Trd, 4317862.693, 87
Trd, 4317862.993, 93
Trd, 4317864.193, 86
Trd, 4317866.043, 104
Trd, 4317866.643, 101
Trd, 4317867.593, 93
Trd, 4317868.943, 92
Trd, 4317871.493, 93
Trd, 4317871.593, 70
Trd, 4317872.093, 105
Trd, 4317873.293, 90
Trd, 4317875.693, 92
Trd, 4317876.393, 92
Trd, 4317879.043, 94
Trd, 4317880.143, 92
Trd, 4317880.493, 95
Trd, 4317882.193, 91
Trd, 4317882.793, 104
Trd, 4317883.443, 97
Trd, 4317886.443, 96
Trd, 4317887.843, 95
Trd, 4317890.643, 95
Trd, 4317890.743, 100
Trd, 4317890.793, 95
Trd, 4317891.093, 115
Trd, 4317893.443, 94
Trd, 4317893.743, 101
Trd, 4317893.843, 94
Trd, 4317895.943, 93
Trd, 4317897.993, 93
Trd, 4317898.493, 101
Trd, 4317899.793, 93
Trd, 4317902.043, 102
Trd, 4317904.393, 94
Trd, 4317905.793, 94
Trd, 4317909.293, 93
Trd, 4317910.093, 92
Trd, 4317910.943, 91
Trd, 4317911.943, 98
Trd, 4317912.243, 91
Trd, 4317913.393, 98
Trd, 4317914.543, 90
Trd, 4317915.193, 82
Trd, 4317915.593, 87
Trd, 4317917.493, 79
Trd, 4317917.743, 105
Trd, 4317918.543, 104
Trd, 4317918.993, 76
Trd, 4317922.693, 85
Trd, 4317925.393, 86
Trd, 4317925.493, 86
Trd, 4317927.143, 96
Trd, 4317929.843, 87
Trd, 4317929.993, 95
Trd, 4317930.243, 104
Trd, 4317931.493, 102
Trd, 4317933.043, 94
Trd, 4317934.043, 94
Trd, 4317934.593, 94
Trd, 4317935.043, 94
Trd, 4317936.693, 102
Trd, 4317937.143, 93
Trd, 4317937.793, 104
Trd, 4317938.193, 93
Trd, 4317941.843, 95
Trd, 4317942.643, 94
Trd, 4317943.493, 98
Trd, 4317946.343, 97
Trd, 4317947.293, 94
Trd, 4317947.643, 94
Trd, 4317949.593, 96
Trd, 4317950.843, 93
Trd, 4317951.093, 93
Trd, 4317951.493, 93
Trd, 4317954.493, 92
Trd, 4317956.093, 92
Trd, 4317956.693, 96
Trd, 4317957.093, 91
Trd, 4317959.793, 90
Trd, 4317961.793, 96
Trd, 4317962.993, 91
Trd, 4317964.893, 91
Trd, 4317965.543, 95
Trd, 4317966.243, 90
Trd, 4317966.393, 94
Trd, 4317968.443, 90
Trd, 4317968.593, 89
Trd, 4317969.493, 100
Trd, 4317973.843, 92
Trd, 4317973.993, 97
Trd, 4317975.143, 91
Trd, 4317976.593, 91
Trd, 4317976.893, 96
Trd, 4317981.143, 90
Trd, 4317981.593, 90
Trd, 4317984.343, 89
Trd, 4317985.193, 95
Trd, 4317986.243, 88
Trd, 4317986.443, 87
Trd, 4317986.593, 74
Trd, 4317986.843, 95
Trd, 4317988.193, 84
Trd, 4317990.393, 84
Trd, 4317991.143, 93
Trd, 4317994.493, 83
Trd, 4317994.693, 83
Trd, 4317997.993, 82
Trd, 4317998.443, 92
Trd, 4317998.993, 84
Trd, 4317999.993, 100
Trd, 4318000.843, 89
Trd, 4318001.193, 99
Trd, 4318004.193, 88
Trd, 4318004.493, 98
Trd, 4318006.343, 88
Trd, 4318006.393, 87
Trd, 4318008.793, 98
Trd, 4318009.493, 89
Trd, 4318011.993, 89
Trd, 4318012.193, 88
Trd, 4318012.443, 88
Trd, 4318015.143, 77
Trd, 4318017.943, 95
Trd, 4318018.943, 86
Trd, 4318019.693, 85
Trd, 4318020.393, 85
Trd, 4318023.593, 93
Trd, 4318025.743, 87
Trd, 4318026.443, 86
Trd, 4318027.243, 86
Trd, 4318027.793, 91
Trd, 4318028.293, 85
Trd, 4318028.393, 85
Trd, 4318031.793, 85
Trd, 4318032.493, 84
Trd, 4318034.143, 84
Trd, 4318036.893, 89
Trd, 4318037.243, 84
Trd, 4318038.093, 83
Trd, 4318041.793, 83
Trd, 4318042.593, 87
Trd, 4318044.193, 82
Trd, 4318044.443, 82
Trd, 4318047.543, 96
Trd, 4318049.843, 89
Trd, 4318050.343, 91
Trd, 4318051.243, 91
Trd, 4318053.593, 90
Trd, 4318053.843, 90
Trd, 4318056.543, 89
Trd, 4318057.593, 91
Trd, 4318058.293, 95
Trd, 4318059.543, 93
Trd, 4318060.943, 88
Trd, 4318061.643, 95
Trd, 4318063.393, 87
Trd, 4318064.293, 87
Trd, 4318064.443, 86
Trd, 4318068.093, 91
Trd, 4318068.893, 93
Trd, 4318068.943, 88
Trd, 4318071.443, 89
Trd, 4318071.643, 88
Trd, 4318074.393, 90
Trd, 4318075.493, 95
Trd, 4318076.793, 88
Trd, 4318078.543, 87
Trd, 4318078.993, 92
Trd, 4318079.393, 87
Trd, 4318080.643, 104
Trd, 4318081.143, 86
Trd, 4318082.593, 85
Trd, 4318087.443, 86
Trd, 4318088.043, 86
Trd, 4318088.093, 100
Trd, 4318089.293, 97
Trd, 4318089.343, 85
Trd, 4318090.093, 85
Trd, 4318090.443, 67
Trd, 4318093.493, 84
Trd, 4318093.743, 85
Trd, 4318097.143, 84
Trd, 4318097.243, 86
Trd, 4318100.543, 86
Trd, 4318101.143, 84
Trd, 4318103.193, 98
Trd, 4318103.693, 83
Trd, 4318104.093, 83
Trd, 4318107.293, 90
Trd, 4318107.793, 91
Trd, 4318108.143, 98
Trd, 4318111.293, 105
Trd, 4318112.343, 94
Trd, 4318115.193, 93
Trd, 4318115.343, 92
Trd, 4318115.793, 99
Trd, 4318117.543, 92
Trd, 4318118.193, 91
Trd, 4318119.343, 90
Trd, 4318120.793, 90
Trd, 4318123.993, 89
Trd, 4318124.293, 71
Trd, 4318124.393, 97
Trd, 4318125.493, 85
Trd, 4318126.593, 98
Trd, 4318128.093, 88
Trd, 4318128.893, 88
Trd, 4318130.193, 98
Trd, 4318131.743, 89
Trd, 4318132.043, 89
Trd, 4318132.193, 89
Trd, 4318134.893, 90
Trd, 4318135.043, 88
Trd, 4318135.943, 92
Trd, 4318136.143, 97
Trd, 4318139.993, 89
Trd, 4318141.893, 97
Trd, 4318142.843, 88
Trd, 4318143.543, 87
Trd, 4318144.543, 86
Trd, 4318145.893, 88
Trd, 4318147.793, 87
Trd, 4318149.743, 114
Trd, 4318150.243, 86
Trd, 4318150.543, 122
Trd, 4318151.193, 95
Trd, 4318152.843, 92
Trd, 4318154.293, 97
Trd, 4318156.893, 96
Trd, 4318157.393, 98
Trd, 4318158.943, 117
Trd, 4318159.843, 103
Trd, 4318160.943, 103
Trd, 4318162.593, 102
Trd, 4318163.293, 94
Trd, 4318164.893, 104
Trd, 4318165.793, 100
Trd, 4318166.643, 100
Trd, 4318166.843, 103
Trd, 4318168.243, 99
Trd, 4318170.343, 98
Trd, 4318172.593, 102
Trd, 4318173.843, 97
Trd, 4318174.793, 96
Trd, 4318176.093, 94
Trd, 4318176.293, 98
Trd, 4318176.493, 95
Trd, 4318178.793, 81
Trd, 4318179.143, 91
Trd, 4318180.243, 94
Trd, 4318181.543, 79
Trd, 4318183.943, 90
Trd, 4318184.093, 76
Trd, 4318184.293, 99
Trd, 4318186.893, 88
Trd, 4318189.543, 88
Trd, 4318190.143, 92
Trd, 4318191.543, 98
Trd, 4318194.393, 90
Trd, 4318194.593, 90
Trd, 4318195.093, 90
Trd, 4318195.443, 89
Trd, 4318200.243, 90
Trd, 4318201.143, 94
Trd, 4318201.493, 95
Trd, 4318202.193, 89
Trd, 4318203.493, 90
Trd, 4318203.943, 90
Trd, 4318207.893, 90
Trd, 4318208.343, 95
Trd, 4318209.393, 90
Trd, 4318210.743, 90
Trd, 4318212.393, 90
Trd, 4318214.243, 89
Trd, 4318214.843, 96
Trd, 4318216.243, 88
Trd, 4318219.393, 91
Trd, 4318220.193, 96
Trd, 4318220.243, 90
Trd, 4318220.643, 89
Trd, 4318221.293, 88
Trd, 4318222.693, 92
Trd, 4318224.643, 123
Trd, 4318224.943, 89
Trd, 4318225.743, 101
Trd, 4318228.193, 93
Trd, 4318228.693, 100
Trd, 4318230.143, 96
Trd, 4318230.943, 92
Trd, 4318231.493, 87
Trd, 4318232.243, 90
Trd, 4318234.093, 97
Trd, 4318234.443, 89
Trd, 4318235.643, 76
Trd, 4318237.693, 91
Trd, 4318239.693, 96
Trd, 4318239.893, 104
Trd, 4318241.293, 96
Trd, 4318242.993, 97
Trd, 4318244.693, 95
Trd, 4318244.793, 97
Trd, 4318245.893, 95
Trd, 4318246.843, 94
Trd, 4318248.043, 94
Trd, 4318248.093, 97
Trd, 4318248.893, 94
Trd, 4318253.993, 93
Trd, 4318254.493, 95
Trd, 4318254.643, 93
Trd, 4318260.643, 92
Trd, 4318261.043, 92
Trd, 4318261.443, 92
Trd, 4318261.643, 96
Trd, 4318262.043, 117
Trd, 4318262.193, 98
Trd, 4318264.393, 99
Trd, 4318265.093, 102
Trd, 4318267.693, 122
Trd, 4318268.243, 109
Trd, 4318268.793, 109
Trd, 4318269.093, 109
Trd, 4318272.893, 110
Trd, 4318273.143, 113
Trd, 4318273.543, 109
Trd, 4318276.393, 108
Trd, 4318276.943, 93
Trd, 4318277.293, 114
Trd, 4318278.893, 106
Trd, 4318280.193, 83
Trd, 4318280.343, 74
Trd, 4318281.193, 98
Trd, 4318281.943, 95
Trd, 4318282.043, 82
Trd, 4318282.243, 91
Trd, 4318285.393, 81
Trd, 4318285.693, 81
Trd, 4318287.143, 94
Trd, 4318289.193, 91
Trd, 4318290.193, 92
Trd, 4318290.893, 90
Trd, 4318291.093, 97
Trd, 4318294.593, 90
Trd, 4318294.893, 96
Trd, 4318297.443, 89
Trd, 4318301.093, 88
Trd, 4318301.493, 87
Trd, 4318302.843, 87
Trd, 4318303.443, 86
Trd, 4318303.643, 92
Trd, 4318305.343, 95
Trd, 4318305.893, 87
Trd, 4318306.293, 105
Trd, 4318307.143, 88
Trd, 4318308.743, 90
Trd, 4318310.293, 88
Trd, 4318310.343, 95
Trd, 4318314.743, 89
Trd, 4318317.193, 89
Trd, 4318317.643, 96
Trd, 4318317.843, 88
Trd, 4318318.443, 88
Trd, 4318318.593, 88
Trd, 4318320.643, 87
Trd, 4318321.093, 96
Trd, 4318323.743, 89
Trd, 4318324.293, 87
Trd, 4318327.243, 86
Trd, 4318328.493, 86
Trd, 4318329.043, 85
Trd, 4318329.593, 96
Trd, 4318331.793, 85
Trd, 4318333.343, 90
Trd, 4318333.593, 84
Trd, 4318335.543, 91
Trd, 4318337.443, 83
Trd, 4318338.193, 83
Trd, 4318341.443, 87
Trd, 4318342.543, 88
Trd, 4318342.793, 85
Trd, 4318342.993, 85
Trd, 4318344.843, 97
Trd, 4318345.443, 87
Trd, 4318346.143, 85
Trd, 4318346.593, 84
Trd, 4318349.843, 86
Trd, 4318352.643, 85
Trd, 4318353.193, 85
Trd, 4318354.143, 90
Trd, 4318355.493, 86
Trd, 4318357.993, 85
Trd, 4318360.843, 90
Trd, 4318360.993, 85
Trd, 4318361.643, 89
Trd, 4318362.643, 85
Trd, 4318364.893, 84
Trd, 4318366.193, 84
Trd, 4318366.393, 97
Trd, 4318368.593, 92
Trd, 4318369.943, 83
Trd, 4318371.793, 89
Trd, 4318373.343, 98
Trd, 4318374.493, 87
Trd, 4318377.043, 87
Trd, 4318378.293, 86
Trd, 4318379.343, 85
Trd, 4318381.543, 91
Trd, 4318382.493, 85
Trd, 4318384.543, 91
Trd, 4318385.693, 85
Trd, 4318386.743, 91
Trd, 4318387.993, 92
Trd, 4318388.793, 87
Trd, 4318391.793, 86
Trd, 4318392.443, 93
Trd, 4318392.543, 86
Trd, 4318393.043, 95
Trd, 4318396.643, 90
Trd, 4318397.493, 93
Trd, 4318397.543, 89
Trd, 4318400.443, 90
Trd, 4318400.993, 90
Trd, 4318401.243, 90
Trd, 4318401.343, 93
Trd, 4318404.493, 89
Trd, 4318406.143, 93
Trd, 4318407.493, 89
Trd, 4318409.993, 88
Trd, 4318412.393, 88
Trd, 4318413.943, 93
Trd, 4318414.793, 87
Trd, 4318414.993, 88
Trd, 4318416.793, 86
Trd, 4318418.093, 95
Trd, 4318419.943, 91
Trd, 4318421.443, 87
Trd, 4318422.743, 86
Trd, 4318424.643, 85
Trd, 4318424.993, 91
Trd, 4318427.793, 85
Trd, 4318429.593, 85
Trd, 4318429.743, 84
Trd, 4318430.693, 91
Trd, 4318432.843, 84
Trd, 4318435.643, 91
Trd, 4318435.743, 83
Trd, 4318436.393, 97
Trd, 4318438.193, 85
Trd, 4318439.643, 87
Trd, 4318440.043, 87
Trd, 4318442.593, 91
Trd, 4318443.593, 87
Trd, 4318445.093, 86
Trd, 4318445.643, 86
Trd, 4318449.993, 85
Trd, 4318450.393, 91
Trd, 4318453.193, 84
Trd, 4318453.243, 104
Trd, 4318455.493, 83
Trd, 4318456.693, 83
Trd, 4318457.943, 82
Trd, 4318457.993, 93
Trd, 4318459.743, 82
Trd, 4318461.243, 81
Trd, 4318463.143, 95
Trd, 4318464.893, 84
Trd, 4318466.793, 95
Trd, 4318467.843, 85
Trd, 4318470.443, 93
Trd, 4318470.493, 84
Trd, 4318473.493, 96
Trd, 4318474.093, 83
Trd, 4318475.593, 83
Trd, 4318476.793, 94
Trd, 4318477.443, 83
Trd, 4318477.993, 77
Trd, 4318479.243, 83
Trd, 4318483.793, 83
Trd, 4318484.893, 88
Trd, 4318485.293, 82
Trd, 4318486.493, 82
Trd, 4318488.143, 81
Trd, 4318488.793, 88
Trd, 4318489.943, 82
Trd, 4318491.043, 95
Trd, 4318494.143, 86
Trd, 4318494.293, 90
Trd, 4318495.443, 95
Trd, 4318495.693, 84
Trd, 4318496.443, 84
Trd, 4318498.593, 84
Trd, 4318498.993, 84
Trd, 4318500.543, 95
Trd, 4318500.843, 83
Trd, 4318502.943, 82
Trd, 4318503.493, 94
Trd, 4318503.843, 89
Trd, 4318505.993, 85
Trd, 4318508.743, 86
Trd, 4318510.543, 94
Trd, 4318511.493, 88
Trd, 4318512.993, 88
Trd, 4318513.743, 96
Trd, 4318513.793, 87
Trd, 4318514.743, 86
Trd, 4318516.943, 97
Trd, 4318519.293, 87
Trd, 4318519.943, 97
Trd, 4318520.743, 86
Trd, 4318522.043, 86
Trd, 4318523.193, 87
Trd, 4318523.443, 95
Trd, 4318523.993, 86
Trd, 4318525.943, 95
Trd, 4318527.443, 86
Trd, 4318529.393, 86
Trd, 4318530.493, 85
Trd, 4318530.893, 91
Trd, 4318532.043, 91
Trd, 4318533.643, 96
Trd, 4318535.793, 87
Trd, 4318535.843, 87
Trd, 4318537.143, 88
Trd, 4318538.343, 86
Trd, 4318539.593, 86
Trd, 4318541.343, 85
Trd, 4318541.743, 92
Trd, 4318543.643, 85
Trd, 4318547.293, 92
Trd, 4318548.843, 84
Trd, 4318549.193, 83
Trd, 4318549.243, 96
Trd, 4318549.643, 83
Trd, 4318550.693, 82
Trd, 4318556.243, 85
Trd, 4318556.643, 89
Trd, 4318557.193, 84
Trd, 4318557.593, 83
Trd, 4318558.693, 96
Trd, 4318559.143, 83
Trd, 4318560.993, 84
Trd, 4318562.343, 91
Trd, 4318563.043, 83
Trd, 4318564.043, 88
Trd, 4318566.243, 82
Trd, 4318567.393, 89
Trd, 4318567.893, 82
Trd, 4318571.293, 81
Trd, 4318572.593, 89
Trd, 4318573.193, 80
Trd, 4318574.243, 80
Trd, 4318577.343, 97
Trd, 4318577.643, 84
Trd, 4318581.243, 83
Trd, 4318581.643, 92
Trd, 4318582.643, 82
Trd, 4318583.493, 82
Trd, 4318584.293, 81
Trd, 4318585.593, 80
Trd, 4318586.443, 80
Trd, 4318587.043, 97
Trd, 4318589.693, 104
Trd, 4318592.293, 90
Trd, 4318592.943, 90
Trd, 4318593.543, 94
Trd, 4318593.843, 89
Trd, 4318594.643, 89
Trd, 4318595.693, 95
Trd, 4318599.643, 90
Trd, 4318601.443, 89
Trd, 4318601.643, 95
Trd, 4318603.793, 89
Trd, 4318604.943, 88
Trd, 4318606.093, 90
Trd, 4318607.293, 91
Trd, 4318608.943, 88
Trd, 4318610.443, 90
Trd, 4318610.593, 87
Trd, 4318613.193, 87
Trd, 4318613.393, 88
Trd, 4318614.793, 96
Trd, 4318615.343, 106
Trd, 4318616.043, 92
Trd, 4318616.893, 87
Trd, 4318617.093, 90
Trd, 4318620.593, 91
Trd, 4318621.043, 91
Trd, 4318622.293, 100
Trd, 4318624.093, 90
Trd, 4318625.893, 90
Trd, 4318626.143, 97
Trd, 4318626.343, 98
Trd, 4318628.393, 89
Trd, 4318631.043, 95
Trd, 4318632.593, 88
Trd, 4318632.643, 88
Trd, 4318634.193, 92
Trd, 4318635.243, 89
Trd, 4318635.493, 88
Trd, 4318638.743, 93
Trd, 4318640.293, 88
Trd, 4318640.893, 88
Trd, 4318641.793, 96
Trd, 4318641.893, 87
Trd, 4318643.693, 87
Trd, 4318645.493, 95
Trd, 4318649.143, 88
Trd, 4318649.293, 88
Trd, 4318650.843, 95
Trd, 4318651.893, 88
Trd, 4318652.693, 89
Trd, 4318654.143, 111
Trd, 4318655.393, 97
Trd, 4318655.543, 104
Trd, 4318657.243, 103
Trd, 4318658.343, 98
Trd, 4318661.643, 98
Trd, 4318662.893, 97
Trd, 4318665.343, 102
Trd, 4318665.393, 94
Trd, 4318667.943, 96
Trd, 4318669.693, 95
Trd, 4318670.643, 102
Trd, 4318673.293, 98
Trd, 4318673.543, 103
Trd, 4318674.943, 97
Trd, 4318677.593, 96
Trd, 4318679.543, 96
Trd, 4318681.693, 101
Trd, 4318683.593, 95
Trd, 4318683.993, 95
Trd, 4318684.643, 94
Trd, 4318686.543, 94
Trd, 4318687.043, 99
Trd, 4318688.193, 93
Trd, 4318689.443, 92
Trd, 4318690.393, 96
Trd, 4318692.593, 91
Trd, 4318692.943, 91
Trd, 4318693.393, 91
Trd, 4318693.993, 95
Trd, 4318696.493, 90
Trd, 4318697.643, 95
Trd, 4318699.993, 95
Trd, 4318700.743, 90
Trd, 4318701.343, 90
Trd, 4318703.743, 94
Trd, 4318704.043, 89
Trd, 4318704.443, 89
Trd, 4318704.893, 89
Trd, 4318706.993, 88
Trd, 4318707.593, 94
Trd, 4318708.343, 87
Trd, 4318709.193, 87
Trd, 4318713.743, 86
Trd, 4318714.243, 85
Trd, 4318714.343, 85
Trd, 4318714.393, 94
Trd, 4318718.193, 84
Trd, 4318719.593, 94
Trd, 4318720.443, 84
Trd, 4318721.093, 84
Trd, 4318723.843, 83
Trd, 4318724.593, 95
Trd, 4318725.343, 84
Trd, 4318726.543, 84
Trd, 4318730.443, 84
Trd, 4318732.893, 83
Trd, 4318733.593, 95
Trd, 4318734.643, 83
Trd, 4318737.943, 82
Trd, 4318737.993, 90
Trd, 4318739.093, 82
Trd, 4318743.843, 82
Trd, 4318744.193, 81
Trd, 4318745.393, 81
Trd, 4318746.893, 87
Trd, 4318748.243, 95
Trd, 4318748.343, 80
Trd, 4318751.243, 82
Trd, 4318751.543, 80
Trd, 4318752.693, 87
Trd, 4318754.593, 79
Trd, 4318754.893, 79
Trd, 4318755.793, 78
Trd, 4318756.493, 94
Trd, 4318758.643, 96
Trd, 4318760.643, 87
Trd, 4318760.893, 87
Trd, 4318761.743, 96
Trd, 4318762.543, 86
Trd, 4318763.493, 85
Trd, 4318765.243, 104
Trd, 4318766.393, 86
Trd, 4318766.643, 84
Trd, 4318768.443, 95
Trd, 4318769.893, 84
Trd, 4318771.243, 84
Trd, 4318771.593, 90
Trd, 4318773.443, 83
Trd, 4318774.593, 82
Trd, 4318776.993, 83
Trd, 4318777.143, 92
Trd, 4318780.993, 92
Trd, 4318781.443, 90
Trd, 4318782.193, 89
Trd, 4318783.493, 96
Trd, 4318783.593, 89
Trd, 4318785.293, 104
Trd, 4318786.643, 88
Trd, 4318787.193, 88
Trd, 4318788.543, 94
Trd, 4318790.793, 90
Trd, 4318793.143, 97
Trd, 4318793.493, 89
Trd, 4318794.743, 97
Trd, 4318795.593, 96
Trd, 4318796.743, 92
Trd, 4318798.243, 97
Trd, 4318798.843, 91
Trd, 4318801.193, 90
Trd, 4318801.943, 89
Trd, 4318803.143, 90
Trd, 4318804.243, 104
Trd, 4318806.143, 90
Trd, 4318807.443, 89
Trd, 4318808.943, 89
Trd, 4318809.693, 97
Trd, 4318810.043, 89
Trd, 4318811.393, 88
Trd, 4318812.643, 97
Trd, 4318813.793, 87
Trd, 4318814.393, 86
Trd, 4318814.793, 98
Trd, 4318817.243, 92
Trd, 4318818.293, 98
Trd, 4318819.693, 98
Trd, 4318821.793, 93
Trd, 4318822.243, 93
Trd, 4318822.943, 93
Trd, 4318823.043, 104
Trd, 4318826.693, 92
Trd, 4318827.343, 92
Trd, 4318828.493, 97
Trd, 4318832.243, 91
Trd, 4318833.043, 91
Trd, 4318834.243, 91
Trd, 4318835.493, 96
Trd, 4318835.793, 90
Trd, 4318836.893, 89
Trd, 4318838.343, 88
Trd, 4318839.793, 88
Trd, 4318840.843, 87
Trd, 4318843.193, 96
Trd, 4318845.993, 96
Trd, 4318846.943, 87
Trd, 4318848.243, 95
Trd, 4318848.843, 86
Trd, 4318850.693, 86
Trd, 4318850.893, 85
Trd, 4318853.643, 95
Trd, 4318855.393, 92
Trd, 4318855.993, 90
Trd, 4318857.743, 90
Trd, 4318858.693, 95
Trd, 4318858.793, 97
Trd, 4318860.243, 89
Trd, 4318861.643, 96
Trd, 4318861.743, 89
Trd, 4318862.193, 88
Trd, 4318866.793, 96
Trd, 4318868.393, 90
Trd, 4318869.093, 90
Trd, 4318869.193, 96
Trd, 4318869.343, 89
Trd, 4318869.793, 80
Trd, 4318871.993, 88
Trd, 4318872.643, 88
Trd, 4318874.743, 87
Trd, 4318874.843, 87
Trd, 4318877.093, 88
Trd, 4318877.843, 101
Trd, 4318878.693, 92
Trd, 4318880.893, 98
Trd, 4318881.343, 94
Trd, 4318881.643, 94
Trd, 4318883.193, 93
Trd, 4318883.593, 105
Trd, 4318884.293, 93
Trd, 4318886.393, 114
Trd, 4318886.493, 95
Trd, 4318887.143, 103
Trd, 4318887.393, 100
Trd, 4318887.793, 94
Trd, 4318890.493, 84
Trd, 4318892.793, 75
Trd, 4318894.043, 89
Trd, 4318896.793, 95
Trd, 4318897.593, 94
Trd, 4318898.493, 95
Trd, 4318899.043, 108
Trd, 4318899.643, 94
Trd, 4318901.243, 94
Trd, 4318902.343, 93
Trd, 4318902.543, 93
Trd, 4318904.243, 97
Trd, 4318905.593, 92
Trd, 4318906.843, 97
Trd, 4318907.243, 78
Trd, 4318908.293, 89
Trd, 4318909.793, 104
Trd, 4318911.443, 94
Trd, 4318913.393, 94
Trd, 4318914.143, 96
Trd, 4318916.143, 94
Trd, 4318917.443, 94
Trd, 4318918.193, 96
Trd, 4318919.593, 93
Trd, 4318920.943, 98
Trd, 4318923.293, 93
Trd, 4318924.443, 92
Trd, 4318925.443, 92
Trd, 4318925.593, 97
Trd, 4318926.093, 91
Trd, 4318928.093, 95
Trd, 4318928.693, 91
Trd, 4318930.443, 90
Trd, 4318931.493, 90
Trd, 4318931.993, 89
Trd, 4318935.143, 95
Trd, 4318936.293, 91
Trd, 4318938.193, 91
Trd, 4318938.843, 90
Trd, 4318939.693, 95
Trd, 4318940.793, 90
Trd, 4318941.043, 95
Trd, 4318942.843, 105
Trd, 4318944.193, 89
Trd, 4318945.193, 88
Trd, 4318946.843, 89
Trd, 4318947.343, 95
Trd, 4318951.893, 96
Trd, 4318952.093, 90
Trd, 4318952.943, 91
Trd, 4318955.893, 96
Trd, 4318956.193, 97
Trd, 4318956.243, 90
Trd, 4318958.443, 91
Trd, 4318959.443, 91
Trd, 4318961.293, 90
Trd, 4318962.993, 96
Trd, 4318963.643, 89
Trd, 4318964.443, 96
Trd, 4318964.993, 89
Trd, 4318967.643, 90
Trd, 4318967.843, 90
Trd, 4318969.193, 110
Trd, 4318970.493, 99
Trd, 4318971.143, 103
Trd, 4318971.643, 98
Trd, 4318973.193, 94
Trd, 4318974.143, 95
Trd, 4318975.093, 95
Trd, 4318975.643, 95
Trd, 4318976.693, 95
Trd, 4318978.043, 94
Trd, 4318978.993, 94
Trd, 4318979.993, 104
Trd, 4318980.293, 71
Trd, 4318984.043, 101
Trd, 4318984.493, 89
Trd, 4318984.593, 89
Trd, 4318985.243, 88
Trd, 4318986.443, 87
Trd, 4318988.243, 71
Trd, 4318989.243, 90
Trd, 4318990.343, 85
Trd, 4318993.643, 95
Trd, 4318993.843, 84
Trd, 4318994.993, 83
Trd, 4318997.793, 84
Trd, 4318998.043, 83
Trd, 4318999.743, 92
Trd, 4318999.893, 83
Trd, 4319002.693, 83
Trd, 4319003.993, 82
Trd, 4319005.193, 82
Trd, 4319005.743, 95
Trd, 4319007.743, 82
Trd, 4319008.543, 96
Trd, 4319009.243, 94
Trd, 4319009.793, 86
Trd, 4319011.593, 85
Trd, 4319012.393, 96
Trd, 4319014.493, 96
Trd, 4319015.343, 86
Trd, 4319018.493, 85
Trd, 4319018.743, 85
Trd, 4319020.243, 88
Trd, 4319020.643, 96
Trd, 4319022.043, 87
Trd, 4319023.943, 87
Trd, 4319024.143, 86
Trd, 4319024.843, 96
Trd, 4319025.493, 86
Trd, 4319027.943, 86
Trd, 4319031.793, 85
Trd, 4319032.193, 92
Trd, 4319034.143, 85
Trd, 4319034.693, 92
Trd, 4319034.993, 84
Trd, 4319035.143, 84
Trd, 4319037.543, 95
Trd, 4319038.793, 91
Trd, 4319040.793, 96
Trd, 4319043.193, 88
Trd, 4319044.143, 87
Trd, 4319044.243, 87
Trd, 4319046.993, 95
Trd, 4319048.743, 93
Trd, 4319051.043, 87
Trd, 4319051.243, 86
Trd, 4319054.493, 86
Trd, 4319055.643, 93
Trd, 4319055.743, 95
Trd, 4319056.843, 96
Trd, 4319057.493, 86
Trd, 4319058.493, 85
Trd, 4319060.343, 85
Trd, 4319060.893, 96
Trd, 4319062.593, 84
Trd, 4319064.243, 86
Trd, 4319065.493, 96
Trd, 4319067.543, 94
Trd, 4319068.893, 86
Trd, 4319070.593, 85
Trd, 4319071.143, 100
Trd, 4319071.893, 100
Trd, 4319073.843, 94
Trd, 4319075.543, 99
Trd, 4319077.293, 94
Trd, 4319079.993, 93
Trd, 4319080.693, 98
Trd, 4319080.843, 93
Trd, 4319081.843, 92
Trd, 4319083.593, 92
Trd, 4319084.243, 91
Trd, 4319086.943, 98
Trd, 4319087.193, 91
Trd, 4319090.143, 99
Trd, 4319090.543, 90
Trd, 4319092.493, 94
Trd, 4319092.593, 93
Trd, 4319093.593, 93
Trd, 4319095.193, 99
Trd, 4319096.593, 71
Trd, 4319098.043, 90
Trd, 4319101.143, 90
Trd, 4319101.193, 95
Trd, 4319101.293, 89
Trd, 4319102.293, 89
Trd, 4319103.343, 90
Trd, 4319103.793, 92
Trd, 4319104.143, 92
Trd, 4319105.393, 115
Trd, 4319108.793, 91
Trd, 4319110.993, 96
Trd, 4319111.743, 96
Trd, 4319115.143, 91
Trd, 4319115.543, 109
Trd, 4319117.893, 92
Trd, 4319118.293, 91
Trd, 4319119.743, 90
Trd, 4319120.243, 90
Trd, 4319120.593, 89
Trd, 4319121.043, 98
Trd, 4319124.893, 89
Trd, 4319125.393, 97
Trd, 4319126.643, 89
Trd, 4319131.893, 88
Trd, 4319132.443, 88
Trd, 4319132.943, 95
Trd, 4319136.443, 87
Trd, 4319137.293, 87
Trd, 4319137.493, 95
Trd, 4319138.993, 89
Trd, 4319139.743, 96
Trd, 4319141.643, 89
Trd, 4319143.343, 88
Trd, 4319144.993, 87
Trd, 4319147.843, 95
Trd, 4319147.893, 96
Trd, 4319148.093, 87
Trd, 4319148.943, 90
Trd, 4319149.293, 91
Trd, 4319150.993, 93
Trd, 4319152.143, 93
Trd, 4319153.193, 109
Trd, 4319155.993, 99
Trd, 4319156.143, 94
Trd, 4319157.443, 93
Trd, 4319159.793, 99
Trd, 4319159.943, 104
Trd, 4319161.493, 100
Trd, 4319162.693, 92
Trd, 4319162.993, 93
Trd, 4319167.043, 99
Trd, 4319168.193, 92
Trd, 4319169.493, 92
Trd, 4319169.643, 91
Trd, 4319171.393, 95
Trd, 4319171.793, 111
Trd, 4319173.393, 99
Trd, 4319174.593, 97
Trd, 4319175.693, 115
Trd, 4319176.593, 96
Trd, 4319177.543, 95
Trd, 4319179.043, 97
Trd, 4319180.193, 95
Trd, 4319181.443, 99
Trd, 4319182.893, 95
Trd, 4319187.143, 94
Trd, 4319187.843, 94
Trd, 4319189.243, 93
Trd, 4319189.893, 97
Trd, 4319191.493, 93
Trd, 4319192.293, 92
Trd, 4319193.893, 81
Trd, 4319194.193, 97
Trd, 4319198.143, 90
Trd, 4319198.343, 90
Trd, 4319201.793, 91
Trd, 4319202.393, 89
Trd, 4319202.793, 70
Trd, 4319203.593, 86
Trd, 4319206.693, 106
Trd, 4319207.793, 89
Trd, 4319209.143, 89
Trd, 4319210.293, 88
Trd, 4319211.493, 88
Trd, 4319213.543, 91
Trd, 4319213.643, 87
Trd, 4319219.143, 87
Trd, 4319219.993, 90
Trd, 4319220.293, 95
Trd, 4319221.143, 89
Trd, 4319222.043, 88
Trd, 4319223.493, 77
Trd, 4319225.293, 89
Trd, 4319225.593, 85
Trd, 4319226.593, 95
Trd, 4319228.843, 104
Trd, 4319229.243, 97
Trd, 4319229.843, 98
Trd, 4319233.193, 100
Trd, 4319234.643, 97
Trd, 4319234.993, 97
Trd, 4319235.243, 97
Trd, 4319236.593, 99
Trd, 4319239.243, 96
Trd, 4319239.443, 94
Trd, 4319241.293, 100
Trd, 4319242.993, 94
Trd, 4319244.293, 95
Trd, 4319244.393, 94
Trd, 4319246.743, 94
Trd, 4319247.443, 98
Trd, 4319249.243, 93
Trd, 4319249.543, 97
Trd, 4319252.443, 92
Trd, 4319253.543, 98
Trd, 4319255.693, 98
Trd, 4319256.393, 99
Trd, 4319257.043, 92
Trd, 4319257.743, 91
Trd, 4319259.943, 91
Trd, 4319261.143, 91
Trd, 4319261.693, 98
Trd, 4319265.343, 90
Trd, 4319266.143, 90
Trd, 4319267.893, 89
Trd, 4319271.143, 88
Trd, 4319271.743, 95
Trd, 4319272.443, 89
Trd, 4319272.893, 95
Trd, 4319273.243, 89
Trd, 4319273.343, 88
Trd, 4319277.343, 89
Trd, 4319279.843, 88
Trd, 4319280.743, 88
Trd, 4319282.243, 91
Trd, 4319283.643, 95
Trd, 4319284.293, 104
Trd, 4319287.643, 92
Trd, 4319288.243, 92
Trd, 4319288.693, 91
Trd, 4319288.743, 91
Trd, 4319291.193, 93
Trd, 4319293.493, 90
Trd, 4319294.393, 93
Trd, 4319294.493, 89
Trd, 4319295.643, 89
Trd, 4319298.793, 89
Trd, 4319298.893, 88
Trd, 4319301.093, 105
Trd, 4319302.043, 88
Trd, 4319302.843, 100
Trd, 4319303.343, 98
Trd, 4319304.943, 98
Trd, 4319305.843, 91
Trd, 4319307.393, 90
Trd, 4319309.793, 93
Trd, 4319311.543, 89
Trd, 4319312.043, 89
Trd, 4319314.243, 88
Trd, 4319315.743, 88
Trd, 4319317.893, 87
Trd, 4319318.193, 87
Trd, 4319318.993, 92
Trd, 4319323.043, 87
Trd, 4319323.393, 86
Trd, 4319323.743, 92
Trd, 4319325.943, 124
Trd, 4319326.193, 86
Trd, 4319328.793, 98
Trd, 4319329.593, 97
Trd, 4319329.643, 91
Trd, 4319330.493, 90
Trd, 4319331.243, 90
Trd, 4319334.743, 96
Trd, 4319335.293, 89
Trd, 4319335.943, 89
Trd, 4319336.643, 88
Trd, 4319338.243, 96
Trd, 4319340.043, 90
Trd, 4319342.343, 94
Trd, 4319343.393, 90
Trd, 4319343.493, 89
Trd, 4319344.943, 91
Trd, 4319345.593, 95
Trd, 4319346.893, 91
Trd, 4319350.443, 91
Trd, 4319353.993, 95
Trd, 4319355.593, 90
Trd, 4319355.743, 95
Trd, 4319356.543, 90
Trd, 4319359.993, 96
Trd, 4319361.043, 89
Trd, 4319361.743, 89
Trd, 4319363.893, 88
Trd, 4319365.093, 92
Trd, 4319365.593, 90
Trd, 4319365.843, 97
Trd, 4319369.143, 89
Trd, 4319369.893, 89
Trd, 4319370.643, 97
Trd, 4319373.243, 91
Trd, 4319374.593, 97
Trd, 4319374.943, 91
Trd, 4319380.593, 91
Trd, 4319381.943, 94
Trd, 4319383.643, 95
Trd, 4319384.043, 90
Trd, 4319386.343, 89
Trd, 4319387.043, 89
Trd, 4319387.893, 91
Trd, 4319388.293, 88
Trd, 4319388.843, 88
Trd, 4319389.693, 88
Trd, 4319393.593, 95
Trd, 4319395.043, 89
Trd, 4319395.643, 103
Trd, 4319398.443, 88
Trd, 4319399.143, 88
Trd, 4319399.193, 96
Trd, 4319400.793, 96
Trd, 4319401.793, 88
Trd, 4319402.343, 95
Trd, 4319403.543, 87
Trd, 4319404.193, 87
Trd, 4319405.143, 86
Trd, 4319405.193, 86
Trd, 4319408.743, 96
Trd, 4319410.643, 104
Trd, 4319413.393, 88
Trd, 4319413.693, 96
Trd, 4319415.043, 87
Trd, 4319415.393, 87
Trd, 4319415.743, 87
Trd, 4319418.243, 96
Trd, 4319418.893, 87
Trd, 4319419.493, 86
Trd, 4319419.793, 96
Trd, 4319421.293, 86
Trd, 4319422.493, 87
Trd, 4319425.943, 75
Trd, 4319426.043, 93
Trd, 4319426.793, 97
Trd, 4319428.293, 87
Trd, 4319428.743, 88
Trd, 4319429.843, 87
Trd, 4319432.043, 87
Trd, 4319432.593, 95
Trd, 4319433.593, 86
Trd, 4319438.293, 95
Trd, 4319439.443, 90
Trd, 4319439.593, 90
Trd, 4319442.493, 94
Trd, 4319442.643, 90
Trd, 4319443.993, 90
Trd, 4319444.643, 95
Trd, 4319445.693, 89
Trd, 4319446.593, 89
Trd, 4319446.893, 95
Trd, 4319449.693, 88
Trd, 4319452.443, 95
Trd, 4319452.693, 96
Trd, 4319455.143, 89
Trd, 4319458.693, 90
Trd, 4319459.043, 89
Trd, 4319459.443, 89
Trd, 4319461.343, 96
Trd, 4319461.993, 95
Trd, 4319465.593, 97
Trd, 4319465.993, 88
Trd, 4319466.593, 88
Trd, 4319468.193, 94
Trd, 4319470.993, 97
Trd, 4319471.143, 87
Trd, 4319471.243, 87
Trd, 4319473.593, 86
Trd, 4319474.193, 96
Trd, 4319476.743, 90
Trd, 4319479.343, 89
Trd, 4319479.643, 89
Trd, 4319481.793, 89
Trd, 4319482.343, 88
Trd, 4319484.693, 90
Trd, 4319484.893, 94
Trd, 4319487.243, 88
Trd, 4319487.343, 95
Trd, 4319488.043, 88
Trd, 4319490.543, 87
Trd, 4319492.393, 94
Trd, 4319492.743, 96
Trd, 4319495.043, 87
Trd, 4319495.543, 87
Trd, 4319496.243, 86
Trd, 4319497.093, 95
Trd, 4319500.443, 86
Trd, 4319501.093, 86
Trd, 4319502.443, 85
Trd, 4319504.093, 85
Trd, 4319505.393, 93
Trd, 4319506.243, 84
Trd, 4319508.793, 104
Trd, 4319509.243, 84
Trd, 4319512.343, 83
Trd, 4319512.793, 97
Trd, 4319514.043, 83
Trd, 4319518.193, 82
Trd, 4319518.243, 82
Trd, 4319520.543, 92
Trd, 4319525.843, 84
Trd, 4319526.143, 89
Trd, 4319526.793, 89
Trd, 4319527.493, 97
Trd, 4319529.393, 83
Trd, 4319533.793, 92
Trd, 4319534.293, 84
Trd, 4319534.743, 84
Trd, 4319537.693, 93
Trd, 4319538.093, 84
Trd, 4319540.243, 83
Trd, 4319540.543, 96
Trd, 4319540.893, 104
Trd, 4319544.343, 83
Trd, 4319544.693, 97
Trd, 4319544.793, 82
Trd, 4319546.543, 82
Trd, 4319546.743, 82
Trd, 4319549.043, 94
Trd, 4319550.343, 77
Trd, 4319550.893, 78
Trd, 4319551.193, 98
Trd, 4319552.143, 104
Trd, 4319552.193, 83
Trd, 4319552.393, 82
Trd, 4319557.993, 84
Trd, 4319558.643, 83
Trd, 4319558.843, 93
Trd, 4319563.793, 93
Trd, 4319564.193, 86
Trd, 4319564.993, 85
Trd, 4319565.743, 84
Trd, 4319569.443, 94
Trd, 4319571.093, 85
Trd, 4319571.393, 97
Trd, 4319571.543, 85
Trd, 4319571.693, 84
Trd, 4319572.793, 83
Trd, 4319575.743, 97
Trd, 4319577.793, 97
Trd, 4319578.843, 86
Trd, 4319579.143, 85
Trd, 4319583.743, 86
Trd, 4319584.193, 86
Trd, 4319586.743, 97
Trd, 4319587.043, 87
Trd, 4319587.143, 98
Trd, 4319588.543, 88
Trd, 4319591.543, 90
Trd, 4319592.093, 95
Trd, 4319594.493, 89
Trd, 4319594.943, 89
Trd, 4319595.343, 95
Trd, 4319595.593, 88
Trd, 4319600.543, 95
Trd, 4319602.043, 92
Trd, 4319603.393, 92
Trd, 4319603.593, 91
Trd, 4319606.693, 90
Trd, 4319607.643, 95
Trd, 4319608.343, 96
Trd, 4319608.843, 91
Trd, 4319610.043, 93
Trd, 4319611.443, 92
Trd, 4319611.943, 92
Trd, 4319613.443, 96
Trd, 4319615.593, 91
Trd, 4319616.743, 91
Trd, 4319617.293, 90
Trd, 4319618.643, 97
Trd, 4319619.043, 82
Trd, 4319619.393, 88
Trd, 4319621.043, 97
Trd, 4319623.543, 87
Trd, 4319627.193, 96
Trd, 4319627.643, 104
Trd, 4319627.843, 86
Trd, 4319628.793, 86
Trd, 4319630.543, 85
Trd, 4319631.243, 97
Trd, 4319631.643, 84
Trd, 4319634.293, 97
Trd, 4319635.443, 88
Trd, 4319637.043, 86
Trd, 4319637.443, 85
Trd, 4319640.093, 102
Trd, 4319640.143, 104
Trd, 4319640.993, 90
Trd, 4319641.193, 89
Trd, 4319641.393, 85
Trd, 4319647.043, 99
Trd, 4319648.943, 91
Trd, 4319648.993, 91
Trd, 4319651.293, 90
Trd, 4319651.693, 94
Trd, 4319653.543, 90
Trd, 4319654.893, 90
Trd, 4319655.643, 95
Trd, 4319656.143, 100
Trd, 4319658.493, 94
Trd, 4319659.743, 93
Trd, 4319659.943, 93
Trd, 4319660.943, 93
Trd, 4319662.543, 95
Trd, 4319663.993, 96
Trd, 4319665.643, 92
Trd, 4319666.093, 104
Trd, 4319666.793, 98
Trd, 4319668.243, 99
Trd, 4319670.343, 94
Trd, 4319670.493, 97
Trd, 4319671.143, 94
Trd, 4319672.393, 95
Trd, 4319674.293, 96
Trd, 4319676.093, 95
Trd, 4319676.493, 94
Trd, 4319677.243, 99
Trd, 4319677.743, 99
Trd, 4319681.393, 94
Trd, 4319682.043, 94
Trd, 4319683.543, 98
Trd, 4319684.993, 93
Trd, 4319685.993, 93
Trd, 4319686.343, 92
Trd, 4319688.043, 98
Trd, 4319689.693, 92
Trd, 4319690.843, 91
Trd, 4319691.293, 97
Trd, 4319693.843, 91
Trd, 4319694.993, 95
Trd, 4319695.893, 90
Trd, 4319697.443, 96
Trd, 4319697.893, 89
Trd, 4319699.943, 88
Trd, 4319702.293, 98
Trd, 4319703.043, 89
Trd, 4319707.043, 88
Trd, 4319709.143, 88
Trd, 4319709.543, 87
Trd, 4319711.143, 97
Trd, 4319711.293, 87
Trd, 4319713.393, 96
Trd, 4319714.093, 87
Trd, 4319716.493, 86
Trd, 4319717.493, 86
Trd, 4319719.143, 85
Trd, 4319720.493, 94
Trd, 4319721.343, 87
Trd, 4319721.743, 96
Trd, 4319724.443, 86
Trd, 4319724.793, 96
Trd, 4319727.243, 87
Trd, 4319728.343, 86
Trd, 4319730.093, 86
Trd, 4319730.893, 85
Trd, 4319731.243, 96
Trd, 4319733.293, 91
Trd, 4319734.343, 85
Trd, 4319735.993, 97
Trd, 4319739.093, 92
Trd, 4319740.393, 91
Trd, 4319741.393, 90
Trd, 4319742.343, 89
Trd, 4319743.143, 74
Trd, 4319746.143, 87
Trd, 4319746.443, 94
Trd, 4319750.943, 86
Trd, 4319751.393, 95
Trd, 4319751.543, 86
Trd, 4319753.393, 119
Trd, 4319754.843, 86
Trd, 4319755.793, 86
Trd, 4319759.243, 88
Trd, 4319759.293, 99
Trd, 4319760.443, 86
Trd, 4319762.793, 86
Trd, 4319764.693, 94
Trd, 4319764.993, 85
Trd, 4319766.243, 85
Trd, 4319767.693, 84
Trd, 4319770.043, 84
Trd, 4319770.143, 95
Trd, 4319770.193, 95
Trd, 4319772.393, 105
Trd, 4319774.343, 83
Trd, 4319774.843, 83
Trd, 4319777.243, 83
Trd, 4319777.993, 82
Trd, 4319779.293, 82
Trd, 4319782.593, 81
Trd, 4319783.093, 100
Trd, 4319785.843, 86
Trd, 4319786.193, 83
Trd, 4319787.243, 89
Trd, 4319787.693, 83
Trd, 4319788.743, 82
Trd, 4319790.193, 77
Trd, 4319790.493, 86
Trd, 4319792.143, 95
Trd, 4319793.643, 85
Trd, 4319794.593, 84
Trd, 4319796.243, 90
Trd, 4319796.593, 105
Trd, 4319798.993, 87
Trd, 4319799.093, 84
Trd, 4319801.643, 101
Trd, 4319801.693, 90
Trd, 4319802.193, 98
Trd, 4319803.443, 91
Trd, 4319805.293, 98
Trd, 4319806.693, 92
Trd, 4319806.943, 91
Trd, 4319810.443, 91
Trd, 4319811.593, 96
Trd, 4319813.993, 92
Trd, 4319814.743, 96
Trd, 4319815.193, 96
Trd, 4319815.943, 91
Trd, 4319816.443, 91
Trd, 4319819.193, 90
Trd, 4319819.693, 95
Trd, 4319822.093, 90
Trd, 4319823.093, 89
Trd, 4319823.143, 89
Trd, 4319827.343, 88
Trd, 4319829.293, 93
Trd, 4319830.793, 87
Trd, 4319831.443, 78
Trd, 4319832.243, 88
Trd, 4319833.043, 85
Trd, 4319833.293, 105
Trd, 4319834.243, 85
Trd, 4319836.843, 85
Trd, 4319839.393, 93
Trd, 4319840.643, 86
Trd, 4319841.193, 85
Trd, 4319843.793, 85
Trd, 4319845.893, 100
Trd, 4319847.593, 84
Trd, 4319848.193, 83
Trd, 4319849.043, 82
Trd, 4319849.443, 89
Trd, 4319851.293, 105
Trd, 4319853.343, 82
Trd, 4319855.043, 81
Trd, 4319856.443, 86
Trd, 4319856.593, 103
Trd, 4319862.043, 80
Trd, 4319864.293, 86
Trd, 4319865.943, 79
Trd, 4319866.143, 79
Trd, 4319871.293, 78
Trd, 4319871.493, 86
Trd, 4319871.543, 78
Trd, 4319875.593, 86
Trd, 4319875.793, 84
Trd, 4319877.443, 90
Trd, 4319881.393, 87
Trd, 4319881.793, 87
Trd, 4319882.593, 86
Trd, 4319884.143, 88
Trd, 4319884.893, 115
Trd, 4319886.343, 99
Trd, 4319886.943, 99
Trd, 4319887.343, 98
Trd, 4319887.593, 105
Trd, 4319891.793, 98
Trd, 4319894.143, 101
Trd, 4319895.393, 97
Trd, 4319896.043, 94
Trd, 4319896.793, 73
Trd, 4319897.843, 91
Trd, 4319901.393, 91
Trd, 4319903.943, 101
Trd, 4319904.043, 90
Trd, 4319907.293, 91
Trd, 4319907.843, 91
Trd, 4319909.193, 90
Trd, 4319910.293, 90
Trd, 4319911.243, 102
Trd, 4319913.743, 90
Trd, 4319915.043, 90
Trd, 4319915.593, 94
Trd, 4319916.843, 98
Trd, 4319918.943, 97
Trd, 4319919.493, 94
Trd, 4319922.043, 96
Trd, 4319922.893, 94
Trd, 4319926.143, 93
Trd, 4319926.393, 93
Trd, 4319929.243, 95
Trd, 4319930.193, 92
Trd, 4319930.893, 92
Trd, 4319931.843, 104
Trd, 4319933.293, 91
Trd, 4319935.243, 91
Trd, 4319936.593, 90
Trd, 4319938.093, 90
Trd, 4319938.293, 92
Trd, 4319942.093, 103
Trd, 4319942.693, 93
Trd, 4319943.093, 102
Trd, 4319943.143, 94
Trd, 4319945.943, 94
Trd, 4319946.443, 93
Trd, 4319947.193, 96
Trd, 4319947.293, 94
Trd, 4319949.893, 92
Trd, 4319951.043, 91
Trd, 4319953.993, 92
Trd, 4319954.293, 96
Trd, 4319954.693, 99
Trd, 4319954.993, 91
Trd, 4319956.243, 67
Trd, 4319959.743, 91
Trd, 4319961.143, 99
Trd, 4319961.393, 88
Trd, 4319964.893, 93
Trd, 4319967.093, 90
Trd, 4319967.693, 97
Trd, 4319969.793, 89
Trd, 4319969.893, 96
Trd, 4319971.743, 88
Trd, 4319972.293, 88
Trd, 4319972.593, 87
Trd, 4319973.693, 69
Trd, 4319974.793, 88
Trd, 4319975.693, 84
Trd, 4319978.943, 83
Trd, 4319981.743, 97
Trd, 4319982.193, 104
Trd, 4319982.593, 83
Trd, 4319984.393, 95
Trd, 4319985.243, 88
Trd, 4319986.043, 104
Trd, 4319987.843, 95
Trd, 4319988.243, 94
Trd, 4319988.643, 96
Trd, 4319990.493, 93
Trd, 4319993.043, 94
Trd, 4319994.893, 104
Trd, 4319995.693, 93
Trd, 4319996.393, 98
Trd, 4319998.943, 92
Trd, 4319999.293, 92
Trd, 4319999.543, 91
