Trd, 4317858.693, 94
Trd, 4317860.243, 93
Trd, 4317861.743, 93
Trd, 4317861.993, 94
Trd, 4317865.393, 92
Trd, 4317868.793, 93
Trd, 4317869.293, 93
Trd, 4317869.343, 95
Trd, 4317870.143, 123
Trd, 4317872.043, 98
Trd, 4317875.743, 92
Trd, 4317876.043, 94
Trd, 4317876.793, 94
Trd, 4317878.393, 91
Trd, 4317878.843, 93
Trd, 4317880.593, 95
Trd, 4317881.593, 93
Trd, 4317882.693, 93
Trd, 4317883.693, 93
Trd, 4317885.793, 93
Trd, 4317886.993, 95
Trd, 4317887.943, 94
Trd, 4317888.293, 95
Trd, 4317888.693, 121
Trd, 4317891.643, 101
Trd, 4317894.193, 99
Trd, 4317894.243, 98
Trd, 4317895.893, 97
Trd, 4317896.143, 98
Trd, 4317898.893, 97
Trd, 4317899.643, 94
Trd, 4317901.493, 95
Trd, 4317903.043, 95
Trd, 4317904.493, 95
Trd, 4317905.893, 92
Trd, 4317906.793, 93
Trd, 4317907.593, 94
Trd, 4317908.093, 94
Trd, 4317910.793, 93
Trd, 4317911.393, 93
Trd, 4317913.193, 92
Trd, 4317914.593, 93
Trd, 4317915.643, 94
Trd, 4317917.493, 91
Trd, 4317918.443, 90
Trd, 4317920.693, 93
Trd, 4317921.393, 95
Trd, 4317922.343, 92
Trd, 4317922.593, 93
Trd, 4317924.643, 92
Trd, 4317925.443, 103
Trd, 4317926.943, 101
Trd, 4317929.193, 94
Trd, 4317929.693, 95
Trd, 4317930.143, 94
Trd, 4317931.043, 95
Trd, 4317931.743, 95
Trd, 4317933.143, 102
Trd, 4317933.193, 102
Trd, 4317936.843, 102
Trd, 4317937.693, 101
Trd, 4317939.443, 99
Trd, 4317940.193, 101
Trd, 4317942.643, 103
Trd, 4317944.043, 99
Trd, 4317945.493, 100
Trd, 4317946.193, 103
Trd, 4317946.643, 101
Trd, 4317948.393, 101
Trd, 4317948.793, 101
Trd, 4317950.693, 111
Trd, 4317953.693, 100
Trd, 4317954.093, 102
Trd, 4317954.693, 103
Trd, 4317956.193, 103
Trd, 4317956.643, 103
Trd, 4317957.543, 103
Trd, 4317962.393, 100
Trd, 4317963.143, 100
Trd, 4317963.543, 99
Trd, 4317967.143, 96
Trd, 4317967.643, 96
Trd, 4317968.743, 97
Trd, 4317971.043, 94
Trd, 4317971.143, 96
Trd, 4317971.943, 94
Trd, 4317974.543, 91
Trd, 4317975.343, 91
Trd, 4317978.593, 86
Trd, 4317979.093, 86
Trd, 4317981.093, 87
Trd, 4317981.443, 93
Trd, 4317982.143, 96
Trd, 4317982.193, 93
Trd, 4317983.393, 103
Trd, 4317983.993, 95
Trd, 4317986.743, 102
Trd, 4317987.443, 115
Trd, 4317988.243, 101
Trd, 4317988.443, 102
Trd, 4317991.343, 110
Trd, 4317993.693, 108
Trd, 4317994.143, 121
Trd, 4317994.843, 104
Trd, 4317997.393, 103
Trd, 4317998.543, 102
Trd, 4317999.593, 102
Trd, 4318000.943, 102
Trd, 4318002.493, 104
Trd, 4318004.043, 104
Trd, 4318004.743, 119
Trd, 4318006.493, 105
Trd, 4318007.243, 104
Trd, 4318007.543, 104
Trd, 4318008.993, 102
Trd, 4318011.493, 103
Trd, 4318012.543, 99
Trd, 4318013.043, 99
Trd, 4318013.943, 97
Trd, 4318014.993, 97
Trd, 4318017.493, 94
Trd, 4318019.243, 86
Trd, 4318019.493, 86
Trd, 4318020.043, 88
Trd, 4318021.493, 115
Trd, 4318022.943, 101
Trd, 4318024.493, 96
Trd, 4318025.693, 92
Trd, 4318027.143, 94
Trd, 4318028.193, 95
Trd, 4318029.493, 94
Trd, 4318029.843, 94
Trd, 4318030.643, 93
Trd, 4318033.943, 93
Trd, 4318034.743, 93
Trd, 4318036.843, 93
Trd, 4318036.993, 93
Trd, 4318037.893, 92
Trd, 4318039.643, 93
Trd, 4318041.793, 92
Trd, 4318043.143, 93
Trd, 4318044.343, 103
Trd, 4318045.093, 94
Trd, 4318046.393, 95
Trd, 4318046.943, 93
Trd, 4318048.943, 95
Trd, 4318049.493, 115
Trd, 4318054.493, 94
Trd, 4318055.993, 92
Trd, 4318056.193, 94
Trd, 4318056.343, 95
Trd, 4318056.743, 95
Trd, 4318057.243, 95
Trd, 4318059.693, 100
Trd, 4318063.443, 95
Trd, 4318063.993, 95
Trd, 4318065.943, 92
Trd, 4318066.143, 93
Trd, 4318066.693, 92
Trd, 4318067.643, 104
Trd, 4318068.343, 93
Trd, 4318070.943, 91
Trd, 4318071.843, 91
Trd, 4318072.343, 104
Trd, 4318074.243, 96
Trd, 4318075.743, 92
Trd, 4318077.143, 93
Trd, 4318080.093, 91
Trd, 4318080.143, 93
Trd, 4318083.093, 91
Trd, 4318083.143, 92
Trd, 4318084.743, 91
Trd, 4318084.893, 90
Trd, 4318085.293, 90
Trd, 4318088.593, 89
Trd, 4318091.043, 90
Trd, 4318091.093, 90
Trd, 4318092.143, 92
Trd, 4318093.593, 95
Trd, 4318094.493, 91
Trd, 4318095.943, 91
Trd, 4318096.943, 91
Trd, 4318099.593, 95
Trd, 4318099.893, 93
Trd, 4318100.993, 94
Trd, 4318104.443, 108
Trd, 4318107.193, 96
Trd, 4318107.993, 97
Trd, 4318109.143, 95
Trd, 4318109.843, 94
Trd, 4318110.393, 94
Trd, 4318110.693, 96
Trd, 4318112.043, 93
Trd, 4318112.343, 94
Trd, 4318113.443, 92
Trd, 4318116.693, 92
Trd, 4318117.043, 93
Trd, 4318119.343, 92
Trd, 4318119.893, 94
Trd, 4318122.293, 90
Trd, 4318122.793, 90
Trd, 4318122.893, 90
Trd, 4318123.443, 95
Trd, 4318126.143, 94
Trd, 4318127.993, 90
Trd, 4318128.743, 91
Trd, 4318128.943, 95
Trd, 4318129.043, 104
Trd, 4318130.493, 95
Trd, 4318131.143, 103
Trd, 4318132.743, 96
Trd, 4318135.243, 92
Trd, 4318136.293, 90
Trd, 4318136.393, 92
Trd, 4318137.943, 89
Trd, 4318139.893, 87
Trd, 4318140.143, 88
Trd, 4318140.243, 89
Trd, 4318141.043, 95
Trd, 4318142.443, 90
Trd, 4318144.093, 92
Trd, 4318145.693, 95
Trd, 4318149.543, 89
Trd, 4318149.793, 90
Trd, 4318151.343, 91
Trd, 4318152.543, 95
Trd, 4318153.493, 100
Trd, 4318154.493, 97
Trd, 4318154.693, 96
Trd, 4318156.243, 94
Trd, 4318156.993, 94
Trd, 4318157.093, 93
Trd, 4318157.793, 94
Trd, 4318162.393, 92
Trd, 4318162.643, 92
Trd, 4318162.943, 94
Trd, 4318163.043, 96
Trd, 4318166.393, 91
Trd, 4318166.893, 92
Trd, 4318168.343, 92
Trd, 4318169.093, 92
Trd, 4318171.893, 90
Trd, 4318171.943, 90
Trd, 4318172.893, 91
Trd, 4318174.243, 91
Trd, 4318175.343, 91
Trd, 4318176.493, 91
Trd, 4318177.443, 93
Trd, 4318178.043, 93
Trd, 4318180.343, 93
Trd, 4318182.043, 92
Trd, 4318185.943, 89
Trd, 4318187.743, 87
Trd, 4318187.993, 88
Trd, 4318190.043, 88
Trd, 4318192.043, 87
Trd, 4318193.593, 88
Trd, 4318194.493, 87
Trd, 4318195.143, 95
Trd, 4318196.943, 94
Trd, 4318197.693, 99
Trd, 4318198.943, 115
Trd, 4318200.443, 104
Trd, 4318201.893, 106
Trd, 4318202.893, 103
Trd, 4318203.243, 103
Trd, 4318203.993, 101
Trd, 4318207.493, 94
Trd, 4318207.593, 97
Trd, 4318207.943, 97
Trd, 4318210.743, 96
Trd, 4318212.693, 94
Trd, 4318213.793, 94
Trd, 4318214.543, 94
Trd, 4318215.243, 95
Trd, 4318216.993, 92
Trd, 4318218.993, 91
Trd, 4318220.843, 90
Trd, 4318221.293, 90
Trd, 4318221.943, 95
Trd, 4318224.043, 90
Trd, 4318224.993, 89
Trd, 4318226.093, 89
Trd, 4318226.243, 104
Trd, 4318228.943, 90
Trd, 4318229.843, 90
Trd, 4318230.793, 95
Trd, 4318233.843, 96
Trd, 4318236.793, 92
Trd, 4318238.443, 91
Trd, 4318238.643, 90
Trd, 4318238.793, 90
Trd, 4318238.993, 102
Trd, 4318240.643, 101
Trd, 4318242.893, 100
Trd, 4318243.643, 109
Trd, 4318246.143, 102
Trd, 4318246.443, 109
Trd, 4318246.693, 111
Trd, 4318247.643, 104
Trd, 4318251.243, 95
Trd, 4318251.643, 98
Trd, 4318252.693, 97
Trd, 4318253.393, 97
Trd, 4318254.693, 104
Trd, 4318258.493, 104
Trd, 4318259.193, 109
Trd, 4318259.393, 102
Trd, 4318262.093, 103
Trd, 4318262.443, 105
Trd, 4318264.293, 102
Trd, 4318266.793, 101
Trd, 4318267.743, 101
Trd, 4318268.093, 100
Trd, 4318269.693, 104
Trd, 4318269.893, 122
Trd, 4318272.593, 102
Trd, 4318272.693, 103
Trd, 4318274.793, 100
Trd, 4318278.193, 99
Trd, 4318278.893, 100
Trd, 4318279.243, 100
Trd, 4318279.793, 101
Trd, 4318283.943, 99
Trd, 4318285.443, 98
Trd, 4318286.243, 95
Trd, 4318286.743, 95
Trd, 4318287.893, 94
Trd, 4318288.493, 95
Trd, 4318290.043, 93
Trd, 4318290.343, 94
Trd, 4318292.743, 94
Trd, 4318294.443, 92
Trd, 4318296.493, 90
Trd, 4318297.343, 88
Trd, 4318297.843, 95
Trd, 4318298.093, 93
Trd, 4318298.743, 91
Trd, 4318299.893, 98
Trd, 4318301.693, 102
Trd, 4318302.993, 101
Trd, 4318303.293, 106
Trd, 4318304.693, 102
Trd, 4318307.293, 103
Trd, 4318308.393, 103
Trd, 4318308.943, 99
Trd, 4318309.793, 99
Trd, 4318312.693, 100
Trd, 4318313.043, 101
Trd, 4318313.843, 101
Trd, 4318314.193, 104
Trd, 4318314.993, 103
Trd, 4318317.393, 100
Trd, 4318319.043, 99
Trd, 4318320.593, 100
Trd, 4318320.943, 100
Trd, 4318322.693, 96
Trd, 4318324.093, 94
Trd, 4318324.443, 95
Trd, 4318324.543, 96
Trd, 4318325.493, 98
Trd, 4318327.643, 98
Trd, 4318329.743, 94
Trd, 4318329.893, 95
Trd, 4318332.493, 93
Trd, 4318333.493, 90
Trd, 4318335.143, 87
Trd, 4318335.493, 89
Trd, 4318336.493, 95
Trd, 4318336.643, 89
Trd, 4318337.993, 103
Trd, 4318338.193, 92
Trd, 4318339.043, 97
Trd, 4318341.143, 104
Trd, 4318341.593, 96
Trd, 4318342.643, 121
Trd, 4318343.593, 102
Trd, 4318345.693, 103
Trd, 4318350.743, 98
Trd, 4318351.043, 98
Trd, 4318353.343, 96
Trd, 4318354.943, 95
Trd, 4318355.993, 94
Trd, 4318356.343, 95
Trd, 4318358.493, 94
Trd, 4318360.143, 94
Trd, 4318362.493, 93
Trd, 4318364.043, 93
Trd, 4318364.393, 96
Trd, 4318367.643, 94
Trd, 4318369.043, 93
Trd, 4318370.293, 92
Trd, 4318370.793, 92
Trd, 4318371.443, 95
Trd, 4318373.693, 96
Trd, 4318374.293, 100
Trd, 4318378.293, 92
Trd, 4318378.543, 93
Trd, 4318379.593, 94
Trd, 4318380.943, 91
Trd, 4318381.943, 90
Trd, 4318382.543, 90
Trd, 4318382.643, 90
Trd, 4318383.693, 95
Trd, 4318386.043, 88
Trd, 4318386.643, 88
Trd, 4318387.643, 89
Trd, 4318389.593, 102
Trd, 4318390.493, 90
Trd, 4318390.793, 104
Trd, 4318390.943, 123
Trd, 4318392.443, 104
Trd, 4318395.293, 95
Trd, 4318395.993, 95
Trd, 4318396.993, 94
Trd, 4318398.293, 94
Trd, 4318399.093, 94
Trd, 4318403.093, 94
Trd, 4318403.543, 93
Trd, 4318403.643, 94
Trd, 4318406.893, 95
Trd, 4318408.093, 95
Trd, 4318411.693, 93
Trd, 4318412.743, 94
Trd, 4318414.043, 93
Trd, 4318414.443, 95
Trd, 4318414.943, 102
Trd, 4318417.193, 97
Trd, 4318417.793, 98
Trd, 4318418.693, 116
Trd, 4318419.443, 123
Trd, 4318422.243, 102
Trd, 4318422.793, 100
Trd, 4318424.443, 99
Trd, 4318425.993, 97
Trd, 4318426.293, 104
Trd, 4318430.093, 95
Trd, 4318430.343, 97
Trd, 4318430.993, 97
Trd, 4318432.643, 94
Trd, 4318434.543, 95
Trd, 4318435.593, 95
Trd, 4318436.843, 94
Trd, 4318438.443, 93
Trd, 4318438.493, 94
Trd, 4318438.643, 104
Trd, 4318439.793, 97
Trd, 4318440.943, 96
Trd, 4318441.443, 96
Trd, 4318442.993, 95
Trd, 4318443.593, 104
Trd, 4318448.343, 101
Trd, 4318449.243, 104
Trd, 4318450.393, 102
Trd, 4318450.893, 103
Trd, 4318451.993, 106
Trd, 4318453.643, 101
Trd, 4318454.493, 102
Trd, 4318457.393, 98
Trd, 4318457.493, 101
Trd, 4318460.393, 94
Trd, 4318461.743, 94
Trd, 4318462.793, 93
Trd, 4318462.993, 94
Trd, 4318464.143, 94
Trd, 4318464.693, 95
Trd, 4318466.043, 123
Trd, 4318470.693, 94
Trd, 4318470.793, 95
Trd, 4318471.693, 95
Trd, 4318471.943, 93
Trd, 4318473.093, 92
Trd, 4318475.593, 92
Trd, 4318476.693, 86
Trd, 4318477.343, 87
Trd, 4318478.343, 85
Trd, 4318478.493, 87
Trd, 4318479.443, 84
Trd, 4318479.593, 95
Trd, 4318479.643, 92
Trd, 4318483.643, 93
Trd, 4318483.993, 87
Trd, 4318485.743, 93
Trd, 4318488.393, 90
Trd, 4318488.943, 93
Trd, 4318490.543, 89
Trd, 4318491.043, 95
Trd, 4318492.293, 103
Trd, 4318494.493, 104
Trd, 4318495.143, 106
Trd, 4318496.093, 104
Trd, 4318498.043, 103
Trd, 4318500.293, 96
Trd, 4318500.643, 95
Trd, 4318501.343, 96
Trd, 4318501.593, 97
Trd, 4318503.693, 96
Trd, 4318506.093, 103
Trd, 4318506.693, 100
Trd, 4318507.043, 99
Trd, 4318508.593, 96
Trd, 4318510.643, 94
Trd, 4318511.293, 95
Trd, 4318511.543, 96
Trd, 4318512.143, 104
Trd, 4318515.493, 96
Trd, 4318516.893, 96
Trd, 4318517.043, 96
Trd, 4318519.943, 93
Trd, 4318520.443, 95
Trd, 4318524.743, 94
Trd, 4318525.743, 94
Trd, 4318526.893, 95
Trd, 4318528.443, 94
Trd, 4318530.993, 94
Trd, 4318531.693, 92
Trd, 4318532.593, 93
Trd, 4318532.793, 95
Trd, 4318535.293, 91
Trd, 4318535.443, 91
Trd, 4318536.993, 92
Trd, 4318538.793, 92
Trd, 4318539.293, 91
Trd, 4318540.743, 94
Trd, 4318543.043, 91
Trd, 4318544.093, 93
Trd, 4318544.893, 97
Trd, 4318546.593, 95
Trd, 4318546.943, 98
Trd, 4318549.543, 95
Trd, 4318551.543, 99
Trd, 4318551.643, 100
Trd, 4318553.443, 98
Trd, 4318554.743, 98
Trd, 4318557.993, 98
Trd, 4318558.593, 98
Trd, 4318559.193, 96
Trd, 4318559.493, 98
Trd, 4318562.943, 94
Trd, 4318565.143, 92
Trd, 4318565.893, 92
Trd, 4318567.443, 90
Trd, 4318567.543, 92
Trd, 4318568.743, 97
Trd, 4318571.343, 91
Trd, 4318572.843, 92
Trd, 4318574.193, 92
Trd, 4318574.843, 92
Trd, 4318577.043, 90
Trd, 4318577.093, 92
Trd, 4318577.593, 92
Trd, 4318579.493, 90
Trd, 4318579.843, 93
Trd, 4318581.093, 94
Trd, 4318581.343, 95
Trd, 4318582.893, 94
Trd, 4318584.943, 93
Trd, 4318587.543, 92
Trd, 4318587.693, 95
Trd, 4318589.743, 92
Trd, 4318591.593, 91
Trd, 4318592.993, 92
Trd, 4318593.343, 91
Trd, 4318596.043, 91
Trd, 4318596.393, 91
Trd, 4318596.543, 90
Trd, 4318598.243, 95
Trd, 4318599.893, 92
Trd, 4318601.493, 97
Trd, 4318601.893, 104
Trd, 4318604.543, 94
Trd, 4318605.843, 92
Trd, 4318609.493, 91
Trd, 4318610.393, 89
Trd, 4318610.543, 91
Trd, 4318611.643, 89
Trd, 4318612.543, 87
Trd, 4318613.843, 88
Trd, 4318615.443, 89
Trd, 4318616.143, 95
Trd, 4318618.943, 100
Trd, 4318619.293, 94
Trd, 4318620.093, 91
Trd, 4318622.893, 93
Trd, 4318624.993, 93
Trd, 4318625.193, 94
Trd, 4318626.243, 92
Trd, 4318627.143, 95
Trd, 4318630.343, 91
Trd, 4318631.043, 90
Trd, 4318632.443, 90
Trd, 4318633.743, 90
Trd, 4318634.093, 93
Trd, 4318637.193, 90
Trd, 4318637.493, 90
Trd, 4318638.043, 90
Trd, 4318639.643, 91
Trd, 4318642.743, 90
Trd, 4318643.543, 91
Trd, 4318644.143, 89
Trd, 4318644.293, 89
Trd, 4318645.043, 95
Trd, 4318648.843, 103
Trd, 4318649.343, 98
Trd, 4318649.793, 91
Trd, 4318650.043, 91
Trd, 4318650.443, 92
Trd, 4318652.393, 91
Trd, 4318655.843, 90
Trd, 4318656.743, 90
Trd, 4318657.093, 91
Trd, 4318660.093, 91
Trd, 4318661.343, 90
Trd, 4318663.343, 89
Trd, 4318665.493, 90
Trd, 4318666.093, 93
Trd, 4318667.493, 94
Trd, 4318668.643, 91
Trd, 4318668.793, 92
Trd, 4318670.393, 120
Trd, 4318674.843, 94
Trd, 4318676.393, 89
Trd, 4318677.243, 90
Trd, 4318679.343, 90
Trd, 4318680.543, 89
Trd, 4318681.243, 94
Trd, 4318683.793, 91
Trd, 4318685.043, 91
Trd, 4318686.143, 94
Trd, 4318686.543, 95
Trd, 4318687.543, 117
Trd, 4318690.793, 96
Trd, 4318691.393, 97
Trd, 4318692.593, 96
Trd, 4318692.943, 95
Trd, 4318693.543, 94
Trd, 4318694.693, 95
Trd, 4318695.443, 93
Trd, 4318696.493, 94
Trd, 4318697.543, 92
Trd, 4318698.843, 92
Trd, 4318700.093, 91
Trd, 4318701.093, 115
Trd, 4318702.093, 96
Trd, 4318704.793, 93
Trd, 4318706.343, 104
Trd, 4318707.343, 107
Trd, 4318708.293, 98
Trd, 4318711.693, 95
Trd, 4318712.293, 95
Trd, 4318714.143, 93
Trd, 4318714.843, 93
Trd, 4318715.793, 93
Trd, 4318716.893, 96
Trd, 4318717.593, 104
Trd, 4318720.293, 95
Trd, 4318720.993, 95
Trd, 4318722.793, 92
Trd, 4318723.443, 93
Trd, 4318723.843, 95
Trd, 4318724.443, 95
Trd, 4318725.243, 97
Trd, 4318728.393, 97
Trd, 4318728.893, 108
Trd, 4318731.393, 97
Trd, 4318732.243, 97
Trd, 4318732.443, 104
Trd, 4318734.643, 94
Trd, 4318736.693, 93
Trd, 4318738.493, 94
Trd, 4318740.143, 90
Trd, 4318741.143, 91
Trd, 4318742.143, 90
Trd, 4318742.493, 96
Trd, 4318742.793, 104
Trd, 4318744.443, 92
Trd, 4318747.293, 91
Trd, 4318748.493, 91
Trd, 4318748.943, 90
Trd, 4318749.193, 91
Trd, 4318749.943, 104
Trd, 4318750.993, 95
Trd, 4318752.693, 95
Trd, 4318755.943, 94
Trd, 4318758.743, 90
Trd, 4318759.043, 95
Trd, 4318762.093, 89
Trd, 4318762.243, 90
Trd, 4318762.293, 90
Trd, 4318765.293, 90
Trd, 4318765.993, 95
Trd, 4318767.793, 91
Trd, 4318768.693, 92
Trd, 4318769.593, 104
Trd, 4318771.693, 95
Trd, 4318772.193, 96
Trd, 4318773.843, 94
Trd, 4318775.043, 95
Trd, 4318775.593, 94
Trd, 4318779.943, 93
Trd, 4318780.343, 94
Trd, 4318780.743, 95
Trd, 4318785.743, 92
Trd, 4318785.993, 93
Trd, 4318786.793, 93
Trd, 4318787.943, 92
Trd, 4318788.693, 93
Trd, 4318790.043, 94
Trd, 4318792.193, 91
Trd, 4318792.443, 93
Trd, 4318792.843, 94
Trd, 4318796.993, 92
Trd, 4318797.193, 93
Trd, 4318798.043, 92
Trd, 4318798.693, 94
Trd, 4318800.143, 93
Trd, 4318804.093, 91
Trd, 4318805.443, 92
Trd, 4318805.693, 95
Trd, 4318807.543, 90
Trd, 4318809.193, 89
Trd, 4318810.093, 87
Trd, 4318810.393, 94
Trd, 4318813.343, 89
Trd, 4318816.093, 93
Trd, 4318816.743, 94
Trd, 4318818.793, 95
Trd, 4318819.543, 92
Trd, 4318820.343, 90
Trd, 4318820.943, 90
Trd, 4318822.493, 91
Trd, 4318824.443, 103
Trd, 4318827.043, 94
Trd, 4318827.143, 95
Trd, 4318827.693, 92
Trd, 4318828.893, 93
Trd, 4318830.943, 92
Trd, 4318831.243, 93
Trd, 4318832.643, 93
Trd, 4318836.443, 91
Trd, 4318837.243, 90
Trd, 4318837.543, 91
Trd, 4318837.993, 92
Trd, 4318838.143, 122
Trd, 4318840.343, 97
Trd, 4318841.093, 97
Trd, 4318841.843, 97
Trd, 4318845.443, 96
Trd, 4318847.343, 91
Trd, 4318847.443, 92
Trd, 4318848.193, 89
Trd, 4318848.893, 92
Trd, 4318849.343, 93
Trd, 4318850.043, 104
Trd, 4318850.893, 119
Trd, 4318854.193, 94
Trd, 4318858.193, 91
Trd, 4318859.643, 89
Trd, 4318860.943, 88
Trd, 4318861.593, 89
Trd, 4318864.143, 88
Trd, 4318864.743, 88
Trd, 4318865.193, 88
Trd, 4318865.593, 94
Trd, 4318865.893, 95
Trd, 4318867.593, 90
Trd, 4318869.993, 94
Trd, 4318872.143, 88
Trd, 4318872.493, 90
Trd, 4318875.393, 90
Trd, 4318875.893, 95
Trd, 4318877.143, 87
Trd, 4318877.693, 87
Trd, 4318879.243, 89
Trd, 4318881.243, 89
Trd, 4318882.243, 86
Trd, 4318886.143, 85
Trd, 4318888.443, 86
Trd, 4318889.843, 88
Trd, 4318891.093, 86
Trd, 4318892.193, 86
Trd, 4318893.843, 86
Trd, 4318894.393, 86
Trd, 4318895.843, 84
Trd, 4318896.793, 86
Trd, 4318900.343, 85
Trd, 4318901.943, 83
Trd, 4318901.993, 85
Trd, 4318902.293, 95
Trd, 4318904.393, 122
Trd, 4318906.593, 87
Trd, 4318908.043, 86
Trd, 4318908.893, 86
Trd, 4318912.193, 86
Trd, 4318912.243, 86
Trd, 4318914.793, 85
Trd, 4318916.243, 95
Trd, 4318918.093, 87
Trd, 4318918.643, 95
Trd, 4318919.543, 99
Trd, 4318920.243, 89
Trd, 4318923.043, 87
Trd, 4318923.493, 87
Trd, 4318924.093, 89
Trd, 4318925.393, 94
Trd, 4318926.593, 104
Trd, 4318927.643, 96
Trd, 4318928.643, 98
Trd, 4318929.893, 93
Trd, 4318932.543, 102
Trd, 4318932.893, 102
Trd, 4318934.243, 100
Trd, 4318934.843, 103
Trd, 4318936.493, 100
Trd, 4318937.093, 99
Trd, 4318938.343, 100
Trd, 4318940.593, 94
Trd, 4318940.743, 95
Trd, 4318941.293, 96
Trd, 4318942.243, 116
Trd, 4318944.843, 98
Trd, 4318946.593, 96
Trd, 4318947.693, 98
Trd, 4318949.343, 96
Trd, 4318949.493, 97
Trd, 4318954.793, 95
Trd, 4318955.293, 95
Trd, 4318955.443, 96
Trd, 4318956.693, 95
Trd, 4318960.093, 95
Trd, 4318960.343, 96
Trd, 4318961.743, 94
Trd, 4318961.993, 94
Trd, 4318964.293, 95
Trd, 4318965.243, 119
Trd, 4318968.543, 96
Trd, 4318968.643, 96
Trd, 4318969.893, 95
Trd, 4318971.793, 95
Trd, 4318972.543, 96
Trd, 4318974.993, 92
Trd, 4318975.693, 90
Trd, 4318977.243, 91
Trd, 4318978.093, 91
Trd, 4318978.393, 104
Trd, 4318980.093, 93
Trd, 4318980.343, 94
Trd, 4318982.843, 89
Trd, 4318983.193, 89
Trd, 4318985.193, 85
Trd, 4318985.743, 86
Trd, 4318986.943, 104
Trd, 4318988.643, 95
Trd, 4318989.343, 92
Trd, 4318992.743, 88
Trd, 4318992.793, 90
Trd, 4318993.043, 96
Trd, 4318995.793, 90
Trd, 4318996.293, 90
Trd, 4319000.393, 87
Trd, 4319000.943, 88
Trd, 4319001.443, 88
Trd, 4319003.993, 87
Trd, 4319004.493, 88
Trd, 4319006.393, 93
Trd, 4319007.493, 89
Trd, 4319007.893, 104
Trd, 4319011.743, 90
Trd, 4319012.243, 90
Trd, 4319013.293, 95
Trd, 4319015.093, 88
Trd, 4319015.293, 87
Trd, 4319016.593, 88
Trd, 4319017.843, 86
Trd, 4319018.993, 87
Trd, 4319019.893, 95
Trd, 4319020.943, 97
Trd, 4319023.843, 90
Trd, 4319024.793, 106
Trd, 4319025.393, 106
Trd, 4319025.693, 103
Trd, 4319026.893, 99
Trd, 4319027.743, 96
Trd, 4319028.693, 96
Trd, 4319029.393, 96
Trd, 4319030.693, 92
Trd, 4319031.993, 92
Trd, 4319032.793, 103
Trd, 4319033.143, 103
Trd, 4319033.443, 100
Trd, 4319037.393, 96
Trd, 4319038.143, 95
Trd, 4319038.393, 96
Trd, 4319040.143, 93
Trd, 4319043.943, 92
Trd, 4319045.393, 92
Trd, 4319045.743, 92
Trd, 4319046.093, 95
Trd, 4319049.543, 91
Trd, 4319049.943, 118
Trd, 4319052.993, 93
Trd, 4319054.093, 92
Trd, 4319055.093, 92
Trd, 4319057.793, 95
Trd, 4319058.293, 104
Trd, 4319058.543, 95
Trd, 4319060.993, 91
Trd, 4319061.943, 91
Trd, 4319062.893, 94
Trd, 4319064.793, 94
Trd, 4319065.943, 93
Trd, 4319065.993, 93
Trd, 4319069.793, 91
Trd, 4319070.943, 90
Trd, 4319071.243, 91
Trd, 4319072.843, 95
Trd, 4319074.393, 121
Trd, 4319075.343, 104
Trd, 4319076.643, 99
Trd, 4319080.443, 95
Trd, 4319081.243, 96
Trd, 4319081.743, 95
Trd, 4319083.193, 95
Trd, 4319083.943, 94
Trd, 4319086.493, 95
Trd, 4319087.993, 92
Trd, 4319089.093, 92
Trd, 4319090.243, 92
Trd, 4319091.693, 92
Trd, 4319094.643, 92
Trd, 4319095.093, 93
Trd, 4319095.443, 95
Trd, 4319098.543, 93
Trd, 4319100.443, 91
Trd, 4319100.493, 91
Trd, 4319101.043, 93
Trd, 4319103.193, 91
Trd, 4319105.443, 91
Trd, 4319105.993, 93
Trd, 4319107.543, 94
Trd, 4319107.943, 95
Trd, 4319108.943, 94
Trd, 4319112.593, 92
Trd, 4319114.743, 90
Trd, 4319115.193, 89
Trd, 4319116.043, 90
Trd, 4319117.943, 89
Trd, 4319118.243, 95
Trd, 4319119.093, 121
Trd, 4319121.193, 95
Trd, 4319121.793, 95
Trd, 4319123.543, 94
Trd, 4319124.343, 95
Trd, 4319126.993, 98
Trd, 4319127.193, 96
Trd, 4319128.743, 91
Trd, 4319129.193, 91
Trd, 4319129.293, 91
Trd, 4319129.343, 92
Trd, 4319129.543, 96
Trd, 4319132.443, 96
Trd, 4319133.143, 92
Trd, 4319133.843, 93
Trd, 4319134.643, 93
Trd, 4319135.993, 93
Trd, 4319137.193, 103
Trd, 4319138.643, 94
Trd, 4319143.243, 95
Trd, 4319144.643, 92
Trd, 4319145.443, 92
Trd, 4319146.193, 93
Trd, 4319147.143, 94
Trd, 4319148.343, 95
Trd, 4319150.093, 92
Trd, 4319151.043, 93
Trd, 4319153.193, 93
Trd, 4319154.993, 95
Trd, 4319155.043, 122
Trd, 4319157.793, 93
Trd, 4319159.743, 91
Trd, 4319159.793, 92
Trd, 4319162.343, 93
Trd, 4319163.343, 90
Trd, 4319163.393, 90
Trd, 4319165.843, 90
Trd, 4319167.193, 91
Trd, 4319169.193, 90
Trd, 4319170.593, 90
Trd, 4319171.243, 91
Trd, 4319174.393, 89
Trd, 4319175.143, 89
Trd, 4319177.343, 89
Trd, 4319178.443, 89
Trd, 4319178.493, 89
Trd, 4319180.493, 88
Trd, 4319182.693, 88
Trd, 4319183.693, 86
Trd, 4319183.943, 87
Trd, 4319187.543, 87
Trd, 4319187.793, 88
Trd, 4319188.943, 87
Trd, 4319191.393, 87
Trd, 4319191.493, 88
Trd, 4319191.693, 95
Trd, 4319192.593, 120
Trd, 4319194.343, 93
Trd, 4319196.393, 93
Trd, 4319198.293, 93
Trd, 4319198.343, 95
Trd, 4319201.893, 90
Trd, 4319203.893, 91
Trd, 4319206.093, 89
Trd, 4319207.793, 89
Trd, 4319208.943, 87
Trd, 4319209.843, 87
Trd, 4319210.243, 86
Trd, 4319211.443, 87
Trd, 4319213.793, 86
Trd, 4319214.243, 87
Trd, 4319216.493, 87
Trd, 4319216.693, 93
Trd, 4319217.943, 95
Trd, 4319221.493, 103
Trd, 4319222.193, 96
Trd, 4319222.543, 95
Trd, 4319223.393, 101
Trd, 4319225.893, 94
Trd, 4319226.543, 97
Trd, 4319226.993, 98
Trd, 4319229.293, 94
Trd, 4319230.293, 93
Trd, 4319232.643, 92
Trd, 4319234.043, 93
Trd, 4319234.093, 93
Trd, 4319235.493, 96
Trd, 4319238.343, 94
Trd, 4319238.793, 92
Trd, 4319238.893, 92
Trd, 4319239.643, 93
Trd, 4319240.293, 95
Trd, 4319240.443, 104
Trd, 4319242.993, 109
Trd, 4319247.093, 91
Trd, 4319247.193, 94
Trd, 4319247.793, 94
Trd, 4319249.493, 91
Trd, 4319250.393, 92
Trd, 4319251.243, 95
Trd, 4319253.493, 92
Trd, 4319255.143, 90
Trd, 4319256.443, 93
Trd, 4319259.293, 92
Trd, 4319260.943, 91
Trd, 4319260.993, 95
Trd, 4319261.293, 104
Trd, 4319262.043, 96
Trd, 4319264.293, 92
Trd, 4319267.093, 92
Trd, 4319267.393, 90
Trd, 4319270.093, 95
Trd, 4319272.193, 91
Trd, 4319274.843, 91
Trd, 4319276.643, 90
Trd, 4319277.243, 89
Trd, 4319278.843, 92
Trd, 4319278.943, 93
Trd, 4319281.943, 91
Trd, 4319284.843, 90
Trd, 4319286.393, 90
Trd, 4319287.043, 89
Trd, 4319287.693, 90
Trd, 4319289.193, 90
Trd, 4319289.743, 88
Trd, 4319291.543, 88
Trd, 4319293.443, 88
Trd, 4319293.543, 95
Trd, 4319295.443, 86
Trd, 4319298.493, 87
Trd, 4319299.243, 87
Trd, 4319301.543, 87
Trd, 4319304.693, 89
Trd, 4319305.243, 87
Trd, 4319306.093, 91
Trd, 4319307.043, 95
Trd, 4319309.243, 88
Trd, 4319310.643, 87
Trd, 4319310.993, 95
Trd, 4319312.693, 112
Trd, 4319313.543, 112
Trd, 4319315.443, 104
Trd, 4319316.943, 103
Trd, 4319320.943, 96
Trd, 4319320.993, 97
Trd, 4319322.193, 97
Trd, 4319322.593, 96
Trd, 4319324.343, 91
Trd, 4319324.893, 90
Trd, 4319326.493, 86
Trd, 4319326.993, 86
Trd, 4319328.593, 94
Trd, 4319329.693, 104
Trd, 4319331.293, 94
Trd, 4319332.793, 90
Trd, 4319333.093, 89
Trd, 4319333.943, 87
Trd, 4319334.343, 95
Trd, 4319335.593, 95
Trd, 4319336.193, 95
Trd, 4319340.643, 89
Trd, 4319341.443, 94
Trd, 4319341.543, 95
Trd, 4319343.793, 85
Trd, 4319344.793, 80
Trd, 4319344.993, 81
Trd, 4319347.093, 86
Trd, 4319347.793, 83
Trd, 4319348.493, 95
Trd, 4319350.643, 87
Trd, 4319352.793, 87
Trd, 4319353.493, 95
Trd, 4319354.243, 94
Trd, 4319355.793, 92
Trd, 4319356.093, 88
Trd, 4319360.143, 91
Trd, 4319363.043, 90
Trd, 4319366.743, 87
Trd, 4319367.193, 88
Trd, 4319367.593, 89
Trd, 4319370.343, 88
Trd, 4319371.093, 89
Trd, 4319371.593, 104
Trd, 4319372.393, 98
Trd, 4319376.043, 100
Trd, 4319377.543, 104
Trd, 4319377.943, 100
Trd, 4319378.993, 103
Trd, 4319379.143, 104
Trd, 4319381.493, 95
Trd, 4319382.393, 94
Trd, 4319382.643, 95
Trd, 4319383.593, 95
Trd, 4319386.093, 94
Trd, 4319387.343, 94
Trd, 4319388.293, 94
Trd, 4319388.793, 93
Trd, 4319389.093, 94
Trd, 4319392.393, 92
Trd, 4319392.443, 95
Trd, 4319393.843, 93
Trd, 4319395.243, 95
Trd, 4319397.743, 95
Trd, 4319400.043, 91
Trd, 4319400.543, 92
Trd, 4319403.493, 90
Trd, 4319404.043, 90
Trd, 4319404.443, 89
Trd, 4319404.993, 90
Trd, 4319407.443, 95
Trd, 4319408.293, 90
Trd, 4319409.843, 90
Trd, 4319410.693, 95
Trd, 4319411.343, 90
Trd, 4319415.243, 98
Trd, 4319415.493, 102
Trd, 4319417.993, 94
Trd, 4319418.943, 94
Trd, 4319421.743, 94
Trd, 4319423.843, 93
Trd, 4319424.393, 93
Trd, 4319425.893, 91
Trd, 4319426.293, 90
Trd, 4319427.293, 90
Trd, 4319427.643, 95
Trd, 4319429.843, 95
Trd, 4319433.043, 89
Trd, 4319433.893, 89
Trd, 4319435.393, 89
Trd, 4319435.843, 101
Trd, 4319437.043, 96
Trd, 4319437.743, 95
Trd, 4319440.143, 93
Trd, 4319440.993, 93
Trd, 4319441.043, 95
Trd, 4319441.643, 93
Trd, 4319442.593, 101
Trd, 4319443.843, 94
Trd, 4319444.693, 95
Trd, 4319447.293, 90
Trd, 4319447.543, 88
Trd, 4319448.993, 94
Trd, 4319449.693, 96
Trd, 4319451.543, 89
Trd, 4319453.643, 94
Trd, 4319453.793, 89
Trd, 4319455.193, 92
Trd, 4319457.143, 94
Trd, 4319461.593, 90
Trd, 4319461.943, 92
Trd, 4319462.243, 95
Trd, 4319463.993, 89
Trd, 4319465.393, 91
Trd, 4319467.343, 90
Trd, 4319470.543, 89
Trd, 4319471.693, 89
Trd, 4319472.293, 93
Trd, 4319474.493, 90
Trd, 4319476.143, 88
Trd, 4319476.543, 89
Trd, 4319478.043, 89
Trd, 4319480.343, 88
Trd, 4319481.193, 87
Trd, 4319482.093, 88
Trd, 4319482.643, 90
Trd, 4319484.243, 87
Trd, 4319484.443, 87
Trd, 4319486.693, 88
Trd, 4319489.343, 86
Trd, 4319491.393, 86
Trd, 4319493.743, 88
Trd, 4319493.993, 92
Trd, 4319496.393, 87
Trd, 4319497.193, 87
Trd, 4319499.193, 85
Trd, 4319499.293, 85
Trd, 4319500.943, 86
Trd, 4319500.993, 86
Trd, 4319502.643, 104
Trd, 4319502.693, 122
Trd, 4319505.743, 99
Trd, 4319506.593, 98
Trd, 4319507.793, 99
Trd, 4319510.593, 94
Trd, 4319511.093, 94
Trd, 4319511.243, 96
Trd, 4319514.393, 92
Trd, 4319514.793, 91
Trd, 4319515.993, 91
Trd, 4319518.293, 88
Trd, 4319519.693, 88
Trd, 4319520.243, 89
Trd, 4319521.943, 93
Trd, 4319523.293, 89
Trd, 4319524.143, 95
Trd, 4319525.293, 102
Trd, 4319527.443, 91
Trd, 4319529.393, 91
Trd, 4319530.493, 90
Trd, 4319531.993, 91
Trd, 4319532.943, 95
Trd, 4319535.243, 97
Trd, 4319536.543, 104
Trd, 4319538.543, 95
Trd, 4319539.743, 94
Trd, 4319539.893, 95
Trd, 4319542.193, 96
Trd, 4319542.493, 97
Trd, 4319542.943, 104
Trd, 4319545.493, 96
Trd, 4319546.793, 95
Trd, 4319547.393, 95
Trd, 4319548.943, 95
Trd, 4319550.043, 94
Trd, 4319551.643, 93
Trd, 4319551.693, 95
Trd, 4319554.343, 94
Trd, 4319555.093, 95
Trd, 4319555.393, 95
Trd, 4319558.193, 94
Trd, 4319559.793, 95
Trd, 4319561.843, 94
Trd, 4319562.143, 92
Trd, 4319562.793, 94
Trd, 4319563.993, 94
Trd, 4319566.543, 91
Trd, 4319567.643, 93
Trd, 4319567.843, 93
Trd, 4319568.493, 94
Trd, 4319570.593, 93
Trd, 4319571.643, 91
Trd, 4319572.293, 91
Trd, 4319573.843, 91
Trd, 4319574.593, 91
Trd, 4319576.093, 92
Trd, 4319577.343, 93
Trd, 4319577.743, 95
Trd, 4319580.543, 94
Trd, 4319580.843, 95
Trd, 4319581.843, 92
Trd, 4319583.893, 91
Trd, 4319584.743, 91
Trd, 4319585.193, 103
Trd, 4319587.393, 94
Trd, 4319587.793, 94
Trd, 4319590.593, 93
Trd, 4319592.043, 92
Trd, 4319593.043, 93
Trd, 4319595.543, 93
Trd, 4319596.743, 92
Trd, 4319597.593, 91
Trd, 4319598.743, 90
Trd, 4319599.443, 90
Trd, 4319599.493, 90
Trd, 4319601.393, 90
Trd, 4319603.793, 93
Trd, 4319606.493, 89
Trd, 4319607.743, 91
Trd, 4319608.743, 90
Trd, 4319609.043, 92
Trd, 4319610.993, 95
Trd, 4319611.793, 92
Trd, 4319613.993, 92
Trd, 4319614.843, 111
Trd, 4319617.193, 96
Trd, 4319619.393, 96
Trd, 4319620.393, 94
Trd, 4319621.943, 92
Trd, 4319622.243, 93
Trd, 4319622.993, 95
Trd, 4319624.293, 114
Trd, 4319626.293, 104
Trd, 4319627.193, 100
Trd, 4319629.843, 98
Trd, 4319632.443, 95
Trd, 4319632.493, 119
Trd, 4319634.493, 93
Trd, 4319636.393, 94
Trd, 4319636.743, 94
Trd, 4319636.993, 93
Trd, 4319637.993, 95
Trd, 4319639.593, 94
Trd, 4319641.343, 95
Trd, 4319643.043, 96
Trd, 4319644.443, 96
Trd, 4319645.093, 94
Trd, 4319645.193, 95
Trd, 4319647.293, 94
Trd, 4319647.443, 95
Trd, 4319648.043, 95
Trd, 4319649.443, 95
Trd, 4319652.593, 94
Trd, 4319653.343, 94
Trd, 4319654.293, 93
Trd, 4319654.443, 95
Trd, 4319654.493, 95
Trd, 4319654.843, 104
Trd, 4319659.393, 96
Trd, 4319660.443, 95
Trd, 4319660.943, 93
Trd, 4319661.093, 92
Trd, 4319661.643, 93
Trd, 4319664.043, 92
Trd, 4319665.643, 91
Trd, 4319665.743, 92
Trd, 4319669.543, 90
Trd, 4319670.343, 90
Trd, 4319671.493, 90
Trd, 4319672.443, 89
Trd, 4319672.993, 90
Trd, 4319673.393, 90
Trd, 4319675.543, 90
Trd, 4319677.893, 95
Trd, 4319678.643, 104
Trd, 4319679.443, 92
Trd, 4319680.043, 88
Trd, 4319681.743, 88
Trd, 4319683.793, 89
Trd, 4319684.693, 89
Trd, 4319685.093, 95
Trd, 4319686.243, 120
Trd, 4319690.193, 88
Trd, 4319690.793, 87
Trd, 4319691.543, 88
Trd, 4319693.993, 88
Trd, 4319695.043, 87
Trd, 4319695.243, 86
Trd, 4319695.493, 87
Trd, 4319698.093, 86
Trd, 4319700.093, 86
Trd, 4319700.693, 103
Trd, 4319702.093, 98
Trd, 4319703.843, 89
Trd, 4319705.743, 87
Trd, 4319706.343, 88
Trd, 4319707.043, 87
Trd, 4319709.743, 101
Trd, 4319711.893, 95
Trd, 4319712.643, 94
Trd, 4319713.093, 97
Trd, 4319713.593, 104
Trd, 4319715.593, 99
Trd, 4319717.893, 94
Trd, 4319718.343, 93
Trd, 4319719.193, 92
Trd, 4319721.343, 96
Trd, 4319722.793, 92
Trd, 4319723.943, 92
Trd, 4319726.143, 92
Trd, 4319726.543, 91
Trd, 4319727.793, 91
Trd, 4319729.793, 89
Trd, 4319730.543, 90
Trd, 4319732.443, 91
Trd, 4319732.493, 95
Trd, 4319733.143, 91
Trd, 4319735.843, 89
Trd, 4319736.443, 89
Trd, 4319737.793, 91
Trd, 4319738.543, 95
Trd, 4319738.593, 104
Trd, 4319741.793, 97
Trd, 4319743.643, 94
Trd, 4319744.593, 104
Trd, 4319748.093, 93
Trd, 4319748.143, 94
Trd, 4319751.543, 90
Trd, 4319751.993, 104
Trd, 4319755.693, 89
Trd, 4319756.293, 90
Trd, 4319757.543, 88
Trd, 4319758.943, 86
Trd, 4319760.293, 104
Trd, 4319760.993, 87
Trd, 4319761.943, 88
Trd, 4319762.393, 86
Trd, 4319763.043, 87
Trd, 4319763.343, 104
Trd, 4319766.793, 94
Trd, 4319769.043, 92
Trd, 4319769.143, 94
Trd, 4319769.243, 95
Trd, 4319771.493, 92
Trd, 4319771.743, 93
Trd, 4319773.543, 93
Trd, 4319773.643, 104
Trd, 4319776.743, 93
Trd, 4319777.443, 94
Trd, 4319778.293, 95
Trd, 4319780.343, 93
Trd, 4319780.843, 94
Trd, 4319782.693, 92
Trd, 4319783.893, 93
Trd, 4319784.243, 95
Trd, 4319784.293, 95
Trd, 4319788.193, 104
Trd, 4319788.293, 97
Trd, 4319791.643, 91
Trd, 4319792.193, 93
Trd, 4319792.843, 93
Trd, 4319793.143, 95
Trd, 4319795.493, 94
Trd, 4319796.693, 91
Trd, 4319797.693, 92
Trd, 4319798.343, 95
Trd, 4319798.793, 93
Trd, 4319801.343, 92
Trd, 4319802.293, 92
Trd, 4319804.243, 100
Trd, 4319805.443, 92
Trd, 4319805.793, 93
Trd, 4319808.543, 94
Trd, 4319810.193, 95
Trd, 4319811.743, 92
Trd, 4319811.793, 93
Trd, 4319814.043, 95
Trd, 4319815.393, 93
Trd, 4319815.793, 104
Trd, 4319817.943, 97
Trd, 4319820.693, 95
Trd, 4319821.193, 95
Trd, 4319821.993, 92
Trd, 4319822.493, 93
Trd, 4319825.443, 92
Trd, 4319826.093, 93
Trd, 4319826.243, 93
Trd, 4319829.443, 91
Trd, 4319830.343, 92
Trd, 4319831.843, 93
Trd, 4319835.093, 92
Trd, 4319835.743, 95
Trd, 4319836.393, 93
Trd, 4319837.093, 93
Trd, 4319839.793, 93
Trd, 4319839.843, 95
Trd, 4319843.043, 91
Trd, 4319843.793, 90
Trd, 4319844.643, 89
Trd, 4319846.993, 86
Trd, 4319847.993, 86
Trd, 4319848.743, 85
Trd, 4319849.793, 86
Trd, 4319850.643, 92
Trd, 4319851.243, 94
Trd, 4319851.893, 104
Trd, 4319853.943, 91
Trd, 4319855.893, 98
Trd, 4319856.443, 100
Trd, 4319857.493, 116
Trd, 4319857.893, 103
Trd, 4319861.593, 100
Trd, 4319863.343, 98
Trd, 4319864.193, 97
Trd, 4319865.943, 97
Trd, 4319866.093, 97
Trd, 4319866.743, 100
Trd, 4319867.843, 98
Trd, 4319869.143, 97
Trd, 4319870.393, 96
Trd, 4319870.643, 104
Trd, 4319874.043, 95
Trd, 4319875.743, 93
Trd, 4319876.343, 93
Trd, 4319878.143, 89
Trd, 4319878.793, 95
Trd, 4319879.993, 103
Trd, 4319880.943, 94
Trd, 4319886.943, 89
Trd, 4319888.143, 91
Trd, 4319888.493, 90
Trd, 4319889.093, 91
Trd, 4319890.643, 91
Trd, 4319890.893, 104
Trd, 4319892.593, 96
Trd, 4319895.393, 92
Trd, 4319899.243, 90
Trd, 4319899.343, 91
Trd, 4319899.743, 89
Trd, 4319901.843, 88
Trd, 4319902.393, 88
Trd, 4319903.293, 88
Trd, 4319905.443, 87
Trd, 4319906.143, 86
Trd, 4319906.743, 85
Trd, 4319907.493, 86
Trd, 4319908.743, 95
Trd, 4319913.093, 86
Trd, 4319913.743, 86
Trd, 4319914.943, 86
Trd, 4319915.693, 86
Trd, 4319918.093, 95
Trd, 4319920.893, 86
Trd, 4319921.743, 88
Trd, 4319922.093, 87
Trd, 4319923.243, 89
Trd, 4319925.643, 86
Trd, 4319926.743, 85
Trd, 4319928.243, 85
Trd, 4319928.993, 86
Trd, 4319929.243, 86
Trd, 4319929.993, 95
Trd, 4319931.943, 89
Trd, 4319934.043, 95
Trd, 4319935.193, 89
Trd, 4319936.693, 91
Trd, 4319938.443, 88
Trd, 4319938.543, 89
Trd, 4319939.393, 131
Trd, 4319940.593, 95
Trd, 4319941.243, 95
Trd, 4319944.143, 91
Trd, 4319945.743, 87
Trd, 4319946.993, 87
Trd, 4319948.043, 86
Trd, 4319948.293, 87
Trd, 4319949.293, 87
Trd, 4319951.393, 95
Trd, 4319953.093, 110
Trd, 4319956.593, 102
Trd, 4319958.293, 95
Trd, 4319959.043, 94
Trd, 4319959.793, 93
Trd, 4319960.193, 96
Trd, 4319961.543, 94
Trd, 4319963.393, 104
Trd, 4319963.993, 93
Trd, 4319964.043, 94
Trd, 4319967.393, 94
Trd, 4319968.343, 93
Trd, 4319968.443, 95
Trd, 4319970.793, 92
Trd, 4319972.143, 93
Trd, 4319974.193, 93
Trd, 4319974.493, 93
Trd, 4319974.893, 93
Trd, 4319976.693, 91
Trd, 4319978.143, 92
Trd, 4319979.093, 92
Trd, 4319981.643, 91
Trd, 4319982.243, 90
Trd, 4319983.743, 90
Trd, 4319984.893, 89
Trd, 4319985.293, 90
Trd, 4319986.743, 94
Trd, 4319988.693, 94
Trd, 4319992.393, 89
Trd, 4319993.043, 90
Trd, 4319994.093, 95
Trd, 4319995.093, 88
Trd, 4319995.793, 89
Trd, 4319997.093, 89
