Trd, 4317835.843, 95
Trd, 4317836.143, 95
Trd, 4317836.543, 94
Trd, 4317838.843, 98
Trd, 4317840.893, 104
Trd, 4317842.043, 94
Trd, 4317842.493, 93
Trd, 4317842.543, 93
Trd, 4317844.393, 93
Trd, 4317845.793, 93
Trd, 4317847.543, 92
Trd, 4317847.993, 91
Trd, 4317848.593, 90
Trd, 4317849.443, 104
Trd, 4317851.143, 90
Trd, 4317852.793, 92
Trd, 4317853.443, 91
Trd, 4317853.943, 86
Trd, 4317854.443, 89
Trd, 4317855.193, 84
Trd, 4317857.693, 91
Trd, 4317860.293, 99
Trd, 4317861.293, 97
Trd, 4317861.843, 104
Trd, 4317861.943, 93
Trd, 4317865.593, 97
Trd, 4317866.893, 96
Trd, 4317867.243, 95
Trd, 4317868.343, 95
Trd, 4317870.143, 94
Trd, 4317870.493, 83
Trd, 4317871.293, 105
Trd, 4317872.343, 93
Trd, 4317874.343, 93
Trd, 4317876.943, 95
Trd, 4317880.643, 92
Trd, 4317881.893, 95
Trd, 4317882.193, 92
Trd, 4317883.243, 92
Trd, 4317884.043, 82
Trd, 4317884.593, 95
Trd, 4317885.993, 89
Trd, 4317887.693, 95
Trd, 4317888.543, 91
Trd, 4317890.243, 91
Trd, 4317893.443, 90
Trd, 4317893.593, 94
Trd, 4317895.743, 93
Trd, 4317895.793, 95
Trd, 4317896.243, 91
Trd, 4317896.343, 91
Trd, 4317899.143, 95
Trd, 4317900.193, 91
Trd, 4317902.243, 95
Trd, 4317902.993, 93
Trd, 4317906.293, 92
Trd, 4317906.443, 92
Trd, 4317908.093, 95
Trd, 4317911.043, 92
Trd, 4317913.093, 95
Trd, 4317914.343, 91
Trd, 4317914.593, 91
Trd, 4317916.193, 94
Trd, 4317917.643, 95
Trd, 4317920.693, 95
Trd, 4317921.193, 95
Trd, 4317922.443, 95
Trd, 4317922.793, 94
Trd, 4317924.243, 93
Trd, 4317928.143, 93
Trd, 4317928.743, 92
Trd, 4317931.043, 92
Trd, 4317933.493, 104
Trd, 4317935.043, 93
Trd, 4317935.893, 93
Trd, 4317939.093, 94
Trd, 4317939.193, 93
Trd, 4317941.943, 92
Trd, 4317942.543, 95
Trd, 4317943.593, 92
Trd, 4317947.543, 91
Trd, 4317950.443, 95
Trd, 4317952.693, 93
Trd, 4317952.993, 92
Trd, 4317953.193, 104
Trd, 4317959.293, 105
Trd, 4317959.543, 96
Trd, 4317959.743, 93
Trd, 4317960.193, 95
Trd, 4317961.843, 89
Trd, 4317962.243, 89
Trd, 4317963.743, 90
Trd, 4317964.093, 90
Trd, 4317965.193, 95
Trd, 4317965.843, 90
Trd, 4317967.193, 90
Trd, 4317967.243, 89
Trd, 4317970.793, 89
Trd, 4317975.393, 92
Trd, 4317975.843, 89
Trd, 4317976.593, 88
Trd, 4317978.293, 88
Trd, 4317979.543, 93
Trd, 4317984.493, 87
Trd, 4317984.843, 87
Trd, 4317985.393, 95
Trd, 4317986.543, 92
Trd, 4317987.293, 91
Trd, 4317988.193, 90
Trd, 4317988.293, 90
Trd, 4317991.893, 89
Trd, 4317992.443, 89
Trd, 4317992.743, 88
Trd, 4317994.493, 91
Trd, 4317998.743, 88
Trd, 4318000.093, 92
Trd, 4318000.393, 103
Trd, 4318001.743, 95
Trd, 4318002.543, 109
Trd, 4318003.993, 103
Trd, 4318005.743, 102
Trd, 4318006.443, 101
Trd, 4318006.743, 99
Trd, 4318008.243, 99
Trd, 4318008.943, 87
Trd, 4318011.743, 103
Trd, 4318012.643, 96
Trd, 4318013.293, 95
Trd, 4318015.243, 94
Trd, 4318016.993, 95
Trd, 4318017.493, 94
Trd, 4318017.943, 92
Trd, 4318020.393, 92
Trd, 4318020.993, 92
Trd, 4318021.393, 94
Trd, 4318024.843, 91
Trd, 4318024.943, 104
Trd, 4318025.893, 95
Trd, 4318028.343, 95
Trd, 4318029.543, 94
Trd, 4318030.743, 94
Trd, 4318031.293, 93
Trd, 4318033.443, 93
Trd, 4318035.993, 93
Trd, 4318038.743, 92
Trd, 4318039.743, 92
Trd, 4318040.393, 94
Trd, 4318041.143, 92
Trd, 4318042.543, 105
Trd, 4318042.843, 99
Trd, 4318043.193, 99
Trd, 4318044.243, 85
Trd, 4318045.943, 95
Trd, 4318048.593, 93
Trd, 4318050.093, 92
Trd, 4318053.493, 93
Trd, 4318053.543, 93
Trd, 4318054.593, 77
Trd, 4318054.793, 80
Trd, 4318057.943, 91
Trd, 4318059.193, 88
Trd, 4318060.343, 95
Trd, 4318062.943, 87
Trd, 4318063.643, 87
Trd, 4318064.943, 86
Trd, 4318065.243, 90
Trd, 4318065.293, 85
Trd, 4318066.643, 91
Trd, 4318069.993, 85
Trd, 4318070.393, 85
Trd, 4318071.543, 90
Trd, 4318073.393, 87
Trd, 4318076.693, 86
Trd, 4318077.443, 84
Trd, 4318080.293, 87
Trd, 4318080.393, 88
Trd, 4318081.093, 84
Trd, 4318082.543, 91
Trd, 4318084.793, 89
Trd, 4318084.893, 87
Trd, 4318089.793, 89
Trd, 4318089.943, 90
Trd, 4318091.693, 99
Trd, 4318092.643, 102
Trd, 4318093.493, 102
Trd, 4318093.993, 102
Trd, 4318095.393, 101
Trd, 4318096.243, 103
Trd, 4318096.993, 100
Trd, 4318099.593, 101
Trd, 4318099.643, 101
Trd, 4318102.043, 100
Trd, 4318102.993, 100
Trd, 4318103.743, 98
Trd, 4318106.093, 95
Trd, 4318106.693, 85
Trd, 4318107.393, 88
Trd, 4318107.993, 89
Trd, 4318108.393, 95
Trd, 4318110.843, 95
Trd, 4318111.493, 93
Trd, 4318113.443, 92
Trd, 4318113.943, 95
Trd, 4318115.443, 93
Trd, 4318117.843, 96
Trd, 4318118.843, 93
Trd, 4318120.743, 94
Trd, 4318121.643, 93
Trd, 4318122.243, 101
Trd, 4318122.343, 92
Trd, 4318126.993, 99
Trd, 4318128.793, 93
Trd, 4318129.193, 92
Trd, 4318129.343, 91
Trd, 4318132.743, 91
Trd, 4318133.593, 91
Trd, 4318137.043, 92
Trd, 4318138.493, 92
Trd, 4318140.393, 94
Trd, 4318140.693, 95
Trd, 4318141.943, 91
Trd, 4318143.743, 91
Trd, 4318144.543, 90
Trd, 4318144.643, 90
Trd, 4318146.543, 104
Trd, 4318148.143, 96
Trd, 4318148.793, 100
Trd, 4318148.993, 113
Trd, 4318149.843, 100
Trd, 4318151.843, 102
Trd, 4318152.093, 99
Trd, 4318154.293, 100
Trd, 4318154.843, 100
Trd, 4318156.393, 104
Trd, 4318156.593, 100
Trd, 4318159.043, 103
Trd, 4318160.993, 101
Trd, 4318163.343, 101
Trd, 4318164.543, 101
Trd, 4318164.593, 102
Trd, 4318164.943, 100
Trd, 4318165.943, 84
Trd, 4318166.393, 88
Trd, 4318168.643, 94
Trd, 4318169.543, 99
Trd, 4318171.243, 94
Trd, 4318173.093, 93
Trd, 4318173.793, 92
Trd, 4318173.843, 92
Trd, 4318174.793, 95
Trd, 4318176.693, 91
Trd, 4318178.593, 91
Trd, 4318179.743, 101
Trd, 4318180.743, 90
Trd, 4318181.093, 99
Trd, 4318183.293, 95
Trd, 4318185.443, 95
Trd, 4318185.943, 94
Trd, 4318187.443, 94
Trd, 4318189.143, 92
Trd, 4318191.093, 95
Trd, 4318191.443, 91
Trd, 4318195.193, 93
Trd, 4318195.943, 91
Trd, 4318198.093, 91
Trd, 4318200.493, 91
Trd, 4318201.893, 91
Trd, 4318203.243, 90
Trd, 4318203.993, 89
Trd, 4318207.243, 95
Trd, 4318208.743, 89
Trd, 4318211.593, 88
Trd, 4318212.593, 88
Trd, 4318215.493, 88
Trd, 4318217.943, 89
Trd, 4318218.143, 87
Trd, 4318218.393, 93
Trd, 4318220.693, 86
Trd, 4318224.793, 86
Trd, 4318225.943, 85
Trd, 4318226.993, 88
Trd, 4318229.043, 86
Trd, 4318229.843, 85
Trd, 4318232.693, 102
Trd, 4318233.043, 95
Trd, 4318233.493, 90
Trd, 4318235.993, 92
Trd, 4318238.093, 91
Trd, 4318238.993, 90
Trd, 4318241.393, 90
Trd, 4318241.543, 96
Trd, 4318242.943, 92
Trd, 4318243.893, 94
Trd, 4318246.743, 94
Trd, 4318250.143, 94
Trd, 4318251.193, 93
Trd, 4318251.693, 93
Trd, 4318253.143, 92
Trd, 4318255.393, 92
Trd, 4318256.393, 95
Trd, 4318257.443, 92
Trd, 4318258.093, 84
Trd, 4318261.493, 94
Trd, 4318262.043, 90
Trd, 4318262.293, 95
Trd, 4318263.743, 93
Trd, 4318263.843, 93
Trd, 4318268.893, 94
Trd, 4318269.643, 94
Trd, 4318270.993, 95
Trd, 4318271.593, 93
Trd, 4318272.143, 93
Trd, 4318273.243, 102
Trd, 4318276.693, 94
Trd, 4318276.843, 94
Trd, 4318277.243, 94
Trd, 4318278.693, 94
Trd, 4318282.843, 94
Trd, 4318283.143, 93
Trd, 4318285.243, 93
Trd, 4318287.293, 92
Trd, 4318289.743, 95
Trd, 4318289.993, 91
Trd, 4318291.293, 91
Trd, 4318291.643, 90
Trd, 4318294.543, 91
Trd, 4318295.993, 90
Trd, 4318298.093, 90
Trd, 4318298.293, 93
Trd, 4318299.143, 89
Trd, 4318302.643, 93
Trd, 4318304.793, 90
Trd, 4318306.343, 88
Trd, 4318308.043, 87
Trd, 4318310.243, 86
Trd, 4318313.493, 86
Trd, 4318314.843, 93
Trd, 4318315.343, 86
Trd, 4318318.493, 85
Trd, 4318318.893, 85
Trd, 4318320.193, 88
Trd, 4318322.793, 89
Trd, 4318323.043, 84
Trd, 4318323.793, 84
Trd, 4318324.793, 88
Trd, 4318326.593, 86
Trd, 4318329.043, 86
Trd, 4318330.793, 84
Trd, 4318333.043, 84
Trd, 4318335.193, 83
Trd, 4318335.993, 86
Trd, 4318336.143, 83
Trd, 4318338.493, 82
Trd, 4318341.493, 86
Trd, 4318343.893, 82
Trd, 4318348.143, 86
Trd, 4318349.943, 84
Trd, 4318351.893, 86
Trd, 4318352.243, 84
Trd, 4318356.693, 86
Trd, 4318357.093, 86
Trd, 4318358.393, 89
Trd, 4318358.843, 91
Trd, 4318359.843, 91
Trd, 4318360.493, 91
Trd, 4318362.543, 93
Trd, 4318363.993, 92
Trd, 4318364.443, 103
Trd, 4318365.343, 94
Trd, 4318366.193, 99
Trd, 4318369.793, 94
Trd, 4318370.993, 102
Trd, 4318371.293, 93
Trd, 4318371.743, 93
Trd, 4318375.193, 93
Trd, 4318375.343, 93
Trd, 4318378.643, 102
Trd, 4318379.543, 94
Trd, 4318382.543, 96
Trd, 4318382.743, 96
Trd, 4318385.343, 95
Trd, 4318385.993, 100
Trd, 4318388.193, 94
Trd, 4318389.693, 95
Trd, 4318390.493, 101
Trd, 4318394.543, 96
Trd, 4318394.943, 95
Trd, 4318395.843, 94
Trd, 4318396.093, 97
Trd, 4318399.843, 95
Trd, 4318403.343, 94
Trd, 4318405.943, 94
Trd, 4318405.993, 96
Trd, 4318409.193, 93
Trd, 4318411.093, 95
Trd, 4318411.943, 93
Trd, 4318412.343, 93
Trd, 4318416.693, 93
Trd, 4318416.943, 92
Trd, 4318417.093, 95
Trd, 4318417.993, 91
Trd, 4318418.743, 91
Trd, 4318423.193, 92
Trd, 4318423.543, 87
Trd, 4318424.443, 88
Trd, 4318425.443, 86
Trd, 4318425.643, 95
Trd, 4318425.793, 84
Trd, 4318429.943, 89
Trd, 4318430.293, 92
Trd, 4318433.043, 90
Trd, 4318434.743, 88
Trd, 4318435.193, 88
Trd, 4318435.243, 92
Trd, 4318436.993, 84
Trd, 4318437.843, 87
Trd, 4318438.793, 86
Trd, 4318441.293, 87
Trd, 4318441.443, 89
Trd, 4318442.243, 85
Trd, 4318444.743, 85
Trd, 4318446.393, 84
Trd, 4318449.043, 95
Trd, 4318449.243, 83
Trd, 4318451.843, 90
Trd, 4318453.243, 85
Trd, 4318454.043, 87
Trd, 4318455.793, 85
Trd, 4318458.143, 85
Trd, 4318460.293, 90
Trd, 4318462.293, 91
Trd, 4318463.343, 94
Trd, 4318465.443, 94
Trd, 4318465.693, 94
Trd, 4318466.043, 99
Trd, 4318469.143, 93
Trd, 4318469.943, 93
Trd, 4318471.343, 93
Trd, 4318471.643, 91
Trd, 4318472.993, 92
Trd, 4318476.093, 95
Trd, 4318477.143, 94
Trd, 4318477.593, 92
Trd, 4318478.743, 91
Trd, 4318481.093, 95
Trd, 4318485.893, 93
Trd, 4318487.043, 95
Trd, 4318487.443, 92
Trd, 4318490.143, 95
Trd, 4318490.893, 92
Trd, 4318491.543, 91
Trd, 4318492.093, 91
Trd, 4318493.843, 90
Trd, 4318496.343, 89
Trd, 4318497.093, 94
Trd, 4318497.393, 89
Trd, 4318498.643, 88
Trd, 4318499.443, 94
Trd, 4318503.493, 88
Trd, 4318504.093, 103
Trd, 4318505.243, 87
Trd, 4318505.543, 77
Trd, 4318508.093, 86
Trd, 4318509.593, 88
Trd, 4318511.343, 85
Trd, 4318511.693, 88
Trd, 4318512.943, 84
Trd, 4318513.893, 84
Trd, 4318515.943, 89
Trd, 4318516.843, 85
Trd, 4318519.293, 89
Trd, 4318519.393, 92
Trd, 4318519.893, 87
Trd, 4318520.193, 86
Trd, 4318523.993, 85
Trd, 4318525.993, 86
Trd, 4318527.493, 88
Trd, 4318532.293, 87
Trd, 4318532.343, 85
Trd, 4318533.893, 85
Trd, 4318537.043, 84
Trd, 4318537.743, 90
Trd, 4318539.293, 89
Trd, 4318539.593, 87
Trd, 4318540.193, 86
Trd, 4318541.843, 85
Trd, 4318542.443, 85
Trd, 4318543.643, 101
Trd, 4318546.943, 89
Trd, 4318549.343, 84
Trd, 4318550.993, 88
Trd, 4318552.143, 87
Trd, 4318552.893, 83
Trd, 4318554.393, 87
Trd, 4318554.493, 95
Trd, 4318555.593, 82
Trd, 4318559.043, 81
Trd, 4318562.943, 80
Trd, 4318563.743, 82
Trd, 4318564.393, 95
Trd, 4318566.393, 85
Trd, 4318566.893, 82
Trd, 4318569.343, 83
Trd, 4318571.293, 85
Trd, 4318576.043, 93
Trd, 4318576.343, 89
Trd, 4318576.643, 85
Trd, 4318577.593, 86
Trd, 4318579.943, 86
Trd, 4318581.143, 89
Trd, 4318582.443, 86
Trd, 4318584.393, 85
Trd, 4318585.993, 84
Trd, 4318586.543, 89
Trd, 4318591.493, 88
Trd, 4318592.943, 84
Trd, 4318593.393, 90
Trd, 4318595.143, 87
Trd, 4318596.543, 86
Trd, 4318598.443, 87
Trd, 4318603.293, 88
Trd, 4318603.543, 86
Trd, 4318605.893, 85
Trd, 4318606.493, 87
Trd, 4318606.843, 84
Trd, 4318612.043, 84
Trd, 4318613.043, 83
Trd, 4318617.493, 83
Trd, 4318618.993, 86
Trd, 4318621.343, 86
Trd, 4318622.593, 85
Trd, 4318622.893, 102
Trd, 4318625.143, 91
Trd, 4318626.443, 89
Trd, 4318632.193, 88
Trd, 4318632.593, 88
Trd, 4318632.843, 87
Trd, 4318636.393, 90
Trd, 4318637.993, 87
Trd, 4318638.293, 89
Trd, 4318639.193, 86
Trd, 4318640.993, 86
Trd, 4318641.693, 85
Trd, 4318641.893, 85
Trd, 4318644.993, 88
Trd, 4318646.393, 87
Trd, 4318649.443, 88
Trd, 4318650.043, 86
Trd, 4318652.143, 90
Trd, 4318652.193, 103
Trd, 4318655.743, 89
Trd, 4318656.743, 95
Trd, 4318658.543, 92
Trd, 4318659.293, 92
Trd, 4318663.693, 96
Trd, 4318664.543, 94
Trd, 4318664.643, 91
Trd, 4318667.043, 95
Trd, 4318667.143, 91
Trd, 4318669.093, 95
Trd, 4318669.443, 93
Trd, 4318673.743, 94
Trd, 4318676.493, 92
Trd, 4318678.743, 92
Trd, 4318678.943, 91
Trd, 4318679.693, 94
Trd, 4318679.793, 90
Trd, 4318680.193, 89
Trd, 4318681.993, 88
Trd, 4318685.743, 90
Trd, 4318686.643, 89
Trd, 4318688.893, 88
Trd, 4318689.493, 90
Trd, 4318691.843, 90
Trd, 4318691.943, 88
Trd, 4318696.943, 88
Trd, 4318697.093, 88
Trd, 4318697.293, 104
Trd, 4318700.043, 95
Trd, 4318700.343, 89
Trd, 4318701.093, 94
Trd, 4318701.743, 90
Trd, 4318702.343, 104
Trd, 4318703.543, 89
Trd, 4318706.893, 95
Trd, 4318708.943, 88
Trd, 4318711.343, 93
Trd, 4318713.093, 87
Trd, 4318713.143, 87
Trd, 4318713.343, 87
Trd, 4318713.943, 95
Trd, 4318716.293, 88
Trd, 4318716.643, 89
Trd, 4318718.143, 93
Trd, 4318718.443, 85
Trd, 4318722.843, 90
Trd, 4318723.043, 90
Trd, 4318723.893, 93
Trd, 4318725.543, 91
Trd, 4318726.493, 90
Trd, 4318727.393, 94
Trd, 4318728.343, 104
Trd, 4318732.393, 91
Trd, 4318735.193, 91
Trd, 4318735.343, 94
Trd, 4318738.643, 90
Trd, 4318739.793, 89
Trd, 4318740.793, 85
Trd, 4318741.643, 89
Trd, 4318745.893, 87
Trd, 4318746.293, 92
Trd, 4318746.793, 95
Trd, 4318747.143, 89
Trd, 4318747.343, 88
Trd, 4318750.043, 88
Trd, 4318750.143, 90
Trd, 4318752.993, 87
Trd, 4318755.643, 86
Trd, 4318755.993, 85
Trd, 4318756.793, 86
Trd, 4318758.093, 85
Trd, 4318758.643, 95
Trd, 4318760.843, 90
Trd, 4318761.593, 87
Trd, 4318761.693, 86
Trd, 4318765.493, 91
Trd, 4318766.143, 87
Trd, 4318766.543, 87
Trd, 4318766.793, 87
Trd, 4318769.793, 86
Trd, 4318771.393, 90
Trd, 4318772.343, 99
Trd, 4318772.493, 90
Trd, 4318774.243, 91
Trd, 4318774.393, 90
Trd, 4318774.543, 85
Trd, 4318778.043, 92
Trd, 4318780.593, 92
Trd, 4318781.143, 95
Trd, 4318781.293, 92
Trd, 4318783.893, 92
Trd, 4318786.043, 91
Trd, 4318787.143, 91
Trd, 4318788.043, 90
Trd, 4318789.293, 89
Trd, 4318793.043, 88
Trd, 4318793.793, 93
Trd, 4318794.643, 93
Trd, 4318795.143, 89
Trd, 4318796.193, 89
Trd, 4318797.843, 94
Trd, 4318798.243, 89
Trd, 4318798.793, 85
Trd, 4318799.693, 86
Trd, 4318803.243, 95
Trd, 4318804.443, 89
Trd, 4318806.943, 95
Trd, 4318807.743, 88
Trd, 4318808.643, 88
Trd, 4318808.993, 104
Trd, 4318811.093, 87
Trd, 4318811.643, 87
Trd, 4318812.943, 87
Trd, 4318816.693, 86
Trd, 4318820.343, 113
Trd, 4318821.243, 85
Trd, 4318823.293, 95
Trd, 4318824.293, 95
Trd, 4318825.693, 95
Trd, 4318826.243, 99
Trd, 4318826.643, 94
Trd, 4318828.493, 104
Trd, 4318830.593, 95
Trd, 4318831.743, 95
Trd, 4318832.993, 95
Trd, 4318833.893, 97
Trd, 4318837.243, 94
Trd, 4318837.443, 94
Trd, 4318837.843, 93
Trd, 4318838.993, 92
Trd, 4318840.643, 91
Trd, 4318842.343, 90
Trd, 4318842.643, 95
Trd, 4318844.143, 90
Trd, 4318846.893, 90
Trd, 4318848.193, 95
Trd, 4318848.843, 90
Trd, 4318851.943, 89
Trd, 4318852.643, 93
Trd, 4318852.793, 89
Trd, 4318857.093, 89
Trd, 4318857.843, 89
Trd, 4318858.443, 88
Trd, 4318858.743, 94
Trd, 4318859.993, 95
Trd, 4318861.343, 93
Trd, 4318861.793, 92
Trd, 4318863.043, 95
Trd, 4318864.343, 95
Trd, 4318866.143, 93
Trd, 4318868.593, 93
Trd, 4318870.093, 93
Trd, 4318871.043, 95
Trd, 4318872.643, 92
Trd, 4318873.693, 93
Trd, 4318876.243, 96
Trd, 4318876.443, 92
Trd, 4318878.493, 94
Trd, 4318879.743, 91
Trd, 4318880.543, 92
Trd, 4318882.293, 91
Trd, 4318884.293, 96
Trd, 4318886.393, 95
Trd, 4318888.243, 102
Trd, 4318888.893, 95
Trd, 4318890.393, 95
Trd, 4318890.643, 97
Trd, 4318894.243, 94
Trd, 4318894.543, 94
Trd, 4318894.993, 94
Trd, 4318895.343, 93
Trd, 4318896.343, 92
Trd, 4318898.193, 92
Trd, 4318898.843, 94
Trd, 4318901.043, 94
Trd, 4318902.693, 91
Trd, 4318902.743, 91
Trd, 4318902.993, 89
Trd, 4318906.693, 90
Trd, 4318907.743, 89
Trd, 4318909.793, 89
Trd, 4318909.893, 88
Trd, 4318910.643, 93
Trd, 4318911.143, 88
Trd, 4318914.543, 93
Trd, 4318914.743, 99
Trd, 4318918.293, 93
Trd, 4318919.693, 95
Trd, 4318922.543, 93
Trd, 4318923.993, 92
Trd, 4318924.543, 92
Trd, 4318924.843, 95
Trd, 4318925.593, 93
Trd, 4318925.693, 92
Trd, 4318926.293, 104
Trd, 4318928.643, 91
Trd, 4318929.793, 91
Trd, 4318930.793, 90
Trd, 4318932.543, 85
Trd, 4318934.093, 95
Trd, 4318937.693, 95
Trd, 4318938.393, 93
Trd, 4318939.243, 96
Trd, 4318939.693, 93
Trd, 4318941.643, 93
Trd, 4318942.343, 92
Trd, 4318944.393, 93
Trd, 4318945.293, 95
Trd, 4318948.293, 92
Trd, 4318950.143, 91
Trd, 4318950.593, 94
Trd, 4318950.943, 91
Trd, 4318953.243, 90
Trd, 4318957.393, 91
Trd, 4318958.293, 91
Trd, 4318958.743, 95
Trd, 4318959.943, 90
Trd, 4318960.093, 95
Trd, 4318960.543, 90
Trd, 4318961.543, 88
Trd, 4318963.743, 87
Trd, 4318963.993, 87
Trd, 4318966.193, 95
Trd, 4318966.793, 88
Trd, 4318968.593, 89
Trd, 4318968.893, 92
Trd, 4318971.143, 87
Trd, 4318973.143, 103
Trd, 4318973.993, 89
Trd, 4318976.543, 91
Trd, 4318977.043, 87
Trd, 4318978.243, 87
Trd, 4318978.493, 86
Trd, 4318978.593, 85
Trd, 4318980.143, 89
Trd, 4318981.093, 85
Trd, 4318984.743, 101
Trd, 4318985.343, 97
Trd, 4318986.593, 96
Trd, 4318987.893, 86
Trd, 4318989.243, 92
Trd, 4318989.893, 96
Trd, 4318990.993, 91
Trd, 4318991.243, 83
Trd, 4318992.593, 93
Trd, 4318993.193, 92
Trd, 4318996.693, 92
Trd, 4318996.943, 94
Trd, 4318998.693, 95
Trd, 4318999.443, 92
Trd, 4319000.393, 92
Trd, 4319000.843, 91
Trd, 4319003.843, 91
Trd, 4319005.543, 95
Trd, 4319007.193, 91
Trd, 4319007.743, 94
Trd, 4319008.543, 91
Trd, 4319008.693, 89
Trd, 4319009.693, 90
Trd, 4319013.693, 95
Trd, 4319014.193, 92
Trd, 4319014.693, 89
Trd, 4319015.193, 90
Trd, 4319017.893, 89
Trd, 4319019.643, 88
Trd, 4319020.943, 88
Trd, 4319021.043, 90
Trd, 4319024.343, 87
Trd, 4319024.493, 88
Trd, 4319026.343, 95
Trd, 4319029.743, 87
Trd, 4319030.743, 91
Trd, 4319031.393, 86
Trd, 4319032.343, 91
Trd, 4319036.243, 90
Trd, 4319036.593, 90
Trd, 4319037.493, 89
Trd, 4319037.743, 92
Trd, 4319039.693, 88
Trd, 4319040.093, 88
Trd, 4319044.943, 99
Trd, 4319045.293, 95
Trd, 4319048.543, 95
Trd, 4319049.543, 96
Trd, 4319052.043, 95
Trd, 4319052.643, 94
Trd, 4319053.893, 94
Trd, 4319055.343, 95
Trd, 4319055.793, 93
Trd, 4319059.793, 93
Trd, 4319060.293, 95
Trd, 4319061.393, 92
Trd, 4319062.793, 92
Trd, 4319064.093, 92
Trd, 4319066.493, 92
Trd, 4319067.643, 95
Trd, 4319070.093, 91
Trd, 4319072.093, 91
Trd, 4319073.693, 91
Trd, 4319075.443, 91
Trd, 4319076.443, 95
Trd, 4319077.993, 90
Trd, 4319079.093, 90
Trd, 4319079.793, 95
Trd, 4319080.843, 97
Trd, 4319083.643, 91
Trd, 4319085.343, 94
Trd, 4319086.143, 92
Trd, 4319087.643, 92
Trd, 4319089.193, 91
Trd, 4319091.193, 90
Trd, 4319092.143, 90
Trd, 4319093.243, 89
Trd, 4319094.143, 86
Trd, 4319097.743, 88
Trd, 4319099.543, 87
Trd, 4319101.643, 86
Trd, 4319102.043, 85
Trd, 4319102.993, 88
Trd, 4319103.643, 92
Trd, 4319104.993, 91
Trd, 4319108.143, 95
Trd, 4319110.293, 90
Trd, 4319110.493, 91
Trd, 4319110.643, 90
Trd, 4319114.843, 92
Trd, 4319117.693, 90
Trd, 4319118.593, 91
Trd, 4319118.943, 91
Trd, 4319121.243, 97
Trd, 4319123.993, 95
Trd, 4319125.993, 102
Trd, 4319127.693, 95
Trd, 4319128.543, 95
Trd, 4319128.743, 95
Trd, 4319131.443, 95
Trd, 4319132.443, 95
Trd, 4319133.643, 96
Trd, 4319134.193, 95
Trd, 4319134.693, 95
Trd, 4319137.693, 94
Trd, 4319138.243, 95
Trd, 4319138.793, 94
Trd, 4319139.243, 94
Trd, 4319139.993, 86
Trd, 4319140.643, 85
Trd, 4319141.343, 88
Trd, 4319143.393, 89
Trd, 4319143.643, 95
Trd, 4319145.593, 87
Trd, 4319147.143, 94
Trd, 4319147.593, 93
Trd, 4319148.843, 90
Trd, 4319149.343, 90
Trd, 4319152.043, 90
Trd, 4319153.193, 95
Trd, 4319155.393, 89
Trd, 4319155.743, 89
Trd, 4319157.543, 93
Trd, 4319157.693, 88
Trd, 4319160.893, 90
Trd, 4319162.693, 84
Trd, 4319164.793, 90
Trd, 4319165.593, 90
Trd, 4319169.543, 89
Trd, 4319169.793, 90
Trd, 4319169.943, 95
Trd, 4319170.343, 88
Trd, 4319173.493, 92
Trd, 4319174.493, 95
Trd, 4319176.343, 101
Trd, 4319178.243, 95
Trd, 4319181.093, 94
Trd, 4319181.143, 94
Trd, 4319183.193, 93
Trd, 4319184.043, 92
Trd, 4319184.893, 95
Trd, 4319187.343, 91
Trd, 4319187.593, 91
Trd, 4319189.243, 95
Trd, 4319189.693, 94
Trd, 4319189.843, 91
Trd, 4319191.093, 91
Trd, 4319192.843, 91
Trd, 4319194.643, 94
Trd, 4319195.143, 90
Trd, 4319198.193, 93
Trd, 4319200.293, 92
Trd, 4319200.593, 94
Trd, 4319200.693, 91
Trd, 4319202.143, 90
Trd, 4319203.593, 104
Trd, 4319204.343, 98
Trd, 4319204.643, 99
Trd, 4319207.593, 101
Trd, 4319207.943, 100
Trd, 4319208.593, 99
Trd, 4319210.293, 99
Trd, 4319210.593, 98
Trd, 4319211.393, 100
Trd, 4319212.443, 98
Trd, 4319215.193, 93
Trd, 4319215.243, 85
Trd, 4319215.543, 113
Trd, 4319218.743, 95
Trd, 4319220.343, 100
Trd, 4319220.393, 95
Trd, 4319222.243, 94
Trd, 4319222.993, 94
Trd, 4319224.643, 94
Trd, 4319227.793, 98
Trd, 4319228.143, 94
Trd, 4319228.443, 93
Trd, 4319228.743, 86
Trd, 4319229.943, 88
Trd, 4319231.043, 103
Trd, 4319231.893, 89
Trd, 4319237.093, 88
Trd, 4319237.443, 88
Trd, 4319237.693, 85
Trd, 4319238.193, 92
Trd, 4319239.343, 86
Trd, 4319241.093, 86
Trd, 4319242.293, 90
Trd, 4319244.693, 95
Trd, 4319246.243, 89
Trd, 4319248.693, 88
Trd, 4319249.293, 91
Trd, 4319249.643, 87
Trd, 4319250.593, 86
Trd, 4319253.243, 87
Trd, 4319253.643, 104
Trd, 4319256.193, 90
Trd, 4319257.093, 91
Trd, 4319259.993, 89
Trd, 4319260.043, 89
Trd, 4319261.443, 85
Trd, 4319263.693, 88
Trd, 4319264.343, 95
Trd, 4319266.043, 88
Trd, 4319269.193, 90
Trd, 4319270.493, 92
Trd, 4319271.193, 91
Trd, 4319271.593, 89
Trd, 4319274.193, 94
Trd, 4319274.743, 89
Trd, 4319276.693, 94
Trd, 4319277.093, 94
Trd, 4319277.843, 93
Trd, 4319280.493, 93
Trd, 4319280.793, 101
Trd, 4319283.993, 96
Trd, 4319284.493, 95
Trd, 4319285.093, 94
Trd, 4319285.593, 105
Trd, 4319287.143, 94
Trd, 4319287.693, 100
Trd, 4319288.643, 93
Trd, 4319291.743, 96
Trd, 4319293.543, 96
Trd, 4319294.743, 96
Trd, 4319296.143, 95
Trd, 4319297.393, 94
Trd, 4319299.393, 94
Trd, 4319301.843, 93
Trd, 4319303.293, 95
Trd, 4319304.593, 95
Trd, 4319305.293, 96
Trd, 4319306.143, 103
Trd, 4319306.293, 96
Trd, 4319308.793, 95
Trd, 4319310.293, 94
Trd, 4319312.693, 94
Trd, 4319313.143, 95
Trd, 4319315.693, 93
Trd, 4319317.143, 93
Trd, 4319318.593, 92
Trd, 4319318.743, 92
Trd, 4319319.943, 79
Trd, 4319320.993, 87
Trd, 4319322.443, 104
Trd, 4319324.893, 87
Trd, 4319325.793, 88
Trd, 4319326.093, 93
Trd, 4319327.493, 88
Trd, 4319327.693, 90
Trd, 4319332.143, 88
Trd, 4319332.593, 88
Trd, 4319333.593, 87
Trd, 4319336.643, 87
Trd, 4319337.793, 89
Trd, 4319338.493, 90
Trd, 4319339.693, 95
Trd, 4319341.593, 90
Trd, 4319342.693, 91
Trd, 4319343.693, 90
Trd, 4319345.343, 92
Trd, 4319346.093, 91
Trd, 4319346.693, 91
Trd, 4319351.743, 91
Trd, 4319353.243, 92
Trd, 4319353.693, 91
Trd, 4319354.243, 90
Trd, 4319356.793, 95
Trd, 4319357.843, 89
Trd, 4319359.743, 93
Trd, 4319362.143, 88
Trd, 4319362.293, 88
Trd, 4319363.343, 88
Trd, 4319365.343, 88
Trd, 4319365.493, 91
Trd, 4319366.043, 95
Trd, 4319366.343, 94
Trd, 4319366.543, 92
Trd, 4319368.693, 95
Trd, 4319373.443, 100
Trd, 4319373.793, 99
Trd, 4319375.193, 99
Trd, 4319375.843, 99
Trd, 4319376.143, 98
Trd, 4319379.343, 99
Trd, 4319379.643, 97
Trd, 4319381.993, 99
Trd, 4319382.043, 96
Trd, 4319383.093, 96
Trd, 4319384.193, 90
Trd, 4319385.793, 93
Trd, 4319386.543, 91
Trd, 4319386.593, 85
Trd, 4319389.443, 92
Trd, 4319390.343, 89
Trd, 4319391.293, 89
Trd, 4319392.243, 88
Trd, 4319393.193, 103
Trd, 4319395.893, 95
Trd, 4319397.043, 92
Trd, 4319398.443, 95
Trd, 4319399.043, 91
Trd, 4319399.843, 104
Trd, 4319401.043, 90
Trd, 4319403.093, 89
Trd, 4319403.943, 89
Trd, 4319406.543, 94
Trd, 4319407.193, 94
Trd, 4319409.293, 94
Trd, 4319409.693, 93
Trd, 4319410.343, 93
Trd, 4319411.093, 93
Trd, 4319412.493, 101
Trd, 4319414.043, 92
Trd, 4319416.493, 99
Trd, 4319417.843, 98
Trd, 4319418.293, 97
Trd, 4319418.543, 99
Trd, 4319421.143, 96
Trd, 4319421.843, 96
Trd, 4319423.893, 95
Trd, 4319425.143, 96
Trd, 4319426.643, 94
Trd, 4319426.943, 93
Trd, 4319428.793, 95
Trd, 4319429.393, 92
Trd, 4319431.843, 104
Trd, 4319432.293, 94
Trd, 4319433.793, 102
Trd, 4319433.993, 101
Trd, 4319434.493, 99
Trd, 4319435.293, 109
Trd, 4319436.193, 103
Trd, 4319439.643, 102
Trd, 4319440.993, 104
Trd, 4319442.593, 101
Trd, 4319442.693, 101
Trd, 4319446.293, 101
Trd, 4319448.443, 99
Trd, 4319449.043, 99
Trd, 4319449.843, 113
Trd, 4319449.893, 99
Trd, 4319450.193, 98
Trd, 4319452.943, 98
Trd, 4319453.793, 84
Trd, 4319454.743, 98
Trd, 4319455.893, 94
Trd, 4319457.543, 95
Trd, 4319458.243, 93
Trd, 4319459.793, 93
Trd, 4319461.643, 93
Trd, 4319461.693, 95
Trd, 4319464.243, 93
Trd, 4319467.193, 93
Trd, 4319467.293, 95
Trd, 4319469.393, 92
Trd, 4319469.693, 91
Trd, 4319470.143, 91
Trd, 4319472.493, 94
Trd, 4319472.793, 90
Trd, 4319475.693, 95
Trd, 4319475.993, 95
Trd, 4319476.893, 94
Trd, 4319477.693, 86
Trd, 4319477.793, 101
Trd, 4319477.993, 102
Trd, 4319484.043, 96
Trd, 4319485.493, 91
Trd, 4319485.993, 90
Trd, 4319486.793, 90
Trd, 4319491.543, 90
Trd, 4319492.893, 89
Trd, 4319495.143, 95
Trd, 4319495.743, 89
Trd, 4319498.293, 89
Trd, 4319498.393, 89
Trd, 4319500.243, 89
Trd, 4319501.093, 95
Trd, 4319502.593, 88
Trd, 4319504.243, 90
Trd, 4319504.993, 88
Trd, 4319505.493, 95
Trd, 4319507.293, 89
Trd, 4319509.093, 88
Trd, 4319511.693, 90
Trd, 4319514.593, 87
Trd, 4319514.643, 86
Trd, 4319515.193, 88
Trd, 4319519.993, 87
Trd, 4319522.193, 85
Trd, 4319522.243, 85
Trd, 4319523.193, 87
Trd, 4319523.393, 104
Trd, 4319525.193, 85
Trd, 4319525.843, 84
Trd, 4319526.943, 91
Trd, 4319531.343, 92
Trd, 4319531.493, 87
Trd, 4319531.593, 87
Trd, 4319532.243, 88
Trd, 4319535.493, 87
Trd, 4319535.893, 87
Trd, 4319536.443, 92
Trd, 4319537.843, 95
Trd, 4319539.693, 90
Trd, 4319539.993, 89
Trd, 4319541.893, 94
Trd, 4319542.393, 88
Trd, 4319544.393, 87
Trd, 4319545.843, 87
Trd, 4319547.643, 87
Trd, 4319547.843, 88
Trd, 4319550.093, 92
Trd, 4319553.143, 89
Trd, 4319554.443, 88
Trd, 4319554.843, 91
Trd, 4319558.293, 92
Trd, 4319559.343, 87
Trd, 4319561.243, 87
Trd, 4319563.193, 104
Trd, 4319564.793, 87
Trd, 4319566.093, 86
Trd, 4319568.643, 95
Trd, 4319570.193, 92
Trd, 4319571.643, 92
Trd, 4319571.693, 87
Trd, 4319576.043, 88
Trd, 4319576.343, 95
Trd, 4319576.493, 88
Trd, 4319578.393, 87
Trd, 4319580.793, 87
Trd, 4319581.943, 86
Trd, 4319582.393, 91
Trd, 4319583.193, 91
Trd, 4319586.343, 91
Trd, 4319586.643, 91
Trd, 4319587.443, 95
Trd, 4319588.943, 105
Trd, 4319592.443, 96
Trd, 4319593.293, 95
Trd, 4319594.993, 94
Trd, 4319595.743, 94
Trd, 4319596.443, 95
Trd, 4319597.743, 93
Trd, 4319599.543, 89
Trd, 4319599.943, 90
Trd, 4319600.043, 90
Trd, 4319603.243, 103
Trd, 4319605.393, 93
Trd, 4319606.343, 92
Trd, 4319608.643, 98
Trd, 4319611.843, 92
Trd, 4319611.943, 92
Trd, 4319612.293, 91
Trd, 4319614.343, 90
Trd, 4319615.893, 91
Trd, 4319615.993, 90
Trd, 4319617.643, 89
Trd, 4319617.893, 88
Trd, 4319620.293, 88
Trd, 4319620.943, 87
Trd, 4319621.193, 85
Trd, 4319622.093, 92
Trd, 4319624.243, 86
Trd, 4319626.043, 88
Trd, 4319630.343, 92
Trd, 4319630.443, 89
Trd, 4319631.243, 113
Trd, 4319631.493, 93
Trd, 4319632.043, 95
Trd, 4319633.943, 98
Trd, 4319635.443, 97
Trd, 4319637.943, 97
Trd, 4319638.443, 94
Trd, 4319639.243, 85
Trd, 4319640.993, 96
Trd, 4319642.593, 92
Trd, 4319643.343, 91
Trd, 4319646.243, 101
Trd, 4319646.393, 94
Trd, 4319646.543, 92
Trd, 4319647.143, 104
Trd, 4319648.693, 93
Trd, 4319652.093, 99
Trd, 4319652.693, 98
Trd, 4319653.093, 100
Trd, 4319653.593, 97
Trd, 4319653.843, 97
Trd, 4319656.293, 97
Trd, 4319656.693, 100
Trd, 4319656.743, 96
Trd, 4319658.243, 88
Trd, 4319658.743, 94
Trd, 4319659.543, 95
Trd, 4319660.493, 92
Trd, 4319660.843, 83
Trd, 4319665.393, 94
Trd, 4319666.593, 92
Trd, 4319667.393, 90
Trd, 4319667.493, 90
Trd, 4319671.043, 89
Trd, 4319671.593, 93
Trd, 4319672.843, 88
Trd, 4319673.643, 88
Trd, 4319674.443, 87
Trd, 4319674.943, 95
Trd, 4319675.043, 103
Trd, 4319678.993, 95
Trd, 4319680.943, 94
Trd, 4319681.243, 94
Trd, 4319683.293, 94
Trd, 4319683.493, 95
Trd, 4319686.193, 94
Trd, 4319686.543, 93
Trd, 4319689.143, 93
Trd, 4319691.143, 92
Trd, 4319692.693, 95
Trd, 4319695.943, 92
Trd, 4319697.143, 95
Trd, 4319697.943, 92
Trd, 4319698.693, 91
Trd, 4319699.093, 91
Trd, 4319703.643, 96
Trd, 4319704.343, 96
Trd, 4319706.043, 96
Trd, 4319708.443, 95
Trd, 4319710.093, 94
Trd, 4319710.793, 94
Trd, 4319713.243, 94
Trd, 4319713.293, 93
Trd, 4319713.543, 93
Trd, 4319715.593, 95
Trd, 4319717.793, 93
Trd, 4319721.243, 95
Trd, 4319721.293, 97
Trd, 4319722.293, 94
Trd, 4319722.443, 102
Trd, 4319726.043, 95
Trd, 4319726.993, 95
Trd, 4319730.543, 94
Trd, 4319733.143, 85
Trd, 4319735.393, 96
Trd, 4319735.693, 93
Trd, 4319736.093, 93
Trd, 4319737.293, 92
Trd, 4319739.143, 92
Trd, 4319743.043, 94
Trd, 4319744.043, 91
Trd, 4319745.593, 90
Trd, 4319748.693, 90
Trd, 4319750.193, 93
Trd, 4319751.943, 90
Trd, 4319752.043, 89
Trd, 4319752.493, 89
Trd, 4319756.393, 89
Trd, 4319756.493, 91
Trd, 4319756.643, 88
Trd, 4319756.693, 88
Trd, 4319757.043, 95
Trd, 4319758.843, 88
Trd, 4319760.543, 88
Trd, 4319761.993, 92
Trd, 4319765.843, 90
Trd, 4319766.693, 89
Trd, 4319767.693, 93
Trd, 4319768.293, 94
Trd, 4319769.593, 91
Trd, 4319771.793, 90
Trd, 4319773.193, 89
Trd, 4319775.793, 89
Trd, 4319777.643, 89
Trd, 4319778.143, 90
Trd, 4319780.443, 88
Trd, 4319781.043, 85
Trd, 4319783.093, 95
Trd, 4319784.243, 86
Trd, 4319788.443, 92
Trd, 4319789.943, 92
Trd, 4319790.743, 91
Trd, 4319793.943, 90
Trd, 4319796.393, 89
Trd, 4319796.843, 89
Trd, 4319797.393, 92
Trd, 4319797.843, 89
Trd, 4319797.943, 104
Trd, 4319799.493, 85
Trd, 4319801.243, 98
Trd, 4319801.693, 91
Trd, 4319802.293, 90
Trd, 4319804.543, 94
Trd, 4319806.243, 93
Trd, 4319808.793, 93
Trd, 4319809.493, 93
Trd, 4319811.793, 96
Trd, 4319812.343, 92
Trd, 4319812.993, 91
Trd, 4319816.143, 98
Trd, 4319817.543, 98
Trd, 4319817.893, 96
Trd, 4319819.443, 96
Trd, 4319820.893, 95
Trd, 4319821.143, 95
Trd, 4319822.093, 84
Trd, 4319823.793, 95
Trd, 4319826.243, 93
Trd, 4319829.443, 98
Trd, 4319832.093, 93
Trd, 4319832.243, 93
Trd, 4319836.343, 95
Trd, 4319836.493, 92
Trd, 4319837.793, 91
Trd, 4319838.193, 90
Trd, 4319838.343, 95
Trd, 4319840.293, 94
Trd, 4319840.393, 94
Trd, 4319843.843, 94
Trd, 4319846.343, 93
Trd, 4319846.593, 95
Trd, 4319849.643, 93
Trd, 4319849.693, 91
Trd, 4319854.743, 90
Trd, 4319855.143, 94
Trd, 4319855.443, 89
Trd, 4319856.993, 88
Trd, 4319858.193, 88
Trd, 4319861.893, 93
Trd, 4319862.543, 93
Trd, 4319863.343, 92
Trd, 4319864.443, 91
Trd, 4319867.493, 94
Trd, 4319869.743, 94
Trd, 4319870.293, 95
Trd, 4319870.693, 93
Trd, 4319871.143, 93
Trd, 4319873.343, 95
Trd, 4319873.643, 92
Trd, 4319874.193, 95
Trd, 4319877.593, 92
Trd, 4319880.193, 91
Trd, 4319881.143, 90
Trd, 4319883.543, 95
Trd, 4319884.193, 89
Trd, 4319887.543, 93
Trd, 4319887.793, 89
Trd, 4319888.543, 88
Trd, 4319890.793, 87
Trd, 4319893.443, 88
Trd, 4319894.093, 88
Trd, 4319894.743, 91
Trd, 4319895.493, 85
Trd, 4319896.043, 81
Trd, 4319896.493, 87
Trd, 4319898.043, 87
Trd, 4319901.193, 87
Trd, 4319903.593, 92
Trd, 4319904.593, 95
Trd, 4319905.343, 91
Trd, 4319907.243, 90
Trd, 4319908.443, 90
Trd, 4319909.243, 92
Trd, 4319910.343, 103
Trd, 4319910.693, 89
Trd, 4319911.993, 91
Trd, 4319914.343, 91
Trd, 4319917.393, 91
Trd, 4319918.943, 90
Trd, 4319921.093, 93
Trd, 4319922.043, 91
Trd, 4319923.143, 95
Trd, 4319924.093, 90
Trd, 4319925.943, 89
Trd, 4319926.993, 90
Trd, 4319929.643, 94
Trd, 4319929.893, 89
Trd, 4319932.743, 95
Trd, 4319933.343, 90
Trd, 4319934.243, 89
Trd, 4319938.043, 91
Trd, 4319939.843, 89
Trd, 4319941.293, 88
Trd, 4319942.043, 87
Trd, 4319943.793, 86
Trd, 4319944.093, 91
Trd, 4319944.143, 86
Trd, 4319944.543, 94
Trd, 4319946.143, 86
Trd, 4319947.393, 88
Trd, 4319949.593, 94
Trd, 4319951.143, 103
Trd, 4319952.243, 97
Trd, 4319954.993, 96
Trd, 4319955.143, 95
Trd, 4319955.243, 95
Trd, 4319956.493, 94
Trd, 4319960.343, 93
Trd, 4319960.393, 90
Trd, 4319961.543, 91
Trd, 4319962.393, 97
Trd, 4319966.193, 92
Trd, 4319966.793, 90
Trd, 4319968.093, 92
Trd, 4319969.443, 92
Trd, 4319970.893, 91
Trd, 4319970.943, 91
Trd, 4319972.143, 90
Trd, 4319973.243, 89
Trd, 4319973.693, 93
Trd, 4319977.543, 101
Trd, 4319977.593, 95
Trd, 4319978.793, 94
Trd, 4319980.793, 96
Trd, 4319982.543, 102
Trd, 4319983.743, 94
Trd, 4319984.343, 70
Trd, 4319985.993, 88
Trd, 4319986.343, 88
Trd, 4319987.643, 92
Trd, 4319989.193, 91
Trd, 4319990.593, 90
Trd, 4319990.843, 90
Trd, 4319995.343, 92
Trd, 4319995.493, 95
Trd, 4319997.843, 90
Trd, 4319998.993, 89
Trd, 4319999.443, 88
