Trd, 4317945.743, 103
Trd, 4317946.293, 98
Trd, 4317947.193, 98
Trd, 4317947.693, 98
Trd, 4317949.293, 104
Trd, 4317949.693, 101
Trd, 4317949.743, 97
Trd, 4317953.143, 102
Trd, 4317953.343, 97
Trd, 4317954.593, 101
Trd, 4317955.443, 96
Trd, 4317956.643, 85
Trd, 4317956.843, 91
Trd, 4317957.043, 101
Trd, 4317959.443, 99
Trd, 4317959.793, 97
Trd, 4317962.343, 92
Trd, 4317962.443, 97
Trd, 4317962.893, 85
Trd, 4317963.643, 93
Trd, 4317965.243, 99
Trd, 4317968.843, 100
Trd, 4317969.343, 104
Trd, 4317969.443, 93
Trd, 4317971.293, 95
Trd, 4317971.743, 85
Trd, 4317972.643, 94
Trd, 4317972.993, 97
Trd, 4317974.193, 94
Trd, 4317974.543, 93
Trd, 4317976.543, 97
Trd, 4317978.743, 95
Trd, 4317979.593, 104
Trd, 4317979.743, 113
Trd, 4317980.393, 94
Trd, 4317981.643, 94
Trd, 4317983.143, 107
Trd, 4317983.543, 95
Trd, 4317984.243, 107
Trd, 4317985.343, 94
Trd, 4317987.943, 100
Trd, 4317987.993, 85
Trd, 4317989.243, 91
Trd, 4317989.493, 99
Trd, 4317991.393, 86
Trd, 4317993.193, 95
Trd, 4317993.593, 90
Trd, 4317995.093, 90
Trd, 4317996.043, 93
Trd, 4317997.293, 93
Trd, 4317999.443, 89
Trd, 4317999.943, 89
Trd, 4318000.193, 89
Trd, 4318001.293, 88
Trd, 4318002.143, 95
Trd, 4318004.793, 93
Trd, 4318005.543, 104
Trd, 4318005.993, 92
Trd, 4318006.593, 90
Trd, 4318006.743, 97
Trd, 4318006.843, 90
Trd, 4318008.593, 112
Trd, 4318009.243, 94
Trd, 4318011.493, 102
Trd, 4318011.993, 101
Trd, 4318012.343, 105
Trd, 4318012.993, 100
Trd, 4318014.543, 113
Trd, 4318015.193, 103
Trd, 4318015.993, 102
Trd, 4318016.593, 114
Trd, 4318017.143, 95
Trd, 4318017.893, 109
Trd, 4318018.193, 85
Trd, 4318018.793, 86
Trd, 4318020.443, 95
Trd, 4318021.543, 95
Trd, 4318022.043, 94
Trd, 4318024.343, 106
Trd, 4318024.393, 95
Trd, 4318025.043, 95
Trd, 4318025.393, 114
Trd, 4318028.243, 95
Trd, 4318028.343, 95
Trd, 4318028.793, 100
Trd, 4318029.193, 94
Trd, 4318031.293, 94
Trd, 4318033.043, 98
Trd, 4318033.693, 100
Trd, 4318034.293, 95
Trd, 4318034.443, 105
Trd, 4318034.693, 95
Trd, 4318035.493, 94
Trd, 4318039.093, 95
Trd, 4318040.243, 98
Trd, 4318040.493, 95
Trd, 4318040.793, 99
Trd, 4318041.743, 95
Trd, 4318042.393, 95
Trd, 4318045.193, 94
Trd, 4318045.893, 105
Trd, 4318047.543, 96
Trd, 4318047.893, 100
Trd, 4318049.443, 100
Trd, 4318049.493, 95
Trd, 4318051.643, 100
Trd, 4318052.093, 95
Trd, 4318053.393, 100
Trd, 4318053.493, 95
Trd, 4318054.143, 94
Trd, 4318054.693, 100
Trd, 4318055.093, 93
Trd, 4318056.843, 92
Trd, 4318060.443, 93
Trd, 4318061.593, 93
Trd, 4318062.293, 100
Trd, 4318062.443, 92
Trd, 4318064.143, 100
Trd, 4318065.743, 113
Trd, 4318066.043, 106
Trd, 4318066.593, 107
Trd, 4318067.443, 106
Trd, 4318067.493, 105
Trd, 4318067.993, 108
Trd, 4318068.093, 102
Trd, 4318070.693, 104
Trd, 4318071.743, 109
Trd, 4318072.693, 103
Trd, 4318073.693, 102
Trd, 4318073.843, 106
Trd, 4318074.043, 95
Trd, 4318074.393, 92
Trd, 4318075.143, 98
Trd, 4318076.193, 112
Trd, 4318079.343, 102
Trd, 4318080.143, 102
Trd, 4318081.043, 101
Trd, 4318082.293, 83
Trd, 4318082.543, 77
Trd, 4318084.393, 94
Trd, 4318084.543, 93
Trd, 4318084.693, 83
Trd, 4318085.593, 114
Trd, 4318086.343, 91
Trd, 4318087.043, 99
Trd, 4318088.893, 92
Trd, 4318088.993, 97
Trd, 4318091.143, 97
Trd, 4318091.993, 93
Trd, 4318092.443, 91
Trd, 4318094.693, 95
Trd, 4318096.193, 97
Trd, 4318096.393, 93
Trd, 4318097.543, 93
Trd, 4318099.293, 98
Trd, 4318100.493, 92
Trd, 4318101.043, 92
Trd, 4318101.493, 86
Trd, 4318101.693, 104
Trd, 4318103.443, 97
Trd, 4318104.493, 90
Trd, 4318106.193, 98
Trd, 4318107.693, 100
Trd, 4318108.643, 89
Trd, 4318109.493, 89
Trd, 4318109.843, 98
Trd, 4318110.743, 88
Trd, 4318111.793, 91
Trd, 4318114.243, 93
Trd, 4318114.493, 90
Trd, 4318115.093, 88
Trd, 4318116.143, 86
Trd, 4318117.293, 91
Trd, 4318121.393, 92
Trd, 4318121.943, 91
Trd, 4318122.943, 90
Trd, 4318123.243, 91
Trd, 4318123.893, 90
Trd, 4318124.243, 95
Trd, 4318124.443, 105
Trd, 4318125.293, 114
Trd, 4318127.093, 97
Trd, 4318128.793, 90
Trd, 4318128.843, 89
Trd, 4318129.493, 90
Trd, 4318129.893, 89
Trd, 4318133.493, 89
Trd, 4318133.893, 95
Trd, 4318135.793, 96
Trd, 4318137.443, 92
Trd, 4318137.693, 92
Trd, 4318138.293, 91
Trd, 4318138.493, 104
Trd, 4318140.893, 90
Trd, 4318141.993, 92
Trd, 4318143.493, 94
Trd, 4318144.193, 104
Trd, 4318144.343, 110
Trd, 4318145.993, 101
Trd, 4318147.493, 101
Trd, 4318148.593, 106
Trd, 4318149.393, 100
Trd, 4318149.993, 99
Trd, 4318151.093, 99
Trd, 4318151.493, 95
Trd, 4318154.143, 102
Trd, 4318154.843, 102
Trd, 4318156.143, 98
Trd, 4318158.493, 101
Trd, 4318159.393, 97
Trd, 4318160.093, 96
Trd, 4318160.593, 98
Trd, 4318161.343, 95
Trd, 4318161.793, 99
Trd, 4318165.143, 98
Trd, 4318166.143, 95
Trd, 4318167.793, 99
Trd, 4318168.843, 112
Trd, 4318169.593, 97
Trd, 4318169.893, 97
Trd, 4318170.793, 96
Trd, 4318171.243, 97
Trd, 4318172.243, 86
Trd, 4318174.293, 97
Trd, 4318174.693, 114
Trd, 4318175.593, 106
Trd, 4318177.043, 95
Trd, 4318178.043, 101
Trd, 4318178.593, 95
Trd, 4318180.293, 95
Trd, 4318182.343, 101
Trd, 4318183.243, 95
Trd, 4318185.243, 95
Trd, 4318185.493, 94
Trd, 4318186.093, 93
Trd, 4318187.043, 101
Trd, 4318187.293, 85
Trd, 4318188.693, 113
Trd, 4318189.143, 106
Trd, 4318190.493, 92
Trd, 4318191.743, 91
Trd, 4318192.443, 91
Trd, 4318193.093, 90
Trd, 4318193.693, 100
Trd, 4318195.843, 100
Trd, 4318196.193, 106
Trd, 4318196.943, 93
Trd, 4318197.843, 123
Trd, 4318198.093, 85
Trd, 4318198.193, 90
Trd, 4318203.793, 102
Trd, 4318203.993, 106
Trd, 4318204.843, 95
Trd, 4318205.193, 95
Trd, 4318206.743, 105
Trd, 4318207.443, 94
Trd, 4318207.693, 93
Trd, 4318208.243, 105
Trd, 4318208.893, 86
Trd, 4318210.893, 91
Trd, 4318212.443, 97
Trd, 4318213.593, 91
Trd, 4318213.643, 91
Trd, 4318213.843, 98
Trd, 4318215.893, 91
Trd, 4318216.543, 90
Trd, 4318217.093, 89
Trd, 4318218.943, 97
Trd, 4318220.743, 86
Trd, 4318221.093, 86
Trd, 4318222.793, 94
Trd, 4318223.043, 87
Trd, 4318223.393, 95
Trd, 4318224.393, 87
Trd, 4318226.343, 87
Trd, 4318228.193, 104
Trd, 4318229.693, 100
Trd, 4318229.893, 88
Trd, 4318230.943, 87
Trd, 4318231.843, 97
Trd, 4318232.893, 97
Trd, 4318235.093, 95
Trd, 4318235.193, 82
Trd, 4318235.343, 92
Trd, 4318236.943, 98
Trd, 4318237.793, 93
Trd, 4318240.243, 92
Trd, 4318240.593, 99
Trd, 4318241.443, 94
Trd, 4318243.143, 94
Trd, 4318245.093, 93
Trd, 4318245.193, 94
Trd, 4318246.143, 93
Trd, 4318246.993, 92
Trd, 4318247.393, 96
Trd, 4318248.093, 92
Trd, 4318248.693, 86
Trd, 4318249.843, 98
Trd, 4318250.743, 118
Trd, 4318251.193, 93
Trd, 4318252.893, 93
Trd, 4318254.343, 94
Trd, 4318255.143, 98
Trd, 4318256.693, 104
Trd, 4318257.493, 104
Trd, 4318258.543, 97
Trd, 4318258.993, 95
Trd, 4318260.593, 95
Trd, 4318261.043, 100
Trd, 4318264.043, 95
Trd, 4318264.143, 95
Trd, 4318264.893, 94
Trd, 4318265.993, 101
Trd, 4318266.793, 104
Trd, 4318268.243, 95
Trd, 4318269.093, 97
Trd, 4318270.593, 100
Trd, 4318270.893, 100
Trd, 4318271.343, 96
Trd, 4318272.993, 95
Trd, 4318274.093, 94
Trd, 4318274.443, 100
Trd, 4318275.093, 94
Trd, 4318276.843, 100
Trd, 4318277.343, 94
Trd, 4318278.643, 98
Trd, 4318278.943, 98
Trd, 4318278.993, 94
Trd, 4318282.743, 93
Trd, 4318283.343, 104
Trd, 4318283.593, 93
Trd, 4318285.493, 92
Trd, 4318286.993, 97
Trd, 4318288.543, 93
Trd, 4318288.893, 97
Trd, 4318289.393, 104
Trd, 4318292.343, 97
Trd, 4318293.243, 95
Trd, 4318294.043, 98
Trd, 4318294.143, 96
Trd, 4318295.043, 98
Trd, 4318296.643, 95
Trd, 4318297.943, 104
Trd, 4318298.993, 94
Trd, 4318300.193, 95
Trd, 4318301.993, 95
Trd, 4318302.893, 100
Trd, 4318303.343, 94
Trd, 4318304.543, 84
Trd, 4318305.143, 104
Trd, 4318306.493, 99
Trd, 4318308.793, 92
Trd, 4318309.293, 99
Trd, 4318310.093, 91
Trd, 4318310.843, 99
Trd, 4318310.893, 91
Trd, 4318312.843, 93
Trd, 4318314.943, 104
Trd, 4318316.093, 93
Trd, 4318316.543, 92
Trd, 4318316.643, 103
Trd, 4318316.843, 83
Trd, 4318318.943, 90
Trd, 4318320.243, 96
Trd, 4318321.243, 90
Trd, 4318322.743, 97
Trd, 4318323.943, 95
Trd, 4318324.843, 127
Trd, 4318326.093, 102
Trd, 4318327.343, 101
Trd, 4318327.793, 101
Trd, 4318327.943, 109
Trd, 4318329.843, 108
Trd, 4318330.043, 100
Trd, 4318330.643, 95
Trd, 4318333.043, 103
Trd, 4318333.643, 98
Trd, 4318333.893, 98
Trd, 4318336.743, 104
Trd, 4318338.043, 103
Trd, 4318338.943, 104
Trd, 4318339.143, 97
Trd, 4318339.893, 103
Trd, 4318341.043, 96
Trd, 4318342.543, 96
Trd, 4318343.493, 95
Trd, 4318344.393, 95
Trd, 4318345.243, 94
Trd, 4318346.493, 103
Trd, 4318347.043, 104
Trd, 4318347.793, 93
Trd, 4318349.643, 103
Trd, 4318350.543, 100
Trd, 4318351.043, 94
Trd, 4318351.993, 96
Trd, 4318352.043, 95
Trd, 4318355.793, 97
Trd, 4318355.993, 95
Trd, 4318356.693, 88
Trd, 4318358.143, 95
Trd, 4318358.643, 97
Trd, 4318359.993, 94
Trd, 4318362.393, 95
Trd, 4318362.643, 93
Trd, 4318363.293, 93
Trd, 4318363.793, 104
Trd, 4318365.293, 92
Trd, 4318366.293, 93
Trd, 4318368.343, 96
Trd, 4318369.043, 92
Trd, 4318369.343, 92
Trd, 4318369.893, 92
Trd, 4318369.943, 96
Trd, 4318371.943, 95
Trd, 4318372.343, 111
Trd, 4318373.493, 97
Trd, 4318374.343, 107
Trd, 4318376.243, 112
Trd, 4318377.693, 107
Trd, 4318378.043, 106
Trd, 4318378.193, 103
Trd, 4318379.743, 95
Trd, 4318380.193, 85
Trd, 4318380.893, 87
Trd, 4318382.043, 90
Trd, 4318382.943, 95
Trd, 4318383.643, 94
Trd, 4318385.393, 93
Trd, 4318386.593, 96
Trd, 4318387.443, 96
Trd, 4318388.193, 97
Trd, 4318388.593, 95
Trd, 4318389.493, 113
Trd, 4318390.993, 103
Trd, 4318393.243, 102
Trd, 4318393.993, 106
Trd, 4318394.143, 107
Trd, 4318394.243, 101
Trd, 4318395.343, 86
Trd, 4318396.193, 102
Trd, 4318398.743, 101
Trd, 4318399.343, 98
Trd, 4318399.593, 101
Trd, 4318400.493, 99
Trd, 4318400.643, 95
Trd, 4318400.843, 104
Trd, 4318402.593, 86
Trd, 4318403.443, 98
Trd, 4318404.443, 95
Trd, 4318404.893, 104
Trd, 4318407.143, 100
Trd, 4318407.393, 95
Trd, 4318409.643, 95
Trd, 4318409.943, 99
Trd, 4318409.993, 94
Trd, 4318411.243, 87
Trd, 4318413.043, 90
Trd, 4318414.193, 93
Trd, 4318415.443, 92
Trd, 4318417.193, 94
Trd, 4318417.243, 92
Trd, 4318419.643, 91
Trd, 4318421.143, 94
Trd, 4318422.543, 95
Trd, 4318422.593, 94
Trd, 4318424.143, 93
Trd, 4318424.843, 93
Trd, 4318425.643, 104
Trd, 4318426.643, 95
Trd, 4318427.243, 95
Trd, 4318428.193, 114
Trd, 4318428.443, 112
Trd, 4318429.893, 108
Trd, 4318430.593, 102
Trd, 4318431.093, 101
Trd, 4318432.243, 108
Trd, 4318434.593, 101
Trd, 4318435.343, 100
Trd, 4318437.143, 101
Trd, 4318437.893, 99
Trd, 4318439.193, 99
Trd, 4318439.843, 102
Trd, 4318440.793, 99
Trd, 4318442.293, 102
Trd, 4318442.443, 95
Trd, 4318443.393, 85
Trd, 4318444.443, 102
Trd, 4318447.043, 102
Trd, 4318447.093, 95
Trd, 4318447.343, 95
Trd, 4318450.043, 102
Trd, 4318450.143, 95
Trd, 4318451.793, 94
Trd, 4318453.693, 93
Trd, 4318454.893, 100
Trd, 4318455.043, 100
Trd, 4318455.593, 94
Trd, 4318455.843, 93
Trd, 4318456.443, 104
Trd, 4318460.443, 95
Trd, 4318462.043, 97
Trd, 4318462.443, 95
Trd, 4318462.843, 95
Trd, 4318463.943, 100
Trd, 4318464.243, 94
Trd, 4318465.243, 100
Trd, 4318467.993, 100
Trd, 4318468.093, 94
Trd, 4318469.093, 93
Trd, 4318469.743, 105
Trd, 4318471.393, 95
Trd, 4318472.543, 95
Trd, 4318475.043, 94
Trd, 4318475.493, 100
Trd, 4318475.793, 95
Trd, 4318477.243, 99
Trd, 4318477.543, 94
Trd, 4318479.293, 95
Trd, 4318479.793, 94
Trd, 4318480.643, 105
Trd, 4318482.143, 98
Trd, 4318483.243, 93
Trd, 4318484.143, 92
Trd, 4318484.543, 98
Trd, 4318488.443, 97
Trd, 4318489.143, 95
Trd, 4318489.493, 98
Trd, 4318490.243, 93
Trd, 4318491.393, 93
Trd, 4318492.243, 93
Trd, 4318492.643, 92
Trd, 4318495.143, 97
Trd, 4318497.343, 97
Trd, 4318497.843, 95
Trd, 4318499.343, 98
Trd, 4318500.843, 95
Trd, 4318501.993, 94
Trd, 4318502.843, 104
Trd, 4318504.893, 95
Trd, 4318505.493, 94
Trd, 4318505.593, 98
Trd, 4318507.093, 105
Trd, 4318507.743, 94
Trd, 4318509.143, 94
Trd, 4318510.143, 94
Trd, 4318510.893, 101
Trd, 4318513.843, 93
Trd, 4318514.643, 99
Trd, 4318514.743, 93
Trd, 4318516.493, 96
Trd, 4318516.993, 96
Trd, 4318518.993, 93
Trd, 4318519.093, 93
Trd, 4318519.943, 105
Trd, 4318520.143, 92
Trd, 4318522.143, 91
Trd, 4318524.393, 92
Trd, 4318524.743, 91
Trd, 4318525.743, 91
Trd, 4318526.643, 102
Trd, 4318526.993, 90
Trd, 4318527.393, 104
Trd, 4318528.443, 98
Trd, 4318530.643, 91
Trd, 4318530.793, 91
Trd, 4318531.393, 98
Trd, 4318534.993, 92
Trd, 4318535.343, 104
Trd, 4318536.693, 90
Trd, 4318536.943, 95
Trd, 4318536.993, 89
Trd, 4318537.493, 86
Trd, 4318537.743, 113
Trd, 4318538.193, 112
Trd, 4318539.593, 95
Trd, 4318539.893, 95
Trd, 4318543.293, 99
Trd, 4318544.693, 97
Trd, 4318545.243, 97
Trd, 4318545.393, 95
Trd, 4318545.793, 96
Trd, 4318546.193, 85
Trd, 4318546.693, 105
Trd, 4318549.193, 93
Trd, 4318550.993, 92
Trd, 4318551.493, 97
Trd, 4318552.343, 86
Trd, 4318552.593, 97
Trd, 4318553.793, 97
Trd, 4318553.943, 91
Trd, 4318556.393, 90
Trd, 4318557.543, 97
Trd, 4318557.893, 92
Trd, 4318559.093, 92
Trd, 4318560.093, 113
Trd, 4318561.343, 92
Trd, 4318562.893, 92
Trd, 4318564.543, 100
Trd, 4318565.043, 95
Trd, 4318566.143, 100
Trd, 4318567.743, 85
Trd, 4318568.993, 104
Trd, 4318569.643, 95
Trd, 4318569.743, 95
Trd, 4318573.593, 97
Trd, 4318574.743, 97
Trd, 4318574.793, 101
Trd, 4318575.143, 96
Trd, 4318575.193, 104
Trd, 4318576.493, 100
Trd, 4318578.143, 95
Trd, 4318580.643, 95
Trd, 4318580.693, 100
Trd, 4318583.443, 100
Trd, 4318583.593, 95
Trd, 4318584.343, 94
Trd, 4318584.493, 84
Trd, 4318587.143, 100
Trd, 4318587.193, 92
Trd, 4318587.843, 99
Trd, 4318588.893, 113
Trd, 4318590.343, 95
Trd, 4318590.943, 107
Trd, 4318591.393, 98
Trd, 4318594.093, 97
Trd, 4318594.793, 96
Trd, 4318596.593, 96
Trd, 4318597.543, 102
Trd, 4318597.693, 96
Trd, 4318598.743, 102
Trd, 4318600.493, 102
Trd, 4318600.993, 95
Trd, 4318601.593, 95
Trd, 4318602.293, 103
Trd, 4318606.443, 94
Trd, 4318606.543, 94
Trd, 4318606.743, 93
Trd, 4318607.093, 102
Trd, 4318608.643, 102
Trd, 4318610.293, 104
Trd, 4318611.793, 96
Trd, 4318612.393, 96
Trd, 4318613.343, 83
Trd, 4318613.893, 103
Trd, 4318615.493, 103
Trd, 4318616.093, 95
Trd, 4318617.793, 95
Trd, 4318618.843, 95
Trd, 4318621.743, 95
Trd, 4318622.243, 103
Trd, 4318622.443, 94
Trd, 4318622.543, 104
Trd, 4318623.943, 93
Trd, 4318623.993, 93
Trd, 4318624.343, 93
Trd, 4318625.543, 92
Trd, 4318629.193, 99
Trd, 4318631.893, 99
Trd, 4318632.143, 99
Trd, 4318633.193, 96
Trd, 4318633.993, 95
Trd, 4318635.093, 94
Trd, 4318635.393, 85
Trd, 4318636.293, 104
Trd, 4318639.293, 99
Trd, 4318640.143, 92
Trd, 4318640.393, 91
Trd, 4318642.793, 99
Trd, 4318644.493, 93
Trd, 4318644.943, 92
Trd, 4318647.643, 93
Trd, 4318648.743, 96
Trd, 4318649.443, 92
Trd, 4318651.243, 97
Trd, 4318651.743, 92
Trd, 4318652.993, 92
Trd, 4318653.043, 84
Trd, 4318655.993, 95
Trd, 4318656.693, 104
Trd, 4318656.893, 90
Trd, 4318657.443, 91
Trd, 4318659.293, 93
Trd, 4318660.093, 92
Trd, 4318660.843, 92
Trd, 4318661.143, 91
Trd, 4318662.343, 94
Trd, 4318663.393, 95
Trd, 4318665.443, 95
Trd, 4318665.643, 104
Trd, 4318667.293, 91
Trd, 4318668.743, 90
Trd, 4318669.143, 90
Trd, 4318672.393, 96
Trd, 4318672.793, 94
Trd, 4318673.693, 95
Trd, 4318674.193, 104
Trd, 4318674.643, 95
Trd, 4318674.893, 95
Trd, 4318676.493, 97
Trd, 4318677.393, 95
Trd, 4318678.743, 104
Trd, 4318680.043, 95
Trd, 4318680.193, 94
Trd, 4318681.643, 93
Trd, 4318683.593, 94
Trd, 4318684.593, 98
Trd, 4318685.043, 93
Trd, 4318687.193, 92
Trd, 4318687.993, 97
Trd, 4318688.943, 92
Trd, 4318689.093, 98
Trd, 4318691.493, 91
Trd, 4318691.893, 104
Trd, 4318692.993, 91
Trd, 4318694.793, 90
Trd, 4318695.343, 98
Trd, 4318696.443, 98
Trd, 4318698.543, 104
Trd, 4318700.093, 93
Trd, 4318700.343, 93
Trd, 4318702.343, 92
Trd, 4318703.443, 99
Trd, 4318703.593, 99
Trd, 4318705.443, 92
Trd, 4318706.943, 92
Trd, 4318707.343, 100
Trd, 4318708.443, 93
Trd, 4318710.343, 92
Trd, 4318711.193, 100
Trd, 4318712.643, 93
Trd, 4318712.893, 93
Trd, 4318713.043, 93
Trd, 4318714.293, 99
Trd, 4318716.843, 93
Trd, 4318718.193, 112
Trd, 4318718.693, 99
Trd, 4318718.793, 113
Trd, 4318719.143, 92
Trd, 4318720.093, 97
Trd, 4318720.793, 111
Trd, 4318721.643, 97
Trd, 4318721.843, 107
Trd, 4318723.843, 97
Trd, 4318724.843, 97
Trd, 4318725.793, 105
Trd, 4318728.843, 97
Trd, 4318729.143, 101
Trd, 4318730.493, 96
Trd, 4318731.343, 95
Trd, 4318731.493, 95
Trd, 4318732.993, 102
Trd, 4318734.493, 95
Trd, 4318735.393, 95
Trd, 4318735.443, 101
Trd, 4318735.743, 105
Trd, 4318736.943, 113
Trd, 4318738.343, 99
Trd, 4318738.793, 98
Trd, 4318741.143, 99
Trd, 4318741.243, 99
Trd, 4318743.343, 103
Trd, 4318743.693, 105
Trd, 4318744.993, 99
Trd, 4318746.243, 102
Trd, 4318746.293, 98
Trd, 4318747.743, 98
Trd, 4318749.793, 98
Trd, 4318750.143, 97
Trd, 4318751.443, 101
Trd, 4318751.543, 104
Trd, 4318753.593, 103
Trd, 4318754.493, 96
Trd, 4318755.393, 102
Trd, 4318755.493, 86
Trd, 4318756.093, 94
Trd, 4318756.993, 85
Trd, 4318757.543, 104
Trd, 4318758.693, 122
Trd, 4318760.093, 96
Trd, 4318762.993, 98
Trd, 4318764.593, 98
Trd, 4318766.593, 97
Trd, 4318766.893, 103
Trd, 4318767.843, 104
Trd, 4318768.093, 126
Trd, 4318770.893, 106
Trd, 4318771.743, 97
Trd, 4318771.993, 97
Trd, 4318772.543, 97
Trd, 4318773.443, 95
Trd, 4318774.293, 102
Trd, 4318775.043, 104
Trd, 4318775.593, 95
Trd, 4318777.593, 79
Trd, 4318778.093, 82
Trd, 4318778.293, 95
Trd, 4318781.193, 91
Trd, 4318781.293, 93
Trd, 4318782.843, 91
Trd, 4318784.143, 88
Trd, 4318784.343, 96
Trd, 4318785.993, 91
Trd, 4318787.443, 90
Trd, 4318788.493, 97
Trd, 4318789.293, 90
Trd, 4318790.593, 90
Trd, 4318790.893, 93
Trd, 4318792.643, 92
Trd, 4318793.443, 92
Trd, 4318793.693, 91
Trd, 4318793.843, 85
Trd, 4318793.993, 96
Trd, 4318794.643, 104
Trd, 4318797.993, 92
Trd, 4318798.443, 90
Trd, 4318798.943, 95
Trd, 4318800.943, 104
Trd, 4318801.143, 90
Trd, 4318802.793, 96
Trd, 4318804.343, 97
Trd, 4318805.293, 92
Trd, 4318806.843, 86
Trd, 4318809.443, 92
Trd, 4318810.493, 97
Trd, 4318811.193, 93
Trd, 4318813.243, 97
Trd, 4318814.393, 92
Trd, 4318815.443, 92
Trd, 4318815.943, 91
Trd, 4318817.793, 96
Trd, 4318818.693, 91
Trd, 4318819.043, 96
Trd, 4318819.243, 90
Trd, 4318820.193, 89
Trd, 4318822.143, 89
Trd, 4318822.993, 88
Trd, 4318824.243, 95
Trd, 4318824.643, 88
Trd, 4318824.993, 88
Trd, 4318826.943, 95
Trd, 4318828.393, 95
Trd, 4318829.593, 90
Trd, 4318830.693, 90
Trd, 4318831.593, 89
Trd, 4318831.743, 95
Trd, 4318835.443, 95
Trd, 4318836.343, 90
Trd, 4318836.443, 89
Trd, 4318837.043, 95
Trd, 4318837.743, 89
Trd, 4318839.343, 95
Trd, 4318839.793, 90
Trd, 4318840.243, 96
Trd, 4318842.293, 91
Trd, 4318844.693, 93
Trd, 4318844.943, 91
Trd, 4318845.293, 95
Trd, 4318847.093, 95
Trd, 4318847.193, 96
Trd, 4318848.293, 95
Trd, 4318848.393, 94
Trd, 4318849.393, 93
Trd, 4318849.543, 85
Trd, 4318850.243, 94
Trd, 4318852.043, 97
Trd, 4318854.243, 91
Trd, 4318854.693, 94
Trd, 4318855.393, 93
Trd, 4318857.393, 94
Trd, 4318859.493, 94
Trd, 4318859.793, 94
Trd, 4318859.893, 96
Trd, 4318862.143, 97
Trd, 4318862.193, 105
Trd, 4318862.993, 94
Trd, 4318863.893, 113
Trd, 4318864.743, 95
Trd, 4318865.693, 95
Trd, 4318866.943, 85
Trd, 4318868.343, 90
Trd, 4318870.343, 94
Trd, 4318871.543, 95
Trd, 4318872.393, 92
Trd, 4318872.693, 86
Trd, 4318874.543, 93
Trd, 4318874.743, 91
Trd, 4318876.043, 95
Trd, 4318876.443, 90
Trd, 4318879.193, 93
Trd, 4318879.893, 91
Trd, 4318879.943, 90
Trd, 4318880.743, 91
Trd, 4318883.093, 90
Trd, 4318883.143, 92
Trd, 4318885.993, 92
Trd, 4318886.643, 90
Trd, 4318886.843, 90
Trd, 4318887.543, 95
Trd, 4318887.793, 104
Trd, 4318888.143, 85
Trd, 4318890.043, 77
Trd, 4318890.993, 78
Trd, 4318891.593, 101
Trd, 4318893.693, 104
Trd, 4318896.043, 87
Trd, 4318896.243, 84
Trd, 4318896.643, 91
Trd, 4318897.393, 87
Trd, 4318900.143, 90
Trd, 4318901.843, 91
Trd, 4318902.043, 89
Trd, 4318902.893, 95
Trd, 4318903.243, 87
Trd, 4318904.093, 104
Trd, 4318906.193, 88
Trd, 4318906.493, 87
Trd, 4318907.593, 94
Trd, 4318910.243, 96
Trd, 4318910.543, 91
Trd, 4318910.943, 94
Trd, 4318912.293, 90
Trd, 4318912.593, 90
Trd, 4318913.043, 94
Trd, 4318916.093, 94
Trd, 4318916.393, 96
Trd, 4318917.643, 89
Trd, 4318918.443, 89
Trd, 4318919.793, 104
Trd, 4318919.843, 92
Trd, 4318921.293, 89
Trd, 4318922.193, 91
Trd, 4318922.843, 104
Trd, 4318923.793, 93
Trd, 4318926.443, 98
Trd, 4318926.693, 94
Trd, 4318927.543, 95
Trd, 4318927.843, 97
Trd, 4318930.793, 95
Trd, 4318931.743, 94
Trd, 4318933.843, 97
Trd, 4318933.893, 94
Trd, 4318935.093, 93
Trd, 4318936.043, 98
Trd, 4318937.593, 95
Trd, 4318937.743, 77
Trd, 4318938.543, 104
Trd, 4318939.693, 92
Trd, 4318940.443, 91
Trd, 4318940.993, 98
Trd, 4318941.593, 90
Trd, 4318942.743, 109
Trd, 4318943.243, 133
Trd, 4318943.943, 103
Trd, 4318946.593, 102
Trd, 4318946.893, 104
Trd, 4318947.343, 115
Trd, 4318948.493, 102
Trd, 4318950.793, 104
Trd, 4318952.743, 101
Trd, 4318953.043, 95
Trd, 4318954.393, 106
Trd, 4318954.743, 100
Trd, 4318956.143, 105
Trd, 4318958.493, 100
Trd, 4318958.893, 105
Trd, 4318959.093, 105
Trd, 4318960.143, 99
Trd, 4318961.543, 103
Trd, 4318962.693, 86
Trd, 4318963.643, 89
Trd, 4318963.693, 101
Trd, 4318964.243, 95
Trd, 4318966.393, 95
Trd, 4318967.593, 85
Trd, 4318967.643, 97
Trd, 4318967.793, 116
Trd, 4318968.343, 88
Trd, 4318971.093, 93
Trd, 4318972.343, 96
Trd, 4318972.793, 107
Trd, 4318973.843, 95
Trd, 4318974.243, 94
Trd, 4318977.943, 95
Trd, 4318979.143, 93
Trd, 4318979.693, 96
Trd, 4318980.443, 105
Trd, 4318982.043, 92
Trd, 4318982.443, 96
Trd, 4318982.993, 94
Trd, 4318984.543, 105
Trd, 4318986.293, 96
Trd, 4318986.793, 98
Trd, 4318987.393, 96
Trd, 4318987.643, 113
Trd, 4318990.093, 95
Trd, 4318992.843, 100
Trd, 4318994.193, 95
Trd, 4318994.393, 95
Trd, 4318995.093, 94
Trd, 4318996.993, 100
Trd, 4318999.143, 93
Trd, 4318999.443, 100
Trd, 4319000.543, 104
Trd, 4319001.643, 94
Trd, 4319002.343, 93
Trd, 4319004.643, 95
Trd, 4319005.243, 104
Trd, 4319005.743, 113
Trd, 4319006.743, 94
Trd, 4319007.043, 93
Trd, 4319008.193, 101
Trd, 4319009.243, 92
Trd, 4319010.443, 92
Trd, 4319012.043, 99
Trd, 4319013.193, 91
Trd, 4319013.843, 99
Trd, 4319015.343, 93
Trd, 4319017.043, 95
Trd, 4319017.443, 94
Trd, 4319021.593, 95
Trd, 4319021.643, 95
Trd, 4319021.893, 98
Trd, 4319021.993, 94
Trd, 4319022.943, 98
Trd, 4319024.893, 104
Trd, 4319025.943, 94
Trd, 4319026.043, 93
Trd, 4319027.393, 99
Trd, 4319030.143, 95
Trd, 4319031.143, 94
Trd, 4319031.743, 99
Trd, 4319031.943, 95
Trd, 4319032.293, 93
Trd, 4319032.793, 97
Trd, 4319034.293, 93
Trd, 4319035.743, 97
Trd, 4319037.793, 97
Trd, 4319037.893, 92
Trd, 4319039.043, 86
Trd, 4319041.693, 90
Trd, 4319042.593, 91
Trd, 4319045.493, 92
Trd, 4319045.693, 93
Trd, 4319046.393, 92
Trd, 4319046.543, 105
Trd, 4319048.293, 96
Trd, 4319048.443, 102
Trd, 4319050.593, 104
Trd, 4319051.293, 95
Trd, 4319051.943, 94
Trd, 4319052.393, 93
Trd, 4319054.193, 93
Trd, 4319054.843, 92
Trd, 4319055.293, 96
Trd, 4319057.393, 96
Trd, 4319059.143, 92
Trd, 4319059.743, 92
Trd, 4319060.943, 96
Trd, 4319062.093, 93
Trd, 4319062.243, 93
Trd, 4319063.593, 98
Trd, 4319064.143, 85
Trd, 4319064.393, 99
Trd, 4319067.143, 91
Trd, 4319068.593, 91
Trd, 4319068.743, 97
Trd, 4319068.993, 104
Trd, 4319070.443, 95
Trd, 4319071.143, 102
Trd, 4319071.993, 97
Trd, 4319072.643, 104
Trd, 4319072.943, 96
Trd, 4319074.193, 95
Trd, 4319074.243, 101
Trd, 4319076.793, 95
Trd, 4319078.593, 95
Trd, 4319080.243, 100
Trd, 4319080.993, 94
Trd, 4319083.043, 99
Trd, 4319083.193, 99
Trd, 4319083.243, 95
Trd, 4319084.943, 104
Trd, 4319085.543, 103
Trd, 4319085.793, 102
Trd, 4319086.593, 102
Trd, 4319087.743, 103
Trd, 4319091.493, 101
Trd, 4319091.643, 103
Trd, 4319092.443, 100
Trd, 4319092.543, 95
Trd, 4319093.493, 104
Trd, 4319094.593, 85
Trd, 4319095.643, 113
Trd, 4319095.743, 94
Trd, 4319099.343, 97
Trd, 4319101.443, 97
Trd, 4319102.093, 96
Trd, 4319102.843, 96
Trd, 4319102.943, 98
Trd, 4319103.743, 101
Trd, 4319105.143, 95
Trd, 4319107.193, 101
Trd, 4319107.893, 95
Trd, 4319108.143, 104
Trd, 4319108.493, 95
Trd, 4319109.993, 94
Trd, 4319111.143, 93
Trd, 4319111.393, 95
Trd, 4319112.893, 93
Trd, 4319114.343, 97
Trd, 4319116.443, 104
Trd, 4319117.943, 96
Trd, 4319118.543, 95
Trd, 4319119.943, 96
Trd, 4319120.743, 95
Trd, 4319123.293, 96
Trd, 4319123.343, 95
Trd, 4319123.793, 94
Trd, 4319126.643, 96
Trd, 4319127.293, 94
Trd, 4319127.543, 104
Trd, 4319128.293, 93
Trd, 4319128.543, 93
Trd, 4319128.643, 84
Trd, 4319130.693, 82
Trd, 4319131.793, 86
Trd, 4319133.143, 92
Trd, 4319134.443, 92
Trd, 4319136.693, 89
Trd, 4319137.293, 90
Trd, 4319138.293, 96
Trd, 4319139.643, 89
Trd, 4319140.293, 89
Trd, 4319140.593, 95
Trd, 4319143.293, 88
Trd, 4319143.743, 94
Trd, 4319144.393, 89
Trd, 4319144.893, 104
Trd, 4319146.643, 88
Trd, 4319146.743, 95
Trd, 4319149.293, 89
Trd, 4319150.793, 89
Trd, 4319150.843, 97
Trd, 4319151.393, 104
Trd, 4319151.443, 88
Trd, 4319153.143, 88
Trd, 4319154.593, 87
Trd, 4319156.293, 101
Trd, 4319156.943, 89
Trd, 4319160.293, 90
Trd, 4319160.493, 90
Trd, 4319160.793, 96
Trd, 4319161.293, 88
Trd, 4319164.693, 92
Trd, 4319165.443, 90
Trd, 4319166.193, 90
Trd, 4319167.293, 96
Trd, 4319167.393, 104
Trd, 4319168.793, 114
Trd, 4319169.643, 98
Trd, 4319171.343, 100
Trd, 4319171.493, 104
Trd, 4319171.793, 95
Trd, 4319173.543, 96
Trd, 4319174.193, 94
Trd, 4319176.793, 95
Trd, 4319178.043, 95
Trd, 4319179.143, 94
Trd, 4319179.643, 99
Trd, 4319179.993, 100
Trd, 4319181.593, 114
Trd, 4319181.643, 101
Trd, 4319182.693, 100
Trd, 4319182.843, 97
Trd, 4319184.543, 95
Trd, 4319186.343, 97
Trd, 4319187.043, 106
Trd, 4319187.593, 106
Trd, 4319189.193, 103
Trd, 4319189.693, 96
Trd, 4319191.093, 95
Trd, 4319191.343, 105
Trd, 4319191.693, 95
Trd, 4319192.043, 94
Trd, 4319193.143, 103
Trd, 4319195.093, 94
Trd, 4319196.543, 94
Trd, 4319197.893, 100
Trd, 4319199.093, 100
Trd, 4319199.843, 94
Trd, 4319200.093, 93
Trd, 4319202.593, 93
Trd, 4319202.743, 92
Trd, 4319203.043, 98
Trd, 4319204.043, 86
Trd, 4319205.843, 99
Trd, 4319205.943, 93
Trd, 4319207.993, 95
Trd, 4319209.493, 101
Trd, 4319210.443, 103
Trd, 4319211.643, 100
Trd, 4319211.893, 94
Trd, 4319215.093, 96
Trd, 4319215.293, 94
Trd, 4319216.143, 99
Trd, 4319217.243, 99
Trd, 4319218.943, 100
Trd, 4319219.593, 95
Trd, 4319220.393, 94
Trd, 4319220.743, 94
Trd, 4319221.493, 104
Trd, 4319221.593, 93
Trd, 4319222.143, 85
Trd, 4319222.893, 86
Trd, 4319224.393, 102
Trd, 4319226.093, 89
Trd, 4319226.693, 86
Trd, 4319228.393, 98
Trd, 4319228.693, 99
Trd, 4319229.743, 89
Trd, 4319231.793, 90
Trd, 4319232.743, 98
Trd, 4319233.393, 89
Trd, 4319234.493, 95
Trd, 4319235.893, 89
Trd, 4319236.893, 95
Trd, 4319237.593, 90
Trd, 4319238.193, 91
Trd, 4319241.093, 94
Trd, 4319241.393, 104
Trd, 4319242.143, 100
Trd, 4319242.893, 93
Trd, 4319244.593, 93
Trd, 4319245.193, 94
Trd, 4319245.243, 92
Trd, 4319246.393, 97
Trd, 4319247.743, 97
Trd, 4319247.893, 95
Trd, 4319249.493, 94
Trd, 4319250.793, 113
Trd, 4319251.843, 93
Trd, 4319251.993, 106
Trd, 4319254.793, 95
Trd, 4319255.393, 95
Trd, 4319255.643, 100
Trd, 4319256.493, 94
Trd, 4319257.343, 100
Trd, 4319258.643, 94
Trd, 4319260.143, 94
Trd, 4319260.493, 104
Trd, 4319261.693, 100
Trd, 4319262.193, 93
Trd, 4319264.143, 109
Trd, 4319264.393, 95
Trd, 4319264.543, 95
Trd, 4319266.293, 97
Trd, 4319267.143, 101
Trd, 4319269.793, 101
Trd, 4319270.543, 96
Trd, 4319271.693, 85
Trd, 4319272.643, 88
Trd, 4319272.743, 77
Trd, 4319273.743, 104
Trd, 4319275.193, 96
Trd, 4319276.343, 91
Trd, 4319276.893, 90
Trd, 4319277.843, 89
Trd, 4319278.093, 114
Trd, 4319280.293, 99
Trd, 4319281.343, 91
Trd, 4319282.393, 97
Trd, 4319283.393, 91
Trd, 4319283.593, 90
Trd, 4319284.393, 98
Trd, 4319285.293, 89
Trd, 4319287.293, 98
Trd, 4319289.143, 95
Trd, 4319289.693, 113
Trd, 4319291.493, 95
Trd, 4319291.793, 94
Trd, 4319292.243, 93
Trd, 4319294.693, 92
Trd, 4319295.093, 94
Trd, 4319295.193, 97
Trd, 4319295.893, 92
Trd, 4319296.393, 114
Trd, 4319298.543, 92
Trd, 4319300.743, 98
Trd, 4319301.893, 96
Trd, 4319303.793, 93
Trd, 4319304.243, 93
Trd, 4319304.393, 96
Trd, 4319304.793, 92
Trd, 4319307.243, 91
Trd, 4319307.343, 97
Trd, 4319307.843, 85
Trd, 4319308.943, 79
Trd, 4319310.843, 88
Trd, 4319310.893, 98
Trd, 4319311.593, 104
Trd, 4319314.893, 90
Trd, 4319315.743, 91
Trd, 4319315.793, 99
Trd, 4319316.343, 89
Trd, 4319317.643, 90
Trd, 4319319.743, 98
Trd, 4319320.143, 91
Trd, 4319323.893, 97
Trd, 4319324.043, 97
Trd, 4319325.043, 113
Trd, 4319326.743, 95
Trd, 4319326.993, 93
Trd, 4319327.593, 94
Trd, 4319328.193, 100
Trd, 4319328.543, 123
Trd, 4319331.093, 95
Trd, 4319332.243, 95
Trd, 4319333.143, 96
Trd, 4319333.593, 95
Trd, 4319335.143, 95
Trd, 4319336.143, 104
Trd, 4319336.843, 95
Trd, 4319337.193, 104
Trd, 4319338.143, 94
Trd, 4319339.143, 103
Trd, 4319340.243, 102
Trd, 4319343.393, 95
Trd, 4319343.493, 102
Trd, 4319343.643, 95
Trd, 4319343.993, 94
Trd, 4319344.493, 89
Trd, 4319346.243, 96
Trd, 4319347.143, 95
Trd, 4319348.893, 95
Trd, 4319351.143, 95
Trd, 4319352.743, 94
Trd, 4319354.543, 93
Trd, 4319355.443, 96
Trd, 4319355.593, 125
Trd, 4319355.893, 94
Trd, 4319356.443, 93
Trd, 4319357.293, 108
Trd, 4319359.793, 93
Trd, 4319361.243, 101
Trd, 4319362.693, 105
Trd, 4319363.793, 95
Trd, 4319364.193, 94
Trd, 4319365.243, 100
Trd, 4319366.543, 100
Trd, 4319366.943, 94
Trd, 4319368.143, 93
Trd, 4319369.443, 104
Trd, 4319372.393, 100
Trd, 4319372.543, 95
Trd, 4319373.143, 95
Trd, 4319373.543, 94
Trd, 4319373.993, 101
Trd, 4319376.243, 94
Trd, 4319377.593, 93
Trd, 4319378.143, 95
Trd, 4319378.593, 85
Trd, 4319378.693, 100
Trd, 4319379.943, 93
Trd, 4319380.093, 92
Trd, 4319383.343, 95
Trd, 4319384.693, 97
Trd, 4319384.893, 94
Trd, 4319385.343, 93
Trd, 4319387.093, 98
Trd, 4319387.743, 93
Trd, 4319388.243, 104
Trd, 4319389.743, 95
Trd, 4319389.943, 113
Trd, 4319390.593, 98
Trd, 4319391.293, 113
Trd, 4319393.843, 109
Trd, 4319395.993, 100
Trd, 4319396.743, 102
Trd, 4319397.793, 105
Trd, 4319398.293, 105
Trd, 4319398.493, 103
Trd, 4319400.743, 104
Trd, 4319401.043, 95
Trd, 4319401.743, 105
Trd, 4319401.793, 102
Trd, 4319404.343, 101
Trd, 4319405.193, 84
Trd, 4319405.593, 77
Trd, 4319406.243, 103
Trd, 4319406.943, 93
Trd, 4319408.093, 92
Trd, 4319408.643, 105
Trd, 4319409.193, 92
Trd, 4319411.693, 98
Trd, 4319412.093, 102
Trd, 4319412.743, 74
Trd, 4319413.943, 105
Trd, 4319415.193, 95
Trd, 4319415.243, 95
Trd, 4319416.093, 113
Trd, 4319416.843, 95
Trd, 4319418.393, 100
Trd, 4319421.243, 105
Trd, 4319422.643, 94
Trd, 4319422.843, 103
Trd, 4319423.993, 95
Trd, 4319424.893, 85
Trd, 4319425.843, 101
Trd, 4319426.343, 92
Trd, 4319427.543, 91
Trd, 4319429.293, 99
Trd, 4319429.793, 99
Trd, 4319430.093, 104
Trd, 4319430.143, 94
Trd, 4319433.743, 100
Trd, 4319433.993, 100
Trd, 4319434.293, 101
Trd, 4319434.743, 84
Trd, 4319436.143, 100
Trd, 4319436.843, 96
Trd, 4319438.943, 97
Trd, 4319440.393, 101
Trd, 4319440.443, 97
Trd, 4319440.693, 104
Trd, 4319442.943, 84
Trd, 4319444.793, 95
Trd, 4319445.393, 101
Trd, 4319445.793, 94
Trd, 4319447.343, 95
Trd, 4319447.893, 95
Trd, 4319448.443, 100
Trd, 4319451.043, 104
Trd, 4319451.193, 94
Trd, 4319452.093, 83
Trd, 4319452.593, 86
Trd, 4319454.343, 94
Trd, 4319455.393, 95
Trd, 4319456.493, 94
Trd, 4319457.143, 92
Trd, 4319459.193, 91
Trd, 4319459.793, 94
Trd, 4319462.993, 91
Trd, 4319464.093, 95
Trd, 4319464.593, 104
Trd, 4319464.993, 91
Trd, 4319466.543, 90
Trd, 4319467.393, 95
Trd, 4319467.643, 90
Trd, 4319468.443, 85
Trd, 4319471.393, 95
Trd, 4319472.243, 96
Trd, 4319472.393, 90
Trd, 4319474.293, 90
Trd, 4319475.143, 92
Trd, 4319475.893, 91
Trd, 4319477.993, 94
Trd, 4319479.243, 96
Trd, 4319480.443, 92
Trd, 4319480.993, 96
Trd, 4319484.093, 94
Trd, 4319484.243, 96
Trd, 4319484.343, 92
Trd, 4319484.593, 98
Trd, 4319485.293, 92
Trd, 4319487.093, 92
Trd, 4319488.943, 94
Trd, 4319489.493, 104
Trd, 4319489.843, 93
Trd, 4319490.093, 113
Trd, 4319493.193, 97
Trd, 4319493.993, 92
Trd, 4319494.643, 92
Trd, 4319496.393, 85
Trd, 4319497.743, 87
Trd, 4319498.793, 91
Trd, 4319500.393, 90
Trd, 4319501.043, 95
Trd, 4319501.593, 88
Trd, 4319502.093, 104
Trd, 4319503.043, 88
Trd, 4319504.593, 93
Trd, 4319504.843, 87
Trd, 4319505.793, 87
Trd, 4319506.843, 89
Trd, 4319507.193, 96
Trd, 4319508.043, 94
Trd, 4319508.943, 89
Trd, 4319510.343, 90
Trd, 4319514.093, 90
Trd, 4319514.993, 94
Trd, 4319515.443, 89
Trd, 4319515.843, 88
Trd, 4319515.993, 97
Trd, 4319516.593, 85
Trd, 4319517.843, 87
Trd, 4319519.843, 87
Trd, 4319520.143, 104
Trd, 4319520.343, 113
Trd, 4319522.093, 88
Trd, 4319522.943, 87
Trd, 4319523.543, 96
Trd, 4319524.393, 87
Trd, 4319525.143, 112
Trd, 4319527.743, 113
Trd, 4319529.043, 96
Trd, 4319529.093, 99
Trd, 4319529.543, 95
Trd, 4319532.693, 95
Trd, 4319533.843, 94
Trd, 4319536.593, 99
Trd, 4319537.143, 100
Trd, 4319537.943, 104
Trd, 4319538.643, 95
Trd, 4319538.993, 95
Trd, 4319540.043, 96
Trd, 4319541.893, 95
Trd, 4319542.093, 99
Trd, 4319542.443, 100
Trd, 4319542.793, 94
Trd, 4319543.193, 104
Trd, 4319543.993, 94
Trd, 4319545.693, 85
Trd, 4319547.193, 96
Trd, 4319548.493, 95
Trd, 4319549.243, 96
Trd, 4319549.543, 94
Trd, 4319551.693, 93
Trd, 4319553.143, 95
Trd, 4319553.493, 92
Trd, 4319554.393, 92
Trd, 4319555.643, 95
Trd, 4319556.743, 96
Trd, 4319558.143, 95
Trd, 4319558.693, 105
Trd, 4319560.543, 95
Trd, 4319561.893, 95
Trd, 4319562.243, 96
Trd, 4319563.693, 94
Trd, 4319563.843, 99
Trd, 4319564.443, 94
Trd, 4319565.093, 93
Trd, 4319565.443, 104
Trd, 4319568.693, 95
Trd, 4319569.193, 98
Trd, 4319569.243, 94
Trd, 4319572.243, 94
Trd, 4319572.293, 113
Trd, 4319573.393, 93
Trd, 4319573.893, 77
Trd, 4319574.493, 107
Trd, 4319575.343, 68
Trd, 4319577.893, 87
Trd, 4319579.443, 89
Trd, 4319580.443, 86
Trd, 4319581.743, 87
Trd, 4319582.843, 95
Trd, 4319584.443, 92
Trd, 4319584.643, 91
Trd, 4319585.793, 104
Trd, 4319586.243, 87
Trd, 4319587.843, 91
Trd, 4319588.643, 93
Trd, 4319591.543, 93
Trd, 4319592.193, 93
Trd, 4319593.393, 91
Trd, 4319594.743, 90
Trd, 4319594.993, 92
Trd, 4319595.243, 95
Trd, 4319598.243, 92
Trd, 4319599.393, 91
Trd, 4319601.043, 92
Trd, 4319601.343, 93
Trd, 4319602.043, 104
Trd, 4319603.793, 91
Trd, 4319604.593, 100
Trd, 4319606.993, 90
Trd, 4319607.093, 100
Trd, 4319607.393, 91
Trd, 4319607.843, 91
Trd, 4319610.793, 93
Trd, 4319612.193, 96
Trd, 4319613.243, 95
Trd, 4319613.343, 97
Trd, 4319615.093, 111
Trd, 4319615.943, 101
Trd, 4319616.293, 106
Trd, 4319616.793, 100
Trd, 4319617.393, 99
Trd, 4319619.143, 106
Trd, 4319619.443, 98
Trd, 4319619.693, 95
Trd, 4319620.993, 98
Trd, 4319622.393, 101
Trd, 4319624.343, 97
Trd, 4319626.743, 103
Trd, 4319627.693, 97
Trd, 4319627.893, 113
Trd, 4319628.993, 96
Trd, 4319629.943, 95
Trd, 4319630.593, 100
Trd, 4319632.043, 95
Trd, 4319632.593, 95
Trd, 4319632.743, 104
Trd, 4319633.693, 95
Trd, 4319634.093, 114
Trd, 4319637.943, 104
Trd, 4319638.443, 96
Trd, 4319638.493, 95
Trd, 4319640.593, 97
Trd, 4319641.093, 101
Trd, 4319641.943, 104
Trd, 4319641.993, 96
Trd, 4319644.443, 115
Trd, 4319644.643, 95
Trd, 4319644.843, 95
Trd, 4319646.993, 113
Trd, 4319647.993, 101
Trd, 4319649.493, 104
Trd, 4319650.293, 107
Trd, 4319650.943, 100
Trd, 4319654.243, 103
Trd, 4319654.793, 104
Trd, 4319655.743, 99
Trd, 4319657.493, 100
Trd, 4319657.543, 98
Trd, 4319658.143, 86
Trd, 4319659.993, 101
Trd, 4319662.593, 96
Trd, 4319664.143, 95
Trd, 4319664.393, 100
Trd, 4319665.043, 95
Trd, 4319665.843, 90
Trd, 4319666.693, 104
Trd, 4319668.293, 94
Trd, 4319669.343, 99
Trd, 4319669.943, 97
Trd, 4319670.193, 87
Trd, 4319671.343, 85
Trd, 4319671.643, 92
Trd, 4319671.793, 99
Trd, 4319675.043, 91
Trd, 4319675.493, 91
Trd, 4319675.843, 78
Trd, 4319676.893, 97
Trd, 4319680.043, 90
Trd, 4319680.093, 88
Trd, 4319681.643, 94
Trd, 4319683.193, 94
Trd, 4319683.793, 88
Trd, 4319685.793, 89
Trd, 4319686.343, 95
Trd, 4319687.343, 113
Trd, 4319688.343, 100
Trd, 4319688.843, 100
Trd, 4319688.943, 100
Trd, 4319690.743, 106
Trd, 4319692.443, 99
Trd, 4319692.543, 95
Trd, 4319694.093, 97
Trd, 4319696.493, 96
Trd, 4319698.193, 100
Trd, 4319698.343, 96
Trd, 4319699.243, 105
Trd, 4319699.593, 95
Trd, 4319701.493, 95
Trd, 4319702.043, 94
Trd, 4319702.243, 100
Trd, 4319703.993, 95
Trd, 4319705.443, 99
Trd, 4319706.593, 94
Trd, 4319708.793, 99
Trd, 4319708.843, 95
Trd, 4319709.293, 104
Trd, 4319709.743, 94
Trd, 4319710.143, 102
Trd, 4319711.943, 98
Trd, 4319713.293, 102
Trd, 4319713.493, 99
Trd, 4319714.593, 98
Trd, 4319716.843, 101
Trd, 4319717.143, 97
Trd, 4319717.743, 86
Trd, 4319722.093, 96
Trd, 4319723.293, 95
Trd, 4319724.043, 95
Trd, 4319724.893, 100
Trd, 4319726.743, 100
Trd, 4319726.893, 85
Trd, 4319727.743, 93
Trd, 4319728.393, 104
Trd, 4319729.993, 92
Trd, 4319730.593, 101
Trd, 4319732.143, 93
Trd, 4319733.243, 92
Trd, 4319733.743, 98
Trd, 4319733.793, 101
Trd, 4319735.343, 92
Trd, 4319736.143, 104
Trd, 4319737.443, 99
Trd, 4319738.143, 91
Trd, 4319738.793, 90
Trd, 4319740.493, 91
Trd, 4319742.943, 96
Trd, 4319743.143, 89
Trd, 4319743.493, 89
Trd, 4319744.993, 89
Trd, 4319746.893, 88
Trd, 4319746.943, 96
Trd, 4319748.643, 92
Trd, 4319749.543, 89
Trd, 4319750.693, 89
Trd, 4319751.443, 93
Trd, 4319753.293, 88
Trd, 4319753.493, 96
Trd, 4319755.693, 89
Trd, 4319755.993, 88
Trd, 4319758.743, 94
Trd, 4319758.993, 88
Trd, 4319760.993, 95
Trd, 4319762.893, 92
Trd, 4319764.343, 91
Trd, 4319764.943, 95
Trd, 4319765.243, 94
Trd, 4319766.143, 90
Trd, 4319767.093, 104
Trd, 4319768.693, 96
Trd, 4319770.093, 104
Trd, 4319770.593, 97
Trd, 4319771.443, 95
Trd, 4319771.593, 97
Trd, 4319773.793, 97
Trd, 4319773.893, 96
Trd, 4319775.293, 104
Trd, 4319776.243, 95
Trd, 4319776.793, 98
Trd, 4319777.643, 94
Trd, 4319778.193, 94
Trd, 4319778.943, 98
Trd, 4319779.293, 93
Trd, 4319781.993, 116
Trd, 4319782.543, 95
Trd, 4319782.843, 94
Trd, 4319783.393, 108
Trd, 4319783.793, 94
Trd, 4319784.843, 85
Trd, 4319786.793, 102
Trd, 4319787.993, 93
Trd, 4319789.843, 93
Trd, 4319790.793, 92
Trd, 4319792.293, 101
Trd, 4319792.693, 94
Trd, 4319795.743, 101
Trd, 4319796.293, 93
Trd, 4319796.343, 101
Trd, 4319796.943, 92
Trd, 4319797.743, 92
Trd, 4319798.293, 104
Trd, 4319800.243, 91
Trd, 4319800.943, 105
Trd, 4319801.593, 91
Trd, 4319801.693, 104
Trd, 4319802.443, 91
Trd, 4319803.593, 89
Trd, 4319804.343, 112
Trd, 4319806.543, 96
Trd, 4319806.843, 95
Trd, 4319808.443, 104
Trd, 4319812.093, 95
Trd, 4319812.143, 95
Trd, 4319813.543, 94
Trd, 4319814.443, 98
Trd, 4319815.243, 94
Trd, 4319815.993, 98
Trd, 4319817.043, 93
Trd, 4319817.793, 92
Trd, 4319820.943, 104
Trd, 4319821.043, 93
Trd, 4319821.393, 93
Trd, 4319822.443, 99
Trd, 4319823.943, 93
Trd, 4319824.693, 95
Trd, 4319825.943, 94
Trd, 4319827.493, 99
Trd, 4319828.143, 99
Trd, 4319831.493, 95
Trd, 4319831.793, 99
Trd, 4319833.243, 94
Trd, 4319834.143, 95
Trd, 4319834.493, 93
Trd, 4319836.643, 86
Trd, 4319837.043, 90
Trd, 4319837.493, 97
Trd, 4319839.643, 90
Trd, 4319840.443, 90
Trd, 4319841.443, 89
Trd, 4319841.743, 91
Trd, 4319842.393, 95
Trd, 4319842.843, 89
Trd, 4319842.943, 88
Trd, 4319844.893, 89
Trd, 4319845.043, 97
Trd, 4319846.143, 93
Trd, 4319849.543, 96
Trd, 4319850.143, 89
Trd, 4319850.293, 115
Trd, 4319851.043, 85
Trd, 4319851.243, 87
Trd, 4319855.293, 94
Trd, 4319855.643, 94
Trd, 4319856.943, 94
Trd, 4319857.793, 93
Trd, 4319858.343, 93
Trd, 4319858.643, 104
Trd, 4319860.843, 93
Trd, 4319861.193, 95
Trd, 4319861.893, 95
Trd, 4319862.093, 93
Trd, 4319863.593, 95
Trd, 4319864.193, 92
Trd, 4319865.993, 116
Trd, 4319867.243, 100
Trd, 4319869.043, 100
Trd, 4319869.893, 98
Trd, 4319871.593, 98
Trd, 4319872.493, 96
Trd, 4319872.993, 86
Trd, 4319873.943, 104
Trd, 4319874.843, 96
Trd, 4319875.243, 94
Trd, 4319877.593, 98
Trd, 4319879.393, 94
Trd, 4319880.993, 97
Trd, 4319882.643, 95
Trd, 4319883.543, 94
Trd, 4319884.193, 93
Trd, 4319885.243, 92
Trd, 4319885.293, 97
Trd, 4319887.243, 92
Trd, 4319887.543, 92
Trd, 4319888.443, 95
Trd, 4319888.693, 96
Trd, 4319888.943, 104
Trd, 4319892.393, 96
Trd, 4319893.043, 96
Trd, 4319894.093, 96
Trd, 4319894.743, 97
Trd, 4319895.643, 95
Trd, 4319896.843, 97
Trd, 4319897.893, 95
Trd, 4319898.543, 95
Trd, 4319898.593, 104
Trd, 4319899.843, 113
Trd, 4319900.743, 115
Trd, 4319902.943, 101
Trd, 4319903.343, 100
Trd, 4319904.993, 99
Trd, 4319906.293, 98
Trd, 4319907.243, 95
Trd, 4319907.343, 99
Trd, 4319908.993, 104
Trd, 4319909.243, 87
Trd, 4319911.593, 113
Trd, 4319912.193, 103
Trd, 4319914.193, 102
Trd, 4319914.793, 103
Trd, 4319915.393, 101
Trd, 4319916.043, 78
Trd, 4319917.443, 90
Trd, 4319919.493, 95
Trd, 4319920.093, 104
Trd, 4319924.293, 95
Trd, 4319925.243, 96
Trd, 4319928.093, 98
Trd, 4319928.243, 95
Trd, 4319929.243, 95
Trd, 4319929.493, 100
Trd, 4319930.193, 94
Trd, 4319930.293, 104
Trd, 4319932.893, 95
Trd, 4319933.893, 99
Trd, 4319935.243, 101
Trd, 4319936.293, 104
Trd, 4319936.343, 96
Trd, 4319937.043, 95
Trd, 4319938.743, 95
Trd, 4319940.243, 100
Trd, 4319940.793, 95
Trd, 4319942.543, 94
Trd, 4319943.993, 98
Trd, 4319946.743, 94
Trd, 4319947.793, 83
Trd, 4319948.743, 93
Trd, 4319949.343, 96
Trd, 4319949.443, 96
Trd, 4319950.343, 104
Trd, 4319950.443, 92
Trd, 4319951.093, 92
Trd, 4319953.843, 93
Trd, 4319956.293, 95
Trd, 4319957.293, 97
Trd, 4319958.693, 95
Trd, 4319959.093, 96
Trd, 4319960.493, 95
Trd, 4319961.593, 97
Trd, 4319962.043, 94
Trd, 4319962.293, 104
Trd, 4319963.293, 96
Trd, 4319964.893, 96
Trd, 4319965.443, 96
Trd, 4319967.243, 95
Trd, 4319967.443, 98
Trd, 4319968.243, 100
Trd, 4319970.243, 95
Trd, 4319971.843, 95
Trd, 4319973.043, 95
Trd, 4319973.543, 96
Trd, 4319974.443, 95
Trd, 4319976.593, 94
Trd, 4319978.393, 93
Trd, 4319978.443, 95
Trd, 4319980.693, 94
Trd, 4319982.193, 92
Trd, 4319982.493, 95
Trd, 4319982.693, 104
Trd, 4319985.293, 94
Trd, 4319985.693, 92
Trd, 4319986.443, 96
Trd, 4319986.743, 92
Trd, 4319987.493, 104
Trd, 4319989.443, 94
Trd, 4319990.393, 93
Trd, 4319991.743, 92
Trd, 4319991.993, 97
Trd, 4319993.043, 114
Trd, 4319993.993, 92
Trd, 4319995.893, 90
Trd, 4319997.193, 91
Trd, 4319997.493, 90
Trd, 4319998.193, 95
