Trd, 4317890.943, 98
Trd, 4317891.893, 100
Trd, 4317893.193, 98
Trd, 4317893.443, 99
Trd, 4317895.743, 100
Trd, 4317895.893, 98
Trd, 4317899.193, 101
Trd, 4317899.543, 98
Trd, 4317903.193, 98
Trd, 4317903.793, 98
Trd, 4317904.543, 99
Trd, 4317905.443, 97
Trd, 4317906.643, 97
Trd, 4317907.443, 96
Trd, 4317908.293, 98
Trd, 4317909.743, 97
Trd, 4317913.743, 96
Trd, 4317914.293, 95
Trd, 4317914.443, 95
Trd, 4317916.493, 95
Trd, 4317916.793, 95
Trd, 4317917.543, 95
Trd, 4317921.293, 96
Trd, 4317923.493, 101
Trd, 4317923.643, 98
Trd, 4317925.143, 97
Trd, 4317926.343, 104
Trd, 4317928.093, 100
Trd, 4317929.493, 98
Trd, 4317930.793, 99
Trd, 4317931.943, 98
Trd, 4317933.043, 98
Trd, 4317934.593, 103
Trd, 4317935.493, 101
Trd, 4317935.793, 102
Trd, 4317936.543, 102
Trd, 4317936.743, 104
Trd, 4317939.143, 103
Trd, 4317939.843, 101
Trd, 4317941.243, 99
Trd, 4317943.443, 102
Trd, 4317944.393, 102
Trd, 4317945.393, 102
Trd, 4317946.093, 104
Trd, 4317946.493, 101
Trd, 4317947.393, 102
Trd, 4317948.293, 101
Trd, 4317950.843, 101
Trd, 4317952.393, 101
Trd, 4317952.693, 100
Trd, 4317952.943, 102
Trd, 4317956.043, 101
Trd, 4317958.543, 95
Trd, 4317959.643, 102
Trd, 4317963.243, 99
Trd, 4317963.493, 102
Trd, 4317967.193, 99
Trd, 4317968.643, 101
Trd, 4317969.993, 101
Trd, 4317970.843, 100
Trd, 4317971.393, 101
Trd, 4317971.493, 100
Trd, 4317973.993, 100
Trd, 4317974.793, 100
Trd, 4317977.293, 98
Trd, 4317979.243, 101
Trd, 4317980.093, 101
Trd, 4317980.743, 100
Trd, 4317981.243, 100
Trd, 4317981.293, 101
Trd, 4317982.643, 94
Trd, 4317985.093, 97
Trd, 4317986.143, 94
Trd, 4317986.393, 95
Trd, 4317989.243, 95
Trd, 4317989.543, 94
Trd, 4317990.293, 85
Trd, 4317991.093, 94
Trd, 4317991.693, 95
Trd, 4317992.093, 95
Trd, 4317992.493, 95
Trd, 4317994.743, 113
Trd, 4317995.793, 108
Trd, 4317996.343, 108
Trd, 4317999.543, 109
Trd, 4317999.693, 107
Trd, 4318000.193, 107
Trd, 4318001.043, 105
Trd, 4318002.443, 103
Trd, 4318003.643, 102
Trd, 4318004.993, 97
Trd, 4318006.443, 98
Trd, 4318007.343, 98
Trd, 4318008.743, 96
Trd, 4318010.493, 97
Trd, 4318011.543, 97
Trd, 4318014.843, 96
Trd, 4318015.343, 98
Trd, 4318015.493, 97
Trd, 4318016.393, 97
Trd, 4318016.693, 96
Trd, 4318018.893, 95
Trd, 4318019.243, 104
Trd, 4318021.093, 94
Trd, 4318022.893, 95
Trd, 4318023.293, 96
Trd, 4318024.493, 97
Trd, 4318025.143, 95
Trd, 4318026.593, 96
Trd, 4318027.743, 104
Trd, 4318028.943, 105
Trd, 4318029.343, 104
Trd, 4318030.993, 103
Trd, 4318032.943, 103
Trd, 4318033.543, 111
Trd, 4318036.393, 102
Trd, 4318037.593, 103
Trd, 4318038.093, 101
Trd, 4318040.293, 94
Trd, 4318042.243, 97
Trd, 4318042.543, 96
Trd, 4318043.043, 96
Trd, 4318043.743, 97
Trd, 4318045.843, 97
Trd, 4318046.343, 96
Trd, 4318047.893, 96
Trd, 4318048.393, 95
Trd, 4318049.443, 111
Trd, 4318050.093, 101
Trd, 4318051.543, 102
Trd, 4318052.343, 103
Trd, 4318053.743, 104
Trd, 4318054.593, 102
Trd, 4318055.493, 101
Trd, 4318057.693, 100
Trd, 4318060.043, 102
Trd, 4318060.293, 101
Trd, 4318062.643, 102
Trd, 4318064.093, 102
Trd, 4318065.093, 102
Trd, 4318066.343, 101
Trd, 4318067.443, 101
Trd, 4318067.843, 103
Trd, 4318069.643, 102
Trd, 4318072.643, 103
Trd, 4318072.943, 102
Trd, 4318073.493, 101
Trd, 4318073.993, 100
Trd, 4318074.843, 95
Trd, 4318077.843, 100
Trd, 4318078.993, 100
Trd, 4318080.393, 101
Trd, 4318080.893, 98
Trd, 4318081.143, 101
Trd, 4318084.793, 101
Trd, 4318086.343, 101
Trd, 4318087.993, 101
Trd, 4318088.043, 100
Trd, 4318090.693, 100
Trd, 4318090.843, 101
Trd, 4318091.743, 95
Trd, 4318094.043, 98
Trd, 4318094.243, 98
Trd, 4318094.293, 104
Trd, 4318095.943, 112
Trd, 4318097.093, 104
Trd, 4318097.143, 103
Trd, 4318100.543, 102
Trd, 4318101.193, 102
Trd, 4318102.343, 102
Trd, 4318104.293, 103
Trd, 4318104.993, 101
Trd, 4318106.893, 101
Trd, 4318107.643, 100
Trd, 4318108.443, 99
Trd, 4318111.993, 99
Trd, 4318112.243, 99
Trd, 4318112.743, 99
Trd, 4318114.293, 94
Trd, 4318114.543, 98
Trd, 4318116.093, 95
Trd, 4318116.893, 92
Trd, 4318118.143, 101
Trd, 4318119.543, 97
Trd, 4318120.493, 96
Trd, 4318120.893, 96
Trd, 4318122.393, 98
Trd, 4318123.493, 98
Trd, 4318123.743, 99
Trd, 4318125.843, 96
Trd, 4318125.993, 99
Trd, 4318126.843, 94
Trd, 4318127.743, 99
Trd, 4318130.293, 99
Trd, 4318130.793, 75
Trd, 4318131.793, 92
Trd, 4318132.993, 104
Trd, 4318134.043, 94
Trd, 4318134.643, 92
Trd, 4318135.693, 92
Trd, 4318136.743, 93
Trd, 4318138.593, 102
Trd, 4318139.443, 105
Trd, 4318140.893, 102
Trd, 4318142.493, 95
Trd, 4318142.643, 101
Trd, 4318144.943, 100
Trd, 4318146.143, 96
Trd, 4318147.343, 98
Trd, 4318149.293, 100
Trd, 4318151.243, 99
Trd, 4318151.493, 97
Trd, 4318152.943, 100
Trd, 4318154.293, 99
Trd, 4318155.443, 100
Trd, 4318157.243, 99
Trd, 4318158.143, 99
Trd, 4318158.193, 99
Trd, 4318158.493, 98
Trd, 4318161.543, 99
Trd, 4318162.493, 98
Trd, 4318163.843, 98
Trd, 4318164.343, 97
Trd, 4318165.393, 97
Trd, 4318167.243, 93
Trd, 4318169.293, 98
Trd, 4318170.493, 98
Trd, 4318170.943, 98
Trd, 4318171.893, 98
Trd, 4318173.043, 98
Trd, 4318173.193, 98
Trd, 4318173.843, 97
Trd, 4318176.843, 96
Trd, 4318178.843, 96
Trd, 4318179.493, 98
Trd, 4318180.743, 98
Trd, 4318182.343, 96
Trd, 4318183.093, 94
Trd, 4318183.893, 104
Trd, 4318187.943, 97
Trd, 4318188.243, 96
Trd, 4318189.043, 96
Trd, 4318190.493, 97
Trd, 4318192.443, 96
Trd, 4318195.343, 96
Trd, 4318195.493, 95
Trd, 4318196.343, 95
Trd, 4318196.893, 95
Trd, 4318198.143, 94
Trd, 4318198.193, 95
Trd, 4318198.943, 95
Trd, 4318202.793, 96
Trd, 4318203.093, 101
Trd, 4318204.343, 99
Trd, 4318205.393, 98
Trd, 4318206.693, 100
Trd, 4318210.193, 98
Trd, 4318211.393, 98
Trd, 4318211.493, 100
Trd, 4318211.843, 97
Trd, 4318215.943, 99
Trd, 4318217.043, 95
Trd, 4318218.093, 97
Trd, 4318218.293, 98
Trd, 4318218.843, 99
Trd, 4318219.043, 96
Trd, 4318222.643, 98
Trd, 4318223.443, 98
Trd, 4318223.893, 98
Trd, 4318226.843, 98
Trd, 4318226.993, 99
Trd, 4318229.443, 99
Trd, 4318230.393, 99
Trd, 4318230.993, 97
Trd, 4318232.243, 99
Trd, 4318233.693, 98
Trd, 4318235.943, 98
Trd, 4318237.993, 96
Trd, 4318238.843, 98
Trd, 4318239.843, 98
Trd, 4318241.343, 98
Trd, 4318242.693, 99
Trd, 4318243.893, 98
Trd, 4318243.993, 95
Trd, 4318246.043, 99
Trd, 4318248.093, 98
Trd, 4318250.093, 97
Trd, 4318250.193, 97
Trd, 4318253.793, 97
Trd, 4318253.943, 98
Trd, 4318254.093, 96
Trd, 4318256.443, 93
Trd, 4318257.343, 93
Trd, 4318259.043, 93
Trd, 4318259.693, 93
Trd, 4318260.343, 101
Trd, 4318261.693, 95
Trd, 4318264.443, 96
Trd, 4318264.493, 97
Trd, 4318265.293, 96
Trd, 4318265.893, 104
Trd, 4318266.893, 95
Trd, 4318269.543, 96
Trd, 4318270.843, 95
Trd, 4318272.043, 95
Trd, 4318272.593, 95
Trd, 4318275.243, 95
Trd, 4318276.143, 96
Trd, 4318276.693, 95
Trd, 4318277.343, 95
Trd, 4318277.443, 94
Trd, 4318279.143, 93
Trd, 4318279.393, 92
Trd, 4318279.493, 92
Trd, 4318282.993, 94
Trd, 4318283.293, 95
Trd, 4318285.193, 95
Trd, 4318285.443, 93
Trd, 4318286.593, 93
Trd, 4318287.193, 95
Trd, 4318289.293, 90
Trd, 4318291.043, 94
Trd, 4318291.493, 94
Trd, 4318292.593, 94
Trd, 4318293.393, 94
Trd, 4318294.193, 95
Trd, 4318294.593, 95
Trd, 4318296.343, 75
Trd, 4318297.743, 113
Trd, 4318299.593, 100
Trd, 4318301.443, 104
Trd, 4318302.743, 102
Trd, 4318303.343, 103
Trd, 4318303.443, 97
Trd, 4318304.543, 104
Trd, 4318307.043, 102
Trd, 4318310.193, 101
Trd, 4318310.393, 100
Trd, 4318312.393, 100
Trd, 4318312.643, 99
Trd, 4318312.793, 101
Trd, 4318314.243, 99
Trd, 4318316.643, 101
Trd, 4318317.343, 95
Trd, 4318318.593, 96
Trd, 4318320.043, 97
Trd, 4318320.593, 96
Trd, 4318320.943, 95
Trd, 4318322.593, 96
Trd, 4318322.993, 97
Trd, 4318326.443, 96
Trd, 4318327.543, 97
Trd, 4318328.243, 97
Trd, 4318329.143, 96
Trd, 4318331.293, 96
Trd, 4318331.593, 97
Trd, 4318331.943, 96
Trd, 4318333.993, 96
Trd, 4318335.343, 97
Trd, 4318336.743, 96
Trd, 4318337.493, 95
Trd, 4318340.443, 96
Trd, 4318341.243, 95
Trd, 4318341.943, 103
Trd, 4318344.193, 98
Trd, 4318345.693, 96
Trd, 4318346.493, 96
Trd, 4318346.893, 95
Trd, 4318348.643, 95
Trd, 4318349.493, 96
Trd, 4318350.593, 95
Trd, 4318352.643, 96
Trd, 4318353.343, 96
Trd, 4318355.843, 95
Trd, 4318357.743, 96
Trd, 4318358.243, 96
Trd, 4318358.693, 96
Trd, 4318358.993, 97
Trd, 4318359.493, 104
Trd, 4318361.843, 96
Trd, 4318364.143, 101
Trd, 4318364.793, 99
Trd, 4318367.843, 99
Trd, 4318368.093, 99
Trd, 4318370.993, 99
Trd, 4318371.193, 100
Trd, 4318373.193, 100
Trd, 4318373.293, 100
Trd, 4318373.593, 98
Trd, 4318375.143, 97
Trd, 4318376.943, 101
Trd, 4318377.543, 113
Trd, 4318380.343, 112
Trd, 4318381.143, 103
Trd, 4318381.693, 109
Trd, 4318381.893, 112
Trd, 4318384.143, 105
Trd, 4318384.343, 103
Trd, 4318388.793, 103
Trd, 4318388.993, 104
Trd, 4318389.343, 104
Trd, 4318391.343, 104
Trd, 4318393.043, 103
Trd, 4318393.343, 104
Trd, 4318393.693, 105
Trd, 4318396.843, 104
Trd, 4318397.043, 104
Trd, 4318397.493, 104
Trd, 4318398.043, 105
Trd, 4318399.493, 103
Trd, 4318402.793, 101
Trd, 4318403.193, 102
Trd, 4318405.693, 107
Trd, 4318406.193, 109
Trd, 4318408.643, 114
Trd, 4318408.743, 113
Trd, 4318412.293, 109
Trd, 4318412.743, 108
Trd, 4318413.043, 107
Trd, 4318413.493, 103
Trd, 4318414.543, 105
Trd, 4318415.743, 85
Trd, 4318417.293, 94
Trd, 4318418.943, 83
Trd, 4318419.143, 87
Trd, 4318420.893, 95
Trd, 4318421.443, 93
Trd, 4318422.743, 92
Trd, 4318425.243, 103
Trd, 4318425.343, 102
Trd, 4318426.693, 104
Trd, 4318426.843, 103
Trd, 4318428.593, 114
Trd, 4318429.243, 113
Trd, 4318430.593, 110
Trd, 4318431.643, 109
Trd, 4318432.143, 101
Trd, 4318434.343, 107
Trd, 4318434.943, 105
Trd, 4318435.443, 107
Trd, 4318436.943, 106
Trd, 4318437.643, 103
Trd, 4318439.443, 100
Trd, 4318440.093, 100
Trd, 4318441.343, 100
Trd, 4318441.993, 99
Trd, 4318443.243, 98
Trd, 4318445.393, 101
Trd, 4318445.593, 100
Trd, 4318446.493, 100
Trd, 4318447.393, 100
Trd, 4318448.443, 99
Trd, 4318448.943, 98
Trd, 4318450.693, 96
Trd, 4318451.993, 97
Trd, 4318453.143, 95
Trd, 4318453.743, 94
Trd, 4318455.343, 95
Trd, 4318455.793, 95
Trd, 4318456.643, 95
Trd, 4318458.643, 95
Trd, 4318459.093, 94
Trd, 4318463.193, 102
Trd, 4318464.393, 101
Trd, 4318465.393, 100
Trd, 4318465.843, 100
Trd, 4318466.293, 112
Trd, 4318466.893, 99
Trd, 4318468.043, 106
Trd, 4318471.343, 105
Trd, 4318472.943, 102
Trd, 4318473.243, 101
Trd, 4318474.643, 102
Trd, 4318475.243, 101
Trd, 4318476.143, 101
Trd, 4318479.293, 101
Trd, 4318479.593, 101
Trd, 4318480.443, 101
Trd, 4318480.993, 99
Trd, 4318481.093, 93
Trd, 4318482.943, 98
Trd, 4318483.493, 99
Trd, 4318484.343, 97
Trd, 4318485.993, 99
Trd, 4318488.993, 99
Trd, 4318489.593, 97
Trd, 4318490.143, 99
Trd, 4318491.043, 100
Trd, 4318491.993, 100
Trd, 4318492.893, 101
Trd, 4318494.793, 99
Trd, 4318496.943, 101
Trd, 4318497.093, 100
Trd, 4318497.743, 100
Trd, 4318499.043, 101
Trd, 4318499.943, 102
Trd, 4318501.143, 99
Trd, 4318502.193, 98
Trd, 4318502.443, 95
Trd, 4318503.643, 98
Trd, 4318504.193, 98
Trd, 4318504.943, 97
Trd, 4318508.593, 97
Trd, 4318509.043, 97
Trd, 4318509.493, 97
Trd, 4318511.693, 97
Trd, 4318513.743, 96
Trd, 4318514.993, 95
Trd, 4318515.893, 91
Trd, 4318517.143, 92
Trd, 4318517.843, 91
Trd, 4318518.443, 91
Trd, 4318520.443, 91
Trd, 4318520.943, 95
Trd, 4318524.293, 116
Trd, 4318526.193, 116
Trd, 4318526.493, 114
Trd, 4318526.843, 113
Trd, 4318528.293, 113
Trd, 4318531.043, 107
Trd, 4318531.243, 103
Trd, 4318533.043, 108
Trd, 4318534.343, 108
Trd, 4318534.493, 108
Trd, 4318535.593, 104
Trd, 4318537.243, 107
Trd, 4318539.193, 103
Trd, 4318539.543, 105
Trd, 4318540.843, 102
Trd, 4318543.743, 100
Trd, 4318544.043, 102
Trd, 4318544.343, 101
Trd, 4318544.443, 99
Trd, 4318546.943, 101
Trd, 4318549.043, 101
Trd, 4318550.943, 99
Trd, 4318552.093, 99
Trd, 4318552.343, 100
Trd, 4318553.143, 99
Trd, 4318553.593, 98
Trd, 4318554.843, 98
Trd, 4318555.693, 94
Trd, 4318558.043, 98
Trd, 4318559.293, 98
Trd, 4318560.243, 98
Trd, 4318560.493, 96
Trd, 4318561.593, 95
Trd, 4318562.643, 96
Trd, 4318563.593, 95
Trd, 4318564.293, 96
Trd, 4318565.593, 99
Trd, 4318568.043, 101
Trd, 4318568.543, 99
Trd, 4318569.693, 99
Trd, 4318571.143, 100
Trd, 4318572.743, 99
Trd, 4318573.293, 100
Trd, 4318573.343, 100
Trd, 4318574.093, 99
Trd, 4318578.293, 99
Trd, 4318578.893, 99
Trd, 4318578.943, 98
Trd, 4318581.343, 98
Trd, 4318581.493, 99
Trd, 4318582.093, 85
Trd, 4318584.043, 95
Trd, 4318585.643, 95
Trd, 4318587.443, 97
Trd, 4318587.993, 97
Trd, 4318590.243, 97
Trd, 4318590.543, 95
Trd, 4318592.393, 96
Trd, 4318592.543, 95
Trd, 4318592.693, 94
Trd, 4318592.793, 97
Trd, 4318594.193, 85
Trd, 4318594.293, 104
Trd, 4318598.393, 95
Trd, 4318601.643, 93
Trd, 4318602.193, 95
Trd, 4318603.093, 95
Trd, 4318603.593, 96
Trd, 4318604.093, 96
Trd, 4318606.443, 98
Trd, 4318606.993, 96
Trd, 4318607.993, 96
Trd, 4318609.593, 95
Trd, 4318610.293, 95
Trd, 4318611.793, 89
Trd, 4318612.393, 104
Trd, 4318614.593, 98
Trd, 4318616.993, 98
Trd, 4318617.593, 98
Trd, 4318618.493, 98
Trd, 4318618.543, 96
Trd, 4318620.543, 96
Trd, 4318621.343, 113
Trd, 4318622.693, 105
Trd, 4318623.643, 106
Trd, 4318624.543, 106
Trd, 4318625.643, 104
Trd, 4318627.643, 104
Trd, 4318627.943, 103
Trd, 4318628.543, 100
Trd, 4318628.693, 100
Trd, 4318631.493, 99
Trd, 4318632.343, 103
Trd, 4318633.443, 100
Trd, 4318634.293, 104
Trd, 4318634.643, 102
Trd, 4318635.793, 96
Trd, 4318637.243, 103
Trd, 4318639.343, 111
Trd, 4318640.993, 108
Trd, 4318641.993, 107
Trd, 4318642.693, 107
Trd, 4318643.293, 103
Trd, 4318643.893, 98
Trd, 4318645.643, 96
Trd, 4318646.393, 96
Trd, 4318646.893, 96
Trd, 4318647.643, 112
Trd, 4318649.593, 95
Trd, 4318652.993, 106
Trd, 4318653.443, 113
Trd, 4318653.543, 105
Trd, 4318654.043, 105
Trd, 4318654.143, 105
Trd, 4318655.893, 103
Trd, 4318656.393, 104
Trd, 4318659.693, 105
Trd, 4318659.793, 102
Trd, 4318661.093, 112
Trd, 4318661.393, 111
Trd, 4318662.743, 109
Trd, 4318663.093, 108
Trd, 4318664.743, 97
Trd, 4318664.993, 109
Trd, 4318666.843, 114
Trd, 4318667.143, 113
Trd, 4318669.293, 104
Trd, 4318670.893, 105
Trd, 4318672.593, 106
Trd, 4318673.143, 104
Trd, 4318674.543, 95
Trd, 4318675.043, 99
Trd, 4318675.443, 101
Trd, 4318677.143, 104
Trd, 4318677.393, 113
Trd, 4318679.493, 106
Trd, 4318681.293, 107
Trd, 4318681.443, 113
Trd, 4318681.893, 106
Trd, 4318684.643, 100
Trd, 4318684.993, 98
Trd, 4318687.843, 85
Trd, 4318689.643, 97
Trd, 4318689.743, 97
Trd, 4318689.843, 97
Trd, 4318692.293, 101
Trd, 4318693.293, 111
Trd, 4318693.893, 103
Trd, 4318694.993, 103
Trd, 4318695.593, 102
Trd, 4318695.843, 103
Trd, 4318698.743, 104
Trd, 4318698.843, 103
Trd, 4318703.593, 104
Trd, 4318704.093, 103
Trd, 4318705.093, 104
Trd, 4318706.243, 103
Trd, 4318706.443, 102
Trd, 4318707.993, 101
Trd, 4318710.443, 102
Trd, 4318711.943, 100
Trd, 4318714.593, 100
Trd, 4318714.793, 99
Trd, 4318715.393, 104
Trd, 4318716.893, 98
Trd, 4318719.543, 99
Trd, 4318719.993, 98
Trd, 4318720.793, 99
Trd, 4318723.493, 99
Trd, 4318723.593, 98
Trd, 4318724.093, 98
Trd, 4318724.893, 100
Trd, 4318726.893, 96
Trd, 4318727.943, 95
Trd, 4318728.693, 95
Trd, 4318732.593, 92
Trd, 4318733.043, 92
Trd, 4318733.843, 92
Trd, 4318734.043, 95
Trd, 4318734.443, 92
Trd, 4318737.243, 104
Trd, 4318737.843, 104
Trd, 4318739.443, 113
Trd, 4318741.143, 103
Trd, 4318741.393, 105
Trd, 4318744.143, 100
Trd, 4318747.593, 99
Trd, 4318748.693, 98
Trd, 4318749.693, 99
Trd, 4318750.943, 102
Trd, 4318751.193, 101
Trd, 4318753.393, 99
Trd, 4318756.543, 100
Trd, 4318757.243, 100
Trd, 4318759.993, 100
Trd, 4318760.243, 98
Trd, 4318760.893, 104
Trd, 4318761.493, 97
Trd, 4318762.443, 98
Trd, 4318763.993, 97
Trd, 4318764.643, 93
Trd, 4318764.943, 96
Trd, 4318766.643, 94
Trd, 4318767.143, 93
Trd, 4318767.843, 76
Trd, 4318770.693, 90
Trd, 4318771.143, 90
Trd, 4318771.893, 90
Trd, 4318773.843, 95
Trd, 4318774.843, 95
Trd, 4318774.943, 104
Trd, 4318776.343, 95
Trd, 4318777.393, 114
Trd, 4318778.193, 111
Trd, 4318779.793, 110
Trd, 4318781.493, 109
Trd, 4318781.793, 102
Trd, 4318782.743, 94
Trd, 4318783.993, 112
Trd, 4318786.443, 105
Trd, 4318787.793, 105
Trd, 4318788.093, 104
Trd, 4318789.993, 107
Trd, 4318790.743, 107
Trd, 4318791.593, 113
Trd, 4318795.443, 107
Trd, 4318795.493, 108
Trd, 4318796.143, 103
Trd, 4318797.293, 107
Trd, 4318798.193, 104
Trd, 4318799.243, 103
Trd, 4318800.543, 104
Trd, 4318801.543, 101
Trd, 4318802.543, 98
Trd, 4318803.443, 96
Trd, 4318804.743, 99
Trd, 4318807.043, 99
Trd, 4318807.793, 98
Trd, 4318811.593, 98
Trd, 4318811.693, 97
Trd, 4318811.793, 98
Trd, 4318813.793, 97
Trd, 4318814.193, 96
Trd, 4318815.043, 97
Trd, 4318816.393, 96
Trd, 4318819.393, 95
Trd, 4318819.893, 95
Trd, 4318820.043, 98
Trd, 4318822.843, 96
Trd, 4318823.243, 95
Trd, 4318823.643, 104
Trd, 4318824.343, 114
Trd, 4318824.393, 112
Trd, 4318825.993, 103
Trd, 4318828.093, 102
Trd, 4318829.943, 102
Trd, 4318830.793, 102
Trd, 4318831.993, 96
Trd, 4318833.243, 100
Trd, 4318833.543, 100
Trd, 4318834.493, 113
Trd, 4318836.143, 102
Trd, 4318836.693, 103
Trd, 4318837.743, 99
Trd, 4318838.343, 103
Trd, 4318841.293, 103
Trd, 4318843.443, 104
Trd, 4318843.793, 111
Trd, 4318846.993, 107
Trd, 4318847.793, 105
Trd, 4318848.943, 106
Trd, 4318849.943, 103
Trd, 4318850.943, 95
Trd, 4318851.193, 94
Trd, 4318851.993, 104
Trd, 4318852.443, 86
Trd, 4318856.893, 95
Trd, 4318857.293, 95
Trd, 4318857.393, 94
Trd, 4318858.543, 95
Trd, 4318861.243, 95
Trd, 4318862.943, 93
Trd, 4318863.793, 95
Trd, 4318865.243, 95
Trd, 4318865.443, 94
Trd, 4318866.743, 95
Trd, 4318870.393, 96
Trd, 4318872.443, 95
Trd, 4318872.693, 95
Trd, 4318873.843, 96
Trd, 4318874.343, 92
Trd, 4318874.743, 104
Trd, 4318876.593, 114
Trd, 4318877.493, 113
Trd, 4318877.693, 111
Trd, 4318878.943, 101
Trd, 4318881.193, 107
Trd, 4318883.593, 105
Trd, 4318883.693, 104
Trd, 4318884.093, 105
Trd, 4318886.643, 104
Trd, 4318887.343, 102
Trd, 4318889.593, 101
Trd, 4318891.893, 94
Trd, 4318892.393, 96
Trd, 4318893.143, 97
Trd, 4318893.493, 97
Trd, 4318894.943, 100
Trd, 4318895.193, 111
Trd, 4318897.693, 104
Trd, 4318897.943, 103
Trd, 4318900.243, 97
Trd, 4318900.743, 96
Trd, 4318901.493, 98
Trd, 4318903.693, 97
Trd, 4318903.843, 95
Trd, 4318904.693, 98
Trd, 4318908.193, 113
Trd, 4318909.093, 107
Trd, 4318910.143, 106
Trd, 4318910.243, 105
Trd, 4318911.843, 105
Trd, 4318913.243, 104
Trd, 4318913.343, 103
Trd, 4318913.543, 103
Trd, 4318914.693, 101
Trd, 4318915.393, 101
Trd, 4318918.443, 99
Trd, 4318918.943, 99
Trd, 4318921.993, 98
Trd, 4318924.043, 99
Trd, 4318924.393, 99
Trd, 4318925.143, 98
Trd, 4318926.043, 100
Trd, 4318926.593, 98
Trd, 4318926.793, 100
Trd, 4318930.143, 98
Trd, 4318931.993, 99
Trd, 4318933.043, 97
Trd, 4318933.443, 98
Trd, 4318934.393, 96
Trd, 4318935.793, 99
Trd, 4318938.793, 117
Trd, 4318938.893, 115
Trd, 4318939.293, 113
Trd, 4318939.793, 112
Trd, 4318941.643, 103
Trd, 4318943.643, 112
Trd, 4318944.643, 116
Trd, 4318944.993, 115
Trd, 4318946.393, 114
Trd, 4318947.443, 113
Trd, 4318947.943, 102
Trd, 4318951.343, 104
Trd, 4318951.543, 103
Trd, 4318951.643, 104
Trd, 4318952.393, 104
Trd, 4318954.293, 104
Trd, 4318954.693, 103
Trd, 4318955.193, 104
Trd, 4318956.693, 103
Trd, 4318958.843, 103
Trd, 4318959.593, 101
Trd, 4318961.993, 103
Trd, 4318962.943, 104
Trd, 4318964.093, 105
Trd, 4318964.393, 113
Trd, 4318966.743, 113
Trd, 4318967.743, 104
Trd, 4318968.093, 107
Trd, 4318971.593, 103
Trd, 4318971.943, 103
Trd, 4318972.493, 92
Trd, 4318972.993, 104
Trd, 4318974.443, 100
Trd, 4318976.893, 93
Trd, 4318977.843, 92
Trd, 4318977.993, 94
Trd, 4318978.743, 93
Trd, 4318980.793, 93
Trd, 4318983.243, 92
Trd, 4318983.493, 85
Trd, 4318984.593, 96
Trd, 4318984.843, 95
Trd, 4318985.193, 104
Trd, 4318986.193, 95
Trd, 4318988.793, 91
Trd, 4318989.293, 91
Trd, 4318990.293, 95
Trd, 4318990.993, 91
Trd, 4318991.793, 93
Trd, 4318992.193, 94
Trd, 4318993.793, 113
Trd, 4318995.893, 113
Trd, 4318996.443, 111
Trd, 4318997.343, 109
Trd, 4318998.943, 104
Trd, 4318998.993, 103
Trd, 4318999.443, 95
Trd, 4319001.393, 103
Trd, 4319004.593, 88
Trd, 4319004.993, 97
Trd, 4319006.443, 97
Trd, 4319007.243, 96
Trd, 4319008.843, 97
Trd, 4319010.593, 95
Trd, 4319011.443, 97
Trd, 4319011.643, 96
Trd, 4319013.243, 96
Trd, 4319013.493, 97
Trd, 4319015.593, 95
Trd, 4319015.743, 95
Trd, 4319015.793, 95
Trd, 4319018.093, 113
Trd, 4319018.593, 111
Trd, 4319020.543, 100
Trd, 4319021.793, 105
Trd, 4319023.743, 98
Trd, 4319023.793, 100
Trd, 4319024.743, 100
Trd, 4319027.843, 100
Trd, 4319029.243, 100
Trd, 4319030.593, 100
Trd, 4319031.243, 100
Trd, 4319031.393, 99
Trd, 4319033.043, 91
Trd, 4319033.493, 91
Trd, 4319034.993, 95
Trd, 4319036.343, 91
Trd, 4319036.543, 87
Trd, 4319036.893, 96
Trd, 4319038.943, 99
Trd, 4319039.593, 98
Trd, 4319040.393, 100
Trd, 4319042.743, 114
Trd, 4319042.893, 113
Trd, 4319044.593, 105
Trd, 4319048.243, 98
Trd, 4319049.493, 95
Trd, 4319049.743, 94
Trd, 4319049.843, 85
Trd, 4319052.393, 114
Trd, 4319052.443, 113
Trd, 4319053.043, 109
Trd, 4319055.393, 106
Trd, 4319057.543, 105
Trd, 4319058.343, 105
Trd, 4319058.543, 106
Trd, 4319058.693, 105
Trd, 4319058.793, 104
Trd, 4319061.643, 104
Trd, 4319063.343, 104
Trd, 4319064.993, 103
Trd, 4319065.993, 104
Trd, 4319067.693, 102
Trd, 4319068.493, 98
Trd, 4319070.793, 104
Trd, 4319073.043, 101
Trd, 4319073.593, 101
Trd, 4319074.593, 99
Trd, 4319076.393, 98
Trd, 4319077.443, 96
Trd, 4319077.593, 97
Trd, 4319081.093, 96
Trd, 4319081.193, 97
Trd, 4319081.593, 97
Trd, 4319081.893, 95
Trd, 4319085.093, 86
Trd, 4319086.993, 95
Trd, 4319087.743, 95
Trd, 4319088.243, 95
Trd, 4319088.443, 96
Trd, 4319091.893, 104
Trd, 4319092.293, 101
Trd, 4319094.193, 101
Trd, 4319095.093, 98
Trd, 4319096.643, 97
Trd, 4319097.993, 100
Trd, 4319099.093, 100
Trd, 4319100.493, 102
Trd, 4319100.593, 101
Trd, 4319102.343, 101
Trd, 4319104.643, 100
Trd, 4319105.543, 95
Trd, 4319106.893, 98
Trd, 4319106.993, 99
Trd, 4319108.793, 99
Trd, 4319109.693, 96
Trd, 4319110.693, 97
Trd, 4319110.893, 97
Trd, 4319112.043, 97
Trd, 4319113.893, 97
Trd, 4319115.543, 96
Trd, 4319115.843, 95
Trd, 4319117.193, 95
Trd, 4319118.893, 94
Trd, 4319120.293, 97
Trd, 4319120.893, 98
Trd, 4319123.193, 97
Trd, 4319123.793, 97
Trd, 4319124.943, 96
Trd, 4319127.193, 96
Trd, 4319128.193, 96
Trd, 4319128.443, 95
Trd, 4319129.043, 97
Trd, 4319130.693, 97
Trd, 4319131.343, 100
Trd, 4319135.093, 101
Trd, 4319135.593, 100
Trd, 4319137.093, 99
Trd, 4319137.743, 100
Trd, 4319138.343, 98
Trd, 4319139.793, 96
Trd, 4319142.243, 99
Trd, 4319143.193, 98
Trd, 4319144.193, 99
Trd, 4319146.293, 99
Trd, 4319147.443, 100
Trd, 4319149.143, 100
Trd, 4319149.543, 100
Trd, 4319149.843, 101
Trd, 4319150.543, 96
Trd, 4319151.543, 113
Trd, 4319152.443, 106
Trd, 4319154.243, 107
Trd, 4319156.093, 107
Trd, 4319157.293, 107
Trd, 4319158.593, 104
Trd, 4319160.093, 103
Trd, 4319160.593, 107
Trd, 4319162.843, 104
Trd, 4319163.093, 104
Trd, 4319164.343, 104
Trd, 4319164.843, 95
Trd, 4319167.243, 101
Trd, 4319167.693, 100
Trd, 4319169.743, 100
Trd, 4319172.243, 100
Trd, 4319173.343, 99
Trd, 4319173.643, 100
Trd, 4319174.093, 100
Trd, 4319177.893, 97
Trd, 4319178.193, 96
Trd, 4319179.143, 99
Trd, 4319180.443, 99
Trd, 4319182.743, 97
Trd, 4319185.943, 96
Trd, 4319188.193, 95
Trd, 4319188.643, 93
Trd, 4319188.993, 95
Trd, 4319190.843, 94
Trd, 4319190.893, 93
Trd, 4319193.393, 86
Trd, 4319193.843, 95
Trd, 4319196.493, 114
Trd, 4319196.793, 113
Trd, 4319200.143, 113
Trd, 4319200.193, 112
Trd, 4319200.243, 112
Trd, 4319205.443, 111
Trd, 4319205.643, 111
Trd, 4319205.943, 111
Trd, 4319206.343, 110
Trd, 4319206.593, 103
Trd, 4319207.443, 95
Trd, 4319208.643, 112
Trd, 4319211.493, 103
Trd, 4319211.543, 104
Trd, 4319214.993, 103
Trd, 4319215.143, 104
Trd, 4319215.843, 103
Trd, 4319216.393, 94
Trd, 4319217.343, 104
Trd, 4319220.543, 107
Trd, 4319221.543, 111
Trd, 4319222.543, 109
Trd, 4319223.143, 109
Trd, 4319224.593, 103
Trd, 4319227.193, 101
Trd, 4319227.693, 101
Trd, 4319228.443, 101
Trd, 4319229.443, 98
Trd, 4319231.543, 93
Trd, 4319231.793, 93
Trd, 4319232.543, 95
Trd, 4319233.593, 95
Trd, 4319235.693, 95
Trd, 4319238.493, 96
Trd, 4319238.593, 95
Trd, 4319239.093, 98
Trd, 4319240.993, 95
Trd, 4319242.393, 95
Trd, 4319244.493, 94
Trd, 4319246.443, 96
Trd, 4319246.643, 96
Trd, 4319247.893, 96
Trd, 4319249.893, 95
Trd, 4319250.243, 96
Trd, 4319251.893, 95
Trd, 4319252.243, 96
Trd, 4319252.493, 95
Trd, 4319254.743, 96
Trd, 4319255.443, 95
Trd, 4319255.843, 86
Trd, 4319259.743, 92
Trd, 4319259.843, 92
Trd, 4319260.043, 92
Trd, 4319261.093, 95
Trd, 4319263.243, 95
Trd, 4319265.393, 94
Trd, 4319266.093, 112
Trd, 4319266.643, 100
Trd, 4319266.793, 99
Trd, 4319268.093, 92
Trd, 4319270.793, 96
Trd, 4319273.443, 113
Trd, 4319274.393, 101
Trd, 4319274.893, 102
Trd, 4319275.193, 102
Trd, 4319275.293, 95
Trd, 4319278.193, 89
Trd, 4319279.443, 102
Trd, 4319280.393, 102
Trd, 4319281.443, 101
Trd, 4319283.293, 101
Trd, 4319284.843, 101
Trd, 4319285.243, 101
Trd, 4319286.043, 114
Trd, 4319287.343, 113
Trd, 4319288.843, 106
Trd, 4319289.693, 107
Trd, 4319291.193, 103
Trd, 4319292.443, 101
Trd, 4319292.643, 96
Trd, 4319293.443, 100
Trd, 4319295.343, 100
Trd, 4319295.643, 101
Trd, 4319297.643, 100
Trd, 4319300.143, 101
Trd, 4319300.693, 100
Trd, 4319301.443, 99
Trd, 4319303.193, 100
Trd, 4319303.543, 99
Trd, 4319304.393, 104
Trd, 4319305.093, 98
Trd, 4319307.743, 100
Trd, 4319309.493, 99
Trd, 4319310.793, 98
Trd, 4319311.493, 99
Trd, 4319312.343, 99
Trd, 4319312.943, 98
Trd, 4319315.393, 99
Trd, 4319316.343, 99
Trd, 4319316.793, 104
Trd, 4319318.593, 101
Trd, 4319319.943, 106
Trd, 4319322.793, 104
Trd, 4319324.293, 103
Trd, 4319326.093, 104
Trd, 4319326.493, 103
Trd, 4319326.993, 105
Trd, 4319327.643, 102
Trd, 4319328.943, 102
Trd, 4319330.093, 103
Trd, 4319331.143, 99
Trd, 4319331.543, 98
Trd, 4319332.243, 98
Trd, 4319334.743, 98
Trd, 4319335.493, 98
Trd, 4319337.193, 99
Trd, 4319338.093, 96
Trd, 4319339.643, 96
Trd, 4319340.043, 97
Trd, 4319341.393, 101
Trd, 4319342.693, 100
Trd, 4319342.843, 101
Trd, 4319344.393, 95
Trd, 4319345.643, 100
Trd, 4319345.793, 102
Trd, 4319346.643, 99
Trd, 4319347.943, 99
Trd, 4319348.343, 100
Trd, 4319349.343, 100
Trd, 4319349.743, 99
Trd, 4319351.443, 99
Trd, 4319352.943, 98
Trd, 4319354.643, 99
Trd, 4319354.893, 99
Trd, 4319356.743, 96
Trd, 4319358.143, 95
Trd, 4319358.493, 94
Trd, 4319359.493, 87
Trd, 4319359.893, 95
Trd, 4319362.693, 102
Trd, 4319363.793, 98
Trd, 4319364.493, 97
Trd, 4319366.043, 97
Trd, 4319367.093, 97
Trd, 4319368.693, 98
Trd, 4319369.493, 98
Trd, 4319369.893, 99
Trd, 4319370.893, 97
Trd, 4319372.343, 97
Trd, 4319373.093, 96
Trd, 4319374.393, 97
Trd, 4319375.243, 95
Trd, 4319377.193, 95
Trd, 4319377.343, 95
Trd, 4319377.743, 95
Trd, 4319377.943, 94
Trd, 4319379.493, 112
Trd, 4319381.543, 113
Trd, 4319382.093, 113
Trd, 4319383.443, 112
Trd, 4319383.893, 113
Trd, 4319384.993, 111
Trd, 4319387.793, 103
Trd, 4319389.043, 98
Trd, 4319389.193, 102
Trd, 4319390.093, 104
Trd, 4319390.293, 104
Trd, 4319390.643, 106
Trd, 4319390.993, 103
Trd, 4319392.543, 102
Trd, 4319394.243, 95
Trd, 4319396.593, 101
Trd, 4319398.293, 101
Trd, 4319399.643, 101
Trd, 4319399.843, 101
Trd, 4319400.893, 100
Trd, 4319401.943, 101
Trd, 4319403.243, 103
Trd, 4319404.393, 100
Trd, 4319406.943, 104
Trd, 4319410.193, 102
Trd, 4319410.843, 101
Trd, 4319412.243, 104
Trd, 4319412.793, 102
Trd, 4319413.843, 101
Trd, 4319414.243, 102
Trd, 4319417.543, 109
Trd, 4319417.593, 107
Trd, 4319417.643, 101
Trd, 4319418.543, 114
Trd, 4319420.393, 113
Trd, 4319421.993, 111
Trd, 4319424.493, 105
Trd, 4319425.393, 104
Trd, 4319425.943, 103
Trd, 4319428.193, 87
Trd, 4319429.143, 98
Trd, 4319429.393, 100
Trd, 4319433.093, 99
Trd, 4319433.343, 99
Trd, 4319435.543, 99
Trd, 4319436.543, 98
Trd, 4319437.743, 98
Trd, 4319438.743, 98
Trd, 4319439.693, 99
Trd, 4319440.993, 99
Trd, 4319441.993, 98
Trd, 4319442.043, 103
Trd, 4319445.493, 99
Trd, 4319445.643, 100
Trd, 4319448.743, 100
Trd, 4319449.643, 101
Trd, 4319450.893, 100
Trd, 4319452.893, 101
Trd, 4319454.043, 100
Trd, 4319455.943, 98
Trd, 4319456.943, 98
Trd, 4319457.743, 96
Trd, 4319458.143, 104
Trd, 4319459.643, 101
Trd, 4319460.443, 114
Trd, 4319460.793, 113
Trd, 4319461.693, 113
Trd, 4319462.393, 112
Trd, 4319465.893, 111
Trd, 4319467.043, 110
Trd, 4319467.393, 110
Trd, 4319467.593, 103
Trd, 4319468.143, 106
Trd, 4319472.643, 100
Trd, 4319473.593, 101
Trd, 4319473.843, 102
Trd, 4319474.743, 97
Trd, 4319476.943, 102
Trd, 4319478.543, 102
Trd, 4319479.943, 100
Trd, 4319480.593, 100
Trd, 4319481.843, 100
Trd, 4319484.093, 100
Trd, 4319484.543, 104
Trd, 4319485.743, 98
Trd, 4319485.843, 101
Trd, 4319492.293, 100
Trd, 4319492.643, 99
Trd, 4319494.293, 98
Trd, 4319495.243, 100
Trd, 4319495.393, 95
Trd, 4319499.193, 104
Trd, 4319500.843, 99
Trd, 4319501.493, 98
Trd, 4319502.743, 103
Trd, 4319504.643, 110
Trd, 4319505.743, 111
Trd, 4319505.893, 110
Trd, 4319507.593, 108
Trd, 4319508.093, 109
Trd, 4319511.793, 105
Trd, 4319511.893, 106
Trd, 4319512.943, 107
Trd, 4319514.543, 104
Trd, 4319514.993, 105
Trd, 4319515.293, 102
Trd, 4319517.493, 102
Trd, 4319520.443, 104
Trd, 4319521.043, 103
Trd, 4319523.093, 103
Trd, 4319525.793, 104
Trd, 4319525.943, 103
Trd, 4319528.593, 104
Trd, 4319528.743, 104
Trd, 4319528.943, 104
Trd, 4319529.643, 103
Trd, 4319532.843, 104
Trd, 4319533.293, 103
Trd, 4319534.593, 99
Trd, 4319535.243, 96
Trd, 4319536.343, 97
Trd, 4319539.093, 96
Trd, 4319539.893, 97
Trd, 4319540.043, 97
Trd, 4319541.443, 101
Trd, 4319542.593, 95
Trd, 4319543.193, 94
Trd, 4319546.243, 98
Trd, 4319546.643, 98
Trd, 4319547.143, 99
Trd, 4319551.393, 98
Trd, 4319552.043, 97
Trd, 4319552.643, 98
Trd, 4319552.743, 98
Trd, 4319554.943, 98
Trd, 4319557.293, 97
Trd, 4319560.193, 98
Trd, 4319561.493, 98
Trd, 4319562.143, 98
Trd, 4319562.443, 97
Trd, 4319565.543, 98
Trd, 4319566.443, 99
Trd, 4319567.643, 99
Trd, 4319568.543, 98
Trd, 4319569.343, 95
Trd, 4319570.143, 96
Trd, 4319572.743, 95
Trd, 4319572.893, 94
Trd, 4319574.093, 94
Trd, 4319574.543, 94
Trd, 4319577.193, 95
Trd, 4319577.843, 95
Trd, 4319578.693, 95
Trd, 4319581.193, 103
Trd, 4319581.443, 100
Trd, 4319581.793, 98
Trd, 4319582.493, 104
Trd, 4319586.443, 101
Trd, 4319586.493, 101
Trd, 4319587.143, 95
Trd, 4319587.593, 97
Trd, 4319588.043, 101
Trd, 4319591.043, 98
Trd, 4319591.943, 98
Trd, 4319592.443, 98
Trd, 4319595.243, 85
Trd, 4319598.143, 95
Trd, 4319598.343, 95
Trd, 4319598.643, 94
Trd, 4319598.843, 104
Trd, 4319601.043, 99
Trd, 4319601.593, 99
Trd, 4319601.693, 98
Trd, 4319603.843, 98
Trd, 4319604.243, 96
Trd, 4319604.393, 95
Trd, 4319605.043, 104
Trd, 4319609.943, 97
Trd, 4319611.193, 98
Trd, 4319611.243, 96
Trd, 4319613.493, 97
Trd, 4319615.093, 97
Trd, 4319616.193, 97
Trd, 4319616.443, 98
Trd, 4319616.593, 96
Trd, 4319619.393, 97
Trd, 4319619.493, 97
Trd, 4319620.943, 95
Trd, 4319621.193, 94
Trd, 4319624.243, 87
Trd, 4319627.243, 95
Trd, 4319627.593, 95
Trd, 4319627.893, 96
Trd, 4319629.593, 96
Trd, 4319630.393, 93
Trd, 4319631.993, 95
Trd, 4319632.443, 97
Trd, 4319633.743, 94
Trd, 4319634.793, 96
Trd, 4319639.093, 95
Trd, 4319639.243, 95
Trd, 4319640.543, 96
Trd, 4319641.193, 96
Trd, 4319642.543, 96
Trd, 4319642.843, 95
Trd, 4319644.693, 95
Trd, 4319646.243, 95
Trd, 4319647.343, 96
Trd, 4319649.893, 95
Trd, 4319650.043, 96
Trd, 4319651.243, 95
Trd, 4319651.843, 96
Trd, 4319652.693, 95
Trd, 4319654.193, 84
Trd, 4319655.243, 92
Trd, 4319656.143, 91
Trd, 4319656.393, 90
Trd, 4319656.743, 95
Trd, 4319659.193, 89
Trd, 4319659.743, 91
Trd, 4319661.193, 91
Trd, 4319663.193, 91
Trd, 4319663.443, 91
Trd, 4319665.843, 91
Trd, 4319665.893, 92
Trd, 4319667.043, 90
Trd, 4319669.593, 100
Trd, 4319670.043, 113
Trd, 4319670.743, 102
Trd, 4319673.293, 101
Trd, 4319673.893, 100
Trd, 4319675.593, 116
Trd, 4319676.643, 116
Trd, 4319678.193, 113
Trd, 4319678.843, 98
Trd, 4319679.243, 106
Trd, 4319680.243, 107
Trd, 4319682.343, 106
Trd, 4319682.943, 105
Trd, 4319684.393, 104
Trd, 4319685.493, 104
Trd, 4319687.043, 105
Trd, 4319687.543, 104
Trd, 4319688.643, 104
Trd, 4319689.743, 103
Trd, 4319690.093, 104
Trd, 4319691.893, 101
Trd, 4319695.743, 104
Trd, 4319695.893, 103
Trd, 4319696.693, 102
Trd, 4319697.743, 102
Trd, 4319697.893, 104
Trd, 4319698.843, 104
Trd, 4319701.193, 102
Trd, 4319703.793, 100
Trd, 4319704.643, 102
Trd, 4319705.393, 101
Trd, 4319706.643, 100
Trd, 4319707.643, 100
Trd, 4319710.043, 98
Trd, 4319712.293, 101
Trd, 4319712.643, 101
Trd, 4319712.793, 111
Trd, 4319714.393, 98
Trd, 4319717.243, 103
Trd, 4319718.043, 102
Trd, 4319719.243, 101
Trd, 4319722.593, 102
Trd, 4319722.893, 101
Trd, 4319723.643, 100
Trd, 4319724.743, 99
Trd, 4319726.993, 99
Trd, 4319727.143, 96
Trd, 4319728.493, 97
Trd, 4319729.393, 97
Trd, 4319731.593, 98
Trd, 4319733.193, 98
Trd, 4319734.093, 96
Trd, 4319734.843, 96
Trd, 4319736.293, 97
Trd, 4319736.593, 98
Trd, 4319740.793, 97
Trd, 4319740.993, 97
Trd, 4319742.943, 95
Trd, 4319743.593, 96
Trd, 4319745.143, 96
Trd, 4319745.193, 96
Trd, 4319746.293, 95
Trd, 4319747.593, 94
Trd, 4319748.643, 96
Trd, 4319749.943, 96
Trd, 4319750.493, 97
Trd, 4319752.493, 98
Trd, 4319752.843, 97
Trd, 4319754.443, 99
Trd, 4319754.993, 98
Trd, 4319756.793, 99
Trd, 4319756.993, 97
Trd, 4319759.093, 99
Trd, 4319759.543, 98
Trd, 4319760.793, 98
Trd, 4319761.393, 98
Trd, 4319764.993, 97
Trd, 4319765.743, 96
Trd, 4319765.993, 95
Trd, 4319768.443, 98
Trd, 4319768.893, 96
Trd, 4319768.993, 95
Trd, 4319770.943, 94
Trd, 4319771.693, 94
Trd, 4319772.643, 93
Trd, 4319773.493, 93
Trd, 4319774.393, 79
Trd, 4319777.143, 84
Trd, 4319777.493, 87
Trd, 4319779.693, 98
Trd, 4319782.043, 113
Trd, 4319782.293, 114
Trd, 4319783.943, 115
Trd, 4319784.443, 114
Trd, 4319785.943, 113
Trd, 4319786.143, 112
Trd, 4319787.543, 112
Trd, 4319788.693, 111
Trd, 4319790.843, 103
Trd, 4319791.843, 113
Trd, 4319791.993, 112
Trd, 4319795.143, 104
Trd, 4319795.393, 104
Trd, 4319795.593, 103
Trd, 4319796.043, 104
Trd, 4319797.393, 105
Trd, 4319797.843, 98
Trd, 4319800.993, 102
Trd, 4319802.293, 103
Trd, 4319803.193, 101
Trd, 4319806.843, 102
Trd, 4319806.993, 101
Trd, 4319810.293, 101
Trd, 4319811.743, 102
Trd, 4319812.443, 100
Trd, 4319813.793, 101
Trd, 4319814.843, 102
Trd, 4319816.143, 101
Trd, 4319817.793, 102
Trd, 4319819.043, 102
Trd, 4319819.143, 102
Trd, 4319820.593, 102
Trd, 4319821.693, 102
Trd, 4319822.093, 101
Trd, 4319824.243, 97
Trd, 4319826.443, 99
Trd, 4319827.893, 100
Trd, 4319829.493, 98
Trd, 4319831.343, 98
Trd, 4319832.143, 98
Trd, 4319832.343, 97
Trd, 4319835.043, 96
Trd, 4319835.793, 97
Trd, 4319836.393, 98
Trd, 4319838.393, 97
Trd, 4319838.643, 95
Trd, 4319841.343, 95
Trd, 4319841.393, 96
Trd, 4319841.593, 94
Trd, 4319843.693, 95
Trd, 4319845.643, 95
Trd, 4319845.893, 94
Trd, 4319846.793, 95
Trd, 4319848.743, 95
Trd, 4319850.093, 95
Trd, 4319850.643, 94
Trd, 4319851.643, 93
Trd, 4319852.443, 103
Trd, 4319853.493, 96
Trd, 4319854.293, 98
Trd, 4319854.743, 104
Trd, 4319855.843, 99
Trd, 4319856.793, 102
Trd, 4319858.643, 103
Trd, 4319859.843, 101
Trd, 4319860.743, 100
Trd, 4319861.193, 98
Trd, 4319862.793, 94
Trd, 4319864.043, 86
Trd, 4319864.943, 94
Trd, 4319867.943, 94
Trd, 4319868.693, 94
Trd, 4319868.843, 94
Trd, 4319869.493, 93
Trd, 4319871.093, 94
Trd, 4319871.993, 93
Trd, 4319872.543, 95
Trd, 4319872.843, 103
Trd, 4319875.843, 114
Trd, 4319876.493, 114
Trd, 4319877.243, 113
Trd, 4319877.293, 108
Trd, 4319878.393, 108
Trd, 4319879.843, 106
Trd, 4319880.293, 105
Trd, 4319882.643, 106
Trd, 4319883.143, 105
Trd, 4319883.843, 105
Trd, 4319885.343, 103
Trd, 4319887.993, 101
Trd, 4319888.343, 100
Trd, 4319889.843, 89
Trd, 4319892.393, 100
Trd, 4319893.293, 100
Trd, 4319893.693, 100
Trd, 4319894.843, 100
Trd, 4319897.093, 99
Trd, 4319897.293, 97
Trd, 4319898.893, 97
Trd, 4319899.243, 100
Trd, 4319902.793, 97
Trd, 4319903.743, 98
Trd, 4319903.843, 96
Trd, 4319905.393, 98
Trd, 4319907.193, 95
Trd, 4319908.493, 94
Trd, 4319908.543, 95
Trd, 4319909.493, 95
Trd, 4319911.193, 95
Trd, 4319912.243, 95
Trd, 4319913.043, 95
Trd, 4319916.193, 95
Trd, 4319916.393, 75
Trd, 4319917.693, 95
Trd, 4319918.893, 93
Trd, 4319919.693, 99
Trd, 4319920.943, 101
Trd, 4319921.093, 101
Trd, 4319924.093, 101
Trd, 4319924.843, 102
Trd, 4319925.493, 101
Trd, 4319927.493, 100
Trd, 4319927.943, 100
Trd, 4319928.593, 98
Trd, 4319929.293, 99
Trd, 4319930.643, 99
Trd, 4319931.693, 99
Trd, 4319932.593, 97
Trd, 4319932.743, 98
Trd, 4319934.843, 94
Trd, 4319937.493, 95
Trd, 4319938.343, 98
Trd, 4319938.893, 98
Trd, 4319942.793, 98
Trd, 4319943.693, 99
Trd, 4319944.443, 99
Trd, 4319944.743, 99
Trd, 4319944.993, 98
Trd, 4319946.243, 100
Trd, 4319946.993, 97
Trd, 4319949.743, 98
Trd, 4319951.143, 97
Trd, 4319951.643, 96
Trd, 4319952.543, 96
Trd, 4319953.593, 103
Trd, 4319955.443, 97
Trd, 4319957.043, 99
Trd, 4319958.543, 98
Trd, 4319960.443, 98
Trd, 4319962.243, 97
Trd, 4319963.693, 98
Trd, 4319965.293, 99
Trd, 4319967.193, 98
Trd, 4319969.093, 98
Trd, 4319969.743, 97
Trd, 4319970.243, 98
Trd, 4319971.393, 97
Trd, 4319971.693, 84
Trd, 4319973.993, 96
Trd, 4319974.593, 95
Trd, 4319976.393, 96
Trd, 4319977.493, 97
Trd, 4319977.793, 98
Trd, 4319979.643, 95
Trd, 4319982.193, 95
Trd, 4319982.543, 95
Trd, 4319982.843, 95
Trd, 4319983.793, 95
Trd, 4319985.593, 96
Trd, 4319986.593, 96
Trd, 4319987.343, 97
Trd, 4319987.543, 95
Trd, 4319990.343, 95
Trd, 4319990.443, 97
Trd, 4319992.543, 97
Trd, 4319995.193, 102
Trd, 4319995.393, 100
Trd, 4319996.693, 99
Trd, 4319998.193, 99
Trd, 4319998.243, 100
Trd, 4319999.043, 69
Trd, 4319999.593, 94
