Trd, 4317879.943, 95
Trd, 4317880.143, 93
Trd, 4317880.493, 96
Trd, 4317883.943, 95
Trd, 4317886.843, 96
Trd, 4317887.043, 96
Trd, 4317887.643, 96
Trd, 4317888.093, 95
Trd, 4317892.393, 95
Trd, 4317894.093, 94
Trd, 4317894.143, 95
Trd, 4317894.343, 95
Trd, 4317894.893, 96
Trd, 4317897.443, 96
Trd, 4317899.343, 96
Trd, 4317899.393, 95
Trd, 4317900.743, 102
Trd, 4317901.143, 96
Trd, 4317902.743, 99
Trd, 4317907.293, 96
Trd, 4317907.393, 96
Trd, 4317908.093, 97
Trd, 4317908.543, 98
Trd, 4317910.843, 96
Trd, 4317912.093, 95
Trd, 4317912.593, 96
Trd, 4317915.993, 95
Trd, 4317917.343, 96
Trd, 4317919.093, 95
Trd, 4317920.493, 96
Trd, 4317922.893, 96
Trd, 4317923.093, 103
Trd, 4317924.843, 95
Trd, 4317927.043, 95
Trd, 4317927.243, 96
Trd, 4317927.693, 95
Trd, 4317928.593, 96
Trd, 4317930.893, 94
Trd, 4317932.443, 96
Trd, 4317933.093, 104
Trd, 4317934.543, 94
Trd, 4317935.193, 94
Trd, 4317936.643, 97
Trd, 4317937.643, 96
Trd, 4317940.493, 95
Trd, 4317942.193, 95
Trd, 4317942.243, 96
Trd, 4317946.193, 97
Trd, 4317947.143, 96
Trd, 4317949.793, 96
Trd, 4317950.543, 96
Trd, 4317951.543, 94
Trd, 4317951.593, 96
Trd, 4317954.643, 95
Trd, 4317956.043, 95
Trd, 4317956.343, 94
Trd, 4317956.643, 95
Trd, 4317957.243, 97
Trd, 4317958.643, 96
Trd, 4317959.343, 95
Trd, 4317962.093, 95
Trd, 4317963.143, 95
Trd, 4317965.943, 104
Trd, 4317966.393, 94
Trd, 4317967.743, 97
Trd, 4317967.993, 99
Trd, 4317969.093, 98
Trd, 4317969.643, 93
Trd, 4317973.643, 95
Trd, 4317974.493, 95
Trd, 4317974.693, 96
Trd, 4317975.843, 94
Trd, 4317978.143, 94
Trd, 4317978.693, 95
Trd, 4317979.393, 92
Trd, 4317979.493, 94
Trd, 4317980.993, 95
Trd, 4317981.543, 115
Trd, 4317982.093, 84
Trd, 4317985.943, 98
Trd, 4317986.543, 93
Trd, 4317988.393, 94
Trd, 4317989.043, 95
Trd, 4317990.743, 94
Trd, 4317994.393, 94
Trd, 4317994.843, 95
Trd, 4317995.393, 93
Trd, 4317997.493, 93
Trd, 4317997.893, 94
Trd, 4318000.093, 92
Trd, 4318001.043, 93
Trd, 4318001.743, 91
Trd, 4318002.143, 93
Trd, 4318003.043, 93
Trd, 4318003.393, 95
Trd, 4318003.893, 93
Trd, 4318007.143, 93
Trd, 4318007.343, 92
Trd, 4318007.993, 94
Trd, 4318009.443, 95
Trd, 4318010.643, 92
Trd, 4318011.943, 94
Trd, 4318012.993, 94
Trd, 4318016.143, 92
Trd, 4318016.543, 94
Trd, 4318016.693, 94
Trd, 4318017.193, 95
Trd, 4318019.243, 104
Trd, 4318019.543, 104
Trd, 4318020.693, 103
Trd, 4318024.043, 102
Trd, 4318025.443, 103
Trd, 4318026.043, 101
Trd, 4318026.393, 104
Trd, 4318027.493, 102
Trd, 4318030.243, 102
Trd, 4318030.643, 101
Trd, 4318031.793, 99
Trd, 4318032.493, 101
Trd, 4318033.543, 100
Trd, 4318033.643, 101
Trd, 4318036.443, 99
Trd, 4318037.443, 101
Trd, 4318039.493, 99
Trd, 4318039.993, 101
Trd, 4318042.043, 100
Trd, 4318043.893, 99
Trd, 4318047.693, 98
Trd, 4318047.793, 99
Trd, 4318047.943, 98
Trd, 4318049.593, 98
Trd, 4318051.743, 102
Trd, 4318052.193, 101
Trd, 4318053.193, 101
Trd, 4318053.693, 100
Trd, 4318055.193, 99
Trd, 4318055.643, 100
Trd, 4318057.093, 113
Trd, 4318060.493, 98
Trd, 4318061.543, 100
Trd, 4318064.193, 98
Trd, 4318064.793, 97
Trd, 4318065.443, 96
Trd, 4318066.393, 98
Trd, 4318066.743, 98
Trd, 4318069.343, 98
Trd, 4318071.893, 98
Trd, 4318072.743, 96
Trd, 4318073.743, 96
Trd, 4318076.293, 95
Trd, 4318076.493, 95
Trd, 4318076.543, 98
Trd, 4318078.293, 96
Trd, 4318079.543, 95
Trd, 4318080.493, 93
Trd, 4318080.993, 95
Trd, 4318081.493, 94
Trd, 4318083.393, 96
Trd, 4318084.343, 96
Trd, 4318085.993, 95
Trd, 4318086.043, 96
Trd, 4318086.343, 95
Trd, 4318088.893, 94
Trd, 4318089.893, 95
Trd, 4318092.043, 95
Trd, 4318092.143, 104
Trd, 4318092.743, 95
Trd, 4318096.543, 94
Trd, 4318097.043, 115
Trd, 4318097.843, 100
Trd, 4318101.293, 95
Trd, 4318102.093, 96
Trd, 4318102.543, 98
Trd, 4318107.243, 95
Trd, 4318107.593, 93
Trd, 4318108.193, 96
Trd, 4318108.443, 96
Trd, 4318110.493, 96
Trd, 4318112.293, 95
Trd, 4318113.193, 94
Trd, 4318114.593, 95
Trd, 4318114.993, 94
Trd, 4318116.843, 95
Trd, 4318117.793, 95
Trd, 4318117.843, 94
Trd, 4318117.893, 93
Trd, 4318119.643, 104
Trd, 4318122.793, 101
Trd, 4318123.243, 100
Trd, 4318124.393, 97
Trd, 4318124.993, 95
Trd, 4318125.343, 97
Trd, 4318126.343, 103
Trd, 4318129.593, 96
Trd, 4318130.243, 96
Trd, 4318131.393, 97
Trd, 4318133.443, 96
Trd, 4318133.743, 97
Trd, 4318135.493, 97
Trd, 4318135.793, 103
Trd, 4318137.193, 97
Trd, 4318137.343, 98
Trd, 4318138.593, 95
Trd, 4318141.793, 103
Trd, 4318143.393, 102
Trd, 4318144.593, 102
Trd, 4318144.893, 107
Trd, 4318145.993, 101
Trd, 4318147.093, 100
Trd, 4318147.143, 104
Trd, 4318149.493, 99
Trd, 4318149.643, 98
Trd, 4318150.343, 99
Trd, 4318150.493, 100
Trd, 4318154.543, 97
Trd, 4318155.343, 100
Trd, 4318157.593, 96
Trd, 4318157.893, 97
Trd, 4318162.143, 95
Trd, 4318162.343, 97
Trd, 4318163.243, 95
Trd, 4318163.593, 97
Trd, 4318165.893, 95
Trd, 4318165.943, 95
Trd, 4318168.193, 94
Trd, 4318168.843, 96
Trd, 4318169.193, 94
Trd, 4318170.143, 95
Trd, 4318171.493, 112
Trd, 4318173.593, 101
Trd, 4318175.443, 97
Trd, 4318175.643, 95
Trd, 4318175.693, 98
Trd, 4318181.093, 95
Trd, 4318181.393, 95
Trd, 4318181.493, 97
Trd, 4318183.693, 95
Trd, 4318185.143, 96
Trd, 4318186.043, 95
Trd, 4318186.543, 96
Trd, 4318188.143, 94
Trd, 4318188.193, 96
Trd, 4318189.743, 95
Trd, 4318191.893, 94
Trd, 4318192.193, 95
Trd, 4318192.693, 94
Trd, 4318194.643, 95
Trd, 4318195.743, 121
Trd, 4318196.093, 104
Trd, 4318197.593, 107
Trd, 4318198.343, 106
Trd, 4318198.993, 106
Trd, 4318200.693, 106
Trd, 4318202.593, 105
Trd, 4318204.043, 104
Trd, 4318205.793, 103
Trd, 4318206.793, 104
Trd, 4318207.193, 104
Trd, 4318208.643, 102
Trd, 4318209.843, 101
Trd, 4318210.943, 99
Trd, 4318213.193, 103
Trd, 4318215.193, 102
Trd, 4318218.493, 102
Trd, 4318218.543, 101
Trd, 4318219.843, 101
Trd, 4318221.243, 100
Trd, 4318221.393, 103
Trd, 4318222.543, 103
Trd, 4318222.943, 102
Trd, 4318223.843, 104
Trd, 4318226.893, 102
Trd, 4318227.093, 103
Trd, 4318229.043, 104
Trd, 4318230.793, 103
Trd, 4318231.393, 103
Trd, 4318232.793, 103
Trd, 4318234.343, 101
Trd, 4318235.793, 101
Trd, 4318236.143, 102
Trd, 4318236.993, 101
Trd, 4318237.893, 104
Trd, 4318240.593, 100
Trd, 4318243.193, 95
Trd, 4318243.893, 95
Trd, 4318244.743, 97
Trd, 4318245.443, 96
Trd, 4318246.443, 96
Trd, 4318246.943, 97
Trd, 4318247.493, 95
Trd, 4318248.643, 111
Trd, 4318251.743, 95
Trd, 4318252.043, 98
Trd, 4318255.593, 94
Trd, 4318256.893, 97
Trd, 4318257.793, 95
Trd, 4318259.443, 95
Trd, 4318260.693, 95
Trd, 4318261.143, 96
Trd, 4318262.993, 96
Trd, 4318264.943, 96
Trd, 4318265.193, 104
Trd, 4318265.643, 95
Trd, 4318268.843, 95
Trd, 4318269.893, 94
Trd, 4318270.243, 95
Trd, 4318271.043, 95
Trd, 4318271.843, 104
Trd, 4318273.643, 100
Trd, 4318274.343, 103
Trd, 4318275.243, 101
Trd, 4318277.393, 101
Trd, 4318278.143, 99
Trd, 4318279.393, 102
Trd, 4318279.643, 104
Trd, 4318280.593, 100
Trd, 4318281.493, 98
Trd, 4318281.943, 98
Trd, 4318282.843, 87
Trd, 4318283.193, 104
Trd, 4318284.543, 99
Trd, 4318285.143, 100
Trd, 4318285.393, 99
Trd, 4318288.293, 99
Trd, 4318289.193, 98
Trd, 4318290.593, 99
Trd, 4318291.093, 97
Trd, 4318292.093, 104
Trd, 4318292.593, 105
Trd, 4318294.043, 115
Trd, 4318296.643, 104
Trd, 4318296.943, 104
Trd, 4318297.643, 103
Trd, 4318299.193, 103
Trd, 4318299.393, 104
Trd, 4318299.443, 87
Trd, 4318304.543, 99
Trd, 4318305.143, 99
Trd, 4318305.643, 99
Trd, 4318308.843, 98
Trd, 4318309.243, 100
Trd, 4318311.593, 99
Trd, 4318312.343, 98
Trd, 4318315.243, 99
Trd, 4318315.393, 99
Trd, 4318317.243, 96
Trd, 4318319.443, 95
Trd, 4318319.943, 95
Trd, 4318320.593, 98
Trd, 4318321.243, 95
Trd, 4318323.293, 102
Trd, 4318324.943, 100
Trd, 4318326.143, 104
Trd, 4318326.443, 120
Trd, 4318327.493, 103
Trd, 4318327.893, 103
Trd, 4318329.393, 104
Trd, 4318331.193, 105
Trd, 4318331.693, 116
Trd, 4318333.143, 103
Trd, 4318333.743, 103
Trd, 4318334.643, 113
Trd, 4318335.993, 96
Trd, 4318336.593, 89
Trd, 4318337.243, 95
Trd, 4318338.643, 94
Trd, 4318339.493, 95
Trd, 4318340.443, 95
Trd, 4318343.043, 95
Trd, 4318343.493, 94
Trd, 4318345.193, 95
Trd, 4318345.943, 95
Trd, 4318346.843, 95
Trd, 4318348.543, 95
Trd, 4318350.243, 93
Trd, 4318351.543, 94
Trd, 4318351.643, 93
Trd, 4318353.393, 94
Trd, 4318353.543, 94
Trd, 4318354.293, 92
Trd, 4318357.893, 94
Trd, 4318358.393, 94
Trd, 4318361.293, 92
Trd, 4318362.643, 93
Trd, 4318362.993, 95
Trd, 4318365.893, 93
Trd, 4318366.343, 92
Trd, 4318368.043, 92
Trd, 4318369.843, 93
Trd, 4318370.093, 93
Trd, 4318371.843, 93
Trd, 4318372.393, 95
Trd, 4318373.693, 91
Trd, 4318374.043, 92
Trd, 4318377.043, 103
Trd, 4318377.643, 96
Trd, 4318378.043, 98
Trd, 4318379.793, 97
Trd, 4318380.543, 98
Trd, 4318381.643, 97
Trd, 4318382.093, 112
Trd, 4318383.093, 104
Trd, 4318383.193, 100
Trd, 4318385.143, 100
Trd, 4318387.843, 98
Trd, 4318387.993, 100
Trd, 4318390.493, 104
Trd, 4318391.593, 113
Trd, 4318392.643, 103
Trd, 4318393.443, 103
Trd, 4318394.293, 103
Trd, 4318395.243, 103
Trd, 4318396.893, 104
Trd, 4318397.243, 104
Trd, 4318397.843, 103
Trd, 4318398.343, 103
Trd, 4318399.843, 102
Trd, 4318400.993, 101
Trd, 4318401.343, 101
Trd, 4318403.143, 101
Trd, 4318404.643, 95
Trd, 4318407.643, 101
Trd, 4318409.843, 99
Trd, 4318410.393, 100
Trd, 4318411.593, 98
Trd, 4318412.043, 97
Trd, 4318412.193, 104
Trd, 4318412.993, 98
Trd, 4318414.193, 104
Trd, 4318415.093, 104
Trd, 4318415.343, 95
Trd, 4318416.543, 76
Trd, 4318419.043, 103
Trd, 4318419.593, 101
Trd, 4318420.443, 101
Trd, 4318421.693, 104
Trd, 4318424.593, 103
Trd, 4318425.493, 103
Trd, 4318425.693, 102
Trd, 4318426.093, 102
Trd, 4318426.243, 102
Trd, 4318426.793, 103
Trd, 4318427.243, 84
Trd, 4318430.243, 92
Trd, 4318432.793, 98
Trd, 4318434.593, 99
Trd, 4318435.293, 97
Trd, 4318435.593, 96
Trd, 4318436.343, 99
Trd, 4318441.643, 97
Trd, 4318442.093, 95
Trd, 4318442.193, 95
Trd, 4318443.143, 95
Trd, 4318444.243, 94
Trd, 4318446.143, 95
Trd, 4318446.343, 92
Trd, 4318447.243, 96
Trd, 4318450.793, 103
Trd, 4318452.193, 96
Trd, 4318454.093, 94
Trd, 4318454.993, 94
Trd, 4318456.143, 94
Trd, 4318456.393, 104
Trd, 4318457.193, 93
Trd, 4318458.893, 94
Trd, 4318463.593, 94
Trd, 4318464.593, 95
Trd, 4318465.193, 95
Trd, 4318465.443, 95
Trd, 4318465.943, 94
Trd, 4318466.993, 95
Trd, 4318469.493, 95
Trd, 4318470.793, 95
Trd, 4318471.193, 108
Trd, 4318471.793, 94
Trd, 4318473.443, 100
Trd, 4318474.543, 98
Trd, 4318476.593, 96
Trd, 4318476.993, 97
Trd, 4318477.243, 98
Trd, 4318478.643, 95
Trd, 4318480.993, 95
Trd, 4318483.343, 94
Trd, 4318483.643, 95
Trd, 4318484.943, 93
Trd, 4318485.393, 95
Trd, 4318486.443, 97
Trd, 4318489.893, 97
Trd, 4318490.793, 97
Trd, 4318490.843, 98
Trd, 4318492.643, 96
Trd, 4318493.793, 98
Trd, 4318494.343, 96
Trd, 4318495.393, 97
Trd, 4318496.993, 95
Trd, 4318499.593, 102
Trd, 4318499.993, 96
Trd, 4318502.493, 98
Trd, 4318506.243, 96
Trd, 4318506.693, 95
Trd, 4318506.943, 94
Trd, 4318509.893, 96
Trd, 4318510.593, 97
Trd, 4318512.093, 95
Trd, 4318514.593, 95
Trd, 4318515.093, 94
Trd, 4318515.943, 95
Trd, 4318516.943, 95
Trd, 4318518.043, 94
Trd, 4318519.193, 95
Trd, 4318519.493, 93
Trd, 4318521.143, 94
Trd, 4318521.193, 93
Trd, 4318522.343, 95
Trd, 4318524.093, 93
Trd, 4318524.643, 93
Trd, 4318528.243, 92
Trd, 4318528.443, 92
Trd, 4318529.393, 92
Trd, 4318531.243, 104
Trd, 4318532.043, 96
Trd, 4318534.043, 104
Trd, 4318534.593, 100
Trd, 4318535.493, 95
Trd, 4318537.093, 116
Trd, 4318538.243, 98
Trd, 4318539.243, 99
Trd, 4318539.293, 99
Trd, 4318540.843, 98
Trd, 4318541.943, 99
Trd, 4318543.293, 99
Trd, 4318544.043, 97
Trd, 4318546.043, 103
Trd, 4318546.593, 101
Trd, 4318547.643, 100
Trd, 4318550.443, 107
Trd, 4318551.093, 104
Trd, 4318551.243, 109
Trd, 4318552.343, 106
Trd, 4318553.493, 84
Trd, 4318554.443, 104
Trd, 4318554.643, 95
Trd, 4318555.093, 103
Trd, 4318558.843, 101
Trd, 4318559.543, 98
Trd, 4318561.543, 101
Trd, 4318564.443, 101
Trd, 4318564.543, 98
Trd, 4318565.743, 100
Trd, 4318569.593, 97
Trd, 4318571.393, 99
Trd, 4318571.743, 96
Trd, 4318572.293, 96
Trd, 4318572.793, 97
Trd, 4318573.193, 96
Trd, 4318574.293, 104
Trd, 4318575.593, 86
Trd, 4318577.543, 94
Trd, 4318578.243, 95
Trd, 4318578.343, 94
Trd, 4318579.293, 95
Trd, 4318581.193, 94
Trd, 4318581.243, 95
Trd, 4318583.493, 112
Trd, 4318584.993, 102
Trd, 4318585.643, 99
Trd, 4318587.043, 101
Trd, 4318587.143, 100
Trd, 4318588.443, 100
Trd, 4318589.693, 104
Trd, 4318590.943, 100
Trd, 4318592.143, 101
Trd, 4318593.543, 102
Trd, 4318593.893, 102
Trd, 4318594.393, 101
Trd, 4318597.243, 103
Trd, 4318598.243, 104
Trd, 4318598.843, 104
Trd, 4318599.193, 107
Trd, 4318599.993, 95
Trd, 4318601.143, 97
Trd, 4318602.293, 95
Trd, 4318602.343, 96
Trd, 4318602.843, 101
Trd, 4318605.743, 95
Trd, 4318605.843, 95
Trd, 4318607.293, 98
Trd, 4318607.793, 80
Trd, 4318609.743, 90
Trd, 4318609.843, 95
Trd, 4318612.043, 87
Trd, 4318614.243, 90
Trd, 4318617.093, 92
Trd, 4318618.393, 92
Trd, 4318618.993, 93
Trd, 4318619.793, 93
Trd, 4318620.993, 94
Trd, 4318621.093, 104
Trd, 4318621.243, 92
Trd, 4318622.193, 95
Trd, 4318623.493, 101
Trd, 4318623.893, 97
Trd, 4318625.543, 99
Trd, 4318627.593, 103
Trd, 4318628.543, 99
Trd, 4318630.143, 98
Trd, 4318630.993, 98
Trd, 4318632.993, 103
Trd, 4318633.793, 98
Trd, 4318633.993, 100
Trd, 4318637.743, 110
Trd, 4318638.693, 109
Trd, 4318638.893, 107
Trd, 4318640.543, 109
Trd, 4318640.793, 107
Trd, 4318643.143, 106
Trd, 4318643.593, 119
Trd, 4318646.243, 105
Trd, 4318646.393, 105
Trd, 4318647.143, 106
Trd, 4318649.543, 105
Trd, 4318652.193, 104
Trd, 4318652.643, 104
Trd, 4318652.793, 105
Trd, 4318652.843, 103
Trd, 4318656.793, 101
Trd, 4318659.143, 103
Trd, 4318660.443, 104
Trd, 4318662.693, 101
Trd, 4318663.393, 101
Trd, 4318663.993, 103
Trd, 4318664.443, 104
Trd, 4318665.543, 104
Trd, 4318667.193, 100
Trd, 4318668.943, 104
Trd, 4318672.093, 100
Trd, 4318672.243, 102
Trd, 4318672.693, 103
Trd, 4318675.993, 102
Trd, 4318677.693, 100
Trd, 4318677.893, 100
Trd, 4318681.593, 99
Trd, 4318681.643, 100
Trd, 4318683.893, 98
Trd, 4318684.143, 99
Trd, 4318684.893, 96
Trd, 4318686.343, 99
Trd, 4318689.043, 96
Trd, 4318690.243, 97
Trd, 4318690.893, 96
Trd, 4318692.793, 95
Trd, 4318693.793, 95
Trd, 4318694.493, 96
Trd, 4318696.043, 96
Trd, 4318696.493, 94
Trd, 4318696.993, 94
Trd, 4318699.243, 94
Trd, 4318700.643, 93
Trd, 4318702.043, 94
Trd, 4318702.143, 94
Trd, 4318702.293, 92
Trd, 4318703.243, 95
Trd, 4318707.343, 95
Trd, 4318707.843, 92
Trd, 4318708.843, 94
Trd, 4318709.543, 94
Trd, 4318710.143, 103
Trd, 4318711.893, 97
Trd, 4318712.843, 93
Trd, 4318714.543, 94
Trd, 4318715.393, 96
Trd, 4318716.693, 104
Trd, 4318717.893, 93
Trd, 4318719.143, 97
Trd, 4318722.643, 94
Trd, 4318723.343, 93
Trd, 4318725.793, 95
Trd, 4318726.093, 95
Trd, 4318726.443, 92
Trd, 4318728.543, 91
Trd, 4318729.043, 91
Trd, 4318729.393, 93
Trd, 4318731.493, 87
Trd, 4318732.643, 95
Trd, 4318734.693, 92
Trd, 4318735.843, 93
Trd, 4318737.343, 93
Trd, 4318738.343, 94
Trd, 4318738.593, 94
Trd, 4318739.943, 94
Trd, 4318741.543, 94
Trd, 4318742.243, 94
Trd, 4318744.393, 95
Trd, 4318744.493, 104
Trd, 4318745.843, 93
Trd, 4318745.893, 97
Trd, 4318747.593, 93
Trd, 4318748.493, 96
Trd, 4318749.993, 96
Trd, 4318752.643, 93
Trd, 4318753.993, 92
Trd, 4318755.243, 95
Trd, 4318755.393, 94
Trd, 4318755.793, 104
Trd, 4318758.643, 95
Trd, 4318759.393, 95
Trd, 4318760.393, 96
Trd, 4318761.693, 93
Trd, 4318762.093, 96
Trd, 4318763.493, 95
Trd, 4318764.743, 122
Trd, 4318769.193, 95
Trd, 4318770.943, 95
Trd, 4318771.893, 95
Trd, 4318773.193, 96
Trd, 4318773.593, 96
Trd, 4318775.443, 96
Trd, 4318776.093, 95
Trd, 4318777.793, 95
Trd, 4318778.543, 96
Trd, 4318779.393, 94
Trd, 4318781.543, 95
Trd, 4318784.043, 96
Trd, 4318785.593, 96
Trd, 4318787.243, 95
Trd, 4318788.943, 94
Trd, 4318789.143, 95
Trd, 4318790.143, 95
Trd, 4318792.043, 95
Trd, 4318792.493, 94
Trd, 4318795.343, 91
Trd, 4318795.693, 92
Trd, 4318795.843, 91
Trd, 4318797.443, 95
Trd, 4318798.193, 88
Trd, 4318798.893, 68
Trd, 4318801.043, 92
Trd, 4318801.093, 94
Trd, 4318801.393, 95
Trd, 4318803.193, 116
Trd, 4318803.543, 91
Trd, 4318806.093, 94
Trd, 4318806.143, 93
Trd, 4318807.243, 95
Trd, 4318808.743, 116
Trd, 4318808.943, 93
Trd, 4318810.293, 98
Trd, 4318811.843, 97
Trd, 4318812.993, 98
Trd, 4318816.343, 98
Trd, 4318817.493, 97
Trd, 4318817.793, 97
Trd, 4318818.943, 98
Trd, 4318821.843, 96
Trd, 4318822.543, 95
Trd, 4318823.143, 97
Trd, 4318824.943, 95
Trd, 4318825.193, 95
Trd, 4318827.043, 96
Trd, 4318827.193, 97
Trd, 4318828.293, 104
Trd, 4318828.343, 94
Trd, 4318830.143, 97
Trd, 4318834.043, 95
Trd, 4318834.793, 94
Trd, 4318836.443, 97
Trd, 4318839.043, 97
Trd, 4318840.243, 98
Trd, 4318840.293, 104
Trd, 4318843.543, 95
Trd, 4318844.043, 96
Trd, 4318845.643, 95
Trd, 4318846.243, 96
Trd, 4318848.493, 95
Trd, 4318849.593, 94
Trd, 4318851.093, 95
Trd, 4318852.193, 95
Trd, 4318852.943, 95
Trd, 4318856.043, 105
Trd, 4318856.443, 105
Trd, 4318857.393, 104
Trd, 4318857.693, 104
Trd, 4318859.443, 103
Trd, 4318860.993, 106
Trd, 4318861.343, 102
Trd, 4318862.493, 116
Trd, 4318862.843, 105
Trd, 4318866.043, 104
Trd, 4318866.493, 104
Trd, 4318868.243, 102
Trd, 4318870.393, 103
Trd, 4318871.393, 102
Trd, 4318871.793, 101
Trd, 4318871.893, 102
Trd, 4318872.093, 104
Trd, 4318874.293, 100
Trd, 4318876.693, 102
Trd, 4318877.143, 102
Trd, 4318879.393, 100
Trd, 4318880.143, 99
Trd, 4318880.943, 101
Trd, 4318881.993, 95
Trd, 4318884.993, 101
Trd, 4318885.893, 101
Trd, 4318886.343, 101
Trd, 4318888.593, 97
Trd, 4318890.293, 103
Trd, 4318890.943, 97
Trd, 4318893.043, 97
Trd, 4318894.893, 95
Trd, 4318895.143, 101
Trd, 4318897.543, 96
Trd, 4318897.693, 104
Trd, 4318898.293, 95
Trd, 4318901.093, 95
Trd, 4318903.643, 96
Trd, 4318904.343, 96
Trd, 4318906.493, 95
Trd, 4318907.293, 95
Trd, 4318908.243, 94
Trd, 4318909.093, 94
Trd, 4318909.843, 95
Trd, 4318909.993, 95
Trd, 4318910.443, 96
Trd, 4318913.093, 95
Trd, 4318914.543, 94
Trd, 4318914.793, 96
Trd, 4318917.143, 94
Trd, 4318917.593, 93
Trd, 4318917.993, 93
Trd, 4318919.393, 92
Trd, 4318920.893, 94
Trd, 4318924.193, 97
Trd, 4318924.343, 95
Trd, 4318925.393, 104
Trd, 4318926.243, 99
Trd, 4318928.243, 95
Trd, 4318928.643, 96
Trd, 4318929.743, 98
Trd, 4318930.093, 86
Trd, 4318930.443, 115
Trd, 4318930.493, 104
Trd, 4318931.693, 103
Trd, 4318933.693, 104
Trd, 4318934.693, 104
Trd, 4318935.393, 104
Trd, 4318936.643, 105
Trd, 4318937.593, 103
Trd, 4318939.143, 103
Trd, 4318940.093, 104
Trd, 4318940.293, 103
Trd, 4318940.943, 102
Trd, 4318941.093, 104
Trd, 4318942.943, 102
Trd, 4318943.393, 103
Trd, 4318946.243, 102
Trd, 4318949.493, 103
Trd, 4318950.293, 102
Trd, 4318950.593, 101
Trd, 4318952.093, 102
Trd, 4318952.243, 99
Trd, 4318955.143, 103
Trd, 4318956.543, 101
Trd, 4318957.643, 99
Trd, 4318960.243, 98
Trd, 4318960.343, 100
Trd, 4318961.293, 104
Trd, 4318962.393, 100
Trd, 4318964.843, 97
Trd, 4318965.743, 97
Trd, 4318967.543, 99
Trd, 4318970.293, 97
Trd, 4318970.693, 96
Trd, 4318971.093, 97
Trd, 4318971.243, 95
Trd, 4318974.443, 95
Trd, 4318975.193, 96
Trd, 4318977.093, 96
Trd, 4318977.543, 96
Trd, 4318978.593, 94
Trd, 4318983.293, 93
Trd, 4318983.643, 94
Trd, 4318984.543, 94
Trd, 4318984.743, 95
Trd, 4318985.893, 93
Trd, 4318987.443, 96
Trd, 4318987.993, 95
Trd, 4318988.293, 85
Trd, 4318988.993, 95
Trd, 4318989.693, 92
Trd, 4318991.093, 93
Trd, 4318991.943, 104
Trd, 4318993.343, 96
Trd, 4318993.643, 97
Trd, 4318995.443, 95
Trd, 4318997.793, 95
Trd, 4318999.993, 96
Trd, 4319001.243, 95
Trd, 4319001.993, 97
Trd, 4319005.893, 96
Trd, 4319006.093, 95
Trd, 4319010.443, 94
Trd, 4319010.543, 94
Trd, 4319010.793, 95
Trd, 4319011.693, 95
Trd, 4319012.493, 95
Trd, 4319014.793, 95
Trd, 4319015.093, 94
Trd, 4319016.393, 95
Trd, 4319016.643, 95
Trd, 4319018.293, 93
Trd, 4319019.843, 95
Trd, 4319021.393, 95
Trd, 4319022.843, 94
Trd, 4319024.593, 94
Trd, 4319024.943, 94
Trd, 4319025.993, 95
Trd, 4319027.293, 93
Trd, 4319028.093, 94
Trd, 4319029.193, 92
Trd, 4319030.443, 93
Trd, 4319031.893, 94
Trd, 4319033.143, 92
Trd, 4319035.093, 94
Trd, 4319036.193, 95
Trd, 4319037.193, 104
Trd, 4319038.843, 98
Trd, 4319039.043, 94
Trd, 4319040.943, 98
Trd, 4319042.443, 95
Trd, 4319044.043, 96
Trd, 4319045.143, 98
Trd, 4319045.693, 103
Trd, 4319046.643, 97
Trd, 4319047.643, 105
Trd, 4319049.343, 100
Trd, 4319051.293, 100
Trd, 4319052.143, 99
Trd, 4319053.693, 98
Trd, 4319053.993, 99
Trd, 4319056.693, 99
Trd, 4319056.943, 97
Trd, 4319058.393, 96
Trd, 4319059.893, 100
Trd, 4319061.193, 99
Trd, 4319065.193, 98
Trd, 4319066.543, 95
Trd, 4319067.543, 94
Trd, 4319067.893, 98
Trd, 4319069.393, 97
Trd, 4319072.293, 95
Trd, 4319072.393, 93
Trd, 4319073.043, 96
Trd, 4319076.343, 95
Trd, 4319076.693, 96
Trd, 4319077.193, 94
Trd, 4319079.393, 96
Trd, 4319080.843, 93
Trd, 4319082.743, 94
Trd, 4319083.393, 95
Trd, 4319084.143, 95
Trd, 4319085.543, 94
Trd, 4319085.943, 95
Trd, 4319086.593, 94
Trd, 4319088.993, 94
Trd, 4319089.143, 91
Trd, 4319089.593, 94
Trd, 4319090.043, 95
Trd, 4319091.243, 94
Trd, 4319094.043, 95
Trd, 4319095.793, 95
Trd, 4319096.143, 104
Trd, 4319097.743, 93
Trd, 4319098.243, 94
Trd, 4319099.993, 94
Trd, 4319100.193, 97
Trd, 4319102.343, 103
Trd, 4319103.293, 94
Trd, 4319105.393, 95
Trd, 4319106.343, 92
Trd, 4319106.393, 93
Trd, 4319107.193, 95
Trd, 4319109.693, 93
Trd, 4319111.443, 93
Trd, 4319111.593, 95
Trd, 4319113.293, 93
Trd, 4319114.743, 95
Trd, 4319115.893, 92
Trd, 4319116.543, 91
Trd, 4319118.693, 93
Trd, 4319119.743, 94
Trd, 4319120.143, 92
Trd, 4319123.343, 93
Trd, 4319126.093, 93
Trd, 4319126.593, 93
Trd, 4319128.343, 93
Trd, 4319130.193, 93
Trd, 4319130.843, 95
Trd, 4319131.643, 93
Trd, 4319131.693, 92
Trd, 4319132.993, 92
Trd, 4319134.243, 93
Trd, 4319135.443, 92
Trd, 4319137.143, 91
Trd, 4319138.243, 92
Trd, 4319139.043, 93
Trd, 4319140.543, 93
Trd, 4319143.043, 94
Trd, 4319143.743, 93
Trd, 4319143.843, 95
Trd, 4319143.993, 92
Trd, 4319146.693, 121
Trd, 4319146.843, 104
Trd, 4319147.693, 107
Trd, 4319148.593, 107
Trd, 4319150.693, 107
Trd, 4319150.943, 106
Trd, 4319151.493, 95
Trd, 4319151.743, 110
Trd, 4319155.243, 104
Trd, 4319155.943, 108
Trd, 4319156.243, 104
Trd, 4319156.893, 103
Trd, 4319163.543, 104
Trd, 4319163.793, 105
Trd, 4319163.893, 103
Trd, 4319166.243, 102
Trd, 4319167.493, 102
Trd, 4319168.843, 103
Trd, 4319170.443, 103
Trd, 4319172.543, 101
Trd, 4319173.243, 101
Trd, 4319173.443, 103
Trd, 4319175.043, 95
Trd, 4319175.993, 99
Trd, 4319177.293, 98
Trd, 4319178.893, 98
Trd, 4319179.343, 98
Trd, 4319179.393, 97
Trd, 4319182.843, 96
Trd, 4319183.943, 97
Trd, 4319185.543, 95
Trd, 4319186.093, 97
Trd, 4319186.493, 97
Trd, 4319187.093, 95
Trd, 4319190.043, 96
Trd, 4319191.943, 96
Trd, 4319192.593, 96
Trd, 4319192.843, 95
Trd, 4319195.643, 95
Trd, 4319196.093, 95
Trd, 4319196.343, 96
Trd, 4319196.943, 97
Trd, 4319198.043, 95
Trd, 4319199.393, 87
Trd, 4319199.993, 92
Trd, 4319201.193, 104
Trd, 4319202.343, 110
Trd, 4319203.493, 101
Trd, 4319205.793, 99
Trd, 4319208.143, 96
Trd, 4319209.193, 98
Trd, 4319209.893, 97
Trd, 4319211.593, 97
Trd, 4319214.393, 98
Trd, 4319216.843, 97
Trd, 4319218.443, 96
Trd, 4319219.043, 97
Trd, 4319220.543, 97
Trd, 4319221.343, 88
Trd, 4319222.793, 97
Trd, 4319223.943, 97
Trd, 4319226.943, 94
Trd, 4319227.343, 96
Trd, 4319228.043, 95
Trd, 4319229.843, 93
Trd, 4319231.243, 95
Trd, 4319231.993, 104
Trd, 4319232.643, 96
Trd, 4319235.143, 93
Trd, 4319236.043, 93
Trd, 4319236.393, 92
Trd, 4319237.243, 93
Trd, 4319237.843, 104
Trd, 4319241.843, 94
Trd, 4319242.743, 92
Trd, 4319242.993, 92
Trd, 4319244.993, 92
Trd, 4319245.493, 91
Trd, 4319248.893, 91
Trd, 4319249.493, 90
Trd, 4319249.893, 92
Trd, 4319250.743, 92
Trd, 4319251.693, 95
Trd, 4319253.043, 104
Trd, 4319253.693, 102
Trd, 4319255.843, 96
Trd, 4319255.993, 96
Trd, 4319256.243, 95
Trd, 4319258.743, 94
Trd, 4319258.793, 94
Trd, 4319260.543, 104
Trd, 4319261.293, 102
Trd, 4319261.493, 101
Trd, 4319262.093, 100
Trd, 4319262.843, 97
Trd, 4319263.843, 95
Trd, 4319265.893, 97
Trd, 4319266.893, 99
Trd, 4319267.693, 97
Trd, 4319268.843, 98
Trd, 4319271.093, 98
Trd, 4319273.593, 96
Trd, 4319273.743, 98
Trd, 4319275.593, 96
Trd, 4319277.443, 98
Trd, 4319277.893, 99
Trd, 4319280.093, 95
Trd, 4319280.543, 95
Trd, 4319281.943, 95
Trd, 4319282.093, 97
Trd, 4319283.193, 95
Trd, 4319283.293, 97
Trd, 4319285.393, 93
Trd, 4319287.293, 95
Trd, 4319287.843, 95
Trd, 4319288.693, 93
Trd, 4319290.843, 94
Trd, 4319291.493, 95
Trd, 4319294.393, 94
Trd, 4319294.543, 93
Trd, 4319294.743, 91
Trd, 4319296.343, 94
Trd, 4319296.543, 95
Trd, 4319299.443, 89
Trd, 4319299.743, 76
Trd, 4319301.043, 90
Trd, 4319302.243, 95
Trd, 4319304.643, 90
Trd, 4319305.493, 91
Trd, 4319306.143, 89
Trd, 4319307.043, 91
Trd, 4319307.593, 95
Trd, 4319307.793, 113
Trd, 4319311.143, 89
Trd, 4319311.843, 90
Trd, 4319312.493, 89
Trd, 4319313.193, 90
Trd, 4319315.693, 89
Trd, 4319316.193, 90
Trd, 4319317.093, 91
Trd, 4319318.143, 91
Trd, 4319319.093, 92
Trd, 4319320.043, 95
Trd, 4319321.993, 92
Trd, 4319322.743, 94
Trd, 4319323.143, 121
Trd, 4319323.393, 97
Trd, 4319324.243, 102
Trd, 4319326.293, 103
Trd, 4319327.143, 91
Trd, 4319327.193, 99
Trd, 4319327.593, 104
Trd, 4319327.793, 121
Trd, 4319330.993, 103
Trd, 4319332.193, 103
Trd, 4319332.643, 101
Trd, 4319334.193, 100
Trd, 4319334.393, 100
Trd, 4319336.243, 99
Trd, 4319337.693, 100
Trd, 4319339.093, 99
Trd, 4319340.393, 98
Trd, 4319340.943, 97
Trd, 4319343.443, 97
Trd, 4319345.743, 96
Trd, 4319346.543, 97
Trd, 4319349.843, 95
Trd, 4319350.893, 96
Trd, 4319351.243, 95
Trd, 4319352.243, 95
Trd, 4319352.293, 95
Trd, 4319354.143, 104
Trd, 4319354.543, 117
Trd, 4319356.493, 104
Trd, 4319357.393, 101
Trd, 4319358.943, 103
Trd, 4319361.593, 100
Trd, 4319361.993, 100
Trd, 4319362.993, 95
Trd, 4319363.693, 100
Trd, 4319363.993, 85
Trd, 4319365.593, 104
Trd, 4319366.293, 100
Trd, 4319368.793, 104
Trd, 4319369.243, 101
Trd, 4319370.443, 101
Trd, 4319372.893, 101
Trd, 4319374.543, 101
Trd, 4319374.893, 100
Trd, 4319377.543, 101
Trd, 4319378.243, 99
Trd, 4319379.543, 103
Trd, 4319380.093, 101
Trd, 4319381.093, 102
Trd, 4319381.393, 102
Trd, 4319385.093, 100
Trd, 4319385.443, 101
Trd, 4319386.893, 99
Trd, 4319388.793, 101
Trd, 4319390.143, 95
Trd, 4319390.793, 101
Trd, 4319392.993, 111
Trd, 4319393.643, 102
Trd, 4319394.443, 101
Trd, 4319395.093, 102
Trd, 4319395.143, 101
Trd, 4319396.893, 100
Trd, 4319397.793, 100
Trd, 4319399.093, 99
Trd, 4319400.543, 100
Trd, 4319402.893, 104
Trd, 4319403.893, 103
Trd, 4319403.943, 101
Trd, 4319405.643, 101
Trd, 4319408.193, 102
Trd, 4319408.293, 100
Trd, 4319409.443, 102
Trd, 4319410.193, 100
Trd, 4319410.293, 102
Trd, 4319410.343, 99
Trd, 4319411.893, 104
Trd, 4319415.043, 101
Trd, 4319417.243, 101
Trd, 4319417.993, 100
Trd, 4319419.143, 101
Trd, 4319419.243, 100
Trd, 4319422.043, 97
Trd, 4319422.543, 98
Trd, 4319422.693, 104
Trd, 4319423.993, 97
Trd, 4319424.493, 101
Trd, 4319426.293, 96
Trd, 4319426.893, 101
Trd, 4319429.643, 99
Trd, 4319429.893, 96
Trd, 4319435.643, 98
Trd, 4319437.093, 98
Trd, 4319439.893, 85
Trd, 4319442.193, 94
Trd, 4319442.843, 94
Trd, 4319443.593, 94
Trd, 4319444.693, 94
Trd, 4319445.843, 93
Trd, 4319448.793, 94
Trd, 4319450.043, 95
Trd, 4319451.543, 96
Trd, 4319453.193, 95
Trd, 4319453.543, 95
Trd, 4319453.743, 100
Trd, 4319455.343, 98
Trd, 4319455.493, 86
Trd, 4319457.843, 96
Trd, 4319458.493, 95
Trd, 4319458.843, 97
Trd, 4319461.143, 96
Trd, 4319464.193, 94
Trd, 4319464.943, 94
Trd, 4319465.543, 96
Trd, 4319466.243, 95
Trd, 4319466.293, 94
Trd, 4319468.093, 94
Trd, 4319469.943, 95
Trd, 4319473.393, 95
Trd, 4319473.843, 94
Trd, 4319474.143, 94
Trd, 4319474.543, 93
Trd, 4319476.343, 94
Trd, 4319477.243, 93
Trd, 4319478.193, 94
Trd, 4319480.493, 93
Trd, 4319481.193, 92
Trd, 4319483.493, 93
Trd, 4319485.193, 91
Trd, 4319486.193, 93
Trd, 4319486.343, 93
Trd, 4319486.993, 91
Trd, 4319487.343, 90
Trd, 4319490.343, 93
Trd, 4319492.343, 92
Trd, 4319492.393, 95
Trd, 4319493.443, 93
Trd, 4319496.393, 93
Trd, 4319497.293, 92
Trd, 4319497.593, 94
Trd, 4319498.093, 95
Trd, 4319501.443, 95
Trd, 4319501.593, 95
Trd, 4319503.143, 95
Trd, 4319503.593, 104
Trd, 4319505.343, 94
Trd, 4319506.743, 94
Trd, 4319506.893, 96
Trd, 4319507.693, 93
Trd, 4319509.643, 95
Trd, 4319510.143, 94
Trd, 4319511.593, 93
Trd, 4319513.643, 94
Trd, 4319514.243, 92
Trd, 4319515.693, 95
Trd, 4319517.593, 93
Trd, 4319517.743, 92
Trd, 4319517.943, 94
Trd, 4319518.543, 95
Trd, 4319524.493, 93
Trd, 4319525.243, 92
Trd, 4319526.543, 93
Trd, 4319528.443, 104
Trd, 4319529.793, 96
Trd, 4319530.443, 96
Trd, 4319531.793, 95
Trd, 4319532.993, 96
Trd, 4319534.693, 94
Trd, 4319536.843, 95
Trd, 4319537.793, 94
Trd, 4319539.543, 95
Trd, 4319540.143, 94
Trd, 4319540.893, 94
Trd, 4319541.943, 95
Trd, 4319542.543, 95
Trd, 4319543.543, 95
Trd, 4319544.393, 93
Trd, 4319544.943, 94
Trd, 4319545.143, 121
Trd, 4319549.443, 121
Trd, 4319549.893, 108
Trd, 4319550.193, 106
Trd, 4319552.143, 105
Trd, 4319553.093, 110
Trd, 4319553.393, 104
Trd, 4319556.793, 103
Trd, 4319557.143, 103
Trd, 4319559.093, 101
Trd, 4319560.743, 102
Trd, 4319562.093, 101
Trd, 4319562.493, 102
Trd, 4319563.943, 101
Trd, 4319566.093, 100
Trd, 4319567.693, 101
Trd, 4319569.093, 99
Trd, 4319571.143, 99
Trd, 4319571.593, 99
Trd, 4319572.043, 104
Trd, 4319573.993, 100
Trd, 4319576.243, 97
Trd, 4319576.643, 99
Trd, 4319578.393, 97
Trd, 4319578.693, 98
Trd, 4319580.693, 96
Trd, 4319581.193, 98
Trd, 4319587.443, 95
Trd, 4319587.493, 97
Trd, 4319588.493, 96
Trd, 4319589.743, 95
Trd, 4319590.293, 96
Trd, 4319592.293, 95
Trd, 4319594.143, 96
Trd, 4319595.343, 96
Trd, 4319595.443, 95
Trd, 4319596.593, 95
Trd, 4319598.193, 95
Trd, 4319598.643, 94
Trd, 4319601.193, 95
Trd, 4319602.743, 94
Trd, 4319604.593, 94
Trd, 4319606.343, 95
Trd, 4319607.093, 95
Trd, 4319608.443, 93
Trd, 4319608.543, 94
Trd, 4319610.393, 85
Trd, 4319610.943, 95
Trd, 4319614.143, 91
Trd, 4319615.593, 91
Trd, 4319616.143, 91
Trd, 4319617.393, 90
Trd, 4319617.793, 92
Trd, 4319619.543, 93
Trd, 4319620.993, 89
Trd, 4319622.443, 102
Trd, 4319624.743, 96
Trd, 4319624.943, 103
Trd, 4319627.043, 96
Trd, 4319627.443, 95
Trd, 4319630.143, 96
Trd, 4319631.343, 95
Trd, 4319632.393, 93
Trd, 4319632.693, 96
Trd, 4319635.243, 98
Trd, 4319636.343, 104
Trd, 4319637.943, 115
Trd, 4319638.193, 103
Trd, 4319638.593, 101
Trd, 4319639.343, 101
Trd, 4319639.743, 105
Trd, 4319639.893, 95
Trd, 4319642.293, 102
Trd, 4319645.393, 99
Trd, 4319648.093, 98
Trd, 4319648.743, 99
Trd, 4319649.643, 99
Trd, 4319649.993, 97
Trd, 4319656.143, 96
Trd, 4319656.393, 97
Trd, 4319656.843, 97
Trd, 4319658.843, 95
Trd, 4319660.443, 94
Trd, 4319660.993, 96
Trd, 4319662.743, 96
Trd, 4319663.293, 94
Trd, 4319666.843, 93
Trd, 4319667.593, 94
Trd, 4319667.993, 95
Trd, 4319668.093, 115
Trd, 4319668.943, 93
Trd, 4319671.543, 100
Trd, 4319673.393, 101
Trd, 4319675.393, 93
Trd, 4319676.593, 96
Trd, 4319680.293, 94
Trd, 4319680.693, 96
Trd, 4319680.943, 95
Trd, 4319681.143, 97
Trd, 4319683.143, 94
Trd, 4319684.793, 93
Trd, 4319685.693, 94
Trd, 4319685.793, 95
Trd, 4319688.493, 77
Trd, 4319689.143, 88
Trd, 4319690.243, 87
Trd, 4319690.643, 87
Trd, 4319693.493, 87
Trd, 4319693.793, 87
Trd, 4319697.193, 87
Trd, 4319698.193, 87
Trd, 4319698.643, 87
Trd, 4319698.893, 88
Trd, 4319701.843, 88
Trd, 4319703.493, 90
Trd, 4319704.243, 90
Trd, 4319704.493, 93
Trd, 4319705.793, 90
Trd, 4319708.543, 89
Trd, 4319709.793, 90
Trd, 4319710.743, 88
Trd, 4319710.793, 91
Trd, 4319714.543, 88
Trd, 4319714.743, 88
Trd, 4319716.643, 87
Trd, 4319716.793, 88
Trd, 4319716.943, 86
Trd, 4319719.193, 88
Trd, 4319719.543, 104
Trd, 4319720.343, 94
Trd, 4319722.793, 91
Trd, 4319724.243, 97
Trd, 4319724.343, 96
Trd, 4319724.743, 96
Trd, 4319727.543, 97
Trd, 4319728.393, 95
Trd, 4319730.093, 97
Trd, 4319730.443, 95
Trd, 4319733.293, 96
Trd, 4319733.743, 95
Trd, 4319733.793, 96
Trd, 4319735.743, 94
Trd, 4319739.893, 95
Trd, 4319740.243, 94
Trd, 4319741.393, 95
Trd, 4319741.893, 95
Trd, 4319743.243, 95
Trd, 4319744.293, 94
Trd, 4319744.793, 94
Trd, 4319745.643, 95
Trd, 4319745.993, 104
Trd, 4319747.843, 96
Trd, 4319749.643, 96
Trd, 4319749.693, 95
Trd, 4319753.293, 95
Trd, 4319753.843, 95
Trd, 4319753.993, 95
Trd, 4319755.843, 103
Trd, 4319756.043, 94
Trd, 4319756.293, 104
Trd, 4319760.093, 97
Trd, 4319760.443, 97
Trd, 4319760.993, 98
Trd, 4319761.193, 96
Trd, 4319764.443, 120
Trd, 4319765.593, 106
Trd, 4319766.743, 105
Trd, 4319767.493, 105
Trd, 4319769.143, 103
Trd, 4319769.193, 104
Trd, 4319770.643, 103
Trd, 4319771.393, 104
Trd, 4319772.193, 102
Trd, 4319772.693, 95
Trd, 4319774.743, 99
Trd, 4319776.043, 101
Trd, 4319777.393, 98
Trd, 4319777.543, 100
Trd, 4319779.543, 99
Trd, 4319781.693, 98
Trd, 4319783.193, 97
Trd, 4319783.343, 98
Trd, 4319786.393, 95
Trd, 4319787.293, 98
Trd, 4319790.193, 96
Trd, 4319790.993, 95
Trd, 4319791.743, 95
Trd, 4319794.593, 96
Trd, 4319796.143, 95
Trd, 4319797.493, 94
Trd, 4319798.193, 95
Trd, 4319798.293, 93
Trd, 4319799.943, 104
Trd, 4319801.393, 95
Trd, 4319801.743, 95
Trd, 4319804.293, 95
Trd, 4319805.493, 94
Trd, 4319806.193, 95
Trd, 4319806.843, 115
Trd, 4319810.143, 95
Trd, 4319810.293, 98
Trd, 4319810.993, 95
Trd, 4319812.843, 95
Trd, 4319813.843, 98
Trd, 4319814.243, 98
Trd, 4319816.843, 95
Trd, 4319820.893, 95
Trd, 4319822.443, 95
Trd, 4319822.543, 97
Trd, 4319823.093, 94
Trd, 4319823.143, 97
Trd, 4319825.493, 97
Trd, 4319827.693, 97
Trd, 4319829.643, 95
Trd, 4319830.943, 95
Trd, 4319831.493, 96
Trd, 4319832.343, 95
Trd, 4319833.893, 96
Trd, 4319834.193, 95
Trd, 4319835.043, 96
Trd, 4319836.443, 95
Trd, 4319838.143, 94
Trd, 4319840.593, 94
Trd, 4319842.043, 94
Trd, 4319842.943, 95
Trd, 4319844.593, 93
Trd, 4319845.343, 94
Trd, 4319847.293, 95
Trd, 4319847.593, 99
Trd, 4319848.893, 112
Trd, 4319849.443, 105
Trd, 4319850.593, 104
Trd, 4319850.893, 112
Trd, 4319851.343, 104
Trd, 4319852.293, 103
Trd, 4319853.793, 110
Trd, 4319856.043, 103
Trd, 4319856.693, 102
Trd, 4319857.393, 95
Trd, 4319859.093, 104
Trd, 4319859.843, 104
Trd, 4319861.293, 101
Trd, 4319862.493, 95
Trd, 4319863.293, 100
Trd, 4319864.443, 100
Trd, 4319865.693, 100
Trd, 4319866.743, 100
Trd, 4319867.493, 97
Trd, 4319869.643, 97
Trd, 4319870.443, 97
Trd, 4319870.993, 99
Trd, 4319871.493, 104
Trd, 4319875.443, 96
Trd, 4319875.893, 97
Trd, 4319875.943, 96
Trd, 4319878.743, 97
Trd, 4319881.093, 95
Trd, 4319881.143, 97
Trd, 4319883.743, 97
Trd, 4319885.393, 96
Trd, 4319885.793, 95
Trd, 4319886.143, 95
Trd, 4319887.393, 104
Trd, 4319889.543, 97
Trd, 4319891.393, 94
Trd, 4319891.643, 86
Trd, 4319891.943, 94
Trd, 4319892.143, 96
Trd, 4319893.493, 90
Trd, 4319895.143, 96
Trd, 4319896.293, 95
Trd, 4319898.743, 94
Trd, 4319899.793, 94
Trd, 4319901.443, 94
Trd, 4319902.393, 94
Trd, 4319902.593, 95
Trd, 4319903.543, 95
Trd, 4319906.643, 104
Trd, 4319907.693, 102
Trd, 4319908.143, 101
Trd, 4319909.043, 105
Trd, 4319910.293, 98
Trd, 4319911.293, 103
Trd, 4319912.993, 99
Trd, 4319913.993, 98
Trd, 4319915.093, 98
Trd, 4319916.293, 99
Trd, 4319918.443, 98
Trd, 4319918.493, 99
Trd, 4319920.743, 98
Trd, 4319922.543, 96
Trd, 4319924.493, 97
Trd, 4319925.743, 95
Trd, 4319928.393, 97
Trd, 4319928.493, 97
Trd, 4319931.493, 95
Trd, 4319932.843, 96
Trd, 4319934.893, 95
Trd, 4319934.943, 96
Trd, 4319936.093, 95
Trd, 4319938.593, 95
Trd, 4319939.243, 96
Trd, 4319939.593, 95
Trd, 4319941.243, 96
Trd, 4319941.893, 104
Trd, 4319942.443, 94
Trd, 4319947.543, 94
Trd, 4319947.843, 95
Trd, 4319948.343, 96
Trd, 4319948.593, 94
Trd, 4319950.293, 93
Trd, 4319951.693, 92
Trd, 4319951.743, 86
Trd, 4319954.643, 92
Trd, 4319954.793, 93
Trd, 4319956.243, 92
Trd, 4319958.043, 95
Trd, 4319959.693, 91
Trd, 4319960.393, 91
Trd, 4319961.293, 90
Trd, 4319962.143, 89
Trd, 4319963.093, 89
Trd, 4319963.193, 90
Trd, 4319964.243, 89
Trd, 4319966.143, 94
Trd, 4319966.243, 95
Trd, 4319970.343, 90
Trd, 4319971.443, 91
Trd, 4319972.743, 92
Trd, 4319973.393, 90
Trd, 4319974.293, 90
Trd, 4319974.993, 92
Trd, 4319978.393, 89
Trd, 4319979.193, 90
Trd, 4319979.793, 91
Trd, 4319980.843, 88
Trd, 4319981.793, 95
Trd, 4319982.393, 85
Trd, 4319985.693, 91
Trd, 4319987.993, 89
Trd, 4319988.543, 90
Trd, 4319988.993, 89
Trd, 4319990.093, 95
Trd, 4319992.493, 92
Trd, 4319994.443, 91
Trd, 4319994.643, 92
Trd, 4319995.593, 91
Trd, 4319997.693, 92
Trd, 4319999.093, 95
Trd, 4319999.243, 92
