Trd, 4317785.393, 97
Trd, 4317788.443, 97
Trd, 4317791.743, 99
Trd, 4317791.793, 95
Trd, 4317794.493, 98
Trd, 4317796.093, 98
Trd, 4317797.493, 99
Trd, 4317798.543, 99
Trd, 4317798.643, 86
Trd, 4317802.843, 94
Trd, 4317803.593, 93
Trd, 4317805.043, 93
Trd, 4317808.293, 94
Trd, 4317810.543, 94
Trd, 4317810.643, 99
Trd, 4317811.793, 111
Trd, 4317812.843, 109
Trd, 4317816.243, 108
Trd, 4317816.843, 107
Trd, 4317817.043, 77
Trd, 4317818.493, 109
Trd, 4317819.093, 81
Trd, 4317819.893, 93
Trd, 4317827.143, 100
Trd, 4317832.343, 100
Trd, 4317832.793, 98
Trd, 4317833.193, 98
Trd, 4317836.843, 105
Trd, 4317838.743, 104
Trd, 4317840.043, 97
Trd, 4317840.493, 104
Trd, 4317840.793, 98
Trd, 4317845.143, 97
Trd, 4317851.093, 99
Trd, 4317851.543, 102
Trd, 4317853.043, 98
Trd, 4317853.593, 102
Trd, 4317854.843, 103
Trd, 4317855.643, 98
Trd, 4317855.793, 98
Trd, 4317860.443, 97
Trd, 4317861.993, 95
Trd, 4317863.943, 98
Trd, 4317865.243, 102
Trd, 4317866.393, 104
Trd, 4317867.893, 102
Trd, 4317869.043, 101
Trd, 4317871.443, 100
Trd, 4317872.143, 100
Trd, 4317872.893, 87
Trd, 4317875.893, 101
Trd, 4317877.193, 96
Trd, 4317884.143, 99
Trd, 4317885.593, 97
Trd, 4317885.843, 97
Trd, 4317886.643, 95
Trd, 4317891.543, 94
Trd, 4317892.693, 98
Trd, 4317895.593, 94
Trd, 4317896.893, 93
Trd, 4317900.193, 92
Trd, 4317903.143, 96
Trd, 4317904.543, 93
Trd, 4317904.643, 93
Trd, 4317906.443, 96
Trd, 4317906.993, 96
Trd, 4317907.343, 92
Trd, 4317908.143, 89
Trd, 4317910.443, 105
Trd, 4317911.243, 98
Trd, 4317912.743, 111
Trd, 4317912.943, 101
Trd, 4317914.543, 81
Trd, 4317915.643, 99
Trd, 4317915.743, 101
Trd, 4317916.543, 95
Trd, 4317921.993, 100
Trd, 4317924.393, 96
Trd, 4317924.793, 95
Trd, 4317925.893, 94
Trd, 4317931.343, 94
Trd, 4317934.393, 96
Trd, 4317935.643, 97
Trd, 4317935.793, 94
Trd, 4317938.643, 92
Trd, 4317941.843, 96
Trd, 4317943.393, 95
Trd, 4317945.393, 94
Trd, 4317946.093, 94
Trd, 4317946.293, 93
Trd, 4317947.993, 95
Trd, 4317948.443, 93
Trd, 4317949.993, 92
Trd, 4317951.193, 96
Trd, 4317952.543, 90
Trd, 4317952.843, 73
Trd, 4317954.393, 100
Trd, 4317955.043, 99
Trd, 4317957.043, 94
Trd, 4317957.893, 98
Trd, 4317960.793, 98
Trd, 4317966.143, 98
Trd, 4317966.443, 96
Trd, 4317969.593, 98
Trd, 4317971.093, 99
Trd, 4317972.093, 97
Trd, 4317972.293, 81
Trd, 4317977.043, 100
Trd, 4317978.293, 94
Trd, 4317978.693, 92
Trd, 4317979.643, 98
Trd, 4317981.993, 92
Trd, 4317983.593, 97
Trd, 4317983.643, 98
Trd, 4317987.143, 91
Trd, 4317990.343, 111
Trd, 4317992.943, 116
Trd, 4317992.993, 115
Trd, 4317993.193, 115
Trd, 4317997.143, 99
Trd, 4317997.243, 86
Trd, 4317997.343, 82
Trd, 4318000.743, 94
Trd, 4318001.193, 95
Trd, 4318003.043, 86
Trd, 4318004.143, 94
Trd, 4318004.193, 91
Trd, 4318006.443, 92
Trd, 4318007.893, 102
Trd, 4318008.643, 99
Trd, 4318010.543, 98
Trd, 4318011.643, 96
Trd, 4318012.843, 105
Trd, 4318013.143, 94
Trd, 4318014.293, 100
Trd, 4318017.293, 101
Trd, 4318020.043, 100
Trd, 4318021.393, 99
Trd, 4318021.743, 99
Trd, 4318022.293, 98
Trd, 4318025.893, 98
Trd, 4318025.943, 97
Trd, 4318027.093, 97
Trd, 4318028.593, 96
Trd, 4318028.893, 99
Trd, 4318029.843, 109
Trd, 4318032.093, 101
Trd, 4318034.543, 99
Trd, 4318034.843, 99
Trd, 4318035.943, 112
Trd, 4318036.643, 95
Trd, 4318038.643, 85
Trd, 4318040.393, 96
Trd, 4318040.643, 97
Trd, 4318043.543, 97
Trd, 4318047.143, 96
Trd, 4318048.143, 99
Trd, 4318048.293, 95
Trd, 4318049.793, 98
Trd, 4318051.243, 97
Trd, 4318051.493, 98
Trd, 4318052.443, 98
Trd, 4318055.043, 99
Trd, 4318056.193, 98
Trd, 4318057.243, 101
Trd, 4318057.793, 99
Trd, 4318062.143, 99
Trd, 4318062.293, 98
Trd, 4318064.443, 97
Trd, 4318064.643, 95
Trd, 4318066.543, 95
Trd, 4318067.943, 97
Trd, 4318069.593, 101
Trd, 4318070.193, 98
Trd, 4318070.743, 97
Trd, 4318073.793, 105
Trd, 4318074.593, 97
Trd, 4318078.693, 97
Trd, 4318078.843, 99
Trd, 4318079.243, 96
Trd, 4318083.143, 96
Trd, 4318083.643, 98
Trd, 4318083.993, 95
Trd, 4318088.493, 95
Trd, 4318089.293, 92
Trd, 4318090.793, 98
Trd, 4318091.793, 93
Trd, 4318092.243, 93
Trd, 4318094.643, 95
Trd, 4318096.043, 94
Trd, 4318096.093, 96
Trd, 4318098.143, 94
Trd, 4318098.993, 94
Trd, 4318103.993, 95
Trd, 4318105.543, 93
Trd, 4318106.893, 95
Trd, 4318107.193, 92
Trd, 4318108.493, 95
Trd, 4318111.543, 95
Trd, 4318113.443, 96
Trd, 4318113.793, 95
Trd, 4318115.043, 95
Trd, 4318117.943, 94
Trd, 4318118.443, 93
Trd, 4318119.993, 76
Trd, 4318122.443, 88
Trd, 4318124.793, 95
Trd, 4318125.493, 93
Trd, 4318126.343, 95
Trd, 4318127.643, 95
Trd, 4318129.043, 95
Trd, 4318129.943, 97
Trd, 4318130.793, 97
Trd, 4318131.493, 97
Trd, 4318133.343, 97
Trd, 4318135.643, 68
Trd, 4318137.893, 88
Trd, 4318138.693, 68
Trd, 4318140.593, 86
Trd, 4318141.093, 85
Trd, 4318144.643, 90
Trd, 4318144.843, 95
Trd, 4318145.493, 94
Trd, 4318146.393, 98
Trd, 4318147.243, 93
Trd, 4318149.893, 93
Trd, 4318150.793, 92
Trd, 4318154.043, 96
Trd, 4318157.293, 101
Trd, 4318157.893, 100
Trd, 4318158.493, 99
Trd, 4318159.743, 97
Trd, 4318161.493, 95
Trd, 4318164.143, 97
Trd, 4318165.993, 96
Trd, 4318170.193, 97
Trd, 4318172.093, 97
Trd, 4318172.793, 94
Trd, 4318176.643, 96
Trd, 4318178.293, 97
Trd, 4318181.793, 97
Trd, 4318182.993, 94
Trd, 4318183.693, 92
Trd, 4318186.743, 96
Trd, 4318189.293, 94
Trd, 4318189.943, 96
Trd, 4318189.993, 97
Trd, 4318190.593, 72
Trd, 4318191.093, 97
Trd, 4318194.793, 84
Trd, 4318197.193, 90
Trd, 4318198.743, 105
Trd, 4318201.043, 104
Trd, 4318201.843, 103
Trd, 4318202.693, 99
Trd, 4318204.093, 83
Trd, 4318205.043, 106
Trd, 4318206.093, 104
Trd, 4318207.243, 104
Trd, 4318207.943, 94
Trd, 4318209.143, 98
Trd, 4318209.643, 96
Trd, 4318212.593, 101
Trd, 4318215.193, 102
Trd, 4318215.543, 101
Trd, 4318216.643, 100
Trd, 4318221.493, 90
Trd, 4318222.493, 96
Trd, 4318227.393, 95
Trd, 4318227.693, 98
Trd, 4318228.143, 94
Trd, 4318231.243, 104
Trd, 4318231.393, 94
Trd, 4318231.593, 75
Trd, 4318232.743, 84
Trd, 4318235.193, 97
Trd, 4318236.093, 112
Trd, 4318236.993, 116
Trd, 4318237.943, 114
Trd, 4318238.343, 66
Trd, 4318241.443, 99
Trd, 4318243.843, 109
Trd, 4318244.843, 108
Trd, 4318246.293, 107
Trd, 4318249.643, 101
Trd, 4318249.893, 102
Trd, 4318250.643, 87
Trd, 4318251.293, 98
Trd, 4318254.593, 98
Trd, 4318255.893, 98
Trd, 4318257.693, 98
Trd, 4318258.343, 98
Trd, 4318258.693, 97
Trd, 4318258.993, 93
Trd, 4318261.093, 95
Trd, 4318262.793, 95
Trd, 4318266.393, 98
Trd, 4318266.443, 95
Trd, 4318267.543, 94
Trd, 4318269.793, 95
Trd, 4318275.993, 95
Trd, 4318276.443, 95
Trd, 4318276.693, 97
Trd, 4318276.843, 95
Trd, 4318277.193, 77
Trd, 4318277.643, 87
Trd, 4318279.193, 91
Trd, 4318280.893, 90
Trd, 4318286.243, 92
Trd, 4318286.743, 92
Trd, 4318287.093, 95
Trd, 4318288.943, 99
Trd, 4318289.043, 97
Trd, 4318290.143, 93
Trd, 4318290.843, 87
Trd, 4318292.543, 81
Trd, 4318295.243, 84
Trd, 4318296.293, 95
Trd, 4318297.243, 93
Trd, 4318298.243, 95
Trd, 4318299.143, 96
Trd, 4318301.443, 96
Trd, 4318301.793, 95
Trd, 4318302.893, 87
Trd, 4318304.443, 95
Trd, 4318305.643, 95
Trd, 4318308.243, 94
Trd, 4318311.393, 93
Trd, 4318313.793, 95
Trd, 4318316.543, 92
Trd, 4318319.043, 95
Trd, 4318320.343, 96
Trd, 4318321.093, 95
Trd, 4318321.893, 75
Trd, 4318323.993, 94
Trd, 4318324.043, 95
Trd, 4318324.793, 96
Trd, 4318325.543, 93
Trd, 4318329.393, 95
Trd, 4318330.143, 90
Trd, 4318332.843, 95
Trd, 4318334.043, 102
Trd, 4318334.343, 102
Trd, 4318336.543, 100
Trd, 4318336.943, 104
Trd, 4318337.393, 88
Trd, 4318339.893, 125
Trd, 4318339.943, 120
Trd, 4318341.543, 116
Trd, 4318343.393, 98
Trd, 4318346.993, 107
Trd, 4318348.543, 107
Trd, 4318348.643, 95
Trd, 4318349.393, 75
Trd, 4318351.243, 99
Trd, 4318353.293, 100
Trd, 4318354.493, 100
Trd, 4318356.393, 97
Trd, 4318362.343, 98
Trd, 4318363.343, 97
Trd, 4318363.493, 100
Trd, 4318364.043, 97
Trd, 4318367.693, 96
Trd, 4318368.793, 79
Trd, 4318371.393, 91
Trd, 4318372.643, 97
Trd, 4318375.893, 96
Trd, 4318377.143, 91
Trd, 4318381.193, 93
Trd, 4318381.743, 95
Trd, 4318382.243, 92
Trd, 4318382.643, 93
Trd, 4318385.143, 92
Trd, 4318385.493, 95
Trd, 4318386.743, 92
Trd, 4318388.043, 100
Trd, 4318389.193, 97
Trd, 4318389.393, 96
Trd, 4318390.493, 101
Trd, 4318394.593, 99
Trd, 4318395.843, 98
Trd, 4318397.543, 97
Trd, 4318403.893, 97
Trd, 4318407.643, 96
Trd, 4318407.793, 94
Trd, 4318408.543, 98
Trd, 4318412.043, 95
Trd, 4318414.543, 97
Trd, 4318420.343, 95
Trd, 4318421.043, 95
Trd, 4318421.693, 97
Trd, 4318425.493, 97
Trd, 4318425.543, 95
Trd, 4318425.843, 95
Trd, 4318425.943, 94
Trd, 4318427.843, 101
Trd, 4318429.243, 97
Trd, 4318432.093, 98
Trd, 4318433.093, 102
Trd, 4318437.093, 100
Trd, 4318438.043, 99
Trd, 4318439.143, 104
Trd, 4318441.543, 99
Trd, 4318444.693, 101
Trd, 4318446.093, 98
Trd, 4318447.193, 98
Trd, 4318448.293, 97
Trd, 4318449.793, 101
Trd, 4318452.793, 96
Trd, 4318453.593, 100
Trd, 4318456.043, 97
Trd, 4318458.493, 100
Trd, 4318458.993, 98
Trd, 4318459.293, 97
Trd, 4318465.493, 97
Trd, 4318468.543, 96
Trd, 4318469.443, 95
Trd, 4318470.693, 80
Trd, 4318472.643, 87
Trd, 4318475.143, 92
Trd, 4318477.093, 91
Trd, 4318478.443, 98
Trd, 4318480.793, 98
Trd, 4318482.993, 101
Trd, 4318483.993, 100
Trd, 4318484.343, 99
Trd, 4318484.593, 98
Trd, 4318485.443, 94
Trd, 4318488.643, 99
Trd, 4318489.643, 95
Trd, 4318493.343, 99
Trd, 4318493.443, 94
Trd, 4318496.043, 94
Trd, 4318497.943, 93
Trd, 4318498.593, 99
Trd, 4318498.643, 94
Trd, 4318501.193, 94
Trd, 4318501.993, 94
Trd, 4318509.693, 95
Trd, 4318510.343, 94
Trd, 4318511.093, 86
Trd, 4318512.743, 93
Trd, 4318513.193, 97
Trd, 4318513.943, 92
Trd, 4318520.493, 97
Trd, 4318520.893, 95
Trd, 4318521.393, 104
Trd, 4318521.743, 98
Trd, 4318521.843, 95
Trd, 4318523.643, 122
Trd, 4318524.643, 120
Trd, 4318525.543, 120
Trd, 4318526.943, 110
Trd, 4318528.593, 92
Trd, 4318533.743, 102
Trd, 4318534.943, 86
Trd, 4318535.243, 92
Trd, 4318540.193, 100
Trd, 4318543.243, 104
Trd, 4318545.443, 99
Trd, 4318545.493, 99
Trd, 4318549.193, 98
Trd, 4318550.993, 97
Trd, 4318553.593, 96
Trd, 4318553.993, 88
Trd, 4318554.243, 93
Trd, 4318558.043, 93
Trd, 4318558.693, 93
Trd, 4318568.993, 97
Trd, 4318569.543, 96
Trd, 4318570.343, 90
Trd, 4318572.893, 94
Trd, 4318573.643, 94
Trd, 4318574.143, 95
Trd, 4318575.543, 92
Trd, 4318576.793, 95
Trd, 4318579.343, 93
Trd, 4318579.393, 77
Trd, 4318581.193, 95
Trd, 4318582.143, 95
Trd, 4318583.243, 93
Trd, 4318586.893, 91
Trd, 4318587.543, 90
Trd, 4318591.393, 92
Trd, 4318592.393, 93
Trd, 4318593.493, 90
Trd, 4318595.293, 94
Trd, 4318597.593, 93
Trd, 4318598.643, 95
Trd, 4318599.093, 92
Trd, 4318602.143, 93
Trd, 4318604.343, 91
Trd, 4318606.493, 91
Trd, 4318606.543, 95
Trd, 4318608.093, 94
Trd, 4318608.243, 99
Trd, 4318608.593, 90
Trd, 4318612.143, 94
Trd, 4318615.543, 92
Trd, 4318616.993, 92
Trd, 4318617.443, 95
Trd, 4318617.693, 95
Trd, 4318623.543, 92
Trd, 4318623.693, 95
Trd, 4318626.943, 95
Trd, 4318627.343, 91
Trd, 4318627.793, 91
Trd, 4318630.193, 94
Trd, 4318632.643, 95
Trd, 4318633.843, 94
Trd, 4318633.943, 91
Trd, 4318634.893, 94
Trd, 4318637.593, 115
Trd, 4318638.243, 108
Trd, 4318638.593, 110
Trd, 4318639.393, 86
Trd, 4318641.443, 102
Trd, 4318642.793, 103
Trd, 4318643.143, 100
Trd, 4318643.493, 94
Trd, 4318647.693, 95
Trd, 4318648.093, 92
Trd, 4318652.043, 93
Trd, 4318655.043, 95
Trd, 4318655.443, 94
Trd, 4318656.593, 95
Trd, 4318658.593, 94
Trd, 4318659.593, 95
Trd, 4318664.093, 94
Trd, 4318664.143, 95
Trd, 4318664.643, 78
Trd, 4318666.193, 95
Trd, 4318666.293, 73
Trd, 4318669.493, 94
Trd, 4318670.143, 92
Trd, 4318670.493, 95
Trd, 4318673.843, 93
Trd, 4318675.193, 93
Trd, 4318676.293, 92
Trd, 4318678.043, 92
Trd, 4318679.593, 103
Trd, 4318680.043, 98
Trd, 4318682.943, 79
Trd, 4318684.893, 92
Trd, 4318685.943, 88
Trd, 4318687.443, 91
Trd, 4318689.043, 95
Trd, 4318692.443, 95
Trd, 4318693.043, 92
Trd, 4318695.043, 94
Trd, 4318695.393, 92
Trd, 4318696.343, 91
Trd, 4318698.993, 94
Trd, 4318699.993, 101
Trd, 4318701.093, 97
Trd, 4318704.543, 97
Trd, 4318705.243, 97
Trd, 4318705.893, 96
Trd, 4318706.643, 95
Trd, 4318709.743, 96
Trd, 4318710.743, 100
Trd, 4318711.093, 104
Trd, 4318711.193, 93
Trd, 4318713.143, 100
Trd, 4318713.293, 96
Trd, 4318716.743, 98
Trd, 4318722.693, 97
Trd, 4318724.843, 94
Trd, 4318726.743, 95
Trd, 4318732.043, 96
Trd, 4318733.943, 94
Trd, 4318734.193, 96
Trd, 4318735.243, 92
Trd, 4318736.693, 95
Trd, 4318738.243, 94
Trd, 4318740.193, 97
Trd, 4318740.443, 96
Trd, 4318741.493, 96
Trd, 4318745.643, 94
Trd, 4318745.893, 96
Trd, 4318747.443, 93
Trd, 4318751.893, 95
Trd, 4318752.993, 97
Trd, 4318753.993, 97
Trd, 4318754.443, 98
Trd, 4318755.093, 104
Trd, 4318756.693, 93
Trd, 4318761.593, 95
Trd, 4318762.993, 99
Trd, 4318765.643, 95
Trd, 4318766.843, 93
Trd, 4318767.393, 93
Trd, 4318768.793, 98
Trd, 4318769.843, 90
Trd, 4318771.793, 90
Trd, 4318772.943, 95
Trd, 4318774.793, 91
Trd, 4318776.193, 96
Trd, 4318776.643, 97
Trd, 4318777.643, 101
Trd, 4318778.993, 81
Trd, 4318780.843, 73
Trd, 4318782.293, 95
Trd, 4318784.343, 104
Trd, 4318785.243, 94
Trd, 4318786.243, 101
Trd, 4318786.743, 98
Trd, 4318787.593, 95
Trd, 4318788.793, 95
Trd, 4318789.793, 97
Trd, 4318796.443, 96
Trd, 4318796.843, 98
Trd, 4318798.693, 96
Trd, 4318802.293, 96
Trd, 4318807.343, 98
Trd, 4318807.493, 99
Trd, 4318808.443, 95
Trd, 4318809.543, 95
Trd, 4318811.643, 97
Trd, 4318813.293, 96
Trd, 4318820.693, 97
Trd, 4318821.893, 98
Trd, 4318822.693, 96
Trd, 4318825.193, 98
Trd, 4318826.393, 95
Trd, 4318827.643, 98
Trd, 4318828.593, 95
Trd, 4318832.993, 97
Trd, 4318833.193, 98
Trd, 4318833.643, 96
Trd, 4318837.993, 96
Trd, 4318840.943, 92
Trd, 4318843.143, 95
Trd, 4318843.343, 94
Trd, 4318845.293, 93
Trd, 4318845.343, 95
Trd, 4318846.293, 95
Trd, 4318848.393, 94
Trd, 4318849.793, 85
Trd, 4318850.493, 91
Trd, 4318852.293, 90
Trd, 4318852.543, 84
Trd, 4318854.993, 90
Trd, 4318857.093, 86
Trd, 4318857.993, 95
Trd, 4318858.593, 87
Trd, 4318860.993, 92
Trd, 4318862.443, 94
Trd, 4318862.743, 95
Trd, 4318865.543, 97
Trd, 4318866.293, 97
Trd, 4318866.843, 104
Trd, 4318866.893, 96
Trd, 4318870.943, 98
Trd, 4318870.993, 97
Trd, 4318872.843, 96
Trd, 4318873.893, 95
Trd, 4318876.993, 97
Trd, 4318877.243, 97
Trd, 4318879.593, 97
Trd, 4318879.793, 95
Trd, 4318882.743, 104
Trd, 4318883.293, 98
Trd, 4318883.493, 97
Trd, 4318885.943, 75
Trd, 4318886.093, 74
Trd, 4318887.843, 98
Trd, 4318890.243, 97
Trd, 4318891.443, 98
Trd, 4318892.793, 96
Trd, 4318892.893, 98
Trd, 4318895.993, 101
Trd, 4318896.343, 104
Trd, 4318898.193, 106
Trd, 4318898.593, 94
Trd, 4318899.943, 71
Trd, 4318902.393, 98
Trd, 4318902.643, 95
Trd, 4318902.843, 93
Trd, 4318906.993, 94
Trd, 4318911.693, 98
Trd, 4318911.843, 94
Trd, 4318913.943, 94
Trd, 4318915.243, 93
Trd, 4318921.843, 94
Trd, 4318922.043, 94
Trd, 4318923.193, 94
Trd, 4318925.993, 95
Trd, 4318926.643, 95
Trd, 4318928.943, 96
Trd, 4318930.093, 94
Trd, 4318933.843, 96
Trd, 4318934.193, 93
Trd, 4318937.043, 94
Trd, 4318938.293, 96
Trd, 4318942.543, 96
Trd, 4318944.743, 95
Trd, 4318945.043, 93
Trd, 4318946.493, 93
Trd, 4318948.043, 92
Trd, 4318952.393, 91
Trd, 4318952.993, 91
Trd, 4318959.393, 96
Trd, 4318960.743, 92
Trd, 4318961.143, 93
Trd, 4318964.043, 92
Trd, 4318964.193, 95
Trd, 4318965.693, 92
Trd, 4318967.743, 92
Trd, 4318969.543, 95
Trd, 4318972.393, 95
Trd, 4318972.993, 95
Trd, 4318975.593, 92
Trd, 4318975.893, 95
Trd, 4318977.493, 91
Trd, 4318980.843, 91
Trd, 4318981.443, 91
Trd, 4318983.143, 91
Trd, 4318984.493, 94
Trd, 4318986.743, 95
Trd, 4318987.443, 92
Trd, 4318988.543, 95
Trd, 4318988.993, 93
Trd, 4318991.493, 91
Trd, 4318993.143, 95
Trd, 4318994.343, 94
Trd, 4318996.893, 94
Trd, 4318996.993, 95
Trd, 4318997.093, 93
Trd, 4319000.093, 94
Trd, 4319000.343, 93
Trd, 4319001.293, 93
Trd, 4319003.293, 95
Trd, 4319005.993, 96
Trd, 4319007.193, 96
Trd, 4319011.643, 99
Trd, 4319011.943, 97
Trd, 4319014.043, 97
Trd, 4319014.343, 96
Trd, 4319015.893, 95
Trd, 4319022.993, 94
Trd, 4319024.193, 97
Trd, 4319025.393, 97
Trd, 4319028.943, 98
Trd, 4319029.093, 96
Trd, 4319029.993, 97
Trd, 4319031.093, 96
Trd, 4319032.593, 70
Trd, 4319035.143, 83
Trd, 4319039.093, 97
Trd, 4319042.093, 92
Trd, 4319042.893, 96
Trd, 4319044.243, 91
Trd, 4319046.493, 91
Trd, 4319046.643, 95
Trd, 4319048.893, 93
Trd, 4319050.193, 95
Trd, 4319052.943, 97
Trd, 4319053.543, 94
Trd, 4319053.843, 87
Trd, 4319054.693, 105
Trd, 4319055.993, 89
Trd, 4319057.993, 88
Trd, 4319058.393, 97
Trd, 4319060.143, 95
Trd, 4319061.693, 98
Trd, 4319066.993, 97
Trd, 4319067.743, 96
Trd, 4319068.643, 97
Trd, 4319071.293, 95
Trd, 4319075.143, 97
Trd, 4319075.593, 94
Trd, 4319076.093, 94
Trd, 4319079.743, 97
Trd, 4319080.293, 100
Trd, 4319083.043, 98
Trd, 4319084.293, 97
Trd, 4319087.093, 96
Trd, 4319090.943, 98
Trd, 4319091.643, 95
Trd, 4319094.143, 94
Trd, 4319094.793, 75
Trd, 4319102.743, 93
Trd, 4319103.643, 93
Trd, 4319107.543, 92
Trd, 4319107.943, 91
Trd, 4319109.243, 90
Trd, 4319114.793, 90
Trd, 4319115.993, 95
Trd, 4319118.793, 92
Trd, 4319120.093, 94
Trd, 4319121.543, 92
Trd, 4319123.043, 95
Trd, 4319123.843, 95
Trd, 4319126.393, 91
Trd, 4319127.343, 95
Trd, 4319130.293, 95
Trd, 4319130.343, 92
Trd, 4319134.093, 92
Trd, 4319134.443, 95
Trd, 4319135.143, 95
Trd, 4319137.093, 97
Trd, 4319138.843, 95
Trd, 4319141.543, 94
Trd, 4319144.893, 95
Trd, 4319147.443, 93
Trd, 4319147.743, 93
Trd, 4319148.043, 91
Trd, 4319150.393, 92
Trd, 4319155.243, 95
Trd, 4319158.143, 92
Trd, 4319159.593, 95
Trd, 4319160.093, 94
Trd, 4319160.543, 101
Trd, 4319161.093, 100
Trd, 4319162.643, 102
Trd, 4319164.443, 101
Trd, 4319165.793, 100
Trd, 4319168.393, 101
Trd, 4319169.043, 98
Trd, 4319170.543, 90
Trd, 4319171.593, 95
Trd, 4319173.343, 97
Trd, 4319175.043, 95
Trd, 4319176.043, 91
Trd, 4319179.543, 94
Trd, 4319181.843, 96
Trd, 4319182.243, 94
Trd, 4319182.843, 95
Trd, 4319187.243, 93
Trd, 4319190.343, 93
Trd, 4319190.943, 96
Trd, 4319191.093, 92
Trd, 4319193.493, 91
Trd, 4319195.243, 94
Trd, 4319196.543, 94
Trd, 4319198.193, 91
Trd, 4319198.293, 95
Trd, 4319199.993, 91
Trd, 4319200.593, 94
Trd, 4319200.643, 91
Trd, 4319201.393, 91
Trd, 4319202.793, 91
Trd, 4319205.043, 94
Trd, 4319207.043, 90
Trd, 4319207.293, 95
Trd, 4319209.543, 89
Trd, 4319211.043, 94
Trd, 4319213.943, 94
Trd, 4319214.193, 90
Trd, 4319217.093, 95
Trd, 4319219.593, 94
Trd, 4319220.443, 95
Trd, 4319220.543, 96
Trd, 4319221.993, 92
Trd, 4319223.943, 95
Trd, 4319224.043, 92
Trd, 4319224.493, 95
Trd, 4319226.493, 93
Trd, 4319230.043, 94
Trd, 4319231.793, 95
Trd, 4319232.743, 96
Trd, 4319235.693, 102
Trd, 4319236.093, 98
Trd, 4319236.843, 95
Trd, 4319239.443, 97
Trd, 4319241.393, 96
Trd, 4319242.393, 98
Trd, 4319243.693, 101
Trd, 4319245.443, 99
Trd, 4319245.693, 105
Trd, 4319247.093, 112
Trd, 4319249.493, 110
Trd, 4319250.793, 110
Trd, 4319252.493, 103
Trd, 4319252.643, 90
Trd, 4319252.743, 85
Trd, 4319257.443, 91
Trd, 4319258.243, 94
Trd, 4319259.393, 98
Trd, 4319262.393, 104
Trd, 4319263.193, 108
Trd, 4319263.243, 98
Trd, 4319263.743, 96
Trd, 4319266.743, 101
Trd, 4319271.443, 100
Trd, 4319272.943, 100
Trd, 4319273.093, 98
Trd, 4319276.043, 99
Trd, 4319276.093, 102
Trd, 4319276.843, 97
Trd, 4319284.243, 97
Trd, 4319286.593, 97
Trd, 4319290.093, 97
Trd, 4319293.243, 95
Trd, 4319295.193, 93
Trd, 4319297.643, 92
Trd, 4319298.093, 98
Trd, 4319298.893, 96
Trd, 4319303.893, 95
Trd, 4319307.093, 97
Trd, 4319309.593, 96
Trd, 4319309.643, 95
Trd, 4319313.093, 95
Trd, 4319315.093, 97
Trd, 4319316.443, 94
Trd, 4319317.793, 97
Trd, 4319318.393, 97
Trd, 4319319.243, 95
Trd, 4319320.093, 93
Trd, 4319322.543, 96
Trd, 4319322.693, 97
Trd, 4319323.243, 95
Trd, 4319325.643, 94
Trd, 4319328.093, 94
Trd, 4319329.493, 95
Trd, 4319331.043, 95
Trd, 4319333.143, 94
Trd, 4319334.843, 95
Trd, 4319335.993, 97
Trd, 4319338.143, 94
Trd, 4319339.043, 96
Trd, 4319339.393, 97
Trd, 4319341.543, 95
Trd, 4319345.393, 96
Trd, 4319346.793, 93
Trd, 4319348.093, 96
Trd, 4319350.893, 94
Trd, 4319353.443, 96
Trd, 4319353.793, 93
Trd, 4319354.243, 96
Trd, 4319354.493, 93
Trd, 4319357.093, 91
Trd, 4319358.193, 76
Trd, 4319359.193, 94
Trd, 4319359.793, 95
Trd, 4319360.843, 96
Trd, 4319361.793, 93
Trd, 4319364.243, 95
Trd, 4319364.343, 95
Trd, 4319364.943, 96
Trd, 4319371.893, 96
Trd, 4319372.643, 94
Trd, 4319376.343, 94
Trd, 4319376.843, 89
Trd, 4319379.193, 95
Trd, 4319381.093, 95
Trd, 4319381.143, 93
Trd, 4319382.593, 104
Trd, 4319382.943, 97
Trd, 4319384.393, 98
Trd, 4319386.193, 95
Trd, 4319387.093, 97
Trd, 4319389.393, 95
Trd, 4319390.193, 93
Trd, 4319392.843, 97
Trd, 4319393.943, 94
Trd, 4319394.643, 97
Trd, 4319397.743, 93
Trd, 4319399.093, 97
Trd, 4319400.193, 93
Trd, 4319401.143, 94
Trd, 4319404.793, 97
Trd, 4319406.493, 94
Trd, 4319407.393, 95
Trd, 4319408.593, 97
Trd, 4319411.693, 92
Trd, 4319412.793, 94
Trd, 4319416.793, 94
Trd, 4319417.593, 97
Trd, 4319417.943, 97
Trd, 4319418.093, 93
Trd, 4319421.443, 97
Trd, 4319423.243, 110
Trd, 4319423.743, 107
Trd, 4319424.593, 99
Trd, 4319425.943, 101
Trd, 4319428.093, 100
Trd, 4319429.243, 102
Trd, 4319429.543, 102
Trd, 4319430.993, 66
Trd, 4319434.343, 96
Trd, 4319435.043, 94
Trd, 4319436.443, 94
Trd, 4319437.593, 94
Trd, 4319440.093, 98
Trd, 4319441.893, 96
Trd, 4319444.393, 96
Trd, 4319449.943, 95
Trd, 4319450.143, 98
Trd, 4319450.693, 101
Trd, 4319452.443, 100
Trd, 4319453.543, 98
Trd, 4319455.193, 97
Trd, 4319458.493, 99
Trd, 4319460.643, 97
Trd, 4319461.193, 100
Trd, 4319463.643, 96
Trd, 4319465.593, 99
Trd, 4319466.893, 97
Trd, 4319468.843, 95
Trd, 4319471.643, 95
Trd, 4319476.643, 98
Trd, 4319477.093, 96
Trd, 4319480.243, 97
Trd, 4319481.393, 96
Trd, 4319483.393, 94
Trd, 4319483.993, 92
Trd, 4319485.743, 92
Trd, 4319486.193, 92
Trd, 4319489.143, 92
Trd, 4319489.293, 94
Trd, 4319490.393, 93
Trd, 4319493.893, 95
Trd, 4319495.593, 92
Trd, 4319497.543, 91
Trd, 4319498.193, 94
Trd, 4319500.993, 95
Trd, 4319503.343, 90
Trd, 4319503.943, 95
Trd, 4319505.193, 104
Trd, 4319505.943, 97
Trd, 4319506.993, 96
Trd, 4319508.143, 97
Trd, 4319508.743, 95
Trd, 4319512.943, 97
Trd, 4319513.343, 79
Trd, 4319519.293, 93
Trd, 4319522.993, 93
Trd, 4319523.243, 95
Trd, 4319526.743, 92
Trd, 4319527.993, 95
Trd, 4319530.343, 94
Trd, 4319534.743, 94
Trd, 4319534.893, 93
Trd, 4319535.893, 95
Trd, 4319539.943, 93
Trd, 4319541.643, 94
Trd, 4319542.193, 95
Trd, 4319542.543, 91
Trd, 4319543.143, 95
Trd, 4319546.293, 95
Trd, 4319546.343, 92
Trd, 4319547.143, 92
Trd, 4319549.243, 95
Trd, 4319550.243, 94
Trd, 4319552.093, 95
Trd, 4319555.943, 94
Trd, 4319559.943, 95
Trd, 4319560.743, 93
Trd, 4319561.193, 93
Trd, 4319564.443, 94
Trd, 4319566.043, 95
Trd, 4319567.393, 94
Trd, 4319568.743, 95
Trd, 4319570.793, 97
Trd, 4319571.143, 95
Trd, 4319572.743, 102
Trd, 4319573.593, 100
Trd, 4319574.693, 97
Trd, 4319577.393, 101
Trd, 4319577.593, 99
Trd, 4319579.343, 98
Trd, 4319583.343, 104
Trd, 4319583.793, 99
Trd, 4319585.593, 99
Trd, 4319588.543, 99
Trd, 4319589.993, 99
Trd, 4319592.393, 98
Trd, 4319592.643, 98
Trd, 4319593.293, 95
Trd, 4319593.943, 94
Trd, 4319595.793, 95
Trd, 4319596.593, 92
Trd, 4319599.643, 96
Trd, 4319600.143, 96
Trd, 4319602.943, 97
Trd, 4319605.243, 96
Trd, 4319606.293, 97
Trd, 4319608.393, 100
Trd, 4319609.093, 97
Trd, 4319610.593, 99
Trd, 4319612.093, 102
Trd, 4319612.893, 91
Trd, 4319614.843, 96
Trd, 4319616.893, 95
Trd, 4319621.543, 94
Trd, 4319621.643, 94
Trd, 4319623.193, 98
Trd, 4319623.743, 95
Trd, 4319625.793, 96
Trd, 4319629.243, 98
Trd, 4319629.943, 97
Trd, 4319633.893, 96
Trd, 4319634.293, 96
Trd, 4319635.643, 97
Trd, 4319636.543, 98
Trd, 4319640.143, 96
Trd, 4319644.493, 95
Trd, 4319649.293, 99
Trd, 4319649.443, 105
Trd, 4319649.993, 104
Trd, 4319650.443, 104
Trd, 4319650.743, 94
Trd, 4319653.143, 104
Trd, 4319653.893, 108
Trd, 4319654.143, 108
Trd, 4319654.743, 107
Trd, 4319658.793, 107
Trd, 4319659.043, 106
Trd, 4319663.843, 89
Trd, 4319664.843, 96
Trd, 4319665.693, 95
Trd, 4319667.143, 94
Trd, 4319667.993, 93
Trd, 4319668.493, 95
Trd, 4319671.193, 94
Trd, 4319671.343, 90
Trd, 4319672.993, 95
Trd, 4319674.893, 97
Trd, 4319675.143, 97
Trd, 4319677.693, 86
Trd, 4319680.943, 93
Trd, 4319681.093, 95
Trd, 4319684.393, 94
Trd, 4319685.893, 95
Trd, 4319686.193, 95
Trd, 4319686.543, 93
Trd, 4319689.443, 95
Trd, 4319691.293, 99
Trd, 4319694.043, 101
Trd, 4319694.343, 89
Trd, 4319694.493, 84
Trd, 4319696.193, 93
Trd, 4319697.993, 91
Trd, 4319699.643, 99
Trd, 4319700.443, 99
Trd, 4319700.693, 97
Trd, 4319703.493, 97
Trd, 4319704.143, 97
Trd, 4319705.393, 93
Trd, 4319705.793, 86
Trd, 4319707.443, 95
Trd, 4319709.293, 96
Trd, 4319711.093, 95
Trd, 4319716.843, 94
Trd, 4319719.193, 93
Trd, 4319722.593, 92
Trd, 4319723.243, 91
Trd, 4319723.643, 103
Trd, 4319725.043, 98
Trd, 4319725.393, 103
Trd, 4319726.443, 100
Trd, 4319728.093, 73
Trd, 4319731.093, 95
Trd, 4319734.643, 95
Trd, 4319739.443, 99
Trd, 4319739.543, 96
Trd, 4319741.143, 98
Trd, 4319741.393, 87
Trd, 4319744.493, 96
Trd, 4319745.243, 94
Trd, 4319745.693, 93
Trd, 4319747.343, 95
Trd, 4319749.543, 94
Trd, 4319750.493, 96
Trd, 4319751.143, 93
Trd, 4319753.943, 97
Trd, 4319754.343, 96
Trd, 4319754.943, 88
Trd, 4319759.143, 93
Trd, 4319759.993, 96
Trd, 4319760.643, 104
Trd, 4319760.843, 94
Trd, 4319764.243, 93
Trd, 4319764.793, 95
Trd, 4319766.143, 94
Trd, 4319770.143, 94
Trd, 4319772.143, 95
Trd, 4319772.993, 93
Trd, 4319776.293, 92
Trd, 4319777.043, 92
Trd, 4319780.943, 95
Trd, 4319783.093, 95
Trd, 4319783.393, 94
Trd, 4319783.893, 94
Trd, 4319785.293, 95
Trd, 4319785.393, 93
Trd, 4319787.793, 92
Trd, 4319788.743, 95
Trd, 4319792.093, 104
Trd, 4319792.743, 99
Trd, 4319794.643, 102
Trd, 4319795.643, 101
Trd, 4319796.643, 98
Trd, 4319798.543, 107
Trd, 4319798.993, 106
Trd, 4319800.393, 114
Trd, 4319800.793, 113
Trd, 4319804.243, 107
Trd, 4319805.843, 109
Trd, 4319805.893, 108
Trd, 4319809.793, 76
Trd, 4319811.643, 103
Trd, 4319812.193, 107
Trd, 4319812.743, 100
Trd, 4319813.293, 93
Trd, 4319817.343, 98
Trd, 4319821.893, 101
Trd, 4319823.493, 101
Trd, 4319825.243, 100
Trd, 4319829.793, 101
Trd, 4319831.743, 100
Trd, 4319833.193, 100
Trd, 4319833.643, 91
Trd, 4319838.793, 100
Trd, 4319842.843, 100
Trd, 4319846.943, 104
Trd, 4319847.643, 100
Trd, 4319849.093, 100
Trd, 4319856.243, 99
Trd, 4319856.843, 99
Trd, 4319858.493, 104
Trd, 4319859.993, 104
Trd, 4319860.943, 102
Trd, 4319862.443, 100
Trd, 4319864.593, 104
Trd, 4319867.443, 100
Trd, 4319867.593, 100
Trd, 4319873.793, 100
Trd, 4319873.893, 98
Trd, 4319874.043, 93
Trd, 4319878.793, 95
Trd, 4319879.343, 93
Trd, 4319880.843, 95
Trd, 4319881.343, 92
Trd, 4319881.843, 103
Trd, 4319883.393, 95
Trd, 4319886.893, 95
Trd, 4319888.993, 102
Trd, 4319889.643, 95
Trd, 4319891.393, 96
Trd, 4319892.793, 94
Trd, 4319893.893, 103
Trd, 4319894.893, 101
Trd, 4319895.243, 104
Trd, 4319897.793, 99
Trd, 4319898.893, 98
Trd, 4319902.843, 99
Trd, 4319903.443, 98
Trd, 4319906.693, 97
Trd, 4319908.643, 96
Trd, 4319911.693, 101
Trd, 4319912.843, 94
Trd, 4319913.793, 79
Trd, 4319917.843, 94
Trd, 4319920.543, 91
Trd, 4319921.843, 91
Trd, 4319923.293, 97
Trd, 4319923.343, 94
Trd, 4319924.043, 95
Trd, 4319926.043, 95
Trd, 4319926.143, 94
Trd, 4319928.243, 78
Trd, 4319930.993, 104
Trd, 4319931.043, 100
Trd, 4319932.043, 124
Trd, 4319932.343, 92
Trd, 4319933.093, 107
Trd, 4319934.293, 111
Trd, 4319935.193, 105
Trd, 4319937.093, 79
Trd, 4319937.643, 103
Trd, 4319939.293, 66
Trd, 4319941.143, 100
Trd, 4319943.593, 119
Trd, 4319944.043, 121
Trd, 4319945.493, 108
Trd, 4319947.243, 107
Trd, 4319948.743, 107
Trd, 4319950.093, 71
Trd, 4319951.493, 95
Trd, 4319952.693, 90
Trd, 4319954.943, 96
Trd, 4319955.293, 97
Trd, 4319955.943, 92
Trd, 4319958.493, 91
Trd, 4319960.343, 93
Trd, 4319962.693, 92
Trd, 4319964.443, 97
Trd, 4319965.843, 94
Trd, 4319967.243, 97
Trd, 4319968.443, 102
Trd, 4319968.993, 100
Trd, 4319969.243, 96
Trd, 4319971.793, 96
Trd, 4319972.093, 98
Trd, 4319974.643, 109
Trd, 4319974.793, 101
Trd, 4319976.193, 103
Trd, 4319976.793, 102
Trd, 4319977.843, 81
Trd, 4319979.043, 91
Trd, 4319980.293, 107
Trd, 4319983.043, 93
Trd, 4319983.093, 99
Trd, 4319984.043, 94
Trd, 4319989.443, 95
Trd, 4319991.743, 94
Trd, 4319991.843, 93
Trd, 4319992.493, 95
Trd, 4319996.593, 92
Trd, 4319999.593, 91
