Trd, 4317813.843, 99
Trd, 4317818.943, 100
Trd, 4317819.643, 104
Trd, 4317820.343, 99
Trd, 4317823.193, 99
Trd, 4317824.343, 98
Trd, 4317824.393, 98
Trd, 4317825.593, 121
Trd, 4317826.043, 112
Trd, 4317827.143, 105
Trd, 4317828.493, 101
Trd, 4317831.093, 103
Trd, 4317832.093, 103
Trd, 4317835.543, 100
Trd, 4317836.343, 104
Trd, 4317836.693, 101
Trd, 4317838.593, 99
Trd, 4317839.893, 101
Trd, 4317841.993, 100
Trd, 4317843.143, 99
Trd, 4317844.343, 98
Trd, 4317844.443, 100
Trd, 4317844.493, 118
Trd, 4317844.943, 121
Trd, 4317848.243, 103
Trd, 4317848.693, 102
Trd, 4317849.693, 95
Trd, 4317850.993, 102
Trd, 4317851.443, 104
Trd, 4317854.093, 93
Trd, 4317854.193, 112
Trd, 4317855.693, 101
Trd, 4317858.993, 100
Trd, 4317860.043, 100
Trd, 4317860.993, 103
Trd, 4317864.093, 99
Trd, 4317865.693, 100
Trd, 4317866.443, 98
Trd, 4317867.993, 96
Trd, 4317870.693, 90
Trd, 4317871.593, 96
Trd, 4317871.843, 97
Trd, 4317874.343, 98
Trd, 4317875.893, 104
Trd, 4317876.093, 115
Trd, 4317879.193, 97
Trd, 4317883.993, 98
Trd, 4317885.643, 96
Trd, 4317885.893, 96
Trd, 4317886.993, 105
Trd, 4317887.343, 114
Trd, 4317887.543, 95
Trd, 4317891.993, 96
Trd, 4317893.643, 95
Trd, 4317893.743, 96
Trd, 4317894.993, 104
Trd, 4317897.293, 94
Trd, 4317898.793, 96
Trd, 4317898.943, 96
Trd, 4317899.993, 94
Trd, 4317902.793, 93
Trd, 4317904.093, 94
Trd, 4317906.343, 94
Trd, 4317906.843, 94
Trd, 4317907.893, 99
Trd, 4317910.943, 97
Trd, 4317913.343, 92
Trd, 4317913.943, 93
Trd, 4317914.343, 93
Trd, 4317914.393, 94
Trd, 4317917.493, 94
Trd, 4317918.443, 103
Trd, 4317922.643, 96
Trd, 4317922.743, 91
Trd, 4317923.543, 96
Trd, 4317926.993, 100
Trd, 4317933.143, 94
Trd, 4317934.693, 95
Trd, 4317934.943, 95
Trd, 4317936.843, 104
Trd, 4317937.343, 99
Trd, 4317938.943, 96
Trd, 4317939.843, 96
Trd, 4317942.243, 95
Trd, 4317943.993, 94
Trd, 4317944.193, 96
Trd, 4317946.493, 104
Trd, 4317950.093, 93
Trd, 4317950.193, 93
Trd, 4317950.893, 104
Trd, 4317954.093, 96
Trd, 4317954.243, 93
Trd, 4317955.693, 94
Trd, 4317958.143, 93
Trd, 4317959.343, 92
Trd, 4317959.893, 104
Trd, 4317961.643, 91
Trd, 4317962.643, 97
Trd, 4317964.243, 98
Trd, 4317965.693, 95
Trd, 4317967.793, 102
Trd, 4317971.643, 97
Trd, 4317971.843, 98
Trd, 4317972.093, 94
Trd, 4317975.693, 97
Trd, 4317976.093, 95
Trd, 4317976.343, 94
Trd, 4317978.143, 96
Trd, 4317978.543, 101
Trd, 4317980.493, 95
Trd, 4317981.643, 101
Trd, 4317985.343, 97
Trd, 4317987.293, 94
Trd, 4317990.243, 96
Trd, 4317991.593, 97
Trd, 4317993.343, 97
Trd, 4317995.493, 96
Trd, 4317997.943, 96
Trd, 4317998.243, 97
Trd, 4318001.493, 97
Trd, 4318003.243, 95
Trd, 4318003.393, 104
Trd, 4318004.393, 101
Trd, 4318007.543, 96
Trd, 4318007.893, 94
Trd, 4318008.743, 95
Trd, 4318010.743, 97
Trd, 4318011.543, 95
Trd, 4318011.893, 94
Trd, 4318013.693, 95
Trd, 4318015.743, 101
Trd, 4318018.843, 97
Trd, 4318019.543, 104
Trd, 4318019.893, 93
Trd, 4318020.693, 116
Trd, 4318023.993, 101
Trd, 4318024.693, 98
Trd, 4318026.143, 99
Trd, 4318026.843, 98
Trd, 4318027.343, 103
Trd, 4318028.693, 114
Trd, 4318028.993, 93
Trd, 4318029.043, 117
Trd, 4318031.193, 104
Trd, 4318034.793, 101
Trd, 4318036.643, 97
Trd, 4318037.993, 99
Trd, 4318038.193, 115
Trd, 4318040.443, 97
Trd, 4318040.543, 98
Trd, 4318043.593, 100
Trd, 4318044.393, 100
Trd, 4318048.643, 97
Trd, 4318052.293, 97
Trd, 4318053.593, 96
Trd, 4318053.843, 95
Trd, 4318054.193, 93
Trd, 4318056.493, 96
Trd, 4318057.543, 104
Trd, 4318060.943, 96
Trd, 4318061.693, 96
Trd, 4318062.743, 104
Trd, 4318063.393, 97
Trd, 4318063.943, 105
Trd, 4318066.343, 101
Trd, 4318066.543, 103
Trd, 4318067.293, 104
Trd, 4318069.093, 104
Trd, 4318071.093, 100
Trd, 4318072.243, 99
Trd, 4318072.993, 101
Trd, 4318077.243, 98
Trd, 4318077.293, 98
Trd, 4318080.493, 93
Trd, 4318080.543, 99
Trd, 4318082.093, 99
Trd, 4318084.593, 96
Trd, 4318084.993, 97
Trd, 4318086.893, 95
Trd, 4318087.143, 99
Trd, 4318090.093, 98
Trd, 4318093.293, 94
Trd, 4318095.293, 93
Trd, 4318095.493, 94
Trd, 4318096.993, 104
Trd, 4318097.943, 122
Trd, 4318100.893, 101
Trd, 4318102.043, 106
Trd, 4318103.143, 112
Trd, 4318103.543, 103
Trd, 4318106.393, 99
Trd, 4318107.193, 99
Trd, 4318108.143, 99
Trd, 4318110.693, 102
Trd, 4318110.843, 99
Trd, 4318113.243, 102
Trd, 4318114.193, 104
Trd, 4318116.893, 100
Trd, 4318118.293, 98
Trd, 4318120.093, 99
Trd, 4318122.293, 97
Trd, 4318124.193, 96
Trd, 4318124.593, 99
Trd, 4318125.743, 95
Trd, 4318125.893, 94
Trd, 4318128.343, 91
Trd, 4318128.393, 92
Trd, 4318132.343, 93
Trd, 4318133.293, 94
Trd, 4318134.593, 98
Trd, 4318135.093, 100
Trd, 4318135.593, 95
Trd, 4318137.543, 94
Trd, 4318138.393, 104
Trd, 4318139.093, 98
Trd, 4318140.093, 99
Trd, 4318142.893, 93
Trd, 4318143.143, 99
Trd, 4318143.193, 106
Trd, 4318145.493, 99
Trd, 4318148.493, 92
Trd, 4318150.143, 95
Trd, 4318153.743, 91
Trd, 4318154.343, 91
Trd, 4318155.093, 91
Trd, 4318156.343, 90
Trd, 4318156.693, 92
Trd, 4318158.693, 91
Trd, 4318162.243, 104
Trd, 4318163.743, 92
Trd, 4318164.593, 93
Trd, 4318165.493, 92
Trd, 4318166.393, 91
Trd, 4318166.593, 92
Trd, 4318169.243, 102
Trd, 4318172.293, 91
Trd, 4318173.293, 94
Trd, 4318174.593, 93
Trd, 4318175.993, 100
Trd, 4318176.493, 104
Trd, 4318179.643, 102
Trd, 4318180.193, 101
Trd, 4318180.393, 103
Trd, 4318181.693, 101
Trd, 4318181.743, 104
Trd, 4318182.393, 101
Trd, 4318184.793, 101
Trd, 4318185.793, 103
Trd, 4318188.143, 101
Trd, 4318189.143, 100
Trd, 4318191.993, 100
Trd, 4318192.393, 101
Trd, 4318194.343, 99
Trd, 4318194.693, 99
Trd, 4318196.693, 104
Trd, 4318197.693, 102
Trd, 4318197.993, 115
Trd, 4318201.243, 100
Trd, 4318201.693, 106
Trd, 4318201.843, 104
Trd, 4318202.443, 114
Trd, 4318202.893, 102
Trd, 4318204.743, 85
Trd, 4318208.843, 94
Trd, 4318209.943, 95
Trd, 4318209.993, 96
Trd, 4318211.843, 96
Trd, 4318212.993, 97
Trd, 4318216.143, 95
Trd, 4318216.243, 95
Trd, 4318216.443, 91
Trd, 4318219.043, 94
Trd, 4318219.193, 103
Trd, 4318219.293, 104
Trd, 4318222.743, 95
Trd, 4318224.343, 94
Trd, 4318225.293, 96
Trd, 4318226.043, 104
Trd, 4318229.243, 97
Trd, 4318230.543, 94
Trd, 4318233.243, 93
Trd, 4318233.993, 94
Trd, 4318237.843, 93
Trd, 4318242.643, 93
Trd, 4318244.243, 93
Trd, 4318245.493, 92
Trd, 4318247.393, 93
Trd, 4318247.843, 92
Trd, 4318251.843, 91
Trd, 4318255.093, 90
Trd, 4318255.593, 92
Trd, 4318258.293, 93
Trd, 4318258.343, 103
Trd, 4318259.343, 94
Trd, 4318261.343, 104
Trd, 4318261.893, 116
Trd, 4318265.593, 97
Trd, 4318267.743, 97
Trd, 4318271.343, 93
Trd, 4318274.593, 89
Trd, 4318274.843, 93
Trd, 4318277.493, 93
Trd, 4318280.143, 92
Trd, 4318281.693, 88
Trd, 4318281.893, 93
Trd, 4318282.343, 105
Trd, 4318284.493, 100
Trd, 4318288.443, 96
Trd, 4318288.793, 90
Trd, 4318291.493, 93
Trd, 4318292.493, 95
Trd, 4318293.143, 95
Trd, 4318295.743, 94
Trd, 4318296.093, 95
Trd, 4318298.543, 94
Trd, 4318300.043, 93
Trd, 4318300.293, 92
Trd, 4318302.443, 94
Trd, 4318303.893, 94
Trd, 4318305.393, 95
Trd, 4318306.743, 96
Trd, 4318307.893, 95
Trd, 4318308.443, 93
Trd, 4318313.043, 94
Trd, 4318313.943, 92
Trd, 4318314.243, 92
Trd, 4318314.743, 103
Trd, 4318318.093, 101
Trd, 4318319.093, 100
Trd, 4318319.943, 101
Trd, 4318320.993, 98
Trd, 4318324.343, 94
Trd, 4318324.443, 95
Trd, 4318325.343, 105
Trd, 4318327.143, 97
Trd, 4318328.793, 95
Trd, 4318331.643, 96
Trd, 4318332.193, 96
Trd, 4318333.693, 84
Trd, 4318335.143, 112
Trd, 4318336.943, 105
Trd, 4318338.243, 112
Trd, 4318340.543, 101
Trd, 4318340.993, 101
Trd, 4318342.343, 97
Trd, 4318342.893, 98
Trd, 4318344.943, 103
Trd, 4318345.043, 104
Trd, 4318349.793, 103
Trd, 4318351.643, 101
Trd, 4318352.743, 98
Trd, 4318354.693, 104
Trd, 4318355.393, 98
Trd, 4318355.843, 101
Trd, 4318357.243, 98
Trd, 4318358.293, 98
Trd, 4318360.543, 99
Trd, 4318364.043, 97
Trd, 4318364.793, 113
Trd, 4318365.543, 106
Trd, 4318368.593, 98
Trd, 4318369.743, 98
Trd, 4318372.643, 102
Trd, 4318373.593, 105
Trd, 4318374.143, 108
Trd, 4318374.543, 103
Trd, 4318376.393, 95
Trd, 4318378.293, 105
Trd, 4318378.843, 102
Trd, 4318379.243, 105
Trd, 4318382.143, 103
Trd, 4318383.143, 101
Trd, 4318383.443, 100
Trd, 4318386.843, 97
Trd, 4318386.943, 97
Trd, 4318389.393, 98
Trd, 4318390.443, 97
Trd, 4318390.643, 101
Trd, 4318391.343, 104
Trd, 4318393.243, 100
Trd, 4318395.993, 96
Trd, 4318396.993, 98
Trd, 4318398.893, 94
Trd, 4318401.293, 96
Trd, 4318403.393, 94
Trd, 4318403.643, 95
Trd, 4318404.643, 94
Trd, 4318405.143, 108
Trd, 4318406.793, 101
Trd, 4318407.393, 100
Trd, 4318408.493, 93
Trd, 4318410.643, 94
Trd, 4318410.893, 98
Trd, 4318411.443, 105
Trd, 4318412.393, 102
Trd, 4318414.193, 108
Trd, 4318415.943, 103
Trd, 4318416.543, 104
Trd, 4318417.793, 102
Trd, 4318420.143, 103
Trd, 4318420.393, 103
Trd, 4318421.343, 104
Trd, 4318423.043, 101
Trd, 4318423.893, 103
Trd, 4318424.143, 93
Trd, 4318427.293, 98
Trd, 4318427.893, 98
Trd, 4318427.993, 97
Trd, 4318429.993, 101
Trd, 4318430.443, 96
Trd, 4318431.143, 94
Trd, 4318432.793, 96
Trd, 4318436.443, 97
Trd, 4318438.343, 98
Trd, 4318438.743, 104
Trd, 4318439.793, 95
Trd, 4318443.893, 94
Trd, 4318444.743, 95
Trd, 4318446.843, 94
Trd, 4318447.893, 95
Trd, 4318447.993, 104
Trd, 4318452.293, 93
Trd, 4318456.543, 97
Trd, 4318457.343, 92
Trd, 4318461.343, 94
Trd, 4318462.093, 94
Trd, 4318463.443, 95
Trd, 4318464.093, 104
Trd, 4318464.943, 113
Trd, 4318465.093, 97
Trd, 4318469.143, 98
Trd, 4318472.143, 96
Trd, 4318472.543, 99
Trd, 4318474.243, 99
Trd, 4318474.993, 95
Trd, 4318476.293, 103
Trd, 4318477.143, 104
Trd, 4318481.243, 101
Trd, 4318481.343, 104
Trd, 4318482.043, 105
Trd, 4318482.193, 94
Trd, 4318486.693, 96
Trd, 4318487.593, 96
Trd, 4318488.843, 103
Trd, 4318489.493, 93
Trd, 4318490.943, 97
Trd, 4318495.593, 95
Trd, 4318496.293, 95
Trd, 4318498.243, 95
Trd, 4318498.293, 105
Trd, 4318502.443, 98
Trd, 4318506.293, 94
Trd, 4318506.543, 96
Trd, 4318506.793, 93
Trd, 4318506.893, 97
Trd, 4318509.293, 101
Trd, 4318516.143, 95
Trd, 4318517.343, 96
Trd, 4318518.093, 93
Trd, 4318518.743, 95
Trd, 4318520.243, 95
Trd, 4318520.943, 94
Trd, 4318523.243, 94
Trd, 4318524.743, 94
Trd, 4318525.293, 95
Trd, 4318526.893, 96
Trd, 4318530.143, 103
Trd, 4318531.593, 108
Trd, 4318532.143, 106
Trd, 4318533.193, 94
Trd, 4318535.593, 93
Trd, 4318536.193, 96
Trd, 4318536.343, 94
Trd, 4318537.243, 100
Trd, 4318537.643, 104
Trd, 4318540.143, 101
Trd, 4318542.243, 100
Trd, 4318543.143, 92
Trd, 4318543.393, 105
Trd, 4318544.843, 95
Trd, 4318548.343, 93
Trd, 4318548.543, 94
Trd, 4318549.793, 94
Trd, 4318549.993, 92
Trd, 4318551.843, 94
Trd, 4318553.343, 92
Trd, 4318553.393, 95
Trd, 4318554.443, 83
Trd, 4318556.193, 95
Trd, 4318557.893, 97
Trd, 4318560.593, 106
Trd, 4318561.193, 99
Trd, 4318561.643, 99
Trd, 4318565.643, 99
Trd, 4318567.443, 98
Trd, 4318569.943, 99
Trd, 4318570.543, 104
Trd, 4318572.543, 97
Trd, 4318575.193, 97
Trd, 4318576.993, 96
Trd, 4318577.593, 97
Trd, 4318577.793, 100
Trd, 4318579.143, 113
Trd, 4318579.993, 98
Trd, 4318581.143, 106
Trd, 4318581.843, 112
Trd, 4318583.593, 106
Trd, 4318584.343, 114
Trd, 4318585.643, 103
Trd, 4318587.843, 93
Trd, 4318588.643, 92
Trd, 4318589.143, 93
Trd, 4318590.243, 104
Trd, 4318592.293, 98
Trd, 4318594.693, 96
Trd, 4318595.893, 105
Trd, 4318597.093, 113
Trd, 4318600.643, 100
Trd, 4318600.843, 102
Trd, 4318605.293, 99
Trd, 4318606.893, 98
Trd, 4318608.593, 98
Trd, 4318609.543, 113
Trd, 4318610.843, 106
Trd, 4318613.243, 101
Trd, 4318613.743, 101
Trd, 4318617.243, 104
Trd, 4318617.693, 102
Trd, 4318620.643, 100
Trd, 4318621.943, 100
Trd, 4318622.243, 99
Trd, 4318623.193, 104
Trd, 4318625.093, 114
Trd, 4318627.543, 105
Trd, 4318629.343, 102
Trd, 4318629.843, 99
Trd, 4318633.443, 102
Trd, 4318634.893, 104
Trd, 4318638.193, 101
Trd, 4318638.743, 99
Trd, 4318640.643, 100
Trd, 4318642.693, 98
Trd, 4318644.343, 98
Trd, 4318644.393, 96
Trd, 4318644.493, 99
Trd, 4318648.793, 98
Trd, 4318649.193, 99
Trd, 4318649.443, 104
Trd, 4318653.993, 99
Trd, 4318655.593, 97
Trd, 4318658.343, 97
Trd, 4318658.593, 96
Trd, 4318659.393, 104
Trd, 4318659.493, 101
Trd, 4318659.993, 99
Trd, 4318661.843, 98
Trd, 4318662.393, 96
Trd, 4318664.043, 100
Trd, 4318665.543, 98
Trd, 4318666.493, 103
Trd, 4318668.043, 97
Trd, 4318671.993, 97
Trd, 4318673.493, 96
Trd, 4318674.243, 96
Trd, 4318674.343, 98
Trd, 4318675.243, 104
Trd, 4318676.643, 98
Trd, 4318677.243, 94
Trd, 4318679.443, 104
Trd, 4318682.743, 95
Trd, 4318684.493, 94
Trd, 4318685.643, 96
Trd, 4318685.743, 97
Trd, 4318687.693, 104
Trd, 4318688.743, 100
Trd, 4318694.093, 96
Trd, 4318694.343, 95
Trd, 4318696.043, 96
Trd, 4318696.993, 94
Trd, 4318699.793, 96
Trd, 4318703.243, 93
Trd, 4318704.243, 93
Trd, 4318704.943, 92
Trd, 4318705.293, 92
Trd, 4318705.493, 93
Trd, 4318708.943, 100
Trd, 4318708.993, 104
Trd, 4318712.343, 100
Trd, 4318713.343, 101
Trd, 4318714.743, 97
Trd, 4318716.643, 99
Trd, 4318717.593, 85
Trd, 4318718.143, 98
Trd, 4318720.293, 96
Trd, 4318721.193, 95
Trd, 4318721.343, 99
Trd, 4318721.393, 104
Trd, 4318723.093, 94
Trd, 4318724.693, 96
Trd, 4318725.043, 97
Trd, 4318726.743, 94
Trd, 4318730.193, 93
Trd, 4318731.343, 94
Trd, 4318734.393, 92
Trd, 4318734.493, 94
Trd, 4318738.093, 91
Trd, 4318740.493, 91
Trd, 4318741.793, 90
Trd, 4318742.193, 91
Trd, 4318744.493, 104
Trd, 4318744.893, 118
Trd, 4318748.943, 97
Trd, 4318749.093, 95
Trd, 4318750.293, 94
Trd, 4318750.793, 95
Trd, 4318752.893, 97
Trd, 4318755.193, 96
Trd, 4318757.543, 96
Trd, 4318758.393, 94
Trd, 4318761.093, 95
Trd, 4318762.343, 104
Trd, 4318764.743, 96
Trd, 4318764.943, 104
Trd, 4318766.793, 101
Trd, 4318767.643, 109
Trd, 4318767.943, 105
Trd, 4318770.043, 100
Trd, 4318770.893, 105
Trd, 4318771.193, 103
Trd, 4318773.293, 105
Trd, 4318773.593, 100
Trd, 4318774.493, 98
Trd, 4318776.643, 103
Trd, 4318777.443, 103
Trd, 4318780.043, 101
Trd, 4318780.493, 102
Trd, 4318781.893, 102
Trd, 4318782.993, 104
Trd, 4318784.693, 100
Trd, 4318785.043, 99
Trd, 4318786.993, 99
Trd, 4318790.243, 99
Trd, 4318790.543, 99
Trd, 4318790.693, 100
Trd, 4318791.093, 98
Trd, 4318795.143, 98
Trd, 4318795.793, 100
Trd, 4318797.893, 97
Trd, 4318799.143, 98
Trd, 4318799.693, 97
Trd, 4318802.243, 95
Trd, 4318802.593, 76
Trd, 4318803.943, 92
Trd, 4318806.993, 90
Trd, 4318807.343, 104
Trd, 4318807.743, 87
Trd, 4318809.443, 93
Trd, 4318810.043, 100
Trd, 4318810.293, 96
Trd, 4318816.393, 95
Trd, 4318816.543, 98
Trd, 4318817.093, 98
Trd, 4318819.343, 100
Trd, 4318821.043, 99
Trd, 4318822.443, 94
Trd, 4318823.293, 98
Trd, 4318827.793, 97
Trd, 4318828.693, 96
Trd, 4318828.843, 93
Trd, 4318831.843, 94
Trd, 4318832.793, 93
Trd, 4318833.393, 93
Trd, 4318833.593, 104
Trd, 4318838.343, 95
Trd, 4318841.093, 92
Trd, 4318842.743, 93
Trd, 4318843.143, 93
Trd, 4318843.343, 94
Trd, 4318846.943, 106
Trd, 4318847.593, 99
Trd, 4318848.093, 100
Trd, 4318849.093, 97
Trd, 4318850.093, 94
Trd, 4318852.593, 97
Trd, 4318853.593, 98
Trd, 4318854.143, 119
Trd, 4318855.943, 97
Trd, 4318857.143, 106
Trd, 4318858.993, 101
Trd, 4318860.543, 98
Trd, 4318863.943, 100
Trd, 4318865.443, 97
Trd, 4318865.643, 100
Trd, 4318867.543, 101
Trd, 4318868.593, 99
Trd, 4318870.593, 98
Trd, 4318870.693, 99
Trd, 4318871.193, 95
Trd, 4318871.243, 94
Trd, 4318871.593, 102
Trd, 4318874.743, 97
Trd, 4318874.943, 104
Trd, 4318876.193, 96
Trd, 4318878.143, 99
Trd, 4318879.693, 108
Trd, 4318883.793, 102
Trd, 4318886.293, 100
Trd, 4318886.393, 102
Trd, 4318888.543, 115
Trd, 4318890.193, 99
Trd, 4318892.093, 105
Trd, 4318892.393, 97
Trd, 4318892.943, 102
Trd, 4318895.843, 83
Trd, 4318896.793, 93
Trd, 4318899.693, 94
Trd, 4318903.043, 93
Trd, 4318903.193, 96
Trd, 4318904.793, 92
Trd, 4318907.593, 94
Trd, 4318908.493, 115
Trd, 4318908.843, 109
Trd, 4318910.793, 106
Trd, 4318911.193, 104
Trd, 4318913.143, 102
Trd, 4318914.043, 100
Trd, 4318916.643, 100
Trd, 4318917.843, 99
Trd, 4318919.943, 100
Trd, 4318920.493, 100
Trd, 4318921.343, 100
Trd, 4318923.593, 99
Trd, 4318925.843, 98
Trd, 4318926.843, 99
Trd, 4318928.893, 104
Trd, 4318931.393, 101
Trd, 4318934.043, 99
Trd, 4318935.593, 97
Trd, 4318937.543, 97
Trd, 4318938.343, 97
Trd, 4318939.043, 103
Trd, 4318941.793, 98
Trd, 4318943.343, 108
Trd, 4318943.993, 102
Trd, 4318946.443, 104
Trd, 4318947.493, 103
Trd, 4318949.143, 102
Trd, 4318949.943, 101
Trd, 4318951.493, 100
Trd, 4318953.343, 101
Trd, 4318954.343, 100
Trd, 4318954.593, 104
Trd, 4318955.443, 99
Trd, 4318958.843, 99
Trd, 4318959.743, 98
Trd, 4318963.693, 98
Trd, 4318964.193, 97
Trd, 4318964.443, 96
Trd, 4318965.243, 99
Trd, 4318966.843, 96
Trd, 4318966.893, 104
Trd, 4318968.093, 103
Trd, 4318972.393, 99
Trd, 4318972.543, 100
Trd, 4318976.543, 96
Trd, 4318977.093, 98
Trd, 4318977.793, 95
Trd, 4318979.743, 97
Trd, 4318980.543, 97
Trd, 4318982.943, 94
Trd, 4318984.143, 96
Trd, 4318984.943, 102
Trd, 4318986.943, 104
Trd, 4318987.493, 99
Trd, 4318988.243, 102
Trd, 4318988.543, 101
Trd, 4318992.643, 101
Trd, 4318994.043, 101
Trd, 4318995.743, 98
Trd, 4318997.193, 96
Trd, 4318998.993, 101
Trd, 4319000.193, 102
Trd, 4319001.893, 101
Trd, 4319002.143, 104
Trd, 4319005.493, 96
Trd, 4319007.493, 96
Trd, 4319008.293, 95
Trd, 4319011.293, 96
Trd, 4319012.243, 96
Trd, 4319015.343, 94
Trd, 4319015.493, 94
Trd, 4319016.943, 96
Trd, 4319017.893, 92
Trd, 4319020.343, 95
Trd, 4319020.493, 95
Trd, 4319022.393, 96
Trd, 4319024.193, 96
Trd, 4319025.743, 94
Trd, 4319029.143, 95
Trd, 4319029.693, 93
Trd, 4319030.843, 94
Trd, 4319032.193, 94
Trd, 4319035.343, 100
Trd, 4319036.443, 97
Trd, 4319038.243, 95
Trd, 4319042.693, 96
Trd, 4319042.793, 99
Trd, 4319044.493, 97
Trd, 4319046.943, 95
Trd, 4319047.043, 92
Trd, 4319047.143, 97
Trd, 4319048.243, 97
Trd, 4319048.543, 104
Trd, 4319052.993, 99
Trd, 4319053.543, 95
Trd, 4319053.993, 98
Trd, 4319056.793, 96
Trd, 4319058.743, 98
Trd, 4319061.593, 97
Trd, 4319063.643, 98
Trd, 4319067.143, 98
Trd, 4319069.293, 95
Trd, 4319069.393, 97
Trd, 4319070.743, 103
Trd, 4319070.793, 94
Trd, 4319074.893, 98
Trd, 4319077.543, 94
Trd, 4319078.943, 95
Trd, 4319080.443, 93
Trd, 4319080.543, 93
Trd, 4319080.743, 104
Trd, 4319081.293, 113
Trd, 4319083.093, 92
Trd, 4319086.643, 101
Trd, 4319089.693, 95
Trd, 4319090.293, 92
Trd, 4319091.543, 97
Trd, 4319093.043, 95
Trd, 4319093.593, 104
Trd, 4319095.893, 100
Trd, 4319096.693, 100
Trd, 4319097.543, 94
Trd, 4319098.893, 104
Trd, 4319099.293, 100
Trd, 4319103.193, 115
Trd, 4319103.593, 102
Trd, 4319104.543, 102
Trd, 4319105.843, 102
Trd, 4319105.993, 102
Trd, 4319108.293, 102
Trd, 4319108.593, 101
Trd, 4319109.093, 104
Trd, 4319111.393, 100
Trd, 4319113.143, 96
Trd, 4319114.143, 97
Trd, 4319115.093, 97
Trd, 4319119.793, 95
Trd, 4319120.243, 95
Trd, 4319120.343, 96
Trd, 4319120.943, 102
Trd, 4319123.643, 95
Trd, 4319124.593, 95
Trd, 4319125.593, 95
Trd, 4319127.293, 82
Trd, 4319128.093, 95
Trd, 4319128.443, 95
Trd, 4319129.693, 95
Trd, 4319130.243, 104
Trd, 4319132.393, 102
Trd, 4319132.693, 98
Trd, 4319132.793, 111
Trd, 4319138.693, 100
Trd, 4319139.393, 100
Trd, 4319140.193, 99
Trd, 4319141.143, 99
Trd, 4319141.393, 104
Trd, 4319143.693, 98
Trd, 4319143.743, 100
Trd, 4319144.643, 101
Trd, 4319145.843, 97
Trd, 4319148.343, 100
Trd, 4319148.943, 100
Trd, 4319149.193, 104
Trd, 4319149.993, 96
Trd, 4319151.343, 101
Trd, 4319155.393, 95
Trd, 4319155.493, 97
Trd, 4319155.793, 97
Trd, 4319158.343, 104
Trd, 4319158.543, 94
Trd, 4319159.243, 100
Trd, 4319161.293, 101
Trd, 4319162.643, 101
Trd, 4319163.043, 103
Trd, 4319168.143, 99
Trd, 4319168.593, 98
Trd, 4319171.093, 98
Trd, 4319172.393, 97
Trd, 4319173.043, 98
Trd, 4319175.743, 97
Trd, 4319178.793, 97
Trd, 4319180.293, 97
Trd, 4319182.293, 102
Trd, 4319183.443, 98
Trd, 4319186.093, 96
Trd, 4319186.643, 95
Trd, 4319188.093, 96
Trd, 4319193.393, 98
Trd, 4319193.493, 99
Trd, 4319196.743, 97
Trd, 4319197.243, 97
Trd, 4319197.343, 98
Trd, 4319199.893, 96
Trd, 4319201.793, 96
Trd, 4319201.893, 97
Trd, 4319202.443, 95
Trd, 4319205.393, 96
Trd, 4319207.093, 94
Trd, 4319211.443, 96
Trd, 4319212.193, 94
Trd, 4319212.643, 96
Trd, 4319213.343, 103
Trd, 4319216.093, 97
Trd, 4319216.193, 93
Trd, 4319220.143, 97
Trd, 4319222.993, 94
Trd, 4319223.293, 97
Trd, 4319225.393, 95
Trd, 4319225.943, 96
Trd, 4319228.443, 95
Trd, 4319228.793, 96
Trd, 4319231.193, 103
Trd, 4319234.243, 96
Trd, 4319234.593, 98
Trd, 4319234.993, 104
Trd, 4319236.743, 95
Trd, 4319239.193, 96
Trd, 4319239.543, 96
Trd, 4319239.893, 104
Trd, 4319246.043, 100
Trd, 4319246.693, 100
Trd, 4319247.393, 96
Trd, 4319249.443, 101
Trd, 4319249.893, 99
Trd, 4319252.443, 97
Trd, 4319253.343, 98
Trd, 4319253.943, 103
Trd, 4319257.093, 97
Trd, 4319257.993, 95
Trd, 4319259.693, 96
Trd, 4319260.143, 95
Trd, 4319260.643, 95
Trd, 4319261.093, 98
Trd, 4319264.243, 95
Trd, 4319267.943, 104
Trd, 4319268.543, 98
Trd, 4319268.993, 94
Trd, 4319274.393, 96
Trd, 4319275.143, 95
Trd, 4319277.993, 94
Trd, 4319280.243, 94
Trd, 4319280.293, 93
Trd, 4319283.243, 94
Trd, 4319283.493, 112
Trd, 4319287.393, 103
Trd, 4319288.393, 105
Trd, 4319289.693, 98
Trd, 4319291.343, 96
Trd, 4319291.893, 100
Trd, 4319293.393, 93
Trd, 4319294.243, 94
Trd, 4319295.743, 97
Trd, 4319296.043, 102
Trd, 4319299.043, 99
Trd, 4319299.493, 93
Trd, 4319302.293, 98
Trd, 4319302.543, 98
Trd, 4319305.693, 98
Trd, 4319309.193, 98
Trd, 4319309.293, 99
Trd, 4319310.293, 97
Trd, 4319313.243, 97
Trd, 4319315.043, 104
Trd, 4319316.043, 99
Trd, 4319317.593, 120
Trd, 4319317.993, 102
Trd, 4319318.543, 94
Trd, 4319319.393, 95
Trd, 4319320.893, 97
Trd, 4319321.793, 96
Trd, 4319322.743, 97
Trd, 4319324.393, 104
Trd, 4319325.493, 93
Trd, 4319325.593, 115
Trd, 4319326.393, 85
Trd, 4319330.243, 91
Trd, 4319330.843, 94
Trd, 4319331.093, 104
Trd, 4319332.693, 97
Trd, 4319337.293, 95
Trd, 4319337.543, 93
Trd, 4319338.293, 94
Trd, 4319338.343, 95
Trd, 4319340.443, 95
Trd, 4319342.993, 94
Trd, 4319344.593, 93
Trd, 4319346.593, 94
Trd, 4319348.543, 94
Trd, 4319348.843, 95
Trd, 4319349.993, 97
Trd, 4319351.243, 92
Trd, 4319351.793, 95
Trd, 4319352.443, 103
Trd, 4319353.743, 101
Trd, 4319354.443, 104
Trd, 4319356.543, 104
Trd, 4319358.043, 97
Trd, 4319360.793, 101
Trd, 4319362.193, 99
Trd, 4319363.843, 98
Trd, 4319364.943, 97
Trd, 4319366.843, 96
Trd, 4319367.993, 96
Trd, 4319369.593, 95
Trd, 4319370.993, 95
Trd, 4319371.493, 94
Trd, 4319371.543, 94
Trd, 4319374.493, 93
Trd, 4319377.993, 93
Trd, 4319378.293, 93
Trd, 4319379.643, 102
Trd, 4319382.193, 94
Trd, 4319382.993, 102
Trd, 4319384.293, 99
Trd, 4319385.943, 96
Trd, 4319386.793, 104
Trd, 4319388.043, 100
Trd, 4319389.793, 93
Trd, 4319391.793, 95
Trd, 4319393.343, 96
Trd, 4319394.043, 96
Trd, 4319395.993, 94
Trd, 4319397.293, 95
Trd, 4319400.343, 92
Trd, 4319401.143, 88
Trd, 4319401.193, 89
Trd, 4319402.743, 104
Trd, 4319403.993, 94
Trd, 4319405.443, 113
Trd, 4319405.543, 89
Trd, 4319408.643, 99
Trd, 4319413.943, 96
Trd, 4319414.543, 96
Trd, 4319415.093, 95
Trd, 4319417.143, 92
Trd, 4319417.793, 95
Trd, 4319421.593, 91
Trd, 4319422.943, 92
Trd, 4319424.343, 90
Trd, 4319425.793, 92
Trd, 4319426.943, 92
Trd, 4319429.593, 91
Trd, 4319432.643, 89
Trd, 4319434.693, 90
Trd, 4319435.393, 91
Trd, 4319438.093, 89
Trd, 4319438.243, 91
Trd, 4319442.743, 90
Trd, 4319446.643, 89
Trd, 4319447.643, 90
Trd, 4319448.743, 89
Trd, 4319450.993, 90
Trd, 4319452.443, 90
Trd, 4319453.343, 106
Trd, 4319456.093, 93
Trd, 4319457.993, 111
Trd, 4319458.543, 96
Trd, 4319459.593, 96
Trd, 4319460.193, 109
Trd, 4319460.893, 92
Trd, 4319463.893, 100
Trd, 4319464.643, 99
Trd, 4319469.343, 99
Trd, 4319469.993, 98
Trd, 4319470.193, 97
Trd, 4319472.693, 98
Trd, 4319474.143, 98
Trd, 4319477.193, 96
Trd, 4319477.493, 97
Trd, 4319478.143, 104
Trd, 4319481.443, 101
Trd, 4319482.343, 97
Trd, 4319482.443, 97
Trd, 4319483.093, 104
Trd, 4319486.143, 98
Trd, 4319486.893, 99
Trd, 4319487.243, 99
Trd, 4319489.993, 99
Trd, 4319490.293, 97
Trd, 4319492.743, 97
Trd, 4319493.293, 95
Trd, 4319495.593, 95
Trd, 4319495.643, 97
Trd, 4319495.893, 104
Trd, 4319497.343, 106
Trd, 4319497.943, 100
Trd, 4319500.343, 94
Trd, 4319501.843, 100
Trd, 4319503.493, 100
Trd, 4319504.393, 98
Trd, 4319504.993, 101
Trd, 4319507.843, 97
Trd, 4319508.593, 97
Trd, 4319509.243, 104
Trd, 4319511.693, 95
Trd, 4319513.393, 104
Trd, 4319515.693, 99
Trd, 4319516.143, 111
Trd, 4319518.543, 113
Trd, 4319520.143, 105
Trd, 4319521.143, 104
Trd, 4319522.443, 105
Trd, 4319524.893, 103
Trd, 4319526.493, 93
Trd, 4319526.643, 96
Trd, 4319527.793, 95
Trd, 4319531.093, 98
Trd, 4319531.893, 96
Trd, 4319532.093, 96
Trd, 4319533.243, 105
Trd, 4319534.643, 95
Trd, 4319537.443, 101
Trd, 4319539.143, 97
Trd, 4319539.743, 102
Trd, 4319541.043, 101
Trd, 4319541.993, 99
Trd, 4319542.843, 96
Trd, 4319544.743, 99
Trd, 4319546.993, 96
Trd, 4319547.993, 97
Trd, 4319548.693, 104
Trd, 4319554.843, 98
Trd, 4319555.843, 104
Trd, 4319556.393, 99
Trd, 4319560.443, 100
Trd, 4319560.493, 100
Trd, 4319561.143, 110
Trd, 4319562.793, 102
Trd, 4319563.643, 105
Trd, 4319564.243, 100
Trd, 4319564.693, 94
Trd, 4319567.343, 97
Trd, 4319567.743, 99
Trd, 4319569.643, 101
Trd, 4319570.443, 85
Trd, 4319573.193, 101
Trd, 4319574.993, 104
Trd, 4319577.443, 96
Trd, 4319579.993, 95
Trd, 4319580.293, 94
Trd, 4319580.593, 95
Trd, 4319583.993, 104
Trd, 4319584.893, 96
Trd, 4319586.393, 96
Trd, 4319587.593, 97
Trd, 4319589.093, 102
Trd, 4319592.393, 99
Trd, 4319594.243, 94
Trd, 4319595.243, 95
Trd, 4319598.243, 93
Trd, 4319599.293, 93
Trd, 4319599.543, 94
Trd, 4319601.443, 94
Trd, 4319602.043, 103
Trd, 4319604.693, 95
Trd, 4319606.693, 96
Trd, 4319606.843, 95
Trd, 4319609.193, 94
Trd, 4319610.293, 95
Trd, 4319610.393, 94
Trd, 4319611.443, 96
Trd, 4319613.343, 100
Trd, 4319613.943, 99
Trd, 4319616.643, 100
Trd, 4319617.193, 98
Trd, 4319618.093, 101
Trd, 4319618.243, 104
Trd, 4319620.793, 104
Trd, 4319622.993, 100
Trd, 4319623.243, 101
Trd, 4319623.693, 101
Trd, 4319625.693, 95
Trd, 4319628.193, 99
Trd, 4319628.493, 103
Trd, 4319629.943, 101
Trd, 4319631.243, 99
Trd, 4319634.493, 100
Trd, 4319635.343, 98
Trd, 4319636.593, 100
Trd, 4319636.693, 113
Trd, 4319640.393, 113
Trd, 4319641.693, 107
Trd, 4319643.293, 102
Trd, 4319644.793, 105
Trd, 4319646.493, 104
Trd, 4319647.543, 102
Trd, 4319650.793, 99
Trd, 4319652.043, 97
Trd, 4319652.843, 94
Trd, 4319654.043, 96
Trd, 4319654.593, 95
Trd, 4319657.093, 95
Trd, 4319657.743, 101
Trd, 4319659.643, 97
Trd, 4319659.943, 104
Trd, 4319661.043, 113
Trd, 4319661.543, 99
Trd, 4319662.443, 98
Trd, 4319665.843, 98
Trd, 4319666.643, 100
Trd, 4319667.643, 104
Trd, 4319668.843, 104
Trd, 4319671.143, 104
Trd, 4319671.343, 101
Trd, 4319673.293, 102
Trd, 4319676.893, 93
Trd, 4319677.293, 104
Trd, 4319677.393, 98
Trd, 4319680.443, 99
Trd, 4319682.043, 98
Trd, 4319686.043, 100
Trd, 4319686.693, 100
Trd, 4319690.843, 96
Trd, 4319690.893, 100
Trd, 4319692.043, 99
Trd, 4319695.693, 97
Trd, 4319696.643, 96
Trd, 4319700.043, 97
Trd, 4319701.693, 104
Trd, 4319704.343, 96
Trd, 4319708.593, 94
Trd, 4319709.293, 95
Trd, 4319709.343, 93
Trd, 4319709.843, 95
Trd, 4319711.143, 104
Trd, 4319715.143, 95
Trd, 4319716.343, 92
Trd, 4319717.993, 94
Trd, 4319720.493, 92
Trd, 4319723.743, 91
Trd, 4319725.793, 90
Trd, 4319727.393, 89
Trd, 4319728.343, 90
Trd, 4319728.643, 98
Trd, 4319731.293, 93
Trd, 4319732.993, 89
Trd, 4319733.193, 93
Trd, 4319734.893, 95
Trd, 4319736.893, 104
Trd, 4319739.043, 94
Trd, 4319739.993, 94
Trd, 4319740.593, 93
Trd, 4319742.043, 92
Trd, 4319742.743, 93
Trd, 4319745.593, 92
Trd, 4319746.543, 93
Trd, 4319748.943, 103
Trd, 4319750.943, 93
Trd, 4319751.443, 94
Trd, 4319751.793, 95
Trd, 4319753.093, 95
Trd, 4319754.893, 94
Trd, 4319755.943, 94
Trd, 4319758.293, 90
Trd, 4319759.343, 91
Trd, 4319763.093, 91
Trd, 4319763.293, 113
Trd, 4319765.843, 95
Trd, 4319766.943, 91
Trd, 4319767.593, 94
Trd, 4319767.793, 106
Trd, 4319769.143, 100
Trd, 4319769.543, 102
Trd, 4319774.093, 93
Trd, 4319775.643, 93
Trd, 4319775.993, 104
Trd, 4319777.143, 91
Trd, 4319779.643, 94
Trd, 4319781.893, 92
Trd, 4319786.043, 92
Trd, 4319787.643, 101
Trd, 4319787.893, 104
Trd, 4319788.343, 109
Trd, 4319789.543, 99
Trd, 4319789.793, 105
Trd, 4319791.393, 97
Trd, 4319794.043, 100
Trd, 4319794.193, 100
Trd, 4319795.893, 103
Trd, 4319798.193, 100
Trd, 4319801.643, 100
Trd, 4319802.043, 96
Trd, 4319802.343, 101
Trd, 4319804.293, 98
Trd, 4319807.643, 97
Trd, 4319807.693, 97
Trd, 4319812.093, 95
Trd, 4319813.493, 96
Trd, 4319815.543, 95
Trd, 4319816.543, 104
Trd, 4319816.593, 94
Trd, 4319818.493, 93
Trd, 4319819.643, 95
Trd, 4319821.793, 95
Trd, 4319822.343, 95
Trd, 4319824.393, 104
Trd, 4319826.293, 95
Trd, 4319827.943, 95
Trd, 4319828.593, 93
Trd, 4319829.093, 94
Trd, 4319833.343, 94
Trd, 4319837.443, 94
Trd, 4319838.093, 94
Trd, 4319838.193, 92
Trd, 4319838.493, 95
Trd, 4319839.093, 100
Trd, 4319843.893, 94
Trd, 4319844.643, 95
Trd, 4319845.243, 94
Trd, 4319847.443, 95
Trd, 4319849.243, 104
Trd, 4319850.993, 109
Trd, 4319852.393, 100
Trd, 4319855.043, 100
Trd, 4319857.443, 99
Trd, 4319857.643, 101
Trd, 4319861.343, 100
Trd, 4319862.193, 99
Trd, 4319863.043, 98
Trd, 4319863.193, 113
Trd, 4319864.393, 105
Trd, 4319865.693, 102
Trd, 4319867.993, 97
Trd, 4319870.643, 96
Trd, 4319871.443, 97
Trd, 4319875.543, 97
Trd, 4319877.693, 96
Trd, 4319879.643, 95
Trd, 4319879.893, 94
Trd, 4319881.343, 97
Trd, 4319881.493, 104
Trd, 4319883.243, 101
Trd, 4319885.493, 102
Trd, 4319888.493, 101
Trd, 4319888.643, 102
Trd, 4319889.793, 104
Trd, 4319891.243, 100
Trd, 4319896.193, 99
Trd, 4319896.243, 100
Trd, 4319896.543, 99
Trd, 4319898.093, 98
Trd, 4319898.643, 99
Trd, 4319902.743, 98
Trd, 4319903.993, 99
Trd, 4319905.693, 99
Trd, 4319907.743, 99
Trd, 4319908.643, 97
Trd, 4319911.943, 96
Trd, 4319912.793, 98
Trd, 4319912.943, 98
Trd, 4319913.243, 95
Trd, 4319917.593, 95
Trd, 4319917.993, 94
Trd, 4319918.843, 97
Trd, 4319919.343, 104
Trd, 4319921.093, 93
Trd, 4319922.393, 101
Trd, 4319922.743, 103
Trd, 4319924.543, 104
Trd, 4319927.393, 99
Trd, 4319929.793, 96
Trd, 4319930.793, 96
Trd, 4319931.493, 94
Trd, 4319933.643, 96
Trd, 4319937.693, 94
Trd, 4319938.843, 95
Trd, 4319940.543, 94
Trd, 4319943.743, 95
Trd, 4319944.743, 95
Trd, 4319946.843, 93
Trd, 4319947.643, 95
Trd, 4319948.443, 104
Trd, 4319950.043, 92
Trd, 4319950.993, 97
Trd, 4319953.993, 97
Trd, 4319957.593, 97
Trd, 4319959.093, 101
Trd, 4319959.743, 104
Trd, 4319961.643, 99
Trd, 4319961.993, 97
Trd, 4319965.043, 104
Trd, 4319965.393, 104
Trd, 4319966.293, 100
Trd, 4319967.093, 101
Trd, 4319969.793, 98
Trd, 4319969.843, 94
Trd, 4319970.493, 98
Trd, 4319971.093, 95
Trd, 4319971.643, 111
Trd, 4319977.043, 96
Trd, 4319977.293, 97
Trd, 4319979.493, 98
Trd, 4319979.593, 105
Trd, 4319981.643, 99
Trd, 4319982.093, 101
Trd, 4319982.843, 98
Trd, 4319985.493, 103
Trd, 4319986.343, 105
Trd, 4319987.243, 99
Trd, 4319988.893, 104
Trd, 4319991.143, 99
Trd, 4319992.593, 99
Trd, 4319992.793, 101
Trd, 4319997.143, 99
Trd, 4319999.843, 98
