Trd, 4317825.693, 94
Trd, 4317827.693, 95
Trd, 4317828.443, 95
Trd, 4317828.743, 95
Trd, 4317829.043, 95
Trd, 4317829.693, 95
Trd, 4317830.143, 98
Trd, 4317831.543, 94
Trd, 4317832.193, 94
Trd, 4317834.193, 92
Trd, 4317834.943, 94
Trd, 4317836.843, 96
Trd, 4317839.443, 94
Trd, 4317839.793, 92
Trd, 4317839.843, 95
Trd, 4317841.693, 96
Trd, 4317846.343, 95
Trd, 4317847.193, 95
Trd, 4317847.793, 95
Trd, 4317847.943, 94
Trd, 4317850.693, 95
Trd, 4317851.343, 96
Trd, 4317852.293, 95
Trd, 4317852.893, 93
Trd, 4317856.743, 95
Trd, 4317857.743, 95
Trd, 4317858.343, 95
Trd, 4317859.293, 94
Trd, 4317859.543, 95
Trd, 4317859.793, 95
Trd, 4317860.693, 92
Trd, 4317865.543, 95
Trd, 4317865.993, 94
Trd, 4317867.543, 97
Trd, 4317868.143, 96
Trd, 4317869.293, 97
Trd, 4317869.393, 96
Trd, 4317873.693, 98
Trd, 4317874.293, 99
Trd, 4317876.543, 99
Trd, 4317878.043, 99
Trd, 4317878.843, 100
Trd, 4317880.193, 98
Trd, 4317881.393, 100
Trd, 4317884.443, 99
Trd, 4317884.943, 98
Trd, 4317887.493, 97
Trd, 4317887.543, 98
Trd, 4317892.193, 97
Trd, 4317893.193, 97
Trd, 4317893.893, 96
Trd, 4317896.893, 96
Trd, 4317897.593, 97
Trd, 4317898.543, 99
Trd, 4317899.893, 100
Trd, 4317902.243, 99
Trd, 4317903.293, 98
Trd, 4317903.693, 97
Trd, 4317906.493, 98
Trd, 4317906.793, 99
Trd, 4317909.593, 98
Trd, 4317911.293, 97
Trd, 4317912.993, 98
Trd, 4317913.393, 98
Trd, 4317914.193, 97
Trd, 4317915.693, 99
Trd, 4317915.793, 95
Trd, 4317918.193, 98
Trd, 4317921.543, 97
Trd, 4317921.593, 98
Trd, 4317922.143, 97
Trd, 4317922.343, 96
Trd, 4317925.743, 96
Trd, 4317927.143, 87
Trd, 4317928.543, 90
Trd, 4317930.143, 89
Trd, 4317930.593, 89
Trd, 4317930.693, 79
Trd, 4317932.893, 87
Trd, 4317933.293, 89
Trd, 4317934.193, 89
Trd, 4317936.443, 95
Trd, 4317937.343, 86
Trd, 4317940.143, 91
Trd, 4317941.143, 91
Trd, 4317941.693, 89
Trd, 4317942.543, 92
Trd, 4317943.343, 96
Trd, 4317948.693, 93
Trd, 4317948.993, 93
Trd, 4317950.543, 92
Trd, 4317952.043, 91
Trd, 4317953.793, 93
Trd, 4317954.143, 93
Trd, 4317955.243, 93
Trd, 4317956.593, 93
Trd, 4317958.643, 102
Trd, 4317958.693, 94
Trd, 4317960.693, 108
Trd, 4317960.893, 103
Trd, 4317961.943, 106
Trd, 4317963.493, 105
Trd, 4317964.443, 91
Trd, 4317967.493, 101
Trd, 4317967.943, 103
Trd, 4317969.193, 102
Trd, 4317971.393, 100
Trd, 4317975.043, 102
Trd, 4317976.043, 102
Trd, 4317976.593, 101
Trd, 4317977.893, 99
Trd, 4317980.293, 99
Trd, 4317982.843, 97
Trd, 4317983.293, 97
Trd, 4317983.693, 96
Trd, 4317983.793, 95
Trd, 4317986.543, 95
Trd, 4317988.793, 90
Trd, 4317991.843, 94
Trd, 4317992.143, 93
Trd, 4317992.793, 94
Trd, 4317995.393, 93
Trd, 4317995.593, 94
Trd, 4317995.843, 95
Trd, 4317997.043, 99
Trd, 4317999.043, 98
Trd, 4317999.293, 98
Trd, 4318003.543, 96
Trd, 4318003.993, 97
Trd, 4318005.743, 95
Trd, 4318006.243, 96
Trd, 4318007.443, 95
Trd, 4318008.343, 95
Trd, 4318008.743, 94
Trd, 4318009.293, 94
Trd, 4318010.893, 95
Trd, 4318012.543, 93
Trd, 4318015.193, 95
Trd, 4318016.593, 94
Trd, 4318020.043, 93
Trd, 4318021.343, 94
Trd, 4318022.543, 94
Trd, 4318023.843, 94
Trd, 4318024.793, 94
Trd, 4318025.043, 93
Trd, 4318026.943, 94
Trd, 4318027.843, 93
Trd, 4318029.043, 95
Trd, 4318029.543, 93
Trd, 4318031.543, 95
Trd, 4318034.793, 92
Trd, 4318038.493, 95
Trd, 4318038.593, 94
Trd, 4318040.993, 95
Trd, 4318043.143, 95
Trd, 4318044.193, 95
Trd, 4318046.943, 95
Trd, 4318047.343, 95
Trd, 4318047.793, 103
Trd, 4318048.193, 101
Trd, 4318048.343, 96
Trd, 4318049.793, 99
Trd, 4318051.593, 102
Trd, 4318052.443, 102
Trd, 4318053.643, 101
Trd, 4318055.243, 102
Trd, 4318058.143, 95
Trd, 4318058.293, 95
Trd, 4318060.293, 92
Trd, 4318060.993, 92
Trd, 4318061.393, 85
Trd, 4318061.893, 93
Trd, 4318063.443, 92
Trd, 4318063.693, 91
Trd, 4318063.843, 62
Trd, 4318074.043, 106
Trd, 4318077.893, 107
Trd, 4318081.593, 106
Trd, 4318083.093, 104
Trd, 4318088.943, 106
Trd, 4318093.493, 104
Trd, 4318095.243, 107
Trd, 4318097.843, 103
Trd, 4318099.693, 102
Trd, 4318106.443, 107
Trd, 4318106.893, 106
Trd, 4318113.393, 105
Trd, 4318114.043, 105
Trd, 4318114.743, 107
Trd, 4318117.843, 98
Trd, 4318119.093, 99
Trd, 4318119.543, 98
Trd, 4318119.593, 98
Trd, 4318120.643, 106
Trd, 4318121.043, 110
Trd, 4318121.843, 95
Trd, 4318124.543, 95
Trd, 4318125.693, 96
Trd, 4318127.043, 95
Trd, 4318128.193, 101
Trd, 4318128.943, 100
Trd, 4318129.893, 99
Trd, 4318131.543, 100
Trd, 4318132.243, 90
Trd, 4318134.243, 100
Trd, 4318136.843, 102
Trd, 4318136.993, 101
Trd, 4318138.843, 101
Trd, 4318138.943, 99
Trd, 4318141.043, 100
Trd, 4318142.493, 95
Trd, 4318144.943, 99
Trd, 4318145.643, 99
Trd, 4318145.943, 99
Trd, 4318146.493, 98
Trd, 4318149.493, 98
Trd, 4318149.693, 97
Trd, 4318152.243, 95
Trd, 4318154.293, 98
Trd, 4318154.543, 99
Trd, 4318156.743, 99
Trd, 4318157.393, 99
Trd, 4318158.193, 104
Trd, 4318158.793, 106
Trd, 4318160.743, 104
Trd, 4318161.843, 105
Trd, 4318163.243, 104
Trd, 4318164.793, 103
Trd, 4318166.943, 102
Trd, 4318167.893, 102
Trd, 4318168.243, 97
Trd, 4318170.043, 95
Trd, 4318170.593, 101
Trd, 4318172.543, 101
Trd, 4318175.093, 101
Trd, 4318175.343, 101
Trd, 4318176.443, 100
Trd, 4318179.993, 101
Trd, 4318180.893, 99
Trd, 4318181.243, 98
Trd, 4318183.043, 97
Trd, 4318186.393, 95
Trd, 4318187.793, 99
Trd, 4318190.893, 99
Trd, 4318193.543, 99
Trd, 4318195.143, 98
Trd, 4318199.243, 99
Trd, 4318199.493, 95
Trd, 4318202.093, 98
Trd, 4318202.693, 98
Trd, 4318204.093, 97
Trd, 4318204.343, 98
Trd, 4318208.743, 96
Trd, 4318210.243, 98
Trd, 4318210.493, 98
Trd, 4318211.143, 98
Trd, 4318213.393, 98
Trd, 4318213.893, 97
Trd, 4318214.693, 98
Trd, 4318217.743, 98
Trd, 4318217.843, 98
Trd, 4318219.243, 96
Trd, 4318222.793, 97
Trd, 4318223.443, 97
Trd, 4318226.043, 96
Trd, 4318226.093, 95
Trd, 4318226.643, 95
Trd, 4318227.743, 95
Trd, 4318230.293, 94
Trd, 4318232.193, 95
Trd, 4318232.443, 95
Trd, 4318235.243, 95
Trd, 4318235.943, 93
Trd, 4318238.393, 95
Trd, 4318239.043, 94
Trd, 4318240.593, 95
Trd, 4318242.743, 92
Trd, 4318243.193, 94
Trd, 4318246.093, 93
Trd, 4318247.093, 92
Trd, 4318247.943, 95
Trd, 4318248.843, 95
Trd, 4318251.493, 95
Trd, 4318251.943, 94
Trd, 4318253.493, 94
Trd, 4318253.793, 93
Trd, 4318257.793, 94
Trd, 4318257.993, 94
Trd, 4318260.543, 94
Trd, 4318263.293, 94
Trd, 4318266.943, 93
Trd, 4318269.093, 94
Trd, 4318269.243, 94
Trd, 4318270.643, 94
Trd, 4318271.043, 103
Trd, 4318272.293, 93
Trd, 4318272.743, 97
Trd, 4318273.243, 97
Trd, 4318274.893, 90
Trd, 4318277.843, 96
Trd, 4318278.893, 98
Trd, 4318280.893, 95
Trd, 4318281.593, 96
Trd, 4318282.093, 89
Trd, 4318284.143, 110
Trd, 4318285.243, 100
Trd, 4318286.093, 100
Trd, 4318286.943, 87
Trd, 4318288.493, 96
Trd, 4318290.443, 97
Trd, 4318290.943, 96
Trd, 4318294.343, 97
Trd, 4318294.693, 97
Trd, 4318294.993, 97
Trd, 4318295.693, 102
Trd, 4318296.443, 101
Trd, 4318297.643, 101
Trd, 4318299.293, 101
Trd, 4318300.743, 100
Trd, 4318302.543, 104
Trd, 4318302.843, 103
Trd, 4318303.443, 99
Trd, 4318304.443, 104
Trd, 4318306.793, 103
Trd, 4318307.593, 101
Trd, 4318309.293, 99
Trd, 4318311.143, 100
Trd, 4318312.443, 100
Trd, 4318313.593, 100
Trd, 4318316.343, 100
Trd, 4318316.993, 99
Trd, 4318317.743, 99
Trd, 4318319.743, 100
Trd, 4318321.843, 97
Trd, 4318321.893, 97
Trd, 4318323.943, 98
Trd, 4318323.993, 96
Trd, 4318326.543, 97
Trd, 4318327.693, 96
Trd, 4318330.793, 95
Trd, 4318331.593, 96
Trd, 4318333.693, 96
Trd, 4318334.743, 95
Trd, 4318336.093, 96
Trd, 4318336.793, 100
Trd, 4318337.293, 98
Trd, 4318337.843, 103
Trd, 4318337.993, 92
Trd, 4318340.593, 100
Trd, 4318341.793, 101
Trd, 4318341.943, 94
Trd, 4318343.243, 100
Trd, 4318344.443, 99
Trd, 4318346.493, 98
Trd, 4318347.643, 99
Trd, 4318349.743, 97
Trd, 4318351.693, 98
Trd, 4318352.593, 98
Trd, 4318355.893, 95
Trd, 4318358.993, 98
Trd, 4318359.593, 98
Trd, 4318361.793, 97
Trd, 4318363.093, 97
Trd, 4318363.193, 97
Trd, 4318365.393, 96
Trd, 4318365.843, 96
Trd, 4318367.043, 96
Trd, 4318367.593, 95
Trd, 4318370.643, 95
Trd, 4318371.393, 96
Trd, 4318371.743, 95
Trd, 4318373.693, 95
Trd, 4318374.843, 95
Trd, 4318376.093, 95
Trd, 4318376.193, 94
Trd, 4318377.443, 94
Trd, 4318377.843, 93
Trd, 4318379.743, 94
Trd, 4318382.493, 94
Trd, 4318383.843, 94
Trd, 4318384.143, 94
Trd, 4318384.243, 92
Trd, 4318386.243, 95
Trd, 4318387.593, 96
Trd, 4318388.493, 102
Trd, 4318389.843, 98
Trd, 4318392.093, 109
Trd, 4318392.293, 103
Trd, 4318398.343, 103
Trd, 4318399.143, 103
Trd, 4318402.843, 104
Trd, 4318404.393, 103
Trd, 4318405.893, 103
Trd, 4318409.693, 104
Trd, 4318412.943, 103
Trd, 4318413.393, 102
Trd, 4318413.543, 103
Trd, 4318414.893, 101
Trd, 4318418.393, 101
Trd, 4318419.093, 102
Trd, 4318422.843, 95
Trd, 4318426.693, 102
Trd, 4318428.443, 99
Trd, 4318432.043, 101
Trd, 4318433.343, 99
Trd, 4318435.443, 98
Trd, 4318440.393, 101
Trd, 4318442.193, 99
Trd, 4318443.593, 100
Trd, 4318444.543, 100
Trd, 4318448.543, 99
Trd, 4318448.943, 98
Trd, 4318449.493, 99
Trd, 4318451.043, 98
Trd, 4318454.343, 98
Trd, 4318454.593, 98
Trd, 4318455.893, 97
Trd, 4318458.593, 98
Trd, 4318458.993, 96
Trd, 4318460.493, 98
Trd, 4318461.093, 94
Trd, 4318461.743, 98
Trd, 4318468.543, 98
Trd, 4318469.243, 96
Trd, 4318470.643, 98
Trd, 4318471.643, 97
Trd, 4318472.843, 97
Trd, 4318475.593, 96
Trd, 4318478.443, 96
Trd, 4318481.643, 97
Trd, 4318481.743, 96
Trd, 4318482.593, 97
Trd, 4318485.843, 95
Trd, 4318486.543, 96
Trd, 4318490.943, 95
Trd, 4318491.443, 96
Trd, 4318492.843, 96
Trd, 4318493.393, 95
Trd, 4318494.693, 96
Trd, 4318496.793, 96
Trd, 4318498.143, 95
Trd, 4318498.943, 96
Trd, 4318499.393, 94
Trd, 4318499.843, 97
Trd, 4318502.293, 103
Trd, 4318503.693, 103
Trd, 4318506.193, 101
Trd, 4318507.293, 101
Trd, 4318507.493, 101
Trd, 4318508.143, 102
Trd, 4318511.793, 99
Trd, 4318516.843, 102
Trd, 4318519.543, 101
Trd, 4318521.193, 101
Trd, 4318521.743, 99
Trd, 4318525.193, 100
Trd, 4318525.443, 99
Trd, 4318527.793, 99
Trd, 4318528.593, 99
Trd, 4318532.293, 99
Trd, 4318532.793, 98
Trd, 4318533.543, 97
Trd, 4318535.143, 98
Trd, 4318535.243, 95
Trd, 4318541.243, 96
Trd, 4318544.343, 95
Trd, 4318545.143, 97
Trd, 4318546.143, 97
Trd, 4318550.143, 97
Trd, 4318550.393, 97
Trd, 4318552.793, 96
Trd, 4318556.293, 97
Trd, 4318559.143, 96
Trd, 4318559.343, 95
Trd, 4318559.943, 94
Trd, 4318560.193, 95
Trd, 4318563.893, 95
Trd, 4318564.743, 94
Trd, 4318564.843, 94
Trd, 4318564.893, 92
Trd, 4318566.443, 93
Trd, 4318567.343, 92
Trd, 4318568.343, 92
Trd, 4318568.493, 91
Trd, 4318574.343, 92
Trd, 4318574.643, 91
Trd, 4318577.843, 92
Trd, 4318578.993, 92
Trd, 4318579.193, 93
Trd, 4318579.343, 101
Trd, 4318582.093, 112
Trd, 4318582.393, 111
Trd, 4318582.743, 111
Trd, 4318584.443, 104
Trd, 4318587.393, 108
Trd, 4318587.643, 109
Trd, 4318588.193, 108
Trd, 4318589.443, 109
Trd, 4318593.793, 108
Trd, 4318594.893, 107
Trd, 4318603.043, 108
Trd, 4318606.143, 105
Trd, 4318610.343, 109
Trd, 4318611.693, 107
Trd, 4318614.243, 107
Trd, 4318619.543, 108
Trd, 4318622.093, 109
Trd, 4318623.543, 108
Trd, 4318625.293, 106
Trd, 4318626.243, 105
Trd, 4318626.443, 95
Trd, 4318628.793, 104
Trd, 4318628.843, 102
Trd, 4318632.093, 97
Trd, 4318635.143, 99
Trd, 4318636.293, 99
Trd, 4318637.193, 100
Trd, 4318642.843, 99
Trd, 4318644.893, 100
Trd, 4318645.793, 99
Trd, 4318647.743, 97
Trd, 4318649.443, 98
Trd, 4318651.493, 97
Trd, 4318651.743, 97
Trd, 4318652.793, 96
Trd, 4318654.893, 94
Trd, 4318656.743, 95
Trd, 4318657.043, 94
Trd, 4318657.643, 94
Trd, 4318657.943, 96
Trd, 4318659.543, 94
Trd, 4318660.893, 96
Trd, 4318660.943, 96
Trd, 4318662.693, 80
Trd, 4318665.943, 96
Trd, 4318666.993, 96
Trd, 4318668.143, 97
Trd, 4318668.793, 95
Trd, 4318674.493, 96
Trd, 4318675.543, 95
Trd, 4318675.643, 96
Trd, 4318676.343, 96
Trd, 4318676.893, 95
Trd, 4318677.693, 97
Trd, 4318678.693, 97
Trd, 4318679.943, 97
Trd, 4318680.893, 98
Trd, 4318682.093, 103
Trd, 4318684.193, 101
Trd, 4318684.843, 101
Trd, 4318687.193, 101
Trd, 4318688.893, 96
Trd, 4318689.443, 95
Trd, 4318689.793, 89
Trd, 4318690.393, 96
Trd, 4318690.993, 94
Trd, 4318693.243, 96
Trd, 4318696.343, 96
Trd, 4318696.693, 95
Trd, 4318699.693, 95
Trd, 4318700.093, 94
Trd, 4318703.293, 94
Trd, 4318703.443, 94
Trd, 4318704.343, 93
Trd, 4318705.293, 94
Trd, 4318707.143, 95
Trd, 4318708.643, 93
Trd, 4318709.893, 94
Trd, 4318712.093, 95
Trd, 4318712.743, 94
Trd, 4318714.893, 95
Trd, 4318715.893, 93
Trd, 4318715.993, 95
Trd, 4318718.593, 94
Trd, 4318719.243, 97
Trd, 4318719.743, 105
Trd, 4318722.493, 106
Trd, 4318723.393, 109
Trd, 4318725.443, 102
Trd, 4318725.493, 95
Trd, 4318726.843, 91
Trd, 4318727.993, 96
Trd, 4318728.993, 89
Trd, 4318730.843, 91
Trd, 4318731.493, 91
Trd, 4318732.443, 92
Trd, 4318734.993, 92
Trd, 4318735.393, 92
Trd, 4318739.293, 91
Trd, 4318740.343, 92
Trd, 4318741.043, 92
Trd, 4318741.493, 92
Trd, 4318744.843, 92
Trd, 4318745.093, 91
Trd, 4318746.493, 91
Trd, 4318747.593, 90
Trd, 4318748.093, 90
Trd, 4318748.193, 88
Trd, 4318749.593, 95
Trd, 4318751.993, 100
Trd, 4318752.043, 95
Trd, 4318755.143, 96
Trd, 4318755.693, 96
Trd, 4318757.143, 95
Trd, 4318760.043, 96
Trd, 4318760.993, 95
Trd, 4318761.643, 96
Trd, 4318761.793, 95
Trd, 4318762.743, 94
Trd, 4318763.243, 94
Trd, 4318763.993, 96
Trd, 4318767.993, 96
Trd, 4318769.443, 95
Trd, 4318770.393, 94
Trd, 4318773.493, 95
Trd, 4318774.043, 95
Trd, 4318774.743, 95
Trd, 4318776.093, 93
Trd, 4318777.793, 94
Trd, 4318779.843, 94
Trd, 4318780.043, 97
Trd, 4318781.393, 92
Trd, 4318782.593, 97
Trd, 4318783.493, 103
Trd, 4318786.393, 108
Trd, 4318786.543, 107
Trd, 4318787.043, 106
Trd, 4318789.843, 104
Trd, 4318790.693, 102
Trd, 4318790.943, 96
Trd, 4318791.493, 102
Trd, 4318793.343, 102
Trd, 4318793.643, 101
Trd, 4318796.593, 101
Trd, 4318797.193, 100
Trd, 4318802.543, 99
Trd, 4318802.993, 99
Trd, 4318803.193, 98
Trd, 4318803.343, 98
Trd, 4318804.493, 98
Trd, 4318805.143, 101
Trd, 4318807.843, 99
Trd, 4318809.293, 100
Trd, 4318809.693, 99
Trd, 4318810.343, 101
Trd, 4318814.193, 99
Trd, 4318818.443, 99
Trd, 4318819.093, 100
Trd, 4318819.943, 95
Trd, 4318821.143, 97
Trd, 4318822.393, 95
Trd, 4318822.993, 96
Trd, 4318824.393, 94
Trd, 4318824.943, 95
Trd, 4318829.743, 104
Trd, 4318830.643, 99
Trd, 4318831.543, 108
Trd, 4318834.243, 112
Trd, 4318834.943, 111
Trd, 4318837.443, 102
Trd, 4318838.293, 100
Trd, 4318841.893, 102
Trd, 4318842.793, 89
Trd, 4318843.243, 101
Trd, 4318844.843, 99
Trd, 4318846.693, 95
Trd, 4318848.593, 93
Trd, 4318849.493, 92
Trd, 4318849.543, 93
Trd, 4318852.493, 93
Trd, 4318853.093, 93
Trd, 4318853.693, 93
Trd, 4318856.493, 92
Trd, 4318857.593, 93
Trd, 4318857.843, 92
Trd, 4318858.793, 95
Trd, 4318860.193, 92
Trd, 4318860.943, 95
Trd, 4318862.243, 94
Trd, 4318863.443, 95
Trd, 4318864.293, 94
Trd, 4318865.243, 95
Trd, 4318866.443, 95
Trd, 4318867.993, 94
Trd, 4318868.693, 95
Trd, 4318870.043, 93
Trd, 4318871.893, 94
Trd, 4318873.143, 95
Trd, 4318875.193, 99
Trd, 4318876.443, 96
Trd, 4318876.493, 96
Trd, 4318876.793, 93
Trd, 4318878.493, 97
Trd, 4318879.643, 97
Trd, 4318880.743, 87
Trd, 4318882.343, 97
Trd, 4318882.593, 95
Trd, 4318885.093, 96
Trd, 4318887.993, 96
Trd, 4318888.643, 97
Trd, 4318890.093, 95
Trd, 4318890.343, 96
Trd, 4318891.343, 95
Trd, 4318892.993, 94
Trd, 4318895.193, 95
Trd, 4318896.543, 95
Trd, 4318897.343, 96
Trd, 4318898.193, 97
Trd, 4318900.043, 97
Trd, 4318900.243, 98
Trd, 4318900.743, 97
Trd, 4318901.243, 99
Trd, 4318903.143, 98
Trd, 4318903.843, 98
Trd, 4318905.143, 98
Trd, 4318906.393, 99
Trd, 4318907.843, 96
Trd, 4318909.343, 95
Trd, 4318911.343, 94
Trd, 4318912.193, 95
Trd, 4318913.143, 96
Trd, 4318914.343, 96
Trd, 4318914.843, 96
Trd, 4318914.943, 95
Trd, 4318917.193, 96
Trd, 4318917.493, 95
Trd, 4318918.093, 96
Trd, 4318918.893, 98
Trd, 4318920.393, 98
Trd, 4318922.693, 106
Trd, 4318923.493, 110
Trd, 4318924.693, 112
Trd, 4318924.743, 104
Trd, 4318929.643, 94
Trd, 4318930.793, 93
Trd, 4318930.993, 94
Trd, 4318931.493, 94
Trd, 4318932.393, 95
Trd, 4318932.793, 96
Trd, 4318935.093, 96
Trd, 4318935.293, 91
Trd, 4318936.493, 94
Trd, 4318936.693, 95
Trd, 4318938.293, 99
Trd, 4318940.693, 98
Trd, 4318941.493, 97
Trd, 4318945.443, 97
Trd, 4318945.843, 96
Trd, 4318946.843, 104
Trd, 4318947.493, 103
Trd, 4318951.043, 101
Trd, 4318951.743, 96
Trd, 4318952.543, 100
Trd, 4318956.543, 99
Trd, 4318956.793, 101
Trd, 4318959.393, 99
Trd, 4318963.493, 102
Trd, 4318964.393, 102
Trd, 4318964.643, 100
Trd, 4318964.893, 102
Trd, 4318965.793, 101
Trd, 4318967.993, 100
Trd, 4318972.843, 102
Trd, 4318973.393, 99
Trd, 4318976.843, 102
Trd, 4318978.193, 99
Trd, 4318978.493, 100
Trd, 4318978.793, 99
Trd, 4318982.443, 99
Trd, 4318983.393, 98
Trd, 4318984.093, 100
Trd, 4318984.993, 101
Trd, 4318985.393, 85
Trd, 4318989.243, 100
Trd, 4318992.843, 98
Trd, 4318993.243, 99
Trd, 4318996.943, 98
Trd, 4318998.443, 99
Trd, 4319000.143, 98
Trd, 4319000.193, 97
Trd, 4319005.043, 97
Trd, 4319006.043, 97
Trd, 4319006.343, 97
Trd, 4319006.593, 96
Trd, 4319006.743, 98
Trd, 4319007.143, 96
Trd, 4319009.893, 97
Trd, 4319012.343, 96
Trd, 4319012.943, 95
Trd, 4319014.243, 97
Trd, 4319017.043, 95
Trd, 4319017.743, 94
Trd, 4319019.293, 86
Trd, 4319019.593, 94
Trd, 4319026.993, 93
Trd, 4319027.543, 94
Trd, 4319031.743, 94
Trd, 4319032.743, 94
Trd, 4319032.893, 94
Trd, 4319033.943, 100
Trd, 4319033.993, 100
Trd, 4319035.843, 95
Trd, 4319037.643, 100
Trd, 4319038.093, 92
Trd, 4319042.343, 99
Trd, 4319042.393, 99
Trd, 4319042.593, 97
Trd, 4319047.043, 98
Trd, 4319047.193, 98
Trd, 4319049.593, 97
Trd, 4319052.243, 96
Trd, 4319054.943, 98
Trd, 4319054.993, 98
Trd, 4319056.043, 99
Trd, 4319056.843, 97
Trd, 4319057.493, 95
Trd, 4319060.593, 99
Trd, 4319060.643, 99
Trd, 4319063.943, 97
Trd, 4319065.643, 98
Trd, 4319066.843, 97
Trd, 4319069.843, 98
Trd, 4319070.343, 98
Trd, 4319072.343, 100
Trd, 4319073.243, 99
Trd, 4319073.943, 99
Trd, 4319074.093, 86
Trd, 4319075.993, 93
Trd, 4319076.143, 100
Trd, 4319077.643, 92
Trd, 4319081.693, 98
Trd, 4319082.043, 97
Trd, 4319083.193, 96
Trd, 4319083.793, 97
Trd, 4319085.143, 95
Trd, 4319085.993, 96
Trd, 4319088.643, 96
Trd, 4319088.893, 95
Trd, 4319089.193, 94
Trd, 4319092.493, 96
Trd, 4319093.293, 96
Trd, 4319093.593, 94
Trd, 4319100.043, 96
Trd, 4319100.593, 94
Trd, 4319101.743, 95
Trd, 4319101.943, 94
Trd, 4319103.093, 94
Trd, 4319103.893, 95
Trd, 4319104.843, 99
Trd, 4319105.643, 97
Trd, 4319106.343, 97
Trd, 4319108.643, 95
Trd, 4319109.143, 96
Trd, 4319110.143, 96
Trd, 4319111.693, 95
Trd, 4319114.693, 96
Trd, 4319115.593, 93
Trd, 4319116.443, 94
Trd, 4319119.743, 93
Trd, 4319120.343, 94
Trd, 4319120.543, 95
Trd, 4319123.243, 95
Trd, 4319124.293, 94
Trd, 4319126.093, 99
Trd, 4319126.543, 98
Trd, 4319127.243, 100
Trd, 4319127.843, 100
Trd, 4319128.693, 103
Trd, 4319132.093, 100
Trd, 4319132.143, 93
Trd, 4319133.293, 100
Trd, 4319136.193, 100
Trd, 4319138.093, 99
Trd, 4319138.393, 100
Trd, 4319138.443, 99
Trd, 4319140.943, 87
Trd, 4319143.693, 90
Trd, 4319143.743, 91
Trd, 4319144.843, 91
Trd, 4319145.343, 95
Trd, 4319146.543, 87
Trd, 4319148.593, 93
Trd, 4319148.943, 93
Trd, 4319151.043, 93
Trd, 4319152.243, 92
Trd, 4319154.593, 93
Trd, 4319154.843, 93
Trd, 4319156.243, 93
Trd, 4319157.393, 94
Trd, 4319157.743, 93
Trd, 4319158.543, 93
Trd, 4319159.893, 95
Trd, 4319160.993, 95
Trd, 4319162.043, 96
Trd, 4319163.043, 104
Trd, 4319163.293, 103
Trd, 4319168.693, 97
Trd, 4319168.743, 92
Trd, 4319168.993, 98
Trd, 4319170.443, 97
Trd, 4319171.343, 97
Trd, 4319171.443, 95
Trd, 4319174.343, 98
Trd, 4319175.143, 98
Trd, 4319176.993, 98
Trd, 4319178.293, 100
Trd, 4319179.093, 98
Trd, 4319179.143, 95
Trd, 4319180.493, 99
Trd, 4319181.893, 97
Trd, 4319183.493, 99
Trd, 4319184.543, 98
Trd, 4319187.643, 95
Trd, 4319191.093, 97
Trd, 4319193.893, 95
Trd, 4319194.243, 97
Trd, 4319194.393, 97
Trd, 4319194.743, 96
Trd, 4319196.893, 95
Trd, 4319198.693, 96
Trd, 4319199.543, 95
Trd, 4319201.393, 97
Trd, 4319202.493, 97
Trd, 4319203.193, 96
Trd, 4319203.643, 95
Trd, 4319205.693, 95
Trd, 4319206.643, 94
Trd, 4319207.393, 94
Trd, 4319211.243, 96
Trd, 4319213.293, 96
Trd, 4319213.643, 96
Trd, 4319214.793, 100
Trd, 4319215.193, 101
Trd, 4319215.593, 101
Trd, 4319217.243, 102
Trd, 4319218.943, 110
Trd, 4319220.693, 99
Trd, 4319223.193, 104
Trd, 4319225.943, 103
Trd, 4319226.143, 102
Trd, 4319228.243, 102
Trd, 4319230.143, 103
Trd, 4319230.693, 102
Trd, 4319231.893, 95
Trd, 4319232.943, 103
Trd, 4319234.393, 103
Trd, 4319235.943, 104
Trd, 4319236.493, 104
Trd, 4319236.893, 104
Trd, 4319240.693, 104
Trd, 4319240.743, 103
Trd, 4319242.193, 103
Trd, 4319242.293, 105
Trd, 4319246.793, 99
Trd, 4319247.993, 98
Trd, 4319248.243, 99
Trd, 4319249.293, 99
Trd, 4319250.593, 97
Trd, 4319251.943, 98
Trd, 4319254.043, 99
Trd, 4319256.543, 98
Trd, 4319256.693, 97
Trd, 4319257.143, 97
Trd, 4319258.493, 99
Trd, 4319259.143, 85
Trd, 4319260.543, 91
Trd, 4319262.493, 91
Trd, 4319263.343, 83
Trd, 4319264.293, 91
Trd, 4319266.393, 91
Trd, 4319267.343, 91
Trd, 4319268.993, 91
Trd, 4319270.243, 91
Trd, 4319270.793, 92
Trd, 4319272.043, 96
Trd, 4319272.493, 96
Trd, 4319272.993, 98
Trd, 4319274.893, 100
Trd, 4319276.843, 98
Trd, 4319277.543, 98
Trd, 4319278.093, 95
Trd, 4319282.143, 97
Trd, 4319282.293, 97
Trd, 4319283.943, 96
Trd, 4319284.393, 95
Trd, 4319286.493, 97
Trd, 4319287.493, 96
Trd, 4319288.443, 95
Trd, 4319288.893, 94
Trd, 4319289.443, 94
Trd, 4319291.443, 95
Trd, 4319293.243, 95
Trd, 4319295.043, 95
Trd, 4319295.693, 93
Trd, 4319296.293, 99
Trd, 4319298.193, 102
Trd, 4319298.693, 103
Trd, 4319299.593, 105
Trd, 4319300.343, 85
Trd, 4319303.993, 103
Trd, 4319304.843, 105
Trd, 4319307.243, 105
Trd, 4319308.593, 105
Trd, 4319309.393, 106
Trd, 4319311.943, 104
Trd, 4319311.993, 97
Trd, 4319312.493, 105
Trd, 4319312.693, 104
Trd, 4319317.643, 103
Trd, 4319318.343, 103
Trd, 4319319.443, 102
Trd, 4319320.143, 102
Trd, 4319322.093, 101
Trd, 4319323.593, 101
Trd, 4319323.793, 95
Trd, 4319325.243, 92
Trd, 4319325.993, 96
Trd, 4319329.693, 92
Trd, 4319329.793, 92
Trd, 4319330.893, 92
Trd, 4319332.243, 93
Trd, 4319334.543, 96
Trd, 4319336.743, 95
Trd, 4319337.493, 94
Trd, 4319338.593, 95
Trd, 4319338.793, 94
Trd, 4319341.943, 94
Trd, 4319342.143, 95
Trd, 4319342.993, 93
Trd, 4319345.743, 95
Trd, 4319345.943, 95
Trd, 4319346.193, 94
Trd, 4319346.293, 93
Trd, 4319347.493, 95
Trd, 4319350.643, 93
Trd, 4319351.943, 94
Trd, 4319352.143, 94
Trd, 4319352.343, 94
Trd, 4319354.143, 93
Trd, 4319356.543, 94
Trd, 4319357.493, 95
Trd, 4319358.193, 94
Trd, 4319358.893, 93
Trd, 4319361.693, 95
Trd, 4319362.443, 94
Trd, 4319364.343, 94
Trd, 4319364.593, 94
Trd, 4319366.143, 93
Trd, 4319366.993, 96
Trd, 4319369.543, 96
Trd, 4319370.193, 90
Trd, 4319372.143, 96
Trd, 4319373.143, 97
Trd, 4319374.343, 97
Trd, 4319375.193, 96
Trd, 4319375.743, 100
Trd, 4319375.793, 98
Trd, 4319378.393, 84
Trd, 4319378.643, 96
Trd, 4319381.193, 98
Trd, 4319384.343, 98
Trd, 4319384.893, 97
Trd, 4319387.543, 98
Trd, 4319387.593, 98
Trd, 4319390.493, 98
Trd, 4319390.843, 97
Trd, 4319391.593, 99
Trd, 4319392.043, 96
Trd, 4319392.743, 98
Trd, 4319397.343, 95
Trd, 4319399.193, 97
Trd, 4319399.243, 96
Trd, 4319401.343, 97
Trd, 4319403.793, 96
Trd, 4319406.043, 95
Trd, 4319408.893, 96
Trd, 4319409.193, 95
Trd, 4319410.193, 98
Trd, 4319411.143, 98
Trd, 4319411.193, 97
Trd, 4319413.843, 96
Trd, 4319414.593, 97
Trd, 4319416.743, 97
Trd, 4319419.343, 95
Trd, 4319420.443, 97
Trd, 4319421.143, 97
Trd, 4319421.443, 97
Trd, 4319422.393, 96
Trd, 4319426.493, 95
Trd, 4319427.693, 91
Trd, 4319430.643, 87
Trd, 4319432.143, 89
Trd, 4319432.993, 87
Trd, 4319434.893, 87
Trd, 4319435.243, 88
Trd, 4319436.393, 89
Trd, 4319437.643, 87
Trd, 4319438.143, 90
Trd, 4319439.943, 95
Trd, 4319440.943, 91
Trd, 4319442.293, 91
Trd, 4319444.393, 90
Trd, 4319444.593, 86
Trd, 4319446.243, 89
Trd, 4319446.993, 90
Trd, 4319447.743, 91
Trd, 4319451.493, 95
Trd, 4319452.093, 97
Trd, 4319452.393, 96
Trd, 4319453.393, 95
Trd, 4319455.193, 95
Trd, 4319458.993, 96
Trd, 4319460.293, 95
Trd, 4319460.393, 94
Trd, 4319460.943, 94
Trd, 4319461.943, 96
Trd, 4319463.693, 97
Trd, 4319464.543, 96
Trd, 4319465.693, 96
Trd, 4319465.993, 97
Trd, 4319466.443, 97
Trd, 4319467.943, 95
Trd, 4319468.093, 98
Trd, 4319473.893, 96
Trd, 4319478.393, 97
Trd, 4319480.543, 96
Trd, 4319481.743, 95
Trd, 4319482.593, 97
Trd, 4319485.693, 97
Trd, 4319485.893, 97
Trd, 4319486.443, 95
Trd, 4319487.693, 94
Trd, 4319488.343, 97
Trd, 4319491.593, 95
Trd, 4319492.693, 97
Trd, 4319499.043, 96
Trd, 4319499.543, 97
Trd, 4319502.343, 96
Trd, 4319502.643, 95
Trd, 4319503.543, 95
Trd, 4319504.293, 96
Trd, 4319504.693, 94
Trd, 4319508.393, 95
Trd, 4319509.443, 96
Trd, 4319511.643, 96
Trd, 4319512.143, 95
Trd, 4319512.193, 96
Trd, 4319514.543, 99
Trd, 4319514.893, 97
Trd, 4319516.243, 96
Trd, 4319520.293, 97
Trd, 4319520.843, 96
Trd, 4319521.243, 97
Trd, 4319522.943, 95
Trd, 4319525.143, 97
Trd, 4319527.393, 97
Trd, 4319527.693, 97
Trd, 4319528.743, 95
Trd, 4319530.443, 97
Trd, 4319532.243, 96
Trd, 4319534.493, 93
Trd, 4319539.193, 85
Trd, 4319542.493, 96
Trd, 4319543.093, 96
Trd, 4319543.943, 96
Trd, 4319544.193, 97
Trd, 4319547.893, 95
Trd, 4319553.443, 97
Trd, 4319554.393, 95
Trd, 4319556.343, 96
Trd, 4319559.543, 96
Trd, 4319559.593, 95
Trd, 4319560.243, 95
Trd, 4319560.993, 95
Trd, 4319561.993, 99
Trd, 4319562.543, 99
Trd, 4319563.693, 99
Trd, 4319566.743, 89
Trd, 4319569.093, 98
Trd, 4319570.743, 98
Trd, 4319571.443, 97
Trd, 4319572.643, 95
Trd, 4319574.293, 98
Trd, 4319576.393, 99
Trd, 4319577.343, 99
Trd, 4319577.493, 99
Trd, 4319579.093, 97
Trd, 4319582.693, 99
Trd, 4319582.793, 98
Trd, 4319585.593, 99
Trd, 4319587.993, 97
Trd, 4319589.293, 96
Trd, 4319596.093, 99
Trd, 4319596.743, 97
Trd, 4319599.443, 96
Trd, 4319600.293, 99
Trd, 4319606.993, 97
Trd, 4319610.693, 99
Trd, 4319613.393, 99
Trd, 4319614.743, 98
Trd, 4319614.893, 97
Trd, 4319617.443, 97
Trd, 4319618.093, 98
Trd, 4319618.893, 98
Trd, 4319622.743, 96
Trd, 4319625.893, 96
Trd, 4319628.993, 96
Trd, 4319629.993, 97
Trd, 4319632.993, 97
Trd, 4319634.593, 97
Trd, 4319636.243, 96
Trd, 4319636.743, 96
Trd, 4319637.593, 95
Trd, 4319638.443, 97
Trd, 4319639.743, 96
Trd, 4319641.743, 96
Trd, 4319643.043, 95
Trd, 4319643.293, 95
Trd, 4319643.743, 97
Trd, 4319644.593, 97
Trd, 4319645.693, 91
Trd, 4319649.043, 96
Trd, 4319652.393, 96
Trd, 4319652.793, 96
Trd, 4319653.643, 97
Trd, 4319654.693, 95
Trd, 4319654.893, 97
Trd, 4319659.893, 96
Trd, 4319660.743, 97
Trd, 4319661.393, 95
Trd, 4319662.593, 96
Trd, 4319668.343, 97
Trd, 4319670.893, 97
Trd, 4319671.843, 97
Trd, 4319674.643, 96
Trd, 4319675.393, 96
Trd, 4319676.143, 96
Trd, 4319677.243, 95
Trd, 4319679.843, 96
Trd, 4319680.143, 93
Trd, 4319682.443, 94
Trd, 4319683.093, 95
Trd, 4319683.193, 94
Trd, 4319686.393, 94
Trd, 4319686.793, 93
Trd, 4319689.343, 88
Trd, 4319689.693, 94
Trd, 4319692.343, 90
Trd, 4319693.493, 95
Trd, 4319693.893, 97
Trd, 4319694.743, 96
Trd, 4319696.843, 95
Trd, 4319698.343, 95
Trd, 4319698.893, 95
Trd, 4319699.943, 99
Trd, 4319700.843, 100
Trd, 4319701.243, 98
Trd, 4319703.193, 91
Trd, 4319704.843, 97
Trd, 4319706.093, 95
Trd, 4319706.143, 98
Trd, 4319709.893, 96
Trd, 4319710.293, 98
Trd, 4319711.243, 96
Trd, 4319713.293, 98
Trd, 4319716.743, 98
Trd, 4319719.043, 98
Trd, 4319719.093, 97
Trd, 4319722.193, 98
Trd, 4319724.343, 98
Trd, 4319725.743, 97
Trd, 4319726.443, 98
Trd, 4319726.493, 97
Trd, 4319726.543, 98
Trd, 4319729.343, 88
Trd, 4319732.643, 97
Trd, 4319734.643, 96
Trd, 4319734.993, 95
Trd, 4319740.043, 97
Trd, 4319740.643, 96
Trd, 4319742.043, 94
Trd, 4319743.943, 98
Trd, 4319745.093, 108
Trd, 4319745.293, 103
Trd, 4319746.493, 102
Trd, 4319747.093, 96
Trd, 4319749.343, 101
Trd, 4319750.043, 102
Trd, 4319752.843, 98
Trd, 4319754.293, 98
Trd, 4319754.543, 98
Trd, 4319754.743, 95
Trd, 4319756.343, 98
Trd, 4319757.793, 100
Trd, 4319758.743, 95
Trd, 4319760.843, 99
Trd, 4319761.543, 97
Trd, 4319764.043, 99
Trd, 4319767.893, 97
Trd, 4319770.143, 98
Trd, 4319770.743, 97
Trd, 4319772.393, 97
Trd, 4319772.493, 96
Trd, 4319773.143, 95
Trd, 4319775.343, 96
Trd, 4319779.143, 96
Trd, 4319779.193, 96
Trd, 4319780.843, 95
Trd, 4319781.943, 96
Trd, 4319782.643, 94
Trd, 4319783.393, 97
Trd, 4319784.843, 97
Trd, 4319786.543, 95
Trd, 4319787.543, 97
Trd, 4319791.693, 97
Trd, 4319792.943, 96
Trd, 4319794.793, 96
Trd, 4319795.143, 95
Trd, 4319796.143, 96
Trd, 4319797.243, 96
Trd, 4319797.893, 95
Trd, 4319797.993, 96
Trd, 4319799.493, 97
Trd, 4319800.893, 95
Trd, 4319804.893, 96
Trd, 4319806.193, 95
Trd, 4319806.243, 95
Trd, 4319808.693, 100
Trd, 4319809.143, 100
Trd, 4319810.143, 99
Trd, 4319810.843, 97
Trd, 4319811.093, 98
Trd, 4319814.843, 97
Trd, 4319815.893, 98
Trd, 4319817.393, 97
Trd, 4319821.743, 98
Trd, 4319824.493, 98
Trd, 4319824.843, 95
Trd, 4319827.443, 98
Trd, 4319830.643, 98
Trd, 4319831.143, 97
Trd, 4319834.293, 98
Trd, 4319835.943, 97
Trd, 4319839.143, 98
Trd, 4319842.293, 95
Trd, 4319843.193, 98
Trd, 4319845.343, 98
Trd, 4319845.443, 98
Trd, 4319846.543, 97
Trd, 4319847.693, 95
Trd, 4319851.293, 96
Trd, 4319851.443, 95
Trd, 4319852.743, 96
Trd, 4319853.493, 101
Trd, 4319855.393, 96
Trd, 4319856.393, 97
Trd, 4319857.443, 96
Trd, 4319859.493, 103
Trd, 4319862.693, 98
Trd, 4319863.943, 97
Trd, 4319864.343, 88
Trd, 4319867.443, 96
Trd, 4319867.893, 95
Trd, 4319869.893, 96
Trd, 4319870.893, 96
Trd, 4319871.193, 95
Trd, 4319874.343, 95
Trd, 4319874.493, 95
Trd, 4319875.993, 91
Trd, 4319876.843, 86
Trd, 4319880.143, 89
Trd, 4319880.293, 79
Trd, 4319884.093, 88
Trd, 4319884.543, 88
Trd, 4319885.593, 89
Trd, 4319885.993, 89
Trd, 4319886.993, 88
Trd, 4319887.693, 88
Trd, 4319889.843, 95
Trd, 4319891.493, 88
Trd, 4319891.593, 92
Trd, 4319894.343, 90
Trd, 4319895.943, 90
Trd, 4319896.643, 92
Trd, 4319896.893, 91
Trd, 4319898.893, 94
Trd, 4319899.293, 96
Trd, 4319903.643, 95
Trd, 4319903.693, 96
Trd, 4319903.893, 95
Trd, 4319904.243, 96
Trd, 4319906.993, 96
Trd, 4319907.243, 96
Trd, 4319908.243, 97
Trd, 4319908.793, 95
Trd, 4319909.043, 95
Trd, 4319912.393, 97
Trd, 4319915.393, 95
Trd, 4319916.293, 96
Trd, 4319916.543, 95
Trd, 4319919.893, 95
Trd, 4319920.893, 95
Trd, 4319921.693, 94
Trd, 4319922.093, 95
Trd, 4319923.793, 95
Trd, 4319925.443, 94
Trd, 4319926.593, 95
Trd, 4319927.893, 93
Trd, 4319929.193, 93
Trd, 4319929.543, 93
Trd, 4319931.643, 94
Trd, 4319933.243, 94
Trd, 4319933.593, 92
Trd, 4319935.993, 95
Trd, 4319937.193, 95
Trd, 4319938.493, 92
Trd, 4319942.643, 95
Trd, 4319942.843, 95
Trd, 4319943.993, 93
Trd, 4319944.743, 95
Trd, 4319945.093, 96
Trd, 4319946.443, 96
Trd, 4319950.693, 95
Trd, 4319952.193, 96
Trd, 4319954.543, 96
Trd, 4319955.093, 95
Trd, 4319955.643, 95
Trd, 4319957.143, 96
Trd, 4319959.643, 96
Trd, 4319960.643, 95
Trd, 4319961.093, 95
Trd, 4319961.443, 96
Trd, 4319964.743, 95
Trd, 4319966.743, 96
Trd, 4319970.143, 94
Trd, 4319972.043, 96
Trd, 4319972.193, 95
Trd, 4319974.243, 95
Trd, 4319974.793, 95
Trd, 4319976.443, 94
Trd, 4319980.343, 95
Trd, 4319980.543, 95
Trd, 4319981.743, 96
Trd, 4319982.493, 94
Trd, 4319983.193, 89
Trd, 4319984.393, 94
Trd, 4319986.243, 91
Trd, 4319990.143, 92
Trd, 4319990.343, 92
Trd, 4319990.593, 92
Trd, 4319993.293, 87
Trd, 4319993.743, 92
Trd, 4319995.993, 91
Trd, 4319996.293, 92
Trd, 4319997.243, 92
Trd, 4319998.393, 92
Trd, 4319999.843, 95
