Trd, 4317849.543, 93
Trd, 4317850.443, 94
Trd, 4317851.393, 94
Trd, 4317852.543, 94
Trd, 4317855.093, 94
Trd, 4317857.043, 95
Trd, 4317857.893, 95
Trd, 4317859.443, 95
Trd, 4317860.993, 94
Trd, 4317861.493, 95
Trd, 4317864.643, 95
Trd, 4317865.193, 94
Trd, 4317866.543, 95
Trd, 4317868.093, 95
Trd, 4317872.343, 95
Trd, 4317873.743, 94
Trd, 4317874.743, 94
Trd, 4317875.343, 93
Trd, 4317875.443, 96
Trd, 4317875.843, 102
Trd, 4317877.393, 98
Trd, 4317879.893, 93
Trd, 4317880.393, 94
Trd, 4317880.743, 95
Trd, 4317886.693, 93
Trd, 4317886.793, 95
Trd, 4317889.393, 94
Trd, 4317889.993, 93
Trd, 4317891.043, 94
Trd, 4317891.793, 112
Trd, 4317895.293, 102
Trd, 4317895.493, 101
Trd, 4317898.493, 96
Trd, 4317898.743, 98
Trd, 4317901.793, 95
Trd, 4317902.493, 95
Trd, 4317902.543, 95
Trd, 4317902.893, 104
Trd, 4317905.643, 98
Trd, 4317907.893, 95
Trd, 4317909.843, 90
Trd, 4317911.643, 88
Trd, 4317911.943, 88
Trd, 4317913.343, 88
Trd, 4317915.043, 89
Trd, 4317915.943, 88
Trd, 4317917.043, 87
Trd, 4317919.893, 88
Trd, 4317920.043, 95
Trd, 4317921.943, 88
Trd, 4317923.893, 88
Trd, 4317925.993, 88
Trd, 4317927.443, 88
Trd, 4317927.743, 88
Trd, 4317929.743, 87
Trd, 4317929.893, 89
Trd, 4317933.443, 88
Trd, 4317933.493, 89
Trd, 4317934.093, 104
Trd, 4317936.543, 89
Trd, 4317938.093, 88
Trd, 4317939.993, 89
Trd, 4317941.343, 89
Trd, 4317944.343, 89
Trd, 4317945.243, 90
Trd, 4317945.443, 95
Trd, 4317945.843, 93
Trd, 4317946.093, 104
Trd, 4317948.243, 92
Trd, 4317949.643, 93
Trd, 4317949.793, 93
Trd, 4317951.443, 113
Trd, 4317953.393, 97
Trd, 4317955.243, 92
Trd, 4317956.143, 93
Trd, 4317956.793, 93
Trd, 4317957.993, 95
Trd, 4317958.443, 104
Trd, 4317959.593, 100
Trd, 4317961.393, 96
Trd, 4317961.793, 94
Trd, 4317964.043, 93
Trd, 4317965.093, 93
Trd, 4317965.993, 96
Trd, 4317967.443, 94
Trd, 4317968.793, 92
Trd, 4317968.893, 94
Trd, 4317970.793, 94
Trd, 4317971.993, 95
Trd, 4317972.743, 94
Trd, 4317975.743, 93
Trd, 4317977.443, 93
Trd, 4317977.993, 92
Trd, 4317978.643, 95
Trd, 4317981.243, 93
Trd, 4317983.043, 96
Trd, 4317984.243, 95
Trd, 4317986.343, 93
Trd, 4317986.643, 92
Trd, 4317986.693, 94
Trd, 4317987.843, 93
Trd, 4317989.343, 93
Trd, 4317989.393, 104
Trd, 4317993.793, 95
Trd, 4317994.793, 95
Trd, 4317996.343, 95
Trd, 4317998.143, 95
Trd, 4317998.993, 95
Trd, 4318000.093, 95
Trd, 4318001.793, 94
Trd, 4318002.843, 95
Trd, 4318004.493, 94
Trd, 4318005.593, 95
Trd, 4318007.143, 94
Trd, 4318007.893, 95
Trd, 4318008.993, 94
Trd, 4318009.643, 93
Trd, 4318010.793, 92
Trd, 4318012.693, 81
Trd, 4318013.293, 86
Trd, 4318014.493, 85
Trd, 4318015.143, 84
Trd, 4318016.943, 95
Trd, 4318017.143, 104
Trd, 4318018.093, 95
Trd, 4318019.793, 94
Trd, 4318020.293, 96
Trd, 4318020.893, 97
Trd, 4318024.543, 97
Trd, 4318025.193, 94
Trd, 4318025.243, 102
Trd, 4318028.393, 98
Trd, 4318030.193, 99
Trd, 4318031.793, 95
Trd, 4318031.943, 98
Trd, 4318033.193, 94
Trd, 4318035.643, 95
Trd, 4318035.743, 94
Trd, 4318037.093, 95
Trd, 4318037.493, 94
Trd, 4318039.343, 95
Trd, 4318040.243, 95
Trd, 4318041.393, 95
Trd, 4318042.043, 95
Trd, 4318043.193, 96
Trd, 4318045.143, 99
Trd, 4318046.493, 98
Trd, 4318046.593, 103
Trd, 4318050.443, 98
Trd, 4318051.643, 99
Trd, 4318052.443, 99
Trd, 4318053.243, 100
Trd, 4318057.193, 96
Trd, 4318057.293, 97
Trd, 4318059.493, 97
Trd, 4318060.343, 97
Trd, 4318060.543, 96
Trd, 4318061.843, 96
Trd, 4318062.343, 94
Trd, 4318062.793, 113
Trd, 4318064.843, 93
Trd, 4318065.093, 96
Trd, 4318067.693, 92
Trd, 4318068.593, 92
Trd, 4318069.393, 92
Trd, 4318071.343, 92
Trd, 4318071.643, 92
Trd, 4318073.643, 91
Trd, 4318073.943, 95
Trd, 4318075.843, 93
Trd, 4318077.543, 91
Trd, 4318077.793, 90
Trd, 4318078.293, 92
Trd, 4318079.343, 104
Trd, 4318080.593, 95
Trd, 4318082.293, 113
Trd, 4318082.643, 108
Trd, 4318085.893, 97
Trd, 4318087.493, 96
Trd, 4318087.843, 96
Trd, 4318087.893, 96
Trd, 4318089.593, 96
Trd, 4318090.593, 95
Trd, 4318091.093, 95
Trd, 4318094.193, 95
Trd, 4318095.243, 94
Trd, 4318095.443, 94
Trd, 4318097.243, 93
Trd, 4318102.843, 93
Trd, 4318102.893, 93
Trd, 4318104.043, 93
Trd, 4318104.593, 94
Trd, 4318107.593, 87
Trd, 4318108.443, 91
Trd, 4318108.493, 90
Trd, 4318110.693, 90
Trd, 4318110.993, 90
Trd, 4318113.643, 95
Trd, 4318114.193, 91
Trd, 4318117.393, 91
Trd, 4318120.193, 94
Trd, 4318120.293, 92
Trd, 4318120.593, 95
Trd, 4318121.343, 93
Trd, 4318124.043, 92
Trd, 4318126.693, 91
Trd, 4318127.943, 104
Trd, 4318132.493, 95
Trd, 4318132.743, 94
Trd, 4318135.043, 94
Trd, 4318137.793, 93
Trd, 4318138.993, 95
Trd, 4318141.643, 94
Trd, 4318141.743, 94
Trd, 4318143.293, 95
Trd, 4318144.893, 93
Trd, 4318145.593, 96
Trd, 4318147.943, 95
Trd, 4318150.793, 94
Trd, 4318151.043, 93
Trd, 4318151.143, 94
Trd, 4318151.743, 94
Trd, 4318154.743, 95
Trd, 4318154.843, 95
Trd, 4318155.043, 104
Trd, 4318158.093, 95
Trd, 4318160.343, 96
Trd, 4318163.043, 95
Trd, 4318163.793, 95
Trd, 4318164.293, 95
Trd, 4318168.143, 95
Trd, 4318168.493, 94
Trd, 4318168.593, 96
Trd, 4318169.943, 97
Trd, 4318171.043, 98
Trd, 4318172.493, 97
Trd, 4318176.293, 95
Trd, 4318177.493, 95
Trd, 4318178.393, 95
Trd, 4318179.293, 95
Trd, 4318181.943, 95
Trd, 4318183.693, 95
Trd, 4318183.893, 94
Trd, 4318184.593, 95
Trd, 4318189.043, 93
Trd, 4318189.893, 94
Trd, 4318191.393, 95
Trd, 4318193.143, 95
Trd, 4318193.593, 94
Trd, 4318195.143, 94
Trd, 4318195.293, 95
Trd, 4318195.793, 95
Trd, 4318196.793, 95
Trd, 4318198.643, 95
Trd, 4318199.793, 93
Trd, 4318201.443, 92
Trd, 4318201.493, 93
Trd, 4318203.743, 95
Trd, 4318204.243, 95
Trd, 4318207.993, 95
Trd, 4318209.543, 95
Trd, 4318210.393, 94
Trd, 4318210.443, 95
Trd, 4318211.493, 95
Trd, 4318215.993, 95
Trd, 4318216.943, 94
Trd, 4318218.743, 93
Trd, 4318219.343, 95
Trd, 4318219.843, 95
Trd, 4318221.393, 95
Trd, 4318222.843, 94
Trd, 4318222.993, 94
Trd, 4318224.593, 94
Trd, 4318226.993, 94
Trd, 4318227.793, 93
Trd, 4318230.193, 95
Trd, 4318231.193, 94
Trd, 4318232.543, 94
Trd, 4318233.143, 95
Trd, 4318235.043, 96
Trd, 4318237.843, 93
Trd, 4318238.743, 93
Trd, 4318239.543, 93
Trd, 4318241.443, 92
Trd, 4318241.893, 93
Trd, 4318245.493, 93
Trd, 4318246.393, 92
Trd, 4318248.193, 91
Trd, 4318248.543, 91
Trd, 4318249.643, 91
Trd, 4318250.243, 95
Trd, 4318250.843, 94
Trd, 4318251.993, 94
Trd, 4318254.993, 94
Trd, 4318255.243, 95
Trd, 4318255.293, 95
Trd, 4318255.393, 96
Trd, 4318257.943, 96
Trd, 4318259.593, 96
Trd, 4318261.293, 99
Trd, 4318262.643, 97
Trd, 4318264.643, 96
Trd, 4318265.093, 94
Trd, 4318265.693, 94
Trd, 4318267.293, 93
Trd, 4318267.893, 96
Trd, 4318270.443, 93
Trd, 4318271.243, 93
Trd, 4318273.193, 91
Trd, 4318274.143, 91
Trd, 4318277.593, 92
Trd, 4318277.993, 91
Trd, 4318278.643, 92
Trd, 4318279.993, 91
Trd, 4318280.443, 91
Trd, 4318281.843, 92
Trd, 4318283.593, 91
Trd, 4318284.943, 95
Trd, 4318285.793, 96
Trd, 4318287.493, 91
Trd, 4318287.643, 90
Trd, 4318287.893, 91
Trd, 4318288.093, 92
Trd, 4318289.743, 93
Trd, 4318292.093, 94
Trd, 4318293.843, 93
Trd, 4318294.893, 92
Trd, 4318295.143, 92
Trd, 4318295.543, 92
Trd, 4318296.893, 95
Trd, 4318298.093, 94
Trd, 4318298.393, 94
Trd, 4318301.643, 93
Trd, 4318301.993, 96
Trd, 4318303.293, 103
Trd, 4318304.043, 101
Trd, 4318307.093, 97
Trd, 4318307.743, 97
Trd, 4318309.593, 96
Trd, 4318310.393, 97
Trd, 4318311.993, 97
Trd, 4318312.993, 96
Trd, 4318314.293, 96
Trd, 4318315.543, 97
Trd, 4318318.493, 98
Trd, 4318318.743, 95
Trd, 4318319.243, 96
Trd, 4318321.693, 95
Trd, 4318322.143, 96
Trd, 4318322.843, 96
Trd, 4318323.143, 104
Trd, 4318324.543, 94
Trd, 4318327.043, 95
Trd, 4318328.443, 96
Trd, 4318331.193, 95
Trd, 4318331.293, 94
Trd, 4318331.443, 96
Trd, 4318332.693, 95
Trd, 4318332.893, 93
Trd, 4318333.993, 93
Trd, 4318334.193, 94
Trd, 4318336.443, 95
Trd, 4318336.993, 93
Trd, 4318338.443, 95
Trd, 4318340.693, 95
Trd, 4318340.893, 104
Trd, 4318344.693, 95
Trd, 4318346.543, 95
Trd, 4318346.743, 95
Trd, 4318349.543, 94
Trd, 4318350.443, 95
Trd, 4318350.793, 94
Trd, 4318353.393, 95
Trd, 4318353.843, 95
Trd, 4318353.893, 95
Trd, 4318354.543, 94
Trd, 4318358.393, 94
Trd, 4318359.943, 94
Trd, 4318361.243, 93
Trd, 4318361.393, 94
Trd, 4318365.943, 95
Trd, 4318366.943, 122
Trd, 4318367.893, 100
Trd, 4318371.193, 98
Trd, 4318371.543, 97
Trd, 4318372.343, 97
Trd, 4318373.343, 97
Trd, 4318374.093, 96
Trd, 4318374.943, 93
Trd, 4318375.243, 92
Trd, 4318377.993, 90
Trd, 4318378.093, 90
Trd, 4318380.843, 90
Trd, 4318381.493, 91
Trd, 4318383.493, 91
Trd, 4318384.593, 95
Trd, 4318386.793, 103
Trd, 4318389.243, 93
Trd, 4318391.593, 96
Trd, 4318392.543, 95
Trd, 4318393.143, 96
Trd, 4318394.293, 94
Trd, 4318396.193, 92
Trd, 4318397.493, 92
Trd, 4318398.293, 92
Trd, 4318398.643, 95
Trd, 4318399.593, 93
Trd, 4318400.143, 93
Trd, 4318400.343, 104
Trd, 4318403.693, 98
Trd, 4318404.343, 95
Trd, 4318405.443, 94
Trd, 4318406.593, 95
Trd, 4318408.693, 96
Trd, 4318410.143, 94
Trd, 4318411.293, 94
Trd, 4318412.293, 95
Trd, 4318414.343, 94
Trd, 4318417.743, 95
Trd, 4318417.793, 95
Trd, 4318418.393, 96
Trd, 4318421.093, 93
Trd, 4318422.243, 94
Trd, 4318423.443, 92
Trd, 4318424.593, 93
Trd, 4318424.993, 93
Trd, 4318427.693, 93
Trd, 4318428.543, 93
Trd, 4318430.543, 94
Trd, 4318433.443, 94
Trd, 4318434.193, 94
Trd, 4318434.543, 93
Trd, 4318437.143, 92
Trd, 4318438.293, 92
Trd, 4318439.343, 93
Trd, 4318440.293, 93
Trd, 4318441.393, 104
Trd, 4318443.093, 98
Trd, 4318445.743, 95
Trd, 4318446.693, 96
Trd, 4318448.943, 95
Trd, 4318449.043, 95
Trd, 4318450.243, 94
Trd, 4318450.843, 96
Trd, 4318453.293, 95
Trd, 4318455.393, 95
Trd, 4318457.693, 95
Trd, 4318460.143, 94
Trd, 4318460.193, 93
Trd, 4318461.043, 93
Trd, 4318461.443, 97
Trd, 4318462.893, 95
Trd, 4318463.493, 94
Trd, 4318465.343, 93
Trd, 4318465.793, 95
Trd, 4318468.293, 93
Trd, 4318470.493, 94
Trd, 4318471.543, 94
Trd, 4318472.543, 93
Trd, 4318472.643, 94
Trd, 4318472.743, 95
Trd, 4318474.393, 95
Trd, 4318475.243, 96
Trd, 4318476.193, 92
Trd, 4318476.743, 104
Trd, 4318478.993, 94
Trd, 4318479.093, 93
Trd, 4318481.293, 93
Trd, 4318483.343, 92
Trd, 4318484.893, 93
Trd, 4318487.343, 92
Trd, 4318489.843, 92
Trd, 4318490.493, 91
Trd, 4318492.693, 91
Trd, 4318493.093, 90
Trd, 4318494.443, 91
Trd, 4318495.543, 92
Trd, 4318495.893, 92
Trd, 4318496.793, 91
Trd, 4318497.843, 90
Trd, 4318498.793, 90
Trd, 4318499.943, 90
Trd, 4318500.643, 89
Trd, 4318502.093, 95
Trd, 4318504.193, 97
Trd, 4318505.393, 95
Trd, 4318506.293, 94
Trd, 4318506.593, 94
Trd, 4318507.093, 104
Trd, 4318507.593, 97
Trd, 4318510.043, 97
Trd, 4318511.593, 96
Trd, 4318512.893, 95
Trd, 4318514.193, 95
Trd, 4318514.693, 96
Trd, 4318517.593, 93
Trd, 4318518.043, 93
Trd, 4318518.243, 94
Trd, 4318520.943, 92
Trd, 4318522.393, 93
Trd, 4318523.643, 92
Trd, 4318524.643, 91
Trd, 4318525.193, 92
Trd, 4318527.793, 91
Trd, 4318531.543, 91
Trd, 4318532.243, 92
Trd, 4318532.643, 95
Trd, 4318534.493, 91
Trd, 4318535.793, 91
Trd, 4318540.843, 92
Trd, 4318541.343, 90
Trd, 4318542.593, 91
Trd, 4318544.243, 91
Trd, 4318545.793, 92
Trd, 4318547.293, 95
Trd, 4318547.793, 92
Trd, 4318548.343, 104
Trd, 4318550.793, 98
Trd, 4318551.243, 96
Trd, 4318554.793, 96
Trd, 4318555.593, 95
Trd, 4318556.143, 94
Trd, 4318556.293, 103
Trd, 4318557.893, 97
Trd, 4318560.643, 95
Trd, 4318561.193, 96
Trd, 4318562.393, 96
Trd, 4318563.343, 96
Trd, 4318563.893, 96
Trd, 4318565.443, 96
Trd, 4318567.643, 95
Trd, 4318568.293, 103
Trd, 4318570.693, 104
Trd, 4318571.143, 99
Trd, 4318572.943, 99
Trd, 4318574.643, 95
Trd, 4318576.493, 95
Trd, 4318578.693, 95
Trd, 4318579.943, 94
Trd, 4318580.393, 95
Trd, 4318582.693, 95
Trd, 4318583.293, 95
Trd, 4318583.543, 94
Trd, 4318584.293, 93
Trd, 4318585.493, 91
Trd, 4318586.843, 90
Trd, 4318587.143, 91
Trd, 4318589.243, 94
Trd, 4318590.793, 91
Trd, 4318591.093, 95
Trd, 4318593.043, 92
Trd, 4318593.793, 95
Trd, 4318595.293, 94
Trd, 4318596.943, 91
Trd, 4318597.343, 92
Trd, 4318599.093, 92
Trd, 4318601.243, 92
Trd, 4318602.443, 91
Trd, 4318604.493, 92
Trd, 4318605.993, 90
Trd, 4318608.393, 91
Trd, 4318609.393, 92
Trd, 4318609.643, 91
Trd, 4318611.343, 93
Trd, 4318612.743, 92
Trd, 4318613.093, 95
Trd, 4318615.693, 93
Trd, 4318616.693, 93
Trd, 4318616.943, 92
Trd, 4318618.393, 95
Trd, 4318620.293, 91
Trd, 4318621.043, 90
Trd, 4318623.343, 91
Trd, 4318623.743, 91
Trd, 4318626.393, 91
Trd, 4318627.143, 91
Trd, 4318628.543, 90
Trd, 4318629.743, 91
Trd, 4318632.743, 96
Trd, 4318633.643, 91
Trd, 4318634.143, 92
Trd, 4318636.043, 93
Trd, 4318638.093, 93
Trd, 4318639.043, 92
Trd, 4318639.593, 92
Trd, 4318643.143, 93
Trd, 4318645.393, 93
Trd, 4318646.943, 91
Trd, 4318647.293, 90
Trd, 4318648.693, 89
Trd, 4318649.343, 88
Trd, 4318652.293, 86
Trd, 4318652.393, 85
Trd, 4318653.293, 85
Trd, 4318653.593, 95
Trd, 4318656.543, 89
Trd, 4318656.893, 89
Trd, 4318658.043, 92
Trd, 4318659.143, 89
Trd, 4318661.193, 89
Trd, 4318662.943, 88
Trd, 4318663.293, 87
Trd, 4318664.543, 90
Trd, 4318665.943, 89
Trd, 4318667.093, 92
Trd, 4318668.043, 90
Trd, 4318668.743, 91
Trd, 4318670.343, 95
Trd, 4318673.193, 94
Trd, 4318674.543, 93
Trd, 4318678.343, 91
Trd, 4318678.443, 90
Trd, 4318679.493, 90
Trd, 4318679.893, 91
Trd, 4318681.093, 91
Trd, 4318683.893, 90
Trd, 4318684.143, 89
Trd, 4318684.493, 91
Trd, 4318686.843, 89
Trd, 4318687.543, 90
Trd, 4318688.293, 90
Trd, 4318689.943, 90
Trd, 4318692.143, 89
Trd, 4318693.743, 90
Trd, 4318694.793, 90
Trd, 4318696.393, 89
Trd, 4318697.243, 89
Trd, 4318697.743, 89
Trd, 4318698.943, 94
Trd, 4318700.593, 92
Trd, 4318700.943, 92
Trd, 4318704.693, 91
Trd, 4318706.793, 91
Trd, 4318707.243, 91
Trd, 4318709.243, 89
Trd, 4318710.293, 89
Trd, 4318714.243, 89
Trd, 4318715.543, 89
Trd, 4318715.893, 90
Trd, 4318718.193, 92
Trd, 4318718.343, 94
Trd, 4318719.543, 91
Trd, 4318719.793, 95
Trd, 4318723.793, 93
Trd, 4318724.293, 93
Trd, 4318726.093, 91
Trd, 4318727.193, 92
Trd, 4318727.943, 92
Trd, 4318730.393, 92
Trd, 4318732.493, 91
Trd, 4318732.593, 91
Trd, 4318732.943, 91
Trd, 4318736.593, 90
Trd, 4318738.743, 90
Trd, 4318740.193, 90
Trd, 4318740.293, 89
Trd, 4318740.543, 90
Trd, 4318742.843, 90
Trd, 4318742.993, 104
Trd, 4318744.193, 92
Trd, 4318745.143, 93
Trd, 4318746.893, 92
Trd, 4318750.443, 93
Trd, 4318750.543, 94
Trd, 4318755.043, 91
Trd, 4318755.293, 92
Trd, 4318756.043, 93
Trd, 4318757.343, 93
Trd, 4318759.393, 92
Trd, 4318759.943, 92
Trd, 4318761.243, 93
Trd, 4318763.243, 91
Trd, 4318763.643, 93
Trd, 4318765.343, 93
Trd, 4318765.643, 104
Trd, 4318769.493, 93
Trd, 4318769.993, 95
Trd, 4318770.543, 94
Trd, 4318770.893, 94
Trd, 4318772.593, 94
Trd, 4318774.193, 93
Trd, 4318775.943, 94
Trd, 4318777.643, 94
Trd, 4318777.793, 104
Trd, 4318779.043, 114
Trd, 4318780.043, 112
Trd, 4318781.593, 108
Trd, 4318782.043, 107
Trd, 4318783.243, 106
Trd, 4318785.493, 105
Trd, 4318787.593, 96
Trd, 4318790.643, 95
Trd, 4318791.943, 95
Trd, 4318793.343, 95
Trd, 4318794.243, 94
Trd, 4318794.893, 95
Trd, 4318796.893, 95
Trd, 4318797.843, 95
Trd, 4318799.093, 95
Trd, 4318801.443, 112
Trd, 4318802.943, 102
Trd, 4318802.993, 101
Trd, 4318804.943, 97
Trd, 4318806.143, 96
Trd, 4318807.193, 95
Trd, 4318808.193, 94
Trd, 4318808.993, 95
Trd, 4318810.193, 95
Trd, 4318811.843, 95
Trd, 4318813.543, 90
Trd, 4318814.643, 90
Trd, 4318815.843, 94
Trd, 4318817.293, 92
Trd, 4318819.193, 92
Trd, 4318820.743, 93
Trd, 4318820.943, 92
Trd, 4318821.143, 95
Trd, 4318824.243, 93
Trd, 4318827.293, 93
Trd, 4318827.893, 93
Trd, 4318828.893, 94
Trd, 4318832.293, 93
Trd, 4318833.393, 92
Trd, 4318833.943, 93
Trd, 4318834.243, 92
Trd, 4318836.243, 92
Trd, 4318836.793, 92
Trd, 4318836.843, 93
Trd, 4318839.393, 92
Trd, 4318842.293, 91
Trd, 4318842.343, 92
Trd, 4318844.943, 93
Trd, 4318845.543, 95
Trd, 4318846.643, 95
Trd, 4318848.743, 94
Trd, 4318849.193, 96
Trd, 4318850.243, 94
Trd, 4318852.593, 96
Trd, 4318853.243, 103
Trd, 4318856.693, 96
Trd, 4318857.943, 95
Trd, 4318861.293, 96
Trd, 4318862.293, 96
Trd, 4318863.193, 96
Trd, 4318863.493, 94
Trd, 4318865.643, 95
Trd, 4318866.243, 95
Trd, 4318866.743, 96
Trd, 4318870.043, 93
Trd, 4318870.143, 94
Trd, 4318870.943, 95
Trd, 4318873.843, 95
Trd, 4318874.293, 93
Trd, 4318876.293, 94
Trd, 4318879.093, 95
Trd, 4318880.393, 96
Trd, 4318881.793, 96
Trd, 4318882.393, 95
Trd, 4318883.443, 94
Trd, 4318884.743, 95
Trd, 4318885.743, 104
Trd, 4318889.143, 96
Trd, 4318891.093, 96
Trd, 4318891.793, 96
Trd, 4318892.543, 96
Trd, 4318895.143, 94
Trd, 4318896.293, 94
Trd, 4318896.593, 93
Trd, 4318898.393, 94
Trd, 4318899.493, 94
Trd, 4318899.593, 93
Trd, 4318899.993, 95
Trd, 4318902.493, 95
Trd, 4318902.543, 94
Trd, 4318904.843, 93
Trd, 4318905.993, 92
Trd, 4318907.293, 92
Trd, 4318907.943, 92
Trd, 4318909.143, 92
Trd, 4318909.393, 92
Trd, 4318911.443, 91
Trd, 4318912.943, 90
Trd, 4318914.393, 91
Trd, 4318914.493, 95
Trd, 4318916.593, 94
Trd, 4318916.793, 102
Trd, 4318919.343, 98
Trd, 4318920.593, 97
Trd, 4318921.643, 99
Trd, 4318922.393, 101
Trd, 4318924.493, 97
Trd, 4318927.993, 97
Trd, 4318928.443, 96
Trd, 4318929.143, 96
Trd, 4318931.143, 96
Trd, 4318931.343, 104
Trd, 4318934.193, 95
Trd, 4318935.393, 95
Trd, 4318936.843, 93
Trd, 4318937.843, 93
Trd, 4318938.393, 94
Trd, 4318942.843, 86
Trd, 4318943.143, 85
Trd, 4318943.443, 93
Trd, 4318944.843, 90
Trd, 4318944.993, 89
Trd, 4318946.293, 90
Trd, 4318947.243, 95
Trd, 4318948.443, 91
Trd, 4318949.643, 91
Trd, 4318951.643, 95
Trd, 4318952.793, 91
Trd, 4318954.543, 91
Trd, 4318954.743, 91
Trd, 4318956.643, 91
Trd, 4318956.993, 91
Trd, 4318957.793, 104
Trd, 4318959.593, 95
Trd, 4318961.993, 94
Trd, 4318962.943, 95
Trd, 4318963.143, 96
Trd, 4318963.993, 94
Trd, 4318964.793, 88
Trd, 4318966.643, 91
Trd, 4318969.243, 88
Trd, 4318970.093, 88
Trd, 4318971.243, 88
Trd, 4318973.393, 92
Trd, 4318973.593, 89
Trd, 4318975.243, 89
Trd, 4318975.743, 91
Trd, 4318975.793, 95
Trd, 4318978.343, 98
Trd, 4318980.043, 97
Trd, 4318980.293, 103
Trd, 4318981.293, 110
Trd, 4318982.543, 101
Trd, 4318983.843, 102
Trd, 4318986.293, 100
Trd, 4318989.443, 101
Trd, 4318989.943, 101
Trd, 4318990.193, 100
Trd, 4318993.693, 102
Trd, 4318994.443, 102
Trd, 4318996.193, 101
Trd, 4318996.493, 103
Trd, 4318999.143, 104
Trd, 4318999.293, 104
Trd, 4319000.393, 104
Trd, 4319003.393, 98
Trd, 4319004.643, 98
Trd, 4319006.343, 98
Trd, 4319006.693, 98
Trd, 4319008.493, 98
Trd, 4319009.693, 97
Trd, 4319010.543, 95
Trd, 4319014.243, 96
Trd, 4319014.393, 96
Trd, 4319015.993, 95
Trd, 4319017.793, 96
Trd, 4319018.093, 104
Trd, 4319020.593, 94
Trd, 4319020.643, 93
Trd, 4319022.743, 91
Trd, 4319025.043, 90
Trd, 4319025.593, 87
Trd, 4319025.793, 89
Trd, 4319028.043, 94
Trd, 4319028.843, 104
Trd, 4319031.393, 92
Trd, 4319033.893, 96
Trd, 4319036.193, 93
Trd, 4319037.193, 93
Trd, 4319037.443, 93
Trd, 4319038.643, 93
Trd, 4319039.493, 93
Trd, 4319042.593, 92
Trd, 4319044.193, 91
Trd, 4319046.243, 89
Trd, 4319046.343, 95
Trd, 4319047.843, 92
Trd, 4319048.793, 91
Trd, 4319050.543, 92
Trd, 4319051.843, 92
Trd, 4319054.193, 90
Trd, 4319055.243, 92
Trd, 4319055.643, 92
Trd, 4319056.593, 95
Trd, 4319058.593, 92
Trd, 4319058.693, 93
Trd, 4319059.843, 91
Trd, 4319061.693, 93
Trd, 4319063.043, 95
Trd, 4319063.393, 95
Trd, 4319068.293, 92
Trd, 4319069.393, 92
Trd, 4319069.543, 91
Trd, 4319073.843, 92
Trd, 4319075.443, 92
Trd, 4319075.943, 92
Trd, 4319076.293, 92
Trd, 4319077.393, 91
Trd, 4319080.643, 89
Trd, 4319080.843, 93
Trd, 4319081.393, 91
Trd, 4319083.593, 91
Trd, 4319084.343, 90
Trd, 4319084.843, 95
Trd, 4319085.593, 91
Trd, 4319088.043, 90
Trd, 4319090.243, 89
Trd, 4319090.543, 91
Trd, 4319091.943, 91
Trd, 4319093.343, 104
Trd, 4319096.593, 92
Trd, 4319096.843, 91
Trd, 4319098.843, 95
Trd, 4319099.943, 91
Trd, 4319099.993, 91
Trd, 4319100.243, 90
Trd, 4319104.243, 94
Trd, 4319105.743, 92
Trd, 4319107.943, 92
Trd, 4319108.343, 103
Trd, 4319111.043, 97
Trd, 4319111.393, 98
Trd, 4319112.543, 96
Trd, 4319115.093, 94
Trd, 4319116.193, 95
Trd, 4319116.493, 95
Trd, 4319118.643, 95
Trd, 4319121.343, 91
Trd, 4319121.393, 94
Trd, 4319121.993, 92
Trd, 4319125.143, 95
Trd, 4319127.693, 92
Trd, 4319129.543, 91
Trd, 4319131.593, 92
Trd, 4319131.943, 91
Trd, 4319133.993, 91
Trd, 4319135.943, 91
Trd, 4319136.643, 90
Trd, 4319138.243, 89
Trd, 4319138.893, 89
Trd, 4319138.993, 104
Trd, 4319139.643, 92
Trd, 4319142.043, 92
Trd, 4319143.943, 91
Trd, 4319146.193, 92
Trd, 4319147.943, 92
Trd, 4319147.993, 92
Trd, 4319150.743, 92
Trd, 4319151.693, 92
Trd, 4319154.193, 91
Trd, 4319154.743, 90
Trd, 4319156.293, 90
Trd, 4319156.993, 92
Trd, 4319157.693, 95
Trd, 4319160.443, 91
Trd, 4319162.693, 92
Trd, 4319162.793, 92
Trd, 4319164.643, 92
Trd, 4319165.643, 94
Trd, 4319167.093, 93
Trd, 4319167.543, 95
Trd, 4319168.743, 95
Trd, 4319169.543, 95
Trd, 4319170.193, 95
Trd, 4319174.443, 94
Trd, 4319175.743, 94
Trd, 4319177.243, 92
Trd, 4319177.643, 91
Trd, 4319179.143, 89
Trd, 4319179.593, 87
Trd, 4319179.843, 85
Trd, 4319180.593, 83
Trd, 4319181.343, 83
Trd, 4319182.443, 95
Trd, 4319185.043, 103
Trd, 4319186.693, 88
Trd, 4319186.793, 104
Trd, 4319191.243, 87
Trd, 4319191.493, 89
Trd, 4319191.543, 89
Trd, 4319193.143, 88
Trd, 4319194.593, 91
Trd, 4319196.043, 91
Trd, 4319199.193, 94
Trd, 4319199.543, 92
Trd, 4319199.943, 92
Trd, 4319200.343, 95
Trd, 4319203.443, 93
Trd, 4319203.943, 93
Trd, 4319204.843, 95
Trd, 4319205.543, 104
Trd, 4319206.643, 98
Trd, 4319208.893, 97
Trd, 4319209.993, 96
Trd, 4319211.743, 95
Trd, 4319211.943, 96
Trd, 4319212.043, 98
Trd, 4319213.593, 95
Trd, 4319213.993, 99
Trd, 4319216.043, 119
Trd, 4319219.793, 96
Trd, 4319221.693, 96
Trd, 4319222.143, 96
Trd, 4319222.593, 93
Trd, 4319224.793, 95
Trd, 4319227.143, 95
Trd, 4319227.343, 95
Trd, 4319229.743, 94
Trd, 4319233.043, 95
Trd, 4319234.393, 93
Trd, 4319235.343, 93
Trd, 4319236.993, 91
Trd, 4319237.143, 92
Trd, 4319238.993, 91
Trd, 4319241.893, 88
Trd, 4319243.343, 89
Trd, 4319244.043, 89
Trd, 4319245.743, 93
Trd, 4319245.893, 114
Trd, 4319250.943, 90
Trd, 4319251.243, 91
Trd, 4319251.443, 95
Trd, 4319251.943, 96
Trd, 4319252.243, 94
Trd, 4319252.843, 95
Trd, 4319257.543, 92
Trd, 4319257.793, 92
Trd, 4319257.993, 94
Trd, 4319258.843, 106
Trd, 4319262.843, 91
Trd, 4319264.043, 91
Trd, 4319264.793, 92
Trd, 4319266.693, 91
Trd, 4319267.443, 90
Trd, 4319268.193, 91
Trd, 4319268.493, 92
Trd, 4319271.593, 91
Trd, 4319273.443, 91
Trd, 4319274.193, 91
Trd, 4319275.093, 92
Trd, 4319277.793, 113
Trd, 4319279.593, 98
Trd, 4319281.643, 96
Trd, 4319282.043, 97
Trd, 4319282.943, 96
Trd, 4319283.993, 95
Trd, 4319285.843, 94
Trd, 4319286.443, 95
Trd, 4319288.243, 94
Trd, 4319289.043, 95
Trd, 4319290.593, 94
Trd, 4319294.343, 94
Trd, 4319295.493, 94
Trd, 4319296.343, 95
Trd, 4319296.893, 97
Trd, 4319298.043, 97
Trd, 4319298.943, 95
Trd, 4319300.493, 95
Trd, 4319302.943, 95
Trd, 4319305.843, 95
Trd, 4319306.843, 95
Trd, 4319307.693, 94
Trd, 4319307.943, 94
Trd, 4319308.243, 94
Trd, 4319310.443, 94
Trd, 4319311.243, 96
Trd, 4319311.543, 105
Trd, 4319314.243, 97
Trd, 4319317.293, 96
Trd, 4319317.493, 97
Trd, 4319319.293, 97
Trd, 4319320.043, 96
Trd, 4319321.793, 95
Trd, 4319322.343, 94
Trd, 4319324.543, 95
Trd, 4319324.993, 95
Trd, 4319326.143, 95
Trd, 4319329.043, 95
Trd, 4319329.093, 95
Trd, 4319331.093, 94
Trd, 4319331.793, 95
Trd, 4319332.843, 95
Trd, 4319333.243, 95
Trd, 4319335.043, 90
Trd, 4319335.793, 88
Trd, 4319336.593, 89
Trd, 4319337.743, 91
Trd, 4319338.043, 94
Trd, 4319340.743, 92
Trd, 4319341.293, 91
Trd, 4319343.093, 93
Trd, 4319345.343, 93
Trd, 4319346.943, 91
Trd, 4319347.593, 91
Trd, 4319349.743, 91
Trd, 4319350.293, 95
Trd, 4319351.993, 92
Trd, 4319353.343, 90
Trd, 4319353.893, 92
Trd, 4319357.443, 91
Trd, 4319357.743, 91
Trd, 4319358.993, 90
Trd, 4319360.493, 92
Trd, 4319360.993, 90
Trd, 4319363.543, 91
Trd, 4319364.943, 104
Trd, 4319365.293, 113
Trd, 4319368.593, 95
Trd, 4319369.093, 99
Trd, 4319372.143, 93
Trd, 4319372.593, 92
Trd, 4319372.793, 93
Trd, 4319374.543, 92
Trd, 4319375.343, 93
Trd, 4319378.143, 93
Trd, 4319378.193, 93
Trd, 4319380.393, 105
Trd, 4319382.343, 94
Trd, 4319384.493, 94
Trd, 4319385.493, 92
Trd, 4319385.793, 93
Trd, 4319387.093, 92
Trd, 4319387.143, 94
Trd, 4319389.893, 95
Trd, 4319391.293, 94
Trd, 4319393.043, 93
Trd, 4319394.893, 94
Trd, 4319395.393, 94
Trd, 4319397.793, 103
Trd, 4319397.943, 99
Trd, 4319398.543, 97
Trd, 4319401.843, 97
Trd, 4319401.993, 104
Trd, 4319404.793, 97
Trd, 4319405.943, 95
Trd, 4319406.693, 96
Trd, 4319407.293, 96
Trd, 4319409.143, 96
Trd, 4319410.793, 96
Trd, 4319413.093, 96
Trd, 4319413.993, 96
Trd, 4319415.943, 95
Trd, 4319416.793, 94
Trd, 4319418.293, 94
Trd, 4319419.293, 94
Trd, 4319419.793, 94
Trd, 4319420.793, 95
Trd, 4319424.593, 94
Trd, 4319426.643, 94
Trd, 4319427.143, 94
Trd, 4319428.893, 94
Trd, 4319429.443, 94
Trd, 4319429.543, 95
Trd, 4319431.193, 93
Trd, 4319431.593, 95
Trd, 4319432.093, 93
Trd, 4319432.343, 104
Trd, 4319436.793, 92
Trd, 4319437.843, 91
Trd, 4319439.743, 88
Trd, 4319439.793, 90
Trd, 4319440.293, 89
Trd, 4319441.093, 93
Trd, 4319441.893, 95
Trd, 4319445.193, 91
Trd, 4319446.543, 91
Trd, 4319447.593, 92
Trd, 4319449.743, 92
Trd, 4319450.393, 93
Trd, 4319451.343, 92
Trd, 4319453.043, 91
Trd, 4319454.943, 92
Trd, 4319456.693, 91
Trd, 4319458.543, 90
Trd, 4319461.293, 90
Trd, 4319461.943, 90
Trd, 4319462.243, 90
Trd, 4319462.393, 95
Trd, 4319464.743, 92
Trd, 4319467.143, 92
Trd, 4319467.893, 91
Trd, 4319468.593, 92
Trd, 4319468.793, 95
Trd, 4319470.493, 94
Trd, 4319472.193, 104
Trd, 4319473.243, 94
Trd, 4319476.043, 95
Trd, 4319476.093, 95
Trd, 4319476.443, 94
Trd, 4319478.443, 95
Trd, 4319480.293, 94
Trd, 4319481.043, 95
Trd, 4319483.443, 94
Trd, 4319483.843, 93
Trd, 4319485.243, 104
Trd, 4319486.493, 96
Trd, 4319487.443, 99
Trd, 4319488.093, 99
Trd, 4319489.143, 97
Trd, 4319489.943, 99
Trd, 4319492.543, 94
Trd, 4319492.843, 95
Trd, 4319493.893, 96
Trd, 4319494.343, 97
Trd, 4319498.193, 96
Trd, 4319499.543, 94
Trd, 4319499.943, 95
Trd, 4319500.843, 95
Trd, 4319503.193, 99
Trd, 4319504.893, 98
Trd, 4319506.643, 97
Trd, 4319506.743, 98
Trd, 4319506.893, 98
Trd, 4319510.743, 96
Trd, 4319511.543, 95
Trd, 4319514.093, 95
Trd, 4319515.993, 95
Trd, 4319516.943, 96
Trd, 4319517.843, 96
Trd, 4319518.143, 113
Trd, 4319521.643, 100
Trd, 4319524.893, 99
Trd, 4319528.293, 96
Trd, 4319528.643, 95
Trd, 4319531.693, 94
Trd, 4319532.093, 95
Trd, 4319534.143, 93
Trd, 4319534.343, 95
Trd, 4319535.893, 94
Trd, 4319536.593, 93
Trd, 4319538.293, 94
Trd, 4319539.393, 95
Trd, 4319540.293, 93
Trd, 4319542.143, 92
Trd, 4319543.743, 91
Trd, 4319544.843, 91
Trd, 4319545.493, 90
Trd, 4319546.143, 92
Trd, 4319547.893, 90
Trd, 4319550.043, 91
Trd, 4319550.443, 105
Trd, 4319552.793, 108
Trd, 4319555.843, 93
Trd, 4319559.993, 93
Trd, 4319560.693, 106
Trd, 4319562.443, 97
Trd, 4319562.893, 100
Trd, 4319564.093, 95
Trd, 4319564.393, 96
Trd, 4319566.993, 95
Trd, 4319567.543, 98
Trd, 4319567.793, 98
Trd, 4319569.393, 96
Trd, 4319572.243, 96
Trd, 4319574.743, 95
Trd, 4319574.943, 96
Trd, 4319576.043, 95
Trd, 4319581.293, 95
Trd, 4319581.943, 95
Trd, 4319582.593, 95
Trd, 4319582.743, 95
Trd, 4319585.643, 95
Trd, 4319585.793, 96
Trd, 4319586.793, 97
Trd, 4319587.493, 95
Trd, 4319590.993, 97
Trd, 4319591.193, 104
Trd, 4319592.793, 97
Trd, 4319594.893, 104
Trd, 4319596.743, 103
Trd, 4319599.693, 97
Trd, 4319599.743, 98
Trd, 4319601.093, 97
Trd, 4319603.343, 98
Trd, 4319604.293, 98
Trd, 4319605.143, 98
Trd, 4319606.843, 98
Trd, 4319611.393, 97
Trd, 4319612.493, 96
Trd, 4319612.893, 95
Trd, 4319613.893, 95
Trd, 4319613.993, 97
Trd, 4319615.443, 96
Trd, 4319616.193, 105
Trd, 4319618.643, 98
Trd, 4319619.493, 97
Trd, 4319621.043, 98
Trd, 4319625.993, 98
Trd, 4319627.143, 97
Trd, 4319627.293, 95
Trd, 4319628.493, 95
Trd, 4319629.093, 97
Trd, 4319630.393, 104
Trd, 4319633.393, 97
Trd, 4319633.993, 97
Trd, 4319634.493, 97
Trd, 4319636.193, 96
Trd, 4319637.393, 96
Trd, 4319638.943, 96
Trd, 4319639.193, 95
Trd, 4319640.293, 95
Trd, 4319641.443, 95
Trd, 4319644.543, 96
Trd, 4319645.793, 94
Trd, 4319647.093, 95
Trd, 4319649.593, 94
Trd, 4319650.993, 95
Trd, 4319651.293, 95
Trd, 4319653.243, 95
Trd, 4319655.193, 95
Trd, 4319657.893, 95
Trd, 4319660.143, 93
Trd, 4319660.543, 93
Trd, 4319662.043, 93
Trd, 4319663.393, 93
Trd, 4319664.343, 94
Trd, 4319665.593, 94
Trd, 4319667.643, 104
Trd, 4319669.543, 94
Trd, 4319672.293, 93
Trd, 4319673.343, 95
Trd, 4319674.193, 95
Trd, 4319675.693, 93
Trd, 4319676.293, 92
Trd, 4319677.743, 91
Trd, 4319679.093, 89
Trd, 4319681.043, 89
Trd, 4319681.393, 94
Trd, 4319682.343, 93
Trd, 4319686.843, 90
Trd, 4319687.543, 89
Trd, 4319687.743, 90
Trd, 4319688.043, 90
Trd, 4319688.743, 95
Trd, 4319691.193, 104
Trd, 4319691.943, 100
Trd, 4319693.193, 100
Trd, 4319693.843, 99
Trd, 4319698.593, 94
Trd, 4319699.943, 93
Trd, 4319700.093, 93
Trd, 4319700.243, 94
Trd, 4319702.593, 93
Trd, 4319703.743, 94
Trd, 4319705.593, 94
Trd, 4319706.893, 94
Trd, 4319708.743, 111
Trd, 4319709.243, 99
Trd, 4319712.093, 91
Trd, 4319712.843, 91
Trd, 4319714.843, 91
Trd, 4319715.043, 91
Trd, 4319717.093, 96
Trd, 4319717.443, 105
Trd, 4319719.543, 92
Trd, 4319720.593, 94
Trd, 4319723.043, 91
Trd, 4319724.293, 92
Trd, 4319724.643, 92
Trd, 4319724.993, 94
Trd, 4319725.793, 95
Trd, 4319728.193, 96
Trd, 4319729.693, 90
Trd, 4319731.293, 90
Trd, 4319734.193, 90
Trd, 4319735.293, 90
Trd, 4319736.793, 90
Trd, 4319737.143, 89
Trd, 4319739.343, 90
Trd, 4319740.793, 88
Trd, 4319741.743, 89
Trd, 4319742.993, 90
Trd, 4319743.693, 89
Trd, 4319746.343, 90
Trd, 4319747.243, 89
Trd, 4319748.293, 89
Trd, 4319748.343, 96
Trd, 4319751.043, 91
Trd, 4319751.693, 89
Trd, 4319752.293, 88
Trd, 4319752.943, 90
Trd, 4319756.593, 88
Trd, 4319756.693, 89
Trd, 4319757.143, 88
Trd, 4319758.293, 87
Trd, 4319758.493, 86
Trd, 4319761.043, 86
Trd, 4319762.543, 86
Trd, 4319763.243, 86
Trd, 4319764.343, 87
Trd, 4319765.843, 97
Trd, 4319768.743, 89
Trd, 4319769.743, 87
Trd, 4319769.943, 87
Trd, 4319770.043, 91
Trd, 4319771.493, 97
Trd, 4319772.693, 89
Trd, 4319773.543, 85
Trd, 4319773.743, 82
Trd, 4319774.443, 105
Trd, 4319775.293, 91
Trd, 4319776.943, 100
Trd, 4319778.093, 105
Trd, 4319779.943, 91
Trd, 4319782.193, 90
Trd, 4319782.793, 90
Trd, 4319785.293, 90
Trd, 4319786.193, 94
Trd, 4319786.443, 104
Trd, 4319788.193, 95
Trd, 4319790.443, 94
Trd, 4319791.493, 93
Trd, 4319793.293, 94
Trd, 4319794.043, 93
Trd, 4319795.193, 92
Trd, 4319795.693, 95
Trd, 4319796.343, 104
Trd, 4319797.793, 95
Trd, 4319801.543, 95
Trd, 4319803.693, 95
Trd, 4319804.643, 94
Trd, 4319804.893, 93
Trd, 4319805.943, 92
Trd, 4319807.293, 95
Trd, 4319809.643, 94
Trd, 4319810.843, 94
Trd, 4319811.193, 94
Trd, 4319812.243, 94
Trd, 4319813.193, 92
Trd, 4319814.193, 93
Trd, 4319814.543, 95
Trd, 4319815.543, 91
Trd, 4319816.743, 91
Trd, 4319819.893, 91
Trd, 4319820.593, 102
Trd, 4319824.093, 94
Trd, 4319825.293, 94
Trd, 4319825.443, 94
Trd, 4319827.093, 93
Trd, 4319827.743, 94
Trd, 4319828.393, 94
Trd, 4319830.493, 91
Trd, 4319831.193, 95
Trd, 4319832.193, 93
Trd, 4319832.393, 104
Trd, 4319835.743, 94
Trd, 4319839.243, 94
Trd, 4319839.543, 96
Trd, 4319839.793, 104
Trd, 4319844.743, 94
Trd, 4319845.543, 92
Trd, 4319847.343, 92
Trd, 4319847.793, 92
Trd, 4319847.843, 95
Trd, 4319848.343, 104
Trd, 4319849.993, 95
Trd, 4319852.793, 92
Trd, 4319853.743, 93
Trd, 4319855.193, 91
Trd, 4319855.843, 90
Trd, 4319856.143, 90
Trd, 4319858.593, 90
Trd, 4319859.543, 90
Trd, 4319860.243, 90
Trd, 4319861.143, 89
Trd, 4319861.243, 95
Trd, 4319863.843, 94
Trd, 4319864.593, 93
Trd, 4319865.143, 93
Trd, 4319866.093, 96
Trd, 4319866.343, 93
Trd, 4319870.493, 93
Trd, 4319872.093, 94
Trd, 4319873.443, 94
Trd, 4319873.793, 94
Trd, 4319873.943, 95
Trd, 4319878.243, 93
Trd, 4319878.943, 93
Trd, 4319879.393, 93
Trd, 4319879.643, 93
Trd, 4319881.693, 92
Trd, 4319882.293, 93
Trd, 4319884.743, 93
Trd, 4319888.143, 91
Trd, 4319888.293, 93
Trd, 4319890.593, 92
Trd, 4319890.843, 95
Trd, 4319891.493, 104
Trd, 4319896.043, 94
Trd, 4319897.093, 94
Trd, 4319901.193, 94
Trd, 4319902.443, 94
Trd, 4319903.593, 94
Trd, 4319904.493, 94
Trd, 4319904.593, 95
Trd, 4319907.493, 92
Trd, 4319908.493, 92
Trd, 4319909.993, 92
Trd, 4319911.143, 92
Trd, 4319912.143, 91
Trd, 4319912.493, 92
Trd, 4319914.693, 92
Trd, 4319915.993, 95
Trd, 4319916.043, 104
Trd, 4319919.493, 93
Trd, 4319922.443, 91
Trd, 4319922.743, 90
Trd, 4319925.443, 91
Trd, 4319927.193, 89
Trd, 4319929.543, 89
Trd, 4319929.793, 89
Trd, 4319933.293, 88
Trd, 4319934.093, 89
Trd, 4319934.993, 89
Trd, 4319935.543, 89
Trd, 4319935.943, 95
Trd, 4319937.443, 91
Trd, 4319939.593, 100
Trd, 4319940.643, 94
Trd, 4319942.743, 94
Trd, 4319942.893, 95
Trd, 4319943.993, 94
Trd, 4319946.343, 96
Trd, 4319946.993, 96
Trd, 4319948.443, 93
Trd, 4319949.893, 93
Trd, 4319951.093, 93
Trd, 4319953.493, 93
Trd, 4319954.993, 93
Trd, 4319957.943, 93
Trd, 4319958.093, 93
Trd, 4319958.843, 93
Trd, 4319961.343, 93
Trd, 4319963.143, 93
Trd, 4319964.293, 92
Trd, 4319965.443, 91
Trd, 4319966.493, 91
Trd, 4319967.143, 95
Trd, 4319969.543, 95
Trd, 4319970.693, 96
Trd, 4319971.193, 96
Trd, 4319971.993, 96
Trd, 4319974.793, 94
Trd, 4319975.343, 94
Trd, 4319976.793, 95
Trd, 4319977.643, 94
Trd, 4319977.993, 104
Trd, 4319981.593, 95
Trd, 4319982.093, 96
Trd, 4319984.093, 95
Trd, 4319985.543, 95
Trd, 4319986.843, 95
Trd, 4319988.043, 94
Trd, 4319990.443, 95
Trd, 4319991.143, 95
Trd, 4319991.443, 94
Trd, 4319992.993, 95
Trd, 4319993.693, 96
Trd, 4319994.193, 95
Trd, 4319995.293, 94
Trd, 4319997.993, 95
Trd, 4319999.943, 95
