Trd, 4317905.643, 93
Trd, 4317905.693, 92
Trd, 4317908.593, 94
Trd, 4317908.993, 93
Trd, 4317909.893, 92
Trd, 4317912.143, 95
Trd, 4317912.743, 95
Trd, 4317913.393, 94
Trd, 4317916.893, 101
Trd, 4317917.093, 100
Trd, 4317917.243, 97
Trd, 4317917.493, 100
Trd, 4317918.393, 94
Trd, 4317919.243, 92
Trd, 4317920.393, 106
Trd, 4317921.393, 105
Trd, 4317922.043, 74
Trd, 4317923.343, 94
Trd, 4317924.643, 111
Trd, 4317926.993, 107
Trd, 4317927.193, 106
Trd, 4317927.893, 108
Trd, 4317928.743, 93
Trd, 4317930.843, 104
Trd, 4317931.893, 103
Trd, 4317932.893, 102
Trd, 4317933.093, 92
Trd, 4317935.493, 96
Trd, 4317936.043, 98
Trd, 4317937.443, 98
Trd, 4317938.893, 97
Trd, 4317939.293, 95
Trd, 4317939.443, 94
Trd, 4317940.543, 99
Trd, 4317942.893, 94
Trd, 4317943.993, 94
Trd, 4317945.343, 97
Trd, 4317945.643, 104
Trd, 4317946.993, 98
Trd, 4317949.843, 101
Trd, 4317950.043, 99
Trd, 4317950.443, 104
Trd, 4317951.493, 102
Trd, 4317951.543, 101
Trd, 4317952.843, 113
Trd, 4317954.843, 102
Trd, 4317955.843, 95
Trd, 4317956.293, 101
Trd, 4317957.043, 96
Trd, 4317958.643, 97
Trd, 4317960.693, 100
Trd, 4317961.543, 112
Trd, 4317963.243, 101
Trd, 4317964.793, 101
Trd, 4317964.943, 99
Trd, 4317967.793, 98
Trd, 4317968.093, 81
Trd, 4317970.843, 92
Trd, 4317970.993, 90
Trd, 4317971.693, 95
Trd, 4317973.243, 92
Trd, 4317975.143, 96
Trd, 4317976.893, 94
Trd, 4317978.543, 96
Trd, 4317979.593, 96
Trd, 4317980.393, 96
Trd, 4317981.443, 98
Trd, 4317981.943, 97
Trd, 4317983.093, 98
Trd, 4317984.293, 96
Trd, 4317986.443, 99
Trd, 4317987.593, 102
Trd, 4317987.793, 95
Trd, 4317987.843, 94
Trd, 4317989.993, 94
Trd, 4317991.193, 96
Trd, 4317993.293, 97
Trd, 4317994.493, 112
Trd, 4317994.693, 100
Trd, 4317997.093, 101
Trd, 4317998.043, 112
Trd, 4317998.143, 104
Trd, 4318000.943, 103
Trd, 4318002.793, 102
Trd, 4318003.343, 98
Trd, 4318004.493, 96
Trd, 4318004.793, 109
Trd, 4318007.293, 95
Trd, 4318008.293, 101
Trd, 4318009.943, 94
Trd, 4318012.943, 97
Trd, 4318014.093, 97
Trd, 4318014.343, 96
Trd, 4318015.193, 97
Trd, 4318016.993, 98
Trd, 4318017.143, 97
Trd, 4318017.893, 104
Trd, 4318019.193, 96
Trd, 4318020.543, 100
Trd, 4318021.643, 102
Trd, 4318022.493, 100
Trd, 4318024.793, 101
Trd, 4318024.943, 100
Trd, 4318025.743, 106
Trd, 4318026.293, 99
Trd, 4318027.643, 99
Trd, 4318028.393, 109
Trd, 4318028.443, 100
Trd, 4318031.143, 101
Trd, 4318031.643, 100
Trd, 4318032.893, 98
Trd, 4318034.643, 101
Trd, 4318036.393, 96
Trd, 4318038.543, 98
Trd, 4318039.343, 99
Trd, 4318040.443, 98
Trd, 4318041.093, 99
Trd, 4318042.193, 99
Trd, 4318043.993, 98
Trd, 4318045.143, 100
Trd, 4318045.793, 102
Trd, 4318048.093, 103
Trd, 4318049.943, 103
Trd, 4318051.643, 108
Trd, 4318051.793, 103
Trd, 4318052.293, 103
Trd, 4318053.393, 101
Trd, 4318053.843, 101
Trd, 4318054.193, 99
Trd, 4318055.593, 99
Trd, 4318058.143, 102
Trd, 4318059.393, 102
Trd, 4318060.443, 101
Trd, 4318060.543, 101
Trd, 4318063.643, 102
Trd, 4318064.143, 101
Trd, 4318066.393, 107
Trd, 4318066.443, 100
Trd, 4318067.043, 94
Trd, 4318068.593, 96
Trd, 4318069.743, 78
Trd, 4318071.743, 93
Trd, 4318072.493, 92
Trd, 4318073.693, 112
Trd, 4318073.743, 91
Trd, 4318074.743, 94
Trd, 4318075.893, 95
Trd, 4318077.743, 97
Trd, 4318080.393, 98
Trd, 4318081.943, 97
Trd, 4318082.443, 103
Trd, 4318083.693, 100
Trd, 4318084.043, 99
Trd, 4318085.793, 104
Trd, 4318086.593, 102
Trd, 4318088.843, 102
Trd, 4318089.393, 101
Trd, 4318090.243, 100
Trd, 4318090.843, 102
Trd, 4318092.843, 101
Trd, 4318093.093, 100
Trd, 4318095.043, 101
Trd, 4318097.043, 102
Trd, 4318097.743, 101
Trd, 4318098.343, 103
Trd, 4318101.043, 101
Trd, 4318102.743, 102
Trd, 4318103.443, 102
Trd, 4318104.343, 101
Trd, 4318104.643, 98
Trd, 4318104.893, 94
Trd, 4318105.293, 112
Trd, 4318107.743, 97
Trd, 4318108.443, 97
Trd, 4318109.543, 98
Trd, 4318110.793, 97
Trd, 4318112.343, 93
Trd, 4318114.293, 94
Trd, 4318114.993, 96
Trd, 4318115.843, 104
Trd, 4318116.393, 94
Trd, 4318118.443, 97
Trd, 4318119.643, 98
Trd, 4318120.143, 95
Trd, 4318120.543, 95
Trd, 4318123.293, 98
Trd, 4318124.843, 95
Trd, 4318125.543, 95
Trd, 4318126.043, 104
Trd, 4318128.043, 94
Trd, 4318131.193, 93
Trd, 4318131.393, 93
Trd, 4318133.993, 94
Trd, 4318134.143, 96
Trd, 4318135.043, 97
Trd, 4318136.543, 96
Trd, 4318137.243, 95
Trd, 4318139.243, 95
Trd, 4318140.343, 93
Trd, 4318141.893, 77
Trd, 4318142.693, 78
Trd, 4318144.343, 97
Trd, 4318146.693, 90
Trd, 4318147.643, 87
Trd, 4318147.843, 88
Trd, 4318149.043, 113
Trd, 4318153.493, 100
Trd, 4318154.043, 96
Trd, 4318154.243, 94
Trd, 4318154.593, 93
Trd, 4318157.043, 92
Trd, 4318157.893, 94
Trd, 4318158.143, 93
Trd, 4318159.793, 96
Trd, 4318161.793, 96
Trd, 4318163.543, 96
Trd, 4318164.393, 96
Trd, 4318164.543, 95
Trd, 4318166.643, 93
Trd, 4318167.493, 95
Trd, 4318167.793, 92
Trd, 4318169.093, 92
Trd, 4318170.793, 95
Trd, 4318172.143, 91
Trd, 4318172.943, 94
Trd, 4318173.943, 94
Trd, 4318175.543, 94
Trd, 4318177.793, 93
Trd, 4318178.943, 93
Trd, 4318179.093, 76
Trd, 4318181.093, 95
Trd, 4318182.843, 94
Trd, 4318183.393, 93
Trd, 4318184.543, 94
Trd, 4318184.943, 96
Trd, 4318185.343, 110
Trd, 4318186.543, 101
Trd, 4318188.793, 101
Trd, 4318189.843, 100
Trd, 4318191.343, 98
Trd, 4318192.793, 98
Trd, 4318192.843, 99
Trd, 4318192.993, 97
Trd, 4318195.243, 94
Trd, 4318195.443, 95
Trd, 4318197.493, 101
Trd, 4318198.693, 96
Trd, 4318198.793, 93
Trd, 4318201.043, 95
Trd, 4318201.593, 96
Trd, 4318202.093, 94
Trd, 4318203.243, 95
Trd, 4318205.493, 94
Trd, 4318205.543, 95
Trd, 4318208.343, 93
Trd, 4318209.593, 95
Trd, 4318211.493, 94
Trd, 4318212.743, 94
Trd, 4318212.943, 92
Trd, 4318214.343, 79
Trd, 4318215.493, 93
Trd, 4318216.593, 89
Trd, 4318217.293, 89
Trd, 4318219.393, 91
Trd, 4318220.243, 92
Trd, 4318221.243, 94
Trd, 4318221.743, 91
Trd, 4318224.493, 98
Trd, 4318224.793, 99
Trd, 4318225.893, 99
Trd, 4318227.993, 103
Trd, 4318228.443, 77
Trd, 4318232.193, 91
Trd, 4318234.793, 92
Trd, 4318234.943, 90
Trd, 4318235.343, 93
Trd, 4318238.093, 90
Trd, 4318238.193, 89
Trd, 4318238.943, 93
Trd, 4318241.693, 89
Trd, 4318244.643, 91
Trd, 4318244.993, 91
Trd, 4318245.743, 90
Trd, 4318246.893, 91
Trd, 4318247.543, 89
Trd, 4318247.993, 91
Trd, 4318250.443, 89
Trd, 4318251.643, 93
Trd, 4318253.443, 98
Trd, 4318253.943, 97
Trd, 4318254.293, 101
Trd, 4318255.543, 96
Trd, 4318257.843, 111
Trd, 4318258.793, 98
Trd, 4318261.443, 100
Trd, 4318262.193, 104
Trd, 4318262.343, 102
Trd, 4318264.593, 111
Trd, 4318265.543, 108
Trd, 4318266.143, 94
Trd, 4318267.593, 104
Trd, 4318267.693, 103
Trd, 4318270.093, 104
Trd, 4318270.993, 104
Trd, 4318273.943, 112
Trd, 4318274.043, 111
Trd, 4318274.493, 109
Trd, 4318275.043, 103
Trd, 4318276.143, 111
Trd, 4318279.843, 104
Trd, 4318281.093, 105
Trd, 4318281.343, 105
Trd, 4318281.993, 103
Trd, 4318282.093, 106
Trd, 4318284.943, 104
Trd, 4318286.243, 103
Trd, 4318287.043, 104
Trd, 4318288.243, 103
Trd, 4318289.243, 102
Trd, 4318290.243, 93
Trd, 4318290.743, 102
Trd, 4318292.543, 100
Trd, 4318292.643, 101
Trd, 4318293.193, 101
Trd, 4318295.993, 103
Trd, 4318296.443, 102
Trd, 4318296.943, 102
Trd, 4318299.043, 99
Trd, 4318300.593, 103
Trd, 4318300.693, 102
Trd, 4318300.893, 94
Trd, 4318301.093, 111
Trd, 4318302.143, 98
Trd, 4318304.993, 100
Trd, 4318305.593, 100
Trd, 4318305.743, 99
Trd, 4318307.943, 100
Trd, 4318309.143, 100
Trd, 4318310.043, 94
Trd, 4318311.243, 97
Trd, 4318312.693, 99
Trd, 4318316.643, 97
Trd, 4318317.993, 96
Trd, 4318318.343, 97
Trd, 4318319.493, 97
Trd, 4318320.293, 98
Trd, 4318320.943, 97
Trd, 4318321.743, 112
Trd, 4318322.893, 96
Trd, 4318325.593, 99
Trd, 4318327.343, 95
Trd, 4318328.393, 95
Trd, 4318328.493, 94
Trd, 4318331.043, 94
Trd, 4318331.443, 104
Trd, 4318331.493, 94
Trd, 4318332.093, 84
Trd, 4318333.193, 95
Trd, 4318335.043, 91
Trd, 4318336.893, 95
Trd, 4318337.743, 94
Trd, 4318337.993, 92
Trd, 4318339.043, 87
Trd, 4318339.843, 89
Trd, 4318342.793, 95
Trd, 4318344.443, 94
Trd, 4318347.243, 94
Trd, 4318347.543, 92
Trd, 4318347.693, 92
Trd, 4318348.743, 94
Trd, 4318350.393, 93
Trd, 4318350.443, 94
Trd, 4318351.093, 94
Trd, 4318353.693, 93
Trd, 4318353.793, 92
Trd, 4318357.093, 92
Trd, 4318358.093, 95
Trd, 4318358.643, 93
Trd, 4318361.643, 94
Trd, 4318362.793, 95
Trd, 4318363.643, 95
Trd, 4318363.843, 104
Trd, 4318364.043, 93
Trd, 4318365.793, 95
Trd, 4318367.693, 95
Trd, 4318367.843, 94
Trd, 4318368.993, 94
Trd, 4318369.543, 96
Trd, 4318370.543, 93
Trd, 4318373.143, 92
Trd, 4318373.793, 93
Trd, 4318374.593, 92
Trd, 4318375.643, 93
Trd, 4318377.643, 93
Trd, 4318380.143, 93
Trd, 4318381.793, 94
Trd, 4318383.943, 98
Trd, 4318384.243, 97
Trd, 4318385.043, 95
Trd, 4318386.493, 76
Trd, 4318389.293, 95
Trd, 4318389.993, 90
Trd, 4318390.843, 87
Trd, 4318392.293, 92
Trd, 4318395.093, 95
Trd, 4318396.543, 91
Trd, 4318396.593, 90
Trd, 4318397.643, 89
Trd, 4318397.943, 95
Trd, 4318401.093, 90
Trd, 4318402.943, 93
Trd, 4318403.193, 95
Trd, 4318403.843, 95
Trd, 4318405.343, 95
Trd, 4318406.243, 95
Trd, 4318407.693, 95
Trd, 4318407.943, 96
Trd, 4318410.393, 94
Trd, 4318411.843, 95
Trd, 4318414.143, 94
Trd, 4318415.993, 94
Trd, 4318417.243, 80
Trd, 4318417.743, 92
Trd, 4318418.843, 81
Trd, 4318418.943, 95
Trd, 4318421.493, 89
Trd, 4318423.243, 88
Trd, 4318423.943, 87
Trd, 4318424.393, 87
Trd, 4318426.643, 87
Trd, 4318427.293, 86
Trd, 4318428.793, 88
Trd, 4318428.943, 87
Trd, 4318431.143, 95
Trd, 4318431.593, 89
Trd, 4318434.193, 93
Trd, 4318434.943, 94
Trd, 4318434.993, 93
Trd, 4318436.643, 95
Trd, 4318437.493, 93
Trd, 4318437.993, 104
Trd, 4318438.693, 93
Trd, 4318439.343, 94
Trd, 4318440.393, 109
Trd, 4318442.043, 102
Trd, 4318442.593, 103
Trd, 4318443.443, 102
Trd, 4318446.443, 93
Trd, 4318447.943, 95
Trd, 4318450.093, 96
Trd, 4318451.693, 96
Trd, 4318453.393, 94
Trd, 4318454.293, 95
Trd, 4318454.543, 93
Trd, 4318455.693, 94
Trd, 4318457.793, 95
Trd, 4318458.693, 83
Trd, 4318463.143, 93
Trd, 4318463.343, 92
Trd, 4318465.593, 93
Trd, 4318465.943, 94
Trd, 4318466.543, 93
Trd, 4318466.993, 93
Trd, 4318468.443, 94
Trd, 4318470.543, 94
Trd, 4318472.343, 97
Trd, 4318473.893, 97
Trd, 4318474.243, 97
Trd, 4318474.993, 95
Trd, 4318475.093, 97
Trd, 4318476.293, 95
Trd, 4318477.893, 99
Trd, 4318478.993, 100
Trd, 4318479.243, 101
Trd, 4318479.843, 99
Trd, 4318483.693, 112
Trd, 4318484.343, 94
Trd, 4318485.493, 101
Trd, 4318486.343, 92
Trd, 4318486.593, 103
Trd, 4318487.993, 79
Trd, 4318490.693, 94
Trd, 4318491.143, 95
Trd, 4318491.193, 93
Trd, 4318492.043, 96
Trd, 4318492.543, 96
Trd, 4318493.443, 94
Trd, 4318493.843, 110
Trd, 4318497.693, 101
Trd, 4318498.593, 99
Trd, 4318499.693, 99
Trd, 4318500.343, 101
Trd, 4318500.693, 101
Trd, 4318501.943, 101
Trd, 4318502.943, 102
Trd, 4318503.193, 100
Trd, 4318504.843, 99
Trd, 4318505.393, 100
Trd, 4318507.093, 100
Trd, 4318510.043, 101
Trd, 4318510.143, 100
Trd, 4318511.593, 99
Trd, 4318512.493, 113
Trd, 4318514.243, 97
Trd, 4318514.893, 94
Trd, 4318514.943, 104
Trd, 4318519.193, 92
Trd, 4318519.343, 95
Trd, 4318519.743, 92
Trd, 4318520.843, 94
Trd, 4318521.743, 95
Trd, 4318524.243, 100
Trd, 4318524.793, 98
Trd, 4318525.193, 98
Trd, 4318526.693, 94
Trd, 4318529.243, 96
Trd, 4318529.443, 96
Trd, 4318532.043, 95
Trd, 4318532.743, 95
Trd, 4318533.593, 94
Trd, 4318534.843, 95
Trd, 4318535.393, 94
Trd, 4318536.343, 96
Trd, 4318537.593, 95
Trd, 4318540.943, 93
Trd, 4318541.843, 94
Trd, 4318542.543, 95
Trd, 4318542.743, 95
Trd, 4318543.893, 94
Trd, 4318544.193, 95
Trd, 4318546.893, 98
Trd, 4318546.993, 96
Trd, 4318547.843, 85
Trd, 4318550.493, 93
Trd, 4318551.743, 96
Trd, 4318551.893, 93
Trd, 4318553.693, 94
Trd, 4318555.743, 97
Trd, 4318555.893, 94
Trd, 4318557.593, 93
Trd, 4318557.693, 103
Trd, 4318558.943, 100
Trd, 4318560.893, 99
Trd, 4318562.043, 99
Trd, 4318562.893, 98
Trd, 4318565.693, 96
Trd, 4318566.693, 97
Trd, 4318566.943, 97
Trd, 4318567.893, 97
Trd, 4318569.493, 97
Trd, 4318570.243, 98
Trd, 4318570.943, 101
Trd, 4318572.543, 99
Trd, 4318573.943, 102
Trd, 4318575.793, 103
Trd, 4318577.643, 105
Trd, 4318577.693, 103
Trd, 4318577.843, 94
Trd, 4318578.093, 107
Trd, 4318580.493, 95
Trd, 4318580.893, 95
Trd, 4318583.643, 97
Trd, 4318584.293, 94
Trd, 4318585.793, 96
Trd, 4318587.243, 103
Trd, 4318587.693, 99
Trd, 4318587.743, 111
Trd, 4318588.193, 98
Trd, 4318589.893, 98
Trd, 4318591.093, 82
Trd, 4318591.343, 84
Trd, 4318593.993, 95
Trd, 4318595.493, 94
Trd, 4318595.543, 97
Trd, 4318596.843, 95
Trd, 4318597.843, 96
Trd, 4318599.493, 96
Trd, 4318601.043, 95
Trd, 4318602.243, 94
Trd, 4318603.093, 94
Trd, 4318603.493, 95
Trd, 4318604.793, 93
Trd, 4318607.293, 96
Trd, 4318610.293, 99
Trd, 4318610.343, 98
Trd, 4318610.443, 102
Trd, 4318611.843, 97
Trd, 4318613.393, 96
Trd, 4318613.993, 98
Trd, 4318615.543, 96
Trd, 4318617.943, 95
Trd, 4318618.643, 99
Trd, 4318622.443, 99
Trd, 4318622.993, 98
Trd, 4318623.493, 97
Trd, 4318623.893, 98
Trd, 4318626.793, 95
Trd, 4318627.493, 95
Trd, 4318628.743, 94
Trd, 4318629.093, 93
Trd, 4318630.993, 92
Trd, 4318631.493, 94
Trd, 4318631.643, 95
Trd, 4318631.943, 92
Trd, 4318634.393, 94
Trd, 4318636.093, 95
Trd, 4318638.143, 94
Trd, 4318638.593, 94
Trd, 4318638.943, 95
Trd, 4318639.143, 93
Trd, 4318639.293, 93
Trd, 4318640.343, 94
Trd, 4318642.093, 92
Trd, 4318644.193, 89
Trd, 4318646.043, 91
Trd, 4318646.393, 94
Trd, 4318649.543, 95
Trd, 4318651.143, 98
Trd, 4318651.793, 101
Trd, 4318652.443, 98
Trd, 4318653.743, 100
Trd, 4318653.843, 104
Trd, 4318655.143, 99
Trd, 4318656.343, 100
Trd, 4318656.393, 101
Trd, 4318657.593, 100
Trd, 4318657.893, 99
Trd, 4318659.543, 112
Trd, 4318662.143, 98
Trd, 4318663.643, 98
Trd, 4318665.843, 113
Trd, 4318666.493, 98
Trd, 4318667.693, 98
Trd, 4318667.893, 94
Trd, 4318669.693, 95
Trd, 4318671.343, 94
Trd, 4318672.193, 95
Trd, 4318673.043, 97
Trd, 4318673.393, 97
Trd, 4318673.743, 97
Trd, 4318674.193, 97
Trd, 4318675.993, 103
Trd, 4318676.243, 94
Trd, 4318679.943, 94
Trd, 4318680.993, 97
Trd, 4318681.143, 98
Trd, 4318681.293, 96
Trd, 4318681.693, 113
Trd, 4318685.193, 109
Trd, 4318685.343, 108
Trd, 4318685.743, 103
Trd, 4318686.793, 107
Trd, 4318689.093, 106
Trd, 4318689.493, 106
Trd, 4318689.593, 105
Trd, 4318691.093, 104
Trd, 4318694.093, 104
Trd, 4318694.643, 104
Trd, 4318694.993, 103
Trd, 4318696.193, 101
Trd, 4318698.693, 99
Trd, 4318698.843, 104
Trd, 4318701.143, 102
Trd, 4318701.943, 101
Trd, 4318702.693, 100
Trd, 4318703.043, 100
Trd, 4318706.093, 100
Trd, 4318706.243, 101
Trd, 4318707.493, 100
Trd, 4318708.193, 99
Trd, 4318709.843, 99
Trd, 4318710.093, 100
Trd, 4318713.043, 100
Trd, 4318713.293, 100
Trd, 4318714.193, 99
Trd, 4318715.043, 103
Trd, 4318715.693, 99
Trd, 4318718.743, 96
Trd, 4318718.993, 94
Trd, 4318720.193, 95
Trd, 4318720.543, 79
Trd, 4318721.243, 88
Trd, 4318722.393, 91
Trd, 4318724.043, 91
Trd, 4318725.643, 92
Trd, 4318728.143, 93
Trd, 4318728.343, 92
Trd, 4318731.043, 92
Trd, 4318731.143, 91
Trd, 4318731.693, 92
Trd, 4318734.593, 93
Trd, 4318735.643, 93
Trd, 4318736.043, 92
Trd, 4318736.343, 90
Trd, 4318737.743, 90
Trd, 4318739.093, 89
Trd, 4318740.243, 89
Trd, 4318742.593, 91
Trd, 4318743.443, 90
Trd, 4318744.393, 92
Trd, 4318747.043, 89
Trd, 4318747.393, 89
Trd, 4318748.743, 89
Trd, 4318750.443, 90
Trd, 4318751.143, 91
Trd, 4318753.393, 94
Trd, 4318753.943, 94
Trd, 4318755.143, 95
Trd, 4318755.893, 93
Trd, 4318757.843, 92
Trd, 4318760.143, 100
Trd, 4318761.143, 104
Trd, 4318761.693, 102
Trd, 4318761.943, 110
Trd, 4318762.843, 103
Trd, 4318763.143, 91
Trd, 4318764.043, 110
Trd, 4318765.693, 106
Trd, 4318766.943, 106
Trd, 4318767.543, 103
Trd, 4318768.593, 102
Trd, 4318768.793, 112
Trd, 4318770.493, 90
Trd, 4318772.893, 102
Trd, 4318773.293, 101
Trd, 4318774.343, 73
Trd, 4318776.893, 95
Trd, 4318778.543, 95
Trd, 4318778.793, 86
Trd, 4318782.443, 95
Trd, 4318782.643, 95
Trd, 4318782.943, 97
Trd, 4318783.843, 95
Trd, 4318784.393, 94
Trd, 4318785.143, 77
Trd, 4318788.093, 86
Trd, 4318789.393, 97
Trd, 4318791.143, 90
Trd, 4318792.093, 91
Trd, 4318796.093, 99
Trd, 4318796.243, 99
Trd, 4318797.443, 94
Trd, 4318798.093, 108
Trd, 4318798.593, 94
Trd, 4318800.843, 97
Trd, 4318801.993, 96
Trd, 4318802.743, 96
Trd, 4318803.493, 95
Trd, 4318805.493, 96
Trd, 4318805.993, 95
Trd, 4318807.193, 96
Trd, 4318807.393, 94
Trd, 4318810.543, 105
Trd, 4318811.443, 104
Trd, 4318812.143, 102
Trd, 4318812.293, 101
Trd, 4318812.793, 113
Trd, 4318814.143, 92
Trd, 4318815.693, 94
Trd, 4318817.393, 95
Trd, 4318818.493, 95
Trd, 4318818.993, 104
Trd, 4318819.893, 96
Trd, 4318820.693, 96
Trd, 4318821.993, 95
Trd, 4318822.743, 96
Trd, 4318823.343, 96
Trd, 4318825.443, 94
Trd, 4318828.143, 96
Trd, 4318828.243, 92
Trd, 4318828.293, 96
Trd, 4318829.093, 77
Trd, 4318830.593, 77
Trd, 4318835.793, 92
Trd, 4318836.843, 94
Trd, 4318837.243, 95
Trd, 4318837.293, 93
Trd, 4318837.543, 92
Trd, 4318839.993, 99
Trd, 4318840.043, 98
Trd, 4318840.893, 109
Trd, 4318841.843, 97
Trd, 4318842.593, 96
Trd, 4318844.443, 96
Trd, 4318845.943, 94
Trd, 4318846.943, 100
Trd, 4318848.293, 96
Trd, 4318849.243, 96
Trd, 4318849.693, 97
Trd, 4318850.743, 95
Trd, 4318851.243, 100
Trd, 4318854.743, 108
Trd, 4318856.243, 101
Trd, 4318856.943, 97
Trd, 4318859.743, 99
Trd, 4318860.343, 97
Trd, 4318860.793, 97
Trd, 4318863.293, 96
Trd, 4318864.393, 94
Trd, 4318864.993, 92
Trd, 4318865.943, 91
Trd, 4318866.393, 94
Trd, 4318869.343, 92
Trd, 4318870.493, 81
Trd, 4318873.093, 94
Trd, 4318873.693, 102
Trd, 4318873.793, 92
Trd, 4318874.893, 92
Trd, 4318875.993, 91
Trd, 4318877.193, 93
Trd, 4318878.743, 93
Trd, 4318879.593, 96
Trd, 4318881.343, 95
Trd, 4318882.843, 96
Trd, 4318883.993, 113
Trd, 4318884.693, 97
Trd, 4318887.043, 99
Trd, 4318887.493, 100
Trd, 4318887.743, 98
Trd, 4318889.443, 97
Trd, 4318890.993, 78
Trd, 4318891.193, 78
Trd, 4318892.543, 100
Trd, 4318893.793, 93
Trd, 4318894.943, 102
Trd, 4318894.993, 93
Trd, 4318898.193, 94
Trd, 4318898.543, 94
Trd, 4318899.993, 98
Trd, 4318901.793, 96
Trd, 4318903.243, 96
Trd, 4318904.943, 100
Trd, 4318906.493, 101
Trd, 4318907.893, 101
Trd, 4318908.643, 114
Trd, 4318908.843, 100
Trd, 4318909.543, 100
Trd, 4318912.093, 101
Trd, 4318914.343, 102
Trd, 4318915.543, 103
Trd, 4318916.893, 101
Trd, 4318917.443, 101
Trd, 4318918.743, 103
Trd, 4318919.743, 104
Trd, 4318920.993, 106
Trd, 4318921.343, 113
Trd, 4318922.343, 105
Trd, 4318923.543, 103
Trd, 4318925.293, 104
Trd, 4318925.443, 102
Trd, 4318926.443, 94
Trd, 4318928.343, 97
Trd, 4318930.093, 98
Trd, 4318930.193, 99
Trd, 4318930.293, 92
Trd, 4318930.843, 98
Trd, 4318933.993, 98
Trd, 4318935.643, 96
Trd, 4318935.993, 98
Trd, 4318937.293, 97
Trd, 4318940.593, 98
Trd, 4318942.243, 100
Trd, 4318943.743, 100
Trd, 4318945.343, 105
Trd, 4318946.043, 106
Trd, 4318946.393, 112
Trd, 4318946.443, 102
Trd, 4318949.743, 105
Trd, 4318950.143, 104
Trd, 4318950.643, 103
Trd, 4318951.093, 101
Trd, 4318953.243, 110
Trd, 4318954.593, 100
Trd, 4318957.093, 106
Trd, 4318958.593, 105
Trd, 4318958.793, 103
Trd, 4318959.043, 103
Trd, 4318959.993, 109
Trd, 4318962.293, 102
Trd, 4318963.793, 95
Trd, 4318965.443, 97
Trd, 4318965.943, 96
Trd, 4318965.993, 97
Trd, 4318968.143, 95
Trd, 4318970.693, 95
Trd, 4318970.943, 94
Trd, 4318971.693, 96
Trd, 4318973.143, 96
Trd, 4318973.693, 94
Trd, 4318973.943, 100
Trd, 4318975.993, 95
Trd, 4318976.943, 96
Trd, 4318977.393, 113
Trd, 4318977.443, 95
Trd, 4318980.393, 102
Trd, 4318982.043, 101
Trd, 4318982.593, 109
Trd, 4318983.643, 105
Trd, 4318984.993, 105
Trd, 4318985.393, 103
Trd, 4318985.993, 103
Trd, 4318987.543, 103
Trd, 4318988.893, 102
Trd, 4318990.243, 101
Trd, 4318990.543, 110
Trd, 4318991.643, 102
Trd, 4318993.443, 101
Trd, 4318995.793, 99
Trd, 4318996.643, 102
Trd, 4318998.693, 100
Trd, 4318999.443, 99
Trd, 4318999.943, 99
Trd, 4319002.443, 102
Trd, 4319002.993, 100
Trd, 4319004.543, 100
Trd, 4319005.593, 101
Trd, 4319005.793, 101
Trd, 4319007.143, 102
Trd, 4319008.743, 101
Trd, 4319009.643, 100
Trd, 4319009.893, 93
Trd, 4319010.793, 102
Trd, 4319011.543, 95
Trd, 4319013.643, 81
Trd, 4319014.393, 96
Trd, 4319017.193, 94
Trd, 4319019.743, 91
Trd, 4319020.593, 96
Trd, 4319023.043, 104
Trd, 4319023.193, 103
Trd, 4319024.143, 101
Trd, 4319024.943, 97
Trd, 4319026.793, 92
Trd, 4319027.743, 96
Trd, 4319027.893, 97
Trd, 4319028.043, 96
Trd, 4319029.493, 97
Trd, 4319031.093, 97
Trd, 4319033.043, 101
Trd, 4319033.693, 98
Trd, 4319034.293, 98
Trd, 4319034.943, 103
Trd, 4319036.993, 97
Trd, 4319037.693, 108
Trd, 4319039.493, 95
Trd, 4319040.593, 94
Trd, 4319042.543, 98
Trd, 4319043.093, 98
Trd, 4319045.293, 98
Trd, 4319045.443, 100
Trd, 4319046.493, 99
Trd, 4319048.043, 77
Trd, 4319048.293, 80
Trd, 4319048.443, 109
Trd, 4319051.593, 95
Trd, 4319051.943, 104
Trd, 4319052.993, 93
Trd, 4319053.643, 93
Trd, 4319054.993, 94
Trd, 4319055.943, 91
Trd, 4319057.493, 77
Trd, 4319058.193, 82
Trd, 4319059.543, 89
Trd, 4319060.093, 89
Trd, 4319061.693, 95
Trd, 4319062.393, 96
Trd, 4319062.893, 94
Trd, 4319066.193, 94
Trd, 4319067.193, 102
Trd, 4319067.493, 98
Trd, 4319068.643, 100
Trd, 4319068.893, 99
Trd, 4319070.743, 103
Trd, 4319071.843, 103
Trd, 4319072.293, 102
Trd, 4319072.793, 94
Trd, 4319073.243, 120
Trd, 4319074.843, 101
Trd, 4319077.043, 101
Trd, 4319078.093, 103
Trd, 4319078.543, 101
Trd, 4319079.043, 101
Trd, 4319080.093, 103
Trd, 4319081.093, 104
Trd, 4319081.493, 113
Trd, 4319083.643, 100
Trd, 4319084.393, 100
Trd, 4319085.043, 94
Trd, 4319087.043, 98
Trd, 4319088.743, 101
Trd, 4319089.193, 102
Trd, 4319089.293, 101
Trd, 4319091.893, 95
Trd, 4319092.543, 99
Trd, 4319093.393, 94
Trd, 4319095.143, 95
Trd, 4319096.393, 98
Trd, 4319097.693, 96
Trd, 4319098.993, 100
Trd, 4319099.043, 104
Trd, 4319101.543, 105
Trd, 4319102.693, 106
Trd, 4319103.293, 106
Trd, 4319103.743, 103
Trd, 4319105.993, 103
Trd, 4319108.393, 101
Trd, 4319108.443, 104
Trd, 4319108.993, 94
Trd, 4319112.243, 100
Trd, 4319112.693, 100
Trd, 4319113.543, 101
Trd, 4319113.893, 102
Trd, 4319114.843, 101
Trd, 4319116.043, 102
Trd, 4319116.493, 102
Trd, 4319117.193, 101
Trd, 4319119.093, 101
Trd, 4319119.593, 99
Trd, 4319120.593, 112
Trd, 4319121.843, 99
Trd, 4319123.093, 100
Trd, 4319125.243, 102
Trd, 4319125.693, 100
Trd, 4319125.893, 102
Trd, 4319127.343, 99
Trd, 4319127.793, 98
Trd, 4319130.343, 98
Trd, 4319131.243, 96
Trd, 4319132.893, 96
Trd, 4319133.843, 96
Trd, 4319134.593, 104
Trd, 4319135.593, 100
Trd, 4319136.393, 101
Trd, 4319138.093, 106
Trd, 4319138.893, 104
Trd, 4319139.593, 94
Trd, 4319142.293, 102
Trd, 4319142.593, 100
Trd, 4319144.043, 93
Trd, 4319145.843, 97
Trd, 4319146.743, 102
Trd, 4319147.143, 96
Trd, 4319147.193, 76
Trd, 4319148.793, 92
Trd, 4319150.343, 92
Trd, 4319151.293, 92
Trd, 4319152.043, 92
Trd, 4319154.493, 93
Trd, 4319155.193, 94
Trd, 4319156.143, 96
Trd, 4319156.293, 104
Trd, 4319156.743, 96
Trd, 4319157.643, 96
Trd, 4319159.643, 98
Trd, 4319161.243, 91
Trd, 4319161.893, 106
Trd, 4319164.693, 95
Trd, 4319165.343, 95
Trd, 4319165.643, 95
Trd, 4319166.643, 96
Trd, 4319167.243, 101
Trd, 4319167.793, 114
Trd, 4319168.343, 111
Trd, 4319170.043, 107
Trd, 4319171.143, 113
Trd, 4319171.643, 106
Trd, 4319173.393, 105
Trd, 4319174.343, 103
Trd, 4319175.393, 104
Trd, 4319175.943, 103
Trd, 4319175.993, 102
Trd, 4319177.893, 96
Trd, 4319179.293, 104
Trd, 4319179.493, 95
Trd, 4319180.093, 96
Trd, 4319180.593, 104
Trd, 4319184.443, 97
Trd, 4319186.093, 98
Trd, 4319186.243, 98
Trd, 4319186.993, 97
Trd, 4319188.493, 97
Trd, 4319188.593, 98
Trd, 4319191.743, 97
Trd, 4319192.243, 95
Trd, 4319193.743, 97
Trd, 4319193.793, 94
Trd, 4319194.493, 102
Trd, 4319195.493, 95
Trd, 4319198.193, 99
Trd, 4319198.243, 97
Trd, 4319199.843, 104
Trd, 4319203.443, 103
Trd, 4319203.493, 104
Trd, 4319204.143, 103
Trd, 4319204.543, 102
Trd, 4319205.193, 103
Trd, 4319206.693, 76
Trd, 4319207.343, 102
Trd, 4319208.943, 91
Trd, 4319212.643, 92
Trd, 4319214.343, 95
Trd, 4319215.543, 94
Trd, 4319215.743, 92
Trd, 4319215.993, 95
Trd, 4319216.993, 92
Trd, 4319219.543, 94
Trd, 4319221.993, 94
Trd, 4319222.993, 93
Trd, 4319224.143, 93
Trd, 4319226.843, 94
Trd, 4319226.993, 92
Trd, 4319227.843, 94
Trd, 4319228.743, 90
Trd, 4319230.943, 92
Trd, 4319232.093, 95
Trd, 4319233.143, 95
Trd, 4319234.893, 97
Trd, 4319236.293, 99
Trd, 4319236.993, 98
Trd, 4319237.193, 96
Trd, 4319240.593, 101
Trd, 4319240.843, 100
Trd, 4319241.143, 101
Trd, 4319243.993, 100
Trd, 4319244.593, 101
Trd, 4319244.843, 96
Trd, 4319247.243, 98
Trd, 4319248.993, 97
Trd, 4319249.693, 96
Trd, 4319250.143, 104
Trd, 4319252.093, 98
Trd, 4319253.393, 99
Trd, 4319253.543, 101
Trd, 4319254.143, 98
Trd, 4319256.743, 99
Trd, 4319257.843, 98
Trd, 4319258.293, 100
Trd, 4319259.943, 101
Trd, 4319260.493, 101
Trd, 4319260.643, 97
Trd, 4319263.743, 99
Trd, 4319265.093, 100
Trd, 4319265.393, 105
Trd, 4319265.843, 94
Trd, 4319266.793, 97
Trd, 4319268.743, 99
Trd, 4319269.393, 100
Trd, 4319269.793, 99
Trd, 4319271.143, 97
Trd, 4319272.493, 94
Trd, 4319272.693, 83
Trd, 4319275.743, 97
Trd, 4319276.443, 97
Trd, 4319276.493, 96
Trd, 4319276.993, 104
Trd, 4319279.143, 97
Trd, 4319279.793, 99
Trd, 4319280.143, 99
Trd, 4319280.193, 76
Trd, 4319282.293, 79
Trd, 4319283.193, 91
Trd, 4319285.193, 95
Trd, 4319286.043, 95
Trd, 4319287.593, 97
Trd, 4319289.043, 95
Trd, 4319289.743, 95
Trd, 4319291.293, 94
Trd, 4319292.043, 95
Trd, 4319292.993, 94
Trd, 4319293.743, 95
Trd, 4319294.193, 93
Trd, 4319294.843, 96
Trd, 4319295.293, 97
Trd, 4319295.793, 96
Trd, 4319297.943, 81
Trd, 4319300.443, 94
Trd, 4319300.543, 86
Trd, 4319302.793, 89
Trd, 4319305.393, 90
Trd, 4319305.843, 89
Trd, 4319306.243, 104
Trd, 4319308.043, 94
Trd, 4319308.893, 94
Trd, 4319308.993, 93
Trd, 4319310.343, 94
Trd, 4319311.143, 95
Trd, 4319312.243, 101
Trd, 4319313.243, 104
Trd, 4319313.843, 96
Trd, 4319315.843, 103
Trd, 4319316.993, 103
Trd, 4319320.043, 107
Trd, 4319321.243, 103
Trd, 4319323.893, 100
Trd, 4319324.693, 99
Trd, 4319324.943, 94
Trd, 4319326.243, 97
Trd, 4319327.143, 97
Trd, 4319327.293, 98
Trd, 4319328.093, 80
Trd, 4319329.643, 90
Trd, 4319331.193, 97
Trd, 4319331.843, 96
Trd, 4319332.843, 96
Trd, 4319334.643, 99
Trd, 4319334.843, 97
Trd, 4319335.243, 94
Trd, 4319335.443, 76
Trd, 4319336.493, 104
Trd, 4319339.293, 91
Trd, 4319341.243, 89
Trd, 4319341.793, 95
Trd, 4319344.993, 93
Trd, 4319345.493, 91
Trd, 4319346.493, 90
Trd, 4319348.243, 93
Trd, 4319350.193, 94
Trd, 4319350.843, 95
Trd, 4319351.343, 94
Trd, 4319351.593, 94
Trd, 4319352.143, 92
Trd, 4319355.043, 98
Trd, 4319355.293, 113
Trd, 4319356.093, 97
Trd, 4319357.443, 100
Trd, 4319358.893, 100
Trd, 4319359.393, 100
Trd, 4319359.443, 103
Trd, 4319359.743, 99
Trd, 4319364.643, 99
Trd, 4319365.393, 97
Trd, 4319365.443, 81
Trd, 4319368.093, 97
Trd, 4319369.143, 98
Trd, 4319369.943, 95
Trd, 4319372.443, 97
Trd, 4319372.593, 97
Trd, 4319372.843, 97
Trd, 4319373.243, 98
Trd, 4319374.943, 94
Trd, 4319375.393, 107
Trd, 4319377.043, 96
Trd, 4319380.693, 99
Trd, 4319380.893, 99
Trd, 4319382.493, 99
Trd, 4319382.843, 98
Trd, 4319383.543, 101
Trd, 4319385.443, 100
Trd, 4319387.893, 102
Trd, 4319387.943, 108
Trd, 4319389.543, 104
Trd, 4319390.243, 105
Trd, 4319390.743, 104
Trd, 4319391.343, 94
Trd, 4319391.693, 110
Trd, 4319393.893, 103
Trd, 4319394.593, 102
Trd, 4319395.593, 101
Trd, 4319396.643, 99
Trd, 4319397.293, 96
Trd, 4319399.343, 95
Trd, 4319399.893, 93
Trd, 4319400.993, 97
Trd, 4319401.343, 91
Trd, 4319402.393, 89
Trd, 4319405.493, 96
Trd, 4319409.193, 97
Trd, 4319409.443, 97
Trd, 4319410.243, 98
Trd, 4319410.743, 99
Trd, 4319411.143, 94
Trd, 4319411.843, 94
Trd, 4319413.193, 93
Trd, 4319415.893, 93
Trd, 4319416.993, 93
Trd, 4319417.843, 94
Trd, 4319418.193, 93
Trd, 4319419.743, 104
Trd, 4319422.293, 94
Trd, 4319423.843, 96
Trd, 4319425.193, 96
Trd, 4319426.343, 97
Trd, 4319426.393, 94
Trd, 4319427.793, 95
Trd, 4319428.293, 94
Trd, 4319428.943, 96
Trd, 4319429.743, 93
Trd, 4319431.693, 92
Trd, 4319431.993, 92
Trd, 4319432.893, 93
Trd, 4319434.843, 88
Trd, 4319435.293, 94
Trd, 4319437.543, 89
Trd, 4319438.493, 95
Trd, 4319439.843, 102
Trd, 4319440.743, 91
Trd, 4319442.693, 91
Trd, 4319444.793, 91
Trd, 4319445.743, 90
Trd, 4319447.993, 90
Trd, 4319448.143, 93
Trd, 4319450.243, 91
Trd, 4319450.943, 93
Trd, 4319451.193, 95
Trd, 4319453.143, 92
Trd, 4319454.243, 91
Trd, 4319455.293, 93
Trd, 4319455.893, 94
Trd, 4319456.543, 96
Trd, 4319456.643, 91
Trd, 4319458.393, 106
Trd, 4319459.993, 98
Trd, 4319461.493, 97
Trd, 4319461.743, 99
Trd, 4319461.893, 95
Trd, 4319464.993, 96
Trd, 4319465.843, 97
Trd, 4319466.843, 96
Trd, 4319467.143, 96
Trd, 4319467.743, 104
Trd, 4319469.693, 95
Trd, 4319470.443, 97
Trd, 4319470.793, 94
Trd, 4319471.143, 95
Trd, 4319472.243, 102
Trd, 4319472.943, 113
Trd, 4319473.993, 105
Trd, 4319475.193, 103
Trd, 4319478.193, 106
Trd, 4319478.643, 107
Trd, 4319478.743, 106
Trd, 4319479.243, 109
Trd, 4319480.443, 77
Trd, 4319481.143, 102
Trd, 4319483.493, 86
Trd, 4319485.543, 93
Trd, 4319486.093, 93
Trd, 4319486.943, 95
Trd, 4319487.293, 94
Trd, 4319490.643, 93
Trd, 4319492.393, 92
Trd, 4319493.593, 92
Trd, 4319494.343, 93
Trd, 4319494.693, 91
Trd, 4319496.493, 95
Trd, 4319496.943, 91
Trd, 4319497.593, 93
Trd, 4319498.193, 91
Trd, 4319501.743, 102
Trd, 4319501.893, 107
Trd, 4319502.143, 102
Trd, 4319503.543, 102
Trd, 4319504.793, 101
Trd, 4319508.243, 107
Trd, 4319508.793, 106
Trd, 4319508.843, 106
Trd, 4319509.743, 92
Trd, 4319510.393, 102
Trd, 4319512.193, 99
Trd, 4319513.343, 100
Trd, 4319513.943, 99
Trd, 4319514.293, 99
Trd, 4319514.693, 98
Trd, 4319516.993, 97
Trd, 4319518.393, 94
Trd, 4319520.243, 99
Trd, 4319521.393, 99
Trd, 4319521.893, 98
Trd, 4319521.943, 97
Trd, 4319522.343, 96
Trd, 4319522.393, 76
Trd, 4319529.093, 91
Trd, 4319529.543, 90
Trd, 4319529.693, 93
Trd, 4319531.493, 92
Trd, 4319532.093, 91
Trd, 4319532.543, 91
Trd, 4319534.043, 95
Trd, 4319536.143, 94
Trd, 4319536.293, 93
Trd, 4319536.893, 95
Trd, 4319537.043, 92
Trd, 4319538.043, 92
Trd, 4319538.293, 91
Trd, 4319541.093, 92
Trd, 4319542.193, 92
Trd, 4319544.843, 95
Trd, 4319546.793, 95
Trd, 4319547.593, 104
Trd, 4319548.143, 94
Trd, 4319549.243, 98
Trd, 4319549.443, 95
Trd, 4319550.843, 94
Trd, 4319552.793, 93
Trd, 4319552.893, 92
Trd, 4319554.493, 94
Trd, 4319555.993, 95
Trd, 4319556.743, 97
Trd, 4319558.543, 95
Trd, 4319559.493, 94
Trd, 4319561.293, 94
Trd, 4319562.793, 93
Trd, 4319563.643, 95
Trd, 4319564.443, 95
Trd, 4319566.943, 96
Trd, 4319567.043, 100
Trd, 4319567.943, 97
Trd, 4319569.743, 95
Trd, 4319571.193, 95
Trd, 4319571.593, 96
Trd, 4319573.643, 96
Trd, 4319574.543, 95
Trd, 4319574.943, 95
Trd, 4319575.043, 94
Trd, 4319577.593, 95
Trd, 4319577.693, 93
Trd, 4319579.943, 102
Trd, 4319580.143, 98
Trd, 4319580.343, 98
Trd, 4319581.793, 76
Trd, 4319581.943, 78
Trd, 4319585.993, 96
Trd, 4319587.343, 96
Trd, 4319587.593, 96
Trd, 4319587.943, 104
Trd, 4319588.443, 96
Trd, 4319589.243, 95
Trd, 4319590.193, 97
Trd, 4319591.543, 97
Trd, 4319593.193, 96
Trd, 4319593.693, 114
Trd, 4319594.243, 95
Trd, 4319594.343, 94
Trd, 4319596.643, 93
Trd, 4319599.793, 92
Trd, 4319601.343, 93
Trd, 4319602.293, 94
Trd, 4319604.043, 94
Trd, 4319604.843, 93
Trd, 4319607.943, 97
Trd, 4319607.993, 96
Trd, 4319608.493, 98
Trd, 4319608.693, 94
Trd, 4319609.293, 78
Trd, 4319611.743, 93
Trd, 4319612.893, 89
Trd, 4319614.593, 90
Trd, 4319615.493, 92
Trd, 4319616.093, 104
Trd, 4319616.943, 93
Trd, 4319617.543, 94
Trd, 4319619.293, 93
Trd, 4319619.693, 92
Trd, 4319620.193, 93
Trd, 4319622.243, 114
Trd, 4319624.493, 98
Trd, 4319625.093, 108
Trd, 4319626.093, 103
Trd, 4319626.293, 101
Trd, 4319627.593, 101
Trd, 4319629.143, 101
Trd, 4319629.393, 100
Trd, 4319630.343, 101
Trd, 4319631.243, 97
Trd, 4319634.793, 100
Trd, 4319635.193, 97
Trd, 4319637.993, 96
Trd, 4319638.693, 97
Trd, 4319639.193, 94
Trd, 4319639.693, 98
Trd, 4319641.393, 96
Trd, 4319643.893, 95
Trd, 4319644.993, 97
Trd, 4319647.293, 96
Trd, 4319648.543, 95
Trd, 4319648.643, 96
Trd, 4319649.093, 94
Trd, 4319649.743, 83
Trd, 4319650.193, 76
Trd, 4319650.293, 96
Trd, 4319651.843, 82
Trd, 4319655.043, 97
Trd, 4319655.993, 94
Trd, 4319656.443, 93
Trd, 4319659.793, 98
Trd, 4319660.643, 104
Trd, 4319662.043, 100
Trd, 4319662.243, 101
Trd, 4319662.343, 99
Trd, 4319663.143, 97
Trd, 4319663.693, 94
Trd, 4319665.093, 96
Trd, 4319665.643, 113
Trd, 4319667.843, 96
Trd, 4319668.693, 98
Trd, 4319669.043, 98
Trd, 4319669.243, 94
Trd, 4319673.143, 96
Trd, 4319673.893, 96
Trd, 4319674.993, 97
Trd, 4319675.143, 94
Trd, 4319676.143, 96
Trd, 4319676.593, 96
Trd, 4319677.393, 94
Trd, 4319677.893, 92
Trd, 4319680.843, 90
Trd, 4319682.343, 95
Trd, 4319683.193, 96
Trd, 4319683.493, 96
Trd, 4319685.093, 99
Trd, 4319686.793, 101
Trd, 4319687.893, 100
Trd, 4319688.243, 97
Trd, 4319688.743, 81
Trd, 4319692.593, 97
Trd, 4319692.743, 97
Trd, 4319694.193, 94
Trd, 4319694.493, 95
Trd, 4319696.243, 97
Trd, 4319696.943, 94
Trd, 4319697.743, 94
Trd, 4319699.643, 79
Trd, 4319703.943, 91
Trd, 4319704.043, 89
Trd, 4319704.443, 90
Trd, 4319705.643, 90
Trd, 4319705.993, 90
Trd, 4319707.243, 104
Trd, 4319708.593, 92
Trd, 4319710.293, 96
Trd, 4319711.593, 98
Trd, 4319711.693, 131
Trd, 4319712.343, 96
Trd, 4319712.943, 98
Trd, 4319715.743, 98
Trd, 4319715.993, 99
Trd, 4319718.593, 102
Trd, 4319719.343, 98
Trd, 4319720.593, 103
Trd, 4319721.143, 98
Trd, 4319723.193, 100
Trd, 4319723.393, 99
Trd, 4319724.643, 98
Trd, 4319726.043, 99
Trd, 4319727.743, 99
Trd, 4319727.843, 98
Trd, 4319730.443, 98
Trd, 4319731.243, 95
Trd, 4319731.343, 94
Trd, 4319733.543, 99
Trd, 4319734.143, 99
Trd, 4319734.693, 95
Trd, 4319735.043, 109
Trd, 4319736.993, 94
Trd, 4319738.443, 100
Trd, 4319738.793, 97
Trd, 4319740.943, 99
Trd, 4319741.043, 96
Trd, 4319742.643, 94
Trd, 4319743.643, 95
Trd, 4319745.543, 94
Trd, 4319745.693, 93
Trd, 4319746.093, 76
Trd, 4319750.293, 91
Trd, 4319750.843, 92
Trd, 4319751.543, 93
Trd, 4319751.943, 95
Trd, 4319752.593, 93
Trd, 4319755.143, 93
Trd, 4319756.093, 95
Trd, 4319756.193, 95
Trd, 4319756.693, 95
Trd, 4319757.443, 76
Trd, 4319760.143, 95
Trd, 4319760.343, 94
Trd, 4319762.793, 96
Trd, 4319764.043, 112
Trd, 4319765.743, 108
Trd, 4319765.943, 106
Trd, 4319766.443, 110
Trd, 4319767.543, 108
Trd, 4319767.643, 103
Trd, 4319768.093, 103
Trd, 4319770.543, 104
Trd, 4319770.943, 103
Trd, 4319773.943, 92
Trd, 4319775.843, 99
Trd, 4319776.843, 91
Trd, 4319777.143, 95
Trd, 4319779.043, 96
Trd, 4319779.193, 96
Trd, 4319779.493, 97
Trd, 4319781.793, 97
Trd, 4319782.893, 101
Trd, 4319784.443, 104
Trd, 4319785.893, 100
Trd, 4319786.943, 101
Trd, 4319788.193, 101
Trd, 4319789.293, 108
Trd, 4319790.393, 105
Trd, 4319792.493, 111
Trd, 4319792.893, 105
Trd, 4319793.493, 105
Trd, 4319795.143, 95
Trd, 4319798.443, 101
Trd, 4319799.343, 100
Trd, 4319799.393, 104
Trd, 4319799.593, 98
Trd, 4319800.493, 94
Trd, 4319803.343, 102
Trd, 4319804.093, 98
Trd, 4319804.743, 75
Trd, 4319807.093, 94
Trd, 4319807.993, 91
Trd, 4319809.993, 97
Trd, 4319810.043, 102
Trd, 4319810.893, 96
Trd, 4319812.593, 97
Trd, 4319814.093, 112
Trd, 4319814.693, 97
Trd, 4319815.893, 99
Trd, 4319817.093, 104
Trd, 4319817.643, 103
Trd, 4319819.293, 110
Trd, 4319820.943, 100
Trd, 4319820.993, 101
Trd, 4319822.343, 101
Trd, 4319823.543, 105
Trd, 4319824.843, 102
Trd, 4319824.943, 101
Trd, 4319828.543, 101
Trd, 4319828.943, 102
Trd, 4319830.343, 102
Trd, 4319830.993, 101
Trd, 4319832.343, 102
Trd, 4319832.843, 94
Trd, 4319834.193, 96
Trd, 4319835.193, 99
Trd, 4319835.243, 104
Trd, 4319836.093, 99
Trd, 4319838.143, 99
Trd, 4319839.293, 100
Trd, 4319840.593, 101
Trd, 4319841.443, 100
Trd, 4319841.643, 99
Trd, 4319842.493, 110
Trd, 4319844.443, 93
Trd, 4319846.143, 76
Trd, 4319846.843, 104
Trd, 4319847.543, 79
Trd, 4319848.093, 93
Trd, 4319848.443, 79
Trd, 4319849.193, 95
Trd, 4319850.993, 99
Trd, 4319852.843, 103
Trd, 4319854.043, 103
Trd, 4319855.143, 102
Trd, 4319857.343, 101
Trd, 4319858.043, 98
Trd, 4319858.643, 97
Trd, 4319859.443, 97
Trd, 4319859.943, 98
Trd, 4319860.543, 97
Trd, 4319864.143, 94
Trd, 4319865.993, 97
Trd, 4319867.893, 111
Trd, 4319868.043, 107
Trd, 4319868.893, 104
Trd, 4319871.043, 104
Trd, 4319871.143, 103
Trd, 4319871.243, 93
Trd, 4319872.093, 96
Trd, 4319874.043, 85
Trd, 4319874.193, 101
Trd, 4319877.243, 92
Trd, 4319877.543, 98
Trd, 4319878.743, 92
Trd, 4319881.293, 97
Trd, 4319881.343, 96
Trd, 4319881.643, 94
Trd, 4319883.993, 97
Trd, 4319885.343, 98
Trd, 4319885.893, 97
Trd, 4319886.493, 97
Trd, 4319888.993, 96
Trd, 4319889.343, 95
Trd, 4319890.993, 98
Trd, 4319892.593, 95
Trd, 4319893.043, 98
Trd, 4319893.543, 77
Trd, 4319896.643, 97
Trd, 4319897.393, 97
Trd, 4319899.493, 98
Trd, 4319900.143, 97
Trd, 4319901.043, 96
Trd, 4319901.943, 95
Trd, 4319902.343, 96
Trd, 4319902.543, 95
Trd, 4319906.193, 95
Trd, 4319907.793, 94
Trd, 4319908.343, 95
Trd, 4319908.493, 93
Trd, 4319908.993, 113
Trd, 4319909.793, 93
Trd, 4319910.693, 76
Trd, 4319914.993, 93
Trd, 4319915.943, 93
Trd, 4319917.393, 88
Trd, 4319918.793, 93
Trd, 4319920.243, 89
Trd, 4319921.693, 92
Trd, 4319922.143, 92
Trd, 4319922.193, 95
Trd, 4319922.343, 90
Trd, 4319923.643, 78
Trd, 4319924.393, 82
Trd, 4319927.943, 95
Trd, 4319928.593, 96
Trd, 4319929.493, 94
Trd, 4319930.443, 93
Trd, 4319931.393, 92
Trd, 4319932.143, 92
Trd, 4319933.893, 91
Trd, 4319934.143, 110
Trd, 4319937.343, 94
Trd, 4319937.643, 94
Trd, 4319938.243, 93
Trd, 4319939.643, 95
Trd, 4319940.743, 94
Trd, 4319941.143, 94
Trd, 4319941.943, 104
Trd, 4319942.293, 94
Trd, 4319945.293, 95
Trd, 4319945.793, 95
Trd, 4319946.043, 94
Trd, 4319947.993, 93
Trd, 4319949.493, 96
Trd, 4319950.093, 102
Trd, 4319952.343, 96
Trd, 4319952.593, 95
Trd, 4319954.343, 97
Trd, 4319955.193, 96
Trd, 4319955.343, 102
Trd, 4319956.193, 97
Trd, 4319957.343, 96
Trd, 4319957.693, 98
Trd, 4319959.843, 94
Trd, 4319961.793, 95
Trd, 4319964.393, 97
Trd, 4319964.443, 98
Trd, 4319964.743, 96
Trd, 4319967.293, 95
Trd, 4319967.843, 95
Trd, 4319968.843, 95
Trd, 4319969.643, 95
Trd, 4319969.993, 95
Trd, 4319972.543, 94
Trd, 4319973.493, 94
Trd, 4319973.643, 93
Trd, 4319974.693, 95
Trd, 4319977.393, 97
Trd, 4319978.093, 98
Trd, 4319978.393, 98
Trd, 4319980.243, 97
Trd, 4319981.243, 99
Trd, 4319981.493, 92
Trd, 4319983.043, 94
Trd, 4319986.193, 95
Trd, 4319986.393, 94
Trd, 4319988.693, 95
Trd, 4319989.843, 94
Trd, 4319990.393, 95
Trd, 4319991.793, 95
Trd, 4319991.993, 104
Trd, 4319993.493, 94
Trd, 4319994.043, 93
Trd, 4319996.993, 95
Trd, 4319998.443, 94
Trd, 4319999.493, 94
