Trd, 4317911.893, 93
Trd, 4317915.093, 95
Trd, 4317915.743, 98
Trd, 4317916.093, 95
Trd, 4317917.043, 94
Trd, 4317918.793, 93
Trd, 4317919.143, 93
Trd, 4317919.243, 104
Trd, 4317922.693, 96
Trd, 4317923.493, 94
Trd, 4317923.543, 92
Trd, 4317924.793, 96
Trd, 4317926.493, 92
Trd, 4317927.843, 96
Trd, 4317928.793, 90
Trd, 4317929.893, 97
Trd, 4317932.343, 95
Trd, 4317933.693, 100
Trd, 4317933.943, 94
Trd, 4317936.193, 98
Trd, 4317936.543, 98
Trd, 4317938.243, 104
Trd, 4317939.293, 98
Trd, 4317941.243, 97
Trd, 4317941.993, 100
Trd, 4317942.093, 96
Trd, 4317942.943, 98
Trd, 4317945.993, 80
Trd, 4317946.893, 83
Trd, 4317947.493, 86
Trd, 4317948.293, 87
Trd, 4317949.043, 95
Trd, 4317949.893, 105
Trd, 4317950.143, 86
Trd, 4317953.093, 95
Trd, 4317954.643, 94
Trd, 4317954.843, 92
Trd, 4317955.693, 92
Trd, 4317957.393, 92
Trd, 4317958.793, 95
Trd, 4317964.143, 95
Trd, 4317964.193, 92
Trd, 4317965.343, 91
Trd, 4317965.393, 94
Trd, 4317967.143, 91
Trd, 4317967.593, 91
Trd, 4317968.693, 95
Trd, 4317970.443, 102
Trd, 4317971.143, 98
Trd, 4317973.693, 96
Trd, 4317974.093, 98
Trd, 4317974.143, 97
Trd, 4317975.993, 93
Trd, 4317976.743, 89
Trd, 4317978.443, 89
Trd, 4317978.993, 95
Trd, 4317979.893, 105
Trd, 4317980.293, 86
Trd, 4317983.793, 94
Trd, 4317984.243, 91
Trd, 4317985.293, 95
Trd, 4317986.093, 90
Trd, 4317987.893, 89
Trd, 4317989.043, 95
Trd, 4317990.343, 90
Trd, 4317992.093, 94
Trd, 4317994.443, 89
Trd, 4317994.743, 93
Trd, 4317996.393, 94
Trd, 4317996.993, 92
Trd, 4317998.643, 91
Trd, 4317998.993, 94
Trd, 4318000.093, 86
Trd, 4318001.243, 104
Trd, 4318002.043, 99
Trd, 4318003.493, 97
Trd, 4318004.443, 99
Trd, 4318005.793, 96
Trd, 4318006.643, 97
Trd, 4318008.093, 96
Trd, 4318008.543, 104
Trd, 4318008.793, 96
Trd, 4318011.793, 94
Trd, 4318012.293, 95
Trd, 4318013.143, 114
Trd, 4318015.243, 95
Trd, 4318015.493, 99
Trd, 4318016.293, 100
Trd, 4318017.693, 86
Trd, 4318020.343, 94
Trd, 4318020.893, 98
Trd, 4318021.693, 98
Trd, 4318022.543, 107
Trd, 4318023.193, 97
Trd, 4318025.893, 100
Trd, 4318026.143, 101
Trd, 4318027.043, 98
Trd, 4318029.543, 97
Trd, 4318030.243, 96
Trd, 4318030.493, 99
Trd, 4318033.393, 100
Trd, 4318034.793, 101
Trd, 4318035.143, 104
Trd, 4318035.543, 101
Trd, 4318036.393, 103
Trd, 4318036.843, 94
Trd, 4318039.993, 102
Trd, 4318040.393, 101
Trd, 4318041.293, 98
Trd, 4318041.393, 102
Trd, 4318042.343, 94
Trd, 4318045.293, 101
Trd, 4318045.443, 101
Trd, 4318045.793, 99
Trd, 4318047.693, 99
Trd, 4318049.293, 100
Trd, 4318050.593, 98
Trd, 4318051.843, 97
Trd, 4318053.343, 104
Trd, 4318053.993, 116
Trd, 4318055.093, 95
Trd, 4318056.493, 102
Trd, 4318057.543, 96
Trd, 4318058.243, 95
Trd, 4318059.493, 105
Trd, 4318060.093, 99
Trd, 4318061.543, 101
Trd, 4318062.243, 94
Trd, 4318063.193, 105
Trd, 4318063.293, 87
Trd, 4318064.593, 103
Trd, 4318065.593, 113
Trd, 4318066.243, 95
Trd, 4318068.443, 93
Trd, 4318069.993, 93
Trd, 4318070.993, 95
Trd, 4318074.843, 95
Trd, 4318075.443, 95
Trd, 4318075.793, 95
Trd, 4318076.443, 94
Trd, 4318078.543, 94
Trd, 4318079.443, 86
Trd, 4318081.043, 95
Trd, 4318082.293, 91
Trd, 4318083.343, 95
Trd, 4318084.093, 96
Trd, 4318085.243, 79
Trd, 4318086.543, 100
Trd, 4318089.243, 104
Trd, 4318089.593, 95
Trd, 4318091.543, 98
Trd, 4318092.193, 97
Trd, 4318093.043, 86
Trd, 4318094.343, 96
Trd, 4318096.293, 104
Trd, 4318097.193, 105
Trd, 4318097.593, 104
Trd, 4318098.293, 105
Trd, 4318099.143, 106
Trd, 4318099.943, 86
Trd, 4318101.443, 94
Trd, 4318102.343, 93
Trd, 4318103.643, 104
Trd, 4318103.793, 96
Trd, 4318104.443, 106
Trd, 4318105.993, 101
Trd, 4318107.893, 95
Trd, 4318108.093, 94
Trd, 4318109.793, 100
Trd, 4318112.143, 97
Trd, 4318112.343, 100
Trd, 4318113.943, 96
Trd, 4318115.143, 98
Trd, 4318117.493, 100
Trd, 4318117.893, 104
Trd, 4318118.793, 102
Trd, 4318119.193, 101
Trd, 4318121.543, 97
Trd, 4318121.993, 94
Trd, 4318122.893, 100
Trd, 4318122.943, 105
Trd, 4318124.543, 97
Trd, 4318124.693, 101
Trd, 4318125.693, 97
Trd, 4318127.093, 96
Trd, 4318128.543, 97
Trd, 4318129.093, 98
Trd, 4318131.243, 97
Trd, 4318132.343, 95
Trd, 4318132.743, 103
Trd, 4318133.293, 104
Trd, 4318133.693, 94
Trd, 4318137.743, 103
Trd, 4318138.343, 96
Trd, 4318138.443, 103
Trd, 4318139.243, 96
Trd, 4318140.893, 95
Trd, 4318143.493, 97
Trd, 4318144.143, 94
Trd, 4318144.843, 97
Trd, 4318146.443, 96
Trd, 4318146.643, 114
Trd, 4318148.593, 95
Trd, 4318149.243, 94
Trd, 4318150.293, 87
Trd, 4318150.693, 91
Trd, 4318150.993, 89
Trd, 4318151.243, 76
Trd, 4318154.443, 88
Trd, 4318154.493, 87
Trd, 4318154.793, 86
Trd, 4318156.743, 104
Trd, 4318158.143, 88
Trd, 4318161.193, 89
Trd, 4318164.343, 89
Trd, 4318164.593, 87
Trd, 4318165.043, 89
Trd, 4318167.893, 87
Trd, 4318168.193, 88
Trd, 4318168.693, 95
Trd, 4318169.193, 89
Trd, 4318171.143, 91
Trd, 4318172.593, 92
Trd, 4318174.393, 90
Trd, 4318174.893, 92
Trd, 4318175.593, 95
Trd, 4318176.543, 91
Trd, 4318177.793, 93
Trd, 4318177.943, 95
Trd, 4318178.543, 90
Trd, 4318181.143, 95
Trd, 4318182.693, 93
Trd, 4318184.043, 94
Trd, 4318185.093, 94
Trd, 4318185.793, 96
Trd, 4318186.793, 104
Trd, 4318188.093, 99
Trd, 4318188.793, 95
Trd, 4318189.593, 94
Trd, 4318190.543, 102
Trd, 4318191.143, 105
Trd, 4318191.193, 125
Trd, 4318194.443, 93
Trd, 4318195.143, 95
Trd, 4318196.643, 99
Trd, 4318197.343, 94
Trd, 4318197.993, 103
Trd, 4318200.893, 96
Trd, 4318201.443, 95
Trd, 4318201.793, 94
Trd, 4318202.243, 104
Trd, 4318205.893, 96
Trd, 4318206.343, 98
Trd, 4318206.393, 98
Trd, 4318207.993, 95
Trd, 4318209.593, 98
Trd, 4318209.843, 95
Trd, 4318213.243, 97
Trd, 4318213.693, 104
Trd, 4318215.993, 97
Trd, 4318216.543, 94
Trd, 4318216.693, 93
Trd, 4318216.943, 86
Trd, 4318219.793, 94
Trd, 4318220.693, 101
Trd, 4318221.343, 103
Trd, 4318221.893, 94
Trd, 4318222.693, 101
Trd, 4318225.893, 104
Trd, 4318226.393, 94
Trd, 4318228.993, 102
Trd, 4318229.043, 118
Trd, 4318229.143, 96
Trd, 4318230.893, 95
Trd, 4318231.543, 95
Trd, 4318231.793, 101
Trd, 4318233.443, 98
Trd, 4318234.293, 105
Trd, 4318234.893, 95
Trd, 4318237.293, 98
Trd, 4318238.143, 97
Trd, 4318240.343, 113
Trd, 4318241.793, 97
Trd, 4318243.093, 99
Trd, 4318243.993, 97
Trd, 4318246.293, 96
Trd, 4318246.743, 94
Trd, 4318246.843, 97
Trd, 4318247.293, 97
Trd, 4318248.343, 89
Trd, 4318249.593, 93
Trd, 4318250.293, 75
Trd, 4318251.643, 104
Trd, 4318253.943, 92
Trd, 4318255.043, 96
Trd, 4318255.893, 94
Trd, 4318257.293, 97
Trd, 4318258.193, 98
Trd, 4318258.943, 97
Trd, 4318261.993, 98
Trd, 4318262.343, 100
Trd, 4318263.743, 99
Trd, 4318266.293, 104
Trd, 4318267.093, 97
Trd, 4318268.093, 97
Trd, 4318269.293, 105
Trd, 4318269.493, 96
Trd, 4318269.793, 102
Trd, 4318273.293, 100
Trd, 4318274.593, 95
Trd, 4318276.643, 98
Trd, 4318277.943, 99
Trd, 4318279.343, 99
Trd, 4318279.493, 98
Trd, 4318279.693, 97
Trd, 4318280.193, 105
Trd, 4318282.943, 97
Trd, 4318283.593, 97
Trd, 4318286.093, 99
Trd, 4318286.293, 99
Trd, 4318286.443, 101
Trd, 4318288.243, 98
Trd, 4318289.643, 121
Trd, 4318289.943, 107
Trd, 4318290.993, 103
Trd, 4318292.693, 114
Trd, 4318295.343, 109
Trd, 4318295.793, 107
Trd, 4318297.093, 107
Trd, 4318297.793, 108
Trd, 4318299.293, 105
Trd, 4318300.293, 102
Trd, 4318301.093, 107
Trd, 4318301.343, 96
Trd, 4318302.343, 110
Trd, 4318303.243, 105
Trd, 4318305.843, 104
Trd, 4318306.643, 104
Trd, 4318306.843, 108
Trd, 4318309.643, 105
Trd, 4318311.143, 106
Trd, 4318313.343, 106
Trd, 4318313.593, 105
Trd, 4318314.293, 104
Trd, 4318315.393, 105
Trd, 4318316.043, 94
Trd, 4318317.643, 104
Trd, 4318318.693, 73
Trd, 4318319.293, 90
Trd, 4318319.693, 87
Trd, 4318320.343, 88
Trd, 4318322.793, 84
Trd, 4318324.143, 105
Trd, 4318324.743, 93
Trd, 4318324.843, 93
Trd, 4318326.143, 96
Trd, 4318327.293, 95
Trd, 4318329.943, 119
Trd, 4318330.543, 98
Trd, 4318332.593, 102
Trd, 4318333.543, 100
Trd, 4318334.893, 98
Trd, 4318336.043, 98
Trd, 4318336.093, 101
Trd, 4318337.693, 103
Trd, 4318338.243, 94
Trd, 4318340.693, 103
Trd, 4318342.693, 103
Trd, 4318343.493, 104
Trd, 4318343.943, 101
Trd, 4318345.393, 102
Trd, 4318345.743, 101
Trd, 4318347.293, 101
Trd, 4318347.643, 100
Trd, 4318349.943, 95
Trd, 4318350.893, 96
Trd, 4318351.793, 96
Trd, 4318352.093, 113
Trd, 4318354.193, 96
Trd, 4318354.593, 101
Trd, 4318356.343, 96
Trd, 4318356.543, 94
Trd, 4318356.593, 99
Trd, 4318358.843, 86
Trd, 4318359.093, 98
Trd, 4318361.243, 114
Trd, 4318361.643, 105
Trd, 4318363.493, 106
Trd, 4318363.843, 105
Trd, 4318364.193, 104
Trd, 4318364.493, 104
Trd, 4318366.043, 112
Trd, 4318367.943, 105
Trd, 4318369.043, 104
Trd, 4318371.343, 106
Trd, 4318372.693, 106
Trd, 4318373.343, 104
Trd, 4318375.243, 103
Trd, 4318377.193, 102
Trd, 4318377.593, 103
Trd, 4318377.843, 102
Trd, 4318378.543, 105
Trd, 4318379.893, 106
Trd, 4318380.793, 106
Trd, 4318384.043, 105
Trd, 4318384.293, 104
Trd, 4318384.443, 104
Trd, 4318385.493, 114
Trd, 4318385.593, 86
Trd, 4318386.793, 101
Trd, 4318387.693, 105
Trd, 4318389.093, 103
Trd, 4318390.593, 103
Trd, 4318391.443, 101
Trd, 4318392.393, 102
Trd, 4318392.743, 105
Trd, 4318394.593, 101
Trd, 4318394.993, 105
Trd, 4318398.293, 104
Trd, 4318398.643, 106
Trd, 4318399.343, 105
Trd, 4318400.043, 103
Trd, 4318401.143, 104
Trd, 4318401.693, 103
Trd, 4318403.493, 103
Trd, 4318404.193, 102
Trd, 4318405.443, 95
Trd, 4318407.343, 102
Trd, 4318408.493, 100
Trd, 4318408.693, 99
Trd, 4318408.843, 98
Trd, 4318411.543, 101
Trd, 4318412.893, 100
Trd, 4318413.343, 104
Trd, 4318413.943, 99
Trd, 4318414.693, 99
Trd, 4318415.043, 103
Trd, 4318418.443, 100
Trd, 4318420.093, 98
Trd, 4318420.443, 98
Trd, 4318421.093, 86
Trd, 4318424.643, 100
Trd, 4318425.593, 100
Trd, 4318425.943, 100
Trd, 4318426.843, 98
Trd, 4318426.893, 97
Trd, 4318427.243, 96
Trd, 4318430.293, 96
Trd, 4318430.843, 95
Trd, 4318432.243, 103
Trd, 4318433.543, 95
Trd, 4318434.843, 99
Trd, 4318434.893, 94
Trd, 4318436.343, 98
Trd, 4318437.443, 98
Trd, 4318437.943, 104
Trd, 4318438.693, 97
Trd, 4318438.943, 96
Trd, 4318441.543, 96
Trd, 4318443.093, 94
Trd, 4318444.343, 95
Trd, 4318444.893, 94
Trd, 4318446.443, 94
Trd, 4318447.943, 94
Trd, 4318448.443, 94
Trd, 4318448.543, 93
Trd, 4318449.593, 104
Trd, 4318450.743, 92
Trd, 4318453.043, 95
Trd, 4318454.393, 104
Trd, 4318455.893, 92
Trd, 4318456.693, 93
Trd, 4318459.293, 92
Trd, 4318460.743, 94
Trd, 4318461.443, 95
Trd, 4318462.043, 94
Trd, 4318462.193, 92
Trd, 4318464.143, 93
Trd, 4318465.893, 94
Trd, 4318465.993, 94
Trd, 4318468.043, 94
Trd, 4318468.493, 93
Trd, 4318469.893, 92
Trd, 4318469.993, 95
Trd, 4318471.143, 96
Trd, 4318471.493, 105
Trd, 4318473.093, 97
Trd, 4318473.843, 96
Trd, 4318474.293, 93
Trd, 4318474.743, 92
Trd, 4318476.943, 90
Trd, 4318480.343, 94
Trd, 4318480.793, 92
Trd, 4318482.193, 94
Trd, 4318482.593, 91
Trd, 4318484.343, 92
Trd, 4318485.393, 91
Trd, 4318486.993, 92
Trd, 4318487.043, 95
Trd, 4318488.393, 89
Trd, 4318489.893, 89
Trd, 4318491.143, 86
Trd, 4318493.693, 75
Trd, 4318493.943, 85
Trd, 4318494.143, 95
Trd, 4318494.743, 104
Trd, 4318496.293, 86
Trd, 4318497.793, 96
Trd, 4318498.043, 86
Trd, 4318499.343, 95
Trd, 4318499.443, 93
Trd, 4318501.793, 122
Trd, 4318502.193, 112
Trd, 4318502.843, 94
Trd, 4318505.293, 103
Trd, 4318506.143, 100
Trd, 4318506.993, 82
Trd, 4318508.693, 86
Trd, 4318509.493, 91
Trd, 4318509.843, 105
Trd, 4318511.243, 85
Trd, 4318511.343, 109
Trd, 4318512.343, 99
Trd, 4318513.893, 89
Trd, 4318515.993, 93
Trd, 4318516.443, 95
Trd, 4318517.193, 77
Trd, 4318517.393, 85
Trd, 4318519.193, 87
Trd, 4318519.643, 95
Trd, 4318520.793, 108
Trd, 4318520.993, 87
Trd, 4318522.293, 88
Trd, 4318525.443, 108
Trd, 4318525.693, 104
Trd, 4318525.743, 95
Trd, 4318526.193, 105
Trd, 4318529.243, 97
Trd, 4318529.993, 110
Trd, 4318530.393, 93
Trd, 4318531.443, 106
Trd, 4318533.043, 102
Trd, 4318533.843, 103
Trd, 4318533.893, 94
Trd, 4318534.543, 98
Trd, 4318536.743, 103
Trd, 4318538.443, 104
Trd, 4318541.043, 103
Trd, 4318541.593, 103
Trd, 4318541.843, 113
Trd, 4318542.143, 101
Trd, 4318543.943, 103
Trd, 4318545.043, 101
Trd, 4318546.593, 100
Trd, 4318547.343, 101
Trd, 4318547.793, 99
Trd, 4318550.043, 96
Trd, 4318550.893, 94
Trd, 4318551.843, 98
Trd, 4318552.293, 97
Trd, 4318552.893, 117
Trd, 4318553.543, 96
Trd, 4318554.693, 95
Trd, 4318557.293, 95
Trd, 4318558.193, 95
Trd, 4318558.993, 95
Trd, 4318560.043, 94
Trd, 4318560.593, 81
Trd, 4318562.343, 104
Trd, 4318563.093, 77
Trd, 4318563.193, 76
Trd, 4318565.343, 88
Trd, 4318566.793, 89
Trd, 4318567.093, 102
Trd, 4318568.343, 88
Trd, 4318569.043, 88
Trd, 4318569.393, 105
Trd, 4318571.243, 88
Trd, 4318572.593, 95
Trd, 4318576.793, 92
Trd, 4318577.593, 95
Trd, 4318578.143, 91
Trd, 4318578.593, 94
Trd, 4318579.243, 91
Trd, 4318580.593, 95
Trd, 4318581.893, 86
Trd, 4318583.093, 93
Trd, 4318583.843, 89
Trd, 4318584.443, 94
Trd, 4318584.993, 90
Trd, 4318589.393, 95
Trd, 4318589.993, 91
Trd, 4318591.393, 94
Trd, 4318591.893, 93
Trd, 4318593.193, 94
Trd, 4318594.093, 93
Trd, 4318595.143, 92
Trd, 4318595.443, 122
Trd, 4318598.343, 99
Trd, 4318599.443, 101
Trd, 4318600.243, 100
Trd, 4318600.643, 101
Trd, 4318602.293, 101
Trd, 4318603.393, 104
Trd, 4318603.593, 104
Trd, 4318604.193, 94
Trd, 4318605.093, 101
Trd, 4318605.543, 104
Trd, 4318606.243, 103
Trd, 4318608.293, 94
Trd, 4318609.843, 93
Trd, 4318609.943, 111
Trd, 4318612.293, 107
Trd, 4318615.643, 104
Trd, 4318616.193, 103
Trd, 4318617.343, 101
Trd, 4318618.293, 102
Trd, 4318620.043, 101
Trd, 4318621.143, 102
Trd, 4318622.043, 104
Trd, 4318622.493, 101
Trd, 4318623.543, 103
Trd, 4318623.593, 100
Trd, 4318626.693, 100
Trd, 4318626.943, 102
Trd, 4318627.193, 101
Trd, 4318627.693, 101
Trd, 4318627.793, 100
Trd, 4318632.343, 102
Trd, 4318633.943, 100
Trd, 4318634.893, 99
Trd, 4318635.293, 94
Trd, 4318636.243, 97
Trd, 4318636.343, 99
Trd, 4318637.393, 99
Trd, 4318639.043, 95
Trd, 4318639.793, 104
Trd, 4318640.793, 75
Trd, 4318641.093, 83
Trd, 4318642.793, 91
Trd, 4318644.543, 93
Trd, 4318645.143, 86
Trd, 4318646.143, 91
Trd, 4318647.693, 93
Trd, 4318648.493, 91
Trd, 4318652.093, 90
Trd, 4318653.193, 104
Trd, 4318654.493, 93
Trd, 4318654.643, 97
Trd, 4318655.243, 93
Trd, 4318656.243, 96
Trd, 4318657.393, 87
Trd, 4318659.593, 93
Trd, 4318660.393, 91
Trd, 4318662.943, 92
Trd, 4318663.143, 93
Trd, 4318663.293, 95
Trd, 4318664.793, 104
Trd, 4318667.093, 91
Trd, 4318670.343, 94
Trd, 4318670.493, 93
Trd, 4318671.193, 93
Trd, 4318671.443, 94
Trd, 4318672.393, 93
Trd, 4318673.593, 95
Trd, 4318675.193, 104
Trd, 4318675.393, 93
Trd, 4318677.443, 93
Trd, 4318679.493, 97
Trd, 4318681.543, 96
Trd, 4318681.993, 95
Trd, 4318682.043, 96
Trd, 4318682.493, 104
Trd, 4318683.943, 93
Trd, 4318685.543, 94
Trd, 4318685.793, 92
Trd, 4318688.593, 95
Trd, 4318690.193, 94
Trd, 4318690.893, 93
Trd, 4318692.243, 93
Trd, 4318692.343, 92
Trd, 4318693.743, 91
Trd, 4318694.293, 93
Trd, 4318699.693, 93
Trd, 4318700.343, 91
Trd, 4318700.493, 93
Trd, 4318700.893, 105
Trd, 4318702.143, 94
Trd, 4318703.543, 116
Trd, 4318704.193, 93
Trd, 4318705.893, 86
Trd, 4318708.343, 95
Trd, 4318709.743, 95
Trd, 4318710.443, 92
Trd, 4318710.843, 95
Trd, 4318712.793, 95
Trd, 4318713.243, 94
Trd, 4318715.093, 91
Trd, 4318716.093, 90
Trd, 4318716.893, 89
Trd, 4318721.943, 92
Trd, 4318722.043, 92
Trd, 4318722.493, 91
Trd, 4318723.743, 91
Trd, 4318725.843, 102
Trd, 4318726.693, 92
Trd, 4318727.943, 103
Trd, 4318728.743, 98
Trd, 4318729.843, 96
Trd, 4318730.993, 96
Trd, 4318731.243, 98
Trd, 4318733.743, 95
Trd, 4318734.793, 96
Trd, 4318736.493, 95
Trd, 4318736.593, 96
Trd, 4318737.793, 120
Trd, 4318739.643, 101
Trd, 4318740.193, 106
Trd, 4318740.643, 95
Trd, 4318741.593, 102
Trd, 4318742.493, 99
Trd, 4318744.243, 98
Trd, 4318746.893, 100
Trd, 4318748.543, 98
Trd, 4318750.043, 97
Trd, 4318751.193, 99
Trd, 4318752.643, 94
Trd, 4318752.843, 86
Trd, 4318752.893, 98
Trd, 4318755.393, 97
Trd, 4318757.193, 96
Trd, 4318758.293, 94
Trd, 4318759.743, 95
Trd, 4318761.443, 94
Trd, 4318763.593, 94
Trd, 4318763.943, 104
Trd, 4318764.043, 93
Trd, 4318765.293, 110
Trd, 4318766.493, 98
Trd, 4318767.893, 94
Trd, 4318768.643, 102
Trd, 4318769.693, 99
Trd, 4318771.143, 100
Trd, 4318771.643, 97
Trd, 4318774.643, 96
Trd, 4318775.143, 97
Trd, 4318775.743, 98
Trd, 4318775.993, 94
Trd, 4318777.543, 99
Trd, 4318780.093, 97
Trd, 4318781.093, 95
Trd, 4318782.093, 94
Trd, 4318782.293, 97
Trd, 4318782.493, 93
Trd, 4318784.043, 98
Trd, 4318784.343, 92
Trd, 4318787.193, 103
Trd, 4318788.243, 101
Trd, 4318788.493, 103
Trd, 4318788.693, 99
Trd, 4318790.193, 99
Trd, 4318792.093, 100
Trd, 4318793.993, 100
Trd, 4318794.293, 98
Trd, 4318794.893, 124
Trd, 4318795.293, 97
Trd, 4318799.043, 98
Trd, 4318799.193, 97
Trd, 4318800.793, 97
Trd, 4318801.443, 96
Trd, 4318802.843, 97
Trd, 4318803.393, 97
Trd, 4318804.143, 95
Trd, 4318805.693, 96
Trd, 4318806.093, 95
Trd, 4318808.193, 96
Trd, 4318810.143, 73
Trd, 4318810.393, 96
Trd, 4318811.593, 89
Trd, 4318812.293, 87
Trd, 4318813.193, 89
Trd, 4318813.493, 104
Trd, 4318814.593, 96
Trd, 4318816.293, 90
Trd, 4318816.343, 88
Trd, 4318819.943, 91
Trd, 4318822.593, 94
Trd, 4318823.043, 94
Trd, 4318823.693, 90
Trd, 4318827.543, 93
Trd, 4318827.943, 95
Trd, 4318829.193, 95
Trd, 4318830.443, 93
Trd, 4318830.993, 95
Trd, 4318831.943, 97
Trd, 4318832.493, 96
Trd, 4318833.043, 96
Trd, 4318833.843, 94
Trd, 4318835.243, 95
Trd, 4318836.243, 97
Trd, 4318836.993, 103
Trd, 4318838.043, 97
Trd, 4318839.593, 100
Trd, 4318842.593, 96
Trd, 4318843.193, 97
Trd, 4318843.793, 95
Trd, 4318845.043, 95
Trd, 4318845.943, 92
Trd, 4318846.743, 93
Trd, 4318847.843, 104
Trd, 4318849.293, 99
Trd, 4318849.493, 93
Trd, 4318850.393, 123
Trd, 4318851.543, 93
Trd, 4318852.043, 103
Trd, 4318853.293, 88
Trd, 4318853.343, 104
Trd, 4318857.643, 98
Trd, 4318857.743, 100
Trd, 4318858.093, 99
Trd, 4318858.943, 106
Trd, 4318860.243, 98
Trd, 4318861.293, 94
Trd, 4318861.543, 95
Trd, 4318861.743, 95
Trd, 4318863.443, 96
Trd, 4318864.943, 79
Trd, 4318866.193, 85
Trd, 4318867.393, 88
Trd, 4318867.643, 87
Trd, 4318869.643, 85
Trd, 4318870.943, 105
Trd, 4318871.093, 91
Trd, 4318872.793, 95
Trd, 4318873.593, 104
Trd, 4318873.743, 96
Trd, 4318874.443, 105
Trd, 4318875.243, 95
Trd, 4318877.543, 93
Trd, 4318878.893, 95
Trd, 4318879.293, 94
Trd, 4318881.443, 95
Trd, 4318881.793, 94
Trd, 4318882.343, 106
Trd, 4318885.093, 94
Trd, 4318887.193, 104
Trd, 4318887.393, 104
Trd, 4318887.943, 103
Trd, 4318888.293, 114
Trd, 4318889.893, 110
Trd, 4318890.143, 103
Trd, 4318891.193, 113
Trd, 4318891.793, 95
Trd, 4318893.793, 102
Trd, 4318894.943, 101
Trd, 4318895.193, 101
Trd, 4318897.443, 101
Trd, 4318897.543, 101
Trd, 4318899.293, 100
Trd, 4318901.243, 100
Trd, 4318901.993, 102
Trd, 4318902.593, 102
Trd, 4318904.343, 94
Trd, 4318904.643, 86
Trd, 4318905.593, 100
Trd, 4318906.593, 97
Trd, 4318906.843, 101
Trd, 4318907.943, 104
Trd, 4318910.343, 102
Trd, 4318910.493, 103
Trd, 4318912.593, 98
Trd, 4318915.593, 104
Trd, 4318916.143, 94
Trd, 4318916.393, 97
Trd, 4318918.443, 93
Trd, 4318918.593, 95
Trd, 4318919.643, 94
Trd, 4318919.793, 94
Trd, 4318920.443, 93
Trd, 4318922.593, 93
Trd, 4318923.843, 94
Trd, 4318925.043, 94
Trd, 4318925.643, 103
Trd, 4318925.943, 104
Trd, 4318927.143, 118
Trd, 4318928.693, 101
Trd, 4318931.943, 104
Trd, 4318933.643, 106
Trd, 4318935.093, 103
Trd, 4318935.393, 104
Trd, 4318936.143, 102
Trd, 4318938.693, 102
Trd, 4318938.893, 103
Trd, 4318939.893, 104
Trd, 4318940.543, 102
Trd, 4318941.993, 91
Trd, 4318943.343, 91
Trd, 4318943.743, 92
Trd, 4318945.193, 93
Trd, 4318945.343, 92
Trd, 4318945.843, 86
Trd, 4318946.693, 114
Trd, 4318948.743, 103
Trd, 4318950.393, 103
Trd, 4318951.043, 95
Trd, 4318953.143, 101
Trd, 4318953.443, 102
Trd, 4318954.793, 100
Trd, 4318955.293, 102
Trd, 4318956.093, 99
Trd, 4318958.193, 98
Trd, 4318959.243, 99
Trd, 4318959.293, 98
Trd, 4318961.343, 95
Trd, 4318962.193, 95
Trd, 4318962.593, 94
Trd, 4318963.043, 94
Trd, 4318964.443, 104
Trd, 4318965.493, 98
Trd, 4318966.843, 95
Trd, 4318967.343, 94
Trd, 4318969.343, 96
Trd, 4318969.693, 95
Trd, 4318970.393, 105
Trd, 4318971.043, 120
Trd, 4318972.193, 101
Trd, 4318974.343, 94
Trd, 4318975.493, 87
Trd, 4318976.493, 95
Trd, 4318978.493, 95
Trd, 4318980.693, 95
Trd, 4318980.743, 95
Trd, 4318981.243, 93
Trd, 4318981.993, 92
Trd, 4318982.243, 94
Trd, 4318986.793, 95
Trd, 4318987.143, 95
Trd, 4318987.593, 105
Trd, 4318987.993, 93
Trd, 4318988.643, 95
Trd, 4318990.043, 99
Trd, 4318990.993, 97
Trd, 4318991.043, 98
Trd, 4318992.393, 97
Trd, 4318993.843, 98
Trd, 4318995.343, 96
Trd, 4318998.343, 96
Trd, 4318998.893, 95
Trd, 4318999.543, 96
Trd, 4319000.943, 95
Trd, 4319002.143, 95
Trd, 4319003.043, 95
Trd, 4319005.993, 94
Trd, 4319006.493, 94
Trd, 4319006.843, 93
Trd, 4319007.543, 95
Trd, 4319008.043, 105
Trd, 4319008.443, 93
Trd, 4319011.593, 95
Trd, 4319013.743, 97
Trd, 4319014.493, 96
Trd, 4319014.743, 96
Trd, 4319015.093, 117
Trd, 4319016.193, 94
Trd, 4319017.243, 106
Trd, 4319018.393, 94
Trd, 4319018.593, 106
Trd, 4319018.993, 102
Trd, 4319022.943, 102
Trd, 4319024.343, 102
Trd, 4319024.743, 102
Trd, 4319025.543, 101
Trd, 4319026.993, 107
Trd, 4319027.593, 112
Trd, 4319027.943, 86
Trd, 4319029.743, 93
Trd, 4319030.943, 105
Trd, 4319031.343, 105
Trd, 4319032.093, 108
Trd, 4319034.193, 98
Trd, 4319034.493, 97
Trd, 4319037.443, 96
Trd, 4319038.893, 98
Trd, 4319040.943, 96
Trd, 4319042.043, 95
Trd, 4319043.643, 94
Trd, 4319045.043, 96
Trd, 4319045.593, 98
Trd, 4319046.143, 95
Trd, 4319048.843, 95
Trd, 4319049.493, 95
Trd, 4319050.093, 87
Trd, 4319050.643, 91
Trd, 4319051.443, 92
Trd, 4319053.193, 78
Trd, 4319053.343, 87
Trd, 4319055.293, 104
Trd, 4319056.443, 120
Trd, 4319058.193, 104
Trd, 4319060.243, 105
Trd, 4319060.493, 104
Trd, 4319061.793, 105
Trd, 4319062.443, 104
Trd, 4319062.743, 94
Trd, 4319063.143, 106
Trd, 4319065.093, 105
Trd, 4319065.443, 103
Trd, 4319066.793, 104
Trd, 4319069.393, 101
Trd, 4319070.643, 102
Trd, 4319070.943, 104
Trd, 4319071.743, 103
Trd, 4319072.993, 101
Trd, 4319073.993, 94
Trd, 4319074.143, 86
Trd, 4319075.143, 104
Trd, 4319077.843, 98
Trd, 4319078.393, 97
Trd, 4319078.543, 104
Trd, 4319078.743, 101
Trd, 4319080.993, 97
Trd, 4319081.143, 95
Trd, 4319082.993, 96
Trd, 4319084.943, 94
Trd, 4319085.043, 101
Trd, 4319087.493, 96
Trd, 4319089.143, 97
Trd, 4319089.343, 97
Trd, 4319090.743, 95
Trd, 4319092.493, 102
Trd, 4319094.943, 96
Trd, 4319094.993, 97
Trd, 4319096.243, 95
Trd, 4319097.643, 98
Trd, 4319097.693, 96
Trd, 4319100.343, 94
Trd, 4319102.743, 105
Trd, 4319103.193, 96
Trd, 4319103.943, 99
Trd, 4319105.593, 95
Trd, 4319105.693, 99
Trd, 4319108.043, 99
Trd, 4319109.843, 104
Trd, 4319110.543, 99
Trd, 4319112.043, 99
Trd, 4319112.343, 97
Trd, 4319112.843, 98
Trd, 4319114.443, 97
Trd, 4319115.043, 94
Trd, 4319115.143, 98
Trd, 4319116.593, 88
Trd, 4319119.093, 92
Trd, 4319119.193, 93
Trd, 4319120.243, 92
Trd, 4319121.243, 96
Trd, 4319121.943, 104
Trd, 4319122.893, 91
Trd, 4319126.693, 92
Trd, 4319126.993, 91
Trd, 4319127.893, 94
Trd, 4319128.793, 89
Trd, 4319128.843, 95
Trd, 4319132.143, 94
Trd, 4319132.193, 90
Trd, 4319132.843, 103
Trd, 4319133.643, 91
Trd, 4319137.043, 96
Trd, 4319138.993, 95
Trd, 4319139.393, 96
Trd, 4319140.343, 95
Trd, 4319140.443, 95
Trd, 4319141.293, 94
Trd, 4319141.943, 104
Trd, 4319144.193, 113
Trd, 4319144.293, 94
Trd, 4319144.343, 117
Trd, 4319145.093, 87
Trd, 4319147.043, 92
Trd, 4319148.793, 97
Trd, 4319151.093, 97
Trd, 4319151.493, 96
Trd, 4319151.743, 96
Trd, 4319152.643, 95
Trd, 4319153.843, 95
Trd, 4319154.193, 94
Trd, 4319156.593, 95
Trd, 4319157.193, 94
Trd, 4319157.243, 96
Trd, 4319159.343, 94
Trd, 4319159.643, 105
Trd, 4319160.843, 94
Trd, 4319160.993, 93
Trd, 4319161.993, 99
Trd, 4319162.993, 111
Trd, 4319167.743, 101
Trd, 4319168.193, 101
Trd, 4319168.693, 97
Trd, 4319171.243, 96
Trd, 4319172.443, 98
Trd, 4319172.793, 97
Trd, 4319174.593, 96
Trd, 4319175.193, 98
Trd, 4319175.793, 94
Trd, 4319175.993, 104
Trd, 4319178.193, 94
Trd, 4319178.893, 94
Trd, 4319179.643, 93
Trd, 4319180.943, 95
Trd, 4319181.643, 95
Trd, 4319181.843, 93
Trd, 4319182.643, 88
Trd, 4319182.793, 104
Trd, 4319184.693, 92
Trd, 4319185.743, 91
Trd, 4319186.493, 90
Trd, 4319187.193, 108
Trd, 4319187.643, 115
Trd, 4319188.743, 98
Trd, 4319190.443, 97
Trd, 4319191.293, 105
Trd, 4319191.943, 79
Trd, 4319193.143, 94
Trd, 4319195.093, 96
Trd, 4319195.693, 114
Trd, 4319198.593, 101
Trd, 4319198.643, 100
Trd, 4319200.743, 101
Trd, 4319201.693, 101
Trd, 4319202.543, 100
Trd, 4319203.543, 101
Trd, 4319203.993, 100
Trd, 4319204.343, 104
Trd, 4319204.793, 94
Trd, 4319204.843, 86
Trd, 4319207.343, 93
Trd, 4319208.443, 101
Trd, 4319210.793, 94
Trd, 4319211.093, 97
Trd, 4319212.343, 93
Trd, 4319212.793, 96
Trd, 4319213.243, 92
Trd, 4319215.443, 96
Trd, 4319215.743, 104
Trd, 4319217.293, 96
Trd, 4319219.043, 94
Trd, 4319219.193, 99
Trd, 4319221.043, 99
Trd, 4319221.193, 95
Trd, 4319224.443, 96
Trd, 4319225.793, 97
Trd, 4319227.943, 94
Trd, 4319228.643, 95
Trd, 4319229.343, 96
Trd, 4319230.493, 94
Trd, 4319233.543, 94
Trd, 4319234.293, 94
Trd, 4319234.543, 95
Trd, 4319235.543, 94
Trd, 4319236.193, 95
Trd, 4319236.793, 86
Trd, 4319240.293, 91
Trd, 4319240.593, 94
Trd, 4319240.793, 95
Trd, 4319242.943, 103
Trd, 4319244.493, 92
Trd, 4319246.043, 91
Trd, 4319247.093, 90
Trd, 4319249.843, 98
Trd, 4319249.893, 91
Trd, 4319250.193, 96
Trd, 4319251.743, 91
Trd, 4319253.743, 95
Trd, 4319256.693, 92
Trd, 4319257.693, 95
Trd, 4319258.693, 94
Trd, 4319261.143, 93
Trd, 4319262.193, 92
Trd, 4319262.843, 93
Trd, 4319264.743, 100
Trd, 4319264.993, 92
Trd, 4319265.643, 91
Trd, 4319266.843, 97
Trd, 4319269.493, 93
Trd, 4319270.393, 95
Trd, 4319271.243, 94
Trd, 4319272.643, 94
Trd, 4319273.343, 93
Trd, 4319273.493, 95
Trd, 4319275.143, 104
Trd, 4319277.343, 93
Trd, 4319278.043, 93
Trd, 4319280.943, 95
Trd, 4319282.343, 93
Trd, 4319282.743, 95
Trd, 4319282.993, 92
Trd, 4319284.043, 95
Trd, 4319284.143, 105
Trd, 4319287.543, 95
Trd, 4319288.643, 95
Trd, 4319289.893, 120
Trd, 4319290.793, 122
Trd, 4319294.043, 110
Trd, 4319294.693, 104
Trd, 4319294.993, 105
Trd, 4319296.543, 111
Trd, 4319298.543, 112
Trd, 4319300.093, 86
Trd, 4319301.293, 100
Trd, 4319301.493, 110
Trd, 4319302.943, 101
Trd, 4319303.243, 103
Trd, 4319305.093, 100
Trd, 4319307.393, 98
Trd, 4319309.393, 99
Trd, 4319309.943, 94
Trd, 4319311.043, 95
Trd, 4319311.443, 95
Trd, 4319313.293, 94
Trd, 4319313.643, 95
Trd, 4319316.993, 95
Trd, 4319317.293, 93
Trd, 4319317.593, 95
Trd, 4319317.843, 95
Trd, 4319318.943, 94
Trd, 4319319.893, 103
Trd, 4319321.793, 93
Trd, 4319322.893, 98
Trd, 4319323.543, 99
Trd, 4319324.693, 92
Trd, 4319325.943, 92
Trd, 4319329.493, 94
Trd, 4319330.143, 95
Trd, 4319331.493, 94
Trd, 4319331.943, 93
Trd, 4319332.943, 102
Trd, 4319333.743, 92
Trd, 4319336.693, 98
Trd, 4319337.543, 92
Trd, 4319338.743, 91
Trd, 4319341.093, 96
Trd, 4319342.043, 95
Trd, 4319343.193, 96
Trd, 4319343.643, 97
Trd, 4319345.393, 101
Trd, 4319347.543, 96
Trd, 4319347.743, 95
Trd, 4319347.993, 99
Trd, 4319350.043, 98
Trd, 4319351.193, 100
Trd, 4319351.893, 94
Trd, 4319352.193, 103
Trd, 4319353.043, 104
Trd, 4319353.243, 97
Trd, 4319356.143, 102
Trd, 4319357.693, 103
Trd, 4319357.743, 93
Trd, 4319359.243, 103
Trd, 4319359.993, 102
Trd, 4319360.943, 99
Trd, 4319363.343, 100
Trd, 4319364.643, 101
Trd, 4319366.143, 100
Trd, 4319366.393, 100
Trd, 4319366.693, 98
Trd, 4319371.093, 99
Trd, 4319371.243, 98
Trd, 4319371.543, 98
Trd, 4319372.193, 94
Trd, 4319373.643, 104
Trd, 4319374.343, 97
Trd, 4319377.193, 95
Trd, 4319377.993, 99
Trd, 4319378.643, 98
Trd, 4319379.393, 115
Trd, 4319382.743, 102
Trd, 4319383.593, 102
Trd, 4319384.143, 103
Trd, 4319384.193, 102
Trd, 4319385.293, 99
Trd, 4319386.893, 94
Trd, 4319387.893, 99
Trd, 4319389.243, 98
Trd, 4319389.493, 114
Trd, 4319391.343, 98
Trd, 4319392.393, 96
Trd, 4319393.543, 98
Trd, 4319394.893, 97
Trd, 4319396.843, 98
Trd, 4319397.293, 98
Trd, 4319399.393, 96
Trd, 4319400.543, 98
Trd, 4319404.193, 98
Trd, 4319404.493, 95
Trd, 4319404.843, 95
Trd, 4319407.093, 104
Trd, 4319407.543, 102
Trd, 4319409.693, 100
Trd, 4319410.043, 94
Trd, 4319410.193, 86
Trd, 4319411.193, 112
Trd, 4319411.293, 107
Trd, 4319413.893, 100
Trd, 4319414.143, 105
Trd, 4319415.193, 100
Trd, 4319416.993, 105
Trd, 4319417.093, 100
Trd, 4319419.693, 105
Trd, 4319420.143, 100
Trd, 4319422.643, 100
Trd, 4319424.343, 103
Trd, 4319425.443, 102
Trd, 4319425.643, 103
Trd, 4319426.893, 104
Trd, 4319427.343, 101
Trd, 4319429.643, 102
Trd, 4319429.843, 101
Trd, 4319431.343, 100
Trd, 4319433.443, 101
Trd, 4319434.393, 100
Trd, 4319434.993, 95
Trd, 4319435.543, 104
Trd, 4319436.143, 111
Trd, 4319436.193, 94
Trd, 4319438.343, 96
Trd, 4319439.543, 107
Trd, 4319441.293, 93
Trd, 4319443.493, 96
Trd, 4319444.743, 101
Trd, 4319445.293, 96
Trd, 4319447.193, 100
Trd, 4319448.143, 121
Trd, 4319448.693, 108
Trd, 4319449.743, 108
Trd, 4319449.843, 109
Trd, 4319451.493, 98
Trd, 4319452.343, 111
Trd, 4319453.743, 105
Trd, 4319454.393, 111
Trd, 4319456.543, 105
Trd, 4319457.643, 104
Trd, 4319458.243, 104
Trd, 4319460.893, 99
Trd, 4319461.043, 96
Trd, 4319461.393, 100
Trd, 4319461.643, 105
Trd, 4319464.043, 100
Trd, 4319465.443, 99
Trd, 4319465.493, 99
Trd, 4319467.493, 98
Trd, 4319467.943, 96
Trd, 4319468.943, 100
Trd, 4319470.093, 103
Trd, 4319473.243, 102
Trd, 4319474.393, 98
Trd, 4319474.743, 103
Trd, 4319475.893, 98
Trd, 4319476.643, 103
Trd, 4319478.393, 98
Trd, 4319479.343, 96
Trd, 4319479.593, 103
Trd, 4319482.893, 97
Trd, 4319483.243, 96
Trd, 4319486.143, 99
Trd, 4319486.693, 100
Trd, 4319487.843, 100
Trd, 4319489.343, 97
Trd, 4319489.543, 94
Trd, 4319490.493, 99
Trd, 4319492.043, 96
Trd, 4319492.343, 95
Trd, 4319494.993, 97
Trd, 4319496.543, 96
Trd, 4319497.643, 96
Trd, 4319497.843, 112
Trd, 4319498.393, 94
Trd, 4319499.943, 102
Trd, 4319502.193, 100
Trd, 4319502.793, 100
Trd, 4319503.893, 104
Trd, 4319504.993, 100
Trd, 4319507.393, 101
Trd, 4319508.693, 101
Trd, 4319508.943, 103
Trd, 4319511.993, 102
Trd, 4319514.443, 100
Trd, 4319515.393, 103
Trd, 4319516.643, 103
Trd, 4319517.543, 102
Trd, 4319517.593, 100
Trd, 4319520.343, 97
Trd, 4319520.493, 97
Trd, 4319521.493, 96
Trd, 4319522.593, 94
Trd, 4319523.443, 104
Trd, 4319524.543, 93
Trd, 4319525.443, 95
Trd, 4319525.643, 96
Trd, 4319527.243, 95
Trd, 4319529.493, 95
Trd, 4319529.793, 102
Trd, 4319529.843, 94
Trd, 4319529.893, 94
Trd, 4319531.943, 99
Trd, 4319532.993, 104
Trd, 4319534.643, 97
Trd, 4319535.143, 102
Trd, 4319536.843, 102
Trd, 4319537.343, 114
Trd, 4319537.693, 97
Trd, 4319539.343, 103
Trd, 4319541.243, 105
Trd, 4319542.543, 102
Trd, 4319544.043, 100
Trd, 4319546.193, 103
Trd, 4319547.243, 102
Trd, 4319548.093, 101
Trd, 4319549.543, 99
Trd, 4319550.843, 99
Trd, 4319552.843, 100
Trd, 4319553.693, 99
Trd, 4319554.793, 97
Trd, 4319556.043, 97
Trd, 4319556.843, 96
Trd, 4319556.943, 94
Trd, 4319559.493, 97
Trd, 4319561.293, 98
Trd, 4319562.493, 96
Trd, 4319562.893, 95
Trd, 4319563.793, 94
Trd, 4319564.143, 98
Trd, 4319566.493, 95
Trd, 4319567.343, 97
Trd, 4319570.093, 97
Trd, 4319570.693, 103
Trd, 4319570.793, 95
Trd, 4319571.793, 94
Trd, 4319575.143, 99
Trd, 4319575.643, 95
Trd, 4319575.993, 95
Trd, 4319576.643, 99
Trd, 4319578.193, 95
Trd, 4319578.793, 102
Trd, 4319580.243, 100
Trd, 4319581.443, 102
Trd, 4319582.193, 102
Trd, 4319582.443, 104
Trd, 4319583.943, 118
Trd, 4319586.593, 101
Trd, 4319587.193, 105
Trd, 4319589.743, 105
Trd, 4319590.443, 100
Trd, 4319592.093, 99
Trd, 4319593.843, 100
Trd, 4319595.043, 99
Trd, 4319597.493, 99
Trd, 4319597.593, 100
Trd, 4319598.093, 98
Trd, 4319600.243, 101
Trd, 4319600.993, 95
Trd, 4319603.643, 98
Trd, 4319605.543, 99
Trd, 4319606.343, 104
Trd, 4319608.293, 98
Trd, 4319608.493, 97
Trd, 4319609.943, 98
Trd, 4319610.393, 97
Trd, 4319610.893, 98
Trd, 4319611.043, 96
Trd, 4319612.693, 94
Trd, 4319614.543, 98
Trd, 4319616.893, 95
Trd, 4319617.093, 93
Trd, 4319617.943, 95
Trd, 4319618.143, 96
Trd, 4319620.243, 95
Trd, 4319621.493, 95
Trd, 4319623.293, 96
Trd, 4319623.693, 105
Trd, 4319624.293, 95
Trd, 4319624.893, 95
Trd, 4319626.543, 96
Trd, 4319627.043, 96
Trd, 4319627.493, 94
Trd, 4319629.393, 94
Trd, 4319631.393, 94
Trd, 4319632.993, 94
Trd, 4319633.193, 95
Trd, 4319635.043, 95
Trd, 4319635.343, 95
Trd, 4319635.643, 104
Trd, 4319636.843, 94
Trd, 4319636.943, 100
Trd, 4319637.793, 93
Trd, 4319640.593, 100
Trd, 4319640.693, 99
Trd, 4319643.243, 98
Trd, 4319643.693, 98
Trd, 4319645.243, 97
Trd, 4319645.643, 94
Trd, 4319648.793, 100
Trd, 4319648.843, 99
Trd, 4319649.243, 101
Trd, 4319649.443, 103
Trd, 4319649.593, 104
Trd, 4319652.693, 99
Trd, 4319653.393, 103
Trd, 4319653.543, 94
Trd, 4319654.493, 103
Trd, 4319655.893, 104
Trd, 4319657.143, 97
Trd, 4319660.043, 102
Trd, 4319660.243, 104
Trd, 4319660.543, 94
Trd, 4319662.143, 97
Trd, 4319663.393, 101
Trd, 4319663.693, 102
Trd, 4319666.693, 101
Trd, 4319667.393, 100
Trd, 4319667.443, 101
Trd, 4319668.443, 99
Trd, 4319669.443, 98
Trd, 4319670.043, 95
Trd, 4319670.293, 104
Trd, 4319670.993, 96
Trd, 4319673.043, 94
Trd, 4319675.243, 94
Trd, 4319675.893, 95
Trd, 4319677.143, 93
Trd, 4319678.643, 95
Trd, 4319679.243, 95
Trd, 4319679.293, 93
Trd, 4319682.143, 95
Trd, 4319682.343, 92
Trd, 4319683.143, 95
Trd, 4319684.043, 94
Trd, 4319684.343, 93
Trd, 4319685.093, 95
Trd, 4319685.643, 93
Trd, 4319686.793, 93
Trd, 4319687.693, 103
Trd, 4319690.343, 98
Trd, 4319690.393, 93
Trd, 4319693.293, 92
Trd, 4319694.643, 98
Trd, 4319696.193, 97
Trd, 4319696.543, 94
Trd, 4319697.893, 96
Trd, 4319698.693, 95
Trd, 4319701.293, 97
Trd, 4319702.943, 97
Trd, 4319703.393, 98
Trd, 4319704.543, 98
Trd, 4319705.793, 96
Trd, 4319706.843, 95
Trd, 4319708.743, 95
Trd, 4319709.143, 97
Trd, 4319709.893, 95
Trd, 4319710.693, 94
Trd, 4319711.043, 95
Trd, 4319711.543, 94
Trd, 4319714.293, 93
Trd, 4319714.543, 95
Trd, 4319716.043, 95
Trd, 4319718.043, 94
Trd, 4319719.593, 101
Trd, 4319721.793, 99
Trd, 4319722.693, 104
Trd, 4319723.593, 100
Trd, 4319724.293, 98
Trd, 4319724.843, 95
Trd, 4319726.343, 94
Trd, 4319727.693, 86
Trd, 4319728.293, 94
Trd, 4319728.543, 94
Trd, 4319730.293, 104
Trd, 4319731.093, 110
Trd, 4319732.893, 104
Trd, 4319733.043, 99
Trd, 4319735.493, 100
Trd, 4319737.443, 101
Trd, 4319737.643, 101
Trd, 4319738.043, 99
Trd, 4319739.793, 99
Trd, 4319741.343, 99
Trd, 4319743.843, 99
Trd, 4319743.993, 98
Trd, 4319744.843, 101
Trd, 4319745.993, 101
Trd, 4319748.043, 97
Trd, 4319749.693, 98
Trd, 4319750.993, 98
Trd, 4319751.843, 96
Trd, 4319752.343, 98
Trd, 4319753.843, 96
Trd, 4319754.993, 104
Trd, 4319755.593, 95
Trd, 4319757.293, 98
Trd, 4319757.393, 94
Trd, 4319759.793, 98
Trd, 4319760.243, 99
Trd, 4319761.143, 104
Trd, 4319762.093, 101
Trd, 4319765.843, 97
Trd, 4319766.443, 97
Trd, 4319767.693, 98
Trd, 4319769.293, 97
Trd, 4319771.243, 97
Trd, 4319772.093, 96
Trd, 4319772.593, 95
Trd, 4319773.493, 94
Trd, 4319776.243, 95
Trd, 4319777.543, 95
Trd, 4319778.393, 86
Trd, 4319778.993, 90
Trd, 4319780.593, 94
Trd, 4319782.443, 94
Trd, 4319783.743, 92
Trd, 4319783.993, 95
Trd, 4319785.393, 95
Trd, 4319786.743, 97
Trd, 4319788.593, 96
Trd, 4319790.093, 101
Trd, 4319790.943, 104
Trd, 4319791.693, 99
Trd, 4319793.143, 98
Trd, 4319794.193, 100
Trd, 4319795.743, 98
Trd, 4319796.443, 100
Trd, 4319797.193, 100
Trd, 4319798.843, 99
Trd, 4319799.093, 97
Trd, 4319802.343, 96
Trd, 4319803.793, 99
Trd, 4319805.193, 99
Trd, 4319806.293, 97
Trd, 4319807.143, 99
Trd, 4319808.243, 98
Trd, 4319809.593, 97
Trd, 4319810.143, 99
Trd, 4319810.643, 105
Trd, 4319811.193, 96
Trd, 4319811.643, 95
Trd, 4319814.243, 94
Trd, 4319816.443, 97
Trd, 4319816.543, 93
Trd, 4319817.043, 97
Trd, 4319818.193, 105
Trd, 4319819.493, 97
Trd, 4319820.343, 94
Trd, 4319820.943, 98
Trd, 4319821.143, 100
Trd, 4319823.343, 104
Trd, 4319823.843, 97
Trd, 4319825.193, 100
Trd, 4319827.443, 101
Trd, 4319827.943, 100
Trd, 4319828.443, 102
Trd, 4319828.693, 94
Trd, 4319831.543, 95
Trd, 4319832.143, 94
Trd, 4319832.543, 86
Trd, 4319833.293, 95
Trd, 4319833.893, 104
Trd, 4319834.193, 94
Trd, 4319836.743, 99
Trd, 4319838.443, 99
Trd, 4319838.493, 95
Trd, 4319840.843, 98
Trd, 4319841.743, 95
Trd, 4319842.743, 96
Trd, 4319843.293, 95
Trd, 4319844.193, 96
Trd, 4319844.843, 113
Trd, 4319846.693, 93
Trd, 4319846.893, 102
Trd, 4319849.093, 94
Trd, 4319850.093, 94
Trd, 4319853.093, 95
Trd, 4319853.643, 95
Trd, 4319853.793, 96
Trd, 4319856.793, 93
Trd, 4319857.443, 91
Trd, 4319858.143, 95
Trd, 4319858.893, 92
Trd, 4319859.143, 95
Trd, 4319859.193, 86
Trd, 4319860.293, 94
Trd, 4319862.443, 103
Trd, 4319864.093, 95
Trd, 4319864.843, 96
Trd, 4319865.343, 121
Trd, 4319866.443, 94
Trd, 4319868.193, 122
Trd, 4319870.543, 113
Trd, 4319871.893, 104
Trd, 4319873.093, 105
Trd, 4319873.993, 104
Trd, 4319875.193, 103
Trd, 4319875.293, 105
Trd, 4319877.143, 105
Trd, 4319877.393, 103
Trd, 4319878.643, 103
Trd, 4319879.193, 101
Trd, 4319879.643, 94
Trd, 4319883.693, 102
Trd, 4319885.243, 101
Trd, 4319885.693, 100
Trd, 4319886.093, 99
Trd, 4319886.843, 98
Trd, 4319890.843, 97
Trd, 4319890.893, 96
Trd, 4319891.893, 96
Trd, 4319893.393, 97
Trd, 4319894.643, 104
Trd, 4319895.493, 98
Trd, 4319896.743, 99
Trd, 4319897.093, 94
Trd, 4319897.143, 86
Trd, 4319897.543, 100
Trd, 4319897.943, 100
Trd, 4319901.843, 99
Trd, 4319902.193, 94
Trd, 4319903.443, 100
Trd, 4319905.293, 103
Trd, 4319905.443, 96
Trd, 4319906.643, 104
Trd, 4319907.393, 95
Trd, 4319908.793, 103
Trd, 4319909.293, 102
Trd, 4319909.593, 104
Trd, 4319909.643, 95
Trd, 4319910.193, 86
Trd, 4319911.193, 103
Trd, 4319912.943, 92
Trd, 4319914.193, 98
Trd, 4319916.693, 97
Trd, 4319916.743, 99
Trd, 4319917.343, 96
Trd, 4319920.393, 97
Trd, 4319920.593, 99
Trd, 4319921.743, 97
Trd, 4319923.793, 96
Trd, 4319925.193, 95
Trd, 4319927.743, 93
Trd, 4319928.093, 96
Trd, 4319928.993, 97
Trd, 4319930.043, 97
Trd, 4319930.443, 96
Trd, 4319931.943, 97
Trd, 4319932.643, 94
Trd, 4319932.693, 104
Trd, 4319934.493, 99
Trd, 4319935.743, 95
Trd, 4319935.993, 98
Trd, 4319937.543, 99
Trd, 4319939.893, 100
Trd, 4319941.943, 99
Trd, 4319942.143, 94
Trd, 4319942.543, 96
Trd, 4319942.643, 98
Trd, 4319942.793, 104
Trd, 4319945.143, 96
Trd, 4319946.893, 100
Trd, 4319948.093, 98
Trd, 4319948.843, 96
Trd, 4319949.743, 96
Trd, 4319950.843, 96
Trd, 4319951.393, 94
Trd, 4319952.993, 95
Trd, 4319953.343, 96
Trd, 4319954.293, 95
Trd, 4319954.843, 98
Trd, 4319955.693, 94
Trd, 4319955.943, 115
Trd, 4319956.993, 103
Trd, 4319957.493, 109
Trd, 4319959.743, 101
Trd, 4319960.293, 106
Trd, 4319963.293, 95
Trd, 4319964.543, 97
Trd, 4319964.593, 103
Trd, 4319965.093, 94
Trd, 4319967.793, 97
Trd, 4319968.393, 99
Trd, 4319968.643, 98
Trd, 4319969.343, 105
Trd, 4319971.693, 102
Trd, 4319972.293, 94
Trd, 4319972.443, 104
Trd, 4319974.293, 90
Trd, 4319975.093, 103
Trd, 4319976.193, 96
Trd, 4319976.593, 104
Trd, 4319977.493, 96
Trd, 4319978.543, 100
Trd, 4319980.943, 100
Trd, 4319982.093, 99
Trd, 4319983.143, 96
Trd, 4319984.943, 97
Trd, 4319985.393, 96
Trd, 4319986.193, 105
Trd, 4319987.443, 95
Trd, 4319988.343, 99
Trd, 4319989.543, 97
Trd, 4319992.593, 96
Trd, 4319993.043, 98
Trd, 4319994.493, 96
Trd, 4319994.643, 97
Trd, 4319995.493, 95
Trd, 4319995.893, 98
Trd, 4319997.193, 86
