Trd, 4317855.343, 95
Trd, 4317858.343, 94
Trd, 4317858.743, 93
Trd, 4317862.293, 94
Trd, 4317863.243, 94
Trd, 4317864.043, 96
Trd, 4317864.793, 97
Trd, 4317865.693, 95
Trd, 4317866.393, 104
Trd, 4317866.493, 89
Trd, 4317868.493, 84
Trd, 4317870.093, 78
Trd, 4317871.743, 83
Trd, 4317874.443, 86
Trd, 4317874.993, 84
Trd, 4317877.643, 86
Trd, 4317879.793, 84
Trd, 4317880.643, 84
Trd, 4317880.943, 87
Trd, 4317882.643, 82
Trd, 4317883.193, 81
Trd, 4317885.093, 81
Trd, 4317886.543, 86
Trd, 4317886.643, 82
Trd, 4317889.443, 86
Trd, 4317891.743, 83
Trd, 4317892.693, 84
Trd, 4317893.793, 83
Trd, 4317896.443, 84
Trd, 4317897.143, 84
Trd, 4317901.443, 84
Trd, 4317902.843, 92
Trd, 4317905.193, 98
Trd, 4317905.743, 97
Trd, 4317906.543, 91
Trd, 4317908.993, 93
Trd, 4317909.243, 94
Trd, 4317911.493, 104
Trd, 4317913.343, 98
Trd, 4317913.993, 98
Trd, 4317915.693, 98
Trd, 4317916.643, 97
Trd, 4317917.393, 98
Trd, 4317920.143, 97
Trd, 4317920.193, 85
Trd, 4317921.243, 95
Trd, 4317921.693, 98
Trd, 4317922.993, 85
Trd, 4317923.593, 84
Trd, 4317926.493, 97
Trd, 4317927.143, 97
Trd, 4317929.593, 98
Trd, 4317931.443, 98
Trd, 4317931.893, 98
Trd, 4317933.393, 113
Trd, 4317933.593, 104
Trd, 4317936.893, 104
Trd, 4317938.193, 103
Trd, 4317940.393, 102
Trd, 4317941.793, 101
Trd, 4317943.293, 105
Trd, 4317944.643, 103
Trd, 4317946.043, 102
Trd, 4317947.943, 103
Trd, 4317948.543, 105
Trd, 4317949.093, 101
Trd, 4317949.293, 100
Trd, 4317950.543, 92
Trd, 4317951.343, 94
Trd, 4317955.043, 99
Trd, 4317958.593, 99
Trd, 4317959.493, 98
Trd, 4317961.493, 97
Trd, 4317961.543, 96
Trd, 4317963.693, 101
Trd, 4317964.193, 95
Trd, 4317968.043, 95
Trd, 4317970.593, 98
Trd, 4317971.143, 91
Trd, 4317971.493, 86
Trd, 4317972.993, 92
Trd, 4317973.443, 104
Trd, 4317974.843, 92
Trd, 4317975.243, 91
Trd, 4317978.143, 92
Trd, 4317978.393, 91
Trd, 4317979.943, 95
Trd, 4317980.743, 91
Trd, 4317983.543, 96
Trd, 4317984.343, 97
Trd, 4317984.793, 97
Trd, 4317987.043, 96
Trd, 4317987.093, 91
Trd, 4317988.893, 97
Trd, 4317989.843, 94
Trd, 4317991.543, 93
Trd, 4317992.893, 93
Trd, 4317994.043, 102
Trd, 4317997.243, 99
Trd, 4317998.543, 99
Trd, 4318001.143, 98
Trd, 4318002.143, 99
Trd, 4318002.843, 98
Trd, 4318003.093, 104
Trd, 4318004.343, 97
Trd, 4318005.193, 101
Trd, 4318006.393, 98
Trd, 4318009.293, 96
Trd, 4318010.243, 102
Trd, 4318010.493, 97
Trd, 4318011.593, 97
Trd, 4318014.393, 99
Trd, 4318016.543, 98
Trd, 4318016.743, 91
Trd, 4318018.193, 93
Trd, 4318018.693, 88
Trd, 4318020.293, 98
Trd, 4318020.743, 89
Trd, 4318023.243, 92
Trd, 4318023.943, 93
Trd, 4318026.293, 92
Trd, 4318028.193, 104
Trd, 4318030.243, 96
Trd, 4318031.793, 98
Trd, 4318033.893, 97
Trd, 4318035.093, 96
Trd, 4318036.293, 95
Trd, 4318040.693, 98
Trd, 4318041.443, 85
Trd, 4318042.443, 92
Trd, 4318043.993, 99
Trd, 4318044.343, 104
Trd, 4318044.493, 95
Trd, 4318046.593, 97
Trd, 4318047.043, 95
Trd, 4318048.793, 95
Trd, 4318049.443, 95
Trd, 4318052.193, 97
Trd, 4318052.393, 88
Trd, 4318052.943, 101
Trd, 4318053.693, 93
Trd, 4318054.043, 92
Trd, 4318056.393, 96
Trd, 4318058.493, 93
Trd, 4318059.593, 91
Trd, 4318064.443, 96
Trd, 4318064.693, 95
Trd, 4318066.743, 98
Trd, 4318067.243, 96
Trd, 4318068.143, 97
Trd, 4318070.643, 95
Trd, 4318070.843, 91
Trd, 4318074.193, 95
Trd, 4318074.493, 94
Trd, 4318077.993, 95
Trd, 4318078.393, 94
Trd, 4318078.493, 94
Trd, 4318081.743, 94
Trd, 4318082.393, 95
Trd, 4318083.343, 94
Trd, 4318086.693, 94
Trd, 4318087.793, 93
Trd, 4318088.293, 104
Trd, 4318088.743, 93
Trd, 4318092.593, 92
Trd, 4318093.393, 94
Trd, 4318095.343, 92
Trd, 4318096.393, 96
Trd, 4318098.293, 92
Trd, 4318098.543, 91
Trd, 4318099.493, 91
Trd, 4318101.493, 91
Trd, 4318104.393, 90
Trd, 4318106.893, 92
Trd, 4318107.243, 92
Trd, 4318108.493, 90
Trd, 4318112.043, 92
Trd, 4318113.193, 91
Trd, 4318114.293, 91
Trd, 4318116.993, 91
Trd, 4318117.093, 92
Trd, 4318117.793, 87
Trd, 4318119.093, 85
Trd, 4318120.143, 104
Trd, 4318120.193, 76
Trd, 4318121.443, 85
Trd, 4318122.793, 105
Trd, 4318123.193, 98
Trd, 4318126.093, 99
Trd, 4318126.243, 91
Trd, 4318126.793, 92
Trd, 4318127.793, 92
Trd, 4318131.193, 96
Trd, 4318133.143, 95
Trd, 4318137.443, 99
Trd, 4318137.693, 96
Trd, 4318137.843, 103
Trd, 4318143.193, 100
Trd, 4318143.643, 98
Trd, 4318143.743, 97
Trd, 4318146.193, 88
Trd, 4318147.343, 85
Trd, 4318147.693, 84
Trd, 4318149.743, 89
Trd, 4318151.893, 87
Trd, 4318151.943, 86
Trd, 4318154.093, 85
Trd, 4318155.143, 88
Trd, 4318158.293, 91
Trd, 4318159.343, 90
Trd, 4318159.693, 113
Trd, 4318160.743, 89
Trd, 4318163.543, 88
Trd, 4318163.943, 88
Trd, 4318164.443, 113
Trd, 4318164.643, 86
Trd, 4318166.893, 101
Trd, 4318169.493, 92
Trd, 4318170.893, 95
Trd, 4318171.593, 94
Trd, 4318172.993, 97
Trd, 4318176.043, 98
Trd, 4318176.093, 96
Trd, 4318176.293, 95
Trd, 4318178.193, 96
Trd, 4318179.443, 96
Trd, 4318180.193, 95
Trd, 4318180.393, 95
Trd, 4318182.393, 98
Trd, 4318183.243, 98
Trd, 4318184.743, 97
Trd, 4318184.943, 98
Trd, 4318185.493, 96
Trd, 4318188.293, 94
Trd, 4318188.793, 94
Trd, 4318191.343, 86
Trd, 4318192.293, 87
Trd, 4318196.043, 89
Trd, 4318197.143, 89
Trd, 4318200.293, 99
Trd, 4318200.993, 98
Trd, 4318202.493, 97
Trd, 4318205.143, 96
Trd, 4318205.343, 96
Trd, 4318206.643, 95
Trd, 4318208.093, 104
Trd, 4318209.393, 97
Trd, 4318210.593, 96
Trd, 4318214.993, 97
Trd, 4318215.843, 97
Trd, 4318215.943, 98
Trd, 4318217.193, 96
Trd, 4318219.743, 96
Trd, 4318219.943, 98
Trd, 4318221.193, 96
Trd, 4318222.293, 97
Trd, 4318222.943, 120
Trd, 4318223.093, 104
Trd, 4318223.593, 108
Trd, 4318224.243, 108
Trd, 4318224.593, 104
Trd, 4318228.843, 107
Trd, 4318228.893, 105
Trd, 4318231.143, 104
Trd, 4318232.193, 77
Trd, 4318233.043, 93
Trd, 4318234.743, 93
Trd, 4318236.793, 97
Trd, 4318238.893, 96
Trd, 4318239.343, 96
Trd, 4318241.943, 95
Trd, 4318245.243, 96
Trd, 4318245.643, 94
Trd, 4318246.893, 96
Trd, 4318247.093, 96
Trd, 4318247.943, 97
Trd, 4318249.293, 88
Trd, 4318249.343, 76
Trd, 4318253.793, 95
Trd, 4318253.943, 94
Trd, 4318256.193, 96
Trd, 4318256.243, 104
Trd, 4318257.243, 96
Trd, 4318259.543, 95
Trd, 4318259.793, 93
Trd, 4318260.393, 83
Trd, 4318262.343, 89
Trd, 4318262.943, 99
Trd, 4318264.493, 100
Trd, 4318268.443, 95
Trd, 4318272.643, 97
Trd, 4318272.893, 91
Trd, 4318276.243, 101
Trd, 4318277.243, 98
Trd, 4318277.943, 97
Trd, 4318279.043, 96
Trd, 4318281.193, 99
Trd, 4318281.643, 96
Trd, 4318283.993, 96
Trd, 4318286.893, 99
Trd, 4318287.593, 97
Trd, 4318289.193, 100
Trd, 4318291.393, 104
Trd, 4318292.093, 101
Trd, 4318292.193, 100
Trd, 4318293.543, 85
Trd, 4318294.393, 94
Trd, 4318295.393, 97
Trd, 4318296.843, 96
Trd, 4318297.543, 85
Trd, 4318300.843, 94
Trd, 4318302.493, 93
Trd, 4318304.793, 95
Trd, 4318306.443, 97
Trd, 4318307.143, 96
Trd, 4318308.393, 96
Trd, 4318312.143, 95
Trd, 4318313.293, 93
Trd, 4318313.943, 91
Trd, 4318314.543, 95
Trd, 4318314.793, 91
Trd, 4318317.893, 93
Trd, 4318318.693, 90
Trd, 4318318.893, 104
Trd, 4318320.393, 92
Trd, 4318323.143, 94
Trd, 4318323.193, 92
Trd, 4318324.443, 93
Trd, 4318326.043, 97
Trd, 4318326.493, 104
Trd, 4318328.993, 98
Trd, 4318331.043, 88
Trd, 4318331.343, 85
Trd, 4318332.943, 97
Trd, 4318334.093, 98
Trd, 4318335.443, 97
Trd, 4318335.643, 96
Trd, 4318337.293, 97
Trd, 4318339.243, 96
Trd, 4318341.543, 97
Trd, 4318341.843, 98
Trd, 4318342.543, 95
Trd, 4318344.743, 104
Trd, 4318344.943, 103
Trd, 4318345.993, 102
Trd, 4318348.193, 100
Trd, 4318348.793, 88
Trd, 4318350.293, 95
Trd, 4318351.993, 90
Trd, 4318352.443, 102
Trd, 4318353.893, 91
Trd, 4318357.443, 98
Trd, 4318360.343, 97
Trd, 4318361.493, 97
Trd, 4318362.543, 98
Trd, 4318364.593, 97
Trd, 4318366.843, 98
Trd, 4318368.643, 113
Trd, 4318368.843, 97
Trd, 4318369.993, 96
Trd, 4318371.543, 94
Trd, 4318371.593, 91
Trd, 4318372.443, 105
Trd, 4318375.043, 103
Trd, 4318375.593, 104
Trd, 4318377.593, 103
Trd, 4318377.643, 103
Trd, 4318380.243, 94
Trd, 4318381.893, 103
Trd, 4318382.793, 104
Trd, 4318383.093, 103
Trd, 4318384.493, 104
Trd, 4318386.943, 104
Trd, 4318388.143, 105
Trd, 4318388.243, 104
Trd, 4318388.493, 102
Trd, 4318391.043, 102
Trd, 4318393.293, 102
Trd, 4318393.743, 101
Trd, 4318394.143, 104
Trd, 4318395.243, 103
Trd, 4318395.543, 99
Trd, 4318397.043, 92
Trd, 4318398.143, 95
Trd, 4318400.093, 97
Trd, 4318400.943, 95
Trd, 4318401.443, 91
Trd, 4318403.493, 95
Trd, 4318404.943, 95
Trd, 4318406.993, 99
Trd, 4318407.493, 94
Trd, 4318407.943, 93
Trd, 4318410.093, 99
Trd, 4318410.493, 97
Trd, 4318412.343, 99
Trd, 4318414.493, 104
Trd, 4318414.593, 103
Trd, 4318415.493, 104
Trd, 4318416.243, 91
Trd, 4318417.443, 102
Trd, 4318421.043, 103
Trd, 4318421.243, 101
Trd, 4318421.693, 100
Trd, 4318423.093, 101
Trd, 4318424.093, 104
Trd, 4318425.243, 104
Trd, 4318425.343, 103
Trd, 4318426.193, 112
Trd, 4318426.493, 105
Trd, 4318427.193, 104
Trd, 4318430.193, 104
Trd, 4318431.393, 103
Trd, 4318435.093, 104
Trd, 4318436.193, 104
Trd, 4318436.493, 104
Trd, 4318439.643, 104
Trd, 4318439.793, 103
Trd, 4318442.093, 105
Trd, 4318442.443, 92
Trd, 4318444.193, 98
Trd, 4318444.543, 77
Trd, 4318445.593, 94
Trd, 4318446.043, 88
Trd, 4318447.493, 92
Trd, 4318449.443, 94
Trd, 4318449.493, 92
Trd, 4318449.893, 103
Trd, 4318452.143, 94
Trd, 4318453.643, 94
Trd, 4318454.843, 93
Trd, 4318457.693, 90
Trd, 4318458.343, 90
Trd, 4318458.643, 96
Trd, 4318461.493, 90
Trd, 4318463.193, 97
Trd, 4318463.593, 96
Trd, 4318465.343, 95
Trd, 4318465.393, 96
Trd, 4318468.943, 96
Trd, 4318470.193, 96
Trd, 4318470.543, 95
Trd, 4318471.793, 88
Trd, 4318472.743, 92
Trd, 4318473.193, 84
Trd, 4318474.643, 76
Trd, 4318476.643, 104
Trd, 4318477.193, 88
Trd, 4318478.493, 98
Trd, 4318479.193, 85
Trd, 4318481.443, 91
Trd, 4318481.593, 91
Trd, 4318482.193, 89
Trd, 4318485.243, 99
Trd, 4318487.743, 99
Trd, 4318487.793, 98
Trd, 4318491.443, 97
Trd, 4318491.893, 100
Trd, 4318491.943, 97
Trd, 4318492.943, 104
Trd, 4318493.143, 97
Trd, 4318494.843, 105
Trd, 4318495.393, 105
Trd, 4318496.493, 105
Trd, 4318497.443, 104
Trd, 4318498.243, 102
Trd, 4318499.843, 102
Trd, 4318501.043, 91
Trd, 4318502.643, 96
Trd, 4318503.793, 95
Trd, 4318505.743, 99
Trd, 4318509.343, 100
Trd, 4318509.743, 101
Trd, 4318512.543, 102
Trd, 4318512.893, 101
Trd, 4318513.043, 100
Trd, 4318513.593, 91
Trd, 4318516.893, 96
Trd, 4318517.143, 104
Trd, 4318519.293, 102
Trd, 4318520.893, 105
Trd, 4318522.093, 105
Trd, 4318522.143, 105
Trd, 4318522.243, 104
Trd, 4318523.293, 103
Trd, 4318523.443, 103
Trd, 4318523.693, 88
Trd, 4318523.793, 84
Trd, 4318525.293, 106
Trd, 4318528.343, 102
Trd, 4318530.993, 105
Trd, 4318531.093, 102
Trd, 4318534.093, 103
Trd, 4318534.393, 102
Trd, 4318536.643, 103
Trd, 4318539.243, 100
Trd, 4318540.493, 103
Trd, 4318540.693, 101
Trd, 4318540.743, 100
Trd, 4318541.593, 99
Trd, 4318542.143, 99
Trd, 4318544.793, 99
Trd, 4318545.843, 101
Trd, 4318546.443, 98
Trd, 4318546.793, 104
Trd, 4318546.993, 97
Trd, 4318548.143, 83
Trd, 4318551.743, 93
Trd, 4318552.793, 95
Trd, 4318554.093, 94
Trd, 4318554.943, 102
Trd, 4318557.043, 103
Trd, 4318557.443, 101
Trd, 4318558.843, 101
Trd, 4318558.993, 100
Trd, 4318560.593, 98
Trd, 4318564.293, 91
Trd, 4318566.243, 100
Trd, 4318566.793, 99
Trd, 4318568.593, 98
Trd, 4318569.393, 100
Trd, 4318570.593, 100
Trd, 4318571.043, 99
Trd, 4318571.443, 88
Trd, 4318573.893, 100
Trd, 4318576.243, 97
Trd, 4318576.793, 98
Trd, 4318578.593, 98
Trd, 4318579.293, 97
Trd, 4318580.243, 95
Trd, 4318581.393, 92
Trd, 4318582.543, 98
Trd, 4318584.193, 98
Trd, 4318585.043, 92
Trd, 4318589.093, 96
Trd, 4318589.293, 95
Trd, 4318589.843, 94
Trd, 4318591.343, 98
Trd, 4318592.493, 94
Trd, 4318594.193, 94
Trd, 4318595.943, 104
Trd, 4318597.943, 97
Trd, 4318598.093, 96
Trd, 4318598.343, 96
Trd, 4318601.293, 96
Trd, 4318602.993, 100
Trd, 4318603.443, 98
Trd, 4318605.993, 97
Trd, 4318606.743, 96
Trd, 4318609.543, 98
Trd, 4318610.393, 104
Trd, 4318611.343, 97
Trd, 4318612.043, 97
Trd, 4318613.843, 96
Trd, 4318616.843, 95
Trd, 4318617.743, 97
Trd, 4318618.693, 104
Trd, 4318618.843, 97
Trd, 4318620.143, 102
Trd, 4318621.143, 101
Trd, 4318621.343, 98
Trd, 4318624.393, 104
Trd, 4318624.543, 121
Trd, 4318624.743, 104
Trd, 4318627.143, 108
Trd, 4318628.193, 106
Trd, 4318628.343, 104
Trd, 4318630.043, 85
Trd, 4318630.293, 100
Trd, 4318632.993, 102
Trd, 4318633.593, 102
Trd, 4318634.243, 101
Trd, 4318634.843, 106
Trd, 4318638.193, 103
Trd, 4318638.893, 101
Trd, 4318639.743, 92
Trd, 4318641.643, 99
Trd, 4318641.893, 99
Trd, 4318645.143, 98
Trd, 4318647.593, 102
Trd, 4318647.743, 102
Trd, 4318648.143, 103
Trd, 4318648.193, 98
Trd, 4318650.093, 100
Trd, 4318654.193, 100
Trd, 4318654.343, 99
Trd, 4318654.793, 98
Trd, 4318657.043, 86
Trd, 4318657.143, 85
Trd, 4318658.093, 91
Trd, 4318662.393, 96
Trd, 4318664.543, 100
Trd, 4318665.443, 99
Trd, 4318668.043, 98
Trd, 4318670.693, 104
Trd, 4318671.293, 100
Trd, 4318674.293, 99
Trd, 4318674.743, 101
Trd, 4318677.843, 101
Trd, 4318679.343, 103
Trd, 4318679.793, 104
Trd, 4318682.543, 102
Trd, 4318683.543, 104
Trd, 4318685.643, 103
Trd, 4318685.843, 101
Trd, 4318686.293, 101
Trd, 4318687.843, 90
Trd, 4318689.443, 98
Trd, 4318691.893, 99
Trd, 4318692.293, 104
Trd, 4318694.193, 99
Trd, 4318695.443, 99
Trd, 4318697.293, 101
Trd, 4318698.093, 100
Trd, 4318700.043, 100
Trd, 4318700.243, 100
Trd, 4318703.393, 101
Trd, 4318705.043, 101
Trd, 4318705.993, 99
Trd, 4318707.893, 104
Trd, 4318709.643, 104
Trd, 4318710.193, 102
Trd, 4318710.743, 105
Trd, 4318711.793, 107
Trd, 4318712.743, 106
Trd, 4318714.493, 105
Trd, 4318715.643, 105
Trd, 4318718.243, 89
Trd, 4318718.493, 97
Trd, 4318718.893, 84
Trd, 4318722.743, 96
Trd, 4318723.743, 97
Trd, 4318724.593, 97
Trd, 4318725.643, 96
Trd, 4318725.843, 104
Trd, 4318725.943, 94
Trd, 4318728.543, 97
Trd, 4318729.293, 95
Trd, 4318730.043, 96
Trd, 4318731.543, 96
Trd, 4318735.293, 97
Trd, 4318735.593, 97
Trd, 4318735.643, 96
Trd, 4318735.693, 91
Trd, 4318736.843, 83
Trd, 4318737.993, 90
Trd, 4318740.343, 96
Trd, 4318740.993, 88
Trd, 4318742.143, 87
Trd, 4318745.643, 92
Trd, 4318745.943, 96
Trd, 4318746.293, 92
Trd, 4318748.293, 93
Trd, 4318749.393, 95
Trd, 4318750.843, 96
Trd, 4318752.243, 96
Trd, 4318756.543, 99
Trd, 4318756.793, 99
Trd, 4318757.093, 101
Trd, 4318758.543, 100
Trd, 4318760.443, 101
Trd, 4318760.743, 99
Trd, 4318762.443, 99
Trd, 4318764.843, 99
Trd, 4318765.593, 97
Trd, 4318766.243, 102
Trd, 4318767.293, 97
Trd, 4318767.893, 96
Trd, 4318770.343, 96
Trd, 4318770.993, 97
Trd, 4318771.243, 96
Trd, 4318773.393, 95
Trd, 4318773.493, 99
Trd, 4318773.693, 93
Trd, 4318776.443, 87
Trd, 4318779.293, 94
Trd, 4318780.043, 92
Trd, 4318781.843, 99
Trd, 4318782.593, 94
Trd, 4318783.543, 94
Trd, 4318786.093, 95
Trd, 4318788.793, 99
Trd, 4318790.543, 97
Trd, 4318791.293, 96
Trd, 4318793.543, 97
Trd, 4318794.893, 95
Trd, 4318796.143, 94
Trd, 4318796.843, 91
Trd, 4318797.543, 90
Trd, 4318799.043, 89
Trd, 4318800.743, 91
Trd, 4318801.893, 92
Trd, 4318804.493, 104
Trd, 4318805.343, 92
Trd, 4318805.393, 92
Trd, 4318811.343, 95
Trd, 4318812.193, 94
Trd, 4318815.143, 94
Trd, 4318815.493, 97
Trd, 4318818.643, 94
Trd, 4318819.743, 95
Trd, 4318820.343, 95
Trd, 4318820.893, 98
Trd, 4318823.143, 100
Trd, 4318823.443, 98
Trd, 4318824.993, 98
Trd, 4318828.043, 104
Trd, 4318828.393, 97
Trd, 4318832.193, 100
Trd, 4318832.543, 98
Trd, 4318834.043, 97
Trd, 4318834.443, 97
Trd, 4318835.193, 96
Trd, 4318836.043, 95
Trd, 4318836.093, 88
Trd, 4318840.243, 90
Trd, 4318840.693, 77
Trd, 4318841.593, 88
Trd, 4318844.193, 88
Trd, 4318845.393, 89
Trd, 4318845.593, 84
Trd, 4318846.543, 84
Trd, 4318849.993, 86
Trd, 4318850.393, 104
Trd, 4318852.543, 92
Trd, 4318852.693, 87
Trd, 4318853.443, 92
Trd, 4318853.793, 76
Trd, 4318856.243, 89
Trd, 4318858.793, 93
Trd, 4318861.593, 93
Trd, 4318862.443, 95
Trd, 4318863.143, 95
Trd, 4318863.193, 95
Trd, 4318864.143, 94
Trd, 4318865.093, 93
Trd, 4318865.743, 95
Trd, 4318867.393, 93
Trd, 4318867.543, 96
Trd, 4318868.293, 113
Trd, 4318870.743, 100
Trd, 4318870.893, 99
Trd, 4318873.193, 97
Trd, 4318875.093, 105
Trd, 4318877.193, 102
Trd, 4318877.343, 103
Trd, 4318877.593, 102
Trd, 4318877.743, 101
Trd, 4318880.893, 87
Trd, 4318881.043, 84
Trd, 4318882.193, 74
Trd, 4318883.093, 86
Trd, 4318884.693, 104
Trd, 4318884.893, 83
Trd, 4318885.843, 83
Trd, 4318888.893, 91
Trd, 4318889.393, 89
Trd, 4318891.693, 91
Trd, 4318893.443, 88
Trd, 4318895.443, 104
Trd, 4318895.943, 96
Trd, 4318897.343, 96
Trd, 4318899.543, 96
Trd, 4318900.293, 97
Trd, 4318901.843, 95
Trd, 4318902.943, 95
Trd, 4318904.693, 97
Trd, 4318905.343, 96
Trd, 4318908.093, 98
Trd, 4318909.043, 100
Trd, 4318909.843, 98
Trd, 4318910.293, 91
Trd, 4318911.593, 96
Trd, 4318913.593, 98
Trd, 4318914.043, 104
Trd, 4318914.793, 100
Trd, 4318915.093, 97
Trd, 4318917.343, 99
Trd, 4318919.243, 99
Trd, 4318919.343, 98
Trd, 4318921.393, 100
Trd, 4318921.893, 97
Trd, 4318922.093, 97
Trd, 4318925.293, 105
Trd, 4318926.593, 105
Trd, 4318926.643, 104
Trd, 4318927.293, 88
Trd, 4318927.693, 104
Trd, 4318930.993, 104
Trd, 4318931.143, 101
Trd, 4318931.343, 85
Trd, 4318932.143, 97
Trd, 4318934.993, 101
Trd, 4318935.793, 97
Trd, 4318935.843, 91
Trd, 4318939.593, 98
Trd, 4318941.143, 97
Trd, 4318941.793, 96
Trd, 4318943.393, 98
Trd, 4318943.643, 96
Trd, 4318944.743, 95
Trd, 4318945.893, 97
Trd, 4318948.393, 98
Trd, 4318948.843, 97
Trd, 4318950.693, 99
Trd, 4318950.943, 98
Trd, 4318952.543, 97
Trd, 4318954.443, 98
Trd, 4318955.093, 97
Trd, 4318955.693, 97
Trd, 4318957.543, 99
Trd, 4318958.693, 104
Trd, 4318959.493, 99
Trd, 4318960.343, 112
Trd, 4318963.193, 108
Trd, 4318963.993, 106
Trd, 4318964.393, 106
Trd, 4318964.893, 94
Trd, 4318966.243, 96
Trd, 4318969.643, 100
Trd, 4318969.843, 100
Trd, 4318971.293, 98
Trd, 4318973.393, 88
Trd, 4318974.743, 100
Trd, 4318975.443, 97
Trd, 4318977.143, 96
Trd, 4318978.643, 95
Trd, 4318980.393, 94
Trd, 4318980.793, 99
Trd, 4318983.043, 95
Trd, 4318983.093, 95
Trd, 4318986.643, 94
Trd, 4318987.593, 95
Trd, 4318988.793, 95
Trd, 4318992.793, 96
Trd, 4318995.193, 99
Trd, 4318995.693, 109
Trd, 4318995.893, 98
Trd, 4318997.493, 103
Trd, 4318998.043, 103
Trd, 4318999.143, 113
Trd, 4318999.993, 102
Trd, 4319002.843, 102
Trd, 4319003.143, 102
Trd, 4319003.293, 104
Trd, 4319006.893, 100
Trd, 4319008.093, 101
Trd, 4319008.643, 100
Trd, 4319009.093, 100
Trd, 4319012.843, 101
Trd, 4319014.193, 99
Trd, 4319016.243, 103
Trd, 4319017.443, 101
Trd, 4319017.493, 99
Trd, 4319017.993, 100
Trd, 4319020.793, 101
Trd, 4319021.493, 104
Trd, 4319023.193, 104
Trd, 4319024.443, 104
Trd, 4319024.593, 100
Trd, 4319025.993, 103
Trd, 4319029.143, 103
Trd, 4319030.543, 102
Trd, 4319032.193, 104
Trd, 4319032.243, 101
Trd, 4319032.543, 84
Trd, 4319034.293, 85
Trd, 4319037.493, 92
Trd, 4319040.443, 91
Trd, 4319043.093, 92
Trd, 4319043.893, 92
Trd, 4319046.193, 95
Trd, 4319046.993, 104
Trd, 4319047.343, 99
Trd, 4319048.393, 96
Trd, 4319049.443, 96
Trd, 4319052.243, 88
Trd, 4319053.643, 99
Trd, 4319054.543, 95
Trd, 4319056.093, 94
Trd, 4319057.743, 94
Trd, 4319059.893, 99
Trd, 4319061.793, 99
Trd, 4319062.893, 99
Trd, 4319064.493, 95
Trd, 4319068.043, 98
Trd, 4319069.293, 96
Trd, 4319069.343, 91
Trd, 4319071.693, 93
Trd, 4319072.343, 92
Trd, 4319072.793, 99
Trd, 4319073.643, 92
Trd, 4319075.043, 94
Trd, 4319075.343, 94
Trd, 4319075.643, 103
Trd, 4319079.043, 100
Trd, 4319081.243, 97
Trd, 4319081.743, 97
Trd, 4319081.893, 95
Trd, 4319085.943, 97
Trd, 4319086.593, 96
Trd, 4319087.243, 97
Trd, 4319087.593, 96
Trd, 4319090.293, 86
Trd, 4319090.493, 99
Trd, 4319092.893, 93
Trd, 4319093.343, 104
Trd, 4319093.643, 92
Trd, 4319098.193, 92
Trd, 4319099.243, 96
Trd, 4319100.143, 95
Trd, 4319104.143, 104
Trd, 4319104.443, 104
Trd, 4319106.943, 104
Trd, 4319107.643, 103
Trd, 4319107.993, 102
Trd, 4319108.243, 91
Trd, 4319108.793, 85
Trd, 4319112.043, 100
Trd, 4319112.243, 103
Trd, 4319113.193, 100
Trd, 4319114.793, 99
Trd, 4319114.893, 99
Trd, 4319116.793, 104
Trd, 4319117.143, 98
Trd, 4319122.743, 99
Trd, 4319123.493, 103
Trd, 4319123.543, 100
Trd, 4319123.643, 99
Trd, 4319125.493, 98
Trd, 4319126.793, 97
Trd, 4319128.043, 103
Trd, 4319130.243, 85
Trd, 4319131.293, 92
Trd, 4319131.743, 93
Trd, 4319132.693, 91
Trd, 4319134.043, 89
Trd, 4319136.493, 92
Trd, 4319136.893, 90
Trd, 4319139.893, 94
Trd, 4319142.293, 97
Trd, 4319142.693, 97
Trd, 4319142.943, 96
Trd, 4319143.143, 104
Trd, 4319143.993, 84
Trd, 4319146.893, 96
Trd, 4319147.743, 113
Trd, 4319151.043, 103
Trd, 4319151.493, 102
Trd, 4319152.393, 101
Trd, 4319154.243, 100
Trd, 4319156.643, 102
Trd, 4319157.043, 101
Trd, 4319157.993, 102
Trd, 4319159.593, 99
Trd, 4319163.293, 85
Trd, 4319163.443, 92
Trd, 4319164.893, 95
Trd, 4319168.343, 95
Trd, 4319169.543, 96
Trd, 4319171.043, 104
Trd, 4319172.593, 103
Trd, 4319173.043, 102
Trd, 4319173.243, 102
Trd, 4319173.843, 102
Trd, 4319174.593, 88
Trd, 4319177.293, 94
Trd, 4319177.843, 93
Trd, 4319178.843, 98
Trd, 4319180.543, 97
Trd, 4319182.393, 98
Trd, 4319182.443, 91
Trd, 4319182.943, 103
Trd, 4319183.993, 82
Trd, 4319186.093, 86
Trd, 4319187.093, 85
Trd, 4319187.293, 83
Trd, 4319188.693, 84
Trd, 4319189.343, 86
Trd, 4319191.143, 84
Trd, 4319191.843, 87
Trd, 4319192.943, 86
Trd, 4319193.443, 86
Trd, 4319195.243, 104
Trd, 4319196.343, 84
Trd, 4319196.843, 82
Trd, 4319198.193, 85
Trd, 4319201.643, 86
Trd, 4319203.243, 91
Trd, 4319203.393, 88
Trd, 4319205.693, 87
Trd, 4319207.893, 93
Trd, 4319208.543, 92
Trd, 4319209.493, 92
Trd, 4319209.693, 91
Trd, 4319210.893, 89
Trd, 4319211.293, 104
Trd, 4319212.043, 90
Trd, 4319213.293, 88
Trd, 4319213.993, 85
Trd, 4319215.943, 88
Trd, 4319216.543, 85
Trd, 4319219.593, 96
Trd, 4319219.893, 93
Trd, 4319220.643, 104
Trd, 4319222.943, 85
Trd, 4319222.993, 84
Trd, 4319223.993, 91
Trd, 4319226.143, 97
Trd, 4319227.893, 96
Trd, 4319227.993, 91
Trd, 4319230.943, 97
Trd, 4319233.393, 97
Trd, 4319233.993, 97
Trd, 4319234.043, 96
Trd, 4319236.243, 96
Trd, 4319239.243, 93
Trd, 4319240.493, 94
Trd, 4319242.393, 94
Trd, 4319244.093, 96
Trd, 4319247.393, 97
Trd, 4319248.593, 98
Trd, 4319249.543, 97
Trd, 4319249.893, 95
Trd, 4319250.143, 95
Trd, 4319251.843, 104
Trd, 4319252.193, 94
Trd, 4319253.643, 92
Trd, 4319254.743, 98
Trd, 4319254.843, 93
Trd, 4319258.093, 94
Trd, 4319258.343, 93
Trd, 4319260.643, 98
Trd, 4319263.093, 104
Trd, 4319263.743, 104
Trd, 4319264.693, 103
Trd, 4319266.343, 106
Trd, 4319267.743, 105
Trd, 4319267.993, 105
Trd, 4319268.643, 103
Trd, 4319271.593, 104
Trd, 4319271.693, 104
Trd, 4319272.293, 92
Trd, 4319273.643, 98
Trd, 4319274.143, 84
Trd, 4319274.843, 91
Trd, 4319278.043, 94
Trd, 4319279.543, 94
Trd, 4319282.343, 94
Trd, 4319282.893, 93
Trd, 4319283.643, 100
Trd, 4319284.693, 94
Trd, 4319286.443, 94
Trd, 4319289.843, 93
Trd, 4319290.043, 93
Trd, 4319291.293, 92
Trd, 4319293.793, 95
Trd, 4319293.843, 99
Trd, 4319294.643, 93
Trd, 4319295.243, 85
Trd, 4319297.293, 88
Trd, 4319301.243, 92
Trd, 4319301.843, 92
Trd, 4319302.893, 98
Trd, 4319302.943, 92
Trd, 4319305.443, 94
Trd, 4319306.993, 97
Trd, 4319307.793, 99
Trd, 4319308.193, 98
Trd, 4319309.693, 98
Trd, 4319311.643, 103
Trd, 4319311.843, 102
Trd, 4319314.293, 100
Trd, 4319314.793, 104
Trd, 4319317.593, 99
Trd, 4319318.593, 100
Trd, 4319320.043, 100
Trd, 4319322.843, 100
Trd, 4319323.393, 99
Trd, 4319326.893, 99
Trd, 4319327.043, 102
Trd, 4319327.243, 99
Trd, 4319329.443, 102
Trd, 4319330.343, 104
Trd, 4319330.943, 102
Trd, 4319331.843, 101
Trd, 4319335.193, 101
Trd, 4319335.343, 104
Trd, 4319336.543, 100
Trd, 4319337.743, 98
Trd, 4319339.743, 97
Trd, 4319341.193, 101
Trd, 4319341.293, 99
Trd, 4319341.693, 97
Trd, 4319346.043, 99
Trd, 4319346.793, 101
Trd, 4319350.243, 100
Trd, 4319350.693, 101
Trd, 4319350.943, 99
Trd, 4319352.893, 98
Trd, 4319353.793, 98
Trd, 4319354.793, 96
Trd, 4319356.743, 101
Trd, 4319356.943, 84
Trd, 4319358.543, 104
Trd, 4319359.543, 99
Trd, 4319360.193, 102
Trd, 4319361.093, 101
Trd, 4319362.893, 103
Trd, 4319363.043, 99
Trd, 4319365.543, 101
Trd, 4319367.843, 103
Trd, 4319369.643, 103
Trd, 4319370.543, 101
Trd, 4319371.393, 102
Trd, 4319372.293, 100
Trd, 4319374.593, 100
Trd, 4319374.643, 104
Trd, 4319376.993, 104
Trd, 4319378.893, 106
Trd, 4319380.643, 105
Trd, 4319381.243, 85
Trd, 4319383.043, 98
Trd, 4319383.993, 102
Trd, 4319384.393, 104
Trd, 4319384.743, 102
Trd, 4319385.493, 101
Trd, 4319387.293, 101
Trd, 4319388.393, 85
Trd, 4319388.693, 104
Trd, 4319391.543, 98
Trd, 4319391.693, 88
Trd, 4319392.493, 85
Trd, 4319394.793, 97
Trd, 4319395.243, 94
Trd, 4319397.193, 95
Trd, 4319397.793, 93
Trd, 4319398.293, 113
Trd, 4319398.943, 101
Trd, 4319399.543, 94
Trd, 4319400.443, 104
Trd, 4319401.443, 98
Trd, 4319403.443, 100
Trd, 4319405.943, 99
Trd, 4319406.643, 99
Trd, 4319409.793, 101
Trd, 4319410.293, 104
Trd, 4319410.643, 91
Trd, 4319411.443, 85
Trd, 4319413.143, 103
Trd, 4319415.693, 99
Trd, 4319417.293, 99
Trd, 4319417.443, 98
Trd, 4319418.343, 97
Trd, 4319419.043, 101
Trd, 4319422.693, 97
Trd, 4319423.543, 96
Trd, 4319425.793, 95
Trd, 4319427.893, 95
Trd, 4319429.343, 104
Trd, 4319430.643, 102
Trd, 4319430.943, 101
Trd, 4319432.293, 101
Trd, 4319435.093, 101
Trd, 4319435.993, 102
Trd, 4319436.593, 101
Trd, 4319438.593, 102
Trd, 4319440.143, 102
Trd, 4319443.143, 101
Trd, 4319443.643, 101
Trd, 4319445.843, 101
Trd, 4319448.393, 102
Trd, 4319449.243, 101
Trd, 4319452.343, 100
Trd, 4319452.443, 104
Trd, 4319454.593, 99
Trd, 4319456.343, 99
Trd, 4319457.593, 100
Trd, 4319458.793, 103
Trd, 4319459.593, 98
Trd, 4319460.693, 100
Trd, 4319462.743, 102
Trd, 4319463.243, 100
Trd, 4319463.293, 100
Trd, 4319463.843, 104
Trd, 4319464.743, 98
Trd, 4319465.543, 98
Trd, 4319466.793, 103
Trd, 4319470.443, 99
Trd, 4319470.643, 98
Trd, 4319473.493, 104
Trd, 4319473.593, 97
Trd, 4319474.643, 96
Trd, 4319475.693, 86
Trd, 4319476.493, 91
Trd, 4319482.343, 100
Trd, 4319482.443, 100
Trd, 4319484.793, 98
Trd, 4319485.743, 97
Trd, 4319487.143, 97
Trd, 4319487.343, 95
Trd, 4319490.943, 102
Trd, 4319490.993, 101
Trd, 4319491.493, 97
Trd, 4319492.193, 95
Trd, 4319494.443, 96
Trd, 4319498.193, 88
Trd, 4319498.943, 93
Trd, 4319501.093, 94
Trd, 4319502.243, 97
Trd, 4319502.793, 97
Trd, 4319504.443, 96
Trd, 4319507.693, 96
Trd, 4319508.793, 95
Trd, 4319509.493, 95
Trd, 4319510.143, 94
Trd, 4319514.793, 93
Trd, 4319515.393, 93
Trd, 4319515.843, 100
Trd, 4319517.543, 95
Trd, 4319521.743, 103
Trd, 4319522.043, 100
Trd, 4319523.743, 101
Trd, 4319524.393, 102
Trd, 4319524.543, 107
Trd, 4319524.693, 104
Trd, 4319526.693, 107
Trd, 4319527.543, 106
Trd, 4319527.993, 110
Trd, 4319529.693, 106
Trd, 4319530.193, 90
Trd, 4319534.743, 102
Trd, 4319534.843, 102
Trd, 4319535.843, 101
Trd, 4319538.593, 100
Trd, 4319540.143, 100
Trd, 4319540.593, 105
Trd, 4319540.743, 99
Trd, 4319540.793, 86
Trd, 4319541.393, 93
Trd, 4319543.143, 92
Trd, 4319545.193, 94
Trd, 4319547.093, 94
Trd, 4319548.493, 94
Trd, 4319550.543, 96
Trd, 4319552.943, 94
Trd, 4319554.393, 93
Trd, 4319556.643, 96
Trd, 4319556.943, 93
Trd, 4319560.093, 93
Trd, 4319561.293, 94
Trd, 4319561.393, 93
Trd, 4319562.393, 92
Trd, 4319567.043, 95
Trd, 4319567.143, 94
Trd, 4319567.593, 93
Trd, 4319569.493, 93
Trd, 4319571.493, 94
Trd, 4319571.793, 91
Trd, 4319575.393, 91
Trd, 4319576.293, 95
Trd, 4319577.393, 91
Trd, 4319579.443, 92
Trd, 4319579.793, 95
Trd, 4319582.093, 93
Trd, 4319583.593, 92
Trd, 4319584.493, 98
Trd, 4319587.993, 98
Trd, 4319589.093, 104
Trd, 4319590.493, 100
Trd, 4319590.693, 91
Trd, 4319591.093, 97
Trd, 4319593.243, 100
Trd, 4319593.943, 100
Trd, 4319594.393, 96
Trd, 4319595.143, 98
Trd, 4319597.743, 98
Trd, 4319599.843, 100
Trd, 4319600.193, 98
Trd, 4319601.093, 85
Trd, 4319602.893, 101
Trd, 4319603.893, 94
Trd, 4319605.043, 95
Trd, 4319605.193, 104
Trd, 4319605.693, 95
Trd, 4319609.393, 94
Trd, 4319612.443, 93
Trd, 4319612.743, 93
Trd, 4319615.793, 97
Trd, 4319615.993, 97
Trd, 4319617.043, 95
Trd, 4319618.843, 94
Trd, 4319620.843, 93
Trd, 4319621.393, 104
Trd, 4319621.693, 93
Trd, 4319622.693, 92
Trd, 4319625.193, 84
Trd, 4319625.793, 73
Trd, 4319627.343, 81
Trd, 4319628.793, 104
Trd, 4319628.843, 84
Trd, 4319630.193, 84
Trd, 4319633.593, 89
Trd, 4319634.443, 90
Trd, 4319636.093, 89
Trd, 4319636.343, 91
Trd, 4319637.293, 88
Trd, 4319638.293, 90
Trd, 4319638.593, 90
Trd, 4319640.793, 85
Trd, 4319642.293, 92
Trd, 4319643.093, 92
Trd, 4319644.093, 104
Trd, 4319646.793, 98
Trd, 4319646.943, 96
Trd, 4319647.793, 97
Trd, 4319648.893, 97
Trd, 4319650.143, 104
Trd, 4319652.193, 96
Trd, 4319653.993, 96
Trd, 4319654.243, 100
Trd, 4319656.093, 99
Trd, 4319658.293, 98
Trd, 4319659.193, 99
Trd, 4319659.843, 99
Trd, 4319660.743, 97
Trd, 4319661.643, 97
Trd, 4319662.193, 104
Trd, 4319663.443, 98
Trd, 4319666.943, 98
Trd, 4319668.043, 97
Trd, 4319668.543, 101
Trd, 4319669.893, 97
Trd, 4319672.093, 98
Trd, 4319673.643, 101
Trd, 4319674.393, 101
Trd, 4319674.793, 104
Trd, 4319675.093, 100
Trd, 4319678.843, 103
Trd, 4319679.643, 108
Trd, 4319679.693, 98
Trd, 4319680.143, 91
Trd, 4319681.293, 85
Trd, 4319682.993, 99
Trd, 4319683.943, 98
Trd, 4319685.543, 98
Trd, 4319686.343, 99
Trd, 4319687.093, 97
Trd, 4319687.743, 96
Trd, 4319690.393, 99
Trd, 4319691.693, 98
Trd, 4319692.593, 96
Trd, 4319695.243, 96
Trd, 4319696.693, 99
Trd, 4319697.343, 96
Trd, 4319698.593, 95
Trd, 4319700.343, 94
Trd, 4319700.693, 97
Trd, 4319701.143, 92
Trd, 4319703.193, 103
Trd, 4319704.743, 102
Trd, 4319706.393, 101
Trd, 4319706.693, 100
Trd, 4319707.093, 104
Trd, 4319709.943, 101
Trd, 4319711.643, 100
Trd, 4319712.093, 99
Trd, 4319714.343, 98
Trd, 4319716.093, 100
Trd, 4319719.493, 99
Trd, 4319719.993, 99
Trd, 4319720.543, 99
Trd, 4319720.943, 99
Trd, 4319722.793, 99
Trd, 4319723.843, 98
Trd, 4319725.443, 97
Trd, 4319726.193, 97
Trd, 4319726.793, 99
Trd, 4319727.443, 95
Trd, 4319729.143, 99
Trd, 4319729.543, 97
Trd, 4319732.043, 100
Trd, 4319732.093, 100
Trd, 4319734.793, 99
Trd, 4319735.293, 98
Trd, 4319736.093, 101
Trd, 4319736.143, 98
Trd, 4319736.843, 98
Trd, 4319740.743, 102
Trd, 4319740.843, 99
Trd, 4319741.993, 104
Trd, 4319742.593, 99
Trd, 4319745.343, 98
Trd, 4319746.193, 104
Trd, 4319746.893, 97
Trd, 4319747.843, 103
Trd, 4319749.093, 104
Trd, 4319751.743, 102
Trd, 4319752.843, 103
Trd, 4319753.093, 103
Trd, 4319756.443, 103
Trd, 4319756.843, 102
Trd, 4319757.293, 102
Trd, 4319757.893, 92
Trd, 4319759.243, 110
Trd, 4319760.193, 97
Trd, 4319760.743, 88
Trd, 4319761.393, 81
Trd, 4319766.143, 94
Trd, 4319766.893, 94
Trd, 4319767.093, 96
Trd, 4319767.893, 95
Trd, 4319768.143, 95
Trd, 4319769.143, 93
Trd, 4319771.743, 97
Trd, 4319772.593, 98
Trd, 4319773.743, 105
Trd, 4319774.293, 105
Trd, 4319774.543, 98
Trd, 4319775.843, 102
Trd, 4319777.843, 102
Trd, 4319779.693, 102
Trd, 4319780.793, 101
Trd, 4319783.143, 102
Trd, 4319785.293, 102
Trd, 4319785.843, 102
Trd, 4319785.893, 101
Trd, 4319788.093, 101
Trd, 4319791.093, 102
Trd, 4319791.593, 103
Trd, 4319791.793, 103
Trd, 4319792.693, 102
Trd, 4319794.643, 102
Trd, 4319796.843, 102
Trd, 4319798.693, 103
Trd, 4319798.893, 101
Trd, 4319800.393, 100
Trd, 4319801.143, 100
Trd, 4319803.193, 103
Trd, 4319804.543, 100
Trd, 4319805.843, 100
Trd, 4319806.543, 99
Trd, 4319808.343, 98
Trd, 4319809.793, 97
Trd, 4319809.893, 103
Trd, 4319812.443, 96
Trd, 4319815.043, 98
Trd, 4319816.243, 97
Trd, 4319818.493, 103
Trd, 4319819.643, 99
Trd, 4319819.843, 98
Trd, 4319822.693, 97
Trd, 4319823.193, 96
Trd, 4319826.193, 99
Trd, 4319827.893, 97
Trd, 4319829.143, 97
Trd, 4319829.843, 96
Trd, 4319832.693, 98
Trd, 4319835.543, 100
Trd, 4319836.093, 103
Trd, 4319836.693, 101
Trd, 4319836.843, 99
Trd, 4319839.793, 98
Trd, 4319840.243, 84
Trd, 4319842.043, 83
Trd, 4319842.543, 87
Trd, 4319842.943, 83
Trd, 4319844.493, 97
Trd, 4319844.743, 104
Trd, 4319847.793, 106
Trd, 4319847.893, 105
Trd, 4319848.143, 105
Trd, 4319849.593, 105
Trd, 4319850.843, 104
Trd, 4319852.443, 102
Trd, 4319852.493, 95
Trd, 4319854.793, 105
Trd, 4319855.593, 91
Trd, 4319856.193, 98
Trd, 4319858.743, 95
Trd, 4319860.293, 95
Trd, 4319860.993, 94
Trd, 4319861.643, 95
Trd, 4319862.143, 88
Trd, 4319862.943, 105
Trd, 4319865.743, 97
Trd, 4319867.093, 100
Trd, 4319868.893, 100
Trd, 4319869.193, 99
Trd, 4319869.443, 100
Trd, 4319872.043, 99
Trd, 4319872.093, 99
Trd, 4319875.443, 100
Trd, 4319876.143, 91
Trd, 4319876.593, 84
Trd, 4319877.293, 95
Trd, 4319879.043, 93
Trd, 4319879.443, 91
Trd, 4319882.243, 96
Trd, 4319882.943, 95
Trd, 4319884.793, 94
Trd, 4319887.393, 93
Trd, 4319887.843, 87
Trd, 4319888.593, 97
Trd, 4319889.493, 90
Trd, 4319893.193, 97
Trd, 4319894.843, 97
Trd, 4319895.043, 102
Trd, 4319896.793, 104
Trd, 4319897.693, 101
Trd, 4319898.543, 102
Trd, 4319898.793, 101
Trd, 4319900.293, 101
Trd, 4319901.243, 104
Trd, 4319901.843, 113
Trd, 4319902.693, 102
Trd, 4319904.393, 85
Trd, 4319906.693, 101
Trd, 4319907.443, 106
Trd, 4319908.293, 102
Trd, 4319909.093, 101
Trd, 4319909.693, 100
Trd, 4319911.093, 92
Trd, 4319914.693, 95
Trd, 4319916.293, 97
Trd, 4319917.193, 99
Trd, 4319918.093, 98
Trd, 4319918.843, 97
Trd, 4319921.043, 97
Trd, 4319922.943, 102
Trd, 4319922.993, 96
Trd, 4319926.343, 101
Trd, 4319926.543, 100
Trd, 4319926.593, 100
Trd, 4319930.343, 99
Trd, 4319932.943, 86
Trd, 4319934.193, 92
Trd, 4319935.043, 95
Trd, 4319935.693, 84
Trd, 4319937.993, 104
Trd, 4319941.293, 101
Trd, 4319941.543, 98
Trd, 4319944.093, 105
Trd, 4319946.093, 102
Trd, 4319946.443, 98
Trd, 4319949.543, 99
Trd, 4319950.643, 104
Trd, 4319950.793, 100
Trd, 4319952.793, 100
Trd, 4319954.643, 101
Trd, 4319955.293, 103
Trd, 4319955.693, 102
Trd, 4319956.793, 102
Trd, 4319957.593, 100
Trd, 4319960.493, 100
Trd, 4319961.893, 76
Trd, 4319963.893, 88
Trd, 4319964.343, 96
Trd, 4319966.093, 93
Trd, 4319967.593, 93
Trd, 4319968.343, 91
Trd, 4319970.793, 95
Trd, 4319971.443, 95
Trd, 4319972.893, 104
Trd, 4319974.543, 102
Trd, 4319974.893, 103
Trd, 4319974.993, 102
Trd, 4319977.043, 102
Trd, 4319977.193, 101
Trd, 4319978.243, 101
Trd, 4319981.143, 99
Trd, 4319981.943, 91
Trd, 4319982.243, 87
Trd, 4319983.143, 81
Trd, 4319983.393, 104
Trd, 4319985.493, 103
Trd, 4319986.393, 107
Trd, 4319986.843, 105
Trd, 4319988.043, 105
Trd, 4319989.543, 104
Trd, 4319990.993, 105
Trd, 4319991.143, 104
Trd, 4319992.093, 104
Trd, 4319994.793, 107
Trd, 4319995.093, 107
Trd, 4319996.743, 104
Trd, 4319997.143, 104
Trd, 4319997.493, 103
