Trd, 4317805.143, 112
Trd, 4317806.993, 110
Trd, 4317807.693, 108
Trd, 4317807.943, 108
Trd, 4317810.643, 108
Trd, 4317812.043, 108
Trd, 4317812.943, 107
Trd, 4317813.993, 94
Trd, 4317817.843, 124
Trd, 4317818.043, 120
Trd, 4317822.343, 102
Trd, 4317822.543, 106
Trd, 4317823.593, 93
Trd, 4317824.393, 106
Trd, 4317826.393, 106
Trd, 4317826.643, 124
Trd, 4317826.843, 107
Trd, 4317829.993, 103
Trd, 4317831.893, 104
Trd, 4317834.343, 103
Trd, 4317836.643, 102
Trd, 4317837.243, 103
Trd, 4317839.343, 104
Trd, 4317840.493, 100
Trd, 4317841.243, 100
Trd, 4317841.993, 105
Trd, 4317843.243, 106
Trd, 4317844.543, 99
Trd, 4317845.943, 106
Trd, 4317846.943, 99
Trd, 4317848.043, 105
Trd, 4317849.043, 103
Trd, 4317849.743, 123
Trd, 4317851.593, 103
Trd, 4317852.593, 113
Trd, 4317857.593, 104
Trd, 4317858.593, 113
Trd, 4317861.343, 102
Trd, 4317862.243, 103
Trd, 4317864.143, 113
Trd, 4317865.543, 107
Trd, 4317867.943, 107
Trd, 4317868.043, 113
Trd, 4317869.493, 104
Trd, 4317871.043, 107
Trd, 4317873.993, 109
Trd, 4317875.393, 104
Trd, 4317876.443, 114
Trd, 4317877.893, 120
Trd, 4317878.443, 108
Trd, 4317881.743, 116
Trd, 4317881.943, 111
Trd, 4317883.343, 96
Trd, 4317883.993, 94
Trd, 4317887.693, 103
Trd, 4317890.243, 102
Trd, 4317891.593, 100
Trd, 4317892.143, 104
Trd, 4317893.543, 103
Trd, 4317895.643, 102
Trd, 4317897.243, 102
Trd, 4317898.943, 101
Trd, 4317899.993, 101
Trd, 4317901.493, 105
Trd, 4317902.243, 105
Trd, 4317905.743, 106
Trd, 4317907.543, 104
Trd, 4317908.043, 94
Trd, 4317908.493, 84
Trd, 4317908.843, 107
Trd, 4317911.893, 108
Trd, 4317912.693, 98
Trd, 4317914.243, 110
Trd, 4317915.443, 99
Trd, 4317916.893, 106
Trd, 4317918.293, 99
Trd, 4317919.743, 106
Trd, 4317922.193, 121
Trd, 4317923.443, 112
Trd, 4317924.993, 108
Trd, 4317925.593, 92
Trd, 4317926.893, 83
Trd, 4317929.393, 113
Trd, 4317931.943, 103
Trd, 4317932.293, 99
Trd, 4317935.793, 101
Trd, 4317936.043, 105
Trd, 4317939.293, 103
Trd, 4317940.643, 107
Trd, 4317944.543, 103
Trd, 4317945.293, 106
Trd, 4317945.493, 103
Trd, 4317946.043, 106
Trd, 4317948.943, 104
Trd, 4317952.743, 105
Trd, 4317955.493, 102
Trd, 4317957.443, 105
Trd, 4317963.043, 102
Trd, 4317963.393, 102
Trd, 4317964.943, 105
Trd, 4317965.193, 106
Trd, 4317968.743, 102
Trd, 4317969.943, 105
Trd, 4317971.793, 105
Trd, 4317972.693, 102
Trd, 4317973.443, 94
Trd, 4317974.693, 124
Trd, 4317975.943, 98
Trd, 4317976.943, 83
Trd, 4317980.693, 103
Trd, 4317981.143, 97
Trd, 4317983.643, 105
Trd, 4317987.493, 105
Trd, 4317987.643, 106
Trd, 4317989.043, 104
Trd, 4317993.693, 104
Trd, 4317993.943, 105
Trd, 4317996.943, 110
Trd, 4317998.143, 109
Trd, 4317998.743, 105
Trd, 4318000.043, 101
Trd, 4318001.143, 94
Trd, 4318002.243, 124
Trd, 4318003.043, 96
Trd, 4318006.443, 99
Trd, 4318007.693, 104
Trd, 4318008.193, 104
Trd, 4318009.943, 104
Trd, 4318010.443, 107
Trd, 4318012.693, 106
Trd, 4318013.293, 93
Trd, 4318015.243, 110
Trd, 4318016.893, 131
Trd, 4318017.093, 117
Trd, 4318018.243, 116
Trd, 4318018.343, 120
Trd, 4318018.593, 111
Trd, 4318021.043, 132
Trd, 4318022.393, 101
Trd, 4318025.243, 112
Trd, 4318029.743, 109
Trd, 4318029.893, 109
Trd, 4318029.993, 113
Trd, 4318032.143, 113
Trd, 4318033.093, 122
Trd, 4318034.593, 109
Trd, 4318034.843, 93
Trd, 4318035.443, 84
Trd, 4318037.243, 105
Trd, 4318038.393, 100
Trd, 4318041.693, 102
Trd, 4318041.793, 107
Trd, 4318045.293, 100
Trd, 4318046.093, 120
Trd, 4318046.543, 116
Trd, 4318047.393, 112
Trd, 4318048.543, 108
Trd, 4318050.293, 108
Trd, 4318051.693, 102
Trd, 4318052.443, 109
Trd, 4318054.093, 94
Trd, 4318057.143, 110
Trd, 4318059.443, 117
Trd, 4318059.843, 110
Trd, 4318060.543, 123
Trd, 4318062.093, 109
Trd, 4318064.243, 76
Trd, 4318064.993, 98
Trd, 4318065.393, 113
Trd, 4318066.143, 110
Trd, 4318067.543, 115
Trd, 4318068.443, 133
Trd, 4318070.493, 120
Trd, 4318074.293, 116
Trd, 4318075.843, 111
Trd, 4318078.043, 122
Trd, 4318078.743, 114
Trd, 4318079.843, 109
Trd, 4318084.393, 110
Trd, 4318084.493, 111
Trd, 4318085.593, 108
Trd, 4318087.993, 108
Trd, 4318089.493, 104
Trd, 4318091.543, 102
Trd, 4318094.943, 103
Trd, 4318095.643, 104
Trd, 4318099.393, 102
Trd, 4318099.843, 102
Trd, 4318101.143, 104
Trd, 4318103.843, 105
Trd, 4318107.293, 106
Trd, 4318109.143, 106
Trd, 4318109.643, 94
Trd, 4318113.193, 99
Trd, 4318114.793, 103
Trd, 4318116.843, 104
Trd, 4318117.393, 100
Trd, 4318118.743, 93
Trd, 4318121.693, 115
Trd, 4318122.493, 123
Trd, 4318126.493, 111
Trd, 4318127.043, 113
Trd, 4318129.693, 111
Trd, 4318132.643, 109
Trd, 4318133.843, 114
Trd, 4318135.193, 109
Trd, 4318135.543, 116
Trd, 4318136.193, 111
Trd, 4318138.043, 110
Trd, 4318139.843, 102
Trd, 4318140.143, 104
Trd, 4318140.393, 91
Trd, 4318143.943, 102
Trd, 4318144.393, 102
Trd, 4318147.693, 104
Trd, 4318147.943, 94
Trd, 4318149.493, 95
Trd, 4318149.643, 124
Trd, 4318150.693, 95
Trd, 4318155.743, 98
Trd, 4318157.343, 96
Trd, 4318158.343, 97
Trd, 4318158.843, 94
Trd, 4318160.143, 123
Trd, 4318161.943, 114
Trd, 4318162.993, 108
Trd, 4318164.643, 98
Trd, 4318166.893, 111
Trd, 4318169.493, 126
Trd, 4318170.593, 114
Trd, 4318171.693, 114
Trd, 4318172.443, 110
Trd, 4318179.593, 112
Trd, 4318179.643, 110
Trd, 4318180.293, 108
Trd, 4318183.293, 108
Trd, 4318186.343, 110
Trd, 4318187.643, 107
Trd, 4318189.693, 95
Trd, 4318189.793, 101
Trd, 4318190.493, 100
Trd, 4318194.243, 101
Trd, 4318194.643, 93
Trd, 4318197.393, 106
Trd, 4318198.093, 93
Trd, 4318199.693, 96
Trd, 4318204.643, 107
Trd, 4318205.493, 107
Trd, 4318208.493, 101
Trd, 4318209.343, 106
Trd, 4318209.793, 99
Trd, 4318212.043, 106
Trd, 4318212.893, 99
Trd, 4318213.943, 106
Trd, 4318216.543, 99
Trd, 4318216.943, 94
Trd, 4318217.643, 88
Trd, 4318218.393, 95
Trd, 4318219.593, 95
Trd, 4318220.543, 94
Trd, 4318224.393, 96
Trd, 4318225.193, 107
Trd, 4318228.193, 104
Trd, 4318233.943, 122
Trd, 4318236.493, 120
Trd, 4318237.993, 106
Trd, 4318239.393, 107
Trd, 4318240.543, 95
Trd, 4318241.193, 107
Trd, 4318245.693, 106
Trd, 4318247.093, 102
Trd, 4318248.943, 106
Trd, 4318249.143, 94
Trd, 4318251.493, 102
Trd, 4318254.743, 102
Trd, 4318255.943, 104
Trd, 4318256.743, 101
Trd, 4318259.643, 101
Trd, 4318259.693, 94
Trd, 4318260.243, 104
Trd, 4318261.693, 122
Trd, 4318262.393, 104
Trd, 4318262.593, 98
Trd, 4318266.293, 100
Trd, 4318267.593, 105
Trd, 4318273.243, 100
Trd, 4318273.393, 99
Trd, 4318275.693, 98
Trd, 4318276.093, 104
Trd, 4318276.493, 88
Trd, 4318279.543, 103
Trd, 4318280.743, 122
Trd, 4318281.743, 98
Trd, 4318283.693, 107
Trd, 4318285.893, 100
Trd, 4318286.393, 98
Trd, 4318286.843, 94
Trd, 4318288.843, 102
Trd, 4318289.043, 105
Trd, 4318290.193, 102
Trd, 4318290.843, 104
Trd, 4318291.893, 100
Trd, 4318293.193, 104
Trd, 4318293.443, 104
Trd, 4318295.793, 99
Trd, 4318297.143, 99
Trd, 4318297.643, 104
Trd, 4318299.243, 109
Trd, 4318300.543, 122
Trd, 4318300.743, 98
Trd, 4318303.293, 106
Trd, 4318304.043, 114
Trd, 4318305.743, 123
Trd, 4318308.493, 104
Trd, 4318309.093, 105
Trd, 4318310.493, 107
Trd, 4318312.943, 102
Trd, 4318313.093, 123
Trd, 4318313.943, 104
Trd, 4318315.493, 106
Trd, 4318317.643, 94
Trd, 4318318.093, 114
Trd, 4318318.993, 85
Trd, 4318321.343, 116
Trd, 4318324.143, 113
Trd, 4318324.593, 117
Trd, 4318327.343, 116
Trd, 4318328.593, 114
Trd, 4318330.543, 115
Trd, 4318330.793, 116
Trd, 4318335.043, 112
Trd, 4318336.493, 115
Trd, 4318336.993, 115
Trd, 4318340.143, 113
Trd, 4318341.243, 123
Trd, 4318343.743, 112
Trd, 4318344.943, 116
Trd, 4318344.993, 110
Trd, 4318345.243, 89
Trd, 4318350.993, 104
Trd, 4318351.293, 103
Trd, 4318352.243, 105
Trd, 4318355.693, 105
Trd, 4318356.343, 103
Trd, 4318360.693, 106
Trd, 4318360.843, 106
Trd, 4318362.593, 102
Trd, 4318362.793, 101
Trd, 4318365.043, 103
Trd, 4318365.343, 94
Trd, 4318367.893, 101
Trd, 4318372.543, 105
Trd, 4318374.993, 102
Trd, 4318377.993, 102
Trd, 4318378.643, 104
Trd, 4318380.493, 101
Trd, 4318380.693, 103
Trd, 4318382.693, 105
Trd, 4318383.843, 105
Trd, 4318384.443, 98
Trd, 4318387.193, 105
Trd, 4318387.743, 123
Trd, 4318389.543, 113
Trd, 4318390.193, 102
Trd, 4318391.843, 113
Trd, 4318391.893, 106
Trd, 4318394.243, 113
Trd, 4318396.643, 110
Trd, 4318399.993, 111
Trd, 4318401.993, 110
Trd, 4318402.193, 111
Trd, 4318402.343, 123
Trd, 4318404.643, 108
Trd, 4318408.293, 116
Trd, 4318408.643, 107
Trd, 4318412.393, 107
Trd, 4318413.593, 105
Trd, 4318414.593, 106
Trd, 4318419.993, 108
Trd, 4318420.543, 104
Trd, 4318420.993, 104
Trd, 4318423.893, 104
Trd, 4318424.243, 109
Trd, 4318425.293, 100
Trd, 4318431.693, 103
Trd, 4318432.543, 110
Trd, 4318432.893, 111
Trd, 4318434.793, 104
Trd, 4318437.043, 103
Trd, 4318438.743, 104
Trd, 4318441.043, 104
Trd, 4318441.243, 103
Trd, 4318441.843, 99
Trd, 4318445.143, 104
Trd, 4318446.243, 102
Trd, 4318446.393, 93
Trd, 4318446.893, 123
Trd, 4318448.143, 98
Trd, 4318452.593, 97
Trd, 4318453.843, 105
Trd, 4318454.393, 106
Trd, 4318456.043, 98
Trd, 4318457.643, 97
Trd, 4318458.343, 109
Trd, 4318459.393, 109
Trd, 4318460.843, 123
Trd, 4318463.043, 108
Trd, 4318463.293, 103
Trd, 4318464.343, 108
Trd, 4318464.793, 107
Trd, 4318466.043, 107
Trd, 4318467.593, 109
Trd, 4318469.643, 105
Trd, 4318471.293, 109
Trd, 4318471.693, 103
Trd, 4318473.893, 122
Trd, 4318474.543, 103
Trd, 4318477.893, 101
Trd, 4318479.093, 106
Trd, 4318479.193, 122
Trd, 4318482.693, 104
Trd, 4318483.743, 102
Trd, 4318484.143, 94
Trd, 4318485.893, 102
Trd, 4318486.493, 104
Trd, 4318487.243, 96
Trd, 4318490.393, 103
Trd, 4318491.393, 105
Trd, 4318494.793, 106
Trd, 4318495.043, 103
Trd, 4318495.743, 119
Trd, 4318496.043, 120
Trd, 4318497.093, 112
Trd, 4318499.593, 111
Trd, 4318505.343, 110
Trd, 4318507.093, 113
Trd, 4318507.693, 109
Trd, 4318508.293, 108
Trd, 4318509.843, 112
Trd, 4318510.943, 108
Trd, 4318511.943, 108
Trd, 4318512.043, 113
Trd, 4318514.993, 107
Trd, 4318516.143, 122
Trd, 4318517.593, 94
Trd, 4318520.093, 106
Trd, 4318521.293, 102
Trd, 4318521.793, 92
Trd, 4318523.993, 98
Trd, 4318525.643, 106
Trd, 4318527.093, 121
Trd, 4318528.593, 105
Trd, 4318529.093, 105
Trd, 4318530.793, 95
Trd, 4318532.243, 98
Trd, 4318533.943, 100
Trd, 4318535.193, 99
Trd, 4318538.043, 98
Trd, 4318538.193, 101
Trd, 4318538.993, 104
Trd, 4318541.193, 97
Trd, 4318542.143, 104
Trd, 4318542.693, 104
Trd, 4318545.543, 104
Trd, 4318545.743, 123
Trd, 4318545.943, 100
Trd, 4318546.543, 94
Trd, 4318548.843, 100
Trd, 4318550.593, 112
Trd, 4318551.693, 104
Trd, 4318554.243, 113
Trd, 4318555.393, 103
Trd, 4318559.043, 107
Trd, 4318560.243, 103
Trd, 4318561.343, 103
Trd, 4318564.643, 106
Trd, 4318565.743, 106
Trd, 4318567.293, 102
Trd, 4318568.243, 105
Trd, 4318570.293, 102
Trd, 4318570.593, 102
Trd, 4318573.943, 102
Trd, 4318574.493, 100
Trd, 4318574.743, 105
Trd, 4318576.843, 103
Trd, 4318578.893, 104
Trd, 4318580.593, 101
Trd, 4318581.943, 99
Trd, 4318583.393, 105
Trd, 4318584.143, 106
Trd, 4318586.843, 99
Trd, 4318586.943, 93
Trd, 4318591.643, 95
Trd, 4318593.643, 99
Trd, 4318593.843, 95
Trd, 4318594.593, 104
Trd, 4318596.793, 106
Trd, 4318597.893, 112
Trd, 4318601.793, 110
Trd, 4318601.893, 110
Trd, 4318602.443, 111
Trd, 4318602.693, 111
Trd, 4318603.393, 109
Trd, 4318607.893, 107
Trd, 4318608.343, 109
Trd, 4318609.043, 106
Trd, 4318610.043, 106
Trd, 4318611.493, 123
Trd, 4318612.943, 85
Trd, 4318616.493, 116
Trd, 4318618.343, 90
Trd, 4318621.643, 106
Trd, 4318621.893, 103
Trd, 4318622.243, 111
Trd, 4318628.793, 112
Trd, 4318630.193, 108
Trd, 4318630.643, 106
Trd, 4318631.143, 100
Trd, 4318631.943, 103
Trd, 4318634.143, 94
Trd, 4318635.643, 103
Trd, 4318636.943, 99
Trd, 4318638.143, 104
Trd, 4318639.543, 102
Trd, 4318640.843, 105
Trd, 4318644.093, 122
Trd, 4318644.343, 119
Trd, 4318644.693, 123
Trd, 4318645.893, 120
Trd, 4318647.643, 117
Trd, 4318649.293, 112
Trd, 4318650.093, 120
Trd, 4318650.943, 93
Trd, 4318653.243, 105
Trd, 4318653.543, 110
Trd, 4318656.743, 104
Trd, 4318656.943, 107
Trd, 4318658.193, 103
Trd, 4318659.143, 102
Trd, 4318661.493, 101
Trd, 4318662.093, 102
Trd, 4318662.243, 99
Trd, 4318663.893, 104
Trd, 4318666.143, 99
Trd, 4318668.893, 110
Trd, 4318669.643, 108
Trd, 4318671.243, 108
Trd, 4318674.793, 104
Trd, 4318675.993, 104
Trd, 4318678.343, 105
Trd, 4318679.043, 103
Trd, 4318679.293, 105
Trd, 4318680.043, 94
Trd, 4318681.193, 124
Trd, 4318684.593, 98
Trd, 4318685.143, 94
Trd, 4318685.893, 105
Trd, 4318689.243, 123
Trd, 4318689.543, 98
Trd, 4318693.693, 107
Trd, 4318697.143, 103
Trd, 4318697.943, 115
Trd, 4318698.843, 108
Trd, 4318700.143, 106
Trd, 4318703.543, 112
Trd, 4318704.393, 107
Trd, 4318705.243, 109
Trd, 4318707.393, 105
Trd, 4318709.043, 122
Trd, 4318709.793, 104
Trd, 4318712.743, 102
Trd, 4318714.093, 106
Trd, 4318714.443, 106
Trd, 4318715.893, 101
Trd, 4318716.943, 96
Trd, 4318719.843, 103
Trd, 4318721.043, 98
Trd, 4318727.593, 98
Trd, 4318728.793, 98
Trd, 4318729.493, 102
Trd, 4318730.943, 106
Trd, 4318731.543, 103
Trd, 4318733.693, 103
Trd, 4318735.993, 103
Trd, 4318737.093, 102
Trd, 4318738.193, 103
Trd, 4318739.193, 101
Trd, 4318739.893, 104
Trd, 4318740.943, 111
Trd, 4318742.393, 100
Trd, 4318746.193, 99
Trd, 4318746.893, 103
Trd, 4318748.043, 104
Trd, 4318749.293, 97
Trd, 4318750.343, 99
Trd, 4318751.093, 104
Trd, 4318751.793, 101
Trd, 4318755.543, 100
Trd, 4318755.593, 95
Trd, 4318756.243, 102
Trd, 4318759.043, 102
Trd, 4318760.843, 104
Trd, 4318761.793, 104
Trd, 4318763.793, 99
Trd, 4318766.593, 105
Trd, 4318769.643, 99
Trd, 4318772.093, 105
Trd, 4318772.143, 100
Trd, 4318774.293, 99
Trd, 4318774.493, 105
Trd, 4318775.193, 98
Trd, 4318776.793, 106
Trd, 4318780.943, 122
Trd, 4318781.443, 116
Trd, 4318782.693, 112
Trd, 4318783.343, 116
Trd, 4318786.243, 111
Trd, 4318786.293, 117
Trd, 4318787.443, 98
Trd, 4318788.993, 94
Trd, 4318789.843, 105
Trd, 4318792.293, 122
Trd, 4318795.043, 103
Trd, 4318796.193, 101
Trd, 4318797.043, 103
Trd, 4318801.943, 102
Trd, 4318802.293, 100
Trd, 4318802.743, 94
Trd, 4318803.193, 104
Trd, 4318803.993, 88
Trd, 4318805.793, 105
Trd, 4318807.193, 106
Trd, 4318808.043, 94
Trd, 4318809.393, 96
Trd, 4318811.343, 115
Trd, 4318811.443, 122
Trd, 4318815.193, 108
Trd, 4318815.343, 109
Trd, 4318815.893, 110
Trd, 4318817.743, 115
Trd, 4318819.443, 113
Trd, 4318820.143, 116
Trd, 4318821.343, 104
Trd, 4318823.393, 94
Trd, 4318824.993, 115
Trd, 4318825.743, 112
Trd, 4318826.293, 93
Trd, 4318831.193, 112
Trd, 4318831.343, 109
Trd, 4318834.043, 107
Trd, 4318834.193, 112
Trd, 4318834.593, 101
Trd, 4318834.793, 92
Trd, 4318837.693, 97
Trd, 4318839.293, 92
Trd, 4318839.893, 92
Trd, 4318842.443, 104
Trd, 4318843.393, 90
Trd, 4318844.193, 121
Trd, 4318844.593, 115
Trd, 4318846.743, 108
Trd, 4318847.743, 109
Trd, 4318851.293, 108
Trd, 4318854.043, 109
Trd, 4318854.293, 107
Trd, 4318854.643, 111
Trd, 4318854.843, 103
Trd, 4318857.193, 90
Trd, 4318858.393, 102
Trd, 4318862.493, 103
Trd, 4318863.193, 104
Trd, 4318867.193, 100
Trd, 4318867.443, 104
Trd, 4318867.493, 95
Trd, 4318870.493, 99
Trd, 4318871.043, 105
Trd, 4318872.193, 122
Trd, 4318874.593, 100
Trd, 4318877.143, 100
Trd, 4318878.443, 103
Trd, 4318878.493, 95
Trd, 4318879.493, 106
Trd, 4318881.143, 103
Trd, 4318883.343, 105
Trd, 4318883.643, 105
Trd, 4318885.143, 105
Trd, 4318885.793, 104
Trd, 4318886.443, 94
Trd, 4318887.193, 99
Trd, 4318889.443, 112
Trd, 4318890.843, 110
Trd, 4318893.143, 107
Trd, 4318894.393, 117
Trd, 4318896.393, 111
Trd, 4318897.293, 108
Trd, 4318897.793, 111
Trd, 4318898.593, 94
Trd, 4318900.343, 103
Trd, 4318902.643, 109
Trd, 4318902.993, 106
Trd, 4318903.143, 105
Trd, 4318903.693, 104
Trd, 4318905.493, 116
Trd, 4318908.593, 113
Trd, 4318913.243, 109
Trd, 4318914.843, 108
Trd, 4318915.343, 111
Trd, 4318918.043, 110
Trd, 4318919.393, 110
Trd, 4318921.543, 108
Trd, 4318923.243, 109
Trd, 4318923.393, 93
Trd, 4318923.593, 118
Trd, 4318926.793, 105
Trd, 4318927.143, 105
Trd, 4318928.843, 104
Trd, 4318929.993, 122
Trd, 4318930.693, 117
Trd, 4318931.593, 103
Trd, 4318934.993, 104
Trd, 4318936.743, 101
Trd, 4318936.843, 101
Trd, 4318937.393, 107
Trd, 4318939.543, 92
Trd, 4318939.793, 106
Trd, 4318941.943, 91
Trd, 4318942.893, 110
Trd, 4318943.743, 106
Trd, 4318946.343, 114
Trd, 4318947.243, 111
Trd, 4318950.993, 90
Trd, 4318951.893, 95
Trd, 4318952.093, 111
Trd, 4318955.493, 102
Trd, 4318956.443, 105
Trd, 4318957.693, 105
Trd, 4318965.643, 108
Trd, 4318966.393, 111
Trd, 4318967.143, 110
Trd, 4318967.643, 100
Trd, 4318970.493, 104
Trd, 4318971.143, 99
Trd, 4318972.493, 101
Trd, 4318973.893, 98
Trd, 4318974.743, 99
Trd, 4318976.343, 94
Trd, 4318976.543, 99
Trd, 4318977.493, 96
Trd, 4318977.643, 104
Trd, 4318981.393, 97
Trd, 4318984.193, 101
Trd, 4318984.443, 102
Trd, 4318985.693, 117
Trd, 4318986.593, 111
Trd, 4318988.393, 112
Trd, 4318988.943, 101
Trd, 4318989.793, 96
Trd, 4318993.093, 105
Trd, 4318994.393, 112
Trd, 4318995.143, 110
Trd, 4318995.943, 94
Trd, 4318998.243, 122
Trd, 4318999.793, 113
Trd, 4319004.093, 112
Trd, 4319004.143, 112
Trd, 4319005.793, 111
Trd, 4319005.993, 113
Trd, 4319008.243, 94
Trd, 4319008.343, 85
Trd, 4319008.943, 106
Trd, 4319009.043, 116
Trd, 4319011.593, 98
Trd, 4319013.443, 108
Trd, 4319014.893, 108
Trd, 4319015.493, 102
Trd, 4319015.793, 100
Trd, 4319016.843, 121
Trd, 4319018.693, 119
Trd, 4319020.643, 105
Trd, 4319023.743, 111
Trd, 4319024.143, 109
Trd, 4319024.993, 92
Trd, 4319029.243, 115
Trd, 4319030.793, 107
Trd, 4319031.843, 104
Trd, 4319033.593, 103
Trd, 4319035.093, 108
Trd, 4319038.093, 105
Trd, 4319039.243, 102
Trd, 4319039.493, 101
Trd, 4319040.393, 99
Trd, 4319042.543, 100
Trd, 4319042.943, 107
Trd, 4319044.493, 94
Trd, 4319045.393, 101
Trd, 4319047.193, 98
Trd, 4319048.443, 103
Trd, 4319048.643, 102
Trd, 4319048.893, 104
Trd, 4319049.093, 90
Trd, 4319052.793, 109
Trd, 4319056.293, 108
Trd, 4319057.293, 99
Trd, 4319058.293, 104
Trd, 4319059.443, 120
Trd, 4319061.493, 112
Trd, 4319062.693, 113
Trd, 4319066.043, 115
Trd, 4319066.393, 111
Trd, 4319066.443, 110
Trd, 4319069.143, 100
Trd, 4319070.643, 106
Trd, 4319071.843, 105
Trd, 4319072.393, 101
Trd, 4319073.493, 111
Trd, 4319075.993, 106
Trd, 4319078.043, 106
Trd, 4319080.643, 105
Trd, 4319080.943, 105
Trd, 4319081.343, 106
Trd, 4319083.493, 106
Trd, 4319092.443, 107
Trd, 4319092.693, 108
Trd, 4319094.943, 108
Trd, 4319097.193, 105
Trd, 4319099.893, 116
Trd, 4319101.343, 109
Trd, 4319104.043, 111
Trd, 4319104.193, 113
Trd, 4319104.443, 108
Trd, 4319104.743, 93
Trd, 4319107.343, 104
Trd, 4319110.643, 111
Trd, 4319111.093, 113
Trd, 4319113.593, 92
Trd, 4319114.243, 104
Trd, 4319117.043, 102
Trd, 4319117.793, 105
Trd, 4319118.643, 102
Trd, 4319118.793, 94
Trd, 4319119.043, 104
Trd, 4319120.443, 94
Trd, 4319123.543, 102
Trd, 4319124.743, 100
Trd, 4319127.443, 105
Trd, 4319127.743, 104
Trd, 4319128.893, 104
Trd, 4319130.293, 108
Trd, 4319131.593, 107
Trd, 4319132.593, 105
Trd, 4319135.043, 107
Trd, 4319136.143, 107
Trd, 4319140.393, 107
Trd, 4319140.543, 112
Trd, 4319140.943, 107
Trd, 4319142.793, 122
Trd, 4319148.093, 109
Trd, 4319148.493, 112
Trd, 4319148.693, 108
Trd, 4319150.643, 123
Trd, 4319153.243, 111
Trd, 4319155.343, 110
Trd, 4319156.243, 114
Trd, 4319156.393, 108
Trd, 4319158.443, 114
Trd, 4319158.893, 123
Trd, 4319159.393, 107
Trd, 4319161.493, 119
Trd, 4319165.093, 111
Trd, 4319166.343, 119
Trd, 4319167.243, 110
Trd, 4319168.493, 103
Trd, 4319172.393, 116
Trd, 4319176.543, 112
Trd, 4319177.493, 111
Trd, 4319177.543, 115
Trd, 4319179.393, 100
Trd, 4319180.393, 93
Trd, 4319184.443, 101
Trd, 4319184.543, 85
Trd, 4319187.393, 101
Trd, 4319189.243, 99
Trd, 4319192.093, 103
Trd, 4319194.243, 97
Trd, 4319196.943, 104
Trd, 4319197.693, 104
Trd, 4319204.493, 97
Trd, 4319204.743, 101
Trd, 4319207.843, 102
Trd, 4319208.893, 96
Trd, 4319211.393, 105
Trd, 4319211.693, 123
Trd, 4319214.943, 97
Trd, 4319215.043, 109
Trd, 4319215.493, 110
Trd, 4319216.493, 97
Trd, 4319219.643, 95
Trd, 4319219.793, 94
Trd, 4319220.143, 104
Trd, 4319222.393, 107
Trd, 4319225.693, 105
Trd, 4319227.843, 106
Trd, 4319228.093, 108
Trd, 4319228.193, 105
Trd, 4319231.993, 106
Trd, 4319233.093, 104
Trd, 4319234.443, 103
Trd, 4319235.893, 104
Trd, 4319237.743, 123
Trd, 4319238.743, 114
Trd, 4319243.193, 101
Trd, 4319243.293, 93
Trd, 4319244.693, 110
Trd, 4319246.993, 110
Trd, 4319247.993, 105
Trd, 4319250.493, 104
Trd, 4319251.443, 105
Trd, 4319256.493, 106
Trd, 4319256.593, 103
Trd, 4319258.893, 105
Trd, 4319259.793, 102
Trd, 4319263.293, 104
Trd, 4319263.593, 101
Trd, 4319269.593, 100
Trd, 4319271.293, 100
Trd, 4319273.393, 104
Trd, 4319276.243, 99
Trd, 4319277.393, 102
Trd, 4319281.393, 103
Trd, 4319283.793, 103
Trd, 4319283.943, 100
Trd, 4319284.043, 105
Trd, 4319286.643, 100
Trd, 4319287.393, 105
Trd, 4319290.143, 99
Trd, 4319292.843, 98
Trd, 4319293.393, 100
Trd, 4319296.443, 105
Trd, 4319299.543, 103
Trd, 4319300.143, 102
Trd, 4319301.043, 101
Trd, 4319302.893, 103
Trd, 4319303.343, 106
Trd, 4319304.593, 103
Trd, 4319306.943, 108
Trd, 4319311.043, 106
Trd, 4319311.493, 106
Trd, 4319313.393, 94
Trd, 4319315.343, 103
Trd, 4319316.093, 102
Trd, 4319316.743, 101
Trd, 4319320.343, 100
Trd, 4319321.643, 102
Trd, 4319323.793, 100
Trd, 4319324.193, 105
Trd, 4319325.493, 114
Trd, 4319327.043, 108
Trd, 4319328.343, 106
Trd, 4319328.643, 108
Trd, 4319331.593, 106
Trd, 4319332.393, 107
Trd, 4319333.343, 104
Trd, 4319334.243, 121
Trd, 4319335.243, 115
Trd, 4319335.743, 102
Trd, 4319336.693, 90
Trd, 4319340.243, 106
Trd, 4319340.793, 104
Trd, 4319342.343, 102
Trd, 4319346.493, 116
Trd, 4319346.993, 102
Trd, 4319348.593, 130
Trd, 4319351.643, 112
Trd, 4319352.893, 116
Trd, 4319354.093, 94
Trd, 4319356.343, 106
Trd, 4319357.193, 105
Trd, 4319358.143, 105
Trd, 4319358.943, 102
Trd, 4319360.243, 106
Trd, 4319360.443, 104
Trd, 4319361.043, 93
Trd, 4319363.593, 126
Trd, 4319365.293, 111
Trd, 4319365.743, 104
Trd, 4319368.043, 112
Trd, 4319368.243, 92
Trd, 4319368.893, 119
Trd, 4319369.393, 110
Trd, 4319370.143, 115
Trd, 4319371.843, 85
Trd, 4319375.543, 98
Trd, 4319375.893, 93
Trd, 4319377.193, 84
Trd, 4319377.793, 75
Trd, 4319379.293, 94
Trd, 4319380.643, 104
Trd, 4319381.393, 104
Trd, 4319383.793, 116
Trd, 4319384.293, 117
Trd, 4319386.843, 112
Trd, 4319387.243, 110
Trd, 4319387.343, 125
Trd, 4319391.493, 111
Trd, 4319392.643, 115
Trd, 4319393.543, 110
Trd, 4319393.843, 93
Trd, 4319397.493, 117
Trd, 4319398.693, 108
Trd, 4319399.843, 117
Trd, 4319400.893, 109
Trd, 4319401.143, 109
Trd, 4319403.643, 109
Trd, 4319403.943, 114
Trd, 4319404.343, 92
Trd, 4319405.593, 85
Trd, 4319409.243, 101
Trd, 4319409.443, 104
Trd, 4319412.843, 104
Trd, 4319415.843, 101
Trd, 4319418.643, 102
Trd, 4319419.693, 104
Trd, 4319424.193, 101
Trd, 4319426.043, 105
Trd, 4319426.193, 101
Trd, 4319429.293, 105
Trd, 4319429.543, 99
Trd, 4319429.943, 94
Trd, 4319430.493, 83
Trd, 4319434.993, 112
Trd, 4319435.693, 124
Trd, 4319436.593, 107
Trd, 4319437.643, 106
Trd, 4319438.343, 105
Trd, 4319439.443, 112
Trd, 4319442.993, 103
Trd, 4319443.443, 103
Trd, 4319445.993, 108
Trd, 4319446.743, 104
Trd, 4319447.093, 104
Trd, 4319448.443, 93
Trd, 4319449.093, 107
Trd, 4319450.743, 109
Trd, 4319453.793, 107
Trd, 4319453.843, 104
Trd, 4319454.843, 104
Trd, 4319456.743, 105
Trd, 4319458.943, 106
Trd, 4319459.893, 103
Trd, 4319459.943, 101
Trd, 4319464.643, 104
Trd, 4319465.543, 104
Trd, 4319465.593, 93
Trd, 4319466.243, 85
Trd, 4319467.943, 97
Trd, 4319468.643, 94
Trd, 4319468.893, 93
Trd, 4319470.193, 91
Trd, 4319470.693, 90
Trd, 4319470.943, 104
Trd, 4319472.843, 97
Trd, 4319473.993, 123
Trd, 4319474.043, 124
Trd, 4319476.293, 90
Trd, 4319476.743, 83
Trd, 4319476.793, 114
Trd, 4319478.393, 113
Trd, 4319478.943, 105
Trd, 4319483.193, 109
Trd, 4319483.643, 104
Trd, 4319486.193, 102
Trd, 4319486.593, 103
Trd, 4319486.893, 82
Trd, 4319487.643, 96
Trd, 4319490.743, 104
Trd, 4319493.993, 103
Trd, 4319494.393, 104
Trd, 4319495.843, 102
Trd, 4319497.143, 104
Trd, 4319497.993, 104
Trd, 4319500.393, 101
Trd, 4319503.643, 104
Trd, 4319505.793, 102
Trd, 4319507.743, 105
Trd, 4319508.693, 101
Trd, 4319512.793, 101
Trd, 4319513.493, 105
Trd, 4319514.343, 109
Trd, 4319514.393, 101
Trd, 4319517.743, 104
Trd, 4319518.993, 94
Trd, 4319519.493, 107
Trd, 4319519.943, 95
Trd, 4319521.943, 98
Trd, 4319526.693, 105
Trd, 4319529.243, 104
Trd, 4319531.393, 105
Trd, 4319532.443, 104
Trd, 4319532.993, 106
Trd, 4319534.943, 106
Trd, 4319535.493, 103
Trd, 4319536.893, 94
Trd, 4319537.243, 98
Trd, 4319538.793, 101
Trd, 4319540.193, 106
Trd, 4319540.443, 103
Trd, 4319541.493, 93
Trd, 4319542.643, 104
Trd, 4319546.893, 97
Trd, 4319546.993, 106
Trd, 4319547.543, 99
Trd, 4319550.593, 108
Trd, 4319555.693, 92
Trd, 4319557.593, 107
Trd, 4319557.693, 81
Trd, 4319558.743, 106
Trd, 4319559.193, 107
Trd, 4319560.193, 98
Trd, 4319564.493, 108
Trd, 4319564.643, 98
Trd, 4319566.843, 107
Trd, 4319568.393, 99
Trd, 4319569.093, 119
Trd, 4319571.293, 111
Trd, 4319571.843, 104
Trd, 4319574.843, 94
Trd, 4319575.143, 111
Trd, 4319578.593, 111
Trd, 4319579.093, 110
Trd, 4319583.743, 108
Trd, 4319586.393, 106
Trd, 4319587.993, 109
Trd, 4319588.093, 109
Trd, 4319588.943, 106
Trd, 4319589.143, 105
Trd, 4319590.243, 103
Trd, 4319592.393, 107
Trd, 4319598.793, 102
Trd, 4319602.043, 103
Trd, 4319604.593, 102
Trd, 4319605.243, 104
Trd, 4319606.893, 104
Trd, 4319609.943, 107
Trd, 4319611.993, 106
Trd, 4319612.943, 107
Trd, 4319614.593, 115
Trd, 4319615.743, 105
Trd, 4319618.343, 108
Trd, 4319619.493, 109
Trd, 4319620.193, 105
Trd, 4319620.893, 106
Trd, 4319621.093, 110
Trd, 4319624.693, 94
Trd, 4319626.693, 112
Trd, 4319627.293, 100
Trd, 4319628.743, 109
Trd, 4319630.493, 83
Trd, 4319632.993, 102
Trd, 4319634.043, 101
Trd, 4319638.543, 100
Trd, 4319639.043, 100
Trd, 4319640.393, 104
Trd, 4319641.443, 99
Trd, 4319642.743, 103
Trd, 4319645.543, 99
Trd, 4319647.043, 97
Trd, 4319647.743, 104
Trd, 4319648.243, 111
Trd, 4319650.343, 110
Trd, 4319652.643, 109
Trd, 4319653.743, 102
Trd, 4319654.293, 94
Trd, 4319656.943, 109
Trd, 4319659.343, 103
Trd, 4319660.293, 102
Trd, 4319662.993, 108
Trd, 4319663.443, 112
Trd, 4319665.093, 111
Trd, 4319666.043, 110
Trd, 4319668.493, 113
Trd, 4319670.143, 109
Trd, 4319674.643, 112
Trd, 4319676.293, 114
Trd, 4319676.943, 129
Trd, 4319677.593, 125
Trd, 4319677.793, 111
Trd, 4319681.693, 113
Trd, 4319684.743, 111
Trd, 4319685.193, 118
Trd, 4319685.543, 84
Trd, 4319688.793, 102
Trd, 4319691.993, 114
Trd, 4319692.193, 116
Trd, 4319696.343, 100
Trd, 4319696.693, 101
Trd, 4319697.593, 102
Trd, 4319698.093, 103
Trd, 4319699.143, 101
Trd, 4319699.593, 101
Trd, 4319703.193, 104
Trd, 4319703.593, 104
Trd, 4319705.493, 101
Trd, 4319707.193, 100
Trd, 4319707.393, 105
Trd, 4319711.093, 100
Trd, 4319712.743, 101
Trd, 4319712.943, 98
Trd, 4319714.693, 122
Trd, 4319717.193, 98
Trd, 4319717.893, 102
Trd, 4319720.243, 100
Trd, 4319724.493, 101
Trd, 4319727.543, 103
Trd, 4319728.243, 95
Trd, 4319731.943, 99
Trd, 4319732.593, 104
Trd, 4319733.193, 109
Trd, 4319734.443, 106
Trd, 4319736.343, 102
Trd, 4319737.193, 103
Trd, 4319738.993, 83
Trd, 4319740.993, 95
Trd, 4319742.443, 104
Trd, 4319745.693, 104
Trd, 4319746.543, 82
Trd, 4319749.043, 106
Trd, 4319749.193, 106
Trd, 4319750.743, 106
Trd, 4319752.043, 107
Trd, 4319752.993, 105
Trd, 4319755.343, 103
Trd, 4319759.243, 104
Trd, 4319759.493, 122
Trd, 4319760.393, 110
Trd, 4319761.593, 111
Trd, 4319762.693, 94
Trd, 4319763.343, 111
Trd, 4319764.843, 105
Trd, 4319765.193, 105
Trd, 4319766.143, 107
Trd, 4319766.793, 81
Trd, 4319771.543, 105
Trd, 4319772.993, 107
Trd, 4319773.893, 107
Trd, 4319776.593, 107
Trd, 4319776.843, 104
Trd, 4319777.343, 105
Trd, 4319780.143, 105
Trd, 4319781.843, 103
Trd, 4319782.443, 105
Trd, 4319783.893, 93
Trd, 4319785.293, 106
Trd, 4319786.293, 107
Trd, 4319787.143, 107
Trd, 4319790.193, 105
Trd, 4319793.443, 109
Trd, 4319794.343, 104
Trd, 4319795.143, 103
Trd, 4319797.343, 107
Trd, 4319799.693, 104
Trd, 4319802.993, 102
Trd, 4319803.743, 103
Trd, 4319803.843, 91
Trd, 4319804.593, 106
Trd, 4319805.393, 104
Trd, 4319808.693, 94
Trd, 4319809.243, 82
Trd, 4319812.543, 105
Trd, 4319812.643, 106
Trd, 4319813.493, 106
Trd, 4319814.543, 101
Trd, 4319817.993, 128
Trd, 4319819.993, 117
Trd, 4319820.193, 114
Trd, 4319821.443, 111
Trd, 4319823.993, 112
Trd, 4319824.743, 92
Trd, 4319833.043, 105
Trd, 4319836.393, 104
Trd, 4319836.743, 110
Trd, 4319841.393, 110
Trd, 4319841.493, 103
Trd, 4319843.643, 101
Trd, 4319844.993, 98
Trd, 4319845.643, 121
Trd, 4319848.843, 93
Trd, 4319848.993, 95
Trd, 4319849.393, 104
Trd, 4319852.393, 104
Trd, 4319852.593, 105
Trd, 4319853.643, 122
Trd, 4319854.493, 100
Trd, 4319856.693, 112
Trd, 4319858.993, 102
Trd, 4319859.143, 107
Trd, 4319861.243, 94
Trd, 4319862.943, 108
Trd, 4319864.043, 99
Trd, 4319865.843, 107
Trd, 4319867.393, 107
Trd, 4319869.093, 103
Trd, 4319870.143, 109
Trd, 4319870.393, 108
Trd, 4319871.393, 93
Trd, 4319872.693, 104
Trd, 4319873.093, 122
Trd, 4319875.443, 109
Trd, 4319875.943, 103
Trd, 4319878.193, 102
Trd, 4319880.543, 100
Trd, 4319881.343, 105
Trd, 4319883.893, 99
Trd, 4319884.993, 92
Trd, 4319886.193, 119
Trd, 4319887.893, 109
Trd, 4319890.543, 108
Trd, 4319891.943, 107
Trd, 4319896.493, 106
Trd, 4319897.893, 108
Trd, 4319898.093, 105
Trd, 4319903.493, 107
Trd, 4319908.043, 108
Trd, 4319908.293, 117
Trd, 4319908.593, 106
Trd, 4319911.693, 104
Trd, 4319911.843, 112
Trd, 4319913.793, 107
Trd, 4319915.993, 108
Trd, 4319917.343, 106
Trd, 4319918.793, 101
Trd, 4319919.293, 100
Trd, 4319922.943, 108
Trd, 4319923.593, 103
Trd, 4319923.843, 94
Trd, 4319923.943, 122
Trd, 4319924.843, 81
Trd, 4319926.743, 111
Trd, 4319928.943, 109
Trd, 4319929.293, 109
Trd, 4319931.093, 107
Trd, 4319931.643, 104
Trd, 4319931.893, 105
Trd, 4319935.893, 104
Trd, 4319937.793, 81
Trd, 4319938.443, 104
Trd, 4319939.793, 97
Trd, 4319943.843, 99
Trd, 4319945.243, 104
Trd, 4319946.943, 114
Trd, 4319949.193, 122
Trd, 4319949.843, 112
Trd, 4319951.593, 118
Trd, 4319952.693, 117
Trd, 4319953.143, 112
Trd, 4319956.793, 113
Trd, 4319959.793, 119
Trd, 4319959.943, 117
Trd, 4319961.093, 116
Trd, 4319963.643, 112
Trd, 4319964.643, 116
Trd, 4319965.643, 104
Trd, 4319967.343, 104
Trd, 4319968.443, 93
Trd, 4319969.293, 91
Trd, 4319971.343, 92
Trd, 4319972.343, 95
Trd, 4319973.693, 93
Trd, 4319974.943, 104
Trd, 4319975.093, 93
Trd, 4319976.943, 97
Trd, 4319977.743, 98
Trd, 4319980.193, 86
Trd, 4319980.893, 82
Trd, 4319982.993, 88
Trd, 4319985.743, 100
Trd, 4319986.343, 105
Trd, 4319987.543, 105
Trd, 4319988.643, 103
Trd, 4319990.743, 95
Trd, 4319991.543, 122
Trd, 4319994.093, 100
Trd, 4319995.293, 100
Trd, 4319995.393, 95
Trd, 4319995.843, 100
Trd, 4319996.643, 109
