Trd, 4317829.493, 99
Trd, 4317830.243, 99
Trd, 4317832.143, 98
Trd, 4317833.593, 96
Trd, 4317835.643, 95
Trd, 4317837.193, 96
Trd, 4317840.143, 96
Trd, 4317840.843, 95
Trd, 4317842.693, 96
Trd, 4317843.793, 97
Trd, 4317844.043, 104
Trd, 4317847.793, 97
Trd, 4317850.793, 97
Trd, 4317854.493, 97
Trd, 4317857.793, 96
Trd, 4317859.543, 96
Trd, 4317862.943, 96
Trd, 4317863.643, 95
Trd, 4317865.543, 95
Trd, 4317866.443, 95
Trd, 4317868.493, 94
Trd, 4317870.043, 95
Trd, 4317870.343, 95
Trd, 4317873.193, 93
Trd, 4317874.093, 95
Trd, 4317874.643, 95
Trd, 4317877.693, 92
Trd, 4317878.393, 95
Trd, 4317885.043, 95
Trd, 4317887.043, 95
Trd, 4317887.143, 95
Trd, 4317887.993, 95
Trd, 4317888.643, 95
Trd, 4317889.693, 92
Trd, 4317891.743, 92
Trd, 4317894.143, 93
Trd, 4317895.143, 95
Trd, 4317895.293, 95
Trd, 4317895.943, 95
Trd, 4317898.393, 97
Trd, 4317898.693, 97
Trd, 4317900.693, 92
Trd, 4317901.193, 81
Trd, 4317901.443, 92
Trd, 4317902.793, 95
Trd, 4317904.143, 93
Trd, 4317905.493, 93
Trd, 4317906.893, 95
Trd, 4317908.143, 95
Trd, 4317910.543, 99
Trd, 4317911.593, 99
Trd, 4317912.293, 99
Trd, 4317913.293, 98
Trd, 4317914.793, 96
Trd, 4317919.093, 95
Trd, 4317920.543, 96
Trd, 4317920.893, 95
Trd, 4317921.943, 95
Trd, 4317923.693, 102
Trd, 4317924.743, 101
Trd, 4317925.543, 97
Trd, 4317927.543, 89
Trd, 4317928.843, 91
Trd, 4317929.443, 96
Trd, 4317930.293, 102
Trd, 4317931.493, 104
Trd, 4317932.093, 95
Trd, 4317933.693, 92
Trd, 4317934.293, 91
Trd, 4317934.443, 92
Trd, 4317936.743, 91
Trd, 4317937.943, 95
Trd, 4317939.343, 90
Trd, 4317941.393, 90
Trd, 4317942.493, 92
Trd, 4317943.793, 95
Trd, 4317945.193, 94
Trd, 4317946.643, 94
Trd, 4317947.343, 94
Trd, 4317949.043, 95
Trd, 4317951.643, 95
Trd, 4317951.843, 95
Trd, 4317954.793, 95
Trd, 4317955.593, 94
Trd, 4317955.793, 94
Trd, 4317956.043, 95
Trd, 4317956.643, 96
Trd, 4317960.793, 96
Trd, 4317960.843, 95
Trd, 4317960.893, 95
Trd, 4317964.643, 96
Trd, 4317967.993, 100
Trd, 4317968.243, 98
Trd, 4317969.093, 98
Trd, 4317970.843, 98
Trd, 4317972.043, 97
Trd, 4317973.793, 97
Trd, 4317977.093, 96
Trd, 4317977.143, 97
Trd, 4317977.843, 96
Trd, 4317980.893, 96
Trd, 4317981.143, 95
Trd, 4317982.593, 95
Trd, 4317983.493, 96
Trd, 4317983.743, 95
Trd, 4317986.493, 94
Trd, 4317990.043, 95
Trd, 4317990.143, 94
Trd, 4317991.893, 93
Trd, 4317992.243, 95
Trd, 4317994.593, 94
Trd, 4317995.543, 94
Trd, 4317997.393, 93
Trd, 4317998.643, 93
Trd, 4317999.243, 94
Trd, 4318000.143, 94
Trd, 4318000.393, 95
Trd, 4318004.493, 98
Trd, 4318004.543, 96
Trd, 4318005.293, 96
Trd, 4318007.243, 96
Trd, 4318008.493, 97
Trd, 4318010.493, 96
Trd, 4318010.643, 95
Trd, 4318013.343, 98
Trd, 4318013.893, 98
Trd, 4318014.643, 96
Trd, 4318014.943, 94
Trd, 4318015.743, 97
Trd, 4318016.293, 77
Trd, 4318017.593, 98
Trd, 4318022.443, 97
Trd, 4318023.843, 95
Trd, 4318024.743, 94
Trd, 4318026.443, 95
Trd, 4318027.993, 95
Trd, 4318029.493, 95
Trd, 4318031.793, 95
Trd, 4318032.243, 95
Trd, 4318034.493, 95
Trd, 4318037.943, 95
Trd, 4318038.693, 94
Trd, 4318039.043, 95
Trd, 4318040.343, 94
Trd, 4318041.043, 95
Trd, 4318044.143, 95
Trd, 4318046.243, 96
Trd, 4318047.393, 96
Trd, 4318048.793, 96
Trd, 4318051.893, 95
Trd, 4318052.693, 95
Trd, 4318052.843, 94
Trd, 4318053.593, 95
Trd, 4318055.293, 94
Trd, 4318058.293, 95
Trd, 4318060.443, 94
Trd, 4318062.793, 95
Trd, 4318063.143, 95
Trd, 4318064.493, 95
Trd, 4318064.593, 96
Trd, 4318065.443, 96
Trd, 4318066.493, 99
Trd, 4318067.643, 99
Trd, 4318071.293, 98
Trd, 4318071.493, 97
Trd, 4318071.793, 97
Trd, 4318074.543, 97
Trd, 4318076.093, 96
Trd, 4318078.243, 97
Trd, 4318079.393, 98
Trd, 4318081.593, 95
Trd, 4318083.643, 95
Trd, 4318084.693, 94
Trd, 4318085.893, 94
Trd, 4318087.343, 93
Trd, 4318087.593, 92
Trd, 4318089.193, 82
Trd, 4318090.193, 95
Trd, 4318090.893, 94
Trd, 4318092.443, 94
Trd, 4318093.893, 94
Trd, 4318095.343, 94
Trd, 4318095.843, 95
Trd, 4318097.093, 92
Trd, 4318100.893, 93
Trd, 4318101.343, 93
Trd, 4318101.643, 95
Trd, 4318103.693, 94
Trd, 4318104.143, 94
Trd, 4318105.293, 93
Trd, 4318109.493, 94
Trd, 4318110.143, 94
Trd, 4318110.993, 92
Trd, 4318114.293, 94
Trd, 4318114.343, 93
Trd, 4318114.993, 93
Trd, 4318115.793, 93
Trd, 4318117.243, 96
Trd, 4318119.093, 95
Trd, 4318120.493, 95
Trd, 4318121.593, 94
Trd, 4318122.993, 95
Trd, 4318123.293, 95
Trd, 4318126.393, 93
Trd, 4318127.143, 96
Trd, 4318129.193, 95
Trd, 4318129.743, 92
Trd, 4318133.943, 95
Trd, 4318135.543, 94
Trd, 4318138.493, 94
Trd, 4318139.143, 94
Trd, 4318139.993, 93
Trd, 4318142.343, 92
Trd, 4318142.493, 94
Trd, 4318143.943, 94
Trd, 4318145.043, 93
Trd, 4318145.643, 95
Trd, 4318146.543, 95
Trd, 4318147.293, 96
Trd, 4318147.343, 95
Trd, 4318150.393, 95
Trd, 4318150.643, 99
Trd, 4318154.493, 104
Trd, 4318155.443, 103
Trd, 4318155.643, 104
Trd, 4318155.943, 103
Trd, 4318157.293, 102
Trd, 4318158.393, 117
Trd, 4318158.693, 111
Trd, 4318160.243, 104
Trd, 4318161.993, 107
Trd, 4318165.943, 107
Trd, 4318166.093, 107
Trd, 4318168.093, 103
Trd, 4318170.043, 104
Trd, 4318170.243, 103
Trd, 4318171.693, 101
Trd, 4318172.743, 99
Trd, 4318173.643, 99
Trd, 4318174.643, 99
Trd, 4318174.993, 98
Trd, 4318177.343, 97
Trd, 4318179.693, 97
Trd, 4318181.143, 96
Trd, 4318181.393, 96
Trd, 4318183.543, 97
Trd, 4318185.043, 98
Trd, 4318186.143, 97
Trd, 4318187.543, 98
Trd, 4318188.743, 97
Trd, 4318190.943, 97
Trd, 4318191.893, 98
Trd, 4318193.643, 96
Trd, 4318194.493, 96
Trd, 4318195.843, 97
Trd, 4318196.443, 98
Trd, 4318196.943, 95
Trd, 4318199.043, 95
Trd, 4318200.843, 95
Trd, 4318204.193, 95
Trd, 4318204.643, 95
Trd, 4318204.893, 96
Trd, 4318205.543, 78
Trd, 4318209.643, 93
Trd, 4318209.793, 93
Trd, 4318213.193, 93
Trd, 4318214.793, 94
Trd, 4318215.593, 95
Trd, 4318215.693, 99
Trd, 4318217.443, 104
Trd, 4318218.493, 95
Trd, 4318220.443, 99
Trd, 4318221.543, 98
Trd, 4318223.993, 97
Trd, 4318224.093, 99
Trd, 4318226.043, 98
Trd, 4318226.893, 98
Trd, 4318227.643, 97
Trd, 4318229.343, 97
Trd, 4318232.993, 95
Trd, 4318233.593, 97
Trd, 4318238.643, 96
Trd, 4318238.993, 95
Trd, 4318240.243, 96
Trd, 4318240.893, 95
Trd, 4318243.293, 95
Trd, 4318243.693, 94
Trd, 4318244.993, 94
Trd, 4318245.243, 95
Trd, 4318248.493, 93
Trd, 4318249.593, 95
Trd, 4318254.093, 95
Trd, 4318255.143, 95
Trd, 4318256.493, 95
Trd, 4318257.893, 95
Trd, 4318259.343, 95
Trd, 4318260.893, 95
Trd, 4318262.243, 95
Trd, 4318263.293, 95
Trd, 4318265.193, 95
Trd, 4318265.493, 95
Trd, 4318267.193, 95
Trd, 4318267.393, 94
Trd, 4318268.543, 89
Trd, 4318269.643, 93
Trd, 4318270.493, 87
Trd, 4318273.243, 93
Trd, 4318273.643, 104
Trd, 4318275.243, 93
Trd, 4318277.793, 94
Trd, 4318281.743, 94
Trd, 4318282.743, 94
Trd, 4318283.493, 92
Trd, 4318284.943, 94
Trd, 4318285.093, 94
Trd, 4318287.543, 93
Trd, 4318288.893, 94
Trd, 4318289.893, 93
Trd, 4318291.193, 94
Trd, 4318293.593, 95
Trd, 4318294.643, 96
Trd, 4318295.543, 110
Trd, 4318295.643, 105
Trd, 4318296.543, 103
Trd, 4318297.843, 103
Trd, 4318298.643, 102
Trd, 4318298.893, 105
Trd, 4318302.143, 103
Trd, 4318303.043, 101
Trd, 4318304.193, 94
Trd, 4318304.943, 98
Trd, 4318306.243, 95
Trd, 4318307.343, 93
Trd, 4318307.543, 95
Trd, 4318309.643, 93
Trd, 4318310.643, 95
Trd, 4318311.843, 95
Trd, 4318312.143, 102
Trd, 4318312.393, 96
Trd, 4318314.143, 98
Trd, 4318314.293, 95
Trd, 4318318.143, 96
Trd, 4318318.993, 96
Trd, 4318323.993, 96
Trd, 4318324.893, 95
Trd, 4318325.293, 95
Trd, 4318327.643, 95
Trd, 4318328.393, 98
Trd, 4318328.843, 99
Trd, 4318329.293, 104
Trd, 4318332.343, 100
Trd, 4318332.543, 100
Trd, 4318334.993, 99
Trd, 4318336.143, 100
Trd, 4318337.243, 99
Trd, 4318340.443, 99
Trd, 4318343.593, 99
Trd, 4318344.943, 99
Trd, 4318345.593, 98
Trd, 4318347.093, 99
Trd, 4318347.193, 99
Trd, 4318348.393, 99
Trd, 4318349.493, 99
Trd, 4318350.293, 100
Trd, 4318353.493, 98
Trd, 4318354.343, 97
Trd, 4318356.293, 97
Trd, 4318358.143, 96
Trd, 4318360.193, 96
Trd, 4318360.843, 97
Trd, 4318362.243, 96
Trd, 4318362.943, 95
Trd, 4318366.193, 95
Trd, 4318368.493, 93
Trd, 4318370.443, 95
Trd, 4318374.193, 94
Trd, 4318374.443, 95
Trd, 4318376.193, 94
Trd, 4318377.293, 93
Trd, 4318377.443, 94
Trd, 4318381.143, 95
Trd, 4318381.793, 93
Trd, 4318381.943, 94
Trd, 4318386.093, 92
Trd, 4318386.493, 93
Trd, 4318386.843, 92
Trd, 4318388.243, 93
Trd, 4318388.993, 93
Trd, 4318389.493, 93
Trd, 4318389.843, 95
Trd, 4318392.143, 95
Trd, 4318393.393, 95
Trd, 4318393.493, 94
Trd, 4318395.443, 95
Trd, 4318397.343, 92
Trd, 4318398.343, 89
Trd, 4318399.143, 90
Trd, 4318400.793, 84
Trd, 4318402.443, 85
Trd, 4318403.343, 86
Trd, 4318405.093, 89
Trd, 4318405.243, 89
Trd, 4318405.593, 95
Trd, 4318408.743, 99
Trd, 4318409.043, 98
Trd, 4318411.243, 102
Trd, 4318411.643, 100
Trd, 4318411.743, 98
Trd, 4318413.743, 98
Trd, 4318417.143, 103
Trd, 4318417.793, 102
Trd, 4318419.193, 101
Trd, 4318419.643, 100
Trd, 4318421.743, 99
Trd, 4318424.743, 101
Trd, 4318426.243, 99
Trd, 4318428.393, 98
Trd, 4318428.993, 97
Trd, 4318429.693, 96
Trd, 4318433.243, 98
Trd, 4318434.443, 97
Trd, 4318435.343, 98
Trd, 4318436.593, 96
Trd, 4318437.143, 96
Trd, 4318438.993, 95
Trd, 4318442.943, 95
Trd, 4318443.043, 94
Trd, 4318444.293, 94
Trd, 4318444.543, 95
Trd, 4318446.343, 95
Trd, 4318449.243, 95
Trd, 4318449.693, 95
Trd, 4318452.393, 96
Trd, 4318453.443, 95
Trd, 4318459.043, 95
Trd, 4318459.243, 94
Trd, 4318460.393, 95
Trd, 4318461.443, 95
Trd, 4318461.793, 95
Trd, 4318464.993, 95
Trd, 4318467.043, 95
Trd, 4318467.543, 95
Trd, 4318468.093, 94
Trd, 4318470.893, 94
Trd, 4318471.193, 93
Trd, 4318473.143, 93
Trd, 4318475.143, 93
Trd, 4318475.543, 94
Trd, 4318475.943, 95
Trd, 4318477.643, 94
Trd, 4318478.243, 96
Trd, 4318478.743, 95
Trd, 4318482.543, 83
Trd, 4318483.693, 86
Trd, 4318486.643, 83
Trd, 4318486.793, 95
Trd, 4318488.343, 89
Trd, 4318489.493, 95
Trd, 4318489.943, 93
Trd, 4318490.843, 91
Trd, 4318492.343, 91
Trd, 4318493.643, 90
Trd, 4318495.693, 90
Trd, 4318495.793, 80
Trd, 4318496.543, 89
Trd, 4318498.343, 91
Trd, 4318499.093, 95
Trd, 4318500.193, 93
Trd, 4318503.493, 93
Trd, 4318504.143, 92
Trd, 4318506.243, 92
Trd, 4318507.193, 92
Trd, 4318509.643, 93
Trd, 4318510.343, 93
Trd, 4318510.443, 90
Trd, 4318514.493, 94
Trd, 4318516.293, 93
Trd, 4318516.343, 92
Trd, 4318517.243, 93
Trd, 4318519.443, 94
Trd, 4318523.293, 89
Trd, 4318523.843, 93
Trd, 4318525.043, 93
Trd, 4318525.593, 95
Trd, 4318527.143, 94
Trd, 4318528.243, 93
Trd, 4318531.093, 96
Trd, 4318532.893, 94
Trd, 4318533.943, 94
Trd, 4318534.243, 94
Trd, 4318535.943, 95
Trd, 4318536.493, 95
Trd, 4318536.943, 95
Trd, 4318537.443, 95
Trd, 4318539.543, 104
Trd, 4318540.343, 102
Trd, 4318541.243, 101
Trd, 4318542.843, 101
Trd, 4318543.243, 100
Trd, 4318544.693, 100
Trd, 4318547.593, 99
Trd, 4318550.693, 100
Trd, 4318551.993, 100
Trd, 4318553.393, 99
Trd, 4318554.193, 100
Trd, 4318555.943, 98
Trd, 4318556.193, 98
Trd, 4318560.243, 99
Trd, 4318561.543, 99
Trd, 4318564.893, 99
Trd, 4318566.243, 98
Trd, 4318567.193, 99
Trd, 4318571.893, 96
Trd, 4318572.043, 96
Trd, 4318573.093, 95
Trd, 4318573.693, 96
Trd, 4318573.793, 95
Trd, 4318577.093, 95
Trd, 4318577.543, 95
Trd, 4318580.193, 94
Trd, 4318580.493, 95
Trd, 4318580.593, 95
Trd, 4318581.643, 93
Trd, 4318582.193, 96
Trd, 4318587.343, 98
Trd, 4318587.893, 98
Trd, 4318588.093, 98
Trd, 4318589.143, 97
Trd, 4318590.893, 96
Trd, 4318591.043, 95
Trd, 4318595.443, 96
Trd, 4318595.593, 95
Trd, 4318595.693, 95
Trd, 4318598.243, 96
Trd, 4318600.593, 96
Trd, 4318601.393, 95
Trd, 4318601.893, 95
Trd, 4318602.193, 94
Trd, 4318603.193, 96
Trd, 4318606.693, 95
Trd, 4318607.543, 95
Trd, 4318611.943, 95
Trd, 4318614.943, 95
Trd, 4318616.193, 94
Trd, 4318616.293, 97
Trd, 4318620.243, 96
Trd, 4318622.293, 96
Trd, 4318626.393, 96
Trd, 4318627.043, 94
Trd, 4318628.393, 95
Trd, 4318630.943, 94
Trd, 4318632.893, 93
Trd, 4318633.493, 94
Trd, 4318633.743, 94
Trd, 4318635.293, 92
Trd, 4318637.643, 94
Trd, 4318637.743, 94
Trd, 4318639.243, 95
Trd, 4318639.943, 96
Trd, 4318640.893, 95
Trd, 4318641.893, 95
Trd, 4318643.293, 95
Trd, 4318645.343, 94
Trd, 4318646.343, 95
Trd, 4318647.593, 95
Trd, 4318650.193, 95
Trd, 4318652.393, 94
Trd, 4318653.443, 95
Trd, 4318654.943, 95
Trd, 4318658.293, 95
Trd, 4318658.493, 95
Trd, 4318658.643, 103
Trd, 4318661.493, 97
Trd, 4318664.693, 97
Trd, 4318665.593, 98
Trd, 4318665.793, 97
Trd, 4318667.793, 96
Trd, 4318670.893, 96
Trd, 4318671.293, 95
Trd, 4318674.043, 90
Trd, 4318674.793, 87
Trd, 4318675.343, 87
Trd, 4318675.993, 91
Trd, 4318676.143, 90
Trd, 4318680.293, 90
Trd, 4318681.543, 89
Trd, 4318682.743, 90
Trd, 4318683.293, 90
Trd, 4318686.243, 91
Trd, 4318686.343, 92
Trd, 4318687.643, 103
Trd, 4318692.143, 89
Trd, 4318693.043, 95
Trd, 4318696.543, 96
Trd, 4318696.843, 96
Trd, 4318697.093, 96
Trd, 4318698.093, 103
Trd, 4318699.693, 96
Trd, 4318699.843, 96
Trd, 4318699.893, 95
Trd, 4318700.393, 95
Trd, 4318700.693, 107
Trd, 4318702.443, 102
Trd, 4318703.593, 97
Trd, 4318703.743, 99
Trd, 4318704.893, 99
Trd, 4318707.343, 95
Trd, 4318710.443, 97
Trd, 4318711.793, 96
Trd, 4318714.043, 96
Trd, 4318715.393, 95
Trd, 4318715.543, 96
Trd, 4318716.293, 96
Trd, 4318717.643, 95
Trd, 4318719.443, 97
Trd, 4318719.693, 97
Trd, 4318720.343, 96
Trd, 4318725.143, 102
Trd, 4318726.243, 97
Trd, 4318727.193, 97
Trd, 4318728.093, 97
Trd, 4318728.143, 96
Trd, 4318728.693, 96
Trd, 4318729.943, 113
Trd, 4318733.843, 98
Trd, 4318734.343, 98
Trd, 4318734.743, 97
Trd, 4318738.693, 96
Trd, 4318739.093, 95
Trd, 4318739.893, 95
Trd, 4318742.493, 96
Trd, 4318744.843, 95
Trd, 4318745.793, 96
Trd, 4318746.443, 95
Trd, 4318750.293, 97
Trd, 4318751.643, 96
Trd, 4318751.943, 97
Trd, 4318752.593, 96
Trd, 4318755.843, 96
Trd, 4318756.243, 95
Trd, 4318756.643, 95
Trd, 4318756.743, 96
Trd, 4318756.893, 95
Trd, 4318758.993, 102
Trd, 4318762.593, 98
Trd, 4318762.843, 98
Trd, 4318762.893, 99
Trd, 4318765.043, 100
Trd, 4318768.443, 98
Trd, 4318771.193, 98
Trd, 4318771.993, 98
Trd, 4318772.943, 98
Trd, 4318774.193, 97
Trd, 4318775.743, 97
Trd, 4318778.443, 97
Trd, 4318778.693, 97
Trd, 4318779.643, 96
Trd, 4318781.193, 95
Trd, 4318781.243, 98
Trd, 4318783.843, 97
Trd, 4318787.443, 98
Trd, 4318789.943, 97
Trd, 4318790.043, 98
Trd, 4318791.093, 96
Trd, 4318792.843, 96
Trd, 4318793.393, 95
Trd, 4318794.793, 95
Trd, 4318797.393, 95
Trd, 4318801.443, 94
Trd, 4318802.443, 94
Trd, 4318802.543, 95
Trd, 4318803.343, 96
Trd, 4318806.993, 95
Trd, 4318807.943, 94
Trd, 4318809.843, 94
Trd, 4318814.093, 94
Trd, 4318814.793, 93
Trd, 4318815.393, 93
Trd, 4318817.293, 94
Trd, 4318818.143, 94
Trd, 4318820.093, 94
Trd, 4318821.893, 99
Trd, 4318822.193, 96
Trd, 4318822.743, 98
Trd, 4318825.243, 98
Trd, 4318826.493, 97
Trd, 4318829.543, 97
Trd, 4318829.893, 96
Trd, 4318830.893, 95
Trd, 4318832.793, 98
Trd, 4318834.193, 94
Trd, 4318837.593, 95
Trd, 4318840.043, 96
Trd, 4318840.093, 96
Trd, 4318841.093, 96
Trd, 4318845.393, 98
Trd, 4318845.693, 98
Trd, 4318847.293, 97
Trd, 4318849.893, 98
Trd, 4318852.893, 99
Trd, 4318853.143, 99
Trd, 4318853.793, 98
Trd, 4318858.993, 98
Trd, 4318860.143, 99
Trd, 4318862.493, 98
Trd, 4318864.093, 98
Trd, 4318867.443, 98
Trd, 4318868.943, 97
Trd, 4318869.193, 96
Trd, 4318870.143, 97
Trd, 4318872.643, 97
Trd, 4318873.293, 95
Trd, 4318878.143, 97
Trd, 4318878.593, 95
Trd, 4318878.893, 96
Trd, 4318880.343, 95
Trd, 4318880.693, 95
Trd, 4318886.143, 95
Trd, 4318889.493, 95
Trd, 4318889.543, 93
Trd, 4318889.993, 95
Trd, 4318891.843, 95
Trd, 4318893.393, 96
Trd, 4318897.143, 95
Trd, 4318897.993, 93
Trd, 4318899.043, 94
Trd, 4318901.593, 92
Trd, 4318902.093, 95
Trd, 4318904.693, 95
Trd, 4318905.143, 96
Trd, 4318905.993, 96
Trd, 4318907.443, 95
Trd, 4318909.343, 95
Trd, 4318914.793, 95
Trd, 4318915.043, 96
Trd, 4318917.293, 95
Trd, 4318917.793, 96
Trd, 4318919.743, 95
Trd, 4318922.243, 96
Trd, 4318923.343, 97
Trd, 4318923.943, 101
Trd, 4318926.043, 96
Trd, 4318926.343, 96
Trd, 4318929.743, 96
Trd, 4318931.193, 96
Trd, 4318932.643, 95
Trd, 4318935.993, 96
Trd, 4318936.143, 95
Trd, 4318937.943, 95
Trd, 4318938.143, 104
Trd, 4318938.393, 96
Trd, 4318942.693, 97
Trd, 4318943.243, 95
Trd, 4318944.693, 94
Trd, 4318948.493, 96
Trd, 4318950.343, 95
Trd, 4318950.893, 94
Trd, 4318951.243, 95
Trd, 4318951.393, 96
Trd, 4318953.743, 94
Trd, 4318956.143, 95
Trd, 4318957.643, 95
Trd, 4318957.843, 95
Trd, 4318959.193, 94
Trd, 4318960.643, 94
Trd, 4318963.993, 95
Trd, 4318964.343, 95
Trd, 4318965.943, 95
Trd, 4318966.493, 96
Trd, 4318969.993, 96
Trd, 4318971.393, 95
Trd, 4318973.243, 95
Trd, 4318975.843, 96
Trd, 4318978.243, 96
Trd, 4318979.693, 96
Trd, 4318980.493, 96
Trd, 4318981.393, 96
Trd, 4318982.593, 95
Trd, 4318982.943, 95
Trd, 4318985.543, 96
Trd, 4318985.593, 95
Trd, 4318986.443, 96
Trd, 4318988.043, 96
Trd, 4318988.943, 95
Trd, 4318989.843, 94
Trd, 4318991.193, 95
Trd, 4318993.793, 96
Trd, 4318994.743, 95
Trd, 4318995.593, 95
Trd, 4318997.293, 96
Trd, 4318999.693, 96
Trd, 4319002.443, 95
Trd, 4319002.943, 94
Trd, 4319003.193, 95
Trd, 4319004.493, 93
Trd, 4319007.843, 94
Trd, 4319010.443, 95
Trd, 4319013.043, 95
Trd, 4319013.393, 95
Trd, 4319014.243, 95
Trd, 4319014.843, 95
Trd, 4319018.143, 95
Trd, 4319020.293, 95
Trd, 4319020.743, 95
Trd, 4319021.643, 94
Trd, 4319022.943, 95
Trd, 4319024.193, 95
Trd, 4319027.243, 94
Trd, 4319027.443, 95
Trd, 4319029.143, 94
Trd, 4319029.193, 96
Trd, 4319032.993, 95
Trd, 4319033.743, 95
Trd, 4319034.343, 95
Trd, 4319035.493, 95
Trd, 4319036.343, 104
Trd, 4319036.393, 94
Trd, 4319039.643, 92
Trd, 4319042.143, 95
Trd, 4319042.693, 95
Trd, 4319042.843, 92
Trd, 4319044.043, 95
Trd, 4319045.393, 94
Trd, 4319046.343, 95
Trd, 4319048.443, 96
Trd, 4319048.893, 95
Trd, 4319050.193, 95
Trd, 4319052.193, 100
Trd, 4319053.193, 97
Trd, 4319054.193, 97
Trd, 4319057.193, 97
Trd, 4319057.443, 97
Trd, 4319058.543, 97
Trd, 4319058.593, 103
Trd, 4319061.143, 96
Trd, 4319064.343, 96
Trd, 4319064.893, 95
Trd, 4319064.993, 99
Trd, 4319068.593, 97
Trd, 4319070.493, 97
Trd, 4319072.743, 96
Trd, 4319073.893, 96
Trd, 4319074.393, 95
Trd, 4319075.493, 95
Trd, 4319075.643, 94
Trd, 4319076.693, 94
Trd, 4319077.343, 94
Trd, 4319079.743, 94
Trd, 4319079.843, 93
Trd, 4319080.843, 95
Trd, 4319083.493, 95
Trd, 4319084.193, 95
Trd, 4319085.793, 95
Trd, 4319088.143, 95
Trd, 4319091.243, 95
Trd, 4319091.543, 95
Trd, 4319092.743, 91
Trd, 4319093.643, 102
Trd, 4319095.493, 98
Trd, 4319096.293, 95
Trd, 4319101.193, 98
Trd, 4319103.193, 95
Trd, 4319103.993, 96
Trd, 4319104.693, 97
Trd, 4319106.043, 96
Trd, 4319106.693, 104
Trd, 4319109.943, 95
Trd, 4319111.093, 98
Trd, 4319111.893, 96
Trd, 4319113.343, 98
Trd, 4319117.743, 97
Trd, 4319117.793, 96
Trd, 4319119.943, 103
Trd, 4319122.493, 97
Trd, 4319123.243, 97
Trd, 4319125.143, 97
Trd, 4319125.643, 96
Trd, 4319129.493, 95
Trd, 4319129.543, 95
Trd, 4319131.343, 95
Trd, 4319132.043, 96
Trd, 4319134.743, 96
Trd, 4319136.443, 98
Trd, 4319137.193, 99
Trd, 4319137.743, 117
Trd, 4319139.843, 101
Trd, 4319140.893, 100
Trd, 4319142.843, 100
Trd, 4319143.493, 95
Trd, 4319148.443, 99
Trd, 4319151.943, 98
Trd, 4319153.193, 98
Trd, 4319153.443, 97
Trd, 4319154.093, 97
Trd, 4319154.793, 96
Trd, 4319157.043, 95
Trd, 4319157.393, 96
Trd, 4319157.493, 95
Trd, 4319160.143, 94
Trd, 4319162.193, 96
Trd, 4319162.293, 95
Trd, 4319164.143, 95
Trd, 4319164.743, 95
Trd, 4319165.143, 95
Trd, 4319165.243, 96
Trd, 4319168.793, 95
Trd, 4319169.143, 95
Trd, 4319169.343, 95
Trd, 4319169.543, 94
Trd, 4319170.043, 77
Trd, 4319171.143, 95
Trd, 4319174.193, 96
Trd, 4319175.693, 95
Trd, 4319177.843, 94
Trd, 4319180.693, 96
Trd, 4319180.993, 96
Trd, 4319183.693, 95
Trd, 4319184.493, 95
Trd, 4319186.293, 95
Trd, 4319186.343, 94
Trd, 4319189.793, 95
Trd, 4319190.143, 94
Trd, 4319190.593, 95
Trd, 4319192.843, 95
Trd, 4319193.243, 96
Trd, 4319195.143, 97
Trd, 4319196.943, 97
Trd, 4319197.743, 97
Trd, 4319198.293, 96
Trd, 4319199.543, 98
Trd, 4319201.043, 97
Trd, 4319203.493, 96
Trd, 4319204.293, 95
Trd, 4319204.593, 96
Trd, 4319205.293, 94
Trd, 4319206.943, 92
Trd, 4319207.243, 92
Trd, 4319208.243, 91
Trd, 4319209.993, 91
Trd, 4319210.743, 70
Trd, 4319210.893, 83
Trd, 4319214.293, 101
Trd, 4319215.493, 95
Trd, 4319217.693, 95
Trd, 4319217.893, 95
Trd, 4319220.593, 102
Trd, 4319222.393, 100
Trd, 4319223.393, 99
Trd, 4319224.393, 98
Trd, 4319227.343, 97
Trd, 4319227.393, 98
Trd, 4319227.893, 97
Trd, 4319230.443, 96
Trd, 4319231.193, 98
Trd, 4319236.343, 96
Trd, 4319236.393, 97
Trd, 4319238.993, 95
Trd, 4319239.293, 96
Trd, 4319240.593, 95
Trd, 4319242.443, 97
Trd, 4319243.343, 97
Trd, 4319244.843, 97
Trd, 4319245.393, 96
Trd, 4319248.043, 95
Trd, 4319249.143, 96
Trd, 4319253.143, 95
Trd, 4319253.193, 95
Trd, 4319253.593, 97
Trd, 4319254.343, 96
Trd, 4319255.343, 96
Trd, 4319257.143, 97
Trd, 4319259.143, 95
Trd, 4319259.993, 96
Trd, 4319262.693, 95
Trd, 4319265.693, 94
Trd, 4319268.043, 95
Trd, 4319268.493, 94
Trd, 4319269.893, 95
Trd, 4319270.543, 94
Trd, 4319273.393, 100
Trd, 4319273.693, 99
Trd, 4319275.343, 99
Trd, 4319277.543, 101
Trd, 4319279.343, 100
Trd, 4319279.993, 99
Trd, 4319282.793, 103
Trd, 4319283.393, 104
Trd, 4319284.143, 102
Trd, 4319284.293, 95
Trd, 4319285.443, 100
Trd, 4319285.593, 98
Trd, 4319286.243, 101
Trd, 4319286.843, 100
Trd, 4319287.743, 100
Trd, 4319289.393, 98
Trd, 4319289.793, 98
Trd, 4319291.743, 98
Trd, 4319294.093, 97
Trd, 4319295.043, 99
Trd, 4319295.193, 97
Trd, 4319297.793, 98
Trd, 4319298.743, 97
Trd, 4319300.543, 96
Trd, 4319303.093, 97
Trd, 4319304.893, 97
Trd, 4319306.443, 96
Trd, 4319307.543, 95
Trd, 4319311.093, 98
Trd, 4319311.393, 104
Trd, 4319316.843, 96
Trd, 4319317.093, 98
Trd, 4319317.243, 97
Trd, 4319318.993, 97
Trd, 4319320.643, 96
Trd, 4319321.943, 95
Trd, 4319322.793, 97
Trd, 4319324.643, 96
Trd, 4319325.143, 96
Trd, 4319326.493, 95
Trd, 4319330.843, 96
Trd, 4319331.893, 95
Trd, 4319332.193, 95
Trd, 4319332.343, 95
Trd, 4319333.843, 94
Trd, 4319334.393, 95
Trd, 4319337.393, 103
Trd, 4319338.193, 102
Trd, 4319339.243, 102
Trd, 4319341.093, 101
Trd, 4319341.193, 100
Trd, 4319344.743, 98
Trd, 4319345.193, 99
Trd, 4319346.993, 99
Trd, 4319347.543, 99
Trd, 4319347.743, 95
Trd, 4319350.243, 98
Trd, 4319350.593, 96
Trd, 4319352.443, 95
Trd, 4319354.243, 95
Trd, 4319354.543, 95
Trd, 4319357.993, 96
Trd, 4319358.493, 94
Trd, 4319359.443, 95
Trd, 4319360.093, 96
Trd, 4319360.843, 95
Trd, 4319360.893, 104
Trd, 4319364.793, 95
Trd, 4319365.993, 95
Trd, 4319366.543, 96
Trd, 4319366.643, 95
Trd, 4319370.143, 96
Trd, 4319370.493, 95
Trd, 4319372.293, 94
Trd, 4319373.693, 96
Trd, 4319375.043, 96
Trd, 4319376.693, 96
Trd, 4319377.843, 104
Trd, 4319378.393, 95
Trd, 4319380.193, 103
Trd, 4319380.793, 104
Trd, 4319383.093, 103
Trd, 4319383.543, 104
Trd, 4319384.093, 84
Trd, 4319384.443, 106
Trd, 4319386.043, 91
Trd, 4319386.993, 97
Trd, 4319387.393, 98
Trd, 4319390.293, 96
Trd, 4319392.293, 95
Trd, 4319393.093, 96
Trd, 4319396.643, 95
Trd, 4319398.393, 95
Trd, 4319400.193, 95
Trd, 4319403.293, 95
Trd, 4319403.843, 95
Trd, 4319405.893, 95
Trd, 4319407.993, 95
Trd, 4319408.443, 95
Trd, 4319410.643, 96
Trd, 4319411.393, 94
Trd, 4319412.593, 95
Trd, 4319416.693, 95
Trd, 4319417.243, 94
Trd, 4319418.443, 94
Trd, 4319421.693, 95
Trd, 4319423.943, 95
Trd, 4319424.893, 94
Trd, 4319426.243, 93
Trd, 4319426.643, 92
Trd, 4319426.793, 93
Trd, 4319427.993, 95
Trd, 4319430.293, 94
Trd, 4319432.693, 94
Trd, 4319433.943, 94
Trd, 4319434.993, 94
Trd, 4319436.343, 94
Trd, 4319436.543, 93
Trd, 4319438.943, 93
Trd, 4319439.293, 94
Trd, 4319439.743, 94
Trd, 4319441.543, 95
Trd, 4319443.443, 95
Trd, 4319444.093, 94
Trd, 4319446.343, 95
Trd, 4319448.093, 93
Trd, 4319449.393, 95
Trd, 4319451.643, 94
Trd, 4319452.293, 93
Trd, 4319453.943, 98
Trd, 4319454.543, 104
Trd, 4319454.793, 100
Trd, 4319458.643, 110
Trd, 4319459.343, 110
Trd, 4319460.043, 109
Trd, 4319463.343, 103
Trd, 4319464.493, 104
Trd, 4319465.243, 104
Trd, 4319466.093, 102
Trd, 4319466.493, 102
Trd, 4319468.193, 98
Trd, 4319469.693, 100
Trd, 4319471.893, 100
Trd, 4319473.243, 99
Trd, 4319474.643, 97
Trd, 4319475.093, 99
Trd, 4319476.393, 101
Trd, 4319476.993, 100
Trd, 4319479.293, 99
Trd, 4319483.843, 100
Trd, 4319485.443, 98
Trd, 4319488.843, 99
Trd, 4319489.593, 98
Trd, 4319491.993, 98
Trd, 4319492.993, 97
Trd, 4319497.443, 97
Trd, 4319498.043, 97
Trd, 4319498.843, 96
Trd, 4319502.793, 94
Trd, 4319503.243, 96
Trd, 4319504.893, 95
Trd, 4319508.893, 95
Trd, 4319509.293, 96
Trd, 4319511.693, 95
Trd, 4319512.893, 95
Trd, 4319513.443, 77
Trd, 4319515.243, 95
Trd, 4319517.593, 95
Trd, 4319517.693, 94
Trd, 4319518.993, 95
Trd, 4319519.643, 95
Trd, 4319519.843, 94
Trd, 4319521.393, 95
Trd, 4319523.393, 106
Trd, 4319523.893, 107
Trd, 4319524.643, 105
Trd, 4319526.043, 106
Trd, 4319527.493, 106
Trd, 4319530.393, 102
Trd, 4319531.843, 102
Trd, 4319532.643, 101
Trd, 4319533.543, 101
Trd, 4319534.493, 77
Trd, 4319537.693, 97
Trd, 4319539.993, 102
Trd, 4319541.693, 100
Trd, 4319544.443, 100
Trd, 4319546.543, 99
Trd, 4319547.843, 99
Trd, 4319549.643, 98
Trd, 4319549.793, 98
Trd, 4319552.043, 98
Trd, 4319554.693, 98
Trd, 4319555.893, 95
Trd, 4319556.893, 89
Trd, 4319557.843, 91
Trd, 4319557.993, 95
Trd, 4319558.943, 94
Trd, 4319560.493, 104
Trd, 4319562.843, 95
Trd, 4319563.943, 96
Trd, 4319564.993, 95
Trd, 4319565.843, 94
Trd, 4319566.093, 96
Trd, 4319570.443, 95
Trd, 4319570.943, 95
Trd, 4319574.293, 96
Trd, 4319575.143, 97
Trd, 4319576.093, 95
Trd, 4319576.293, 96
Trd, 4319576.643, 95
Trd, 4319577.743, 94
Trd, 4319581.143, 102
Trd, 4319581.343, 96
Trd, 4319583.193, 97
Trd, 4319584.243, 95
Trd, 4319584.393, 95
Trd, 4319585.743, 94
Trd, 4319585.943, 96
Trd, 4319587.593, 97
Trd, 4319588.843, 99
Trd, 4319591.743, 97
Trd, 4319592.493, 96
Trd, 4319594.793, 99
Trd, 4319594.843, 96
Trd, 4319596.393, 96
Trd, 4319596.593, 95
Trd, 4319598.043, 95
Trd, 4319600.393, 95
Trd, 4319601.893, 95
Trd, 4319605.643, 95
Trd, 4319608.843, 95
Trd, 4319610.093, 94
Trd, 4319610.243, 95
Trd, 4319611.943, 93
Trd, 4319612.643, 95
Trd, 4319615.793, 95
Trd, 4319616.593, 96
Trd, 4319619.193, 95
Trd, 4319621.493, 94
Trd, 4319622.643, 96
Trd, 4319624.593, 95
Trd, 4319624.893, 95
Trd, 4319627.443, 95
Trd, 4319630.343, 93
Trd, 4319630.543, 95
Trd, 4319631.193, 89
Trd, 4319631.593, 90
Trd, 4319631.843, 90
Trd, 4319633.493, 90
Trd, 4319635.693, 99
Trd, 4319636.543, 95
Trd, 4319637.543, 98
Trd, 4319638.343, 97
Trd, 4319639.343, 97
Trd, 4319641.393, 96
Trd, 4319643.193, 99
Trd, 4319643.793, 98
Trd, 4319643.993, 104
Trd, 4319646.893, 98
Trd, 4319649.393, 98
Trd, 4319650.943, 99
Trd, 4319653.043, 99
Trd, 4319654.043, 97
Trd, 4319656.543, 97
Trd, 4319657.443, 96
Trd, 4319658.893, 97
Trd, 4319661.743, 96
Trd, 4319661.843, 97
Trd, 4319664.393, 95
Trd, 4319667.693, 95
Trd, 4319668.193, 95
Trd, 4319669.643, 96
Trd, 4319669.793, 95
Trd, 4319672.193, 95
Trd, 4319675.243, 96
Trd, 4319677.393, 96
Trd, 4319678.293, 96
Trd, 4319678.893, 95
Trd, 4319680.093, 95
Trd, 4319682.243, 94
Trd, 4319685.943, 95
Trd, 4319688.343, 95
Trd, 4319688.793, 94
Trd, 4319690.093, 94
Trd, 4319690.343, 93
Trd, 4319693.093, 92
Trd, 4319693.643, 94
Trd, 4319694.793, 94
Trd, 4319696.543, 94
Trd, 4319699.943, 93
Trd, 4319699.993, 92
Trd, 4319700.443, 92
Trd, 4319702.443, 92
Trd, 4319703.693, 95
Trd, 4319704.543, 94
Trd, 4319705.493, 95
Trd, 4319707.143, 100
Trd, 4319708.293, 99
Trd, 4319710.293, 97
Trd, 4319711.393, 98
Trd, 4319712.193, 98
Trd, 4319714.993, 98
Trd, 4319715.643, 98
Trd, 4319718.543, 88
Trd, 4319718.743, 89
Trd, 4319719.393, 94
Trd, 4319721.093, 103
Trd, 4319722.043, 89
Trd, 4319722.343, 116
Trd, 4319723.993, 101
Trd, 4319725.343, 100
Trd, 4319726.243, 99
Trd, 4319727.993, 99
Trd, 4319728.493, 98
Trd, 4319731.543, 99
Trd, 4319732.793, 98
Trd, 4319734.393, 98
Trd, 4319734.743, 97
Trd, 4319735.643, 96
Trd, 4319739.993, 97
Trd, 4319740.043, 96
Trd, 4319741.443, 97
Trd, 4319742.893, 97
Trd, 4319744.893, 96
Trd, 4319747.393, 95
Trd, 4319747.543, 95
Trd, 4319748.043, 94
Trd, 4319748.743, 95
Trd, 4319749.343, 94
Trd, 4319751.093, 104
Trd, 4319753.043, 98
Trd, 4319754.093, 98
Trd, 4319754.843, 98
Trd, 4319755.243, 98
Trd, 4319755.593, 104
Trd, 4319756.143, 98
Trd, 4319760.443, 99
Trd, 4319761.043, 98
Trd, 4319761.943, 99
Trd, 4319762.193, 98
Trd, 4319762.693, 101
Trd, 4319763.143, 94
Trd, 4319766.143, 99
Trd, 4319766.993, 98
Trd, 4319767.243, 96
Trd, 4319769.743, 99
Trd, 4319772.043, 98
Trd, 4319772.143, 97
Trd, 4319772.843, 97
Trd, 4319774.293, 97
Trd, 4319776.843, 96
Trd, 4319778.793, 97
Trd, 4319780.793, 98
Trd, 4319781.993, 97
Trd, 4319784.943, 98
Trd, 4319786.693, 97
Trd, 4319788.193, 98
Trd, 4319790.893, 97
Trd, 4319792.143, 97
Trd, 4319794.793, 98
Trd, 4319795.093, 95
Trd, 4319797.293, 95
Trd, 4319799.743, 95
Trd, 4319801.243, 97
Trd, 4319802.143, 96
Trd, 4319804.193, 95
Trd, 4319804.393, 95
Trd, 4319805.543, 95
Trd, 4319805.593, 95
Trd, 4319807.793, 96
Trd, 4319810.043, 94
Trd, 4319812.843, 94
Trd, 4319815.493, 95
Trd, 4319816.493, 94
Trd, 4319817.043, 94
Trd, 4319818.493, 94
Trd, 4319819.293, 95
Trd, 4319821.993, 94
Trd, 4319822.093, 94
Trd, 4319824.943, 94
Trd, 4319825.593, 93
Trd, 4319825.843, 94
Trd, 4319829.043, 94
Trd, 4319830.043, 94
Trd, 4319831.293, 95
Trd, 4319834.343, 93
Trd, 4319834.743, 95
Trd, 4319836.893, 95
Trd, 4319836.943, 95
Trd, 4319838.393, 94
Trd, 4319839.993, 95
Trd, 4319841.843, 95
Trd, 4319843.693, 95
Trd, 4319845.593, 95
Trd, 4319845.943, 94
Trd, 4319851.393, 95
Trd, 4319852.543, 94
Trd, 4319852.643, 93
Trd, 4319854.643, 92
Trd, 4319856.843, 95
Trd, 4319856.893, 94
Trd, 4319861.343, 95
Trd, 4319861.793, 95
Trd, 4319862.093, 94
Trd, 4319863.593, 95
Trd, 4319866.643, 95
Trd, 4319867.693, 95
Trd, 4319867.843, 94
Trd, 4319869.843, 95
Trd, 4319871.243, 95
Trd, 4319872.243, 95
Trd, 4319872.543, 96
Trd, 4319872.943, 97
Trd, 4319875.843, 97
Trd, 4319876.743, 97
Trd, 4319877.143, 96
Trd, 4319877.493, 96
Trd, 4319878.343, 95
Trd, 4319879.393, 96
Trd, 4319882.893, 113
Trd, 4319883.793, 102
Trd, 4319883.993, 103
Trd, 4319884.893, 102
Trd, 4319885.143, 101
Trd, 4319887.793, 101
Trd, 4319889.693, 101
Trd, 4319891.493, 102
Trd, 4319891.643, 115
Trd, 4319891.793, 106
Trd, 4319894.643, 104
Trd, 4319896.593, 104
Trd, 4319899.343, 103
Trd, 4319899.843, 103
Trd, 4319900.243, 104
Trd, 4319902.793, 104
Trd, 4319903.293, 103
Trd, 4319905.543, 103
Trd, 4319905.793, 104
Trd, 4319906.443, 102
Trd, 4319907.693, 102
Trd, 4319910.143, 103
Trd, 4319911.443, 103
Trd, 4319912.643, 102
Trd, 4319913.743, 101
Trd, 4319914.443, 100
Trd, 4319914.693, 102
Trd, 4319915.593, 99
Trd, 4319919.543, 100
Trd, 4319919.593, 100
Trd, 4319919.693, 99
Trd, 4319921.693, 99
Trd, 4319923.993, 99
Trd, 4319924.143, 98
Trd, 4319925.443, 97
Trd, 4319929.143, 98
Trd, 4319929.343, 97
Trd, 4319930.993, 97
Trd, 4319931.893, 93
Trd, 4319932.443, 92
Trd, 4319932.943, 93
Trd, 4319936.993, 100
Trd, 4319937.143, 98
Trd, 4319938.043, 97
Trd, 4319939.843, 96
Trd, 4319940.693, 96
Trd, 4319941.543, 96
Trd, 4319941.743, 95
Trd, 4319942.343, 94
Trd, 4319944.643, 86
Trd, 4319945.093, 95
Trd, 4319947.593, 90
Trd, 4319948.293, 91
Trd, 4319949.943, 90
Trd, 4319950.193, 89
Trd, 4319952.493, 90
Trd, 4319954.443, 91
Trd, 4319955.143, 92
Trd, 4319955.843, 90
Trd, 4319956.593, 91
Trd, 4319958.093, 95
Trd, 4319958.643, 89
Trd, 4319961.343, 93
Trd, 4319964.343, 93
Trd, 4319966.593, 90
Trd, 4319967.093, 93
Trd, 4319970.593, 93
Trd, 4319972.593, 93
Trd, 4319973.193, 93
Trd, 4319973.693, 92
Trd, 4319975.443, 95
Trd, 4319975.643, 94
Trd, 4319981.143, 94
Trd, 4319981.843, 94
Trd, 4319983.143, 95
Trd, 4319985.543, 101
Trd, 4319986.993, 96
Trd, 4319989.593, 98
Trd, 4319989.743, 97
Trd, 4319992.393, 97
Trd, 4319992.943, 97
Trd, 4319993.443, 97
Trd, 4319995.843, 97
Trd, 4319998.043, 96
Trd, 4319998.443, 97
