Trd, 4317830.893, 108
Trd, 4317831.843, 111
Trd, 4317831.893, 110
Trd, 4317833.293, 107
Trd, 4317834.293, 112
Trd, 4317835.843, 104
Trd, 4317836.243, 106
Trd, 4317838.843, 104
Trd, 4317838.943, 95
Trd, 4317842.143, 104
Trd, 4317842.593, 103
Trd, 4317843.493, 101
Trd, 4317843.893, 104
Trd, 4317843.993, 102
Trd, 4317847.543, 104
Trd, 4317849.093, 104
Trd, 4317849.143, 106
Trd, 4317849.943, 102
Trd, 4317854.193, 104
Trd, 4317854.793, 102
Trd, 4317855.543, 101
Trd, 4317857.343, 100
Trd, 4317857.793, 107
Trd, 4317859.043, 102
Trd, 4317859.843, 102
Trd, 4317860.893, 103
Trd, 4317861.193, 101
Trd, 4317862.993, 103
Trd, 4317864.743, 108
Trd, 4317866.393, 105
Trd, 4317866.843, 105
Trd, 4317868.643, 103
Trd, 4317868.993, 102
Trd, 4317872.793, 105
Trd, 4317873.493, 104
Trd, 4317873.843, 103
Trd, 4317875.843, 102
Trd, 4317877.493, 104
Trd, 4317879.243, 102
Trd, 4317880.143, 104
Trd, 4317882.243, 103
Trd, 4317883.393, 103
Trd, 4317886.093, 103
Trd, 4317886.343, 102
Trd, 4317888.243, 104
Trd, 4317889.643, 104
Trd, 4317895.393, 104
Trd, 4317895.843, 103
Trd, 4317896.393, 104
Trd, 4317896.443, 102
Trd, 4317899.093, 101
Trd, 4317900.843, 104
Trd, 4317904.143, 102
Trd, 4317904.493, 101
Trd, 4317906.493, 101
Trd, 4317906.543, 103
Trd, 4317906.943, 100
Trd, 4317910.343, 102
Trd, 4317913.943, 102
Trd, 4317914.993, 100
Trd, 4317915.693, 101
Trd, 4317920.143, 100
Trd, 4317922.343, 102
Trd, 4317924.993, 101
Trd, 4317926.643, 99
Trd, 4317926.843, 98
Trd, 4317930.093, 102
Trd, 4317931.743, 98
Trd, 4317933.593, 102
Trd, 4317935.643, 102
Trd, 4317936.293, 100
Trd, 4317937.493, 107
Trd, 4317938.743, 99
Trd, 4317941.193, 104
Trd, 4317944.393, 101
Trd, 4317946.143, 101
Trd, 4317949.843, 99
Trd, 4317949.943, 98
Trd, 4317950.743, 104
Trd, 4317952.593, 104
Trd, 4317954.143, 99
Trd, 4317958.043, 103
Trd, 4317959.293, 102
Trd, 4317959.393, 100
Trd, 4317959.793, 109
Trd, 4317961.643, 100
Trd, 4317963.543, 99
Trd, 4317964.593, 104
Trd, 4317969.243, 103
Trd, 4317969.593, 101
Trd, 4317971.793, 104
Trd, 4317972.493, 100
Trd, 4317973.793, 99
Trd, 4317974.343, 104
Trd, 4317977.493, 101
Trd, 4317977.643, 101
Trd, 4317980.343, 103
Trd, 4317983.243, 103
Trd, 4317984.093, 100
Trd, 4317986.043, 112
Trd, 4317986.443, 106
Trd, 4317987.093, 108
Trd, 4317988.843, 111
Trd, 4317989.293, 109
Trd, 4317990.693, 107
Trd, 4317991.393, 109
Trd, 4317994.893, 105
Trd, 4317995.993, 106
Trd, 4317997.093, 105
Trd, 4317997.293, 103
Trd, 4317998.493, 107
Trd, 4318000.393, 105
Trd, 4318000.993, 107
Trd, 4318004.443, 107
Trd, 4318004.543, 107
Trd, 4318004.943, 105
Trd, 4318006.643, 103
Trd, 4318010.443, 106
Trd, 4318011.093, 103
Trd, 4318012.443, 110
Trd, 4318013.343, 104
Trd, 4318013.793, 106
Trd, 4318015.343, 98
Trd, 4318016.493, 102
Trd, 4318017.043, 109
Trd, 4318021.293, 102
Trd, 4318021.393, 101
Trd, 4318022.143, 100
Trd, 4318022.293, 95
Trd, 4318024.043, 105
Trd, 4318027.743, 105
Trd, 4318029.493, 102
Trd, 4318029.893, 102
Trd, 4318032.243, 101
Trd, 4318035.893, 104
Trd, 4318036.443, 104
Trd, 4318038.943, 104
Trd, 4318039.843, 103
Trd, 4318042.843, 104
Trd, 4318043.793, 103
Trd, 4318046.093, 102
Trd, 4318047.143, 97
Trd, 4318047.693, 104
Trd, 4318047.893, 101
Trd, 4318049.493, 104
Trd, 4318053.393, 104
Trd, 4318055.893, 102
Trd, 4318056.643, 104
Trd, 4318056.993, 101
Trd, 4318057.793, 105
Trd, 4318060.393, 104
Trd, 4318061.943, 101
Trd, 4318061.993, 100
Trd, 4318065.843, 104
Trd, 4318066.543, 103
Trd, 4318067.893, 104
Trd, 4318068.593, 109
Trd, 4318070.443, 101
Trd, 4318072.143, 102
Trd, 4318072.793, 101
Trd, 4318074.443, 101
Trd, 4318076.793, 101
Trd, 4318078.093, 101
Trd, 4318078.393, 102
Trd, 4318080.293, 101
Trd, 4318081.793, 100
Trd, 4318083.043, 102
Trd, 4318083.443, 102
Trd, 4318086.593, 102
Trd, 4318088.243, 100
Trd, 4318088.493, 100
Trd, 4318090.843, 101
Trd, 4318092.193, 100
Trd, 4318093.843, 99
Trd, 4318096.443, 102
Trd, 4318098.043, 99
Trd, 4318098.093, 99
Trd, 4318100.043, 101
Trd, 4318102.593, 108
Trd, 4318103.343, 103
Trd, 4318104.793, 102
Trd, 4318108.893, 102
Trd, 4318109.193, 103
Trd, 4318112.243, 103
Trd, 4318113.093, 101
Trd, 4318113.343, 105
Trd, 4318116.093, 102
Trd, 4318117.593, 104
Trd, 4318118.843, 104
Trd, 4318120.193, 103
Trd, 4318121.193, 104
Trd, 4318122.743, 104
Trd, 4318123.743, 104
Trd, 4318124.343, 103
Trd, 4318125.093, 110
Trd, 4318125.243, 102
Trd, 4318127.793, 104
Trd, 4318129.543, 102
Trd, 4318129.893, 103
Trd, 4318131.443, 101
Trd, 4318132.643, 100
Trd, 4318136.393, 103
Trd, 4318136.843, 101
Trd, 4318137.243, 103
Trd, 4318138.993, 100
Trd, 4318140.443, 105
Trd, 4318140.843, 113
Trd, 4318141.193, 106
Trd, 4318141.643, 103
Trd, 4318143.493, 105
Trd, 4318145.743, 104
Trd, 4318146.393, 104
Trd, 4318147.043, 112
Trd, 4318147.193, 103
Trd, 4318149.143, 103
Trd, 4318149.243, 101
Trd, 4318152.943, 113
Trd, 4318153.243, 108
Trd, 4318154.643, 108
Trd, 4318154.693, 106
Trd, 4318155.393, 95
Trd, 4318158.793, 108
Trd, 4318159.743, 104
Trd, 4318159.793, 103
Trd, 4318164.193, 105
Trd, 4318165.543, 104
Trd, 4318168.993, 105
Trd, 4318169.243, 104
Trd, 4318170.593, 104
Trd, 4318171.543, 105
Trd, 4318172.193, 104
Trd, 4318172.493, 103
Trd, 4318174.043, 100
Trd, 4318175.043, 100
Trd, 4318176.143, 100
Trd, 4318180.093, 104
Trd, 4318180.843, 113
Trd, 4318181.393, 105
Trd, 4318182.543, 103
Trd, 4318183.593, 105
Trd, 4318184.493, 105
Trd, 4318185.993, 105
Trd, 4318187.993, 104
Trd, 4318190.043, 105
Trd, 4318190.643, 103
Trd, 4318191.293, 102
Trd, 4318195.043, 105
Trd, 4318195.743, 105
Trd, 4318196.093, 102
Trd, 4318196.493, 104
Trd, 4318199.293, 102
Trd, 4318199.993, 101
Trd, 4318200.493, 96
Trd, 4318204.193, 100
Trd, 4318204.293, 99
Trd, 4318204.643, 104
Trd, 4318206.793, 98
Trd, 4318206.993, 98
Trd, 4318209.943, 104
Trd, 4318210.793, 104
Trd, 4318212.893, 102
Trd, 4318213.243, 101
Trd, 4318217.593, 102
Trd, 4318218.143, 104
Trd, 4318220.993, 105
Trd, 4318221.243, 102
Trd, 4318222.293, 102
Trd, 4318222.943, 103
Trd, 4318225.393, 102
Trd, 4318225.743, 113
Trd, 4318227.543, 101
Trd, 4318229.743, 104
Trd, 4318231.943, 104
Trd, 4318234.993, 101
Trd, 4318235.493, 105
Trd, 4318238.593, 103
Trd, 4318238.793, 105
Trd, 4318239.193, 101
Trd, 4318242.043, 100
Trd, 4318244.493, 101
Trd, 4318244.693, 105
Trd, 4318248.893, 105
Trd, 4318249.843, 101
Trd, 4318251.743, 102
Trd, 4318252.943, 101
Trd, 4318254.893, 104
Trd, 4318256.343, 102
Trd, 4318258.893, 102
Trd, 4318260.093, 104
Trd, 4318261.293, 104
Trd, 4318261.693, 104
Trd, 4318262.093, 103
Trd, 4318263.843, 103
Trd, 4318265.793, 103
Trd, 4318267.693, 103
Trd, 4318268.043, 102
Trd, 4318270.743, 105
Trd, 4318270.843, 103
Trd, 4318272.143, 109
Trd, 4318274.393, 102
Trd, 4318275.293, 113
Trd, 4318276.043, 110
Trd, 4318276.393, 111
Trd, 4318278.593, 104
Trd, 4318278.643, 103
Trd, 4318278.893, 86
Trd, 4318280.843, 97
Trd, 4318281.143, 103
Trd, 4318281.243, 96
Trd, 4318284.543, 98
Trd, 4318285.943, 96
Trd, 4318286.343, 98
Trd, 4318287.343, 113
Trd, 4318288.243, 106
Trd, 4318289.643, 112
Trd, 4318290.343, 111
Trd, 4318290.693, 111
Trd, 4318291.293, 95
Trd, 4318292.893, 102
Trd, 4318294.293, 104
Trd, 4318295.943, 112
Trd, 4318296.143, 110
Trd, 4318296.743, 105
Trd, 4318298.893, 105
Trd, 4318300.593, 108
Trd, 4318301.043, 103
Trd, 4318303.193, 97
Trd, 4318304.043, 106
Trd, 4318305.993, 102
Trd, 4318309.093, 103
Trd, 4318312.143, 113
Trd, 4318312.993, 102
Trd, 4318313.593, 105
Trd, 4318315.443, 105
Trd, 4318315.793, 103
Trd, 4318317.393, 103
Trd, 4318319.043, 104
Trd, 4318319.293, 104
Trd, 4318320.093, 102
Trd, 4318321.843, 104
Trd, 4318322.293, 88
Trd, 4318324.343, 100
Trd, 4318325.243, 108
Trd, 4318326.393, 102
Trd, 4318328.843, 105
Trd, 4318332.043, 103
Trd, 4318333.093, 102
Trd, 4318333.343, 102
Trd, 4318335.043, 101
Trd, 4318336.943, 101
Trd, 4318337.893, 105
Trd, 4318338.593, 104
Trd, 4318342.243, 105
Trd, 4318342.593, 104
Trd, 4318343.543, 102
Trd, 4318345.543, 104
Trd, 4318345.743, 101
Trd, 4318350.293, 104
Trd, 4318351.393, 104
Trd, 4318352.093, 102
Trd, 4318352.193, 101
Trd, 4318353.593, 104
Trd, 4318356.693, 102
Trd, 4318358.243, 102
Trd, 4318362.293, 104
Trd, 4318362.493, 104
Trd, 4318363.043, 104
Trd, 4318364.093, 104
Trd, 4318365.193, 104
Trd, 4318366.893, 103
Trd, 4318369.093, 103
Trd, 4318369.743, 103
Trd, 4318372.793, 103
Trd, 4318373.893, 102
Trd, 4318375.843, 102
Trd, 4318375.893, 102
Trd, 4318376.293, 95
Trd, 4318378.143, 98
Trd, 4318379.543, 97
Trd, 4318381.393, 111
Trd, 4318382.943, 96
Trd, 4318383.793, 99
Trd, 4318386.543, 110
Trd, 4318386.943, 104
Trd, 4318387.893, 101
Trd, 4318388.543, 101
Trd, 4318389.693, 93
Trd, 4318391.293, 100
Trd, 4318392.443, 104
Trd, 4318393.293, 101
Trd, 4318395.793, 103
Trd, 4318396.643, 104
Trd, 4318397.093, 101
Trd, 4318397.793, 102
Trd, 4318398.893, 100
Trd, 4318401.243, 102
Trd, 4318402.093, 103
Trd, 4318404.943, 104
Trd, 4318405.693, 113
Trd, 4318406.343, 105
Trd, 4318408.193, 104
Trd, 4318409.293, 112
Trd, 4318409.893, 104
Trd, 4318410.843, 103
Trd, 4318411.493, 105
Trd, 4318414.493, 104
Trd, 4318415.643, 103
Trd, 4318417.943, 104
Trd, 4318417.993, 105
Trd, 4318419.593, 103
Trd, 4318420.493, 102
Trd, 4318421.493, 95
Trd, 4318421.743, 104
Trd, 4318422.943, 102
Trd, 4318427.843, 100
Trd, 4318428.293, 102
Trd, 4318428.743, 99
Trd, 4318431.593, 102
Trd, 4318431.693, 99
Trd, 4318432.043, 99
Trd, 4318432.493, 95
Trd, 4318433.843, 102
Trd, 4318436.743, 113
Trd, 4318439.493, 111
Trd, 4318440.143, 109
Trd, 4318441.193, 107
Trd, 4318441.843, 103
Trd, 4318443.793, 114
Trd, 4318444.043, 110
Trd, 4318444.093, 109
Trd, 4318444.143, 95
Trd, 4318446.043, 96
Trd, 4318446.393, 110
Trd, 4318448.743, 110
Trd, 4318449.493, 109
Trd, 4318450.093, 108
Trd, 4318452.643, 107
Trd, 4318454.193, 105
Trd, 4318455.193, 106
Trd, 4318455.493, 104
Trd, 4318457.093, 105
Trd, 4318458.793, 95
Trd, 4318461.393, 104
Trd, 4318461.593, 100
Trd, 4318462.593, 99
Trd, 4318462.793, 104
Trd, 4318466.043, 102
Trd, 4318467.843, 100
Trd, 4318473.543, 101
Trd, 4318473.593, 99
Trd, 4318475.443, 100
Trd, 4318476.893, 99
Trd, 4318478.093, 100
Trd, 4318478.293, 98
Trd, 4318481.143, 100
Trd, 4318481.693, 100
Trd, 4318483.543, 98
Trd, 4318485.193, 102
Trd, 4318485.743, 101
Trd, 4318486.443, 97
Trd, 4318488.293, 101
Trd, 4318488.693, 100
Trd, 4318491.593, 101
Trd, 4318492.793, 100
Trd, 4318497.043, 101
Trd, 4318498.393, 102
Trd, 4318499.993, 99
Trd, 4318504.193, 99
Trd, 4318504.243, 95
Trd, 4318505.643, 102
Trd, 4318506.993, 102
Trd, 4318508.993, 101
Trd, 4318509.543, 105
Trd, 4318510.943, 102
Trd, 4318511.943, 102
Trd, 4318513.693, 100
Trd, 4318513.793, 95
Trd, 4318517.793, 102
Trd, 4318518.943, 100
Trd, 4318519.793, 102
Trd, 4318521.893, 100
Trd, 4318524.443, 99
Trd, 4318527.043, 102
Trd, 4318528.093, 100
Trd, 4318531.093, 100
Trd, 4318533.293, 102
Trd, 4318534.593, 98
Trd, 4318535.193, 95
Trd, 4318538.443, 100
Trd, 4318538.993, 100
Trd, 4318541.093, 101
Trd, 4318542.693, 101
Trd, 4318544.293, 100
Trd, 4318544.593, 106
Trd, 4318547.093, 99
Trd, 4318548.143, 102
Trd, 4318551.293, 102
Trd, 4318552.043, 101
Trd, 4318552.543, 100
Trd, 4318553.943, 100
Trd, 4318555.843, 100
Trd, 4318558.593, 101
Trd, 4318560.843, 100
Trd, 4318562.693, 100
Trd, 4318563.993, 101
Trd, 4318565.193, 101
Trd, 4318566.343, 99
Trd, 4318568.743, 101
Trd, 4318571.943, 101
Trd, 4318572.993, 101
Trd, 4318573.243, 100
Trd, 4318574.543, 99
Trd, 4318576.643, 101
Trd, 4318576.693, 98
Trd, 4318579.243, 101
Trd, 4318580.143, 100
Trd, 4318581.943, 100
Trd, 4318582.893, 98
Trd, 4318584.993, 97
Trd, 4318587.193, 100
Trd, 4318588.593, 102
Trd, 4318589.493, 101
Trd, 4318590.343, 101
Trd, 4318591.243, 110
Trd, 4318591.893, 103
Trd, 4318593.243, 103
Trd, 4318595.093, 103
Trd, 4318595.893, 103
Trd, 4318596.693, 103
Trd, 4318601.793, 102
Trd, 4318601.943, 102
Trd, 4318602.043, 103
Trd, 4318603.593, 103
Trd, 4318603.943, 102
Trd, 4318604.693, 104
Trd, 4318608.243, 104
Trd, 4318608.393, 103
Trd, 4318608.943, 105
Trd, 4318610.843, 101
Trd, 4318611.443, 104
Trd, 4318611.993, 103
Trd, 4318612.993, 113
Trd, 4318615.643, 105
Trd, 4318615.993, 113
Trd, 4318616.643, 108
Trd, 4318618.043, 110
Trd, 4318618.543, 109
Trd, 4318619.493, 96
Trd, 4318621.193, 102
Trd, 4318623.893, 109
Trd, 4318624.643, 101
Trd, 4318628.243, 105
Trd, 4318628.393, 103
Trd, 4318628.543, 102
Trd, 4318629.893, 106
Trd, 4318632.893, 102
Trd, 4318636.943, 101
Trd, 4318638.143, 102
Trd, 4318640.743, 105
Trd, 4318641.543, 105
Trd, 4318643.143, 105
Trd, 4318643.543, 105
Trd, 4318645.043, 113
Trd, 4318646.043, 103
Trd, 4318646.993, 95
Trd, 4318647.393, 104
Trd, 4318648.893, 104
Trd, 4318649.393, 104
Trd, 4318650.493, 101
Trd, 4318651.593, 103
Trd, 4318652.243, 105
Trd, 4318657.243, 104
Trd, 4318657.493, 103
Trd, 4318657.543, 103
Trd, 4318660.843, 103
Trd, 4318662.043, 102
Trd, 4318662.543, 95
Trd, 4318663.093, 86
Trd, 4318668.343, 99
Trd, 4318670.243, 101
Trd, 4318670.443, 98
Trd, 4318671.193, 98
Trd, 4318671.593, 101
Trd, 4318674.793, 101
Trd, 4318676.093, 98
Trd, 4318676.343, 101
Trd, 4318679.343, 97
Trd, 4318680.193, 100
Trd, 4318681.593, 99
Trd, 4318681.943, 99
Trd, 4318683.093, 97
Trd, 4318683.793, 99
Trd, 4318686.143, 101
Trd, 4318687.443, 102
Trd, 4318688.793, 100
Trd, 4318691.643, 101
Trd, 4318693.343, 99
Trd, 4318694.793, 99
Trd, 4318697.643, 101
Trd, 4318698.443, 99
Trd, 4318700.843, 101
Trd, 4318701.743, 101
Trd, 4318704.143, 101
Trd, 4318706.293, 103
Trd, 4318707.043, 102
Trd, 4318708.843, 103
Trd, 4318711.593, 103
Trd, 4318711.693, 105
Trd, 4318713.243, 108
Trd, 4318714.243, 102
Trd, 4318716.843, 105
Trd, 4318717.193, 103
Trd, 4318717.593, 103
Trd, 4318719.093, 105
Trd, 4318721.743, 105
Trd, 4318724.043, 104
Trd, 4318724.443, 104
Trd, 4318724.893, 105
Trd, 4318724.993, 107
Trd, 4318727.443, 105
Trd, 4318729.043, 112
Trd, 4318730.343, 109
Trd, 4318731.543, 109
Trd, 4318732.493, 106
Trd, 4318733.143, 103
Trd, 4318734.643, 104
Trd, 4318736.543, 105
Trd, 4318738.893, 101
Trd, 4318741.043, 105
Trd, 4318741.143, 104
Trd, 4318746.143, 103
Trd, 4318746.693, 105
Trd, 4318747.643, 103
Trd, 4318748.393, 105
Trd, 4318750.043, 102
Trd, 4318750.343, 100
Trd, 4318753.893, 101
Trd, 4318754.243, 97
Trd, 4318754.893, 99
Trd, 4318755.543, 104
Trd, 4318758.043, 103
Trd, 4318758.293, 99
Trd, 4318758.543, 98
Trd, 4318763.643, 103
Trd, 4318764.343, 103
Trd, 4318765.743, 101
Trd, 4318768.043, 99
Trd, 4318771.443, 102
Trd, 4318772.793, 103
Trd, 4318773.293, 103
Trd, 4318774.893, 100
Trd, 4318775.743, 99
Trd, 4318777.243, 103
Trd, 4318780.593, 103
Trd, 4318780.893, 103
Trd, 4318782.543, 101
Trd, 4318786.643, 103
Trd, 4318788.093, 101
Trd, 4318789.343, 98
Trd, 4318792.543, 99
Trd, 4318792.643, 102
Trd, 4318794.193, 98
Trd, 4318795.293, 97
Trd, 4318795.393, 96
Trd, 4318796.343, 101
Trd, 4318797.043, 101
Trd, 4318801.293, 101
Trd, 4318802.693, 101
Trd, 4318802.843, 98
Trd, 4318806.143, 99
Trd, 4318807.143, 101
Trd, 4318808.493, 99
Trd, 4318809.943, 98
Trd, 4318810.693, 101
Trd, 4318812.293, 100
Trd, 4318814.143, 108
Trd, 4318816.793, 102
Trd, 4318817.343, 100
Trd, 4318819.643, 100
Trd, 4318820.043, 100
Trd, 4318820.893, 103
Trd, 4318824.593, 99
Trd, 4318824.893, 99
Trd, 4318825.693, 104
Trd, 4318828.193, 100
Trd, 4318828.893, 103
Trd, 4318831.893, 98
Trd, 4318834.643, 98
Trd, 4318834.943, 97
Trd, 4318836.093, 103
Trd, 4318840.043, 103
Trd, 4318840.743, 101
Trd, 4318842.093, 100
Trd, 4318842.643, 103
Trd, 4318843.143, 96
Trd, 4318844.493, 99
Trd, 4318845.643, 103
Trd, 4318845.693, 97
Trd, 4318848.793, 103
Trd, 4318852.493, 97
Trd, 4318854.343, 103
Trd, 4318855.343, 99
Trd, 4318860.593, 99
Trd, 4318861.393, 103
Trd, 4318862.943, 101
Trd, 4318864.643, 100
Trd, 4318867.943, 103
Trd, 4318868.843, 105
Trd, 4318869.043, 102
Trd, 4318870.943, 103
Trd, 4318871.793, 103
Trd, 4318873.193, 101
Trd, 4318873.893, 104
Trd, 4318876.293, 103
Trd, 4318878.393, 103
Trd, 4318879.493, 102
Trd, 4318879.993, 103
Trd, 4318881.543, 102
Trd, 4318882.193, 101
Trd, 4318884.643, 103
Trd, 4318885.543, 95
Trd, 4318888.293, 104
Trd, 4318889.893, 102
Trd, 4318890.293, 102
Trd, 4318893.743, 104
Trd, 4318896.343, 102
Trd, 4318897.693, 103
Trd, 4318898.743, 104
Trd, 4318900.393, 101
Trd, 4318900.593, 104
Trd, 4318902.843, 102
Trd, 4318903.743, 101
Trd, 4318903.943, 101
Trd, 4318906.443, 101
Trd, 4318907.293, 100
Trd, 4318911.193, 102
Trd, 4318912.143, 102
Trd, 4318912.293, 102
Trd, 4318913.043, 102
Trd, 4318914.893, 107
Trd, 4318914.943, 102
Trd, 4318914.993, 101
Trd, 4318917.943, 101
Trd, 4318921.893, 103
Trd, 4318922.143, 103
Trd, 4318923.893, 102
Trd, 4318924.343, 100
Trd, 4318925.043, 100
Trd, 4318928.443, 100
Trd, 4318929.493, 103
Trd, 4318929.943, 100
Trd, 4318930.043, 99
Trd, 4318934.443, 102
Trd, 4318936.643, 102
Trd, 4318938.093, 102
Trd, 4318938.243, 102
Trd, 4318939.543, 113
Trd, 4318941.143, 105
Trd, 4318941.193, 103
Trd, 4318941.943, 96
Trd, 4318942.543, 102
Trd, 4318945.093, 102
Trd, 4318947.343, 101
Trd, 4318949.793, 103
Trd, 4318950.193, 100
Trd, 4318950.743, 103
Trd, 4318951.943, 100
Trd, 4318953.343, 113
Trd, 4318953.443, 105
Trd, 4318954.743, 80
Trd, 4318957.593, 98
Trd, 4318958.043, 112
Trd, 4318958.093, 113
Trd, 4318960.043, 107
Trd, 4318963.593, 102
Trd, 4318964.493, 105
Trd, 4318964.943, 106
Trd, 4318965.143, 108
Trd, 4318965.643, 105
Trd, 4318969.343, 107
Trd, 4318969.793, 108
Trd, 4318971.143, 104
Trd, 4318971.343, 104
Trd, 4318974.143, 104
Trd, 4318974.393, 103
Trd, 4318975.093, 104
Trd, 4318976.893, 102
Trd, 4318977.343, 104
Trd, 4318979.593, 103
Trd, 4318979.943, 108
Trd, 4318981.843, 104
Trd, 4318983.543, 103
Trd, 4318985.543, 103
Trd, 4318986.443, 101
Trd, 4318987.943, 103
Trd, 4318990.493, 103
Trd, 4318994.743, 103
Trd, 4318994.793, 102
Trd, 4318996.893, 101
Trd, 4318998.043, 99
Trd, 4319001.243, 103
Trd, 4319002.143, 101
Trd, 4319008.743, 103
Trd, 4319009.293, 102
Trd, 4319009.693, 102
Trd, 4319013.993, 100
Trd, 4319016.543, 103
Trd, 4319018.543, 103
Trd, 4319018.743, 101
Trd, 4319020.393, 99
Trd, 4319021.693, 112
Trd, 4319022.343, 110
Trd, 4319024.143, 105
Trd, 4319025.493, 105
Trd, 4319029.393, 106
Trd, 4319029.593, 104
Trd, 4319030.643, 104
Trd, 4319030.943, 103
Trd, 4319031.543, 105
Trd, 4319035.143, 102
Trd, 4319035.193, 103
Trd, 4319036.293, 105
Trd, 4319037.143, 107
Trd, 4319037.593, 107
Trd, 4319038.593, 106
Trd, 4319039.093, 113
Trd, 4319041.743, 106
Trd, 4319043.043, 105
Trd, 4319043.593, 103
Trd, 4319045.093, 107
Trd, 4319047.293, 104
Trd, 4319047.493, 104
Trd, 4319048.143, 107
Trd, 4319049.193, 103
Trd, 4319052.143, 105
Trd, 4319053.593, 104
Trd, 4319054.693, 106
Trd, 4319055.793, 105
Trd, 4319055.943, 106
Trd, 4319057.543, 102
Trd, 4319059.393, 113
Trd, 4319060.943, 109
Trd, 4319061.793, 105
Trd, 4319063.993, 105
Trd, 4319064.243, 106
Trd, 4319065.143, 103
Trd, 4319065.243, 95
Trd, 4319066.043, 105
Trd, 4319069.543, 106
Trd, 4319071.993, 105
Trd, 4319072.743, 104
Trd, 4319073.593, 103
Trd, 4319074.143, 102
Trd, 4319074.543, 86
Trd, 4319075.393, 113
Trd, 4319077.943, 106
Trd, 4319078.243, 107
Trd, 4319079.193, 112
Trd, 4319079.343, 103
Trd, 4319083.093, 107
Trd, 4319084.593, 108
Trd, 4319085.693, 107
Trd, 4319086.243, 107
Trd, 4319086.693, 105
Trd, 4319087.443, 103
Trd, 4319088.593, 102
Trd, 4319088.843, 90
Trd, 4319091.943, 105
Trd, 4319092.043, 101
Trd, 4319092.943, 96
Trd, 4319094.643, 113
Trd, 4319096.643, 102
Trd, 4319097.293, 102
Trd, 4319097.793, 101
Trd, 4319098.793, 100
Trd, 4319101.793, 102
Trd, 4319102.893, 102
Trd, 4319104.343, 102
Trd, 4319104.843, 100
Trd, 4319105.343, 100
Trd, 4319106.143, 100
Trd, 4319106.443, 107
Trd, 4319110.543, 103
Trd, 4319110.593, 104
Trd, 4319111.693, 101
Trd, 4319115.193, 104
Trd, 4319116.143, 100
Trd, 4319118.943, 104
Trd, 4319119.793, 105
Trd, 4319120.943, 102
Trd, 4319122.443, 101
Trd, 4319122.643, 86
Trd, 4319124.193, 100
Trd, 4319128.343, 100
Trd, 4319128.793, 99
Trd, 4319129.743, 102
Trd, 4319131.343, 99
Trd, 4319133.493, 100
Trd, 4319136.193, 102
Trd, 4319136.243, 98
Trd, 4319138.993, 97
Trd, 4319141.893, 102
Trd, 4319142.043, 102
Trd, 4319142.743, 100
Trd, 4319143.143, 99
Trd, 4319143.843, 102
Trd, 4319144.693, 97
Trd, 4319147.443, 99
Trd, 4319149.593, 102
Trd, 4319151.193, 103
Trd, 4319152.593, 103
Trd, 4319152.743, 99
Trd, 4319153.943, 105
Trd, 4319155.743, 100
Trd, 4319158.593, 100
Trd, 4319159.693, 104
Trd, 4319160.893, 99
Trd, 4319163.343, 99
Trd, 4319163.793, 104
Trd, 4319168.093, 104
Trd, 4319170.993, 104
Trd, 4319171.293, 99
Trd, 4319172.443, 104
Trd, 4319173.643, 102
Trd, 4319174.243, 100
Trd, 4319175.493, 100
Trd, 4319178.793, 102
Trd, 4319181.143, 103
Trd, 4319181.193, 101
Trd, 4319183.693, 102
Trd, 4319184.943, 103
Trd, 4319185.993, 100
Trd, 4319190.093, 103
Trd, 4319190.643, 102
Trd, 4319192.093, 103
Trd, 4319193.543, 102
Trd, 4319194.193, 101
Trd, 4319194.343, 103
Trd, 4319197.543, 102
Trd, 4319197.693, 103
Trd, 4319198.143, 104
Trd, 4319199.993, 99
Trd, 4319200.943, 99
Trd, 4319201.393, 86
Trd, 4319202.443, 102
Trd, 4319203.493, 97
Trd, 4319204.143, 95
Trd, 4319206.543, 100
Trd, 4319206.993, 101
Trd, 4319207.793, 98
Trd, 4319208.443, 98
Trd, 4319211.893, 114
Trd, 4319212.093, 109
Trd, 4319212.393, 107
Trd, 4319213.593, 106
Trd, 4319214.893, 104
Trd, 4319215.893, 102
Trd, 4319218.193, 106
Trd, 4319219.493, 104
Trd, 4319219.643, 103
Trd, 4319224.593, 105
Trd, 4319224.693, 103
Trd, 4319224.893, 102
Trd, 4319227.143, 102
Trd, 4319227.593, 102
Trd, 4319230.343, 104
Trd, 4319234.343, 101
Trd, 4319235.643, 101
Trd, 4319237.843, 104
Trd, 4319237.993, 101
Trd, 4319238.543, 101
Trd, 4319241.193, 104
Trd, 4319242.443, 101
Trd, 4319244.293, 100
Trd, 4319247.343, 102
Trd, 4319247.543, 103
Trd, 4319248.743, 103
Trd, 4319251.293, 95
Trd, 4319252.593, 98
Trd, 4319255.793, 98
Trd, 4319256.943, 103
Trd, 4319257.893, 100
Trd, 4319260.593, 98
Trd, 4319261.043, 98
Trd, 4319262.493, 97
Trd, 4319262.793, 101
Trd, 4319264.143, 96
Trd, 4319267.243, 101
Trd, 4319269.543, 100
Trd, 4319271.993, 99
Trd, 4319272.593, 99
Trd, 4319274.093, 101
Trd, 4319275.993, 100
Trd, 4319276.443, 99
Trd, 4319277.093, 100
Trd, 4319278.843, 98
Trd, 4319279.843, 98
Trd, 4319282.193, 100
Trd, 4319282.893, 100
Trd, 4319284.193, 100
Trd, 4319284.443, 99
Trd, 4319287.543, 108
Trd, 4319289.993, 98
Trd, 4319292.293, 99
Trd, 4319293.693, 100
Trd, 4319295.043, 102
Trd, 4319295.693, 101
Trd, 4319296.943, 99
Trd, 4319299.593, 99
Trd, 4319301.143, 101
Trd, 4319301.943, 101
Trd, 4319302.743, 99
Trd, 4319302.843, 95
Trd, 4319305.843, 101
Trd, 4319306.793, 97
Trd, 4319308.143, 96
Trd, 4319309.843, 99
Trd, 4319310.093, 101
Trd, 4319314.593, 99
Trd, 4319315.043, 100
Trd, 4319315.693, 97
Trd, 4319319.043, 106
Trd, 4319320.943, 102
Trd, 4319321.243, 101
Trd, 4319322.643, 95
Trd, 4319323.093, 86
Trd, 4319326.143, 100
Trd, 4319327.043, 103
Trd, 4319328.393, 103
Trd, 4319329.943, 106
Trd, 4319330.443, 99
Trd, 4319333.443, 103
Trd, 4319334.693, 103
Trd, 4319336.393, 102
Trd, 4319336.493, 101
Trd, 4319338.493, 100
Trd, 4319340.093, 99
Trd, 4319342.093, 99
Trd, 4319342.343, 103
Trd, 4319343.043, 98
Trd, 4319345.493, 98
Trd, 4319346.593, 102
Trd, 4319346.643, 97
Trd, 4319350.743, 101
Trd, 4319352.293, 97
Trd, 4319352.643, 96
Trd, 4319355.493, 96
Trd, 4319355.793, 100
Trd, 4319359.093, 99
Trd, 4319361.043, 100
Trd, 4319361.243, 98
Trd, 4319361.493, 98
Trd, 4319363.493, 100
Trd, 4319365.293, 97
Trd, 4319366.143, 107
Trd, 4319366.593, 87
Trd, 4319368.993, 100
Trd, 4319370.093, 100
Trd, 4319372.343, 98
Trd, 4319372.493, 97
Trd, 4319372.993, 100
Trd, 4319377.793, 101
Trd, 4319378.193, 99
Trd, 4319378.493, 97
Trd, 4319381.643, 99
Trd, 4319382.993, 98
Trd, 4319384.243, 101
Trd, 4319387.893, 97
Trd, 4319388.793, 101
Trd, 4319389.693, 101
Trd, 4319389.843, 96
Trd, 4319391.643, 101
Trd, 4319394.343, 101
Trd, 4319394.543, 99
Trd, 4319396.593, 100
Trd, 4319397.693, 102
Trd, 4319398.093, 98
Trd, 4319400.293, 97
Trd, 4319401.393, 98
Trd, 4319402.693, 98
Trd, 4319404.493, 102
Trd, 4319405.743, 98
Trd, 4319407.443, 97
Trd, 4319411.543, 102
Trd, 4319411.643, 102
Trd, 4319414.343, 99
Trd, 4319418.093, 98
Trd, 4319418.693, 99
Trd, 4319420.143, 102
Trd, 4319421.093, 102
Trd, 4319423.293, 98
Trd, 4319423.343, 98
Trd, 4319426.543, 100
Trd, 4319427.543, 102
Trd, 4319429.493, 101
Trd, 4319429.793, 102
Trd, 4319432.493, 102
Trd, 4319434.993, 102
Trd, 4319435.293, 101
Trd, 4319435.393, 99
Trd, 4319436.043, 102
Trd, 4319436.893, 114
Trd, 4319437.043, 113
Trd, 4319438.543, 95
Trd, 4319440.643, 105
Trd, 4319442.943, 107
Trd, 4319444.543, 107
Trd, 4319444.993, 106
Trd, 4319447.093, 108
Trd, 4319448.793, 109
Trd, 4319449.043, 108
Trd, 4319450.493, 113
Trd, 4319451.343, 110
Trd, 4319452.243, 104
Trd, 4319453.443, 112
Trd, 4319455.293, 106
Trd, 4319458.343, 103
Trd, 4319458.993, 105
Trd, 4319460.343, 105
Trd, 4319460.743, 106
Trd, 4319461.793, 104
Trd, 4319462.193, 112
Trd, 4319463.343, 99
Trd, 4319464.293, 104
Trd, 4319465.493, 106
Trd, 4319466.443, 105
Trd, 4319467.693, 104
Trd, 4319468.243, 103
Trd, 4319471.943, 95
Trd, 4319473.843, 100
Trd, 4319475.243, 102
Trd, 4319476.193, 102
Trd, 4319477.543, 101
Trd, 4319477.943, 102
Trd, 4319478.743, 95
Trd, 4319483.843, 102
Trd, 4319487.043, 100
Trd, 4319487.293, 99
Trd, 4319490.243, 98
Trd, 4319490.893, 102
Trd, 4319493.193, 102
Trd, 4319493.293, 98
Trd, 4319495.843, 100
Trd, 4319498.643, 102
Trd, 4319499.143, 102
Trd, 4319500.643, 100
Trd, 4319502.693, 102
Trd, 4319503.743, 97
Trd, 4319505.093, 97
Trd, 4319506.243, 102
Trd, 4319506.993, 98
Trd, 4319509.343, 97
Trd, 4319511.643, 97
Trd, 4319513.493, 96
Trd, 4319514.743, 99
Trd, 4319514.893, 102
Trd, 4319517.643, 99
Trd, 4319518.143, 97
Trd, 4319521.143, 99
Trd, 4319521.293, 102
Trd, 4319523.143, 99
Trd, 4319524.543, 99
Trd, 4319526.793, 99
Trd, 4319526.893, 98
Trd, 4319528.843, 98
Trd, 4319529.593, 102
Trd, 4319534.293, 102
Trd, 4319535.943, 100
Trd, 4319537.543, 102
Trd, 4319540.743, 101
Trd, 4319541.543, 97
Trd, 4319542.343, 88
Trd, 4319543.393, 102
Trd, 4319548.643, 98
Trd, 4319549.943, 102
Trd, 4319552.543, 100
Trd, 4319553.493, 98
Trd, 4319553.893, 102
Trd, 4319557.643, 102
Trd, 4319557.743, 100
Trd, 4319557.793, 109
Trd, 4319559.343, 99
Trd, 4319562.193, 100
Trd, 4319563.843, 99
Trd, 4319565.093, 98
Trd, 4319568.293, 97
Trd, 4319568.393, 96
Trd, 4319568.743, 102
Trd, 4319570.743, 98
Trd, 4319573.093, 102
Trd, 4319577.043, 98
Trd, 4319578.393, 98
Trd, 4319578.843, 102
Trd, 4319579.943, 102
Trd, 4319581.843, 105
Trd, 4319582.593, 99
Trd, 4319584.093, 103
Trd, 4319587.143, 107
Trd, 4319589.043, 102
Trd, 4319589.093, 101
Trd, 4319589.693, 101
Trd, 4319593.243, 104
Trd, 4319596.193, 102
Trd, 4319597.293, 102
Trd, 4319598.143, 104
Trd, 4319598.693, 104
Trd, 4319599.193, 101
Trd, 4319601.043, 95
Trd, 4319605.093, 103
Trd, 4319606.143, 105
Trd, 4319606.843, 104
Trd, 4319608.993, 102
Trd, 4319609.243, 103
Trd, 4319611.943, 102
Trd, 4319613.643, 103
Trd, 4319613.743, 104
Trd, 4319614.493, 103
Trd, 4319618.093, 102
Trd, 4319621.193, 104
Trd, 4319621.443, 104
Trd, 4319621.993, 102
Trd, 4319622.393, 101
Trd, 4319625.493, 106
Trd, 4319626.043, 106
Trd, 4319627.393, 115
Trd, 4319627.543, 112
Trd, 4319628.443, 103
Trd, 4319629.143, 109
Trd, 4319629.343, 87
Trd, 4319629.643, 86
Trd, 4319635.143, 104
Trd, 4319637.243, 102
Trd, 4319637.493, 101
Trd, 4319638.843, 99
Trd, 4319640.393, 104
Trd, 4319643.693, 101
Trd, 4319643.843, 99
Trd, 4319644.593, 110
Trd, 4319646.843, 99
Trd, 4319650.593, 100
Trd, 4319651.343, 104
Trd, 4319654.543, 101
Trd, 4319655.693, 99
Trd, 4319655.743, 99
Trd, 4319658.743, 102
Trd, 4319658.943, 113
Trd, 4319659.743, 106
Trd, 4319660.393, 105
Trd, 4319660.743, 113
Trd, 4319661.343, 103
Trd, 4319662.393, 95
Trd, 4319664.393, 79
Trd, 4319665.243, 105
Trd, 4319666.743, 98
Trd, 4319667.143, 97
Trd, 4319668.943, 97
Trd, 4319669.143, 96
Trd, 4319672.943, 99
Trd, 4319674.043, 108
Trd, 4319674.193, 102
Trd, 4319675.193, 102
Trd, 4319675.593, 101
Trd, 4319676.243, 111
Trd, 4319676.593, 101
Trd, 4319677.643, 104
Trd, 4319678.243, 103
Trd, 4319681.193, 104
Trd, 4319682.343, 105
Trd, 4319682.993, 104
Trd, 4319683.343, 103
Trd, 4319685.693, 102
Trd, 4319687.843, 105
Trd, 4319689.543, 102
Trd, 4319690.443, 104
Trd, 4319691.493, 105
Trd, 4319691.543, 105
Trd, 4319693.343, 105
Trd, 4319694.643, 103
Trd, 4319695.393, 105
Trd, 4319695.843, 101
Trd, 4319696.843, 100
Trd, 4319699.493, 104
Trd, 4319699.693, 102
Trd, 4319701.343, 102
Trd, 4319702.443, 101
Trd, 4319705.243, 101
Trd, 4319705.893, 102
Trd, 4319706.393, 112
Trd, 4319706.893, 111
Trd, 4319708.593, 106
Trd, 4319709.193, 107
Trd, 4319713.543, 107
Trd, 4319714.193, 108
Trd, 4319714.793, 106
Trd, 4319715.493, 113
Trd, 4319715.843, 103
Trd, 4319716.993, 104
Trd, 4319719.643, 96
Trd, 4319720.643, 96
Trd, 4319721.243, 93
Trd, 4319721.593, 97
Trd, 4319724.093, 113
Trd, 4319724.293, 107
Trd, 4319725.043, 107
Trd, 4319725.393, 106
Trd, 4319727.193, 105
Trd, 4319727.293, 105
Trd, 4319728.243, 103
Trd, 4319729.243, 106
Trd, 4319730.693, 113
Trd, 4319732.393, 98
Trd, 4319733.243, 96
Trd, 4319737.743, 103
Trd, 4319738.793, 102
Trd, 4319739.043, 103
Trd, 4319740.043, 95
Trd, 4319742.143, 116
Trd, 4319742.943, 114
Trd, 4319743.243, 108
Trd, 4319743.643, 103
Trd, 4319743.943, 107
Trd, 4319745.343, 110
Trd, 4319746.693, 109
Trd, 4319748.693, 109
Trd, 4319750.143, 109
Trd, 4319750.793, 95
Trd, 4319751.993, 106
Trd, 4319752.493, 111
Trd, 4319753.043, 108
Trd, 4319753.893, 108
Trd, 4319755.893, 107
Trd, 4319759.243, 106
Trd, 4319759.543, 103
Trd, 4319759.943, 98
Trd, 4319761.243, 103
Trd, 4319762.893, 111
Trd, 4319764.793, 77
Trd, 4319765.443, 99
Trd, 4319767.093, 93
Trd, 4319770.043, 94
Trd, 4319771.693, 94
Trd, 4319771.993, 96
Trd, 4319772.393, 96
Trd, 4319773.093, 107
Trd, 4319773.443, 86
Trd, 4319777.343, 92
Trd, 4319777.743, 86
Trd, 4319779.993, 95
Trd, 4319780.393, 95
Trd, 4319781.393, 104
Trd, 4319781.493, 95
Trd, 4319783.743, 98
Trd, 4319783.793, 95
Trd, 4319787.343, 97
Trd, 4319787.993, 96
Trd, 4319791.243, 95
Trd, 4319793.043, 97
Trd, 4319793.293, 95
Trd, 4319793.543, 94
Trd, 4319795.593, 97
Trd, 4319795.743, 96
Trd, 4319796.643, 111
Trd, 4319797.693, 101
Trd, 4319798.843, 113
Trd, 4319800.293, 101
Trd, 4319802.043, 104
Trd, 4319802.793, 104
Trd, 4319805.143, 103
Trd, 4319806.393, 104
Trd, 4319807.143, 103
Trd, 4319810.293, 104
Trd, 4319811.643, 106
Trd, 4319811.693, 102
Trd, 4319814.393, 103
Trd, 4319816.243, 102
Trd, 4319818.143, 104
Trd, 4319820.043, 103
Trd, 4319821.293, 104
Trd, 4319821.893, 103
Trd, 4319824.893, 101
Trd, 4319825.893, 104
Trd, 4319826.293, 100
Trd, 4319828.793, 102
Trd, 4319829.293, 101
Trd, 4319831.343, 98
Trd, 4319831.693, 100
Trd, 4319833.543, 97
Trd, 4319836.043, 97
Trd, 4319836.743, 96
Trd, 4319837.243, 100
Trd, 4319838.593, 100
Trd, 4319840.093, 95
Trd, 4319844.993, 100
Trd, 4319845.093, 96
Trd, 4319847.243, 96
Trd, 4319849.643, 100
Trd, 4319850.843, 108
Trd, 4319851.343, 97
Trd, 4319851.693, 96
Trd, 4319855.893, 100
Trd, 4319857.443, 103
Trd, 4319857.793, 103
Trd, 4319857.943, 102
Trd, 4319859.693, 101
Trd, 4319860.393, 102
Trd, 4319861.143, 101
Trd, 4319862.943, 102
Trd, 4319863.443, 109
Trd, 4319868.043, 101
Trd, 4319869.543, 101
Trd, 4319869.743, 102
Trd, 4319870.593, 104
Trd, 4319871.943, 101
Trd, 4319874.893, 103
Trd, 4319876.143, 104
Trd, 4319878.243, 101
Trd, 4319878.593, 102
Trd, 4319879.893, 104
Trd, 4319883.143, 100
Trd, 4319883.893, 100
Trd, 4319884.893, 100
Trd, 4319889.043, 104
Trd, 4319890.343, 104
Trd, 4319891.243, 99
Trd, 4319892.343, 99
Trd, 4319894.493, 98
Trd, 4319897.693, 104
Trd, 4319898.493, 104
Trd, 4319901.293, 104
Trd, 4319902.893, 104
Trd, 4319903.693, 104
Trd, 4319903.893, 95
Trd, 4319906.493, 104
Trd, 4319908.193, 103
Trd, 4319909.343, 101
Trd, 4319909.693, 102
Trd, 4319911.493, 104
Trd, 4319912.493, 104
Trd, 4319912.893, 102
Trd, 4319917.493, 107
Trd, 4319920.543, 104
Trd, 4319923.793, 105
Trd, 4319923.993, 105
Trd, 4319924.243, 105
Trd, 4319924.543, 101
Trd, 4319924.893, 95
Trd, 4319925.143, 109
Trd, 4319927.893, 106
Trd, 4319928.293, 104
Trd, 4319929.343, 100
Trd, 4319929.793, 95
Trd, 4319930.743, 107
Trd, 4319933.843, 102
Trd, 4319934.543, 102
Trd, 4319936.293, 102
Trd, 4319937.293, 105
Trd, 4319940.193, 105
Trd, 4319943.043, 104
Trd, 4319943.843, 101
Trd, 4319945.943, 105
Trd, 4319948.343, 101
Trd, 4319950.243, 102
Trd, 4319953.043, 102
Trd, 4319953.793, 104
Trd, 4319954.743, 100
Trd, 4319954.993, 100
Trd, 4319956.793, 99
Trd, 4319957.343, 98
Trd, 4319960.093, 104
Trd, 4319962.293, 100
Trd, 4319963.493, 98
Trd, 4319964.793, 104
Trd, 4319969.243, 100
Trd, 4319971.043, 104
Trd, 4319972.243, 100
Trd, 4319973.443, 100
Trd, 4319974.993, 104
Trd, 4319975.793, 104
Trd, 4319981.593, 101
Trd, 4319981.743, 100
Trd, 4319982.643, 104
Trd, 4319985.443, 100
Trd, 4319988.043, 102
Trd, 4319989.093, 102
Trd, 4319989.493, 101
Trd, 4319989.793, 99
Trd, 4319994.343, 100
Trd, 4319994.843, 108
Trd, 4319995.143, 101
Trd, 4319999.643, 103
