Trd, 4317821.993, 92
Trd, 4317822.743, 91
Trd, 4317823.843, 92
Trd, 4317825.443, 91
Trd, 4317828.493, 91
Trd, 4317829.643, 91
Trd, 4317832.193, 90
Trd, 4317833.693, 91
Trd, 4317834.593, 89
Trd, 4317836.143, 90
Trd, 4317839.043, 90
Trd, 4317841.243, 89
Trd, 4317841.643, 90
Trd, 4317844.393, 89
Trd, 4317845.093, 88
Trd, 4317845.693, 89
Trd, 4317846.793, 88
Trd, 4317852.693, 89
Trd, 4317853.043, 87
Trd, 4317854.143, 87
Trd, 4317854.743, 86
Trd, 4317855.793, 87
Trd, 4317857.543, 92
Trd, 4317857.743, 92
Trd, 4317860.893, 95
Trd, 4317860.993, 97
Trd, 4317861.993, 94
Trd, 4317863.643, 94
Trd, 4317865.343, 94
Trd, 4317865.693, 93
Trd, 4317868.843, 93
Trd, 4317868.943, 93
Trd, 4317870.993, 94
Trd, 4317871.543, 95
Trd, 4317873.543, 94
Trd, 4317874.843, 94
Trd, 4317875.643, 94
Trd, 4317875.743, 93
Trd, 4317876.293, 93
Trd, 4317878.693, 94
Trd, 4317880.293, 94
Trd, 4317883.993, 94
Trd, 4317884.293, 93
Trd, 4317884.743, 93
Trd, 4317885.643, 93
Trd, 4317885.793, 93
Trd, 4317893.143, 92
Trd, 4317894.043, 93
Trd, 4317896.043, 93
Trd, 4317896.993, 94
Trd, 4317898.543, 93
Trd, 4317898.943, 93
Trd, 4317901.093, 106
Trd, 4317901.643, 97
Trd, 4317904.343, 99
Trd, 4317904.743, 99
Trd, 4317905.293, 98
Trd, 4317907.543, 97
Trd, 4317909.193, 98
Trd, 4317909.593, 97
Trd, 4317912.293, 98
Trd, 4317914.293, 97
Trd, 4317915.443, 96
Trd, 4317917.343, 94
Trd, 4317918.043, 94
Trd, 4317918.493, 95
Trd, 4317919.143, 88
Trd, 4317920.143, 92
Trd, 4317922.093, 89
Trd, 4317923.893, 90
Trd, 4317924.643, 91
Trd, 4317925.343, 94
Trd, 4317926.343, 93
Trd, 4317926.893, 91
Trd, 4317927.793, 92
Trd, 4317929.343, 93
Trd, 4317932.293, 102
Trd, 4317934.593, 96
Trd, 4317935.293, 95
Trd, 4317936.443, 95
Trd, 4317937.993, 95
Trd, 4317938.593, 94
Trd, 4317944.043, 94
Trd, 4317944.843, 95
Trd, 4317946.393, 95
Trd, 4317947.543, 95
Trd, 4317950.893, 95
Trd, 4317951.243, 94
Trd, 4317952.493, 94
Trd, 4317953.893, 94
Trd, 4317954.343, 93
Trd, 4317958.543, 94
Trd, 4317961.593, 92
Trd, 4317962.743, 93
Trd, 4317962.943, 94
Trd, 4317964.143, 94
Trd, 4317964.443, 95
Trd, 4317967.693, 94
Trd, 4317968.143, 95
Trd, 4317971.943, 94
Trd, 4317973.543, 94
Trd, 4317974.443, 93
Trd, 4317975.843, 105
Trd, 4317978.793, 95
Trd, 4317980.293, 95
Trd, 4317981.543, 94
Trd, 4317984.193, 94
Trd, 4317984.393, 94
Trd, 4317984.593, 94
Trd, 4317986.143, 94
Trd, 4317987.243, 95
Trd, 4317988.893, 93
Trd, 4317990.743, 94
Trd, 4317991.793, 94
Trd, 4317993.843, 95
Trd, 4317994.843, 95
Trd, 4317997.093, 94
Trd, 4317998.493, 93
Trd, 4317998.543, 93
Trd, 4318000.243, 92
Trd, 4318001.143, 93
Trd, 4318005.593, 94
Trd, 4318006.143, 93
Trd, 4318007.193, 92
Trd, 4318007.443, 91
Trd, 4318009.193, 91
Trd, 4318009.893, 92
Trd, 4318013.043, 91
Trd, 4318014.443, 91
Trd, 4318016.943, 92
Trd, 4318020.593, 91
Trd, 4318022.493, 91
Trd, 4318025.043, 91
Trd, 4318025.943, 90
Trd, 4318027.843, 91
Trd, 4318030.443, 90
Trd, 4318032.143, 91
Trd, 4318032.843, 90
Trd, 4318033.643, 91
Trd, 4318035.893, 90
Trd, 4318036.393, 91
Trd, 4318036.743, 90
Trd, 4318038.493, 92
Trd, 4318039.993, 90
Trd, 4318041.793, 91
Trd, 4318041.843, 92
Trd, 4318043.243, 91
Trd, 4318046.893, 91
Trd, 4318047.593, 91
Trd, 4318047.693, 90
Trd, 4318048.993, 90
Trd, 4318051.193, 94
Trd, 4318052.693, 93
Trd, 4318053.243, 101
Trd, 4318054.693, 92
Trd, 4318057.143, 93
Trd, 4318058.243, 93
Trd, 4318059.443, 94
Trd, 4318060.993, 95
Trd, 4318062.543, 93
Trd, 4318064.043, 105
Trd, 4318066.443, 94
Trd, 4318071.143, 94
Trd, 4318071.643, 93
Trd, 4318071.693, 94
Trd, 4318073.343, 94
Trd, 4318074.043, 93
Trd, 4318074.793, 93
Trd, 4318078.143, 92
Trd, 4318078.193, 92
Trd, 4318078.993, 91
Trd, 4318080.093, 92
Trd, 4318082.293, 88
Trd, 4318083.593, 89
Trd, 4318083.943, 89
Trd, 4318086.093, 90
Trd, 4318087.793, 89
Trd, 4318089.293, 89
Trd, 4318091.043, 90
Trd, 4318093.393, 89
Trd, 4318094.293, 89
Trd, 4318095.743, 89
Trd, 4318096.743, 89
Trd, 4318097.443, 90
Trd, 4318100.243, 92
Trd, 4318100.293, 99
Trd, 4318103.893, 99
Trd, 4318104.643, 98
Trd, 4318104.893, 97
Trd, 4318106.243, 94
Trd, 4318106.743, 95
Trd, 4318107.343, 94
Trd, 4318108.843, 95
Trd, 4318109.693, 95
Trd, 4318110.443, 95
Trd, 4318112.293, 96
Trd, 4318113.093, 96
Trd, 4318114.893, 104
Trd, 4318118.143, 98
Trd, 4318119.843, 97
Trd, 4318120.543, 96
Trd, 4318121.143, 96
Trd, 4318121.393, 97
Trd, 4318123.093, 95
Trd, 4318123.893, 95
Trd, 4318125.343, 94
Trd, 4318125.693, 108
Trd, 4318130.493, 95
Trd, 4318132.443, 95
Trd, 4318132.743, 94
Trd, 4318133.143, 94
Trd, 4318133.643, 94
Trd, 4318135.843, 94
Trd, 4318135.993, 93
Trd, 4318139.493, 100
Trd, 4318139.743, 98
Trd, 4318140.843, 98
Trd, 4318141.543, 97
Trd, 4318143.893, 98
Trd, 4318145.493, 97
Trd, 4318145.643, 96
Trd, 4318147.793, 96
Trd, 4318148.243, 97
Trd, 4318148.843, 96
Trd, 4318149.243, 97
Trd, 4318151.243, 96
Trd, 4318154.893, 99
Trd, 4318155.093, 101
Trd, 4318155.293, 99
Trd, 4318155.943, 99
Trd, 4318158.643, 98
Trd, 4318159.043, 98
Trd, 4318159.743, 100
Trd, 4318161.593, 98
Trd, 4318162.993, 97
Trd, 4318163.193, 97
Trd, 4318163.943, 96
Trd, 4318165.693, 95
Trd, 4318165.843, 104
Trd, 4318167.343, 96
Trd, 4318168.893, 95
Trd, 4318174.393, 94
Trd, 4318174.593, 95
Trd, 4318175.443, 95
Trd, 4318175.843, 94
Trd, 4318177.393, 95
Trd, 4318183.143, 95
Trd, 4318184.093, 94
Trd, 4318184.793, 94
Trd, 4318185.243, 94
Trd, 4318187.043, 93
Trd, 4318187.343, 93
Trd, 4318187.743, 94
Trd, 4318187.993, 95
Trd, 4318192.943, 93
Trd, 4318193.293, 94
Trd, 4318195.593, 94
Trd, 4318198.343, 94
Trd, 4318199.443, 94
Trd, 4318199.493, 92
Trd, 4318201.643, 95
Trd, 4318202.943, 93
Trd, 4318204.243, 91
Trd, 4318205.843, 92
Trd, 4318208.843, 93
Trd, 4318210.993, 91
Trd, 4318211.093, 93
Trd, 4318212.743, 93
Trd, 4318213.243, 92
Trd, 4318215.493, 91
Trd, 4318216.643, 93
Trd, 4318219.443, 92
Trd, 4318221.193, 91
Trd, 4318222.043, 91
Trd, 4318223.043, 92
Trd, 4318226.743, 91
Trd, 4318229.243, 92
Trd, 4318230.943, 91
Trd, 4318230.993, 92
Trd, 4318233.493, 90
Trd, 4318235.343, 90
Trd, 4318237.793, 90
Trd, 4318239.793, 90
Trd, 4318241.143, 92
Trd, 4318241.643, 90
Trd, 4318243.143, 90
Trd, 4318245.143, 90
Trd, 4318247.043, 90
Trd, 4318248.093, 89
Trd, 4318249.593, 89
Trd, 4318250.793, 90
Trd, 4318253.443, 91
Trd, 4318254.793, 89
Trd, 4318257.343, 90
Trd, 4318258.693, 90
Trd, 4318259.493, 89
Trd, 4318261.743, 89
Trd, 4318263.693, 89
Trd, 4318263.993, 90
Trd, 4318266.193, 88
Trd, 4318267.993, 87
Trd, 4318269.393, 88
Trd, 4318271.743, 87
Trd, 4318271.893, 87
Trd, 4318273.743, 87
Trd, 4318274.093, 86
Trd, 4318275.493, 105
Trd, 4318277.393, 91
Trd, 4318278.843, 93
Trd, 4318279.093, 94
Trd, 4318281.893, 92
Trd, 4318283.593, 92
Trd, 4318285.043, 93
Trd, 4318285.193, 93
Trd, 4318285.743, 94
Trd, 4318289.743, 92
Trd, 4318290.193, 92
Trd, 4318290.693, 94
Trd, 4318291.743, 93
Trd, 4318295.493, 94
Trd, 4318297.093, 92
Trd, 4318300.093, 93
Trd, 4318301.843, 92
Trd, 4318302.293, 92
Trd, 4318303.593, 90
Trd, 4318304.443, 90
Trd, 4318305.193, 90
Trd, 4318307.193, 83
Trd, 4318307.393, 86
Trd, 4318307.993, 86
Trd, 4318308.643, 103
Trd, 4318312.343, 92
Trd, 4318313.493, 91
Trd, 4318313.693, 91
Trd, 4318315.343, 91
Trd, 4318316.393, 91
Trd, 4318317.543, 90
Trd, 4318321.993, 91
Trd, 4318322.243, 90
Trd, 4318322.843, 90
Trd, 4318323.143, 91
Trd, 4318326.043, 89
Trd, 4318328.993, 91
Trd, 4318329.693, 91
Trd, 4318331.043, 90
Trd, 4318333.593, 90
Trd, 4318335.443, 91
Trd, 4318335.893, 91
Trd, 4318336.993, 91
Trd, 4318337.793, 90
Trd, 4318340.393, 90
Trd, 4318340.893, 90
Trd, 4318342.243, 90
Trd, 4318345.993, 90
Trd, 4318349.043, 94
Trd, 4318349.593, 93
Trd, 4318350.493, 93
Trd, 4318351.393, 92
Trd, 4318352.393, 92
Trd, 4318353.143, 92
Trd, 4318355.243, 94
Trd, 4318358.143, 92
Trd, 4318360.093, 95
Trd, 4318360.993, 96
Trd, 4318361.193, 95
Trd, 4318362.443, 94
Trd, 4318362.993, 95
Trd, 4318365.693, 95
Trd, 4318368.143, 94
Trd, 4318370.243, 94
Trd, 4318370.843, 93
Trd, 4318373.593, 93
Trd, 4318373.743, 94
Trd, 4318374.943, 93
Trd, 4318379.393, 92
Trd, 4318379.843, 93
Trd, 4318381.243, 93
Trd, 4318381.943, 95
Trd, 4318384.443, 95
Trd, 4318384.743, 93
Trd, 4318386.243, 93
Trd, 4318386.993, 93
Trd, 4318387.193, 93
Trd, 4318387.243, 105
Trd, 4318390.493, 94
Trd, 4318393.543, 96
Trd, 4318394.143, 94
Trd, 4318395.193, 93
Trd, 4318397.943, 92
Trd, 4318399.593, 93
Trd, 4318400.193, 92
Trd, 4318401.043, 92
Trd, 4318404.293, 92
Trd, 4318405.493, 93
Trd, 4318405.793, 93
Trd, 4318406.943, 93
Trd, 4318407.843, 92
Trd, 4318412.193, 93
Trd, 4318415.443, 92
Trd, 4318415.793, 91
Trd, 4318415.843, 91
Trd, 4318417.293, 91
Trd, 4318419.193, 91
Trd, 4318422.693, 91
Trd, 4318424.793, 90
Trd, 4318425.293, 91
Trd, 4318428.693, 90
Trd, 4318429.293, 91
Trd, 4318431.293, 95
Trd, 4318431.843, 94
Trd, 4318432.493, 106
Trd, 4318434.543, 96
Trd, 4318436.543, 95
Trd, 4318436.843, 94
Trd, 4318436.993, 95
Trd, 4318440.093, 94
Trd, 4318440.893, 94
Trd, 4318445.393, 93
Trd, 4318446.093, 95
Trd, 4318446.943, 93
Trd, 4318447.643, 94
Trd, 4318448.343, 95
Trd, 4318449.293, 95
Trd, 4318451.493, 103
Trd, 4318453.843, 96
Trd, 4318454.143, 95
Trd, 4318454.643, 95
Trd, 4318457.743, 94
Trd, 4318458.093, 95
Trd, 4318462.193, 95
Trd, 4318462.793, 94
Trd, 4318463.893, 94
Trd, 4318466.693, 94
Trd, 4318466.893, 94
Trd, 4318467.643, 94
Trd, 4318469.943, 94
Trd, 4318471.543, 94
Trd, 4318472.493, 114
Trd, 4318479.143, 94
Trd, 4318481.143, 94
Trd, 4318481.243, 95
Trd, 4318483.643, 93
Trd, 4318483.743, 94
Trd, 4318484.193, 94
Trd, 4318486.043, 94
Trd, 4318486.993, 95
Trd, 4318489.793, 93
Trd, 4318490.343, 94
Trd, 4318492.643, 94
Trd, 4318493.793, 93
Trd, 4318495.993, 101
Trd, 4318496.593, 99
Trd, 4318498.043, 98
Trd, 4318498.393, 96
Trd, 4318498.793, 96
Trd, 4318499.993, 94
Trd, 4318500.843, 96
Trd, 4318503.293, 93
Trd, 4318503.543, 95
Trd, 4318504.993, 96
Trd, 4318505.693, 95
Trd, 4318507.893, 96
Trd, 4318510.293, 107
Trd, 4318511.743, 97
Trd, 4318514.243, 96
Trd, 4318515.793, 95
Trd, 4318516.143, 95
Trd, 4318517.293, 94
Trd, 4318518.893, 95
Trd, 4318520.593, 95
Trd, 4318520.793, 94
Trd, 4318521.493, 94
Trd, 4318525.193, 94
Trd, 4318526.743, 92
Trd, 4318527.143, 95
Trd, 4318529.743, 93
Trd, 4318530.343, 92
Trd, 4318530.943, 93
Trd, 4318532.793, 93
Trd, 4318536.093, 93
Trd, 4318538.393, 92
Trd, 4318539.043, 92
Trd, 4318539.593, 93
Trd, 4318539.993, 92
Trd, 4318540.793, 93
Trd, 4318543.043, 93
Trd, 4318543.943, 93
Trd, 4318546.543, 93
Trd, 4318546.643, 94
Trd, 4318550.193, 92
Trd, 4318550.593, 93
Trd, 4318553.043, 94
Trd, 4318554.793, 93
Trd, 4318555.893, 93
Trd, 4318556.043, 92
Trd, 4318556.143, 92
Trd, 4318558.343, 115
Trd, 4318559.293, 104
Trd, 4318561.193, 110
Trd, 4318561.343, 104
Trd, 4318563.543, 103
Trd, 4318564.093, 99
Trd, 4318564.493, 102
Trd, 4318565.393, 101
Trd, 4318568.493, 97
Trd, 4318568.893, 98
Trd, 4318571.193, 100
Trd, 4318572.093, 102
Trd, 4318572.993, 98
Trd, 4318573.793, 98
Trd, 4318575.893, 94
Trd, 4318576.493, 96
Trd, 4318578.793, 94
Trd, 4318579.793, 95
Trd, 4318580.843, 94
Trd, 4318581.993, 94
Trd, 4318582.543, 93
Trd, 4318584.743, 104
Trd, 4318585.243, 101
Trd, 4318586.393, 102
Trd, 4318586.993, 100
Trd, 4318587.193, 99
Trd, 4318587.893, 99
Trd, 4318589.393, 98
Trd, 4318590.243, 100
Trd, 4318590.693, 106
Trd, 4318594.793, 103
Trd, 4318594.993, 102
Trd, 4318596.743, 101
Trd, 4318598.043, 101
Trd, 4318599.993, 102
Trd, 4318600.593, 101
Trd, 4318602.143, 101
Trd, 4318605.093, 101
Trd, 4318606.243, 100
Trd, 4318608.543, 100
Trd, 4318609.693, 99
Trd, 4318612.143, 99
Trd, 4318612.493, 100
Trd, 4318613.193, 98
Trd, 4318614.693, 107
Trd, 4318616.093, 100
Trd, 4318618.443, 98
Trd, 4318620.493, 98
Trd, 4318621.443, 97
Trd, 4318621.693, 98
Trd, 4318623.343, 97
Trd, 4318625.443, 97
Trd, 4318626.843, 97
Trd, 4318629.193, 96
Trd, 4318629.443, 95
Trd, 4318629.993, 97
Trd, 4318633.543, 95
Trd, 4318634.293, 97
Trd, 4318636.793, 95
Trd, 4318637.643, 95
Trd, 4318638.093, 96
Trd, 4318641.243, 95
Trd, 4318643.743, 95
Trd, 4318644.693, 94
Trd, 4318645.793, 95
Trd, 4318647.943, 95
Trd, 4318648.093, 94
Trd, 4318650.943, 93
Trd, 4318653.743, 92
Trd, 4318654.443, 92
Trd, 4318655.343, 92
Trd, 4318656.293, 91
Trd, 4318657.543, 91
Trd, 4318659.143, 90
Trd, 4318659.193, 90
Trd, 4318660.393, 91
Trd, 4318662.443, 90
Trd, 4318663.543, 89
Trd, 4318666.793, 91
Trd, 4318668.393, 91
Trd, 4318669.393, 90
Trd, 4318669.593, 95
Trd, 4318671.443, 91
Trd, 4318671.693, 89
Trd, 4318675.593, 90
Trd, 4318675.943, 89
Trd, 4318676.593, 90
Trd, 4318678.143, 90
Trd, 4318681.143, 90
Trd, 4318683.793, 90
Trd, 4318685.943, 89
Trd, 4318687.593, 89
Trd, 4318688.243, 90
Trd, 4318691.093, 90
Trd, 4318692.193, 90
Trd, 4318693.043, 90
Trd, 4318696.243, 91
Trd, 4318698.543, 89
Trd, 4318699.543, 90
Trd, 4318704.593, 88
Trd, 4318704.843, 88
Trd, 4318705.893, 88
Trd, 4318706.643, 88
Trd, 4318706.943, 87
Trd, 4318707.893, 88
Trd, 4318708.843, 89
Trd, 4318709.743, 89
Trd, 4318713.893, 89
Trd, 4318713.993, 88
Trd, 4318714.993, 88
Trd, 4318716.843, 91
Trd, 4318718.643, 91
Trd, 4318719.443, 91
Trd, 4318721.593, 103
Trd, 4318724.843, 91
Trd, 4318726.093, 92
Trd, 4318728.043, 89
Trd, 4318728.593, 90
Trd, 4318729.393, 90
Trd, 4318730.093, 89
Trd, 4318732.893, 94
Trd, 4318734.093, 107
Trd, 4318735.243, 101
Trd, 4318735.993, 100
Trd, 4318738.193, 102
Trd, 4318739.893, 100
Trd, 4318741.093, 98
Trd, 4318742.493, 96
Trd, 4318743.143, 96
Trd, 4318745.343, 95
Trd, 4318746.943, 96
Trd, 4318749.143, 96
Trd, 4318750.293, 95
Trd, 4318750.693, 94
Trd, 4318752.993, 95
Trd, 4318753.993, 94
Trd, 4318755.243, 95
Trd, 4318755.743, 95
Trd, 4318756.943, 93
Trd, 4318758.593, 92
Trd, 4318759.993, 93
Trd, 4318760.193, 93
Trd, 4318760.493, 103
Trd, 4318764.293, 94
Trd, 4318765.443, 92
Trd, 4318766.193, 92
Trd, 4318768.193, 92
Trd, 4318769.943, 92
Trd, 4318772.093, 93
Trd, 4318774.243, 93
Trd, 4318775.893, 93
Trd, 4318776.043, 92
Trd, 4318780.093, 102
Trd, 4318780.293, 104
Trd, 4318781.293, 99
Trd, 4318782.093, 98
Trd, 4318782.543, 99
Trd, 4318782.943, 97
Trd, 4318783.793, 97
Trd, 4318787.193, 98
Trd, 4318789.143, 95
Trd, 4318790.343, 94
Trd, 4318791.493, 95
Trd, 4318792.043, 96
Trd, 4318794.093, 95
Trd, 4318794.343, 95
Trd, 4318794.593, 105
Trd, 4318797.193, 102
Trd, 4318797.793, 102
Trd, 4318799.293, 97
Trd, 4318799.643, 97
Trd, 4318800.393, 97
Trd, 4318801.893, 97
Trd, 4318803.393, 103
Trd, 4318807.143, 97
Trd, 4318808.343, 96
Trd, 4318808.993, 96
Trd, 4318812.643, 97
Trd, 4318813.093, 97
Trd, 4318813.143, 97
Trd, 4318813.243, 115
Trd, 4318817.643, 97
Trd, 4318817.843, 97
Trd, 4318820.943, 96
Trd, 4318822.243, 96
Trd, 4318824.193, 97
Trd, 4318825.843, 98
Trd, 4318826.143, 99
Trd, 4318827.293, 97
Trd, 4318828.143, 97
Trd, 4318830.243, 97
Trd, 4318831.393, 97
Trd, 4318833.193, 95
Trd, 4318834.343, 94
Trd, 4318834.543, 95
Trd, 4318837.693, 95
Trd, 4318838.143, 95
Trd, 4318838.193, 94
Trd, 4318839.193, 95
Trd, 4318841.593, 94
Trd, 4318843.143, 94
Trd, 4318843.193, 93
Trd, 4318843.643, 94
Trd, 4318847.193, 94
Trd, 4318847.793, 94
Trd, 4318848.593, 93
Trd, 4318849.143, 94
Trd, 4318852.143, 93
Trd, 4318854.643, 95
Trd, 4318855.643, 95
Trd, 4318857.493, 97
Trd, 4318858.043, 113
Trd, 4318858.743, 99
Trd, 4318860.843, 98
Trd, 4318863.643, 97
Trd, 4318864.693, 97
Trd, 4318865.243, 98
Trd, 4318866.193, 98
Trd, 4318868.093, 97
Trd, 4318870.793, 97
Trd, 4318871.393, 96
Trd, 4318872.593, 96
Trd, 4318874.793, 95
Trd, 4318875.943, 95
Trd, 4318875.993, 98
Trd, 4318879.743, 103
Trd, 4318881.443, 101
Trd, 4318882.843, 100
Trd, 4318883.093, 101
Trd, 4318883.643, 104
Trd, 4318886.543, 100
Trd, 4318887.093, 100
Trd, 4318888.093, 100
Trd, 4318889.343, 101
Trd, 4318892.243, 99
Trd, 4318892.593, 99
Trd, 4318893.093, 100
Trd, 4318894.993, 99
Trd, 4318898.493, 98
Trd, 4318898.743, 97
Trd, 4318900.143, 100
Trd, 4318902.693, 97
Trd, 4318903.293, 96
Trd, 4318904.193, 97
Trd, 4318905.293, 97
Trd, 4318908.193, 94
Trd, 4318908.893, 95
Trd, 4318910.443, 95
Trd, 4318910.893, 94
Trd, 4318911.843, 95
Trd, 4318913.043, 94
Trd, 4318916.643, 95
Trd, 4318920.143, 94
Trd, 4318920.643, 93
Trd, 4318921.493, 93
Trd, 4318922.593, 93
Trd, 4318924.943, 93
Trd, 4318927.043, 92
Trd, 4318928.043, 91
Trd, 4318929.443, 93
Trd, 4318930.943, 92
Trd, 4318932.143, 92
Trd, 4318933.793, 91
Trd, 4318936.243, 92
Trd, 4318936.293, 91
Trd, 4318938.443, 91
Trd, 4318941.793, 91
Trd, 4318942.443, 91
Trd, 4318945.093, 90
Trd, 4318945.593, 89
Trd, 4318947.393, 88
Trd, 4318950.093, 89
Trd, 4318950.643, 89
Trd, 4318952.893, 89
Trd, 4318954.093, 90
Trd, 4318956.943, 96
Trd, 4318958.043, 97
Trd, 4318958.793, 102
Trd, 4318959.093, 96
Trd, 4318963.443, 101
Trd, 4318964.043, 98
Trd, 4318965.443, 101
Trd, 4318965.643, 99
Trd, 4318966.843, 102
Trd, 4318968.143, 100
Trd, 4318969.193, 100
Trd, 4318971.243, 100
Trd, 4318972.493, 98
Trd, 4318973.243, 98
Trd, 4318973.443, 98
Trd, 4318974.793, 99
Trd, 4318975.643, 98
Trd, 4318977.593, 97
Trd, 4318980.743, 99
Trd, 4318982.293, 97
Trd, 4318982.343, 98
Trd, 4318986.693, 96
Trd, 4318986.993, 97
Trd, 4318987.193, 96
Trd, 4318988.393, 96
Trd, 4318989.093, 95
Trd, 4318991.743, 95
Trd, 4318992.293, 96
Trd, 4318993.293, 94
Trd, 4318996.643, 95
Trd, 4318999.193, 95
Trd, 4318999.493, 95
Trd, 4319000.193, 94
Trd, 4319001.593, 94
Trd, 4319003.543, 95
Trd, 4319004.143, 94
Trd, 4319004.243, 93
Trd, 4319006.043, 93
Trd, 4319007.393, 95
Trd, 4319007.793, 95
Trd, 4319008.093, 104
Trd, 4319011.093, 95
Trd, 4319011.643, 98
Trd, 4319014.093, 94
Trd, 4319018.493, 94
Trd, 4319022.293, 94
Trd, 4319023.043, 94
Trd, 4319023.593, 93
Trd, 4319025.393, 94
Trd, 4319029.643, 92
Trd, 4319029.843, 94
Trd, 4319032.143, 93
Trd, 4319032.793, 92
Trd, 4319034.143, 94
Trd, 4319035.643, 94
Trd, 4319036.543, 94
Trd, 4319037.093, 93
Trd, 4319037.393, 105
Trd, 4319040.043, 95
Trd, 4319040.293, 94
Trd, 4319044.793, 94
Trd, 4319048.593, 95
Trd, 4319051.493, 94
Trd, 4319052.893, 95
Trd, 4319053.493, 95
Trd, 4319054.493, 95
Trd, 4319056.143, 94
Trd, 4319056.893, 93
Trd, 4319059.293, 93
Trd, 4319059.343, 94
Trd, 4319060.793, 95
Trd, 4319062.643, 95
Trd, 4319064.343, 100
Trd, 4319065.543, 96
Trd, 4319066.043, 96
Trd, 4319067.143, 97
Trd, 4319067.793, 96
Trd, 4319068.143, 96
Trd, 4319069.643, 95
Trd, 4319070.393, 96
Trd, 4319071.043, 95
Trd, 4319073.893, 94
Trd, 4319076.443, 95
Trd, 4319077.443, 94
Trd, 4319078.443, 93
Trd, 4319081.193, 93
Trd, 4319081.843, 94
Trd, 4319083.193, 93
Trd, 4319083.243, 94
Trd, 4319085.793, 92
Trd, 4319086.143, 92
Trd, 4319087.993, 93
Trd, 4319090.643, 94
Trd, 4319091.543, 94
Trd, 4319094.193, 94
Trd, 4319094.893, 93
Trd, 4319095.543, 94
Trd, 4319098.643, 93
Trd, 4319100.393, 93
Trd, 4319102.143, 93
Trd, 4319104.543, 93
Trd, 4319104.893, 92
Trd, 4319105.143, 92
Trd, 4319105.893, 92
Trd, 4319106.493, 95
Trd, 4319108.693, 95
Trd, 4319111.543, 92
Trd, 4319112.393, 93
Trd, 4319113.693, 94
Trd, 4319115.243, 94
Trd, 4319115.843, 94
Trd, 4319117.543, 94
Trd, 4319119.743, 108
Trd, 4319121.493, 114
Trd, 4319122.543, 96
Trd, 4319123.143, 96
Trd, 4319123.343, 99
Trd, 4319127.343, 95
Trd, 4319128.943, 95
Trd, 4319129.943, 94
Trd, 4319132.443, 95
Trd, 4319133.243, 94
Trd, 4319134.743, 95
Trd, 4319136.493, 94
Trd, 4319139.643, 94
Trd, 4319140.593, 93
Trd, 4319140.743, 93
Trd, 4319142.293, 94
Trd, 4319142.643, 95
Trd, 4319144.993, 95
Trd, 4319147.543, 93
Trd, 4319149.743, 95
Trd, 4319153.443, 95
Trd, 4319153.843, 95
Trd, 4319154.643, 94
Trd, 4319155.943, 94
Trd, 4319157.593, 94
Trd, 4319160.943, 94
Trd, 4319164.293, 94
Trd, 4319165.143, 93
Trd, 4319165.243, 93
Trd, 4319166.043, 92
Trd, 4319166.243, 95
Trd, 4319168.593, 93
Trd, 4319169.793, 96
Trd, 4319171.843, 98
Trd, 4319172.243, 99
Trd, 4319172.593, 102
Trd, 4319176.493, 100
Trd, 4319178.543, 101
Trd, 4319179.993, 100
Trd, 4319180.543, 99
Trd, 4319183.593, 101
Trd, 4319183.643, 101
Trd, 4319184.793, 107
Trd, 4319189.143, 101
Trd, 4319189.693, 102
Trd, 4319190.293, 100
Trd, 4319191.643, 101
Trd, 4319192.193, 102
Trd, 4319196.193, 100
Trd, 4319196.293, 100
Trd, 4319196.643, 100
Trd, 4319197.393, 99
Trd, 4319198.493, 99
Trd, 4319199.843, 98
Trd, 4319202.743, 97
Trd, 4319203.143, 97
Trd, 4319204.543, 97
Trd, 4319206.493, 97
Trd, 4319209.343, 94
Trd, 4319210.593, 95
Trd, 4319211.393, 94
Trd, 4319211.943, 100
Trd, 4319212.293, 121
Trd, 4319212.943, 104
Trd, 4319214.743, 100
Trd, 4319215.343, 99
Trd, 4319215.743, 100
Trd, 4319216.343, 101
Trd, 4319218.543, 101
Trd, 4319219.593, 99
Trd, 4319221.993, 100
Trd, 4319224.093, 98
Trd, 4319224.593, 99
Trd, 4319225.793, 101
Trd, 4319226.293, 100
Trd, 4319226.643, 101
Trd, 4319229.093, 100
Trd, 4319230.893, 100
Trd, 4319231.793, 99
Trd, 4319232.743, 105
Trd, 4319236.543, 99
Trd, 4319237.843, 100
Trd, 4319239.493, 106
Trd, 4319240.243, 99
Trd, 4319240.993, 98
Trd, 4319241.943, 100
Trd, 4319246.293, 98
Trd, 4319246.843, 98
Trd, 4319246.993, 100
Trd, 4319251.193, 98
Trd, 4319251.793, 97
Trd, 4319255.893, 97
Trd, 4319257.693, 97
Trd, 4319257.793, 99
Trd, 4319258.893, 106
Trd, 4319263.643, 98
Trd, 4319263.743, 98
Trd, 4319264.093, 98
Trd, 4319265.693, 95
Trd, 4319266.843, 95
Trd, 4319267.893, 95
Trd, 4319268.993, 98
Trd, 4319270.343, 97
Trd, 4319271.443, 99
Trd, 4319271.643, 100
Trd, 4319273.443, 95
Trd, 4319274.943, 95
Trd, 4319275.493, 96
Trd, 4319277.593, 94
Trd, 4319278.193, 95
Trd, 4319280.843, 95
Trd, 4319281.843, 95
Trd, 4319281.893, 95
Trd, 4319282.143, 94
Trd, 4319285.393, 94
Trd, 4319285.643, 95
Trd, 4319288.093, 95
Trd, 4319290.593, 95
Trd, 4319291.993, 94
Trd, 4319293.443, 95
Trd, 4319294.943, 95
Trd, 4319298.593, 95
Trd, 4319299.193, 95
Trd, 4319300.743, 94
Trd, 4319302.793, 94
Trd, 4319302.943, 95
Trd, 4319306.043, 94
Trd, 4319306.693, 95
Trd, 4319307.293, 95
Trd, 4319309.243, 94
Trd, 4319309.293, 103
Trd, 4319313.843, 94
Trd, 4319316.143, 95
Trd, 4319316.343, 95
Trd, 4319318.893, 94
Trd, 4319318.993, 94
Trd, 4319319.693, 94
Trd, 4319321.143, 94
Trd, 4319321.343, 93
Trd, 4319323.343, 94
Trd, 4319323.943, 93
Trd, 4319324.893, 94
Trd, 4319328.643, 94
Trd, 4319329.893, 94
Trd, 4319330.143, 93
Trd, 4319333.293, 93
Trd, 4319333.643, 93
Trd, 4319337.243, 92
Trd, 4319340.443, 91
Trd, 4319340.943, 92
Trd, 4319343.593, 92
Trd, 4319345.093, 92
Trd, 4319346.993, 91
Trd, 4319348.293, 92
Trd, 4319348.593, 92
Trd, 4319349.643, 93
Trd, 4319350.693, 92
Trd, 4319350.993, 92
Trd, 4319351.243, 105
Trd, 4319357.243, 93
Trd, 4319360.043, 93
Trd, 4319360.943, 91
Trd, 4319361.893, 92
Trd, 4319366.343, 92
Trd, 4319367.493, 90
Trd, 4319369.743, 91
Trd, 4319370.243, 90
Trd, 4319371.443, 94
Trd, 4319373.843, 93
Trd, 4319376.493, 94
Trd, 4319377.293, 94
Trd, 4319377.393, 95
Trd, 4319382.043, 94
Trd, 4319382.693, 93
Trd, 4319383.643, 95
Trd, 4319386.943, 93
Trd, 4319389.543, 93
Trd, 4319392.443, 92
Trd, 4319392.543, 92
Trd, 4319392.643, 91
Trd, 4319395.493, 92
Trd, 4319399.043, 91
Trd, 4319399.593, 90
Trd, 4319400.943, 91
Trd, 4319401.093, 90
Trd, 4319402.193, 90
Trd, 4319405.743, 89
Trd, 4319407.193, 90
Trd, 4319408.593, 90
Trd, 4319410.993, 89
Trd, 4319411.043, 90
Trd, 4319412.943, 90
Trd, 4319417.143, 90
Trd, 4319418.693, 89
Trd, 4319420.143, 89
Trd, 4319424.293, 89
Trd, 4319425.093, 88
Trd, 4319427.593, 89
Trd, 4319430.643, 89
Trd, 4319430.943, 90
Trd, 4319431.593, 88
Trd, 4319435.243, 89
Trd, 4319435.843, 89
Trd, 4319438.093, 89
Trd, 4319441.493, 88
Trd, 4319443.193, 88
Trd, 4319443.643, 89
Trd, 4319444.943, 89
Trd, 4319446.393, 89
Trd, 4319447.743, 95
Trd, 4319448.843, 107
Trd, 4319451.993, 102
Trd, 4319453.043, 101
Trd, 4319455.093, 99
Trd, 4319456.543, 95
Trd, 4319456.893, 95
Trd, 4319458.343, 95
Trd, 4319459.093, 95
Trd, 4319460.393, 95
Trd, 4319460.743, 94
Trd, 4319461.593, 94
Trd, 4319462.593, 95
Trd, 4319464.693, 95
Trd, 4319464.993, 95
Trd, 4319466.143, 95
Trd, 4319467.993, 94
Trd, 4319468.393, 95
Trd, 4319472.993, 94
Trd, 4319475.043, 95
Trd, 4319479.443, 94
Trd, 4319479.593, 93
Trd, 4319481.043, 94
Trd, 4319483.993, 94
Trd, 4319484.543, 93
Trd, 4319485.393, 95
Trd, 4319489.293, 92
Trd, 4319490.243, 91
Trd, 4319491.343, 92
Trd, 4319493.593, 92
Trd, 4319495.343, 92
Trd, 4319497.543, 90
Trd, 4319497.743, 90
Trd, 4319498.243, 92
Trd, 4319499.043, 91
Trd, 4319503.493, 92
Trd, 4319506.993, 91
Trd, 4319509.443, 91
Trd, 4319510.143, 92
Trd, 4319513.593, 91
Trd, 4319516.043, 91
Trd, 4319516.843, 90
Trd, 4319518.243, 91
Trd, 4319521.493, 91
Trd, 4319521.743, 90
Trd, 4319524.543, 89
Trd, 4319525.143, 91
Trd, 4319526.643, 91
Trd, 4319527.743, 90
Trd, 4319530.093, 91
Trd, 4319530.443, 91
Trd, 4319534.243, 90
Trd, 4319536.293, 91
Trd, 4319537.193, 92
Trd, 4319539.093, 90
Trd, 4319539.793, 92
Trd, 4319542.843, 91
Trd, 4319543.293, 90
Trd, 4319544.393, 91
Trd, 4319545.993, 91
Trd, 4319547.293, 91
Trd, 4319548.093, 90
Trd, 4319549.293, 89
Trd, 4319549.893, 92
Trd, 4319551.843, 93
Trd, 4319554.793, 94
Trd, 4319555.543, 108
Trd, 4319557.643, 95
Trd, 4319557.993, 93
Trd, 4319561.043, 94
Trd, 4319563.943, 93
Trd, 4319564.143, 93
Trd, 4319564.243, 92
Trd, 4319566.193, 92
Trd, 4319567.843, 91
Trd, 4319569.293, 92
Trd, 4319570.443, 91
Trd, 4319573.243, 90
Trd, 4319575.393, 91
Trd, 4319576.743, 90
Trd, 4319577.943, 90
Trd, 4319582.693, 90
Trd, 4319583.593, 89
Trd, 4319586.293, 90
Trd, 4319586.893, 89
Trd, 4319587.693, 89
Trd, 4319588.093, 89
Trd, 4319589.693, 89
Trd, 4319592.293, 89
Trd, 4319592.393, 88
Trd, 4319593.693, 88
Trd, 4319597.193, 88
Trd, 4319597.643, 87
Trd, 4319597.693, 88
Trd, 4319600.243, 89
Trd, 4319601.143, 89
Trd, 4319601.943, 88
Trd, 4319606.043, 89
Trd, 4319607.743, 88
Trd, 4319608.393, 88
Trd, 4319608.593, 88
Trd, 4319609.393, 88
Trd, 4319611.943, 94
Trd, 4319613.093, 94
Trd, 4319613.793, 95
Trd, 4319616.293, 95
Trd, 4319616.393, 94
Trd, 4319617.443, 94
Trd, 4319618.543, 95
Trd, 4319621.243, 93
Trd, 4319623.693, 93
Trd, 4319623.793, 92
Trd, 4319624.793, 92
Trd, 4319625.193, 91
Trd, 4319627.343, 92
Trd, 4319631.243, 92
Trd, 4319632.643, 92
Trd, 4319633.893, 92
Trd, 4319635.243, 91
Trd, 4319636.843, 91
Trd, 4319642.293, 92
Trd, 4319642.443, 91
Trd, 4319643.593, 91
Trd, 4319645.243, 91
Trd, 4319645.393, 90
Trd, 4319647.143, 90
Trd, 4319651.043, 89
Trd, 4319652.343, 91
Trd, 4319652.743, 95
Trd, 4319653.093, 91
Trd, 4319653.743, 93
Trd, 4319655.543, 94
Trd, 4319657.693, 94
Trd, 4319658.793, 96
Trd, 4319659.593, 95
Trd, 4319660.793, 95
Trd, 4319664.143, 94
Trd, 4319665.943, 93
Trd, 4319666.793, 95
Trd, 4319667.343, 94
Trd, 4319667.793, 95
Trd, 4319671.293, 94
Trd, 4319671.393, 95
Trd, 4319672.143, 94
Trd, 4319672.743, 99
Trd, 4319674.043, 99
Trd, 4319674.443, 99
Trd, 4319677.193, 98
Trd, 4319677.393, 99
Trd, 4319678.143, 98
Trd, 4319678.893, 99
Trd, 4319681.443, 98
Trd, 4319684.343, 98
Trd, 4319684.443, 97
Trd, 4319684.643, 97
Trd, 4319687.093, 98
Trd, 4319687.143, 97
Trd, 4319689.943, 95
Trd, 4319690.593, 96
Trd, 4319693.143, 95
Trd, 4319696.493, 95
Trd, 4319696.893, 94
Trd, 4319699.043, 93
Trd, 4319699.293, 93
Trd, 4319699.493, 93
Trd, 4319702.243, 103
Trd, 4319702.743, 105
Trd, 4319705.393, 105
Trd, 4319706.043, 103
Trd, 4319707.143, 97
Trd, 4319707.293, 99
Trd, 4319708.493, 98
Trd, 4319711.043, 94
Trd, 4319712.543, 89
Trd, 4319712.843, 90
Trd, 4319713.643, 95
Trd, 4319714.943, 93
Trd, 4319717.893, 94
Trd, 4319718.793, 96
Trd, 4319719.493, 96
Trd, 4319719.693, 97
Trd, 4319721.943, 95
Trd, 4319723.093, 97
Trd, 4319727.343, 96
Trd, 4319727.693, 97
Trd, 4319729.843, 95
Trd, 4319731.093, 96
Trd, 4319733.443, 96
Trd, 4319734.193, 96
Trd, 4319735.593, 94
Trd, 4319738.093, 95
Trd, 4319739.593, 95
Trd, 4319741.143, 94
Trd, 4319743.343, 93
Trd, 4319747.443, 93
Trd, 4319747.693, 93
Trd, 4319748.493, 94
Trd, 4319751.443, 92
Trd, 4319752.143, 93
Trd, 4319752.193, 92
Trd, 4319754.843, 91
Trd, 4319757.243, 92
Trd, 4319759.293, 93
Trd, 4319759.743, 93
Trd, 4319761.943, 93
Trd, 4319762.143, 92
Trd, 4319764.943, 95
Trd, 4319765.393, 96
Trd, 4319765.443, 94
Trd, 4319765.593, 99
Trd, 4319767.643, 97
Trd, 4319769.393, 94
Trd, 4319769.793, 95
Trd, 4319773.093, 94
Trd, 4319773.943, 95
Trd, 4319774.543, 95
Trd, 4319775.493, 95
Trd, 4319776.293, 95
Trd, 4319776.493, 97
Trd, 4319779.043, 105
Trd, 4319780.843, 96
Trd, 4319781.143, 97
Trd, 4319782.693, 105
Trd, 4319784.543, 99
Trd, 4319784.943, 99
Trd, 4319787.293, 99
Trd, 4319788.293, 99
Trd, 4319790.593, 99
Trd, 4319792.243, 98
Trd, 4319792.943, 98
Trd, 4319794.943, 95
Trd, 4319794.993, 94
Trd, 4319795.293, 96
Trd, 4319797.543, 88
Trd, 4319798.693, 87
Trd, 4319800.943, 87
Trd, 4319802.043, 91
Trd, 4319802.293, 95
Trd, 4319803.143, 89
Trd, 4319804.743, 94
Trd, 4319805.643, 90
Trd, 4319805.793, 91
Trd, 4319807.493, 91
Trd, 4319809.593, 91
Trd, 4319810.893, 91
Trd, 4319811.143, 91
Trd, 4319812.793, 90
Trd, 4319815.243, 92
Trd, 4319816.693, 96
Trd, 4319817.043, 95
Trd, 4319817.743, 94
Trd, 4319818.043, 98
Trd, 4319821.543, 96
Trd, 4319823.893, 95
Trd, 4319824.493, 95
Trd, 4319824.593, 94
Trd, 4319825.393, 94
Trd, 4319826.393, 93
Trd, 4319826.993, 93
Trd, 4319830.843, 93
Trd, 4319831.343, 94
Trd, 4319831.443, 94
Trd, 4319834.243, 93
Trd, 4319835.393, 94
Trd, 4319835.593, 112
Trd, 4319835.943, 113
Trd, 4319840.893, 93
Trd, 4319842.093, 93
Trd, 4319843.343, 95
Trd, 4319845.993, 94
Trd, 4319846.993, 94
Trd, 4319847.293, 93
Trd, 4319848.393, 94
Trd, 4319852.243, 93
Trd, 4319853.243, 93
Trd, 4319853.943, 94
Trd, 4319853.993, 94
Trd, 4319854.243, 95
Trd, 4319859.043, 95
Trd, 4319860.943, 93
Trd, 4319865.393, 93
Trd, 4319865.743, 93
Trd, 4319865.993, 93
Trd, 4319867.943, 92
Trd, 4319872.193, 93
Trd, 4319873.443, 92
Trd, 4319873.693, 93
Trd, 4319875.043, 93
Trd, 4319876.743, 92
Trd, 4319879.243, 91
Trd, 4319879.693, 95
Trd, 4319883.643, 92
Trd, 4319884.193, 92
Trd, 4319884.843, 92
Trd, 4319885.843, 92
Trd, 4319886.343, 92
Trd, 4319889.343, 92
Trd, 4319889.993, 91
Trd, 4319890.043, 93
Trd, 4319891.743, 90
Trd, 4319893.193, 89
Trd, 4319895.543, 89
Trd, 4319896.393, 88
Trd, 4319898.193, 89
Trd, 4319899.993, 90
Trd, 4319900.993, 89
Trd, 4319902.543, 90
Trd, 4319904.693, 88
Trd, 4319906.543, 89
Trd, 4319906.743, 103
Trd, 4319909.543, 94
Trd, 4319915.693, 90
Trd, 4319916.243, 89
Trd, 4319917.693, 89
Trd, 4319918.093, 91
Trd, 4319922.743, 89
Trd, 4319923.243, 88
Trd, 4319924.093, 89
Trd, 4319925.193, 91
Trd, 4319928.093, 90
Trd, 4319929.093, 89
Trd, 4319933.393, 90
Trd, 4319933.743, 89
Trd, 4319934.893, 90
Trd, 4319935.893, 90
Trd, 4319938.893, 90
Trd, 4319940.843, 90
Trd, 4319941.693, 89
Trd, 4319942.393, 88
Trd, 4319942.743, 89
Trd, 4319948.643, 89
Trd, 4319948.943, 88
Trd, 4319950.243, 89
Trd, 4319951.343, 89
Trd, 4319951.393, 93
Trd, 4319954.993, 90
Trd, 4319955.243, 89
Trd, 4319956.993, 89
Trd, 4319958.643, 89
Trd, 4319961.793, 89
Trd, 4319962.693, 89
Trd, 4319963.693, 90
Trd, 4319965.693, 103
Trd, 4319966.543, 89
Trd, 4319970.793, 88
Trd, 4319972.843, 87
Trd, 4319973.343, 86
Trd, 4319974.043, 88
Trd, 4319974.593, 88
Trd, 4319976.243, 89
Trd, 4319977.943, 91
Trd, 4319979.043, 88
Trd, 4319980.843, 90
Trd, 4319983.443, 106
Trd, 4319989.193, 89
Trd, 4319989.393, 91
Trd, 4319990.893, 90
Trd, 4319991.143, 90
Trd, 4319991.643, 89
Trd, 4319992.993, 90
Trd, 4319994.243, 90
Trd, 4319995.243, 111
