Trd, 4317825.393, 101
Trd, 4317825.593, 100
Trd, 4317826.543, 100
Trd, 4317827.493, 99
Trd, 4317829.243, 116
Trd, 4317830.243, 97
Trd, 4317831.143, 95
Trd, 4317831.893, 94
Trd, 4317833.993, 104
Trd, 4317834.493, 108
Trd, 4317835.143, 115
Trd, 4317837.243, 106
Trd, 4317837.793, 97
Trd, 4317838.843, 91
Trd, 4317839.193, 92
Trd, 4317841.243, 91
Trd, 4317842.293, 92
Trd, 4317842.793, 110
Trd, 4317844.843, 119
Trd, 4317845.093, 106
Trd, 4317847.693, 94
Trd, 4317848.143, 97
Trd, 4317849.593, 98
Trd, 4317850.793, 97
Trd, 4317853.143, 80
Trd, 4317854.693, 90
Trd, 4317855.493, 101
Trd, 4317856.293, 94
Trd, 4317858.443, 97
Trd, 4317860.243, 95
Trd, 4317862.093, 96
Trd, 4317862.893, 113
Trd, 4317863.893, 105
Trd, 4317865.293, 104
Trd, 4317865.943, 95
Trd, 4317866.043, 98
Trd, 4317867.193, 94
Trd, 4317868.793, 101
Trd, 4317869.843, 99
Trd, 4317872.143, 99
Trd, 4317872.293, 114
Trd, 4317874.893, 102
Trd, 4317875.643, 103
Trd, 4317877.443, 101
Trd, 4317879.093, 101
Trd, 4317879.793, 101
Trd, 4317882.293, 105
Trd, 4317884.293, 100
Trd, 4317885.493, 101
Trd, 4317887.943, 103
Trd, 4317889.093, 102
Trd, 4317889.743, 99
Trd, 4317891.493, 97
Trd, 4317894.243, 86
Trd, 4317894.693, 88
Trd, 4317896.993, 98
Trd, 4317899.093, 97
Trd, 4317900.193, 95
Trd, 4317901.593, 100
Trd, 4317904.893, 97
Trd, 4317906.393, 92
Trd, 4317906.643, 97
Trd, 4317907.193, 99
Trd, 4317913.093, 96
Trd, 4317915.293, 96
Trd, 4317916.843, 98
Trd, 4317916.993, 94
Trd, 4317918.593, 97
Trd, 4317919.343, 96
Trd, 4317919.693, 95
Trd, 4317920.043, 115
Trd, 4317922.293, 103
Trd, 4317924.343, 101
Trd, 4317925.743, 91
Trd, 4317925.993, 93
Trd, 4317926.893, 92
Trd, 4317928.343, 95
Trd, 4317930.493, 94
Trd, 4317932.193, 94
Trd, 4317932.943, 95
Trd, 4317934.843, 95
Trd, 4317935.743, 93
Trd, 4317936.993, 95
Trd, 4317938.693, 96
Trd, 4317940.443, 96
Trd, 4317941.693, 92
Trd, 4317942.943, 96
Trd, 4317943.143, 97
Trd, 4317945.743, 98
Trd, 4317947.093, 97
Trd, 4317949.593, 97
Trd, 4317953.843, 96
Trd, 4317954.393, 95
Trd, 4317954.993, 96
Trd, 4317958.743, 96
Trd, 4317962.143, 96
Trd, 4317963.743, 96
Trd, 4317963.993, 97
Trd, 4317967.443, 95
Trd, 4317968.693, 93
Trd, 4317969.043, 95
Trd, 4317971.193, 94
Trd, 4317972.793, 97
Trd, 4317974.443, 97
Trd, 4317977.593, 95
Trd, 4317979.893, 93
Trd, 4317980.143, 94
Trd, 4317982.543, 94
Trd, 4317984.593, 94
Trd, 4317984.843, 93
Trd, 4317988.093, 94
Trd, 4317988.743, 95
Trd, 4317991.493, 93
Trd, 4317994.493, 94
Trd, 4317994.843, 92
Trd, 4317995.393, 92
Trd, 4317996.443, 103
Trd, 4317998.243, 107
Trd, 4317998.593, 102
Trd, 4318003.993, 101
Trd, 4318004.443, 100
Trd, 4318005.543, 93
Trd, 4318005.793, 100
Trd, 4318007.843, 96
Trd, 4318008.943, 100
Trd, 4318011.443, 99
Trd, 4318014.243, 98
Trd, 4318015.143, 96
Trd, 4318015.843, 97
Trd, 4318017.093, 94
Trd, 4318018.893, 97
Trd, 4318019.543, 97
Trd, 4318024.443, 97
Trd, 4318025.493, 98
Trd, 4318025.893, 99
Trd, 4318031.343, 96
Trd, 4318036.543, 95
Trd, 4318037.693, 95
Trd, 4318037.793, 95
Trd, 4318038.893, 95
Trd, 4318042.493, 96
Trd, 4318044.093, 94
Trd, 4318044.743, 96
Trd, 4318045.393, 96
Trd, 4318051.893, 95
Trd, 4318052.193, 94
Trd, 4318052.793, 95
Trd, 4318052.943, 96
Trd, 4318057.343, 95
Trd, 4318059.243, 96
Trd, 4318059.943, 96
Trd, 4318060.793, 95
Trd, 4318061.843, 122
Trd, 4318062.093, 115
Trd, 4318063.193, 112
Trd, 4318064.793, 94
Trd, 4318066.243, 95
Trd, 4318067.293, 95
Trd, 4318067.893, 94
Trd, 4318070.493, 103
Trd, 4318071.043, 99
Trd, 4318072.543, 99
Trd, 4318073.793, 98
Trd, 4318076.893, 111
Trd, 4318077.093, 108
Trd, 4318078.893, 104
Trd, 4318080.543, 105
Trd, 4318081.193, 102
Trd, 4318084.643, 97
Trd, 4318084.743, 98
Trd, 4318087.343, 98
Trd, 4318088.093, 98
Trd, 4318088.293, 94
Trd, 4318089.443, 92
Trd, 4318090.393, 92
Trd, 4318092.043, 92
Trd, 4318093.243, 96
Trd, 4318096.393, 100
Trd, 4318096.493, 111
Trd, 4318098.543, 101
Trd, 4318100.193, 101
Trd, 4318100.943, 100
Trd, 4318102.443, 108
Trd, 4318103.043, 97
Trd, 4318104.843, 102
Trd, 4318107.193, 101
Trd, 4318109.693, 102
Trd, 4318111.743, 102
Trd, 4318111.993, 98
Trd, 4318112.443, 101
Trd, 4318112.993, 97
Trd, 4318113.993, 96
Trd, 4318115.543, 95
Trd, 4318116.293, 95
Trd, 4318118.543, 111
Trd, 4318118.593, 115
Trd, 4318119.793, 102
Trd, 4318120.693, 105
Trd, 4318121.793, 97
Trd, 4318123.143, 117
Trd, 4318123.943, 94
Trd, 4318125.693, 100
Trd, 4318126.243, 94
Trd, 4318127.043, 95
Trd, 4318127.143, 99
Trd, 4318129.593, 95
Trd, 4318129.993, 96
Trd, 4318133.693, 95
Trd, 4318135.343, 95
Trd, 4318137.393, 96
Trd, 4318138.193, 94
Trd, 4318138.243, 97
Trd, 4318140.093, 97
Trd, 4318142.343, 97
Trd, 4318144.593, 93
Trd, 4318145.643, 96
Trd, 4318146.193, 89
Trd, 4318146.493, 83
Trd, 4318147.043, 87
Trd, 4318147.793, 115
Trd, 4318148.193, 101
Trd, 4318150.543, 97
Trd, 4318152.243, 99
Trd, 4318153.443, 99
Trd, 4318153.893, 108
Trd, 4318154.843, 102
Trd, 4318155.743, 104
Trd, 4318158.093, 95
Trd, 4318158.643, 97
Trd, 4318162.443, 97
Trd, 4318163.943, 96
Trd, 4318164.843, 97
Trd, 4318165.743, 97
Trd, 4318168.543, 113
Trd, 4318171.293, 100
Trd, 4318173.793, 96
Trd, 4318176.343, 100
Trd, 4318179.093, 97
Trd, 4318180.793, 96
Trd, 4318180.893, 118
Trd, 4318182.143, 96
Trd, 4318184.393, 95
Trd, 4318184.893, 95
Trd, 4318185.893, 95
Trd, 4318186.793, 97
Trd, 4318188.393, 119
Trd, 4318191.143, 102
Trd, 4318191.443, 122
Trd, 4318191.943, 113
Trd, 4318192.943, 94
Trd, 4318194.193, 106
Trd, 4318195.343, 104
Trd, 4318196.643, 107
Trd, 4318197.043, 95
Trd, 4318197.893, 99
Trd, 4318198.843, 106
Trd, 4318202.643, 96
Trd, 4318203.793, 95
Trd, 4318206.193, 95
Trd, 4318206.743, 94
Trd, 4318209.243, 95
Trd, 4318209.393, 92
Trd, 4318210.693, 95
Trd, 4318215.943, 96
Trd, 4318216.143, 95
Trd, 4318219.493, 93
Trd, 4318221.093, 94
Trd, 4318221.643, 94
Trd, 4318227.943, 94
Trd, 4318228.343, 93
Trd, 4318228.593, 92
Trd, 4318229.493, 92
Trd, 4318230.193, 93
Trd, 4318230.443, 93
Trd, 4318234.793, 90
Trd, 4318235.143, 92
Trd, 4318236.443, 90
Trd, 4318237.593, 89
Trd, 4318239.193, 87
Trd, 4318240.643, 87
Trd, 4318241.243, 87
Trd, 4318241.643, 120
Trd, 4318242.743, 114
Trd, 4318243.743, 115
Trd, 4318244.643, 110
Trd, 4318245.093, 111
Trd, 4318248.793, 93
Trd, 4318252.443, 104
Trd, 4318253.693, 103
Trd, 4318254.143, 104
Trd, 4318254.693, 104
Trd, 4318256.693, 101
Trd, 4318257.493, 101
Trd, 4318258.793, 101
Trd, 4318259.893, 100
Trd, 4318261.643, 96
Trd, 4318264.693, 95
Trd, 4318265.243, 97
Trd, 4318269.143, 95
Trd, 4318269.393, 96
Trd, 4318269.743, 97
Trd, 4318270.343, 95
Trd, 4318270.893, 88
Trd, 4318271.743, 87
Trd, 4318272.543, 86
Trd, 4318273.443, 86
Trd, 4318274.993, 87
Trd, 4318276.543, 87
Trd, 4318278.793, 88
Trd, 4318278.993, 97
Trd, 4318280.543, 90
Trd, 4318280.743, 91
Trd, 4318282.143, 92
Trd, 4318287.543, 91
Trd, 4318292.543, 92
Trd, 4318292.893, 91
Trd, 4318297.443, 90
Trd, 4318297.743, 90
Trd, 4318300.393, 91
Trd, 4318301.243, 91
Trd, 4318303.093, 91
Trd, 4318303.793, 92
Trd, 4318307.393, 92
Trd, 4318310.593, 91
Trd, 4318315.193, 92
Trd, 4318315.693, 93
Trd, 4318316.493, 97
Trd, 4318316.793, 96
Trd, 4318317.643, 109
Trd, 4318319.243, 107
Trd, 4318319.393, 113
Trd, 4318320.293, 108
Trd, 4318322.143, 95
Trd, 4318323.143, 92
Trd, 4318323.443, 88
Trd, 4318325.443, 97
Trd, 4318327.243, 101
Trd, 4318327.643, 99
Trd, 4318329.443, 99
Trd, 4318330.943, 100
Trd, 4318331.593, 97
Trd, 4318332.993, 100
Trd, 4318333.193, 101
Trd, 4318333.243, 97
Trd, 4318335.893, 96
Trd, 4318335.993, 114
Trd, 4318337.343, 105
Trd, 4318337.593, 110
Trd, 4318338.843, 103
Trd, 4318340.793, 100
Trd, 4318341.493, 99
Trd, 4318343.043, 98
Trd, 4318344.293, 94
Trd, 4318344.593, 95
Trd, 4318345.393, 95
Trd, 4318347.993, 88
Trd, 4318348.493, 90
Trd, 4318350.343, 91
Trd, 4318352.643, 90
Trd, 4318354.243, 91
Trd, 4318356.943, 85
Trd, 4318357.343, 88
Trd, 4318358.043, 87
Trd, 4318358.093, 90
Trd, 4318361.493, 117
Trd, 4318361.693, 108
Trd, 4318361.843, 103
Trd, 4318362.093, 105
Trd, 4318364.243, 104
Trd, 4318366.143, 106
Trd, 4318367.643, 99
Trd, 4318368.393, 96
Trd, 4318371.943, 98
Trd, 4318372.893, 117
Trd, 4318373.643, 104
Trd, 4318375.043, 100
Trd, 4318378.693, 100
Trd, 4318379.393, 101
Trd, 4318381.843, 95
Trd, 4318381.993, 94
Trd, 4318382.293, 96
Trd, 4318383.743, 96
Trd, 4318384.893, 79
Trd, 4318388.043, 88
Trd, 4318388.743, 87
Trd, 4318389.193, 92
Trd, 4318389.643, 97
Trd, 4318390.243, 91
Trd, 4318391.743, 85
Trd, 4318392.093, 90
Trd, 4318393.193, 89
Trd, 4318394.943, 91
Trd, 4318395.443, 91
Trd, 4318396.393, 92
Trd, 4318397.293, 96
Trd, 4318400.343, 100
Trd, 4318402.993, 95
Trd, 4318403.343, 94
Trd, 4318403.993, 95
Trd, 4318404.643, 94
Trd, 4318407.393, 100
Trd, 4318407.843, 96
Trd, 4318409.243, 101
Trd, 4318409.643, 103
Trd, 4318411.793, 103
Trd, 4318412.743, 99
Trd, 4318414.893, 99
Trd, 4318415.093, 103
Trd, 4318419.993, 98
Trd, 4318422.243, 100
Trd, 4318422.293, 100
Trd, 4318424.043, 98
Trd, 4318424.143, 97
Trd, 4318425.543, 96
Trd, 4318426.343, 95
Trd, 4318426.843, 96
Trd, 4318426.893, 121
Trd, 4318429.543, 103
Trd, 4318430.993, 94
Trd, 4318434.343, 99
Trd, 4318434.543, 99
Trd, 4318435.643, 99
Trd, 4318436.843, 95
Trd, 4318437.793, 90
Trd, 4318440.093, 92
Trd, 4318440.243, 92
Trd, 4318441.893, 105
Trd, 4318444.193, 98
Trd, 4318445.093, 114
Trd, 4318445.793, 97
Trd, 4318445.843, 106
Trd, 4318449.693, 104
Trd, 4318450.443, 97
Trd, 4318450.643, 102
Trd, 4318452.443, 100
Trd, 4318453.543, 96
Trd, 4318454.243, 96
Trd, 4318455.693, 96
Trd, 4318456.193, 96
Trd, 4318460.443, 95
Trd, 4318461.043, 95
Trd, 4318461.193, 97
Trd, 4318462.043, 94
Trd, 4318464.193, 93
Trd, 4318465.693, 96
Trd, 4318466.393, 95
Trd, 4318466.443, 97
Trd, 4318468.743, 96
Trd, 4318469.693, 93
Trd, 4318470.543, 96
Trd, 4318473.593, 89
Trd, 4318475.843, 89
Trd, 4318475.993, 88
Trd, 4318476.793, 102
Trd, 4318478.793, 93
Trd, 4318479.993, 108
Trd, 4318480.993, 103
Trd, 4318482.343, 109
Trd, 4318482.493, 102
Trd, 4318483.293, 102
Trd, 4318484.793, 101
Trd, 4318484.993, 101
Trd, 4318486.593, 108
Trd, 4318489.193, 103
Trd, 4318489.943, 104
Trd, 4318491.693, 103
Trd, 4318492.893, 101
Trd, 4318494.443, 104
Trd, 4318494.893, 104
Trd, 4318498.293, 99
Trd, 4318499.843, 101
Trd, 4318502.543, 94
Trd, 4318505.143, 100
Trd, 4318507.493, 98
Trd, 4318508.343, 95
Trd, 4318509.093, 99
Trd, 4318511.193, 99
Trd, 4318512.093, 99
Trd, 4318513.743, 99
Trd, 4318515.093, 111
Trd, 4318519.343, 103
Trd, 4318519.993, 116
Trd, 4318521.143, 100
Trd, 4318524.043, 99
Trd, 4318524.193, 104
Trd, 4318526.143, 104
Trd, 4318528.093, 97
Trd, 4318531.143, 96
Trd, 4318531.193, 98
Trd, 4318536.193, 97
Trd, 4318537.093, 96
Trd, 4318537.393, 115
Trd, 4318538.543, 95
Trd, 4318539.393, 95
Trd, 4318540.843, 100
Trd, 4318542.143, 94
Trd, 4318543.393, 98
Trd, 4318543.693, 104
Trd, 4318543.943, 96
Trd, 4318546.293, 99
Trd, 4318546.643, 95
Trd, 4318550.293, 98
Trd, 4318551.993, 98
Trd, 4318553.693, 99
Trd, 4318555.793, 100
Trd, 4318555.943, 110
Trd, 4318556.393, 99
Trd, 4318557.543, 98
Trd, 4318559.593, 97
Trd, 4318560.993, 97
Trd, 4318562.593, 97
Trd, 4318564.793, 96
Trd, 4318566.793, 96
Trd, 4318568.643, 117
Trd, 4318569.993, 100
Trd, 4318570.393, 94
Trd, 4318571.343, 100
Trd, 4318573.543, 95
Trd, 4318577.193, 97
Trd, 4318577.743, 97
Trd, 4318577.993, 112
Trd, 4318581.643, 98
Trd, 4318587.393, 97
Trd, 4318588.793, 97
Trd, 4318589.543, 96
Trd, 4318591.993, 95
Trd, 4318592.993, 96
Trd, 4318593.293, 94
Trd, 4318596.193, 88
Trd, 4318596.443, 90
Trd, 4318597.693, 89
Trd, 4318598.843, 90
Trd, 4318600.343, 93
Trd, 4318601.293, 95
Trd, 4318602.843, 95
Trd, 4318603.493, 103
Trd, 4318604.543, 100
Trd, 4318604.943, 99
Trd, 4318606.293, 107
Trd, 4318607.893, 98
Trd, 4318608.293, 96
Trd, 4318609.993, 94
Trd, 4318611.543, 95
Trd, 4318612.643, 95
Trd, 4318613.393, 92
Trd, 4318618.693, 93
Trd, 4318619.893, 94
Trd, 4318621.493, 94
Trd, 4318622.393, 95
Trd, 4318626.093, 95
Trd, 4318626.843, 95
Trd, 4318628.943, 113
Trd, 4318629.493, 92
Trd, 4318629.843, 99
Trd, 4318630.243, 108
Trd, 4318631.043, 107
Trd, 4318633.393, 104
Trd, 4318636.443, 102
Trd, 4318636.543, 103
Trd, 4318638.093, 93
Trd, 4318638.393, 97
Trd, 4318641.043, 97
Trd, 4318642.993, 117
Trd, 4318643.743, 114
Trd, 4318644.293, 111
Trd, 4318645.693, 111
Trd, 4318647.193, 88
Trd, 4318648.193, 86
Trd, 4318648.493, 88
Trd, 4318650.843, 103
Trd, 4318652.043, 97
Trd, 4318652.893, 92
Trd, 4318654.793, 101
Trd, 4318657.193, 96
Trd, 4318657.543, 94
Trd, 4318657.793, 97
Trd, 4318662.643, 95
Trd, 4318663.843, 93
Trd, 4318664.443, 95
Trd, 4318668.293, 94
Trd, 4318669.243, 95
Trd, 4318669.693, 95
Trd, 4318670.443, 105
Trd, 4318670.543, 114
Trd, 4318673.143, 100
Trd, 4318674.893, 98
Trd, 4318674.993, 99
Trd, 4318675.543, 99
Trd, 4318678.243, 98
Trd, 4318679.743, 99
Trd, 4318680.193, 104
Trd, 4318681.243, 90
Trd, 4318683.893, 89
Trd, 4318684.793, 90
Trd, 4318685.243, 96
Trd, 4318687.293, 98
Trd, 4318688.793, 91
Trd, 4318690.093, 91
Trd, 4318690.293, 104
Trd, 4318691.543, 95
Trd, 4318696.043, 96
Trd, 4318698.593, 95
Trd, 4318700.343, 95
Trd, 4318703.593, 93
Trd, 4318704.543, 95
Trd, 4318705.643, 95
Trd, 4318705.993, 92
Trd, 4318707.043, 95
Trd, 4318707.293, 96
Trd, 4318713.293, 97
Trd, 4318713.443, 95
Trd, 4318714.593, 97
Trd, 4318715.643, 95
Trd, 4318716.443, 92
Trd, 4318716.843, 94
Trd, 4318718.643, 94
Trd, 4318719.743, 92
Trd, 4318724.343, 94
Trd, 4318724.643, 94
Trd, 4318725.793, 94
Trd, 4318726.493, 94
Trd, 4318727.593, 102
Trd, 4318727.893, 102
Trd, 4318730.293, 101
Trd, 4318730.893, 93
Trd, 4318731.443, 101
Trd, 4318733.343, 101
Trd, 4318734.443, 102
Trd, 4318734.993, 106
Trd, 4318735.593, 96
Trd, 4318737.093, 99
Trd, 4318737.693, 99
Trd, 4318739.743, 98
Trd, 4318741.143, 99
Trd, 4318742.793, 101
Trd, 4318743.893, 95
Trd, 4318746.093, 98
Trd, 4318746.243, 97
Trd, 4318747.643, 94
Trd, 4318748.193, 97
Trd, 4318749.593, 100
Trd, 4318750.593, 99
Trd, 4318754.343, 94
Trd, 4318754.493, 97
Trd, 4318754.893, 98
Trd, 4318755.843, 97
Trd, 4318757.993, 95
Trd, 4318760.193, 89
Trd, 4318761.043, 89
Trd, 4318761.743, 106
Trd, 4318762.543, 108
Trd, 4318763.993, 108
Trd, 4318764.743, 103
Trd, 4318767.693, 102
Trd, 4318768.793, 103
Trd, 4318769.843, 100
Trd, 4318770.243, 103
Trd, 4318770.493, 101
Trd, 4318774.543, 95
Trd, 4318774.843, 98
Trd, 4318776.893, 97
Trd, 4318777.093, 97
Trd, 4318778.643, 97
Trd, 4318779.943, 94
Trd, 4318782.093, 98
Trd, 4318782.793, 97
Trd, 4318783.793, 94
Trd, 4318783.893, 97
Trd, 4318789.343, 93
Trd, 4318794.493, 95
Trd, 4318795.043, 96
Trd, 4318798.493, 95
Trd, 4318799.693, 95
Trd, 4318800.393, 92
Trd, 4318805.793, 95
Trd, 4318807.043, 95
Trd, 4318809.643, 95
Trd, 4318809.843, 92
Trd, 4318814.593, 95
Trd, 4318815.043, 92
Trd, 4318815.343, 92
Trd, 4318815.943, 94
Trd, 4318818.943, 94
Trd, 4318819.443, 94
Trd, 4318819.893, 121
Trd, 4318821.843, 97
Trd, 4318822.543, 102
Trd, 4318825.193, 96
Trd, 4318826.343, 95
Trd, 4318826.443, 100
Trd, 4318826.643, 100
Trd, 4318830.143, 100
Trd, 4318830.443, 100
Trd, 4318830.493, 100
Trd, 4318833.743, 95
Trd, 4318837.193, 95
Trd, 4318837.443, 98
Trd, 4318839.093, 98
Trd, 4318839.593, 97
Trd, 4318841.543, 94
Trd, 4318842.343, 97
Trd, 4318846.143, 99
Trd, 4318848.943, 94
Trd, 4318849.693, 99
Trd, 4318851.393, 97
Trd, 4318853.793, 97
Trd, 4318854.143, 94
Trd, 4318859.643, 95
Trd, 4318862.743, 94
Trd, 4318863.293, 93
Trd, 4318865.193, 93
Trd, 4318865.393, 92
Trd, 4318866.543, 113
Trd, 4318866.743, 92
Trd, 4318867.943, 98
Trd, 4318868.893, 102
Trd, 4318868.943, 106
Trd, 4318871.843, 101
Trd, 4318874.093, 96
Trd, 4318874.743, 97
Trd, 4318875.293, 98
Trd, 4318876.443, 96
Trd, 4318878.693, 95
Trd, 4318878.993, 96
Trd, 4318880.093, 93
Trd, 4318882.043, 99
Trd, 4318882.693, 97
Trd, 4318882.793, 108
Trd, 4318885.443, 99
Trd, 4318887.243, 99
Trd, 4318888.543, 97
Trd, 4318890.993, 97
Trd, 4318891.393, 99
Trd, 4318894.293, 96
Trd, 4318896.243, 99
Trd, 4318897.443, 95
Trd, 4318898.093, 94
Trd, 4318900.593, 99
Trd, 4318904.843, 99
Trd, 4318905.443, 95
Trd, 4318907.143, 94
Trd, 4318907.243, 99
Trd, 4318907.343, 99
Trd, 4318910.393, 98
Trd, 4318911.793, 99
Trd, 4318918.293, 98
Trd, 4318919.443, 97
Trd, 4318920.193, 96
Trd, 4318920.243, 97
Trd, 4318921.243, 97
Trd, 4318923.843, 98
Trd, 4318926.143, 97
Trd, 4318926.643, 96
Trd, 4318930.343, 96
Trd, 4318930.893, 95
Trd, 4318932.843, 96
Trd, 4318934.793, 95
Trd, 4318936.893, 94
Trd, 4318937.593, 92
Trd, 4318938.293, 95
Trd, 4318944.293, 95
Trd, 4318945.093, 96
Trd, 4318947.593, 97
Trd, 4318948.743, 97
Trd, 4318950.243, 97
Trd, 4318952.043, 97
Trd, 4318962.093, 97
Trd, 4318962.243, 97
Trd, 4318963.393, 98
Trd, 4318964.543, 104
Trd, 4318968.593, 98
Trd, 4318969.193, 97
Trd, 4318970.643, 98
Trd, 4318971.543, 105
Trd, 4318972.243, 97
Trd, 4318974.393, 95
Trd, 4318975.693, 96
Trd, 4318975.993, 101
Trd, 4318976.593, 101
Trd, 4318978.093, 113
Trd, 4318979.593, 106
Trd, 4318981.443, 104
Trd, 4318983.143, 104
Trd, 4318984.343, 107
Trd, 4318985.843, 94
Trd, 4318987.043, 90
Trd, 4318987.793, 88
Trd, 4318988.943, 87
Trd, 4318990.493, 88
Trd, 4318992.143, 95
Trd, 4318993.343, 90
Trd, 4318995.043, 94
Trd, 4318996.693, 115
Trd, 4318997.843, 101
Trd, 4318998.293, 99
Trd, 4318999.743, 100
Trd, 4319001.093, 100
Trd, 4319002.143, 103
Trd, 4319002.693, 102
Trd, 4319003.443, 100
Trd, 4319006.543, 97
Trd, 4319006.943, 97
Trd, 4319007.193, 97
Trd, 4319012.343, 95
Trd, 4319014.243, 96
Trd, 4319014.493, 94
Trd, 4319015.093, 97
Trd, 4319016.193, 97
Trd, 4319018.343, 97
Trd, 4319019.143, 97
Trd, 4319019.343, 94
Trd, 4319022.193, 97
Trd, 4319024.193, 96
Trd, 4319026.993, 97
Trd, 4319027.343, 98
Trd, 4319027.543, 93
Trd, 4319028.393, 96
Trd, 4319031.143, 107
Trd, 4319031.993, 107
Trd, 4319032.643, 104
Trd, 4319033.193, 94
Trd, 4319033.843, 106
Trd, 4319034.043, 122
Trd, 4319036.243, 101
Trd, 4319037.493, 110
Trd, 4319039.943, 102
Trd, 4319041.443, 100
Trd, 4319044.543, 99
Trd, 4319045.443, 94
Trd, 4319045.843, 103
Trd, 4319046.843, 95
Trd, 4319048.943, 96
Trd, 4319049.393, 96
Trd, 4319051.543, 94
Trd, 4319052.993, 95
Trd, 4319053.293, 96
Trd, 4319053.393, 96
Trd, 4319054.693, 96
Trd, 4319055.243, 95
Trd, 4319061.143, 94
Trd, 4319063.593, 93
Trd, 4319064.993, 94
Trd, 4319065.343, 92
Trd, 4319067.343, 98
Trd, 4319068.343, 97
Trd, 4319069.293, 99
Trd, 4319071.293, 99
Trd, 4319071.693, 99
Trd, 4319072.643, 99
Trd, 4319073.443, 97
Trd, 4319074.343, 95
Trd, 4319075.743, 95
Trd, 4319076.043, 99
Trd, 4319078.293, 98
Trd, 4319082.643, 98
Trd, 4319082.943, 94
Trd, 4319084.043, 98
Trd, 4319086.093, 106
Trd, 4319086.843, 104
Trd, 4319087.793, 103
Trd, 4319089.543, 105
Trd, 4319089.993, 102
Trd, 4319090.443, 102
Trd, 4319091.543, 115
Trd, 4319095.393, 101
Trd, 4319096.543, 101
Trd, 4319096.643, 103
Trd, 4319097.593, 105
Trd, 4319100.293, 104
Trd, 4319101.193, 100
Trd, 4319102.043, 100
Trd, 4319104.243, 113
Trd, 4319106.943, 102
Trd, 4319107.293, 103
Trd, 4319108.593, 93
Trd, 4319110.793, 83
Trd, 4319111.743, 93
Trd, 4319112.843, 100
Trd, 4319113.593, 95
Trd, 4319114.593, 96
Trd, 4319116.493, 95
Trd, 4319116.893, 96
Trd, 4319118.543, 94
Trd, 4319118.993, 97
Trd, 4319120.193, 114
Trd, 4319122.743, 105
Trd, 4319122.993, 97
Trd, 4319124.343, 97
Trd, 4319125.943, 101
Trd, 4319130.593, 96
Trd, 4319131.293, 100
Trd, 4319133.843, 101
Trd, 4319134.943, 101
Trd, 4319135.243, 103
Trd, 4319136.393, 100
Trd, 4319138.293, 103
Trd, 4319138.443, 99
Trd, 4319139.693, 103
Trd, 4319142.343, 96
Trd, 4319144.693, 97
Trd, 4319144.843, 98
Trd, 4319146.493, 98
Trd, 4319152.093, 95
Trd, 4319154.693, 96
Trd, 4319157.343, 96
Trd, 4319160.043, 95
Trd, 4319162.043, 95
Trd, 4319163.443, 94
Trd, 4319166.343, 95
Trd, 4319166.593, 95
Trd, 4319166.793, 94
Trd, 4319167.093, 96
Trd, 4319168.893, 113
Trd, 4319172.643, 100
Trd, 4319172.943, 105
Trd, 4319173.993, 102
Trd, 4319176.343, 101
Trd, 4319176.393, 98
Trd, 4319179.093, 97
Trd, 4319179.593, 96
Trd, 4319179.993, 102
Trd, 4319180.643, 110
Trd, 4319181.793, 104
Trd, 4319183.743, 103
Trd, 4319184.693, 103
Trd, 4319185.443, 103
Trd, 4319189.893, 102
Trd, 4319190.643, 103
Trd, 4319191.143, 100
Trd, 4319191.393, 103
Trd, 4319193.143, 99
Trd, 4319198.993, 101
Trd, 4319200.393, 99
Trd, 4319201.893, 98
Trd, 4319202.243, 99
Trd, 4319204.193, 110
Trd, 4319204.793, 105
Trd, 4319205.943, 104
Trd, 4319206.393, 94
Trd, 4319208.843, 102
Trd, 4319210.093, 97
Trd, 4319210.793, 99
Trd, 4319210.943, 99
Trd, 4319213.343, 94
Trd, 4319215.693, 99
Trd, 4319218.743, 97
Trd, 4319220.393, 99
Trd, 4319220.493, 98
Trd, 4319222.643, 95
Trd, 4319222.943, 93
Trd, 4319227.493, 94
Trd, 4319231.343, 94
Trd, 4319232.893, 93
Trd, 4319234.743, 94
Trd, 4319237.143, 94
Trd, 4319237.943, 92
Trd, 4319238.893, 94
Trd, 4319240.993, 93
Trd, 4319241.543, 91
Trd, 4319242.493, 92
Trd, 4319244.243, 92
Trd, 4319245.043, 90
Trd, 4319245.293, 93
Trd, 4319249.893, 89
Trd, 4319250.543, 92
Trd, 4319250.793, 92
Trd, 4319252.043, 92
Trd, 4319256.593, 91
Trd, 4319257.343, 92
Trd, 4319258.293, 92
Trd, 4319258.893, 91
Trd, 4319259.693, 95
Trd, 4319260.693, 94
Trd, 4319266.193, 95
Trd, 4319269.143, 95
Trd, 4319269.293, 94
Trd, 4319272.493, 94
Trd, 4319275.243, 93
Trd, 4319277.493, 94
Trd, 4319281.593, 95
Trd, 4319283.793, 94
Trd, 4319284.593, 92
Trd, 4319287.193, 94
Trd, 4319288.943, 94
Trd, 4319292.543, 93
Trd, 4319292.643, 95
Trd, 4319293.193, 92
Trd, 4319295.043, 98
Trd, 4319297.693, 98
Trd, 4319297.893, 98
Trd, 4319299.243, 98
Trd, 4319301.543, 96
Trd, 4319301.893, 98
Trd, 4319303.543, 98
Trd, 4319305.293, 97
Trd, 4319305.493, 105
Trd, 4319306.493, 97
Trd, 4319307.043, 100
Trd, 4319308.593, 100
Trd, 4319309.793, 112
Trd, 4319313.193, 104
Trd, 4319314.243, 106
Trd, 4319315.093, 99
Trd, 4319316.393, 100
Trd, 4319319.543, 99
Trd, 4319324.093, 99
Trd, 4319324.443, 97
Trd, 4319325.943, 95
Trd, 4319327.293, 95
Trd, 4319327.743, 94
Trd, 4319327.943, 96
Trd, 4319328.993, 97
Trd, 4319331.443, 97
Trd, 4319334.543, 96
Trd, 4319335.243, 96
Trd, 4319336.743, 99
Trd, 4319337.443, 98
Trd, 4319337.993, 93
Trd, 4319340.543, 92
Trd, 4319341.043, 91
Trd, 4319341.793, 91
Trd, 4319344.043, 91
Trd, 4319344.443, 98
Trd, 4319347.443, 109
Trd, 4319347.643, 101
Trd, 4319349.293, 104
Trd, 4319351.693, 101
Trd, 4319353.293, 101
Trd, 4319355.243, 103
Trd, 4319355.993, 100
Trd, 4319356.343, 100
Trd, 4319358.593, 102
Trd, 4319360.243, 101
Trd, 4319360.843, 100
Trd, 4319362.193, 94
Trd, 4319362.843, 101
Trd, 4319365.243, 86
Trd, 4319367.643, 95
Trd, 4319368.693, 95
Trd, 4319370.943, 95
Trd, 4319371.343, 95
Trd, 4319371.493, 93
Trd, 4319376.543, 95
Trd, 4319379.343, 95
Trd, 4319381.543, 100
Trd, 4319383.143, 114
Trd, 4319383.493, 102
Trd, 4319384.893, 101
Trd, 4319385.293, 100
Trd, 4319387.893, 94
Trd, 4319388.293, 99
Trd, 4319389.843, 96
Trd, 4319391.443, 96
Trd, 4319392.643, 100
Trd, 4319396.393, 98
Trd, 4319397.343, 122
Trd, 4319401.643, 98
Trd, 4319402.893, 97
Trd, 4319403.143, 95
Trd, 4319407.193, 97
Trd, 4319407.493, 98
Trd, 4319410.293, 94
Trd, 4319413.893, 97
Trd, 4319414.593, 97
Trd, 4319415.493, 97
Trd, 4319416.743, 97
Trd, 4319419.043, 98
Trd, 4319421.943, 95
Trd, 4319422.593, 99
Trd, 4319422.993, 93
Trd, 4319424.693, 96
Trd, 4319426.043, 96
Trd, 4319426.493, 98
Trd, 4319427.293, 93
Trd, 4319433.843, 96
Trd, 4319434.443, 96
Trd, 4319435.293, 96
Trd, 4319435.693, 116
Trd, 4319436.693, 115
Trd, 4319439.993, 100
Trd, 4319440.193, 104
Trd, 4319441.393, 104
Trd, 4319441.693, 111
Trd, 4319442.993, 109
Trd, 4319443.493, 92
Trd, 4319445.943, 104
Trd, 4319446.193, 103
Trd, 4319446.643, 102
Trd, 4319448.143, 104
Trd, 4319450.643, 103
Trd, 4319452.343, 100
Trd, 4319454.793, 101
Trd, 4319456.193, 102
Trd, 4319457.693, 100
Trd, 4319458.193, 99
Trd, 4319462.093, 101
Trd, 4319463.143, 100
Trd, 4319463.593, 100
Trd, 4319464.293, 98
Trd, 4319465.893, 98
Trd, 4319467.793, 97
Trd, 4319469.943, 95
Trd, 4319470.543, 108
Trd, 4319472.693, 117
Trd, 4319473.793, 97
Trd, 4319475.243, 103
Trd, 4319477.543, 100
Trd, 4319477.943, 101
Trd, 4319479.843, 101
Trd, 4319483.043, 101
Trd, 4319483.243, 101
Trd, 4319483.543, 100
Trd, 4319488.093, 99
Trd, 4319489.143, 101
Trd, 4319490.093, 97
Trd, 4319491.293, 97
Trd, 4319492.593, 96
Trd, 4319495.893, 96
Trd, 4319496.043, 95
Trd, 4319497.543, 94
Trd, 4319497.743, 106
Trd, 4319499.643, 100
Trd, 4319502.143, 95
Trd, 4319504.643, 94
Trd, 4319505.493, 95
Trd, 4319510.743, 94
Trd, 4319511.093, 95
Trd, 4319511.193, 93
Trd, 4319512.743, 94
Trd, 4319513.243, 93
Trd, 4319514.743, 94
Trd, 4319520.693, 95
Trd, 4319521.243, 95
Trd, 4319522.043, 92
Trd, 4319522.993, 90
Trd, 4319523.643, 89
Trd, 4319523.993, 88
Trd, 4319525.643, 103
Trd, 4319526.743, 85
Trd, 4319529.643, 96
Trd, 4319531.093, 95
Trd, 4319532.143, 94
Trd, 4319535.593, 92
Trd, 4319538.493, 91
Trd, 4319539.243, 97
Trd, 4319539.643, 93
Trd, 4319541.993, 107
Trd, 4319542.193, 105
Trd, 4319542.943, 113
Trd, 4319543.593, 113
Trd, 4319544.493, 108
Trd, 4319547.543, 96
Trd, 4319548.193, 89
Trd, 4319548.643, 90
Trd, 4319549.493, 117
Trd, 4319552.593, 94
Trd, 4319554.743, 94
Trd, 4319555.243, 95
Trd, 4319559.043, 93
Trd, 4319560.193, 93
Trd, 4319560.893, 93
Trd, 4319564.793, 93
Trd, 4319565.293, 94
Trd, 4319566.793, 94
Trd, 4319567.443, 91
Trd, 4319569.643, 95
Trd, 4319570.293, 95
Trd, 4319573.193, 102
Trd, 4319573.243, 102
Trd, 4319574.893, 93
Trd, 4319576.043, 97
Trd, 4319577.943, 101
Trd, 4319578.593, 101
Trd, 4319581.143, 88
Trd, 4319581.943, 87
Trd, 4319582.893, 93
Trd, 4319584.543, 100
Trd, 4319584.693, 116
Trd, 4319586.293, 103
Trd, 4319586.743, 100
Trd, 4319591.993, 102
Trd, 4319593.293, 100
Trd, 4319593.943, 100
Trd, 4319594.793, 98
Trd, 4319596.043, 94
Trd, 4319597.943, 95
Trd, 4319597.993, 94
Trd, 4319598.943, 96
Trd, 4319600.993, 95
Trd, 4319603.843, 116
Trd, 4319604.843, 93
Trd, 4319607.943, 99
Trd, 4319609.293, 100
Trd, 4319609.593, 106
Trd, 4319612.493, 101
Trd, 4319616.343, 96
Trd, 4319616.643, 96
Trd, 4319619.143, 83
Trd, 4319619.993, 83
Trd, 4319621.043, 88
Trd, 4319622.693, 87
Trd, 4319623.093, 113
Trd, 4319623.193, 100
Trd, 4319624.293, 95
Trd, 4319625.543, 97
Trd, 4319626.843, 97
Trd, 4319629.593, 97
Trd, 4319630.743, 100
Trd, 4319632.943, 98
Trd, 4319633.843, 98
Trd, 4319634.143, 99
Trd, 4319635.393, 112
Trd, 4319636.793, 102
Trd, 4319638.593, 101
Trd, 4319639.393, 102
Trd, 4319639.443, 100
Trd, 4319639.893, 94
Trd, 4319641.193, 95
Trd, 4319641.843, 93
Trd, 4319642.243, 119
Trd, 4319644.193, 101
Trd, 4319644.943, 97
Trd, 4319645.843, 117
Trd, 4319651.393, 99
Trd, 4319652.243, 97
Trd, 4319656.143, 99
Trd, 4319659.043, 96
Trd, 4319660.193, 98
Trd, 4319662.443, 98
Trd, 4319662.793, 99
Trd, 4319665.743, 100
Trd, 4319666.393, 96
Trd, 4319667.643, 96
Trd, 4319670.743, 97
Trd, 4319674.693, 96
Trd, 4319674.743, 97
Trd, 4319675.843, 97
Trd, 4319680.043, 97
Trd, 4319680.093, 95
Trd, 4319681.793, 97
Trd, 4319683.943, 101
Trd, 4319687.593, 94
Trd, 4319689.693, 99
Trd, 4319690.743, 99
Trd, 4319691.893, 97
Trd, 4319694.793, 96
Trd, 4319695.593, 96
Trd, 4319698.793, 96
Trd, 4319701.593, 96
Trd, 4319703.593, 96
Trd, 4319704.143, 94
Trd, 4319707.543, 94
Trd, 4319708.343, 93
Trd, 4319709.193, 95
Trd, 4319709.993, 98
Trd, 4319712.993, 104
Trd, 4319713.093, 101
Trd, 4319713.443, 101
Trd, 4319714.093, 94
Trd, 4319715.943, 97
Trd, 4319716.943, 98
Trd, 4319718.093, 97
Trd, 4319719.893, 98
Trd, 4319720.143, 96
Trd, 4319721.843, 102
Trd, 4319722.543, 113
Trd, 4319722.793, 102
Trd, 4319723.593, 94
Trd, 4319725.893, 96
Trd, 4319727.543, 95
Trd, 4319729.193, 96
Trd, 4319730.043, 99
Trd, 4319731.393, 117
Trd, 4319733.793, 99
Trd, 4319734.543, 103
Trd, 4319736.393, 100
Trd, 4319738.993, 102
Trd, 4319740.793, 102
Trd, 4319741.143, 101
Trd, 4319741.893, 106
Trd, 4319745.643, 100
Trd, 4319746.593, 100
Trd, 4319746.693, 101
Trd, 4319748.693, 101
Trd, 4319749.793, 99
Trd, 4319753.443, 98
Trd, 4319755.043, 102
Trd, 4319755.093, 103
Trd, 4319755.943, 102
Trd, 4319758.893, 100
Trd, 4319760.243, 103
Trd, 4319761.243, 103
Trd, 4319761.693, 99
Trd, 4319761.893, 104
Trd, 4319766.143, 98
Trd, 4319767.043, 103
Trd, 4319768.293, 102
Trd, 4319771.993, 100
Trd, 4319773.893, 98
Trd, 4319774.293, 99
Trd, 4319776.293, 100
Trd, 4319776.593, 99
Trd, 4319776.693, 97
Trd, 4319777.893, 104
Trd, 4319778.343, 103
Trd, 4319780.543, 91
Trd, 4319780.693, 92
Trd, 4319782.943, 98
Trd, 4319785.393, 99
Trd, 4319786.143, 96
Trd, 4319787.093, 98
Trd, 4319788.293, 100
Trd, 4319791.043, 98
Trd, 4319791.643, 104
Trd, 4319793.343, 98
Trd, 4319793.843, 101
Trd, 4319794.493, 100
Trd, 4319796.843, 99
Trd, 4319798.943, 97
Trd, 4319801.893, 96
Trd, 4319801.943, 96
Trd, 4319803.593, 94
Trd, 4319804.343, 94
Trd, 4319805.743, 93
Trd, 4319807.643, 93
Trd, 4319811.693, 93
Trd, 4319813.343, 91
Trd, 4319819.793, 92
Trd, 4319819.843, 93
Trd, 4319821.143, 93
Trd, 4319822.643, 102
Trd, 4319823.093, 97
Trd, 4319823.593, 97
Trd, 4319827.043, 98
Trd, 4319830.343, 109
Trd, 4319831.843, 103
Trd, 4319832.343, 116
Trd, 4319833.393, 117
Trd, 4319834.343, 102
Trd, 4319834.843, 102
Trd, 4319838.893, 99
Trd, 4319839.993, 94
Trd, 4319840.943, 97
Trd, 4319842.443, 97
Trd, 4319845.543, 96
Trd, 4319847.243, 97
Trd, 4319848.043, 96
Trd, 4319848.093, 97
Trd, 4319852.093, 97
Trd, 4319854.393, 97
Trd, 4319854.893, 97
Trd, 4319855.193, 113
Trd, 4319855.543, 107
Trd, 4319857.543, 96
Trd, 4319857.893, 94
Trd, 4319859.893, 94
Trd, 4319860.343, 95
Trd, 4319862.443, 93
Trd, 4319864.043, 93
Trd, 4319864.643, 94
Trd, 4319867.843, 92
Trd, 4319868.493, 80
Trd, 4319869.693, 87
Trd, 4319869.993, 85
Trd, 4319872.493, 98
Trd, 4319872.593, 96
Trd, 4319873.993, 99
Trd, 4319874.143, 110
Trd, 4319880.443, 99
Trd, 4319880.593, 97
Trd, 4319880.793, 97
Trd, 4319883.293, 96
Trd, 4319883.443, 96
Trd, 4319883.593, 98
Trd, 4319887.993, 97
Trd, 4319888.043, 94
Trd, 4319888.293, 98
Trd, 4319892.443, 93
Trd, 4319893.293, 96
Trd, 4319897.493, 97
Trd, 4319898.743, 95
Trd, 4319899.793, 95
Trd, 4319900.293, 92
Trd, 4319901.343, 107
Trd, 4319902.093, 100
Trd, 4319902.843, 96
Trd, 4319904.193, 99
Trd, 4319905.893, 117
Trd, 4319906.893, 105
Trd, 4319908.643, 107
Trd, 4319909.993, 104
Trd, 4319912.343, 101
Trd, 4319912.493, 100
Trd, 4319914.293, 99
Trd, 4319915.843, 99
Trd, 4319917.393, 114
Trd, 4319918.043, 105
Trd, 4319919.293, 99
Trd, 4319920.093, 98
Trd, 4319920.243, 99
Trd, 4319922.543, 98
Trd, 4319924.443, 99
Trd, 4319925.193, 100
Trd, 4319925.793, 99
Trd, 4319929.693, 98
Trd, 4319930.593, 89
Trd, 4319932.143, 109
Trd, 4319934.043, 107
Trd, 4319934.493, 103
Trd, 4319934.693, 113
Trd, 4319938.093, 101
Trd, 4319938.593, 101
Trd, 4319939.593, 101
Trd, 4319939.743, 100
Trd, 4319940.393, 94
Trd, 4319943.143, 105
Trd, 4319944.893, 111
Trd, 4319945.743, 107
Trd, 4319946.193, 104
Trd, 4319946.393, 100
Trd, 4319946.743, 108
Trd, 4319950.843, 98
Trd, 4319952.243, 97
Trd, 4319954.343, 96
Trd, 4319956.343, 96
Trd, 4319958.093, 94
Trd, 4319958.193, 96
Trd, 4319958.943, 96
Trd, 4319959.193, 97
Trd, 4319961.893, 97
Trd, 4319964.093, 98
Trd, 4319964.793, 97
Trd, 4319967.043, 99
Trd, 4319969.093, 104
Trd, 4319970.293, 103
Trd, 4319970.943, 105
Trd, 4319971.993, 103
Trd, 4319974.493, 103
Trd, 4319976.843, 101
Trd, 4319977.793, 99
Trd, 4319981.243, 100
Trd, 4319982.543, 100
Trd, 4319984.293, 100
Trd, 4319986.093, 101
Trd, 4319986.993, 117
Trd, 4319988.543, 99
Trd, 4319991.143, 102
Trd, 4319992.993, 95
Trd, 4319993.093, 97
Trd, 4319994.543, 95
Trd, 4319995.543, 94
Trd, 4319998.093, 110
Trd, 4319998.893, 101
Trd, 4319999.093, 100
Trd, 4319999.643, 100
