Trd, 4317812.443, 84
Trd, 4317812.593, 86
Trd, 4317816.143, 84
Trd, 4317817.643, 84
Trd, 4317818.143, 86
Trd, 4317819.743, 94
Trd, 4317821.543, 101
Trd, 4317822.093, 87
Trd, 4317825.893, 90
Trd, 4317826.193, 101
Trd, 4317832.143, 84
Trd, 4317832.593, 85
Trd, 4317832.843, 85
Trd, 4317836.443, 84
Trd, 4317836.543, 85
Trd, 4317840.493, 82
Trd, 4317842.143, 83
Trd, 4317845.243, 83
Trd, 4317848.243, 83
Trd, 4317849.493, 81
Trd, 4317852.293, 80
Trd, 4317852.893, 82
Trd, 4317853.543, 83
Trd, 4317857.343, 82
Trd, 4317858.743, 82
Trd, 4317860.043, 82
Trd, 4317862.843, 84
Trd, 4317865.643, 82
Trd, 4317868.243, 81
Trd, 4317869.393, 79
Trd, 4317870.743, 78
Trd, 4317873.143, 79
Trd, 4317873.593, 79
Trd, 4317875.743, 80
Trd, 4317876.143, 86
Trd, 4317879.093, 77
Trd, 4317879.493, 78
Trd, 4317880.193, 80
Trd, 4317881.743, 113
Trd, 4317885.343, 76
Trd, 4317885.443, 79
Trd, 4317886.293, 78
Trd, 4317888.693, 83
Trd, 4317889.293, 86
Trd, 4317889.793, 79
Trd, 4317889.943, 103
Trd, 4317892.943, 93
Trd, 4317894.843, 92
Trd, 4317899.243, 90
Trd, 4317899.693, 89
Trd, 4317899.743, 89
Trd, 4317900.193, 92
Trd, 4317902.793, 88
Trd, 4317902.993, 88
Trd, 4317904.493, 83
Trd, 4317904.593, 86
Trd, 4317907.343, 85
Trd, 4317907.443, 86
Trd, 4317908.393, 86
Trd, 4317909.493, 104
Trd, 4317915.393, 88
Trd, 4317915.643, 88
Trd, 4317916.643, 87
Trd, 4317916.893, 90
Trd, 4317920.293, 88
Trd, 4317923.393, 87
Trd, 4317923.993, 87
Trd, 4317925.543, 87
Trd, 4317925.593, 113
Trd, 4317928.293, 107
Trd, 4317929.043, 92
Trd, 4317930.343, 96
Trd, 4317932.493, 90
Trd, 4317932.543, 91
Trd, 4317933.543, 90
Trd, 4317934.843, 91
Trd, 4317935.493, 97
Trd, 4317936.343, 108
Trd, 4317938.443, 97
Trd, 4317943.493, 91
Trd, 4317944.043, 89
Trd, 4317944.993, 89
Trd, 4317946.543, 90
Trd, 4317949.793, 90
Trd, 4317953.543, 88
Trd, 4317954.643, 90
Trd, 4317955.093, 89
Trd, 4317956.293, 89
Trd, 4317958.693, 90
Trd, 4317961.593, 88
Trd, 4317961.943, 87
Trd, 4317962.193, 88
Trd, 4317962.493, 89
Trd, 4317965.343, 89
Trd, 4317966.343, 93
Trd, 4317968.743, 90
Trd, 4317970.243, 91
Trd, 4317970.843, 90
Trd, 4317972.693, 90
Trd, 4317974.143, 88
Trd, 4317976.343, 87
Trd, 4317977.293, 88
Trd, 4317977.943, 88
Trd, 4317982.743, 88
Trd, 4317984.043, 88
Trd, 4317986.293, 88
Trd, 4317986.443, 89
Trd, 4317990.893, 88
Trd, 4317991.243, 88
Trd, 4317993.343, 88
Trd, 4317993.993, 95
Trd, 4317994.293, 107
Trd, 4317996.443, 91
Trd, 4317999.393, 88
Trd, 4317999.643, 89
Trd, 4318001.093, 88
Trd, 4318005.493, 89
Trd, 4318006.893, 88
Trd, 4318006.943, 89
Trd, 4318009.393, 89
Trd, 4318011.143, 89
Trd, 4318012.343, 88
Trd, 4318012.793, 89
Trd, 4318017.093, 88
Trd, 4318017.343, 88
Trd, 4318018.693, 101
Trd, 4318019.943, 89
Trd, 4318021.043, 89
Trd, 4318025.843, 88
Trd, 4318025.993, 89
Trd, 4318026.143, 88
Trd, 4318026.543, 89
Trd, 4318028.343, 113
Trd, 4318032.443, 87
Trd, 4318032.593, 89
Trd, 4318034.793, 88
Trd, 4318034.893, 87
Trd, 4318035.743, 88
Trd, 4318038.593, 88
Trd, 4318040.043, 86
Trd, 4318041.843, 87
Trd, 4318042.193, 87
Trd, 4318043.593, 103
Trd, 4318044.093, 93
Trd, 4318045.893, 95
Trd, 4318046.693, 94
Trd, 4318047.443, 95
Trd, 4318049.493, 93
Trd, 4318049.693, 96
Trd, 4318050.393, 95
Trd, 4318054.143, 94
Trd, 4318055.993, 95
Trd, 4318058.443, 93
Trd, 4318058.543, 91
Trd, 4318060.193, 91
Trd, 4318061.943, 93
Trd, 4318066.793, 92
Trd, 4318067.043, 91
Trd, 4318068.193, 93
Trd, 4318068.343, 99
Trd, 4318069.093, 101
Trd, 4318069.293, 95
Trd, 4318070.143, 95
Trd, 4318070.793, 104
Trd, 4318073.393, 97
Trd, 4318073.493, 96
Trd, 4318075.043, 94
Trd, 4318076.943, 96
Trd, 4318078.443, 96
Trd, 4318079.643, 96
Trd, 4318081.643, 95
Trd, 4318081.743, 96
Trd, 4318086.293, 95
Trd, 4318086.343, 96
Trd, 4318086.393, 96
Trd, 4318086.943, 95
Trd, 4318089.943, 94
Trd, 4318091.343, 93
Trd, 4318091.743, 93
Trd, 4318093.643, 92
Trd, 4318095.643, 93
Trd, 4318096.443, 93
Trd, 4318097.193, 94
Trd, 4318101.543, 94
Trd, 4318103.243, 93
Trd, 4318104.693, 96
Trd, 4318108.043, 94
Trd, 4318111.043, 93
Trd, 4318111.843, 91
Trd, 4318113.993, 91
Trd, 4318114.293, 105
Trd, 4318115.393, 94
Trd, 4318116.043, 94
Trd, 4318117.843, 93
Trd, 4318119.193, 92
Trd, 4318120.893, 93
Trd, 4318121.743, 91
Trd, 4318123.143, 93
Trd, 4318124.743, 93
Trd, 4318126.993, 93
Trd, 4318131.043, 92
Trd, 4318131.643, 92
Trd, 4318133.543, 92
Trd, 4318136.593, 90
Trd, 4318137.993, 91
Trd, 4318138.643, 90
Trd, 4318138.893, 89
Trd, 4318140.243, 89
Trd, 4318140.493, 95
Trd, 4318140.943, 114
Trd, 4318141.743, 115
Trd, 4318144.243, 96
Trd, 4318146.593, 96
Trd, 4318150.793, 94
Trd, 4318151.743, 93
Trd, 4318152.493, 93
Trd, 4318157.893, 89
Trd, 4318158.843, 90
Trd, 4318160.693, 88
Trd, 4318161.143, 88
Trd, 4318162.993, 89
Trd, 4318164.643, 89
Trd, 4318168.493, 89
Trd, 4318168.893, 88
Trd, 4318168.993, 89
Trd, 4318170.543, 98
Trd, 4318171.643, 90
Trd, 4318173.993, 92
Trd, 4318175.343, 95
Trd, 4318176.593, 93
Trd, 4318180.193, 91
Trd, 4318182.143, 91
Trd, 4318184.043, 91
Trd, 4318184.643, 91
Trd, 4318185.093, 90
Trd, 4318186.643, 91
Trd, 4318186.793, 91
Trd, 4318187.243, 96
Trd, 4318191.043, 91
Trd, 4318193.443, 90
Trd, 4318196.093, 90
Trd, 4318197.693, 90
Trd, 4318198.143, 90
Trd, 4318199.693, 90
Trd, 4318200.893, 90
Trd, 4318202.693, 90
Trd, 4318205.393, 89
Trd, 4318208.493, 89
Trd, 4318209.043, 89
Trd, 4318211.443, 89
Trd, 4318211.793, 89
Trd, 4318213.143, 88
Trd, 4318213.593, 88
Trd, 4318220.043, 89
Trd, 4318220.143, 95
Trd, 4318223.443, 91
Trd, 4318223.693, 90
Trd, 4318224.143, 95
Trd, 4318226.893, 89
Trd, 4318227.843, 90
Trd, 4318229.143, 90
Trd, 4318229.743, 91
Trd, 4318232.243, 105
Trd, 4318234.243, 90
Trd, 4318239.343, 90
Trd, 4318239.943, 88
Trd, 4318241.443, 89
Trd, 4318243.493, 87
Trd, 4318244.343, 86
Trd, 4318245.343, 87
Trd, 4318247.543, 85
Trd, 4318249.143, 86
Trd, 4318251.943, 83
Trd, 4318252.593, 83
Trd, 4318253.743, 86
Trd, 4318256.743, 84
Trd, 4318257.293, 84
Trd, 4318259.643, 82
Trd, 4318262.143, 81
Trd, 4318262.893, 86
Trd, 4318263.493, 85
Trd, 4318264.893, 84
Trd, 4318265.793, 93
Trd, 4318268.043, 84
Trd, 4318268.393, 84
Trd, 4318268.543, 86
Trd, 4318270.143, 86
Trd, 4318270.943, 85
Trd, 4318272.043, 96
Trd, 4318276.893, 85
Trd, 4318277.693, 84
Trd, 4318278.143, 83
Trd, 4318280.193, 86
Trd, 4318280.793, 85
Trd, 4318283.593, 95
Trd, 4318283.843, 106
Trd, 4318286.843, 89
Trd, 4318291.343, 87
Trd, 4318291.843, 87
Trd, 4318292.793, 87
Trd, 4318295.693, 88
Trd, 4318296.993, 86
Trd, 4318298.143, 86
Trd, 4318300.993, 86
Trd, 4318301.843, 85
Trd, 4318305.543, 86
Trd, 4318306.243, 97
Trd, 4318308.543, 88
Trd, 4318310.943, 86
Trd, 4318311.293, 86
Trd, 4318312.243, 85
Trd, 4318313.843, 87
Trd, 4318314.393, 104
Trd, 4318316.143, 97
Trd, 4318316.743, 95
Trd, 4318319.043, 90
Trd, 4318322.643, 87
Trd, 4318322.693, 87
Trd, 4318324.193, 87
Trd, 4318324.643, 85
Trd, 4318325.693, 87
Trd, 4318330.893, 85
Trd, 4318332.043, 85
Trd, 4318332.143, 86
Trd, 4318333.993, 86
Trd, 4318334.843, 86
Trd, 4318334.893, 85
Trd, 4318335.393, 86
Trd, 4318337.493, 86
Trd, 4318339.493, 86
Trd, 4318343.493, 84
Trd, 4318347.693, 84
Trd, 4318348.993, 84
Trd, 4318350.793, 84
Trd, 4318351.193, 86
Trd, 4318353.493, 87
Trd, 4318355.393, 85
Trd, 4318357.043, 86
Trd, 4318359.043, 86
Trd, 4318360.293, 84
Trd, 4318360.693, 84
Trd, 4318364.893, 85
Trd, 4318367.993, 83
Trd, 4318368.293, 84
Trd, 4318369.243, 84
Trd, 4318370.543, 85
Trd, 4318373.793, 84
Trd, 4318375.493, 86
Trd, 4318375.743, 100
Trd, 4318378.993, 83
Trd, 4318381.593, 84
Trd, 4318382.343, 84
Trd, 4318384.443, 98
Trd, 4318384.993, 85
Trd, 4318385.993, 83
Trd, 4318388.293, 83
Trd, 4318388.843, 84
Trd, 4318388.943, 85
Trd, 4318392.093, 84
Trd, 4318394.393, 84
Trd, 4318395.093, 86
Trd, 4318396.693, 85
Trd, 4318397.343, 86
Trd, 4318401.043, 84
Trd, 4318401.593, 86
Trd, 4318402.843, 114
Trd, 4318407.693, 86
Trd, 4318408.693, 86
Trd, 4318409.943, 84
Trd, 4318410.943, 85
Trd, 4318413.243, 85
Trd, 4318413.543, 84
Trd, 4318414.993, 85
Trd, 4318416.493, 85
Trd, 4318418.493, 95
Trd, 4318420.243, 87
Trd, 4318422.043, 86
Trd, 4318423.593, 84
Trd, 4318424.293, 83
Trd, 4318424.543, 84
Trd, 4318427.143, 84
Trd, 4318428.043, 83
Trd, 4318428.143, 84
Trd, 4318430.193, 95
Trd, 4318432.943, 88
Trd, 4318433.193, 87
Trd, 4318433.243, 87
Trd, 4318433.293, 88
Trd, 4318437.393, 88
Trd, 4318437.893, 87
Trd, 4318439.243, 88
Trd, 4318440.143, 86
Trd, 4318441.893, 87
Trd, 4318442.293, 86
Trd, 4318446.593, 85
Trd, 4318447.643, 88
Trd, 4318448.043, 97
Trd, 4318449.243, 88
Trd, 4318449.943, 95
Trd, 4318450.393, 90
Trd, 4318451.193, 92
Trd, 4318453.943, 95
Trd, 4318454.293, 96
Trd, 4318454.693, 96
Trd, 4318457.043, 96
Trd, 4318457.443, 95
Trd, 4318458.643, 96
Trd, 4318459.743, 95
Trd, 4318462.143, 94
Trd, 4318463.743, 92
Trd, 4318464.093, 95
Trd, 4318465.693, 93
Trd, 4318468.393, 93
Trd, 4318469.243, 92
Trd, 4318469.743, 105
Trd, 4318471.243, 99
Trd, 4318473.593, 93
Trd, 4318476.793, 91
Trd, 4318476.843, 93
Trd, 4318477.043, 91
Trd, 4318477.743, 91
Trd, 4318480.743, 91
Trd, 4318481.493, 93
Trd, 4318484.043, 90
Trd, 4318484.343, 90
Trd, 4318486.593, 90
Trd, 4318486.793, 91
Trd, 4318486.943, 92
Trd, 4318488.293, 112
Trd, 4318490.143, 97
Trd, 4318491.843, 96
Trd, 4318492.393, 95
Trd, 4318492.493, 94
Trd, 4318495.493, 94
Trd, 4318496.193, 95
Trd, 4318496.743, 93
Trd, 4318496.993, 94
Trd, 4318497.543, 94
Trd, 4318498.543, 94
Trd, 4318501.193, 95
Trd, 4318502.893, 108
Trd, 4318507.143, 93
Trd, 4318509.343, 92
Trd, 4318511.743, 91
Trd, 4318512.243, 91
Trd, 4318512.693, 92
Trd, 4318514.193, 92
Trd, 4318515.193, 92
Trd, 4318518.043, 96
Trd, 4318519.793, 94
Trd, 4318525.193, 93
Trd, 4318526.593, 93
Trd, 4318526.893, 91
Trd, 4318529.293, 90
Trd, 4318530.493, 90
Trd, 4318530.593, 89
Trd, 4318532.293, 90
Trd, 4318532.443, 99
Trd, 4318533.593, 104
Trd, 4318536.943, 84
Trd, 4318537.993, 87
Trd, 4318538.143, 104
Trd, 4318541.193, 87
Trd, 4318541.243, 89
Trd, 4318544.743, 88
Trd, 4318545.743, 89
Trd, 4318546.543, 86
Trd, 4318546.893, 86
Trd, 4318547.943, 95
Trd, 4318548.743, 90
Trd, 4318550.243, 93
Trd, 4318551.993, 86
Trd, 4318552.743, 86
Trd, 4318552.843, 86
Trd, 4318554.843, 85
Trd, 4318555.143, 86
Trd, 4318557.343, 86
Trd, 4318559.893, 86
Trd, 4318562.293, 86
Trd, 4318563.193, 86
Trd, 4318564.543, 86
Trd, 4318567.293, 84
Trd, 4318570.443, 84
Trd, 4318571.093, 83
Trd, 4318571.643, 83
Trd, 4318571.743, 86
Trd, 4318573.493, 87
Trd, 4318576.643, 85
Trd, 4318579.243, 85
Trd, 4318579.293, 86
Trd, 4318580.043, 84
Trd, 4318582.593, 85
Trd, 4318586.493, 85
Trd, 4318586.993, 85
Trd, 4318588.443, 85
Trd, 4318591.443, 84
Trd, 4318592.543, 85
Trd, 4318592.593, 84
Trd, 4318593.343, 86
Trd, 4318595.343, 96
Trd, 4318597.243, 86
Trd, 4318598.793, 86
Trd, 4318599.143, 88
Trd, 4318603.293, 84
Trd, 4318604.343, 84
Trd, 4318604.643, 85
Trd, 4318607.743, 85
Trd, 4318609.993, 84
Trd, 4318613.393, 86
Trd, 4318615.243, 84
Trd, 4318618.593, 95
Trd, 4318619.643, 87
Trd, 4318621.393, 83
Trd, 4318621.943, 84
Trd, 4318623.643, 85
Trd, 4318626.343, 83
Trd, 4318627.193, 86
Trd, 4318629.693, 85
Trd, 4318630.393, 112
Trd, 4318636.193, 84
Trd, 4318637.543, 86
Trd, 4318638.043, 86
Trd, 4318639.593, 84
Trd, 4318639.843, 83
Trd, 4318642.593, 83
Trd, 4318643.943, 82
Trd, 4318644.043, 83
Trd, 4318645.193, 86
Trd, 4318646.193, 82
Trd, 4318647.643, 83
Trd, 4318649.043, 84
Trd, 4318650.893, 86
Trd, 4318653.293, 83
Trd, 4318654.893, 82
Trd, 4318655.843, 83
Trd, 4318658.043, 83
Trd, 4318659.143, 93
Trd, 4318659.543, 106
Trd, 4318661.043, 96
Trd, 4318662.193, 95
Trd, 4318664.393, 93
Trd, 4318666.193, 95
Trd, 4318668.643, 95
Trd, 4318671.343, 93
Trd, 4318671.993, 94
Trd, 4318674.293, 96
Trd, 4318675.043, 96
Trd, 4318676.993, 92
Trd, 4318677.993, 92
Trd, 4318679.043, 92
Trd, 4318680.493, 92
Trd, 4318684.943, 91
Trd, 4318684.993, 92
Trd, 4318685.243, 92
Trd, 4318686.443, 90
Trd, 4318687.593, 90
Trd, 4318687.843, 89
Trd, 4318691.543, 88
Trd, 4318693.543, 89
Trd, 4318693.893, 89
Trd, 4318695.393, 88
Trd, 4318695.693, 89
Trd, 4318699.193, 87
Trd, 4318699.343, 87
Trd, 4318699.443, 88
Trd, 4318701.693, 89
Trd, 4318703.143, 89
Trd, 4318703.493, 94
Trd, 4318705.343, 91
Trd, 4318706.293, 90
Trd, 4318707.493, 91
Trd, 4318710.343, 94
Trd, 4318713.543, 90
Trd, 4318715.393, 91
Trd, 4318718.593, 90
Trd, 4318720.293, 89
Trd, 4318720.593, 91
Trd, 4318723.243, 89
Trd, 4318724.143, 89
Trd, 4318725.893, 89
Trd, 4318726.093, 88
Trd, 4318727.943, 88
Trd, 4318730.193, 90
Trd, 4318731.243, 90
Trd, 4318735.293, 87
Trd, 4318735.443, 88
Trd, 4318736.893, 89
Trd, 4318736.993, 111
Trd, 4318737.343, 113
Trd, 4318741.243, 93
Trd, 4318742.043, 93
Trd, 4318742.193, 95
Trd, 4318747.343, 89
Trd, 4318748.093, 89
Trd, 4318748.343, 88
Trd, 4318751.593, 87
Trd, 4318752.843, 87
Trd, 4318756.043, 86
Trd, 4318756.093, 87
Trd, 4318760.593, 86
Trd, 4318761.243, 86
Trd, 4318763.343, 86
Trd, 4318764.293, 86
Trd, 4318766.393, 86
Trd, 4318766.643, 88
Trd, 4318768.243, 88
Trd, 4318769.943, 87
Trd, 4318770.793, 87
Trd, 4318771.443, 88
Trd, 4318772.093, 100
Trd, 4318774.543, 93
Trd, 4318776.043, 93
Trd, 4318776.993, 93
Trd, 4318777.543, 92
Trd, 4318777.843, 93
Trd, 4318780.393, 93
Trd, 4318781.143, 93
Trd, 4318781.843, 95
Trd, 4318781.893, 105
Trd, 4318784.943, 91
Trd, 4318785.743, 93
Trd, 4318790.643, 94
Trd, 4318791.693, 93
Trd, 4318795.543, 92
Trd, 4318796.043, 92
Trd, 4318797.193, 92
Trd, 4318799.443, 92
Trd, 4318799.593, 101
Trd, 4318800.043, 96
Trd, 4318800.543, 93
Trd, 4318801.393, 97
Trd, 4318803.143, 97
Trd, 4318805.893, 94
Trd, 4318806.593, 93
Trd, 4318807.293, 92
Trd, 4318807.843, 94
Trd, 4318811.143, 92
Trd, 4318811.943, 92
Trd, 4318812.843, 92
Trd, 4318816.243, 91
Trd, 4318818.193, 92
Trd, 4318818.393, 92
Trd, 4318822.693, 90
Trd, 4318823.293, 92
Trd, 4318825.343, 91
Trd, 4318826.293, 91
Trd, 4318829.743, 89
Trd, 4318830.243, 89
Trd, 4318833.543, 89
Trd, 4318835.943, 88
Trd, 4318836.493, 89
Trd, 4318839.393, 88
Trd, 4318840.843, 87
Trd, 4318843.243, 88
Trd, 4318846.043, 88
Trd, 4318846.243, 88
Trd, 4318851.893, 86
Trd, 4318852.043, 87
Trd, 4318852.343, 86
Trd, 4318852.893, 88
Trd, 4318856.043, 90
Trd, 4318858.143, 86
Trd, 4318861.893, 85
Trd, 4318863.093, 86
Trd, 4318865.943, 86
Trd, 4318866.393, 85
Trd, 4318867.593, 85
Trd, 4318870.343, 103
Trd, 4318873.493, 86
Trd, 4318874.193, 85
Trd, 4318877.343, 84
Trd, 4318879.543, 85
Trd, 4318879.893, 86
Trd, 4318881.943, 86
Trd, 4318882.943, 86
Trd, 4318886.543, 85
Trd, 4318888.543, 86
Trd, 4318888.943, 86
Trd, 4318890.143, 87
Trd, 4318890.843, 95
Trd, 4318891.243, 86
Trd, 4318893.243, 87
Trd, 4318895.093, 89
Trd, 4318896.643, 87
Trd, 4318897.593, 86
Trd, 4318897.743, 85
Trd, 4318899.793, 96
Trd, 4318900.643, 90
Trd, 4318901.143, 89
Trd, 4318901.493, 92
Trd, 4318906.443, 94
Trd, 4318906.543, 96
Trd, 4318908.193, 94
Trd, 4318908.893, 97
Trd, 4318911.543, 96
Trd, 4318912.743, 95
Trd, 4318914.393, 95
Trd, 4318914.643, 96
Trd, 4318914.743, 94
Trd, 4318915.693, 97
Trd, 4318918.743, 94
Trd, 4318920.193, 101
Trd, 4318921.093, 98
Trd, 4318921.143, 113
Trd, 4318921.593, 102
Trd, 4318924.693, 99
Trd, 4318925.943, 99
Trd, 4318926.293, 102
Trd, 4318926.693, 99
Trd, 4318929.443, 99
Trd, 4318929.743, 98
Trd, 4318930.243, 98
Trd, 4318931.043, 94
Trd, 4318932.193, 94
Trd, 4318936.193, 94
Trd, 4318937.993, 93
Trd, 4318938.793, 94
Trd, 4318940.093, 94
Trd, 4318943.593, 93
Trd, 4318943.843, 92
Trd, 4318944.393, 90
Trd, 4318945.793, 95
Trd, 4318947.493, 90
Trd, 4318947.593, 106
Trd, 4318949.943, 94
Trd, 4318952.193, 92
Trd, 4318952.543, 91
Trd, 4318954.493, 91
Trd, 4318954.743, 93
Trd, 4318955.343, 93
Trd, 4318957.843, 95
Trd, 4318959.193, 93
Trd, 4318960.093, 92
Trd, 4318960.543, 92
Trd, 4318962.593, 93
Trd, 4318963.043, 92
Trd, 4318965.643, 92
Trd, 4318965.993, 93
Trd, 4318966.693, 92
Trd, 4318970.993, 91
Trd, 4318971.343, 92
Trd, 4318971.893, 92
Trd, 4318974.793, 90
Trd, 4318975.243, 89
Trd, 4318979.443, 90
Trd, 4318980.743, 91
Trd, 4318982.143, 91
Trd, 4318982.243, 93
Trd, 4318984.443, 90
Trd, 4318987.593, 91
Trd, 4318987.793, 91
Trd, 4318987.843, 95
Trd, 4318990.793, 90
Trd, 4318991.343, 89
Trd, 4318992.343, 90
Trd, 4318993.093, 94
Trd, 4318994.393, 93
Trd, 4318995.843, 101
Trd, 4318995.993, 103
Trd, 4318997.943, 95
Trd, 4318999.043, 94
Trd, 4318999.393, 94
Trd, 4319000.993, 93
Trd, 4319001.343, 95
Trd, 4319005.793, 94
Trd, 4319006.093, 95
Trd, 4319006.993, 97
Trd, 4319008.343, 86
Trd, 4319008.493, 92
Trd, 4319009.643, 93
Trd, 4319010.443, 106
Trd, 4319011.543, 89
Trd, 4319012.493, 89
Trd, 4319012.693, 122
Trd, 4319014.843, 119
Trd, 4319016.993, 102
Trd, 4319017.943, 101
Trd, 4319018.943, 89
Trd, 4319019.543, 88
Trd, 4319021.493, 90
Trd, 4319023.243, 92
Trd, 4319023.393, 97
Trd, 4319023.993, 121
Trd, 4319026.943, 101
Trd, 4319028.443, 102
Trd, 4319030.093, 99
Trd, 4319030.643, 97
Trd, 4319031.793, 97
Trd, 4319034.443, 96
Trd, 4319035.393, 97
Trd, 4319035.743, 97
Trd, 4319038.393, 96
Trd, 4319038.443, 95
Trd, 4319041.593, 96
Trd, 4319043.443, 95
Trd, 4319044.393, 94
Trd, 4319044.543, 95
Trd, 4319044.793, 95
Trd, 4319048.293, 98
Trd, 4319048.343, 99
Trd, 4319048.993, 105
Trd, 4319053.243, 95
Trd, 4319054.143, 93
Trd, 4319055.743, 96
Trd, 4319056.543, 93
Trd, 4319056.943, 92
Trd, 4319060.693, 94
Trd, 4319061.493, 94
Trd, 4319062.543, 95
Trd, 4319063.043, 96
Trd, 4319063.743, 96
Trd, 4319067.393, 93
Trd, 4319069.143, 94
Trd, 4319069.643, 96
Trd, 4319072.193, 97
Trd, 4319073.093, 96
Trd, 4319075.043, 95
Trd, 4319075.543, 94
Trd, 4319076.543, 100
Trd, 4319081.143, 93
Trd, 4319081.793, 94
Trd, 4319082.543, 92
Trd, 4319082.593, 96
Trd, 4319083.043, 96
Trd, 4319085.443, 93
Trd, 4319086.193, 92
Trd, 4319087.243, 94
Trd, 4319088.843, 95
Trd, 4319092.293, 94
Trd, 4319094.943, 92
Trd, 4319096.493, 93
Trd, 4319098.693, 93
Trd, 4319100.893, 93
Trd, 4319103.193, 92
Trd, 4319104.893, 92
Trd, 4319104.943, 93
Trd, 4319106.043, 92
Trd, 4319108.043, 92
Trd, 4319111.543, 91
Trd, 4319111.693, 92
Trd, 4319113.693, 92
Trd, 4319115.243, 92
Trd, 4319115.693, 92
Trd, 4319119.193, 92
Trd, 4319120.093, 91
Trd, 4319120.343, 92
Trd, 4319121.643, 100
Trd, 4319128.293, 92
Trd, 4319129.393, 91
Trd, 4319130.093, 92
Trd, 4319130.843, 92
Trd, 4319133.343, 92
Trd, 4319134.193, 90
Trd, 4319134.443, 91
Trd, 4319137.493, 91
Trd, 4319138.043, 89
Trd, 4319142.693, 91
Trd, 4319143.193, 90
Trd, 4319143.793, 89
Trd, 4319143.893, 90
Trd, 4319145.343, 91
Trd, 4319147.393, 94
Trd, 4319148.193, 96
Trd, 4319150.193, 102
Trd, 4319151.743, 93
Trd, 4319155.343, 96
Trd, 4319156.393, 95
Trd, 4319156.943, 95
Trd, 4319160.543, 95
Trd, 4319160.743, 93
Trd, 4319160.793, 95
Trd, 4319161.793, 95
Trd, 4319164.893, 94
Trd, 4319167.693, 95
Trd, 4319169.593, 95
Trd, 4319169.893, 95
Trd, 4319170.743, 93
Trd, 4319173.543, 94
Trd, 4319173.693, 94
Trd, 4319174.693, 92
Trd, 4319177.843, 92
Trd, 4319180.943, 91
Trd, 4319181.043, 93
Trd, 4319184.693, 92
Trd, 4319185.993, 92
Trd, 4319187.443, 92
Trd, 4319187.743, 100
Trd, 4319189.993, 93
Trd, 4319191.093, 93
Trd, 4319192.893, 93
Trd, 4319195.593, 92
Trd, 4319198.143, 91
Trd, 4319199.243, 90
Trd, 4319199.343, 93
Trd, 4319200.243, 90
Trd, 4319201.693, 91
Trd, 4319204.193, 90
Trd, 4319205.893, 95
Trd, 4319209.343, 89
Trd, 4319210.293, 89
Trd, 4319210.993, 89
Trd, 4319211.043, 92
Trd, 4319213.743, 88
Trd, 4319214.593, 89
Trd, 4319215.343, 117
Trd, 4319216.193, 103
Trd, 4319216.893, 102
Trd, 4319218.993, 87
Trd, 4319219.643, 88
Trd, 4319220.843, 88
Trd, 4319221.143, 88
Trd, 4319224.193, 90
Trd, 4319224.593, 89
Trd, 4319224.643, 94
Trd, 4319227.343, 105
Trd, 4319229.593, 89
Trd, 4319233.593, 90
Trd, 4319234.143, 89
Trd, 4319234.193, 90
Trd, 4319235.093, 90
Trd, 4319235.343, 89
Trd, 4319238.093, 90
Trd, 4319239.493, 89
Trd, 4319239.593, 88
Trd, 4319241.993, 90
Trd, 4319243.793, 104
Trd, 4319244.493, 105
Trd, 4319247.993, 92
Trd, 4319250.493, 89
Trd, 4319254.593, 89
Trd, 4319255.043, 88
Trd, 4319255.843, 87
Trd, 4319256.043, 87
Trd, 4319256.443, 88
Trd, 4319258.893, 87
Trd, 4319259.493, 87
Trd, 4319261.043, 87
Trd, 4319263.593, 86
Trd, 4319265.293, 87
Trd, 4319266.393, 87
Trd, 4319267.943, 86
Trd, 4319271.293, 87
Trd, 4319271.443, 87
Trd, 4319273.343, 87
Trd, 4319275.343, 87
Trd, 4319276.293, 91
Trd, 4319276.443, 95
Trd, 4319278.743, 104
Trd, 4319279.093, 93
Trd, 4319279.793, 112
Trd, 4319280.393, 94
Trd, 4319280.993, 96
Trd, 4319282.193, 122
Trd, 4319283.793, 99
Trd, 4319286.543, 103
Trd, 4319286.643, 99
Trd, 4319287.143, 98
Trd, 4319290.593, 96
Trd, 4319290.943, 98
Trd, 4319291.243, 99
Trd, 4319293.093, 97
Trd, 4319293.493, 98
Trd, 4319295.393, 89
Trd, 4319295.993, 95
Trd, 4319299.893, 93
Trd, 4319300.043, 94
Trd, 4319300.743, 94
Trd, 4319300.943, 93
Trd, 4319303.293, 94
Trd, 4319305.993, 96
Trd, 4319307.093, 94
Trd, 4319309.943, 93
Trd, 4319310.093, 94
Trd, 4319312.643, 96
Trd, 4319313.293, 94
Trd, 4319313.343, 101
Trd, 4319314.293, 104
Trd, 4319319.293, 96
Trd, 4319320.743, 93
Trd, 4319321.143, 97
Trd, 4319322.693, 96
Trd, 4319323.143, 95
Trd, 4319326.043, 95
Trd, 4319328.843, 93
Trd, 4319329.043, 93
Trd, 4319329.843, 95
Trd, 4319330.993, 95
Trd, 4319332.393, 94
Trd, 4319334.293, 95
Trd, 4319335.543, 93
Trd, 4319337.493, 94
Trd, 4319341.193, 94
Trd, 4319341.743, 94
Trd, 4319342.743, 93
Trd, 4319342.893, 91
Trd, 4319343.093, 107
Trd, 4319347.993, 92
Trd, 4319348.143, 92
Trd, 4319350.593, 92
Trd, 4319352.693, 90
Trd, 4319352.843, 90
Trd, 4319356.343, 89
Trd, 4319358.393, 90
Trd, 4319359.343, 89
Trd, 4319359.893, 90
Trd, 4319361.543, 90
Trd, 4319366.293, 91
Trd, 4319366.693, 96
Trd, 4319369.343, 88
Trd, 4319369.493, 89
Trd, 4319373.793, 89
Trd, 4319375.193, 88
Trd, 4319375.843, 87
Trd, 4319377.293, 88
Trd, 4319377.593, 98
Trd, 4319379.143, 90
Trd, 4319380.593, 88
Trd, 4319381.543, 86
Trd, 4319384.343, 88
Trd, 4319385.993, 85
Trd, 4319388.743, 86
Trd, 4319388.843, 99
Trd, 4319390.393, 89
Trd, 4319390.843, 88
Trd, 4319392.293, 88
Trd, 4319393.543, 95
Trd, 4319395.993, 91
Trd, 4319397.793, 91
Trd, 4319400.843, 89
Trd, 4319401.443, 88
Trd, 4319402.893, 88
Trd, 4319403.443, 104
Trd, 4319404.943, 121
Trd, 4319408.343, 93
Trd, 4319411.743, 92
Trd, 4319411.843, 92
Trd, 4319414.743, 89
Trd, 4319416.993, 89
Trd, 4319418.843, 89
Trd, 4319419.693, 88
Trd, 4319420.793, 90
Trd, 4319423.693, 90
Trd, 4319423.743, 90
Trd, 4319424.943, 89
Trd, 4319429.443, 88
Trd, 4319429.493, 89
Trd, 4319433.293, 88
Trd, 4319434.643, 88
Trd, 4319435.843, 86
Trd, 4319437.043, 86
Trd, 4319437.243, 87
Trd, 4319438.243, 88
Trd, 4319440.443, 88
Trd, 4319440.943, 87
Trd, 4319441.193, 96
Trd, 4319442.993, 117
Trd, 4319445.743, 91
Trd, 4319446.443, 89
Trd, 4319448.993, 89
Trd, 4319450.093, 89
Trd, 4319453.643, 87
Trd, 4319459.293, 86
Trd, 4319459.843, 87
Trd, 4319460.393, 87
Trd, 4319462.493, 87
Trd, 4319462.793, 87
Trd, 4319462.843, 96
Trd, 4319467.793, 85
Trd, 4319468.143, 85
Trd, 4319469.393, 97
Trd, 4319470.043, 89
Trd, 4319472.243, 85
Trd, 4319475.893, 86
Trd, 4319478.193, 86
Trd, 4319479.593, 84
Trd, 4319481.643, 82
Trd, 4319481.793, 83
Trd, 4319482.143, 83
Trd, 4319482.343, 86
Trd, 4319485.243, 83
Trd, 4319485.593, 86
Trd, 4319487.993, 86
Trd, 4319489.693, 88
Trd, 4319492.643, 95
Trd, 4319493.743, 88
Trd, 4319494.693, 92
Trd, 4319499.493, 90
Trd, 4319499.893, 88
Trd, 4319500.693, 89
Trd, 4319502.093, 89
Trd, 4319503.043, 98
Trd, 4319505.593, 89
Trd, 4319507.893, 90
Trd, 4319509.243, 90
Trd, 4319510.993, 88
Trd, 4319511.043, 90
Trd, 4319512.043, 89
Trd, 4319514.893, 90
Trd, 4319515.343, 89
Trd, 4319516.143, 89
Trd, 4319517.843, 88
Trd, 4319522.093, 89
Trd, 4319524.593, 88
Trd, 4319526.193, 87
Trd, 4319526.593, 88
Trd, 4319528.793, 88
Trd, 4319528.993, 88
Trd, 4319531.143, 87
Trd, 4319532.943, 86
Trd, 4319535.393, 87
Trd, 4319536.243, 87
Trd, 4319537.743, 87
Trd, 4319539.143, 87
Trd, 4319541.843, 87
Trd, 4319541.943, 88
Trd, 4319543.993, 86
Trd, 4319544.543, 85
Trd, 4319544.793, 86
Trd, 4319547.693, 86
Trd, 4319550.343, 86
Trd, 4319550.793, 86
Trd, 4319551.393, 85
Trd, 4319556.743, 86
Trd, 4319557.843, 86
Trd, 4319558.193, 84
Trd, 4319558.593, 85
Trd, 4319559.843, 85
Trd, 4319563.193, 85
Trd, 4319564.093, 86
Trd, 4319565.693, 86
Trd, 4319567.843, 85
Trd, 4319568.043, 86
Trd, 4319570.493, 86
Trd, 4319571.193, 87
Trd, 4319571.643, 85
Trd, 4319572.893, 87
Trd, 4319574.843, 86
Trd, 4319575.393, 86
Trd, 4319578.293, 86
Trd, 4319578.593, 85
Trd, 4319578.843, 104
Trd, 4319579.243, 115
Trd, 4319581.893, 92
Trd, 4319583.343, 97
Trd, 4319584.843, 95
Trd, 4319588.743, 91
Trd, 4319590.043, 92
Trd, 4319590.393, 91
Trd, 4319592.193, 91
Trd, 4319593.193, 93
Trd, 4319593.993, 92
Trd, 4319594.093, 114
Trd, 4319599.343, 91
Trd, 4319600.343, 91
Trd, 4319600.493, 90
Trd, 4319604.443, 89
Trd, 4319604.643, 89
Trd, 4319604.693, 90
Trd, 4319605.943, 90
Trd, 4319608.843, 90
Trd, 4319610.593, 108
Trd, 4319612.543, 94
Trd, 4319615.693, 89
Trd, 4319616.643, 89
Trd, 4319617.593, 88
Trd, 4319618.743, 87
Trd, 4319619.193, 89
Trd, 4319619.543, 115
Trd, 4319622.243, 100
Trd, 4319624.993, 91
Trd, 4319627.993, 91
Trd, 4319629.043, 91
Trd, 4319629.393, 88
Trd, 4319630.893, 87
Trd, 4319632.343, 88
Trd, 4319634.443, 88
Trd, 4319636.643, 88
Trd, 4319639.343, 86
Trd, 4319640.893, 86
Trd, 4319642.293, 86
Trd, 4319643.993, 86
Trd, 4319645.843, 86
Trd, 4319645.993, 87
Trd, 4319649.793, 90
Trd, 4319650.743, 99
Trd, 4319651.493, 91
Trd, 4319652.893, 111
Trd, 4319653.693, 94
Trd, 4319655.093, 96
Trd, 4319655.143, 95
Trd, 4319655.843, 98
Trd, 4319657.993, 94
Trd, 4319660.293, 94
Trd, 4319660.543, 94
Trd, 4319664.193, 101
Trd, 4319665.843, 93
Trd, 4319666.943, 94
Trd, 4319668.243, 94
Trd, 4319668.393, 95
Trd, 4319670.043, 115
Trd, 4319672.243, 96
Trd, 4319672.843, 101
Trd, 4319673.843, 103
Trd, 4319676.243, 100
Trd, 4319677.193, 96
Trd, 4319677.943, 97
Trd, 4319681.443, 97
Trd, 4319681.693, 97
Trd, 4319682.843, 98
Trd, 4319683.843, 96
Trd, 4319684.993, 95
Trd, 4319685.443, 96
Trd, 4319685.593, 95
Trd, 4319688.043, 95
Trd, 4319688.193, 95
Trd, 4319689.693, 95
Trd, 4319691.693, 95
Trd, 4319691.943, 94
Trd, 4319693.993, 95
Trd, 4319694.993, 95
Trd, 4319696.943, 94
Trd, 4319699.493, 94
Trd, 4319700.493, 93
Trd, 4319702.593, 94
Trd, 4319703.193, 108
Trd, 4319705.743, 92
Trd, 4319706.443, 95
Trd, 4319707.693, 94
Trd, 4319708.093, 94
Trd, 4319709.493, 94
Trd, 4319711.843, 95
Trd, 4319712.193, 96
Trd, 4319714.893, 97
Trd, 4319716.943, 95
Trd, 4319717.493, 95
Trd, 4319722.843, 94
Trd, 4319723.843, 94
Trd, 4319724.093, 94
Trd, 4319728.543, 94
Trd, 4319729.193, 93
Trd, 4319729.743, 94
Trd, 4319730.793, 93
Trd, 4319732.693, 92
Trd, 4319733.793, 93
Trd, 4319734.643, 93
Trd, 4319739.043, 93
Trd, 4319739.343, 106
Trd, 4319739.893, 98
Trd, 4319741.043, 95
Trd, 4319742.293, 94
Trd, 4319742.893, 102
Trd, 4319743.543, 96
Trd, 4319745.043, 107
Trd, 4319746.293, 107
Trd, 4319746.993, 102
Trd, 4319747.593, 95
Trd, 4319748.093, 93
Trd, 4319748.593, 97
Trd, 4319749.993, 97
Trd, 4319751.143, 98
Trd, 4319752.143, 106
Trd, 4319755.843, 100
Trd, 4319756.643, 100
Trd, 4319759.443, 98
Trd, 4319759.693, 99
Trd, 4319760.343, 98
Trd, 4319764.943, 97
Trd, 4319765.093, 97
Trd, 4319765.993, 96
Trd, 4319766.093, 97
Trd, 4319768.893, 95
Trd, 4319769.893, 94
Trd, 4319771.743, 90
Trd, 4319772.143, 91
Trd, 4319772.593, 104
Trd, 4319775.193, 95
Trd, 4319777.243, 92
Trd, 4319779.743, 92
Trd, 4319781.093, 91
Trd, 4319781.243, 92
Trd, 4319782.443, 91
Trd, 4319783.793, 90
Trd, 4319783.943, 90
Trd, 4319784.193, 89
Trd, 4319787.743, 98
Trd, 4319788.443, 94
Trd, 4319790.293, 91
Trd, 4319791.393, 94
Trd, 4319791.943, 96
Trd, 4319793.243, 105
Trd, 4319794.443, 100
Trd, 4319794.943, 97
Trd, 4319796.193, 93
Trd, 4319799.693, 94
Trd, 4319800.893, 93
Trd, 4319802.043, 93
Trd, 4319804.093, 93
Trd, 4319805.693, 92
Trd, 4319806.793, 94
Trd, 4319808.793, 94
Trd, 4319809.493, 91
Trd, 4319810.243, 92
Trd, 4319810.443, 104
Trd, 4319812.993, 96
Trd, 4319815.143, 93
Trd, 4319815.643, 93
Trd, 4319818.693, 92
Trd, 4319818.843, 97
Trd, 4319821.893, 91
Trd, 4319823.543, 91
Trd, 4319824.743, 91
Trd, 4319825.143, 90
Trd, 4319825.643, 92
Trd, 4319829.343, 88
Trd, 4319830.093, 89
Trd, 4319832.293, 89
Trd, 4319834.343, 88
Trd, 4319836.743, 88
Trd, 4319836.943, 89
Trd, 4319837.293, 115
Trd, 4319837.693, 115
Trd, 4319839.843, 95
Trd, 4319842.143, 92
Trd, 4319845.443, 89
Trd, 4319846.143, 89
Trd, 4319848.193, 89
Trd, 4319850.093, 87
Trd, 4319852.143, 88
Trd, 4319852.893, 88
Trd, 4319855.143, 86
Trd, 4319855.543, 88
Trd, 4319855.593, 106
Trd, 4319859.593, 90
Trd, 4319861.143, 90
Trd, 4319864.343, 89
Trd, 4319864.993, 88
Trd, 4319865.043, 87
Trd, 4319867.543, 89
Trd, 4319870.393, 87
Trd, 4319870.993, 88
Trd, 4319872.243, 89
Trd, 4319875.093, 88
Trd, 4319876.043, 87
Trd, 4319876.543, 88
Trd, 4319880.193, 88
Trd, 4319880.793, 93
Trd, 4319882.443, 90
Trd, 4319882.593, 91
Trd, 4319884.243, 92
Trd, 4319886.293, 92
Trd, 4319887.493, 94
Trd, 4319888.593, 98
Trd, 4319889.843, 98
Trd, 4319892.893, 101
Trd, 4319893.543, 97
Trd, 4319893.943, 116
Trd, 4319894.443, 102
Trd, 4319896.243, 100
Trd, 4319897.393, 97
Trd, 4319898.693, 97
Trd, 4319901.743, 96
Trd, 4319903.893, 90
Trd, 4319905.593, 89
Trd, 4319905.643, 93
Trd, 4319906.443, 89
Trd, 4319907.643, 89
Trd, 4319909.093, 90
Trd, 4319910.493, 89
Trd, 4319910.993, 96
Trd, 4319915.943, 90
Trd, 4319917.943, 88
Trd, 4319918.193, 100
Trd, 4319920.293, 89
Trd, 4319921.443, 89
Trd, 4319928.093, 88
Trd, 4319929.643, 88
Trd, 4319929.743, 89
Trd, 4319931.193, 88
Trd, 4319933.343, 87
Trd, 4319933.893, 88
Trd, 4319937.343, 88
Trd, 4319938.293, 88
Trd, 4319940.393, 88
Trd, 4319940.843, 88
Trd, 4319942.393, 108
Trd, 4319946.843, 90
Trd, 4319947.543, 87
Trd, 4319951.243, 86
Trd, 4319951.743, 87
Trd, 4319954.443, 85
Trd, 4319954.893, 84
Trd, 4319955.343, 85
Trd, 4319956.743, 85
Trd, 4319958.243, 87
Trd, 4319962.493, 83
Trd, 4319965.043, 83
Trd, 4319965.193, 84
Trd, 4319966.093, 86
Trd, 4319968.843, 84
Trd, 4319969.243, 84
Trd, 4319969.743, 84
Trd, 4319974.293, 84
Trd, 4319975.243, 85
Trd, 4319976.943, 86
Trd, 4319977.343, 87
Trd, 4319979.743, 98
Trd, 4319980.043, 111
Trd, 4319984.243, 87
Trd, 4319984.693, 87
Trd, 4319987.293, 87
Trd, 4319989.643, 87
Trd, 4319990.143, 88
Trd, 4319990.893, 95
Trd, 4319992.943, 93
Trd, 4319997.543, 85
Trd, 4319998.443, 85
Trd, 4319999.843, 84
