Trd, 4317800.943, 94
Trd, 4317801.193, 95
Trd, 4317801.343, 95
Trd, 4317803.493, 95
Trd, 4317805.293, 94
Trd, 4317806.793, 95
Trd, 4317811.393, 95
Trd, 4317812.143, 94
Trd, 4317812.593, 93
Trd, 4317813.643, 94
Trd, 4317815.043, 94
Trd, 4317817.943, 93
Trd, 4317818.443, 94
Trd, 4317821.993, 94
Trd, 4317822.193, 94
Trd, 4317823.293, 93
Trd, 4317825.893, 92
Trd, 4317825.993, 92
Trd, 4317827.493, 92
Trd, 4317830.043, 91
Trd, 4317830.193, 92
Trd, 4317831.243, 92
Trd, 4317833.593, 95
Trd, 4317834.993, 92
Trd, 4317836.243, 90
Trd, 4317836.793, 91
Trd, 4317838.543, 90
Trd, 4317840.243, 91
Trd, 4317840.593, 91
Trd, 4317842.793, 91
Trd, 4317844.493, 90
Trd, 4317844.693, 91
Trd, 4317847.293, 101
Trd, 4317847.593, 101
Trd, 4317847.743, 98
Trd, 4317851.293, 95
Trd, 4317851.493, 95
Trd, 4317853.193, 97
Trd, 4317853.493, 96
Trd, 4317855.893, 95
Trd, 4317858.193, 96
Trd, 4317858.643, 95
Trd, 4317858.793, 95
Trd, 4317860.743, 95
Trd, 4317863.243, 95
Trd, 4317863.593, 94
Trd, 4317863.843, 95
Trd, 4317864.843, 95
Trd, 4317865.543, 94
Trd, 4317866.343, 95
Trd, 4317869.043, 97
Trd, 4317869.793, 96
Trd, 4317870.543, 96
Trd, 4317871.193, 106
Trd, 4317876.393, 95
Trd, 4317876.693, 95
Trd, 4317876.893, 95
Trd, 4317877.193, 96
Trd, 4317880.993, 96
Trd, 4317882.993, 94
Trd, 4317883.393, 95
Trd, 4317887.593, 95
Trd, 4317887.843, 94
Trd, 4317889.743, 94
Trd, 4317892.843, 93
Trd, 4317893.993, 94
Trd, 4317894.193, 94
Trd, 4317894.643, 94
Trd, 4317896.943, 94
Trd, 4317899.493, 93
Trd, 4317900.293, 92
Trd, 4317904.043, 93
Trd, 4317904.543, 93
Trd, 4317905.293, 93
Trd, 4317909.643, 92
Trd, 4317909.843, 92
Trd, 4317910.743, 92
Trd, 4317912.243, 93
Trd, 4317913.843, 93
Trd, 4317915.893, 92
Trd, 4317917.843, 92
Trd, 4317917.993, 91
Trd, 4317919.393, 91
Trd, 4317921.193, 90
Trd, 4317922.493, 91
Trd, 4317924.793, 92
Trd, 4317927.443, 91
Trd, 4317929.993, 91
Trd, 4317931.893, 90
Trd, 4317937.343, 91
Trd, 4317937.543, 91
Trd, 4317938.443, 95
Trd, 4317940.043, 95
Trd, 4317941.193, 101
Trd, 4317945.143, 94
Trd, 4317946.743, 94
Trd, 4317948.993, 95
Trd, 4317949.493, 94
Trd, 4317950.943, 94
Trd, 4317952.143, 95
Trd, 4317952.443, 95
Trd, 4317954.843, 94
Trd, 4317955.693, 95
Trd, 4317956.743, 95
Trd, 4317957.243, 95
Trd, 4317958.793, 94
Trd, 4317961.993, 95
Trd, 4317963.393, 94
Trd, 4317966.093, 94
Trd, 4317966.293, 93
Trd, 4317966.993, 95
Trd, 4317970.743, 94
Trd, 4317971.843, 94
Trd, 4317973.143, 94
Trd, 4317973.543, 92
Trd, 4317977.743, 92
Trd, 4317978.743, 93
Trd, 4317981.593, 93
Trd, 4317982.043, 91
Trd, 4317982.293, 92
Trd, 4317982.993, 95
Trd, 4317985.443, 92
Trd, 4317985.693, 93
Trd, 4317988.043, 92
Trd, 4317990.343, 93
Trd, 4317991.343, 93
Trd, 4317992.293, 93
Trd, 4317995.693, 93
Trd, 4317997.593, 93
Trd, 4317999.343, 92
Trd, 4318001.093, 92
Trd, 4318001.193, 94
Trd, 4318002.993, 92
Trd, 4318006.143, 93
Trd, 4318008.643, 93
Trd, 4318010.843, 93
Trd, 4318012.343, 92
Trd, 4318015.043, 91
Trd, 4318015.343, 93
Trd, 4318015.643, 92
Trd, 4318016.743, 92
Trd, 4318021.343, 92
Trd, 4318021.993, 92
Trd, 4318022.843, 92
Trd, 4318023.043, 92
Trd, 4318025.843, 94
Trd, 4318027.193, 93
Trd, 4318030.993, 94
Trd, 4318031.593, 92
Trd, 4318032.643, 93
Trd, 4318032.743, 94
Trd, 4318035.443, 94
Trd, 4318036.293, 93
Trd, 4318038.593, 93
Trd, 4318038.993, 92
Trd, 4318039.343, 92
Trd, 4318039.543, 95
Trd, 4318041.743, 91
Trd, 4318042.243, 93
Trd, 4318043.393, 93
Trd, 4318044.143, 93
Trd, 4318046.193, 92
Trd, 4318047.643, 93
Trd, 4318049.843, 94
Trd, 4318053.993, 94
Trd, 4318056.593, 93
Trd, 4318057.143, 92
Trd, 4318058.543, 92
Trd, 4318061.343, 92
Trd, 4318063.993, 92
Trd, 4318064.043, 91
Trd, 4318065.293, 92
Trd, 4318067.593, 92
Trd, 4318068.243, 92
Trd, 4318072.093, 92
Trd, 4318073.393, 91
Trd, 4318076.393, 91
Trd, 4318076.793, 91
Trd, 4318078.893, 90
Trd, 4318079.643, 90
Trd, 4318080.243, 92
Trd, 4318083.993, 89
Trd, 4318084.043, 89
Trd, 4318084.093, 89
Trd, 4318084.393, 89
Trd, 4318085.493, 88
Trd, 4318088.193, 89
Trd, 4318090.193, 89
Trd, 4318092.243, 88
Trd, 4318092.693, 88
Trd, 4318093.643, 89
Trd, 4318093.993, 95
Trd, 4318094.793, 90
Trd, 4318095.193, 92
Trd, 4318095.743, 90
Trd, 4318097.143, 91
Trd, 4318100.293, 93
Trd, 4318100.993, 95
Trd, 4318102.343, 97
Trd, 4318104.293, 104
Trd, 4318105.643, 97
Trd, 4318106.593, 96
Trd, 4318108.493, 96
Trd, 4318108.793, 96
Trd, 4318110.243, 95
Trd, 4318113.493, 96
Trd, 4318115.743, 95
Trd, 4318117.293, 96
Trd, 4318118.143, 95
Trd, 4318120.043, 96
Trd, 4318122.643, 95
Trd, 4318126.143, 95
Trd, 4318130.493, 96
Trd, 4318130.743, 95
Trd, 4318132.943, 95
Trd, 4318135.743, 95
Trd, 4318139.793, 95
Trd, 4318139.893, 96
Trd, 4318142.293, 94
Trd, 4318145.443, 95
Trd, 4318146.693, 94
Trd, 4318149.143, 94
Trd, 4318149.193, 95
Trd, 4318150.193, 95
Trd, 4318150.993, 95
Trd, 4318152.743, 95
Trd, 4318154.743, 95
Trd, 4318159.943, 94
Trd, 4318164.243, 93
Trd, 4318164.693, 94
Trd, 4318165.693, 94
Trd, 4318167.293, 94
Trd, 4318169.243, 93
Trd, 4318170.993, 92
Trd, 4318173.493, 93
Trd, 4318175.043, 93
Trd, 4318176.493, 92
Trd, 4318177.143, 92
Trd, 4318179.393, 91
Trd, 4318181.593, 91
Trd, 4318181.943, 92
Trd, 4318182.893, 92
Trd, 4318183.393, 91
Trd, 4318185.193, 92
Trd, 4318187.993, 90
Trd, 4318188.043, 92
Trd, 4318189.543, 91
Trd, 4318191.643, 93
Trd, 4318193.243, 93
Trd, 4318193.793, 95
Trd, 4318194.793, 93
Trd, 4318196.293, 98
Trd, 4318198.543, 105
Trd, 4318200.993, 96
Trd, 4318201.443, 96
Trd, 4318202.243, 99
Trd, 4318204.493, 96
Trd, 4318204.693, 95
Trd, 4318205.443, 95
Trd, 4318206.293, 95
Trd, 4318207.993, 94
Trd, 4318210.593, 95
Trd, 4318212.443, 95
Trd, 4318213.493, 95
Trd, 4318214.193, 95
Trd, 4318217.793, 93
Trd, 4318218.093, 95
Trd, 4318219.193, 95
Trd, 4318222.743, 95
Trd, 4318224.143, 93
Trd, 4318226.093, 94
Trd, 4318226.193, 93
Trd, 4318228.243, 92
Trd, 4318228.993, 94
Trd, 4318229.843, 93
Trd, 4318235.193, 92
Trd, 4318236.093, 93
Trd, 4318238.343, 93
Trd, 4318240.093, 92
Trd, 4318241.543, 92
Trd, 4318243.643, 90
Trd, 4318244.043, 90
Trd, 4318244.543, 90
Trd, 4318244.693, 91
Trd, 4318246.493, 90
Trd, 4318247.143, 104
Trd, 4318249.993, 92
Trd, 4318252.293, 92
Trd, 4318255.493, 93
Trd, 4318255.593, 92
Trd, 4318255.843, 93
Trd, 4318257.243, 93
Trd, 4318260.893, 93
Trd, 4318260.993, 93
Trd, 4318263.043, 93
Trd, 4318264.543, 92
Trd, 4318264.643, 92
Trd, 4318267.893, 94
Trd, 4318268.543, 93
Trd, 4318270.743, 91
Trd, 4318270.993, 92
Trd, 4318272.393, 93
Trd, 4318274.843, 91
Trd, 4318275.743, 92
Trd, 4318278.693, 93
Trd, 4318279.293, 91
Trd, 4318282.343, 91
Trd, 4318287.043, 92
Trd, 4318289.493, 92
Trd, 4318289.793, 91
Trd, 4318290.393, 92
Trd, 4318293.043, 92
Trd, 4318296.493, 92
Trd, 4318296.943, 92
Trd, 4318300.893, 91
Trd, 4318301.543, 92
Trd, 4318302.143, 92
Trd, 4318303.993, 92
Trd, 4318304.043, 92
Trd, 4318308.843, 91
Trd, 4318309.943, 90
Trd, 4318310.043, 90
Trd, 4318310.093, 90
Trd, 4318310.743, 92
Trd, 4318312.443, 90
Trd, 4318314.843, 93
Trd, 4318315.193, 91
Trd, 4318315.293, 95
Trd, 4318317.243, 92
Trd, 4318320.693, 92
Trd, 4318322.593, 93
Trd, 4318324.343, 91
Trd, 4318325.243, 92
Trd, 4318327.043, 92
Trd, 4318330.243, 90
Trd, 4318333.343, 89
Trd, 4318333.543, 89
Trd, 4318333.743, 90
Trd, 4318333.943, 90
Trd, 4318336.393, 95
Trd, 4318337.293, 92
Trd, 4318337.943, 91
Trd, 4318339.693, 90
Trd, 4318341.343, 89
Trd, 4318341.993, 89
Trd, 4318343.443, 89
Trd, 4318344.093, 91
Trd, 4318344.643, 89
Trd, 4318345.993, 90
Trd, 4318347.393, 91
Trd, 4318348.843, 90
Trd, 4318352.793, 91
Trd, 4318352.843, 90
Trd, 4318352.943, 95
Trd, 4318354.793, 92
Trd, 4318356.143, 91
Trd, 4318359.093, 91
Trd, 4318359.843, 90
Trd, 4318362.543, 89
Trd, 4318363.093, 89
Trd, 4318366.943, 88
Trd, 4318367.843, 89
Trd, 4318368.993, 89
Trd, 4318371.643, 88
Trd, 4318373.343, 89
Trd, 4318373.493, 89
Trd, 4318375.393, 89
Trd, 4318378.393, 88
Trd, 4318381.443, 88
Trd, 4318384.043, 88
Trd, 4318386.543, 88
Trd, 4318386.693, 88
Trd, 4318388.993, 87
Trd, 4318392.393, 88
Trd, 4318395.143, 89
Trd, 4318395.843, 87
Trd, 4318396.943, 88
Trd, 4318398.593, 86
Trd, 4318400.543, 87
Trd, 4318402.743, 87
Trd, 4318403.043, 86
Trd, 4318405.643, 87
Trd, 4318409.893, 86
Trd, 4318411.293, 86
Trd, 4318411.543, 86
Trd, 4318412.243, 86
Trd, 4318412.343, 86
Trd, 4318412.543, 95
Trd, 4318415.593, 88
Trd, 4318419.143, 88
Trd, 4318422.143, 88
Trd, 4318423.443, 87
Trd, 4318423.493, 88
Trd, 4318426.343, 86
Trd, 4318427.043, 87
Trd, 4318430.793, 87
Trd, 4318431.393, 86
Trd, 4318433.593, 86
Trd, 4318434.593, 85
Trd, 4318435.793, 86
Trd, 4318436.493, 86
Trd, 4318437.493, 85
Trd, 4318437.743, 86
Trd, 4318439.193, 86
Trd, 4318439.543, 87
Trd, 4318442.743, 90
Trd, 4318443.293, 89
Trd, 4318444.893, 90
Trd, 4318446.793, 92
Trd, 4318446.943, 95
Trd, 4318447.343, 91
Trd, 4318447.393, 92
Trd, 4318448.693, 121
Trd, 4318451.643, 111
Trd, 4318453.893, 98
Trd, 4318457.293, 98
Trd, 4318459.593, 96
Trd, 4318459.993, 96
Trd, 4318461.993, 95
Trd, 4318462.243, 95
Trd, 4318462.743, 96
Trd, 4318465.593, 95
Trd, 4318467.443, 95
Trd, 4318468.043, 94
Trd, 4318471.593, 95
Trd, 4318474.143, 95
Trd, 4318477.143, 95
Trd, 4318478.093, 94
Trd, 4318480.543, 94
Trd, 4318480.743, 95
Trd, 4318482.893, 94
Trd, 4318484.293, 94
Trd, 4318486.043, 93
Trd, 4318486.143, 93
Trd, 4318487.093, 92
Trd, 4318488.993, 93
Trd, 4318490.743, 92
Trd, 4318490.893, 93
Trd, 4318492.543, 92
Trd, 4318495.193, 93
Trd, 4318495.743, 93
Trd, 4318497.543, 93
Trd, 4318499.993, 92
Trd, 4318501.143, 93
Trd, 4318501.793, 94
Trd, 4318504.143, 92
Trd, 4318505.543, 93
Trd, 4318507.743, 92
Trd, 4318509.843, 91
Trd, 4318509.993, 92
Trd, 4318510.843, 91
Trd, 4318512.593, 91
Trd, 4318516.093, 90
Trd, 4318517.143, 91
Trd, 4318518.693, 91
Trd, 4318520.393, 91
Trd, 4318523.143, 89
Trd, 4318523.393, 89
Trd, 4318523.743, 89
Trd, 4318525.843, 90
Trd, 4318526.693, 90
Trd, 4318529.293, 89
Trd, 4318530.693, 90
Trd, 4318531.343, 91
Trd, 4318534.643, 90
Trd, 4318535.193, 90
Trd, 4318536.393, 90
Trd, 4318539.293, 92
Trd, 4318539.643, 92
Trd, 4318540.243, 92
Trd, 4318541.293, 92
Trd, 4318543.343, 91
Trd, 4318545.293, 91
Trd, 4318545.443, 90
Trd, 4318545.843, 92
Trd, 4318547.693, 93
Trd, 4318549.743, 91
Trd, 4318550.043, 92
Trd, 4318555.143, 92
Trd, 4318556.493, 90
Trd, 4318556.693, 90
Trd, 4318558.593, 91
Trd, 4318559.943, 95
Trd, 4318562.693, 91
Trd, 4318563.343, 90
Trd, 4318563.493, 92
Trd, 4318566.343, 91
Trd, 4318567.093, 90
Trd, 4318568.043, 89
Trd, 4318570.993, 90
Trd, 4318574.243, 89
Trd, 4318574.743, 90
Trd, 4318581.093, 90
Trd, 4318582.043, 90
Trd, 4318582.843, 89
Trd, 4318584.193, 89
Trd, 4318585.143, 90
Trd, 4318586.443, 90
Trd, 4318589.093, 87
Trd, 4318589.843, 90
Trd, 4318590.443, 88
Trd, 4318595.593, 87
Trd, 4318595.893, 86
Trd, 4318598.343, 87
Trd, 4318599.893, 88
Trd, 4318600.793, 86
Trd, 4318601.793, 87
Trd, 4318603.343, 95
Trd, 4318603.793, 88
Trd, 4318606.593, 90
Trd, 4318607.293, 95
Trd, 4318610.193, 101
Trd, 4318610.343, 100
Trd, 4318610.543, 97
Trd, 4318611.193, 104
Trd, 4318613.643, 98
Trd, 4318614.993, 93
Trd, 4318615.393, 95
Trd, 4318616.893, 95
Trd, 4318617.443, 95
Trd, 4318617.643, 97
Trd, 4318619.443, 98
Trd, 4318619.843, 97
Trd, 4318620.993, 105
Trd, 4318622.893, 98
Trd, 4318624.043, 100
Trd, 4318625.893, 98
Trd, 4318627.743, 98
Trd, 4318628.193, 99
Trd, 4318629.093, 99
Trd, 4318631.393, 97
Trd, 4318635.293, 98
Trd, 4318636.143, 97
Trd, 4318640.093, 98
Trd, 4318642.493, 96
Trd, 4318643.843, 96
Trd, 4318646.293, 96
Trd, 4318649.693, 95
Trd, 4318653.543, 96
Trd, 4318653.593, 95
Trd, 4318658.193, 95
Trd, 4318662.043, 96
Trd, 4318664.243, 95
Trd, 4318664.493, 95
Trd, 4318666.843, 95
Trd, 4318667.393, 94
Trd, 4318671.343, 95
Trd, 4318671.693, 94
Trd, 4318677.643, 94
Trd, 4318679.793, 94
Trd, 4318682.393, 94
Trd, 4318683.143, 94
Trd, 4318684.493, 93
Trd, 4318688.193, 94
Trd, 4318689.143, 94
Trd, 4318691.143, 91
Trd, 4318692.143, 94
Trd, 4318692.493, 94
Trd, 4318692.943, 95
Trd, 4318695.643, 94
Trd, 4318695.793, 95
Trd, 4318702.143, 93
Trd, 4318702.643, 93
Trd, 4318704.643, 91
Trd, 4318706.443, 92
Trd, 4318708.643, 92
Trd, 4318709.293, 92
Trd, 4318711.243, 90
Trd, 4318711.793, 91
Trd, 4318712.293, 95
Trd, 4318715.243, 90
Trd, 4318716.143, 91
Trd, 4318716.543, 90
Trd, 4318720.593, 91
Trd, 4318723.343, 91
Trd, 4318725.293, 91
Trd, 4318726.593, 90
Trd, 4318729.443, 89
Trd, 4318729.543, 91
Trd, 4318730.493, 90
Trd, 4318732.293, 90
Trd, 4318735.043, 90
Trd, 4318736.443, 90
Trd, 4318737.743, 90
Trd, 4318738.093, 90
Trd, 4318739.493, 90
Trd, 4318740.943, 94
Trd, 4318743.293, 94
Trd, 4318744.093, 93
Trd, 4318744.893, 93
Trd, 4318748.643, 93
Trd, 4318749.493, 93
Trd, 4318751.143, 93
Trd, 4318752.493, 92
Trd, 4318755.843, 92
Trd, 4318756.943, 91
Trd, 4318759.893, 92
Trd, 4318762.293, 91
Trd, 4318762.793, 91
Trd, 4318766.643, 91
Trd, 4318768.343, 91
Trd, 4318772.193, 91
Trd, 4318772.293, 91
Trd, 4318772.643, 90
Trd, 4318773.393, 91
Trd, 4318774.793, 92
Trd, 4318778.143, 93
Trd, 4318778.543, 92
Trd, 4318780.393, 94
Trd, 4318780.643, 91
Trd, 4318782.793, 91
Trd, 4318783.993, 95
Trd, 4318784.943, 95
Trd, 4318785.593, 95
Trd, 4318787.293, 94
Trd, 4318787.993, 95
Trd, 4318789.393, 95
Trd, 4318790.093, 95
Trd, 4318790.993, 94
Trd, 4318793.443, 94
Trd, 4318795.043, 93
Trd, 4318795.193, 95
Trd, 4318799.293, 94
Trd, 4318799.893, 94
Trd, 4318803.293, 93
Trd, 4318805.643, 94
Trd, 4318807.093, 94
Trd, 4318807.493, 93
Trd, 4318807.943, 94
Trd, 4318808.993, 92
Trd, 4318810.243, 97
Trd, 4318812.343, 97
Trd, 4318812.543, 96
Trd, 4318814.593, 96
Trd, 4318814.793, 95
Trd, 4318815.643, 95
Trd, 4318816.843, 96
Trd, 4318818.243, 94
Trd, 4318818.443, 97
Trd, 4318822.493, 95
Trd, 4318823.693, 95
Trd, 4318824.493, 94
Trd, 4318826.393, 94
Trd, 4318827.093, 93
Trd, 4318827.343, 95
Trd, 4318831.343, 93
Trd, 4318832.993, 93
Trd, 4318834.543, 92
Trd, 4318834.643, 93
Trd, 4318836.043, 92
Trd, 4318837.943, 93
Trd, 4318840.743, 93
Trd, 4318842.593, 95
Trd, 4318843.543, 93
Trd, 4318844.343, 93
Trd, 4318846.543, 94
Trd, 4318847.093, 94
Trd, 4318848.993, 94
Trd, 4318852.093, 93
Trd, 4318853.743, 93
Trd, 4318854.393, 92
Trd, 4318856.293, 93
Trd, 4318857.043, 92
Trd, 4318858.043, 93
Trd, 4318861.243, 92
Trd, 4318863.393, 93
Trd, 4318865.293, 93
Trd, 4318867.143, 93
Trd, 4318867.343, 92
Trd, 4318870.243, 92
Trd, 4318871.643, 93
Trd, 4318872.643, 93
Trd, 4318874.643, 93
Trd, 4318878.643, 93
Trd, 4318879.693, 91
Trd, 4318882.443, 92
Trd, 4318884.043, 92
Trd, 4318885.793, 90
Trd, 4318886.043, 95
Trd, 4318889.393, 90
Trd, 4318890.043, 91
Trd, 4318890.893, 90
Trd, 4318892.393, 90
Trd, 4318894.493, 89
Trd, 4318896.093, 89
Trd, 4318897.943, 90
Trd, 4318898.693, 89
Trd, 4318899.393, 90
Trd, 4318900.493, 95
Trd, 4318901.343, 92
Trd, 4318901.793, 95
Trd, 4318904.443, 93
Trd, 4318905.793, 97
Trd, 4318906.343, 104
Trd, 4318908.443, 96
Trd, 4318911.293, 95
Trd, 4318912.693, 95
Trd, 4318915.343, 96
Trd, 4318918.293, 94
Trd, 4318919.443, 95
Trd, 4318920.543, 94
Trd, 4318921.443, 94
Trd, 4318923.443, 95
Trd, 4318923.693, 95
Trd, 4318925.093, 94
Trd, 4318926.743, 93
Trd, 4318927.793, 94
Trd, 4318929.443, 94
Trd, 4318934.593, 93
Trd, 4318935.393, 94
Trd, 4318936.143, 93
Trd, 4318937.143, 94
Trd, 4318937.543, 94
Trd, 4318939.993, 94
Trd, 4318941.143, 94
Trd, 4318941.643, 94
Trd, 4318942.193, 94
Trd, 4318945.643, 93
Trd, 4318946.943, 94
Trd, 4318951.243, 94
Trd, 4318952.893, 94
Trd, 4318954.243, 94
Trd, 4318954.793, 95
Trd, 4318956.093, 95
Trd, 4318956.293, 101
Trd, 4318960.993, 95
Trd, 4318963.893, 94
Trd, 4318964.243, 95
Trd, 4318967.493, 95
Trd, 4318967.593, 94
Trd, 4318968.043, 95
Trd, 4318969.993, 95
Trd, 4318974.393, 94
Trd, 4318975.343, 94
Trd, 4318975.593, 93
Trd, 4318977.843, 94
Trd, 4318977.993, 94
Trd, 4318979.193, 95
Trd, 4318980.393, 92
Trd, 4318981.843, 93
Trd, 4318982.693, 92
Trd, 4318983.043, 93
Trd, 4318984.893, 91
Trd, 4318987.293, 91
Trd, 4318989.943, 92
Trd, 4318993.043, 93
Trd, 4318994.443, 92
Trd, 4318994.543, 93
Trd, 4318995.393, 92
Trd, 4319000.093, 92
Trd, 4319000.993, 93
Trd, 4319001.343, 95
Trd, 4319002.393, 93
Trd, 4319004.393, 92
Trd, 4319006.743, 93
Trd, 4319008.643, 95
Trd, 4319010.443, 94
Trd, 4319010.893, 93
Trd, 4319012.943, 94
Trd, 4319015.993, 94
Trd, 4319016.843, 93
Trd, 4319019.243, 94
Trd, 4319019.793, 93
Trd, 4319020.543, 95
Trd, 4319022.393, 92
Trd, 4319025.693, 92
Trd, 4319027.293, 93
Trd, 4319029.343, 93
Trd, 4319030.143, 93
Trd, 4319031.043, 92
Trd, 4319032.793, 93
Trd, 4319033.293, 93
Trd, 4319035.093, 92
Trd, 4319040.943, 90
Trd, 4319041.043, 90
Trd, 4319041.693, 90
Trd, 4319043.493, 91
Trd, 4319043.943, 91
Trd, 4319046.093, 95
Trd, 4319046.243, 92
Trd, 4319047.143, 93
Trd, 4319047.693, 93
Trd, 4319049.893, 93
Trd, 4319051.143, 100
Trd, 4319053.343, 94
Trd, 4319054.693, 94
Trd, 4319056.193, 94
Trd, 4319059.443, 93
Trd, 4319062.743, 94
Trd, 4319063.093, 94
Trd, 4319065.543, 93
Trd, 4319066.143, 94
Trd, 4319066.793, 94
Trd, 4319068.193, 93
Trd, 4319072.343, 94
Trd, 4319074.993, 93
Trd, 4319076.593, 94
Trd, 4319076.693, 94
Trd, 4319080.243, 93
Trd, 4319081.143, 94
Trd, 4319082.543, 94
Trd, 4319083.943, 94
Trd, 4319084.193, 95
Trd, 4319086.593, 93
Trd, 4319090.793, 92
Trd, 4319091.593, 92
Trd, 4319092.743, 92
Trd, 4319094.343, 92
Trd, 4319094.743, 91
Trd, 4319098.743, 92
Trd, 4319099.343, 92
Trd, 4319101.593, 91
Trd, 4319102.243, 92
Trd, 4319107.593, 91
Trd, 4319109.393, 92
Trd, 4319109.993, 92
Trd, 4319112.243, 91
Trd, 4319112.893, 90
Trd, 4319113.043, 90
Trd, 4319113.843, 90
Trd, 4319115.743, 95
Trd, 4319116.743, 91
Trd, 4319117.243, 91
Trd, 4319118.343, 90
Trd, 4319119.043, 90
Trd, 4319122.793, 91
Trd, 4319123.093, 91
Trd, 4319126.543, 91
Trd, 4319126.843, 95
Trd, 4319128.993, 91
Trd, 4319129.993, 90
Trd, 4319130.193, 91
Trd, 4319137.093, 91
Trd, 4319140.243, 89
Trd, 4319140.393, 89
Trd, 4319140.843, 90
Trd, 4319142.743, 91
Trd, 4319145.593, 94
Trd, 4319149.543, 91
Trd, 4319149.743, 91
Trd, 4319150.693, 90
Trd, 4319151.693, 90
Trd, 4319152.543, 89
Trd, 4319153.693, 95
Trd, 4319155.943, 97
Trd, 4319156.993, 100
Trd, 4319157.993, 97
Trd, 4319158.443, 96
Trd, 4319158.543, 95
Trd, 4319161.243, 97
Trd, 4319162.443, 95
Trd, 4319163.093, 101
Trd, 4319165.593, 97
Trd, 4319166.993, 95
Trd, 4319168.343, 95
Trd, 4319173.693, 95
Trd, 4319175.393, 95
Trd, 4319176.443, 94
Trd, 4319176.993, 95
Trd, 4319178.943, 95
Trd, 4319181.393, 95
Trd, 4319183.343, 94
Trd, 4319188.093, 94
Trd, 4319188.343, 94
Trd, 4319188.393, 95
Trd, 4319192.343, 93
Trd, 4319194.243, 95
Trd, 4319197.193, 93
Trd, 4319199.643, 94
Trd, 4319201.743, 93
Trd, 4319202.993, 93
Trd, 4319204.093, 93
Trd, 4319204.893, 94
Trd, 4319207.243, 93
Trd, 4319207.643, 94
Trd, 4319210.543, 93
Trd, 4319213.543, 93
Trd, 4319217.893, 93
Trd, 4319219.993, 93
Trd, 4319220.343, 92
Trd, 4319221.143, 92
Trd, 4319223.593, 92
Trd, 4319224.243, 92
Trd, 4319224.943, 93
Trd, 4319227.893, 93
Trd, 4319229.543, 93
Trd, 4319231.993, 92
Trd, 4319232.343, 93
Trd, 4319234.493, 92
Trd, 4319235.193, 93
Trd, 4319238.043, 92
Trd, 4319238.243, 93
Trd, 4319239.643, 93
Trd, 4319241.993, 93
Trd, 4319244.343, 92
Trd, 4319248.193, 93
Trd, 4319250.093, 92
Trd, 4319251.343, 91
Trd, 4319251.443, 90
Trd, 4319252.543, 93
Trd, 4319256.243, 91
Trd, 4319256.593, 91
Trd, 4319258.293, 91
Trd, 4319261.243, 93
Trd, 4319261.393, 92
Trd, 4319261.693, 93
Trd, 4319263.893, 92
Trd, 4319264.143, 93
Trd, 4319268.093, 92
Trd, 4319271.193, 92
Trd, 4319271.843, 93
Trd, 4319272.443, 92
Trd, 4319272.643, 93
Trd, 4319276.843, 91
Trd, 4319277.593, 93
Trd, 4319280.593, 91
Trd, 4319280.843, 91
Trd, 4319284.443, 92
Trd, 4319285.343, 91
Trd, 4319286.593, 95
Trd, 4319289.343, 92
Trd, 4319290.143, 91
Trd, 4319292.093, 92
Trd, 4319295.693, 91
Trd, 4319299.293, 91
Trd, 4319300.143, 90
Trd, 4319301.193, 90
Trd, 4319303.193, 89
Trd, 4319305.293, 90
Trd, 4319306.393, 90
Trd, 4319308.443, 90
Trd, 4319310.043, 90
Trd, 4319312.193, 89
Trd, 4319312.793, 89
Trd, 4319315.093, 89
Trd, 4319316.543, 89
Trd, 4319317.243, 88
Trd, 4319319.343, 88
Trd, 4319320.743, 88
Trd, 4319322.993, 87
Trd, 4319323.393, 88
Trd, 4319324.843, 86
Trd, 4319326.993, 87
Trd, 4319331.543, 87
Trd, 4319332.043, 87
Trd, 4319333.043, 86
Trd, 4319337.443, 87
Trd, 4319338.093, 87
Trd, 4319340.193, 87
Trd, 4319341.793, 87
Trd, 4319342.543, 88
Trd, 4319344.043, 86
Trd, 4319344.993, 87
Trd, 4319347.493, 87
Trd, 4319348.243, 87
Trd, 4319350.943, 86
Trd, 4319352.593, 87
Trd, 4319352.993, 87
Trd, 4319354.693, 87
Trd, 4319354.793, 86
Trd, 4319357.693, 91
Trd, 4319358.043, 94
Trd, 4319359.693, 91
Trd, 4319362.143, 90
Trd, 4319362.493, 90
Trd, 4319363.043, 90
Trd, 4319364.443, 89
Trd, 4319366.393, 90
Trd, 4319368.193, 90
Trd, 4319370.243, 90
Trd, 4319371.743, 90
Trd, 4319372.043, 90
Trd, 4319375.043, 90
Trd, 4319376.443, 90
Trd, 4319376.643, 89
Trd, 4319378.593, 94
Trd, 4319380.743, 91
Trd, 4319382.693, 91
Trd, 4319383.143, 92
Trd, 4319384.943, 92
Trd, 4319386.343, 91
Trd, 4319386.793, 94
Trd, 4319391.493, 92
Trd, 4319392.843, 92
Trd, 4319394.293, 90
Trd, 4319395.193, 91
Trd, 4319396.143, 92
Trd, 4319396.543, 91
Trd, 4319397.043, 95
Trd, 4319402.143, 92
Trd, 4319402.543, 93
Trd, 4319404.243, 92
Trd, 4319406.193, 92
Trd, 4319407.543, 92
Trd, 4319410.743, 91
Trd, 4319412.793, 92
Trd, 4319414.243, 92
Trd, 4319417.793, 92
Trd, 4319419.043, 91
Trd, 4319419.643, 91
Trd, 4319420.693, 91
Trd, 4319424.393, 91
Trd, 4319426.043, 90
Trd, 4319427.193, 91
Trd, 4319429.343, 91
Trd, 4319430.743, 91
Trd, 4319430.993, 91
Trd, 4319431.793, 92
Trd, 4319434.793, 92
Trd, 4319435.043, 90
Trd, 4319436.643, 89
Trd, 4319438.993, 88
Trd, 4319440.793, 90
Trd, 4319443.043, 90
Trd, 4319444.493, 92
Trd, 4319446.193, 90
Trd, 4319447.693, 89
Trd, 4319447.743, 90
Trd, 4319453.793, 90
Trd, 4319454.443, 89
Trd, 4319455.393, 88
Trd, 4319456.893, 89
Trd, 4319459.493, 88
Trd, 4319460.143, 89
Trd, 4319463.343, 88
Trd, 4319464.493, 88
Trd, 4319466.093, 87
Trd, 4319466.443, 86
Trd, 4319467.693, 87
Trd, 4319467.843, 86
Trd, 4319470.343, 88
Trd, 4319471.393, 89
Trd, 4319474.843, 89
Trd, 4319474.993, 88
Trd, 4319475.393, 95
Trd, 4319478.443, 89
Trd, 4319478.543, 89
Trd, 4319480.043, 88
Trd, 4319481.393, 89
Trd, 4319483.243, 88
Trd, 4319485.443, 89
Trd, 4319486.643, 89
Trd, 4319487.943, 90
Trd, 4319489.593, 87
Trd, 4319489.643, 87
Trd, 4319490.743, 87
Trd, 4319491.443, 87
Trd, 4319492.843, 86
Trd, 4319493.943, 87
Trd, 4319500.743, 87
Trd, 4319501.193, 88
Trd, 4319501.793, 88
Trd, 4319502.393, 87
Trd, 4319502.443, 87
Trd, 4319505.343, 87
Trd, 4319507.093, 87
Trd, 4319509.393, 87
Trd, 4319510.243, 87
Trd, 4319510.893, 86
Trd, 4319511.193, 86
Trd, 4319513.343, 86
Trd, 4319514.393, 86
Trd, 4319515.993, 95
Trd, 4319517.343, 87
Trd, 4319517.743, 87
Trd, 4319518.343, 85
Trd, 4319519.743, 86
Trd, 4319521.193, 104
Trd, 4319522.143, 102
Trd, 4319522.743, 102
Trd, 4319524.943, 90
Trd, 4319525.543, 90
Trd, 4319526.293, 94
Trd, 4319528.693, 91
Trd, 4319529.293, 94
Trd, 4319530.193, 95
Trd, 4319530.943, 93
Trd, 4319531.743, 107
Trd, 4319534.743, 97
Trd, 4319535.693, 96
Trd, 4319536.793, 96
Trd, 4319537.393, 97
Trd, 4319542.243, 97
Trd, 4319544.193, 96
Trd, 4319547.293, 95
Trd, 4319548.893, 95
Trd, 4319550.443, 94
Trd, 4319551.743, 95
Trd, 4319554.343, 95
Trd, 4319555.743, 94
Trd, 4319557.593, 95
Trd, 4319558.843, 95
Trd, 4319560.543, 95
Trd, 4319560.693, 96
Trd, 4319562.343, 95
Trd, 4319563.743, 94
Trd, 4319566.193, 94
Trd, 4319566.243, 93
Trd, 4319568.093, 93
Trd, 4319569.743, 93
Trd, 4319571.593, 93
Trd, 4319572.343, 92
Trd, 4319572.943, 93
Trd, 4319574.693, 92
Trd, 4319576.293, 93
Trd, 4319577.793, 93
Trd, 4319580.893, 91
Trd, 4319581.293, 92
Trd, 4319584.093, 91
Trd, 4319585.443, 91
Trd, 4319586.443, 92
Trd, 4319587.393, 92
Trd, 4319590.493, 92
Trd, 4319592.443, 92
Trd, 4319593.943, 92
Trd, 4319595.043, 92
Trd, 4319595.243, 92
Trd, 4319597.743, 91
Trd, 4319599.493, 92
Trd, 4319600.943, 92
Trd, 4319604.743, 92
Trd, 4319605.693, 93
Trd, 4319606.493, 93
Trd, 4319607.943, 93
Trd, 4319608.243, 95
Trd, 4319611.493, 93
Trd, 4319611.693, 92
Trd, 4319612.893, 91
Trd, 4319613.543, 92
Trd, 4319616.543, 92
Trd, 4319617.643, 94
Trd, 4319619.393, 93
Trd, 4319623.243, 91
Trd, 4319623.543, 92
Trd, 4319626.943, 92
Trd, 4319629.443, 92
Trd, 4319632.243, 95
Trd, 4319632.293, 93
Trd, 4319634.143, 97
Trd, 4319634.793, 94
Trd, 4319635.543, 95
Trd, 4319637.393, 101
Trd, 4319638.343, 97
Trd, 4319638.543, 96
Trd, 4319638.993, 96
Trd, 4319639.693, 96
Trd, 4319640.193, 96
Trd, 4319644.543, 95
Trd, 4319644.993, 95
Trd, 4319646.493, 96
Trd, 4319646.893, 95
Trd, 4319650.143, 94
Trd, 4319651.243, 95
Trd, 4319654.093, 93
Trd, 4319654.743, 93
Trd, 4319654.993, 92
Trd, 4319655.943, 91
Trd, 4319657.843, 92
Trd, 4319658.543, 92
Trd, 4319659.543, 92
Trd, 4319661.543, 93
Trd, 4319663.993, 91
Trd, 4319666.843, 94
Trd, 4319667.543, 93
Trd, 4319667.743, 92
Trd, 4319668.743, 95
Trd, 4319672.043, 92
Trd, 4319673.643, 92
Trd, 4319674.993, 91
Trd, 4319676.193, 92
Trd, 4319677.393, 92
Trd, 4319678.543, 92
Trd, 4319681.193, 92
Trd, 4319682.893, 94
Trd, 4319685.693, 93
Trd, 4319685.793, 93
Trd, 4319687.993, 94
Trd, 4319690.743, 92
Trd, 4319691.243, 92
Trd, 4319693.643, 93
Trd, 4319694.043, 92
Trd, 4319697.843, 93
Trd, 4319699.943, 93
Trd, 4319700.743, 92
Trd, 4319702.793, 90
Trd, 4319705.643, 92
Trd, 4319707.093, 92
Trd, 4319707.193, 114
Trd, 4319708.043, 94
Trd, 4319710.393, 95
Trd, 4319712.793, 95
Trd, 4319713.043, 93
Trd, 4319715.943, 94
Trd, 4319717.243, 93
Trd, 4319718.043, 94
Trd, 4319721.693, 94
Trd, 4319724.993, 93
Trd, 4319725.993, 92
Trd, 4319728.493, 93
Trd, 4319729.143, 93
Trd, 4319731.443, 92
Trd, 4319733.293, 93
Trd, 4319734.443, 92
Trd, 4319738.893, 91
Trd, 4319739.093, 92
Trd, 4319739.343, 92
Trd, 4319740.143, 92
Trd, 4319741.293, 93
Trd, 4319744.743, 91
Trd, 4319746.293, 91
Trd, 4319748.093, 91
Trd, 4319748.143, 111
Trd, 4319749.593, 94
Trd, 4319751.793, 95
Trd, 4319752.943, 94
Trd, 4319754.293, 95
Trd, 4319755.493, 94
Trd, 4319757.893, 95
Trd, 4319758.293, 94
Trd, 4319761.343, 94
Trd, 4319762.193, 93
Trd, 4319762.643, 94
Trd, 4319763.693, 94
Trd, 4319768.043, 94
Trd, 4319770.493, 93
Trd, 4319771.793, 94
Trd, 4319773.043, 92
Trd, 4319776.593, 91
Trd, 4319776.643, 92
Trd, 4319776.793, 91
Trd, 4319776.993, 92
Trd, 4319778.993, 94
Trd, 4319779.243, 93
Trd, 4319781.743, 93
Trd, 4319783.743, 92
Trd, 4319785.543, 93
Trd, 4319786.293, 92
Trd, 4319790.993, 91
Trd, 4319791.343, 91
Trd, 4319792.893, 92
Trd, 4319793.443, 91
Trd, 4319795.243, 90
Trd, 4319796.243, 90
Trd, 4319797.493, 95
Trd, 4319799.293, 96
Trd, 4319802.043, 95
Trd, 4319802.193, 95
Trd, 4319802.593, 95
Trd, 4319804.343, 95
Trd, 4319804.443, 94
Trd, 4319806.743, 94
Trd, 4319807.543, 110
Trd, 4319809.593, 95
Trd, 4319815.043, 95
Trd, 4319816.893, 96
Trd, 4319818.743, 96
Trd, 4319819.643, 95
Trd, 4319822.743, 96
Trd, 4319826.143, 95
Trd, 4319828.143, 96
Trd, 4319828.943, 95
Trd, 4319830.193, 95
Trd, 4319833.293, 95
Trd, 4319834.893, 93
Trd, 4319837.993, 94
Trd, 4319841.393, 92
Trd, 4319843.793, 93
Trd, 4319845.493, 91
Trd, 4319846.143, 93
Trd, 4319849.243, 92
Trd, 4319850.193, 92
Trd, 4319850.793, 94
Trd, 4319851.393, 94
Trd, 4319855.743, 93
Trd, 4319856.793, 94
Trd, 4319858.043, 94
Trd, 4319859.193, 95
Trd, 4319859.443, 94
Trd, 4319859.793, 94
Trd, 4319861.843, 95
Trd, 4319863.593, 95
Trd, 4319866.243, 94
Trd, 4319868.343, 94
Trd, 4319869.443, 95
Trd, 4319870.893, 94
Trd, 4319872.643, 95
Trd, 4319873.243, 95
Trd, 4319875.793, 95
Trd, 4319879.593, 95
Trd, 4319880.693, 94
Trd, 4319881.793, 93
Trd, 4319882.243, 93
Trd, 4319882.693, 93
Trd, 4319883.243, 106
Trd, 4319887.293, 92
Trd, 4319887.393, 92
Trd, 4319889.643, 93
Trd, 4319890.093, 92
Trd, 4319890.843, 92
Trd, 4319896.793, 92
Trd, 4319897.043, 91
Trd, 4319897.993, 91
Trd, 4319898.393, 92
Trd, 4319900.443, 90
Trd, 4319903.593, 91
Trd, 4319903.893, 90
Trd, 4319904.243, 90
Trd, 4319904.643, 95
Trd, 4319906.143, 92
Trd, 4319909.643, 90
Trd, 4319910.293, 90
Trd, 4319911.643, 90
Trd, 4319913.943, 89
Trd, 4319915.843, 90
Trd, 4319916.693, 88
Trd, 4319917.393, 89
Trd, 4319918.593, 89
Trd, 4319920.243, 95
Trd, 4319921.543, 93
Trd, 4319923.143, 92
Trd, 4319923.843, 91
Trd, 4319924.143, 91
Trd, 4319924.993, 91
Trd, 4319927.943, 91
Trd, 4319930.143, 90
Trd, 4319930.843, 90
Trd, 4319932.693, 90
Trd, 4319935.093, 90
Trd, 4319937.143, 90
Trd, 4319937.743, 90
Trd, 4319939.443, 89
Trd, 4319943.393, 90
Trd, 4319943.693, 90
Trd, 4319944.293, 89
Trd, 4319947.093, 90
Trd, 4319949.593, 91
Trd, 4319950.043, 89
Trd, 4319950.443, 91
Trd, 4319953.743, 89
Trd, 4319955.793, 88
Trd, 4319956.543, 89
Trd, 4319959.743, 89
Trd, 4319962.643, 88
Trd, 4319964.443, 89
Trd, 4319965.343, 89
Trd, 4319965.393, 89
Trd, 4319969.943, 89
Trd, 4319971.143, 88
Trd, 4319971.793, 87
Trd, 4319972.593, 89
Trd, 4319974.643, 88
Trd, 4319975.893, 87
Trd, 4319977.493, 87
Trd, 4319977.593, 88
Trd, 4319981.143, 88
Trd, 4319983.693, 87
Trd, 4319985.943, 87
Trd, 4319988.143, 86
Trd, 4319989.143, 87
Trd, 4319991.293, 87
Trd, 4319992.543, 87
Trd, 4319992.643, 86
Trd, 4319995.543, 87
Trd, 4319996.343, 85
Trd, 4319997.543, 85
Trd, 4319998.143, 85
