Trd, 4317905.143, 103
Trd, 4317905.793, 97
Trd, 4317906.093, 102
Trd, 4317907.193, 112
Trd, 4317909.043, 113
Trd, 4317909.643, 112
Trd, 4317910.743, 110
Trd, 4317912.393, 111
Trd, 4317914.043, 104
Trd, 4317915.693, 107
Trd, 4317915.993, 108
Trd, 4317919.943, 107
Trd, 4317920.343, 106
Trd, 4317920.743, 108
Trd, 4317922.293, 107
Trd, 4317922.943, 106
Trd, 4317923.793, 104
Trd, 4317925.343, 107
Trd, 4317927.093, 104
Trd, 4317928.393, 106
Trd, 4317930.193, 102
Trd, 4317930.643, 102
Trd, 4317931.393, 102
Trd, 4317931.893, 94
Trd, 4317934.393, 96
Trd, 4317934.643, 96
Trd, 4317935.293, 96
Trd, 4317936.293, 95
Trd, 4317938.643, 95
Trd, 4317939.743, 93
Trd, 4317940.093, 95
Trd, 4317941.093, 103
Trd, 4317942.543, 103
Trd, 4317944.143, 104
Trd, 4317944.993, 118
Trd, 4317945.643, 105
Trd, 4317946.643, 104
Trd, 4317947.693, 103
Trd, 4317950.343, 102
Trd, 4317950.943, 103
Trd, 4317952.993, 102
Trd, 4317954.043, 100
Trd, 4317955.243, 91
Trd, 4317955.543, 91
Trd, 4317958.043, 101
Trd, 4317959.243, 95
Trd, 4317960.243, 95
Trd, 4317960.343, 92
Trd, 4317962.593, 94
Trd, 4317964.043, 94
Trd, 4317964.943, 94
Trd, 4317965.443, 92
Trd, 4317965.893, 94
Trd, 4317967.293, 94
Trd, 4317968.443, 104
Trd, 4317968.843, 122
Trd, 4317971.443, 108
Trd, 4317972.493, 102
Trd, 4317975.343, 101
Trd, 4317975.793, 98
Trd, 4317977.643, 95
Trd, 4317978.443, 95
Trd, 4317979.943, 94
Trd, 4317980.843, 94
Trd, 4317981.293, 93
Trd, 4317983.543, 93
Trd, 4317984.193, 92
Trd, 4317985.043, 113
Trd, 4317985.243, 122
Trd, 4317986.143, 109
Trd, 4317986.693, 104
Trd, 4317988.493, 113
Trd, 4317989.293, 73
Trd, 4317990.793, 116
Trd, 4317993.043, 112
Trd, 4317995.043, 108
Trd, 4317996.943, 110
Trd, 4317998.343, 110
Trd, 4317998.393, 106
Trd, 4318001.993, 106
Trd, 4318003.143, 104
Trd, 4318004.393, 104
Trd, 4318004.693, 103
Trd, 4318006.143, 104
Trd, 4318007.893, 122
Trd, 4318008.343, 106
Trd, 4318011.093, 104
Trd, 4318011.643, 106
Trd, 4318013.193, 104
Trd, 4318014.193, 104
Trd, 4318014.243, 104
Trd, 4318015.993, 105
Trd, 4318017.943, 98
Trd, 4318019.643, 82
Trd, 4318020.843, 90
Trd, 4318022.343, 92
Trd, 4318024.043, 92
Trd, 4318025.193, 92
Trd, 4318025.593, 89
Trd, 4318028.743, 91
Trd, 4318030.143, 92
Trd, 4318030.193, 95
Trd, 4318031.943, 89
Trd, 4318033.343, 88
Trd, 4318033.743, 93
Trd, 4318036.143, 93
Trd, 4318037.343, 103
Trd, 4318037.393, 87
Trd, 4318038.543, 94
Trd, 4318040.243, 99
Trd, 4318041.243, 104
Trd, 4318042.043, 101
Trd, 4318043.243, 105
Trd, 4318043.743, 104
Trd, 4318045.743, 106
Trd, 4318046.743, 105
Trd, 4318047.843, 105
Trd, 4318048.393, 104
Trd, 4318050.093, 105
Trd, 4318050.343, 106
Trd, 4318050.793, 112
Trd, 4318051.693, 122
Trd, 4318053.743, 105
Trd, 4318053.843, 108
Trd, 4318054.693, 104
Trd, 4318055.743, 108
Trd, 4318056.393, 111
Trd, 4318057.893, 108
Trd, 4318060.093, 107
Trd, 4318060.243, 109
Trd, 4318061.243, 106
Trd, 4318062.043, 104
Trd, 4318062.243, 93
Trd, 4318064.893, 104
Trd, 4318066.793, 98
Trd, 4318066.993, 102
Trd, 4318068.993, 102
Trd, 4318070.493, 102
Trd, 4318071.193, 101
Trd, 4318071.943, 101
Trd, 4318074.093, 96
Trd, 4318074.243, 98
Trd, 4318074.743, 101
Trd, 4318076.793, 113
Trd, 4318077.593, 107
Trd, 4318079.343, 107
Trd, 4318081.043, 105
Trd, 4318081.893, 104
Trd, 4318082.843, 104
Trd, 4318083.343, 104
Trd, 4318084.643, 105
Trd, 4318087.443, 104
Trd, 4318087.593, 105
Trd, 4318088.193, 104
Trd, 4318088.993, 122
Trd, 4318090.793, 104
Trd, 4318093.793, 103
Trd, 4318093.993, 104
Trd, 4318094.243, 104
Trd, 4318095.993, 102
Trd, 4318097.193, 102
Trd, 4318097.343, 101
Trd, 4318099.143, 100
Trd, 4318099.893, 102
Trd, 4318100.993, 99
Trd, 4318105.093, 98
Trd, 4318105.893, 97
Trd, 4318106.843, 99
Trd, 4318107.643, 99
Trd, 4318107.693, 99
Trd, 4318110.943, 99
Trd, 4318111.043, 96
Trd, 4318113.593, 96
Trd, 4318113.793, 95
Trd, 4318115.193, 96
Trd, 4318115.743, 96
Trd, 4318118.543, 95
Trd, 4318118.943, 94
Trd, 4318119.343, 95
Trd, 4318121.993, 93
Trd, 4318122.643, 95
Trd, 4318123.093, 95
Trd, 4318123.843, 104
Trd, 4318124.693, 104
Trd, 4318125.243, 103
Trd, 4318126.743, 104
Trd, 4318127.993, 104
Trd, 4318128.043, 107
Trd, 4318128.793, 123
Trd, 4318130.643, 112
Trd, 4318131.043, 104
Trd, 4318134.043, 108
Trd, 4318134.793, 108
Trd, 4318136.493, 109
Trd, 4318136.843, 106
Trd, 4318138.343, 104
Trd, 4318139.043, 102
Trd, 4318139.243, 91
Trd, 4318140.693, 102
Trd, 4318142.243, 102
Trd, 4318144.343, 101
Trd, 4318145.443, 96
Trd, 4318145.743, 102
Trd, 4318148.643, 97
Trd, 4318149.393, 102
Trd, 4318149.643, 95
Trd, 4318153.243, 98
Trd, 4318153.743, 98
Trd, 4318154.343, 98
Trd, 4318155.993, 97
Trd, 4318156.293, 97
Trd, 4318157.293, 96
Trd, 4318160.043, 95
Trd, 4318161.393, 94
Trd, 4318161.593, 93
Trd, 4318162.093, 95
Trd, 4318165.193, 104
Trd, 4318165.793, 98
Trd, 4318165.843, 106
Trd, 4318165.893, 79
Trd, 4318167.193, 109
Trd, 4318167.643, 123
Trd, 4318168.043, 106
Trd, 4318170.093, 110
Trd, 4318171.693, 107
Trd, 4318173.893, 102
Trd, 4318174.843, 100
Trd, 4318175.243, 96
Trd, 4318176.543, 98
Trd, 4318177.993, 104
Trd, 4318179.343, 108
Trd, 4318179.693, 102
Trd, 4318180.193, 100
Trd, 4318181.043, 94
Trd, 4318182.743, 99
Trd, 4318183.293, 109
Trd, 4318184.293, 99
Trd, 4318187.343, 97
Trd, 4318187.893, 98
Trd, 4318189.443, 96
Trd, 4318191.243, 94
Trd, 4318191.343, 96
Trd, 4318191.543, 98
Trd, 4318193.143, 99
Trd, 4318195.443, 99
Trd, 4318196.893, 96
Trd, 4318198.793, 97
Trd, 4318199.843, 97
Trd, 4318200.493, 94
Trd, 4318201.493, 97
Trd, 4318203.843, 96
Trd, 4318204.743, 95
Trd, 4318204.943, 93
Trd, 4318206.393, 76
Trd, 4318207.443, 90
Trd, 4318209.643, 88
Trd, 4318212.393, 88
Trd, 4318212.793, 88
Trd, 4318213.343, 85
Trd, 4318214.743, 88
Trd, 4318215.493, 88
Trd, 4318218.293, 89
Trd, 4318219.793, 84
Trd, 4318219.843, 88
Trd, 4318221.543, 83
Trd, 4318221.893, 87
Trd, 4318223.093, 84
Trd, 4318226.393, 104
Trd, 4318226.593, 82
Trd, 4318226.893, 94
Trd, 4318227.243, 104
Trd, 4318227.993, 111
Trd, 4318230.243, 111
Trd, 4318230.493, 111
Trd, 4318232.343, 103
Trd, 4318233.043, 109
Trd, 4318234.243, 106
Trd, 4318234.943, 106
Trd, 4318235.193, 107
Trd, 4318236.143, 104
Trd, 4318236.893, 104
Trd, 4318237.093, 75
Trd, 4318238.393, 89
Trd, 4318238.993, 100
Trd, 4318240.093, 93
Trd, 4318241.743, 113
Trd, 4318242.193, 104
Trd, 4318244.093, 107
Trd, 4318245.343, 105
Trd, 4318247.693, 104
Trd, 4318248.143, 112
Trd, 4318249.643, 111
Trd, 4318251.293, 109
Trd, 4318251.743, 119
Trd, 4318253.293, 115
Trd, 4318253.893, 113
Trd, 4318255.393, 123
Trd, 4318256.743, 112
Trd, 4318256.943, 113
Trd, 4318258.893, 111
Trd, 4318259.093, 94
Trd, 4318260.593, 93
Trd, 4318261.893, 93
Trd, 4318262.943, 91
Trd, 4318263.443, 105
Trd, 4318263.843, 113
Trd, 4318264.793, 110
Trd, 4318266.493, 110
Trd, 4318267.593, 113
Trd, 4318269.843, 109
Trd, 4318270.643, 108
Trd, 4318272.393, 109
Trd, 4318272.643, 108
Trd, 4318273.343, 108
Trd, 4318276.543, 102
Trd, 4318276.693, 102
Trd, 4318277.743, 102
Trd, 4318280.893, 104
Trd, 4318281.543, 107
Trd, 4318282.193, 103
Trd, 4318282.843, 103
Trd, 4318283.043, 105
Trd, 4318283.843, 106
Trd, 4318285.943, 102
Trd, 4318288.143, 92
Trd, 4318288.543, 92
Trd, 4318288.643, 99
Trd, 4318290.543, 77
Trd, 4318291.393, 94
Trd, 4318293.393, 92
Trd, 4318294.093, 92
Trd, 4318295.043, 95
Trd, 4318296.343, 88
Trd, 4318298.593, 91
Trd, 4318300.193, 92
Trd, 4318301.593, 109
Trd, 4318302.043, 104
Trd, 4318302.293, 76
Trd, 4318304.593, 101
Trd, 4318305.993, 99
Trd, 4318307.993, 97
Trd, 4318309.893, 97
Trd, 4318310.393, 93
Trd, 4318310.943, 96
Trd, 4318311.593, 103
Trd, 4318314.143, 99
Trd, 4318316.543, 95
Trd, 4318317.843, 95
Trd, 4318318.243, 95
Trd, 4318318.393, 92
Trd, 4318321.643, 104
Trd, 4318321.843, 103
Trd, 4318322.393, 102
Trd, 4318322.993, 105
Trd, 4318323.593, 104
Trd, 4318325.043, 112
Trd, 4318325.243, 111
Trd, 4318326.843, 117
Trd, 4318328.143, 108
Trd, 4318328.443, 91
Trd, 4318331.093, 101
Trd, 4318331.743, 101
Trd, 4318332.243, 101
Trd, 4318333.593, 96
Trd, 4318334.343, 76
Trd, 4318334.593, 95
Trd, 4318336.043, 92
Trd, 4318336.643, 91
Trd, 4318336.843, 92
Trd, 4318339.393, 104
Trd, 4318340.393, 108
Trd, 4318341.443, 110
Trd, 4318342.693, 102
Trd, 4318343.093, 102
Trd, 4318344.243, 101
Trd, 4318345.993, 115
Trd, 4318346.393, 106
Trd, 4318346.843, 103
Trd, 4318349.243, 107
Trd, 4318349.893, 103
Trd, 4318351.943, 102
Trd, 4318352.143, 91
Trd, 4318353.843, 103
Trd, 4318354.793, 94
Trd, 4318354.843, 103
Trd, 4318357.193, 103
Trd, 4318358.293, 102
Trd, 4318359.243, 102
Trd, 4318362.343, 99
Trd, 4318362.993, 97
Trd, 4318363.343, 101
Trd, 4318365.493, 98
Trd, 4318367.843, 96
Trd, 4318368.143, 97
Trd, 4318368.593, 109
Trd, 4318371.493, 100
Trd, 4318372.943, 101
Trd, 4318373.693, 95
Trd, 4318374.393, 96
Trd, 4318375.993, 95
Trd, 4318377.143, 94
Trd, 4318377.193, 94
Trd, 4318377.993, 106
Trd, 4318379.193, 92
Trd, 4318381.443, 99
Trd, 4318383.193, 105
Trd, 4318383.593, 101
Trd, 4318384.593, 113
Trd, 4318385.743, 106
Trd, 4318387.493, 93
Trd, 4318388.643, 119
Trd, 4318389.143, 105
Trd, 4318389.793, 107
Trd, 4318390.693, 104
Trd, 4318393.143, 87
Trd, 4318393.993, 83
Trd, 4318394.193, 84
Trd, 4318395.093, 110
Trd, 4318395.393, 95
Trd, 4318397.743, 86
Trd, 4318398.443, 92
Trd, 4318398.743, 91
Trd, 4318402.443, 85
Trd, 4318402.993, 88
Trd, 4318405.293, 87
Trd, 4318405.393, 87
Trd, 4318410.043, 87
Trd, 4318410.343, 95
Trd, 4318410.593, 87
Trd, 4318410.693, 107
Trd, 4318412.393, 86
Trd, 4318413.393, 93
Trd, 4318415.893, 86
Trd, 4318416.793, 93
Trd, 4318417.593, 93
Trd, 4318421.193, 93
Trd, 4318423.593, 93
Trd, 4318424.043, 93
Trd, 4318424.593, 86
Trd, 4318425.943, 93
Trd, 4318426.293, 112
Trd, 4318427.943, 90
Trd, 4318429.493, 97
Trd, 4318430.393, 96
Trd, 4318430.443, 89
Trd, 4318431.543, 89
Trd, 4318435.293, 104
Trd, 4318436.243, 95
Trd, 4318436.343, 88
Trd, 4318438.593, 93
Trd, 4318439.393, 93
Trd, 4318441.193, 93
Trd, 4318442.243, 93
Trd, 4318442.643, 88
Trd, 4318444.293, 105
Trd, 4318446.593, 95
Trd, 4318447.543, 103
Trd, 4318447.793, 107
Trd, 4318448.343, 83
Trd, 4318449.143, 103
Trd, 4318450.243, 101
Trd, 4318451.043, 80
Trd, 4318453.193, 101
Trd, 4318453.543, 101
Trd, 4318457.593, 95
Trd, 4318457.643, 95
Trd, 4318458.093, 94
Trd, 4318459.643, 93
Trd, 4318459.793, 93
Trd, 4318461.843, 93
Trd, 4318463.143, 92
Trd, 4318463.393, 94
Trd, 4318464.693, 93
Trd, 4318467.943, 108
Trd, 4318468.193, 102
Trd, 4318468.843, 103
Trd, 4318471.193, 102
Trd, 4318472.193, 104
Trd, 4318472.593, 101
Trd, 4318474.943, 98
Trd, 4318475.893, 97
Trd, 4318476.443, 98
Trd, 4318476.943, 96
Trd, 4318479.143, 97
Trd, 4318481.093, 94
Trd, 4318482.993, 95
Trd, 4318484.993, 95
Trd, 4318487.193, 93
Trd, 4318488.243, 95
Trd, 4318488.293, 95
Trd, 4318488.793, 95
Trd, 4318490.243, 95
Trd, 4318491.893, 93
Trd, 4318492.093, 104
Trd, 4318494.743, 95
Trd, 4318495.843, 96
Trd, 4318497.493, 93
Trd, 4318500.093, 95
Trd, 4318500.193, 94
Trd, 4318501.143, 95
Trd, 4318502.343, 95
Trd, 4318504.043, 95
Trd, 4318505.093, 113
Trd, 4318505.543, 102
Trd, 4318506.493, 102
Trd, 4318506.643, 75
Trd, 4318508.393, 103
Trd, 4318508.993, 91
Trd, 4318510.343, 95
Trd, 4318511.793, 98
Trd, 4318513.043, 94
Trd, 4318513.343, 112
Trd, 4318514.443, 118
Trd, 4318515.493, 112
Trd, 4318518.043, 103
Trd, 4318518.493, 103
Trd, 4318519.443, 98
Trd, 4318519.793, 100
Trd, 4318521.343, 98
Trd, 4318522.243, 95
Trd, 4318522.493, 95
Trd, 4318522.943, 113
Trd, 4318523.243, 104
Trd, 4318523.793, 92
Trd, 4318524.693, 113
Trd, 4318527.993, 96
Trd, 4318529.343, 104
Trd, 4318531.243, 104
Trd, 4318531.743, 103
Trd, 4318532.293, 103
Trd, 4318532.793, 122
Trd, 4318533.693, 100
Trd, 4318536.743, 100
Trd, 4318538.593, 104
Trd, 4318539.343, 102
Trd, 4318539.843, 99
Trd, 4318542.393, 100
Trd, 4318542.643, 98
Trd, 4318543.643, 99
Trd, 4318544.793, 100
Trd, 4318545.093, 97
Trd, 4318545.843, 99
Trd, 4318550.393, 99
Trd, 4318551.543, 98
Trd, 4318552.143, 98
Trd, 4318552.943, 99
Trd, 4318553.943, 99
Trd, 4318554.443, 99
Trd, 4318555.243, 99
Trd, 4318555.443, 94
Trd, 4318556.043, 98
Trd, 4318557.843, 95
Trd, 4318559.993, 95
Trd, 4318560.543, 96
Trd, 4318560.743, 96
Trd, 4318563.443, 96
Trd, 4318563.943, 94
Trd, 4318565.643, 96
Trd, 4318568.693, 96
Trd, 4318568.943, 97
Trd, 4318569.243, 94
Trd, 4318571.293, 95
Trd, 4318572.993, 94
Trd, 4318574.943, 94
Trd, 4318576.293, 95
Trd, 4318576.443, 96
Trd, 4318577.043, 103
Trd, 4318577.393, 100
Trd, 4318578.943, 110
Trd, 4318580.693, 99
Trd, 4318581.743, 98
Trd, 4318581.943, 97
Trd, 4318582.593, 100
Trd, 4318584.393, 100
Trd, 4318585.093, 95
Trd, 4318586.193, 100
Trd, 4318587.893, 104
Trd, 4318588.693, 93
Trd, 4318589.043, 105
Trd, 4318589.893, 91
Trd, 4318590.543, 95
Trd, 4318592.243, 102
Trd, 4318592.343, 100
Trd, 4318594.343, 105
Trd, 4318594.843, 103
Trd, 4318595.843, 116
Trd, 4318596.993, 113
Trd, 4318599.143, 109
Trd, 4318600.143, 104
Trd, 4318602.543, 101
Trd, 4318602.893, 100
Trd, 4318603.693, 100
Trd, 4318603.843, 99
Trd, 4318607.243, 97
Trd, 4318608.693, 99
Trd, 4318609.643, 95
Trd, 4318610.393, 96
Trd, 4318611.293, 112
Trd, 4318611.393, 122
Trd, 4318613.793, 111
Trd, 4318614.343, 105
Trd, 4318616.393, 106
Trd, 4318616.443, 94
Trd, 4318616.943, 101
Trd, 4318618.393, 94
Trd, 4318620.493, 95
Trd, 4318621.293, 121
Trd, 4318622.643, 94
Trd, 4318623.943, 100
Trd, 4318624.093, 102
Trd, 4318625.293, 113
Trd, 4318626.343, 113
Trd, 4318627.893, 104
Trd, 4318628.343, 108
Trd, 4318630.893, 98
Trd, 4318630.993, 100
Trd, 4318631.293, 75
Trd, 4318633.293, 98
Trd, 4318634.693, 113
Trd, 4318636.993, 104
Trd, 4318638.293, 99
Trd, 4318639.143, 104
Trd, 4318639.643, 99
Trd, 4318639.893, 104
Trd, 4318640.093, 104
Trd, 4318642.493, 106
Trd, 4318643.243, 120
Trd, 4318646.193, 108
Trd, 4318646.543, 108
Trd, 4318647.793, 108
Trd, 4318649.293, 107
Trd, 4318649.793, 108
Trd, 4318650.293, 104
Trd, 4318650.443, 104
Trd, 4318652.243, 102
Trd, 4318654.543, 104
Trd, 4318655.393, 102
Trd, 4318657.243, 104
Trd, 4318658.143, 104
Trd, 4318658.343, 105
Trd, 4318658.993, 107
Trd, 4318660.843, 104
Trd, 4318661.343, 107
Trd, 4318661.643, 107
Trd, 4318662.543, 104
Trd, 4318667.593, 104
Trd, 4318667.793, 94
Trd, 4318668.393, 102
Trd, 4318670.043, 100
Trd, 4318671.393, 105
Trd, 4318673.893, 98
Trd, 4318674.193, 100
Trd, 4318674.893, 97
Trd, 4318676.593, 105
Trd, 4318677.843, 101
Trd, 4318679.093, 113
Trd, 4318679.243, 109
Trd, 4318680.693, 108
Trd, 4318681.293, 94
Trd, 4318683.693, 105
Trd, 4318684.093, 104
Trd, 4318684.143, 122
Trd, 4318686.443, 98
Trd, 4318687.793, 101
Trd, 4318688.893, 100
Trd, 4318690.543, 95
Trd, 4318691.293, 95
Trd, 4318692.043, 95
Trd, 4318693.393, 95
Trd, 4318693.443, 95
Trd, 4318695.243, 94
Trd, 4318696.293, 93
Trd, 4318697.493, 94
Trd, 4318698.593, 92
Trd, 4318699.093, 94
Trd, 4318701.243, 94
Trd, 4318701.993, 95
Trd, 4318704.793, 96
Trd, 4318705.143, 92
Trd, 4318706.343, 93
Trd, 4318706.393, 94
Trd, 4318709.393, 94
Trd, 4318711.143, 92
Trd, 4318711.343, 93
Trd, 4318712.143, 94
Trd, 4318714.743, 95
Trd, 4318715.043, 95
Trd, 4318717.343, 132
Trd, 4318717.493, 113
Trd, 4318718.343, 101
Trd, 4318719.843, 103
Trd, 4318720.193, 91
Trd, 4318724.193, 98
Trd, 4318724.993, 99
Trd, 4318725.743, 97
Trd, 4318726.243, 96
Trd, 4318727.993, 97
Trd, 4318728.793, 111
Trd, 4318729.343, 114
Trd, 4318731.493, 106
Trd, 4318731.593, 106
Trd, 4318731.843, 108
Trd, 4318734.593, 100
Trd, 4318735.043, 99
Trd, 4318735.193, 101
Trd, 4318735.943, 97
Trd, 4318736.493, 125
Trd, 4318737.493, 77
Trd, 4318739.243, 97
Trd, 4318739.943, 99
Trd, 4318740.643, 86
Trd, 4318742.593, 96
Trd, 4318745.543, 95
Trd, 4318745.743, 91
Trd, 4318746.543, 93
Trd, 4318746.793, 92
Trd, 4318747.793, 95
Trd, 4318748.943, 93
Trd, 4318751.693, 94
Trd, 4318752.443, 93
Trd, 4318754.993, 92
Trd, 4318755.343, 93
Trd, 4318756.593, 91
Trd, 4318758.293, 95
Trd, 4318759.893, 94
Trd, 4318760.443, 95
Trd, 4318762.643, 96
Trd, 4318764.693, 96
Trd, 4318765.643, 94
Trd, 4318765.793, 109
Trd, 4318767.143, 101
Trd, 4318767.743, 106
Trd, 4318768.893, 103
Trd, 4318770.243, 93
Trd, 4318772.643, 98
Trd, 4318774.743, 94
Trd, 4318775.843, 96
Trd, 4318776.793, 94
Trd, 4318777.093, 94
Trd, 4318778.843, 93
Trd, 4318779.143, 94
Trd, 4318780.843, 94
Trd, 4318782.543, 91
Trd, 4318783.843, 93
Trd, 4318786.893, 93
Trd, 4318786.943, 93
Trd, 4318787.543, 90
Trd, 4318789.693, 103
Trd, 4318790.293, 102
Trd, 4318790.593, 125
Trd, 4318790.943, 114
Trd, 4318791.893, 114
Trd, 4318793.043, 108
Trd, 4318793.943, 102
Trd, 4318794.293, 103
Trd, 4318795.543, 103
Trd, 4318796.193, 76
Trd, 4318797.743, 91
Trd, 4318799.793, 93
Trd, 4318799.893, 95
Trd, 4318800.443, 95
Trd, 4318804.893, 94
Trd, 4318805.593, 94
Trd, 4318806.793, 95
Trd, 4318807.143, 90
Trd, 4318809.343, 90
Trd, 4318809.493, 95
Trd, 4318809.993, 95
Trd, 4318811.593, 108
Trd, 4318812.043, 100
Trd, 4318814.693, 93
Trd, 4318814.943, 89
Trd, 4318815.943, 93
Trd, 4318817.843, 109
Trd, 4318818.593, 99
Trd, 4318820.293, 98
Trd, 4318820.893, 76
Trd, 4318821.443, 89
Trd, 4318823.043, 87
Trd, 4318823.993, 105
Trd, 4318824.093, 86
Trd, 4318824.643, 126
Trd, 4318827.193, 89
Trd, 4318828.043, 90
Trd, 4318830.493, 86
Trd, 4318831.343, 90
Trd, 4318831.743, 95
Trd, 4318832.343, 104
Trd, 4318833.293, 102
Trd, 4318834.193, 105
Trd, 4318835.443, 104
Trd, 4318836.193, 101
Trd, 4318836.393, 100
Trd, 4318836.993, 126
Trd, 4318838.993, 106
Trd, 4318840.893, 103
Trd, 4318841.193, 103
Trd, 4318843.293, 103
Trd, 4318843.493, 104
Trd, 4318845.143, 103
Trd, 4318845.593, 104
Trd, 4318846.093, 100
Trd, 4318846.693, 101
Trd, 4318848.843, 99
Trd, 4318850.943, 102
Trd, 4318851.143, 104
Trd, 4318852.193, 102
Trd, 4318852.293, 103
Trd, 4318853.593, 104
Trd, 4318855.543, 105
Trd, 4318856.193, 103
Trd, 4318857.293, 106
Trd, 4318858.693, 102
Trd, 4318859.643, 105
Trd, 4318860.793, 105
Trd, 4318862.543, 104
Trd, 4318863.143, 104
Trd, 4318865.593, 105
Trd, 4318865.793, 103
Trd, 4318866.293, 103
Trd, 4318867.743, 102
Trd, 4318868.843, 101
Trd, 4318869.593, 106
Trd, 4318871.443, 94
Trd, 4318872.993, 94
Trd, 4318873.193, 90
Trd, 4318873.543, 98
Trd, 4318876.343, 92
Trd, 4318877.143, 91
Trd, 4318877.543, 93
Trd, 4318879.293, 92
Trd, 4318879.443, 94
Trd, 4318880.593, 95
Trd, 4318881.293, 95
Trd, 4318882.643, 95
Trd, 4318885.993, 91
Trd, 4318888.643, 93
Trd, 4318888.693, 93
Trd, 4318888.893, 93
Trd, 4318893.343, 91
Trd, 4318893.893, 92
Trd, 4318894.543, 93
Trd, 4318896.043, 93
Trd, 4318897.243, 93
Trd, 4318897.343, 90
Trd, 4318899.793, 103
Trd, 4318900.443, 112
Trd, 4318900.943, 110
Trd, 4318901.943, 111
Trd, 4318902.493, 109
Trd, 4318903.843, 104
Trd, 4318904.743, 76
Trd, 4318905.993, 99
Trd, 4318906.943, 96
Trd, 4318910.693, 94
Trd, 4318911.043, 95
Trd, 4318911.993, 105
Trd, 4318912.793, 92
Trd, 4318916.043, 96
Trd, 4318918.893, 95
Trd, 4318919.443, 92
Trd, 4318920.143, 95
Trd, 4318921.193, 94
Trd, 4318921.593, 95
Trd, 4318924.743, 95
Trd, 4318925.093, 95
Trd, 4318925.893, 96
Trd, 4318927.543, 96
Trd, 4318928.793, 95
Trd, 4318929.643, 93
Trd, 4318929.993, 95
Trd, 4318931.393, 94
Trd, 4318933.343, 95
Trd, 4318933.543, 95
Trd, 4318933.693, 113
Trd, 4318935.093, 93
Trd, 4318935.693, 98
Trd, 4318937.243, 93
Trd, 4318938.043, 96
Trd, 4318938.143, 113
Trd, 4318940.193, 101
Trd, 4318941.993, 98
Trd, 4318943.243, 97
Trd, 4318943.543, 96
Trd, 4318944.243, 99
Trd, 4318944.293, 111
Trd, 4318944.543, 96
Trd, 4318945.393, 92
Trd, 4318946.143, 112
Trd, 4318947.443, 108
Trd, 4318948.293, 109
Trd, 4318950.543, 104
Trd, 4318951.043, 106
Trd, 4318951.893, 125
Trd, 4318952.943, 124
Trd, 4318955.543, 111
Trd, 4318957.493, 110
Trd, 4318958.043, 113
Trd, 4318960.943, 112
Trd, 4318961.493, 109
Trd, 4318961.743, 109
Trd, 4318961.843, 103
Trd, 4318963.093, 110
Trd, 4318967.093, 105
Trd, 4318967.593, 106
Trd, 4318967.693, 93
Trd, 4318969.793, 107
Trd, 4318971.193, 107
Trd, 4318971.343, 108
Trd, 4318973.293, 112
Trd, 4318974.493, 131
Trd, 4318975.043, 107
Trd, 4318975.743, 103
Trd, 4318976.943, 76
Trd, 4318978.193, 109
Trd, 4318978.793, 104
Trd, 4318980.093, 103
Trd, 4318981.193, 125
Trd, 4318983.043, 104
Trd, 4318984.143, 108
Trd, 4318984.743, 104
Trd, 4318986.993, 102
Trd, 4318987.493, 101
Trd, 4318987.593, 102
Trd, 4318990.093, 78
Trd, 4318991.093, 100
Trd, 4318991.493, 100
Trd, 4318991.893, 94
Trd, 4318992.893, 100
Trd, 4318994.543, 93
Trd, 4318995.593, 101
Trd, 4318997.443, 102
Trd, 4318997.843, 96
Trd, 4319000.293, 94
Trd, 4319001.243, 95
Trd, 4319003.393, 94
Trd, 4319003.543, 95
Trd, 4319005.093, 94
Trd, 4319005.443, 95
Trd, 4319005.493, 92
Trd, 4319008.843, 93
Trd, 4319009.143, 95
Trd, 4319011.293, 90
Trd, 4319012.393, 89
Trd, 4319013.643, 93
Trd, 4319013.993, 92
Trd, 4319017.143, 92
Trd, 4319017.193, 88
Trd, 4319017.943, 112
Trd, 4319020.943, 95
Trd, 4319021.443, 95
Trd, 4319022.843, 89
Trd, 4319022.893, 95
Trd, 4319023.443, 95
Trd, 4319024.393, 94
Trd, 4319026.843, 93
Trd, 4319027.593, 91
Trd, 4319028.643, 125
Trd, 4319030.643, 103
Trd, 4319034.043, 102
Trd, 4319035.743, 101
Trd, 4319036.393, 99
Trd, 4319037.193, 102
Trd, 4319037.443, 103
Trd, 4319038.743, 98
Trd, 4319040.093, 103
Trd, 4319042.793, 101
Trd, 4319043.843, 97
Trd, 4319045.093, 97
Trd, 4319045.943, 96
Trd, 4319046.093, 99
Trd, 4319047.593, 99
Trd, 4319047.893, 107
Trd, 4319049.593, 94
Trd, 4319050.093, 95
Trd, 4319050.393, 102
Trd, 4319052.393, 94
Trd, 4319053.143, 93
Trd, 4319054.893, 97
Trd, 4319056.093, 101
Trd, 4319057.693, 99
Trd, 4319058.593, 94
Trd, 4319058.743, 99
Trd, 4319059.393, 97
Trd, 4319062.643, 93
Trd, 4319064.593, 94
Trd, 4319067.343, 91
Trd, 4319067.693, 94
Trd, 4319068.643, 124
Trd, 4319071.693, 112
Trd, 4319072.093, 108
Trd, 4319072.443, 108
Trd, 4319072.993, 110
Trd, 4319073.393, 106
Trd, 4319075.193, 104
Trd, 4319076.093, 109
Trd, 4319078.943, 107
Trd, 4319080.593, 105
Trd, 4319081.143, 104
Trd, 4319081.643, 104
Trd, 4319082.643, 104
Trd, 4319083.843, 102
Trd, 4319084.493, 103
Trd, 4319085.293, 103
Trd, 4319087.243, 104
Trd, 4319087.443, 103
Trd, 4319089.743, 101
Trd, 4319090.943, 111
Trd, 4319091.893, 103
Trd, 4319093.793, 101
Trd, 4319095.393, 105
Trd, 4319095.793, 104
Trd, 4319096.243, 102
Trd, 4319099.343, 113
Trd, 4319099.593, 115
Trd, 4319099.793, 112
Trd, 4319101.393, 112
Trd, 4319103.093, 110
Trd, 4319105.493, 104
Trd, 4319105.943, 105
Trd, 4319107.543, 104
Trd, 4319108.943, 102
Trd, 4319110.493, 101
Trd, 4319111.193, 103
Trd, 4319111.543, 104
Trd, 4319114.493, 99
Trd, 4319115.593, 100
Trd, 4319116.493, 100
Trd, 4319117.693, 98
Trd, 4319118.893, 100
Trd, 4319120.293, 100
Trd, 4319122.293, 96
Trd, 4319122.543, 99
Trd, 4319124.193, 94
Trd, 4319124.843, 100
Trd, 4319125.293, 113
Trd, 4319125.643, 103
Trd, 4319126.743, 124
Trd, 4319130.493, 102
Trd, 4319131.093, 103
Trd, 4319131.293, 105
Trd, 4319132.443, 102
Trd, 4319133.843, 100
Trd, 4319135.293, 101
Trd, 4319135.793, 100
Trd, 4319136.593, 102
Trd, 4319138.793, 105
Trd, 4319138.893, 104
Trd, 4319140.293, 100
Trd, 4319140.393, 101
Trd, 4319142.343, 100
Trd, 4319142.443, 101
Trd, 4319142.893, 94
Trd, 4319145.493, 100
Trd, 4319145.693, 101
Trd, 4319146.193, 96
Trd, 4319146.943, 124
Trd, 4319149.493, 104
Trd, 4319150.793, 102
Trd, 4319151.393, 96
Trd, 4319151.493, 101
Trd, 4319151.893, 118
Trd, 4319154.443, 94
Trd, 4319155.193, 99
Trd, 4319156.493, 99
Trd, 4319157.043, 105
Trd, 4319158.093, 140
Trd, 4319158.643, 121
Trd, 4319159.893, 67
Trd, 4319161.143, 101
Trd, 4319162.393, 109
Trd, 4319164.093, 104
Trd, 4319166.793, 104
Trd, 4319167.893, 102
Trd, 4319168.043, 103
Trd, 4319169.793, 102
Trd, 4319169.993, 104
Trd, 4319170.743, 129
Trd, 4319173.643, 101
Trd, 4319175.443, 102
Trd, 4319177.443, 100
Trd, 4319177.593, 101
Trd, 4319178.043, 101
Trd, 4319178.643, 94
Trd, 4319178.943, 102
Trd, 4319182.043, 104
Trd, 4319182.293, 128
Trd, 4319184.293, 105
Trd, 4319184.693, 106
Trd, 4319184.843, 109
Trd, 4319187.993, 104
Trd, 4319189.543, 105
Trd, 4319191.093, 104
Trd, 4319191.143, 105
Trd, 4319192.443, 104
Trd, 4319193.493, 104
Trd, 4319193.743, 104
Trd, 4319194.193, 105
Trd, 4319195.093, 105
Trd, 4319197.143, 102
Trd, 4319197.493, 105
Trd, 4319198.693, 113
Trd, 4319199.993, 109
Trd, 4319202.943, 109
Trd, 4319203.293, 107
Trd, 4319204.093, 109
Trd, 4319205.543, 105
Trd, 4319206.243, 102
Trd, 4319207.593, 105
Trd, 4319209.743, 102
Trd, 4319210.343, 103
Trd, 4319211.293, 103
Trd, 4319211.643, 104
Trd, 4319211.893, 73
Trd, 4319215.343, 104
Trd, 4319216.843, 96
Trd, 4319216.943, 95
Trd, 4319218.643, 98
Trd, 4319219.093, 107
Trd, 4319219.243, 122
Trd, 4319221.893, 100
Trd, 4319222.393, 105
Trd, 4319223.043, 104
Trd, 4319223.843, 100
Trd, 4319226.543, 98
Trd, 4319226.843, 96
Trd, 4319228.393, 95
Trd, 4319228.993, 93
Trd, 4319229.643, 96
Trd, 4319230.393, 97
Trd, 4319231.243, 97
Trd, 4319232.243, 97
Trd, 4319232.343, 98
Trd, 4319234.543, 95
Trd, 4319234.643, 111
Trd, 4319234.843, 94
Trd, 4319236.893, 101
Trd, 4319238.193, 104
Trd, 4319239.493, 112
Trd, 4319240.943, 114
Trd, 4319241.893, 114
Trd, 4319242.293, 113
Trd, 4319243.793, 111
Trd, 4319245.543, 110
Trd, 4319245.943, 108
Trd, 4319246.193, 104
Trd, 4319247.693, 99
Trd, 4319249.143, 105
Trd, 4319250.043, 102
Trd, 4319251.043, 100
Trd, 4319251.193, 101
Trd, 4319255.193, 99
Trd, 4319255.393, 96
Trd, 4319255.593, 100
Trd, 4319257.143, 100
Trd, 4319257.493, 100
Trd, 4319258.743, 100
Trd, 4319259.143, 122
Trd, 4319262.343, 100
Trd, 4319263.393, 104
Trd, 4319263.443, 104
Trd, 4319266.643, 100
Trd, 4319267.343, 100
Trd, 4319267.693, 102
Trd, 4319268.643, 102
Trd, 4319268.993, 101
Trd, 4319269.893, 98
Trd, 4319270.493, 95
Trd, 4319271.743, 96
Trd, 4319272.743, 94
Trd, 4319273.993, 93
Trd, 4319274.393, 94
Trd, 4319275.243, 109
Trd, 4319276.843, 113
Trd, 4319277.943, 106
Trd, 4319279.893, 109
Trd, 4319280.393, 113
Trd, 4319280.793, 120
Trd, 4319284.243, 112
Trd, 4319285.393, 110
Trd, 4319286.743, 102
Trd, 4319287.793, 102
Trd, 4319288.143, 102
Trd, 4319289.793, 92
Trd, 4319289.993, 97
Trd, 4319290.843, 123
Trd, 4319291.593, 83
Trd, 4319291.993, 100
Trd, 4319293.793, 89
Trd, 4319293.843, 96
Trd, 4319295.143, 103
Trd, 4319296.843, 98
Trd, 4319298.293, 89
Trd, 4319298.743, 101
Trd, 4319299.143, 104
Trd, 4319303.143, 103
Trd, 4319304.043, 99
Trd, 4319305.393, 104
Trd, 4319305.593, 104
Trd, 4319305.943, 123
Trd, 4319307.793, 104
Trd, 4319310.193, 102
Trd, 4319311.193, 103
Trd, 4319312.293, 99
Trd, 4319312.893, 101
Trd, 4319313.793, 99
Trd, 4319315.143, 99
Trd, 4319315.993, 97
Trd, 4319317.143, 98
Trd, 4319318.643, 102
Trd, 4319318.893, 95
Trd, 4319321.593, 98
Trd, 4319323.393, 110
Trd, 4319323.543, 104
Trd, 4319324.393, 119
Trd, 4319326.693, 113
Trd, 4319327.393, 111
Trd, 4319328.443, 104
Trd, 4319331.493, 108
Trd, 4319331.993, 109
Trd, 4319333.093, 107
Trd, 4319333.493, 104
Trd, 4319334.893, 104
Trd, 4319337.293, 100
Trd, 4319337.793, 99
Trd, 4319338.743, 99
Trd, 4319339.443, 105
Trd, 4319340.593, 101
Trd, 4319341.493, 97
Trd, 4319342.443, 101
Trd, 4319343.643, 96
Trd, 4319343.693, 101
Trd, 4319347.093, 112
Trd, 4319347.443, 114
Trd, 4319349.293, 107
Trd, 4319350.293, 106
Trd, 4319350.493, 104
Trd, 4319353.693, 103
Trd, 4319354.243, 101
Trd, 4319354.943, 100
Trd, 4319355.093, 100
Trd, 4319355.543, 97
Trd, 4319356.643, 100
Trd, 4319359.143, 100
Trd, 4319359.393, 97
Trd, 4319362.043, 98
Trd, 4319362.793, 98
Trd, 4319364.093, 98
Trd, 4319365.393, 98
Trd, 4319367.643, 96
Trd, 4319367.843, 97
Trd, 4319369.493, 94
Trd, 4319370.043, 96
Trd, 4319370.643, 94
Trd, 4319370.943, 95
Trd, 4319371.593, 92
Trd, 4319372.693, 95
Trd, 4319374.193, 95
Trd, 4319377.343, 91
Trd, 4319378.643, 93
Trd, 4319378.693, 93
Trd, 4319379.643, 92
Trd, 4319380.543, 95
Trd, 4319382.893, 94
Trd, 4319384.343, 94
Trd, 4319386.093, 94
Trd, 4319387.643, 91
Trd, 4319388.193, 94
Trd, 4319390.443, 94
Trd, 4319390.743, 94
Trd, 4319391.743, 95
Trd, 4319392.443, 90
Trd, 4319393.243, 95
Trd, 4319396.593, 94
Trd, 4319397.743, 94
Trd, 4319398.793, 94
Trd, 4319399.293, 106
Trd, 4319400.393, 91
Trd, 4319401.343, 105
Trd, 4319402.693, 90
Trd, 4319402.893, 99
Trd, 4319404.893, 91
Trd, 4319406.693, 94
Trd, 4319407.343, 95
Trd, 4319409.493, 93
Trd, 4319410.093, 90
Trd, 4319410.193, 92
Trd, 4319412.693, 91
Trd, 4319413.193, 91
Trd, 4319413.743, 107
Trd, 4319415.043, 89
Trd, 4319416.593, 92
Trd, 4319418.393, 93
Trd, 4319422.393, 92
Trd, 4319422.443, 93
Trd, 4319422.643, 95
Trd, 4319423.043, 104
Trd, 4319424.293, 89
Trd, 4319425.143, 75
Trd, 4319427.043, 88
Trd, 4319427.093, 89
Trd, 4319427.443, 88
Trd, 4319430.893, 104
Trd, 4319431.593, 99
Trd, 4319431.743, 105
Trd, 4319432.743, 113
Trd, 4319435.143, 113
Trd, 4319436.293, 114
Trd, 4319436.543, 101
Trd, 4319438.443, 103
Trd, 4319439.143, 102
Trd, 4319439.543, 107
Trd, 4319439.593, 115
Trd, 4319443.193, 105
Trd, 4319443.743, 104
Trd, 4319444.643, 99
Trd, 4319445.043, 93
Trd, 4319446.393, 97
Trd, 4319446.493, 98
Trd, 4319447.143, 95
Trd, 4319447.693, 103
Trd, 4319450.293, 101
Trd, 4319452.543, 99
Trd, 4319452.743, 95
Trd, 4319453.693, 100
Trd, 4319455.743, 94
Trd, 4319458.893, 98
Trd, 4319460.643, 95
Trd, 4319461.243, 94
Trd, 4319461.443, 95
Trd, 4319462.143, 94
Trd, 4319462.493, 95
Trd, 4319464.393, 95
Trd, 4319466.393, 95
Trd, 4319467.143, 93
Trd, 4319467.843, 95
Trd, 4319468.593, 102
Trd, 4319469.093, 123
Trd, 4319473.493, 97
Trd, 4319474.493, 95
Trd, 4319474.893, 94
Trd, 4319475.193, 95
Trd, 4319476.693, 95
Trd, 4319478.643, 95
Trd, 4319480.043, 94
Trd, 4319481.343, 93
Trd, 4319481.693, 94
Trd, 4319481.793, 92
Trd, 4319482.643, 94
Trd, 4319484.693, 96
Trd, 4319486.643, 112
Trd, 4319487.243, 107
Trd, 4319488.343, 101
Trd, 4319489.393, 104
Trd, 4319489.693, 105
Trd, 4319490.743, 103
Trd, 4319491.443, 102
Trd, 4319493.043, 99
Trd, 4319493.843, 91
Trd, 4319494.693, 96
Trd, 4319495.443, 97
Trd, 4319499.493, 95
Trd, 4319500.643, 94
Trd, 4319500.943, 96
Trd, 4319501.543, 104
Trd, 4319501.843, 102
Trd, 4319503.993, 104
Trd, 4319504.543, 123
Trd, 4319505.543, 102
Trd, 4319506.643, 104
Trd, 4319509.493, 109
Trd, 4319512.043, 104
Trd, 4319512.443, 105
Trd, 4319512.543, 104
Trd, 4319512.893, 104
Trd, 4319513.843, 102
Trd, 4319513.893, 103
Trd, 4319514.643, 100
Trd, 4319517.793, 99
Trd, 4319518.543, 100
Trd, 4319520.793, 98
Trd, 4319521.793, 99
Trd, 4319523.143, 98
Trd, 4319524.093, 99
Trd, 4319525.143, 98
Trd, 4319525.493, 97
Trd, 4319528.343, 98
Trd, 4319529.393, 97
Trd, 4319530.143, 94
Trd, 4319530.293, 98
Trd, 4319532.393, 93
Trd, 4319533.443, 98
Trd, 4319533.843, 120
Trd, 4319535.443, 101
Trd, 4319537.843, 96
Trd, 4319538.343, 95
Trd, 4319538.793, 96
Trd, 4319539.393, 93
Trd, 4319541.193, 97
Trd, 4319543.243, 97
Trd, 4319543.493, 96
Trd, 4319544.193, 95
Trd, 4319546.543, 97
Trd, 4319546.793, 97
Trd, 4319547.943, 106
Trd, 4319547.993, 94
Trd, 4319549.943, 101
Trd, 4319550.143, 104
Trd, 4319551.493, 102
Trd, 4319553.193, 103
Trd, 4319553.943, 104
Trd, 4319556.243, 104
Trd, 4319557.093, 102
Trd, 4319557.493, 103
Trd, 4319559.393, 122
Trd, 4319562.593, 106
Trd, 4319563.343, 106
Trd, 4319564.743, 106
Trd, 4319564.843, 109
Trd, 4319565.843, 104
Trd, 4319567.843, 104
Trd, 4319568.593, 105
Trd, 4319568.893, 103
Trd, 4319570.993, 101
Trd, 4319571.493, 102
Trd, 4319573.143, 101
Trd, 4319574.993, 92
Trd, 4319577.293, 101
Trd, 4319578.743, 98
Trd, 4319579.043, 100
Trd, 4319580.843, 98
Trd, 4319583.043, 97
Trd, 4319583.843, 97
Trd, 4319585.693, 98
Trd, 4319586.643, 96
Trd, 4319587.443, 96
Trd, 4319587.943, 95
Trd, 4319589.043, 95
Trd, 4319589.993, 93
Trd, 4319590.843, 95
Trd, 4319591.693, 96
Trd, 4319593.843, 94
Trd, 4319595.743, 95
Trd, 4319596.093, 94
Trd, 4319596.493, 75
Trd, 4319596.893, 118
Trd, 4319598.643, 89
Trd, 4319599.893, 93
Trd, 4319600.643, 93
Trd, 4319600.943, 95
Trd, 4319603.343, 89
Trd, 4319605.143, 123
Trd, 4319606.093, 100
Trd, 4319606.543, 100
Trd, 4319607.593, 99
Trd, 4319609.293, 104
Trd, 4319610.593, 92
Trd, 4319611.543, 100
Trd, 4319612.543, 101
Trd, 4319613.493, 102
Trd, 4319613.943, 110
Trd, 4319613.993, 96
Trd, 4319617.343, 99
Trd, 4319618.543, 98
Trd, 4319618.943, 97
Trd, 4319619.493, 96
Trd, 4319622.243, 98
Trd, 4319624.543, 95
Trd, 4319625.343, 97
Trd, 4319626.143, 98
Trd, 4319627.943, 97
Trd, 4319629.343, 97
Trd, 4319629.893, 96
Trd, 4319630.293, 94
Trd, 4319631.793, 97
Trd, 4319632.993, 95
Trd, 4319633.443, 94
Trd, 4319635.543, 95
Trd, 4319635.993, 96
Trd, 4319637.693, 95
Trd, 4319638.993, 95
Trd, 4319640.093, 95
Trd, 4319641.743, 93
Trd, 4319643.743, 95
Trd, 4319644.543, 92
Trd, 4319644.743, 95
Trd, 4319645.093, 95
Trd, 4319647.043, 95
Trd, 4319649.793, 90
Trd, 4319650.143, 95
Trd, 4319654.743, 93
Trd, 4319655.243, 92
Trd, 4319655.843, 95
Trd, 4319657.143, 89
Trd, 4319659.793, 88
Trd, 4319665.243, 92
Trd, 4319665.293, 95
Trd, 4319665.993, 123
Trd, 4319666.443, 112
Trd, 4319666.593, 108
Trd, 4319666.693, 88
Trd, 4319668.793, 101
Trd, 4319671.493, 104
Trd, 4319673.043, 104
Trd, 4319673.393, 104
Trd, 4319673.493, 108
Trd, 4319675.443, 101
Trd, 4319676.543, 101
Trd, 4319676.593, 88
Trd, 4319677.793, 133
Trd, 4319679.043, 119
Trd, 4319679.343, 118
Trd, 4319682.143, 116
Trd, 4319683.293, 115
Trd, 4319683.793, 115
Trd, 4319684.993, 113
Trd, 4319685.893, 114
Trd, 4319687.193, 104
Trd, 4319689.543, 112
Trd, 4319690.043, 112
Trd, 4319691.943, 107
Trd, 4319693.443, 108
Trd, 4319693.893, 103
Trd, 4319694.543, 105
Trd, 4319698.043, 97
Trd, 4319698.443, 94
Trd, 4319699.243, 97
Trd, 4319700.093, 97
Trd, 4319700.793, 105
Trd, 4319701.343, 102
Trd, 4319702.793, 101
Trd, 4319704.693, 101
Trd, 4319706.043, 103
Trd, 4319708.193, 97
Trd, 4319708.393, 102
Trd, 4319708.993, 100
Trd, 4319710.493, 102
Trd, 4319710.693, 93
Trd, 4319711.043, 95
Trd, 4319711.593, 102
Trd, 4319713.543, 98
Trd, 4319715.143, 95
Trd, 4319716.743, 103
Trd, 4319717.243, 94
Trd, 4319718.593, 98
Trd, 4319719.643, 103
Trd, 4319722.143, 97
Trd, 4319722.443, 98
Trd, 4319724.293, 106
Trd, 4319725.143, 103
Trd, 4319725.593, 100
Trd, 4319725.943, 101
Trd, 4319728.943, 99
Trd, 4319729.593, 101
Trd, 4319730.193, 100
Trd, 4319731.993, 97
Trd, 4319732.943, 98
Trd, 4319733.993, 97
Trd, 4319736.693, 97
Trd, 4319737.243, 113
Trd, 4319738.093, 109
Trd, 4319738.543, 110
Trd, 4319740.393, 110
Trd, 4319740.893, 120
Trd, 4319744.393, 111
Trd, 4319745.393, 110
Trd, 4319745.843, 110
Trd, 4319746.243, 110
Trd, 4319747.343, 108
Trd, 4319749.093, 106
Trd, 4319750.143, 103
Trd, 4319751.443, 101
Trd, 4319753.493, 96
Trd, 4319754.343, 96
Trd, 4319755.343, 95
Trd, 4319755.693, 107
Trd, 4319757.443, 97
Trd, 4319757.843, 96
Trd, 4319759.293, 94
Trd, 4319759.743, 98
Trd, 4319761.643, 96
Trd, 4319762.943, 96
Trd, 4319764.043, 93
Trd, 4319764.943, 112
Trd, 4319765.943, 103
Trd, 4319767.293, 104
Trd, 4319768.143, 102
Trd, 4319768.643, 101
Trd, 4319768.843, 100
Trd, 4319770.993, 101
Trd, 4319771.393, 94
Trd, 4319771.693, 74
Trd, 4319771.893, 111
Trd, 4319775.893, 113
Trd, 4319776.043, 111
Trd, 4319776.443, 109
Trd, 4319777.093, 109
Trd, 4319778.943, 107
Trd, 4319780.893, 108
Trd, 4319781.043, 105
Trd, 4319781.443, 108
Trd, 4319783.043, 104
Trd, 4319784.693, 102
Trd, 4319785.143, 101
Trd, 4319786.643, 92
Trd, 4319786.893, 92
Trd, 4319788.193, 89
Trd, 4319789.993, 95
Trd, 4319791.293, 104
Trd, 4319791.993, 104
Trd, 4319793.343, 95
Trd, 4319793.693, 95
Trd, 4319794.843, 94
Trd, 4319795.443, 113
Trd, 4319798.343, 97
Trd, 4319800.393, 96
Trd, 4319800.543, 96
Trd, 4319800.843, 93
Trd, 4319801.393, 95
Trd, 4319802.893, 104
Trd, 4319803.793, 111
Trd, 4319804.293, 112
Trd, 4319804.693, 122
Trd, 4319806.793, 111
Trd, 4319807.893, 107
Trd, 4319809.743, 101
Trd, 4319810.293, 100
Trd, 4319811.693, 91
Trd, 4319812.043, 100
Trd, 4319812.843, 100
Trd, 4319815.893, 95
Trd, 4319816.243, 98
Trd, 4319819.243, 94
Trd, 4319819.843, 97
Trd, 4319823.343, 93
Trd, 4319823.443, 97
Trd, 4319824.143, 96
Trd, 4319824.243, 97
Trd, 4319824.793, 97
Trd, 4319826.143, 127
Trd, 4319827.693, 111
Trd, 4319829.143, 128
Trd, 4319833.693, 107
Trd, 4319834.943, 106
Trd, 4319835.443, 104
Trd, 4319837.443, 102
Trd, 4319837.493, 103
Trd, 4319837.993, 103
Trd, 4319839.293, 103
Trd, 4319840.743, 100
Trd, 4319842.043, 102
Trd, 4319843.043, 99
Trd, 4319843.643, 102
Trd, 4319845.893, 98
Trd, 4319846.093, 102
Trd, 4319847.293, 113
Trd, 4319847.993, 104
Trd, 4319849.143, 104
Trd, 4319850.093, 106
Trd, 4319850.943, 107
Trd, 4319855.093, 104
Trd, 4319855.243, 104
Trd, 4319856.793, 105
Trd, 4319857.293, 104
Trd, 4319859.343, 103
Trd, 4319859.393, 106
Trd, 4319860.043, 107
Trd, 4319860.843, 99
Trd, 4319861.993, 107
Trd, 4319864.093, 100
Trd, 4319864.543, 101
Trd, 4319866.543, 102
Trd, 4319868.243, 94
Trd, 4319868.493, 126
Trd, 4319868.793, 74
Trd, 4319870.693, 105
Trd, 4319872.243, 107
Trd, 4319873.043, 104
Trd, 4319875.743, 104
Trd, 4319876.193, 104
Trd, 4319877.243, 93
Trd, 4319877.993, 104
Trd, 4319878.043, 104
Trd, 4319879.643, 104
Trd, 4319880.743, 97
Trd, 4319881.493, 105
Trd, 4319885.093, 104
Trd, 4319885.143, 105
Trd, 4319886.493, 102
Trd, 4319887.143, 102
Trd, 4319887.243, 101
Trd, 4319891.643, 103
Trd, 4319893.093, 111
Trd, 4319895.193, 113
Trd, 4319895.243, 112
Trd, 4319895.693, 112
Trd, 4319898.393, 105
Trd, 4319899.293, 104
Trd, 4319899.943, 105
Trd, 4319901.293, 104
Trd, 4319902.293, 103
Trd, 4319903.543, 101
Trd, 4319905.193, 97
Trd, 4319905.443, 99
Trd, 4319907.843, 98
Trd, 4319908.043, 104
Trd, 4319908.443, 99
Trd, 4319909.043, 123
Trd, 4319911.143, 112
Trd, 4319911.793, 116
Trd, 4319912.193, 115
Trd, 4319913.543, 113
Trd, 4319914.143, 111
Trd, 4319916.343, 112
Trd, 4319917.443, 106
Trd, 4319917.693, 107
Trd, 4319918.443, 104
Trd, 4319920.743, 73
Trd, 4319922.843, 94
Trd, 4319924.393, 95
Trd, 4319925.493, 94
Trd, 4319926.393, 95
Trd, 4319927.043, 93
Trd, 4319928.093, 95
Trd, 4319931.443, 95
Trd, 4319933.443, 96
Trd, 4319934.343, 93
Trd, 4319935.743, 94
Trd, 4319935.993, 95
Trd, 4319938.043, 95
Trd, 4319939.293, 95
Trd, 4319939.343, 94
Trd, 4319940.243, 95
Trd, 4319941.093, 94
Trd, 4319942.743, 96
Trd, 4319942.993, 95
Trd, 4319944.193, 94
Trd, 4319944.543, 95
Trd, 4319945.643, 104
Trd, 4319946.993, 104
Trd, 4319947.443, 101
Trd, 4319949.843, 100
Trd, 4319950.043, 100
Trd, 4319950.243, 94
Trd, 4319951.593, 100
Trd, 4319951.843, 104
Trd, 4319953.343, 99
Trd, 4319953.393, 94
Trd, 4319956.193, 92
Trd, 4319956.343, 96
Trd, 4319957.543, 95
Trd, 4319960.243, 95
Trd, 4319961.793, 94
Trd, 4319964.493, 93
Trd, 4319965.143, 94
Trd, 4319965.793, 91
Trd, 4319967.843, 93
Trd, 4319968.643, 92
Trd, 4319969.393, 91
Trd, 4319971.143, 92
Trd, 4319972.543, 92
Trd, 4319972.593, 95
Trd, 4319974.793, 93
Trd, 4319976.243, 91
Trd, 4319978.543, 94
Trd, 4319978.693, 91
Trd, 4319979.893, 94
Trd, 4319980.043, 95
Trd, 4319981.843, 95
Trd, 4319981.993, 91
Trd, 4319983.993, 94
Trd, 4319984.593, 94
Trd, 4319986.493, 94
Trd, 4319988.193, 91
Trd, 4319991.593, 94
Trd, 4319992.593, 94
Trd, 4319994.793, 94
Trd, 4319995.793, 91
Trd, 4319995.893, 94
Trd, 4319995.943, 94
Trd, 4319999.393, 94
