Trd, 4317933.443, 98
Trd, 4317933.743, 97
Trd, 4317934.643, 109
Trd, 4317934.843, 97
Trd, 4317935.343, 95
Trd, 4317936.043, 96
Trd, 4317938.293, 103
Trd, 4317938.443, 107
Trd, 4317940.293, 102
Trd, 4317940.693, 102
Trd, 4317941.743, 104
Trd, 4317942.993, 112
Trd, 4317943.093, 106
Trd, 4317944.993, 104
Trd, 4317945.143, 105
Trd, 4317946.293, 106
Trd, 4317949.243, 105
Trd, 4317949.493, 106
Trd, 4317949.543, 105
Trd, 4317950.593, 95
Trd, 4317951.593, 103
Trd, 4317953.293, 104
Trd, 4317955.043, 103
Trd, 4317956.293, 102
Trd, 4317957.493, 101
Trd, 4317957.893, 100
Trd, 4317958.243, 95
Trd, 4317959.693, 98
Trd, 4317960.693, 104
Trd, 4317960.993, 107
Trd, 4317962.243, 100
Trd, 4317963.243, 112
Trd, 4317963.443, 104
Trd, 4317966.443, 97
Trd, 4317966.693, 97
Trd, 4317967.743, 85
Trd, 4317967.893, 96
Trd, 4317969.993, 96
Trd, 4317970.443, 104
Trd, 4317971.693, 98
Trd, 4317972.793, 104
Trd, 4317973.543, 102
Trd, 4317973.743, 95
Trd, 4317976.143, 113
Trd, 4317976.443, 104
Trd, 4317977.093, 99
Trd, 4317979.193, 104
Trd, 4317980.243, 102
Trd, 4317981.143, 105
Trd, 4317983.693, 102
Trd, 4317984.893, 104
Trd, 4317985.343, 104
Trd, 4317986.093, 101
Trd, 4317986.343, 101
Trd, 4317987.893, 100
Trd, 4317989.343, 104
Trd, 4317989.543, 102
Trd, 4317991.293, 104
Trd, 4317992.593, 101
Trd, 4317994.793, 101
Trd, 4317994.893, 105
Trd, 4317996.293, 103
Trd, 4317996.343, 104
Trd, 4317997.643, 100
Trd, 4317998.293, 100
Trd, 4318000.243, 99
Trd, 4318001.493, 104
Trd, 4318003.093, 104
Trd, 4318003.493, 100
Trd, 4318004.893, 101
Trd, 4318005.793, 100
Trd, 4318006.893, 99
Trd, 4318007.443, 95
Trd, 4318008.493, 103
Trd, 4318010.043, 103
Trd, 4318011.443, 99
Trd, 4318012.293, 98
Trd, 4318014.443, 98
Trd, 4318014.543, 107
Trd, 4318017.293, 104
Trd, 4318018.793, 100
Trd, 4318019.343, 99
Trd, 4318020.493, 104
Trd, 4318021.893, 98
Trd, 4318022.493, 104
Trd, 4318023.293, 104
Trd, 4318023.843, 99
Trd, 4318025.843, 102
Trd, 4318025.893, 99
Trd, 4318026.343, 98
Trd, 4318029.293, 102
Trd, 4318030.593, 104
Trd, 4318031.193, 99
Trd, 4318031.843, 100
Trd, 4318032.143, 99
Trd, 4318034.143, 99
Trd, 4318034.843, 105
Trd, 4318036.443, 99
Trd, 4318037.043, 104
Trd, 4318037.293, 112
Trd, 4318039.643, 104
Trd, 4318039.843, 103
Trd, 4318041.393, 103
Trd, 4318041.493, 102
Trd, 4318044.543, 102
Trd, 4318045.793, 102
Trd, 4318046.643, 103
Trd, 4318046.893, 104
Trd, 4318047.843, 101
Trd, 4318048.043, 101
Trd, 4318049.643, 104
Trd, 4318050.593, 101
Trd, 4318050.993, 105
Trd, 4318053.243, 100
Trd, 4318056.443, 103
Trd, 4318056.793, 105
Trd, 4318057.493, 100
Trd, 4318058.693, 100
Trd, 4318059.443, 99
Trd, 4318061.793, 104
Trd, 4318061.943, 98
Trd, 4318063.043, 104
Trd, 4318065.643, 101
Trd, 4318065.693, 101
Trd, 4318067.593, 100
Trd, 4318067.693, 105
Trd, 4318068.643, 104
Trd, 4318070.993, 104
Trd, 4318071.143, 101
Trd, 4318072.293, 100
Trd, 4318073.243, 102
Trd, 4318073.793, 99
Trd, 4318074.293, 95
Trd, 4318076.043, 97
Trd, 4318076.443, 102
Trd, 4318078.093, 100
Trd, 4318078.493, 102
Trd, 4318081.643, 97
Trd, 4318082.593, 98
Trd, 4318083.243, 96
Trd, 4318083.493, 95
Trd, 4318083.843, 101
Trd, 4318084.593, 104
Trd, 4318087.543, 86
Trd, 4318088.843, 93
Trd, 4318089.943, 94
Trd, 4318091.793, 92
Trd, 4318092.243, 74
Trd, 4318092.743, 89
Trd, 4318092.993, 95
Trd, 4318093.643, 88
Trd, 4318093.893, 96
Trd, 4318095.293, 86
Trd, 4318097.443, 94
Trd, 4318098.143, 92
Trd, 4318099.343, 96
Trd, 4318100.593, 92
Trd, 4318101.343, 104
Trd, 4318102.243, 97
Trd, 4318104.743, 96
Trd, 4318104.843, 97
Trd, 4318105.443, 96
Trd, 4318106.043, 95
Trd, 4318106.643, 106
Trd, 4318106.893, 94
Trd, 4318107.493, 84
Trd, 4318109.743, 97
Trd, 4318110.343, 96
Trd, 4318112.493, 98
Trd, 4318112.793, 97
Trd, 4318113.593, 96
Trd, 4318113.943, 96
Trd, 4318114.643, 95
Trd, 4318117.143, 98
Trd, 4318118.543, 98
Trd, 4318119.943, 102
Trd, 4318120.943, 95
Trd, 4318122.593, 106
Trd, 4318123.493, 98
Trd, 4318124.143, 98
Trd, 4318126.093, 97
Trd, 4318127.543, 96
Trd, 4318128.393, 102
Trd, 4318128.843, 102
Trd, 4318129.193, 95
Trd, 4318130.493, 104
Trd, 4318130.993, 100
Trd, 4318132.193, 101
Trd, 4318133.243, 104
Trd, 4318134.543, 99
Trd, 4318136.993, 104
Trd, 4318137.593, 102
Trd, 4318137.793, 95
Trd, 4318140.093, 100
Trd, 4318140.693, 104
Trd, 4318143.093, 104
Trd, 4318144.643, 104
Trd, 4318145.493, 102
Trd, 4318145.943, 101
Trd, 4318146.893, 100
Trd, 4318147.893, 93
Trd, 4318148.043, 93
Trd, 4318150.343, 87
Trd, 4318151.893, 92
Trd, 4318152.343, 90
Trd, 4318153.043, 95
Trd, 4318154.043, 91
Trd, 4318155.943, 104
Trd, 4318157.043, 113
Trd, 4318157.793, 106
Trd, 4318158.243, 105
Trd, 4318158.493, 95
Trd, 4318159.793, 103
Trd, 4318160.993, 104
Trd, 4318161.893, 105
Trd, 4318162.443, 86
Trd, 4318163.743, 99
Trd, 4318164.293, 83
Trd, 4318166.243, 96
Trd, 4318166.793, 98
Trd, 4318167.043, 95
Trd, 4318169.343, 103
Trd, 4318169.943, 98
Trd, 4318170.193, 98
Trd, 4318170.643, 97
Trd, 4318170.993, 99
Trd, 4318171.593, 83
Trd, 4318173.543, 102
Trd, 4318174.593, 95
Trd, 4318176.093, 96
Trd, 4318176.343, 95
Trd, 4318176.793, 99
Trd, 4318177.043, 106
Trd, 4318177.893, 94
Trd, 4318182.293, 101
Trd, 4318183.593, 95
Trd, 4318185.143, 104
Trd, 4318185.293, 101
Trd, 4318186.043, 101
Trd, 4318188.293, 102
Trd, 4318188.493, 102
Trd, 4318190.293, 101
Trd, 4318190.793, 102
Trd, 4318190.943, 100
Trd, 4318191.793, 104
Trd, 4318191.993, 95
Trd, 4318194.043, 98
Trd, 4318194.693, 84
Trd, 4318196.343, 95
Trd, 4318196.743, 111
Trd, 4318199.543, 94
Trd, 4318202.943, 99
Trd, 4318203.743, 97
Trd, 4318204.193, 97
Trd, 4318205.243, 110
Trd, 4318206.293, 96
Trd, 4318206.593, 104
Trd, 4318207.393, 106
Trd, 4318210.093, 104
Trd, 4318210.943, 105
Trd, 4318211.843, 102
Trd, 4318213.993, 101
Trd, 4318214.393, 103
Trd, 4318214.993, 100
Trd, 4318216.843, 99
Trd, 4318219.943, 103
Trd, 4318220.343, 104
Trd, 4318220.493, 99
Trd, 4318221.443, 98
Trd, 4318222.743, 104
Trd, 4318223.093, 95
Trd, 4318224.543, 103
Trd, 4318225.493, 97
Trd, 4318227.643, 96
Trd, 4318228.993, 103
Trd, 4318229.243, 95
Trd, 4318229.993, 93
Trd, 4318232.193, 87
Trd, 4318234.593, 91
Trd, 4318235.043, 95
Trd, 4318235.843, 104
Trd, 4318236.943, 104
Trd, 4318237.643, 100
Trd, 4318239.643, 99
Trd, 4318240.693, 108
Trd, 4318241.743, 99
Trd, 4318244.743, 98
Trd, 4318245.393, 97
Trd, 4318245.993, 101
Trd, 4318246.043, 97
Trd, 4318247.293, 101
Trd, 4318247.493, 103
Trd, 4318247.943, 68
Trd, 4318250.293, 104
Trd, 4318252.193, 93
Trd, 4318254.043, 95
Trd, 4318254.493, 101
Trd, 4318256.693, 95
Trd, 4318256.893, 94
Trd, 4318258.143, 94
Trd, 4318258.793, 101
Trd, 4318259.393, 101
Trd, 4318262.843, 95
Trd, 4318263.443, 112
Trd, 4318264.393, 103
Trd, 4318268.243, 102
Trd, 4318268.843, 102
Trd, 4318269.343, 107
Trd, 4318272.193, 102
Trd, 4318272.343, 103
Trd, 4318272.593, 101
Trd, 4318272.893, 104
Trd, 4318273.643, 101
Trd, 4318274.243, 86
Trd, 4318274.693, 95
Trd, 4318276.543, 96
Trd, 4318276.593, 97
Trd, 4318277.293, 85
Trd, 4318279.193, 95
Trd, 4318280.643, 96
Trd, 4318280.693, 93
Trd, 4318280.893, 97
Trd, 4318281.793, 93
Trd, 4318283.293, 104
Trd, 4318286.043, 92
Trd, 4318287.993, 93
Trd, 4318288.243, 99
Trd, 4318288.743, 93
Trd, 4318289.843, 92
Trd, 4318290.443, 84
Trd, 4318291.343, 98
Trd, 4318292.543, 74
Trd, 4318293.343, 104
Trd, 4318294.293, 113
Trd, 4318294.493, 74
Trd, 4318296.593, 90
Trd, 4318298.843, 89
Trd, 4318299.943, 94
Trd, 4318301.293, 90
Trd, 4318302.343, 90
Trd, 4318302.393, 94
Trd, 4318303.393, 95
Trd, 4318304.143, 96
Trd, 4318305.093, 94
Trd, 4318306.643, 95
Trd, 4318307.093, 94
Trd, 4318308.693, 104
Trd, 4318309.993, 106
Trd, 4318310.393, 97
Trd, 4318311.543, 99
Trd, 4318312.043, 103
Trd, 4318313.393, 101
Trd, 4318314.043, 98
Trd, 4318314.143, 104
Trd, 4318316.843, 101
Trd, 4318317.743, 99
Trd, 4318318.943, 99
Trd, 4318319.743, 100
Trd, 4318320.643, 98
Trd, 4318321.193, 86
Trd, 4318321.743, 96
Trd, 4318324.243, 95
Trd, 4318324.393, 107
Trd, 4318324.443, 104
Trd, 4318327.193, 98
Trd, 4318328.843, 100
Trd, 4318329.843, 97
Trd, 4318329.943, 96
Trd, 4318330.843, 86
Trd, 4318332.593, 97
Trd, 4318333.043, 94
Trd, 4318335.993, 95
Trd, 4318336.793, 96
Trd, 4318337.043, 96
Trd, 4318339.943, 95
Trd, 4318340.443, 97
Trd, 4318340.643, 93
Trd, 4318341.643, 93
Trd, 4318342.493, 93
Trd, 4318343.493, 103
Trd, 4318343.743, 105
Trd, 4318344.993, 97
Trd, 4318347.493, 91
Trd, 4318348.043, 84
Trd, 4318349.643, 93
Trd, 4318350.343, 92
Trd, 4318350.443, 95
Trd, 4318351.693, 92
Trd, 4318354.993, 91
Trd, 4318355.393, 95
Trd, 4318355.943, 91
Trd, 4318356.843, 95
Trd, 4318358.043, 94
Trd, 4318359.193, 93
Trd, 4318361.293, 95
Trd, 4318361.993, 93
Trd, 4318362.643, 113
Trd, 4318364.143, 101
Trd, 4318365.043, 101
Trd, 4318365.243, 100
Trd, 4318366.843, 100
Trd, 4318367.043, 83
Trd, 4318368.343, 104
Trd, 4318368.793, 96
Trd, 4318370.843, 103
Trd, 4318372.293, 106
Trd, 4318373.393, 99
Trd, 4318373.643, 98
Trd, 4318373.943, 107
Trd, 4318375.243, 98
Trd, 4318377.243, 104
Trd, 4318377.693, 101
Trd, 4318379.043, 100
Trd, 4318379.843, 99
Trd, 4318381.843, 98
Trd, 4318383.693, 104
Trd, 4318383.743, 104
Trd, 4318384.093, 95
Trd, 4318384.643, 104
Trd, 4318386.243, 99
Trd, 4318386.343, 98
Trd, 4318387.093, 105
Trd, 4318390.743, 98
Trd, 4318391.593, 95
Trd, 4318392.093, 103
Trd, 4318393.443, 90
Trd, 4318394.893, 96
Trd, 4318395.943, 97
Trd, 4318395.993, 108
Trd, 4318396.293, 95
Trd, 4318397.593, 95
Trd, 4318400.143, 95
Trd, 4318401.993, 102
Trd, 4318403.793, 100
Trd, 4318405.143, 98
Trd, 4318405.193, 98
Trd, 4318406.143, 97
Trd, 4318407.243, 96
Trd, 4318408.443, 100
Trd, 4318408.993, 105
Trd, 4318411.193, 98
Trd, 4318411.293, 100
Trd, 4318411.843, 100
Trd, 4318413.943, 99
Trd, 4318414.043, 102
Trd, 4318414.593, 106
Trd, 4318417.193, 101
Trd, 4318417.243, 82
Trd, 4318417.343, 92
Trd, 4318417.843, 94
Trd, 4318418.593, 98
Trd, 4318421.993, 95
Trd, 4318423.893, 96
Trd, 4318424.693, 98
Trd, 4318425.393, 95
Trd, 4318425.843, 94
Trd, 4318427.243, 93
Trd, 4318428.643, 98
Trd, 4318428.693, 94
Trd, 4318428.893, 104
Trd, 4318430.543, 103
Trd, 4318431.593, 95
Trd, 4318433.143, 89
Trd, 4318434.093, 94
Trd, 4318436.243, 95
Trd, 4318436.593, 111
Trd, 4318437.743, 101
Trd, 4318439.243, 100
Trd, 4318440.343, 101
Trd, 4318441.143, 101
Trd, 4318441.293, 100
Trd, 4318442.343, 99
Trd, 4318442.543, 98
Trd, 4318445.293, 101
Trd, 4318446.443, 113
Trd, 4318446.593, 108
Trd, 4318447.193, 108
Trd, 4318447.893, 105
Trd, 4318448.593, 106
Trd, 4318449.593, 106
Trd, 4318450.793, 104
Trd, 4318451.643, 76
Trd, 4318452.243, 87
Trd, 4318453.543, 97
Trd, 4318455.593, 99
Trd, 4318456.593, 98
Trd, 4318459.493, 104
Trd, 4318459.993, 100
Trd, 4318460.543, 99
Trd, 4318462.893, 99
Trd, 4318463.893, 100
Trd, 4318465.143, 102
Trd, 4318465.543, 98
Trd, 4318465.593, 98
Trd, 4318466.443, 103
Trd, 4318468.493, 106
Trd, 4318468.943, 101
Trd, 4318469.293, 95
Trd, 4318469.593, 80
Trd, 4318472.193, 103
Trd, 4318473.593, 95
Trd, 4318474.093, 94
Trd, 4318474.493, 94
Trd, 4318475.443, 104
Trd, 4318476.793, 97
Trd, 4318476.993, 104
Trd, 4318479.243, 97
Trd, 4318479.993, 96
Trd, 4318480.643, 103
Trd, 4318481.943, 95
Trd, 4318483.393, 95
Trd, 4318484.643, 104
Trd, 4318484.993, 112
Trd, 4318485.343, 98
Trd, 4318487.693, 101
Trd, 4318488.793, 104
Trd, 4318488.993, 100
Trd, 4318490.993, 103
Trd, 4318493.993, 100
Trd, 4318494.343, 99
Trd, 4318495.193, 99
Trd, 4318495.893, 104
Trd, 4318496.143, 105
Trd, 4318496.943, 113
Trd, 4318498.793, 104
Trd, 4318498.893, 102
Trd, 4318499.843, 104
Trd, 4318502.843, 103
Trd, 4318503.593, 102
Trd, 4318503.743, 95
Trd, 4318505.193, 92
Trd, 4318505.493, 95
Trd, 4318506.743, 111
Trd, 4318507.493, 103
Trd, 4318508.143, 97
Trd, 4318508.393, 89
Trd, 4318509.443, 93
Trd, 4318510.493, 103
Trd, 4318510.943, 100
Trd, 4318513.443, 97
Trd, 4318513.943, 98
Trd, 4318514.543, 87
Trd, 4318515.943, 113
Trd, 4318516.593, 106
Trd, 4318517.293, 104
Trd, 4318518.143, 104
Trd, 4318518.343, 95
Trd, 4318519.593, 104
Trd, 4318520.643, 101
Trd, 4318522.743, 104
Trd, 4318524.343, 100
Trd, 4318524.893, 99
Trd, 4318525.243, 104
Trd, 4318526.243, 87
Trd, 4318527.993, 97
Trd, 4318528.743, 96
Trd, 4318529.743, 95
Trd, 4318531.743, 101
Trd, 4318532.243, 95
Trd, 4318532.793, 104
Trd, 4318533.193, 95
Trd, 4318534.993, 97
Trd, 4318535.793, 97
Trd, 4318537.493, 95
Trd, 4318537.793, 75
Trd, 4318538.243, 101
Trd, 4318538.893, 101
Trd, 4318540.293, 100
Trd, 4318541.593, 94
Trd, 4318543.393, 101
Trd, 4318546.293, 96
Trd, 4318546.443, 96
Trd, 4318547.743, 102
Trd, 4318548.193, 95
Trd, 4318548.643, 112
Trd, 4318548.893, 83
Trd, 4318551.493, 86
Trd, 4318553.143, 90
Trd, 4318553.793, 88
Trd, 4318554.043, 74
Trd, 4318556.843, 90
Trd, 4318557.043, 96
Trd, 4318558.443, 105
Trd, 4318558.693, 103
Trd, 4318559.293, 87
Trd, 4318559.693, 86
Trd, 4318561.593, 87
Trd, 4318563.993, 89
Trd, 4318565.193, 107
Trd, 4318566.543, 89
Trd, 4318566.693, 88
Trd, 4318568.143, 88
Trd, 4318568.343, 96
Trd, 4318570.493, 89
Trd, 4318570.593, 97
Trd, 4318571.443, 87
Trd, 4318572.093, 97
Trd, 4318574.043, 90
Trd, 4318574.643, 89
Trd, 4318575.643, 97
Trd, 4318576.993, 97
Trd, 4318577.893, 91
Trd, 4318579.143, 92
Trd, 4318579.343, 91
Trd, 4318580.693, 91
Trd, 4318582.143, 97
Trd, 4318583.043, 111
Trd, 4318583.793, 95
Trd, 4318584.943, 101
Trd, 4318586.643, 96
Trd, 4318587.943, 101
Trd, 4318588.243, 95
Trd, 4318588.493, 95
Trd, 4318589.843, 107
Trd, 4318591.343, 94
Trd, 4318592.943, 102
Trd, 4318593.243, 95
Trd, 4318593.593, 102
Trd, 4318593.743, 95
Trd, 4318596.893, 101
Trd, 4318597.793, 94
Trd, 4318598.993, 93
Trd, 4318599.043, 85
Trd, 4318600.843, 101
Trd, 4318601.143, 90
Trd, 4318602.993, 97
Trd, 4318603.443, 91
Trd, 4318603.893, 91
Trd, 4318604.043, 101
Trd, 4318605.643, 91
Trd, 4318608.193, 99
Trd, 4318609.493, 92
Trd, 4318611.693, 95
Trd, 4318612.493, 97
Trd, 4318613.643, 96
Trd, 4318615.743, 97
Trd, 4318616.293, 94
Trd, 4318616.843, 94
Trd, 4318617.643, 98
Trd, 4318618.443, 95
Trd, 4318620.193, 98
Trd, 4318621.643, 94
Trd, 4318622.943, 96
Trd, 4318623.643, 93
Trd, 4318624.793, 92
Trd, 4318625.243, 85
Trd, 4318625.293, 109
Trd, 4318625.643, 101
Trd, 4318627.043, 84
Trd, 4318629.743, 87
Trd, 4318630.093, 88
Trd, 4318632.443, 88
Trd, 4318633.493, 99
Trd, 4318633.993, 87
Trd, 4318634.943, 100
Trd, 4318637.043, 89
Trd, 4318637.393, 87
Trd, 4318638.593, 98
Trd, 4318639.443, 87
Trd, 4318639.543, 84
Trd, 4318642.743, 97
Trd, 4318644.243, 95
Trd, 4318644.693, 86
Trd, 4318645.143, 110
Trd, 4318645.243, 88
Trd, 4318648.443, 103
Trd, 4318649.643, 98
Trd, 4318651.043, 96
Trd, 4318651.443, 100
Trd, 4318653.043, 95
Trd, 4318654.943, 96
Trd, 4318655.443, 99
Trd, 4318656.043, 95
Trd, 4318657.843, 99
Trd, 4318657.943, 95
Trd, 4318660.743, 101
Trd, 4318661.793, 104
Trd, 4318662.393, 97
Trd, 4318664.193, 97
Trd, 4318665.043, 96
Trd, 4318665.943, 100
Trd, 4318666.243, 96
Trd, 4318666.443, 100
Trd, 4318668.793, 95
Trd, 4318670.643, 94
Trd, 4318671.493, 85
Trd, 4318672.393, 86
Trd, 4318673.793, 89
Trd, 4318674.043, 94
Trd, 4318676.193, 90
Trd, 4318678.643, 95
Trd, 4318678.743, 91
Trd, 4318679.593, 104
Trd, 4318680.243, 91
Trd, 4318680.293, 90
Trd, 4318680.643, 90
Trd, 4318683.143, 90
Trd, 4318684.343, 93
Trd, 4318685.043, 104
Trd, 4318685.393, 96
Trd, 4318687.343, 112
Trd, 4318687.693, 96
Trd, 4318688.543, 103
Trd, 4318690.293, 101
Trd, 4318690.943, 99
Trd, 4318692.393, 100
Trd, 4318693.943, 98
Trd, 4318694.643, 98
Trd, 4318695.693, 99
Trd, 4318698.693, 86
Trd, 4318699.143, 84
Trd, 4318699.393, 93
Trd, 4318699.793, 74
Trd, 4318701.693, 88
Trd, 4318702.643, 96
Trd, 4318704.093, 87
Trd, 4318704.543, 95
Trd, 4318705.193, 86
Trd, 4318706.793, 91
Trd, 4318708.943, 95
Trd, 4318709.093, 94
Trd, 4318709.443, 95
Trd, 4318710.293, 93
Trd, 4318712.593, 96
Trd, 4318713.193, 112
Trd, 4318713.493, 93
Trd, 4318714.543, 95
Trd, 4318715.793, 94
Trd, 4318716.293, 93
Trd, 4318718.743, 104
Trd, 4318719.243, 102
Trd, 4318721.093, 97
Trd, 4318724.343, 102
Trd, 4318725.243, 100
Trd, 4318725.893, 99
Trd, 4318726.843, 97
Trd, 4318728.643, 97
Trd, 4318729.593, 103
Trd, 4318730.743, 97
Trd, 4318731.493, 103
Trd, 4318732.193, 96
Trd, 4318734.993, 103
Trd, 4318735.343, 96
Trd, 4318736.043, 103
Trd, 4318737.093, 102
Trd, 4318738.093, 96
Trd, 4318738.443, 104
Trd, 4318740.943, 99
Trd, 4318744.043, 102
Trd, 4318744.193, 99
Trd, 4318745.343, 97
Trd, 4318745.693, 97
Trd, 4318747.093, 102
Trd, 4318747.743, 96
Trd, 4318747.843, 96
Trd, 4318749.993, 103
Trd, 4318750.193, 86
Trd, 4318752.593, 113
Trd, 4318753.193, 103
Trd, 4318754.443, 102
Trd, 4318756.293, 104
Trd, 4318756.643, 101
Trd, 4318756.993, 103
Trd, 4318757.593, 95
Trd, 4318759.243, 103
Trd, 4318760.793, 104
Trd, 4318761.843, 102
Trd, 4318762.993, 100
Trd, 4318763.643, 104
Trd, 4318764.143, 107
Trd, 4318764.943, 88
Trd, 4318766.743, 99
Trd, 4318767.343, 98
Trd, 4318767.993, 95
Trd, 4318768.993, 96
Trd, 4318769.493, 99
Trd, 4318770.643, 95
Trd, 4318773.993, 103
Trd, 4318774.293, 99
Trd, 4318774.443, 98
Trd, 4318776.993, 102
Trd, 4318777.393, 99
Trd, 4318777.943, 95
Trd, 4318778.543, 113
Trd, 4318781.443, 102
Trd, 4318782.543, 102
Trd, 4318783.143, 103
Trd, 4318784.243, 101
Trd, 4318786.493, 104
Trd, 4318787.743, 104
Trd, 4318788.343, 103
Trd, 4318788.443, 102
Trd, 4318790.243, 105
Trd, 4318792.243, 105
Trd, 4318793.593, 103
Trd, 4318794.493, 101
Trd, 4318796.493, 101
Trd, 4318797.193, 100
Trd, 4318797.943, 100
Trd, 4318801.343, 104
Trd, 4318802.293, 99
Trd, 4318804.593, 101
Trd, 4318805.693, 99
Trd, 4318806.193, 102
Trd, 4318806.593, 98
Trd, 4318807.593, 97
Trd, 4318809.343, 97
Trd, 4318809.943, 104
Trd, 4318810.293, 97
Trd, 4318811.943, 100
Trd, 4318812.743, 112
Trd, 4318816.193, 104
Trd, 4318816.443, 107
Trd, 4318817.393, 101
Trd, 4318817.743, 100
Trd, 4318821.643, 103
Trd, 4318821.843, 100
Trd, 4318821.993, 99
Trd, 4318823.143, 99
Trd, 4318824.493, 99
Trd, 4318826.243, 104
Trd, 4318827.043, 104
Trd, 4318827.443, 109
Trd, 4318828.643, 104
Trd, 4318829.143, 103
Trd, 4318830.443, 87
Trd, 4318830.993, 99
Trd, 4318832.093, 98
Trd, 4318832.593, 100
Trd, 4318833.793, 97
Trd, 4318835.993, 86
Trd, 4318836.093, 99
Trd, 4318838.043, 94
Trd, 4318838.193, 96
Trd, 4318839.493, 98
Trd, 4318839.643, 92
Trd, 4318839.943, 85
Trd, 4318842.043, 98
Trd, 4318842.293, 91
Trd, 4318843.493, 113
Trd, 4318846.843, 101
Trd, 4318847.743, 97
Trd, 4318848.543, 103
Trd, 4318848.793, 100
Trd, 4318850.093, 103
Trd, 4318850.593, 102
Trd, 4318851.843, 102
Trd, 4318853.043, 102
Trd, 4318854.843, 86
Trd, 4318855.043, 88
Trd, 4318855.743, 112
Trd, 4318856.443, 104
Trd, 4318857.393, 96
Trd, 4318858.893, 97
Trd, 4318859.493, 103
Trd, 4318860.793, 102
Trd, 4318861.093, 98
Trd, 4318862.843, 97
Trd, 4318864.043, 96
Trd, 4318866.293, 101
Trd, 4318866.543, 101
Trd, 4318867.343, 95
Trd, 4318868.493, 95
Trd, 4318869.543, 94
Trd, 4318872.043, 111
Trd, 4318873.493, 102
Trd, 4318875.743, 103
Trd, 4318876.993, 102
Trd, 4318877.393, 107
Trd, 4318880.943, 104
Trd, 4318881.793, 102
Trd, 4318881.993, 101
Trd, 4318882.093, 101
Trd, 4318883.093, 95
Trd, 4318885.843, 103
Trd, 4318886.243, 103
Trd, 4318888.593, 101
Trd, 4318888.693, 100
Trd, 4318889.343, 104
Trd, 4318890.693, 95
Trd, 4318891.393, 104
Trd, 4318891.543, 97
Trd, 4318892.093, 88
Trd, 4318893.443, 95
Trd, 4318895.643, 97
Trd, 4318897.143, 95
Trd, 4318898.793, 96
Trd, 4318899.593, 96
Trd, 4318901.093, 98
Trd, 4318901.543, 98
Trd, 4318902.743, 105
Trd, 4318903.843, 98
Trd, 4318905.243, 97
Trd, 4318905.943, 76
Trd, 4318906.293, 91
Trd, 4318907.493, 100
Trd, 4318909.343, 91
Trd, 4318909.493, 88
Trd, 4318909.893, 100
Trd, 4318911.693, 97
Trd, 4318913.293, 98
Trd, 4318913.893, 101
Trd, 4318915.143, 98
Trd, 4318915.293, 97
Trd, 4318916.443, 97
Trd, 4318916.993, 113
Trd, 4318918.693, 102
Trd, 4318919.343, 102
Trd, 4318920.993, 102
Trd, 4318922.143, 101
Trd, 4318923.943, 104
Trd, 4318924.843, 100
Trd, 4318925.943, 99
Trd, 4318927.893, 99
Trd, 4318929.143, 98
Trd, 4318929.593, 102
Trd, 4318929.993, 97
Trd, 4318930.493, 99
Trd, 4318930.943, 97
Trd, 4318931.193, 100
Trd, 4318933.293, 95
Trd, 4318933.743, 96
Trd, 4318935.543, 88
Trd, 4318936.593, 92
Trd, 4318938.493, 95
Trd, 4318939.793, 100
Trd, 4318940.843, 106
Trd, 4318940.893, 99
Trd, 4318941.143, 103
Trd, 4318942.543, 98
Trd, 4318944.143, 97
Trd, 4318946.443, 102
Trd, 4318947.043, 101
Trd, 4318948.543, 98
Trd, 4318948.893, 95
Trd, 4318950.043, 96
Trd, 4318950.543, 101
Trd, 4318951.843, 100
Trd, 4318953.193, 96
Trd, 4318953.343, 96
Trd, 4318956.543, 100
Trd, 4318956.743, 95
Trd, 4318957.293, 95
Trd, 4318959.343, 94
Trd, 4318960.293, 94
Trd, 4318961.543, 94
Trd, 4318961.943, 93
Trd, 4318962.843, 96
Trd, 4318964.193, 93
Trd, 4318964.993, 95
Trd, 4318965.943, 96
Trd, 4318967.243, 95
Trd, 4318968.893, 95
Trd, 4318969.243, 96
Trd, 4318970.143, 104
Trd, 4318970.243, 94
Trd, 4318970.943, 113
Trd, 4318971.643, 95
Trd, 4318972.393, 101
Trd, 4318974.393, 107
Trd, 4318975.893, 101
Trd, 4318976.293, 76
Trd, 4318977.493, 94
Trd, 4318978.693, 104
Trd, 4318979.843, 91
Trd, 4318981.043, 108
Trd, 4318983.243, 100
Trd, 4318984.293, 104
Trd, 4318984.793, 98
Trd, 4318985.143, 100
Trd, 4318987.093, 99
Trd, 4318987.343, 107
Trd, 4318988.243, 98
Trd, 4318989.393, 85
Trd, 4318990.943, 102
Trd, 4318991.993, 94
Trd, 4318993.693, 97
Trd, 4318995.043, 94
Trd, 4318995.893, 93
Trd, 4318997.793, 92
Trd, 4318998.043, 97
Trd, 4318998.543, 105
Trd, 4318999.143, 91
Trd, 4318999.493, 78
Trd, 4319002.043, 93
Trd, 4319004.343, 93
Trd, 4319005.043, 90
Trd, 4319005.743, 89
Trd, 4319006.893, 88
Trd, 4319008.143, 88
Trd, 4319008.493, 95
Trd, 4319010.493, 104
Trd, 4319011.743, 79
Trd, 4319012.293, 77
Trd, 4319012.443, 101
Trd, 4319014.793, 91
Trd, 4319014.893, 94
Trd, 4319017.543, 92
Trd, 4319018.893, 93
Trd, 4319019.843, 95
Trd, 4319019.943, 92
Trd, 4319020.243, 92
Trd, 4319021.843, 96
Trd, 4319022.493, 91
Trd, 4319022.593, 96
Trd, 4319026.243, 92
Trd, 4319026.893, 91
Trd, 4319027.143, 86
Trd, 4319028.143, 89
Trd, 4319029.443, 90
Trd, 4319030.443, 97
Trd, 4319031.543, 105
Trd, 4319032.943, 90
Trd, 4319033.093, 98
Trd, 4319033.943, 90
Trd, 4319035.293, 87
Trd, 4319038.443, 89
Trd, 4319040.043, 95
Trd, 4319040.743, 101
Trd, 4319041.593, 97
Trd, 4319041.893, 88
Trd, 4319044.493, 96
Trd, 4319046.193, 104
Trd, 4319046.543, 96
Trd, 4319046.793, 96
Trd, 4319046.843, 95
Trd, 4319049.743, 94
Trd, 4319051.893, 99
Trd, 4319051.993, 104
Trd, 4319053.943, 100
Trd, 4319054.093, 98
Trd, 4319054.193, 95
Trd, 4319055.493, 96
Trd, 4319057.493, 104
Trd, 4319058.993, 100
Trd, 4319060.143, 99
Trd, 4319060.193, 84
Trd, 4319061.493, 112
Trd, 4319061.693, 104
Trd, 4319063.843, 104
Trd, 4319064.793, 104
Trd, 4319065.443, 104
Trd, 4319065.693, 88
Trd, 4319067.643, 103
Trd, 4319068.243, 95
Trd, 4319069.143, 99
Trd, 4319070.393, 98
Trd, 4319071.043, 97
Trd, 4319072.943, 104
Trd, 4319073.593, 95
Trd, 4319074.693, 95
Trd, 4319075.243, 101
Trd, 4319077.693, 101
Trd, 4319078.893, 105
Trd, 4319079.143, 95
Trd, 4319079.843, 95
Trd, 4319080.593, 99
Trd, 4319082.293, 98
Trd, 4319083.593, 98
Trd, 4319083.893, 95
Trd, 4319085.243, 104
Trd, 4319085.943, 101
Trd, 4319088.643, 99
Trd, 4319089.393, 102
Trd, 4319090.493, 102
Trd, 4319091.393, 98
Trd, 4319094.943, 101
Trd, 4319095.043, 102
Trd, 4319095.243, 102
Trd, 4319096.843, 99
Trd, 4319097.143, 84
Trd, 4319097.793, 95
Trd, 4319098.193, 95
Trd, 4319100.443, 95
Trd, 4319103.693, 100
Trd, 4319103.943, 95
Trd, 4319104.543, 101
Trd, 4319104.943, 95
Trd, 4319106.343, 102
Trd, 4319106.993, 113
Trd, 4319107.543, 95
Trd, 4319108.993, 100
Trd, 4319111.593, 98
Trd, 4319112.443, 98
Trd, 4319112.493, 106
Trd, 4319113.993, 104
Trd, 4319114.643, 95
Trd, 4319115.493, 86
Trd, 4319117.143, 93
Trd, 4319117.893, 97
Trd, 4319118.043, 83
Trd, 4319120.793, 94
Trd, 4319121.043, 92
Trd, 4319121.593, 92
Trd, 4319122.043, 104
Trd, 4319123.543, 92
Trd, 4319125.893, 95
Trd, 4319127.393, 104
Trd, 4319127.443, 106
Trd, 4319128.393, 98
Trd, 4319129.243, 97
Trd, 4319131.293, 96
Trd, 4319132.293, 95
Trd, 4319133.693, 106
Trd, 4319134.393, 104
Trd, 4319135.093, 90
Trd, 4319135.643, 96
Trd, 4319136.543, 82
Trd, 4319137.543, 104
Trd, 4319138.493, 98
Trd, 4319139.843, 98
Trd, 4319140.293, 78
Trd, 4319140.893, 93
Trd, 4319142.543, 93
Trd, 4319143.793, 99
Trd, 4319145.243, 95
Trd, 4319146.693, 104
Trd, 4319146.893, 107
Trd, 4319147.093, 99
Trd, 4319149.493, 101
Trd, 4319150.193, 105
Trd, 4319152.143, 100
Trd, 4319152.543, 103
Trd, 4319154.293, 100
Trd, 4319155.593, 98
Trd, 4319157.943, 99
Trd, 4319157.993, 103
Trd, 4319158.893, 97
Trd, 4319159.593, 97
Trd, 4319160.543, 103
Trd, 4319161.243, 104
Trd, 4319164.243, 98
Trd, 4319164.543, 98
Trd, 4319166.293, 104
Trd, 4319168.293, 99
Trd, 4319168.393, 104
Trd, 4319168.543, 99
Trd, 4319170.843, 97
Trd, 4319172.093, 105
Trd, 4319173.543, 97
Trd, 4319174.243, 97
Trd, 4319175.693, 101
Trd, 4319176.293, 101
Trd, 4319176.593, 96
Trd, 4319178.093, 96
Trd, 4319178.243, 104
Trd, 4319180.343, 97
Trd, 4319181.343, 100
Trd, 4319182.293, 96
Trd, 4319182.793, 86
Trd, 4319182.843, 101
Trd, 4319184.743, 94
Trd, 4319185.193, 94
Trd, 4319187.393, 90
Trd, 4319188.243, 93
Trd, 4319189.443, 95
Trd, 4319191.043, 95
Trd, 4319191.743, 93
Trd, 4319191.993, 85
Trd, 4319192.593, 95
Trd, 4319193.243, 113
Trd, 4319195.643, 96
Trd, 4319199.693, 104
Trd, 4319199.843, 104
Trd, 4319200.343, 97
Trd, 4319200.843, 102
Trd, 4319204.143, 96
Trd, 4319204.293, 96
Trd, 4319204.343, 95
Trd, 4319205.443, 86
Trd, 4319205.493, 101
Trd, 4319208.893, 101
Trd, 4319209.193, 93
Trd, 4319209.393, 93
Trd, 4319209.593, 92
Trd, 4319210.593, 101
Trd, 4319211.543, 70
Trd, 4319212.143, 68
Trd, 4319214.643, 89
Trd, 4319215.093, 94
Trd, 4319215.393, 103
Trd, 4319217.943, 95
Trd, 4319219.193, 95
Trd, 4319219.643, 113
Trd, 4319219.893, 105
Trd, 4319220.043, 104
Trd, 4319220.193, 99
Trd, 4319220.793, 102
Trd, 4319223.443, 102
Trd, 4319224.493, 101
Trd, 4319226.443, 105
Trd, 4319227.443, 104
Trd, 4319227.893, 102
Trd, 4319228.793, 103
Trd, 4319230.093, 101
Trd, 4319230.943, 101
Trd, 4319231.643, 100
Trd, 4319234.893, 101
Trd, 4319235.643, 100
Trd, 4319235.943, 103
Trd, 4319235.993, 106
Trd, 4319236.293, 99
Trd, 4319236.743, 98
Trd, 4319239.943, 97
Trd, 4319241.393, 99
Trd, 4319242.493, 86
Trd, 4319242.743, 85
Trd, 4319243.143, 91
Trd, 4319246.243, 90
Trd, 4319246.543, 90
Trd, 4319246.743, 84
Trd, 4319249.043, 93
Trd, 4319250.193, 90
Trd, 4319250.943, 96
Trd, 4319252.243, 94
Trd, 4319254.093, 93
Trd, 4319254.593, 92
Trd, 4319255.393, 94
Trd, 4319257.343, 112
Trd, 4319257.943, 102
Trd, 4319258.043, 101
Trd, 4319258.143, 92
Trd, 4319260.443, 98
Trd, 4319260.993, 104
Trd, 4319262.793, 112
Trd, 4319264.143, 101
Trd, 4319264.443, 86
Trd, 4319265.243, 98
Trd, 4319267.693, 106
Trd, 4319268.093, 104
Trd, 4319268.393, 113
Trd, 4319269.443, 108
Trd, 4319272.043, 104
Trd, 4319272.843, 105
Trd, 4319273.243, 105
Trd, 4319273.393, 105
Trd, 4319273.943, 104
Trd, 4319276.043, 86
Trd, 4319277.193, 113
Trd, 4319278.693, 113
Trd, 4319279.193, 108
Trd, 4319279.643, 109
Trd, 4319280.343, 107
Trd, 4319281.143, 85
Trd, 4319283.143, 104
Trd, 4319283.743, 103
Trd, 4319284.793, 103
Trd, 4319287.443, 101
Trd, 4319288.143, 87
Trd, 4319290.443, 104
Trd, 4319290.743, 105
Trd, 4319292.843, 99
Trd, 4319293.293, 98
Trd, 4319294.843, 97
Trd, 4319295.393, 103
Trd, 4319296.143, 97
Trd, 4319297.543, 103
Trd, 4319297.893, 104
Trd, 4319299.943, 99
Trd, 4319300.543, 98
Trd, 4319301.093, 98
Trd, 4319301.693, 100
Trd, 4319302.493, 85
Trd, 4319302.743, 108
Trd, 4319303.193, 91
Trd, 4319303.693, 78
Trd, 4319304.043, 75
Trd, 4319305.693, 103
Trd, 4319309.393, 95
Trd, 4319310.993, 95
Trd, 4319312.793, 98
Trd, 4319313.993, 97
Trd, 4319314.043, 94
Trd, 4319315.943, 94
Trd, 4319316.893, 96
Trd, 4319317.443, 94
Trd, 4319317.993, 94
Trd, 4319321.093, 95
Trd, 4319321.643, 93
Trd, 4319322.943, 92
Trd, 4319323.093, 101
Trd, 4319323.493, 110
Trd, 4319324.793, 103
Trd, 4319325.193, 101
Trd, 4319325.993, 112
Trd, 4319327.493, 97
Trd, 4319329.043, 101
Trd, 4319329.943, 102
Trd, 4319330.143, 101
Trd, 4319332.443, 102
Trd, 4319332.893, 102
Trd, 4319334.393, 102
Trd, 4319334.493, 101
Trd, 4319336.243, 104
Trd, 4319336.643, 95
Trd, 4319338.593, 103
Trd, 4319340.093, 101
Trd, 4319341.143, 89
Trd, 4319341.193, 97
Trd, 4319342.143, 86
Trd, 4319342.543, 87
Trd, 4319343.843, 85
Trd, 4319344.693, 90
Trd, 4319345.093, 96
Trd, 4319347.943, 90
Trd, 4319349.343, 89
Trd, 4319349.743, 94
Trd, 4319349.943, 91
Trd, 4319353.793, 90
Trd, 4319354.543, 95
Trd, 4319355.043, 106
Trd, 4319355.193, 91
Trd, 4319355.443, 90
Trd, 4319358.993, 92
Trd, 4319359.993, 104
Trd, 4319361.093, 103
Trd, 4319361.793, 103
Trd, 4319363.693, 104
Trd, 4319364.543, 102
Trd, 4319364.593, 95
Trd, 4319366.193, 109
Trd, 4319366.393, 104
Trd, 4319367.443, 101
Trd, 4319369.893, 104
Trd, 4319372.493, 103
Trd, 4319373.143, 103
Trd, 4319373.393, 104
Trd, 4319374.593, 104
Trd, 4319375.043, 102
Trd, 4319377.193, 103
Trd, 4319379.543, 104
Trd, 4319379.593, 102
Trd, 4319379.943, 86
Trd, 4319380.343, 96
Trd, 4319381.943, 95
Trd, 4319382.893, 98
Trd, 4319383.593, 96
Trd, 4319384.193, 95
Trd, 4319384.243, 95
Trd, 4319384.843, 86
Trd, 4319387.343, 91
Trd, 4319388.293, 97
Trd, 4319388.343, 98
Trd, 4319390.643, 93
Trd, 4319390.743, 96
Trd, 4319392.643, 94
Trd, 4319393.293, 92
Trd, 4319394.293, 95
Trd, 4319397.043, 96
Trd, 4319398.193, 91
Trd, 4319398.293, 91
Trd, 4319398.943, 91
Trd, 4319400.143, 94
Trd, 4319402.343, 93
Trd, 4319403.343, 92
Trd, 4319403.543, 96
Trd, 4319403.643, 96
Trd, 4319407.943, 95
Trd, 4319408.143, 94
Trd, 4319408.293, 92
Trd, 4319408.993, 95
Trd, 4319409.793, 92
Trd, 4319410.543, 95
Trd, 4319410.843, 95
Trd, 4319412.243, 95
Trd, 4319413.393, 94
Trd, 4319414.093, 95
Trd, 4319414.593, 87
Trd, 4319415.093, 85
Trd, 4319415.643, 71
Trd, 4319416.893, 86
Trd, 4319418.643, 97
Trd, 4319419.093, 104
Trd, 4319419.393, 94
Trd, 4319421.593, 104
Trd, 4319423.193, 113
Trd, 4319425.143, 106
Trd, 4319425.593, 105
Trd, 4319426.493, 104
Trd, 4319426.643, 79
Trd, 4319427.893, 100
Trd, 4319429.393, 113
Trd, 4319431.443, 109
Trd, 4319431.943, 108
Trd, 4319432.393, 108
Trd, 4319434.093, 95
Trd, 4319434.843, 103
Trd, 4319434.943, 78
Trd, 4319436.293, 104
Trd, 4319437.493, 100
Trd, 4319438.893, 104
Trd, 4319439.293, 103
Trd, 4319439.593, 99
Trd, 4319441.793, 99
Trd, 4319442.043, 98
Trd, 4319444.243, 93
Trd, 4319444.643, 95
Trd, 4319446.393, 97
Trd, 4319446.793, 113
Trd, 4319447.043, 99
Trd, 4319448.143, 101
Trd, 4319451.293, 104
Trd, 4319452.043, 103
Trd, 4319453.643, 103
Trd, 4319453.893, 95
Trd, 4319454.843, 105
Trd, 4319457.093, 86
Trd, 4319458.543, 96
Trd, 4319458.843, 69
Trd, 4319459.143, 98
Trd, 4319462.143, 90
Trd, 4319463.643, 96
Trd, 4319464.493, 99
Trd, 4319465.093, 106
Trd, 4319465.943, 103
Trd, 4319466.093, 102
Trd, 4319467.143, 95
Trd, 4319467.943, 99
Trd, 4319468.793, 90
Trd, 4319469.293, 94
Trd, 4319470.443, 94
Trd, 4319472.893, 96
Trd, 4319474.393, 96
Trd, 4319474.443, 97
Trd, 4319475.743, 104
Trd, 4319477.143, 101
Trd, 4319477.343, 101
Trd, 4319478.393, 105
Trd, 4319480.043, 101
Trd, 4319480.093, 102
Trd, 4319481.193, 113
Trd, 4319482.743, 104
Trd, 4319484.593, 104
Trd, 4319485.393, 103
Trd, 4319487.893, 104
Trd, 4319488.793, 86
Trd, 4319488.943, 85
Trd, 4319489.493, 87
Trd, 4319490.643, 96
Trd, 4319490.943, 105
Trd, 4319492.543, 104
Trd, 4319492.643, 100
Trd, 4319493.793, 100
Trd, 4319495.393, 99
Trd, 4319495.743, 99
Trd, 4319498.843, 98
Trd, 4319499.343, 104
Trd, 4319499.893, 97
Trd, 4319500.943, 98
Trd, 4319500.993, 102
Trd, 4319504.393, 105
Trd, 4319504.593, 97
Trd, 4319505.593, 103
Trd, 4319506.393, 101
Trd, 4319507.443, 101
Trd, 4319508.143, 95
Trd, 4319508.243, 104
Trd, 4319510.743, 104
Trd, 4319511.393, 99
Trd, 4319514.043, 104
Trd, 4319514.593, 99
Trd, 4319515.193, 98
Trd, 4319516.043, 104
Trd, 4319517.593, 95
Trd, 4319520.243, 98
Trd, 4319520.543, 99
Trd, 4319520.693, 96
Trd, 4319520.893, 96
Trd, 4319521.143, 95
Trd, 4319522.893, 95
Trd, 4319525.143, 96
Trd, 4319525.943, 95
Trd, 4319526.043, 98
Trd, 4319526.793, 106
Trd, 4319528.443, 95
Trd, 4319528.943, 94
Trd, 4319529.043, 94
Trd, 4319529.343, 103
Trd, 4319531.743, 100
Trd, 4319533.543, 100
Trd, 4319533.893, 93
Trd, 4319535.293, 95
Trd, 4319535.993, 94
Trd, 4319536.693, 111
Trd, 4319539.493, 103
Trd, 4319541.543, 100
Trd, 4319542.843, 104
Trd, 4319542.993, 104
Trd, 4319544.193, 100
Trd, 4319544.943, 100
Trd, 4319546.693, 99
Trd, 4319547.443, 103
Trd, 4319548.943, 98
Trd, 4319549.493, 85
Trd, 4319549.843, 104
Trd, 4319551.893, 95
Trd, 4319553.093, 95
Trd, 4319553.593, 84
Trd, 4319554.493, 73
Trd, 4319555.443, 108
Trd, 4319555.993, 104
Trd, 4319559.893, 99
Trd, 4319560.443, 106
Trd, 4319561.643, 98
Trd, 4319564.193, 102
Trd, 4319566.393, 99
Trd, 4319566.643, 99
Trd, 4319567.193, 104
Trd, 4319569.743, 102
Trd, 4319569.893, 98
Trd, 4319571.543, 97
Trd, 4319572.643, 97
Trd, 4319573.993, 104
Trd, 4319575.943, 102
Trd, 4319576.243, 100
Trd, 4319578.743, 99
Trd, 4319579.893, 102
Trd, 4319580.543, 99
Trd, 4319580.593, 102
Trd, 4319581.893, 98
Trd, 4319582.943, 97
Trd, 4319584.693, 96
Trd, 4319585.393, 102
Trd, 4319587.693, 102
Trd, 4319588.093, 100
Trd, 4319590.643, 103
Trd, 4319590.993, 100
Trd, 4319591.693, 99
Trd, 4319592.693, 98
Trd, 4319592.893, 103
Trd, 4319596.293, 97
Trd, 4319596.693, 101
Trd, 4319597.593, 102
Trd, 4319598.943, 97
Trd, 4319600.493, 102
Trd, 4319600.543, 96
Trd, 4319601.293, 80
Trd, 4319604.593, 94
Trd, 4319605.393, 99
Trd, 4319605.493, 92
Trd, 4319606.043, 91
Trd, 4319609.193, 91
Trd, 4319610.093, 90
Trd, 4319612.543, 91
Trd, 4319613.293, 97
Trd, 4319613.693, 104
Trd, 4319615.443, 92
Trd, 4319615.943, 101
Trd, 4319616.093, 91
Trd, 4319617.043, 104
Trd, 4319618.543, 93
Trd, 4319618.993, 92
Trd, 4319620.243, 112
Trd, 4319620.493, 104
Trd, 4319621.443, 104
Trd, 4319623.443, 105
Trd, 4319623.843, 104
Trd, 4319624.493, 108
Trd, 4319624.543, 104
Trd, 4319625.693, 103
Trd, 4319626.193, 102
Trd, 4319629.593, 103
Trd, 4319630.743, 102
Trd, 4319632.393, 104
Trd, 4319633.893, 102
Trd, 4319635.493, 104
Trd, 4319637.443, 102
Trd, 4319637.493, 101
Trd, 4319639.243, 104
Trd, 4319639.393, 101
Trd, 4319640.293, 101
Trd, 4319642.193, 103
Trd, 4319644.093, 105
Trd, 4319644.493, 102
Trd, 4319646.393, 104
Trd, 4319646.743, 102
Trd, 4319648.243, 88
Trd, 4319650.343, 97
Trd, 4319651.643, 97
Trd, 4319652.143, 113
Trd, 4319653.693, 106
Trd, 4319654.493, 104
Trd, 4319655.543, 106
Trd, 4319656.493, 104
Trd, 4319656.693, 103
Trd, 4319659.643, 102
Trd, 4319661.093, 101
Trd, 4319661.293, 95
Trd, 4319662.793, 100
Trd, 4319664.243, 105
Trd, 4319664.593, 98
Trd, 4319666.143, 85
Trd, 4319667.393, 90
Trd, 4319667.793, 96
Trd, 4319669.293, 95
Trd, 4319670.343, 109
Trd, 4319670.593, 103
Trd, 4319670.993, 99
Trd, 4319672.793, 99
Trd, 4319673.743, 98
Trd, 4319676.093, 104
Trd, 4319677.243, 101
Trd, 4319677.543, 106
Trd, 4319677.743, 101
Trd, 4319679.993, 100
Trd, 4319681.243, 105
Trd, 4319683.443, 89
Trd, 4319684.143, 97
Trd, 4319685.143, 91
Trd, 4319686.043, 87
Trd, 4319687.493, 94
Trd, 4319688.693, 95
Trd, 4319689.493, 92
Trd, 4319689.543, 92
Trd, 4319691.093, 96
Trd, 4319691.793, 79
Trd, 4319691.843, 91
Trd, 4319694.393, 61
Trd, 4319695.843, 80
Trd, 4319697.893, 90
Trd, 4319698.243, 90
Trd, 4319698.343, 109
Trd, 4319699.943, 103
Trd, 4319701.343, 98
Trd, 4319701.593, 95
Trd, 4319704.593, 113
Trd, 4319704.993, 107
Trd, 4319705.493, 106
Trd, 4319706.093, 85
Trd, 4319706.493, 69
Trd, 4319706.993, 108
Trd, 4319708.043, 93
Trd, 4319710.493, 100
Trd, 4319713.143, 97
Trd, 4319713.393, 96
Trd, 4319713.493, 100
Trd, 4319713.793, 96
Trd, 4319714.543, 100
Trd, 4319717.343, 100
Trd, 4319717.843, 95
Trd, 4319718.393, 94
Trd, 4319718.993, 101
Trd, 4319720.843, 95
Trd, 4319722.343, 109
Trd, 4319722.793, 98
Trd, 4319724.793, 103
Trd, 4319726.843, 103
Trd, 4319726.893, 98
Trd, 4319729.143, 100
Trd, 4319729.743, 98
Trd, 4319730.843, 103
Trd, 4319731.393, 103
Trd, 4319732.693, 98
Trd, 4319733.893, 97
Trd, 4319734.793, 101
Trd, 4319735.293, 96
Trd, 4319737.543, 95
Trd, 4319738.643, 101
Trd, 4319739.443, 96
Trd, 4319740.993, 101
Trd, 4319741.943, 95
Trd, 4319743.893, 110
Trd, 4319744.043, 103
Trd, 4319744.893, 95
Trd, 4319745.793, 104
Trd, 4319746.593, 97
Trd, 4319746.743, 97
Trd, 4319747.243, 96
Trd, 4319751.793, 103
Trd, 4319754.543, 96
Trd, 4319755.093, 104
Trd, 4319755.143, 95
Trd, 4319756.493, 107
Trd, 4319756.643, 95
Trd, 4319757.193, 85
Trd, 4319759.093, 104
Trd, 4319761.043, 96
Trd, 4319763.143, 95
Trd, 4319765.743, 95
Trd, 4319766.243, 105
Trd, 4319766.493, 95
Trd, 4319766.893, 104
Trd, 4319768.843, 98
Trd, 4319771.043, 97
Trd, 4319773.193, 104
Trd, 4319775.243, 96
Trd, 4319776.093, 97
Trd, 4319776.143, 101
Trd, 4319777.243, 95
Trd, 4319778.393, 99
Trd, 4319779.093, 101
Trd, 4319779.743, 95
Trd, 4319780.393, 94
Trd, 4319781.693, 93
Trd, 4319781.843, 83
Trd, 4319782.093, 74
Trd, 4319783.743, 98
Trd, 4319786.393, 96
Trd, 4319787.743, 88
Trd, 4319787.843, 87
Trd, 4319789.593, 88
Trd, 4319789.643, 107
Trd, 4319790.743, 104
Trd, 4319791.693, 95
Trd, 4319792.893, 95
Trd, 4319793.493, 98
Trd, 4319795.193, 95
Trd, 4319795.893, 98
Trd, 4319799.093, 95
Trd, 4319799.243, 94
Trd, 4319799.293, 98
Trd, 4319801.493, 98
Trd, 4319802.343, 94
Trd, 4319802.993, 93
Trd, 4319803.993, 109
Trd, 4319805.743, 97
Trd, 4319805.993, 101
Trd, 4319807.643, 76
Trd, 4319809.643, 94
Trd, 4319809.943, 93
Trd, 4319810.493, 99
Trd, 4319811.243, 92
Trd, 4319812.943, 99
Trd, 4319814.093, 104
Trd, 4319814.943, 91
Trd, 4319815.193, 81
Trd, 4319815.543, 101
Trd, 4319817.243, 91
Trd, 4319819.143, 98
Trd, 4319820.143, 104
Trd, 4319820.193, 92
Trd, 4319821.093, 91
Trd, 4319821.693, 95
Trd, 4319822.693, 99
Trd, 4319823.193, 97
Trd, 4319826.443, 100
Trd, 4319826.493, 96
Trd, 4319826.993, 95
Trd, 4319828.543, 95
Trd, 4319829.093, 113
Trd, 4319830.743, 101
Trd, 4319832.693, 103
Trd, 4319833.193, 100
Trd, 4319833.893, 103
Trd, 4319834.343, 99
Trd, 4319835.843, 106
Trd, 4319837.093, 100
Trd, 4319837.593, 99
Trd, 4319838.843, 97
Trd, 4319839.443, 111
Trd, 4319839.593, 82
Trd, 4319839.693, 75
Trd, 4319843.343, 92
Trd, 4319843.493, 91
Trd, 4319844.143, 104
Trd, 4319845.143, 85
Trd, 4319846.543, 92
Trd, 4319847.843, 104
Trd, 4319849.393, 92
Trd, 4319851.443, 94
Trd, 4319851.543, 102
Trd, 4319852.593, 94
Trd, 4319852.893, 104
Trd, 4319853.793, 97
Trd, 4319854.643, 107
Trd, 4319854.843, 104
Trd, 4319857.993, 104
Trd, 4319858.943, 103
Trd, 4319859.793, 103
Trd, 4319860.743, 106
Trd, 4319862.793, 104
Trd, 4319863.443, 103
Trd, 4319863.543, 102
Trd, 4319867.843, 103
Trd, 4319867.943, 105
Trd, 4319868.793, 103
Trd, 4319871.293, 102
Trd, 4319871.693, 104
Trd, 4319872.193, 102
Trd, 4319872.543, 104
Trd, 4319872.643, 101
Trd, 4319874.443, 102
Trd, 4319877.943, 102
Trd, 4319878.093, 101
Trd, 4319879.193, 84
Trd, 4319879.393, 102
Trd, 4319882.143, 96
Trd, 4319882.493, 109
Trd, 4319883.193, 104
Trd, 4319883.793, 101
Trd, 4319883.843, 97
Trd, 4319885.943, 99
Trd, 4319886.893, 98
Trd, 4319888.193, 98
Trd, 4319888.443, 103
Trd, 4319892.143, 110
Trd, 4319892.793, 104
Trd, 4319893.593, 99
Trd, 4319894.393, 103
Trd, 4319895.093, 106
Trd, 4319896.243, 100
Trd, 4319898.143, 102
Trd, 4319898.643, 101
Trd, 4319900.443, 100
Trd, 4319900.593, 103
Trd, 4319900.743, 95
Trd, 4319904.093, 98
Trd, 4319905.443, 97
Trd, 4319905.893, 103
Trd, 4319906.393, 104
Trd, 4319908.043, 96
Trd, 4319908.893, 104
Trd, 4319910.093, 104
Trd, 4319910.693, 96
Trd, 4319911.843, 95
Trd, 4319915.143, 95
Trd, 4319916.493, 103
Trd, 4319917.293, 105
Trd, 4319917.743, 99
Trd, 4319921.643, 98
Trd, 4319921.993, 98
Trd, 4319922.693, 97
Trd, 4319923.593, 104
Trd, 4319924.093, 104
Trd, 4319925.193, 97
Trd, 4319925.543, 104
Trd, 4319925.743, 96
Trd, 4319925.793, 95
Trd, 4319929.693, 105
Trd, 4319930.293, 104
Trd, 4319930.393, 100
Trd, 4319934.943, 102
Trd, 4319936.193, 104
Trd, 4319936.543, 104
Trd, 4319937.193, 101
Trd, 4319937.593, 101
Trd, 4319939.143, 89
Trd, 4319941.043, 97
Trd, 4319941.493, 104
Trd, 4319943.693, 97
Trd, 4319943.793, 104
Trd, 4319945.193, 96
Trd, 4319945.643, 96
Trd, 4319946.193, 99
Trd, 4319947.493, 98
Trd, 4319950.543, 103
Trd, 4319952.243, 97
Trd, 4319952.593, 103
Trd, 4319952.743, 96
Trd, 4319953.393, 104
Trd, 4319955.343, 95
Trd, 4319956.343, 95
Trd, 4319957.943, 102
Trd, 4319958.043, 102
Trd, 4319958.143, 95
Trd, 4319961.093, 96
Trd, 4319963.093, 95
Trd, 4319963.743, 102
Trd, 4319964.543, 104
Trd, 4319965.093, 95
Trd, 4319966.893, 101
Trd, 4319967.543, 98
Trd, 4319969.993, 113
Trd, 4319970.093, 99
Trd, 4319970.943, 104
Trd, 4319973.493, 102
Trd, 4319974.393, 102
Trd, 4319974.643, 103
Trd, 4319975.793, 101
Trd, 4319977.893, 104
Trd, 4319978.343, 100
Trd, 4319978.543, 95
Trd, 4319978.943, 87
Trd, 4319980.093, 104
Trd, 4319981.793, 101
Trd, 4319982.693, 95
Trd, 4319984.493, 95
Trd, 4319984.593, 94
Trd, 4319985.843, 100
Trd, 4319987.443, 99
Trd, 4319987.493, 95
Trd, 4319988.443, 94
Trd, 4319989.743, 112
Trd, 4319990.493, 96
Trd, 4319992.143, 95
Trd, 4319992.293, 102
Trd, 4319993.693, 93
Trd, 4319995.293, 104
Trd, 4319996.043, 100
Trd, 4319997.643, 98
Trd, 4319997.693, 104
Trd, 4319999.943, 99
