Trd, 4317927.643, 100
Trd, 4317929.093, 94
Trd, 4317929.543, 99
Trd, 4317930.793, 99
Trd, 4317931.643, 104
Trd, 4317931.893, 97
Trd, 4317935.693, 90
Trd, 4317936.043, 96
Trd, 4317937.343, 96
Trd, 4317938.593, 95
Trd, 4317939.643, 114
Trd, 4317941.693, 87
Trd, 4317943.393, 95
Trd, 4317944.493, 101
Trd, 4317944.893, 104
Trd, 4317945.893, 94
Trd, 4317947.543, 110
Trd, 4317948.643, 96
Trd, 4317949.193, 94
Trd, 4317949.443, 105
Trd, 4317951.643, 96
Trd, 4317952.693, 95
Trd, 4317952.843, 97
Trd, 4317953.643, 92
Trd, 4317954.443, 88
Trd, 4317955.343, 76
Trd, 4317956.043, 109
Trd, 4317957.643, 101
Trd, 4317959.443, 99
Trd, 4317959.843, 95
Trd, 4317959.943, 104
Trd, 4317960.293, 115
Trd, 4317962.043, 96
Trd, 4317964.343, 105
Trd, 4317964.693, 97
Trd, 4317965.943, 97
Trd, 4317966.543, 105
Trd, 4317967.993, 96
Trd, 4317968.293, 95
Trd, 4317970.343, 104
Trd, 4317971.143, 75
Trd, 4317971.793, 106
Trd, 4317972.693, 92
Trd, 4317973.793, 72
Trd, 4317974.443, 87
Trd, 4317976.243, 99
Trd, 4317976.793, 91
Trd, 4317977.243, 90
Trd, 4317978.843, 104
Trd, 4317980.043, 103
Trd, 4317982.693, 101
Trd, 4317982.893, 114
Trd, 4317983.143, 99
Trd, 4317983.593, 125
Trd, 4317984.493, 98
Trd, 4317985.343, 89
Trd, 4317987.843, 97
Trd, 4317990.843, 97
Trd, 4317991.043, 91
Trd, 4317991.843, 86
Trd, 4317991.893, 103
Trd, 4317995.343, 91
Trd, 4317996.593, 94
Trd, 4317997.593, 93
Trd, 4317998.093, 98
Trd, 4317998.543, 118
Trd, 4317999.343, 88
Trd, 4318000.093, 92
Trd, 4318002.293, 91
Trd, 4318004.043, 105
Trd, 4318005.793, 93
Trd, 4318006.343, 113
Trd, 4318007.143, 98
Trd, 4318009.193, 105
Trd, 4318010.493, 98
Trd, 4318011.093, 104
Trd, 4318011.293, 97
Trd, 4318012.243, 126
Trd, 4318015.843, 101
Trd, 4318017.143, 99
Trd, 4318017.393, 98
Trd, 4318017.593, 97
Trd, 4318018.293, 104
Trd, 4318020.143, 67
Trd, 4318020.943, 91
Trd, 4318021.493, 100
Trd, 4318022.043, 96
Trd, 4318022.593, 104
Trd, 4318025.143, 97
Trd, 4318025.593, 99
Trd, 4318026.643, 95
Trd, 4318028.993, 74
Trd, 4318030.193, 104
Trd, 4318031.493, 90
Trd, 4318032.243, 113
Trd, 4318032.643, 106
Trd, 4318033.593, 121
Trd, 4318034.793, 112
Trd, 4318035.543, 110
Trd, 4318037.243, 102
Trd, 4318039.293, 91
Trd, 4318039.393, 103
Trd, 4318039.843, 106
Trd, 4318040.593, 75
Trd, 4318042.643, 99
Trd, 4318044.143, 95
Trd, 4318045.343, 101
Trd, 4318045.793, 97
Trd, 4318047.393, 104
Trd, 4318048.343, 104
Trd, 4318049.343, 87
Trd, 4318050.243, 94
Trd, 4318052.093, 102
Trd, 4318052.143, 75
Trd, 4318052.443, 93
Trd, 4318053.893, 80
Trd, 4318055.143, 98
Trd, 4318057.143, 107
Trd, 4318059.593, 91
Trd, 4318060.743, 96
Trd, 4318063.493, 99
Trd, 4318064.293, 92
Trd, 4318064.693, 97
Trd, 4318066.193, 100
Trd, 4318066.243, 93
Trd, 4318069.393, 104
Trd, 4318070.543, 107
Trd, 4318072.493, 97
Trd, 4318072.593, 104
Trd, 4318074.293, 96
Trd, 4318074.943, 95
Trd, 4318075.093, 94
Trd, 4318075.793, 116
Trd, 4318076.343, 95
Trd, 4318078.193, 104
Trd, 4318078.393, 106
Trd, 4318079.343, 90
Trd, 4318080.143, 83
Trd, 4318080.493, 104
Trd, 4318080.843, 116
Trd, 4318082.443, 92
Trd, 4318085.293, 94
Trd, 4318086.643, 102
Trd, 4318087.143, 104
Trd, 4318088.193, 100
Trd, 4318088.493, 94
Trd, 4318088.643, 115
Trd, 4318090.993, 99
Trd, 4318093.793, 106
Trd, 4318094.043, 106
Trd, 4318096.293, 99
Trd, 4318096.943, 109
Trd, 4318100.193, 90
Trd, 4318100.343, 76
Trd, 4318100.843, 96
Trd, 4318101.793, 97
Trd, 4318102.693, 115
Trd, 4318102.893, 107
Trd, 4318104.043, 94
Trd, 4318104.143, 107
Trd, 4318104.593, 115
Trd, 4318106.443, 96
Trd, 4318108.093, 86
Trd, 4318108.393, 97
Trd, 4318108.593, 80
Trd, 4318109.493, 98
Trd, 4318112.293, 94
Trd, 4318113.793, 98
Trd, 4318114.443, 94
Trd, 4318115.143, 105
Trd, 4318116.493, 83
Trd, 4318118.043, 116
Trd, 4318118.343, 114
Trd, 4318118.943, 106
Trd, 4318121.343, 106
Trd, 4318121.693, 101
Trd, 4318123.243, 106
Trd, 4318123.843, 100
Trd, 4318125.193, 116
Trd, 4318125.343, 104
Trd, 4318126.693, 102
Trd, 4318127.793, 104
Trd, 4318128.643, 99
Trd, 4318130.293, 101
Trd, 4318130.593, 87
Trd, 4318131.743, 77
Trd, 4318132.843, 92
Trd, 4318133.143, 100
Trd, 4318133.943, 107
Trd, 4318138.543, 103
Trd, 4318138.993, 104
Trd, 4318139.243, 99
Trd, 4318141.693, 104
Trd, 4318142.643, 117
Trd, 4318143.243, 97
Trd, 4318145.493, 109
Trd, 4318146.293, 100
Trd, 4318146.393, 118
Trd, 4318148.993, 97
Trd, 4318151.993, 101
Trd, 4318155.043, 100
Trd, 4318155.243, 97
Trd, 4318155.393, 104
Trd, 4318155.593, 94
Trd, 4318156.193, 109
Trd, 4318158.143, 96
Trd, 4318159.143, 86
Trd, 4318160.693, 93
Trd, 4318161.343, 96
Trd, 4318163.843, 105
Trd, 4318164.643, 76
Trd, 4318165.493, 122
Trd, 4318165.893, 108
Trd, 4318167.043, 112
Trd, 4318168.543, 109
Trd, 4318169.093, 100
Trd, 4318169.393, 99
Trd, 4318171.393, 79
Trd, 4318172.243, 96
Trd, 4318172.793, 91
Trd, 4318175.193, 91
Trd, 4318177.293, 106
Trd, 4318177.943, 98
Trd, 4318179.093, 99
Trd, 4318179.643, 97
Trd, 4318180.493, 105
Trd, 4318181.343, 90
Trd, 4318182.793, 83
Trd, 4318183.943, 95
Trd, 4318184.693, 113
Trd, 4318186.043, 92
Trd, 4318187.193, 119
Trd, 4318188.543, 98
Trd, 4318189.943, 107
Trd, 4318192.243, 117
Trd, 4318192.293, 101
Trd, 4318194.143, 101
Trd, 4318196.143, 92
Trd, 4318196.793, 104
Trd, 4318197.443, 114
Trd, 4318200.043, 102
Trd, 4318200.243, 105
Trd, 4318200.693, 101
Trd, 4318200.793, 107
Trd, 4318201.793, 87
Trd, 4318202.743, 85
Trd, 4318205.243, 99
Trd, 4318206.743, 98
Trd, 4318207.393, 107
Trd, 4318207.993, 107
Trd, 4318208.993, 115
Trd, 4318210.043, 98
Trd, 4318210.793, 99
Trd, 4318212.393, 107
Trd, 4318214.543, 100
Trd, 4318214.743, 98
Trd, 4318215.043, 86
Trd, 4318216.393, 104
Trd, 4318217.943, 96
Trd, 4318220.443, 106
Trd, 4318220.943, 106
Trd, 4318223.043, 99
Trd, 4318224.593, 98
Trd, 4318226.393, 101
Trd, 4318227.493, 101
Trd, 4318229.443, 104
Trd, 4318229.843, 115
Trd, 4318230.693, 100
Trd, 4318231.043, 108
Trd, 4318231.193, 97
Trd, 4318234.043, 95
Trd, 4318235.743, 95
Trd, 4318235.843, 100
Trd, 4318237.143, 98
Trd, 4318240.593, 97
Trd, 4318240.693, 99
Trd, 4318240.893, 104
Trd, 4318242.493, 89
Trd, 4318242.843, 101
Trd, 4318243.593, 91
Trd, 4318243.993, 116
Trd, 4318244.193, 93
Trd, 4318245.143, 121
Trd, 4318245.593, 99
Trd, 4318247.693, 98
Trd, 4318249.693, 91
Trd, 4318250.543, 99
Trd, 4318252.243, 106
Trd, 4318253.693, 97
Trd, 4318254.593, 105
Trd, 4318254.843, 88
Trd, 4318256.693, 100
Trd, 4318258.443, 99
Trd, 4318260.393, 97
Trd, 4318260.543, 84
Trd, 4318261.943, 94
Trd, 4318263.093, 101
Trd, 4318264.143, 113
Trd, 4318264.743, 98
Trd, 4318265.843, 105
Trd, 4318267.543, 106
Trd, 4318268.343, 100
Trd, 4318268.743, 97
Trd, 4318268.993, 123
Trd, 4318271.693, 109
Trd, 4318272.443, 98
Trd, 4318272.643, 98
Trd, 4318272.743, 94
Trd, 4318274.143, 106
Trd, 4318274.293, 83
Trd, 4318275.593, 78
Trd, 4318278.293, 120
Trd, 4318278.843, 110
Trd, 4318279.793, 122
Trd, 4318279.893, 115
Trd, 4318280.643, 124
Trd, 4318280.793, 100
Trd, 4318281.743, 107
Trd, 4318285.193, 106
Trd, 4318285.593, 109
Trd, 4318285.743, 91
Trd, 4318286.793, 125
Trd, 4318287.543, 101
Trd, 4318287.743, 109
Trd, 4318290.043, 102
Trd, 4318290.243, 86
Trd, 4318291.543, 90
Trd, 4318292.543, 95
Trd, 4318292.893, 90
Trd, 4318294.543, 92
Trd, 4318294.943, 113
Trd, 4318296.293, 105
Trd, 4318297.193, 105
Trd, 4318297.793, 96
Trd, 4318300.743, 95
Trd, 4318301.893, 99
Trd, 4318302.843, 105
Trd, 4318304.293, 94
Trd, 4318304.643, 92
Trd, 4318305.093, 104
Trd, 4318305.843, 113
Trd, 4318307.343, 94
Trd, 4318309.093, 93
Trd, 4318311.243, 113
Trd, 4318311.493, 94
Trd, 4318313.443, 92
Trd, 4318313.643, 114
Trd, 4318315.043, 90
Trd, 4318315.593, 91
Trd, 4318316.893, 96
Trd, 4318318.093, 91
Trd, 4318319.043, 93
Trd, 4318320.843, 92
Trd, 4318322.193, 96
Trd, 4318322.393, 91
Trd, 4318323.243, 105
Trd, 4318323.493, 88
Trd, 4318325.143, 91
Trd, 4318326.843, 95
Trd, 4318328.143, 95
Trd, 4318330.243, 104
Trd, 4318330.443, 99
Trd, 4318331.593, 91
Trd, 4318332.393, 115
Trd, 4318334.143, 92
Trd, 4318334.443, 91
Trd, 4318336.693, 91
Trd, 4318338.143, 98
Trd, 4318338.293, 116
Trd, 4318338.943, 82
Trd, 4318340.193, 121
Trd, 4318341.493, 118
Trd, 4318341.793, 96
Trd, 4318343.643, 99
Trd, 4318343.993, 98
Trd, 4318346.593, 95
Trd, 4318347.143, 101
Trd, 4318347.593, 99
Trd, 4318348.543, 109
Trd, 4318351.693, 108
Trd, 4318352.193, 109
Trd, 4318352.593, 98
Trd, 4318353.843, 105
Trd, 4318355.043, 102
Trd, 4318356.093, 109
Trd, 4318357.443, 102
Trd, 4318357.943, 101
Trd, 4318359.393, 99
Trd, 4318360.693, 109
Trd, 4318361.543, 76
Trd, 4318361.943, 110
Trd, 4318362.193, 109
Trd, 4318363.493, 98
Trd, 4318365.593, 96
Trd, 4318365.743, 90
Trd, 4318367.443, 107
Trd, 4318367.643, 98
Trd, 4318371.043, 96
Trd, 4318371.443, 101
Trd, 4318373.643, 77
Trd, 4318374.193, 100
Trd, 4318374.243, 104
Trd, 4318376.093, 89
Trd, 4318377.493, 86
Trd, 4318378.743, 113
Trd, 4318380.893, 106
Trd, 4318381.143, 123
Trd, 4318381.493, 111
Trd, 4318382.093, 88
Trd, 4318383.493, 117
Trd, 4318384.093, 95
Trd, 4318385.543, 105
Trd, 4318387.193, 105
Trd, 4318388.193, 124
Trd, 4318390.293, 94
Trd, 4318390.693, 99
Trd, 4318391.793, 116
Trd, 4318392.443, 102
Trd, 4318392.793, 121
Trd, 4318395.293, 109
Trd, 4318396.443, 95
Trd, 4318398.193, 113
Trd, 4318398.443, 102
Trd, 4318398.593, 98
Trd, 4318399.193, 94
Trd, 4318401.443, 96
Trd, 4318403.693, 91
Trd, 4318405.043, 98
Trd, 4318405.243, 90
Trd, 4318406.343, 106
Trd, 4318407.043, 108
Trd, 4318409.593, 106
Trd, 4318409.943, 115
Trd, 4318409.993, 103
Trd, 4318410.343, 101
Trd, 4318413.043, 107
Trd, 4318414.043, 115
Trd, 4318414.893, 89
Trd, 4318416.143, 94
Trd, 4318416.293, 100
Trd, 4318416.443, 116
Trd, 4318417.493, 102
Trd, 4318418.793, 89
Trd, 4318420.093, 96
Trd, 4318420.593, 104
Trd, 4318422.943, 114
Trd, 4318423.143, 107
Trd, 4318424.043, 95
Trd, 4318425.643, 101
Trd, 4318428.393, 102
Trd, 4318428.593, 106
Trd, 4318429.843, 115
Trd, 4318430.143, 120
Trd, 4318430.243, 102
Trd, 4318430.643, 124
Trd, 4318433.893, 99
Trd, 4318434.593, 104
Trd, 4318435.293, 101
Trd, 4318436.693, 103
Trd, 4318437.243, 104
Trd, 4318437.993, 80
Trd, 4318439.743, 82
Trd, 4318440.243, 95
Trd, 4318440.443, 95
Trd, 4318441.193, 75
Trd, 4318441.493, 104
Trd, 4318443.343, 96
Trd, 4318445.943, 97
Trd, 4318446.293, 110
Trd, 4318448.193, 105
Trd, 4318449.193, 97
Trd, 4318449.793, 95
Trd, 4318451.993, 101
Trd, 4318452.343, 96
Trd, 4318453.893, 96
Trd, 4318454.493, 104
Trd, 4318455.843, 115
Trd, 4318456.193, 120
Trd, 4318458.193, 102
Trd, 4318459.343, 92
Trd, 4318459.593, 105
Trd, 4318460.143, 103
Trd, 4318460.793, 82
Trd, 4318461.943, 74
Trd, 4318463.043, 103
Trd, 4318463.593, 96
Trd, 4318464.893, 92
Trd, 4318466.693, 94
Trd, 4318467.793, 91
Trd, 4318469.693, 90
Trd, 4318470.893, 95
Trd, 4318472.243, 95
Trd, 4318474.643, 95
Trd, 4318474.693, 104
Trd, 4318476.343, 93
Trd, 4318477.793, 104
Trd, 4318478.543, 115
Trd, 4318479.093, 94
Trd, 4318479.443, 94
Trd, 4318480.893, 124
Trd, 4318481.593, 93
Trd, 4318482.193, 113
Trd, 4318483.543, 95
Trd, 4318484.893, 109
Trd, 4318485.743, 99
Trd, 4318486.593, 108
Trd, 4318488.993, 90
Trd, 4318489.793, 95
Trd, 4318491.243, 105
Trd, 4318491.843, 94
Trd, 4318492.443, 96
Trd, 4318493.293, 113
Trd, 4318495.043, 94
Trd, 4318495.943, 103
Trd, 4318498.143, 101
Trd, 4318498.743, 96
Trd, 4318501.543, 97
Trd, 4318503.043, 104
Trd, 4318503.443, 96
Trd, 4318504.543, 101
Trd, 4318506.193, 95
Trd, 4318509.743, 95
Trd, 4318509.943, 95
Trd, 4318510.143, 100
Trd, 4318511.743, 90
Trd, 4318511.993, 104
Trd, 4318513.593, 97
Trd, 4318513.943, 95
Trd, 4318515.343, 104
Trd, 4318516.143, 113
Trd, 4318519.193, 95
Trd, 4318519.243, 103
Trd, 4318519.343, 104
Trd, 4318521.143, 98
Trd, 4318521.843, 88
Trd, 4318522.843, 110
Trd, 4318523.293, 87
Trd, 4318524.093, 100
Trd, 4318527.843, 98
Trd, 4318528.343, 86
Trd, 4318529.143, 95
Trd, 4318530.643, 98
Trd, 4318531.343, 113
Trd, 4318532.393, 94
Trd, 4318533.243, 106
Trd, 4318534.443, 94
Trd, 4318534.493, 101
Trd, 4318537.243, 81
Trd, 4318538.043, 93
Trd, 4318538.443, 103
Trd, 4318539.593, 97
Trd, 4318540.393, 97
Trd, 4318542.993, 104
Trd, 4318544.893, 104
Trd, 4318547.693, 95
Trd, 4318548.143, 95
Trd, 4318549.493, 96
Trd, 4318551.993, 100
Trd, 4318552.493, 99
Trd, 4318552.593, 89
Trd, 4318554.793, 96
Trd, 4318555.443, 87
Trd, 4318555.493, 104
Trd, 4318557.843, 97
Trd, 4318558.243, 111
Trd, 4318558.443, 113
Trd, 4318558.543, 124
Trd, 4318560.293, 76
Trd, 4318562.543, 105
Trd, 4318565.443, 94
Trd, 4318565.643, 101
Trd, 4318567.693, 104
Trd, 4318567.743, 103
Trd, 4318571.043, 96
Trd, 4318572.843, 104
Trd, 4318572.893, 104
Trd, 4318573.293, 116
Trd, 4318573.843, 98
Trd, 4318574.543, 122
Trd, 4318574.643, 95
Trd, 4318575.143, 91
Trd, 4318576.693, 100
Trd, 4318579.743, 101
Trd, 4318581.043, 104
Trd, 4318581.543, 116
Trd, 4318583.093, 104
Trd, 4318583.843, 117
Trd, 4318584.593, 102
Trd, 4318585.193, 101
Trd, 4318585.293, 85
Trd, 4318585.943, 75
Trd, 4318586.143, 105
Trd, 4318587.143, 91
Trd, 4318589.893, 88
Trd, 4318591.493, 93
Trd, 4318592.743, 101
Trd, 4318594.143, 105
Trd, 4318597.143, 103
Trd, 4318597.443, 95
Trd, 4318598.343, 104
Trd, 4318598.893, 95
Trd, 4318600.143, 103
Trd, 4318601.243, 96
Trd, 4318601.643, 104
Trd, 4318602.693, 95
Trd, 4318603.043, 104
Trd, 4318606.343, 116
Trd, 4318607.843, 105
Trd, 4318608.143, 102
Trd, 4318609.293, 103
Trd, 4318610.843, 103
Trd, 4318611.543, 104
Trd, 4318612.143, 98
Trd, 4318612.943, 92
Trd, 4318614.743, 100
Trd, 4318615.243, 97
Trd, 4318616.093, 100
Trd, 4318617.193, 104
Trd, 4318617.693, 116
Trd, 4318618.343, 101
Trd, 4318618.543, 124
Trd, 4318621.243, 101
Trd, 4318621.593, 109
Trd, 4318622.843, 110
Trd, 4318623.543, 105
Trd, 4318625.443, 113
Trd, 4318626.593, 106
Trd, 4318627.243, 113
Trd, 4318627.493, 104
Trd, 4318628.143, 103
Trd, 4318631.093, 106
Trd, 4318633.543, 106
Trd, 4318634.193, 102
Trd, 4318634.493, 102
Trd, 4318634.843, 84
Trd, 4318635.893, 95
Trd, 4318636.843, 105
Trd, 4318638.193, 106
Trd, 4318638.243, 99
Trd, 4318641.093, 98
Trd, 4318641.943, 113
Trd, 4318642.143, 98
Trd, 4318642.643, 107
Trd, 4318644.693, 97
Trd, 4318645.243, 98
Trd, 4318645.643, 90
Trd, 4318648.793, 97
Trd, 4318648.893, 104
Trd, 4318649.893, 95
Trd, 4318650.143, 114
Trd, 4318651.093, 94
Trd, 4318651.243, 94
Trd, 4318653.293, 97
Trd, 4318653.393, 104
Trd, 4318653.643, 95
Trd, 4318654.643, 76
Trd, 4318655.443, 114
Trd, 4318656.793, 92
Trd, 4318658.543, 101
Trd, 4318660.693, 101
Trd, 4318661.493, 95
Trd, 4318661.893, 93
Trd, 4318662.343, 88
Trd, 4318664.543, 97
Trd, 4318665.493, 104
Trd, 4318668.043, 99
Trd, 4318668.893, 94
Trd, 4318669.843, 97
Trd, 4318671.793, 96
Trd, 4318672.193, 98
Trd, 4318672.643, 113
Trd, 4318673.293, 95
Trd, 4318675.293, 105
Trd, 4318675.893, 75
Trd, 4318676.893, 86
Trd, 4318678.443, 105
Trd, 4318679.193, 113
Trd, 4318680.843, 91
Trd, 4318681.643, 119
Trd, 4318682.343, 113
Trd, 4318684.193, 79
Trd, 4318684.543, 93
Trd, 4318684.993, 92
Trd, 4318688.043, 94
Trd, 4318688.443, 96
Trd, 4318688.943, 98
Trd, 4318690.743, 105
Trd, 4318690.893, 96
Trd, 4318691.543, 100
Trd, 4318694.093, 96
Trd, 4318695.043, 104
Trd, 4318695.843, 96
Trd, 4318697.093, 89
Trd, 4318698.543, 90
Trd, 4318698.993, 93
Trd, 4318700.193, 104
Trd, 4318701.143, 93
Trd, 4318701.893, 88
Trd, 4318701.943, 98
Trd, 4318702.443, 115
Trd, 4318703.193, 91
Trd, 4318705.543, 95
Trd, 4318706.443, 92
Trd, 4318708.393, 92
Trd, 4318708.943, 101
Trd, 4318710.193, 93
Trd, 4318710.293, 110
Trd, 4318710.993, 104
Trd, 4318711.543, 91
Trd, 4318712.893, 85
Trd, 4318712.993, 104
Trd, 4318716.093, 91
Trd, 4318716.243, 104
Trd, 4318717.493, 119
Trd, 4318719.293, 111
Trd, 4318720.643, 101
Trd, 4318721.993, 96
Trd, 4318723.043, 93
Trd, 4318723.093, 76
Trd, 4318724.693, 95
Trd, 4318724.843, 94
Trd, 4318725.743, 104
Trd, 4318726.243, 116
Trd, 4318728.743, 105
Trd, 4318729.743, 93
Trd, 4318730.893, 88
Trd, 4318731.243, 98
Trd, 4318731.993, 99
Trd, 4318732.993, 82
Trd, 4318734.243, 116
Trd, 4318735.043, 99
Trd, 4318735.193, 93
Trd, 4318737.793, 98
Trd, 4318737.843, 106
Trd, 4318739.043, 116
Trd, 4318740.743, 97
Trd, 4318742.093, 104
Trd, 4318743.793, 106
Trd, 4318743.893, 106
Trd, 4318744.093, 95
Trd, 4318744.643, 102
Trd, 4318746.193, 101
Trd, 4318747.943, 111
Trd, 4318749.293, 102
Trd, 4318750.293, 107
Trd, 4318750.493, 75
Trd, 4318751.693, 92
Trd, 4318752.093, 101
Trd, 4318752.293, 108
Trd, 4318754.643, 99
Trd, 4318756.143, 93
Trd, 4318756.743, 95
Trd, 4318758.143, 95
Trd, 4318758.193, 104
Trd, 4318759.993, 94
Trd, 4318760.493, 85
Trd, 4318760.843, 90
Trd, 4318762.693, 93
Trd, 4318763.543, 99
Trd, 4318764.393, 92
Trd, 4318766.243, 88
Trd, 4318766.943, 104
Trd, 4318767.143, 92
Trd, 4318769.893, 95
Trd, 4318770.443, 102
Trd, 4318771.343, 93
Trd, 4318772.693, 113
Trd, 4318772.843, 114
Trd, 4318773.093, 92
Trd, 4318774.343, 101
Trd, 4318774.893, 76
Trd, 4318776.293, 96
Trd, 4318777.393, 87
Trd, 4318777.893, 106
Trd, 4318779.793, 100
Trd, 4318780.693, 93
Trd, 4318782.193, 94
Trd, 4318783.293, 114
Trd, 4318784.643, 99
Trd, 4318787.093, 104
Trd, 4318787.593, 115
Trd, 4318787.893, 108
Trd, 4318788.093, 101
Trd, 4318789.643, 107
Trd, 4318789.993, 95
Trd, 4318792.543, 88
Trd, 4318792.893, 90
Trd, 4318793.993, 98
Trd, 4318794.493, 98
Trd, 4318796.243, 116
Trd, 4318797.993, 85
Trd, 4318798.743, 89
Trd, 4318800.993, 106
Trd, 4318802.593, 112
Trd, 4318803.793, 101
Trd, 4318804.893, 102
Trd, 4318806.193, 104
Trd, 4318806.693, 101
Trd, 4318807.293, 106
Trd, 4318809.193, 103
Trd, 4318810.793, 99
Trd, 4318811.293, 106
Trd, 4318812.593, 81
Trd, 4318812.843, 82
Trd, 4318813.093, 86
Trd, 4318813.343, 115
Trd, 4318815.843, 89
Trd, 4318817.943, 102
Trd, 4318818.343, 105
Trd, 4318818.643, 78
Trd, 4318819.843, 85
Trd, 4318820.143, 86
Trd, 4318821.143, 114
Trd, 4318821.793, 122
Trd, 4318822.893, 95
Trd, 4318823.443, 86
Trd, 4318824.243, 105
Trd, 4318824.943, 102
Trd, 4318826.793, 104
Trd, 4318826.843, 95
Trd, 4318828.043, 117
Trd, 4318830.893, 117
Trd, 4318831.093, 100
Trd, 4318831.343, 124
Trd, 4318832.993, 101
Trd, 4318834.543, 94
Trd, 4318835.843, 99
Trd, 4318836.143, 99
Trd, 4318836.993, 97
Trd, 4318837.993, 98
Trd, 4318839.193, 104
Trd, 4318841.393, 110
Trd, 4318841.743, 105
Trd, 4318842.643, 102
Trd, 4318842.993, 101
Trd, 4318843.943, 93
Trd, 4318847.743, 99
Trd, 4318848.143, 98
Trd, 4318848.193, 82
Trd, 4318848.493, 105
Trd, 4318849.493, 92
Trd, 4318849.943, 96
Trd, 4318850.793, 95
Trd, 4318850.843, 104
Trd, 4318852.793, 99
Trd, 4318852.993, 95
Trd, 4318854.443, 114
Trd, 4318854.493, 94
Trd, 4318857.393, 97
Trd, 4318857.993, 96
Trd, 4318858.243, 100
Trd, 4318859.543, 102
Trd, 4318860.393, 96
Trd, 4318861.493, 98
Trd, 4318861.943, 95
Trd, 4318862.393, 104
Trd, 4318863.043, 95
Trd, 4318863.493, 123
Trd, 4318864.743, 91
Trd, 4318864.993, 110
Trd, 4318867.793, 101
Trd, 4318867.993, 94
Trd, 4318868.643, 76
Trd, 4318869.043, 89
Trd, 4318870.193, 97
Trd, 4318870.643, 104
Trd, 4318871.243, 88
Trd, 4318873.343, 114
Trd, 4318875.493, 106
Trd, 4318876.093, 95
Trd, 4318877.243, 92
Trd, 4318879.193, 94
Trd, 4318879.243, 100
Trd, 4318879.693, 105
Trd, 4318880.293, 104
Trd, 4318880.493, 75
Trd, 4318882.343, 109
Trd, 4318882.393, 94
Trd, 4318883.143, 88
Trd, 4318885.693, 105
Trd, 4318886.843, 111
Trd, 4318888.293, 98
Trd, 4318888.343, 113
Trd, 4318888.993, 94
Trd, 4318890.543, 107
Trd, 4318891.143, 89
Trd, 4318893.043, 96
Trd, 4318895.293, 98
Trd, 4318896.843, 95
Trd, 4318897.543, 113
Trd, 4318898.043, 105
Trd, 4318898.843, 94
Trd, 4318901.193, 98
Trd, 4318902.243, 102
Trd, 4318904.243, 104
Trd, 4318904.893, 95
Trd, 4318905.693, 113
Trd, 4318905.743, 94
Trd, 4318906.443, 106
Trd, 4318909.843, 94
Trd, 4318910.043, 93
Trd, 4318911.493, 105
Trd, 4318913.243, 93
Trd, 4318913.393, 103
Trd, 4318914.393, 104
Trd, 4318915.543, 92
Trd, 4318916.293, 113
Trd, 4318916.543, 96
Trd, 4318916.593, 95
Trd, 4318918.343, 105
Trd, 4318919.943, 99
Trd, 4318921.093, 98
Trd, 4318921.693, 97
Trd, 4318923.893, 96
Trd, 4318924.543, 100
Trd, 4318925.293, 104
Trd, 4318925.943, 88
Trd, 4318927.343, 99
Trd, 4318929.293, 95
Trd, 4318929.843, 94
Trd, 4318930.143, 104
Trd, 4318931.943, 94
Trd, 4318934.043, 94
Trd, 4318935.243, 102
Trd, 4318937.493, 108
Trd, 4318938.943, 101
Trd, 4318939.593, 113
Trd, 4318940.493, 100
Trd, 4318942.043, 101
Trd, 4318943.393, 94
Trd, 4318944.243, 69
Trd, 4318946.843, 96
Trd, 4318947.693, 94
Trd, 4318948.493, 99
Trd, 4318948.693, 106
Trd, 4318951.393, 98
Trd, 4318951.643, 95
Trd, 4318952.093, 84
Trd, 4318956.293, 101
Trd, 4318956.693, 99
Trd, 4318956.943, 96
Trd, 4318958.193, 97
Trd, 4318958.293, 96
Trd, 4318958.943, 104
Trd, 4318959.993, 100
Trd, 4318961.143, 92
Trd, 4318962.643, 114
Trd, 4318963.143, 90
Trd, 4318963.443, 86
Trd, 4318963.693, 104
Trd, 4318966.293, 100
Trd, 4318967.593, 104
Trd, 4318967.693, 94
Trd, 4318968.193, 115
Trd, 4318969.143, 123
Trd, 4318971.293, 102
Trd, 4318971.643, 96
Trd, 4318972.143, 124
Trd, 4318974.993, 105
Trd, 4318976.743, 104
Trd, 4318977.393, 100
Trd, 4318978.793, 101
Trd, 4318979.643, 97
Trd, 4318981.643, 98
Trd, 4318981.993, 113
Trd, 4318982.243, 95
Trd, 4318983.543, 99
Trd, 4318984.343, 104
Trd, 4318986.593, 99
Trd, 4318986.693, 104
Trd, 4318989.443, 95
Trd, 4318990.343, 96
Trd, 4318990.893, 96
Trd, 4318994.543, 97
Trd, 4318995.243, 96
Trd, 4318995.343, 97
Trd, 4318996.493, 101
Trd, 4318996.543, 104
Trd, 4318998.743, 97
Trd, 4318999.243, 113
Trd, 4319000.443, 96
Trd, 4319001.243, 76
Trd, 4319001.543, 104
Trd, 4319003.193, 98
Trd, 4319004.443, 104
Trd, 4319005.143, 101
Trd, 4319005.993, 100
Trd, 4319006.643, 104
Trd, 4319007.043, 120
Trd, 4319007.393, 117
Trd, 4319008.843, 119
Trd, 4319010.543, 106
Trd, 4319011.593, 103
Trd, 4319012.993, 109
Trd, 4319014.193, 104
Trd, 4319014.743, 93
Trd, 4319020.043, 108
Trd, 4319021.643, 102
Trd, 4319021.693, 108
Trd, 4319024.893, 99
Trd, 4319025.443, 101
Trd, 4319026.193, 89
Trd, 4319028.293, 97
Trd, 4319029.643, 101
Trd, 4319030.193, 98
Trd, 4319030.293, 84
Trd, 4319030.843, 105
Trd, 4319032.093, 108
Trd, 4319032.893, 99
Trd, 4319034.043, 102
Trd, 4319034.843, 101
Trd, 4319036.093, 104
Trd, 4319036.593, 91
Trd, 4319037.843, 86
Trd, 4319038.043, 105
Trd, 4319038.493, 114
Trd, 4319039.343, 76
Trd, 4319040.043, 106
Trd, 4319042.393, 122
Trd, 4319043.443, 100
Trd, 4319044.543, 106
Trd, 4319044.593, 98
Trd, 4319046.393, 109
Trd, 4319047.243, 111
Trd, 4319049.443, 108
Trd, 4319049.543, 99
Trd, 4319050.393, 97
Trd, 4319052.643, 98
Trd, 4319053.043, 97
Trd, 4319053.343, 108
Trd, 4319057.443, 97
Trd, 4319057.893, 106
Trd, 4319058.843, 103
Trd, 4319061.343, 98
Trd, 4319062.793, 95
Trd, 4319063.093, 93
Trd, 4319063.693, 105
Trd, 4319065.893, 95
Trd, 4319066.343, 113
Trd, 4319068.493, 100
Trd, 4319068.843, 114
Trd, 4319071.143, 92
Trd, 4319071.443, 90
Trd, 4319075.393, 93
Trd, 4319075.893, 99
Trd, 4319076.093, 92
Trd, 4319076.993, 104
Trd, 4319078.393, 94
Trd, 4319081.843, 94
Trd, 4319082.543, 93
Trd, 4319083.043, 92
Trd, 4319084.293, 92
Trd, 4319084.793, 95
Trd, 4319085.893, 104
Trd, 4319086.743, 113
Trd, 4319088.643, 112
Trd, 4319090.643, 104
Trd, 4319091.143, 89
Trd, 4319092.043, 98
Trd, 4319092.193, 107
Trd, 4319092.393, 101
Trd, 4319094.693, 100
Trd, 4319096.493, 113
Trd, 4319098.093, 77
Trd, 4319098.943, 89
Trd, 4319099.643, 104
Trd, 4319099.993, 97
Trd, 4319100.893, 101
Trd, 4319103.193, 96
Trd, 4319103.343, 103
Trd, 4319103.993, 113
Trd, 4319104.343, 123
Trd, 4319105.943, 97
Trd, 4319107.193, 108
Trd, 4319107.343, 109
Trd, 4319107.793, 95
Trd, 4319110.093, 78
Trd, 4319110.443, 108
Trd, 4319113.193, 96
Trd, 4319113.593, 100
Trd, 4319115.743, 94
Trd, 4319116.243, 101
Trd, 4319116.943, 105
Trd, 4319119.543, 113
Trd, 4319119.793, 120
Trd, 4319120.643, 106
Trd, 4319121.093, 109
Trd, 4319121.393, 101
Trd, 4319122.843, 103
Trd, 4319123.293, 102
Trd, 4319123.893, 91
Trd, 4319124.393, 85
Trd, 4319125.943, 96
Trd, 4319126.893, 95
Trd, 4319127.093, 95
Trd, 4319129.293, 96
Trd, 4319129.543, 104
Trd, 4319131.043, 95
Trd, 4319131.743, 83
Trd, 4319132.043, 104
Trd, 4319134.343, 102
Trd, 4319135.393, 100
Trd, 4319135.843, 76
Trd, 4319136.043, 112
Trd, 4319139.443, 94
Trd, 4319139.693, 94
Trd, 4319140.793, 93
Trd, 4319141.893, 104
Trd, 4319143.693, 104
Trd, 4319144.443, 113
Trd, 4319145.243, 99
Trd, 4319145.543, 93
Trd, 4319146.043, 98
Trd, 4319146.943, 76
Trd, 4319148.543, 96
Trd, 4319151.293, 104
Trd, 4319152.543, 98
Trd, 4319152.593, 93
Trd, 4319155.143, 113
Trd, 4319155.593, 112
Trd, 4319157.093, 103
Trd, 4319158.843, 99
Trd, 4319160.043, 107
Trd, 4319160.793, 113
Trd, 4319162.293, 118
Trd, 4319162.443, 125
Trd, 4319163.643, 111
Trd, 4319164.743, 103
Trd, 4319166.543, 86
Trd, 4319167.143, 104
Trd, 4319169.293, 106
Trd, 4319171.893, 115
Trd, 4319172.043, 103
Trd, 4319173.293, 107
Trd, 4319174.143, 94
Trd, 4319176.043, 86
Trd, 4319176.693, 95
Trd, 4319177.843, 95
Trd, 4319178.993, 107
Trd, 4319179.393, 95
Trd, 4319182.843, 100
Trd, 4319183.493, 99
Trd, 4319183.843, 105
Trd, 4319183.993, 77
Trd, 4319184.093, 76
Trd, 4319185.943, 94
Trd, 4319186.593, 114
Trd, 4319186.743, 94
Trd, 4319187.993, 90
Trd, 4319188.193, 98
Trd, 4319189.243, 109
Trd, 4319190.943, 107
Trd, 4319192.043, 89
Trd, 4319194.293, 101
Trd, 4319194.743, 114
Trd, 4319194.893, 100
Trd, 4319197.493, 125
Trd, 4319198.193, 102
Trd, 4319200.843, 76
Trd, 4319201.693, 108
Trd, 4319202.943, 109
Trd, 4319203.193, 96
Trd, 4319204.393, 108
Trd, 4319204.843, 125
Trd, 4319205.543, 94
Trd, 4319207.093, 117
Trd, 4319207.693, 114
Trd, 4319209.093, 111
Trd, 4319210.943, 102
Trd, 4319211.193, 110
Trd, 4319212.243, 113
Trd, 4319213.493, 109
Trd, 4319215.943, 101
Trd, 4319216.443, 98
Trd, 4319218.343, 99
Trd, 4319218.743, 102
Trd, 4319219.693, 104
Trd, 4319220.843, 101
Trd, 4319222.593, 101
Trd, 4319223.243, 110
Trd, 4319223.993, 113
Trd, 4319225.643, 118
Trd, 4319228.343, 108
Trd, 4319229.393, 112
Trd, 4319229.943, 103
Trd, 4319230.543, 79
Trd, 4319231.643, 99
Trd, 4319232.293, 87
Trd, 4319232.943, 108
Trd, 4319235.393, 104
Trd, 4319235.443, 98
Trd, 4319236.493, 79
Trd, 4319237.493, 104
Trd, 4319238.093, 96
Trd, 4319238.293, 113
Trd, 4319239.693, 96
Trd, 4319240.643, 90
Trd, 4319241.343, 105
Trd, 4319242.993, 108
Trd, 4319243.143, 113
Trd, 4319244.143, 95
Trd, 4319245.643, 97
Trd, 4319245.743, 93
Trd, 4319246.243, 107
Trd, 4319248.243, 107
Trd, 4319248.593, 96
Trd, 4319248.943, 78
Trd, 4319249.693, 91
Trd, 4319250.643, 103
Trd, 4319253.193, 107
Trd, 4319255.043, 103
Trd, 4319256.743, 97
Trd, 4319259.093, 104
Trd, 4319260.243, 97
Trd, 4319260.743, 104
Trd, 4319261.693, 96
Trd, 4319262.493, 111
Trd, 4319262.943, 99
Trd, 4319264.743, 113
Trd, 4319265.493, 95
Trd, 4319268.643, 98
Trd, 4319268.993, 102
Trd, 4319270.893, 84
Trd, 4319271.393, 86
Trd, 4319272.193, 103
Trd, 4319274.293, 94
Trd, 4319274.843, 85
Trd, 4319276.993, 88
Trd, 4319277.593, 111
Trd, 4319279.593, 95
Trd, 4319280.493, 105
Trd, 4319280.743, 95
Trd, 4319281.443, 110
Trd, 4319282.693, 105
Trd, 4319283.493, 104
Trd, 4319284.193, 103
Trd, 4319286.843, 95
Trd, 4319287.593, 97
Trd, 4319287.693, 95
Trd, 4319290.743, 89
Trd, 4319291.943, 96
Trd, 4319292.843, 95
Trd, 4319294.643, 94
Trd, 4319295.093, 92
Trd, 4319295.493, 95
Trd, 4319296.543, 102
Trd, 4319301.343, 99
Trd, 4319302.543, 104
Trd, 4319303.493, 97
Trd, 4319303.943, 104
Trd, 4319304.093, 95
Trd, 4319305.543, 93
Trd, 4319306.643, 98
Trd, 4319307.793, 98
Trd, 4319308.693, 114
Trd, 4319308.943, 96
Trd, 4319310.093, 105
Trd, 4319313.393, 106
Trd, 4319315.093, 124
Trd, 4319315.793, 95
Trd, 4319316.293, 117
Trd, 4319316.743, 79
Trd, 4319316.993, 76
Trd, 4319317.793, 75
Trd, 4319318.043, 103
Trd, 4319319.443, 93
Trd, 4319320.993, 102
Trd, 4319322.243, 92
Trd, 4319322.543, 116
Trd, 4319322.743, 117
Trd, 4319325.143, 102
Trd, 4319325.893, 107
Trd, 4319326.493, 90
Trd, 4319328.693, 98
Trd, 4319329.293, 100
Trd, 4319329.393, 95
Trd, 4319330.393, 105
Trd, 4319330.593, 117
Trd, 4319332.243, 107
Trd, 4319333.193, 94
Trd, 4319334.393, 107
Trd, 4319334.543, 94
Trd, 4319337.143, 95
Trd, 4319337.243, 87
Trd, 4319337.743, 105
Trd, 4319341.143, 94
Trd, 4319341.643, 100
Trd, 4319342.343, 84
Trd, 4319343.993, 67
Trd, 4319345.993, 91
Trd, 4319346.693, 100
Trd, 4319348.893, 118
Trd, 4319350.043, 121
Trd, 4319350.393, 100
Trd, 4319350.893, 116
Trd, 4319351.393, 101
Trd, 4319352.343, 116
Trd, 4319354.193, 92
Trd, 4319356.493, 118
Trd, 4319356.893, 102
Trd, 4319357.443, 100
Trd, 4319358.593, 109
Trd, 4319358.943, 100
Trd, 4319362.743, 101
Trd, 4319363.143, 103
Trd, 4319364.143, 116
Trd, 4319364.593, 99
Trd, 4319366.043, 106
Trd, 4319366.343, 124
Trd, 4319367.393, 100
Trd, 4319368.343, 99
Trd, 4319368.543, 112
Trd, 4319369.893, 88
Trd, 4319372.343, 88
Trd, 4319373.343, 95
Trd, 4319373.493, 106
Trd, 4319373.693, 113
Trd, 4319375.793, 96
Trd, 4319375.993, 94
Trd, 4319376.643, 89
Trd, 4319377.493, 104
Trd, 4319377.793, 88
Trd, 4319378.193, 107
Trd, 4319378.593, 113
Trd, 4319380.243, 93
Trd, 4319381.343, 93
Trd, 4319381.793, 104
Trd, 4319383.443, 93
Trd, 4319383.943, 82
Trd, 4319386.993, 92
Trd, 4319388.443, 95
Trd, 4319389.493, 84
Trd, 4319389.593, 113
Trd, 4319390.193, 83
Trd, 4319392.193, 88
Trd, 4319394.193, 95
Trd, 4319394.543, 89
Trd, 4319394.743, 82
Trd, 4319395.943, 105
Trd, 4319397.593, 113
Trd, 4319398.193, 106
Trd, 4319399.293, 93
Trd, 4319399.543, 105
Trd, 4319400.293, 90
Trd, 4319401.793, 104
Trd, 4319402.293, 89
Trd, 4319404.043, 95
Trd, 4319405.593, 104
Trd, 4319407.843, 102
Trd, 4319407.993, 114
Trd, 4319408.893, 99
Trd, 4319410.393, 102
Trd, 4319411.693, 109
Trd, 4319413.143, 104
Trd, 4319413.393, 101
Trd, 4319413.693, 87
Trd, 4319414.593, 105
Trd, 4319415.293, 125
Trd, 4319416.993, 105
Trd, 4319417.143, 99
Trd, 4319417.843, 99
Trd, 4319418.693, 88
Trd, 4319423.943, 95
Trd, 4319424.393, 88
Trd, 4319425.243, 97
Trd, 4319425.993, 105
Trd, 4319426.243, 95
Trd, 4319426.693, 93
Trd, 4319427.043, 99
Trd, 4319428.093, 104
Trd, 4319429.143, 104
Trd, 4319429.693, 102
Trd, 4319431.393, 103
Trd, 4319435.443, 94
Trd, 4319436.343, 93
Trd, 4319436.393, 114
Trd, 4319439.093, 100
Trd, 4319440.493, 95
Trd, 4319440.593, 104
Trd, 4319440.643, 94
Trd, 4319442.643, 113
Trd, 4319442.893, 97
Trd, 4319443.643, 108
Trd, 4319444.443, 95
Trd, 4319445.543, 105
Trd, 4319448.143, 90
Trd, 4319448.593, 104
Trd, 4319450.193, 97
Trd, 4319451.943, 95
Trd, 4319454.093, 96
Trd, 4319454.393, 92
Trd, 4319455.393, 113
Trd, 4319456.143, 100
Trd, 4319457.243, 106
Trd, 4319457.643, 111
Trd, 4319459.143, 103
Trd, 4319459.643, 99
Trd, 4319460.543, 107
Trd, 4319462.493, 114
Trd, 4319462.543, 102
Trd, 4319464.843, 100
Trd, 4319465.943, 101
Trd, 4319466.393, 104
Trd, 4319466.993, 105
Trd, 4319468.593, 100
Trd, 4319468.743, 99
Trd, 4319469.093, 82
Trd, 4319469.943, 104
Trd, 4319471.243, 102
Trd, 4319471.693, 94
Trd, 4319474.693, 96
Trd, 4319476.543, 99
Trd, 4319476.843, 96
Trd, 4319477.343, 92
Trd, 4319480.443, 96
Trd, 4319480.793, 95
Trd, 4319481.443, 104
Trd, 4319482.243, 94
Trd, 4319483.593, 93
Trd, 4319484.093, 114
Trd, 4319484.293, 113
Trd, 4319484.943, 91
Trd, 4319488.443, 101
Trd, 4319488.793, 97
Trd, 4319489.543, 96
Trd, 4319490.393, 94
Trd, 4319491.093, 105
Trd, 4319492.743, 115
Trd, 4319493.793, 99
Trd, 4319494.243, 97
Trd, 4319494.943, 98
Trd, 4319495.693, 99
Trd, 4319498.043, 98
Trd, 4319499.993, 99
Trd, 4319500.943, 105
Trd, 4319501.143, 95
Trd, 4319502.193, 91
Trd, 4319502.743, 114
Trd, 4319503.543, 121
Trd, 4319503.743, 109
Trd, 4319506.043, 102
Trd, 4319507.293, 99
Trd, 4319507.643, 97
Trd, 4319508.843, 93
Trd, 4319510.093, 100
Trd, 4319511.243, 86
Trd, 4319512.993, 98
Trd, 4319515.293, 99
Trd, 4319515.543, 96
Trd, 4319516.243, 113
Trd, 4319518.793, 104
Trd, 4319519.043, 98
Trd, 4319519.643, 98
Trd, 4319519.843, 106
Trd, 4319520.593, 97
Trd, 4319523.393, 107
Trd, 4319525.343, 114
Trd, 4319525.743, 97
Trd, 4319526.043, 99
Trd, 4319526.643, 96
Trd, 4319529.543, 90
Trd, 4319532.543, 98
Trd, 4319532.843, 97
Trd, 4319533.493, 94
Trd, 4319533.943, 95
Trd, 4319535.793, 104
Trd, 4319536.443, 118
Trd, 4319537.293, 79
Trd, 4319537.693, 97
Trd, 4319538.493, 100
Trd, 4319539.793, 107
Trd, 4319540.743, 123
Trd, 4319542.043, 110
Trd, 4319545.093, 103
Trd, 4319545.293, 114
Trd, 4319546.543, 85
Trd, 4319547.193, 76
Trd, 4319547.543, 88
Trd, 4319548.493, 100
Trd, 4319549.943, 99
Trd, 4319551.743, 96
Trd, 4319554.193, 100
Trd, 4319554.693, 104
Trd, 4319554.843, 105
Trd, 4319556.643, 98
Trd, 4319556.743, 95
Trd, 4319557.593, 114
Trd, 4319557.893, 108
Trd, 4319558.943, 107
Trd, 4319559.293, 96
Trd, 4319560.493, 112
Trd, 4319560.893, 100
Trd, 4319564.343, 100
Trd, 4319565.543, 106
Trd, 4319566.043, 99
Trd, 4319566.193, 106
Trd, 4319566.893, 99
Trd, 4319569.193, 98
Trd, 4319570.143, 106
Trd, 4319570.993, 113
Trd, 4319572.643, 107
Trd, 4319573.993, 103
Trd, 4319574.643, 115
Trd, 4319575.443, 82
Trd, 4319576.493, 85
Trd, 4319577.543, 104
Trd, 4319578.293, 98
Trd, 4319580.593, 102
Trd, 4319580.743, 97
Trd, 4319581.043, 91
Trd, 4319581.093, 76
Trd, 4319582.243, 103
Trd, 4319582.543, 90
Trd, 4319583.043, 104
Trd, 4319585.843, 101
Trd, 4319587.393, 97
Trd, 4319587.943, 87
Trd, 4319588.293, 101
Trd, 4319589.393, 76
Trd, 4319590.143, 104
Trd, 4319591.843, 85
Trd, 4319592.893, 89
Trd, 4319596.243, 104
Trd, 4319597.293, 112
Trd, 4319597.893, 81
Trd, 4319598.693, 97
Trd, 4319599.143, 96
Trd, 4319601.093, 117
Trd, 4319601.893, 106
Trd, 4319601.943, 107
Trd, 4319602.993, 84
Trd, 4319604.343, 99
Trd, 4319605.893, 99
Trd, 4319607.893, 104
Trd, 4319608.693, 92
Trd, 4319610.593, 104
Trd, 4319611.093, 97
Trd, 4319612.043, 108
Trd, 4319612.793, 98
Trd, 4319613.443, 104
Trd, 4319615.093, 88
Trd, 4319616.693, 97
Trd, 4319617.493, 100
Trd, 4319619.193, 102
Trd, 4319620.543, 102
Trd, 4319621.593, 97
Trd, 4319623.343, 104
Trd, 4319624.493, 112
Trd, 4319625.893, 96
Trd, 4319626.993, 95
Trd, 4319627.493, 94
Trd, 4319629.093, 99
Trd, 4319629.643, 93
Trd, 4319631.293, 95
Trd, 4319631.643, 104
Trd, 4319632.343, 91
Trd, 4319634.193, 105
Trd, 4319634.643, 97
Trd, 4319637.493, 113
Trd, 4319637.993, 96
Trd, 4319639.243, 106
Trd, 4319639.293, 126
Trd, 4319639.443, 95
Trd, 4319643.143, 97
Trd, 4319646.093, 99
Trd, 4319647.143, 98
Trd, 4319647.893, 109
Trd, 4319649.093, 97
Trd, 4319649.593, 96
Trd, 4319650.793, 95
Trd, 4319652.593, 102
Trd, 4319653.093, 102
Trd, 4319653.593, 96
Trd, 4319655.893, 104
Trd, 4319658.893, 110
Trd, 4319658.993, 105
Trd, 4319660.043, 105
Trd, 4319660.443, 104
Trd, 4319661.843, 103
Trd, 4319661.943, 114
Trd, 4319663.293, 87
Trd, 4319663.393, 100
Trd, 4319664.543, 92
Trd, 4319669.093, 106
Trd, 4319669.443, 105
Trd, 4319670.193, 102
Trd, 4319671.643, 91
Trd, 4319672.343, 104
Trd, 4319674.443, 112
Trd, 4319674.593, 101
Trd, 4319676.943, 104
Trd, 4319677.593, 105
Trd, 4319680.693, 103
Trd, 4319680.843, 104
Trd, 4319681.593, 94
Trd, 4319681.893, 91
Trd, 4319682.393, 100
Trd, 4319683.093, 90
Trd, 4319687.443, 97
Trd, 4319687.593, 95
Trd, 4319688.093, 91
Trd, 4319688.193, 100
Trd, 4319688.393, 104
Trd, 4319690.493, 114
Trd, 4319691.143, 101
Trd, 4319691.443, 121
Trd, 4319693.243, 116
Trd, 4319693.643, 116
Trd, 4319696.543, 109
Trd, 4319697.993, 102
Trd, 4319698.743, 110
Trd, 4319699.543, 108
Trd, 4319700.993, 103
Trd, 4319702.093, 110
Trd, 4319703.143, 102
Trd, 4319703.593, 123
Trd, 4319703.643, 108
Trd, 4319704.643, 117
Trd, 4319705.193, 110
Trd, 4319705.793, 94
Trd, 4319705.943, 75
Trd, 4319706.693, 118
Trd, 4319708.143, 67
Trd, 4319708.793, 97
Trd, 4319709.293, 114
Trd, 4319711.043, 102
Trd, 4319712.393, 118
Trd, 4319713.143, 124
Trd, 4319713.693, 103
Trd, 4319714.993, 87
Trd, 4319716.293, 106
Trd, 4319718.393, 95
Trd, 4319718.493, 104
Trd, 4319719.643, 100
Trd, 4319722.793, 100
Trd, 4319722.893, 99
Trd, 4319724.293, 97
Trd, 4319725.243, 96
Trd, 4319725.443, 77
Trd, 4319728.143, 96
Trd, 4319730.293, 104
Trd, 4319730.493, 95
Trd, 4319731.643, 94
Trd, 4319732.543, 93
Trd, 4319733.593, 90
Trd, 4319734.643, 100
Trd, 4319735.293, 104
Trd, 4319736.393, 87
Trd, 4319737.643, 113
Trd, 4319737.743, 76
Trd, 4319739.493, 119
Trd, 4319741.193, 104
Trd, 4319742.693, 116
Trd, 4319743.443, 100
Trd, 4319744.043, 81
Trd, 4319745.643, 105
Trd, 4319746.243, 98
Trd, 4319747.493, 116
Trd, 4319747.893, 87
Trd, 4319749.543, 92
Trd, 4319750.693, 94
Trd, 4319751.093, 95
Trd, 4319752.193, 104
Trd, 4319753.193, 81
Trd, 4319754.593, 83
Trd, 4319755.393, 104
Trd, 4319755.893, 101
Trd, 4319757.343, 101
Trd, 4319757.543, 94
Trd, 4319758.493, 67
Trd, 4319759.393, 104
Trd, 4319762.693, 91
Trd, 4319763.843, 89
Trd, 4319764.193, 98
Trd, 4319765.243, 94
Trd, 4319766.043, 92
Trd, 4319767.193, 104
Trd, 4319767.843, 111
Trd, 4319768.093, 85
Trd, 4319770.493, 95
Trd, 4319771.793, 104
Trd, 4319774.293, 116
Trd, 4319775.443, 100
Trd, 4319776.143, 94
Trd, 4319776.343, 92
Trd, 4319776.543, 93
Trd, 4319779.143, 104
Trd, 4319779.693, 93
Trd, 4319780.643, 98
Trd, 4319783.643, 113
Trd, 4319783.743, 95
Trd, 4319785.143, 93
Trd, 4319786.143, 96
Trd, 4319788.243, 77
Trd, 4319789.693, 103
Trd, 4319791.093, 93
Trd, 4319791.693, 104
Trd, 4319792.993, 92
Trd, 4319793.293, 109
Trd, 4319793.843, 117
Trd, 4319794.643, 100
Trd, 4319796.043, 79
Trd, 4319797.543, 98
Trd, 4319800.493, 91
Trd, 4319801.543, 94
Trd, 4319802.043, 97
Trd, 4319803.593, 92
Trd, 4319804.743, 94
Trd, 4319805.193, 104
Trd, 4319805.393, 93
Trd, 4319806.543, 104
Trd, 4319806.943, 92
Trd, 4319808.693, 76
Trd, 4319810.093, 90
Trd, 4319810.593, 99
Trd, 4319813.393, 104
Trd, 4319814.143, 90
Trd, 4319815.343, 101
Trd, 4319816.493, 104
Trd, 4319818.143, 92
Trd, 4319819.093, 125
Trd, 4319821.193, 100
Trd, 4319822.043, 105
Trd, 4319822.293, 90
Trd, 4319823.993, 102
Trd, 4319825.093, 102
Trd, 4319826.843, 100
Trd, 4319827.243, 99
Trd, 4319827.393, 105
Trd, 4319828.243, 124
Trd, 4319830.293, 100
Trd, 4319830.793, 95
Trd, 4319832.443, 100
Trd, 4319834.143, 106
Trd, 4319834.543, 81
Trd, 4319835.593, 99
Trd, 4319836.993, 95
Trd, 4319837.443, 91
Trd, 4319838.793, 104
Trd, 4319838.993, 99
Trd, 4319841.093, 110
Trd, 4319842.693, 102
Trd, 4319843.143, 106
Trd, 4319845.493, 101
Trd, 4319846.743, 95
Trd, 4319847.243, 100
Trd, 4319847.593, 105
Trd, 4319848.443, 102
Trd, 4319848.693, 93
Trd, 4319849.343, 116
Trd, 4319852.143, 106
Trd, 4319852.793, 100
Trd, 4319852.943, 100
Trd, 4319854.293, 99
Trd, 4319854.493, 105
Trd, 4319854.543, 116
Trd, 4319855.443, 100
Trd, 4319857.993, 102
Trd, 4319859.193, 107
Trd, 4319860.393, 101
Trd, 4319860.943, 79
Trd, 4319862.793, 95
Trd, 4319865.093, 69
Trd, 4319866.343, 98
Trd, 4319866.593, 105
Trd, 4319866.693, 89
Trd, 4319867.943, 88
Trd, 4319869.643, 92
Trd, 4319869.893, 102
Trd, 4319872.643, 94
Trd, 4319874.193, 97
Trd, 4319877.293, 105
Trd, 4319877.793, 115
Trd, 4319877.893, 94
Trd, 4319877.993, 92
Trd, 4319880.243, 106
Trd, 4319881.193, 97
Trd, 4319882.743, 100
Trd, 4319884.943, 97
Trd, 4319886.493, 100
Trd, 4319886.593, 98
Trd, 4319888.143, 104
Trd, 4319888.443, 88
Trd, 4319888.993, 115
Trd, 4319890.693, 87
Trd, 4319893.493, 94
Trd, 4319894.993, 98
Trd, 4319895.343, 93
Trd, 4319895.493, 105
Trd, 4319897.343, 92
Trd, 4319898.243, 109
Trd, 4319901.093, 87
Trd, 4319901.193, 96
Trd, 4319901.293, 115
Trd, 4319902.143, 115
Trd, 4319903.593, 96
Trd, 4319906.343, 95
Trd, 4319907.493, 93
Trd, 4319908.343, 98
Trd, 4319909.743, 94
Trd, 4319910.993, 91
Trd, 4319912.843, 97
Trd, 4319913.393, 113
Trd, 4319913.693, 105
Trd, 4319917.293, 98
Trd, 4319918.693, 105
Trd, 4319919.143, 105
Trd, 4319919.443, 98
Trd, 4319920.643, 115
Trd, 4319921.743, 100
Trd, 4319921.993, 98
Trd, 4319922.643, 95
Trd, 4319923.843, 106
Trd, 4319925.243, 92
Trd, 4319929.293, 96
Trd, 4319929.443, 101
Trd, 4319929.893, 100
Trd, 4319930.943, 95
Trd, 4319933.743, 104
Trd, 4319934.093, 91
Trd, 4319935.043, 99
Trd, 4319937.293, 95
Trd, 4319937.893, 94
Trd, 4319939.693, 104
Trd, 4319941.393, 93
Trd, 4319941.943, 119
Trd, 4319943.843, 118
Trd, 4319944.493, 108
Trd, 4319945.793, 109
Trd, 4319946.243, 115
Trd, 4319948.143, 110
Trd, 4319948.943, 107
Trd, 4319950.043, 103
Trd, 4319951.243, 100
Trd, 4319953.143, 88
Trd, 4319953.293, 100
Trd, 4319954.993, 107
Trd, 4319956.393, 99
Trd, 4319956.543, 125
Trd, 4319957.893, 111
Trd, 4319958.643, 100
Trd, 4319959.793, 100
Trd, 4319961.143, 76
Trd, 4319961.893, 97
Trd, 4319963.643, 89
Trd, 4319965.843, 105
Trd, 4319967.643, 115
Trd, 4319968.493, 99
Trd, 4319969.143, 97
Trd, 4319970.643, 99
Trd, 4319971.693, 104
Trd, 4319972.943, 115
Trd, 4319974.643, 102
Trd, 4319977.993, 102
Trd, 4319979.493, 101
Trd, 4319980.093, 81
Trd, 4319981.543, 87
Trd, 4319981.593, 104
Trd, 4319983.543, 113
Trd, 4319983.793, 101
Trd, 4319984.643, 100
Trd, 4319985.043, 99
Trd, 4319986.993, 99
Trd, 4319989.443, 98
Trd, 4319990.443, 101
Trd, 4319990.593, 104
Trd, 4319992.493, 104
Trd, 4319994.893, 103
Trd, 4319995.243, 97
Trd, 4319996.643, 97
Trd, 4319998.193, 92
Trd, 4319998.593, 98
