Trd, 4317911.193, 92
Trd, 4317913.093, 106
Trd, 4317914.943, 91
Trd, 4317915.093, 98
Trd, 4317916.293, 107
Trd, 4317918.693, 90
Trd, 4317920.543, 100
Trd, 4317921.293, 92
Trd, 4317921.543, 100
Trd, 4317924.843, 94
Trd, 4317926.793, 97
Trd, 4317927.643, 85
Trd, 4317928.343, 89
Trd, 4317929.493, 97
Trd, 4317929.793, 97
Trd, 4317930.493, 91
Trd, 4317933.143, 107
Trd, 4317933.193, 90
Trd, 4317935.943, 98
Trd, 4317936.243, 93
Trd, 4317938.193, 92
Trd, 4317938.543, 97
Trd, 4317939.243, 97
Trd, 4317941.143, 91
Trd, 4317942.543, 91
Trd, 4317943.243, 97
Trd, 4317944.843, 96
Trd, 4317944.943, 94
Trd, 4317946.093, 102
Trd, 4317948.443, 101
Trd, 4317949.643, 96
Trd, 4317950.193, 94
Trd, 4317950.593, 98
Trd, 4317952.043, 100
Trd, 4317953.293, 99
Trd, 4317955.193, 107
Trd, 4317955.543, 95
Trd, 4317955.593, 94
Trd, 4317955.893, 85
Trd, 4317957.793, 106
Trd, 4317958.493, 108
Trd, 4317959.293, 89
Trd, 4317961.043, 93
Trd, 4317962.643, 88
Trd, 4317966.643, 93
Trd, 4317966.893, 94
Trd, 4317966.993, 95
Trd, 4317968.543, 91
Trd, 4317971.893, 91
Trd, 4317974.293, 91
Trd, 4317974.743, 90
Trd, 4317977.193, 89
Trd, 4317977.243, 89
Trd, 4317977.443, 111
Trd, 4317979.493, 94
Trd, 4317980.543, 92
Trd, 4317982.093, 89
Trd, 4317982.243, 93
Trd, 4317983.793, 94
Trd, 4317984.693, 94
Trd, 4317984.893, 84
Trd, 4317985.793, 96
Trd, 4317987.493, 95
Trd, 4317987.793, 94
Trd, 4317989.093, 113
Trd, 4317989.693, 104
Trd, 4317990.343, 103
Trd, 4317990.443, 94
Trd, 4317992.443, 83
Trd, 4317994.793, 104
Trd, 4317995.493, 97
Trd, 4317996.243, 99
Trd, 4317996.643, 93
Trd, 4317999.193, 94
Trd, 4317999.643, 93
Trd, 4318000.243, 98
Trd, 4318000.493, 112
Trd, 4318002.743, 106
Trd, 4318003.193, 107
Trd, 4318003.843, 82
Trd, 4318006.093, 95
Trd, 4318006.343, 93
Trd, 4318007.843, 98
Trd, 4318008.043, 99
Trd, 4318008.143, 97
Trd, 4318014.793, 97
Trd, 4318014.893, 95
Trd, 4318015.143, 99
Trd, 4318015.343, 99
Trd, 4318017.543, 95
Trd, 4318019.493, 94
Trd, 4318019.593, 81
Trd, 4318020.993, 99
Trd, 4318022.043, 100
Trd, 4318022.343, 101
Trd, 4318023.393, 98
Trd, 4318026.493, 100
Trd, 4318027.643, 99
Trd, 4318030.593, 97
Trd, 4318031.143, 94
Trd, 4318031.743, 99
Trd, 4318032.043, 100
Trd, 4318032.143, 81
Trd, 4318032.693, 104
Trd, 4318036.993, 97
Trd, 4318037.893, 100
Trd, 4318038.043, 96
Trd, 4318039.193, 94
Trd, 4318042.243, 95
Trd, 4318042.643, 96
Trd, 4318042.893, 99
Trd, 4318043.443, 88
Trd, 4318043.893, 105
Trd, 4318045.093, 92
Trd, 4318048.343, 91
Trd, 4318049.343, 97
Trd, 4318051.343, 96
Trd, 4318051.493, 85
Trd, 4318053.543, 88
Trd, 4318054.393, 87
Trd, 4318056.693, 96
Trd, 4318057.043, 96
Trd, 4318059.393, 88
Trd, 4318060.143, 95
Trd, 4318060.743, 91
Trd, 4318061.393, 104
Trd, 4318062.843, 90
Trd, 4318064.743, 96
Trd, 4318064.993, 99
Trd, 4318065.893, 94
Trd, 4318066.143, 86
Trd, 4318071.243, 97
Trd, 4318071.393, 104
Trd, 4318072.093, 102
Trd, 4318072.443, 99
Trd, 4318075.443, 98
Trd, 4318075.693, 97
Trd, 4318076.343, 98
Trd, 4318078.043, 96
Trd, 4318079.493, 96
Trd, 4318082.743, 95
Trd, 4318082.893, 96
Trd, 4318083.443, 84
Trd, 4318084.393, 97
Trd, 4318084.443, 101
Trd, 4318085.793, 91
Trd, 4318087.043, 90
Trd, 4318088.843, 96
Trd, 4318089.693, 104
Trd, 4318089.943, 89
Trd, 4318092.843, 96
Trd, 4318093.693, 88
Trd, 4318095.043, 93
Trd, 4318096.693, 93
Trd, 4318096.943, 88
Trd, 4318097.743, 87
Trd, 4318101.543, 95
Trd, 4318101.893, 86
Trd, 4318104.243, 95
Trd, 4318104.443, 104
Trd, 4318105.343, 86
Trd, 4318105.793, 94
Trd, 4318106.043, 96
Trd, 4318107.143, 86
Trd, 4318109.393, 85
Trd, 4318109.843, 91
Trd, 4318110.943, 108
Trd, 4318112.593, 99
Trd, 4318112.893, 98
Trd, 4318113.293, 94
Trd, 4318115.743, 96
Trd, 4318115.793, 96
Trd, 4318115.943, 106
Trd, 4318119.493, 97
Trd, 4318119.643, 95
Trd, 4318120.043, 97
Trd, 4318120.593, 83
Trd, 4318122.693, 93
Trd, 4318123.743, 93
Trd, 4318125.493, 97
Trd, 4318125.943, 101
Trd, 4318128.343, 102
Trd, 4318128.943, 100
Trd, 4318129.993, 99
Trd, 4318130.743, 94
Trd, 4318131.543, 96
Trd, 4318132.143, 100
Trd, 4318132.943, 82
Trd, 4318136.893, 97
Trd, 4318137.193, 91
Trd, 4318138.643, 96
Trd, 4318139.743, 96
Trd, 4318139.893, 90
Trd, 4318140.793, 101
Trd, 4318142.793, 101
Trd, 4318142.943, 107
Trd, 4318143.143, 99
Trd, 4318144.793, 94
Trd, 4318147.993, 100
Trd, 4318148.843, 97
Trd, 4318149.143, 93
Trd, 4318149.793, 101
Trd, 4318152.193, 99
Trd, 4318152.393, 104
Trd, 4318153.243, 105
Trd, 4318153.343, 98
Trd, 4318153.893, 92
Trd, 4318155.843, 101
Trd, 4318156.393, 95
Trd, 4318158.993, 101
Trd, 4318159.493, 99
Trd, 4318159.893, 113
Trd, 4318160.393, 98
Trd, 4318161.493, 94
Trd, 4318163.193, 93
Trd, 4318167.043, 96
Trd, 4318167.693, 96
Trd, 4318170.493, 104
Trd, 4318170.743, 103
Trd, 4318171.193, 99
Trd, 4318171.693, 99
Trd, 4318173.343, 82
Trd, 4318174.443, 81
Trd, 4318175.793, 97
Trd, 4318177.693, 95
Trd, 4318179.343, 95
Trd, 4318179.943, 94
Trd, 4318182.093, 104
Trd, 4318183.593, 100
Trd, 4318185.193, 101
Trd, 4318185.743, 98
Trd, 4318186.443, 104
Trd, 4318187.893, 103
Trd, 4318188.743, 92
Trd, 4318189.643, 88
Trd, 4318190.793, 97
Trd, 4318192.143, 99
Trd, 4318192.493, 105
Trd, 4318195.793, 98
Trd, 4318196.393, 97
Trd, 4318196.693, 85
Trd, 4318197.843, 102
Trd, 4318198.193, 93
Trd, 4318200.593, 92
Trd, 4318200.693, 99
Trd, 4318203.693, 90
Trd, 4318204.043, 90
Trd, 4318204.743, 94
Trd, 4318204.943, 96
Trd, 4318208.393, 95
Trd, 4318209.493, 89
Trd, 4318209.693, 95
Trd, 4318210.443, 89
Trd, 4318210.993, 105
Trd, 4318211.593, 88
Trd, 4318213.993, 90
Trd, 4318214.993, 97
Trd, 4318216.893, 94
Trd, 4318217.443, 97
Trd, 4318218.343, 97
Trd, 4318219.393, 101
Trd, 4318219.843, 96
Trd, 4318222.143, 100
Trd, 4318223.893, 95
Trd, 4318224.043, 94
Trd, 4318225.643, 97
Trd, 4318226.743, 98
Trd, 4318227.043, 94
Trd, 4318229.043, 93
Trd, 4318229.993, 97
Trd, 4318230.793, 92
Trd, 4318233.893, 91
Trd, 4318235.493, 95
Trd, 4318235.543, 96
Trd, 4318236.443, 106
Trd, 4318238.443, 106
Trd, 4318239.593, 102
Trd, 4318240.993, 91
Trd, 4318241.043, 97
Trd, 4318242.293, 96
Trd, 4318242.343, 91
Trd, 4318243.643, 94
Trd, 4318244.193, 84
Trd, 4318245.293, 105
Trd, 4318248.343, 111
Trd, 4318249.043, 104
Trd, 4318250.993, 99
Trd, 4318252.543, 100
Trd, 4318253.343, 105
Trd, 4318253.843, 97
Trd, 4318255.593, 97
Trd, 4318257.493, 94
Trd, 4318258.693, 76
Trd, 4318259.343, 101
Trd, 4318260.093, 89
Trd, 4318260.143, 101
Trd, 4318265.543, 98
Trd, 4318265.743, 99
Trd, 4318266.793, 95
Trd, 4318268.293, 96
Trd, 4318268.593, 105
Trd, 4318269.393, 97
Trd, 4318271.093, 89
Trd, 4318272.393, 91
Trd, 4318272.543, 92
Trd, 4318273.543, 95
Trd, 4318275.043, 92
Trd, 4318275.443, 98
Trd, 4318278.743, 92
Trd, 4318280.043, 106
Trd, 4318280.293, 101
Trd, 4318280.743, 97
Trd, 4318281.843, 105
Trd, 4318282.443, 107
Trd, 4318284.193, 98
Trd, 4318284.443, 79
Trd, 4318285.593, 93
Trd, 4318287.043, 82
Trd, 4318287.193, 95
Trd, 4318288.843, 76
Trd, 4318288.993, 95
Trd, 4318292.393, 90
Trd, 4318293.593, 85
Trd, 4318294.043, 105
Trd, 4318295.343, 113
Trd, 4318298.093, 92
Trd, 4318298.443, 93
Trd, 4318299.443, 96
Trd, 4318299.793, 92
Trd, 4318300.243, 92
Trd, 4318301.243, 93
Trd, 4318301.443, 84
Trd, 4318305.243, 93
Trd, 4318305.593, 91
Trd, 4318305.643, 96
Trd, 4318306.143, 104
Trd, 4318307.293, 90
Trd, 4318307.943, 84
Trd, 4318308.043, 83
Trd, 4318309.543, 100
Trd, 4318311.193, 84
Trd, 4318313.343, 86
Trd, 4318313.843, 83
Trd, 4318314.493, 83
Trd, 4318315.993, 91
Trd, 4318316.743, 101
Trd, 4318317.843, 90
Trd, 4318320.693, 111
Trd, 4318322.493, 102
Trd, 4318322.643, 101
Trd, 4318323.443, 104
Trd, 4318324.143, 93
Trd, 4318324.893, 98
Trd, 4318326.593, 98
Trd, 4318327.043, 101
Trd, 4318327.943, 101
Trd, 4318329.193, 97
Trd, 4318330.093, 97
Trd, 4318332.843, 98
Trd, 4318333.043, 93
Trd, 4318333.143, 82
Trd, 4318335.043, 98
Trd, 4318335.393, 95
Trd, 4318337.043, 94
Trd, 4318339.443, 96
Trd, 4318339.593, 93
Trd, 4318339.643, 93
Trd, 4318343.193, 96
Trd, 4318346.093, 95
Trd, 4318347.043, 96
Trd, 4318348.093, 104
Trd, 4318349.193, 95
Trd, 4318352.093, 94
Trd, 4318352.193, 97
Trd, 4318353.693, 94
Trd, 4318353.743, 93
Trd, 4318354.043, 104
Trd, 4318354.293, 102
Trd, 4318356.443, 93
Trd, 4318357.493, 93
Trd, 4318358.943, 84
Trd, 4318360.093, 93
Trd, 4318362.843, 92
Trd, 4318362.893, 105
Trd, 4318363.143, 113
Trd, 4318365.493, 107
Trd, 4318366.093, 92
Trd, 4318368.443, 96
Trd, 4318369.093, 103
Trd, 4318371.693, 99
Trd, 4318372.293, 100
Trd, 4318375.243, 98
Trd, 4318375.543, 95
Trd, 4318375.993, 100
Trd, 4318378.593, 99
Trd, 4318381.443, 98
Trd, 4318382.443, 100
Trd, 4318383.993, 97
Trd, 4318384.143, 94
Trd, 4318386.943, 98
Trd, 4318387.443, 94
Trd, 4318388.043, 93
Trd, 4318388.893, 98
Trd, 4318389.143, 92
Trd, 4318389.393, 105
Trd, 4318390.693, 100
Trd, 4318391.843, 91
Trd, 4318393.093, 91
Trd, 4318394.693, 85
Trd, 4318397.043, 97
Trd, 4318397.743, 92
Trd, 4318398.043, 105
Trd, 4318399.343, 98
Trd, 4318400.543, 91
Trd, 4318401.043, 98
Trd, 4318402.893, 90
Trd, 4318403.943, 87
Trd, 4318404.693, 99
Trd, 4318405.693, 89
Trd, 4318405.893, 96
Trd, 4318407.143, 94
Trd, 4318408.993, 100
Trd, 4318409.543, 105
Trd, 4318411.943, 91
Trd, 4318412.143, 102
Trd, 4318413.293, 101
Trd, 4318414.293, 102
Trd, 4318415.093, 101
Trd, 4318415.943, 94
Trd, 4318416.243, 91
Trd, 4318420.243, 98
Trd, 4318420.893, 100
Trd, 4318420.943, 94
Trd, 4318421.043, 93
Trd, 4318424.043, 96
Trd, 4318424.593, 93
Trd, 4318425.843, 92
Trd, 4318426.143, 97
Trd, 4318427.043, 91
Trd, 4318427.693, 91
Trd, 4318429.443, 98
Trd, 4318429.843, 104
Trd, 4318430.393, 92
Trd, 4318432.543, 91
Trd, 4318432.593, 99
Trd, 4318433.543, 99
Trd, 4318434.793, 120
Trd, 4318436.643, 109
Trd, 4318438.893, 108
Trd, 4318439.493, 102
Trd, 4318439.993, 102
Trd, 4318442.643, 107
Trd, 4318443.243, 110
Trd, 4318443.993, 103
Trd, 4318444.343, 104
Trd, 4318444.943, 102
Trd, 4318447.343, 104
Trd, 4318447.943, 101
Trd, 4318447.993, 102
Trd, 4318448.143, 92
Trd, 4318448.743, 105
Trd, 4318452.743, 97
Trd, 4318452.943, 84
Trd, 4318453.443, 90
Trd, 4318453.793, 102
Trd, 4318456.393, 104
Trd, 4318456.643, 106
Trd, 4318457.343, 104
Trd, 4318460.643, 96
Trd, 4318461.093, 94
Trd, 4318463.043, 99
Trd, 4318464.043, 96
Trd, 4318464.143, 95
Trd, 4318464.793, 94
Trd, 4318468.093, 96
Trd, 4318468.693, 96
Trd, 4318469.243, 93
Trd, 4318469.593, 93
Trd, 4318471.043, 96
Trd, 4318472.243, 92
Trd, 4318472.693, 91
Trd, 4318474.293, 105
Trd, 4318475.693, 98
Trd, 4318476.593, 94
Trd, 4318477.243, 85
Trd, 4318477.793, 76
Trd, 4318480.493, 95
Trd, 4318481.443, 88
Trd, 4318481.993, 97
Trd, 4318482.843, 105
Trd, 4318484.293, 98
Trd, 4318484.643, 101
Trd, 4318487.593, 106
Trd, 4318487.893, 99
Trd, 4318490.543, 99
Trd, 4318491.643, 100
Trd, 4318492.593, 99
Trd, 4318494.343, 98
Trd, 4318494.643, 100
Trd, 4318495.193, 101
Trd, 4318496.243, 94
Trd, 4318497.043, 84
Trd, 4318497.793, 104
Trd, 4318499.843, 95
Trd, 4318502.393, 100
Trd, 4318503.943, 96
Trd, 4318504.343, 99
Trd, 4318506.993, 94
Trd, 4318507.743, 93
Trd, 4318508.943, 92
Trd, 4318510.393, 96
Trd, 4318510.443, 99
Trd, 4318512.193, 98
Trd, 4318513.543, 91
Trd, 4318513.893, 84
Trd, 4318515.193, 93
Trd, 4318518.443, 87
Trd, 4318518.793, 98
Trd, 4318519.293, 105
Trd, 4318519.793, 108
Trd, 4318520.043, 86
Trd, 4318520.793, 85
Trd, 4318522.193, 94
Trd, 4318525.593, 95
Trd, 4318525.843, 96
Trd, 4318526.693, 113
Trd, 4318527.543, 93
Trd, 4318529.343, 93
Trd, 4318529.693, 109
Trd, 4318529.793, 106
Trd, 4318530.443, 111
Trd, 4318531.743, 84
Trd, 4318533.493, 101
Trd, 4318535.193, 101
Trd, 4318536.493, 99
Trd, 4318536.843, 104
Trd, 4318538.543, 97
Trd, 4318539.043, 100
Trd, 4318541.093, 91
Trd, 4318543.393, 94
Trd, 4318543.643, 99
Trd, 4318546.393, 99
Trd, 4318546.543, 93
Trd, 4318549.043, 99
Trd, 4318550.393, 105
Trd, 4318551.843, 103
Trd, 4318552.693, 100
Trd, 4318554.743, 101
Trd, 4318556.393, 100
Trd, 4318556.993, 104
Trd, 4318557.743, 98
Trd, 4318558.993, 101
Trd, 4318559.343, 106
Trd, 4318559.643, 100
Trd, 4318561.293, 105
Trd, 4318561.443, 94
Trd, 4318563.543, 97
Trd, 4318563.793, 83
Trd, 4318565.093, 104
Trd, 4318565.193, 91
Trd, 4318567.193, 83
Trd, 4318568.043, 98
Trd, 4318570.093, 96
Trd, 4318571.243, 95
Trd, 4318572.393, 98
Trd, 4318572.593, 94
Trd, 4318572.693, 99
Trd, 4318574.543, 109
Trd, 4318575.343, 106
Trd, 4318576.193, 106
Trd, 4318577.893, 82
Trd, 4318579.143, 96
Trd, 4318580.643, 104
Trd, 4318580.693, 106
Trd, 4318581.243, 100
Trd, 4318582.293, 94
Trd, 4318582.993, 105
Trd, 4318584.843, 103
Trd, 4318586.993, 103
Trd, 4318588.093, 99
Trd, 4318588.143, 88
Trd, 4318589.343, 95
Trd, 4318590.293, 81
Trd, 4318590.393, 95
Trd, 4318592.293, 93
Trd, 4318593.193, 98
Trd, 4318595.893, 99
Trd, 4318598.243, 99
Trd, 4318598.593, 93
Trd, 4318599.093, 92
Trd, 4318599.343, 98
Trd, 4318601.993, 92
Trd, 4318602.343, 96
Trd, 4318603.493, 96
Trd, 4318603.543, 93
Trd, 4318604.143, 91
Trd, 4318605.993, 104
Trd, 4318608.493, 93
Trd, 4318608.743, 98
Trd, 4318609.393, 101
Trd, 4318611.143, 98
Trd, 4318611.393, 93
Trd, 4318613.743, 92
Trd, 4318613.993, 96
Trd, 4318615.393, 92
Trd, 4318615.893, 104
Trd, 4318617.943, 85
Trd, 4318619.343, 96
Trd, 4318621.893, 98
Trd, 4318622.493, 90
Trd, 4318624.093, 96
Trd, 4318624.543, 92
Trd, 4318626.643, 92
Trd, 4318627.143, 95
Trd, 4318627.743, 84
Trd, 4318628.193, 88
Trd, 4318629.993, 95
Trd, 4318630.143, 79
Trd, 4318633.493, 96
Trd, 4318636.593, 95
Trd, 4318637.243, 86
Trd, 4318637.743, 97
Trd, 4318638.443, 88
Trd, 4318639.893, 94
Trd, 4318640.343, 105
Trd, 4318642.393, 85
Trd, 4318644.193, 85
Trd, 4318645.093, 87
Trd, 4318645.893, 91
Trd, 4318646.243, 96
Trd, 4318647.343, 84
Trd, 4318649.543, 91
Trd, 4318650.993, 86
Trd, 4318652.593, 86
Trd, 4318653.193, 89
Trd, 4318653.343, 96
Trd, 4318655.393, 85
Trd, 4318656.493, 87
Trd, 4318657.993, 89
Trd, 4318660.143, 88
Trd, 4318660.543, 105
Trd, 4318663.093, 100
Trd, 4318664.343, 104
Trd, 4318665.843, 95
Trd, 4318667.243, 91
Trd, 4318667.993, 95
Trd, 4318668.193, 90
Trd, 4318672.493, 91
Trd, 4318673.593, 95
Trd, 4318673.793, 91
Trd, 4318674.843, 99
Trd, 4318675.343, 94
Trd, 4318676.443, 94
Trd, 4318678.293, 76
Trd, 4318678.393, 104
Trd, 4318678.693, 77
Trd, 4318680.643, 91
Trd, 4318681.393, 91
Trd, 4318681.693, 101
Trd, 4318683.243, 113
Trd, 4318684.843, 96
Trd, 4318685.443, 105
Trd, 4318687.593, 94
Trd, 4318688.093, 93
Trd, 4318688.293, 78
Trd, 4318689.093, 96
Trd, 4318690.793, 94
Trd, 4318692.443, 93
Trd, 4318694.043, 96
Trd, 4318695.043, 92
Trd, 4318695.593, 91
Trd, 4318695.743, 102
Trd, 4318697.893, 99
Trd, 4318698.143, 105
Trd, 4318698.493, 97
Trd, 4318700.743, 93
Trd, 4318701.593, 104
Trd, 4318703.543, 98
Trd, 4318704.043, 95
Trd, 4318704.193, 93
Trd, 4318706.093, 93
Trd, 4318707.843, 96
Trd, 4318708.193, 97
Trd, 4318708.243, 97
Trd, 4318708.693, 100
Trd, 4318710.543, 92
Trd, 4318713.043, 98
Trd, 4318713.443, 104
Trd, 4318715.343, 94
Trd, 4318715.893, 93
Trd, 4318716.693, 98
Trd, 4318718.843, 95
Trd, 4318721.193, 93
Trd, 4318722.443, 112
Trd, 4318723.043, 111
Trd, 4318723.493, 113
Trd, 4318724.443, 101
Trd, 4318725.193, 94
Trd, 4318727.943, 101
Trd, 4318729.393, 99
Trd, 4318730.243, 102
Trd, 4318730.293, 93
Trd, 4318731.243, 101
Trd, 4318731.793, 96
Trd, 4318733.393, 99
Trd, 4318733.443, 95
Trd, 4318733.893, 103
Trd, 4318734.493, 104
Trd, 4318737.343, 111
Trd, 4318737.643, 106
Trd, 4318738.843, 103
Trd, 4318739.243, 87
Trd, 4318739.543, 103
Trd, 4318742.193, 101
Trd, 4318744.243, 101
Trd, 4318747.093, 98
Trd, 4318747.343, 94
Trd, 4318747.943, 87
Trd, 4318750.393, 99
Trd, 4318752.293, 92
Trd, 4318753.543, 98
Trd, 4318753.693, 91
Trd, 4318754.693, 104
Trd, 4318756.243, 100
Trd, 4318757.693, 91
Trd, 4318759.143, 91
Trd, 4318759.693, 100
Trd, 4318760.193, 94
Trd, 4318760.893, 104
Trd, 4318762.693, 94
Trd, 4318763.793, 85
Trd, 4318764.743, 89
Trd, 4318765.543, 93
Trd, 4318766.043, 99
Trd, 4318767.043, 92
Trd, 4318771.043, 92
Trd, 4318771.243, 92
Trd, 4318771.693, 98
Trd, 4318772.093, 84
Trd, 4318772.143, 105
Trd, 4318775.893, 93
Trd, 4318776.093, 88
Trd, 4318776.493, 94
Trd, 4318777.793, 95
Trd, 4318779.143, 96
Trd, 4318779.693, 95
Trd, 4318779.793, 93
Trd, 4318783.493, 93
Trd, 4318784.893, 95
Trd, 4318786.293, 105
Trd, 4318787.093, 92
Trd, 4318787.393, 91
Trd, 4318787.693, 82
Trd, 4318788.793, 86
Trd, 4318790.743, 100
Trd, 4318791.593, 89
Trd, 4318792.043, 96
Trd, 4318793.793, 101
Trd, 4318796.893, 95
Trd, 4318797.543, 95
Trd, 4318799.093, 96
Trd, 4318800.543, 96
Trd, 4318801.793, 94
Trd, 4318801.993, 94
Trd, 4318802.693, 105
Trd, 4318803.493, 105
Trd, 4318803.943, 91
Trd, 4318804.243, 89
Trd, 4318806.843, 93
Trd, 4318807.043, 92
Trd, 4318809.493, 85
Trd, 4318809.943, 95
Trd, 4318811.043, 88
Trd, 4318811.343, 103
Trd, 4318813.093, 92
Trd, 4318815.543, 97
Trd, 4318816.843, 97
Trd, 4318817.243, 82
Trd, 4318817.293, 100
Trd, 4318818.493, 113
Trd, 4318818.893, 82
Trd, 4318820.443, 94
Trd, 4318820.693, 95
Trd, 4318822.743, 93
Trd, 4318823.143, 106
Trd, 4318824.843, 90
Trd, 4318826.143, 93
Trd, 4318830.593, 91
Trd, 4318830.693, 90
Trd, 4318831.343, 93
Trd, 4318831.443, 96
Trd, 4318832.193, 106
Trd, 4318834.843, 89
Trd, 4318837.993, 93
Trd, 4318838.293, 95
Trd, 4318839.843, 112
Trd, 4318840.693, 98
Trd, 4318841.293, 97
Trd, 4318842.243, 88
Trd, 4318843.593, 107
Trd, 4318845.893, 87
Trd, 4318847.443, 99
Trd, 4318847.593, 85
Trd, 4318849.293, 97
Trd, 4318850.193, 95
Trd, 4318851.993, 94
Trd, 4318853.193, 95
Trd, 4318853.693, 97
Trd, 4318854.843, 95
Trd, 4318855.793, 110
Trd, 4318856.093, 94
Trd, 4318857.393, 108
Trd, 4318858.543, 106
Trd, 4318858.893, 103
Trd, 4318859.343, 83
Trd, 4318861.743, 95
Trd, 4318863.043, 94
Trd, 4318863.593, 95
Trd, 4318865.093, 95
Trd, 4318865.643, 93
Trd, 4318866.293, 96
Trd, 4318867.443, 92
Trd, 4318867.543, 91
Trd, 4318869.693, 85
Trd, 4318870.293, 95
Trd, 4318871.193, 86
Trd, 4318873.893, 103
Trd, 4318875.943, 102
Trd, 4318876.693, 101
Trd, 4318877.093, 100
Trd, 4318878.993, 100
Trd, 4318880.443, 104
Trd, 4318880.643, 100
Trd, 4318881.843, 99
Trd, 4318882.143, 92
Trd, 4318882.393, 94
Trd, 4318884.393, 85
Trd, 4318884.993, 100
Trd, 4318886.143, 113
Trd, 4318887.343, 90
Trd, 4318889.793, 90
Trd, 4318889.843, 89
Trd, 4318890.593, 83
Trd, 4318894.893, 86
Trd, 4318895.993, 89
Trd, 4318901.543, 89
Trd, 4318901.893, 88
Trd, 4318902.043, 87
Trd, 4318902.093, 90
Trd, 4318903.443, 89
Trd, 4318904.243, 88
Trd, 4318905.893, 108
Trd, 4318907.843, 86
Trd, 4318907.943, 90
Trd, 4318910.343, 85
Trd, 4318910.893, 89
Trd, 4318911.043, 88
Trd, 4318912.043, 88
Trd, 4318914.993, 88
Trd, 4318915.943, 88
Trd, 4318917.143, 88
Trd, 4318918.443, 88
Trd, 4318920.843, 87
Trd, 4318922.793, 88
Trd, 4318923.193, 95
Trd, 4318923.643, 89
Trd, 4318924.293, 95
Trd, 4318924.443, 90
Trd, 4318925.793, 91
Trd, 4318926.393, 84
Trd, 4318930.093, 91
Trd, 4318932.043, 94
Trd, 4318933.393, 93
Trd, 4318934.243, 92
Trd, 4318934.343, 95
Trd, 4318935.793, 113
Trd, 4318935.943, 101
Trd, 4318935.993, 90
Trd, 4318937.043, 96
Trd, 4318938.293, 62
Trd, 4318940.093, 100
Trd, 4318940.693, 105
Trd, 4318942.093, 105
Trd, 4318942.543, 88
Trd, 4318943.743, 98
Trd, 4318943.993, 91
Trd, 4318944.093, 87
Trd, 4318945.693, 106
Trd, 4318947.493, 86
Trd, 4318949.243, 95
Trd, 4318949.943, 95
Trd, 4318950.493, 87
Trd, 4318952.693, 86
Trd, 4318953.843, 95
Trd, 4318954.243, 102
Trd, 4318955.043, 96
Trd, 4318955.693, 96
Trd, 4318956.243, 96
Trd, 4318957.993, 84
Trd, 4318959.143, 88
Trd, 4318959.793, 95
Trd, 4318960.643, 89
Trd, 4318964.943, 93
Trd, 4318965.093, 96
Trd, 4318966.843, 104
Trd, 4318967.543, 102
Trd, 4318969.593, 102
Trd, 4318970.543, 94
Trd, 4318971.093, 106
Trd, 4318972.843, 98
Trd, 4318973.293, 97
Trd, 4318974.293, 93
Trd, 4318975.393, 90
Trd, 4318975.893, 96
Trd, 4318978.393, 95
Trd, 4318978.543, 93
Trd, 4318981.793, 97
Trd, 4318983.043, 95
Trd, 4318983.143, 93
Trd, 4318983.243, 107
Trd, 4318985.143, 94
Trd, 4318985.343, 93
Trd, 4318985.993, 96
Trd, 4318986.643, 98
Trd, 4318987.143, 85
Trd, 4318989.143, 91
Trd, 4318996.143, 89
Trd, 4318996.843, 107
Trd, 4318997.543, 89
Trd, 4318997.693, 87
Trd, 4318998.793, 96
Trd, 4319001.543, 88
Trd, 4319003.943, 87
Trd, 4319005.243, 92
Trd, 4319007.393, 89
Trd, 4319007.593, 92
Trd, 4319007.693, 86
Trd, 4319009.593, 95
Trd, 4319011.043, 92
Trd, 4319011.143, 96
Trd, 4319012.843, 86
Trd, 4319014.993, 92
Trd, 4319016.243, 96
Trd, 4319016.393, 90
Trd, 4319018.193, 92
Trd, 4319018.593, 89
Trd, 4319019.293, 88
Trd, 4319020.293, 106
Trd, 4319022.593, 110
Trd, 4319022.893, 100
Trd, 4319025.693, 100
Trd, 4319026.493, 100
Trd, 4319026.543, 106
Trd, 4319028.243, 107
Trd, 4319028.443, 99
Trd, 4319028.493, 113
Trd, 4319031.593, 94
Trd, 4319034.793, 95
Trd, 4319035.093, 99
Trd, 4319035.293, 93
Trd, 4319036.893, 93
Trd, 4319038.743, 92
Trd, 4319039.693, 97
Trd, 4319040.493, 91
Trd, 4319041.643, 104
Trd, 4319042.943, 99
Trd, 4319044.093, 109
Trd, 4319044.293, 109
Trd, 4319044.543, 113
Trd, 4319046.443, 103
Trd, 4319048.143, 111
Trd, 4319050.943, 90
Trd, 4319051.043, 100
Trd, 4319051.643, 98
Trd, 4319054.093, 97
Trd, 4319054.693, 98
Trd, 4319057.343, 99
Trd, 4319057.393, 97
Trd, 4319060.543, 100
Trd, 4319060.943, 96
Trd, 4319061.843, 96
Trd, 4319062.343, 100
Trd, 4319062.993, 85
Trd, 4319065.643, 100
Trd, 4319067.293, 111
Trd, 4319068.843, 95
Trd, 4319069.243, 90
Trd, 4319070.443, 96
Trd, 4319071.793, 98
Trd, 4319072.843, 93
Trd, 4319075.243, 113
Trd, 4319075.593, 111
Trd, 4319076.643, 102
Trd, 4319077.543, 110
Trd, 4319078.743, 105
Trd, 4319078.943, 110
Trd, 4319081.443, 103
Trd, 4319082.593, 92
Trd, 4319083.893, 97
Trd, 4319084.543, 97
Trd, 4319085.243, 98
Trd, 4319085.493, 107
Trd, 4319087.893, 99
Trd, 4319088.143, 99
Trd, 4319088.943, 104
Trd, 4319089.893, 92
Trd, 4319090.193, 91
Trd, 4319090.543, 105
Trd, 4319095.243, 94
Trd, 4319096.393, 100
Trd, 4319096.543, 94
Trd, 4319098.143, 97
Trd, 4319102.093, 98
Trd, 4319102.893, 93
Trd, 4319103.093, 98
Trd, 4319104.393, 96
Trd, 4319106.043, 95
Trd, 4319106.793, 94
Trd, 4319107.893, 95
Trd, 4319109.393, 94
Trd, 4319109.443, 95
Trd, 4319110.193, 93
Trd, 4319111.543, 93
Trd, 4319111.743, 95
Trd, 4319113.743, 93
Trd, 4319114.443, 95
Trd, 4319114.743, 95
Trd, 4319115.093, 105
Trd, 4319117.043, 92
Trd, 4319118.193, 98
Trd, 4319120.243, 98
Trd, 4319120.343, 99
Trd, 4319121.043, 94
Trd, 4319122.293, 106
Trd, 4319123.693, 95
Trd, 4319126.543, 98
Trd, 4319127.043, 94
Trd, 4319129.043, 96
Trd, 4319129.393, 95
Trd, 4319129.693, 94
Trd, 4319132.843, 93
Trd, 4319133.093, 98
Trd, 4319133.143, 107
Trd, 4319136.393, 107
Trd, 4319137.143, 93
Trd, 4319137.643, 99
Trd, 4319138.043, 92
Trd, 4319138.643, 87
Trd, 4319140.243, 93
Trd, 4319141.443, 88
Trd, 4319143.443, 96
Trd, 4319143.693, 100
Trd, 4319144.593, 95
Trd, 4319144.943, 104
Trd, 4319146.393, 98
Trd, 4319147.643, 91
Trd, 4319147.793, 87
Trd, 4319148.193, 95
Trd, 4319150.893, 82
Trd, 4319151.043, 104
Trd, 4319152.493, 81
Trd, 4319152.993, 94
Trd, 4319154.093, 95
Trd, 4319156.543, 96
Trd, 4319156.793, 89
Trd, 4319157.593, 93
Trd, 4319163.543, 89
Trd, 4319163.743, 93
Trd, 4319166.043, 97
Trd, 4319166.743, 91
Trd, 4319167.543, 104
Trd, 4319167.743, 89
Trd, 4319170.243, 95
Trd, 4319171.193, 91
Trd, 4319171.443, 85
Trd, 4319174.943, 94
Trd, 4319175.343, 104
Trd, 4319175.393, 92
Trd, 4319178.093, 100
Trd, 4319178.293, 95
Trd, 4319179.543, 96
Trd, 4319180.243, 83
Trd, 4319180.293, 76
Trd, 4319182.593, 96
Trd, 4319182.843, 95
Trd, 4319184.193, 90
Trd, 4319185.043, 98
Trd, 4319186.193, 96
Trd, 4319186.243, 104
Trd, 4319188.443, 101
Trd, 4319188.643, 92
Trd, 4319189.943, 91
Trd, 4319189.993, 85
Trd, 4319191.743, 113
Trd, 4319192.643, 109
Trd, 4319194.093, 101
Trd, 4319195.043, 99
Trd, 4319195.743, 98
Trd, 4319195.793, 113
Trd, 4319197.943, 103
Trd, 4319199.743, 98
Trd, 4319200.943, 94
Trd, 4319201.443, 101
Trd, 4319202.143, 94
Trd, 4319204.393, 100
Trd, 4319204.993, 95
Trd, 4319205.843, 100
Trd, 4319206.993, 98
Trd, 4319207.043, 98
Trd, 4319207.543, 85
Trd, 4319207.693, 90
Trd, 4319208.143, 84
Trd, 4319211.893, 97
Trd, 4319214.193, 100
Trd, 4319214.493, 87
Trd, 4319214.743, 89
Trd, 4319215.543, 102
Trd, 4319216.893, 93
Trd, 4319217.293, 106
Trd, 4319219.993, 94
Trd, 4319220.893, 100
Trd, 4319221.093, 94
Trd, 4319222.843, 107
Trd, 4319224.493, 107
Trd, 4319224.643, 102
Trd, 4319226.093, 103
Trd, 4319226.543, 101
Trd, 4319227.243, 103
Trd, 4319228.543, 92
Trd, 4319230.243, 97
Trd, 4319230.693, 100
Trd, 4319232.143, 99
Trd, 4319232.243, 95
Trd, 4319233.943, 99
Trd, 4319236.293, 105
Trd, 4319237.293, 100
Trd, 4319238.643, 106
Trd, 4319238.743, 94
Trd, 4319239.293, 107
Trd, 4319242.193, 82
Trd, 4319242.543, 97
Trd, 4319244.043, 99
Trd, 4319244.593, 95
Trd, 4319245.743, 107
Trd, 4319247.393, 94
Trd, 4319248.443, 94
Trd, 4319250.193, 93
Trd, 4319250.243, 95
Trd, 4319251.743, 95
Trd, 4319251.843, 81
Trd, 4319252.193, 95
Trd, 4319253.193, 99
Trd, 4319253.593, 86
Trd, 4319257.893, 96
Trd, 4319258.243, 106
Trd, 4319259.293, 97
Trd, 4319260.793, 109
Trd, 4319261.043, 96
Trd, 4319261.093, 96
Trd, 4319263.543, 113
Trd, 4319264.243, 102
Trd, 4319264.943, 94
Trd, 4319266.843, 102
Trd, 4319267.993, 104
Trd, 4319269.793, 94
Trd, 4319270.043, 92
Trd, 4319271.293, 91
Trd, 4319271.993, 100
Trd, 4319274.393, 92
Trd, 4319275.093, 104
Trd, 4319276.093, 100
Trd, 4319276.293, 96
Trd, 4319277.043, 100
Trd, 4319278.193, 96
Trd, 4319279.093, 98
Trd, 4319280.793, 98
Trd, 4319282.443, 96
Trd, 4319282.743, 85
Trd, 4319284.243, 96
Trd, 4319284.943, 91
Trd, 4319285.843, 91
Trd, 4319286.743, 96
Trd, 4319287.343, 84
Trd, 4319287.743, 97
Trd, 4319291.543, 91
Trd, 4319293.043, 92
Trd, 4319293.393, 95
Trd, 4319293.693, 104
Trd, 4319293.893, 90
Trd, 4319294.793, 104
Trd, 4319296.643, 91
Trd, 4319297.443, 104
Trd, 4319299.093, 111
Trd, 4319300.093, 103
Trd, 4319300.943, 101
Trd, 4319303.843, 100
Trd, 4319304.493, 100
Trd, 4319305.493, 99
Trd, 4319307.243, 100
Trd, 4319307.493, 98
Trd, 4319307.893, 104
Trd, 4319309.093, 83
Trd, 4319310.693, 100
Trd, 4319310.943, 89
Trd, 4319314.743, 97
Trd, 4319314.893, 97
Trd, 4319315.843, 89
Trd, 4319316.193, 82
Trd, 4319316.593, 96
Trd, 4319317.443, 85
Trd, 4319318.443, 105
Trd, 4319319.743, 92
Trd, 4319321.293, 95
Trd, 4319321.743, 104
Trd, 4319324.943, 96
Trd, 4319327.043, 96
Trd, 4319327.093, 94
Trd, 4319328.693, 100
Trd, 4319329.593, 104
Trd, 4319331.143, 94
Trd, 4319331.443, 93
Trd, 4319332.993, 95
Trd, 4319333.843, 92
Trd, 4319335.643, 91
Trd, 4319336.993, 91
Trd, 4319337.793, 94
Trd, 4319337.993, 91
Trd, 4319338.593, 95
Trd, 4319342.693, 91
Trd, 4319344.893, 94
Trd, 4319345.193, 93
Trd, 4319346.643, 92
Trd, 4319346.943, 92
Trd, 4319348.393, 96
Trd, 4319349.143, 94
Trd, 4319350.543, 91
Trd, 4319352.993, 90
Trd, 4319353.693, 89
Trd, 4319353.793, 104
Trd, 4319353.993, 85
Trd, 4319354.243, 93
Trd, 4319354.593, 101
Trd, 4319358.093, 93
Trd, 4319359.093, 93
Trd, 4319360.343, 99
Trd, 4319361.393, 94
Trd, 4319362.193, 98
Trd, 4319362.293, 97
Trd, 4319363.443, 95
Trd, 4319363.843, 104
Trd, 4319365.743, 95
Trd, 4319368.043, 104
Trd, 4319368.593, 98
Trd, 4319368.693, 94
Trd, 4319369.593, 104
Trd, 4319370.843, 104
Trd, 4319371.093, 99
Trd, 4319372.093, 87
Trd, 4319372.443, 84
Trd, 4319374.243, 90
Trd, 4319375.143, 95
Trd, 4319377.043, 95
Trd, 4319379.193, 104
Trd, 4319379.893, 93
Trd, 4319380.543, 92
Trd, 4319381.693, 96
Trd, 4319382.293, 99
Trd, 4319383.393, 88
Trd, 4319384.293, 105
Trd, 4319385.243, 102
Trd, 4319387.943, 103
Trd, 4319388.243, 102
Trd, 4319388.843, 100
Trd, 4319390.143, 92
Trd, 4319390.893, 82
Trd, 4319391.443, 104
Trd, 4319392.793, 92
Trd, 4319392.993, 102
Trd, 4319394.693, 105
Trd, 4319396.243, 108
Trd, 4319396.543, 102
Trd, 4319397.393, 107
Trd, 4319398.293, 104
Trd, 4319398.643, 103
Trd, 4319399.393, 92
Trd, 4319402.243, 98
Trd, 4319404.143, 104
Trd, 4319404.643, 98
Trd, 4319407.093, 94
Trd, 4319407.993, 95
Trd, 4319408.993, 100
Trd, 4319409.193, 101
Trd, 4319411.943, 113
Trd, 4319412.243, 94
Trd, 4319413.543, 101
Trd, 4319415.493, 101
Trd, 4319416.093, 100
Trd, 4319418.293, 102
Trd, 4319419.443, 103
Trd, 4319419.843, 100
Trd, 4319420.043, 102
Trd, 4319420.443, 102
Trd, 4319422.493, 99
Trd, 4319423.493, 94
Trd, 4319423.793, 80
Trd, 4319425.643, 90
Trd, 4319426.193, 104
Trd, 4319427.793, 92
Trd, 4319428.743, 91
Trd, 4319430.193, 101
Trd, 4319431.093, 92
Trd, 4319433.343, 101
Trd, 4319434.593, 101
Trd, 4319434.693, 113
Trd, 4319434.993, 93
Trd, 4319435.843, 93
Trd, 4319439.193, 94
Trd, 4319441.943, 100
Trd, 4319444.693, 94
Trd, 4319444.743, 102
Trd, 4319444.793, 93
Trd, 4319447.693, 101
Trd, 4319448.743, 101
Trd, 4319449.943, 103
Trd, 4319450.293, 100
Trd, 4319450.543, 104
Trd, 4319450.743, 97
Trd, 4319451.043, 93
Trd, 4319453.743, 95
Trd, 4319456.493, 98
Trd, 4319457.543, 94
Trd, 4319458.393, 99
Trd, 4319459.193, 95
Trd, 4319462.043, 99
Trd, 4319463.043, 100
Trd, 4319463.443, 97
Trd, 4319464.293, 102
Trd, 4319465.243, 96
Trd, 4319465.993, 93
Trd, 4319466.743, 99
Trd, 4319467.843, 95
Trd, 4319468.243, 100
Trd, 4319470.843, 104
Trd, 4319471.893, 93
Trd, 4319473.693, 93
Trd, 4319473.793, 105
Trd, 4319474.893, 112
Trd, 4319475.493, 102
Trd, 4319475.593, 95
Trd, 4319476.193, 113
Trd, 4319476.343, 91
Trd, 4319478.843, 92
Trd, 4319479.593, 95
Trd, 4319481.143, 99
Trd, 4319482.143, 99
Trd, 4319483.543, 95
Trd, 4319483.643, 95
Trd, 4319484.543, 94
Trd, 4319485.443, 104
Trd, 4319487.393, 95
Trd, 4319488.243, 94
Trd, 4319488.493, 95
Trd, 4319492.643, 94
Trd, 4319492.693, 94
Trd, 4319493.143, 95
Trd, 4319494.143, 93
Trd, 4319494.893, 92
Trd, 4319497.443, 91
Trd, 4319498.743, 79
Trd, 4319498.843, 95
Trd, 4319500.693, 95
Trd, 4319502.093, 92
Trd, 4319502.793, 90
Trd, 4319503.843, 90
Trd, 4319506.143, 95
Trd, 4319506.243, 104
Trd, 4319508.093, 99
Trd, 4319509.443, 96
Trd, 4319509.493, 89
Trd, 4319510.743, 90
Trd, 4319511.043, 98
Trd, 4319512.893, 104
Trd, 4319513.243, 95
Trd, 4319516.193, 97
Trd, 4319517.193, 96
Trd, 4319517.643, 94
Trd, 4319518.493, 97
Trd, 4319520.393, 97
Trd, 4319521.043, 97
Trd, 4319521.143, 94
Trd, 4319522.193, 105
Trd, 4319523.643, 93
Trd, 4319525.093, 92
Trd, 4319525.243, 92
Trd, 4319528.093, 95
Trd, 4319529.693, 95
Trd, 4319530.493, 90
Trd, 4319530.743, 81
Trd, 4319534.093, 94
Trd, 4319534.543, 88
Trd, 4319534.693, 95
Trd, 4319536.943, 94
Trd, 4319537.993, 92
Trd, 4319538.243, 94
Trd, 4319538.343, 92
Trd, 4319539.443, 94
Trd, 4319540.793, 91
Trd, 4319541.293, 84
Trd, 4319542.043, 95
Trd, 4319544.643, 87
Trd, 4319546.393, 93
Trd, 4319546.543, 95
Trd, 4319548.043, 92
Trd, 4319548.243, 93
Trd, 4319549.743, 95
Trd, 4319551.393, 91
Trd, 4319551.693, 93
Trd, 4319552.893, 106
Trd, 4319553.143, 95
Trd, 4319553.893, 95
Trd, 4319554.693, 94
Trd, 4319555.793, 102
Trd, 4319556.243, 94
Trd, 4319559.843, 94
Trd, 4319560.993, 97
Trd, 4319561.493, 99
Trd, 4319562.143, 93
Trd, 4319563.943, 92
Trd, 4319564.793, 90
Trd, 4319566.343, 97
Trd, 4319567.343, 96
Trd, 4319569.343, 96
Trd, 4319569.843, 89
Trd, 4319569.943, 89
Trd, 4319574.743, 88
Trd, 4319575.693, 90
Trd, 4319577.193, 94
Trd, 4319577.593, 96
Trd, 4319577.893, 89
Trd, 4319577.943, 107
Trd, 4319581.343, 95
Trd, 4319582.693, 88
Trd, 4319583.243, 87
Trd, 4319583.393, 96
Trd, 4319585.343, 94
Trd, 4319585.493, 108
Trd, 4319587.543, 87
Trd, 4319589.393, 87
Trd, 4319589.693, 96
Trd, 4319590.143, 108
Trd, 4319592.543, 86
Trd, 4319592.743, 94
Trd, 4319592.893, 102
Trd, 4319594.643, 107
Trd, 4319598.743, 96
Trd, 4319598.993, 96
Trd, 4319600.493, 96
Trd, 4319601.093, 85
Trd, 4319603.043, 84
Trd, 4319605.743, 92
Trd, 4319606.443, 83
Trd, 4319607.193, 82
Trd, 4319607.393, 97
Trd, 4319610.143, 87
Trd, 4319612.543, 90
Trd, 4319613.493, 90
Trd, 4319616.343, 90
Trd, 4319617.243, 81
Trd, 4319617.443, 81
Trd, 4319617.643, 91
Trd, 4319618.193, 96
Trd, 4319619.643, 106
Trd, 4319622.693, 94
Trd, 4319623.193, 93
Trd, 4319623.643, 92
Trd, 4319623.693, 101
Trd, 4319624.493, 94
Trd, 4319625.043, 105
Trd, 4319626.593, 80
Trd, 4319627.093, 107
Trd, 4319629.443, 99
Trd, 4319630.643, 98
Trd, 4319631.393, 97
Trd, 4319631.693, 104
Trd, 4319632.693, 112
Trd, 4319633.843, 103
Trd, 4319636.293, 93
Trd, 4319636.893, 92
Trd, 4319637.543, 87
Trd, 4319638.443, 95
Trd, 4319640.543, 88
Trd, 4319641.193, 93
Trd, 4319642.743, 90
Trd, 4319643.493, 86
Trd, 4319644.443, 88
Trd, 4319644.793, 95
Trd, 4319647.793, 87
Trd, 4319648.843, 92
Trd, 4319650.393, 87
Trd, 4319650.693, 86
Trd, 4319651.043, 96
Trd, 4319651.693, 107
Trd, 4319654.443, 92
Trd, 4319654.693, 96
Trd, 4319654.993, 91
Trd, 4319655.143, 99
Trd, 4319659.343, 91
Trd, 4319659.593, 90
Trd, 4319659.943, 93
Trd, 4319662.393, 89
Trd, 4319662.993, 92
Trd, 4319666.893, 92
Trd, 4319668.243, 108
Trd, 4319670.043, 102
Trd, 4319670.143, 107
Trd, 4319670.343, 88
Trd, 4319671.093, 87
Trd, 4319672.543, 85
Trd, 4319675.893, 93
Trd, 4319676.843, 95
Trd, 4319679.243, 95
Trd, 4319679.593, 95
Trd, 4319679.743, 107
Trd, 4319680.093, 94
Trd, 4319680.293, 94
Trd, 4319682.293, 108
Trd, 4319683.943, 97
Trd, 4319685.393, 97
Trd, 4319685.493, 98
Trd, 4319687.743, 98
Trd, 4319687.793, 100
Trd, 4319688.743, 104
Trd, 4319689.443, 94
Trd, 4319690.043, 94
Trd, 4319692.293, 98
Trd, 4319693.743, 96
Trd, 4319694.343, 105
Trd, 4319694.693, 93
Trd, 4319696.843, 92
Trd, 4319696.993, 113
Trd, 4319699.343, 100
Trd, 4319700.093, 91
Trd, 4319701.243, 91
Trd, 4319702.593, 90
Trd, 4319703.643, 98
Trd, 4319704.293, 98
Trd, 4319705.393, 96
Trd, 4319706.343, 93
Trd, 4319707.443, 95
Trd, 4319708.693, 98
Trd, 4319708.743, 104
Trd, 4319710.943, 104
Trd, 4319711.093, 113
Trd, 4319711.893, 93
Trd, 4319713.443, 92
Trd, 4319713.543, 84
Trd, 4319715.743, 101
Trd, 4319715.893, 98
Trd, 4319718.843, 87
Trd, 4319718.993, 97
Trd, 4319721.193, 86
Trd, 4319724.343, 96
Trd, 4319725.693, 92
Trd, 4319726.093, 96
Trd, 4319726.143, 97
Trd, 4319727.093, 90
Trd, 4319728.793, 92
Trd, 4319730.343, 98
Trd, 4319730.493, 95
Trd, 4319730.743, 96
Trd, 4319733.443, 88
Trd, 4319734.543, 93
Trd, 4319734.993, 85
Trd, 4319735.043, 86
Trd, 4319736.193, 104
Trd, 4319736.993, 101
Trd, 4319738.593, 95
Trd, 4319739.343, 113
Trd, 4319741.743, 100
Trd, 4319744.643, 99
Trd, 4319745.543, 101
Trd, 4319746.993, 98
Trd, 4319747.643, 99
Trd, 4319748.193, 95
Trd, 4319749.643, 97
Trd, 4319750.893, 93
Trd, 4319753.343, 97
Trd, 4319753.693, 104
Trd, 4319753.893, 111
Trd, 4319754.793, 91
Trd, 4319757.243, 96
Trd, 4319758.643, 103
Trd, 4319760.043, 98
Trd, 4319760.193, 96
Trd, 4319760.893, 100
Trd, 4319762.093, 98
Trd, 4319762.293, 96
Trd, 4319763.143, 93
Trd, 4319764.293, 98
Trd, 4319766.543, 94
Trd, 4319767.243, 93
Trd, 4319769.643, 97
Trd, 4319770.293, 97
Trd, 4319770.743, 104
Trd, 4319770.943, 97
Trd, 4319772.043, 113
Trd, 4319772.193, 96
Trd, 4319772.743, 93
Trd, 4319773.243, 82
Trd, 4319774.343, 88
Trd, 4319775.943, 88
Trd, 4319776.393, 94
Trd, 4319777.793, 95
Trd, 4319778.293, 64
Trd, 4319779.893, 111
Trd, 4319781.743, 100
Trd, 4319782.443, 94
Trd, 4319784.343, 96
Trd, 4319784.543, 93
Trd, 4319785.593, 97
Trd, 4319786.743, 94
Trd, 4319788.193, 97
Trd, 4319788.793, 92
Trd, 4319790.293, 91
Trd, 4319791.993, 94
Trd, 4319792.143, 91
Trd, 4319792.343, 94
Trd, 4319794.743, 111
Trd, 4319795.493, 90
Trd, 4319798.893, 93
Trd, 4319799.043, 93
Trd, 4319799.993, 95
Trd, 4319801.893, 90
Trd, 4319803.343, 96
Trd, 4319804.193, 90
Trd, 4319804.893, 89
Trd, 4319805.993, 106
Trd, 4319806.893, 92
Trd, 4319807.943, 96
Trd, 4319808.943, 96
Trd, 4319810.343, 91
Trd, 4319810.993, 89
Trd, 4319811.743, 97
Trd, 4319812.643, 107
Trd, 4319813.793, 85
Trd, 4319814.293, 89
Trd, 4319815.143, 97
Trd, 4319817.043, 97
Trd, 4319817.693, 91
Trd, 4319819.043, 113
Trd, 4319819.493, 93
Trd, 4319820.893, 91
Trd, 4319822.143, 103
Trd, 4319822.743, 98
Trd, 4319823.743, 105
Trd, 4319824.293, 96
Trd, 4319827.343, 97
Trd, 4319827.543, 83
Trd, 4319829.443, 97
Trd, 4319830.293, 99
Trd, 4319831.893, 92
Trd, 4319833.093, 95
Trd, 4319834.943, 92
Trd, 4319836.693, 95
Trd, 4319837.143, 92
Trd, 4319837.643, 93
Trd, 4319838.593, 91
Trd, 4319840.143, 94
Trd, 4319841.443, 95
Trd, 4319841.793, 113
Trd, 4319841.893, 91
Trd, 4319844.393, 90
Trd, 4319847.293, 90
Trd, 4319847.893, 96
Trd, 4319848.543, 109
Trd, 4319849.393, 89
Trd, 4319849.743, 97
Trd, 4319850.393, 97
Trd, 4319853.343, 97
Trd, 4319853.693, 90
Trd, 4319854.593, 89
Trd, 4319855.843, 88
Trd, 4319856.093, 85
Trd, 4319859.743, 96
Trd, 4319859.893, 85
Trd, 4319860.843, 96
Trd, 4319863.543, 102
Trd, 4319864.943, 104
Trd, 4319865.343, 99
Trd, 4319865.393, 96
Trd, 4319866.393, 102
Trd, 4319867.493, 99
Trd, 4319867.643, 94
Trd, 4319868.793, 113
Trd, 4319869.493, 93
Trd, 4319869.643, 101
Trd, 4319869.893, 107
Trd, 4319871.443, 97
Trd, 4319871.793, 97
Trd, 4319872.643, 106
Trd, 4319875.293, 96
Trd, 4319875.443, 106
Trd, 4319875.693, 93
Trd, 4319878.093, 96
Trd, 4319880.693, 98
Trd, 4319881.493, 101
Trd, 4319881.543, 95
Trd, 4319883.143, 99
Trd, 4319883.343, 102
Trd, 4319884.593, 98
Trd, 4319884.893, 109
Trd, 4319886.293, 112
Trd, 4319888.493, 103
Trd, 4319889.093, 94
Trd, 4319889.643, 98
Trd, 4319891.143, 109
Trd, 4319891.993, 97
Trd, 4319892.543, 85
Trd, 4319893.993, 104
Trd, 4319896.493, 92
Trd, 4319898.193, 100
Trd, 4319898.543, 92
Trd, 4319898.793, 104
Trd, 4319898.893, 105
Trd, 4319902.993, 95
Trd, 4319905.743, 92
Trd, 4319907.493, 96
Trd, 4319907.643, 97
Trd, 4319908.093, 92
Trd, 4319908.543, 91
Trd, 4319908.993, 98
Trd, 4319911.293, 96
Trd, 4319911.993, 91
Trd, 4319914.693, 90
Trd, 4319916.443, 96
Trd, 4319916.543, 92
Trd, 4319917.543, 96
Trd, 4319917.843, 92
Trd, 4319918.693, 104
Trd, 4319919.043, 91
Trd, 4319920.243, 104
Trd, 4319921.243, 90
Trd, 4319922.943, 98
Trd, 4319924.443, 91
Trd, 4319925.093, 90
Trd, 4319925.993, 89
Trd, 4319926.843, 95
Trd, 4319927.543, 97
Trd, 4319927.893, 88
Trd, 4319928.043, 83
Trd, 4319929.943, 105
Trd, 4319933.643, 96
Trd, 4319934.493, 96
Trd, 4319935.393, 105
Trd, 4319936.143, 95
Trd, 4319937.543, 97
Trd, 4319939.393, 94
Trd, 4319939.693, 97
Trd, 4319940.493, 94
Trd, 4319941.293, 93
Trd, 4319942.993, 97
Trd, 4319944.343, 95
Trd, 4319946.643, 94
Trd, 4319946.693, 97
Trd, 4319947.443, 92
Trd, 4319949.843, 92
Trd, 4319949.943, 96
Trd, 4319950.093, 92
Trd, 4319953.043, 95
Trd, 4319954.493, 95
Trd, 4319956.643, 93
Trd, 4319957.093, 95
Trd, 4319957.143, 93
Trd, 4319959.193, 96
Trd, 4319960.743, 101
Trd, 4319961.543, 105
Trd, 4319964.893, 92
Trd, 4319966.243, 91
Trd, 4319967.743, 97
Trd, 4319969.543, 90
Trd, 4319970.543, 95
Trd, 4319971.293, 96
Trd, 4319973.893, 105
Trd, 4319974.393, 99
Trd, 4319974.493, 99
Trd, 4319975.793, 95
Trd, 4319975.943, 93
Trd, 4319976.643, 96
Trd, 4319979.593, 94
Trd, 4319980.443, 91
Trd, 4319981.143, 98
Trd, 4319981.393, 105
Trd, 4319984.143, 91
Trd, 4319984.493, 98
Trd, 4319985.243, 90
Trd, 4319986.943, 90
Trd, 4319988.593, 95
Trd, 4319988.893, 88
Trd, 4319990.593, 94
Trd, 4319993.043, 89
Trd, 4319995.393, 93
Trd, 4319995.593, 88
Trd, 4319997.443, 88
Trd, 4319998.093, 96
Trd, 4319998.793, 93
Trd, 4319999.143, 106
