Trd, 4317875.843, 87
Trd, 4317877.043, 82
Trd, 4317877.393, 82
Trd, 4317877.843, 79
Trd, 4317879.593, 95
Trd, 4317881.793, 89
Trd, 4317882.943, 79
Trd, 4317883.393, 105
Trd, 4317886.643, 86
Trd, 4317889.043, 83
Trd, 4317891.293, 83
Trd, 4317891.643, 86
Trd, 4317892.743, 95
Trd, 4317894.093, 79
Trd, 4317894.843, 89
Trd, 4317896.693, 85
Trd, 4317899.293, 86
Trd, 4317899.743, 82
Trd, 4317899.893, 86
Trd, 4317900.843, 87
Trd, 4317903.543, 87
Trd, 4317904.793, 81
Trd, 4317905.993, 86
Trd, 4317906.743, 86
Trd, 4317908.643, 81
Trd, 4317911.243, 86
Trd, 4317911.843, 113
Trd, 4317911.893, 88
Trd, 4317913.243, 81
Trd, 4317913.943, 91
Trd, 4317914.693, 93
Trd, 4317914.943, 111
Trd, 4317915.193, 113
Trd, 4317916.193, 92
Trd, 4317918.393, 94
Trd, 4317918.443, 101
Trd, 4317921.293, 93
Trd, 4317921.743, 98
Trd, 4317921.793, 99
Trd, 4317924.293, 97
Trd, 4317926.393, 96
Trd, 4317927.143, 97
Trd, 4317929.593, 93
Trd, 4317929.693, 96
Trd, 4317932.193, 95
Trd, 4317932.343, 95
Trd, 4317932.993, 92
Trd, 4317933.243, 95
Trd, 4317935.443, 91
Trd, 4317936.193, 94
Trd, 4317938.243, 94
Trd, 4317940.143, 94
Trd, 4317940.793, 95
Trd, 4317941.443, 91
Trd, 4317942.493, 94
Trd, 4317943.693, 95
Trd, 4317947.193, 95
Trd, 4317947.293, 90
Trd, 4317948.493, 95
Trd, 4317950.843, 94
Trd, 4317952.193, 90
Trd, 4317953.593, 95
Trd, 4317954.093, 112
Trd, 4317956.143, 95
Trd, 4317957.443, 89
Trd, 4317959.193, 94
Trd, 4317960.443, 94
Trd, 4317961.393, 93
Trd, 4317964.043, 91
Trd, 4317964.793, 88
Trd, 4317965.593, 92
Trd, 4317968.993, 87
Trd, 4317969.593, 92
Trd, 4317970.093, 95
Trd, 4317970.643, 92
Trd, 4317971.293, 92
Trd, 4317972.343, 88
Trd, 4317973.143, 92
Trd, 4317978.393, 92
Trd, 4317978.743, 92
Trd, 4317979.193, 92
Trd, 4317979.543, 95
Trd, 4317982.843, 88
Trd, 4317983.143, 92
Trd, 4317984.793, 92
Trd, 4317986.593, 89
Trd, 4317986.893, 92
Trd, 4317987.743, 95
Trd, 4317988.293, 105
Trd, 4317991.093, 94
Trd, 4317992.593, 93
Trd, 4317992.893, 94
Trd, 4317994.843, 93
Trd, 4317996.393, 88
Trd, 4317997.243, 95
Trd, 4317998.593, 87
Trd, 4317999.293, 94
Trd, 4317999.943, 111
Trd, 4318002.043, 93
Trd, 4318005.693, 87
Trd, 4318005.893, 92
Trd, 4318006.043, 92
Trd, 4318008.193, 91
Trd, 4318008.793, 90
Trd, 4318009.143, 103
Trd, 4318010.993, 86
Trd, 4318012.843, 86
Trd, 4318014.443, 95
Trd, 4318015.693, 92
Trd, 4318016.643, 92
Trd, 4318017.393, 105
Trd, 4318019.443, 85
Trd, 4318019.993, 94
Trd, 4318021.443, 94
Trd, 4318022.693, 84
Trd, 4318023.093, 94
Trd, 4318023.593, 92
Trd, 4318025.843, 92
Trd, 4318028.393, 91
Trd, 4318030.993, 102
Trd, 4318031.293, 107
Trd, 4318031.843, 83
Trd, 4318032.393, 94
Trd, 4318036.143, 95
Trd, 4318036.743, 82
Trd, 4318040.343, 84
Trd, 4318040.993, 89
Trd, 4318041.193, 92
Trd, 4318043.943, 89
Trd, 4318044.993, 89
Trd, 4318048.043, 89
Trd, 4318048.293, 81
Trd, 4318049.293, 81
Trd, 4318049.693, 89
Trd, 4318051.093, 95
Trd, 4318052.343, 91
Trd, 4318053.743, 104
Trd, 4318055.093, 92
Trd, 4318056.093, 104
Trd, 4318056.293, 92
Trd, 4318058.393, 89
Trd, 4318059.693, 104
Trd, 4318061.593, 94
Trd, 4318062.843, 94
Trd, 4318063.893, 94
Trd, 4318064.593, 94
Trd, 4318066.993, 92
Trd, 4318068.993, 94
Trd, 4318069.143, 95
Trd, 4318072.243, 94
Trd, 4318072.393, 95
Trd, 4318072.743, 92
Trd, 4318075.393, 94
Trd, 4318075.443, 95
Trd, 4318075.843, 112
Trd, 4318077.093, 104
Trd, 4318077.243, 91
Trd, 4318080.793, 95
Trd, 4318080.893, 97
Trd, 4318082.493, 97
Trd, 4318084.693, 96
Trd, 4318085.993, 96
Trd, 4318086.643, 96
Trd, 4318087.343, 94
Trd, 4318087.943, 95
Trd, 4318090.243, 95
Trd, 4318091.243, 95
Trd, 4318091.443, 94
Trd, 4318092.143, 96
Trd, 4318092.693, 95
Trd, 4318096.193, 96
Trd, 4318097.593, 107
Trd, 4318097.993, 96
Trd, 4318098.743, 94
Trd, 4318099.943, 97
Trd, 4318102.643, 96
Trd, 4318103.143, 97
Trd, 4318104.443, 95
Trd, 4318105.643, 92
Trd, 4318106.993, 96
Trd, 4318108.493, 95
Trd, 4318108.693, 95
Trd, 4318110.843, 113
Trd, 4318111.693, 98
Trd, 4318112.543, 100
Trd, 4318113.193, 95
Trd, 4318113.843, 101
Trd, 4318114.643, 105
Trd, 4318115.793, 102
Trd, 4318118.493, 95
Trd, 4318119.093, 95
Trd, 4318119.143, 99
Trd, 4318119.393, 100
Trd, 4318119.543, 85
Trd, 4318124.393, 96
Trd, 4318124.593, 97
Trd, 4318125.093, 104
Trd, 4318125.893, 114
Trd, 4318126.943, 99
Trd, 4318128.793, 102
Trd, 4318128.893, 102
Trd, 4318130.693, 98
Trd, 4318132.143, 100
Trd, 4318133.843, 99
Trd, 4318134.843, 97
Trd, 4318136.043, 98
Trd, 4318136.293, 99
Trd, 4318137.793, 99
Trd, 4318139.093, 94
Trd, 4318139.143, 99
Trd, 4318140.093, 106
Trd, 4318141.843, 96
Trd, 4318142.593, 95
Trd, 4318143.543, 97
Trd, 4318145.493, 97
Trd, 4318146.193, 114
Trd, 4318147.393, 94
Trd, 4318148.543, 99
Trd, 4318149.343, 97
Trd, 4318152.443, 95
Trd, 4318153.093, 95
Trd, 4318153.743, 93
Trd, 4318154.243, 97
Trd, 4318156.093, 95
Trd, 4318156.643, 93
Trd, 4318156.693, 95
Trd, 4318157.793, 111
Trd, 4318159.043, 101
Trd, 4318161.393, 98
Trd, 4318162.193, 92
Trd, 4318163.093, 99
Trd, 4318163.393, 98
Trd, 4318166.693, 96
Trd, 4318167.193, 97
Trd, 4318169.893, 91
Trd, 4318170.793, 104
Trd, 4318171.243, 108
Trd, 4318173.693, 101
Trd, 4318174.143, 103
Trd, 4318174.493, 90
Trd, 4318176.593, 99
Trd, 4318178.393, 95
Trd, 4318179.693, 90
Trd, 4318180.243, 95
Trd, 4318180.443, 95
Trd, 4318181.543, 95
Trd, 4318182.543, 89
Trd, 4318183.343, 96
Trd, 4318186.093, 95
Trd, 4318187.943, 108
Trd, 4318189.443, 99
Trd, 4318190.443, 97
Trd, 4318190.593, 88
Trd, 4318192.743, 96
Trd, 4318193.943, 87
Trd, 4318196.093, 95
Trd, 4318197.343, 94
Trd, 4318199.093, 89
Trd, 4318201.193, 94
Trd, 4318201.493, 94
Trd, 4318203.043, 88
Trd, 4318203.593, 95
Trd, 4318205.593, 94
Trd, 4318208.043, 88
Trd, 4318209.143, 92
Trd, 4318209.643, 93
Trd, 4318211.343, 95
Trd, 4318213.393, 94
Trd, 4318213.943, 95
Trd, 4318216.593, 94
Trd, 4318217.293, 89
Trd, 4318218.893, 95
Trd, 4318221.593, 93
Trd, 4318221.893, 93
Trd, 4318223.093, 112
Trd, 4318223.593, 114
Trd, 4318224.943, 90
Trd, 4318228.943, 89
Trd, 4318229.743, 94
Trd, 4318229.943, 94
Trd, 4318230.743, 95
Trd, 4318231.193, 104
Trd, 4318231.943, 112
Trd, 4318235.193, 103
Trd, 4318235.493, 96
Trd, 4318235.543, 104
Trd, 4318237.793, 104
Trd, 4318238.143, 99
Trd, 4318239.243, 113
Trd, 4318239.793, 114
Trd, 4318240.093, 100
Trd, 4318241.943, 111
Trd, 4318243.193, 99
Trd, 4318243.793, 121
Trd, 4318245.493, 116
Trd, 4318247.693, 109
Trd, 4318248.943, 104
Trd, 4318249.843, 103
Trd, 4318250.093, 104
Trd, 4318251.193, 103
Trd, 4318251.343, 114
Trd, 4318251.493, 94
Trd, 4318254.043, 100
Trd, 4318254.693, 104
Trd, 4318255.193, 99
Trd, 4318255.843, 106
Trd, 4318256.943, 104
Trd, 4318257.743, 105
Trd, 4318258.993, 99
Trd, 4318259.393, 113
Trd, 4318259.893, 113
Trd, 4318261.543, 106
Trd, 4318263.193, 112
Trd, 4318264.993, 112
Trd, 4318266.543, 113
Trd, 4318266.693, 110
Trd, 4318267.793, 102
Trd, 4318267.893, 110
Trd, 4318269.693, 108
Trd, 4318270.893, 107
Trd, 4318274.243, 106
Trd, 4318275.243, 104
Trd, 4318276.093, 106
Trd, 4318276.593, 107
Trd, 4318277.193, 101
Trd, 4318277.693, 112
Trd, 4318277.793, 114
Trd, 4318278.443, 94
Trd, 4318280.243, 97
Trd, 4318280.693, 103
Trd, 4318283.243, 100
Trd, 4318285.243, 105
Trd, 4318285.743, 99
Trd, 4318286.093, 114
Trd, 4318287.843, 98
Trd, 4318288.143, 102
Trd, 4318289.393, 100
Trd, 4318292.093, 98
Trd, 4318292.243, 97
Trd, 4318294.343, 104
Trd, 4318294.443, 114
Trd, 4318295.543, 97
Trd, 4318297.943, 97
Trd, 4318298.293, 96
Trd, 4318300.293, 96
Trd, 4318301.193, 96
Trd, 4318301.643, 95
Trd, 4318301.993, 96
Trd, 4318303.643, 106
Trd, 4318303.943, 94
Trd, 4318304.193, 100
Trd, 4318305.093, 113
Trd, 4318306.643, 108
Trd, 4318307.893, 100
Trd, 4318309.343, 108
Trd, 4318311.043, 99
Trd, 4318311.243, 94
Trd, 4318312.443, 97
Trd, 4318312.543, 98
Trd, 4318314.743, 112
Trd, 4318316.593, 94
Trd, 4318316.993, 102
Trd, 4318319.243, 97
Trd, 4318319.843, 97
Trd, 4318319.943, 96
Trd, 4318319.993, 97
Trd, 4318321.493, 95
Trd, 4318323.043, 97
Trd, 4318323.743, 97
Trd, 4318325.043, 103
Trd, 4318325.493, 94
Trd, 4318327.643, 106
Trd, 4318327.943, 99
Trd, 4318330.293, 93
Trd, 4318331.693, 96
Trd, 4318332.793, 96
Trd, 4318335.193, 95
Trd, 4318335.593, 94
Trd, 4318335.793, 96
Trd, 4318337.593, 95
Trd, 4318339.843, 94
Trd, 4318339.943, 93
Trd, 4318341.643, 94
Trd, 4318342.943, 94
Trd, 4318343.693, 94
Trd, 4318345.343, 95
Trd, 4318346.543, 92
Trd, 4318348.343, 91
Trd, 4318348.693, 94
Trd, 4318349.393, 94
Trd, 4318349.793, 94
Trd, 4318351.293, 113
Trd, 4318353.993, 91
Trd, 4318355.443, 94
Trd, 4318356.843, 94
Trd, 4318357.593, 94
Trd, 4318358.943, 95
Trd, 4318359.543, 90
Trd, 4318362.143, 95
Trd, 4318362.743, 95
Trd, 4318365.143, 95
Trd, 4318366.593, 89
Trd, 4318366.643, 95
Trd, 4318368.043, 95
Trd, 4318370.543, 95
Trd, 4318370.943, 89
Trd, 4318372.243, 94
Trd, 4318374.243, 95
Trd, 4318375.743, 93
Trd, 4318376.243, 113
Trd, 4318376.993, 88
Trd, 4318378.193, 100
Trd, 4318378.993, 100
Trd, 4318380.393, 91
Trd, 4318381.793, 98
Trd, 4318385.243, 95
Trd, 4318385.343, 95
Trd, 4318385.943, 91
Trd, 4318389.593, 94
Trd, 4318390.193, 94
Trd, 4318390.243, 91
Trd, 4318390.593, 95
Trd, 4318391.043, 96
Trd, 4318392.693, 94
Trd, 4318397.593, 94
Trd, 4318398.043, 90
Trd, 4318399.043, 94
Trd, 4318400.043, 93
Trd, 4318400.393, 94
Trd, 4318401.993, 94
Trd, 4318402.643, 90
Trd, 4318404.543, 94
Trd, 4318404.693, 94
Trd, 4318408.043, 94
Trd, 4318409.043, 93
Trd, 4318409.593, 90
Trd, 4318410.843, 95
Trd, 4318414.493, 94
Trd, 4318415.143, 94
Trd, 4318416.143, 94
Trd, 4318418.693, 94
Trd, 4318419.593, 94
Trd, 4318420.493, 92
Trd, 4318420.893, 93
Trd, 4318422.743, 93
Trd, 4318425.793, 93
Trd, 4318426.543, 93
Trd, 4318429.093, 94
Trd, 4318429.893, 92
Trd, 4318431.293, 91
Trd, 4318431.393, 93
Trd, 4318434.043, 93
Trd, 4318435.743, 93
Trd, 4318436.393, 93
Trd, 4318437.393, 93
Trd, 4318438.543, 93
Trd, 4318440.893, 90
Trd, 4318441.943, 93
Trd, 4318442.593, 90
Trd, 4318445.093, 93
Trd, 4318445.493, 93
Trd, 4318446.543, 93
Trd, 4318447.793, 93
Trd, 4318449.843, 93
Trd, 4318450.993, 89
Trd, 4318451.293, 88
Trd, 4318452.293, 93
Trd, 4318454.493, 93
Trd, 4318455.593, 101
Trd, 4318457.393, 93
Trd, 4318457.643, 88
Trd, 4318458.443, 93
Trd, 4318458.893, 109
Trd, 4318460.943, 100
Trd, 4318461.793, 87
Trd, 4318464.493, 100
Trd, 4318468.093, 95
Trd, 4318470.393, 93
Trd, 4318470.643, 86
Trd, 4318471.193, 95
Trd, 4318472.093, 86
Trd, 4318473.693, 93
Trd, 4318475.243, 93
Trd, 4318475.443, 93
Trd, 4318479.843, 90
Trd, 4318479.893, 93
Trd, 4318480.193, 93
Trd, 4318483.043, 92
Trd, 4318484.643, 86
Trd, 4318485.443, 91
Trd, 4318487.343, 90
Trd, 4318487.593, 109
Trd, 4318489.493, 95
Trd, 4318489.793, 96
Trd, 4318490.393, 85
Trd, 4318491.443, 92
Trd, 4318494.893, 92
Trd, 4318495.893, 84
Trd, 4318496.243, 91
Trd, 4318498.793, 84
Trd, 4318498.843, 91
Trd, 4318499.643, 91
Trd, 4318501.493, 85
Trd, 4318502.793, 90
Trd, 4318502.943, 95
Trd, 4318504.943, 92
Trd, 4318506.193, 91
Trd, 4318506.593, 91
Trd, 4318508.293, 106
Trd, 4318509.543, 89
Trd, 4318509.793, 113
Trd, 4318511.043, 95
Trd, 4318512.793, 97
Trd, 4318514.143, 95
Trd, 4318514.443, 95
Trd, 4318515.043, 91
Trd, 4318515.393, 96
Trd, 4318517.943, 95
Trd, 4318518.993, 90
Trd, 4318520.743, 94
Trd, 4318522.193, 93
Trd, 4318523.993, 93
Trd, 4318524.593, 92
Trd, 4318525.193, 90
Trd, 4318527.643, 92
Trd, 4318528.743, 89
Trd, 4318530.843, 92
Trd, 4318531.843, 92
Trd, 4318533.243, 92
Trd, 4318533.893, 92
Trd, 4318534.743, 105
Trd, 4318534.843, 93
Trd, 4318535.093, 106
Trd, 4318536.593, 100
Trd, 4318540.093, 95
Trd, 4318540.793, 95
Trd, 4318542.193, 92
Trd, 4318543.293, 95
Trd, 4318543.893, 95
Trd, 4318544.643, 95
Trd, 4318546.543, 95
Trd, 4318546.593, 107
Trd, 4318550.743, 96
Trd, 4318551.893, 96
Trd, 4318552.193, 94
Trd, 4318552.493, 96
Trd, 4318554.893, 95
Trd, 4318555.893, 95
Trd, 4318556.043, 93
Trd, 4318556.643, 95
Trd, 4318558.743, 95
Trd, 4318560.443, 104
Trd, 4318561.343, 92
Trd, 4318561.743, 112
Trd, 4318563.893, 96
Trd, 4318565.693, 95
Trd, 4318565.843, 92
Trd, 4318568.643, 95
Trd, 4318569.893, 95
Trd, 4318572.793, 91
Trd, 4318573.093, 95
Trd, 4318573.393, 95
Trd, 4318577.393, 94
Trd, 4318577.593, 90
Trd, 4318577.943, 89
Trd, 4318578.993, 95
Trd, 4318582.393, 93
Trd, 4318583.343, 93
Trd, 4318586.193, 92
Trd, 4318586.293, 92
Trd, 4318588.043, 89
Trd, 4318588.243, 92
Trd, 4318591.743, 92
Trd, 4318593.143, 91
Trd, 4318593.993, 92
Trd, 4318594.143, 95
Trd, 4318594.843, 93
Trd, 4318597.143, 92
Trd, 4318598.193, 88
Trd, 4318601.443, 92
Trd, 4318603.043, 92
Trd, 4318603.193, 95
Trd, 4318604.093, 88
Trd, 4318604.743, 95
Trd, 4318605.993, 104
Trd, 4318606.793, 94
Trd, 4318610.043, 95
Trd, 4318611.093, 95
Trd, 4318613.043, 94
Trd, 4318615.543, 87
Trd, 4318615.693, 95
Trd, 4318617.043, 93
Trd, 4318617.993, 91
Trd, 4318618.943, 86
Trd, 4318620.693, 92
Trd, 4318622.843, 93
Trd, 4318622.943, 108
Trd, 4318624.093, 85
Trd, 4318625.143, 84
Trd, 4318626.993, 98
Trd, 4318627.793, 104
Trd, 4318628.643, 105
Trd, 4318631.693, 93
Trd, 4318631.893, 93
Trd, 4318632.593, 92
Trd, 4318632.793, 87
Trd, 4318634.943, 106
Trd, 4318635.093, 113
Trd, 4318638.443, 90
Trd, 4318638.893, 96
Trd, 4318640.143, 96
Trd, 4318640.893, 97
Trd, 4318641.143, 104
Trd, 4318644.243, 89
Trd, 4318646.643, 94
Trd, 4318647.993, 89
Trd, 4318648.593, 94
Trd, 4318648.943, 94
Trd, 4318650.693, 95
Trd, 4318652.893, 94
Trd, 4318653.143, 95
Trd, 4318656.343, 95
Trd, 4318657.093, 95
Trd, 4318657.993, 88
Trd, 4318659.143, 94
Trd, 4318659.493, 94
Trd, 4318659.943, 87
Trd, 4318662.743, 86
Trd, 4318663.143, 93
Trd, 4318663.493, 85
Trd, 4318664.343, 90
Trd, 4318667.093, 81
Trd, 4318667.143, 86
Trd, 4318667.643, 81
Trd, 4318669.043, 104
Trd, 4318669.593, 106
Trd, 4318673.043, 87
Trd, 4318674.643, 92
Trd, 4318674.693, 92
Trd, 4318674.793, 95
Trd, 4318676.543, 88
Trd, 4318677.943, 112
Trd, 4318679.193, 111
Trd, 4318679.893, 88
Trd, 4318682.643, 92
Trd, 4318682.843, 95
Trd, 4318683.793, 94
Trd, 4318687.393, 93
Trd, 4318687.443, 87
Trd, 4318688.543, 93
Trd, 4318691.143, 92
Trd, 4318691.493, 92
Trd, 4318692.543, 107
Trd, 4318694.143, 85
Trd, 4318695.493, 98
Trd, 4318696.493, 99
Trd, 4318697.493, 95
Trd, 4318698.993, 94
Trd, 4318700.743, 90
Trd, 4318701.843, 103
Trd, 4318703.093, 113
Trd, 4318704.343, 95
Trd, 4318705.643, 95
Trd, 4318706.243, 93
Trd, 4318707.943, 95
Trd, 4318710.643, 95
Trd, 4318712.643, 95
Trd, 4318714.643, 95
Trd, 4318715.943, 92
Trd, 4318716.843, 95
Trd, 4318719.743, 95
Trd, 4318721.343, 96
Trd, 4318721.793, 92
Trd, 4318722.143, 96
Trd, 4318724.293, 92
Trd, 4318724.493, 94
Trd, 4318726.543, 94
Trd, 4318727.193, 95
Trd, 4318727.993, 112
Trd, 4318730.343, 91
Trd, 4318730.543, 98
Trd, 4318731.793, 98
Trd, 4318733.943, 95
Trd, 4318736.093, 96
Trd, 4318736.193, 97
Trd, 4318736.843, 96
Trd, 4318738.043, 96
Trd, 4318739.693, 96
Trd, 4318741.443, 95
Trd, 4318741.593, 94
Trd, 4318741.893, 93
Trd, 4318742.443, 113
Trd, 4318743.943, 97
Trd, 4318744.943, 97
Trd, 4318748.443, 97
Trd, 4318748.493, 113
Trd, 4318750.493, 95
Trd, 4318752.093, 96
Trd, 4318753.093, 95
Trd, 4318754.043, 113
Trd, 4318755.193, 94
Trd, 4318755.993, 99
Trd, 4318758.343, 98
Trd, 4318759.093, 93
Trd, 4318759.493, 97
Trd, 4318760.993, 97
Trd, 4318763.543, 97
Trd, 4318764.893, 97
Trd, 4318765.193, 92
Trd, 4318766.843, 96
Trd, 4318767.393, 95
Trd, 4318768.043, 91
Trd, 4318768.793, 96
Trd, 4318772.393, 93
Trd, 4318772.943, 90
Trd, 4318773.143, 94
Trd, 4318774.493, 94
Trd, 4318776.043, 94
Trd, 4318778.593, 94
Trd, 4318781.243, 89
Trd, 4318781.793, 94
Trd, 4318782.543, 94
Trd, 4318783.493, 107
Trd, 4318787.293, 94
Trd, 4318787.743, 94
Trd, 4318789.443, 94
Trd, 4318789.693, 94
Trd, 4318790.393, 88
Trd, 4318792.543, 87
Trd, 4318795.143, 94
Trd, 4318797.143, 94
Trd, 4318797.793, 86
Trd, 4318798.393, 93
Trd, 4318798.593, 95
Trd, 4318798.893, 111
Trd, 4318800.893, 92
Trd, 4318802.393, 85
Trd, 4318804.143, 92
Trd, 4318804.743, 92
Trd, 4318805.243, 92
Trd, 4318805.443, 85
Trd, 4318808.143, 92
Trd, 4318809.793, 92
Trd, 4318809.993, 84
Trd, 4318810.743, 92
Trd, 4318814.443, 92
Trd, 4318815.493, 104
Trd, 4318817.093, 96
Trd, 4318817.743, 83
Trd, 4318818.343, 93
Trd, 4318820.643, 82
Trd, 4318821.093, 93
Trd, 4318821.693, 95
Trd, 4318823.093, 94
Trd, 4318823.593, 87
Trd, 4318824.193, 94
Trd, 4318826.393, 91
Trd, 4318828.793, 90
Trd, 4318831.493, 90
Trd, 4318831.893, 88
Trd, 4318832.493, 91
Trd, 4318833.493, 90
Trd, 4318834.443, 89
Trd, 4318839.093, 95
Trd, 4318839.793, 87
Trd, 4318840.393, 90
Trd, 4318841.743, 86
Trd, 4318842.593, 90
Trd, 4318843.993, 85
Trd, 4318844.393, 87
Trd, 4318846.293, 95
Trd, 4318847.293, 90
Trd, 4318850.193, 89
Trd, 4318850.343, 89
Trd, 4318850.943, 102
Trd, 4318853.343, 84
Trd, 4318854.793, 90
Trd, 4318856.293, 83
Trd, 4318857.543, 88
Trd, 4318858.043, 88
Trd, 4318859.343, 89
Trd, 4318862.143, 87
Trd, 4318862.493, 83
Trd, 4318864.343, 87
Trd, 4318866.193, 83
Trd, 4318869.043, 87
Trd, 4318869.343, 87
Trd, 4318869.693, 87
Trd, 4318870.593, 87
Trd, 4318873.093, 82
Trd, 4318875.143, 87
Trd, 4318876.243, 87
Trd, 4318877.043, 113
Trd, 4318877.693, 81
Trd, 4318880.843, 80
Trd, 4318881.493, 87
Trd, 4318881.743, 87
Trd, 4318882.693, 95
Trd, 4318885.643, 87
Trd, 4318887.643, 87
Trd, 4318888.343, 82
Trd, 4318888.493, 87
Trd, 4318890.543, 82
Trd, 4318891.393, 87
Trd, 4318891.693, 95
Trd, 4318893.593, 88
Trd, 4318894.493, 95
Trd, 4318896.143, 91
Trd, 4318898.093, 82
Trd, 4318899.393, 89
Trd, 4318900.743, 95
Trd, 4318904.043, 89
Trd, 4318904.743, 88
Trd, 4318904.793, 83
Trd, 4318906.043, 88
Trd, 4318906.993, 110
Trd, 4318908.143, 92
Trd, 4318909.593, 82
Trd, 4318912.743, 90
Trd, 4318913.043, 81
Trd, 4318914.793, 90
Trd, 4318915.743, 90
Trd, 4318917.393, 90
Trd, 4318918.943, 89
Trd, 4318919.993, 89
Trd, 4318920.993, 80
Trd, 4318922.743, 79
Trd, 4318923.343, 89
Trd, 4318925.093, 81
Trd, 4318926.393, 86
Trd, 4318927.693, 95
Trd, 4318928.293, 105
Trd, 4318930.343, 78
Trd, 4318931.193, 88
Trd, 4318932.793, 85
Trd, 4318933.843, 86
Trd, 4318936.293, 80
Trd, 4318937.143, 86
Trd, 4318940.343, 86
Trd, 4318941.643, 86
Trd, 4318942.593, 95
Trd, 4318943.993, 106
Trd, 4318944.893, 94
Trd, 4318945.093, 84
Trd, 4318946.243, 93
Trd, 4318946.743, 95
Trd, 4318947.543, 89
Trd, 4318949.593, 95
Trd, 4318952.393, 92
Trd, 4318953.193, 92
Trd, 4318954.243, 94
Trd, 4318954.493, 95
Trd, 4318954.743, 89
Trd, 4318955.743, 93
Trd, 4318955.793, 122
Trd, 4318959.243, 95
Trd, 4318959.843, 91
Trd, 4318963.893, 95
Trd, 4318964.143, 95
Trd, 4318965.593, 94
Trd, 4318965.693, 90
Trd, 4318966.893, 94
Trd, 4318967.843, 89
Trd, 4318969.743, 111
Trd, 4318969.793, 115
Trd, 4318971.593, 94
Trd, 4318974.443, 96
Trd, 4318975.693, 97
Trd, 4318976.343, 96
Trd, 4318976.393, 105
Trd, 4318976.493, 114
Trd, 4318977.443, 93
Trd, 4318980.293, 104
Trd, 4318981.643, 99
Trd, 4318984.343, 93
Trd, 4318985.843, 95
Trd, 4318986.643, 95
Trd, 4318986.993, 96
Trd, 4318987.143, 105
Trd, 4318989.293, 99
Trd, 4318989.693, 114
Trd, 4318990.143, 95
Trd, 4318991.543, 98
Trd, 4318993.093, 94
Trd, 4318994.143, 98
Trd, 4318995.943, 97
Trd, 4318998.143, 95
Trd, 4318999.493, 95
Trd, 4319000.443, 95
Trd, 4319000.843, 94
Trd, 4319003.393, 95
Trd, 4319005.043, 95
Trd, 4319005.793, 95
Trd, 4319007.043, 95
Trd, 4319008.393, 93
Trd, 4319008.843, 104
Trd, 4319012.193, 96
Trd, 4319013.743, 94
Trd, 4319014.443, 94
Trd, 4319014.943, 92
Trd, 4319016.193, 93
Trd, 4319016.893, 93
Trd, 4319019.893, 93
Trd, 4319020.893, 93
Trd, 4319022.443, 93
Trd, 4319022.493, 91
Trd, 4319024.493, 108
Trd, 4319026.043, 90
Trd, 4319026.743, 94
Trd, 4319027.993, 96
Trd, 4319030.043, 89
Trd, 4319031.143, 93
Trd, 4319031.443, 94
Trd, 4319032.343, 94
Trd, 4319033.543, 109
Trd, 4319035.243, 88
Trd, 4319036.143, 95
Trd, 4319037.143, 87
Trd, 4319039.293, 94
Trd, 4319041.643, 94
Trd, 4319041.743, 94
Trd, 4319045.543, 92
Trd, 4319045.643, 86
Trd, 4319046.843, 92
Trd, 4319047.643, 86
Trd, 4319048.043, 91
Trd, 4319049.343, 114
Trd, 4319050.743, 93
Trd, 4319051.143, 96
Trd, 4319053.393, 92
Trd, 4319054.093, 92
Trd, 4319054.693, 106
Trd, 4319055.943, 86
Trd, 4319058.143, 93
Trd, 4319059.393, 92
Trd, 4319061.143, 85
Trd, 4319061.293, 92
Trd, 4319062.693, 85
Trd, 4319062.843, 92
Trd, 4319066.593, 91
Trd, 4319067.443, 91
Trd, 4319068.993, 92
Trd, 4319069.393, 106
Trd, 4319070.293, 113
Trd, 4319072.043, 84
Trd, 4319073.293, 95
Trd, 4319073.443, 98
Trd, 4319074.243, 102
Trd, 4319077.793, 90
Trd, 4319078.943, 94
Trd, 4319079.593, 89
Trd, 4319080.393, 93
Trd, 4319082.143, 93
Trd, 4319084.093, 90
Trd, 4319085.193, 89
Trd, 4319087.743, 90
Trd, 4319088.743, 90
Trd, 4319089.593, 88
Trd, 4319091.193, 91
Trd, 4319091.443, 91
Trd, 4319092.243, 95
Trd, 4319094.743, 105
Trd, 4319095.193, 87
Trd, 4319095.293, 95
Trd, 4319095.943, 113
Trd, 4319096.443, 97
Trd, 4319099.393, 97
Trd, 4319101.143, 95
Trd, 4319101.643, 93
Trd, 4319102.343, 95
Trd, 4319103.843, 93
Trd, 4319104.093, 108
Trd, 4319106.893, 97
Trd, 4319107.743, 95
Trd, 4319109.943, 95
Trd, 4319110.893, 95
Trd, 4319111.543, 92
Trd, 4319112.693, 95
Trd, 4319115.093, 91
Trd, 4319116.493, 95
Trd, 4319119.043, 94
Trd, 4319119.793, 94
Trd, 4319120.043, 106
Trd, 4319120.893, 113
Trd, 4319121.693, 99
Trd, 4319122.043, 104
Trd, 4319123.593, 113
Trd, 4319124.943, 103
Trd, 4319126.143, 105
Trd, 4319127.493, 101
Trd, 4319127.593, 113
Trd, 4319130.993, 103
Trd, 4319132.093, 100
Trd, 4319133.093, 101
Trd, 4319133.543, 99
Trd, 4319134.293, 100
Trd, 4319135.293, 98
Trd, 4319135.693, 101
Trd, 4319137.293, 106
Trd, 4319140.043, 100
Trd, 4319142.843, 97
Trd, 4319142.893, 98
Trd, 4319143.793, 98
Trd, 4319144.443, 96
Trd, 4319146.943, 96
Trd, 4319147.043, 98
Trd, 4319148.293, 116
Trd, 4319150.893, 103
Trd, 4319151.543, 98
Trd, 4319151.993, 99
Trd, 4319153.143, 95
Trd, 4319154.193, 100
Trd, 4319155.393, 99
Trd, 4319157.443, 98
Trd, 4319158.343, 98
Trd, 4319159.793, 95
Trd, 4319161.193, 98
Trd, 4319161.793, 106
Trd, 4319162.493, 94
Trd, 4319164.293, 98
Trd, 4319166.193, 95
Trd, 4319167.193, 94
Trd, 4319168.193, 94
Trd, 4319168.543, 93
Trd, 4319169.393, 94
Trd, 4319169.893, 95
Trd, 4319171.193, 94
Trd, 4319172.993, 92
Trd, 4319173.543, 94
Trd, 4319176.643, 94
Trd, 4319177.743, 104
Trd, 4319178.393, 91
Trd, 4319178.693, 99
Trd, 4319180.443, 97
Trd, 4319182.343, 97
Trd, 4319184.143, 96
Trd, 4319184.543, 97
Trd, 4319184.693, 94
Trd, 4319185.043, 108
Trd, 4319188.093, 101
Trd, 4319188.993, 104
Trd, 4319190.043, 102
Trd, 4319190.893, 93
Trd, 4319193.893, 100
Trd, 4319195.993, 99
Trd, 4319196.743, 100
Trd, 4319198.443, 111
Trd, 4319198.543, 93
Trd, 4319201.043, 92
Trd, 4319203.793, 98
Trd, 4319203.943, 100
Trd, 4319205.843, 99
Trd, 4319206.143, 99
Trd, 4319207.643, 98
Trd, 4319209.943, 95
Trd, 4319210.693, 96
Trd, 4319212.393, 95
Trd, 4319212.593, 92
Trd, 4319213.343, 95
Trd, 4319213.793, 92
Trd, 4319216.943, 95
Trd, 4319219.543, 94
Trd, 4319220.093, 91
Trd, 4319220.593, 94
Trd, 4319220.693, 94
Trd, 4319222.893, 90
Trd, 4319224.393, 93
Trd, 4319226.893, 93
Trd, 4319228.143, 93
Trd, 4319229.693, 89
Trd, 4319230.193, 93
Trd, 4319231.993, 94
Trd, 4319232.093, 94
Trd, 4319234.543, 93
Trd, 4319234.593, 95
Trd, 4319234.693, 88
Trd, 4319237.243, 107
Trd, 4319240.193, 95
Trd, 4319240.893, 95
Trd, 4319242.093, 88
Trd, 4319242.493, 93
Trd, 4319243.093, 87
Trd, 4319243.593, 90
Trd, 4319244.043, 95
Trd, 4319247.143, 92
Trd, 4319250.043, 91
Trd, 4319250.643, 87
Trd, 4319251.293, 86
Trd, 4319253.193, 90
Trd, 4319254.143, 90
Trd, 4319255.093, 90
Trd, 4319258.143, 90
Trd, 4319258.843, 85
Trd, 4319259.543, 113
Trd, 4319259.743, 114
Trd, 4319260.443, 102
Trd, 4319262.543, 96
Trd, 4319264.743, 92
Trd, 4319266.293, 92
Trd, 4319266.443, 94
Trd, 4319266.943, 94
Trd, 4319267.593, 103
Trd, 4319268.143, 97
Trd, 4319269.493, 95
Trd, 4319273.793, 94
Trd, 4319274.243, 95
Trd, 4319275.793, 95
Trd, 4319277.143, 95
Trd, 4319278.993, 95
Trd, 4319279.193, 95
Trd, 4319279.393, 95
Trd, 4319282.343, 93
Trd, 4319283.243, 104
Trd, 4319286.143, 96
Trd, 4319287.993, 92
Trd, 4319288.493, 95
Trd, 4319288.993, 94
Trd, 4319290.543, 95
Trd, 4319291.643, 95
Trd, 4319292.193, 91
Trd, 4319293.543, 96
Trd, 4319294.993, 96
Trd, 4319295.943, 90
Trd, 4319297.243, 101
Trd, 4319299.043, 95
Trd, 4319299.143, 95
Trd, 4319299.893, 105
Trd, 4319300.693, 89
Trd, 4319302.993, 99
Trd, 4319303.493, 88
Trd, 4319305.243, 100
Trd, 4319307.643, 88
Trd, 4319307.743, 98
Trd, 4319308.743, 103
Trd, 4319310.293, 97
Trd, 4319310.893, 96
Trd, 4319312.243, 96
Trd, 4319314.193, 95
Trd, 4319315.493, 95
Trd, 4319316.193, 88
Trd, 4319318.193, 95
Trd, 4319320.943, 87
Trd, 4319322.043, 95
Trd, 4319322.193, 95
Trd, 4319322.793, 95
Trd, 4319325.943, 95
Trd, 4319326.743, 86
Trd, 4319327.443, 95
Trd, 4319329.243, 92
Trd, 4319331.643, 90
Trd, 4319331.693, 85
Trd, 4319331.893, 95
Trd, 4319334.243, 84
Trd, 4319335.443, 89
Trd, 4319336.693, 90
Trd, 4319338.293, 106
Trd, 4319339.193, 96
Trd, 4319339.643, 83
Trd, 4319341.443, 107
Trd, 4319342.193, 94
Trd, 4319344.393, 111
Trd, 4319345.843, 99
Trd, 4319347.143, 100
Trd, 4319348.093, 82
Trd, 4319349.043, 97
Trd, 4319349.543, 81
Trd, 4319351.443, 97
Trd, 4319351.993, 105
Trd, 4319353.393, 97
Trd, 4319354.943, 86
Trd, 4319358.193, 89
Trd, 4319358.743, 91
Trd, 4319360.543, 87
Trd, 4319360.843, 91
Trd, 4319361.793, 112
Trd, 4319361.943, 114
Trd, 4319365.343, 95
Trd, 4319365.693, 95
Trd, 4319366.593, 95
Trd, 4319367.193, 93
Trd, 4319368.243, 95
Trd, 4319371.593, 95
Trd, 4319371.943, 95
Trd, 4319371.993, 96
Trd, 4319373.493, 92
Trd, 4319373.893, 92
Trd, 4319374.193, 95
Trd, 4319377.143, 95
Trd, 4319379.743, 95
Trd, 4319382.393, 92
Trd, 4319383.293, 94
Trd, 4319383.543, 91
Trd, 4319385.243, 94
Trd, 4319385.293, 95
Trd, 4319387.393, 94
Trd, 4319388.243, 108
Trd, 4319390.043, 95
Trd, 4319391.043, 91
Trd, 4319392.443, 95
Trd, 4319393.743, 95
Trd, 4319393.893, 105
Trd, 4319396.193, 91
Trd, 4319396.493, 99
Trd, 4319397.843, 110
Trd, 4319398.343, 104
Trd, 4319399.043, 102
Trd, 4319400.343, 104
Trd, 4319400.493, 108
Trd, 4319402.893, 90
Trd, 4319404.943, 100
Trd, 4319406.043, 90
Trd, 4319407.393, 92
Trd, 4319407.993, 92
Trd, 4319409.793, 95
Trd, 4319411.893, 89
Trd, 4319412.843, 94
Trd, 4319414.193, 94
Trd, 4319416.243, 94
Trd, 4319417.293, 94
Trd, 4319419.393, 88
Trd, 4319421.993, 92
Trd, 4319422.793, 90
Trd, 4319422.843, 91
Trd, 4319425.943, 91
Trd, 4319425.993, 87
Trd, 4319426.593, 90
Trd, 4319428.443, 104
Trd, 4319430.593, 86
Trd, 4319432.943, 113
Trd, 4319433.193, 88
Trd, 4319434.043, 98
Trd, 4319434.343, 99
Trd, 4319437.293, 95
Trd, 4319438.093, 92
Trd, 4319438.593, 97
Trd, 4319439.643, 97
Trd, 4319441.393, 95
Trd, 4319444.093, 95
Trd, 4319444.343, 95
Trd, 4319444.743, 92
Trd, 4319444.793, 95
Trd, 4319445.793, 95
Trd, 4319447.893, 103
Trd, 4319450.143, 91
Trd, 4319450.193, 94
Trd, 4319452.643, 94
Trd, 4319455.843, 93
Trd, 4319456.993, 90
Trd, 4319457.543, 92
Trd, 4319458.243, 93
Trd, 4319458.293, 89
Trd, 4319461.443, 94
Trd, 4319462.443, 89
Trd, 4319464.093, 93
Trd, 4319464.343, 93
Trd, 4319466.593, 88
Trd, 4319467.093, 95
Trd, 4319467.493, 93
Trd, 4319467.543, 109
Trd, 4319470.443, 95
Trd, 4319470.843, 96
Trd, 4319473.793, 87
Trd, 4319475.293, 93
Trd, 4319478.043, 86
Trd, 4319479.193, 91
Trd, 4319480.243, 91
Trd, 4319480.893, 95
Trd, 4319482.543, 104
Trd, 4319482.893, 86
Trd, 4319483.693, 103
Trd, 4319483.893, 104
Trd, 4319486.893, 94
Trd, 4319487.043, 94
Trd, 4319489.743, 85
Trd, 4319491.093, 93
Trd, 4319494.693, 92
Trd, 4319494.893, 92
Trd, 4319495.193, 84
Trd, 4319497.293, 92
Trd, 4319497.643, 95
Trd, 4319498.443, 92
Trd, 4319499.443, 109
Trd, 4319499.643, 83
Trd, 4319502.693, 113
Trd, 4319503.793, 82
Trd, 4319504.493, 95
Trd, 4319507.593, 91
Trd, 4319508.193, 95
Trd, 4319510.893, 81
Trd, 4319511.193, 94
Trd, 4319513.993, 94
Trd, 4319514.193, 95
Trd, 4319514.343, 80
Trd, 4319517.143, 107
Trd, 4319517.293, 94
Trd, 4319519.043, 81
Trd, 4319519.993, 92
Trd, 4319522.043, 82
Trd, 4319524.393, 90
Trd, 4319525.893, 90
Trd, 4319526.393, 108
Trd, 4319526.743, 97
Trd, 4319528.893, 95
Trd, 4319529.193, 82
Trd, 4319529.943, 94
Trd, 4319533.443, 94
Trd, 4319534.743, 81
Trd, 4319535.293, 112
Trd, 4319537.493, 91
Trd, 4319537.643, 92
Trd, 4319539.543, 86
Trd, 4319540.093, 91
Trd, 4319541.443, 92
Trd, 4319543.293, 86
Trd, 4319543.393, 95
Trd, 4319544.793, 90
Trd, 4319547.193, 90
Trd, 4319548.643, 85
Trd, 4319549.043, 89
Trd, 4319549.943, 88
Trd, 4319553.393, 87
Trd, 4319553.743, 84
Trd, 4319556.093, 87
Trd, 4319557.743, 95
Trd, 4319558.843, 88
Trd, 4319559.093, 83
Trd, 4319559.893, 88
Trd, 4319561.643, 88
Trd, 4319563.243, 82
Trd, 4319566.493, 88
Trd, 4319566.593, 88
Trd, 4319566.943, 88
Trd, 4319570.693, 82
Trd, 4319571.343, 87
Trd, 4319572.443, 87
Trd, 4319573.443, 82
Trd, 4319574.393, 86
Trd, 4319577.593, 86
Trd, 4319580.443, 82
Trd, 4319581.693, 84
Trd, 4319582.393, 83
Trd, 4319584.343, 86
Trd, 4319584.443, 81
Trd, 4319585.693, 95
Trd, 4319587.443, 85
Trd, 4319588.643, 85
Trd, 4319589.493, 86
Trd, 4319589.793, 85
Trd, 4319592.443, 84
Trd, 4319592.843, 86
Trd, 4319595.243, 85
Trd, 4319595.693, 86
Trd, 4319596.543, 84
Trd, 4319597.893, 87
Trd, 4319598.443, 87
Trd, 4319600.493, 105
Trd, 4319600.793, 87
Trd, 4319602.093, 93
Trd, 4319603.793, 93
Trd, 4319606.593, 91
Trd, 4319607.243, 90
Trd, 4319607.843, 86
Trd, 4319608.593, 89
Trd, 4319608.843, 95
Trd, 4319611.843, 90
Trd, 4319612.593, 90
Trd, 4319614.243, 90
Trd, 4319614.793, 85
Trd, 4319617.043, 90
Trd, 4319619.093, 89
Trd, 4319619.343, 84
Trd, 4319619.643, 89
Trd, 4319622.943, 86
Trd, 4319624.093, 87
Trd, 4319627.243, 87
Trd, 4319627.843, 83
Trd, 4319627.943, 87
Trd, 4319628.843, 87
Trd, 4319631.143, 87
Trd, 4319632.343, 83
Trd, 4319633.743, 87
Trd, 4319634.243, 82
Trd, 4319636.143, 87
Trd, 4319638.243, 87
Trd, 4319638.493, 87
Trd, 4319640.393, 86
Trd, 4319641.993, 85
Trd, 4319642.143, 81
Trd, 4319644.693, 86
Trd, 4319646.243, 85
Trd, 4319646.593, 85
Trd, 4319648.843, 90
Trd, 4319650.393, 88
Trd, 4319651.293, 95
Trd, 4319651.493, 83
Trd, 4319654.993, 88
Trd, 4319655.643, 108
Trd, 4319658.193, 90
Trd, 4319658.343, 83
Trd, 4319659.293, 95
Trd, 4319661.643, 89
Trd, 4319664.043, 89
Trd, 4319664.093, 83
Trd, 4319664.743, 89
Trd, 4319666.943, 83
Trd, 4319668.693, 88
Trd, 4319671.043, 88
Trd, 4319672.343, 88
Trd, 4319673.293, 82
Trd, 4319675.943, 81
Trd, 4319676.093, 87
Trd, 4319676.643, 86
Trd, 4319677.593, 86
Trd, 4319680.243, 81
Trd, 4319680.593, 87
Trd, 4319681.443, 87
Trd, 4319683.493, 86
Trd, 4319684.993, 86
Trd, 4319685.143, 107
Trd, 4319687.593, 112
Trd, 4319689.343, 112
Trd, 4319690.343, 112
Trd, 4319690.393, 102
Trd, 4319693.593, 92
Trd, 4319694.293, 115
Trd, 4319695.243, 131
Trd, 4319695.293, 110
Trd, 4319696.893, 109
Trd, 4319697.343, 111
Trd, 4319697.793, 113
Trd, 4319697.993, 85
Trd, 4319699.743, 106
Trd, 4319700.793, 100
Trd, 4319702.943, 98
Trd, 4319703.493, 97
Trd, 4319703.843, 98
Trd, 4319703.993, 113
Trd, 4319704.743, 106
Trd, 4319706.293, 100
Trd, 4319707.843, 101
Trd, 4319710.293, 101
Trd, 4319710.793, 100
Trd, 4319711.143, 97
Trd, 4319713.593, 99
Trd, 4319714.793, 99
Trd, 4319715.343, 98
Trd, 4319715.743, 97
Trd, 4319718.843, 97
Trd, 4319719.543, 97
Trd, 4319719.643, 96
Trd, 4319721.493, 98
Trd, 4319722.493, 98
Trd, 4319724.043, 95
Trd, 4319724.793, 105
Trd, 4319726.243, 107
Trd, 4319726.893, 94
Trd, 4319728.593, 99
Trd, 4319728.943, 98
Trd, 4319731.743, 97
Trd, 4319732.293, 96
Trd, 4319732.493, 93
Trd, 4319732.843, 107
Trd, 4319736.593, 93
Trd, 4319737.693, 95
Trd, 4319737.893, 96
Trd, 4319738.593, 95
Trd, 4319740.943, 95
Trd, 4319741.943, 96
Trd, 4319743.943, 103
Trd, 4319745.193, 92
Trd, 4319750.193, 95
Trd, 4319750.743, 95
Trd, 4319750.993, 92
Trd, 4319751.043, 113
Trd, 4319752.293, 91
Trd, 4319753.743, 113
Trd, 4319754.343, 100
Trd, 4319754.743, 100
Trd, 4319756.643, 98
Trd, 4319758.343, 95
Trd, 4319760.943, 94
Trd, 4319760.993, 90
Trd, 4319761.593, 94
Trd, 4319763.443, 93
Trd, 4319764.143, 93
Trd, 4319764.943, 89
Trd, 4319767.043, 93
Trd, 4319768.143, 90
Trd, 4319768.193, 92
Trd, 4319769.043, 98
Trd, 4319771.843, 94
Trd, 4319773.093, 94
Trd, 4319773.843, 94
Trd, 4319776.343, 94
Trd, 4319776.493, 94
Trd, 4319777.843, 93
Trd, 4319778.393, 95
Trd, 4319778.743, 105
Trd, 4319779.543, 97
Trd, 4319784.393, 95
Trd, 4319786.343, 94
Trd, 4319786.893, 92
Trd, 4319788.893, 94
Trd, 4319789.143, 94
Trd, 4319790.743, 94
Trd, 4319791.143, 95
Trd, 4319792.193, 92
Trd, 4319792.843, 95
Trd, 4319794.593, 94
Trd, 4319796.743, 95
Trd, 4319797.843, 111
Trd, 4319797.943, 113
Trd, 4319798.443, 91
Trd, 4319799.193, 106
Trd, 4319801.193, 99
Trd, 4319802.543, 100
Trd, 4319803.793, 94
Trd, 4319804.143, 101
Trd, 4319804.543, 104
Trd, 4319804.893, 102
Trd, 4319807.593, 101
Trd, 4319808.043, 101
Trd, 4319808.493, 105
Trd, 4319810.643, 96
Trd, 4319813.043, 94
Trd, 4319814.393, 98
Trd, 4319815.443, 96
Trd, 4319816.593, 97
Trd, 4319819.193, 95
Trd, 4319819.593, 96
Trd, 4319822.893, 94
Trd, 4319824.543, 97
Trd, 4319825.343, 108
Trd, 4319826.843, 94
Trd, 4319827.343, 96
Trd, 4319828.093, 93
Trd, 4319828.893, 98
Trd, 4319831.043, 103
Trd, 4319831.393, 108
Trd, 4319833.443, 98
Trd, 4319834.793, 96
Trd, 4319836.793, 94
Trd, 4319836.893, 96
Trd, 4319839.843, 93
Trd, 4319840.043, 95
Trd, 4319840.693, 94
Trd, 4319843.693, 94
Trd, 4319843.893, 92
Trd, 4319845.043, 93
Trd, 4319848.043, 93
Trd, 4319848.193, 93
Trd, 4319848.993, 94
Trd, 4319849.793, 108
Trd, 4319853.993, 91
Trd, 4319854.643, 94
Trd, 4319857.093, 93
Trd, 4319859.093, 93
Trd, 4319861.043, 93
Trd, 4319861.693, 90
Trd, 4319863.093, 94
Trd, 4319863.843, 94
Trd, 4319865.993, 94
Trd, 4319866.493, 113
Trd, 4319867.193, 105
Trd, 4319869.343, 101
Trd, 4319870.943, 104
Trd, 4319871.443, 89
Trd, 4319871.893, 99
Trd, 4319873.343, 103
Trd, 4319874.393, 100
Trd, 4319876.793, 98
Trd, 4319876.943, 88
Trd, 4319879.443, 98
Trd, 4319879.743, 104
Trd, 4319880.493, 99
Trd, 4319882.543, 88
Trd, 4319884.693, 97
Trd, 4319885.893, 87
Trd, 4319886.343, 91
Trd, 4319888.143, 91
Trd, 4319888.843, 91
Trd, 4319891.093, 90
Trd, 4319892.043, 86
Trd, 4319893.143, 89
Trd, 4319897.043, 85
Trd, 4319897.593, 88
Trd, 4319898.943, 87
Trd, 4319899.193, 95
Trd, 4319900.743, 90
Trd, 4319902.593, 84
Trd, 4319903.293, 89
Trd, 4319906.143, 88
Trd, 4319907.043, 88
Trd, 4319907.893, 83
Trd, 4319909.193, 104
Trd, 4319910.293, 93
Trd, 4319910.743, 82
Trd, 4319912.543, 88
Trd, 4319912.693, 105
Trd, 4319916.793, 88
Trd, 4319918.193, 91
Trd, 4319918.493, 90
Trd, 4319919.193, 90
Trd, 4319920.693, 86
Trd, 4319922.843, 89
Trd, 4319924.543, 87
Trd, 4319926.943, 88
Trd, 4319927.493, 88
Trd, 4319929.743, 88
Trd, 4319930.193, 104
Trd, 4319932.893, 86
Trd, 4319933.043, 89
Trd, 4319933.893, 93
Trd, 4319934.593, 95
Trd, 4319935.743, 92
Trd, 4319940.293, 91
Trd, 4319940.943, 91
Trd, 4319941.493, 86
Trd, 4319943.393, 91
Trd, 4319943.893, 95
Trd, 4319944.543, 87
Trd, 4319944.943, 86
Trd, 4319947.693, 93
Trd, 4319949.493, 92
Trd, 4319950.243, 104
Trd, 4319952.143, 90
Trd, 4319952.193, 96
Trd, 4319953.893, 95
Trd, 4319957.643, 93
Trd, 4319957.843, 89
Trd, 4319957.893, 93
Trd, 4319959.893, 93
Trd, 4319961.543, 95
Trd, 4319963.443, 106
Trd, 4319965.043, 110
Trd, 4319965.193, 88
Trd, 4319969.043, 94
Trd, 4319969.443, 93
Trd, 4319970.443, 87
Trd, 4319970.593, 93
Trd, 4319971.193, 86
Trd, 4319974.243, 95
Trd, 4319974.343, 107
Trd, 4319976.543, 94
Trd, 4319980.293, 87
Trd, 4319980.493, 91
Trd, 4319980.943, 92
Trd, 4319982.893, 91
Trd, 4319984.243, 87
Trd, 4319985.593, 91
Trd, 4319985.993, 91
Trd, 4319987.993, 90
Trd, 4319989.943, 90
Trd, 4319990.693, 88
Trd, 4319990.793, 90
Trd, 4319992.943, 90
Trd, 4319993.093, 95
Trd, 4319993.993, 88
Trd, 4319995.793, 92
Trd, 4319996.343, 87
Trd, 4319998.343, 104
Trd, 4319999.143, 96
