Trd, 4317874.643, 101
Trd, 4317876.043, 102
Trd, 4317876.793, 101
Trd, 4317880.143, 100
Trd, 4317880.643, 101
Trd, 4317881.943, 99
Trd, 4317882.943, 98
Trd, 4317884.343, 98
Trd, 4317885.693, 97
Trd, 4317886.593, 97
Trd, 4317886.643, 98
Trd, 4317886.993, 97
Trd, 4317887.493, 93
Trd, 4317889.893, 97
Trd, 4317890.193, 96
Trd, 4317892.493, 102
Trd, 4317892.643, 101
Trd, 4317894.793, 101
Trd, 4317896.993, 94
Trd, 4317899.093, 99
Trd, 4317899.893, 98
Trd, 4317900.293, 97
Trd, 4317901.093, 97
Trd, 4317904.143, 101
Trd, 4317904.393, 100
Trd, 4317905.093, 100
Trd, 4317905.993, 100
Trd, 4317906.193, 93
Trd, 4317908.743, 95
Trd, 4317910.093, 98
Trd, 4317910.193, 97
Trd, 4317913.093, 96
Trd, 4317913.743, 97
Trd, 4317914.543, 95
Trd, 4317916.093, 98
Trd, 4317918.643, 97
Trd, 4317919.093, 95
Trd, 4317919.293, 94
Trd, 4317921.843, 91
Trd, 4317922.593, 86
Trd, 4317924.093, 95
Trd, 4317924.693, 96
Trd, 4317926.843, 100
Trd, 4317927.893, 101
Trd, 4317929.493, 103
Trd, 4317930.393, 103
Trd, 4317930.493, 102
Trd, 4317931.443, 102
Trd, 4317933.493, 105
Trd, 4317934.043, 104
Trd, 4317935.593, 103
Trd, 4317936.893, 104
Trd, 4317937.893, 102
Trd, 4317938.143, 102
Trd, 4317939.843, 102
Trd, 4317941.393, 101
Trd, 4317943.243, 102
Trd, 4317944.843, 100
Trd, 4317945.993, 100
Trd, 4317947.693, 99
Trd, 4317950.543, 101
Trd, 4317951.543, 100
Trd, 4317953.293, 101
Trd, 4317954.193, 101
Trd, 4317955.793, 99
Trd, 4317956.093, 99
Trd, 4317956.293, 98
Trd, 4317958.543, 99
Trd, 4317960.893, 99
Trd, 4317961.343, 99
Trd, 4317963.393, 100
Trd, 4317964.693, 100
Trd, 4317965.743, 99
Trd, 4317967.793, 98
Trd, 4317968.393, 97
Trd, 4317972.493, 100
Trd, 4317974.993, 100
Trd, 4317975.243, 98
Trd, 4317978.193, 98
Trd, 4317978.393, 97
Trd, 4317982.193, 97
Trd, 4317982.893, 98
Trd, 4317982.943, 99
Trd, 4317984.993, 96
Trd, 4317986.043, 98
Trd, 4317986.393, 97
Trd, 4317987.793, 102
Trd, 4317988.643, 101
Trd, 4317990.093, 101
Trd, 4317990.793, 99
Trd, 4317992.343, 94
Trd, 4317994.893, 101
Trd, 4317995.943, 103
Trd, 4317996.693, 104
Trd, 4317997.593, 103
Trd, 4317998.843, 104
Trd, 4317999.093, 104
Trd, 4318001.143, 103
Trd, 4318001.343, 103
Trd, 4318001.943, 94
Trd, 4318005.593, 102
Trd, 4318007.843, 103
Trd, 4318008.993, 101
Trd, 4318010.093, 101
Trd, 4318011.493, 102
Trd, 4318012.343, 101
Trd, 4318014.293, 101
Trd, 4318014.543, 100
Trd, 4318015.343, 100
Trd, 4318017.693, 99
Trd, 4318018.643, 100
Trd, 4318020.693, 100
Trd, 4318023.593, 100
Trd, 4318024.093, 100
Trd, 4318024.693, 99
Trd, 4318027.693, 100
Trd, 4318028.943, 100
Trd, 4318029.443, 99
Trd, 4318032.093, 99
Trd, 4318032.693, 99
Trd, 4318033.243, 97
Trd, 4318034.093, 97
Trd, 4318035.143, 98
Trd, 4318036.943, 102
Trd, 4318036.993, 101
Trd, 4318039.593, 100
Trd, 4318040.793, 101
Trd, 4318042.893, 100
Trd, 4318044.043, 100
Trd, 4318044.443, 99
Trd, 4318044.493, 95
Trd, 4318046.493, 100
Trd, 4318047.193, 99
Trd, 4318048.893, 99
Trd, 4318049.193, 95
Trd, 4318050.493, 98
Trd, 4318052.043, 100
Trd, 4318052.293, 99
Trd, 4318054.493, 98
Trd, 4318054.843, 98
Trd, 4318056.543, 99
Trd, 4318058.143, 99
Trd, 4318058.493, 98
Trd, 4318060.143, 97
Trd, 4318062.693, 97
Trd, 4318063.643, 96
Trd, 4318064.293, 97
Trd, 4318065.543, 96
Trd, 4318066.393, 95
Trd, 4318067.643, 95
Trd, 4318071.193, 95
Trd, 4318071.743, 96
Trd, 4318072.293, 95
Trd, 4318073.043, 94
Trd, 4318074.343, 94
Trd, 4318076.693, 94
Trd, 4318077.143, 94
Trd, 4318079.743, 93
Trd, 4318079.993, 94
Trd, 4318082.393, 95
Trd, 4318082.843, 92
Trd, 4318083.593, 92
Trd, 4318085.243, 95
Trd, 4318085.543, 95
Trd, 4318086.193, 95
Trd, 4318087.693, 94
Trd, 4318090.293, 95
Trd, 4318090.943, 95
Trd, 4318091.993, 79
Trd, 4318093.593, 90
Trd, 4318093.643, 95
Trd, 4318095.593, 95
Trd, 4318096.543, 94
Trd, 4318098.443, 95
Trd, 4318099.243, 95
Trd, 4318100.343, 96
Trd, 4318102.343, 95
Trd, 4318102.643, 95
Trd, 4318105.743, 97
Trd, 4318105.893, 98
Trd, 4318105.993, 95
Trd, 4318106.943, 87
Trd, 4318110.793, 96
Trd, 4318111.893, 95
Trd, 4318112.793, 94
Trd, 4318113.343, 93
Trd, 4318115.793, 96
Trd, 4318116.043, 96
Trd, 4318116.993, 95
Trd, 4318119.593, 96
Trd, 4318120.543, 97
Trd, 4318120.693, 94
Trd, 4318123.193, 96
Trd, 4318124.243, 94
Trd, 4318125.743, 96
Trd, 4318126.593, 99
Trd, 4318127.043, 98
Trd, 4318127.643, 97
Trd, 4318130.043, 98
Trd, 4318130.193, 98
Trd, 4318131.493, 97
Trd, 4318132.993, 96
Trd, 4318134.693, 96
Trd, 4318135.643, 96
Trd, 4318136.143, 96
Trd, 4318138.043, 97
Trd, 4318139.293, 96
Trd, 4318141.693, 96
Trd, 4318142.193, 96
Trd, 4318143.093, 95
Trd, 4318145.693, 97
Trd, 4318145.743, 95
Trd, 4318148.343, 95
Trd, 4318149.643, 96
Trd, 4318149.893, 95
Trd, 4318150.593, 96
Trd, 4318152.743, 96
Trd, 4318153.293, 94
Trd, 4318153.893, 95
Trd, 4318156.843, 100
Trd, 4318159.793, 100
Trd, 4318160.843, 99
Trd, 4318160.893, 99
Trd, 4318162.693, 101
Trd, 4318163.593, 100
Trd, 4318164.043, 100
Trd, 4318164.943, 100
Trd, 4318167.893, 105
Trd, 4318167.943, 103
Trd, 4318168.343, 105
Trd, 4318169.843, 103
Trd, 4318172.293, 102
Trd, 4318172.393, 95
Trd, 4318175.993, 101
Trd, 4318176.793, 101
Trd, 4318177.293, 99
Trd, 4318177.643, 99
Trd, 4318179.093, 98
Trd, 4318179.293, 100
Trd, 4318182.593, 99
Trd, 4318182.993, 98
Trd, 4318185.543, 103
Trd, 4318186.093, 103
Trd, 4318186.243, 103
Trd, 4318187.993, 102
Trd, 4318189.843, 101
Trd, 4318190.343, 100
Trd, 4318191.443, 99
Trd, 4318191.693, 97
Trd, 4318192.543, 95
Trd, 4318193.493, 78
Trd, 4318195.793, 95
Trd, 4318196.643, 96
Trd, 4318199.043, 97
Trd, 4318200.043, 97
Trd, 4318202.193, 96
Trd, 4318203.543, 95
Trd, 4318204.193, 97
Trd, 4318204.393, 97
Trd, 4318206.843, 96
Trd, 4318208.293, 96
Trd, 4318208.643, 97
Trd, 4318208.843, 94
Trd, 4318213.293, 95
Trd, 4318213.743, 94
Trd, 4318214.893, 95
Trd, 4318215.243, 94
Trd, 4318217.393, 94
Trd, 4318218.393, 95
Trd, 4318218.743, 95
Trd, 4318220.193, 99
Trd, 4318220.793, 99
Trd, 4318223.393, 100
Trd, 4318223.993, 100
Trd, 4318224.543, 100
Trd, 4318225.393, 97
Trd, 4318228.093, 101
Trd, 4318228.743, 101
Trd, 4318230.643, 103
Trd, 4318231.893, 103
Trd, 4318234.343, 102
Trd, 4318234.843, 104
Trd, 4318236.393, 103
Trd, 4318237.443, 102
Trd, 4318240.043, 103
Trd, 4318241.143, 103
Trd, 4318243.093, 103
Trd, 4318243.343, 102
Trd, 4318243.593, 101
Trd, 4318246.643, 104
Trd, 4318248.143, 104
Trd, 4318248.243, 104
Trd, 4318249.093, 95
Trd, 4318252.843, 101
Trd, 4318253.543, 106
Trd, 4318254.243, 106
Trd, 4318255.243, 106
Trd, 4318257.943, 103
Trd, 4318258.143, 104
Trd, 4318259.593, 102
Trd, 4318260.943, 96
Trd, 4318261.393, 99
Trd, 4318261.643, 103
Trd, 4318264.343, 102
Trd, 4318266.293, 102
Trd, 4318267.443, 102
Trd, 4318268.193, 101
Trd, 4318268.843, 102
Trd, 4318270.293, 101
Trd, 4318270.493, 102
Trd, 4318271.343, 104
Trd, 4318273.793, 101
Trd, 4318273.893, 95
Trd, 4318275.393, 101
Trd, 4318276.143, 101
Trd, 4318276.593, 100
Trd, 4318278.543, 100
Trd, 4318280.093, 100
Trd, 4318280.343, 77
Trd, 4318283.993, 101
Trd, 4318284.343, 100
Trd, 4318285.943, 97
Trd, 4318286.493, 99
Trd, 4318288.043, 97
Trd, 4318291.443, 98
Trd, 4318293.243, 97
Trd, 4318294.743, 98
Trd, 4318296.693, 98
Trd, 4318297.393, 98
Trd, 4318297.493, 97
Trd, 4318301.193, 98
Trd, 4318301.943, 100
Trd, 4318302.193, 99
Trd, 4318305.743, 100
Trd, 4318307.193, 99
Trd, 4318308.343, 98
Trd, 4318310.343, 98
Trd, 4318310.743, 99
Trd, 4318311.043, 98
Trd, 4318311.943, 99
Trd, 4318312.943, 98
Trd, 4318314.543, 100
Trd, 4318315.143, 100
Trd, 4318315.293, 99
Trd, 4318318.193, 99
Trd, 4318321.293, 98
Trd, 4318322.993, 98
Trd, 4318323.143, 98
Trd, 4318324.793, 98
Trd, 4318325.543, 98
Trd, 4318326.843, 98
Trd, 4318327.993, 98
Trd, 4318330.293, 100
Trd, 4318330.893, 98
Trd, 4318331.243, 97
Trd, 4318332.443, 99
Trd, 4318334.043, 98
Trd, 4318335.293, 99
Trd, 4318335.943, 97
Trd, 4318337.543, 99
Trd, 4318337.743, 96
Trd, 4318340.993, 97
Trd, 4318341.343, 96
Trd, 4318341.393, 95
Trd, 4318344.793, 95
Trd, 4318345.643, 95
Trd, 4318348.293, 97
Trd, 4318348.793, 97
Trd, 4318348.993, 98
Trd, 4318349.143, 95
Trd, 4318350.193, 96
Trd, 4318350.293, 97
Trd, 4318352.543, 96
Trd, 4318355.043, 99
Trd, 4318356.493, 102
Trd, 4318357.143, 99
Trd, 4318359.393, 95
Trd, 4318360.893, 91
Trd, 4318361.743, 96
Trd, 4318363.743, 92
Trd, 4318363.943, 93
Trd, 4318365.893, 96
Trd, 4318366.143, 94
Trd, 4318366.793, 94
Trd, 4318369.693, 100
Trd, 4318370.693, 99
Trd, 4318370.893, 99
Trd, 4318372.393, 100
Trd, 4318374.243, 99
Trd, 4318374.743, 95
Trd, 4318377.593, 98
Trd, 4318377.643, 97
Trd, 4318379.543, 97
Trd, 4318380.943, 96
Trd, 4318381.343, 95
Trd, 4318381.893, 95
Trd, 4318385.193, 96
Trd, 4318387.593, 96
Trd, 4318388.493, 96
Trd, 4318388.943, 95
Trd, 4318389.093, 95
Trd, 4318390.193, 99
Trd, 4318391.793, 99
Trd, 4318392.343, 99
Trd, 4318393.843, 100
Trd, 4318394.443, 93
Trd, 4318394.993, 95
Trd, 4318397.293, 100
Trd, 4318397.493, 99
Trd, 4318398.993, 100
Trd, 4318401.493, 105
Trd, 4318402.093, 104
Trd, 4318402.493, 99
Trd, 4318405.193, 101
Trd, 4318406.093, 101
Trd, 4318407.593, 88
Trd, 4318409.043, 98
Trd, 4318409.793, 97
Trd, 4318411.893, 98
Trd, 4318412.793, 94
Trd, 4318414.693, 97
Trd, 4318416.093, 99
Trd, 4318417.493, 98
Trd, 4318418.343, 98
Trd, 4318419.293, 98
Trd, 4318420.943, 98
Trd, 4318423.243, 99
Trd, 4318423.443, 98
Trd, 4318424.093, 97
Trd, 4318425.193, 97
Trd, 4318428.093, 97
Trd, 4318428.143, 95
Trd, 4318429.193, 97
Trd, 4318431.943, 99
Trd, 4318432.293, 99
Trd, 4318433.293, 100
Trd, 4318434.143, 98
Trd, 4318434.643, 98
Trd, 4318438.343, 99
Trd, 4318440.443, 97
Trd, 4318441.143, 98
Trd, 4318441.193, 97
Trd, 4318442.393, 96
Trd, 4318444.093, 97
Trd, 4318444.743, 97
Trd, 4318445.443, 96
Trd, 4318446.043, 97
Trd, 4318447.693, 96
Trd, 4318447.893, 85
Trd, 4318450.243, 97
Trd, 4318451.043, 96
Trd, 4318451.443, 95
Trd, 4318451.843, 77
Trd, 4318455.243, 96
Trd, 4318456.943, 95
Trd, 4318459.743, 98
Trd, 4318460.493, 98
Trd, 4318461.543, 97
Trd, 4318462.443, 99
Trd, 4318464.943, 97
Trd, 4318465.193, 98
Trd, 4318466.043, 97
Trd, 4318468.743, 99
Trd, 4318470.693, 98
Trd, 4318471.893, 99
Trd, 4318473.093, 98
Trd, 4318474.893, 98
Trd, 4318475.793, 98
Trd, 4318477.393, 93
Trd, 4318481.543, 98
Trd, 4318482.443, 98
Trd, 4318483.193, 97
Trd, 4318483.643, 97
Trd, 4318485.543, 99
Trd, 4318486.643, 100
Trd, 4318487.293, 99
Trd, 4318489.043, 101
Trd, 4318493.393, 107
Trd, 4318493.593, 107
Trd, 4318494.693, 105
Trd, 4318495.893, 103
Trd, 4318497.693, 103
Trd, 4318501.093, 102
Trd, 4318501.393, 104
Trd, 4318503.343, 102
Trd, 4318504.993, 102
Trd, 4318506.493, 94
Trd, 4318507.693, 102
Trd, 4318511.743, 101
Trd, 4318511.943, 100
Trd, 4318513.943, 100
Trd, 4318514.643, 102
Trd, 4318516.593, 100
Trd, 4318517.493, 100
Trd, 4318519.493, 97
Trd, 4318520.243, 97
Trd, 4318520.593, 95
Trd, 4318522.393, 94
Trd, 4318522.943, 95
Trd, 4318523.693, 78
Trd, 4318526.793, 94
Trd, 4318527.693, 94
Trd, 4318528.543, 93
Trd, 4318529.743, 95
Trd, 4318533.143, 103
Trd, 4318533.293, 101
Trd, 4318533.643, 100
Trd, 4318534.693, 100
Trd, 4318535.743, 100
Trd, 4318538.693, 99
Trd, 4318538.743, 95
Trd, 4318540.843, 99
Trd, 4318541.343, 98
Trd, 4318541.743, 98
Trd, 4318542.843, 98
Trd, 4318544.143, 100
Trd, 4318544.943, 99
Trd, 4318545.393, 99
Trd, 4318547.693, 100
Trd, 4318547.793, 100
Trd, 4318549.693, 100
Trd, 4318552.243, 100
Trd, 4318553.843, 99
Trd, 4318554.293, 99
Trd, 4318555.993, 101
Trd, 4318556.793, 101
Trd, 4318557.643, 102
Trd, 4318557.893, 101
Trd, 4318559.143, 102
Trd, 4318560.643, 101
Trd, 4318562.543, 100
Trd, 4318565.193, 101
Trd, 4318567.343, 99
Trd, 4318567.593, 99
Trd, 4318568.743, 100
Trd, 4318568.793, 98
Trd, 4318569.543, 94
Trd, 4318571.543, 100
Trd, 4318571.843, 98
Trd, 4318575.993, 100
Trd, 4318576.543, 100
Trd, 4318577.093, 97
Trd, 4318577.893, 96
Trd, 4318578.943, 97
Trd, 4318579.843, 99
Trd, 4318581.143, 98
Trd, 4318582.393, 97
Trd, 4318586.593, 96
Trd, 4318587.743, 97
Trd, 4318588.993, 96
Trd, 4318589.593, 95
Trd, 4318591.243, 97
Trd, 4318593.493, 96
Trd, 4318594.943, 94
Trd, 4318596.243, 97
Trd, 4318597.643, 97
Trd, 4318601.243, 104
Trd, 4318602.393, 102
Trd, 4318603.193, 105
Trd, 4318603.593, 106
Trd, 4318604.643, 106
Trd, 4318604.743, 104
Trd, 4318605.793, 98
Trd, 4318607.393, 103
Trd, 4318607.893, 102
Trd, 4318608.543, 95
Trd, 4318609.993, 95
Trd, 4318612.493, 96
Trd, 4318613.093, 98
Trd, 4318614.093, 97
Trd, 4318615.493, 98
Trd, 4318615.693, 97
Trd, 4318616.893, 98
Trd, 4318617.693, 98
Trd, 4318619.693, 99
Trd, 4318620.093, 98
Trd, 4318621.543, 98
Trd, 4318622.893, 97
Trd, 4318624.593, 100
Trd, 4318625.143, 99
Trd, 4318626.893, 99
Trd, 4318628.043, 100
Trd, 4318628.493, 97
Trd, 4318629.943, 96
Trd, 4318631.143, 96
Trd, 4318633.493, 98
Trd, 4318633.743, 98
Trd, 4318634.393, 96
Trd, 4318636.443, 95
Trd, 4318640.593, 96
Trd, 4318641.143, 96
Trd, 4318641.193, 95
Trd, 4318641.543, 95
Trd, 4318642.043, 81
Trd, 4318644.043, 98
Trd, 4318646.693, 100
Trd, 4318647.943, 101
Trd, 4318647.993, 100
Trd, 4318648.743, 99
Trd, 4318649.993, 100
Trd, 4318650.443, 99
Trd, 4318652.293, 99
Trd, 4318653.793, 98
Trd, 4318658.243, 99
Trd, 4318658.343, 98
Trd, 4318658.693, 97
Trd, 4318660.143, 97
Trd, 4318660.793, 97
Trd, 4318663.243, 99
Trd, 4318664.343, 98
Trd, 4318666.493, 97
Trd, 4318667.793, 99
Trd, 4318668.543, 97
Trd, 4318669.893, 98
Trd, 4318673.893, 97
Trd, 4318674.843, 98
Trd, 4318674.993, 97
Trd, 4318675.493, 95
Trd, 4318677.293, 96
Trd, 4318678.743, 98
Trd, 4318679.543, 95
Trd, 4318683.793, 95
Trd, 4318683.843, 96
Trd, 4318684.493, 96
Trd, 4318684.693, 94
Trd, 4318686.693, 96
Trd, 4318687.543, 96
Trd, 4318687.893, 95
Trd, 4318688.143, 95
Trd, 4318690.293, 96
Trd, 4318690.843, 95
Trd, 4318692.343, 96
Trd, 4318693.893, 94
Trd, 4318695.493, 94
Trd, 4318695.593, 94
Trd, 4318698.943, 94
Trd, 4318699.393, 93
Trd, 4318700.143, 93
Trd, 4318700.693, 93
Trd, 4318703.293, 97
Trd, 4318705.043, 100
Trd, 4318707.143, 100
Trd, 4318709.393, 101
Trd, 4318710.143, 102
Trd, 4318710.243, 101
Trd, 4318710.693, 102
Trd, 4318711.093, 94
Trd, 4318713.043, 99
Trd, 4318714.093, 101
Trd, 4318714.993, 99
Trd, 4318716.243, 99
Trd, 4318718.143, 100
Trd, 4318719.693, 100
Trd, 4318720.093, 100
Trd, 4318722.193, 100
Trd, 4318723.443, 100
Trd, 4318723.993, 98
Trd, 4318724.993, 98
Trd, 4318726.243, 96
Trd, 4318727.243, 99
Trd, 4318728.543, 98
Trd, 4318728.643, 97
Trd, 4318729.593, 98
Trd, 4318729.993, 96
Trd, 4318732.743, 86
Trd, 4318734.243, 98
Trd, 4318735.043, 96
Trd, 4318736.193, 96
Trd, 4318738.243, 95
Trd, 4318738.443, 95
Trd, 4318739.843, 95
Trd, 4318741.043, 96
Trd, 4318741.293, 97
Trd, 4318744.643, 94
Trd, 4318744.943, 95
Trd, 4318745.443, 94
Trd, 4318745.593, 95
Trd, 4318746.043, 95
Trd, 4318749.043, 95
Trd, 4318749.693, 95
Trd, 4318749.893, 95
Trd, 4318751.043, 95
Trd, 4318752.793, 95
Trd, 4318753.043, 94
Trd, 4318754.143, 95
Trd, 4318756.243, 95
Trd, 4318758.443, 95
Trd, 4318759.293, 95
Trd, 4318760.493, 95
Trd, 4318761.593, 94
Trd, 4318762.843, 93
Trd, 4318763.693, 77
Trd, 4318764.593, 89
Trd, 4318765.693, 92
Trd, 4318768.543, 91
Trd, 4318769.593, 90
Trd, 4318771.193, 90
Trd, 4318771.443, 91
Trd, 4318772.743, 96
Trd, 4318772.793, 94
Trd, 4318773.593, 90
Trd, 4318776.043, 97
Trd, 4318776.543, 96
Trd, 4318778.243, 100
Trd, 4318779.543, 99
Trd, 4318780.343, 99
Trd, 4318780.643, 99
Trd, 4318783.743, 99
Trd, 4318785.893, 99
Trd, 4318786.643, 99
Trd, 4318787.393, 98
Trd, 4318787.643, 99
Trd, 4318790.343, 99
Trd, 4318792.893, 98
Trd, 4318793.593, 97
Trd, 4318797.143, 96
Trd, 4318797.543, 97
Trd, 4318798.643, 97
Trd, 4318798.943, 96
Trd, 4318799.393, 96
Trd, 4318800.443, 99
Trd, 4318802.593, 100
Trd, 4318803.493, 100
Trd, 4318803.943, 99
Trd, 4318805.793, 100
Trd, 4318806.993, 99
Trd, 4318807.543, 98
Trd, 4318808.393, 81
Trd, 4318809.043, 96
Trd, 4318811.143, 95
Trd, 4318811.193, 95
Trd, 4318813.843, 96
Trd, 4318814.543, 95
Trd, 4318816.393, 96
Trd, 4318818.993, 95
Trd, 4318820.043, 95
Trd, 4318820.393, 95
Trd, 4318820.593, 95
Trd, 4318821.393, 94
Trd, 4318823.443, 96
Trd, 4318824.293, 95
Trd, 4318825.793, 97
Trd, 4318826.293, 95
Trd, 4318826.943, 95
Trd, 4318831.343, 95
Trd, 4318831.743, 94
Trd, 4318832.543, 94
Trd, 4318833.943, 95
Trd, 4318835.093, 94
Trd, 4318837.393, 95
Trd, 4318837.993, 96
Trd, 4318838.593, 95
Trd, 4318840.543, 103
Trd, 4318841.343, 96
Trd, 4318842.593, 98
Trd, 4318843.443, 98
Trd, 4318844.893, 98
Trd, 4318847.343, 103
Trd, 4318847.543, 102
Trd, 4318847.993, 102
Trd, 4318849.143, 101
Trd, 4318850.043, 96
Trd, 4318851.493, 99
Trd, 4318853.293, 99
Trd, 4318854.043, 99
Trd, 4318855.143, 97
Trd, 4318855.493, 75
Trd, 4318856.343, 95
Trd, 4318856.893, 94
Trd, 4318858.843, 95
Trd, 4318859.293, 96
Trd, 4318859.743, 95
Trd, 4318861.843, 98
Trd, 4318862.743, 97
Trd, 4318863.443, 98
Trd, 4318865.543, 97
Trd, 4318865.893, 96
Trd, 4318868.243, 98
Trd, 4318869.143, 99
Trd, 4318870.393, 98
Trd, 4318871.993, 97
Trd, 4318872.643, 96
Trd, 4318874.293, 97
Trd, 4318875.743, 97
Trd, 4318876.193, 76
Trd, 4318876.493, 94
Trd, 4318881.393, 95
Trd, 4318881.443, 92
Trd, 4318882.893, 93
Trd, 4318883.743, 94
Trd, 4318884.443, 92
Trd, 4318885.743, 95
Trd, 4318885.893, 94
Trd, 4318888.393, 92
Trd, 4318890.243, 96
Trd, 4318890.843, 96
Trd, 4318891.793, 95
Trd, 4318892.493, 96
Trd, 4318894.493, 97
Trd, 4318895.493, 96
Trd, 4318899.093, 96
Trd, 4318899.893, 95
Trd, 4318900.843, 98
Trd, 4318902.343, 99
Trd, 4318903.393, 99
Trd, 4318906.993, 98
Trd, 4318907.093, 98
Trd, 4318908.693, 104
Trd, 4318909.143, 102
Trd, 4318910.443, 103
Trd, 4318913.193, 102
Trd, 4318914.143, 101
Trd, 4318916.193, 101
Trd, 4318916.543, 100
Trd, 4318917.493, 101
Trd, 4318920.443, 101
Trd, 4318921.143, 100
Trd, 4318922.043, 100
Trd, 4318922.293, 99
Trd, 4318926.393, 100
Trd, 4318926.793, 99
Trd, 4318928.343, 101
Trd, 4318930.993, 102
Trd, 4318931.343, 100
Trd, 4318932.643, 99
Trd, 4318933.693, 99
Trd, 4318935.393, 99
Trd, 4318936.343, 99
Trd, 4318937.343, 99
Trd, 4318937.743, 98
Trd, 4318939.643, 97
Trd, 4318941.293, 97
Trd, 4318942.293, 97
Trd, 4318942.643, 96
Trd, 4318943.793, 97
Trd, 4318945.493, 97
Trd, 4318947.693, 104
Trd, 4318949.043, 103
Trd, 4318949.443, 102
Trd, 4318950.443, 102
Trd, 4318951.493, 102
Trd, 4318953.493, 102
Trd, 4318953.693, 101
Trd, 4318957.443, 100
Trd, 4318958.093, 95
Trd, 4318959.393, 99
Trd, 4318959.643, 97
Trd, 4318961.143, 81
Trd, 4318964.843, 96
Trd, 4318966.543, 97
Trd, 4318967.743, 97
Trd, 4318968.143, 96
Trd, 4318968.793, 97
Trd, 4318970.343, 98
Trd, 4318971.493, 98
Trd, 4318973.293, 97
Trd, 4318973.943, 97
Trd, 4318974.593, 97
Trd, 4318977.743, 98
Trd, 4318977.843, 97
Trd, 4318978.443, 96
Trd, 4318980.543, 96
Trd, 4318981.093, 95
Trd, 4318981.443, 95
Trd, 4318983.343, 95
Trd, 4318984.843, 100
Trd, 4318985.643, 102
Trd, 4318987.243, 101
Trd, 4318988.493, 101
Trd, 4318988.943, 100
Trd, 4318989.893, 96
Trd, 4318990.893, 98
Trd, 4318992.593, 97
Trd, 4318994.243, 98
Trd, 4318996.243, 98
Trd, 4318997.343, 97
Trd, 4318998.593, 99
Trd, 4318999.043, 97
Trd, 4318999.793, 96
Trd, 4319002.693, 98
Trd, 4319003.243, 98
Trd, 4319004.893, 100
Trd, 4319006.193, 99
Trd, 4319008.243, 99
Trd, 4319010.593, 97
Trd, 4319012.193, 98
Trd, 4319012.593, 98
Trd, 4319013.493, 98
Trd, 4319014.943, 98
Trd, 4319015.693, 98
Trd, 4319017.843, 99
Trd, 4319018.893, 101
Trd, 4319019.943, 102
Trd, 4319019.993, 100
Trd, 4319022.093, 101
Trd, 4319024.093, 99
Trd, 4319024.293, 99
Trd, 4319026.543, 101
Trd, 4319027.993, 104
Trd, 4319028.893, 103
Trd, 4319030.243, 103
Trd, 4319030.543, 101
Trd, 4319031.243, 101
Trd, 4319033.543, 99
Trd, 4319033.893, 95
Trd, 4319034.043, 98
Trd, 4319036.793, 96
Trd, 4319037.343, 77
Trd, 4319039.143, 89
Trd, 4319041.543, 93
Trd, 4319042.893, 96
Trd, 4319043.193, 95
Trd, 4319043.393, 95
Trd, 4319043.893, 95
Trd, 4319048.643, 98
Trd, 4319049.543, 98
Trd, 4319049.943, 97
Trd, 4319053.343, 99
Trd, 4319054.093, 100
Trd, 4319055.593, 100
Trd, 4319056.143, 99
Trd, 4319057.443, 99
Trd, 4319059.243, 100
Trd, 4319059.943, 99
Trd, 4319060.893, 95
Trd, 4319061.943, 97
Trd, 4319062.743, 96
Trd, 4319066.293, 92
Trd, 4319066.993, 91
Trd, 4319068.343, 88
Trd, 4319069.193, 77
Trd, 4319069.993, 88
Trd, 4319070.893, 98
Trd, 4319071.643, 96
Trd, 4319072.443, 95
Trd, 4319073.793, 73
Trd, 4319075.443, 95
Trd, 4319077.543, 94
Trd, 4319077.993, 91
Trd, 4319079.943, 91
Trd, 4319080.293, 91
Trd, 4319080.843, 93
Trd, 4319082.293, 94
Trd, 4319084.993, 95
Trd, 4319086.243, 93
Trd, 4319087.943, 93
Trd, 4319088.093, 95
Trd, 4319089.193, 92
Trd, 4319089.493, 79
Trd, 4319089.893, 88
Trd, 4319093.643, 87
Trd, 4319094.143, 88
Trd, 4319095.693, 87
Trd, 4319096.543, 94
Trd, 4319098.693, 90
Trd, 4319099.943, 90
Trd, 4319100.043, 95
Trd, 4319102.493, 94
Trd, 4319102.993, 93
Trd, 4319103.043, 93
Trd, 4319106.493, 93
Trd, 4319107.393, 95
Trd, 4319109.243, 95
Trd, 4319110.393, 96
Trd, 4319111.943, 95
Trd, 4319113.093, 97
Trd, 4319114.543, 97
Trd, 4319114.843, 97
Trd, 4319115.343, 96
Trd, 4319118.893, 100
Trd, 4319119.493, 101
Trd, 4319120.793, 100
Trd, 4319121.293, 100
Trd, 4319123.643, 103
Trd, 4319124.643, 102
Trd, 4319126.543, 99
Trd, 4319126.693, 94
Trd, 4319128.993, 99
Trd, 4319131.693, 98
Trd, 4319132.543, 99
Trd, 4319132.793, 98
Trd, 4319134.093, 100
Trd, 4319136.093, 101
Trd, 4319138.043, 101
Trd, 4319139.543, 102
Trd, 4319139.593, 100
Trd, 4319143.543, 102
Trd, 4319145.193, 101
Trd, 4319146.843, 99
Trd, 4319147.593, 102
Trd, 4319148.293, 99
Trd, 4319149.643, 101
Trd, 4319150.543, 102
Trd, 4319151.793, 102
Trd, 4319152.993, 102
Trd, 4319153.143, 101
Trd, 4319156.793, 102
Trd, 4319156.943, 101
Trd, 4319160.793, 101
Trd, 4319161.393, 100
Trd, 4319161.443, 100
Trd, 4319162.743, 101
Trd, 4319164.443, 104
Trd, 4319165.243, 104
Trd, 4319166.143, 104
Trd, 4319167.093, 105
Trd, 4319167.843, 103
Trd, 4319170.643, 104
Trd, 4319171.943, 103
Trd, 4319174.243, 102
Trd, 4319174.743, 102
Trd, 4319177.793, 104
Trd, 4319178.543, 104
Trd, 4319179.793, 102
Trd, 4319180.293, 102
Trd, 4319182.693, 101
Trd, 4319183.293, 102
Trd, 4319183.543, 99
Trd, 4319183.593, 99
Trd, 4319186.693, 101
Trd, 4319187.743, 100
Trd, 4319189.393, 99
Trd, 4319190.393, 99
Trd, 4319192.493, 98
Trd, 4319194.193, 98
Trd, 4319194.793, 99
Trd, 4319195.743, 98
Trd, 4319195.893, 99
Trd, 4319198.493, 97
Trd, 4319198.893, 95
Trd, 4319198.993, 96
Trd, 4319202.393, 97
Trd, 4319203.843, 98
Trd, 4319204.893, 96
Trd, 4319206.043, 95
Trd, 4319206.743, 98
Trd, 4319207.693, 99
Trd, 4319210.593, 99
Trd, 4319210.693, 99
Trd, 4319211.743, 100
Trd, 4319212.843, 99
Trd, 4319213.043, 95
Trd, 4319215.543, 100
Trd, 4319217.343, 99
Trd, 4319217.793, 98
Trd, 4319217.993, 95
Trd, 4319219.143, 98
Trd, 4319220.143, 99
Trd, 4319220.843, 99
Trd, 4319224.793, 100
Trd, 4319224.993, 100
Trd, 4319226.843, 99
Trd, 4319227.393, 100
Trd, 4319228.093, 99
Trd, 4319228.343, 100
Trd, 4319228.843, 100
Trd, 4319229.443, 99
Trd, 4319234.243, 97
Trd, 4319234.643, 97
Trd, 4319238.193, 98
Trd, 4319239.193, 96
Trd, 4319239.843, 95
Trd, 4319240.243, 96
Trd, 4319240.743, 94
Trd, 4319242.993, 95
Trd, 4319245.543, 95
Trd, 4319246.443, 95
Trd, 4319246.693, 97
Trd, 4319248.443, 95
Trd, 4319249.293, 96
Trd, 4319249.643, 97
Trd, 4319250.393, 96
Trd, 4319252.693, 96
Trd, 4319253.993, 96
Trd, 4319256.193, 98
Trd, 4319256.943, 95
Trd, 4319257.093, 95
Trd, 4319258.993, 95
Trd, 4319259.343, 96
Trd, 4319260.243, 95
Trd, 4319261.993, 96
Trd, 4319262.793, 96
Trd, 4319263.393, 84
Trd, 4319264.943, 93
Trd, 4319265.293, 92
Trd, 4319267.243, 95
Trd, 4319269.693, 97
Trd, 4319269.793, 95
Trd, 4319271.293, 97
Trd, 4319273.293, 96
Trd, 4319274.443, 95
Trd, 4319274.843, 94
Trd, 4319276.293, 96
Trd, 4319277.493, 96
Trd, 4319278.343, 103
Trd, 4319278.843, 102
Trd, 4319281.843, 102
Trd, 4319283.193, 101
Trd, 4319285.143, 100
Trd, 4319285.793, 99
Trd, 4319286.693, 100
Trd, 4319287.543, 99
Trd, 4319289.243, 98
Trd, 4319290.793, 100
Trd, 4319291.343, 99
Trd, 4319291.943, 99
Trd, 4319294.393, 101
Trd, 4319294.893, 98
Trd, 4319296.393, 98
Trd, 4319299.443, 98
Trd, 4319299.993, 97
Trd, 4319300.293, 96
Trd, 4319301.893, 96
Trd, 4319305.193, 95
Trd, 4319305.493, 95
Trd, 4319306.293, 98
Trd, 4319307.343, 95
Trd, 4319308.593, 95
Trd, 4319309.743, 79
Trd, 4319310.793, 89
Trd, 4319312.243, 94
Trd, 4319314.443, 86
Trd, 4319314.643, 94
Trd, 4319315.793, 91
Trd, 4319318.293, 92
Trd, 4319319.693, 94
Trd, 4319321.143, 93
Trd, 4319321.843, 92
Trd, 4319325.093, 104
Trd, 4319326.293, 102
Trd, 4319326.643, 100
Trd, 4319327.293, 92
Trd, 4319328.243, 77
Trd, 4319328.593, 97
Trd, 4319331.593, 94
Trd, 4319332.093, 96
Trd, 4319332.793, 95
Trd, 4319333.393, 95
Trd, 4319334.693, 97
Trd, 4319335.243, 96
Trd, 4319337.243, 95
Trd, 4319338.343, 99
Trd, 4319340.043, 98
Trd, 4319341.243, 97
Trd, 4319342.593, 97
Trd, 4319343.893, 97
Trd, 4319344.643, 98
Trd, 4319346.643, 97
Trd, 4319346.993, 97
Trd, 4319348.743, 98
Trd, 4319350.193, 96
Trd, 4319351.543, 97
Trd, 4319352.193, 98
Trd, 4319353.393, 100
Trd, 4319354.643, 102
Trd, 4319355.743, 98
Trd, 4319357.293, 97
Trd, 4319359.593, 97
Trd, 4319360.993, 96
Trd, 4319363.043, 99
Trd, 4319363.893, 99
Trd, 4319365.743, 99
Trd, 4319366.693, 100
Trd, 4319367.243, 100
Trd, 4319370.243, 99
Trd, 4319371.143, 103
Trd, 4319372.443, 100
Trd, 4319374.893, 101
Trd, 4319374.943, 101
Trd, 4319377.593, 100
Trd, 4319377.743, 94
Trd, 4319378.243, 81
Trd, 4319380.793, 96
Trd, 4319380.843, 95
Trd, 4319382.293, 72
Trd, 4319383.693, 86
Trd, 4319384.893, 80
Trd, 4319386.143, 86
Trd, 4319387.043, 93
Trd, 4319389.143, 89
Trd, 4319392.743, 94
Trd, 4319392.843, 93
Trd, 4319393.393, 92
Trd, 4319397.143, 94
Trd, 4319397.393, 95
Trd, 4319398.343, 92
Trd, 4319399.343, 92
Trd, 4319400.843, 92
Trd, 4319401.393, 94
Trd, 4319402.243, 95
Trd, 4319403.143, 92
Trd, 4319404.743, 92
Trd, 4319406.193, 92
Trd, 4319408.893, 90
Trd, 4319409.343, 92
Trd, 4319410.843, 92
Trd, 4319412.093, 92
Trd, 4319412.193, 90
Trd, 4319414.493, 92
Trd, 4319416.443, 93
Trd, 4319418.193, 93
Trd, 4319420.143, 93
Trd, 4319420.243, 92
Trd, 4319420.693, 93
Trd, 4319420.943, 94
Trd, 4319421.543, 92
Trd, 4319424.943, 93
Trd, 4319425.943, 94
Trd, 4319426.093, 92
Trd, 4319428.043, 94
Trd, 4319428.593, 92
Trd, 4319429.793, 95
Trd, 4319430.743, 91
Trd, 4319431.393, 91
Trd, 4319435.843, 93
Trd, 4319437.793, 91
Trd, 4319440.493, 94
Trd, 4319442.043, 94
Trd, 4319442.393, 93
Trd, 4319443.893, 93
Trd, 4319444.693, 95
Trd, 4319445.293, 95
Trd, 4319445.693, 94
Trd, 4319447.343, 92
Trd, 4319447.693, 93
Trd, 4319448.643, 92
Trd, 4319450.793, 94
Trd, 4319453.093, 94
Trd, 4319454.093, 94
Trd, 4319454.843, 94
Trd, 4319455.743, 95
Trd, 4319456.493, 95
Trd, 4319456.993, 93
Trd, 4319457.993, 92
Trd, 4319459.143, 94
Trd, 4319460.593, 93
Trd, 4319463.143, 94
Trd, 4319463.293, 95
Trd, 4319464.993, 96
Trd, 4319466.793, 96
Trd, 4319468.693, 99
Trd, 4319469.493, 98
Trd, 4319471.193, 99
Trd, 4319471.443, 98
Trd, 4319472.893, 97
Trd, 4319473.793, 99
Trd, 4319474.393, 98
Trd, 4319475.393, 99
Trd, 4319477.443, 99
Trd, 4319478.893, 100
Trd, 4319480.193, 100
Trd, 4319480.493, 99
Trd, 4319481.343, 99
Trd, 4319483.093, 79
Trd, 4319483.793, 95
Trd, 4319487.143, 95
Trd, 4319487.443, 94
Trd, 4319489.293, 93
Trd, 4319489.943, 95
Trd, 4319490.393, 95
Trd, 4319491.343, 96
Trd, 4319491.443, 95
Trd, 4319492.243, 94
Trd, 4319494.543, 96
Trd, 4319494.693, 96
Trd, 4319496.143, 108
Trd, 4319498.343, 111
Trd, 4319498.543, 111
Trd, 4319499.643, 110
Trd, 4319499.693, 107
Trd, 4319500.843, 104
Trd, 4319501.143, 103
Trd, 4319502.943, 105
Trd, 4319505.593, 105
Trd, 4319506.543, 105
Trd, 4319508.143, 104
Trd, 4319508.643, 104
Trd, 4319509.343, 103
Trd, 4319509.593, 96
Trd, 4319514.843, 102
Trd, 4319516.143, 102
Trd, 4319516.443, 101
Trd, 4319518.943, 100
Trd, 4319519.543, 101
Trd, 4319520.393, 101
Trd, 4319521.093, 100
Trd, 4319522.043, 78
Trd, 4319523.043, 95
Trd, 4319524.393, 92
Trd, 4319526.543, 91
Trd, 4319527.643, 93
Trd, 4319529.743, 93
Trd, 4319530.893, 93
Trd, 4319531.643, 94
Trd, 4319532.193, 93
Trd, 4319533.943, 95
Trd, 4319534.093, 93
Trd, 4319535.093, 93
Trd, 4319538.493, 98
Trd, 4319539.293, 97
Trd, 4319540.293, 96
Trd, 4319540.593, 96
Trd, 4319543.043, 98
Trd, 4319544.093, 99
Trd, 4319544.743, 98
Trd, 4319545.393, 95
Trd, 4319547.843, 96
Trd, 4319550.593, 98
Trd, 4319550.743, 96
Trd, 4319551.943, 96
Trd, 4319552.393, 95
Trd, 4319554.643, 96
Trd, 4319555.393, 95
Trd, 4319558.743, 95
Trd, 4319560.043, 95
Trd, 4319560.943, 96
Trd, 4319561.943, 95
Trd, 4319562.943, 96
Trd, 4319563.093, 95
Trd, 4319564.893, 96
Trd, 4319567.593, 96
Trd, 4319567.993, 97
Trd, 4319569.293, 96
Trd, 4319569.943, 95
Trd, 4319570.893, 96
Trd, 4319571.043, 94
Trd, 4319576.093, 103
Trd, 4319577.093, 102
Trd, 4319577.143, 101
Trd, 4319577.593, 101
Trd, 4319578.893, 101
Trd, 4319581.043, 101
Trd, 4319581.193, 100
Trd, 4319584.393, 99
Trd, 4319584.993, 95
Trd, 4319586.443, 96
Trd, 4319586.693, 97
Trd, 4319587.843, 96
Trd, 4319589.193, 97
Trd, 4319590.193, 98
Trd, 4319590.693, 98
Trd, 4319592.043, 97
Trd, 4319595.243, 101
Trd, 4319595.593, 99
Trd, 4319596.193, 93
Trd, 4319598.193, 100
Trd, 4319599.593, 99
Trd, 4319601.193, 98
Trd, 4319603.643, 97
Trd, 4319607.193, 97
Trd, 4319608.693, 97
Trd, 4319608.743, 96
Trd, 4319609.593, 97
Trd, 4319610.143, 96
Trd, 4319610.943, 97
Trd, 4319615.043, 96
Trd, 4319615.143, 95
Trd, 4319617.043, 95
Trd, 4319617.843, 95
Trd, 4319618.893, 94
Trd, 4319619.993, 96
Trd, 4319621.193, 94
Trd, 4319624.293, 95
Trd, 4319624.393, 94
Trd, 4319625.093, 94
Trd, 4319629.293, 95
Trd, 4319630.293, 95
Trd, 4319631.993, 102
Trd, 4319632.093, 99
Trd, 4319634.343, 100
Trd, 4319636.093, 99
Trd, 4319636.843, 97
Trd, 4319637.793, 99
Trd, 4319639.393, 99
Trd, 4319640.743, 100
Trd, 4319641.393, 101
Trd, 4319643.743, 99
Trd, 4319644.693, 98
Trd, 4319645.943, 100
Trd, 4319647.893, 98
Trd, 4319650.143, 96
Trd, 4319651.243, 99
Trd, 4319651.493, 97
Trd, 4319654.293, 96
Trd, 4319657.743, 97
Trd, 4319658.593, 96
Trd, 4319659.143, 96
Trd, 4319659.493, 96
Trd, 4319660.943, 96
Trd, 4319661.043, 95
Trd, 4319663.043, 94
Trd, 4319664.543, 94
Trd, 4319667.143, 95
Trd, 4319667.193, 95
Trd, 4319668.093, 93
Trd, 4319669.143, 95
Trd, 4319670.393, 94
Trd, 4319671.593, 96
Trd, 4319673.243, 96
Trd, 4319673.543, 96
Trd, 4319674.743, 95
Trd, 4319676.393, 99
Trd, 4319676.843, 98
Trd, 4319677.593, 100
Trd, 4319680.293, 100
Trd, 4319680.793, 101
Trd, 4319681.643, 94
Trd, 4319683.243, 99
Trd, 4319684.943, 100
Trd, 4319686.243, 100
Trd, 4319686.493, 99
Trd, 4319687.693, 100
Trd, 4319688.393, 99
Trd, 4319688.493, 98
Trd, 4319691.143, 98
Trd, 4319693.943, 99
Trd, 4319694.493, 99
Trd, 4319695.593, 98
Trd, 4319698.193, 100
Trd, 4319698.543, 99
Trd, 4319700.793, 99
Trd, 4319702.843, 99
Trd, 4319705.143, 99
Trd, 4319705.543, 99
Trd, 4319705.993, 98
Trd, 4319706.743, 95
Trd, 4319708.293, 97
Trd, 4319708.543, 97
Trd, 4319709.343, 97
Trd, 4319713.193, 96
Trd, 4319713.393, 97
Trd, 4319714.493, 95
Trd, 4319714.893, 95
Trd, 4319715.743, 95
Trd, 4319716.493, 94
Trd, 4319719.243, 95
Trd, 4319720.743, 95
Trd, 4319721.843, 96
Trd, 4319725.493, 96
Trd, 4319726.443, 95
Trd, 4319727.343, 96
Trd, 4319727.893, 95
Trd, 4319728.443, 77
Trd, 4319731.843, 95
Trd, 4319731.893, 93
Trd, 4319734.293, 92
Trd, 4319735.393, 94
Trd, 4319736.643, 95
Trd, 4319736.943, 92
Trd, 4319737.493, 101
Trd, 4319740.343, 104
Trd, 4319740.743, 103
Trd, 4319741.393, 103
Trd, 4319742.293, 103
Trd, 4319744.693, 102
Trd, 4319746.243, 102
Trd, 4319746.843, 102
Trd, 4319748.443, 102
Trd, 4319749.793, 101
Trd, 4319751.093, 101
Trd, 4319751.493, 100
Trd, 4319751.893, 94
Trd, 4319753.193, 98
Trd, 4319757.893, 100
Trd, 4319759.143, 98
Trd, 4319760.443, 97
Trd, 4319760.593, 97
Trd, 4319761.593, 98
Trd, 4319762.093, 96
Trd, 4319763.843, 99
Trd, 4319764.993, 97
Trd, 4319766.343, 96
Trd, 4319768.493, 103
Trd, 4319769.493, 102
Trd, 4319770.193, 103
Trd, 4319771.243, 102
Trd, 4319773.493, 102
Trd, 4319774.143, 103
Trd, 4319775.093, 103
Trd, 4319776.843, 103
Trd, 4319777.493, 102
Trd, 4319777.843, 101
Trd, 4319781.243, 102
Trd, 4319781.843, 101
Trd, 4319781.943, 101
Trd, 4319782.343, 100
Trd, 4319784.143, 98
Trd, 4319786.593, 100
Trd, 4319786.743, 99
Trd, 4319788.343, 99
Trd, 4319789.493, 101
Trd, 4319789.893, 100
Trd, 4319790.643, 99
Trd, 4319792.143, 99
Trd, 4319792.593, 99
Trd, 4319793.043, 98
Trd, 4319794.693, 82
Trd, 4319794.843, 94
Trd, 4319797.243, 95
Trd, 4319797.693, 95
Trd, 4319797.943, 96
Trd, 4319799.693, 96
Trd, 4319800.193, 95
Trd, 4319802.243, 95
Trd, 4319803.493, 94
Trd, 4319805.093, 94
Trd, 4319806.793, 95
Trd, 4319806.993, 94
Trd, 4319807.593, 95
Trd, 4319808.043, 96
Trd, 4319808.993, 95
Trd, 4319812.043, 95
Trd, 4319813.993, 95
Trd, 4319815.343, 94
Trd, 4319816.243, 95
Trd, 4319816.493, 94
Trd, 4319818.293, 94
Trd, 4319819.293, 93
Trd, 4319819.343, 95
Trd, 4319821.943, 95
Trd, 4319824.743, 95
Trd, 4319825.593, 92
Trd, 4319827.193, 93
Trd, 4319827.743, 96
Trd, 4319830.343, 97
Trd, 4319831.143, 98
Trd, 4319831.393, 97
Trd, 4319831.993, 98
Trd, 4319835.843, 97
Trd, 4319836.043, 96
Trd, 4319838.193, 96
Trd, 4319839.243, 95
Trd, 4319839.643, 95
Trd, 4319839.993, 96
Trd, 4319841.893, 95
Trd, 4319842.043, 95
Trd, 4319843.893, 94
Trd, 4319847.793, 97
Trd, 4319848.243, 97
Trd, 4319849.193, 97
Trd, 4319849.393, 96
Trd, 4319850.793, 97
Trd, 4319851.393, 97
Trd, 4319857.493, 96
Trd, 4319857.593, 96
Trd, 4319858.193, 97
Trd, 4319858.593, 95
Trd, 4319860.643, 96
Trd, 4319862.993, 95
Trd, 4319863.543, 94
Trd, 4319863.893, 94
Trd, 4319865.643, 93
Trd, 4319866.343, 94
Trd, 4319868.543, 96
Trd, 4319868.893, 95
Trd, 4319870.143, 94
Trd, 4319871.843, 94
Trd, 4319872.393, 95
Trd, 4319872.493, 95
Trd, 4319874.093, 95
Trd, 4319875.093, 95
Trd, 4319875.693, 97
Trd, 4319876.193, 96
Trd, 4319877.093, 97
Trd, 4319879.593, 95
Trd, 4319880.743, 97
Trd, 4319881.093, 98
Trd, 4319882.743, 98
Trd, 4319885.893, 100
Trd, 4319886.293, 99
Trd, 4319888.493, 98
Trd, 4319889.493, 98
Trd, 4319890.443, 98
Trd, 4319891.093, 97
Trd, 4319893.593, 96
Trd, 4319893.993, 96
Trd, 4319895.643, 95
Trd, 4319897.393, 97
Trd, 4319898.693, 96
Trd, 4319900.943, 97
Trd, 4319901.093, 96
Trd, 4319902.643, 95
Trd, 4319906.343, 95
Trd, 4319906.943, 94
Trd, 4319909.193, 96
Trd, 4319909.243, 95
Trd, 4319909.443, 93
Trd, 4319910.243, 96
Trd, 4319911.293, 95
Trd, 4319912.893, 93
Trd, 4319913.843, 92
Trd, 4319914.493, 95
Trd, 4319915.493, 92
Trd, 4319917.843, 87
Trd, 4319920.743, 91
Trd, 4319921.443, 93
Trd, 4319921.843, 95
Trd, 4319922.793, 90
Trd, 4319923.843, 90
Trd, 4319926.543, 91
Trd, 4319927.293, 90
Trd, 4319927.893, 90
Trd, 4319929.843, 89
Trd, 4319930.793, 89
Trd, 4319933.193, 89
Trd, 4319933.693, 89
Trd, 4319934.843, 88
Trd, 4319936.943, 88
Trd, 4319937.643, 87
Trd, 4319938.043, 89
Trd, 4319939.343, 89
Trd, 4319940.643, 95
Trd, 4319942.643, 93
Trd, 4319942.693, 92
Trd, 4319942.743, 89
Trd, 4319944.543, 95
Trd, 4319947.443, 96
Trd, 4319949.243, 96
Trd, 4319949.743, 95
Trd, 4319950.343, 94
Trd, 4319953.593, 100
Trd, 4319953.943, 99
Trd, 4319954.643, 98
Trd, 4319955.843, 98
Trd, 4319956.343, 99
Trd, 4319956.843, 97
Trd, 4319958.143, 97
Trd, 4319960.493, 97
Trd, 4319961.043, 96
Trd, 4319963.493, 97
Trd, 4319963.743, 96
Trd, 4319964.593, 97
Trd, 4319965.093, 95
Trd, 4319968.443, 96
Trd, 4319969.993, 97
Trd, 4319970.093, 96
Trd, 4319970.793, 95
Trd, 4319970.843, 94
Trd, 4319973.293, 98
Trd, 4319974.193, 96
Trd, 4319975.143, 96
Trd, 4319975.443, 96
Trd, 4319976.293, 96
Trd, 4319979.643, 95
Trd, 4319981.443, 96
Trd, 4319982.643, 95
Trd, 4319983.393, 96
Trd, 4319984.393, 95
Trd, 4319985.543, 95
Trd, 4319986.543, 90
Trd, 4319987.543, 95
Trd, 4319988.393, 79
Trd, 4319988.943, 79
Trd, 4319990.593, 90
Trd, 4319991.593, 87
Trd, 4319994.393, 89
Trd, 4319995.493, 89
Trd, 4319996.893, 89
Trd, 4319997.593, 95
