Trd, 4317893.293, 102
Trd, 4317895.143, 101
Trd, 4317895.743, 99
Trd, 4317898.643, 102
Trd, 4317900.793, 99
Trd, 4317900.993, 98
Trd, 4317901.093, 107
Trd, 4317903.393, 102
Trd, 4317904.193, 105
Trd, 4317905.743, 105
Trd, 4317908.793, 104
Trd, 4317910.243, 104
Trd, 4317910.443, 103
Trd, 4317910.543, 103
Trd, 4317912.093, 104
Trd, 4317912.693, 105
Trd, 4317913.593, 104
Trd, 4317914.243, 105
Trd, 4317915.493, 104
Trd, 4317918.493, 104
Trd, 4317919.843, 106
Trd, 4317920.243, 106
Trd, 4317920.343, 104
Trd, 4317922.693, 105
Trd, 4317922.793, 104
Trd, 4317925.343, 105
Trd, 4317925.793, 104
Trd, 4317928.043, 102
Trd, 4317929.943, 105
Trd, 4317930.443, 104
Trd, 4317932.393, 104
Trd, 4317933.143, 105
Trd, 4317934.293, 106
Trd, 4317934.843, 111
Trd, 4317937.593, 105
Trd, 4317938.143, 105
Trd, 4317938.243, 104
Trd, 4317939.993, 108
Trd, 4317940.693, 106
Trd, 4317942.193, 104
Trd, 4317944.843, 105
Trd, 4317945.893, 103
Trd, 4317947.843, 106
Trd, 4317949.543, 105
Trd, 4317949.693, 103
Trd, 4317951.193, 103
Trd, 4317951.993, 102
Trd, 4317953.293, 102
Trd, 4317954.493, 103
Trd, 4317955.893, 103
Trd, 4317956.493, 103
Trd, 4317959.293, 103
Trd, 4317960.743, 101
Trd, 4317961.143, 103
Trd, 4317961.993, 102
Trd, 4317962.193, 107
Trd, 4317962.793, 94
Trd, 4317963.293, 104
Trd, 4317966.343, 98
Trd, 4317966.543, 97
Trd, 4317968.543, 103
Trd, 4317969.293, 103
Trd, 4317970.043, 101
Trd, 4317971.493, 100
Trd, 4317972.843, 101
Trd, 4317973.593, 101
Trd, 4317974.493, 102
Trd, 4317975.193, 100
Trd, 4317976.743, 101
Trd, 4317978.843, 102
Trd, 4317979.593, 112
Trd, 4317980.393, 102
Trd, 4317982.593, 106
Trd, 4317984.643, 104
Trd, 4317985.143, 106
Trd, 4317986.843, 105
Trd, 4317986.943, 104
Trd, 4317989.143, 105
Trd, 4317989.243, 104
Trd, 4317990.093, 94
Trd, 4317991.243, 104
Trd, 4317993.143, 102
Trd, 4317994.893, 99
Trd, 4317995.993, 100
Trd, 4317996.493, 105
Trd, 4317996.643, 104
Trd, 4317997.243, 102
Trd, 4317998.593, 103
Trd, 4318000.743, 103
Trd, 4318001.493, 103
Trd, 4318003.693, 103
Trd, 4318004.293, 103
Trd, 4318005.943, 104
Trd, 4318006.393, 101
Trd, 4318007.543, 104
Trd, 4318008.043, 100
Trd, 4318010.743, 99
Trd, 4318012.193, 98
Trd, 4318012.443, 99
Trd, 4318017.593, 95
Trd, 4318019.543, 96
Trd, 4318019.793, 96
Trd, 4318020.093, 97
Trd, 4318022.443, 97
Trd, 4318022.593, 96
Trd, 4318024.693, 92
Trd, 4318025.593, 93
Trd, 4318026.593, 93
Trd, 4318027.493, 77
Trd, 4318029.743, 109
Trd, 4318030.493, 107
Trd, 4318031.843, 108
Trd, 4318032.293, 106
Trd, 4318032.743, 104
Trd, 4318034.193, 104
Trd, 4318034.293, 113
Trd, 4318037.143, 104
Trd, 4318037.543, 103
Trd, 4318037.993, 104
Trd, 4318040.443, 102
Trd, 4318040.643, 102
Trd, 4318042.843, 101
Trd, 4318047.743, 101
Trd, 4318047.943, 102
Trd, 4318048.143, 102
Trd, 4318048.393, 100
Trd, 4318048.493, 102
Trd, 4318050.093, 102
Trd, 4318052.643, 101
Trd, 4318052.943, 101
Trd, 4318052.993, 100
Trd, 4318054.493, 100
Trd, 4318054.893, 99
Trd, 4318058.943, 100
Trd, 4318059.593, 101
Trd, 4318061.093, 101
Trd, 4318062.943, 99
Trd, 4318063.493, 97
Trd, 4318064.393, 95
Trd, 4318065.793, 96
Trd, 4318065.893, 95
Trd, 4318067.043, 96
Trd, 4318067.493, 95
Trd, 4318070.943, 100
Trd, 4318070.993, 104
Trd, 4318071.643, 100
Trd, 4318072.593, 99
Trd, 4318073.743, 91
Trd, 4318075.443, 93
Trd, 4318075.593, 122
Trd, 4318076.693, 92
Trd, 4318077.693, 97
Trd, 4318079.393, 98
Trd, 4318079.693, 97
Trd, 4318080.043, 96
Trd, 4318080.743, 97
Trd, 4318083.093, 96
Trd, 4318084.043, 94
Trd, 4318084.893, 96
Trd, 4318087.043, 95
Trd, 4318088.493, 96
Trd, 4318090.393, 94
Trd, 4318090.493, 96
Trd, 4318091.943, 95
Trd, 4318093.943, 95
Trd, 4318095.993, 95
Trd, 4318096.493, 95
Trd, 4318097.343, 94
Trd, 4318098.593, 94
Trd, 4318098.643, 93
Trd, 4318099.343, 94
Trd, 4318101.043, 94
Trd, 4318102.943, 94
Trd, 4318103.793, 95
Trd, 4318106.743, 95
Trd, 4318107.243, 94
Trd, 4318108.693, 95
Trd, 4318109.543, 85
Trd, 4318110.693, 78
Trd, 4318111.343, 89
Trd, 4318112.193, 87
Trd, 4318114.543, 86
Trd, 4318115.793, 86
Trd, 4318116.793, 95
Trd, 4318117.443, 90
Trd, 4318119.643, 87
Trd, 4318119.943, 94
Trd, 4318122.393, 86
Trd, 4318123.543, 88
Trd, 4318125.993, 88
Trd, 4318126.393, 88
Trd, 4318129.493, 86
Trd, 4318129.893, 85
Trd, 4318131.093, 85
Trd, 4318131.293, 87
Trd, 4318131.943, 96
Trd, 4318135.443, 86
Trd, 4318135.743, 87
Trd, 4318135.843, 89
Trd, 4318137.043, 87
Trd, 4318137.743, 88
Trd, 4318139.043, 88
Trd, 4318139.793, 95
Trd, 4318141.693, 86
Trd, 4318141.743, 96
Trd, 4318146.093, 87
Trd, 4318148.043, 87
Trd, 4318148.443, 87
Trd, 4318148.693, 89
Trd, 4318151.793, 87
Trd, 4318152.643, 86
Trd, 4318153.493, 87
Trd, 4318155.093, 86
Trd, 4318157.893, 93
Trd, 4318158.243, 93
Trd, 4318158.793, 104
Trd, 4318159.593, 104
Trd, 4318160.343, 105
Trd, 4318161.493, 94
Trd, 4318163.093, 97
Trd, 4318163.593, 98
Trd, 4318164.493, 98
Trd, 4318165.343, 96
Trd, 4318166.093, 85
Trd, 4318168.493, 98
Trd, 4318169.493, 96
Trd, 4318170.893, 95
Trd, 4318171.393, 97
Trd, 4318173.593, 94
Trd, 4318173.843, 94
Trd, 4318174.193, 93
Trd, 4318177.393, 95
Trd, 4318178.943, 95
Trd, 4318179.593, 95
Trd, 4318179.993, 96
Trd, 4318182.193, 97
Trd, 4318182.743, 99
Trd, 4318183.193, 100
Trd, 4318184.943, 104
Trd, 4318185.743, 111
Trd, 4318188.243, 100
Trd, 4318188.443, 100
Trd, 4318188.693, 94
Trd, 4318189.143, 101
Trd, 4318191.543, 100
Trd, 4318191.893, 99
Trd, 4318193.393, 100
Trd, 4318194.393, 98
Trd, 4318195.343, 95
Trd, 4318195.393, 100
Trd, 4318196.743, 99
Trd, 4318199.593, 98
Trd, 4318200.843, 99
Trd, 4318202.293, 97
Trd, 4318204.793, 98
Trd, 4318205.243, 99
Trd, 4318205.593, 99
Trd, 4318205.693, 99
Trd, 4318206.293, 100
Trd, 4318206.443, 96
Trd, 4318207.793, 99
Trd, 4318209.193, 103
Trd, 4318210.293, 100
Trd, 4318212.243, 103
Trd, 4318214.743, 101
Trd, 4318215.193, 101
Trd, 4318216.993, 100
Trd, 4318217.993, 100
Trd, 4318220.143, 101
Trd, 4318221.193, 101
Trd, 4318221.693, 99
Trd, 4318224.693, 100
Trd, 4318225.093, 100
Trd, 4318226.343, 99
Trd, 4318226.993, 100
Trd, 4318227.343, 97
Trd, 4318228.393, 98
Trd, 4318229.693, 97
Trd, 4318230.693, 94
Trd, 4318231.443, 96
Trd, 4318233.543, 95
Trd, 4318234.993, 94
Trd, 4318235.993, 96
Trd, 4318236.093, 96
Trd, 4318236.193, 105
Trd, 4318238.343, 99
Trd, 4318238.943, 98
Trd, 4318238.993, 97
Trd, 4318241.393, 103
Trd, 4318242.643, 104
Trd, 4318244.193, 104
Trd, 4318245.093, 101
Trd, 4318245.343, 104
Trd, 4318248.293, 94
Trd, 4318249.343, 98
Trd, 4318250.893, 98
Trd, 4318250.993, 97
Trd, 4318252.143, 96
Trd, 4318252.793, 94
Trd, 4318254.443, 96
Trd, 4318255.043, 93
Trd, 4318256.593, 95
Trd, 4318259.043, 95
Trd, 4318259.793, 95
Trd, 4318260.343, 94
Trd, 4318261.493, 94
Trd, 4318262.693, 95
Trd, 4318263.793, 103
Trd, 4318266.193, 98
Trd, 4318267.843, 98
Trd, 4318268.843, 100
Trd, 4318269.393, 94
Trd, 4318270.593, 96
Trd, 4318270.743, 96
Trd, 4318271.843, 96
Trd, 4318273.993, 96
Trd, 4318274.143, 95
Trd, 4318275.793, 96
Trd, 4318276.043, 96
Trd, 4318279.793, 95
Trd, 4318281.843, 94
Trd, 4318281.993, 95
Trd, 4318282.343, 95
Trd, 4318282.543, 95
Trd, 4318282.693, 94
Trd, 4318284.643, 95
Trd, 4318287.393, 93
Trd, 4318287.493, 95
Trd, 4318290.543, 92
Trd, 4318291.593, 92
Trd, 4318291.893, 92
Trd, 4318292.293, 95
Trd, 4318292.443, 91
Trd, 4318292.743, 85
Trd, 4318295.393, 90
Trd, 4318295.593, 89
Trd, 4318296.643, 112
Trd, 4318297.243, 94
Trd, 4318298.243, 97
Trd, 4318298.343, 108
Trd, 4318298.793, 85
Trd, 4318299.893, 98
Trd, 4318302.593, 94
Trd, 4318304.743, 94
Trd, 4318305.343, 95
Trd, 4318306.343, 104
Trd, 4318308.143, 97
Trd, 4318308.193, 96
Trd, 4318309.593, 97
Trd, 4318311.643, 97
Trd, 4318312.343, 98
Trd, 4318314.193, 96
Trd, 4318315.793, 98
Trd, 4318316.843, 98
Trd, 4318319.493, 97
Trd, 4318321.293, 98
Trd, 4318322.043, 97
Trd, 4318322.543, 99
Trd, 4318323.443, 97
Trd, 4318324.343, 97
Trd, 4318325.843, 96
Trd, 4318326.543, 97
Trd, 4318328.393, 97
Trd, 4318328.893, 97
Trd, 4318329.043, 94
Trd, 4318330.993, 97
Trd, 4318331.343, 97
Trd, 4318332.493, 94
Trd, 4318334.043, 100
Trd, 4318337.193, 96
Trd, 4318338.193, 95
Trd, 4318338.743, 94
Trd, 4318340.843, 96
Trd, 4318341.893, 93
Trd, 4318342.193, 97
Trd, 4318344.543, 94
Trd, 4318346.543, 96
Trd, 4318347.243, 95
Trd, 4318347.593, 96
Trd, 4318349.643, 96
Trd, 4318349.843, 95
Trd, 4318350.793, 113
Trd, 4318353.043, 96
Trd, 4318353.843, 96
Trd, 4318354.943, 94
Trd, 4318356.593, 94
Trd, 4318356.893, 96
Trd, 4318358.393, 96
Trd, 4318359.143, 96
Trd, 4318361.293, 104
Trd, 4318362.943, 102
Trd, 4318363.293, 101
Trd, 4318364.993, 100
Trd, 4318365.593, 100
Trd, 4318367.393, 100
Trd, 4318367.643, 102
Trd, 4318367.843, 94
Trd, 4318369.793, 104
Trd, 4318370.343, 97
Trd, 4318375.693, 99
Trd, 4318375.793, 99
Trd, 4318378.993, 98
Trd, 4318379.443, 96
Trd, 4318381.193, 99
Trd, 4318381.643, 100
Trd, 4318384.543, 105
Trd, 4318384.943, 103
Trd, 4318385.193, 85
Trd, 4318386.193, 104
Trd, 4318387.893, 105
Trd, 4318388.793, 102
Trd, 4318391.243, 102
Trd, 4318392.143, 103
Trd, 4318392.593, 103
Trd, 4318392.893, 102
Trd, 4318394.143, 114
Trd, 4318396.293, 104
Trd, 4318396.693, 106
Trd, 4318397.493, 105
Trd, 4318398.743, 104
Trd, 4318399.693, 103
Trd, 4318400.093, 104
Trd, 4318400.493, 102
Trd, 4318401.543, 104
Trd, 4318404.643, 102
Trd, 4318406.993, 102
Trd, 4318407.793, 102
Trd, 4318408.793, 104
Trd, 4318410.093, 105
Trd, 4318411.043, 103
Trd, 4318411.743, 103
Trd, 4318412.693, 101
Trd, 4318412.843, 102
Trd, 4318415.393, 105
Trd, 4318418.643, 101
Trd, 4318419.343, 100
Trd, 4318420.743, 100
Trd, 4318421.943, 101
Trd, 4318423.343, 101
Trd, 4318423.943, 101
Trd, 4318424.893, 99
Trd, 4318426.193, 103
Trd, 4318427.793, 101
Trd, 4318427.893, 98
Trd, 4318429.693, 100
Trd, 4318430.043, 98
Trd, 4318431.593, 98
Trd, 4318432.193, 97
Trd, 4318433.393, 96
Trd, 4318433.643, 115
Trd, 4318436.243, 95
Trd, 4318436.643, 96
Trd, 4318437.843, 94
Trd, 4318437.993, 95
Trd, 4318439.243, 95
Trd, 4318439.443, 94
Trd, 4318440.343, 95
Trd, 4318442.143, 103
Trd, 4318444.693, 94
Trd, 4318445.093, 95
Trd, 4318446.093, 97
Trd, 4318446.493, 93
Trd, 4318446.943, 95
Trd, 4318448.193, 96
Trd, 4318450.493, 96
Trd, 4318451.543, 97
Trd, 4318454.343, 103
Trd, 4318454.493, 101
Trd, 4318456.043, 100
Trd, 4318457.693, 101
Trd, 4318458.193, 101
Trd, 4318458.493, 103
Trd, 4318458.893, 101
Trd, 4318459.243, 94
Trd, 4318461.693, 102
Trd, 4318464.943, 99
Trd, 4318465.543, 102
Trd, 4318465.893, 97
Trd, 4318466.193, 101
Trd, 4318468.843, 97
Trd, 4318469.443, 96
Trd, 4318471.293, 97
Trd, 4318472.293, 96
Trd, 4318472.843, 97
Trd, 4318473.893, 95
Trd, 4318474.193, 96
Trd, 4318476.493, 97
Trd, 4318477.293, 113
Trd, 4318479.243, 95
Trd, 4318481.893, 95
Trd, 4318483.943, 96
Trd, 4318484.843, 96
Trd, 4318485.443, 95
Trd, 4318486.893, 94
Trd, 4318488.793, 96
Trd, 4318490.043, 96
Trd, 4318491.193, 97
Trd, 4318492.793, 103
Trd, 4318493.443, 105
Trd, 4318493.743, 102
Trd, 4318494.893, 101
Trd, 4318496.543, 99
Trd, 4318497.393, 100
Trd, 4318498.043, 99
Trd, 4318500.243, 97
Trd, 4318500.743, 98
Trd, 4318502.793, 96
Trd, 4318502.843, 98
Trd, 4318503.643, 108
Trd, 4318505.293, 96
Trd, 4318509.843, 100
Trd, 4318510.243, 97
Trd, 4318512.293, 98
Trd, 4318514.593, 96
Trd, 4318514.793, 96
Trd, 4318515.043, 104
Trd, 4318518.443, 100
Trd, 4318518.793, 105
Trd, 4318519.843, 97
Trd, 4318521.543, 94
Trd, 4318521.593, 95
Trd, 4318522.493, 104
Trd, 4318523.093, 99
Trd, 4318525.043, 99
Trd, 4318526.543, 99
Trd, 4318527.143, 99
Trd, 4318527.443, 93
Trd, 4318530.743, 104
Trd, 4318532.343, 102
Trd, 4318535.443, 99
Trd, 4318536.293, 100
Trd, 4318536.843, 101
Trd, 4318537.193, 102
Trd, 4318537.893, 103
Trd, 4318538.993, 114
Trd, 4318540.693, 104
Trd, 4318540.893, 103
Trd, 4318541.143, 104
Trd, 4318543.193, 105
Trd, 4318544.993, 102
Trd, 4318546.293, 101
Trd, 4318546.693, 102
Trd, 4318549.243, 102
Trd, 4318549.843, 101
Trd, 4318550.893, 94
Trd, 4318551.993, 103
Trd, 4318552.893, 105
Trd, 4318553.993, 104
Trd, 4318555.793, 102
Trd, 4318556.643, 100
Trd, 4318557.743, 99
Trd, 4318558.793, 94
Trd, 4318560.593, 99
Trd, 4318560.993, 99
Trd, 4318563.593, 99
Trd, 4318565.343, 99
Trd, 4318565.993, 109
Trd, 4318566.943, 98
Trd, 4318568.043, 99
Trd, 4318568.593, 97
Trd, 4318570.293, 96
Trd, 4318570.693, 99
Trd, 4318573.393, 98
Trd, 4318574.893, 98
Trd, 4318576.543, 95
Trd, 4318577.793, 96
Trd, 4318579.393, 96
Trd, 4318579.693, 102
Trd, 4318580.443, 112
Trd, 4318581.843, 100
Trd, 4318583.943, 98
Trd, 4318585.293, 101
Trd, 4318588.843, 98
Trd, 4318589.343, 97
Trd, 4318589.393, 98
Trd, 4318590.243, 97
Trd, 4318590.693, 96
Trd, 4318592.093, 94
Trd, 4318594.343, 95
Trd, 4318597.893, 96
Trd, 4318598.043, 98
Trd, 4318598.843, 96
Trd, 4318600.043, 95
Trd, 4318602.843, 103
Trd, 4318603.593, 105
Trd, 4318605.493, 106
Trd, 4318607.143, 105
Trd, 4318607.693, 105
Trd, 4318608.393, 108
Trd, 4318608.793, 105
Trd, 4318610.193, 104
Trd, 4318612.193, 104
Trd, 4318612.543, 105
Trd, 4318612.893, 103
Trd, 4318616.543, 98
Trd, 4318617.893, 97
Trd, 4318617.943, 98
Trd, 4318618.693, 98
Trd, 4318619.793, 95
Trd, 4318620.593, 112
Trd, 4318623.093, 98
Trd, 4318623.693, 96
Trd, 4318623.943, 98
Trd, 4318623.993, 95
Trd, 4318627.043, 97
Trd, 4318627.443, 98
Trd, 4318629.043, 101
Trd, 4318629.643, 104
Trd, 4318632.593, 103
Trd, 4318633.693, 102
Trd, 4318633.893, 100
Trd, 4318634.993, 100
Trd, 4318635.343, 85
Trd, 4318636.393, 99
Trd, 4318636.543, 100
Trd, 4318638.293, 99
Trd, 4318639.343, 107
Trd, 4318640.693, 104
Trd, 4318641.293, 103
Trd, 4318642.043, 103
Trd, 4318645.843, 102
Trd, 4318647.443, 94
Trd, 4318648.243, 102
Trd, 4318649.193, 97
Trd, 4318649.993, 100
Trd, 4318651.243, 99
Trd, 4318652.643, 97
Trd, 4318653.743, 98
Trd, 4318654.093, 99
Trd, 4318654.593, 100
Trd, 4318655.193, 97
Trd, 4318657.493, 100
Trd, 4318658.143, 100
Trd, 4318659.293, 102
Trd, 4318661.543, 100
Trd, 4318662.193, 99
Trd, 4318662.793, 102
Trd, 4318664.593, 104
Trd, 4318664.743, 97
Trd, 4318667.443, 100
Trd, 4318669.193, 100
Trd, 4318670.293, 99
Trd, 4318671.043, 98
Trd, 4318671.243, 97
Trd, 4318672.343, 97
Trd, 4318673.343, 97
Trd, 4318674.493, 78
Trd, 4318675.293, 93
Trd, 4318675.993, 85
Trd, 4318678.093, 88
Trd, 4318678.543, 88
Trd, 4318679.493, 88
Trd, 4318679.943, 89
Trd, 4318682.593, 89
Trd, 4318683.493, 88
Trd, 4318684.243, 88
Trd, 4318684.593, 95
Trd, 4318684.993, 95
Trd, 4318687.943, 103
Trd, 4318689.093, 94
Trd, 4318689.643, 96
Trd, 4318690.143, 94
Trd, 4318691.743, 95
Trd, 4318692.993, 96
Trd, 4318694.893, 104
Trd, 4318695.393, 99
Trd, 4318696.443, 104
Trd, 4318696.793, 99
Trd, 4318697.843, 99
Trd, 4318700.393, 96
Trd, 4318701.143, 94
Trd, 4318701.743, 95
Trd, 4318702.743, 96
Trd, 4318703.693, 95
Trd, 4318705.243, 93
Trd, 4318705.293, 93
Trd, 4318707.743, 96
Trd, 4318708.193, 94
Trd, 4318709.093, 114
Trd, 4318711.893, 98
Trd, 4318713.143, 102
Trd, 4318713.943, 95
Trd, 4318716.243, 94
Trd, 4318718.443, 99
Trd, 4318719.493, 98
Trd, 4318720.843, 97
Trd, 4318721.793, 98
Trd, 4318722.043, 97
Trd, 4318722.943, 96
Trd, 4318723.393, 98
Trd, 4318725.743, 96
Trd, 4318725.793, 98
Trd, 4318727.143, 97
Trd, 4318728.943, 97
Trd, 4318729.993, 98
Trd, 4318731.243, 96
Trd, 4318733.143, 94
Trd, 4318733.193, 99
Trd, 4318734.593, 98
Trd, 4318737.293, 97
Trd, 4318738.193, 97
Trd, 4318740.693, 96
Trd, 4318742.693, 96
Trd, 4318743.043, 95
Trd, 4318745.693, 92
Trd, 4318745.843, 93
Trd, 4318746.293, 93
Trd, 4318747.293, 95
Trd, 4318748.393, 92
Trd, 4318750.543, 93
Trd, 4318750.793, 93
Trd, 4318753.043, 93
Trd, 4318754.043, 93
Trd, 4318755.693, 93
Trd, 4318756.543, 93
Trd, 4318757.793, 93
Trd, 4318759.743, 93
Trd, 4318760.843, 92
Trd, 4318761.493, 94
Trd, 4318761.993, 95
Trd, 4318763.243, 85
Trd, 4318764.893, 92
Trd, 4318766.293, 91
Trd, 4318767.793, 89
Trd, 4318767.893, 92
Trd, 4318769.093, 95
Trd, 4318769.443, 93
Trd, 4318770.343, 93
Trd, 4318772.193, 93
Trd, 4318773.543, 93
Trd, 4318774.943, 93
Trd, 4318776.843, 94
Trd, 4318779.443, 94
Trd, 4318781.093, 95
Trd, 4318781.893, 94
Trd, 4318784.443, 94
Trd, 4318784.943, 93
Trd, 4318785.693, 92
Trd, 4318787.593, 91
Trd, 4318787.743, 94
Trd, 4318789.243, 106
Trd, 4318790.993, 96
Trd, 4318793.743, 95
Trd, 4318794.543, 94
Trd, 4318795.193, 94
Trd, 4318797.043, 94
Trd, 4318797.393, 103
Trd, 4318799.293, 95
Trd, 4318800.393, 94
Trd, 4318800.593, 96
Trd, 4318801.893, 96
Trd, 4318801.943, 93
Trd, 4318804.443, 95
Trd, 4318805.443, 95
Trd, 4318807.143, 93
Trd, 4318808.143, 95
Trd, 4318808.193, 97
Trd, 4318809.243, 95
Trd, 4318811.093, 93
Trd, 4318812.143, 95
Trd, 4318815.593, 94
Trd, 4318815.843, 95
Trd, 4318818.393, 94
Trd, 4318818.943, 95
Trd, 4318819.343, 96
Trd, 4318820.393, 114
Trd, 4318823.143, 97
Trd, 4318823.543, 95
Trd, 4318824.393, 96
Trd, 4318826.443, 94
Trd, 4318828.143, 95
Trd, 4318828.343, 95
Trd, 4318829.993, 95
Trd, 4318830.443, 94
Trd, 4318830.793, 104
Trd, 4318834.943, 97
Trd, 4318835.193, 97
Trd, 4318838.343, 98
Trd, 4318838.543, 96
Trd, 4318840.343, 104
Trd, 4318841.643, 97
Trd, 4318842.693, 104
Trd, 4318844.843, 101
Trd, 4318845.943, 101
Trd, 4318847.043, 101
Trd, 4318848.493, 94
Trd, 4318848.543, 100
Trd, 4318850.543, 97
Trd, 4318850.693, 98
Trd, 4318852.543, 97
Trd, 4318853.293, 98
Trd, 4318854.643, 95
Trd, 4318855.243, 97
Trd, 4318857.143, 95
Trd, 4318858.043, 94
Trd, 4318858.993, 94
Trd, 4318859.043, 97
Trd, 4318860.443, 112
Trd, 4318860.493, 95
Trd, 4318861.593, 104
Trd, 4318864.243, 103
Trd, 4318865.443, 105
Trd, 4318865.693, 99
Trd, 4318866.943, 99
Trd, 4318868.293, 99
Trd, 4318869.343, 103
Trd, 4318870.343, 113
Trd, 4318871.693, 100
Trd, 4318873.143, 98
Trd, 4318874.543, 98
Trd, 4318874.843, 98
Trd, 4318877.193, 103
Trd, 4318879.343, 99
Trd, 4318880.343, 99
Trd, 4318880.543, 94
Trd, 4318880.993, 100
Trd, 4318882.343, 97
Trd, 4318883.043, 100
Trd, 4318885.743, 98
Trd, 4318886.143, 97
Trd, 4318888.893, 96
Trd, 4318890.093, 97
Trd, 4318891.943, 98
Trd, 4318892.243, 96
Trd, 4318893.543, 98
Trd, 4318896.093, 97
Trd, 4318897.143, 96
Trd, 4318898.243, 95
Trd, 4318899.093, 95
Trd, 4318899.993, 96
Trd, 4318901.543, 96
Trd, 4318901.793, 95
Trd, 4318902.643, 94
Trd, 4318903.143, 95
Trd, 4318904.793, 94
Trd, 4318905.493, 94
Trd, 4318907.093, 94
Trd, 4318908.193, 95
Trd, 4318911.343, 96
Trd, 4318911.593, 96
Trd, 4318912.643, 97
Trd, 4318913.943, 109
Trd, 4318916.393, 94
Trd, 4318916.943, 97
Trd, 4318918.193, 95
Trd, 4318920.243, 93
Trd, 4318920.593, 93
Trd, 4318923.993, 94
Trd, 4318924.443, 94
Trd, 4318925.043, 93
Trd, 4318926.143, 112
Trd, 4318929.393, 98
Trd, 4318929.493, 97
Trd, 4318929.893, 100
Trd, 4318932.143, 98
Trd, 4318933.993, 98
Trd, 4318934.193, 96
Trd, 4318934.943, 95
Trd, 4318936.293, 95
Trd, 4318937.243, 98
Trd, 4318938.043, 104
Trd, 4318938.743, 93
Trd, 4318942.393, 95
Trd, 4318943.443, 96
Trd, 4318944.993, 94
Trd, 4318946.143, 96
Trd, 4318948.843, 95
Trd, 4318949.243, 94
Trd, 4318949.393, 93
Trd, 4318949.443, 96
Trd, 4318953.443, 94
Trd, 4318954.543, 95
Trd, 4318955.543, 95
Trd, 4318955.943, 96
Trd, 4318956.593, 94
Trd, 4318956.943, 96
Trd, 4318958.593, 110
Trd, 4318960.243, 98
Trd, 4318963.493, 97
Trd, 4318963.893, 96
Trd, 4318964.343, 97
Trd, 4318964.793, 94
Trd, 4318965.193, 98
Trd, 4318966.093, 93
Trd, 4318968.393, 96
Trd, 4318969.293, 95
Trd, 4318969.493, 96
Trd, 4318971.243, 104
Trd, 4318972.393, 105
Trd, 4318972.643, 99
Trd, 4318974.543, 102
Trd, 4318978.343, 99
Trd, 4318978.593, 98
Trd, 4318978.843, 94
Trd, 4318980.143, 99
Trd, 4318982.193, 98
Trd, 4318982.593, 108
Trd, 4318983.693, 96
Trd, 4318985.443, 101
Trd, 4318986.393, 96
Trd, 4318987.343, 101
Trd, 4318987.843, 104
Trd, 4318988.643, 103
Trd, 4318990.393, 103
Trd, 4318993.593, 101
Trd, 4318994.643, 99
Trd, 4318995.393, 97
Trd, 4318995.543, 102
Trd, 4318999.293, 101
Trd, 4319000.493, 99
Trd, 4319001.093, 98
Trd, 4319002.493, 99
Trd, 4319002.793, 94
Trd, 4319004.193, 100
Trd, 4319005.293, 99
Trd, 4319006.543, 99
Trd, 4319006.943, 98
Trd, 4319007.993, 99
Trd, 4319009.893, 95
Trd, 4319012.743, 100
Trd, 4319012.993, 99
Trd, 4319013.543, 100
Trd, 4319015.243, 98
Trd, 4319015.543, 97
Trd, 4319018.493, 97
Trd, 4319018.843, 99
Trd, 4319020.293, 99
Trd, 4319021.343, 95
Trd, 4319023.693, 94
Trd, 4319025.593, 94
Trd, 4319025.743, 93
Trd, 4319026.243, 94
Trd, 4319028.243, 97
Trd, 4319029.193, 94
Trd, 4319029.793, 95
Trd, 4319030.393, 104
Trd, 4319032.793, 97
Trd, 4319034.343, 97
Trd, 4319035.243, 96
Trd, 4319035.343, 98
Trd, 4319037.743, 95
Trd, 4319039.543, 94
Trd, 4319041.193, 98
Trd, 4319044.193, 95
Trd, 4319044.493, 96
Trd, 4319045.693, 94
Trd, 4319049.043, 95
Trd, 4319049.993, 95
Trd, 4319050.743, 94
Trd, 4319051.993, 95
Trd, 4319052.093, 93
Trd, 4319053.793, 95
Trd, 4319057.343, 94
Trd, 4319057.543, 95
Trd, 4319058.593, 94
Trd, 4319060.443, 95
Trd, 4319061.943, 93
Trd, 4319062.893, 93
Trd, 4319065.443, 93
Trd, 4319066.043, 95
Trd, 4319067.243, 95
Trd, 4319067.643, 94
Trd, 4319068.943, 95
Trd, 4319069.443, 94
Trd, 4319071.593, 96
Trd, 4319071.843, 104
Trd, 4319073.343, 102
Trd, 4319073.393, 113
Trd, 4319074.543, 103
Trd, 4319076.593, 102
Trd, 4319080.193, 101
Trd, 4319080.893, 100
Trd, 4319081.543, 100
Trd, 4319081.843, 95
Trd, 4319083.743, 102
Trd, 4319085.693, 101
Trd, 4319085.893, 98
Trd, 4319088.693, 100
Trd, 4319088.843, 101
Trd, 4319089.493, 101
Trd, 4319091.493, 94
Trd, 4319092.443, 102
Trd, 4319095.143, 97
Trd, 4319096.793, 99
Trd, 4319097.293, 99
Trd, 4319098.643, 96
Trd, 4319099.893, 97
Trd, 4319101.343, 95
Trd, 4319101.643, 96
Trd, 4319103.243, 95
Trd, 4319103.993, 96
Trd, 4319104.143, 106
Trd, 4319104.443, 94
Trd, 4319107.893, 101
Trd, 4319109.543, 100
Trd, 4319109.893, 101
Trd, 4319110.943, 100
Trd, 4319112.593, 99
Trd, 4319113.693, 100
Trd, 4319114.693, 100
Trd, 4319114.743, 97
Trd, 4319116.593, 104
Trd, 4319117.143, 96
Trd, 4319119.943, 98
Trd, 4319121.243, 96
Trd, 4319121.343, 99
Trd, 4319122.293, 104
Trd, 4319123.493, 113
Trd, 4319123.843, 104
Trd, 4319124.093, 94
Trd, 4319126.643, 100
Trd, 4319128.493, 100
Trd, 4319128.793, 100
Trd, 4319129.943, 99
Trd, 4319130.393, 100
Trd, 4319131.543, 98
Trd, 4319133.893, 97
Trd, 4319134.743, 97
Trd, 4319135.993, 98
Trd, 4319137.743, 104
Trd, 4319139.093, 102
Trd, 4319140.193, 101
Trd, 4319140.393, 100
Trd, 4319142.743, 100
Trd, 4319143.743, 99
Trd, 4319144.543, 100
Trd, 4319144.743, 100
Trd, 4319145.093, 94
Trd, 4319146.693, 100
Trd, 4319148.743, 98
Trd, 4319150.243, 97
Trd, 4319151.943, 98
Trd, 4319152.993, 97
Trd, 4319154.993, 96
Trd, 4319155.343, 97
Trd, 4319157.893, 96
Trd, 4319158.293, 95
Trd, 4319158.993, 94
Trd, 4319160.043, 95
Trd, 4319161.043, 94
Trd, 4319161.143, 94
Trd, 4319163.893, 94
Trd, 4319164.643, 104
Trd, 4319164.693, 100
Trd, 4319165.393, 113
Trd, 4319167.593, 105
Trd, 4319168.193, 106
Trd, 4319169.543, 104
Trd, 4319172.493, 105
Trd, 4319173.343, 104
Trd, 4319174.293, 105
Trd, 4319175.693, 105
Trd, 4319178.143, 105
Trd, 4319179.093, 105
Trd, 4319179.543, 103
Trd, 4319180.343, 103
Trd, 4319182.793, 101
Trd, 4319183.693, 99
Trd, 4319184.343, 100
Trd, 4319186.043, 103
Trd, 4319186.943, 101
Trd, 4319188.193, 95
Trd, 4319188.643, 99
Trd, 4319191.643, 94
Trd, 4319192.843, 77
Trd, 4319193.043, 85
Trd, 4319195.093, 86
Trd, 4319195.593, 84
Trd, 4319195.693, 86
Trd, 4319196.943, 85
Trd, 4319197.293, 99
Trd, 4319201.543, 96
Trd, 4319201.993, 96
Trd, 4319202.593, 98
Trd, 4319202.743, 95
Trd, 4319204.143, 94
Trd, 4319205.693, 94
Trd, 4319206.643, 95
Trd, 4319207.543, 93
Trd, 4319207.743, 95
Trd, 4319209.643, 122
Trd, 4319210.243, 102
Trd, 4319212.793, 85
Trd, 4319212.993, 97
Trd, 4319213.543, 101
Trd, 4319216.093, 104
Trd, 4319216.543, 104
Trd, 4319217.943, 103
Trd, 4319218.393, 102
Trd, 4319218.443, 104
Trd, 4319219.093, 94
Trd, 4319221.343, 101
Trd, 4319221.493, 105
Trd, 4319222.943, 104
Trd, 4319225.643, 103
Trd, 4319226.443, 102
Trd, 4319227.793, 104
Trd, 4319227.993, 104
Trd, 4319228.693, 104
Trd, 4319231.093, 104
Trd, 4319233.993, 102
Trd, 4319234.443, 102
Trd, 4319234.643, 101
Trd, 4319235.743, 105
Trd, 4319236.693, 106
Trd, 4319237.193, 102
Trd, 4319239.593, 101
Trd, 4319240.393, 102
Trd, 4319240.843, 101
Trd, 4319241.543, 101
Trd, 4319242.693, 94
Trd, 4319244.743, 95
Trd, 4319245.293, 95
Trd, 4319245.443, 95
Trd, 4319246.443, 88
Trd, 4319247.143, 95
Trd, 4319247.343, 104
Trd, 4319251.293, 95
Trd, 4319252.193, 94
Trd, 4319252.643, 91
Trd, 4319252.843, 94
Trd, 4319254.793, 94
Trd, 4319257.193, 93
Trd, 4319257.343, 94
Trd, 4319257.993, 95
Trd, 4319260.193, 92
Trd, 4319260.993, 91
Trd, 4319263.443, 93
Trd, 4319263.743, 90
Trd, 4319264.693, 93
Trd, 4319265.043, 94
Trd, 4319266.843, 93
Trd, 4319269.143, 93
Trd, 4319269.443, 93
Trd, 4319270.593, 93
Trd, 4319272.643, 92
Trd, 4319272.893, 92
Trd, 4319273.043, 95
Trd, 4319274.793, 105
Trd, 4319274.843, 91
Trd, 4319275.793, 95
Trd, 4319278.543, 92
Trd, 4319280.293, 91
Trd, 4319281.393, 92
Trd, 4319281.543, 89
Trd, 4319283.043, 91
Trd, 4319284.193, 91
Trd, 4319286.493, 92
Trd, 4319286.693, 92
Trd, 4319288.893, 95
Trd, 4319289.243, 94
Trd, 4319289.593, 96
Trd, 4319290.693, 108
Trd, 4319291.193, 96
Trd, 4319293.093, 97
Trd, 4319294.093, 97
Trd, 4319297.393, 96
Trd, 4319298.093, 97
Trd, 4319298.143, 98
Trd, 4319299.443, 97
Trd, 4319302.343, 96
Trd, 4319302.843, 96
Trd, 4319303.043, 94
Trd, 4319304.093, 104
Trd, 4319305.193, 112
Trd, 4319306.843, 100
Trd, 4319307.993, 101
Trd, 4319308.493, 101
Trd, 4319309.493, 99
Trd, 4319310.743, 97
Trd, 4319311.143, 99
Trd, 4319311.343, 99
Trd, 4319311.843, 94
Trd, 4319314.443, 96
Trd, 4319316.893, 96
Trd, 4319317.343, 97
Trd, 4319317.443, 98
Trd, 4319318.143, 97
Trd, 4319319.043, 96
Trd, 4319319.793, 113
Trd, 4319320.143, 95
Trd, 4319323.643, 98
Trd, 4319325.393, 97
Trd, 4319326.393, 105
Trd, 4319327.143, 96
Trd, 4319327.243, 105
Trd, 4319327.743, 102
Trd, 4319329.043, 100
Trd, 4319330.293, 100
Trd, 4319330.443, 99
Trd, 4319332.093, 102
Trd, 4319334.993, 101
Trd, 4319335.843, 101
Trd, 4319335.943, 103
Trd, 4319337.793, 100
Trd, 4319339.243, 101
Trd, 4319340.743, 100
Trd, 4319340.843, 99
Trd, 4319341.193, 94
Trd, 4319345.093, 99
Trd, 4319346.143, 100
Trd, 4319346.743, 99
Trd, 4319347.343, 99
Trd, 4319347.493, 99
Trd, 4319348.443, 94
Trd, 4319349.193, 104
Trd, 4319349.743, 96
Trd, 4319351.693, 95
Trd, 4319353.543, 96
Trd, 4319356.843, 97
Trd, 4319357.893, 94
Trd, 4319358.543, 96
Trd, 4319361.293, 96
Trd, 4319361.743, 93
Trd, 4319363.793, 95
Trd, 4319364.993, 94
Trd, 4319366.193, 95
Trd, 4319366.393, 95
Trd, 4319367.593, 94
Trd, 4319370.593, 94
Trd, 4319370.793, 94
Trd, 4319371.193, 96
Trd, 4319372.843, 96
Trd, 4319373.243, 92
Trd, 4319375.143, 96
Trd, 4319375.593, 91
Trd, 4319376.743, 96
Trd, 4319378.693, 96
Trd, 4319379.293, 94
Trd, 4319380.943, 96
Trd, 4319381.243, 96
Trd, 4319383.193, 103
Trd, 4319385.043, 105
Trd, 4319385.493, 104
Trd, 4319386.643, 105
Trd, 4319386.693, 103
Trd, 4319388.293, 104
Trd, 4319390.643, 113
Trd, 4319392.493, 107
Trd, 4319392.643, 108
Trd, 4319393.393, 108
Trd, 4319395.193, 99
Trd, 4319396.093, 101
Trd, 4319397.343, 96
Trd, 4319398.043, 96
Trd, 4319398.743, 106
Trd, 4319399.843, 100
Trd, 4319399.943, 100
Trd, 4319403.743, 99
Trd, 4319404.743, 99
Trd, 4319406.343, 98
Trd, 4319407.193, 97
Trd, 4319407.793, 98
Trd, 4319408.293, 100
Trd, 4319408.843, 94
Trd, 4319410.943, 95
Trd, 4319411.043, 94
Trd, 4319411.643, 93
Trd, 4319413.343, 95
Trd, 4319413.593, 96
Trd, 4319415.293, 96
Trd, 4319416.943, 93
Trd, 4319417.643, 96
Trd, 4319419.343, 96
Trd, 4319419.743, 97
Trd, 4319421.643, 97
Trd, 4319423.743, 97
Trd, 4319424.593, 95
Trd, 4319425.693, 96
Trd, 4319426.593, 97
Trd, 4319426.693, 96
Trd, 4319426.843, 97
Trd, 4319430.643, 94
Trd, 4319431.193, 94
Trd, 4319433.493, 95
Trd, 4319433.693, 104
Trd, 4319435.393, 97
Trd, 4319436.343, 97
Trd, 4319437.593, 94
Trd, 4319440.693, 95
Trd, 4319441.293, 93
Trd, 4319444.493, 95
Trd, 4319445.643, 93
Trd, 4319445.843, 95
Trd, 4319448.343, 94
Trd, 4319450.443, 92
Trd, 4319451.243, 92
Trd, 4319454.343, 94
Trd, 4319455.993, 94
Trd, 4319457.243, 93
Trd, 4319458.793, 92
Trd, 4319460.443, 92
Trd, 4319461.543, 92
Trd, 4319462.393, 92
Trd, 4319463.143, 91
Trd, 4319466.493, 92
Trd, 4319466.743, 93
Trd, 4319469.293, 92
Trd, 4319469.543, 95
Trd, 4319471.243, 94
Trd, 4319472.293, 93
Trd, 4319473.143, 94
Trd, 4319473.393, 95
Trd, 4319474.543, 92
Trd, 4319477.793, 93
Trd, 4319478.443, 92
Trd, 4319479.293, 93
Trd, 4319479.493, 93
Trd, 4319483.293, 104
Trd, 4319483.693, 101
Trd, 4319484.893, 91
Trd, 4319486.293, 95
Trd, 4319488.093, 95
Trd, 4319488.643, 94
Trd, 4319489.393, 93
Trd, 4319490.643, 96
Trd, 4319490.993, 104
Trd, 4319494.993, 97
Trd, 4319495.993, 97
Trd, 4319496.093, 96
Trd, 4319496.543, 97
Trd, 4319497.843, 99
Trd, 4319498.943, 105
Trd, 4319499.843, 102
Trd, 4319501.943, 101
Trd, 4319502.343, 99
Trd, 4319503.643, 99
Trd, 4319504.443, 94
Trd, 4319505.793, 99
Trd, 4319507.243, 98
Trd, 4319508.543, 99
Trd, 4319509.343, 99
Trd, 4319511.893, 99
Trd, 4319512.793, 98
Trd, 4319514.843, 97
Trd, 4319515.643, 97
Trd, 4319516.443, 97
Trd, 4319516.543, 104
Trd, 4319518.443, 102
Trd, 4319519.643, 101
Trd, 4319519.793, 100
Trd, 4319524.493, 100
Trd, 4319524.793, 100
Trd, 4319525.243, 111
Trd, 4319526.093, 98
Trd, 4319528.193, 106
Trd, 4319528.543, 104
Trd, 4319531.043, 103
Trd, 4319531.843, 104
Trd, 4319532.493, 101
Trd, 4319534.793, 102
Trd, 4319536.443, 102
Trd, 4319536.593, 101
Trd, 4319539.543, 101
Trd, 4319540.243, 99
Trd, 4319541.993, 100
Trd, 4319542.343, 99
Trd, 4319544.343, 99
Trd, 4319544.693, 99
Trd, 4319546.043, 100
Trd, 4319546.993, 99
Trd, 4319547.043, 100
Trd, 4319549.493, 100
Trd, 4319550.343, 97
Trd, 4319550.543, 98
Trd, 4319552.143, 95
Trd, 4319552.343, 98
Trd, 4319552.793, 99
Trd, 4319554.793, 98
Trd, 4319556.493, 95
Trd, 4319558.343, 96
Trd, 4319558.693, 96
Trd, 4319558.893, 95
Trd, 4319559.243, 93
Trd, 4319560.593, 96
Trd, 4319562.393, 97
Trd, 4319565.343, 94
Trd, 4319565.743, 95
Trd, 4319569.593, 95
Trd, 4319572.043, 95
Trd, 4319572.193, 93
Trd, 4319572.993, 93
Trd, 4319574.243, 92
Trd, 4319574.943, 92
Trd, 4319576.843, 92
Trd, 4319577.243, 91
Trd, 4319578.793, 94
Trd, 4319579.293, 94
Trd, 4319579.893, 93
Trd, 4319581.643, 95
Trd, 4319582.443, 104
Trd, 4319583.443, 105
Trd, 4319583.793, 85
Trd, 4319584.243, 97
Trd, 4319588.793, 95
Trd, 4319588.993, 96
Trd, 4319591.843, 96
Trd, 4319591.943, 95
Trd, 4319592.243, 96
Trd, 4319595.793, 95
Trd, 4319596.093, 94
Trd, 4319596.393, 96
Trd, 4319597.343, 95
Trd, 4319600.143, 94
Trd, 4319601.143, 95
Trd, 4319601.643, 96
Trd, 4319602.743, 96
Trd, 4319603.343, 104
Trd, 4319604.393, 99
Trd, 4319606.793, 95
Trd, 4319606.843, 95
Trd, 4319607.543, 94
Trd, 4319608.993, 107
Trd, 4319609.543, 103
Trd, 4319611.093, 104
Trd, 4319611.393, 104
Trd, 4319612.493, 92
Trd, 4319613.643, 100
Trd, 4319614.493, 85
Trd, 4319617.143, 99
Trd, 4319617.543, 98
Trd, 4319617.693, 99
Trd, 4319621.243, 98
Trd, 4319622.043, 98
Trd, 4319622.243, 98
Trd, 4319623.493, 104
Trd, 4319623.893, 100
Trd, 4319624.243, 102
Trd, 4319627.893, 101
Trd, 4319629.293, 102
Trd, 4319629.943, 102
Trd, 4319631.043, 100
Trd, 4319631.343, 101
Trd, 4319631.643, 100
Trd, 4319636.593, 98
Trd, 4319637.693, 98
Trd, 4319638.293, 97
Trd, 4319639.443, 97
Trd, 4319639.493, 97
Trd, 4319641.093, 97
Trd, 4319643.293, 96
Trd, 4319644.093, 96
Trd, 4319644.593, 104
Trd, 4319645.643, 96
Trd, 4319647.043, 98
Trd, 4319647.243, 97
Trd, 4319647.743, 94
Trd, 4319652.543, 95
Trd, 4319654.443, 97
Trd, 4319654.943, 97
Trd, 4319656.443, 95
Trd, 4319656.543, 97
Trd, 4319657.393, 95
Trd, 4319659.393, 94
Trd, 4319659.443, 97
Trd, 4319662.143, 96
Trd, 4319662.993, 97
Trd, 4319665.643, 96
Trd, 4319666.293, 97
Trd, 4319669.093, 95
Trd, 4319670.193, 94
Trd, 4319670.643, 95
Trd, 4319672.943, 95
Trd, 4319673.893, 93
Trd, 4319678.543, 95
Trd, 4319679.493, 95
Trd, 4319679.693, 94
Trd, 4319680.343, 94
Trd, 4319681.443, 95
Trd, 4319682.843, 85
Trd, 4319683.643, 91
Trd, 4319683.743, 95
Trd, 4319685.493, 90
Trd, 4319686.793, 103
Trd, 4319688.143, 96
Trd, 4319691.043, 96
Trd, 4319691.093, 97
Trd, 4319692.343, 97
Trd, 4319693.893, 98
Trd, 4319695.243, 99
Trd, 4319697.893, 97
Trd, 4319698.293, 94
Trd, 4319698.943, 98
Trd, 4319700.143, 98
Trd, 4319700.193, 98
Trd, 4319702.343, 100
Trd, 4319703.243, 99
Trd, 4319703.743, 99
Trd, 4319704.043, 98
Trd, 4319705.093, 107
Trd, 4319707.493, 102
Trd, 4319707.993, 103
Trd, 4319709.743, 103
Trd, 4319709.893, 99
Trd, 4319712.643, 103
Trd, 4319712.693, 103
Trd, 4319713.543, 104
Trd, 4319714.393, 101
Trd, 4319717.493, 101
Trd, 4319719.043, 100
Trd, 4319719.443, 101
Trd, 4319719.993, 100
Trd, 4319720.043, 101
Trd, 4319722.293, 96
Trd, 4319722.993, 101
Trd, 4319724.443, 103
Trd, 4319728.893, 100
Trd, 4319729.743, 101
Trd, 4319730.293, 101
Trd, 4319730.893, 99
Trd, 4319732.243, 95
Trd, 4319732.393, 98
Trd, 4319732.443, 100
Trd, 4319732.743, 102
Trd, 4319736.493, 98
Trd, 4319737.593, 97
Trd, 4319738.493, 95
Trd, 4319739.793, 96
Trd, 4319740.493, 96
Trd, 4319742.793, 96
Trd, 4319742.843, 97
Trd, 4319743.643, 95
Trd, 4319745.493, 97
Trd, 4319747.693, 97
Trd, 4319748.793, 98
Trd, 4319750.743, 96
Trd, 4319751.343, 94
Trd, 4319752.593, 98
Trd, 4319756.193, 97
Trd, 4319756.693, 97
Trd, 4319758.143, 97
Trd, 4319760.193, 97
Trd, 4319761.143, 96
Trd, 4319761.343, 96
Trd, 4319761.843, 106
Trd, 4319763.093, 104
Trd, 4319765.293, 105
Trd, 4319765.343, 104
Trd, 4319766.293, 109
Trd, 4319768.843, 94
Trd, 4319770.493, 103
Trd, 4319771.493, 104
Trd, 4319771.943, 103
Trd, 4319772.143, 103
Trd, 4319773.543, 103
Trd, 4319773.993, 102
Trd, 4319775.493, 101
Trd, 4319777.743, 98
Trd, 4319778.693, 100
Trd, 4319779.593, 95
Trd, 4319780.643, 94
Trd, 4319780.893, 96
Trd, 4319781.443, 94
Trd, 4319782.893, 94
Trd, 4319784.093, 93
Trd, 4319785.043, 110
Trd, 4319786.293, 103
Trd, 4319787.693, 103
Trd, 4319790.793, 103
Trd, 4319791.493, 104
Trd, 4319792.193, 104
Trd, 4319793.843, 104
Trd, 4319794.343, 104
Trd, 4319795.143, 103
Trd, 4319797.443, 106
Trd, 4319797.843, 104
Trd, 4319798.493, 104
Trd, 4319801.043, 105
Trd, 4319801.493, 103
Trd, 4319803.193, 104
Trd, 4319804.043, 94
Trd, 4319804.443, 102
Trd, 4319806.043, 98
Trd, 4319807.343, 102
Trd, 4319807.693, 101
Trd, 4319808.543, 107
Trd, 4319809.593, 105
Trd, 4319810.043, 104
Trd, 4319813.243, 104
Trd, 4319814.843, 106
Trd, 4319816.243, 104
Trd, 4319816.443, 105
Trd, 4319816.993, 103
Trd, 4319817.793, 103
Trd, 4319819.043, 85
Trd, 4319819.393, 100
Trd, 4319819.793, 104
Trd, 4319819.993, 106
Trd, 4319822.743, 100
Trd, 4319824.193, 98
Trd, 4319825.143, 99
Trd, 4319826.043, 94
Trd, 4319827.643, 95
Trd, 4319827.843, 96
Trd, 4319828.593, 96
Trd, 4319830.343, 111
Trd, 4319830.943, 104
Trd, 4319833.093, 100
Trd, 4319834.343, 102
Trd, 4319835.543, 104
Trd, 4319837.143, 100
Trd, 4319839.343, 95
Trd, 4319839.943, 98
Trd, 4319840.043, 99
Trd, 4319843.543, 98
Trd, 4319844.743, 99
Trd, 4319845.343, 98
Trd, 4319847.493, 97
Trd, 4319848.693, 95
Trd, 4319849.093, 95
Trd, 4319849.243, 100
Trd, 4319851.693, 97
Trd, 4319852.543, 95
Trd, 4319852.793, 96
Trd, 4319854.043, 94
Trd, 4319856.043, 94
Trd, 4319857.493, 95
Trd, 4319858.443, 92
Trd, 4319858.593, 95
Trd, 4319859.043, 96
Trd, 4319861.843, 96
Trd, 4319862.993, 96
Trd, 4319863.093, 96
Trd, 4319864.493, 96
Trd, 4319865.793, 96
Trd, 4319866.793, 95
Trd, 4319867.893, 96
Trd, 4319869.093, 103
Trd, 4319870.193, 106
Trd, 4319871.743, 103
Trd, 4319873.443, 101
Trd, 4319874.643, 100
Trd, 4319875.343, 104
Trd, 4319876.293, 101
Trd, 4319878.593, 104
Trd, 4319879.943, 103
Trd, 4319880.093, 103
Trd, 4319883.043, 100
Trd, 4319883.593, 101
Trd, 4319883.893, 100
Trd, 4319885.043, 100
Trd, 4319887.243, 103
Trd, 4319887.743, 104
Trd, 4319888.443, 99
Trd, 4319889.243, 113
Trd, 4319889.493, 99
Trd, 4319890.943, 104
Trd, 4319891.693, 103
Trd, 4319895.443, 104
Trd, 4319895.693, 104
Trd, 4319897.143, 114
Trd, 4319898.443, 105
Trd, 4319899.643, 103
Trd, 4319900.793, 102
Trd, 4319901.043, 103
Trd, 4319902.043, 102
Trd, 4319904.343, 98
Trd, 4319904.743, 100
Trd, 4319907.493, 102
Trd, 4319907.743, 101
Trd, 4319908.243, 101
Trd, 4319909.243, 104
Trd, 4319911.793, 102
Trd, 4319913.393, 101
Trd, 4319913.943, 102
Trd, 4319914.493, 102
Trd, 4319914.793, 100
Trd, 4319916.593, 105
Trd, 4319917.193, 103
Trd, 4319919.243, 94
Trd, 4319919.343, 96
Trd, 4319921.593, 95
Trd, 4319922.943, 93
Trd, 4319923.543, 93
Trd, 4319923.893, 93
Trd, 4319925.543, 92
Trd, 4319926.143, 93
Trd, 4319928.143, 93
Trd, 4319929.643, 93
Trd, 4319929.943, 92
Trd, 4319930.793, 93
Trd, 4319930.993, 113
Trd, 4319933.493, 103
Trd, 4319935.943, 99
Trd, 4319936.393, 98
Trd, 4319938.593, 95
Trd, 4319938.743, 94
Trd, 4319939.743, 93
Trd, 4319939.993, 85
Trd, 4319940.593, 93
Trd, 4319943.793, 104
Trd, 4319945.243, 102
Trd, 4319945.393, 104
Trd, 4319945.993, 105
Trd, 4319946.043, 101
Trd, 4319948.393, 99
Trd, 4319948.893, 99
Trd, 4319949.293, 99
Trd, 4319952.243, 98
Trd, 4319952.943, 78
Trd, 4319952.993, 91
Trd, 4319954.693, 89
Trd, 4319955.543, 87
Trd, 4319955.943, 89
Trd, 4319956.093, 84
Trd, 4319959.093, 96
Trd, 4319959.193, 98
Trd, 4319959.393, 103
Trd, 4319959.943, 94
Trd, 4319961.143, 96
Trd, 4319963.843, 96
Trd, 4319966.493, 97
Trd, 4319967.593, 96
Trd, 4319967.843, 97
Trd, 4319968.443, 95
Trd, 4319970.993, 105
Trd, 4319971.143, 98
Trd, 4319973.943, 98
Trd, 4319974.693, 98
Trd, 4319975.143, 99
Trd, 4319975.593, 106
Trd, 4319977.243, 99
Trd, 4319980.443, 99
Trd, 4319981.793, 100
Trd, 4319983.293, 99
Trd, 4319983.393, 98
Trd, 4319984.893, 100
Trd, 4319986.993, 104
Trd, 4319988.493, 101
Trd, 4319990.293, 106
Trd, 4319993.943, 101
Trd, 4319994.143, 100
Trd, 4319994.493, 102
Trd, 4319995.743, 98
Trd, 4319996.043, 101
Trd, 4319997.743, 96
Trd, 4319998.043, 101
Trd, 4319999.643, 100
