Trd, 4317824.693, 106
Trd, 4317824.893, 103
Trd, 4317828.943, 106
Trd, 4317829.993, 106
Trd, 4317831.243, 106
Trd, 4317831.543, 106
Trd, 4317832.143, 105
Trd, 4317832.993, 120
Trd, 4317834.293, 92
Trd, 4317834.643, 117
Trd, 4317838.193, 107
Trd, 4317838.843, 106
Trd, 4317841.043, 106
Trd, 4317841.143, 108
Trd, 4317841.943, 105
Trd, 4317845.143, 107
Trd, 4317845.293, 104
Trd, 4317846.743, 105
Trd, 4317849.443, 104
Trd, 4317852.243, 105
Trd, 4317852.393, 104
Trd, 4317853.243, 104
Trd, 4317854.193, 104
Trd, 4317856.043, 104
Trd, 4317857.793, 103
Trd, 4317858.293, 102
Trd, 4317859.793, 103
Trd, 4317860.493, 102
Trd, 4317864.743, 101
Trd, 4317867.443, 99
Trd, 4317867.893, 99
Trd, 4317868.793, 102
Trd, 4317870.293, 104
Trd, 4317871.093, 104
Trd, 4317871.693, 113
Trd, 4317872.793, 105
Trd, 4317874.443, 122
Trd, 4317876.043, 111
Trd, 4317876.243, 98
Trd, 4317879.743, 108
Trd, 4317880.393, 94
Trd, 4317880.943, 112
Trd, 4317885.743, 110
Trd, 4317885.793, 110
Trd, 4317887.293, 105
Trd, 4317887.543, 109
Trd, 4317889.893, 106
Trd, 4317890.343, 105
Trd, 4317891.993, 93
Trd, 4317893.893, 105
Trd, 4317895.343, 104
Trd, 4317896.693, 105
Trd, 4317897.693, 119
Trd, 4317900.343, 106
Trd, 4317901.443, 105
Trd, 4317902.643, 109
Trd, 4317904.843, 104
Trd, 4317905.343, 103
Trd, 4317909.243, 108
Trd, 4317910.943, 105
Trd, 4317917.093, 108
Trd, 4317918.143, 108
Trd, 4317919.643, 109
Trd, 4317919.743, 107
Trd, 4317923.093, 116
Trd, 4317923.193, 109
Trd, 4317924.493, 109
Trd, 4317925.393, 107
Trd, 4317927.093, 95
Trd, 4317927.443, 94
Trd, 4317929.593, 101
Trd, 4317932.993, 100
Trd, 4317935.393, 101
Trd, 4317937.393, 100
Trd, 4317939.043, 101
Trd, 4317940.243, 99
Trd, 4317941.793, 114
Trd, 4317943.793, 109
Trd, 4317944.093, 109
Trd, 4317944.143, 108
Trd, 4317946.343, 104
Trd, 4317946.593, 107
Trd, 4317946.643, 105
Trd, 4317950.843, 103
Trd, 4317954.293, 107
Trd, 4317954.743, 107
Trd, 4317954.843, 103
Trd, 4317957.793, 107
Trd, 4317959.593, 104
Trd, 4317961.543, 104
Trd, 4317963.193, 105
Trd, 4317964.243, 102
Trd, 4317964.993, 103
Trd, 4317966.943, 102
Trd, 4317967.793, 101
Trd, 4317970.293, 88
Trd, 4317971.493, 93
Trd, 4317971.993, 94
Trd, 4317974.643, 104
Trd, 4317975.843, 103
Trd, 4317977.143, 100
Trd, 4317977.243, 92
Trd, 4317978.893, 92
Trd, 4317978.993, 113
Trd, 4317979.993, 103
Trd, 4317982.243, 103
Trd, 4317982.943, 121
Trd, 4317984.293, 109
Trd, 4317985.143, 109
Trd, 4317987.843, 110
Trd, 4317989.643, 109
Trd, 4317989.843, 108
Trd, 4317993.993, 107
Trd, 4317995.893, 106
Trd, 4317996.143, 107
Trd, 4317997.593, 105
Trd, 4317997.793, 107
Trd, 4318000.793, 107
Trd, 4318001.793, 113
Trd, 4318004.543, 106
Trd, 4318009.343, 107
Trd, 4318009.993, 105
Trd, 4318012.393, 107
Trd, 4318013.193, 105
Trd, 4318014.893, 104
Trd, 4318015.693, 123
Trd, 4318015.793, 122
Trd, 4318018.693, 111
Trd, 4318021.093, 109
Trd, 4318021.393, 111
Trd, 4318022.143, 108
Trd, 4318022.543, 94
Trd, 4318025.943, 109
Trd, 4318028.393, 111
Trd, 4318030.893, 106
Trd, 4318031.293, 94
Trd, 4318032.043, 98
Trd, 4318033.243, 104
Trd, 4318035.643, 106
Trd, 4318039.443, 106
Trd, 4318039.893, 106
Trd, 4318040.543, 104
Trd, 4318042.643, 104
Trd, 4318045.093, 122
Trd, 4318045.543, 113
Trd, 4318046.643, 112
Trd, 4318047.493, 110
Trd, 4318048.943, 112
Trd, 4318049.043, 109
Trd, 4318051.243, 94
Trd, 4318055.593, 101
Trd, 4318058.143, 105
Trd, 4318058.543, 105
Trd, 4318059.943, 104
Trd, 4318061.893, 104
Trd, 4318063.393, 104
Trd, 4318067.093, 103
Trd, 4318067.793, 103
Trd, 4318068.593, 104
Trd, 4318070.493, 102
Trd, 4318071.343, 104
Trd, 4318072.593, 102
Trd, 4318074.043, 102
Trd, 4318075.843, 102
Trd, 4318076.493, 103
Trd, 4318077.143, 101
Trd, 4318078.843, 104
Trd, 4318080.043, 114
Trd, 4318080.543, 109
Trd, 4318080.993, 108
Trd, 4318083.843, 107
Trd, 4318086.793, 108
Trd, 4318088.293, 107
Trd, 4318088.693, 120
Trd, 4318089.893, 105
Trd, 4318091.143, 101
Trd, 4318091.943, 121
Trd, 4318092.693, 110
Trd, 4318092.843, 109
Trd, 4318094.443, 109
Trd, 4318095.093, 108
Trd, 4318097.143, 117
Trd, 4318099.343, 121
Trd, 4318102.693, 113
Trd, 4318103.593, 111
Trd, 4318103.793, 110
Trd, 4318108.493, 113
Trd, 4318109.493, 109
Trd, 4318110.393, 112
Trd, 4318110.693, 109
Trd, 4318111.243, 107
Trd, 4318113.443, 107
Trd, 4318114.493, 106
Trd, 4318117.393, 106
Trd, 4318117.593, 105
Trd, 4318118.443, 106
Trd, 4318120.043, 118
Trd, 4318121.243, 97
Trd, 4318122.043, 104
Trd, 4318125.143, 107
Trd, 4318126.393, 102
Trd, 4318126.893, 98
Trd, 4318127.593, 106
Trd, 4318129.493, 97
Trd, 4318131.593, 100
Trd, 4318133.043, 103
Trd, 4318136.593, 98
Trd, 4318136.993, 101
Trd, 4318137.343, 100
Trd, 4318138.493, 100
Trd, 4318139.493, 104
Trd, 4318143.193, 101
Trd, 4318145.193, 100
Trd, 4318145.243, 101
Trd, 4318146.143, 114
Trd, 4318146.793, 104
Trd, 4318149.593, 100
Trd, 4318152.593, 104
Trd, 4318153.093, 122
Trd, 4318153.143, 121
Trd, 4318154.893, 110
Trd, 4318155.943, 109
Trd, 4318156.843, 108
Trd, 4318158.093, 122
Trd, 4318160.693, 118
Trd, 4318161.743, 117
Trd, 4318162.093, 112
Trd, 4318163.243, 121
Trd, 4318163.693, 94
Trd, 4318165.493, 97
Trd, 4318166.343, 99
Trd, 4318167.593, 121
Trd, 4318169.693, 98
Trd, 4318170.043, 105
Trd, 4318172.743, 103
Trd, 4318175.393, 103
Trd, 4318176.893, 105
Trd, 4318177.943, 101
Trd, 4318181.143, 105
Trd, 4318181.243, 107
Trd, 4318181.693, 106
Trd, 4318184.343, 97
Trd, 4318184.943, 113
Trd, 4318188.643, 106
Trd, 4318189.193, 107
Trd, 4318189.393, 108
Trd, 4318190.543, 109
Trd, 4318192.343, 116
Trd, 4318192.793, 111
Trd, 4318192.993, 111
Trd, 4318194.093, 103
Trd, 4318197.143, 107
Trd, 4318198.193, 106
Trd, 4318199.443, 105
Trd, 4318199.993, 106
Trd, 4318201.093, 107
Trd, 4318201.343, 105
Trd, 4318203.593, 104
Trd, 4318204.343, 106
Trd, 4318207.743, 104
Trd, 4318208.893, 118
Trd, 4318213.293, 108
Trd, 4318214.143, 105
Trd, 4318214.643, 105
Trd, 4318218.143, 105
Trd, 4318219.093, 104
Trd, 4318219.943, 104
Trd, 4318220.693, 106
Trd, 4318221.043, 106
Trd, 4318223.443, 99
Trd, 4318224.093, 102
Trd, 4318224.443, 104
Trd, 4318226.643, 96
Trd, 4318229.643, 102
Trd, 4318231.193, 100
Trd, 4318231.793, 102
Trd, 4318234.043, 100
Trd, 4318235.093, 102
Trd, 4318235.843, 102
Trd, 4318237.193, 105
Trd, 4318237.293, 113
Trd, 4318241.993, 111
Trd, 4318242.643, 107
Trd, 4318244.493, 111
Trd, 4318244.793, 110
Trd, 4318244.943, 104
Trd, 4318247.943, 111
Trd, 4318248.793, 119
Trd, 4318249.893, 110
Trd, 4318250.393, 104
Trd, 4318253.193, 107
Trd, 4318253.443, 106
Trd, 4318255.593, 107
Trd, 4318256.693, 107
Trd, 4318258.343, 107
Trd, 4318259.443, 107
Trd, 4318259.993, 99
Trd, 4318261.893, 104
Trd, 4318262.143, 116
Trd, 4318264.093, 94
Trd, 4318267.143, 105
Trd, 4318268.043, 103
Trd, 4318269.243, 105
Trd, 4318271.543, 105
Trd, 4318272.393, 105
Trd, 4318272.843, 102
Trd, 4318274.793, 104
Trd, 4318275.593, 104
Trd, 4318276.593, 103
Trd, 4318279.443, 106
Trd, 4318280.393, 106
Trd, 4318281.543, 105
Trd, 4318281.893, 117
Trd, 4318284.593, 115
Trd, 4318285.243, 108
Trd, 4318286.193, 106
Trd, 4318288.493, 106
Trd, 4318289.393, 104
Trd, 4318291.293, 102
Trd, 4318293.243, 104
Trd, 4318294.993, 104
Trd, 4318296.643, 103
Trd, 4318296.893, 100
Trd, 4318297.993, 101
Trd, 4318299.843, 116
Trd, 4318302.693, 105
Trd, 4318303.093, 100
Trd, 4318305.343, 100
Trd, 4318306.493, 102
Trd, 4318307.443, 103
Trd, 4318307.643, 102
Trd, 4318308.843, 102
Trd, 4318310.043, 101
Trd, 4318311.443, 88
Trd, 4318312.843, 93
Trd, 4318313.843, 91
Trd, 4318315.593, 93
Trd, 4318317.443, 104
Trd, 4318317.693, 100
Trd, 4318317.793, 90
Trd, 4318318.043, 120
Trd, 4318321.343, 110
Trd, 4318323.143, 106
Trd, 4318323.843, 121
Trd, 4318323.943, 114
Trd, 4318326.343, 102
Trd, 4318327.993, 110
Trd, 4318328.643, 105
Trd, 4318329.693, 108
Trd, 4318331.793, 108
Trd, 4318333.493, 94
Trd, 4318334.593, 104
Trd, 4318334.893, 103
Trd, 4318336.593, 120
Trd, 4318340.993, 104
Trd, 4318342.243, 104
Trd, 4318342.593, 103
Trd, 4318343.443, 105
Trd, 4318345.943, 102
Trd, 4318347.743, 105
Trd, 4318348.193, 121
Trd, 4318348.643, 111
Trd, 4318350.943, 110
Trd, 4318351.743, 120
Trd, 4318352.143, 112
Trd, 4318352.243, 110
Trd, 4318353.343, 93
Trd, 4318356.743, 102
Trd, 4318358.243, 106
Trd, 4318360.293, 105
Trd, 4318361.243, 105
Trd, 4318361.293, 103
Trd, 4318363.393, 105
Trd, 4318367.793, 103
Trd, 4318367.843, 105
Trd, 4318369.843, 102
Trd, 4318371.543, 103
Trd, 4318371.743, 104
Trd, 4318374.343, 104
Trd, 4318374.943, 102
Trd, 4318377.043, 103
Trd, 4318378.343, 105
Trd, 4318379.543, 103
Trd, 4318380.593, 102
Trd, 4318382.693, 105
Trd, 4318384.093, 106
Trd, 4318385.393, 106
Trd, 4318387.393, 106
Trd, 4318388.093, 107
Trd, 4318389.943, 105
Trd, 4318390.293, 105
Trd, 4318392.793, 107
Trd, 4318393.743, 104
Trd, 4318395.343, 99
Trd, 4318397.493, 104
Trd, 4318398.043, 101
Trd, 4318400.243, 103
Trd, 4318401.193, 101
Trd, 4318402.543, 103
Trd, 4318403.843, 120
Trd, 4318406.443, 107
Trd, 4318407.493, 108
Trd, 4318407.993, 87
Trd, 4318409.093, 99
Trd, 4318410.193, 95
Trd, 4318410.943, 109
Trd, 4318411.893, 103
Trd, 4318415.793, 100
Trd, 4318416.893, 104
Trd, 4318418.293, 103
Trd, 4318418.793, 93
Trd, 4318419.143, 102
Trd, 4318421.943, 106
Trd, 4318422.293, 106
Trd, 4318422.543, 122
Trd, 4318426.693, 108
Trd, 4318427.643, 115
Trd, 4318428.493, 111
Trd, 4318429.693, 100
Trd, 4318432.643, 103
Trd, 4318433.343, 104
Trd, 4318433.993, 104
Trd, 4318435.093, 101
Trd, 4318438.093, 102
Trd, 4318438.443, 102
Trd, 4318439.293, 101
Trd, 4318440.543, 104
Trd, 4318442.443, 103
Trd, 4318444.993, 100
Trd, 4318445.943, 103
Trd, 4318449.593, 104
Trd, 4318449.643, 103
Trd, 4318449.793, 103
Trd, 4318449.943, 121
Trd, 4318450.343, 87
Trd, 4318451.093, 104
Trd, 4318451.693, 113
Trd, 4318457.093, 115
Trd, 4318457.793, 115
Trd, 4318458.243, 108
Trd, 4318460.493, 93
Trd, 4318460.643, 110
Trd, 4318462.393, 107
Trd, 4318464.343, 106
Trd, 4318464.843, 106
Trd, 4318468.143, 107
Trd, 4318468.593, 111
Trd, 4318470.443, 107
Trd, 4318470.893, 107
Trd, 4318471.843, 106
Trd, 4318473.993, 108
Trd, 4318474.543, 107
Trd, 4318476.293, 106
Trd, 4318480.393, 107
Trd, 4318480.943, 105
Trd, 4318482.693, 104
Trd, 4318484.843, 107
Trd, 4318485.893, 104
Trd, 4318487.193, 104
Trd, 4318489.643, 107
Trd, 4318490.043, 104
Trd, 4318492.093, 103
Trd, 4318492.893, 107
Trd, 4318494.743, 104
Trd, 4318496.993, 104
Trd, 4318497.143, 103
Trd, 4318498.343, 105
Trd, 4318498.393, 102
Trd, 4318502.093, 108
Trd, 4318502.193, 103
Trd, 4318502.743, 107
Trd, 4318505.943, 107
Trd, 4318509.643, 107
Trd, 4318511.543, 104
Trd, 4318512.993, 107
Trd, 4318513.593, 103
Trd, 4318515.093, 114
Trd, 4318518.643, 108
Trd, 4318519.943, 107
Trd, 4318523.543, 106
Trd, 4318524.643, 107
Trd, 4318527.043, 106
Trd, 4318529.343, 107
Trd, 4318530.293, 108
Trd, 4318531.493, 92
Trd, 4318532.443, 87
Trd, 4318533.743, 117
Trd, 4318533.993, 100
Trd, 4318534.443, 103
Trd, 4318534.943, 100
Trd, 4318536.343, 105
Trd, 4318538.043, 102
Trd, 4318538.093, 103
Trd, 4318541.793, 108
Trd, 4318542.193, 104
Trd, 4318543.693, 107
Trd, 4318544.443, 106
Trd, 4318545.393, 116
Trd, 4318546.543, 105
Trd, 4318547.493, 94
Trd, 4318547.893, 108
Trd, 4318550.893, 107
Trd, 4318552.443, 106
Trd, 4318554.193, 105
Trd, 4318555.793, 107
Trd, 4318556.193, 106
Trd, 4318557.543, 114
Trd, 4318558.243, 109
Trd, 4318560.893, 109
Trd, 4318562.493, 108
Trd, 4318562.993, 110
Trd, 4318565.343, 109
Trd, 4318567.443, 109
Trd, 4318568.093, 108
Trd, 4318569.093, 108
Trd, 4318570.093, 108
Trd, 4318573.193, 107
Trd, 4318574.043, 108
Trd, 4318574.193, 107
Trd, 4318575.743, 105
Trd, 4318576.543, 106
Trd, 4318577.093, 103
Trd, 4318579.843, 106
Trd, 4318580.943, 101
Trd, 4318583.843, 103
Trd, 4318585.643, 104
Trd, 4318588.643, 106
Trd, 4318588.743, 106
Trd, 4318591.043, 106
Trd, 4318591.893, 121
Trd, 4318592.043, 106
Trd, 4318593.643, 110
Trd, 4318596.293, 108
Trd, 4318596.893, 109
Trd, 4318600.393, 109
Trd, 4318600.693, 108
Trd, 4318600.893, 111
Trd, 4318603.893, 111
Trd, 4318605.243, 108
Trd, 4318605.493, 108
Trd, 4318608.193, 106
Trd, 4318608.643, 106
Trd, 4318610.293, 106
Trd, 4318611.493, 105
Trd, 4318613.693, 104
Trd, 4318614.393, 119
Trd, 4318616.843, 94
Trd, 4318618.393, 102
Trd, 4318618.693, 102
Trd, 4318619.393, 92
Trd, 4318620.943, 111
Trd, 4318621.843, 104
Trd, 4318623.693, 98
Trd, 4318624.793, 99
Trd, 4318627.643, 101
Trd, 4318628.193, 99
Trd, 4318628.293, 98
Trd, 4318629.043, 101
Trd, 4318629.943, 113
Trd, 4318631.743, 103
Trd, 4318633.693, 110
Trd, 4318634.893, 110
Trd, 4318634.943, 109
Trd, 4318635.593, 86
Trd, 4318635.793, 118
Trd, 4318640.643, 111
Trd, 4318642.293, 104
Trd, 4318643.843, 104
Trd, 4318646.293, 105
Trd, 4318647.393, 105
Trd, 4318648.143, 105
Trd, 4318649.443, 100
Trd, 4318653.343, 105
Trd, 4318656.143, 104
Trd, 4318657.143, 103
Trd, 4318659.443, 106
Trd, 4318660.043, 104
Trd, 4318660.893, 104
Trd, 4318663.093, 99
Trd, 4318664.693, 104
Trd, 4318666.443, 104
Trd, 4318666.843, 106
Trd, 4318667.243, 104
Trd, 4318669.093, 104
Trd, 4318671.043, 110
Trd, 4318671.493, 109
Trd, 4318672.493, 122
Trd, 4318673.193, 109
Trd, 4318675.493, 109
Trd, 4318677.243, 89
Trd, 4318679.243, 85
Trd, 4318679.943, 86
Trd, 4318681.843, 86
Trd, 4318683.493, 113
Trd, 4318684.943, 106
Trd, 4318685.093, 102
Trd, 4318685.593, 99
Trd, 4318688.343, 104
Trd, 4318688.843, 113
Trd, 4318691.043, 104
Trd, 4318691.393, 103
Trd, 4318692.393, 119
Trd, 4318693.893, 106
Trd, 4318696.343, 107
Trd, 4318698.693, 106
Trd, 4318699.493, 103
Trd, 4318699.993, 106
Trd, 4318704.443, 104
Trd, 4318705.793, 104
Trd, 4318706.043, 103
Trd, 4318706.343, 92
Trd, 4318707.243, 117
Trd, 4318709.043, 103
Trd, 4318713.043, 106
Trd, 4318714.693, 106
Trd, 4318715.293, 102
Trd, 4318717.943, 122
Trd, 4318719.993, 104
Trd, 4318721.193, 103
Trd, 4318723.593, 102
Trd, 4318725.093, 105
Trd, 4318725.493, 102
Trd, 4318730.193, 104
Trd, 4318730.793, 101
Trd, 4318732.143, 104
Trd, 4318733.493, 101
Trd, 4318733.993, 102
Trd, 4318736.893, 104
Trd, 4318739.293, 102
Trd, 4318743.193, 104
Trd, 4318744.093, 103
Trd, 4318744.843, 104
Trd, 4318744.993, 102
Trd, 4318747.543, 104
Trd, 4318748.143, 105
Trd, 4318749.393, 105
Trd, 4318749.993, 102
Trd, 4318751.443, 94
Trd, 4318752.893, 103
Trd, 4318753.943, 122
Trd, 4318754.393, 100
Trd, 4318758.593, 108
Trd, 4318761.193, 108
Trd, 4318761.593, 113
Trd, 4318761.743, 107
Trd, 4318762.443, 96
Trd, 4318762.993, 93
Trd, 4318766.343, 101
Trd, 4318769.093, 104
Trd, 4318769.243, 101
Trd, 4318770.093, 102
Trd, 4318771.043, 105
Trd, 4318772.893, 102
Trd, 4318773.443, 102
Trd, 4318775.743, 104
Trd, 4318776.693, 105
Trd, 4318778.993, 104
Trd, 4318781.193, 103
Trd, 4318783.543, 98
Trd, 4318783.593, 105
Trd, 4318784.193, 106
Trd, 4318788.593, 104
Trd, 4318789.193, 104
Trd, 4318790.593, 102
Trd, 4318790.993, 104
Trd, 4318793.393, 119
Trd, 4318795.843, 101
Trd, 4318797.843, 104
Trd, 4318798.393, 103
Trd, 4318799.243, 106
Trd, 4318803.993, 103
Trd, 4318806.243, 106
Trd, 4318808.693, 106
Trd, 4318809.743, 103
Trd, 4318810.193, 106
Trd, 4318812.743, 108
Trd, 4318813.193, 110
Trd, 4318814.843, 120
Trd, 4318818.093, 111
Trd, 4318818.743, 109
Trd, 4318819.943, 100
Trd, 4318822.093, 109
Trd, 4318823.143, 103
Trd, 4318823.393, 108
Trd, 4318828.193, 107
Trd, 4318829.893, 108
Trd, 4318832.543, 107
Trd, 4318832.643, 108
Trd, 4318832.843, 105
Trd, 4318835.193, 104
Trd, 4318837.293, 108
Trd, 4318839.293, 107
Trd, 4318841.443, 107
Trd, 4318842.343, 108
Trd, 4318844.193, 109
Trd, 4318844.293, 106
Trd, 4318847.643, 106
Trd, 4318849.943, 105
Trd, 4318851.093, 105
Trd, 4318854.993, 107
Trd, 4318855.843, 104
Trd, 4318859.143, 105
Trd, 4318860.543, 107
Trd, 4318860.743, 104
Trd, 4318864.293, 105
Trd, 4318864.493, 106
Trd, 4318866.693, 104
Trd, 4318869.093, 104
Trd, 4318869.343, 103
Trd, 4318871.793, 101
Trd, 4318872.743, 102
Trd, 4318873.243, 104
Trd, 4318875.843, 102
Trd, 4318877.793, 97
Trd, 4318878.543, 102
Trd, 4318880.743, 102
Trd, 4318881.643, 102
Trd, 4318883.543, 102
Trd, 4318884.543, 109
Trd, 4318885.343, 100
Trd, 4318890.593, 101
Trd, 4318891.543, 104
Trd, 4318892.993, 104
Trd, 4318894.793, 104
Trd, 4318896.743, 103
Trd, 4318897.693, 104
Trd, 4318898.393, 103
Trd, 4318899.993, 104
Trd, 4318900.443, 95
Trd, 4318904.643, 104
Trd, 4318906.143, 104
Trd, 4318907.643, 111
Trd, 4318908.193, 107
Trd, 4318908.643, 95
Trd, 4318912.293, 103
Trd, 4318912.793, 107
Trd, 4318914.543, 105
Trd, 4318915.943, 107
Trd, 4318920.943, 103
Trd, 4318924.593, 107
Trd, 4318927.043, 107
Trd, 4318928.093, 107
Trd, 4318928.543, 108
Trd, 4318932.893, 105
Trd, 4318933.493, 105
Trd, 4318934.093, 108
Trd, 4318939.643, 104
Trd, 4318939.793, 104
Trd, 4318940.243, 107
Trd, 4318942.093, 107
Trd, 4318942.993, 107
Trd, 4318944.893, 107
Trd, 4318945.143, 106
Trd, 4318946.543, 109
Trd, 4318948.293, 109
Trd, 4318948.393, 105
Trd, 4318949.343, 106
Trd, 4318951.193, 96
Trd, 4318954.493, 106
Trd, 4318956.643, 108
Trd, 4318957.243, 118
Trd, 4318960.743, 108
Trd, 4318963.743, 108
Trd, 4318963.893, 107
Trd, 4318965.693, 106
Trd, 4318966.443, 109
Trd, 4318968.993, 100
Trd, 4318971.843, 106
Trd, 4318972.693, 106
Trd, 4318973.193, 105
Trd, 4318973.493, 115
Trd, 4318976.293, 106
Trd, 4318976.493, 104
Trd, 4318979.593, 108
Trd, 4318983.543, 104
Trd, 4318983.643, 104
Trd, 4318984.293, 106
Trd, 4318986.093, 107
Trd, 4318986.843, 120
Trd, 4318989.693, 113
Trd, 4318990.743, 112
Trd, 4318993.043, 113
Trd, 4318993.293, 110
Trd, 4318993.893, 108
Trd, 4318994.443, 99
Trd, 4318997.793, 108
Trd, 4319000.993, 108
Trd, 4319004.743, 106
Trd, 4319006.443, 104
Trd, 4319007.043, 107
Trd, 4319008.143, 102
Trd, 4319008.393, 103
Trd, 4319009.843, 107
Trd, 4319013.993, 105
Trd, 4319015.893, 107
Trd, 4319016.943, 107
Trd, 4319017.743, 122
Trd, 4319018.543, 109
Trd, 4319023.943, 110
Trd, 4319024.543, 111
Trd, 4319024.593, 110
Trd, 4319025.843, 96
Trd, 4319027.593, 105
Trd, 4319029.193, 105
Trd, 4319030.993, 102
Trd, 4319033.693, 100
Trd, 4319035.293, 102
Trd, 4319037.043, 105
Trd, 4319038.143, 122
Trd, 4319038.943, 109
Trd, 4319039.193, 109
Trd, 4319041.493, 108
Trd, 4319042.743, 106
Trd, 4319044.593, 105
Trd, 4319044.843, 102
Trd, 4319046.693, 107
Trd, 4319047.443, 104
Trd, 4319048.343, 94
Trd, 4319050.843, 106
Trd, 4319051.393, 95
Trd, 4319054.793, 106
Trd, 4319055.293, 106
Trd, 4319055.943, 102
Trd, 4319057.193, 105
Trd, 4319059.993, 106
Trd, 4319060.093, 103
Trd, 4319061.243, 103
Trd, 4319062.443, 106
Trd, 4319063.443, 109
Trd, 4319067.043, 105
Trd, 4319067.143, 106
Trd, 4319068.743, 104
Trd, 4319069.843, 101
Trd, 4319072.343, 105
Trd, 4319073.343, 105
Trd, 4319073.443, 104
Trd, 4319075.093, 102
Trd, 4319075.743, 104
Trd, 4319076.493, 104
Trd, 4319078.593, 104
Trd, 4319082.093, 104
Trd, 4319082.593, 104
Trd, 4319083.193, 103
Trd, 4319088.543, 103
Trd, 4319088.693, 104
Trd, 4319090.943, 104
Trd, 4319093.393, 105
Trd, 4319094.593, 109
Trd, 4319094.793, 103
Trd, 4319096.643, 107
Trd, 4319097.693, 107
Trd, 4319099.693, 105
Trd, 4319101.293, 93
Trd, 4319103.043, 105
Trd, 4319104.893, 104
Trd, 4319105.793, 103
Trd, 4319108.393, 105
Trd, 4319109.493, 121
Trd, 4319112.493, 107
Trd, 4319114.143, 107
Trd, 4319114.593, 102
Trd, 4319116.443, 108
Trd, 4319116.693, 91
Trd, 4319119.393, 102
Trd, 4319123.343, 101
Trd, 4319123.943, 101
Trd, 4319124.143, 106
Trd, 4319124.493, 91
Trd, 4319124.993, 118
Trd, 4319129.943, 112
Trd, 4319130.643, 110
Trd, 4319131.543, 117
Trd, 4319133.443, 109
Trd, 4319135.143, 109
Trd, 4319135.743, 108
Trd, 4319137.343, 105
Trd, 4319138.043, 102
Trd, 4319139.243, 101
Trd, 4319141.543, 103
Trd, 4319141.843, 102
Trd, 4319143.843, 102
Trd, 4319144.443, 103
Trd, 4319145.093, 102
Trd, 4319148.993, 107
Trd, 4319149.143, 114
Trd, 4319149.243, 107
Trd, 4319151.143, 120
Trd, 4319153.193, 114
Trd, 4319153.243, 113
Trd, 4319155.693, 114
Trd, 4319155.993, 113
Trd, 4319158.093, 113
Trd, 4319158.893, 112
Trd, 4319162.343, 114
Trd, 4319162.543, 111
Trd, 4319162.743, 117
Trd, 4319164.043, 99
Trd, 4319164.443, 115
Trd, 4319165.743, 107
Trd, 4319169.543, 109
Trd, 4319171.793, 108
Trd, 4319172.543, 106
Trd, 4319173.243, 109
Trd, 4319175.443, 109
Trd, 4319176.693, 108
Trd, 4319178.743, 110
Trd, 4319179.443, 120
Trd, 4319179.943, 109
Trd, 4319180.043, 93
Trd, 4319181.593, 104
Trd, 4319181.843, 105
Trd, 4319183.393, 121
Trd, 4319185.943, 116
Trd, 4319186.893, 105
Trd, 4319187.093, 108
Trd, 4319190.393, 109
Trd, 4319191.443, 111
Trd, 4319193.393, 109
Trd, 4319193.593, 108
Trd, 4319194.843, 93
Trd, 4319199.593, 108
Trd, 4319200.343, 105
Trd, 4319200.743, 109
Trd, 4319201.843, 110
Trd, 4319202.593, 106
Trd, 4319204.543, 110
Trd, 4319205.343, 109
Trd, 4319207.743, 92
Trd, 4319209.843, 107
Trd, 4319210.493, 110
Trd, 4319214.793, 107
Trd, 4319216.493, 107
Trd, 4319217.393, 106
Trd, 4319219.493, 110
Trd, 4319219.843, 108
Trd, 4319220.643, 108
Trd, 4319222.093, 108
Trd, 4319224.443, 108
Trd, 4319225.193, 122
Trd, 4319226.393, 107
Trd, 4319227.843, 112
Trd, 4319228.993, 108
Trd, 4319233.343, 111
Trd, 4319234.193, 107
Trd, 4319236.593, 106
Trd, 4319238.743, 105
Trd, 4319240.343, 107
Trd, 4319241.043, 108
Trd, 4319243.443, 106
Trd, 4319244.543, 107
Trd, 4319244.743, 105
Trd, 4319248.593, 105
Trd, 4319249.093, 105
Trd, 4319252.993, 107
Trd, 4319253.193, 107
Trd, 4319255.893, 112
Trd, 4319256.043, 109
Trd, 4319256.843, 108
Trd, 4319257.943, 109
Trd, 4319258.743, 121
Trd, 4319259.243, 98
Trd, 4319261.193, 106
Trd, 4319262.143, 101
Trd, 4319263.643, 98
Trd, 4319266.593, 99
Trd, 4319267.443, 99
Trd, 4319270.893, 100
Trd, 4319271.293, 98
Trd, 4319271.593, 93
Trd, 4319274.343, 113
Trd, 4319274.893, 112
Trd, 4319275.043, 111
Trd, 4319275.893, 111
Trd, 4319278.443, 114
Trd, 4319279.393, 112
Trd, 4319280.693, 122
Trd, 4319281.593, 114
Trd, 4319284.193, 120
Trd, 4319285.293, 117
Trd, 4319285.393, 114
Trd, 4319286.243, 112
Trd, 4319289.043, 113
Trd, 4319291.493, 113
Trd, 4319291.543, 111
Trd, 4319292.643, 98
Trd, 4319295.093, 108
Trd, 4319295.143, 104
Trd, 4319296.443, 102
Trd, 4319299.543, 105
Trd, 4319299.743, 105
Trd, 4319302.143, 103
Trd, 4319303.393, 105
Trd, 4319304.343, 106
Trd, 4319304.543, 103
Trd, 4319307.693, 111
Trd, 4319308.093, 110
Trd, 4319308.943, 109
Trd, 4319309.443, 92
Trd, 4319311.143, 106
Trd, 4319315.343, 106
Trd, 4319316.143, 104
Trd, 4319316.793, 104
Trd, 4319318.943, 106
Trd, 4319320.793, 107
Trd, 4319321.093, 107
Trd, 4319323.093, 106
Trd, 4319323.593, 105
Trd, 4319325.043, 102
Trd, 4319326.693, 101
Trd, 4319327.193, 105
Trd, 4319327.493, 104
Trd, 4319329.943, 118
Trd, 4319330.693, 103
Trd, 4319332.043, 108
Trd, 4319334.893, 121
Trd, 4319335.743, 112
Trd, 4319338.343, 113
Trd, 4319338.943, 112
Trd, 4319339.193, 94
Trd, 4319342.093, 122
Trd, 4319342.143, 108
Trd, 4319344.893, 111
Trd, 4319346.593, 111
Trd, 4319346.893, 108
Trd, 4319347.293, 107
Trd, 4319348.143, 107
Trd, 4319348.893, 105
Trd, 4319349.443, 115
Trd, 4319351.643, 95
Trd, 4319356.243, 105
Trd, 4319357.843, 101
Trd, 4319358.643, 99
Trd, 4319361.093, 102
Trd, 4319362.743, 102
Trd, 4319363.093, 101
Trd, 4319366.743, 101
Trd, 4319367.193, 89
Trd, 4319368.093, 100
Trd, 4319368.943, 99
Trd, 4319369.393, 97
Trd, 4319369.643, 96
Trd, 4319371.293, 123
Trd, 4319371.993, 122
Trd, 4319375.643, 107
Trd, 4319376.743, 115
Trd, 4319376.793, 93
Trd, 4319380.293, 110
Trd, 4319381.893, 104
Trd, 4319383.343, 102
Trd, 4319387.993, 108
Trd, 4319389.343, 109
Trd, 4319389.843, 110
Trd, 4319390.193, 106
Trd, 4319391.043, 106
Trd, 4319394.243, 106
Trd, 4319396.993, 107
Trd, 4319397.543, 117
Trd, 4319398.443, 113
Trd, 4319399.193, 113
Trd, 4319399.893, 107
Trd, 4319402.743, 95
Trd, 4319403.243, 109
Trd, 4319405.593, 109
Trd, 4319408.443, 108
Trd, 4319408.893, 108
Trd, 4319411.093, 109
Trd, 4319413.943, 109
Trd, 4319414.193, 108
Trd, 4319414.743, 108
Trd, 4319417.093, 123
Trd, 4319417.243, 122
Trd, 4319417.343, 108
Trd, 4319418.143, 110
Trd, 4319422.343, 110
Trd, 4319426.693, 115
Trd, 4319428.393, 115
Trd, 4319428.893, 109
Trd, 4319429.693, 112
Trd, 4319431.943, 110
Trd, 4319433.893, 111
Trd, 4319434.543, 112
Trd, 4319434.643, 110
Trd, 4319435.043, 117
Trd, 4319436.393, 94
Trd, 4319438.993, 103
Trd, 4319440.643, 114
Trd, 4319444.393, 108
Trd, 4319447.593, 111
Trd, 4319449.793, 110
Trd, 4319450.193, 111
Trd, 4319450.293, 110
Trd, 4319450.393, 108
Trd, 4319452.093, 113
Trd, 4319453.793, 101
Trd, 4319454.893, 105
Trd, 4319455.893, 92
Trd, 4319459.443, 104
Trd, 4319460.893, 110
Trd, 4319461.343, 119
Trd, 4319461.543, 118
Trd, 4319464.443, 111
Trd, 4319465.093, 110
Trd, 4319465.993, 110
Trd, 4319467.393, 110
Trd, 4319467.443, 110
Trd, 4319469.643, 111
Trd, 4319469.943, 101
Trd, 4319470.593, 100
Trd, 4319471.643, 94
Trd, 4319471.793, 122
Trd, 4319473.693, 94
Trd, 4319474.293, 95
Trd, 4319475.343, 117
Trd, 4319476.793, 100
Trd, 4319478.293, 108
Trd, 4319479.143, 103
Trd, 4319482.743, 101
Trd, 4319483.693, 103
Trd, 4319486.343, 103
Trd, 4319487.043, 101
Trd, 4319489.043, 103
Trd, 4319489.643, 102
Trd, 4319490.443, 108
Trd, 4319490.543, 103
Trd, 4319494.243, 113
Trd, 4319495.293, 112
Trd, 4319495.543, 109
Trd, 4319495.693, 98
Trd, 4319496.443, 109
Trd, 4319498.293, 101
Trd, 4319498.993, 101
Trd, 4319499.543, 92
Trd, 4319500.943, 93
Trd, 4319503.093, 97
Trd, 4319504.793, 122
Trd, 4319505.443, 112
Trd, 4319506.393, 108
Trd, 4319506.843, 104
Trd, 4319507.943, 114
Trd, 4319508.843, 106
Trd, 4319509.093, 102
Trd, 4319514.793, 102
Trd, 4319515.443, 106
Trd, 4319515.993, 99
Trd, 4319518.843, 105
Trd, 4319519.893, 105
Trd, 4319521.393, 104
Trd, 4319522.243, 94
Trd, 4319523.993, 100
Trd, 4319525.193, 105
Trd, 4319525.743, 104
Trd, 4319527.643, 101
Trd, 4319528.843, 105
Trd, 4319530.493, 110
Trd, 4319532.493, 107
Trd, 4319534.293, 115
Trd, 4319534.993, 110
Trd, 4319535.643, 110
Trd, 4319537.893, 107
Trd, 4319540.043, 121
Trd, 4319540.443, 111
Trd, 4319543.643, 108
Trd, 4319545.093, 108
Trd, 4319545.743, 109
Trd, 4319546.593, 100
Trd, 4319546.893, 109
Trd, 4319548.193, 115
Trd, 4319549.743, 106
Trd, 4319551.593, 103
Trd, 4319551.993, 101
Trd, 4319552.243, 94
Trd, 4319553.243, 107
Trd, 4319554.243, 91
Trd, 4319557.293, 92
Trd, 4319560.993, 122
Trd, 4319561.043, 121
Trd, 4319561.643, 111
Trd, 4319563.693, 115
Trd, 4319565.243, 108
Trd, 4319565.793, 104
Trd, 4319566.443, 104
Trd, 4319567.093, 104
Trd, 4319567.743, 96
Trd, 4319567.993, 112
Trd, 4319571.343, 103
Trd, 4319574.993, 102
Trd, 4319578.943, 101
Trd, 4319581.493, 103
Trd, 4319581.793, 103
Trd, 4319582.493, 101
Trd, 4319583.493, 104
Trd, 4319586.993, 100
Trd, 4319587.493, 99
Trd, 4319588.543, 99
Trd, 4319592.793, 103
Trd, 4319594.243, 103
Trd, 4319594.743, 122
Trd, 4319594.993, 99
Trd, 4319597.093, 108
Trd, 4319598.593, 107
Trd, 4319598.893, 106
Trd, 4319599.293, 118
Trd, 4319603.543, 106
Trd, 4319605.193, 111
Trd, 4319605.743, 108
Trd, 4319608.893, 111
Trd, 4319610.993, 109
Trd, 4319613.293, 107
Trd, 4319616.943, 111
Trd, 4319617.443, 111
Trd, 4319617.843, 108
Trd, 4319617.893, 103
Trd, 4319622.643, 111
Trd, 4319622.693, 114
Trd, 4319623.743, 98
Trd, 4319624.843, 105
Trd, 4319626.143, 106
Trd, 4319627.593, 98
Trd, 4319628.043, 96
Trd, 4319630.343, 107
Trd, 4319631.393, 96
Trd, 4319633.293, 105
Trd, 4319634.593, 99
Trd, 4319638.493, 104
Trd, 4319639.593, 104
Trd, 4319640.743, 101
Trd, 4319641.543, 104
Trd, 4319641.743, 101
Trd, 4319644.443, 105
Trd, 4319645.043, 104
Trd, 4319646.193, 104
Trd, 4319647.443, 106
Trd, 4319648.743, 113
Trd, 4319650.693, 108
Trd, 4319652.143, 108
Trd, 4319656.393, 107
Trd, 4319657.443, 115
Trd, 4319657.793, 106
Trd, 4319660.093, 108
Trd, 4319663.243, 107
Trd, 4319665.493, 105
Trd, 4319666.743, 107
Trd, 4319667.143, 107
Trd, 4319667.493, 104
Trd, 4319669.993, 104
Trd, 4319670.543, 106
Trd, 4319673.443, 104
Trd, 4319677.093, 105
Trd, 4319677.143, 103
Trd, 4319678.443, 105
Trd, 4319681.993, 102
Trd, 4319683.043, 115
Trd, 4319683.543, 112
Trd, 4319684.193, 110
Trd, 4319684.493, 102
Trd, 4319687.693, 102
Trd, 4319687.893, 103
Trd, 4319690.343, 105
Trd, 4319690.743, 114
Trd, 4319693.743, 107
Trd, 4319696.493, 110
Trd, 4319696.793, 110
Trd, 4319696.943, 104
Trd, 4319697.093, 109
Trd, 4319699.793, 94
Trd, 4319702.443, 105
Trd, 4319703.543, 105
Trd, 4319706.343, 104
Trd, 4319707.293, 105
Trd, 4319708.893, 102
Trd, 4319709.043, 99
Trd, 4319712.593, 90
Trd, 4319714.093, 95
Trd, 4319714.843, 97
Trd, 4319717.643, 96
Trd, 4319718.143, 96
Trd, 4319720.393, 103
Trd, 4319721.843, 108
Trd, 4319723.893, 112
Trd, 4319724.843, 112
Trd, 4319725.893, 111
Trd, 4319726.293, 112
Trd, 4319726.543, 123
Trd, 4319726.943, 122
Trd, 4319727.993, 109
Trd, 4319731.493, 110
Trd, 4319731.893, 94
Trd, 4319733.993, 102
Trd, 4319734.593, 102
Trd, 4319735.043, 100
Trd, 4319735.543, 115
Trd, 4319736.543, 101
Trd, 4319737.743, 106
Trd, 4319738.743, 94
Trd, 4319741.343, 114
Trd, 4319741.993, 108
Trd, 4319746.243, 105
Trd, 4319746.443, 104
Trd, 4319747.743, 104
Trd, 4319749.493, 103
Trd, 4319750.843, 104
Trd, 4319752.243, 104
Trd, 4319753.393, 94
Trd, 4319754.393, 98
Trd, 4319755.193, 105
Trd, 4319756.293, 89
Trd, 4319758.443, 86
Trd, 4319760.343, 102
Trd, 4319760.993, 100
Trd, 4319761.143, 98
Trd, 4319761.343, 107
Trd, 4319761.843, 113
Trd, 4319764.093, 101
Trd, 4319765.243, 101
Trd, 4319766.693, 101
Trd, 4319767.643, 100
Trd, 4319768.743, 92
Trd, 4319770.443, 101
Trd, 4319772.043, 114
Trd, 4319773.143, 105
Trd, 4319774.143, 120
Trd, 4319774.393, 105
Trd, 4319775.143, 110
Trd, 4319778.943, 107
Trd, 4319779.793, 107
Trd, 4319782.193, 108
Trd, 4319783.243, 108
Trd, 4319784.343, 122
Trd, 4319785.093, 109
Trd, 4319785.493, 108
Trd, 4319791.343, 107
Trd, 4319791.443, 100
Trd, 4319791.793, 112
Trd, 4319794.443, 107
Trd, 4319795.193, 105
Trd, 4319796.343, 103
Trd, 4319796.393, 104
Trd, 4319797.143, 103
Trd, 4319799.943, 103
Trd, 4319801.243, 101
Trd, 4319802.743, 95
Trd, 4319805.043, 103
Trd, 4319808.193, 102
Trd, 4319809.193, 103
Trd, 4319810.043, 106
Trd, 4319812.043, 117
Trd, 4319813.493, 108
Trd, 4319813.993, 107
Trd, 4319816.793, 111
Trd, 4319818.093, 110
Trd, 4319820.293, 113
Trd, 4319821.043, 121
Trd, 4319822.393, 113
Trd, 4319823.743, 113
Trd, 4319824.293, 87
Trd, 4319825.643, 101
Trd, 4319826.493, 121
Trd, 4319827.493, 121
Trd, 4319828.193, 110
Trd, 4319828.693, 110
Trd, 4319830.143, 110
Trd, 4319830.943, 107
Trd, 4319832.243, 91
Trd, 4319833.293, 99
Trd, 4319836.493, 107
Trd, 4319837.143, 109
Trd, 4319839.293, 105
Trd, 4319841.793, 109
Trd, 4319842.593, 106
Trd, 4319842.893, 105
Trd, 4319845.543, 108
Trd, 4319848.993, 109
Trd, 4319849.093, 106
Trd, 4319849.793, 105
Trd, 4319851.293, 110
Trd, 4319853.093, 109
Trd, 4319854.943, 98
Trd, 4319856.093, 107
Trd, 4319856.393, 87
Trd, 4319860.343, 105
Trd, 4319863.893, 105
Trd, 4319864.243, 113
Trd, 4319867.643, 103
Trd, 4319867.893, 99
Trd, 4319868.993, 101
Trd, 4319870.893, 108
Trd, 4319872.143, 100
Trd, 4319875.693, 108
Trd, 4319875.893, 102
Trd, 4319877.793, 108
Trd, 4319878.093, 108
Trd, 4319878.443, 109
Trd, 4319881.493, 106
Trd, 4319883.443, 108
Trd, 4319884.343, 107
Trd, 4319885.743, 110
Trd, 4319886.193, 108
Trd, 4319887.843, 106
Trd, 4319888.593, 104
Trd, 4319890.393, 104
Trd, 4319893.693, 102
Trd, 4319894.743, 98
Trd, 4319894.843, 94
Trd, 4319897.743, 102
Trd, 4319898.493, 122
Trd, 4319899.743, 111
Trd, 4319901.293, 110
Trd, 4319902.493, 110
Trd, 4319902.943, 108
Trd, 4319906.843, 110
Trd, 4319907.143, 109
Trd, 4319907.643, 107
Trd, 4319908.643, 109
Trd, 4319909.743, 107
Trd, 4319912.543, 106
Trd, 4319913.343, 97
Trd, 4319916.543, 102
Trd, 4319918.093, 107
Trd, 4319920.593, 102
Trd, 4319920.993, 107
Trd, 4319925.093, 107
Trd, 4319927.293, 109
Trd, 4319927.693, 114
Trd, 4319928.893, 108
Trd, 4319930.443, 108
Trd, 4319930.593, 104
Trd, 4319932.643, 102
Trd, 4319933.093, 108
Trd, 4319933.343, 106
Trd, 4319935.093, 105
Trd, 4319935.293, 107
Trd, 4319937.993, 104
Trd, 4319940.943, 105
Trd, 4319943.343, 104
Trd, 4319943.893, 107
Trd, 4319944.743, 104
Trd, 4319946.893, 107
Trd, 4319947.793, 105
Trd, 4319951.643, 106
Trd, 4319951.793, 102
Trd, 4319952.193, 107
Trd, 4319952.693, 93
Trd, 4319954.143, 107
Trd, 4319956.493, 95
Trd, 4319957.243, 107
Trd, 4319960.243, 107
Trd, 4319963.293, 102
Trd, 4319965.143, 107
Trd, 4319966.393, 103
Trd, 4319968.943, 102
Trd, 4319972.393, 102
Trd, 4319974.293, 106
Trd, 4319974.593, 106
Trd, 4319975.793, 103
Trd, 4319977.393, 105
Trd, 4319980.193, 105
Trd, 4319982.493, 108
Trd, 4319983.393, 108
Trd, 4319985.343, 107
Trd, 4319985.493, 106
Trd, 4319986.143, 119
Trd, 4319987.093, 120
Trd, 4319988.293, 100
Trd, 4319991.493, 109
Trd, 4319991.543, 114
Trd, 4319995.893, 110
Trd, 4319997.143, 108
Trd, 4319998.493, 113
Trd, 4319998.843, 108
