Trd, 4317870.343, 92
Trd, 4317874.243, 91
Trd, 4317874.893, 92
Trd, 4317875.293, 93
Trd, 4317876.693, 91
Trd, 4317878.543, 92
Trd, 4317878.943, 92
Trd, 4317881.643, 91
Trd, 4317882.243, 90
Trd, 4317882.793, 92
Trd, 4317883.993, 113
Trd, 4317885.243, 95
Trd, 4317887.193, 96
Trd, 4317887.493, 99
Trd, 4317891.693, 95
Trd, 4317892.143, 96
Trd, 4317892.443, 96
Trd, 4317893.193, 98
Trd, 4317896.543, 97
Trd, 4317897.743, 98
Trd, 4317898.293, 98
Trd, 4317899.443, 98
Trd, 4317899.593, 102
Trd, 4317902.743, 98
Trd, 4317902.843, 97
Trd, 4317903.393, 98
Trd, 4317904.393, 97
Trd, 4317905.943, 97
Trd, 4317907.743, 99
Trd, 4317909.093, 99
Trd, 4317910.043, 100
Trd, 4317911.093, 99
Trd, 4317913.343, 101
Trd, 4317913.393, 98
Trd, 4317915.693, 96
Trd, 4317915.843, 97
Trd, 4317917.393, 96
Trd, 4317918.343, 97
Trd, 4317919.093, 113
Trd, 4317920.193, 95
Trd, 4317921.893, 102
Trd, 4317923.243, 99
Trd, 4317923.743, 100
Trd, 4317924.793, 99
Trd, 4317925.743, 98
Trd, 4317927.093, 96
Trd, 4317928.493, 94
Trd, 4317928.693, 95
Trd, 4317928.843, 96
Trd, 4317932.443, 95
Trd, 4317933.193, 94
Trd, 4317933.843, 95
Trd, 4317934.193, 95
Trd, 4317935.143, 94
Trd, 4317938.643, 94
Trd, 4317939.793, 94
Trd, 4317943.043, 95
Trd, 4317943.293, 95
Trd, 4317944.493, 95
Trd, 4317944.643, 94
Trd, 4317945.343, 93
Trd, 4317949.343, 95
Trd, 4317949.593, 95
Trd, 4317953.943, 95
Trd, 4317955.793, 93
Trd, 4317956.593, 94
Trd, 4317956.693, 95
Trd, 4317956.993, 95
Trd, 4317960.293, 94
Trd, 4317960.343, 95
Trd, 4317961.443, 94
Trd, 4317961.593, 95
Trd, 4317963.393, 95
Trd, 4317964.993, 96
Trd, 4317965.843, 95
Trd, 4317968.593, 94
Trd, 4317969.593, 95
Trd, 4317970.593, 96
Trd, 4317973.493, 95
Trd, 4317975.593, 95
Trd, 4317976.093, 94
Trd, 4317976.793, 94
Trd, 4317977.293, 93
Trd, 4317979.043, 95
Trd, 4317979.643, 93
Trd, 4317982.543, 94
Trd, 4317982.593, 94
Trd, 4317985.243, 91
Trd, 4317986.843, 92
Trd, 4317987.343, 92
Trd, 4317990.243, 91
Trd, 4317990.693, 92
Trd, 4317992.343, 92
Trd, 4317992.643, 92
Trd, 4317994.493, 91
Trd, 4317995.393, 92
Trd, 4317998.243, 91
Trd, 4317998.343, 92
Trd, 4317998.493, 91
Trd, 4318001.593, 91
Trd, 4318003.043, 91
Trd, 4318005.093, 91
Trd, 4318006.393, 91
Trd, 4318006.443, 90
Trd, 4318008.443, 91
Trd, 4318009.443, 93
Trd, 4318010.143, 91
Trd, 4318010.943, 96
Trd, 4318012.493, 91
Trd, 4318016.343, 91
Trd, 4318016.493, 92
Trd, 4318017.693, 93
Trd, 4318018.493, 105
Trd, 4318019.643, 99
Trd, 4318021.793, 96
Trd, 4318022.043, 96
Trd, 4318024.043, 95
Trd, 4318025.543, 94
Trd, 4318026.543, 94
Trd, 4318027.693, 92
Trd, 4318028.843, 94
Trd, 4318030.693, 96
Trd, 4318031.193, 93
Trd, 4318033.343, 93
Trd, 4318036.093, 94
Trd, 4318036.343, 93
Trd, 4318037.393, 93
Trd, 4318038.093, 93
Trd, 4318040.043, 93
Trd, 4318040.193, 93
Trd, 4318040.993, 92
Trd, 4318043.593, 92
Trd, 4318045.993, 94
Trd, 4318046.593, 99
Trd, 4318047.093, 96
Trd, 4318047.793, 96
Trd, 4318048.843, 113
Trd, 4318050.193, 108
Trd, 4318050.893, 96
Trd, 4318051.193, 96
Trd, 4318051.443, 104
Trd, 4318051.843, 99
Trd, 4318053.993, 98
Trd, 4318054.043, 97
Trd, 4318055.693, 97
Trd, 4318056.543, 95
Trd, 4318057.843, 97
Trd, 4318059.443, 96
Trd, 4318061.143, 95
Trd, 4318063.293, 96
Trd, 4318065.093, 95
Trd, 4318066.893, 96
Trd, 4318067.043, 102
Trd, 4318068.843, 96
Trd, 4318069.643, 96
Trd, 4318071.593, 96
Trd, 4318072.993, 96
Trd, 4318075.493, 97
Trd, 4318076.093, 95
Trd, 4318077.743, 96
Trd, 4318078.643, 96
Trd, 4318078.893, 95
Trd, 4318081.343, 95
Trd, 4318082.143, 96
Trd, 4318084.343, 101
Trd, 4318084.543, 104
Trd, 4318087.393, 98
Trd, 4318089.393, 97
Trd, 4318091.443, 96
Trd, 4318091.693, 95
Trd, 4318091.993, 95
Trd, 4318092.743, 96
Trd, 4318093.093, 104
Trd, 4318097.043, 97
Trd, 4318097.293, 95
Trd, 4318097.493, 96
Trd, 4318099.243, 95
Trd, 4318101.093, 94
Trd, 4318101.493, 96
Trd, 4318102.293, 96
Trd, 4318104.743, 96
Trd, 4318106.543, 95
Trd, 4318106.943, 96
Trd, 4318108.143, 96
Trd, 4318110.343, 95
Trd, 4318111.243, 97
Trd, 4318113.843, 96
Trd, 4318114.793, 96
Trd, 4318115.543, 101
Trd, 4318119.143, 96
Trd, 4318119.443, 94
Trd, 4318121.343, 94
Trd, 4318122.593, 95
Trd, 4318123.993, 95
Trd, 4318127.293, 95
Trd, 4318127.743, 96
Trd, 4318127.843, 94
Trd, 4318130.193, 97
Trd, 4318130.943, 97
Trd, 4318132.743, 97
Trd, 4318135.443, 95
Trd, 4318135.943, 97
Trd, 4318138.743, 95
Trd, 4318140.393, 96
Trd, 4318140.993, 97
Trd, 4318142.193, 96
Trd, 4318143.543, 96
Trd, 4318145.393, 96
Trd, 4318147.043, 96
Trd, 4318148.643, 96
Trd, 4318148.843, 94
Trd, 4318151.243, 93
Trd, 4318152.193, 93
Trd, 4318152.393, 93
Trd, 4318155.593, 94
Trd, 4318157.043, 105
Trd, 4318158.593, 95
Trd, 4318160.043, 95
Trd, 4318160.193, 95
Trd, 4318160.243, 94
Trd, 4318160.793, 105
Trd, 4318164.693, 97
Trd, 4318164.793, 97
Trd, 4318165.593, 98
Trd, 4318166.143, 98
Trd, 4318167.293, 102
Trd, 4318167.793, 101
Trd, 4318169.843, 100
Trd, 4318172.643, 89
Trd, 4318173.543, 89
Trd, 4318173.943, 90
Trd, 4318174.293, 91
Trd, 4318177.493, 97
Trd, 4318177.793, 94
Trd, 4318178.193, 110
Trd, 4318180.393, 104
Trd, 4318180.543, 107
Trd, 4318182.543, 98
Trd, 4318182.743, 99
Trd, 4318183.443, 99
Trd, 4318184.893, 98
Trd, 4318186.643, 99
Trd, 4318186.893, 99
Trd, 4318189.543, 103
Trd, 4318190.743, 103
Trd, 4318191.393, 105
Trd, 4318192.443, 102
Trd, 4318194.493, 101
Trd, 4318195.143, 103
Trd, 4318196.193, 101
Trd, 4318197.993, 100
Trd, 4318198.093, 101
Trd, 4318199.143, 101
Trd, 4318199.593, 99
Trd, 4318201.093, 99
Trd, 4318204.143, 100
Trd, 4318204.643, 98
Trd, 4318207.293, 100
Trd, 4318208.093, 99
Trd, 4318208.393, 99
Trd, 4318208.543, 98
Trd, 4318208.943, 104
Trd, 4318211.443, 101
Trd, 4318212.043, 102
Trd, 4318213.393, 102
Trd, 4318216.543, 122
Trd, 4318216.593, 114
Trd, 4318219.643, 104
Trd, 4318220.493, 97
Trd, 4318220.593, 102
Trd, 4318221.693, 100
Trd, 4318222.393, 102
Trd, 4318223.643, 96
Trd, 4318224.943, 108
Trd, 4318227.393, 100
Trd, 4318228.393, 99
Trd, 4318228.593, 98
Trd, 4318230.493, 100
Trd, 4318231.143, 99
Trd, 4318232.243, 100
Trd, 4318233.493, 105
Trd, 4318234.693, 100
Trd, 4318237.393, 98
Trd, 4318238.093, 100
Trd, 4318239.743, 100
Trd, 4318240.493, 97
Trd, 4318240.693, 100
Trd, 4318242.293, 105
Trd, 4318244.743, 103
Trd, 4318244.943, 102
Trd, 4318246.843, 102
Trd, 4318247.443, 102
Trd, 4318247.543, 103
Trd, 4318248.593, 106
Trd, 4318248.893, 99
Trd, 4318252.593, 100
Trd, 4318253.393, 101
Trd, 4318254.343, 96
Trd, 4318254.593, 96
Trd, 4318254.893, 97
Trd, 4318259.543, 98
Trd, 4318261.143, 96
Trd, 4318262.043, 97
Trd, 4318262.143, 98
Trd, 4318262.893, 99
Trd, 4318264.093, 97
Trd, 4318266.493, 95
Trd, 4318266.943, 98
Trd, 4318268.293, 95
Trd, 4318270.493, 94
Trd, 4318270.743, 95
Trd, 4318271.493, 96
Trd, 4318273.943, 96
Trd, 4318275.443, 96
Trd, 4318277.843, 96
Trd, 4318278.843, 95
Trd, 4318279.143, 97
Trd, 4318279.193, 104
Trd, 4318281.043, 100
Trd, 4318281.443, 96
Trd, 4318283.793, 98
Trd, 4318284.843, 104
Trd, 4318287.093, 94
Trd, 4318287.793, 97
Trd, 4318289.643, 97
Trd, 4318290.043, 97
Trd, 4318293.343, 97
Trd, 4318293.393, 96
Trd, 4318293.643, 95
Trd, 4318294.443, 96
Trd, 4318295.493, 95
Trd, 4318300.143, 96
Trd, 4318300.793, 96
Trd, 4318300.993, 95
Trd, 4318302.093, 96
Trd, 4318303.693, 96
Trd, 4318304.393, 96
Trd, 4318304.543, 95
Trd, 4318306.043, 95
Trd, 4318306.143, 94
Trd, 4318308.743, 96
Trd, 4318311.343, 96
Trd, 4318312.243, 96
Trd, 4318313.493, 94
Trd, 4318313.693, 97
Trd, 4318316.143, 96
Trd, 4318319.393, 94
Trd, 4318320.093, 95
Trd, 4318322.343, 93
Trd, 4318322.743, 94
Trd, 4318323.893, 95
Trd, 4318325.743, 104
Trd, 4318327.843, 95
Trd, 4318328.293, 96
Trd, 4318328.793, 97
Trd, 4318330.843, 95
Trd, 4318333.443, 95
Trd, 4318334.543, 96
Trd, 4318334.693, 113
Trd, 4318335.043, 111
Trd, 4318336.493, 107
Trd, 4318337.743, 106
Trd, 4318338.543, 105
Trd, 4318341.143, 98
Trd, 4318341.993, 96
Trd, 4318342.593, 98
Trd, 4318342.643, 97
Trd, 4318344.843, 105
Trd, 4318344.943, 106
Trd, 4318348.793, 100
Trd, 4318350.643, 99
Trd, 4318351.893, 98
Trd, 4318353.243, 98
Trd, 4318355.893, 98
Trd, 4318356.243, 99
Trd, 4318356.793, 97
Trd, 4318358.343, 99
Trd, 4318361.293, 98
Trd, 4318362.893, 98
Trd, 4318363.443, 97
Trd, 4318363.493, 98
Trd, 4318366.093, 96
Trd, 4318367.293, 95
Trd, 4318367.393, 96
Trd, 4318368.593, 97
Trd, 4318369.143, 94
Trd, 4318370.443, 95
Trd, 4318372.743, 95
Trd, 4318373.193, 95
Trd, 4318375.893, 94
Trd, 4318376.143, 95
Trd, 4318377.893, 94
Trd, 4318378.643, 95
Trd, 4318381.493, 95
Trd, 4318382.443, 94
Trd, 4318383.393, 96
Trd, 4318383.943, 95
Trd, 4318387.243, 93
Trd, 4318387.393, 93
Trd, 4318387.443, 93
Trd, 4318388.943, 96
Trd, 4318388.993, 106
Trd, 4318389.843, 100
Trd, 4318390.443, 113
Trd, 4318391.043, 113
Trd, 4318393.093, 109
Trd, 4318393.693, 107
Trd, 4318395.143, 104
Trd, 4318395.843, 104
Trd, 4318397.793, 98
Trd, 4318398.393, 101
Trd, 4318398.793, 100
Trd, 4318400.893, 95
Trd, 4318401.193, 96
Trd, 4318402.393, 97
Trd, 4318404.693, 98
Trd, 4318405.343, 98
Trd, 4318406.243, 101
Trd, 4318407.943, 113
Trd, 4318408.543, 104
Trd, 4318410.243, 103
Trd, 4318411.393, 104
Trd, 4318411.893, 105
Trd, 4318414.543, 103
Trd, 4318414.643, 104
Trd, 4318415.093, 105
Trd, 4318417.043, 103
Trd, 4318417.243, 102
Trd, 4318418.243, 105
Trd, 4318422.243, 101
Trd, 4318422.393, 101
Trd, 4318425.243, 95
Trd, 4318425.593, 96
Trd, 4318426.043, 96
Trd, 4318426.543, 96
Trd, 4318427.093, 98
Trd, 4318427.343, 98
Trd, 4318431.093, 95
Trd, 4318434.243, 96
Trd, 4318434.943, 95
Trd, 4318436.693, 95
Trd, 4318437.593, 94
Trd, 4318438.193, 94
Trd, 4318438.793, 96
Trd, 4318439.393, 95
Trd, 4318440.043, 96
Trd, 4318440.993, 96
Trd, 4318443.793, 100
Trd, 4318444.743, 99
Trd, 4318444.793, 101
Trd, 4318445.143, 96
Trd, 4318446.043, 104
Trd, 4318446.943, 98
Trd, 4318448.793, 94
Trd, 4318450.293, 94
Trd, 4318451.493, 92
Trd, 4318452.243, 92
Trd, 4318453.543, 93
Trd, 4318453.743, 104
Trd, 4318455.143, 97
Trd, 4318458.393, 89
Trd, 4318458.543, 88
Trd, 4318458.643, 90
Trd, 4318460.693, 92
Trd, 4318460.843, 99
Trd, 4318462.243, 96
Trd, 4318463.243, 97
Trd, 4318466.143, 94
Trd, 4318467.993, 93
Trd, 4318469.793, 92
Trd, 4318470.393, 92
Trd, 4318471.043, 93
Trd, 4318473.843, 93
Trd, 4318473.893, 92
Trd, 4318475.443, 93
Trd, 4318477.543, 93
Trd, 4318479.393, 92
Trd, 4318481.843, 93
Trd, 4318483.193, 92
Trd, 4318483.643, 91
Trd, 4318484.043, 90
Trd, 4318484.793, 96
Trd, 4318485.843, 94
Trd, 4318486.143, 92
Trd, 4318486.943, 95
Trd, 4318488.493, 104
Trd, 4318489.193, 97
Trd, 4318489.943, 97
Trd, 4318491.693, 99
Trd, 4318494.343, 97
Trd, 4318495.243, 99
Trd, 4318496.643, 97
Trd, 4318496.693, 99
Trd, 4318499.043, 98
Trd, 4318499.443, 98
Trd, 4318500.793, 99
Trd, 4318501.743, 99
Trd, 4318501.893, 97
Trd, 4318504.993, 113
Trd, 4318506.293, 106
Trd, 4318506.693, 105
Trd, 4318508.543, 100
Trd, 4318509.343, 98
Trd, 4318511.343, 98
Trd, 4318511.443, 99
Trd, 4318514.343, 95
Trd, 4318514.593, 96
Trd, 4318514.943, 98
Trd, 4318516.743, 96
Trd, 4318518.843, 96
Trd, 4318522.543, 97
Trd, 4318523.193, 98
Trd, 4318524.043, 96
Trd, 4318524.543, 104
Trd, 4318528.743, 99
Trd, 4318529.043, 98
Trd, 4318531.843, 99
Trd, 4318533.693, 97
Trd, 4318533.993, 99
Trd, 4318535.643, 99
Trd, 4318536.793, 98
Trd, 4318536.843, 97
Trd, 4318538.493, 98
Trd, 4318540.493, 98
Trd, 4318543.443, 97
Trd, 4318544.393, 96
Trd, 4318544.843, 96
Trd, 4318546.943, 97
Trd, 4318547.743, 97
Trd, 4318548.793, 97
Trd, 4318549.643, 98
Trd, 4318550.543, 105
Trd, 4318552.143, 101
Trd, 4318553.743, 101
Trd, 4318553.843, 102
Trd, 4318555.193, 101
Trd, 4318556.593, 102
Trd, 4318556.743, 104
Trd, 4318557.193, 101
Trd, 4318559.693, 102
Trd, 4318561.243, 100
Trd, 4318562.393, 97
Trd, 4318563.243, 96
Trd, 4318565.093, 96
Trd, 4318565.293, 97
Trd, 4318566.393, 97
Trd, 4318568.593, 96
Trd, 4318569.043, 97
Trd, 4318570.943, 94
Trd, 4318572.493, 96
Trd, 4318572.943, 96
Trd, 4318573.993, 95
Trd, 4318575.843, 94
Trd, 4318578.293, 94
Trd, 4318578.493, 94
Trd, 4318580.393, 94
Trd, 4318581.643, 98
Trd, 4318582.293, 97
Trd, 4318586.193, 96
Trd, 4318586.593, 95
Trd, 4318587.943, 94
Trd, 4318588.693, 94
Trd, 4318589.243, 94
Trd, 4318589.293, 96
Trd, 4318591.193, 96
Trd, 4318592.843, 95
Trd, 4318594.743, 96
Trd, 4318596.193, 95
Trd, 4318596.593, 95
Trd, 4318597.193, 97
Trd, 4318599.243, 96
Trd, 4318603.393, 95
Trd, 4318605.293, 94
Trd, 4318606.843, 95
Trd, 4318607.543, 94
Trd, 4318610.743, 94
Trd, 4318611.143, 94
Trd, 4318612.293, 94
Trd, 4318613.343, 94
Trd, 4318617.443, 94
Trd, 4318617.793, 94
Trd, 4318617.893, 93
Trd, 4318620.493, 94
Trd, 4318620.843, 104
Trd, 4318622.493, 99
Trd, 4318623.543, 97
Trd, 4318623.743, 97
Trd, 4318623.893, 96
Trd, 4318625.543, 96
Trd, 4318627.443, 94
Trd, 4318629.093, 95
Trd, 4318629.493, 96
Trd, 4318630.343, 96
Trd, 4318632.143, 94
Trd, 4318632.593, 95
Trd, 4318633.993, 104
Trd, 4318636.193, 99
Trd, 4318636.543, 97
Trd, 4318638.343, 95
Trd, 4318639.393, 95
Trd, 4318639.993, 97
Trd, 4318640.993, 97
Trd, 4318641.043, 104
Trd, 4318644.843, 96
Trd, 4318646.593, 96
Trd, 4318647.993, 97
Trd, 4318649.043, 97
Trd, 4318651.243, 96
Trd, 4318652.243, 96
Trd, 4318653.143, 95
Trd, 4318653.593, 96
Trd, 4318655.643, 94
Trd, 4318656.993, 95
Trd, 4318657.093, 113
Trd, 4318660.643, 97
Trd, 4318662.793, 96
Trd, 4318664.893, 96
Trd, 4318665.743, 96
Trd, 4318666.743, 95
Trd, 4318666.793, 95
Trd, 4318667.543, 113
Trd, 4318669.293, 98
Trd, 4318671.743, 99
Trd, 4318673.793, 98
Trd, 4318674.343, 97
Trd, 4318676.643, 97
Trd, 4318676.693, 98
Trd, 4318679.143, 97
Trd, 4318680.293, 96
Trd, 4318681.693, 96
Trd, 4318683.543, 95
Trd, 4318684.243, 94
Trd, 4318686.493, 94
Trd, 4318686.643, 94
Trd, 4318687.493, 96
Trd, 4318688.693, 104
Trd, 4318691.493, 101
Trd, 4318692.543, 95
Trd, 4318693.593, 95
Trd, 4318693.893, 96
Trd, 4318695.193, 96
Trd, 4318695.493, 96
Trd, 4318695.693, 97
Trd, 4318698.393, 103
Trd, 4318699.843, 99
Trd, 4318700.043, 99
Trd, 4318701.293, 99
Trd, 4318701.543, 98
Trd, 4318702.793, 98
Trd, 4318705.043, 97
Trd, 4318705.293, 97
Trd, 4318705.543, 98
Trd, 4318707.543, 93
Trd, 4318709.393, 95
Trd, 4318710.043, 94
Trd, 4318710.243, 94
Trd, 4318711.443, 94
Trd, 4318714.393, 93
Trd, 4318714.493, 94
Trd, 4318715.343, 94
Trd, 4318718.393, 95
Trd, 4318718.793, 95
Trd, 4318720.243, 96
Trd, 4318720.793, 104
Trd, 4318721.643, 95
Trd, 4318723.293, 96
Trd, 4318723.343, 102
Trd, 4318724.643, 98
Trd, 4318726.293, 98
Trd, 4318727.943, 95
Trd, 4318729.943, 98
Trd, 4318731.493, 94
Trd, 4318731.893, 95
Trd, 4318732.493, 96
Trd, 4318733.643, 95
Trd, 4318734.743, 96
Trd, 4318736.993, 98
Trd, 4318737.393, 104
Trd, 4318739.393, 98
Trd, 4318740.493, 97
Trd, 4318740.543, 100
Trd, 4318742.743, 98
Trd, 4318742.893, 101
Trd, 4318744.943, 96
Trd, 4318744.993, 104
Trd, 4318747.093, 98
Trd, 4318747.943, 96
Trd, 4318748.193, 100
Trd, 4318751.543, 96
Trd, 4318751.793, 95
Trd, 4318753.043, 96
Trd, 4318753.643, 97
Trd, 4318756.143, 95
Trd, 4318758.193, 96
Trd, 4318758.343, 95
Trd, 4318758.493, 94
Trd, 4318759.343, 94
Trd, 4318761.593, 94
Trd, 4318763.193, 93
Trd, 4318763.243, 93
Trd, 4318763.843, 93
Trd, 4318765.843, 94
Trd, 4318766.243, 95
Trd, 4318766.443, 99
Trd, 4318768.243, 94
Trd, 4318770.693, 94
Trd, 4318771.443, 94
Trd, 4318773.343, 93
Trd, 4318776.643, 94
Trd, 4318778.193, 93
Trd, 4318778.293, 94
Trd, 4318780.943, 94
Trd, 4318782.393, 93
Trd, 4318783.543, 94
Trd, 4318784.293, 94
Trd, 4318786.943, 94
Trd, 4318787.343, 95
Trd, 4318789.943, 94
Trd, 4318790.643, 95
Trd, 4318792.293, 94
Trd, 4318792.993, 95
Trd, 4318793.893, 94
Trd, 4318795.293, 105
Trd, 4318798.393, 95
Trd, 4318799.643, 93
Trd, 4318800.243, 92
Trd, 4318800.543, 93
Trd, 4318801.843, 94
Trd, 4318801.993, 104
Trd, 4318806.043, 93
Trd, 4318806.593, 93
Trd, 4318807.043, 92
Trd, 4318809.693, 93
Trd, 4318810.293, 94
Trd, 4318811.543, 97
Trd, 4318811.943, 97
Trd, 4318813.343, 95
Trd, 4318816.593, 93
Trd, 4318816.793, 92
Trd, 4318819.893, 94
Trd, 4318822.693, 94
Trd, 4318823.343, 94
Trd, 4318824.093, 94
Trd, 4318824.543, 96
Trd, 4318825.443, 93
Trd, 4318829.193, 94
Trd, 4318830.593, 94
Trd, 4318832.993, 94
Trd, 4318834.693, 97
Trd, 4318836.493, 97
Trd, 4318836.543, 97
Trd, 4318838.043, 96
Trd, 4318838.343, 96
Trd, 4318841.043, 95
Trd, 4318843.593, 96
Trd, 4318843.643, 96
Trd, 4318844.243, 97
Trd, 4318844.843, 97
Trd, 4318845.243, 97
Trd, 4318846.743, 104
Trd, 4318847.443, 100
Trd, 4318848.143, 113
Trd, 4318851.793, 98
Trd, 4318851.943, 98
Trd, 4318852.593, 97
Trd, 4318854.493, 98
Trd, 4318857.743, 98
Trd, 4318857.893, 96
Trd, 4318858.243, 96
Trd, 4318859.293, 97
Trd, 4318861.793, 97
Trd, 4318862.143, 95
Trd, 4318862.843, 94
Trd, 4318864.193, 95
Trd, 4318866.493, 94
Trd, 4318870.793, 94
Trd, 4318872.743, 94
Trd, 4318872.793, 95
Trd, 4318873.643, 93
Trd, 4318873.893, 94
Trd, 4318874.243, 94
Trd, 4318874.493, 93
Trd, 4318876.393, 104
Trd, 4318876.443, 104
Trd, 4318879.643, 94
Trd, 4318879.993, 94
Trd, 4318880.643, 93
Trd, 4318881.743, 92
Trd, 4318883.393, 92
Trd, 4318886.943, 91
Trd, 4318887.343, 92
Trd, 4318888.393, 92
Trd, 4318888.993, 93
Trd, 4318889.493, 97
Trd, 4318891.493, 93
Trd, 4318893.543, 91
Trd, 4318897.893, 90
Trd, 4318898.043, 91
Trd, 4318899.093, 93
Trd, 4318900.093, 92
Trd, 4318901.193, 99
Trd, 4318902.593, 93
Trd, 4318904.043, 96
Trd, 4318904.593, 96
Trd, 4318908.893, 93
Trd, 4318910.593, 94
Trd, 4318911.543, 95
Trd, 4318912.993, 94
Trd, 4318913.393, 92
Trd, 4318916.743, 93
Trd, 4318917.393, 93
Trd, 4318917.693, 93
Trd, 4318919.093, 93
Trd, 4318919.643, 104
Trd, 4318921.693, 98
Trd, 4318922.743, 96
Trd, 4318923.393, 96
Trd, 4318924.793, 96
Trd, 4318926.693, 96
Trd, 4318927.093, 95
Trd, 4318927.193, 96
Trd, 4318928.493, 94
Trd, 4318931.243, 95
Trd, 4318933.193, 95
Trd, 4318933.793, 95
Trd, 4318935.893, 95
Trd, 4318936.393, 94
Trd, 4318936.593, 95
Trd, 4318938.543, 95
Trd, 4318939.693, 95
Trd, 4318941.043, 94
Trd, 4318941.243, 93
Trd, 4318943.743, 94
Trd, 4318944.543, 92
Trd, 4318945.693, 95
Trd, 4318947.543, 94
Trd, 4318951.643, 93
Trd, 4318952.343, 92
Trd, 4318955.043, 93
Trd, 4318955.143, 93
Trd, 4318957.293, 93
Trd, 4318957.743, 92
Trd, 4318959.793, 93
Trd, 4318960.193, 94
Trd, 4318962.943, 94
Trd, 4318964.293, 94
Trd, 4318964.643, 94
Trd, 4318966.843, 99
Trd, 4318968.593, 95
Trd, 4318968.893, 94
Trd, 4318969.293, 93
Trd, 4318969.493, 95
Trd, 4318971.643, 103
Trd, 4318972.143, 96
Trd, 4318975.743, 98
Trd, 4318977.193, 96
Trd, 4318979.443, 97
Trd, 4318981.743, 97
Trd, 4318983.043, 96
Trd, 4318984.093, 95
Trd, 4318985.793, 96
Trd, 4318986.343, 96
Trd, 4318987.793, 94
Trd, 4318990.293, 95
Trd, 4318990.643, 95
Trd, 4318992.393, 95
Trd, 4318992.843, 95
Trd, 4318994.093, 94
Trd, 4318996.843, 95
Trd, 4318998.393, 95
Trd, 4318999.043, 95
Trd, 4319000.943, 94
Trd, 4319002.593, 94
Trd, 4319005.393, 94
Trd, 4319005.543, 95
Trd, 4319006.793, 95
Trd, 4319011.193, 93
Trd, 4319011.843, 94
Trd, 4319012.393, 94
Trd, 4319014.243, 93
Trd, 4319014.493, 94
Trd, 4319015.293, 95
Trd, 4319016.093, 96
Trd, 4319016.343, 94
Trd, 4319018.743, 94
Trd, 4319020.943, 94
Trd, 4319022.443, 95
Trd, 4319022.543, 95
Trd, 4319024.043, 93
Trd, 4319027.693, 94
Trd, 4319029.343, 94
Trd, 4319030.243, 104
Trd, 4319032.043, 96
Trd, 4319032.343, 95
Trd, 4319032.843, 98
Trd, 4319035.643, 95
Trd, 4319038.393, 96
Trd, 4319038.643, 97
Trd, 4319039.593, 97
Trd, 4319040.443, 95
Trd, 4319041.093, 97
Trd, 4319042.993, 98
Trd, 4319047.493, 96
Trd, 4319047.943, 95
Trd, 4319047.993, 96
Trd, 4319050.493, 97
Trd, 4319051.143, 96
Trd, 4319052.843, 95
Trd, 4319053.443, 94
Trd, 4319054.043, 94
Trd, 4319056.693, 94
Trd, 4319056.993, 95
Trd, 4319060.193, 101
Trd, 4319060.843, 99
Trd, 4319060.893, 104
Trd, 4319062.193, 98
Trd, 4319065.043, 95
Trd, 4319067.443, 96
Trd, 4319067.593, 97
Trd, 4319070.793, 95
Trd, 4319071.043, 96
Trd, 4319071.843, 96
Trd, 4319073.293, 95
Trd, 4319074.943, 96
Trd, 4319076.393, 96
Trd, 4319077.843, 97
Trd, 4319080.643, 97
Trd, 4319080.993, 96
Trd, 4319081.043, 97
Trd, 4319084.793, 94
Trd, 4319084.943, 95
Trd, 4319085.693, 95
Trd, 4319085.843, 96
Trd, 4319089.293, 96
Trd, 4319089.443, 95
Trd, 4319090.693, 112
Trd, 4319091.343, 107
Trd, 4319092.143, 107
Trd, 4319093.443, 107
Trd, 4319096.543, 101
Trd, 4319096.793, 97
Trd, 4319097.293, 95
Trd, 4319097.793, 94
Trd, 4319098.843, 97
Trd, 4319099.943, 105
Trd, 4319102.643, 96
Trd, 4319102.893, 96
Trd, 4319103.143, 95
Trd, 4319104.943, 95
Trd, 4319105.493, 96
Trd, 4319108.843, 94
Trd, 4319109.093, 95
Trd, 4319110.093, 95
Trd, 4319111.093, 96
Trd, 4319112.643, 95
Trd, 4319113.493, 94
Trd, 4319114.643, 93
Trd, 4319115.093, 95
Trd, 4319116.793, 95
Trd, 4319117.493, 94
Trd, 4319118.293, 97
Trd, 4319120.543, 95
Trd, 4319121.193, 95
Trd, 4319122.643, 93
Trd, 4319123.343, 93
Trd, 4319123.393, 95
Trd, 4319124.293, 96
Trd, 4319126.793, 95
Trd, 4319128.393, 95
Trd, 4319129.243, 94
Trd, 4319132.293, 95
Trd, 4319132.943, 95
Trd, 4319134.843, 95
Trd, 4319136.543, 94
Trd, 4319137.343, 94
Trd, 4319137.543, 93
Trd, 4319137.593, 92
Trd, 4319140.843, 95
Trd, 4319140.943, 99
Trd, 4319141.543, 106
Trd, 4319145.443, 97
Trd, 4319146.293, 98
Trd, 4319147.343, 99
Trd, 4319148.943, 98
Trd, 4319150.793, 99
Trd, 4319151.143, 99
Trd, 4319151.943, 98
Trd, 4319154.593, 98
Trd, 4319157.143, 97
Trd, 4319157.693, 97
Trd, 4319160.293, 97
Trd, 4319161.893, 99
Trd, 4319162.043, 99
Trd, 4319163.093, 97
Trd, 4319163.893, 96
Trd, 4319167.943, 95
Trd, 4319168.493, 96
Trd, 4319168.793, 96
Trd, 4319169.793, 95
Trd, 4319169.993, 96
Trd, 4319171.043, 96
Trd, 4319171.393, 94
Trd, 4319172.393, 95
Trd, 4319172.843, 94
Trd, 4319174.693, 95
Trd, 4319175.293, 95
Trd, 4319176.443, 96
Trd, 4319179.493, 97
Trd, 4319180.343, 95
Trd, 4319181.043, 98
Trd, 4319181.343, 104
Trd, 4319183.493, 94
Trd, 4319184.993, 95
Trd, 4319187.243, 96
Trd, 4319187.993, 95
Trd, 4319188.793, 93
Trd, 4319188.893, 94
Trd, 4319189.693, 95
Trd, 4319190.593, 93
Trd, 4319193.793, 88
Trd, 4319193.943, 89
Trd, 4319194.443, 95
Trd, 4319195.793, 96
Trd, 4319196.393, 94
Trd, 4319196.593, 95
Trd, 4319198.443, 94
Trd, 4319201.793, 94
Trd, 4319202.343, 95
Trd, 4319202.743, 101
Trd, 4319208.093, 96
Trd, 4319208.193, 96
Trd, 4319208.793, 95
Trd, 4319211.343, 98
Trd, 4319212.293, 95
Trd, 4319213.743, 95
Trd, 4319216.693, 94
Trd, 4319217.893, 94
Trd, 4319217.943, 96
Trd, 4319220.793, 94
Trd, 4319221.043, 95
Trd, 4319222.293, 104
Trd, 4319223.943, 97
Trd, 4319224.843, 96
Trd, 4319226.243, 95
Trd, 4319226.743, 95
Trd, 4319228.093, 97
Trd, 4319229.043, 95
Trd, 4319229.393, 97
Trd, 4319231.543, 95
Trd, 4319231.643, 95
Trd, 4319234.343, 97
Trd, 4319234.893, 96
Trd, 4319234.993, 97
Trd, 4319236.293, 104
Trd, 4319236.843, 99
Trd, 4319240.593, 95
Trd, 4319240.843, 96
Trd, 4319241.793, 96
Trd, 4319241.893, 104
Trd, 4319245.543, 96
Trd, 4319247.793, 97
Trd, 4319249.643, 97
Trd, 4319250.193, 97
Trd, 4319250.593, 95
Trd, 4319252.993, 95
Trd, 4319253.143, 94
Trd, 4319254.893, 104
Trd, 4319256.743, 98
Trd, 4319257.193, 100
Trd, 4319259.393, 98
Trd, 4319260.493, 99
Trd, 4319261.093, 97
Trd, 4319262.693, 98
Trd, 4319262.843, 98
Trd, 4319264.943, 97
Trd, 4319265.193, 99
Trd, 4319267.843, 97
Trd, 4319267.943, 97
Trd, 4319268.393, 96
Trd, 4319269.543, 96
Trd, 4319272.243, 97
Trd, 4319272.793, 96
Trd, 4319274.593, 96
Trd, 4319276.093, 95
Trd, 4319276.793, 94
Trd, 4319277.493, 95
Trd, 4319277.593, 94
Trd, 4319278.693, 98
Trd, 4319279.393, 95
Trd, 4319281.543, 98
Trd, 4319282.443, 95
Trd, 4319283.143, 96
Trd, 4319284.043, 96
Trd, 4319284.743, 96
Trd, 4319287.343, 96
Trd, 4319288.943, 98
Trd, 4319291.193, 96
Trd, 4319291.393, 95
Trd, 4319292.093, 95
Trd, 4319294.793, 94
Trd, 4319295.243, 95
Trd, 4319297.043, 95
Trd, 4319300.493, 93
Trd, 4319300.643, 95
Trd, 4319301.493, 95
Trd, 4319302.443, 95
Trd, 4319304.343, 95
Trd, 4319305.893, 95
Trd, 4319306.643, 94
Trd, 4319306.843, 95
Trd, 4319309.643, 96
Trd, 4319310.593, 95
Trd, 4319311.443, 96
Trd, 4319312.493, 95
Trd, 4319313.493, 101
Trd, 4319315.043, 94
Trd, 4319317.393, 95
Trd, 4319317.593, 93
Trd, 4319318.193, 94
Trd, 4319318.593, 94
Trd, 4319321.893, 100
Trd, 4319322.243, 102
Trd, 4319322.493, 98
Trd, 4319322.943, 104
Trd, 4319323.793, 102
Trd, 4319324.793, 99
Trd, 4319326.193, 99
Trd, 4319326.493, 98
Trd, 4319326.893, 98
Trd, 4319330.293, 96
Trd, 4319331.643, 98
Trd, 4319332.543, 98
Trd, 4319334.743, 97
Trd, 4319334.893, 98
Trd, 4319336.093, 100
Trd, 4319337.193, 99
Trd, 4319337.493, 98
Trd, 4319337.593, 104
Trd, 4319338.393, 98
Trd, 4319339.643, 95
Trd, 4319341.043, 97
Trd, 4319343.693, 97
Trd, 4319345.793, 96
Trd, 4319347.693, 95
Trd, 4319348.443, 95
Trd, 4319349.443, 96
Trd, 4319350.343, 96
Trd, 4319351.043, 95
Trd, 4319354.193, 94
Trd, 4319356.293, 95
Trd, 4319356.643, 94
Trd, 4319358.193, 95
Trd, 4319359.493, 98
Trd, 4319361.443, 98
Trd, 4319361.693, 103
Trd, 4319363.043, 100
Trd, 4319363.793, 96
Trd, 4319365.943, 96
Trd, 4319367.343, 94
Trd, 4319368.293, 96
Trd, 4319368.443, 97
Trd, 4319369.443, 97
Trd, 4319371.543, 105
Trd, 4319373.993, 99
Trd, 4319375.143, 97
Trd, 4319376.193, 96
Trd, 4319376.743, 96
Trd, 4319377.093, 97
Trd, 4319378.093, 95
Trd, 4319378.393, 97
Trd, 4319379.193, 106
Trd, 4319382.293, 96
Trd, 4319382.693, 97
Trd, 4319384.843, 95
Trd, 4319385.093, 95
Trd, 4319386.043, 96
Trd, 4319389.943, 95
Trd, 4319390.493, 95
Trd, 4319393.743, 94
Trd, 4319393.843, 96
Trd, 4319394.693, 95
Trd, 4319396.143, 95
Trd, 4319396.843, 95
Trd, 4319398.893, 95
Trd, 4319399.093, 95
Trd, 4319399.543, 94
Trd, 4319401.243, 95
Trd, 4319403.693, 95
Trd, 4319406.943, 95
Trd, 4319407.893, 95
Trd, 4319408.393, 94
Trd, 4319410.943, 95
Trd, 4319411.993, 95
Trd, 4319413.493, 95
Trd, 4319413.593, 94
Trd, 4319413.993, 95
Trd, 4319415.193, 95
Trd, 4319415.343, 95
Trd, 4319416.193, 103
Trd, 4319419.543, 95
Trd, 4319420.393, 94
Trd, 4319421.343, 96
Trd, 4319423.343, 94
Trd, 4319423.593, 96
Trd, 4319427.093, 95
Trd, 4319428.243, 95
Trd, 4319430.043, 93
Trd, 4319431.393, 94
Trd, 4319432.043, 94
Trd, 4319435.193, 92
Trd, 4319435.443, 92
Trd, 4319436.093, 93
Trd, 4319438.693, 92
Trd, 4319438.943, 92
Trd, 4319439.993, 93
Trd, 4319440.543, 104
Trd, 4319444.393, 95
Trd, 4319445.043, 94
Trd, 4319445.243, 96
Trd, 4319445.593, 105
Trd, 4319445.943, 100
Trd, 4319447.943, 96
Trd, 4319451.893, 96
Trd, 4319452.893, 95
Trd, 4319453.443, 95
Trd, 4319453.643, 94
Trd, 4319454.743, 94
Trd, 4319456.693, 96
Trd, 4319457.043, 113
Trd, 4319458.393, 98
Trd, 4319462.993, 97
Trd, 4319463.543, 98
Trd, 4319464.243, 98
Trd, 4319466.493, 97
Trd, 4319468.093, 97
Trd, 4319469.343, 96
Trd, 4319470.543, 95
Trd, 4319472.993, 95
Trd, 4319474.043, 95
Trd, 4319475.093, 95
Trd, 4319475.543, 94
Trd, 4319476.693, 95
Trd, 4319478.043, 94
Trd, 4319479.093, 94
Trd, 4319482.093, 93
Trd, 4319484.693, 94
Trd, 4319485.893, 94
Trd, 4319487.043, 95
Trd, 4319488.893, 96
Trd, 4319490.293, 97
Trd, 4319490.843, 95
Trd, 4319491.293, 95
Trd, 4319491.893, 104
Trd, 4319493.393, 101
Trd, 4319498.093, 96
Trd, 4319499.543, 96
Trd, 4319500.643, 95
Trd, 4319503.443, 95
Trd, 4319503.893, 95
Trd, 4319504.843, 95
Trd, 4319505.543, 96
Trd, 4319507.343, 104
Trd, 4319508.043, 99
Trd, 4319508.643, 98
Trd, 4319509.893, 104
Trd, 4319511.743, 96
Trd, 4319512.893, 95
Trd, 4319514.343, 95
Trd, 4319515.143, 95
Trd, 4319516.243, 96
Trd, 4319517.493, 95
Trd, 4319518.793, 94
Trd, 4319518.893, 95
Trd, 4319521.643, 93
Trd, 4319522.693, 94
Trd, 4319523.193, 99
Trd, 4319523.793, 105
Trd, 4319528.543, 98
Trd, 4319529.293, 97
Trd, 4319530.343, 100
Trd, 4319531.043, 99
Trd, 4319531.243, 99
Trd, 4319532.893, 99
Trd, 4319534.193, 98
Trd, 4319535.143, 97
Trd, 4319536.543, 97
Trd, 4319536.843, 97
Trd, 4319537.543, 99
Trd, 4319538.893, 97
Trd, 4319539.743, 96
Trd, 4319542.693, 97
Trd, 4319544.243, 96
Trd, 4319545.943, 95
Trd, 4319546.143, 96
Trd, 4319547.493, 96
Trd, 4319549.693, 95
Trd, 4319550.443, 94
Trd, 4319552.643, 95
Trd, 4319553.393, 94
Trd, 4319553.643, 95
Trd, 4319554.093, 95
Trd, 4319558.693, 94
Trd, 4319560.593, 94
Trd, 4319561.043, 94
Trd, 4319561.593, 94
Trd, 4319562.843, 94
Trd, 4319563.293, 94
Trd, 4319566.393, 92
Trd, 4319567.343, 94
Trd, 4319569.343, 93
Trd, 4319569.693, 92
Trd, 4319570.143, 94
Trd, 4319572.093, 97
Trd, 4319574.343, 92
Trd, 4319579.043, 92
Trd, 4319579.143, 93
Trd, 4319580.293, 92
Trd, 4319582.093, 93
Trd, 4319582.543, 93
Trd, 4319583.843, 92
Trd, 4319583.893, 92
Trd, 4319584.143, 91
Trd, 4319587.343, 95
Trd, 4319588.193, 93
Trd, 4319593.043, 91
Trd, 4319593.543, 91
Trd, 4319594.243, 91
Trd, 4319595.693, 90
Trd, 4319596.843, 91
Trd, 4319599.543, 91
Trd, 4319599.843, 91
Trd, 4319602.193, 90
Trd, 4319602.243, 91
Trd, 4319604.293, 91
Trd, 4319604.843, 92
Trd, 4319605.393, 96
Trd, 4319606.843, 97
Trd, 4319608.893, 95
Trd, 4319610.293, 95
Trd, 4319610.443, 94
Trd, 4319610.993, 95
Trd, 4319613.543, 96
Trd, 4319614.443, 97
Trd, 4319615.793, 95
Trd, 4319616.893, 94
Trd, 4319617.893, 94
Trd, 4319621.693, 94
Trd, 4319622.743, 94
Trd, 4319623.193, 94
Trd, 4319624.693, 93
Trd, 4319625.093, 94
Trd, 4319626.893, 102
Trd, 4319628.343, 95
Trd, 4319630.593, 97
Trd, 4319631.293, 101
Trd, 4319633.293, 97
Trd, 4319633.393, 95
Trd, 4319633.443, 98
Trd, 4319635.793, 94
Trd, 4319636.793, 93
Trd, 4319637.043, 95
Trd, 4319638.243, 98
Trd, 4319638.743, 104
Trd, 4319639.893, 96
Trd, 4319643.143, 96
Trd, 4319644.093, 97
Trd, 4319645.643, 97
Trd, 4319647.843, 99
Trd, 4319648.993, 99
Trd, 4319649.093, 100
Trd, 4319649.293, 99
Trd, 4319650.343, 99
Trd, 4319651.743, 98
Trd, 4319652.693, 97
Trd, 4319653.493, 97
Trd, 4319655.493, 103
Trd, 4319656.843, 98
Trd, 4319659.193, 96
Trd, 4319659.343, 97
Trd, 4319661.593, 94
Trd, 4319661.843, 93
Trd, 4319662.593, 94
Trd, 4319664.643, 95
Trd, 4319664.793, 97
Trd, 4319666.693, 93
Trd, 4319667.793, 93
Trd, 4319670.243, 93
Trd, 4319671.093, 92
Trd, 4319671.293, 98
Trd, 4319672.043, 96
Trd, 4319673.593, 96
Trd, 4319675.293, 95
Trd, 4319675.743, 103
Trd, 4319676.943, 96
Trd, 4319678.243, 113
Trd, 4319682.093, 97
Trd, 4319683.093, 96
Trd, 4319683.993, 99
Trd, 4319686.943, 98
Trd, 4319688.043, 98
Trd, 4319688.943, 99
Trd, 4319688.993, 98
Trd, 4319692.143, 101
Trd, 4319693.343, 100
Trd, 4319693.743, 101
Trd, 4319693.943, 100
Trd, 4319695.843, 98
Trd, 4319696.393, 98
Trd, 4319697.993, 99
Trd, 4319698.893, 101
Trd, 4319700.643, 99
Trd, 4319702.793, 99
Trd, 4319702.943, 98
Trd, 4319703.793, 104
Trd, 4319705.243, 98
Trd, 4319707.143, 97
Trd, 4319707.693, 100
Trd, 4319708.543, 105
Trd, 4319711.143, 95
Trd, 4319711.493, 95
Trd, 4319712.793, 96
Trd, 4319713.543, 97
Trd, 4319715.043, 96
Trd, 4319716.593, 95
Trd, 4319716.993, 95
Trd, 4319717.043, 94
Trd, 4319720.093, 95
Trd, 4319721.893, 96
Trd, 4319723.393, 98
Trd, 4319724.993, 96
Trd, 4319728.643, 96
Trd, 4319728.843, 95
Trd, 4319729.993, 95
Trd, 4319730.393, 96
Trd, 4319731.743, 95
Trd, 4319733.393, 103
Trd, 4319734.593, 105
Trd, 4319736.143, 99
Trd, 4319738.093, 96
Trd, 4319738.743, 96
Trd, 4319739.693, 95
Trd, 4319742.393, 96
Trd, 4319742.743, 97
Trd, 4319743.843, 96
Trd, 4319744.893, 105
Trd, 4319746.843, 99
Trd, 4319747.393, 95
Trd, 4319748.943, 112
Trd, 4319749.993, 105
Trd, 4319750.943, 103
Trd, 4319751.693, 104
Trd, 4319753.243, 103
Trd, 4319754.493, 98
Trd, 4319755.693, 97
Trd, 4319755.893, 99
Trd, 4319756.443, 98
Trd, 4319757.193, 99
Trd, 4319759.593, 97
Trd, 4319762.193, 97
Trd, 4319763.293, 96
Trd, 4319763.493, 96
Trd, 4319764.143, 99
Trd, 4319765.993, 96
Trd, 4319766.943, 95
Trd, 4319768.743, 96
Trd, 4319769.993, 95
Trd, 4319770.943, 95
Trd, 4319771.493, 95
Trd, 4319772.843, 105
Trd, 4319773.543, 100
Trd, 4319774.143, 120
Trd, 4319776.043, 102
Trd, 4319778.993, 108
Trd, 4319779.093, 104
Trd, 4319779.243, 104
Trd, 4319781.543, 106
Trd, 4319781.893, 108
Trd, 4319783.343, 104
Trd, 4319783.393, 107
Trd, 4319787.793, 105
Trd, 4319788.643, 104
Trd, 4319790.093, 103
Trd, 4319791.593, 103
Trd, 4319792.143, 101
Trd, 4319793.693, 101
Trd, 4319793.993, 102
Trd, 4319796.193, 102
Trd, 4319799.443, 101
Trd, 4319800.543, 101
Trd, 4319801.293, 101
Trd, 4319803.443, 100
Trd, 4319803.943, 101
Trd, 4319804.293, 100
Trd, 4319805.293, 104
Trd, 4319806.393, 105
Trd, 4319809.143, 99
Trd, 4319810.493, 102
Trd, 4319812.393, 102
Trd, 4319812.793, 101
Trd, 4319813.693, 102
Trd, 4319817.143, 101
Trd, 4319817.693, 100
Trd, 4319818.343, 101
Trd, 4319818.593, 113
Trd, 4319818.993, 107
Trd, 4319820.293, 108
Trd, 4319820.893, 107
Trd, 4319822.593, 104
Trd, 4319824.443, 96
Trd, 4319825.643, 96
Trd, 4319825.893, 100
Trd, 4319827.043, 98
Trd, 4319828.043, 99
Trd, 4319831.043, 100
Trd, 4319832.043, 99
Trd, 4319832.293, 97
Trd, 4319834.343, 104
Trd, 4319834.593, 99
Trd, 4319834.843, 99
Trd, 4319837.443, 99
Trd, 4319839.993, 97
Trd, 4319840.193, 93
Trd, 4319841.293, 94
Trd, 4319842.743, 94
Trd, 4319845.443, 95
Trd, 4319846.143, 96
Trd, 4319846.193, 94
Trd, 4319848.293, 96
Trd, 4319849.143, 96
Trd, 4319851.143, 101
Trd, 4319851.393, 99
Trd, 4319851.993, 101
Trd, 4319855.193, 103
Trd, 4319857.493, 101
Trd, 4319857.793, 100
Trd, 4319858.243, 97
Trd, 4319859.543, 99
Trd, 4319860.393, 99
Trd, 4319862.193, 99
Trd, 4319864.493, 99
Trd, 4319865.693, 99
Trd, 4319867.043, 98
Trd, 4319867.543, 99
Trd, 4319868.293, 100
Trd, 4319869.443, 100
Trd, 4319871.993, 97
Trd, 4319873.793, 98
Trd, 4319874.043, 98
Trd, 4319874.843, 97
Trd, 4319876.943, 98
Trd, 4319877.143, 98
Trd, 4319877.843, 97
Trd, 4319879.793, 95
Trd, 4319880.693, 94
Trd, 4319882.093, 94
Trd, 4319882.843, 95
Trd, 4319883.343, 95
Trd, 4319883.893, 94
Trd, 4319885.893, 95
Trd, 4319888.243, 94
Trd, 4319889.543, 100
Trd, 4319890.493, 104
Trd, 4319892.143, 96
Trd, 4319893.143, 97
Trd, 4319893.843, 98
Trd, 4319895.593, 97
Trd, 4319895.993, 98
Trd, 4319899.043, 96
Trd, 4319899.843, 95
Trd, 4319900.493, 96
Trd, 4319901.743, 95
Trd, 4319902.993, 96
Trd, 4319903.443, 94
Trd, 4319903.543, 94
Trd, 4319905.393, 93
Trd, 4319907.343, 105
Trd, 4319907.843, 99
Trd, 4319908.193, 97
Trd, 4319911.143, 97
Trd, 4319911.893, 97
Trd, 4319912.543, 96
Trd, 4319913.043, 98
Trd, 4319915.143, 105
Trd, 4319915.293, 96
Trd, 4319916.293, 113
Trd, 4319917.343, 104
Trd, 4319917.993, 96
Trd, 4319919.043, 96
Trd, 4319921.243, 96
Trd, 4319921.993, 97
Trd, 4319924.043, 96
Trd, 4319924.293, 96
Trd, 4319924.343, 97
Trd, 4319925.393, 97
Trd, 4319927.243, 95
Trd, 4319927.393, 95
Trd, 4319928.393, 96
Trd, 4319932.493, 95
Trd, 4319934.193, 96
Trd, 4319936.143, 96
Trd, 4319937.643, 95
Trd, 4319939.843, 94
Trd, 4319940.493, 95
Trd, 4319940.843, 96
Trd, 4319942.293, 95
Trd, 4319943.443, 94
Trd, 4319943.793, 95
Trd, 4319946.543, 94
Trd, 4319948.293, 94
Trd, 4319949.193, 93
Trd, 4319950.543, 95
Trd, 4319953.743, 93
Trd, 4319954.543, 94
Trd, 4319954.943, 93
Trd, 4319956.143, 93
Trd, 4319958.793, 103
Trd, 4319958.943, 104
Trd, 4319962.643, 95
Trd, 4319964.443, 95
Trd, 4319965.193, 93
Trd, 4319965.643, 92
Trd, 4319966.043, 95
Trd, 4319966.443, 104
Trd, 4319969.943, 95
Trd, 4319970.043, 94
Trd, 4319971.193, 93
Trd, 4319971.793, 93
Trd, 4319973.243, 96
Trd, 4319975.493, 94
Trd, 4319976.843, 92
Trd, 4319977.143, 93
Trd, 4319977.193, 95
Trd, 4319980.643, 94
Trd, 4319981.493, 104
Trd, 4319985.543, 93
Trd, 4319986.743, 92
Trd, 4319986.893, 91
Trd, 4319988.293, 91
Trd, 4319988.943, 92
Trd, 4319990.443, 98
Trd, 4319992.143, 94
Trd, 4319994.193, 93
Trd, 4319995.393, 92
Trd, 4319995.843, 107
Trd, 4319998.493, 96
Trd, 4319999.343, 96
