Trd, 4317888.943, 95
Trd, 4317889.093, 95
Trd, 4317889.343, 85
Trd, 4317891.793, 96
Trd, 4317894.193, 92
Trd, 4317894.943, 93
Trd, 4317896.493, 92
Trd, 4317897.293, 93
Trd, 4317897.393, 92
Trd, 4317900.843, 95
Trd, 4317900.993, 97
Trd, 4317902.793, 97
Trd, 4317902.993, 96
Trd, 4317905.043, 97
Trd, 4317905.693, 96
Trd, 4317906.143, 104
Trd, 4317910.593, 96
Trd, 4317911.593, 97
Trd, 4317911.943, 96
Trd, 4317912.193, 96
Trd, 4317912.543, 96
Trd, 4317915.143, 96
Trd, 4317916.093, 95
Trd, 4317918.643, 95
Trd, 4317920.043, 95
Trd, 4317920.293, 94
Trd, 4317922.143, 92
Trd, 4317923.643, 92
Trd, 4317924.193, 93
Trd, 4317924.993, 95
Trd, 4317925.443, 94
Trd, 4317926.993, 94
Trd, 4317928.943, 95
Trd, 4317929.443, 96
Trd, 4317930.643, 94
Trd, 4317932.693, 91
Trd, 4317933.493, 92
Trd, 4317933.943, 92
Trd, 4317935.593, 92
Trd, 4317936.243, 93
Trd, 4317937.293, 92
Trd, 4317938.643, 93
Trd, 4317941.493, 93
Trd, 4317944.093, 93
Trd, 4317945.393, 93
Trd, 4317945.543, 93
Trd, 4317945.993, 94
Trd, 4317947.093, 95
Trd, 4317948.243, 94
Trd, 4317950.143, 94
Trd, 4317951.093, 104
Trd, 4317951.843, 100
Trd, 4317953.193, 100
Trd, 4317953.643, 98
Trd, 4317958.043, 95
Trd, 4317958.293, 96
Trd, 4317959.493, 95
Trd, 4317960.043, 95
Trd, 4317960.543, 95
Trd, 4317961.893, 95
Trd, 4317962.643, 93
Trd, 4317963.193, 104
Trd, 4317963.593, 89
Trd, 4317966.643, 93
Trd, 4317968.893, 103
Trd, 4317971.493, 103
Trd, 4317972.893, 102
Trd, 4317974.593, 102
Trd, 4317975.643, 100
Trd, 4317979.543, 102
Trd, 4317981.243, 101
Trd, 4317982.843, 102
Trd, 4317983.193, 101
Trd, 4317984.493, 95
Trd, 4317985.543, 100
Trd, 4317986.193, 98
Trd, 4317988.143, 100
Trd, 4317990.743, 100
Trd, 4317991.093, 98
Trd, 4317992.193, 99
Trd, 4317994.593, 100
Trd, 4317995.093, 99
Trd, 4317997.043, 101
Trd, 4317997.793, 98
Trd, 4317997.993, 97
Trd, 4317999.293, 97
Trd, 4318001.193, 100
Trd, 4318003.243, 98
Trd, 4318004.093, 98
Trd, 4318005.843, 98
Trd, 4318005.993, 88
Trd, 4318007.543, 95
Trd, 4318009.343, 96
Trd, 4318010.043, 96
Trd, 4318010.143, 95
Trd, 4318012.693, 99
Trd, 4318014.143, 98
Trd, 4318014.543, 95
Trd, 4318016.893, 96
Trd, 4318017.193, 96
Trd, 4318019.243, 95
Trd, 4318019.543, 95
Trd, 4318020.343, 96
Trd, 4318021.443, 95
Trd, 4318022.843, 86
Trd, 4318023.243, 85
Trd, 4318023.393, 104
Trd, 4318026.143, 92
Trd, 4318027.743, 95
Trd, 4318027.793, 95
Trd, 4318028.743, 96
Trd, 4318029.993, 96
Trd, 4318032.443, 96
Trd, 4318034.643, 101
Trd, 4318034.843, 99
Trd, 4318035.893, 99
Trd, 4318036.443, 102
Trd, 4318039.293, 103
Trd, 4318040.343, 100
Trd, 4318040.743, 104
Trd, 4318042.393, 100
Trd, 4318043.943, 100
Trd, 4318046.343, 101
Trd, 4318046.693, 99
Trd, 4318047.193, 85
Trd, 4318048.543, 100
Trd, 4318049.143, 100
Trd, 4318049.543, 98
Trd, 4318051.443, 100
Trd, 4318053.893, 99
Trd, 4318054.043, 99
Trd, 4318054.643, 101
Trd, 4318056.593, 88
Trd, 4318058.893, 98
Trd, 4318058.943, 97
Trd, 4318060.193, 95
Trd, 4318061.093, 98
Trd, 4318062.493, 99
Trd, 4318063.793, 96
Trd, 4318065.493, 100
Trd, 4318065.993, 104
Trd, 4318068.343, 107
Trd, 4318068.993, 106
Trd, 4318070.693, 106
Trd, 4318070.843, 105
Trd, 4318070.893, 105
Trd, 4318073.143, 104
Trd, 4318074.293, 104
Trd, 4318075.593, 97
Trd, 4318078.793, 101
Trd, 4318079.593, 100
Trd, 4318084.043, 94
Trd, 4318084.843, 94
Trd, 4318086.493, 99
Trd, 4318086.893, 95
Trd, 4318087.393, 96
Trd, 4318088.093, 96
Trd, 4318088.493, 97
Trd, 4318090.243, 79
Trd, 4318090.693, 92
Trd, 4318091.143, 96
Trd, 4318092.743, 94
Trd, 4318094.543, 95
Trd, 4318095.293, 94
Trd, 4318097.143, 94
Trd, 4318097.293, 95
Trd, 4318098.493, 99
Trd, 4318098.943, 97
Trd, 4318100.643, 95
Trd, 4318103.243, 94
Trd, 4318103.843, 94
Trd, 4318104.293, 94
Trd, 4318105.943, 93
Trd, 4318106.743, 95
Trd, 4318107.443, 99
Trd, 4318109.293, 98
Trd, 4318110.143, 103
Trd, 4318110.193, 95
Trd, 4318111.493, 95
Trd, 4318112.693, 95
Trd, 4318113.943, 98
Trd, 4318114.143, 102
Trd, 4318115.143, 98
Trd, 4318117.293, 97
Trd, 4318117.693, 98
Trd, 4318119.293, 96
Trd, 4318121.243, 99
Trd, 4318123.993, 96
Trd, 4318124.243, 95
Trd, 4318125.343, 97
Trd, 4318126.593, 98
Trd, 4318126.993, 98
Trd, 4318127.943, 97
Trd, 4318129.343, 97
Trd, 4318129.993, 95
Trd, 4318130.793, 96
Trd, 4318130.893, 95
Trd, 4318133.143, 91
Trd, 4318133.843, 91
Trd, 4318134.243, 97
Trd, 4318135.243, 94
Trd, 4318136.693, 94
Trd, 4318137.643, 95
Trd, 4318140.293, 95
Trd, 4318140.893, 95
Trd, 4318141.393, 95
Trd, 4318142.643, 94
Trd, 4318143.193, 96
Trd, 4318145.693, 96
Trd, 4318146.143, 95
Trd, 4318147.343, 95
Trd, 4318149.543, 97
Trd, 4318150.043, 97
Trd, 4318152.593, 104
Trd, 4318153.143, 96
Trd, 4318154.393, 97
Trd, 4318155.493, 100
Trd, 4318156.743, 100
Trd, 4318158.193, 104
Trd, 4318160.193, 110
Trd, 4318160.443, 108
Trd, 4318161.093, 110
Trd, 4318161.143, 108
Trd, 4318162.243, 110
Trd, 4318163.943, 110
Trd, 4318164.843, 108
Trd, 4318165.543, 101
Trd, 4318168.593, 108
Trd, 4318168.893, 107
Trd, 4318170.343, 111
Trd, 4318171.343, 113
Trd, 4318171.993, 110
Trd, 4318174.643, 108
Trd, 4318174.843, 107
Trd, 4318176.793, 104
Trd, 4318177.843, 104
Trd, 4318178.793, 104
Trd, 4318179.843, 103
Trd, 4318180.743, 104
Trd, 4318181.693, 103
Trd, 4318183.593, 104
Trd, 4318185.043, 103
Trd, 4318185.293, 104
Trd, 4318185.793, 104
Trd, 4318186.393, 104
Trd, 4318188.393, 87
Trd, 4318190.793, 109
Trd, 4318191.893, 109
Trd, 4318192.093, 108
Trd, 4318194.493, 106
Trd, 4318195.443, 105
Trd, 4318196.443, 102
Trd, 4318198.893, 104
Trd, 4318199.093, 104
Trd, 4318199.993, 103
Trd, 4318200.993, 96
Trd, 4318201.893, 103
Trd, 4318203.393, 103
Trd, 4318204.093, 103
Trd, 4318206.393, 102
Trd, 4318206.943, 101
Trd, 4318209.743, 103
Trd, 4318211.143, 103
Trd, 4318211.393, 103
Trd, 4318211.943, 101
Trd, 4318214.593, 103
Trd, 4318215.443, 103
Trd, 4318215.493, 103
Trd, 4318218.643, 103
Trd, 4318220.243, 103
Trd, 4318221.793, 104
Trd, 4318222.043, 103
Trd, 4318223.543, 104
Trd, 4318224.943, 103
Trd, 4318225.743, 95
Trd, 4318227.143, 101
Trd, 4318227.193, 103
Trd, 4318230.943, 103
Trd, 4318232.543, 102
Trd, 4318233.493, 103
Trd, 4318234.993, 102
Trd, 4318236.943, 100
Trd, 4318238.493, 100
Trd, 4318239.693, 100
Trd, 4318240.243, 99
Trd, 4318240.843, 100
Trd, 4318241.043, 100
Trd, 4318243.043, 99
Trd, 4318243.493, 100
Trd, 4318243.643, 85
Trd, 4318247.493, 99
Trd, 4318247.843, 100
Trd, 4318249.443, 98
Trd, 4318249.993, 97
Trd, 4318251.443, 98
Trd, 4318252.643, 99
Trd, 4318253.493, 99
Trd, 4318253.743, 104
Trd, 4318255.043, 104
Trd, 4318255.943, 103
Trd, 4318258.793, 88
Trd, 4318260.493, 101
Trd, 4318260.743, 101
Trd, 4318260.843, 101
Trd, 4318262.243, 100
Trd, 4318265.143, 101
Trd, 4318265.393, 99
Trd, 4318266.093, 103
Trd, 4318266.593, 98
Trd, 4318268.593, 98
Trd, 4318269.643, 97
Trd, 4318271.043, 94
Trd, 4318271.843, 95
Trd, 4318273.443, 95
Trd, 4318274.543, 95
Trd, 4318275.593, 95
Trd, 4318276.243, 95
Trd, 4318276.543, 96
Trd, 4318277.843, 95
Trd, 4318279.193, 95
Trd, 4318280.243, 95
Trd, 4318280.343, 94
Trd, 4318280.493, 93
Trd, 4318282.243, 96
Trd, 4318284.443, 97
Trd, 4318285.243, 98
Trd, 4318286.293, 96
Trd, 4318288.393, 94
Trd, 4318289.643, 95
Trd, 4318291.843, 96
Trd, 4318292.993, 99
Trd, 4318293.693, 102
Trd, 4318294.043, 101
Trd, 4318296.593, 102
Trd, 4318296.743, 101
Trd, 4318297.843, 100
Trd, 4318298.293, 100
Trd, 4318300.193, 98
Trd, 4318300.343, 99
Trd, 4318301.543, 100
Trd, 4318304.743, 98
Trd, 4318305.443, 97
Trd, 4318307.543, 100
Trd, 4318308.693, 95
Trd, 4318309.943, 97
Trd, 4318311.743, 99
Trd, 4318313.243, 97
Trd, 4318313.443, 96
Trd, 4318315.493, 96
Trd, 4318315.843, 96
Trd, 4318317.493, 96
Trd, 4318318.343, 95
Trd, 4318319.343, 97
Trd, 4318319.993, 98
Trd, 4318322.193, 97
Trd, 4318323.043, 96
Trd, 4318323.543, 97
Trd, 4318325.943, 99
Trd, 4318326.243, 97
Trd, 4318326.893, 98
Trd, 4318329.143, 98
Trd, 4318329.343, 97
Trd, 4318332.343, 97
Trd, 4318333.243, 96
Trd, 4318333.293, 98
Trd, 4318333.693, 98
Trd, 4318337.543, 95
Trd, 4318338.843, 97
Trd, 4318339.593, 97
Trd, 4318340.543, 96
Trd, 4318342.043, 95
Trd, 4318344.643, 95
Trd, 4318344.893, 96
Trd, 4318347.993, 95
Trd, 4318349.343, 95
Trd, 4318349.843, 96
Trd, 4318350.243, 92
Trd, 4318353.143, 96
Trd, 4318353.343, 96
Trd, 4318354.793, 97
Trd, 4318355.443, 97
Trd, 4318357.543, 96
Trd, 4318357.843, 96
Trd, 4318358.893, 98
Trd, 4318360.493, 96
Trd, 4318361.143, 95
Trd, 4318363.443, 98
Trd, 4318363.793, 97
Trd, 4318364.293, 98
Trd, 4318365.743, 96
Trd, 4318366.843, 97
Trd, 4318367.493, 98
Trd, 4318368.993, 96
Trd, 4318370.743, 97
Trd, 4318372.893, 99
Trd, 4318374.543, 97
Trd, 4318375.393, 96
Trd, 4318376.793, 97
Trd, 4318377.793, 97
Trd, 4318377.943, 97
Trd, 4318378.793, 96
Trd, 4318380.543, 96
Trd, 4318381.443, 96
Trd, 4318381.993, 96
Trd, 4318384.143, 96
Trd, 4318386.193, 96
Trd, 4318386.843, 95
Trd, 4318387.143, 95
Trd, 4318388.193, 96
Trd, 4318389.643, 96
Trd, 4318391.143, 95
Trd, 4318391.993, 96
Trd, 4318392.643, 97
Trd, 4318393.943, 85
Trd, 4318397.393, 97
Trd, 4318397.443, 97
Trd, 4318397.643, 95
Trd, 4318398.343, 96
Trd, 4318400.243, 96
Trd, 4318400.743, 95
Trd, 4318403.793, 96
Trd, 4318404.493, 96
Trd, 4318405.243, 102
Trd, 4318406.943, 99
Trd, 4318407.243, 99
Trd, 4318407.393, 96
Trd, 4318408.393, 97
Trd, 4318409.893, 96
Trd, 4318413.043, 95
Trd, 4318413.693, 96
Trd, 4318414.243, 96
Trd, 4318414.293, 104
Trd, 4318415.493, 95
Trd, 4318416.493, 100
Trd, 4318418.243, 87
Trd, 4318418.793, 91
Trd, 4318419.443, 91
Trd, 4318423.293, 89
Trd, 4318423.493, 90
Trd, 4318423.693, 90
Trd, 4318425.943, 90
Trd, 4318426.193, 89
Trd, 4318426.693, 87
Trd, 4318429.393, 90
Trd, 4318430.243, 90
Trd, 4318431.543, 94
Trd, 4318433.093, 93
Trd, 4318433.293, 95
Trd, 4318434.293, 95
Trd, 4318436.743, 104
Trd, 4318437.643, 96
Trd, 4318439.743, 95
Trd, 4318439.893, 94
Trd, 4318441.493, 92
Trd, 4318442.343, 92
Trd, 4318443.543, 91
Trd, 4318443.643, 90
Trd, 4318444.543, 93
Trd, 4318446.893, 91
Trd, 4318448.743, 92
Trd, 4318449.943, 95
Trd, 4318450.443, 104
Trd, 4318450.993, 97
Trd, 4318451.543, 97
Trd, 4318453.143, 98
Trd, 4318456.293, 98
Trd, 4318456.393, 96
Trd, 4318457.743, 99
Trd, 4318460.143, 96
Trd, 4318461.243, 97
Trd, 4318463.293, 98
Trd, 4318463.443, 98
Trd, 4318463.693, 97
Trd, 4318464.593, 89
Trd, 4318465.793, 103
Trd, 4318466.493, 96
Trd, 4318469.393, 96
Trd, 4318469.593, 95
Trd, 4318469.643, 85
Trd, 4318471.993, 94
Trd, 4318474.593, 94
Trd, 4318475.043, 94
Trd, 4318476.193, 96
Trd, 4318477.743, 96
Trd, 4318478.243, 95
Trd, 4318479.393, 96
Trd, 4318480.093, 96
Trd, 4318481.893, 96
Trd, 4318483.143, 96
Trd, 4318484.393, 104
Trd, 4318484.643, 95
Trd, 4318487.893, 97
Trd, 4318489.243, 97
Trd, 4318490.943, 98
Trd, 4318491.843, 98
Trd, 4318492.693, 95
Trd, 4318493.593, 97
Trd, 4318494.093, 97
Trd, 4318496.293, 96
Trd, 4318498.243, 95
Trd, 4318498.793, 96
Trd, 4318501.293, 95
Trd, 4318501.593, 96
Trd, 4318501.643, 97
Trd, 4318502.443, 97
Trd, 4318506.443, 96
Trd, 4318506.643, 95
Trd, 4318507.443, 95
Trd, 4318509.293, 96
Trd, 4318510.293, 96
Trd, 4318511.293, 95
Trd, 4318512.293, 95
Trd, 4318512.993, 96
Trd, 4318514.543, 104
Trd, 4318515.293, 97
Trd, 4318515.743, 98
Trd, 4318517.543, 99
Trd, 4318520.443, 103
Trd, 4318520.793, 102
Trd, 4318522.093, 101
Trd, 4318523.343, 100
Trd, 4318524.343, 102
Trd, 4318526.543, 100
Trd, 4318527.443, 101
Trd, 4318528.343, 103
Trd, 4318529.693, 95
Trd, 4318531.493, 101
Trd, 4318533.193, 99
Trd, 4318533.893, 99
Trd, 4318535.193, 100
Trd, 4318536.993, 104
Trd, 4318537.343, 99
Trd, 4318538.293, 95
Trd, 4318539.743, 98
Trd, 4318540.343, 99
Trd, 4318543.293, 96
Trd, 4318544.093, 97
Trd, 4318545.143, 99
Trd, 4318546.493, 98
Trd, 4318548.193, 99
Trd, 4318548.793, 103
Trd, 4318549.893, 102
Trd, 4318550.343, 95
Trd, 4318552.593, 97
Trd, 4318554.543, 98
Trd, 4318555.543, 98
Trd, 4318555.743, 99
Trd, 4318556.693, 96
Trd, 4318559.193, 92
Trd, 4318559.243, 86
Trd, 4318560.543, 95
Trd, 4318561.593, 95
Trd, 4318561.993, 94
Trd, 4318563.893, 103
Trd, 4318564.993, 103
Trd, 4318566.493, 104
Trd, 4318567.393, 101
Trd, 4318568.193, 102
Trd, 4318569.493, 101
Trd, 4318569.543, 102
Trd, 4318571.443, 97
Trd, 4318573.293, 99
Trd, 4318573.643, 99
Trd, 4318574.793, 98
Trd, 4318574.943, 99
Trd, 4318576.193, 98
Trd, 4318578.593, 89
Trd, 4318578.643, 99
Trd, 4318580.293, 95
Trd, 4318581.743, 96
Trd, 4318583.393, 98
Trd, 4318583.993, 97
Trd, 4318585.993, 97
Trd, 4318587.293, 88
Trd, 4318588.193, 96
Trd, 4318589.643, 96
Trd, 4318589.693, 95
Trd, 4318590.593, 93
Trd, 4318592.843, 96
Trd, 4318595.343, 96
Trd, 4318595.593, 95
Trd, 4318598.543, 96
Trd, 4318598.693, 94
Trd, 4318598.743, 96
Trd, 4318599.443, 95
Trd, 4318602.693, 95
Trd, 4318603.793, 96
Trd, 4318604.043, 96
Trd, 4318604.743, 95
Trd, 4318607.243, 104
Trd, 4318608.393, 101
Trd, 4318609.643, 101
Trd, 4318610.693, 102
Trd, 4318610.893, 102
Trd, 4318613.143, 102
Trd, 4318614.593, 101
Trd, 4318615.893, 101
Trd, 4318616.043, 99
Trd, 4318618.843, 100
Trd, 4318621.393, 101
Trd, 4318622.643, 101
Trd, 4318622.793, 101
Trd, 4318623.493, 98
Trd, 4318626.243, 98
Trd, 4318628.293, 99
Trd, 4318628.843, 99
Trd, 4318628.893, 100
Trd, 4318629.843, 98
Trd, 4318630.893, 97
Trd, 4318631.593, 97
Trd, 4318632.743, 97
Trd, 4318636.793, 96
Trd, 4318638.993, 98
Trd, 4318639.343, 98
Trd, 4318639.693, 98
Trd, 4318642.043, 98
Trd, 4318642.493, 101
Trd, 4318645.193, 97
Trd, 4318647.493, 97
Trd, 4318648.043, 95
Trd, 4318649.043, 98
Trd, 4318650.593, 96
Trd, 4318651.193, 95
Trd, 4318651.243, 96
Trd, 4318651.693, 96
Trd, 4318652.743, 95
Trd, 4318656.793, 96
Trd, 4318657.893, 96
Trd, 4318657.943, 95
Trd, 4318660.543, 97
Trd, 4318660.993, 97
Trd, 4318662.493, 96
Trd, 4318665.043, 96
Trd, 4318666.043, 96
Trd, 4318666.443, 95
Trd, 4318667.643, 96
Trd, 4318669.643, 99
Trd, 4318669.893, 97
Trd, 4318671.493, 96
Trd, 4318672.693, 97
Trd, 4318673.043, 100
Trd, 4318673.243, 96
Trd, 4318676.043, 99
Trd, 4318676.993, 102
Trd, 4318678.843, 99
Trd, 4318680.043, 99
Trd, 4318681.393, 98
Trd, 4318682.093, 97
Trd, 4318682.243, 99
Trd, 4318682.943, 87
Trd, 4318686.593, 97
Trd, 4318688.143, 98
Trd, 4318689.743, 98
Trd, 4318690.443, 97
Trd, 4318690.543, 95
Trd, 4318692.843, 96
Trd, 4318692.943, 95
Trd, 4318693.193, 95
Trd, 4318693.243, 85
Trd, 4318694.143, 93
Trd, 4318696.493, 91
Trd, 4318697.393, 81
Trd, 4318697.943, 90
Trd, 4318701.043, 92
Trd, 4318703.343, 95
Trd, 4318704.443, 96
Trd, 4318705.093, 96
Trd, 4318705.743, 96
Trd, 4318706.543, 95
Trd, 4318707.643, 96
Trd, 4318708.593, 98
Trd, 4318710.343, 97
Trd, 4318711.893, 97
Trd, 4318712.593, 97
Trd, 4318713.293, 95
Trd, 4318714.093, 96
Trd, 4318714.743, 96
Trd, 4318715.843, 97
Trd, 4318718.143, 95
Trd, 4318719.343, 96
Trd, 4318721.543, 96
Trd, 4318723.643, 96
Trd, 4318723.893, 95
Trd, 4318725.193, 96
Trd, 4318725.993, 95
Trd, 4318727.543, 96
Trd, 4318729.293, 95
Trd, 4318729.943, 96
Trd, 4318731.443, 96
Trd, 4318732.693, 96
Trd, 4318732.893, 95
Trd, 4318735.493, 95
Trd, 4318735.743, 94
Trd, 4318737.043, 95
Trd, 4318737.293, 95
Trd, 4318738.043, 96
Trd, 4318739.043, 97
Trd, 4318739.793, 104
Trd, 4318741.443, 100
Trd, 4318742.843, 97
Trd, 4318743.343, 97
Trd, 4318744.293, 98
Trd, 4318745.093, 94
Trd, 4318746.843, 98
Trd, 4318747.993, 99
Trd, 4318749.593, 101
Trd, 4318750.943, 98
Trd, 4318751.393, 98
Trd, 4318751.993, 95
Trd, 4318753.693, 96
Trd, 4318754.643, 95
Trd, 4318756.443, 95
Trd, 4318757.743, 92
Trd, 4318758.493, 95
Trd, 4318760.693, 95
Trd, 4318761.693, 94
Trd, 4318761.793, 93
Trd, 4318763.043, 95
Trd, 4318764.343, 94
Trd, 4318764.943, 95
Trd, 4318766.443, 95
Trd, 4318768.193, 95
Trd, 4318769.893, 98
Trd, 4318771.393, 101
Trd, 4318772.093, 99
Trd, 4318773.043, 99
Trd, 4318773.993, 99
Trd, 4318775.893, 99
Trd, 4318776.443, 98
Trd, 4318776.593, 99
Trd, 4318778.643, 100
Trd, 4318779.443, 101
Trd, 4318779.743, 99
Trd, 4318782.343, 99
Trd, 4318784.543, 99
Trd, 4318785.493, 101
Trd, 4318786.293, 100
Trd, 4318786.743, 99
Trd, 4318788.293, 99
Trd, 4318789.043, 99
Trd, 4318790.543, 99
Trd, 4318790.993, 98
Trd, 4318792.643, 99
Trd, 4318794.593, 101
Trd, 4318794.793, 100
Trd, 4318796.193, 100
Trd, 4318796.993, 99
Trd, 4318799.343, 101
Trd, 4318800.043, 99
Trd, 4318800.793, 100
Trd, 4318801.043, 99
Trd, 4318801.493, 100
Trd, 4318803.143, 96
Trd, 4318805.043, 98
Trd, 4318805.343, 98
Trd, 4318810.193, 90
Trd, 4318810.243, 93
Trd, 4318810.743, 95
Trd, 4318810.843, 86
Trd, 4318812.643, 93
Trd, 4318816.293, 94
Trd, 4318816.393, 94
Trd, 4318817.393, 95
Trd, 4318817.993, 104
Trd, 4318818.193, 94
Trd, 4318821.743, 100
Trd, 4318822.093, 100
Trd, 4318822.493, 96
Trd, 4318823.643, 101
Trd, 4318825.093, 103
Trd, 4318826.993, 98
Trd, 4318827.893, 99
Trd, 4318829.143, 98
Trd, 4318830.093, 97
Trd, 4318830.293, 100
Trd, 4318833.093, 97
Trd, 4318834.093, 97
Trd, 4318834.293, 96
Trd, 4318836.443, 98
Trd, 4318836.793, 95
Trd, 4318839.143, 98
Trd, 4318840.993, 97
Trd, 4318841.543, 95
Trd, 4318842.093, 98
Trd, 4318843.443, 96
Trd, 4318844.643, 99
Trd, 4318846.243, 97
Trd, 4318847.893, 98
Trd, 4318848.043, 99
Trd, 4318849.793, 98
Trd, 4318850.793, 97
Trd, 4318850.843, 96
Trd, 4318853.843, 97
Trd, 4318855.743, 97
Trd, 4318856.693, 97
Trd, 4318858.593, 99
Trd, 4318858.793, 98
Trd, 4318860.643, 102
Trd, 4318862.693, 98
Trd, 4318864.743, 95
Trd, 4318865.943, 96
Trd, 4318866.093, 96
Trd, 4318866.193, 98
Trd, 4318867.393, 98
Trd, 4318871.293, 103
Trd, 4318871.693, 104
Trd, 4318872.393, 104
Trd, 4318872.743, 103
Trd, 4318873.493, 99
Trd, 4318875.893, 103
Trd, 4318877.193, 104
Trd, 4318878.543, 104
Trd, 4318878.593, 103
Trd, 4318880.593, 102
Trd, 4318881.843, 102
Trd, 4318881.993, 102
Trd, 4318882.993, 103
Trd, 4318885.343, 103
Trd, 4318886.843, 102
Trd, 4318887.993, 101
Trd, 4318888.243, 100
Trd, 4318889.193, 99
Trd, 4318889.393, 95
Trd, 4318890.593, 104
Trd, 4318893.343, 99
Trd, 4318895.293, 98
Trd, 4318895.893, 97
Trd, 4318896.143, 97
Trd, 4318896.343, 101
Trd, 4318897.793, 99
Trd, 4318899.793, 86
Trd, 4318900.093, 94
Trd, 4318900.943, 95
Trd, 4318902.593, 95
Trd, 4318904.793, 95
Trd, 4318904.993, 95
Trd, 4318905.443, 94
Trd, 4318905.543, 104
Trd, 4318906.643, 97
Trd, 4318908.493, 99
Trd, 4318911.443, 100
Trd, 4318911.493, 99
Trd, 4318912.493, 98
Trd, 4318914.943, 97
Trd, 4318917.093, 101
Trd, 4318917.843, 104
Trd, 4318918.143, 100
Trd, 4318918.543, 99
Trd, 4318919.643, 100
Trd, 4318920.293, 102
Trd, 4318921.493, 99
Trd, 4318923.793, 98
Trd, 4318924.843, 99
Trd, 4318926.893, 98
Trd, 4318927.093, 97
Trd, 4318928.093, 99
Trd, 4318932.793, 96
Trd, 4318933.093, 96
Trd, 4318934.393, 97
Trd, 4318935.893, 95
Trd, 4318936.193, 95
Trd, 4318936.893, 96
Trd, 4318937.793, 96
Trd, 4318941.593, 96
Trd, 4318942.243, 95
Trd, 4318942.593, 103
Trd, 4318944.243, 97
Trd, 4318945.293, 99
Trd, 4318946.443, 96
Trd, 4318948.943, 94
Trd, 4318949.043, 95
Trd, 4318949.893, 91
Trd, 4318951.593, 94
Trd, 4318951.693, 94
Trd, 4318955.543, 93
Trd, 4318955.893, 94
Trd, 4318956.293, 94
Trd, 4318958.143, 96
Trd, 4318958.193, 96
Trd, 4318960.743, 96
Trd, 4318963.743, 95
Trd, 4318964.943, 94
Trd, 4318965.393, 94
Trd, 4318965.843, 95
Trd, 4318966.593, 95
Trd, 4318966.693, 85
Trd, 4318969.293, 96
Trd, 4318970.693, 96
Trd, 4318971.243, 95
Trd, 4318972.143, 97
Trd, 4318972.543, 99
Trd, 4318975.193, 96
Trd, 4318978.093, 96
Trd, 4318978.343, 97
Trd, 4318978.543, 96
Trd, 4318978.743, 96
Trd, 4318981.043, 95
Trd, 4318981.193, 96
Trd, 4318982.593, 96
Trd, 4318984.343, 95
Trd, 4318984.493, 97
Trd, 4318987.293, 96
Trd, 4318988.293, 98
Trd, 4318988.493, 96
Trd, 4318992.143, 95
Trd, 4318992.293, 96
Trd, 4318993.193, 97
Trd, 4318993.393, 96
Trd, 4318995.693, 98
Trd, 4318996.043, 97
Trd, 4318998.493, 96
Trd, 4318999.343, 97
Trd, 4319000.093, 96
Trd, 4319001.743, 97
Trd, 4319002.043, 97
Trd, 4319002.243, 97
Trd, 4319003.393, 95
Trd, 4319005.993, 102
Trd, 4319006.293, 100
Trd, 4319008.943, 99
Trd, 4319009.193, 99
Trd, 4319010.543, 97
Trd, 4319014.293, 98
Trd, 4319014.393, 97
Trd, 4319016.493, 97
Trd, 4319017.843, 98
Trd, 4319017.993, 96
Trd, 4319019.443, 97
Trd, 4319020.893, 96
Trd, 4319024.293, 97
Trd, 4319024.393, 95
Trd, 4319024.943, 97
Trd, 4319026.493, 96
Trd, 4319027.893, 97
Trd, 4319028.493, 96
Trd, 4319030.443, 103
Trd, 4319031.693, 101
Trd, 4319032.143, 101
Trd, 4319033.543, 102
Trd, 4319033.793, 101
Trd, 4319035.743, 100
Trd, 4319036.893, 100
Trd, 4319037.393, 99
Trd, 4319038.543, 91
Trd, 4319039.043, 97
Trd, 4319040.593, 96
Trd, 4319040.943, 96
Trd, 4319042.393, 96
Trd, 4319042.693, 95
Trd, 4319043.893, 87
Trd, 4319045.543, 95
Trd, 4319046.393, 96
Trd, 4319048.543, 99
Trd, 4319049.693, 98
Trd, 4319050.693, 96
Trd, 4319051.843, 98
Trd, 4319052.443, 96
Trd, 4319053.793, 95
Trd, 4319054.043, 94
Trd, 4319054.593, 95
Trd, 4319055.593, 96
Trd, 4319057.993, 96
Trd, 4319058.043, 95
Trd, 4319058.493, 79
Trd, 4319061.593, 96
Trd, 4319062.343, 104
Trd, 4319063.293, 101
Trd, 4319064.743, 101
Trd, 4319065.343, 100
Trd, 4319067.643, 100
Trd, 4319068.893, 101
Trd, 4319069.143, 100
Trd, 4319070.193, 100
Trd, 4319070.543, 104
Trd, 4319073.243, 100
Trd, 4319074.143, 99
Trd, 4319076.243, 96
Trd, 4319077.593, 90
Trd, 4319079.193, 96
Trd, 4319079.443, 94
Trd, 4319081.293, 96
Trd, 4319081.393, 96
Trd, 4319082.643, 95
Trd, 4319084.743, 96
Trd, 4319084.893, 97
Trd, 4319085.693, 95
Trd, 4319087.043, 98
Trd, 4319090.293, 109
Trd, 4319090.543, 107
Trd, 4319091.743, 105
Trd, 4319092.493, 105
Trd, 4319094.743, 105
Trd, 4319096.393, 105
Trd, 4319097.193, 106
Trd, 4319098.093, 104
Trd, 4319099.443, 105
Trd, 4319101.143, 106
Trd, 4319101.593, 106
Trd, 4319103.193, 104
Trd, 4319105.293, 104
Trd, 4319105.493, 103
Trd, 4319106.443, 104
Trd, 4319107.043, 104
Trd, 4319108.143, 103
Trd, 4319109.393, 101
Trd, 4319112.693, 100
Trd, 4319114.143, 99
Trd, 4319114.793, 99
Trd, 4319116.743, 99
Trd, 4319119.243, 102
Trd, 4319120.293, 101
Trd, 4319121.743, 102
Trd, 4319122.593, 101
Trd, 4319124.543, 102
Trd, 4319124.893, 101
Trd, 4319126.043, 102
Trd, 4319126.843, 100
Trd, 4319127.143, 99
Trd, 4319129.293, 95
Trd, 4319130.493, 96
Trd, 4319130.543, 90
Trd, 4319132.693, 96
Trd, 4319133.543, 97
Trd, 4319136.343, 95
Trd, 4319136.393, 96
Trd, 4319138.293, 96
Trd, 4319138.543, 94
Trd, 4319139.343, 86
Trd, 4319143.043, 95
Trd, 4319146.443, 95
Trd, 4319147.343, 94
Trd, 4319148.393, 93
Trd, 4319149.293, 104
Trd, 4319150.343, 96
Trd, 4319151.193, 97
Trd, 4319151.343, 96
Trd, 4319152.293, 97
Trd, 4319153.093, 98
Trd, 4319155.193, 97
Trd, 4319156.793, 97
Trd, 4319157.393, 98
Trd, 4319161.293, 97
Trd, 4319162.043, 97
Trd, 4319162.693, 96
Trd, 4319164.193, 97
Trd, 4319165.193, 96
Trd, 4319166.043, 96
Trd, 4319168.393, 95
Trd, 4319168.443, 95
Trd, 4319170.393, 95
Trd, 4319170.693, 95
Trd, 4319171.693, 96
Trd, 4319173.293, 96
Trd, 4319174.843, 97
Trd, 4319174.943, 96
Trd, 4319175.343, 102
Trd, 4319178.293, 99
Trd, 4319179.443, 98
Trd, 4319181.943, 100
Trd, 4319182.593, 99
Trd, 4319184.143, 99
Trd, 4319184.993, 98
Trd, 4319185.843, 98
Trd, 4319186.843, 99
Trd, 4319186.993, 97
Trd, 4319189.193, 98
Trd, 4319190.293, 97
Trd, 4319194.393, 96
Trd, 4319194.443, 95
Trd, 4319194.893, 95
Trd, 4319195.493, 93
Trd, 4319195.593, 94
Trd, 4319197.293, 90
Trd, 4319199.143, 92
Trd, 4319200.443, 95
Trd, 4319200.693, 93
Trd, 4319203.193, 92
Trd, 4319204.893, 92
Trd, 4319205.243, 93
Trd, 4319206.193, 93
Trd, 4319208.993, 95
Trd, 4319209.193, 94
Trd, 4319210.143, 93
Trd, 4319210.193, 94
Trd, 4319212.943, 94
Trd, 4319213.993, 94
Trd, 4319214.193, 95
Trd, 4319214.793, 92
Trd, 4319216.893, 93
Trd, 4319217.593, 94
Trd, 4319218.393, 92
Trd, 4319218.993, 95
Trd, 4319223.243, 95
Trd, 4319224.343, 92
Trd, 4319225.293, 93
Trd, 4319225.393, 91
Trd, 4319226.593, 90
Trd, 4319228.993, 89
Trd, 4319229.743, 89
Trd, 4319230.043, 95
Trd, 4319231.093, 91
Trd, 4319231.593, 90
Trd, 4319233.343, 88
Trd, 4319235.293, 91
Trd, 4319235.543, 88
Trd, 4319238.293, 93
Trd, 4319238.393, 104
Trd, 4319239.393, 93
Trd, 4319240.893, 93
Trd, 4319241.043, 92
Trd, 4319243.693, 95
Trd, 4319246.993, 95
Trd, 4319247.543, 96
Trd, 4319248.143, 97
Trd, 4319249.293, 100
Trd, 4319250.393, 98
Trd, 4319251.393, 97
Trd, 4319252.893, 99
Trd, 4319255.293, 95
Trd, 4319256.143, 94
Trd, 4319256.693, 95
Trd, 4319257.393, 94
Trd, 4319258.293, 95
Trd, 4319259.943, 95
Trd, 4319260.243, 95
Trd, 4319261.293, 85
Trd, 4319262.893, 105
Trd, 4319263.443, 104
Trd, 4319265.793, 102
Trd, 4319266.093, 101
Trd, 4319267.643, 101
Trd, 4319267.943, 102
Trd, 4319269.193, 97
Trd, 4319269.343, 98
Trd, 4319271.293, 92
Trd, 4319272.943, 94
Trd, 4319273.543, 96
Trd, 4319276.793, 95
Trd, 4319276.993, 96
Trd, 4319278.043, 96
Trd, 4319281.243, 95
Trd, 4319281.493, 96
Trd, 4319282.143, 96
Trd, 4319285.043, 99
Trd, 4319285.493, 99
Trd, 4319286.443, 99
Trd, 4319287.243, 99
Trd, 4319287.993, 98
Trd, 4319289.793, 97
Trd, 4319290.943, 98
Trd, 4319291.943, 104
Trd, 4319292.343, 88
Trd, 4319294.493, 89
Trd, 4319296.243, 95
Trd, 4319297.193, 95
Trd, 4319298.393, 95
Trd, 4319299.643, 94
Trd, 4319300.193, 95
Trd, 4319301.393, 95
Trd, 4319302.843, 93
Trd, 4319303.493, 91
Trd, 4319307.093, 94
Trd, 4319308.243, 95
Trd, 4319308.443, 94
Trd, 4319308.843, 96
Trd, 4319310.043, 97
Trd, 4319313.243, 100
Trd, 4319314.343, 101
Trd, 4319315.843, 99
Trd, 4319316.793, 104
Trd, 4319316.943, 98
Trd, 4319318.743, 103
Trd, 4319319.443, 103
Trd, 4319320.443, 103
Trd, 4319321.643, 102
Trd, 4319323.743, 102
Trd, 4319323.843, 103
Trd, 4319324.693, 101
Trd, 4319326.543, 100
Trd, 4319327.143, 101
Trd, 4319328.143, 101
Trd, 4319330.893, 96
Trd, 4319332.093, 96
Trd, 4319332.593, 96
Trd, 4319333.043, 97
Trd, 4319334.543, 98
Trd, 4319336.493, 98
Trd, 4319337.443, 99
Trd, 4319337.993, 97
Trd, 4319339.343, 88
Trd, 4319339.643, 99
Trd, 4319343.043, 96
Trd, 4319343.493, 97
Trd, 4319343.743, 98
Trd, 4319344.443, 94
Trd, 4319347.093, 93
Trd, 4319349.243, 93
Trd, 4319349.693, 93
Trd, 4319351.143, 95
Trd, 4319351.193, 95
Trd, 4319351.543, 96
Trd, 4319355.443, 100
Trd, 4319355.743, 99
Trd, 4319356.393, 101
Trd, 4319357.843, 101
Trd, 4319358.343, 99
Trd, 4319359.593, 98
Trd, 4319360.843, 98
Trd, 4319362.493, 97
Trd, 4319364.093, 98
Trd, 4319364.593, 98
Trd, 4319364.743, 104
Trd, 4319365.493, 96
Trd, 4319369.243, 99
Trd, 4319371.193, 99
Trd, 4319372.143, 99
Trd, 4319373.693, 104
Trd, 4319373.793, 98
Trd, 4319374.393, 100
Trd, 4319375.193, 102
Trd, 4319377.943, 98
Trd, 4319378.943, 99
Trd, 4319380.593, 99
Trd, 4319381.493, 99
Trd, 4319382.543, 99
Trd, 4319384.093, 99
Trd, 4319386.043, 98
Trd, 4319386.543, 97
Trd, 4319387.693, 98
Trd, 4319388.393, 98
Trd, 4319390.343, 97
Trd, 4319391.043, 99
Trd, 4319391.543, 98
Trd, 4319393.393, 104
Trd, 4319394.843, 102
Trd, 4319396.343, 101
Trd, 4319396.643, 95
Trd, 4319398.093, 103
Trd, 4319399.443, 103
Trd, 4319401.243, 106
Trd, 4319402.593, 105
Trd, 4319403.543, 104
Trd, 4319403.993, 103
Trd, 4319404.443, 103
Trd, 4319406.293, 104
Trd, 4319406.793, 103
Trd, 4319409.943, 103
Trd, 4319411.243, 102
Trd, 4319413.993, 104
Trd, 4319414.943, 102
Trd, 4319415.143, 101
Trd, 4319415.443, 103
Trd, 4319415.993, 103
Trd, 4319416.393, 103
Trd, 4319417.193, 103
Trd, 4319418.743, 103
Trd, 4319421.593, 103
Trd, 4319421.943, 102
Trd, 4319423.543, 102
Trd, 4319425.693, 102
Trd, 4319427.293, 101
Trd, 4319429.043, 102
Trd, 4319430.593, 104
Trd, 4319430.943, 103
Trd, 4319431.293, 101
Trd, 4319432.693, 100
Trd, 4319434.043, 101
Trd, 4319434.593, 101
Trd, 4319435.893, 102
Trd, 4319437.143, 105
Trd, 4319437.493, 102
Trd, 4319439.543, 102
Trd, 4319441.193, 104
Trd, 4319443.893, 112
Trd, 4319444.093, 105
Trd, 4319445.593, 104
Trd, 4319447.193, 104
Trd, 4319448.443, 98
Trd, 4319448.943, 102
Trd, 4319452.793, 88
Trd, 4319453.343, 93
Trd, 4319453.643, 95
Trd, 4319454.043, 95
Trd, 4319454.143, 96
Trd, 4319456.643, 95
Trd, 4319458.043, 103
Trd, 4319458.093, 104
Trd, 4319459.693, 98
Trd, 4319460.643, 98
Trd, 4319462.193, 102
Trd, 4319462.343, 97
Trd, 4319465.393, 100
Trd, 4319465.593, 101
Trd, 4319466.993, 99
Trd, 4319468.193, 86
Trd, 4319469.193, 96
Trd, 4319469.893, 97
Trd, 4319470.493, 97
Trd, 4319472.493, 96
Trd, 4319473.343, 86
Trd, 4319475.243, 96
Trd, 4319475.443, 96
Trd, 4319476.893, 95
Trd, 4319477.493, 96
Trd, 4319478.843, 96
Trd, 4319479.843, 96
Trd, 4319481.043, 96
Trd, 4319483.443, 95
Trd, 4319484.143, 94
Trd, 4319486.993, 92
Trd, 4319487.143, 92
Trd, 4319488.543, 93
Trd, 4319490.643, 93
Trd, 4319492.493, 95
Trd, 4319494.643, 93
Trd, 4319495.743, 99
Trd, 4319496.743, 94
Trd, 4319497.293, 96
Trd, 4319498.643, 103
Trd, 4319499.843, 96
Trd, 4319501.993, 104
Trd, 4319502.593, 96
Trd, 4319505.643, 99
Trd, 4319506.693, 98
Trd, 4319507.843, 98
Trd, 4319510.143, 92
Trd, 4319510.893, 95
Trd, 4319512.543, 96
Trd, 4319513.293, 97
Trd, 4319513.693, 95
Trd, 4319515.793, 92
Trd, 4319516.093, 92
Trd, 4319516.143, 93
Trd, 4319518.843, 96
Trd, 4319518.943, 95
Trd, 4319519.243, 95
Trd, 4319521.293, 92
Trd, 4319522.493, 92
Trd, 4319523.243, 95
Trd, 4319524.643, 95
Trd, 4319524.793, 94
Trd, 4319526.143, 86
Trd, 4319526.343, 102
Trd, 4319528.643, 95
Trd, 4319530.943, 93
Trd, 4319531.393, 94
Trd, 4319532.893, 93
Trd, 4319533.893, 94
Trd, 4319535.643, 95
Trd, 4319536.543, 94
Trd, 4319536.843, 92
Trd, 4319538.193, 93
Trd, 4319539.093, 93
Trd, 4319539.593, 95
Trd, 4319540.693, 94
Trd, 4319542.143, 97
Trd, 4319542.943, 96
Trd, 4319543.093, 95
Trd, 4319545.243, 99
Trd, 4319545.443, 99
Trd, 4319548.543, 99
Trd, 4319550.043, 100
Trd, 4319552.143, 100
Trd, 4319552.293, 99
Trd, 4319552.493, 99
Trd, 4319554.193, 99
Trd, 4319555.143, 99
Trd, 4319555.543, 98
Trd, 4319558.543, 98
Trd, 4319559.693, 97
Trd, 4319560.443, 98
Trd, 4319560.793, 98
Trd, 4319563.893, 98
Trd, 4319565.643, 96
Trd, 4319566.693, 97
Trd, 4319568.343, 97
Trd, 4319571.793, 98
Trd, 4319571.893, 99
Trd, 4319574.443, 97
Trd, 4319576.293, 97
Trd, 4319577.593, 98
Trd, 4319578.243, 92
Trd, 4319578.293, 93
Trd, 4319580.643, 95
Trd, 4319581.943, 94
Trd, 4319582.843, 95
Trd, 4319583.293, 95
Trd, 4319586.193, 100
Trd, 4319586.293, 99
Trd, 4319587.093, 104
Trd, 4319588.943, 102
Trd, 4319589.193, 102
Trd, 4319592.243, 97
Trd, 4319592.793, 96
Trd, 4319593.193, 90
Trd, 4319594.193, 103
Trd, 4319596.243, 96
Trd, 4319597.943, 97
Trd, 4319598.143, 96
Trd, 4319599.593, 96
Trd, 4319600.893, 101
Trd, 4319603.993, 100
Trd, 4319604.393, 101
Trd, 4319605.793, 103
Trd, 4319606.293, 102
Trd, 4319606.593, 103
Trd, 4319608.643, 102
Trd, 4319611.943, 95
Trd, 4319612.543, 95
Trd, 4319613.193, 95
Trd, 4319613.493, 104
Trd, 4319615.243, 96
Trd, 4319616.043, 97
Trd, 4319616.343, 96
Trd, 4319616.943, 98
Trd, 4319619.793, 98
Trd, 4319620.143, 98
Trd, 4319620.893, 97
Trd, 4319621.693, 96
Trd, 4319623.643, 96
Trd, 4319624.393, 96
Trd, 4319624.693, 95
Trd, 4319626.093, 96
Trd, 4319627.143, 98
Trd, 4319629.443, 104
Trd, 4319629.843, 103
Trd, 4319631.243, 102
Trd, 4319632.643, 101
Trd, 4319633.193, 96
Trd, 4319635.593, 100
Trd, 4319635.793, 103
Trd, 4319636.743, 100
Trd, 4319639.143, 103
Trd, 4319641.243, 103
Trd, 4319642.443, 103
Trd, 4319643.443, 103
Trd, 4319643.543, 95
Trd, 4319646.443, 102
Trd, 4319646.943, 102
Trd, 4319647.393, 100
Trd, 4319648.993, 101
Trd, 4319649.743, 100
Trd, 4319651.693, 101
Trd, 4319652.643, 101
Trd, 4319653.693, 100
Trd, 4319654.393, 95
Trd, 4319654.743, 96
Trd, 4319657.093, 101
Trd, 4319657.293, 104
Trd, 4319658.143, 103
Trd, 4319660.143, 101
Trd, 4319660.593, 102
Trd, 4319661.693, 87
Trd, 4319663.943, 101
Trd, 4319665.443, 102
Trd, 4319666.493, 100
Trd, 4319666.843, 99
Trd, 4319669.843, 100
Trd, 4319670.693, 100
Trd, 4319673.093, 100
Trd, 4319673.443, 98
Trd, 4319674.443, 99
Trd, 4319676.543, 97
Trd, 4319679.843, 97
Trd, 4319681.243, 98
Trd, 4319682.293, 89
Trd, 4319683.993, 95
Trd, 4319684.693, 94
Trd, 4319688.193, 89
Trd, 4319688.393, 90
Trd, 4319689.743, 90
Trd, 4319690.393, 89
Trd, 4319690.843, 90
Trd, 4319691.293, 88
Trd, 4319692.493, 90
Trd, 4319695.993, 90
Trd, 4319696.343, 89
Trd, 4319698.393, 91
Trd, 4319699.743, 90
Trd, 4319700.293, 94
Trd, 4319702.193, 90
Trd, 4319702.943, 94
Trd, 4319703.343, 91
Trd, 4319705.043, 91
Trd, 4319705.993, 92
Trd, 4319707.693, 90
Trd, 4319708.193, 89
Trd, 4319710.843, 89
Trd, 4319712.143, 90
Trd, 4319712.343, 90
Trd, 4319714.293, 90
Trd, 4319715.343, 90
Trd, 4319715.843, 91
Trd, 4319717.693, 91
Trd, 4319718.793, 95
Trd, 4319720.343, 92
Trd, 4319720.843, 91
Trd, 4319721.943, 92
Trd, 4319723.393, 95
Trd, 4319724.243, 104
Trd, 4319727.293, 102
Trd, 4319727.793, 101
Trd, 4319728.893, 104
Trd, 4319728.993, 103
Trd, 4319729.093, 100
Trd, 4319732.143, 103
Trd, 4319733.243, 102
Trd, 4319734.593, 103
Trd, 4319735.393, 102
Trd, 4319736.343, 95
Trd, 4319740.343, 100
Trd, 4319740.693, 100
Trd, 4319740.993, 101
Trd, 4319741.943, 102
Trd, 4319742.543, 103
Trd, 4319744.493, 103
Trd, 4319745.893, 102
Trd, 4319746.193, 102
Trd, 4319746.243, 101
Trd, 4319747.943, 77
Trd, 4319751.393, 97
Trd, 4319751.793, 98
Trd, 4319752.993, 98
Trd, 4319755.143, 98
Trd, 4319755.243, 99
Trd, 4319756.643, 99
Trd, 4319757.143, 100
Trd, 4319758.843, 99
Trd, 4319759.643, 97
Trd, 4319762.443, 99
Trd, 4319762.943, 97
Trd, 4319764.593, 99
Trd, 4319765.443, 100
Trd, 4319765.843, 99
Trd, 4319768.193, 99
Trd, 4319768.643, 98
Trd, 4319771.393, 97
Trd, 4319771.993, 97
Trd, 4319774.093, 98
Trd, 4319774.693, 99
Trd, 4319778.393, 98
Trd, 4319778.693, 97
Trd, 4319779.293, 96
Trd, 4319780.843, 97
Trd, 4319782.243, 96
Trd, 4319782.443, 95
Trd, 4319786.093, 95
Trd, 4319786.393, 96
Trd, 4319787.493, 95
Trd, 4319788.743, 94
Trd, 4319788.843, 95
Trd, 4319789.643, 98
Trd, 4319793.343, 112
Trd, 4319793.593, 119
Trd, 4319794.943, 100
Trd, 4319795.093, 95
Trd, 4319796.993, 106
Trd, 4319797.243, 107
Trd, 4319798.193, 106
Trd, 4319798.893, 105
Trd, 4319800.043, 104
Trd, 4319801.093, 106
Trd, 4319802.443, 105
Trd, 4319804.393, 104
Trd, 4319805.543, 95
Trd, 4319805.743, 104
Trd, 4319807.693, 102
Trd, 4319807.843, 102
Trd, 4319808.093, 101
Trd, 4319808.693, 101
Trd, 4319809.993, 101
Trd, 4319812.243, 101
Trd, 4319812.743, 102
Trd, 4319814.593, 102
Trd, 4319817.343, 101
Trd, 4319818.293, 101
Trd, 4319819.693, 98
Trd, 4319820.343, 99
Trd, 4319822.893, 96
Trd, 4319823.593, 95
Trd, 4319824.293, 95
Trd, 4319824.393, 104
Trd, 4319825.543, 100
Trd, 4319827.543, 100
Trd, 4319829.093, 105
Trd, 4319829.293, 104
Trd, 4319830.193, 103
Trd, 4319831.193, 103
Trd, 4319831.443, 102
Trd, 4319831.943, 103
Trd, 4319833.443, 103
Trd, 4319836.093, 103
Trd, 4319836.143, 85
Trd, 4319837.643, 95
Trd, 4319841.943, 96
Trd, 4319842.593, 96
Trd, 4319842.693, 97
Trd, 4319842.743, 95
Trd, 4319843.843, 95
Trd, 4319844.993, 99
Trd, 4319845.693, 98
Trd, 4319847.043, 102
Trd, 4319848.193, 100
Trd, 4319850.843, 102
Trd, 4319850.893, 100
Trd, 4319852.193, 104
Trd, 4319853.143, 104
Trd, 4319855.443, 103
Trd, 4319856.843, 104
Trd, 4319857.343, 103
Trd, 4319858.893, 102
Trd, 4319860.893, 102
Trd, 4319861.593, 101
Trd, 4319861.793, 102
Trd, 4319862.643, 101
Trd, 4319865.243, 103
Trd, 4319866.993, 103
Trd, 4319867.293, 101
Trd, 4319868.293, 104
Trd, 4319869.593, 103
Trd, 4319871.593, 107
Trd, 4319871.643, 106
Trd, 4319873.243, 105
Trd, 4319874.193, 105
Trd, 4319876.043, 105
Trd, 4319877.693, 104
Trd, 4319878.643, 105
Trd, 4319881.493, 105
Trd, 4319881.843, 104
Trd, 4319882.893, 103
Trd, 4319883.543, 103
Trd, 4319885.993, 104
Trd, 4319886.143, 102
Trd, 4319889.393, 105
Trd, 4319890.243, 104
Trd, 4319892.943, 103
Trd, 4319893.443, 104
Trd, 4319894.293, 104
Trd, 4319894.493, 103
Trd, 4319896.143, 104
Trd, 4319897.793, 103
Trd, 4319898.843, 104
Trd, 4319899.693, 102
Trd, 4319902.143, 103
Trd, 4319902.793, 101
Trd, 4319903.543, 102
Trd, 4319904.793, 104
Trd, 4319907.093, 102
Trd, 4319907.943, 101
Trd, 4319908.343, 100
Trd, 4319909.893, 100
Trd, 4319910.893, 98
Trd, 4319911.743, 100
Trd, 4319912.143, 100
Trd, 4319913.493, 99
Trd, 4319913.793, 100
Trd, 4319916.543, 98
Trd, 4319918.643, 97
Trd, 4319918.893, 96
Trd, 4319919.293, 96
Trd, 4319920.243, 96
Trd, 4319922.093, 97
Trd, 4319923.643, 97
Trd, 4319924.193, 97
Trd, 4319925.043, 97
Trd, 4319925.593, 97
Trd, 4319927.093, 98
Trd, 4319928.543, 104
Trd, 4319930.893, 111
Trd, 4319932.243, 108
Trd, 4319932.293, 107
Trd, 4319932.793, 95
Trd, 4319934.993, 104
Trd, 4319937.543, 105
Trd, 4319939.293, 106
Trd, 4319940.343, 107
Trd, 4319941.193, 107
Trd, 4319943.893, 108
Trd, 4319944.443, 106
Trd, 4319945.443, 103
Trd, 4319947.543, 103
Trd, 4319947.943, 103
Trd, 4319948.443, 104
Trd, 4319950.243, 97
Trd, 4319952.343, 98
Trd, 4319955.843, 101
Trd, 4319956.793, 101
Trd, 4319958.043, 92
Trd, 4319958.643, 101
Trd, 4319961.143, 100
Trd, 4319961.243, 99
Trd, 4319961.493, 101
Trd, 4319965.693, 98
Trd, 4319965.943, 99
Trd, 4319967.643, 97
Trd, 4319969.093, 95
Trd, 4319970.643, 98
Trd, 4319971.493, 98
Trd, 4319971.643, 97
Trd, 4319971.793, 99
Trd, 4319973.893, 97
Trd, 4319976.043, 95
Trd, 4319976.893, 97
Trd, 4319977.193, 97
Trd, 4319978.093, 97
Trd, 4319981.393, 96
Trd, 4319984.143, 97
Trd, 4319984.193, 97
Trd, 4319986.093, 96
Trd, 4319986.543, 97
Trd, 4319988.643, 99
Trd, 4319988.943, 97
Trd, 4319989.043, 96
Trd, 4319990.793, 97
Trd, 4319990.993, 96
Trd, 4319993.643, 94
Trd, 4319993.943, 91
Trd, 4319995.993, 94
Trd, 4319996.993, 95
Trd, 4319998.543, 95
