Trd, 4317907.493, 100
Trd, 4317908.443, 114
Trd, 4317910.243, 102
Trd, 4317911.043, 103
Trd, 4317911.643, 104
Trd, 4317913.843, 104
Trd, 4317915.243, 101
Trd, 4317916.693, 101
Trd, 4317916.943, 101
Trd, 4317917.843, 95
Trd, 4317920.543, 94
Trd, 4317922.293, 98
Trd, 4317922.993, 96
Trd, 4317923.443, 98
Trd, 4317924.393, 106
Trd, 4317925.693, 96
Trd, 4317926.843, 86
Trd, 4317927.643, 114
Trd, 4317929.843, 106
Trd, 4317931.343, 95
Trd, 4317931.993, 103
Trd, 4317932.443, 103
Trd, 4317933.593, 94
Trd, 4317934.943, 101
Trd, 4317936.893, 93
Trd, 4317937.043, 100
Trd, 4317939.243, 93
Trd, 4317939.643, 100
Trd, 4317943.043, 95
Trd, 4317943.143, 98
Trd, 4317944.343, 98
Trd, 4317944.443, 94
Trd, 4317945.993, 98
Trd, 4317946.293, 98
Trd, 4317947.793, 96
Trd, 4317950.193, 94
Trd, 4317951.243, 94
Trd, 4317952.143, 93
Trd, 4317952.993, 95
Trd, 4317954.943, 95
Trd, 4317955.093, 104
Trd, 4317955.643, 93
Trd, 4317955.993, 99
Trd, 4317956.043, 92
Trd, 4317957.043, 114
Trd, 4317959.543, 87
Trd, 4317962.693, 92
Trd, 4317962.843, 96
Trd, 4317965.393, 94
Trd, 4317966.243, 95
Trd, 4317966.593, 93
Trd, 4317967.793, 92
Trd, 4317968.143, 92
Trd, 4317968.643, 104
Trd, 4317971.243, 96
Trd, 4317973.493, 94
Trd, 4317974.793, 93
Trd, 4317975.493, 97
Trd, 4317976.843, 96
Trd, 4317977.393, 87
Trd, 4317979.243, 85
Trd, 4317980.393, 89
Trd, 4317980.743, 89
Trd, 4317982.993, 86
Trd, 4317984.093, 88
Trd, 4317984.243, 87
Trd, 4317986.193, 88
Trd, 4317986.643, 86
Trd, 4317987.093, 95
Trd, 4317989.693, 86
Trd, 4317991.843, 91
Trd, 4317992.343, 91
Trd, 4317992.743, 95
Trd, 4317994.043, 88
Trd, 4317994.943, 88
Trd, 4317996.643, 89
Trd, 4317997.493, 88
Trd, 4317999.393, 87
Trd, 4317999.443, 86
Trd, 4317999.793, 86
Trd, 4317999.893, 95
Trd, 4318000.543, 104
Trd, 4318003.293, 87
Trd, 4318005.643, 86
Trd, 4318006.493, 87
Trd, 4318006.943, 87
Trd, 4318007.843, 87
Trd, 4318008.343, 87
Trd, 4318009.393, 86
Trd, 4318010.143, 95
Trd, 4318011.793, 97
Trd, 4318013.743, 87
Trd, 4318013.943, 95
Trd, 4318013.993, 96
Trd, 4318016.693, 90
Trd, 4318016.893, 92
Trd, 4318017.543, 92
Trd, 4318018.243, 90
Trd, 4318018.443, 90
Trd, 4318019.993, 104
Trd, 4318022.543, 91
Trd, 4318022.943, 90
Trd, 4318024.343, 94
Trd, 4318025.643, 95
Trd, 4318028.743, 96
Trd, 4318028.793, 96
Trd, 4318029.493, 113
Trd, 4318030.943, 95
Trd, 4318031.743, 97
Trd, 4318032.243, 75
Trd, 4318035.443, 92
Trd, 4318036.243, 94
Trd, 4318036.343, 93
Trd, 4318037.393, 95
Trd, 4318039.043, 91
Trd, 4318040.893, 104
Trd, 4318041.193, 94
Trd, 4318042.843, 99
Trd, 4318044.343, 96
Trd, 4318044.993, 94
Trd, 4318047.143, 96
Trd, 4318047.743, 93
Trd, 4318049.593, 94
Trd, 4318049.643, 95
Trd, 4318050.593, 96
Trd, 4318052.443, 96
Trd, 4318054.393, 94
Trd, 4318055.493, 93
Trd, 4318056.193, 87
Trd, 4318056.393, 96
Trd, 4318057.193, 96
Trd, 4318057.643, 104
Trd, 4318058.393, 109
Trd, 4318058.843, 118
Trd, 4318061.443, 100
Trd, 4318063.143, 98
Trd, 4318064.293, 94
Trd, 4318065.143, 100
Trd, 4318065.843, 75
Trd, 4318067.043, 97
Trd, 4318068.643, 95
Trd, 4318071.293, 94
Trd, 4318071.443, 92
Trd, 4318072.693, 95
Trd, 4318074.693, 95
Trd, 4318075.693, 95
Trd, 4318077.193, 92
Trd, 4318078.143, 95
Trd, 4318080.043, 94
Trd, 4318080.143, 91
Trd, 4318080.343, 84
Trd, 4318082.393, 95
Trd, 4318083.693, 94
Trd, 4318084.993, 92
Trd, 4318085.543, 75
Trd, 4318085.743, 94
Trd, 4318088.943, 95
Trd, 4318090.693, 92
Trd, 4318092.043, 92
Trd, 4318092.193, 95
Trd, 4318092.493, 95
Trd, 4318095.343, 104
Trd, 4318095.693, 87
Trd, 4318097.593, 98
Trd, 4318097.693, 90
Trd, 4318101.443, 95
Trd, 4318101.993, 95
Trd, 4318102.143, 97
Trd, 4318104.093, 87
Trd, 4318104.893, 90
Trd, 4318104.993, 104
Trd, 4318107.393, 87
Trd, 4318107.843, 96
Trd, 4318111.193, 95
Trd, 4318111.593, 92
Trd, 4318113.343, 91
Trd, 4318113.943, 94
Trd, 4318114.543, 90
Trd, 4318114.693, 95
Trd, 4318117.493, 91
Trd, 4318117.743, 92
Trd, 4318118.043, 92
Trd, 4318121.143, 91
Trd, 4318121.343, 89
Trd, 4318122.593, 92
Trd, 4318123.193, 90
Trd, 4318126.343, 91
Trd, 4318127.043, 89
Trd, 4318128.743, 89
Trd, 4318129.093, 92
Trd, 4318129.343, 95
Trd, 4318130.393, 90
Trd, 4318131.843, 90
Trd, 4318134.543, 90
Trd, 4318135.243, 90
Trd, 4318135.293, 89
Trd, 4318136.893, 90
Trd, 4318137.193, 88
Trd, 4318141.643, 89
Trd, 4318141.943, 90
Trd, 4318142.193, 88
Trd, 4318143.093, 95
Trd, 4318144.693, 91
Trd, 4318146.793, 86
Trd, 4318146.993, 90
Trd, 4318148.643, 95
Trd, 4318149.443, 88
Trd, 4318153.293, 91
Trd, 4318155.243, 90
Trd, 4318155.293, 93
Trd, 4318155.793, 94
Trd, 4318156.743, 90
Trd, 4318157.293, 94
Trd, 4318159.043, 95
Trd, 4318159.193, 104
Trd, 4318159.893, 100
Trd, 4318163.593, 97
Trd, 4318163.643, 97
Trd, 4318163.993, 99
Trd, 4318164.393, 95
Trd, 4318165.743, 94
Trd, 4318166.643, 97
Trd, 4318167.643, 93
Trd, 4318167.793, 87
Trd, 4318167.843, 96
Trd, 4318171.393, 96
Trd, 4318172.893, 94
Trd, 4318173.093, 91
Trd, 4318173.493, 95
Trd, 4318174.393, 95
Trd, 4318176.643, 95
Trd, 4318177.393, 95
Trd, 4318178.693, 104
Trd, 4318179.743, 93
Trd, 4318180.093, 101
Trd, 4318181.043, 105
Trd, 4318182.043, 93
Trd, 4318183.893, 93
Trd, 4318185.843, 99
Trd, 4318188.343, 98
Trd, 4318189.493, 97
Trd, 4318190.243, 94
Trd, 4318190.493, 94
Trd, 4318192.143, 94
Trd, 4318193.643, 94
Trd, 4318194.493, 94
Trd, 4318194.693, 95
Trd, 4318195.693, 93
Trd, 4318197.043, 95
Trd, 4318197.743, 95
Trd, 4318197.793, 92
Trd, 4318200.343, 96
Trd, 4318200.643, 94
Trd, 4318203.443, 88
Trd, 4318204.393, 84
Trd, 4318204.643, 88
Trd, 4318205.543, 89
Trd, 4318206.043, 75
Trd, 4318207.193, 95
Trd, 4318208.843, 92
Trd, 4318210.043, 95
Trd, 4318210.793, 90
Trd, 4318211.243, 95
Trd, 4318211.893, 90
Trd, 4318213.343, 100
Trd, 4318214.643, 106
Trd, 4318214.893, 98
Trd, 4318216.193, 93
Trd, 4318216.893, 88
Trd, 4318217.793, 96
Trd, 4318218.593, 97
Trd, 4318220.593, 96
Trd, 4318221.543, 95
Trd, 4318222.893, 96
Trd, 4318224.293, 106
Trd, 4318226.243, 98
Trd, 4318226.393, 95
Trd, 4318229.693, 95
Trd, 4318229.793, 94
Trd, 4318230.343, 98
Trd, 4318230.893, 75
Trd, 4318232.393, 91
Trd, 4318234.593, 96
Trd, 4318236.243, 90
Trd, 4318236.793, 93
Trd, 4318238.293, 95
Trd, 4318238.693, 91
Trd, 4318240.843, 95
Trd, 4318241.743, 94
Trd, 4318242.193, 93
Trd, 4318242.643, 92
Trd, 4318243.543, 104
Trd, 4318244.543, 91
Trd, 4318245.243, 103
Trd, 4318248.093, 98
Trd, 4318248.393, 101
Trd, 4318249.043, 88
Trd, 4318250.743, 88
Trd, 4318252.743, 88
Trd, 4318253.543, 89
Trd, 4318254.143, 93
Trd, 4318254.893, 96
Trd, 4318256.693, 94
Trd, 4318256.893, 95
Trd, 4318259.643, 104
Trd, 4318262.293, 95
Trd, 4318263.043, 94
Trd, 4318263.093, 96
Trd, 4318265.343, 96
Trd, 4318267.593, 94
Trd, 4318267.743, 96
Trd, 4318269.643, 96
Trd, 4318271.193, 105
Trd, 4318272.493, 95
Trd, 4318272.793, 93
Trd, 4318274.643, 97
Trd, 4318275.293, 97
Trd, 4318276.193, 97
Trd, 4318276.493, 94
Trd, 4318278.093, 96
Trd, 4318279.843, 96
Trd, 4318280.843, 94
Trd, 4318283.543, 96
Trd, 4318284.393, 93
Trd, 4318284.443, 96
Trd, 4318285.243, 92
Trd, 4318287.143, 96
Trd, 4318287.293, 106
Trd, 4318291.543, 96
Trd, 4318291.643, 99
Trd, 4318291.893, 96
Trd, 4318292.593, 98
Trd, 4318294.293, 98
Trd, 4318294.593, 94
Trd, 4318295.793, 97
Trd, 4318297.343, 99
Trd, 4318298.043, 89
Trd, 4318298.193, 74
Trd, 4318301.393, 90
Trd, 4318301.543, 89
Trd, 4318302.643, 89
Trd, 4318302.943, 96
Trd, 4318304.193, 89
Trd, 4318305.943, 93
Trd, 4318306.693, 96
Trd, 4318308.093, 88
Trd, 4318308.493, 92
Trd, 4318310.543, 95
Trd, 4318310.693, 92
Trd, 4318313.043, 92
Trd, 4318313.143, 91
Trd, 4318313.293, 75
Trd, 4318313.893, 92
Trd, 4318316.343, 92
Trd, 4318316.393, 87
Trd, 4318316.493, 95
Trd, 4318317.693, 108
Trd, 4318317.943, 123
Trd, 4318319.493, 97
Trd, 4318321.093, 97
Trd, 4318323.343, 94
Trd, 4318325.243, 100
Trd, 4318327.793, 95
Trd, 4318329.443, 100
Trd, 4318329.793, 100
Trd, 4318332.243, 100
Trd, 4318332.293, 96
Trd, 4318332.343, 94
Trd, 4318334.743, 95
Trd, 4318335.943, 95
Trd, 4318336.193, 75
Trd, 4318338.143, 95
Trd, 4318340.143, 96
Trd, 4318340.743, 95
Trd, 4318340.843, 104
Trd, 4318343.093, 95
Trd, 4318343.893, 95
Trd, 4318344.293, 97
Trd, 4318344.793, 94
Trd, 4318345.793, 96
Trd, 4318347.093, 95
Trd, 4318347.793, 95
Trd, 4318349.643, 96
Trd, 4318351.893, 95
Trd, 4318352.143, 94
Trd, 4318353.393, 88
Trd, 4318353.443, 85
Trd, 4318355.693, 90
Trd, 4318357.693, 88
Trd, 4318358.093, 85
Trd, 4318358.493, 91
Trd, 4318358.743, 95
Trd, 4318360.443, 113
Trd, 4318362.293, 97
Trd, 4318362.443, 92
Trd, 4318365.393, 96
Trd, 4318366.293, 93
Trd, 4318367.443, 92
Trd, 4318367.943, 95
Trd, 4318368.993, 95
Trd, 4318370.393, 95
Trd, 4318370.443, 92
Trd, 4318371.543, 92
Trd, 4318371.893, 94
Trd, 4318375.543, 94
Trd, 4318375.843, 91
Trd, 4318377.193, 90
Trd, 4318378.493, 94
Trd, 4318379.093, 95
Trd, 4318381.143, 93
Trd, 4318383.093, 91
Trd, 4318383.193, 90
Trd, 4318383.593, 86
Trd, 4318385.343, 95
Trd, 4318385.693, 90
Trd, 4318387.693, 106
Trd, 4318390.793, 97
Trd, 4318391.093, 98
Trd, 4318392.743, 93
Trd, 4318394.543, 92
Trd, 4318395.843, 94
Trd, 4318397.243, 91
Trd, 4318399.293, 92
Trd, 4318399.793, 92
Trd, 4318401.093, 86
Trd, 4318402.393, 89
Trd, 4318402.993, 88
Trd, 4318403.243, 95
Trd, 4318404.243, 91
Trd, 4318405.443, 91
Trd, 4318406.643, 87
Trd, 4318406.693, 95
Trd, 4318409.993, 90
Trd, 4318411.993, 92
Trd, 4318413.593, 90
Trd, 4318414.943, 92
Trd, 4318416.193, 95
Trd, 4318416.993, 93
Trd, 4318417.593, 92
Trd, 4318419.643, 92
Trd, 4318420.493, 93
Trd, 4318420.793, 90
Trd, 4318420.843, 86
Trd, 4318423.093, 94
Trd, 4318423.693, 95
Trd, 4318425.343, 95
Trd, 4318425.943, 95
Trd, 4318427.343, 94
Trd, 4318429.093, 93
Trd, 4318431.593, 96
Trd, 4318432.393, 91
Trd, 4318432.893, 87
Trd, 4318433.593, 92
Trd, 4318434.393, 106
Trd, 4318436.143, 75
Trd, 4318436.243, 96
Trd, 4318440.793, 91
Trd, 4318441.593, 90
Trd, 4318442.043, 92
Trd, 4318443.093, 87
Trd, 4318445.093, 93
Trd, 4318445.293, 95
Trd, 4318445.343, 95
Trd, 4318447.443, 90
Trd, 4318447.493, 96
Trd, 4318448.093, 106
Trd, 4318448.943, 89
Trd, 4318450.843, 97
Trd, 4318453.593, 97
Trd, 4318454.293, 91
Trd, 4318454.793, 91
Trd, 4318455.493, 91
Trd, 4318455.943, 96
Trd, 4318460.543, 90
Trd, 4318461.043, 94
Trd, 4318462.043, 95
Trd, 4318462.543, 89
Trd, 4318464.193, 93
Trd, 4318464.643, 88
Trd, 4318468.193, 92
Trd, 4318469.043, 90
Trd, 4318469.493, 89
Trd, 4318471.893, 88
Trd, 4318472.043, 95
Trd, 4318472.993, 106
Trd, 4318474.243, 92
Trd, 4318475.043, 91
Trd, 4318475.243, 88
Trd, 4318476.393, 93
Trd, 4318476.543, 86
Trd, 4318476.743, 105
Trd, 4318477.043, 113
Trd, 4318477.693, 123
Trd, 4318477.943, 74
Trd, 4318481.243, 92
Trd, 4318481.693, 94
Trd, 4318482.793, 100
Trd, 4318483.843, 93
Trd, 4318486.943, 97
Trd, 4318487.543, 94
Trd, 4318490.343, 96
Trd, 4318491.493, 95
Trd, 4318491.593, 95
Trd, 4318491.693, 94
Trd, 4318492.093, 106
Trd, 4318492.193, 93
Trd, 4318495.943, 86
Trd, 4318496.443, 90
Trd, 4318497.693, 89
Trd, 4318499.393, 75
Trd, 4318499.443, 90
Trd, 4318501.643, 91
Trd, 4318501.893, 107
Trd, 4318502.843, 86
Trd, 4318503.943, 91
Trd, 4318504.743, 89
Trd, 4318507.343, 91
Trd, 4318507.843, 95
Trd, 4318507.893, 123
Trd, 4318509.543, 90
Trd, 4318510.143, 103
Trd, 4318512.243, 98
Trd, 4318512.493, 100
Trd, 4318513.643, 97
Trd, 4318513.743, 92
Trd, 4318517.393, 95
Trd, 4318519.243, 97
Trd, 4318520.743, 94
Trd, 4318521.143, 93
Trd, 4318522.543, 90
Trd, 4318523.093, 96
Trd, 4318525.643, 106
Trd, 4318526.143, 86
Trd, 4318526.843, 98
Trd, 4318527.143, 85
Trd, 4318528.493, 92
Trd, 4318531.493, 88
Trd, 4318532.543, 93
Trd, 4318533.793, 95
Trd, 4318534.343, 86
Trd, 4318535.443, 94
Trd, 4318535.843, 88
Trd, 4318537.593, 96
Trd, 4318538.693, 91
Trd, 4318538.843, 107
Trd, 4318540.593, 90
Trd, 4318542.293, 91
Trd, 4318545.293, 98
Trd, 4318546.043, 92
Trd, 4318547.843, 97
Trd, 4318550.193, 98
Trd, 4318550.993, 97
Trd, 4318551.743, 98
Trd, 4318551.993, 107
Trd, 4318552.593, 92
Trd, 4318553.293, 102
Trd, 4318554.593, 90
Trd, 4318555.193, 110
Trd, 4318556.743, 99
Trd, 4318558.143, 94
Trd, 4318558.193, 94
Trd, 4318561.143, 100
Trd, 4318562.143, 96
Trd, 4318562.493, 107
Trd, 4318563.993, 103
Trd, 4318565.343, 102
Trd, 4318565.793, 105
Trd, 4318565.993, 99
Trd, 4318567.393, 98
Trd, 4318569.393, 102
Trd, 4318570.443, 95
Trd, 4318571.043, 99
Trd, 4318572.043, 86
Trd, 4318573.493, 92
Trd, 4318575.343, 86
Trd, 4318575.543, 89
Trd, 4318576.793, 89
Trd, 4318577.043, 87
Trd, 4318579.243, 89
Trd, 4318579.993, 88
Trd, 4318580.893, 89
Trd, 4318581.793, 86
Trd, 4318581.943, 95
Trd, 4318584.843, 93
Trd, 4318586.093, 93
Trd, 4318586.293, 93
Trd, 4318587.093, 95
Trd, 4318588.493, 95
Trd, 4318588.943, 85
Trd, 4318591.593, 90
Trd, 4318592.243, 90
Trd, 4318594.093, 95
Trd, 4318594.993, 92
Trd, 4318596.493, 93
Trd, 4318597.343, 93
Trd, 4318597.843, 93
Trd, 4318600.693, 94
Trd, 4318601.293, 95
Trd, 4318602.243, 92
Trd, 4318602.493, 105
Trd, 4318606.493, 97
Trd, 4318606.693, 94
Trd, 4318607.143, 104
Trd, 4318607.493, 93
Trd, 4318609.143, 99
Trd, 4318609.493, 93
Trd, 4318610.743, 87
Trd, 4318614.493, 93
Trd, 4318615.843, 93
Trd, 4318617.093, 92
Trd, 4318618.043, 94
Trd, 4318618.743, 91
Trd, 4318619.493, 95
Trd, 4318620.143, 90
Trd, 4318622.043, 94
Trd, 4318622.543, 95
Trd, 4318624.943, 95
Trd, 4318626.643, 95
Trd, 4318626.743, 94
Trd, 4318626.943, 94
Trd, 4318628.393, 92
Trd, 4318631.843, 92
Trd, 4318632.043, 95
Trd, 4318632.843, 94
Trd, 4318634.843, 91
Trd, 4318635.993, 90
Trd, 4318636.893, 87
Trd, 4318638.193, 95
Trd, 4318638.243, 95
Trd, 4318643.243, 91
Trd, 4318643.993, 90
Trd, 4318645.143, 95
Trd, 4318645.193, 95
Trd, 4318646.043, 104
Trd, 4318646.593, 89
Trd, 4318647.393, 86
Trd, 4318649.793, 99
Trd, 4318650.743, 93
Trd, 4318651.343, 99
Trd, 4318651.493, 104
Trd, 4318653.143, 108
Trd, 4318653.993, 104
Trd, 4318655.443, 100
Trd, 4318657.643, 102
Trd, 4318658.593, 103
Trd, 4318658.693, 104
Trd, 4318660.543, 101
Trd, 4318660.943, 100
Trd, 4318665.193, 94
Trd, 4318665.593, 102
Trd, 4318667.543, 101
Trd, 4318667.793, 96
Trd, 4318668.643, 100
Trd, 4318669.343, 100
Trd, 4318669.493, 94
Trd, 4318670.793, 95
Trd, 4318670.943, 104
Trd, 4318674.893, 95
Trd, 4318675.993, 97
Trd, 4318678.293, 98
Trd, 4318678.493, 95
Trd, 4318679.893, 98
Trd, 4318680.193, 95
Trd, 4318681.543, 99
Trd, 4318682.943, 104
Trd, 4318683.993, 99
Trd, 4318684.393, 98
Trd, 4318686.943, 99
Trd, 4318687.743, 99
Trd, 4318689.143, 96
Trd, 4318690.193, 97
Trd, 4318692.193, 99
Trd, 4318692.643, 101
Trd, 4318694.693, 98
Trd, 4318695.043, 94
Trd, 4318695.293, 87
Trd, 4318695.743, 102
Trd, 4318697.893, 93
Trd, 4318698.743, 95
Trd, 4318699.443, 94
Trd, 4318700.193, 93
Trd, 4318702.843, 104
Trd, 4318702.993, 114
Trd, 4318703.643, 92
Trd, 4318704.393, 104
Trd, 4318708.893, 95
Trd, 4318709.843, 97
Trd, 4318710.093, 95
Trd, 4318710.193, 93
Trd, 4318712.593, 96
Trd, 4318712.993, 94
Trd, 4318713.793, 96
Trd, 4318716.743, 95
Trd, 4318717.743, 96
Trd, 4318718.593, 96
Trd, 4318718.793, 84
Trd, 4318719.243, 86
Trd, 4318720.343, 84
Trd, 4318722.043, 88
Trd, 4318722.193, 96
Trd, 4318722.543, 89
Trd, 4318723.643, 90
Trd, 4318725.693, 91
Trd, 4318726.593, 105
Trd, 4318727.293, 90
Trd, 4318727.443, 88
Trd, 4318728.093, 97
Trd, 4318731.443, 88
Trd, 4318732.043, 91
Trd, 4318734.293, 90
Trd, 4318734.643, 88
Trd, 4318736.043, 113
Trd, 4318736.143, 86
Trd, 4318738.193, 90
Trd, 4318740.093, 96
Trd, 4318741.193, 90
Trd, 4318741.343, 95
Trd, 4318741.743, 94
Trd, 4318743.143, 89
Trd, 4318743.393, 95
Trd, 4318744.893, 107
Trd, 4318745.793, 88
Trd, 4318751.643, 96
Trd, 4318751.793, 96
Trd, 4318752.093, 92
Trd, 4318752.143, 90
Trd, 4318753.993, 95
Trd, 4318754.093, 91
Trd, 4318756.193, 91
Trd, 4318757.643, 90
Trd, 4318759.293, 92
Trd, 4318760.443, 91
Trd, 4318761.193, 93
Trd, 4318764.393, 93
Trd, 4318765.293, 92
Trd, 4318765.593, 104
Trd, 4318766.693, 96
Trd, 4318767.093, 91
Trd, 4318770.993, 91
Trd, 4318771.993, 92
Trd, 4318772.843, 94
Trd, 4318773.793, 90
Trd, 4318775.893, 89
Trd, 4318776.343, 95
Trd, 4318776.643, 87
Trd, 4318777.643, 88
Trd, 4318778.193, 89
Trd, 4318781.293, 88
Trd, 4318782.293, 89
Trd, 4318783.093, 87
Trd, 4318784.093, 90
Trd, 4318786.893, 86
Trd, 4318787.743, 91
Trd, 4318788.893, 91
Trd, 4318789.143, 89
Trd, 4318789.343, 95
Trd, 4318789.393, 105
Trd, 4318789.543, 86
Trd, 4318790.743, 89
Trd, 4318792.343, 89
Trd, 4318793.793, 95
Trd, 4318795.993, 100
Trd, 4318796.593, 95
Trd, 4318797.493, 105
Trd, 4318798.543, 93
Trd, 4318801.093, 95
Trd, 4318801.293, 98
Trd, 4318801.993, 96
Trd, 4318802.393, 104
Trd, 4318803.793, 94
Trd, 4318804.693, 94
Trd, 4318805.193, 98
Trd, 4318805.593, 98
Trd, 4318809.543, 98
Trd, 4318812.143, 99
Trd, 4318812.343, 97
Trd, 4318812.693, 94
Trd, 4318812.893, 99
Trd, 4318814.243, 92
Trd, 4318815.593, 96
Trd, 4318816.193, 97
Trd, 4318816.343, 88
Trd, 4318820.593, 97
Trd, 4318821.943, 93
Trd, 4318822.543, 97
Trd, 4318823.543, 92
Trd, 4318825.293, 97
Trd, 4318826.193, 95
Trd, 4318827.193, 95
Trd, 4318828.243, 94
Trd, 4318828.343, 104
Trd, 4318829.793, 98
Trd, 4318831.193, 97
Trd, 4318831.693, 93
Trd, 4318831.793, 93
Trd, 4318832.943, 88
Trd, 4318833.293, 89
Trd, 4318834.593, 95
Trd, 4318836.493, 104
Trd, 4318836.993, 84
Trd, 4318839.693, 94
Trd, 4318840.843, 94
Trd, 4318841.793, 91
Trd, 4318842.793, 95
Trd, 4318844.443, 92
Trd, 4318845.493, 95
Trd, 4318846.193, 100
Trd, 4318846.343, 98
Trd, 4318846.543, 107
Trd, 4318847.093, 86
Trd, 4318850.393, 90
Trd, 4318851.543, 95
Trd, 4318852.743, 92
Trd, 4318853.943, 90
Trd, 4318854.843, 93
Trd, 4318855.493, 106
Trd, 4318856.043, 122
Trd, 4318856.643, 86
Trd, 4318859.293, 94
Trd, 4318862.293, 93
Trd, 4318862.943, 98
Trd, 4318863.243, 99
Trd, 4318864.393, 100
Trd, 4318866.243, 99
Trd, 4318867.493, 94
Trd, 4318868.743, 92
Trd, 4318868.993, 94
Trd, 4318869.543, 93
Trd, 4318871.393, 92
Trd, 4318871.443, 95
Trd, 4318874.193, 88
Trd, 4318875.693, 90
Trd, 4318877.243, 88
Trd, 4318878.793, 92
Trd, 4318878.893, 92
Trd, 4318880.143, 92
Trd, 4318880.993, 90
Trd, 4318883.593, 95
Trd, 4318884.293, 93
Trd, 4318885.843, 95
Trd, 4318887.993, 95
Trd, 4318888.043, 94
Trd, 4318889.593, 94
Trd, 4318891.643, 94
Trd, 4318893.493, 92
Trd, 4318894.843, 94
Trd, 4318895.843, 92
Trd, 4318895.893, 95
Trd, 4318896.043, 95
Trd, 4318896.093, 105
Trd, 4318896.793, 92
Trd, 4318901.393, 93
Trd, 4318901.793, 93
Trd, 4318902.493, 95
Trd, 4318904.043, 93
Trd, 4318904.393, 93
Trd, 4318905.693, 92
Trd, 4318906.193, 93
Trd, 4318907.893, 91
Trd, 4318910.393, 94
Trd, 4318911.043, 104
Trd, 4318912.143, 93
Trd, 4318912.393, 97
Trd, 4318913.793, 93
Trd, 4318914.293, 99
Trd, 4318915.293, 104
Trd, 4318918.393, 93
Trd, 4318918.643, 92
Trd, 4318919.393, 98
Trd, 4318920.243, 98
Trd, 4318921.193, 96
Trd, 4318923.943, 93
Trd, 4318926.843, 94
Trd, 4318927.343, 96
Trd, 4318927.943, 96
Trd, 4318928.843, 94
Trd, 4318931.443, 97
Trd, 4318932.493, 97
Trd, 4318933.293, 94
Trd, 4318934.393, 113
Trd, 4318936.993, 94
Trd, 4318938.193, 100
Trd, 4318938.643, 96
Trd, 4318939.643, 100
Trd, 4318940.543, 88
Trd, 4318940.743, 89
Trd, 4318944.093, 92
Trd, 4318944.393, 93
Trd, 4318945.843, 92
Trd, 4318946.543, 94
Trd, 4318946.893, 95
Trd, 4318950.793, 94
Trd, 4318951.243, 94
Trd, 4318951.443, 93
Trd, 4318954.693, 93
Trd, 4318955.343, 94
Trd, 4318955.543, 93
Trd, 4318955.693, 91
Trd, 4318956.593, 95
Trd, 4318957.843, 91
Trd, 4318961.243, 94
Trd, 4318961.643, 95
Trd, 4318962.143, 95
Trd, 4318963.243, 94
Trd, 4318964.293, 94
Trd, 4318966.743, 92
Trd, 4318966.843, 92
Trd, 4318967.993, 94
Trd, 4318969.393, 93
Trd, 4318970.743, 94
Trd, 4318971.143, 93
Trd, 4318973.393, 94
Trd, 4318975.343, 95
Trd, 4318975.643, 95
Trd, 4318976.443, 95
Trd, 4318979.043, 92
Trd, 4318979.193, 105
Trd, 4318982.093, 103
Trd, 4318983.093, 97
Trd, 4318983.543, 98
Trd, 4318985.993, 97
Trd, 4318986.343, 86
Trd, 4318988.043, 87
Trd, 4318988.093, 97
Trd, 4318988.343, 86
Trd, 4318989.543, 92
Trd, 4318989.743, 90
Trd, 4318991.993, 90
Trd, 4318992.443, 96
Trd, 4318994.293, 79
Trd, 4318995.093, 83
Trd, 4318996.043, 102
Trd, 4318996.593, 88
Trd, 4318998.593, 90
Trd, 4318999.293, 89
Trd, 4319000.943, 85
Trd, 4319001.293, 91
Trd, 4319001.693, 86
Trd, 4319001.993, 105
Trd, 4319002.443, 97
Trd, 4319002.743, 114
Trd, 4319003.193, 87
Trd, 4319004.443, 103
Trd, 4319008.593, 89
Trd, 4319008.993, 104
Trd, 4319010.293, 93
Trd, 4319011.893, 88
Trd, 4319013.293, 93
Trd, 4319015.143, 90
Trd, 4319015.193, 88
Trd, 4319015.393, 92
Trd, 4319016.293, 86
Trd, 4319017.393, 95
Trd, 4319018.893, 91
Trd, 4319020.693, 105
Trd, 4319021.243, 105
Trd, 4319021.843, 104
Trd, 4319024.743, 100
Trd, 4319026.343, 95
Trd, 4319026.843, 86
Trd, 4319028.743, 98
Trd, 4319030.543, 94
Trd, 4319031.243, 93
Trd, 4319031.743, 93
Trd, 4319032.743, 95
Trd, 4319034.093, 93
Trd, 4319035.793, 88
Trd, 4319037.093, 91
Trd, 4319037.393, 94
Trd, 4319038.243, 104
Trd, 4319039.343, 88
Trd, 4319042.893, 90
Trd, 4319043.593, 90
Trd, 4319045.443, 89
Trd, 4319045.793, 89
Trd, 4319045.993, 88
Trd, 4319048.943, 79
Trd, 4319050.293, 90
Trd, 4319050.543, 95
Trd, 4319051.743, 104
Trd, 4319053.643, 95
Trd, 4319054.393, 90
Trd, 4319055.043, 91
Trd, 4319055.393, 92
Trd, 4319059.393, 91
Trd, 4319059.893, 92
Trd, 4319060.743, 90
Trd, 4319063.093, 91
Trd, 4319063.543, 104
Trd, 4319063.893, 91
Trd, 4319064.993, 95
Trd, 4319066.643, 94
Trd, 4319067.343, 95
Trd, 4319069.343, 102
Trd, 4319069.693, 98
Trd, 4319071.393, 96
Trd, 4319072.993, 98
Trd, 4319074.143, 98
Trd, 4319075.843, 97
Trd, 4319077.093, 96
Trd, 4319078.543, 96
Trd, 4319078.693, 97
Trd, 4319080.743, 96
Trd, 4319080.893, 97
Trd, 4319081.793, 94
Trd, 4319082.443, 97
Trd, 4319083.793, 86
Trd, 4319086.443, 97
Trd, 4319087.343, 103
Trd, 4319087.693, 100
Trd, 4319088.493, 95
Trd, 4319089.843, 96
Trd, 4319090.793, 87
Trd, 4319091.743, 92
Trd, 4319094.643, 91
Trd, 4319095.143, 88
Trd, 4319095.393, 95
Trd, 4319095.843, 86
Trd, 4319095.943, 104
Trd, 4319096.943, 88
Trd, 4319099.843, 96
Trd, 4319101.643, 92
Trd, 4319102.643, 93
Trd, 4319103.593, 93
Trd, 4319103.993, 94
Trd, 4319105.743, 94
Trd, 4319106.743, 92
Trd, 4319108.343, 95
Trd, 4319109.443, 95
Trd, 4319112.343, 94
Trd, 4319113.043, 95
Trd, 4319114.443, 94
Trd, 4319117.293, 92
Trd, 4319117.693, 91
Trd, 4319118.193, 93
Trd, 4319118.493, 94
Trd, 4319119.043, 90
Trd, 4319120.443, 97
Trd, 4319120.743, 104
Trd, 4319122.243, 88
Trd, 4319123.293, 95
Trd, 4319124.893, 91
Trd, 4319125.693, 95
Trd, 4319125.743, 104
Trd, 4319126.043, 115
Trd, 4319127.343, 92
Trd, 4319130.793, 94
Trd, 4319130.943, 101
Trd, 4319131.743, 93
Trd, 4319135.193, 100
Trd, 4319137.793, 96
Trd, 4319138.643, 101
Trd, 4319140.193, 101
Trd, 4319141.643, 101
Trd, 4319142.543, 98
Trd, 4319143.943, 101
Trd, 4319145.943, 100
Trd, 4319146.193, 97
Trd, 4319147.943, 95
Trd, 4319148.643, 99
Trd, 4319152.043, 94
Trd, 4319152.493, 99
Trd, 4319154.493, 99
Trd, 4319155.693, 99
Trd, 4319156.243, 99
Trd, 4319156.593, 94
Trd, 4319156.643, 93
Trd, 4319157.043, 86
Trd, 4319159.243, 91
Trd, 4319161.943, 99
Trd, 4319163.093, 92
Trd, 4319163.343, 99
Trd, 4319163.793, 91
Trd, 4319167.293, 93
Trd, 4319167.993, 99
Trd, 4319168.693, 93
Trd, 4319170.093, 99
Trd, 4319170.693, 99
Trd, 4319172.493, 95
Trd, 4319172.693, 98
Trd, 4319172.843, 99
Trd, 4319174.193, 94
Trd, 4319176.193, 93
Trd, 4319176.893, 94
Trd, 4319178.343, 96
Trd, 4319179.643, 95
Trd, 4319180.443, 94
Trd, 4319180.593, 92
Trd, 4319182.943, 95
Trd, 4319183.093, 92
Trd, 4319184.743, 93
Trd, 4319184.843, 92
Trd, 4319185.043, 86
Trd, 4319187.643, 96
Trd, 4319189.143, 96
Trd, 4319190.843, 96
Trd, 4319190.943, 84
Trd, 4319191.143, 94
Trd, 4319194.443, 92
Trd, 4319195.743, 94
Trd, 4319196.143, 95
Trd, 4319197.693, 93
Trd, 4319198.743, 95
Trd, 4319198.793, 92
Trd, 4319201.593, 95
Trd, 4319201.893, 104
Trd, 4319202.443, 84
Trd, 4319203.743, 88
Trd, 4319205.843, 88
Trd, 4319206.093, 86
Trd, 4319207.393, 85
Trd, 4319209.493, 84
Trd, 4319209.543, 86
Trd, 4319210.193, 95
Trd, 4319211.893, 104
Trd, 4319212.143, 88
Trd, 4319214.893, 94
Trd, 4319215.743, 94
Trd, 4319215.793, 95
Trd, 4319216.843, 93
Trd, 4319217.793, 92
Trd, 4319221.093, 93
Trd, 4319221.393, 91
Trd, 4319222.643, 95
Trd, 4319223.693, 104
Trd, 4319224.593, 92
Trd, 4319226.693, 94
Trd, 4319227.443, 95
Trd, 4319227.743, 99
Trd, 4319229.043, 122
Trd, 4319229.093, 100
Trd, 4319230.143, 94
Trd, 4319230.743, 99
Trd, 4319233.943, 101
Trd, 4319234.393, 104
Trd, 4319236.843, 102
Trd, 4319238.093, 102
Trd, 4319239.043, 101
Trd, 4319239.593, 102
Trd, 4319239.743, 94
Trd, 4319243.543, 99
Trd, 4319243.743, 98
Trd, 4319244.243, 101
Trd, 4319246.293, 95
Trd, 4319247.043, 100
Trd, 4319248.043, 100
Trd, 4319249.443, 100
Trd, 4319249.643, 96
Trd, 4319249.693, 100
Trd, 4319251.593, 100
Trd, 4319253.943, 100
Trd, 4319254.543, 94
Trd, 4319254.793, 93
Trd, 4319257.593, 97
Trd, 4319258.693, 100
Trd, 4319258.743, 92
Trd, 4319259.493, 93
Trd, 4319261.043, 99
Trd, 4319265.543, 96
Trd, 4319266.043, 95
Trd, 4319267.493, 99
Trd, 4319267.793, 99
Trd, 4319269.643, 95
Trd, 4319269.943, 94
Trd, 4319269.993, 100
Trd, 4319271.093, 86
Trd, 4319272.743, 96
Trd, 4319275.443, 91
Trd, 4319275.843, 95
Trd, 4319277.043, 95
Trd, 4319277.393, 96
Trd, 4319277.643, 94
Trd, 4319280.593, 89
Trd, 4319281.243, 90
Trd, 4319281.543, 91
Trd, 4319281.943, 90
Trd, 4319284.443, 92
Trd, 4319286.143, 95
Trd, 4319286.893, 91
Trd, 4319287.843, 95
Trd, 4319288.493, 92
Trd, 4319291.243, 95
Trd, 4319291.893, 95
Trd, 4319292.943, 93
Trd, 4319293.193, 95
Trd, 4319294.143, 116
Trd, 4319296.693, 92
Trd, 4319296.843, 92
Trd, 4319297.243, 99
Trd, 4319299.243, 97
Trd, 4319299.743, 92
Trd, 4319299.893, 91
Trd, 4319301.293, 93
Trd, 4319302.543, 91
Trd, 4319304.343, 93
Trd, 4319306.793, 93
Trd, 4319307.643, 95
Trd, 4319307.993, 91
Trd, 4319310.593, 95
Trd, 4319310.843, 91
Trd, 4319313.443, 95
Trd, 4319313.793, 95
Trd, 4319315.443, 94
Trd, 4319315.743, 93
Trd, 4319316.643, 95
Trd, 4319317.593, 94
Trd, 4319317.843, 95
Trd, 4319318.943, 96
Trd, 4319319.093, 104
Trd, 4319322.743, 94
Trd, 4319322.843, 94
Trd, 4319324.143, 97
Trd, 4319324.693, 96
Trd, 4319324.993, 93
Trd, 4319327.343, 97
Trd, 4319328.043, 97
Trd, 4319328.093, 93
Trd, 4319329.693, 94
Trd, 4319330.043, 76
Trd, 4319332.593, 91
Trd, 4319333.643, 87
Trd, 4319333.843, 91
Trd, 4319335.793, 95
Trd, 4319335.993, 104
Trd, 4319337.793, 99
Trd, 4319337.993, 90
Trd, 4319338.643, 99
Trd, 4319339.843, 94
Trd, 4319340.843, 93
Trd, 4319342.543, 96
Trd, 4319343.193, 97
Trd, 4319344.743, 86
Trd, 4319345.493, 95
Trd, 4319345.693, 91
Trd, 4319349.343, 90
Trd, 4319351.243, 93
Trd, 4319352.043, 90
Trd, 4319352.093, 95
Trd, 4319354.643, 92
Trd, 4319355.343, 95
Trd, 4319355.393, 95
Trd, 4319356.293, 86
Trd, 4319357.693, 95
Trd, 4319358.293, 122
Trd, 4319361.443, 95
Trd, 4319361.893, 100
Trd, 4319363.893, 95
Trd, 4319365.143, 98
Trd, 4319366.293, 94
Trd, 4319369.143, 96
Trd, 4319370.193, 98
Trd, 4319370.543, 115
Trd, 4319372.093, 95
Trd, 4319373.843, 101
Trd, 4319376.143, 101
Trd, 4319376.743, 95
Trd, 4319378.393, 94
Trd, 4319381.543, 93
Trd, 4319381.993, 101
Trd, 4319382.943, 89
Trd, 4319383.243, 98
Trd, 4319385.993, 98
Trd, 4319388.793, 94
Trd, 4319389.443, 96
Trd, 4319389.643, 93
Trd, 4319389.943, 96
Trd, 4319390.743, 92
Trd, 4319391.393, 87
Trd, 4319394.793, 89
Trd, 4319395.093, 89
Trd, 4319395.893, 86
Trd, 4319395.993, 86
Trd, 4319403.293, 90
Trd, 4319403.743, 89
Trd, 4319404.193, 89
Trd, 4319404.843, 88
Trd, 4319405.343, 86
Trd, 4319406.543, 90
Trd, 4319406.693, 86
Trd, 4319407.893, 91
Trd, 4319409.343, 96
Trd, 4319410.043, 86
Trd, 4319411.943, 95
Trd, 4319412.943, 93
Trd, 4319413.643, 94
Trd, 4319414.293, 100
Trd, 4319415.443, 104
Trd, 4319417.693, 96
Trd, 4319418.543, 95
Trd, 4319419.243, 97
Trd, 4319419.743, 95
Trd, 4319420.343, 94
Trd, 4319421.093, 108
Trd, 4319422.393, 121
Trd, 4319423.543, 109
Trd, 4319425.193, 102
Trd, 4319425.543, 101
Trd, 4319425.643, 105
Trd, 4319428.943, 105
Trd, 4319430.793, 104
Trd, 4319430.943, 105
Trd, 4319432.393, 102
Trd, 4319432.443, 94
Trd, 4319432.643, 105
Trd, 4319435.343, 95
Trd, 4319436.793, 105
Trd, 4319438.843, 97
Trd, 4319438.943, 103
Trd, 4319442.543, 103
Trd, 4319443.293, 103
Trd, 4319444.693, 96
Trd, 4319445.343, 101
Trd, 4319446.443, 100
Trd, 4319446.743, 95
Trd, 4319448.493, 103
Trd, 4319448.993, 98
Trd, 4319449.693, 122
Trd, 4319451.543, 102
Trd, 4319453.093, 94
Trd, 4319454.493, 95
Trd, 4319455.443, 95
Trd, 4319455.893, 102
Trd, 4319457.643, 91
Trd, 4319459.643, 98
Trd, 4319459.893, 93
Trd, 4319461.443, 97
Trd, 4319462.993, 94
Trd, 4319464.743, 97
Trd, 4319466.493, 93
Trd, 4319466.593, 104
Trd, 4319466.693, 114
Trd, 4319467.693, 93
Trd, 4319469.693, 98
Trd, 4319469.993, 98
Trd, 4319470.343, 93
Trd, 4319471.643, 93
Trd, 4319474.643, 99
Trd, 4319474.693, 99
Trd, 4319475.743, 94
Trd, 4319477.243, 96
Trd, 4319478.193, 97
Trd, 4319478.643, 97
Trd, 4319479.293, 123
Trd, 4319479.493, 94
Trd, 4319482.443, 93
Trd, 4319483.243, 94
Trd, 4319484.443, 96
Trd, 4319485.043, 99
Trd, 4319486.843, 97
Trd, 4319486.893, 95
Trd, 4319487.143, 138
Trd, 4319489.093, 94
Trd, 4319490.393, 105
Trd, 4319491.393, 94
Trd, 4319492.743, 88
Trd, 4319495.093, 91
Trd, 4319495.693, 94
Trd, 4319496.143, 95
Trd, 4319498.943, 91
Trd, 4319499.293, 94
Trd, 4319500.643, 95
Trd, 4319500.943, 93
Trd, 4319502.343, 97
Trd, 4319503.043, 96
Trd, 4319503.843, 97
Trd, 4319504.493, 106
Trd, 4319508.993, 97
Trd, 4319509.143, 100
Trd, 4319509.293, 100
Trd, 4319509.993, 94
Trd, 4319511.093, 104
Trd, 4319511.593, 120
Trd, 4319512.743, 94
Trd, 4319513.893, 105
Trd, 4319516.593, 94
Trd, 4319517.343, 94
Trd, 4319518.243, 99
Trd, 4319519.843, 99
Trd, 4319521.443, 98
Trd, 4319522.043, 96
Trd, 4319523.293, 96
Trd, 4319524.593, 98
Trd, 4319526.393, 96
Trd, 4319527.143, 98
Trd, 4319527.343, 106
Trd, 4319530.243, 97
Trd, 4319535.643, 99
Trd, 4319535.743, 97
Trd, 4319535.893, 94
Trd, 4319536.843, 99
Trd, 4319536.893, 100
Trd, 4319540.443, 95
Trd, 4319541.393, 94
Trd, 4319542.093, 87
Trd, 4319542.543, 95
Trd, 4319542.643, 86
Trd, 4319543.693, 92
Trd, 4319543.943, 95
Trd, 4319546.993, 95
Trd, 4319547.843, 93
Trd, 4319550.093, 95
Trd, 4319551.443, 96
Trd, 4319552.293, 97
Trd, 4319553.293, 104
Trd, 4319554.543, 97
Trd, 4319555.243, 99
Trd, 4319555.443, 94
Trd, 4319556.093, 99
Trd, 4319561.443, 94
Trd, 4319561.793, 95
Trd, 4319562.643, 95
Trd, 4319562.843, 93
Trd, 4319564.193, 95
Trd, 4319565.143, 95
Trd, 4319565.593, 96
Trd, 4319565.843, 92
Trd, 4319566.893, 92
Trd, 4319567.543, 96
Trd, 4319567.893, 96
Trd, 4319568.093, 104
Trd, 4319568.593, 92
Trd, 4319570.793, 85
Trd, 4319571.643, 83
Trd, 4319572.343, 77
Trd, 4319574.193, 88
Trd, 4319575.093, 86
Trd, 4319577.643, 90
Trd, 4319577.943, 88
Trd, 4319578.243, 89
Trd, 4319579.943, 95
Trd, 4319580.693, 104
Trd, 4319581.493, 91
Trd, 4319581.643, 90
Trd, 4319586.343, 104
Trd, 4319587.293, 97
Trd, 4319587.643, 91
Trd, 4319588.393, 90
Trd, 4319588.643, 96
Trd, 4319589.243, 89
Trd, 4319591.843, 93
Trd, 4319592.743, 90
Trd, 4319593.293, 89
Trd, 4319595.543, 98
Trd, 4319596.443, 95
Trd, 4319598.293, 95
Trd, 4319599.793, 92
Trd, 4319600.443, 95
Trd, 4319601.943, 94
Trd, 4319602.893, 91
Trd, 4319602.943, 95
Trd, 4319605.843, 90
Trd, 4319606.093, 95
Trd, 4319607.593, 95
Trd, 4319607.693, 90
Trd, 4319609.243, 104
Trd, 4319611.393, 93
Trd, 4319611.493, 93
Trd, 4319612.343, 111
Trd, 4319613.693, 97
Trd, 4319615.243, 90
Trd, 4319615.943, 97
Trd, 4319617.293, 96
Trd, 4319618.643, 93
Trd, 4319619.293, 97
Trd, 4319621.743, 96
Trd, 4319622.643, 97
Trd, 4319623.643, 97
Trd, 4319624.243, 97
Trd, 4319624.893, 95
Trd, 4319625.943, 98
Trd, 4319627.393, 86
Trd, 4319628.343, 77
Trd, 4319629.343, 82
Trd, 4319632.093, 87
Trd, 4319632.843, 90
Trd, 4319633.393, 88
Trd, 4319635.243, 88
Trd, 4319635.993, 89
Trd, 4319637.043, 90
Trd, 4319637.993, 96
Trd, 4319638.493, 88
Trd, 4319641.093, 87
Trd, 4319641.293, 94
Trd, 4319642.093, 96
Trd, 4319644.593, 89
Trd, 4319647.293, 90
Trd, 4319648.893, 88
Trd, 4319649.543, 89
Trd, 4319652.343, 91
Trd, 4319653.243, 95
Trd, 4319653.343, 89
Trd, 4319654.093, 94
Trd, 4319655.643, 104
Trd, 4319656.193, 113
Trd, 4319657.593, 101
Trd, 4319658.193, 96
Trd, 4319659.743, 101
Trd, 4319660.143, 95
Trd, 4319660.543, 104
Trd, 4319661.643, 94
Trd, 4319664.943, 96
Trd, 4319668.843, 97
Trd, 4319668.943, 99
Trd, 4319669.193, 98
Trd, 4319671.293, 104
Trd, 4319673.043, 99
Trd, 4319673.143, 101
Trd, 4319673.243, 97
Trd, 4319674.393, 101
Trd, 4319674.893, 104
Trd, 4319674.993, 97
Trd, 4319675.793, 95
Trd, 4319676.193, 94
Trd, 4319678.793, 95
Trd, 4319680.093, 91
Trd, 4319681.293, 92
Trd, 4319681.443, 101
Trd, 4319683.193, 104
Trd, 4319683.943, 91
Trd, 4319685.793, 86
Trd, 4319687.443, 92
Trd, 4319688.893, 88
Trd, 4319689.893, 91
Trd, 4319690.743, 87
Trd, 4319691.343, 96
Trd, 4319691.793, 90
Trd, 4319694.893, 91
Trd, 4319694.943, 92
Trd, 4319695.843, 104
Trd, 4319697.943, 99
Trd, 4319698.093, 83
Trd, 4319699.843, 96
Trd, 4319700.143, 98
Trd, 4319700.793, 93
Trd, 4319703.243, 94
Trd, 4319704.843, 95
Trd, 4319708.193, 95
Trd, 4319709.243, 95
Trd, 4319710.393, 94
Trd, 4319711.993, 96
Trd, 4319712.693, 95
Trd, 4319712.943, 93
Trd, 4319714.043, 95
Trd, 4319715.493, 95
Trd, 4319716.593, 95
Trd, 4319716.993, 95
Trd, 4319718.643, 104
Trd, 4319718.893, 94
Trd, 4319719.793, 98
Trd, 4319721.793, 97
Trd, 4319722.193, 96
Trd, 4319724.193, 95
Trd, 4319724.643, 104
Trd, 4319725.093, 100
Trd, 4319725.693, 117
Trd, 4319725.793, 96
Trd, 4319725.993, 94
Trd, 4319727.493, 86
Trd, 4319729.693, 90
Trd, 4319731.243, 89
Trd, 4319731.693, 92
Trd, 4319732.443, 89
Trd, 4319732.643, 96
Trd, 4319734.893, 94
Trd, 4319735.493, 90
Trd, 4319736.893, 95
Trd, 4319739.543, 95
Trd, 4319739.693, 92
Trd, 4319739.993, 94
Trd, 4319742.743, 94
Trd, 4319743.393, 94
Trd, 4319744.593, 95
Trd, 4319744.643, 94
Trd, 4319747.843, 95
Trd, 4319748.543, 96
Trd, 4319748.793, 94
Trd, 4319750.793, 92
Trd, 4319752.593, 95
Trd, 4319754.143, 94
Trd, 4319754.393, 95
Trd, 4319754.643, 93
Trd, 4319756.393, 95
Trd, 4319756.843, 93
Trd, 4319758.893, 89
Trd, 4319758.993, 91
Trd, 4319759.643, 91
Trd, 4319760.943, 88
Trd, 4319761.893, 95
Trd, 4319762.893, 89
Trd, 4319763.043, 84
Trd, 4319766.093, 90
Trd, 4319766.993, 95
Trd, 4319769.743, 91
Trd, 4319770.943, 94
Trd, 4319771.843, 90
Trd, 4319773.043, 94
Trd, 4319773.543, 95
Trd, 4319775.343, 89
Trd, 4319776.193, 94
Trd, 4319776.343, 89
Trd, 4319777.393, 88
Trd, 4319778.693, 87
Trd, 4319779.193, 92
Trd, 4319779.943, 93
Trd, 4319784.793, 92
Trd, 4319785.393, 90
Trd, 4319785.893, 89
Trd, 4319785.943, 92
Trd, 4319786.193, 95
Trd, 4319787.993, 88
Trd, 4319788.443, 94
Trd, 4319788.843, 95
Trd, 4319789.793, 94
Trd, 4319791.143, 88
Trd, 4319795.093, 88
Trd, 4319795.243, 95
Trd, 4319796.593, 89
Trd, 4319797.593, 95
Trd, 4319798.643, 94
Trd, 4319799.893, 92
Trd, 4319802.493, 88
Trd, 4319803.293, 88
Trd, 4319804.493, 87
Trd, 4319807.343, 92
Trd, 4319809.943, 92
Trd, 4319810.443, 91
Trd, 4319811.343, 93
Trd, 4319812.343, 71
Trd, 4319812.393, 83
Trd, 4319813.593, 80
Trd, 4319814.993, 80
Trd, 4319817.593, 83
Trd, 4319819.243, 86
Trd, 4319819.543, 85
Trd, 4319819.593, 92
Trd, 4319822.543, 95
Trd, 4319824.043, 89
Trd, 4319824.243, 91
Trd, 4319825.493, 88
Trd, 4319826.643, 117
Trd, 4319829.743, 94
Trd, 4319830.243, 95
Trd, 4319831.193, 93
Trd, 4319831.393, 88
Trd, 4319833.493, 93
Trd, 4319834.493, 101
Trd, 4319835.643, 95
Trd, 4319835.943, 96
Trd, 4319836.293, 113
Trd, 4319837.793, 94
Trd, 4319842.593, 95
Trd, 4319842.693, 85
Trd, 4319843.343, 96
Trd, 4319843.893, 96
Trd, 4319845.393, 96
Trd, 4319845.543, 94
Trd, 4319846.493, 95
Trd, 4319848.943, 92
Trd, 4319849.793, 95
Trd, 4319851.293, 90
Trd, 4319852.893, 95
Trd, 4319854.293, 96
Trd, 4319854.943, 104
Trd, 4319856.693, 96
Trd, 4319856.993, 92
Trd, 4319859.593, 97
Trd, 4319860.193, 97
Trd, 4319861.343, 96
Trd, 4319861.393, 97
Trd, 4319863.243, 95
Trd, 4319864.643, 97
Trd, 4319866.443, 97
Trd, 4319866.693, 94
Trd, 4319867.193, 86
Trd, 4319867.293, 98
Trd, 4319867.893, 113
Trd, 4319868.093, 123
Trd, 4319869.743, 105
Trd, 4319870.293, 91
Trd, 4319871.643, 86
Trd, 4319873.393, 100
Trd, 4319874.043, 98
Trd, 4319875.043, 95
Trd, 4319876.693, 98
Trd, 4319876.793, 97
Trd, 4319876.993, 94
Trd, 4319877.143, 105
Trd, 4319877.543, 119
Trd, 4319879.993, 107
Trd, 4319880.843, 93
Trd, 4319881.593, 106
Trd, 4319882.643, 92
Trd, 4319884.093, 103
Trd, 4319884.893, 94
Trd, 4319887.443, 101
Trd, 4319887.843, 96
Trd, 4319887.943, 101
Trd, 4319890.743, 95
Trd, 4319891.143, 98
Trd, 4319891.693, 100
Trd, 4319893.743, 95
Trd, 4319895.243, 99
Trd, 4319895.743, 94
Trd, 4319896.343, 99
Trd, 4319896.393, 104
Trd, 4319897.293, 100
Trd, 4319898.243, 94
Trd, 4319900.143, 99
Trd, 4319901.243, 98
Trd, 4319902.543, 95
Trd, 4319902.643, 99
Trd, 4319903.743, 99
Trd, 4319907.443, 97
Trd, 4319908.393, 96
Trd, 4319908.843, 93
Trd, 4319910.543, 86
Trd, 4319911.093, 91
Trd, 4319912.043, 90
Trd, 4319912.743, 95
Trd, 4319913.643, 85
Trd, 4319913.743, 104
Trd, 4319915.493, 91
Trd, 4319915.943, 123
Trd, 4319916.243, 89
Trd, 4319917.793, 95
Trd, 4319922.043, 97
Trd, 4319922.343, 93
Trd, 4319923.743, 98
Trd, 4319924.093, 100
Trd, 4319924.593, 104
Trd, 4319929.343, 98
Trd, 4319930.293, 96
Trd, 4319930.643, 100
Trd, 4319931.493, 100
Trd, 4319931.543, 94
Trd, 4319933.143, 87
Trd, 4319934.243, 90
Trd, 4319937.293, 92
Trd, 4319937.543, 95
Trd, 4319938.043, 93
Trd, 4319939.043, 104
Trd, 4319939.193, 91
Trd, 4319940.243, 92
Trd, 4319941.743, 104
Trd, 4319942.343, 86
Trd, 4319943.743, 83
Trd, 4319944.893, 87
Trd, 4319945.243, 76
Trd, 4319946.043, 96
Trd, 4319947.593, 88
Trd, 4319948.043, 86
Trd, 4319950.543, 85
Trd, 4319952.093, 86
Trd, 4319953.293, 87
Trd, 4319954.043, 88
Trd, 4319955.993, 96
Trd, 4319957.343, 89
Trd, 4319958.343, 90
Trd, 4319960.543, 90
Trd, 4319960.593, 104
Trd, 4319960.893, 104
Trd, 4319961.093, 88
Trd, 4319961.193, 113
Trd, 4319963.343, 87
Trd, 4319963.793, 122
Trd, 4319966.293, 99
Trd, 4319966.993, 95
Trd, 4319968.093, 94
Trd, 4319968.993, 99
Trd, 4319971.693, 99
Trd, 4319972.893, 100
Trd, 4319974.643, 104
Trd, 4319975.443, 103
Trd, 4319975.493, 96
Trd, 4319976.093, 95
Trd, 4319978.493, 87
Trd, 4319980.893, 99
Trd, 4319981.093, 100
Trd, 4319981.393, 93
Trd, 4319982.093, 99
Trd, 4319984.593, 95
Trd, 4319985.943, 96
Trd, 4319987.493, 97
Trd, 4319989.343, 96
Trd, 4319991.243, 97
Trd, 4319992.343, 97
Trd, 4319992.593, 95
Trd, 4319994.043, 93
Trd, 4319996.743, 112
Trd, 4319997.143, 122
Trd, 4319999.393, 104
