Trd, 4317850.393, 94
Trd, 4317851.593, 93
Trd, 4317852.643, 95
Trd, 4317854.043, 90
Trd, 4317854.243, 92
Trd, 4317854.943, 104
Trd, 4317855.493, 90
Trd, 4317857.743, 95
Trd, 4317858.893, 95
Trd, 4317859.293, 95
Trd, 4317863.593, 96
Trd, 4317863.743, 88
Trd, 4317866.843, 87
Trd, 4317867.293, 93
Trd, 4317870.943, 88
Trd, 4317871.093, 86
Trd, 4317873.043, 87
Trd, 4317873.143, 89
Trd, 4317876.943, 88
Trd, 4317878.193, 87
Trd, 4317878.393, 85
Trd, 4317881.543, 86
Trd, 4317881.993, 85
Trd, 4317882.493, 95
Trd, 4317885.243, 84
Trd, 4317885.843, 86
Trd, 4317888.293, 86
Trd, 4317889.943, 85
Trd, 4317890.693, 89
Trd, 4317890.743, 101
Trd, 4317894.193, 91
Trd, 4317898.143, 90
Trd, 4317899.443, 92
Trd, 4317900.443, 93
Trd, 4317900.543, 95
Trd, 4317903.893, 89
Trd, 4317904.543, 89
Trd, 4317905.543, 91
Trd, 4317907.193, 103
Trd, 4317909.393, 89
Trd, 4317911.493, 94
Trd, 4317913.993, 94
Trd, 4317914.843, 89
Trd, 4317918.643, 94
Trd, 4317919.343, 89
Trd, 4317919.393, 95
Trd, 4317921.093, 93
Trd, 4317922.443, 89
Trd, 4317923.293, 89
Trd, 4317923.393, 91
Trd, 4317923.743, 120
Trd, 4317927.293, 96
Trd, 4317927.443, 96
Trd, 4317927.743, 88
Trd, 4317930.393, 96
Trd, 4317933.493, 89
Trd, 4317935.093, 91
Trd, 4317936.793, 90
Trd, 4317937.243, 88
Trd, 4317939.793, 88
Trd, 4317941.843, 87
Trd, 4317942.693, 87
Trd, 4317943.293, 88
Trd, 4317944.343, 95
Trd, 4317947.143, 88
Trd, 4317947.193, 86
Trd, 4317947.893, 86
Trd, 4317950.543, 87
Trd, 4317951.093, 86
Trd, 4317954.093, 103
Trd, 4317954.793, 104
Trd, 4317956.343, 99
Trd, 4317956.643, 103
Trd, 4317957.193, 122
Trd, 4317957.243, 93
Trd, 4317957.393, 128
Trd, 4317961.043, 93
Trd, 4317961.793, 85
Trd, 4317962.943, 101
Trd, 4317964.043, 89
Trd, 4317964.843, 101
Trd, 4317964.893, 85
Trd, 4317967.143, 101
Trd, 4317967.643, 92
Trd, 4317972.493, 95
Trd, 4317973.743, 99
Trd, 4317974.543, 96
Trd, 4317975.993, 94
Trd, 4317976.593, 93
Trd, 4317977.893, 92
Trd, 4317978.393, 92
Trd, 4317979.793, 93
Trd, 4317980.843, 94
Trd, 4317982.243, 91
Trd, 4317982.793, 103
Trd, 4317986.693, 92
Trd, 4317987.793, 91
Trd, 4317990.143, 90
Trd, 4317990.443, 91
Trd, 4317991.793, 95
Trd, 4317992.593, 92
Trd, 4317993.843, 92
Trd, 4317994.093, 91
Trd, 4317997.443, 92
Trd, 4317998.743, 90
Trd, 4318000.343, 90
Trd, 4318001.593, 92
Trd, 4318002.993, 90
Trd, 4318003.443, 92
Trd, 4318003.693, 92
Trd, 4318006.543, 92
Trd, 4318009.743, 91
Trd, 4318011.293, 92
Trd, 4318012.493, 90
Trd, 4318014.343, 89
Trd, 4318014.793, 89
Trd, 4318014.943, 95
Trd, 4318015.043, 105
Trd, 4318016.593, 94
Trd, 4318017.543, 95
Trd, 4318017.793, 95
Trd, 4318019.343, 95
Trd, 4318020.093, 93
Trd, 4318021.743, 101
Trd, 4318022.893, 98
Trd, 4318022.943, 96
Trd, 4318025.893, 95
Trd, 4318026.193, 95
Trd, 4318029.043, 95
Trd, 4318030.443, 104
Trd, 4318032.243, 94
Trd, 4318032.593, 98
Trd, 4318033.993, 96
Trd, 4318036.993, 97
Trd, 4318039.493, 94
Trd, 4318042.143, 95
Trd, 4318042.243, 93
Trd, 4318042.343, 95
Trd, 4318043.443, 96
Trd, 4318044.743, 91
Trd, 4318045.243, 96
Trd, 4318048.543, 90
Trd, 4318049.143, 89
Trd, 4318050.743, 85
Trd, 4318051.743, 89
Trd, 4318052.293, 87
Trd, 4318053.643, 97
Trd, 4318056.143, 99
Trd, 4318057.343, 96
Trd, 4318057.743, 100
Trd, 4318057.943, 94
Trd, 4318061.893, 96
Trd, 4318063.193, 95
Trd, 4318063.293, 85
Trd, 4318065.593, 91
Trd, 4318065.993, 94
Trd, 4318067.493, 95
Trd, 4318068.043, 95
Trd, 4318069.643, 92
Trd, 4318070.793, 96
Trd, 4318071.643, 102
Trd, 4318073.843, 94
Trd, 4318073.943, 95
Trd, 4318074.043, 95
Trd, 4318074.443, 92
Trd, 4318080.393, 94
Trd, 4318080.643, 95
Trd, 4318082.943, 92
Trd, 4318084.693, 91
Trd, 4318085.093, 91
Trd, 4318085.443, 90
Trd, 4318086.093, 91
Trd, 4318087.093, 118
Trd, 4318090.343, 94
Trd, 4318092.493, 93
Trd, 4318094.893, 89
Trd, 4318097.293, 91
Trd, 4318097.343, 89
Trd, 4318097.843, 91
Trd, 4318097.993, 89
Trd, 4318100.793, 88
Trd, 4318100.943, 102
Trd, 4318102.943, 97
Trd, 4318104.093, 96
Trd, 4318104.543, 94
Trd, 4318104.593, 84
Trd, 4318108.493, 101
Trd, 4318109.493, 96
Trd, 4318112.443, 95
Trd, 4318113.393, 93
Trd, 4318113.443, 93
Trd, 4318113.743, 95
Trd, 4318116.343, 93
Trd, 4318118.643, 92
Trd, 4318118.693, 93
Trd, 4318119.343, 94
Trd, 4318120.943, 92
Trd, 4318121.343, 92
Trd, 4318121.543, 104
Trd, 4318124.843, 94
Trd, 4318126.243, 94
Trd, 4318128.543, 91
Trd, 4318128.943, 94
Trd, 4318131.043, 91
Trd, 4318134.043, 91
Trd, 4318134.943, 90
Trd, 4318135.593, 90
Trd, 4318136.893, 89
Trd, 4318138.343, 89
Trd, 4318139.543, 102
Trd, 4318139.943, 92
Trd, 4318141.593, 95
Trd, 4318142.843, 96
Trd, 4318143.343, 94
Trd, 4318143.493, 113
Trd, 4318144.843, 94
Trd, 4318148.643, 98
Trd, 4318149.593, 96
Trd, 4318151.743, 93
Trd, 4318152.143, 95
Trd, 4318152.893, 95
Trd, 4318153.493, 97
Trd, 4318155.593, 95
Trd, 4318156.893, 94
Trd, 4318157.693, 93
Trd, 4318159.743, 94
Trd, 4318160.993, 95
Trd, 4318161.893, 91
Trd, 4318165.293, 94
Trd, 4318166.243, 93
Trd, 4318166.493, 93
Trd, 4318166.793, 91
Trd, 4318172.243, 90
Trd, 4318172.393, 92
Trd, 4318173.943, 89
Trd, 4318175.193, 89
Trd, 4318175.443, 95
Trd, 4318176.493, 103
Trd, 4318179.393, 95
Trd, 4318180.193, 88
Trd, 4318182.693, 87
Trd, 4318185.293, 95
Trd, 4318185.693, 92
Trd, 4318186.993, 92
Trd, 4318187.043, 86
Trd, 4318189.943, 91
Trd, 4318191.593, 91
Trd, 4318191.643, 95
Trd, 4318193.793, 89
Trd, 4318193.843, 100
Trd, 4318198.243, 88
Trd, 4318200.993, 92
Trd, 4318202.443, 87
Trd, 4318203.143, 90
Trd, 4318206.843, 86
Trd, 4318207.293, 87
Trd, 4318207.893, 95
Trd, 4318208.493, 114
Trd, 4318210.693, 85
Trd, 4318213.593, 89
Trd, 4318214.543, 90
Trd, 4318214.593, 89
Trd, 4318215.843, 93
Trd, 4318219.293, 92
Trd, 4318220.993, 91
Trd, 4318221.593, 88
Trd, 4318222.143, 92
Trd, 4318223.493, 91
Trd, 4318225.743, 88
Trd, 4318226.193, 91
Trd, 4318226.343, 87
Trd, 4318230.493, 89
Trd, 4318230.643, 87
Trd, 4318232.443, 86
Trd, 4318233.493, 85
Trd, 4318233.943, 106
Trd, 4318235.143, 91
Trd, 4318239.093, 92
Trd, 4318240.543, 87
Trd, 4318240.893, 94
Trd, 4318242.993, 90
Trd, 4318245.193, 86
Trd, 4318245.843, 88
Trd, 4318246.643, 88
Trd, 4318250.543, 88
Trd, 4318253.143, 86
Trd, 4318253.243, 85
Trd, 4318253.943, 85
Trd, 4318254.393, 87
Trd, 4318256.443, 87
Trd, 4318256.943, 87
Trd, 4318258.993, 104
Trd, 4318260.143, 93
Trd, 4318260.893, 91
Trd, 4318261.893, 92
Trd, 4318263.093, 92
Trd, 4318263.543, 104
Trd, 4318266.093, 90
Trd, 4318267.993, 95
Trd, 4318269.393, 89
Trd, 4318273.893, 91
Trd, 4318274.293, 89
Trd, 4318275.843, 89
Trd, 4318276.493, 91
Trd, 4318277.543, 91
Trd, 4318280.193, 88
Trd, 4318281.093, 89
Trd, 4318283.193, 88
Trd, 4318284.293, 89
Trd, 4318285.593, 89
Trd, 4318288.293, 90
Trd, 4318289.343, 87
Trd, 4318289.743, 87
Trd, 4318292.043, 88
Trd, 4318293.343, 87
Trd, 4318293.643, 102
Trd, 4318293.793, 86
Trd, 4318297.993, 91
Trd, 4318298.093, 89
Trd, 4318298.293, 95
Trd, 4318302.243, 92
Trd, 4318302.743, 93
Trd, 4318303.693, 95
Trd, 4318305.343, 94
Trd, 4318305.793, 92
Trd, 4318307.343, 90
Trd, 4318307.843, 91
Trd, 4318309.143, 89
Trd, 4318312.393, 90
Trd, 4318312.543, 95
Trd, 4318314.393, 88
Trd, 4318315.043, 93
Trd, 4318317.193, 92
Trd, 4318318.493, 90
Trd, 4318319.893, 89
Trd, 4318321.393, 87
Trd, 4318322.093, 102
Trd, 4318322.593, 90
Trd, 4318325.493, 94
Trd, 4318326.693, 100
Trd, 4318327.793, 92
Trd, 4318328.543, 99
Trd, 4318331.043, 91
Trd, 4318331.193, 95
Trd, 4318333.193, 93
Trd, 4318334.393, 104
Trd, 4318338.393, 90
Trd, 4318338.443, 92
Trd, 4318338.843, 90
Trd, 4318340.593, 91
Trd, 4318342.043, 90
Trd, 4318342.593, 91
Trd, 4318343.193, 90
Trd, 4318344.043, 95
Trd, 4318345.043, 89
Trd, 4318346.043, 88
Trd, 4318347.143, 92
Trd, 4318348.443, 92
Trd, 4318350.593, 88
Trd, 4318350.793, 90
Trd, 4318351.543, 89
Trd, 4318353.443, 89
Trd, 4318355.343, 89
Trd, 4318355.843, 88
Trd, 4318356.493, 90
Trd, 4318357.243, 87
Trd, 4318360.643, 89
Trd, 4318363.193, 89
Trd, 4318363.343, 88
Trd, 4318363.443, 86
Trd, 4318363.993, 102
Trd, 4318364.743, 101
Trd, 4318369.243, 91
Trd, 4318370.393, 90
Trd, 4318372.943, 94
Trd, 4318373.443, 94
Trd, 4318376.393, 94
Trd, 4318376.693, 89
Trd, 4318378.593, 91
Trd, 4318378.743, 122
Trd, 4318379.443, 122
Trd, 4318380.093, 88
Trd, 4318381.843, 114
Trd, 4318385.643, 103
Trd, 4318385.793, 100
Trd, 4318385.943, 101
Trd, 4318389.343, 100
Trd, 4318389.393, 99
Trd, 4318389.643, 100
Trd, 4318390.393, 99
Trd, 4318391.193, 94
Trd, 4318394.243, 98
Trd, 4318395.443, 97
Trd, 4318396.243, 97
Trd, 4318397.393, 95
Trd, 4318399.243, 95
Trd, 4318401.293, 96
Trd, 4318402.493, 102
Trd, 4318403.693, 97
Trd, 4318404.193, 94
Trd, 4318405.443, 93
Trd, 4318406.843, 94
Trd, 4318408.293, 94
Trd, 4318409.443, 94
Trd, 4318409.843, 93
Trd, 4318410.943, 93
Trd, 4318411.943, 95
Trd, 4318412.743, 85
Trd, 4318414.843, 120
Trd, 4318415.293, 99
Trd, 4318415.593, 100
Trd, 4318420.993, 98
Trd, 4318421.143, 100
Trd, 4318421.793, 104
Trd, 4318424.843, 98
Trd, 4318425.543, 97
Trd, 4318425.743, 97
Trd, 4318429.093, 95
Trd, 4318429.993, 94
Trd, 4318430.593, 97
Trd, 4318431.943, 104
Trd, 4318433.393, 94
Trd, 4318433.893, 96
Trd, 4318435.293, 95
Trd, 4318436.243, 93
Trd, 4318437.043, 95
Trd, 4318437.243, 83
Trd, 4318441.493, 93
Trd, 4318441.893, 92
Trd, 4318442.593, 96
Trd, 4318442.793, 92
Trd, 4318445.793, 95
Trd, 4318446.543, 94
Trd, 4318450.693, 97
Trd, 4318451.443, 93
Trd, 4318453.843, 95
Trd, 4318456.093, 93
Trd, 4318457.093, 92
Trd, 4318457.593, 92
Trd, 4318457.693, 94
Trd, 4318459.443, 91
Trd, 4318460.043, 103
Trd, 4318461.293, 94
Trd, 4318462.393, 95
Trd, 4318465.393, 90
Trd, 4318466.393, 89
Trd, 4318466.743, 90
Trd, 4318466.843, 95
Trd, 4318469.243, 91
Trd, 4318469.543, 89
Trd, 4318470.993, 99
Trd, 4318472.143, 99
Trd, 4318474.193, 99
Trd, 4318475.343, 91
Trd, 4318475.593, 99
Trd, 4318478.893, 95
Trd, 4318479.743, 94
Trd, 4318481.443, 96
Trd, 4318481.793, 97
Trd, 4318482.743, 104
Trd, 4318483.893, 93
Trd, 4318484.043, 114
Trd, 4318487.293, 93
Trd, 4318488.943, 93
Trd, 4318489.993, 92
Trd, 4318490.793, 95
Trd, 4318491.443, 93
Trd, 4318492.493, 104
Trd, 4318493.943, 90
Trd, 4318494.793, 122
Trd, 4318496.593, 98
Trd, 4318498.393, 94
Trd, 4318499.693, 91
Trd, 4318500.593, 79
Trd, 4318501.643, 85
Trd, 4318502.493, 82
Trd, 4318504.093, 103
Trd, 4318506.343, 82
Trd, 4318506.593, 88
Trd, 4318507.343, 88
Trd, 4318509.043, 88
Trd, 4318511.743, 92
Trd, 4318513.543, 91
Trd, 4318513.793, 94
Trd, 4318515.093, 91
Trd, 4318515.743, 94
Trd, 4318519.193, 93
Trd, 4318519.543, 90
Trd, 4318519.593, 94
Trd, 4318523.143, 89
Trd, 4318524.943, 90
Trd, 4318526.493, 87
Trd, 4318526.793, 88
Trd, 4318529.693, 85
Trd, 4318530.393, 89
Trd, 4318532.193, 89
Trd, 4318532.293, 91
Trd, 4318533.143, 84
Trd, 4318534.743, 91
Trd, 4318537.943, 91
Trd, 4318540.143, 91
Trd, 4318541.293, 88
Trd, 4318544.093, 88
Trd, 4318544.243, 90
Trd, 4318545.143, 87
Trd, 4318545.943, 89
Trd, 4318546.443, 87
Trd, 4318546.943, 87
Trd, 4318549.893, 103
Trd, 4318550.693, 91
Trd, 4318552.743, 95
Trd, 4318554.543, 92
Trd, 4318555.593, 101
Trd, 4318555.993, 84
Trd, 4318556.593, 102
Trd, 4318558.343, 97
Trd, 4318559.243, 91
Trd, 4318560.093, 99
Trd, 4318560.893, 104
Trd, 4318563.493, 98
Trd, 4318566.243, 98
Trd, 4318566.393, 97
Trd, 4318567.143, 97
Trd, 4318568.293, 95
Trd, 4318569.243, 98
Trd, 4318569.493, 95
Trd, 4318571.543, 95
Trd, 4318571.643, 96
Trd, 4318573.243, 102
Trd, 4318573.793, 94
Trd, 4318577.993, 95
Trd, 4318579.093, 94
Trd, 4318580.093, 94
Trd, 4318580.743, 94
Trd, 4318581.193, 95
Trd, 4318584.443, 92
Trd, 4318584.643, 93
Trd, 4318585.243, 92
Trd, 4318586.843, 93
Trd, 4318590.093, 93
Trd, 4318591.043, 94
Trd, 4318594.243, 90
Trd, 4318596.093, 91
Trd, 4318596.193, 90
Trd, 4318596.543, 89
Trd, 4318597.743, 95
Trd, 4318598.043, 92
Trd, 4318598.593, 92
Trd, 4318599.193, 104
Trd, 4318601.393, 104
Trd, 4318601.843, 104
Trd, 4318603.593, 104
Trd, 4318605.593, 94
Trd, 4318606.943, 97
Trd, 4318608.393, 97
Trd, 4318609.543, 98
Trd, 4318610.243, 85
Trd, 4318613.493, 98
Trd, 4318613.743, 102
Trd, 4318613.843, 104
Trd, 4318615.593, 105
Trd, 4318615.693, 121
Trd, 4318618.393, 104
Trd, 4318618.743, 104
Trd, 4318619.293, 102
Trd, 4318620.293, 101
Trd, 4318621.543, 99
Trd, 4318621.943, 99
Trd, 4318625.043, 97
Trd, 4318625.643, 94
Trd, 4318626.393, 94
Trd, 4318626.993, 83
Trd, 4318629.143, 91
Trd, 4318631.393, 90
Trd, 4318631.743, 95
Trd, 4318632.993, 89
Trd, 4318633.093, 104
Trd, 4318634.793, 113
Trd, 4318636.543, 101
Trd, 4318638.293, 100
Trd, 4318638.543, 105
Trd, 4318640.093, 91
Trd, 4318640.543, 85
Trd, 4318641.093, 85
Trd, 4318642.843, 86
Trd, 4318643.693, 94
Trd, 4318646.393, 85
Trd, 4318648.743, 87
Trd, 4318648.943, 88
Trd, 4318650.093, 87
Trd, 4318651.443, 85
Trd, 4318653.743, 86
Trd, 4318656.193, 85
Trd, 4318657.193, 85
Trd, 4318658.543, 87
Trd, 4318658.993, 104
Trd, 4318659.493, 96
Trd, 4318662.293, 92
Trd, 4318662.793, 95
Trd, 4318663.293, 95
Trd, 4318663.443, 96
Trd, 4318665.943, 101
Trd, 4318667.043, 104
Trd, 4318668.393, 97
Trd, 4318670.243, 96
Trd, 4318670.593, 97
Trd, 4318673.243, 96
Trd, 4318674.143, 95
Trd, 4318675.593, 96
Trd, 4318676.943, 93
Trd, 4318680.743, 96
Trd, 4318681.293, 92
Trd, 4318682.293, 96
Trd, 4318685.393, 96
Trd, 4318685.893, 92
Trd, 4318686.543, 102
Trd, 4318688.893, 100
Trd, 4318690.143, 99
Trd, 4318693.693, 95
Trd, 4318693.993, 94
Trd, 4318694.743, 94
Trd, 4318695.593, 93
Trd, 4318696.843, 92
Trd, 4318697.843, 104
Trd, 4318698.543, 90
Trd, 4318699.893, 95
Trd, 4318700.843, 90
Trd, 4318702.893, 84
Trd, 4318704.343, 86
Trd, 4318704.393, 86
Trd, 4318704.643, 87
Trd, 4318707.643, 86
Trd, 4318709.093, 90
Trd, 4318710.893, 85
Trd, 4318714.293, 86
Trd, 4318714.693, 88
Trd, 4318715.643, 86
Trd, 4318715.843, 88
Trd, 4318716.993, 86
Trd, 4318717.043, 89
Trd, 4318718.093, 94
Trd, 4318719.943, 102
Trd, 4318723.043, 102
Trd, 4318723.693, 96
Trd, 4318723.943, 93
Trd, 4318728.543, 95
Trd, 4318730.693, 94
Trd, 4318730.993, 93
Trd, 4318731.393, 92
Trd, 4318731.793, 93
Trd, 4318733.443, 99
Trd, 4318735.493, 94
Trd, 4318736.543, 92
Trd, 4318739.343, 92
Trd, 4318739.893, 92
Trd, 4318739.943, 94
Trd, 4318740.343, 95
Trd, 4318745.043, 91
Trd, 4318745.243, 93
Trd, 4318746.843, 91
Trd, 4318747.443, 93
Trd, 4318749.343, 91
Trd, 4318751.043, 92
Trd, 4318752.493, 92
Trd, 4318752.593, 90
Trd, 4318753.643, 92
Trd, 4318753.843, 92
Trd, 4318755.443, 95
Trd, 4318759.393, 94
Trd, 4318760.693, 93
Trd, 4318761.343, 91
Trd, 4318765.243, 89
Trd, 4318765.993, 90
Trd, 4318766.343, 91
Trd, 4318768.643, 89
Trd, 4318768.843, 103
Trd, 4318769.943, 100
Trd, 4318770.393, 97
Trd, 4318771.543, 96
Trd, 4318771.843, 101
Trd, 4318774.643, 95
Trd, 4318775.343, 95
Trd, 4318775.993, 85
Trd, 4318776.493, 93
Trd, 4318777.793, 93
Trd, 4318779.493, 95
Trd, 4318779.593, 94
Trd, 4318781.593, 90
Trd, 4318784.593, 93
Trd, 4318785.093, 92
Trd, 4318785.693, 90
Trd, 4318791.093, 91
Trd, 4318791.193, 92
Trd, 4318791.543, 89
Trd, 4318794.393, 90
Trd, 4318794.443, 88
Trd, 4318797.143, 90
Trd, 4318800.243, 93
Trd, 4318800.993, 94
Trd, 4318801.393, 104
Trd, 4318801.993, 93
Trd, 4318805.493, 92
Trd, 4318806.393, 94
Trd, 4318806.893, 95
Trd, 4318808.493, 91
Trd, 4318809.693, 95
Trd, 4318812.093, 90
Trd, 4318812.143, 92
Trd, 4318812.243, 90
Trd, 4318814.493, 93
Trd, 4318816.893, 90
Trd, 4318817.393, 91
Trd, 4318817.843, 90
Trd, 4318819.593, 89
Trd, 4318820.543, 92
Trd, 4318821.843, 103
Trd, 4318822.093, 89
Trd, 4318823.843, 101
Trd, 4318824.393, 95
Trd, 4318826.693, 96
Trd, 4318827.143, 95
Trd, 4318830.243, 95
Trd, 4318830.293, 94
Trd, 4318832.543, 94
Trd, 4318833.043, 93
Trd, 4318834.443, 94
Trd, 4318834.493, 92
Trd, 4318836.043, 93
Trd, 4318840.043, 92
Trd, 4318842.743, 92
Trd, 4318843.093, 92
Trd, 4318845.943, 90
Trd, 4318846.743, 90
Trd, 4318846.793, 91
Trd, 4318847.693, 89
Trd, 4318848.043, 92
Trd, 4318848.393, 95
Trd, 4318849.493, 102
Trd, 4318852.643, 88
Trd, 4318855.493, 88
Trd, 4318855.643, 89
Trd, 4318857.093, 89
Trd, 4318857.343, 88
Trd, 4318859.143, 95
Trd, 4318859.343, 87
Trd, 4318861.493, 112
Trd, 4318863.093, 92
Trd, 4318864.493, 94
Trd, 4318865.593, 93
Trd, 4318866.193, 94
Trd, 4318868.443, 93
Trd, 4318869.743, 94
Trd, 4318871.043, 93
Trd, 4318871.543, 93
Trd, 4318873.593, 94
Trd, 4318873.743, 92
Trd, 4318876.943, 95
Trd, 4318878.293, 92
Trd, 4318878.593, 105
Trd, 4318879.393, 95
Trd, 4318879.493, 96
Trd, 4318881.893, 93
Trd, 4318882.143, 95
Trd, 4318884.443, 95
Trd, 4318885.943, 92
Trd, 4318886.443, 90
Trd, 4318886.593, 93
Trd, 4318888.343, 94
Trd, 4318892.543, 93
Trd, 4318892.943, 95
Trd, 4318894.943, 89
Trd, 4318895.643, 92
Trd, 4318895.793, 93
Trd, 4318897.793, 93
Trd, 4318898.493, 93
Trd, 4318898.943, 88
Trd, 4318900.693, 95
Trd, 4318903.293, 93
Trd, 4318903.793, 87
Trd, 4318907.143, 88
Trd, 4318907.393, 93
Trd, 4318910.393, 93
Trd, 4318911.843, 95
Trd, 4318915.543, 88
Trd, 4318916.043, 87
Trd, 4318916.343, 87
Trd, 4318917.043, 91
Trd, 4318919.293, 88
Trd, 4318919.643, 88
Trd, 4318921.093, 86
Trd, 4318922.793, 86
Trd, 4318923.993, 85
Trd, 4318924.993, 85
Trd, 4318927.443, 84
Trd, 4318927.743, 102
Trd, 4318927.793, 104
Trd, 4318930.593, 89
Trd, 4318933.693, 87
Trd, 4318933.893, 85
Trd, 4318934.593, 87
Trd, 4318936.293, 86
Trd, 4318936.643, 86
Trd, 4318938.993, 84
Trd, 4318941.093, 86
Trd, 4318944.243, 85
Trd, 4318944.843, 86
Trd, 4318947.743, 85
Trd, 4318947.943, 84
Trd, 4318948.043, 83
Trd, 4318948.793, 83
Trd, 4318950.343, 86
Trd, 4318951.843, 83
Trd, 4318954.293, 86
Trd, 4318954.593, 86
Trd, 4318958.043, 86
Trd, 4318960.143, 84
Trd, 4318960.443, 85
Trd, 4318962.443, 91
Trd, 4318966.043, 86
Trd, 4318966.343, 84
Trd, 4318966.493, 87
Trd, 4318966.943, 87
Trd, 4318968.993, 86
Trd, 4318971.193, 85
Trd, 4318971.393, 87
Trd, 4318971.793, 88
Trd, 4318975.593, 88
Trd, 4318977.443, 84
Trd, 4318978.043, 86
Trd, 4318979.793, 84
Trd, 4318981.293, 83
Trd, 4318981.493, 84
Trd, 4318981.543, 85
Trd, 4318983.943, 85
Trd, 4318986.093, 86
Trd, 4318988.593, 85
Trd, 4318988.943, 86
Trd, 4318989.043, 84
Trd, 4318989.093, 86
Trd, 4318993.593, 90
Trd, 4318993.843, 102
Trd, 4318995.393, 90
Trd, 4318995.993, 95
Trd, 4318998.143, 103
Trd, 4318999.293, 96
Trd, 4318999.693, 91
Trd, 4319001.693, 92
Trd, 4319002.543, 90
Trd, 4319002.943, 92
Trd, 4319003.543, 104
Trd, 4319007.793, 88
Trd, 4319009.093, 91
Trd, 4319010.143, 91
Trd, 4319010.493, 94
Trd, 4319014.193, 93
Trd, 4319015.093, 89
Trd, 4319016.143, 93
Trd, 4319018.593, 88
Trd, 4319019.043, 93
Trd, 4319020.893, 91
Trd, 4319024.393, 87
Trd, 4319024.593, 92
Trd, 4319026.593, 91
Trd, 4319027.093, 88
Trd, 4319029.693, 91
Trd, 4319030.293, 92
Trd, 4319030.843, 91
Trd, 4319031.093, 90
Trd, 4319033.343, 91
Trd, 4319034.543, 93
Trd, 4319034.693, 89
Trd, 4319038.443, 92
Trd, 4319040.743, 92
Trd, 4319041.893, 90
Trd, 4319043.643, 89
Trd, 4319046.043, 89
Trd, 4319046.143, 88
Trd, 4319046.543, 91
Trd, 4319048.443, 104
Trd, 4319051.243, 87
Trd, 4319051.893, 95
Trd, 4319053.693, 90
Trd, 4319054.493, 93
Trd, 4319055.043, 92
Trd, 4319060.143, 90
Trd, 4319060.443, 89
Trd, 4319061.793, 89
Trd, 4319062.343, 95
Trd, 4319063.193, 92
Trd, 4319064.443, 104
Trd, 4319065.693, 87
Trd, 4319069.393, 91
Trd, 4319069.593, 91
Trd, 4319071.593, 87
Trd, 4319071.893, 91
Trd, 4319074.493, 87
Trd, 4319074.843, 92
Trd, 4319076.843, 91
Trd, 4319078.093, 90
Trd, 4319078.793, 88
Trd, 4319078.843, 94
Trd, 4319080.093, 95
Trd, 4319085.443, 87
Trd, 4319086.243, 91
Trd, 4319088.243, 91
Trd, 4319089.693, 89
Trd, 4319091.793, 86
Trd, 4319091.893, 89
Trd, 4319092.193, 85
Trd, 4319094.293, 85
Trd, 4319095.643, 88
Trd, 4319095.893, 88
Trd, 4319098.093, 86
Trd, 4319098.693, 87
Trd, 4319099.693, 85
Trd, 4319100.643, 101
Trd, 4319103.243, 91
Trd, 4319106.493, 102
Trd, 4319107.493, 93
Trd, 4319107.993, 92
Trd, 4319108.593, 93
Trd, 4319109.143, 93
Trd, 4319111.493, 93
Trd, 4319112.193, 91
Trd, 4319114.243, 92
Trd, 4319116.393, 92
Trd, 4319118.093, 91
Trd, 4319118.443, 84
Trd, 4319119.143, 92
Trd, 4319120.043, 93
Trd, 4319120.543, 95
Trd, 4319121.993, 89
Trd, 4319127.043, 89
Trd, 4319127.193, 93
Trd, 4319129.993, 93
Trd, 4319130.243, 95
Trd, 4319132.393, 92
Trd, 4319133.093, 92
Trd, 4319134.243, 92
Trd, 4319134.993, 91
Trd, 4319137.393, 90
Trd, 4319138.543, 91
Trd, 4319138.893, 92
Trd, 4319138.993, 119
Trd, 4319139.643, 107
Trd, 4319144.193, 89
Trd, 4319145.543, 94
Trd, 4319145.793, 95
Trd, 4319146.293, 104
Trd, 4319150.143, 88
Trd, 4319151.643, 91
Trd, 4319153.143, 91
Trd, 4319154.393, 89
Trd, 4319156.193, 90
Trd, 4319156.543, 91
Trd, 4319158.593, 91
Trd, 4319160.093, 89
Trd, 4319161.893, 91
Trd, 4319163.043, 89
Trd, 4319165.993, 90
Trd, 4319167.493, 90
Trd, 4319168.193, 89
Trd, 4319171.343, 89
Trd, 4319172.593, 87
Trd, 4319173.193, 88
Trd, 4319173.593, 85
Trd, 4319174.243, 89
Trd, 4319175.643, 94
Trd, 4319176.193, 82
Trd, 4319178.193, 87
Trd, 4319178.293, 115
Trd, 4319183.793, 94
Trd, 4319184.343, 95
Trd, 4319186.243, 88
Trd, 4319188.593, 92
Trd, 4319190.643, 91
Trd, 4319191.943, 88
Trd, 4319192.893, 91
Trd, 4319195.293, 90
Trd, 4319198.043, 87
Trd, 4319199.993, 90
Trd, 4319201.593, 90
Trd, 4319202.543, 90
Trd, 4319203.693, 92
Trd, 4319203.793, 86
Trd, 4319205.743, 92
Trd, 4319206.743, 95
Trd, 4319209.043, 93
Trd, 4319209.493, 93
Trd, 4319210.193, 92
Trd, 4319212.193, 93
Trd, 4319213.493, 91
Trd, 4319213.843, 102
Trd, 4319216.093, 95
Trd, 4319217.193, 94
Trd, 4319217.743, 90
Trd, 4319220.293, 103
Trd, 4319222.143, 94
Trd, 4319223.443, 95
Trd, 4319223.693, 94
Trd, 4319225.643, 94
Trd, 4319226.343, 93
Trd, 4319227.793, 93
Trd, 4319228.893, 103
Trd, 4319231.243, 97
Trd, 4319233.593, 93
Trd, 4319234.193, 92
Trd, 4319234.993, 93
Trd, 4319235.593, 92
Trd, 4319239.743, 91
Trd, 4319240.293, 90
Trd, 4319242.093, 89
Trd, 4319245.293, 87
Trd, 4319245.793, 89
Trd, 4319246.343, 88
Trd, 4319246.493, 89
Trd, 4319247.793, 101
Trd, 4319249.293, 115
Trd, 4319249.393, 103
Trd, 4319249.643, 103
Trd, 4319250.993, 115
Trd, 4319254.093, 104
Trd, 4319254.443, 109
Trd, 4319257.293, 97
Trd, 4319258.143, 97
Trd, 4319259.693, 94
Trd, 4319260.493, 92
Trd, 4319261.493, 93
Trd, 4319261.843, 92
Trd, 4319262.993, 70
Trd, 4319264.443, 83
Trd, 4319265.343, 82
Trd, 4319266.543, 103
Trd, 4319266.943, 104
Trd, 4319267.093, 119
Trd, 4319269.093, 88
Trd, 4319272.393, 98
Trd, 4319272.743, 93
Trd, 4319274.593, 94
Trd, 4319275.093, 106
Trd, 4319276.043, 93
Trd, 4319277.043, 121
Trd, 4319278.143, 97
Trd, 4319280.643, 97
Trd, 4319281.043, 96
Trd, 4319281.693, 95
Trd, 4319282.093, 100
Trd, 4319284.093, 93
Trd, 4319285.743, 100
Trd, 4319288.693, 92
Trd, 4319288.743, 96
Trd, 4319291.243, 94
Trd, 4319293.943, 94
Trd, 4319294.293, 94
Trd, 4319294.743, 94
Trd, 4319297.143, 91
Trd, 4319298.493, 91
Trd, 4319298.643, 94
Trd, 4319300.193, 90
Trd, 4319301.593, 90
Trd, 4319301.993, 90
Trd, 4319302.443, 95
Trd, 4319304.443, 105
Trd, 4319305.243, 89
Trd, 4319309.343, 88
Trd, 4319310.143, 88
Trd, 4319311.393, 88
Trd, 4319311.493, 88
Trd, 4319311.593, 86
Trd, 4319312.943, 88
Trd, 4319312.993, 95
Trd, 4319317.243, 89
Trd, 4319317.393, 85
Trd, 4319318.243, 88
Trd, 4319318.293, 89
Trd, 4319319.143, 84
Trd, 4319323.293, 86
Trd, 4319325.693, 86
Trd, 4319325.993, 84
Trd, 4319327.243, 95
Trd, 4319327.893, 105
Trd, 4319331.943, 84
Trd, 4319332.793, 86
Trd, 4319333.893, 86
Trd, 4319334.093, 83
Trd, 4319337.243, 86
Trd, 4319338.743, 86
Trd, 4319338.893, 87
Trd, 4319339.593, 95
Trd, 4319339.843, 82
Trd, 4319340.093, 113
Trd, 4319344.443, 94
Trd, 4319347.793, 86
Trd, 4319348.193, 86
Trd, 4319348.493, 85
Trd, 4319350.043, 93
Trd, 4319350.243, 105
Trd, 4319352.993, 94
Trd, 4319353.943, 93
Trd, 4319354.343, 96
Trd, 4319356.093, 92
Trd, 4319357.743, 95
Trd, 4319359.293, 96
Trd, 4319363.143, 94
Trd, 4319363.593, 91
Trd, 4319364.843, 94
Trd, 4319366.743, 94
Trd, 4319366.893, 94
Trd, 4319367.543, 90
Trd, 4319369.643, 89
Trd, 4319371.093, 93
Trd, 4319372.543, 93
Trd, 4319375.493, 88
Trd, 4319375.943, 88
Trd, 4319375.993, 91
Trd, 4319376.293, 95
Trd, 4319380.543, 88
Trd, 4319381.193, 91
Trd, 4319382.293, 91
Trd, 4319386.793, 88
Trd, 4319387.843, 90
Trd, 4319388.793, 94
Trd, 4319391.893, 91
Trd, 4319392.793, 91
Trd, 4319392.893, 88
Trd, 4319393.843, 88
Trd, 4319395.693, 90
Trd, 4319396.843, 91
Trd, 4319397.143, 91
Trd, 4319399.593, 92
Trd, 4319400.793, 92
Trd, 4319401.393, 92
Trd, 4319401.843, 101
Trd, 4319406.393, 95
Trd, 4319406.943, 93
Trd, 4319408.593, 93
Trd, 4319408.943, 92
Trd, 4319409.393, 94
Trd, 4319411.293, 104
Trd, 4319411.893, 94
Trd, 4319414.443, 94
Trd, 4319416.843, 93
Trd, 4319417.043, 95
Trd, 4319417.593, 92
Trd, 4319418.643, 94
Trd, 4319422.443, 92
Trd, 4319422.693, 94
Trd, 4319423.093, 94
Trd, 4319426.843, 101
Trd, 4319427.593, 101
Trd, 4319428.293, 91
Trd, 4319429.843, 95
Trd, 4319432.043, 90
Trd, 4319432.093, 95
Trd, 4319435.893, 92
Trd, 4319436.893, 89
Trd, 4319438.393, 89
Trd, 4319438.743, 89
Trd, 4319440.443, 89
Trd, 4319441.093, 89
Trd, 4319443.643, 88
Trd, 4319444.493, 89
Trd, 4319444.693, 87
Trd, 4319445.943, 89
Trd, 4319447.243, 86
Trd, 4319448.493, 93
Trd, 4319451.743, 90
Trd, 4319452.293, 90
Trd, 4319452.693, 89
Trd, 4319454.393, 85
Trd, 4319455.943, 90
Trd, 4319457.993, 104
Trd, 4319461.293, 91
Trd, 4319462.943, 85
Trd, 4319465.093, 86
Trd, 4319468.893, 86
Trd, 4319469.243, 86
Trd, 4319469.993, 86
Trd, 4319470.293, 84
Trd, 4319471.593, 86
Trd, 4319472.343, 86
Trd, 4319474.793, 90
Trd, 4319475.543, 90
Trd, 4319476.193, 102
Trd, 4319478.543, 89
Trd, 4319480.393, 102
Trd, 4319482.393, 96
Trd, 4319483.643, 99
Trd, 4319484.943, 97
Trd, 4319485.093, 90
Trd, 4319486.793, 93
Trd, 4319486.943, 95
Trd, 4319487.543, 104
Trd, 4319490.943, 98
Trd, 4319491.493, 110
Trd, 4319491.843, 82
Trd, 4319494.643, 95
Trd, 4319495.493, 92
Trd, 4319498.043, 94
Trd, 4319499.143, 92
Trd, 4319499.843, 93
Trd, 4319501.943, 92
Trd, 4319502.893, 92
Trd, 4319504.543, 91
Trd, 4319506.043, 92
Trd, 4319506.443, 89
Trd, 4319507.243, 87
Trd, 4319508.643, 90
Trd, 4319508.993, 90
Trd, 4319511.193, 91
Trd, 4319513.993, 93
Trd, 4319515.193, 105
Trd, 4319515.243, 106
Trd, 4319515.543, 93
Trd, 4319517.793, 92
Trd, 4319518.243, 90
Trd, 4319519.643, 94
Trd, 4319520.493, 102
Trd, 4319522.143, 90
Trd, 4319525.193, 94
Trd, 4319525.693, 94
Trd, 4319526.793, 96
Trd, 4319528.043, 89
Trd, 4319531.943, 93
Trd, 4319532.943, 92
Trd, 4319534.793, 92
Trd, 4319535.843, 90
Trd, 4319537.443, 92
Trd, 4319538.943, 92
Trd, 4319540.543, 91
Trd, 4319541.493, 89
Trd, 4319541.943, 95
Trd, 4319542.093, 85
Trd, 4319542.593, 103
Trd, 4319544.293, 95
Trd, 4319546.143, 92
Trd, 4319547.443, 91
Trd, 4319549.793, 91
Trd, 4319550.243, 92
Trd, 4319550.343, 95
Trd, 4319550.843, 90
Trd, 4319556.593, 94
Trd, 4319556.693, 94
Trd, 4319557.543, 89
Trd, 4319557.593, 94
Trd, 4319559.443, 89
Trd, 4319560.743, 92
Trd, 4319563.893, 92
Trd, 4319565.143, 92
Trd, 4319565.643, 93
Trd, 4319567.343, 94
Trd, 4319567.993, 91
Trd, 4319568.943, 90
Trd, 4319570.743, 94
Trd, 4319573.993, 89
Trd, 4319574.093, 89
Trd, 4319575.043, 90
Trd, 4319577.143, 96
Trd, 4319578.543, 90
Trd, 4319578.593, 92
Trd, 4319580.543, 103
Trd, 4319582.643, 96
Trd, 4319583.243, 102
Trd, 4319587.743, 95
Trd, 4319587.793, 94
Trd, 4319588.193, 94
Trd, 4319588.893, 94
Trd, 4319589.493, 101
Trd, 4319590.393, 93
Trd, 4319591.893, 103
Trd, 4319592.393, 104
Trd, 4319595.993, 92
Trd, 4319596.293, 94
Trd, 4319597.693, 95
Trd, 4319597.843, 92
Trd, 4319602.143, 92
Trd, 4319603.243, 93
Trd, 4319603.643, 95
Trd, 4319604.443, 95
Trd, 4319606.493, 96
Trd, 4319607.493, 92
Trd, 4319607.993, 99
Trd, 4319609.143, 96
Trd, 4319610.193, 97
Trd, 4319612.443, 96
Trd, 4319612.643, 92
Trd, 4319614.293, 104
Trd, 4319617.343, 92
Trd, 4319617.893, 93
Trd, 4319618.893, 92
Trd, 4319620.093, 95
Trd, 4319620.893, 91
Trd, 4319622.993, 93
Trd, 4319626.143, 93
Trd, 4319628.243, 92
Trd, 4319628.693, 93
Trd, 4319628.743, 90
Trd, 4319630.693, 90
Trd, 4319631.193, 88
Trd, 4319632.243, 91
Trd, 4319634.243, 92
Trd, 4319635.543, 88
Trd, 4319638.243, 92
Trd, 4319639.943, 87
Trd, 4319641.943, 91
Trd, 4319642.193, 95
Trd, 4319642.493, 93
Trd, 4319646.193, 86
Trd, 4319646.793, 94
Trd, 4319647.793, 101
Trd, 4319648.543, 97
Trd, 4319651.293, 95
Trd, 4319651.393, 101
Trd, 4319654.643, 96
Trd, 4319655.043, 97
Trd, 4319655.593, 94
Trd, 4319659.143, 95
Trd, 4319659.843, 94
Trd, 4319659.943, 91
Trd, 4319661.893, 90
Trd, 4319662.293, 92
Trd, 4319664.343, 94
Trd, 4319666.243, 104
Trd, 4319667.143, 92
Trd, 4319668.243, 115
Trd, 4319669.493, 100
Trd, 4319669.643, 101
Trd, 4319672.293, 93
Trd, 4319673.343, 99
Trd, 4319674.443, 99
Trd, 4319675.643, 96
Trd, 4319677.593, 98
Trd, 4319679.793, 95
Trd, 4319679.893, 94
Trd, 4319681.243, 94
Trd, 4319683.943, 92
Trd, 4319684.543, 92
Trd, 4319686.843, 90
Trd, 4319686.943, 95
Trd, 4319688.493, 104
Trd, 4319688.893, 88
Trd, 4319690.593, 92
Trd, 4319691.293, 92
Trd, 4319693.193, 93
Trd, 4319694.793, 91
Trd, 4319697.643, 92
Trd, 4319698.143, 93
Trd, 4319699.793, 92
Trd, 4319700.893, 90
Trd, 4319701.943, 90
Trd, 4319702.043, 92
Trd, 4319702.193, 95
Trd, 4319704.843, 89
Trd, 4319705.393, 94
Trd, 4319707.193, 89
Trd, 4319708.643, 89
Trd, 4319710.593, 87
Trd, 4319710.693, 87
Trd, 4319710.843, 88
Trd, 4319712.393, 95
Trd, 4319714.843, 86
Trd, 4319715.543, 89
Trd, 4319719.693, 86
Trd, 4319721.093, 88
Trd, 4319721.393, 87
Trd, 4319721.543, 86
Trd, 4319722.293, 85
Trd, 4319726.193, 86
Trd, 4319726.293, 86
Trd, 4319727.193, 85
Trd, 4319728.493, 83
Trd, 4319728.743, 92
Trd, 4319733.543, 88
Trd, 4319735.643, 83
Trd, 4319735.843, 87
Trd, 4319737.243, 87
Trd, 4319739.943, 87
Trd, 4319740.543, 87
Trd, 4319741.343, 95
Trd, 4319743.743, 89
Trd, 4319744.943, 87
Trd, 4319745.443, 87
Trd, 4319747.543, 88
Trd, 4319749.693, 87
Trd, 4319750.593, 86
Trd, 4319750.793, 87
Trd, 4319751.093, 95
Trd, 4319753.493, 85
Trd, 4319755.793, 89
Trd, 4319758.543, 85
Trd, 4319759.493, 88
Trd, 4319759.843, 87
Trd, 4319760.543, 88
Trd, 4319761.593, 88
Trd, 4319764.293, 87
Trd, 4319765.843, 88
Trd, 4319765.943, 87
Trd, 4319766.043, 90
Trd, 4319766.943, 104
Trd, 4319767.443, 114
Trd, 4319767.793, 122
Trd, 4319769.893, 114
Trd, 4319770.193, 87
Trd, 4319773.793, 93
Trd, 4319774.243, 92
Trd, 4319775.793, 99
Trd, 4319777.093, 87
Trd, 4319777.843, 92
Trd, 4319781.193, 89
Trd, 4319783.493, 91
Trd, 4319783.593, 88
Trd, 4319786.293, 91
Trd, 4319786.793, 91
Trd, 4319788.093, 99
Trd, 4319789.143, 94
Trd, 4319791.043, 101
Trd, 4319791.593, 94
Trd, 4319794.143, 85
Trd, 4319794.893, 97
Trd, 4319795.593, 98
Trd, 4319797.193, 96
Trd, 4319798.943, 94
Trd, 4319800.043, 94
Trd, 4319800.293, 95
Trd, 4319802.043, 95
Trd, 4319802.093, 95
Trd, 4319802.943, 83
Trd, 4319804.843, 92
Trd, 4319808.343, 89
Trd, 4319808.443, 90
Trd, 4319809.443, 92
Trd, 4319811.343, 91
Trd, 4319812.693, 87
Trd, 4319815.293, 102
Trd, 4319816.493, 96
Trd, 4319818.593, 92
Trd, 4319818.743, 92
Trd, 4319818.993, 95
Trd, 4319821.043, 93
Trd, 4319821.393, 92
Trd, 4319821.843, 121
Trd, 4319822.893, 91
Trd, 4319824.843, 99
Trd, 4319826.093, 103
Trd, 4319829.143, 99
Trd, 4319830.443, 97
Trd, 4319831.293, 97
Trd, 4319832.293, 98
Trd, 4319833.093, 96
Trd, 4319835.443, 97
Trd, 4319837.443, 103
Trd, 4319840.493, 96
Trd, 4319840.593, 98
Trd, 4319842.043, 95
Trd, 4319842.843, 95
Trd, 4319843.193, 96
Trd, 4319844.093, 85
Trd, 4319844.493, 97
Trd, 4319845.393, 122
Trd, 4319847.843, 95
Trd, 4319847.943, 96
Trd, 4319849.143, 99
Trd, 4319849.793, 94
Trd, 4319850.893, 95
Trd, 4319850.943, 94
Trd, 4319853.643, 96
Trd, 4319855.693, 93
Trd, 4319857.943, 95
Trd, 4319858.843, 93
Trd, 4319858.943, 95
Trd, 4319861.043, 95
Trd, 4319862.393, 95
Trd, 4319864.743, 94
Trd, 4319866.393, 92
Trd, 4319866.493, 90
Trd, 4319868.093, 93
Trd, 4319869.443, 83
Trd, 4319869.993, 95
Trd, 4319873.993, 91
Trd, 4319875.693, 88
Trd, 4319875.893, 95
Trd, 4319880.093, 88
Trd, 4319880.743, 90
Trd, 4319881.543, 90
Trd, 4319883.993, 88
Trd, 4319884.643, 88
Trd, 4319886.593, 88
Trd, 4319888.143, 92
Trd, 4319889.093, 91
Trd, 4319889.493, 97
Trd, 4319892.293, 90
Trd, 4319892.593, 92
Trd, 4319895.293, 92
Trd, 4319897.343, 92
Trd, 4319898.743, 90
Trd, 4319899.093, 89
Trd, 4319901.793, 88
Trd, 4319901.893, 89
Trd, 4319902.593, 90
Trd, 4319906.343, 87
Trd, 4319907.243, 87
Trd, 4319907.493, 88
Trd, 4319908.993, 87
Trd, 4319910.793, 86
Trd, 4319910.943, 86
Trd, 4319911.593, 87
Trd, 4319914.193, 88
Trd, 4319916.093, 88
Trd, 4319917.043, 92
Trd, 4319919.243, 90
Trd, 4319919.893, 90
Trd, 4319921.543, 88
Trd, 4319922.193, 90
Trd, 4319922.393, 103
Trd, 4319924.343, 93
Trd, 4319925.693, 91
Trd, 4319927.093, 96
Trd, 4319927.243, 103
Trd, 4319930.993, 95
Trd, 4319931.293, 96
Trd, 4319932.593, 94
Trd, 4319933.243, 96
Trd, 4319935.293, 95
Trd, 4319937.243, 95
Trd, 4319937.593, 93
Trd, 4319938.093, 93
Trd, 4319941.343, 94
Trd, 4319942.443, 93
Trd, 4319944.193, 95
Trd, 4319944.643, 91
Trd, 4319946.243, 90
Trd, 4319946.293, 95
Trd, 4319949.193, 92
Trd, 4319950.943, 92
Trd, 4319952.093, 89
Trd, 4319954.293, 88
Trd, 4319954.543, 88
Trd, 4319955.843, 91
Trd, 4319957.243, 90
Trd, 4319959.393, 97
Trd, 4319959.593, 102
Trd, 4319959.693, 91
Trd, 4319960.943, 104
Trd, 4319962.893, 97
Trd, 4319962.993, 102
Trd, 4319966.493, 96
Trd, 4319966.743, 96
Trd, 4319967.293, 98
Trd, 4319967.743, 99
Trd, 4319970.443, 95
Trd, 4319970.493, 94
Trd, 4319972.293, 69
Trd, 4319973.243, 125
Trd, 4319974.693, 122
Trd, 4319977.393, 113
Trd, 4319980.193, 107
Trd, 4319980.243, 103
Trd, 4319982.393, 106
Trd, 4319983.543, 105
Trd, 4319984.443, 103
Trd, 4319985.743, 102
Trd, 4319986.693, 102
Trd, 4319988.443, 100
Trd, 4319991.793, 101
Trd, 4319993.243, 100
Trd, 4319993.443, 99
Trd, 4319994.193, 94
Trd, 4319994.293, 104
Trd, 4319995.993, 96
Trd, 4319996.443, 78
