Trd, 4317876.693, 94
Trd, 4317877.993, 94
Trd, 4317878.393, 86
Trd, 4317880.593, 90
Trd, 4317883.043, 93
Trd, 4317884.043, 94
Trd, 4317884.243, 94
Trd, 4317885.043, 95
Trd, 4317885.443, 96
Trd, 4317888.443, 95
Trd, 4317890.543, 95
Trd, 4317893.493, 95
Trd, 4317893.893, 96
Trd, 4317893.943, 94
Trd, 4317897.143, 96
Trd, 4317898.093, 95
Trd, 4317898.543, 96
Trd, 4317902.243, 94
Trd, 4317902.693, 93
Trd, 4317902.843, 94
Trd, 4317903.993, 96
Trd, 4317904.943, 95
Trd, 4317906.593, 95
Trd, 4317907.693, 94
Trd, 4317908.343, 95
Trd, 4317909.993, 94
Trd, 4317911.543, 94
Trd, 4317913.693, 95
Trd, 4317913.893, 95
Trd, 4317914.943, 94
Trd, 4317916.493, 95
Trd, 4317918.443, 94
Trd, 4317922.143, 95
Trd, 4317923.843, 95
Trd, 4317924.193, 94
Trd, 4317925.043, 95
Trd, 4317925.193, 96
Trd, 4317926.943, 97
Trd, 4317928.143, 86
Trd, 4317930.343, 94
Trd, 4317930.943, 96
Trd, 4317932.743, 95
Trd, 4317933.343, 95
Trd, 4317933.643, 95
Trd, 4317933.943, 95
Trd, 4317937.843, 96
Trd, 4317938.043, 96
Trd, 4317938.643, 104
Trd, 4317940.393, 99
Trd, 4317940.443, 98
Trd, 4317941.043, 97
Trd, 4317941.993, 99
Trd, 4317946.793, 96
Trd, 4317947.293, 97
Trd, 4317947.893, 97
Trd, 4317949.243, 96
Trd, 4317950.493, 103
Trd, 4317950.943, 102
Trd, 4317952.093, 112
Trd, 4317954.143, 94
Trd, 4317954.593, 101
Trd, 4317957.893, 92
Trd, 4317958.143, 92
Trd, 4317958.593, 91
Trd, 4317958.843, 93
Trd, 4317959.693, 92
Trd, 4317960.693, 93
Trd, 4317961.993, 94
Trd, 4317962.543, 95
Trd, 4317962.943, 104
Trd, 4317963.293, 92
Trd, 4317967.943, 93
Trd, 4317969.043, 93
Trd, 4317969.393, 94
Trd, 4317971.843, 95
Trd, 4317971.943, 104
Trd, 4317974.693, 99
Trd, 4317975.093, 98
Trd, 4317976.143, 98
Trd, 4317978.093, 98
Trd, 4317978.143, 98
Trd, 4317979.193, 101
Trd, 4317979.343, 94
Trd, 4317984.843, 95
Trd, 4317985.343, 96
Trd, 4317985.493, 95
Trd, 4317986.193, 96
Trd, 4317988.493, 94
Trd, 4317989.193, 94
Trd, 4317989.943, 93
Trd, 4317990.243, 95
Trd, 4317992.593, 95
Trd, 4317992.893, 95
Trd, 4317994.043, 94
Trd, 4317994.393, 95
Trd, 4317996.543, 96
Trd, 4317997.143, 96
Trd, 4317998.343, 107
Trd, 4318001.293, 98
Trd, 4318001.393, 96
Trd, 4318003.843, 96
Trd, 4318004.493, 98
Trd, 4318004.593, 98
Trd, 4318007.343, 98
Trd, 4318007.393, 104
Trd, 4318010.493, 102
Trd, 4318011.643, 102
Trd, 4318012.293, 101
Trd, 4318012.793, 102
Trd, 4318013.193, 103
Trd, 4318016.043, 103
Trd, 4318017.343, 102
Trd, 4318019.493, 103
Trd, 4318020.993, 103
Trd, 4318022.043, 104
Trd, 4318022.843, 104
Trd, 4318023.593, 104
Trd, 4318026.243, 112
Trd, 4318027.693, 104
Trd, 4318029.093, 105
Trd, 4318030.093, 112
Trd, 4318032.143, 107
Trd, 4318033.093, 104
Trd, 4318034.543, 107
Trd, 4318034.843, 103
Trd, 4318037.293, 100
Trd, 4318038.493, 98
Trd, 4318038.643, 100
Trd, 4318040.043, 99
Trd, 4318040.293, 99
Trd, 4318042.443, 94
Trd, 4318044.593, 100
Trd, 4318045.143, 96
Trd, 4318046.993, 101
Trd, 4318048.643, 108
Trd, 4318051.243, 103
Trd, 4318053.143, 101
Trd, 4318053.593, 103
Trd, 4318053.843, 102
Trd, 4318057.193, 100
Trd, 4318058.793, 101
Trd, 4318060.443, 100
Trd, 4318060.643, 98
Trd, 4318061.343, 99
Trd, 4318061.943, 95
Trd, 4318067.043, 98
Trd, 4318067.493, 97
Trd, 4318068.943, 97
Trd, 4318069.043, 96
Trd, 4318069.393, 99
Trd, 4318070.393, 99
Trd, 4318070.493, 98
Trd, 4318072.443, 98
Trd, 4318074.943, 98
Trd, 4318076.843, 96
Trd, 4318077.193, 95
Trd, 4318077.493, 94
Trd, 4318078.543, 92
Trd, 4318078.643, 95
Trd, 4318080.993, 93
Trd, 4318081.443, 94
Trd, 4318083.693, 94
Trd, 4318084.743, 95
Trd, 4318086.093, 95
Trd, 4318086.293, 95
Trd, 4318088.393, 94
Trd, 4318089.243, 94
Trd, 4318090.643, 96
Trd, 4318092.093, 95
Trd, 4318092.343, 94
Trd, 4318092.943, 95
Trd, 4318095.393, 95
Trd, 4318097.093, 95
Trd, 4318097.643, 94
Trd, 4318099.293, 95
Trd, 4318099.843, 96
Trd, 4318101.343, 97
Trd, 4318102.793, 95
Trd, 4318104.193, 93
Trd, 4318105.043, 94
Trd, 4318105.943, 93
Trd, 4318106.343, 92
Trd, 4318107.293, 92
Trd, 4318107.793, 95
Trd, 4318109.893, 95
Trd, 4318110.493, 96
Trd, 4318110.943, 96
Trd, 4318113.843, 98
Trd, 4318115.893, 101
Trd, 4318117.643, 110
Trd, 4318118.793, 108
Trd, 4318119.343, 107
Trd, 4318122.843, 107
Trd, 4318123.093, 108
Trd, 4318124.093, 106
Trd, 4318124.243, 103
Trd, 4318126.493, 106
Trd, 4318126.693, 98
Trd, 4318127.793, 104
Trd, 4318129.193, 104
Trd, 4318130.793, 100
Trd, 4318130.993, 101
Trd, 4318132.843, 100
Trd, 4318132.993, 88
Trd, 4318136.293, 100
Trd, 4318136.943, 98
Trd, 4318138.093, 95
Trd, 4318140.943, 98
Trd, 4318141.443, 98
Trd, 4318142.243, 98
Trd, 4318143.843, 97
Trd, 4318144.393, 96
Trd, 4318146.643, 95
Trd, 4318147.643, 97
Trd, 4318149.493, 95
Trd, 4318150.443, 95
Trd, 4318151.393, 96
Trd, 4318152.293, 96
Trd, 4318154.593, 94
Trd, 4318156.793, 95
Trd, 4318157.593, 94
Trd, 4318157.793, 93
Trd, 4318159.343, 94
Trd, 4318161.143, 94
Trd, 4318161.543, 93
Trd, 4318162.193, 93
Trd, 4318164.043, 95
Trd, 4318165.793, 92
Trd, 4318166.293, 93
Trd, 4318168.693, 94
Trd, 4318170.043, 94
Trd, 4318170.543, 92
Trd, 4318173.643, 92
Trd, 4318174.743, 94
Trd, 4318175.793, 94
Trd, 4318176.543, 95
Trd, 4318178.093, 97
Trd, 4318178.643, 96
Trd, 4318179.743, 97
Trd, 4318180.843, 97
Trd, 4318181.293, 70
Trd, 4318181.893, 102
Trd, 4318185.093, 91
Trd, 4318186.043, 92
Trd, 4318186.993, 91
Trd, 4318188.843, 91
Trd, 4318190.743, 91
Trd, 4318191.193, 91
Trd, 4318191.593, 90
Trd, 4318192.593, 95
Trd, 4318195.343, 93
Trd, 4318197.043, 95
Trd, 4318197.593, 95
Trd, 4318198.593, 94
Trd, 4318199.643, 93
Trd, 4318200.843, 93
Trd, 4318201.843, 95
Trd, 4318203.593, 94
Trd, 4318204.693, 96
Trd, 4318204.993, 95
Trd, 4318206.493, 95
Trd, 4318206.893, 104
Trd, 4318209.643, 94
Trd, 4318209.893, 95
Trd, 4318211.343, 93
Trd, 4318212.143, 95
Trd, 4318213.493, 96
Trd, 4318213.543, 93
Trd, 4318215.443, 95
Trd, 4318216.693, 94
Trd, 4318217.793, 95
Trd, 4318218.243, 95
Trd, 4318219.393, 93
Trd, 4318220.843, 95
Trd, 4318221.143, 95
Trd, 4318223.293, 96
Trd, 4318223.693, 95
Trd, 4318224.843, 96
Trd, 4318227.943, 96
Trd, 4318228.643, 95
Trd, 4318229.043, 95
Trd, 4318230.043, 96
Trd, 4318230.943, 96
Trd, 4318233.793, 104
Trd, 4318234.893, 95
Trd, 4318235.493, 96
Trd, 4318235.543, 95
Trd, 4318236.743, 96
Trd, 4318238.093, 97
Trd, 4318239.293, 100
Trd, 4318241.393, 109
Trd, 4318242.143, 104
Trd, 4318244.393, 105
Trd, 4318244.993, 103
Trd, 4318248.493, 104
Trd, 4318248.543, 103
Trd, 4318248.693, 102
Trd, 4318249.143, 100
Trd, 4318251.243, 97
Trd, 4318252.243, 96
Trd, 4318253.443, 96
Trd, 4318255.143, 96
Trd, 4318256.243, 97
Trd, 4318256.743, 95
Trd, 4318259.643, 104
Trd, 4318260.193, 103
Trd, 4318261.593, 102
Trd, 4318261.743, 104
Trd, 4318262.943, 102
Trd, 4318263.993, 102
Trd, 4318265.493, 111
Trd, 4318268.693, 103
Trd, 4318269.143, 102
Trd, 4318269.343, 104
Trd, 4318270.743, 103
Trd, 4318272.293, 105
Trd, 4318275.993, 103
Trd, 4318276.293, 102
Trd, 4318276.593, 100
Trd, 4318280.343, 100
Trd, 4318280.793, 101
Trd, 4318281.193, 100
Trd, 4318282.543, 100
Trd, 4318283.593, 100
Trd, 4318284.793, 100
Trd, 4318285.393, 100
Trd, 4318286.143, 111
Trd, 4318287.793, 105
Trd, 4318288.293, 103
Trd, 4318291.743, 104
Trd, 4318292.143, 103
Trd, 4318293.443, 104
Trd, 4318293.743, 95
Trd, 4318296.443, 94
Trd, 4318296.843, 95
Trd, 4318298.193, 95
Trd, 4318298.993, 95
Trd, 4318300.343, 96
Trd, 4318300.593, 96
Trd, 4318301.993, 95
Trd, 4318302.343, 96
Trd, 4318303.743, 94
Trd, 4318304.993, 96
Trd, 4318306.843, 96
Trd, 4318306.943, 96
Trd, 4318308.693, 96
Trd, 4318310.593, 93
Trd, 4318312.843, 96
Trd, 4318313.393, 97
Trd, 4318314.793, 97
Trd, 4318315.143, 102
Trd, 4318317.793, 97
Trd, 4318318.293, 97
Trd, 4318318.593, 96
Trd, 4318319.993, 97
Trd, 4318321.493, 97
Trd, 4318323.843, 97
Trd, 4318326.393, 98
Trd, 4318326.693, 96
Trd, 4318327.843, 98
Trd, 4318328.643, 97
Trd, 4318329.343, 97
Trd, 4318329.493, 96
Trd, 4318332.743, 97
Trd, 4318333.093, 96
Trd, 4318334.743, 95
Trd, 4318335.243, 96
Trd, 4318336.893, 98
Trd, 4318339.293, 97
Trd, 4318341.493, 99
Trd, 4318342.593, 100
Trd, 4318342.993, 104
Trd, 4318344.793, 101
Trd, 4318345.943, 102
Trd, 4318347.193, 101
Trd, 4318348.393, 99
Trd, 4318348.493, 94
Trd, 4318350.543, 95
Trd, 4318351.443, 94
Trd, 4318353.093, 95
Trd, 4318353.443, 112
Trd, 4318355.043, 98
Trd, 4318356.993, 112
Trd, 4318359.143, 107
Trd, 4318359.293, 107
Trd, 4318362.193, 107
Trd, 4318362.743, 106
Trd, 4318364.743, 95
Trd, 4318364.843, 103
Trd, 4318367.293, 102
Trd, 4318368.343, 102
Trd, 4318369.593, 101
Trd, 4318371.493, 100
Trd, 4318373.243, 100
Trd, 4318374.443, 99
Trd, 4318375.493, 87
Trd, 4318376.393, 95
Trd, 4318377.943, 94
Trd, 4318378.793, 93
Trd, 4318380.693, 94
Trd, 4318382.243, 94
Trd, 4318383.093, 93
Trd, 4318383.843, 93
Trd, 4318384.793, 92
Trd, 4318387.643, 93
Trd, 4318387.843, 94
Trd, 4318391.593, 93
Trd, 4318391.943, 93
Trd, 4318392.043, 91
Trd, 4318393.043, 104
Trd, 4318396.943, 98
Trd, 4318397.043, 100
Trd, 4318398.443, 95
Trd, 4318399.893, 96
Trd, 4318400.893, 97
Trd, 4318403.143, 96
Trd, 4318403.593, 95
Trd, 4318405.943, 96
Trd, 4318406.043, 96
Trd, 4318406.793, 104
Trd, 4318409.243, 94
Trd, 4318410.993, 97
Trd, 4318411.893, 96
Trd, 4318413.093, 96
Trd, 4318413.993, 95
Trd, 4318414.593, 95
Trd, 4318414.843, 94
Trd, 4318417.093, 94
Trd, 4318418.093, 95
Trd, 4318418.493, 113
Trd, 4318421.393, 95
Trd, 4318423.193, 97
Trd, 4318423.393, 96
Trd, 4318424.043, 96
Trd, 4318424.693, 96
Trd, 4318425.893, 99
Trd, 4318425.993, 97
Trd, 4318428.193, 106
Trd, 4318430.243, 102
Trd, 4318432.343, 94
Trd, 4318434.443, 102
Trd, 4318436.193, 102
Trd, 4318436.393, 101
Trd, 4318437.043, 101
Trd, 4318440.443, 100
Trd, 4318440.793, 99
Trd, 4318443.693, 100
Trd, 4318444.893, 98
Trd, 4318446.443, 97
Trd, 4318446.493, 97
Trd, 4318447.193, 96
Trd, 4318449.393, 96
Trd, 4318450.593, 96
Trd, 4318451.193, 94
Trd, 4318452.393, 95
Trd, 4318454.293, 95
Trd, 4318454.393, 104
Trd, 4318455.743, 98
Trd, 4318456.993, 98
Trd, 4318458.843, 95
Trd, 4318460.493, 97
Trd, 4318460.993, 95
Trd, 4318461.743, 96
Trd, 4318462.443, 94
Trd, 4318464.193, 97
Trd, 4318467.593, 94
Trd, 4318467.793, 94
Trd, 4318467.993, 95
Trd, 4318469.143, 96
Trd, 4318470.643, 98
Trd, 4318470.993, 97
Trd, 4318471.043, 103
Trd, 4318471.893, 94
Trd, 4318473.843, 99
Trd, 4318473.993, 101
Trd, 4318475.393, 99
Trd, 4318478.293, 98
Trd, 4318480.043, 99
Trd, 4318480.143, 98
Trd, 4318480.693, 99
Trd, 4318482.393, 98
Trd, 4318482.843, 97
Trd, 4318485.893, 97
Trd, 4318486.593, 98
Trd, 4318486.743, 97
Trd, 4318487.793, 97
Trd, 4318487.843, 97
Trd, 4318489.793, 97
Trd, 4318491.793, 97
Trd, 4318491.993, 96
Trd, 4318492.043, 95
Trd, 4318492.443, 113
Trd, 4318498.643, 97
Trd, 4318499.593, 98
Trd, 4318500.093, 97
Trd, 4318500.543, 101
Trd, 4318502.543, 99
Trd, 4318503.643, 97
Trd, 4318504.443, 97
Trd, 4318504.993, 87
Trd, 4318507.543, 93
Trd, 4318508.893, 92
Trd, 4318509.143, 91
Trd, 4318511.543, 96
Trd, 4318512.443, 96
Trd, 4318513.693, 111
Trd, 4318514.643, 100
Trd, 4318515.843, 100
Trd, 4318516.243, 101
Trd, 4318519.343, 100
Trd, 4318521.043, 101
Trd, 4318521.793, 100
Trd, 4318522.043, 100
Trd, 4318523.193, 100
Trd, 4318524.193, 101
Trd, 4318527.043, 102
Trd, 4318527.943, 101
Trd, 4318528.793, 101
Trd, 4318528.843, 101
Trd, 4318529.693, 100
Trd, 4318531.743, 97
Trd, 4318533.943, 97
Trd, 4318535.493, 96
Trd, 4318535.893, 98
Trd, 4318536.843, 96
Trd, 4318539.693, 95
Trd, 4318541.443, 95
Trd, 4318542.293, 95
Trd, 4318545.393, 95
Trd, 4318546.343, 94
Trd, 4318547.093, 94
Trd, 4318547.493, 95
Trd, 4318549.443, 95
Trd, 4318549.643, 95
Trd, 4318550.193, 93
Trd, 4318554.843, 94
Trd, 4318555.193, 95
Trd, 4318557.093, 95
Trd, 4318557.793, 103
Trd, 4318560.393, 96
Trd, 4318564.743, 98
Trd, 4318565.343, 95
Trd, 4318565.693, 97
Trd, 4318566.693, 94
Trd, 4318567.893, 95
Trd, 4318568.543, 95
Trd, 4318570.893, 96
Trd, 4318572.093, 97
Trd, 4318573.443, 96
Trd, 4318574.143, 96
Trd, 4318575.593, 95
Trd, 4318577.143, 96
Trd, 4318577.643, 95
Trd, 4318578.743, 94
Trd, 4318579.643, 104
Trd, 4318581.893, 96
Trd, 4318583.043, 94
Trd, 4318583.243, 95
Trd, 4318584.143, 96
Trd, 4318585.793, 96
Trd, 4318587.293, 95
Trd, 4318590.743, 96
Trd, 4318594.143, 96
Trd, 4318594.943, 94
Trd, 4318595.893, 97
Trd, 4318597.243, 95
Trd, 4318597.643, 94
Trd, 4318599.243, 96
Trd, 4318601.543, 95
Trd, 4318602.643, 95
Trd, 4318603.193, 93
Trd, 4318603.793, 93
Trd, 4318604.343, 94
Trd, 4318606.543, 94
Trd, 4318608.793, 95
Trd, 4318610.093, 95
Trd, 4318610.293, 94
Trd, 4318611.243, 92
Trd, 4318614.393, 94
Trd, 4318616.693, 93
Trd, 4318616.893, 93
Trd, 4318618.343, 92
Trd, 4318619.593, 93
Trd, 4318622.643, 93
Trd, 4318623.093, 92
Trd, 4318623.593, 94
Trd, 4318626.343, 93
Trd, 4318626.693, 94
Trd, 4318628.193, 94
Trd, 4318629.643, 94
Trd, 4318631.943, 95
Trd, 4318633.543, 95
Trd, 4318634.943, 104
Trd, 4318635.693, 99
Trd, 4318636.143, 98
Trd, 4318636.543, 97
Trd, 4318637.543, 98
Trd, 4318637.993, 94
Trd, 4318639.943, 96
Trd, 4318641.793, 95
Trd, 4318643.893, 97
Trd, 4318644.793, 99
Trd, 4318645.493, 100
Trd, 4318646.343, 104
Trd, 4318647.693, 105
Trd, 4318647.793, 105
Trd, 4318647.893, 100
Trd, 4318650.693, 104
Trd, 4318651.243, 103
Trd, 4318652.593, 104
Trd, 4318652.743, 103
Trd, 4318653.443, 101
Trd, 4318656.493, 101
Trd, 4318657.743, 103
Trd, 4318660.093, 98
Trd, 4318661.043, 99
Trd, 4318661.743, 97
Trd, 4318662.743, 98
Trd, 4318664.643, 96
Trd, 4318664.943, 97
Trd, 4318666.443, 96
Trd, 4318666.893, 95
Trd, 4318667.843, 95
Trd, 4318669.493, 99
Trd, 4318672.693, 96
Trd, 4318673.893, 97
Trd, 4318674.693, 95
Trd, 4318674.993, 95
Trd, 4318675.593, 96
Trd, 4318676.443, 94
Trd, 4318678.643, 95
Trd, 4318680.493, 95
Trd, 4318681.893, 95
Trd, 4318684.543, 96
Trd, 4318687.143, 95
Trd, 4318687.893, 95
Trd, 4318688.093, 97
Trd, 4318689.093, 94
Trd, 4318690.143, 97
Trd, 4318691.643, 93
Trd, 4318692.093, 94
Trd, 4318693.693, 96
Trd, 4318694.843, 100
Trd, 4318696.293, 114
Trd, 4318696.993, 113
Trd, 4318699.493, 104
Trd, 4318699.993, 104
Trd, 4318701.093, 104
Trd, 4318701.293, 103
Trd, 4318702.043, 102
Trd, 4318704.093, 101
Trd, 4318705.543, 100
Trd, 4318708.593, 97
Trd, 4318708.893, 97
Trd, 4318709.643, 97
Trd, 4318710.993, 96
Trd, 4318714.243, 96
Trd, 4318714.993, 96
Trd, 4318715.193, 95
Trd, 4318715.643, 97
Trd, 4318716.343, 97
Trd, 4318717.093, 97
Trd, 4318718.643, 99
Trd, 4318719.093, 99
Trd, 4318723.593, 99
Trd, 4318724.143, 99
Trd, 4318724.643, 100
Trd, 4318726.493, 98
Trd, 4318726.843, 98
Trd, 4318727.743, 98
Trd, 4318730.243, 99
Trd, 4318731.643, 98
Trd, 4318732.393, 99
Trd, 4318734.043, 97
Trd, 4318734.643, 97
Trd, 4318737.043, 96
Trd, 4318738.443, 97
Trd, 4318739.393, 95
Trd, 4318739.943, 95
Trd, 4318740.243, 95
Trd, 4318743.193, 94
Trd, 4318744.243, 96
Trd, 4318744.893, 96
Trd, 4318746.593, 97
Trd, 4318747.743, 102
Trd, 4318749.593, 100
Trd, 4318750.143, 100
Trd, 4318751.143, 100
Trd, 4318753.643, 101
Trd, 4318755.093, 100
Trd, 4318756.293, 100
Trd, 4318757.143, 101
Trd, 4318758.643, 102
Trd, 4318762.443, 100
Trd, 4318763.593, 102
Trd, 4318764.093, 102
Trd, 4318765.443, 102
Trd, 4318766.443, 97
Trd, 4318766.743, 99
Trd, 4318769.043, 100
Trd, 4318769.793, 101
Trd, 4318770.343, 99
Trd, 4318774.843, 100
Trd, 4318775.493, 99
Trd, 4318775.743, 102
Trd, 4318776.943, 99
Trd, 4318777.843, 103
Trd, 4318779.543, 101
Trd, 4318780.743, 101
Trd, 4318782.543, 102
Trd, 4318782.743, 101
Trd, 4318782.943, 100
Trd, 4318783.093, 101
Trd, 4318785.193, 99
Trd, 4318786.393, 98
Trd, 4318787.293, 104
Trd, 4318790.593, 97
Trd, 4318791.543, 98
Trd, 4318791.593, 97
Trd, 4318792.543, 96
Trd, 4318794.743, 94
Trd, 4318795.793, 96
Trd, 4318795.993, 96
Trd, 4318796.393, 93
Trd, 4318799.143, 96
Trd, 4318801.443, 96
Trd, 4318802.693, 95
Trd, 4318803.093, 93
Trd, 4318805.743, 93
Trd, 4318807.043, 92
Trd, 4318809.243, 95
Trd, 4318809.443, 94
Trd, 4318811.143, 95
Trd, 4318812.943, 93
Trd, 4318813.743, 93
Trd, 4318814.193, 95
Trd, 4318816.543, 95
Trd, 4318816.593, 95
Trd, 4318818.993, 98
Trd, 4318819.443, 96
Trd, 4318821.743, 98
Trd, 4318822.693, 97
Trd, 4318822.893, 98
Trd, 4318825.543, 97
Trd, 4318825.943, 98
Trd, 4318826.493, 98
Trd, 4318828.093, 97
Trd, 4318828.893, 103
Trd, 4318830.693, 98
Trd, 4318832.643, 98
Trd, 4318834.493, 97
Trd, 4318835.093, 98
Trd, 4318836.443, 97
Trd, 4318837.493, 97
Trd, 4318838.143, 96
Trd, 4318839.943, 97
Trd, 4318841.443, 98
Trd, 4318841.693, 96
Trd, 4318843.743, 99
Trd, 4318846.693, 104
Trd, 4318846.843, 97
Trd, 4318849.743, 102
Trd, 4318850.243, 99
Trd, 4318850.793, 102
Trd, 4318853.543, 100
Trd, 4318856.143, 101
Trd, 4318856.343, 101
Trd, 4318857.643, 99
Trd, 4318858.143, 99
Trd, 4318859.143, 98
Trd, 4318859.193, 97
Trd, 4318859.693, 86
Trd, 4318862.893, 94
Trd, 4318864.193, 94
Trd, 4318865.193, 94
Trd, 4318865.243, 95
Trd, 4318870.393, 94
Trd, 4318871.543, 94
Trd, 4318871.743, 93
Trd, 4318873.443, 94
Trd, 4318873.993, 95
Trd, 4318874.293, 94
Trd, 4318875.343, 94
Trd, 4318876.443, 87
Trd, 4318882.043, 93
Trd, 4318882.593, 93
Trd, 4318883.843, 95
Trd, 4318884.693, 93
Trd, 4318887.493, 93
Trd, 4318888.593, 92
Trd, 4318890.243, 94
Trd, 4318890.643, 93
Trd, 4318891.343, 92
Trd, 4318893.793, 95
Trd, 4318896.243, 95
Trd, 4318897.893, 93
Trd, 4318898.043, 92
Trd, 4318898.993, 93
Trd, 4318900.243, 92
Trd, 4318900.393, 91
Trd, 4318901.443, 95
Trd, 4318902.243, 92
Trd, 4318905.693, 91
Trd, 4318907.993, 93
Trd, 4318908.443, 94
Trd, 4318909.293, 95
Trd, 4318909.543, 93
Trd, 4318910.493, 94
Trd, 4318912.393, 100
Trd, 4318914.493, 102
Trd, 4318914.843, 102
Trd, 4318915.493, 102
Trd, 4318918.293, 101
Trd, 4318918.443, 102
Trd, 4318920.143, 101
Trd, 4318920.843, 102
Trd, 4318921.393, 103
Trd, 4318922.543, 104
Trd, 4318924.143, 102
Trd, 4318924.843, 103
Trd, 4318927.943, 103
Trd, 4318929.293, 103
Trd, 4318929.543, 102
Trd, 4318929.993, 104
Trd, 4318931.343, 101
Trd, 4318932.093, 103
Trd, 4318934.293, 104
Trd, 4318934.943, 104
Trd, 4318937.493, 103
Trd, 4318937.843, 102
Trd, 4318939.093, 103
Trd, 4318940.543, 102
Trd, 4318940.793, 113
Trd, 4318940.993, 77
Trd, 4318942.043, 93
Trd, 4318942.343, 93
Trd, 4318946.993, 95
Trd, 4318947.093, 94
Trd, 4318949.193, 94
Trd, 4318949.793, 93
Trd, 4318949.993, 93
Trd, 4318952.643, 95
Trd, 4318953.393, 96
Trd, 4318955.293, 95
Trd, 4318955.393, 96
Trd, 4318958.143, 95
Trd, 4318959.593, 96
Trd, 4318960.593, 95
Trd, 4318961.943, 95
Trd, 4318962.443, 94
Trd, 4318962.993, 96
Trd, 4318966.193, 95
Trd, 4318966.693, 96
Trd, 4318968.143, 94
Trd, 4318968.593, 96
Trd, 4318969.693, 96
Trd, 4318970.893, 95
Trd, 4318972.593, 97
Trd, 4318974.193, 97
Trd, 4318974.993, 96
Trd, 4318976.293, 94
Trd, 4318976.643, 94
Trd, 4318977.743, 95
Trd, 4318977.793, 94
Trd, 4318980.093, 95
Trd, 4318981.043, 95
Trd, 4318981.443, 94
Trd, 4318982.593, 94
Trd, 4318983.093, 94
Trd, 4318985.693, 95
Trd, 4318986.943, 94
Trd, 4318988.093, 95
Trd, 4318990.693, 95
Trd, 4318991.943, 95
Trd, 4318992.143, 96
Trd, 4318992.393, 94
Trd, 4318996.143, 96
Trd, 4318997.593, 93
Trd, 4318998.893, 93
Trd, 4319000.143, 87
Trd, 4319000.293, 86
Trd, 4319001.143, 86
Trd, 4319003.493, 95
Trd, 4319003.993, 97
Trd, 4319004.793, 95
Trd, 4319004.993, 107
Trd, 4319005.093, 93
Trd, 4319006.893, 93
Trd, 4319009.343, 94
Trd, 4319009.443, 95
Trd, 4319010.943, 95
Trd, 4319012.393, 96
Trd, 4319013.843, 95
Trd, 4319014.543, 96
Trd, 4319015.643, 94
Trd, 4319017.643, 96
Trd, 4319018.143, 96
Trd, 4319019.193, 93
Trd, 4319019.643, 96
Trd, 4319021.643, 96
Trd, 4319024.143, 95
Trd, 4319024.893, 95
Trd, 4319024.993, 94
Trd, 4319027.493, 96
Trd, 4319028.693, 96
Trd, 4319030.443, 95
Trd, 4319032.393, 93
Trd, 4319033.193, 94
Trd, 4319033.843, 94
Trd, 4319035.743, 93
Trd, 4319037.593, 93
Trd, 4319038.193, 92
Trd, 4319038.343, 95
Trd, 4319039.893, 99
Trd, 4319041.893, 102
Trd, 4319042.143, 99
Trd, 4319043.743, 100
Trd, 4319045.393, 100
Trd, 4319046.793, 94
Trd, 4319047.243, 99
Trd, 4319047.943, 99
Trd, 4319048.743, 98
Trd, 4319049.693, 94
Trd, 4319050.993, 93
Trd, 4319053.643, 95
Trd, 4319053.793, 93
Trd, 4319054.593, 95
Trd, 4319057.193, 94
Trd, 4319057.293, 95
Trd, 4319058.543, 95
Trd, 4319059.543, 93
Trd, 4319062.493, 95
Trd, 4319065.343, 95
Trd, 4319065.643, 95
Trd, 4319066.043, 93
Trd, 4319066.443, 94
Trd, 4319067.993, 95
Trd, 4319070.243, 99
Trd, 4319071.293, 99
Trd, 4319072.443, 101
Trd, 4319073.743, 100
Trd, 4319075.093, 95
Trd, 4319076.143, 94
Trd, 4319076.693, 96
Trd, 4319077.093, 104
Trd, 4319079.393, 94
Trd, 4319079.793, 98
Trd, 4319083.143, 98
Trd, 4319083.893, 103
Trd, 4319085.143, 98
Trd, 4319086.493, 101
Trd, 4319087.243, 99
Trd, 4319088.143, 98
Trd, 4319090.043, 97
Trd, 4319090.093, 98
Trd, 4319090.693, 97
Trd, 4319094.493, 98
Trd, 4319095.093, 99
Trd, 4319097.893, 96
Trd, 4319098.243, 96
Trd, 4319098.493, 92
Trd, 4319099.293, 93
Trd, 4319100.843, 97
Trd, 4319102.643, 97
Trd, 4319102.693, 96
Trd, 4319102.793, 96
Trd, 4319103.793, 97
Trd, 4319105.193, 96
Trd, 4319106.593, 94
Trd, 4319109.143, 93
Trd, 4319111.043, 96
Trd, 4319111.143, 95
Trd, 4319111.943, 95
Trd, 4319114.193, 95
Trd, 4319114.243, 94
Trd, 4319115.393, 96
Trd, 4319116.543, 97
Trd, 4319118.243, 89
Trd, 4319119.593, 95
Trd, 4319119.643, 96
Trd, 4319120.643, 95
Trd, 4319122.543, 101
Trd, 4319122.593, 98
Trd, 4319122.993, 99
Trd, 4319126.793, 100
Trd, 4319127.693, 102
Trd, 4319128.943, 101
Trd, 4319129.543, 102
Trd, 4319129.943, 103
Trd, 4319132.093, 101
Trd, 4319132.293, 101
Trd, 4319133.693, 100
Trd, 4319134.343, 101
Trd, 4319134.593, 99
Trd, 4319139.243, 98
Trd, 4319139.343, 97
Trd, 4319140.643, 98
Trd, 4319140.993, 96
Trd, 4319141.393, 94
Trd, 4319142.393, 111
Trd, 4319144.493, 96
Trd, 4319148.193, 98
Trd, 4319148.543, 98
Trd, 4319148.843, 97
Trd, 4319152.043, 96
Trd, 4319153.493, 96
Trd, 4319153.843, 98
Trd, 4319155.043, 98
Trd, 4319156.043, 96
Trd, 4319158.593, 97
Trd, 4319159.193, 96
Trd, 4319159.993, 95
Trd, 4319160.143, 95
Trd, 4319161.643, 97
Trd, 4319163.443, 98
Trd, 4319164.543, 97
Trd, 4319164.743, 97
Trd, 4319166.543, 96
Trd, 4319167.293, 97
Trd, 4319168.793, 98
Trd, 4319168.843, 97
Trd, 4319170.743, 97
Trd, 4319173.243, 97
Trd, 4319173.493, 96
Trd, 4319174.243, 98
Trd, 4319174.743, 99
Trd, 4319177.293, 99
Trd, 4319178.193, 99
Trd, 4319179.243, 99
Trd, 4319181.443, 98
Trd, 4319182.393, 95
Trd, 4319183.793, 97
Trd, 4319184.493, 97
Trd, 4319185.493, 96
Trd, 4319186.293, 97
Trd, 4319188.143, 96
Trd, 4319188.243, 95
Trd, 4319189.843, 94
Trd, 4319190.843, 94
Trd, 4319190.993, 93
Trd, 4319195.993, 93
Trd, 4319196.243, 95
Trd, 4319196.593, 95
Trd, 4319198.593, 94
Trd, 4319200.693, 94
Trd, 4319201.193, 94
Trd, 4319201.693, 94
Trd, 4319202.043, 96
Trd, 4319205.693, 93
Trd, 4319207.893, 93
Trd, 4319208.093, 94
Trd, 4319208.843, 94
Trd, 4319209.143, 95
Trd, 4319212.243, 94
Trd, 4319212.593, 95
Trd, 4319213.993, 95
Trd, 4319215.193, 94
Trd, 4319217.343, 95
Trd, 4319219.643, 97
Trd, 4319220.243, 97
Trd, 4319220.843, 101
Trd, 4319223.193, 97
Trd, 4319223.993, 96
Trd, 4319224.843, 96
Trd, 4319225.243, 97
Trd, 4319225.743, 94
Trd, 4319228.393, 96
Trd, 4319228.693, 96
Trd, 4319231.343, 99
Trd, 4319231.393, 98
Trd, 4319233.443, 98
Trd, 4319233.743, 94
Trd, 4319237.393, 95
Trd, 4319237.793, 96
Trd, 4319238.493, 98
Trd, 4319239.893, 99
Trd, 4319239.943, 95
Trd, 4319242.543, 97
Trd, 4319244.343, 97
Trd, 4319244.593, 95
Trd, 4319245.043, 97
Trd, 4319247.343, 97
Trd, 4319248.393, 96
Trd, 4319249.393, 96
Trd, 4319249.743, 96
Trd, 4319250.343, 97
Trd, 4319250.743, 94
Trd, 4319254.893, 93
Trd, 4319255.243, 94
Trd, 4319255.843, 94
Trd, 4319256.193, 96
Trd, 4319258.093, 112
Trd, 4319258.993, 104
Trd, 4319259.493, 104
Trd, 4319261.143, 103
Trd, 4319263.743, 103
Trd, 4319266.793, 104
Trd, 4319267.693, 103
Trd, 4319267.843, 104
Trd, 4319269.043, 102
Trd, 4319269.643, 101
Trd, 4319272.343, 96
Trd, 4319272.593, 95
Trd, 4319272.843, 94
Trd, 4319273.693, 96
Trd, 4319274.943, 97
Trd, 4319276.343, 97
Trd, 4319276.943, 99
Trd, 4319277.593, 99
Trd, 4319279.093, 98
Trd, 4319280.893, 97
Trd, 4319282.993, 101
Trd, 4319283.093, 100
Trd, 4319284.293, 113
Trd, 4319285.843, 106
Trd, 4319286.893, 104
Trd, 4319288.293, 104
Trd, 4319290.043, 103
Trd, 4319293.243, 104
Trd, 4319295.643, 104
Trd, 4319296.143, 102
Trd, 4319297.793, 102
Trd, 4319300.443, 101
Trd, 4319300.543, 100
Trd, 4319302.893, 99
Trd, 4319303.293, 99
Trd, 4319304.043, 99
Trd, 4319305.993, 100
Trd, 4319306.343, 97
Trd, 4319309.093, 99
Trd, 4319310.893, 101
Trd, 4319311.193, 99
Trd, 4319313.243, 99
Trd, 4319315.293, 99
Trd, 4319316.743, 99
Trd, 4319317.593, 98
Trd, 4319317.943, 96
Trd, 4319321.293, 97
Trd, 4319322.143, 96
Trd, 4319322.293, 95
Trd, 4319322.493, 97
Trd, 4319323.643, 96
Trd, 4319324.593, 96
Trd, 4319325.593, 96
Trd, 4319326.943, 97
Trd, 4319327.443, 112
Trd, 4319330.093, 103
Trd, 4319333.343, 98
Trd, 4319333.543, 97
Trd, 4319336.493, 98
Trd, 4319336.693, 99
Trd, 4319337.543, 97
Trd, 4319338.343, 99
Trd, 4319338.943, 100
Trd, 4319341.393, 98
Trd, 4319343.493, 100
Trd, 4319343.643, 100
Trd, 4319346.143, 100
Trd, 4319346.293, 99
Trd, 4319346.443, 98
Trd, 4319348.493, 95
Trd, 4319351.343, 99
Trd, 4319351.493, 98
Trd, 4319353.293, 100
Trd, 4319354.493, 99
Trd, 4319354.543, 98
Trd, 4319355.193, 98
Trd, 4319357.193, 100
Trd, 4319358.143, 99
Trd, 4319362.043, 101
Trd, 4319363.193, 99
Trd, 4319363.343, 100
Trd, 4319363.793, 99
Trd, 4319363.843, 100
Trd, 4319365.293, 99
Trd, 4319366.793, 98
Trd, 4319366.993, 98
Trd, 4319369.643, 98
Trd, 4319369.993, 98
Trd, 4319372.993, 97
Trd, 4319373.793, 99
Trd, 4319374.093, 99
Trd, 4319375.943, 97
Trd, 4319376.243, 96
Trd, 4319377.193, 95
Trd, 4319377.543, 98
Trd, 4319378.943, 99
Trd, 4319381.243, 98
Trd, 4319381.343, 99
Trd, 4319382.543, 97
Trd, 4319383.443, 96
Trd, 4319383.793, 96
Trd, 4319384.593, 104
Trd, 4319385.543, 95
Trd, 4319387.843, 99
Trd, 4319388.093, 99
Trd, 4319388.743, 99
Trd, 4319392.443, 98
Trd, 4319392.793, 97
Trd, 4319396.443, 99
Trd, 4319397.043, 97
Trd, 4319398.343, 97
Trd, 4319399.493, 97
Trd, 4319400.043, 96
Trd, 4319400.993, 95
Trd, 4319403.193, 100
Trd, 4319404.643, 94
Trd, 4319404.993, 98
Trd, 4319407.343, 90
Trd, 4319408.943, 95
Trd, 4319410.693, 95
Trd, 4319412.843, 96
Trd, 4319414.143, 95
Trd, 4319415.843, 94
Trd, 4319416.643, 95
Trd, 4319417.543, 94
Trd, 4319420.493, 95
Trd, 4319421.343, 94
Trd, 4319422.443, 95
Trd, 4319423.193, 96
Trd, 4319424.043, 93
Trd, 4319426.993, 96
Trd, 4319428.193, 96
Trd, 4319428.943, 94
Trd, 4319429.443, 95
Trd, 4319429.943, 95
Trd, 4319430.193, 103
Trd, 4319432.993, 98
Trd, 4319433.293, 98
Trd, 4319435.043, 98
Trd, 4319436.343, 99
Trd, 4319438.293, 99
Trd, 4319440.543, 99
Trd, 4319440.993, 99
Trd, 4319441.993, 98
Trd, 4319442.343, 98
Trd, 4319442.743, 97
Trd, 4319444.493, 98
Trd, 4319445.293, 97
Trd, 4319447.143, 97
Trd, 4319448.393, 98
Trd, 4319449.243, 99
Trd, 4319450.443, 98
Trd, 4319451.743, 94
Trd, 4319453.143, 84
Trd, 4319453.493, 85
Trd, 4319455.793, 99
Trd, 4319457.443, 99
Trd, 4319458.193, 93
Trd, 4319458.443, 94
Trd, 4319462.043, 95
Trd, 4319462.093, 96
Trd, 4319463.093, 96
Trd, 4319464.743, 95
Trd, 4319466.093, 96
Trd, 4319467.743, 99
Trd, 4319470.743, 99
Trd, 4319470.893, 99
Trd, 4319470.943, 95
Trd, 4319471.443, 104
Trd, 4319474.993, 97
Trd, 4319476.343, 96
Trd, 4319476.843, 95
Trd, 4319480.293, 86
Trd, 4319480.493, 89
Trd, 4319480.593, 90
Trd, 4319481.193, 90
Trd, 4319482.893, 91
Trd, 4319483.843, 92
Trd, 4319485.293, 95
Trd, 4319485.393, 94
Trd, 4319486.693, 93
Trd, 4319489.193, 94
Trd, 4319491.393, 95
Trd, 4319492.693, 96
Trd, 4319494.143, 96
Trd, 4319495.243, 111
Trd, 4319496.743, 104
Trd, 4319498.243, 103
Trd, 4319498.793, 102
Trd, 4319499.593, 81
Trd, 4319502.093, 99
Trd, 4319502.693, 98
Trd, 4319503.343, 98
Trd, 4319505.343, 99
Trd, 4319507.143, 99
Trd, 4319508.993, 99
Trd, 4319509.143, 100
Trd, 4319512.743, 99
Trd, 4319513.643, 99
Trd, 4319516.343, 100
Trd, 4319517.143, 104
Trd, 4319518.043, 98
Trd, 4319519.393, 97
Trd, 4319520.043, 93
Trd, 4319522.693, 99
Trd, 4319523.643, 109
Trd, 4319524.643, 103
Trd, 4319527.693, 104
Trd, 4319530.093, 102
Trd, 4319530.193, 102
Trd, 4319530.643, 103
Trd, 4319532.893, 101
Trd, 4319535.093, 94
Trd, 4319535.443, 102
Trd, 4319537.893, 100
Trd, 4319540.943, 101
Trd, 4319541.443, 102
Trd, 4319541.593, 99
Trd, 4319543.393, 103
Trd, 4319543.593, 100
Trd, 4319546.493, 103
Trd, 4319546.793, 103
Trd, 4319548.443, 104
Trd, 4319548.493, 103
Trd, 4319549.593, 102
Trd, 4319551.793, 103
Trd, 4319552.943, 101
Trd, 4319554.843, 100
Trd, 4319555.393, 100
Trd, 4319556.143, 99
Trd, 4319559.043, 97
Trd, 4319559.893, 97
Trd, 4319560.193, 96
Trd, 4319561.393, 104
Trd, 4319564.593, 98
Trd, 4319565.143, 98
Trd, 4319566.443, 98
Trd, 4319566.943, 99
Trd, 4319568.243, 97
Trd, 4319568.293, 96
Trd, 4319570.093, 98
Trd, 4319570.493, 104
Trd, 4319572.943, 100
Trd, 4319574.043, 101
Trd, 4319574.543, 100
Trd, 4319575.543, 93
Trd, 4319576.443, 94
Trd, 4319577.543, 95
Trd, 4319579.143, 94
Trd, 4319580.393, 90
Trd, 4319580.443, 90
Trd, 4319582.343, 88
Trd, 4319582.543, 90
Trd, 4319583.243, 96
Trd, 4319586.093, 91
Trd, 4319586.493, 92
Trd, 4319588.493, 94
Trd, 4319590.643, 94
Trd, 4319591.443, 96
Trd, 4319593.443, 97
Trd, 4319594.593, 96
Trd, 4319597.393, 97
Trd, 4319598.843, 97
Trd, 4319599.193, 95
Trd, 4319600.493, 95
Trd, 4319601.593, 96
Trd, 4319603.043, 95
Trd, 4319603.943, 96
Trd, 4319604.943, 94
Trd, 4319608.943, 94
Trd, 4319609.343, 95
Trd, 4319612.593, 93
Trd, 4319612.993, 93
Trd, 4319613.293, 93
Trd, 4319613.943, 92
Trd, 4319615.543, 102
Trd, 4319617.343, 97
Trd, 4319618.543, 98
Trd, 4319618.893, 96
Trd, 4319621.043, 98
Trd, 4319623.043, 97
Trd, 4319623.693, 96
Trd, 4319624.893, 93
Trd, 4319626.143, 94
Trd, 4319627.393, 95
Trd, 4319628.293, 102
Trd, 4319628.343, 102
Trd, 4319629.093, 101
Trd, 4319629.343, 100
Trd, 4319630.343, 101
Trd, 4319631.243, 105
Trd, 4319631.293, 100
Trd, 4319633.993, 91
Trd, 4319634.393, 103
Trd, 4319637.193, 99
Trd, 4319637.293, 98
Trd, 4319638.893, 98
Trd, 4319641.293, 99
Trd, 4319641.393, 100
Trd, 4319642.993, 97
Trd, 4319645.343, 100
Trd, 4319646.593, 99
Trd, 4319648.293, 98
Trd, 4319648.743, 99
Trd, 4319649.093, 94
Trd, 4319650.993, 99
Trd, 4319652.093, 112
Trd, 4319653.343, 102
Trd, 4319654.393, 102
Trd, 4319655.243, 101
Trd, 4319655.943, 102
Trd, 4319657.043, 102
Trd, 4319657.193, 103
Trd, 4319659.843, 104
Trd, 4319661.643, 102
Trd, 4319661.943, 95
Trd, 4319661.993, 104
Trd, 4319666.193, 104
Trd, 4319666.543, 104
Trd, 4319667.743, 104
Trd, 4319668.443, 102
Trd, 4319670.593, 102
Trd, 4319670.793, 104
Trd, 4319672.493, 100
Trd, 4319673.743, 100
Trd, 4319674.393, 99
Trd, 4319677.793, 96
Trd, 4319678.043, 96
Trd, 4319679.743, 96
Trd, 4319679.793, 95
Trd, 4319680.793, 97
Trd, 4319681.743, 96
Trd, 4319682.193, 103
Trd, 4319684.443, 95
Trd, 4319686.893, 96
Trd, 4319688.693, 97
Trd, 4319689.743, 95
Trd, 4319689.993, 94
Trd, 4319692.243, 96
Trd, 4319693.293, 96
Trd, 4319694.043, 96
Trd, 4319697.243, 95
Trd, 4319697.443, 95
Trd, 4319697.593, 94
Trd, 4319699.443, 95
Trd, 4319700.693, 95
Trd, 4319700.793, 96
Trd, 4319700.843, 94
Trd, 4319705.193, 96
Trd, 4319705.793, 95
Trd, 4319707.943, 94
Trd, 4319709.443, 94
Trd, 4319709.943, 96
Trd, 4319713.093, 96
Trd, 4319714.793, 94
Trd, 4319716.193, 93
Trd, 4319716.443, 93
Trd, 4319717.443, 94
Trd, 4319718.093, 81
Trd, 4319720.243, 89
Trd, 4319720.593, 90
Trd, 4319720.743, 88
Trd, 4319723.093, 90
Trd, 4319724.193, 90
Trd, 4319725.193, 90
Trd, 4319727.843, 90
Trd, 4319728.943, 90
Trd, 4319730.193, 95
Trd, 4319730.893, 94
Trd, 4319731.343, 94
Trd, 4319731.493, 103
Trd, 4319733.643, 99
Trd, 4319734.593, 99
Trd, 4319735.743, 99
Trd, 4319736.493, 99
Trd, 4319739.143, 100
Trd, 4319739.693, 98
Trd, 4319740.693, 98
Trd, 4319742.843, 97
Trd, 4319743.393, 97
Trd, 4319744.793, 93
Trd, 4319745.243, 96
Trd, 4319746.093, 87
Trd, 4319748.343, 94
Trd, 4319749.243, 94
Trd, 4319750.243, 94
Trd, 4319750.743, 95
Trd, 4319751.043, 95
Trd, 4319753.893, 105
Trd, 4319754.243, 113
Trd, 4319754.443, 112
Trd, 4319755.793, 106
Trd, 4319757.243, 107
Trd, 4319759.843, 106
Trd, 4319760.093, 103
Trd, 4319765.343, 100
Trd, 4319765.443, 101
Trd, 4319765.693, 101
Trd, 4319766.593, 97
Trd, 4319767.393, 98
Trd, 4319768.343, 96
Trd, 4319769.743, 96
Trd, 4319772.243, 96
Trd, 4319774.043, 96
Trd, 4319775.193, 97
Trd, 4319776.243, 95
Trd, 4319777.193, 96
Trd, 4319779.893, 95
Trd, 4319780.093, 97
Trd, 4319782.643, 96
Trd, 4319785.043, 97
Trd, 4319786.143, 97
Trd, 4319786.193, 97
Trd, 4319786.893, 96
Trd, 4319790.543, 96
Trd, 4319790.743, 97
Trd, 4319791.443, 95
Trd, 4319793.693, 94
Trd, 4319795.043, 98
Trd, 4319796.993, 95
Trd, 4319797.243, 94
Trd, 4319797.643, 95
Trd, 4319800.443, 93
Trd, 4319801.193, 93
Trd, 4319802.043, 94
Trd, 4319802.143, 93
Trd, 4319803.793, 93
Trd, 4319804.193, 93
Trd, 4319806.443, 93
Trd, 4319807.143, 94
Trd, 4319807.743, 94
Trd, 4319808.543, 95
Trd, 4319809.143, 95
Trd, 4319810.743, 95
Trd, 4319811.543, 96
Trd, 4319813.693, 113
Trd, 4319813.743, 111
Trd, 4319814.293, 108
Trd, 4319816.493, 93
Trd, 4319817.943, 103
Trd, 4319819.943, 103
Trd, 4319820.693, 104
Trd, 4319822.643, 105
Trd, 4319823.343, 103
Trd, 4319826.393, 103
Trd, 4319827.343, 104
Trd, 4319828.443, 104
Trd, 4319829.593, 103
Trd, 4319831.893, 103
Trd, 4319833.743, 103
Trd, 4319833.843, 104
Trd, 4319834.843, 104
Trd, 4319835.843, 103
Trd, 4319837.243, 104
Trd, 4319837.993, 105
Trd, 4319838.243, 104
Trd, 4319840.243, 104
Trd, 4319841.093, 103
Trd, 4319841.143, 103
Trd, 4319842.743, 103
Trd, 4319842.943, 102
Trd, 4319844.743, 95
Trd, 4319846.393, 99
Trd, 4319846.443, 100
Trd, 4319849.043, 99
Trd, 4319850.543, 100
Trd, 4319850.943, 98
Trd, 4319852.443, 97
Trd, 4319852.743, 97
Trd, 4319853.543, 99
Trd, 4319854.843, 97
Trd, 4319854.893, 96
Trd, 4319857.243, 96
Trd, 4319857.443, 96
Trd, 4319859.893, 95
Trd, 4319860.643, 97
Trd, 4319862.543, 106
Trd, 4319863.793, 100
Trd, 4319864.643, 98
Trd, 4319864.893, 97
Trd, 4319867.743, 97
Trd, 4319868.843, 98
Trd, 4319870.043, 97
Trd, 4319871.543, 97
Trd, 4319872.543, 99
Trd, 4319874.143, 97
Trd, 4319876.593, 98
Trd, 4319876.843, 97
Trd, 4319877.043, 96
Trd, 4319879.443, 96
Trd, 4319879.993, 95
Trd, 4319880.443, 104
Trd, 4319883.093, 97
Trd, 4319886.193, 95
Trd, 4319887.393, 96
Trd, 4319888.143, 96
Trd, 4319889.493, 95
Trd, 4319889.543, 97
Trd, 4319891.093, 99
Trd, 4319892.643, 99
Trd, 4319893.343, 98
Trd, 4319893.543, 99
Trd, 4319895.093, 100
Trd, 4319896.343, 101
Trd, 4319896.543, 98
Trd, 4319897.343, 103
Trd, 4319902.243, 102
Trd, 4319902.743, 104
Trd, 4319903.193, 102
Trd, 4319903.493, 101
Trd, 4319903.593, 104
Trd, 4319905.593, 101
Trd, 4319906.893, 101
Trd, 4319907.493, 99
Trd, 4319909.343, 99
Trd, 4319910.243, 100
Trd, 4319911.293, 99
Trd, 4319912.343, 98
Trd, 4319913.493, 99
Trd, 4319913.743, 97
Trd, 4319917.493, 100
Trd, 4319917.643, 99
Trd, 4319918.543, 100
Trd, 4319921.293, 99
Trd, 4319921.593, 100
Trd, 4319924.343, 97
Trd, 4319925.693, 99
Trd, 4319927.793, 99
Trd, 4319927.993, 98
Trd, 4319929.043, 97
Trd, 4319931.443, 98
Trd, 4319931.793, 98
Trd, 4319932.043, 97
Trd, 4319933.543, 96
Trd, 4319936.093, 97
Trd, 4319936.843, 98
Trd, 4319937.793, 104
Trd, 4319939.593, 101
Trd, 4319940.893, 100
Trd, 4319941.043, 99
Trd, 4319942.293, 100
Trd, 4319944.793, 99
Trd, 4319945.693, 98
Trd, 4319946.893, 98
Trd, 4319947.193, 101
Trd, 4319948.343, 97
Trd, 4319950.243, 100
Trd, 4319950.793, 99
Trd, 4319954.793, 97
Trd, 4319955.893, 95
Trd, 4319958.493, 98
Trd, 4319959.043, 98
Trd, 4319959.493, 98
Trd, 4319959.543, 104
Trd, 4319962.693, 101
Trd, 4319963.443, 102
Trd, 4319964.593, 103
Trd, 4319965.543, 100
Trd, 4319966.493, 100
Trd, 4319968.093, 100
Trd, 4319968.843, 99
Trd, 4319971.043, 100
Trd, 4319971.443, 101
Trd, 4319972.143, 100
Trd, 4319974.243, 99
Trd, 4319974.393, 99
Trd, 4319976.993, 100
Trd, 4319978.793, 100
Trd, 4319979.293, 99
Trd, 4319980.693, 100
Trd, 4319982.193, 99
Trd, 4319982.343, 100
Trd, 4319985.493, 97
Trd, 4319985.593, 97
Trd, 4319986.643, 99
Trd, 4319987.443, 99
Trd, 4319988.243, 99
Trd, 4319991.843, 99
Trd, 4319992.993, 98
Trd, 4319993.643, 100
Trd, 4319994.693, 99
Trd, 4319995.243, 100
Trd, 4319996.793, 100
