Trd, 4317830.443, 95
Trd, 4317830.793, 95
Trd, 4317832.843, 96
Trd, 4317832.943, 94
Trd, 4317835.093, 96
Trd, 4317837.743, 96
Trd, 4317838.543, 96
Trd, 4317840.843, 98
Trd, 4317842.243, 97
Trd, 4317843.493, 96
Trd, 4317843.893, 96
Trd, 4317844.893, 95
Trd, 4317846.593, 93
Trd, 4317848.243, 93
Trd, 4317852.993, 95
Trd, 4317853.843, 95
Trd, 4317854.393, 94
Trd, 4317855.293, 94
Trd, 4317858.493, 95
Trd, 4317859.343, 96
Trd, 4317860.043, 95
Trd, 4317861.043, 95
Trd, 4317863.643, 99
Trd, 4317863.743, 99
Trd, 4317866.193, 98
Trd, 4317866.543, 98
Trd, 4317867.993, 97
Trd, 4317869.593, 99
Trd, 4317870.193, 99
Trd, 4317872.743, 101
Trd, 4317873.193, 99
Trd, 4317873.543, 98
Trd, 4317874.943, 70
Trd, 4317876.243, 95
Trd, 4317877.093, 99
Trd, 4317878.193, 100
Trd, 4317878.943, 86
Trd, 4317881.243, 97
Trd, 4317881.643, 96
Trd, 4317882.393, 84
Trd, 4317885.543, 95
Trd, 4317887.793, 93
Trd, 4317889.693, 95
Trd, 4317890.943, 93
Trd, 4317894.493, 93
Trd, 4317894.643, 95
Trd, 4317896.443, 92
Trd, 4317897.643, 91
Trd, 4317899.593, 93
Trd, 4317902.243, 95
Trd, 4317903.093, 96
Trd, 4317903.593, 96
Trd, 4317903.993, 95
Trd, 4317904.993, 94
Trd, 4317905.643, 94
Trd, 4317906.593, 93
Trd, 4317908.043, 94
Trd, 4317908.493, 93
Trd, 4317913.643, 93
Trd, 4317914.043, 93
Trd, 4317915.293, 92
Trd, 4317918.293, 92
Trd, 4317922.943, 92
Trd, 4317925.093, 92
Trd, 4317928.443, 93
Trd, 4317928.543, 94
Trd, 4317930.193, 94
Trd, 4317930.693, 94
Trd, 4317933.343, 93
Trd, 4317935.443, 97
Trd, 4317936.543, 96
Trd, 4317937.543, 96
Trd, 4317937.993, 80
Trd, 4317939.543, 90
Trd, 4317941.493, 93
Trd, 4317944.293, 92
Trd, 4317944.793, 92
Trd, 4317949.243, 91
Trd, 4317950.793, 92
Trd, 4317954.893, 92
Trd, 4317955.443, 92
Trd, 4317956.993, 93
Trd, 4317958.893, 92
Trd, 4317959.243, 92
Trd, 4317959.493, 91
Trd, 4317966.093, 92
Trd, 4317967.493, 90
Trd, 4317968.543, 92
Trd, 4317970.543, 91
Trd, 4317972.143, 90
Trd, 4317973.243, 92
Trd, 4317973.643, 89
Trd, 4317974.843, 92
Trd, 4317977.193, 92
Trd, 4317979.893, 92
Trd, 4317980.893, 91
Trd, 4317983.943, 92
Trd, 4317985.993, 91
Trd, 4317986.143, 92
Trd, 4317987.843, 91
Trd, 4317989.643, 92
Trd, 4317990.343, 91
Trd, 4317992.793, 91
Trd, 4317996.243, 92
Trd, 4317997.343, 92
Trd, 4317998.093, 91
Trd, 4317999.393, 93
Trd, 4318002.443, 93
Trd, 4318003.193, 92
Trd, 4318007.643, 96
Trd, 4318008.393, 97
Trd, 4318009.293, 96
Trd, 4318012.993, 96
Trd, 4318013.443, 96
Trd, 4318015.093, 96
Trd, 4318015.293, 96
Trd, 4318016.143, 95
Trd, 4318018.043, 97
Trd, 4318019.843, 97
Trd, 4318022.243, 97
Trd, 4318025.243, 103
Trd, 4318025.593, 102
Trd, 4318027.443, 102
Trd, 4318027.743, 101
Trd, 4318028.043, 101
Trd, 4318029.993, 100
Trd, 4318031.093, 97
Trd, 4318032.043, 97
Trd, 4318032.243, 95
Trd, 4318035.043, 96
Trd, 4318035.093, 95
Trd, 4318037.343, 94
Trd, 4318037.693, 95
Trd, 4318037.943, 95
Trd, 4318039.193, 94
Trd, 4318040.943, 95
Trd, 4318042.293, 94
Trd, 4318045.293, 97
Trd, 4318046.343, 96
Trd, 4318046.443, 95
Trd, 4318047.643, 94
Trd, 4318049.793, 98
Trd, 4318050.143, 94
Trd, 4318052.693, 94
Trd, 4318055.743, 94
Trd, 4318056.143, 95
Trd, 4318060.393, 95
Trd, 4318060.793, 96
Trd, 4318061.443, 95
Trd, 4318061.993, 94
Trd, 4318062.593, 93
Trd, 4318067.393, 95
Trd, 4318068.043, 96
Trd, 4318068.143, 95
Trd, 4318069.293, 94
Trd, 4318071.593, 98
Trd, 4318072.193, 104
Trd, 4318073.293, 103
Trd, 4318073.843, 104
Trd, 4318075.243, 105
Trd, 4318075.643, 104
Trd, 4318078.043, 103
Trd, 4318079.293, 80
Trd, 4318082.643, 104
Trd, 4318084.343, 103
Trd, 4318085.243, 103
Trd, 4318086.193, 103
Trd, 4318086.293, 100
Trd, 4318087.493, 100
Trd, 4318088.343, 71
Trd, 4318089.743, 84
Trd, 4318093.893, 102
Trd, 4318094.243, 101
Trd, 4318096.243, 99
Trd, 4318097.893, 100
Trd, 4318098.643, 99
Trd, 4318099.893, 100
Trd, 4318100.293, 100
Trd, 4318104.393, 109
Trd, 4318104.893, 108
Trd, 4318105.843, 83
Trd, 4318107.343, 101
Trd, 4318108.443, 100
Trd, 4318108.593, 100
Trd, 4318108.843, 99
Trd, 4318108.993, 97
Trd, 4318110.143, 71
Trd, 4318113.793, 92
Trd, 4318114.493, 90
Trd, 4318115.493, 96
Trd, 4318115.593, 96
Trd, 4318117.243, 97
Trd, 4318118.543, 97
Trd, 4318119.993, 97
Trd, 4318123.093, 100
Trd, 4318123.343, 100
Trd, 4318123.493, 99
Trd, 4318124.893, 101
Trd, 4318125.293, 100
Trd, 4318126.393, 100
Trd, 4318127.193, 100
Trd, 4318129.043, 100
Trd, 4318129.343, 79
Trd, 4318131.593, 84
Trd, 4318134.493, 91
Trd, 4318135.043, 90
Trd, 4318135.443, 90
Trd, 4318140.193, 94
Trd, 4318141.543, 95
Trd, 4318142.993, 97
Trd, 4318143.843, 98
Trd, 4318144.243, 97
Trd, 4318144.743, 96
Trd, 4318146.043, 97
Trd, 4318147.293, 96
Trd, 4318149.143, 100
Trd, 4318150.393, 100
Trd, 4318150.593, 96
Trd, 4318151.593, 66
Trd, 4318154.543, 93
Trd, 4318155.493, 107
Trd, 4318156.643, 107
Trd, 4318157.243, 104
Trd, 4318157.643, 99
Trd, 4318161.493, 105
Trd, 4318161.643, 105
Trd, 4318162.643, 105
Trd, 4318163.693, 101
Trd, 4318164.393, 102
Trd, 4318165.593, 102
Trd, 4318166.193, 101
Trd, 4318168.993, 101
Trd, 4318169.243, 100
Trd, 4318170.493, 99
Trd, 4318172.193, 100
Trd, 4318172.343, 99
Trd, 4318174.093, 98
Trd, 4318177.043, 97
Trd, 4318178.993, 96
Trd, 4318180.993, 97
Trd, 4318182.543, 96
Trd, 4318185.493, 97
Trd, 4318186.893, 96
Trd, 4318187.743, 95
Trd, 4318190.293, 95
Trd, 4318191.643, 94
Trd, 4318193.193, 96
Trd, 4318193.643, 96
Trd, 4318196.743, 96
Trd, 4318198.493, 97
Trd, 4318199.043, 96
Trd, 4318199.143, 95
Trd, 4318199.493, 95
Trd, 4318203.143, 94
Trd, 4318203.443, 93
Trd, 4318207.343, 94
Trd, 4318210.743, 97
Trd, 4318211.043, 97
Trd, 4318211.293, 86
Trd, 4318213.993, 95
Trd, 4318215.443, 94
Trd, 4318216.693, 94
Trd, 4318218.843, 94
Trd, 4318218.893, 93
Trd, 4318221.093, 93
Trd, 4318224.093, 96
Trd, 4318224.143, 93
Trd, 4318226.093, 96
Trd, 4318226.193, 94
Trd, 4318226.443, 95
Trd, 4318228.043, 94
Trd, 4318229.293, 94
Trd, 4318231.793, 93
Trd, 4318234.793, 96
Trd, 4318236.143, 95
Trd, 4318238.043, 96
Trd, 4318238.393, 97
Trd, 4318241.243, 100
Trd, 4318242.793, 99
Trd, 4318243.493, 99
Trd, 4318243.693, 100
Trd, 4318244.193, 99
Trd, 4318246.243, 99
Trd, 4318246.543, 99
Trd, 4318247.143, 99
Trd, 4318247.693, 98
Trd, 4318249.543, 86
Trd, 4318250.993, 94
Trd, 4318253.643, 95
Trd, 4318254.593, 93
Trd, 4318255.793, 95
Trd, 4318257.143, 94
Trd, 4318262.493, 94
Trd, 4318264.393, 96
Trd, 4318264.593, 96
Trd, 4318265.043, 93
Trd, 4318269.743, 94
Trd, 4318270.893, 93
Trd, 4318272.143, 93
Trd, 4318274.143, 92
Trd, 4318277.193, 93
Trd, 4318277.743, 92
Trd, 4318281.543, 98
Trd, 4318282.393, 100
Trd, 4318283.343, 100
Trd, 4318284.743, 100
Trd, 4318284.893, 101
Trd, 4318286.193, 100
Trd, 4318286.843, 99
Trd, 4318287.343, 97
Trd, 4318288.943, 85
Trd, 4318290.593, 89
Trd, 4318293.093, 89
Trd, 4318293.293, 91
Trd, 4318294.593, 105
Trd, 4318295.593, 105
Trd, 4318295.793, 104
Trd, 4318296.493, 104
Trd, 4318300.893, 103
Trd, 4318302.393, 102
Trd, 4318302.643, 102
Trd, 4318304.643, 104
Trd, 4318305.443, 104
Trd, 4318305.493, 103
Trd, 4318306.493, 102
Trd, 4318307.243, 101
Trd, 4318308.143, 78
Trd, 4318309.493, 84
Trd, 4318311.693, 90
Trd, 4318315.743, 93
Trd, 4318315.793, 93
Trd, 4318316.393, 95
Trd, 4318317.193, 93
Trd, 4318318.443, 91
Trd, 4318320.093, 89
Trd, 4318325.443, 95
Trd, 4318326.693, 95
Trd, 4318327.343, 95
Trd, 4318330.993, 95
Trd, 4318331.193, 94
Trd, 4318332.743, 94
Trd, 4318333.743, 93
Trd, 4318334.693, 93
Trd, 4318337.693, 95
Trd, 4318338.293, 97
Trd, 4318338.793, 97
Trd, 4318339.593, 96
Trd, 4318342.243, 96
Trd, 4318343.343, 95
Trd, 4318343.843, 95
Trd, 4318344.643, 97
Trd, 4318345.693, 97
Trd, 4318348.143, 96
Trd, 4318348.743, 96
Trd, 4318349.193, 97
Trd, 4318351.343, 97
Trd, 4318353.493, 97
Trd, 4318354.193, 98
Trd, 4318356.093, 98
Trd, 4318356.793, 97
Trd, 4318357.243, 97
Trd, 4318360.693, 96
Trd, 4318360.743, 97
Trd, 4318361.043, 96
Trd, 4318363.943, 96
Trd, 4318366.643, 95
Trd, 4318367.943, 94
Trd, 4318369.043, 94
Trd, 4318373.993, 96
Trd, 4318378.993, 95
Trd, 4318379.693, 94
Trd, 4318380.543, 93
Trd, 4318382.193, 93
Trd, 4318384.693, 92
Trd, 4318386.643, 91
Trd, 4318386.943, 90
Trd, 4318386.993, 90
Trd, 4318388.043, 90
Trd, 4318390.493, 91
Trd, 4318392.593, 93
Trd, 4318394.343, 92
Trd, 4318395.443, 91
Trd, 4318396.593, 92
Trd, 4318403.943, 91
Trd, 4318405.543, 92
Trd, 4318408.693, 93
Trd, 4318411.343, 94
Trd, 4318412.643, 95
Trd, 4318412.843, 94
Trd, 4318414.193, 93
Trd, 4318414.993, 93
Trd, 4318418.393, 95
Trd, 4318419.493, 96
Trd, 4318420.493, 95
Trd, 4318422.993, 102
Trd, 4318424.343, 102
Trd, 4318424.493, 101
Trd, 4318424.843, 101
Trd, 4318426.643, 91
Trd, 4318426.993, 95
Trd, 4318428.293, 93
Trd, 4318429.443, 86
Trd, 4318429.743, 95
Trd, 4318432.293, 93
Trd, 4318434.293, 95
Trd, 4318434.843, 95
Trd, 4318436.543, 96
Trd, 4318439.593, 96
Trd, 4318439.743, 96
Trd, 4318439.943, 96
Trd, 4318441.743, 95
Trd, 4318444.293, 103
Trd, 4318444.993, 104
Trd, 4318445.243, 103
Trd, 4318445.593, 104
Trd, 4318446.493, 90
Trd, 4318447.193, 77
Trd, 4318448.643, 93
Trd, 4318452.093, 97
Trd, 4318453.193, 96
Trd, 4318453.443, 93
Trd, 4318455.443, 95
Trd, 4318455.693, 94
Trd, 4318455.743, 93
Trd, 4318455.843, 92
Trd, 4318460.743, 96
Trd, 4318461.743, 95
Trd, 4318462.993, 93
Trd, 4318466.943, 94
Trd, 4318469.943, 95
Trd, 4318470.943, 96
Trd, 4318471.343, 95
Trd, 4318473.593, 95
Trd, 4318474.543, 95
Trd, 4318475.243, 95
Trd, 4318476.193, 94
Trd, 4318479.243, 95
Trd, 4318480.693, 95
Trd, 4318482.643, 98
Trd, 4318483.243, 98
Trd, 4318483.343, 98
Trd, 4318485.193, 97
Trd, 4318485.993, 98
Trd, 4318488.293, 98
Trd, 4318488.393, 98
Trd, 4318489.843, 101
Trd, 4318490.193, 100
Trd, 4318491.393, 99
Trd, 4318492.543, 99
Trd, 4318492.843, 99
Trd, 4318495.193, 100
Trd, 4318497.243, 100
Trd, 4318498.243, 100
Trd, 4318498.293, 100
Trd, 4318500.193, 102
Trd, 4318501.593, 102
Trd, 4318502.243, 102
Trd, 4318502.443, 101
Trd, 4318504.793, 100
Trd, 4318505.643, 100
Trd, 4318507.193, 102
Trd, 4318507.243, 100
Trd, 4318508.343, 101
Trd, 4318509.343, 99
Trd, 4318510.093, 82
Trd, 4318513.793, 92
Trd, 4318515.793, 94
Trd, 4318519.143, 96
Trd, 4318519.893, 94
Trd, 4318522.843, 93
Trd, 4318524.593, 92
Trd, 4318526.093, 94
Trd, 4318529.043, 94
Trd, 4318529.193, 76
Trd, 4318532.893, 92
Trd, 4318534.693, 93
Trd, 4318535.193, 91
Trd, 4318536.443, 93
Trd, 4318537.993, 92
Trd, 4318539.693, 94
Trd, 4318540.143, 95
Trd, 4318540.543, 92
Trd, 4318541.743, 92
Trd, 4318543.393, 90
Trd, 4318545.093, 90
Trd, 4318546.993, 94
Trd, 4318549.543, 95
Trd, 4318549.843, 94
Trd, 4318551.893, 97
Trd, 4318552.893, 96
Trd, 4318554.293, 95
Trd, 4318555.843, 97
Trd, 4318557.743, 96
Trd, 4318559.493, 95
Trd, 4318559.543, 94
Trd, 4318561.093, 94
Trd, 4318564.143, 95
Trd, 4318566.493, 98
Trd, 4318567.393, 98
Trd, 4318567.443, 98
Trd, 4318569.093, 99
Trd, 4318569.543, 98
Trd, 4318570.093, 74
Trd, 4318573.443, 99
Trd, 4318573.793, 97
Trd, 4318575.093, 98
Trd, 4318575.643, 97
Trd, 4318580.193, 98
Trd, 4318580.293, 97
Trd, 4318581.743, 96
Trd, 4318584.343, 98
Trd, 4318584.843, 95
Trd, 4318587.393, 96
Trd, 4318587.693, 94
Trd, 4318588.443, 91
Trd, 4318590.193, 93
Trd, 4318591.793, 94
Trd, 4318592.693, 93
Trd, 4318592.993, 95
Trd, 4318595.093, 92
Trd, 4318596.693, 91
Trd, 4318597.593, 92
Trd, 4318601.693, 92
Trd, 4318602.593, 91
Trd, 4318603.093, 90
Trd, 4318605.093, 91
Trd, 4318607.643, 92
Trd, 4318609.593, 91
Trd, 4318610.343, 91
Trd, 4318611.943, 92
Trd, 4318614.293, 93
Trd, 4318615.793, 92
Trd, 4318621.643, 94
Trd, 4318621.843, 92
Trd, 4318623.043, 94
Trd, 4318623.243, 91
Trd, 4318624.743, 91
Trd, 4318627.943, 94
Trd, 4318628.843, 95
Trd, 4318632.493, 94
Trd, 4318632.643, 95
Trd, 4318634.343, 94
Trd, 4318634.743, 94
Trd, 4318635.893, 96
Trd, 4318636.293, 94
Trd, 4318638.293, 94
Trd, 4318639.093, 93
Trd, 4318640.543, 96
Trd, 4318641.243, 94
Trd, 4318644.943, 94
Trd, 4318645.393, 93
Trd, 4318648.493, 94
Trd, 4318649.243, 93
Trd, 4318649.343, 92
Trd, 4318652.443, 95
Trd, 4318654.193, 95
Trd, 4318654.543, 94
Trd, 4318656.943, 94
Trd, 4318658.043, 97
Trd, 4318658.643, 94
Trd, 4318661.843, 99
Trd, 4318662.743, 99
Trd, 4318664.243, 99
Trd, 4318665.893, 98
Trd, 4318667.843, 97
Trd, 4318667.943, 97
Trd, 4318669.443, 99
Trd, 4318669.793, 97
Trd, 4318670.993, 96
Trd, 4318672.093, 94
Trd, 4318674.943, 85
Trd, 4318677.393, 92
Trd, 4318678.393, 92
Trd, 4318681.843, 93
Trd, 4318683.543, 92
Trd, 4318685.493, 99
Trd, 4318686.443, 99
Trd, 4318686.743, 99
Trd, 4318688.343, 98
Trd, 4318688.493, 98
Trd, 4318690.593, 98
Trd, 4318691.543, 97
Trd, 4318691.893, 88
Trd, 4318693.593, 102
Trd, 4318694.093, 100
Trd, 4318695.543, 99
Trd, 4318699.193, 102
Trd, 4318699.693, 101
Trd, 4318699.893, 101
Trd, 4318701.493, 100
Trd, 4318702.943, 100
Trd, 4318703.543, 98
Trd, 4318705.343, 98
Trd, 4318706.243, 87
Trd, 4318709.643, 106
Trd, 4318710.143, 108
Trd, 4318710.193, 108
Trd, 4318711.093, 104
Trd, 4318712.343, 86
Trd, 4318713.443, 79
Trd, 4318715.893, 95
Trd, 4318716.043, 88
Trd, 4318718.093, 94
Trd, 4318720.293, 102
Trd, 4318720.843, 101
Trd, 4318721.843, 101
Trd, 4318723.493, 100
Trd, 4318724.793, 100
Trd, 4318725.143, 100
Trd, 4318725.443, 101
Trd, 4318726.743, 100
Trd, 4318728.193, 100
Trd, 4318729.093, 92
Trd, 4318731.993, 98
Trd, 4318732.143, 97
Trd, 4318733.043, 96
Trd, 4318736.543, 98
Trd, 4318736.593, 96
Trd, 4318736.643, 96
Trd, 4318737.393, 95
Trd, 4318740.943, 99
Trd, 4318741.593, 99
Trd, 4318742.393, 98
Trd, 4318745.493, 98
Trd, 4318746.993, 98
Trd, 4318747.393, 97
Trd, 4318747.693, 96
Trd, 4318749.093, 84
Trd, 4318752.043, 92
Trd, 4318753.243, 92
Trd, 4318755.643, 95
Trd, 4318757.893, 94
Trd, 4318758.443, 96
Trd, 4318759.943, 93
Trd, 4318762.193, 96
Trd, 4318763.143, 95
Trd, 4318763.393, 95
Trd, 4318765.093, 95
Trd, 4318769.243, 94
Trd, 4318769.743, 94
Trd, 4318770.893, 94
Trd, 4318772.443, 93
Trd, 4318775.943, 92
Trd, 4318776.243, 94
Trd, 4318777.343, 95
Trd, 4318777.643, 95
Trd, 4318778.743, 94
Trd, 4318779.993, 95
Trd, 4318780.893, 97
Trd, 4318782.393, 96
Trd, 4318783.943, 91
Trd, 4318786.943, 101
Trd, 4318787.443, 102
Trd, 4318788.193, 104
Trd, 4318788.743, 104
Trd, 4318788.993, 103
Trd, 4318789.393, 103
Trd, 4318790.893, 97
Trd, 4318793.393, 99
Trd, 4318793.993, 98
Trd, 4318795.343, 98
Trd, 4318796.743, 81
Trd, 4318798.143, 89
Trd, 4318800.993, 95
Trd, 4318801.543, 95
Trd, 4318803.343, 94
Trd, 4318803.943, 94
Trd, 4318807.343, 95
Trd, 4318810.343, 93
Trd, 4318811.293, 96
Trd, 4318811.593, 95
Trd, 4318812.993, 95
Trd, 4318816.243, 95
Trd, 4318816.793, 95
Trd, 4318817.093, 94
Trd, 4318818.793, 98
Trd, 4318819.693, 99
Trd, 4318822.193, 95
Trd, 4318822.243, 83
Trd, 4318826.093, 94
Trd, 4318827.343, 93
Trd, 4318827.593, 92
Trd, 4318828.293, 91
Trd, 4318829.343, 90
Trd, 4318832.543, 92
Trd, 4318832.693, 91
Trd, 4318835.343, 90
Trd, 4318837.143, 92
Trd, 4318839.093, 91
Trd, 4318841.793, 98
Trd, 4318842.043, 97
Trd, 4318842.143, 97
Trd, 4318842.743, 99
Trd, 4318845.143, 98
Trd, 4318846.043, 94
Trd, 4318846.093, 95
Trd, 4318848.893, 95
Trd, 4318850.993, 96
Trd, 4318851.193, 96
Trd, 4318852.043, 95
Trd, 4318853.993, 95
Trd, 4318854.643, 75
Trd, 4318855.543, 87
Trd, 4318860.693, 91
Trd, 4318861.093, 90
Trd, 4318863.893, 92
Trd, 4318864.943, 95
Trd, 4318865.193, 95
Trd, 4318868.593, 95
Trd, 4318869.293, 94
Trd, 4318872.493, 94
Trd, 4318873.043, 94
Trd, 4318876.743, 92
Trd, 4318879.943, 96
Trd, 4318881.043, 96
Trd, 4318881.743, 96
Trd, 4318882.593, 95
Trd, 4318884.593, 98
Trd, 4318886.793, 98
Trd, 4318887.393, 97
Trd, 4318888.643, 97
Trd, 4318892.543, 99
Trd, 4318892.793, 98
Trd, 4318894.393, 98
Trd, 4318895.193, 97
Trd, 4318896.093, 97
Trd, 4318898.943, 96
Trd, 4318901.493, 95
Trd, 4318901.843, 94
Trd, 4318902.043, 94
Trd, 4318903.793, 93
Trd, 4318906.843, 93
Trd, 4318908.893, 96
Trd, 4318910.593, 95
Trd, 4318911.243, 94
Trd, 4318913.243, 93
Trd, 4318915.043, 95
Trd, 4318915.143, 93
Trd, 4318917.093, 93
Trd, 4318919.493, 96
Trd, 4318919.693, 94
Trd, 4318921.493, 97
Trd, 4318921.893, 96
Trd, 4318923.943, 95
Trd, 4318925.493, 98
Trd, 4318925.893, 98
Trd, 4318927.893, 97
Trd, 4318928.543, 96
Trd, 4318930.343, 96
Trd, 4318931.643, 100
Trd, 4318932.293, 98
Trd, 4318933.093, 100
Trd, 4318933.993, 99
Trd, 4318934.293, 99
Trd, 4318937.193, 102
Trd, 4318939.943, 104
Trd, 4318940.143, 101
Trd, 4318940.543, 96
Trd, 4318940.943, 97
Trd, 4318942.993, 98
Trd, 4318943.443, 96
Trd, 4318945.243, 95
Trd, 4318945.293, 95
Trd, 4318946.643, 94
Trd, 4318948.343, 96
Trd, 4318948.943, 95
Trd, 4318950.393, 96
Trd, 4318952.393, 106
Trd, 4318952.743, 106
Trd, 4318952.993, 105
Trd, 4318953.643, 104
Trd, 4318955.893, 102
Trd, 4318956.143, 80
Trd, 4318957.293, 95
Trd, 4318958.543, 99
Trd, 4318960.293, 98
Trd, 4318963.843, 102
Trd, 4318964.993, 103
Trd, 4318965.143, 101
Trd, 4318965.593, 104
Trd, 4318966.193, 102
Trd, 4318967.193, 104
Trd, 4318967.243, 103
Trd, 4318971.343, 104
Trd, 4318972.243, 104
Trd, 4318973.543, 104
Trd, 4318974.593, 104
Trd, 4318976.893, 105
Trd, 4318978.193, 104
Trd, 4318978.943, 104
Trd, 4318980.493, 108
Trd, 4318982.643, 108
Trd, 4318983.693, 107
Trd, 4318984.443, 106
Trd, 4318984.643, 106
Trd, 4318986.393, 105
Trd, 4318986.743, 104
Trd, 4318988.243, 82
Trd, 4318990.943, 99
Trd, 4318993.993, 100
Trd, 4318994.493, 101
Trd, 4318996.643, 100
Trd, 4318997.193, 101
Trd, 4318998.143, 101
Trd, 4319000.343, 99
Trd, 4319000.743, 98
Trd, 4319005.093, 99
Trd, 4319005.943, 99
Trd, 4319006.443, 98
Trd, 4319008.143, 100
Trd, 4319009.193, 100
Trd, 4319009.843, 100
Trd, 4319011.743, 100
Trd, 4319012.493, 99
Trd, 4319012.743, 99
Trd, 4319015.393, 100
Trd, 4319017.743, 99
Trd, 4319018.193, 99
Trd, 4319020.693, 101
Trd, 4319023.043, 102
Trd, 4319023.993, 103
Trd, 4319025.743, 102
Trd, 4319026.143, 102
Trd, 4319027.793, 101
Trd, 4319027.943, 101
Trd, 4319029.393, 94
Trd, 4319029.643, 86
Trd, 4319030.343, 82
Trd, 4319034.643, 96
Trd, 4319035.643, 95
Trd, 4319037.743, 95
Trd, 4319041.043, 94
Trd, 4319041.893, 95
Trd, 4319042.093, 93
Trd, 4319042.793, 93
Trd, 4319043.393, 93
Trd, 4319044.543, 91
Trd, 4319046.393, 92
Trd, 4319047.193, 90
Trd, 4319048.193, 90
Trd, 4319052.743, 93
Trd, 4319053.393, 96
Trd, 4319053.843, 95
Trd, 4319056.993, 97
Trd, 4319057.393, 96
Trd, 4319060.193, 96
Trd, 4319062.793, 96
Trd, 4319064.143, 101
Trd, 4319066.243, 101
Trd, 4319067.093, 101
Trd, 4319067.343, 101
Trd, 4319067.443, 91
Trd, 4319068.293, 80
Trd, 4319072.293, 90
Trd, 4319072.493, 88
Trd, 4319073.893, 89
Trd, 4319074.743, 91
Trd, 4319077.743, 93
Trd, 4319079.043, 92
Trd, 4319082.143, 93
Trd, 4319084.043, 93
Trd, 4319084.343, 93
Trd, 4319084.943, 86
Trd, 4319087.493, 94
Trd, 4319088.543, 98
Trd, 4319089.293, 97
Trd, 4319091.693, 98
Trd, 4319092.543, 98
Trd, 4319093.543, 99
Trd, 4319093.943, 97
Trd, 4319094.043, 97
Trd, 4319094.893, 95
Trd, 4319097.743, 96
Trd, 4319099.343, 96
Trd, 4319102.693, 96
Trd, 4319102.743, 96
Trd, 4319103.743, 94
Trd, 4319104.443, 95
Trd, 4319104.743, 94
Trd, 4319107.243, 92
Trd, 4319109.943, 93
Trd, 4319110.043, 92
Trd, 4319111.293, 73
Trd, 4319113.543, 91
Trd, 4319114.693, 95
Trd, 4319115.193, 94
Trd, 4319117.793, 93
Trd, 4319119.043, 95
Trd, 4319120.943, 94
Trd, 4319122.043, 93
Trd, 4319123.343, 92
Trd, 4319123.693, 91
Trd, 4319125.093, 96
Trd, 4319126.143, 98
Trd, 4319126.793, 98
Trd, 4319129.893, 101
Trd, 4319130.243, 100
Trd, 4319132.293, 100
Trd, 4319134.243, 100
Trd, 4319134.393, 100
Trd, 4319135.993, 99
Trd, 4319137.793, 99
Trd, 4319138.293, 99
Trd, 4319141.393, 104
Trd, 4319141.643, 99
Trd, 4319141.793, 102
Trd, 4319142.943, 102
Trd, 4319144.243, 102
Trd, 4319144.543, 85
Trd, 4319144.593, 89
Trd, 4319148.143, 95
Trd, 4319150.143, 93
Trd, 4319150.693, 91
Trd, 4319153.043, 91
Trd, 4319156.093, 90
Trd, 4319160.293, 91
Trd, 4319163.793, 96
Trd, 4319165.893, 96
Trd, 4319166.843, 96
Trd, 4319168.043, 97
Trd, 4319168.243, 97
Trd, 4319170.943, 96
Trd, 4319171.993, 98
Trd, 4319173.643, 97
Trd, 4319173.793, 96
Trd, 4319173.943, 77
Trd, 4319174.893, 88
Trd, 4319177.443, 90
Trd, 4319178.593, 84
Trd, 4319180.443, 87
Trd, 4319181.843, 93
Trd, 4319182.843, 95
Trd, 4319185.143, 95
Trd, 4319185.243, 95
Trd, 4319187.493, 95
Trd, 4319189.143, 95
Trd, 4319191.493, 98
Trd, 4319192.643, 97
Trd, 4319193.993, 97
Trd, 4319195.343, 96
Trd, 4319196.293, 97
Trd, 4319197.043, 97
Trd, 4319198.593, 96
Trd, 4319201.893, 95
Trd, 4319202.993, 94
Trd, 4319205.143, 95
Trd, 4319205.743, 95
Trd, 4319207.993, 94
Trd, 4319208.143, 95
Trd, 4319210.243, 94
Trd, 4319210.693, 95
Trd, 4319213.843, 94
Trd, 4319214.943, 95
Trd, 4319218.793, 94
Trd, 4319219.993, 95
Trd, 4319220.793, 94
Trd, 4319222.493, 94
Trd, 4319225.093, 99
Trd, 4319225.193, 98
Trd, 4319225.643, 98
Trd, 4319226.543, 97
Trd, 4319228.093, 101
Trd, 4319229.843, 103
Trd, 4319230.343, 103
Trd, 4319232.893, 104
Trd, 4319235.293, 106
Trd, 4319235.343, 103
Trd, 4319236.593, 104
Trd, 4319238.293, 97
Trd, 4319239.193, 97
Trd, 4319240.143, 97
Trd, 4319240.943, 97
Trd, 4319243.293, 97
Trd, 4319243.643, 96
Trd, 4319246.343, 101
Trd, 4319246.393, 100
Trd, 4319249.143, 100
Trd, 4319250.393, 99
Trd, 4319250.693, 98
Trd, 4319251.143, 97
Trd, 4319253.743, 96
Trd, 4319254.943, 98
Trd, 4319255.993, 97
Trd, 4319256.243, 97
Trd, 4319258.943, 96
Trd, 4319259.743, 97
Trd, 4319259.993, 96
Trd, 4319264.543, 95
Trd, 4319265.093, 97
Trd, 4319265.943, 96
Trd, 4319266.393, 95
Trd, 4319268.393, 101
Trd, 4319268.643, 100
Trd, 4319270.893, 99
Trd, 4319271.893, 99
Trd, 4319273.293, 98
Trd, 4319273.893, 97
Trd, 4319274.793, 98
Trd, 4319275.893, 97
Trd, 4319277.093, 98
Trd, 4319278.443, 98
Trd, 4319278.543, 97
Trd, 4319279.743, 97
Trd, 4319284.643, 96
Trd, 4319286.593, 96
Trd, 4319286.843, 96
Trd, 4319287.143, 97
Trd, 4319287.443, 96
Trd, 4319294.093, 96
Trd, 4319296.443, 95
Trd, 4319296.793, 94
Trd, 4319298.643, 95
Trd, 4319301.893, 94
Trd, 4319303.993, 93
Trd, 4319307.043, 96
Trd, 4319307.643, 96
Trd, 4319308.093, 96
Trd, 4319310.043, 96
Trd, 4319310.693, 96
Trd, 4319310.993, 95
Trd, 4319312.543, 89
Trd, 4319312.893, 92
Trd, 4319314.643, 95
Trd, 4319314.843, 93
Trd, 4319315.743, 93
Trd, 4319319.643, 93
Trd, 4319321.343, 98
Trd, 4319321.443, 94
Trd, 4319322.543, 96
Trd, 4319323.493, 93
Trd, 4319324.393, 95
Trd, 4319327.293, 97
Trd, 4319327.443, 98
Trd, 4319328.393, 94
Trd, 4319329.043, 96
Trd, 4319331.793, 101
Trd, 4319332.793, 103
Trd, 4319334.643, 102
Trd, 4319335.143, 102
Trd, 4319336.193, 101
Trd, 4319340.393, 103
Trd, 4319342.343, 103
Trd, 4319342.493, 102
Trd, 4319343.243, 105
Trd, 4319345.293, 106
Trd, 4319345.843, 105
Trd, 4319346.693, 105
Trd, 4319347.243, 104
Trd, 4319349.743, 105
Trd, 4319350.593, 104
Trd, 4319350.943, 104
Trd, 4319351.843, 103
Trd, 4319353.393, 81
Trd, 4319354.493, 97
Trd, 4319358.443, 96
Trd, 4319359.193, 95
Trd, 4319359.643, 94
Trd, 4319364.443, 97
Trd, 4319364.593, 95
Trd, 4319365.143, 97
Trd, 4319365.543, 97
Trd, 4319366.693, 96
Trd, 4319368.043, 96
Trd, 4319371.143, 95
Trd, 4319371.943, 95
Trd, 4319372.593, 95
Trd, 4319375.093, 95
Trd, 4319375.693, 94
Trd, 4319379.543, 94
Trd, 4319382.393, 93
Trd, 4319383.193, 95
Trd, 4319384.593, 96
Trd, 4319385.443, 96
Trd, 4319386.143, 95
Trd, 4319387.993, 93
Trd, 4319391.693, 94
Trd, 4319392.393, 93
Trd, 4319394.243, 93
Trd, 4319396.343, 94
Trd, 4319398.543, 94
Trd, 4319399.393, 94
Trd, 4319400.093, 95
Trd, 4319404.043, 94
Trd, 4319407.543, 95
Trd, 4319407.893, 93
Trd, 4319408.343, 93
Trd, 4319408.893, 92
Trd, 4319410.243, 97
Trd, 4319412.343, 102
Trd, 4319414.293, 104
Trd, 4319414.493, 103
Trd, 4319414.693, 101
Trd, 4319414.843, 99
Trd, 4319416.993, 105
Trd, 4319417.093, 104
Trd, 4319418.093, 104
Trd, 4319419.293, 104
Trd, 4319420.143, 103
Trd, 4319421.343, 96
Trd, 4319423.393, 99
Trd, 4319424.143, 99
Trd, 4319425.993, 99
Trd, 4319427.543, 102
Trd, 4319428.343, 73
Trd, 4319433.843, 96
Trd, 4319434.143, 95
Trd, 4319434.643, 95
Trd, 4319438.793, 97
Trd, 4319439.693, 95
Trd, 4319440.343, 95
Trd, 4319440.943, 95
Trd, 4319442.193, 97
Trd, 4319443.693, 97
Trd, 4319444.293, 96
Trd, 4319446.193, 95
Trd, 4319446.243, 95
Trd, 4319448.093, 97
Trd, 4319451.193, 98
Trd, 4319452.243, 102
Trd, 4319453.093, 101
Trd, 4319454.393, 101
Trd, 4319455.043, 101
Trd, 4319455.243, 99
Trd, 4319459.043, 105
Trd, 4319459.093, 106
Trd, 4319460.643, 106
Trd, 4319460.793, 106
Trd, 4319460.893, 104
Trd, 4319462.943, 69
Trd, 4319466.343, 94
Trd, 4319469.043, 95
Trd, 4319470.793, 93
Trd, 4319472.993, 92
Trd, 4319475.093, 93
Trd, 4319477.443, 92
Trd, 4319477.993, 91
Trd, 4319482.443, 93
Trd, 4319484.293, 93
Trd, 4319487.843, 92
Trd, 4319491.943, 94
Trd, 4319493.343, 95
Trd, 4319494.043, 93
Trd, 4319494.493, 93
Trd, 4319496.043, 92
Trd, 4319500.743, 94
Trd, 4319501.043, 93
Trd, 4319503.343, 95
Trd, 4319503.493, 95
Trd, 4319504.693, 94
Trd, 4319508.293, 93
Trd, 4319508.493, 92
Trd, 4319509.343, 93
Trd, 4319512.593, 93
Trd, 4319513.943, 93
Trd, 4319515.993, 93
Trd, 4319517.793, 92
Trd, 4319519.993, 91
Trd, 4319521.793, 91
Trd, 4319523.443, 94
Trd, 4319526.143, 94
Trd, 4319529.343, 93
Trd, 4319529.743, 92
Trd, 4319529.843, 92
Trd, 4319531.343, 92
Trd, 4319532.793, 92
Trd, 4319534.393, 92
Trd, 4319534.743, 91
Trd, 4319539.643, 93
Trd, 4319541.743, 96
Trd, 4319544.143, 95
Trd, 4319544.693, 95
Trd, 4319546.243, 97
Trd, 4319546.843, 98
Trd, 4319547.743, 97
Trd, 4319549.343, 100
Trd, 4319549.893, 100
Trd, 4319550.743, 101
Trd, 4319551.993, 100
Trd, 4319552.343, 100
Trd, 4319554.443, 101
Trd, 4319554.543, 100
Trd, 4319556.593, 101
Trd, 4319560.743, 102
Trd, 4319561.443, 103
Trd, 4319561.793, 102
Trd, 4319562.593, 102
Trd, 4319563.843, 101
Trd, 4319565.193, 101
Trd, 4319567.143, 102
Trd, 4319568.043, 103
Trd, 4319568.343, 102
Trd, 4319570.243, 101
Trd, 4319570.643, 101
Trd, 4319571.743, 99
Trd, 4319573.993, 90
Trd, 4319574.593, 69
Trd, 4319575.143, 89
Trd, 4319577.593, 90
Trd, 4319579.593, 91
Trd, 4319579.743, 91
Trd, 4319581.143, 90
Trd, 4319583.843, 95
Trd, 4319585.643, 94
Trd, 4319588.593, 96
Trd, 4319588.843, 97
Trd, 4319591.693, 95
Trd, 4319592.193, 95
Trd, 4319593.093, 94
Trd, 4319596.093, 97
Trd, 4319597.493, 97
Trd, 4319597.743, 97
Trd, 4319598.993, 98
Trd, 4319600.543, 98
Trd, 4319601.993, 96
Trd, 4319603.993, 99
Trd, 4319605.043, 101
Trd, 4319605.493, 100
Trd, 4319606.893, 95
Trd, 4319608.593, 76
Trd, 4319612.293, 97
Trd, 4319613.593, 97
Trd, 4319614.243, 96
Trd, 4319614.343, 96
Trd, 4319615.093, 96
Trd, 4319621.893, 95
Trd, 4319622.293, 95
Trd, 4319623.193, 96
Trd, 4319626.443, 96
Trd, 4319626.993, 95
Trd, 4319629.043, 94
Trd, 4319632.043, 94
Trd, 4319633.843, 93
Trd, 4319635.893, 92
Trd, 4319638.093, 92
Trd, 4319638.393, 91
Trd, 4319639.593, 91
Trd, 4319642.893, 95
Trd, 4319643.043, 92
Trd, 4319645.843, 95
Trd, 4319649.093, 84
Trd, 4319651.893, 91
Trd, 4319652.343, 91
Trd, 4319652.693, 91
Trd, 4319659.343, 91
Trd, 4319660.493, 90
Trd, 4319663.593, 91
Trd, 4319663.893, 90
Trd, 4319665.193, 91
Trd, 4319665.443, 91
Trd, 4319665.743, 90
Trd, 4319666.543, 90
Trd, 4319670.193, 94
Trd, 4319672.843, 95
Trd, 4319672.943, 95
Trd, 4319675.393, 94
Trd, 4319677.743, 96
Trd, 4319678.143, 95
Trd, 4319679.693, 95
Trd, 4319680.343, 97
Trd, 4319680.993, 103
Trd, 4319683.193, 95
Trd, 4319684.993, 101
Trd, 4319685.193, 101
Trd, 4319685.243, 100
Trd, 4319686.443, 99
Trd, 4319689.093, 100
Trd, 4319689.693, 99
Trd, 4319690.743, 98
Trd, 4319691.493, 96
Trd, 4319692.443, 78
Trd, 4319695.443, 95
Trd, 4319696.343, 91
Trd, 4319698.093, 92
Trd, 4319700.393, 95
Trd, 4319701.043, 95
Trd, 4319702.793, 94
Trd, 4319703.693, 95
Trd, 4319705.743, 94
Trd, 4319707.593, 93
Trd, 4319708.693, 96
Trd, 4319709.193, 97
Trd, 4319710.143, 99
Trd, 4319712.093, 98
Trd, 4319712.593, 96
Trd, 4319714.393, 97
Trd, 4319714.843, 97
Trd, 4319715.843, 97
Trd, 4319717.793, 96
Trd, 4319718.693, 95
Trd, 4319721.043, 95
Trd, 4319723.793, 95
Trd, 4319724.243, 94
Trd, 4319724.693, 95
Trd, 4319728.843, 96
Trd, 4319729.143, 96
Trd, 4319729.193, 97
Trd, 4319729.443, 96
Trd, 4319730.193, 96
Trd, 4319732.193, 95
Trd, 4319734.493, 95
Trd, 4319734.643, 96
Trd, 4319736.993, 96
Trd, 4319739.043, 95
Trd, 4319740.393, 101
Trd, 4319740.893, 100
Trd, 4319741.043, 100
Trd, 4319741.743, 99
Trd, 4319744.643, 99
Trd, 4319744.793, 98
Trd, 4319745.743, 99
Trd, 4319748.243, 99
Trd, 4319748.643, 98
Trd, 4319750.593, 102
Trd, 4319750.793, 101
Trd, 4319753.143, 103
Trd, 4319753.293, 102
Trd, 4319757.093, 102
Trd, 4319757.143, 101
Trd, 4319757.443, 101
Trd, 4319758.143, 100
Trd, 4319764.543, 100
Trd, 4319765.143, 100
Trd, 4319765.993, 100
Trd, 4319767.493, 101
Trd, 4319769.893, 100
Trd, 4319770.093, 100
Trd, 4319770.793, 99
Trd, 4319772.393, 103
Trd, 4319773.593, 102
Trd, 4319775.743, 102
Trd, 4319776.043, 101
Trd, 4319777.393, 101
Trd, 4319777.443, 101
Trd, 4319778.293, 90
Trd, 4319780.593, 105
Trd, 4319780.993, 105
Trd, 4319783.693, 104
Trd, 4319783.843, 104
Trd, 4319784.443, 103
Trd, 4319786.993, 102
Trd, 4319790.543, 101
Trd, 4319791.143, 101
Trd, 4319791.193, 101
Trd, 4319792.543, 103
Trd, 4319792.843, 102
Trd, 4319793.143, 100
Trd, 4319795.793, 101
Trd, 4319797.943, 100
Trd, 4319801.843, 103
Trd, 4319802.043, 101
Trd, 4319803.993, 100
Trd, 4319806.143, 101
Trd, 4319806.693, 100
Trd, 4319808.043, 99
Trd, 4319808.393, 97
Trd, 4319809.843, 99
Trd, 4319810.593, 98
Trd, 4319812.893, 97
Trd, 4319814.643, 97
Trd, 4319817.343, 98
Trd, 4319817.793, 98
Trd, 4319818.693, 97
Trd, 4319823.043, 98
Trd, 4319824.393, 99
Trd, 4319824.943, 99
Trd, 4319826.793, 98
Trd, 4319828.893, 98
Trd, 4319829.093, 98
Trd, 4319832.093, 101
Trd, 4319832.893, 101
Trd, 4319833.393, 100
Trd, 4319833.893, 99
Trd, 4319834.193, 99
Trd, 4319836.243, 90
Trd, 4319837.793, 95
Trd, 4319841.643, 96
Trd, 4319843.493, 96
Trd, 4319843.943, 95
Trd, 4319844.093, 95
Trd, 4319844.343, 94
Trd, 4319848.543, 96
Trd, 4319848.643, 94
Trd, 4319848.893, 94
Trd, 4319849.693, 93
Trd, 4319856.493, 94
Trd, 4319856.943, 93
Trd, 4319858.093, 93
Trd, 4319861.693, 95
Trd, 4319862.743, 93
Trd, 4319863.393, 93
Trd, 4319864.643, 93
Trd, 4319867.293, 93
Trd, 4319867.343, 93
Trd, 4319868.643, 95
Trd, 4319869.493, 93
Trd, 4319871.693, 93
Trd, 4319873.293, 93
Trd, 4319875.443, 95
Trd, 4319875.843, 94
Trd, 4319876.793, 96
Trd, 4319879.293, 96
Trd, 4319879.393, 96
Trd, 4319879.493, 95
Trd, 4319880.043, 94
Trd, 4319883.493, 84
Trd, 4319883.643, 78
Trd, 4319885.943, 91
Trd, 4319889.493, 92
Trd, 4319891.993, 98
Trd, 4319892.543, 98
Trd, 4319893.393, 97
Trd, 4319893.893, 95
Trd, 4319895.393, 97
Trd, 4319897.143, 102
Trd, 4319897.343, 100
Trd, 4319900.393, 100
Trd, 4319900.943, 98
Trd, 4319900.993, 83
Trd, 4319902.843, 95
Trd, 4319903.743, 94
Trd, 4319906.393, 100
Trd, 4319908.043, 100
Trd, 4319908.893, 99
Trd, 4319909.243, 80
Trd, 4319910.093, 95
Trd, 4319910.443, 94
Trd, 4319914.043, 94
Trd, 4319915.043, 95
Trd, 4319916.943, 94
Trd, 4319917.993, 95
Trd, 4319919.343, 94
Trd, 4319922.543, 95
Trd, 4319922.643, 94
Trd, 4319923.943, 94
Trd, 4319924.193, 93
Trd, 4319925.643, 92
Trd, 4319925.793, 91
Trd, 4319928.793, 95
Trd, 4319928.993, 93
Trd, 4319931.843, 92
Trd, 4319932.893, 95
Trd, 4319933.743, 93
Trd, 4319934.893, 93
Trd, 4319937.343, 96
Trd, 4319937.893, 96
Trd, 4319938.943, 95
Trd, 4319942.093, 94
Trd, 4319942.693, 94
Trd, 4319944.243, 95
Trd, 4319946.693, 95
Trd, 4319949.843, 94
Trd, 4319950.543, 93
Trd, 4319953.143, 96
Trd, 4319953.543, 96
Trd, 4319953.943, 95
Trd, 4319954.043, 95
Trd, 4319955.443, 96
Trd, 4319956.493, 95
Trd, 4319958.293, 96
Trd, 4319959.443, 98
Trd, 4319962.943, 97
Trd, 4319964.043, 96
Trd, 4319965.343, 98
Trd, 4319966.743, 99
Trd, 4319967.593, 99
Trd, 4319968.893, 98
Trd, 4319969.293, 98
Trd, 4319971.043, 97
Trd, 4319972.093, 96
Trd, 4319973.893, 93
Trd, 4319974.643, 99
Trd, 4319975.343, 99
Trd, 4319977.693, 102
Trd, 4319979.193, 104
Trd, 4319979.743, 104
Trd, 4319980.043, 101
Trd, 4319981.593, 87
Trd, 4319982.093, 82
Trd, 4319983.143, 89
Trd, 4319985.143, 95
Trd, 4319985.893, 95
Trd, 4319987.693, 95
Trd, 4319989.093, 96
Trd, 4319990.243, 100
Trd, 4319990.843, 98
Trd, 4319990.893, 98
Trd, 4319992.793, 94
Trd, 4319993.543, 97
Trd, 4319995.693, 99
Trd, 4319996.893, 104
Trd, 4319997.093, 102
Trd, 4319998.993, 101
