Trd, 4317814.543, 96
Trd, 4317815.593, 97
Trd, 4317816.643, 98
Trd, 4317817.193, 97
Trd, 4317818.943, 100
Trd, 4317819.543, 99
Trd, 4317819.843, 100
Trd, 4317824.093, 98
Trd, 4317825.043, 98
Trd, 4317826.243, 95
Trd, 4317828.793, 94
Trd, 4317829.993, 95
Trd, 4317830.493, 95
Trd, 4317831.293, 94
Trd, 4317834.443, 95
Trd, 4317835.343, 93
Trd, 4317836.393, 95
Trd, 4317838.293, 94
Trd, 4317839.793, 92
Trd, 4317840.093, 67
Trd, 4317844.393, 93
Trd, 4317845.143, 93
Trd, 4317846.193, 93
Trd, 4317846.793, 96
Trd, 4317848.493, 96
Trd, 4317849.043, 98
Trd, 4317851.893, 99
Trd, 4317853.443, 98
Trd, 4317853.543, 99
Trd, 4317854.993, 99
Trd, 4317856.393, 100
Trd, 4317857.893, 94
Trd, 4317860.143, 93
Trd, 4317860.793, 93
Trd, 4317861.443, 93
Trd, 4317862.193, 94
Trd, 4317863.393, 95
Trd, 4317865.093, 93
Trd, 4317865.293, 93
Trd, 4317867.393, 94
Trd, 4317869.643, 93
Trd, 4317870.593, 99
Trd, 4317872.143, 98
Trd, 4317872.993, 102
Trd, 4317875.293, 104
Trd, 4317876.843, 104
Trd, 4317878.243, 103
Trd, 4317879.593, 104
Trd, 4317880.343, 101
Trd, 4317882.193, 104
Trd, 4317883.493, 105
Trd, 4317883.743, 103
Trd, 4317884.843, 102
Trd, 4317886.143, 102
Trd, 4317886.893, 104
Trd, 4317887.393, 102
Trd, 4317891.243, 104
Trd, 4317893.093, 102
Trd, 4317893.343, 103
Trd, 4317894.393, 104
Trd, 4317897.143, 104
Trd, 4317897.693, 103
Trd, 4317898.143, 103
Trd, 4317899.393, 102
Trd, 4317900.543, 104
Trd, 4317901.393, 104
Trd, 4317903.593, 104
Trd, 4317904.093, 103
Trd, 4317905.443, 104
Trd, 4317906.493, 104
Trd, 4317908.843, 105
Trd, 4317909.993, 103
Trd, 4317911.393, 103
Trd, 4317914.993, 104
Trd, 4317915.193, 104
Trd, 4317915.443, 103
Trd, 4317916.743, 87
Trd, 4317918.493, 85
Trd, 4317920.393, 88
Trd, 4317920.793, 73
Trd, 4317923.443, 94
Trd, 4317924.743, 94
Trd, 4317925.693, 96
Trd, 4317927.393, 101
Trd, 4317927.643, 99
Trd, 4317928.993, 101
Trd, 4317930.393, 102
Trd, 4317930.843, 104
Trd, 4317932.893, 104
Trd, 4317934.443, 103
Trd, 4317934.643, 84
Trd, 4317940.093, 102
Trd, 4317940.643, 102
Trd, 4317940.893, 101
Trd, 4317943.243, 101
Trd, 4317945.593, 100
Trd, 4317947.343, 101
Trd, 4317948.793, 101
Trd, 4317950.443, 100
Trd, 4317951.993, 100
Trd, 4317953.643, 101
Trd, 4317953.843, 101
Trd, 4317955.043, 101
Trd, 4317957.393, 100
Trd, 4317960.243, 101
Trd, 4317961.143, 99
Trd, 4317964.343, 102
Trd, 4317964.743, 102
Trd, 4317967.943, 102
Trd, 4317969.493, 101
Trd, 4317971.843, 102
Trd, 4317973.743, 101
Trd, 4317974.443, 102
Trd, 4317975.243, 102
Trd, 4317975.543, 101
Trd, 4317975.893, 85
Trd, 4317978.893, 98
Trd, 4317982.143, 99
Trd, 4317983.893, 98
Trd, 4317984.093, 97
Trd, 4317985.743, 99
Trd, 4317986.593, 98
Trd, 4317990.443, 100
Trd, 4317992.043, 97
Trd, 4317992.293, 96
Trd, 4317995.143, 100
Trd, 4317995.593, 99
Trd, 4317997.393, 99
Trd, 4317998.743, 98
Trd, 4318001.443, 98
Trd, 4318002.543, 97
Trd, 4318004.493, 96
Trd, 4318005.343, 92
Trd, 4318005.743, 88
Trd, 4318007.093, 93
Trd, 4318009.793, 94
Trd, 4318010.343, 93
Trd, 4318011.443, 94
Trd, 4318014.293, 95
Trd, 4318016.943, 95
Trd, 4318018.893, 94
Trd, 4318019.193, 95
Trd, 4318019.343, 95
Trd, 4318019.593, 94
Trd, 4318020.093, 85
Trd, 4318025.943, 94
Trd, 4318027.293, 93
Trd, 4318028.843, 92
Trd, 4318030.393, 93
Trd, 4318031.843, 92
Trd, 4318033.143, 92
Trd, 4318034.543, 93
Trd, 4318034.943, 94
Trd, 4318035.393, 93
Trd, 4318037.843, 92
Trd, 4318040.743, 94
Trd, 4318043.393, 94
Trd, 4318044.343, 94
Trd, 4318047.393, 93
Trd, 4318048.343, 91
Trd, 4318051.943, 92
Trd, 4318053.593, 93
Trd, 4318053.943, 93
Trd, 4318056.543, 93
Trd, 4318057.093, 93
Trd, 4318060.543, 94
Trd, 4318061.543, 94
Trd, 4318062.143, 92
Trd, 4318065.543, 94
Trd, 4318065.843, 93
Trd, 4318067.193, 92
Trd, 4318068.593, 94
Trd, 4318069.443, 92
Trd, 4318071.993, 95
Trd, 4318072.193, 94
Trd, 4318072.343, 91
Trd, 4318076.543, 95
Trd, 4318077.693, 95
Trd, 4318078.343, 94
Trd, 4318078.593, 92
Trd, 4318078.893, 85
Trd, 4318080.493, 94
Trd, 4318082.093, 96
Trd, 4318082.193, 95
Trd, 4318082.943, 97
Trd, 4318084.643, 97
Trd, 4318085.843, 98
Trd, 4318086.043, 98
Trd, 4318089.993, 93
Trd, 4318090.093, 90
Trd, 4318091.643, 93
Trd, 4318093.643, 93
Trd, 4318094.743, 94
Trd, 4318097.443, 93
Trd, 4318098.143, 94
Trd, 4318099.093, 93
Trd, 4318102.443, 95
Trd, 4318103.443, 95
Trd, 4318106.143, 95
Trd, 4318106.293, 95
Trd, 4318107.343, 95
Trd, 4318108.443, 92
Trd, 4318111.043, 95
Trd, 4318111.143, 94
Trd, 4318113.293, 93
Trd, 4318115.593, 95
Trd, 4318116.593, 95
Trd, 4318117.843, 95
Trd, 4318118.293, 94
Trd, 4318121.393, 92
Trd, 4318122.793, 95
Trd, 4318123.993, 95
Trd, 4318125.243, 93
Trd, 4318126.793, 94
Trd, 4318126.993, 94
Trd, 4318133.243, 94
Trd, 4318134.593, 93
Trd, 4318135.793, 94
Trd, 4318136.493, 93
Trd, 4318137.243, 92
Trd, 4318137.443, 91
Trd, 4318137.643, 86
Trd, 4318140.593, 89
Trd, 4318142.043, 89
Trd, 4318142.943, 90
Trd, 4318144.143, 89
Trd, 4318147.343, 89
Trd, 4318149.243, 89
Trd, 4318150.193, 89
Trd, 4318153.843, 89
Trd, 4318153.993, 89
Trd, 4318154.543, 88
Trd, 4318156.843, 89
Trd, 4318158.043, 88
Trd, 4318162.993, 90
Trd, 4318165.543, 89
Trd, 4318166.193, 88
Trd, 4318167.143, 89
Trd, 4318169.143, 90
Trd, 4318172.893, 90
Trd, 4318173.243, 89
Trd, 4318173.843, 90
Trd, 4318174.543, 90
Trd, 4318176.743, 97
Trd, 4318177.443, 100
Trd, 4318178.843, 100
Trd, 4318180.393, 100
Trd, 4318180.493, 90
Trd, 4318183.743, 111
Trd, 4318183.993, 109
Trd, 4318184.343, 109
Trd, 4318184.643, 107
Trd, 4318186.043, 107
Trd, 4318187.243, 105
Trd, 4318189.693, 107
Trd, 4318191.043, 106
Trd, 4318196.343, 106
Trd, 4318197.793, 106
Trd, 4318201.893, 105
Trd, 4318203.143, 106
Trd, 4318203.493, 104
Trd, 4318205.293, 104
Trd, 4318205.493, 103
Trd, 4318205.843, 85
Trd, 4318208.793, 103
Trd, 4318210.743, 103
Trd, 4318210.993, 101
Trd, 4318212.943, 101
Trd, 4318213.993, 101
Trd, 4318214.393, 102
Trd, 4318215.843, 103
Trd, 4318216.443, 104
Trd, 4318219.393, 104
Trd, 4318219.543, 103
Trd, 4318220.793, 102
Trd, 4318221.543, 104
Trd, 4318223.343, 103
Trd, 4318226.443, 104
Trd, 4318228.343, 102
Trd, 4318228.843, 101
Trd, 4318232.493, 102
Trd, 4318232.593, 102
Trd, 4318233.143, 101
Trd, 4318234.443, 101
Trd, 4318235.043, 70
Trd, 4318238.793, 98
Trd, 4318239.093, 96
Trd, 4318241.793, 100
Trd, 4318242.443, 97
Trd, 4318243.293, 101
Trd, 4318243.443, 97
Trd, 4318243.943, 98
Trd, 4318249.793, 100
Trd, 4318250.543, 104
Trd, 4318251.143, 105
Trd, 4318251.543, 107
Trd, 4318252.543, 107
Trd, 4318254.393, 104
Trd, 4318254.443, 103
Trd, 4318255.843, 105
Trd, 4318258.543, 105
Trd, 4318261.143, 104
Trd, 4318264.443, 105
Trd, 4318266.093, 104
Trd, 4318266.543, 105
Trd, 4318267.693, 103
Trd, 4318271.043, 105
Trd, 4318271.093, 103
Trd, 4318273.493, 103
Trd, 4318276.093, 105
Trd, 4318277.793, 105
Trd, 4318278.543, 106
Trd, 4318283.043, 103
Trd, 4318285.843, 104
Trd, 4318288.043, 105
Trd, 4318288.593, 104
Trd, 4318288.643, 103
Trd, 4318289.343, 103
Trd, 4318291.593, 103
Trd, 4318292.643, 107
Trd, 4318293.093, 108
Trd, 4318295.593, 107
Trd, 4318295.793, 108
Trd, 4318297.393, 85
Trd, 4318299.843, 105
Trd, 4318304.293, 105
Trd, 4318307.643, 108
Trd, 4318310.593, 106
Trd, 4318315.193, 107
Trd, 4318317.393, 104
Trd, 4318319.843, 106
Trd, 4318322.093, 105
Trd, 4318322.393, 104
Trd, 4318322.443, 103
Trd, 4318323.743, 85
Trd, 4318326.243, 98
Trd, 4318330.293, 102
Trd, 4318330.843, 100
Trd, 4318332.293, 102
Trd, 4318332.893, 102
Trd, 4318335.043, 102
Trd, 4318335.193, 101
Trd, 4318339.343, 102
Trd, 4318340.593, 101
Trd, 4318345.093, 102
Trd, 4318345.693, 102
Trd, 4318346.193, 102
Trd, 4318346.693, 101
Trd, 4318349.443, 101
Trd, 4318349.693, 102
Trd, 4318351.493, 102
Trd, 4318351.643, 102
Trd, 4318355.443, 97
Trd, 4318355.993, 92
Trd, 4318356.593, 87
Trd, 4318360.193, 91
Trd, 4318360.743, 91
Trd, 4318362.493, 90
Trd, 4318362.993, 89
Trd, 4318363.943, 92
Trd, 4318367.443, 95
Trd, 4318367.943, 92
Trd, 4318367.993, 92
Trd, 4318371.193, 93
Trd, 4318372.093, 95
Trd, 4318373.643, 94
Trd, 4318373.793, 92
Trd, 4318375.043, 98
Trd, 4318376.093, 95
Trd, 4318376.393, 95
Trd, 4318377.043, 85
Trd, 4318379.643, 82
Trd, 4318380.593, 91
Trd, 4318381.393, 92
Trd, 4318381.543, 91
Trd, 4318382.043, 91
Trd, 4318382.943, 90
Trd, 4318386.893, 90
Trd, 4318387.643, 90
Trd, 4318389.643, 103
Trd, 4318389.693, 102
Trd, 4318389.843, 101
Trd, 4318389.893, 90
Trd, 4318391.243, 100
Trd, 4318392.343, 100
Trd, 4318394.893, 101
Trd, 4318396.693, 105
Trd, 4318397.943, 108
Trd, 4318398.943, 109
Trd, 4318400.093, 108
Trd, 4318400.943, 108
Trd, 4318403.343, 107
Trd, 4318404.193, 106
Trd, 4318404.293, 103
Trd, 4318406.643, 106
Trd, 4318408.193, 107
Trd, 4318409.643, 108
Trd, 4318412.543, 108
Trd, 4318412.843, 108
Trd, 4318413.543, 107
Trd, 4318414.143, 107
Trd, 4318417.193, 106
Trd, 4318420.043, 109
Trd, 4318420.493, 109
Trd, 4318424.793, 108
Trd, 4318425.193, 108
Trd, 4318425.443, 106
Trd, 4318426.343, 105
Trd, 4318427.593, 105
Trd, 4318427.943, 103
Trd, 4318432.443, 95
Trd, 4318433.543, 95
Trd, 4318433.893, 94
Trd, 4318435.793, 95
Trd, 4318435.993, 96
Trd, 4318436.293, 93
Trd, 4318438.843, 96
Trd, 4318440.893, 96
Trd, 4318444.643, 97
Trd, 4318446.643, 97
Trd, 4318447.143, 95
Trd, 4318448.343, 95
Trd, 4318449.243, 95
Trd, 4318450.493, 97
Trd, 4318451.293, 98
Trd, 4318452.493, 100
Trd, 4318452.643, 85
Trd, 4318453.693, 91
Trd, 4318454.193, 90
Trd, 4318455.543, 94
Trd, 4318457.493, 88
Trd, 4318459.143, 92
Trd, 4318459.643, 88
Trd, 4318463.443, 90
Trd, 4318465.093, 89
Trd, 4318465.943, 90
Trd, 4318466.693, 90
Trd, 4318468.693, 91
Trd, 4318469.143, 90
Trd, 4318470.693, 91
Trd, 4318474.243, 92
Trd, 4318475.293, 92
Trd, 4318476.643, 91
Trd, 4318477.593, 93
Trd, 4318478.243, 91
Trd, 4318478.993, 86
Trd, 4318483.793, 91
Trd, 4318484.193, 91
Trd, 4318486.443, 90
Trd, 4318489.543, 92
Trd, 4318490.093, 95
Trd, 4318490.743, 94
Trd, 4318490.893, 90
Trd, 4318492.343, 91
Trd, 4318494.593, 94
Trd, 4318495.693, 94
Trd, 4318499.593, 94
Trd, 4318501.143, 93
Trd, 4318503.543, 94
Trd, 4318503.643, 92
Trd, 4318507.343, 94
Trd, 4318510.193, 95
Trd, 4318510.993, 93
Trd, 4318513.493, 94
Trd, 4318516.393, 94
Trd, 4318516.593, 92
Trd, 4318518.293, 93
Trd, 4318518.443, 92
Trd, 4318519.043, 95
Trd, 4318520.593, 94
Trd, 4318522.793, 93
Trd, 4318525.143, 93
Trd, 4318526.343, 92
Trd, 4318527.643, 95
Trd, 4318529.743, 94
Trd, 4318532.443, 94
Trd, 4318532.943, 93
Trd, 4318533.993, 94
Trd, 4318535.593, 94
Trd, 4318538.893, 93
Trd, 4318539.993, 92
Trd, 4318542.843, 94
Trd, 4318544.993, 93
Trd, 4318545.243, 92
Trd, 4318547.543, 93
Trd, 4318547.893, 93
Trd, 4318549.593, 92
Trd, 4318551.193, 93
Trd, 4318551.343, 91
Trd, 4318554.443, 93
Trd, 4318556.843, 94
Trd, 4318557.693, 94
Trd, 4318558.143, 90
Trd, 4318561.043, 92
Trd, 4318563.293, 92
Trd, 4318564.993, 92
Trd, 4318565.443, 94
Trd, 4318570.643, 93
Trd, 4318572.043, 94
Trd, 4318572.893, 93
Trd, 4318574.543, 94
Trd, 4318575.943, 93
Trd, 4318577.543, 94
Trd, 4318580.393, 94
Trd, 4318582.143, 94
Trd, 4318582.743, 93
Trd, 4318583.793, 93
Trd, 4318584.993, 93
Trd, 4318586.343, 94
Trd, 4318586.393, 94
Trd, 4318588.793, 93
Trd, 4318591.393, 93
Trd, 4318592.793, 93
Trd, 4318592.893, 92
Trd, 4318594.893, 92
Trd, 4318597.093, 92
Trd, 4318600.743, 93
Trd, 4318600.793, 92
Trd, 4318606.543, 92
Trd, 4318607.143, 91
Trd, 4318607.193, 91
Trd, 4318607.643, 92
Trd, 4318609.893, 91
Trd, 4318611.043, 91
Trd, 4318612.593, 92
Trd, 4318614.693, 91
Trd, 4318617.843, 92
Trd, 4318618.643, 90
Trd, 4318619.843, 89
Trd, 4318623.493, 91
Trd, 4318623.643, 92
Trd, 4318624.293, 92
Trd, 4318625.243, 92
Trd, 4318632.193, 93
Trd, 4318633.793, 93
Trd, 4318635.243, 92
Trd, 4318638.293, 93
Trd, 4318640.543, 93
Trd, 4318642.143, 94
Trd, 4318643.093, 92
Trd, 4318646.743, 95
Trd, 4318647.543, 95
Trd, 4318648.193, 93
Trd, 4318650.293, 95
Trd, 4318652.293, 97
Trd, 4318652.843, 97
Trd, 4318653.143, 96
Trd, 4318656.443, 96
Trd, 4318656.593, 97
Trd, 4318659.643, 97
Trd, 4318660.543, 97
Trd, 4318660.893, 96
Trd, 4318665.093, 97
Trd, 4318665.243, 96
Trd, 4318668.443, 97
Trd, 4318668.643, 96
Trd, 4318672.793, 95
Trd, 4318673.593, 96
Trd, 4318673.993, 96
Trd, 4318674.343, 96
Trd, 4318675.743, 95
Trd, 4318677.843, 94
Trd, 4318680.443, 96
Trd, 4318681.293, 97
Trd, 4318681.393, 96
Trd, 4318683.093, 98
Trd, 4318684.643, 100
Trd, 4318686.793, 106
Trd, 4318687.293, 107
Trd, 4318688.793, 108
Trd, 4318689.543, 108
Trd, 4318689.943, 104
Trd, 4318693.943, 105
Trd, 4318695.143, 106
Trd, 4318695.893, 105
Trd, 4318696.993, 104
Trd, 4318700.043, 103
Trd, 4318700.943, 104
Trd, 4318704.643, 104
Trd, 4318705.393, 104
Trd, 4318705.943, 103
Trd, 4318709.543, 103
Trd, 4318711.793, 103
Trd, 4318715.043, 102
Trd, 4318717.993, 103
Trd, 4318718.043, 102
Trd, 4318719.893, 102
Trd, 4318723.193, 103
Trd, 4318725.643, 103
Trd, 4318726.993, 102
Trd, 4318727.793, 100
Trd, 4318728.593, 99
Trd, 4318730.793, 86
Trd, 4318732.393, 87
Trd, 4318734.743, 95
Trd, 4318736.793, 94
Trd, 4318740.943, 96
Trd, 4318742.643, 97
Trd, 4318742.693, 97
Trd, 4318743.643, 96
Trd, 4318743.943, 96
Trd, 4318747.193, 96
Trd, 4318747.493, 95
Trd, 4318748.693, 94
Trd, 4318750.893, 95
Trd, 4318753.693, 93
Trd, 4318755.493, 95
Trd, 4318756.443, 94
Trd, 4318758.443, 95
Trd, 4318760.643, 95
Trd, 4318761.093, 94
Trd, 4318762.193, 93
Trd, 4318763.843, 95
Trd, 4318768.993, 95
Trd, 4318770.043, 95
Trd, 4318770.143, 95
Trd, 4318770.193, 92
Trd, 4318771.793, 92
Trd, 4318772.743, 96
Trd, 4318772.993, 95
Trd, 4318775.593, 95
Trd, 4318777.343, 96
Trd, 4318777.843, 94
Trd, 4318779.843, 96
Trd, 4318783.843, 95
Trd, 4318783.943, 94
Trd, 4318785.293, 94
Trd, 4318786.443, 94
Trd, 4318786.743, 94
Trd, 4318787.993, 93
Trd, 4318792.243, 95
Trd, 4318794.493, 95
Trd, 4318794.893, 95
Trd, 4318795.993, 94
Trd, 4318796.043, 76
Trd, 4318797.893, 94
Trd, 4318798.243, 93
Trd, 4318801.043, 94
Trd, 4318801.893, 93
Trd, 4318804.693, 92
Trd, 4318805.143, 91
Trd, 4318806.493, 90
Trd, 4318807.793, 93
Trd, 4318808.543, 93
Trd, 4318811.543, 92
Trd, 4318811.893, 93
Trd, 4318813.043, 91
Trd, 4318817.743, 93
Trd, 4318819.143, 93
Trd, 4318821.443, 93
Trd, 4318821.893, 95
Trd, 4318823.643, 94
Trd, 4318825.243, 92
Trd, 4318827.593, 94
Trd, 4318827.893, 94
Trd, 4318829.993, 92
Trd, 4318830.143, 94
Trd, 4318830.943, 92
Trd, 4318832.193, 93
Trd, 4318832.843, 94
Trd, 4318834.693, 96
Trd, 4318835.243, 97
Trd, 4318837.843, 97
Trd, 4318838.093, 97
Trd, 4318838.843, 98
Trd, 4318839.293, 99
Trd, 4318841.893, 88
Trd, 4318843.043, 96
Trd, 4318845.643, 92
Trd, 4318847.493, 93
Trd, 4318848.493, 91
Trd, 4318849.593, 95
Trd, 4318850.843, 95
Trd, 4318852.093, 95
Trd, 4318854.093, 102
Trd, 4318854.593, 101
Trd, 4318854.843, 101
Trd, 4318856.193, 99
Trd, 4318857.343, 95
Trd, 4318859.643, 94
Trd, 4318861.093, 94
Trd, 4318862.743, 94
Trd, 4318862.943, 95
Trd, 4318864.393, 95
Trd, 4318866.943, 96
Trd, 4318867.293, 97
Trd, 4318870.793, 98
Trd, 4318870.843, 95
Trd, 4318873.093, 97
Trd, 4318873.443, 97
Trd, 4318875.393, 92
Trd, 4318876.143, 92
Trd, 4318878.393, 92
Trd, 4318880.193, 92
Trd, 4318880.943, 93
Trd, 4318881.543, 94
Trd, 4318884.243, 92
Trd, 4318884.793, 93
Trd, 4318887.693, 93
Trd, 4318887.743, 92
Trd, 4318889.243, 92
Trd, 4318890.543, 91
Trd, 4318894.943, 91
Trd, 4318895.993, 91
Trd, 4318897.143, 93
Trd, 4318897.843, 93
Trd, 4318899.243, 92
Trd, 4318902.493, 89
Trd, 4318902.993, 86
Trd, 4318903.393, 89
Trd, 4318904.243, 89
Trd, 4318906.093, 89
Trd, 4318909.143, 88
Trd, 4318911.543, 90
Trd, 4318913.593, 90
Trd, 4318915.343, 90
Trd, 4318915.693, 88
Trd, 4318919.593, 90
Trd, 4318920.943, 90
Trd, 4318921.093, 89
Trd, 4318924.493, 88
Trd, 4318927.143, 90
Trd, 4318929.043, 91
Trd, 4318929.743, 89
Trd, 4318931.343, 90
Trd, 4318933.193, 92
Trd, 4318933.893, 92
Trd, 4318935.143, 92
Trd, 4318935.893, 90
Trd, 4318940.943, 95
Trd, 4318941.643, 95
Trd, 4318941.943, 96
Trd, 4318942.493, 97
Trd, 4318944.943, 85
Trd, 4318946.143, 96
Trd, 4318950.193, 95
Trd, 4318953.393, 96
Trd, 4318955.043, 94
Trd, 4318956.643, 95
Trd, 4318957.493, 96
Trd, 4318959.843, 95
Trd, 4318964.093, 96
Trd, 4318964.143, 96
Trd, 4318964.743, 95
Trd, 4318967.093, 96
Trd, 4318968.343, 96
Trd, 4318968.693, 95
Trd, 4318971.343, 95
Trd, 4318971.393, 94
Trd, 4318972.293, 93
Trd, 4318973.643, 92
Trd, 4318974.743, 94
Trd, 4318976.143, 94
Trd, 4318976.443, 92
Trd, 4318980.143, 93
Trd, 4318980.243, 92
Trd, 4318980.543, 92
Trd, 4318982.443, 104
Trd, 4318983.193, 103
Trd, 4318983.543, 104
Trd, 4318985.593, 102
Trd, 4318987.393, 85
Trd, 4318989.543, 97
Trd, 4318990.243, 99
Trd, 4318990.543, 99
Trd, 4318991.193, 97
Trd, 4318994.293, 95
Trd, 4318997.193, 96
Trd, 4318997.793, 95
Trd, 4318998.443, 95
Trd, 4319000.093, 95
Trd, 4319002.593, 96
Trd, 4319005.443, 94
Trd, 4319007.093, 96
Trd, 4319008.193, 96
Trd, 4319009.393, 96
Trd, 4319011.243, 97
Trd, 4319013.393, 96
Trd, 4319013.643, 97
Trd, 4319018.343, 98
Trd, 4319019.143, 97
Trd, 4319020.643, 96
Trd, 4319022.043, 96
Trd, 4319024.593, 97
Trd, 4319026.993, 96
Trd, 4319028.393, 96
Trd, 4319030.643, 96
Trd, 4319030.843, 96
Trd, 4319031.693, 95
Trd, 4319035.543, 96
Trd, 4319035.643, 93
Trd, 4319036.193, 95
Trd, 4319037.143, 95
Trd, 4319038.143, 96
Trd, 4319039.293, 94
Trd, 4319040.443, 95
Trd, 4319041.943, 94
Trd, 4319042.793, 93
Trd, 4319043.443, 93
Trd, 4319044.643, 92
Trd, 4319046.943, 89
Trd, 4319047.743, 90
Trd, 4319048.943, 91
Trd, 4319049.093, 89
Trd, 4319051.693, 92
Trd, 4319052.543, 91
Trd, 4319055.043, 92
Trd, 4319055.293, 92
Trd, 4319059.143, 93
Trd, 4319061.493, 93
Trd, 4319062.193, 92
Trd, 4319064.643, 92
Trd, 4319066.693, 93
Trd, 4319066.743, 93
Trd, 4319069.393, 92
Trd, 4319070.643, 93
Trd, 4319072.343, 93
Trd, 4319072.993, 93
Trd, 4319075.143, 93
Trd, 4319075.843, 92
Trd, 4319077.643, 92
Trd, 4319079.693, 95
Trd, 4319080.593, 95
Trd, 4319081.143, 96
Trd, 4319081.493, 96
Trd, 4319083.443, 99
Trd, 4319084.543, 98
Trd, 4319087.343, 99
Trd, 4319087.943, 99
Trd, 4319088.843, 98
Trd, 4319091.643, 99
Trd, 4319097.293, 99
Trd, 4319097.893, 99
Trd, 4319100.393, 100
Trd, 4319100.593, 98
Trd, 4319103.893, 99
Trd, 4319104.493, 99
Trd, 4319104.643, 98
Trd, 4319109.043, 97
Trd, 4319109.543, 99
Trd, 4319111.093, 99
Trd, 4319112.993, 99
Trd, 4319113.143, 98
Trd, 4319116.743, 96
Trd, 4319117.393, 95
Trd, 4319119.143, 88
Trd, 4319119.593, 89
Trd, 4319121.643, 93
Trd, 4319123.243, 95
Trd, 4319123.893, 93
Trd, 4319124.343, 94
Trd, 4319127.043, 93
Trd, 4319127.393, 95
Trd, 4319128.993, 96
Trd, 4319129.343, 99
Trd, 4319131.043, 100
Trd, 4319131.843, 99
Trd, 4319132.443, 99
Trd, 4319135.693, 100
Trd, 4319137.393, 108
Trd, 4319137.693, 108
Trd, 4319140.093, 105
Trd, 4319140.793, 104
Trd, 4319144.643, 105
Trd, 4319144.693, 104
Trd, 4319148.043, 105
Trd, 4319149.143, 106
Trd, 4319151.243, 106
Trd, 4319152.093, 105
Trd, 4319154.643, 106
Trd, 4319158.543, 104
Trd, 4319159.693, 104
Trd, 4319160.043, 103
Trd, 4319161.393, 103
Trd, 4319163.743, 103
Trd, 4319164.893, 103
Trd, 4319165.843, 102
Trd, 4319166.393, 104
Trd, 4319166.643, 103
Trd, 4319168.243, 103
Trd, 4319168.793, 103
Trd, 4319171.593, 104
Trd, 4319172.193, 106
Trd, 4319172.443, 105
Trd, 4319173.793, 106
Trd, 4319175.593, 105
Trd, 4319178.043, 105
Trd, 4319178.443, 106
Trd, 4319179.543, 105
Trd, 4319180.993, 106
Trd, 4319182.393, 105
Trd, 4319182.893, 104
Trd, 4319183.843, 104
Trd, 4319184.643, 103
Trd, 4319187.543, 102
Trd, 4319189.843, 103
Trd, 4319190.193, 102
Trd, 4319193.393, 103
Trd, 4319195.093, 102
Trd, 4319195.593, 101
Trd, 4319195.893, 102
Trd, 4319196.843, 101
Trd, 4319196.893, 85
Trd, 4319201.443, 100
Trd, 4319201.793, 100
Trd, 4319204.543, 99
Trd, 4319204.643, 98
Trd, 4319206.143, 98
Trd, 4319207.343, 98
Trd, 4319207.593, 98
Trd, 4319209.493, 97
Trd, 4319211.743, 98
Trd, 4319212.693, 97
Trd, 4319217.193, 99
Trd, 4319217.493, 99
Trd, 4319218.593, 98
Trd, 4319219.743, 99
Trd, 4319223.043, 98
Trd, 4319223.743, 97
Trd, 4319225.343, 98
Trd, 4319225.893, 97
Trd, 4319228.893, 95
Trd, 4319229.943, 96
Trd, 4319230.493, 95
Trd, 4319230.993, 85
Trd, 4319233.593, 96
Trd, 4319236.593, 94
Trd, 4319237.943, 95
Trd, 4319238.493, 95
Trd, 4319239.143, 94
Trd, 4319239.743, 94
Trd, 4319242.143, 93
Trd, 4319243.443, 94
Trd, 4319246.393, 94
Trd, 4319248.093, 95
Trd, 4319250.443, 94
Trd, 4319250.993, 94
Trd, 4319252.493, 94
Trd, 4319253.143, 94
Trd, 4319253.793, 93
Trd, 4319257.843, 96
Trd, 4319259.143, 100
Trd, 4319259.293, 99
Trd, 4319260.643, 99
Trd, 4319261.093, 98
Trd, 4319261.493, 85
Trd, 4319263.193, 90
Trd, 4319267.843, 93
Trd, 4319270.743, 96
Trd, 4319271.893, 94
Trd, 4319274.043, 96
Trd, 4319277.043, 97
Trd, 4319279.543, 96
Trd, 4319281.943, 95
Trd, 4319282.543, 96
Trd, 4319283.493, 96
Trd, 4319283.993, 95
Trd, 4319287.093, 96
Trd, 4319289.543, 95
Trd, 4319294.393, 96
Trd, 4319295.443, 95
Trd, 4319297.393, 96
Trd, 4319298.993, 96
Trd, 4319299.743, 96
Trd, 4319301.943, 96
Trd, 4319302.093, 95
Trd, 4319305.293, 94
Trd, 4319306.943, 95
Trd, 4319307.193, 94
Trd, 4319308.293, 93
Trd, 4319310.193, 93
Trd, 4319311.993, 92
Trd, 4319312.293, 93
Trd, 4319313.193, 91
Trd, 4319313.693, 90
Trd, 4319314.943, 92
Trd, 4319315.843, 92
Trd, 4319318.543, 93
Trd, 4319319.443, 93
Trd, 4319320.293, 95
Trd, 4319321.243, 92
Trd, 4319322.743, 91
Trd, 4319325.443, 95
Trd, 4319325.993, 95
Trd, 4319330.593, 92
Trd, 4319332.693, 95
Trd, 4319333.393, 95
Trd, 4319335.043, 97
Trd, 4319335.593, 94
Trd, 4319335.993, 95
Trd, 4319339.143, 94
Trd, 4319340.043, 96
Trd, 4319340.643, 85
Trd, 4319344.193, 95
Trd, 4319344.743, 95
Trd, 4319345.793, 94
Trd, 4319348.393, 94
Trd, 4319351.743, 95
Trd, 4319351.893, 94
Trd, 4319352.743, 94
Trd, 4319356.043, 94
Trd, 4319356.343, 93
Trd, 4319357.393, 93
Trd, 4319358.843, 92
Trd, 4319361.893, 94
Trd, 4319363.043, 94
Trd, 4319364.493, 94
Trd, 4319366.193, 94
Trd, 4319369.793, 94
Trd, 4319370.493, 93
Trd, 4319373.143, 94
Trd, 4319373.493, 93
Trd, 4319374.193, 92
Trd, 4319377.693, 89
Trd, 4319378.393, 90
Trd, 4319378.943, 91
Trd, 4319379.143, 91
Trd, 4319380.443, 91
Trd, 4319383.493, 93
Trd, 4319384.193, 92
Trd, 4319385.593, 91
Trd, 4319389.293, 92
Trd, 4319389.393, 93
Trd, 4319392.543, 93
Trd, 4319392.643, 91
Trd, 4319394.343, 93
Trd, 4319395.943, 91
Trd, 4319398.993, 92
Trd, 4319399.593, 93
Trd, 4319401.843, 91
Trd, 4319403.893, 93
Trd, 4319403.993, 93
Trd, 4319404.893, 93
Trd, 4319406.643, 94
Trd, 4319406.843, 92
Trd, 4319411.143, 94
Trd, 4319412.043, 92
Trd, 4319412.743, 95
Trd, 4319417.643, 95
Trd, 4319417.693, 94
Trd, 4319419.393, 95
Trd, 4319421.043, 94
Trd, 4319423.043, 95
Trd, 4319423.243, 95
Trd, 4319426.093, 94
Trd, 4319427.193, 96
Trd, 4319427.393, 94
Trd, 4319431.743, 92
Trd, 4319433.243, 94
Trd, 4319435.043, 93
Trd, 4319436.143, 93
Trd, 4319439.493, 93
Trd, 4319443.093, 93
Trd, 4319444.993, 92
Trd, 4319445.343, 93
Trd, 4319446.143, 93
Trd, 4319449.543, 93
Trd, 4319450.493, 94
Trd, 4319452.593, 94
Trd, 4319456.443, 94
Trd, 4319456.943, 93
Trd, 4319458.393, 92
Trd, 4319458.643, 93
Trd, 4319458.793, 92
Trd, 4319463.343, 93
Trd, 4319463.843, 91
Trd, 4319470.393, 92
Trd, 4319471.393, 92
Trd, 4319472.043, 91
Trd, 4319472.943, 92
Trd, 4319473.593, 92
Trd, 4319475.643, 91
Trd, 4319478.543, 92
Trd, 4319478.793, 92
Trd, 4319478.893, 91
Trd, 4319484.293, 95
Trd, 4319484.993, 94
Trd, 4319485.143, 95
Trd, 4319486.843, 91
Trd, 4319487.193, 86
Trd, 4319490.593, 92
Trd, 4319491.293, 93
Trd, 4319491.543, 93
Trd, 4319491.793, 91
Trd, 4319493.893, 95
Trd, 4319494.943, 100
Trd, 4319495.893, 99
Trd, 4319497.293, 100
Trd, 4319498.493, 100
Trd, 4319499.293, 100
Trd, 4319499.443, 98
Trd, 4319501.843, 100
Trd, 4319502.993, 103
Trd, 4319503.143, 102
Trd, 4319505.543, 97
Trd, 4319505.843, 96
Trd, 4319507.393, 97
Trd, 4319510.143, 97
Trd, 4319510.343, 86
Trd, 4319513.343, 92
Trd, 4319514.093, 92
Trd, 4319514.243, 91
Trd, 4319515.643, 92
Trd, 4319519.343, 92
Trd, 4319519.443, 92
Trd, 4319519.593, 91
Trd, 4319522.343, 92
Trd, 4319523.193, 95
Trd, 4319523.393, 95
Trd, 4319525.643, 95
Trd, 4319526.993, 95
Trd, 4319531.693, 95
Trd, 4319532.793, 94
Trd, 4319535.743, 95
Trd, 4319537.343, 93
Trd, 4319537.693, 94
Trd, 4319537.743, 93
Trd, 4319539.293, 91
Trd, 4319541.493, 92
Trd, 4319542.043, 91
Trd, 4319544.043, 92
Trd, 4319544.743, 90
Trd, 4319547.843, 93
Trd, 4319547.943, 93
Trd, 4319548.893, 90
Trd, 4319552.343, 90
Trd, 4319556.743, 90
Trd, 4319557.293, 91
Trd, 4319558.693, 95
Trd, 4319560.093, 100
Trd, 4319561.043, 102
Trd, 4319561.243, 100
Trd, 4319562.793, 100
Trd, 4319564.243, 100
Trd, 4319565.743, 99
Trd, 4319566.193, 100
Trd, 4319567.243, 101
Trd, 4319567.393, 100
Trd, 4319570.893, 93
Trd, 4319570.993, 87
Trd, 4319571.943, 96
Trd, 4319572.143, 96
Trd, 4319574.493, 86
Trd, 4319575.743, 93
Trd, 4319577.743, 96
Trd, 4319580.243, 96
Trd, 4319580.543, 96
Trd, 4319582.093, 95
Trd, 4319582.793, 97
Trd, 4319582.993, 96
Trd, 4319583.743, 96
Trd, 4319584.543, 98
Trd, 4319586.393, 98
Trd, 4319586.493, 96
Trd, 4319591.693, 98
Trd, 4319591.893, 96
Trd, 4319593.343, 98
Trd, 4319595.893, 98
Trd, 4319596.793, 98
Trd, 4319596.893, 97
Trd, 4319597.093, 96
Trd, 4319598.743, 98
Trd, 4319600.993, 96
Trd, 4319601.743, 95
Trd, 4319601.893, 95
Trd, 4319603.443, 94
Trd, 4319605.843, 94
Trd, 4319606.043, 93
Trd, 4319606.293, 86
Trd, 4319611.193, 93
Trd, 4319611.593, 93
Trd, 4319613.743, 91
Trd, 4319614.393, 94
Trd, 4319614.743, 95
Trd, 4319614.843, 85
Trd, 4319618.093, 93
Trd, 4319621.993, 94
Trd, 4319622.093, 94
Trd, 4319622.843, 92
Trd, 4319624.143, 93
Trd, 4319624.393, 95
Trd, 4319626.343, 94
Trd, 4319627.493, 94
Trd, 4319627.843, 84
Trd, 4319628.393, 85
Trd, 4319630.693, 90
Trd, 4319632.043, 92
Trd, 4319632.943, 92
Trd, 4319636.043, 94
Trd, 4319636.643, 92
Trd, 4319637.543, 91
Trd, 4319639.493, 91
Trd, 4319643.493, 93
Trd, 4319643.643, 92
Trd, 4319646.243, 95
Trd, 4319646.743, 94
Trd, 4319646.843, 90
Trd, 4319649.243, 93
Trd, 4319650.193, 90
Trd, 4319650.843, 92
Trd, 4319652.643, 95
Trd, 4319653.893, 98
Trd, 4319655.693, 97
Trd, 4319656.543, 97
Trd, 4319657.393, 95
Trd, 4319660.143, 96
Trd, 4319660.393, 96
Trd, 4319661.593, 95
Trd, 4319665.993, 96
Trd, 4319667.493, 96
Trd, 4319668.943, 94
Trd, 4319671.943, 96
Trd, 4319672.643, 97
Trd, 4319673.143, 96
Trd, 4319673.293, 95
Trd, 4319676.843, 94
Trd, 4319678.143, 93
Trd, 4319679.893, 96
Trd, 4319680.993, 95
Trd, 4319681.793, 93
Trd, 4319682.993, 96
Trd, 4319686.243, 96
Trd, 4319688.643, 96
Trd, 4319689.443, 95
Trd, 4319690.343, 97
Trd, 4319692.443, 95
Trd, 4319694.293, 96
Trd, 4319694.593, 96
Trd, 4319697.193, 95
Trd, 4319698.093, 96
Trd, 4319698.843, 96
Trd, 4319699.643, 99
Trd, 4319700.893, 98
Trd, 4319702.343, 99
Trd, 4319704.593, 99
Trd, 4319704.843, 98
Trd, 4319708.843, 97
Trd, 4319709.093, 98
Trd, 4319709.793, 98
Trd, 4319712.943, 98
Trd, 4319713.893, 97
Trd, 4319716.943, 97
Trd, 4319718.343, 97
Trd, 4319718.593, 96
Trd, 4319718.943, 95
Trd, 4319720.443, 95
Trd, 4319721.343, 96
Trd, 4319722.443, 94
Trd, 4319724.493, 94
Trd, 4319725.743, 95
Trd, 4319727.293, 94
Trd, 4319729.643, 95
Trd, 4319732.143, 95
Trd, 4319732.393, 94
Trd, 4319732.743, 93
Trd, 4319733.193, 93
Trd, 4319734.793, 92
Trd, 4319737.493, 92
Trd, 4319739.843, 94
Trd, 4319742.743, 94
Trd, 4319746.393, 94
Trd, 4319748.493, 95
Trd, 4319750.793, 93
Trd, 4319752.693, 93
Trd, 4319753.593, 95
Trd, 4319756.143, 95
Trd, 4319759.793, 95
Trd, 4319759.893, 95
Trd, 4319761.493, 93
Trd, 4319762.093, 96
Trd, 4319762.943, 93
Trd, 4319763.043, 92
Trd, 4319765.193, 93
Trd, 4319765.593, 92
Trd, 4319768.543, 70
Trd, 4319770.693, 81
Trd, 4319771.093, 82
Trd, 4319773.043, 84
Trd, 4319774.493, 87
Trd, 4319775.343, 86
Trd, 4319777.843, 86
Trd, 4319778.593, 86
Trd, 4319781.893, 91
Trd, 4319782.293, 91
Trd, 4319786.243, 91
Trd, 4319786.293, 91
Trd, 4319787.093, 91
Trd, 4319787.593, 91
Trd, 4319788.993, 91
Trd, 4319790.543, 90
Trd, 4319791.243, 91
Trd, 4319791.343, 89
Trd, 4319794.793, 92
Trd, 4319795.193, 92
Trd, 4319795.393, 91
Trd, 4319797.143, 90
Trd, 4319799.093, 93
Trd, 4319799.143, 92
Trd, 4319802.543, 91
Trd, 4319804.043, 92
Trd, 4319806.043, 91
Trd, 4319808.143, 92
Trd, 4319809.793, 92
Trd, 4319811.493, 91
Trd, 4319812.693, 93
Trd, 4319813.443, 93
Trd, 4319815.693, 94
Trd, 4319817.043, 93
Trd, 4319818.443, 94
Trd, 4319818.993, 95
Trd, 4319823.343, 95
Trd, 4319825.843, 94
Trd, 4319827.593, 95
Trd, 4319830.593, 95
Trd, 4319831.443, 95
Trd, 4319832.393, 94
Trd, 4319837.093, 93
Trd, 4319838.193, 95
Trd, 4319838.843, 94
Trd, 4319840.143, 96
Trd, 4319841.743, 95
Trd, 4319843.343, 96
Trd, 4319843.743, 96
Trd, 4319843.893, 96
Trd, 4319845.593, 90
Trd, 4319846.243, 86
Trd, 4319848.243, 67
Trd, 4319851.593, 89
Trd, 4319851.793, 89
Trd, 4319855.043, 88
Trd, 4319855.643, 86
Trd, 4319857.293, 89
Trd, 4319859.243, 89
Trd, 4319859.893, 89
Trd, 4319863.493, 89
Trd, 4319863.693, 88
Trd, 4319865.993, 87
Trd, 4319867.393, 88
Trd, 4319868.993, 88
Trd, 4319869.043, 88
Trd, 4319871.743, 87
Trd, 4319872.343, 85
Trd, 4319873.993, 81
Trd, 4319874.593, 82
Trd, 4319874.743, 73
Trd, 4319877.193, 82
Trd, 4319879.343, 85
Trd, 4319879.493, 86
Trd, 4319882.193, 86
Trd, 4319883.743, 91
Trd, 4319884.543, 92
Trd, 4319885.393, 91
Trd, 4319887.093, 94
Trd, 4319887.993, 95
Trd, 4319891.343, 93
Trd, 4319893.043, 93
Trd, 4319894.543, 94
Trd, 4319895.493, 94
Trd, 4319898.843, 93
Trd, 4319899.543, 93
Trd, 4319901.043, 94
Trd, 4319901.543, 95
Trd, 4319902.543, 94
Trd, 4319903.743, 95
Trd, 4319903.893, 93
Trd, 4319906.643, 95
Trd, 4319907.193, 97
Trd, 4319908.843, 98
Trd, 4319909.393, 98
Trd, 4319910.293, 97
Trd, 4319913.193, 96
Trd, 4319913.843, 98
Trd, 4319913.943, 97
Trd, 4319914.543, 98
Trd, 4319917.143, 98
Trd, 4319917.843, 97
Trd, 4319919.543, 98
Trd, 4319919.643, 96
Trd, 4319924.143, 98
Trd, 4319924.993, 103
Trd, 4319925.443, 106
Trd, 4319926.943, 109
Trd, 4319927.793, 108
Trd, 4319928.593, 108
Trd, 4319928.743, 101
Trd, 4319930.243, 108
Trd, 4319934.143, 98
Trd, 4319934.543, 98
Trd, 4319935.143, 99
Trd, 4319935.743, 97
Trd, 4319938.443, 99
Trd, 4319939.343, 96
Trd, 4319942.293, 99
Trd, 4319942.893, 99
Trd, 4319943.343, 98
Trd, 4319944.043, 99
Trd, 4319944.793, 98
Trd, 4319948.293, 86
Trd, 4319950.893, 92
Trd, 4319951.793, 92
Trd, 4319952.743, 93
Trd, 4319953.293, 91
Trd, 4319954.143, 94
Trd, 4319958.793, 94
Trd, 4319959.793, 93
Trd, 4319960.093, 92
Trd, 4319960.543, 92
Trd, 4319963.193, 91
Trd, 4319964.043, 92
Trd, 4319965.643, 95
Trd, 4319965.793, 92
Trd, 4319966.093, 94
Trd, 4319968.193, 93
Trd, 4319968.643, 86
Trd, 4319970.093, 85
Trd, 4319975.143, 91
Trd, 4319976.993, 91
Trd, 4319978.893, 92
Trd, 4319980.743, 94
Trd, 4319981.993, 92
Trd, 4319986.243, 94
Trd, 4319987.793, 93
Trd, 4319987.843, 92
Trd, 4319990.443, 92
Trd, 4319992.243, 91
Trd, 4319993.993, 92
Trd, 4319994.593, 92
Trd, 4319999.193, 90
