Trd, 4317743.693, 95
Trd, 4317745.993, 94
Trd, 4317750.143, 95
Trd, 4317750.643, 96
Trd, 4317752.843, 96
Trd, 4317755.493, 95
Trd, 4317761.543, 96
Trd, 4317762.993, 95
Trd, 4317764.393, 94
Trd, 4317767.343, 95
Trd, 4317769.243, 96
Trd, 4317771.593, 95
Trd, 4317772.743, 95
Trd, 4317773.743, 94
Trd, 4317775.093, 93
Trd, 4317775.743, 94
Trd, 4317781.343, 94
Trd, 4317782.143, 93
Trd, 4317782.343, 92
Trd, 4317783.143, 93
Trd, 4317784.843, 93
Trd, 4317785.543, 92
Trd, 4317789.243, 93
Trd, 4317790.043, 93
Trd, 4317791.593, 94
Trd, 4317792.093, 92
Trd, 4317795.043, 91
Trd, 4317797.693, 93
Trd, 4317799.093, 92
Trd, 4317799.343, 93
Trd, 4317800.493, 90
Trd, 4317802.193, 93
Trd, 4317802.693, 111
Trd, 4317805.593, 97
Trd, 4317806.043, 97
Trd, 4317806.943, 100
Trd, 4317811.993, 97
Trd, 4317812.493, 97
Trd, 4317815.943, 98
Trd, 4317817.843, 96
Trd, 4317821.243, 95
Trd, 4317821.293, 97
Trd, 4317823.993, 96
Trd, 4317825.693, 97
Trd, 4317825.893, 95
Trd, 4317828.793, 97
Trd, 4317832.693, 95
Trd, 4317833.643, 94
Trd, 4317835.343, 96
Trd, 4317836.443, 95
Trd, 4317836.843, 94
Trd, 4317840.993, 93
Trd, 4317841.043, 95
Trd, 4317842.993, 95
Trd, 4317843.593, 95
Trd, 4317844.243, 93
Trd, 4317845.793, 92
Trd, 4317847.043, 94
Trd, 4317849.293, 95
Trd, 4317850.043, 94
Trd, 4317850.493, 93
Trd, 4317852.743, 93
Trd, 4317853.943, 93
Trd, 4317855.843, 95
Trd, 4317857.293, 93
Trd, 4317858.193, 94
Trd, 4317859.493, 96
Trd, 4317860.493, 107
Trd, 4317860.693, 96
Trd, 4317865.493, 101
Trd, 4317866.443, 98
Trd, 4317866.543, 101
Trd, 4317872.693, 99
Trd, 4317872.893, 101
Trd, 4317873.943, 98
Trd, 4317876.093, 95
Trd, 4317878.793, 100
Trd, 4317882.643, 95
Trd, 4317883.643, 99
Trd, 4317887.743, 94
Trd, 4317889.093, 98
Trd, 4317890.493, 95
Trd, 4317893.143, 98
Trd, 4317898.443, 95
Trd, 4317898.843, 98
Trd, 4317901.943, 98
Trd, 4317902.393, 94
Trd, 4317907.193, 96
Trd, 4317908.193, 95
Trd, 4317910.643, 97
Trd, 4317913.393, 95
Trd, 4317915.043, 96
Trd, 4317917.093, 95
Trd, 4317917.143, 95
Trd, 4317917.293, 96
Trd, 4317919.443, 96
Trd, 4317921.893, 94
Trd, 4317927.193, 96
Trd, 4317928.293, 95
Trd, 4317928.543, 95
Trd, 4317931.493, 95
Trd, 4317933.543, 95
Trd, 4317933.643, 95
Trd, 4317934.443, 98
Trd, 4317935.793, 95
Trd, 4317936.793, 94
Trd, 4317937.343, 97
Trd, 4317940.443, 97
Trd, 4317944.143, 95
Trd, 4317944.643, 97
Trd, 4317945.893, 97
Trd, 4317946.893, 94
Trd, 4317951.893, 94
Trd, 4317953.493, 97
Trd, 4317961.593, 95
Trd, 4317962.293, 98
Trd, 4317963.993, 96
Trd, 4317965.643, 95
Trd, 4317965.943, 96
Trd, 4317966.943, 95
Trd, 4317969.193, 95
Trd, 4317970.543, 94
Trd, 4317971.743, 96
Trd, 4317973.643, 94
Trd, 4317979.493, 95
Trd, 4317980.093, 94
Trd, 4317981.393, 93
Trd, 4317983.543, 95
Trd, 4317983.843, 95
Trd, 4317986.193, 93
Trd, 4317988.043, 93
Trd, 4317988.343, 95
Trd, 4317995.743, 94
Trd, 4317996.543, 95
Trd, 4317997.693, 95
Trd, 4318000.493, 92
Trd, 4318003.643, 91
Trd, 4318005.943, 94
Trd, 4318007.293, 93
Trd, 4318007.493, 94
Trd, 4318009.693, 92
Trd, 4318010.793, 93
Trd, 4318013.893, 93
Trd, 4318014.243, 92
Trd, 4318015.043, 93
Trd, 4318016.343, 93
Trd, 4318018.143, 97
Trd, 4318019.993, 96
Trd, 4318020.043, 96
Trd, 4318020.393, 95
Trd, 4318022.943, 112
Trd, 4318023.493, 103
Trd, 4318023.993, 102
Trd, 4318025.193, 105
Trd, 4318025.643, 102
Trd, 4318030.193, 101
Trd, 4318031.493, 104
Trd, 4318033.693, 104
Trd, 4318035.693, 100
Trd, 4318039.243, 103
Trd, 4318040.693, 99
Trd, 4318044.093, 98
Trd, 4318045.543, 103
Trd, 4318047.643, 103
Trd, 4318049.643, 101
Trd, 4318053.043, 97
Trd, 4318053.443, 100
Trd, 4318056.743, 96
Trd, 4318060.443, 95
Trd, 4318060.993, 100
Trd, 4318064.943, 99
Trd, 4318067.493, 95
Trd, 4318070.193, 95
Trd, 4318072.143, 96
Trd, 4318072.543, 95
Trd, 4318073.493, 95
Trd, 4318073.643, 94
Trd, 4318077.043, 95
Trd, 4318079.793, 95
Trd, 4318080.193, 94
Trd, 4318080.393, 94
Trd, 4318081.943, 96
Trd, 4318082.093, 93
Trd, 4318083.843, 113
Trd, 4318085.743, 98
Trd, 4318086.893, 97
Trd, 4318088.043, 95
Trd, 4318088.643, 97
Trd, 4318090.143, 97
Trd, 4318092.793, 96
Trd, 4318096.643, 95
Trd, 4318096.993, 97
Trd, 4318102.743, 95
Trd, 4318104.443, 97
Trd, 4318105.493, 94
Trd, 4318107.743, 98
Trd, 4318110.743, 97
Trd, 4318112.643, 94
Trd, 4318114.793, 93
Trd, 4318117.843, 96
Trd, 4318119.393, 93
Trd, 4318126.693, 96
Trd, 4318127.343, 95
Trd, 4318127.743, 96
Trd, 4318129.943, 95
Trd, 4318130.993, 95
Trd, 4318134.243, 96
Trd, 4318134.543, 95
Trd, 4318135.743, 94
Trd, 4318136.743, 106
Trd, 4318139.943, 98
Trd, 4318141.793, 98
Trd, 4318143.593, 95
Trd, 4318144.743, 95
Trd, 4318147.393, 98
Trd, 4318153.293, 95
Trd, 4318153.493, 97
Trd, 4318158.043, 95
Trd, 4318158.593, 95
Trd, 4318159.143, 94
Trd, 4318159.543, 111
Trd, 4318161.193, 97
Trd, 4318163.343, 96
Trd, 4318164.443, 95
Trd, 4318164.893, 97
Trd, 4318165.543, 94
Trd, 4318168.393, 97
Trd, 4318168.593, 97
Trd, 4318171.843, 97
Trd, 4318172.743, 96
Trd, 4318175.343, 97
Trd, 4318177.393, 97
Trd, 4318178.443, 97
Trd, 4318178.493, 95
Trd, 4318185.043, 96
Trd, 4318186.143, 95
Trd, 4318186.293, 97
Trd, 4318189.743, 95
Trd, 4318192.943, 94
Trd, 4318193.893, 96
Trd, 4318197.793, 95
Trd, 4318198.843, 94
Trd, 4318199.543, 94
Trd, 4318200.093, 95
Trd, 4318201.643, 93
Trd, 4318205.293, 94
Trd, 4318206.493, 94
Trd, 4318207.043, 93
Trd, 4318207.343, 94
Trd, 4318207.893, 92
Trd, 4318209.593, 95
Trd, 4318213.093, 95
Trd, 4318214.843, 95
Trd, 4318215.043, 96
Trd, 4318216.193, 97
Trd, 4318217.443, 98
Trd, 4318217.993, 97
Trd, 4318220.093, 96
Trd, 4318222.693, 96
Trd, 4318224.643, 97
Trd, 4318227.893, 96
Trd, 4318228.443, 95
Trd, 4318228.993, 95
Trd, 4318230.543, 95
Trd, 4318231.143, 96
Trd, 4318233.393, 111
Trd, 4318233.443, 105
Trd, 4318234.393, 106
Trd, 4318235.493, 105
Trd, 4318237.443, 95
Trd, 4318240.043, 101
Trd, 4318240.943, 101
Trd, 4318245.193, 101
Trd, 4318248.343, 100
Trd, 4318250.593, 101
Trd, 4318253.943, 102
Trd, 4318255.093, 99
Trd, 4318259.743, 101
Trd, 4318261.443, 97
Trd, 4318263.943, 99
Trd, 4318265.843, 97
Trd, 4318267.943, 96
Trd, 4318268.293, 99
Trd, 4318273.293, 95
Trd, 4318274.143, 96
Trd, 4318281.743, 96
Trd, 4318282.193, 95
Trd, 4318284.143, 96
Trd, 4318286.093, 96
Trd, 4318289.343, 94
Trd, 4318291.193, 96
Trd, 4318293.693, 96
Trd, 4318296.543, 95
Trd, 4318296.943, 97
Trd, 4318297.543, 98
Trd, 4318300.643, 95
Trd, 4318302.843, 95
Trd, 4318305.243, 96
Trd, 4318306.793, 95
Trd, 4318308.393, 94
Trd, 4318308.843, 96
Trd, 4318311.143, 96
Trd, 4318312.093, 96
Trd, 4318313.643, 95
Trd, 4318315.293, 97
Trd, 4318315.493, 94
Trd, 4318319.493, 97
Trd, 4318321.843, 98
Trd, 4318323.793, 98
Trd, 4318325.143, 96
Trd, 4318325.793, 97
Trd, 4318328.843, 95
Trd, 4318332.543, 97
Trd, 4318333.593, 97
Trd, 4318336.293, 95
Trd, 4318340.993, 95
Trd, 4318342.093, 96
Trd, 4318346.443, 96
Trd, 4318347.343, 95
Trd, 4318349.843, 96
Trd, 4318351.493, 95
Trd, 4318355.393, 95
Trd, 4318358.743, 96
Trd, 4318361.643, 96
Trd, 4318362.793, 95
Trd, 4318365.793, 96
Trd, 4318367.493, 94
Trd, 4318369.493, 95
Trd, 4318370.243, 94
Trd, 4318370.443, 93
Trd, 4318376.093, 96
Trd, 4318378.693, 95
Trd, 4318379.293, 92
Trd, 4318379.993, 94
Trd, 4318381.043, 93
Trd, 4318381.193, 92
Trd, 4318382.593, 93
Trd, 4318383.293, 101
Trd, 4318383.693, 93
Trd, 4318385.743, 95
Trd, 4318387.143, 94
Trd, 4318389.643, 95
Trd, 4318392.743, 94
Trd, 4318392.793, 93
Trd, 4318394.893, 93
Trd, 4318396.993, 93
Trd, 4318397.243, 108
Trd, 4318398.743, 92
Trd, 4318400.193, 91
Trd, 4318402.793, 112
Trd, 4318403.493, 100
Trd, 4318406.543, 100
Trd, 4318407.593, 99
Trd, 4318409.293, 101
Trd, 4318412.043, 98
Trd, 4318413.043, 100
Trd, 4318416.043, 98
Trd, 4318416.093, 97
Trd, 4318416.293, 97
Trd, 4318416.593, 109
Trd, 4318417.993, 96
Trd, 4318419.043, 97
Trd, 4318421.993, 96
Trd, 4318422.243, 96
Trd, 4318424.343, 96
Trd, 4318424.643, 97
Trd, 4318426.643, 97
Trd, 4318427.793, 95
Trd, 4318429.393, 97
Trd, 4318431.093, 111
Trd, 4318432.493, 95
Trd, 4318439.093, 100
Trd, 4318439.243, 95
Trd, 4318441.493, 95
Trd, 4318446.243, 99
Trd, 4318448.893, 95
Trd, 4318450.043, 98
Trd, 4318454.493, 95
Trd, 4318455.143, 98
Trd, 4318456.643, 98
Trd, 4318459.343, 95
Trd, 4318460.943, 98
Trd, 4318464.493, 95
Trd, 4318467.793, 94
Trd, 4318468.993, 97
Trd, 4318474.843, 95
Trd, 4318475.543, 97
Trd, 4318478.643, 95
Trd, 4318481.443, 97
Trd, 4318483.443, 94
Trd, 4318485.893, 95
Trd, 4318486.393, 94
Trd, 4318488.793, 95
Trd, 4318489.343, 93
Trd, 4318491.243, 95
Trd, 4318492.993, 93
Trd, 4318494.793, 95
Trd, 4318496.843, 94
Trd, 4318497.093, 94
Trd, 4318499.743, 93
Trd, 4318501.493, 92
Trd, 4318503.843, 93
Trd, 4318504.843, 94
Trd, 4318506.793, 94
Trd, 4318509.093, 93
Trd, 4318510.143, 91
Trd, 4318514.643, 94
Trd, 4318515.643, 91
Trd, 4318515.893, 94
Trd, 4318517.643, 113
Trd, 4318518.143, 100
Trd, 4318518.793, 102
Trd, 4318521.993, 101
Trd, 4318522.543, 100
Trd, 4318525.143, 100
Trd, 4318531.093, 99
Trd, 4318532.793, 98
Trd, 4318533.793, 100
Trd, 4318536.543, 100
Trd, 4318539.493, 100
Trd, 4318540.893, 97
Trd, 4318543.943, 97
Trd, 4318547.493, 99
Trd, 4318548.943, 100
Trd, 4318550.543, 96
Trd, 4318554.893, 95
Trd, 4318559.243, 94
Trd, 4318560.193, 99
Trd, 4318565.393, 95
Trd, 4318566.043, 99
Trd, 4318569.693, 95
Trd, 4318574.743, 95
Trd, 4318575.543, 98
Trd, 4318580.593, 95
Trd, 4318581.393, 97
Trd, 4318583.793, 97
Trd, 4318585.193, 95
Trd, 4318588.093, 96
Trd, 4318588.943, 96
Trd, 4318590.943, 95
Trd, 4318594.193, 95
Trd, 4318595.643, 96
Trd, 4318596.593, 95
Trd, 4318598.143, 94
Trd, 4318599.643, 93
Trd, 4318602.493, 97
Trd, 4318604.593, 96
Trd, 4318605.043, 97
Trd, 4318611.043, 95
Trd, 4318612.743, 96
Trd, 4318612.993, 94
Trd, 4318614.543, 93
Trd, 4318616.193, 96
Trd, 4318619.593, 95
Trd, 4318627.443, 95
Trd, 4318627.593, 96
Trd, 4318631.793, 94
Trd, 4318633.143, 95
Trd, 4318633.343, 95
Trd, 4318635.643, 94
Trd, 4318636.093, 94
Trd, 4318638.593, 95
Trd, 4318640.893, 93
Trd, 4318641.193, 93
Trd, 4318642.643, 94
Trd, 4318642.843, 94
Trd, 4318642.943, 95
Trd, 4318647.743, 95
Trd, 4318647.843, 93
Trd, 4318649.093, 95
Trd, 4318649.993, 95
Trd, 4318650.643, 93
Trd, 4318658.493, 96
Trd, 4318658.593, 95
Trd, 4318659.343, 97
Trd, 4318661.293, 94
Trd, 4318662.643, 97
Trd, 4318663.043, 93
Trd, 4318666.893, 95
Trd, 4318668.293, 95
Trd, 4318669.843, 110
Trd, 4318671.493, 93
Trd, 4318672.293, 97
Trd, 4318676.843, 95
Trd, 4318678.793, 96
Trd, 4318684.743, 95
Trd, 4318684.843, 96
Trd, 4318687.043, 95
Trd, 4318690.193, 96
Trd, 4318690.693, 94
Trd, 4318693.843, 96
Trd, 4318694.793, 95
Trd, 4318695.143, 97
Trd, 4318699.493, 95
Trd, 4318702.343, 94
Trd, 4318703.293, 96
Trd, 4318705.443, 97
Trd, 4318706.943, 96
Trd, 4318707.443, 97
Trd, 4318708.043, 89
Trd, 4318713.043, 96
Trd, 4318713.243, 95
Trd, 4318713.743, 95
Trd, 4318716.543, 94
Trd, 4318718.543, 94
Trd, 4318718.993, 96
Trd, 4318721.493, 95
Trd, 4318722.093, 93
Trd, 4318722.193, 95
Trd, 4318724.093, 95
Trd, 4318728.693, 95
Trd, 4318728.793, 94
Trd, 4318729.343, 92
Trd, 4318732.193, 93
Trd, 4318732.993, 92
Trd, 4318734.443, 93
Trd, 4318736.393, 92
Trd, 4318736.443, 94
Trd, 4318739.093, 95
Trd, 4318739.243, 94
Trd, 4318739.593, 94
Trd, 4318744.293, 100
Trd, 4318745.393, 112
Trd, 4318746.043, 108
Trd, 4318746.993, 82
Trd, 4318748.143, 102
Trd, 4318751.493, 105
Trd, 4318752.943, 103
Trd, 4318753.493, 100
Trd, 4318758.443, 100
Trd, 4318761.243, 100
Trd, 4318765.143, 99
Trd, 4318765.443, 100
Trd, 4318769.643, 98
Trd, 4318771.743, 97
Trd, 4318774.993, 97
Trd, 4318775.093, 98
Trd, 4318779.193, 96
Trd, 4318781.543, 98
Trd, 4318782.293, 97
Trd, 4318782.893, 96
Trd, 4318785.543, 98
Trd, 4318786.093, 95
Trd, 4318788.593, 95
Trd, 4318789.293, 98
Trd, 4318790.593, 98
Trd, 4318795.893, 95
Trd, 4318796.743, 98
Trd, 4318797.593, 97
Trd, 4318797.793, 94
Trd, 4318801.343, 96
Trd, 4318802.193, 97
Trd, 4318806.043, 95
Trd, 4318808.093, 97
Trd, 4318811.893, 95
Trd, 4318814.293, 95
Trd, 4318815.893, 96
Trd, 4318816.043, 95
Trd, 4318818.493, 94
Trd, 4318820.743, 97
Trd, 4318821.693, 96
Trd, 4318824.143, 96
Trd, 4318824.543, 98
Trd, 4318826.293, 95
Trd, 4318829.743, 95
Trd, 4318835.043, 97
Trd, 4318835.693, 97
Trd, 4318836.293, 95
Trd, 4318841.843, 95
Trd, 4318841.943, 97
Trd, 4318847.593, 95
Trd, 4318847.793, 94
Trd, 4318847.943, 95
Trd, 4318848.443, 94
Trd, 4318849.843, 112
Trd, 4318849.893, 87
Trd, 4318853.093, 100
Trd, 4318854.593, 100
Trd, 4318857.393, 102
Trd, 4318861.043, 99
Trd, 4318863.193, 100
Trd, 4318867.693, 101
Trd, 4318867.843, 98
Trd, 4318868.893, 97
Trd, 4318870.693, 99
Trd, 4318870.743, 97
Trd, 4318875.343, 97
Trd, 4318877.693, 99
Trd, 4318882.943, 100
Trd, 4318884.293, 100
Trd, 4318885.543, 99
Trd, 4318885.743, 99
Trd, 4318889.393, 99
Trd, 4318889.593, 98
Trd, 4318890.843, 98
Trd, 4318891.193, 101
Trd, 4318893.143, 97
Trd, 4318895.893, 98
Trd, 4318897.993, 97
Trd, 4318901.043, 97
Trd, 4318902.743, 98
Trd, 4318902.943, 97
Trd, 4318903.593, 97
Trd, 4318905.743, 96
Trd, 4318905.843, 97
Trd, 4318910.593, 96
Trd, 4318910.643, 95
Trd, 4318912.443, 95
Trd, 4318912.843, 94
Trd, 4318914.393, 96
Trd, 4318915.693, 96
Trd, 4318917.693, 96
Trd, 4318917.943, 95
Trd, 4318918.943, 95
Trd, 4318920.593, 96
Trd, 4318923.443, 97
Trd, 4318923.543, 95
Trd, 4318925.543, 96
Trd, 4318925.693, 95
Trd, 4318931.443, 96
Trd, 4318932.643, 95
Trd, 4318939.043, 95
Trd, 4318940.743, 96
Trd, 4318944.243, 96
Trd, 4318945.893, 95
Trd, 4318947.793, 96
Trd, 4318954.693, 95
Trd, 4318955.193, 96
Trd, 4318957.493, 97
Trd, 4318959.043, 98
Trd, 4318959.993, 97
Trd, 4318963.643, 97
Trd, 4318964.843, 98
Trd, 4318965.593, 96
Trd, 4318965.693, 95
Trd, 4318967.943, 94
Trd, 4318969.543, 96
Trd, 4318973.993, 96
Trd, 4318974.893, 95
Trd, 4318978.993, 95
Trd, 4318979.693, 96
Trd, 4318981.743, 95
Trd, 4318983.193, 93
Trd, 4318985.943, 95
Trd, 4318985.993, 96
Trd, 4318988.443, 97
Trd, 4318990.243, 98
Trd, 4318990.643, 97
Trd, 4318991.543, 95
Trd, 4318992.593, 108
Trd, 4318992.843, 96
Trd, 4318993.043, 102
Trd, 4318995.943, 99
Trd, 4318998.043, 98
Trd, 4318998.443, 99
Trd, 4318999.093, 98
Trd, 4318999.543, 96
Trd, 4319002.693, 113
Trd, 4319003.343, 106
Trd, 4319005.143, 103
Trd, 4319007.643, 105
Trd, 4319007.743, 104
Trd, 4319008.843, 103
Trd, 4319009.193, 102
Trd, 4319011.093, 102
Trd, 4319012.993, 105
Trd, 4319014.093, 102
Trd, 4319017.443, 101
Trd, 4319018.193, 100
Trd, 4319021.093, 103
Trd, 4319023.393, 100
Trd, 4319024.243, 104
Trd, 4319029.993, 100
Trd, 4319031.293, 102
Trd, 4319031.743, 99
Trd, 4319034.843, 98
Trd, 4319036.343, 99
Trd, 4319041.243, 99
Trd, 4319041.693, 110
Trd, 4319042.043, 101
Trd, 4319042.243, 102
Trd, 4319043.443, 102
Trd, 4319043.593, 110
Trd, 4319046.943, 101
Trd, 4319048.393, 100
Trd, 4319049.793, 99
Trd, 4319049.893, 95
Trd, 4319051.093, 100
Trd, 4319055.143, 102
Trd, 4319056.943, 97
Trd, 4319060.243, 96
Trd, 4319060.793, 102
Trd, 4319063.393, 95
Trd, 4319063.493, 95
Trd, 4319067.293, 100
Trd, 4319069.243, 100
Trd, 4319069.393, 94
Trd, 4319073.993, 100
Trd, 4319076.643, 95
Trd, 4319081.993, 95
Trd, 4319082.443, 100
Trd, 4319084.843, 95
Trd, 4319086.493, 100
Trd, 4319089.893, 100
Trd, 4319091.193, 95
Trd, 4319096.493, 95
Trd, 4319097.193, 100
Trd, 4319101.643, 99
Trd, 4319101.743, 95
Trd, 4319104.093, 95
Trd, 4319105.493, 99
Trd, 4319109.393, 95
Trd, 4319113.543, 99
Trd, 4319114.393, 94
Trd, 4319115.293, 99
Trd, 4319117.343, 98
Trd, 4319122.743, 96
Trd, 4319123.693, 99
Trd, 4319127.293, 98
Trd, 4319128.793, 95
Trd, 4319130.443, 95
Trd, 4319133.543, 98
Trd, 4319137.593, 98
Trd, 4319138.593, 95
Trd, 4319141.293, 97
Trd, 4319143.893, 95
Trd, 4319147.693, 97
Trd, 4319148.193, 96
Trd, 4319154.343, 97
Trd, 4319155.193, 97
Trd, 4319155.593, 95
Trd, 4319159.543, 97
Trd, 4319165.593, 94
Trd, 4319166.393, 94
Trd, 4319166.643, 97
Trd, 4319170.793, 100
Trd, 4319171.593, 95
Trd, 4319178.393, 95
Trd, 4319179.743, 98
Trd, 4319182.093, 95
Trd, 4319184.443, 98
Trd, 4319184.493, 98
Trd, 4319186.193, 95
Trd, 4319186.793, 97
Trd, 4319190.793, 96
Trd, 4319191.893, 95
Trd, 4319195.393, 95
Trd, 4319200.243, 95
Trd, 4319201.093, 96
Trd, 4319204.893, 95
Trd, 4319206.993, 96
Trd, 4319208.393, 95
Trd, 4319215.743, 95
Trd, 4319216.443, 96
Trd, 4319218.743, 97
Trd, 4319219.743, 95
Trd, 4319220.793, 95
Trd, 4319220.843, 97
Trd, 4319221.493, 95
Trd, 4319225.343, 95
Trd, 4319227.693, 97
Trd, 4319229.143, 95
Trd, 4319230.793, 97
Trd, 4319233.293, 95
Trd, 4319237.993, 96
Trd, 4319238.743, 95
Trd, 4319241.193, 95
Trd, 4319242.393, 96
Trd, 4319247.643, 96
Trd, 4319248.243, 94
Trd, 4319249.343, 95
Trd, 4319251.343, 95
Trd, 4319254.843, 96
Trd, 4319259.893, 96
Trd, 4319260.193, 95
Trd, 4319262.993, 96
Trd, 4319264.493, 95
Trd, 4319267.493, 96
Trd, 4319267.593, 95
Trd, 4319269.843, 95
Trd, 4319275.893, 95
Trd, 4319276.793, 96
Trd, 4319277.293, 104
Trd, 4319277.893, 94
Trd, 4319282.343, 95
Trd, 4319285.393, 97
Trd, 4319287.043, 95
Trd, 4319289.143, 97
Trd, 4319290.393, 94
Trd, 4319293.893, 97
Trd, 4319294.193, 95
Trd, 4319298.243, 108
Trd, 4319300.643, 95
Trd, 4319304.743, 95
Trd, 4319305.143, 99
Trd, 4319308.943, 99
Trd, 4319311.293, 95
Trd, 4319314.943, 98
Trd, 4319315.843, 95
Trd, 4319316.243, 95
Trd, 4319320.143, 96
Trd, 4319322.493, 94
Trd, 4319322.843, 94
Trd, 4319324.693, 95
Trd, 4319325.643, 91
Trd, 4319326.843, 91
Trd, 4319328.143, 88
Trd, 4319329.743, 86
Trd, 4319331.243, 87
Trd, 4319331.893, 87
Trd, 4319332.143, 108
Trd, 4319336.943, 90
Trd, 4319339.343, 89
Trd, 4319341.093, 92
Trd, 4319345.593, 91
Trd, 4319346.243, 92
Trd, 4319348.443, 91
Trd, 4319350.043, 92
Trd, 4319350.293, 90
Trd, 4319351.793, 92
Trd, 4319354.243, 90
Trd, 4319355.643, 91
Trd, 4319356.343, 91
Trd, 4319357.243, 91
Trd, 4319360.743, 113
Trd, 4319361.943, 102
Trd, 4319362.143, 101
Trd, 4319363.493, 101
Trd, 4319363.993, 81
Trd, 4319364.493, 109
Trd, 4319366.243, 100
Trd, 4319369.893, 99
Trd, 4319374.193, 95
Trd, 4319374.393, 98
Trd, 4319375.943, 98
Trd, 4319376.243, 94
Trd, 4319379.243, 97
Trd, 4319380.343, 95
Trd, 4319387.243, 97
Trd, 4319387.843, 95
Trd, 4319389.393, 95
Trd, 4319390.743, 97
Trd, 4319395.543, 95
Trd, 4319396.843, 96
Trd, 4319398.993, 96
Trd, 4319401.793, 96
Trd, 4319403.093, 95
Trd, 4319403.893, 97
Trd, 4319404.593, 97
Trd, 4319406.543, 95
Trd, 4319413.343, 98
Trd, 4319414.693, 95
Trd, 4319417.143, 95
Trd, 4319417.643, 97
Trd, 4319419.443, 95
Trd, 4319419.943, 95
Trd, 4319421.093, 94
Trd, 4319421.643, 93
Trd, 4319424.293, 107
Trd, 4319426.943, 96
Trd, 4319429.493, 93
Trd, 4319430.693, 92
Trd, 4319431.243, 93
Trd, 4319434.843, 93
Trd, 4319435.143, 93
Trd, 4319435.443, 93
Trd, 4319437.743, 109
Trd, 4319440.093, 94
Trd, 4319441.143, 94
Trd, 4319442.893, 95
Trd, 4319445.093, 95
Trd, 4319445.193, 94
Trd, 4319445.893, 94
Trd, 4319446.993, 96
Trd, 4319449.043, 95
Trd, 4319453.693, 95
Trd, 4319455.393, 96
Trd, 4319456.893, 96
Trd, 4319460.143, 95
Trd, 4319460.493, 96
Trd, 4319462.943, 95
Trd, 4319463.843, 96
Trd, 4319465.343, 95
Trd, 4319467.193, 96
Trd, 4319471.293, 95
Trd, 4319472.893, 112
Trd, 4319473.993, 102
Trd, 4319474.593, 94
Trd, 4319476.493, 98
Trd, 4319478.843, 100
Trd, 4319480.243, 99
Trd, 4319483.243, 98
Trd, 4319483.743, 99
Trd, 4319484.993, 98
Trd, 4319488.893, 108
Trd, 4319491.893, 97
Trd, 4319494.843, 96
Trd, 4319495.393, 101
Trd, 4319499.393, 96
Trd, 4319501.743, 100
Trd, 4319503.593, 99
Trd, 4319505.643, 96
Trd, 4319507.393, 95
Trd, 4319510.643, 98
Trd, 4319514.443, 95
Trd, 4319516.693, 98
Trd, 4319518.393, 95
Trd, 4319519.493, 98
Trd, 4319519.893, 98
Trd, 4319524.643, 95
Trd, 4319526.093, 98
Trd, 4319529.493, 98
Trd, 4319530.093, 95
Trd, 4319530.643, 97
Trd, 4319536.393, 96
Trd, 4319536.493, 95
Trd, 4319537.243, 95
Trd, 4319539.043, 97
Trd, 4319546.243, 95
Trd, 4319547.193, 97
Trd, 4319547.443, 95
Trd, 4319548.143, 97
Trd, 4319552.043, 97
Trd, 4319555.293, 95
Trd, 4319560.343, 95
Trd, 4319561.843, 96
Trd, 4319566.443, 95
Trd, 4319568.143, 96
Trd, 4319569.443, 95
Trd, 4319570.343, 95
Trd, 4319572.143, 95
Trd, 4319573.893, 96
Trd, 4319576.843, 97
Trd, 4319580.243, 95
Trd, 4319583.743, 96
Trd, 4319587.793, 95
Trd, 4319591.243, 95
Trd, 4319592.993, 96
Trd, 4319593.793, 95
Trd, 4319594.093, 94
Trd, 4319597.443, 94
Trd, 4319600.393, 94
Trd, 4319602.443, 94
Trd, 4319603.193, 93
Trd, 4319603.743, 86
Trd, 4319606.993, 89
Trd, 4319607.793, 92
Trd, 4319609.943, 90
Trd, 4319611.493, 91
Trd, 4319612.243, 91
Trd, 4319615.593, 91
Trd, 4319617.793, 89
Trd, 4319619.993, 91
Trd, 4319623.243, 91
Trd, 4319623.393, 89
Trd, 4319623.543, 91
Trd, 4319625.393, 88
Trd, 4319627.243, 92
Trd, 4319629.693, 90
Trd, 4319630.193, 91
Trd, 4319636.343, 90
Trd, 4319638.743, 91
Trd, 4319639.243, 91
Trd, 4319639.393, 92
Trd, 4319640.793, 92
Trd, 4319641.943, 92
Trd, 4319641.993, 105
Trd, 4319643.993, 99
Trd, 4319644.393, 98
Trd, 4319645.343, 99
Trd, 4319647.693, 101
Trd, 4319648.293, 98
Trd, 4319649.993, 100
Trd, 4319651.493, 99
Trd, 4319652.393, 99
Trd, 4319655.293, 99
Trd, 4319656.243, 105
Trd, 4319656.793, 103
Trd, 4319657.143, 103
Trd, 4319658.843, 76
Trd, 4319660.843, 102
Trd, 4319666.593, 95
Trd, 4319668.643, 98
Trd, 4319671.193, 96
Trd, 4319671.643, 98
Trd, 4319675.893, 98
Trd, 4319677.293, 95
Trd, 4319684.543, 95
Trd, 4319685.093, 98
Trd, 4319687.393, 99
Trd, 4319689.393, 95
Trd, 4319691.243, 95
Trd, 4319694.143, 97
Trd, 4319697.493, 97
Trd, 4319698.143, 95
Trd, 4319703.993, 95
Trd, 4319704.193, 96
Trd, 4319705.293, 96
Trd, 4319705.393, 96
Trd, 4319706.543, 98
Trd, 4319708.943, 99
Trd, 4319709.243, 98
Trd, 4319712.443, 99
Trd, 4319712.543, 98
Trd, 4319713.443, 99
Trd, 4319715.693, 99
Trd, 4319716.543, 95
Trd, 4319726.893, 98
Trd, 4319727.443, 99
Trd, 4319728.243, 98
Trd, 4319730.493, 99
Trd, 4319731.343, 98
Trd, 4319731.893, 99
Trd, 4319732.493, 98
Trd, 4319735.743, 97
Trd, 4319737.093, 99
Trd, 4319740.193, 99
Trd, 4319741.643, 97
Trd, 4319746.593, 98
Trd, 4319748.293, 96
Trd, 4319748.393, 97
Trd, 4319748.443, 96
Trd, 4319752.193, 97
Trd, 4319753.843, 95
Trd, 4319757.593, 97
Trd, 4319757.693, 95
Trd, 4319759.493, 97
Trd, 4319765.093, 94
Trd, 4319767.543, 96
Trd, 4319768.043, 93
Trd, 4319769.593, 95
Trd, 4319771.493, 95
Trd, 4319773.043, 95
Trd, 4319774.143, 92
Trd, 4319776.843, 95
Trd, 4319778.593, 94
Trd, 4319779.843, 93
Trd, 4319780.493, 95
Trd, 4319781.193, 96
Trd, 4319781.593, 96
Trd, 4319782.493, 96
Trd, 4319784.493, 95
Trd, 4319786.893, 95
Trd, 4319788.743, 96
Trd, 4319791.793, 95
Trd, 4319792.643, 96
Trd, 4319797.593, 95
Trd, 4319799.093, 96
Trd, 4319800.943, 95
Trd, 4319803.443, 96
Trd, 4319806.443, 95
Trd, 4319807.843, 95
Trd, 4319808.543, 96
Trd, 4319813.093, 96
Trd, 4319813.343, 95
Trd, 4319813.393, 95
Trd, 4319817.543, 96
Trd, 4319820.393, 95
Trd, 4319820.843, 94
Trd, 4319822.593, 96
Trd, 4319823.643, 93
Trd, 4319826.193, 94
Trd, 4319827.943, 94
Trd, 4319828.443, 94
Trd, 4319829.043, 92
Trd, 4319831.093, 94
Trd, 4319831.193, 93
Trd, 4319833.993, 101
Trd, 4319835.143, 96
Trd, 4319836.593, 97
Trd, 4319837.243, 95
Trd, 4319838.643, 98
Trd, 4319838.693, 107
Trd, 4319839.893, 102
Trd, 4319840.843, 101
Trd, 4319842.693, 100
Trd, 4319844.893, 102
Trd, 4319848.993, 101
Trd, 4319850.693, 99
Trd, 4319855.443, 101
Trd, 4319859.293, 98
Trd, 4319861.493, 100
Trd, 4319862.793, 97
Trd, 4319864.693, 99
Trd, 4319865.693, 97
Trd, 4319868.793, 105
Trd, 4319868.993, 96
Trd, 4319875.593, 95
Trd, 4319878.893, 100
Trd, 4319879.843, 100
Trd, 4319880.793, 95
Trd, 4319881.043, 99
Trd, 4319883.793, 102
Trd, 4319884.343, 101
Trd, 4319885.243, 106
Trd, 4319886.743, 100
Trd, 4319889.193, 100
Trd, 4319893.993, 99
Trd, 4319894.743, 102
Trd, 4319895.093, 98
Trd, 4319898.593, 102
Trd, 4319899.443, 97
Trd, 4319902.893, 102
Trd, 4319905.993, 96
Trd, 4319906.443, 102
Trd, 4319909.943, 94
Trd, 4319912.643, 99
Trd, 4319918.243, 96
Trd, 4319920.143, 98
Trd, 4319921.443, 95
Trd, 4319923.343, 97
Trd, 4319928.743, 95
Trd, 4319929.743, 97
Trd, 4319932.693, 96
Trd, 4319934.543, 95
Trd, 4319936.793, 95
Trd, 4319937.243, 96
Trd, 4319937.893, 94
Trd, 4319941.143, 95
Trd, 4319944.693, 95
Trd, 4319945.193, 94
Trd, 4319945.843, 96
Trd, 4319946.793, 85
Trd, 4319949.293, 95
Trd, 4319950.693, 97
Trd, 4319951.443, 96
Trd, 4319955.143, 96
Trd, 4319957.143, 95
Trd, 4319959.043, 96
Trd, 4319961.443, 95
Trd, 4319962.943, 94
Trd, 4319966.043, 95
Trd, 4319966.543, 95
Trd, 4319968.843, 94
Trd, 4319969.043, 95
Trd, 4319970.193, 96
Trd, 4319973.993, 93
Trd, 4319976.893, 95
Trd, 4319978.193, 95
Trd, 4319978.893, 93
Trd, 4319981.393, 94
Trd, 4319983.393, 93
Trd, 4319984.543, 94
Trd, 4319987.293, 95
Trd, 4319989.443, 94
Trd, 4319991.093, 94
Trd, 4319992.543, 95
Trd, 4319993.343, 96
Trd, 4319997.193, 95
Trd, 4319999.343, 95
