Trd, 4317636.543, 99
Trd, 4317642.393, 99
Trd, 4317650.343, 99
Trd, 4317655.293, 99
Trd, 4317656.743, 99
Trd, 4317662.243, 99
Trd, 4317662.693, 99
Trd, 4317663.093, 98
Trd, 4317668.143, 97
Trd, 4317670.093, 99
Trd, 4317677.743, 98
Trd, 4317683.543, 98
Trd, 4317685.893, 98
Trd, 4317689.193, 98
Trd, 4317692.193, 98
Trd, 4317700.593, 98
Trd, 4317701.443, 98
Trd, 4317702.343, 98
Trd, 4317704.643, 102
Trd, 4317704.843, 99
Trd, 4317709.443, 100
Trd, 4317709.743, 102
Trd, 4317710.343, 102
Trd, 4317712.643, 105
Trd, 4317716.093, 105
Trd, 4317716.743, 108
Trd, 4317717.593, 107
Trd, 4317720.643, 104
Trd, 4317721.543, 104
Trd, 4317724.343, 105
Trd, 4317725.343, 103
Trd, 4317727.943, 102
Trd, 4317734.593, 101
Trd, 4317739.043, 101
Trd, 4317743.343, 102
Trd, 4317744.743, 101
Trd, 4317744.943, 100
Trd, 4317745.243, 102
Trd, 4317749.143, 103
Trd, 4317750.093, 102
Trd, 4317759.993, 102
Trd, 4317760.543, 103
Trd, 4317761.143, 103
Trd, 4317766.493, 103
Trd, 4317771.193, 103
Trd, 4317774.293, 101
Trd, 4317776.393, 103
Trd, 4317778.343, 102
Trd, 4317780.093, 104
Trd, 4317780.143, 106
Trd, 4317787.193, 104
Trd, 4317791.893, 103
Trd, 4317798.543, 102
Trd, 4317804.793, 101
Trd, 4317805.043, 102
Trd, 4317805.193, 101
Trd, 4317805.993, 99
Trd, 4317807.293, 101
Trd, 4317813.343, 101
Trd, 4317816.293, 101
Trd, 4317816.693, 101
Trd, 4317819.493, 100
Trd, 4317821.193, 110
Trd, 4317821.443, 104
Trd, 4317823.593, 105
Trd, 4317825.743, 104
Trd, 4317825.943, 103
Trd, 4317826.843, 104
Trd, 4317829.143, 103
Trd, 4317832.343, 103
Trd, 4317833.343, 103
Trd, 4317833.943, 101
Trd, 4317835.843, 101
Trd, 4317839.593, 101
Trd, 4317843.493, 113
Trd, 4317851.593, 100
Trd, 4317856.643, 102
Trd, 4317857.993, 101
Trd, 4317863.593, 102
Trd, 4317863.943, 100
Trd, 4317864.643, 100
Trd, 4317868.043, 100
Trd, 4317870.993, 100
Trd, 4317871.943, 100
Trd, 4317879.343, 100
Trd, 4317882.443, 100
Trd, 4317882.593, 99
Trd, 4317887.193, 100
Trd, 4317890.443, 100
Trd, 4317894.293, 99
Trd, 4317903.943, 99
Trd, 4317907.693, 99
Trd, 4317908.793, 98
Trd, 4317909.743, 99
Trd, 4317914.943, 99
Trd, 4317915.743, 98
Trd, 4317918.893, 98
Trd, 4317919.193, 99
Trd, 4317925.443, 98
Trd, 4317932.943, 98
Trd, 4317934.193, 97
Trd, 4317935.443, 98
Trd, 4317936.893, 102
Trd, 4317937.393, 100
Trd, 4317940.393, 99
Trd, 4317944.193, 99
Trd, 4317946.143, 99
Trd, 4317946.493, 98
Trd, 4317949.393, 99
Trd, 4317952.493, 99
Trd, 4317959.243, 99
Trd, 4317960.143, 98
Trd, 4317962.543, 98
Trd, 4317964.643, 97
Trd, 4317966.243, 98
Trd, 4317971.743, 97
Trd, 4317975.293, 97
Trd, 4317975.743, 96
Trd, 4317978.943, 97
Trd, 4317980.543, 97
Trd, 4317985.143, 97
Trd, 4317988.293, 97
Trd, 4317992.143, 97
Trd, 4317997.043, 97
Trd, 4318003.643, 97
Trd, 4318007.443, 97
Trd, 4318007.693, 97
Trd, 4318011.243, 97
Trd, 4318011.543, 97
Trd, 4318014.343, 97
Trd, 4318016.993, 96
Trd, 4318020.243, 104
Trd, 4318020.993, 99
Trd, 4318026.393, 99
Trd, 4318030.593, 99
Trd, 4318032.543, 99
Trd, 4318037.543, 99
Trd, 4318042.293, 99
Trd, 4318048.043, 99
Trd, 4318051.493, 99
Trd, 4318053.093, 99
Trd, 4318060.293, 99
Trd, 4318061.293, 101
Trd, 4318068.693, 100
Trd, 4318075.193, 99
Trd, 4318075.693, 99
Trd, 4318080.643, 99
Trd, 4318081.293, 98
Trd, 4318082.693, 99
Trd, 4318083.143, 99
Trd, 4318084.093, 105
Trd, 4318088.243, 100
Trd, 4318088.343, 101
Trd, 4318095.493, 99
Trd, 4318101.743, 99
Trd, 4318108.093, 99
Trd, 4318108.343, 98
Trd, 4318108.743, 99
Trd, 4318111.393, 97
Trd, 4318114.093, 99
Trd, 4318114.593, 100
Trd, 4318117.393, 100
Trd, 4318118.793, 100
Trd, 4318118.943, 101
Trd, 4318120.593, 101
Trd, 4318121.393, 101
Trd, 4318124.343, 101
Trd, 4318125.443, 104
Trd, 4318125.843, 104
Trd, 4318128.093, 103
Trd, 4318130.493, 101
Trd, 4318132.093, 108
Trd, 4318134.193, 107
Trd, 4318134.443, 106
Trd, 4318136.543, 104
Trd, 4318137.743, 94
Trd, 4318138.193, 101
Trd, 4318145.893, 101
Trd, 4318146.693, 101
Trd, 4318149.393, 100
Trd, 4318150.743, 101
Trd, 4318152.343, 100
Trd, 4318152.393, 101
Trd, 4318159.843, 101
Trd, 4318159.993, 99
Trd, 4318166.443, 101
Trd, 4318170.543, 101
Trd, 4318178.643, 99
Trd, 4318179.543, 101
Trd, 4318182.393, 100
Trd, 4318192.843, 99
Trd, 4318197.843, 99
Trd, 4318205.943, 99
Trd, 4318206.843, 98
Trd, 4318213.693, 99
Trd, 4318220.793, 99
Trd, 4318227.993, 99
Trd, 4318229.543, 100
Trd, 4318232.593, 99
Trd, 4318234.743, 99
Trd, 4318239.943, 98
Trd, 4318248.393, 98
Trd, 4318249.643, 97
Trd, 4318253.193, 98
Trd, 4318257.393, 98
Trd, 4318264.293, 98
Trd, 4318267.093, 98
Trd, 4318277.093, 98
Trd, 4318279.793, 98
Trd, 4318285.243, 98
Trd, 4318285.793, 98
Trd, 4318287.143, 106
Trd, 4318287.593, 105
Trd, 4318288.543, 105
Trd, 4318290.643, 103
Trd, 4318293.293, 104
Trd, 4318294.593, 103
Trd, 4318295.293, 102
Trd, 4318299.993, 102
Trd, 4318300.293, 103
Trd, 4318300.543, 103
Trd, 4318301.443, 102
Trd, 4318303.543, 102
Trd, 4318305.443, 96
Trd, 4318306.293, 99
Trd, 4318306.743, 102
Trd, 4318309.043, 102
Trd, 4318310.043, 100
Trd, 4318312.443, 100
Trd, 4318313.293, 99
Trd, 4318314.493, 100
Trd, 4318317.493, 100
Trd, 4318319.243, 102
Trd, 4318320.243, 101
Trd, 4318322.943, 104
Trd, 4318323.743, 104
Trd, 4318327.243, 103
Trd, 4318327.543, 102
Trd, 4318331.893, 101
Trd, 4318337.693, 101
Trd, 4318342.543, 102
Trd, 4318345.343, 102
Trd, 4318351.993, 102
Trd, 4318358.243, 101
Trd, 4318359.093, 102
Trd, 4318362.293, 101
Trd, 4318364.593, 102
Trd, 4318369.593, 100
Trd, 4318378.193, 101
Trd, 4318381.443, 101
Trd, 4318387.093, 101
Trd, 4318397.343, 98
Trd, 4318400.243, 101
Trd, 4318408.043, 98
Trd, 4318409.743, 101
Trd, 4318413.143, 101
Trd, 4318417.943, 101
Trd, 4318420.993, 101
Trd, 4318425.643, 101
Trd, 4318434.143, 100
Trd, 4318439.243, 100
Trd, 4318442.943, 100
Trd, 4318444.893, 100
Trd, 4318447.093, 100
Trd, 4318451.243, 99
Trd, 4318451.393, 98
Trd, 4318452.643, 98
Trd, 4318454.443, 106
Trd, 4318456.143, 105
Trd, 4318457.893, 105
Trd, 4318458.543, 101
Trd, 4318460.643, 102
Trd, 4318461.843, 105
Trd, 4318464.793, 104
Trd, 4318465.993, 103
Trd, 4318469.443, 102
Trd, 4318470.093, 103
Trd, 4318473.793, 103
Trd, 4318478.743, 103
Trd, 4318488.393, 103
Trd, 4318489.493, 103
Trd, 4318491.593, 103
Trd, 4318491.793, 102
Trd, 4318497.243, 102
Trd, 4318501.993, 101
Trd, 4318502.293, 102
Trd, 4318504.893, 102
Trd, 4318509.243, 102
Trd, 4318516.443, 102
Trd, 4318516.593, 101
Trd, 4318522.543, 102
Trd, 4318524.343, 100
Trd, 4318529.593, 99
Trd, 4318534.993, 101
Trd, 4318536.593, 99
Trd, 4318538.643, 101
Trd, 4318544.293, 101
Trd, 4318548.343, 100
Trd, 4318556.743, 100
Trd, 4318557.393, 100
Trd, 4318557.793, 100
Trd, 4318558.793, 100
Trd, 4318561.293, 104
Trd, 4318562.343, 103
Trd, 4318564.043, 102
Trd, 4318567.093, 104
Trd, 4318567.793, 103
Trd, 4318571.393, 103
Trd, 4318572.193, 102
Trd, 4318578.843, 99
Trd, 4318580.043, 103
Trd, 4318590.443, 102
Trd, 4318590.543, 99
Trd, 4318597.093, 102
Trd, 4318600.743, 102
Trd, 4318605.893, 102
Trd, 4318613.543, 102
Trd, 4318619.043, 99
Trd, 4318627.393, 102
Trd, 4318633.943, 99
Trd, 4318636.293, 102
Trd, 4318643.793, 102
Trd, 4318644.643, 102
Trd, 4318644.743, 101
Trd, 4318645.243, 98
Trd, 4318646.993, 99
Trd, 4318650.643, 99
Trd, 4318656.493, 99
Trd, 4318667.543, 99
Trd, 4318672.543, 99
Trd, 4318673.393, 98
Trd, 4318679.743, 98
Trd, 4318679.843, 98
Trd, 4318691.443, 98
Trd, 4318692.193, 98
Trd, 4318695.193, 98
Trd, 4318701.493, 98
Trd, 4318707.043, 98
Trd, 4318708.093, 98
Trd, 4318712.093, 99
Trd, 4318713.693, 98
Trd, 4318720.393, 98
Trd, 4318721.593, 97
Trd, 4318721.843, 97
Trd, 4318724.043, 97
Trd, 4318730.243, 97
Trd, 4318730.943, 97
Trd, 4318732.843, 97
Trd, 4318742.543, 97
Trd, 4318743.943, 97
Trd, 4318750.143, 97
Trd, 4318751.293, 97
Trd, 4318759.143, 97
Trd, 4318759.343, 97
Trd, 4318760.793, 96
Trd, 4318766.193, 96
Trd, 4318768.243, 96
Trd, 4318771.543, 97
Trd, 4318771.993, 97
Trd, 4318775.243, 97
Trd, 4318780.593, 97
Trd, 4318786.493, 97
Trd, 4318792.193, 97
Trd, 4318794.093, 97
Trd, 4318795.093, 97
Trd, 4318799.893, 96
Trd, 4318800.743, 97
Trd, 4318805.593, 97
Trd, 4318805.643, 95
Trd, 4318808.093, 97
Trd, 4318813.393, 97
Trd, 4318813.893, 97
Trd, 4318814.193, 96
Trd, 4318816.693, 101
Trd, 4318817.443, 101
Trd, 4318819.193, 100
Trd, 4318820.393, 100
Trd, 4318822.943, 101
Trd, 4318827.393, 108
Trd, 4318827.443, 106
Trd, 4318828.193, 108
Trd, 4318831.843, 98
Trd, 4318831.943, 101
Trd, 4318832.343, 101
Trd, 4318833.843, 101
Trd, 4318836.493, 101
Trd, 4318838.093, 101
Trd, 4318845.093, 101
Trd, 4318845.243, 100
Trd, 4318848.893, 99
Trd, 4318849.793, 100
Trd, 4318855.593, 100
Trd, 4318858.493, 100
Trd, 4318861.843, 100
Trd, 4318866.543, 99
Trd, 4318871.043, 99
Trd, 4318871.943, 99
Trd, 4318872.693, 98
Trd, 4318875.443, 99
Trd, 4318880.193, 99
Trd, 4318881.593, 100
Trd, 4318883.743, 98
Trd, 4318888.343, 98
Trd, 4318897.793, 99
Trd, 4318903.143, 98
Trd, 4318904.293, 99
Trd, 4318904.993, 99
Trd, 4318907.243, 99
Trd, 4318908.293, 99
Trd, 4318908.693, 98
Trd, 4318911.243, 112
Trd, 4318912.043, 102
Trd, 4318912.543, 106
Trd, 4318918.793, 103
Trd, 4318919.693, 103
Trd, 4318922.343, 102
Trd, 4318922.393, 104
Trd, 4318925.843, 103
Trd, 4318928.143, 104
Trd, 4318936.143, 102
Trd, 4318939.993, 103
Trd, 4318942.993, 103
Trd, 4318948.243, 102
Trd, 4318959.443, 102
Trd, 4318969.293, 102
Trd, 4318970.893, 102
Trd, 4318982.193, 102
Trd, 4318991.643, 102
Trd, 4318999.443, 102
Trd, 4319000.543, 102
Trd, 4319003.843, 102
Trd, 4319005.943, 102
Trd, 4319010.643, 102
Trd, 4319019.543, 102
Trd, 4319021.343, 101
Trd, 4319025.793, 102
Trd, 4319025.843, 102
Trd, 4319025.993, 101
Trd, 4319031.593, 102
Trd, 4319035.843, 102
Trd, 4319038.343, 101
Trd, 4319038.593, 101
Trd, 4319043.643, 101
Trd, 4319049.693, 101
Trd, 4319050.693, 100
Trd, 4319053.943, 101
Trd, 4319058.443, 101
Trd, 4319061.043, 101
Trd, 4319061.843, 101
Trd, 4319064.993, 101
Trd, 4319069.393, 101
Trd, 4319072.693, 101
Trd, 4319075.793, 101
Trd, 4319077.043, 99
Trd, 4319080.643, 101
Trd, 4319088.693, 101
Trd, 4319094.493, 101
Trd, 4319100.343, 101
Trd, 4319107.043, 100
Trd, 4319109.543, 100
Trd, 4319115.093, 99
Trd, 4319121.243, 99
Trd, 4319122.643, 99
Trd, 4319128.143, 99
Trd, 4319128.243, 99
Trd, 4319132.193, 99
Trd, 4319138.793, 99
Trd, 4319139.043, 98
Trd, 4319140.543, 99
Trd, 4319147.943, 99
Trd, 4319152.543, 99
Trd, 4319157.543, 99
Trd, 4319163.043, 99
Trd, 4319168.243, 99
Trd, 4319168.393, 99
Trd, 4319169.793, 99
Trd, 4319177.793, 99
Trd, 4319182.393, 99
Trd, 4319185.743, 99
Trd, 4319189.793, 98
Trd, 4319192.093, 100
Trd, 4319195.943, 100
Trd, 4319199.943, 100
Trd, 4319200.493, 99
Trd, 4319201.543, 98
Trd, 4319205.243, 99
Trd, 4319213.143, 99
Trd, 4319216.593, 99
Trd, 4319219.443, 99
Trd, 4319226.393, 99
Trd, 4319227.143, 98
Trd, 4319236.593, 98
Trd, 4319241.143, 98
Trd, 4319247.743, 98
Trd, 4319260.343, 98
Trd, 4319260.493, 98
Trd, 4319263.843, 98
Trd, 4319265.293, 98
Trd, 4319269.243, 98
Trd, 4319271.243, 97
Trd, 4319271.743, 95
Trd, 4319274.193, 95
Trd, 4319275.443, 96
Trd, 4319277.493, 98
Trd, 4319278.443, 110
Trd, 4319281.293, 106
Trd, 4319281.493, 106
Trd, 4319282.543, 105
Trd, 4319283.643, 108
Trd, 4319284.793, 108
Trd, 4319287.243, 107
Trd, 4319290.443, 106
Trd, 4319293.693, 105
Trd, 4319295.143, 104
Trd, 4319296.193, 102
Trd, 4319296.693, 103
Trd, 4319300.143, 102
Trd, 4319302.593, 102
Trd, 4319305.543, 101
Trd, 4319308.743, 101
Trd, 4319310.193, 102
Trd, 4319313.943, 102
Trd, 4319314.193, 100
Trd, 4319320.243, 102
Trd, 4319324.893, 102
Trd, 4319327.943, 102
Trd, 4319335.943, 102
Trd, 4319340.843, 102
Trd, 4319340.943, 102
Trd, 4319343.243, 103
Trd, 4319351.493, 102
Trd, 4319351.793, 102
Trd, 4319357.243, 100
Trd, 4319361.943, 102
Trd, 4319363.743, 99
Trd, 4319367.993, 102
Trd, 4319374.043, 102
Trd, 4319379.143, 102
Trd, 4319379.943, 102
Trd, 4319382.493, 101
Trd, 4319386.243, 105
Trd, 4319389.943, 105
Trd, 4319390.643, 104
Trd, 4319394.543, 103
Trd, 4319396.843, 103
Trd, 4319404.393, 103
Trd, 4319412.693, 103
Trd, 4319413.293, 103
Trd, 4319418.943, 102
Trd, 4319419.593, 102
Trd, 4319419.793, 103
Trd, 4319422.043, 102
Trd, 4319425.043, 101
Trd, 4319430.193, 102
Trd, 4319430.543, 100
Trd, 4319438.393, 102
Trd, 4319441.293, 103
Trd, 4319450.243, 103
Trd, 4319451.543, 102
Trd, 4319458.943, 102
Trd, 4319465.543, 101
Trd, 4319484.143, 101
Trd, 4319488.843, 101
Trd, 4319492.093, 99
Trd, 4319499.543, 101
Trd, 4319507.293, 101
Trd, 4319507.593, 101
Trd, 4319510.193, 101
Trd, 4319511.193, 99
Trd, 4319516.143, 101
Trd, 4319521.793, 101
Trd, 4319523.743, 100
Trd, 4319534.593, 99
Trd, 4319536.243, 98
Trd, 4319536.443, 96
Trd, 4319538.043, 98
Trd, 4319542.743, 97
Trd, 4319542.843, 96
Trd, 4319545.143, 98
Trd, 4319551.293, 97
Trd, 4319553.793, 97
Trd, 4319561.093, 97
Trd, 4319566.093, 96
Trd, 4319566.293, 96
Trd, 4319574.043, 96
Trd, 4319576.893, 96
Trd, 4319583.243, 96
Trd, 4319584.493, 96
Trd, 4319588.743, 96
Trd, 4319589.893, 96
Trd, 4319601.343, 96
Trd, 4319601.543, 95
Trd, 4319602.193, 94
Trd, 4319602.543, 94
Trd, 4319605.393, 99
Trd, 4319607.393, 100
Trd, 4319607.643, 98
Trd, 4319608.743, 95
Trd, 4319611.643, 98
Trd, 4319612.093, 97
Trd, 4319613.743, 104
Trd, 4319614.343, 103
Trd, 4319617.543, 99
Trd, 4319617.643, 100
Trd, 4319619.793, 100
Trd, 4319630.943, 99
Trd, 4319631.943, 100
Trd, 4319633.493, 98
Trd, 4319642.543, 100
Trd, 4319643.193, 101
Trd, 4319647.443, 100
Trd, 4319650.043, 100
Trd, 4319652.293, 99
Trd, 4319654.693, 98
Trd, 4319655.643, 99
Trd, 4319657.393, 99
Trd, 4319658.893, 99
Trd, 4319660.493, 100
Trd, 4319664.893, 99
Trd, 4319673.443, 99
Trd, 4319674.343, 98
Trd, 4319674.643, 99
Trd, 4319676.643, 99
Trd, 4319682.693, 99
Trd, 4319684.493, 99
Trd, 4319689.743, 99
Trd, 4319698.293, 99
Trd, 4319700.743, 99
Trd, 4319710.493, 99
Trd, 4319711.543, 98
Trd, 4319715.693, 98
Trd, 4319719.343, 98
Trd, 4319720.043, 98
Trd, 4319725.243, 98
Trd, 4319730.393, 98
Trd, 4319732.593, 98
Trd, 4319735.543, 98
Trd, 4319738.643, 98
Trd, 4319742.643, 98
Trd, 4319743.543, 98
Trd, 4319748.043, 98
Trd, 4319754.243, 98
Trd, 4319757.693, 98
Trd, 4319758.193, 97
Trd, 4319759.243, 98
Trd, 4319762.343, 98
Trd, 4319764.193, 99
Trd, 4319764.993, 105
Trd, 4319769.993, 100
Trd, 4319770.193, 99
Trd, 4319772.043, 99
Trd, 4319774.943, 100
Trd, 4319779.693, 98
Trd, 4319784.893, 100
Trd, 4319787.393, 100
Trd, 4319793.293, 100
Trd, 4319796.593, 100
Trd, 4319801.593, 100
Trd, 4319806.243, 100
Trd, 4319808.693, 100
Trd, 4319815.093, 100
Trd, 4319816.743, 98
Trd, 4319818.643, 100
Trd, 4319818.843, 100
Trd, 4319819.993, 99
Trd, 4319824.893, 99
Trd, 4319824.993, 99
Trd, 4319833.743, 98
Trd, 4319836.093, 98
Trd, 4319845.693, 98
Trd, 4319851.993, 98
Trd, 4319855.943, 98
Trd, 4319860.443, 98
Trd, 4319862.793, 98
Trd, 4319866.393, 99
Trd, 4319869.143, 97
Trd, 4319870.793, 98
Trd, 4319874.343, 98
Trd, 4319874.443, 98
Trd, 4319874.643, 98
Trd, 4319876.893, 98
Trd, 4319877.093, 99
Trd, 4319879.693, 98
Trd, 4319882.493, 102
Trd, 4319883.143, 110
Trd, 4319886.043, 103
Trd, 4319890.993, 104
Trd, 4319892.193, 102
Trd, 4319896.893, 101
Trd, 4319899.843, 101
Trd, 4319902.693, 104
Trd, 4319908.043, 101
Trd, 4319909.493, 100
Trd, 4319911.143, 102
Trd, 4319915.293, 101
Trd, 4319922.693, 101
Trd, 4319924.693, 101
Trd, 4319929.093, 100
Trd, 4319935.493, 100
Trd, 4319935.743, 99
Trd, 4319938.793, 100
Trd, 4319940.593, 100
Trd, 4319942.593, 100
Trd, 4319944.743, 100
Trd, 4319946.643, 104
Trd, 4319957.593, 101
Trd, 4319961.243, 101
Trd, 4319961.893, 101
Trd, 4319962.543, 101
Trd, 4319966.743, 101
Trd, 4319975.243, 101
Trd, 4319979.293, 101
Trd, 4319982.143, 101
Trd, 4319987.093, 101
Trd, 4319991.243, 100
Trd, 4319991.493, 99
Trd, 4319992.943, 99
Trd, 4319994.393, 105
Trd, 4319994.843, 103
Trd, 4319996.343, 102
Trd, 4319998.593, 102
