Trd, 4317841.093, 89
Trd, 4317841.593, 91
Trd, 4317842.893, 91
Trd, 4317845.143, 91
Trd, 4317845.793, 88
Trd, 4317845.943, 89
Trd, 4317846.943, 104
Trd, 4317850.593, 89
Trd, 4317852.493, 90
Trd, 4317852.593, 95
Trd, 4317853.393, 85
Trd, 4317854.243, 88
Trd, 4317855.643, 95
Trd, 4317858.243, 95
Trd, 4317858.843, 87
Trd, 4317862.543, 94
Trd, 4317862.593, 90
Trd, 4317864.143, 90
Trd, 4317865.443, 89
Trd, 4317868.393, 94
Trd, 4317870.343, 95
Trd, 4317870.493, 94
Trd, 4317871.543, 94
Trd, 4317872.543, 95
Trd, 4317873.093, 93
Trd, 4317874.243, 92
Trd, 4317874.543, 92
Trd, 4317875.793, 93
Trd, 4317877.843, 103
Trd, 4317878.543, 102
Trd, 4317880.793, 102
Trd, 4317882.343, 100
Trd, 4317886.393, 99
Trd, 4317886.893, 93
Trd, 4317887.293, 102
Trd, 4317888.493, 98
Trd, 4317889.743, 102
Trd, 4317891.643, 97
Trd, 4317893.993, 98
Trd, 4317895.893, 98
Trd, 4317897.293, 97
Trd, 4317898.193, 97
Trd, 4317899.043, 96
Trd, 4317904.543, 95
Trd, 4317904.643, 95
Trd, 4317904.793, 94
Trd, 4317904.893, 77
Trd, 4317905.743, 94
Trd, 4317908.343, 96
Trd, 4317909.443, 92
Trd, 4317909.743, 97
Trd, 4317909.793, 95
Trd, 4317911.393, 107
Trd, 4317913.193, 102
Trd, 4317913.343, 103
Trd, 4317913.693, 89
Trd, 4317918.943, 99
Trd, 4317919.293, 99
Trd, 4317920.493, 98
Trd, 4317920.893, 101
Trd, 4317922.143, 99
Trd, 4317925.843, 98
Trd, 4317926.093, 104
Trd, 4317926.743, 97
Trd, 4317930.243, 97
Trd, 4317930.593, 96
Trd, 4317931.293, 95
Trd, 4317933.993, 101
Trd, 4317934.093, 95
Trd, 4317934.743, 94
Trd, 4317936.793, 96
Trd, 4317937.143, 102
Trd, 4317937.543, 96
Trd, 4317941.143, 95
Trd, 4317941.443, 95
Trd, 4317942.643, 96
Trd, 4317946.293, 96
Trd, 4317946.643, 96
Trd, 4317946.693, 99
Trd, 4317947.293, 95
Trd, 4317951.093, 95
Trd, 4317954.393, 95
Trd, 4317954.643, 99
Trd, 4317955.493, 104
Trd, 4317958.143, 97
Trd, 4317960.743, 97
Trd, 4317963.443, 97
Trd, 4317963.593, 97
Trd, 4317965.643, 100
Trd, 4317968.543, 98
Trd, 4317970.593, 101
Trd, 4317970.993, 96
Trd, 4317972.343, 95
Trd, 4317974.243, 94
Trd, 4317976.043, 94
Trd, 4317976.693, 94
Trd, 4317977.493, 101
Trd, 4317980.593, 96
Trd, 4317981.143, 98
Trd, 4317982.993, 98
Trd, 4317983.443, 95
Trd, 4317984.543, 96
Trd, 4317986.943, 95
Trd, 4317988.293, 95
Trd, 4317988.693, 97
Trd, 4317989.393, 96
Trd, 4317991.593, 96
Trd, 4317992.593, 97
Trd, 4317994.643, 95
Trd, 4317996.493, 94
Trd, 4317998.643, 94
Trd, 4317999.293, 93
Trd, 4317999.893, 96
Trd, 4318002.943, 93
Trd, 4318005.893, 95
Trd, 4318006.293, 92
Trd, 4318008.043, 93
Trd, 4318008.843, 92
Trd, 4318010.593, 93
Trd, 4318010.843, 96
Trd, 4318013.743, 95
Trd, 4318014.093, 94
Trd, 4318018.893, 93
Trd, 4318020.093, 92
Trd, 4318021.093, 91
Trd, 4318021.543, 95
Trd, 4318021.743, 90
Trd, 4318021.943, 95
Trd, 4318024.493, 91
Trd, 4318025.343, 95
Trd, 4318026.393, 90
Trd, 4318029.043, 91
Trd, 4318030.393, 94
Trd, 4318033.793, 95
Trd, 4318034.493, 93
Trd, 4318035.043, 92
Trd, 4318036.443, 99
Trd, 4318037.493, 98
Trd, 4318037.693, 98
Trd, 4318040.093, 108
Trd, 4318041.643, 97
Trd, 4318042.593, 96
Trd, 4318043.943, 102
Trd, 4318046.343, 99
Trd, 4318046.493, 98
Trd, 4318047.593, 97
Trd, 4318050.193, 96
Trd, 4318053.793, 96
Trd, 4318054.693, 96
Trd, 4318056.843, 96
Trd, 4318060.843, 98
Trd, 4318063.343, 99
Trd, 4318063.593, 97
Trd, 4318064.393, 102
Trd, 4318065.443, 97
Trd, 4318066.443, 96
Trd, 4318068.493, 102
Trd, 4318072.193, 96
Trd, 4318072.293, 96
Trd, 4318073.543, 96
Trd, 4318074.943, 95
Trd, 4318077.093, 87
Trd, 4318077.493, 102
Trd, 4318080.193, 96
Trd, 4318081.093, 93
Trd, 4318081.893, 92
Trd, 4318082.793, 91
Trd, 4318084.643, 94
Trd, 4318086.043, 92
Trd, 4318086.993, 92
Trd, 4318090.443, 95
Trd, 4318091.943, 91
Trd, 4318093.143, 90
Trd, 4318094.743, 90
Trd, 4318095.493, 90
Trd, 4318096.943, 89
Trd, 4318099.043, 95
Trd, 4318100.093, 89
Trd, 4318103.343, 89
Trd, 4318104.593, 95
Trd, 4318105.343, 91
Trd, 4318106.243, 89
Trd, 4318106.893, 94
Trd, 4318113.043, 89
Trd, 4318113.593, 93
Trd, 4318113.693, 89
Trd, 4318115.793, 94
Trd, 4318118.443, 89
Trd, 4318118.843, 89
Trd, 4318119.643, 88
Trd, 4318120.943, 93
Trd, 4318123.043, 95
Trd, 4318124.943, 96
Trd, 4318125.643, 95
Trd, 4318127.993, 95
Trd, 4318128.243, 93
Trd, 4318131.043, 93
Trd, 4318133.693, 95
Trd, 4318134.393, 94
Trd, 4318137.843, 95
Trd, 4318139.343, 96
Trd, 4318140.893, 94
Trd, 4318142.293, 94
Trd, 4318143.993, 96
Trd, 4318144.293, 93
Trd, 4318145.393, 92
Trd, 4318147.393, 95
Trd, 4318147.943, 95
Trd, 4318148.243, 95
Trd, 4318152.093, 94
Trd, 4318154.393, 94
Trd, 4318154.743, 95
Trd, 4318157.143, 93
Trd, 4318157.393, 92
Trd, 4318158.593, 95
Trd, 4318159.943, 103
Trd, 4318160.193, 104
Trd, 4318161.893, 103
Trd, 4318162.393, 103
Trd, 4318163.693, 98
Trd, 4318164.593, 101
Trd, 4318166.693, 98
Trd, 4318167.743, 104
Trd, 4318169.793, 99
Trd, 4318170.393, 99
Trd, 4318171.193, 88
Trd, 4318174.093, 97
Trd, 4318174.443, 96
Trd, 4318174.693, 101
Trd, 4318174.943, 95
Trd, 4318177.393, 96
Trd, 4318177.743, 95
Trd, 4318180.093, 95
Trd, 4318180.843, 99
Trd, 4318182.893, 94
Trd, 4318186.693, 99
Trd, 4318187.543, 95
Trd, 4318188.593, 94
Trd, 4318190.293, 98
Trd, 4318194.843, 93
Trd, 4318195.293, 93
Trd, 4318196.543, 92
Trd, 4318197.643, 97
Trd, 4318198.093, 95
Trd, 4318200.993, 92
Trd, 4318201.693, 92
Trd, 4318201.843, 97
Trd, 4318204.593, 92
Trd, 4318206.243, 91
Trd, 4318206.293, 91
Trd, 4318207.193, 90
Trd, 4318207.593, 88
Trd, 4318210.793, 96
Trd, 4318212.543, 92
Trd, 4318217.593, 93
Trd, 4318217.643, 93
Trd, 4318218.693, 94
Trd, 4318219.693, 95
Trd, 4318221.943, 101
Trd, 4318222.293, 98
Trd, 4318222.743, 100
Trd, 4318223.893, 99
Trd, 4318224.243, 99
Trd, 4318225.243, 99
Trd, 4318225.893, 100
Trd, 4318228.043, 98
Trd, 4318229.793, 98
Trd, 4318230.043, 85
Trd, 4318231.393, 100
Trd, 4318232.293, 91
Trd, 4318236.493, 97
Trd, 4318236.893, 94
Trd, 4318239.343, 94
Trd, 4318239.643, 94
Trd, 4318240.543, 104
Trd, 4318243.743, 94
Trd, 4318244.993, 93
Trd, 4318245.693, 94
Trd, 4318246.043, 93
Trd, 4318246.143, 93
Trd, 4318247.943, 95
Trd, 4318248.793, 92
Trd, 4318250.643, 93
Trd, 4318253.243, 94
Trd, 4318254.093, 93
Trd, 4318254.293, 96
Trd, 4318255.343, 92
Trd, 4318258.443, 91
Trd, 4318261.193, 94
Trd, 4318261.793, 93
Trd, 4318262.543, 90
Trd, 4318263.093, 88
Trd, 4318265.593, 90
Trd, 4318266.393, 90
Trd, 4318266.493, 95
Trd, 4318267.843, 89
Trd, 4318271.393, 91
Trd, 4318271.593, 95
Trd, 4318271.643, 95
Trd, 4318272.843, 92
Trd, 4318274.993, 96
Trd, 4318276.693, 95
Trd, 4318277.743, 94
Trd, 4318278.643, 96
Trd, 4318281.543, 96
Trd, 4318281.943, 93
Trd, 4318284.293, 94
Trd, 4318285.643, 93
Trd, 4318288.093, 96
Trd, 4318289.593, 93
Trd, 4318290.443, 93
Trd, 4318291.943, 96
Trd, 4318293.093, 92
Trd, 4318294.993, 95
Trd, 4318296.443, 92
Trd, 4318300.293, 92
Trd, 4318300.343, 90
Trd, 4318300.393, 93
Trd, 4318303.093, 91
Trd, 4318304.793, 89
Trd, 4318306.943, 89
Trd, 4318307.093, 89
Trd, 4318310.793, 91
Trd, 4318311.693, 89
Trd, 4318312.043, 88
Trd, 4318312.493, 88
Trd, 4318313.543, 88
Trd, 4318314.593, 95
Trd, 4318316.593, 97
Trd, 4318316.943, 98
Trd, 4318317.143, 96
Trd, 4318319.393, 95
Trd, 4318320.993, 95
Trd, 4318326.643, 94
Trd, 4318326.743, 93
Trd, 4318327.293, 93
Trd, 4318330.043, 93
Trd, 4318331.743, 95
Trd, 4318331.843, 93
Trd, 4318334.793, 96
Trd, 4318336.893, 94
Trd, 4318337.643, 93
Trd, 4318340.193, 94
Trd, 4318342.343, 95
Trd, 4318342.843, 93
Trd, 4318343.193, 93
Trd, 4318344.743, 94
Trd, 4318346.643, 90
Trd, 4318348.393, 91
Trd, 4318349.793, 111
Trd, 4318349.843, 99
Trd, 4318352.993, 98
Trd, 4318353.493, 97
Trd, 4318353.543, 99
Trd, 4318354.743, 96
Trd, 4318354.793, 96
Trd, 4318360.393, 98
Trd, 4318360.443, 99
Trd, 4318361.943, 99
Trd, 4318362.943, 98
Trd, 4318365.393, 98
Trd, 4318365.843, 97
Trd, 4318366.093, 96
Trd, 4318367.643, 94
Trd, 4318370.193, 96
Trd, 4318371.393, 95
Trd, 4318371.643, 95
Trd, 4318372.693, 89
Trd, 4318373.643, 93
Trd, 4318373.993, 93
Trd, 4318374.093, 97
Trd, 4318377.593, 92
Trd, 4318378.193, 94
Trd, 4318381.293, 95
Trd, 4318382.743, 93
Trd, 4318383.943, 95
Trd, 4318384.343, 93
Trd, 4318384.393, 92
Trd, 4318385.443, 92
Trd, 4318386.593, 91
Trd, 4318387.643, 91
Trd, 4318388.343, 95
Trd, 4318390.343, 91
Trd, 4318392.093, 94
Trd, 4318392.393, 95
Trd, 4318392.893, 90
Trd, 4318394.543, 96
Trd, 4318394.593, 91
Trd, 4318399.893, 90
Trd, 4318400.893, 93
Trd, 4318403.243, 93
Trd, 4318403.993, 94
Trd, 4318405.243, 92
Trd, 4318406.093, 91
Trd, 4318407.543, 91
Trd, 4318408.993, 104
Trd, 4318409.543, 98
Trd, 4318410.943, 85
Trd, 4318411.743, 86
Trd, 4318412.043, 90
Trd, 4318414.443, 93
Trd, 4318415.743, 92
Trd, 4318416.293, 90
Trd, 4318418.243, 93
Trd, 4318418.293, 89
Trd, 4318421.643, 89
Trd, 4318421.843, 93
Trd, 4318421.943, 89
Trd, 4318424.343, 91
Trd, 4318426.543, 89
Trd, 4318426.793, 89
Trd, 4318427.643, 91
Trd, 4318428.743, 87
Trd, 4318432.143, 95
Trd, 4318433.593, 88
Trd, 4318435.793, 94
Trd, 4318436.793, 94
Trd, 4318437.793, 95
Trd, 4318438.293, 93
Trd, 4318440.093, 92
Trd, 4318443.793, 92
Trd, 4318445.193, 96
Trd, 4318445.343, 91
Trd, 4318445.793, 91
Trd, 4318445.993, 91
Trd, 4318447.493, 96
Trd, 4318447.743, 90
Trd, 4318451.443, 91
Trd, 4318452.943, 90
Trd, 4318453.143, 89
Trd, 4318453.593, 95
Trd, 4318454.843, 89
Trd, 4318457.843, 88
Trd, 4318458.093, 90
Trd, 4318458.143, 85
Trd, 4318459.243, 79
Trd, 4318459.543, 86
Trd, 4318463.943, 86
Trd, 4318464.393, 86
Trd, 4318464.543, 96
Trd, 4318464.893, 90
Trd, 4318467.593, 99
Trd, 4318467.943, 97
Trd, 4318468.443, 105
Trd, 4318468.943, 99
Trd, 4318470.243, 99
Trd, 4318471.943, 98
Trd, 4318473.993, 99
Trd, 4318475.543, 107
Trd, 4318477.343, 104
Trd, 4318480.643, 104
Trd, 4318480.793, 104
Trd, 4318483.943, 103
Trd, 4318485.443, 102
Trd, 4318485.793, 103
Trd, 4318487.093, 102
Trd, 4318487.393, 100
Trd, 4318487.493, 91
Trd, 4318490.243, 104
Trd, 4318491.393, 100
Trd, 4318493.543, 99
Trd, 4318494.693, 89
Trd, 4318495.543, 94
Trd, 4318496.893, 85
Trd, 4318497.643, 97
Trd, 4318498.343, 96
Trd, 4318499.343, 96
Trd, 4318501.393, 104
Trd, 4318501.493, 95
Trd, 4318501.993, 96
Trd, 4318503.943, 95
Trd, 4318506.393, 95
Trd, 4318507.093, 96
Trd, 4318507.143, 94
Trd, 4318509.993, 94
Trd, 4318513.993, 93
Trd, 4318514.993, 93
Trd, 4318515.693, 95
Trd, 4318515.843, 93
Trd, 4318520.593, 92
Trd, 4318522.743, 91
Trd, 4318524.193, 91
Trd, 4318524.243, 94
Trd, 4318525.343, 90
Trd, 4318525.543, 89
Trd, 4318526.993, 95
Trd, 4318530.443, 89
Trd, 4318530.843, 89
Trd, 4318531.393, 93
Trd, 4318532.593, 95
Trd, 4318533.043, 95
Trd, 4318536.593, 93
Trd, 4318538.093, 94
Trd, 4318539.043, 94
Trd, 4318540.843, 92
Trd, 4318541.393, 95
Trd, 4318542.243, 96
Trd, 4318545.343, 94
Trd, 4318546.793, 94
Trd, 4318547.193, 93
Trd, 4318548.143, 93
Trd, 4318550.693, 94
Trd, 4318551.593, 91
Trd, 4318554.643, 91
Trd, 4318554.693, 96
Trd, 4318554.993, 90
Trd, 4318561.243, 93
Trd, 4318561.493, 92
Trd, 4318561.993, 93
Trd, 4318563.593, 92
Trd, 4318565.093, 93
Trd, 4318566.843, 91
Trd, 4318567.543, 93
Trd, 4318568.093, 91
Trd, 4318569.093, 93
Trd, 4318569.293, 91
Trd, 4318571.343, 90
Trd, 4318573.893, 93
Trd, 4318575.443, 89
Trd, 4318575.543, 89
Trd, 4318578.093, 87
Trd, 4318579.593, 90
Trd, 4318579.693, 86
Trd, 4318581.493, 95
Trd, 4318582.893, 93
Trd, 4318583.593, 93
Trd, 4318584.143, 93
Trd, 4318584.593, 93
Trd, 4318588.693, 95
Trd, 4318588.893, 91
Trd, 4318590.843, 95
Trd, 4318591.393, 95
Trd, 4318592.193, 91
Trd, 4318593.143, 104
Trd, 4318595.093, 91
Trd, 4318595.693, 90
Trd, 4318596.793, 101
Trd, 4318598.493, 96
Trd, 4318599.193, 95
Trd, 4318599.293, 95
Trd, 4318600.343, 92
Trd, 4318600.743, 91
Trd, 4318603.343, 92
Trd, 4318606.093, 94
Trd, 4318606.943, 94
Trd, 4318612.293, 94
Trd, 4318615.243, 93
Trd, 4318616.993, 92
Trd, 4318618.343, 94
Trd, 4318618.443, 95
Trd, 4318618.943, 92
Trd, 4318619.993, 92
Trd, 4318623.343, 91
Trd, 4318623.743, 93
Trd, 4318623.843, 104
Trd, 4318624.843, 90
Trd, 4318627.443, 92
Trd, 4318627.643, 91
Trd, 4318630.943, 90
Trd, 4318632.593, 89
Trd, 4318633.893, 91
Trd, 4318634.043, 96
Trd, 4318635.593, 88
Trd, 4318635.693, 94
Trd, 4318635.893, 88
Trd, 4318638.843, 92
Trd, 4318639.193, 95
Trd, 4318639.393, 94
Trd, 4318642.293, 94
Trd, 4318643.543, 92
Trd, 4318643.843, 84
Trd, 4318645.343, 94
Trd, 4318648.943, 91
Trd, 4318649.743, 90
Trd, 4318651.643, 90
Trd, 4318652.043, 91
Trd, 4318653.543, 89
Trd, 4318654.693, 95
Trd, 4318656.093, 94
Trd, 4318657.393, 92
Trd, 4318657.593, 104
Trd, 4318659.693, 96
Trd, 4318661.443, 94
Trd, 4318662.293, 90
Trd, 4318663.093, 90
Trd, 4318666.393, 92
Trd, 4318669.143, 91
Trd, 4318669.893, 96
Trd, 4318671.293, 91
Trd, 4318672.243, 90
Trd, 4318676.143, 91
Trd, 4318677.243, 90
Trd, 4318678.493, 85
Trd, 4318678.893, 92
Trd, 4318682.893, 92
Trd, 4318683.993, 92
Trd, 4318684.443, 95
Trd, 4318684.493, 90
Trd, 4318685.993, 104
Trd, 4318688.093, 95
Trd, 4318688.943, 96
Trd, 4318690.493, 95
Trd, 4318693.993, 94
Trd, 4318695.593, 96
Trd, 4318696.293, 98
Trd, 4318698.493, 97
Trd, 4318698.693, 95
Trd, 4318699.193, 94
Trd, 4318699.293, 94
Trd, 4318702.693, 95
Trd, 4318704.043, 97
Trd, 4318704.093, 94
Trd, 4318705.043, 94
Trd, 4318705.443, 97
Trd, 4318706.043, 93
Trd, 4318707.293, 92
Trd, 4318712.443, 93
Trd, 4318715.443, 93
Trd, 4318717.743, 93
Trd, 4318718.543, 93
Trd, 4318719.443, 91
Trd, 4318721.293, 95
Trd, 4318724.043, 96
Trd, 4318724.293, 93
Trd, 4318724.993, 92
Trd, 4318726.243, 99
Trd, 4318726.593, 98
Trd, 4318727.443, 97
Trd, 4318730.243, 96
Trd, 4318732.793, 95
Trd, 4318732.843, 95
Trd, 4318733.043, 94
Trd, 4318734.193, 95
Trd, 4318735.093, 89
Trd, 4318737.343, 102
Trd, 4318738.493, 99
Trd, 4318739.193, 96
Trd, 4318741.893, 96
Trd, 4318744.143, 95
Trd, 4318745.393, 94
Trd, 4318748.893, 95
Trd, 4318748.993, 95
Trd, 4318754.243, 96
Trd, 4318755.143, 96
Trd, 4318755.643, 94
Trd, 4318757.193, 94
Trd, 4318758.443, 96
Trd, 4318758.493, 93
Trd, 4318760.093, 95
Trd, 4318760.743, 95
Trd, 4318763.093, 97
Trd, 4318763.393, 94
Trd, 4318765.293, 93
Trd, 4318765.493, 86
Trd, 4318766.293, 90
Trd, 4318768.043, 97
Trd, 4318769.043, 104
Trd, 4318770.093, 89
Trd, 4318771.093, 99
Trd, 4318773.343, 98
Trd, 4318773.393, 95
Trd, 4318777.393, 98
Trd, 4318778.093, 95
Trd, 4318778.443, 95
Trd, 4318779.543, 94
Trd, 4318780.843, 113
Trd, 4318781.943, 101
Trd, 4318785.943, 100
Trd, 4318786.843, 97
Trd, 4318787.543, 104
Trd, 4318788.093, 98
Trd, 4318789.643, 97
Trd, 4318790.743, 97
Trd, 4318792.893, 101
Trd, 4318793.793, 97
Trd, 4318794.643, 96
Trd, 4318794.893, 96
Trd, 4318799.943, 101
Trd, 4318800.493, 95
Trd, 4318800.943, 95
Trd, 4318804.893, 95
Trd, 4318805.443, 90
Trd, 4318807.543, 95
Trd, 4318807.643, 93
Trd, 4318809.543, 95
Trd, 4318811.193, 93
Trd, 4318812.443, 92
Trd, 4318812.643, 94
Trd, 4318813.943, 92
Trd, 4318814.143, 95
Trd, 4318816.643, 91
Trd, 4318818.243, 92
Trd, 4318818.293, 90
Trd, 4318818.593, 90
Trd, 4318821.793, 94
Trd, 4318822.693, 93
Trd, 4318825.343, 94
Trd, 4318825.993, 92
Trd, 4318826.443, 93
Trd, 4318827.293, 93
Trd, 4318828.493, 104
Trd, 4318830.843, 97
Trd, 4318831.943, 95
Trd, 4318833.093, 94
Trd, 4318834.093, 93
Trd, 4318834.693, 93
Trd, 4318837.243, 92
Trd, 4318838.543, 95
Trd, 4318839.343, 96
Trd, 4318839.743, 91
Trd, 4318841.593, 93
Trd, 4318843.443, 97
Trd, 4318845.143, 97
Trd, 4318846.243, 96
Trd, 4318847.843, 84
Trd, 4318848.143, 94
Trd, 4318851.093, 93
Trd, 4318851.443, 93
Trd, 4318851.793, 95
Trd, 4318853.893, 93
Trd, 4318855.093, 94
Trd, 4318857.543, 92
Trd, 4318858.243, 94
Trd, 4318859.543, 93
Trd, 4318862.043, 92
Trd, 4318862.393, 94
Trd, 4318863.043, 91
Trd, 4318864.293, 95
Trd, 4318865.593, 96
Trd, 4318866.643, 98
Trd, 4318867.793, 97
Trd, 4318871.343, 104
Trd, 4318872.143, 96
Trd, 4318875.343, 95
Trd, 4318878.143, 96
Trd, 4318879.693, 100
Trd, 4318880.793, 96
Trd, 4318880.843, 94
Trd, 4318882.993, 96
Trd, 4318886.093, 95
Trd, 4318887.293, 96
Trd, 4318887.843, 95
Trd, 4318888.293, 94
Trd, 4318891.193, 101
Trd, 4318892.043, 94
Trd, 4318893.543, 94
Trd, 4318895.693, 93
Trd, 4318897.493, 95
Trd, 4318899.693, 94
Trd, 4318901.043, 101
Trd, 4318902.193, 101
Trd, 4318902.943, 97
Trd, 4318904.493, 95
Trd, 4318907.793, 94
Trd, 4318908.843, 98
Trd, 4318909.543, 94
Trd, 4318909.593, 94
Trd, 4318909.843, 93
Trd, 4318910.993, 110
Trd, 4318911.793, 106
Trd, 4318915.343, 105
Trd, 4318916.593, 103
Trd, 4318918.743, 102
Trd, 4318923.443, 100
Trd, 4318923.743, 100
Trd, 4318924.393, 99
Trd, 4318925.343, 98
Trd, 4318928.443, 99
Trd, 4318931.243, 98
Trd, 4318932.793, 98
Trd, 4318932.943, 97
Trd, 4318933.193, 99
Trd, 4318934.843, 96
Trd, 4318935.443, 96
Trd, 4318939.443, 100
Trd, 4318940.793, 95
Trd, 4318941.243, 95
Trd, 4318943.793, 94
Trd, 4318944.643, 95
Trd, 4318946.543, 94
Trd, 4318947.393, 104
Trd, 4318948.243, 110
Trd, 4318949.293, 100
Trd, 4318949.693, 93
Trd, 4318950.943, 96
Trd, 4318952.693, 105
Trd, 4318952.993, 100
Trd, 4318954.443, 100
Trd, 4318956.043, 99
Trd, 4318958.293, 105
Trd, 4318959.843, 98
Trd, 4318961.993, 98
Trd, 4318962.293, 97
Trd, 4318964.993, 104
Trd, 4318965.193, 98
Trd, 4318966.793, 97
Trd, 4318967.193, 104
Trd, 4318967.293, 97
Trd, 4318969.643, 97
Trd, 4318970.393, 96
Trd, 4318971.493, 95
Trd, 4318975.793, 96
Trd, 4318976.043, 95
Trd, 4318976.293, 94
Trd, 4318977.593, 94
Trd, 4318979.193, 95
Trd, 4318981.593, 96
Trd, 4318982.443, 93
Trd, 4318986.843, 95
Trd, 4318987.043, 94
Trd, 4318987.693, 92
Trd, 4318987.843, 91
Trd, 4318988.043, 90
Trd, 4318989.793, 95
Trd, 4318990.993, 93
Trd, 4318993.893, 93
Trd, 4318994.693, 102
Trd, 4318996.343, 98
Trd, 4318998.393, 102
Trd, 4318999.093, 101
Trd, 4319000.693, 101
Trd, 4319001.193, 101
Trd, 4319004.043, 101
Trd, 4319004.643, 100
Trd, 4319006.493, 101
Trd, 4319007.793, 99
Trd, 4319008.143, 98
Trd, 4319008.543, 87
Trd, 4319009.143, 91
Trd, 4319009.893, 89
Trd, 4319012.793, 97
Trd, 4319013.343, 94
Trd, 4319015.293, 101
Trd, 4319016.093, 104
Trd, 4319016.193, 98
Trd, 4319016.343, 98
Trd, 4319017.593, 101
Trd, 4319018.093, 93
Trd, 4319021.993, 101
Trd, 4319022.193, 100
Trd, 4319023.143, 96
Trd, 4319025.093, 96
Trd, 4319025.593, 96
Trd, 4319027.143, 94
Trd, 4319028.343, 88
Trd, 4319030.943, 92
Trd, 4319033.293, 95
Trd, 4319033.943, 94
Trd, 4319035.793, 93
Trd, 4319036.293, 96
Trd, 4319037.693, 93
Trd, 4319039.843, 93
Trd, 4319042.443, 94
Trd, 4319042.743, 95
Trd, 4319043.743, 92
Trd, 4319047.443, 91
Trd, 4319047.543, 91
Trd, 4319048.093, 95
Trd, 4319050.293, 90
Trd, 4319051.843, 93
Trd, 4319052.293, 89
Trd, 4319055.493, 90
Trd, 4319056.293, 89
Trd, 4319056.593, 93
Trd, 4319057.943, 104
Trd, 4319058.893, 95
Trd, 4319064.193, 94
Trd, 4319064.393, 93
Trd, 4319065.343, 96
Trd, 4319065.393, 93
Trd, 4319066.843, 90
Trd, 4319067.693, 91
Trd, 4319068.993, 89
Trd, 4319071.293, 89
Trd, 4319072.843, 91
Trd, 4319072.893, 92
Trd, 4319074.043, 90
Trd, 4319076.143, 92
Trd, 4319076.593, 96
Trd, 4319077.893, 92
Trd, 4319078.593, 94
Trd, 4319081.243, 92
Trd, 4319084.843, 91
Trd, 4319085.193, 94
Trd, 4319086.293, 93
Trd, 4319087.593, 95
Trd, 4319088.793, 95
Trd, 4319089.643, 92
Trd, 4319093.243, 92
Trd, 4319093.443, 91
Trd, 4319094.643, 91
Trd, 4319095.343, 94
Trd, 4319097.593, 90
Trd, 4319098.493, 95
Trd, 4319098.693, 90
Trd, 4319098.743, 104
Trd, 4319101.743, 93
Trd, 4319103.343, 92
Trd, 4319104.293, 92
Trd, 4319107.393, 95
Trd, 4319107.693, 93
Trd, 4319109.843, 93
Trd, 4319111.043, 95
Trd, 4319112.293, 95
Trd, 4319112.943, 94
Trd, 4319115.143, 92
Trd, 4319115.443, 92
Trd, 4319116.843, 91
Trd, 4319118.293, 92
Trd, 4319120.043, 94
Trd, 4319122.343, 93
Trd, 4319123.343, 91
Trd, 4319125.593, 91
Trd, 4319126.343, 95
Trd, 4319128.393, 92
Trd, 4319131.143, 91
Trd, 4319133.793, 91
Trd, 4319135.343, 94
Trd, 4319135.643, 90
Trd, 4319137.193, 93
Trd, 4319137.793, 95
Trd, 4319138.043, 92
Trd, 4319138.143, 104
Trd, 4319139.993, 91
Trd, 4319143.093, 90
Trd, 4319145.043, 94
Trd, 4319147.293, 94
Trd, 4319148.193, 96
Trd, 4319148.593, 93
Trd, 4319149.193, 92
Trd, 4319151.743, 96
Trd, 4319152.143, 92
Trd, 4319153.993, 91
Trd, 4319154.693, 90
Trd, 4319156.543, 91
Trd, 4319158.893, 90
Trd, 4319158.993, 104
Trd, 4319159.643, 91
Trd, 4319160.743, 98
Trd, 4319160.793, 91
Trd, 4319162.643, 90
Trd, 4319165.093, 90
Trd, 4319169.393, 92
Trd, 4319169.643, 95
Trd, 4319170.093, 91
Trd, 4319172.093, 90
Trd, 4319175.393, 90
Trd, 4319175.543, 90
Trd, 4319177.943, 91
Trd, 4319178.343, 93
Trd, 4319178.543, 92
Trd, 4319179.793, 95
Trd, 4319181.293, 91
Trd, 4319182.293, 85
Trd, 4319184.443, 95
Trd, 4319185.493, 91
Trd, 4319186.843, 91
Trd, 4319186.893, 96
Trd, 4319190.843, 90
Trd, 4319191.443, 89
Trd, 4319192.593, 92
Trd, 4319193.293, 95
Trd, 4319195.443, 89
Trd, 4319196.993, 89
Trd, 4319197.143, 93
Trd, 4319197.743, 88
Trd, 4319198.643, 92
Trd, 4319203.143, 92
Trd, 4319204.293, 94
Trd, 4319206.093, 93
Trd, 4319208.493, 98
Trd, 4319212.393, 93
Trd, 4319213.593, 92
Trd, 4319215.793, 94
Trd, 4319217.443, 92
Trd, 4319217.843, 96
Trd, 4319219.743, 101
Trd, 4319220.843, 100
Trd, 4319221.393, 99
Trd, 4319221.443, 99
Trd, 4319222.693, 100
Trd, 4319224.443, 99
Trd, 4319224.943, 99
Trd, 4319226.843, 99
Trd, 4319227.743, 97
Trd, 4319232.993, 98
Trd, 4319234.593, 100
Trd, 4319234.943, 98
Trd, 4319235.093, 97
Trd, 4319237.093, 101
Trd, 4319237.593, 97
Trd, 4319239.893, 104
Trd, 4319241.193, 103
Trd, 4319242.093, 102
Trd, 4319242.593, 101
Trd, 4319243.643, 101
Trd, 4319244.393, 103
Trd, 4319245.543, 100
Trd, 4319249.193, 102
Trd, 4319251.243, 102
Trd, 4319251.843, 100
Trd, 4319254.493, 101
Trd, 4319257.193, 101
Trd, 4319258.243, 98
Trd, 4319260.093, 99
Trd, 4319260.743, 98
Trd, 4319262.743, 98
Trd, 4319264.243, 97
Trd, 4319265.043, 97
Trd, 4319268.143, 103
Trd, 4319271.493, 96
Trd, 4319271.993, 95
Trd, 4319272.343, 94
Trd, 4319272.893, 98
Trd, 4319274.243, 94
Trd, 4319274.493, 85
Trd, 4319276.493, 95
Trd, 4319278.593, 93
Trd, 4319280.043, 93
Trd, 4319281.093, 93
Trd, 4319281.743, 95
Trd, 4319284.193, 96
Trd, 4319284.543, 92
Trd, 4319286.643, 91
Trd, 4319287.993, 91
Trd, 4319289.243, 82
Trd, 4319290.743, 89
Trd, 4319291.343, 88
Trd, 4319291.543, 90
Trd, 4319295.493, 94
Trd, 4319296.043, 94
Trd, 4319296.543, 97
Trd, 4319297.193, 96
Trd, 4319300.193, 95
Trd, 4319300.743, 94
Trd, 4319301.793, 90
Trd, 4319302.743, 95
Trd, 4319303.093, 94
Trd, 4319303.393, 94
Trd, 4319306.643, 93
Trd, 4319307.493, 95
Trd, 4319307.793, 92
Trd, 4319308.393, 92
Trd, 4319310.243, 89
Trd, 4319310.493, 93
Trd, 4319311.543, 90
Trd, 4319314.443, 92
Trd, 4319314.643, 88
Trd, 4319317.043, 91
Trd, 4319318.393, 92
Trd, 4319318.743, 91
Trd, 4319322.043, 90
Trd, 4319324.443, 92
Trd, 4319326.043, 89
Trd, 4319327.493, 89
Trd, 4319328.443, 91
Trd, 4319329.693, 96
Trd, 4319330.893, 91
Trd, 4319332.593, 94
Trd, 4319333.243, 92
Trd, 4319335.243, 95
Trd, 4319337.493, 96
Trd, 4319337.643, 104
Trd, 4319338.093, 88
Trd, 4319338.993, 91
Trd, 4319341.893, 95
Trd, 4319343.043, 94
Trd, 4319345.743, 94
Trd, 4319347.193, 93
Trd, 4319347.693, 95
Trd, 4319351.193, 91
Trd, 4319352.693, 89
Trd, 4319355.093, 91
Trd, 4319355.393, 95
Trd, 4319356.693, 95
Trd, 4319359.243, 93
Trd, 4319360.543, 93
Trd, 4319362.493, 95
Trd, 4319363.593, 92
Trd, 4319365.193, 92
Trd, 4319366.793, 93
Trd, 4319371.243, 91
Trd, 4319372.593, 91
Trd, 4319372.643, 95
Trd, 4319373.743, 95
Trd, 4319375.993, 90
Trd, 4319376.493, 90
Trd, 4319377.643, 95
Trd, 4319377.743, 89
Trd, 4319380.993, 95
Trd, 4319381.993, 93
Trd, 4319384.443, 94
Trd, 4319384.543, 90
Trd, 4319387.693, 89
Trd, 4319388.543, 89
Trd, 4319388.743, 93
Trd, 4319389.143, 89
Trd, 4319390.093, 89
Trd, 4319393.193, 104
Trd, 4319393.693, 90
Trd, 4319394.693, 90
Trd, 4319397.343, 93
Trd, 4319399.443, 94
Trd, 4319400.293, 94
Trd, 4319402.293, 91
Trd, 4319404.193, 91
Trd, 4319404.993, 95
Trd, 4319407.143, 90
Trd, 4319408.393, 92
Trd, 4319411.143, 91
Trd, 4319411.543, 91
Trd, 4319412.193, 92
Trd, 4319414.143, 90
Trd, 4319415.943, 89
Trd, 4319415.993, 88
Trd, 4319419.443, 95
Trd, 4319420.093, 95
Trd, 4319420.143, 90
Trd, 4319422.243, 95
Trd, 4319425.343, 94
Trd, 4319425.443, 94
Trd, 4319426.693, 93
Trd, 4319427.843, 95
Trd, 4319427.893, 91
Trd, 4319428.593, 104
Trd, 4319429.343, 89
Trd, 4319432.543, 91
Trd, 4319432.893, 92
Trd, 4319436.693, 96
Trd, 4319437.593, 92
Trd, 4319437.943, 91
Trd, 4319439.293, 95
Trd, 4319439.793, 92
Trd, 4319441.593, 97
Trd, 4319443.243, 97
Trd, 4319444.343, 94
Trd, 4319444.543, 93
Trd, 4319444.993, 97
Trd, 4319446.043, 95
Trd, 4319448.993, 94
Trd, 4319449.493, 92
Trd, 4319451.693, 93
Trd, 4319453.243, 93
Trd, 4319454.993, 97
Trd, 4319455.043, 93
Trd, 4319456.993, 92
Trd, 4319457.743, 91
Trd, 4319461.193, 98
Trd, 4319461.693, 94
Trd, 4319462.693, 93
Trd, 4319464.593, 95
Trd, 4319464.993, 92
Trd, 4319468.093, 92
Trd, 4319469.943, 92
Trd, 4319473.143, 91
Trd, 4319473.543, 91
Trd, 4319475.043, 91
Trd, 4319476.343, 90
Trd, 4319477.143, 94
Trd, 4319478.143, 90
Trd, 4319479.943, 93
Trd, 4319481.843, 104
Trd, 4319482.393, 99
Trd, 4319482.693, 89
Trd, 4319482.943, 85
Trd, 4319484.543, 89
Trd, 4319485.743, 91
Trd, 4319485.893, 99
Trd, 4319490.943, 95
Trd, 4319492.943, 94
Trd, 4319494.193, 92
Trd, 4319494.693, 91
Trd, 4319494.743, 92
Trd, 4319498.193, 90
Trd, 4319500.843, 90
Trd, 4319501.143, 90
Trd, 4319502.293, 92
Trd, 4319505.443, 90
Trd, 4319505.693, 90
Trd, 4319506.843, 89
Trd, 4319508.843, 92
Trd, 4319509.343, 92
Trd, 4319510.543, 92
Trd, 4319510.943, 91
Trd, 4319511.843, 90
Trd, 4319514.943, 99
Trd, 4319515.343, 101
Trd, 4319516.543, 111
Trd, 4319518.293, 104
Trd, 4319519.743, 103
Trd, 4319520.693, 103
Trd, 4319523.893, 102
Trd, 4319524.043, 106
Trd, 4319525.893, 102
Trd, 4319527.693, 101
Trd, 4319528.743, 102
Trd, 4319528.893, 100
Trd, 4319534.043, 102
Trd, 4319534.643, 100
Trd, 4319537.243, 100
Trd, 4319537.493, 100
Trd, 4319538.743, 99
Trd, 4319538.943, 105
Trd, 4319539.393, 93
Trd, 4319540.943, 105
Trd, 4319544.943, 100
Trd, 4319547.193, 99
Trd, 4319547.593, 99
Trd, 4319549.443, 99
Trd, 4319550.793, 98
Trd, 4319551.043, 98
Trd, 4319551.893, 104
Trd, 4319554.343, 99
Trd, 4319554.543, 99
Trd, 4319557.743, 100
Trd, 4319560.543, 97
Trd, 4319560.743, 101
Trd, 4319561.443, 97
Trd, 4319563.843, 96
Trd, 4319563.893, 102
Trd, 4319567.393, 96
Trd, 4319567.893, 96
Trd, 4319568.743, 96
Trd, 4319568.893, 95
Trd, 4319569.593, 104
Trd, 4319571.743, 99
Trd, 4319571.793, 97
Trd, 4319572.193, 96
Trd, 4319573.143, 87
Trd, 4319573.793, 100
Trd, 4319575.743, 94
Trd, 4319576.093, 93
Trd, 4319577.943, 96
Trd, 4319578.993, 92
Trd, 4319582.593, 96
Trd, 4319582.943, 93
Trd, 4319584.293, 94
Trd, 4319586.643, 94
Trd, 4319589.493, 93
Trd, 4319590.843, 92
Trd, 4319591.893, 93
Trd, 4319593.293, 92
Trd, 4319593.743, 91
Trd, 4319593.993, 93
Trd, 4319597.793, 95
Trd, 4319598.943, 94
Trd, 4319599.843, 93
Trd, 4319601.843, 92
Trd, 4319602.793, 96
Trd, 4319603.193, 93
Trd, 4319604.543, 97
Trd, 4319606.743, 94
Trd, 4319606.843, 92
Trd, 4319613.093, 97
Trd, 4319613.543, 92
Trd, 4319614.193, 91
Trd, 4319616.943, 92
Trd, 4319618.093, 92
Trd, 4319618.443, 95
Trd, 4319618.793, 90
Trd, 4319621.243, 94
Trd, 4319622.543, 91
Trd, 4319622.743, 95
Trd, 4319623.593, 92
Trd, 4319626.793, 92
Trd, 4319627.293, 93
Trd, 4319629.643, 90
Trd, 4319630.093, 94
Trd, 4319630.493, 95
Trd, 4319631.293, 90
Trd, 4319632.343, 94
Trd, 4319636.843, 89
Trd, 4319639.293, 90
Trd, 4319639.493, 89
Trd, 4319640.743, 88
Trd, 4319641.793, 87
Trd, 4319642.293, 86
Trd, 4319643.143, 95
Trd, 4319646.243, 92
Trd, 4319646.693, 90
Trd, 4319647.893, 95
Trd, 4319648.743, 90
Trd, 4319651.993, 90
Trd, 4319653.943, 96
Trd, 4319654.043, 91
Trd, 4319655.093, 90
Trd, 4319655.143, 90
Trd, 4319657.743, 96
Trd, 4319659.393, 89
Trd, 4319660.243, 89
Trd, 4319661.093, 96
Trd, 4319663.293, 93
Trd, 4319663.593, 91
Trd, 4319664.743, 90
Trd, 4319664.893, 97
Trd, 4319665.243, 89
Trd, 4319665.893, 77
Trd, 4319670.193, 90
Trd, 4319673.543, 95
Trd, 4319674.293, 93
Trd, 4319675.293, 93
Trd, 4319675.843, 95
Trd, 4319676.393, 91
Trd, 4319678.193, 90
Trd, 4319678.843, 85
Trd, 4319681.043, 95
Trd, 4319681.193, 91
Trd, 4319684.593, 90
Trd, 4319685.343, 89
Trd, 4319687.443, 92
Trd, 4319687.743, 91
Trd, 4319688.893, 93
Trd, 4319691.593, 91
Trd, 4319692.393, 95
Trd, 4319693.343, 95
Trd, 4319693.543, 92
Trd, 4319693.643, 91
Trd, 4319696.543, 94
Trd, 4319696.843, 95
Trd, 4319699.543, 94
Trd, 4319700.393, 93
Trd, 4319701.043, 93
Trd, 4319701.343, 93
Trd, 4319701.843, 95
Trd, 4319706.243, 94
Trd, 4319707.593, 93
Trd, 4319707.643, 93
Trd, 4319709.643, 95
Trd, 4319710.193, 93
Trd, 4319711.243, 96
Trd, 4319713.693, 97
Trd, 4319714.843, 96
Trd, 4319715.893, 95
Trd, 4319718.293, 95
Trd, 4319718.943, 95
Trd, 4319720.743, 97
Trd, 4319720.943, 104
Trd, 4319721.843, 96
Trd, 4319725.093, 96
Trd, 4319725.443, 96
Trd, 4319726.393, 95
Trd, 4319726.793, 85
Trd, 4319727.943, 98
Trd, 4319729.443, 99
Trd, 4319730.293, 96
Trd, 4319731.493, 98
Trd, 4319733.193, 101
Trd, 4319733.793, 98
Trd, 4319735.693, 97
Trd, 4319738.443, 96
Trd, 4319739.493, 97
Trd, 4319739.543, 95
Trd, 4319742.393, 95
Trd, 4319742.893, 94
Trd, 4319744.443, 94
Trd, 4319744.943, 95
Trd, 4319745.293, 95
Trd, 4319747.243, 94
Trd, 4319747.443, 85
Trd, 4319748.393, 104
Trd, 4319749.193, 89
Trd, 4319754.793, 92
Trd, 4319755.843, 91
Trd, 4319756.243, 96
Trd, 4319757.043, 91
Trd, 4319758.193, 90
Trd, 4319759.443, 90
Trd, 4319762.293, 92
Trd, 4319763.443, 92
Trd, 4319764.393, 93
Trd, 4319764.943, 94
Trd, 4319766.843, 94
Trd, 4319767.943, 93
Trd, 4319771.893, 93
Trd, 4319771.943, 92
Trd, 4319772.843, 92
Trd, 4319772.893, 92
Trd, 4319773.643, 95
Trd, 4319777.043, 92
Trd, 4319777.343, 91
Trd, 4319781.793, 95
Trd, 4319781.843, 91
Trd, 4319782.993, 96
Trd, 4319784.843, 90
Trd, 4319786.693, 89
Trd, 4319787.993, 94
Trd, 4319788.443, 94
Trd, 4319791.593, 90
Trd, 4319794.693, 93
Trd, 4319796.043, 89
Trd, 4319796.743, 95
Trd, 4319796.943, 89
Trd, 4319797.993, 89
Trd, 4319799.643, 92
Trd, 4319805.043, 95
Trd, 4319806.043, 92
Trd, 4319806.693, 91
Trd, 4319808.793, 95
Trd, 4319809.593, 90
Trd, 4319810.293, 96
Trd, 4319813.443, 93
Trd, 4319814.293, 92
Trd, 4319814.343, 93
Trd, 4319815.843, 92
Trd, 4319816.743, 93
Trd, 4319819.843, 92
Trd, 4319819.943, 104
Trd, 4319822.843, 95
Trd, 4319825.593, 94
Trd, 4319826.243, 98
Trd, 4319828.343, 93
Trd, 4319829.693, 92
Trd, 4319830.243, 94
Trd, 4319830.943, 92
Trd, 4319831.743, 91
Trd, 4319832.143, 91
Trd, 4319832.893, 95
Trd, 4319833.943, 91
Trd, 4319836.793, 90
Trd, 4319838.743, 90
Trd, 4319839.893, 90
Trd, 4319841.643, 95
Trd, 4319843.243, 95
Trd, 4319844.443, 95
Trd, 4319845.243, 91
Trd, 4319846.893, 92
Trd, 4319848.343, 91
Trd, 4319849.443, 91
Trd, 4319849.943, 91
Trd, 4319850.593, 92
Trd, 4319851.893, 95
Trd, 4319856.143, 91
Trd, 4319857.093, 91
Trd, 4319857.843, 93
Trd, 4319860.293, 94
Trd, 4319862.393, 90
Trd, 4319862.993, 90
Trd, 4319863.743, 89
Trd, 4319865.893, 88
Trd, 4319866.443, 88
Trd, 4319866.993, 88
Trd, 4319869.243, 87
Trd, 4319870.343, 95
Trd, 4319871.093, 87
Trd, 4319874.343, 87
Trd, 4319875.343, 89
Trd, 4319875.993, 96
Trd, 4319876.293, 87
Trd, 4319881.193, 90
Trd, 4319882.443, 90
Trd, 4319883.193, 89
Trd, 4319884.643, 88
Trd, 4319885.693, 88
Trd, 4319886.843, 91
Trd, 4319887.893, 92
Trd, 4319889.343, 92
Trd, 4319891.193, 90
Trd, 4319892.093, 94
Trd, 4319893.143, 92
Trd, 4319893.493, 95
Trd, 4319894.393, 91
Trd, 4319897.343, 93
Trd, 4319898.593, 92
Trd, 4319899.093, 92
Trd, 4319899.193, 94
Trd, 4319902.993, 94
Trd, 4319905.893, 92
Trd, 4319906.443, 92
Trd, 4319907.293, 90
Trd, 4319910.893, 93
Trd, 4319911.043, 94
Trd, 4319911.293, 93
Trd, 4319911.443, 90
Trd, 4319915.193, 94
Trd, 4319915.993, 95
Trd, 4319916.943, 91
Trd, 4319918.993, 90
Trd, 4319919.393, 94
Trd, 4319919.543, 90
Trd, 4319921.193, 89
Trd, 4319922.843, 88
Trd, 4319923.943, 94
Trd, 4319924.893, 91
Trd, 4319928.243, 90
Trd, 4319932.543, 95
Trd, 4319934.643, 92
Trd, 4319935.293, 90
Trd, 4319937.293, 95
Trd, 4319938.943, 90
Trd, 4319940.443, 92
Trd, 4319941.793, 92
Trd, 4319942.843, 90
Trd, 4319949.493, 94
Trd, 4319949.743, 94
Trd, 4319952.343, 92
Trd, 4319953.843, 92
Trd, 4319954.543, 92
Trd, 4319955.643, 95
Trd, 4319959.643, 95
Trd, 4319959.843, 92
Trd, 4319960.193, 92
Trd, 4319964.643, 93
Trd, 4319964.793, 93
Trd, 4319965.443, 95
Trd, 4319966.893, 91
Trd, 4319967.643, 92
Trd, 4319968.543, 95
Trd, 4319969.493, 100
Trd, 4319971.043, 99
Trd, 4319972.843, 97
Trd, 4319973.143, 96
Trd, 4319973.793, 87
Trd, 4319974.943, 99
Trd, 4319976.593, 94
Trd, 4319978.293, 96
Trd, 4319979.643, 94
Trd, 4319980.143, 93
Trd, 4319981.143, 93
Trd, 4319983.093, 96
Trd, 4319984.043, 92
Trd, 4319984.693, 91
Trd, 4319988.993, 92
Trd, 4319990.493, 91
Trd, 4319990.793, 91
Trd, 4319991.143, 91
Trd, 4319992.293, 89
Trd, 4319992.393, 94
Trd, 4319995.893, 90
Trd, 4319996.693, 90
Trd, 4319997.143, 89
Trd, 4319998.093, 89
