Trd, 4317866.293, 100
Trd, 4317866.793, 108
Trd, 4317868.993, 100
Trd, 4317871.643, 97
Trd, 4317872.193, 96
Trd, 4317873.043, 94
Trd, 4317873.293, 99
Trd, 4317874.043, 94
Trd, 4317875.643, 95
Trd, 4317878.093, 94
Trd, 4317879.193, 93
Trd, 4317881.943, 94
Trd, 4317882.793, 92
Trd, 4317885.293, 94
Trd, 4317886.893, 94
Trd, 4317887.693, 99
Trd, 4317888.743, 96
Trd, 4317891.793, 95
Trd, 4317892.293, 95
Trd, 4317892.393, 92
Trd, 4317895.193, 95
Trd, 4317896.343, 96
Trd, 4317899.043, 96
Trd, 4317899.643, 95
Trd, 4317901.393, 113
Trd, 4317901.593, 99
Trd, 4317901.893, 104
Trd, 4317902.793, 86
Trd, 4317904.743, 93
Trd, 4317905.443, 99
Trd, 4317905.743, 98
Trd, 4317906.943, 98
Trd, 4317908.143, 96
Trd, 4317909.543, 97
Trd, 4317909.693, 105
Trd, 4317910.343, 113
Trd, 4317912.943, 98
Trd, 4317913.443, 102
Trd, 4317915.043, 101
Trd, 4317915.593, 96
Trd, 4317920.743, 95
Trd, 4317920.843, 95
Trd, 4317921.493, 97
Trd, 4317921.743, 98
Trd, 4317925.493, 98
Trd, 4317926.393, 113
Trd, 4317926.593, 108
Trd, 4317927.093, 108
Trd, 4317927.643, 107
Trd, 4317930.493, 106
Trd, 4317933.543, 98
Trd, 4317934.143, 103
Trd, 4317934.543, 102
Trd, 4317936.193, 102
Trd, 4317936.743, 103
Trd, 4317937.393, 94
Trd, 4317937.993, 104
Trd, 4317939.293, 96
Trd, 4317940.443, 90
Trd, 4317941.793, 93
Trd, 4317942.193, 92
Trd, 4317942.343, 92
Trd, 4317944.193, 104
Trd, 4317945.443, 98
Trd, 4317946.243, 99
Trd, 4317949.143, 97
Trd, 4317950.443, 99
Trd, 4317951.743, 96
Trd, 4317953.293, 95
Trd, 4317954.493, 94
Trd, 4317955.543, 96
Trd, 4317956.843, 97
Trd, 4317957.343, 97
Trd, 4317959.143, 97
Trd, 4317961.043, 96
Trd, 4317961.843, 99
Trd, 4317961.893, 108
Trd, 4317965.943, 95
Trd, 4317969.343, 93
Trd, 4317970.943, 94
Trd, 4317971.043, 94
Trd, 4317972.893, 94
Trd, 4317976.043, 92
Trd, 4317976.943, 95
Trd, 4317977.993, 104
Trd, 4317978.043, 110
Trd, 4317979.693, 99
Trd, 4317981.693, 101
Trd, 4317983.093, 97
Trd, 4317983.493, 99
Trd, 4317986.593, 99
Trd, 4317987.393, 99
Trd, 4317989.843, 97
Trd, 4317990.793, 99
Trd, 4317993.493, 96
Trd, 4317994.293, 95
Trd, 4317995.343, 98
Trd, 4317995.893, 99
Trd, 4317999.093, 98
Trd, 4318000.193, 98
Trd, 4318001.343, 97
Trd, 4318001.743, 98
Trd, 4318002.943, 98
Trd, 4318003.443, 105
Trd, 4318003.693, 96
Trd, 4318009.543, 98
Trd, 4318010.493, 96
Trd, 4318010.743, 96
Trd, 4318011.843, 95
Trd, 4318015.443, 94
Trd, 4318015.593, 98
Trd, 4318016.543, 96
Trd, 4318016.893, 95
Trd, 4318018.993, 94
Trd, 4318019.643, 93
Trd, 4318021.643, 94
Trd, 4318022.843, 94
Trd, 4318024.793, 101
Trd, 4318024.993, 97
Trd, 4318026.493, 98
Trd, 4318027.893, 97
Trd, 4318028.493, 100
Trd, 4318028.843, 96
Trd, 4318030.243, 95
Trd, 4318032.743, 96
Trd, 4318035.743, 95
Trd, 4318036.193, 104
Trd, 4318036.593, 99
Trd, 4318036.843, 94
Trd, 4318037.893, 108
Trd, 4318039.493, 97
Trd, 4318040.743, 97
Trd, 4318042.293, 95
Trd, 4318042.643, 96
Trd, 4318042.943, 98
Trd, 4318044.943, 101
Trd, 4318045.593, 102
Trd, 4318045.843, 100
Trd, 4318047.843, 100
Trd, 4318049.893, 101
Trd, 4318051.643, 107
Trd, 4318052.393, 106
Trd, 4318053.593, 113
Trd, 4318053.743, 104
Trd, 4318053.893, 99
Trd, 4318054.343, 99
Trd, 4318056.593, 98
Trd, 4318057.193, 99
Trd, 4318058.393, 92
Trd, 4318059.143, 95
Trd, 4318059.593, 93
Trd, 4318061.093, 96
Trd, 4318061.693, 101
Trd, 4318064.443, 100
Trd, 4318066.943, 94
Trd, 4318067.343, 98
Trd, 4318068.393, 93
Trd, 4318068.743, 94
Trd, 4318069.343, 93
Trd, 4318071.243, 93
Trd, 4318072.393, 93
Trd, 4318076.493, 92
Trd, 4318077.743, 93
Trd, 4318078.043, 93
Trd, 4318078.243, 94
Trd, 4318080.043, 99
Trd, 4318080.943, 99
Trd, 4318081.093, 104
Trd, 4318082.493, 102
Trd, 4318083.093, 99
Trd, 4318083.493, 101
Trd, 4318084.093, 94
Trd, 4318086.593, 95
Trd, 4318087.243, 95
Trd, 4318088.493, 97
Trd, 4318089.793, 96
Trd, 4318091.793, 96
Trd, 4318092.443, 96
Trd, 4318092.843, 96
Trd, 4318095.943, 115
Trd, 4318096.243, 112
Trd, 4318096.293, 111
Trd, 4318096.843, 111
Trd, 4318099.393, 111
Trd, 4318099.943, 110
Trd, 4318100.993, 109
Trd, 4318102.543, 107
Trd, 4318104.893, 111
Trd, 4318105.993, 109
Trd, 4318106.293, 103
Trd, 4318107.243, 104
Trd, 4318109.893, 105
Trd, 4318110.143, 104
Trd, 4318110.843, 97
Trd, 4318112.043, 97
Trd, 4318113.693, 94
Trd, 4318113.843, 97
Trd, 4318114.343, 96
Trd, 4318116.343, 95
Trd, 4318117.293, 96
Trd, 4318117.643, 94
Trd, 4318118.193, 102
Trd, 4318118.743, 99
Trd, 4318119.793, 90
Trd, 4318120.243, 94
Trd, 4318121.843, 94
Trd, 4318123.143, 100
Trd, 4318125.643, 107
Trd, 4318126.143, 103
Trd, 4318127.743, 104
Trd, 4318132.443, 101
Trd, 4318133.693, 102
Trd, 4318134.593, 104
Trd, 4318134.693, 108
Trd, 4318140.543, 101
Trd, 4318140.693, 99
Trd, 4318143.593, 101
Trd, 4318143.993, 104
Trd, 4318144.343, 104
Trd, 4318145.493, 94
Trd, 4318147.193, 102
Trd, 4318148.193, 102
Trd, 4318149.193, 102
Trd, 4318151.243, 99
Trd, 4318152.693, 103
Trd, 4318153.143, 108
Trd, 4318154.093, 103
Trd, 4318155.943, 102
Trd, 4318156.593, 101
Trd, 4318157.243, 100
Trd, 4318158.393, 101
Trd, 4318158.443, 94
Trd, 4318160.743, 103
Trd, 4318162.593, 98
Trd, 4318163.593, 103
Trd, 4318164.993, 101
Trd, 4318165.193, 98
Trd, 4318168.143, 97
Trd, 4318170.093, 99
Trd, 4318170.293, 97
Trd, 4318171.093, 97
Trd, 4318172.143, 97
Trd, 4318172.993, 98
Trd, 4318173.093, 106
Trd, 4318174.093, 101
Trd, 4318175.993, 108
Trd, 4318176.593, 110
Trd, 4318178.393, 105
Trd, 4318179.593, 100
Trd, 4318181.543, 98
Trd, 4318182.843, 99
Trd, 4318183.393, 94
Trd, 4318185.943, 98
Trd, 4318186.343, 99
Trd, 4318186.743, 99
Trd, 4318189.943, 99
Trd, 4318190.443, 99
Trd, 4318190.793, 98
Trd, 4318190.943, 100
Trd, 4318193.893, 99
Trd, 4318194.793, 98
Trd, 4318195.393, 97
Trd, 4318196.443, 97
Trd, 4318196.693, 96
Trd, 4318197.793, 95
Trd, 4318199.293, 96
Trd, 4318200.393, 97
Trd, 4318201.493, 94
Trd, 4318204.143, 95
Trd, 4318204.393, 96
Trd, 4318205.943, 96
Trd, 4318207.843, 95
Trd, 4318207.943, 96
Trd, 4318210.593, 96
Trd, 4318210.893, 96
Trd, 4318213.093, 97
Trd, 4318215.893, 97
Trd, 4318216.193, 97
Trd, 4318216.993, 96
Trd, 4318217.493, 94
Trd, 4318219.493, 95
Trd, 4318222.543, 94
Trd, 4318223.043, 92
Trd, 4318223.793, 112
Trd, 4318224.643, 101
Trd, 4318226.393, 104
Trd, 4318226.593, 104
Trd, 4318227.393, 104
Trd, 4318228.993, 100
Trd, 4318229.693, 101
Trd, 4318229.893, 94
Trd, 4318233.243, 100
Trd, 4318234.243, 96
Trd, 4318234.993, 96
Trd, 4318237.143, 97
Trd, 4318237.943, 95
Trd, 4318237.993, 106
Trd, 4318238.893, 98
Trd, 4318239.693, 96
Trd, 4318242.043, 101
Trd, 4318244.243, 97
Trd, 4318245.393, 96
Trd, 4318245.643, 98
Trd, 4318246.343, 113
Trd, 4318248.693, 96
Trd, 4318249.343, 97
Trd, 4318249.593, 97
Trd, 4318251.243, 94
Trd, 4318252.293, 97
Trd, 4318253.843, 94
Trd, 4318255.643, 95
Trd, 4318259.643, 93
Trd, 4318261.193, 95
Trd, 4318261.543, 95
Trd, 4318261.993, 96
Trd, 4318262.993, 99
Trd, 4318263.043, 113
Trd, 4318265.593, 95
Trd, 4318266.743, 95
Trd, 4318269.143, 98
Trd, 4318269.443, 98
Trd, 4318269.743, 101
Trd, 4318271.093, 101
Trd, 4318271.193, 100
Trd, 4318272.543, 94
Trd, 4318273.143, 109
Trd, 4318274.843, 85
Trd, 4318275.643, 84
Trd, 4318276.743, 84
Trd, 4318277.093, 95
Trd, 4318279.693, 89
Trd, 4318280.493, 90
Trd, 4318281.543, 90
Trd, 4318282.893, 91
Trd, 4318286.943, 91
Trd, 4318287.543, 88
Trd, 4318289.643, 92
Trd, 4318289.693, 95
Trd, 4318290.043, 93
Trd, 4318291.193, 88
Trd, 4318293.893, 94
Trd, 4318296.793, 93
Trd, 4318299.743, 90
Trd, 4318300.443, 90
Trd, 4318300.893, 87
Trd, 4318302.993, 89
Trd, 4318303.443, 90
Trd, 4318304.193, 89
Trd, 4318304.993, 104
Trd, 4318309.893, 95
Trd, 4318310.593, 96
Trd, 4318312.443, 96
Trd, 4318314.293, 92
Trd, 4318315.393, 86
Trd, 4318317.743, 93
Trd, 4318318.093, 93
Trd, 4318320.793, 97
Trd, 4318323.343, 96
Trd, 4318324.893, 97
Trd, 4318328.893, 96
Trd, 4318330.043, 95
Trd, 4318330.093, 95
Trd, 4318330.243, 98
Trd, 4318330.893, 105
Trd, 4318331.343, 101
Trd, 4318333.893, 99
Trd, 4318336.093, 97
Trd, 4318336.543, 92
Trd, 4318340.043, 92
Trd, 4318341.243, 96
Trd, 4318342.843, 96
Trd, 4318343.443, 96
Trd, 4318345.393, 93
Trd, 4318346.843, 95
Trd, 4318348.043, 95
Trd, 4318349.393, 95
Trd, 4318350.143, 97
Trd, 4318351.893, 104
Trd, 4318352.693, 100
Trd, 4318355.443, 98
Trd, 4318356.043, 96
Trd, 4318356.393, 95
Trd, 4318359.943, 96
Trd, 4318360.093, 96
Trd, 4318360.693, 95
Trd, 4318362.093, 97
Trd, 4318364.793, 96
Trd, 4318365.293, 95
Trd, 4318365.893, 95
Trd, 4318366.393, 96
Trd, 4318366.443, 92
Trd, 4318367.343, 103
Trd, 4318370.243, 98
Trd, 4318371.693, 96
Trd, 4318371.993, 113
Trd, 4318373.093, 94
Trd, 4318377.043, 95
Trd, 4318378.193, 98
Trd, 4318379.643, 94
Trd, 4318379.793, 99
Trd, 4318381.493, 99
Trd, 4318382.893, 93
Trd, 4318384.443, 99
Trd, 4318387.493, 94
Trd, 4318388.293, 99
Trd, 4318388.343, 96
Trd, 4318389.843, 98
Trd, 4318392.243, 97
Trd, 4318393.593, 96
Trd, 4318393.993, 97
Trd, 4318394.593, 95
Trd, 4318397.543, 94
Trd, 4318397.643, 96
Trd, 4318398.093, 96
Trd, 4318399.193, 104
Trd, 4318405.493, 95
Trd, 4318405.893, 96
Trd, 4318406.793, 96
Trd, 4318407.393, 96
Trd, 4318409.093, 94
Trd, 4318409.843, 96
Trd, 4318411.843, 95
Trd, 4318411.943, 108
Trd, 4318412.393, 102
Trd, 4318413.093, 102
Trd, 4318414.243, 103
Trd, 4318415.893, 87
Trd, 4318416.793, 99
Trd, 4318417.593, 105
Trd, 4318420.393, 99
Trd, 4318423.743, 100
Trd, 4318424.443, 98
Trd, 4318426.693, 96
Trd, 4318427.043, 98
Trd, 4318427.143, 99
Trd, 4318428.743, 112
Trd, 4318430.443, 103
Trd, 4318430.943, 100
Trd, 4318433.343, 104
Trd, 4318434.043, 99
Trd, 4318435.193, 97
Trd, 4318436.793, 101
Trd, 4318439.143, 99
Trd, 4318439.543, 98
Trd, 4318441.743, 99
Trd, 4318443.243, 98
Trd, 4318444.243, 97
Trd, 4318444.293, 99
Trd, 4318446.743, 98
Trd, 4318447.193, 95
Trd, 4318449.293, 105
Trd, 4318450.843, 101
Trd, 4318453.843, 98
Trd, 4318455.893, 94
Trd, 4318456.643, 96
Trd, 4318457.293, 97
Trd, 4318458.693, 93
Trd, 4318459.143, 98
Trd, 4318459.643, 107
Trd, 4318461.693, 97
Trd, 4318462.243, 96
Trd, 4318463.843, 95
Trd, 4318464.343, 97
Trd, 4318464.743, 97
Trd, 4318466.243, 113
Trd, 4318466.943, 108
Trd, 4318469.343, 95
Trd, 4318469.943, 95
Trd, 4318472.543, 94
Trd, 4318474.093, 96
Trd, 4318474.743, 97
Trd, 4318476.643, 96
Trd, 4318479.593, 96
Trd, 4318481.943, 93
Trd, 4318483.143, 95
Trd, 4318484.393, 95
Trd, 4318487.493, 94
Trd, 4318487.643, 93
Trd, 4318488.093, 95
Trd, 4318489.243, 96
Trd, 4318490.393, 92
Trd, 4318493.943, 95
Trd, 4318494.993, 92
Trd, 4318495.743, 95
Trd, 4318496.093, 95
Trd, 4318497.793, 93
Trd, 4318499.593, 93
Trd, 4318502.243, 92
Trd, 4318502.443, 93
Trd, 4318505.093, 93
Trd, 4318505.443, 94
Trd, 4318507.093, 92
Trd, 4318509.593, 102
Trd, 4318509.893, 110
Trd, 4318511.843, 100
Trd, 4318515.343, 101
Trd, 4318515.993, 101
Trd, 4318516.793, 102
Trd, 4318517.593, 94
Trd, 4318519.593, 97
Trd, 4318520.193, 97
Trd, 4318520.243, 102
Trd, 4318525.043, 100
Trd, 4318525.743, 100
Trd, 4318526.543, 98
Trd, 4318526.793, 97
Trd, 4318527.593, 100
Trd, 4318529.543, 100
Trd, 4318531.193, 97
Trd, 4318532.343, 100
Trd, 4318535.243, 99
Trd, 4318536.493, 97
Trd, 4318539.043, 99
Trd, 4318539.093, 99
Trd, 4318539.793, 95
Trd, 4318540.393, 98
Trd, 4318545.343, 98
Trd, 4318545.843, 98
Trd, 4318546.643, 97
Trd, 4318548.193, 99
Trd, 4318549.643, 99
Trd, 4318550.493, 102
Trd, 4318551.143, 102
Trd, 4318551.943, 100
Trd, 4318553.243, 103
Trd, 4318554.393, 98
Trd, 4318555.093, 101
Trd, 4318557.843, 99
Trd, 4318560.243, 100
Trd, 4318560.393, 99
Trd, 4318560.443, 101
Trd, 4318564.393, 100
Trd, 4318564.493, 101
Trd, 4318566.993, 101
Trd, 4318568.793, 101
Trd, 4318569.093, 98
Trd, 4318569.343, 101
Trd, 4318570.093, 99
Trd, 4318572.793, 98
Trd, 4318573.443, 102
Trd, 4318573.943, 101
Trd, 4318576.443, 91
Trd, 4318579.843, 96
Trd, 4318580.393, 96
Trd, 4318581.693, 96
Trd, 4318585.093, 96
Trd, 4318585.793, 97
Trd, 4318586.643, 98
Trd, 4318589.093, 94
Trd, 4318589.793, 95
Trd, 4318592.293, 105
Trd, 4318592.693, 98
Trd, 4318593.243, 97
Trd, 4318596.293, 98
Trd, 4318597.393, 97
Trd, 4318597.793, 97
Trd, 4318600.543, 94
Trd, 4318600.843, 97
Trd, 4318602.693, 91
Trd, 4318603.543, 93
Trd, 4318604.643, 93
Trd, 4318606.243, 95
Trd, 4318607.043, 98
Trd, 4318607.343, 97
Trd, 4318610.043, 97
Trd, 4318612.143, 98
Trd, 4318612.693, 94
Trd, 4318614.693, 94
Trd, 4318616.393, 93
Trd, 4318616.943, 94
Trd, 4318618.693, 93
Trd, 4318620.243, 95
Trd, 4318620.893, 94
Trd, 4318622.393, 105
Trd, 4318623.243, 95
Trd, 4318624.693, 108
Trd, 4318625.693, 92
Trd, 4318627.493, 94
Trd, 4318628.893, 101
Trd, 4318629.493, 102
Trd, 4318630.543, 99
Trd, 4318635.343, 99
Trd, 4318638.643, 98
Trd, 4318638.943, 100
Trd, 4318639.693, 100
Trd, 4318640.093, 96
Trd, 4318640.443, 102
Trd, 4318644.793, 97
Trd, 4318645.043, 98
Trd, 4318646.393, 97
Trd, 4318647.943, 96
Trd, 4318649.643, 96
Trd, 4318649.693, 94
Trd, 4318651.893, 94
Trd, 4318652.043, 97
Trd, 4318652.243, 98
Trd, 4318654.893, 93
Trd, 4318655.193, 102
Trd, 4318656.993, 95
Trd, 4318658.743, 94
Trd, 4318661.843, 92
Trd, 4318661.943, 93
Trd, 4318662.393, 93
Trd, 4318663.993, 93
Trd, 4318664.993, 93
Trd, 4318665.143, 102
Trd, 4318667.343, 97
Trd, 4318668.143, 98
Trd, 4318668.793, 104
Trd, 4318669.493, 105
Trd, 4318669.793, 103
Trd, 4318672.993, 95
Trd, 4318674.243, 92
Trd, 4318674.493, 95
Trd, 4318675.093, 105
Trd, 4318677.543, 102
Trd, 4318679.043, 97
Trd, 4318680.393, 97
Trd, 4318681.793, 98
Trd, 4318683.543, 95
Trd, 4318684.093, 98
Trd, 4318686.943, 97
Trd, 4318687.043, 98
Trd, 4318690.043, 96
Trd, 4318690.093, 97
Trd, 4318691.843, 95
Trd, 4318692.693, 96
Trd, 4318692.993, 96
Trd, 4318695.443, 95
Trd, 4318697.843, 96
Trd, 4318698.943, 93
Trd, 4318699.943, 94
Trd, 4318701.893, 94
Trd, 4318703.293, 92
Trd, 4318704.143, 94
Trd, 4318705.593, 100
Trd, 4318705.893, 92
Trd, 4318706.443, 96
Trd, 4318707.493, 103
Trd, 4318708.743, 104
Trd, 4318711.493, 103
Trd, 4318713.893, 105
Trd, 4318714.543, 105
Trd, 4318716.243, 104
Trd, 4318717.493, 94
Trd, 4318717.643, 104
Trd, 4318717.993, 105
Trd, 4318719.743, 99
Trd, 4318720.143, 101
Trd, 4318722.443, 98
Trd, 4318722.693, 96
Trd, 4318723.193, 96
Trd, 4318723.693, 97
Trd, 4318728.193, 96
Trd, 4318731.293, 95
Trd, 4318733.293, 96
Trd, 4318733.893, 96
Trd, 4318734.193, 95
Trd, 4318738.893, 96
Trd, 4318739.343, 104
Trd, 4318739.593, 105
Trd, 4318740.393, 94
Trd, 4318742.993, 99
Trd, 4318745.093, 98
Trd, 4318746.243, 100
Trd, 4318746.543, 97
Trd, 4318749.593, 101
Trd, 4318751.693, 101
Trd, 4318751.943, 99
Trd, 4318753.343, 99
Trd, 4318755.393, 94
Trd, 4318756.293, 95
Trd, 4318757.493, 94
Trd, 4318757.593, 96
Trd, 4318758.343, 86
Trd, 4318759.043, 96
Trd, 4318760.593, 95
Trd, 4318761.193, 93
Trd, 4318766.393, 94
Trd, 4318766.543, 96
Trd, 4318767.093, 92
Trd, 4318767.293, 95
Trd, 4318768.243, 103
Trd, 4318768.993, 100
Trd, 4318770.643, 98
Trd, 4318771.593, 100
Trd, 4318771.943, 83
Trd, 4318773.693, 90
Trd, 4318774.843, 104
Trd, 4318775.493, 94
Trd, 4318778.193, 94
Trd, 4318779.793, 94
Trd, 4318780.143, 92
Trd, 4318781.143, 95
Trd, 4318781.493, 107
Trd, 4318783.343, 96
Trd, 4318783.893, 99
Trd, 4318784.243, 99
Trd, 4318786.243, 99
Trd, 4318786.693, 99
Trd, 4318788.693, 99
Trd, 4318790.193, 99
Trd, 4318791.143, 98
Trd, 4318791.793, 106
Trd, 4318793.643, 105
Trd, 4318794.543, 103
Trd, 4318798.843, 101
Trd, 4318798.943, 101
Trd, 4318799.993, 102
Trd, 4318801.593, 101
Trd, 4318801.993, 99
Trd, 4318802.243, 103
Trd, 4318802.993, 94
Trd, 4318803.393, 104
Trd, 4318806.393, 101
Trd, 4318808.543, 102
Trd, 4318810.243, 100
Trd, 4318810.793, 102
Trd, 4318811.093, 100
Trd, 4318816.193, 102
Trd, 4318816.543, 101
Trd, 4318818.043, 102
Trd, 4318818.243, 99
Trd, 4318818.993, 103
Trd, 4318819.343, 106
Trd, 4318823.093, 92
Trd, 4318823.793, 91
Trd, 4318824.693, 86
Trd, 4318825.243, 89
Trd, 4318825.393, 90
Trd, 4318826.893, 88
Trd, 4318827.093, 89
Trd, 4318827.143, 90
Trd, 4318829.293, 84
Trd, 4318829.993, 90
Trd, 4318831.643, 87
Trd, 4318833.143, 97
Trd, 4318834.943, 94
Trd, 4318835.343, 86
Trd, 4318836.443, 110
Trd, 4318836.743, 98
Trd, 4318838.693, 101
Trd, 4318839.443, 106
Trd, 4318841.093, 101
Trd, 4318841.643, 96
Trd, 4318841.893, 96
Trd, 4318842.743, 86
Trd, 4318846.643, 100
Trd, 4318847.593, 106
Trd, 4318847.693, 105
Trd, 4318848.743, 104
Trd, 4318849.243, 103
Trd, 4318851.643, 104
Trd, 4318852.043, 113
Trd, 4318854.493, 105
Trd, 4318855.293, 104
Trd, 4318857.293, 102
Trd, 4318858.343, 99
Trd, 4318858.893, 94
Trd, 4318859.043, 99
Trd, 4318859.593, 101
Trd, 4318862.743, 100
Trd, 4318863.243, 101
Trd, 4318864.543, 102
Trd, 4318865.293, 106
Trd, 4318866.293, 104
Trd, 4318866.443, 104
Trd, 4318869.093, 92
Trd, 4318869.143, 93
Trd, 4318869.243, 86
Trd, 4318871.393, 97
Trd, 4318873.543, 94
Trd, 4318873.693, 94
Trd, 4318875.143, 91
Trd, 4318876.893, 93
Trd, 4318877.743, 100
Trd, 4318878.993, 95
Trd, 4318879.293, 97
Trd, 4318879.893, 95
Trd, 4318881.493, 96
Trd, 4318881.693, 97
Trd, 4318882.593, 104
Trd, 4318884.143, 103
Trd, 4318884.293, 102
Trd, 4318886.893, 98
Trd, 4318889.943, 103
Trd, 4318891.143, 103
Trd, 4318892.093, 109
Trd, 4318892.643, 105
Trd, 4318894.843, 96
Trd, 4318895.443, 97
Trd, 4318897.293, 94
Trd, 4318897.643, 102
Trd, 4318899.293, 96
Trd, 4318899.543, 99
Trd, 4318900.543, 98
Trd, 4318900.743, 105
Trd, 4318902.443, 101
Trd, 4318903.943, 102
Trd, 4318904.043, 100
Trd, 4318906.793, 103
Trd, 4318907.543, 103
Trd, 4318908.993, 104
Trd, 4318909.443, 104
Trd, 4318911.243, 103
Trd, 4318911.443, 94
Trd, 4318911.543, 104
Trd, 4318914.443, 97
Trd, 4318914.593, 98
Trd, 4318915.143, 100
Trd, 4318917.093, 97
Trd, 4318918.043, 94
Trd, 4318919.043, 95
Trd, 4318919.493, 93
Trd, 4318919.943, 95
Trd, 4318920.743, 95
Trd, 4318923.793, 96
Trd, 4318924.693, 96
Trd, 4318926.243, 96
Trd, 4318927.843, 96
Trd, 4318928.893, 94
Trd, 4318932.043, 96
Trd, 4318933.593, 96
Trd, 4318935.993, 96
Trd, 4318937.293, 93
Trd, 4318939.043, 95
Trd, 4318939.793, 92
Trd, 4318941.143, 95
Trd, 4318941.893, 92
Trd, 4318943.493, 94
Trd, 4318943.993, 94
Trd, 4318946.043, 95
Trd, 4318950.643, 91
Trd, 4318950.893, 94
Trd, 4318950.993, 94
Trd, 4318951.743, 94
Trd, 4318953.293, 93
Trd, 4318954.343, 90
Trd, 4318954.393, 93
Trd, 4318956.543, 102
Trd, 4318956.943, 96
Trd, 4318957.693, 107
Trd, 4318959.893, 108
Trd, 4318961.393, 106
Trd, 4318961.993, 94
Trd, 4318964.143, 100
Trd, 4318964.343, 104
Trd, 4318966.193, 99
Trd, 4318966.543, 100
Trd, 4318968.343, 101
Trd, 4318970.143, 97
Trd, 4318970.843, 94
Trd, 4318971.143, 103
Trd, 4318972.093, 99
Trd, 4318973.843, 101
Trd, 4318974.493, 101
Trd, 4318975.243, 101
Trd, 4318976.843, 103
Trd, 4318977.593, 113
Trd, 4318978.593, 103
Trd, 4318978.693, 102
Trd, 4318981.443, 101
Trd, 4318982.943, 99
Trd, 4318983.793, 94
Trd, 4318984.393, 98
Trd, 4318984.893, 99
Trd, 4318985.543, 104
Trd, 4318987.243, 102
Trd, 4318988.693, 101
Trd, 4318991.593, 102
Trd, 4318991.743, 101
Trd, 4318991.893, 105
Trd, 4318992.943, 108
Trd, 4318994.993, 104
Trd, 4318995.293, 102
Trd, 4318996.243, 101
Trd, 4318997.443, 96
Trd, 4318997.793, 95
Trd, 4318997.943, 96
Trd, 4318999.693, 94
Trd, 4319000.193, 95
Trd, 4319004.243, 96
Trd, 4319005.143, 96
Trd, 4319005.693, 95
Trd, 4319009.943, 94
Trd, 4319011.593, 94
Trd, 4319014.093, 93
Trd, 4319014.293, 94
Trd, 4319015.443, 94
Trd, 4319015.893, 97
Trd, 4319016.393, 96
Trd, 4319017.293, 96
Trd, 4319021.243, 93
Trd, 4319022.843, 95
Trd, 4319023.143, 103
Trd, 4319023.793, 96
Trd, 4319025.943, 97
Trd, 4319026.493, 94
Trd, 4319026.643, 98
Trd, 4319028.443, 93
Trd, 4319029.743, 94
Trd, 4319030.593, 92
Trd, 4319031.843, 94
Trd, 4319034.893, 95
Trd, 4319035.893, 94
Trd, 4319037.143, 95
Trd, 4319038.593, 95
Trd, 4319039.743, 101
Trd, 4319041.793, 95
Trd, 4319042.343, 95
Trd, 4319043.543, 93
Trd, 4319043.893, 95
Trd, 4319046.493, 95
Trd, 4319049.243, 92
Trd, 4319049.743, 96
Trd, 4319051.693, 96
Trd, 4319054.393, 95
Trd, 4319054.493, 95
Trd, 4319054.993, 93
Trd, 4319058.743, 95
Trd, 4319060.293, 95
Trd, 4319060.943, 92
Trd, 4319062.843, 95
Trd, 4319063.143, 95
Trd, 4319065.993, 91
Trd, 4319066.043, 94
Trd, 4319067.593, 94
Trd, 4319071.443, 93
Trd, 4319072.843, 93
Trd, 4319073.043, 90
Trd, 4319073.693, 99
Trd, 4319073.993, 96
Trd, 4319075.993, 102
Trd, 4319076.643, 100
Trd, 4319077.443, 107
Trd, 4319077.943, 94
Trd, 4319078.893, 103
Trd, 4319081.093, 95
Trd, 4319081.243, 94
Trd, 4319081.643, 102
Trd, 4319082.843, 99
Trd, 4319085.093, 105
Trd, 4319087.393, 100
Trd, 4319088.793, 94
Trd, 4319089.443, 99
Trd, 4319089.843, 99
Trd, 4319091.643, 97
Trd, 4319093.693, 97
Trd, 4319095.093, 97
Trd, 4319095.643, 104
Trd, 4319097.893, 98
Trd, 4319097.993, 93
Trd, 4319098.893, 99
Trd, 4319101.243, 97
Trd, 4319102.193, 92
Trd, 4319106.043, 92
Trd, 4319106.843, 93
Trd, 4319107.193, 93
Trd, 4319108.543, 96
Trd, 4319109.193, 92
Trd, 4319110.343, 91
Trd, 4319110.893, 90
Trd, 4319112.743, 92
Trd, 4319115.693, 92
Trd, 4319117.593, 91
Trd, 4319118.293, 93
Trd, 4319118.743, 105
Trd, 4319119.293, 99
Trd, 4319121.493, 106
Trd, 4319122.043, 100
Trd, 4319122.743, 101
Trd, 4319123.593, 98
Trd, 4319124.093, 98
Trd, 4319126.093, 101
Trd, 4319127.243, 102
Trd, 4319128.893, 102
Trd, 4319129.943, 98
Trd, 4319131.893, 99
Trd, 4319133.543, 100
Trd, 4319134.043, 100
Trd, 4319135.593, 99
Trd, 4319137.643, 97
Trd, 4319137.893, 100
Trd, 4319138.693, 95
Trd, 4319139.943, 94
Trd, 4319140.193, 110
Trd, 4319141.193, 99
Trd, 4319145.043, 98
Trd, 4319146.293, 99
Trd, 4319147.243, 93
Trd, 4319148.943, 102
Trd, 4319149.993, 96
Trd, 4319151.043, 106
Trd, 4319151.293, 86
Trd, 4319152.493, 103
Trd, 4319154.943, 99
Trd, 4319156.793, 100
Trd, 4319157.043, 97
Trd, 4319160.693, 101
Trd, 4319163.293, 101
Trd, 4319164.043, 98
Trd, 4319164.193, 97
Trd, 4319164.393, 94
Trd, 4319166.893, 94
Trd, 4319169.443, 93
Trd, 4319169.593, 94
Trd, 4319170.293, 94
Trd, 4319173.443, 94
Trd, 4319174.643, 95
Trd, 4319176.043, 96
Trd, 4319177.143, 95
Trd, 4319179.793, 96
Trd, 4319182.043, 96
Trd, 4319182.443, 97
Trd, 4319185.143, 98
Trd, 4319185.493, 98
Trd, 4319185.843, 96
Trd, 4319191.043, 96
Trd, 4319191.993, 95
Trd, 4319192.193, 96
Trd, 4319192.443, 95
Trd, 4319193.543, 95
Trd, 4319194.443, 95
Trd, 4319195.843, 94
Trd, 4319197.543, 95
Trd, 4319197.743, 94
Trd, 4319198.243, 98
Trd, 4319199.343, 110
Trd, 4319200.993, 109
Trd, 4319202.093, 103
Trd, 4319204.393, 105
Trd, 4319205.193, 102
Trd, 4319206.743, 103
Trd, 4319208.193, 106
Trd, 4319210.243, 102
Trd, 4319210.993, 105
Trd, 4319212.143, 102
Trd, 4319212.643, 95
Trd, 4319215.443, 97
Trd, 4319218.393, 102
Trd, 4319218.693, 99
Trd, 4319219.743, 100
Trd, 4319221.943, 97
Trd, 4319222.543, 100
Trd, 4319223.743, 95
Trd, 4319224.993, 98
Trd, 4319226.043, 97
Trd, 4319226.593, 97
Trd, 4319227.393, 95
Trd, 4319230.543, 95
Trd, 4319233.543, 96
Trd, 4319236.643, 95
Trd, 4319237.693, 94
Trd, 4319238.443, 96
Trd, 4319239.543, 96
Trd, 4319240.643, 94
Trd, 4319240.743, 93
Trd, 4319241.093, 92
Trd, 4319242.743, 104
Trd, 4319245.043, 98
Trd, 4319246.143, 97
Trd, 4319246.993, 112
Trd, 4319247.393, 109
Trd, 4319249.943, 104
Trd, 4319250.293, 103
Trd, 4319252.643, 102
Trd, 4319253.743, 96
Trd, 4319253.793, 104
Trd, 4319255.643, 100
Trd, 4319257.743, 97
Trd, 4319257.843, 101
Trd, 4319259.243, 102
Trd, 4319263.293, 96
Trd, 4319263.593, 99
Trd, 4319265.593, 95
Trd, 4319267.243, 99
Trd, 4319269.893, 98
Trd, 4319270.593, 99
Trd, 4319271.793, 95
Trd, 4319272.193, 98
Trd, 4319273.743, 97
Trd, 4319276.993, 97
Trd, 4319277.243, 97
Trd, 4319277.943, 95
Trd, 4319278.243, 104
Trd, 4319279.443, 95
Trd, 4319282.943, 95
Trd, 4319283.593, 95
Trd, 4319283.693, 94
Trd, 4319283.893, 94
Trd, 4319289.493, 94
Trd, 4319289.893, 93
Trd, 4319292.193, 95
Trd, 4319292.993, 95
Trd, 4319298.093, 96
Trd, 4319298.393, 92
Trd, 4319298.743, 97
Trd, 4319299.643, 95
Trd, 4319299.793, 98
Trd, 4319301.393, 99
Trd, 4319302.443, 95
Trd, 4319303.293, 96
Trd, 4319303.643, 104
Trd, 4319305.543, 104
Trd, 4319306.443, 95
Trd, 4319308.243, 99
Trd, 4319308.993, 99
Trd, 4319309.593, 98
Trd, 4319311.943, 97
Trd, 4319312.643, 95
Trd, 4319313.343, 100
Trd, 4319314.393, 100
Trd, 4319314.693, 94
Trd, 4319316.343, 105
Trd, 4319319.443, 95
Trd, 4319321.393, 95
Trd, 4319321.643, 94
Trd, 4319322.843, 93
Trd, 4319323.743, 93
Trd, 4319324.193, 93
Trd, 4319324.393, 95
Trd, 4319326.593, 96
Trd, 4319327.093, 121
Trd, 4319328.093, 111
Trd, 4319328.343, 111
Trd, 4319331.093, 103
Trd, 4319331.393, 98
Trd, 4319331.543, 104
Trd, 4319333.843, 102
Trd, 4319335.443, 97
Trd, 4319337.143, 101
Trd, 4319339.193, 98
Trd, 4319340.443, 101
Trd, 4319340.843, 102
Trd, 4319340.993, 105
Trd, 4319346.943, 100
Trd, 4319347.493, 99
Trd, 4319347.793, 99
Trd, 4319348.643, 97
Trd, 4319349.093, 94
Trd, 4319349.693, 101
Trd, 4319352.343, 100
Trd, 4319353.743, 99
Trd, 4319354.493, 99
Trd, 4319355.493, 102
Trd, 4319355.793, 102
Trd, 4319357.543, 95
Trd, 4319358.243, 100
Trd, 4319360.093, 100
Trd, 4319360.593, 98
Trd, 4319361.843, 100
Trd, 4319365.493, 98
Trd, 4319365.693, 97
Trd, 4319366.493, 104
Trd, 4319367.043, 101
Trd, 4319367.943, 101
Trd, 4319368.993, 103
Trd, 4319370.393, 102
Trd, 4319372.093, 102
Trd, 4319372.843, 102
Trd, 4319374.293, 103
Trd, 4319374.643, 103
Trd, 4319375.743, 103
Trd, 4319376.093, 102
Trd, 4319379.093, 92
Trd, 4319379.893, 93
Trd, 4319380.693, 94
Trd, 4319381.993, 106
Trd, 4319382.843, 96
Trd, 4319383.093, 100
Trd, 4319384.543, 100
Trd, 4319384.843, 95
Trd, 4319385.093, 104
Trd, 4319388.993, 98
Trd, 4319390.743, 95
Trd, 4319390.993, 112
Trd, 4319393.893, 99
Trd, 4319395.093, 104
Trd, 4319395.593, 103
Trd, 4319395.943, 104
Trd, 4319397.043, 102
Trd, 4319398.643, 100
Trd, 4319401.443, 104
Trd, 4319402.393, 104
Trd, 4319402.593, 104
Trd, 4319402.843, 99
Trd, 4319403.993, 99
Trd, 4319406.243, 105
Trd, 4319406.643, 98
Trd, 4319407.093, 102
Trd, 4319407.243, 103
Trd, 4319408.593, 98
Trd, 4319410.743, 101
Trd, 4319413.693, 99
Trd, 4319413.793, 101
Trd, 4319414.393, 98
Trd, 4319415.393, 101
Trd, 4319416.243, 100
Trd, 4319417.843, 97
Trd, 4319417.993, 94
Trd, 4319418.843, 106
Trd, 4319422.993, 98
Trd, 4319426.443, 96
Trd, 4319426.543, 96
Trd, 4319428.393, 113
Trd, 4319429.243, 94
Trd, 4319429.293, 103
Trd, 4319430.493, 109
Trd, 4319431.143, 106
Trd, 4319431.643, 103
Trd, 4319432.393, 102
Trd, 4319432.993, 106
Trd, 4319437.343, 102
Trd, 4319438.393, 104
Trd, 4319441.093, 102
Trd, 4319441.193, 103
Trd, 4319443.493, 97
Trd, 4319444.043, 97
Trd, 4319444.743, 98
Trd, 4319447.193, 98
Trd, 4319449.993, 97
Trd, 4319450.893, 96
Trd, 4319450.943, 99
Trd, 4319451.343, 99
Trd, 4319451.443, 113
Trd, 4319453.993, 100
Trd, 4319455.043, 97
Trd, 4319457.493, 98
Trd, 4319459.293, 96
Trd, 4319460.093, 95
Trd, 4319460.243, 95
Trd, 4319461.243, 94
Trd, 4319461.643, 93
Trd, 4319461.993, 94
Trd, 4319463.943, 94
Trd, 4319464.943, 92
Trd, 4319465.093, 97
Trd, 4319466.893, 100
Trd, 4319466.943, 107
Trd, 4319470.393, 99
Trd, 4319471.393, 101
Trd, 4319473.443, 99
Trd, 4319474.393, 101
Trd, 4319475.493, 101
Trd, 4319478.043, 101
Trd, 4319478.293, 101
Trd, 4319478.643, 99
Trd, 4319479.693, 98
Trd, 4319484.843, 99
Trd, 4319486.593, 98
Trd, 4319486.943, 99
Trd, 4319488.393, 99
Trd, 4319488.893, 107
Trd, 4319490.643, 97
Trd, 4319492.193, 100
Trd, 4319492.793, 96
Trd, 4319494.093, 98
Trd, 4319495.543, 98
Trd, 4319497.043, 94
Trd, 4319498.693, 97
Trd, 4319499.043, 97
Trd, 4319500.043, 104
Trd, 4319500.793, 101
Trd, 4319506.143, 97
Trd, 4319506.343, 93
Trd, 4319506.593, 97
Trd, 4319509.843, 95
Trd, 4319511.443, 93
Trd, 4319512.043, 92
Trd, 4319513.293, 93
Trd, 4319515.693, 93
Trd, 4319516.043, 91
Trd, 4319519.493, 90
Trd, 4319520.093, 93
Trd, 4319520.143, 93
Trd, 4319522.043, 92
Trd, 4319522.193, 88
Trd, 4319525.043, 91
Trd, 4319526.193, 90
Trd, 4319526.493, 91
Trd, 4319527.143, 91
Trd, 4319530.443, 90
Trd, 4319531.393, 86
Trd, 4319532.093, 89
Trd, 4319532.843, 90
Trd, 4319534.443, 91
Trd, 4319536.943, 90
Trd, 4319537.893, 91
Trd, 4319538.893, 90
Trd, 4319541.443, 104
Trd, 4319542.093, 95
Trd, 4319542.343, 91
Trd, 4319543.993, 94
Trd, 4319544.093, 95
Trd, 4319544.143, 113
Trd, 4319546.943, 95
Trd, 4319547.293, 94
Trd, 4319548.093, 94
Trd, 4319549.343, 93
Trd, 4319550.393, 94
Trd, 4319553.993, 89
Trd, 4319554.693, 89
Trd, 4319555.443, 94
Trd, 4319557.693, 91
Trd, 4319558.193, 115
Trd, 4319559.293, 86
Trd, 4319561.043, 92
Trd, 4319561.643, 99
Trd, 4319563.993, 97
Trd, 4319564.043, 90
Trd, 4319564.893, 96
Trd, 4319567.643, 86
Trd, 4319569.393, 102
Trd, 4319569.743, 99
Trd, 4319569.993, 98
Trd, 4319570.543, 97
Trd, 4319572.093, 96
Trd, 4319574.593, 113
Trd, 4319576.493, 99
Trd, 4319577.293, 100
Trd, 4319577.593, 101
Trd, 4319577.643, 86
Trd, 4319577.743, 108
Trd, 4319580.193, 109
Trd, 4319581.743, 100
Trd, 4319582.393, 102
Trd, 4319582.593, 101
Trd, 4319583.693, 95
Trd, 4319584.293, 97
Trd, 4319586.243, 97
Trd, 4319588.143, 97
Trd, 4319588.943, 96
Trd, 4319589.093, 107
Trd, 4319591.443, 94
Trd, 4319592.893, 95
Trd, 4319593.643, 94
Trd, 4319594.043, 95
Trd, 4319594.893, 96
Trd, 4319598.093, 93
Trd, 4319600.143, 93
Trd, 4319602.293, 93
Trd, 4319603.743, 96
Trd, 4319603.843, 92
Trd, 4319606.893, 97
Trd, 4319606.943, 104
Trd, 4319607.343, 91
Trd, 4319610.143, 96
Trd, 4319611.243, 95
Trd, 4319612.993, 94
Trd, 4319615.943, 95
Trd, 4319616.243, 95
Trd, 4319618.393, 93
Trd, 4319620.543, 93
Trd, 4319620.643, 92
Trd, 4319622.743, 92
Trd, 4319624.443, 96
Trd, 4319625.393, 94
Trd, 4319627.343, 97
Trd, 4319629.043, 96
Trd, 4319630.043, 96
Trd, 4319633.193, 91
Trd, 4319634.093, 95
Trd, 4319635.093, 95
Trd, 4319636.043, 95
Trd, 4319636.793, 90
Trd, 4319640.543, 95
Trd, 4319642.543, 96
Trd, 4319643.793, 94
Trd, 4319644.543, 94
Trd, 4319645.843, 94
Trd, 4319649.493, 90
Trd, 4319654.993, 91
Trd, 4319655.343, 93
Trd, 4319656.593, 91
Trd, 4319657.343, 94
Trd, 4319657.993, 94
Trd, 4319660.443, 95
Trd, 4319663.993, 91
Trd, 4319666.143, 93
Trd, 4319668.093, 92
Trd, 4319669.043, 92
Trd, 4319669.393, 95
Trd, 4319670.193, 94
Trd, 4319672.993, 93
Trd, 4319673.143, 95
Trd, 4319673.743, 92
Trd, 4319674.743, 96
Trd, 4319677.343, 92
Trd, 4319677.993, 97
Trd, 4319678.193, 97
Trd, 4319679.243, 97
Trd, 4319680.593, 103
Trd, 4319682.293, 99
Trd, 4319685.193, 91
Trd, 4319686.143, 95
Trd, 4319686.543, 105
Trd, 4319689.243, 93
Trd, 4319689.293, 99
Trd, 4319689.993, 99
Trd, 4319691.393, 97
Trd, 4319691.443, 97
Trd, 4319692.193, 95
Trd, 4319692.743, 95
Trd, 4319695.943, 95
Trd, 4319700.343, 94
Trd, 4319700.393, 95
Trd, 4319700.493, 93
Trd, 4319701.543, 95
Trd, 4319706.443, 95
Trd, 4319707.093, 94
Trd, 4319708.043, 99
Trd, 4319708.293, 96
Trd, 4319709.993, 93
Trd, 4319710.943, 93
Trd, 4319712.193, 100
Trd, 4319712.743, 104
Trd, 4319714.793, 101
Trd, 4319716.293, 101
Trd, 4319717.643, 98
Trd, 4319717.893, 101
Trd, 4319718.343, 98
Trd, 4319720.793, 100
Trd, 4319722.643, 97
Trd, 4319723.193, 96
Trd, 4319725.293, 98
Trd, 4319726.293, 99
Trd, 4319726.993, 94
Trd, 4319727.243, 96
Trd, 4319729.893, 95
Trd, 4319732.093, 95
Trd, 4319734.093, 95
Trd, 4319734.193, 94
Trd, 4319735.643, 94
Trd, 4319738.143, 95
Trd, 4319738.393, 107
Trd, 4319739.593, 100
Trd, 4319743.143, 93
Trd, 4319743.743, 97
Trd, 4319743.943, 97
Trd, 4319744.393, 107
Trd, 4319749.893, 94
Trd, 4319750.143, 92
Trd, 4319751.293, 94
Trd, 4319752.893, 94
Trd, 4319752.993, 103
Trd, 4319753.843, 99
Trd, 4319756.293, 106
Trd, 4319756.543, 101
Trd, 4319759.493, 106
Trd, 4319760.193, 106
Trd, 4319760.893, 106
Trd, 4319761.043, 102
Trd, 4319763.993, 101
Trd, 4319765.493, 106
Trd, 4319766.793, 100
Trd, 4319767.043, 106
Trd, 4319771.343, 105
Trd, 4319772.643, 104
Trd, 4319773.293, 101
Trd, 4319774.493, 101
Trd, 4319776.843, 101
Trd, 4319778.843, 104
Trd, 4319781.643, 99
Trd, 4319782.043, 102
Trd, 4319785.843, 100
Trd, 4319786.093, 100
Trd, 4319787.443, 101
Trd, 4319787.793, 112
Trd, 4319788.093, 103
Trd, 4319789.043, 103
Trd, 4319792.693, 100
Trd, 4319794.743, 100
Trd, 4319795.893, 86
Trd, 4319796.043, 100
Trd, 4319796.843, 94
Trd, 4319798.393, 92
Trd, 4319800.393, 93
Trd, 4319801.843, 93
Trd, 4319802.293, 94
Trd, 4319802.643, 103
Trd, 4319803.793, 98
Trd, 4319804.193, 100
Trd, 4319804.593, 99
Trd, 4319807.343, 100
Trd, 4319807.893, 98
Trd, 4319808.193, 113
Trd, 4319811.793, 103
Trd, 4319811.843, 99
Trd, 4319812.143, 106
Trd, 4319814.843, 104
Trd, 4319815.693, 104
Trd, 4319816.443, 102
Trd, 4319818.493, 102
Trd, 4319818.843, 101
Trd, 4319818.893, 102
Trd, 4319822.243, 93
Trd, 4319822.293, 94
Trd, 4319822.493, 94
Trd, 4319823.393, 106
Trd, 4319824.493, 93
Trd, 4319825.793, 99
Trd, 4319826.643, 98
Trd, 4319828.893, 97
Trd, 4319829.493, 96
Trd, 4319830.593, 95
Trd, 4319831.693, 98
Trd, 4319833.543, 97
Trd, 4319835.393, 96
Trd, 4319837.843, 96
Trd, 4319841.093, 94
Trd, 4319842.343, 95
Trd, 4319842.993, 95
Trd, 4319843.643, 93
Trd, 4319844.193, 96
Trd, 4319844.543, 100
Trd, 4319850.893, 98
Trd, 4319852.893, 105
Trd, 4319853.343, 101
Trd, 4319854.843, 102
Trd, 4319855.493, 98
Trd, 4319857.143, 101
Trd, 4319857.543, 102
Trd, 4319857.793, 98
Trd, 4319858.293, 104
Trd, 4319859.243, 97
Trd, 4319861.743, 104
Trd, 4319862.943, 96
Trd, 4319863.393, 103
Trd, 4319865.643, 102
Trd, 4319867.143, 100
Trd, 4319867.643, 100
Trd, 4319869.243, 99
Trd, 4319870.443, 98
Trd, 4319874.493, 98
Trd, 4319874.743, 97
Trd, 4319875.693, 97
Trd, 4319876.743, 108
Trd, 4319877.343, 98
Trd, 4319879.143, 101
Trd, 4319879.443, 107
Trd, 4319881.543, 100
Trd, 4319882.893, 99
Trd, 4319883.343, 101
Trd, 4319884.743, 98
Trd, 4319885.893, 96
Trd, 4319886.843, 101
Trd, 4319888.243, 101
Trd, 4319890.393, 100
Trd, 4319890.943, 101
Trd, 4319892.743, 97
Trd, 4319893.243, 99
Trd, 4319896.693, 102
Trd, 4319898.443, 107
Trd, 4319898.693, 104
Trd, 4319899.393, 102
Trd, 4319900.693, 102
Trd, 4319902.643, 104
Trd, 4319903.993, 104
Trd, 4319904.593, 103
Trd, 4319905.643, 105
Trd, 4319905.743, 101
Trd, 4319908.093, 100
Trd, 4319908.993, 101
Trd, 4319910.493, 100
Trd, 4319911.343, 101
Trd, 4319913.093, 99
Trd, 4319914.693, 101
Trd, 4319914.793, 101
Trd, 4319917.243, 97
Trd, 4319918.043, 96
Trd, 4319919.343, 98
Trd, 4319920.143, 99
Trd, 4319921.643, 94
Trd, 4319922.893, 100
Trd, 4319925.293, 98
Trd, 4319926.893, 94
Trd, 4319927.393, 98
Trd, 4319929.393, 96
Trd, 4319930.943, 95
Trd, 4319933.493, 93
Trd, 4319935.143, 95
Trd, 4319935.943, 95
Trd, 4319936.643, 96
Trd, 4319938.243, 97
Trd, 4319939.143, 96
Trd, 4319940.643, 97
Trd, 4319944.243, 95
Trd, 4319945.643, 94
Trd, 4319946.693, 97
Trd, 4319948.143, 98
Trd, 4319949.543, 97
Trd, 4319950.493, 100
Trd, 4319953.593, 94
Trd, 4319953.893, 96
Trd, 4319954.043, 100
Trd, 4319956.243, 104
Trd, 4319957.243, 102
Trd, 4319959.043, 100
Trd, 4319959.093, 102
Trd, 4319961.893, 99
Trd, 4319963.793, 94
Trd, 4319964.143, 98
Trd, 4319964.643, 97
Trd, 4319966.643, 98
Trd, 4319969.893, 100
Trd, 4319969.993, 105
Trd, 4319970.193, 95
Trd, 4319971.193, 101
Trd, 4319971.393, 101
Trd, 4319976.193, 96
Trd, 4319978.843, 97
Trd, 4319983.193, 94
Trd, 4319984.743, 96
Trd, 4319986.943, 95
Trd, 4319987.293, 93
Trd, 4319987.693, 96
Trd, 4319988.693, 96
Trd, 4319989.243, 96
Trd, 4319989.443, 93
Trd, 4319991.843, 101
Trd, 4319992.993, 100
Trd, 4319993.693, 100
Trd, 4319994.693, 104
Trd, 4319995.193, 94
Trd, 4319999.893, 97
Trd, 4319999.993, 96
