Trd, 4317848.443, 97
Trd, 4317849.443, 96
Trd, 4317850.593, 97
Trd, 4317852.693, 97
Trd, 4317854.643, 96
Trd, 4317854.743, 97
Trd, 4317855.493, 96
Trd, 4317857.443, 96
Trd, 4317859.143, 88
Trd, 4317860.843, 97
Trd, 4317862.593, 97
Trd, 4317865.893, 95
Trd, 4317868.293, 97
Trd, 4317870.793, 97
Trd, 4317870.893, 97
Trd, 4317873.243, 97
Trd, 4317873.993, 96
Trd, 4317875.243, 97
Trd, 4317876.243, 97
Trd, 4317877.693, 95
Trd, 4317882.893, 97
Trd, 4317882.943, 96
Trd, 4317884.493, 96
Trd, 4317886.343, 95
Trd, 4317887.593, 96
Trd, 4317887.693, 96
Trd, 4317888.593, 95
Trd, 4317890.893, 95
Trd, 4317892.293, 95
Trd, 4317893.243, 96
Trd, 4317894.193, 96
Trd, 4317897.693, 96
Trd, 4317899.493, 94
Trd, 4317900.343, 95
Trd, 4317901.243, 95
Trd, 4317901.843, 96
Trd, 4317902.293, 98
Trd, 4317902.943, 100
Trd, 4317903.743, 99
Trd, 4317904.893, 98
Trd, 4317906.693, 104
Trd, 4317907.343, 98
Trd, 4317908.293, 98
Trd, 4317911.943, 98
Trd, 4317912.743, 99
Trd, 4317913.193, 99
Trd, 4317914.293, 100
Trd, 4317917.693, 99
Trd, 4317917.993, 99
Trd, 4317919.443, 99
Trd, 4317919.693, 95
Trd, 4317920.593, 99
Trd, 4317922.193, 95
Trd, 4317923.393, 100
Trd, 4317923.793, 100
Trd, 4317927.543, 95
Trd, 4317928.043, 99
Trd, 4317930.093, 99
Trd, 4317931.043, 99
Trd, 4317932.343, 99
Trd, 4317932.443, 98
Trd, 4317932.493, 99
Trd, 4317935.143, 98
Trd, 4317937.693, 98
Trd, 4317938.193, 99
Trd, 4317940.193, 99
Trd, 4317942.943, 99
Trd, 4317943.643, 98
Trd, 4317943.693, 98
Trd, 4317944.143, 99
Trd, 4317946.293, 97
Trd, 4317949.893, 98
Trd, 4317950.293, 98
Trd, 4317950.543, 98
Trd, 4317953.443, 100
Trd, 4317954.893, 98
Trd, 4317954.943, 99
Trd, 4317957.093, 98
Trd, 4317959.393, 97
Trd, 4317959.643, 97
Trd, 4317963.093, 97
Trd, 4317963.143, 98
Trd, 4317966.693, 96
Trd, 4317966.843, 97
Trd, 4317972.193, 96
Trd, 4317973.443, 96
Trd, 4317974.343, 96
Trd, 4317974.493, 95
Trd, 4317975.543, 94
Trd, 4317977.293, 93
Trd, 4317979.643, 95
Trd, 4317980.143, 96
Trd, 4317982.443, 95
Trd, 4317986.293, 96
Trd, 4317987.293, 96
Trd, 4317988.393, 95
Trd, 4317989.493, 96
Trd, 4317989.743, 96
Trd, 4317991.643, 101
Trd, 4317992.293, 106
Trd, 4317992.643, 97
Trd, 4317995.893, 100
Trd, 4317996.643, 99
Trd, 4317999.093, 99
Trd, 4318000.693, 99
Trd, 4318000.993, 98
Trd, 4318002.593, 98
Trd, 4318002.793, 104
Trd, 4318004.143, 97
Trd, 4318006.543, 98
Trd, 4318008.643, 98
Trd, 4318009.143, 98
Trd, 4318009.543, 97
Trd, 4318011.493, 96
Trd, 4318016.543, 97
Trd, 4318017.193, 95
Trd, 4318018.193, 97
Trd, 4318019.593, 96
Trd, 4318019.693, 95
Trd, 4318024.643, 97
Trd, 4318025.543, 96
Trd, 4318029.493, 97
Trd, 4318031.143, 95
Trd, 4318035.093, 96
Trd, 4318037.643, 97
Trd, 4318039.443, 97
Trd, 4318040.443, 97
Trd, 4318042.893, 96
Trd, 4318044.693, 95
Trd, 4318050.443, 97
Trd, 4318051.393, 96
Trd, 4318053.243, 97
Trd, 4318053.893, 97
Trd, 4318055.093, 98
Trd, 4318055.243, 97
Trd, 4318055.743, 97
Trd, 4318056.893, 97
Trd, 4318060.393, 96
Trd, 4318060.943, 97
Trd, 4318061.143, 96
Trd, 4318061.693, 109
Trd, 4318064.993, 96
Trd, 4318068.943, 98
Trd, 4318069.693, 98
Trd, 4318070.043, 96
Trd, 4318077.243, 97
Trd, 4318078.293, 98
Trd, 4318079.543, 98
Trd, 4318081.143, 97
Trd, 4318083.243, 98
Trd, 4318083.993, 98
Trd, 4318086.843, 96
Trd, 4318089.293, 96
Trd, 4318092.593, 98
Trd, 4318093.393, 97
Trd, 4318094.043, 98
Trd, 4318095.393, 98
Trd, 4318098.543, 96
Trd, 4318098.993, 98
Trd, 4318099.643, 96
Trd, 4318102.993, 98
Trd, 4318103.493, 98
Trd, 4318104.843, 96
Trd, 4318106.893, 97
Trd, 4318108.693, 97
Trd, 4318109.443, 98
Trd, 4318110.243, 98
Trd, 4318111.743, 99
Trd, 4318111.943, 97
Trd, 4318114.193, 98
Trd, 4318118.543, 98
Trd, 4318120.643, 98
Trd, 4318121.993, 97
Trd, 4318122.793, 95
Trd, 4318125.893, 97
Trd, 4318126.443, 97
Trd, 4318126.843, 95
Trd, 4318127.443, 96
Trd, 4318128.543, 97
Trd, 4318132.743, 97
Trd, 4318133.093, 97
Trd, 4318135.693, 97
Trd, 4318136.393, 95
Trd, 4318140.193, 97
Trd, 4318141.093, 97
Trd, 4318144.643, 96
Trd, 4318145.043, 95
Trd, 4318145.343, 95
Trd, 4318145.693, 95
Trd, 4318147.343, 97
Trd, 4318147.643, 95
Trd, 4318148.843, 99
Trd, 4318150.593, 98
Trd, 4318151.843, 97
Trd, 4318153.743, 98
Trd, 4318154.343, 96
Trd, 4318155.943, 97
Trd, 4318158.443, 95
Trd, 4318159.693, 97
Trd, 4318159.793, 96
Trd, 4318160.993, 96
Trd, 4318164.443, 95
Trd, 4318164.743, 96
Trd, 4318165.093, 97
Trd, 4318165.293, 107
Trd, 4318166.743, 95
Trd, 4318170.043, 97
Trd, 4318170.743, 95
Trd, 4318172.043, 98
Trd, 4318173.543, 97
Trd, 4318175.243, 98
Trd, 4318175.843, 96
Trd, 4318177.793, 96
Trd, 4318182.193, 97
Trd, 4318182.343, 95
Trd, 4318183.893, 97
Trd, 4318186.193, 97
Trd, 4318188.793, 95
Trd, 4318189.393, 96
Trd, 4318190.043, 95
Trd, 4318190.693, 95
Trd, 4318190.943, 94
Trd, 4318192.393, 104
Trd, 4318193.243, 105
Trd, 4318193.293, 103
Trd, 4318193.543, 105
Trd, 4318195.043, 104
Trd, 4318197.043, 103
Trd, 4318198.693, 104
Trd, 4318200.143, 104
Trd, 4318201.293, 103
Trd, 4318201.943, 93
Trd, 4318204.193, 98
Trd, 4318204.293, 97
Trd, 4318205.193, 99
Trd, 4318207.043, 100
Trd, 4318207.843, 99
Trd, 4318207.993, 100
Trd, 4318210.393, 100
Trd, 4318210.993, 99
Trd, 4318211.093, 100
Trd, 4318211.693, 99
Trd, 4318212.393, 101
Trd, 4318214.093, 103
Trd, 4318214.893, 125
Trd, 4318215.593, 119
Trd, 4318218.043, 111
Trd, 4318219.593, 101
Trd, 4318220.693, 106
Trd, 4318222.193, 106
Trd, 4318223.293, 107
Trd, 4318224.243, 105
Trd, 4318226.443, 105
Trd, 4318229.493, 105
Trd, 4318231.143, 104
Trd, 4318231.243, 105
Trd, 4318232.293, 103
Trd, 4318233.093, 104
Trd, 4318233.293, 103
Trd, 4318236.093, 104
Trd, 4318236.593, 103
Trd, 4318239.343, 105
Trd, 4318242.143, 105
Trd, 4318244.893, 103
Trd, 4318245.293, 105
Trd, 4318247.893, 105
Trd, 4318248.893, 103
Trd, 4318249.293, 102
Trd, 4318249.643, 100
Trd, 4318250.593, 95
Trd, 4318252.893, 86
Trd, 4318253.293, 87
Trd, 4318253.793, 92
Trd, 4318257.143, 86
Trd, 4318257.543, 88
Trd, 4318258.343, 87
Trd, 4318260.793, 91
Trd, 4318262.193, 95
Trd, 4318262.343, 95
Trd, 4318262.593, 95
Trd, 4318264.493, 101
Trd, 4318264.593, 115
Trd, 4318266.793, 101
Trd, 4318267.243, 104
Trd, 4318269.143, 101
Trd, 4318272.793, 102
Trd, 4318273.293, 100
Trd, 4318273.693, 95
Trd, 4318274.843, 86
Trd, 4318275.643, 90
Trd, 4318276.293, 109
Trd, 4318277.693, 93
Trd, 4318278.743, 89
Trd, 4318280.293, 93
Trd, 4318280.493, 93
Trd, 4318283.943, 93
Trd, 4318284.693, 93
Trd, 4318284.793, 92
Trd, 4318285.243, 93
Trd, 4318290.043, 93
Trd, 4318291.593, 90
Trd, 4318292.043, 93
Trd, 4318295.443, 91
Trd, 4318297.943, 93
Trd, 4318299.493, 92
Trd, 4318301.043, 93
Trd, 4318306.293, 93
Trd, 4318306.693, 92
Trd, 4318308.093, 93
Trd, 4318308.743, 92
Trd, 4318311.443, 92
Trd, 4318312.593, 93
Trd, 4318312.793, 93
Trd, 4318312.843, 94
Trd, 4318314.293, 94
Trd, 4318315.143, 93
Trd, 4318317.943, 93
Trd, 4318319.743, 94
Trd, 4318320.893, 93
Trd, 4318322.443, 92
Trd, 4318323.593, 94
Trd, 4318324.693, 92
Trd, 4318325.093, 94
Trd, 4318327.243, 95
Trd, 4318327.393, 92
Trd, 4318329.393, 93
Trd, 4318330.793, 93
Trd, 4318332.543, 91
Trd, 4318332.643, 94
Trd, 4318335.643, 95
Trd, 4318335.743, 93
Trd, 4318337.443, 91
Trd, 4318339.693, 91
Trd, 4318340.893, 91
Trd, 4318341.843, 91
Trd, 4318342.393, 93
Trd, 4318344.443, 104
Trd, 4318345.743, 103
Trd, 4318345.943, 98
Trd, 4318346.643, 104
Trd, 4318347.543, 103
Trd, 4318350.893, 103
Trd, 4318351.693, 102
Trd, 4318354.043, 102
Trd, 4318355.543, 103
Trd, 4318355.693, 104
Trd, 4318356.743, 100
Trd, 4318358.043, 100
Trd, 4318358.993, 100
Trd, 4318359.393, 101
Trd, 4318359.843, 100
Trd, 4318361.393, 100
Trd, 4318362.743, 100
Trd, 4318363.743, 99
Trd, 4318364.643, 106
Trd, 4318366.643, 98
Trd, 4318367.593, 97
Trd, 4318368.843, 99
Trd, 4318370.493, 99
Trd, 4318370.543, 98
Trd, 4318372.693, 99
Trd, 4318373.393, 99
Trd, 4318376.093, 98
Trd, 4318376.143, 100
Trd, 4318376.393, 99
Trd, 4318381.643, 98
Trd, 4318383.143, 97
Trd, 4318384.293, 98
Trd, 4318385.943, 98
Trd, 4318387.593, 98
Trd, 4318387.643, 96
Trd, 4318389.293, 97
Trd, 4318390.593, 97
Trd, 4318391.093, 96
Trd, 4318394.643, 97
Trd, 4318394.743, 96
Trd, 4318397.993, 97
Trd, 4318398.243, 97
Trd, 4318402.793, 97
Trd, 4318403.193, 96
Trd, 4318405.793, 97
Trd, 4318406.993, 95
Trd, 4318408.543, 97
Trd, 4318408.593, 97
Trd, 4318410.443, 112
Trd, 4318410.693, 104
Trd, 4318412.843, 106
Trd, 4318413.743, 104
Trd, 4318414.643, 102
Trd, 4318416.343, 103
Trd, 4318418.493, 102
Trd, 4318418.743, 101
Trd, 4318419.543, 104
Trd, 4318423.393, 100
Trd, 4318424.043, 102
Trd, 4318427.693, 102
Trd, 4318428.693, 102
Trd, 4318429.093, 102
Trd, 4318429.293, 101
Trd, 4318429.793, 100
Trd, 4318430.693, 99
Trd, 4318436.643, 102
Trd, 4318437.093, 102
Trd, 4318439.643, 102
Trd, 4318440.143, 101
Trd, 4318440.343, 102
Trd, 4318444.993, 103
Trd, 4318445.543, 101
Trd, 4318446.043, 102
Trd, 4318446.893, 102
Trd, 4318447.093, 101
Trd, 4318449.093, 93
Trd, 4318450.493, 92
Trd, 4318452.943, 95
Trd, 4318453.543, 95
Trd, 4318453.943, 95
Trd, 4318455.593, 99
Trd, 4318457.193, 104
Trd, 4318457.293, 98
Trd, 4318458.443, 97
Trd, 4318460.393, 96
Trd, 4318460.793, 95
Trd, 4318460.993, 95
Trd, 4318462.893, 96
Trd, 4318463.243, 98
Trd, 4318464.543, 97
Trd, 4318467.493, 96
Trd, 4318468.193, 98
Trd, 4318469.343, 96
Trd, 4318469.693, 95
Trd, 4318469.743, 95
Trd, 4318470.393, 100
Trd, 4318473.493, 98
Trd, 4318474.193, 97
Trd, 4318477.143, 98
Trd, 4318477.193, 98
Trd, 4318479.193, 97
Trd, 4318480.793, 97
Trd, 4318481.943, 98
Trd, 4318484.093, 97
Trd, 4318485.993, 96
Trd, 4318487.043, 98
Trd, 4318487.893, 98
Trd, 4318488.443, 96
Trd, 4318488.943, 98
Trd, 4318493.143, 98
Trd, 4318493.293, 97
Trd, 4318494.143, 97
Trd, 4318495.443, 96
Trd, 4318497.043, 96
Trd, 4318497.393, 95
Trd, 4318500.143, 96
Trd, 4318503.743, 95
Trd, 4318505.593, 96
Trd, 4318507.293, 96
Trd, 4318507.943, 96
Trd, 4318508.143, 96
Trd, 4318510.093, 95
Trd, 4318512.843, 96
Trd, 4318513.443, 95
Trd, 4318513.543, 94
Trd, 4318515.193, 95
Trd, 4318517.743, 96
Trd, 4318520.193, 95
Trd, 4318521.743, 96
Trd, 4318522.493, 96
Trd, 4318523.093, 95
Trd, 4318523.393, 96
Trd, 4318525.343, 96
Trd, 4318527.693, 96
Trd, 4318529.993, 96
Trd, 4318530.343, 95
Trd, 4318532.843, 95
Trd, 4318532.993, 96
Trd, 4318534.443, 97
Trd, 4318538.293, 96
Trd, 4318539.143, 95
Trd, 4318540.293, 95
Trd, 4318540.993, 96
Trd, 4318543.243, 96
Trd, 4318543.393, 95
Trd, 4318550.243, 96
Trd, 4318550.943, 96
Trd, 4318552.393, 94
Trd, 4318553.843, 96
Trd, 4318554.293, 95
Trd, 4318555.443, 95
Trd, 4318556.093, 94
Trd, 4318557.143, 94
Trd, 4318558.243, 96
Trd, 4318559.143, 104
Trd, 4318559.993, 97
Trd, 4318561.493, 101
Trd, 4318561.993, 98
Trd, 4318562.493, 98
Trd, 4318563.643, 95
Trd, 4318565.593, 95
Trd, 4318567.743, 107
Trd, 4318569.893, 97
Trd, 4318570.943, 95
Trd, 4318571.943, 95
Trd, 4318572.193, 86
Trd, 4318572.943, 93
Trd, 4318574.293, 88
Trd, 4318575.943, 88
Trd, 4318576.693, 93
Trd, 4318578.043, 96
Trd, 4318578.093, 95
Trd, 4318580.393, 91
Trd, 4318581.643, 92
Trd, 4318581.993, 92
Trd, 4318582.093, 93
Trd, 4318586.293, 87
Trd, 4318588.193, 90
Trd, 4318589.193, 90
Trd, 4318590.093, 90
Trd, 4318591.793, 104
Trd, 4318592.193, 101
Trd, 4318593.143, 99
Trd, 4318594.593, 106
Trd, 4318595.443, 95
Trd, 4318597.643, 97
Trd, 4318598.493, 97
Trd, 4318600.743, 96
Trd, 4318602.743, 96
Trd, 4318604.393, 96
Trd, 4318605.943, 96
Trd, 4318606.293, 95
Trd, 4318608.893, 96
Trd, 4318609.193, 95
Trd, 4318613.643, 96
Trd, 4318614.643, 95
Trd, 4318615.443, 94
Trd, 4318617.593, 96
Trd, 4318620.943, 96
Trd, 4318623.643, 96
Trd, 4318623.993, 95
Trd, 4318626.843, 96
Trd, 4318626.993, 94
Trd, 4318628.793, 93
Trd, 4318630.993, 93
Trd, 4318632.093, 93
Trd, 4318632.193, 92
Trd, 4318632.843, 93
Trd, 4318634.243, 91
Trd, 4318634.693, 91
Trd, 4318636.743, 90
Trd, 4318639.343, 91
Trd, 4318640.193, 91
Trd, 4318642.493, 92
Trd, 4318643.093, 91
Trd, 4318643.293, 91
Trd, 4318644.243, 91
Trd, 4318644.443, 90
Trd, 4318647.193, 91
Trd, 4318647.793, 90
Trd, 4318649.643, 91
Trd, 4318650.293, 91
Trd, 4318652.543, 93
Trd, 4318652.893, 92
Trd, 4318654.193, 92
Trd, 4318654.443, 91
Trd, 4318654.643, 95
Trd, 4318656.993, 92
Trd, 4318657.893, 92
Trd, 4318659.743, 105
Trd, 4318661.843, 96
Trd, 4318662.543, 97
Trd, 4318663.443, 97
Trd, 4318664.143, 97
Trd, 4318666.443, 96
Trd, 4318669.393, 97
Trd, 4318669.643, 95
Trd, 4318671.643, 95
Trd, 4318672.893, 97
Trd, 4318674.343, 97
Trd, 4318674.543, 96
Trd, 4318674.643, 97
Trd, 4318676.843, 101
Trd, 4318677.043, 97
Trd, 4318677.293, 97
Trd, 4318679.143, 99
Trd, 4318679.793, 99
Trd, 4318681.793, 98
Trd, 4318683.393, 98
Trd, 4318683.893, 97
Trd, 4318685.393, 98
Trd, 4318685.543, 97
Trd, 4318688.843, 109
Trd, 4318689.043, 100
Trd, 4318690.393, 102
Trd, 4318691.043, 101
Trd, 4318692.143, 99
Trd, 4318694.993, 102
Trd, 4318695.143, 101
Trd, 4318695.843, 95
Trd, 4318696.393, 94
Trd, 4318699.343, 89
Trd, 4318699.943, 87
Trd, 4318701.093, 87
Trd, 4318701.343, 87
Trd, 4318703.043, 88
Trd, 4318704.793, 87
Trd, 4318707.543, 88
Trd, 4318707.943, 88
Trd, 4318708.443, 88
Trd, 4318709.443, 88
Trd, 4318710.643, 87
Trd, 4318713.943, 88
Trd, 4318714.743, 95
Trd, 4318715.393, 88
Trd, 4318716.993, 91
Trd, 4318717.793, 90
Trd, 4318719.043, 92
Trd, 4318719.093, 104
Trd, 4318722.193, 94
Trd, 4318723.293, 107
Trd, 4318723.343, 94
Trd, 4318724.593, 97
Trd, 4318725.443, 115
Trd, 4318728.143, 98
Trd, 4318729.793, 99
Trd, 4318730.893, 98
Trd, 4318731.943, 97
Trd, 4318732.143, 100
Trd, 4318735.193, 99
Trd, 4318738.493, 98
Trd, 4318739.593, 98
Trd, 4318740.443, 98
Trd, 4318741.243, 98
Trd, 4318744.293, 98
Trd, 4318745.243, 97
Trd, 4318745.393, 97
Trd, 4318748.193, 96
Trd, 4318750.193, 98
Trd, 4318754.293, 96
Trd, 4318755.893, 98
Trd, 4318758.243, 98
Trd, 4318758.993, 97
Trd, 4318761.343, 97
Trd, 4318761.943, 96
Trd, 4318765.193, 96
Trd, 4318766.193, 96
Trd, 4318766.543, 95
Trd, 4318766.593, 95
Trd, 4318768.293, 95
Trd, 4318769.343, 95
Trd, 4318769.893, 95
Trd, 4318770.693, 94
Trd, 4318772.643, 95
Trd, 4318772.893, 96
Trd, 4318772.943, 108
Trd, 4318778.743, 95
Trd, 4318779.743, 96
Trd, 4318781.643, 96
Trd, 4318783.443, 95
Trd, 4318783.593, 96
Trd, 4318786.693, 96
Trd, 4318786.943, 96
Trd, 4318787.893, 96
Trd, 4318788.593, 94
Trd, 4318790.743, 96
Trd, 4318791.643, 96
Trd, 4318792.793, 95
Trd, 4318796.093, 96
Trd, 4318796.193, 95
Trd, 4318797.243, 96
Trd, 4318798.993, 96
Trd, 4318799.393, 96
Trd, 4318800.493, 95
Trd, 4318805.593, 96
Trd, 4318805.693, 95
Trd, 4318806.593, 95
Trd, 4318806.693, 95
Trd, 4318807.593, 96
Trd, 4318810.393, 96
Trd, 4318811.393, 95
Trd, 4318811.993, 96
Trd, 4318812.093, 95
Trd, 4318814.193, 96
Trd, 4318814.643, 95
Trd, 4318815.293, 95
Trd, 4318816.293, 96
Trd, 4318819.443, 96
Trd, 4318820.293, 96
Trd, 4318820.743, 101
Trd, 4318820.943, 101
Trd, 4318822.293, 99
Trd, 4318822.593, 95
Trd, 4318824.043, 99
Trd, 4318824.493, 98
Trd, 4318826.543, 99
Trd, 4318827.043, 99
Trd, 4318827.793, 87
Trd, 4318829.943, 95
Trd, 4318829.993, 93
Trd, 4318831.693, 96
Trd, 4318832.643, 96
Trd, 4318835.043, 96
Trd, 4318836.793, 96
Trd, 4318836.993, 95
Trd, 4318838.293, 95
Trd, 4318839.643, 95
Trd, 4318843.343, 96
Trd, 4318844.543, 96
Trd, 4318846.243, 96
Trd, 4318848.993, 95
Trd, 4318849.743, 96
Trd, 4318851.193, 95
Trd, 4318853.843, 95
Trd, 4318855.593, 96
Trd, 4318855.793, 95
Trd, 4318856.843, 96
Trd, 4318858.993, 96
Trd, 4318859.543, 96
Trd, 4318862.043, 96
Trd, 4318862.943, 94
Trd, 4318863.193, 95
Trd, 4318865.043, 95
Trd, 4318866.993, 95
Trd, 4318868.743, 95
Trd, 4318869.293, 95
Trd, 4318870.243, 92
Trd, 4318872.243, 93
Trd, 4318872.743, 94
Trd, 4318873.343, 95
Trd, 4318874.743, 87
Trd, 4318875.043, 90
Trd, 4318875.943, 91
Trd, 4318876.343, 92
Trd, 4318878.793, 94
Trd, 4318880.943, 92
Trd, 4318883.743, 93
Trd, 4318885.493, 95
Trd, 4318885.943, 93
Trd, 4318886.293, 92
Trd, 4318887.593, 93
Trd, 4318888.343, 95
Trd, 4318889.943, 98
Trd, 4318890.643, 107
Trd, 4318891.193, 99
Trd, 4318891.343, 98
Trd, 4318892.743, 100
Trd, 4318893.843, 99
Trd, 4318896.093, 97
Trd, 4318896.343, 96
Trd, 4318896.493, 131
Trd, 4318899.043, 96
Trd, 4318900.393, 101
Trd, 4318901.093, 96
Trd, 4318905.593, 100
Trd, 4318908.343, 99
Trd, 4318909.093, 100
Trd, 4318910.843, 99
Trd, 4318915.143, 100
Trd, 4318915.943, 99
Trd, 4318917.093, 100
Trd, 4318918.543, 99
Trd, 4318918.893, 100
Trd, 4318923.243, 99
Trd, 4318924.343, 99
Trd, 4318924.543, 99
Trd, 4318926.743, 98
Trd, 4318927.943, 98
Trd, 4318929.093, 99
Trd, 4318929.343, 99
Trd, 4318931.693, 97
Trd, 4318934.493, 98
Trd, 4318935.643, 97
Trd, 4318935.743, 98
Trd, 4318937.193, 95
Trd, 4318940.143, 98
Trd, 4318941.693, 98
Trd, 4318944.143, 99
Trd, 4318944.443, 98
Trd, 4318945.393, 98
Trd, 4318949.193, 97
Trd, 4318949.643, 98
Trd, 4318950.693, 97
Trd, 4318952.443, 96
Trd, 4318953.593, 97
Trd, 4318958.293, 96
Trd, 4318958.443, 97
Trd, 4318959.393, 97
Trd, 4318961.893, 96
Trd, 4318962.093, 95
Trd, 4318962.143, 96
Trd, 4318964.543, 96
Trd, 4318965.743, 95
Trd, 4318966.143, 94
Trd, 4318966.693, 96
Trd, 4318967.043, 96
Trd, 4318968.393, 96
Trd, 4318973.043, 95
Trd, 4318975.393, 96
Trd, 4318975.543, 96
Trd, 4318975.593, 95
Trd, 4318979.943, 95
Trd, 4318980.543, 96
Trd, 4318981.293, 95
Trd, 4318981.693, 97
Trd, 4318984.543, 103
Trd, 4318984.593, 102
Trd, 4318985.293, 101
Trd, 4318985.843, 99
Trd, 4318987.443, 99
Trd, 4318988.293, 98
Trd, 4318989.093, 99
Trd, 4318990.443, 101
Trd, 4318993.843, 108
Trd, 4318994.093, 104
Trd, 4318995.293, 102
Trd, 4318996.093, 103
Trd, 4318998.343, 103
Trd, 4318998.393, 104
Trd, 4318999.093, 102
Trd, 4319000.393, 101
Trd, 4319005.793, 102
Trd, 4319006.243, 101
Trd, 4319006.593, 101
Trd, 4319007.343, 100
Trd, 4319009.693, 98
Trd, 4319014.393, 101
Trd, 4319014.593, 100
Trd, 4319016.093, 101
Trd, 4319018.743, 99
Trd, 4319018.893, 100
Trd, 4319020.393, 100
Trd, 4319022.743, 100
Trd, 4319022.943, 99
Trd, 4319023.593, 99
Trd, 4319024.343, 99
Trd, 4319025.743, 99
Trd, 4319027.193, 98
Trd, 4319027.693, 99
Trd, 4319033.893, 99
Trd, 4319035.693, 98
Trd, 4319036.993, 99
Trd, 4319037.993, 99
Trd, 4319039.993, 99
Trd, 4319042.143, 99
Trd, 4319042.593, 99
Trd, 4319043.043, 98
Trd, 4319043.593, 99
Trd, 4319047.843, 97
Trd, 4319048.593, 98
Trd, 4319050.693, 97
Trd, 4319053.743, 96
Trd, 4319053.893, 96
Trd, 4319056.143, 97
Trd, 4319057.193, 96
Trd, 4319057.693, 98
Trd, 4319058.493, 95
Trd, 4319063.643, 97
Trd, 4319063.893, 96
Trd, 4319064.193, 95
Trd, 4319065.493, 94
Trd, 4319068.293, 95
Trd, 4319068.443, 96
Trd, 4319069.793, 95
Trd, 4319070.093, 95
Trd, 4319070.943, 93
Trd, 4319073.293, 95
Trd, 4319074.943, 93
Trd, 4319076.593, 95
Trd, 4319077.943, 95
Trd, 4319078.193, 96
Trd, 4319081.093, 96
Trd, 4319082.143, 95
Trd, 4319082.393, 96
Trd, 4319084.893, 94
Trd, 4319085.343, 95
Trd, 4319085.743, 95
Trd, 4319085.943, 95
Trd, 4319088.293, 103
Trd, 4319088.543, 96
Trd, 4319089.393, 96
Trd, 4319090.193, 97
Trd, 4319093.493, 96
Trd, 4319094.193, 96
Trd, 4319094.593, 96
Trd, 4319095.843, 96
Trd, 4319096.943, 95
Trd, 4319097.893, 96
Trd, 4319098.343, 96
Trd, 4319099.393, 94
Trd, 4319100.443, 95
Trd, 4319102.593, 95
Trd, 4319102.993, 93
Trd, 4319103.743, 91
Trd, 4319104.493, 92
Trd, 4319106.493, 91
Trd, 4319107.943, 92
Trd, 4319109.343, 93
Trd, 4319110.293, 93
Trd, 4319112.393, 95
Trd, 4319112.993, 96
Trd, 4319113.043, 96
Trd, 4319113.343, 105
Trd, 4319114.193, 99
Trd, 4319116.843, 97
Trd, 4319119.643, 96
Trd, 4319120.993, 96
Trd, 4319124.143, 97
Trd, 4319126.093, 97
Trd, 4319127.393, 96
Trd, 4319129.443, 97
Trd, 4319129.593, 96
Trd, 4319130.593, 97
Trd, 4319130.743, 96
Trd, 4319135.193, 106
Trd, 4319135.243, 98
Trd, 4319135.793, 98
Trd, 4319138.343, 101
Trd, 4319139.893, 101
Trd, 4319140.543, 100
Trd, 4319141.743, 101
Trd, 4319142.543, 99
Trd, 4319143.193, 100
Trd, 4319143.493, 114
Trd, 4319143.543, 98
Trd, 4319145.343, 97
Trd, 4319145.393, 107
Trd, 4319148.193, 91
Trd, 4319148.743, 92
Trd, 4319149.593, 95
Trd, 4319150.193, 95
Trd, 4319151.743, 95
Trd, 4319152.493, 94
Trd, 4319152.593, 108
Trd, 4319154.643, 100
Trd, 4319155.193, 99
Trd, 4319157.093, 97
Trd, 4319158.543, 97
Trd, 4319158.843, 98
Trd, 4319159.443, 87
Trd, 4319159.543, 97
Trd, 4319163.993, 95
Trd, 4319164.543, 93
Trd, 4319165.043, 95
Trd, 4319166.843, 95
Trd, 4319167.393, 98
Trd, 4319167.693, 97
Trd, 4319167.743, 104
Trd, 4319169.993, 98
Trd, 4319170.043, 100
Trd, 4319170.143, 97
Trd, 4319173.793, 98
Trd, 4319176.043, 100
Trd, 4319176.093, 99
Trd, 4319177.943, 97
Trd, 4319178.893, 89
Trd, 4319180.243, 88
Trd, 4319180.993, 89
Trd, 4319183.193, 84
Trd, 4319183.893, 86
Trd, 4319187.243, 92
Trd, 4319188.293, 90
Trd, 4319189.343, 90
Trd, 4319189.493, 93
Trd, 4319192.043, 90
Trd, 4319192.743, 91
Trd, 4319193.593, 91
Trd, 4319195.393, 92
Trd, 4319196.243, 89
Trd, 4319197.343, 95
Trd, 4319198.693, 96
Trd, 4319199.693, 95
Trd, 4319200.943, 95
Trd, 4319201.393, 91
Trd, 4319202.393, 93
Trd, 4319204.243, 92
Trd, 4319204.443, 95
Trd, 4319206.843, 94
Trd, 4319209.343, 94
Trd, 4319209.543, 93
Trd, 4319210.543, 94
Trd, 4319210.743, 95
Trd, 4319211.493, 91
Trd, 4319212.243, 95
Trd, 4319216.543, 92
Trd, 4319217.893, 94
Trd, 4319217.993, 94
Trd, 4319221.893, 93
Trd, 4319224.343, 94
Trd, 4319225.843, 94
Trd, 4319226.343, 95
Trd, 4319229.843, 95
Trd, 4319230.043, 95
Trd, 4319230.643, 95
Trd, 4319231.093, 94
Trd, 4319232.243, 93
Trd, 4319234.243, 94
Trd, 4319234.893, 94
Trd, 4319236.793, 94
Trd, 4319236.893, 94
Trd, 4319237.943, 94
Trd, 4319241.743, 94
Trd, 4319242.243, 94
Trd, 4319244.393, 93
Trd, 4319246.543, 94
Trd, 4319247.693, 94
Trd, 4319249.793, 92
Trd, 4319251.293, 94
Trd, 4319252.743, 93
Trd, 4319253.393, 94
Trd, 4319254.093, 114
Trd, 4319254.843, 93
Trd, 4319257.893, 96
Trd, 4319260.393, 96
Trd, 4319261.193, 96
Trd, 4319262.443, 96
Trd, 4319262.993, 95
Trd, 4319264.593, 95
Trd, 4319264.693, 95
Trd, 4319264.843, 94
Trd, 4319269.843, 96
Trd, 4319270.293, 121
Trd, 4319270.643, 95
Trd, 4319273.893, 98
Trd, 4319274.643, 95
Trd, 4319275.943, 97
Trd, 4319278.943, 96
Trd, 4319280.043, 97
Trd, 4319280.643, 95
Trd, 4319281.693, 97
Trd, 4319286.043, 96
Trd, 4319286.393, 97
Trd, 4319286.593, 97
Trd, 4319286.793, 98
Trd, 4319288.843, 97
Trd, 4319288.943, 96
Trd, 4319289.693, 95
Trd, 4319292.793, 97
Trd, 4319294.943, 94
Trd, 4319300.843, 97
Trd, 4319301.043, 97
Trd, 4319301.593, 95
Trd, 4319305.243, 97
Trd, 4319306.643, 97
Trd, 4319306.843, 95
Trd, 4319311.243, 97
Trd, 4319311.643, 95
Trd, 4319315.143, 96
Trd, 4319315.743, 96
Trd, 4319316.293, 96
Trd, 4319320.943, 96
Trd, 4319321.293, 95
Trd, 4319321.993, 96
Trd, 4319322.293, 94
Trd, 4319322.543, 96
Trd, 4319328.193, 96
Trd, 4319328.243, 95
Trd, 4319330.193, 95
Trd, 4319331.843, 95
Trd, 4319332.143, 95
Trd, 4319332.543, 94
Trd, 4319333.993, 93
Trd, 4319336.443, 95
Trd, 4319337.293, 95
Trd, 4319338.443, 95
Trd, 4319339.693, 100
Trd, 4319339.793, 111
Trd, 4319341.593, 101
Trd, 4319342.743, 101
Trd, 4319343.393, 98
Trd, 4319344.243, 97
Trd, 4319348.443, 99
Trd, 4319348.493, 101
Trd, 4319351.243, 98
Trd, 4319351.343, 97
Trd, 4319352.443, 99
Trd, 4319353.043, 99
Trd, 4319353.893, 99
Trd, 4319354.043, 95
Trd, 4319357.543, 98
Trd, 4319358.143, 97
Trd, 4319360.043, 98
Trd, 4319360.443, 97
Trd, 4319360.843, 97
Trd, 4319362.293, 97
Trd, 4319363.443, 97
Trd, 4319365.193, 97
Trd, 4319367.743, 98
Trd, 4319367.943, 97
Trd, 4319369.143, 97
Trd, 4319370.243, 104
Trd, 4319372.193, 100
Trd, 4319372.393, 96
Trd, 4319375.043, 98
Trd, 4319376.193, 98
Trd, 4319378.093, 97
Trd, 4319381.243, 96
Trd, 4319381.543, 98
Trd, 4319383.143, 98
Trd, 4319384.693, 97
Trd, 4319386.693, 96
Trd, 4319388.993, 97
Trd, 4319389.093, 97
Trd, 4319389.643, 94
Trd, 4319390.943, 97
Trd, 4319392.743, 96
Trd, 4319393.543, 97
Trd, 4319394.643, 95
Trd, 4319396.993, 96
Trd, 4319399.243, 96
Trd, 4319399.343, 95
Trd, 4319399.493, 95
Trd, 4319400.043, 97
Trd, 4319400.993, 95
Trd, 4319403.593, 98
Trd, 4319403.893, 99
Trd, 4319404.043, 98
Trd, 4319406.593, 105
Trd, 4319407.693, 97
Trd, 4319409.093, 98
Trd, 4319410.643, 98
Trd, 4319412.593, 98
Trd, 4319413.243, 98
Trd, 4319414.093, 97
Trd, 4319417.493, 98
Trd, 4319418.843, 99
Trd, 4319419.193, 97
Trd, 4319419.943, 96
Trd, 4319420.593, 96
Trd, 4319421.243, 96
Trd, 4319422.193, 86
Trd, 4319423.243, 90
Trd, 4319424.543, 88
Trd, 4319425.393, 87
Trd, 4319427.693, 90
Trd, 4319428.193, 92
Trd, 4319429.143, 103
Trd, 4319429.243, 102
Trd, 4319431.243, 115
Trd, 4319432.393, 104
Trd, 4319432.693, 103
Trd, 4319433.793, 131
Trd, 4319434.593, 103
Trd, 4319435.043, 109
Trd, 4319438.493, 102
Trd, 4319439.543, 102
Trd, 4319440.193, 101
Trd, 4319440.793, 101
Trd, 4319441.243, 103
Trd, 4319443.493, 91
Trd, 4319444.093, 93
Trd, 4319444.193, 92
Trd, 4319447.393, 91
Trd, 4319448.093, 92
Trd, 4319448.593, 91
Trd, 4319449.943, 94
Trd, 4319451.093, 95
Trd, 4319451.343, 95
Trd, 4319452.743, 99
Trd, 4319453.343, 97
Trd, 4319454.543, 97
Trd, 4319455.343, 97
Trd, 4319456.493, 98
Trd, 4319458.993, 98
Trd, 4319459.243, 97
Trd, 4319460.443, 96
Trd, 4319466.593, 96
Trd, 4319468.243, 96
Trd, 4319470.593, 95
Trd, 4319473.643, 96
Trd, 4319474.043, 95
Trd, 4319474.593, 96
Trd, 4319475.293, 95
Trd, 4319475.793, 96
Trd, 4319477.693, 96
Trd, 4319479.043, 96
Trd, 4319479.493, 94
Trd, 4319482.893, 96
Trd, 4319485.643, 95
Trd, 4319487.543, 96
Trd, 4319488.393, 96
Trd, 4319489.943, 95
Trd, 4319493.493, 95
Trd, 4319494.943, 96
Trd, 4319495.193, 95
Trd, 4319495.293, 94
Trd, 4319497.743, 95
Trd, 4319498.643, 95
Trd, 4319499.443, 94
Trd, 4319504.393, 95
Trd, 4319504.493, 94
Trd, 4319505.593, 95
Trd, 4319506.143, 94
Trd, 4319506.393, 95
Trd, 4319509.243, 107
Trd, 4319510.693, 96
Trd, 4319511.543, 101
Trd, 4319511.943, 100
Trd, 4319514.243, 96
Trd, 4319514.443, 99
Trd, 4319515.243, 97
Trd, 4319515.593, 99
Trd, 4319517.743, 100
Trd, 4319518.093, 100
Trd, 4319518.343, 99
Trd, 4319519.843, 98
Trd, 4319521.843, 100
Trd, 4319523.493, 99
Trd, 4319524.643, 98
Trd, 4319525.743, 106
Trd, 4319526.793, 103
Trd, 4319527.393, 114
Trd, 4319529.993, 110
Trd, 4319530.193, 109
Trd, 4319530.593, 103
Trd, 4319532.393, 110
Trd, 4319533.143, 102
Trd, 4319535.943, 105
Trd, 4319537.093, 104
Trd, 4319537.593, 104
Trd, 4319538.893, 104
Trd, 4319538.993, 95
Trd, 4319542.543, 100
Trd, 4319544.243, 99
Trd, 4319546.793, 99
Trd, 4319547.493, 98
Trd, 4319548.793, 99
Trd, 4319549.543, 99
Trd, 4319550.993, 98
Trd, 4319551.543, 99
Trd, 4319552.493, 98
Trd, 4319553.443, 100
Trd, 4319555.543, 99
Trd, 4319556.693, 99
Trd, 4319559.043, 99
Trd, 4319559.593, 97
Trd, 4319562.493, 98
Trd, 4319563.993, 98
Trd, 4319564.243, 97
Trd, 4319564.543, 97
Trd, 4319566.943, 96
Trd, 4319569.493, 95
Trd, 4319569.893, 97
Trd, 4319574.043, 97
Trd, 4319575.193, 97
Trd, 4319575.593, 97
Trd, 4319575.793, 95
Trd, 4319577.793, 97
Trd, 4319582.793, 96
Trd, 4319582.943, 97
Trd, 4319583.993, 96
Trd, 4319585.093, 96
Trd, 4319586.043, 96
Trd, 4319586.493, 95
Trd, 4319588.193, 95
Trd, 4319589.393, 96
Trd, 4319592.493, 96
Trd, 4319593.293, 95
Trd, 4319594.293, 96
Trd, 4319595.443, 94
Trd, 4319598.543, 96
Trd, 4319601.693, 95
Trd, 4319602.693, 95
Trd, 4319603.093, 96
Trd, 4319605.993, 95
Trd, 4319607.293, 96
Trd, 4319609.593, 96
Trd, 4319609.993, 93
Trd, 4319610.893, 93
Trd, 4319611.993, 93
Trd, 4319613.093, 93
Trd, 4319614.393, 92
Trd, 4319614.993, 94
Trd, 4319615.893, 106
Trd, 4319619.093, 96
Trd, 4319619.543, 95
Trd, 4319619.693, 95
Trd, 4319620.943, 89
Trd, 4319622.143, 89
Trd, 4319625.393, 88
Trd, 4319625.743, 86
Trd, 4319628.193, 87
Trd, 4319628.693, 88
Trd, 4319629.243, 108
Trd, 4319630.943, 96
Trd, 4319631.043, 95
Trd, 4319631.293, 95
Trd, 4319632.693, 98
Trd, 4319633.793, 95
Trd, 4319634.193, 96
Trd, 4319635.543, 90
Trd, 4319636.993, 94
Trd, 4319638.393, 94
Trd, 4319638.543, 94
Trd, 4319640.043, 94
Trd, 4319642.143, 94
Trd, 4319642.643, 95
Trd, 4319643.443, 94
Trd, 4319644.593, 94
Trd, 4319644.993, 95
Trd, 4319646.093, 95
Trd, 4319646.293, 108
Trd, 4319647.693, 95
Trd, 4319649.643, 96
Trd, 4319650.493, 97
Trd, 4319651.693, 95
Trd, 4319652.643, 94
Trd, 4319655.193, 96
Trd, 4319656.243, 96
Trd, 4319657.693, 93
Trd, 4319658.393, 92
Trd, 4319658.443, 96
Trd, 4319659.143, 94
Trd, 4319659.793, 94
Trd, 4319660.843, 95
Trd, 4319662.193, 95
Trd, 4319662.993, 95
Trd, 4319664.543, 115
Trd, 4319664.993, 94
Trd, 4319666.193, 104
Trd, 4319666.343, 113
Trd, 4319666.443, 101
Trd, 4319668.393, 101
Trd, 4319669.193, 101
Trd, 4319670.493, 95
Trd, 4319670.843, 94
Trd, 4319672.643, 99
Trd, 4319673.043, 97
Trd, 4319676.093, 97
Trd, 4319676.543, 97
Trd, 4319679.243, 98
Trd, 4319681.143, 98
Trd, 4319681.693, 98
Trd, 4319683.243, 97
Trd, 4319685.143, 96
Trd, 4319685.243, 98
Trd, 4319687.243, 95
Trd, 4319693.343, 98
Trd, 4319693.393, 98
Trd, 4319693.893, 96
Trd, 4319697.893, 98
Trd, 4319698.143, 95
Trd, 4319699.393, 98
Trd, 4319700.693, 95
Trd, 4319703.643, 98
Trd, 4319703.943, 98
Trd, 4319707.643, 97
Trd, 4319708.643, 98
Trd, 4319709.093, 98
Trd, 4319711.543, 98
Trd, 4319712.443, 98
Trd, 4319712.543, 97
Trd, 4319715.193, 96
Trd, 4319718.593, 98
Trd, 4319718.693, 98
Trd, 4319719.243, 95
Trd, 4319720.393, 98
Trd, 4319722.293, 98
Trd, 4319723.193, 98
Trd, 4319724.843, 97
Trd, 4319725.193, 97
Trd, 4319726.643, 95
Trd, 4319726.843, 95
Trd, 4319730.593, 97
Trd, 4319731.593, 96
Trd, 4319733.143, 95
Trd, 4319733.993, 95
Trd, 4319735.493, 93
Trd, 4319738.943, 95
Trd, 4319739.243, 93
Trd, 4319744.193, 95
Trd, 4319744.243, 95
Trd, 4319745.493, 94
Trd, 4319746.493, 94
Trd, 4319747.393, 105
Trd, 4319751.143, 96
Trd, 4319752.043, 95
Trd, 4319752.643, 95
Trd, 4319753.293, 94
Trd, 4319755.943, 101
Trd, 4319756.343, 96
Trd, 4319756.393, 96
Trd, 4319756.643, 98
Trd, 4319758.443, 96
Trd, 4319761.443, 95
Trd, 4319762.043, 96
Trd, 4319762.193, 96
Trd, 4319763.993, 97
Trd, 4319764.743, 96
Trd, 4319765.643, 112
Trd, 4319769.493, 95
Trd, 4319772.393, 98
Trd, 4319773.143, 98
Trd, 4319775.343, 97
Trd, 4319776.793, 98
Trd, 4319777.043, 98
Trd, 4319779.193, 97
Trd, 4319780.393, 96
Trd, 4319781.643, 98
Trd, 4319782.593, 97
Trd, 4319783.793, 98
Trd, 4319784.243, 98
Trd, 4319788.643, 98
Trd, 4319789.343, 97
Trd, 4319789.893, 98
Trd, 4319790.493, 97
Trd, 4319794.143, 98
Trd, 4319796.493, 97
Trd, 4319797.243, 96
Trd, 4319798.143, 98
Trd, 4319800.693, 98
Trd, 4319802.693, 98
Trd, 4319803.543, 97
Trd, 4319804.143, 98
Trd, 4319805.593, 97
Trd, 4319806.293, 98
Trd, 4319807.043, 98
Trd, 4319809.793, 97
Trd, 4319812.893, 98
Trd, 4319813.293, 96
Trd, 4319813.593, 97
Trd, 4319814.843, 97
Trd, 4319815.293, 96
Trd, 4319818.193, 97
Trd, 4319818.693, 98
Trd, 4319820.543, 95
Trd, 4319823.293, 95
Trd, 4319828.193, 96
Trd, 4319831.293, 97
Trd, 4319831.893, 96
Trd, 4319832.593, 96
Trd, 4319832.793, 96
Trd, 4319833.943, 102
Trd, 4319834.943, 103
Trd, 4319835.843, 102
Trd, 4319837.543, 96
Trd, 4319838.843, 94
Trd, 4319839.193, 91
Trd, 4319840.743, 94
Trd, 4319842.393, 95
Trd, 4319843.143, 92
Trd, 4319845.193, 93
Trd, 4319845.293, 93
Trd, 4319845.993, 95
Trd, 4319849.893, 93
Trd, 4319850.393, 95
Trd, 4319850.943, 93
Trd, 4319851.043, 86
Trd, 4319853.743, 90
Trd, 4319854.843, 93
Trd, 4319856.393, 93
Trd, 4319858.493, 92
Trd, 4319859.243, 92
Trd, 4319860.793, 92
Trd, 4319861.893, 93
Trd, 4319864.293, 93
Trd, 4319864.343, 94
Trd, 4319865.793, 95
Trd, 4319865.943, 95
Trd, 4319867.193, 95
Trd, 4319868.693, 97
Trd, 4319869.993, 96
Trd, 4319871.493, 131
Trd, 4319872.143, 100
Trd, 4319872.343, 99
Trd, 4319876.593, 92
Trd, 4319877.543, 93
Trd, 4319878.193, 93
Trd, 4319879.093, 97
Trd, 4319880.443, 96
Trd, 4319882.393, 96
Trd, 4319883.643, 96
Trd, 4319883.893, 95
Trd, 4319884.493, 96
Trd, 4319887.393, 97
Trd, 4319889.343, 95
Trd, 4319890.193, 96
Trd, 4319892.043, 96
Trd, 4319892.093, 95
Trd, 4319895.493, 94
Trd, 4319896.943, 95
Trd, 4319897.293, 96
Trd, 4319898.093, 97
Trd, 4319899.393, 96
Trd, 4319899.893, 97
Trd, 4319900.443, 97
Trd, 4319901.093, 115
Trd, 4319901.143, 96
Trd, 4319904.443, 96
Trd, 4319906.793, 98
Trd, 4319907.443, 95
Trd, 4319908.943, 98
Trd, 4319912.143, 98
Trd, 4319914.393, 97
Trd, 4319914.443, 98
Trd, 4319919.243, 97
Trd, 4319919.643, 96
Trd, 4319920.543, 95
Trd, 4319921.293, 94
Trd, 4319921.843, 97
Trd, 4319925.443, 94
Trd, 4319927.593, 96
Trd, 4319928.593, 95
Trd, 4319930.393, 96
Trd, 4319932.993, 96
Trd, 4319933.693, 95
Trd, 4319935.193, 95
Trd, 4319935.843, 95
Trd, 4319936.543, 94
Trd, 4319936.793, 95
Trd, 4319938.643, 98
Trd, 4319939.493, 104
Trd, 4319939.993, 99
Trd, 4319942.293, 101
Trd, 4319943.343, 111
Trd, 4319944.693, 99
Trd, 4319945.293, 99
Trd, 4319946.093, 101
Trd, 4319947.593, 99
Trd, 4319949.893, 98
Trd, 4319950.093, 97
Trd, 4319952.893, 97
Trd, 4319953.593, 105
Trd, 4319955.293, 97
Trd, 4319957.643, 95
Trd, 4319958.793, 96
Trd, 4319958.893, 96
Trd, 4319959.193, 95
Trd, 4319960.393, 96
Trd, 4319963.143, 95
Trd, 4319964.643, 95
Trd, 4319965.843, 96
Trd, 4319967.093, 95
Trd, 4319968.143, 96
Trd, 4319969.743, 96
Trd, 4319969.893, 96
Trd, 4319971.943, 96
Trd, 4319973.493, 95
Trd, 4319973.643, 95
Trd, 4319975.393, 95
Trd, 4319975.493, 94
Trd, 4319978.043, 95
Trd, 4319979.493, 95
Trd, 4319979.893, 96
Trd, 4319980.043, 95
Trd, 4319982.093, 93
Trd, 4319983.193, 95
Trd, 4319983.943, 95
Trd, 4319984.393, 129
Trd, 4319986.193, 95
Trd, 4319986.893, 99
Trd, 4319988.793, 100
Trd, 4319990.293, 99
Trd, 4319990.993, 98
Trd, 4319992.543, 97
Trd, 4319994.543, 107
Trd, 4319994.793, 100
Trd, 4319996.943, 100
Trd, 4319997.293, 101
Trd, 4319998.993, 95
