Trd, 4317789.343, 84
Trd, 4317790.193, 83
Trd, 4317791.293, 82
Trd, 4317792.793, 83
Trd, 4317796.493, 81
Trd, 4317800.393, 82
Trd, 4317800.443, 83
Trd, 4317803.543, 82
Trd, 4317805.443, 83
Trd, 4317807.343, 81
Trd, 4317812.693, 82
Trd, 4317812.943, 84
Trd, 4317814.043, 83
Trd, 4317816.743, 83
Trd, 4317816.793, 90
Trd, 4317819.793, 87
Trd, 4317822.643, 91
Trd, 4317822.793, 87
Trd, 4317824.143, 87
Trd, 4317826.743, 100
Trd, 4317827.893, 95
Trd, 4317829.043, 94
Trd, 4317829.593, 97
Trd, 4317833.243, 93
Trd, 4317835.693, 92
Trd, 4317836.093, 92
Trd, 4317836.843, 92
Trd, 4317837.143, 94
Trd, 4317839.193, 92
Trd, 4317839.643, 91
Trd, 4317839.943, 91
Trd, 4317840.843, 103
Trd, 4317847.143, 90
Trd, 4317847.993, 90
Trd, 4317850.893, 91
Trd, 4317853.193, 89
Trd, 4317853.843, 89
Trd, 4317854.193, 89
Trd, 4317858.693, 89
Trd, 4317858.743, 88
Trd, 4317861.793, 88
Trd, 4317862.043, 88
Trd, 4317864.643, 87
Trd, 4317865.443, 86
Trd, 4317865.543, 88
Trd, 4317868.193, 86
Trd, 4317873.843, 86
Trd, 4317875.193, 85
Trd, 4317875.393, 85
Trd, 4317875.793, 87
Trd, 4317878.593, 91
Trd, 4317879.843, 91
Trd, 4317880.443, 91
Trd, 4317880.593, 91
Trd, 4317884.143, 104
Trd, 4317885.993, 91
Trd, 4317889.193, 94
Trd, 4317890.393, 90
Trd, 4317891.443, 93
Trd, 4317893.043, 90
Trd, 4317896.143, 89
Trd, 4317899.643, 90
Trd, 4317899.943, 91
Trd, 4317903.643, 88
Trd, 4317904.693, 87
Trd, 4317905.693, 87
Trd, 4317906.743, 87
Trd, 4317907.693, 88
Trd, 4317910.993, 102
Trd, 4317918.743, 86
Trd, 4317918.893, 86
Trd, 4317919.343, 87
Trd, 4317921.743, 86
Trd, 4317922.143, 86
Trd, 4317922.543, 87
Trd, 4317924.993, 85
Trd, 4317929.493, 86
Trd, 4317929.993, 85
Trd, 4317932.443, 85
Trd, 4317933.293, 84
Trd, 4317936.493, 93
Trd, 4317937.943, 93
Trd, 4317939.793, 98
Trd, 4317939.843, 93
Trd, 4317941.993, 92
Trd, 4317943.143, 94
Trd, 4317944.443, 93
Trd, 4317948.393, 93
Trd, 4317949.793, 92
Trd, 4317950.343, 92
Trd, 4317951.143, 92
Trd, 4317953.393, 93
Trd, 4317954.543, 95
Trd, 4317957.243, 91
Trd, 4317958.793, 105
Trd, 4317962.693, 95
Trd, 4317965.043, 90
Trd, 4317966.093, 90
Trd, 4317968.743, 89
Trd, 4317969.293, 89
Trd, 4317970.043, 89
Trd, 4317971.793, 91
Trd, 4317973.743, 95
Trd, 4317975.643, 95
Trd, 4317975.793, 95
Trd, 4317975.843, 96
Trd, 4317979.843, 94
Trd, 4317980.693, 94
Trd, 4317980.743, 94
Trd, 4317981.693, 94
Trd, 4317981.793, 95
Trd, 4317984.243, 94
Trd, 4317984.293, 95
Trd, 4317986.793, 95
Trd, 4317988.543, 112
Trd, 4317988.843, 102
Trd, 4317991.893, 103
Trd, 4317992.293, 103
Trd, 4317992.493, 100
Trd, 4317994.693, 103
Trd, 4317996.143, 101
Trd, 4317996.843, 101
Trd, 4317997.443, 100
Trd, 4317999.743, 101
Trd, 4318000.443, 99
Trd, 4318001.243, 98
Trd, 4318002.593, 97
Trd, 4318006.443, 96
Trd, 4318006.743, 99
Trd, 4318010.743, 96
Trd, 4318010.793, 95
Trd, 4318012.593, 95
Trd, 4318013.893, 94
Trd, 4318014.243, 95
Trd, 4318014.393, 95
Trd, 4318018.043, 98
Trd, 4318020.293, 98
Trd, 4318020.443, 102
Trd, 4318022.693, 100
Trd, 4318022.843, 108
Trd, 4318024.193, 100
Trd, 4318024.493, 100
Trd, 4318025.993, 99
Trd, 4318028.543, 98
Trd, 4318029.443, 95
Trd, 4318029.593, 97
Trd, 4318031.993, 96
Trd, 4318032.493, 96
Trd, 4318033.893, 95
Trd, 4318033.993, 95
Trd, 4318036.143, 94
Trd, 4318036.643, 94
Trd, 4318036.943, 94
Trd, 4318037.043, 95
Trd, 4318038.893, 93
Trd, 4318040.743, 94
Trd, 4318043.493, 94
Trd, 4318043.993, 102
Trd, 4318045.143, 93
Trd, 4318046.343, 93
Trd, 4318048.043, 93
Trd, 4318051.543, 94
Trd, 4318052.193, 93
Trd, 4318052.893, 93
Trd, 4318053.243, 93
Trd, 4318055.043, 93
Trd, 4318056.443, 104
Trd, 4318058.593, 95
Trd, 4318060.343, 93
Trd, 4318062.593, 93
Trd, 4318065.193, 93
Trd, 4318065.443, 93
Trd, 4318067.693, 94
Trd, 4318069.193, 94
Trd, 4318074.743, 92
Trd, 4318075.143, 93
Trd, 4318075.493, 92
Trd, 4318076.193, 92
Trd, 4318078.493, 92
Trd, 4318078.793, 95
Trd, 4318081.143, 91
Trd, 4318081.393, 91
Trd, 4318085.543, 91
Trd, 4318087.143, 92
Trd, 4318088.393, 91
Trd, 4318091.093, 91
Trd, 4318091.743, 91
Trd, 4318092.793, 90
Trd, 4318096.193, 90
Trd, 4318096.393, 91
Trd, 4318098.893, 89
Trd, 4318102.493, 90
Trd, 4318103.393, 88
Trd, 4318103.643, 88
Trd, 4318104.893, 88
Trd, 4318106.943, 88
Trd, 4318108.643, 88
Trd, 4318108.743, 89
Trd, 4318111.693, 87
Trd, 4318113.493, 87
Trd, 4318116.343, 86
Trd, 4318117.993, 87
Trd, 4318118.293, 87
Trd, 4318119.093, 86
Trd, 4318120.093, 87
Trd, 4318122.643, 93
Trd, 4318124.743, 93
Trd, 4318125.193, 93
Trd, 4318126.043, 94
Trd, 4318126.393, 94
Trd, 4318128.443, 93
Trd, 4318131.343, 103
Trd, 4318131.743, 99
Trd, 4318131.893, 99
Trd, 4318133.693, 99
Trd, 4318134.043, 98
Trd, 4318135.693, 98
Trd, 4318136.943, 98
Trd, 4318138.243, 99
Trd, 4318139.493, 112
Trd, 4318141.843, 98
Trd, 4318144.843, 97
Trd, 4318145.443, 97
Trd, 4318146.393, 97
Trd, 4318147.943, 96
Trd, 4318148.293, 94
Trd, 4318150.743, 94
Trd, 4318150.843, 95
Trd, 4318154.143, 93
Trd, 4318155.543, 94
Trd, 4318158.043, 92
Trd, 4318159.443, 93
Trd, 4318160.593, 92
Trd, 4318162.493, 91
Trd, 4318164.593, 91
Trd, 4318166.443, 91
Trd, 4318167.293, 90
Trd, 4318167.343, 90
Trd, 4318168.943, 91
Trd, 4318170.293, 109
Trd, 4318173.293, 91
Trd, 4318173.493, 91
Trd, 4318174.943, 92
Trd, 4318179.143, 90
Trd, 4318179.193, 89
Trd, 4318183.043, 88
Trd, 4318183.343, 89
Trd, 4318185.843, 87
Trd, 4318186.843, 87
Trd, 4318189.093, 89
Trd, 4318191.043, 107
Trd, 4318193.643, 87
Trd, 4318194.993, 88
Trd, 4318197.393, 87
Trd, 4318198.043, 87
Trd, 4318200.943, 87
Trd, 4318201.493, 86
Trd, 4318204.693, 86
Trd, 4318206.593, 87
Trd, 4318208.943, 85
Trd, 4318209.693, 86
Trd, 4318213.743, 85
Trd, 4318216.093, 86
Trd, 4318217.443, 85
Trd, 4318219.993, 84
Trd, 4318220.643, 84
Trd, 4318221.893, 85
Trd, 4318222.543, 85
Trd, 4318227.743, 84
Trd, 4318229.343, 83
Trd, 4318229.393, 83
Trd, 4318229.993, 85
Trd, 4318231.543, 85
Trd, 4318231.993, 92
Trd, 4318236.043, 85
Trd, 4318237.443, 86
Trd, 4318238.793, 85
Trd, 4318244.393, 85
Trd, 4318244.543, 86
Trd, 4318249.643, 84
Trd, 4318249.743, 84
Trd, 4318250.693, 85
Trd, 4318253.343, 87
Trd, 4318254.543, 87
Trd, 4318254.743, 88
Trd, 4318258.043, 97
Trd, 4318262.743, 87
Trd, 4318262.793, 88
Trd, 4318264.193, 87
Trd, 4318264.643, 88
Trd, 4318268.243, 87
Trd, 4318269.243, 87
Trd, 4318269.943, 87
Trd, 4318272.593, 88
Trd, 4318273.943, 92
Trd, 4318274.693, 87
Trd, 4318276.943, 87
Trd, 4318279.643, 87
Trd, 4318282.343, 86
Trd, 4318284.543, 85
Trd, 4318285.193, 86
Trd, 4318285.643, 85
Trd, 4318288.093, 85
Trd, 4318288.843, 86
Trd, 4318293.793, 84
Trd, 4318295.343, 85
Trd, 4318298.143, 83
Trd, 4318298.793, 83
Trd, 4318300.493, 95
Trd, 4318303.993, 86
Trd, 4318308.093, 83
Trd, 4318308.543, 84
Trd, 4318308.893, 83
Trd, 4318309.993, 95
Trd, 4318314.293, 95
Trd, 4318314.943, 92
Trd, 4318316.343, 92
Trd, 4318316.643, 92
Trd, 4318318.193, 89
Trd, 4318318.843, 89
Trd, 4318319.143, 89
Trd, 4318321.843, 88
Trd, 4318322.643, 92
Trd, 4318324.443, 101
Trd, 4318328.093, 95
Trd, 4318328.543, 96
Trd, 4318328.993, 96
Trd, 4318330.043, 95
Trd, 4318331.293, 102
Trd, 4318334.093, 95
Trd, 4318334.343, 95
Trd, 4318335.693, 95
Trd, 4318338.843, 96
Trd, 4318339.393, 95
Trd, 4318340.443, 94
Trd, 4318340.993, 95
Trd, 4318344.593, 93
Trd, 4318345.443, 92
Trd, 4318346.393, 92
Trd, 4318348.043, 93
Trd, 4318349.693, 91
Trd, 4318353.793, 91
Trd, 4318355.193, 90
Trd, 4318355.843, 91
Trd, 4318356.693, 89
Trd, 4318361.793, 88
Trd, 4318362.893, 89
Trd, 4318366.893, 87
Trd, 4318367.893, 88
Trd, 4318367.943, 87
Trd, 4318368.943, 87
Trd, 4318371.293, 91
Trd, 4318373.493, 92
Trd, 4318373.693, 96
Trd, 4318374.943, 92
Trd, 4318375.493, 91
Trd, 4318376.293, 91
Trd, 4318376.793, 91
Trd, 4318377.893, 91
Trd, 4318378.143, 95
Trd, 4318382.793, 112
Trd, 4318384.593, 104
Trd, 4318384.893, 103
Trd, 4318385.193, 103
Trd, 4318387.243, 102
Trd, 4318388.793, 101
Trd, 4318389.693, 100
Trd, 4318390.793, 100
Trd, 4318392.443, 99
Trd, 4318392.943, 99
Trd, 4318395.043, 99
Trd, 4318398.593, 98
Trd, 4318399.993, 99
Trd, 4318400.043, 98
Trd, 4318401.443, 98
Trd, 4318403.593, 98
Trd, 4318404.193, 97
Trd, 4318405.893, 96
Trd, 4318407.443, 96
Trd, 4318408.693, 96
Trd, 4318410.643, 97
Trd, 4318413.093, 95
Trd, 4318413.893, 94
Trd, 4318414.593, 94
Trd, 4318415.093, 96
Trd, 4318416.443, 101
Trd, 4318417.243, 103
Trd, 4318419.993, 105
Trd, 4318421.293, 104
Trd, 4318423.993, 108
Trd, 4318425.043, 104
Trd, 4318425.193, 105
Trd, 4318425.643, 106
Trd, 4318426.143, 104
Trd, 4318428.143, 103
Trd, 4318429.743, 103
Trd, 4318429.843, 103
Trd, 4318430.743, 103
Trd, 4318431.943, 101
Trd, 4318432.343, 101
Trd, 4318436.293, 100
Trd, 4318436.343, 104
Trd, 4318436.893, 112
Trd, 4318439.593, 105
Trd, 4318441.693, 105
Trd, 4318443.543, 104
Trd, 4318443.943, 105
Trd, 4318444.593, 103
Trd, 4318446.343, 105
Trd, 4318447.693, 102
Trd, 4318448.493, 103
Trd, 4318450.393, 102
Trd, 4318451.543, 103
Trd, 4318455.443, 101
Trd, 4318455.493, 102
Trd, 4318456.693, 100
Trd, 4318457.993, 99
Trd, 4318458.693, 99
Trd, 4318459.743, 98
Trd, 4318459.793, 104
Trd, 4318462.043, 100
Trd, 4318463.393, 98
Trd, 4318464.193, 98
Trd, 4318465.493, 98
Trd, 4318466.493, 97
Trd, 4318467.393, 99
Trd, 4318471.093, 97
Trd, 4318471.743, 97
Trd, 4318475.293, 96
Trd, 4318475.443, 96
Trd, 4318476.193, 96
Trd, 4318477.943, 95
Trd, 4318478.843, 96
Trd, 4318482.693, 94
Trd, 4318483.393, 95
Trd, 4318487.143, 94
Trd, 4318487.643, 93
Trd, 4318489.093, 92
Trd, 4318490.093, 93
Trd, 4318490.943, 94
Trd, 4318494.143, 92
Trd, 4318494.693, 91
Trd, 4318497.343, 92
Trd, 4318498.243, 95
Trd, 4318501.043, 90
Trd, 4318502.393, 90
Trd, 4318503.043, 89
Trd, 4318503.443, 88
Trd, 4318505.493, 95
Trd, 4318507.643, 95
Trd, 4318508.043, 95
Trd, 4318508.693, 104
Trd, 4318510.443, 94
Trd, 4318511.293, 100
Trd, 4318513.443, 94
Trd, 4318513.893, 93
Trd, 4318514.593, 93
Trd, 4318518.543, 94
Trd, 4318519.593, 93
Trd, 4318521.293, 93
Trd, 4318522.393, 93
Trd, 4318523.343, 93
Trd, 4318526.043, 92
Trd, 4318526.893, 92
Trd, 4318527.893, 92
Trd, 4318530.693, 92
Trd, 4318531.243, 93
Trd, 4318533.693, 91
Trd, 4318533.993, 91
Trd, 4318536.243, 95
Trd, 4318538.343, 96
Trd, 4318539.143, 102
Trd, 4318541.393, 97
Trd, 4318541.843, 97
Trd, 4318543.443, 97
Trd, 4318544.243, 98
Trd, 4318547.293, 97
Trd, 4318548.243, 97
Trd, 4318548.343, 96
Trd, 4318549.393, 96
Trd, 4318554.643, 95
Trd, 4318555.043, 94
Trd, 4318556.243, 94
Trd, 4318556.443, 95
Trd, 4318556.793, 96
Trd, 4318558.693, 93
Trd, 4318559.443, 93
Trd, 4318559.543, 94
Trd, 4318560.843, 104
Trd, 4318562.643, 103
Trd, 4318564.693, 103
Trd, 4318565.943, 103
Trd, 4318566.593, 102
Trd, 4318566.993, 103
Trd, 4318569.093, 100
Trd, 4318569.893, 99
Trd, 4318570.293, 99
Trd, 4318572.843, 96
Trd, 4318573.593, 97
Trd, 4318574.843, 96
Trd, 4318575.293, 96
Trd, 4318575.993, 95
Trd, 4318576.693, 95
Trd, 4318579.393, 95
Trd, 4318584.193, 94
Trd, 4318585.193, 94
Trd, 4318587.243, 93
Trd, 4318590.243, 94
Trd, 4318592.293, 94
Trd, 4318593.143, 93
Trd, 4318594.143, 94
Trd, 4318597.043, 93
Trd, 4318597.093, 93
Trd, 4318597.743, 93
Trd, 4318599.143, 93
Trd, 4318601.293, 92
Trd, 4318605.143, 92
Trd, 4318605.593, 91
Trd, 4318608.493, 90
Trd, 4318609.593, 90
Trd, 4318610.443, 95
Trd, 4318614.043, 90
Trd, 4318614.843, 90
Trd, 4318615.293, 104
Trd, 4318618.143, 90
Trd, 4318618.893, 89
Trd, 4318621.143, 91
Trd, 4318622.743, 89
Trd, 4318624.493, 89
Trd, 4318627.043, 88
Trd, 4318628.443, 87
Trd, 4318629.843, 86
Trd, 4318630.343, 87
Trd, 4318633.493, 86
Trd, 4318636.443, 86
Trd, 4318638.893, 86
Trd, 4318638.943, 86
Trd, 4318640.243, 103
Trd, 4318640.993, 89
Trd, 4318645.093, 106
Trd, 4318648.093, 90
Trd, 4318648.243, 91
Trd, 4318652.693, 90
Trd, 4318652.993, 89
Trd, 4318658.143, 88
Trd, 4318658.443, 89
Trd, 4318660.993, 89
Trd, 4318662.393, 88
Trd, 4318665.593, 88
Trd, 4318666.243, 88
Trd, 4318667.643, 89
Trd, 4318669.093, 90
Trd, 4318669.593, 102
Trd, 4318673.293, 89
Trd, 4318675.843, 89
Trd, 4318677.243, 88
Trd, 4318678.243, 88
Trd, 4318679.743, 87
Trd, 4318680.143, 87
Trd, 4318683.243, 87
Trd, 4318683.893, 86
Trd, 4318683.943, 88
Trd, 4318688.943, 86
Trd, 4318689.693, 87
Trd, 4318690.393, 86
Trd, 4318693.193, 86
Trd, 4318693.343, 87
Trd, 4318696.793, 86
Trd, 4318700.343, 85
Trd, 4318700.543, 85
Trd, 4318700.593, 85
Trd, 4318701.793, 94
Trd, 4318703.443, 91
Trd, 4318703.993, 92
Trd, 4318706.443, 91
Trd, 4318706.843, 97
Trd, 4318709.043, 90
Trd, 4318713.593, 90
Trd, 4318713.643, 90
Trd, 4318714.393, 90
Trd, 4318715.743, 89
Trd, 4318716.093, 95
Trd, 4318719.543, 90
Trd, 4318722.093, 89
Trd, 4318723.343, 90
Trd, 4318724.843, 89
Trd, 4318727.093, 89
Trd, 4318727.643, 89
Trd, 4318730.093, 88
Trd, 4318731.843, 89
Trd, 4318732.943, 88
Trd, 4318736.143, 89
Trd, 4318737.343, 88
Trd, 4318738.143, 89
Trd, 4318740.743, 89
Trd, 4318741.643, 89
Trd, 4318742.693, 88
Trd, 4318742.943, 88
Trd, 4318743.143, 88
Trd, 4318746.043, 88
Trd, 4318746.143, 89
Trd, 4318749.193, 92
Trd, 4318749.693, 98
Trd, 4318750.543, 92
Trd, 4318753.843, 94
Trd, 4318755.093, 91
Trd, 4318757.243, 90
Trd, 4318760.143, 91
Trd, 4318761.493, 91
Trd, 4318762.743, 92
Trd, 4318764.793, 90
Trd, 4318764.893, 90
Trd, 4318770.093, 91
Trd, 4318772.493, 90
Trd, 4318773.093, 90
Trd, 4318774.043, 89
Trd, 4318775.693, 90
Trd, 4318778.293, 89
Trd, 4318778.793, 89
Trd, 4318780.793, 90
Trd, 4318782.293, 89
Trd, 4318786.393, 89
Trd, 4318787.043, 89
Trd, 4318787.143, 90
Trd, 4318787.193, 90
Trd, 4318790.293, 104
Trd, 4318791.193, 95
Trd, 4318791.543, 94
Trd, 4318791.993, 94
Trd, 4318793.643, 110
Trd, 4318796.493, 93
Trd, 4318796.943, 94
Trd, 4318799.893, 92
Trd, 4318802.043, 93
Trd, 4318802.593, 92
Trd, 4318804.993, 91
Trd, 4318806.493, 91
Trd, 4318806.593, 92
Trd, 4318808.243, 90
Trd, 4318809.943, 90
Trd, 4318811.093, 91
Trd, 4318813.793, 91
Trd, 4318815.643, 89
Trd, 4318817.943, 89
Trd, 4318818.293, 89
Trd, 4318820.743, 91
Trd, 4318823.493, 113
Trd, 4318826.193, 89
Trd, 4318827.843, 89
Trd, 4318828.293, 89
Trd, 4318829.443, 89
Trd, 4318833.843, 89
Trd, 4318834.743, 88
Trd, 4318836.893, 88
Trd, 4318839.743, 88
Trd, 4318840.743, 89
Trd, 4318842.693, 88
Trd, 4318844.793, 88
Trd, 4318845.443, 87
Trd, 4318845.593, 87
Trd, 4318846.943, 87
Trd, 4318847.293, 87
Trd, 4318849.193, 92
Trd, 4318852.693, 92
Trd, 4318853.943, 95
Trd, 4318856.093, 95
Trd, 4318856.743, 92
Trd, 4318858.693, 92
Trd, 4318861.843, 92
Trd, 4318862.193, 92
Trd, 4318862.293, 92
Trd, 4318862.793, 95
Trd, 4318864.993, 95
Trd, 4318868.293, 97
Trd, 4318868.893, 97
Trd, 4318869.043, 97
Trd, 4318871.943, 97
Trd, 4318872.743, 99
Trd, 4318874.043, 100
Trd, 4318874.793, 99
Trd, 4318875.943, 97
Trd, 4318876.293, 100
Trd, 4318878.993, 97
Trd, 4318880.493, 98
Trd, 4318882.093, 95
Trd, 4318882.193, 94
Trd, 4318885.693, 95
Trd, 4318886.043, 94
Trd, 4318886.943, 94
Trd, 4318890.893, 93
Trd, 4318892.543, 92
Trd, 4318894.643, 92
Trd, 4318894.693, 93
Trd, 4318897.243, 92
Trd, 4318901.543, 92
Trd, 4318903.943, 92
Trd, 4318905.393, 92
Trd, 4318907.893, 91
Trd, 4318909.993, 92
Trd, 4318911.143, 91
Trd, 4318916.343, 90
Trd, 4318916.593, 91
Trd, 4318917.893, 91
Trd, 4318921.693, 90
Trd, 4318923.843, 90
Trd, 4318924.493, 91
Trd, 4318925.343, 91
Trd, 4318928.193, 90
Trd, 4318929.393, 89
Trd, 4318930.743, 89
Trd, 4318931.093, 90
Trd, 4318935.643, 89
Trd, 4318939.043, 89
Trd, 4318940.093, 89
Trd, 4318940.443, 89
Trd, 4318940.793, 91
Trd, 4318943.393, 91
Trd, 4318944.243, 92
Trd, 4318945.593, 90
Trd, 4318946.843, 91
Trd, 4318947.043, 92
Trd, 4318948.543, 90
Trd, 4318954.793, 101
Trd, 4318957.543, 91
Trd, 4318957.693, 90
Trd, 4318959.243, 89
Trd, 4318961.243, 89
Trd, 4318961.793, 90
Trd, 4318964.893, 89
Trd, 4318965.243, 89
Trd, 4318967.043, 90
Trd, 4318968.293, 89
Trd, 4318968.643, 88
Trd, 4318971.543, 88
Trd, 4318974.693, 101
Trd, 4318975.043, 100
Trd, 4318975.443, 99
Trd, 4318975.943, 100
Trd, 4318977.343, 99
Trd, 4318977.993, 98
Trd, 4318979.443, 112
Trd, 4318983.743, 100
Trd, 4318984.893, 97
Trd, 4318985.343, 97
Trd, 4318986.493, 97
Trd, 4318987.443, 98
Trd, 4318989.843, 97
Trd, 4318991.193, 96
Trd, 4318991.543, 96
Trd, 4318992.643, 95
Trd, 4318995.443, 95
Trd, 4318996.793, 95
Trd, 4318999.143, 94
Trd, 4318999.793, 95
Trd, 4319004.043, 93
Trd, 4319004.993, 94
Trd, 4319005.193, 93
Trd, 4319006.493, 95
Trd, 4319008.043, 95
Trd, 4319009.243, 96
Trd, 4319010.893, 94
Trd, 4319016.043, 93
Trd, 4319016.493, 94
Trd, 4319017.593, 93
Trd, 4319018.743, 93
Trd, 4319019.993, 95
Trd, 4319020.893, 93
Trd, 4319022.843, 95
Trd, 4319025.843, 97
Trd, 4319026.143, 97
Trd, 4319026.843, 97
Trd, 4319027.193, 95
Trd, 4319029.393, 94
Trd, 4319030.093, 104
Trd, 4319033.143, 94
Trd, 4319034.543, 94
Trd, 4319037.393, 95
Trd, 4319040.143, 94
Trd, 4319040.893, 94
Trd, 4319043.743, 95
Trd, 4319046.043, 93
Trd, 4319046.093, 93
Trd, 4319051.493, 92
Trd, 4319051.843, 93
Trd, 4319054.593, 93
Trd, 4319054.693, 92
Trd, 4319054.843, 92
Trd, 4319055.743, 92
Trd, 4319058.393, 91
Trd, 4319058.543, 91
Trd, 4319058.893, 91
Trd, 4319062.693, 90
Trd, 4319067.643, 90
Trd, 4319068.543, 90
Trd, 4319070.343, 90
Trd, 4319070.443, 90
Trd, 4319071.543, 90
Trd, 4319072.293, 91
Trd, 4319074.543, 91
Trd, 4319075.193, 94
Trd, 4319078.993, 94
Trd, 4319080.293, 104
Trd, 4319080.593, 94
Trd, 4319083.293, 95
Trd, 4319085.143, 94
Trd, 4319086.543, 94
Trd, 4319087.243, 94
Trd, 4319087.793, 95
Trd, 4319088.093, 93
Trd, 4319089.243, 93
Trd, 4319089.993, 93
Trd, 4319093.043, 92
Trd, 4319095.643, 92
Trd, 4319095.943, 93
Trd, 4319098.043, 91
Trd, 4319099.543, 90
Trd, 4319103.543, 91
Trd, 4319104.643, 89
Trd, 4319104.893, 89
Trd, 4319105.393, 95
Trd, 4319111.143, 89
Trd, 4319111.743, 89
Trd, 4319113.293, 90
Trd, 4319113.393, 104
Trd, 4319113.793, 98
Trd, 4319114.493, 111
Trd, 4319115.543, 108
Trd, 4319116.743, 108
Trd, 4319117.443, 106
Trd, 4319118.593, 103
Trd, 4319118.993, 99
Trd, 4319120.893, 99
Trd, 4319121.643, 101
Trd, 4319122.843, 99
Trd, 4319123.643, 98
Trd, 4319124.693, 98
Trd, 4319125.843, 97
Trd, 4319127.343, 97
Trd, 4319128.643, 97
Trd, 4319128.943, 97
Trd, 4319130.843, 96
Trd, 4319131.743, 96
Trd, 4319133.593, 95
Trd, 4319135.393, 96
Trd, 4319136.243, 94
Trd, 4319136.743, 94
Trd, 4319137.693, 94
Trd, 4319139.343, 93
Trd, 4319140.093, 92
Trd, 4319140.943, 93
Trd, 4319144.893, 91
Trd, 4319146.693, 91
Trd, 4319146.893, 90
Trd, 4319147.643, 89
Trd, 4319153.343, 89
Trd, 4319153.543, 90
Trd, 4319157.093, 89
Trd, 4319157.343, 89
Trd, 4319157.893, 89
Trd, 4319161.393, 88
Trd, 4319161.793, 88
Trd, 4319162.093, 87
Trd, 4319163.843, 86
Trd, 4319164.793, 86
Trd, 4319167.293, 86
Trd, 4319169.493, 85
Trd, 4319172.943, 86
Trd, 4319177.593, 85
Trd, 4319180.293, 84
Trd, 4319180.343, 84
Trd, 4319182.093, 85
Trd, 4319184.843, 85
Trd, 4319186.343, 85
Trd, 4319190.293, 84
Trd, 4319193.043, 85
Trd, 4319193.393, 85
Trd, 4319195.743, 85
Trd, 4319197.193, 84
Trd, 4319198.093, 83
Trd, 4319201.193, 84
Trd, 4319202.793, 83
Trd, 4319204.443, 82
Trd, 4319208.093, 84
Trd, 4319211.093, 82
Trd, 4319211.843, 86
Trd, 4319216.493, 81
Trd, 4319216.593, 81
Trd, 4319219.743, 81
Trd, 4319219.893, 82
Trd, 4319222.193, 86
Trd, 4319223.193, 82
Trd, 4319226.243, 81
Trd, 4319227.793, 91
Trd, 4319230.893, 81
Trd, 4319234.793, 82
Trd, 4319236.343, 81
Trd, 4319240.443, 81
Trd, 4319241.143, 82
Trd, 4319244.543, 81
Trd, 4319245.343, 82
Trd, 4319250.543, 81
Trd, 4319250.993, 80
Trd, 4319251.893, 80
Trd, 4319252.393, 80
Trd, 4319252.543, 81
Trd, 4319255.093, 86
Trd, 4319257.993, 106
Trd, 4319258.193, 101
Trd, 4319258.493, 103
Trd, 4319258.793, 103
Trd, 4319258.993, 104
Trd, 4319262.143, 104
Trd, 4319264.693, 105
Trd, 4319265.043, 104
Trd, 4319265.643, 103
Trd, 4319267.493, 92
Trd, 4319267.593, 94
Trd, 4319267.793, 95
Trd, 4319268.543, 113
Trd, 4319271.043, 113
Trd, 4319272.193, 111
Trd, 4319273.893, 105
Trd, 4319274.443, 102
Trd, 4319274.643, 102
Trd, 4319276.043, 98
Trd, 4319277.093, 97
Trd, 4319278.143, 97
Trd, 4319278.893, 113
Trd, 4319281.643, 101
Trd, 4319283.843, 99
Trd, 4319284.793, 97
Trd, 4319285.343, 96
Trd, 4319286.893, 96
Trd, 4319287.293, 94
Trd, 4319287.993, 94
Trd, 4319290.593, 97
Trd, 4319292.193, 106
Trd, 4319293.093, 97
Trd, 4319296.143, 96
Trd, 4319296.743, 96
Trd, 4319296.993, 96
Trd, 4319299.593, 94
Trd, 4319301.093, 93
Trd, 4319301.893, 93
Trd, 4319305.693, 93
Trd, 4319308.393, 92
Trd, 4319309.493, 92
Trd, 4319310.843, 93
Trd, 4319311.943, 91
Trd, 4319313.843, 93
Trd, 4319315.743, 91
Trd, 4319320.993, 90
Trd, 4319321.043, 92
Trd, 4319322.693, 90
Trd, 4319323.643, 91
Trd, 4319326.843, 89
Trd, 4319326.943, 89
Trd, 4319331.343, 88
Trd, 4319332.393, 88
Trd, 4319332.793, 89
Trd, 4319334.793, 87
Trd, 4319335.093, 87
Trd, 4319336.593, 86
Trd, 4319337.243, 85
Trd, 4319337.443, 84
Trd, 4319340.993, 84
Trd, 4319343.093, 83
Trd, 4319345.843, 94
Trd, 4319347.693, 88
Trd, 4319348.543, 89
Trd, 4319348.843, 89
Trd, 4319352.093, 101
Trd, 4319352.643, 88
Trd, 4319354.343, 87
Trd, 4319355.543, 88
Trd, 4319359.593, 88
Trd, 4319359.743, 87
Trd, 4319363.693, 86
Trd, 4319364.793, 87
Trd, 4319365.293, 88
Trd, 4319369.243, 89
Trd, 4319369.993, 89
Trd, 4319370.043, 95
Trd, 4319371.143, 89
Trd, 4319371.793, 88
Trd, 4319375.393, 89
Trd, 4319376.793, 91
Trd, 4319379.393, 91
Trd, 4319383.493, 92
Trd, 4319383.643, 91
Trd, 4319384.993, 90
Trd, 4319387.593, 91
Trd, 4319389.143, 90
Trd, 4319390.143, 93
Trd, 4319391.843, 90
Trd, 4319395.843, 92
Trd, 4319396.143, 92
Trd, 4319396.393, 91
Trd, 4319399.293, 90
Trd, 4319399.343, 90
Trd, 4319399.393, 90
Trd, 4319400.893, 95
Trd, 4319403.443, 94
Trd, 4319406.943, 94
Trd, 4319406.993, 95
Trd, 4319407.943, 94
Trd, 4319409.043, 94
Trd, 4319410.043, 103
Trd, 4319415.443, 94
Trd, 4319418.993, 93
Trd, 4319419.993, 94
Trd, 4319420.943, 100
Trd, 4319421.493, 111
Trd, 4319422.243, 100
Trd, 4319424.793, 99
Trd, 4319425.393, 99
Trd, 4319426.893, 99
Trd, 4319428.493, 99
Trd, 4319428.593, 99
Trd, 4319431.993, 99
Trd, 4319432.493, 98
Trd, 4319436.443, 97
Trd, 4319436.843, 97
Trd, 4319441.693, 97
Trd, 4319442.893, 96
Trd, 4319443.393, 96
Trd, 4319444.743, 95
Trd, 4319447.243, 94
Trd, 4319449.943, 93
Trd, 4319450.043, 95
Trd, 4319451.793, 95
Trd, 4319455.043, 95
Trd, 4319457.843, 93
Trd, 4319462.293, 93
Trd, 4319463.193, 92
Trd, 4319465.543, 92
Trd, 4319465.893, 93
Trd, 4319467.593, 92
Trd, 4319470.343, 92
Trd, 4319473.343, 93
Trd, 4319474.043, 91
Trd, 4319474.343, 91
Trd, 4319479.493, 91
Trd, 4319479.993, 92
Trd, 4319481.943, 91
Trd, 4319482.043, 91
Trd, 4319486.393, 90
Trd, 4319487.393, 90
Trd, 4319488.543, 89
Trd, 4319490.143, 90
Trd, 4319491.043, 89
Trd, 4319492.593, 89
Trd, 4319493.293, 90
Trd, 4319496.793, 89
Trd, 4319496.943, 90
Trd, 4319498.493, 90
Trd, 4319498.643, 89
Trd, 4319500.043, 89
Trd, 4319504.393, 89
Trd, 4319504.743, 89
Trd, 4319504.943, 90
Trd, 4319508.343, 89
Trd, 4319509.343, 88
Trd, 4319511.793, 89
Trd, 4319514.643, 89
Trd, 4319515.293, 88
Trd, 4319516.493, 87
Trd, 4319518.743, 87
Trd, 4319520.843, 87
Trd, 4319523.243, 89
Trd, 4319523.593, 88
Trd, 4319524.243, 101
Trd, 4319527.943, 94
Trd, 4319528.343, 94
Trd, 4319531.143, 93
Trd, 4319531.493, 94
Trd, 4319531.843, 93
Trd, 4319531.943, 95
Trd, 4319532.443, 92
Trd, 4319535.993, 95
Trd, 4319539.843, 94
Trd, 4319539.893, 94
Trd, 4319539.993, 95
Trd, 4319540.893, 94
Trd, 4319542.393, 94
Trd, 4319544.293, 93
Trd, 4319544.493, 95
Trd, 4319548.293, 92
Trd, 4319550.843, 92
Trd, 4319551.243, 92
Trd, 4319551.643, 93
Trd, 4319553.343, 92
Trd, 4319553.843, 95
Trd, 4319555.193, 92
Trd, 4319555.993, 92
Trd, 4319556.893, 91
Trd, 4319559.443, 113
Trd, 4319562.093, 91
Trd, 4319562.693, 90
Trd, 4319566.193, 89
Trd, 4319566.593, 90
Trd, 4319566.793, 89
Trd, 4319567.843, 88
Trd, 4319570.193, 88
Trd, 4319570.693, 87
Trd, 4319571.693, 88
Trd, 4319575.743, 87
Trd, 4319576.393, 89
Trd, 4319576.693, 87
Trd, 4319577.743, 88
Trd, 4319578.843, 88
Trd, 4319579.493, 95
Trd, 4319580.993, 87
Trd, 4319582.243, 87
Trd, 4319583.343, 86
Trd, 4319587.143, 86
Trd, 4319588.643, 86
Trd, 4319591.193, 85
Trd, 4319592.293, 85
Trd, 4319592.493, 85
Trd, 4319592.593, 85
Trd, 4319593.743, 86
Trd, 4319597.693, 84
Trd, 4319600.493, 85
Trd, 4319600.643, 84
Trd, 4319605.793, 85
Trd, 4319607.493, 84
Trd, 4319612.593, 84
Trd, 4319613.643, 85
Trd, 4319615.143, 84
Trd, 4319616.393, 85
Trd, 4319620.893, 85
Trd, 4319621.093, 84
Trd, 4319623.693, 84
Trd, 4319625.393, 85
Trd, 4319629.943, 85
Trd, 4319633.093, 84
Trd, 4319637.443, 84
Trd, 4319638.693, 84
Trd, 4319638.793, 85
Trd, 4319640.593, 85
Trd, 4319647.943, 85
Trd, 4319651.743, 83
Trd, 4319652.943, 84
Trd, 4319656.143, 85
Trd, 4319658.543, 84
Trd, 4319661.193, 83
Trd, 4319663.393, 83
Trd, 4319663.993, 86
Trd, 4319665.443, 85
Trd, 4319667.043, 85
Trd, 4319668.593, 83
Trd, 4319671.493, 85
Trd, 4319677.343, 84
Trd, 4319681.493, 83
Trd, 4319681.693, 82
Trd, 4319688.493, 81
Trd, 4319689.093, 82
Trd, 4319693.093, 82
Trd, 4319695.093, 82
Trd, 4319699.043, 81
Trd, 4319702.593, 82
Trd, 4319703.093, 100
Trd, 4319703.593, 84
Trd, 4319704.243, 90
Trd, 4319705.093, 97
Trd, 4319709.793, 90
Trd, 4319710.243, 90
Trd, 4319712.543, 90
Trd, 4319713.043, 91
Trd, 4319713.093, 89
Trd, 4319715.743, 107
Trd, 4319717.593, 101
Trd, 4319717.843, 101
Trd, 4319720.893, 101
Trd, 4319722.593, 103
Trd, 4319722.843, 103
Trd, 4319723.843, 101
Trd, 4319724.693, 100
Trd, 4319725.043, 101
Trd, 4319726.543, 99
Trd, 4319727.593, 99
Trd, 4319729.893, 97
Trd, 4319730.443, 97
Trd, 4319732.793, 101
Trd, 4319734.043, 96
Trd, 4319734.643, 96
Trd, 4319735.293, 97
Trd, 4319737.793, 94
Trd, 4319739.493, 93
Trd, 4319743.193, 92
Trd, 4319745.443, 95
Trd, 4319751.793, 91
Trd, 4319751.843, 91
Trd, 4319752.543, 91
Trd, 4319753.043, 92
Trd, 4319753.743, 91
Trd, 4319754.243, 91
Trd, 4319758.093, 90
Trd, 4319758.343, 92
Trd, 4319760.043, 90
Trd, 4319760.343, 90
Trd, 4319763.543, 89
Trd, 4319763.593, 91
Trd, 4319765.193, 85
Trd, 4319765.693, 87
Trd, 4319768.393, 89
Trd, 4319770.993, 86
Trd, 4319772.093, 86
Trd, 4319774.793, 86
Trd, 4319775.143, 87
Trd, 4319777.643, 86
Trd, 4319777.893, 85
Trd, 4319780.893, 84
Trd, 4319783.643, 85
Trd, 4319786.393, 84
Trd, 4319787.393, 86
Trd, 4319792.343, 84
Trd, 4319792.543, 85
Trd, 4319800.293, 84
Trd, 4319802.043, 83
Trd, 4319804.443, 83
Trd, 4319805.493, 83
Trd, 4319806.793, 83
Trd, 4319807.743, 84
Trd, 4319808.043, 83
Trd, 4319811.193, 86
Trd, 4319812.943, 82
Trd, 4319816.743, 83
Trd, 4319817.193, 84
Trd, 4319821.093, 84
Trd, 4319823.993, 86
Trd, 4319825.193, 82
Trd, 4319825.693, 82
Trd, 4319828.993, 82
Trd, 4319830.043, 83
Trd, 4319832.693, 82
Trd, 4319834.093, 86
Trd, 4319836.193, 82
Trd, 4319838.493, 82
Trd, 4319842.043, 84
Trd, 4319844.193, 83
Trd, 4319847.693, 83
Trd, 4319852.343, 83
Trd, 4319852.393, 82
Trd, 4319854.093, 83
Trd, 4319855.843, 89
Trd, 4319856.243, 89
Trd, 4319857.893, 88
Trd, 4319858.493, 95
Trd, 4319858.843, 88
Trd, 4319862.743, 87
Trd, 4319863.893, 87
Trd, 4319865.893, 88
Trd, 4319866.643, 86
Trd, 4319868.393, 87
Trd, 4319868.893, 87
Trd, 4319870.043, 86
Trd, 4319876.393, 86
Trd, 4319877.293, 85
Trd, 4319878.493, 86
Trd, 4319883.343, 86
Trd, 4319883.943, 84
Trd, 4319884.293, 84
Trd, 4319888.843, 84
Trd, 4319893.243, 84
Trd, 4319893.943, 86
Trd, 4319899.493, 84
Trd, 4319901.143, 85
Trd, 4319902.793, 85
Trd, 4319908.893, 84
Trd, 4319909.093, 83
Trd, 4319909.143, 83
Trd, 4319913.743, 83
Trd, 4319913.893, 84
Trd, 4319915.193, 86
Trd, 4319916.143, 83
Trd, 4319916.693, 85
Trd, 4319924.143, 83
Trd, 4319925.843, 82
Trd, 4319930.893, 83
Trd, 4319931.793, 83
Trd, 4319937.143, 82
Trd, 4319937.193, 81
Trd, 4319940.043, 90
Trd, 4319941.593, 90
Trd, 4319941.843, 113
Trd, 4319943.293, 106
Trd, 4319944.043, 103
Trd, 4319944.343, 103
Trd, 4319946.443, 113
Trd, 4319946.493, 102
Trd, 4319951.743, 103
Trd, 4319952.143, 102
Trd, 4319952.443, 104
Trd, 4319954.593, 100
Trd, 4319957.393, 102
Trd, 4319957.893, 99
Trd, 4319959.993, 101
Trd, 4319960.943, 99
Trd, 4319960.993, 99
Trd, 4319961.443, 99
Trd, 4319964.243, 97
Trd, 4319968.843, 96
Trd, 4319968.993, 97
Trd, 4319970.043, 96
Trd, 4319970.343, 97
Trd, 4319970.943, 95
Trd, 4319971.243, 95
Trd, 4319974.243, 94
Trd, 4319974.293, 94
Trd, 4319976.343, 94
Trd, 4319980.093, 94
Trd, 4319981.343, 95
Trd, 4319983.993, 95
Trd, 4319984.993, 93
Trd, 4319988.993, 94
Trd, 4319989.843, 93
Trd, 4319990.243, 92
Trd, 4319992.343, 92
Trd, 4319993.143, 92
Trd, 4319993.693, 93
Trd, 4319995.193, 92
Trd, 4319997.293, 93
Trd, 4319998.143, 97
