Trd, 4317911.643, 104
Trd, 4317914.143, 102
Trd, 4317916.943, 102
Trd, 4317917.043, 101
Trd, 4317917.443, 95
Trd, 4317918.093, 102
Trd, 4317920.493, 98
Trd, 4317921.393, 102
Trd, 4317922.893, 102
Trd, 4317923.643, 102
Trd, 4317924.093, 101
Trd, 4317926.193, 103
Trd, 4317928.043, 105
Trd, 4317928.193, 104
Trd, 4317928.743, 95
Trd, 4317929.943, 113
Trd, 4317930.993, 86
Trd, 4317932.443, 98
Trd, 4317933.343, 104
Trd, 4317934.393, 100
Trd, 4317934.793, 106
Trd, 4317937.693, 103
Trd, 4317937.793, 105
Trd, 4317940.043, 95
Trd, 4317942.993, 101
Trd, 4317943.743, 104
Trd, 4317944.693, 102
Trd, 4317945.043, 104
Trd, 4317947.193, 101
Trd, 4317947.593, 104
Trd, 4317947.943, 103
Trd, 4317948.893, 101
Trd, 4317950.693, 103
Trd, 4317952.093, 102
Trd, 4317954.093, 103
Trd, 4317954.393, 102
Trd, 4317955.193, 103
Trd, 4317955.443, 102
Trd, 4317956.843, 76
Trd, 4317958.643, 101
Trd, 4317960.243, 102
Trd, 4317960.593, 100
Trd, 4317962.443, 99
Trd, 4317963.643, 102
Trd, 4317964.243, 98
Trd, 4317965.643, 102
Trd, 4317967.643, 102
Trd, 4317970.243, 99
Trd, 4317971.393, 102
Trd, 4317971.643, 98
Trd, 4317972.693, 102
Trd, 4317972.893, 102
Trd, 4317973.193, 98
Trd, 4317974.243, 92
Trd, 4317975.393, 102
Trd, 4317979.693, 99
Trd, 4317980.193, 98
Trd, 4317980.693, 98
Trd, 4317980.793, 100
Trd, 4317981.493, 97
Trd, 4317981.893, 95
Trd, 4317983.243, 104
Trd, 4317983.543, 104
Trd, 4317985.093, 102
Trd, 4317986.943, 101
Trd, 4317987.743, 102
Trd, 4317989.493, 106
Trd, 4317990.243, 105
Trd, 4317990.643, 113
Trd, 4317990.843, 102
Trd, 4317992.493, 105
Trd, 4317993.493, 100
Trd, 4317994.593, 95
Trd, 4317995.843, 100
Trd, 4317996.543, 95
Trd, 4317996.593, 86
Trd, 4317997.143, 102
Trd, 4318001.643, 101
Trd, 4318002.493, 99
Trd, 4318002.893, 101
Trd, 4318003.643, 100
Trd, 4318005.093, 99
Trd, 4318007.543, 98
Trd, 4318009.893, 98
Trd, 4318011.143, 100
Trd, 4318011.493, 95
Trd, 4318011.943, 99
Trd, 4318012.243, 88
Trd, 4318014.693, 99
Trd, 4318016.793, 99
Trd, 4318017.893, 97
Trd, 4318018.243, 95
Trd, 4318018.893, 99
Trd, 4318019.343, 98
Trd, 4318021.443, 95
Trd, 4318022.093, 96
Trd, 4318023.343, 97
Trd, 4318023.593, 104
Trd, 4318025.943, 97
Trd, 4318028.793, 99
Trd, 4318028.943, 98
Trd, 4318030.093, 99
Trd, 4318031.493, 97
Trd, 4318031.893, 99
Trd, 4318035.693, 97
Trd, 4318035.793, 99
Trd, 4318036.443, 100
Trd, 4318037.243, 101
Trd, 4318038.043, 86
Trd, 4318038.493, 100
Trd, 4318039.043, 95
Trd, 4318042.393, 98
Trd, 4318044.143, 104
Trd, 4318044.443, 99
Trd, 4318044.793, 105
Trd, 4318046.193, 96
Trd, 4318048.443, 99
Trd, 4318051.643, 100
Trd, 4318051.993, 98
Trd, 4318053.593, 97
Trd, 4318053.643, 100
Trd, 4318055.993, 100
Trd, 4318056.393, 98
Trd, 4318056.893, 100
Trd, 4318057.743, 106
Trd, 4318059.443, 104
Trd, 4318060.343, 95
Trd, 4318061.143, 86
Trd, 4318061.943, 102
Trd, 4318063.443, 101
Trd, 4318064.643, 101
Trd, 4318065.743, 102
Trd, 4318065.793, 101
Trd, 4318067.243, 98
Trd, 4318069.093, 101
Trd, 4318069.443, 98
Trd, 4318072.193, 101
Trd, 4318073.243, 100
Trd, 4318073.793, 101
Trd, 4318076.343, 101
Trd, 4318076.593, 101
Trd, 4318076.843, 99
Trd, 4318080.043, 102
Trd, 4318080.243, 104
Trd, 4318080.393, 99
Trd, 4318082.593, 100
Trd, 4318084.643, 102
Trd, 4318084.793, 99
Trd, 4318086.043, 99
Trd, 4318088.743, 103
Trd, 4318090.243, 98
Trd, 4318091.343, 102
Trd, 4318092.343, 102
Trd, 4318092.993, 105
Trd, 4318093.743, 104
Trd, 4318094.393, 103
Trd, 4318095.393, 106
Trd, 4318095.643, 104
Trd, 4318096.393, 103
Trd, 4318098.893, 103
Trd, 4318099.993, 96
Trd, 4318100.493, 94
Trd, 4318101.993, 103
Trd, 4318104.293, 103
Trd, 4318105.193, 103
Trd, 4318106.793, 104
Trd, 4318107.493, 101
Trd, 4318108.343, 103
Trd, 4318108.443, 101
Trd, 4318109.143, 95
Trd, 4318109.243, 104
Trd, 4318113.843, 97
Trd, 4318114.143, 97
Trd, 4318116.343, 97
Trd, 4318117.593, 98
Trd, 4318117.743, 95
Trd, 4318117.943, 98
Trd, 4318120.593, 99
Trd, 4318120.693, 99
Trd, 4318121.293, 104
Trd, 4318121.393, 97
Trd, 4318124.293, 99
Trd, 4318124.543, 98
Trd, 4318125.643, 101
Trd, 4318125.843, 94
Trd, 4318127.143, 100
Trd, 4318129.193, 100
Trd, 4318129.393, 99
Trd, 4318129.993, 104
Trd, 4318130.543, 98
Trd, 4318131.593, 97
Trd, 4318135.043, 101
Trd, 4318136.093, 100
Trd, 4318137.193, 99
Trd, 4318137.593, 102
Trd, 4318139.143, 102
Trd, 4318139.293, 92
Trd, 4318140.993, 97
Trd, 4318145.293, 102
Trd, 4318145.393, 102
Trd, 4318145.793, 104
Trd, 4318145.943, 104
Trd, 4318146.993, 104
Trd, 4318147.243, 103
Trd, 4318150.793, 104
Trd, 4318151.143, 103
Trd, 4318151.893, 86
Trd, 4318153.093, 103
Trd, 4318153.843, 104
Trd, 4318154.393, 104
Trd, 4318155.043, 105
Trd, 4318159.343, 102
Trd, 4318159.493, 105
Trd, 4318160.293, 104
Trd, 4318160.593, 95
Trd, 4318161.843, 99
Trd, 4318163.243, 104
Trd, 4318165.293, 101
Trd, 4318166.693, 101
Trd, 4318171.393, 102
Trd, 4318171.993, 102
Trd, 4318172.493, 99
Trd, 4318173.243, 86
Trd, 4318175.193, 100
Trd, 4318177.843, 104
Trd, 4318178.693, 98
Trd, 4318180.193, 111
Trd, 4318180.243, 109
Trd, 4318181.693, 105
Trd, 4318182.643, 107
Trd, 4318183.143, 104
Trd, 4318185.343, 102
Trd, 4318185.693, 101
Trd, 4318186.693, 104
Trd, 4318187.743, 96
Trd, 4318188.743, 86
Trd, 4318189.093, 95
Trd, 4318189.943, 105
Trd, 4318191.343, 104
Trd, 4318192.143, 112
Trd, 4318192.443, 94
Trd, 4318195.043, 105
Trd, 4318197.043, 105
Trd, 4318197.693, 107
Trd, 4318198.343, 105
Trd, 4318198.593, 95
Trd, 4318199.943, 103
Trd, 4318201.943, 106
Trd, 4318202.543, 102
Trd, 4318203.393, 101
Trd, 4318205.143, 104
Trd, 4318206.543, 104
Trd, 4318207.493, 103
Trd, 4318207.643, 102
Trd, 4318208.943, 101
Trd, 4318209.393, 104
Trd, 4318210.093, 67
Trd, 4318213.043, 102
Trd, 4318215.893, 97
Trd, 4318215.943, 102
Trd, 4318217.143, 95
Trd, 4318217.493, 102
Trd, 4318217.743, 86
Trd, 4318220.693, 96
Trd, 4318222.593, 95
Trd, 4318223.493, 102
Trd, 4318223.793, 103
Trd, 4318225.593, 101
Trd, 4318228.293, 102
Trd, 4318229.043, 94
Trd, 4318229.243, 103
Trd, 4318230.443, 104
Trd, 4318231.493, 97
Trd, 4318232.643, 97
Trd, 4318233.743, 86
Trd, 4318234.693, 103
Trd, 4318235.543, 103
Trd, 4318239.093, 102
Trd, 4318240.043, 102
Trd, 4318240.193, 97
Trd, 4318241.043, 98
Trd, 4318242.593, 95
Trd, 4318243.543, 86
Trd, 4318245.093, 102
Trd, 4318246.143, 100
Trd, 4318247.943, 97
Trd, 4318248.843, 101
Trd, 4318249.343, 105
Trd, 4318249.893, 95
Trd, 4318252.693, 95
Trd, 4318252.943, 95
Trd, 4318253.293, 96
Trd, 4318253.543, 95
Trd, 4318254.293, 95
Trd, 4318255.143, 95
Trd, 4318256.743, 104
Trd, 4318258.643, 101
Trd, 4318258.743, 100
Trd, 4318260.293, 102
Trd, 4318261.243, 100
Trd, 4318262.343, 105
Trd, 4318263.443, 98
Trd, 4318264.143, 100
Trd, 4318264.543, 102
Trd, 4318266.093, 100
Trd, 4318267.643, 99
Trd, 4318268.043, 98
Trd, 4318269.593, 97
Trd, 4318272.943, 99
Trd, 4318273.093, 101
Trd, 4318273.493, 91
Trd, 4318274.843, 103
Trd, 4318275.993, 106
Trd, 4318276.243, 110
Trd, 4318277.193, 115
Trd, 4318277.293, 113
Trd, 4318280.493, 104
Trd, 4318280.993, 108
Trd, 4318281.393, 103
Trd, 4318283.393, 103
Trd, 4318284.143, 103
Trd, 4318284.343, 104
Trd, 4318285.393, 97
Trd, 4318287.143, 104
Trd, 4318287.743, 104
Trd, 4318289.143, 104
Trd, 4318289.793, 113
Trd, 4318291.343, 106
Trd, 4318292.293, 104
Trd, 4318293.343, 106
Trd, 4318294.943, 105
Trd, 4318295.193, 102
Trd, 4318299.493, 105
Trd, 4318299.743, 104
Trd, 4318300.343, 104
Trd, 4318301.293, 92
Trd, 4318302.693, 102
Trd, 4318303.043, 95
Trd, 4318304.993, 102
Trd, 4318305.993, 99
Trd, 4318306.143, 102
Trd, 4318306.943, 102
Trd, 4318308.243, 105
Trd, 4318309.843, 103
Trd, 4318310.243, 104
Trd, 4318310.293, 100
Trd, 4318311.043, 100
Trd, 4318316.143, 98
Trd, 4318316.643, 98
Trd, 4318318.243, 104
Trd, 4318320.243, 104
Trd, 4318320.493, 98
Trd, 4318322.193, 104
Trd, 4318322.793, 97
Trd, 4318325.143, 103
Trd, 4318325.293, 96
Trd, 4318326.543, 104
Trd, 4318327.193, 94
Trd, 4318330.993, 95
Trd, 4318332.043, 100
Trd, 4318332.243, 100
Trd, 4318333.693, 101
Trd, 4318334.093, 98
Trd, 4318336.193, 99
Trd, 4318336.343, 94
Trd, 4318338.693, 96
Trd, 4318338.743, 98
Trd, 4318340.243, 96
Trd, 4318341.543, 95
Trd, 4318342.693, 97
Trd, 4318344.843, 96
Trd, 4318346.643, 95
Trd, 4318347.643, 97
Trd, 4318348.943, 97
Trd, 4318350.143, 96
Trd, 4318350.293, 97
Trd, 4318352.793, 96
Trd, 4318354.043, 95
Trd, 4318354.643, 95
Trd, 4318355.093, 92
Trd, 4318356.693, 95
Trd, 4318356.943, 96
Trd, 4318358.543, 96
Trd, 4318358.993, 96
Trd, 4318360.143, 96
Trd, 4318361.493, 96
Trd, 4318362.443, 96
Trd, 4318363.043, 96
Trd, 4318363.243, 95
Trd, 4318366.193, 96
Trd, 4318367.993, 96
Trd, 4318368.793, 95
Trd, 4318369.493, 97
Trd, 4318370.793, 95
Trd, 4318371.543, 95
Trd, 4318371.843, 96
Trd, 4318372.543, 98
Trd, 4318373.443, 96
Trd, 4318375.193, 100
Trd, 4318375.993, 86
Trd, 4318376.493, 99
Trd, 4318376.843, 104
Trd, 4318377.143, 76
Trd, 4318380.643, 98
Trd, 4318380.993, 98
Trd, 4318381.293, 98
Trd, 4318382.243, 104
Trd, 4318382.293, 97
Trd, 4318383.893, 86
Trd, 4318386.193, 95
Trd, 4318387.343, 94
Trd, 4318388.393, 96
Trd, 4318388.993, 94
Trd, 4318389.493, 96
Trd, 4318390.043, 94
Trd, 4318391.993, 96
Trd, 4318392.393, 95
Trd, 4318392.643, 96
Trd, 4318396.593, 96
Trd, 4318397.743, 97
Trd, 4318398.293, 103
Trd, 4318398.893, 104
Trd, 4318399.093, 98
Trd, 4318399.893, 101
Trd, 4318400.943, 104
Trd, 4318402.843, 103
Trd, 4318402.993, 95
Trd, 4318403.593, 104
Trd, 4318404.543, 104
Trd, 4318404.893, 104
Trd, 4318406.693, 100
Trd, 4318407.743, 103
Trd, 4318408.643, 102
Trd, 4318412.143, 103
Trd, 4318413.093, 104
Trd, 4318414.193, 103
Trd, 4318414.593, 102
Trd, 4318414.693, 101
Trd, 4318418.543, 103
Trd, 4318418.743, 103
Trd, 4318419.093, 102
Trd, 4318420.093, 101
Trd, 4318420.193, 100
Trd, 4318422.643, 102
Trd, 4318422.943, 102
Trd, 4318423.343, 101
Trd, 4318425.393, 101
Trd, 4318425.643, 102
Trd, 4318428.993, 102
Trd, 4318429.193, 98
Trd, 4318429.593, 99
Trd, 4318431.493, 101
Trd, 4318432.593, 101
Trd, 4318434.193, 100
Trd, 4318434.643, 99
Trd, 4318434.993, 104
Trd, 4318437.693, 101
Trd, 4318439.193, 113
Trd, 4318439.393, 99
Trd, 4318440.243, 102
Trd, 4318440.593, 95
Trd, 4318441.293, 104
Trd, 4318443.493, 103
Trd, 4318445.943, 106
Trd, 4318447.343, 105
Trd, 4318448.793, 105
Trd, 4318448.893, 104
Trd, 4318450.093, 104
Trd, 4318450.493, 106
Trd, 4318450.893, 103
Trd, 4318451.843, 94
Trd, 4318455.493, 103
Trd, 4318457.343, 104
Trd, 4318457.993, 104
Trd, 4318459.343, 104
Trd, 4318460.343, 102
Trd, 4318460.743, 101
Trd, 4318461.893, 86
Trd, 4318461.993, 104
Trd, 4318463.393, 104
Trd, 4318466.943, 104
Trd, 4318468.643, 105
Trd, 4318469.343, 103
Trd, 4318470.943, 104
Trd, 4318471.043, 102
Trd, 4318473.343, 102
Trd, 4318474.943, 100
Trd, 4318475.543, 103
Trd, 4318477.343, 101
Trd, 4318478.193, 101
Trd, 4318478.843, 102
Trd, 4318478.993, 105
Trd, 4318481.393, 103
Trd, 4318481.543, 95
Trd, 4318483.693, 103
Trd, 4318484.493, 103
Trd, 4318484.993, 100
Trd, 4318486.293, 103
Trd, 4318488.693, 103
Trd, 4318488.993, 102
Trd, 4318490.043, 103
Trd, 4318490.993, 101
Trd, 4318492.293, 98
Trd, 4318492.593, 104
Trd, 4318493.793, 95
Trd, 4318496.043, 76
Trd, 4318497.893, 99
Trd, 4318498.143, 99
Trd, 4318498.993, 100
Trd, 4318499.593, 100
Trd, 4318500.743, 104
Trd, 4318501.893, 105
Trd, 4318502.093, 106
Trd, 4318502.293, 102
Trd, 4318503.143, 103
Trd, 4318506.243, 104
Trd, 4318506.543, 104
Trd, 4318506.893, 103
Trd, 4318507.993, 103
Trd, 4318508.493, 104
Trd, 4318510.793, 97
Trd, 4318511.343, 102
Trd, 4318512.793, 95
Trd, 4318513.243, 102
Trd, 4318514.543, 87
Trd, 4318518.093, 98
Trd, 4318518.393, 98
Trd, 4318518.943, 98
Trd, 4318519.443, 101
Trd, 4318521.043, 100
Trd, 4318521.643, 98
Trd, 4318521.943, 94
Trd, 4318522.793, 98
Trd, 4318523.643, 97
Trd, 4318524.793, 100
Trd, 4318526.343, 103
Trd, 4318527.243, 102
Trd, 4318527.843, 101
Trd, 4318529.293, 104
Trd, 4318530.693, 105
Trd, 4318531.193, 113
Trd, 4318532.643, 112
Trd, 4318534.993, 104
Trd, 4318535.943, 104
Trd, 4318536.343, 94
Trd, 4318537.343, 105
Trd, 4318537.793, 103
Trd, 4318538.493, 107
Trd, 4318539.543, 107
Trd, 4318540.443, 106
Trd, 4318542.293, 106
Trd, 4318543.093, 105
Trd, 4318543.643, 101
Trd, 4318545.043, 101
Trd, 4318546.493, 106
Trd, 4318548.093, 103
Trd, 4318550.843, 103
Trd, 4318551.043, 105
Trd, 4318551.393, 104
Trd, 4318553.793, 103
Trd, 4318555.593, 104
Trd, 4318555.893, 103
Trd, 4318557.793, 104
Trd, 4318557.993, 102
Trd, 4318558.643, 96
Trd, 4318559.143, 104
Trd, 4318562.893, 104
Trd, 4318562.943, 104
Trd, 4318565.043, 104
Trd, 4318565.893, 103
Trd, 4318568.793, 103
Trd, 4318570.543, 102
Trd, 4318572.193, 104
Trd, 4318573.343, 104
Trd, 4318573.743, 104
Trd, 4318574.393, 104
Trd, 4318574.643, 104
Trd, 4318575.143, 103
Trd, 4318575.543, 105
Trd, 4318576.193, 102
Trd, 4318577.793, 103
Trd, 4318580.043, 104
Trd, 4318581.843, 104
Trd, 4318583.043, 103
Trd, 4318583.943, 101
Trd, 4318584.193, 93
Trd, 4318584.443, 104
Trd, 4318586.593, 105
Trd, 4318588.243, 105
Trd, 4318588.443, 106
Trd, 4318590.543, 105
Trd, 4318591.293, 105
Trd, 4318592.843, 104
Trd, 4318594.093, 104
Trd, 4318594.443, 94
Trd, 4318597.193, 105
Trd, 4318597.393, 104
Trd, 4318597.543, 105
Trd, 4318598.943, 104
Trd, 4318599.643, 101
Trd, 4318601.843, 105
Trd, 4318602.543, 104
Trd, 4318603.093, 104
Trd, 4318605.243, 105
Trd, 4318605.943, 104
Trd, 4318607.143, 103
Trd, 4318607.193, 104
Trd, 4318609.693, 103
Trd, 4318610.443, 102
Trd, 4318613.193, 95
Trd, 4318613.893, 99
Trd, 4318615.293, 98
Trd, 4318616.693, 97
Trd, 4318617.693, 87
Trd, 4318619.093, 99
Trd, 4318620.093, 95
Trd, 4318621.293, 98
Trd, 4318623.543, 98
Trd, 4318624.743, 104
Trd, 4318625.293, 104
Trd, 4318625.593, 95
Trd, 4318625.643, 105
Trd, 4318625.693, 75
Trd, 4318628.793, 103
Trd, 4318630.593, 104
Trd, 4318631.143, 98
Trd, 4318632.193, 97
Trd, 4318633.493, 101
Trd, 4318634.893, 96
Trd, 4318636.893, 98
Trd, 4318637.093, 99
Trd, 4318637.643, 98
Trd, 4318639.093, 101
Trd, 4318642.893, 97
Trd, 4318643.443, 99
Trd, 4318643.543, 96
Trd, 4318644.643, 100
Trd, 4318645.843, 100
Trd, 4318646.193, 99
Trd, 4318646.543, 100
Trd, 4318648.893, 97
Trd, 4318650.543, 96
Trd, 4318653.243, 100
Trd, 4318653.393, 96
Trd, 4318653.793, 99
Trd, 4318655.643, 112
Trd, 4318656.043, 100
Trd, 4318656.393, 95
Trd, 4318656.893, 94
Trd, 4318658.593, 101
Trd, 4318661.143, 104
Trd, 4318661.843, 102
Trd, 4318662.543, 104
Trd, 4318662.643, 102
Trd, 4318665.543, 102
Trd, 4318666.143, 97
Trd, 4318666.793, 104
Trd, 4318666.893, 86
Trd, 4318671.543, 100
Trd, 4318671.643, 96
Trd, 4318671.693, 94
Trd, 4318676.243, 99
Trd, 4318676.693, 95
Trd, 4318678.293, 94
Trd, 4318680.043, 99
Trd, 4318680.893, 99
Trd, 4318682.143, 99
Trd, 4318682.293, 97
Trd, 4318684.043, 96
Trd, 4318685.593, 98
Trd, 4318686.043, 99
Trd, 4318686.843, 98
Trd, 4318687.493, 98
Trd, 4318688.143, 95
Trd, 4318688.393, 98
Trd, 4318688.543, 105
Trd, 4318690.193, 99
Trd, 4318690.393, 94
Trd, 4318692.193, 96
Trd, 4318695.043, 97
Trd, 4318695.743, 95
Trd, 4318697.393, 97
Trd, 4318697.793, 98
Trd, 4318698.793, 95
Trd, 4318700.143, 97
Trd, 4318700.743, 97
Trd, 4318702.043, 95
Trd, 4318702.393, 74
Trd, 4318704.643, 105
Trd, 4318704.793, 104
Trd, 4318706.593, 98
Trd, 4318707.493, 98
Trd, 4318710.343, 98
Trd, 4318710.943, 97
Trd, 4318712.343, 113
Trd, 4318712.693, 110
Trd, 4318712.743, 109
Trd, 4318713.843, 108
Trd, 4318715.843, 107
Trd, 4318716.243, 102
Trd, 4318717.843, 103
Trd, 4318719.143, 102
Trd, 4318720.893, 105
Trd, 4318721.393, 102
Trd, 4318722.243, 103
Trd, 4318723.893, 100
Trd, 4318726.393, 99
Trd, 4318727.293, 99
Trd, 4318727.993, 99
Trd, 4318729.093, 99
Trd, 4318730.343, 98
Trd, 4318730.793, 113
Trd, 4318731.743, 104
Trd, 4318731.843, 103
Trd, 4318733.293, 102
Trd, 4318734.143, 107
Trd, 4318734.543, 101
Trd, 4318736.293, 104
Trd, 4318737.593, 95
Trd, 4318739.143, 104
Trd, 4318741.193, 95
Trd, 4318742.293, 96
Trd, 4318742.593, 101
Trd, 4318744.393, 97
Trd, 4318745.543, 101
Trd, 4318747.193, 101
Trd, 4318748.843, 101
Trd, 4318749.193, 102
Trd, 4318749.693, 95
Trd, 4318751.493, 100
Trd, 4318754.493, 99
Trd, 4318754.643, 101
Trd, 4318757.093, 101
Trd, 4318760.343, 99
Trd, 4318761.143, 96
Trd, 4318762.543, 97
Trd, 4318763.343, 104
Trd, 4318763.793, 95
Trd, 4318765.143, 94
Trd, 4318765.993, 97
Trd, 4318766.643, 95
Trd, 4318767.943, 94
Trd, 4318768.893, 96
Trd, 4318770.393, 103
Trd, 4318771.143, 97
Trd, 4318772.593, 95
Trd, 4318774.443, 87
Trd, 4318775.643, 95
Trd, 4318777.193, 94
Trd, 4318778.143, 104
Trd, 4318778.843, 97
Trd, 4318780.393, 92
Trd, 4318781.893, 97
Trd, 4318781.943, 91
Trd, 4318783.693, 80
Trd, 4318786.443, 96
Trd, 4318788.093, 97
Trd, 4318789.043, 97
Trd, 4318789.443, 91
Trd, 4318789.543, 90
Trd, 4318791.343, 97
Trd, 4318792.643, 98
Trd, 4318793.793, 97
Trd, 4318795.343, 96
Trd, 4318795.693, 97
Trd, 4318796.793, 94
Trd, 4318798.593, 95
Trd, 4318800.943, 95
Trd, 4318801.093, 98
Trd, 4318801.443, 104
Trd, 4318804.743, 96
Trd, 4318804.943, 98
Trd, 4318805.043, 95
Trd, 4318807.343, 98
Trd, 4318808.593, 98
Trd, 4318808.943, 94
Trd, 4318810.543, 95
Trd, 4318812.543, 93
Trd, 4318813.743, 98
Trd, 4318815.843, 97
Trd, 4318816.643, 97
Trd, 4318816.993, 94
Trd, 4318818.293, 97
Trd, 4318820.143, 97
Trd, 4318820.243, 103
Trd, 4318820.943, 86
Trd, 4318821.343, 99
Trd, 4318822.693, 93
Trd, 4318823.793, 114
Trd, 4318824.293, 113
Trd, 4318824.443, 101
Trd, 4318824.993, 77
Trd, 4318827.443, 103
Trd, 4318827.643, 104
Trd, 4318829.843, 104
Trd, 4318831.643, 100
Trd, 4318833.443, 97
Trd, 4318834.693, 99
Trd, 4318834.843, 104
Trd, 4318837.043, 103
Trd, 4318839.193, 98
Trd, 4318839.293, 97
Trd, 4318839.743, 102
Trd, 4318839.843, 102
Trd, 4318840.093, 95
Trd, 4318842.443, 102
Trd, 4318844.093, 100
Trd, 4318845.893, 102
Trd, 4318846.893, 94
Trd, 4318847.343, 100
Trd, 4318849.043, 102
Trd, 4318850.943, 86
Trd, 4318851.243, 94
Trd, 4318852.793, 101
Trd, 4318854.743, 97
Trd, 4318855.743, 100
Trd, 4318858.143, 97
Trd, 4318858.843, 99
Trd, 4318860.543, 99
Trd, 4318860.693, 98
Trd, 4318860.843, 97
Trd, 4318861.043, 105
Trd, 4318863.443, 96
Trd, 4318864.993, 98
Trd, 4318866.343, 98
Trd, 4318866.543, 97
Trd, 4318868.243, 95
Trd, 4318870.493, 97
Trd, 4318870.643, 94
Trd, 4318872.343, 95
Trd, 4318873.143, 97
Trd, 4318874.143, 95
Trd, 4318874.643, 97
Trd, 4318876.243, 104
Trd, 4318877.393, 105
Trd, 4318878.493, 104
Trd, 4318878.993, 104
Trd, 4318881.243, 102
Trd, 4318881.793, 99
Trd, 4318882.543, 95
Trd, 4318884.493, 97
Trd, 4318886.243, 95
Trd, 4318887.993, 86
Trd, 4318889.343, 98
Trd, 4318889.443, 98
Trd, 4318890.343, 94
Trd, 4318891.343, 99
Trd, 4318892.043, 98
Trd, 4318893.893, 95
Trd, 4318896.343, 94
Trd, 4318898.693, 105
Trd, 4318899.843, 99
Trd, 4318900.593, 100
Trd, 4318900.893, 95
Trd, 4318901.243, 100
Trd, 4318902.293, 97
Trd, 4318903.043, 98
Trd, 4318903.793, 99
Trd, 4318906.643, 98
Trd, 4318907.843, 98
Trd, 4318909.143, 97
Trd, 4318909.243, 96
Trd, 4318910.893, 86
Trd, 4318912.893, 98
Trd, 4318913.043, 94
Trd, 4318913.493, 98
Trd, 4318914.743, 97
Trd, 4318915.893, 97
Trd, 4318917.743, 98
Trd, 4318918.343, 106
Trd, 4318918.743, 97
Trd, 4318918.843, 96
Trd, 4318922.043, 99
Trd, 4318923.193, 100
Trd, 4318923.393, 104
Trd, 4318924.643, 100
Trd, 4318924.843, 100
Trd, 4318925.193, 99
Trd, 4318926.943, 106
Trd, 4318927.493, 102
Trd, 4318928.193, 112
Trd, 4318929.943, 103
Trd, 4318931.743, 104
Trd, 4318933.343, 102
Trd, 4318933.793, 104
Trd, 4318934.343, 105
Trd, 4318938.143, 102
Trd, 4318938.193, 101
Trd, 4318938.443, 102
Trd, 4318940.043, 98
Trd, 4318940.343, 102
Trd, 4318941.193, 104
Trd, 4318941.793, 104
Trd, 4318941.993, 105
Trd, 4318943.893, 76
Trd, 4318946.743, 97
Trd, 4318947.543, 102
Trd, 4318949.943, 96
Trd, 4318952.993, 99
Trd, 4318954.443, 97
Trd, 4318955.093, 95
Trd, 4318955.343, 99
Trd, 4318956.493, 75
Trd, 4318958.293, 99
Trd, 4318960.043, 91
Trd, 4318962.193, 97
Trd, 4318963.743, 97
Trd, 4318963.843, 98
Trd, 4318964.143, 95
Trd, 4318964.793, 94
Trd, 4318965.593, 104
Trd, 4318965.693, 105
Trd, 4318967.043, 97
Trd, 4318968.943, 96
Trd, 4318970.693, 95
Trd, 4318970.893, 91
Trd, 4318971.143, 95
Trd, 4318971.343, 104
Trd, 4318973.093, 100
Trd, 4318973.943, 101
Trd, 4318975.643, 100
Trd, 4318975.943, 105
Trd, 4318979.143, 104
Trd, 4318980.443, 104
Trd, 4318980.593, 103
Trd, 4318980.993, 102
Trd, 4318983.543, 102
Trd, 4318984.043, 103
Trd, 4318985.643, 102
Trd, 4318986.743, 103
Trd, 4318987.743, 104
Trd, 4318988.593, 102
Trd, 4318990.043, 101
Trd, 4318990.943, 100
Trd, 4318992.943, 102
Trd, 4318993.493, 103
Trd, 4318996.393, 103
Trd, 4318996.643, 102
Trd, 4318998.343, 101
Trd, 4318999.093, 102
Trd, 4318999.393, 95
Trd, 4319001.843, 102
Trd, 4319003.643, 103
Trd, 4319003.793, 102
Trd, 4319004.493, 105
Trd, 4319005.293, 102
Trd, 4319006.543, 103
Trd, 4319007.743, 106
Trd, 4319009.393, 103
Trd, 4319009.993, 102
Trd, 4319010.593, 102
Trd, 4319011.543, 104
Trd, 4319012.943, 103
Trd, 4319013.243, 107
Trd, 4319014.593, 102
Trd, 4319019.943, 104
Trd, 4319022.143, 103
Trd, 4319022.343, 105
Trd, 4319023.643, 105
Trd, 4319023.793, 104
Trd, 4319023.943, 103
Trd, 4319025.693, 102
Trd, 4319026.893, 105
Trd, 4319029.943, 105
Trd, 4319031.393, 105
Trd, 4319031.793, 103
Trd, 4319032.343, 103
Trd, 4319032.643, 104
Trd, 4319032.943, 104
Trd, 4319036.393, 104
Trd, 4319037.193, 104
Trd, 4319037.793, 102
Trd, 4319037.943, 102
Trd, 4319039.193, 95
Trd, 4319039.293, 105
Trd, 4319044.643, 101
Trd, 4319047.843, 104
Trd, 4319048.193, 99
Trd, 4319051.193, 104
Trd, 4319051.743, 104
Trd, 4319052.643, 102
Trd, 4319052.743, 104
Trd, 4319053.143, 100
Trd, 4319055.193, 102
Trd, 4319057.193, 103
Trd, 4319059.143, 103
Trd, 4319060.493, 102
Trd, 4319061.143, 103
Trd, 4319061.943, 95
Trd, 4319062.843, 103
Trd, 4319064.693, 103
Trd, 4319066.043, 104
Trd, 4319066.593, 103
Trd, 4319067.343, 103
Trd, 4319068.243, 101
Trd, 4319068.543, 101
Trd, 4319071.143, 101
Trd, 4319071.443, 98
Trd, 4319072.193, 100
Trd, 4319073.593, 99
Trd, 4319073.843, 98
Trd, 4319074.543, 94
Trd, 4319075.243, 103
Trd, 4319077.343, 97
Trd, 4319078.043, 96
Trd, 4319079.243, 98
Trd, 4319080.693, 97
Trd, 4319082.443, 98
Trd, 4319082.743, 98
Trd, 4319083.543, 98
Trd, 4319085.793, 97
Trd, 4319086.393, 97
Trd, 4319087.543, 96
Trd, 4319088.143, 96
Trd, 4319089.593, 96
Trd, 4319091.793, 97
Trd, 4319092.893, 104
Trd, 4319095.293, 101
Trd, 4319095.493, 100
Trd, 4319097.593, 102
Trd, 4319098.243, 100
Trd, 4319099.693, 99
Trd, 4319100.343, 100
Trd, 4319100.693, 97
Trd, 4319102.143, 100
Trd, 4319102.943, 104
Trd, 4319103.643, 105
Trd, 4319104.093, 103
Trd, 4319105.593, 97
Trd, 4319107.143, 95
Trd, 4319107.193, 100
Trd, 4319109.843, 99
Trd, 4319111.343, 99
Trd, 4319111.693, 105
Trd, 4319112.393, 99
Trd, 4319113.593, 100
Trd, 4319114.743, 97
Trd, 4319116.393, 94
Trd, 4319117.143, 96
Trd, 4319118.043, 97
Trd, 4319118.193, 86
Trd, 4319118.393, 96
Trd, 4319119.243, 104
Trd, 4319119.893, 104
Trd, 4319121.543, 75
Trd, 4319124.343, 89
Trd, 4319125.893, 89
Trd, 4319127.293, 91
Trd, 4319127.793, 102
Trd, 4319128.843, 90
Trd, 4319129.143, 85
Trd, 4319129.343, 92
Trd, 4319130.393, 95
Trd, 4319131.543, 92
Trd, 4319132.643, 94
Trd, 4319133.543, 97
Trd, 4319134.093, 105
Trd, 4319134.643, 95
Trd, 4319135.293, 97
Trd, 4319136.493, 96
Trd, 4319138.243, 94
Trd, 4319139.793, 98
Trd, 4319140.443, 94
Trd, 4319142.843, 105
Trd, 4319143.093, 104
Trd, 4319144.443, 103
Trd, 4319144.543, 106
Trd, 4319144.593, 95
Trd, 4319145.543, 98
Trd, 4319146.893, 99
Trd, 4319146.943, 90
Trd, 4319148.943, 98
Trd, 4319152.193, 100
Trd, 4319152.443, 99
Trd, 4319153.193, 99
Trd, 4319154.343, 95
Trd, 4319154.843, 99
Trd, 4319156.143, 96
Trd, 4319158.943, 98
Trd, 4319159.143, 98
Trd, 4319162.543, 97
Trd, 4319162.743, 98
Trd, 4319163.893, 98
Trd, 4319164.443, 96
Trd, 4319165.343, 98
Trd, 4319166.093, 93
Trd, 4319169.343, 98
Trd, 4319169.443, 97
Trd, 4319170.193, 98
Trd, 4319170.393, 96
Trd, 4319173.543, 98
Trd, 4319173.593, 95
Trd, 4319176.743, 96
Trd, 4319177.543, 97
Trd, 4319179.393, 97
Trd, 4319179.843, 95
Trd, 4319180.393, 94
Trd, 4319181.993, 96
Trd, 4319183.393, 97
Trd, 4319184.443, 97
Trd, 4319186.593, 94
Trd, 4319187.093, 97
Trd, 4319187.643, 97
Trd, 4319188.893, 99
Trd, 4319189.893, 94
Trd, 4319190.043, 98
Trd, 4319192.143, 98
Trd, 4319192.193, 104
Trd, 4319192.643, 103
Trd, 4319193.093, 102
Trd, 4319194.893, 100
Trd, 4319196.093, 103
Trd, 4319198.293, 104
Trd, 4319198.643, 101
Trd, 4319199.943, 99
Trd, 4319202.093, 101
Trd, 4319203.643, 99
Trd, 4319204.743, 100
Trd, 4319205.443, 100
Trd, 4319205.743, 100
Trd, 4319205.793, 86
Trd, 4319205.993, 76
Trd, 4319207.143, 99
Trd, 4319210.093, 96
Trd, 4319212.243, 96
Trd, 4319212.393, 104
Trd, 4319215.093, 101
Trd, 4319217.193, 98
Trd, 4319219.293, 101
Trd, 4319219.393, 101
Trd, 4319220.143, 101
Trd, 4319220.443, 104
Trd, 4319220.593, 95
Trd, 4319221.843, 104
Trd, 4319222.743, 104
Trd, 4319223.343, 115
Trd, 4319224.543, 115
Trd, 4319224.693, 112
Trd, 4319225.343, 104
Trd, 4319225.593, 94
Trd, 4319230.393, 104
Trd, 4319230.943, 104
Trd, 4319231.743, 107
Trd, 4319233.543, 103
Trd, 4319234.293, 105
Trd, 4319235.143, 105
Trd, 4319237.593, 105
Trd, 4319237.843, 104
Trd, 4319239.043, 102
Trd, 4319239.143, 104
Trd, 4319239.443, 93
Trd, 4319240.343, 98
Trd, 4319242.543, 94
Trd, 4319243.893, 98
Trd, 4319243.943, 95
Trd, 4319245.893, 104
Trd, 4319246.293, 94
Trd, 4319246.643, 102
Trd, 4319248.043, 102
Trd, 4319249.893, 100
Trd, 4319251.943, 98
Trd, 4319253.443, 99
Trd, 4319253.843, 104
Trd, 4319253.943, 97
Trd, 4319255.743, 97
Trd, 4319257.193, 100
Trd, 4319259.443, 99
Trd, 4319260.193, 98
Trd, 4319261.143, 97
Trd, 4319261.943, 99
Trd, 4319262.243, 94
Trd, 4319262.693, 104
Trd, 4319263.943, 99
Trd, 4319264.843, 96
Trd, 4319266.593, 95
Trd, 4319269.443, 93
Trd, 4319270.793, 96
Trd, 4319271.043, 96
Trd, 4319272.693, 97
Trd, 4319273.793, 97
Trd, 4319275.393, 96
Trd, 4319276.493, 99
Trd, 4319278.243, 97
Trd, 4319278.743, 86
Trd, 4319280.593, 97
Trd, 4319281.443, 96
Trd, 4319282.543, 95
Trd, 4319282.843, 86
Trd, 4319283.043, 97
Trd, 4319283.743, 96
Trd, 4319284.343, 95
Trd, 4319284.893, 105
Trd, 4319287.643, 95
Trd, 4319287.943, 80
Trd, 4319290.093, 111
Trd, 4319291.693, 110
Trd, 4319294.393, 108
Trd, 4319294.693, 106
Trd, 4319296.643, 109
Trd, 4319296.843, 107
Trd, 4319297.593, 102
Trd, 4319299.893, 104
Trd, 4319300.393, 106
Trd, 4319300.843, 104
Trd, 4319301.593, 86
Trd, 4319302.843, 105
Trd, 4319304.093, 104
Trd, 4319304.293, 100
Trd, 4319305.193, 100
Trd, 4319307.793, 101
Trd, 4319310.593, 101
Trd, 4319311.743, 101
Trd, 4319311.843, 100
Trd, 4319313.793, 103
Trd, 4319314.143, 101
Trd, 4319315.543, 100
Trd, 4319316.643, 94
Trd, 4319317.243, 101
Trd, 4319319.043, 98
Trd, 4319321.043, 100
Trd, 4319321.493, 100
Trd, 4319321.893, 97
Trd, 4319323.343, 97
Trd, 4319325.493, 99
Trd, 4319326.143, 99
Trd, 4319328.193, 97
Trd, 4319330.493, 99
Trd, 4319330.643, 97
Trd, 4319331.493, 99
Trd, 4319331.593, 96
Trd, 4319332.493, 100
Trd, 4319334.693, 96
Trd, 4319335.693, 99
Trd, 4319335.993, 100
Trd, 4319336.043, 100
Trd, 4319338.993, 95
Trd, 4319339.693, 100
Trd, 4319339.943, 100
Trd, 4319340.693, 95
Trd, 4319344.793, 99
Trd, 4319345.443, 98
Trd, 4319346.143, 95
Trd, 4319347.193, 98
Trd, 4319347.493, 96
Trd, 4319348.793, 93
Trd, 4319350.543, 93
Trd, 4319351.943, 98
Trd, 4319352.393, 96
Trd, 4319354.493, 94
Trd, 4319355.193, 96
Trd, 4319355.693, 98
Trd, 4319357.843, 98
Trd, 4319358.593, 104
Trd, 4319359.193, 97
Trd, 4319360.393, 111
Trd, 4319360.543, 103
Trd, 4319362.593, 104
Trd, 4319364.443, 95
Trd, 4319365.543, 99
Trd, 4319367.043, 98
Trd, 4319367.243, 99
Trd, 4319369.093, 106
Trd, 4319370.193, 106
Trd, 4319370.693, 103
Trd, 4319371.043, 95
Trd, 4319372.493, 76
Trd, 4319373.143, 99
Trd, 4319375.043, 97
Trd, 4319376.743, 95
Trd, 4319377.043, 97
Trd, 4319378.343, 97
Trd, 4319380.043, 98
Trd, 4319380.993, 78
Trd, 4319381.143, 76
Trd, 4319381.843, 113
Trd, 4319383.593, 103
Trd, 4319384.793, 104
Trd, 4319385.143, 105
Trd, 4319385.893, 103
Trd, 4319386.293, 113
Trd, 4319387.043, 104
Trd, 4319388.243, 105
Trd, 4319389.243, 103
Trd, 4319390.543, 106
Trd, 4319391.943, 105
Trd, 4319394.643, 104
Trd, 4319398.143, 104
Trd, 4319398.343, 103
Trd, 4319398.693, 104
Trd, 4319399.593, 104
Trd, 4319399.643, 95
Trd, 4319400.993, 103
Trd, 4319401.843, 86
Trd, 4319403.993, 102
Trd, 4319405.393, 102
Trd, 4319407.093, 102
Trd, 4319407.893, 97
Trd, 4319408.993, 97
Trd, 4319412.193, 105
Trd, 4319412.743, 100
Trd, 4319413.693, 103
Trd, 4319414.193, 104
Trd, 4319415.243, 103
Trd, 4319416.893, 104
Trd, 4319418.543, 104
Trd, 4319418.843, 103
Trd, 4319419.543, 101
Trd, 4319419.743, 104
Trd, 4319420.093, 94
Trd, 4319421.993, 95
Trd, 4319422.593, 95
Trd, 4319424.693, 98
Trd, 4319425.543, 96
Trd, 4319426.743, 96
Trd, 4319428.493, 97
Trd, 4319429.043, 97
Trd, 4319430.943, 97
Trd, 4319431.143, 95
Trd, 4319433.743, 96
Trd, 4319434.143, 97
Trd, 4319434.243, 96
Trd, 4319434.743, 97
Trd, 4319436.393, 97
Trd, 4319438.093, 102
Trd, 4319438.243, 104
Trd, 4319438.693, 97
Trd, 4319441.243, 95
Trd, 4319442.093, 94
Trd, 4319442.293, 100
Trd, 4319442.543, 94
Trd, 4319445.393, 99
Trd, 4319446.843, 95
Trd, 4319447.743, 99
Trd, 4319448.293, 96
Trd, 4319449.793, 99
Trd, 4319450.493, 95
Trd, 4319451.043, 87
Trd, 4319453.143, 99
Trd, 4319457.493, 97
Trd, 4319457.893, 95
Trd, 4319458.093, 97
Trd, 4319459.493, 96
Trd, 4319460.243, 97
Trd, 4319460.993, 97
Trd, 4319461.393, 95
Trd, 4319462.543, 94
Trd, 4319463.343, 95
Trd, 4319465.993, 97
Trd, 4319468.943, 96
Trd, 4319469.193, 95
Trd, 4319469.343, 104
Trd, 4319469.693, 113
Trd, 4319469.843, 106
Trd, 4319470.143, 77
Trd, 4319470.943, 101
Trd, 4319471.143, 103
Trd, 4319475.393, 100
Trd, 4319475.893, 100
Trd, 4319477.043, 100
Trd, 4319477.193, 104
Trd, 4319477.693, 99
Trd, 4319479.293, 104
Trd, 4319479.893, 102
Trd, 4319480.493, 102
Trd, 4319481.293, 95
Trd, 4319482.343, 102
Trd, 4319482.893, 104
Trd, 4319484.543, 80
Trd, 4319486.843, 95
Trd, 4319488.643, 96
Trd, 4319488.843, 102
Trd, 4319491.693, 99
Trd, 4319492.443, 99
Trd, 4319493.643, 95
Trd, 4319494.993, 96
Trd, 4319496.093, 99
Trd, 4319498.393, 99
Trd, 4319499.693, 99
Trd, 4319500.343, 95
Trd, 4319500.643, 86
Trd, 4319500.943, 99
Trd, 4319503.493, 95
Trd, 4319504.893, 99
Trd, 4319505.043, 79
Trd, 4319505.443, 99
Trd, 4319508.543, 95
Trd, 4319508.643, 99
Trd, 4319510.993, 99
Trd, 4319512.743, 99
Trd, 4319512.793, 98
Trd, 4319514.593, 99
Trd, 4319514.993, 97
Trd, 4319515.593, 95
Trd, 4319519.143, 97
Trd, 4319519.843, 99
Trd, 4319520.343, 95
Trd, 4319521.743, 99
Trd, 4319523.843, 96
Trd, 4319523.893, 100
Trd, 4319525.243, 95
Trd, 4319528.043, 97
Trd, 4319529.793, 95
Trd, 4319531.393, 97
Trd, 4319532.693, 94
Trd, 4319532.893, 95
Trd, 4319533.893, 97
Trd, 4319533.943, 95
Trd, 4319535.143, 97
Trd, 4319535.543, 99
Trd, 4319537.693, 99
Trd, 4319539.293, 100
Trd, 4319539.743, 105
Trd, 4319540.293, 104
Trd, 4319541.493, 102
Trd, 4319541.743, 100
Trd, 4319542.343, 102
Trd, 4319542.943, 95
Trd, 4319543.043, 104
Trd, 4319545.643, 99
Trd, 4319547.043, 99
Trd, 4319548.043, 98
Trd, 4319548.243, 99
Trd, 4319549.393, 99
Trd, 4319550.193, 99
Trd, 4319551.493, 99
Trd, 4319551.893, 97
Trd, 4319553.093, 96
Trd, 4319553.893, 104
Trd, 4319554.993, 94
Trd, 4319556.143, 98
Trd, 4319560.443, 97
Trd, 4319560.993, 95
Trd, 4319561.043, 97
Trd, 4319561.543, 104
Trd, 4319562.643, 94
Trd, 4319564.793, 113
Trd, 4319565.793, 113
Trd, 4319566.243, 113
Trd, 4319567.143, 104
Trd, 4319568.193, 96
Trd, 4319570.043, 104
Trd, 4319570.543, 104
Trd, 4319572.543, 104
Trd, 4319573.543, 104
Trd, 4319575.093, 105
Trd, 4319576.793, 104
Trd, 4319576.893, 102
Trd, 4319580.143, 105
Trd, 4319580.343, 105
Trd, 4319581.693, 104
Trd, 4319582.593, 103
Trd, 4319583.293, 104
Trd, 4319583.643, 103
Trd, 4319585.043, 105
Trd, 4319586.543, 103
Trd, 4319588.543, 105
Trd, 4319590.193, 104
Trd, 4319591.593, 105
Trd, 4319592.593, 103
Trd, 4319592.643, 105
Trd, 4319593.743, 105
Trd, 4319595.243, 105
Trd, 4319597.843, 104
Trd, 4319597.993, 105
Trd, 4319598.493, 105
Trd, 4319599.443, 102
Trd, 4319600.193, 86
Trd, 4319601.643, 92
Trd, 4319603.793, 97
Trd, 4319604.343, 96
Trd, 4319605.593, 97
Trd, 4319605.743, 96
Trd, 4319607.893, 95
Trd, 4319609.343, 96
Trd, 4319610.543, 96
Trd, 4319611.443, 96
Trd, 4319611.743, 95
Trd, 4319612.193, 86
Trd, 4319616.293, 94
Trd, 4319617.143, 94
Trd, 4319618.343, 96
Trd, 4319620.093, 96
Trd, 4319620.343, 96
Trd, 4319621.893, 94
Trd, 4319623.593, 96
Trd, 4319624.343, 93
Trd, 4319624.543, 96
Trd, 4319625.093, 93
Trd, 4319625.993, 76
Trd, 4319628.693, 94
Trd, 4319629.393, 91
Trd, 4319630.843, 94
Trd, 4319631.143, 93
Trd, 4319632.443, 96
Trd, 4319633.543, 95
Trd, 4319633.993, 94
Trd, 4319634.193, 96
Trd, 4319635.743, 104
Trd, 4319636.593, 95
Trd, 4319638.393, 93
Trd, 4319639.343, 97
Trd, 4319640.293, 95
Trd, 4319641.443, 96
Trd, 4319643.443, 94
Trd, 4319643.643, 96
Trd, 4319644.493, 95
Trd, 4319645.643, 96
Trd, 4319647.393, 96
Trd, 4319647.743, 97
Trd, 4319647.893, 95
Trd, 4319650.293, 96
Trd, 4319651.693, 102
Trd, 4319653.343, 98
Trd, 4319654.143, 96
Trd, 4319654.443, 104
Trd, 4319654.643, 100
Trd, 4319655.043, 95
Trd, 4319655.743, 105
Trd, 4319657.043, 97
Trd, 4319660.643, 101
Trd, 4319660.843, 98
Trd, 4319663.293, 101
Trd, 4319664.243, 97
Trd, 4319667.243, 101
Trd, 4319668.943, 97
Trd, 4319670.343, 97
Trd, 4319671.943, 96
Trd, 4319673.193, 99
Trd, 4319673.993, 98
Trd, 4319675.543, 100
Trd, 4319675.893, 95
Trd, 4319677.893, 98
Trd, 4319678.793, 97
Trd, 4319679.443, 95
Trd, 4319679.493, 98
Trd, 4319680.593, 98
Trd, 4319680.643, 95
Trd, 4319680.693, 104
Trd, 4319681.093, 95
Trd, 4319682.593, 100
Trd, 4319685.143, 100
Trd, 4319687.393, 101
Trd, 4319687.593, 97
Trd, 4319689.493, 100
Trd, 4319690.693, 101
Trd, 4319691.193, 104
Trd, 4319693.393, 100
Trd, 4319693.943, 95
Trd, 4319694.293, 101
Trd, 4319696.393, 96
Trd, 4319696.793, 90
Trd, 4319697.743, 95
Trd, 4319698.843, 93
Trd, 4319700.643, 96
Trd, 4319702.093, 96
Trd, 4319702.743, 95
Trd, 4319703.243, 96
Trd, 4319703.593, 92
Trd, 4319705.243, 95
Trd, 4319706.043, 91
Trd, 4319707.893, 91
Trd, 4319709.093, 96
Trd, 4319709.243, 96
Trd, 4319709.743, 96
Trd, 4319710.593, 96
Trd, 4319711.043, 104
Trd, 4319713.443, 104
Trd, 4319713.493, 103
Trd, 4319714.693, 104
Trd, 4319715.693, 102
Trd, 4319717.193, 100
Trd, 4319717.893, 86
Trd, 4319717.943, 75
Trd, 4319718.593, 100
Trd, 4319719.443, 101
Trd, 4319720.643, 103
Trd, 4319721.643, 101
Trd, 4319722.943, 100
Trd, 4319723.443, 102
Trd, 4319723.993, 101
Trd, 4319724.243, 95
Trd, 4319725.143, 104
Trd, 4319727.593, 102
Trd, 4319729.093, 102
Trd, 4319729.943, 99
Trd, 4319729.993, 103
Trd, 4319730.393, 86
Trd, 4319731.793, 90
Trd, 4319732.393, 95
Trd, 4319733.193, 104
Trd, 4319733.743, 103
Trd, 4319736.643, 102
Trd, 4319737.443, 101
Trd, 4319739.693, 95
Trd, 4319741.743, 103
Trd, 4319743.393, 102
Trd, 4319745.793, 98
Trd, 4319746.793, 98
Trd, 4319748.093, 101
Trd, 4319748.143, 97
Trd, 4319749.693, 101
Trd, 4319751.443, 96
Trd, 4319752.343, 101
Trd, 4319752.993, 95
Trd, 4319755.043, 94
Trd, 4319756.993, 101
Trd, 4319757.343, 101
Trd, 4319758.943, 99
Trd, 4319760.343, 98
Trd, 4319763.193, 101
Trd, 4319763.543, 98
Trd, 4319764.493, 101
Trd, 4319767.343, 102
Trd, 4319768.293, 98
Trd, 4319769.543, 97
Trd, 4319769.893, 93
Trd, 4319770.193, 101
Trd, 4319772.243, 104
Trd, 4319773.093, 94
Trd, 4319775.293, 95
Trd, 4319775.793, 101
Trd, 4319778.243, 101
Trd, 4319779.343, 100
Trd, 4319780.193, 104
Trd, 4319781.143, 102
Trd, 4319781.193, 99
Trd, 4319781.993, 113
Trd, 4319782.543, 95
Trd, 4319783.843, 86
Trd, 4319786.893, 99
Trd, 4319787.543, 104
Trd, 4319788.543, 98
Trd, 4319788.743, 97
Trd, 4319790.193, 101
Trd, 4319793.643, 96
Trd, 4319795.443, 101
Trd, 4319795.893, 101
Trd, 4319796.193, 98
Trd, 4319797.043, 98
Trd, 4319799.043, 101
Trd, 4319800.093, 97
Trd, 4319800.143, 100
Trd, 4319803.843, 96
Trd, 4319803.893, 96
Trd, 4319804.893, 103
Trd, 4319806.143, 100
Trd, 4319806.793, 100
Trd, 4319807.093, 99
Trd, 4319809.243, 99
Trd, 4319809.393, 75
Trd, 4319810.943, 95
Trd, 4319811.193, 100
Trd, 4319814.193, 100
Trd, 4319815.143, 103
Trd, 4319815.693, 100
Trd, 4319816.993, 100
Trd, 4319817.493, 99
Trd, 4319820.243, 100
Trd, 4319820.543, 97
Trd, 4319821.693, 98
Trd, 4319822.943, 103
Trd, 4319823.293, 104
Trd, 4319824.793, 104
Trd, 4319824.843, 103
Trd, 4319825.443, 105
Trd, 4319826.193, 95
Trd, 4319827.943, 97
Trd, 4319829.593, 99
Trd, 4319829.843, 99
Trd, 4319830.693, 97
Trd, 4319831.643, 99
Trd, 4319835.243, 99
Trd, 4319835.343, 99
Trd, 4319835.393, 97
Trd, 4319835.443, 96
Trd, 4319835.843, 105
Trd, 4319838.843, 103
Trd, 4319839.193, 95
Trd, 4319840.593, 105
Trd, 4319841.093, 95
Trd, 4319843.293, 103
Trd, 4319844.443, 102
Trd, 4319845.043, 99
Trd, 4319847.043, 99
Trd, 4319849.543, 102
Trd, 4319849.693, 102
Trd, 4319850.343, 98
Trd, 4319852.893, 98
Trd, 4319853.293, 96
Trd, 4319855.043, 102
Trd, 4319856.493, 104
Trd, 4319857.743, 100
Trd, 4319861.543, 102
Trd, 4319861.793, 101
Trd, 4319862.143, 100
Trd, 4319863.993, 103
Trd, 4319864.393, 99
Trd, 4319865.493, 104
Trd, 4319865.943, 98
Trd, 4319868.893, 100
Trd, 4319871.143, 100
Trd, 4319871.393, 100
Trd, 4319871.693, 98
Trd, 4319872.043, 97
Trd, 4319875.143, 97
Trd, 4319876.143, 99
Trd, 4319878.443, 99
Trd, 4319878.543, 96
Trd, 4319879.743, 99
Trd, 4319880.143, 99
Trd, 4319881.993, 96
Trd, 4319882.693, 95
Trd, 4319886.143, 102
Trd, 4319886.493, 97
Trd, 4319886.593, 95
Trd, 4319889.043, 100
Trd, 4319891.443, 100
Trd, 4319891.593, 99
Trd, 4319894.243, 100
Trd, 4319894.593, 96
Trd, 4319895.443, 97
Trd, 4319896.593, 100
Trd, 4319896.893, 97
Trd, 4319900.643, 99
Trd, 4319901.593, 99
Trd, 4319902.193, 98
Trd, 4319902.593, 105
Trd, 4319903.693, 104
Trd, 4319903.943, 104
Trd, 4319904.593, 86
Trd, 4319909.193, 101
Trd, 4319910.093, 101
Trd, 4319912.343, 101
Trd, 4319912.493, 101
Trd, 4319913.793, 98
Trd, 4319914.643, 98
Trd, 4319915.293, 102
Trd, 4319915.343, 104
Trd, 4319916.043, 86
Trd, 4319918.993, 100
Trd, 4319920.443, 98
Trd, 4319921.343, 99
Trd, 4319923.893, 99
Trd, 4319924.093, 99
Trd, 4319924.243, 98
Trd, 4319926.743, 99
Trd, 4319927.043, 104
Trd, 4319927.293, 98
Trd, 4319928.943, 100
Trd, 4319930.043, 99
Trd, 4319931.093, 100
Trd, 4319931.293, 99
Trd, 4319931.443, 100
Trd, 4319932.643, 98
Trd, 4319936.293, 98
Trd, 4319937.343, 101
Trd, 4319938.143, 99
Trd, 4319939.593, 100
Trd, 4319941.943, 100
Trd, 4319942.693, 99
Trd, 4319943.343, 113
Trd, 4319943.643, 99
Trd, 4319944.693, 102
Trd, 4319947.193, 102
Trd, 4319947.743, 95
Trd, 4319948.843, 86
Trd, 4319949.493, 102
Trd, 4319950.843, 97
Trd, 4319951.193, 99
Trd, 4319951.843, 99
Trd, 4319953.443, 102
Trd, 4319954.793, 101
Trd, 4319955.193, 104
Trd, 4319955.943, 102
Trd, 4319956.793, 101
Trd, 4319957.843, 104
Trd, 4319959.693, 101
Trd, 4319963.943, 101
Trd, 4319964.343, 99
Trd, 4319966.543, 101
Trd, 4319966.593, 99
Trd, 4319967.743, 101
Trd, 4319968.543, 99
Trd, 4319968.893, 98
Trd, 4319970.643, 100
Trd, 4319971.493, 100
Trd, 4319973.543, 100
Trd, 4319973.793, 98
Trd, 4319974.543, 100
Trd, 4319976.443, 102
Trd, 4319976.493, 100
Trd, 4319977.193, 95
Trd, 4319979.443, 113
Trd, 4319979.493, 102
Trd, 4319980.793, 95
Trd, 4319982.443, 99
Trd, 4319983.993, 99
Trd, 4319985.193, 103
Trd, 4319985.993, 104
Trd, 4319988.643, 103
Trd, 4319989.143, 102
Trd, 4319989.893, 103
Trd, 4319990.393, 103
Trd, 4319991.143, 103
Trd, 4319991.843, 105
Trd, 4319994.343, 102
Trd, 4319995.443, 103
Trd, 4319997.443, 104
Trd, 4319999.993, 94
