Trd, 4317885.943, 100
Trd, 4317887.343, 104
Trd, 4317888.243, 108
Trd, 4317889.343, 118
Trd, 4317893.643, 100
Trd, 4317893.743, 94
Trd, 4317894.893, 113
Trd, 4317895.543, 102
Trd, 4317897.393, 97
Trd, 4317897.493, 106
Trd, 4317900.143, 103
Trd, 4317902.893, 103
Trd, 4317902.943, 102
Trd, 4317903.293, 109
Trd, 4317903.743, 108
Trd, 4317906.993, 108
Trd, 4317909.243, 90
Trd, 4317909.443, 91
Trd, 4317910.043, 100
Trd, 4317910.793, 96
Trd, 4317912.443, 106
Trd, 4317912.693, 109
Trd, 4317915.043, 106
Trd, 4317915.493, 103
Trd, 4317918.243, 108
Trd, 4317918.493, 103
Trd, 4317918.993, 85
Trd, 4317919.593, 98
Trd, 4317920.393, 97
Trd, 4317921.493, 97
Trd, 4317923.193, 107
Trd, 4317924.093, 102
Trd, 4317926.493, 101
Trd, 4317926.643, 102
Trd, 4317927.643, 109
Trd, 4317927.993, 84
Trd, 4317932.793, 100
Trd, 4317934.443, 99
Trd, 4317934.543, 96
Trd, 4317935.343, 99
Trd, 4317935.743, 107
Trd, 4317939.243, 94
Trd, 4317939.343, 100
Trd, 4317940.843, 97
Trd, 4317941.643, 97
Trd, 4317941.943, 96
Trd, 4317941.993, 106
Trd, 4317943.393, 95
Trd, 4317944.443, 93
Trd, 4317947.293, 101
Trd, 4317948.393, 97
Trd, 4317949.443, 103
Trd, 4317950.393, 101
Trd, 4317951.243, 102
Trd, 4317951.643, 104
Trd, 4317951.793, 103
Trd, 4317954.743, 101
Trd, 4317955.443, 107
Trd, 4317957.943, 103
Trd, 4317958.293, 100
Trd, 4317960.643, 103
Trd, 4317961.043, 105
Trd, 4317963.443, 101
Trd, 4317963.643, 103
Trd, 4317964.293, 104
Trd, 4317965.943, 102
Trd, 4317966.643, 103
Trd, 4317967.593, 102
Trd, 4317968.143, 100
Trd, 4317970.043, 104
Trd, 4317972.293, 104
Trd, 4317973.043, 104
Trd, 4317974.343, 100
Trd, 4317975.293, 103
Trd, 4317975.893, 100
Trd, 4317977.093, 102
Trd, 4317977.543, 101
Trd, 4317979.643, 92
Trd, 4317980.043, 93
Trd, 4317980.443, 104
Trd, 4317982.393, 95
Trd, 4317983.943, 89
Trd, 4317985.043, 93
Trd, 4317985.243, 95
Trd, 4317987.543, 95
Trd, 4317988.743, 92
Trd, 4317991.393, 95
Trd, 4317992.993, 95
Trd, 4317995.893, 95
Trd, 4317996.993, 92
Trd, 4317997.293, 95
Trd, 4317997.993, 106
Trd, 4317998.643, 100
Trd, 4317999.793, 97
Trd, 4318000.743, 101
Trd, 4318001.743, 101
Trd, 4318003.243, 97
Trd, 4318004.343, 96
Trd, 4318006.293, 90
Trd, 4318006.593, 90
Trd, 4318006.743, 95
Trd, 4318010.443, 89
Trd, 4318010.943, 84
Trd, 4318011.893, 97
Trd, 4318014.193, 90
Trd, 4318014.793, 93
Trd, 4318015.393, 89
Trd, 4318016.743, 93
Trd, 4318017.193, 93
Trd, 4318018.493, 93
Trd, 4318018.793, 90
Trd, 4318020.693, 92
Trd, 4318022.543, 95
Trd, 4318023.293, 94
Trd, 4318023.643, 96
Trd, 4318025.643, 92
Trd, 4318027.143, 97
Trd, 4318028.493, 98
Trd, 4318029.643, 98
Trd, 4318030.093, 92
Trd, 4318031.193, 89
Trd, 4318032.493, 98
Trd, 4318034.643, 95
Trd, 4318035.093, 98
Trd, 4318035.443, 106
Trd, 4318036.293, 107
Trd, 4318037.343, 105
Trd, 4318040.243, 106
Trd, 4318040.693, 104
Trd, 4318041.643, 107
Trd, 4318042.693, 108
Trd, 4318042.743, 103
Trd, 4318042.993, 102
Trd, 4318044.793, 107
Trd, 4318047.243, 90
Trd, 4318047.743, 99
Trd, 4318048.143, 85
Trd, 4318048.793, 97
Trd, 4318051.743, 94
Trd, 4318052.543, 91
Trd, 4318052.643, 107
Trd, 4318053.743, 113
Trd, 4318055.343, 109
Trd, 4318055.893, 113
Trd, 4318057.643, 103
Trd, 4318057.793, 115
Trd, 4318059.143, 112
Trd, 4318062.643, 113
Trd, 4318064.643, 106
Trd, 4318065.993, 105
Trd, 4318066.393, 114
Trd, 4318066.543, 102
Trd, 4318068.343, 98
Trd, 4318068.643, 109
Trd, 4318070.143, 99
Trd, 4318071.093, 101
Trd, 4318071.393, 106
Trd, 4318073.243, 100
Trd, 4318074.293, 102
Trd, 4318075.693, 107
Trd, 4318077.043, 99
Trd, 4318078.393, 101
Trd, 4318079.993, 101
Trd, 4318080.793, 94
Trd, 4318080.893, 99
Trd, 4318082.593, 97
Trd, 4318085.893, 97
Trd, 4318086.343, 98
Trd, 4318087.593, 95
Trd, 4318089.043, 69
Trd, 4318090.043, 84
Trd, 4318091.093, 104
Trd, 4318091.643, 101
Trd, 4318092.793, 89
Trd, 4318094.643, 92
Trd, 4318096.443, 92
Trd, 4318096.493, 96
Trd, 4318098.843, 103
Trd, 4318099.493, 99
Trd, 4318100.493, 102
Trd, 4318101.743, 103
Trd, 4318104.043, 101
Trd, 4318104.943, 90
Trd, 4318107.893, 96
Trd, 4318108.443, 96
Trd, 4318109.643, 95
Trd, 4318111.793, 98
Trd, 4318112.543, 97
Trd, 4318113.843, 96
Trd, 4318113.993, 97
Trd, 4318115.443, 97
Trd, 4318115.743, 96
Trd, 4318117.243, 95
Trd, 4318118.693, 94
Trd, 4318118.893, 104
Trd, 4318121.093, 98
Trd, 4318121.493, 98
Trd, 4318122.243, 97
Trd, 4318125.743, 96
Trd, 4318126.443, 97
Trd, 4318126.743, 95
Trd, 4318127.993, 93
Trd, 4318129.293, 96
Trd, 4318131.193, 85
Trd, 4318133.093, 98
Trd, 4318133.793, 109
Trd, 4318134.593, 104
Trd, 4318136.193, 104
Trd, 4318136.243, 104
Trd, 4318137.343, 104
Trd, 4318137.843, 102
Trd, 4318138.693, 102
Trd, 4318139.943, 105
Trd, 4318142.743, 103
Trd, 4318143.293, 105
Trd, 4318144.493, 101
Trd, 4318145.593, 103
Trd, 4318147.343, 95
Trd, 4318148.743, 98
Trd, 4318150.093, 121
Trd, 4318150.243, 120
Trd, 4318151.193, 83
Trd, 4318151.843, 75
Trd, 4318152.343, 80
Trd, 4318155.143, 87
Trd, 4318155.243, 117
Trd, 4318156.843, 106
Trd, 4318157.243, 131
Trd, 4318157.593, 100
Trd, 4318162.143, 107
Trd, 4318163.393, 104
Trd, 4318164.043, 105
Trd, 4318164.093, 103
Trd, 4318164.343, 85
Trd, 4318164.843, 93
Trd, 4318165.893, 84
Trd, 4318166.843, 92
Trd, 4318169.593, 91
Trd, 4318170.543, 89
Trd, 4318171.143, 95
Trd, 4318172.143, 127
Trd, 4318172.843, 97
Trd, 4318174.693, 124
Trd, 4318176.093, 102
Trd, 4318177.493, 101
Trd, 4318179.943, 103
Trd, 4318180.493, 101
Trd, 4318180.693, 100
Trd, 4318181.393, 85
Trd, 4318182.293, 99
Trd, 4318183.493, 98
Trd, 4318185.143, 92
Trd, 4318186.893, 95
Trd, 4318188.243, 95
Trd, 4318190.293, 96
Trd, 4318190.643, 104
Trd, 4318193.643, 99
Trd, 4318193.943, 96
Trd, 4318194.493, 99
Trd, 4318196.193, 95
Trd, 4318197.743, 99
Trd, 4318197.893, 104
Trd, 4318198.393, 96
Trd, 4318201.793, 101
Trd, 4318203.843, 99
Trd, 4318205.093, 99
Trd, 4318205.843, 104
Trd, 4318205.943, 97
Trd, 4318207.543, 84
Trd, 4318207.793, 103
Trd, 4318209.293, 103
Trd, 4318210.443, 122
Trd, 4318211.343, 114
Trd, 4318212.593, 101
Trd, 4318214.193, 100
Trd, 4318215.743, 100
Trd, 4318218.893, 99
Trd, 4318219.493, 100
Trd, 4318220.193, 100
Trd, 4318221.343, 101
Trd, 4318222.643, 103
Trd, 4318226.093, 100
Trd, 4318226.143, 100
Trd, 4318227.693, 104
Trd, 4318230.743, 101
Trd, 4318233.743, 100
Trd, 4318235.743, 99
Trd, 4318237.743, 100
Trd, 4318238.393, 98
Trd, 4318241.443, 99
Trd, 4318242.393, 99
Trd, 4318242.993, 97
Trd, 4318245.543, 99
Trd, 4318245.693, 99
Trd, 4318247.193, 99
Trd, 4318248.193, 96
Trd, 4318248.543, 97
Trd, 4318250.543, 95
Trd, 4318251.643, 95
Trd, 4318254.043, 83
Trd, 4318254.643, 104
Trd, 4318255.943, 98
Trd, 4318258.843, 95
Trd, 4318259.043, 96
Trd, 4318260.643, 93
Trd, 4318262.693, 96
Trd, 4318263.443, 96
Trd, 4318264.993, 94
Trd, 4318265.643, 96
Trd, 4318267.143, 95
Trd, 4318267.993, 96
Trd, 4318268.193, 94
Trd, 4318271.943, 93
Trd, 4318272.343, 96
Trd, 4318272.493, 96
Trd, 4318272.943, 96
Trd, 4318273.043, 91
Trd, 4318275.693, 95
Trd, 4318277.543, 93
Trd, 4318278.643, 92
Trd, 4318279.993, 96
Trd, 4318280.243, 94
Trd, 4318282.693, 90
Trd, 4318283.293, 91
Trd, 4318283.693, 104
Trd, 4318284.793, 99
Trd, 4318286.043, 99
Trd, 4318287.543, 90
Trd, 4318289.543, 104
Trd, 4318291.593, 109
Trd, 4318291.693, 98
Trd, 4318292.943, 98
Trd, 4318293.943, 100
Trd, 4318295.593, 85
Trd, 4318295.843, 99
Trd, 4318296.643, 97
Trd, 4318296.793, 107
Trd, 4318299.743, 102
Trd, 4318300.243, 103
Trd, 4318300.493, 104
Trd, 4318303.593, 95
Trd, 4318304.393, 100
Trd, 4318305.193, 98
Trd, 4318307.243, 96
Trd, 4318308.493, 95
Trd, 4318310.543, 96
Trd, 4318311.693, 97
Trd, 4318312.093, 94
Trd, 4318313.893, 98
Trd, 4318314.593, 104
Trd, 4318314.743, 92
Trd, 4318315.593, 101
Trd, 4318315.993, 84
Trd, 4318318.043, 98
Trd, 4318318.643, 99
Trd, 4318319.993, 98
Trd, 4318322.093, 91
Trd, 4318323.243, 97
Trd, 4318325.993, 96
Trd, 4318327.793, 94
Trd, 4318329.643, 91
Trd, 4318329.993, 95
Trd, 4318331.443, 95
Trd, 4318333.043, 93
Trd, 4318335.643, 104
Trd, 4318336.493, 105
Trd, 4318336.743, 110
Trd, 4318337.143, 104
Trd, 4318342.543, 106
Trd, 4318344.043, 104
Trd, 4318344.093, 105
Trd, 4318344.743, 105
Trd, 4318344.843, 106
Trd, 4318348.093, 106
Trd, 4318348.593, 107
Trd, 4318349.343, 85
Trd, 4318349.793, 86
Trd, 4318349.893, 98
Trd, 4318351.143, 97
Trd, 4318351.443, 93
Trd, 4318352.043, 108
Trd, 4318355.543, 102
Trd, 4318358.493, 94
Trd, 4318360.643, 95
Trd, 4318363.193, 93
Trd, 4318364.343, 94
Trd, 4318364.443, 95
Trd, 4318365.143, 95
Trd, 4318365.943, 93
Trd, 4318366.243, 92
Trd, 4318367.393, 94
Trd, 4318369.243, 105
Trd, 4318369.443, 100
Trd, 4318371.343, 100
Trd, 4318372.943, 101
Trd, 4318373.393, 84
Trd, 4318375.593, 130
Trd, 4318375.743, 113
Trd, 4318376.343, 113
Trd, 4318379.043, 114
Trd, 4318379.343, 97
Trd, 4318380.043, 105
Trd, 4318381.693, 112
Trd, 4318382.193, 110
Trd, 4318384.993, 110
Trd, 4318389.193, 109
Trd, 4318390.343, 107
Trd, 4318390.893, 108
Trd, 4318391.393, 103
Trd, 4318393.393, 103
Trd, 4318393.693, 107
Trd, 4318394.643, 108
Trd, 4318394.793, 103
Trd, 4318396.143, 101
Trd, 4318397.693, 100
Trd, 4318398.843, 101
Trd, 4318398.993, 108
Trd, 4318401.493, 91
Trd, 4318402.893, 91
Trd, 4318403.193, 92
Trd, 4318403.543, 91
Trd, 4318406.893, 91
Trd, 4318407.643, 96
Trd, 4318408.193, 94
Trd, 4318408.243, 85
Trd, 4318410.893, 92
Trd, 4318413.293, 95
Trd, 4318413.593, 95
Trd, 4318415.593, 86
Trd, 4318417.193, 103
Trd, 4318417.693, 96
Trd, 4318422.043, 84
Trd, 4318423.793, 96
Trd, 4318423.893, 123
Trd, 4318424.693, 107
Trd, 4318425.393, 91
Trd, 4318425.493, 104
Trd, 4318426.593, 105
Trd, 4318428.543, 92
Trd, 4318430.243, 102
Trd, 4318431.643, 104
Trd, 4318432.443, 103
Trd, 4318433.243, 98
Trd, 4318434.143, 102
Trd, 4318436.093, 90
Trd, 4318436.643, 85
Trd, 4318436.843, 93
Trd, 4318437.993, 98
Trd, 4318440.543, 96
Trd, 4318440.593, 98
Trd, 4318442.693, 98
Trd, 4318444.093, 98
Trd, 4318445.493, 105
Trd, 4318447.293, 102
Trd, 4318447.843, 91
Trd, 4318450.293, 102
Trd, 4318453.043, 91
Trd, 4318454.643, 95
Trd, 4318455.043, 95
Trd, 4318455.293, 95
Trd, 4318457.093, 105
Trd, 4318457.393, 106
Trd, 4318461.793, 104
Trd, 4318462.043, 100
Trd, 4318462.343, 104
Trd, 4318463.743, 104
Trd, 4318464.693, 100
Trd, 4318464.943, 84
Trd, 4318467.393, 98
Trd, 4318468.243, 97
Trd, 4318469.993, 98
Trd, 4318470.343, 104
Trd, 4318471.143, 86
Trd, 4318472.443, 101
Trd, 4318473.543, 98
Trd, 4318474.693, 89
Trd, 4318476.643, 102
Trd, 4318476.693, 100
Trd, 4318479.493, 97
Trd, 4318479.593, 96
Trd, 4318480.093, 105
Trd, 4318480.643, 103
Trd, 4318482.393, 95
Trd, 4318482.843, 105
Trd, 4318482.993, 117
Trd, 4318485.993, 102
Trd, 4318487.193, 101
Trd, 4318488.943, 100
Trd, 4318489.593, 102
Trd, 4318490.193, 101
Trd, 4318491.043, 101
Trd, 4318491.493, 104
Trd, 4318492.393, 95
Trd, 4318493.043, 113
Trd, 4318493.443, 103
Trd, 4318495.843, 100
Trd, 4318498.443, 101
Trd, 4318499.093, 101
Trd, 4318500.043, 100
Trd, 4318503.243, 99
Trd, 4318504.943, 97
Trd, 4318505.143, 101
Trd, 4318506.143, 101
Trd, 4318508.143, 102
Trd, 4318509.593, 96
Trd, 4318509.893, 100
Trd, 4318510.743, 104
Trd, 4318511.193, 113
Trd, 4318511.593, 111
Trd, 4318512.593, 110
Trd, 4318513.993, 103
Trd, 4318515.393, 109
Trd, 4318516.343, 105
Trd, 4318518.293, 106
Trd, 4318518.993, 106
Trd, 4318521.493, 103
Trd, 4318521.743, 98
Trd, 4318525.193, 106
Trd, 4318525.793, 99
Trd, 4318526.443, 98
Trd, 4318527.293, 104
Trd, 4318528.443, 95
Trd, 4318529.043, 95
Trd, 4318529.393, 90
Trd, 4318531.993, 95
Trd, 4318532.793, 104
Trd, 4318534.843, 91
Trd, 4318535.993, 98
Trd, 4318539.043, 93
Trd, 4318541.843, 93
Trd, 4318541.893, 91
Trd, 4318542.343, 91
Trd, 4318542.743, 100
Trd, 4318543.743, 94
Trd, 4318544.193, 104
Trd, 4318547.193, 96
Trd, 4318547.243, 97
Trd, 4318547.643, 95
Trd, 4318548.893, 104
Trd, 4318551.393, 99
Trd, 4318551.693, 105
Trd, 4318552.443, 105
Trd, 4318554.393, 96
Trd, 4318554.993, 98
Trd, 4318556.143, 89
Trd, 4318557.843, 93
Trd, 4318558.543, 92
Trd, 4318559.443, 84
Trd, 4318560.693, 91
Trd, 4318560.743, 104
Trd, 4318563.043, 100
Trd, 4318564.243, 99
Trd, 4318565.593, 99
Trd, 4318565.893, 91
Trd, 4318568.993, 92
Trd, 4318570.743, 91
Trd, 4318571.243, 99
Trd, 4318572.493, 104
Trd, 4318572.543, 101
Trd, 4318573.243, 102
Trd, 4318575.743, 101
Trd, 4318577.243, 90
Trd, 4318578.193, 89
Trd, 4318578.543, 95
Trd, 4318579.443, 104
Trd, 4318579.793, 100
Trd, 4318580.193, 84
Trd, 4318581.543, 100
Trd, 4318584.243, 97
Trd, 4318584.543, 98
Trd, 4318587.143, 96
Trd, 4318587.243, 97
Trd, 4318587.543, 93
Trd, 4318588.643, 80
Trd, 4318588.943, 81
Trd, 4318589.293, 104
Trd, 4318589.693, 92
Trd, 4318593.693, 94
Trd, 4318596.393, 96
Trd, 4318597.293, 104
Trd, 4318597.443, 87
Trd, 4318598.093, 107
Trd, 4318601.343, 97
Trd, 4318601.443, 85
Trd, 4318602.493, 97
Trd, 4318603.643, 89
Trd, 4318603.943, 98
Trd, 4318604.893, 88
Trd, 4318604.943, 108
Trd, 4318609.543, 97
Trd, 4318611.243, 97
Trd, 4318611.543, 98
Trd, 4318614.643, 92
Trd, 4318615.143, 94
Trd, 4318616.943, 93
Trd, 4318617.743, 95
Trd, 4318619.093, 95
Trd, 4318620.393, 107
Trd, 4318624.893, 101
Trd, 4318625.293, 100
Trd, 4318626.543, 84
Trd, 4318627.593, 100
Trd, 4318629.443, 93
Trd, 4318629.493, 91
Trd, 4318631.043, 98
Trd, 4318632.993, 107
Trd, 4318634.393, 114
Trd, 4318634.643, 111
Trd, 4318636.843, 110
Trd, 4318637.943, 111
Trd, 4318638.793, 113
Trd, 4318639.393, 117
Trd, 4318640.193, 103
Trd, 4318641.243, 116
Trd, 4318644.693, 113
Trd, 4318645.043, 104
Trd, 4318647.393, 113
Trd, 4318650.493, 113
Trd, 4318651.643, 113
Trd, 4318652.693, 113
Trd, 4318652.743, 112
Trd, 4318654.143, 103
Trd, 4318654.693, 111
Trd, 4318655.043, 98
Trd, 4318655.243, 111
Trd, 4318657.993, 125
Trd, 4318658.343, 101
Trd, 4318661.943, 104
Trd, 4318663.993, 103
Trd, 4318664.793, 103
Trd, 4318664.893, 100
Trd, 4318665.893, 99
Trd, 4318666.893, 93
Trd, 4318666.943, 95
Trd, 4318669.143, 96
Trd, 4318669.593, 104
Trd, 4318670.743, 100
Trd, 4318672.243, 105
Trd, 4318673.993, 101
Trd, 4318674.993, 99
Trd, 4318676.143, 95
Trd, 4318679.393, 98
Trd, 4318681.943, 99
Trd, 4318682.443, 94
Trd, 4318682.993, 94
Trd, 4318683.793, 100
Trd, 4318684.443, 82
Trd, 4318684.593, 98
Trd, 4318685.143, 105
Trd, 4318688.193, 90
Trd, 4318688.593, 101
Trd, 4318690.193, 91
Trd, 4318690.943, 94
Trd, 4318693.293, 96
Trd, 4318694.793, 90
Trd, 4318695.093, 104
Trd, 4318695.293, 100
Trd, 4318697.393, 92
Trd, 4318697.443, 98
Trd, 4318699.243, 132
Trd, 4318702.793, 102
Trd, 4318703.093, 97
Trd, 4318703.143, 100
Trd, 4318703.893, 101
Trd, 4318706.293, 100
Trd, 4318706.343, 98
Trd, 4318708.243, 96
Trd, 4318708.343, 99
Trd, 4318710.443, 99
Trd, 4318711.643, 99
Trd, 4318712.143, 95
Trd, 4318714.693, 100
Trd, 4318717.943, 88
Trd, 4318719.193, 92
Trd, 4318719.693, 107
Trd, 4318720.493, 116
Trd, 4318720.743, 111
Trd, 4318721.143, 85
Trd, 4318723.093, 113
Trd, 4318726.993, 103
Trd, 4318727.493, 108
Trd, 4318728.493, 100
Trd, 4318728.843, 100
Trd, 4318730.843, 105
Trd, 4318731.943, 105
Trd, 4318732.743, 105
Trd, 4318735.193, 103
Trd, 4318735.293, 102
Trd, 4318736.143, 104
Trd, 4318738.243, 105
Trd, 4318739.493, 101
Trd, 4318741.193, 106
Trd, 4318742.343, 104
Trd, 4318743.343, 102
Trd, 4318743.643, 104
Trd, 4318745.393, 102
Trd, 4318747.493, 101
Trd, 4318747.643, 102
Trd, 4318749.343, 101
Trd, 4318751.893, 100
Trd, 4318754.693, 98
Trd, 4318755.443, 101
Trd, 4318755.593, 101
Trd, 4318755.643, 101
Trd, 4318756.693, 98
Trd, 4318757.693, 99
Trd, 4318758.593, 97
Trd, 4318758.643, 105
Trd, 4318761.443, 96
Trd, 4318762.093, 96
Trd, 4318763.393, 94
Trd, 4318765.643, 94
Trd, 4318767.493, 95
Trd, 4318767.743, 97
Trd, 4318770.193, 93
Trd, 4318772.043, 96
Trd, 4318772.743, 90
Trd, 4318773.543, 106
Trd, 4318773.693, 119
Trd, 4318778.343, 97
Trd, 4318779.943, 109
Trd, 4318780.393, 109
Trd, 4318783.793, 104
Trd, 4318783.993, 104
Trd, 4318784.693, 101
Trd, 4318784.793, 104
Trd, 4318786.743, 99
Trd, 4318787.343, 98
Trd, 4318789.043, 96
Trd, 4318790.293, 96
Trd, 4318790.843, 95
Trd, 4318792.993, 105
Trd, 4318793.443, 106
Trd, 4318794.243, 108
Trd, 4318795.793, 91
Trd, 4318796.143, 97
Trd, 4318797.343, 96
Trd, 4318797.493, 89
Trd, 4318799.043, 90
Trd, 4318799.843, 90
Trd, 4318800.993, 96
Trd, 4318801.493, 90
Trd, 4318802.243, 106
Trd, 4318805.893, 100
Trd, 4318805.943, 93
Trd, 4318806.743, 101
Trd, 4318808.293, 100
Trd, 4318809.493, 96
Trd, 4318811.443, 102
Trd, 4318812.893, 101
Trd, 4318812.943, 102
Trd, 4318813.243, 97
Trd, 4318815.593, 93
Trd, 4318815.943, 95
Trd, 4318817.393, 95
Trd, 4318817.743, 94
Trd, 4318820.243, 94
Trd, 4318821.193, 98
Trd, 4318822.343, 97
Trd, 4318823.543, 93
Trd, 4318825.243, 86
Trd, 4318825.343, 97
Trd, 4318826.293, 104
Trd, 4318827.943, 99
Trd, 4318829.993, 118
Trd, 4318831.243, 97
Trd, 4318833.743, 98
Trd, 4318834.643, 95
Trd, 4318836.193, 90
Trd, 4318836.393, 95
Trd, 4318836.843, 115
Trd, 4318838.743, 104
Trd, 4318840.893, 78
Trd, 4318841.643, 84
Trd, 4318843.543, 85
Trd, 4318844.793, 101
Trd, 4318847.943, 93
Trd, 4318849.093, 92
Trd, 4318850.293, 92
Trd, 4318851.243, 97
Trd, 4318853.043, 96
Trd, 4318853.543, 91
Trd, 4318855.293, 90
Trd, 4318856.043, 94
Trd, 4318856.493, 94
Trd, 4318858.143, 94
Trd, 4318859.493, 95
Trd, 4318860.793, 107
Trd, 4318861.443, 109
Trd, 4318862.643, 103
Trd, 4318863.293, 94
Trd, 4318863.443, 96
Trd, 4318864.393, 92
Trd, 4318865.643, 108
Trd, 4318867.243, 102
Trd, 4318867.893, 99
Trd, 4318868.993, 94
Trd, 4318870.643, 99
Trd, 4318871.243, 98
Trd, 4318872.243, 97
Trd, 4318874.393, 99
Trd, 4318876.693, 99
Trd, 4318876.893, 104
Trd, 4318877.943, 116
Trd, 4318878.343, 95
Trd, 4318880.793, 110
Trd, 4318881.243, 110
Trd, 4318881.393, 105
Trd, 4318882.293, 127
Trd, 4318885.493, 85
Trd, 4318885.693, 89
Trd, 4318885.993, 96
Trd, 4318888.143, 90
Trd, 4318889.493, 92
Trd, 4318894.193, 92
Trd, 4318894.343, 96
Trd, 4318894.993, 102
Trd, 4318896.893, 101
Trd, 4318897.743, 101
Trd, 4318897.993, 102
Trd, 4318901.293, 102
Trd, 4318903.393, 101
Trd, 4318903.493, 100
Trd, 4318903.693, 105
Trd, 4318904.343, 104
Trd, 4318904.843, 104
Trd, 4318905.393, 105
Trd, 4318906.693, 101
Trd, 4318908.393, 101
Trd, 4318910.543, 97
Trd, 4318910.843, 95
Trd, 4318911.743, 113
Trd, 4318916.093, 96
Trd, 4318916.393, 96
Trd, 4318917.443, 98
Trd, 4318917.693, 100
Trd, 4318918.993, 104
Trd, 4318920.043, 96
Trd, 4318922.093, 95
Trd, 4318923.643, 103
Trd, 4318923.893, 102
Trd, 4318924.293, 133
Trd, 4318926.643, 106
Trd, 4318929.893, 113
Trd, 4318932.143, 115
Trd, 4318933.993, 110
Trd, 4318935.093, 112
Trd, 4318935.543, 112
Trd, 4318935.793, 107
Trd, 4318936.643, 103
Trd, 4318938.893, 95
Trd, 4318940.093, 94
Trd, 4318940.443, 111
Trd, 4318942.593, 100
Trd, 4318943.093, 94
Trd, 4318943.843, 105
Trd, 4318945.343, 111
Trd, 4318946.243, 103
Trd, 4318946.993, 107
Trd, 4318947.893, 107
Trd, 4318949.343, 103
Trd, 4318951.093, 112
Trd, 4318951.193, 102
Trd, 4318952.593, 111
Trd, 4318953.743, 110
Trd, 4318954.993, 107
Trd, 4318958.743, 104
Trd, 4318959.593, 102
Trd, 4318960.093, 85
Trd, 4318960.443, 103
Trd, 4318961.243, 102
Trd, 4318961.993, 99
Trd, 4318962.643, 120
Trd, 4318963.493, 114
Trd, 4318965.443, 87
Trd, 4318966.193, 90
Trd, 4318966.943, 89
Trd, 4318967.093, 95
Trd, 4318969.393, 92
Trd, 4318969.443, 93
Trd, 4318970.543, 95
Trd, 4318970.843, 91
Trd, 4318973.943, 90
Trd, 4318975.643, 89
Trd, 4318976.443, 89
Trd, 4318978.193, 88
Trd, 4318979.943, 96
Trd, 4318980.493, 92
Trd, 4318981.843, 93
Trd, 4318982.043, 89
Trd, 4318984.093, 95
Trd, 4318984.193, 104
Trd, 4318985.193, 94
Trd, 4318985.893, 88
Trd, 4318988.593, 95
Trd, 4318989.493, 95
Trd, 4318991.593, 94
Trd, 4318992.593, 95
Trd, 4318993.843, 95
Trd, 4318995.093, 90
Trd, 4318998.693, 94
Trd, 4318998.893, 95
Trd, 4318999.143, 89
Trd, 4318999.393, 104
Trd, 4319002.043, 99
Trd, 4319003.393, 99
Trd, 4319005.143, 121
Trd, 4319007.093, 100
Trd, 4319007.643, 104
Trd, 4319008.043, 103
Trd, 4319008.143, 105
Trd, 4319010.843, 102
Trd, 4319012.393, 106
Trd, 4319013.743, 106
Trd, 4319014.793, 106
Trd, 4319015.243, 104
Trd, 4319015.843, 107
Trd, 4319018.193, 106
Trd, 4319018.993, 103
Trd, 4319021.243, 107
Trd, 4319021.843, 112
Trd, 4319022.543, 106
Trd, 4319023.443, 101
Trd, 4319023.843, 90
Trd, 4319027.443, 98
Trd, 4319028.393, 97
Trd, 4319029.393, 97
Trd, 4319031.343, 98
Trd, 4319032.493, 97
Trd, 4319033.743, 90
Trd, 4319035.193, 90
Trd, 4319036.243, 107
Trd, 4319039.143, 91
Trd, 4319039.293, 95
Trd, 4319040.593, 94
Trd, 4319041.043, 91
Trd, 4319044.243, 94
Trd, 4319045.593, 94
Trd, 4319046.193, 91
Trd, 4319046.393, 94
Trd, 4319047.143, 95
Trd, 4319049.143, 84
Trd, 4319050.243, 87
Trd, 4319050.493, 94
Trd, 4319051.443, 106
Trd, 4319051.843, 100
Trd, 4319052.643, 93
Trd, 4319055.543, 94
Trd, 4319055.993, 85
Trd, 4319056.343, 96
Trd, 4319057.293, 96
Trd, 4319060.743, 98
Trd, 4319061.243, 97
Trd, 4319062.193, 108
Trd, 4319063.793, 99
Trd, 4319064.693, 98
Trd, 4319066.443, 102
Trd, 4319066.493, 107
Trd, 4319067.543, 101
Trd, 4319071.193, 99
Trd, 4319071.693, 99
Trd, 4319071.743, 97
Trd, 4319072.293, 96
Trd, 4319074.043, 99
Trd, 4319077.393, 98
Trd, 4319077.493, 100
Trd, 4319081.293, 98
Trd, 4319081.743, 98
Trd, 4319082.093, 123
Trd, 4319082.243, 96
Trd, 4319083.143, 96
Trd, 4319084.143, 88
Trd, 4319084.243, 88
Trd, 4319084.543, 106
Trd, 4319087.793, 93
Trd, 4319089.293, 96
Trd, 4319092.393, 93
Trd, 4319092.543, 96
Trd, 4319092.793, 106
Trd, 4319092.843, 92
Trd, 4319093.093, 83
Trd, 4319093.793, 104
Trd, 4319094.743, 103
Trd, 4319096.043, 95
Trd, 4319096.243, 103
Trd, 4319097.393, 102
Trd, 4319100.793, 97
Trd, 4319101.293, 89
Trd, 4319102.143, 99
Trd, 4319102.843, 99
Trd, 4319104.943, 93
Trd, 4319105.443, 98
Trd, 4319105.693, 98
Trd, 4319108.643, 96
Trd, 4319108.693, 93
Trd, 4319109.993, 104
Trd, 4319112.493, 93
Trd, 4319114.293, 96
Trd, 4319116.393, 95
Trd, 4319117.543, 92
Trd, 4319117.743, 104
Trd, 4319119.893, 99
Trd, 4319120.143, 90
Trd, 4319121.393, 99
Trd, 4319123.343, 94
Trd, 4319123.843, 98
Trd, 4319124.293, 99
Trd, 4319124.593, 107
Trd, 4319125.343, 105
Trd, 4319125.943, 95
Trd, 4319126.543, 93
Trd, 4319129.193, 105
Trd, 4319132.593, 97
Trd, 4319132.893, 98
Trd, 4319132.993, 96
Trd, 4319134.243, 95
Trd, 4319135.443, 98
Trd, 4319136.393, 96
Trd, 4319136.493, 98
Trd, 4319138.293, 105
Trd, 4319140.043, 96
Trd, 4319140.293, 95
Trd, 4319141.343, 101
Trd, 4319143.043, 102
Trd, 4319143.693, 102
Trd, 4319147.493, 98
Trd, 4319147.693, 99
Trd, 4319148.443, 105
Trd, 4319149.743, 131
Trd, 4319150.293, 97
Trd, 4319151.493, 100
Trd, 4319155.143, 110
Trd, 4319157.793, 109
Trd, 4319159.393, 105
Trd, 4319161.443, 104
Trd, 4319162.893, 103
Trd, 4319162.993, 104
Trd, 4319163.743, 97
Trd, 4319163.943, 107
Trd, 4319164.793, 101
Trd, 4319166.143, 104
Trd, 4319167.043, 85
Trd, 4319168.743, 125
Trd, 4319169.943, 109
Trd, 4319172.043, 109
Trd, 4319174.093, 105
Trd, 4319176.443, 108
Trd, 4319178.043, 108
Trd, 4319179.743, 104
Trd, 4319180.493, 107
Trd, 4319180.743, 106
Trd, 4319182.593, 105
Trd, 4319183.743, 103
Trd, 4319184.493, 104
Trd, 4319184.693, 101
Trd, 4319186.093, 99
Trd, 4319186.543, 97
Trd, 4319188.743, 94
Trd, 4319188.843, 95
Trd, 4319189.443, 87
Trd, 4319190.043, 98
Trd, 4319190.193, 114
Trd, 4319194.543, 104
Trd, 4319195.343, 101
Trd, 4319199.343, 96
Trd, 4319199.643, 93
Trd, 4319200.293, 95
Trd, 4319202.843, 92
Trd, 4319204.243, 94
Trd, 4319205.493, 92
Trd, 4319205.543, 104
Trd, 4319206.393, 91
Trd, 4319208.343, 89
Trd, 4319209.343, 87
Trd, 4319210.843, 98
Trd, 4319212.143, 101
Trd, 4319219.393, 97
Trd, 4319219.643, 94
Trd, 4319221.893, 96
Trd, 4319222.943, 95
Trd, 4319223.293, 96
Trd, 4319225.493, 94
Trd, 4319225.693, 95
Trd, 4319226.293, 105
Trd, 4319228.643, 95
Trd, 4319229.393, 98
Trd, 4319229.543, 98
Trd, 4319230.443, 106
Trd, 4319232.343, 94
Trd, 4319234.593, 99
Trd, 4319235.693, 100
Trd, 4319236.443, 101
Trd, 4319237.843, 94
Trd, 4319238.243, 99
Trd, 4319239.043, 101
Trd, 4319239.643, 95
Trd, 4319240.543, 93
Trd, 4319242.693, 100
Trd, 4319243.693, 93
Trd, 4319244.393, 95
Trd, 4319247.743, 95
Trd, 4319248.543, 98
Trd, 4319249.593, 87
Trd, 4319250.643, 93
Trd, 4319251.243, 92
Trd, 4319251.643, 106
Trd, 4319254.193, 99
Trd, 4319254.443, 102
Trd, 4319254.893, 95
Trd, 4319259.293, 100
Trd, 4319259.343, 100
Trd, 4319259.743, 101
Trd, 4319260.043, 97
Trd, 4319261.893, 97
Trd, 4319265.243, 95
Trd, 4319266.043, 94
Trd, 4319266.243, 95
Trd, 4319267.493, 94
Trd, 4319269.543, 96
Trd, 4319269.943, 93
Trd, 4319270.643, 95
Trd, 4319271.293, 107
Trd, 4319273.293, 92
Trd, 4319276.393, 99
Trd, 4319279.243, 96
Trd, 4319279.293, 97
Trd, 4319279.993, 99
Trd, 4319281.493, 98
Trd, 4319281.843, 108
Trd, 4319282.693, 93
Trd, 4319284.393, 92
Trd, 4319285.193, 103
Trd, 4319286.493, 96
Trd, 4319287.243, 101
Trd, 4319288.293, 101
Trd, 4319290.693, 98
Trd, 4319292.993, 98
Trd, 4319294.093, 96
Trd, 4319294.893, 98
Trd, 4319297.093, 98
Trd, 4319297.343, 95
Trd, 4319299.693, 96
Trd, 4319301.543, 98
Trd, 4319302.043, 95
Trd, 4319302.743, 94
Trd, 4319303.893, 99
Trd, 4319304.943, 100
Trd, 4319306.743, 95
Trd, 4319308.493, 100
Trd, 4319309.793, 95
Trd, 4319310.443, 95
Trd, 4319310.993, 96
Trd, 4319312.043, 95
Trd, 4319312.243, 94
Trd, 4319315.043, 104
Trd, 4319315.893, 118
Trd, 4319317.693, 108
Trd, 4319317.843, 108
Trd, 4319320.443, 106
Trd, 4319321.393, 103
Trd, 4319321.743, 107
Trd, 4319322.993, 115
Trd, 4319325.843, 102
Trd, 4319325.943, 99
Trd, 4319326.293, 89
Trd, 4319327.293, 105
Trd, 4319327.693, 97
Trd, 4319328.993, 105
Trd, 4319329.743, 102
Trd, 4319331.243, 106
Trd, 4319333.443, 103
Trd, 4319335.443, 102
Trd, 4319336.293, 101
Trd, 4319337.243, 100
Trd, 4319337.293, 103
Trd, 4319338.843, 103
Trd, 4319339.693, 85
Trd, 4319341.643, 98
Trd, 4319342.343, 99
Trd, 4319342.893, 104
Trd, 4319346.293, 96
Trd, 4319346.393, 100
Trd, 4319348.593, 96
Trd, 4319350.043, 100
Trd, 4319352.043, 94
Trd, 4319353.293, 100
Trd, 4319353.393, 95
Trd, 4319354.943, 97
Trd, 4319357.143, 96
Trd, 4319357.943, 96
Trd, 4319359.443, 97
Trd, 4319362.093, 95
Trd, 4319362.143, 97
Trd, 4319362.643, 97
Trd, 4319362.793, 99
Trd, 4319364.043, 94
Trd, 4319364.543, 97
Trd, 4319365.943, 97
Trd, 4319368.393, 97
Trd, 4319368.843, 95
Trd, 4319371.543, 95
Trd, 4319372.743, 95
Trd, 4319373.243, 94
Trd, 4319375.693, 97
Trd, 4319378.193, 94
Trd, 4319378.243, 96
Trd, 4319378.593, 100
Trd, 4319379.143, 105
Trd, 4319381.643, 102
Trd, 4319383.143, 100
Trd, 4319384.993, 98
Trd, 4319387.143, 97
Trd, 4319388.793, 98
Trd, 4319389.793, 100
Trd, 4319392.843, 100
Trd, 4319392.943, 100
Trd, 4319394.793, 97
Trd, 4319395.643, 100
Trd, 4319397.743, 97
Trd, 4319400.143, 100
Trd, 4319400.993, 100
Trd, 4319401.443, 101
Trd, 4319402.493, 96
Trd, 4319403.193, 101
Trd, 4319406.243, 101
Trd, 4319407.993, 96
Trd, 4319409.343, 105
Trd, 4319410.343, 107
Trd, 4319411.643, 102
Trd, 4319413.693, 104
Trd, 4319413.843, 95
Trd, 4319414.293, 107
Trd, 4319415.243, 105
Trd, 4319416.343, 123
Trd, 4319418.643, 107
Trd, 4319419.043, 102
Trd, 4319420.343, 107
Trd, 4319420.443, 100
Trd, 4319423.743, 107
Trd, 4319423.893, 104
Trd, 4319428.643, 106
Trd, 4319429.643, 103
Trd, 4319431.043, 107
Trd, 4319431.443, 106
Trd, 4319431.593, 102
Trd, 4319431.743, 83
Trd, 4319432.993, 106
Trd, 4319434.093, 95
Trd, 4319435.193, 103
Trd, 4319438.493, 102
Trd, 4319439.093, 107
Trd, 4319439.493, 122
Trd, 4319440.243, 117
Trd, 4319441.993, 99
Trd, 4319442.143, 116
Trd, 4319443.943, 95
Trd, 4319444.193, 72
Trd, 4319446.143, 92
Trd, 4319447.743, 87
Trd, 4319448.943, 88
Trd, 4319449.693, 89
Trd, 4319450.243, 96
Trd, 4319451.543, 96
Trd, 4319452.893, 104
Trd, 4319453.943, 105
Trd, 4319456.443, 101
Trd, 4319457.393, 102
Trd, 4319457.893, 104
Trd, 4319457.993, 114
Trd, 4319463.643, 81
Trd, 4319464.143, 108
Trd, 4319464.693, 102
Trd, 4319466.493, 103
Trd, 4319467.043, 95
Trd, 4319469.143, 94
Trd, 4319469.493, 101
Trd, 4319471.093, 97
Trd, 4319471.893, 97
Trd, 4319474.443, 94
Trd, 4319474.943, 93
Trd, 4319475.293, 90
Trd, 4319477.043, 96
Trd, 4319477.643, 97
Trd, 4319480.793, 101
Trd, 4319481.043, 99
Trd, 4319482.093, 104
Trd, 4319483.443, 86
Trd, 4319484.093, 90
Trd, 4319485.643, 89
Trd, 4319486.593, 90
Trd, 4319487.043, 91
Trd, 4319491.243, 91
Trd, 4319492.193, 96
Trd, 4319493.193, 93
Trd, 4319494.593, 96
Trd, 4319495.493, 91
Trd, 4319495.793, 105
Trd, 4319496.043, 117
Trd, 4319496.843, 108
Trd, 4319498.643, 108
Trd, 4319500.693, 93
Trd, 4319501.643, 95
Trd, 4319502.093, 109
Trd, 4319503.093, 93
Trd, 4319503.643, 108
Trd, 4319504.643, 93
Trd, 4319506.343, 93
Trd, 4319507.343, 95
Trd, 4319508.143, 107
Trd, 4319508.893, 113
Trd, 4319510.993, 106
Trd, 4319511.793, 105
Trd, 4319512.793, 103
Trd, 4319514.243, 103
Trd, 4319515.493, 102
Trd, 4319516.593, 95
Trd, 4319519.493, 97
Trd, 4319521.643, 95
Trd, 4319521.943, 96
Trd, 4319523.093, 96
Trd, 4319523.693, 95
Trd, 4319524.493, 88
Trd, 4319526.143, 97
Trd, 4319527.193, 91
Trd, 4319529.943, 95
Trd, 4319529.993, 95
Trd, 4319531.593, 104
Trd, 4319531.893, 91
Trd, 4319532.543, 101
Trd, 4319535.193, 101
Trd, 4319537.743, 96
Trd, 4319537.943, 95
Trd, 4319539.893, 90
Trd, 4319540.143, 94
Trd, 4319543.193, 94
Trd, 4319546.043, 93
Trd, 4319547.493, 93
Trd, 4319547.593, 92
Trd, 4319550.693, 95
Trd, 4319550.993, 96
Trd, 4319552.243, 101
Trd, 4319552.843, 106
Trd, 4319556.643, 98
Trd, 4319556.993, 85
Trd, 4319558.693, 91
Trd, 4319561.043, 90
Trd, 4319561.393, 89
Trd, 4319562.343, 89
Trd, 4319562.643, 95
Trd, 4319562.743, 89
Trd, 4319563.393, 107
Trd, 4319566.693, 96
Trd, 4319568.643, 97
Trd, 4319569.993, 97
Trd, 4319570.093, 95
Trd, 4319573.343, 96
Trd, 4319573.843, 95
Trd, 4319577.143, 95
Trd, 4319579.593, 95
Trd, 4319581.293, 94
Trd, 4319581.443, 95
Trd, 4319582.293, 93
Trd, 4319582.943, 96
Trd, 4319586.443, 93
Trd, 4319587.393, 94
Trd, 4319588.593, 95
Trd, 4319590.543, 96
Trd, 4319592.243, 92
Trd, 4319592.743, 96
Trd, 4319593.843, 91
Trd, 4319594.893, 95
Trd, 4319595.493, 96
Trd, 4319596.943, 89
Trd, 4319597.243, 106
Trd, 4319598.143, 100
Trd, 4319598.643, 91
Trd, 4319599.143, 104
Trd, 4319600.843, 105
Trd, 4319601.743, 112
Trd, 4319602.293, 100
Trd, 4319604.493, 110
Trd, 4319607.343, 110
Trd, 4319608.393, 105
Trd, 4319609.093, 110
Trd, 4319609.493, 110
Trd, 4319610.693, 110
Trd, 4319611.843, 103
Trd, 4319612.393, 103
Trd, 4319614.293, 103
Trd, 4319614.443, 110
Trd, 4319614.643, 121
Trd, 4319617.293, 112
Trd, 4319617.643, 103
Trd, 4319618.643, 97
Trd, 4319619.543, 99
Trd, 4319619.793, 104
Trd, 4319622.093, 99
Trd, 4319623.843, 97
Trd, 4319624.643, 96
Trd, 4319625.743, 95
Trd, 4319626.343, 95
Trd, 4319628.743, 95
Trd, 4319629.493, 97
Trd, 4319631.043, 97
Trd, 4319631.693, 97
Trd, 4319632.443, 96
Trd, 4319633.793, 89
Trd, 4319635.593, 110
Trd, 4319636.843, 99
Trd, 4319637.393, 99
Trd, 4319637.943, 99
Trd, 4319639.893, 99
Trd, 4319642.243, 104
Trd, 4319642.893, 93
Trd, 4319645.843, 94
Trd, 4319648.343, 94
Trd, 4319648.993, 98
Trd, 4319649.093, 102
Trd, 4319649.743, 100
Trd, 4319650.743, 115
Trd, 4319653.493, 99
Trd, 4319653.793, 99
Trd, 4319654.043, 90
Trd, 4319656.143, 95
Trd, 4319657.143, 95
Trd, 4319657.393, 98
Trd, 4319659.393, 97
Trd, 4319660.443, 96
Trd, 4319660.543, 104
Trd, 4319661.943, 94
Trd, 4319664.993, 106
Trd, 4319665.143, 94
Trd, 4319668.343, 99
Trd, 4319669.693, 95
Trd, 4319672.043, 96
Trd, 4319672.243, 94
Trd, 4319672.493, 95
Trd, 4319672.993, 93
Trd, 4319676.743, 96
Trd, 4319678.593, 93
Trd, 4319679.693, 92
Trd, 4319680.243, 107
Trd, 4319682.043, 103
Trd, 4319682.593, 117
Trd, 4319682.843, 126
Trd, 4319685.043, 84
Trd, 4319686.593, 97
Trd, 4319686.643, 94
Trd, 4319688.143, 96
Trd, 4319688.743, 94
Trd, 4319689.393, 93
Trd, 4319691.993, 89
Trd, 4319693.043, 91
Trd, 4319694.343, 91
Trd, 4319695.093, 97
Trd, 4319696.943, 96
Trd, 4319696.993, 104
Trd, 4319697.343, 95
Trd, 4319699.993, 111
Trd, 4319700.443, 107
Trd, 4319703.043, 99
Trd, 4319703.393, 98
Trd, 4319705.043, 103
Trd, 4319705.243, 105
Trd, 4319708.843, 103
Trd, 4319710.193, 103
Trd, 4319710.793, 104
Trd, 4319711.193, 99
Trd, 4319712.493, 91
Trd, 4319714.493, 104
Trd, 4319715.493, 98
Trd, 4319715.793, 101
Trd, 4319717.943, 85
Trd, 4319718.943, 90
Trd, 4319719.693, 93
Trd, 4319720.143, 104
Trd, 4319721.293, 110
Trd, 4319721.693, 107
Trd, 4319722.843, 107
Trd, 4319723.843, 108
Trd, 4319725.043, 102
Trd, 4319726.193, 105
Trd, 4319727.493, 103
Trd, 4319728.643, 101
Trd, 4319730.093, 102
Trd, 4319731.143, 100
Trd, 4319732.643, 98
Trd, 4319734.143, 94
Trd, 4319735.193, 94
Trd, 4319735.993, 94
Trd, 4319737.093, 84
Trd, 4319738.843, 95
Trd, 4319740.743, 102
Trd, 4319741.343, 105
Trd, 4319742.793, 101
Trd, 4319743.293, 97
Trd, 4319744.793, 101
Trd, 4319745.993, 102
Trd, 4319748.893, 101
Trd, 4319749.093, 105
Trd, 4319749.343, 98
Trd, 4319751.193, 119
Trd, 4319751.443, 116
Trd, 4319753.593, 113
Trd, 4319754.043, 111
Trd, 4319756.793, 110
Trd, 4319757.593, 103
Trd, 4319758.893, 104
Trd, 4319760.443, 83
Trd, 4319760.893, 92
Trd, 4319761.543, 96
Trd, 4319762.393, 96
Trd, 4319763.093, 94
Trd, 4319763.793, 97
Trd, 4319764.193, 111
Trd, 4319764.993, 106
Trd, 4319765.893, 92
Trd, 4319768.743, 99
Trd, 4319769.043, 98
Trd, 4319769.943, 98
Trd, 4319770.993, 99
Trd, 4319771.843, 107
Trd, 4319772.093, 98
Trd, 4319775.293, 104
Trd, 4319775.993, 105
Trd, 4319777.543, 106
Trd, 4319778.243, 100
Trd, 4319779.843, 105
Trd, 4319780.543, 107
Trd, 4319782.693, 104
Trd, 4319783.293, 100
Trd, 4319783.593, 105
Trd, 4319784.643, 104
Trd, 4319784.693, 83
Trd, 4319789.243, 96
Trd, 4319790.943, 97
Trd, 4319791.743, 104
Trd, 4319791.893, 114
Trd, 4319793.993, 108
Trd, 4319794.293, 108
Trd, 4319795.143, 105
Trd, 4319798.243, 101
Trd, 4319799.793, 104
Trd, 4319799.943, 104
Trd, 4319801.393, 101
Trd, 4319802.243, 105
Trd, 4319802.843, 106
Trd, 4319803.393, 100
Trd, 4319805.793, 107
Trd, 4319805.893, 108
Trd, 4319808.293, 99
Trd, 4319808.893, 106
Trd, 4319810.243, 99
Trd, 4319811.143, 112
Trd, 4319813.143, 103
Trd, 4319815.343, 108
Trd, 4319816.343, 106
Trd, 4319818.443, 107
Trd, 4319818.593, 102
Trd, 4319819.543, 101
Trd, 4319820.393, 104
Trd, 4319823.393, 95
Trd, 4319823.693, 92
Trd, 4319823.843, 102
Trd, 4319826.743, 90
Trd, 4319826.793, 91
Trd, 4319827.443, 89
Trd, 4319827.993, 91
Trd, 4319830.243, 84
Trd, 4319830.743, 98
Trd, 4319833.193, 94
Trd, 4319834.393, 97
Trd, 4319836.643, 97
Trd, 4319837.043, 98
Trd, 4319837.543, 102
Trd, 4319838.293, 102
Trd, 4319838.343, 100
Trd, 4319840.793, 104
Trd, 4319841.443, 133
Trd, 4319844.193, 100
Trd, 4319845.093, 117
Trd, 4319848.343, 105
Trd, 4319849.793, 109
Trd, 4319850.243, 110
Trd, 4319850.543, 112
Trd, 4319851.293, 118
Trd, 4319851.643, 104
Trd, 4319852.493, 98
Trd, 4319852.793, 100
Trd, 4319853.443, 99
Trd, 4319855.343, 111
Trd, 4319855.743, 87
Trd, 4319856.543, 92
Trd, 4319857.693, 93
Trd, 4319859.393, 98
Trd, 4319860.293, 92
Trd, 4319861.793, 95
Trd, 4319862.293, 96
Trd, 4319863.543, 97
Trd, 4319863.993, 87
Trd, 4319865.043, 89
Trd, 4319866.943, 91
Trd, 4319867.893, 107
Trd, 4319870.193, 93
Trd, 4319871.143, 102
Trd, 4319873.243, 117
Trd, 4319873.393, 100
Trd, 4319874.343, 110
Trd, 4319875.793, 110
Trd, 4319878.893, 112
Trd, 4319879.743, 112
Trd, 4319880.943, 103
Trd, 4319883.293, 109
Trd, 4319884.843, 111
Trd, 4319884.993, 112
Trd, 4319885.493, 108
Trd, 4319887.693, 94
Trd, 4319888.193, 97
Trd, 4319889.893, 96
Trd, 4319891.293, 109
Trd, 4319892.443, 112
Trd, 4319892.743, 115
Trd, 4319894.093, 103
Trd, 4319894.343, 112
Trd, 4319895.343, 85
Trd, 4319896.043, 103
Trd, 4319897.693, 115
Trd, 4319900.743, 106
Trd, 4319901.393, 107
Trd, 4319901.493, 101
Trd, 4319903.893, 108
Trd, 4319904.793, 99
Trd, 4319906.043, 107
Trd, 4319906.743, 86
Trd, 4319908.193, 89
Trd, 4319908.443, 91
Trd, 4319909.193, 105
Trd, 4319910.193, 100
Trd, 4319912.293, 122
Trd, 4319913.093, 121
Trd, 4319913.743, 114
Trd, 4319917.843, 108
Trd, 4319917.943, 116
Trd, 4319918.393, 112
Trd, 4319919.293, 114
Trd, 4319921.243, 114
Trd, 4319922.593, 112
Trd, 4319923.043, 103
Trd, 4319923.943, 109
Trd, 4319926.493, 103
Trd, 4319926.743, 106
Trd, 4319927.243, 118
Trd, 4319927.693, 103
Trd, 4319928.443, 116
Trd, 4319930.893, 113
Trd, 4319932.893, 110
Trd, 4319935.493, 104
Trd, 4319935.943, 105
Trd, 4319936.093, 101
Trd, 4319936.843, 105
Trd, 4319937.393, 105
Trd, 4319937.443, 84
Trd, 4319939.493, 105
Trd, 4319939.893, 105
Trd, 4319941.843, 95
Trd, 4319943.393, 100
Trd, 4319943.643, 95
Trd, 4319946.593, 100
Trd, 4319947.943, 101
Trd, 4319948.143, 106
Trd, 4319948.943, 94
Trd, 4319951.743, 95
Trd, 4319952.893, 97
Trd, 4319953.393, 94
Trd, 4319955.493, 93
Trd, 4319955.643, 95
Trd, 4319957.493, 91
Trd, 4319957.643, 96
Trd, 4319959.043, 96
Trd, 4319960.843, 96
Trd, 4319961.793, 103
Trd, 4319963.693, 101
Trd, 4319963.893, 98
Trd, 4319965.493, 100
Trd, 4319966.893, 101
Trd, 4319968.793, 98
Trd, 4319969.843, 99
Trd, 4319970.843, 101
Trd, 4319970.943, 99
Trd, 4319971.593, 86
Trd, 4319972.143, 90
Trd, 4319972.943, 111
Trd, 4319974.243, 100
Trd, 4319974.993, 103
Trd, 4319978.443, 99
Trd, 4319979.393, 93
Trd, 4319979.893, 96
Trd, 4319982.093, 97
Trd, 4319983.193, 98
Trd, 4319983.243, 108
Trd, 4319986.793, 101
Trd, 4319987.243, 97
Trd, 4319988.743, 97
Trd, 4319990.743, 97
Trd, 4319992.293, 96
Trd, 4319993.293, 96
Trd, 4319993.943, 95
Trd, 4319998.243, 96
Trd, 4319999.543, 95
