Trd, 4317923.193, 97
Trd, 4317923.593, 102
Trd, 4317923.643, 97
Trd, 4317924.543, 99
Trd, 4317925.543, 98
Trd, 4317926.693, 104
Trd, 4317928.543, 97
Trd, 4317930.993, 104
Trd, 4317931.043, 71
Trd, 4317931.593, 113
Trd, 4317933.293, 92
Trd, 4317933.343, 86
Trd, 4317935.343, 90
Trd, 4317936.293, 95
Trd, 4317936.693, 105
Trd, 4317937.343, 93
Trd, 4317937.793, 102
Trd, 4317938.393, 121
Trd, 4317939.343, 112
Trd, 4317940.043, 91
Trd, 4317941.043, 111
Trd, 4317944.693, 104
Trd, 4317945.143, 110
Trd, 4317947.543, 103
Trd, 4317948.243, 113
Trd, 4317950.143, 115
Trd, 4317950.493, 110
Trd, 4317952.243, 111
Trd, 4317953.143, 109
Trd, 4317954.393, 103
Trd, 4317954.943, 111
Trd, 4317955.693, 106
Trd, 4317955.893, 105
Trd, 4317955.943, 96
Trd, 4317956.393, 110
Trd, 4317958.593, 99
Trd, 4317961.043, 102
Trd, 4317961.093, 106
Trd, 4317964.343, 111
Trd, 4317965.993, 103
Trd, 4317966.193, 105
Trd, 4317967.143, 94
Trd, 4317967.893, 105
Trd, 4317968.143, 113
Trd, 4317968.843, 99
Trd, 4317970.443, 101
Trd, 4317971.493, 78
Trd, 4317971.593, 100
Trd, 4317973.493, 98
Trd, 4317975.443, 74
Trd, 4317976.543, 99
Trd, 4317977.443, 95
Trd, 4317978.293, 99
Trd, 4317978.893, 94
Trd, 4317982.543, 100
Trd, 4317983.393, 103
Trd, 4317983.843, 104
Trd, 4317985.493, 98
Trd, 4317986.993, 104
Trd, 4317988.093, 98
Trd, 4317989.843, 93
Trd, 4317991.093, 73
Trd, 4317991.243, 103
Trd, 4317993.193, 90
Trd, 4317994.393, 94
Trd, 4317994.843, 96
Trd, 4317995.543, 93
Trd, 4317995.843, 113
Trd, 4317997.743, 91
Trd, 4317999.543, 92
Trd, 4318000.893, 93
Trd, 4318000.943, 89
Trd, 4318001.393, 105
Trd, 4318001.993, 113
Trd, 4318004.293, 113
Trd, 4318005.593, 106
Trd, 4318006.643, 100
Trd, 4318007.793, 75
Trd, 4318007.993, 94
Trd, 4318010.643, 83
Trd, 4318010.743, 105
Trd, 4318012.143, 107
Trd, 4318012.743, 87
Trd, 4318014.843, 96
Trd, 4318015.643, 104
Trd, 4318017.943, 94
Trd, 4318018.693, 100
Trd, 4318019.493, 95
Trd, 4318019.893, 104
Trd, 4318020.343, 96
Trd, 4318020.593, 94
Trd, 4318021.643, 95
Trd, 4318021.843, 113
Trd, 4318025.043, 103
Trd, 4318025.793, 94
Trd, 4318026.993, 104
Trd, 4318028.243, 96
Trd, 4318029.593, 113
Trd, 4318029.993, 95
Trd, 4318032.893, 101
Trd, 4318033.843, 101
Trd, 4318035.043, 99
Trd, 4318035.493, 103
Trd, 4318035.643, 98
Trd, 4318036.093, 113
Trd, 4318037.543, 97
Trd, 4318038.943, 96
Trd, 4318040.943, 97
Trd, 4318041.493, 111
Trd, 4318043.693, 105
Trd, 4318043.793, 101
Trd, 4318044.593, 100
Trd, 4318045.443, 105
Trd, 4318047.443, 100
Trd, 4318049.093, 99
Trd, 4318049.693, 93
Trd, 4318050.943, 94
Trd, 4318051.793, 104
Trd, 4318053.243, 91
Trd, 4318054.043, 77
Trd, 4318054.093, 104
Trd, 4318054.443, 113
Trd, 4318057.493, 93
Trd, 4318060.943, 94
Trd, 4318061.743, 103
Trd, 4318062.293, 99
Trd, 4318064.343, 95
Trd, 4318065.393, 104
Trd, 4318065.643, 108
Trd, 4318065.793, 94
Trd, 4318067.593, 95
Trd, 4318069.793, 93
Trd, 4318070.243, 91
Trd, 4318070.443, 91
Trd, 4318071.043, 113
Trd, 4318074.243, 89
Trd, 4318075.493, 94
Trd, 4318076.993, 93
Trd, 4318077.243, 96
Trd, 4318077.643, 76
Trd, 4318077.993, 106
Trd, 4318078.693, 90
Trd, 4318080.093, 92
Trd, 4318080.443, 91
Trd, 4318080.793, 113
Trd, 4318082.793, 104
Trd, 4318083.793, 94
Trd, 4318084.543, 89
Trd, 4318086.043, 97
Trd, 4318087.293, 97
Trd, 4318089.343, 97
Trd, 4318090.593, 97
Trd, 4318093.893, 98
Trd, 4318094.143, 96
Trd, 4318096.193, 96
Trd, 4318096.843, 99
Trd, 4318098.143, 93
Trd, 4318099.543, 95
Trd, 4318100.393, 104
Trd, 4318102.193, 104
Trd, 4318102.893, 95
Trd, 4318104.043, 104
Trd, 4318105.043, 97
Trd, 4318106.743, 95
Trd, 4318109.093, 93
Trd, 4318109.543, 97
Trd, 4318109.993, 95
Trd, 4318111.443, 101
Trd, 4318112.493, 104
Trd, 4318112.893, 96
Trd, 4318113.993, 95
Trd, 4318115.343, 99
Trd, 4318117.793, 101
Trd, 4318118.893, 97
Trd, 4318119.743, 96
Trd, 4318120.243, 97
Trd, 4318122.093, 95
Trd, 4318122.493, 95
Trd, 4318126.393, 97
Trd, 4318127.143, 101
Trd, 4318127.493, 96
Trd, 4318128.393, 94
Trd, 4318131.693, 104
Trd, 4318131.793, 93
Trd, 4318132.943, 99
Trd, 4318135.043, 99
Trd, 4318136.943, 94
Trd, 4318139.143, 96
Trd, 4318139.243, 98
Trd, 4318141.693, 104
Trd, 4318142.643, 113
Trd, 4318145.843, 104
Trd, 4318147.743, 105
Trd, 4318148.343, 103
Trd, 4318149.093, 106
Trd, 4318151.193, 103
Trd, 4318151.893, 93
Trd, 4318153.493, 103
Trd, 4318153.693, 113
Trd, 4318153.943, 103
Trd, 4318155.993, 104
Trd, 4318156.043, 75
Trd, 4318157.093, 105
Trd, 4318157.843, 103
Trd, 4318159.043, 99
Trd, 4318162.293, 100
Trd, 4318162.393, 98
Trd, 4318163.493, 102
Trd, 4318164.793, 103
Trd, 4318165.793, 100
Trd, 4318167.643, 99
Trd, 4318168.793, 98
Trd, 4318169.543, 96
Trd, 4318170.393, 72
Trd, 4318171.693, 81
Trd, 4318173.493, 103
Trd, 4318174.893, 99
Trd, 4318176.043, 104
Trd, 4318177.543, 98
Trd, 4318179.193, 102
Trd, 4318179.593, 102
Trd, 4318180.493, 113
Trd, 4318180.543, 121
Trd, 4318183.443, 105
Trd, 4318184.893, 105
Trd, 4318185.193, 110
Trd, 4318185.693, 103
Trd, 4318188.043, 102
Trd, 4318188.493, 104
Trd, 4318190.493, 102
Trd, 4318192.293, 104
Trd, 4318192.593, 128
Trd, 4318194.293, 101
Trd, 4318195.443, 108
Trd, 4318195.793, 98
Trd, 4318195.993, 94
Trd, 4318196.643, 102
Trd, 4318197.593, 106
Trd, 4318198.643, 105
Trd, 4318199.943, 109
Trd, 4318200.493, 113
Trd, 4318200.893, 87
Trd, 4318204.993, 101
Trd, 4318205.993, 113
Trd, 4318206.593, 100
Trd, 4318206.793, 104
Trd, 4318207.293, 98
Trd, 4318207.493, 105
Trd, 4318211.643, 101
Trd, 4318212.143, 99
Trd, 4318214.143, 104
Trd, 4318218.093, 98
Trd, 4318219.943, 101
Trd, 4318220.343, 104
Trd, 4318220.993, 110
Trd, 4318221.193, 97
Trd, 4318221.543, 96
Trd, 4318222.243, 104
Trd, 4318223.843, 94
Trd, 4318228.343, 96
Trd, 4318229.093, 109
Trd, 4318229.493, 105
Trd, 4318229.843, 113
Trd, 4318231.793, 101
Trd, 4318231.993, 91
Trd, 4318234.043, 105
Trd, 4318234.743, 101
Trd, 4318235.593, 104
Trd, 4318236.143, 102
Trd, 4318238.893, 104
Trd, 4318240.043, 102
Trd, 4318241.393, 113
Trd, 4318241.543, 101
Trd, 4318243.143, 113
Trd, 4318246.343, 101
Trd, 4318246.543, 101
Trd, 4318247.143, 103
Trd, 4318248.193, 100
Trd, 4318248.243, 74
Trd, 4318248.993, 88
Trd, 4318249.593, 105
Trd, 4318250.943, 100
Trd, 4318252.093, 94
Trd, 4318253.843, 113
Trd, 4318256.793, 108
Trd, 4318256.843, 97
Trd, 4318257.493, 104
Trd, 4318258.893, 97
Trd, 4318259.943, 98
Trd, 4318261.093, 96
Trd, 4318262.243, 96
Trd, 4318262.543, 100
Trd, 4318263.593, 95
Trd, 4318264.243, 101
Trd, 4318267.243, 97
Trd, 4318268.143, 104
Trd, 4318268.593, 94
Trd, 4318270.943, 94
Trd, 4318271.093, 100
Trd, 4318271.493, 93
Trd, 4318273.243, 93
Trd, 4318274.593, 103
Trd, 4318275.043, 93
Trd, 4318275.593, 104
Trd, 4318277.093, 93
Trd, 4318278.193, 101
Trd, 4318280.693, 98
Trd, 4318280.993, 100
Trd, 4318281.393, 95
Trd, 4318283.493, 95
Trd, 4318284.493, 94
Trd, 4318285.693, 94
Trd, 4318286.043, 97
Trd, 4318287.743, 113
Trd, 4318290.743, 98
Trd, 4318290.793, 94
Trd, 4318290.993, 105
Trd, 4318293.043, 93
Trd, 4318293.593, 127
Trd, 4318294.193, 123
Trd, 4318296.043, 112
Trd, 4318297.243, 86
Trd, 4318297.293, 94
Trd, 4318298.143, 92
Trd, 4318298.393, 93
Trd, 4318299.493, 73
Trd, 4318299.893, 93
Trd, 4318301.643, 96
Trd, 4318303.193, 90
Trd, 4318304.043, 105
Trd, 4318305.843, 114
Trd, 4318306.193, 98
Trd, 4318308.293, 98
Trd, 4318309.993, 97
Trd, 4318310.843, 91
Trd, 4318311.243, 92
Trd, 4318311.693, 104
Trd, 4318312.193, 74
Trd, 4318313.043, 112
Trd, 4318314.893, 85
Trd, 4318315.293, 89
Trd, 4318316.493, 92
Trd, 4318317.793, 131
Trd, 4318318.343, 99
Trd, 4318319.393, 115
Trd, 4318320.543, 107
Trd, 4318321.643, 91
Trd, 4318324.143, 101
Trd, 4318324.943, 79
Trd, 4318326.743, 101
Trd, 4318329.543, 86
Trd, 4318332.193, 92
Trd, 4318332.293, 96
Trd, 4318333.093, 104
Trd, 4318333.393, 91
Trd, 4318333.993, 95
Trd, 4318335.243, 99
Trd, 4318337.293, 102
Trd, 4318338.843, 101
Trd, 4318339.993, 101
Trd, 4318340.093, 104
Trd, 4318341.093, 100
Trd, 4318342.243, 101
Trd, 4318344.943, 97
Trd, 4318346.193, 101
Trd, 4318346.693, 93
Trd, 4318348.143, 100
Trd, 4318348.393, 97
Trd, 4318349.593, 126
Trd, 4318350.243, 95
Trd, 4318351.443, 107
Trd, 4318351.643, 93
Trd, 4318354.143, 94
Trd, 4318356.693, 109
Trd, 4318358.393, 104
Trd, 4318358.893, 112
Trd, 4318359.693, 102
Trd, 4318360.493, 106
Trd, 4318360.693, 123
Trd, 4318361.343, 93
Trd, 4318362.793, 97
Trd, 4318365.293, 114
Trd, 4318366.093, 98
Trd, 4318366.743, 97
Trd, 4318367.243, 115
Trd, 4318371.693, 98
Trd, 4318372.043, 96
Trd, 4318372.143, 94
Trd, 4318372.743, 98
Trd, 4318375.143, 101
Trd, 4318375.193, 76
Trd, 4318376.243, 115
Trd, 4318376.443, 105
Trd, 4318376.793, 106
Trd, 4318377.193, 107
Trd, 4318377.443, 75
Trd, 4318379.543, 95
Trd, 4318380.293, 106
Trd, 4318381.393, 92
Trd, 4318381.993, 91
Trd, 4318382.643, 115
Trd, 4318384.343, 95
Trd, 4318386.343, 92
Trd, 4318387.693, 91
Trd, 4318388.843, 104
Trd, 4318389.143, 98
Trd, 4318390.643, 91
Trd, 4318391.793, 101
Trd, 4318392.843, 94
Trd, 4318393.293, 103
Trd, 4318394.593, 104
Trd, 4318394.643, 100
Trd, 4318395.293, 94
Trd, 4318396.943, 102
Trd, 4318399.243, 115
Trd, 4318400.443, 102
Trd, 4318401.943, 98
Trd, 4318404.543, 98
Trd, 4318404.993, 98
Trd, 4318405.293, 93
Trd, 4318405.543, 104
Trd, 4318406.743, 105
Trd, 4318409.493, 104
Trd, 4318410.493, 99
Trd, 4318410.843, 99
Trd, 4318411.043, 101
Trd, 4318411.693, 101
Trd, 4318413.293, 113
Trd, 4318414.493, 102
Trd, 4318419.093, 101
Trd, 4318419.693, 99
Trd, 4318420.393, 101
Trd, 4318421.693, 101
Trd, 4318422.193, 104
Trd, 4318422.493, 110
Trd, 4318422.993, 110
Trd, 4318424.443, 99
Trd, 4318425.343, 104
Trd, 4318426.743, 113
Trd, 4318428.343, 127
Trd, 4318428.693, 106
Trd, 4318428.743, 110
Trd, 4318431.293, 105
Trd, 4318432.793, 108
Trd, 4318433.143, 108
Trd, 4318434.793, 105
Trd, 4318435.493, 108
Trd, 4318435.743, 104
Trd, 4318437.243, 88
Trd, 4318438.293, 87
Trd, 4318441.993, 99
Trd, 4318442.493, 97
Trd, 4318442.793, 103
Trd, 4318444.143, 95
Trd, 4318446.043, 81
Trd, 4318446.243, 104
Trd, 4318447.243, 87
Trd, 4318449.443, 97
Trd, 4318450.443, 95
Trd, 4318450.643, 93
Trd, 4318450.893, 104
Trd, 4318452.843, 98
Trd, 4318455.093, 99
Trd, 4318455.193, 93
Trd, 4318456.943, 104
Trd, 4318457.893, 92
Trd, 4318458.543, 93
Trd, 4318459.143, 93
Trd, 4318462.093, 96
Trd, 4318462.743, 104
Trd, 4318462.993, 93
Trd, 4318465.793, 112
Trd, 4318466.193, 100
Trd, 4318466.243, 96
Trd, 4318470.593, 105
Trd, 4318471.493, 105
Trd, 4318471.743, 113
Trd, 4318473.143, 101
Trd, 4318475.343, 102
Trd, 4318476.243, 102
Trd, 4318476.293, 74
Trd, 4318477.643, 105
Trd, 4318479.493, 104
Trd, 4318479.643, 97
Trd, 4318483.593, 97
Trd, 4318484.143, 95
Trd, 4318484.293, 97
Trd, 4318484.443, 104
Trd, 4318486.893, 95
Trd, 4318488.693, 94
Trd, 4318489.443, 94
Trd, 4318490.493, 99
Trd, 4318492.743, 104
Trd, 4318494.543, 98
Trd, 4318494.643, 96
Trd, 4318496.443, 93
Trd, 4318497.043, 101
Trd, 4318498.293, 97
Trd, 4318499.543, 94
Trd, 4318500.093, 95
Trd, 4318500.643, 99
Trd, 4318503.293, 97
Trd, 4318504.793, 104
Trd, 4318505.593, 96
Trd, 4318505.643, 96
Trd, 4318505.693, 112
Trd, 4318508.193, 95
Trd, 4318508.843, 113
Trd, 4318509.043, 94
Trd, 4318512.593, 97
Trd, 4318515.193, 95
Trd, 4318515.293, 94
Trd, 4318515.843, 98
Trd, 4318517.993, 100
Trd, 4318520.643, 96
Trd, 4318520.843, 99
Trd, 4318520.993, 104
Trd, 4318521.243, 97
Trd, 4318521.893, 113
Trd, 4318524.043, 103
Trd, 4318524.443, 104
Trd, 4318525.693, 101
Trd, 4318527.693, 99
Trd, 4318529.043, 99
Trd, 4318530.093, 104
Trd, 4318531.743, 98
Trd, 4318532.093, 100
Trd, 4318532.143, 103
Trd, 4318534.043, 104
Trd, 4318534.893, 81
Trd, 4318535.543, 90
Trd, 4318535.893, 122
Trd, 4318536.393, 107
Trd, 4318537.793, 87
Trd, 4318538.043, 73
Trd, 4318539.093, 92
Trd, 4318539.393, 98
Trd, 4318540.743, 94
Trd, 4318540.943, 109
Trd, 4318541.893, 99
Trd, 4318545.393, 113
Trd, 4318545.893, 115
Trd, 4318546.193, 99
Trd, 4318549.193, 98
Trd, 4318549.843, 97
Trd, 4318550.893, 93
Trd, 4318551.493, 95
Trd, 4318552.793, 105
Trd, 4318555.493, 91
Trd, 4318555.693, 101
Trd, 4318556.043, 85
Trd, 4318557.593, 104
Trd, 4318557.993, 103
Trd, 4318560.243, 103
Trd, 4318561.243, 93
Trd, 4318563.043, 91
Trd, 4318563.543, 90
Trd, 4318564.893, 88
Trd, 4318564.993, 104
Trd, 4318565.093, 73
Trd, 4318566.143, 113
Trd, 4318566.943, 91
Trd, 4318567.643, 93
Trd, 4318568.793, 103
Trd, 4318570.093, 103
Trd, 4318571.343, 94
Trd, 4318572.293, 122
Trd, 4318573.893, 105
Trd, 4318573.943, 100
Trd, 4318575.993, 101
Trd, 4318576.293, 107
Trd, 4318577.543, 99
Trd, 4318578.093, 107
Trd, 4318580.343, 94
Trd, 4318580.693, 107
Trd, 4318582.643, 94
Trd, 4318583.343, 97
Trd, 4318584.693, 109
Trd, 4318587.093, 96
Trd, 4318588.443, 96
Trd, 4318588.843, 95
Trd, 4318589.543, 96
Trd, 4318591.643, 94
Trd, 4318592.643, 104
Trd, 4318593.493, 94
Trd, 4318594.293, 97
Trd, 4318596.143, 93
Trd, 4318596.343, 104
Trd, 4318596.943, 114
Trd, 4318598.393, 92
Trd, 4318599.693, 101
Trd, 4318604.243, 91
Trd, 4318604.793, 96
Trd, 4318606.143, 95
Trd, 4318608.943, 94
Trd, 4318609.693, 95
Trd, 4318610.393, 104
Trd, 4318611.193, 94
Trd, 4318612.043, 95
Trd, 4318612.593, 93
Trd, 4318612.793, 95
Trd, 4318613.243, 99
Trd, 4318615.043, 104
Trd, 4318617.043, 94
Trd, 4318618.343, 95
Trd, 4318619.543, 99
Trd, 4318619.743, 114
Trd, 4318619.893, 94
Trd, 4318621.843, 80
Trd, 4318623.243, 91
Trd, 4318623.343, 106
Trd, 4318624.043, 106
Trd, 4318624.343, 86
Trd, 4318624.843, 122
Trd, 4318628.193, 92
Trd, 4318628.593, 87
Trd, 4318631.343, 91
Trd, 4318631.943, 99
Trd, 4318632.343, 104
Trd, 4318632.793, 95
Trd, 4318633.393, 92
Trd, 4318636.643, 93
Trd, 4318637.393, 97
Trd, 4318637.743, 92
Trd, 4318639.343, 102
Trd, 4318639.643, 91
Trd, 4318641.893, 102
Trd, 4318644.343, 102
Trd, 4318645.093, 100
Trd, 4318645.693, 102
Trd, 4318647.293, 99
Trd, 4318647.993, 104
Trd, 4318648.043, 107
Trd, 4318650.193, 123
Trd, 4318650.893, 115
Trd, 4318652.543, 104
Trd, 4318654.043, 104
Trd, 4318655.143, 103
Trd, 4318657.443, 103
Trd, 4318657.993, 100
Trd, 4318658.143, 109
Trd, 4318660.693, 100
Trd, 4318662.093, 102
Trd, 4318662.743, 103
Trd, 4318663.693, 100
Trd, 4318664.393, 99
Trd, 4318664.993, 94
Trd, 4318666.643, 104
Trd, 4318668.743, 103
Trd, 4318670.243, 99
Trd, 4318671.443, 104
Trd, 4318671.743, 97
Trd, 4318671.993, 96
Trd, 4318673.443, 104
Trd, 4318675.293, 99
Trd, 4318677.393, 99
Trd, 4318677.643, 97
Trd, 4318677.793, 100
Trd, 4318677.843, 104
Trd, 4318679.793, 97
Trd, 4318681.193, 95
Trd, 4318681.843, 94
Trd, 4318682.443, 73
Trd, 4318684.643, 79
Trd, 4318684.843, 98
Trd, 4318686.943, 97
Trd, 4318689.393, 94
Trd, 4318690.793, 96
Trd, 4318692.243, 104
Trd, 4318694.993, 102
Trd, 4318695.593, 104
Trd, 4318696.343, 103
Trd, 4318697.793, 122
Trd, 4318697.843, 103
Trd, 4318698.143, 107
Trd, 4318699.043, 93
Trd, 4318700.393, 101
Trd, 4318703.093, 92
Trd, 4318704.043, 90
Trd, 4318704.293, 104
Trd, 4318706.943, 97
Trd, 4318707.993, 105
Trd, 4318708.693, 97
Trd, 4318709.043, 99
Trd, 4318711.393, 95
Trd, 4318713.093, 95
Trd, 4318713.193, 94
Trd, 4318713.393, 101
Trd, 4318713.743, 105
Trd, 4318715.043, 93
Trd, 4318717.293, 102
Trd, 4318717.593, 105
Trd, 4318718.493, 92
Trd, 4318720.143, 91
Trd, 4318720.393, 132
Trd, 4318723.843, 91
Trd, 4318724.143, 92
Trd, 4318724.993, 99
Trd, 4318725.593, 99
Trd, 4318728.443, 96
Trd, 4318729.243, 104
Trd, 4318730.943, 91
Trd, 4318731.293, 90
Trd, 4318731.443, 113
Trd, 4318733.343, 95
Trd, 4318733.693, 109
Trd, 4318734.443, 92
Trd, 4318735.893, 82
Trd, 4318737.443, 96
Trd, 4318737.543, 105
Trd, 4318739.193, 98
Trd, 4318740.193, 92
Trd, 4318742.243, 94
Trd, 4318742.343, 93
Trd, 4318742.793, 100
Trd, 4318743.043, 92
Trd, 4318743.543, 105
Trd, 4318746.593, 102
Trd, 4318748.143, 103
Trd, 4318750.543, 104
Trd, 4318750.643, 80
Trd, 4318752.343, 91
Trd, 4318754.443, 104
Trd, 4318754.643, 113
Trd, 4318756.443, 92
Trd, 4318758.093, 100
Trd, 4318758.143, 90
Trd, 4318760.143, 95
Trd, 4318761.243, 113
Trd, 4318761.893, 93
Trd, 4318763.543, 94
Trd, 4318764.193, 97
Trd, 4318766.343, 104
Trd, 4318767.593, 93
Trd, 4318768.443, 103
Trd, 4318768.893, 104
Trd, 4318768.993, 76
Trd, 4318769.193, 96
Trd, 4318771.093, 108
Trd, 4318772.943, 91
Trd, 4318773.343, 90
Trd, 4318775.143, 97
Trd, 4318775.443, 104
Trd, 4318775.693, 94
Trd, 4318777.643, 105
Trd, 4318778.143, 95
Trd, 4318779.293, 96
Trd, 4318779.793, 104
Trd, 4318780.643, 96
Trd, 4318783.993, 104
Trd, 4318784.393, 113
Trd, 4318784.893, 97
Trd, 4318785.843, 95
Trd, 4318787.393, 93
Trd, 4318787.893, 105
Trd, 4318789.643, 100
Trd, 4318790.043, 90
Trd, 4318790.093, 89
Trd, 4318791.893, 94
Trd, 4318793.493, 95
Trd, 4318793.643, 104
Trd, 4318796.893, 99
Trd, 4318798.843, 99
Trd, 4318799.793, 104
Trd, 4318801.743, 104
Trd, 4318801.993, 98
Trd, 4318802.643, 97
Trd, 4318803.443, 93
Trd, 4318803.893, 113
Trd, 4318804.993, 101
Trd, 4318807.693, 97
Trd, 4318810.643, 99
Trd, 4318811.243, 96
Trd, 4318813.143, 104
Trd, 4318813.593, 95
Trd, 4318814.193, 113
Trd, 4318816.243, 98
Trd, 4318816.293, 95
Trd, 4318817.593, 93
Trd, 4318818.193, 78
Trd, 4318818.743, 80
Trd, 4318819.743, 105
Trd, 4318822.943, 91
Trd, 4318823.093, 94
Trd, 4318825.043, 104
Trd, 4318826.843, 102
Trd, 4318827.093, 113
Trd, 4318828.043, 99
Trd, 4318828.543, 128
Trd, 4318828.943, 125
Trd, 4318830.293, 109
Trd, 4318831.143, 109
Trd, 4318832.493, 110
Trd, 4318832.893, 109
Trd, 4318834.943, 107
Trd, 4318836.343, 114
Trd, 4318836.443, 131
Trd, 4318838.243, 110
Trd, 4318839.043, 118
Trd, 4318840.743, 98
Trd, 4318840.943, 96
Trd, 4318842.843, 91
Trd, 4318844.043, 103
Trd, 4318845.393, 103
Trd, 4318845.593, 104
Trd, 4318845.843, 102
Trd, 4318846.993, 103
Trd, 4318849.043, 102
Trd, 4318849.843, 104
Trd, 4318852.493, 104
Trd, 4318852.593, 102
Trd, 4318854.143, 104
Trd, 4318855.443, 101
Trd, 4318857.743, 100
Trd, 4318857.993, 95
Trd, 4318858.143, 92
Trd, 4318858.443, 88
Trd, 4318860.743, 92
Trd, 4318862.593, 91
Trd, 4318862.843, 106
Trd, 4318863.543, 104
Trd, 4318864.043, 90
Trd, 4318864.493, 98
Trd, 4318867.093, 100
Trd, 4318867.543, 98
Trd, 4318868.043, 100
Trd, 4318868.143, 104
Trd, 4318868.893, 114
Trd, 4318870.143, 80
Trd, 4318873.643, 97
Trd, 4318874.293, 106
Trd, 4318875.043, 103
Trd, 4318875.393, 100
Trd, 4318875.993, 123
Trd, 4318877.693, 103
Trd, 4318878.393, 97
Trd, 4318879.443, 100
Trd, 4318879.843, 98
Trd, 4318879.993, 93
Trd, 4318880.093, 114
Trd, 4318882.893, 94
Trd, 4318882.943, 95
Trd, 4318883.693, 91
Trd, 4318884.493, 86
Trd, 4318885.393, 95
Trd, 4318885.743, 75
Trd, 4318886.493, 88
Trd, 4318887.543, 84
Trd, 4318888.943, 80
Trd, 4318889.793, 104
Trd, 4318890.543, 108
Trd, 4318892.243, 104
Trd, 4318893.043, 101
Trd, 4318893.493, 90
Trd, 4318896.493, 105
Trd, 4318897.043, 98
Trd, 4318897.793, 98
Trd, 4318898.893, 107
Trd, 4318900.493, 97
Trd, 4318901.193, 103
Trd, 4318902.543, 104
Trd, 4318903.093, 96
Trd, 4318903.393, 96
Trd, 4318903.843, 94
Trd, 4318905.243, 114
Trd, 4318905.293, 94
Trd, 4318908.143, 104
Trd, 4318908.993, 100
Trd, 4318909.543, 101
Trd, 4318910.143, 94
Trd, 4318911.843, 103
Trd, 4318912.293, 104
Trd, 4318913.193, 98
Trd, 4318915.793, 98
Trd, 4318915.943, 104
Trd, 4318915.993, 97
Trd, 4318918.193, 100
Trd, 4318919.493, 95
Trd, 4318920.543, 93
Trd, 4318920.843, 114
Trd, 4318922.143, 80
Trd, 4318922.993, 105
Trd, 4318926.293, 114
Trd, 4318927.243, 101
Trd, 4318927.343, 99
Trd, 4318928.693, 87
Trd, 4318929.143, 90
Trd, 4318929.843, 106
Trd, 4318930.693, 116
Trd, 4318932.293, 90
Trd, 4318935.343, 108
Trd, 4318935.443, 102
Trd, 4318938.693, 110
Trd, 4318938.843, 105
Trd, 4318939.243, 104
Trd, 4318941.343, 106
Trd, 4318941.593, 104
Trd, 4318941.743, 113
Trd, 4318942.593, 97
Trd, 4318943.293, 81
Trd, 4318944.443, 82
Trd, 4318945.343, 102
Trd, 4318946.093, 99
Trd, 4318948.993, 96
Trd, 4318949.143, 104
Trd, 4318950.193, 92
Trd, 4318950.993, 93
Trd, 4318953.093, 101
Trd, 4318953.343, 104
Trd, 4318954.593, 113
Trd, 4318955.843, 92
Trd, 4318955.943, 93
Trd, 4318957.343, 95
Trd, 4318957.843, 94
Trd, 4318958.693, 105
Trd, 4318959.493, 97
Trd, 4318960.393, 94
Trd, 4318962.193, 114
Trd, 4318963.543, 113
Trd, 4318964.443, 96
Trd, 4318964.493, 95
Trd, 4318965.543, 94
Trd, 4318965.943, 103
Trd, 4318970.143, 103
Trd, 4318970.893, 104
Trd, 4318971.943, 96
Trd, 4318974.143, 96
Trd, 4318974.393, 105
Trd, 4318974.493, 96
Trd, 4318975.993, 94
Trd, 4318978.393, 100
Trd, 4318980.343, 104
Trd, 4318980.893, 95
Trd, 4318981.043, 113
Trd, 4318981.493, 101
Trd, 4318982.093, 99
Trd, 4318982.993, 107
Trd, 4318983.893, 105
Trd, 4318983.943, 113
Trd, 4318986.043, 105
Trd, 4318986.943, 105
Trd, 4318989.743, 104
Trd, 4318990.593, 107
Trd, 4318992.243, 101
Trd, 4318994.893, 105
Trd, 4318997.443, 102
Trd, 4318997.743, 101
Trd, 4318998.393, 104
Trd, 4319001.043, 103
Trd, 4319001.093, 101
Trd, 4319003.793, 103
Trd, 4319004.593, 100
Trd, 4319004.643, 104
Trd, 4319005.143, 122
Trd, 4319005.793, 94
Trd, 4319006.693, 95
Trd, 4319008.293, 102
Trd, 4319008.393, 115
Trd, 4319009.293, 97
Trd, 4319010.943, 97
Trd, 4319011.893, 94
Trd, 4319013.743, 107
Trd, 4319014.593, 101
Trd, 4319015.043, 97
Trd, 4319015.893, 105
Trd, 4319016.243, 98
Trd, 4319017.193, 91
Trd, 4319018.693, 113
Trd, 4319019.493, 104
Trd, 4319022.343, 100
Trd, 4319022.993, 99
Trd, 4319023.443, 103
Trd, 4319023.543, 98
Trd, 4319023.943, 101
Trd, 4319025.443, 99
Trd, 4319025.993, 98
Trd, 4319028.393, 104
Trd, 4319028.543, 100
Trd, 4319029.843, 109
Trd, 4319030.843, 98
Trd, 4319031.893, 113
Trd, 4319032.693, 99
Trd, 4319033.293, 110
Trd, 4319033.543, 94
Trd, 4319035.143, 94
Trd, 4319036.743, 98
Trd, 4319037.443, 93
Trd, 4319037.793, 100
Trd, 4319038.643, 104
Trd, 4319038.893, 105
Trd, 4319041.443, 97
Trd, 4319043.493, 103
Trd, 4319044.443, 98
Trd, 4319045.493, 98
Trd, 4319046.443, 97
Trd, 4319046.493, 91
Trd, 4319047.343, 100
Trd, 4319049.143, 99
Trd, 4319050.643, 101
Trd, 4319050.943, 104
Trd, 4319051.743, 119
Trd, 4319053.543, 102
Trd, 4319053.943, 114
Trd, 4319055.893, 114
Trd, 4319057.893, 104
Trd, 4319057.993, 102
Trd, 4319058.693, 102
Trd, 4319059.443, 93
Trd, 4319061.443, 92
Trd, 4319061.843, 94
Trd, 4319062.243, 95
Trd, 4319062.843, 114
Trd, 4319064.093, 100
Trd, 4319065.993, 106
Trd, 4319066.293, 96
Trd, 4319067.443, 113
Trd, 4319068.493, 111
Trd, 4319069.193, 113
Trd, 4319072.593, 110
Trd, 4319074.243, 110
Trd, 4319074.743, 113
Trd, 4319075.443, 109
Trd, 4319076.193, 103
Trd, 4319076.693, 106
Trd, 4319078.393, 104
Trd, 4319078.793, 102
Trd, 4319080.843, 103
Trd, 4319081.693, 101
Trd, 4319083.343, 93
Trd, 4319084.243, 113
Trd, 4319086.643, 98
Trd, 4319086.943, 103
Trd, 4319088.243, 95
Trd, 4319088.593, 104
Trd, 4319089.893, 113
Trd, 4319092.193, 110
Trd, 4319092.293, 100
Trd, 4319094.093, 101
Trd, 4319094.593, 103
Trd, 4319094.893, 93
Trd, 4319095.743, 106
Trd, 4319096.693, 106
Trd, 4319100.943, 103
Trd, 4319101.043, 106
Trd, 4319103.193, 104
Trd, 4319105.193, 103
Trd, 4319105.843, 103
Trd, 4319105.993, 105
Trd, 4319107.943, 104
Trd, 4319109.393, 106
Trd, 4319111.193, 105
Trd, 4319111.243, 103
Trd, 4319111.843, 93
Trd, 4319112.593, 103
Trd, 4319113.143, 122
Trd, 4319114.343, 105
Trd, 4319116.593, 108
Trd, 4319117.293, 104
Trd, 4319118.143, 110
Trd, 4319120.643, 104
Trd, 4319120.693, 102
Trd, 4319120.993, 91
Trd, 4319121.493, 106
Trd, 4319121.693, 106
Trd, 4319121.743, 86
Trd, 4319122.393, 91
Trd, 4319125.193, 114
Trd, 4319125.943, 101
Trd, 4319127.343, 103
Trd, 4319127.793, 103
Trd, 4319129.393, 102
Trd, 4319131.943, 100
Trd, 4319132.443, 104
Trd, 4319134.293, 99
Trd, 4319134.643, 94
Trd, 4319136.243, 101
Trd, 4319137.693, 100
Trd, 4319137.943, 97
Trd, 4319138.643, 98
Trd, 4319139.693, 101
Trd, 4319140.393, 92
Trd, 4319141.393, 85
Trd, 4319142.443, 93
Trd, 4319144.293, 93
Trd, 4319145.793, 91
Trd, 4319147.193, 104
Trd, 4319149.143, 94
Trd, 4319149.893, 91
Trd, 4319151.593, 96
Trd, 4319151.943, 96
Trd, 4319153.493, 93
Trd, 4319155.943, 98
Trd, 4319156.043, 93
Trd, 4319157.543, 98
Trd, 4319157.993, 92
Trd, 4319158.343, 104
Trd, 4319158.543, 102
Trd, 4319160.793, 102
Trd, 4319160.993, 94
Trd, 4319162.393, 104
Trd, 4319163.243, 96
Trd, 4319164.293, 104
Trd, 4319164.543, 92
Trd, 4319165.843, 100
Trd, 4319167.143, 99
Trd, 4319168.943, 99
Trd, 4319170.243, 103
Trd, 4319170.343, 104
Trd, 4319170.993, 111
Trd, 4319172.493, 98
Trd, 4319173.543, 98
Trd, 4319174.893, 96
Trd, 4319175.893, 98
Trd, 4319177.143, 94
Trd, 4319179.243, 101
Trd, 4319179.993, 93
Trd, 4319180.043, 104
Trd, 4319183.493, 95
Trd, 4319184.043, 94
Trd, 4319184.693, 95
Trd, 4319184.843, 104
Trd, 4319185.843, 93
Trd, 4319187.043, 104
Trd, 4319187.843, 91
Trd, 4319190.143, 103
Trd, 4319190.543, 93
Trd, 4319191.343, 113
Trd, 4319198.593, 92
Trd, 4319198.743, 94
Trd, 4319199.293, 96
Trd, 4319199.393, 104
Trd, 4319200.093, 99
Trd, 4319200.143, 92
Trd, 4319202.093, 99
Trd, 4319202.693, 91
Trd, 4319203.243, 88
Trd, 4319206.093, 100
Trd, 4319207.393, 106
Trd, 4319209.193, 113
Trd, 4319210.143, 101
Trd, 4319210.443, 99
Trd, 4319212.193, 88
Trd, 4319213.343, 104
Trd, 4319214.143, 107
Trd, 4319214.743, 96
Trd, 4319214.943, 110
Trd, 4319218.093, 104
Trd, 4319220.343, 107
Trd, 4319220.693, 113
Trd, 4319221.743, 106
Trd, 4319222.693, 94
Trd, 4319223.943, 82
Trd, 4319224.343, 84
Trd, 4319224.393, 98
Trd, 4319226.293, 105
Trd, 4319227.593, 104
Trd, 4319227.893, 102
Trd, 4319227.943, 113
Trd, 4319230.243, 102
Trd, 4319232.193, 101
Trd, 4319232.393, 104
Trd, 4319232.593, 98
Trd, 4319236.193, 95
Trd, 4319237.043, 104
Trd, 4319237.093, 91
Trd, 4319237.193, 89
Trd, 4319238.343, 97
Trd, 4319239.593, 106
Trd, 4319240.393, 95
Trd, 4319241.843, 89
Trd, 4319242.543, 97
Trd, 4319243.393, 93
Trd, 4319244.193, 104
Trd, 4319245.643, 89
Trd, 4319248.143, 91
Trd, 4319249.243, 98
Trd, 4319249.493, 113
Trd, 4319250.793, 95
Trd, 4319251.043, 94
Trd, 4319252.243, 104
Trd, 4319254.143, 93
Trd, 4319254.243, 99
Trd, 4319256.943, 97
Trd, 4319257.743, 102
Trd, 4319259.093, 104
Trd, 4319259.893, 93
Trd, 4319261.943, 96
Trd, 4319262.093, 95
Trd, 4319266.093, 104
Trd, 4319266.243, 104
Trd, 4319266.693, 109
Trd, 4319267.193, 108
Trd, 4319267.593, 105
Trd, 4319267.793, 91
Trd, 4319269.043, 98
Trd, 4319270.943, 113
Trd, 4319271.743, 112
Trd, 4319271.893, 104
Trd, 4319272.493, 106
Trd, 4319273.243, 108
Trd, 4319274.443, 102
Trd, 4319274.693, 91
Trd, 4319275.393, 107
Trd, 4319276.693, 85
Trd, 4319277.743, 97
Trd, 4319279.293, 94
Trd, 4319279.743, 76
Trd, 4319280.043, 127
Trd, 4319282.943, 107
Trd, 4319284.043, 101
Trd, 4319285.343, 93
Trd, 4319286.293, 94
Trd, 4319287.093, 84
Trd, 4319287.543, 95
Trd, 4319287.693, 93
Trd, 4319289.643, 101
Trd, 4319290.443, 114
Trd, 4319291.993, 106
Trd, 4319292.743, 101
Trd, 4319294.443, 99
Trd, 4319294.493, 94
Trd, 4319295.393, 104
Trd, 4319296.143, 105
Trd, 4319297.243, 101
Trd, 4319298.143, 103
Trd, 4319299.943, 105
Trd, 4319300.643, 93
Trd, 4319300.793, 113
Trd, 4319302.193, 97
Trd, 4319303.443, 102
Trd, 4319304.643, 105
Trd, 4319305.143, 98
Trd, 4319307.243, 105
Trd, 4319307.693, 100
Trd, 4319309.493, 91
Trd, 4319310.043, 95
Trd, 4319311.143, 86
Trd, 4319312.793, 93
Trd, 4319313.093, 113
Trd, 4319314.343, 101
Trd, 4319316.193, 113
Trd, 4319319.393, 97
Trd, 4319319.893, 97
Trd, 4319320.343, 93
Trd, 4319320.643, 101
Trd, 4319321.893, 104
Trd, 4319322.143, 113
Trd, 4319324.343, 126
Trd, 4319324.743, 99
Trd, 4319324.993, 99
Trd, 4319326.293, 117
Trd, 4319327.193, 98
Trd, 4319330.293, 94
Trd, 4319331.443, 104
Trd, 4319331.593, 99
Trd, 4319331.693, 104
Trd, 4319334.743, 102
Trd, 4319334.893, 102
Trd, 4319336.443, 104
Trd, 4319337.393, 92
Trd, 4319337.493, 103
Trd, 4319338.093, 96
Trd, 4319339.093, 92
Trd, 4319339.693, 103
Trd, 4319340.543, 104
Trd, 4319342.593, 95
Trd, 4319343.593, 95
Trd, 4319345.593, 101
Trd, 4319346.093, 94
Trd, 4319346.643, 104
Trd, 4319348.893, 125
Trd, 4319350.043, 107
Trd, 4319350.443, 96
Trd, 4319352.293, 96
Trd, 4319353.043, 94
Trd, 4319353.643, 83
Trd, 4319354.043, 90
Trd, 4319355.193, 88
Trd, 4319355.243, 75
Trd, 4319356.843, 79
Trd, 4319357.543, 106
Trd, 4319357.843, 107
Trd, 4319359.193, 102
Trd, 4319359.943, 103
Trd, 4319360.043, 97
Trd, 4319361.243, 111
Trd, 4319364.043, 98
Trd, 4319365.793, 99
Trd, 4319366.443, 101
Trd, 4319366.643, 97
Trd, 4319368.243, 104
Trd, 4319370.643, 102
Trd, 4319371.593, 97
Trd, 4319373.443, 95
Trd, 4319375.893, 99
Trd, 4319376.393, 104
Trd, 4319377.293, 96
Trd, 4319378.293, 94
Trd, 4319379.443, 113
Trd, 4319380.843, 112
Trd, 4319381.143, 131
Trd, 4319381.443, 98
Trd, 4319383.693, 102
Trd, 4319383.743, 92
Trd, 4319386.393, 107
Trd, 4319386.543, 108
Trd, 4319386.743, 104
Trd, 4319388.243, 91
Trd, 4319389.593, 102
Trd, 4319389.893, 109
Trd, 4319390.993, 100
Trd, 4319391.743, 109
Trd, 4319392.193, 113
Trd, 4319393.993, 100
Trd, 4319395.143, 110
Trd, 4319396.343, 99
Trd, 4319396.993, 100
Trd, 4319399.293, 104
Trd, 4319400.793, 97
Trd, 4319400.943, 91
Trd, 4319401.193, 95
Trd, 4319401.793, 100
Trd, 4319401.893, 104
Trd, 4319404.693, 95
Trd, 4319405.893, 97
Trd, 4319408.593, 98
Trd, 4319409.243, 97
Trd, 4319410.243, 97
Trd, 4319410.693, 97
Trd, 4319411.843, 96
Trd, 4319412.243, 104
Trd, 4319412.943, 99
Trd, 4319413.843, 113
Trd, 4319417.943, 96
Trd, 4319418.093, 98
Trd, 4319418.393, 95
Trd, 4319418.993, 104
Trd, 4319421.393, 97
Trd, 4319422.193, 94
Trd, 4319422.393, 104
Trd, 4319422.493, 93
Trd, 4319424.293, 100
Trd, 4319424.993, 105
Trd, 4319425.193, 106
Trd, 4319427.693, 95
Trd, 4319428.843, 93
Trd, 4319429.743, 95
Trd, 4319429.793, 94
Trd, 4319431.293, 104
Trd, 4319431.593, 93
Trd, 4319433.393, 93
Trd, 4319434.943, 97
Trd, 4319436.243, 103
Trd, 4319436.993, 97
Trd, 4319438.243, 95
Trd, 4319438.343, 104
Trd, 4319439.543, 96
Trd, 4319441.343, 92
Trd, 4319442.993, 91
Trd, 4319443.493, 93
Trd, 4319444.643, 93
Trd, 4319445.543, 104
Trd, 4319447.143, 97
Trd, 4319447.693, 117
Trd, 4319449.493, 105
Trd, 4319450.493, 107
Trd, 4319451.693, 97
Trd, 4319451.943, 107
Trd, 4319453.393, 100
Trd, 4319453.743, 101
Trd, 4319454.143, 104
Trd, 4319455.243, 101
Trd, 4319457.293, 101
Trd, 4319457.743, 96
Trd, 4319457.893, 114
Trd, 4319458.043, 122
Trd, 4319460.543, 74
Trd, 4319460.593, 95
Trd, 4319463.943, 93
Trd, 4319464.693, 81
Trd, 4319467.093, 105
Trd, 4319468.093, 113
Trd, 4319469.693, 91
Trd, 4319470.443, 97
Trd, 4319471.793, 95
Trd, 4319473.293, 105
Trd, 4319474.043, 90
Trd, 4319475.093, 94
Trd, 4319475.193, 81
Trd, 4319477.493, 101
Trd, 4319479.443, 104
Trd, 4319479.993, 120
Trd, 4319482.093, 101
Trd, 4319484.343, 94
Trd, 4319484.493, 105
Trd, 4319484.693, 86
Trd, 4319485.193, 101
Trd, 4319486.593, 109
Trd, 4319489.443, 104
Trd, 4319489.543, 101
Trd, 4319492.343, 98
Trd, 4319493.593, 92
Trd, 4319494.693, 102
Trd, 4319495.643, 101
Trd, 4319495.943, 104
Trd, 4319498.593, 100
Trd, 4319499.093, 104
Trd, 4319499.693, 98
Trd, 4319500.243, 97
Trd, 4319502.693, 104
Trd, 4319503.143, 114
Trd, 4319503.643, 98
Trd, 4319504.093, 99
Trd, 4319505.493, 94
Trd, 4319508.243, 94
Trd, 4319508.393, 96
Trd, 4319509.893, 95
Trd, 4319510.043, 104
Trd, 4319510.643, 108
Trd, 4319512.043, 114
Trd, 4319512.843, 96
Trd, 4319516.093, 102
Trd, 4319516.893, 96
Trd, 4319517.593, 104
Trd, 4319519.543, 103
Trd, 4319519.843, 104
Trd, 4319520.043, 101
Trd, 4319520.793, 92
Trd, 4319522.093, 85
Trd, 4319523.593, 108
Trd, 4319524.143, 113
Trd, 4319524.593, 104
Trd, 4319525.543, 103
Trd, 4319527.643, 106
Trd, 4319528.493, 89
Trd, 4319528.843, 96
Trd, 4319531.043, 95
Trd, 4319531.993, 95
Trd, 4319532.143, 94
Trd, 4319534.593, 95
Trd, 4319534.943, 102
Trd, 4319536.293, 98
Trd, 4319536.593, 104
Trd, 4319537.743, 130
Trd, 4319540.043, 112
Trd, 4319541.143, 112
Trd, 4319541.993, 123
Trd, 4319542.293, 99
Trd, 4319542.843, 93
Trd, 4319545.893, 100
Trd, 4319546.143, 105
Trd, 4319546.243, 114
Trd, 4319546.893, 105
Trd, 4319548.293, 104
Trd, 4319548.543, 108
Trd, 4319552.143, 114
Trd, 4319553.793, 103
Trd, 4319553.943, 109
Trd, 4319554.793, 113
Trd, 4319556.043, 96
Trd, 4319556.243, 76
Trd, 4319556.943, 88
Trd, 4319560.193, 92
Trd, 4319560.793, 92
Trd, 4319560.843, 94
Trd, 4319561.143, 76
Trd, 4319561.843, 105
Trd, 4319562.493, 97
Trd, 4319564.193, 82
Trd, 4319565.693, 125
Trd, 4319566.343, 81
Trd, 4319566.593, 100
Trd, 4319566.693, 104
Trd, 4319570.293, 102
Trd, 4319571.393, 105
Trd, 4319573.693, 87
Trd, 4319573.793, 104
Trd, 4319575.343, 97
Trd, 4319578.243, 99
Trd, 4319578.393, 101
Trd, 4319580.993, 98
Trd, 4319581.043, 97
Trd, 4319581.693, 92
Trd, 4319582.393, 98
Trd, 4319583.643, 93
Trd, 4319585.193, 92
Trd, 4319586.393, 94
Trd, 4319586.493, 96
Trd, 4319590.993, 96
Trd, 4319591.243, 93
Trd, 4319591.343, 105
Trd, 4319592.393, 60
Trd, 4319593.843, 81
Trd, 4319595.093, 95
Trd, 4319595.443, 80
Trd, 4319596.943, 90
Trd, 4319597.493, 86
Trd, 4319599.293, 91
Trd, 4319600.043, 85
Trd, 4319600.943, 105
Trd, 4319602.443, 115
Trd, 4319603.143, 103
Trd, 4319603.493, 90
Trd, 4319604.493, 97
Trd, 4319606.693, 101
Trd, 4319606.793, 106
Trd, 4319606.843, 115
Trd, 4319607.893, 97
Trd, 4319610.743, 96
Trd, 4319611.393, 94
Trd, 4319611.993, 105
Trd, 4319613.993, 105
Trd, 4319614.543, 107
Trd, 4319615.843, 96
Trd, 4319617.943, 97
Trd, 4319619.493, 101
Trd, 4319619.743, 97
Trd, 4319622.043, 100
Trd, 4319622.093, 96
Trd, 4319622.143, 102
Trd, 4319624.643, 98
Trd, 4319625.043, 96
Trd, 4319627.843, 96
Trd, 4319628.243, 104
Trd, 4319628.793, 92
Trd, 4319632.143, 92
Trd, 4319633.993, 97
Trd, 4319634.193, 112
Trd, 4319634.793, 105
Trd, 4319635.593, 104
Trd, 4319636.593, 102
Trd, 4319638.543, 102
Trd, 4319638.843, 102
Trd, 4319639.393, 90
Trd, 4319640.893, 102
Trd, 4319641.093, 107
Trd, 4319642.543, 105
Trd, 4319644.543, 103
Trd, 4319645.293, 102
Trd, 4319645.493, 103
Trd, 4319645.693, 94
Trd, 4319648.343, 84
Trd, 4319649.393, 104
Trd, 4319650.743, 90
Trd, 4319651.443, 104
Trd, 4319653.293, 94
Trd, 4319653.993, 89
Trd, 4319654.093, 93
Trd, 4319654.193, 131
Trd, 4319657.093, 117
Trd, 4319658.543, 100
Trd, 4319662.643, 105
Trd, 4319663.043, 102
Trd, 4319663.843, 99
Trd, 4319664.543, 103
Trd, 4319664.943, 99
Trd, 4319665.143, 98
Trd, 4319666.243, 81
Trd, 4319666.393, 104
Trd, 4319669.093, 102
Trd, 4319669.193, 104
Trd, 4319671.193, 104
Trd, 4319671.793, 101
Trd, 4319672.293, 116
Trd, 4319672.993, 112
Trd, 4319673.393, 108
Trd, 4319676.143, 111
Trd, 4319676.993, 109
Trd, 4319678.093, 97
Trd, 4319678.543, 105
Trd, 4319678.993, 83
Trd, 4319680.743, 108
Trd, 4319682.293, 100
Trd, 4319682.593, 104
Trd, 4319684.093, 92
Trd, 4319684.893, 103
Trd, 4319686.243, 102
Trd, 4319688.543, 90
Trd, 4319689.193, 93
Trd, 4319690.493, 90
Trd, 4319691.243, 95
Trd, 4319693.743, 114
Trd, 4319696.143, 93
Trd, 4319696.293, 93
Trd, 4319697.393, 104
Trd, 4319698.793, 103
Trd, 4319700.043, 102
Trd, 4319700.343, 99
Trd, 4319701.493, 99
Trd, 4319702.493, 104
Trd, 4319704.193, 84
Trd, 4319704.593, 96
Trd, 4319706.093, 112
Trd, 4319710.043, 95
Trd, 4319710.993, 99
Trd, 4319711.293, 101
Trd, 4319715.443, 101
Trd, 4319715.643, 105
Trd, 4319715.893, 96
Trd, 4319715.993, 94
Trd, 4319716.093, 113
Trd, 4319720.443, 96
Trd, 4319720.693, 96
Trd, 4319721.593, 101
Trd, 4319722.743, 95
Trd, 4319722.943, 113
Trd, 4319723.143, 94
Trd, 4319724.243, 103
Trd, 4319724.693, 104
Trd, 4319727.043, 102
Trd, 4319727.443, 103
Trd, 4319727.893, 98
Trd, 4319731.543, 100
Trd, 4319732.593, 99
Trd, 4319734.493, 101
Trd, 4319735.293, 102
Trd, 4319735.743, 98
Trd, 4319736.543, 101
Trd, 4319737.093, 104
Trd, 4319739.293, 97
Trd, 4319739.843, 100
Trd, 4319742.893, 100
Trd, 4319744.043, 96
Trd, 4319744.643, 97
Trd, 4319746.643, 94
Trd, 4319748.193, 97
Trd, 4319749.043, 94
Trd, 4319750.143, 104
Trd, 4319751.443, 92
Trd, 4319753.343, 102
Trd, 4319754.593, 94
Trd, 4319754.843, 104
Trd, 4319756.943, 93
Trd, 4319757.193, 99
Trd, 4319759.193, 104
Trd, 4319759.343, 98
Trd, 4319761.843, 102
Trd, 4319762.143, 102
Trd, 4319765.443, 97
Trd, 4319768.243, 96
Trd, 4319768.393, 101
Trd, 4319768.593, 95
Trd, 4319769.693, 99
Trd, 4319771.243, 112
Trd, 4319772.643, 95
Trd, 4319773.843, 94
Trd, 4319775.493, 100
Trd, 4319776.943, 95
Trd, 4319777.643, 105
Trd, 4319778.743, 94
Trd, 4319779.193, 95
Trd, 4319780.343, 104
Trd, 4319782.293, 93
Trd, 4319783.593, 102
Trd, 4319785.043, 105
Trd, 4319785.243, 102
Trd, 4319786.293, 103
Trd, 4319788.243, 102
Trd, 4319789.193, 104
Trd, 4319789.643, 102
Trd, 4319790.693, 100
Trd, 4319792.343, 113
Trd, 4319792.793, 100
Trd, 4319795.493, 93
Trd, 4319796.543, 97
Trd, 4319797.293, 104
Trd, 4319797.643, 104
Trd, 4319799.193, 104
Trd, 4319799.543, 98
Trd, 4319801.943, 97
Trd, 4319805.793, 102
Trd, 4319805.843, 104
Trd, 4319806.543, 98
Trd, 4319806.743, 101
Trd, 4319807.693, 97
Trd, 4319809.593, 104
Trd, 4319810.843, 93
Trd, 4319811.793, 103
Trd, 4319812.393, 96
Trd, 4319812.843, 113
Trd, 4319813.993, 103
Trd, 4319814.793, 103
Trd, 4319815.043, 101
Trd, 4319816.793, 101
Trd, 4319818.743, 100
Trd, 4319819.593, 104
Trd, 4319820.193, 98
Trd, 4319821.543, 91
Trd, 4319822.243, 94
Trd, 4319823.543, 101
Trd, 4319824.443, 95
Trd, 4319825.243, 94
Trd, 4319826.093, 98
Trd, 4319827.143, 81
Trd, 4319830.643, 75
Trd, 4319831.343, 92
Trd, 4319831.443, 104
Trd, 4319832.493, 97
Trd, 4319833.643, 97
Trd, 4319834.043, 92
Trd, 4319835.793, 98
Trd, 4319836.993, 95
Trd, 4319838.443, 84
Trd, 4319839.493, 91
Trd, 4319842.593, 96
Trd, 4319843.293, 91
Trd, 4319843.993, 104
Trd, 4319845.693, 103
Trd, 4319847.443, 95
Trd, 4319848.193, 99
Trd, 4319848.893, 100
Trd, 4319849.443, 113
Trd, 4319850.543, 106
Trd, 4319851.793, 105
Trd, 4319851.893, 98
Trd, 4319852.143, 94
Trd, 4319853.093, 76
Trd, 4319853.743, 131
Trd, 4319853.843, 96
Trd, 4319858.193, 97
Trd, 4319858.343, 96
Trd, 4319858.843, 104
Trd, 4319860.193, 98
Trd, 4319860.893, 92
Trd, 4319862.393, 101
Trd, 4319863.393, 104
Trd, 4319866.143, 102
Trd, 4319867.643, 101
Trd, 4319869.243, 100
Trd, 4319869.393, 91
Trd, 4319870.093, 95
Trd, 4319870.793, 101
Trd, 4319872.743, 104
Trd, 4319873.743, 125
Trd, 4319873.943, 131
Trd, 4319875.093, 120
Trd, 4319875.143, 109
Trd, 4319877.293, 105
Trd, 4319877.393, 108
Trd, 4319879.443, 94
Trd, 4319881.343, 101
Trd, 4319881.693, 102
Trd, 4319882.143, 101
Trd, 4319882.793, 104
Trd, 4319884.093, 99
Trd, 4319887.093, 103
Trd, 4319887.543, 104
Trd, 4319888.143, 92
Trd, 4319890.343, 106
Trd, 4319891.693, 92
Trd, 4319892.493, 97
Trd, 4319892.893, 91
Trd, 4319893.393, 92
Trd, 4319895.043, 95
Trd, 4319896.593, 93
Trd, 4319897.393, 98
Trd, 4319897.643, 104
Trd, 4319899.793, 93
Trd, 4319900.193, 95
Trd, 4319901.543, 93
Trd, 4319902.293, 104
Trd, 4319903.193, 113
Trd, 4319903.843, 72
Trd, 4319905.943, 92
Trd, 4319907.493, 105
Trd, 4319908.993, 99
Trd, 4319909.343, 95
Trd, 4319910.043, 90
Trd, 4319910.493, 106
Trd, 4319911.243, 105
Trd, 4319914.343, 97
Trd, 4319915.693, 99
Trd, 4319915.943, 94
Trd, 4319918.293, 104
Trd, 4319918.443, 96
Trd, 4319920.143, 103
Trd, 4319921.643, 98
Trd, 4319922.343, 102
Trd, 4319922.443, 98
Trd, 4319925.343, 94
Trd, 4319927.093, 104
Trd, 4319928.193, 96
Trd, 4319929.293, 96
Trd, 4319929.743, 90
Trd, 4319931.243, 90
Trd, 4319931.293, 104
Trd, 4319934.443, 98
Trd, 4319936.193, 98
Trd, 4319938.793, 106
Trd, 4319939.693, 99
Trd, 4319941.493, 104
Trd, 4319942.093, 113
Trd, 4319943.293, 104
Trd, 4319944.643, 102
Trd, 4319944.693, 107
Trd, 4319944.843, 101
Trd, 4319946.843, 90
Trd, 4319948.043, 100
Trd, 4319948.143, 99
Trd, 4319948.693, 86
Trd, 4319951.243, 104
Trd, 4319951.843, 95
Trd, 4319952.843, 96
Trd, 4319954.743, 100
Trd, 4319955.943, 96
Trd, 4319956.093, 94
Trd, 4319958.393, 97
Trd, 4319959.143, 95
Trd, 4319961.093, 104
Trd, 4319961.593, 94
Trd, 4319963.093, 94
Trd, 4319963.343, 92
Trd, 4319964.193, 97
Trd, 4319965.143, 93
Trd, 4319965.893, 95
Trd, 4319967.393, 93
Trd, 4319968.493, 104
Trd, 4319970.743, 92
Trd, 4319972.693, 101
Trd, 4319973.043, 102
Trd, 4319974.493, 104
Trd, 4319974.843, 95
Trd, 4319975.243, 96
Trd, 4319978.093, 122
Trd, 4319978.443, 108
Trd, 4319979.093, 132
Trd, 4319981.093, 107
Trd, 4319981.443, 109
Trd, 4319982.943, 110
Trd, 4319983.643, 103
Trd, 4319985.643, 105
Trd, 4319986.343, 106
Trd, 4319987.393, 103
Trd, 4319987.843, 106
Trd, 4319989.243, 101
Trd, 4319990.793, 101
Trd, 4319993.743, 104
Trd, 4319993.843, 101
Trd, 4319994.593, 101
Trd, 4319995.943, 82
Trd, 4319997.093, 97
Trd, 4319998.343, 103
