Trd, 4318078.843, 111
Trd, 4318078.893, 110
Trd, 4318080.043, 140
Trd, 4318081.493, 138
Trd, 4318082.743, 138
Trd, 4318084.393, 139
Trd, 4318084.493, 138
Trd, 4318084.793, 116
Trd, 4318084.843, 106
Trd, 4318086.243, 140
Trd, 4318086.593, 137
Trd, 4318088.143, 109
Trd, 4318088.493, 108
Trd, 4318089.093, 85
Trd, 4318089.193, 124
Trd, 4318090.343, 140
Trd, 4318091.643, 106
Trd, 4318091.993, 103
Trd, 4318092.043, 102
Trd, 4318094.843, 138
Trd, 4318095.893, 112
Trd, 4318097.043, 140
Trd, 4318097.493, 140
Trd, 4318098.543, 140
Trd, 4318098.693, 110
Trd, 4318099.143, 100
Trd, 4318099.643, 101
Trd, 4318100.143, 90
Trd, 4318100.393, 103
Trd, 4318102.743, 140
Trd, 4318103.343, 140
Trd, 4318104.143, 140
Trd, 4318106.743, 90
Trd, 4318106.993, 89
Trd, 4318107.843, 140
Trd, 4318108.393, 140
Trd, 4318108.843, 101
Trd, 4318108.943, 140
Trd, 4318110.843, 140
Trd, 4318111.193, 140
Trd, 4318111.743, 120
Trd, 4318111.793, 119
Trd, 4318112.843, 140
Trd, 4318113.043, 122
Trd, 4318113.543, 121
Trd, 4318114.443, 105
Trd, 4318115.743, 95
Trd, 4318116.443, 140
Trd, 4318117.643, 139
Trd, 4318118.643, 115
Trd, 4318119.443, 116
Trd, 4318121.193, 115
Trd, 4318121.843, 96
Trd, 4318121.893, 91
Trd, 4318122.043, 84
Trd, 4318122.693, 139
Trd, 4318123.643, 140
Trd, 4318124.443, 140
Trd, 4318127.043, 140
Trd, 4318127.293, 140
Trd, 4318127.993, 140
Trd, 4318128.293, 140
Trd, 4318128.343, 140
Trd, 4318128.893, 139
Trd, 4318129.493, 117
Trd, 4318129.643, 84
Trd, 4318130.243, 69
Trd, 4318130.593, 65
Trd, 4318131.293, 70
Trd, 4318132.343, 64
Trd, 4318133.043, 63
Trd, 4318134.693, 83
Trd, 4318134.793, 90
Trd, 4318135.193, 76
Trd, 4318136.493, 77
Trd, 4318136.743, 99
Trd, 4318137.293, 67
Trd, 4318137.643, 121
Trd, 4318140.343, 140
Trd, 4318141.143, 137
Trd, 4318142.643, 140
Trd, 4318142.893, 137
Trd, 4318142.943, 136
Trd, 4318143.093, 117
Trd, 4318143.293, 103
Trd, 4318143.593, 102
Trd, 4318144.393, 103
Trd, 4318145.393, 111
Trd, 4318145.493, 103
Trd, 4318146.393, 136
Trd, 4318147.293, 79
Trd, 4318148.893, 140
Trd, 4318150.293, 140
Trd, 4318151.043, 118
Trd, 4318152.293, 115
Trd, 4318153.193, 140
Trd, 4318154.243, 140
Trd, 4318154.693, 140
Trd, 4318155.093, 139
Trd, 4318155.193, 99
Trd, 4318155.843, 137
Trd, 4318156.293, 120
Trd, 4318157.643, 140
Trd, 4318158.243, 140
Trd, 4318158.693, 140
Trd, 4318159.243, 124
Trd, 4318161.093, 140
Trd, 4318161.293, 138
Trd, 4318162.393, 140
Trd, 4318162.593, 139
Trd, 4318162.943, 102
Trd, 4318163.493, 140
Trd, 4318165.593, 84
Trd, 4318167.343, 124
Trd, 4318168.393, 124
Trd, 4318168.843, 125
Trd, 4318169.443, 127
Trd, 4318169.543, 134
Trd, 4318170.593, 139
Trd, 4318172.193, 140
Trd, 4318172.643, 140
Trd, 4318174.543, 140
Trd, 4318174.693, 139
Trd, 4318174.893, 136
Trd, 4318176.893, 139
Trd, 4318177.043, 138
Trd, 4318177.393, 110
Trd, 4318177.543, 108
Trd, 4318177.993, 104
Trd, 4318179.793, 140
Trd, 4318180.193, 140
Trd, 4318180.293, 135
Trd, 4318181.893, 105
Trd, 4318183.643, 140
Trd, 4318184.143, 139
Trd, 4318185.743, 139
Trd, 4318185.843, 110
Trd, 4318186.443, 139
Trd, 4318188.193, 139
Trd, 4318188.743, 137
Trd, 4318189.493, 113
Trd, 4318189.693, 123
Trd, 4318190.593, 135
Trd, 4318190.893, 117
Trd, 4318192.343, 105
Trd, 4318193.543, 140
Trd, 4318193.993, 140
Trd, 4318194.543, 140
Trd, 4318196.343, 140
Trd, 4318196.443, 139
Trd, 4318198.443, 138
Trd, 4318198.893, 130
Trd, 4318199.943, 130
Trd, 4318200.693, 140
Trd, 4318202.393, 140
Trd, 4318204.343, 140
Trd, 4318204.393, 140
Trd, 4318205.593, 137
Trd, 4318206.143, 140
Trd, 4318207.993, 140
Trd, 4318208.243, 140
Trd, 4318209.543, 140
Trd, 4318209.943, 140
Trd, 4318210.043, 139
Trd, 4318211.543, 139
Trd, 4318212.193, 139
Trd, 4318212.243, 133
Trd, 4318213.693, 133
Trd, 4318213.843, 90
Trd, 4318214.443, 90
Trd, 4318214.893, 109
Trd, 4318216.443, 140
Trd, 4318216.643, 140
Trd, 4318218.143, 140
Trd, 4318218.993, 113
Trd, 4318219.643, 139
Trd, 4318219.843, 99
Trd, 4318220.993, 140
Trd, 4318221.543, 140
Trd, 4318221.943, 139
Trd, 4318222.343, 133
Trd, 4318223.543, 140
Trd, 4318224.443, 140
Trd, 4318225.743, 136
Trd, 4318226.593, 111
Trd, 4318227.443, 113
Trd, 4318227.943, 140
Trd, 4318228.293, 112
Trd, 4318229.593, 140
Trd, 4318230.743, 140
Trd, 4318231.293, 139
Trd, 4318231.693, 139
Trd, 4318233.093, 107
Trd, 4318234.043, 107
Trd, 4318234.693, 140
Trd, 4318235.843, 106
Trd, 4318235.943, 101
Trd, 4318237.743, 119
Trd, 4318239.093, 138
Trd, 4318239.193, 87
Trd, 4318239.693, 110
Trd, 4318239.743, 123
Trd, 4318240.043, 74
Trd, 4318242.643, 79
Trd, 4318243.193, 78
Trd, 4318243.243, 86
Trd, 4318243.843, 125
Trd, 4318245.193, 73
Trd, 4318247.193, 140
Trd, 4318247.593, 111
Trd, 4318247.993, 107
Trd, 4318248.143, 100
Trd, 4318250.443, 122
Trd, 4318251.193, 125
Trd, 4318251.743, 139
Trd, 4318252.443, 138
Trd, 4318252.493, 124
Trd, 4318254.343, 139
Trd, 4318255.893, 140
Trd, 4318256.343, 140
Trd, 4318257.343, 140
Trd, 4318258.193, 140
Trd, 4318260.593, 140
Trd, 4318260.893, 140
Trd, 4318261.843, 140
Trd, 4318262.743, 140
Trd, 4318263.043, 140
Trd, 4318263.793, 118
Trd, 4318264.293, 107
Trd, 4318264.393, 107
Trd, 4318266.043, 140
Trd, 4318266.993, 140
Trd, 4318267.443, 140
Trd, 4318267.643, 139
Trd, 4318269.143, 113
Trd, 4318269.443, 122
Trd, 4318270.743, 138
Trd, 4318270.793, 116
Trd, 4318270.893, 103
Trd, 4318272.993, 140
Trd, 4318274.093, 137
Trd, 4318274.293, 137
Trd, 4318274.943, 134
Trd, 4318276.543, 140
Trd, 4318278.093, 98
Trd, 4318279.393, 138
Trd, 4318279.693, 138
Trd, 4318280.243, 140
Trd, 4318280.793, 133
Trd, 4318280.993, 121
Trd, 4318282.893, 140
Trd, 4318282.943, 140
Trd, 4318283.943, 129
Trd, 4318286.393, 139
Trd, 4318287.493, 138
Trd, 4318288.893, 140
Trd, 4318288.993, 136
Trd, 4318289.693, 139
Trd, 4318290.193, 125
Trd, 4318291.093, 139
Trd, 4318291.493, 107
Trd, 4318291.843, 136
Trd, 4318292.293, 140
Trd, 4318292.943, 118
Trd, 4318293.293, 104
Trd, 4318293.943, 111
Trd, 4318294.693, 140
Trd, 4318298.643, 140
Trd, 4318299.643, 140
Trd, 4318300.393, 139
Trd, 4318300.893, 140
Trd, 4318301.293, 139
Trd, 4318302.893, 140
Trd, 4318302.993, 107
Trd, 4318303.043, 106
Trd, 4318303.243, 97
Trd, 4318304.043, 140
Trd, 4318305.493, 139
Trd, 4318306.843, 139
Trd, 4318307.493, 107
Trd, 4318307.843, 127
Trd, 4318308.043, 79
Trd, 4318310.043, 64
Trd, 4318310.143, 138
Trd, 4318311.843, 125
Trd, 4318312.343, 126
Trd, 4318312.693, 110
Trd, 4318313.043, 136
Trd, 4318313.393, 138
Trd, 4318314.593, 140
Trd, 4318315.193, 140
Trd, 4318316.343, 139
Trd, 4318316.843, 136
Trd, 4318317.093, 106
Trd, 4318318.043, 139
Trd, 4318319.793, 106
Trd, 4318320.543, 85
Trd, 4318320.743, 60
Trd, 4318321.143, 91
Trd, 4318321.693, 120
Trd, 4318321.943, 96
Trd, 4318321.993, 85
Trd, 4318324.193, 61
Trd, 4318326.093, 61
Trd, 4318327.143, 60
Trd, 4318327.993, 60
Trd, 4318328.593, 65
Trd, 4318329.293, 67
Trd, 4318329.793, 138
Trd, 4318331.393, 140
Trd, 4318332.243, 139
Trd, 4318332.643, 139
Trd, 4318332.843, 138
Trd, 4318332.993, 140
Trd, 4318333.493, 119
Trd, 4318333.843, 99
Trd, 4318335.043, 60
Trd, 4318335.643, 140
Trd, 4318335.793, 91
Trd, 4318337.693, 105
Trd, 4318338.093, 140
Trd, 4318338.643, 140
Trd, 4318341.393, 129
Trd, 4318342.043, 132
Trd, 4318342.393, 127
Trd, 4318342.593, 123
Trd, 4318342.743, 99
Trd, 4318344.793, 140
Trd, 4318346.043, 139
Trd, 4318346.793, 127
Trd, 4318347.093, 140
Trd, 4318347.193, 128
Trd, 4318347.743, 128
Trd, 4318350.243, 140
Trd, 4318350.793, 140
Trd, 4318350.993, 140
Trd, 4318351.443, 125
Trd, 4318351.743, 119
Trd, 4318353.293, 140
Trd, 4318355.093, 140
Trd, 4318355.193, 137
Trd, 4318356.443, 140
Trd, 4318356.593, 105
Trd, 4318356.643, 97
Trd, 4318357.443, 120
Trd, 4318359.343, 92
Trd, 4318359.943, 103
Trd, 4318360.193, 92
Trd, 4318360.293, 82
Trd, 4318361.843, 102
Trd, 4318362.243, 60
Trd, 4318362.593, 60
Trd, 4318364.143, 85
Trd, 4318364.193, 65
Trd, 4318364.343, 136
Trd, 4318364.743, 82
Trd, 4318365.843, 137
Trd, 4318365.893, 125
Trd, 4318366.343, 75
Trd, 4318367.693, 140
Trd, 4318368.043, 140
Trd, 4318368.393, 140
Trd, 4318369.793, 85
Trd, 4318370.643, 140
Trd, 4318371.143, 114
Trd, 4318373.093, 140
Trd, 4318373.793, 140
Trd, 4318374.943, 126
Trd, 4318375.643, 139
Trd, 4318375.793, 127
Trd, 4318378.193, 114
Trd, 4318378.443, 138
Trd, 4318378.743, 88
Trd, 4318378.943, 138
Trd, 4318379.093, 87
Trd, 4318380.443, 140
Trd, 4318381.793, 140
Trd, 4318383.793, 140
Trd, 4318384.243, 136
Trd, 4318384.393, 127
Trd, 4318384.693, 87
Trd, 4318385.743, 101
Trd, 4318386.743, 91
Trd, 4318387.093, 95
Trd, 4318387.243, 86
Trd, 4318387.393, 132
Trd, 4318387.693, 106
Trd, 4318388.193, 65
Trd, 4318390.393, 73
Trd, 4318391.443, 64
Trd, 4318391.693, 66
Trd, 4318392.893, 77
Trd, 4318393.093, 76
Trd, 4318393.193, 115
Trd, 4318394.043, 140
Trd, 4318394.743, 104
Trd, 4318395.643, 107
Trd, 4318396.343, 139
Trd, 4318399.443, 140
Trd, 4318399.543, 140
Trd, 4318400.293, 139
Trd, 4318400.593, 136
Trd, 4318402.193, 138
Trd, 4318402.743, 95
Trd, 4318404.243, 140
Trd, 4318404.693, 140
Trd, 4318404.743, 139
Trd, 4318406.393, 140
Trd, 4318406.543, 139
Trd, 4318408.843, 139
Trd, 4318409.793, 140
Trd, 4318410.293, 140
Trd, 4318410.443, 107
Trd, 4318411.443, 140
Trd, 4318412.243, 140
Trd, 4318412.993, 140
Trd, 4318413.393, 139
Trd, 4318413.693, 140
Trd, 4318415.293, 137
Trd, 4318416.993, 95
Trd, 4318417.093, 95
Trd, 4318417.293, 80
Trd, 4318418.243, 109
Trd, 4318419.243, 137
Trd, 4318419.543, 93
Trd, 4318420.343, 140
Trd, 4318420.393, 138
Trd, 4318421.493, 140
Trd, 4318422.343, 72
Trd, 4318423.843, 90
Trd, 4318423.993, 88
Trd, 4318424.193, 92
Trd, 4318424.993, 78
Trd, 4318425.343, 139
Trd, 4318426.593, 129
Trd, 4318428.243, 140
Trd, 4318428.293, 140
Trd, 4318428.543, 138
Trd, 4318429.293, 92
Trd, 4318429.493, 138
Trd, 4318430.593, 94
Trd, 4318430.643, 89
Trd, 4318431.693, 139
Trd, 4318433.793, 102
Trd, 4318434.643, 82
Trd, 4318434.693, 108
Trd, 4318434.943, 67
Trd, 4318435.643, 140
Trd, 4318436.343, 140
Trd, 4318436.693, 139
Trd, 4318437.693, 140
Trd, 4318438.743, 139
Trd, 4318439.093, 140
Trd, 4318439.693, 140
Trd, 4318441.343, 137
Trd, 4318441.693, 82
Trd, 4318442.793, 103
Trd, 4318443.443, 108
Trd, 4318443.493, 86
Trd, 4318445.293, 140
Trd, 4318446.943, 140
Trd, 4318447.543, 140
Trd, 4318448.193, 140
Trd, 4318448.643, 105
Trd, 4318449.243, 140
Trd, 4318449.793, 140
Trd, 4318450.143, 126
Trd, 4318450.693, 123
Trd, 4318452.893, 140
Trd, 4318453.793, 137
Trd, 4318454.343, 88
Trd, 4318454.843, 139
Trd, 4318455.293, 140
Trd, 4318455.743, 140
Trd, 4318457.043, 112
Trd, 4318457.193, 107
Trd, 4318457.643, 129
Trd, 4318457.943, 87
Trd, 4318459.643, 87
Trd, 4318460.193, 140
Trd, 4318461.293, 138
Trd, 4318462.393, 104
Trd, 4318463.043, 139
Trd, 4318463.143, 126
Trd, 4318463.193, 96
Trd, 4318464.643, 140
Trd, 4318465.043, 140
Trd, 4318465.943, 140
Trd, 4318468.943, 140
Trd, 4318469.143, 140
Trd, 4318470.493, 132
Trd, 4318471.543, 140
Trd, 4318471.843, 140
Trd, 4318472.093, 136
Trd, 4318472.193, 135
Trd, 4318473.693, 137
Trd, 4318474.643, 140
Trd, 4318475.993, 140
Trd, 4318476.043, 122
Trd, 4318476.793, 115
Trd, 4318478.043, 120
Trd, 4318478.193, 116
Trd, 4318478.893, 140
Trd, 4318479.293, 138
Trd, 4318479.693, 139
Trd, 4318483.043, 139
Trd, 4318483.393, 138
Trd, 4318483.843, 125
Trd, 4318484.093, 139
Trd, 4318484.293, 107
Trd, 4318484.893, 140
Trd, 4318485.443, 139
Trd, 4318486.943, 139
Trd, 4318487.293, 104
Trd, 4318487.593, 137
Trd, 4318490.993, 140
Trd, 4318491.543, 140
Trd, 4318491.743, 140
Trd, 4318492.493, 136
Trd, 4318492.693, 114
Trd, 4318493.393, 131
Trd, 4318495.943, 140
Trd, 4318496.043, 140
Trd, 4318496.143, 139
Trd, 4318496.343, 138
Trd, 4318497.343, 95
Trd, 4318498.493, 140
Trd, 4318499.243, 124
Trd, 4318501.643, 140
Trd, 4318502.543, 140
Trd, 4318502.943, 140
Trd, 4318503.393, 138
Trd, 4318503.943, 140
Trd, 4318504.093, 120
Trd, 4318505.493, 100
Trd, 4318505.643, 140
Trd, 4318506.893, 100
Trd, 4318507.393, 140
Trd, 4318507.643, 100
Trd, 4318509.543, 140
Trd, 4318510.193, 140
Trd, 4318510.543, 140
Trd, 4318510.943, 116
Trd, 4318511.393, 140
Trd, 4318511.743, 99
Trd, 4318512.993, 117
Trd, 4318513.093, 106
Trd, 4318513.143, 101
Trd, 4318513.743, 96
Trd, 4318515.193, 76
Trd, 4318515.493, 94
Trd, 4318516.243, 74
Trd, 4318516.793, 89
Trd, 4318517.043, 135
Trd, 4318517.393, 139
Trd, 4318517.643, 74
Trd, 4318518.393, 111
Trd, 4318518.493, 140
Trd, 4318519.293, 60
Trd, 4318522.043, 61
Trd, 4318522.343, 68
Trd, 4318522.493, 68
Trd, 4318523.493, 127
Trd, 4318524.193, 139
Trd, 4318524.243, 138
Trd, 4318525.343, 139
Trd, 4318525.393, 120
Trd, 4318526.893, 108
Trd, 4318527.043, 97
Trd, 4318527.193, 80
Trd, 4318527.593, 83
Trd, 4318529.443, 139
Trd, 4318529.843, 138
Trd, 4318531.493, 101
Trd, 4318532.393, 140
Trd, 4318533.143, 140
Trd, 4318533.293, 140
Trd, 4318533.593, 140
Trd, 4318534.293, 140
Trd, 4318534.443, 139
Trd, 4318536.643, 104
Trd, 4318538.393, 95
Trd, 4318538.443, 83
Trd, 4318538.693, 77
Trd, 4318539.343, 139
Trd, 4318540.043, 103
Trd, 4318540.593, 108
Trd, 4318540.693, 101
Trd, 4318540.793, 109
Trd, 4318542.543, 140
Trd, 4318542.643, 126
Trd, 4318544.043, 140
Trd, 4318545.043, 140
Trd, 4318545.143, 139
Trd, 4318545.643, 126
Trd, 4318546.543, 139
Trd, 4318547.443, 129
Trd, 4318548.193, 128
Trd, 4318548.743, 119
Trd, 4318549.193, 132
Trd, 4318549.443, 79
Trd, 4318551.543, 140
Trd, 4318551.793, 139
Trd, 4318552.143, 114
Trd, 4318553.043, 128
Trd, 4318553.993, 124
Trd, 4318554.243, 84
Trd, 4318555.943, 138
Trd, 4318556.493, 83
Trd, 4318556.843, 105
Trd, 4318558.293, 140
Trd, 4318559.293, 136
Trd, 4318561.043, 140
Trd, 4318561.243, 140
Trd, 4318561.993, 120
Trd, 4318562.243, 107
Trd, 4318562.643, 105
Trd, 4318563.593, 65
Trd, 4318563.793, 122
Trd, 4318565.243, 85
Trd, 4318565.393, 110
Trd, 4318565.893, 139
Trd, 4318566.093, 139
Trd, 4318569.493, 140
Trd, 4318569.793, 140
Trd, 4318570.093, 140
Trd, 4318570.793, 115
Trd, 4318571.043, 93
Trd, 4318571.443, 131
Trd, 4318572.093, 62
Trd, 4318572.693, 60
Trd, 4318573.393, 70
Trd, 4318574.093, 114
Trd, 4318574.393, 87
Trd, 4318575.493, 119
Trd, 4318575.843, 132
Trd, 4318575.893, 69
Trd, 4318577.993, 140
Trd, 4318578.743, 140
Trd, 4318578.893, 140
Trd, 4318579.943, 115
Trd, 4318580.493, 104
Trd, 4318581.293, 115
Trd, 4318582.843, 105
Trd, 4318583.593, 109
Trd, 4318583.643, 101
Trd, 4318584.943, 101
Trd, 4318585.193, 123
Trd, 4318586.693, 95
Trd, 4318586.993, 95
Trd, 4318587.143, 85
Trd, 4318587.893, 78
Trd, 4318587.943, 106
Trd, 4318589.043, 77
Trd, 4318589.293, 140
Trd, 4318589.743, 100
Trd, 4318592.493, 139
Trd, 4318593.393, 107
Trd, 4318593.643, 98
Trd, 4318594.743, 139
Trd, 4318594.893, 121
Trd, 4318596.793, 112
Trd, 4318597.793, 140
Trd, 4318598.293, 140
Trd, 4318598.643, 140
Trd, 4318599.993, 108
Trd, 4318600.093, 124
Trd, 4318600.193, 98
Trd, 4318600.293, 95
Trd, 4318600.543, 140
Trd, 4318602.543, 86
Trd, 4318602.743, 74
Trd, 4318604.043, 116
Trd, 4318605.043, 140
Trd, 4318605.843, 60
Trd, 4318606.743, 140
Trd, 4318607.393, 140
Trd, 4318608.593, 140
Trd, 4318609.193, 139
Trd, 4318609.743, 135
Trd, 4318610.543, 81
Trd, 4318610.593, 79
Trd, 4318610.743, 140
Trd, 4318611.643, 113
Trd, 4318612.193, 101
Trd, 4318613.143, 137
Trd, 4318613.443, 140
Trd, 4318613.493, 136
Trd, 4318616.043, 140
Trd, 4318616.143, 139
Trd, 4318616.493, 138
Trd, 4318617.143, 96
Trd, 4318617.893, 140
Trd, 4318618.643, 103
Trd, 4318619.243, 116
Trd, 4318619.293, 103
Trd, 4318622.443, 140
Trd, 4318622.593, 140
Trd, 4318623.043, 139
Trd, 4318623.243, 120
Trd, 4318625.243, 138
Trd, 4318625.793, 140
Trd, 4318626.693, 140
Trd, 4318628.743, 140
Trd, 4318629.593, 140
Trd, 4318629.843, 137
Trd, 4318629.943, 136
Trd, 4318631.393, 126
Trd, 4318632.143, 93
Trd, 4318633.243, 123
Trd, 4318633.693, 96
Trd, 4318634.043, 125
Trd, 4318634.443, 117
Trd, 4318635.293, 139
Trd, 4318635.893, 110
Trd, 4318637.493, 140
Trd, 4318637.793, 140
Trd, 4318639.143, 140
Trd, 4318639.543, 140
Trd, 4318639.793, 115
Trd, 4318640.193, 91
Trd, 4318640.243, 86
Trd, 4318642.243, 120
Trd, 4318642.993, 78
Trd, 4318643.393, 84
Trd, 4318644.693, 140
Trd, 4318644.993, 140
Trd, 4318646.043, 140
Trd, 4318646.093, 139
Trd, 4318647.643, 130
Trd, 4318647.943, 131
Trd, 4318649.043, 105
Trd, 4318650.243, 86
Trd, 4318651.093, 97
Trd, 4318651.343, 86
Trd, 4318651.993, 62
Trd, 4318652.943, 136
Trd, 4318653.343, 134
Trd, 4318653.943, 121
Trd, 4318654.193, 119
Trd, 4318655.393, 140
Trd, 4318655.443, 117
Trd, 4318656.493, 83
Trd, 4318659.193, 134
Trd, 4318659.593, 140
Trd, 4318659.693, 128
Trd, 4318659.943, 126
Trd, 4318660.443, 85
Trd, 4318662.493, 139
Trd, 4318662.993, 134
Trd, 4318663.043, 124
Trd, 4318663.093, 95
Trd, 4318663.243, 81
Trd, 4318664.993, 139
Trd, 4318666.693, 139
Trd, 4318666.843, 138
Trd, 4318667.043, 67
Trd, 4318667.493, 106
Trd, 4318668.943, 140
Trd, 4318670.293, 112
Trd, 4318671.793, 140
Trd, 4318672.993, 140
Trd, 4318673.293, 137
Trd, 4318673.743, 140
Trd, 4318674.393, 128
Trd, 4318674.893, 116
Trd, 4318675.743, 139
Trd, 4318676.343, 108
Trd, 4318676.993, 140
Trd, 4318677.143, 104
Trd, 4318677.793, 138
Trd, 4318678.343, 86
Trd, 4318680.093, 77
Trd, 4318680.143, 75
Trd, 4318680.243, 124
Trd, 4318681.843, 84
Trd, 4318682.693, 140
Trd, 4318682.893, 140
Trd, 4318684.193, 77
Trd, 4318684.243, 68
Trd, 4318685.093, 133
Trd, 4318685.293, 140
Trd, 4318685.893, 139
Trd, 4318686.543, 97
Trd, 4318688.193, 99
Trd, 4318688.993, 120
Trd, 4318689.093, 88
Trd, 4318689.843, 87
Trd, 4318689.993, 72
Trd, 4318690.093, 112
Trd, 4318693.143, 140
Trd, 4318693.993, 140
Trd, 4318694.093, 138
Trd, 4318695.043, 135
Trd, 4318695.743, 111
Trd, 4318697.393, 113
Trd, 4318697.643, 113
Trd, 4318697.793, 103
Trd, 4318697.943, 140
Trd, 4318698.493, 140
Trd, 4318699.043, 140
Trd, 4318700.293, 82
Trd, 4318702.093, 120
Trd, 4318702.143, 63
Trd, 4318703.393, 74
Trd, 4318704.293, 95
Trd, 4318705.343, 94
Trd, 4318705.393, 101
Trd, 4318707.243, 60
Trd, 4318707.743, 93
Trd, 4318709.193, 140
Trd, 4318709.393, 140
Trd, 4318709.593, 140
Trd, 4318709.843, 106
Trd, 4318710.143, 104
Trd, 4318710.843, 92
Trd, 4318711.443, 116
Trd, 4318711.743, 140
Trd, 4318712.943, 116
Trd, 4318713.843, 91
Trd, 4318714.893, 90
Trd, 4318715.493, 111
Trd, 4318717.093, 96
Trd, 4318717.643, 74
Trd, 4318717.693, 67
Trd, 4318718.193, 140
Trd, 4318718.843, 139
Trd, 4318720.443, 140
Trd, 4318721.743, 140
Trd, 4318722.543, 140
Trd, 4318724.343, 140
Trd, 4318724.393, 139
Trd, 4318725.443, 134
Trd, 4318726.993, 135
Trd, 4318727.593, 135
Trd, 4318728.043, 122
Trd, 4318728.143, 102
Trd, 4318728.293, 94
Trd, 4318728.543, 93
Trd, 4318728.643, 139
Trd, 4318729.793, 140
Trd, 4318729.843, 139
Trd, 4318730.543, 87
Trd, 4318730.993, 88
Trd, 4318731.993, 61
Trd, 4318732.393, 62
Trd, 4318735.643, 60
Trd, 4318735.993, 60
Trd, 4318736.143, 61
Trd, 4318736.993, 89
Trd, 4318737.293, 60
Trd, 4318737.643, 91
Trd, 4318739.243, 140
Trd, 4318739.693, 138
Trd, 4318739.993, 105
Trd, 4318740.393, 139
Trd, 4318741.393, 140
Trd, 4318742.243, 140
Trd, 4318743.643, 118
Trd, 4318743.943, 102
Trd, 4318744.143, 64
Trd, 4318745.043, 140
Trd, 4318748.093, 140
Trd, 4318749.493, 140
Trd, 4318750.043, 138
Trd, 4318750.293, 122
Trd, 4318750.643, 139
Trd, 4318751.143, 114
Trd, 4318752.593, 140
Trd, 4318752.693, 140
Trd, 4318754.693, 140
Trd, 4318754.893, 140
Trd, 4318755.993, 140
Trd, 4318756.393, 126
Trd, 4318758.143, 140
Trd, 4318758.493, 140
Trd, 4318759.293, 139
Trd, 4318760.443, 104
Trd, 4318761.043, 88
Trd, 4318761.493, 82
Trd, 4318762.393, 140
Trd, 4318764.693, 140
Trd, 4318764.843, 136
Trd, 4318766.293, 140
Trd, 4318766.393, 139
Trd, 4318767.693, 130
Trd, 4318768.143, 140
Trd, 4318769.493, 136
Trd, 4318769.743, 111
Trd, 4318770.093, 98
Trd, 4318771.993, 140
Trd, 4318772.293, 139
Trd, 4318772.543, 91
Trd, 4318775.343, 140
Trd, 4318775.743, 139
Trd, 4318775.943, 100
Trd, 4318776.993, 78
Trd, 4318777.293, 67
Trd, 4318778.443, 81
Trd, 4318780.593, 139
Trd, 4318780.643, 127
Trd, 4318782.493, 140
Trd, 4318783.043, 140
Trd, 4318783.543, 117
Trd, 4318783.843, 104
Trd, 4318786.843, 140
Trd, 4318787.243, 140
Trd, 4318787.493, 138
Trd, 4318787.843, 139
Trd, 4318789.443, 116
Trd, 4318790.693, 140
Trd, 4318791.543, 140
Trd, 4318791.693, 139
Trd, 4318791.943, 114
Trd, 4318792.543, 131
Trd, 4318794.043, 99
Trd, 4318794.793, 140
Trd, 4318795.143, 135
Trd, 4318796.393, 102
Trd, 4318797.043, 101
Trd, 4318797.543, 109
Trd, 4318797.993, 140
Trd, 4318799.243, 140
Trd, 4318800.543, 140
Trd, 4318800.993, 125
Trd, 4318801.443, 101
Trd, 4318801.993, 94
Trd, 4318802.243, 61
Trd, 4318803.043, 139
Trd, 4318803.743, 138
Trd, 4318804.643, 138
Trd, 4318805.193, 65
Trd, 4318805.443, 60
Trd, 4318805.943, 61
Trd, 4318807.893, 61
Trd, 4318807.993, 69
Trd, 4318809.543, 140
Trd, 4318810.343, 140
Trd, 4318810.793, 139
Trd, 4318811.593, 138
Trd, 4318811.643, 109
Trd, 4318812.243, 109
Trd, 4318812.393, 78
Trd, 4318814.243, 139
Trd, 4318816.043, 140
Trd, 4318816.093, 139
Trd, 4318816.243, 137
Trd, 4318817.643, 137
Trd, 4318818.293, 136
Trd, 4318818.843, 105
Trd, 4318819.093, 90
Trd, 4318819.743, 131
Trd, 4318821.693, 109
Trd, 4318822.543, 140
Trd, 4318823.293, 139
Trd, 4318823.693, 139
Trd, 4318825.693, 140
Trd, 4318826.493, 140
Trd, 4318827.343, 140
Trd, 4318827.593, 140
Trd, 4318827.943, 106
Trd, 4318830.243, 140
Trd, 4318830.593, 139
Trd, 4318830.893, 118
Trd, 4318831.043, 115
Trd, 4318831.843, 120
Trd, 4318832.993, 105
Trd, 4318833.993, 140
Trd, 4318834.943, 140
Trd, 4318835.493, 101
Trd, 4318836.793, 137
Trd, 4318836.843, 117
Trd, 4318837.593, 138
Trd, 4318838.993, 140
Trd, 4318839.893, 104
Trd, 4318840.943, 140
Trd, 4318841.793, 140
Trd, 4318842.943, 137
Trd, 4318844.693, 100
Trd, 4318844.743, 78
Trd, 4318845.043, 77
Trd, 4318845.693, 140
Trd, 4318845.793, 74
Trd, 4318847.243, 139
Trd, 4318847.893, 133
Trd, 4318848.943, 114
Trd, 4318849.193, 109
Trd, 4318849.243, 104
Trd, 4318849.593, 81
Trd, 4318850.093, 138
Trd, 4318852.093, 140
Trd, 4318852.993, 140
Trd, 4318853.343, 140
Trd, 4318853.493, 139
Trd, 4318854.443, 93
Trd, 4318855.043, 70
Trd, 4318855.593, 64
Trd, 4318856.993, 112
Trd, 4318858.393, 140
Trd, 4318858.743, 140
Trd, 4318858.893, 138
Trd, 4318859.093, 105
Trd, 4318860.693, 140
Trd, 4318861.393, 91
Trd, 4318861.793, 86
Trd, 4318862.693, 140
Trd, 4318863.993, 137
Trd, 4318864.043, 112
Trd, 4318865.093, 101
Trd, 4318865.943, 70
Trd, 4318866.143, 126
Trd, 4318866.393, 63
Trd, 4318867.143, 74
Trd, 4318869.593, 140
Trd, 4318869.693, 140
Trd, 4318871.343, 140
Trd, 4318872.543, 140
Trd, 4318872.943, 140
Trd, 4318873.143, 140
Trd, 4318873.493, 117
Trd, 4318873.993, 140
Trd, 4318875.493, 140
Trd, 4318877.393, 140
Trd, 4318877.993, 140
Trd, 4318878.243, 139
Trd, 4318879.243, 140
Trd, 4318879.693, 94
Trd, 4318879.943, 82
Trd, 4318880.493, 129
Trd, 4318880.843, 140
Trd, 4318881.693, 74
Trd, 4318882.593, 112
Trd, 4318883.543, 138
Trd, 4318883.743, 129
Trd, 4318885.893, 126
Trd, 4318885.993, 124
Trd, 4318886.143, 102
Trd, 4318888.043, 140
Trd, 4318888.143, 140
Trd, 4318888.593, 91
Trd, 4318888.793, 83
Trd, 4318890.593, 140
Trd, 4318890.993, 72
Trd, 4318892.743, 140
Trd, 4318893.193, 137
Trd, 4318894.443, 140
Trd, 4318895.943, 140
Trd, 4318896.343, 140
Trd, 4318897.943, 140
Trd, 4318898.843, 140
Trd, 4318900.343, 140
Trd, 4318900.793, 139
Trd, 4318900.843, 130
Trd, 4318900.993, 123
Trd, 4318902.643, 140
Trd, 4318903.143, 110
Trd, 4318903.193, 106
Trd, 4318905.043, 140
Trd, 4318905.843, 140
Trd, 4318906.593, 139
Trd, 4318907.143, 139
Trd, 4318907.643, 134
Trd, 4318908.893, 103
Trd, 4318909.493, 93
Trd, 4318910.843, 139
Trd, 4318911.793, 140
Trd, 4318912.243, 115
Trd, 4318912.793, 107
Trd, 4318913.543, 87
Trd, 4318917.943, 140
Trd, 4318918.543, 140
Trd, 4318918.843, 140
Trd, 4318919.243, 138
Trd, 4318919.643, 140
Trd, 4318920.343, 135
Trd, 4318921.493, 140
Trd, 4318922.043, 118
Trd, 4318924.243, 140
Trd, 4318924.943, 140
Trd, 4318925.793, 140
Trd, 4318926.043, 140
Trd, 4318926.293, 140
Trd, 4318926.343, 103
Trd, 4318926.743, 138
Trd, 4318929.143, 139
Trd, 4318929.443, 114
Trd, 4318929.993, 140
Trd, 4318930.143, 140
Trd, 4318930.343, 110
Trd, 4318930.643, 104
Trd, 4318931.993, 137
Trd, 4318932.893, 140
Trd, 4318933.243, 140
Trd, 4318933.493, 95
Trd, 4318934.393, 108
Trd, 4318934.843, 139
Trd, 4318935.693, 95
Trd, 4318938.493, 140
Trd, 4318939.593, 140
Trd, 4318939.793, 140
Trd, 4318939.843, 138
Trd, 4318941.543, 140
Trd, 4318941.993, 110
Trd, 4318942.093, 109
Trd, 4318943.343, 112
Trd, 4318943.743, 122
Trd, 4318944.393, 83
Trd, 4318945.293, 113
Trd, 4318945.443, 118
Trd, 4318947.393, 132
Trd, 4318947.893, 101
Trd, 4318948.293, 95
Trd, 4318949.443, 113
Trd, 4318949.593, 96
Trd, 4318950.843, 94
Trd, 4318950.893, 77
Trd, 4318952.793, 68
Trd, 4318952.893, 69
Trd, 4318953.993, 140
Trd, 4318955.193, 138
Trd, 4318956.193, 118
Trd, 4318956.643, 98
Trd, 4318957.243, 88
Trd, 4318957.893, 112
Trd, 4318958.543, 80
Trd, 4318960.493, 140
Trd, 4318960.693, 140
Trd, 4318961.093, 139
Trd, 4318961.893, 137
Trd, 4318962.593, 95
Trd, 4318962.943, 140
Trd, 4318963.893, 122
Trd, 4318964.093, 94
Trd, 4318964.993, 124
Trd, 4318966.093, 85
Trd, 4318966.793, 120
Trd, 4318967.343, 76
Trd, 4318967.793, 76
Trd, 4318969.943, 61
Trd, 4318970.093, 130
Trd, 4318970.493, 65
Trd, 4318970.893, 60
Trd, 4318971.693, 140
Trd, 4318973.393, 140
Trd, 4318973.943, 138
Trd, 4318975.043, 122
Trd, 4318975.343, 111
Trd, 4318976.943, 136
Trd, 4318977.143, 118
Trd, 4318977.843, 140
Trd, 4318979.193, 122
Trd, 4318979.693, 140
Trd, 4318980.743, 132
Trd, 4318981.743, 140
Trd, 4318981.943, 116
Trd, 4318982.143, 110
Trd, 4318982.943, 140
Trd, 4318984.243, 140
Trd, 4318984.493, 140
Trd, 4318984.543, 122
Trd, 4318985.843, 93
Trd, 4318986.593, 139
Trd, 4318987.143, 139
Trd, 4318987.843, 109
Trd, 4318988.693, 108
Trd, 4318989.893, 119
Trd, 4318990.393, 100
Trd, 4318990.693, 121
Trd, 4318990.843, 88
Trd, 4318990.893, 87
Trd, 4318991.743, 116
Trd, 4318991.943, 98
Trd, 4318994.843, 140
Trd, 4318995.493, 140
Trd, 4318996.393, 140
Trd, 4318996.893, 139
Trd, 4318997.043, 137
Trd, 4318997.143, 115
Trd, 4318997.893, 112
Trd, 4318998.143, 60
Trd, 4318998.443, 139
Trd, 4318999.693, 97
Trd, 4319000.193, 113
Trd, 4319000.243, 111
Trd, 4319000.993, 121
Trd, 4319002.093, 99
Trd, 4319003.443, 84
Trd, 4319003.493, 73
Trd, 4319004.593, 140
Trd, 4319006.493, 140
Trd, 4319006.693, 140
Trd, 4319006.943, 140
Trd, 4319008.193, 103
Trd, 4319008.243, 91
Trd, 4319009.543, 126
Trd, 4319010.493, 140
Trd, 4319011.143, 139
Trd, 4319012.193, 139
Trd, 4319012.793, 139
Trd, 4319013.493, 61
Trd, 4319014.043, 106
Trd, 4319014.493, 60
Trd, 4319015.493, 139
Trd, 4319015.993, 89
Trd, 4319016.743, 123
Trd, 4319018.493, 124
Trd, 4319019.743, 115
Trd, 4319021.543, 140
Trd, 4319021.743, 140
Trd, 4319022.343, 140
Trd, 4319022.843, 117
Trd, 4319023.143, 106
Trd, 4319023.793, 82
Trd, 4319024.393, 78
Trd, 4319025.143, 140
Trd, 4319025.493, 140
Trd, 4319026.643, 139
Trd, 4319027.243, 140
Trd, 4319027.543, 135
Trd, 4319030.143, 140
Trd, 4319030.343, 139
Trd, 4319030.693, 140
Trd, 4319031.043, 140
Trd, 4319031.093, 107
Trd, 4319032.043, 131
Trd, 4319032.093, 102
Trd, 4319033.693, 129
Trd, 4319034.293, 113
Trd, 4319034.643, 112
Trd, 4319035.943, 139
Trd, 4319036.143, 106
Trd, 4319038.293, 139
Trd, 4319038.793, 138
Trd, 4319039.343, 139
Trd, 4319039.393, 138
Trd, 4319039.643, 140
Trd, 4319041.043, 106
Trd, 4319041.143, 96
Trd, 4319041.643, 140
Trd, 4319043.743, 97
Trd, 4319044.493, 140
Trd, 4319045.043, 106
Trd, 4319045.443, 94
Trd, 4319045.493, 77
Trd, 4319047.143, 139
Trd, 4319048.993, 140
Trd, 4319049.043, 106
Trd, 4319049.243, 103
Trd, 4319050.193, 105
Trd, 4319050.843, 111
Trd, 4319050.893, 128
Trd, 4319054.393, 140
Trd, 4319054.893, 140
Trd, 4319054.943, 140
Trd, 4319055.843, 140
Trd, 4319056.243, 121
Trd, 4319056.293, 112
Trd, 4319056.493, 107
Trd, 4319057.893, 140
Trd, 4319059.693, 140
Trd, 4319059.793, 139
Trd, 4319061.243, 139
Trd, 4319061.743, 134
Trd, 4319062.643, 118
Trd, 4319063.943, 140
Trd, 4319064.693, 138
Trd, 4319065.293, 106
Trd, 4319065.493, 101
Trd, 4319066.193, 94
Trd, 4319067.693, 140
Trd, 4319068.693, 139
Trd, 4319069.193, 89
Trd, 4319070.493, 91
Trd, 4319071.293, 138
Trd, 4319072.143, 140
Trd, 4319072.443, 136
Trd, 4319073.993, 94
Trd, 4319075.693, 89
Trd, 4319076.843, 138
Trd, 4319076.993, 116
Trd, 4319077.893, 139
Trd, 4319078.193, 140
Trd, 4319078.743, 140
Trd, 4319078.893, 134
Trd, 4319078.993, 113
Trd, 4319079.593, 140
Trd, 4319081.343, 139
Trd, 4319081.593, 139
Trd, 4319082.493, 118
Trd, 4319082.793, 117
Trd, 4319083.293, 114
Trd, 4319084.693, 140
Trd, 4319085.443, 140
Trd, 4319087.443, 140
Trd, 4319087.493, 140
Trd, 4319087.993, 138
Trd, 4319088.443, 136
Trd, 4319088.793, 134
Trd, 4319089.693, 113
Trd, 4319091.193, 109
Trd, 4319091.343, 102
Trd, 4319091.893, 98
Trd, 4319093.243, 136
Trd, 4319094.443, 138
Trd, 4319094.593, 137
Trd, 4319094.793, 100
Trd, 4319098.143, 140
Trd, 4319098.493, 140
Trd, 4319098.843, 117
Trd, 4319099.043, 110
Trd, 4319099.493, 81
Trd, 4319100.943, 140
Trd, 4319101.343, 140
Trd, 4319104.543, 140
Trd, 4319104.693, 137
Trd, 4319105.643, 140
Trd, 4319106.843, 140
Trd, 4319108.493, 140
Trd, 4319109.143, 119
Trd, 4319110.143, 140
Trd, 4319110.193, 139
Trd, 4319110.943, 137
Trd, 4319111.943, 99
Trd, 4319112.243, 96
Trd, 4319113.393, 73
Trd, 4319113.893, 70
Trd, 4319114.993, 139
Trd, 4319115.193, 140
Trd, 4319117.493, 140
Trd, 4319118.043, 139
Trd, 4319118.943, 121
Trd, 4319119.243, 117
Trd, 4319119.293, 101
Trd, 4319119.693, 91
Trd, 4319120.393, 72
Trd, 4319122.293, 140
Trd, 4319122.393, 138
Trd, 4319122.793, 139
Trd, 4319123.843, 128
Trd, 4319125.143, 101
Trd, 4319126.043, 129
Trd, 4319126.543, 107
Trd, 4319127.143, 70
Trd, 4319128.543, 118
Trd, 4319128.743, 130
Trd, 4319129.093, 77
Trd, 4319129.243, 76
Trd, 4319130.143, 76
Trd, 4319130.193, 126
Trd, 4319131.193, 110
Trd, 4319131.843, 92
Trd, 4319132.743, 117
Trd, 4319132.993, 88
Trd, 4319135.143, 125
Trd, 4319135.743, 131
Trd, 4319137.943, 140
Trd, 4319138.543, 140
Trd, 4319138.743, 140
Trd, 4319140.193, 140
Trd, 4319140.643, 120
Trd, 4319141.693, 123
Trd, 4319142.143, 133
Trd, 4319142.243, 119
Trd, 4319143.293, 83
Trd, 4319144.943, 140
Trd, 4319145.743, 140
Trd, 4319145.943, 140
Trd, 4319146.243, 139
Trd, 4319147.643, 140
Trd, 4319148.993, 139
Trd, 4319149.243, 138
Trd, 4319150.793, 136
Trd, 4319152.443, 128
Trd, 4319152.793, 112
Trd, 4319152.993, 133
Trd, 4319153.493, 131
Trd, 4319154.143, 124
Trd, 4319154.193, 122
Trd, 4319154.593, 126
Trd, 4319157.193, 140
Trd, 4319157.293, 125
Trd, 4319158.693, 140
Trd, 4319159.193, 140
Trd, 4319159.443, 107
Trd, 4319159.793, 139
Trd, 4319161.893, 95
Trd, 4319162.243, 77
Trd, 4319162.693, 75
Trd, 4319163.593, 138
Trd, 4319164.943, 140
Trd, 4319166.193, 140
Trd, 4319166.593, 140
Trd, 4319166.993, 111
Trd, 4319168.093, 94
Trd, 4319168.343, 92
Trd, 4319169.093, 120
Trd, 4319169.993, 140
Trd, 4319171.143, 139
Trd, 4319171.343, 138
Trd, 4319172.493, 81
Trd, 4319172.743, 82
Trd, 4319173.043, 89
Trd, 4319173.993, 101
Trd, 4319175.043, 92
Trd, 4319175.643, 91
Trd, 4319176.443, 65
Trd, 4319177.643, 108
Trd, 4319178.193, 76
Trd, 4319178.693, 139
Trd, 4319179.843, 139
Trd, 4319180.693, 120
Trd, 4319181.493, 140
Trd, 4319183.443, 140
Trd, 4319184.293, 140
Trd, 4319184.643, 139
Trd, 4319186.443, 137
Trd, 4319189.293, 140
Trd, 4319189.543, 140
Trd, 4319189.843, 139
Trd, 4319189.993, 139
Trd, 4319191.193, 139
Trd, 4319191.843, 101
Trd, 4319192.043, 109
Trd, 4319193.543, 134
Trd, 4319194.693, 137
Trd, 4319195.043, 125
Trd, 4319195.593, 96
Trd, 4319195.643, 128
Trd, 4319196.043, 71
Trd, 4319196.793, 130
Trd, 4319197.643, 60
Trd, 4319198.943, 67
Trd, 4319200.143, 63
Trd, 4319200.343, 63
Trd, 4319201.443, 88
Trd, 4319202.393, 103
Trd, 4319202.943, 91
Trd, 4319203.493, 129
Trd, 4319203.593, 98
Trd, 4319203.893, 88
Trd, 4319204.593, 71
Trd, 4319205.243, 121
Trd, 4319205.593, 100
Trd, 4319205.893, 116
Trd, 4319206.043, 99
Trd, 4319207.393, 61
Trd, 4319208.393, 116
Trd, 4319208.493, 105
Trd, 4319208.743, 133
Trd, 4319210.043, 107
Trd, 4319210.093, 78
Trd, 4319210.543, 83
Trd, 4319211.443, 60
Trd, 4319212.043, 65
Trd, 4319213.343, 61
Trd, 4319213.443, 63
Trd, 4319214.443, 118
Trd, 4319215.643, 95
Trd, 4319217.543, 140
Trd, 4319217.693, 140
Trd, 4319219.243, 138
Trd, 4319219.493, 140
Trd, 4319220.493, 99
Trd, 4319221.193, 140
Trd, 4319223.793, 138
Trd, 4319223.843, 107
Trd, 4319224.693, 140
Trd, 4319225.693, 139
Trd, 4319225.843, 138
Trd, 4319226.343, 111
Trd, 4319227.343, 110
Trd, 4319227.393, 103
Trd, 4319228.493, 140
Trd, 4319230.093, 140
Trd, 4319230.343, 138
Trd, 4319231.893, 123
Trd, 4319232.293, 139
Trd, 4319233.993, 134
Trd, 4319234.743, 135
Trd, 4319234.893, 122
Trd, 4319234.993, 100
Trd, 4319235.843, 94
Trd, 4319236.543, 140
Trd, 4319237.393, 140
Trd, 4319237.693, 139
Trd, 4319238.393, 138
Trd, 4319238.793, 111
Trd, 4319240.643, 140
Trd, 4319242.443, 140
Trd, 4319243.043, 140
Trd, 4319243.943, 136
Trd, 4319244.843, 135
Trd, 4319246.293, 140
Trd, 4319246.793, 139
Trd, 4319247.593, 133
Trd, 4319247.693, 102
Trd, 4319249.643, 95
Trd, 4319250.043, 111
Trd, 4319250.643, 116
Trd, 4319252.093, 140
Trd, 4319252.293, 139
Trd, 4319252.893, 113
Trd, 4319254.543, 122
Trd, 4319255.193, 124
Trd, 4319256.143, 132
Trd, 4319256.393, 112
Trd, 4319257.193, 91
Trd, 4319257.443, 87
Trd, 4319258.443, 71
Trd, 4319258.843, 67
Trd, 4319259.743, 139
Trd, 4319260.293, 137
Trd, 4319262.143, 139
Trd, 4319262.193, 128
Trd, 4319263.243, 84
Trd, 4319265.393, 138
Trd, 4319265.893, 140
Trd, 4319266.793, 140
Trd, 4319267.293, 131
Trd, 4319268.543, 133
Trd, 4319268.843, 124
Trd, 4319268.993, 110
Trd, 4319269.693, 111
Trd, 4319270.343, 137
Trd, 4319271.293, 140
Trd, 4319271.493, 139
Trd, 4319271.543, 130
Trd, 4319272.293, 140
Trd, 4319273.493, 140
Trd, 4319273.593, 140
Trd, 4319274.443, 140
Trd, 4319274.693, 93
Trd, 4319274.743, 60
Trd, 4319276.243, 60
Trd, 4319277.793, 96
Trd, 4319278.193, 140
Trd, 4319278.843, 139
Trd, 4319279.243, 126
Trd, 4319279.293, 110
Trd, 4319282.093, 140
Trd, 4319283.193, 140
Trd, 4319283.243, 136
Trd, 4319284.393, 140
Trd, 4319285.993, 140
Trd, 4319286.143, 140
Trd, 4319286.243, 140
Trd, 4319287.543, 127
Trd, 4319289.093, 140
Trd, 4319289.243, 140
Trd, 4319289.293, 139
Trd, 4319290.143, 130
Trd, 4319290.943, 140
Trd, 4319291.093, 117
Trd, 4319295.693, 140
Trd, 4319295.843, 140
Trd, 4319296.193, 99
Trd, 4319296.643, 140
Trd, 4319296.793, 139
Trd, 4319297.743, 140
Trd, 4319299.643, 101
Trd, 4319300.293, 117
Trd, 4319300.393, 110
Trd, 4319300.543, 98
Trd, 4319300.893, 91
Trd, 4319302.093, 139
Trd, 4319303.693, 140
Trd, 4319304.943, 139
Trd, 4319306.643, 140
Trd, 4319307.243, 140
Trd, 4319307.343, 139
Trd, 4319307.843, 105
Trd, 4319308.293, 102
Trd, 4319308.993, 96
Trd, 4319310.043, 140
Trd, 4319310.543, 140
Trd, 4319312.393, 94
Trd, 4319313.493, 140
Trd, 4319314.393, 82
Trd, 4319314.593, 73
Trd, 4319316.493, 140
Trd, 4319316.843, 138
Trd, 4319317.893, 133
Trd, 4319319.093, 140
Trd, 4319319.743, 140
Trd, 4319320.743, 139
Trd, 4319321.043, 131
Trd, 4319321.193, 129
Trd, 4319322.593, 113
Trd, 4319322.643, 103
Trd, 4319324.643, 140
Trd, 4319324.993, 140
Trd, 4319326.193, 140
Trd, 4319326.743, 140
Trd, 4319327.593, 139
Trd, 4319327.993, 124
Trd, 4319328.443, 90
Trd, 4319329.543, 67
Trd, 4319330.243, 60
Trd, 4319330.343, 62
Trd, 4319330.943, 68
Trd, 4319333.643, 140
Trd, 4319336.093, 140
Trd, 4319337.643, 140
Trd, 4319337.793, 139
Trd, 4319337.943, 139
Trd, 4319337.993, 139
Trd, 4319338.443, 140
Trd, 4319339.943, 98
Trd, 4319342.093, 124
Trd, 4319342.643, 132
Trd, 4319342.743, 123
Trd, 4319343.343, 99
Trd, 4319344.043, 83
Trd, 4319344.093, 79
Trd, 4319347.393, 140
Trd, 4319347.443, 139
Trd, 4319347.843, 139
Trd, 4319348.643, 140
Trd, 4319348.743, 110
Trd, 4319348.793, 104
Trd, 4319349.193, 140
Trd, 4319350.993, 93
Trd, 4319351.143, 84
Trd, 4319351.543, 108
Trd, 4319353.193, 140
Trd, 4319353.693, 140
Trd, 4319355.193, 140
Trd, 4319356.293, 140
Trd, 4319356.843, 140
Trd, 4319356.893, 138
Trd, 4319357.393, 130
Trd, 4319357.593, 109
Trd, 4319358.243, 60
Trd, 4319358.893, 78
Trd, 4319358.993, 79
Trd, 4319360.393, 139
Trd, 4319361.643, 137
Trd, 4319363.193, 111
Trd, 4319363.743, 140
Trd, 4319365.243, 117
Trd, 4319365.743, 102
Trd, 4319365.843, 139
Trd, 4319366.143, 99
Trd, 4319366.393, 73
Trd, 4319366.793, 94
Trd, 4319367.693, 140
Trd, 4319367.993, 127
Trd, 4319369.343, 110
Trd, 4319370.393, 103
Trd, 4319371.243, 102
Trd, 4319371.393, 81
Trd, 4319371.593, 112
Trd, 4319372.093, 82
Trd, 4319372.293, 81
Trd, 4319372.443, 113
Trd, 4319373.393, 140
Trd, 4319373.593, 62
Trd, 4319374.193, 140
Trd, 4319376.043, 137
Trd, 4319376.993, 140
Trd, 4319377.393, 93
Trd, 4319379.043, 140
Trd, 4319380.443, 140
Trd, 4319380.793, 111
Trd, 4319381.993, 139
Trd, 4319382.093, 140
Trd, 4319383.743, 140
Trd, 4319384.293, 140
Trd, 4319384.593, 119
Trd, 4319385.193, 108
Trd, 4319387.393, 140
Trd, 4319388.443, 139
Trd, 4319388.893, 139
Trd, 4319389.093, 138
Trd, 4319389.843, 78
Trd, 4319391.093, 140
Trd, 4319391.993, 113
Trd, 4319392.843, 140
Trd, 4319393.843, 134
Trd, 4319393.993, 111
Trd, 4319394.743, 139
Trd, 4319396.593, 78
Trd, 4319398.143, 92
Trd, 4319398.643, 104
Trd, 4319398.893, 85
Trd, 4319399.593, 130
Trd, 4319399.793, 90
Trd, 4319401.893, 140
Trd, 4319402.093, 140
Trd, 4319403.443, 106
Trd, 4319404.093, 137
Trd, 4319405.193, 82
Trd, 4319405.693, 112
Trd, 4319406.143, 90
Trd, 4319407.393, 86
Trd, 4319408.043, 138
Trd, 4319408.143, 137
Trd, 4319408.543, 85
Trd, 4319410.643, 140
Trd, 4319410.893, 98
Trd, 4319411.793, 140
Trd, 4319412.593, 140
Trd, 4319412.793, 116
Trd, 4319412.893, 102
Trd, 4319414.693, 140
Trd, 4319415.293, 140
Trd, 4319417.643, 100
Trd, 4319418.343, 140
Trd, 4319419.893, 140
Trd, 4319420.043, 139
Trd, 4319420.943, 138
Trd, 4319421.243, 121
Trd, 4319421.393, 124
Trd, 4319422.193, 77
Trd, 4319423.293, 140
Trd, 4319424.393, 140
Trd, 4319424.543, 140
Trd, 4319424.843, 138
Trd, 4319424.943, 110
Trd, 4319427.493, 140
Trd, 4319427.843, 139
Trd, 4319427.893, 114
Trd, 4319427.993, 109
Trd, 4319428.693, 140
Trd, 4319429.893, 122
Trd, 4319430.643, 139
Trd, 4319430.793, 84
Trd, 4319431.593, 136
Trd, 4319432.693, 140
Trd, 4319433.693, 103
Trd, 4319434.643, 88
Trd, 4319436.143, 92
Trd, 4319436.293, 94
Trd, 4319437.193, 99
Trd, 4319437.343, 80
Trd, 4319437.593, 137
Trd, 4319438.893, 117
Trd, 4319439.693, 122
Trd, 4319439.943, 99
Trd, 4319440.843, 140
Trd, 4319441.593, 140
Trd, 4319442.093, 140
Trd, 4319442.493, 84
Trd, 4319443.693, 91
Trd, 4319444.143, 105
Trd, 4319444.593, 89
Trd, 4319445.193, 139
Trd, 4319445.243, 103
Trd, 4319446.643, 140
Trd, 4319447.493, 139
Trd, 4319448.993, 140
Trd, 4319450.393, 138
Trd, 4319450.543, 118
Trd, 4319450.893, 72
Trd, 4319451.343, 71
Trd, 4319452.193, 130
Trd, 4319453.143, 103
Trd, 4319454.993, 140
Trd, 4319455.143, 140
Trd, 4319455.593, 140
Trd, 4319456.493, 139
Trd, 4319457.443, 140
Trd, 4319457.493, 101
Trd, 4319458.743, 88
Trd, 4319460.093, 66
Trd, 4319460.293, 80
Trd, 4319461.243, 65
Trd, 4319463.193, 140
Trd, 4319463.293, 140
Trd, 4319463.993, 139
Trd, 4319464.943, 84
Trd, 4319466.193, 95
Trd, 4319466.343, 140
Trd, 4319467.093, 105
Trd, 4319467.993, 139
Trd, 4319468.243, 113
Trd, 4319468.293, 101
Trd, 4319468.393, 99
Trd, 4319468.993, 139
Trd, 4319469.993, 132
Trd, 4319470.793, 100
Trd, 4319472.043, 140
Trd, 4319473.593, 140
Trd, 4319473.693, 140
Trd, 4319474.343, 107
Trd, 4319474.793, 106
Trd, 4319475.343, 114
Trd, 4319475.393, 93
Trd, 4319475.793, 83
Trd, 4319476.843, 140
Trd, 4319477.343, 140
Trd, 4319478.293, 140
Trd, 4319480.443, 125
Trd, 4319480.793, 124
Trd, 4319480.943, 123
Trd, 4319482.243, 91
Trd, 4319482.793, 90
Trd, 4319484.143, 93
Trd, 4319484.743, 92
Trd, 4319485.043, 96
Trd, 4319485.743, 140
Trd, 4319486.693, 100
Trd, 4319488.093, 103
Trd, 4319489.243, 139
Trd, 4319489.493, 90
Trd, 4319489.543, 88
Trd, 4319490.743, 140
Trd, 4319492.893, 139
Trd, 4319493.143, 139
Trd, 4319493.693, 107
Trd, 4319494.543, 85
Trd, 4319495.293, 84
Trd, 4319495.493, 85
Trd, 4319495.793, 140
Trd, 4319497.043, 140
Trd, 4319497.593, 104
Trd, 4319498.993, 140
Trd, 4319499.293, 140
Trd, 4319499.793, 140
Trd, 4319500.443, 137
Trd, 4319500.743, 128
Trd, 4319502.643, 140
Trd, 4319503.793, 115
Trd, 4319504.443, 135
Trd, 4319506.643, 140
Trd, 4319507.243, 140
Trd, 4319507.343, 140
Trd, 4319508.043, 113
Trd, 4319509.743, 98
Trd, 4319510.643, 94
Trd, 4319511.143, 87
Trd, 4319511.393, 110
Trd, 4319511.793, 139
Trd, 4319512.343, 139
Trd, 4319512.493, 107
Trd, 4319513.293, 64
Trd, 4319514.143, 84
Trd, 4319516.043, 140
Trd, 4319517.543, 140
Trd, 4319517.743, 140
Trd, 4319518.443, 140
Trd, 4319519.193, 140
Trd, 4319519.243, 140
Trd, 4319520.793, 138
Trd, 4319521.493, 134
Trd, 4319521.743, 133
Trd, 4319521.843, 131
Trd, 4319522.793, 140
Trd, 4319523.743, 126
Trd, 4319525.393, 140
Trd, 4319525.593, 140
Trd, 4319528.243, 140
Trd, 4319528.793, 139
Trd, 4319530.193, 128
Trd, 4319530.893, 140
Trd, 4319531.293, 102
Trd, 4319531.543, 94
Trd, 4319531.793, 139
Trd, 4319533.043, 140
Trd, 4319534.293, 128
Trd, 4319535.493, 106
Trd, 4319536.393, 139
Trd, 4319536.543, 137
Trd, 4319536.943, 110
Trd, 4319537.293, 83
Trd, 4319538.643, 139
Trd, 4319539.193, 140
Trd, 4319539.243, 138
Trd, 4319539.743, 116
Trd, 4319541.543, 140
Trd, 4319541.993, 140
Trd, 4319542.943, 140
Trd, 4319543.293, 110
Trd, 4319544.393, 92
Trd, 4319545.043, 69
Trd, 4319546.093, 92
Trd, 4319547.193, 140
Trd, 4319547.293, 140
Trd, 4319547.943, 140
Trd, 4319548.243, 138
Trd, 4319549.693, 86
Trd, 4319550.243, 139
Trd, 4319551.343, 73
Trd, 4319552.593, 103
Trd, 4319553.393, 109
Trd, 4319555.793, 140
Trd, 4319556.393, 140
Trd, 4319556.543, 139
Trd, 4319556.693, 139
Trd, 4319557.843, 140
Trd, 4319558.693, 140
Trd, 4319559.743, 140
Trd, 4319560.293, 140
Trd, 4319561.543, 140
Trd, 4319562.393, 120
Trd, 4319563.393, 136
Trd, 4319563.743, 106
Trd, 4319564.193, 88
Trd, 4319564.743, 91
Trd, 4319565.143, 140
Trd, 4319566.643, 126
Trd, 4319566.743, 139
Trd, 4319566.993, 134
Trd, 4319567.943, 140
Trd, 4319568.043, 78
Trd, 4319568.543, 73
Trd, 4319570.143, 140
Trd, 4319570.693, 138
Trd, 4319571.193, 135
Trd, 4319571.293, 122
Trd, 4319571.843, 118
Trd, 4319572.993, 138
Trd, 4319573.243, 123
Trd, 4319573.543, 118
Trd, 4319574.343, 140
Trd, 4319575.293, 140
Trd, 4319577.143, 140
Trd, 4319578.393, 140
Trd, 4319578.793, 140
Trd, 4319579.293, 140
Trd, 4319579.993, 140
Trd, 4319580.893, 106
Trd, 4319581.293, 103
Trd, 4319582.543, 133
Trd, 4319582.893, 140
Trd, 4319584.243, 140
Trd, 4319584.443, 140
Trd, 4319585.543, 119
Trd, 4319585.793, 105
Trd, 4319586.293, 107
Trd, 4319586.893, 104
Trd, 4319586.943, 82
Trd, 4319588.793, 100
Trd, 4319590.393, 140
Trd, 4319591.743, 140
Trd, 4319591.893, 140
Trd, 4319593.443, 139
Trd, 4319593.643, 113
Trd, 4319594.943, 140
Trd, 4319595.893, 140
Trd, 4319596.443, 140
Trd, 4319596.793, 136
Trd, 4319597.943, 133
Trd, 4319598.793, 138
Trd, 4319598.943, 124
Trd, 4319599.743, 137
Trd, 4319600.643, 140
Trd, 4319601.843, 111
Trd, 4319602.843, 139
Trd, 4319602.893, 75
Trd, 4319603.543, 140
Trd, 4319605.893, 140
Trd, 4319605.943, 140
Trd, 4319606.193, 140
Trd, 4319606.743, 140
Trd, 4319607.743, 95
Trd, 4319608.293, 135
Trd, 4319609.443, 69
Trd, 4319610.343, 124
Trd, 4319610.443, 123
Trd, 4319611.093, 140
Trd, 4319614.193, 140
Trd, 4319614.743, 139
Trd, 4319615.043, 138
Trd, 4319615.393, 134
Trd, 4319615.643, 106
Trd, 4319616.193, 139
Trd, 4319616.343, 118
Trd, 4319617.593, 60
Trd, 4319618.393, 73
Trd, 4319618.543, 119
Trd, 4319618.593, 92
Trd, 4319620.893, 66
Trd, 4319621.193, 65
Trd, 4319621.743, 64
Trd, 4319622.393, 61
Trd, 4319622.693, 71
Trd, 4319624.393, 105
Trd, 4319624.443, 100
Trd, 4319624.643, 138
Trd, 4319626.493, 117
Trd, 4319626.593, 93
Trd, 4319626.743, 72
Trd, 4319630.143, 140
Trd, 4319630.893, 140
Trd, 4319631.293, 139
Trd, 4319631.943, 139
Trd, 4319633.293, 139
Trd, 4319633.643, 99
Trd, 4319633.743, 87
Trd, 4319634.793, 105
Trd, 4319635.893, 84
Trd, 4319636.243, 76
Trd, 4319637.593, 88
Trd, 4319639.193, 67
Trd, 4319639.643, 69
Trd, 4319641.193, 64
Trd, 4319642.043, 139
Trd, 4319642.293, 110
Trd, 4319642.693, 68
Trd, 4319644.443, 90
Trd, 4319644.743, 120
Trd, 4319645.843, 140
Trd, 4319646.943, 108
Trd, 4319647.343, 107
Trd, 4319647.393, 110
Trd, 4319648.793, 105
Trd, 4319649.593, 126
Trd, 4319650.143, 108
Trd, 4319650.843, 99
Trd, 4319651.293, 140
Trd, 4319652.943, 140
Trd, 4319653.343, 113
Trd, 4319653.843, 115
Trd, 4319654.093, 91
Trd, 4319655.943, 140
Trd, 4319656.793, 140
Trd, 4319656.943, 111
Trd, 4319657.643, 83
Trd, 4319657.993, 64
Trd, 4319658.493, 79
Trd, 4319660.393, 140
Trd, 4319660.643, 139
Trd, 4319661.593, 105
Trd, 4319661.943, 91
Trd, 4319662.043, 76
Trd, 4319662.643, 75
Trd, 4319663.893, 139
Trd, 4319664.743, 85
Trd, 4319666.343, 140
Trd, 4319666.643, 80
Trd, 4319666.943, 88
Trd, 4319667.043, 79
Trd, 4319667.743, 130
Trd, 4319668.343, 67
Trd, 4319668.443, 136
Trd, 4319670.043, 139
Trd, 4319671.443, 77
Trd, 4319672.143, 138
Trd, 4319672.393, 139
Trd, 4319672.543, 76
Trd, 4319672.993, 139
Trd, 4319673.793, 100
Trd, 4319674.493, 96
Trd, 4319676.993, 129
Trd, 4319677.243, 140
Trd, 4319677.443, 92
Trd, 4319677.493, 72
Trd, 4319679.143, 81
Trd, 4319679.743, 98
Trd, 4319679.943, 126
Trd, 4319679.993, 74
Trd, 4319680.443, 139
Trd, 4319680.793, 140
Trd, 4319680.843, 73
Trd, 4319682.393, 140
Trd, 4319684.443, 122
Trd, 4319684.793, 110
Trd, 4319685.193, 139
Trd, 4319686.593, 139
Trd, 4319687.143, 139
Trd, 4319688.493, 138
Trd, 4319689.293, 121
Trd, 4319689.693, 112
Trd, 4319689.743, 108
Trd, 4319689.943, 78
Trd, 4319689.993, 78
Trd, 4319691.043, 140
Trd, 4319691.693, 140
Trd, 4319693.343, 114
Trd, 4319693.893, 109
Trd, 4319694.093, 140
Trd, 4319694.793, 140
Trd, 4319694.943, 135
Trd, 4319696.893, 112
Trd, 4319696.943, 110
Trd, 4319698.343, 140
Trd, 4319699.543, 140
Trd, 4319699.743, 131
Trd, 4319701.743, 132
Trd, 4319702.193, 115
Trd, 4319702.643, 140
Trd, 4319702.843, 113
Trd, 4319703.293, 103
Trd, 4319703.643, 117
Trd, 4319706.993, 115
Trd, 4319707.893, 140
Trd, 4319708.343, 135
Trd, 4319709.143, 114
Trd, 4319709.193, 112
Trd, 4319709.543, 103
Trd, 4319709.643, 101
Trd, 4319710.843, 140
Trd, 4319711.543, 140
Trd, 4319712.643, 140
Trd, 4319712.943, 140
Trd, 4319713.943, 139
Trd, 4319714.443, 115
Trd, 4319716.393, 125
Trd, 4319717.243, 139
Trd, 4319719.193, 128
Trd, 4319719.393, 79
Trd, 4319719.643, 62
Trd, 4319719.943, 94
Trd, 4319720.493, 139
Trd, 4319721.943, 104
Trd, 4319721.993, 90
Trd, 4319723.393, 140
Trd, 4319723.643, 140
Trd, 4319724.143, 140
Trd, 4319724.693, 139
Trd, 4319725.043, 117
Trd, 4319726.543, 135
Trd, 4319727.093, 129
Trd, 4319727.393, 119
Trd, 4319728.193, 113
Trd, 4319728.693, 67
Trd, 4319729.793, 60
Trd, 4319729.943, 60
Trd, 4319731.043, 136
Trd, 4319731.843, 78
Trd, 4319732.293, 92
Trd, 4319732.393, 93
Trd, 4319733.843, 70
Trd, 4319734.493, 106
Trd, 4319735.593, 63
Trd, 4319736.493, 80
Trd, 4319737.843, 138
Trd, 4319737.893, 133
Trd, 4319738.193, 99
Trd, 4319738.293, 95
Trd, 4319740.043, 139
Trd, 4319740.393, 139
Trd, 4319741.443, 140
Trd, 4319742.693, 138
Trd, 4319742.743, 108
Trd, 4319744.143, 122
Trd, 4319744.293, 107
Trd, 4319744.593, 84
Trd, 4319746.643, 140
Trd, 4319747.193, 128
Trd, 4319747.643, 138
Trd, 4319748.093, 129
Trd, 4319748.793, 128
Trd, 4319748.843, 139
Trd, 4319750.393, 110
Trd, 4319750.543, 85
Trd, 4319751.693, 93
Trd, 4319753.293, 138
Trd, 4319753.393, 127
Trd, 4319755.393, 140
Trd, 4319755.493, 140
Trd, 4319756.793, 140
Trd, 4319758.043, 123
Trd, 4319758.143, 116
Trd, 4319758.593, 140
Trd, 4319758.643, 107
Trd, 4319760.793, 140
Trd, 4319761.343, 140
Trd, 4319761.993, 139
Trd, 4319762.593, 138
Trd, 4319763.193, 140
Trd, 4319764.143, 100
Trd, 4319764.643, 128
Trd, 4319765.793, 94
Trd, 4319766.293, 88
Trd, 4319768.243, 140
Trd, 4319768.543, 139
Trd, 4319769.193, 139
Trd, 4319770.343, 139
Trd, 4319770.993, 106
Trd, 4319771.843, 110
Trd, 4319772.043, 122
Trd, 4319774.293, 140
Trd, 4319774.643, 140
Trd, 4319775.043, 140
Trd, 4319776.293, 138
Trd, 4319778.643, 140
Trd, 4319778.743, 140
Trd, 4319780.293, 122
Trd, 4319782.043, 140
Trd, 4319782.443, 140
Trd, 4319782.993, 140
Trd, 4319783.643, 96
Trd, 4319784.843, 107
Trd, 4319785.343, 138
Trd, 4319786.643, 138
Trd, 4319788.293, 139
Trd, 4319788.443, 117
Trd, 4319789.643, 140
Trd, 4319791.493, 140
Trd, 4319793.243, 140
Trd, 4319793.293, 140
Trd, 4319793.893, 140
Trd, 4319794.293, 114
Trd, 4319795.743, 125
Trd, 4319796.143, 119
Trd, 4319796.693, 125
Trd, 4319796.843, 101
Trd, 4319797.493, 140
Trd, 4319797.643, 128
Trd, 4319797.993, 98
Trd, 4319799.043, 68
Trd, 4319799.793, 61
Trd, 4319800.543, 66
Trd, 4319801.193, 63
Trd, 4319802.443, 61
Trd, 4319803.193, 70
Trd, 4319803.743, 69
Trd, 4319803.843, 70
Trd, 4319804.693, 109
Trd, 4319805.693, 126
Trd, 4319806.093, 84
Trd, 4319806.293, 83
Trd, 4319807.693, 132
Trd, 4319808.243, 119
Trd, 4319808.393, 113
Trd, 4319808.843, 128
Trd, 4319811.293, 140
Trd, 4319811.393, 140
Trd, 4319812.593, 118
Trd, 4319812.793, 120
Trd, 4319812.943, 104
Trd, 4319813.943, 134
Trd, 4319814.543, 108
Trd, 4319815.843, 140
Trd, 4319816.543, 140
Trd, 4319818.343, 140
Trd, 4319819.143, 139
Trd, 4319820.043, 139
Trd, 4319820.093, 110
Trd, 4319820.243, 98
Trd, 4319822.143, 138
Trd, 4319822.743, 71
Trd, 4319822.943, 79
Trd, 4319823.193, 70
Trd, 4319823.643, 86
Trd, 4319824.043, 87
Trd, 4319825.093, 140
Trd, 4319825.843, 89
Trd, 4319826.393, 68
Trd, 4319827.543, 86
Trd, 4319827.943, 93
Trd, 4319828.993, 140
Trd, 4319829.343, 140
Trd, 4319829.393, 110
Trd, 4319830.493, 109
Trd, 4319831.193, 84
Trd, 4319832.993, 140
Trd, 4319834.343, 140
Trd, 4319834.643, 140
Trd, 4319834.843, 139
Trd, 4319836.693, 140
Trd, 4319837.143, 136
Trd, 4319838.643, 139
Trd, 4319838.693, 121
Trd, 4319839.343, 120
Trd, 4319839.643, 84
Trd, 4319840.343, 76
Trd, 4319841.743, 139
Trd, 4319842.293, 119
Trd, 4319842.843, 110
Trd, 4319843.593, 127
Trd, 4319843.743, 110
Trd, 4319844.293, 105
Trd, 4319844.643, 140
Trd, 4319846.243, 88
Trd, 4319847.143, 98
Trd, 4319847.193, 111
Trd, 4319848.843, 139
Trd, 4319849.593, 111
Trd, 4319849.793, 112
Trd, 4319852.293, 140
Trd, 4319852.593, 140
Trd, 4319853.343, 140
Trd, 4319853.693, 122
Trd, 4319854.843, 109
Trd, 4319855.443, 139
Trd, 4319855.693, 140
Trd, 4319855.993, 135
Trd, 4319856.293, 96
Trd, 4319858.093, 140
Trd, 4319858.293, 140
Trd, 4319859.393, 140
Trd, 4319860.443, 139
Trd, 4319861.093, 140
Trd, 4319861.693, 112
Trd, 4319862.993, 105
Trd, 4319863.143, 140
Trd, 4319863.693, 135
Trd, 4319864.543, 106
Trd, 4319864.743, 110
Trd, 4319865.343, 111
Trd, 4319866.293, 120
Trd, 4319867.393, 140
Trd, 4319867.443, 119
Trd, 4319868.743, 88
Trd, 4319868.893, 93
Trd, 4319869.893, 139
Trd, 4319870.543, 72
Trd, 4319871.693, 140
Trd, 4319872.593, 140
Trd, 4319873.493, 140
Trd, 4319875.143, 140
Trd, 4319877.243, 140
Trd, 4319877.293, 140
Trd, 4319877.643, 140
Trd, 4319878.643, 139
Trd, 4319879.393, 109
Trd, 4319879.443, 108
Trd, 4319882.143, 135
Trd, 4319883.343, 137
Trd, 4319883.393, 113
Trd, 4319884.093, 139
Trd, 4319884.443, 139
Trd, 4319886.393, 87
Trd, 4319886.743, 84
Trd, 4319888.393, 140
Trd, 4319888.443, 140
Trd, 4319889.293, 140
Trd, 4319889.443, 139
Trd, 4319890.343, 84
Trd, 4319890.643, 139
Trd, 4319891.543, 89
Trd, 4319892.793, 140
Trd, 4319894.393, 140
Trd, 4319895.193, 140
Trd, 4319895.793, 114
Trd, 4319896.143, 140
Trd, 4319896.893, 61
Trd, 4319896.993, 135
Trd, 4319899.493, 62
Trd, 4319899.843, 66
Trd, 4319900.693, 138
Trd, 4319900.993, 137
Trd, 4319901.093, 118
Trd, 4319901.443, 117
Trd, 4319902.793, 60
Trd, 4319903.643, 117
Trd, 4319905.343, 60
Trd, 4319905.843, 60
Trd, 4319905.993, 62
Trd, 4319906.143, 128
Trd, 4319907.793, 62
Trd, 4319907.943, 71
Trd, 4319909.043, 84
Trd, 4319909.843, 60
Trd, 4319910.093, 85
Trd, 4319910.993, 71
Trd, 4319911.043, 73
Trd, 4319913.393, 69
Trd, 4319913.943, 75
Trd, 4319914.493, 65
Trd, 4319914.993, 139
Trd, 4319915.043, 104
Trd, 4319916.843, 105
Trd, 4319917.543, 93
Trd, 4319917.793, 91
Trd, 4319921.143, 140
Trd, 4319921.193, 140
Trd, 4319921.243, 137
Trd, 4319922.943, 140
Trd, 4319924.143, 140
Trd, 4319924.693, 140
Trd, 4319925.643, 140
Trd, 4319926.043, 139
Trd, 4319926.493, 119
Trd, 4319927.443, 112
Trd, 4319928.543, 106
Trd, 4319928.843, 104
Trd, 4319930.193, 138
Trd, 4319932.143, 140
Trd, 4319932.793, 140
Trd, 4319933.743, 140
Trd, 4319933.793, 110
Trd, 4319934.343, 117
Trd, 4319934.693, 135
Trd, 4319934.743, 140
Trd, 4319934.893, 121
Trd, 4319935.043, 86
Trd, 4319937.893, 115
Trd, 4319938.943, 140
Trd, 4319939.393, 107
Trd, 4319939.593, 139
Trd, 4319940.293, 138
Trd, 4319940.593, 89
Trd, 4319941.293, 88
Trd, 4319942.593, 112
Trd, 4319942.943, 82
Trd, 4319943.443, 140
Trd, 4319944.343, 100
Trd, 4319944.693, 78
Trd, 4319947.543, 103
Trd, 4319947.593, 101
Trd, 4319948.193, 115
Trd, 4319948.393, 116
Trd, 4319948.543, 89
Trd, 4319948.943, 140
Trd, 4319949.543, 136
Trd, 4319951.943, 119
Trd, 4319952.843, 103
Trd, 4319952.943, 102
Trd, 4319953.193, 78
Trd, 4319953.843, 139
Trd, 4319953.943, 100
Trd, 4319954.343, 67
Trd, 4319954.493, 68
Trd, 4319956.993, 129
Trd, 4319957.793, 140
Trd, 4319958.593, 140
Trd, 4319959.193, 140
Trd, 4319959.543, 140
Trd, 4319960.043, 138
Trd, 4319960.343, 111
Trd, 4319960.943, 119
Trd, 4319962.093, 121
Trd, 4319964.243, 140
Trd, 4319964.693, 140
Trd, 4319964.943, 128
Trd, 4319967.143, 138
Trd, 4319967.743, 110
Trd, 4319967.943, 109
Trd, 4319968.543, 137
Trd, 4319969.393, 118
Trd, 4319969.893, 114
Trd, 4319970.993, 140
Trd, 4319972.243, 140
Trd, 4319973.293, 107
Trd, 4319973.343, 105
Trd, 4319973.493, 121
Trd, 4319974.443, 130
Trd, 4319976.343, 133
Trd, 4319977.793, 92
Trd, 4319978.143, 118
Trd, 4319978.543, 140
Trd, 4319979.243, 83
Trd, 4319979.493, 140
Trd, 4319981.043, 90
Trd, 4319982.243, 137
Trd, 4319982.593, 124
Trd, 4319984.443, 139
Trd, 4319984.693, 139
Trd, 4319984.993, 102
Trd, 4319985.643, 99
Trd, 4319985.793, 98
Trd, 4319987.193, 140
Trd, 4319988.043, 140
Trd, 4319988.493, 105
Trd, 4319988.593, 104
Trd, 4319989.993, 73
Trd, 4319990.143, 77
Trd, 4319990.593, 140
Trd, 4319991.343, 112
Trd, 4319991.493, 90
Trd, 4319992.093, 65
Trd, 4319992.993, 138
Trd, 4319993.393, 140
Trd, 4319995.443, 133
Trd, 4319995.793, 133
Trd, 4319996.643, 132
Trd, 4319997.043, 140
Trd, 4319997.193, 88
Trd, 4319997.693, 138
Trd, 4319998.793, 77
Trd, 4319999.593, 78
Trd, 4319999.843, 87
