Trd, 4318110.343, 107
Trd, 4318111.293, 117
Trd, 4318111.693, 135
Trd, 4318113.093, 130
Trd, 4318113.493, 127
Trd, 4318113.593, 119
Trd, 4318114.593, 112
Trd, 4318114.943, 112
Trd, 4318116.843, 101
Trd, 4318117.143, 117
Trd, 4318118.093, 119
Trd, 4318118.343, 101
Trd, 4318119.243, 138
Trd, 4318119.393, 123
Trd, 4318119.693, 117
Trd, 4318121.693, 132
Trd, 4318122.693, 128
Trd, 4318122.893, 122
Trd, 4318123.493, 133
Trd, 4318123.793, 120
Trd, 4318124.693, 140
Trd, 4318126.243, 128
Trd, 4318126.593, 109
Trd, 4318127.793, 130
Trd, 4318128.993, 127
Trd, 4318129.193, 114
Trd, 4318131.443, 128
Trd, 4318132.293, 125
Trd, 4318132.343, 97
Trd, 4318132.843, 130
Trd, 4318132.943, 124
Trd, 4318134.143, 101
Trd, 4318135.693, 133
Trd, 4318135.993, 131
Trd, 4318136.543, 102
Trd, 4318137.493, 118
Trd, 4318138.093, 99
Trd, 4318139.393, 128
Trd, 4318140.143, 121
Trd, 4318142.093, 115
Trd, 4318142.443, 113
Trd, 4318143.693, 95
Trd, 4318144.943, 140
Trd, 4318145.093, 133
Trd, 4318145.693, 134
Trd, 4318147.093, 140
Trd, 4318148.193, 139
Trd, 4318148.343, 129
Trd, 4318148.593, 129
Trd, 4318150.343, 140
Trd, 4318150.943, 117
Trd, 4318152.093, 135
Trd, 4318152.593, 133
Trd, 4318153.843, 125
Trd, 4318156.493, 115
Trd, 4318157.393, 139
Trd, 4318157.693, 132
Trd, 4318158.093, 130
Trd, 4318158.143, 127
Trd, 4318158.493, 122
Trd, 4318159.393, 137
Trd, 4318160.693, 116
Trd, 4318160.843, 112
Trd, 4318162.393, 103
Trd, 4318162.643, 111
Trd, 4318164.943, 108
Trd, 4318165.043, 134
Trd, 4318165.893, 118
Trd, 4318166.343, 115
Trd, 4318167.443, 130
Trd, 4318169.193, 138
Trd, 4318169.643, 122
Trd, 4318170.793, 138
Trd, 4318172.693, 120
Trd, 4318174.493, 140
Trd, 4318174.693, 134
Trd, 4318175.093, 132
Trd, 4318176.993, 135
Trd, 4318177.543, 128
Trd, 4318178.743, 116
Trd, 4318179.043, 128
Trd, 4318179.243, 123
Trd, 4318180.743, 132
Trd, 4318181.643, 131
Trd, 4318181.693, 129
Trd, 4318181.943, 120
Trd, 4318182.843, 123
Trd, 4318183.743, 118
Trd, 4318184.443, 125
Trd, 4318184.843, 133
Trd, 4318184.893, 114
Trd, 4318185.693, 114
Trd, 4318186.543, 118
Trd, 4318187.093, 103
Trd, 4318187.143, 100
Trd, 4318188.493, 78
Trd, 4318188.543, 93
Trd, 4318188.893, 118
Trd, 4318190.193, 129
Trd, 4318190.243, 125
Trd, 4318193.143, 122
Trd, 4318193.243, 113
Trd, 4318193.493, 131
Trd, 4318193.643, 102
Trd, 4318194.043, 90
Trd, 4318195.593, 98
Trd, 4318196.143, 119
Trd, 4318196.693, 139
Trd, 4318196.843, 111
Trd, 4318197.593, 100
Trd, 4318199.143, 126
Trd, 4318199.243, 92
Trd, 4318199.843, 107
Trd, 4318200.143, 100
Trd, 4318201.343, 133
Trd, 4318201.393, 130
Trd, 4318202.993, 121
Trd, 4318203.343, 139
Trd, 4318203.893, 124
Trd, 4318205.243, 103
Trd, 4318205.343, 111
Trd, 4318205.993, 79
Trd, 4318207.593, 87
Trd, 4318208.293, 129
Trd, 4318209.443, 131
Trd, 4318210.143, 118
Trd, 4318210.843, 117
Trd, 4318211.443, 104
Trd, 4318211.493, 103
Trd, 4318211.693, 109
Trd, 4318212.843, 78
Trd, 4318213.343, 133
Trd, 4318217.493, 139
Trd, 4318217.793, 121
Trd, 4318219.443, 139
Trd, 4318220.443, 134
Trd, 4318220.543, 123
Trd, 4318220.943, 118
Trd, 4318221.893, 110
Trd, 4318221.943, 106
Trd, 4318222.693, 65
Trd, 4318222.743, 88
Trd, 4318224.543, 64
Trd, 4318225.893, 127
Trd, 4318227.643, 137
Trd, 4318227.793, 101
Trd, 4318228.693, 118
Trd, 4318230.593, 113
Trd, 4318231.193, 122
Trd, 4318232.043, 109
Trd, 4318233.043, 136
Trd, 4318233.193, 119
Trd, 4318233.593, 104
Trd, 4318233.793, 78
Trd, 4318234.593, 72
Trd, 4318235.843, 137
Trd, 4318235.943, 126
Trd, 4318237.043, 118
Trd, 4318237.843, 138
Trd, 4318238.493, 134
Trd, 4318238.893, 98
Trd, 4318239.393, 94
Trd, 4318239.793, 131
Trd, 4318239.843, 85
Trd, 4318240.943, 92
Trd, 4318241.693, 121
Trd, 4318241.943, 139
Trd, 4318242.493, 84
Trd, 4318242.943, 89
Trd, 4318243.893, 101
Trd, 4318243.993, 80
Trd, 4318245.893, 105
Trd, 4318247.493, 126
Trd, 4318247.643, 119
Trd, 4318248.243, 96
Trd, 4318250.443, 138
Trd, 4318251.143, 136
Trd, 4318251.243, 135
Trd, 4318251.543, 133
Trd, 4318252.293, 128
Trd, 4318252.393, 119
Trd, 4318254.393, 128
Trd, 4318254.993, 125
Trd, 4318255.593, 120
Trd, 4318256.743, 138
Trd, 4318257.343, 129
Trd, 4318257.543, 115
Trd, 4318257.893, 115
Trd, 4318258.043, 110
Trd, 4318258.793, 117
Trd, 4318260.343, 80
Trd, 4318261.093, 121
Trd, 4318262.043, 106
Trd, 4318262.643, 135
Trd, 4318264.293, 125
Trd, 4318265.393, 139
Trd, 4318265.993, 124
Trd, 4318266.243, 116
Trd, 4318266.793, 113
Trd, 4318267.943, 137
Trd, 4318268.043, 107
Trd, 4318268.293, 100
Trd, 4318270.843, 139
Trd, 4318270.993, 128
Trd, 4318271.593, 132
Trd, 4318273.493, 101
Trd, 4318275.593, 129
Trd, 4318277.043, 135
Trd, 4318277.493, 129
Trd, 4318278.093, 124
Trd, 4318279.093, 114
Trd, 4318279.493, 104
Trd, 4318279.743, 100
Trd, 4318279.843, 99
Trd, 4318281.193, 136
Trd, 4318281.243, 131
Trd, 4318281.893, 125
Trd, 4318282.543, 119
Trd, 4318283.793, 123
Trd, 4318284.893, 137
Trd, 4318284.993, 135
Trd, 4318285.793, 104
Trd, 4318287.543, 108
Trd, 4318287.993, 97
Trd, 4318288.143, 118
Trd, 4318288.943, 86
Trd, 4318289.343, 82
Trd, 4318290.493, 132
Trd, 4318290.843, 133
Trd, 4318291.593, 109
Trd, 4318294.743, 139
Trd, 4318294.793, 118
Trd, 4318294.893, 75
Trd, 4318295.893, 94
Trd, 4318297.193, 130
Trd, 4318298.693, 134
Trd, 4318299.243, 135
Trd, 4318299.693, 140
Trd, 4318300.243, 136
Trd, 4318300.343, 114
Trd, 4318301.193, 131
Trd, 4318301.343, 98
Trd, 4318302.193, 140
Trd, 4318303.043, 124
Trd, 4318303.393, 110
Trd, 4318304.393, 138
Trd, 4318305.493, 133
Trd, 4318305.893, 128
Trd, 4318305.943, 120
Trd, 4318307.093, 118
Trd, 4318308.043, 131
Trd, 4318308.443, 104
Trd, 4318309.693, 136
Trd, 4318310.943, 136
Trd, 4318311.643, 70
Trd, 4318312.643, 132
Trd, 4318312.993, 139
Trd, 4318313.593, 115
Trd, 4318314.293, 121
Trd, 4318316.393, 136
Trd, 4318317.793, 127
Trd, 4318319.093, 127
Trd, 4318319.293, 113
Trd, 4318319.493, 105
Trd, 4318321.893, 125
Trd, 4318322.343, 132
Trd, 4318322.593, 129
Trd, 4318323.393, 129
Trd, 4318323.443, 124
Trd, 4318323.793, 137
Trd, 4318324.593, 110
Trd, 4318326.243, 138
Trd, 4318326.493, 133
Trd, 4318327.043, 119
Trd, 4318327.693, 126
Trd, 4318329.793, 133
Trd, 4318330.393, 124
Trd, 4318330.443, 104
Trd, 4318330.693, 139
Trd, 4318330.943, 120
Trd, 4318331.893, 104
Trd, 4318333.143, 88
Trd, 4318333.493, 90
Trd, 4318333.743, 85
Trd, 4318333.843, 84
Trd, 4318334.093, 81
Trd, 4318334.493, 101
Trd, 4318336.443, 131
Trd, 4318337.143, 125
Trd, 4318337.743, 130
Trd, 4318337.843, 120
Trd, 4318338.993, 102
Trd, 4318339.193, 76
Trd, 4318340.593, 79
Trd, 4318342.193, 94
Trd, 4318342.643, 100
Trd, 4318343.243, 138
Trd, 4318343.843, 127
Trd, 4318344.793, 118
Trd, 4318347.093, 132
Trd, 4318347.443, 121
Trd, 4318347.693, 117
Trd, 4318348.093, 114
Trd, 4318348.493, 115
Trd, 4318348.793, 110
Trd, 4318349.843, 140
Trd, 4318350.443, 125
Trd, 4318351.193, 120
Trd, 4318351.993, 112
Trd, 4318353.143, 123
Trd, 4318354.943, 100
Trd, 4318354.993, 104
Trd, 4318356.893, 97
Trd, 4318357.143, 96
Trd, 4318358.043, 138
Trd, 4318358.093, 133
Trd, 4318358.643, 129
Trd, 4318359.793, 133
Trd, 4318360.493, 139
Trd, 4318361.793, 133
Trd, 4318362.293, 123
Trd, 4318362.343, 118
Trd, 4318362.693, 111
Trd, 4318364.443, 137
Trd, 4318364.593, 128
Trd, 4318364.893, 124
Trd, 4318365.193, 117
Trd, 4318365.343, 116
Trd, 4318367.093, 138
Trd, 4318367.643, 60
Trd, 4318367.893, 70
Trd, 4318368.343, 103
Trd, 4318368.543, 84
Trd, 4318369.193, 74
Trd, 4318369.943, 67
Trd, 4318372.243, 133
Trd, 4318372.343, 109
Trd, 4318373.043, 109
Trd, 4318373.693, 105
Trd, 4318373.893, 105
Trd, 4318373.993, 113
Trd, 4318374.643, 101
Trd, 4318375.143, 92
Trd, 4318377.443, 133
Trd, 4318378.193, 132
Trd, 4318378.493, 131
Trd, 4318378.893, 135
Trd, 4318378.993, 133
Trd, 4318379.193, 130
Trd, 4318379.793, 122
Trd, 4318380.493, 123
Trd, 4318381.343, 137
Trd, 4318381.943, 136
Trd, 4318382.943, 131
Trd, 4318383.543, 108
Trd, 4318383.593, 93
Trd, 4318384.893, 62
Trd, 4318385.243, 76
Trd, 4318385.743, 134
Trd, 4318386.493, 86
Trd, 4318387.743, 133
Trd, 4318389.293, 140
Trd, 4318390.193, 140
Trd, 4318391.243, 138
Trd, 4318391.943, 132
Trd, 4318392.343, 124
Trd, 4318394.043, 137
Trd, 4318394.393, 131
Trd, 4318397.493, 135
Trd, 4318397.943, 138
Trd, 4318398.293, 126
Trd, 4318399.493, 139
Trd, 4318399.743, 133
Trd, 4318400.393, 122
Trd, 4318401.343, 110
Trd, 4318403.443, 120
Trd, 4318403.543, 116
Trd, 4318403.843, 112
Trd, 4318405.943, 140
Trd, 4318406.343, 138
Trd, 4318406.493, 129
Trd, 4318406.743, 125
Trd, 4318407.743, 126
Trd, 4318408.593, 102
Trd, 4318408.793, 97
Trd, 4318410.243, 128
Trd, 4318412.293, 131
Trd, 4318412.443, 126
Trd, 4318412.743, 123
Trd, 4318414.643, 133
Trd, 4318414.943, 129
Trd, 4318415.193, 115
Trd, 4318415.743, 65
Trd, 4318416.943, 133
Trd, 4318417.993, 138
Trd, 4318418.643, 139
Trd, 4318419.293, 123
Trd, 4318419.943, 120
Trd, 4318420.243, 116
Trd, 4318420.793, 89
Trd, 4318422.793, 133
Trd, 4318422.893, 109
Trd, 4318423.343, 123
Trd, 4318423.443, 85
Trd, 4318424.193, 100
Trd, 4318425.443, 104
Trd, 4318426.443, 112
Trd, 4318426.693, 95
Trd, 4318428.243, 132
Trd, 4318428.693, 128
Trd, 4318428.893, 113
Trd, 4318429.793, 123
Trd, 4318430.743, 133
Trd, 4318431.743, 126
Trd, 4318432.043, 118
Trd, 4318433.293, 122
Trd, 4318434.093, 93
Trd, 4318434.643, 139
Trd, 4318434.743, 90
Trd, 4318435.743, 125
Trd, 4318436.693, 126
Trd, 4318438.043, 75
Trd, 4318438.893, 70
Trd, 4318438.943, 77
Trd, 4318439.293, 104
Trd, 4318440.593, 73
Trd, 4318441.443, 129
Trd, 4318441.693, 124
Trd, 4318441.943, 130
Trd, 4318442.093, 117
Trd, 4318443.093, 136
Trd, 4318443.943, 130
Trd, 4318444.693, 116
Trd, 4318445.093, 135
Trd, 4318445.243, 108
Trd, 4318446.743, 138
Trd, 4318447.243, 133
Trd, 4318447.793, 124
Trd, 4318448.543, 116
Trd, 4318449.693, 97
Trd, 4318450.243, 131
Trd, 4318450.543, 103
Trd, 4318451.843, 95
Trd, 4318453.193, 138
Trd, 4318453.293, 111
Trd, 4318453.593, 134
Trd, 4318453.843, 127
Trd, 4318454.443, 123
Trd, 4318456.393, 111
Trd, 4318456.543, 101
Trd, 4318458.393, 101
Trd, 4318459.193, 118
Trd, 4318459.743, 87
Trd, 4318459.993, 101
Trd, 4318460.543, 96
Trd, 4318461.343, 124
Trd, 4318461.443, 86
Trd, 4318462.693, 131
Trd, 4318463.143, 113
Trd, 4318463.393, 109
Trd, 4318464.093, 125
Trd, 4318464.143, 123
Trd, 4318465.843, 88
Trd, 4318467.393, 101
Trd, 4318467.443, 129
Trd, 4318468.743, 103
Trd, 4318470.143, 87
Trd, 4318470.393, 85
Trd, 4318471.443, 89
Trd, 4318471.993, 93
Trd, 4318472.343, 61
Trd, 4318473.093, 118
Trd, 4318473.743, 80
Trd, 4318475.043, 89
Trd, 4318475.293, 97
Trd, 4318477.043, 107
Trd, 4318477.243, 93
Trd, 4318477.643, 89
Trd, 4318478.293, 73
Trd, 4318478.543, 81
Trd, 4318479.093, 119
Trd, 4318480.893, 83
Trd, 4318481.743, 138
Trd, 4318482.943, 135
Trd, 4318484.093, 118
Trd, 4318484.393, 107
Trd, 4318485.293, 120
Trd, 4318485.743, 115
Trd, 4318486.243, 109
Trd, 4318487.143, 91
Trd, 4318488.043, 119
Trd, 4318488.143, 115
Trd, 4318489.143, 117
Trd, 4318490.643, 136
Trd, 4318491.193, 139
Trd, 4318491.293, 117
Trd, 4318491.443, 104
Trd, 4318494.143, 101
Trd, 4318494.243, 109
Trd, 4318494.693, 119
Trd, 4318495.093, 139
Trd, 4318495.343, 129
Trd, 4318495.943, 90
Trd, 4318496.243, 78
Trd, 4318498.243, 129
Trd, 4318499.993, 140
Trd, 4318500.743, 135
Trd, 4318501.293, 124
Trd, 4318502.093, 115
Trd, 4318502.193, 106
Trd, 4318502.643, 121
Trd, 4318502.693, 106
Trd, 4318504.343, 127
Trd, 4318505.193, 100
Trd, 4318506.593, 116
Trd, 4318506.893, 121
Trd, 4318507.843, 95
Trd, 4318509.693, 134
Trd, 4318510.893, 128
Trd, 4318511.593, 124
Trd, 4318511.793, 129
Trd, 4318512.743, 124
Trd, 4318512.943, 137
Trd, 4318514.193, 108
Trd, 4318514.843, 92
Trd, 4318515.293, 131
Trd, 4318515.693, 121
Trd, 4318516.793, 123
Trd, 4318516.843, 85
Trd, 4318517.643, 123
Trd, 4318519.093, 71
Trd, 4318519.893, 76
Trd, 4318521.793, 133
Trd, 4318522.093, 94
Trd, 4318523.043, 132
Trd, 4318523.193, 127
Trd, 4318523.693, 107
Trd, 4318524.793, 114
Trd, 4318525.093, 102
Trd, 4318525.193, 93
Trd, 4318526.143, 119
Trd, 4318529.193, 130
Trd, 4318529.743, 138
Trd, 4318529.793, 136
Trd, 4318529.993, 104
Trd, 4318530.493, 111
Trd, 4318531.243, 94
Trd, 4318531.593, 123
Trd, 4318532.243, 85
Trd, 4318533.743, 81
Trd, 4318534.243, 138
Trd, 4318534.993, 117
Trd, 4318537.193, 108
Trd, 4318537.593, 107
Trd, 4318538.343, 128
Trd, 4318538.993, 117
Trd, 4318539.493, 119
Trd, 4318539.743, 130
Trd, 4318540.093, 114
Trd, 4318540.643, 108
Trd, 4318540.743, 95
Trd, 4318541.193, 75
Trd, 4318543.743, 127
Trd, 4318546.093, 106
Trd, 4318546.243, 135
Trd, 4318546.493, 105
Trd, 4318546.843, 111
Trd, 4318547.093, 102
Trd, 4318547.293, 101
Trd, 4318548.843, 140
Trd, 4318549.143, 116
Trd, 4318549.343, 112
Trd, 4318549.543, 109
Trd, 4318550.443, 109
Trd, 4318551.293, 126
Trd, 4318551.543, 120
Trd, 4318552.643, 111
Trd, 4318552.993, 129
Trd, 4318555.543, 133
Trd, 4318556.593, 136
Trd, 4318557.243, 124
Trd, 4318558.643, 128
Trd, 4318558.993, 118
Trd, 4318560.493, 132
Trd, 4318560.743, 119
Trd, 4318561.243, 114
Trd, 4318561.943, 72
Trd, 4318562.093, 89
Trd, 4318562.293, 113
Trd, 4318562.793, 126
Trd, 4318563.293, 97
Trd, 4318563.843, 123
Trd, 4318563.993, 115
Trd, 4318564.643, 111
Trd, 4318565.243, 95
Trd, 4318566.843, 140
Trd, 4318566.993, 135
Trd, 4318568.043, 127
Trd, 4318569.543, 134
Trd, 4318570.543, 126
Trd, 4318570.743, 124
Trd, 4318571.543, 139
Trd, 4318572.443, 100
Trd, 4318573.543, 125
Trd, 4318573.943, 117
Trd, 4318574.393, 138
Trd, 4318574.793, 111
Trd, 4318574.943, 89
Trd, 4318575.693, 103
Trd, 4318576.443, 138
Trd, 4318576.843, 136
Trd, 4318577.293, 119
Trd, 4318577.543, 97
Trd, 4318579.993, 76
Trd, 4318581.143, 91
Trd, 4318582.043, 72
Trd, 4318582.443, 85
Trd, 4318582.793, 101
Trd, 4318582.843, 69
Trd, 4318583.193, 100
Trd, 4318583.943, 75
Trd, 4318585.043, 105
Trd, 4318587.443, 131
Trd, 4318588.393, 122
Trd, 4318588.643, 115
Trd, 4318588.693, 103
Trd, 4318588.793, 79
Trd, 4318590.293, 112
Trd, 4318590.693, 127
Trd, 4318591.293, 109
Trd, 4318591.943, 119
Trd, 4318592.493, 111
Trd, 4318593.943, 132
Trd, 4318594.793, 105
Trd, 4318595.543, 112
Trd, 4318595.643, 103
Trd, 4318596.393, 91
Trd, 4318597.243, 133
Trd, 4318598.093, 105
Trd, 4318598.343, 120
Trd, 4318599.093, 101
Trd, 4318600.193, 136
Trd, 4318600.693, 99
Trd, 4318601.393, 104
Trd, 4318603.043, 133
Trd, 4318604.043, 106
Trd, 4318604.893, 128
Trd, 4318605.343, 118
Trd, 4318606.043, 100
Trd, 4318606.143, 96
Trd, 4318606.743, 136
Trd, 4318607.193, 126
Trd, 4318607.293, 114
Trd, 4318608.493, 138
Trd, 4318608.943, 138
Trd, 4318610.893, 129
Trd, 4318610.943, 92
Trd, 4318612.143, 106
Trd, 4318612.593, 120
Trd, 4318612.693, 101
Trd, 4318612.843, 137
Trd, 4318613.643, 120
Trd, 4318614.493, 135
Trd, 4318614.793, 132
Trd, 4318615.293, 112
Trd, 4318615.543, 108
Trd, 4318615.993, 132
Trd, 4318616.893, 123
Trd, 4318616.943, 119
Trd, 4318617.293, 138
Trd, 4318618.343, 115
Trd, 4318618.543, 94
Trd, 4318620.393, 139
Trd, 4318621.243, 108
Trd, 4318621.493, 108
Trd, 4318621.943, 89
Trd, 4318622.493, 103
Trd, 4318624.143, 75
Trd, 4318624.543, 94
Trd, 4318624.743, 73
Trd, 4318625.643, 139
Trd, 4318626.193, 135
Trd, 4318627.243, 136
Trd, 4318627.793, 139
Trd, 4318628.143, 109
Trd, 4318628.943, 104
Trd, 4318629.193, 94
Trd, 4318629.843, 63
Trd, 4318630.493, 90
Trd, 4318630.943, 85
Trd, 4318631.793, 118
Trd, 4318632.593, 87
Trd, 4318633.443, 67
Trd, 4318633.743, 85
Trd, 4318634.793, 69
Trd, 4318635.143, 108
Trd, 4318636.893, 139
Trd, 4318637.493, 135
Trd, 4318637.943, 130
Trd, 4318638.043, 121
Trd, 4318638.843, 100
Trd, 4318638.943, 118
Trd, 4318639.993, 87
Trd, 4318640.743, 89
Trd, 4318641.543, 129
Trd, 4318641.643, 126
Trd, 4318642.893, 127
Trd, 4318643.493, 125
Trd, 4318644.643, 120
Trd, 4318646.543, 114
Trd, 4318647.293, 136
Trd, 4318647.743, 133
Trd, 4318647.943, 110
Trd, 4318648.093, 104
Trd, 4318648.443, 136
Trd, 4318648.593, 127
Trd, 4318648.693, 97
Trd, 4318650.593, 97
Trd, 4318650.693, 98
Trd, 4318650.743, 96
Trd, 4318651.393, 105
Trd, 4318653.143, 97
Trd, 4318653.893, 107
Trd, 4318656.393, 137
Trd, 4318656.443, 132
Trd, 4318656.543, 128
Trd, 4318657.443, 103
Trd, 4318657.943, 102
Trd, 4318658.543, 62
Trd, 4318658.793, 121
Trd, 4318659.443, 129
Trd, 4318662.043, 139
Trd, 4318662.293, 131
Trd, 4318662.343, 128
Trd, 4318663.243, 126
Trd, 4318664.743, 113
Trd, 4318665.393, 112
Trd, 4318665.693, 111
Trd, 4318666.943, 121
Trd, 4318667.643, 110
Trd, 4318668.793, 140
Trd, 4318669.243, 122
Trd, 4318669.343, 117
Trd, 4318671.043, 134
Trd, 4318672.093, 108
Trd, 4318672.343, 66
Trd, 4318673.543, 123
Trd, 4318674.493, 102
Trd, 4318674.943, 100
Trd, 4318675.693, 108
Trd, 4318675.843, 106
Trd, 4318677.393, 137
Trd, 4318678.093, 91
Trd, 4318678.793, 88
Trd, 4318679.243, 66
Trd, 4318679.843, 121
Trd, 4318680.393, 110
Trd, 4318681.093, 76
Trd, 4318682.043, 125
Trd, 4318683.343, 138
Trd, 4318683.743, 123
Trd, 4318686.343, 133
Trd, 4318686.543, 125
Trd, 4318686.743, 124
Trd, 4318687.543, 119
Trd, 4318687.793, 72
Trd, 4318688.993, 135
Trd, 4318690.243, 124
Trd, 4318690.443, 118
Trd, 4318690.843, 100
Trd, 4318691.243, 95
Trd, 4318691.593, 127
Trd, 4318691.693, 124
Trd, 4318694.493, 126
Trd, 4318695.043, 129
Trd, 4318695.143, 90
Trd, 4318695.443, 113
Trd, 4318695.743, 87
Trd, 4318696.393, 130
Trd, 4318696.993, 121
Trd, 4318697.993, 108
Trd, 4318698.293, 97
Trd, 4318698.793, 133
Trd, 4318700.443, 140
Trd, 4318700.893, 111
Trd, 4318700.943, 94
Trd, 4318701.293, 86
Trd, 4318702.043, 87
Trd, 4318702.693, 77
Trd, 4318703.193, 98
Trd, 4318703.493, 117
Trd, 4318705.193, 128
Trd, 4318705.793, 118
Trd, 4318706.643, 75
Trd, 4318707.743, 99
Trd, 4318709.093, 100
Trd, 4318709.593, 99
Trd, 4318710.643, 109
Trd, 4318711.043, 137
Trd, 4318712.143, 121
Trd, 4318712.543, 105
Trd, 4318712.793, 104
Trd, 4318713.143, 130
Trd, 4318713.543, 108
Trd, 4318714.693, 110
Trd, 4318715.843, 121
Trd, 4318716.343, 109
Trd, 4318716.443, 101
Trd, 4318717.393, 108
Trd, 4318717.943, 110
Trd, 4318718.143, 116
Trd, 4318719.093, 132
Trd, 4318720.143, 79
Trd, 4318720.193, 81
Trd, 4318720.593, 110
Trd, 4318720.993, 94
Trd, 4318721.393, 132
Trd, 4318722.393, 103
Trd, 4318723.293, 123
Trd, 4318723.493, 95
Trd, 4318724.393, 101
Trd, 4318726.493, 130
Trd, 4318727.743, 106
Trd, 4318728.293, 102
Trd, 4318728.343, 99
Trd, 4318728.743, 80
Trd, 4318729.593, 90
Trd, 4318730.043, 70
Trd, 4318731.543, 111
Trd, 4318731.993, 104
Trd, 4318732.893, 132
Trd, 4318733.243, 128
Trd, 4318733.843, 140
Trd, 4318734.993, 120
Trd, 4318736.293, 118
Trd, 4318736.443, 103
Trd, 4318736.993, 102
Trd, 4318737.943, 105
Trd, 4318739.293, 97
Trd, 4318739.493, 111
Trd, 4318740.293, 87
Trd, 4318741.543, 113
Trd, 4318742.493, 131
Trd, 4318742.593, 126
Trd, 4318742.793, 122
Trd, 4318743.043, 106
Trd, 4318743.243, 104
Trd, 4318743.493, 104
Trd, 4318744.293, 93
Trd, 4318744.743, 131
Trd, 4318744.993, 80
Trd, 4318745.193, 72
Trd, 4318746.143, 81
Trd, 4318746.643, 98
Trd, 4318748.143, 125
Trd, 4318748.643, 75
Trd, 4318749.543, 123
Trd, 4318749.593, 90
Trd, 4318750.893, 131
Trd, 4318751.793, 129
Trd, 4318752.693, 140
Trd, 4318753.543, 115
Trd, 4318754.443, 125
Trd, 4318755.343, 91
Trd, 4318755.693, 113
Trd, 4318756.343, 133
Trd, 4318756.443, 133
Trd, 4318756.993, 104
Trd, 4318757.243, 94
Trd, 4318757.893, 117
Trd, 4318758.443, 109
Trd, 4318760.293, 137
Trd, 4318760.643, 118
Trd, 4318760.793, 113
Trd, 4318761.593, 78
Trd, 4318761.643, 135
Trd, 4318762.343, 71
Trd, 4318763.393, 121
Trd, 4318764.593, 134
Trd, 4318765.543, 90
Trd, 4318765.693, 89
Trd, 4318766.393, 105
Trd, 4318766.593, 85
Trd, 4318767.993, 93
Trd, 4318768.043, 95
Trd, 4318768.993, 95
Trd, 4318769.493, 93
Trd, 4318769.693, 119
Trd, 4318770.743, 103
Trd, 4318772.393, 131
Trd, 4318772.743, 121
Trd, 4318773.943, 116
Trd, 4318774.693, 108
Trd, 4318775.193, 96
Trd, 4318775.893, 108
Trd, 4318776.643, 109
Trd, 4318776.893, 90
Trd, 4318777.943, 130
Trd, 4318778.743, 120
Trd, 4318778.793, 117
Trd, 4318779.143, 129
Trd, 4318780.593, 104
Trd, 4318782.093, 126
Trd, 4318782.293, 117
Trd, 4318782.793, 132
Trd, 4318783.543, 138
Trd, 4318784.643, 103
Trd, 4318784.993, 101
Trd, 4318786.743, 125
Trd, 4318787.743, 95
Trd, 4318788.343, 88
Trd, 4318789.293, 130
Trd, 4318789.543, 97
Trd, 4318789.993, 111
Trd, 4318791.793, 124
Trd, 4318792.193, 118
Trd, 4318792.243, 130
Trd, 4318792.843, 98
Trd, 4318793.593, 65
Trd, 4318794.043, 113
Trd, 4318794.593, 110
Trd, 4318795.393, 86
Trd, 4318796.043, 114
Trd, 4318796.393, 77
Trd, 4318797.043, 128
Trd, 4318798.643, 140
Trd, 4318798.893, 122
Trd, 4318800.143, 126
Trd, 4318800.493, 122
Trd, 4318801.493, 135
Trd, 4318802.993, 124
Trd, 4318803.993, 130
Trd, 4318805.243, 136
Trd, 4318805.893, 139
Trd, 4318805.993, 131
Trd, 4318806.493, 108
Trd, 4318806.743, 124
Trd, 4318807.643, 81
Trd, 4318808.843, 140
Trd, 4318810.043, 113
Trd, 4318810.343, 134
Trd, 4318810.393, 110
Trd, 4318811.393, 140
Trd, 4318811.593, 130
Trd, 4318812.143, 129
Trd, 4318812.543, 135
Trd, 4318812.693, 122
Trd, 4318813.243, 99
Trd, 4318814.443, 96
Trd, 4318816.343, 105
Trd, 4318816.843, 117
Trd, 4318817.293, 126
Trd, 4318817.493, 120
Trd, 4318817.793, 129
Trd, 4318818.793, 125
Trd, 4318818.893, 111
Trd, 4318819.093, 100
Trd, 4318819.943, 98
Trd, 4318820.493, 115
Trd, 4318821.793, 93
Trd, 4318822.643, 119
Trd, 4318823.693, 135
Trd, 4318823.793, 130
Trd, 4318823.893, 139
Trd, 4318824.493, 123
Trd, 4318824.693, 107
Trd, 4318825.443, 133
Trd, 4318825.593, 99
Trd, 4318826.143, 76
Trd, 4318828.043, 134
Trd, 4318828.093, 130
Trd, 4318829.593, 140
Trd, 4318829.693, 126
Trd, 4318830.543, 124
Trd, 4318830.693, 116
Trd, 4318831.243, 82
Trd, 4318831.693, 120
Trd, 4318833.143, 81
Trd, 4318833.543, 94
Trd, 4318833.943, 69
Trd, 4318834.493, 114
Trd, 4318835.793, 99
Trd, 4318836.343, 137
Trd, 4318836.393, 135
Trd, 4318836.893, 128
Trd, 4318837.143, 102
Trd, 4318839.093, 89
Trd, 4318839.693, 88
Trd, 4318840.093, 101
Trd, 4318840.243, 92
Trd, 4318841.893, 124
Trd, 4318842.243, 119
Trd, 4318842.543, 138
Trd, 4318842.993, 133
Trd, 4318843.243, 126
Trd, 4318844.993, 63
Trd, 4318845.843, 62
Trd, 4318846.343, 79
Trd, 4318848.293, 121
Trd, 4318848.443, 113
Trd, 4318848.643, 130
Trd, 4318849.093, 103
Trd, 4318849.943, 112
Trd, 4318850.193, 78
Trd, 4318851.443, 132
Trd, 4318852.693, 121
Trd, 4318853.343, 130
Trd, 4318854.993, 134
Trd, 4318855.143, 130
Trd, 4318855.193, 129
Trd, 4318856.943, 131
Trd, 4318857.043, 119
Trd, 4318857.243, 108
Trd, 4318858.893, 110
Trd, 4318859.093, 104
Trd, 4318859.993, 132
Trd, 4318861.893, 134
Trd, 4318861.993, 125
Trd, 4318862.093, 139
Trd, 4318863.093, 127
Trd, 4318863.293, 128
Trd, 4318864.593, 131
Trd, 4318866.193, 103
Trd, 4318868.093, 136
Trd, 4318868.493, 120
Trd, 4318869.043, 110
Trd, 4318870.343, 138
Trd, 4318871.543, 126
Trd, 4318872.393, 99
Trd, 4318872.693, 93
Trd, 4318873.143, 121
Trd, 4318874.593, 81
Trd, 4318874.993, 90
Trd, 4318876.393, 135
Trd, 4318876.643, 132
Trd, 4318876.693, 127
Trd, 4318877.643, 128
Trd, 4318877.843, 118
Trd, 4318879.493, 125
Trd, 4318880.393, 112
Trd, 4318882.843, 137
Trd, 4318882.893, 134
Trd, 4318883.443, 114
Trd, 4318883.543, 112
Trd, 4318884.643, 78
Trd, 4318886.043, 129
Trd, 4318886.093, 117
Trd, 4318886.543, 130
Trd, 4318887.043, 105
Trd, 4318887.243, 110
Trd, 4318888.043, 133
Trd, 4318888.343, 115
Trd, 4318888.743, 114
Trd, 4318889.743, 70
Trd, 4318890.793, 111
Trd, 4318891.393, 115
Trd, 4318892.593, 117
Trd, 4318893.843, 125
Trd, 4318893.893, 123
Trd, 4318894.193, 115
Trd, 4318894.743, 89
Trd, 4318897.093, 90
Trd, 4318897.893, 134
Trd, 4318898.143, 96
Trd, 4318898.793, 102
Trd, 4318899.643, 92
Trd, 4318901.193, 113
Trd, 4318901.893, 113
Trd, 4318902.543, 117
Trd, 4318902.593, 118
Trd, 4318903.543, 134
Trd, 4318904.593, 131
Trd, 4318906.143, 128
Trd, 4318906.493, 119
Trd, 4318906.943, 139
Trd, 4318907.043, 102
Trd, 4318907.193, 99
Trd, 4318908.343, 106
Trd, 4318908.543, 130
Trd, 4318909.443, 135
Trd, 4318909.593, 121
Trd, 4318910.343, 118
Trd, 4318911.393, 122
Trd, 4318911.993, 115
Trd, 4318912.793, 87
Trd, 4318913.443, 120
Trd, 4318914.043, 72
Trd, 4318914.443, 71
Trd, 4318914.493, 91
Trd, 4318916.293, 93
Trd, 4318918.043, 134
Trd, 4318919.443, 93
Trd, 4318919.493, 111
Trd, 4318919.643, 90
Trd, 4318920.343, 90
Trd, 4318920.393, 88
Trd, 4318920.943, 96
Trd, 4318921.993, 73
Trd, 4318924.843, 139
Trd, 4318925.543, 125
Trd, 4318926.143, 108
Trd, 4318927.243, 119
Trd, 4318928.243, 127
Trd, 4318928.693, 119
Trd, 4318929.443, 107
Trd, 4318930.043, 128
Trd, 4318930.893, 140
Trd, 4318931.193, 117
Trd, 4318931.393, 107
Trd, 4318933.693, 139
Trd, 4318933.743, 134
Trd, 4318933.943, 110
Trd, 4318935.143, 131
Trd, 4318935.343, 82
Trd, 4318935.743, 136
Trd, 4318936.793, 127
Trd, 4318937.193, 139
Trd, 4318938.043, 120
Trd, 4318938.993, 72
Trd, 4318940.243, 130
Trd, 4318942.143, 70
Trd, 4318942.943, 102
Trd, 4318943.193, 81
Trd, 4318944.043, 136
Trd, 4318944.093, 135
Trd, 4318944.343, 120
Trd, 4318946.393, 83
Trd, 4318946.743, 93
Trd, 4318946.843, 62
Trd, 4318947.393, 104
Trd, 4318950.243, 126
Trd, 4318950.593, 121
Trd, 4318950.743, 131
Trd, 4318952.243, 131
Trd, 4318952.843, 138
Trd, 4318953.093, 139
Trd, 4318953.193, 138
Trd, 4318955.993, 138
Trd, 4318956.993, 120
Trd, 4318957.843, 136
Trd, 4318958.793, 139
Trd, 4318959.443, 134
Trd, 4318959.493, 127
Trd, 4318960.193, 131
Trd, 4318960.293, 131
Trd, 4318961.243, 138
Trd, 4318961.793, 108
Trd, 4318962.293, 93
Trd, 4318962.793, 125
Trd, 4318963.393, 105
Trd, 4318964.093, 131
Trd, 4318965.593, 89
Trd, 4318966.343, 134
Trd, 4318966.893, 135
Trd, 4318967.643, 126
Trd, 4318968.793, 114
Trd, 4318969.593, 125
Trd, 4318970.793, 129
Trd, 4318971.443, 115
Trd, 4318972.243, 121
Trd, 4318972.993, 126
Trd, 4318973.293, 111
Trd, 4318973.743, 135
Trd, 4318973.793, 126
Trd, 4318976.093, 139
Trd, 4318976.243, 135
Trd, 4318976.543, 129
Trd, 4318977.043, 124
Trd, 4318977.443, 137
Trd, 4318977.843, 88
Trd, 4318978.243, 83
Trd, 4318978.993, 135
Trd, 4318979.393, 74
Trd, 4318980.643, 121
Trd, 4318981.093, 99
Trd, 4318982.493, 134
Trd, 4318983.693, 132
Trd, 4318984.193, 127
Trd, 4318984.543, 114
Trd, 4318985.143, 133
Trd, 4318985.343, 126
Trd, 4318985.593, 103
Trd, 4318986.143, 85
Trd, 4318987.143, 79
Trd, 4318987.543, 79
Trd, 4318988.893, 122
Trd, 4318989.043, 118
Trd, 4318990.093, 120
Trd, 4318991.793, 130
Trd, 4318991.843, 117
Trd, 4318992.043, 107
Trd, 4318992.393, 106
Trd, 4318992.943, 97
Trd, 4318992.993, 91
Trd, 4318994.943, 126
Trd, 4318996.343, 116
Trd, 4318996.993, 97
Trd, 4318997.293, 124
Trd, 4318997.793, 96
Trd, 4318998.393, 114
Trd, 4318998.543, 88
Trd, 4319001.843, 136
Trd, 4319002.493, 125
Trd, 4319003.093, 123
Trd, 4319003.693, 131
Trd, 4319003.893, 125
Trd, 4319004.843, 140
Trd, 4319005.943, 133
Trd, 4319006.743, 113
Trd, 4319006.843, 98
Trd, 4319007.143, 131
Trd, 4319007.843, 130
Trd, 4319007.993, 121
Trd, 4319010.943, 129
Trd, 4319011.343, 123
Trd, 4319011.743, 139
Trd, 4319012.693, 118
Trd, 4319012.993, 112
Trd, 4319013.143, 93
Trd, 4319014.343, 138
Trd, 4319014.993, 121
Trd, 4319015.693, 82
Trd, 4319015.943, 81
Trd, 4319016.643, 115
Trd, 4319018.343, 117
Trd, 4319018.743, 96
Trd, 4319019.443, 92
Trd, 4319020.293, 124
Trd, 4319021.193, 113
Trd, 4319021.593, 107
Trd, 4319021.893, 127
Trd, 4319023.543, 136
Trd, 4319023.843, 135
Trd, 4319023.943, 126
Trd, 4319024.943, 92
Trd, 4319025.643, 112
Trd, 4319027.093, 102
Trd, 4319028.643, 122
Trd, 4319029.143, 140
Trd, 4319030.493, 122
Trd, 4319031.043, 117
Trd, 4319031.693, 108
Trd, 4319032.043, 110
Trd, 4319033.893, 124
Trd, 4319033.943, 119
Trd, 4319035.143, 140
Trd, 4319035.643, 127
Trd, 4319036.293, 130
Trd, 4319036.993, 131
Trd, 4319038.393, 132
Trd, 4319038.693, 124
Trd, 4319040.443, 129
Trd, 4319040.493, 107
Trd, 4319040.643, 104
Trd, 4319041.043, 75
Trd, 4319042.843, 137
Trd, 4319043.543, 122
Trd, 4319043.643, 119
Trd, 4319045.043, 114
Trd, 4319045.643, 134
Trd, 4319046.143, 103
Trd, 4319046.243, 103
Trd, 4319046.493, 97
Trd, 4319047.043, 116
Trd, 4319048.493, 102
Trd, 4319049.243, 114
Trd, 4319050.293, 96
Trd, 4319051.893, 139
Trd, 4319051.993, 133
Trd, 4319052.343, 121
Trd, 4319053.593, 127
Trd, 4319053.993, 138
Trd, 4319055.043, 118
Trd, 4319056.843, 138
Trd, 4319057.493, 138
Trd, 4319058.043, 133
Trd, 4319059.443, 133
Trd, 4319059.793, 131
Trd, 4319060.343, 124
Trd, 4319060.893, 140
Trd, 4319060.993, 119
Trd, 4319061.143, 115
Trd, 4319062.443, 111
Trd, 4319062.593, 84
Trd, 4319062.693, 135
Trd, 4319062.943, 82
Trd, 4319063.943, 78
Trd, 4319064.293, 66
Trd, 4319064.793, 94
Trd, 4319066.143, 77
Trd, 4319067.943, 107
Trd, 4319069.143, 74
Trd, 4319069.543, 119
Trd, 4319069.943, 91
Trd, 4319070.343, 82
Trd, 4319070.793, 140
Trd, 4319070.843, 127
Trd, 4319072.643, 136
Trd, 4319073.243, 134
Trd, 4319074.443, 132
Trd, 4319074.743, 97
Trd, 4319075.443, 126
Trd, 4319075.893, 121
Trd, 4319077.643, 107
Trd, 4319078.043, 133
Trd, 4319079.193, 114
Trd, 4319079.393, 109
Trd, 4319079.493, 99
Trd, 4319079.643, 72
Trd, 4319080.143, 135
Trd, 4319081.143, 91
Trd, 4319082.593, 133
Trd, 4319082.693, 124
Trd, 4319083.443, 140
Trd, 4319083.843, 111
Trd, 4319084.893, 101
Trd, 4319086.143, 114
Trd, 4319087.393, 90
Trd, 4319087.893, 128
Trd, 4319088.993, 129
Trd, 4319089.143, 121
Trd, 4319089.543, 129
Trd, 4319089.593, 84
Trd, 4319090.793, 137
Trd, 4319091.943, 110
Trd, 4319093.193, 118
Trd, 4319093.693, 110
Trd, 4319093.993, 134
Trd, 4319094.593, 99
Trd, 4319096.293, 125
Trd, 4319096.493, 121
Trd, 4319096.643, 120
Trd, 4319098.293, 140
Trd, 4319098.443, 138
Trd, 4319098.693, 123
Trd, 4319100.543, 76
Trd, 4319100.993, 109
Trd, 4319102.393, 138
Trd, 4319103.443, 137
Trd, 4319103.993, 128
Trd, 4319104.243, 121
Trd, 4319106.093, 126
Trd, 4319106.743, 128
Trd, 4319107.943, 120
Trd, 4319108.293, 109
Trd, 4319108.943, 131
Trd, 4319108.993, 119
Trd, 4319109.543, 95
Trd, 4319110.193, 66
Trd, 4319110.493, 77
Trd, 4319111.043, 75
Trd, 4319112.093, 135
Trd, 4319113.043, 120
Trd, 4319115.593, 126
Trd, 4319115.743, 139
Trd, 4319116.393, 135
Trd, 4319116.743, 103
Trd, 4319117.593, 70
Trd, 4319117.993, 98
Trd, 4319118.293, 82
Trd, 4319121.793, 133
Trd, 4319122.393, 128
Trd, 4319123.093, 114
Trd, 4319123.243, 113
Trd, 4319123.543, 114
Trd, 4319124.143, 102
Trd, 4319124.843, 125
Trd, 4319124.943, 97
Trd, 4319125.293, 130
Trd, 4319125.893, 111
Trd, 4319126.843, 93
Trd, 4319127.243, 129
Trd, 4319127.293, 91
Trd, 4319128.093, 124
Trd, 4319129.193, 122
Trd, 4319129.243, 118
Trd, 4319130.193, 66
Trd, 4319131.143, 102
Trd, 4319131.743, 87
Trd, 4319132.243, 103
Trd, 4319133.843, 85
Trd, 4319134.243, 125
Trd, 4319135.593, 88
Trd, 4319135.743, 89
Trd, 4319136.793, 68
Trd, 4319138.993, 127
Trd, 4319139.043, 119
Trd, 4319139.343, 103
Trd, 4319140.343, 122
Trd, 4319140.543, 123
Trd, 4319141.893, 75
Trd, 4319143.093, 112
Trd, 4319143.293, 98
Trd, 4319143.593, 126
Trd, 4319143.893, 135
Trd, 4319144.393, 118
Trd, 4319145.393, 111
Trd, 4319145.593, 96
Trd, 4319146.343, 125
Trd, 4319147.193, 79
Trd, 4319147.643, 76
Trd, 4319148.193, 130
Trd, 4319149.393, 124
Trd, 4319149.693, 116
Trd, 4319151.993, 107
Trd, 4319152.143, 126
Trd, 4319153.443, 134
Trd, 4319153.993, 126
Trd, 4319154.193, 129
Trd, 4319154.943, 137
Trd, 4319155.293, 119
Trd, 4319155.793, 132
Trd, 4319156.893, 140
Trd, 4319157.393, 128
Trd, 4319157.593, 102
Trd, 4319158.793, 132
Trd, 4319159.693, 126
Trd, 4319160.393, 115
Trd, 4319161.043, 111
Trd, 4319161.443, 108
Trd, 4319161.693, 108
Trd, 4319163.293, 67
Trd, 4319163.743, 114
Trd, 4319163.993, 137
Trd, 4319164.993, 113
Trd, 4319165.193, 106
Trd, 4319167.693, 115
Trd, 4319168.043, 112
Trd, 4319168.243, 105
Trd, 4319168.893, 89
Trd, 4319170.993, 136
Trd, 4319172.143, 121
Trd, 4319172.843, 120
Trd, 4319172.893, 118
Trd, 4319173.193, 132
Trd, 4319173.393, 114
Trd, 4319173.693, 105
Trd, 4319173.893, 86
Trd, 4319176.343, 117
Trd, 4319176.393, 114
Trd, 4319178.143, 137
Trd, 4319179.093, 136
Trd, 4319179.893, 127
Trd, 4319180.693, 108
Trd, 4319180.993, 107
Trd, 4319181.643, 133
Trd, 4319182.593, 119
Trd, 4319183.093, 132
Trd, 4319184.093, 102
Trd, 4319184.893, 99
Trd, 4319185.093, 96
Trd, 4319187.693, 129
Trd, 4319187.843, 128
Trd, 4319188.443, 113
Trd, 4319189.793, 139
Trd, 4319190.093, 106
Trd, 4319190.593, 113
Trd, 4319190.843, 97
Trd, 4319191.443, 87
Trd, 4319191.593, 123
Trd, 4319191.843, 79
Trd, 4319192.993, 66
Trd, 4319195.093, 133
Trd, 4319195.243, 85
Trd, 4319195.293, 82
Trd, 4319195.543, 94
Trd, 4319195.943, 136
Trd, 4319196.893, 106
Trd, 4319199.343, 139
Trd, 4319199.693, 134
Trd, 4319200.143, 122
Trd, 4319200.693, 128
Trd, 4319200.793, 108
Trd, 4319201.593, 86
Trd, 4319203.493, 105
Trd, 4319203.693, 101
Trd, 4319203.943, 120
Trd, 4319204.043, 128
Trd, 4319205.593, 97
Trd, 4319206.543, 107
Trd, 4319207.143, 114
Trd, 4319207.593, 107
Trd, 4319208.493, 117
Trd, 4319208.743, 134
Trd, 4319209.043, 127
Trd, 4319209.343, 117
Trd, 4319209.593, 132
Trd, 4319210.393, 128
Trd, 4319213.243, 128
Trd, 4319213.493, 131
Trd, 4319213.593, 127
Trd, 4319213.693, 117
Trd, 4319213.843, 69
Trd, 4319214.843, 134
Trd, 4319215.193, 88
Trd, 4319216.843, 95
Trd, 4319217.743, 129
Trd, 4319217.793, 107
Trd, 4319218.693, 136
Trd, 4319218.993, 100
Trd, 4319219.643, 97
Trd, 4319219.793, 105
Trd, 4319220.693, 140
Trd, 4319220.793, 114
Trd, 4319220.943, 111
Trd, 4319221.693, 81
Trd, 4319223.143, 123
Trd, 4319225.093, 133
Trd, 4319225.843, 133
Trd, 4319225.893, 123
Trd, 4319226.543, 111
Trd, 4319227.043, 89
Trd, 4319227.143, 114
Trd, 4319227.493, 136
Trd, 4319229.843, 112
Trd, 4319230.193, 117
Trd, 4319231.693, 123
Trd, 4319232.393, 109
Trd, 4319233.443, 117
Trd, 4319234.043, 135
Trd, 4319235.093, 135
Trd, 4319235.543, 125
Trd, 4319236.793, 111
Trd, 4319239.693, 137
Trd, 4319239.993, 132
Trd, 4319240.093, 124
Trd, 4319240.343, 138
Trd, 4319240.993, 138
Trd, 4319242.543, 140
Trd, 4319242.643, 115
Trd, 4319242.743, 106
Trd, 4319244.543, 123
Trd, 4319244.993, 129
Trd, 4319245.093, 114
Trd, 4319245.293, 108
Trd, 4319245.843, 111
Trd, 4319247.393, 130
Trd, 4319247.493, 91
Trd, 4319248.543, 135
Trd, 4319249.293, 98
Trd, 4319250.443, 138
Trd, 4319252.043, 100
Trd, 4319252.493, 124
Trd, 4319253.993, 131
Trd, 4319254.493, 131
Trd, 4319254.643, 123
Trd, 4319254.743, 122
Trd, 4319254.943, 105
Trd, 4319255.493, 86
Trd, 4319255.643, 103
Trd, 4319257.943, 129
Trd, 4319258.493, 71
Trd, 4319259.543, 136
Trd, 4319260.193, 135
Trd, 4319260.493, 128
Trd, 4319260.893, 127
Trd, 4319261.143, 105
Trd, 4319261.593, 103
Trd, 4319262.093, 136
Trd, 4319262.893, 111
Trd, 4319263.943, 104
Trd, 4319264.193, 99
Trd, 4319264.593, 66
Trd, 4319265.393, 137
Trd, 4319265.693, 138
Trd, 4319265.893, 85
Trd, 4319266.993, 101
Trd, 4319267.093, 107
Trd, 4319268.293, 77
Trd, 4319270.043, 134
Trd, 4319270.443, 124
Trd, 4319270.643, 122
Trd, 4319270.943, 119
Trd, 4319271.543, 106
Trd, 4319272.493, 134
Trd, 4319273.593, 137
Trd, 4319273.793, 126
Trd, 4319274.243, 112
Trd, 4319274.743, 89
Trd, 4319275.493, 134
Trd, 4319275.593, 87
Trd, 4319276.343, 115
Trd, 4319276.593, 73
Trd, 4319277.443, 76
Trd, 4319277.693, 124
Trd, 4319279.293, 105
Trd, 4319279.893, 95
Trd, 4319280.293, 103
Trd, 4319280.643, 103
Trd, 4319281.693, 113
Trd, 4319282.343, 96
Trd, 4319283.493, 120
Trd, 4319285.243, 140
Trd, 4319285.543, 130
Trd, 4319285.893, 110
Trd, 4319286.743, 109
Trd, 4319286.793, 126
Trd, 4319286.843, 101
Trd, 4319287.643, 124
Trd, 4319289.143, 124
Trd, 4319289.293, 119
Trd, 4319289.493, 109
Trd, 4319289.693, 107
Trd, 4319290.893, 137
Trd, 4319291.693, 140
Trd, 4319295.043, 133
Trd, 4319295.143, 126
Trd, 4319295.193, 121
Trd, 4319295.443, 116
Trd, 4319295.643, 109
Trd, 4319297.243, 139
Trd, 4319297.393, 127
Trd, 4319297.943, 109
Trd, 4319298.643, 122
Trd, 4319298.843, 117
Trd, 4319299.543, 109
Trd, 4319300.793, 128
Trd, 4319301.043, 112
Trd, 4319301.743, 130
Trd, 4319303.643, 113
Trd, 4319303.993, 138
Trd, 4319305.543, 134
Trd, 4319306.693, 125
Trd, 4319307.193, 130
Trd, 4319307.643, 111
Trd, 4319308.243, 97
Trd, 4319308.293, 91
Trd, 4319308.793, 126
Trd, 4319310.493, 136
Trd, 4319310.943, 109
Trd, 4319311.693, 104
Trd, 4319311.743, 90
Trd, 4319312.543, 92
Trd, 4319314.043, 138
Trd, 4319314.493, 137
Trd, 4319315.443, 130
Trd, 4319315.943, 134
Trd, 4319316.393, 122
Trd, 4319317.293, 136
Trd, 4319318.193, 131
Trd, 4319319.743, 111
Trd, 4319320.943, 130
Trd, 4319321.093, 119
Trd, 4319321.693, 110
Trd, 4319322.443, 137
Trd, 4319324.193, 121
Trd, 4319324.443, 128
Trd, 4319324.493, 113
Trd, 4319325.243, 137
Trd, 4319326.543, 128
Trd, 4319326.643, 124
Trd, 4319327.093, 110
Trd, 4319328.493, 121
Trd, 4319329.293, 113
Trd, 4319329.743, 100
Trd, 4319330.243, 88
Trd, 4319331.743, 139
Trd, 4319333.643, 129
Trd, 4319333.693, 134
Trd, 4319333.843, 115
Trd, 4319335.043, 110
Trd, 4319336.043, 106
Trd, 4319336.093, 103
Trd, 4319336.293, 121
Trd, 4319337.193, 134
Trd, 4319337.843, 99
Trd, 4319338.693, 135
Trd, 4319338.793, 131
Trd, 4319340.543, 89
Trd, 4319341.143, 107
Trd, 4319341.593, 97
Trd, 4319342.443, 123
Trd, 4319342.643, 118
Trd, 4319343.143, 111
Trd, 4319343.943, 130
Trd, 4319344.493, 92
Trd, 4319345.593, 105
Trd, 4319345.993, 111
Trd, 4319347.643, 100
Trd, 4319348.443, 89
Trd, 4319348.793, 108
Trd, 4319349.093, 86
Trd, 4319350.043, 96
Trd, 4319350.193, 127
Trd, 4319351.943, 137
Trd, 4319352.693, 134
Trd, 4319353.393, 121
Trd, 4319353.843, 118
Trd, 4319353.993, 120
Trd, 4319354.443, 137
Trd, 4319354.943, 122
Trd, 4319355.993, 95
Trd, 4319356.293, 107
Trd, 4319356.893, 96
Trd, 4319358.343, 138
Trd, 4319360.093, 110
Trd, 4319360.693, 101
Trd, 4319360.993, 129
Trd, 4319361.093, 95
Trd, 4319362.643, 90
Trd, 4319362.693, 87
Trd, 4319363.793, 108
Trd, 4319365.343, 91
Trd, 4319366.043, 129
Trd, 4319366.293, 121
Trd, 4319367.443, 84
Trd, 4319367.543, 111
Trd, 4319367.693, 80
Trd, 4319367.793, 76
Trd, 4319369.193, 101
Trd, 4319369.793, 69
Trd, 4319370.593, 99
Trd, 4319371.643, 98
Trd, 4319372.393, 109
Trd, 4319373.593, 110
Trd, 4319374.343, 109
Trd, 4319374.743, 119
Trd, 4319375.543, 125
Trd, 4319375.693, 106
Trd, 4319375.793, 76
Trd, 4319376.243, 133
Trd, 4319377.393, 80
Trd, 4319378.943, 95
Trd, 4319379.393, 115
Trd, 4319379.843, 139
Trd, 4319379.943, 137
Trd, 4319381.893, 88
Trd, 4319382.093, 84
Trd, 4319383.993, 132
Trd, 4319384.143, 126
Trd, 4319384.743, 120
Trd, 4319385.943, 139
Trd, 4319386.143, 134
Trd, 4319386.293, 131
Trd, 4319387.993, 134
Trd, 4319388.243, 135
Trd, 4319388.293, 123
Trd, 4319388.493, 116
Trd, 4319389.893, 132
Trd, 4319390.643, 122
Trd, 4319392.743, 105
Trd, 4319392.843, 135
Trd, 4319393.743, 125
Trd, 4319394.293, 123
Trd, 4319395.193, 114
Trd, 4319396.193, 116
Trd, 4319396.843, 111
Trd, 4319397.543, 123
Trd, 4319398.093, 108
Trd, 4319400.193, 129
Trd, 4319400.493, 121
Trd, 4319400.843, 112
Trd, 4319401.793, 124
Trd, 4319402.643, 109
Trd, 4319403.143, 103
Trd, 4319403.393, 99
Trd, 4319404.093, 118
Trd, 4319404.193, 97
Trd, 4319404.893, 62
Trd, 4319405.893, 66
Trd, 4319406.243, 102
Trd, 4319407.093, 112
Trd, 4319407.393, 112
Trd, 4319407.993, 127
Trd, 4319409.043, 96
Trd, 4319410.193, 134
Trd, 4319410.593, 123
Trd, 4319411.143, 139
Trd, 4319412.743, 140
Trd, 4319412.843, 134
Trd, 4319413.193, 117
Trd, 4319414.193, 123
Trd, 4319414.393, 106
Trd, 4319415.193, 63
Trd, 4319415.343, 104
Trd, 4319416.393, 119
Trd, 4319416.843, 121
Trd, 4319417.143, 71
Trd, 4319418.793, 119
Trd, 4319419.543, 111
Trd, 4319420.143, 118
Trd, 4319420.593, 116
Trd, 4319420.843, 116
Trd, 4319420.893, 99
Trd, 4319421.793, 82
Trd, 4319422.093, 78
Trd, 4319423.743, 125
Trd, 4319424.193, 138
Trd, 4319425.443, 122
Trd, 4319425.493, 97
Trd, 4319426.793, 119
Trd, 4319427.893, 138
Trd, 4319429.293, 132
Trd, 4319429.893, 99
Trd, 4319430.643, 94
Trd, 4319431.743, 107
Trd, 4319432.043, 105
Trd, 4319432.393, 90
Trd, 4319432.493, 134
Trd, 4319433.043, 95
Trd, 4319433.993, 131
Trd, 4319435.043, 96
Trd, 4319437.493, 134
Trd, 4319437.943, 103
Trd, 4319438.643, 85
Trd, 4319439.193, 108
Trd, 4319439.343, 120
Trd, 4319439.993, 138
Trd, 4319440.043, 101
Trd, 4319441.293, 116
Trd, 4319441.893, 83
Trd, 4319442.743, 115
Trd, 4319443.343, 127
Trd, 4319444.293, 137
Trd, 4319444.893, 132
Trd, 4319446.243, 117
Trd, 4319447.043, 128
Trd, 4319448.143, 95
Trd, 4319449.093, 109
Trd, 4319449.593, 97
Trd, 4319450.293, 132
Trd, 4319450.443, 110
Trd, 4319452.543, 138
Trd, 4319454.293, 139
Trd, 4319454.443, 131
Trd, 4319455.093, 129
Trd, 4319455.193, 126
Trd, 4319455.243, 125
Trd, 4319455.643, 122
Trd, 4319456.143, 125
Trd, 4319457.143, 86
Trd, 4319458.693, 83
Trd, 4319459.443, 128
Trd, 4319459.743, 87
Trd, 4319460.193, 97
Trd, 4319460.493, 130
Trd, 4319460.543, 75
Trd, 4319461.393, 111
Trd, 4319462.243, 92
Trd, 4319462.343, 80
Trd, 4319463.043, 117
Trd, 4319463.493, 115
Trd, 4319463.543, 111
Trd, 4319464.493, 78
Trd, 4319465.143, 102
Trd, 4319468.093, 92
Trd, 4319468.443, 110
Trd, 4319468.493, 107
Trd, 4319468.793, 95
Trd, 4319469.093, 65
Trd, 4319470.743, 94
Trd, 4319471.443, 61
Trd, 4319472.143, 99
Trd, 4319473.043, 72
Trd, 4319474.493, 71
Trd, 4319475.493, 103
Trd, 4319475.543, 68
Trd, 4319476.443, 140
Trd, 4319477.093, 134
Trd, 4319477.293, 125
Trd, 4319477.443, 94
Trd, 4319479.793, 98
Trd, 4319480.443, 103
Trd, 4319481.493, 98
Trd, 4319482.193, 118
Trd, 4319483.243, 135
Trd, 4319483.493, 114
Trd, 4319484.393, 87
Trd, 4319484.893, 73
Trd, 4319485.143, 111
Trd, 4319485.693, 67
Trd, 4319486.193, 131
Trd, 4319486.743, 78
Trd, 4319487.143, 101
Trd, 4319488.443, 94
Trd, 4319489.343, 85
Trd, 4319490.293, 115
Trd, 4319490.943, 114
Trd, 4319491.893, 113
Trd, 4319493.893, 65
Trd, 4319494.593, 61
Trd, 4319494.793, 61
Trd, 4319494.993, 66
Trd, 4319495.693, 117
Trd, 4319498.393, 138
Trd, 4319498.443, 116
Trd, 4319498.743, 114
Trd, 4319499.243, 130
Trd, 4319499.643, 98
Trd, 4319500.043, 115
Trd, 4319501.243, 117
Trd, 4319502.343, 112
Trd, 4319503.193, 124
Trd, 4319503.493, 107
Trd, 4319503.643, 92
Trd, 4319503.793, 104
Trd, 4319504.543, 95
Trd, 4319505.593, 138
Trd, 4319507.443, 134
Trd, 4319508.643, 128
Trd, 4319508.893, 124
Trd, 4319509.193, 121
Trd, 4319509.343, 95
Trd, 4319510.643, 123
Trd, 4319510.743, 121
Trd, 4319511.643, 139
Trd, 4319512.793, 137
Trd, 4319512.943, 103
Trd, 4319514.443, 139
Trd, 4319514.693, 134
Trd, 4319514.793, 117
Trd, 4319515.193, 106
Trd, 4319516.843, 134
Trd, 4319517.643, 140
Trd, 4319518.093, 130
Trd, 4319520.043, 103
Trd, 4319521.343, 102
Trd, 4319521.443, 94
Trd, 4319521.943, 93
Trd, 4319522.243, 70
Trd, 4319523.193, 98
Trd, 4319524.043, 120
Trd, 4319524.843, 136
Trd, 4319524.993, 117
Trd, 4319525.093, 112
Trd, 4319526.443, 106
Trd, 4319526.893, 92
Trd, 4319528.593, 123
Trd, 4319528.993, 118
Trd, 4319529.643, 127
Trd, 4319530.193, 119
Trd, 4319531.143, 131
Trd, 4319531.293, 122
Trd, 4319531.443, 118
Trd, 4319532.493, 106
Trd, 4319533.693, 128
Trd, 4319533.893, 92
Trd, 4319534.143, 89
Trd, 4319534.843, 79
Trd, 4319535.243, 137
Trd, 4319536.643, 121
Trd, 4319536.693, 117
Trd, 4319538.293, 133
Trd, 4319539.293, 132
Trd, 4319539.493, 132
Trd, 4319540.243, 109
Trd, 4319540.293, 81
Trd, 4319541.043, 106
Trd, 4319543.243, 139
Trd, 4319543.843, 135
Trd, 4319544.993, 135
Trd, 4319547.543, 131
Trd, 4319547.593, 128
Trd, 4319547.743, 119
Trd, 4319547.893, 114
Trd, 4319548.243, 118
Trd, 4319548.943, 99
Trd, 4319549.543, 132
Trd, 4319550.193, 73
Trd, 4319550.293, 137
Trd, 4319550.893, 71
Trd, 4319551.043, 82
Trd, 4319552.743, 129
Trd, 4319553.793, 121
Trd, 4319554.743, 116
Trd, 4319555.593, 135
Trd, 4319556.893, 134
Trd, 4319557.093, 131
Trd, 4319557.243, 95
Trd, 4319558.243, 128
Trd, 4319559.243, 124
Trd, 4319559.943, 116
Trd, 4319560.693, 81
Trd, 4319561.793, 111
Trd, 4319563.543, 129
Trd, 4319563.843, 118
Trd, 4319564.143, 92
Trd, 4319564.743, 136
Trd, 4319565.843, 136
Trd, 4319565.893, 87
Trd, 4319567.143, 123
Trd, 4319567.293, 126
Trd, 4319568.493, 119
Trd, 4319569.443, 118
Trd, 4319570.243, 125
Trd, 4319570.293, 110
Trd, 4319571.643, 135
Trd, 4319571.993, 89
Trd, 4319573.343, 72
Trd, 4319573.543, 96
Trd, 4319574.093, 66
Trd, 4319575.193, 140
Trd, 4319575.643, 131
Trd, 4319575.743, 126
Trd, 4319575.893, 123
Trd, 4319576.943, 108
Trd, 4319578.443, 95
Trd, 4319579.243, 85
Trd, 4319580.843, 137
Trd, 4319580.993, 128
Trd, 4319581.193, 110
Trd, 4319581.493, 128
Trd, 4319581.793, 118
Trd, 4319583.693, 121
Trd, 4319584.493, 126
Trd, 4319584.693, 119
Trd, 4319585.093, 121
Trd, 4319585.693, 113
Trd, 4319586.343, 106
Trd, 4319586.643, 96
Trd, 4319587.693, 122
Trd, 4319587.843, 90
Trd, 4319588.143, 88
Trd, 4319589.843, 81
Trd, 4319590.243, 80
Trd, 4319590.643, 98
Trd, 4319591.093, 99
Trd, 4319591.643, 107
Trd, 4319592.843, 129
Trd, 4319594.043, 123
Trd, 4319594.843, 101
Trd, 4319594.993, 93
Trd, 4319595.743, 112
Trd, 4319596.793, 108
Trd, 4319597.443, 88
Trd, 4319598.093, 102
Trd, 4319598.443, 134
Trd, 4319599.493, 66
Trd, 4319599.643, 67
Trd, 4319600.793, 106
Trd, 4319601.243, 139
Trd, 4319601.693, 101
Trd, 4319601.893, 121
Trd, 4319603.343, 125
Trd, 4319604.493, 130
Trd, 4319604.543, 117
Trd, 4319604.843, 113
Trd, 4319607.843, 113
Trd, 4319608.293, 125
Trd, 4319608.943, 123
Trd, 4319609.093, 122
Trd, 4319610.543, 139
Trd, 4319611.343, 125
Trd, 4319611.793, 103
Trd, 4319612.193, 103
Trd, 4319612.343, 108
Trd, 4319615.143, 132
Trd, 4319615.293, 121
Trd, 4319616.043, 118
Trd, 4319616.493, 96
Trd, 4319617.443, 87
Trd, 4319617.643, 84
Trd, 4319617.893, 81
Trd, 4319618.193, 116
Trd, 4319618.493, 131
Trd, 4319619.043, 140
Trd, 4319620.293, 100
Trd, 4319620.593, 79
Trd, 4319621.643, 138
Trd, 4319622.543, 139
Trd, 4319623.093, 85
Trd, 4319623.643, 102
Trd, 4319625.043, 116
Trd, 4319625.143, 105
Trd, 4319626.043, 126
Trd, 4319626.093, 121
Trd, 4319627.543, 139
Trd, 4319628.293, 134
Trd, 4319628.593, 93
Trd, 4319629.943, 62
Trd, 4319630.693, 126
Trd, 4319630.843, 108
Trd, 4319632.343, 130
Trd, 4319632.493, 122
Trd, 4319632.593, 104
Trd, 4319633.193, 119
Trd, 4319633.993, 90
Trd, 4319635.193, 120
Trd, 4319635.243, 116
Trd, 4319635.293, 113
Trd, 4319636.043, 131
Trd, 4319636.993, 124
Trd, 4319637.893, 68
Trd, 4319638.793, 88
Trd, 4319639.243, 75
Trd, 4319640.693, 85
Trd, 4319641.893, 120
Trd, 4319642.393, 83
Trd, 4319643.843, 114
Trd, 4319644.293, 123
Trd, 4319644.393, 118
Trd, 4319645.243, 105
Trd, 4319646.093, 88
Trd, 4319647.593, 129
Trd, 4319649.193, 133
Trd, 4319649.943, 116
Trd, 4319650.193, 124
Trd, 4319650.643, 123
Trd, 4319653.493, 124
Trd, 4319653.643, 122
Trd, 4319653.943, 120
Trd, 4319654.293, 132
Trd, 4319655.043, 105
Trd, 4319655.293, 135
Trd, 4319656.093, 125
Trd, 4319656.343, 120
Trd, 4319656.493, 130
Trd, 4319657.443, 123
Trd, 4319658.893, 77
Trd, 4319659.593, 103
Trd, 4319660.393, 77
Trd, 4319661.393, 102
Trd, 4319661.993, 118
Trd, 4319662.193, 117
Trd, 4319663.393, 109
Trd, 4319664.543, 127
Trd, 4319664.593, 92
Trd, 4319666.043, 129
Trd, 4319666.293, 113
Trd, 4319666.443, 74
Trd, 4319666.643, 112
Trd, 4319668.543, 139
Trd, 4319669.243, 138
Trd, 4319670.043, 134
Trd, 4319670.093, 125
Trd, 4319670.643, 117
Trd, 4319671.693, 112
Trd, 4319671.743, 110
Trd, 4319672.343, 90
Trd, 4319673.343, 127
Trd, 4319673.493, 130
Trd, 4319673.793, 130
Trd, 4319674.393, 120
Trd, 4319674.693, 112
Trd, 4319676.343, 87
Trd, 4319676.593, 67
Trd, 4319676.643, 120
Trd, 4319678.393, 114
Trd, 4319679.543, 140
Trd, 4319679.893, 97
Trd, 4319680.593, 135
Trd, 4319681.393, 117
Trd, 4319682.893, 106
Trd, 4319683.993, 139
Trd, 4319684.893, 135
Trd, 4319685.043, 111
Trd, 4319685.243, 101
Trd, 4319685.293, 83
Trd, 4319686.193, 119
Trd, 4319686.543, 118
Trd, 4319688.893, 126
Trd, 4319688.993, 107
Trd, 4319689.443, 102
Trd, 4319689.943, 97
Trd, 4319690.243, 112
Trd, 4319691.193, 113
Trd, 4319692.993, 126
Trd, 4319694.043, 123
Trd, 4319694.243, 117
Trd, 4319694.293, 115
Trd, 4319694.643, 116
Trd, 4319696.143, 122
Trd, 4319697.043, 124
Trd, 4319697.193, 120
Trd, 4319699.343, 112
Trd, 4319700.543, 108
Trd, 4319702.043, 136
Trd, 4319702.693, 131
Trd, 4319703.043, 128
Trd, 4319703.393, 121
Trd, 4319703.493, 115
Trd, 4319703.993, 120
Trd, 4319704.993, 117
Trd, 4319705.443, 111
Trd, 4319706.043, 109
Trd, 4319706.243, 98
Trd, 4319707.043, 102
Trd, 4319707.393, 99
Trd, 4319707.543, 95
Trd, 4319709.343, 129
Trd, 4319709.943, 111
Trd, 4319710.393, 87
Trd, 4319710.993, 112
Trd, 4319711.093, 109
Trd, 4319711.393, 81
Trd, 4319712.243, 77
Trd, 4319713.893, 134
Trd, 4319713.943, 123
Trd, 4319713.993, 119
Trd, 4319715.793, 127
Trd, 4319715.843, 122
Trd, 4319716.043, 133
Trd, 4319716.393, 137
Trd, 4319717.693, 109
Trd, 4319718.143, 95
Trd, 4319719.093, 103
Trd, 4319720.443, 109
Trd, 4319721.393, 128
Trd, 4319722.693, 101
Trd, 4319722.893, 104
Trd, 4319723.243, 96
Trd, 4319724.543, 122
Trd, 4319725.643, 123
Trd, 4319725.943, 132
Trd, 4319727.393, 133
Trd, 4319727.793, 133
Trd, 4319728.493, 134
Trd, 4319730.643, 127
Trd, 4319730.743, 120
Trd, 4319730.943, 116
Trd, 4319731.743, 140
Trd, 4319731.893, 114
Trd, 4319732.043, 94
Trd, 4319732.293, 120
Trd, 4319734.093, 121
Trd, 4319735.493, 137
Trd, 4319736.543, 121
Trd, 4319737.093, 133
Trd, 4319737.293, 117
Trd, 4319738.343, 136
Trd, 4319739.893, 133
Trd, 4319740.993, 139
Trd, 4319741.843, 132
Trd, 4319741.893, 132
Trd, 4319743.493, 116
Trd, 4319744.093, 108
Trd, 4319745.343, 135
Trd, 4319746.143, 118
Trd, 4319746.343, 125
Trd, 4319746.893, 132
Trd, 4319747.893, 126
Trd, 4319747.993, 123
Trd, 4319748.143, 122
Trd, 4319749.443, 121
Trd, 4319750.143, 139
Trd, 4319750.243, 129
Trd, 4319751.893, 125
Trd, 4319752.243, 117
Trd, 4319753.943, 135
Trd, 4319754.043, 131
Trd, 4319754.393, 135
Trd, 4319755.243, 118
Trd, 4319755.543, 104
Trd, 4319756.193, 101
Trd, 4319757.293, 105
Trd, 4319760.243, 126
Trd, 4319760.543, 118
Trd, 4319761.093, 138
Trd, 4319761.793, 135
Trd, 4319762.143, 110
Trd, 4319762.293, 92
Trd, 4319763.993, 133
Trd, 4319765.943, 135
Trd, 4319765.993, 130
Trd, 4319766.593, 113
Trd, 4319767.343, 123
Trd, 4319768.293, 126
Trd, 4319768.543, 123
Trd, 4319768.643, 118
Trd, 4319769.593, 126
Trd, 4319769.793, 105
Trd, 4319771.293, 67
Trd, 4319771.593, 76
Trd, 4319772.293, 114
Trd, 4319772.843, 106
Trd, 4319773.743, 95
Trd, 4319774.393, 91
Trd, 4319774.843, 106
Trd, 4319775.243, 103
Trd, 4319775.993, 103
Trd, 4319776.543, 99
Trd, 4319776.593, 97
Trd, 4319778.443, 134
Trd, 4319779.043, 120
Trd, 4319779.193, 109
Trd, 4319779.493, 102
Trd, 4319780.343, 96
Trd, 4319780.443, 93
Trd, 4319781.043, 114
Trd, 4319781.343, 101
Trd, 4319781.493, 99
Trd, 4319782.143, 134
Trd, 4319782.893, 60
Trd, 4319784.293, 130
Trd, 4319784.593, 124
Trd, 4319786.393, 105
Trd, 4319786.643, 98
Trd, 4319786.793, 136
Trd, 4319786.943, 131
Trd, 4319788.193, 90
Trd, 4319789.793, 137
Trd, 4319790.643, 132
Trd, 4319790.893, 129
Trd, 4319791.043, 122
Trd, 4319791.743, 124
Trd, 4319793.093, 132
Trd, 4319793.593, 129
Trd, 4319795.593, 128
Trd, 4319795.943, 126
Trd, 4319796.643, 113
Trd, 4319796.743, 104
Trd, 4319797.943, 98
Trd, 4319798.093, 103
Trd, 4319798.293, 134
Trd, 4319799.443, 135
Trd, 4319799.693, 126
Trd, 4319801.443, 127
Trd, 4319802.293, 125
Trd, 4319802.893, 112
Trd, 4319804.693, 105
Trd, 4319804.893, 139
Trd, 4319805.293, 135
Trd, 4319805.993, 126
Trd, 4319806.543, 122
Trd, 4319807.743, 113
Trd, 4319808.593, 114
Trd, 4319809.493, 130
Trd, 4319809.943, 129
Trd, 4319810.043, 122
Trd, 4319811.393, 136
Trd, 4319812.143, 127
Trd, 4319812.993, 111
Trd, 4319813.193, 114
Trd, 4319813.243, 109
Trd, 4319813.593, 121
Trd, 4319813.743, 101
Trd, 4319814.243, 111
Trd, 4319816.093, 136
Trd, 4319819.093, 133
Trd, 4319819.243, 125
Trd, 4319819.543, 135
Trd, 4319820.143, 119
Trd, 4319820.543, 126
Trd, 4319821.343, 93
Trd, 4319822.093, 128
Trd, 4319822.393, 113
Trd, 4319823.543, 136
Trd, 4319823.793, 103
Trd, 4319824.093, 99
Trd, 4319824.993, 138
Trd, 4319825.143, 129
Trd, 4319825.743, 136
Trd, 4319827.043, 126
Trd, 4319828.093, 107
Trd, 4319828.193, 98
Trd, 4319828.293, 93
Trd, 4319829.593, 131
Trd, 4319830.143, 134
Trd, 4319830.943, 137
Trd, 4319830.993, 137
Trd, 4319831.193, 106
Trd, 4319831.493, 99
Trd, 4319833.343, 139
Trd, 4319834.843, 112
Trd, 4319835.643, 102
Trd, 4319835.893, 139
Trd, 4319836.243, 92
Trd, 4319836.843, 125
Trd, 4319837.143, 114
Trd, 4319838.693, 111
Trd, 4319839.043, 118
Trd, 4319839.893, 98
Trd, 4319839.943, 90
Trd, 4319840.393, 87
Trd, 4319840.993, 74
Trd, 4319842.493, 78
Trd, 4319842.893, 69
Trd, 4319844.293, 138
Trd, 4319844.693, 133
Trd, 4319845.043, 132
Trd, 4319847.343, 126
Trd, 4319847.443, 106
Trd, 4319847.893, 97
Trd, 4319848.343, 130
Trd, 4319848.743, 89
Trd, 4319849.593, 116
Trd, 4319849.743, 96
Trd, 4319850.593, 128
Trd, 4319851.143, 131
Trd, 4319851.843, 138
Trd, 4319851.943, 118
Trd, 4319853.493, 95
Trd, 4319854.343, 68
Trd, 4319854.843, 84
Trd, 4319854.943, 107
Trd, 4319857.043, 122
Trd, 4319857.543, 140
Trd, 4319857.943, 134
Trd, 4319858.543, 130
Trd, 4319859.243, 124
Trd, 4319859.493, 119
Trd, 4319860.943, 120
Trd, 4319862.143, 120
Trd, 4319862.593, 118
Trd, 4319862.843, 103
Trd, 4319862.943, 92
Trd, 4319864.393, 84
Trd, 4319864.493, 117
Trd, 4319865.693, 119
Trd, 4319867.443, 88
Trd, 4319867.593, 92
Trd, 4319867.793, 73
Trd, 4319868.243, 78
Trd, 4319869.493, 116
Trd, 4319869.843, 122
Trd, 4319870.593, 124
Trd, 4319872.093, 107
Trd, 4319873.343, 124
Trd, 4319873.443, 106
Trd, 4319874.443, 107
Trd, 4319874.843, 125
Trd, 4319874.993, 102
Trd, 4319875.543, 97
Trd, 4319877.143, 128
Trd, 4319878.293, 133
Trd, 4319878.543, 133
Trd, 4319879.793, 137
Trd, 4319880.643, 129
Trd, 4319881.643, 113
Trd, 4319881.793, 119
Trd, 4319882.893, 82
Trd, 4319883.043, 61
Trd, 4319883.443, 74
Trd, 4319883.993, 88
Trd, 4319884.893, 84
Trd, 4319886.243, 62
Trd, 4319886.843, 67
Trd, 4319887.193, 61
Trd, 4319887.743, 89
Trd, 4319889.143, 122
Trd, 4319890.493, 121
Trd, 4319890.643, 115
Trd, 4319891.443, 111
Trd, 4319891.893, 90
Trd, 4319892.243, 93
Trd, 4319893.193, 103
Trd, 4319893.893, 77
Trd, 4319893.993, 74
Trd, 4319894.093, 81
Trd, 4319894.893, 68
Trd, 4319895.793, 75
Trd, 4319896.443, 98
Trd, 4319897.643, 134
Trd, 4319898.843, 138
Trd, 4319899.743, 140
Trd, 4319900.193, 119
Trd, 4319900.543, 135
Trd, 4319901.343, 127
Trd, 4319901.943, 105
Trd, 4319902.243, 103
Trd, 4319903.693, 131
Trd, 4319905.343, 116
Trd, 4319905.393, 109
Trd, 4319907.193, 62
Trd, 4319908.293, 60
Trd, 4319908.743, 104
Trd, 4319909.343, 102
Trd, 4319910.243, 101
Trd, 4319911.293, 133
Trd, 4319912.193, 137
Trd, 4319912.443, 130
Trd, 4319912.893, 125
Trd, 4319913.493, 138
Trd, 4319913.793, 137
Trd, 4319913.993, 129
Trd, 4319914.643, 118
Trd, 4319915.243, 109
Trd, 4319916.343, 112
Trd, 4319916.693, 108
Trd, 4319917.643, 113
Trd, 4319918.043, 139
Trd, 4319918.693, 120
Trd, 4319919.093, 129
Trd, 4319920.443, 110
Trd, 4319921.043, 114
Trd, 4319923.093, 121
Trd, 4319924.493, 126
Trd, 4319924.693, 123
Trd, 4319924.793, 119
Trd, 4319925.543, 138
Trd, 4319925.593, 127
Trd, 4319925.743, 114
Trd, 4319927.243, 128
Trd, 4319928.443, 111
Trd, 4319928.543, 109
Trd, 4319928.743, 130
Trd, 4319929.343, 137
Trd, 4319929.493, 103
Trd, 4319931.443, 92
Trd, 4319932.343, 129
Trd, 4319932.643, 120
Trd, 4319933.293, 109
Trd, 4319933.343, 91
Trd, 4319933.743, 86
Trd, 4319934.143, 104
Trd, 4319934.943, 130
Trd, 4319937.393, 138
Trd, 4319938.243, 122
Trd, 4319939.243, 114
Trd, 4319939.343, 114
Trd, 4319939.943, 136
Trd, 4319940.043, 108
Trd, 4319940.793, 91
Trd, 4319940.993, 125
Trd, 4319941.543, 114
Trd, 4319943.043, 137
Trd, 4319943.343, 130
Trd, 4319943.393, 125
Trd, 4319944.293, 116
Trd, 4319944.643, 103
Trd, 4319945.143, 130
Trd, 4319945.343, 116
Trd, 4319946.343, 72
Trd, 4319946.693, 68
Trd, 4319948.143, 116
Trd, 4319948.843, 140
Trd, 4319950.143, 114
Trd, 4319950.793, 114
Trd, 4319951.143, 135
Trd, 4319951.443, 118
Trd, 4319951.593, 101
Trd, 4319952.843, 106
Trd, 4319954.243, 131
Trd, 4319954.493, 124
Trd, 4319955.193, 116
Trd, 4319955.693, 126
Trd, 4319956.893, 129
Trd, 4319957.493, 108
Trd, 4319957.693, 100
Trd, 4319958.843, 131
Trd, 4319960.443, 131
Trd, 4319961.043, 136
Trd, 4319962.493, 137
Trd, 4319964.643, 139
Trd, 4319965.143, 127
Trd, 4319965.543, 132
Trd, 4319966.343, 114
Trd, 4319967.143, 138
Trd, 4319967.293, 133
Trd, 4319967.443, 129
Trd, 4319967.893, 129
Trd, 4319968.343, 138
Trd, 4319968.443, 133
Trd, 4319969.743, 128
Trd, 4319971.743, 127
Trd, 4319973.493, 116
Trd, 4319974.243, 140
Trd, 4319974.493, 130
Trd, 4319974.643, 130
Trd, 4319975.793, 135
Trd, 4319975.893, 91
Trd, 4319977.693, 109
Trd, 4319977.743, 88
Trd, 4319979.043, 136
Trd, 4319979.993, 106
Trd, 4319980.143, 103
Trd, 4319980.593, 134
Trd, 4319980.943, 126
Trd, 4319981.343, 82
Trd, 4319981.843, 92
Trd, 4319982.093, 84
Trd, 4319982.693, 95
Trd, 4319982.943, 91
Trd, 4319983.443, 94
Trd, 4319985.843, 124
Trd, 4319986.043, 126
Trd, 4319986.343, 133
Trd, 4319988.143, 131
Trd, 4319988.193, 130
Trd, 4319988.793, 124
Trd, 4319989.193, 114
Trd, 4319990.043, 118
Trd, 4319990.543, 114
Trd, 4319990.793, 129
Trd, 4319991.993, 138
Trd, 4319992.393, 139
Trd, 4319993.943, 139
Trd, 4319994.543, 131
Trd, 4319995.593, 137
Trd, 4319995.693, 135
Trd, 4319995.943, 134
Trd, 4319996.293, 123
Trd, 4319996.443, 102
Trd, 4319996.943, 79
Trd, 4319997.443, 73
Trd, 4319998.393, 79
Trd, 4319999.243, 69
