Trd, 4318161.143, 62
Trd, 4318161.643, 64
Trd, 4318162.493, 90
Trd, 4318163.443, 140
Trd, 4318164.093, 140
Trd, 4318164.343, 140
Trd, 4318165.043, 140
Trd, 4318165.143, 140
Trd, 4318165.893, 139
Trd, 4318165.943, 139
Trd, 4318166.243, 111
Trd, 4318169.043, 65
Trd, 4318169.393, 72
Trd, 4318170.093, 69
Trd, 4318170.843, 73
Trd, 4318171.093, 108
Trd, 4318171.993, 63
Trd, 4318172.143, 65
Trd, 4318172.543, 138
Trd, 4318173.443, 63
Trd, 4318174.643, 60
Trd, 4318175.143, 60
Trd, 4318175.393, 63
Trd, 4318176.143, 61
Trd, 4318176.293, 65
Trd, 4318178.693, 65
Trd, 4318179.193, 61
Trd, 4318179.493, 62
Trd, 4318179.593, 66
Trd, 4318180.893, 61
Trd, 4318180.943, 65
Trd, 4318181.393, 140
Trd, 4318182.043, 60
Trd, 4318182.793, 61
Trd, 4318183.043, 60
Trd, 4318183.393, 65
Trd, 4318184.393, 61
Trd, 4318185.693, 61
Trd, 4318186.093, 61
Trd, 4318186.593, 62
Trd, 4318186.993, 63
Trd, 4318187.293, 61
Trd, 4318188.893, 60
Trd, 4318190.593, 61
Trd, 4318191.043, 61
Trd, 4318192.393, 60
Trd, 4318192.693, 60
Trd, 4318193.043, 62
Trd, 4318193.693, 62
Trd, 4318194.243, 67
Trd, 4318195.193, 62
Trd, 4318195.643, 60
Trd, 4318195.693, 91
Trd, 4318197.143, 62
Trd, 4318197.443, 62
Trd, 4318198.143, 62
Trd, 4318198.393, 66
Trd, 4318199.843, 62
Trd, 4318200.393, 60
Trd, 4318200.543, 63
Trd, 4318200.743, 94
Trd, 4318201.293, 60
Trd, 4318202.593, 60
Trd, 4318203.293, 61
Trd, 4318203.593, 111
Trd, 4318203.893, 61
Trd, 4318205.543, 61
Trd, 4318205.793, 139
Trd, 4318206.593, 66
Trd, 4318207.493, 140
Trd, 4318207.843, 140
Trd, 4318208.243, 140
Trd, 4318208.843, 114
Trd, 4318209.443, 60
Trd, 4318209.893, 60
Trd, 4318210.093, 106
Trd, 4318211.443, 71
Trd, 4318211.493, 69
Trd, 4318211.693, 66
Trd, 4318212.443, 129
Trd, 4318213.193, 65
Trd, 4318213.293, 140
Trd, 4318214.243, 116
Trd, 4318214.493, 139
Trd, 4318214.943, 140
Trd, 4318215.493, 67
Trd, 4318216.743, 63
Trd, 4318217.043, 66
Trd, 4318217.293, 69
Trd, 4318218.143, 60
Trd, 4318218.293, 61
Trd, 4318220.043, 62
Trd, 4318221.643, 60
Trd, 4318222.243, 60
Trd, 4318224.193, 60
Trd, 4318224.943, 63
Trd, 4318225.243, 63
Trd, 4318225.793, 60
Trd, 4318226.643, 61
Trd, 4318226.743, 61
Trd, 4318226.893, 62
Trd, 4318227.593, 61
Trd, 4318227.943, 63
Trd, 4318228.093, 67
Trd, 4318229.143, 63
Trd, 4318229.943, 140
Trd, 4318230.143, 139
Trd, 4318230.793, 139
Trd, 4318230.893, 138
Trd, 4318232.293, 69
Trd, 4318233.443, 140
Trd, 4318234.043, 140
Trd, 4318234.193, 136
Trd, 4318234.693, 139
Trd, 4318236.093, 65
Trd, 4318236.743, 137
Trd, 4318237.193, 67
Trd, 4318238.143, 64
Trd, 4318238.343, 67
Trd, 4318238.693, 78
Trd, 4318238.743, 96
Trd, 4318238.793, 65
Trd, 4318239.343, 139
Trd, 4318240.243, 140
Trd, 4318240.843, 60
Trd, 4318241.493, 60
Trd, 4318242.793, 61
Trd, 4318243.093, 62
Trd, 4318244.193, 139
Trd, 4318244.493, 82
Trd, 4318245.743, 66
Trd, 4318246.043, 65
Trd, 4318246.093, 64
Trd, 4318247.143, 62
Trd, 4318247.193, 70
Trd, 4318247.543, 139
Trd, 4318248.693, 62
Trd, 4318251.493, 62
Trd, 4318251.643, 62
Trd, 4318252.293, 64
Trd, 4318252.493, 66
Trd, 4318252.993, 66
Trd, 4318253.343, 71
Trd, 4318255.443, 60
Trd, 4318255.693, 60
Trd, 4318256.593, 60
Trd, 4318256.743, 61
Trd, 4318256.843, 62
Trd, 4318259.493, 61
Trd, 4318259.543, 61
Trd, 4318259.593, 73
Trd, 4318260.093, 130
Trd, 4318260.293, 137
Trd, 4318260.743, 65
Trd, 4318261.343, 66
Trd, 4318261.393, 63
Trd, 4318262.843, 61
Trd, 4318263.243, 70
Trd, 4318264.443, 60
Trd, 4318265.543, 61
Trd, 4318266.443, 60
Trd, 4318266.943, 61
Trd, 4318267.543, 62
Trd, 4318267.893, 62
Trd, 4318268.043, 64
Trd, 4318270.243, 60
Trd, 4318270.793, 61
Trd, 4318271.243, 62
Trd, 4318271.543, 62
Trd, 4318272.143, 63
Trd, 4318272.743, 68
Trd, 4318272.893, 89
Trd, 4318273.493, 65
Trd, 4318273.793, 100
Trd, 4318274.093, 70
Trd, 4318274.893, 62
Trd, 4318276.293, 65
Trd, 4318276.593, 63
Trd, 4318277.193, 140
Trd, 4318277.393, 140
Trd, 4318278.093, 140
Trd, 4318278.943, 140
Trd, 4318278.993, 139
Trd, 4318279.843, 60
Trd, 4318280.443, 62
Trd, 4318281.543, 64
Trd, 4318282.193, 138
Trd, 4318282.693, 89
Trd, 4318283.293, 65
Trd, 4318283.693, 63
Trd, 4318283.943, 61
Trd, 4318284.943, 63
Trd, 4318285.543, 64
Trd, 4318286.093, 66
Trd, 4318286.643, 60
Trd, 4318286.943, 63
Trd, 4318287.093, 64
Trd, 4318288.493, 62
Trd, 4318289.143, 62
Trd, 4318289.393, 60
Trd, 4318289.893, 140
Trd, 4318290.493, 60
Trd, 4318291.143, 63
Trd, 4318291.893, 62
Trd, 4318292.043, 137
Trd, 4318292.743, 61
Trd, 4318293.243, 69
Trd, 4318294.493, 61
Trd, 4318294.743, 62
Trd, 4318295.893, 60
Trd, 4318295.993, 62
Trd, 4318297.143, 61
Trd, 4318297.393, 60
Trd, 4318298.043, 78
Trd, 4318299.243, 140
Trd, 4318299.343, 140
Trd, 4318299.393, 138
Trd, 4318299.693, 64
Trd, 4318299.843, 70
Trd, 4318300.093, 60
Trd, 4318301.493, 60
Trd, 4318303.843, 61
Trd, 4318304.043, 63
Trd, 4318304.643, 64
Trd, 4318304.793, 84
Trd, 4318305.293, 60
Trd, 4318306.593, 140
Trd, 4318306.793, 140
Trd, 4318307.893, 61
Trd, 4318307.943, 62
Trd, 4318308.243, 71
Trd, 4318310.193, 63
Trd, 4318310.793, 63
Trd, 4318311.293, 61
Trd, 4318311.693, 70
Trd, 4318312.443, 65
Trd, 4318313.043, 60
Trd, 4318316.043, 62
Trd, 4318316.393, 60
Trd, 4318317.543, 60
Trd, 4318317.993, 60
Trd, 4318318.043, 60
Trd, 4318318.093, 62
Trd, 4318318.843, 62
Trd, 4318319.043, 63
Trd, 4318319.693, 62
Trd, 4318321.343, 62
Trd, 4318321.743, 63
Trd, 4318323.043, 67
Trd, 4318323.143, 72
Trd, 4318323.993, 67
Trd, 4318324.043, 70
Trd, 4318324.293, 61
Trd, 4318324.893, 140
Trd, 4318324.943, 140
Trd, 4318325.443, 85
Trd, 4318325.543, 66
Trd, 4318326.293, 67
Trd, 4318326.993, 71
Trd, 4318327.393, 60
Trd, 4318329.693, 60
Trd, 4318330.743, 70
Trd, 4318331.543, 60
Trd, 4318332.143, 61
Trd, 4318333.093, 61
Trd, 4318333.643, 93
Trd, 4318334.043, 73
Trd, 4318334.643, 70
Trd, 4318334.843, 69
Trd, 4318335.093, 62
Trd, 4318338.443, 61
Trd, 4318338.843, 60
Trd, 4318339.543, 60
Trd, 4318340.693, 63
Trd, 4318340.743, 63
Trd, 4318340.843, 62
Trd, 4318341.743, 136
Trd, 4318342.293, 140
Trd, 4318342.443, 140
Trd, 4318342.643, 139
Trd, 4318343.693, 103
Trd, 4318345.693, 61
Trd, 4318345.743, 62
Trd, 4318346.893, 60
Trd, 4318347.043, 61
Trd, 4318347.143, 62
Trd, 4318348.443, 60
Trd, 4318348.643, 60
Trd, 4318349.143, 60
Trd, 4318349.593, 60
Trd, 4318350.093, 67
Trd, 4318350.493, 62
Trd, 4318352.243, 62
Trd, 4318353.743, 60
Trd, 4318354.793, 60
Trd, 4318355.343, 64
Trd, 4318355.943, 66
Trd, 4318356.343, 60
Trd, 4318356.693, 62
Trd, 4318358.243, 60
Trd, 4318359.393, 61
Trd, 4318360.493, 63
Trd, 4318361.493, 60
Trd, 4318362.743, 62
Trd, 4318363.243, 68
Trd, 4318363.443, 68
Trd, 4318363.643, 60
Trd, 4318365.193, 60
Trd, 4318365.743, 60
Trd, 4318365.943, 60
Trd, 4318366.243, 61
Trd, 4318366.643, 67
Trd, 4318368.443, 60
Trd, 4318369.093, 60
Trd, 4318369.493, 61
Trd, 4318370.943, 62
Trd, 4318372.793, 61
Trd, 4318373.293, 62
Trd, 4318373.343, 63
Trd, 4318373.443, 64
Trd, 4318374.893, 60
Trd, 4318376.593, 61
Trd, 4318376.693, 65
Trd, 4318376.793, 66
Trd, 4318378.643, 62
Trd, 4318378.943, 62
Trd, 4318380.693, 61
Trd, 4318380.743, 61
Trd, 4318381.043, 61
Trd, 4318381.493, 64
Trd, 4318381.793, 78
Trd, 4318382.093, 112
Trd, 4318383.093, 60
Trd, 4318383.443, 61
Trd, 4318383.943, 62
Trd, 4318384.543, 111
Trd, 4318384.943, 140
Trd, 4318385.393, 60
Trd, 4318385.993, 63
Trd, 4318386.193, 61
Trd, 4318389.243, 60
Trd, 4318389.693, 60
Trd, 4318390.393, 61
Trd, 4318391.093, 70
Trd, 4318391.143, 90
Trd, 4318391.493, 63
Trd, 4318394.093, 60
Trd, 4318394.743, 62
Trd, 4318395.293, 60
Trd, 4318395.943, 64
Trd, 4318396.243, 66
Trd, 4318396.493, 64
Trd, 4318397.643, 60
Trd, 4318398.193, 60
Trd, 4318398.943, 61
Trd, 4318399.743, 60
Trd, 4318400.543, 61
Trd, 4318401.093, 61
Trd, 4318401.293, 134
Trd, 4318402.793, 140
Trd, 4318402.943, 140
Trd, 4318402.993, 139
Trd, 4318403.243, 67
Trd, 4318403.443, 139
Trd, 4318404.693, 139
Trd, 4318404.943, 139
Trd, 4318405.343, 112
Trd, 4318405.593, 60
Trd, 4318406.793, 60
Trd, 4318406.993, 61
Trd, 4318408.093, 64
Trd, 4318409.243, 66
Trd, 4318409.543, 64
Trd, 4318409.993, 71
Trd, 4318410.293, 79
Trd, 4318411.243, 66
Trd, 4318411.643, 140
Trd, 4318411.943, 64
Trd, 4318413.643, 61
Trd, 4318413.743, 62
Trd, 4318415.043, 62
Trd, 4318417.693, 60
Trd, 4318418.143, 60
Trd, 4318418.843, 64
Trd, 4318419.643, 60
Trd, 4318419.693, 66
Trd, 4318420.043, 68
Trd, 4318420.543, 78
Trd, 4318420.593, 114
Trd, 4318421.393, 140
Trd, 4318421.543, 140
Trd, 4318422.243, 139
Trd, 4318422.493, 123
Trd, 4318422.643, 122
Trd, 4318423.393, 122
Trd, 4318424.243, 140
Trd, 4318424.793, 140
Trd, 4318425.193, 61
Trd, 4318425.443, 102
Trd, 4318426.393, 87
Trd, 4318426.843, 140
Trd, 4318428.143, 140
Trd, 4318428.893, 140
Trd, 4318429.393, 61
Trd, 4318429.893, 101
Trd, 4318430.393, 140
Trd, 4318431.743, 60
Trd, 4318432.493, 61
Trd, 4318432.693, 90
Trd, 4318433.193, 82
Trd, 4318433.993, 61
Trd, 4318434.743, 61
Trd, 4318435.093, 63
Trd, 4318436.743, 65
Trd, 4318436.943, 83
Trd, 4318437.293, 135
Trd, 4318437.393, 63
Trd, 4318439.093, 140
Trd, 4318439.243, 140
Trd, 4318439.643, 140
Trd, 4318439.743, 140
Trd, 4318439.943, 139
Trd, 4318441.093, 140
Trd, 4318441.143, 127
Trd, 4318441.543, 62
Trd, 4318442.143, 140
Trd, 4318442.593, 140
Trd, 4318443.243, 140
Trd, 4318443.843, 139
Trd, 4318444.393, 139
Trd, 4318444.443, 139
Trd, 4318444.943, 62
Trd, 4318445.593, 70
Trd, 4318446.343, 101
Trd, 4318446.593, 120
Trd, 4318447.093, 139
Trd, 4318447.643, 98
Trd, 4318448.543, 137
Trd, 4318449.293, 61
Trd, 4318449.543, 61
Trd, 4318451.143, 140
Trd, 4318451.243, 140
Trd, 4318451.843, 63
Trd, 4318452.943, 65
Trd, 4318453.493, 67
Trd, 4318453.693, 68
Trd, 4318454.293, 137
Trd, 4318456.143, 140
Trd, 4318456.693, 95
Trd, 4318457.543, 61
Trd, 4318457.743, 73
Trd, 4318458.743, 63
Trd, 4318459.393, 62
Trd, 4318459.443, 68
Trd, 4318459.543, 96
Trd, 4318460.293, 64
Trd, 4318461.143, 139
Trd, 4318461.443, 140
Trd, 4318462.793, 61
Trd, 4318464.093, 62
Trd, 4318464.643, 60
Trd, 4318465.343, 60
Trd, 4318466.043, 61
Trd, 4318467.143, 63
Trd, 4318467.893, 60
Trd, 4318468.493, 60
Trd, 4318468.693, 62
Trd, 4318469.443, 63
Trd, 4318469.643, 72
Trd, 4318470.393, 80
Trd, 4318471.393, 69
Trd, 4318471.743, 63
Trd, 4318471.843, 110
Trd, 4318472.643, 62
Trd, 4318472.843, 140
Trd, 4318473.193, 62
Trd, 4318473.343, 61
Trd, 4318475.043, 60
Trd, 4318476.393, 62
Trd, 4318476.593, 140
Trd, 4318477.593, 140
Trd, 4318478.993, 140
Trd, 4318479.693, 61
Trd, 4318479.793, 112
Trd, 4318480.393, 140
Trd, 4318480.493, 139
Trd, 4318480.743, 60
Trd, 4318481.343, 60
Trd, 4318482.043, 70
Trd, 4318483.043, 64
Trd, 4318483.143, 67
Trd, 4318483.693, 106
Trd, 4318484.143, 66
Trd, 4318485.943, 115
Trd, 4318486.193, 115
Trd, 4318486.243, 112
Trd, 4318486.393, 138
Trd, 4318487.143, 64
Trd, 4318487.793, 140
Trd, 4318487.943, 140
Trd, 4318488.493, 138
Trd, 4318488.893, 136
Trd, 4318489.393, 134
Trd, 4318490.893, 139
Trd, 4318491.543, 80
Trd, 4318491.893, 60
Trd, 4318493.143, 66
Trd, 4318493.493, 60
Trd, 4318493.793, 79
Trd, 4318494.693, 140
Trd, 4318494.893, 139
Trd, 4318495.793, 60
Trd, 4318495.993, 67
Trd, 4318496.593, 117
Trd, 4318496.843, 77
Trd, 4318498.493, 62
Trd, 4318499.293, 60
Trd, 4318500.043, 68
Trd, 4318500.393, 89
Trd, 4318500.493, 88
Trd, 4318501.643, 60
Trd, 4318502.293, 63
Trd, 4318502.643, 76
Trd, 4318503.243, 140
Trd, 4318503.793, 140
Trd, 4318503.843, 140
Trd, 4318505.443, 60
Trd, 4318506.343, 61
Trd, 4318506.743, 64
Trd, 4318507.043, 65
Trd, 4318507.593, 62
Trd, 4318508.143, 62
Trd, 4318508.793, 63
Trd, 4318509.443, 140
Trd, 4318509.793, 134
Trd, 4318510.193, 133
Trd, 4318512.443, 62
Trd, 4318513.093, 61
Trd, 4318513.293, 63
Trd, 4318513.893, 66
Trd, 4318515.293, 60
Trd, 4318515.793, 60
Trd, 4318516.243, 64
Trd, 4318516.593, 62
Trd, 4318517.693, 61
Trd, 4318518.393, 60
Trd, 4318518.593, 73
Trd, 4318519.893, 67
Trd, 4318520.243, 67
Trd, 4318521.593, 61
Trd, 4318521.743, 67
Trd, 4318522.293, 60
Trd, 4318523.293, 65
Trd, 4318523.593, 64
Trd, 4318524.493, 61
Trd, 4318525.093, 61
Trd, 4318525.143, 60
Trd, 4318526.243, 60
Trd, 4318526.843, 64
Trd, 4318527.143, 66
Trd, 4318527.643, 73
Trd, 4318528.043, 76
Trd, 4318528.693, 70
Trd, 4318529.443, 67
Trd, 4318529.693, 65
Trd, 4318531.843, 61
Trd, 4318532.043, 63
Trd, 4318532.743, 71
Trd, 4318533.243, 61
Trd, 4318534.343, 60
Trd, 4318534.593, 67
Trd, 4318535.043, 139
Trd, 4318535.093, 111
Trd, 4318535.493, 111
Trd, 4318535.593, 110
Trd, 4318537.693, 140
Trd, 4318538.243, 140
Trd, 4318538.593, 140
Trd, 4318538.793, 138
Trd, 4318539.343, 60
Trd, 4318539.443, 139
Trd, 4318540.093, 140
Trd, 4318541.643, 140
Trd, 4318541.993, 140
Trd, 4318542.443, 133
Trd, 4318542.493, 132
Trd, 4318542.543, 131
Trd, 4318542.793, 61
Trd, 4318544.193, 63
Trd, 4318545.693, 61
Trd, 4318545.943, 60
Trd, 4318547.193, 71
Trd, 4318547.893, 62
Trd, 4318548.743, 60
Trd, 4318548.843, 62
Trd, 4318550.743, 71
Trd, 4318550.943, 84
Trd, 4318552.193, 60
Trd, 4318552.443, 60
Trd, 4318553.393, 61
Trd, 4318555.193, 126
Trd, 4318555.393, 61
Trd, 4318555.743, 61
Trd, 4318556.243, 140
Trd, 4318556.393, 140
Trd, 4318557.343, 60
Trd, 4318558.043, 61
Trd, 4318558.393, 63
Trd, 4318558.593, 64
Trd, 4318558.693, 102
Trd, 4318559.093, 66
Trd, 4318560.093, 140
Trd, 4318560.293, 139
Trd, 4318560.993, 71
Trd, 4318561.393, 102
Trd, 4318563.393, 140
Trd, 4318563.693, 140
Trd, 4318564.343, 140
Trd, 4318564.543, 140
Trd, 4318565.043, 60
Trd, 4318565.793, 95
Trd, 4318565.993, 140
Trd, 4318566.993, 140
Trd, 4318567.143, 139
Trd, 4318567.443, 61
Trd, 4318568.093, 140
Trd, 4318568.593, 138
Trd, 4318569.143, 116
Trd, 4318570.793, 60
Trd, 4318570.993, 62
Trd, 4318572.343, 71
Trd, 4318572.493, 125
Trd, 4318573.143, 139
Trd, 4318574.243, 140
Trd, 4318574.393, 140
Trd, 4318575.393, 140
Trd, 4318575.643, 140
Trd, 4318575.743, 140
Trd, 4318575.943, 139
Trd, 4318576.043, 138
Trd, 4318576.893, 140
Trd, 4318577.693, 138
Trd, 4318578.743, 138
Trd, 4318578.793, 134
Trd, 4318579.643, 124
Trd, 4318579.843, 128
Trd, 4318580.693, 140
Trd, 4318581.043, 139
Trd, 4318581.493, 62
Trd, 4318581.843, 140
Trd, 4318582.243, 138
Trd, 4318582.943, 139
Trd, 4318584.393, 138
Trd, 4318584.443, 136
Trd, 4318584.643, 133
Trd, 4318585.843, 60
Trd, 4318586.693, 90
Trd, 4318587.093, 138
Trd, 4318587.493, 61
Trd, 4318588.593, 60
Trd, 4318588.893, 60
Trd, 4318589.093, 65
Trd, 4318589.393, 140
Trd, 4318589.693, 140
Trd, 4318590.543, 60
Trd, 4318591.693, 140
Trd, 4318592.393, 140
Trd, 4318593.093, 138
Trd, 4318593.193, 126
Trd, 4318593.843, 140
Trd, 4318594.493, 140
Trd, 4318594.943, 139
Trd, 4318595.093, 85
Trd, 4318595.743, 83
Trd, 4318596.943, 140
Trd, 4318597.593, 140
Trd, 4318597.943, 140
Trd, 4318599.543, 140
Trd, 4318599.593, 139
Trd, 4318599.843, 94
Trd, 4318600.193, 140
Trd, 4318600.393, 140
Trd, 4318601.143, 62
Trd, 4318601.243, 60
Trd, 4318602.543, 139
Trd, 4318603.093, 140
Trd, 4318603.893, 140
Trd, 4318603.943, 140
Trd, 4318604.393, 139
Trd, 4318605.093, 140
Trd, 4318605.743, 140
Trd, 4318606.843, 138
Trd, 4318607.393, 138
Trd, 4318607.843, 140
Trd, 4318608.193, 134
Trd, 4318608.293, 133
Trd, 4318608.743, 140
Trd, 4318609.793, 140
Trd, 4318610.093, 139
Trd, 4318610.743, 101
Trd, 4318610.943, 133
Trd, 4318611.843, 66
Trd, 4318612.543, 60
Trd, 4318613.943, 140
Trd, 4318614.843, 140
Trd, 4318615.043, 140
Trd, 4318616.943, 140
Trd, 4318617.093, 140
Trd, 4318617.243, 140
Trd, 4318617.293, 140
Trd, 4318617.443, 139
Trd, 4318619.393, 136
Trd, 4318619.993, 137
Trd, 4318620.143, 136
Trd, 4318620.543, 130
Trd, 4318620.793, 124
Trd, 4318621.243, 115
Trd, 4318621.693, 62
Trd, 4318623.943, 60
Trd, 4318624.193, 61
Trd, 4318624.293, 62
Trd, 4318624.593, 138
Trd, 4318625.143, 88
Trd, 4318625.943, 73
Trd, 4318626.593, 60
Trd, 4318627.093, 60
Trd, 4318627.293, 61
Trd, 4318629.443, 62
Trd, 4318629.743, 67
Trd, 4318631.393, 140
Trd, 4318632.043, 140
Trd, 4318632.893, 140
Trd, 4318632.943, 140
Trd, 4318633.543, 140
Trd, 4318633.593, 140
Trd, 4318634.443, 140
Trd, 4318636.143, 140
Trd, 4318636.243, 140
Trd, 4318636.793, 140
Trd, 4318637.243, 131
Trd, 4318637.843, 139
Trd, 4318637.943, 138
Trd, 4318638.043, 109
Trd, 4318638.643, 139
Trd, 4318639.993, 60
Trd, 4318640.743, 63
Trd, 4318641.143, 68
Trd, 4318641.693, 85
Trd, 4318641.743, 93
Trd, 4318643.043, 60
Trd, 4318643.193, 101
Trd, 4318643.443, 73
Trd, 4318645.043, 60
Trd, 4318646.143, 60
Trd, 4318647.443, 60
Trd, 4318647.893, 60
Trd, 4318647.943, 63
Trd, 4318648.093, 64
Trd, 4318648.943, 140
Trd, 4318648.993, 140
Trd, 4318649.543, 140
Trd, 4318649.793, 140
Trd, 4318650.743, 140
Trd, 4318650.993, 78
Trd, 4318651.493, 68
Trd, 4318652.693, 60
Trd, 4318652.943, 64
Trd, 4318653.693, 140
Trd, 4318653.793, 140
Trd, 4318654.743, 62
Trd, 4318655.243, 138
Trd, 4318655.693, 61
Trd, 4318656.893, 61
Trd, 4318659.743, 60
Trd, 4318659.843, 61
Trd, 4318660.043, 61
Trd, 4318660.493, 64
Trd, 4318661.543, 61
Trd, 4318661.593, 64
Trd, 4318662.293, 61
Trd, 4318662.543, 66
Trd, 4318664.243, 62
Trd, 4318664.443, 63
Trd, 4318665.243, 62
Trd, 4318665.443, 71
Trd, 4318665.843, 140
Trd, 4318666.743, 63
Trd, 4318666.843, 63
Trd, 4318667.743, 62
Trd, 4318668.143, 70
Trd, 4318670.043, 64
Trd, 4318670.293, 71
Trd, 4318670.843, 60
Trd, 4318671.193, 139
Trd, 4318671.443, 91
Trd, 4318672.843, 63
Trd, 4318673.993, 64
Trd, 4318674.093, 69
Trd, 4318675.543, 60
Trd, 4318676.343, 60
Trd, 4318676.743, 60
Trd, 4318678.243, 61
Trd, 4318679.593, 61
Trd, 4318679.993, 60
Trd, 4318680.093, 66
Trd, 4318680.843, 62
Trd, 4318681.293, 139
Trd, 4318682.443, 60
Trd, 4318683.793, 61
Trd, 4318684.143, 110
Trd, 4318684.343, 96
Trd, 4318684.593, 60
Trd, 4318684.793, 140
Trd, 4318685.143, 140
Trd, 4318685.693, 140
Trd, 4318686.093, 60
Trd, 4318687.293, 66
Trd, 4318688.193, 60
Trd, 4318688.243, 67
Trd, 4318688.693, 61
Trd, 4318689.293, 140
Trd, 4318691.093, 60
Trd, 4318691.343, 61
Trd, 4318691.943, 61
Trd, 4318693.143, 60
Trd, 4318693.693, 61
Trd, 4318696.243, 60
Trd, 4318696.443, 61
Trd, 4318698.443, 60
Trd, 4318699.293, 60
Trd, 4318699.743, 60
Trd, 4318700.593, 60
Trd, 4318700.793, 60
Trd, 4318700.893, 61
Trd, 4318701.693, 60
Trd, 4318702.443, 65
Trd, 4318703.193, 63
Trd, 4318703.993, 63
Trd, 4318704.493, 65
Trd, 4318705.293, 60
Trd, 4318705.393, 61
Trd, 4318706.543, 62
Trd, 4318708.143, 60
Trd, 4318708.843, 60
Trd, 4318709.093, 61
Trd, 4318709.443, 71
Trd, 4318710.993, 86
Trd, 4318712.243, 62
Trd, 4318712.693, 64
Trd, 4318713.443, 61
Trd, 4318714.643, 61
Trd, 4318715.643, 61
Trd, 4318715.943, 60
Trd, 4318716.493, 61
Trd, 4318717.843, 61
Trd, 4318718.343, 60
Trd, 4318718.843, 61
Trd, 4318718.893, 64
Trd, 4318718.943, 68
Trd, 4318720.093, 62
Trd, 4318720.693, 60
Trd, 4318720.893, 62
Trd, 4318721.243, 61
Trd, 4318721.693, 61
Trd, 4318723.243, 62
Trd, 4318723.393, 63
Trd, 4318723.643, 72
Trd, 4318724.543, 134
Trd, 4318726.143, 60
Trd, 4318726.193, 70
Trd, 4318727.093, 136
Trd, 4318727.793, 66
Trd, 4318728.143, 67
Trd, 4318728.593, 62
Trd, 4318731.493, 60
Trd, 4318731.743, 61
Trd, 4318732.643, 60
Trd, 4318732.693, 60
Trd, 4318733.043, 62
Trd, 4318734.593, 60
Trd, 4318735.093, 60
Trd, 4318736.143, 63
Trd, 4318736.543, 62
Trd, 4318736.693, 63
Trd, 4318736.893, 61
Trd, 4318738.643, 60
Trd, 4318739.043, 60
Trd, 4318739.493, 60
Trd, 4318739.843, 83
Trd, 4318739.993, 60
Trd, 4318740.743, 63
Trd, 4318741.943, 138
Trd, 4318743.293, 61
Trd, 4318743.643, 61
Trd, 4318743.843, 77
Trd, 4318743.993, 60
Trd, 4318744.993, 66
Trd, 4318745.893, 60
Trd, 4318747.543, 60
Trd, 4318747.893, 140
Trd, 4318748.593, 140
Trd, 4318748.943, 140
Trd, 4318749.243, 140
Trd, 4318749.493, 140
Trd, 4318749.543, 140
Trd, 4318749.643, 85
Trd, 4318750.643, 66
Trd, 4318751.843, 65
Trd, 4318752.193, 65
Trd, 4318752.243, 93
Trd, 4318752.643, 60
Trd, 4318754.593, 60
Trd, 4318754.993, 61
Trd, 4318755.443, 61
Trd, 4318756.143, 74
Trd, 4318757.143, 67
Trd, 4318757.243, 71
Trd, 4318760.093, 62
Trd, 4318760.543, 66
Trd, 4318761.243, 61
Trd, 4318761.793, 60
Trd, 4318761.843, 69
Trd, 4318762.843, 60
Trd, 4318763.443, 60
Trd, 4318764.143, 60
Trd, 4318764.593, 62
Trd, 4318765.143, 60
Trd, 4318765.643, 60
Trd, 4318766.743, 60
Trd, 4318767.143, 61
Trd, 4318767.243, 63
Trd, 4318768.193, 63
Trd, 4318768.693, 68
Trd, 4318769.193, 61
Trd, 4318769.493, 82
Trd, 4318769.543, 132
Trd, 4318770.693, 65
Trd, 4318771.393, 140
Trd, 4318772.043, 119
Trd, 4318773.543, 140
Trd, 4318773.843, 139
Trd, 4318774.543, 65
Trd, 4318774.943, 70
Trd, 4318775.693, 140
Trd, 4318776.393, 140
Trd, 4318776.743, 140
Trd, 4318777.293, 140
Trd, 4318777.593, 140
Trd, 4318777.893, 140
Trd, 4318779.143, 140
Trd, 4318779.443, 139
Trd, 4318780.043, 60
Trd, 4318781.293, 63
Trd, 4318781.693, 62
Trd, 4318782.493, 62
Trd, 4318782.843, 63
Trd, 4318783.443, 60
Trd, 4318783.843, 64
Trd, 4318784.993, 66
Trd, 4318785.193, 63
Trd, 4318785.543, 84
Trd, 4318787.643, 66
Trd, 4318788.793, 60
Trd, 4318789.093, 61
Trd, 4318789.443, 62
Trd, 4318789.943, 60
Trd, 4318790.543, 61
Trd, 4318791.293, 62
Trd, 4318791.343, 126
Trd, 4318791.943, 114
Trd, 4318793.893, 61
Trd, 4318794.793, 60
Trd, 4318795.143, 60
Trd, 4318795.193, 60
Trd, 4318796.893, 61
Trd, 4318797.143, 62
Trd, 4318797.893, 65
Trd, 4318798.693, 72
Trd, 4318799.893, 60
Trd, 4318801.693, 62
Trd, 4318802.393, 60
Trd, 4318802.893, 60
Trd, 4318803.043, 60
Trd, 4318804.243, 61
Trd, 4318804.343, 61
Trd, 4318804.693, 60
Trd, 4318804.993, 60
Trd, 4318805.943, 60
Trd, 4318806.893, 60
Trd, 4318807.293, 64
Trd, 4318808.043, 67
Trd, 4318809.843, 60
Trd, 4318810.493, 60
Trd, 4318812.143, 60
Trd, 4318812.593, 60
Trd, 4318812.743, 60
Trd, 4318813.443, 65
Trd, 4318814.693, 62
Trd, 4318815.093, 60
Trd, 4318815.793, 60
Trd, 4318817.143, 60
Trd, 4318818.093, 60
Trd, 4318818.793, 61
Trd, 4318819.793, 61
Trd, 4318819.993, 61
Trd, 4318820.093, 70
Trd, 4318821.793, 60
Trd, 4318822.343, 61
Trd, 4318822.493, 81
Trd, 4318823.193, 65
Trd, 4318823.343, 63
Trd, 4318823.543, 63
Trd, 4318824.243, 140
Trd, 4318825.193, 61
Trd, 4318825.443, 114
Trd, 4318826.193, 140
Trd, 4318826.443, 140
Trd, 4318827.093, 140
Trd, 4318827.143, 138
Trd, 4318828.143, 108
Trd, 4318828.843, 61
Trd, 4318828.893, 80
Trd, 4318830.843, 60
Trd, 4318831.293, 64
Trd, 4318832.243, 66
Trd, 4318832.793, 63
Trd, 4318833.443, 61
Trd, 4318833.793, 62
Trd, 4318835.143, 61
Trd, 4318835.193, 64
Trd, 4318836.593, 60
Trd, 4318836.943, 63
Trd, 4318837.593, 60
Trd, 4318838.393, 60
Trd, 4318838.743, 68
Trd, 4318840.243, 60
Trd, 4318840.343, 62
Trd, 4318840.793, 60
Trd, 4318841.143, 64
Trd, 4318842.693, 78
Trd, 4318842.743, 64
Trd, 4318843.243, 60
Trd, 4318843.993, 62
Trd, 4318844.193, 75
Trd, 4318844.643, 138
Trd, 4318846.093, 60
Trd, 4318846.393, 61
Trd, 4318847.293, 60
Trd, 4318847.993, 60
Trd, 4318848.443, 65
Trd, 4318849.143, 61
Trd, 4318850.293, 61
Trd, 4318850.393, 62
Trd, 4318851.193, 60
Trd, 4318851.493, 66
Trd, 4318851.743, 61
Trd, 4318852.293, 90
Trd, 4318854.343, 60
Trd, 4318854.993, 62
Trd, 4318855.043, 65
Trd, 4318855.143, 123
Trd, 4318857.893, 60
Trd, 4318858.743, 60
Trd, 4318859.293, 60
Trd, 4318860.693, 60
Trd, 4318860.943, 60
Trd, 4318861.043, 62
Trd, 4318862.143, 63
Trd, 4318862.493, 62
Trd, 4318862.543, 64
Trd, 4318863.243, 64
Trd, 4318863.893, 61
Trd, 4318864.143, 74
Trd, 4318864.293, 65
Trd, 4318864.943, 61
Trd, 4318865.843, 61
Trd, 4318866.793, 62
Trd, 4318867.693, 61
Trd, 4318867.943, 81
Trd, 4318868.543, 63
Trd, 4318870.593, 60
Trd, 4318870.943, 62
Trd, 4318871.893, 60
Trd, 4318872.043, 61
Trd, 4318872.193, 62
Trd, 4318872.543, 69
Trd, 4318873.193, 63
Trd, 4318873.643, 62
Trd, 4318875.493, 61
Trd, 4318876.193, 63
Trd, 4318876.443, 60
Trd, 4318877.093, 61
Trd, 4318877.693, 62
Trd, 4318879.143, 60
Trd, 4318879.243, 61
Trd, 4318879.593, 64
Trd, 4318880.543, 60
Trd, 4318881.943, 61
Trd, 4318883.393, 60
Trd, 4318883.743, 62
Trd, 4318883.943, 61
Trd, 4318884.143, 65
Trd, 4318886.043, 60
Trd, 4318886.493, 61
Trd, 4318887.193, 66
Trd, 4318888.093, 64
Trd, 4318888.693, 64
Trd, 4318889.493, 62
Trd, 4318890.043, 62
Trd, 4318890.893, 139
Trd, 4318891.843, 69
Trd, 4318891.943, 105
Trd, 4318892.243, 124
Trd, 4318893.443, 61
Trd, 4318895.193, 63
Trd, 4318895.243, 67
Trd, 4318896.143, 62
Trd, 4318896.593, 61
Trd, 4318897.943, 60
Trd, 4318898.043, 60
Trd, 4318898.893, 61
Trd, 4318899.443, 61
Trd, 4318900.393, 60
Trd, 4318900.493, 62
Trd, 4318900.943, 62
Trd, 4318902.443, 61
Trd, 4318902.693, 63
Trd, 4318903.843, 60
Trd, 4318904.843, 65
Trd, 4318905.043, 61
Trd, 4318906.193, 74
Trd, 4318906.593, 77
Trd, 4318907.143, 140
Trd, 4318907.743, 140
Trd, 4318907.793, 140
Trd, 4318908.143, 127
Trd, 4318908.493, 86
Trd, 4318908.693, 64
Trd, 4318909.643, 140
Trd, 4318909.843, 120
Trd, 4318910.593, 69
Trd, 4318911.293, 62
Trd, 4318913.093, 61
Trd, 4318913.143, 69
Trd, 4318914.343, 62
Trd, 4318914.543, 140
Trd, 4318915.793, 140
Trd, 4318916.093, 140
Trd, 4318916.243, 140
Trd, 4318916.293, 139
Trd, 4318916.393, 137
Trd, 4318917.843, 140
Trd, 4318917.893, 140
Trd, 4318918.843, 140
Trd, 4318919.693, 140
Trd, 4318920.843, 140
Trd, 4318921.243, 139
Trd, 4318921.493, 138
Trd, 4318921.793, 85
Trd, 4318922.943, 124
Trd, 4318923.443, 140
Trd, 4318923.793, 140
Trd, 4318924.393, 62
Trd, 4318924.543, 112
Trd, 4318925.343, 74
Trd, 4318925.593, 68
Trd, 4318928.043, 140
Trd, 4318928.243, 139
Trd, 4318928.843, 139
Trd, 4318928.943, 69
Trd, 4318929.543, 136
Trd, 4318929.893, 140
Trd, 4318930.243, 140
Trd, 4318930.693, 140
Trd, 4318930.943, 140
Trd, 4318931.693, 140
Trd, 4318932.843, 138
Trd, 4318933.443, 140
Trd, 4318933.793, 139
Trd, 4318934.893, 140
Trd, 4318934.993, 140
Trd, 4318935.193, 139
Trd, 4318935.493, 139
Trd, 4318935.643, 138
Trd, 4318937.593, 140
Trd, 4318937.743, 140
Trd, 4318938.493, 140
Trd, 4318939.393, 140
Trd, 4318940.143, 140
Trd, 4318940.243, 140
Trd, 4318940.443, 121
Trd, 4318940.793, 63
Trd, 4318941.593, 60
Trd, 4318942.393, 113
Trd, 4318942.843, 64
Trd, 4318943.393, 60
Trd, 4318943.943, 92
Trd, 4318944.893, 62
Trd, 4318945.343, 140
Trd, 4318945.643, 110
Trd, 4318946.093, 134
Trd, 4318946.143, 110
Trd, 4318946.443, 109
Trd, 4318947.993, 64
Trd, 4318948.893, 62
Trd, 4318949.343, 64
Trd, 4318949.393, 110
Trd, 4318950.093, 66
Trd, 4318950.493, 71
Trd, 4318951.243, 140
Trd, 4318951.843, 65
Trd, 4318952.093, 107
Trd, 4318952.593, 65
Trd, 4318952.943, 139
Trd, 4318954.193, 63
Trd, 4318955.093, 60
Trd, 4318956.043, 61
Trd, 4318957.193, 63
Trd, 4318957.943, 63
Trd, 4318958.793, 61
Trd, 4318960.293, 60
Trd, 4318960.693, 60
Trd, 4318960.943, 68
Trd, 4318960.993, 104
Trd, 4318962.293, 63
Trd, 4318962.743, 67
Trd, 4318963.193, 139
Trd, 4318963.943, 66
Trd, 4318964.693, 140
Trd, 4318964.943, 137
Trd, 4318966.043, 60
Trd, 4318966.443, 60
Trd, 4318968.093, 60
Trd, 4318968.543, 61
Trd, 4318969.743, 62
Trd, 4318970.843, 61
Trd, 4318970.993, 61
Trd, 4318971.293, 63
Trd, 4318972.043, 60
Trd, 4318973.293, 132
Trd, 4318974.293, 67
Trd, 4318975.643, 60
Trd, 4318975.693, 61
Trd, 4318976.743, 62
Trd, 4318977.193, 63
Trd, 4318977.493, 65
Trd, 4318977.843, 71
Trd, 4318979.193, 140
Trd, 4318979.393, 134
Trd, 4318979.893, 75
Trd, 4318980.543, 65
Trd, 4318981.543, 68
Trd, 4318982.343, 100
Trd, 4318982.743, 125
Trd, 4318983.243, 69
Trd, 4318984.043, 61
Trd, 4318985.343, 61
Trd, 4318986.693, 61
Trd, 4318987.343, 60
Trd, 4318988.743, 61
Trd, 4318989.043, 63
Trd, 4318989.143, 60
Trd, 4318989.593, 62
Trd, 4318990.293, 68
Trd, 4318991.093, 60
Trd, 4318991.243, 88
Trd, 4318992.893, 61
Trd, 4318993.193, 63
Trd, 4318993.693, 60
Trd, 4318994.043, 71
Trd, 4318995.293, 64
Trd, 4318995.643, 63
Trd, 4318996.443, 67
Trd, 4318997.643, 67
Trd, 4318998.743, 140
Trd, 4319000.043, 60
Trd, 4319000.643, 62
Trd, 4319001.293, 60
Trd, 4319002.143, 61
Trd, 4319002.393, 61
Trd, 4319003.793, 60
Trd, 4319003.943, 60
Trd, 4319005.193, 61
Trd, 4319006.893, 61
Trd, 4319007.193, 61
Trd, 4319007.293, 62
Trd, 4319007.693, 60
Trd, 4319009.743, 77
Trd, 4319010.443, 62
Trd, 4319010.543, 64
Trd, 4319010.693, 60
Trd, 4319011.093, 78
Trd, 4319011.143, 137
Trd, 4319012.093, 65
Trd, 4319012.893, 63
Trd, 4319012.993, 67
Trd, 4319013.643, 66
Trd, 4319013.993, 62
Trd, 4319014.743, 93
Trd, 4319015.493, 85
Trd, 4319016.843, 60
Trd, 4319017.343, 63
Trd, 4319017.493, 60
Trd, 4319019.493, 60
Trd, 4319020.143, 60
Trd, 4319020.843, 61
Trd, 4319022.093, 61
Trd, 4319022.293, 63
Trd, 4319023.093, 60
Trd, 4319023.193, 61
Trd, 4319023.293, 63
Trd, 4319024.193, 63
Trd, 4319025.243, 61
Trd, 4319027.893, 60
Trd, 4319028.143, 61
Trd, 4319029.243, 60
Trd, 4319029.343, 61
Trd, 4319030.343, 61
Trd, 4319030.743, 62
Trd, 4319030.843, 68
Trd, 4319031.043, 88
Trd, 4319031.443, 80
Trd, 4319031.743, 66
Trd, 4319032.443, 63
Trd, 4319032.593, 91
Trd, 4319032.793, 140
Trd, 4319033.793, 60
Trd, 4319035.043, 60
Trd, 4319035.193, 72
Trd, 4319035.993, 61
Trd, 4319036.593, 64
Trd, 4319038.143, 60
Trd, 4319039.293, 62
Trd, 4319039.893, 61
Trd, 4319040.993, 61
Trd, 4319041.393, 61
Trd, 4319042.693, 60
Trd, 4319042.743, 62
Trd, 4319042.893, 84
Trd, 4319043.443, 134
Trd, 4319044.043, 61
Trd, 4319045.593, 60
Trd, 4319045.693, 60
Trd, 4319046.693, 60
Trd, 4319047.343, 61
Trd, 4319047.843, 64
Trd, 4319048.143, 64
Trd, 4319049.143, 64
Trd, 4319049.593, 61
Trd, 4319049.893, 90
Trd, 4319050.493, 66
Trd, 4319050.693, 70
Trd, 4319053.943, 60
Trd, 4319054.043, 60
Trd, 4319054.343, 60
Trd, 4319054.893, 60
Trd, 4319054.993, 61
Trd, 4319055.893, 61
Trd, 4319056.793, 62
Trd, 4319056.843, 61
Trd, 4319057.093, 63
Trd, 4319057.593, 62
Trd, 4319057.843, 138
Trd, 4319058.893, 99
Trd, 4319059.393, 95
Trd, 4319061.193, 63
Trd, 4319061.793, 61
Trd, 4319062.643, 60
Trd, 4319063.093, 63
Trd, 4319063.193, 64
Trd, 4319064.943, 61
Trd, 4319065.093, 63
Trd, 4319065.843, 63
Trd, 4319067.593, 64
Trd, 4319067.743, 64
Trd, 4319068.193, 62
Trd, 4319068.343, 63
Trd, 4319068.943, 60
Trd, 4319069.243, 60
Trd, 4319069.393, 67
Trd, 4319069.943, 139
Trd, 4319071.193, 139
Trd, 4319071.643, 64
Trd, 4319072.293, 65
Trd, 4319073.243, 64
Trd, 4319075.093, 62
Trd, 4319075.443, 61
Trd, 4319076.243, 139
Trd, 4319077.243, 69
Trd, 4319077.543, 75
Trd, 4319078.693, 60
Trd, 4319078.843, 88
Trd, 4319079.843, 63
Trd, 4319080.693, 66
Trd, 4319081.043, 61
Trd, 4319081.093, 76
Trd, 4319082.343, 140
Trd, 4319082.893, 140
Trd, 4319083.043, 139
Trd, 4319083.593, 140
Trd, 4319084.493, 65
Trd, 4319085.743, 140
Trd, 4319086.393, 140
Trd, 4319086.493, 140
Trd, 4319086.593, 140
Trd, 4319086.893, 140
Trd, 4319087.943, 61
Trd, 4319088.943, 60
Trd, 4319090.193, 64
Trd, 4319090.743, 60
Trd, 4319090.943, 128
Trd, 4319091.093, 60
Trd, 4319091.493, 63
Trd, 4319091.843, 65
Trd, 4319093.043, 62
Trd, 4319093.943, 60
Trd, 4319095.293, 62
Trd, 4319095.443, 67
Trd, 4319096.193, 140
Trd, 4319097.293, 60
Trd, 4319098.043, 66
Trd, 4319098.743, 98
Trd, 4319099.543, 140
Trd, 4319100.943, 61
Trd, 4319102.243, 63
Trd, 4319102.493, 65
Trd, 4319102.993, 61
Trd, 4319103.143, 63
Trd, 4319104.643, 60
Trd, 4319105.493, 60
Trd, 4319105.843, 60
Trd, 4319105.893, 60
Trd, 4319106.543, 62
Trd, 4319106.893, 71
Trd, 4319107.393, 61
Trd, 4319109.443, 61
Trd, 4319109.843, 62
Trd, 4319110.443, 61
Trd, 4319111.593, 60
Trd, 4319111.893, 60
Trd, 4319112.893, 62
Trd, 4319113.693, 62
Trd, 4319114.043, 63
Trd, 4319115.093, 60
Trd, 4319115.743, 140
Trd, 4319116.143, 140
Trd, 4319117.043, 140
Trd, 4319117.143, 140
Trd, 4319117.543, 138
Trd, 4319118.343, 138
Trd, 4319118.643, 137
Trd, 4319118.893, 136
Trd, 4319119.943, 66
Trd, 4319121.393, 62
Trd, 4319121.693, 64
Trd, 4319123.143, 60
Trd, 4319123.343, 63
Trd, 4319123.593, 64
Trd, 4319124.043, 60
Trd, 4319124.593, 60
Trd, 4319126.043, 63
Trd, 4319126.093, 68
Trd, 4319127.043, 60
Trd, 4319127.743, 64
Trd, 4319128.943, 62
Trd, 4319129.193, 60
Trd, 4319129.943, 60
Trd, 4319131.143, 61
Trd, 4319131.693, 60
Trd, 4319132.143, 62
Trd, 4319132.193, 65
Trd, 4319132.243, 105
Trd, 4319132.543, 62
Trd, 4319132.793, 61
Trd, 4319133.393, 85
Trd, 4319134.993, 63
Trd, 4319135.943, 61
Trd, 4319136.343, 60
Trd, 4319136.493, 64
Trd, 4319137.643, 60
Trd, 4319138.943, 60
Trd, 4319139.493, 63
Trd, 4319139.643, 75
Trd, 4319140.993, 71
Trd, 4319142.243, 60
Trd, 4319142.443, 60
Trd, 4319143.643, 60
Trd, 4319144.043, 60
Trd, 4319144.243, 66
Trd, 4319144.543, 60
Trd, 4319147.593, 60
Trd, 4319148.343, 64
Trd, 4319148.443, 64
Trd, 4319148.493, 69
Trd, 4319148.843, 65
Trd, 4319149.193, 140
Trd, 4319149.843, 137
Trd, 4319150.693, 83
Trd, 4319151.043, 140
Trd, 4319151.893, 64
Trd, 4319153.193, 61
Trd, 4319153.243, 64
Trd, 4319154.043, 61
Trd, 4319154.493, 62
Trd, 4319154.693, 64
Trd, 4319155.193, 71
Trd, 4319155.843, 61
Trd, 4319156.293, 65
Trd, 4319156.843, 60
Trd, 4319157.043, 64
Trd, 4319157.343, 119
Trd, 4319157.693, 64
Trd, 4319158.543, 67
Trd, 4319161.043, 65
Trd, 4319161.343, 63
Trd, 4319162.343, 68
Trd, 4319163.093, 67
Trd, 4319163.293, 75
Trd, 4319164.393, 60
Trd, 4319165.743, 65
Trd, 4319165.993, 66
Trd, 4319167.043, 60
Trd, 4319167.643, 60
Trd, 4319168.493, 60
Trd, 4319168.993, 61
Trd, 4319169.293, 61
Trd, 4319170.743, 61
Trd, 4319170.893, 61
Trd, 4319171.243, 62
Trd, 4319171.943, 81
Trd, 4319172.643, 63
Trd, 4319174.393, 62
Trd, 4319174.643, 64
Trd, 4319175.643, 61
Trd, 4319176.093, 61
Trd, 4319176.593, 62
Trd, 4319177.143, 63
Trd, 4319177.743, 137
Trd, 4319177.943, 98
Trd, 4319177.993, 105
Trd, 4319178.743, 140
Trd, 4319179.493, 135
Trd, 4319179.793, 134
Trd, 4319179.943, 61
Trd, 4319180.093, 136
Trd, 4319181.093, 68
Trd, 4319182.643, 61
Trd, 4319183.243, 60
Trd, 4319183.543, 63
Trd, 4319183.743, 122
Trd, 4319185.243, 61
Trd, 4319186.543, 68
Trd, 4319186.993, 69
Trd, 4319187.543, 61
Trd, 4319188.543, 62
Trd, 4319188.693, 61
Trd, 4319189.043, 96
Trd, 4319189.343, 140
Trd, 4319189.893, 140
Trd, 4319189.993, 140
Trd, 4319190.943, 140
Trd, 4319190.993, 139
Trd, 4319191.243, 139
Trd, 4319191.293, 138
Trd, 4319192.943, 64
Trd, 4319193.293, 67
Trd, 4319193.743, 76
Trd, 4319195.093, 65
Trd, 4319195.443, 63
Trd, 4319197.893, 60
Trd, 4319199.743, 61
Trd, 4319199.893, 61
Trd, 4319200.343, 63
Trd, 4319200.993, 62
Trd, 4319201.043, 63
Trd, 4319201.743, 61
Trd, 4319202.143, 82
Trd, 4319203.193, 140
Trd, 4319203.293, 140
Trd, 4319203.843, 132
Trd, 4319204.693, 62
Trd, 4319204.943, 64
Trd, 4319205.543, 61
Trd, 4319206.043, 73
Trd, 4319207.193, 60
Trd, 4319208.143, 64
Trd, 4319208.393, 86
Trd, 4319208.793, 70
Trd, 4319209.043, 61
Trd, 4319210.593, 68
Trd, 4319210.943, 66
Trd, 4319210.993, 65
Trd, 4319211.193, 90
Trd, 4319211.393, 140
Trd, 4319212.243, 76
Trd, 4319213.693, 63
Trd, 4319214.443, 67
Trd, 4319215.093, 65
Trd, 4319215.693, 69
Trd, 4319216.193, 61
Trd, 4319216.893, 60
Trd, 4319218.393, 61
Trd, 4319219.093, 60
Trd, 4319219.393, 60
Trd, 4319220.943, 60
Trd, 4319222.693, 61
Trd, 4319223.393, 61
Trd, 4319224.043, 60
Trd, 4319224.393, 61
Trd, 4319225.543, 62
Trd, 4319225.843, 74
Trd, 4319226.693, 61
Trd, 4319227.193, 61
Trd, 4319227.693, 62
Trd, 4319228.743, 123
Trd, 4319229.343, 112
Trd, 4319229.643, 62
Trd, 4319230.443, 65
Trd, 4319231.093, 63
Trd, 4319232.443, 64
Trd, 4319232.993, 63
Trd, 4319233.043, 62
Trd, 4319234.293, 63
Trd, 4319235.493, 62
Trd, 4319235.543, 65
Trd, 4319235.593, 70
Trd, 4319237.343, 60
Trd, 4319237.543, 60
Trd, 4319238.693, 60
Trd, 4319238.793, 82
Trd, 4319238.993, 83
Trd, 4319241.193, 62
Trd, 4319242.293, 60
Trd, 4319243.093, 62
Trd, 4319243.693, 60
Trd, 4319244.543, 62
Trd, 4319245.143, 61
Trd, 4319245.893, 61
Trd, 4319246.293, 60
Trd, 4319246.543, 62
Trd, 4319247.093, 63
Trd, 4319248.293, 60
Trd, 4319249.493, 64
Trd, 4319250.143, 61
Trd, 4319251.293, 62
Trd, 4319251.493, 64
Trd, 4319251.643, 61
Trd, 4319252.043, 140
Trd, 4319252.143, 123
Trd, 4319252.693, 139
Trd, 4319252.943, 140
Trd, 4319253.893, 140
Trd, 4319253.993, 140
Trd, 4319254.443, 67
Trd, 4319256.143, 139
Trd, 4319256.593, 132
Trd, 4319258.443, 60
Trd, 4319259.193, 60
Trd, 4319259.743, 60
Trd, 4319260.643, 62
Trd, 4319260.993, 64
Trd, 4319261.993, 69
Trd, 4319263.443, 61
Trd, 4319263.493, 67
Trd, 4319263.643, 80
Trd, 4319264.943, 61
Trd, 4319265.693, 61
Trd, 4319265.843, 72
Trd, 4319266.843, 139
Trd, 4319266.993, 62
Trd, 4319268.743, 60
Trd, 4319269.343, 63
Trd, 4319269.593, 60
Trd, 4319269.943, 65
Trd, 4319270.643, 62
Trd, 4319270.893, 66
Trd, 4319271.493, 61
Trd, 4319273.243, 60
Trd, 4319273.643, 60
Trd, 4319274.443, 64
Trd, 4319274.493, 64
Trd, 4319274.693, 102
Trd, 4319274.843, 129
Trd, 4319275.243, 66
Trd, 4319276.793, 63
Trd, 4319276.943, 62
Trd, 4319277.193, 67
Trd, 4319278.093, 60
Trd, 4319278.443, 110
Trd, 4319279.043, 62
Trd, 4319281.043, 60
Trd, 4319282.643, 60
Trd, 4319283.543, 61
Trd, 4319283.643, 62
Trd, 4319284.243, 60
Trd, 4319284.443, 61
Trd, 4319285.343, 66
Trd, 4319286.543, 60
Trd, 4319286.693, 60
Trd, 4319287.443, 60
Trd, 4319287.743, 65
Trd, 4319288.693, 63
Trd, 4319290.743, 60
Trd, 4319291.043, 61
Trd, 4319291.643, 60
Trd, 4319291.993, 61
Trd, 4319292.643, 139
Trd, 4319293.243, 61
Trd, 4319294.393, 62
Trd, 4319294.643, 66
Trd, 4319295.043, 131
Trd, 4319295.893, 140
Trd, 4319295.993, 138
Trd, 4319296.293, 139
Trd, 4319297.143, 137
Trd, 4319297.943, 139
Trd, 4319297.993, 92
Trd, 4319298.243, 72
Trd, 4319299.143, 63
Trd, 4319300.193, 60
Trd, 4319300.443, 66
Trd, 4319301.093, 60
Trd, 4319302.193, 66
Trd, 4319303.493, 85
Trd, 4319303.993, 62
Trd, 4319304.493, 60
Trd, 4319305.443, 61
Trd, 4319306.143, 67
Trd, 4319306.843, 66
Trd, 4319307.543, 60
Trd, 4319308.843, 64
Trd, 4319309.093, 69
Trd, 4319310.193, 70
Trd, 4319310.293, 120
Trd, 4319310.593, 61
Trd, 4319311.543, 62
Trd, 4319312.243, 63
Trd, 4319312.343, 67
Trd, 4319313.143, 67
Trd, 4319313.993, 60
Trd, 4319314.243, 87
Trd, 4319315.393, 140
Trd, 4319315.943, 140
Trd, 4319316.243, 140
Trd, 4319316.293, 139
Trd, 4319317.243, 132
Trd, 4319317.393, 131
Trd, 4319317.943, 69
Trd, 4319318.243, 77
Trd, 4319318.593, 60
Trd, 4319319.143, 137
Trd, 4319319.793, 60
Trd, 4319322.243, 61
Trd, 4319322.493, 64
Trd, 4319323.293, 61
Trd, 4319323.893, 61
Trd, 4319326.243, 60
Trd, 4319326.293, 60
Trd, 4319326.343, 62
Trd, 4319327.693, 60
Trd, 4319328.143, 61
Trd, 4319328.343, 65
Trd, 4319329.743, 63
Trd, 4319330.593, 61
Trd, 4319330.743, 70
Trd, 4319330.893, 95
Trd, 4319330.943, 60
Trd, 4319331.343, 136
Trd, 4319332.493, 138
Trd, 4319333.343, 65
Trd, 4319334.093, 65
Trd, 4319334.443, 140
Trd, 4319335.243, 135
Trd, 4319335.343, 121
Trd, 4319336.693, 64
Trd, 4319336.993, 69
Trd, 4319337.143, 85
Trd, 4319338.293, 65
Trd, 4319338.393, 67
Trd, 4319339.893, 63
Trd, 4319339.943, 89
Trd, 4319341.193, 61
Trd, 4319341.493, 62
Trd, 4319342.993, 65
Trd, 4319343.443, 62
Trd, 4319344.343, 64
Trd, 4319344.593, 67
Trd, 4319346.243, 60
Trd, 4319347.393, 61
Trd, 4319347.993, 62
Trd, 4319348.243, 63
Trd, 4319348.493, 60
Trd, 4319349.493, 60
Trd, 4319349.693, 61
Trd, 4319349.843, 63
Trd, 4319351.643, 136
Trd, 4319352.893, 60
Trd, 4319353.843, 63
Trd, 4319354.143, 68
Trd, 4319354.343, 77
Trd, 4319354.493, 77
Trd, 4319355.943, 64
Trd, 4319356.293, 77
Trd, 4319356.793, 115
Trd, 4319357.743, 74
Trd, 4319357.793, 71
Trd, 4319357.943, 70
Trd, 4319358.243, 66
Trd, 4319359.393, 81
Trd, 4319359.593, 119
Trd, 4319360.093, 87
Trd, 4319360.693, 60
Trd, 4319361.393, 139
Trd, 4319361.593, 140
Trd, 4319362.843, 65
Trd, 4319363.643, 140
Trd, 4319363.993, 140
Trd, 4319364.393, 140
Trd, 4319365.143, 140
Trd, 4319365.543, 140
Trd, 4319366.093, 139
Trd, 4319366.343, 138
Trd, 4319367.043, 140
Trd, 4319367.293, 140
Trd, 4319367.843, 140
Trd, 4319368.043, 140
Trd, 4319368.393, 70
Trd, 4319369.243, 140
Trd, 4319370.493, 140
Trd, 4319370.993, 140
Trd, 4319371.843, 140
Trd, 4319371.993, 140
Trd, 4319372.043, 140
Trd, 4319373.143, 140
Trd, 4319373.543, 139
Trd, 4319373.893, 66
Trd, 4319375.193, 138
Trd, 4319375.243, 138
Trd, 4319375.293, 137
Trd, 4319375.393, 132
Trd, 4319376.793, 140
Trd, 4319376.843, 105
Trd, 4319377.343, 140
Trd, 4319379.643, 138
Trd, 4319379.843, 138
Trd, 4319380.093, 137
Trd, 4319380.193, 120
Trd, 4319381.743, 139
Trd, 4319381.793, 137
Trd, 4319382.743, 133
Trd, 4319383.743, 60
Trd, 4319383.793, 60
Trd, 4319384.743, 65
Trd, 4319386.293, 61
Trd, 4319386.343, 62
Trd, 4319387.193, 64
Trd, 4319387.593, 62
Trd, 4319387.693, 72
Trd, 4319390.143, 61
Trd, 4319391.293, 62
Trd, 4319391.843, 62
Trd, 4319392.193, 61
Trd, 4319392.543, 62
Trd, 4319393.293, 89
Trd, 4319393.443, 68
Trd, 4319393.943, 66
Trd, 4319394.493, 70
Trd, 4319394.643, 100
Trd, 4319394.893, 65
Trd, 4319396.093, 118
Trd, 4319396.643, 140
Trd, 4319397.643, 60
Trd, 4319398.043, 61
Trd, 4319400.093, 60
Trd, 4319400.143, 61
Trd, 4319400.993, 61
Trd, 4319401.143, 70
Trd, 4319402.243, 63
Trd, 4319402.793, 60
Trd, 4319403.543, 61
Trd, 4319403.593, 64
Trd, 4319405.443, 66
Trd, 4319405.893, 66
Trd, 4319406.893, 60
Trd, 4319407.193, 62
Trd, 4319407.543, 63
Trd, 4319407.643, 73
Trd, 4319409.193, 61
Trd, 4319409.493, 64
Trd, 4319410.593, 62
Trd, 4319411.593, 61
Trd, 4319412.493, 62
Trd, 4319412.943, 63
Trd, 4319413.043, 64
Trd, 4319414.693, 63
Trd, 4319415.043, 72
Trd, 4319416.093, 60
Trd, 4319416.743, 60
Trd, 4319418.443, 60
Trd, 4319418.643, 61
Trd, 4319418.993, 61
Trd, 4319419.043, 62
Trd, 4319419.293, 60
Trd, 4319419.793, 139
Trd, 4319420.093, 60
Trd, 4319421.743, 139
Trd, 4319421.843, 139
Trd, 4319421.993, 140
Trd, 4319422.443, 109
Trd, 4319422.743, 139
Trd, 4319423.143, 62
Trd, 4319423.843, 75
Trd, 4319424.343, 71
Trd, 4319427.193, 61
Trd, 4319427.593, 62
Trd, 4319428.243, 61
Trd, 4319428.393, 62
Trd, 4319428.843, 60
Trd, 4319429.043, 84
Trd, 4319429.293, 69
Trd, 4319430.243, 60
Trd, 4319431.293, 85
Trd, 4319431.493, 74
Trd, 4319432.693, 62
Trd, 4319433.893, 60
Trd, 4319433.993, 61
Trd, 4319434.743, 60
Trd, 4319435.943, 62
Trd, 4319436.293, 62
Trd, 4319436.593, 63
Trd, 4319437.243, 66
Trd, 4319437.793, 62
Trd, 4319438.543, 71
Trd, 4319438.693, 70
Trd, 4319440.193, 65
Trd, 4319440.243, 90
Trd, 4319440.393, 64
Trd, 4319440.743, 138
Trd, 4319441.593, 63
Trd, 4319441.643, 129
Trd, 4319442.593, 64
Trd, 4319444.543, 60
Trd, 4319444.843, 61
Trd, 4319445.393, 62
Trd, 4319446.843, 62
Trd, 4319447.543, 61
Trd, 4319448.143, 63
Trd, 4319451.043, 60
Trd, 4319452.143, 60
Trd, 4319452.243, 61
Trd, 4319452.393, 62
Trd, 4319452.793, 60
Trd, 4319452.843, 70
Trd, 4319454.093, 63
Trd, 4319454.493, 66
Trd, 4319454.543, 63
Trd, 4319454.793, 61
Trd, 4319455.143, 61
Trd, 4319455.543, 79
Trd, 4319457.543, 62
Trd, 4319458.393, 61
Trd, 4319459.193, 60
Trd, 4319459.243, 61
Trd, 4319460.393, 65
Trd, 4319460.443, 66
Trd, 4319462.843, 61
Trd, 4319463.443, 61
Trd, 4319464.543, 62
Trd, 4319465.093, 61
Trd, 4319465.293, 62
Trd, 4319466.143, 60
Trd, 4319466.193, 64
Trd, 4319466.393, 64
Trd, 4319467.743, 62
Trd, 4319467.943, 64
Trd, 4319468.493, 140
Trd, 4319468.693, 140
Trd, 4319468.793, 68
Trd, 4319469.743, 67
Trd, 4319470.093, 61
Trd, 4319470.943, 140
Trd, 4319471.243, 140
Trd, 4319472.093, 137
Trd, 4319472.393, 136
Trd, 4319473.093, 60
Trd, 4319473.693, 61
Trd, 4319473.743, 130
Trd, 4319474.443, 61
Trd, 4319475.193, 60
Trd, 4319475.393, 74
Trd, 4319476.443, 60
Trd, 4319476.643, 63
Trd, 4319477.393, 60
Trd, 4319479.493, 60
Trd, 4319479.993, 60
Trd, 4319480.243, 66
Trd, 4319480.793, 61
Trd, 4319481.893, 62
Trd, 4319482.943, 60
Trd, 4319484.543, 61
Trd, 4319485.343, 62
Trd, 4319485.993, 68
Trd, 4319486.993, 63
Trd, 4319487.143, 63
Trd, 4319487.543, 62
Trd, 4319488.693, 60
Trd, 4319490.243, 140
Trd, 4319490.293, 140
Trd, 4319490.893, 140
Trd, 4319491.043, 139
Trd, 4319492.093, 139
Trd, 4319492.643, 76
Trd, 4319493.293, 60
Trd, 4319493.343, 64
Trd, 4319493.843, 71
Trd, 4319495.443, 60
Trd, 4319495.543, 61
Trd, 4319496.843, 63
Trd, 4319497.543, 62
Trd, 4319499.143, 60
Trd, 4319499.393, 60
Trd, 4319499.943, 60
Trd, 4319501.793, 61
Trd, 4319502.743, 62
Trd, 4319503.293, 64
Trd, 4319503.343, 64
Trd, 4319503.593, 65
Trd, 4319503.693, 69
Trd, 4319503.743, 64
Trd, 4319504.843, 65
Trd, 4319505.243, 65
Trd, 4319505.543, 69
Trd, 4319506.743, 61
Trd, 4319506.943, 140
Trd, 4319507.943, 63
Trd, 4319507.993, 63
Trd, 4319508.993, 62
Trd, 4319509.843, 60
Trd, 4319510.743, 63
Trd, 4319511.193, 73
Trd, 4319511.893, 70
Trd, 4319512.793, 63
Trd, 4319513.243, 63
Trd, 4319515.793, 62
Trd, 4319516.443, 61
Trd, 4319516.593, 62
Trd, 4319516.743, 66
Trd, 4319517.243, 60
Trd, 4319517.443, 66
Trd, 4319517.743, 67
Trd, 4319518.293, 60
Trd, 4319518.743, 68
Trd, 4319519.443, 64
Trd, 4319519.593, 62
Trd, 4319520.843, 67
Trd, 4319521.743, 69
Trd, 4319522.393, 83
Trd, 4319522.693, 139
Trd, 4319522.793, 82
Trd, 4319523.343, 86
Trd, 4319524.093, 62
Trd, 4319525.193, 128
Trd, 4319525.493, 136
Trd, 4319525.893, 140
Trd, 4319527.043, 77
Trd, 4319528.843, 60
Trd, 4319530.243, 60
Trd, 4319530.593, 65
Trd, 4319530.893, 67
Trd, 4319530.943, 68
Trd, 4319532.343, 62
Trd, 4319532.743, 61
Trd, 4319533.493, 62
Trd, 4319534.093, 62
Trd, 4319534.893, 66
Trd, 4319535.143, 65
Trd, 4319537.043, 60
Trd, 4319537.343, 60
Trd, 4319538.493, 60
Trd, 4319539.093, 62
Trd, 4319539.143, 63
Trd, 4319539.393, 61
Trd, 4319539.843, 60
Trd, 4319539.943, 73
Trd, 4319540.543, 91
Trd, 4319541.593, 66
Trd, 4319541.843, 62
Trd, 4319542.793, 67
Trd, 4319543.143, 72
Trd, 4319544.593, 60
Trd, 4319544.943, 64
Trd, 4319546.743, 60
Trd, 4319546.793, 60
Trd, 4319546.893, 60
Trd, 4319547.393, 62
Trd, 4319548.293, 62
Trd, 4319549.693, 62
Trd, 4319549.893, 62
Trd, 4319549.943, 64
Trd, 4319550.493, 140
Trd, 4319551.293, 60
Trd, 4319553.693, 61
Trd, 4319554.193, 63
Trd, 4319556.143, 60
Trd, 4319556.493, 60
Trd, 4319556.593, 60
Trd, 4319558.043, 60
Trd, 4319558.093, 61
Trd, 4319558.143, 68
Trd, 4319558.493, 87
Trd, 4319561.143, 60
Trd, 4319561.743, 60
Trd, 4319561.893, 61
Trd, 4319562.843, 61
Trd, 4319562.893, 68
Trd, 4319563.643, 73
Trd, 4319563.843, 97
Trd, 4319564.693, 60
Trd, 4319566.093, 60
Trd, 4319567.643, 60
Trd, 4319567.793, 65
Trd, 4319567.993, 60
Trd, 4319568.043, 65
Trd, 4319568.193, 81
Trd, 4319568.993, 60
Trd, 4319569.843, 61
Trd, 4319570.193, 61
Trd, 4319571.893, 61
Trd, 4319572.293, 62
Trd, 4319573.343, 64
Trd, 4319573.543, 66
Trd, 4319573.993, 137
Trd, 4319574.743, 138
Trd, 4319576.643, 61
Trd, 4319576.893, 62
Trd, 4319577.393, 60
Trd, 4319578.493, 62
Trd, 4319578.793, 61
Trd, 4319579.443, 66
Trd, 4319580.243, 60
Trd, 4319580.443, 63
Trd, 4319582.443, 61
Trd, 4319582.743, 63
Trd, 4319584.193, 71
Trd, 4319584.343, 75
Trd, 4319585.393, 62
Trd, 4319586.693, 60
Trd, 4319586.943, 61
Trd, 4319588.343, 60
Trd, 4319588.843, 63
Trd, 4319588.993, 68
Trd, 4319590.443, 62
Trd, 4319591.843, 62
Trd, 4319592.843, 60
Trd, 4319593.143, 61
Trd, 4319593.693, 60
Trd, 4319596.343, 60
Trd, 4319596.643, 61
Trd, 4319597.543, 61
Trd, 4319598.293, 62
Trd, 4319598.443, 63
Trd, 4319598.593, 63
Trd, 4319599.093, 60
Trd, 4319599.593, 60
Trd, 4319600.593, 60
Trd, 4319600.843, 61
Trd, 4319601.193, 67
Trd, 4319601.593, 102
Trd, 4319602.993, 139
Trd, 4319603.593, 66
Trd, 4319603.643, 69
Trd, 4319604.093, 66
Trd, 4319605.693, 61
Trd, 4319606.893, 60
Trd, 4319607.243, 64
Trd, 4319607.293, 116
Trd, 4319608.093, 60
Trd, 4319608.843, 68
Trd, 4319609.393, 61
Trd, 4319610.043, 60
Trd, 4319611.343, 60
Trd, 4319612.043, 62
Trd, 4319612.543, 61
Trd, 4319612.843, 63
Trd, 4319612.993, 64
Trd, 4319613.193, 92
Trd, 4319614.643, 61
Trd, 4319615.543, 60
Trd, 4319616.243, 60
Trd, 4319616.693, 60
Trd, 4319616.893, 65
Trd, 4319617.393, 65
Trd, 4319617.693, 67
Trd, 4319618.543, 60
Trd, 4319618.643, 67
Trd, 4319620.743, 61
Trd, 4319621.043, 60
Trd, 4319622.543, 60
Trd, 4319622.643, 66
Trd, 4319623.993, 67
Trd, 4319624.093, 75
Trd, 4319624.543, 60
Trd, 4319624.943, 60
Trd, 4319626.593, 60
Trd, 4319626.743, 62
Trd, 4319627.293, 60
Trd, 4319627.843, 63
Trd, 4319628.293, 60
Trd, 4319629.443, 63
Trd, 4319629.493, 61
Trd, 4319629.893, 99
Trd, 4319630.443, 60
Trd, 4319630.543, 63
Trd, 4319631.793, 66
Trd, 4319633.193, 61
Trd, 4319633.643, 73
Trd, 4319634.093, 62
Trd, 4319634.493, 64
Trd, 4319634.593, 67
Trd, 4319635.493, 61
Trd, 4319636.343, 90
Trd, 4319636.993, 65
Trd, 4319637.743, 60
Trd, 4319638.743, 60
Trd, 4319639.843, 61
Trd, 4319640.943, 61
Trd, 4319641.143, 63
Trd, 4319641.593, 68
Trd, 4319643.443, 62
Trd, 4319643.793, 64
Trd, 4319644.093, 61
Trd, 4319645.093, 71
Trd, 4319645.643, 138
Trd, 4319645.943, 112
Trd, 4319647.393, 127
Trd, 4319647.743, 127
Trd, 4319647.943, 118
Trd, 4319648.443, 140
Trd, 4319648.693, 140
Trd, 4319649.443, 79
Trd, 4319649.993, 140
Trd, 4319650.393, 64
Trd, 4319650.943, 140
Trd, 4319651.893, 60
Trd, 4319652.343, 60
Trd, 4319652.393, 61
Trd, 4319652.893, 64
Trd, 4319653.493, 139
Trd, 4319654.743, 63
Trd, 4319655.493, 62
Trd, 4319655.893, 64
Trd, 4319656.393, 60
Trd, 4319657.043, 64
Trd, 4319657.293, 81
Trd, 4319657.943, 62
Trd, 4319658.893, 63
Trd, 4319661.043, 60
Trd, 4319661.643, 86
Trd, 4319662.043, 140
Trd, 4319662.443, 140
Trd, 4319662.893, 91
Trd, 4319663.393, 118
Trd, 4319664.093, 134
Trd, 4319664.143, 133
Trd, 4319665.493, 61
Trd, 4319666.143, 139
Trd, 4319667.093, 64
Trd, 4319667.843, 62
Trd, 4319668.593, 61
Trd, 4319669.793, 60
Trd, 4319670.043, 61
Trd, 4319670.843, 117
Trd, 4319671.543, 133
Trd, 4319673.243, 140
Trd, 4319673.393, 140
Trd, 4319673.693, 140
Trd, 4319673.993, 140
Trd, 4319674.043, 138
Trd, 4319674.493, 138
Trd, 4319675.093, 140
Trd, 4319676.543, 140
Trd, 4319676.693, 140
Trd, 4319677.993, 138
Trd, 4319678.543, 140
Trd, 4319679.043, 137
Trd, 4319679.543, 139
Trd, 4319680.193, 140
Trd, 4319680.543, 137
Trd, 4319681.443, 140
Trd, 4319681.593, 136
Trd, 4319682.793, 140
Trd, 4319683.493, 140
Trd, 4319684.193, 140
Trd, 4319684.293, 140
Trd, 4319684.993, 140
Trd, 4319686.093, 140
Trd, 4319686.293, 140
Trd, 4319687.093, 139
Trd, 4319688.393, 140
Trd, 4319688.693, 140
Trd, 4319689.193, 140
Trd, 4319689.243, 140
Trd, 4319689.543, 140
Trd, 4319689.643, 140
Trd, 4319690.243, 78
Trd, 4319690.893, 140
Trd, 4319691.693, 139
Trd, 4319692.143, 139
Trd, 4319692.293, 108
Trd, 4319693.293, 88
Trd, 4319694.593, 140
Trd, 4319695.443, 139
Trd, 4319695.693, 137
Trd, 4319695.943, 109
Trd, 4319696.243, 88
Trd, 4319696.893, 140
Trd, 4319697.693, 140
Trd, 4319699.343, 140
Trd, 4319699.593, 140
Trd, 4319699.793, 139
Trd, 4319700.093, 132
Trd, 4319701.193, 60
Trd, 4319702.143, 66
Trd, 4319702.243, 78
Trd, 4319702.793, 61
Trd, 4319703.843, 62
Trd, 4319704.193, 102
Trd, 4319705.843, 61
Trd, 4319706.493, 62
Trd, 4319706.543, 63
Trd, 4319707.393, 61
Trd, 4319707.893, 61
Trd, 4319708.293, 61
Trd, 4319710.493, 66
Trd, 4319711.243, 61
Trd, 4319711.593, 63
Trd, 4319712.343, 60
Trd, 4319712.643, 63
Trd, 4319713.193, 118
Trd, 4319714.393, 66
Trd, 4319715.293, 60
Trd, 4319716.293, 62
Trd, 4319716.343, 63
Trd, 4319717.243, 60
Trd, 4319717.643, 66
Trd, 4319719.793, 62
Trd, 4319720.143, 63
Trd, 4319721.793, 60
Trd, 4319721.943, 60
Trd, 4319722.593, 64
Trd, 4319722.643, 65
Trd, 4319723.293, 65
Trd, 4319723.993, 60
Trd, 4319725.193, 60
Trd, 4319725.543, 62
Trd, 4319726.343, 62
Trd, 4319726.493, 64
Trd, 4319728.193, 64
Trd, 4319728.593, 114
Trd, 4319729.293, 63
Trd, 4319730.193, 60
Trd, 4319731.393, 60
Trd, 4319732.543, 62
Trd, 4319732.743, 68
Trd, 4319732.893, 61
Trd, 4319733.143, 65
Trd, 4319733.493, 69
Trd, 4319734.393, 119
Trd, 4319734.943, 139
Trd, 4319734.993, 93
Trd, 4319735.693, 87
Trd, 4319736.593, 129
Trd, 4319736.743, 128
Trd, 4319737.393, 64
Trd, 4319737.593, 131
Trd, 4319739.543, 60
Trd, 4319740.943, 60
Trd, 4319740.993, 61
Trd, 4319741.193, 62
Trd, 4319741.293, 65
Trd, 4319741.393, 82
Trd, 4319743.093, 140
Trd, 4319743.293, 140
Trd, 4319743.443, 140
Trd, 4319744.243, 140
Trd, 4319744.643, 102
Trd, 4319745.043, 66
Trd, 4319745.643, 62
Trd, 4319747.093, 68
Trd, 4319747.743, 68
Trd, 4319748.393, 62
Trd, 4319750.293, 60
Trd, 4319750.743, 60
Trd, 4319751.893, 62
Trd, 4319752.093, 64
Trd, 4319752.593, 62
Trd, 4319753.893, 60
Trd, 4319753.943, 61
Trd, 4319755.043, 71
Trd, 4319755.293, 67
Trd, 4319755.793, 60
Trd, 4319756.843, 69
Trd, 4319758.093, 63
Trd, 4319759.393, 60
Trd, 4319760.293, 60
Trd, 4319760.493, 62
Trd, 4319760.793, 61
Trd, 4319760.993, 62
Trd, 4319761.143, 68
Trd, 4319762.093, 65
Trd, 4319763.193, 140
Trd, 4319763.993, 64
Trd, 4319764.543, 64
Trd, 4319764.643, 63
Trd, 4319765.093, 99
Trd, 4319765.243, 139
Trd, 4319766.693, 60
Trd, 4319766.843, 60
Trd, 4319766.993, 63
Trd, 4319767.493, 69
Trd, 4319768.743, 77
Trd, 4319770.143, 60
Trd, 4319770.443, 69
Trd, 4319771.593, 140
Trd, 4319771.693, 140
Trd, 4319771.843, 140
Trd, 4319772.243, 140
Trd, 4319772.543, 139
Trd, 4319773.393, 100
Trd, 4319774.693, 139
Trd, 4319774.843, 138
Trd, 4319775.693, 129
Trd, 4319775.743, 128
Trd, 4319776.093, 138
Trd, 4319776.693, 137
Trd, 4319776.843, 60
Trd, 4319777.093, 81
Trd, 4319777.593, 139
Trd, 4319778.143, 65
Trd, 4319779.443, 71
Trd, 4319780.543, 73
Trd, 4319781.493, 139
Trd, 4319781.743, 138
Trd, 4319782.843, 60
Trd, 4319783.293, 60
Trd, 4319784.843, 62
Trd, 4319784.893, 62
Trd, 4319785.293, 60
Trd, 4319786.793, 69
Trd, 4319787.193, 76
Trd, 4319788.843, 140
Trd, 4319789.193, 140
Trd, 4319789.243, 140
Trd, 4319789.593, 140
Trd, 4319790.093, 62
Trd, 4319790.743, 140
Trd, 4319791.243, 140
Trd, 4319791.843, 135
Trd, 4319792.593, 61
Trd, 4319793.443, 62
Trd, 4319793.993, 62
Trd, 4319794.043, 83
Trd, 4319795.793, 62
Trd, 4319796.443, 79
Trd, 4319796.743, 63
Trd, 4319797.643, 61
Trd, 4319798.093, 66
Trd, 4319799.393, 60
Trd, 4319799.643, 62
Trd, 4319799.693, 72
Trd, 4319800.343, 120
Trd, 4319800.793, 60
Trd, 4319802.793, 95
Trd, 4319804.093, 63
Trd, 4319804.393, 62
Trd, 4319805.393, 60
Trd, 4319806.443, 61
Trd, 4319806.893, 67
Trd, 4319807.693, 60
Trd, 4319808.643, 60
Trd, 4319808.743, 61
Trd, 4319809.843, 60
Trd, 4319810.043, 60
Trd, 4319811.093, 64
Trd, 4319812.643, 63
Trd, 4319812.893, 70
Trd, 4319813.343, 98
Trd, 4319814.393, 61
Trd, 4319815.543, 140
Trd, 4319816.793, 140
Trd, 4319817.143, 140
Trd, 4319817.543, 140
Trd, 4319817.793, 140
Trd, 4319818.243, 140
Trd, 4319818.343, 140
Trd, 4319819.043, 140
Trd, 4319819.143, 139
Trd, 4319820.243, 140
Trd, 4319820.643, 138
Trd, 4319821.193, 138
Trd, 4319821.543, 137
Trd, 4319821.943, 136
Trd, 4319822.793, 133
Trd, 4319822.943, 132
Trd, 4319824.543, 61
Trd, 4319826.293, 63
Trd, 4319826.393, 65
Trd, 4319826.543, 66
Trd, 4319826.593, 72
Trd, 4319826.793, 140
Trd, 4319827.493, 140
Trd, 4319827.843, 60
Trd, 4319828.493, 140
Trd, 4319828.543, 140
Trd, 4319828.943, 140
Trd, 4319830.043, 64
Trd, 4319830.893, 64
Trd, 4319831.543, 64
Trd, 4319831.993, 113
Trd, 4319832.493, 140
Trd, 4319832.543, 140
Trd, 4319832.693, 106
Trd, 4319833.993, 140
Trd, 4319834.693, 140
Trd, 4319835.243, 140
Trd, 4319835.493, 139
Trd, 4319836.243, 140
Trd, 4319836.393, 140
Trd, 4319836.943, 132
Trd, 4319837.193, 140
Trd, 4319838.393, 62
Trd, 4319838.743, 60
Trd, 4319840.543, 62
Trd, 4319841.543, 63
Trd, 4319842.393, 67
Trd, 4319842.543, 75
Trd, 4319843.943, 61
Trd, 4319844.943, 61
Trd, 4319845.493, 61
Trd, 4319845.693, 62
Trd, 4319846.143, 60
Trd, 4319846.443, 60
Trd, 4319846.793, 62
Trd, 4319846.893, 94
Trd, 4319847.243, 115
Trd, 4319847.793, 63
Trd, 4319848.043, 65
Trd, 4319848.743, 62
Trd, 4319848.993, 64
Trd, 4319851.393, 60
Trd, 4319851.443, 66
Trd, 4319851.643, 63
Trd, 4319851.943, 77
Trd, 4319853.493, 62
Trd, 4319854.443, 77
Trd, 4319854.693, 60
Trd, 4319855.393, 60
Trd, 4319856.543, 60
Trd, 4319856.793, 69
Trd, 4319857.893, 60
Trd, 4319859.393, 61
Trd, 4319859.543, 62
Trd, 4319859.743, 62
Trd, 4319859.793, 67
Trd, 4319860.543, 65
Trd, 4319861.593, 140
Trd, 4319862.193, 140
Trd, 4319862.493, 140
Trd, 4319862.593, 140
Trd, 4319863.043, 140
Trd, 4319863.293, 105
Trd, 4319863.593, 140
Trd, 4319864.093, 62
Trd, 4319864.843, 64
Trd, 4319865.793, 140
Trd, 4319865.993, 127
Trd, 4319866.943, 63
Trd, 4319868.193, 60
Trd, 4319869.193, 63
Trd, 4319869.593, 61
Trd, 4319870.793, 61
Trd, 4319871.793, 62
Trd, 4319871.843, 69
Trd, 4319872.643, 69
Trd, 4319873.193, 69
Trd, 4319873.693, 60
Trd, 4319874.043, 87
Trd, 4319874.443, 114
Trd, 4319874.693, 122
Trd, 4319875.843, 60
Trd, 4319876.343, 61
Trd, 4319876.943, 63
Trd, 4319877.443, 62
Trd, 4319877.493, 61
Trd, 4319878.893, 68
Trd, 4319879.043, 69
Trd, 4319879.643, 140
Trd, 4319879.993, 140
Trd, 4319881.193, 140
Trd, 4319881.443, 140
Trd, 4319881.643, 140
Trd, 4319881.793, 139
Trd, 4319882.493, 140
Trd, 4319883.643, 139
Trd, 4319883.893, 139
Trd, 4319885.243, 140
Trd, 4319885.493, 140
Trd, 4319886.443, 140
Trd, 4319886.593, 140
Trd, 4319887.043, 140
Trd, 4319888.293, 138
Trd, 4319888.343, 136
Trd, 4319888.493, 139
Trd, 4319888.943, 140
Trd, 4319889.793, 140
Trd, 4319890.593, 76
Trd, 4319891.293, 68
Trd, 4319891.693, 105
Trd, 4319892.643, 65
Trd, 4319893.093, 82
Trd, 4319894.243, 61
Trd, 4319894.443, 63
Trd, 4319894.743, 64
Trd, 4319895.193, 60
Trd, 4319895.643, 140
Trd, 4319895.743, 138
Trd, 4319896.793, 140
Trd, 4319897.193, 140
Trd, 4319897.943, 140
Trd, 4319898.093, 140
Trd, 4319898.943, 140
Trd, 4319899.693, 140
Trd, 4319899.743, 140
Trd, 4319900.393, 132
Trd, 4319900.493, 140
Trd, 4319901.893, 139
Trd, 4319903.493, 61
Trd, 4319903.543, 67
Trd, 4319903.843, 68
Trd, 4319906.143, 63
Trd, 4319906.793, 61
Trd, 4319907.193, 65
Trd, 4319907.543, 72
Trd, 4319907.943, 76
Trd, 4319908.293, 64
Trd, 4319909.193, 136
Trd, 4319909.943, 60
Trd, 4319910.043, 61
Trd, 4319910.143, 66
Trd, 4319910.493, 96
Trd, 4319911.193, 139
Trd, 4319911.593, 140
Trd, 4319912.793, 140
Trd, 4319913.293, 140
Trd, 4319913.943, 139
Trd, 4319914.443, 136
Trd, 4319914.793, 116
Trd, 4319915.193, 139
Trd, 4319917.193, 140
Trd, 4319917.293, 140
Trd, 4319918.043, 140
Trd, 4319919.143, 140
Trd, 4319919.193, 140
Trd, 4319919.443, 140
Trd, 4319919.743, 140
Trd, 4319920.593, 140
Trd, 4319921.693, 134
Trd, 4319921.843, 96
Trd, 4319922.493, 72
Trd, 4319923.193, 140
Trd, 4319923.743, 61
Trd, 4319924.093, 135
Trd, 4319925.243, 137
Trd, 4319925.943, 140
Trd, 4319926.843, 140
Trd, 4319926.943, 140
Trd, 4319927.943, 140
Trd, 4319928.293, 140
Trd, 4319928.593, 140
Trd, 4319928.843, 140
Trd, 4319929.243, 140
Trd, 4319929.593, 140
Trd, 4319929.793, 62
Trd, 4319931.043, 139
Trd, 4319932.793, 62
Trd, 4319933.493, 62
Trd, 4319934.143, 65
Trd, 4319934.493, 65
Trd, 4319935.043, 70
Trd, 4319935.243, 120
Trd, 4319935.793, 64
Trd, 4319936.593, 61
Trd, 4319938.193, 60
Trd, 4319938.293, 61
Trd, 4319938.343, 63
Trd, 4319939.643, 64
Trd, 4319941.993, 60
Trd, 4319942.293, 62
Trd, 4319942.693, 66
Trd, 4319942.893, 71
Trd, 4319943.343, 62
Trd, 4319945.593, 61
Trd, 4319945.843, 62
Trd, 4319946.043, 77
Trd, 4319946.093, 90
Trd, 4319946.943, 70
Trd, 4319947.243, 94
Trd, 4319947.793, 139
Trd, 4319948.143, 63
Trd, 4319948.243, 61
Trd, 4319949.343, 140
Trd, 4319950.943, 60
Trd, 4319952.293, 60
Trd, 4319952.393, 61
Trd, 4319952.443, 66
Trd, 4319952.543, 73
Trd, 4319955.093, 63
Trd, 4319955.193, 64
Trd, 4319955.693, 72
Trd, 4319956.093, 61
Trd, 4319957.243, 60
Trd, 4319958.293, 63
Trd, 4319958.743, 67
Trd, 4319961.043, 64
Trd, 4319961.193, 65
Trd, 4319961.443, 108
Trd, 4319961.943, 140
Trd, 4319963.043, 140
Trd, 4319963.243, 139
Trd, 4319963.743, 140
Trd, 4319964.293, 139
Trd, 4319965.093, 72
Trd, 4319965.943, 140
Trd, 4319966.193, 140
Trd, 4319966.243, 137
Trd, 4319966.493, 138
Trd, 4319968.493, 60
Trd, 4319968.943, 60
Trd, 4319969.393, 60
Trd, 4319969.593, 61
Trd, 4319970.443, 62
Trd, 4319971.043, 72
Trd, 4319971.343, 81
Trd, 4319971.843, 62
Trd, 4319972.193, 60
Trd, 4319972.543, 140
Trd, 4319974.143, 140
Trd, 4319974.693, 140
Trd, 4319975.043, 139
Trd, 4319976.493, 105
Trd, 4319977.143, 61
Trd, 4319977.443, 138
Trd, 4319978.193, 140
Trd, 4319978.293, 140
Trd, 4319979.093, 140
Trd, 4319979.293, 140
Trd, 4319979.443, 140
Trd, 4319979.943, 139
Trd, 4319980.143, 140
Trd, 4319981.043, 125
Trd, 4319981.743, 140
Trd, 4319982.093, 137
Trd, 4319982.393, 106
Trd, 4319983.343, 140
Trd, 4319983.593, 112
Trd, 4319985.443, 140
Trd, 4319985.543, 140
Trd, 4319985.743, 140
Trd, 4319987.193, 139
Trd, 4319987.843, 138
Trd, 4319989.493, 140
Trd, 4319989.793, 140
Trd, 4319990.393, 140
Trd, 4319990.693, 140
Trd, 4319990.943, 140
Trd, 4319991.043, 140
Trd, 4319992.243, 140
Trd, 4319992.543, 140
Trd, 4319993.043, 139
Trd, 4319993.343, 70
Trd, 4319995.193, 140
Trd, 4319995.593, 140
Trd, 4319995.693, 139
Trd, 4319996.443, 140
Trd, 4319996.593, 140
Trd, 4319997.143, 140
Trd, 4319997.843, 140
Trd, 4319998.393, 140
Trd, 4319998.843, 139
Trd, 4319999.693, 138
