Trd, 4318152.593, 61
Trd, 4318152.993, 65
Trd, 4318153.893, 69
Trd, 4318154.193, 73
Trd, 4318156.493, 76
Trd, 4318156.543, 69
Trd, 4318157.193, 68
Trd, 4318157.493, 63
Trd, 4318157.993, 86
Trd, 4318158.493, 105
Trd, 4318158.843, 79
Trd, 4318159.343, 62
Trd, 4318160.493, 66
Trd, 4318161.643, 140
Trd, 4318161.843, 112
Trd, 4318161.943, 103
Trd, 4318163.093, 124
Trd, 4318163.343, 121
Trd, 4318165.043, 97
Trd, 4318165.593, 95
Trd, 4318166.043, 84
Trd, 4318166.443, 83
Trd, 4318167.293, 67
Trd, 4318168.393, 90
Trd, 4318168.643, 73
Trd, 4318169.243, 72
Trd, 4318169.643, 70
Trd, 4318170.443, 78
Trd, 4318170.893, 139
Trd, 4318172.843, 93
Trd, 4318172.943, 94
Trd, 4318173.793, 72
Trd, 4318174.693, 87
Trd, 4318174.743, 86
Trd, 4318175.443, 81
Trd, 4318176.143, 137
Trd, 4318177.393, 128
Trd, 4318177.793, 134
Trd, 4318178.593, 83
Trd, 4318178.693, 78
Trd, 4318179.243, 61
Trd, 4318179.293, 68
Trd, 4318180.593, 140
Trd, 4318181.343, 140
Trd, 4318182.543, 91
Trd, 4318182.743, 91
Trd, 4318182.943, 61
Trd, 4318185.193, 61
Trd, 4318185.243, 67
Trd, 4318185.593, 109
Trd, 4318186.093, 138
Trd, 4318188.443, 110
Trd, 4318188.593, 113
Trd, 4318188.993, 92
Trd, 4318189.843, 140
Trd, 4318190.143, 130
Trd, 4318190.343, 74
Trd, 4318191.743, 82
Trd, 4318193.193, 112
Trd, 4318193.343, 109
Trd, 4318193.643, 81
Trd, 4318193.693, 65
Trd, 4318196.193, 140
Trd, 4318196.493, 140
Trd, 4318196.543, 134
Trd, 4318196.643, 87
Trd, 4318196.893, 140
Trd, 4318197.943, 94
Trd, 4318199.143, 103
Trd, 4318200.543, 140
Trd, 4318200.643, 102
Trd, 4318200.943, 112
Trd, 4318201.343, 114
Trd, 4318201.443, 86
Trd, 4318202.943, 82
Trd, 4318203.143, 66
Trd, 4318203.743, 62
Trd, 4318204.193, 74
Trd, 4318205.143, 66
Trd, 4318205.893, 65
Trd, 4318206.343, 87
Trd, 4318206.893, 68
Trd, 4318207.343, 60
Trd, 4318207.943, 62
Trd, 4318209.393, 63
Trd, 4318209.943, 60
Trd, 4318210.793, 79
Trd, 4318212.693, 76
Trd, 4318212.743, 76
Trd, 4318214.343, 62
Trd, 4318214.393, 62
Trd, 4318214.443, 107
Trd, 4318215.193, 100
Trd, 4318215.443, 91
Trd, 4318216.143, 104
Trd, 4318216.793, 112
Trd, 4318218.243, 60
Trd, 4318218.443, 62
Trd, 4318218.593, 63
Trd, 4318220.043, 92
Trd, 4318220.543, 86
Trd, 4318220.893, 61
Trd, 4318221.793, 99
Trd, 4318222.693, 73
Trd, 4318223.293, 78
Trd, 4318224.143, 99
Trd, 4318225.293, 96
Trd, 4318226.493, 86
Trd, 4318226.693, 81
Trd, 4318226.743, 74
Trd, 4318227.143, 105
Trd, 4318229.393, 140
Trd, 4318229.643, 131
Trd, 4318229.843, 140
Trd, 4318230.443, 105
Trd, 4318231.943, 140
Trd, 4318232.693, 126
Trd, 4318232.743, 124
Trd, 4318233.793, 126
Trd, 4318233.943, 97
Trd, 4318234.193, 79
Trd, 4318234.443, 70
Trd, 4318234.943, 138
Trd, 4318234.993, 130
Trd, 4318237.343, 82
Trd, 4318237.993, 80
Trd, 4318238.293, 81
Trd, 4318238.543, 78
Trd, 4318238.943, 104
Trd, 4318239.193, 63
Trd, 4318239.893, 62
Trd, 4318240.143, 62
Trd, 4318240.993, 61
Trd, 4318241.543, 139
Trd, 4318242.593, 102
Trd, 4318243.193, 89
Trd, 4318243.893, 140
Trd, 4318245.043, 140
Trd, 4318246.043, 130
Trd, 4318246.543, 117
Trd, 4318247.293, 136
Trd, 4318247.393, 132
Trd, 4318249.093, 86
Trd, 4318249.993, 74
Trd, 4318250.343, 101
Trd, 4318250.493, 71
Trd, 4318251.293, 140
Trd, 4318251.493, 140
Trd, 4318253.093, 132
Trd, 4318253.193, 129
Trd, 4318254.443, 114
Trd, 4318255.343, 126
Trd, 4318255.743, 124
Trd, 4318256.143, 130
Trd, 4318256.993, 107
Trd, 4318257.493, 109
Trd, 4318257.693, 140
Trd, 4318258.993, 106
Trd, 4318259.043, 104
Trd, 4318259.593, 140
Trd, 4318260.393, 80
Trd, 4318261.143, 140
Trd, 4318262.243, 127
Trd, 4318262.993, 84
Trd, 4318263.693, 139
Trd, 4318264.043, 81
Trd, 4318264.193, 64
Trd, 4318264.343, 89
Trd, 4318265.093, 112
Trd, 4318266.493, 140
Trd, 4318266.743, 135
Trd, 4318267.043, 78
Trd, 4318267.593, 61
Trd, 4318270.043, 66
Trd, 4318270.443, 70
Trd, 4318270.693, 89
Trd, 4318271.343, 86
Trd, 4318271.443, 93
Trd, 4318271.943, 101
Trd, 4318272.093, 95
Trd, 4318272.493, 139
Trd, 4318272.593, 72
Trd, 4318274.593, 70
Trd, 4318275.293, 85
Trd, 4318275.343, 106
Trd, 4318275.493, 83
Trd, 4318276.593, 103
Trd, 4318277.843, 78
Trd, 4318278.143, 74
Trd, 4318279.443, 87
Trd, 4318280.643, 138
Trd, 4318281.093, 120
Trd, 4318281.293, 131
Trd, 4318281.343, 119
Trd, 4318282.093, 118
Trd, 4318282.193, 115
Trd, 4318282.343, 125
Trd, 4318283.693, 128
Trd, 4318283.943, 112
Trd, 4318284.843, 76
Trd, 4318285.443, 140
Trd, 4318285.493, 135
Trd, 4318286.943, 126
Trd, 4318286.993, 80
Trd, 4318287.393, 62
Trd, 4318288.643, 140
Trd, 4318289.643, 133
Trd, 4318289.793, 125
Trd, 4318290.793, 64
Trd, 4318291.743, 108
Trd, 4318292.143, 125
Trd, 4318293.193, 138
Trd, 4318293.493, 125
Trd, 4318294.393, 116
Trd, 4318294.993, 77
Trd, 4318295.643, 71
Trd, 4318296.743, 97
Trd, 4318297.543, 123
Trd, 4318297.693, 140
Trd, 4318297.993, 104
Trd, 4318298.093, 89
Trd, 4318299.343, 100
Trd, 4318299.593, 90
Trd, 4318300.143, 100
Trd, 4318300.843, 64
Trd, 4318301.043, 117
Trd, 4318303.093, 98
Trd, 4318304.793, 122
Trd, 4318305.243, 95
Trd, 4318305.593, 63
Trd, 4318306.043, 115
Trd, 4318306.393, 68
Trd, 4318306.693, 124
Trd, 4318308.843, 112
Trd, 4318309.643, 119
Trd, 4318309.943, 74
Trd, 4318310.793, 138
Trd, 4318311.793, 117
Trd, 4318312.043, 98
Trd, 4318312.943, 72
Trd, 4318313.443, 70
Trd, 4318314.243, 109
Trd, 4318315.093, 140
Trd, 4318315.793, 140
Trd, 4318316.843, 122
Trd, 4318317.093, 109
Trd, 4318318.293, 109
Trd, 4318318.943, 82
Trd, 4318319.943, 92
Trd, 4318320.793, 80
Trd, 4318321.043, 79
Trd, 4318321.293, 78
Trd, 4318322.193, 89
Trd, 4318322.393, 91
Trd, 4318324.093, 60
Trd, 4318324.743, 60
Trd, 4318324.943, 65
Trd, 4318326.443, 140
Trd, 4318326.643, 134
Trd, 4318328.143, 140
Trd, 4318328.693, 118
Trd, 4318328.893, 116
Trd, 4318329.443, 109
Trd, 4318330.193, 140
Trd, 4318330.293, 100
Trd, 4318330.643, 90
Trd, 4318331.043, 138
Trd, 4318332.643, 92
Trd, 4318333.393, 91
Trd, 4318333.443, 90
Trd, 4318333.843, 110
Trd, 4318334.243, 86
Trd, 4318335.293, 97
Trd, 4318335.543, 78
Trd, 4318336.293, 140
Trd, 4318337.343, 67
Trd, 4318338.143, 106
Trd, 4318338.443, 72
Trd, 4318340.693, 73
Trd, 4318340.743, 69
Trd, 4318341.093, 109
Trd, 4318341.493, 60
Trd, 4318341.743, 90
Trd, 4318342.793, 105
Trd, 4318343.393, 64
Trd, 4318343.593, 114
Trd, 4318345.443, 101
Trd, 4318345.693, 81
Trd, 4318346.343, 138
Trd, 4318346.593, 130
Trd, 4318346.743, 120
Trd, 4318346.943, 114
Trd, 4318347.343, 111
Trd, 4318347.893, 134
Trd, 4318348.293, 78
Trd, 4318349.193, 61
Trd, 4318349.693, 60
Trd, 4318349.943, 140
Trd, 4318351.393, 95
Trd, 4318352.993, 138
Trd, 4318353.443, 130
Trd, 4318353.693, 122
Trd, 4318353.893, 98
Trd, 4318354.943, 108
Trd, 4318355.243, 95
Trd, 4318356.543, 140
Trd, 4318356.643, 135
Trd, 4318356.943, 134
Trd, 4318357.443, 140
Trd, 4318357.593, 108
Trd, 4318358.593, 69
Trd, 4318359.043, 136
Trd, 4318359.643, 97
Trd, 4318361.043, 114
Trd, 4318361.143, 83
Trd, 4318361.293, 134
Trd, 4318363.343, 107
Trd, 4318364.393, 139
Trd, 4318364.443, 89
Trd, 4318365.343, 92
Trd, 4318366.893, 119
Trd, 4318366.993, 116
Trd, 4318367.143, 107
Trd, 4318367.943, 138
Trd, 4318368.493, 133
Trd, 4318368.693, 125
Trd, 4318368.993, 103
Trd, 4318369.393, 72
Trd, 4318370.393, 60
Trd, 4318372.143, 99
Trd, 4318373.043, 79
Trd, 4318373.643, 65
Trd, 4318374.593, 63
Trd, 4318374.893, 65
Trd, 4318375.893, 93
Trd, 4318376.343, 84
Trd, 4318376.393, 83
Trd, 4318376.843, 89
Trd, 4318377.043, 87
Trd, 4318377.593, 137
Trd, 4318378.593, 124
Trd, 4318378.893, 77
Trd, 4318379.993, 113
Trd, 4318381.743, 113
Trd, 4318382.393, 104
Trd, 4318382.543, 102
Trd, 4318383.343, 88
Trd, 4318383.593, 93
Trd, 4318383.693, 85
Trd, 4318384.193, 60
Trd, 4318384.343, 65
Trd, 4318385.993, 108
Trd, 4318386.743, 66
Trd, 4318386.793, 77
Trd, 4318387.093, 91
Trd, 4318388.093, 120
Trd, 4318389.143, 81
Trd, 4318389.243, 82
Trd, 4318389.893, 77
Trd, 4318390.193, 89
Trd, 4318391.093, 74
Trd, 4318391.693, 78
Trd, 4318392.593, 140
Trd, 4318392.743, 134
Trd, 4318393.043, 120
Trd, 4318394.143, 123
Trd, 4318394.193, 121
Trd, 4318394.493, 120
Trd, 4318394.693, 60
Trd, 4318396.143, 85
Trd, 4318397.043, 90
Trd, 4318397.193, 86
Trd, 4318398.693, 139
Trd, 4318399.243, 110
Trd, 4318399.793, 89
Trd, 4318400.143, 139
Trd, 4318400.493, 87
Trd, 4318400.593, 83
Trd, 4318402.243, 115
Trd, 4318402.793, 110
Trd, 4318403.343, 103
Trd, 4318404.093, 117
Trd, 4318404.893, 113
Trd, 4318405.293, 140
Trd, 4318405.443, 110
Trd, 4318406.293, 99
Trd, 4318406.593, 95
Trd, 4318408.393, 140
Trd, 4318408.443, 90
Trd, 4318408.993, 95
Trd, 4318409.393, 72
Trd, 4318410.643, 85
Trd, 4318411.893, 118
Trd, 4318412.043, 88
Trd, 4318412.143, 80
Trd, 4318412.543, 78
Trd, 4318412.893, 67
Trd, 4318413.193, 68
Trd, 4318414.093, 60
Trd, 4318415.443, 71
Trd, 4318415.643, 70
Trd, 4318417.443, 84
Trd, 4318417.693, 67
Trd, 4318418.543, 98
Trd, 4318419.143, 62
Trd, 4318419.743, 63
Trd, 4318420.043, 71
Trd, 4318420.543, 66
Trd, 4318420.643, 77
Trd, 4318421.743, 65
Trd, 4318422.243, 138
Trd, 4318423.643, 86
Trd, 4318423.693, 85
Trd, 4318424.193, 77
Trd, 4318424.343, 96
Trd, 4318424.693, 87
Trd, 4318425.193, 78
Trd, 4318425.693, 77
Trd, 4318426.093, 123
Trd, 4318427.293, 140
Trd, 4318428.243, 140
Trd, 4318429.693, 135
Trd, 4318430.143, 124
Trd, 4318430.343, 115
Trd, 4318430.393, 113
Trd, 4318431.093, 85
Trd, 4318432.293, 108
Trd, 4318432.443, 87
Trd, 4318434.243, 62
Trd, 4318434.443, 63
Trd, 4318434.943, 91
Trd, 4318435.243, 105
Trd, 4318435.443, 89
Trd, 4318435.943, 63
Trd, 4318436.543, 75
Trd, 4318437.893, 111
Trd, 4318438.543, 138
Trd, 4318439.643, 89
Trd, 4318440.043, 134
Trd, 4318440.443, 82
Trd, 4318441.143, 80
Trd, 4318441.993, 107
Trd, 4318442.143, 104
Trd, 4318443.243, 139
Trd, 4318444.943, 103
Trd, 4318445.093, 98
Trd, 4318445.293, 86
Trd, 4318446.343, 60
Trd, 4318446.943, 83
Trd, 4318447.193, 82
Trd, 4318448.443, 140
Trd, 4318448.993, 140
Trd, 4318449.143, 133
Trd, 4318450.243, 127
Trd, 4318450.743, 123
Trd, 4318451.593, 99
Trd, 4318452.593, 126
Trd, 4318453.443, 116
Trd, 4318453.743, 105
Trd, 4318454.893, 117
Trd, 4318455.893, 139
Trd, 4318456.243, 128
Trd, 4318457.093, 140
Trd, 4318457.393, 116
Trd, 4318457.543, 113
Trd, 4318459.043, 109
Trd, 4318459.193, 106
Trd, 4318459.343, 113
Trd, 4318459.743, 106
Trd, 4318462.143, 126
Trd, 4318463.243, 140
Trd, 4318463.393, 134
Trd, 4318463.643, 116
Trd, 4318464.343, 105
Trd, 4318464.393, 103
Trd, 4318464.493, 82
Trd, 4318464.793, 69
Trd, 4318466.343, 61
Trd, 4318468.043, 60
Trd, 4318469.593, 61
Trd, 4318469.843, 76
Trd, 4318470.443, 81
Trd, 4318471.543, 65
Trd, 4318472.043, 72
Trd, 4318472.393, 65
Trd, 4318472.443, 63
Trd, 4318472.743, 62
Trd, 4318473.693, 68
Trd, 4318474.043, 74
Trd, 4318474.143, 63
Trd, 4318475.243, 60
Trd, 4318475.943, 60
Trd, 4318476.493, 60
Trd, 4318476.793, 71
Trd, 4318477.293, 67
Trd, 4318478.143, 67
Trd, 4318478.543, 67
Trd, 4318479.843, 140
Trd, 4318480.293, 87
Trd, 4318480.443, 86
Trd, 4318481.943, 139
Trd, 4318482.343, 73
Trd, 4318482.743, 71
Trd, 4318483.393, 61
Trd, 4318485.143, 60
Trd, 4318485.993, 60
Trd, 4318486.243, 64
Trd, 4318486.443, 60
Trd, 4318486.643, 81
Trd, 4318487.743, 120
Trd, 4318488.593, 122
Trd, 4318489.493, 123
Trd, 4318490.043, 98
Trd, 4318490.393, 112
Trd, 4318490.743, 140
Trd, 4318491.393, 138
Trd, 4318491.743, 97
Trd, 4318492.293, 100
Trd, 4318492.943, 129
Trd, 4318493.843, 85
Trd, 4318493.993, 80
Trd, 4318494.093, 103
Trd, 4318495.043, 78
Trd, 4318498.343, 137
Trd, 4318498.493, 133
Trd, 4318498.743, 132
Trd, 4318498.893, 132
Trd, 4318499.593, 111
Trd, 4318501.243, 98
Trd, 4318501.593, 94
Trd, 4318501.743, 111
Trd, 4318502.743, 115
Trd, 4318503.443, 101
Trd, 4318503.543, 90
Trd, 4318504.593, 115
Trd, 4318505.593, 94
Trd, 4318506.143, 78
Trd, 4318506.493, 76
Trd, 4318506.893, 64
Trd, 4318507.693, 61
Trd, 4318508.443, 62
Trd, 4318508.493, 69
Trd, 4318508.593, 120
Trd, 4318509.843, 100
Trd, 4318510.993, 65
Trd, 4318511.943, 65
Trd, 4318512.143, 92
Trd, 4318512.993, 131
Trd, 4318513.293, 77
Trd, 4318514.243, 79
Trd, 4318515.243, 73
Trd, 4318516.093, 75
Trd, 4318517.193, 75
Trd, 4318517.543, 68
Trd, 4318518.093, 136
Trd, 4318518.393, 132
Trd, 4318519.043, 134
Trd, 4318519.543, 128
Trd, 4318519.893, 101
Trd, 4318521.143, 96
Trd, 4318521.543, 91
Trd, 4318521.893, 84
Trd, 4318522.243, 87
Trd, 4318523.043, 115
Trd, 4318523.643, 72
Trd, 4318524.093, 60
Trd, 4318525.143, 132
Trd, 4318525.843, 106
Trd, 4318525.943, 103
Trd, 4318526.993, 92
Trd, 4318527.243, 89
Trd, 4318527.593, 65
Trd, 4318528.543, 68
Trd, 4318529.443, 90
Trd, 4318530.143, 104
Trd, 4318530.343, 97
Trd, 4318531.043, 127
Trd, 4318531.393, 102
Trd, 4318532.443, 140
Trd, 4318532.793, 124
Trd, 4318532.943, 121
Trd, 4318533.043, 121
Trd, 4318533.243, 119
Trd, 4318533.593, 140
Trd, 4318535.093, 111
Trd, 4318535.443, 108
Trd, 4318536.493, 126
Trd, 4318536.993, 140
Trd, 4318537.693, 113
Trd, 4318538.243, 116
Trd, 4318539.443, 138
Trd, 4318539.693, 140
Trd, 4318540.043, 130
Trd, 4318540.793, 103
Trd, 4318541.243, 108
Trd, 4318541.493, 100
Trd, 4318543.943, 101
Trd, 4318544.243, 61
Trd, 4318544.593, 83
Trd, 4318544.943, 99
Trd, 4318545.693, 95
Trd, 4318546.293, 87
Trd, 4318546.443, 117
Trd, 4318547.043, 85
Trd, 4318548.843, 60
Trd, 4318549.743, 61
Trd, 4318550.243, 64
Trd, 4318550.743, 64
Trd, 4318551.543, 89
Trd, 4318552.143, 72
Trd, 4318552.293, 91
Trd, 4318554.343, 62
Trd, 4318554.593, 65
Trd, 4318555.593, 64
Trd, 4318556.043, 78
Trd, 4318556.793, 140
Trd, 4318557.393, 130
Trd, 4318557.893, 140
Trd, 4318558.243, 88
Trd, 4318559.893, 98
Trd, 4318561.043, 82
Trd, 4318561.543, 73
Trd, 4318562.093, 109
Trd, 4318563.443, 139
Trd, 4318563.543, 135
Trd, 4318564.543, 91
Trd, 4318565.593, 112
Trd, 4318565.643, 105
Trd, 4318565.843, 104
Trd, 4318566.243, 102
Trd, 4318566.793, 116
Trd, 4318566.993, 120
Trd, 4318568.243, 132
Trd, 4318568.743, 126
Trd, 4318569.343, 106
Trd, 4318569.643, 80
Trd, 4318570.593, 139
Trd, 4318570.693, 123
Trd, 4318570.943, 113
Trd, 4318571.593, 139
Trd, 4318572.893, 93
Trd, 4318573.443, 92
Trd, 4318574.493, 80
Trd, 4318575.293, 104
Trd, 4318575.993, 139
Trd, 4318576.093, 98
Trd, 4318577.343, 75
Trd, 4318577.593, 73
Trd, 4318579.243, 92
Trd, 4318579.893, 140
Trd, 4318580.193, 131
Trd, 4318582.343, 109
Trd, 4318582.393, 87
Trd, 4318583.243, 139
Trd, 4318583.643, 136
Trd, 4318584.193, 126
Trd, 4318584.793, 113
Trd, 4318585.243, 106
Trd, 4318585.793, 94
Trd, 4318586.193, 92
Trd, 4318587.393, 133
Trd, 4318587.493, 116
Trd, 4318588.193, 102
Trd, 4318588.493, 87
Trd, 4318589.343, 87
Trd, 4318589.393, 105
Trd, 4318590.043, 85
Trd, 4318590.343, 92
Trd, 4318590.693, 77
Trd, 4318592.393, 139
Trd, 4318592.443, 134
Trd, 4318593.093, 92
Trd, 4318594.393, 140
Trd, 4318594.693, 108
Trd, 4318594.743, 82
Trd, 4318596.993, 139
Trd, 4318598.193, 110
Trd, 4318598.743, 109
Trd, 4318599.093, 133
Trd, 4318599.543, 105
Trd, 4318600.543, 140
Trd, 4318601.493, 140
Trd, 4318601.993, 139
Trd, 4318602.043, 135
Trd, 4318602.743, 134
Trd, 4318603.293, 135
Trd, 4318604.093, 140
Trd, 4318604.743, 125
Trd, 4318605.343, 138
Trd, 4318605.693, 122
Trd, 4318605.793, 121
Trd, 4318608.693, 120
Trd, 4318608.843, 119
Trd, 4318610.593, 130
Trd, 4318610.793, 126
Trd, 4318610.843, 98
Trd, 4318611.493, 80
Trd, 4318612.193, 72
Trd, 4318612.343, 90
Trd, 4318612.843, 91
Trd, 4318613.143, 89
Trd, 4318613.393, 91
Trd, 4318613.793, 81
Trd, 4318615.943, 140
Trd, 4318616.143, 137
Trd, 4318616.593, 139
Trd, 4318616.743, 132
Trd, 4318616.943, 123
Trd, 4318618.943, 107
Trd, 4318619.093, 104
Trd, 4318619.243, 101
Trd, 4318619.893, 68
Trd, 4318621.193, 98
Trd, 4318621.393, 63
Trd, 4318621.693, 84
Trd, 4318622.693, 79
Trd, 4318623.243, 138
Trd, 4318624.293, 140
Trd, 4318624.643, 140
Trd, 4318625.643, 124
Trd, 4318625.793, 94
Trd, 4318626.593, 140
Trd, 4318627.143, 133
Trd, 4318628.143, 74
Trd, 4318629.443, 67
Trd, 4318629.993, 67
Trd, 4318630.843, 102
Trd, 4318632.343, 60
Trd, 4318632.593, 64
Trd, 4318633.343, 85
Trd, 4318634.093, 60
Trd, 4318634.143, 68
Trd, 4318634.293, 114
Trd, 4318635.693, 60
Trd, 4318635.893, 61
Trd, 4318636.743, 76
Trd, 4318637.593, 82
Trd, 4318638.943, 72
Trd, 4318639.743, 65
Trd, 4318640.943, 116
Trd, 4318641.193, 113
Trd, 4318641.893, 110
Trd, 4318642.293, 109
Trd, 4318643.343, 62
Trd, 4318643.493, 87
Trd, 4318643.793, 63
Trd, 4318644.493, 71
Trd, 4318644.993, 67
Trd, 4318645.743, 64
Trd, 4318645.843, 82
Trd, 4318646.593, 64
Trd, 4318647.893, 103
Trd, 4318647.943, 81
Trd, 4318648.893, 138
Trd, 4318649.443, 136
Trd, 4318650.993, 140
Trd, 4318651.043, 114
Trd, 4318652.193, 85
Trd, 4318652.793, 120
Trd, 4318653.693, 96
Trd, 4318653.993, 88
Trd, 4318654.943, 136
Trd, 4318656.093, 124
Trd, 4318656.143, 122
Trd, 4318656.193, 121
Trd, 4318656.293, 121
Trd, 4318659.093, 90
Trd, 4318659.143, 93
Trd, 4318659.943, 121
Trd, 4318660.243, 102
Trd, 4318660.343, 111
Trd, 4318661.093, 140
Trd, 4318662.043, 140
Trd, 4318662.343, 113
Trd, 4318662.743, 107
Trd, 4318663.443, 69
Trd, 4318663.593, 71
Trd, 4318665.193, 62
Trd, 4318665.943, 60
Trd, 4318666.243, 63
Trd, 4318666.843, 61
Trd, 4318667.543, 104
Trd, 4318668.293, 101
Trd, 4318668.843, 63
Trd, 4318669.393, 80
Trd, 4318669.593, 112
Trd, 4318670.743, 60
Trd, 4318671.593, 69
Trd, 4318672.743, 67
Trd, 4318672.943, 87
Trd, 4318673.793, 130
Trd, 4318674.393, 123
Trd, 4318675.243, 140
Trd, 4318676.143, 105
Trd, 4318676.443, 101
Trd, 4318676.643, 99
Trd, 4318677.793, 110
Trd, 4318678.443, 98
Trd, 4318678.593, 83
Trd, 4318679.443, 75
Trd, 4318679.543, 74
Trd, 4318680.393, 63
Trd, 4318680.993, 113
Trd, 4318681.693, 140
Trd, 4318681.743, 128
Trd, 4318682.343, 75
Trd, 4318683.043, 138
Trd, 4318684.693, 71
Trd, 4318685.793, 79
Trd, 4318685.893, 90
Trd, 4318686.193, 76
Trd, 4318686.893, 113
Trd, 4318687.543, 68
Trd, 4318687.693, 95
Trd, 4318687.943, 60
Trd, 4318689.893, 118
Trd, 4318690.443, 103
Trd, 4318691.043, 138
Trd, 4318691.143, 99
Trd, 4318692.193, 140
Trd, 4318692.243, 134
Trd, 4318693.893, 113
Trd, 4318694.293, 127
Trd, 4318695.443, 139
Trd, 4318698.143, 135
Trd, 4318698.243, 120
Trd, 4318698.793, 122
Trd, 4318699.343, 118
Trd, 4318700.143, 136
Trd, 4318700.793, 139
Trd, 4318702.393, 64
Trd, 4318702.693, 77
Trd, 4318703.043, 74
Trd, 4318703.593, 110
Trd, 4318703.693, 84
Trd, 4318704.093, 64
Trd, 4318704.193, 64
Trd, 4318704.493, 78
Trd, 4318705.443, 60
Trd, 4318706.043, 124
Trd, 4318707.693, 81
Trd, 4318709.343, 136
Trd, 4318709.393, 132
Trd, 4318709.593, 132
Trd, 4318709.793, 90
Trd, 4318710.093, 95
Trd, 4318710.393, 96
Trd, 4318710.593, 85
Trd, 4318711.693, 75
Trd, 4318712.993, 72
Trd, 4318713.193, 83
Trd, 4318713.993, 140
Trd, 4318714.493, 139
Trd, 4318715.443, 98
Trd, 4318715.943, 102
Trd, 4318716.043, 95
Trd, 4318716.943, 63
Trd, 4318717.193, 63
Trd, 4318718.493, 125
Trd, 4318718.893, 84
Trd, 4318719.543, 80
Trd, 4318719.993, 76
Trd, 4318720.693, 140
Trd, 4318721.693, 134
Trd, 4318723.243, 109
Trd, 4318723.593, 97
Trd, 4318724.393, 93
Trd, 4318725.343, 97
Trd, 4318725.393, 92
Trd, 4318726.343, 88
Trd, 4318726.793, 84
Trd, 4318726.993, 83
Trd, 4318727.493, 85
Trd, 4318727.593, 114
Trd, 4318729.993, 139
Trd, 4318730.293, 105
Trd, 4318730.843, 128
Trd, 4318731.543, 104
Trd, 4318732.093, 107
Trd, 4318732.293, 92
Trd, 4318732.893, 93
Trd, 4318733.793, 95
Trd, 4318734.693, 105
Trd, 4318734.793, 95
Trd, 4318735.293, 132
Trd, 4318735.543, 94
Trd, 4318735.893, 82
Trd, 4318737.443, 62
Trd, 4318737.843, 88
Trd, 4318740.143, 65
Trd, 4318740.443, 66
Trd, 4318740.843, 69
Trd, 4318742.493, 65
Trd, 4318742.793, 74
Trd, 4318743.893, 93
Trd, 4318744.593, 73
Trd, 4318745.943, 82
Trd, 4318746.043, 75
Trd, 4318746.193, 73
Trd, 4318746.343, 140
Trd, 4318746.743, 96
Trd, 4318747.043, 88
Trd, 4318747.393, 140
Trd, 4318747.543, 61
Trd, 4318747.993, 65
Trd, 4318748.643, 66
Trd, 4318751.043, 69
Trd, 4318751.793, 68
Trd, 4318752.793, 101
Trd, 4318754.143, 108
Trd, 4318754.343, 138
Trd, 4318754.443, 93
Trd, 4318755.143, 73
Trd, 4318755.443, 79
Trd, 4318755.743, 78
Trd, 4318756.093, 101
Trd, 4318757.943, 140
Trd, 4318758.393, 139
Trd, 4318759.193, 119
Trd, 4318759.443, 121
Trd, 4318759.493, 116
Trd, 4318759.843, 115
Trd, 4318760.793, 110
Trd, 4318761.243, 102
Trd, 4318762.143, 95
Trd, 4318763.043, 114
Trd, 4318763.193, 75
Trd, 4318764.093, 86
Trd, 4318765.143, 86
Trd, 4318765.993, 139
Trd, 4318766.493, 84
Trd, 4318767.393, 74
Trd, 4318767.793, 83
Trd, 4318768.493, 92
Trd, 4318769.143, 140
Trd, 4318769.343, 73
Trd, 4318769.593, 74
Trd, 4318771.493, 112
Trd, 4318771.943, 125
Trd, 4318772.393, 110
Trd, 4318772.693, 104
Trd, 4318772.893, 104
Trd, 4318773.243, 96
Trd, 4318774.043, 72
Trd, 4318774.593, 97
Trd, 4318775.743, 88
Trd, 4318776.543, 136
Trd, 4318777.543, 113
Trd, 4318777.593, 109
Trd, 4318777.643, 138
Trd, 4318778.043, 63
Trd, 4318779.793, 114
Trd, 4318780.593, 100
Trd, 4318780.943, 138
Trd, 4318781.393, 122
Trd, 4318782.093, 90
Trd, 4318782.643, 127
Trd, 4318782.693, 95
Trd, 4318783.293, 93
Trd, 4318783.593, 91
Trd, 4318784.393, 85
Trd, 4318784.693, 137
Trd, 4318785.843, 63
Trd, 4318786.443, 74
Trd, 4318786.793, 62
Trd, 4318786.943, 61
Trd, 4318789.643, 119
Trd, 4318790.193, 89
Trd, 4318790.393, 95
Trd, 4318790.443, 86
Trd, 4318791.593, 63
Trd, 4318791.743, 64
Trd, 4318792.143, 70
Trd, 4318792.193, 72
Trd, 4318792.843, 140
Trd, 4318794.243, 140
Trd, 4318794.843, 135
Trd, 4318795.443, 139
Trd, 4318795.493, 128
Trd, 4318795.743, 102
Trd, 4318796.493, 90
Trd, 4318796.793, 89
Trd, 4318797.143, 84
Trd, 4318797.693, 61
Trd, 4318797.793, 70
Trd, 4318798.443, 140
Trd, 4318798.843, 98
Trd, 4318799.043, 136
Trd, 4318799.893, 121
Trd, 4318799.993, 118
Trd, 4318801.343, 106
Trd, 4318802.543, 61
Trd, 4318803.043, 65
Trd, 4318804.243, 103
Trd, 4318804.743, 95
Trd, 4318805.893, 60
Trd, 4318807.243, 77
Trd, 4318808.543, 100
Trd, 4318809.893, 80
Trd, 4318810.993, 102
Trd, 4318811.043, 78
Trd, 4318811.343, 104
Trd, 4318811.743, 129
Trd, 4318812.243, 139
Trd, 4318814.093, 125
Trd, 4318814.443, 108
Trd, 4318814.493, 100
Trd, 4318814.993, 119
Trd, 4318815.343, 93
Trd, 4318815.893, 140
Trd, 4318816.993, 140
Trd, 4318817.543, 138
Trd, 4318819.343, 140
Trd, 4318819.393, 140
Trd, 4318819.793, 126
Trd, 4318821.093, 96
Trd, 4318822.493, 102
Trd, 4318822.643, 100
Trd, 4318823.143, 98
Trd, 4318823.393, 105
Trd, 4318823.893, 134
Trd, 4318824.243, 92
Trd, 4318824.493, 82
Trd, 4318827.143, 64
Trd, 4318827.643, 72
Trd, 4318827.843, 76
Trd, 4318828.993, 73
Trd, 4318829.143, 65
Trd, 4318830.143, 136
Trd, 4318831.793, 62
Trd, 4318832.143, 62
Trd, 4318833.093, 66
Trd, 4318833.543, 60
Trd, 4318833.693, 60
Trd, 4318833.943, 113
Trd, 4318834.693, 114
Trd, 4318835.843, 61
Trd, 4318836.843, 78
Trd, 4318837.593, 62
Trd, 4318839.893, 105
Trd, 4318839.943, 65
Trd, 4318840.043, 80
Trd, 4318840.943, 83
Trd, 4318841.693, 71
Trd, 4318842.893, 78
Trd, 4318843.593, 128
Trd, 4318843.893, 83
Trd, 4318843.943, 76
Trd, 4318844.643, 63
Trd, 4318845.093, 60
Trd, 4318846.943, 140
Trd, 4318847.093, 138
Trd, 4318847.293, 134
Trd, 4318848.743, 127
Trd, 4318849.593, 115
Trd, 4318850.093, 99
Trd, 4318851.543, 97
Trd, 4318852.193, 126
Trd, 4318852.443, 86
Trd, 4318853.243, 69
Trd, 4318853.843, 140
Trd, 4318854.343, 66
Trd, 4318855.193, 62
Trd, 4318856.193, 86
Trd, 4318856.643, 140
Trd, 4318857.193, 128
Trd, 4318857.593, 139
Trd, 4318858.543, 120
Trd, 4318858.693, 117
Trd, 4318860.343, 139
Trd, 4318860.893, 140
Trd, 4318861.493, 127
Trd, 4318862.093, 128
Trd, 4318862.893, 120
Trd, 4318863.343, 117
Trd, 4318864.543, 128
Trd, 4318865.143, 121
Trd, 4318865.893, 105
Trd, 4318865.943, 104
Trd, 4318866.093, 137
Trd, 4318866.643, 139
Trd, 4318868.543, 112
Trd, 4318869.493, 97
Trd, 4318870.493, 138
Trd, 4318871.143, 87
Trd, 4318871.443, 86
Trd, 4318872.343, 93
Trd, 4318872.493, 84
Trd, 4318872.793, 75
Trd, 4318873.693, 60
Trd, 4318874.393, 120
Trd, 4318874.793, 60
Trd, 4318875.643, 60
Trd, 4318876.343, 60
Trd, 4318876.843, 61
Trd, 4318877.093, 77
Trd, 4318878.193, 64
Trd, 4318878.293, 90
Trd, 4318878.693, 101
Trd, 4318879.043, 140
Trd, 4318879.693, 98
Trd, 4318881.493, 78
Trd, 4318881.843, 112
Trd, 4318882.343, 81
Trd, 4318882.993, 136
Trd, 4318883.393, 74
Trd, 4318884.193, 123
Trd, 4318884.543, 117
Trd, 4318884.743, 85
Trd, 4318885.443, 110
Trd, 4318885.793, 91
Trd, 4318886.143, 75
Trd, 4318887.343, 60
Trd, 4318887.843, 62
Trd, 4318888.143, 140
Trd, 4318889.043, 99
Trd, 4318891.393, 67
Trd, 4318893.493, 62
Trd, 4318893.893, 63
Trd, 4318894.393, 60
Trd, 4318895.193, 95
Trd, 4318895.243, 91
Trd, 4318895.993, 87
Trd, 4318896.193, 82
Trd, 4318896.493, 90
Trd, 4318896.693, 63
Trd, 4318899.343, 104
Trd, 4318899.543, 135
Trd, 4318899.693, 87
Trd, 4318899.943, 136
Trd, 4318900.043, 116
Trd, 4318902.393, 87
Trd, 4318902.443, 87
Trd, 4318902.693, 92
Trd, 4318903.493, 140
Trd, 4318903.643, 86
Trd, 4318904.393, 138
Trd, 4318905.793, 137
Trd, 4318905.843, 132
Trd, 4318906.143, 120
Trd, 4318906.343, 90
Trd, 4318907.043, 79
Trd, 4318907.843, 91
Trd, 4318908.593, 90
Trd, 4318908.743, 73
Trd, 4318909.493, 122
Trd, 4318910.493, 94
Trd, 4318912.843, 85
Trd, 4318912.893, 76
Trd, 4318913.393, 86
Trd, 4318914.293, 63
Trd, 4318915.043, 66
Trd, 4318915.093, 64
Trd, 4318916.293, 116
Trd, 4318917.093, 67
Trd, 4318917.593, 60
Trd, 4318919.043, 69
Trd, 4318919.393, 61
Trd, 4318919.743, 114
Trd, 4318920.043, 106
Trd, 4318920.843, 140
Trd, 4318921.243, 61
Trd, 4318921.993, 65
Trd, 4318922.343, 82
Trd, 4318923.993, 69
Trd, 4318924.893, 67
Trd, 4318925.193, 66
Trd, 4318925.443, 64
Trd, 4318926.043, 140
Trd, 4318926.093, 80
Trd, 4318926.493, 61
Trd, 4318926.843, 140
Trd, 4318927.793, 90
Trd, 4318928.293, 89
Trd, 4318928.493, 87
Trd, 4318928.993, 140
Trd, 4318929.943, 91
Trd, 4318931.093, 123
Trd, 4318931.243, 94
Trd, 4318932.243, 99
Trd, 4318932.343, 91
Trd, 4318934.093, 106
Trd, 4318934.493, 92
Trd, 4318935.143, 88
Trd, 4318935.543, 86
Trd, 4318936.093, 138
Trd, 4318936.243, 98
Trd, 4318937.593, 63
Trd, 4318938.093, 140
Trd, 4318938.493, 90
Trd, 4318939.793, 138
Trd, 4318940.043, 85
Trd, 4318941.093, 92
Trd, 4318942.243, 109
Trd, 4318943.393, 102
Trd, 4318943.743, 75
Trd, 4318944.593, 140
Trd, 4318944.893, 129
Trd, 4318945.043, 129
Trd, 4318945.243, 106
Trd, 4318945.343, 84
Trd, 4318947.393, 119
Trd, 4318947.693, 78
Trd, 4318947.843, 76
Trd, 4318948.893, 76
Trd, 4318948.943, 70
Trd, 4318950.043, 60
Trd, 4318951.093, 60
Trd, 4318951.343, 135
Trd, 4318952.143, 65
Trd, 4318953.243, 61
Trd, 4318953.843, 67
Trd, 4318954.543, 65
Trd, 4318954.643, 62
Trd, 4318954.843, 72
Trd, 4318957.493, 62
Trd, 4318957.543, 70
Trd, 4318958.043, 60
Trd, 4318958.443, 63
Trd, 4318958.743, 61
Trd, 4318958.993, 116
Trd, 4318959.843, 112
Trd, 4318960.743, 85
Trd, 4318962.593, 70
Trd, 4318962.943, 67
Trd, 4318963.243, 74
Trd, 4318964.893, 60
Trd, 4318965.443, 61
Trd, 4318965.943, 68
Trd, 4318966.343, 91
Trd, 4318967.993, 104
Trd, 4318968.093, 101
Trd, 4318968.293, 72
Trd, 4318968.643, 64
Trd, 4318969.243, 62
Trd, 4318969.743, 61
Trd, 4318971.243, 76
Trd, 4318972.393, 65
Trd, 4318973.793, 66
Trd, 4318976.293, 73
Trd, 4318976.393, 85
Trd, 4318977.143, 105
Trd, 4318977.193, 73
Trd, 4318978.043, 66
Trd, 4318978.893, 122
Trd, 4318979.243, 72
Trd, 4318979.343, 74
Trd, 4318980.143, 104
Trd, 4318981.493, 75
Trd, 4318981.943, 92
Trd, 4318982.343, 108
Trd, 4318982.593, 79
Trd, 4318983.343, 135
Trd, 4318983.393, 131
Trd, 4318983.943, 114
Trd, 4318985.893, 101
Trd, 4318986.443, 93
Trd, 4318987.093, 137
Trd, 4318989.443, 139
Trd, 4318989.493, 130
Trd, 4318989.843, 118
Trd, 4318990.093, 115
Trd, 4318990.943, 131
Trd, 4318991.193, 129
Trd, 4318991.293, 118
Trd, 4318992.043, 117
Trd, 4318993.593, 94
Trd, 4318994.293, 100
Trd, 4318994.493, 79
Trd, 4318994.893, 71
Trd, 4318996.493, 140
Trd, 4318996.593, 140
Trd, 4318997.243, 131
Trd, 4318997.843, 98
Trd, 4318998.993, 64
Trd, 4318999.693, 63
Trd, 4318999.843, 72
Trd, 4319000.193, 139
Trd, 4319001.193, 85
Trd, 4319002.043, 68
Trd, 4319002.193, 62
Trd, 4319002.393, 70
Trd, 4319005.193, 67
Trd, 4319006.293, 75
Trd, 4319006.493, 121
Trd, 4319007.393, 60
Trd, 4319007.743, 61
Trd, 4319008.343, 87
Trd, 4319009.543, 77
Trd, 4319010.143, 63
Trd, 4319010.193, 62
Trd, 4319010.393, 110
Trd, 4319010.843, 68
Trd, 4319011.393, 68
Trd, 4319011.693, 89
Trd, 4319013.743, 67
Trd, 4319014.493, 90
Trd, 4319014.793, 67
Trd, 4319016.043, 111
Trd, 4319016.093, 117
Trd, 4319016.893, 138
Trd, 4319016.943, 121
Trd, 4319017.493, 110
Trd, 4319017.593, 67
Trd, 4319018.393, 107
Trd, 4319019.693, 86
Trd, 4319020.843, 63
Trd, 4319021.043, 71
Trd, 4319022.193, 84
Trd, 4319022.243, 78
Trd, 4319022.693, 78
Trd, 4319023.843, 77
Trd, 4319024.543, 85
Trd, 4319024.943, 118
Trd, 4319025.293, 85
Trd, 4319025.493, 76
Trd, 4319025.893, 70
Trd, 4319026.543, 138
Trd, 4319026.593, 98
Trd, 4319027.993, 139
Trd, 4319028.443, 135
Trd, 4319028.893, 133
Trd, 4319030.543, 140
Trd, 4319031.043, 103
Trd, 4319031.343, 64
Trd, 4319032.743, 91
Trd, 4319033.893, 127
Trd, 4319034.443, 102
Trd, 4319034.593, 99
Trd, 4319035.193, 90
Trd, 4319035.843, 140
Trd, 4319037.593, 127
Trd, 4319037.693, 123
Trd, 4319037.893, 117
Trd, 4319038.543, 102
Trd, 4319038.693, 99
Trd, 4319041.393, 60
Trd, 4319041.593, 64
Trd, 4319042.393, 60
Trd, 4319043.293, 61
Trd, 4319044.843, 108
Trd, 4319045.693, 105
Trd, 4319046.093, 106
Trd, 4319046.593, 98
Trd, 4319046.643, 91
Trd, 4319047.693, 140
Trd, 4319047.793, 121
Trd, 4319048.093, 97
Trd, 4319048.943, 140
Trd, 4319049.443, 130
Trd, 4319049.943, 137
Trd, 4319051.343, 131
Trd, 4319052.143, 127
Trd, 4319053.293, 139
Trd, 4319054.493, 113
Trd, 4319054.643, 101
Trd, 4319055.093, 81
Trd, 4319055.193, 79
Trd, 4319056.893, 126
Trd, 4319057.143, 96
Trd, 4319058.393, 66
Trd, 4319058.793, 60
Trd, 4319058.843, 62
Trd, 4319059.793, 65
Trd, 4319060.793, 73
Trd, 4319061.343, 60
Trd, 4319061.993, 86
Trd, 4319062.543, 63
Trd, 4319062.993, 74
Trd, 4319065.093, 99
Trd, 4319065.843, 68
Trd, 4319065.943, 107
Trd, 4319067.293, 138
Trd, 4319067.593, 140
Trd, 4319067.843, 133
Trd, 4319067.993, 115
Trd, 4319068.693, 130
Trd, 4319069.493, 122
Trd, 4319069.593, 104
Trd, 4319069.693, 99
Trd, 4319071.693, 73
Trd, 4319071.843, 88
Trd, 4319072.093, 118
Trd, 4319072.843, 76
Trd, 4319072.993, 105
Trd, 4319075.043, 140
Trd, 4319075.643, 139
Trd, 4319076.693, 134
Trd, 4319076.743, 130
Trd, 4319077.293, 101
Trd, 4319078.193, 68
Trd, 4319078.543, 62
Trd, 4319078.943, 100
Trd, 4319079.643, 88
Trd, 4319080.393, 117
Trd, 4319081.293, 120
Trd, 4319083.343, 135
Trd, 4319084.093, 109
Trd, 4319085.193, 98
Trd, 4319085.443, 90
Trd, 4319087.193, 137
Trd, 4319087.793, 134
Trd, 4319088.143, 115
Trd, 4319088.193, 111
Trd, 4319089.443, 88
Trd, 4319090.043, 126
Trd, 4319090.843, 87
Trd, 4319091.343, 90
Trd, 4319091.893, 129
Trd, 4319092.243, 89
Trd, 4319092.793, 128
Trd, 4319092.893, 125
Trd, 4319093.393, 120
Trd, 4319094.343, 111
Trd, 4319094.593, 87
Trd, 4319095.493, 101
Trd, 4319096.093, 101
Trd, 4319096.893, 96
Trd, 4319097.243, 104
Trd, 4319099.043, 103
Trd, 4319099.343, 100
Trd, 4319099.393, 120
Trd, 4319100.043, 71
Trd, 4319100.743, 140
Trd, 4319102.843, 109
Trd, 4319102.993, 138
Trd, 4319103.493, 98
Trd, 4319103.643, 88
Trd, 4319104.443, 140
Trd, 4319105.693, 88
Trd, 4319106.293, 68
Trd, 4319106.543, 66
Trd, 4319107.093, 85
Trd, 4319108.043, 140
Trd, 4319108.093, 133
Trd, 4319109.543, 139
Trd, 4319109.893, 126
Trd, 4319111.543, 134
Trd, 4319111.843, 102
Trd, 4319112.393, 112
Trd, 4319113.493, 105
Trd, 4319113.993, 102
Trd, 4319114.093, 123
Trd, 4319114.393, 104
Trd, 4319115.343, 98
Trd, 4319117.093, 111
Trd, 4319118.543, 105
Trd, 4319118.793, 100
Trd, 4319118.843, 91
Trd, 4319119.193, 84
Trd, 4319120.343, 82
Trd, 4319120.543, 122
Trd, 4319122.193, 60
Trd, 4319122.543, 82
Trd, 4319123.193, 64
Trd, 4319124.993, 60
Trd, 4319125.693, 61
Trd, 4319126.093, 68
Trd, 4319127.843, 62
Trd, 4319128.893, 87
Trd, 4319129.643, 84
Trd, 4319129.993, 98
Trd, 4319130.643, 83
Trd, 4319131.343, 96
Trd, 4319131.893, 105
Trd, 4319132.643, 140
Trd, 4319133.193, 134
Trd, 4319133.743, 95
Trd, 4319134.093, 110
Trd, 4319134.193, 139
Trd, 4319134.343, 88
Trd, 4319134.443, 60
Trd, 4319135.643, 137
Trd, 4319137.193, 61
Trd, 4319137.543, 77
Trd, 4319138.243, 80
Trd, 4319139.093, 70
Trd, 4319141.943, 114
Trd, 4319142.243, 89
Trd, 4319142.393, 88
Trd, 4319143.043, 86
Trd, 4319143.143, 119
Trd, 4319143.243, 75
Trd, 4319144.043, 140
Trd, 4319145.043, 134
Trd, 4319146.193, 89
Trd, 4319146.293, 88
Trd, 4319146.893, 80
Trd, 4319146.993, 74
Trd, 4319147.593, 73
Trd, 4319149.443, 60
Trd, 4319150.043, 64
Trd, 4319151.293, 105
Trd, 4319151.393, 73
Trd, 4319152.043, 91
Trd, 4319152.593, 69
Trd, 4319153.593, 75
Trd, 4319154.443, 64
Trd, 4319155.793, 66
Trd, 4319156.293, 94
Trd, 4319156.593, 80
Trd, 4319157.293, 114
Trd, 4319157.543, 70
Trd, 4319158.493, 99
Trd, 4319158.893, 110
Trd, 4319159.143, 74
Trd, 4319160.693, 62
Trd, 4319161.793, 140
Trd, 4319161.893, 131
Trd, 4319162.893, 122
Trd, 4319164.043, 123
Trd, 4319164.743, 140
Trd, 4319165.293, 120
Trd, 4319166.243, 139
Trd, 4319166.843, 86
Trd, 4319167.843, 86
Trd, 4319168.843, 93
Trd, 4319168.993, 72
Trd, 4319169.043, 70
Trd, 4319170.293, 108
Trd, 4319171.743, 103
Trd, 4319171.843, 82
Trd, 4319172.243, 80
Trd, 4319172.993, 124
Trd, 4319173.693, 85
Trd, 4319174.343, 92
Trd, 4319174.893, 60
Trd, 4319176.093, 68
Trd, 4319176.193, 72
Trd, 4319177.043, 67
Trd, 4319178.643, 71
Trd, 4319178.693, 83
Trd, 4319179.593, 87
Trd, 4319181.343, 96
Trd, 4319181.893, 108
Trd, 4319182.393, 114
Trd, 4319182.693, 140
Trd, 4319182.743, 91
Trd, 4319182.993, 91
Trd, 4319184.243, 139
Trd, 4319185.093, 89
Trd, 4319185.143, 79
Trd, 4319185.693, 120
Trd, 4319186.243, 72
Trd, 4319186.593, 77
Trd, 4319186.793, 100
Trd, 4319187.293, 112
Trd, 4319187.793, 65
Trd, 4319188.693, 63
Trd, 4319190.343, 90
Trd, 4319190.643, 78
Trd, 4319192.343, 63
Trd, 4319192.643, 71
Trd, 4319192.943, 61
Trd, 4319193.243, 71
Trd, 4319194.093, 113
Trd, 4319194.993, 80
Trd, 4319195.943, 78
Trd, 4319196.943, 68
Trd, 4319198.143, 60
Trd, 4319198.443, 97
Trd, 4319198.943, 89
Trd, 4319199.293, 95
Trd, 4319200.093, 62
Trd, 4319200.593, 86
Trd, 4319202.093, 134
Trd, 4319202.243, 93
Trd, 4319203.743, 96
Trd, 4319203.843, 78
Trd, 4319204.793, 131
Trd, 4319205.093, 82
Trd, 4319205.393, 78
Trd, 4319205.593, 76
Trd, 4319205.893, 95
Trd, 4319206.043, 61
Trd, 4319206.443, 99
Trd, 4319208.593, 60
Trd, 4319208.743, 63
Trd, 4319209.093, 60
Trd, 4319209.943, 109
Trd, 4319211.443, 61
Trd, 4319211.993, 70
Trd, 4319212.843, 139
Trd, 4319212.993, 135
Trd, 4319213.043, 134
Trd, 4319213.193, 134
Trd, 4319214.643, 86
Trd, 4319215.293, 114
Trd, 4319216.893, 100
Trd, 4319217.143, 92
Trd, 4319217.643, 86
Trd, 4319218.143, 102
Trd, 4319218.943, 120
Trd, 4319219.743, 85
Trd, 4319220.243, 63
Trd, 4319220.593, 106
Trd, 4319220.843, 74
Trd, 4319221.593, 73
Trd, 4319222.743, 94
Trd, 4319223.043, 65
Trd, 4319224.643, 85
Trd, 4319225.043, 79
Trd, 4319227.093, 139
Trd, 4319227.243, 135
Trd, 4319227.793, 118
Trd, 4319227.993, 83
Trd, 4319229.143, 63
Trd, 4319230.793, 68
Trd, 4319230.843, 69
Trd, 4319231.093, 62
Trd, 4319231.943, 60
Trd, 4319232.393, 70
Trd, 4319232.593, 79
Trd, 4319233.893, 61
Trd, 4319235.443, 60
Trd, 4319235.643, 64
Trd, 4319235.943, 74
Trd, 4319236.793, 62
Trd, 4319236.843, 63
Trd, 4319239.093, 60
Trd, 4319239.193, 65
Trd, 4319240.243, 60
Trd, 4319241.493, 102
Trd, 4319241.893, 93
Trd, 4319241.993, 92
Trd, 4319243.443, 82
Trd, 4319244.643, 68
Trd, 4319244.793, 70
Trd, 4319245.493, 102
Trd, 4319245.793, 65
Trd, 4319246.093, 103
Trd, 4319248.393, 140
Trd, 4319248.943, 100
Trd, 4319249.393, 95
Trd, 4319250.093, 83
Trd, 4319250.493, 81
Trd, 4319250.693, 121
Trd, 4319251.243, 67
Trd, 4319252.193, 78
Trd, 4319252.993, 107
Trd, 4319253.243, 97
Trd, 4319253.293, 90
Trd, 4319255.443, 104
Trd, 4319255.593, 77
Trd, 4319255.843, 87
Trd, 4319256.093, 84
Trd, 4319257.643, 61
Trd, 4319257.743, 101
Trd, 4319258.093, 80
Trd, 4319258.543, 95
Trd, 4319259.943, 93
Trd, 4319261.093, 140
Trd, 4319261.393, 109
Trd, 4319261.543, 102
Trd, 4319262.243, 60
Trd, 4319263.343, 110
Trd, 4319264.193, 69
Trd, 4319264.693, 122
Trd, 4319266.493, 139
Trd, 4319266.643, 135
Trd, 4319267.043, 134
Trd, 4319267.193, 85
Trd, 4319267.793, 101
Trd, 4319267.943, 75
Trd, 4319268.443, 140
Trd, 4319269.343, 137
Trd, 4319269.893, 133
Trd, 4319270.743, 117
Trd, 4319272.293, 95
Trd, 4319272.393, 86
Trd, 4319272.593, 67
Trd, 4319273.543, 68
Trd, 4319274.443, 104
Trd, 4319274.993, 139
Trd, 4319276.243, 78
Trd, 4319276.293, 110
Trd, 4319276.343, 70
Trd, 4319276.443, 69
Trd, 4319277.243, 125
Trd, 4319278.793, 61
Trd, 4319279.643, 66
Trd, 4319280.243, 65
Trd, 4319280.943, 73
Trd, 4319281.543, 89
Trd, 4319282.493, 62
Trd, 4319283.543, 107
Trd, 4319283.743, 75
Trd, 4319284.143, 61
Trd, 4319284.493, 72
Trd, 4319285.493, 65
Trd, 4319285.643, 77
Trd, 4319286.193, 140
Trd, 4319286.793, 120
Trd, 4319288.443, 66
Trd, 4319288.793, 62
Trd, 4319289.393, 95
Trd, 4319289.793, 79
Trd, 4319290.393, 78
Trd, 4319291.293, 76
Trd, 4319293.343, 62
Trd, 4319293.593, 66
Trd, 4319294.143, 105
Trd, 4319294.393, 140
Trd, 4319294.693, 82
Trd, 4319296.643, 95
Trd, 4319296.743, 129
Trd, 4319297.993, 120
Trd, 4319299.193, 101
Trd, 4319299.343, 99
Trd, 4319299.493, 124
Trd, 4319299.543, 98
Trd, 4319301.293, 63
Trd, 4319302.143, 70
Trd, 4319302.243, 74
Trd, 4319302.593, 92
Trd, 4319303.693, 91
Trd, 4319304.243, 82
Trd, 4319304.393, 69
Trd, 4319305.643, 65
Trd, 4319306.393, 125
Trd, 4319306.893, 97
Trd, 4319307.043, 96
Trd, 4319307.693, 133
Trd, 4319308.643, 127
Trd, 4319308.793, 65
Trd, 4319309.243, 66
Trd, 4319310.643, 66
Trd, 4319311.993, 78
Trd, 4319312.043, 66
Trd, 4319312.543, 71
Trd, 4319313.593, 63
Trd, 4319314.243, 67
Trd, 4319315.043, 140
Trd, 4319315.343, 105
Trd, 4319315.643, 102
Trd, 4319317.043, 103
Trd, 4319317.393, 100
Trd, 4319317.593, 123
Trd, 4319320.593, 140
Trd, 4319321.193, 138
Trd, 4319321.293, 135
Trd, 4319321.843, 111
Trd, 4319323.393, 96
Trd, 4319323.893, 99
Trd, 4319323.943, 104
Trd, 4319325.143, 140
Trd, 4319325.593, 135
Trd, 4319325.643, 96
Trd, 4319326.443, 78
Trd, 4319326.743, 76
Trd, 4319327.193, 75
Trd, 4319327.643, 119
Trd, 4319329.143, 140
Trd, 4319329.593, 118
Trd, 4319329.943, 98
Trd, 4319330.143, 94
Trd, 4319332.643, 139
Trd, 4319332.693, 135
Trd, 4319332.843, 125
Trd, 4319333.493, 76
Trd, 4319334.243, 139
Trd, 4319334.893, 81
Trd, 4319336.193, 106
Trd, 4319336.493, 104
Trd, 4319337.693, 137
Trd, 4319337.743, 104
Trd, 4319337.943, 81
Trd, 4319337.993, 71
Trd, 4319338.193, 61
Trd, 4319340.343, 62
Trd, 4319341.693, 63
Trd, 4319342.043, 89
Trd, 4319342.143, 75
Trd, 4319342.343, 94
Trd, 4319342.543, 60
Trd, 4319342.743, 67
Trd, 4319343.343, 77
Trd, 4319344.593, 67
Trd, 4319345.493, 78
Trd, 4319346.943, 139
Trd, 4319347.043, 127
Trd, 4319347.393, 120
Trd, 4319347.943, 60
Trd, 4319348.493, 60
Trd, 4319349.693, 132
Trd, 4319350.443, 128
Trd, 4319350.643, 113
Trd, 4319351.543, 72
Trd, 4319352.393, 73
Trd, 4319353.543, 61
Trd, 4319355.043, 76
Trd, 4319355.343, 75
Trd, 4319355.793, 80
Trd, 4319356.243, 73
Trd, 4319356.493, 72
Trd, 4319356.893, 89
Trd, 4319357.143, 98
Trd, 4319358.343, 82
Trd, 4319358.393, 80
Trd, 4319359.093, 138
Trd, 4319359.893, 98
Trd, 4319360.593, 61
Trd, 4319360.743, 139
Trd, 4319361.693, 84
Trd, 4319364.043, 139
Trd, 4319364.343, 135
Trd, 4319364.993, 124
Trd, 4319365.643, 124
Trd, 4319366.593, 60
Trd, 4319367.443, 60
Trd, 4319367.893, 89
Trd, 4319367.993, 81
Trd, 4319369.193, 139
Trd, 4319369.293, 135
Trd, 4319369.743, 94
Trd, 4319369.893, 69
Trd, 4319370.143, 140
Trd, 4319370.393, 81
Trd, 4319371.893, 67
Trd, 4319372.893, 82
Trd, 4319373.093, 82
Trd, 4319374.243, 137
Trd, 4319374.843, 140
Trd, 4319375.093, 122
Trd, 4319375.793, 118
Trd, 4319376.593, 131
Trd, 4319376.793, 96
Trd, 4319379.143, 92
Trd, 4319379.693, 71
Trd, 4319380.393, 98
Trd, 4319380.593, 130
Trd, 4319381.593, 108
Trd, 4319381.993, 113
Trd, 4319383.443, 107
Trd, 4319383.843, 100
Trd, 4319384.493, 101
Trd, 4319385.293, 88
Trd, 4319386.043, 79
Trd, 4319386.093, 79
Trd, 4319387.093, 126
Trd, 4319388.843, 78
Trd, 4319389.093, 139
Trd, 4319389.443, 89
Trd, 4319389.943, 77
Trd, 4319390.643, 97
Trd, 4319390.893, 87
Trd, 4319392.243, 140
Trd, 4319392.343, 134
Trd, 4319392.893, 114
Trd, 4319393.243, 103
Trd, 4319394.143, 139
Trd, 4319394.243, 81
Trd, 4319395.593, 67
Trd, 4319396.093, 66
Trd, 4319396.143, 114
Trd, 4319396.243, 127
Trd, 4319398.343, 94
Trd, 4319398.743, 140
Trd, 4319399.393, 94
Trd, 4319400.393, 104
Trd, 4319400.643, 88
Trd, 4319400.693, 111
Trd, 4319401.043, 129
Trd, 4319401.993, 101
Trd, 4319403.093, 140
Trd, 4319403.243, 140
Trd, 4319404.943, 130
Trd, 4319405.043, 126
Trd, 4319406.093, 70
Trd, 4319406.893, 64
Trd, 4319407.243, 97
Trd, 4319408.443, 102
Trd, 4319408.543, 107
Trd, 4319410.393, 120
Trd, 4319411.293, 86
Trd, 4319411.843, 84
Trd, 4319412.293, 84
Trd, 4319412.593, 83
Trd, 4319412.943, 66
Trd, 4319413.393, 63
Trd, 4319413.993, 89
Trd, 4319414.293, 64
Trd, 4319415.193, 61
Trd, 4319415.343, 117
Trd, 4319417.043, 111
Trd, 4319417.393, 109
Trd, 4319418.093, 106
Trd, 4319418.343, 70
Trd, 4319419.193, 136
Trd, 4319419.993, 67
Trd, 4319421.393, 82
Trd, 4319421.443, 92
Trd, 4319422.293, 78
Trd, 4319423.343, 107
Trd, 4319423.593, 76
Trd, 4319424.793, 79
Trd, 4319425.443, 66
Trd, 4319425.643, 113
Trd, 4319425.743, 65
Trd, 4319427.943, 140
Trd, 4319428.393, 138
Trd, 4319428.643, 116
Trd, 4319428.993, 108
Trd, 4319429.143, 88
Trd, 4319430.643, 63
Trd, 4319431.743, 62
Trd, 4319432.943, 66
Trd, 4319433.193, 67
Trd, 4319433.443, 60
Trd, 4319433.843, 68
Trd, 4319434.643, 75
Trd, 4319434.843, 61
Trd, 4319435.243, 129
Trd, 4319436.343, 109
Trd, 4319436.843, 97
Trd, 4319437.793, 125
Trd, 4319438.193, 90
Trd, 4319438.493, 139
Trd, 4319438.893, 138
Trd, 4319440.093, 88
Trd, 4319440.493, 120
Trd, 4319440.843, 103
Trd, 4319441.593, 140
Trd, 4319441.793, 134
Trd, 4319442.193, 122
Trd, 4319442.943, 79
Trd, 4319444.143, 109
Trd, 4319444.593, 95
Trd, 4319444.943, 115
Trd, 4319445.543, 60
Trd, 4319445.643, 64
Trd, 4319445.843, 136
Trd, 4319446.193, 60
Trd, 4319447.093, 121
Trd, 4319449.043, 99
Trd, 4319449.443, 61
Trd, 4319450.193, 73
Trd, 4319450.243, 97
Trd, 4319450.543, 72
Trd, 4319451.443, 61
Trd, 4319452.793, 68
Trd, 4319454.143, 65
Trd, 4319454.243, 69
Trd, 4319455.493, 60
Trd, 4319456.343, 76
Trd, 4319457.443, 64
Trd, 4319457.693, 81
Trd, 4319458.393, 95
Trd, 4319458.793, 81
Trd, 4319459.393, 90
Trd, 4319459.793, 79
Trd, 4319461.493, 64
Trd, 4319462.943, 93
Trd, 4319464.043, 106
Trd, 4319464.693, 87
Trd, 4319464.843, 78
Trd, 4319465.893, 103
Trd, 4319465.993, 99
Trd, 4319466.243, 95
Trd, 4319466.293, 113
Trd, 4319466.793, 140
Trd, 4319466.993, 134
Trd, 4319468.143, 123
Trd, 4319469.143, 118
Trd, 4319469.343, 135
Trd, 4319469.593, 116
Trd, 4319470.293, 105
Trd, 4319470.543, 140
Trd, 4319470.793, 139
Trd, 4319471.193, 80
Trd, 4319471.493, 77
Trd, 4319472.643, 65
Trd, 4319473.293, 86
Trd, 4319473.793, 90
Trd, 4319476.393, 140
Trd, 4319477.843, 135
Trd, 4319477.893, 133
Trd, 4319478.043, 122
Trd, 4319478.993, 130
Trd, 4319479.043, 127
Trd, 4319479.793, 138
Trd, 4319480.543, 93
Trd, 4319480.643, 87
Trd, 4319481.693, 71
Trd, 4319482.393, 61
Trd, 4319482.843, 76
Trd, 4319483.143, 70
Trd, 4319483.593, 139
Trd, 4319484.193, 140
Trd, 4319484.443, 135
Trd, 4319487.943, 140
Trd, 4319488.693, 138
Trd, 4319489.343, 129
Trd, 4319489.443, 125
Trd, 4319490.443, 131
Trd, 4319490.743, 108
Trd, 4319491.843, 94
Trd, 4319492.743, 92
Trd, 4319493.493, 138
Trd, 4319493.593, 133
Trd, 4319493.693, 124
Trd, 4319494.293, 84
Trd, 4319494.443, 79
Trd, 4319495.043, 93
Trd, 4319495.643, 124
Trd, 4319495.993, 120
Trd, 4319496.793, 88
Trd, 4319499.093, 125
Trd, 4319499.743, 94
Trd, 4319500.093, 93
Trd, 4319500.393, 90
Trd, 4319500.643, 139
Trd, 4319501.243, 85
Trd, 4319501.443, 140
Trd, 4319502.943, 116
Trd, 4319504.043, 68
Trd, 4319505.043, 138
Trd, 4319505.493, 104
Trd, 4319506.193, 121
Trd, 4319507.893, 102
Trd, 4319508.093, 65
Trd, 4319508.693, 69
Trd, 4319508.793, 89
Trd, 4319509.743, 60
Trd, 4319510.193, 96
Trd, 4319510.393, 61
Trd, 4319511.593, 96
Trd, 4319512.643, 100
Trd, 4319513.493, 98
Trd, 4319514.243, 108
Trd, 4319514.843, 103
Trd, 4319515.443, 140
Trd, 4319515.993, 100
Trd, 4319516.443, 140
Trd, 4319516.643, 122
Trd, 4319517.293, 98
Trd, 4319517.493, 86
Trd, 4319518.443, 70
Trd, 4319518.893, 61
Trd, 4319519.343, 105
Trd, 4319519.543, 96
Trd, 4319520.643, 64
Trd, 4319520.893, 61
Trd, 4319522.193, 87
Trd, 4319523.043, 66
Trd, 4319523.093, 64
Trd, 4319523.993, 117
Trd, 4319525.093, 140
Trd, 4319525.693, 61
Trd, 4319526.493, 101
Trd, 4319526.693, 95
Trd, 4319528.193, 66
Trd, 4319528.543, 75
Trd, 4319528.893, 61
Trd, 4319529.993, 62
Trd, 4319530.543, 61
Trd, 4319530.693, 63
Trd, 4319531.943, 89
Trd, 4319532.293, 88
Trd, 4319533.093, 104
Trd, 4319533.343, 74
Trd, 4319534.493, 95
Trd, 4319534.693, 93
Trd, 4319535.293, 64
Trd, 4319535.743, 82
Trd, 4319536.043, 139
Trd, 4319536.593, 60
Trd, 4319538.293, 66
Trd, 4319539.093, 140
Trd, 4319539.943, 63
Trd, 4319540.893, 60
Trd, 4319541.643, 62
Trd, 4319542.943, 62
Trd, 4319543.493, 65
Trd, 4319543.593, 90
Trd, 4319544.843, 129
Trd, 4319545.443, 60
Trd, 4319547.293, 126
Trd, 4319547.693, 103
Trd, 4319547.793, 97
Trd, 4319548.893, 66
Trd, 4319550.243, 63
Trd, 4319550.593, 64
Trd, 4319550.993, 60
Trd, 4319551.243, 91
Trd, 4319552.243, 66
Trd, 4319553.043, 94
Trd, 4319553.443, 103
Trd, 4319554.243, 72
Trd, 4319554.893, 72
Trd, 4319555.343, 107
Trd, 4319555.693, 120
Trd, 4319556.493, 93
Trd, 4319556.693, 82
Trd, 4319557.243, 94
Trd, 4319557.293, 85
Trd, 4319558.243, 139
Trd, 4319558.543, 124
Trd, 4319558.793, 93
Trd, 4319560.793, 61
Trd, 4319561.243, 65
Trd, 4319561.943, 85
Trd, 4319562.743, 99
Trd, 4319563.243, 66
Trd, 4319563.793, 79
Trd, 4319563.843, 109
Trd, 4319566.193, 61
Trd, 4319567.293, 81
Trd, 4319568.393, 123
Trd, 4319568.643, 79
Trd, 4319569.193, 77
Trd, 4319569.843, 140
Trd, 4319570.193, 85
Trd, 4319570.343, 68
Trd, 4319571.143, 90
Trd, 4319572.043, 67
Trd, 4319572.743, 78
Trd, 4319573.893, 106
Trd, 4319573.943, 85
Trd, 4319574.543, 118
Trd, 4319575.543, 116
Trd, 4319575.793, 113
Trd, 4319575.843, 78
Trd, 4319576.493, 100
Trd, 4319577.643, 61
Trd, 4319577.993, 67
Trd, 4319578.293, 84
Trd, 4319580.393, 72
Trd, 4319580.743, 79
Trd, 4319581.793, 139
Trd, 4319582.593, 85
Trd, 4319582.893, 80
Trd, 4319583.293, 110
Trd, 4319583.443, 98
Trd, 4319585.093, 68
Trd, 4319585.193, 74
Trd, 4319585.893, 68
Trd, 4319586.793, 71
Trd, 4319586.993, 76
Trd, 4319587.593, 64
Trd, 4319587.843, 129
Trd, 4319588.293, 71
Trd, 4319588.843, 83
Trd, 4319590.543, 74
Trd, 4319591.043, 67
Trd, 4319591.443, 85
Trd, 4319591.843, 78
Trd, 4319591.943, 61
Trd, 4319592.143, 138
Trd, 4319593.143, 60
Trd, 4319594.893, 74
Trd, 4319595.243, 122
Trd, 4319595.593, 76
Trd, 4319596.243, 79
Trd, 4319596.393, 70
Trd, 4319597.043, 63
Trd, 4319597.943, 76
Trd, 4319599.543, 66
Trd, 4319600.693, 69
Trd, 4319600.793, 106
Trd, 4319601.543, 127
Trd, 4319601.793, 107
Trd, 4319601.943, 112
Trd, 4319602.943, 104
Trd, 4319603.793, 122
Trd, 4319603.843, 97
Trd, 4319603.893, 85
Trd, 4319604.943, 70
Trd, 4319606.343, 60
Trd, 4319606.593, 61
Trd, 4319608.593, 108
Trd, 4319608.643, 81
Trd, 4319608.843, 79
Trd, 4319609.093, 123
Trd, 4319609.193, 78
Trd, 4319610.193, 74
Trd, 4319610.393, 70
Trd, 4319611.643, 105
Trd, 4319611.743, 95
Trd, 4319611.793, 94
Trd, 4319612.093, 84
Trd, 4319614.093, 135
Trd, 4319614.943, 123
Trd, 4319615.343, 140
Trd, 4319615.743, 72
Trd, 4319615.843, 71
Trd, 4319616.693, 125
Trd, 4319617.193, 116
Trd, 4319617.993, 80
Trd, 4319618.593, 66
Trd, 4319619.093, 137
Trd, 4319619.493, 109
Trd, 4319619.743, 94
Trd, 4319620.343, 124
Trd, 4319620.893, 69
Trd, 4319623.143, 62
Trd, 4319623.993, 63
Trd, 4319624.243, 77
Trd, 4319625.943, 136
Trd, 4319626.393, 84
Trd, 4319626.493, 61
Trd, 4319626.943, 112
Trd, 4319627.743, 70
Trd, 4319628.393, 91
Trd, 4319628.893, 70
Trd, 4319630.493, 140
Trd, 4319631.443, 127
Trd, 4319631.793, 123
Trd, 4319632.443, 108
Trd, 4319633.643, 139
Trd, 4319634.193, 140
Trd, 4319635.743, 124
Trd, 4319636.543, 127
Trd, 4319637.293, 116
Trd, 4319637.493, 139
Trd, 4319637.743, 106
Trd, 4319638.743, 85
Trd, 4319639.193, 90
Trd, 4319639.293, 88
Trd, 4319639.943, 87
Trd, 4319641.493, 97
Trd, 4319641.743, 140
Trd, 4319642.293, 103
Trd, 4319642.893, 96
Trd, 4319643.943, 107
Trd, 4319644.743, 140
Trd, 4319645.593, 140
Trd, 4319646.293, 135
Trd, 4319647.543, 102
Trd, 4319647.743, 97
Trd, 4319648.693, 62
Trd, 4319649.193, 81
Trd, 4319649.343, 106
Trd, 4319650.693, 122
Trd, 4319651.493, 115
Trd, 4319651.743, 100
Trd, 4319652.143, 118
Trd, 4319652.593, 108
Trd, 4319654.043, 120
Trd, 4319654.143, 140
Trd, 4319654.243, 96
Trd, 4319654.993, 94
Trd, 4319655.543, 99
Trd, 4319656.893, 61
Trd, 4319658.193, 113
Trd, 4319658.393, 76
Trd, 4319659.293, 87
Trd, 4319659.493, 97
Trd, 4319659.593, 75
Trd, 4319660.093, 70
Trd, 4319660.643, 140
Trd, 4319660.743, 121
Trd, 4319661.893, 140
Trd, 4319662.443, 115
Trd, 4319664.193, 129
Trd, 4319664.493, 121
Trd, 4319665.843, 121
Trd, 4319666.093, 101
Trd, 4319666.393, 110
Trd, 4319667.993, 116
Trd, 4319669.093, 95
Trd, 4319669.893, 139
Trd, 4319670.143, 134
Trd, 4319671.543, 114
Trd, 4319672.293, 131
Trd, 4319672.693, 101
Trd, 4319672.993, 107
Trd, 4319673.043, 91
Trd, 4319674.293, 140
Trd, 4319674.793, 87
Trd, 4319675.643, 80
Trd, 4319676.243, 79
Trd, 4319677.093, 129
Trd, 4319677.343, 125
Trd, 4319678.493, 90
Trd, 4319679.293, 140
Trd, 4319679.893, 138
Trd, 4319680.443, 110
Trd, 4319680.793, 138
Trd, 4319681.893, 139
Trd, 4319682.843, 120
Trd, 4319683.043, 78
Trd, 4319683.493, 71
Trd, 4319684.043, 83
Trd, 4319684.593, 104
Trd, 4319686.143, 101
Trd, 4319686.743, 81
Trd, 4319686.793, 81
Trd, 4319686.893, 76
Trd, 4319688.193, 122
Trd, 4319688.293, 118
Trd, 4319688.393, 100
Trd, 4319689.743, 61
Trd, 4319690.543, 63
Trd, 4319691.193, 68
Trd, 4319692.493, 78
Trd, 4319692.643, 73
Trd, 4319693.343, 75
Trd, 4319694.793, 80
Trd, 4319695.393, 66
Trd, 4319695.893, 64
Trd, 4319697.493, 67
Trd, 4319697.693, 65
Trd, 4319697.743, 99
Trd, 4319698.293, 72
Trd, 4319699.393, 75
Trd, 4319699.943, 62
Trd, 4319700.793, 60
Trd, 4319701.543, 61
Trd, 4319702.293, 76
Trd, 4319702.893, 79
Trd, 4319702.993, 61
Trd, 4319705.193, 61
Trd, 4319705.843, 80
Trd, 4319706.093, 70
Trd, 4319706.143, 108
Trd, 4319706.343, 69
Trd, 4319707.593, 81
Trd, 4319707.943, 62
Trd, 4319709.943, 140
Trd, 4319710.393, 84
Trd, 4319710.743, 117
Trd, 4319711.093, 73
Trd, 4319711.993, 72
Trd, 4319712.793, 69
Trd, 4319713.193, 77
Trd, 4319713.393, 64
Trd, 4319714.093, 87
Trd, 4319714.443, 96
Trd, 4319715.893, 112
Trd, 4319716.743, 85
Trd, 4319717.493, 139
Trd, 4319718.043, 79
Trd, 4319719.093, 80
Trd, 4319719.293, 85
Trd, 4319720.193, 72
Trd, 4319720.743, 61
Trd, 4319721.393, 77
Trd, 4319722.793, 78
Trd, 4319723.643, 66
Trd, 4319723.693, 81
Trd, 4319724.393, 94
Trd, 4319725.393, 75
Trd, 4319725.493, 128
Trd, 4319725.543, 134
Trd, 4319725.993, 77
Trd, 4319726.543, 137
Trd, 4319728.393, 61
Trd, 4319729.743, 61
Trd, 4319730.343, 76
Trd, 4319730.993, 89
Trd, 4319731.443, 87
Trd, 4319731.493, 86
Trd, 4319731.543, 77
Trd, 4319731.843, 107
Trd, 4319732.693, 112
Trd, 4319733.393, 95
Trd, 4319734.743, 107
Trd, 4319734.843, 105
Trd, 4319735.643, 140
Trd, 4319735.993, 103
Trd, 4319736.643, 100
Trd, 4319737.343, 81
Trd, 4319738.443, 77
Trd, 4319738.793, 77
Trd, 4319738.943, 81
Trd, 4319738.993, 130
Trd, 4319741.593, 76
Trd, 4319742.143, 70
Trd, 4319743.093, 96
Trd, 4319743.643, 78
Trd, 4319744.243, 63
Trd, 4319744.743, 82
Trd, 4319745.143, 133
Trd, 4319745.393, 112
Trd, 4319746.143, 63
Trd, 4319747.243, 82
Trd, 4319747.443, 71
Trd, 4319749.193, 88
Trd, 4319750.193, 134
Trd, 4319750.543, 140
Trd, 4319751.043, 126
Trd, 4319751.243, 126
Trd, 4319751.843, 121
Trd, 4319752.293, 112
Trd, 4319752.493, 83
Trd, 4319753.193, 99
Trd, 4319753.843, 140
Trd, 4319755.443, 89
Trd, 4319755.593, 113
Trd, 4319756.393, 68
Trd, 4319757.293, 140
Trd, 4319757.443, 135
Trd, 4319757.843, 124
Trd, 4319759.493, 140
Trd, 4319759.693, 135
Trd, 4319760.193, 128
Trd, 4319761.343, 97
Trd, 4319761.593, 81
Trd, 4319762.093, 107
Trd, 4319763.143, 66
Trd, 4319763.293, 111
Trd, 4319764.043, 112
Trd, 4319764.493, 110
Trd, 4319764.943, 79
Trd, 4319765.343, 74
Trd, 4319766.443, 72
Trd, 4319767.243, 62
Trd, 4319767.793, 74
Trd, 4319767.993, 140
Trd, 4319769.993, 126
Trd, 4319770.143, 140
Trd, 4319770.543, 122
Trd, 4319771.743, 60
Trd, 4319772.743, 61
Trd, 4319773.243, 80
Trd, 4319773.493, 61
Trd, 4319775.393, 137
Trd, 4319775.493, 101
Trd, 4319775.993, 108
Trd, 4319776.693, 86
Trd, 4319777.343, 140
Trd, 4319777.693, 98
Trd, 4319777.843, 86
Trd, 4319778.793, 139
Trd, 4319781.543, 99
Trd, 4319781.843, 96
Trd, 4319782.893, 64
Trd, 4319784.193, 63
Trd, 4319784.343, 90
Trd, 4319784.693, 106
Trd, 4319785.093, 140
Trd, 4319785.443, 139
Trd, 4319786.393, 107
Trd, 4319787.343, 117
Trd, 4319787.893, 140
Trd, 4319788.393, 127
Trd, 4319789.093, 104
Trd, 4319789.543, 119
Trd, 4319790.893, 96
Trd, 4319791.093, 80
Trd, 4319791.143, 68
Trd, 4319791.743, 71
Trd, 4319793.093, 140
Trd, 4319794.843, 102
Trd, 4319795.093, 99
Trd, 4319795.193, 96
Trd, 4319795.943, 132
Trd, 4319795.993, 75
Trd, 4319796.843, 70
Trd, 4319797.043, 72
Trd, 4319797.643, 66
Trd, 4319799.043, 63
Trd, 4319799.693, 60
Trd, 4319799.943, 61
Trd, 4319801.993, 60
Trd, 4319802.093, 63
Trd, 4319802.393, 62
Trd, 4319803.843, 66
Trd, 4319804.543, 87
Trd, 4319804.893, 96
Trd, 4319805.143, 103
Trd, 4319805.943, 66
Trd, 4319806.793, 70
Trd, 4319807.543, 70
Trd, 4319809.393, 100
Trd, 4319809.943, 72
Trd, 4319810.143, 88
Trd, 4319810.393, 66
Trd, 4319810.893, 118
Trd, 4319811.393, 63
Trd, 4319812.543, 79
Trd, 4319813.643, 62
Trd, 4319815.343, 66
Trd, 4319815.893, 64
Trd, 4319816.393, 64
Trd, 4319816.993, 60
Trd, 4319817.993, 140
Trd, 4319818.193, 139
Trd, 4319818.293, 134
Trd, 4319819.043, 84
Trd, 4319819.693, 137
Trd, 4319820.143, 105
Trd, 4319820.243, 104
Trd, 4319821.343, 94
Trd, 4319822.143, 80
Trd, 4319822.293, 121
Trd, 4319823.543, 130
Trd, 4319824.193, 123
Trd, 4319824.543, 138
Trd, 4319824.643, 122
Trd, 4319825.093, 82
Trd, 4319825.693, 86
Trd, 4319826.293, 104
Trd, 4319827.093, 87
Trd, 4319828.093, 139
Trd, 4319829.943, 89
Trd, 4319829.993, 77
Trd, 4319830.193, 76
Trd, 4319830.643, 139
Trd, 4319831.093, 73
Trd, 4319831.493, 77
Trd, 4319831.993, 82
Trd, 4319832.693, 90
Trd, 4319833.843, 139
Trd, 4319834.293, 135
Trd, 4319834.893, 139
Trd, 4319835.743, 131
Trd, 4319836.993, 137
Trd, 4319838.243, 128
Trd, 4319838.593, 127
Trd, 4319839.143, 140
Trd, 4319839.193, 124
Trd, 4319839.293, 76
Trd, 4319840.593, 111
Trd, 4319840.843, 65
Trd, 4319841.843, 97
Trd, 4319842.293, 138
Trd, 4319842.343, 108
Trd, 4319843.843, 95
Trd, 4319844.043, 95
Trd, 4319844.793, 90
Trd, 4319845.293, 62
Trd, 4319845.543, 100
Trd, 4319847.543, 61
Trd, 4319848.843, 95
Trd, 4319850.293, 83
Trd, 4319850.893, 121
Trd, 4319850.943, 81
Trd, 4319851.693, 131
Trd, 4319852.393, 110
Trd, 4319853.243, 103
Trd, 4319853.943, 102
Trd, 4319854.493, 93
Trd, 4319855.493, 94
Trd, 4319855.943, 140
Trd, 4319856.043, 135
Trd, 4319857.293, 120
Trd, 4319857.943, 128
Trd, 4319858.093, 110
Trd, 4319858.593, 140
Trd, 4319858.693, 86
Trd, 4319860.143, 78
Trd, 4319860.893, 96
Trd, 4319861.293, 136
Trd, 4319861.343, 111
Trd, 4319861.543, 77
Trd, 4319862.343, 92
Trd, 4319863.793, 140
Trd, 4319864.043, 119
Trd, 4319865.143, 140
Trd, 4319865.743, 132
Trd, 4319867.843, 103
Trd, 4319867.893, 101
Trd, 4319868.143, 115
Trd, 4319868.393, 140
Trd, 4319868.793, 89
Trd, 4319869.143, 77
Trd, 4319869.293, 135
Trd, 4319870.193, 134
Trd, 4319871.493, 65
Trd, 4319872.143, 63
Trd, 4319872.893, 136
Trd, 4319873.543, 140
Trd, 4319873.893, 130
Trd, 4319873.943, 90
Trd, 4319874.343, 77
Trd, 4319876.043, 140
Trd, 4319876.393, 100
Trd, 4319877.443, 106
Trd, 4319877.743, 105
Trd, 4319878.393, 132
Trd, 4319878.593, 127
Trd, 4319879.843, 139
Trd, 4319881.643, 63
Trd, 4319882.293, 70
Trd, 4319882.693, 72
Trd, 4319883.443, 93
Trd, 4319884.293, 106
Trd, 4319884.943, 77
Trd, 4319886.293, 92
Trd, 4319887.143, 62
Trd, 4319887.193, 66
Trd, 4319887.693, 103
Trd, 4319888.793, 91
Trd, 4319888.843, 103
Trd, 4319889.293, 84
Trd, 4319890.243, 93
Trd, 4319890.893, 81
Trd, 4319891.943, 79
Trd, 4319892.193, 139
Trd, 4319892.693, 99
Trd, 4319893.293, 78
Trd, 4319893.593, 61
Trd, 4319895.143, 64
Trd, 4319895.393, 99
Trd, 4319897.193, 63
Trd, 4319898.193, 137
Trd, 4319898.693, 132
Trd, 4319898.743, 121
Trd, 4319899.143, 112
Trd, 4319900.293, 140
Trd, 4319900.443, 139
Trd, 4319902.493, 94
Trd, 4319903.093, 90
Trd, 4319903.793, 102
Trd, 4319904.243, 89
Trd, 4319904.643, 87
Trd, 4319905.443, 120
Trd, 4319906.143, 90
Trd, 4319906.843, 139
Trd, 4319908.143, 107
Trd, 4319908.643, 115
Trd, 4319908.993, 113
Trd, 4319909.043, 93
Trd, 4319910.593, 71
Trd, 4319910.743, 60
Trd, 4319910.843, 79
Trd, 4319911.093, 80
Trd, 4319911.593, 84
Trd, 4319912.593, 82
Trd, 4319913.543, 106
Trd, 4319913.693, 103
Trd, 4319913.993, 109
Trd, 4319914.643, 73
Trd, 4319914.743, 64
Trd, 4319916.443, 91
Trd, 4319916.543, 78
Trd, 4319917.293, 137
Trd, 4319917.993, 140
Trd, 4319918.093, 132
Trd, 4319918.893, 121
Trd, 4319919.543, 114
Trd, 4319919.593, 137
Trd, 4319921.443, 103
Trd, 4319921.793, 96
Trd, 4319921.893, 109
Trd, 4319922.193, 92
Trd, 4319922.793, 75
Trd, 4319923.893, 65
Trd, 4319924.293, 65
Trd, 4319926.243, 60
Trd, 4319926.393, 66
Trd, 4319927.493, 96
Trd, 4319927.743, 92
Trd, 4319928.793, 126
Trd, 4319928.843, 99
Trd, 4319929.343, 101
Trd, 4319929.393, 95
Trd, 4319931.393, 140
Trd, 4319931.643, 128
Trd, 4319932.043, 100
Trd, 4319932.243, 118
Trd, 4319932.443, 63
Trd, 4319934.543, 122
Trd, 4319935.093, 102
Trd, 4319935.993, 81
Trd, 4319936.143, 124
Trd, 4319936.893, 71
Trd, 4319936.993, 70
Trd, 4319937.993, 83
Trd, 4319939.643, 81
Trd, 4319940.993, 88
Trd, 4319941.743, 84
Trd, 4319942.093, 68
Trd, 4319942.743, 61
Trd, 4319942.993, 87
Trd, 4319943.243, 75
Trd, 4319943.543, 97
Trd, 4319944.343, 62
Trd, 4319944.543, 106
Trd, 4319944.993, 111
Trd, 4319945.293, 100
Trd, 4319946.893, 114
Trd, 4319948.293, 111
Trd, 4319948.643, 110
Trd, 4319949.093, 108
Trd, 4319949.143, 128
Trd, 4319949.543, 140
Trd, 4319950.143, 131
Trd, 4319950.193, 127
Trd, 4319950.743, 139
Trd, 4319952.593, 140
Trd, 4319953.793, 116
Trd, 4319953.893, 84
Trd, 4319954.343, 94
Trd, 4319955.143, 85
Trd, 4319955.293, 76
Trd, 4319956.443, 90
Trd, 4319957.093, 104
Trd, 4319957.143, 75
Trd, 4319958.093, 63
Trd, 4319958.293, 71
Trd, 4319959.293, 62
Trd, 4319960.243, 85
Trd, 4319960.543, 80
Trd, 4319960.593, 123
Trd, 4319960.643, 80
Trd, 4319961.443, 139
Trd, 4319962.393, 134
Trd, 4319962.943, 131
Trd, 4319963.893, 66
Trd, 4319964.543, 140
Trd, 4319965.543, 131
Trd, 4319966.593, 72
Trd, 4319967.393, 100
Trd, 4319967.543, 80
Trd, 4319967.743, 79
Trd, 4319968.343, 115
Trd, 4319969.193, 140
Trd, 4319970.593, 140
Trd, 4319971.193, 135
Trd, 4319971.293, 131
Trd, 4319971.793, 117
Trd, 4319972.293, 114
Trd, 4319972.993, 89
Trd, 4319975.343, 137
Trd, 4319975.993, 128
Trd, 4319976.143, 93
Trd, 4319977.593, 140
Trd, 4319978.293, 130
Trd, 4319979.093, 130
Trd, 4319979.193, 115
Trd, 4319979.293, 95
Trd, 4319979.343, 90
Trd, 4319981.343, 138
Trd, 4319981.643, 121
Trd, 4319981.693, 88
Trd, 4319982.643, 82
Trd, 4319983.293, 139
Trd, 4319983.443, 92
Trd, 4319986.043, 63
Trd, 4319986.243, 63
Trd, 4319986.343, 87
Trd, 4319987.143, 124
Trd, 4319987.743, 96
Trd, 4319987.893, 96
Trd, 4319988.043, 96
Trd, 4319988.193, 140
Trd, 4319989.593, 77
Trd, 4319992.793, 60
Trd, 4319993.893, 67
Trd, 4319994.343, 62
Trd, 4319995.343, 108
Trd, 4319995.693, 140
Trd, 4319995.943, 85
Trd, 4319996.693, 82
Trd, 4319997.493, 78
Trd, 4319998.143, 109
Trd, 4319998.493, 113
Trd, 4319999.393, 96
Trd, 4319999.593, 62
Trd, 4319999.743, 66
