Trd, 4318120.443, 114
Trd, 4318120.743, 116
Trd, 4318120.893, 112
Trd, 4318121.193, 111
Trd, 4318121.593, 110
Trd, 4318123.243, 110
Trd, 4318124.143, 109
Trd, 4318124.643, 64
Trd, 4318126.093, 81
Trd, 4318127.693, 85
Trd, 4318127.743, 91
Trd, 4318129.143, 106
Trd, 4318129.343, 105
Trd, 4318129.893, 118
Trd, 4318130.593, 110
Trd, 4318130.693, 111
Trd, 4318131.243, 110
Trd, 4318131.743, 88
Trd, 4318132.293, 86
Trd, 4318133.743, 69
Trd, 4318135.593, 93
Trd, 4318136.693, 106
Trd, 4318138.293, 106
Trd, 4318138.393, 105
Trd, 4318138.743, 109
Trd, 4318139.143, 102
Trd, 4318139.443, 96
Trd, 4318140.393, 89
Trd, 4318141.443, 88
Trd, 4318142.443, 86
Trd, 4318142.643, 108
Trd, 4318143.293, 119
Trd, 4318143.843, 94
Trd, 4318145.243, 92
Trd, 4318146.243, 133
Trd, 4318147.193, 123
Trd, 4318147.243, 115
Trd, 4318147.593, 71
Trd, 4318147.993, 65
Trd, 4318149.443, 72
Trd, 4318150.043, 97
Trd, 4318150.393, 116
Trd, 4318152.143, 71
Trd, 4318152.893, 68
Trd, 4318153.093, 83
Trd, 4318153.993, 70
Trd, 4318155.343, 89
Trd, 4318156.343, 69
Trd, 4318157.143, 74
Trd, 4318158.643, 102
Trd, 4318158.693, 70
Trd, 4318159.043, 110
Trd, 4318159.243, 115
Trd, 4318160.243, 94
Trd, 4318160.393, 93
Trd, 4318161.443, 86
Trd, 4318162.593, 102
Trd, 4318163.043, 96
Trd, 4318163.143, 94
Trd, 4318163.243, 96
Trd, 4318164.993, 116
Trd, 4318165.093, 115
Trd, 4318165.593, 93
Trd, 4318165.993, 117
Trd, 4318166.993, 101
Trd, 4318167.343, 105
Trd, 4318168.593, 84
Trd, 4318169.643, 104
Trd, 4318170.793, 103
Trd, 4318172.093, 100
Trd, 4318172.143, 99
Trd, 4318172.843, 107
Trd, 4318173.193, 103
Trd, 4318173.443, 104
Trd, 4318173.543, 103
Trd, 4318175.043, 133
Trd, 4318176.293, 79
Trd, 4318177.193, 76
Trd, 4318179.043, 95
Trd, 4318179.593, 96
Trd, 4318180.343, 120
Trd, 4318180.543, 96
Trd, 4318180.843, 98
Trd, 4318181.593, 97
Trd, 4318182.293, 103
Trd, 4318182.693, 104
Trd, 4318183.043, 105
Trd, 4318183.143, 103
Trd, 4318185.543, 89
Trd, 4318185.943, 60
Trd, 4318186.393, 73
Trd, 4318187.593, 89
Trd, 4318188.343, 140
Trd, 4318188.393, 130
Trd, 4318188.993, 99
Trd, 4318190.143, 100
Trd, 4318190.243, 97
Trd, 4318190.943, 105
Trd, 4318192.193, 114
Trd, 4318193.593, 116
Trd, 4318194.393, 119
Trd, 4318194.693, 111
Trd, 4318195.093, 110
Trd, 4318195.993, 129
Trd, 4318196.143, 110
Trd, 4318196.793, 111
Trd, 4318197.093, 67
Trd, 4318197.643, 68
Trd, 4318198.593, 79
Trd, 4318199.843, 103
Trd, 4318200.243, 67
Trd, 4318200.943, 127
Trd, 4318201.243, 88
Trd, 4318205.143, 62
Trd, 4318205.243, 71
Trd, 4318206.193, 114
Trd, 4318206.243, 106
Trd, 4318207.043, 128
Trd, 4318207.443, 135
Trd, 4318207.693, 125
Trd, 4318208.093, 111
Trd, 4318210.193, 102
Trd, 4318210.243, 101
Trd, 4318210.493, 74
Trd, 4318211.043, 74
Trd, 4318211.743, 112
Trd, 4318213.043, 100
Trd, 4318213.393, 95
Trd, 4318214.243, 92
Trd, 4318214.493, 92
Trd, 4318215.043, 115
Trd, 4318215.293, 87
Trd, 4318216.143, 137
Trd, 4318216.543, 136
Trd, 4318217.743, 95
Trd, 4318218.293, 85
Trd, 4318219.493, 90
Trd, 4318221.343, 61
Trd, 4318221.493, 111
Trd, 4318221.943, 71
Trd, 4318222.043, 75
Trd, 4318223.543, 62
Trd, 4318223.593, 71
Trd, 4318225.843, 67
Trd, 4318226.993, 83
Trd, 4318227.593, 108
Trd, 4318228.143, 67
Trd, 4318228.643, 72
Trd, 4318229.193, 92
Trd, 4318229.793, 80
Trd, 4318230.243, 73
Trd, 4318230.843, 102
Trd, 4318232.693, 123
Trd, 4318232.743, 122
Trd, 4318232.793, 116
Trd, 4318234.393, 110
Trd, 4318234.893, 109
Trd, 4318235.743, 119
Trd, 4318236.093, 118
Trd, 4318236.143, 115
Trd, 4318236.843, 138
Trd, 4318238.293, 114
Trd, 4318239.343, 134
Trd, 4318240.493, 125
Trd, 4318240.943, 124
Trd, 4318241.493, 133
Trd, 4318243.843, 114
Trd, 4318244.393, 95
Trd, 4318245.243, 97
Trd, 4318245.443, 112
Trd, 4318246.893, 83
Trd, 4318247.443, 82
Trd, 4318247.543, 77
Trd, 4318247.993, 62
Trd, 4318248.443, 88
Trd, 4318249.343, 123
Trd, 4318249.793, 121
Trd, 4318250.693, 119
Trd, 4318250.943, 111
Trd, 4318251.693, 67
Trd, 4318253.393, 87
Trd, 4318253.543, 98
Trd, 4318254.643, 126
Trd, 4318254.693, 125
Trd, 4318255.343, 125
Trd, 4318255.393, 119
Trd, 4318255.543, 139
Trd, 4318256.593, 62
Trd, 4318258.943, 115
Trd, 4318259.343, 121
Trd, 4318260.043, 114
Trd, 4318260.143, 109
Trd, 4318260.693, 97
Trd, 4318261.093, 88
Trd, 4318261.543, 90
Trd, 4318262.343, 99
Trd, 4318263.743, 112
Trd, 4318264.293, 133
Trd, 4318264.643, 97
Trd, 4318264.893, 95
Trd, 4318266.543, 115
Trd, 4318267.193, 136
Trd, 4318267.443, 135
Trd, 4318267.893, 108
Trd, 4318269.293, 132
Trd, 4318269.943, 125
Trd, 4318270.043, 139
Trd, 4318270.143, 123
Trd, 4318271.143, 99
Trd, 4318271.443, 70
Trd, 4318272.093, 100
Trd, 4318272.743, 116
Trd, 4318274.243, 66
Trd, 4318274.693, 90
Trd, 4318275.643, 75
Trd, 4318276.193, 85
Trd, 4318278.293, 81
Trd, 4318278.393, 81
Trd, 4318278.993, 92
Trd, 4318279.143, 82
Trd, 4318280.843, 85
Trd, 4318281.193, 99
Trd, 4318281.493, 125
Trd, 4318282.343, 75
Trd, 4318283.693, 74
Trd, 4318283.843, 73
Trd, 4318283.943, 80
Trd, 4318285.093, 108
Trd, 4318285.943, 107
Trd, 4318287.293, 89
Trd, 4318287.393, 115
Trd, 4318288.693, 60
Trd, 4318288.893, 73
Trd, 4318289.193, 78
Trd, 4318289.843, 79
Trd, 4318290.243, 72
Trd, 4318291.893, 109
Trd, 4318291.943, 99
Trd, 4318293.293, 93
Trd, 4318295.793, 96
Trd, 4318295.943, 95
Trd, 4318296.893, 72
Trd, 4318298.443, 102
Trd, 4318299.243, 115
Trd, 4318299.643, 110
Trd, 4318300.693, 112
Trd, 4318300.993, 111
Trd, 4318301.593, 99
Trd, 4318302.643, 106
Trd, 4318302.693, 100
Trd, 4318303.593, 85
Trd, 4318303.943, 85
Trd, 4318304.243, 92
Trd, 4318304.393, 101
Trd, 4318304.693, 82
Trd, 4318305.443, 115
Trd, 4318305.943, 92
Trd, 4318306.893, 112
Trd, 4318307.093, 111
Trd, 4318307.893, 128
Trd, 4318307.943, 110
Trd, 4318307.993, 104
Trd, 4318308.293, 116
Trd, 4318311.093, 119
Trd, 4318311.743, 117
Trd, 4318311.943, 112
Trd, 4318312.143, 118
Trd, 4318312.843, 86
Trd, 4318313.293, 71
Trd, 4318314.143, 76
Trd, 4318314.293, 64
Trd, 4318315.743, 69
Trd, 4318315.793, 78
Trd, 4318316.843, 117
Trd, 4318318.093, 72
Trd, 4318318.893, 98
Trd, 4318319.843, 79
Trd, 4318320.343, 80
Trd, 4318320.893, 101
Trd, 4318320.943, 74
Trd, 4318321.993, 121
Trd, 4318322.743, 121
Trd, 4318323.093, 99
Trd, 4318324.593, 118
Trd, 4318325.243, 118
Trd, 4318325.743, 117
Trd, 4318326.343, 130
Trd, 4318326.693, 124
Trd, 4318327.393, 128
Trd, 4318327.693, 126
Trd, 4318327.743, 119
Trd, 4318328.193, 136
Trd, 4318328.243, 105
Trd, 4318329.343, 108
Trd, 4318331.243, 101
Trd, 4318331.393, 100
Trd, 4318332.743, 106
Trd, 4318333.393, 84
Trd, 4318333.943, 101
Trd, 4318334.143, 96
Trd, 4318334.643, 114
Trd, 4318337.643, 129
Trd, 4318337.993, 96
Trd, 4318338.993, 98
Trd, 4318339.643, 98
Trd, 4318339.893, 99
Trd, 4318340.693, 97
Trd, 4318340.793, 98
Trd, 4318340.943, 96
Trd, 4318342.343, 118
Trd, 4318343.243, 90
Trd, 4318344.943, 131
Trd, 4318345.293, 114
Trd, 4318345.343, 113
Trd, 4318345.443, 106
Trd, 4318346.043, 98
Trd, 4318346.943, 84
Trd, 4318347.093, 97
Trd, 4318347.443, 88
Trd, 4318348.893, 111
Trd, 4318348.943, 105
Trd, 4318349.143, 99
Trd, 4318350.593, 67
Trd, 4318351.243, 83
Trd, 4318352.143, 64
Trd, 4318353.293, 72
Trd, 4318354.593, 60
Trd, 4318354.943, 65
Trd, 4318356.093, 65
Trd, 4318356.343, 104
Trd, 4318357.793, 84
Trd, 4318357.893, 87
Trd, 4318359.593, 127
Trd, 4318359.843, 81
Trd, 4318360.343, 82
Trd, 4318361.343, 82
Trd, 4318361.593, 105
Trd, 4318362.193, 123
Trd, 4318362.743, 85
Trd, 4318363.193, 86
Trd, 4318363.943, 92
Trd, 4318363.993, 90
Trd, 4318365.543, 84
Trd, 4318366.043, 93
Trd, 4318366.743, 88
Trd, 4318366.843, 87
Trd, 4318366.893, 77
Trd, 4318367.893, 75
Trd, 4318368.943, 75
Trd, 4318370.193, 111
Trd, 4318370.343, 109
Trd, 4318370.393, 85
Trd, 4318370.943, 79
Trd, 4318371.793, 73
Trd, 4318374.193, 71
Trd, 4318374.293, 83
Trd, 4318374.393, 67
Trd, 4318375.393, 124
Trd, 4318375.793, 122
Trd, 4318377.643, 123
Trd, 4318378.043, 121
Trd, 4318378.143, 118
Trd, 4318379.593, 67
Trd, 4318380.043, 92
Trd, 4318380.593, 65
Trd, 4318381.193, 67
Trd, 4318381.393, 73
Trd, 4318383.693, 67
Trd, 4318384.243, 70
Trd, 4318384.293, 65
Trd, 4318385.093, 99
Trd, 4318387.343, 67
Trd, 4318387.993, 92
Trd, 4318388.243, 80
Trd, 4318388.493, 102
Trd, 4318388.793, 72
Trd, 4318389.643, 134
Trd, 4318390.243, 94
Trd, 4318390.893, 96
Trd, 4318391.443, 96
Trd, 4318391.993, 96
Trd, 4318392.143, 124
Trd, 4318392.893, 101
Trd, 4318394.243, 116
Trd, 4318394.443, 105
Trd, 4318395.243, 75
Trd, 4318396.043, 70
Trd, 4318396.193, 70
Trd, 4318397.543, 100
Trd, 4318398.293, 133
Trd, 4318399.543, 128
Trd, 4318400.543, 120
Trd, 4318400.843, 112
Trd, 4318401.193, 78
Trd, 4318401.443, 113
Trd, 4318402.943, 94
Trd, 4318404.643, 131
Trd, 4318405.593, 140
Trd, 4318405.843, 131
Trd, 4318406.493, 129
Trd, 4318407.843, 120
Trd, 4318407.943, 114
Trd, 4318408.043, 82
Trd, 4318410.143, 129
Trd, 4318410.343, 102
Trd, 4318410.443, 129
Trd, 4318410.543, 95
Trd, 4318411.543, 81
Trd, 4318411.743, 118
Trd, 4318413.943, 90
Trd, 4318415.143, 86
Trd, 4318415.193, 111
Trd, 4318415.993, 85
Trd, 4318416.543, 93
Trd, 4318416.993, 85
Trd, 4318417.943, 80
Trd, 4318418.243, 100
Trd, 4318418.343, 115
Trd, 4318419.093, 78
Trd, 4318419.543, 124
Trd, 4318420.493, 130
Trd, 4318420.643, 129
Trd, 4318421.293, 139
Trd, 4318422.343, 87
Trd, 4318423.343, 109
Trd, 4318423.943, 73
Trd, 4318424.193, 72
Trd, 4318424.793, 113
Trd, 4318425.393, 100
Trd, 4318425.793, 114
Trd, 4318426.793, 62
Trd, 4318426.943, 75
Trd, 4318427.343, 77
Trd, 4318427.993, 63
Trd, 4318429.543, 70
Trd, 4318430.743, 66
Trd, 4318431.043, 70
Trd, 4318432.293, 73
Trd, 4318432.793, 70
Trd, 4318433.243, 65
Trd, 4318434.493, 76
Trd, 4318434.543, 82
Trd, 4318435.793, 127
Trd, 4318436.243, 126
Trd, 4318436.543, 123
Trd, 4318436.843, 111
Trd, 4318437.193, 72
Trd, 4318438.093, 128
Trd, 4318438.193, 88
Trd, 4318438.893, 127
Trd, 4318439.793, 71
Trd, 4318442.593, 89
Trd, 4318442.643, 86
Trd, 4318442.693, 86
Trd, 4318444.093, 104
Trd, 4318444.143, 102
Trd, 4318444.943, 95
Trd, 4318445.143, 106
Trd, 4318446.443, 130
Trd, 4318446.643, 99
Trd, 4318447.143, 99
Trd, 4318447.693, 99
Trd, 4318447.793, 94
Trd, 4318448.493, 67
Trd, 4318449.043, 63
Trd, 4318449.543, 80
Trd, 4318450.893, 94
Trd, 4318451.943, 92
Trd, 4318452.893, 79
Trd, 4318453.643, 68
Trd, 4318454.893, 86
Trd, 4318455.143, 89
Trd, 4318455.243, 88
Trd, 4318456.143, 106
Trd, 4318456.943, 97
Trd, 4318457.543, 113
Trd, 4318459.343, 118
Trd, 4318459.643, 116
Trd, 4318460.143, 75
Trd, 4318460.243, 75
Trd, 4318460.993, 118
Trd, 4318461.143, 126
Trd, 4318462.543, 63
Trd, 4318463.543, 101
Trd, 4318463.593, 88
Trd, 4318464.293, 115
Trd, 4318466.143, 62
Trd, 4318466.293, 70
Trd, 4318466.543, 71
Trd, 4318466.693, 81
Trd, 4318468.593, 73
Trd, 4318469.343, 74
Trd, 4318470.443, 80
Trd, 4318471.743, 119
Trd, 4318472.493, 99
Trd, 4318472.843, 83
Trd, 4318473.743, 83
Trd, 4318474.093, 104
Trd, 4318474.443, 82
Trd, 4318475.093, 118
Trd, 4318475.193, 117
Trd, 4318478.143, 108
Trd, 4318478.693, 127
Trd, 4318478.843, 125
Trd, 4318478.893, 124
Trd, 4318479.493, 109
Trd, 4318481.043, 96
Trd, 4318481.243, 99
Trd, 4318481.893, 113
Trd, 4318482.043, 96
Trd, 4318482.243, 90
Trd, 4318482.493, 79
Trd, 4318483.043, 126
Trd, 4318483.893, 124
Trd, 4318483.943, 123
Trd, 4318484.393, 117
Trd, 4318484.543, 116
Trd, 4318484.593, 108
Trd, 4318486.593, 87
Trd, 4318487.643, 133
Trd, 4318488.443, 78
Trd, 4318489.143, 97
Trd, 4318489.493, 113
Trd, 4318489.893, 97
Trd, 4318489.993, 94
Trd, 4318490.343, 102
Trd, 4318491.343, 130
Trd, 4318491.843, 127
Trd, 4318492.143, 113
Trd, 4318492.393, 107
Trd, 4318494.493, 66
Trd, 4318495.943, 60
Trd, 4318496.393, 90
Trd, 4318496.693, 76
Trd, 4318497.643, 107
Trd, 4318498.543, 106
Trd, 4318499.393, 102
Trd, 4318499.693, 103
Trd, 4318500.143, 101
Trd, 4318500.443, 123
Trd, 4318500.493, 101
Trd, 4318501.593, 109
Trd, 4318501.643, 108
Trd, 4318502.943, 64
Trd, 4318503.643, 81
Trd, 4318504.343, 113
Trd, 4318505.843, 113
Trd, 4318506.343, 101
Trd, 4318506.493, 101
Trd, 4318507.393, 91
Trd, 4318508.393, 107
Trd, 4318508.643, 105
Trd, 4318509.143, 86
Trd, 4318510.793, 113
Trd, 4318510.943, 106
Trd, 4318511.543, 104
Trd, 4318511.843, 96
Trd, 4318512.593, 89
Trd, 4318513.543, 120
Trd, 4318513.743, 73
Trd, 4318514.643, 92
Trd, 4318515.743, 79
Trd, 4318516.243, 76
Trd, 4318516.893, 107
Trd, 4318517.243, 71
Trd, 4318517.743, 79
Trd, 4318519.643, 111
Trd, 4318521.343, 117
Trd, 4318521.843, 80
Trd, 4318521.993, 79
Trd, 4318522.493, 110
Trd, 4318523.043, 100
Trd, 4318523.343, 72
Trd, 4318524.293, 79
Trd, 4318525.343, 83
Trd, 4318525.643, 96
Trd, 4318526.193, 139
Trd, 4318526.943, 115
Trd, 4318527.043, 112
Trd, 4318527.293, 110
Trd, 4318527.543, 110
Trd, 4318528.043, 130
Trd, 4318528.993, 107
Trd, 4318530.743, 78
Trd, 4318531.343, 92
Trd, 4318531.493, 79
Trd, 4318531.593, 93
Trd, 4318531.643, 78
Trd, 4318532.343, 63
Trd, 4318533.493, 90
Trd, 4318535.693, 101
Trd, 4318535.843, 101
Trd, 4318537.043, 80
Trd, 4318537.243, 94
Trd, 4318537.443, 95
Trd, 4318537.693, 79
Trd, 4318538.043, 79
Trd, 4318539.993, 118
Trd, 4318541.243, 128
Trd, 4318542.243, 125
Trd, 4318542.343, 118
Trd, 4318542.543, 98
Trd, 4318542.593, 94
Trd, 4318544.293, 138
Trd, 4318544.593, 73
Trd, 4318546.293, 77
Trd, 4318546.343, 85
Trd, 4318547.043, 72
Trd, 4318547.443, 76
Trd, 4318547.743, 87
Trd, 4318548.193, 123
Trd, 4318548.793, 79
Trd, 4318550.243, 90
Trd, 4318550.443, 91
Trd, 4318550.593, 90
Trd, 4318550.793, 97
Trd, 4318551.343, 100
Trd, 4318553.143, 140
Trd, 4318553.243, 104
Trd, 4318555.943, 122
Trd, 4318556.393, 89
Trd, 4318556.443, 88
Trd, 4318557.393, 127
Trd, 4318558.243, 118
Trd, 4318559.043, 108
Trd, 4318559.193, 78
Trd, 4318560.243, 117
Trd, 4318560.393, 116
Trd, 4318561.243, 119
Trd, 4318561.593, 118
Trd, 4318562.243, 117
Trd, 4318562.393, 111
Trd, 4318562.543, 108
Trd, 4318563.093, 99
Trd, 4318564.793, 109
Trd, 4318564.993, 135
Trd, 4318565.593, 98
Trd, 4318566.193, 81
Trd, 4318566.293, 108
Trd, 4318566.493, 124
Trd, 4318567.243, 122
Trd, 4318568.043, 117
Trd, 4318570.993, 87
Trd, 4318571.243, 113
Trd, 4318571.393, 93
Trd, 4318571.793, 125
Trd, 4318571.943, 124
Trd, 4318572.143, 116
Trd, 4318573.543, 124
Trd, 4318574.293, 122
Trd, 4318574.643, 120
Trd, 4318577.343, 61
Trd, 4318577.393, 63
Trd, 4318578.243, 86
Trd, 4318579.743, 76
Trd, 4318579.843, 85
Trd, 4318580.443, 64
Trd, 4318581.443, 74
Trd, 4318581.743, 64
Trd, 4318581.793, 62
Trd, 4318582.343, 87
Trd, 4318583.843, 133
Trd, 4318585.543, 104
Trd, 4318586.593, 111
Trd, 4318586.643, 102
Trd, 4318587.593, 112
Trd, 4318587.993, 95
Trd, 4318588.293, 93
Trd, 4318589.593, 67
Trd, 4318589.793, 93
Trd, 4318591.693, 99
Trd, 4318591.793, 100
Trd, 4318592.193, 98
Trd, 4318592.443, 70
Trd, 4318593.393, 72
Trd, 4318593.643, 76
Trd, 4318594.393, 83
Trd, 4318596.043, 90
Trd, 4318597.893, 60
Trd, 4318599.043, 64
Trd, 4318600.543, 60
Trd, 4318601.043, 60
Trd, 4318603.893, 76
Trd, 4318604.693, 73
Trd, 4318604.993, 72
Trd, 4318605.343, 75
Trd, 4318606.543, 127
Trd, 4318606.693, 126
Trd, 4318606.743, 126
Trd, 4318607.243, 104
Trd, 4318609.193, 68
Trd, 4318609.543, 122
Trd, 4318610.043, 126
Trd, 4318610.193, 124
Trd, 4318611.093, 102
Trd, 4318612.243, 100
Trd, 4318613.043, 102
Trd, 4318613.093, 139
Trd, 4318613.343, 97
Trd, 4318613.493, 96
Trd, 4318614.093, 96
Trd, 4318614.293, 114
Trd, 4318615.443, 80
Trd, 4318617.493, 62
Trd, 4318617.893, 116
Trd, 4318618.393, 78
Trd, 4318619.693, 112
Trd, 4318619.743, 104
Trd, 4318620.043, 68
Trd, 4318620.943, 67
Trd, 4318620.993, 90
Trd, 4318621.643, 80
Trd, 4318623.993, 75
Trd, 4318624.943, 93
Trd, 4318626.043, 120
Trd, 4318626.443, 119
Trd, 4318627.143, 83
Trd, 4318627.493, 83
Trd, 4318628.343, 75
Trd, 4318629.143, 66
Trd, 4318631.143, 77
Trd, 4318632.443, 65
Trd, 4318633.593, 76
Trd, 4318633.793, 108
Trd, 4318634.093, 90
Trd, 4318634.393, 75
Trd, 4318636.193, 105
Trd, 4318637.593, 97
Trd, 4318639.043, 92
Trd, 4318639.193, 83
Trd, 4318641.643, 94
Trd, 4318642.243, 104
Trd, 4318643.593, 91
Trd, 4318644.093, 91
Trd, 4318644.393, 90
Trd, 4318645.443, 87
Trd, 4318645.993, 125
Trd, 4318646.593, 62
Trd, 4318646.993, 87
Trd, 4318647.593, 78
Trd, 4318648.193, 95
Trd, 4318649.843, 136
Trd, 4318649.993, 135
Trd, 4318650.393, 131
Trd, 4318650.493, 89
Trd, 4318650.543, 88
Trd, 4318652.093, 73
Trd, 4318652.993, 67
Trd, 4318654.543, 68
Trd, 4318654.593, 98
Trd, 4318656.493, 61
Trd, 4318657.143, 60
Trd, 4318657.343, 60
Trd, 4318657.943, 64
Trd, 4318657.993, 64
Trd, 4318659.443, 85
Trd, 4318661.043, 65
Trd, 4318661.443, 73
Trd, 4318661.643, 70
Trd, 4318662.943, 79
Trd, 4318663.593, 112
Trd, 4318664.843, 81
Trd, 4318665.793, 89
Trd, 4318666.093, 83
Trd, 4318666.393, 88
Trd, 4318666.693, 92
Trd, 4318666.843, 97
Trd, 4318667.143, 107
Trd, 4318667.193, 86
Trd, 4318667.643, 84
Trd, 4318668.393, 96
Trd, 4318669.493, 121
Trd, 4318669.893, 105
Trd, 4318670.293, 84
Trd, 4318671.093, 89
Trd, 4318671.743, 91
Trd, 4318672.193, 62
Trd, 4318673.643, 82
Trd, 4318674.093, 105
Trd, 4318674.893, 108
Trd, 4318674.943, 108
Trd, 4318675.093, 94
Trd, 4318676.893, 82
Trd, 4318677.943, 107
Trd, 4318679.443, 95
Trd, 4318680.243, 103
Trd, 4318680.393, 89
Trd, 4318681.693, 92
Trd, 4318682.543, 92
Trd, 4318683.493, 95
Trd, 4318683.893, 102
Trd, 4318685.193, 120
Trd, 4318685.393, 132
Trd, 4318685.943, 113
Trd, 4318686.143, 99
Trd, 4318686.643, 75
Trd, 4318687.093, 111
Trd, 4318688.043, 79
Trd, 4318689.243, 76
Trd, 4318690.393, 83
Trd, 4318691.693, 96
Trd, 4318692.343, 79
Trd, 4318692.593, 76
Trd, 4318693.093, 74
Trd, 4318693.843, 69
Trd, 4318693.893, 114
Trd, 4318694.793, 66
Trd, 4318694.893, 117
Trd, 4318695.093, 87
Trd, 4318696.043, 68
Trd, 4318696.293, 81
Trd, 4318698.543, 101
Trd, 4318698.643, 81
Trd, 4318698.743, 80
Trd, 4318700.093, 65
Trd, 4318700.743, 63
Trd, 4318703.043, 98
Trd, 4318704.193, 92
Trd, 4318704.393, 89
Trd, 4318704.993, 87
Trd, 4318705.143, 71
Trd, 4318706.493, 64
Trd, 4318706.993, 71
Trd, 4318707.343, 69
Trd, 4318707.893, 119
Trd, 4318708.993, 113
Trd, 4318709.443, 111
Trd, 4318710.093, 125
Trd, 4318712.093, 104
Trd, 4318712.293, 98
Trd, 4318712.643, 73
Trd, 4318713.343, 64
Trd, 4318713.543, 67
Trd, 4318715.343, 78
Trd, 4318716.193, 131
Trd, 4318716.643, 129
Trd, 4318716.943, 121
Trd, 4318718.043, 115
Trd, 4318719.243, 101
Trd, 4318719.343, 101
Trd, 4318719.643, 109
Trd, 4318720.093, 98
Trd, 4318720.743, 125
Trd, 4318721.643, 103
Trd, 4318722.793, 107
Trd, 4318722.843, 106
Trd, 4318723.243, 106
Trd, 4318724.543, 102
Trd, 4318724.943, 108
Trd, 4318725.343, 96
Trd, 4318726.493, 69
Trd, 4318727.243, 61
Trd, 4318727.993, 107
Trd, 4318729.043, 62
Trd, 4318730.293, 64
Trd, 4318730.993, 70
Trd, 4318731.093, 64
Trd, 4318731.793, 93
Trd, 4318732.493, 120
Trd, 4318732.843, 119
Trd, 4318734.193, 71
Trd, 4318735.043, 79
Trd, 4318735.993, 82
Trd, 4318736.393, 74
Trd, 4318737.543, 61
Trd, 4318738.093, 81
Trd, 4318739.693, 67
Trd, 4318740.193, 67
Trd, 4318740.943, 73
Trd, 4318741.043, 67
Trd, 4318741.293, 111
Trd, 4318741.693, 120
Trd, 4318742.843, 121
Trd, 4318743.343, 120
Trd, 4318744.593, 78
Trd, 4318744.893, 77
Trd, 4318744.943, 111
Trd, 4318745.843, 67
Trd, 4318746.143, 72
Trd, 4318748.143, 129
Trd, 4318748.643, 100
Trd, 4318748.743, 101
Trd, 4318749.393, 79
Trd, 4318749.593, 80
Trd, 4318750.993, 62
Trd, 4318751.293, 62
Trd, 4318751.443, 70
Trd, 4318751.693, 105
Trd, 4318752.643, 90
Trd, 4318752.793, 113
Trd, 4318753.243, 95
Trd, 4318754.293, 90
Trd, 4318754.393, 129
Trd, 4318754.493, 90
Trd, 4318757.043, 86
Trd, 4318757.543, 68
Trd, 4318757.593, 70
Trd, 4318759.093, 125
Trd, 4318760.143, 125
Trd, 4318760.893, 126
Trd, 4318761.343, 135
Trd, 4318761.493, 124
Trd, 4318761.943, 118
Trd, 4318762.943, 117
Trd, 4318763.543, 68
Trd, 4318764.393, 85
Trd, 4318765.143, 104
Trd, 4318765.193, 103
Trd, 4318766.093, 87
Trd, 4318768.243, 115
Trd, 4318769.593, 110
Trd, 4318770.693, 89
Trd, 4318771.643, 78
Trd, 4318772.443, 84
Trd, 4318772.793, 72
Trd, 4318773.093, 98
Trd, 4318774.743, 72
Trd, 4318775.293, 66
Trd, 4318775.443, 86
Trd, 4318776.343, 81
Trd, 4318777.093, 76
Trd, 4318777.293, 78
Trd, 4318777.893, 77
Trd, 4318779.993, 123
Trd, 4318781.093, 88
Trd, 4318782.293, 85
Trd, 4318782.643, 84
Trd, 4318782.693, 84
Trd, 4318783.093, 87
Trd, 4318783.743, 103
Trd, 4318784.643, 78
Trd, 4318784.793, 104
Trd, 4318785.193, 133
Trd, 4318785.343, 78
Trd, 4318786.243, 91
Trd, 4318786.593, 79
Trd, 4318788.093, 71
Trd, 4318789.193, 86
Trd, 4318789.393, 111
Trd, 4318790.543, 114
Trd, 4318791.043, 99
Trd, 4318791.293, 104
Trd, 4318791.443, 91
Trd, 4318791.893, 90
Trd, 4318792.443, 92
Trd, 4318794.693, 112
Trd, 4318794.793, 112
Trd, 4318795.593, 99
Trd, 4318797.243, 103
Trd, 4318797.793, 111
Trd, 4318798.193, 104
Trd, 4318799.443, 103
Trd, 4318799.693, 103
Trd, 4318801.843, 107
Trd, 4318802.343, 103
Trd, 4318802.693, 115
Trd, 4318802.893, 102
Trd, 4318803.393, 100
Trd, 4318803.643, 83
Trd, 4318804.143, 96
Trd, 4318804.643, 102
Trd, 4318806.043, 100
Trd, 4318806.843, 96
Trd, 4318807.343, 113
Trd, 4318810.043, 131
Trd, 4318810.343, 128
Trd, 4318810.393, 124
Trd, 4318810.593, 119
Trd, 4318810.693, 126
Trd, 4318812.293, 136
Trd, 4318812.393, 122
Trd, 4318813.043, 123
Trd, 4318813.093, 105
Trd, 4318813.793, 93
Trd, 4318813.943, 95
Trd, 4318815.993, 99
Trd, 4318816.293, 93
Trd, 4318816.993, 67
Trd, 4318819.143, 72
Trd, 4318819.243, 87
Trd, 4318819.543, 103
Trd, 4318820.243, 117
Trd, 4318820.643, 130
Trd, 4318821.543, 75
Trd, 4318822.343, 75
Trd, 4318824.893, 71
Trd, 4318824.943, 68
Trd, 4318825.593, 68
Trd, 4318826.393, 97
Trd, 4318827.943, 87
Trd, 4318828.493, 96
Trd, 4318828.943, 113
Trd, 4318829.393, 88
Trd, 4318829.593, 85
Trd, 4318829.793, 97
Trd, 4318830.393, 90
Trd, 4318832.293, 80
Trd, 4318832.593, 87
Trd, 4318833.293, 128
Trd, 4318833.343, 126
Trd, 4318834.343, 115
Trd, 4318834.393, 85
Trd, 4318835.043, 62
Trd, 4318836.443, 92
Trd, 4318837.043, 89
Trd, 4318837.693, 89
Trd, 4318838.543, 73
Trd, 4318838.993, 67
Trd, 4318839.243, 67
Trd, 4318839.843, 129
Trd, 4318840.893, 82
Trd, 4318841.043, 75
Trd, 4318843.493, 76
Trd, 4318843.993, 81
Trd, 4318845.243, 63
Trd, 4318845.693, 67
Trd, 4318847.143, 65
Trd, 4318847.343, 77
Trd, 4318847.443, 98
Trd, 4318848.293, 79
Trd, 4318848.693, 78
Trd, 4318849.193, 118
Trd, 4318850.293, 98
Trd, 4318850.793, 81
Trd, 4318851.893, 128
Trd, 4318852.793, 111
Trd, 4318853.193, 108
Trd, 4318853.443, 108
Trd, 4318854.193, 132
Trd, 4318854.493, 103
Trd, 4318855.543, 67
Trd, 4318855.793, 111
Trd, 4318856.043, 104
Trd, 4318856.343, 103
Trd, 4318856.743, 96
Trd, 4318857.393, 91
Trd, 4318858.443, 63
Trd, 4318858.543, 65
Trd, 4318859.493, 90
Trd, 4318859.943, 86
Trd, 4318860.093, 77
Trd, 4318861.543, 109
Trd, 4318862.143, 70
Trd, 4318862.993, 118
Trd, 4318863.393, 117
Trd, 4318864.193, 112
Trd, 4318864.493, 109
Trd, 4318864.643, 105
Trd, 4318865.943, 122
Trd, 4318867.143, 61
Trd, 4318868.543, 96
Trd, 4318868.693, 94
Trd, 4318869.393, 86
Trd, 4318870.243, 123
Trd, 4318870.293, 97
Trd, 4318871.093, 61
Trd, 4318871.893, 118
Trd, 4318873.693, 60
Trd, 4318875.043, 83
Trd, 4318875.243, 85
Trd, 4318875.443, 82
Trd, 4318875.893, 68
Trd, 4318876.843, 79
Trd, 4318877.193, 77
Trd, 4318878.043, 99
Trd, 4318878.743, 118
Trd, 4318879.343, 95
Trd, 4318879.493, 95
Trd, 4318879.643, 94
Trd, 4318879.943, 129
Trd, 4318881.243, 122
Trd, 4318881.393, 120
Trd, 4318883.693, 60
Trd, 4318884.643, 89
Trd, 4318885.293, 95
Trd, 4318885.743, 94
Trd, 4318885.793, 101
Trd, 4318885.843, 88
Trd, 4318886.843, 79
Trd, 4318887.443, 135
Trd, 4318888.393, 81
Trd, 4318888.793, 98
Trd, 4318889.743, 86
Trd, 4318890.443, 112
Trd, 4318891.693, 87
Trd, 4318892.293, 88
Trd, 4318893.193, 84
Trd, 4318894.093, 77
Trd, 4318894.693, 71
Trd, 4318894.993, 115
Trd, 4318895.293, 66
Trd, 4318895.793, 78
Trd, 4318896.843, 75
Trd, 4318897.643, 78
Trd, 4318897.943, 87
Trd, 4318899.293, 78
Trd, 4318899.343, 73
Trd, 4318899.843, 71
Trd, 4318899.893, 70
Trd, 4318901.143, 115
Trd, 4318902.143, 128
Trd, 4318903.643, 85
Trd, 4318903.743, 83
Trd, 4318905.543, 130
Trd, 4318905.593, 124
Trd, 4318905.793, 119
Trd, 4318907.243, 127
Trd, 4318907.543, 126
Trd, 4318907.643, 111
Trd, 4318908.543, 94
Trd, 4318908.643, 90
Trd, 4318909.643, 86
Trd, 4318910.543, 97
Trd, 4318910.693, 81
Trd, 4318911.243, 125
Trd, 4318912.293, 79
Trd, 4318912.593, 79
Trd, 4318913.093, 82
Trd, 4318914.243, 79
Trd, 4318915.743, 120
Trd, 4318916.093, 107
Trd, 4318917.443, 108
Trd, 4318918.243, 86
Trd, 4318918.543, 96
Trd, 4318918.693, 95
Trd, 4318919.093, 99
Trd, 4318920.843, 116
Trd, 4318920.893, 113
Trd, 4318921.593, 79
Trd, 4318921.943, 71
Trd, 4318923.943, 78
Trd, 4318924.543, 89
Trd, 4318925.593, 77
Trd, 4318925.643, 128
Trd, 4318925.993, 76
Trd, 4318927.293, 105
Trd, 4318927.993, 126
Trd, 4318929.593, 139
Trd, 4318929.693, 138
Trd, 4318930.393, 124
Trd, 4318930.443, 116
Trd, 4318930.493, 93
Trd, 4318933.043, 104
Trd, 4318934.343, 79
Trd, 4318934.693, 81
Trd, 4318934.893, 105
Trd, 4318935.393, 111
Trd, 4318935.943, 95
Trd, 4318936.243, 132
Trd, 4318936.393, 81
Trd, 4318937.493, 121
Trd, 4318937.843, 110
Trd, 4318937.943, 94
Trd, 4318938.893, 110
Trd, 4318939.393, 100
Trd, 4318941.143, 95
Trd, 4318942.143, 80
Trd, 4318942.243, 80
Trd, 4318942.293, 124
Trd, 4318944.543, 92
Trd, 4318944.793, 91
Trd, 4318946.393, 97
Trd, 4318948.093, 128
Trd, 4318948.243, 97
Trd, 4318949.293, 92
Trd, 4318949.543, 93
Trd, 4318949.643, 92
Trd, 4318951.093, 93
Trd, 4318951.643, 76
Trd, 4318951.743, 130
Trd, 4318952.793, 73
Trd, 4318953.843, 62
Trd, 4318954.243, 72
Trd, 4318954.993, 84
Trd, 4318955.693, 76
Trd, 4318957.443, 105
Trd, 4318957.593, 98
Trd, 4318957.643, 72
Trd, 4318957.843, 104
Trd, 4318958.493, 106
Trd, 4318958.743, 129
Trd, 4318959.093, 95
Trd, 4318962.643, 93
Trd, 4318962.793, 89
Trd, 4318962.893, 86
Trd, 4318963.793, 108
Trd, 4318964.643, 87
Trd, 4318964.943, 95
Trd, 4318965.793, 83
Trd, 4318966.693, 93
Trd, 4318967.143, 123
Trd, 4318967.493, 91
Trd, 4318968.443, 131
Trd, 4318968.493, 130
Trd, 4318968.843, 116
Trd, 4318969.393, 113
Trd, 4318969.493, 113
Trd, 4318969.943, 99
Trd, 4318971.093, 95
Trd, 4318971.543, 132
Trd, 4318973.643, 104
Trd, 4318974.093, 110
Trd, 4318974.843, 103
Trd, 4318975.443, 103
Trd, 4318975.843, 103
Trd, 4318975.893, 98
Trd, 4318977.493, 79
Trd, 4318979.193, 113
Trd, 4318979.743, 113
Trd, 4318980.043, 126
Trd, 4318980.143, 112
Trd, 4318980.943, 81
Trd, 4318981.593, 111
Trd, 4318982.693, 105
Trd, 4318982.893, 105
Trd, 4318982.943, 100
Trd, 4318983.793, 68
Trd, 4318985.093, 80
Trd, 4318986.193, 106
Trd, 4318986.343, 106
Trd, 4318986.443, 107
Trd, 4318986.793, 122
Trd, 4318987.693, 90
Trd, 4318988.743, 79
Trd, 4318989.043, 74
Trd, 4318989.743, 104
Trd, 4318990.493, 111
Trd, 4318991.693, 98
Trd, 4318991.893, 96
Trd, 4318992.593, 118
Trd, 4318992.843, 88
Trd, 4318993.143, 88
Trd, 4318994.943, 109
Trd, 4318996.043, 95
Trd, 4318997.093, 103
Trd, 4318997.693, 67
Trd, 4318998.393, 86
Trd, 4318999.893, 131
Trd, 4318999.993, 130
Trd, 4319000.243, 129
Trd, 4319001.443, 126
Trd, 4319002.143, 118
Trd, 4319003.293, 105
Trd, 4319004.443, 67
Trd, 4319004.693, 107
Trd, 4319006.743, 135
Trd, 4319007.193, 126
Trd, 4319007.293, 118
Trd, 4319007.693, 111
Trd, 4319008.843, 119
Trd, 4319008.893, 118
Trd, 4319009.593, 67
Trd, 4319010.943, 67
Trd, 4319012.893, 84
Trd, 4319013.493, 83
Trd, 4319013.743, 103
Trd, 4319014.493, 106
Trd, 4319014.843, 106
Trd, 4319015.743, 103
Trd, 4319015.943, 81
Trd, 4319016.593, 89
Trd, 4319017.343, 97
Trd, 4319018.593, 99
Trd, 4319018.693, 97
Trd, 4319018.943, 94
Trd, 4319020.193, 124
Trd, 4319020.393, 97
Trd, 4319020.543, 95
Trd, 4319021.193, 106
Trd, 4319021.493, 77
Trd, 4319021.943, 79
Trd, 4319022.393, 108
Trd, 4319023.543, 111
Trd, 4319024.093, 96
Trd, 4319025.893, 104
Trd, 4319026.693, 99
Trd, 4319027.793, 118
Trd, 4319028.143, 117
Trd, 4319028.293, 110
Trd, 4319028.643, 101
Trd, 4319029.493, 111
Trd, 4319029.843, 94
Trd, 4319031.043, 126
Trd, 4319031.593, 106
Trd, 4319032.643, 136
Trd, 4319034.093, 131
Trd, 4319034.443, 128
Trd, 4319034.643, 119
Trd, 4319035.593, 107
Trd, 4319036.393, 120
Trd, 4319036.743, 107
Trd, 4319036.893, 103
Trd, 4319037.293, 127
Trd, 4319038.693, 101
Trd, 4319039.293, 94
Trd, 4319040.043, 135
Trd, 4319040.743, 136
Trd, 4319041.893, 105
Trd, 4319042.393, 106
Trd, 4319042.643, 98
Trd, 4319046.243, 88
Trd, 4319046.693, 85
Trd, 4319047.793, 97
Trd, 4319048.143, 99
Trd, 4319048.843, 97
Trd, 4319049.043, 137
Trd, 4319051.643, 108
Trd, 4319052.093, 99
Trd, 4319052.793, 99
Trd, 4319052.943, 116
Trd, 4319053.093, 99
Trd, 4319054.593, 119
Trd, 4319055.593, 84
Trd, 4319056.743, 86
Trd, 4319056.843, 84
Trd, 4319057.443, 86
Trd, 4319058.093, 80
Trd, 4319059.693, 140
Trd, 4319059.793, 130
Trd, 4319060.593, 86
Trd, 4319062.493, 125
Trd, 4319062.843, 125
Trd, 4319063.443, 119
Trd, 4319063.493, 100
Trd, 4319064.593, 98
Trd, 4319065.243, 83
Trd, 4319065.393, 82
Trd, 4319067.193, 90
Trd, 4319067.593, 92
Trd, 4319067.643, 89
Trd, 4319068.543, 88
Trd, 4319070.393, 103
Trd, 4319071.093, 102
Trd, 4319072.143, 108
Trd, 4319072.293, 112
Trd, 4319072.893, 111
Trd, 4319073.243, 106
Trd, 4319073.543, 103
Trd, 4319073.643, 73
Trd, 4319076.993, 97
Trd, 4319077.343, 137
Trd, 4319077.493, 121
Trd, 4319077.643, 97
Trd, 4319077.743, 96
Trd, 4319078.343, 110
Trd, 4319078.593, 104
Trd, 4319081.093, 118
Trd, 4319081.443, 71
Trd, 4319082.343, 68
Trd, 4319083.593, 104
Trd, 4319083.843, 97
Trd, 4319084.143, 97
Trd, 4319085.943, 138
Trd, 4319086.193, 137
Trd, 4319086.643, 120
Trd, 4319086.793, 119
Trd, 4319087.293, 118
Trd, 4319087.693, 105
Trd, 4319088.243, 104
Trd, 4319089.343, 65
Trd, 4319089.543, 63
Trd, 4319090.343, 64
Trd, 4319092.843, 88
Trd, 4319093.093, 87
Trd, 4319093.143, 86
Trd, 4319093.293, 98
Trd, 4319094.393, 107
Trd, 4319095.743, 121
Trd, 4319096.143, 136
Trd, 4319097.993, 125
Trd, 4319098.043, 123
Trd, 4319098.843, 135
Trd, 4319099.743, 137
Trd, 4319099.993, 123
Trd, 4319100.293, 131
Trd, 4319100.593, 122
Trd, 4319100.743, 121
Trd, 4319101.493, 108
Trd, 4319102.093, 62
Trd, 4319102.793, 76
Trd, 4319103.643, 65
Trd, 4319104.293, 70
Trd, 4319105.843, 101
Trd, 4319106.293, 72
Trd, 4319107.293, 72
Trd, 4319108.393, 111
Trd, 4319108.493, 93
Trd, 4319108.543, 87
Trd, 4319109.393, 105
Trd, 4319110.893, 65
Trd, 4319111.243, 65
Trd, 4319111.293, 68
Trd, 4319111.643, 65
Trd, 4319112.443, 73
Trd, 4319115.793, 102
Trd, 4319116.793, 82
Trd, 4319117.193, 79
Trd, 4319117.493, 114
Trd, 4319117.993, 85
Trd, 4319118.243, 84
Trd, 4319119.143, 61
Trd, 4319120.693, 107
Trd, 4319121.093, 82
Trd, 4319121.443, 104
Trd, 4319122.043, 107
Trd, 4319122.743, 107
Trd, 4319123.393, 115
Trd, 4319123.543, 114
Trd, 4319123.993, 109
Trd, 4319124.093, 83
Trd, 4319125.343, 84
Trd, 4319125.543, 106
Trd, 4319127.593, 76
Trd, 4319127.843, 74
Trd, 4319128.843, 94
Trd, 4319128.993, 67
Trd, 4319129.843, 68
Trd, 4319131.243, 132
Trd, 4319131.443, 102
Trd, 4319131.793, 91
Trd, 4319132.593, 74
Trd, 4319133.443, 75
Trd, 4319133.893, 85
Trd, 4319134.393, 91
Trd, 4319134.843, 102
Trd, 4319135.543, 88
Trd, 4319137.093, 99
Trd, 4319137.193, 98
Trd, 4319137.643, 98
Trd, 4319138.043, 98
Trd, 4319138.793, 102
Trd, 4319139.493, 99
Trd, 4319140.043, 87
Trd, 4319140.393, 126
Trd, 4319140.443, 105
Trd, 4319141.543, 77
Trd, 4319142.043, 69
Trd, 4319142.993, 67
Trd, 4319144.343, 111
Trd, 4319145.493, 111
Trd, 4319145.643, 111
Trd, 4319146.493, 129
Trd, 4319147.343, 128
Trd, 4319147.743, 120
Trd, 4319148.193, 105
Trd, 4319148.643, 66
Trd, 4319149.293, 80
Trd, 4319149.893, 73
Trd, 4319151.443, 96
Trd, 4319152.893, 113
Trd, 4319152.943, 107
Trd, 4319155.543, 104
Trd, 4319156.543, 93
Trd, 4319156.943, 91
Trd, 4319157.793, 111
Trd, 4319158.393, 85
Trd, 4319158.643, 104
Trd, 4319158.743, 85
Trd, 4319159.393, 112
Trd, 4319160.693, 117
Trd, 4319160.843, 111
Trd, 4319161.743, 122
Trd, 4319161.943, 120
Trd, 4319162.543, 105
Trd, 4319163.243, 72
Trd, 4319165.393, 93
Trd, 4319165.993, 136
Trd, 4319166.743, 78
Trd, 4319168.543, 92
Trd, 4319169.643, 93
Trd, 4319169.743, 113
Trd, 4319169.943, 88
Trd, 4319170.143, 76
Trd, 4319171.093, 64
Trd, 4319172.043, 130
Trd, 4319172.143, 126
Trd, 4319172.243, 125
Trd, 4319174.043, 90
Trd, 4319174.393, 68
Trd, 4319175.393, 67
Trd, 4319175.443, 67
Trd, 4319178.043, 61
Trd, 4319179.443, 71
Trd, 4319179.993, 82
Trd, 4319180.193, 104
Trd, 4319182.043, 87
Trd, 4319182.443, 84
Trd, 4319182.493, 128
Trd, 4319183.543, 107
Trd, 4319184.493, 86
Trd, 4319184.593, 84
Trd, 4319185.343, 84
Trd, 4319185.793, 81
Trd, 4319186.843, 62
Trd, 4319187.393, 67
Trd, 4319187.893, 103
Trd, 4319189.193, 75
Trd, 4319191.043, 89
Trd, 4319192.543, 111
Trd, 4319192.943, 100
Trd, 4319194.693, 90
Trd, 4319194.793, 85
Trd, 4319195.393, 103
Trd, 4319195.593, 84
Trd, 4319195.693, 84
Trd, 4319196.143, 82
Trd, 4319198.843, 118
Trd, 4319199.443, 118
Trd, 4319199.793, 117
Trd, 4319199.893, 100
Trd, 4319199.943, 79
Trd, 4319200.043, 129
Trd, 4319200.693, 130
Trd, 4319200.993, 73
Trd, 4319201.793, 102
Trd, 4319203.593, 67
Trd, 4319204.093, 124
Trd, 4319205.243, 96
Trd, 4319205.393, 84
Trd, 4319206.093, 92
Trd, 4319207.093, 80
Trd, 4319209.243, 111
Trd, 4319209.693, 110
Trd, 4319210.193, 123
Trd, 4319211.493, 128
Trd, 4319211.643, 125
Trd, 4319212.043, 129
Trd, 4319212.193, 120
Trd, 4319213.693, 121
Trd, 4319213.843, 125
Trd, 4319213.993, 120
Trd, 4319215.493, 135
Trd, 4319215.793, 127
Trd, 4319215.893, 118
Trd, 4319216.493, 99
Trd, 4319218.743, 126
Trd, 4319219.493, 110
Trd, 4319219.793, 102
Trd, 4319219.893, 78
Trd, 4319221.693, 107
Trd, 4319222.693, 75
Trd, 4319222.743, 87
Trd, 4319223.743, 105
Trd, 4319225.543, 106
Trd, 4319225.693, 77
Trd, 4319226.193, 81
Trd, 4319226.593, 88
Trd, 4319228.593, 65
Trd, 4319229.193, 64
Trd, 4319229.793, 71
Trd, 4319230.293, 65
Trd, 4319231.143, 92
Trd, 4319231.793, 112
Trd, 4319232.343, 134
Trd, 4319232.843, 135
Trd, 4319233.343, 126
Trd, 4319234.393, 121
Trd, 4319234.893, 120
Trd, 4319235.193, 95
Trd, 4319235.593, 65
Trd, 4319236.143, 116
Trd, 4319237.293, 87
Trd, 4319237.643, 87
Trd, 4319237.693, 78
Trd, 4319238.843, 81
Trd, 4319239.393, 88
Trd, 4319240.093, 88
Trd, 4319240.643, 89
Trd, 4319241.443, 134
Trd, 4319242.243, 74
Trd, 4319242.443, 92
Trd, 4319242.743, 60
Trd, 4319244.293, 64
Trd, 4319244.643, 137
Trd, 4319245.443, 123
Trd, 4319247.343, 105
Trd, 4319248.643, 87
Trd, 4319249.043, 84
Trd, 4319249.393, 111
Trd, 4319250.043, 109
Trd, 4319250.993, 84
Trd, 4319251.143, 82
Trd, 4319251.543, 81
Trd, 4319252.843, 112
Trd, 4319253.043, 101
Trd, 4319254.093, 62
Trd, 4319255.243, 67
Trd, 4319256.843, 81
Trd, 4319256.943, 78
Trd, 4319257.593, 100
Trd, 4319257.693, 86
Trd, 4319258.643, 130
Trd, 4319259.593, 74
Trd, 4319261.943, 66
Trd, 4319262.643, 88
Trd, 4319263.093, 84
Trd, 4319263.193, 87
Trd, 4319263.893, 121
Trd, 4319263.993, 113
Trd, 4319264.393, 93
Trd, 4319264.493, 93
Trd, 4319264.893, 104
Trd, 4319266.893, 60
Trd, 4319267.793, 125
Trd, 4319268.743, 123
Trd, 4319269.343, 122
Trd, 4319269.543, 117
Trd, 4319270.293, 86
Trd, 4319270.993, 111
Trd, 4319271.293, 111
Trd, 4319274.043, 64
Trd, 4319274.143, 67
Trd, 4319274.393, 82
Trd, 4319275.393, 82
Trd, 4319275.493, 65
Trd, 4319275.693, 65
Trd, 4319275.943, 85
Trd, 4319277.943, 82
Trd, 4319278.993, 94
Trd, 4319279.993, 139
Trd, 4319280.443, 81
Trd, 4319281.843, 93
Trd, 4319282.943, 70
Trd, 4319283.093, 67
Trd, 4319283.793, 70
Trd, 4319285.993, 87
Trd, 4319286.443, 94
Trd, 4319286.743, 68
Trd, 4319286.793, 65
Trd, 4319287.343, 86
Trd, 4319288.943, 138
Trd, 4319289.143, 135
Trd, 4319289.343, 135
Trd, 4319289.593, 133
Trd, 4319290.343, 101
Trd, 4319290.893, 84
Trd, 4319291.993, 105
Trd, 4319293.143, 110
Trd, 4319293.393, 96
Trd, 4319295.043, 96
Trd, 4319295.343, 116
Trd, 4319295.543, 129
Trd, 4319295.643, 70
Trd, 4319297.393, 80
Trd, 4319298.443, 61
Trd, 4319298.793, 89
Trd, 4319300.843, 71
Trd, 4319300.993, 70
Trd, 4319301.143, 108
Trd, 4319301.443, 86
Trd, 4319302.793, 94
Trd, 4319303.043, 79
Trd, 4319303.293, 91
Trd, 4319303.593, 81
Trd, 4319305.043, 88
Trd, 4319306.893, 67
Trd, 4319308.393, 91
Trd, 4319309.893, 94
Trd, 4319309.993, 93
Trd, 4319310.043, 91
Trd, 4319310.443, 61
Trd, 4319311.743, 69
Trd, 4319313.443, 93
Trd, 4319313.493, 92
Trd, 4319314.943, 97
Trd, 4319315.043, 89
Trd, 4319316.193, 75
Trd, 4319317.443, 136
Trd, 4319318.293, 120
Trd, 4319319.843, 92
Trd, 4319321.243, 122
Trd, 4319321.343, 121
Trd, 4319321.393, 120
Trd, 4319323.143, 112
Trd, 4319323.243, 113
Trd, 4319324.793, 122
Trd, 4319325.743, 115
Trd, 4319326.393, 100
Trd, 4319327.893, 118
Trd, 4319328.593, 137
Trd, 4319328.743, 136
Trd, 4319328.843, 100
Trd, 4319329.243, 78
Trd, 4319329.293, 72
Trd, 4319331.543, 69
Trd, 4319331.893, 86
Trd, 4319332.243, 108
Trd, 4319332.693, 70
Trd, 4319333.243, 134
Trd, 4319334.593, 112
Trd, 4319335.143, 98
Trd, 4319335.543, 87
Trd, 4319336.893, 62
Trd, 4319337.543, 133
Trd, 4319337.593, 92
Trd, 4319338.043, 91
Trd, 4319340.093, 79
Trd, 4319340.143, 78
Trd, 4319340.393, 92
Trd, 4319341.493, 81
Trd, 4319342.793, 83
Trd, 4319343.093, 84
Trd, 4319344.043, 80
Trd, 4319345.493, 98
Trd, 4319345.843, 89
Trd, 4319346.043, 98
Trd, 4319346.943, 132
Trd, 4319348.093, 140
Trd, 4319348.143, 140
Trd, 4319348.193, 130
Trd, 4319348.993, 120
Trd, 4319349.293, 85
Trd, 4319349.943, 83
Trd, 4319350.593, 86
Trd, 4319351.593, 95
Trd, 4319352.593, 87
Trd, 4319353.193, 86
Trd, 4319353.343, 119
Trd, 4319353.793, 92
Trd, 4319354.143, 92
Trd, 4319355.243, 129
Trd, 4319357.393, 105
Trd, 4319358.343, 79
Trd, 4319359.743, 82
Trd, 4319360.393, 80
Trd, 4319360.693, 91
Trd, 4319361.793, 105
Trd, 4319361.943, 84
Trd, 4319362.793, 134
Trd, 4319364.843, 128
Trd, 4319366.393, 133
Trd, 4319366.543, 132
Trd, 4319366.843, 131
Trd, 4319367.143, 128
Trd, 4319367.243, 123
Trd, 4319367.843, 90
Trd, 4319367.893, 90
Trd, 4319368.643, 71
Trd, 4319368.943, 88
Trd, 4319371.393, 83
Trd, 4319371.593, 88
Trd, 4319372.443, 100
Trd, 4319372.843, 72
Trd, 4319373.543, 122
Trd, 4319373.793, 121
Trd, 4319374.143, 109
Trd, 4319374.243, 109
Trd, 4319375.393, 67
Trd, 4319376.343, 114
Trd, 4319376.393, 107
Trd, 4319376.843, 83
Trd, 4319377.643, 84
Trd, 4319378.343, 84
Trd, 4319379.093, 124
Trd, 4319380.543, 94
Trd, 4319381.393, 103
Trd, 4319381.443, 106
Trd, 4319382.743, 116
Trd, 4319384.593, 120
Trd, 4319384.793, 112
Trd, 4319385.343, 140
Trd, 4319385.693, 140
Trd, 4319386.593, 123
Trd, 4319387.043, 126
Trd, 4319387.943, 121
Trd, 4319389.243, 118
Trd, 4319389.543, 92
Trd, 4319390.693, 105
Trd, 4319392.343, 125
Trd, 4319392.543, 124
Trd, 4319392.693, 124
Trd, 4319392.993, 118
Trd, 4319393.993, 108
Trd, 4319395.093, 99
Trd, 4319395.543, 138
Trd, 4319396.243, 63
Trd, 4319397.093, 94
Trd, 4319397.893, 78
Trd, 4319398.493, 76
Trd, 4319399.043, 61
Trd, 4319399.743, 121
Trd, 4319400.293, 101
Trd, 4319401.093, 109
Trd, 4319402.493, 104
Trd, 4319402.743, 113
Trd, 4319403.093, 93
Trd, 4319403.793, 88
Trd, 4319403.893, 86
Trd, 4319404.293, 107
Trd, 4319404.793, 99
Trd, 4319404.993, 60
Trd, 4319406.593, 66
Trd, 4319407.293, 72
Trd, 4319407.343, 88
Trd, 4319408.293, 65
Trd, 4319410.643, 67
Trd, 4319411.443, 67
Trd, 4319412.143, 78
Trd, 4319412.943, 111
Trd, 4319413.593, 116
Trd, 4319413.893, 116
Trd, 4319415.243, 121
Trd, 4319415.693, 108
Trd, 4319415.843, 79
Trd, 4319415.943, 116
Trd, 4319418.493, 108
Trd, 4319419.043, 106
Trd, 4319419.143, 90
Trd, 4319419.343, 84
Trd, 4319420.093, 71
Trd, 4319420.643, 61
Trd, 4319423.793, 76
Trd, 4319423.843, 78
Trd, 4319424.043, 75
Trd, 4319424.943, 74
Trd, 4319425.893, 82
Trd, 4319425.943, 97
Trd, 4319426.693, 132
Trd, 4319426.843, 102
Trd, 4319427.043, 73
Trd, 4319429.193, 60
Trd, 4319429.843, 70
Trd, 4319431.043, 88
Trd, 4319431.793, 87
Trd, 4319432.293, 81
Trd, 4319432.593, 81
Trd, 4319432.693, 89
Trd, 4319432.843, 94
Trd, 4319434.493, 85
Trd, 4319434.943, 84
Trd, 4319437.343, 138
Trd, 4319437.443, 136
Trd, 4319437.793, 129
Trd, 4319437.893, 128
Trd, 4319438.493, 100
Trd, 4319438.993, 86
Trd, 4319440.093, 134
Trd, 4319441.393, 123
Trd, 4319441.593, 109
Trd, 4319442.093, 112
Trd, 4319442.143, 104
Trd, 4319442.593, 98
Trd, 4319443.393, 81
Trd, 4319444.793, 91
Trd, 4319445.693, 81
Trd, 4319446.443, 111
Trd, 4319446.993, 73
Trd, 4319447.393, 90
Trd, 4319447.693, 72
Trd, 4319447.793, 107
Trd, 4319449.493, 104
Trd, 4319449.793, 111
Trd, 4319449.893, 103
Trd, 4319451.143, 114
Trd, 4319451.193, 118
Trd, 4319451.243, 114
Trd, 4319452.543, 99
Trd, 4319452.793, 91
Trd, 4319453.793, 64
Trd, 4319455.793, 82
Trd, 4319456.443, 110
Trd, 4319457.043, 91
Trd, 4319457.493, 89
Trd, 4319459.043, 92
Trd, 4319459.543, 113
Trd, 4319460.043, 120
Trd, 4319461.843, 114
Trd, 4319462.893, 129
Trd, 4319463.093, 101
Trd, 4319464.243, 109
Trd, 4319464.843, 111
Trd, 4319465.243, 104
Trd, 4319465.593, 79
Trd, 4319467.543, 129
Trd, 4319467.793, 97
Trd, 4319467.993, 94
Trd, 4319468.543, 96
Trd, 4319469.143, 130
Trd, 4319469.193, 129
Trd, 4319470.293, 102
Trd, 4319471.893, 137
Trd, 4319471.993, 136
Trd, 4319472.093, 72
Trd, 4319472.643, 64
Trd, 4319472.893, 70
Trd, 4319473.493, 95
Trd, 4319475.243, 64
Trd, 4319475.593, 66
Trd, 4319476.793, 95
Trd, 4319477.393, 81
Trd, 4319478.293, 66
Trd, 4319478.993, 69
Trd, 4319480.243, 98
Trd, 4319480.393, 97
Trd, 4319480.993, 92
Trd, 4319481.493, 139
Trd, 4319482.093, 84
Trd, 4319483.943, 112
Trd, 4319484.693, 101
Trd, 4319484.793, 100
Trd, 4319485.093, 99
Trd, 4319485.193, 99
Trd, 4319486.393, 127
Trd, 4319486.693, 126
Trd, 4319488.193, 98
Trd, 4319488.343, 91
Trd, 4319489.143, 110
Trd, 4319489.843, 136
Trd, 4319489.993, 129
Trd, 4319490.743, 112
Trd, 4319493.243, 64
Trd, 4319493.593, 72
Trd, 4319494.993, 82
Trd, 4319495.193, 132
Trd, 4319496.243, 109
Trd, 4319496.293, 108
Trd, 4319497.243, 111
Trd, 4319498.443, 97
Trd, 4319498.693, 92
Trd, 4319498.843, 84
Trd, 4319499.793, 82
Trd, 4319500.943, 82
Trd, 4319501.243, 80
Trd, 4319501.543, 114
Trd, 4319502.243, 114
Trd, 4319502.993, 86
Trd, 4319503.093, 80
Trd, 4319504.043, 76
Trd, 4319504.243, 91
Trd, 4319506.543, 71
Trd, 4319507.393, 71
Trd, 4319508.193, 80
Trd, 4319508.343, 87
Trd, 4319508.693, 88
Trd, 4319509.643, 84
Trd, 4319510.543, 75
Trd, 4319511.243, 81
Trd, 4319513.443, 75
Trd, 4319514.293, 80
Trd, 4319514.943, 62
Trd, 4319514.993, 89
Trd, 4319515.443, 66
Trd, 4319516.493, 82
Trd, 4319517.143, 65
Trd, 4319518.243, 78
Trd, 4319519.743, 128
Trd, 4319520.443, 119
Trd, 4319521.243, 111
Trd, 4319521.593, 111
Trd, 4319522.193, 112
Trd, 4319522.593, 111
Trd, 4319523.193, 103
Trd, 4319523.393, 112
Trd, 4319523.993, 113
Trd, 4319524.043, 90
Trd, 4319524.693, 89
Trd, 4319524.893, 117
Trd, 4319525.893, 78
Trd, 4319525.943, 77
Trd, 4319528.193, 65
Trd, 4319529.243, 72
Trd, 4319529.443, 114
Trd, 4319529.493, 118
Trd, 4319529.643, 71
Trd, 4319531.543, 61
Trd, 4319531.693, 114
Trd, 4319532.093, 69
Trd, 4319533.493, 136
Trd, 4319533.743, 70
Trd, 4319536.243, 78
Trd, 4319536.343, 78
Trd, 4319536.743, 84
Trd, 4319537.393, 116
Trd, 4319538.193, 87
Trd, 4319538.893, 61
Trd, 4319538.943, 63
Trd, 4319540.043, 69
Trd, 4319540.443, 66
Trd, 4319541.143, 95
Trd, 4319541.693, 92
Trd, 4319542.393, 111
Trd, 4319542.993, 116
Trd, 4319543.443, 111
Trd, 4319544.093, 133
Trd, 4319544.793, 87
Trd, 4319546.543, 120
Trd, 4319546.643, 112
Trd, 4319546.743, 84
Trd, 4319547.243, 67
Trd, 4319547.693, 110
Trd, 4319548.043, 117
Trd, 4319548.293, 103
Trd, 4319550.293, 111
Trd, 4319551.693, 94
Trd, 4319551.743, 104
Trd, 4319552.093, 90
Trd, 4319552.593, 91
Trd, 4319552.643, 80
Trd, 4319554.693, 65
Trd, 4319555.043, 91
Trd, 4319555.643, 101
Trd, 4319556.293, 90
Trd, 4319557.893, 132
Trd, 4319558.443, 114
Trd, 4319558.993, 65
Trd, 4319559.493, 98
Trd, 4319559.593, 130
Trd, 4319559.643, 64
Trd, 4319559.943, 65
Trd, 4319560.493, 138
Trd, 4319561.293, 122
Trd, 4319561.743, 71
Trd, 4319562.143, 108
Trd, 4319562.693, 73
Trd, 4319562.943, 72
Trd, 4319563.493, 72
Trd, 4319565.093, 73
Trd, 4319566.593, 98
Trd, 4319567.643, 99
Trd, 4319567.943, 98
Trd, 4319568.243, 92
Trd, 4319568.693, 74
Trd, 4319569.593, 93
Trd, 4319570.693, 63
Trd, 4319571.243, 92
Trd, 4319572.243, 68
Trd, 4319572.443, 70
Trd, 4319573.243, 76
Trd, 4319573.943, 72
Trd, 4319574.293, 72
Trd, 4319575.143, 79
Trd, 4319575.543, 68
Trd, 4319578.143, 101
Trd, 4319578.993, 62
Trd, 4319580.343, 60
Trd, 4319580.943, 96
Trd, 4319582.443, 60
Trd, 4319583.343, 95
Trd, 4319584.293, 81
Trd, 4319584.493, 81
Trd, 4319584.843, 85
Trd, 4319585.343, 75
Trd, 4319585.843, 98
Trd, 4319585.993, 75
Trd, 4319586.843, 71
Trd, 4319588.943, 73
Trd, 4319589.893, 96
Trd, 4319590.343, 107
Trd, 4319590.693, 84
Trd, 4319591.593, 100
Trd, 4319591.643, 99
Trd, 4319591.693, 99
Trd, 4319592.743, 86
Trd, 4319594.343, 93
Trd, 4319595.043, 97
Trd, 4319595.293, 97
Trd, 4319596.293, 62
Trd, 4319597.593, 76
Trd, 4319597.643, 94
Trd, 4319598.743, 107
Trd, 4319599.293, 104
Trd, 4319599.993, 104
Trd, 4319600.893, 130
Trd, 4319601.493, 128
Trd, 4319602.293, 119
Trd, 4319602.643, 118
Trd, 4319603.293, 105
Trd, 4319603.693, 83
Trd, 4319604.493, 99
Trd, 4319605.393, 64
Trd, 4319605.893, 122
Trd, 4319607.043, 65
Trd, 4319608.443, 87
Trd, 4319610.293, 123
Trd, 4319610.493, 121
Trd, 4319610.543, 113
Trd, 4319611.293, 93
Trd, 4319611.343, 76
Trd, 4319612.393, 65
Trd, 4319613.243, 76
Trd, 4319614.193, 60
Trd, 4319614.593, 84
Trd, 4319615.843, 71
Trd, 4319616.643, 80
Trd, 4319617.843, 67
Trd, 4319618.593, 105
Trd, 4319618.793, 104
Trd, 4319618.943, 77
Trd, 4319620.343, 77
Trd, 4319620.543, 87
Trd, 4319621.043, 137
Trd, 4319622.243, 79
Trd, 4319622.343, 78
Trd, 4319623.193, 78
Trd, 4319624.493, 129
Trd, 4319624.593, 117
Trd, 4319625.343, 90
Trd, 4319626.993, 87
Trd, 4319627.443, 118
Trd, 4319627.593, 117
Trd, 4319628.193, 102
Trd, 4319628.793, 95
Trd, 4319628.893, 95
Trd, 4319631.543, 89
Trd, 4319631.643, 99
Trd, 4319632.843, 72
Trd, 4319633.293, 67
Trd, 4319633.543, 69
Trd, 4319634.793, 107
Trd, 4319635.143, 116
Trd, 4319635.943, 105
Trd, 4319636.693, 105
Trd, 4319636.943, 108
Trd, 4319637.293, 120
Trd, 4319638.243, 106
Trd, 4319638.543, 115
Trd, 4319639.043, 110
Trd, 4319640.543, 112
Trd, 4319641.393, 140
Trd, 4319641.743, 130
Trd, 4319641.943, 112
Trd, 4319642.193, 121
Trd, 4319643.593, 99
Trd, 4319643.943, 90
Trd, 4319644.593, 106
Trd, 4319645.443, 83
Trd, 4319646.743, 113
Trd, 4319647.243, 140
Trd, 4319647.893, 84
Trd, 4319648.393, 82
Trd, 4319648.843, 85
Trd, 4319648.943, 91
Trd, 4319649.793, 98
Trd, 4319650.193, 89
Trd, 4319651.393, 79
Trd, 4319651.793, 76
Trd, 4319652.093, 73
Trd, 4319653.493, 68
Trd, 4319654.193, 83
Trd, 4319654.343, 119
Trd, 4319656.893, 124
Trd, 4319657.343, 123
Trd, 4319657.793, 122
Trd, 4319658.043, 114
Trd, 4319658.893, 106
Trd, 4319659.943, 112
Trd, 4319660.143, 120
Trd, 4319660.943, 88
Trd, 4319661.393, 124
Trd, 4319661.993, 92
Trd, 4319662.943, 127
Trd, 4319663.693, 91
Trd, 4319665.243, 92
Trd, 4319665.843, 105
Trd, 4319666.193, 104
Trd, 4319666.693, 120
Trd, 4319667.393, 109
Trd, 4319667.893, 105
Trd, 4319668.993, 92
Trd, 4319669.293, 125
Trd, 4319669.943, 91
Trd, 4319670.443, 130
Trd, 4319672.043, 72
Trd, 4319672.193, 109
Trd, 4319673.193, 64
Trd, 4319674.743, 103
Trd, 4319674.993, 115
Trd, 4319675.493, 103
Trd, 4319676.843, 133
Trd, 4319677.643, 111
Trd, 4319679.043, 118
Trd, 4319679.643, 121
Trd, 4319679.943, 117
Trd, 4319679.993, 111
Trd, 4319680.993, 127
Trd, 4319681.543, 110
Trd, 4319682.143, 98
Trd, 4319683.093, 82
Trd, 4319683.193, 82
Trd, 4319684.643, 86
Trd, 4319685.543, 90
Trd, 4319687.043, 134
Trd, 4319687.893, 133
Trd, 4319688.043, 132
Trd, 4319688.893, 132
Trd, 4319689.843, 128
Trd, 4319690.193, 125
Trd, 4319691.493, 120
Trd, 4319691.843, 113
Trd, 4319693.043, 131
Trd, 4319693.143, 118
Trd, 4319694.543, 124
Trd, 4319695.293, 100
Trd, 4319695.343, 71
Trd, 4319696.143, 113
Trd, 4319696.243, 116
Trd, 4319697.043, 105
Trd, 4319697.493, 81
Trd, 4319698.243, 95
Trd, 4319698.393, 99
Trd, 4319698.943, 124
Trd, 4319700.993, 105
Trd, 4319701.493, 111
Trd, 4319701.693, 122
Trd, 4319703.193, 122
Trd, 4319703.643, 121
Trd, 4319703.743, 109
Trd, 4319703.843, 107
Trd, 4319704.343, 122
Trd, 4319705.193, 88
Trd, 4319707.193, 106
Trd, 4319708.593, 61
Trd, 4319708.743, 61
Trd, 4319709.493, 66
Trd, 4319709.743, 67
Trd, 4319709.993, 61
Trd, 4319710.993, 111
Trd, 4319711.193, 123
Trd, 4319711.693, 75
Trd, 4319712.693, 104
Trd, 4319712.743, 89
Trd, 4319714.693, 114
Trd, 4319714.843, 103
Trd, 4319715.493, 107
Trd, 4319715.593, 103
Trd, 4319716.643, 108
Trd, 4319717.143, 107
Trd, 4319717.993, 101
Trd, 4319719.343, 140
Trd, 4319720.193, 135
Trd, 4319720.243, 134
Trd, 4319721.043, 132
Trd, 4319721.393, 117
Trd, 4319721.943, 118
Trd, 4319722.093, 111
Trd, 4319724.743, 137
Trd, 4319725.093, 134
Trd, 4319725.943, 95
Trd, 4319726.743, 119
Trd, 4319727.093, 118
Trd, 4319727.993, 93
Trd, 4319728.943, 100
Trd, 4319729.043, 93
Trd, 4319729.643, 107
Trd, 4319730.193, 97
Trd, 4319730.743, 87
Trd, 4319730.793, 82
Trd, 4319731.893, 80
Trd, 4319733.143, 94
Trd, 4319733.243, 74
Trd, 4319734.743, 106
Trd, 4319735.243, 76
Trd, 4319736.493, 67
Trd, 4319736.993, 83
Trd, 4319737.843, 69
Trd, 4319738.743, 90
Trd, 4319739.043, 89
Trd, 4319739.143, 95
Trd, 4319739.743, 89
Trd, 4319740.393, 114
Trd, 4319740.493, 111
Trd, 4319740.793, 102
Trd, 4319741.793, 91
Trd, 4319743.693, 106
Trd, 4319743.993, 102
Trd, 4319744.543, 87
Trd, 4319744.643, 87
Trd, 4319745.093, 124
Trd, 4319745.243, 97
Trd, 4319745.743, 132
Trd, 4319746.943, 97
Trd, 4319747.693, 121
Trd, 4319748.143, 120
Trd, 4319749.943, 122
Trd, 4319751.393, 130
Trd, 4319751.493, 129
Trd, 4319751.893, 120
Trd, 4319752.093, 110
Trd, 4319752.293, 82
Trd, 4319754.243, 108
Trd, 4319754.543, 137
Trd, 4319754.593, 102
Trd, 4319755.543, 129
Trd, 4319756.143, 89
Trd, 4319756.593, 89
Trd, 4319757.043, 129
Trd, 4319757.193, 115
Trd, 4319757.743, 61
Trd, 4319758.393, 90
Trd, 4319759.193, 96
Trd, 4319760.243, 102
Trd, 4319760.743, 96
Trd, 4319761.243, 116
Trd, 4319761.993, 139
Trd, 4319762.443, 69
Trd, 4319763.243, 114
Trd, 4319763.543, 106
Trd, 4319764.643, 113
Trd, 4319764.793, 112
Trd, 4319764.843, 81
Trd, 4319765.843, 78
Trd, 4319766.193, 103
Trd, 4319766.943, 86
Trd, 4319767.193, 119
Trd, 4319769.043, 112
Trd, 4319769.543, 112
Trd, 4319769.893, 111
Trd, 4319770.093, 108
Trd, 4319770.543, 106
Trd, 4319771.393, 94
Trd, 4319772.543, 87
Trd, 4319773.743, 87
Trd, 4319774.293, 89
Trd, 4319775.393, 101
Trd, 4319776.293, 90
Trd, 4319776.543, 90
Trd, 4319777.043, 113
Trd, 4319777.693, 128
Trd, 4319778.093, 107
Trd, 4319779.793, 127
Trd, 4319779.943, 126
Trd, 4319781.243, 95
Trd, 4319781.443, 105
Trd, 4319782.193, 89
Trd, 4319782.893, 96
Trd, 4319783.793, 85
Trd, 4319784.693, 107
Trd, 4319784.893, 86
Trd, 4319785.043, 85
Trd, 4319785.493, 93
Trd, 4319789.443, 89
Trd, 4319790.743, 118
Trd, 4319790.793, 105
Trd, 4319791.143, 101
Trd, 4319791.243, 101
Trd, 4319791.393, 101
Trd, 4319792.393, 110
Trd, 4319792.743, 103
Trd, 4319792.993, 101
Trd, 4319795.193, 125
Trd, 4319796.093, 129
Trd, 4319796.493, 112
Trd, 4319797.443, 137
Trd, 4319797.643, 80
Trd, 4319798.143, 77
Trd, 4319799.443, 69
Trd, 4319799.943, 69
Trd, 4319800.193, 131
Trd, 4319800.843, 90
Trd, 4319801.693, 115
Trd, 4319802.193, 110
Trd, 4319802.343, 80
Trd, 4319803.293, 99
Trd, 4319803.793, 79
Trd, 4319804.743, 105
Trd, 4319805.193, 72
Trd, 4319806.293, 72
Trd, 4319806.343, 94
Trd, 4319807.393, 96
Trd, 4319807.943, 68
Trd, 4319808.193, 63
Trd, 4319809.243, 61
Trd, 4319812.643, 75
Trd, 4319812.893, 98
Trd, 4319812.993, 133
Trd, 4319814.493, 94
Trd, 4319814.593, 81
Trd, 4319814.793, 119
Trd, 4319814.943, 81
Trd, 4319817.493, 122
Trd, 4319817.643, 106
Trd, 4319817.993, 105
Trd, 4319818.243, 102
Trd, 4319818.543, 99
Trd, 4319820.943, 119
Trd, 4319821.543, 77
Trd, 4319822.043, 86
Trd, 4319823.243, 65
Trd, 4319824.343, 61
Trd, 4319824.893, 102
Trd, 4319825.243, 111
Trd, 4319825.943, 95
Trd, 4319826.343, 94
Trd, 4319828.643, 105
Trd, 4319829.443, 135
Trd, 4319830.093, 108
Trd, 4319830.293, 123
Trd, 4319830.693, 111
Trd, 4319831.043, 108
Trd, 4319831.793, 115
Trd, 4319832.493, 129
Trd, 4319833.693, 96
Trd, 4319833.743, 96
Trd, 4319834.593, 127
Trd, 4319835.393, 99
Trd, 4319835.893, 85
Trd, 4319837.443, 137
Trd, 4319837.943, 132
Trd, 4319838.593, 132
Trd, 4319839.343, 106
Trd, 4319840.293, 140
Trd, 4319840.443, 106
Trd, 4319840.993, 99
Trd, 4319843.093, 99
Trd, 4319843.793, 122
Trd, 4319844.343, 112
Trd, 4319844.393, 87
Trd, 4319845.643, 119
Trd, 4319845.943, 77
Trd, 4319847.643, 84
Trd, 4319848.093, 85
Trd, 4319848.793, 75
Trd, 4319851.043, 99
Trd, 4319851.093, 91
Trd, 4319851.193, 107
Trd, 4319852.043, 75
Trd, 4319854.593, 75
Trd, 4319855.343, 92
Trd, 4319855.693, 96
Trd, 4319856.293, 71
Trd, 4319857.043, 78
Trd, 4319858.643, 71
Trd, 4319858.943, 70
Trd, 4319859.393, 76
Trd, 4319860.143, 69
Trd, 4319861.443, 74
Trd, 4319861.743, 97
Trd, 4319862.443, 90
Trd, 4319862.793, 65
Trd, 4319862.993, 92
Trd, 4319865.043, 61
Trd, 4319866.093, 94
Trd, 4319866.243, 87
Trd, 4319866.543, 104
Trd, 4319867.093, 121
Trd, 4319867.643, 120
Trd, 4319868.493, 77
Trd, 4319869.293, 85
Trd, 4319869.993, 118
Trd, 4319870.093, 87
Trd, 4319870.693, 95
Trd, 4319870.743, 89
Trd, 4319872.193, 75
Trd, 4319872.643, 71
Trd, 4319873.543, 70
Trd, 4319874.943, 73
Trd, 4319875.093, 82
Trd, 4319875.243, 71
Trd, 4319876.693, 72
Trd, 4319877.643, 73
Trd, 4319878.393, 69
Trd, 4319879.093, 130
Trd, 4319879.343, 129
Trd, 4319879.593, 129
Trd, 4319880.493, 115
Trd, 4319881.293, 87
Trd, 4319881.343, 87
Trd, 4319881.543, 124
Trd, 4319881.943, 93
Trd, 4319883.443, 104
Trd, 4319883.793, 87
Trd, 4319884.493, 97
Trd, 4319884.693, 88
Trd, 4319885.093, 88
Trd, 4319885.243, 83
Trd, 4319885.743, 65
Trd, 4319886.093, 75
Trd, 4319887.393, 108
Trd, 4319888.543, 80
Trd, 4319890.043, 122
Trd, 4319891.643, 121
Trd, 4319892.093, 117
Trd, 4319892.593, 114
Trd, 4319892.693, 114
Trd, 4319893.093, 113
Trd, 4319894.443, 103
Trd, 4319895.043, 103
Trd, 4319895.543, 103
Trd, 4319896.993, 94
Trd, 4319897.093, 92
Trd, 4319897.343, 106
Trd, 4319898.393, 95
Trd, 4319898.743, 123
Trd, 4319899.543, 132
Trd, 4319899.943, 101
Trd, 4319901.093, 89
Trd, 4319902.143, 125
Trd, 4319902.743, 124
Trd, 4319902.943, 123
Trd, 4319903.843, 119
Trd, 4319904.493, 135
Trd, 4319905.093, 113
Trd, 4319905.243, 112
Trd, 4319905.593, 94
Trd, 4319906.593, 135
Trd, 4319906.943, 92
Trd, 4319907.193, 90
Trd, 4319907.943, 89
Trd, 4319908.493, 83
Trd, 4319910.293, 108
Trd, 4319910.743, 79
Trd, 4319911.143, 124
Trd, 4319911.543, 110
Trd, 4319913.243, 114
Trd, 4319913.443, 107
Trd, 4319914.543, 98
Trd, 4319915.943, 112
Trd, 4319916.343, 111
Trd, 4319916.393, 76
Trd, 4319917.593, 70
Trd, 4319918.643, 76
Trd, 4319918.843, 65
Trd, 4319919.143, 68
Trd, 4319919.343, 68
Trd, 4319920.193, 80
Trd, 4319920.493, 91
Trd, 4319921.743, 116
Trd, 4319922.393, 118
Trd, 4319922.793, 116
Trd, 4319923.293, 109
Trd, 4319924.493, 74
Trd, 4319925.943, 83
Trd, 4319926.743, 90
Trd, 4319928.143, 76
Trd, 4319928.743, 99
Trd, 4319928.843, 133
Trd, 4319929.593, 82
Trd, 4319930.793, 65
Trd, 4319931.843, 72
Trd, 4319932.593, 85
Trd, 4319933.193, 70
Trd, 4319933.793, 100
Trd, 4319935.093, 66
Trd, 4319935.443, 83
Trd, 4319935.493, 93
Trd, 4319935.993, 82
Trd, 4319936.743, 92
Trd, 4319937.143, 81
Trd, 4319937.393, 108
Trd, 4319938.893, 86
Trd, 4319939.743, 105
Trd, 4319940.593, 107
Trd, 4319940.893, 95
Trd, 4319942.693, 107
Trd, 4319943.093, 98
Trd, 4319943.643, 91
Trd, 4319944.643, 108
Trd, 4319945.043, 106
Trd, 4319945.393, 98
Trd, 4319946.593, 133
Trd, 4319947.493, 73
Trd, 4319947.643, 78
Trd, 4319947.943, 88
Trd, 4319948.993, 108
Trd, 4319949.593, 99
Trd, 4319950.843, 139
Trd, 4319950.893, 138
Trd, 4319951.093, 134
Trd, 4319953.193, 114
Trd, 4319953.743, 82
Trd, 4319954.393, 97
Trd, 4319954.793, 99
Trd, 4319955.393, 107
Trd, 4319956.543, 108
Trd, 4319959.093, 104
Trd, 4319959.443, 104
Trd, 4319959.793, 69
Trd, 4319960.143, 64
Trd, 4319960.193, 78
Trd, 4319960.443, 62
Trd, 4319960.643, 69
Trd, 4319961.093, 86
Trd, 4319961.293, 86
Trd, 4319961.993, 97
Trd, 4319962.143, 95
Trd, 4319964.393, 68
Trd, 4319964.793, 102
Trd, 4319965.443, 101
Trd, 4319965.543, 101
Trd, 4319965.643, 96
Trd, 4319966.293, 95
Trd, 4319966.793, 74
Trd, 4319966.843, 64
Trd, 4319968.493, 87
Trd, 4319968.693, 75
Trd, 4319969.243, 120
Trd, 4319970.043, 113
Trd, 4319971.143, 92
Trd, 4319971.843, 129
Trd, 4319972.443, 124
Trd, 4319973.093, 123
Trd, 4319974.043, 122
Trd, 4319974.093, 114
Trd, 4319974.393, 97
Trd, 4319976.093, 112
Trd, 4319976.943, 119
Trd, 4319976.993, 78
Trd, 4319977.743, 72
Trd, 4319978.093, 69
Trd, 4319978.293, 104
Trd, 4319979.743, 96
Trd, 4319980.943, 62
Trd, 4319981.193, 66
Trd, 4319982.443, 64
Trd, 4319984.443, 119
Trd, 4319985.493, 113
Trd, 4319986.543, 105
Trd, 4319987.293, 98
Trd, 4319987.793, 108
Trd, 4319988.343, 75
Trd, 4319988.543, 73
Trd, 4319988.693, 78
Trd, 4319989.743, 89
Trd, 4319991.143, 78
Trd, 4319991.693, 77
Trd, 4319992.643, 103
Trd, 4319993.793, 94
Trd, 4319993.893, 90
Trd, 4319995.643, 139
Trd, 4319996.093, 120
Trd, 4319996.793, 123
Trd, 4319996.993, 118
Trd, 4319997.493, 110
Trd, 4319997.943, 119
Trd, 4319999.543, 76
