Trd, 4318112.543, 94
Trd, 4318113.143, 98
Trd, 4318114.593, 65
Trd, 4318115.143, 118
Trd, 4318115.443, 134
Trd, 4318117.543, 132
Trd, 4318118.843, 123
Trd, 4318119.843, 119
Trd, 4318120.593, 115
Trd, 4318121.093, 104
Trd, 4318121.743, 112
Trd, 4318122.093, 124
Trd, 4318122.343, 115
Trd, 4318122.693, 112
Trd, 4318122.993, 111
Trd, 4318123.693, 108
Trd, 4318125.493, 113
Trd, 4318126.043, 125
Trd, 4318126.843, 115
Trd, 4318128.443, 123
Trd, 4318128.493, 129
Trd, 4318129.043, 107
Trd, 4318129.293, 76
Trd, 4318130.693, 69
Trd, 4318132.593, 117
Trd, 4318133.293, 117
Trd, 4318135.143, 116
Trd, 4318135.443, 116
Trd, 4318136.443, 134
Trd, 4318136.543, 130
Trd, 4318136.943, 111
Trd, 4318136.993, 100
Trd, 4318138.293, 103
Trd, 4318138.743, 81
Trd, 4318139.943, 135
Trd, 4318141.043, 103
Trd, 4318141.493, 101
Trd, 4318142.843, 113
Trd, 4318143.143, 109
Trd, 4318144.593, 130
Trd, 4318144.943, 111
Trd, 4318146.093, 111
Trd, 4318146.693, 113
Trd, 4318148.643, 127
Trd, 4318148.743, 83
Trd, 4318148.793, 76
Trd, 4318149.193, 89
Trd, 4318149.443, 88
Trd, 4318150.093, 114
Trd, 4318151.693, 96
Trd, 4318151.743, 94
Trd, 4318154.443, 92
Trd, 4318154.643, 91
Trd, 4318155.293, 99
Trd, 4318156.043, 89
Trd, 4318156.243, 104
Trd, 4318157.793, 105
Trd, 4318159.443, 134
Trd, 4318159.643, 127
Trd, 4318160.193, 117
Trd, 4318160.243, 106
Trd, 4318160.693, 119
Trd, 4318161.243, 104
Trd, 4318161.893, 107
Trd, 4318162.143, 103
Trd, 4318162.943, 111
Trd, 4318164.143, 131
Trd, 4318165.043, 132
Trd, 4318165.393, 112
Trd, 4318165.543, 98
Trd, 4318166.843, 82
Trd, 4318167.793, 80
Trd, 4318169.293, 140
Trd, 4318169.643, 114
Trd, 4318170.093, 112
Trd, 4318170.243, 139
Trd, 4318170.343, 119
Trd, 4318170.643, 90
Trd, 4318172.043, 75
Trd, 4318173.443, 64
Trd, 4318175.093, 83
Trd, 4318175.343, 94
Trd, 4318175.543, 81
Trd, 4318176.343, 119
Trd, 4318177.493, 124
Trd, 4318177.743, 107
Trd, 4318177.793, 100
Trd, 4318179.643, 91
Trd, 4318179.693, 85
Trd, 4318179.843, 122
Trd, 4318181.493, 97
Trd, 4318182.793, 77
Trd, 4318183.743, 66
Trd, 4318183.793, 80
Trd, 4318185.943, 120
Trd, 4318186.443, 86
Trd, 4318186.893, 84
Trd, 4318187.243, 86
Trd, 4318188.093, 121
Trd, 4318188.193, 128
Trd, 4318188.543, 125
Trd, 4318189.893, 102
Trd, 4318190.843, 87
Trd, 4318190.893, 104
Trd, 4318192.343, 115
Trd, 4318192.993, 108
Trd, 4318193.243, 118
Trd, 4318193.443, 111
Trd, 4318194.893, 102
Trd, 4318195.793, 96
Trd, 4318196.093, 94
Trd, 4318197.743, 90
Trd, 4318199.343, 103
Trd, 4318199.643, 110
Trd, 4318200.293, 113
Trd, 4318200.493, 114
Trd, 4318200.743, 119
Trd, 4318202.543, 113
Trd, 4318202.593, 110
Trd, 4318203.493, 92
Trd, 4318203.543, 88
Trd, 4318204.143, 112
Trd, 4318205.343, 105
Trd, 4318205.393, 94
Trd, 4318206.993, 116
Trd, 4318207.993, 79
Trd, 4318208.093, 78
Trd, 4318208.643, 74
Trd, 4318210.293, 91
Trd, 4318210.693, 101
Trd, 4318210.993, 84
Trd, 4318212.293, 108
Trd, 4318212.393, 90
Trd, 4318213.343, 130
Trd, 4318213.443, 124
Trd, 4318213.493, 115
Trd, 4318214.443, 92
Trd, 4318215.193, 77
Trd, 4318215.693, 63
Trd, 4318217.493, 87
Trd, 4318218.043, 130
Trd, 4318218.693, 92
Trd, 4318220.893, 105
Trd, 4318220.943, 85
Trd, 4318221.193, 78
Trd, 4318223.593, 129
Trd, 4318223.893, 124
Trd, 4318224.343, 102
Trd, 4318225.043, 102
Trd, 4318225.293, 110
Trd, 4318225.843, 130
Trd, 4318227.943, 140
Trd, 4318227.993, 132
Trd, 4318228.393, 118
Trd, 4318229.343, 70
Trd, 4318229.643, 113
Trd, 4318230.443, 131
Trd, 4318231.193, 123
Trd, 4318231.693, 109
Trd, 4318231.893, 106
Trd, 4318232.543, 125
Trd, 4318232.743, 101
Trd, 4318234.443, 94
Trd, 4318234.593, 92
Trd, 4318235.193, 96
Trd, 4318235.793, 117
Trd, 4318236.893, 126
Trd, 4318237.343, 122
Trd, 4318238.093, 111
Trd, 4318238.943, 136
Trd, 4318238.993, 132
Trd, 4318239.643, 102
Trd, 4318240.893, 102
Trd, 4318242.243, 133
Trd, 4318242.393, 103
Trd, 4318243.093, 135
Trd, 4318244.093, 88
Trd, 4318244.643, 115
Trd, 4318244.893, 74
Trd, 4318245.143, 75
Trd, 4318245.643, 71
Trd, 4318246.443, 98
Trd, 4318248.593, 104
Trd, 4318249.493, 124
Trd, 4318249.893, 65
Trd, 4318250.093, 90
Trd, 4318250.193, 100
Trd, 4318251.343, 60
Trd, 4318252.143, 62
Trd, 4318253.543, 104
Trd, 4318254.493, 96
Trd, 4318255.893, 96
Trd, 4318255.993, 129
Trd, 4318256.593, 132
Trd, 4318257.143, 91
Trd, 4318257.343, 71
Trd, 4318258.593, 69
Trd, 4318259.593, 115
Trd, 4318260.493, 122
Trd, 4318261.743, 129
Trd, 4318261.793, 113
Trd, 4318262.643, 138
Trd, 4318263.443, 79
Trd, 4318263.793, 70
Trd, 4318265.143, 77
Trd, 4318265.643, 118
Trd, 4318265.993, 119
Trd, 4318266.843, 124
Trd, 4318267.643, 111
Trd, 4318267.893, 94
Trd, 4318268.093, 89
Trd, 4318268.843, 101
Trd, 4318269.443, 79
Trd, 4318270.343, 74
Trd, 4318270.393, 112
Trd, 4318271.543, 81
Trd, 4318272.043, 74
Trd, 4318272.593, 71
Trd, 4318272.943, 70
Trd, 4318274.643, 134
Trd, 4318275.543, 140
Trd, 4318275.943, 130
Trd, 4318276.793, 117
Trd, 4318277.543, 129
Trd, 4318278.193, 107
Trd, 4318278.243, 113
Trd, 4318278.593, 103
Trd, 4318278.793, 97
Trd, 4318279.893, 75
Trd, 4318279.993, 112
Trd, 4318280.493, 79
Trd, 4318282.243, 136
Trd, 4318282.393, 130
Trd, 4318285.243, 140
Trd, 4318285.843, 135
Trd, 4318286.293, 133
Trd, 4318286.343, 130
Trd, 4318286.843, 107
Trd, 4318287.143, 106
Trd, 4318287.943, 91
Trd, 4318288.843, 63
Trd, 4318289.893, 90
Trd, 4318290.293, 78
Trd, 4318291.293, 60
Trd, 4318292.093, 130
Trd, 4318293.193, 68
Trd, 4318293.393, 62
Trd, 4318294.093, 63
Trd, 4318295.093, 65
Trd, 4318295.693, 89
Trd, 4318296.193, 89
Trd, 4318296.693, 126
Trd, 4318298.143, 102
Trd, 4318298.443, 135
Trd, 4318298.893, 98
Trd, 4318300.243, 133
Trd, 4318300.293, 96
Trd, 4318300.493, 105
Trd, 4318301.493, 61
Trd, 4318302.293, 85
Trd, 4318303.543, 111
Trd, 4318303.793, 95
Trd, 4318304.543, 100
Trd, 4318304.593, 75
Trd, 4318305.993, 75
Trd, 4318306.493, 71
Trd, 4318307.043, 90
Trd, 4318307.093, 94
Trd, 4318307.693, 127
Trd, 4318308.193, 124
Trd, 4318308.993, 108
Trd, 4318309.693, 107
Trd, 4318311.643, 103
Trd, 4318312.293, 100
Trd, 4318312.593, 127
Trd, 4318312.693, 99
Trd, 4318313.393, 110
Trd, 4318313.493, 80
Trd, 4318314.593, 69
Trd, 4318315.943, 100
Trd, 4318316.593, 118
Trd, 4318318.593, 136
Trd, 4318318.743, 130
Trd, 4318319.193, 127
Trd, 4318320.443, 116
Trd, 4318321.043, 124
Trd, 4318321.993, 123
Trd, 4318322.693, 117
Trd, 4318323.243, 92
Trd, 4318323.493, 91
Trd, 4318323.793, 91
Trd, 4318323.943, 121
Trd, 4318324.143, 98
Trd, 4318325.643, 129
Trd, 4318325.693, 124
Trd, 4318326.193, 110
Trd, 4318327.693, 111
Trd, 4318328.143, 92
Trd, 4318329.093, 135
Trd, 4318330.243, 116
Trd, 4318331.243, 102
Trd, 4318331.393, 102
Trd, 4318331.493, 101
Trd, 4318333.743, 102
Trd, 4318335.793, 74
Trd, 4318336.743, 77
Trd, 4318337.143, 82
Trd, 4318337.243, 73
Trd, 4318337.593, 139
Trd, 4318338.243, 104
Trd, 4318338.443, 109
Trd, 4318339.993, 113
Trd, 4318340.143, 110
Trd, 4318343.093, 108
Trd, 4318343.143, 106
Trd, 4318343.343, 92
Trd, 4318343.543, 74
Trd, 4318344.243, 116
Trd, 4318345.943, 110
Trd, 4318347.243, 105
Trd, 4318348.343, 104
Trd, 4318348.643, 118
Trd, 4318349.093, 125
Trd, 4318349.443, 119
Trd, 4318349.693, 112
Trd, 4318349.843, 108
Trd, 4318350.843, 102
Trd, 4318352.093, 135
Trd, 4318352.943, 110
Trd, 4318353.143, 96
Trd, 4318353.293, 93
Trd, 4318354.943, 126
Trd, 4318355.143, 109
Trd, 4318355.993, 104
Trd, 4318357.143, 120
Trd, 4318357.443, 126
Trd, 4318358.843, 100
Trd, 4318359.293, 94
Trd, 4318360.243, 84
Trd, 4318360.643, 130
Trd, 4318361.293, 78
Trd, 4318361.743, 94
Trd, 4318362.243, 90
Trd, 4318363.093, 77
Trd, 4318363.743, 102
Trd, 4318364.893, 68
Trd, 4318365.943, 92
Trd, 4318366.393, 136
Trd, 4318367.093, 90
Trd, 4318367.543, 104
Trd, 4318367.893, 102
Trd, 4318369.343, 99
Trd, 4318370.593, 133
Trd, 4318370.643, 114
Trd, 4318370.993, 102
Trd, 4318372.193, 133
Trd, 4318373.393, 117
Trd, 4318374.093, 113
Trd, 4318374.843, 136
Trd, 4318375.093, 122
Trd, 4318375.593, 119
Trd, 4318376.143, 117
Trd, 4318376.893, 108
Trd, 4318377.293, 83
Trd, 4318378.643, 101
Trd, 4318379.143, 81
Trd, 4318379.393, 88
Trd, 4318381.143, 117
Trd, 4318382.643, 72
Trd, 4318382.793, 90
Trd, 4318382.893, 91
Trd, 4318384.093, 68
Trd, 4318384.243, 76
Trd, 4318384.793, 68
Trd, 4318385.893, 61
Trd, 4318386.993, 125
Trd, 4318387.343, 136
Trd, 4318388.043, 129
Trd, 4318388.593, 120
Trd, 4318390.593, 109
Trd, 4318390.693, 113
Trd, 4318391.043, 132
Trd, 4318391.643, 94
Trd, 4318391.693, 73
Trd, 4318392.893, 96
Trd, 4318394.393, 105
Trd, 4318394.543, 93
Trd, 4318395.193, 60
Trd, 4318396.443, 100
Trd, 4318396.893, 69
Trd, 4318397.743, 76
Trd, 4318399.393, 92
Trd, 4318399.843, 116
Trd, 4318400.093, 77
Trd, 4318400.493, 76
Trd, 4318401.243, 77
Trd, 4318402.493, 76
Trd, 4318403.293, 100
Trd, 4318404.293, 95
Trd, 4318404.993, 64
Trd, 4318405.193, 91
Trd, 4318405.443, 68
Trd, 4318405.593, 82
Trd, 4318407.093, 109
Trd, 4318407.343, 106
Trd, 4318408.893, 88
Trd, 4318408.993, 117
Trd, 4318410.343, 92
Trd, 4318410.993, 79
Trd, 4318411.743, 110
Trd, 4318411.793, 73
Trd, 4318412.343, 62
Trd, 4318413.693, 122
Trd, 4318415.843, 124
Trd, 4318416.893, 113
Trd, 4318417.093, 111
Trd, 4318417.693, 126
Trd, 4318417.743, 104
Trd, 4318419.143, 128
Trd, 4318419.243, 123
Trd, 4318419.293, 115
Trd, 4318419.743, 109
Trd, 4318419.843, 93
Trd, 4318420.893, 66
Trd, 4318421.493, 67
Trd, 4318422.193, 79
Trd, 4318422.693, 117
Trd, 4318424.243, 98
Trd, 4318426.193, 120
Trd, 4318426.493, 107
Trd, 4318427.243, 91
Trd, 4318428.093, 122
Trd, 4318429.143, 139
Trd, 4318429.643, 128
Trd, 4318430.643, 133
Trd, 4318430.943, 127
Trd, 4318431.793, 131
Trd, 4318432.343, 104
Trd, 4318434.443, 116
Trd, 4318434.543, 116
Trd, 4318435.643, 125
Trd, 4318436.093, 121
Trd, 4318436.943, 119
Trd, 4318437.143, 114
Trd, 4318438.043, 125
Trd, 4318438.643, 91
Trd, 4318440.543, 119
Trd, 4318440.643, 115
Trd, 4318442.093, 129
Trd, 4318442.793, 124
Trd, 4318442.843, 69
Trd, 4318443.143, 69
Trd, 4318444.243, 117
Trd, 4318444.793, 77
Trd, 4318445.893, 135
Trd, 4318446.893, 137
Trd, 4318447.793, 123
Trd, 4318448.443, 127
Trd, 4318448.643, 122
Trd, 4318449.343, 74
Trd, 4318449.493, 65
Trd, 4318449.643, 96
Trd, 4318450.493, 110
Trd, 4318450.843, 77
Trd, 4318451.643, 87
Trd, 4318454.743, 63
Trd, 4318454.993, 75
Trd, 4318456.093, 80
Trd, 4318456.343, 78
Trd, 4318456.393, 87
Trd, 4318456.993, 133
Trd, 4318457.493, 117
Trd, 4318458.443, 101
Trd, 4318459.693, 121
Trd, 4318460.593, 92
Trd, 4318461.143, 122
Trd, 4318461.343, 96
Trd, 4318461.593, 90
Trd, 4318463.143, 117
Trd, 4318464.043, 84
Trd, 4318465.593, 115
Trd, 4318465.943, 77
Trd, 4318466.093, 124
Trd, 4318466.743, 124
Trd, 4318467.843, 86
Trd, 4318468.843, 79
Trd, 4318469.043, 77
Trd, 4318469.193, 91
Trd, 4318470.143, 102
Trd, 4318471.043, 133
Trd, 4318471.443, 91
Trd, 4318471.693, 129
Trd, 4318472.843, 126
Trd, 4318473.043, 109
Trd, 4318474.143, 114
Trd, 4318475.193, 133
Trd, 4318476.593, 111
Trd, 4318476.793, 134
Trd, 4318477.393, 108
Trd, 4318477.643, 104
Trd, 4318478.893, 98
Trd, 4318479.093, 88
Trd, 4318481.493, 72
Trd, 4318481.543, 75
Trd, 4318482.143, 87
Trd, 4318482.543, 84
Trd, 4318482.743, 92
Trd, 4318483.193, 84
Trd, 4318483.493, 83
Trd, 4318484.043, 124
Trd, 4318485.443, 122
Trd, 4318485.493, 111
Trd, 4318485.893, 108
Trd, 4318487.543, 102
Trd, 4318488.443, 88
Trd, 4318489.043, 71
Trd, 4318491.993, 119
Trd, 4318492.093, 105
Trd, 4318492.793, 140
Trd, 4318493.193, 138
Trd, 4318493.543, 65
Trd, 4318494.393, 122
Trd, 4318494.843, 108
Trd, 4318495.843, 133
Trd, 4318496.443, 79
Trd, 4318497.393, 79
Trd, 4318497.543, 74
Trd, 4318498.293, 123
Trd, 4318498.393, 96
Trd, 4318498.893, 115
Trd, 4318500.093, 90
Trd, 4318501.393, 90
Trd, 4318501.443, 79
Trd, 4318501.643, 102
Trd, 4318502.743, 80
Trd, 4318503.743, 85
Trd, 4318504.543, 114
Trd, 4318505.343, 131
Trd, 4318505.843, 80
Trd, 4318506.143, 78
Trd, 4318507.343, 88
Trd, 4318507.943, 68
Trd, 4318508.493, 84
Trd, 4318508.543, 123
Trd, 4318509.043, 86
Trd, 4318510.493, 60
Trd, 4318510.943, 72
Trd, 4318511.493, 84
Trd, 4318514.693, 132
Trd, 4318514.843, 118
Trd, 4318514.943, 117
Trd, 4318515.943, 114
Trd, 4318517.493, 98
Trd, 4318517.843, 90
Trd, 4318517.993, 79
Trd, 4318520.093, 63
Trd, 4318520.793, 123
Trd, 4318521.993, 107
Trd, 4318523.543, 126
Trd, 4318524.643, 111
Trd, 4318524.743, 108
Trd, 4318524.943, 107
Trd, 4318525.043, 99
Trd, 4318525.193, 87
Trd, 4318527.843, 118
Trd, 4318528.043, 114
Trd, 4318528.193, 112
Trd, 4318529.943, 104
Trd, 4318530.193, 90
Trd, 4318531.143, 100
Trd, 4318531.243, 85
Trd, 4318531.343, 84
Trd, 4318531.943, 63
Trd, 4318532.943, 121
Trd, 4318533.643, 103
Trd, 4318534.393, 101
Trd, 4318534.543, 112
Trd, 4318535.593, 98
Trd, 4318537.243, 68
Trd, 4318538.793, 130
Trd, 4318539.393, 125
Trd, 4318539.443, 121
Trd, 4318539.493, 120
Trd, 4318540.193, 93
Trd, 4318541.593, 140
Trd, 4318542.143, 129
Trd, 4318543.293, 125
Trd, 4318544.043, 129
Trd, 4318544.193, 127
Trd, 4318545.743, 124
Trd, 4318545.993, 123
Trd, 4318546.043, 119
Trd, 4318547.493, 84
Trd, 4318547.793, 92
Trd, 4318548.793, 112
Trd, 4318549.693, 100
Trd, 4318551.893, 135
Trd, 4318552.293, 131
Trd, 4318552.943, 124
Trd, 4318552.993, 109
Trd, 4318553.143, 104
Trd, 4318553.343, 82
Trd, 4318554.243, 119
Trd, 4318554.843, 112
Trd, 4318555.143, 107
Trd, 4318555.843, 116
Trd, 4318556.393, 89
Trd, 4318557.343, 90
Trd, 4318558.493, 99
Trd, 4318558.693, 80
Trd, 4318559.393, 77
Trd, 4318561.093, 130
Trd, 4318561.143, 87
Trd, 4318562.293, 104
Trd, 4318562.693, 113
Trd, 4318562.993, 85
Trd, 4318564.593, 99
Trd, 4318565.243, 84
Trd, 4318566.293, 103
Trd, 4318567.243, 128
Trd, 4318567.443, 87
Trd, 4318567.993, 85
Trd, 4318568.243, 80
Trd, 4318568.993, 103
Trd, 4318570.293, 114
Trd, 4318570.793, 91
Trd, 4318571.593, 63
Trd, 4318571.843, 64
Trd, 4318573.393, 93
Trd, 4318573.643, 93
Trd, 4318573.943, 113
Trd, 4318574.693, 134
Trd, 4318574.993, 130
Trd, 4318576.543, 77
Trd, 4318576.743, 78
Trd, 4318577.643, 80
Trd, 4318577.693, 79
Trd, 4318578.193, 90
Trd, 4318578.643, 95
Trd, 4318578.993, 77
Trd, 4318580.293, 130
Trd, 4318582.643, 108
Trd, 4318583.693, 131
Trd, 4318583.993, 126
Trd, 4318584.643, 123
Trd, 4318585.343, 104
Trd, 4318587.393, 138
Trd, 4318587.743, 132
Trd, 4318587.843, 118
Trd, 4318587.893, 92
Trd, 4318590.243, 81
Trd, 4318590.893, 93
Trd, 4318591.393, 80
Trd, 4318592.793, 69
Trd, 4318593.243, 72
Trd, 4318593.693, 71
Trd, 4318594.843, 77
Trd, 4318594.893, 77
Trd, 4318595.743, 98
Trd, 4318595.893, 76
Trd, 4318598.143, 109
Trd, 4318598.293, 131
Trd, 4318598.343, 103
Trd, 4318598.393, 78
Trd, 4318599.493, 65
Trd, 4318599.693, 91
Trd, 4318600.393, 109
Trd, 4318600.543, 91
Trd, 4318601.393, 91
Trd, 4318601.693, 60
Trd, 4318603.043, 65
Trd, 4318603.643, 125
Trd, 4318604.243, 137
Trd, 4318605.593, 133
Trd, 4318605.643, 127
Trd, 4318606.343, 120
Trd, 4318606.893, 112
Trd, 4318607.443, 110
Trd, 4318608.143, 115
Trd, 4318608.543, 111
Trd, 4318608.743, 110
Trd, 4318608.943, 109
Trd, 4318609.143, 102
Trd, 4318611.793, 94
Trd, 4318612.243, 103
Trd, 4318612.293, 91
Trd, 4318612.843, 84
Trd, 4318612.993, 77
Trd, 4318613.593, 124
Trd, 4318614.543, 119
Trd, 4318614.743, 101
Trd, 4318615.343, 101
Trd, 4318615.943, 108
Trd, 4318617.443, 132
Trd, 4318617.893, 126
Trd, 4318618.343, 117
Trd, 4318618.843, 113
Trd, 4318620.193, 131
Trd, 4318620.643, 120
Trd, 4318621.493, 126
Trd, 4318622.493, 119
Trd, 4318622.743, 115
Trd, 4318623.493, 111
Trd, 4318623.593, 109
Trd, 4318625.143, 114
Trd, 4318625.643, 108
Trd, 4318626.093, 94
Trd, 4318626.293, 88
Trd, 4318627.093, 64
Trd, 4318627.593, 125
Trd, 4318628.593, 100
Trd, 4318629.793, 121
Trd, 4318630.093, 119
Trd, 4318630.543, 116
Trd, 4318630.793, 67
Trd, 4318631.043, 80
Trd, 4318631.943, 109
Trd, 4318632.043, 74
Trd, 4318633.143, 86
Trd, 4318633.443, 65
Trd, 4318634.993, 132
Trd, 4318636.243, 105
Trd, 4318637.843, 89
Trd, 4318638.693, 87
Trd, 4318638.943, 123
Trd, 4318639.543, 136
Trd, 4318639.643, 110
Trd, 4318640.093, 106
Trd, 4318640.643, 116
Trd, 4318640.943, 99
Trd, 4318642.243, 121
Trd, 4318643.893, 140
Trd, 4318644.593, 114
Trd, 4318644.943, 112
Trd, 4318645.093, 103
Trd, 4318645.293, 103
Trd, 4318646.643, 76
Trd, 4318647.343, 123
Trd, 4318647.493, 112
Trd, 4318649.043, 124
Trd, 4318649.193, 111
Trd, 4318649.643, 126
Trd, 4318651.043, 119
Trd, 4318651.193, 100
Trd, 4318651.643, 117
Trd, 4318652.293, 116
Trd, 4318652.943, 85
Trd, 4318653.593, 75
Trd, 4318654.243, 95
Trd, 4318654.693, 130
Trd, 4318655.393, 127
Trd, 4318655.793, 109
Trd, 4318657.693, 94
Trd, 4318657.943, 110
Trd, 4318658.043, 88
Trd, 4318658.593, 100
Trd, 4318659.443, 134
Trd, 4318659.593, 128
Trd, 4318660.793, 115
Trd, 4318661.293, 125
Trd, 4318661.793, 110
Trd, 4318662.393, 104
Trd, 4318663.343, 131
Trd, 4318663.793, 131
Trd, 4318664.193, 119
Trd, 4318664.343, 118
Trd, 4318664.593, 117
Trd, 4318666.243, 128
Trd, 4318666.493, 93
Trd, 4318666.543, 92
Trd, 4318667.993, 129
Trd, 4318668.943, 139
Trd, 4318669.743, 118
Trd, 4318669.993, 113
Trd, 4318670.043, 112
Trd, 4318670.643, 84
Trd, 4318671.293, 75
Trd, 4318672.043, 99
Trd, 4318672.593, 85
Trd, 4318673.043, 89
Trd, 4318673.193, 82
Trd, 4318674.843, 104
Trd, 4318674.943, 99
Trd, 4318676.043, 112
Trd, 4318676.093, 93
Trd, 4318676.493, 90
Trd, 4318677.943, 87
Trd, 4318678.993, 95
Trd, 4318679.643, 85
Trd, 4318680.243, 89
Trd, 4318680.343, 83
Trd, 4318681.343, 134
Trd, 4318682.393, 100
Trd, 4318683.043, 96
Trd, 4318684.743, 87
Trd, 4318684.793, 80
Trd, 4318686.543, 97
Trd, 4318686.893, 83
Trd, 4318687.243, 112
Trd, 4318688.593, 67
Trd, 4318689.993, 107
Trd, 4318690.043, 102
Trd, 4318690.893, 130
Trd, 4318691.243, 130
Trd, 4318693.843, 130
Trd, 4318693.893, 125
Trd, 4318693.943, 113
Trd, 4318694.293, 112
Trd, 4318695.593, 103
Trd, 4318697.043, 138
Trd, 4318697.443, 136
Trd, 4318697.943, 118
Trd, 4318698.493, 110
Trd, 4318698.593, 107
Trd, 4318699.143, 123
Trd, 4318699.393, 128
Trd, 4318700.543, 117
Trd, 4318701.043, 60
Trd, 4318702.243, 67
Trd, 4318702.843, 84
Trd, 4318703.743, 94
Trd, 4318704.643, 63
Trd, 4318705.293, 124
Trd, 4318706.543, 131
Trd, 4318706.593, 106
Trd, 4318708.743, 84
Trd, 4318709.243, 87
Trd, 4318709.293, 94
Trd, 4318710.793, 87
Trd, 4318711.293, 79
Trd, 4318711.443, 80
Trd, 4318712.243, 87
Trd, 4318713.343, 72
Trd, 4318714.393, 115
Trd, 4318714.893, 116
Trd, 4318715.243, 105
Trd, 4318715.493, 124
Trd, 4318716.593, 97
Trd, 4318716.993, 137
Trd, 4318717.393, 116
Trd, 4318719.693, 122
Trd, 4318720.243, 121
Trd, 4318720.293, 117
Trd, 4318720.493, 111
Trd, 4318721.193, 122
Trd, 4318721.493, 119
Trd, 4318722.343, 118
Trd, 4318723.793, 101
Trd, 4318725.343, 117
Trd, 4318725.793, 101
Trd, 4318726.443, 111
Trd, 4318727.443, 100
Trd, 4318727.643, 133
Trd, 4318728.293, 124
Trd, 4318728.993, 104
Trd, 4318730.143, 111
Trd, 4318731.143, 103
Trd, 4318731.343, 102
Trd, 4318733.143, 106
Trd, 4318733.443, 95
Trd, 4318733.843, 111
Trd, 4318734.843, 113
Trd, 4318736.243, 102
Trd, 4318738.493, 100
Trd, 4318738.543, 99
Trd, 4318738.593, 95
Trd, 4318739.293, 112
Trd, 4318739.793, 134
Trd, 4318739.943, 128
Trd, 4318741.393, 75
Trd, 4318742.093, 75
Trd, 4318742.543, 93
Trd, 4318743.943, 67
Trd, 4318744.043, 77
Trd, 4318745.293, 80
Trd, 4318746.343, 105
Trd, 4318746.893, 103
Trd, 4318747.393, 102
Trd, 4318747.943, 104
Trd, 4318747.993, 99
Trd, 4318748.293, 99
Trd, 4318749.293, 87
Trd, 4318749.443, 82
Trd, 4318750.193, 127
Trd, 4318751.243, 125
Trd, 4318751.793, 139
Trd, 4318752.193, 126
Trd, 4318752.593, 123
Trd, 4318752.743, 94
Trd, 4318753.993, 76
Trd, 4318754.143, 102
Trd, 4318756.643, 69
Trd, 4318757.743, 64
Trd, 4318759.193, 73
Trd, 4318760.643, 101
Trd, 4318760.693, 94
Trd, 4318761.343, 85
Trd, 4318763.293, 87
Trd, 4318763.493, 93
Trd, 4318763.543, 86
Trd, 4318763.693, 99
Trd, 4318763.993, 121
Trd, 4318764.693, 85
Trd, 4318766.443, 126
Trd, 4318767.393, 108
Trd, 4318768.443, 114
Trd, 4318769.043, 108
Trd, 4318769.193, 108
Trd, 4318769.293, 99
Trd, 4318770.243, 107
Trd, 4318773.843, 108
Trd, 4318773.943, 84
Trd, 4318774.293, 84
Trd, 4318774.943, 78
Trd, 4318775.543, 114
Trd, 4318777.243, 98
Trd, 4318777.693, 94
Trd, 4318778.343, 109
Trd, 4318778.443, 117
Trd, 4318779.593, 127
Trd, 4318780.243, 120
Trd, 4318781.093, 118
Trd, 4318781.693, 126
Trd, 4318781.943, 123
Trd, 4318782.693, 118
Trd, 4318783.643, 109
Trd, 4318783.993, 107
Trd, 4318784.293, 95
Trd, 4318784.693, 89
Trd, 4318787.243, 137
Trd, 4318787.543, 126
Trd, 4318788.943, 117
Trd, 4318789.643, 140
Trd, 4318789.743, 138
Trd, 4318791.293, 108
Trd, 4318793.443, 115
Trd, 4318793.793, 129
Trd, 4318794.043, 107
Trd, 4318794.293, 93
Trd, 4318794.943, 137
Trd, 4318795.543, 102
Trd, 4318795.793, 99
Trd, 4318797.043, 139
Trd, 4318797.493, 122
Trd, 4318797.993, 97
Trd, 4318798.593, 94
Trd, 4318800.843, 130
Trd, 4318801.843, 119
Trd, 4318801.893, 115
Trd, 4318801.943, 113
Trd, 4318802.143, 106
Trd, 4318804.343, 81
Trd, 4318804.943, 114
Trd, 4318805.043, 99
Trd, 4318805.393, 77
Trd, 4318805.493, 81
Trd, 4318806.243, 76
Trd, 4318806.493, 86
Trd, 4318806.743, 74
Trd, 4318807.143, 73
Trd, 4318808.143, 106
Trd, 4318808.443, 119
Trd, 4318809.243, 64
Trd, 4318810.243, 118
Trd, 4318811.093, 112
Trd, 4318812.243, 111
Trd, 4318813.293, 109
Trd, 4318813.693, 116
Trd, 4318814.393, 100
Trd, 4318814.743, 126
Trd, 4318816.193, 140
Trd, 4318816.993, 119
Trd, 4318817.943, 116
Trd, 4318818.493, 119
Trd, 4318818.693, 114
Trd, 4318819.193, 102
Trd, 4318819.943, 102
Trd, 4318820.293, 131
Trd, 4318820.693, 100
Trd, 4318821.743, 77
Trd, 4318823.093, 121
Trd, 4318825.093, 136
Trd, 4318825.893, 116
Trd, 4318826.443, 106
Trd, 4318826.593, 86
Trd, 4318826.993, 111
Trd, 4318827.643, 137
Trd, 4318828.293, 117
Trd, 4318828.893, 84
Trd, 4318829.543, 72
Trd, 4318830.643, 129
Trd, 4318831.493, 135
Trd, 4318832.643, 137
Trd, 4318833.193, 133
Trd, 4318833.293, 127
Trd, 4318833.593, 114
Trd, 4318835.143, 127
Trd, 4318835.393, 124
Trd, 4318835.893, 121
Trd, 4318836.343, 106
Trd, 4318838.393, 138
Trd, 4318838.743, 128
Trd, 4318838.843, 121
Trd, 4318839.493, 140
Trd, 4318840.093, 114
Trd, 4318841.193, 139
Trd, 4318842.393, 124
Trd, 4318842.593, 123
Trd, 4318843.043, 129
Trd, 4318843.243, 120
Trd, 4318843.843, 64
Trd, 4318844.043, 77
Trd, 4318844.493, 60
Trd, 4318844.843, 111
Trd, 4318845.943, 106
Trd, 4318846.243, 94
Trd, 4318847.393, 108
Trd, 4318847.693, 94
Trd, 4318847.893, 116
Trd, 4318848.943, 60
Trd, 4318850.093, 71
Trd, 4318850.243, 109
Trd, 4318850.843, 103
Trd, 4318851.693, 135
Trd, 4318853.093, 133
Trd, 4318853.393, 127
Trd, 4318854.593, 123
Trd, 4318855.743, 120
Trd, 4318856.193, 99
Trd, 4318856.593, 70
Trd, 4318856.793, 63
Trd, 4318858.043, 67
Trd, 4318858.943, 91
Trd, 4318859.393, 70
Trd, 4318860.093, 76
Trd, 4318861.393, 112
Trd, 4318862.443, 99
Trd, 4318862.593, 95
Trd, 4318863.643, 92
Trd, 4318863.843, 91
Trd, 4318863.993, 101
Trd, 4318864.543, 94
Trd, 4318864.893, 72
Trd, 4318865.543, 68
Trd, 4318865.843, 106
Trd, 4318868.843, 113
Trd, 4318869.693, 132
Trd, 4318869.743, 129
Trd, 4318870.143, 126
Trd, 4318870.993, 112
Trd, 4318871.093, 93
Trd, 4318871.543, 98
Trd, 4318871.793, 129
Trd, 4318872.843, 84
Trd, 4318873.443, 113
Trd, 4318874.693, 102
Trd, 4318875.143, 82
Trd, 4318875.243, 74
Trd, 4318876.943, 68
Trd, 4318877.093, 68
Trd, 4318877.143, 71
Trd, 4318878.393, 131
Trd, 4318878.893, 125
Trd, 4318879.043, 108
Trd, 4318879.693, 65
Trd, 4318880.243, 103
Trd, 4318880.993, 65
Trd, 4318881.693, 117
Trd, 4318882.093, 112
Trd, 4318882.793, 105
Trd, 4318883.743, 100
Trd, 4318884.043, 137
Trd, 4318885.143, 112
Trd, 4318885.693, 114
Trd, 4318886.343, 86
Trd, 4318887.793, 128
Trd, 4318888.393, 99
Trd, 4318889.293, 113
Trd, 4318889.443, 108
Trd, 4318890.593, 82
Trd, 4318892.693, 80
Trd, 4318893.593, 114
Trd, 4318893.943, 98
Trd, 4318894.243, 122
Trd, 4318894.893, 84
Trd, 4318895.943, 135
Trd, 4318896.593, 83
Trd, 4318897.793, 100
Trd, 4318898.643, 94
Trd, 4318898.943, 90
Trd, 4318899.843, 77
Trd, 4318900.093, 111
Trd, 4318900.193, 112
Trd, 4318900.493, 85
Trd, 4318901.793, 114
Trd, 4318902.393, 65
Trd, 4318903.843, 84
Trd, 4318904.243, 64
Trd, 4318904.993, 82
Trd, 4318906.093, 65
Trd, 4318907.143, 124
Trd, 4318907.243, 97
Trd, 4318908.193, 119
Trd, 4318909.243, 73
Trd, 4318909.643, 82
Trd, 4318910.743, 129
Trd, 4318911.443, 98
Trd, 4318912.293, 91
Trd, 4318912.793, 127
Trd, 4318913.993, 111
Trd, 4318914.093, 108
Trd, 4318914.293, 107
Trd, 4318914.543, 127
Trd, 4318914.993, 83
Trd, 4318915.343, 90
Trd, 4318917.343, 134
Trd, 4318917.593, 128
Trd, 4318917.693, 119
Trd, 4318917.993, 116
Trd, 4318919.843, 91
Trd, 4318920.443, 78
Trd, 4318920.793, 101
Trd, 4318920.993, 106
Trd, 4318923.293, 67
Trd, 4318924.143, 65
Trd, 4318924.993, 106
Trd, 4318926.643, 74
Trd, 4318926.693, 65
Trd, 4318927.093, 90
Trd, 4318927.243, 71
Trd, 4318928.443, 111
Trd, 4318928.993, 120
Trd, 4318929.393, 126
Trd, 4318929.493, 86
Trd, 4318930.243, 82
Trd, 4318930.343, 103
Trd, 4318930.543, 80
Trd, 4318931.643, 136
Trd, 4318932.043, 98
Trd, 4318932.143, 97
Trd, 4318935.093, 120
Trd, 4318935.393, 116
Trd, 4318935.893, 107
Trd, 4318936.043, 94
Trd, 4318936.693, 88
Trd, 4318937.743, 105
Trd, 4318938.043, 91
Trd, 4318938.393, 88
Trd, 4318941.143, 111
Trd, 4318941.243, 109
Trd, 4318942.593, 108
Trd, 4318942.993, 111
Trd, 4318943.593, 98
Trd, 4318944.743, 115
Trd, 4318945.043, 126
Trd, 4318945.593, 96
Trd, 4318946.393, 124
Trd, 4318947.243, 98
Trd, 4318948.243, 117
Trd, 4318948.943, 108
Trd, 4318949.693, 95
Trd, 4318951.043, 132
Trd, 4318951.443, 91
Trd, 4318951.793, 133
Trd, 4318952.243, 113
Trd, 4318953.643, 130
Trd, 4318953.693, 125
Trd, 4318955.193, 91
Trd, 4318955.393, 96
Trd, 4318956.143, 80
Trd, 4318956.643, 78
Trd, 4318957.643, 74
Trd, 4318958.043, 83
Trd, 4318959.393, 90
Trd, 4318960.143, 109
Trd, 4318960.643, 125
Trd, 4318961.443, 105
Trd, 4318963.293, 86
Trd, 4318963.593, 84
Trd, 4318963.843, 82
Trd, 4318966.193, 124
Trd, 4318966.693, 129
Trd, 4318967.343, 124
Trd, 4318967.793, 117
Trd, 4318969.293, 130
Trd, 4318969.843, 106
Trd, 4318970.493, 94
Trd, 4318970.993, 110
Trd, 4318972.243, 140
Trd, 4318972.293, 133
Trd, 4318974.143, 86
Trd, 4318974.343, 96
Trd, 4318974.743, 67
Trd, 4318975.393, 91
Trd, 4318977.093, 111
Trd, 4318977.343, 82
Trd, 4318979.243, 85
Trd, 4318979.393, 76
Trd, 4318980.293, 94
Trd, 4318980.843, 78
Trd, 4318981.343, 89
Trd, 4318983.243, 86
Trd, 4318983.443, 139
Trd, 4318984.143, 138
Trd, 4318984.943, 132
Trd, 4318985.043, 112
Trd, 4318985.493, 119
Trd, 4318986.543, 118
Trd, 4318987.493, 135
Trd, 4318988.043, 131
Trd, 4318988.143, 129
Trd, 4318988.693, 116
Trd, 4318988.743, 107
Trd, 4318989.993, 125
Trd, 4318991.743, 69
Trd, 4318992.243, 135
Trd, 4318993.143, 121
Trd, 4318993.693, 116
Trd, 4318995.093, 115
Trd, 4318995.243, 108
Trd, 4318995.593, 92
Trd, 4318996.543, 118
Trd, 4318997.193, 111
Trd, 4318997.493, 106
Trd, 4318997.943, 67
Trd, 4318998.693, 132
Trd, 4318999.093, 73
Trd, 4319000.043, 89
Trd, 4319000.443, 87
Trd, 4319002.593, 82
Trd, 4319002.693, 90
Trd, 4319003.643, 99
Trd, 4319004.243, 139
Trd, 4319005.343, 100
Trd, 4319005.443, 113
Trd, 4319006.243, 82
Trd, 4319007.193, 89
Trd, 4319007.743, 100
Trd, 4319009.143, 82
Trd, 4319009.593, 77
Trd, 4319009.893, 66
Trd, 4319011.243, 110
Trd, 4319013.743, 124
Trd, 4319014.243, 123
Trd, 4319014.643, 133
Trd, 4319015.293, 89
Trd, 4319015.493, 84
Trd, 4319015.693, 93
Trd, 4319017.743, 98
Trd, 4319019.043, 81
Trd, 4319019.793, 60
Trd, 4319020.493, 60
Trd, 4319021.243, 71
Trd, 4319021.643, 63
Trd, 4319022.643, 62
Trd, 4319022.793, 79
Trd, 4319023.343, 76
Trd, 4319024.443, 92
Trd, 4319025.143, 60
Trd, 4319025.843, 111
Trd, 4319027.343, 93
Trd, 4319029.343, 87
Trd, 4319029.693, 115
Trd, 4319030.043, 83
Trd, 4319031.093, 78
Trd, 4319031.893, 90
Trd, 4319032.043, 88
Trd, 4319032.443, 85
Trd, 4319033.793, 105
Trd, 4319033.993, 103
Trd, 4319034.143, 125
Trd, 4319034.293, 91
Trd, 4319035.093, 90
Trd, 4319035.993, 110
Trd, 4319036.993, 80
Trd, 4319037.243, 80
Trd, 4319037.643, 117
Trd, 4319038.193, 101
Trd, 4319038.443, 90
Trd, 4319039.543, 83
Trd, 4319039.893, 140
Trd, 4319040.593, 108
Trd, 4319041.393, 78
Trd, 4319041.843, 76
Trd, 4319042.643, 134
Trd, 4319043.093, 125
Trd, 4319043.693, 120
Trd, 4319044.393, 102
Trd, 4319044.993, 95
Trd, 4319046.043, 107
Trd, 4319046.393, 85
Trd, 4319046.493, 115
Trd, 4319047.143, 84
Trd, 4319048.493, 90
Trd, 4319049.343, 84
Trd, 4319049.543, 77
Trd, 4319050.193, 109
Trd, 4319050.343, 100
Trd, 4319051.743, 90
Trd, 4319052.143, 75
Trd, 4319054.443, 111
Trd, 4319055.043, 89
Trd, 4319055.443, 84
Trd, 4319056.093, 129
Trd, 4319056.293, 81
Trd, 4319056.693, 113
Trd, 4319058.893, 111
Trd, 4319059.043, 108
Trd, 4319060.093, 91
Trd, 4319060.193, 86
Trd, 4319061.143, 103
Trd, 4319061.293, 99
Trd, 4319061.543, 84
Trd, 4319064.043, 111
Trd, 4319064.243, 103
Trd, 4319064.293, 100
Trd, 4319065.993, 110
Trd, 4319066.043, 106
Trd, 4319066.693, 89
Trd, 4319067.093, 92
Trd, 4319067.193, 79
Trd, 4319068.093, 105
Trd, 4319068.593, 94
Trd, 4319068.893, 88
Trd, 4319069.643, 97
Trd, 4319070.843, 110
Trd, 4319071.243, 109
Trd, 4319072.643, 123
Trd, 4319073.043, 139
Trd, 4319074.093, 124
Trd, 4319074.993, 137
Trd, 4319076.543, 127
Trd, 4319076.743, 119
Trd, 4319077.443, 114
Trd, 4319077.843, 114
Trd, 4319078.093, 109
Trd, 4319079.243, 116
Trd, 4319079.593, 122
Trd, 4319080.443, 95
Trd, 4319081.243, 115
Trd, 4319081.443, 91
Trd, 4319082.043, 67
Trd, 4319083.093, 117
Trd, 4319083.593, 128
Trd, 4319083.643, 92
Trd, 4319084.243, 89
Trd, 4319084.943, 90
Trd, 4319085.543, 68
Trd, 4319086.693, 119
Trd, 4319087.243, 109
Trd, 4319087.493, 63
Trd, 4319087.643, 103
Trd, 4319090.093, 87
Trd, 4319090.593, 120
Trd, 4319090.893, 89
Trd, 4319091.193, 70
Trd, 4319091.993, 108
Trd, 4319092.443, 70
Trd, 4319092.993, 76
Trd, 4319094.243, 72
Trd, 4319094.893, 101
Trd, 4319095.393, 80
Trd, 4319096.943, 90
Trd, 4319097.093, 84
Trd, 4319097.443, 78
Trd, 4319098.243, 123
Trd, 4319098.693, 126
Trd, 4319098.843, 92
Trd, 4319100.393, 134
Trd, 4319100.693, 128
Trd, 4319101.543, 93
Trd, 4319102.543, 79
Trd, 4319103.643, 80
Trd, 4319104.893, 103
Trd, 4319106.543, 115
Trd, 4319106.643, 114
Trd, 4319107.693, 116
Trd, 4319108.843, 126
Trd, 4319108.943, 117
Trd, 4319109.793, 93
Trd, 4319109.843, 93
Trd, 4319110.293, 136
Trd, 4319111.193, 129
Trd, 4319112.893, 120
Trd, 4319114.093, 111
Trd, 4319114.193, 105
Trd, 4319115.543, 130
Trd, 4319115.643, 127
Trd, 4319116.493, 116
Trd, 4319117.093, 128
Trd, 4319117.893, 122
Trd, 4319119.243, 114
Trd, 4319119.993, 121
Trd, 4319120.393, 113
Trd, 4319122.393, 113
Trd, 4319123.693, 112
Trd, 4319124.443, 107
Trd, 4319124.843, 106
Trd, 4319125.743, 99
Trd, 4319126.793, 105
Trd, 4319127.143, 105
Trd, 4319127.393, 108
Trd, 4319128.543, 121
Trd, 4319129.843, 123
Trd, 4319130.743, 118
Trd, 4319132.293, 113
Trd, 4319132.643, 118
Trd, 4319132.793, 110
Trd, 4319132.843, 102
Trd, 4319132.893, 99
Trd, 4319133.643, 90
Trd, 4319134.193, 82
Trd, 4319135.793, 130
Trd, 4319137.143, 108
Trd, 4319137.393, 104
Trd, 4319137.443, 112
Trd, 4319137.593, 80
Trd, 4319137.843, 68
Trd, 4319139.293, 68
Trd, 4319139.643, 116
Trd, 4319140.093, 80
Trd, 4319140.393, 69
Trd, 4319142.143, 138
Trd, 4319143.293, 132
Trd, 4319144.293, 116
Trd, 4319145.293, 98
Trd, 4319145.943, 84
Trd, 4319146.043, 113
Trd, 4319146.093, 83
Trd, 4319146.193, 131
Trd, 4319147.843, 102
Trd, 4319148.093, 121
Trd, 4319149.593, 64
Trd, 4319149.643, 66
Trd, 4319150.793, 60
Trd, 4319152.543, 100
Trd, 4319152.793, 122
Trd, 4319153.193, 78
Trd, 4319154.143, 73
Trd, 4319154.393, 120
Trd, 4319155.293, 114
Trd, 4319156.143, 101
Trd, 4319156.843, 93
Trd, 4319156.993, 91
Trd, 4319157.993, 109
Trd, 4319159.243, 106
Trd, 4319159.593, 101
Trd, 4319160.693, 103
Trd, 4319160.893, 96
Trd, 4319162.143, 84
Trd, 4319162.993, 104
Trd, 4319163.143, 87
Trd, 4319163.893, 98
Trd, 4319164.293, 77
Trd, 4319164.943, 128
Trd, 4319164.993, 111
Trd, 4319167.193, 124
Trd, 4319167.593, 140
Trd, 4319168.343, 115
Trd, 4319170.193, 134
Trd, 4319170.343, 117
Trd, 4319170.493, 102
Trd, 4319170.793, 103
Trd, 4319171.943, 137
Trd, 4319173.043, 130
Trd, 4319174.843, 116
Trd, 4319174.943, 114
Trd, 4319175.143, 110
Trd, 4319175.193, 102
Trd, 4319176.443, 119
Trd, 4319176.493, 116
Trd, 4319177.143, 129
Trd, 4319177.443, 110
Trd, 4319178.343, 96
Trd, 4319178.643, 88
Trd, 4319179.493, 80
Trd, 4319181.243, 99
Trd, 4319181.643, 84
Trd, 4319182.543, 111
Trd, 4319182.843, 125
Trd, 4319183.093, 104
Trd, 4319183.493, 100
Trd, 4319183.943, 67
Trd, 4319185.193, 79
Trd, 4319185.743, 67
Trd, 4319185.893, 75
Trd, 4319187.043, 68
Trd, 4319188.343, 72
Trd, 4319189.993, 135
Trd, 4319190.093, 108
Trd, 4319190.743, 114
Trd, 4319190.943, 112
Trd, 4319192.593, 64
Trd, 4319193.043, 95
Trd, 4319194.193, 79
Trd, 4319194.343, 101
Trd, 4319195.243, 80
Trd, 4319197.093, 75
Trd, 4319197.743, 120
Trd, 4319197.793, 116
Trd, 4319198.193, 76
Trd, 4319199.193, 61
Trd, 4319199.493, 67
Trd, 4319201.043, 82
Trd, 4319201.593, 82
Trd, 4319202.293, 85
Trd, 4319203.243, 81
Trd, 4319204.693, 130
Trd, 4319205.093, 130
Trd, 4319205.193, 84
Trd, 4319205.943, 119
Trd, 4319206.593, 113
Trd, 4319207.143, 125
Trd, 4319207.393, 120
Trd, 4319207.993, 129
Trd, 4319209.093, 130
Trd, 4319209.743, 133
Trd, 4319209.793, 130
Trd, 4319210.693, 112
Trd, 4319211.543, 98
Trd, 4319213.243, 138
Trd, 4319213.593, 119
Trd, 4319213.643, 112
Trd, 4319213.743, 107
Trd, 4319214.893, 127
Trd, 4319215.193, 124
Trd, 4319215.393, 119
Trd, 4319216.693, 107
Trd, 4319217.593, 98
Trd, 4319218.193, 114
Trd, 4319218.293, 101
Trd, 4319219.143, 85
Trd, 4319219.843, 102
Trd, 4319220.093, 101
Trd, 4319220.843, 112
Trd, 4319221.793, 119
Trd, 4319222.543, 122
Trd, 4319222.643, 126
Trd, 4319223.943, 134
Trd, 4319223.993, 116
Trd, 4319225.493, 105
Trd, 4319226.893, 65
Trd, 4319227.893, 127
Trd, 4319228.493, 122
Trd, 4319228.993, 119
Trd, 4319230.793, 125
Trd, 4319231.293, 114
Trd, 4319231.393, 106
Trd, 4319231.943, 101
Trd, 4319233.893, 130
Trd, 4319235.493, 92
Trd, 4319236.043, 89
Trd, 4319236.493, 78
Trd, 4319236.693, 72
Trd, 4319236.993, 89
Trd, 4319237.343, 130
Trd, 4319240.343, 108
Trd, 4319240.493, 128
Trd, 4319240.543, 90
Trd, 4319242.293, 107
Trd, 4319242.493, 107
Trd, 4319243.893, 105
Trd, 4319243.943, 91
Trd, 4319244.443, 112
Trd, 4319244.793, 113
Trd, 4319244.893, 115
Trd, 4319245.143, 94
Trd, 4319245.793, 104
Trd, 4319246.593, 120
Trd, 4319246.793, 89
Trd, 4319248.493, 128
Trd, 4319248.593, 81
Trd, 4319248.693, 76
Trd, 4319249.343, 98
Trd, 4319249.493, 99
Trd, 4319251.043, 123
Trd, 4319251.193, 72
Trd, 4319251.643, 132
Trd, 4319253.943, 110
Trd, 4319254.943, 77
Trd, 4319256.043, 65
Trd, 4319256.393, 76
Trd, 4319256.993, 71
Trd, 4319257.693, 63
Trd, 4319258.743, 64
Trd, 4319260.093, 82
Trd, 4319260.143, 117
Trd, 4319261.793, 78
Trd, 4319261.893, 99
Trd, 4319262.343, 91
Trd, 4319262.443, 90
Trd, 4319262.543, 119
Trd, 4319263.993, 92
Trd, 4319264.243, 91
Trd, 4319265.093, 131
Trd, 4319267.843, 71
Trd, 4319268.293, 127
Trd, 4319269.043, 114
Trd, 4319269.793, 106
Trd, 4319271.793, 98
Trd, 4319272.593, 132
Trd, 4319273.443, 108
Trd, 4319274.843, 117
Trd, 4319275.793, 110
Trd, 4319275.943, 92
Trd, 4319277.143, 85
Trd, 4319277.343, 77
Trd, 4319277.643, 104
Trd, 4319278.593, 99
Trd, 4319279.093, 101
Trd, 4319279.543, 110
Trd, 4319280.093, 106
Trd, 4319280.993, 132
Trd, 4319282.943, 84
Trd, 4319283.093, 80
Trd, 4319284.593, 132
Trd, 4319285.343, 134
Trd, 4319287.043, 110
Trd, 4319288.443, 131
Trd, 4319288.493, 129
Trd, 4319288.643, 98
Trd, 4319291.043, 123
Trd, 4319291.643, 119
Trd, 4319292.143, 119
Trd, 4319292.293, 91
Trd, 4319292.743, 107
Trd, 4319293.193, 103
Trd, 4319293.493, 93
Trd, 4319293.693, 110
Trd, 4319294.043, 87
Trd, 4319295.793, 66
Trd, 4319296.443, 98
Trd, 4319297.193, 80
Trd, 4319297.443, 113
Trd, 4319298.343, 104
Trd, 4319300.043, 101
Trd, 4319300.793, 78
Trd, 4319301.393, 95
Trd, 4319303.843, 138
Trd, 4319304.243, 120
Trd, 4319304.693, 117
Trd, 4319305.293, 112
Trd, 4319305.393, 103
Trd, 4319305.743, 84
Trd, 4319306.243, 134
Trd, 4319306.743, 135
Trd, 4319307.793, 69
Trd, 4319308.243, 137
Trd, 4319309.243, 103
Trd, 4319310.193, 62
Trd, 4319311.343, 95
Trd, 4319312.393, 62
Trd, 4319313.043, 80
Trd, 4319313.293, 85
Trd, 4319313.493, 79
Trd, 4319314.193, 116
Trd, 4319314.743, 118
Trd, 4319315.293, 87
Trd, 4319315.843, 79
Trd, 4319315.943, 75
Trd, 4319316.693, 132
Trd, 4319317.993, 99
Trd, 4319319.293, 100
Trd, 4319319.843, 94
Trd, 4319320.293, 92
Trd, 4319320.643, 82
Trd, 4319321.793, 98
Trd, 4319322.743, 68
Trd, 4319326.143, 126
Trd, 4319326.693, 101
Trd, 4319326.793, 113
Trd, 4319326.993, 99
Trd, 4319327.093, 95
Trd, 4319327.193, 92
Trd, 4319327.293, 87
Trd, 4319327.443, 103
Trd, 4319329.443, 60
Trd, 4319330.943, 134
Trd, 4319331.893, 117
Trd, 4319331.993, 114
Trd, 4319332.893, 135
Trd, 4319333.543, 126
Trd, 4319333.793, 120
Trd, 4319334.993, 124
Trd, 4319336.243, 114
Trd, 4319336.443, 139
Trd, 4319337.743, 117
Trd, 4319338.143, 122
Trd, 4319338.243, 116
Trd, 4319338.293, 113
Trd, 4319339.193, 120
Trd, 4319340.443, 89
Trd, 4319340.593, 112
Trd, 4319340.643, 135
Trd, 4319341.393, 98
Trd, 4319343.193, 90
Trd, 4319343.543, 99
Trd, 4319343.643, 89
Trd, 4319344.643, 128
Trd, 4319345.443, 138
Trd, 4319347.143, 111
Trd, 4319347.443, 119
Trd, 4319348.093, 107
Trd, 4319348.593, 104
Trd, 4319349.793, 90
Trd, 4319350.443, 113
Trd, 4319351.743, 125
Trd, 4319352.243, 119
Trd, 4319353.343, 128
Trd, 4319354.293, 125
Trd, 4319354.543, 117
Trd, 4319354.743, 92
Trd, 4319354.893, 66
Trd, 4319354.943, 105
Trd, 4319355.693, 77
Trd, 4319356.143, 131
Trd, 4319358.343, 85
Trd, 4319358.493, 83
Trd, 4319360.043, 130
Trd, 4319360.293, 137
Trd, 4319360.693, 131
Trd, 4319360.743, 116
Trd, 4319362.193, 100
Trd, 4319363.893, 134
Trd, 4319364.793, 122
Trd, 4319364.843, 112
Trd, 4319365.293, 89
Trd, 4319366.293, 104
Trd, 4319366.543, 108
Trd, 4319367.543, 94
Trd, 4319368.093, 109
Trd, 4319369.393, 90
Trd, 4319370.593, 90
Trd, 4319371.343, 83
Trd, 4319371.793, 78
Trd, 4319371.843, 82
Trd, 4319372.493, 95
Trd, 4319372.743, 129
Trd, 4319373.343, 93
Trd, 4319375.043, 131
Trd, 4319375.193, 128
Trd, 4319376.243, 62
Trd, 4319376.493, 88
Trd, 4319376.693, 99
Trd, 4319377.593, 128
Trd, 4319377.643, 75
Trd, 4319378.143, 127
Trd, 4319379.093, 84
Trd, 4319381.243, 93
Trd, 4319381.443, 87
Trd, 4319382.443, 106
Trd, 4319382.643, 105
Trd, 4319383.543, 120
Trd, 4319383.643, 101
Trd, 4319384.193, 101
Trd, 4319387.393, 118
Trd, 4319387.443, 115
Trd, 4319387.643, 114
Trd, 4319387.743, 106
Trd, 4319387.943, 102
Trd, 4319388.043, 115
Trd, 4319388.193, 98
Trd, 4319388.443, 77
Trd, 4319389.893, 106
Trd, 4319389.993, 87
Trd, 4319391.343, 88
Trd, 4319392.243, 89
Trd, 4319392.893, 105
Trd, 4319393.643, 106
Trd, 4319396.143, 132
Trd, 4319396.393, 117
Trd, 4319396.493, 115
Trd, 4319396.743, 106
Trd, 4319397.493, 63
Trd, 4319400.093, 101
Trd, 4319400.243, 101
Trd, 4319400.393, 88
Trd, 4319401.043, 85
Trd, 4319401.293, 97
Trd, 4319402.243, 94
Trd, 4319402.843, 100
Trd, 4319403.893, 116
Trd, 4319405.543, 102
Trd, 4319407.143, 103
Trd, 4319407.193, 99
Trd, 4319407.243, 89
Trd, 4319407.693, 82
Trd, 4319408.543, 84
Trd, 4319408.593, 97
Trd, 4319409.543, 132
Trd, 4319410.093, 129
Trd, 4319410.293, 126
Trd, 4319410.743, 107
Trd, 4319412.393, 137
Trd, 4319413.143, 106
Trd, 4319413.593, 103
Trd, 4319414.743, 99
Trd, 4319414.843, 105
Trd, 4319415.843, 128
Trd, 4319416.893, 93
Trd, 4319418.543, 121
Trd, 4319419.143, 116
Trd, 4319419.443, 114
Trd, 4319419.493, 104
Trd, 4319419.943, 97
Trd, 4319420.243, 122
Trd, 4319420.743, 130
Trd, 4319420.993, 122
Trd, 4319422.543, 103
Trd, 4319422.943, 136
Trd, 4319423.493, 89
Trd, 4319423.543, 88
Trd, 4319423.793, 88
Trd, 4319423.893, 82
Trd, 4319427.043, 120
Trd, 4319429.343, 127
Trd, 4319429.643, 120
Trd, 4319429.793, 90
Trd, 4319430.543, 89
Trd, 4319430.943, 81
Trd, 4319431.093, 79
Trd, 4319432.643, 125
Trd, 4319432.943, 111
Trd, 4319434.293, 126
Trd, 4319434.693, 105
Trd, 4319436.743, 125
Trd, 4319437.693, 96
Trd, 4319437.843, 87
Trd, 4319439.193, 78
Trd, 4319440.693, 127
Trd, 4319441.043, 114
Trd, 4319441.093, 112
Trd, 4319442.843, 112
Trd, 4319443.543, 127
Trd, 4319444.493, 124
Trd, 4319445.093, 127
Trd, 4319445.193, 114
Trd, 4319445.793, 114
Trd, 4319446.343, 100
Trd, 4319446.893, 112
Trd, 4319447.543, 103
Trd, 4319449.443, 139
Trd, 4319449.743, 127
Trd, 4319449.943, 93
Trd, 4319452.193, 131
Trd, 4319452.843, 113
Trd, 4319453.143, 95
Trd, 4319453.543, 82
Trd, 4319453.693, 86
Trd, 4319453.993, 65
Trd, 4319454.493, 63
Trd, 4319455.093, 89
Trd, 4319455.393, 92
Trd, 4319455.543, 79
Trd, 4319455.593, 96
Trd, 4319457.643, 90
Trd, 4319457.693, 88
Trd, 4319457.843, 87
Trd, 4319458.793, 113
Trd, 4319459.043, 106
Trd, 4319461.843, 123
Trd, 4319462.593, 129
Trd, 4319463.093, 126
Trd, 4319463.243, 116
Trd, 4319463.843, 104
Trd, 4319464.093, 108
Trd, 4319464.543, 104
Trd, 4319466.043, 86
Trd, 4319466.893, 84
Trd, 4319467.943, 79
Trd, 4319468.193, 77
Trd, 4319469.393, 68
Trd, 4319469.543, 88
Trd, 4319470.843, 117
Trd, 4319471.793, 97
Trd, 4319472.443, 104
Trd, 4319472.543, 84
Trd, 4319473.993, 119
Trd, 4319475.293, 106
Trd, 4319475.793, 122
Trd, 4319475.943, 83
Trd, 4319476.693, 110
Trd, 4319476.843, 116
Trd, 4319477.543, 134
Trd, 4319478.293, 128
Trd, 4319478.693, 133
Trd, 4319478.943, 107
Trd, 4319479.793, 89
Trd, 4319481.893, 72
Trd, 4319482.393, 84
Trd, 4319482.993, 89
Trd, 4319484.743, 129
Trd, 4319485.993, 61
Trd, 4319486.893, 69
Trd, 4319487.143, 118
Trd, 4319487.793, 93
Trd, 4319489.143, 77
Trd, 4319489.543, 87
Trd, 4319489.793, 101
Trd, 4319490.943, 81
Trd, 4319492.593, 78
Trd, 4319494.693, 75
Trd, 4319495.693, 81
Trd, 4319495.893, 91
Trd, 4319495.943, 74
Trd, 4319496.693, 96
Trd, 4319497.893, 118
Trd, 4319498.243, 88
Trd, 4319499.043, 92
Trd, 4319499.943, 65
Trd, 4319500.093, 65
Trd, 4319500.643, 82
Trd, 4319501.593, 65
Trd, 4319501.793, 64
Trd, 4319502.893, 136
Trd, 4319503.093, 110
Trd, 4319505.343, 136
Trd, 4319505.943, 133
Trd, 4319506.043, 132
Trd, 4319506.843, 127
Trd, 4319509.443, 108
Trd, 4319509.643, 110
Trd, 4319510.243, 108
Trd, 4319511.093, 67
Trd, 4319511.393, 128
Trd, 4319511.893, 130
Trd, 4319512.143, 127
Trd, 4319513.243, 96
Trd, 4319513.443, 86
Trd, 4319514.543, 123
Trd, 4319515.693, 130
Trd, 4319515.993, 81
Trd, 4319516.343, 90
Trd, 4319516.493, 96
Trd, 4319518.093, 78
Trd, 4319518.743, 84
Trd, 4319519.243, 80
Trd, 4319519.993, 69
Trd, 4319521.193, 83
Trd, 4319521.743, 89
Trd, 4319522.143, 90
Trd, 4319524.243, 81
Trd, 4319524.393, 106
Trd, 4319525.593, 94
Trd, 4319525.843, 94
Trd, 4319526.093, 113
Trd, 4319526.893, 114
Trd, 4319526.943, 92
Trd, 4319528.343, 114
Trd, 4319529.493, 62
Trd, 4319530.793, 108
Trd, 4319531.493, 103
Trd, 4319531.993, 121
Trd, 4319532.393, 99
Trd, 4319533.193, 112
Trd, 4319533.243, 86
Trd, 4319533.493, 83
Trd, 4319534.143, 113
Trd, 4319534.693, 91
Trd, 4319536.493, 70
Trd, 4319537.443, 87
Trd, 4319538.093, 61
Trd, 4319538.193, 114
Trd, 4319539.593, 69
Trd, 4319540.243, 124
Trd, 4319540.393, 116
Trd, 4319541.643, 125
Trd, 4319541.943, 119
Trd, 4319542.193, 126
Trd, 4319542.393, 116
Trd, 4319544.193, 129
Trd, 4319544.893, 119
Trd, 4319545.343, 79
Trd, 4319546.543, 116
Trd, 4319546.943, 88
Trd, 4319547.143, 111
Trd, 4319547.443, 114
Trd, 4319549.443, 86
Trd, 4319549.543, 83
Trd, 4319550.093, 65
Trd, 4319550.193, 92
Trd, 4319551.493, 76
Trd, 4319551.743, 95
Trd, 4319554.643, 101
Trd, 4319555.693, 99
Trd, 4319555.943, 97
Trd, 4319556.343, 97
Trd, 4319556.493, 86
Trd, 4319556.693, 83
Trd, 4319557.043, 132
Trd, 4319557.293, 126
Trd, 4319557.843, 114
Trd, 4319560.193, 103
Trd, 4319560.943, 102
Trd, 4319562.193, 102
Trd, 4319562.393, 86
Trd, 4319562.493, 85
Trd, 4319563.193, 123
Trd, 4319563.243, 105
Trd, 4319566.343, 136
Trd, 4319566.643, 137
Trd, 4319567.193, 132
Trd, 4319567.543, 118
Trd, 4319567.743, 105
Trd, 4319569.093, 68
Trd, 4319570.193, 62
Trd, 4319570.793, 62
Trd, 4319570.993, 62
Trd, 4319571.093, 68
Trd, 4319571.793, 129
Trd, 4319572.393, 103
Trd, 4319572.693, 101
Trd, 4319573.443, 113
Trd, 4319575.043, 71
Trd, 4319576.343, 110
Trd, 4319576.593, 107
Trd, 4319576.943, 105
Trd, 4319577.193, 130
Trd, 4319577.343, 94
Trd, 4319578.443, 86
Trd, 4319579.743, 97
Trd, 4319580.293, 101
Trd, 4319580.743, 91
Trd, 4319580.793, 85
Trd, 4319581.093, 77
Trd, 4319581.743, 73
Trd, 4319582.543, 135
Trd, 4319583.093, 96
Trd, 4319584.143, 89
Trd, 4319585.793, 110
Trd, 4319586.543, 109
Trd, 4319587.993, 92
Trd, 4319588.893, 76
Trd, 4319589.093, 82
Trd, 4319590.093, 102
Trd, 4319590.743, 123
Trd, 4319591.843, 103
Trd, 4319592.843, 95
Trd, 4319593.293, 123
Trd, 4319594.093, 94
Trd, 4319594.743, 94
Trd, 4319596.093, 70
Trd, 4319596.493, 69
Trd, 4319597.143, 63
Trd, 4319597.493, 64
Trd, 4319598.893, 70
Trd, 4319599.243, 133
Trd, 4319599.643, 67
Trd, 4319600.443, 131
Trd, 4319600.843, 123
Trd, 4319600.943, 123
Trd, 4319602.393, 126
Trd, 4319602.593, 121
Trd, 4319602.993, 118
Trd, 4319603.493, 106
Trd, 4319603.993, 123
Trd, 4319604.043, 99
Trd, 4319604.693, 96
Trd, 4319604.743, 72
Trd, 4319607.443, 97
Trd, 4319609.143, 132
Trd, 4319609.293, 119
Trd, 4319610.443, 119
Trd, 4319611.093, 98
Trd, 4319611.143, 94
Trd, 4319611.493, 76
Trd, 4319612.443, 103
Trd, 4319613.743, 67
Trd, 4319615.343, 75
Trd, 4319615.593, 75
Trd, 4319615.943, 77
Trd, 4319617.043, 116
Trd, 4319617.593, 83
Trd, 4319617.843, 68
Trd, 4319618.593, 127
Trd, 4319619.393, 117
Trd, 4319619.643, 103
Trd, 4319620.143, 97
Trd, 4319621.293, 105
Trd, 4319621.493, 140
Trd, 4319623.493, 86
Trd, 4319623.593, 102
Trd, 4319624.393, 97
Trd, 4319624.793, 90
Trd, 4319625.493, 133
Trd, 4319625.543, 119
Trd, 4319626.193, 129
Trd, 4319626.893, 130
Trd, 4319628.743, 118
Trd, 4319629.893, 118
Trd, 4319629.993, 110
Trd, 4319632.043, 119
Trd, 4319632.893, 139
Trd, 4319633.243, 127
Trd, 4319633.643, 139
Trd, 4319634.993, 124
Trd, 4319635.393, 115
Trd, 4319636.893, 102
Trd, 4319638.943, 133
Trd, 4319640.193, 134
Trd, 4319640.743, 123
Trd, 4319641.943, 138
Trd, 4319641.993, 120
Trd, 4319642.143, 117
Trd, 4319643.143, 117
Trd, 4319643.943, 108
Trd, 4319644.543, 122
Trd, 4319644.943, 132
Trd, 4319645.593, 119
Trd, 4319645.843, 115
Trd, 4319648.393, 102
Trd, 4319648.443, 102
Trd, 4319649.043, 107
Trd, 4319649.493, 120
Trd, 4319649.693, 117
Trd, 4319650.543, 105
Trd, 4319650.643, 131
Trd, 4319650.793, 105
Trd, 4319651.093, 120
Trd, 4319651.543, 104
Trd, 4319651.743, 99
Trd, 4319652.543, 70
Trd, 4319654.293, 132
Trd, 4319655.143, 122
Trd, 4319655.793, 109
Trd, 4319656.043, 106
Trd, 4319657.143, 115
Trd, 4319657.543, 93
Trd, 4319658.543, 114
Trd, 4319658.643, 130
Trd, 4319658.943, 91
Trd, 4319659.393, 86
Trd, 4319660.493, 78
Trd, 4319661.043, 66
Trd, 4319662.193, 62
Trd, 4319662.543, 95
Trd, 4319663.193, 112
Trd, 4319664.443, 126
Trd, 4319665.543, 125
Trd, 4319665.743, 118
Trd, 4319665.993, 114
Trd, 4319666.243, 119
Trd, 4319666.993, 106
Trd, 4319668.643, 126
Trd, 4319669.393, 93
Trd, 4319670.543, 111
Trd, 4319670.843, 96
Trd, 4319671.693, 92
Trd, 4319672.493, 98
Trd, 4319672.693, 100
Trd, 4319673.443, 60
Trd, 4319673.693, 92
Trd, 4319674.343, 100
Trd, 4319674.943, 128
Trd, 4319675.743, 84
Trd, 4319676.543, 103
Trd, 4319677.193, 75
Trd, 4319677.543, 73
Trd, 4319678.343, 115
Trd, 4319680.943, 119
Trd, 4319681.793, 132
Trd, 4319682.043, 126
Trd, 4319682.243, 126
Trd, 4319682.443, 116
Trd, 4319683.793, 99
Trd, 4319683.893, 121
Trd, 4319684.793, 96
Trd, 4319685.343, 94
Trd, 4319685.843, 83
Trd, 4319686.193, 83
Trd, 4319687.543, 138
Trd, 4319687.693, 119
Trd, 4319688.893, 61
Trd, 4319690.593, 62
Trd, 4319690.843, 63
Trd, 4319691.143, 60
Trd, 4319692.493, 128
Trd, 4319693.343, 104
Trd, 4319693.543, 101
Trd, 4319693.893, 97
Trd, 4319695.793, 98
Trd, 4319696.943, 93
Trd, 4319697.043, 112
Trd, 4319697.493, 101
Trd, 4319698.593, 131
Trd, 4319698.743, 113
Trd, 4319698.793, 110
Trd, 4319701.193, 60
Trd, 4319701.343, 62
Trd, 4319701.843, 64
Trd, 4319702.143, 89
Trd, 4319702.893, 127
Trd, 4319703.843, 113
Trd, 4319704.893, 116
Trd, 4319705.043, 105
Trd, 4319706.393, 101
Trd, 4319706.543, 93
Trd, 4319706.843, 99
Trd, 4319707.143, 121
Trd, 4319707.993, 102
Trd, 4319709.293, 88
Trd, 4319709.543, 85
Trd, 4319709.993, 97
Trd, 4319710.543, 84
Trd, 4319711.443, 72
Trd, 4319712.443, 125
Trd, 4319713.443, 103
Trd, 4319715.493, 93
Trd, 4319715.793, 113
Trd, 4319716.743, 98
Trd, 4319716.843, 108
Trd, 4319717.193, 117
Trd, 4319717.343, 88
Trd, 4319719.093, 135
Trd, 4319719.193, 129
Trd, 4319719.443, 117
Trd, 4319720.593, 100
Trd, 4319721.393, 98
Trd, 4319721.493, 102
Trd, 4319722.393, 89
Trd, 4319722.443, 69
Trd, 4319723.193, 85
Trd, 4319723.443, 74
Trd, 4319723.843, 74
Trd, 4319724.643, 64
Trd, 4319724.893, 66
Trd, 4319728.093, 140
Trd, 4319728.393, 135
Trd, 4319728.793, 129
Trd, 4319728.893, 126
Trd, 4319729.493, 73
Trd, 4319729.843, 64
Trd, 4319730.693, 124
Trd, 4319731.393, 68
Trd, 4319732.543, 90
Trd, 4319732.843, 78
Trd, 4319733.943, 127
Trd, 4319734.143, 68
Trd, 4319734.543, 102
Trd, 4319735.243, 99
Trd, 4319736.493, 132
Trd, 4319736.743, 120
Trd, 4319738.643, 87
Trd, 4319739.843, 82
Trd, 4319739.943, 95
Trd, 4319740.293, 129
Trd, 4319741.143, 79
Trd, 4319742.293, 64
Trd, 4319743.843, 112
Trd, 4319745.193, 63
Trd, 4319745.243, 132
Trd, 4319745.743, 121
Trd, 4319745.843, 77
Trd, 4319746.543, 62
Trd, 4319749.193, 81
Trd, 4319749.543, 79
Trd, 4319749.693, 95
Trd, 4319749.793, 98
Trd, 4319750.493, 137
Trd, 4319751.393, 133
Trd, 4319751.543, 119
Trd, 4319751.643, 113
Trd, 4319752.343, 100
Trd, 4319753.243, 70
Trd, 4319753.343, 109
Trd, 4319753.493, 130
Trd, 4319754.243, 71
Trd, 4319754.443, 76
Trd, 4319755.993, 79
Trd, 4319757.743, 69
Trd, 4319757.893, 73
Trd, 4319758.243, 77
Trd, 4319760.093, 103
Trd, 4319760.193, 100
Trd, 4319760.543, 113
Trd, 4319761.143, 110
Trd, 4319761.893, 103
Trd, 4319762.243, 100
Trd, 4319763.293, 140
Trd, 4319763.893, 127
Trd, 4319766.343, 88
Trd, 4319767.043, 110
Trd, 4319768.243, 132
Trd, 4319768.543, 104
Trd, 4319769.143, 80
Trd, 4319770.143, 130
Trd, 4319771.093, 116
Trd, 4319771.643, 91
Trd, 4319772.143, 67
Trd, 4319772.743, 125
Trd, 4319773.293, 65
Trd, 4319774.943, 81
Trd, 4319775.393, 77
Trd, 4319776.443, 119
Trd, 4319777.843, 100
Trd, 4319777.893, 86
Trd, 4319778.243, 101
Trd, 4319778.543, 81
Trd, 4319779.143, 85
Trd, 4319779.843, 135
Trd, 4319781.093, 129
Trd, 4319781.243, 124
Trd, 4319782.043, 101
Trd, 4319782.093, 90
Trd, 4319783.793, 62
Trd, 4319784.443, 75
Trd, 4319784.843, 94
Trd, 4319785.143, 106
Trd, 4319785.593, 73
Trd, 4319786.143, 88
Trd, 4319786.293, 74
Trd, 4319787.043, 71
Trd, 4319787.493, 65
Trd, 4319789.043, 118
Trd, 4319789.543, 129
Trd, 4319789.993, 97
Trd, 4319790.793, 111
Trd, 4319791.043, 69
Trd, 4319791.193, 139
Trd, 4319792.043, 95
Trd, 4319792.543, 109
Trd, 4319793.393, 61
Trd, 4319793.943, 95
Trd, 4319795.393, 62
Trd, 4319796.393, 76
Trd, 4319796.793, 77
Trd, 4319797.193, 96
Trd, 4319798.643, 121
Trd, 4319799.843, 111
Trd, 4319801.043, 135
Trd, 4319801.143, 119
Trd, 4319801.293, 110
Trd, 4319802.743, 129
Trd, 4319803.643, 128
Trd, 4319804.693, 132
Trd, 4319805.493, 125
Trd, 4319806.093, 126
Trd, 4319806.893, 131
Trd, 4319806.993, 130
Trd, 4319807.143, 127
Trd, 4319807.293, 113
Trd, 4319808.293, 137
Trd, 4319808.643, 128
Trd, 4319809.943, 105
Trd, 4319810.593, 111
Trd, 4319810.643, 109
Trd, 4319811.793, 114
Trd, 4319812.043, 61
Trd, 4319812.843, 60
Trd, 4319813.343, 64
Trd, 4319815.643, 86
Trd, 4319815.743, 81
Trd, 4319815.993, 96
Trd, 4319816.093, 132
Trd, 4319816.443, 63
Trd, 4319817.843, 107
Trd, 4319818.243, 104
Trd, 4319818.743, 60
Trd, 4319819.343, 113
Trd, 4319819.943, 69
Trd, 4319820.093, 92
Trd, 4319820.193, 116
Trd, 4319822.443, 87
Trd, 4319822.993, 114
Trd, 4319823.293, 102
Trd, 4319824.493, 77
Trd, 4319824.593, 68
Trd, 4319826.193, 67
Trd, 4319826.693, 63
Trd, 4319827.993, 65
Trd, 4319828.893, 64
Trd, 4319829.443, 128
Trd, 4319829.943, 80
Trd, 4319830.743, 85
Trd, 4319831.393, 95
Trd, 4319832.543, 67
Trd, 4319832.643, 104
Trd, 4319833.593, 76
Trd, 4319834.093, 77
Trd, 4319834.793, 65
Trd, 4319837.343, 117
Trd, 4319837.543, 132
Trd, 4319837.793, 124
Trd, 4319838.943, 135
Trd, 4319839.443, 130
Trd, 4319839.493, 111
Trd, 4319839.743, 107
Trd, 4319840.143, 114
Trd, 4319841.143, 112
Trd, 4319842.093, 106
Trd, 4319842.543, 105
Trd, 4319842.943, 95
Trd, 4319843.343, 80
Trd, 4319844.443, 85
Trd, 4319844.743, 125
Trd, 4319848.843, 94
Trd, 4319849.593, 91
Trd, 4319849.793, 89
Trd, 4319850.043, 114
Trd, 4319850.193, 99
Trd, 4319851.793, 113
Trd, 4319853.543, 140
Trd, 4319854.143, 84
Trd, 4319854.393, 95
Trd, 4319854.993, 113
Trd, 4319855.193, 83
Trd, 4319855.343, 82
Trd, 4319856.743, 120
Trd, 4319856.993, 119
Trd, 4319857.393, 102
Trd, 4319858.793, 75
Trd, 4319858.993, 62
Trd, 4319861.093, 71
Trd, 4319861.743, 70
Trd, 4319862.543, 84
Trd, 4319864.743, 111
Trd, 4319865.143, 106
Trd, 4319865.243, 90
Trd, 4319866.543, 130
Trd, 4319866.793, 100
Trd, 4319867.143, 98
Trd, 4319867.293, 113
Trd, 4319868.893, 99
Trd, 4319870.243, 125
Trd, 4319870.993, 121
Trd, 4319872.043, 110
Trd, 4319872.243, 119
Trd, 4319872.443, 105
Trd, 4319873.243, 104
Trd, 4319873.443, 132
Trd, 4319873.843, 92
Trd, 4319875.093, 112
Trd, 4319875.143, 98
Trd, 4319875.943, 92
Trd, 4319877.243, 136
Trd, 4319878.293, 119
Trd, 4319880.043, 123
Trd, 4319880.993, 122
Trd, 4319882.593, 113
Trd, 4319882.843, 108
Trd, 4319883.543, 80
Trd, 4319883.793, 71
Trd, 4319885.843, 121
Trd, 4319886.043, 118
Trd, 4319886.693, 100
Trd, 4319887.443, 112
Trd, 4319887.543, 111
Trd, 4319887.593, 96
Trd, 4319889.643, 106
Trd, 4319891.143, 139
Trd, 4319891.343, 109
Trd, 4319893.243, 135
Trd, 4319893.593, 129
Trd, 4319893.643, 126
Trd, 4319893.993, 126
Trd, 4319894.793, 117
Trd, 4319895.843, 74
Trd, 4319896.693, 139
Trd, 4319898.243, 131
Trd, 4319898.793, 126
Trd, 4319899.193, 125
Trd, 4319899.343, 107
Trd, 4319899.743, 129
Trd, 4319899.843, 95
Trd, 4319900.043, 95
Trd, 4319900.693, 86
Trd, 4319901.243, 118
Trd, 4319902.143, 80
Trd, 4319902.943, 76
Trd, 4319904.593, 80
Trd, 4319906.043, 106
Trd, 4319906.193, 103
Trd, 4319907.393, 95
Trd, 4319907.743, 93
Trd, 4319907.943, 89
Trd, 4319908.293, 83
Trd, 4319909.793, 113
Trd, 4319909.993, 122
Trd, 4319910.693, 129
Trd, 4319912.043, 98
Trd, 4319912.193, 98
Trd, 4319913.093, 71
Trd, 4319913.993, 111
Trd, 4319914.143, 136
Trd, 4319914.493, 109
Trd, 4319915.243, 95
Trd, 4319915.343, 85
Trd, 4319917.393, 61
Trd, 4319917.743, 61
Trd, 4319919.143, 83
Trd, 4319919.843, 91
Trd, 4319920.143, 90
Trd, 4319920.393, 104
Trd, 4319921.593, 93
Trd, 4319922.343, 136
Trd, 4319925.293, 100
Trd, 4319925.893, 102
Trd, 4319926.793, 110
Trd, 4319927.043, 120
Trd, 4319927.393, 88
Trd, 4319928.543, 125
Trd, 4319929.143, 93
Trd, 4319929.643, 126
Trd, 4319930.043, 124
Trd, 4319930.693, 136
Trd, 4319931.493, 117
Trd, 4319931.793, 114
Trd, 4319931.943, 110
Trd, 4319933.693, 96
Trd, 4319934.343, 94
Trd, 4319934.593, 88
Trd, 4319934.993, 87
Trd, 4319935.943, 132
Trd, 4319936.243, 100
Trd, 4319939.093, 115
Trd, 4319939.443, 111
Trd, 4319940.093, 118
Trd, 4319940.543, 74
Trd, 4319941.743, 109
Trd, 4319943.193, 106
Trd, 4319943.843, 127
Trd, 4319944.143, 132
Trd, 4319945.193, 109
Trd, 4319946.693, 119
Trd, 4319947.693, 125
Trd, 4319948.593, 121
Trd, 4319948.743, 104
Trd, 4319949.693, 81
Trd, 4319951.293, 125
Trd, 4319951.343, 113
Trd, 4319951.543, 87
Trd, 4319952.043, 84
Trd, 4319954.293, 128
Trd, 4319954.343, 119
Trd, 4319955.143, 118
Trd, 4319955.893, 121
Trd, 4319957.793, 100
Trd, 4319957.943, 96
Trd, 4319957.993, 95
Trd, 4319958.793, 103
Trd, 4319959.243, 124
Trd, 4319959.543, 109
Trd, 4319962.043, 121
Trd, 4319962.143, 116
Trd, 4319962.543, 110
Trd, 4319964.943, 112
Trd, 4319965.693, 92
Trd, 4319965.993, 92
Trd, 4319966.993, 94
Trd, 4319967.143, 98
Trd, 4319967.443, 127
Trd, 4319967.743, 93
Trd, 4319968.043, 90
Trd, 4319968.243, 87
Trd, 4319969.443, 93
Trd, 4319969.843, 67
Trd, 4319970.493, 109
Trd, 4319970.893, 61
Trd, 4319972.093, 67
Trd, 4319973.293, 85
Trd, 4319974.243, 94
Trd, 4319975.193, 78
Trd, 4319975.593, 73
Trd, 4319976.243, 69
Trd, 4319976.893, 83
Trd, 4319977.593, 90
Trd, 4319978.443, 122
Trd, 4319978.893, 118
Trd, 4319980.043, 140
Trd, 4319980.793, 133
Trd, 4319980.993, 127
Trd, 4319981.293, 134
Trd, 4319981.343, 123
Trd, 4319982.043, 116
Trd, 4319982.643, 126
Trd, 4319983.593, 111
Trd, 4319984.443, 88
Trd, 4319985.843, 127
Trd, 4319986.993, 134
Trd, 4319987.393, 133
Trd, 4319988.993, 128
Trd, 4319989.293, 119
Trd, 4319989.693, 120
Trd, 4319989.943, 114
Trd, 4319990.943, 95
Trd, 4319991.743, 80
Trd, 4319992.293, 85
Trd, 4319992.993, 101
Trd, 4319993.793, 124
Trd, 4319993.993, 121
Trd, 4319994.193, 114
Trd, 4319994.343, 113
Trd, 4319994.393, 113
Trd, 4319994.693, 140
Trd, 4319995.543, 138
Trd, 4319995.793, 120
Trd, 4319996.193, 111
Trd, 4319996.743, 118
Trd, 4319998.393, 117
Trd, 4319999.943, 110
