Trd, 4318159.193, 140
Trd, 4318159.493, 140
Trd, 4318159.743, 139
Trd, 4318159.793, 139
Trd, 4318159.893, 139
Trd, 4318161.843, 62
Trd, 4318161.943, 77
Trd, 4318162.093, 68
Trd, 4318162.693, 62
Trd, 4318163.893, 60
Trd, 4318163.993, 88
Trd, 4318164.193, 140
Trd, 4318164.893, 63
Trd, 4318166.093, 62
Trd, 4318166.593, 60
Trd, 4318167.293, 69
Trd, 4318167.543, 92
Trd, 4318168.143, 69
Trd, 4318168.243, 139
Trd, 4318168.593, 139
Trd, 4318169.343, 71
Trd, 4318169.843, 140
Trd, 4318171.093, 140
Trd, 4318171.243, 139
Trd, 4318171.693, 60
Trd, 4318174.093, 63
Trd, 4318174.243, 65
Trd, 4318175.093, 65
Trd, 4318175.143, 75
Trd, 4318175.543, 140
Trd, 4318176.093, 140
Trd, 4318177.893, 140
Trd, 4318177.993, 140
Trd, 4318178.293, 140
Trd, 4318178.393, 140
Trd, 4318179.593, 140
Trd, 4318179.793, 140
Trd, 4318180.193, 140
Trd, 4318180.343, 138
Trd, 4318181.643, 72
Trd, 4318181.993, 60
Trd, 4318183.043, 140
Trd, 4318183.393, 140
Trd, 4318184.443, 140
Trd, 4318184.893, 140
Trd, 4318185.943, 140
Trd, 4318187.343, 140
Trd, 4318187.693, 140
Trd, 4318188.093, 140
Trd, 4318188.643, 140
Trd, 4318189.293, 140
Trd, 4318189.743, 140
Trd, 4318191.093, 140
Trd, 4318191.693, 140
Trd, 4318191.843, 140
Trd, 4318192.443, 140
Trd, 4318192.593, 139
Trd, 4318192.943, 139
Trd, 4318192.993, 136
Trd, 4318194.193, 60
Trd, 4318195.493, 140
Trd, 4318196.093, 140
Trd, 4318197.243, 140
Trd, 4318197.293, 140
Trd, 4318198.293, 140
Trd, 4318198.343, 140
Trd, 4318198.993, 140
Trd, 4318199.393, 140
Trd, 4318200.193, 140
Trd, 4318200.993, 140
Trd, 4318201.443, 140
Trd, 4318202.143, 108
Trd, 4318202.543, 62
Trd, 4318203.643, 140
Trd, 4318203.943, 140
Trd, 4318204.793, 140
Trd, 4318204.943, 137
Trd, 4318205.243, 65
Trd, 4318207.243, 140
Trd, 4318208.993, 61
Trd, 4318209.043, 62
Trd, 4318209.143, 62
Trd, 4318209.243, 72
Trd, 4318209.943, 112
Trd, 4318211.343, 61
Trd, 4318211.693, 61
Trd, 4318211.893, 67
Trd, 4318212.543, 61
Trd, 4318213.243, 62
Trd, 4318214.843, 60
Trd, 4318215.493, 74
Trd, 4318216.393, 62
Trd, 4318218.343, 60
Trd, 4318219.543, 60
Trd, 4318219.643, 60
Trd, 4318219.743, 66
Trd, 4318220.493, 71
Trd, 4318220.993, 72
Trd, 4318221.143, 66
Trd, 4318221.243, 76
Trd, 4318222.743, 67
Trd, 4318223.443, 138
Trd, 4318223.693, 140
Trd, 4318224.143, 140
Trd, 4318224.393, 139
Trd, 4318224.843, 140
Trd, 4318225.543, 139
Trd, 4318225.643, 112
Trd, 4318226.293, 60
Trd, 4318226.543, 71
Trd, 4318226.743, 139
Trd, 4318228.593, 60
Trd, 4318228.893, 72
Trd, 4318228.993, 79
Trd, 4318229.793, 66
Trd, 4318232.443, 140
Trd, 4318233.093, 140
Trd, 4318233.393, 140
Trd, 4318233.543, 140
Trd, 4318233.693, 140
Trd, 4318234.093, 139
Trd, 4318236.043, 73
Trd, 4318236.143, 80
Trd, 4318236.443, 109
Trd, 4318238.343, 60
Trd, 4318238.593, 61
Trd, 4318239.343, 61
Trd, 4318239.493, 71
Trd, 4318239.743, 133
Trd, 4318240.843, 66
Trd, 4318241.843, 61
Trd, 4318242.493, 61
Trd, 4318242.643, 63
Trd, 4318242.993, 76
Trd, 4318243.393, 60
Trd, 4318243.893, 116
Trd, 4318244.443, 138
Trd, 4318244.643, 136
Trd, 4318245.093, 136
Trd, 4318245.493, 135
Trd, 4318246.293, 139
Trd, 4318246.893, 140
Trd, 4318247.243, 74
Trd, 4318248.393, 140
Trd, 4318248.493, 139
Trd, 4318248.993, 140
Trd, 4318249.893, 139
Trd, 4318250.543, 136
Trd, 4318251.543, 140
Trd, 4318251.893, 140
Trd, 4318252.593, 139
Trd, 4318253.443, 140
Trd, 4318254.593, 140
Trd, 4318256.843, 140
Trd, 4318257.143, 140
Trd, 4318257.593, 140
Trd, 4318257.643, 140
Trd, 4318258.443, 140
Trd, 4318259.093, 140
Trd, 4318260.793, 140
Trd, 4318261.043, 140
Trd, 4318261.593, 140
Trd, 4318261.743, 140
Trd, 4318262.793, 140
Trd, 4318264.293, 140
Trd, 4318264.593, 140
Trd, 4318264.893, 140
Trd, 4318266.093, 140
Trd, 4318266.193, 140
Trd, 4318266.993, 140
Trd, 4318267.193, 140
Trd, 4318268.443, 140
Trd, 4318268.693, 140
Trd, 4318269.343, 139
Trd, 4318269.543, 140
Trd, 4318270.743, 140
Trd, 4318271.443, 140
Trd, 4318271.743, 140
Trd, 4318273.543, 140
Trd, 4318274.093, 140
Trd, 4318275.243, 140
Trd, 4318275.443, 140
Trd, 4318275.693, 140
Trd, 4318277.143, 140
Trd, 4318277.343, 140
Trd, 4318277.593, 140
Trd, 4318278.243, 135
Trd, 4318278.693, 80
Trd, 4318279.793, 140
Trd, 4318279.893, 140
Trd, 4318281.843, 140
Trd, 4318281.893, 140
Trd, 4318282.593, 140
Trd, 4318283.393, 140
Trd, 4318283.793, 140
Trd, 4318283.943, 139
Trd, 4318284.793, 140
Trd, 4318285.193, 140
Trd, 4318286.393, 61
Trd, 4318286.743, 61
Trd, 4318286.843, 62
Trd, 4318287.293, 60
Trd, 4318288.893, 138
Trd, 4318289.793, 102
Trd, 4318291.593, 140
Trd, 4318291.693, 140
Trd, 4318291.893, 140
Trd, 4318292.243, 140
Trd, 4318293.693, 140
Trd, 4318293.893, 140
Trd, 4318294.143, 138
Trd, 4318294.443, 120
Trd, 4318294.893, 140
Trd, 4318295.493, 139
Trd, 4318296.693, 140
Trd, 4318297.743, 64
Trd, 4318297.943, 74
Trd, 4318298.243, 62
Trd, 4318299.443, 71
Trd, 4318301.043, 60
Trd, 4318301.743, 60
Trd, 4318301.943, 63
Trd, 4318302.793, 62
Trd, 4318303.393, 61
Trd, 4318303.693, 77
Trd, 4318303.843, 64
Trd, 4318304.643, 61
Trd, 4318305.393, 62
Trd, 4318306.393, 66
Trd, 4318307.143, 72
Trd, 4318308.843, 61
Trd, 4318309.293, 63
Trd, 4318309.443, 73
Trd, 4318309.593, 83
Trd, 4318310.343, 140
Trd, 4318310.943, 100
Trd, 4318311.193, 69
Trd, 4318311.493, 127
Trd, 4318311.893, 72
Trd, 4318312.443, 95
Trd, 4318313.343, 79
Trd, 4318313.593, 85
Trd, 4318313.643, 78
Trd, 4318314.293, 73
Trd, 4318315.043, 64
Trd, 4318315.793, 139
Trd, 4318316.943, 140
Trd, 4318317.543, 140
Trd, 4318318.143, 102
Trd, 4318318.243, 101
Trd, 4318319.093, 140
Trd, 4318319.893, 140
Trd, 4318320.243, 140
Trd, 4318320.743, 140
Trd, 4318322.593, 140
Trd, 4318322.843, 138
Trd, 4318323.243, 139
Trd, 4318323.443, 137
Trd, 4318324.643, 140
Trd, 4318325.743, 140
Trd, 4318326.393, 140
Trd, 4318327.393, 140
Trd, 4318328.793, 140
Trd, 4318329.143, 140
Trd, 4318329.193, 140
Trd, 4318330.293, 140
Trd, 4318330.893, 140
Trd, 4318331.493, 140
Trd, 4318332.593, 140
Trd, 4318332.743, 140
Trd, 4318333.443, 140
Trd, 4318333.843, 140
Trd, 4318335.293, 139
Trd, 4318335.593, 136
Trd, 4318336.643, 138
Trd, 4318336.893, 139
Trd, 4318336.943, 136
Trd, 4318337.893, 139
Trd, 4318338.393, 140
Trd, 4318338.693, 140
Trd, 4318340.693, 140
Trd, 4318340.893, 140
Trd, 4318340.993, 140
Trd, 4318341.293, 140
Trd, 4318342.143, 140
Trd, 4318342.593, 139
Trd, 4318343.043, 135
Trd, 4318344.843, 64
Trd, 4318345.593, 140
Trd, 4318345.843, 140
Trd, 4318346.393, 138
Trd, 4318346.843, 140
Trd, 4318347.193, 140
Trd, 4318347.793, 140
Trd, 4318348.043, 139
Trd, 4318348.193, 138
Trd, 4318349.343, 60
Trd, 4318349.943, 63
Trd, 4318349.993, 73
Trd, 4318351.193, 60
Trd, 4318352.043, 140
Trd, 4318352.993, 140
Trd, 4318353.493, 139
Trd, 4318354.043, 66
Trd, 4318355.043, 60
Trd, 4318355.643, 71
Trd, 4318356.493, 111
Trd, 4318357.443, 64
Trd, 4318358.743, 60
Trd, 4318359.143, 63
Trd, 4318359.843, 60
Trd, 4318360.043, 61
Trd, 4318360.493, 139
Trd, 4318360.643, 71
Trd, 4318360.843, 80
Trd, 4318361.343, 80
Trd, 4318362.743, 138
Trd, 4318363.293, 60
Trd, 4318363.843, 68
Trd, 4318365.143, 126
Trd, 4318366.243, 68
Trd, 4318367.343, 64
Trd, 4318369.043, 67
Trd, 4318369.443, 63
Trd, 4318370.543, 62
Trd, 4318370.693, 62
Trd, 4318370.793, 77
Trd, 4318371.193, 72
Trd, 4318371.643, 61
Trd, 4318373.043, 60
Trd, 4318374.043, 60
Trd, 4318374.993, 119
Trd, 4318375.293, 140
Trd, 4318375.343, 140
Trd, 4318375.943, 62
Trd, 4318375.993, 72
Trd, 4318376.443, 140
Trd, 4318378.393, 64
Trd, 4318378.793, 71
Trd, 4318380.093, 82
Trd, 4318381.243, 61
Trd, 4318382.143, 68
Trd, 4318382.493, 96
Trd, 4318382.993, 61
Trd, 4318383.543, 61
Trd, 4318383.943, 110
Trd, 4318385.693, 60
Trd, 4318386.393, 60
Trd, 4318386.443, 61
Trd, 4318388.043, 61
Trd, 4318388.543, 60
Trd, 4318388.693, 64
Trd, 4318389.293, 62
Trd, 4318390.393, 140
Trd, 4318390.793, 140
Trd, 4318391.593, 140
Trd, 4318392.743, 140
Trd, 4318392.793, 140
Trd, 4318393.193, 140
Trd, 4318393.393, 140
Trd, 4318394.593, 140
Trd, 4318394.693, 140
Trd, 4318395.843, 140
Trd, 4318396.393, 140
Trd, 4318396.593, 140
Trd, 4318398.343, 140
Trd, 4318398.443, 140
Trd, 4318398.643, 140
Trd, 4318399.093, 140
Trd, 4318399.893, 140
Trd, 4318400.343, 140
Trd, 4318401.443, 140
Trd, 4318401.993, 140
Trd, 4318402.743, 140
Trd, 4318403.493, 140
Trd, 4318403.593, 139
Trd, 4318404.043, 74
Trd, 4318405.193, 140
Trd, 4318405.643, 140
Trd, 4318406.293, 140
Trd, 4318406.543, 136
Trd, 4318407.943, 140
Trd, 4318409.043, 140
Trd, 4318409.193, 140
Trd, 4318410.543, 140
Trd, 4318410.693, 139
Trd, 4318410.893, 137
Trd, 4318410.993, 62
Trd, 4318411.393, 139
Trd, 4318412.943, 139
Trd, 4318413.443, 140
Trd, 4318414.543, 140
Trd, 4318415.093, 140
Trd, 4318415.193, 139
Trd, 4318415.493, 139
Trd, 4318415.743, 140
Trd, 4318416.793, 140
Trd, 4318417.443, 85
Trd, 4318419.343, 66
Trd, 4318420.443, 60
Trd, 4318420.643, 60
Trd, 4318421.493, 61
Trd, 4318422.093, 65
Trd, 4318422.393, 65
Trd, 4318422.443, 71
Trd, 4318424.593, 61
Trd, 4318424.693, 63
Trd, 4318426.043, 66
Trd, 4318427.143, 61
Trd, 4318427.993, 68
Trd, 4318428.643, 67
Trd, 4318428.743, 90
Trd, 4318428.993, 140
Trd, 4318429.493, 140
Trd, 4318429.693, 140
Trd, 4318430.443, 111
Trd, 4318431.243, 111
Trd, 4318432.043, 60
Trd, 4318433.243, 62
Trd, 4318433.293, 71
Trd, 4318433.843, 107
Trd, 4318434.343, 61
Trd, 4318437.393, 60
Trd, 4318437.943, 61
Trd, 4318438.743, 66
Trd, 4318439.393, 60
Trd, 4318439.643, 61
Trd, 4318440.443, 60
Trd, 4318440.643, 69
Trd, 4318440.993, 62
Trd, 4318441.743, 61
Trd, 4318442.793, 62
Trd, 4318443.393, 60
Trd, 4318443.543, 63
Trd, 4318444.093, 80
Trd, 4318446.093, 62
Trd, 4318446.593, 61
Trd, 4318446.643, 63
Trd, 4318447.393, 61
Trd, 4318448.093, 91
Trd, 4318450.343, 60
Trd, 4318450.493, 62
Trd, 4318451.043, 61
Trd, 4318451.943, 60
Trd, 4318452.093, 62
Trd, 4318452.393, 61
Trd, 4318452.793, 72
Trd, 4318453.793, 61
Trd, 4318454.493, 61
Trd, 4318455.193, 62
Trd, 4318455.693, 66
Trd, 4318455.793, 67
Trd, 4318455.943, 61
Trd, 4318457.193, 63
Trd, 4318457.843, 68
Trd, 4318458.893, 62
Trd, 4318459.543, 60
Trd, 4318459.693, 62
Trd, 4318459.793, 72
Trd, 4318460.443, 70
Trd, 4318461.793, 60
Trd, 4318462.443, 92
Trd, 4318462.743, 102
Trd, 4318463.893, 60
Trd, 4318464.193, 63
Trd, 4318464.693, 64
Trd, 4318465.693, 66
Trd, 4318466.343, 63
Trd, 4318466.843, 70
Trd, 4318467.693, 62
Trd, 4318468.743, 64
Trd, 4318468.943, 64
Trd, 4318469.193, 118
Trd, 4318469.843, 130
Trd, 4318470.843, 81
Trd, 4318471.093, 91
Trd, 4318471.693, 72
Trd, 4318473.543, 101
Trd, 4318474.093, 83
Trd, 4318474.543, 82
Trd, 4318475.793, 140
Trd, 4318475.943, 140
Trd, 4318476.043, 139
Trd, 4318476.643, 140
Trd, 4318476.793, 138
Trd, 4318477.693, 137
Trd, 4318478.193, 60
Trd, 4318479.243, 140
Trd, 4318479.493, 139
Trd, 4318481.143, 140
Trd, 4318481.443, 140
Trd, 4318481.543, 140
Trd, 4318482.193, 140
Trd, 4318482.293, 139
Trd, 4318483.593, 140
Trd, 4318484.343, 140
Trd, 4318484.643, 140
Trd, 4318484.893, 140
Trd, 4318484.943, 140
Trd, 4318485.993, 140
Trd, 4318487.893, 140
Trd, 4318487.943, 138
Trd, 4318488.043, 135
Trd, 4318489.143, 140
Trd, 4318489.543, 69
Trd, 4318490.143, 140
Trd, 4318491.293, 140
Trd, 4318491.693, 140
Trd, 4318492.643, 140
Trd, 4318492.893, 140
Trd, 4318494.993, 140
Trd, 4318495.193, 140
Trd, 4318495.543, 140
Trd, 4318495.993, 140
Trd, 4318496.443, 140
Trd, 4318497.493, 71
Trd, 4318497.593, 96
Trd, 4318498.093, 140
Trd, 4318499.043, 60
Trd, 4318499.943, 140
Trd, 4318500.943, 140
Trd, 4318501.393, 139
Trd, 4318502.443, 140
Trd, 4318503.043, 140
Trd, 4318503.393, 140
Trd, 4318504.343, 140
Trd, 4318504.893, 140
Trd, 4318505.293, 140
Trd, 4318507.193, 140
Trd, 4318507.643, 140
Trd, 4318509.693, 140
Trd, 4318509.743, 140
Trd, 4318510.293, 140
Trd, 4318510.593, 140
Trd, 4318511.793, 140
Trd, 4318512.993, 140
Trd, 4318513.093, 140
Trd, 4318513.243, 139
Trd, 4318514.743, 140
Trd, 4318514.943, 140
Trd, 4318516.393, 140
Trd, 4318516.843, 140
Trd, 4318517.543, 140
Trd, 4318518.693, 140
Trd, 4318519.093, 138
Trd, 4318519.593, 140
Trd, 4318519.693, 140
Trd, 4318520.393, 67
Trd, 4318521.343, 140
Trd, 4318522.493, 140
Trd, 4318523.393, 140
Trd, 4318523.643, 140
Trd, 4318523.743, 140
Trd, 4318523.843, 140
Trd, 4318524.693, 140
Trd, 4318524.943, 139
Trd, 4318526.343, 74
Trd, 4318526.393, 84
Trd, 4318528.193, 140
Trd, 4318529.043, 140
Trd, 4318529.393, 140
Trd, 4318529.443, 140
Trd, 4318529.743, 140
Trd, 4318529.843, 139
Trd, 4318530.043, 138
Trd, 4318533.243, 140
Trd, 4318533.643, 140
Trd, 4318533.943, 140
Trd, 4318534.643, 139
Trd, 4318535.693, 140
Trd, 4318535.743, 138
Trd, 4318537.093, 66
Trd, 4318537.343, 66
Trd, 4318537.843, 140
Trd, 4318538.143, 139
Trd, 4318539.093, 140
Trd, 4318541.843, 140
Trd, 4318542.293, 140
Trd, 4318542.343, 140
Trd, 4318542.743, 140
Trd, 4318543.693, 140
Trd, 4318544.893, 137
Trd, 4318545.393, 140
Trd, 4318547.143, 140
Trd, 4318547.743, 140
Trd, 4318547.793, 140
Trd, 4318548.243, 140
Trd, 4318548.893, 140
Trd, 4318549.793, 140
Trd, 4318550.143, 140
Trd, 4318550.243, 138
Trd, 4318551.093, 105
Trd, 4318552.293, 139
Trd, 4318552.743, 140
Trd, 4318552.943, 138
Trd, 4318553.843, 140
Trd, 4318555.243, 140
Trd, 4318555.993, 140
Trd, 4318556.543, 140
Trd, 4318557.793, 140
Trd, 4318558.643, 140
Trd, 4318558.693, 140
Trd, 4318558.793, 139
Trd, 4318559.993, 140
Trd, 4318560.893, 140
Trd, 4318561.243, 140
Trd, 4318561.693, 140
Trd, 4318562.643, 140
Trd, 4318563.043, 140
Trd, 4318563.443, 140
Trd, 4318563.643, 140
Trd, 4318565.243, 140
Trd, 4318565.343, 140
Trd, 4318565.743, 138
Trd, 4318567.443, 140
Trd, 4318567.893, 140
Trd, 4318568.893, 140
Trd, 4318569.343, 140
Trd, 4318570.493, 140
Trd, 4318570.693, 140
Trd, 4318571.643, 140
Trd, 4318572.293, 140
Trd, 4318572.693, 140
Trd, 4318572.843, 140
Trd, 4318572.943, 140
Trd, 4318573.993, 137
Trd, 4318574.293, 133
Trd, 4318575.693, 60
Trd, 4318576.743, 71
Trd, 4318576.793, 75
Trd, 4318577.793, 80
Trd, 4318577.993, 79
Trd, 4318579.243, 60
Trd, 4318579.793, 62
Trd, 4318580.543, 60
Trd, 4318581.543, 82
Trd, 4318582.093, 140
Trd, 4318582.493, 66
Trd, 4318583.543, 99
Trd, 4318583.893, 73
Trd, 4318585.093, 68
Trd, 4318585.393, 138
Trd, 4318586.943, 62
Trd, 4318587.193, 60
Trd, 4318588.293, 61
Trd, 4318588.843, 62
Trd, 4318589.443, 64
Trd, 4318589.593, 64
Trd, 4318590.193, 63
Trd, 4318590.343, 71
Trd, 4318591.043, 65
Trd, 4318592.793, 62
Trd, 4318593.643, 140
Trd, 4318593.743, 137
Trd, 4318594.793, 140
Trd, 4318595.393, 138
Trd, 4318596.093, 139
Trd, 4318596.143, 138
Trd, 4318596.593, 60
Trd, 4318597.543, 60
Trd, 4318597.743, 118
Trd, 4318598.643, 140
Trd, 4318598.693, 136
Trd, 4318598.843, 140
Trd, 4318600.793, 69
Trd, 4318601.493, 62
Trd, 4318601.793, 64
Trd, 4318603.043, 140
Trd, 4318603.193, 140
Trd, 4318603.243, 140
Trd, 4318604.493, 140
Trd, 4318605.193, 140
Trd, 4318605.493, 140
Trd, 4318606.543, 140
Trd, 4318607.093, 140
Trd, 4318607.843, 140
Trd, 4318607.943, 138
Trd, 4318608.493, 138
Trd, 4318608.643, 138
Trd, 4318609.643, 139
Trd, 4318609.993, 137
Trd, 4318610.793, 139
Trd, 4318611.393, 139
Trd, 4318612.843, 139
Trd, 4318612.943, 139
Trd, 4318614.443, 140
Trd, 4318614.543, 138
Trd, 4318616.243, 140
Trd, 4318616.443, 140
Trd, 4318616.743, 138
Trd, 4318618.893, 140
Trd, 4318619.743, 140
Trd, 4318620.293, 140
Trd, 4318620.843, 140
Trd, 4318621.793, 140
Trd, 4318621.943, 138
Trd, 4318622.193, 138
Trd, 4318622.643, 138
Trd, 4318624.443, 140
Trd, 4318624.493, 140
Trd, 4318625.493, 140
Trd, 4318626.393, 140
Trd, 4318626.643, 140
Trd, 4318627.393, 140
Trd, 4318627.843, 140
Trd, 4318628.443, 140
Trd, 4318628.693, 140
Trd, 4318629.043, 140
Trd, 4318630.143, 138
Trd, 4318630.843, 140
Trd, 4318631.243, 140
Trd, 4318632.293, 140
Trd, 4318633.043, 140
Trd, 4318633.543, 140
Trd, 4318634.393, 140
Trd, 4318635.843, 140
Trd, 4318636.243, 140
Trd, 4318636.293, 140
Trd, 4318636.343, 140
Trd, 4318637.243, 140
Trd, 4318637.343, 138
Trd, 4318639.293, 140
Trd, 4318639.943, 140
Trd, 4318640.043, 140
Trd, 4318640.343, 140
Trd, 4318640.793, 140
Trd, 4318641.293, 136
Trd, 4318643.393, 140
Trd, 4318644.193, 140
Trd, 4318645.593, 140
Trd, 4318645.643, 140
Trd, 4318645.743, 140
Trd, 4318646.393, 140
Trd, 4318646.843, 137
Trd, 4318647.193, 115
Trd, 4318648.193, 139
Trd, 4318649.293, 139
Trd, 4318649.493, 138
Trd, 4318651.243, 140
Trd, 4318651.443, 139
Trd, 4318651.643, 139
Trd, 4318651.743, 139
Trd, 4318651.793, 138
Trd, 4318652.693, 79
Trd, 4318654.693, 66
Trd, 4318654.993, 65
Trd, 4318655.093, 69
Trd, 4318656.893, 63
Trd, 4318657.543, 140
Trd, 4318658.243, 140
Trd, 4318658.343, 140
Trd, 4318658.743, 139
Trd, 4318660.093, 140
Trd, 4318660.693, 140
Trd, 4318661.143, 140
Trd, 4318661.343, 139
Trd, 4318663.343, 140
Trd, 4318663.543, 140
Trd, 4318663.743, 139
Trd, 4318664.643, 140
Trd, 4318665.193, 140
Trd, 4318666.793, 140
Trd, 4318666.943, 140
Trd, 4318667.343, 140
Trd, 4318668.043, 139
Trd, 4318668.443, 73
Trd, 4318669.443, 85
Trd, 4318670.643, 140
Trd, 4318670.743, 140
Trd, 4318670.993, 139
Trd, 4318671.793, 139
Trd, 4318672.993, 120
Trd, 4318674.543, 140
Trd, 4318674.743, 140
Trd, 4318675.643, 140
Trd, 4318675.893, 140
Trd, 4318676.293, 140
Trd, 4318677.143, 140
Trd, 4318677.443, 138
Trd, 4318677.993, 140
Trd, 4318679.193, 140
Trd, 4318679.393, 139
Trd, 4318680.543, 140
Trd, 4318681.343, 140
Trd, 4318682.243, 139
Trd, 4318682.693, 140
Trd, 4318683.593, 140
Trd, 4318684.143, 140
Trd, 4318686.143, 140
Trd, 4318686.243, 140
Trd, 4318686.443, 140
Trd, 4318686.693, 140
Trd, 4318688.343, 140
Trd, 4318688.493, 140
Trd, 4318688.743, 140
Trd, 4318689.243, 140
Trd, 4318690.193, 140
Trd, 4318691.143, 140
Trd, 4318691.443, 140
Trd, 4318691.943, 140
Trd, 4318692.543, 139
Trd, 4318693.443, 140
Trd, 4318694.243, 140
Trd, 4318695.443, 140
Trd, 4318695.893, 139
Trd, 4318696.243, 139
Trd, 4318696.693, 139
Trd, 4318697.543, 139
Trd, 4318697.893, 138
Trd, 4318698.943, 74
Trd, 4318700.393, 140
Trd, 4318700.493, 140
Trd, 4318701.493, 140
Trd, 4318701.743, 140
Trd, 4318702.643, 140
Trd, 4318704.043, 140
Trd, 4318704.343, 140
Trd, 4318704.843, 140
Trd, 4318705.893, 140
Trd, 4318705.993, 139
Trd, 4318706.643, 140
Trd, 4318706.993, 139
Trd, 4318708.543, 140
Trd, 4318709.693, 140
Trd, 4318709.893, 139
Trd, 4318709.943, 138
Trd, 4318710.193, 63
Trd, 4318710.893, 138
Trd, 4318712.893, 139
Trd, 4318713.593, 139
Trd, 4318714.143, 136
Trd, 4318714.193, 107
Trd, 4318715.493, 140
Trd, 4318715.643, 140
Trd, 4318716.093, 140
Trd, 4318716.443, 140
Trd, 4318716.793, 140
Trd, 4318716.943, 140
Trd, 4318718.443, 140
Trd, 4318719.443, 140
Trd, 4318719.693, 140
Trd, 4318720.593, 140
Trd, 4318720.893, 139
Trd, 4318721.593, 140
Trd, 4318722.743, 140
Trd, 4318723.143, 140
Trd, 4318724.043, 140
Trd, 4318724.093, 140
Trd, 4318724.793, 140
Trd, 4318725.443, 140
Trd, 4318725.643, 138
Trd, 4318726.393, 140
Trd, 4318727.293, 140
Trd, 4318727.393, 140
Trd, 4318727.843, 139
Trd, 4318728.493, 139
Trd, 4318729.893, 140
Trd, 4318730.843, 140
Trd, 4318731.193, 140
Trd, 4318731.543, 140
Trd, 4318732.193, 140
Trd, 4318732.443, 139
Trd, 4318733.543, 140
Trd, 4318734.993, 140
Trd, 4318735.243, 139
Trd, 4318735.293, 107
Trd, 4318736.093, 139
Trd, 4318736.493, 128
Trd, 4318737.143, 87
Trd, 4318738.943, 62
Trd, 4318739.943, 65
Trd, 4318740.043, 67
Trd, 4318740.143, 132
Trd, 4318740.893, 92
Trd, 4318741.593, 64
Trd, 4318742.443, 102
Trd, 4318742.643, 140
Trd, 4318743.293, 63
Trd, 4318745.343, 61
Trd, 4318745.843, 63
Trd, 4318746.843, 60
Trd, 4318747.243, 60
Trd, 4318747.343, 61
Trd, 4318747.943, 67
Trd, 4318748.743, 82
Trd, 4318749.243, 89
Trd, 4318750.543, 140
Trd, 4318750.743, 140
Trd, 4318751.093, 140
Trd, 4318751.343, 140
Trd, 4318752.143, 60
Trd, 4318752.293, 71
Trd, 4318753.143, 102
Trd, 4318754.043, 77
Trd, 4318754.443, 62
Trd, 4318755.443, 60
Trd, 4318756.293, 63
Trd, 4318757.443, 111
Trd, 4318757.593, 72
Trd, 4318757.793, 115
Trd, 4318758.093, 71
Trd, 4318758.143, 70
Trd, 4318759.193, 140
Trd, 4318759.343, 139
Trd, 4318759.743, 139
Trd, 4318760.193, 140
Trd, 4318761.793, 112
Trd, 4318762.493, 139
Trd, 4318762.943, 139
Trd, 4318763.043, 138
Trd, 4318764.543, 60
Trd, 4318765.543, 71
Trd, 4318765.593, 71
Trd, 4318766.393, 61
Trd, 4318766.593, 64
Trd, 4318769.193, 65
Trd, 4318769.943, 69
Trd, 4318770.693, 63
Trd, 4318771.443, 64
Trd, 4318772.143, 65
Trd, 4318772.343, 70
Trd, 4318772.443, 61
Trd, 4318773.243, 67
Trd, 4318773.443, 63
Trd, 4318773.843, 76
Trd, 4318774.493, 69
Trd, 4318775.243, 65
Trd, 4318775.743, 103
Trd, 4318777.343, 60
Trd, 4318777.993, 140
Trd, 4318779.493, 66
Trd, 4318780.243, 61
Trd, 4318780.343, 61
Trd, 4318781.193, 65
Trd, 4318781.243, 74
Trd, 4318782.393, 60
Trd, 4318782.693, 63
Trd, 4318783.393, 63
Trd, 4318784.543, 140
Trd, 4318784.643, 139
Trd, 4318785.093, 64
Trd, 4318785.643, 60
Trd, 4318785.843, 61
Trd, 4318787.043, 140
Trd, 4318787.493, 140
Trd, 4318788.193, 138
Trd, 4318789.143, 98
Trd, 4318789.493, 107
Trd, 4318790.793, 140
Trd, 4318791.143, 139
Trd, 4318791.543, 112
Trd, 4318792.493, 140
Trd, 4318793.093, 140
Trd, 4318793.243, 139
Trd, 4318793.643, 137
Trd, 4318794.393, 140
Trd, 4318794.593, 139
Trd, 4318795.543, 139
Trd, 4318795.693, 84
Trd, 4318796.343, 135
Trd, 4318797.193, 74
Trd, 4318797.893, 140
Trd, 4318798.893, 140
Trd, 4318799.643, 140
Trd, 4318799.743, 140
Trd, 4318800.143, 140
Trd, 4318800.293, 139
Trd, 4318800.443, 139
Trd, 4318800.993, 75
Trd, 4318803.293, 140
Trd, 4318803.793, 140
Trd, 4318804.293, 140
Trd, 4318804.593, 140
Trd, 4318804.993, 138
Trd, 4318805.793, 139
Trd, 4318805.893, 137
Trd, 4318807.143, 140
Trd, 4318807.193, 139
Trd, 4318809.093, 139
Trd, 4318809.143, 139
Trd, 4318809.243, 138
Trd, 4318809.643, 138
Trd, 4318810.743, 66
Trd, 4318811.243, 137
Trd, 4318811.743, 140
Trd, 4318813.393, 140
Trd, 4318813.943, 139
Trd, 4318814.893, 137
Trd, 4318815.243, 138
Trd, 4318815.593, 60
Trd, 4318816.143, 62
Trd, 4318817.493, 140
Trd, 4318818.093, 140
Trd, 4318818.243, 140
Trd, 4318818.593, 138
Trd, 4318819.493, 60
Trd, 4318821.343, 140
Trd, 4318822.343, 140
Trd, 4318822.843, 140
Trd, 4318823.093, 140
Trd, 4318823.593, 140
Trd, 4318824.543, 140
Trd, 4318825.143, 140
Trd, 4318825.793, 140
Trd, 4318826.193, 140
Trd, 4318826.493, 140
Trd, 4318827.293, 139
Trd, 4318827.743, 140
Trd, 4318828.193, 139
Trd, 4318828.543, 139
Trd, 4318829.143, 67
Trd, 4318829.743, 62
Trd, 4318830.093, 138
Trd, 4318831.343, 60
Trd, 4318832.393, 63
Trd, 4318832.643, 64
Trd, 4318832.693, 67
Trd, 4318833.543, 71
Trd, 4318834.643, 62
Trd, 4318834.943, 113
Trd, 4318835.393, 65
Trd, 4318835.593, 66
Trd, 4318836.693, 140
Trd, 4318836.993, 76
Trd, 4318837.743, 65
Trd, 4318838.793, 68
Trd, 4318839.143, 63
Trd, 4318839.493, 78
Trd, 4318839.843, 62
Trd, 4318841.543, 61
Trd, 4318842.543, 60
Trd, 4318842.843, 62
Trd, 4318843.443, 80
Trd, 4318843.743, 93
Trd, 4318843.893, 79
Trd, 4318846.443, 61
Trd, 4318847.993, 60
Trd, 4318848.043, 60
Trd, 4318848.293, 64
Trd, 4318848.443, 70
Trd, 4318849.193, 96
Trd, 4318849.693, 60
Trd, 4318850.393, 61
Trd, 4318851.093, 140
Trd, 4318851.393, 140
Trd, 4318852.643, 105
Trd, 4318852.693, 117
Trd, 4318853.543, 140
Trd, 4318853.843, 140
Trd, 4318854.243, 138
Trd, 4318854.843, 136
Trd, 4318854.993, 61
Trd, 4318856.393, 111
Trd, 4318856.643, 110
Trd, 4318856.793, 108
Trd, 4318857.793, 137
Trd, 4318858.843, 140
Trd, 4318860.393, 140
Trd, 4318861.393, 140
Trd, 4318861.643, 140
Trd, 4318861.893, 139
Trd, 4318861.993, 72
Trd, 4318862.893, 140
Trd, 4318863.293, 139
Trd, 4318863.893, 140
Trd, 4318864.743, 61
Trd, 4318865.743, 68
Trd, 4318865.993, 140
Trd, 4318866.893, 140
Trd, 4318867.593, 140
Trd, 4318868.143, 140
Trd, 4318868.493, 138
Trd, 4318868.543, 138
Trd, 4318869.843, 140
Trd, 4318870.543, 140
Trd, 4318870.593, 139
Trd, 4318870.943, 138
Trd, 4318871.143, 135
Trd, 4318871.843, 140
Trd, 4318872.843, 138
Trd, 4318873.543, 140
Trd, 4318874.693, 75
Trd, 4318876.693, 114
Trd, 4318876.843, 114
Trd, 4318877.493, 140
Trd, 4318877.543, 140
Trd, 4318878.543, 140
Trd, 4318878.943, 140
Trd, 4318879.643, 140
Trd, 4318879.743, 139
Trd, 4318880.193, 138
Trd, 4318880.543, 137
Trd, 4318881.643, 140
Trd, 4318881.793, 138
Trd, 4318882.343, 140
Trd, 4318883.893, 140
Trd, 4318884.143, 139
Trd, 4318885.393, 140
Trd, 4318886.843, 140
Trd, 4318886.943, 140
Trd, 4318887.043, 140
Trd, 4318887.093, 140
Trd, 4318887.893, 140
Trd, 4318888.193, 140
Trd, 4318888.443, 140
Trd, 4318889.293, 140
Trd, 4318890.993, 140
Trd, 4318891.793, 140
Trd, 4318892.393, 140
Trd, 4318892.493, 136
Trd, 4318893.293, 140
Trd, 4318893.443, 140
Trd, 4318893.843, 140
Trd, 4318893.943, 139
Trd, 4318895.143, 140
Trd, 4318895.343, 101
Trd, 4318896.193, 140
Trd, 4318896.443, 139
Trd, 4318897.543, 137
Trd, 4318897.893, 140
Trd, 4318898.593, 140
Trd, 4318899.093, 138
Trd, 4318899.993, 140
Trd, 4318900.843, 140
Trd, 4318900.893, 139
Trd, 4318901.743, 110
Trd, 4318901.943, 140
Trd, 4318902.743, 140
Trd, 4318902.843, 140
Trd, 4318903.693, 140
Trd, 4318904.243, 140
Trd, 4318907.143, 140
Trd, 4318907.293, 140
Trd, 4318907.693, 140
Trd, 4318908.643, 140
Trd, 4318908.743, 140
Trd, 4318909.043, 140
Trd, 4318909.943, 140
Trd, 4318910.243, 64
Trd, 4318911.093, 139
Trd, 4318911.493, 60
Trd, 4318913.043, 63
Trd, 4318913.093, 66
Trd, 4318915.493, 60
Trd, 4318915.793, 71
Trd, 4318916.693, 60
Trd, 4318917.793, 64
Trd, 4318919.543, 60
Trd, 4318919.943, 60
Trd, 4318920.193, 61
Trd, 4318921.143, 61
Trd, 4318921.343, 62
Trd, 4318921.943, 62
Trd, 4318923.193, 67
Trd, 4318923.393, 76
Trd, 4318924.443, 60
Trd, 4318925.243, 61
Trd, 4318927.843, 60
Trd, 4318928.143, 60
Trd, 4318928.743, 60
Trd, 4318928.893, 62
Trd, 4318929.443, 71
Trd, 4318929.943, 68
Trd, 4318930.993, 61
Trd, 4318931.693, 60
Trd, 4318932.243, 61
Trd, 4318933.543, 62
Trd, 4318933.743, 65
Trd, 4318934.043, 72
Trd, 4318935.893, 61
Trd, 4318937.193, 60
Trd, 4318937.793, 60
Trd, 4318937.943, 68
Trd, 4318937.993, 123
Trd, 4318938.793, 60
Trd, 4318939.843, 75
Trd, 4318940.043, 65
Trd, 4318940.793, 64
Trd, 4318941.593, 65
Trd, 4318942.393, 65
Trd, 4318942.643, 75
Trd, 4318943.193, 140
Trd, 4318944.393, 62
Trd, 4318945.043, 62
Trd, 4318945.343, 63
Trd, 4318946.193, 63
Trd, 4318946.743, 66
Trd, 4318947.443, 67
Trd, 4318947.743, 61
Trd, 4318948.843, 140
Trd, 4318949.093, 140
Trd, 4318949.343, 140
Trd, 4318949.643, 140
Trd, 4318950.343, 63
Trd, 4318951.293, 62
Trd, 4318951.843, 65
Trd, 4318953.293, 140
Trd, 4318954.943, 63
Trd, 4318955.143, 64
Trd, 4318955.293, 72
Trd, 4318956.143, 60
Trd, 4318956.393, 62
Trd, 4318958.393, 82
Trd, 4318958.443, 88
Trd, 4318958.893, 60
Trd, 4318958.943, 62
Trd, 4318960.043, 140
Trd, 4318961.093, 66
Trd, 4318961.843, 76
Trd, 4318961.893, 116
Trd, 4318962.493, 67
Trd, 4318962.743, 140
Trd, 4318963.543, 140
Trd, 4318963.893, 134
Trd, 4318966.343, 140
Trd, 4318966.793, 140
Trd, 4318967.393, 140
Trd, 4318967.893, 140
Trd, 4318968.543, 140
Trd, 4318969.793, 140
Trd, 4318970.193, 140
Trd, 4318970.293, 140
Trd, 4318970.743, 140
Trd, 4318971.693, 140
Trd, 4318972.243, 140
Trd, 4318972.443, 139
Trd, 4318973.243, 63
Trd, 4318973.893, 139
Trd, 4318974.443, 140
Trd, 4318975.043, 140
Trd, 4318975.243, 139
Trd, 4318977.093, 140
Trd, 4318977.743, 140
Trd, 4318977.893, 140
Trd, 4318978.243, 138
Trd, 4318980.393, 140
Trd, 4318980.693, 140
Trd, 4318981.443, 140
Trd, 4318981.743, 140
Trd, 4318982.943, 140
Trd, 4318984.043, 140
Trd, 4318984.193, 140
Trd, 4318984.393, 137
Trd, 4318985.843, 140
Trd, 4318987.443, 140
Trd, 4318987.593, 140
Trd, 4318987.693, 140
Trd, 4318987.843, 139
Trd, 4318988.243, 138
Trd, 4318989.493, 62
Trd, 4318989.843, 140
Trd, 4318991.443, 60
Trd, 4318991.693, 62
Trd, 4318992.693, 67
Trd, 4318992.743, 96
Trd, 4318992.943, 61
Trd, 4318993.093, 99
Trd, 4318993.693, 60
Trd, 4318994.393, 140
Trd, 4318994.793, 139
Trd, 4318995.193, 139
Trd, 4318996.043, 111
Trd, 4318996.793, 139
Trd, 4318996.893, 62
Trd, 4318997.793, 60
Trd, 4318999.743, 64
Trd, 4319000.243, 65
Trd, 4319001.693, 60
Trd, 4319001.943, 61
Trd, 4319002.143, 71
Trd, 4319002.443, 72
Trd, 4319002.943, 63
Trd, 4319003.993, 103
Trd, 4319004.143, 112
Trd, 4319004.693, 60
Trd, 4319007.493, 61
Trd, 4319007.793, 62
Trd, 4319008.943, 60
Trd, 4319009.493, 60
Trd, 4319010.393, 61
Trd, 4319010.993, 61
Trd, 4319011.343, 68
Trd, 4319011.443, 73
Trd, 4319012.043, 88
Trd, 4319012.293, 63
Trd, 4319013.043, 140
Trd, 4319013.143, 63
Trd, 4319013.943, 140
Trd, 4319014.393, 112
Trd, 4319015.093, 98
Trd, 4319015.343, 94
Trd, 4319016.943, 140
Trd, 4319017.343, 140
Trd, 4319018.243, 140
Trd, 4319019.093, 140
Trd, 4319019.243, 140
Trd, 4319019.893, 140
Trd, 4319021.093, 140
Trd, 4319021.393, 138
Trd, 4319021.543, 138
Trd, 4319021.743, 138
Trd, 4319022.693, 140
Trd, 4319023.193, 140
Trd, 4319024.293, 140
Trd, 4319024.543, 140
Trd, 4319025.793, 140
Trd, 4319025.893, 140
Trd, 4319027.193, 140
Trd, 4319027.293, 140
Trd, 4319027.593, 140
Trd, 4319028.743, 140
Trd, 4319029.443, 140
Trd, 4319030.443, 140
Trd, 4319030.593, 140
Trd, 4319030.993, 140
Trd, 4319031.443, 140
Trd, 4319032.493, 140
Trd, 4319033.743, 140
Trd, 4319034.993, 140
Trd, 4319035.043, 140
Trd, 4319035.393, 140
Trd, 4319036.293, 140
Trd, 4319036.693, 140
Trd, 4319036.843, 139
Trd, 4319037.643, 140
Trd, 4319037.943, 140
Trd, 4319038.543, 139
Trd, 4319039.393, 61
Trd, 4319039.993, 60
Trd, 4319040.793, 63
Trd, 4319040.893, 73
Trd, 4319042.793, 60
Trd, 4319043.043, 70
Trd, 4319044.393, 140
Trd, 4319045.043, 140
Trd, 4319045.343, 140
Trd, 4319045.693, 140
Trd, 4319045.843, 140
Trd, 4319045.893, 140
Trd, 4319047.243, 63
Trd, 4319047.393, 64
Trd, 4319048.743, 140
Trd, 4319051.043, 140
Trd, 4319051.243, 140
Trd, 4319051.443, 140
Trd, 4319052.143, 140
Trd, 4319052.343, 140
Trd, 4319052.793, 140
Trd, 4319053.443, 140
Trd, 4319054.543, 140
Trd, 4319055.043, 140
Trd, 4319055.243, 140
Trd, 4319056.143, 140
Trd, 4319056.493, 140
Trd, 4319057.093, 140
Trd, 4319057.493, 135
Trd, 4319058.093, 132
Trd, 4319059.343, 140
Trd, 4319060.393, 140
Trd, 4319061.643, 140
Trd, 4319061.793, 140
Trd, 4319062.043, 140
Trd, 4319062.143, 139
Trd, 4319062.293, 135
Trd, 4319063.143, 140
Trd, 4319064.543, 140
Trd, 4319065.443, 140
Trd, 4319065.493, 140
Trd, 4319065.893, 140
Trd, 4319066.143, 139
Trd, 4319066.643, 137
Trd, 4319067.393, 137
Trd, 4319067.743, 137
Trd, 4319069.143, 73
Trd, 4319070.543, 140
Trd, 4319071.543, 140
Trd, 4319071.743, 140
Trd, 4319071.993, 139
Trd, 4319072.043, 137
Trd, 4319072.343, 140
Trd, 4319072.643, 136
Trd, 4319073.193, 140
Trd, 4319074.843, 140
Trd, 4319075.243, 97
Trd, 4319075.443, 137
Trd, 4319075.793, 140
Trd, 4319076.243, 140
Trd, 4319078.343, 64
Trd, 4319078.443, 64
Trd, 4319079.443, 63
Trd, 4319080.493, 60
Trd, 4319081.193, 62
Trd, 4319081.543, 78
Trd, 4319081.893, 85
Trd, 4319082.243, 69
Trd, 4319083.543, 137
Trd, 4319083.843, 70
Trd, 4319084.393, 140
Trd, 4319084.743, 65
Trd, 4319085.643, 139
Trd, 4319086.243, 60
Trd, 4319087.493, 60
Trd, 4319087.743, 62
Trd, 4319088.343, 68
Trd, 4319089.193, 63
Trd, 4319089.943, 62
Trd, 4319091.143, 62
Trd, 4319092.043, 65
Trd, 4319092.593, 67
Trd, 4319092.643, 62
Trd, 4319092.993, 139
Trd, 4319095.293, 65
Trd, 4319095.593, 75
Trd, 4319096.343, 140
Trd, 4319096.393, 140
Trd, 4319096.893, 138
Trd, 4319096.993, 137
Trd, 4319097.143, 65
Trd, 4319098.293, 62
Trd, 4319098.843, 64
Trd, 4319099.343, 63
Trd, 4319100.043, 140
Trd, 4319100.093, 140
Trd, 4319101.443, 140
Trd, 4319101.693, 139
Trd, 4319102.393, 140
Trd, 4319103.343, 140
Trd, 4319103.493, 140
Trd, 4319103.843, 139
Trd, 4319104.893, 119
Trd, 4319105.893, 140
Trd, 4319106.893, 140
Trd, 4319107.093, 140
Trd, 4319107.443, 140
Trd, 4319108.093, 140
Trd, 4319109.043, 140
Trd, 4319110.293, 140
Trd, 4319110.593, 140
Trd, 4319111.043, 140
Trd, 4319111.843, 140
Trd, 4319112.443, 140
Trd, 4319112.943, 140
Trd, 4319112.993, 140
Trd, 4319114.343, 140
Trd, 4319115.893, 140
Trd, 4319116.143, 140
Trd, 4319116.293, 139
Trd, 4319116.343, 138
Trd, 4319116.843, 140
Trd, 4319118.593, 66
Trd, 4319119.743, 62
Trd, 4319120.943, 60
Trd, 4319121.893, 60
Trd, 4319122.493, 66
Trd, 4319123.943, 63
Trd, 4319124.093, 71
Trd, 4319124.993, 61
Trd, 4319126.293, 60
Trd, 4319126.443, 61
Trd, 4319126.593, 63
Trd, 4319127.043, 64
Trd, 4319127.243, 65
Trd, 4319128.193, 64
Trd, 4319128.443, 101
Trd, 4319129.843, 60
Trd, 4319130.943, 60
Trd, 4319131.493, 61
Trd, 4319131.743, 62
Trd, 4319133.093, 63
Trd, 4319133.643, 63
Trd, 4319133.843, 81
Trd, 4319134.393, 69
Trd, 4319134.943, 63
Trd, 4319135.593, 63
Trd, 4319137.043, 69
Trd, 4319137.343, 111
Trd, 4319138.093, 66
Trd, 4319138.543, 67
Trd, 4319138.693, 65
Trd, 4319139.143, 130
Trd, 4319139.843, 60
Trd, 4319142.643, 60
Trd, 4319143.693, 60
Trd, 4319143.793, 60
Trd, 4319144.243, 60
Trd, 4319144.593, 62
Trd, 4319145.543, 60
Trd, 4319146.043, 63
Trd, 4319146.243, 67
Trd, 4319146.493, 77
Trd, 4319146.743, 81
Trd, 4319146.993, 63
Trd, 4319147.993, 136
Trd, 4319148.493, 62
Trd, 4319149.943, 138
Trd, 4319150.243, 97
Trd, 4319150.793, 140
Trd, 4319150.893, 140
Trd, 4319152.243, 140
Trd, 4319152.693, 140
Trd, 4319154.943, 60
Trd, 4319155.443, 65
Trd, 4319155.943, 73
Trd, 4319157.043, 63
Trd, 4319157.543, 64
Trd, 4319157.793, 60
Trd, 4319158.043, 71
Trd, 4319159.593, 61
Trd, 4319161.193, 68
Trd, 4319161.793, 62
Trd, 4319162.643, 64
Trd, 4319163.793, 60
Trd, 4319164.193, 60
Trd, 4319164.543, 60
Trd, 4319166.093, 61
Trd, 4319166.643, 60
Trd, 4319167.643, 61
Trd, 4319167.843, 65
Trd, 4319167.993, 63
Trd, 4319168.893, 64
Trd, 4319169.043, 74
Trd, 4319169.243, 77
Trd, 4319169.843, 128
Trd, 4319171.643, 60
Trd, 4319171.793, 69
Trd, 4319172.543, 82
Trd, 4319173.893, 63
Trd, 4319174.243, 64
Trd, 4319174.693, 69
Trd, 4319174.743, 78
Trd, 4319175.093, 87
Trd, 4319177.593, 61
Trd, 4319178.193, 61
Trd, 4319178.593, 62
Trd, 4319179.393, 63
Trd, 4319180.543, 60
Trd, 4319180.593, 61
Trd, 4319181.543, 76
Trd, 4319181.643, 96
Trd, 4319183.093, 64
Trd, 4319183.393, 68
Trd, 4319183.593, 75
Trd, 4319184.593, 62
Trd, 4319185.143, 96
Trd, 4319185.343, 120
Trd, 4319185.843, 96
Trd, 4319186.293, 62
Trd, 4319187.193, 140
Trd, 4319187.293, 140
Trd, 4319188.293, 138
Trd, 4319189.043, 140
Trd, 4319189.193, 139
Trd, 4319189.593, 140
Trd, 4319189.943, 140
Trd, 4319192.593, 140
Trd, 4319192.743, 139
Trd, 4319193.893, 140
Trd, 4319194.143, 140
Trd, 4319194.293, 139
Trd, 4319194.943, 140
Trd, 4319195.093, 139
Trd, 4319195.293, 140
Trd, 4319196.243, 140
Trd, 4319197.343, 140
Trd, 4319197.593, 140
Trd, 4319198.043, 140
Trd, 4319198.443, 140
Trd, 4319199.093, 139
Trd, 4319199.543, 140
Trd, 4319199.643, 139
Trd, 4319200.543, 140
Trd, 4319200.693, 139
Trd, 4319201.743, 122
Trd, 4319202.493, 87
Trd, 4319202.593, 93
Trd, 4319202.643, 103
Trd, 4319203.343, 75
Trd, 4319204.343, 99
Trd, 4319205.743, 140
Trd, 4319207.243, 140
Trd, 4319207.793, 140
Trd, 4319209.143, 140
Trd, 4319209.243, 140
Trd, 4319209.593, 139
Trd, 4319209.943, 140
Trd, 4319210.043, 139
Trd, 4319210.393, 140
Trd, 4319212.643, 140
Trd, 4319213.243, 140
Trd, 4319213.293, 140
Trd, 4319214.043, 140
Trd, 4319214.843, 140
Trd, 4319215.143, 140
Trd, 4319215.893, 140
Trd, 4319216.593, 140
Trd, 4319216.843, 139
Trd, 4319217.793, 140
Trd, 4319217.843, 140
Trd, 4319217.993, 138
Trd, 4319221.043, 140
Trd, 4319221.743, 140
Trd, 4319222.843, 140
Trd, 4319223.093, 139
Trd, 4319223.243, 137
Trd, 4319224.043, 140
Trd, 4319224.843, 140
Trd, 4319225.443, 136
Trd, 4319225.493, 135
Trd, 4319227.443, 140
Trd, 4319227.693, 140
Trd, 4319228.243, 138
Trd, 4319228.993, 140
Trd, 4319229.543, 139
Trd, 4319229.943, 140
Trd, 4319230.593, 140
Trd, 4319230.843, 140
Trd, 4319231.743, 140
Trd, 4319231.993, 139
Trd, 4319234.343, 140
Trd, 4319234.493, 140
Trd, 4319234.993, 140
Trd, 4319235.093, 140
Trd, 4319235.893, 140
Trd, 4319237.693, 140
Trd, 4319237.793, 140
Trd, 4319238.193, 139
Trd, 4319238.893, 140
Trd, 4319240.793, 140
Trd, 4319240.893, 140
Trd, 4319241.393, 140
Trd, 4319241.843, 140
Trd, 4319242.543, 140
Trd, 4319243.143, 140
Trd, 4319244.143, 140
Trd, 4319244.543, 140
Trd, 4319244.643, 140
Trd, 4319245.543, 139
Trd, 4319246.343, 140
Trd, 4319246.543, 140
Trd, 4319246.693, 139
Trd, 4319247.743, 140
Trd, 4319247.893, 140
Trd, 4319249.193, 140
Trd, 4319249.493, 140
Trd, 4319250.693, 140
Trd, 4319252.043, 140
Trd, 4319252.893, 140
Trd, 4319253.543, 140
Trd, 4319253.643, 139
Trd, 4319254.443, 140
Trd, 4319254.543, 140
Trd, 4319255.093, 140
Trd, 4319255.843, 140
Trd, 4319255.893, 140
Trd, 4319256.693, 80
Trd, 4319258.043, 140
Trd, 4319258.293, 138
Trd, 4319259.943, 140
Trd, 4319260.793, 140
Trd, 4319260.993, 140
Trd, 4319261.543, 139
Trd, 4319262.543, 140
Trd, 4319263.243, 140
Trd, 4319263.443, 71
Trd, 4319264.043, 140
Trd, 4319265.143, 139
Trd, 4319265.343, 138
Trd, 4319266.093, 140
Trd, 4319267.293, 140
Trd, 4319267.393, 136
Trd, 4319267.693, 111
Trd, 4319268.893, 138
Trd, 4319270.143, 140
Trd, 4319270.943, 140
Trd, 4319271.193, 140
Trd, 4319271.693, 139
Trd, 4319273.143, 138
Trd, 4319273.593, 137
Trd, 4319273.943, 138
Trd, 4319274.193, 76
Trd, 4319274.743, 79
Trd, 4319275.743, 140
Trd, 4319275.943, 138
Trd, 4319277.243, 63
Trd, 4319277.743, 140
Trd, 4319279.543, 140
Trd, 4319280.043, 140
Trd, 4319280.243, 140
Trd, 4319280.743, 140
Trd, 4319280.893, 140
Trd, 4319283.243, 140
Trd, 4319283.643, 140
Trd, 4319283.693, 140
Trd, 4319284.493, 139
Trd, 4319284.943, 140
Trd, 4319285.543, 140
Trd, 4319285.893, 140
Trd, 4319286.893, 140
Trd, 4319286.993, 140
Trd, 4319287.093, 124
Trd, 4319288.393, 130
Trd, 4319290.343, 65
Trd, 4319291.143, 63
Trd, 4319291.893, 60
Trd, 4319291.943, 78
Trd, 4319292.193, 64
Trd, 4319293.143, 63
Trd, 4319293.843, 60
Trd, 4319294.643, 61
Trd, 4319294.893, 62
Trd, 4319295.493, 69
Trd, 4319296.143, 65
Trd, 4319296.293, 71
Trd, 4319296.793, 76
Trd, 4319297.693, 123
Trd, 4319297.893, 91
Trd, 4319298.043, 138
Trd, 4319298.193, 62
Trd, 4319299.993, 140
Trd, 4319300.643, 140
Trd, 4319301.293, 140
Trd, 4319301.393, 140
Trd, 4319301.943, 140
Trd, 4319304.593, 140
Trd, 4319305.293, 140
Trd, 4319305.593, 140
Trd, 4319305.643, 140
Trd, 4319306.693, 140
Trd, 4319306.893, 140
Trd, 4319307.443, 140
Trd, 4319308.093, 140
Trd, 4319308.343, 139
Trd, 4319309.093, 137
Trd, 4319309.893, 140
Trd, 4319309.943, 140
Trd, 4319311.343, 140
Trd, 4319312.793, 140
Trd, 4319312.843, 140
Trd, 4319314.593, 140
Trd, 4319315.193, 140
Trd, 4319315.643, 140
Trd, 4319315.893, 140
Trd, 4319316.443, 140
Trd, 4319316.543, 140
Trd, 4319317.393, 140
Trd, 4319317.543, 140
Trd, 4319318.293, 140
Trd, 4319318.393, 139
Trd, 4319318.443, 138
Trd, 4319319.143, 139
Trd, 4319320.093, 96
Trd, 4319320.293, 114
Trd, 4319320.693, 139
Trd, 4319320.943, 139
Trd, 4319321.243, 140
Trd, 4319322.293, 140
Trd, 4319324.643, 140
Trd, 4319324.793, 140
Trd, 4319324.843, 139
Trd, 4319325.893, 127
Trd, 4319326.893, 64
Trd, 4319327.193, 71
Trd, 4319328.043, 135
Trd, 4319328.443, 139
Trd, 4319329.093, 60
Trd, 4319330.093, 60
Trd, 4319330.593, 66
Trd, 4319331.193, 140
Trd, 4319331.993, 140
Trd, 4319332.643, 140
Trd, 4319333.243, 140
Trd, 4319333.693, 140
Trd, 4319335.193, 140
Trd, 4319335.543, 139
Trd, 4319335.843, 138
Trd, 4319337.143, 140
Trd, 4319337.193, 140
Trd, 4319337.843, 140
Trd, 4319339.043, 140
Trd, 4319339.093, 140
Trd, 4319339.243, 140
Trd, 4319339.793, 140
Trd, 4319341.193, 140
Trd, 4319341.693, 139
Trd, 4319342.143, 139
Trd, 4319343.243, 140
Trd, 4319343.543, 139
Trd, 4319344.193, 140
Trd, 4319345.793, 60
Trd, 4319346.693, 140
Trd, 4319347.443, 140
Trd, 4319347.543, 140
Trd, 4319347.893, 140
Trd, 4319348.943, 60
Trd, 4319349.443, 64
Trd, 4319350.093, 68
Trd, 4319350.293, 73
Trd, 4319351.343, 138
Trd, 4319351.693, 139
Trd, 4319352.693, 60
Trd, 4319353.543, 63
Trd, 4319354.093, 64
Trd, 4319354.243, 133
Trd, 4319354.793, 63
Trd, 4319356.093, 60
Trd, 4319356.343, 71
Trd, 4319356.393, 76
Trd, 4319357.693, 62
Trd, 4319357.793, 66
Trd, 4319357.993, 65
Trd, 4319358.443, 63
Trd, 4319359.343, 69
Trd, 4319360.743, 60
Trd, 4319360.793, 82
Trd, 4319361.943, 60
Trd, 4319362.743, 61
Trd, 4319363.343, 71
Trd, 4319363.393, 72
Trd, 4319364.293, 63
Trd, 4319364.393, 67
Trd, 4319365.293, 130
Trd, 4319366.443, 60
Trd, 4319367.043, 60
Trd, 4319368.293, 60
Trd, 4319368.693, 61
Trd, 4319369.243, 62
Trd, 4319369.893, 64
Trd, 4319370.143, 64
Trd, 4319371.443, 140
Trd, 4319371.593, 140
Trd, 4319372.443, 140
Trd, 4319372.593, 140
Trd, 4319372.693, 139
Trd, 4319373.443, 140
Trd, 4319373.493, 140
Trd, 4319374.693, 140
Trd, 4319375.193, 140
Trd, 4319375.793, 140
Trd, 4319377.293, 140
Trd, 4319377.443, 140
Trd, 4319377.493, 140
Trd, 4319379.543, 140
Trd, 4319380.493, 140
Trd, 4319381.493, 140
Trd, 4319381.743, 140
Trd, 4319382.143, 140
Trd, 4319383.443, 140
Trd, 4319383.693, 140
Trd, 4319385.193, 140
Trd, 4319385.393, 140
Trd, 4319385.443, 140
Trd, 4319385.693, 140
Trd, 4319385.943, 140
Trd, 4319387.293, 140
Trd, 4319387.443, 140
Trd, 4319388.043, 140
Trd, 4319388.543, 140
Trd, 4319388.793, 140
Trd, 4319390.543, 140
Trd, 4319391.143, 140
Trd, 4319392.193, 140
Trd, 4319392.343, 140
Trd, 4319393.093, 140
Trd, 4319393.243, 139
Trd, 4319394.193, 140
Trd, 4319395.043, 140
Trd, 4319395.443, 140
Trd, 4319395.993, 140
Trd, 4319396.593, 140
Trd, 4319397.693, 140
Trd, 4319398.443, 140
Trd, 4319398.893, 140
Trd, 4319399.443, 140
Trd, 4319400.193, 140
Trd, 4319400.693, 140
Trd, 4319401.293, 140
Trd, 4319402.443, 136
Trd, 4319402.493, 98
Trd, 4319403.443, 140
Trd, 4319405.493, 140
Trd, 4319406.343, 140
Trd, 4319406.543, 140
Trd, 4319407.093, 138
Trd, 4319407.493, 140
Trd, 4319408.193, 139
Trd, 4319408.293, 139
Trd, 4319410.143, 60
Trd, 4319410.243, 74
Trd, 4319410.593, 123
Trd, 4319410.743, 81
Trd, 4319410.893, 61
Trd, 4319412.393, 140
Trd, 4319412.593, 140
Trd, 4319413.093, 138
Trd, 4319413.193, 137
Trd, 4319414.143, 140
Trd, 4319414.243, 139
Trd, 4319414.793, 66
Trd, 4319416.293, 140
Trd, 4319416.893, 138
Trd, 4319417.143, 140
Trd, 4319417.793, 136
Trd, 4319418.043, 140
Trd, 4319419.443, 139
Trd, 4319419.493, 138
Trd, 4319421.443, 140
Trd, 4319421.693, 139
Trd, 4319422.243, 139
Trd, 4319422.543, 60
Trd, 4319424.043, 104
Trd, 4319425.093, 61
Trd, 4319426.093, 68
Trd, 4319426.443, 61
Trd, 4319426.843, 61
Trd, 4319427.943, 60
Trd, 4319428.143, 68
Trd, 4319429.093, 67
Trd, 4319429.693, 66
Trd, 4319429.743, 90
Trd, 4319431.543, 60
Trd, 4319432.443, 61
Trd, 4319433.693, 61
Trd, 4319434.493, 60
Trd, 4319434.543, 63
Trd, 4319434.743, 70
Trd, 4319434.893, 73
Trd, 4319437.393, 61
Trd, 4319437.493, 66
Trd, 4319438.693, 61
Trd, 4319439.343, 60
Trd, 4319439.843, 62
Trd, 4319440.143, 78
Trd, 4319441.443, 140
Trd, 4319442.093, 140
Trd, 4319442.343, 140
Trd, 4319442.493, 140
Trd, 4319442.943, 140
Trd, 4319443.193, 140
Trd, 4319443.493, 140
Trd, 4319444.043, 140
Trd, 4319444.893, 140
Trd, 4319445.243, 140
Trd, 4319446.593, 140
Trd, 4319448.443, 140
Trd, 4319448.593, 140
Trd, 4319448.843, 140
Trd, 4319448.993, 139
Trd, 4319449.093, 139
Trd, 4319449.143, 102
Trd, 4319450.443, 61
Trd, 4319451.093, 60
Trd, 4319452.243, 99
Trd, 4319452.943, 70
Trd, 4319453.793, 140
Trd, 4319454.643, 140
Trd, 4319455.093, 140
Trd, 4319455.193, 140
Trd, 4319455.343, 136
Trd, 4319455.643, 62
Trd, 4319455.943, 64
Trd, 4319457.793, 99
Trd, 4319459.193, 61
Trd, 4319459.343, 71
Trd, 4319459.693, 71
Trd, 4319459.893, 140
Trd, 4319460.843, 62
Trd, 4319462.093, 140
Trd, 4319462.143, 140
Trd, 4319463.243, 140
Trd, 4319463.793, 140
Trd, 4319464.593, 140
Trd, 4319464.943, 140
Trd, 4319465.743, 140
Trd, 4319465.893, 140
Trd, 4319466.243, 139
Trd, 4319468.243, 140
Trd, 4319468.743, 138
Trd, 4319468.993, 138
Trd, 4319469.643, 140
Trd, 4319470.943, 140
Trd, 4319471.093, 140
Trd, 4319471.493, 140
Trd, 4319472.393, 140
Trd, 4319473.293, 140
Trd, 4319473.693, 140
Trd, 4319474.043, 140
Trd, 4319474.943, 140
Trd, 4319475.143, 138
Trd, 4319475.493, 140
Trd, 4319475.793, 139
Trd, 4319476.593, 130
Trd, 4319476.993, 61
Trd, 4319478.643, 61
Trd, 4319479.493, 61
Trd, 4319479.693, 65
Trd, 4319480.043, 75
Trd, 4319480.293, 138
Trd, 4319481.343, 64
Trd, 4319481.993, 66
Trd, 4319483.893, 140
Trd, 4319483.993, 140
Trd, 4319484.343, 140
Trd, 4319484.743, 140
Trd, 4319486.143, 140
Trd, 4319486.893, 136
Trd, 4319487.543, 140
Trd, 4319488.243, 140
Trd, 4319489.593, 140
Trd, 4319489.743, 140
Trd, 4319491.243, 140
Trd, 4319491.693, 140
Trd, 4319491.993, 140
Trd, 4319492.443, 140
Trd, 4319492.593, 140
Trd, 4319493.093, 138
Trd, 4319493.143, 98
Trd, 4319494.643, 64
Trd, 4319495.493, 61
Trd, 4319495.943, 76
Trd, 4319496.493, 61
Trd, 4319497.293, 140
Trd, 4319498.243, 63
Trd, 4319499.193, 140
Trd, 4319499.493, 140
Trd, 4319500.043, 140
Trd, 4319500.093, 140
Trd, 4319501.693, 140
Trd, 4319503.443, 140
Trd, 4319504.143, 140
Trd, 4319504.193, 140
Trd, 4319504.293, 139
Trd, 4319504.743, 140
Trd, 4319505.543, 138
Trd, 4319506.193, 140
Trd, 4319506.243, 139
Trd, 4319506.793, 139
Trd, 4319507.293, 106
Trd, 4319507.943, 116
Trd, 4319508.193, 60
Trd, 4319509.643, 140
Trd, 4319509.793, 140
Trd, 4319511.293, 140
Trd, 4319512.693, 140
Trd, 4319512.893, 140
Trd, 4319512.943, 140
Trd, 4319513.693, 140
Trd, 4319514.193, 139
Trd, 4319514.343, 140
Trd, 4319515.543, 140
Trd, 4319515.643, 140
Trd, 4319516.943, 138
Trd, 4319517.043, 139
Trd, 4319518.093, 139
Trd, 4319519.093, 140
Trd, 4319519.193, 139
Trd, 4319519.443, 140
Trd, 4319519.893, 139
Trd, 4319520.943, 140
Trd, 4319522.693, 140
Trd, 4319522.743, 140
Trd, 4319524.093, 140
Trd, 4319524.593, 140
Trd, 4319525.593, 140
Trd, 4319525.793, 139
Trd, 4319526.393, 140
Trd, 4319527.243, 139
Trd, 4319527.543, 140
Trd, 4319528.643, 140
Trd, 4319528.743, 140
Trd, 4319529.493, 140
Trd, 4319530.743, 140
Trd, 4319530.893, 140
Trd, 4319531.093, 139
Trd, 4319531.493, 138
Trd, 4319531.743, 136
Trd, 4319531.993, 75
Trd, 4319533.443, 138
Trd, 4319533.693, 140
Trd, 4319533.793, 135
Trd, 4319534.893, 140
Trd, 4319535.343, 137
Trd, 4319536.593, 140
Trd, 4319536.643, 139
Trd, 4319537.593, 136
Trd, 4319537.893, 68
Trd, 4319539.243, 124
Trd, 4319539.443, 66
Trd, 4319539.793, 65
Trd, 4319540.193, 80
Trd, 4319541.443, 84
Trd, 4319541.793, 71
Trd, 4319542.693, 140
Trd, 4319542.743, 140
Trd, 4319543.393, 127
Trd, 4319545.143, 140
Trd, 4319545.693, 140
Trd, 4319545.993, 140
Trd, 4319546.093, 139
Trd, 4319546.443, 140
Trd, 4319547.193, 139
Trd, 4319547.443, 103
Trd, 4319548.393, 140
Trd, 4319548.443, 140
Trd, 4319549.243, 140
Trd, 4319549.743, 139
Trd, 4319549.893, 139
Trd, 4319551.843, 140
Trd, 4319552.143, 140
Trd, 4319552.543, 140
Trd, 4319552.643, 140
Trd, 4319554.393, 140
Trd, 4319554.893, 140
Trd, 4319555.043, 140
Trd, 4319556.093, 140
Trd, 4319556.743, 138
Trd, 4319556.793, 137
Trd, 4319558.493, 140
Trd, 4319558.693, 140
Trd, 4319559.443, 140
Trd, 4319559.543, 140
Trd, 4319559.843, 138
Trd, 4319560.443, 140
Trd, 4319560.593, 110
Trd, 4319560.893, 61
Trd, 4319561.643, 81
Trd, 4319562.893, 140
Trd, 4319563.093, 139
Trd, 4319564.143, 140
Trd, 4319564.243, 140
Trd, 4319564.293, 139
Trd, 4319566.043, 62
Trd, 4319566.293, 115
Trd, 4319566.843, 133
Trd, 4319567.343, 139
Trd, 4319567.993, 139
Trd, 4319568.593, 138
Trd, 4319569.493, 140
Trd, 4319569.543, 140
Trd, 4319569.943, 139
Trd, 4319572.193, 140
Trd, 4319572.293, 139
Trd, 4319572.993, 140
Trd, 4319573.993, 140
Trd, 4319574.843, 140
Trd, 4319575.393, 140
Trd, 4319575.443, 140
Trd, 4319575.493, 106
Trd, 4319576.943, 140
Trd, 4319577.343, 98
Trd, 4319578.093, 140
Trd, 4319578.943, 69
Trd, 4319579.093, 79
Trd, 4319579.943, 140
Trd, 4319580.143, 140
Trd, 4319580.793, 140
Trd, 4319582.643, 140
Trd, 4319583.043, 140
Trd, 4319583.193, 140
Trd, 4319584.793, 140
Trd, 4319585.393, 140
Trd, 4319586.143, 140
Trd, 4319586.543, 140
Trd, 4319586.793, 140
Trd, 4319588.443, 140
Trd, 4319588.893, 140
Trd, 4319589.193, 140
Trd, 4319589.243, 139
Trd, 4319589.993, 140
Trd, 4319590.343, 140
Trd, 4319590.543, 140
Trd, 4319591.893, 140
Trd, 4319592.993, 140
Trd, 4319593.093, 140
Trd, 4319593.343, 140
Trd, 4319593.843, 140
Trd, 4319594.943, 140
Trd, 4319597.193, 140
Trd, 4319598.193, 140
Trd, 4319598.243, 140
Trd, 4319598.443, 140
Trd, 4319599.043, 140
Trd, 4319600.393, 140
Trd, 4319601.343, 140
Trd, 4319601.943, 140
Trd, 4319602.693, 140
Trd, 4319603.043, 140
Trd, 4319603.543, 140
Trd, 4319604.693, 140
Trd, 4319605.443, 140
Trd, 4319605.543, 140
Trd, 4319606.743, 140
Trd, 4319607.393, 140
Trd, 4319607.543, 139
Trd, 4319608.993, 140
Trd, 4319609.293, 140
Trd, 4319609.343, 140
Trd, 4319610.193, 140
Trd, 4319610.293, 140
Trd, 4319611.393, 140
Trd, 4319612.893, 140
Trd, 4319613.143, 140
Trd, 4319613.893, 140
Trd, 4319614.393, 140
Trd, 4319614.493, 140
Trd, 4319615.593, 140
Trd, 4319616.193, 140
Trd, 4319617.193, 140
Trd, 4319617.843, 140
Trd, 4319618.243, 139
Trd, 4319619.043, 66
Trd, 4319620.293, 61
Trd, 4319621.293, 62
Trd, 4319621.643, 66
Trd, 4319621.693, 60
Trd, 4319621.743, 71
Trd, 4319622.543, 89
Trd, 4319623.493, 60
Trd, 4319624.193, 63
Trd, 4319624.493, 83
Trd, 4319625.643, 60
Trd, 4319626.393, 61
Trd, 4319626.793, 61
Trd, 4319627.443, 60
Trd, 4319628.643, 61
Trd, 4319629.143, 61
Trd, 4319629.443, 74
Trd, 4319630.443, 73
Trd, 4319632.343, 61
Trd, 4319632.743, 76
Trd, 4319633.293, 140
Trd, 4319633.443, 140
Trd, 4319633.643, 139
Trd, 4319634.193, 140
Trd, 4319634.693, 60
Trd, 4319636.243, 60
Trd, 4319636.593, 66
Trd, 4319637.193, 60
Trd, 4319637.343, 65
Trd, 4319637.993, 62
Trd, 4319638.143, 72
Trd, 4319639.993, 65
Trd, 4319640.943, 60
Trd, 4319641.793, 61
Trd, 4319641.943, 61
Trd, 4319642.243, 71
Trd, 4319644.693, 60
Trd, 4319644.943, 65
Trd, 4319645.493, 65
Trd, 4319645.743, 63
Trd, 4319646.143, 75
Trd, 4319646.393, 81
Trd, 4319646.643, 63
Trd, 4319647.193, 65
Trd, 4319647.243, 71
Trd, 4319647.893, 61
Trd, 4319648.443, 138
Trd, 4319649.643, 139
Trd, 4319650.443, 140
Trd, 4319650.493, 140
Trd, 4319650.793, 81
Trd, 4319651.893, 70
Trd, 4319653.443, 140
Trd, 4319653.543, 140
Trd, 4319655.043, 140
Trd, 4319655.393, 139
Trd, 4319655.943, 140
Trd, 4319657.943, 140
Trd, 4319658.393, 140
Trd, 4319658.593, 140
Trd, 4319658.893, 140
Trd, 4319659.243, 140
Trd, 4319660.393, 140
Trd, 4319661.093, 140
Trd, 4319661.293, 140
Trd, 4319662.143, 140
Trd, 4319662.543, 140
Trd, 4319662.993, 140
Trd, 4319663.143, 140
Trd, 4319664.443, 140
Trd, 4319666.193, 140
Trd, 4319666.693, 139
Trd, 4319667.043, 138
Trd, 4319667.093, 137
Trd, 4319667.643, 140
Trd, 4319667.993, 140
Trd, 4319668.643, 140
Trd, 4319669.043, 140
Trd, 4319670.293, 140
Trd, 4319670.993, 140
Trd, 4319671.143, 140
Trd, 4319671.443, 139
Trd, 4319671.993, 138
Trd, 4319672.943, 136
Trd, 4319674.843, 140
Trd, 4319675.293, 140
Trd, 4319675.393, 140
Trd, 4319676.893, 140
Trd, 4319676.943, 140
Trd, 4319677.893, 140
Trd, 4319678.493, 140
Trd, 4319678.743, 139
Trd, 4319679.343, 140
Trd, 4319679.893, 139
Trd, 4319681.093, 140
Trd, 4319681.493, 140
Trd, 4319681.793, 140
Trd, 4319682.843, 140
Trd, 4319683.643, 140
Trd, 4319684.043, 139
Trd, 4319684.443, 140
Trd, 4319685.243, 140
Trd, 4319685.943, 140
Trd, 4319686.443, 140
Trd, 4319687.393, 140
Trd, 4319687.743, 140
Trd, 4319688.693, 140
Trd, 4319690.493, 140
Trd, 4319691.843, 140
Trd, 4319692.593, 140
Trd, 4319692.693, 140
Trd, 4319693.543, 140
Trd, 4319693.643, 140
Trd, 4319693.943, 140
Trd, 4319694.343, 140
Trd, 4319695.693, 140
Trd, 4319696.593, 140
Trd, 4319696.743, 140
Trd, 4319696.793, 140
Trd, 4319698.043, 140
Trd, 4319698.343, 138
Trd, 4319699.493, 140
Trd, 4319699.643, 140
Trd, 4319699.993, 140
Trd, 4319700.793, 140
Trd, 4319701.443, 140
Trd, 4319702.343, 140
Trd, 4319703.293, 140
Trd, 4319704.293, 140
Trd, 4319704.443, 140
Trd, 4319704.693, 140
Trd, 4319704.893, 140
Trd, 4319705.193, 140
Trd, 4319706.893, 140
Trd, 4319707.443, 140
Trd, 4319707.493, 140
Trd, 4319708.443, 140
Trd, 4319708.643, 140
Trd, 4319709.243, 140
Trd, 4319709.893, 140
Trd, 4319710.893, 140
Trd, 4319711.343, 140
Trd, 4319711.743, 139
Trd, 4319712.493, 140
Trd, 4319712.743, 140
Trd, 4319714.193, 140
Trd, 4319714.493, 139
Trd, 4319714.593, 140
Trd, 4319715.593, 140
Trd, 4319717.093, 140
Trd, 4319718.343, 140
Trd, 4319718.593, 140
Trd, 4319719.143, 140
Trd, 4319720.493, 140
Trd, 4319721.593, 140
Trd, 4319722.693, 140
Trd, 4319722.793, 140
Trd, 4319723.343, 140
Trd, 4319723.493, 139
Trd, 4319724.393, 140
Trd, 4319724.493, 140
Trd, 4319726.343, 140
Trd, 4319727.243, 140
Trd, 4319728.343, 140
Trd, 4319728.643, 140
Trd, 4319728.693, 140
Trd, 4319730.093, 140
Trd, 4319730.293, 139
Trd, 4319730.493, 140
Trd, 4319730.643, 139
Trd, 4319731.093, 138
Trd, 4319731.543, 136
Trd, 4319732.443, 140
Trd, 4319732.693, 140
Trd, 4319732.843, 136
Trd, 4319733.093, 138
Trd, 4319733.743, 97
Trd, 4319734.493, 71
Trd, 4319734.643, 66
Trd, 4319735.843, 140
Trd, 4319736.693, 139
Trd, 4319736.743, 101
Trd, 4319737.043, 62
Trd, 4319737.543, 82
Trd, 4319739.343, 60
Trd, 4319740.093, 63
Trd, 4319740.343, 71
Trd, 4319742.743, 60
Trd, 4319742.793, 61
Trd, 4319743.843, 61
Trd, 4319744.243, 71
Trd, 4319745.243, 60
Trd, 4319746.493, 61
Trd, 4319746.893, 84
Trd, 4319747.043, 109
Trd, 4319747.743, 62
Trd, 4319748.593, 60
Trd, 4319748.643, 64
Trd, 4319749.143, 65
Trd, 4319749.243, 70
Trd, 4319751.693, 61
Trd, 4319751.943, 62
Trd, 4319752.743, 71
Trd, 4319753.893, 61
Trd, 4319754.243, 65
Trd, 4319754.893, 62
Trd, 4319755.293, 63
Trd, 4319755.393, 74
Trd, 4319756.943, 62
Trd, 4319757.043, 65
Trd, 4319757.593, 64
Trd, 4319758.743, 62
Trd, 4319759.893, 91
Trd, 4319759.993, 82
Trd, 4319760.543, 140
Trd, 4319760.643, 140
Trd, 4319761.743, 140
Trd, 4319761.943, 139
Trd, 4319762.043, 139
Trd, 4319762.493, 139
Trd, 4319764.993, 60
Trd, 4319765.443, 70
Trd, 4319765.493, 80
Trd, 4319765.943, 64
Trd, 4319766.443, 140
Trd, 4319766.493, 140
Trd, 4319767.493, 140
Trd, 4319767.643, 140
Trd, 4319767.743, 138
Trd, 4319768.443, 140
Trd, 4319770.393, 140
Trd, 4319770.793, 140
Trd, 4319771.093, 140
Trd, 4319771.943, 140
Trd, 4319772.493, 140
Trd, 4319773.393, 140
Trd, 4319773.743, 140
Trd, 4319774.843, 140
Trd, 4319775.343, 140
Trd, 4319776.243, 140
Trd, 4319776.493, 140
Trd, 4319777.293, 140
Trd, 4319777.593, 140
Trd, 4319780.343, 140
Trd, 4319781.143, 140
Trd, 4319781.493, 140
Trd, 4319781.643, 140
Trd, 4319781.693, 140
Trd, 4319783.793, 140
Trd, 4319784.493, 140
Trd, 4319784.743, 140
Trd, 4319785.043, 140
Trd, 4319785.343, 140
Trd, 4319785.843, 140
Trd, 4319786.643, 140
Trd, 4319786.743, 140
Trd, 4319787.993, 139
Trd, 4319788.343, 139
Trd, 4319789.293, 139
Trd, 4319789.943, 138
Trd, 4319790.243, 140
Trd, 4319790.593, 140
Trd, 4319790.793, 139
Trd, 4319791.993, 140
Trd, 4319792.743, 139
Trd, 4319793.343, 62
Trd, 4319793.693, 65
Trd, 4319794.993, 140
Trd, 4319795.893, 140
Trd, 4319796.293, 140
Trd, 4319796.543, 140
Trd, 4319798.293, 64
Trd, 4319799.293, 64
Trd, 4319799.943, 68
Trd, 4319800.043, 69
Trd, 4319801.143, 65
Trd, 4319801.843, 60
Trd, 4319802.893, 62
Trd, 4319803.643, 112
Trd, 4319803.793, 137
Trd, 4319805.093, 98
Trd, 4319805.343, 96
Trd, 4319805.743, 62
Trd, 4319806.643, 83
Trd, 4319807.043, 63
Trd, 4319807.293, 61
Trd, 4319808.443, 60
Trd, 4319809.393, 62
Trd, 4319810.443, 60
Trd, 4319811.343, 61
Trd, 4319811.643, 64
Trd, 4319812.443, 63
Trd, 4319813.193, 62
Trd, 4319813.543, 72
Trd, 4319813.793, 81
Trd, 4319814.943, 140
Trd, 4319815.293, 140
Trd, 4319815.743, 139
Trd, 4319815.793, 138
Trd, 4319816.693, 84
Trd, 4319817.493, 60
Trd, 4319817.843, 60
Trd, 4319819.593, 139
Trd, 4319820.693, 139
Trd, 4319820.743, 137
Trd, 4319821.943, 140
Trd, 4319822.093, 140
Trd, 4319822.193, 140
Trd, 4319822.243, 140
Trd, 4319822.293, 137
Trd, 4319822.443, 69
Trd, 4319825.043, 63
Trd, 4319825.443, 61
Trd, 4319825.493, 73
Trd, 4319825.793, 115
Trd, 4319827.193, 62
Trd, 4319827.243, 110
Trd, 4319827.493, 76
Trd, 4319828.693, 77
Trd, 4319829.793, 61
Trd, 4319830.143, 61
Trd, 4319830.793, 61
Trd, 4319831.193, 60
Trd, 4319831.243, 71
Trd, 4319831.693, 67
Trd, 4319832.193, 87
Trd, 4319833.143, 140
Trd, 4319834.343, 103
Trd, 4319834.593, 126
Trd, 4319835.543, 61
Trd, 4319836.793, 60
Trd, 4319836.893, 61
Trd, 4319837.343, 61
Trd, 4319838.193, 60
Trd, 4319838.793, 61
Trd, 4319840.593, 60
Trd, 4319841.343, 60
Trd, 4319841.443, 66
Trd, 4319841.693, 71
Trd, 4319842.893, 63
Trd, 4319844.693, 61
Trd, 4319845.093, 64
Trd, 4319845.743, 64
Trd, 4319845.943, 74
Trd, 4319846.993, 60
Trd, 4319847.393, 61
Trd, 4319847.893, 62
Trd, 4319848.243, 87
Trd, 4319849.093, 62
Trd, 4319850.193, 62
Trd, 4319850.543, 74
Trd, 4319851.393, 72
Trd, 4319852.193, 71
Trd, 4319852.943, 92
Trd, 4319853.843, 84
Trd, 4319854.643, 140
Trd, 4319854.843, 138
Trd, 4319854.993, 90
Trd, 4319855.843, 76
Trd, 4319857.143, 62
Trd, 4319858.843, 62
Trd, 4319859.893, 67
Trd, 4319859.993, 70
Trd, 4319861.693, 60
Trd, 4319863.043, 63
Trd, 4319863.243, 63
Trd, 4319863.443, 68
Trd, 4319864.843, 61
Trd, 4319864.993, 61
Trd, 4319865.843, 61
Trd, 4319866.743, 60
Trd, 4319867.293, 63
Trd, 4319867.493, 73
Trd, 4319867.993, 83
Trd, 4319868.293, 62
Trd, 4319870.193, 140
Trd, 4319870.293, 140
Trd, 4319871.043, 140
Trd, 4319872.043, 140
Trd, 4319872.243, 140
Trd, 4319873.343, 140
Trd, 4319873.493, 140
Trd, 4319873.693, 140
Trd, 4319874.393, 139
Trd, 4319874.443, 139
Trd, 4319875.143, 137
Trd, 4319876.843, 140
Trd, 4319876.993, 139
Trd, 4319877.143, 130
Trd, 4319877.593, 139
Trd, 4319878.493, 140
Trd, 4319880.043, 139
Trd, 4319880.443, 139
Trd, 4319880.693, 140
Trd, 4319881.343, 140
Trd, 4319881.943, 140
Trd, 4319882.643, 140
Trd, 4319883.143, 140
Trd, 4319883.593, 140
Trd, 4319884.343, 140
Trd, 4319885.493, 139
Trd, 4319887.243, 140
Trd, 4319887.643, 140
Trd, 4319887.793, 140
Trd, 4319888.193, 140
Trd, 4319888.893, 140
Trd, 4319889.043, 140
Trd, 4319889.643, 140
Trd, 4319889.993, 140
Trd, 4319890.393, 140
Trd, 4319890.893, 138
Trd, 4319891.743, 140
Trd, 4319892.693, 140
Trd, 4319893.943, 140
Trd, 4319894.593, 140
Trd, 4319895.193, 140
Trd, 4319895.443, 140
Trd, 4319896.243, 140
Trd, 4319896.343, 73
Trd, 4319897.093, 140
Trd, 4319897.643, 140
Trd, 4319898.343, 140
Trd, 4319898.493, 140
Trd, 4319900.893, 140
Trd, 4319901.643, 140
Trd, 4319901.743, 140
Trd, 4319902.393, 140
Trd, 4319902.593, 140
Trd, 4319903.143, 140
Trd, 4319903.743, 140
Trd, 4319903.893, 140
Trd, 4319905.143, 139
Trd, 4319905.893, 140
Trd, 4319906.943, 140
Trd, 4319907.593, 140
Trd, 4319907.643, 140
Trd, 4319907.693, 139
Trd, 4319907.993, 140
Trd, 4319908.093, 64
Trd, 4319908.793, 60
Trd, 4319909.843, 69
Trd, 4319910.793, 117
Trd, 4319911.643, 140
Trd, 4319913.493, 140
Trd, 4319913.743, 140
Trd, 4319913.843, 140
Trd, 4319914.293, 140
Trd, 4319915.343, 140
Trd, 4319915.593, 140
Trd, 4319915.693, 139
Trd, 4319917.193, 140
Trd, 4319917.643, 140
Trd, 4319918.193, 140
Trd, 4319918.993, 140
Trd, 4319920.243, 140
Trd, 4319920.443, 140
Trd, 4319920.743, 140
Trd, 4319921.143, 139
Trd, 4319922.143, 140
Trd, 4319922.793, 140
Trd, 4319922.893, 137
Trd, 4319923.243, 135
Trd, 4319924.493, 64
Trd, 4319924.693, 69
Trd, 4319925.043, 79
Trd, 4319925.343, 140
Trd, 4319926.043, 140
Trd, 4319928.293, 140
Trd, 4319928.393, 140
Trd, 4319928.843, 140
Trd, 4319929.843, 140
Trd, 4319931.193, 140
Trd, 4319931.343, 138
Trd, 4319931.593, 137
Trd, 4319932.943, 140
Trd, 4319933.143, 140
Trd, 4319933.793, 140
Trd, 4319933.843, 140
Trd, 4319934.393, 140
Trd, 4319934.593, 139
Trd, 4319935.843, 139
Trd, 4319935.943, 139
Trd, 4319936.643, 140
Trd, 4319936.893, 139
Trd, 4319938.493, 138
Trd, 4319939.143, 138
Trd, 4319939.643, 140
Trd, 4319940.093, 140
Trd, 4319940.693, 139
Trd, 4319941.743, 140
Trd, 4319942.843, 140
Trd, 4319943.043, 140
Trd, 4319943.243, 140
Trd, 4319943.443, 139
Trd, 4319944.343, 61
Trd, 4319945.193, 61
Trd, 4319945.343, 64
Trd, 4319946.393, 63
Trd, 4319946.893, 83
Trd, 4319947.293, 140
Trd, 4319948.243, 140
Trd, 4319948.293, 140
Trd, 4319948.443, 140
Trd, 4319950.143, 140
Trd, 4319950.243, 140
Trd, 4319950.943, 140
Trd, 4319953.043, 140
Trd, 4319953.143, 140
Trd, 4319953.543, 140
Trd, 4319954.243, 140
Trd, 4319954.993, 140
Trd, 4319955.993, 140
Trd, 4319957.293, 140
Trd, 4319958.043, 140
Trd, 4319958.493, 140
Trd, 4319959.143, 140
Trd, 4319959.693, 140
Trd, 4319960.143, 139
Trd, 4319960.593, 139
Trd, 4319961.693, 140
Trd, 4319961.793, 140
Trd, 4319961.893, 140
Trd, 4319962.693, 140
Trd, 4319963.043, 140
Trd, 4319964.643, 140
Trd, 4319964.843, 140
Trd, 4319965.343, 139
Trd, 4319965.543, 124
Trd, 4319966.943, 140
Trd, 4319967.193, 140
Trd, 4319968.393, 140
Trd, 4319968.743, 140
Trd, 4319970.393, 140
Trd, 4319971.093, 140
Trd, 4319971.893, 140
Trd, 4319972.143, 140
Trd, 4319972.743, 140
Trd, 4319973.793, 140
Trd, 4319973.893, 139
Trd, 4319974.693, 140
Trd, 4319975.093, 140
Trd, 4319976.043, 140
Trd, 4319976.893, 140
Trd, 4319976.943, 139
Trd, 4319977.293, 137
Trd, 4319978.443, 140
Trd, 4319979.393, 140
Trd, 4319980.193, 140
Trd, 4319980.643, 140
Trd, 4319980.943, 140
Trd, 4319981.393, 140
Trd, 4319982.143, 137
Trd, 4319983.643, 63
Trd, 4319983.693, 63
Trd, 4319984.843, 60
Trd, 4319985.543, 62
Trd, 4319985.793, 67
Trd, 4319986.543, 71
Trd, 4319987.043, 72
Trd, 4319987.643, 60
Trd, 4319989.893, 60
Trd, 4319990.293, 62
Trd, 4319991.043, 63
Trd, 4319991.243, 60
Trd, 4319991.493, 61
Trd, 4319992.793, 61
Trd, 4319993.743, 72
Trd, 4319994.543, 61
Trd, 4319994.743, 71
Trd, 4319997.293, 62
Trd, 4319999.543, 61
Trd, 4319999.793, 61
