Trd, 4318182.143, 139
Trd, 4318182.643, 74
Trd, 4318183.593, 140
Trd, 4318184.393, 140
Trd, 4318184.443, 139
Trd, 4318185.093, 87
Trd, 4318185.443, 119
Trd, 4318186.543, 61
Trd, 4318187.293, 60
Trd, 4318188.093, 62
Trd, 4318188.693, 140
Trd, 4318189.193, 130
Trd, 4318189.393, 121
Trd, 4318189.743, 140
Trd, 4318190.943, 140
Trd, 4318192.193, 60
Trd, 4318192.293, 120
Trd, 4318192.593, 61
Trd, 4318192.693, 66
Trd, 4318193.043, 131
Trd, 4318193.393, 110
Trd, 4318193.693, 140
Trd, 4318194.693, 140
Trd, 4318194.793, 140
Trd, 4318195.393, 138
Trd, 4318196.593, 66
Trd, 4318197.043, 60
Trd, 4318198.293, 60
Trd, 4318198.643, 60
Trd, 4318198.793, 78
Trd, 4318200.593, 140
Trd, 4318200.793, 140
Trd, 4318202.093, 138
Trd, 4318202.243, 129
Trd, 4318202.743, 96
Trd, 4318203.543, 139
Trd, 4318203.893, 95
Trd, 4318204.393, 99
Trd, 4318205.343, 139
Trd, 4318205.593, 140
Trd, 4318205.793, 140
Trd, 4318206.443, 140
Trd, 4318206.643, 137
Trd, 4318207.093, 140
Trd, 4318208.343, 140
Trd, 4318208.893, 139
Trd, 4318209.643, 64
Trd, 4318210.043, 140
Trd, 4318210.543, 69
Trd, 4318211.493, 139
Trd, 4318211.843, 69
Trd, 4318212.693, 140
Trd, 4318212.843, 139
Trd, 4318214.093, 140
Trd, 4318215.643, 139
Trd, 4318216.093, 135
Trd, 4318216.593, 140
Trd, 4318216.693, 140
Trd, 4318216.943, 140
Trd, 4318217.293, 140
Trd, 4318218.493, 140
Trd, 4318218.593, 139
Trd, 4318220.043, 133
Trd, 4318220.143, 132
Trd, 4318220.593, 133
Trd, 4318222.193, 65
Trd, 4318222.693, 63
Trd, 4318222.843, 62
Trd, 4318222.893, 65
Trd, 4318223.993, 140
Trd, 4318224.093, 83
Trd, 4318224.343, 140
Trd, 4318224.693, 60
Trd, 4318226.043, 69
Trd, 4318226.743, 138
Trd, 4318227.943, 140
Trd, 4318228.593, 140
Trd, 4318229.193, 140
Trd, 4318230.193, 139
Trd, 4318230.243, 137
Trd, 4318230.793, 138
Trd, 4318232.493, 140
Trd, 4318232.743, 140
Trd, 4318233.493, 140
Trd, 4318233.893, 132
Trd, 4318234.143, 138
Trd, 4318235.343, 139
Trd, 4318235.443, 121
Trd, 4318235.493, 109
Trd, 4318236.493, 118
Trd, 4318236.993, 61
Trd, 4318237.143, 70
Trd, 4318238.343, 64
Trd, 4318239.043, 64
Trd, 4318239.393, 128
Trd, 4318239.943, 62
Trd, 4318240.593, 62
Trd, 4318242.093, 61
Trd, 4318242.793, 65
Trd, 4318243.593, 60
Trd, 4318244.193, 63
Trd, 4318244.443, 68
Trd, 4318245.193, 62
Trd, 4318246.143, 61
Trd, 4318246.743, 140
Trd, 4318246.993, 140
Trd, 4318247.193, 139
Trd, 4318247.543, 65
Trd, 4318249.743, 61
Trd, 4318249.843, 62
Trd, 4318250.193, 65
Trd, 4318252.093, 140
Trd, 4318252.193, 140
Trd, 4318252.743, 140
Trd, 4318254.743, 140
Trd, 4318255.643, 140
Trd, 4318255.743, 140
Trd, 4318256.193, 139
Trd, 4318256.343, 139
Trd, 4318256.893, 131
Trd, 4318258.193, 140
Trd, 4318258.643, 140
Trd, 4318259.393, 139
Trd, 4318259.543, 140
Trd, 4318260.543, 140
Trd, 4318261.393, 140
Trd, 4318261.793, 140
Trd, 4318262.693, 140
Trd, 4318262.793, 137
Trd, 4318263.393, 117
Trd, 4318265.093, 61
Trd, 4318265.143, 75
Trd, 4318266.093, 69
Trd, 4318266.543, 131
Trd, 4318267.243, 140
Trd, 4318267.743, 140
Trd, 4318267.993, 140
Trd, 4318269.293, 140
Trd, 4318269.443, 140
Trd, 4318269.943, 140
Trd, 4318270.943, 140
Trd, 4318271.243, 140
Trd, 4318271.393, 139
Trd, 4318272.393, 139
Trd, 4318272.893, 140
Trd, 4318274.793, 140
Trd, 4318275.043, 140
Trd, 4318276.543, 140
Trd, 4318277.593, 140
Trd, 4318277.843, 140
Trd, 4318278.243, 139
Trd, 4318278.993, 140
Trd, 4318279.843, 135
Trd, 4318281.143, 140
Trd, 4318281.443, 140
Trd, 4318281.493, 140
Trd, 4318281.743, 140
Trd, 4318283.043, 136
Trd, 4318283.293, 139
Trd, 4318283.393, 109
Trd, 4318283.843, 140
Trd, 4318284.293, 137
Trd, 4318284.393, 108
Trd, 4318284.893, 140
Trd, 4318285.943, 140
Trd, 4318287.143, 138
Trd, 4318287.993, 140
Trd, 4318288.393, 140
Trd, 4318289.243, 140
Trd, 4318290.293, 140
Trd, 4318290.643, 140
Trd, 4318291.093, 140
Trd, 4318291.693, 140
Trd, 4318292.243, 140
Trd, 4318293.693, 139
Trd, 4318294.193, 140
Trd, 4318294.393, 140
Trd, 4318295.993, 140
Trd, 4318296.243, 140
Trd, 4318296.443, 140
Trd, 4318297.193, 139
Trd, 4318297.693, 140
Trd, 4318297.993, 139
Trd, 4318298.093, 139
Trd, 4318298.843, 140
Trd, 4318300.343, 65
Trd, 4318300.743, 103
Trd, 4318300.943, 61
Trd, 4318301.043, 70
Trd, 4318301.993, 65
Trd, 4318302.843, 60
Trd, 4318304.043, 61
Trd, 4318304.743, 139
Trd, 4318305.343, 140
Trd, 4318305.943, 140
Trd, 4318306.243, 140
Trd, 4318306.593, 139
Trd, 4318306.793, 140
Trd, 4318308.093, 140
Trd, 4318309.093, 139
Trd, 4318309.643, 140
Trd, 4318309.943, 127
Trd, 4318310.343, 60
Trd, 4318311.543, 61
Trd, 4318312.643, 61
Trd, 4318313.243, 62
Trd, 4318313.793, 61
Trd, 4318314.443, 60
Trd, 4318315.643, 60
Trd, 4318315.693, 65
Trd, 4318315.843, 139
Trd, 4318316.393, 64
Trd, 4318317.243, 65
Trd, 4318318.043, 65
Trd, 4318318.493, 66
Trd, 4318319.293, 140
Trd, 4318319.393, 139
Trd, 4318319.593, 97
Trd, 4318319.693, 88
Trd, 4318320.343, 138
Trd, 4318321.643, 60
Trd, 4318322.793, 61
Trd, 4318323.043, 63
Trd, 4318323.443, 63
Trd, 4318323.693, 97
Trd, 4318325.693, 140
Trd, 4318325.843, 140
Trd, 4318326.293, 139
Trd, 4318326.443, 137
Trd, 4318327.393, 140
Trd, 4318327.793, 139
Trd, 4318327.993, 115
Trd, 4318329.493, 140
Trd, 4318330.393, 140
Trd, 4318331.093, 140
Trd, 4318331.493, 140
Trd, 4318332.193, 140
Trd, 4318333.293, 140
Trd, 4318334.093, 140
Trd, 4318334.843, 140
Trd, 4318334.943, 140
Trd, 4318335.043, 140
Trd, 4318335.793, 140
Trd, 4318336.143, 138
Trd, 4318336.843, 60
Trd, 4318337.243, 139
Trd, 4318338.043, 98
Trd, 4318339.293, 140
Trd, 4318340.093, 140
Trd, 4318340.293, 140
Trd, 4318341.343, 140
Trd, 4318342.543, 140
Trd, 4318342.993, 140
Trd, 4318343.693, 140
Trd, 4318344.543, 140
Trd, 4318344.893, 140
Trd, 4318345.593, 140
Trd, 4318345.893, 140
Trd, 4318346.093, 139
Trd, 4318346.193, 139
Trd, 4318347.793, 140
Trd, 4318348.043, 140
Trd, 4318348.193, 139
Trd, 4318349.193, 140
Trd, 4318350.743, 140
Trd, 4318351.043, 138
Trd, 4318352.193, 140
Trd, 4318352.243, 140
Trd, 4318352.343, 138
Trd, 4318352.743, 140
Trd, 4318353.693, 127
Trd, 4318354.243, 127
Trd, 4318354.343, 124
Trd, 4318355.293, 140
Trd, 4318355.893, 140
Trd, 4318356.143, 139
Trd, 4318359.293, 140
Trd, 4318359.343, 140
Trd, 4318359.443, 140
Trd, 4318359.493, 140
Trd, 4318359.893, 140
Trd, 4318360.943, 140
Trd, 4318361.193, 138
Trd, 4318361.993, 140
Trd, 4318364.143, 140
Trd, 4318364.593, 140
Trd, 4318364.693, 140
Trd, 4318364.893, 140
Trd, 4318365.543, 139
Trd, 4318366.543, 140
Trd, 4318366.843, 140
Trd, 4318367.143, 138
Trd, 4318368.643, 140
Trd, 4318368.993, 140
Trd, 4318369.093, 139
Trd, 4318369.443, 130
Trd, 4318370.343, 140
Trd, 4318372.043, 140
Trd, 4318372.093, 140
Trd, 4318372.443, 138
Trd, 4318372.693, 140
Trd, 4318373.893, 139
Trd, 4318375.243, 140
Trd, 4318376.143, 140
Trd, 4318377.593, 63
Trd, 4318377.793, 63
Trd, 4318378.343, 68
Trd, 4318379.793, 139
Trd, 4318379.943, 139
Trd, 4318380.343, 107
Trd, 4318380.893, 127
Trd, 4318381.643, 140
Trd, 4318381.743, 140
Trd, 4318382.143, 139
Trd, 4318382.593, 140
Trd, 4318384.493, 69
Trd, 4318384.893, 137
Trd, 4318385.043, 138
Trd, 4318385.093, 137
Trd, 4318385.893, 61
Trd, 4318386.443, 138
Trd, 4318386.593, 65
Trd, 4318387.993, 71
Trd, 4318388.793, 138
Trd, 4318389.193, 140
Trd, 4318390.293, 140
Trd, 4318390.793, 139
Trd, 4318391.443, 137
Trd, 4318392.043, 139
Trd, 4318392.693, 140
Trd, 4318392.793, 133
Trd, 4318392.943, 139
Trd, 4318393.193, 108
Trd, 4318394.193, 64
Trd, 4318395.043, 140
Trd, 4318395.293, 140
Trd, 4318396.543, 138
Trd, 4318396.593, 81
Trd, 4318397.343, 140
Trd, 4318397.443, 140
Trd, 4318398.293, 140
Trd, 4318399.343, 140
Trd, 4318399.393, 140
Trd, 4318399.943, 140
Trd, 4318400.943, 140
Trd, 4318401.093, 139
Trd, 4318402.193, 140
Trd, 4318402.543, 140
Trd, 4318404.593, 140
Trd, 4318405.393, 139
Trd, 4318405.993, 140
Trd, 4318406.093, 140
Trd, 4318406.693, 139
Trd, 4318406.743, 132
Trd, 4318407.393, 136
Trd, 4318408.143, 64
Trd, 4318408.543, 61
Trd, 4318408.843, 64
Trd, 4318410.393, 140
Trd, 4318411.093, 140
Trd, 4318411.293, 136
Trd, 4318412.143, 60
Trd, 4318413.143, 63
Trd, 4318413.993, 64
Trd, 4318414.093, 73
Trd, 4318414.243, 140
Trd, 4318415.493, 66
Trd, 4318416.343, 140
Trd, 4318416.893, 140
Trd, 4318417.443, 140
Trd, 4318417.493, 140
Trd, 4318418.043, 140
Trd, 4318418.143, 139
Trd, 4318419.993, 140
Trd, 4318420.743, 140
Trd, 4318421.093, 139
Trd, 4318421.643, 140
Trd, 4318422.143, 125
Trd, 4318423.193, 140
Trd, 4318423.243, 140
Trd, 4318423.893, 140
Trd, 4318424.543, 140
Trd, 4318424.743, 139
Trd, 4318425.043, 140
Trd, 4318427.143, 140
Trd, 4318427.243, 140
Trd, 4318427.443, 139
Trd, 4318427.643, 139
Trd, 4318428.293, 139
Trd, 4318428.993, 129
Trd, 4318429.043, 118
Trd, 4318429.593, 136
Trd, 4318430.143, 107
Trd, 4318430.443, 61
Trd, 4318430.943, 61
Trd, 4318432.743, 75
Trd, 4318433.643, 139
Trd, 4318433.943, 140
Trd, 4318434.793, 67
Trd, 4318435.293, 140
Trd, 4318435.793, 140
Trd, 4318435.893, 140
Trd, 4318436.443, 137
Trd, 4318436.693, 140
Trd, 4318437.543, 129
Trd, 4318438.843, 139
Trd, 4318439.393, 140
Trd, 4318439.543, 139
Trd, 4318440.343, 138
Trd, 4318440.643, 139
Trd, 4318440.943, 139
Trd, 4318441.193, 131
Trd, 4318442.443, 140
Trd, 4318442.593, 140
Trd, 4318443.893, 68
Trd, 4318444.443, 140
Trd, 4318445.043, 140
Trd, 4318445.193, 139
Trd, 4318445.793, 136
Trd, 4318446.293, 125
Trd, 4318447.593, 60
Trd, 4318447.743, 63
Trd, 4318447.893, 64
Trd, 4318448.493, 140
Trd, 4318449.743, 137
Trd, 4318450.093, 136
Trd, 4318450.793, 140
Trd, 4318450.993, 140
Trd, 4318452.293, 116
Trd, 4318452.543, 138
Trd, 4318453.143, 63
Trd, 4318453.793, 63
Trd, 4318454.193, 140
Trd, 4318454.743, 140
Trd, 4318455.243, 140
Trd, 4318455.543, 140
Trd, 4318456.043, 63
Trd, 4318456.193, 71
Trd, 4318457.493, 140
Trd, 4318457.643, 140
Trd, 4318458.193, 140
Trd, 4318459.043, 133
Trd, 4318459.593, 116
Trd, 4318459.943, 67
Trd, 4318460.943, 138
Trd, 4318461.493, 69
Trd, 4318461.943, 100
Trd, 4318463.243, 62
Trd, 4318463.293, 66
Trd, 4318463.443, 67
Trd, 4318464.343, 140
Trd, 4318465.393, 88
Trd, 4318465.593, 118
Trd, 4318465.843, 75
Trd, 4318467.493, 62
Trd, 4318467.993, 66
Trd, 4318468.593, 67
Trd, 4318468.693, 64
Trd, 4318470.843, 140
Trd, 4318470.943, 140
Trd, 4318470.993, 139
Trd, 4318471.093, 139
Trd, 4318471.193, 137
Trd, 4318473.093, 140
Trd, 4318473.443, 140
Trd, 4318473.943, 140
Trd, 4318474.993, 140
Trd, 4318475.043, 139
Trd, 4318475.093, 123
Trd, 4318475.293, 98
Trd, 4318475.793, 64
Trd, 4318477.143, 140
Trd, 4318477.643, 140
Trd, 4318477.693, 138
Trd, 4318478.793, 140
Trd, 4318478.943, 139
Trd, 4318479.593, 128
Trd, 4318480.593, 138
Trd, 4318481.143, 67
Trd, 4318481.293, 123
Trd, 4318482.193, 140
Trd, 4318483.293, 140
Trd, 4318483.693, 140
Trd, 4318484.143, 140
Trd, 4318484.243, 132
Trd, 4318484.743, 140
Trd, 4318485.743, 136
Trd, 4318485.793, 135
Trd, 4318486.893, 140
Trd, 4318487.093, 140
Trd, 4318488.143, 63
Trd, 4318488.193, 103
Trd, 4318488.843, 62
Trd, 4318489.093, 69
Trd, 4318490.743, 140
Trd, 4318491.143, 140
Trd, 4318491.593, 138
Trd, 4318492.693, 140
Trd, 4318493.393, 140
Trd, 4318493.593, 124
Trd, 4318493.793, 96
Trd, 4318494.143, 63
Trd, 4318495.143, 140
Trd, 4318496.093, 60
Trd, 4318496.843, 140
Trd, 4318496.893, 139
Trd, 4318497.643, 67
Trd, 4318499.293, 140
Trd, 4318499.993, 140
Trd, 4318500.293, 140
Trd, 4318501.443, 140
Trd, 4318502.193, 140
Trd, 4318502.243, 140
Trd, 4318503.293, 140
Trd, 4318503.543, 140
Trd, 4318504.693, 140
Trd, 4318505.043, 140
Trd, 4318505.093, 140
Trd, 4318506.043, 140
Trd, 4318507.793, 140
Trd, 4318508.093, 140
Trd, 4318508.843, 140
Trd, 4318509.343, 140
Trd, 4318509.893, 140
Trd, 4318511.293, 140
Trd, 4318511.393, 140
Trd, 4318511.643, 139
Trd, 4318512.243, 140
Trd, 4318512.293, 139
Trd, 4318513.193, 139
Trd, 4318513.893, 130
Trd, 4318514.693, 101
Trd, 4318515.193, 140
Trd, 4318516.043, 140
Trd, 4318516.343, 139
Trd, 4318516.493, 139
Trd, 4318517.343, 138
Trd, 4318518.243, 104
Trd, 4318518.793, 103
Trd, 4318519.543, 140
Trd, 4318520.593, 140
Trd, 4318520.893, 68
Trd, 4318521.593, 70
Trd, 4318522.493, 63
Trd, 4318522.693, 61
Trd, 4318524.243, 137
Trd, 4318524.293, 136
Trd, 4318524.993, 62
Trd, 4318526.143, 140
Trd, 4318526.543, 140
Trd, 4318527.593, 139
Trd, 4318528.143, 140
Trd, 4318528.543, 139
Trd, 4318529.293, 138
Trd, 4318530.043, 139
Trd, 4318530.293, 140
Trd, 4318531.543, 139
Trd, 4318531.943, 133
Trd, 4318532.343, 140
Trd, 4318532.943, 140
Trd, 4318533.843, 140
Trd, 4318534.393, 140
Trd, 4318534.593, 140
Trd, 4318535.343, 140
Trd, 4318537.043, 140
Trd, 4318537.643, 140
Trd, 4318537.693, 139
Trd, 4318537.993, 139
Trd, 4318539.393, 140
Trd, 4318540.643, 140
Trd, 4318540.843, 140
Trd, 4318541.593, 138
Trd, 4318542.143, 129
Trd, 4318542.893, 140
Trd, 4318543.843, 140
Trd, 4318544.793, 140
Trd, 4318545.393, 140
Trd, 4318545.743, 140
Trd, 4318546.143, 139
Trd, 4318546.443, 138
Trd, 4318547.093, 125
Trd, 4318547.743, 140
Trd, 4318548.043, 106
Trd, 4318548.793, 140
Trd, 4318550.293, 140
Trd, 4318550.443, 140
Trd, 4318550.643, 134
Trd, 4318551.643, 139
Trd, 4318552.443, 140
Trd, 4318553.093, 140
Trd, 4318554.043, 137
Trd, 4318555.693, 140
Trd, 4318556.243, 140
Trd, 4318556.293, 140
Trd, 4318556.443, 140
Trd, 4318556.593, 138
Trd, 4318557.143, 67
Trd, 4318558.143, 95
Trd, 4318558.393, 63
Trd, 4318559.743, 60
Trd, 4318560.293, 67
Trd, 4318560.993, 139
Trd, 4318561.793, 140
Trd, 4318561.993, 140
Trd, 4318562.843, 140
Trd, 4318563.293, 140
Trd, 4318564.643, 140
Trd, 4318564.843, 140
Trd, 4318565.293, 138
Trd, 4318566.693, 140
Trd, 4318567.343, 140
Trd, 4318567.743, 139
Trd, 4318568.243, 66
Trd, 4318569.293, 140
Trd, 4318569.343, 105
Trd, 4318569.593, 140
Trd, 4318570.193, 138
Trd, 4318570.793, 140
Trd, 4318571.343, 140
Trd, 4318571.543, 140
Trd, 4318574.643, 62
Trd, 4318575.343, 60
Trd, 4318575.793, 139
Trd, 4318576.093, 140
Trd, 4318576.193, 138
Trd, 4318579.043, 140
Trd, 4318579.393, 140
Trd, 4318579.543, 140
Trd, 4318580.143, 140
Trd, 4318581.143, 140
Trd, 4318582.293, 140
Trd, 4318583.093, 140
Trd, 4318583.893, 140
Trd, 4318584.343, 139
Trd, 4318584.393, 137
Trd, 4318585.593, 140
Trd, 4318586.293, 140
Trd, 4318586.993, 140
Trd, 4318587.093, 140
Trd, 4318587.693, 139
Trd, 4318588.193, 140
Trd, 4318588.543, 137
Trd, 4318588.793, 139
Trd, 4318589.193, 139
Trd, 4318590.343, 139
Trd, 4318591.743, 140
Trd, 4318592.393, 140
Trd, 4318592.443, 140
Trd, 4318593.743, 140
Trd, 4318593.793, 140
Trd, 4318594.093, 69
Trd, 4318594.843, 67
Trd, 4318595.493, 140
Trd, 4318595.893, 139
Trd, 4318596.843, 60
Trd, 4318596.993, 63
Trd, 4318597.943, 140
Trd, 4318599.943, 140
Trd, 4318600.593, 140
Trd, 4318601.543, 140
Trd, 4318601.693, 140
Trd, 4318602.343, 140
Trd, 4318603.043, 140
Trd, 4318603.093, 140
Trd, 4318603.993, 140
Trd, 4318604.193, 140
Trd, 4318604.693, 64
Trd, 4318605.843, 140
Trd, 4318606.293, 140
Trd, 4318606.343, 139
Trd, 4318607.193, 140
Trd, 4318607.593, 138
Trd, 4318608.843, 140
Trd, 4318608.993, 138
Trd, 4318609.543, 115
Trd, 4318611.343, 140
Trd, 4318611.643, 140
Trd, 4318611.843, 139
Trd, 4318612.443, 140
Trd, 4318612.593, 140
Trd, 4318613.493, 102
Trd, 4318613.643, 136
Trd, 4318614.093, 62
Trd, 4318614.243, 63
Trd, 4318615.843, 66
Trd, 4318616.093, 66
Trd, 4318616.643, 140
Trd, 4318617.043, 140
Trd, 4318618.843, 140
Trd, 4318620.393, 140
Trd, 4318620.643, 140
Trd, 4318621.293, 140
Trd, 4318621.943, 140
Trd, 4318622.343, 140
Trd, 4318622.693, 140
Trd, 4318622.993, 138
Trd, 4318623.043, 61
Trd, 4318625.043, 140
Trd, 4318625.493, 140
Trd, 4318625.643, 109
Trd, 4318626.143, 140
Trd, 4318626.593, 139
Trd, 4318627.243, 60
Trd, 4318627.843, 69
Trd, 4318628.493, 65
Trd, 4318629.793, 61
Trd, 4318629.943, 64
Trd, 4318630.443, 61
Trd, 4318631.043, 65
Trd, 4318632.693, 61
Trd, 4318632.793, 62
Trd, 4318633.943, 140
Trd, 4318633.993, 140
Trd, 4318634.393, 140
Trd, 4318634.843, 140
Trd, 4318634.943, 140
Trd, 4318635.193, 137
Trd, 4318635.743, 105
Trd, 4318637.093, 69
Trd, 4318637.393, 139
Trd, 4318638.543, 140
Trd, 4318638.943, 139
Trd, 4318639.043, 140
Trd, 4318639.643, 140
Trd, 4318639.793, 140
Trd, 4318640.093, 60
Trd, 4318640.393, 68
Trd, 4318640.993, 138
Trd, 4318641.643, 61
Trd, 4318642.743, 64
Trd, 4318643.793, 140
Trd, 4318645.293, 140
Trd, 4318646.593, 139
Trd, 4318646.843, 139
Trd, 4318646.943, 138
Trd, 4318648.293, 140
Trd, 4318648.393, 138
Trd, 4318648.843, 140
Trd, 4318648.943, 140
Trd, 4318649.993, 140
Trd, 4318650.393, 139
Trd, 4318650.693, 71
Trd, 4318651.193, 69
Trd, 4318651.893, 140
Trd, 4318653.393, 140
Trd, 4318653.493, 140
Trd, 4318654.093, 139
Trd, 4318654.843, 139
Trd, 4318655.693, 140
Trd, 4318656.243, 139
Trd, 4318656.743, 133
Trd, 4318656.943, 139
Trd, 4318657.443, 140
Trd, 4318658.393, 140
Trd, 4318659.593, 140
Trd, 4318660.393, 140
Trd, 4318661.043, 94
Trd, 4318662.243, 139
Trd, 4318663.143, 90
Trd, 4318663.743, 113
Trd, 4318664.493, 139
Trd, 4318664.693, 139
Trd, 4318665.893, 140
Trd, 4318666.043, 139
Trd, 4318666.643, 140
Trd, 4318667.143, 61
Trd, 4318668.243, 60
Trd, 4318668.393, 103
Trd, 4318669.293, 60
Trd, 4318669.443, 61
Trd, 4318669.893, 60
Trd, 4318671.143, 140
Trd, 4318671.193, 140
Trd, 4318671.843, 139
Trd, 4318672.943, 139
Trd, 4318673.643, 134
Trd, 4318674.243, 140
Trd, 4318675.143, 140
Trd, 4318675.393, 140
Trd, 4318676.093, 140
Trd, 4318676.693, 139
Trd, 4318676.793, 140
Trd, 4318677.793, 128
Trd, 4318678.343, 140
Trd, 4318678.643, 138
Trd, 4318678.793, 63
Trd, 4318680.093, 140
Trd, 4318680.243, 139
Trd, 4318680.393, 116
Trd, 4318680.693, 109
Trd, 4318681.643, 139
Trd, 4318682.693, 140
Trd, 4318684.243, 140
Trd, 4318684.293, 140
Trd, 4318687.043, 140
Trd, 4318688.093, 140
Trd, 4318688.593, 140
Trd, 4318688.643, 139
Trd, 4318688.743, 138
Trd, 4318689.493, 65
Trd, 4318689.743, 66
Trd, 4318691.143, 140
Trd, 4318691.443, 140
Trd, 4318693.343, 140
Trd, 4318693.493, 140
Trd, 4318693.543, 140
Trd, 4318693.843, 140
Trd, 4318694.693, 139
Trd, 4318695.443, 140
Trd, 4318696.643, 64
Trd, 4318697.693, 140
Trd, 4318698.543, 140
Trd, 4318698.943, 140
Trd, 4318699.393, 140
Trd, 4318700.043, 140
Trd, 4318700.293, 140
Trd, 4318701.193, 140
Trd, 4318702.293, 140
Trd, 4318702.693, 139
Trd, 4318703.493, 140
Trd, 4318703.993, 140
Trd, 4318704.043, 139
Trd, 4318704.293, 138
Trd, 4318705.193, 123
Trd, 4318706.093, 137
Trd, 4318707.693, 140
Trd, 4318707.943, 139
Trd, 4318708.393, 140
Trd, 4318709.493, 140
Trd, 4318710.243, 140
Trd, 4318710.443, 140
Trd, 4318711.243, 140
Trd, 4318712.493, 139
Trd, 4318714.043, 140
Trd, 4318714.343, 140
Trd, 4318714.493, 140
Trd, 4318714.543, 140
Trd, 4318714.693, 140
Trd, 4318714.943, 138
Trd, 4318715.743, 124
Trd, 4318716.543, 64
Trd, 4318717.143, 67
Trd, 4318717.343, 119
Trd, 4318718.093, 61
Trd, 4318718.193, 63
Trd, 4318719.193, 65
Trd, 4318719.493, 138
Trd, 4318721.643, 140
Trd, 4318721.693, 140
Trd, 4318722.693, 137
Trd, 4318722.843, 81
Trd, 4318723.493, 66
Trd, 4318725.093, 140
Trd, 4318725.243, 140
Trd, 4318725.593, 140
Trd, 4318726.043, 121
Trd, 4318726.643, 74
Trd, 4318727.493, 61
Trd, 4318728.293, 79
Trd, 4318728.693, 62
Trd, 4318729.493, 63
Trd, 4318730.043, 67
Trd, 4318730.093, 74
Trd, 4318731.093, 60
Trd, 4318732.193, 61
Trd, 4318733.543, 60
Trd, 4318733.893, 61
Trd, 4318734.293, 60
Trd, 4318735.343, 61
Trd, 4318735.843, 63
Trd, 4318736.043, 139
Trd, 4318736.793, 60
Trd, 4318737.343, 133
Trd, 4318738.443, 140
Trd, 4318738.743, 140
Trd, 4318738.993, 139
Trd, 4318740.243, 140
Trd, 4318741.293, 140
Trd, 4318742.243, 140
Trd, 4318742.693, 140
Trd, 4318742.743, 140
Trd, 4318743.643, 140
Trd, 4318744.443, 139
Trd, 4318745.593, 139
Trd, 4318745.843, 139
Trd, 4318745.993, 139
Trd, 4318746.343, 60
Trd, 4318747.793, 138
Trd, 4318748.293, 126
Trd, 4318748.743, 64
Trd, 4318750.593, 140
Trd, 4318750.643, 140
Trd, 4318750.693, 140
Trd, 4318750.993, 140
Trd, 4318751.893, 140
Trd, 4318753.343, 138
Trd, 4318753.693, 138
Trd, 4318753.943, 98
Trd, 4318754.643, 140
Trd, 4318756.193, 140
Trd, 4318756.243, 140
Trd, 4318756.343, 140
Trd, 4318757.393, 140
Trd, 4318757.643, 139
Trd, 4318759.293, 140
Trd, 4318759.393, 139
Trd, 4318759.893, 140
Trd, 4318760.193, 140
Trd, 4318760.743, 140
Trd, 4318761.043, 140
Trd, 4318762.793, 140
Trd, 4318762.843, 140
Trd, 4318765.093, 140
Trd, 4318765.243, 140
Trd, 4318765.393, 140
Trd, 4318765.443, 140
Trd, 4318766.193, 140
Trd, 4318766.493, 140
Trd, 4318767.343, 140
Trd, 4318767.543, 140
Trd, 4318769.393, 140
Trd, 4318769.543, 140
Trd, 4318770.293, 139
Trd, 4318770.743, 137
Trd, 4318771.093, 136
Trd, 4318772.543, 140
Trd, 4318773.043, 140
Trd, 4318773.693, 140
Trd, 4318773.843, 136
Trd, 4318774.743, 122
Trd, 4318775.193, 121
Trd, 4318775.593, 108
Trd, 4318776.793, 60
Trd, 4318777.143, 67
Trd, 4318777.243, 69
Trd, 4318777.943, 120
Trd, 4318778.793, 140
Trd, 4318779.643, 67
Trd, 4318780.393, 76
Trd, 4318781.643, 140
Trd, 4318781.793, 140
Trd, 4318781.843, 140
Trd, 4318782.293, 140
Trd, 4318784.343, 61
Trd, 4318784.693, 60
Trd, 4318785.093, 61
Trd, 4318785.743, 73
Trd, 4318785.893, 115
Trd, 4318786.243, 128
Trd, 4318786.893, 60
Trd, 4318787.143, 64
Trd, 4318788.793, 62
Trd, 4318789.843, 61
Trd, 4318790.093, 61
Trd, 4318791.093, 140
Trd, 4318791.143, 137
Trd, 4318791.643, 63
Trd, 4318792.043, 68
Trd, 4318793.243, 60
Trd, 4318793.643, 60
Trd, 4318793.843, 61
Trd, 4318794.593, 118
Trd, 4318795.193, 140
Trd, 4318795.643, 140
Trd, 4318796.843, 140
Trd, 4318797.543, 139
Trd, 4318798.243, 139
Trd, 4318798.293, 138
Trd, 4318798.693, 134
Trd, 4318799.043, 138
Trd, 4318799.593, 139
Trd, 4318800.893, 64
Trd, 4318801.343, 69
Trd, 4318802.343, 73
Trd, 4318804.643, 61
Trd, 4318804.793, 62
Trd, 4318806.143, 60
Trd, 4318806.393, 60
Trd, 4318807.193, 60
Trd, 4318807.443, 60
Trd, 4318807.493, 67
Trd, 4318808.943, 60
Trd, 4318809.043, 63
Trd, 4318810.193, 60
Trd, 4318811.793, 60
Trd, 4318812.093, 102
Trd, 4318812.493, 60
Trd, 4318812.643, 60
Trd, 4318812.893, 61
Trd, 4318813.393, 65
Trd, 4318813.543, 65
Trd, 4318814.393, 61
Trd, 4318814.643, 109
Trd, 4318814.993, 77
Trd, 4318815.543, 140
Trd, 4318815.643, 140
Trd, 4318816.643, 140
Trd, 4318816.993, 140
Trd, 4318818.043, 140
Trd, 4318819.243, 140
Trd, 4318820.343, 140
Trd, 4318820.443, 140
Trd, 4318821.743, 140
Trd, 4318821.943, 139
Trd, 4318822.193, 137
Trd, 4318823.743, 140
Trd, 4318824.243, 140
Trd, 4318824.643, 140
Trd, 4318824.693, 140
Trd, 4318825.143, 140
Trd, 4318825.693, 110
Trd, 4318826.693, 139
Trd, 4318826.893, 137
Trd, 4318827.893, 137
Trd, 4318828.493, 140
Trd, 4318830.343, 140
Trd, 4318831.043, 140
Trd, 4318831.593, 140
Trd, 4318831.693, 140
Trd, 4318831.793, 140
Trd, 4318831.843, 135
Trd, 4318833.493, 139
Trd, 4318834.043, 110
Trd, 4318834.093, 86
Trd, 4318834.643, 140
Trd, 4318834.793, 85
Trd, 4318835.843, 139
Trd, 4318836.143, 138
Trd, 4318836.543, 137
Trd, 4318837.043, 109
Trd, 4318837.643, 138
Trd, 4318838.643, 113
Trd, 4318838.943, 140
Trd, 4318839.493, 114
Trd, 4318839.593, 113
Trd, 4318841.193, 140
Trd, 4318841.343, 140
Trd, 4318842.143, 139
Trd, 4318842.343, 138
Trd, 4318842.643, 122
Trd, 4318843.243, 140
Trd, 4318845.643, 140
Trd, 4318845.693, 140
Trd, 4318846.043, 140
Trd, 4318846.543, 140
Trd, 4318846.893, 104
Trd, 4318847.093, 128
Trd, 4318848.043, 140
Trd, 4318848.243, 140
Trd, 4318848.293, 139
Trd, 4318848.943, 140
Trd, 4318851.543, 140
Trd, 4318852.193, 140
Trd, 4318853.193, 140
Trd, 4318853.393, 140
Trd, 4318853.493, 140
Trd, 4318853.843, 140
Trd, 4318855.143, 140
Trd, 4318855.193, 139
Trd, 4318855.843, 140
Trd, 4318856.293, 136
Trd, 4318856.793, 138
Trd, 4318857.043, 134
Trd, 4318857.193, 121
Trd, 4318858.093, 90
Trd, 4318859.493, 140
Trd, 4318859.793, 139
Trd, 4318859.993, 137
Trd, 4318860.893, 64
Trd, 4318861.243, 63
Trd, 4318861.993, 140
Trd, 4318863.343, 139
Trd, 4318863.493, 137
Trd, 4318863.793, 136
Trd, 4318864.243, 137
Trd, 4318864.843, 140
Trd, 4318866.443, 60
Trd, 4318866.743, 61
Trd, 4318867.593, 60
Trd, 4318868.743, 140
Trd, 4318868.843, 140
Trd, 4318868.993, 140
Trd, 4318869.893, 63
Trd, 4318870.343, 66
Trd, 4318872.393, 140
Trd, 4318872.443, 140
Trd, 4318873.293, 139
Trd, 4318873.593, 138
Trd, 4318873.993, 63
Trd, 4318874.593, 63
Trd, 4318874.893, 67
Trd, 4318875.493, 60
Trd, 4318875.743, 140
Trd, 4318876.543, 62
Trd, 4318877.543, 75
Trd, 4318877.893, 100
Trd, 4318878.643, 90
Trd, 4318880.993, 60
Trd, 4318881.493, 62
Trd, 4318881.943, 63
Trd, 4318882.043, 65
Trd, 4318884.043, 61
Trd, 4318884.243, 61
Trd, 4318884.343, 64
Trd, 4318884.993, 140
Trd, 4318885.093, 140
Trd, 4318886.293, 139
Trd, 4318886.493, 138
Trd, 4318886.993, 139
Trd, 4318888.093, 139
Trd, 4318888.293, 138
Trd, 4318889.493, 140
Trd, 4318890.343, 140
Trd, 4318890.793, 140
Trd, 4318892.093, 140
Trd, 4318893.143, 140
Trd, 4318893.393, 140
Trd, 4318894.243, 140
Trd, 4318894.743, 137
Trd, 4318894.893, 127
Trd, 4318895.393, 140
Trd, 4318896.393, 139
Trd, 4318896.543, 138
Trd, 4318897.943, 140
Trd, 4318898.393, 140
Trd, 4318899.193, 139
Trd, 4318899.293, 112
Trd, 4318899.893, 139
Trd, 4318900.293, 139
Trd, 4318901.343, 140
Trd, 4318901.993, 140
Trd, 4318902.593, 139
Trd, 4318903.293, 139
Trd, 4318904.243, 140
Trd, 4318905.093, 140
Trd, 4318905.293, 139
Trd, 4318905.593, 140
Trd, 4318906.443, 140
Trd, 4318906.793, 139
Trd, 4318907.043, 138
Trd, 4318908.193, 140
Trd, 4318909.243, 61
Trd, 4318909.693, 64
Trd, 4318909.843, 63
Trd, 4318910.093, 139
Trd, 4318910.843, 89
Trd, 4318912.243, 140
Trd, 4318912.993, 140
Trd, 4318913.143, 139
Trd, 4318913.593, 140
Trd, 4318913.643, 138
Trd, 4318915.443, 139
Trd, 4318915.943, 140
Trd, 4318916.493, 140
Trd, 4318916.793, 140
Trd, 4318917.543, 140
Trd, 4318919.093, 140
Trd, 4318919.543, 138
Trd, 4318919.643, 60
Trd, 4318920.143, 82
Trd, 4318920.693, 70
Trd, 4318921.743, 139
Trd, 4318921.893, 138
Trd, 4318923.043, 140
Trd, 4318923.343, 140
Trd, 4318923.843, 140
Trd, 4318923.943, 138
Trd, 4318924.893, 139
Trd, 4318925.893, 139
Trd, 4318926.393, 140
Trd, 4318926.943, 137
Trd, 4318928.243, 140
Trd, 4318929.093, 140
Trd, 4318929.293, 139
Trd, 4318929.543, 138
Trd, 4318929.843, 140
Trd, 4318930.393, 140
Trd, 4318931.093, 139
Trd, 4318931.543, 64
Trd, 4318932.243, 62
Trd, 4318933.943, 139
Trd, 4318934.243, 140
Trd, 4318935.093, 139
Trd, 4318935.243, 140
Trd, 4318936.193, 138
Trd, 4318936.643, 140
Trd, 4318936.793, 140
Trd, 4318937.543, 121
Trd, 4318938.193, 86
Trd, 4318938.793, 137
Trd, 4318939.343, 140
Trd, 4318939.943, 137
Trd, 4318940.393, 131
Trd, 4318940.693, 128
Trd, 4318941.043, 107
Trd, 4318942.693, 139
Trd, 4318943.043, 138
Trd, 4318944.643, 140
Trd, 4318944.893, 140
Trd, 4318945.993, 140
Trd, 4318946.593, 140
Trd, 4318946.643, 140
Trd, 4318946.793, 138
Trd, 4318947.493, 138
Trd, 4318948.243, 137
Trd, 4318948.643, 111
Trd, 4318948.693, 110
Trd, 4318948.943, 140
Trd, 4318950.243, 140
Trd, 4318951.293, 140
Trd, 4318951.943, 140
Trd, 4318952.693, 140
Trd, 4318953.693, 140
Trd, 4318954.343, 139
Trd, 4318954.943, 140
Trd, 4318955.393, 139
Trd, 4318955.843, 138
Trd, 4318956.743, 117
Trd, 4318957.043, 140
Trd, 4318958.043, 140
Trd, 4318958.343, 140
Trd, 4318958.893, 140
Trd, 4318959.293, 136
Trd, 4318960.243, 140
Trd, 4318961.693, 140
Trd, 4318961.993, 140
Trd, 4318962.293, 140
Trd, 4318962.993, 140
Trd, 4318963.793, 140
Trd, 4318965.343, 140
Trd, 4318966.143, 140
Trd, 4318966.443, 139
Trd, 4318966.543, 138
Trd, 4318967.393, 140
Trd, 4318967.643, 140
Trd, 4318968.343, 139
Trd, 4318968.943, 94
Trd, 4318970.293, 140
Trd, 4318970.393, 140
Trd, 4318973.293, 140
Trd, 4318973.593, 140
Trd, 4318973.993, 140
Trd, 4318974.643, 138
Trd, 4318975.493, 140
Trd, 4318976.593, 140
Trd, 4318976.843, 138
Trd, 4318977.443, 140
Trd, 4318978.243, 140
Trd, 4318978.943, 140
Trd, 4318979.043, 139
Trd, 4318979.943, 139
Trd, 4318980.343, 121
Trd, 4318980.743, 81
Trd, 4318981.743, 140
Trd, 4318982.843, 140
Trd, 4318982.943, 140
Trd, 4318983.693, 140
Trd, 4318984.343, 140
Trd, 4318984.593, 138
Trd, 4318985.843, 140
Trd, 4318986.043, 138
Trd, 4318987.043, 140
Trd, 4318988.443, 140
Trd, 4318988.593, 140
Trd, 4318989.143, 140
Trd, 4318989.393, 140
Trd, 4318990.293, 140
Trd, 4318990.643, 140
Trd, 4318991.093, 140
Trd, 4318991.343, 140
Trd, 4318992.093, 140
Trd, 4318993.093, 138
Trd, 4318993.343, 137
Trd, 4318994.293, 139
Trd, 4318994.793, 139
Trd, 4318995.143, 138
Trd, 4318995.243, 137
Trd, 4318996.793, 140
Trd, 4318997.993, 136
Trd, 4318998.193, 140
Trd, 4318999.193, 140
Trd, 4318999.243, 140
Trd, 4318999.543, 139
Trd, 4318999.893, 125
Trd, 4319000.243, 140
Trd, 4319001.343, 140
Trd, 4319002.193, 140
Trd, 4319003.793, 140
Trd, 4319003.843, 140
Trd, 4319004.093, 139
Trd, 4319004.743, 138
Trd, 4319005.393, 96
Trd, 4319005.593, 138
Trd, 4319006.643, 140
Trd, 4319006.693, 139
Trd, 4319007.793, 140
Trd, 4319008.693, 137
Trd, 4319009.193, 74
Trd, 4319009.893, 60
Trd, 4319010.993, 140
Trd, 4319011.443, 140
Trd, 4319011.893, 140
Trd, 4319013.143, 138
Trd, 4319013.843, 140
Trd, 4319014.593, 140
Trd, 4319015.343, 140
Trd, 4319015.793, 140
Trd, 4319015.893, 139
Trd, 4319015.943, 138
Trd, 4319016.343, 99
Trd, 4319016.493, 108
Trd, 4319017.643, 140
Trd, 4319018.393, 137
Trd, 4319018.493, 124
Trd, 4319020.043, 140
Trd, 4319020.843, 140
Trd, 4319020.943, 140
Trd, 4319021.043, 140
Trd, 4319021.643, 81
Trd, 4319022.893, 63
Trd, 4319023.043, 139
Trd, 4319023.343, 88
Trd, 4319024.393, 140
Trd, 4319024.793, 140
Trd, 4319025.043, 139
Trd, 4319026.193, 109
Trd, 4319027.493, 125
Trd, 4319028.193, 140
Trd, 4319028.243, 138
Trd, 4319028.493, 139
Trd, 4319029.393, 140
Trd, 4319029.493, 138
Trd, 4319030.693, 129
Trd, 4319030.743, 72
Trd, 4319031.043, 67
Trd, 4319032.443, 140
Trd, 4319033.243, 139
Trd, 4319033.743, 60
Trd, 4319034.043, 111
Trd, 4319036.093, 140
Trd, 4319036.743, 140
Trd, 4319036.793, 140
Trd, 4319036.893, 140
Trd, 4319037.693, 121
Trd, 4319039.193, 140
Trd, 4319039.843, 140
Trd, 4319039.993, 140
Trd, 4319040.793, 139
Trd, 4319040.993, 139
Trd, 4319041.493, 88
Trd, 4319042.293, 138
Trd, 4319043.093, 139
Trd, 4319043.643, 69
Trd, 4319044.143, 140
Trd, 4319044.693, 140
Trd, 4319045.943, 140
Trd, 4319046.943, 140
Trd, 4319047.493, 139
Trd, 4319047.593, 138
Trd, 4319049.243, 137
Trd, 4319049.843, 139
Trd, 4319050.293, 127
Trd, 4319050.793, 73
Trd, 4319051.443, 69
Trd, 4319051.593, 114
Trd, 4319051.843, 139
Trd, 4319053.543, 60
Trd, 4319053.943, 61
Trd, 4319054.643, 61
Trd, 4319054.943, 140
Trd, 4319055.143, 61
Trd, 4319056.293, 140
Trd, 4319056.693, 140
Trd, 4319057.093, 138
Trd, 4319057.293, 139
Trd, 4319057.343, 138
Trd, 4319058.743, 140
Trd, 4319060.693, 140
Trd, 4319061.043, 139
Trd, 4319061.943, 140
Trd, 4319062.243, 140
Trd, 4319062.343, 140
Trd, 4319063.543, 140
Trd, 4319063.743, 109
Trd, 4319063.793, 88
Trd, 4319064.293, 60
Trd, 4319064.543, 65
Trd, 4319065.993, 140
Trd, 4319066.493, 140
Trd, 4319066.843, 140
Trd, 4319067.343, 65
Trd, 4319068.093, 140
Trd, 4319069.043, 140
Trd, 4319069.243, 138
Trd, 4319072.043, 140
Trd, 4319072.893, 140
Trd, 4319073.043, 140
Trd, 4319073.143, 139
Trd, 4319073.343, 138
Trd, 4319073.693, 139
Trd, 4319074.043, 61
Trd, 4319074.793, 64
Trd, 4319075.043, 107
Trd, 4319075.943, 65
Trd, 4319076.493, 60
Trd, 4319076.543, 133
Trd, 4319078.293, 60
Trd, 4319078.593, 62
Trd, 4319078.843, 64
Trd, 4319080.243, 61
Trd, 4319080.543, 60
Trd, 4319081.693, 60
Trd, 4319082.743, 140
Trd, 4319083.393, 140
Trd, 4319083.543, 140
Trd, 4319084.043, 62
Trd, 4319084.343, 140
Trd, 4319085.043, 140
Trd, 4319085.843, 140
Trd, 4319086.693, 138
Trd, 4319087.093, 124
Trd, 4319087.743, 61
Trd, 4319087.943, 62
Trd, 4319088.343, 66
Trd, 4319089.143, 140
Trd, 4319089.593, 139
Trd, 4319090.093, 140
Trd, 4319090.593, 140
Trd, 4319092.593, 140
Trd, 4319092.693, 140
Trd, 4319092.743, 140
Trd, 4319093.643, 65
Trd, 4319094.293, 140
Trd, 4319095.393, 81
Trd, 4319095.593, 140
Trd, 4319095.993, 90
Trd, 4319096.243, 139
Trd, 4319096.693, 139
Trd, 4319097.343, 60
Trd, 4319098.543, 67
Trd, 4319099.293, 121
Trd, 4319099.993, 85
Trd, 4319100.893, 140
Trd, 4319101.743, 139
Trd, 4319102.993, 140
Trd, 4319104.293, 140
Trd, 4319104.443, 140
Trd, 4319104.493, 140
Trd, 4319104.593, 137
Trd, 4319104.943, 136
Trd, 4319105.643, 140
Trd, 4319105.693, 92
Trd, 4319106.893, 60
Trd, 4319107.743, 65
Trd, 4319108.143, 63
Trd, 4319109.593, 67
Trd, 4319110.293, 69
Trd, 4319110.843, 124
Trd, 4319111.493, 64
Trd, 4319111.543, 113
Trd, 4319111.843, 137
Trd, 4319112.043, 64
Trd, 4319114.243, 140
Trd, 4319114.393, 140
Trd, 4319114.893, 140
Trd, 4319115.543, 138
Trd, 4319116.343, 139
Trd, 4319116.993, 140
Trd, 4319117.193, 140
Trd, 4319117.593, 138
Trd, 4319117.643, 136
Trd, 4319118.493, 140
Trd, 4319118.943, 140
Trd, 4319119.793, 63
Trd, 4319121.643, 62
Trd, 4319121.843, 60
Trd, 4319121.893, 64
Trd, 4319121.943, 66
Trd, 4319122.543, 140
Trd, 4319123.793, 140
Trd, 4319124.693, 140
Trd, 4319125.393, 140
Trd, 4319125.643, 140
Trd, 4319125.843, 60
Trd, 4319126.993, 139
Trd, 4319127.293, 139
Trd, 4319128.393, 140
Trd, 4319128.443, 140
Trd, 4319129.593, 140
Trd, 4319130.143, 139
Trd, 4319131.143, 140
Trd, 4319131.393, 140
Trd, 4319132.043, 140
Trd, 4319132.393, 139
Trd, 4319132.593, 136
Trd, 4319133.093, 140
Trd, 4319133.593, 137
Trd, 4319134.943, 93
Trd, 4319135.243, 70
Trd, 4319136.343, 140
Trd, 4319136.943, 140
Trd, 4319138.243, 140
Trd, 4319138.943, 140
Trd, 4319139.293, 140
Trd, 4319139.493, 140
Trd, 4319139.593, 139
Trd, 4319139.843, 138
Trd, 4319140.143, 135
Trd, 4319140.343, 132
Trd, 4319141.793, 140
Trd, 4319142.443, 139
Trd, 4319144.993, 140
Trd, 4319145.543, 140
Trd, 4319146.293, 140
Trd, 4319146.543, 140
Trd, 4319146.743, 140
Trd, 4319147.793, 136
Trd, 4319147.943, 81
Trd, 4319149.393, 140
Trd, 4319149.593, 140
Trd, 4319149.793, 139
Trd, 4319151.093, 140
Trd, 4319151.493, 140
Trd, 4319152.543, 140
Trd, 4319153.243, 140
Trd, 4319153.343, 139
Trd, 4319153.393, 139
Trd, 4319153.993, 140
Trd, 4319155.143, 140
Trd, 4319155.743, 140
Trd, 4319155.943, 136
Trd, 4319156.143, 76
Trd, 4319156.643, 135
Trd, 4319158.193, 138
Trd, 4319158.893, 140
Trd, 4319159.943, 101
Trd, 4319159.993, 100
Trd, 4319161.343, 140
Trd, 4319161.493, 139
Trd, 4319161.593, 138
Trd, 4319162.743, 134
Trd, 4319162.943, 116
Trd, 4319163.343, 60
Trd, 4319163.943, 140
Trd, 4319165.643, 140
Trd, 4319165.993, 140
Trd, 4319166.293, 60
Trd, 4319166.893, 60
Trd, 4319167.293, 91
Trd, 4319167.993, 63
Trd, 4319168.843, 139
Trd, 4319169.493, 140
Trd, 4319170.143, 139
Trd, 4319171.093, 137
Trd, 4319171.993, 140
Trd, 4319172.793, 140
Trd, 4319173.543, 140
Trd, 4319173.893, 140
Trd, 4319174.493, 140
Trd, 4319175.293, 140
Trd, 4319175.343, 140
Trd, 4319175.943, 140
Trd, 4319176.143, 140
Trd, 4319176.193, 140
Trd, 4319177.943, 140
Trd, 4319178.143, 140
Trd, 4319179.343, 138
Trd, 4319179.743, 138
Trd, 4319180.543, 137
Trd, 4319182.543, 140
Trd, 4319182.693, 137
Trd, 4319182.743, 104
Trd, 4319182.993, 90
Trd, 4319183.593, 140
Trd, 4319184.043, 139
Trd, 4319184.543, 129
Trd, 4319185.143, 139
Trd, 4319185.543, 140
Trd, 4319185.993, 140
Trd, 4319186.443, 140
Trd, 4319187.143, 140
Trd, 4319188.193, 111
Trd, 4319188.393, 140
Trd, 4319188.943, 139
Trd, 4319190.193, 64
Trd, 4319190.743, 136
Trd, 4319190.943, 69
Trd, 4319191.143, 68
Trd, 4319192.293, 139
Trd, 4319192.443, 135
Trd, 4319193.643, 140
Trd, 4319193.943, 139
Trd, 4319195.393, 140
Trd, 4319195.543, 140
Trd, 4319195.893, 140
Trd, 4319196.093, 140
Trd, 4319196.693, 140
Trd, 4319197.343, 140
Trd, 4319197.693, 131
Trd, 4319198.043, 81
Trd, 4319198.343, 140
Trd, 4319199.293, 60
Trd, 4319199.443, 70
Trd, 4319200.793, 140
Trd, 4319201.343, 140
Trd, 4319202.543, 140
Trd, 4319203.193, 140
Trd, 4319203.443, 140
Trd, 4319204.693, 140
Trd, 4319205.243, 140
Trd, 4319205.343, 137
Trd, 4319206.643, 90
Trd, 4319206.993, 70
Trd, 4319207.743, 139
Trd, 4319208.043, 139
Trd, 4319208.543, 140
Trd, 4319209.143, 140
Trd, 4319209.243, 140
Trd, 4319210.393, 139
Trd, 4319211.243, 60
Trd, 4319211.693, 61
Trd, 4319211.793, 131
Trd, 4319213.143, 61
Trd, 4319213.793, 63
Trd, 4319215.143, 61
Trd, 4319215.743, 64
Trd, 4319215.793, 68
Trd, 4319216.593, 60
Trd, 4319217.593, 65
Trd, 4319217.793, 116
Trd, 4319218.293, 140
Trd, 4319218.643, 110
Trd, 4319219.593, 61
Trd, 4319221.293, 140
Trd, 4319221.793, 140
Trd, 4319221.843, 140
Trd, 4319223.843, 140
Trd, 4319223.943, 140
Trd, 4319224.343, 140
Trd, 4319224.643, 140
Trd, 4319225.593, 140
Trd, 4319226.093, 140
Trd, 4319227.393, 140
Trd, 4319227.543, 139
Trd, 4319227.843, 140
Trd, 4319228.543, 140
Trd, 4319229.543, 140
Trd, 4319229.843, 140
Trd, 4319231.043, 140
Trd, 4319231.193, 140
Trd, 4319231.443, 116
Trd, 4319231.843, 140
Trd, 4319232.193, 140
Trd, 4319232.893, 132
Trd, 4319233.993, 84
Trd, 4319234.193, 83
Trd, 4319234.343, 140
Trd, 4319234.743, 140
Trd, 4319236.093, 139
Trd, 4319236.293, 140
Trd, 4319236.393, 139
Trd, 4319238.043, 139
Trd, 4319238.193, 139
Trd, 4319238.643, 133
Trd, 4319240.493, 140
Trd, 4319240.643, 135
Trd, 4319241.043, 139
Trd, 4319241.493, 140
Trd, 4319242.093, 64
Trd, 4319242.443, 60
Trd, 4319242.643, 60
Trd, 4319243.443, 93
Trd, 4319243.793, 140
Trd, 4319245.043, 66
Trd, 4319246.343, 63
Trd, 4319246.493, 65
Trd, 4319247.193, 68
Trd, 4319248.293, 62
Trd, 4319248.443, 69
Trd, 4319248.893, 60
Trd, 4319249.893, 140
Trd, 4319251.143, 140
Trd, 4319251.493, 140
Trd, 4319251.843, 140
Trd, 4319252.693, 140
Trd, 4319252.793, 139
Trd, 4319252.843, 138
Trd, 4319254.193, 140
Trd, 4319254.643, 139
Trd, 4319254.993, 138
Trd, 4319256.043, 139
Trd, 4319256.693, 140
Trd, 4319257.593, 140
Trd, 4319257.943, 140
Trd, 4319259.243, 140
Trd, 4319259.293, 140
Trd, 4319259.493, 140
Trd, 4319259.543, 140
Trd, 4319259.993, 110
Trd, 4319260.743, 140
Trd, 4319262.193, 63
Trd, 4319262.393, 82
Trd, 4319262.793, 61
Trd, 4319263.143, 140
Trd, 4319263.393, 140
Trd, 4319264.093, 63
Trd, 4319264.493, 60
Trd, 4319265.593, 140
Trd, 4319267.043, 140
Trd, 4319267.293, 140
Trd, 4319267.643, 140
Trd, 4319268.243, 140
Trd, 4319268.593, 140
Trd, 4319268.693, 108
Trd, 4319269.293, 66
Trd, 4319269.343, 110
Trd, 4319270.593, 67
Trd, 4319271.343, 61
Trd, 4319272.043, 60
Trd, 4319272.493, 67
Trd, 4319273.943, 60
Trd, 4319274.293, 63
Trd, 4319274.693, 71
Trd, 4319274.793, 75
Trd, 4319275.093, 140
Trd, 4319276.243, 78
Trd, 4319277.743, 63
Trd, 4319279.043, 61
Trd, 4319279.593, 66
Trd, 4319280.293, 61
Trd, 4319280.843, 61
Trd, 4319280.893, 80
Trd, 4319281.443, 140
Trd, 4319281.543, 140
Trd, 4319283.043, 140
Trd, 4319283.243, 61
Trd, 4319284.393, 138
Trd, 4319284.543, 60
Trd, 4319285.043, 66
Trd, 4319286.093, 140
Trd, 4319286.193, 139
Trd, 4319286.543, 125
Trd, 4319287.843, 140
Trd, 4319287.893, 140
Trd, 4319288.743, 134
Trd, 4319289.993, 138
Trd, 4319291.143, 60
Trd, 4319291.193, 62
Trd, 4319291.243, 120
Trd, 4319292.043, 140
Trd, 4319293.093, 60
Trd, 4319293.893, 61
Trd, 4319294.193, 74
Trd, 4319295.193, 61
Trd, 4319295.693, 61
Trd, 4319296.393, 140
Trd, 4319296.693, 140
Trd, 4319297.293, 140
Trd, 4319298.443, 140
Trd, 4319298.893, 140
Trd, 4319299.993, 140
Trd, 4319300.493, 140
Trd, 4319301.143, 140
Trd, 4319301.393, 140
Trd, 4319302.393, 140
Trd, 4319303.293, 140
Trd, 4319303.393, 140
Trd, 4319303.543, 139
Trd, 4319304.843, 140
Trd, 4319306.543, 140
Trd, 4319307.093, 140
Trd, 4319307.343, 140
Trd, 4319307.543, 139
Trd, 4319309.043, 140
Trd, 4319309.093, 140
Trd, 4319310.343, 139
Trd, 4319311.043, 123
Trd, 4319311.493, 140
Trd, 4319311.543, 135
Trd, 4319312.293, 123
Trd, 4319313.143, 140
Trd, 4319313.243, 139
Trd, 4319313.793, 139
Trd, 4319314.193, 138
Trd, 4319314.743, 140
Trd, 4319316.293, 140
Trd, 4319316.343, 139
Trd, 4319317.143, 139
Trd, 4319317.943, 138
Trd, 4319318.343, 138
Trd, 4319318.593, 138
Trd, 4319318.693, 137
Trd, 4319320.643, 93
Trd, 4319320.743, 131
Trd, 4319320.993, 64
Trd, 4319321.143, 60
Trd, 4319322.093, 120
Trd, 4319322.593, 139
Trd, 4319324.293, 140
Trd, 4319324.893, 140
Trd, 4319325.243, 140
Trd, 4319325.343, 109
Trd, 4319325.993, 62
Trd, 4319326.293, 66
Trd, 4319327.543, 138
Trd, 4319328.243, 61
Trd, 4319328.643, 70
Trd, 4319328.843, 71
Trd, 4319330.543, 140
Trd, 4319330.843, 140
Trd, 4319332.893, 140
Trd, 4319333.293, 140
Trd, 4319333.593, 140
Trd, 4319333.993, 140
Trd, 4319334.593, 140
Trd, 4319335.393, 140
Trd, 4319336.443, 140
Trd, 4319337.143, 140
Trd, 4319337.293, 133
Trd, 4319337.543, 139
Trd, 4319337.743, 139
Trd, 4319338.993, 70
Trd, 4319339.643, 60
Trd, 4319339.893, 64
Trd, 4319341.243, 140
Trd, 4319341.743, 140
Trd, 4319342.743, 140
Trd, 4319342.843, 139
Trd, 4319343.693, 140
Trd, 4319344.193, 140
Trd, 4319346.893, 140
Trd, 4319347.543, 140
Trd, 4319347.793, 140
Trd, 4319347.943, 140
Trd, 4319348.443, 140
Trd, 4319349.143, 140
Trd, 4319349.843, 140
Trd, 4319349.943, 140
Trd, 4319350.693, 140
Trd, 4319350.843, 140
Trd, 4319351.993, 140
Trd, 4319352.043, 139
Trd, 4319352.743, 96
Trd, 4319353.993, 140
Trd, 4319354.043, 140
Trd, 4319354.393, 140
Trd, 4319356.243, 140
Trd, 4319356.443, 140
Trd, 4319356.543, 139
Trd, 4319358.043, 140
Trd, 4319358.243, 140
Trd, 4319358.743, 139
Trd, 4319359.243, 129
Trd, 4319359.643, 70
Trd, 4319359.893, 139
Trd, 4319361.443, 140
Trd, 4319361.643, 138
Trd, 4319363.593, 140
Trd, 4319363.743, 140
Trd, 4319364.143, 140
Trd, 4319364.393, 140
Trd, 4319364.893, 140
Trd, 4319365.893, 140
Trd, 4319365.943, 140
Trd, 4319367.593, 140
Trd, 4319367.643, 139
Trd, 4319367.843, 139
Trd, 4319368.093, 135
Trd, 4319369.893, 60
Trd, 4319370.193, 74
Trd, 4319371.443, 61
Trd, 4319371.643, 63
Trd, 4319372.143, 67
Trd, 4319373.193, 140
Trd, 4319373.343, 139
Trd, 4319374.243, 140
Trd, 4319375.643, 140
Trd, 4319375.793, 140
Trd, 4319376.693, 140
Trd, 4319376.993, 138
Trd, 4319377.643, 136
Trd, 4319377.993, 132
Trd, 4319378.493, 140
Trd, 4319378.793, 140
Trd, 4319379.493, 140
Trd, 4319380.543, 140
Trd, 4319380.593, 139
Trd, 4319380.643, 139
Trd, 4319382.043, 140
Trd, 4319382.093, 140
Trd, 4319382.693, 139
Trd, 4319382.943, 126
Trd, 4319385.243, 139
Trd, 4319385.743, 139
Trd, 4319385.843, 140
Trd, 4319386.243, 140
Trd, 4319386.993, 140
Trd, 4319387.043, 140
Trd, 4319387.843, 140
Trd, 4319387.893, 138
Trd, 4319390.543, 140
Trd, 4319390.993, 140
Trd, 4319391.843, 140
Trd, 4319391.893, 140
Trd, 4319391.993, 138
Trd, 4319393.393, 140
Trd, 4319393.493, 140
Trd, 4319394.093, 127
Trd, 4319394.443, 140
Trd, 4319394.543, 127
Trd, 4319395.943, 70
Trd, 4319396.893, 61
Trd, 4319397.293, 71
Trd, 4319398.043, 61
Trd, 4319398.993, 140
Trd, 4319399.043, 139
Trd, 4319399.943, 139
Trd, 4319401.493, 140
Trd, 4319402.093, 140
Trd, 4319402.543, 140
Trd, 4319403.093, 140
Trd, 4319403.193, 140
Trd, 4319403.743, 140
Trd, 4319404.443, 140
Trd, 4319406.143, 140
Trd, 4319406.443, 136
Trd, 4319406.893, 88
Trd, 4319407.293, 140
Trd, 4319409.243, 140
Trd, 4319409.293, 140
Trd, 4319409.443, 140
Trd, 4319409.843, 138
Trd, 4319410.193, 134
Trd, 4319410.843, 139
Trd, 4319411.593, 139
Trd, 4319412.543, 61
Trd, 4319412.893, 139
Trd, 4319414.193, 61
Trd, 4319414.293, 110
Trd, 4319414.643, 140
Trd, 4319416.193, 99
Trd, 4319416.443, 136
Trd, 4319417.043, 138
Trd, 4319417.093, 69
Trd, 4319417.493, 62
Trd, 4319418.293, 72
Trd, 4319419.043, 61
Trd, 4319419.743, 140
Trd, 4319420.943, 140
Trd, 4319421.193, 139
Trd, 4319422.043, 138
Trd, 4319422.093, 134
Trd, 4319422.743, 140
Trd, 4319422.793, 140
Trd, 4319423.193, 125
Trd, 4319424.293, 66
Trd, 4319424.393, 140
Trd, 4319425.343, 62
Trd, 4319425.593, 60
Trd, 4319426.843, 60
Trd, 4319427.093, 60
Trd, 4319427.993, 60
Trd, 4319428.943, 61
Trd, 4319429.043, 62
Trd, 4319430.143, 140
Trd, 4319430.593, 140
Trd, 4319431.143, 140
Trd, 4319431.343, 140
Trd, 4319431.493, 139
Trd, 4319432.193, 96
Trd, 4319433.093, 140
Trd, 4319433.693, 140
Trd, 4319434.843, 139
Trd, 4319435.343, 139
Trd, 4319435.593, 137
Trd, 4319436.293, 60
Trd, 4319436.693, 64
Trd, 4319437.043, 64
Trd, 4319437.943, 139
Trd, 4319438.493, 69
Trd, 4319439.543, 140
Trd, 4319439.693, 140
Trd, 4319441.143, 64
Trd, 4319441.993, 140
Trd, 4319442.643, 65
Trd, 4319442.843, 67
Trd, 4319443.743, 88
Trd, 4319444.943, 60
Trd, 4319445.043, 60
Trd, 4319447.143, 140
Trd, 4319447.743, 140
Trd, 4319448.143, 140
Trd, 4319448.443, 139
Trd, 4319448.743, 139
Trd, 4319449.243, 138
Trd, 4319449.793, 138
Trd, 4319451.043, 140
Trd, 4319451.193, 140
Trd, 4319451.543, 139
Trd, 4319451.693, 138
Trd, 4319451.843, 133
Trd, 4319452.843, 90
Trd, 4319454.443, 139
Trd, 4319454.693, 140
Trd, 4319454.943, 132
Trd, 4319455.943, 140
Trd, 4319456.543, 140
Trd, 4319456.793, 140
Trd, 4319457.543, 140
Trd, 4319457.893, 139
Trd, 4319458.793, 140
Trd, 4319459.543, 140
Trd, 4319460.293, 137
Trd, 4319460.543, 137
Trd, 4319461.393, 140
Trd, 4319463.643, 140
Trd, 4319464.143, 140
Trd, 4319464.193, 139
Trd, 4319465.143, 140
Trd, 4319465.193, 140
Trd, 4319465.243, 139
Trd, 4319465.693, 140
Trd, 4319467.193, 140
Trd, 4319467.493, 140
Trd, 4319467.543, 140
Trd, 4319467.993, 137
Trd, 4319469.393, 140
Trd, 4319469.543, 140
Trd, 4319469.693, 126
Trd, 4319470.043, 140
Trd, 4319470.443, 139
Trd, 4319470.843, 138
Trd, 4319471.593, 115
Trd, 4319473.143, 140
Trd, 4319473.293, 139
Trd, 4319473.743, 138
Trd, 4319474.393, 140
Trd, 4319475.643, 70
Trd, 4319477.493, 140
Trd, 4319477.643, 140
Trd, 4319477.993, 140
Trd, 4319478.293, 140
Trd, 4319478.843, 140
Trd, 4319478.993, 140
Trd, 4319479.543, 139
Trd, 4319480.243, 140
Trd, 4319480.543, 138
Trd, 4319482.193, 137
Trd, 4319482.643, 136
Trd, 4319483.893, 140
Trd, 4319484.693, 140
Trd, 4319485.093, 138
Trd, 4319485.143, 133
Trd, 4319485.393, 91
Trd, 4319486.443, 140
Trd, 4319486.893, 140
Trd, 4319487.293, 140
Trd, 4319487.393, 140
Trd, 4319487.593, 66
Trd, 4319488.943, 139
Trd, 4319489.043, 114
Trd, 4319489.343, 139
Trd, 4319490.293, 139
Trd, 4319490.393, 111
Trd, 4319490.943, 120
Trd, 4319491.443, 140
Trd, 4319492.343, 140
Trd, 4319493.493, 140
Trd, 4319493.743, 140
Trd, 4319495.093, 140
Trd, 4319495.343, 139
Trd, 4319496.543, 140
Trd, 4319496.743, 138
Trd, 4319497.543, 138
Trd, 4319498.293, 139
Trd, 4319498.993, 140
Trd, 4319499.693, 140
Trd, 4319500.493, 140
Trd, 4319501.443, 140
Trd, 4319501.693, 139
Trd, 4319501.843, 140
Trd, 4319502.093, 140
Trd, 4319502.843, 123
Trd, 4319503.243, 128
Trd, 4319503.843, 140
Trd, 4319503.943, 87
Trd, 4319504.143, 140
Trd, 4319504.993, 140
Trd, 4319505.943, 140
Trd, 4319506.093, 139
Trd, 4319507.143, 140
Trd, 4319508.693, 140
Trd, 4319508.793, 140
Trd, 4319509.393, 140
Trd, 4319509.743, 139
Trd, 4319510.193, 140
Trd, 4319510.543, 137
Trd, 4319510.893, 135
Trd, 4319511.193, 140
Trd, 4319511.843, 72
Trd, 4319512.193, 119
Trd, 4319512.693, 140
Trd, 4319513.243, 140
Trd, 4319513.643, 140
Trd, 4319514.693, 138
Trd, 4319515.993, 140
Trd, 4319516.793, 140
Trd, 4319517.143, 140
Trd, 4319517.793, 140
Trd, 4319518.293, 139
Trd, 4319519.593, 140
Trd, 4319520.293, 140
Trd, 4319520.593, 139
Trd, 4319521.093, 139
Trd, 4319521.293, 129
Trd, 4319521.393, 136
Trd, 4319521.443, 117
Trd, 4319522.843, 61
Trd, 4319523.393, 138
Trd, 4319524.293, 140
Trd, 4319525.443, 122
Trd, 4319525.493, 121
Trd, 4319525.543, 103
Trd, 4319526.043, 66
Trd, 4319526.993, 62
Trd, 4319527.543, 140
Trd, 4319528.343, 139
Trd, 4319528.443, 138
Trd, 4319529.693, 63
Trd, 4319529.893, 63
Trd, 4319530.493, 120
Trd, 4319531.793, 140
Trd, 4319532.793, 140
Trd, 4319533.443, 140
Trd, 4319533.643, 138
Trd, 4319534.493, 136
Trd, 4319535.543, 140
Trd, 4319535.743, 140
Trd, 4319535.843, 140
Trd, 4319537.093, 140
Trd, 4319537.193, 140
Trd, 4319537.393, 140
Trd, 4319538.293, 140
Trd, 4319538.993, 140
Trd, 4319539.343, 140
Trd, 4319541.193, 140
Trd, 4319541.493, 140
Trd, 4319541.793, 140
Trd, 4319541.893, 139
Trd, 4319542.743, 140
Trd, 4319543.393, 138
Trd, 4319544.243, 140
Trd, 4319544.293, 137
Trd, 4319546.293, 140
Trd, 4319546.493, 140
Trd, 4319546.893, 138
Trd, 4319547.243, 139
Trd, 4319547.293, 137
Trd, 4319549.293, 140
Trd, 4319549.943, 140
Trd, 4319550.343, 140
Trd, 4319550.593, 139
Trd, 4319550.893, 138
Trd, 4319551.893, 136
Trd, 4319552.543, 138
Trd, 4319552.993, 140
Trd, 4319553.243, 135
Trd, 4319554.693, 139
Trd, 4319555.493, 140
Trd, 4319555.743, 140
Trd, 4319556.643, 140
Trd, 4319556.943, 140
Trd, 4319558.593, 138
Trd, 4319558.643, 138
Trd, 4319558.893, 69
Trd, 4319559.543, 140
Trd, 4319559.593, 140
Trd, 4319560.743, 137
Trd, 4319561.743, 137
Trd, 4319561.943, 107
Trd, 4319562.543, 140
Trd, 4319563.693, 139
Trd, 4319564.193, 140
Trd, 4319564.943, 140
Trd, 4319565.293, 140
Trd, 4319565.593, 140
Trd, 4319566.393, 139
Trd, 4319566.693, 140
Trd, 4319567.043, 140
Trd, 4319567.093, 139
Trd, 4319567.643, 140
Trd, 4319568.993, 137
Trd, 4319570.793, 140
Trd, 4319571.343, 140
Trd, 4319571.443, 139
Trd, 4319572.093, 125
Trd, 4319572.293, 140
Trd, 4319572.643, 64
Trd, 4319574.193, 60
Trd, 4319574.743, 62
Trd, 4319575.593, 60
Trd, 4319576.193, 60
Trd, 4319576.543, 63
Trd, 4319577.043, 65
Trd, 4319578.043, 65
Trd, 4319578.793, 115
Trd, 4319579.043, 113
Trd, 4319579.493, 140
Trd, 4319580.443, 139
Trd, 4319580.593, 85
Trd, 4319580.793, 140
Trd, 4319581.743, 140
Trd, 4319584.393, 140
Trd, 4319584.693, 140
Trd, 4319585.343, 140
Trd, 4319585.893, 140
Trd, 4319586.443, 139
Trd, 4319586.493, 139
Trd, 4319587.193, 140
Trd, 4319587.793, 140
Trd, 4319587.843, 140
Trd, 4319588.043, 139
Trd, 4319589.393, 140
Trd, 4319589.443, 139
Trd, 4319589.743, 138
Trd, 4319590.293, 140
Trd, 4319591.543, 140
Trd, 4319591.693, 130
Trd, 4319591.743, 92
Trd, 4319592.293, 140
Trd, 4319593.193, 60
Trd, 4319593.493, 61
Trd, 4319595.193, 63
Trd, 4319595.343, 61
Trd, 4319595.993, 68
Trd, 4319596.543, 68
Trd, 4319596.643, 74
Trd, 4319597.043, 120
Trd, 4319598.593, 60
Trd, 4319599.043, 140
Trd, 4319600.643, 62
Trd, 4319600.793, 62
Trd, 4319601.843, 67
Trd, 4319602.193, 140
Trd, 4319602.243, 138
Trd, 4319602.443, 127
Trd, 4319603.693, 139
Trd, 4319604.293, 140
Trd, 4319604.443, 106
Trd, 4319605.143, 61
Trd, 4319605.593, 140
Trd, 4319606.343, 61
Trd, 4319607.493, 60
Trd, 4319608.943, 62
Trd, 4319609.393, 65
Trd, 4319610.393, 61
Trd, 4319610.843, 62
Trd, 4319611.493, 61
Trd, 4319612.043, 68
Trd, 4319613.243, 62
Trd, 4319613.493, 112
Trd, 4319614.443, 63
Trd, 4319615.343, 60
Trd, 4319615.593, 66
Trd, 4319615.643, 94
Trd, 4319616.393, 63
Trd, 4319616.743, 68
Trd, 4319617.543, 130
Trd, 4319618.143, 65
Trd, 4319618.593, 63
Trd, 4319620.093, 61
Trd, 4319620.743, 60
Trd, 4319620.943, 62
Trd, 4319621.943, 61
Trd, 4319622.043, 70
Trd, 4319623.493, 69
Trd, 4319624.793, 140
Trd, 4319624.893, 140
Trd, 4319625.143, 140
Trd, 4319625.443, 140
Trd, 4319626.793, 64
Trd, 4319627.693, 134
Trd, 4319628.243, 62
Trd, 4319628.643, 139
Trd, 4319629.643, 140
Trd, 4319629.793, 66
Trd, 4319630.293, 70
Trd, 4319631.543, 69
Trd, 4319631.793, 66
Trd, 4319632.343, 140
Trd, 4319633.193, 140
Trd, 4319633.293, 140
Trd, 4319633.493, 140
Trd, 4319634.593, 139
Trd, 4319635.093, 140
Trd, 4319635.193, 138
Trd, 4319635.293, 138
Trd, 4319636.543, 140
Trd, 4319636.943, 140
Trd, 4319637.643, 140
Trd, 4319638.343, 138
Trd, 4319638.793, 139
Trd, 4319638.943, 127
Trd, 4319638.993, 64
Trd, 4319641.843, 140
Trd, 4319642.493, 140
Trd, 4319643.393, 140
Trd, 4319643.493, 140
Trd, 4319643.643, 139
Trd, 4319643.993, 140
Trd, 4319644.943, 140
Trd, 4319645.343, 140
Trd, 4319646.043, 140
Trd, 4319646.543, 140
Trd, 4319647.743, 140
Trd, 4319648.143, 140
Trd, 4319648.293, 140
Trd, 4319649.243, 139
Trd, 4319649.643, 138
Trd, 4319650.143, 139
Trd, 4319650.393, 140
Trd, 4319651.393, 123
Trd, 4319651.993, 139
Trd, 4319652.293, 139
Trd, 4319653.543, 140
Trd, 4319654.143, 140
Trd, 4319654.443, 137
Trd, 4319655.943, 140
Trd, 4319657.893, 140
Trd, 4319658.343, 140
Trd, 4319658.743, 140
Trd, 4319658.893, 140
Trd, 4319658.943, 140
Trd, 4319659.693, 140
Trd, 4319659.793, 140
Trd, 4319661.343, 140
Trd, 4319662.443, 139
Trd, 4319662.843, 139
Trd, 4319662.893, 130
Trd, 4319664.693, 140
Trd, 4319664.743, 140
Trd, 4319664.893, 139
Trd, 4319666.043, 140
Trd, 4319666.093, 140
Trd, 4319666.993, 140
Trd, 4319667.543, 139
Trd, 4319668.643, 140
Trd, 4319669.343, 140
Trd, 4319670.793, 140
Trd, 4319671.543, 140
Trd, 4319671.693, 105
Trd, 4319672.293, 140
Trd, 4319672.443, 139
Trd, 4319672.593, 79
Trd, 4319674.193, 140
Trd, 4319674.843, 140
Trd, 4319675.493, 140
Trd, 4319675.693, 140
Trd, 4319677.143, 140
Trd, 4319677.943, 140
Trd, 4319677.993, 140
Trd, 4319678.093, 140
Trd, 4319679.193, 140
Trd, 4319679.493, 116
Trd, 4319679.893, 115
Trd, 4319680.543, 140
Trd, 4319681.243, 140
Trd, 4319682.443, 140
Trd, 4319682.593, 140
Trd, 4319682.943, 140
Trd, 4319683.993, 140
Trd, 4319685.843, 140
Trd, 4319685.943, 139
Trd, 4319687.143, 140
Trd, 4319687.343, 140
Trd, 4319687.443, 140
Trd, 4319688.393, 140
Trd, 4319688.843, 139
Trd, 4319689.193, 119
Trd, 4319690.343, 140
Trd, 4319690.893, 139
Trd, 4319691.993, 140
Trd, 4319692.093, 139
Trd, 4319692.993, 140
Trd, 4319693.943, 140
Trd, 4319693.993, 140
Trd, 4319694.093, 136
Trd, 4319694.193, 136
Trd, 4319696.193, 60
Trd, 4319697.343, 66
Trd, 4319697.893, 62
Trd, 4319698.243, 65
Trd, 4319698.793, 60
Trd, 4319699.293, 60
Trd, 4319699.943, 61
Trd, 4319700.843, 139
Trd, 4319701.593, 140
Trd, 4319701.643, 140
Trd, 4319701.943, 140
Trd, 4319703.043, 140
Trd, 4319703.393, 140
Trd, 4319704.193, 140
Trd, 4319704.293, 138
Trd, 4319704.893, 139
Trd, 4319705.843, 140
Trd, 4319706.393, 140
Trd, 4319706.993, 140
Trd, 4319707.643, 139
Trd, 4319707.893, 138
Trd, 4319708.743, 97
Trd, 4319709.393, 61
Trd, 4319710.843, 140
Trd, 4319712.093, 140
Trd, 4319712.293, 140
Trd, 4319712.543, 140
Trd, 4319713.643, 140
Trd, 4319714.693, 140
Trd, 4319715.093, 140
Trd, 4319715.243, 140
Trd, 4319716.243, 140
Trd, 4319716.743, 140
Trd, 4319717.443, 140
Trd, 4319719.343, 140
Trd, 4319719.793, 140
Trd, 4319720.093, 140
Trd, 4319720.393, 140
Trd, 4319720.443, 139
Trd, 4319720.693, 135
Trd, 4319721.143, 98
Trd, 4319722.143, 139
Trd, 4319722.243, 139
Trd, 4319722.393, 140
Trd, 4319722.993, 135
Trd, 4319723.143, 98
Trd, 4319725.143, 140
Trd, 4319725.793, 140
Trd, 4319726.343, 140
Trd, 4319726.643, 138
Trd, 4319727.793, 140
Trd, 4319727.993, 140
Trd, 4319728.943, 140
Trd, 4319729.343, 130
Trd, 4319730.243, 140
Trd, 4319730.393, 131
Trd, 4319731.793, 140
Trd, 4319732.043, 140
Trd, 4319732.843, 140
Trd, 4319733.193, 69
Trd, 4319733.893, 62
Trd, 4319734.043, 138
Trd, 4319734.593, 139
Trd, 4319735.143, 140
Trd, 4319735.543, 139
Trd, 4319736.043, 140
Trd, 4319736.943, 138
Trd, 4319736.993, 98
Trd, 4319737.793, 135
Trd, 4319739.443, 140
Trd, 4319740.293, 140
Trd, 4319741.343, 140
Trd, 4319742.293, 140
Trd, 4319742.943, 140
Trd, 4319744.193, 140
Trd, 4319744.593, 140
Trd, 4319745.793, 140
Trd, 4319746.093, 140
Trd, 4319746.293, 140
Trd, 4319746.843, 140
Trd, 4319747.143, 140
Trd, 4319747.943, 140
Trd, 4319748.743, 139
Trd, 4319749.243, 137
Trd, 4319750.893, 140
Trd, 4319751.093, 140
Trd, 4319751.943, 140
Trd, 4319752.743, 140
Trd, 4319752.893, 140
Trd, 4319753.693, 140
Trd, 4319754.493, 140
Trd, 4319755.093, 140
Trd, 4319755.443, 140
Trd, 4319755.793, 140
Trd, 4319756.443, 140
Trd, 4319756.543, 140
Trd, 4319758.293, 140
Trd, 4319758.493, 139
Trd, 4319758.893, 140
Trd, 4319759.193, 123
Trd, 4319759.893, 101
Trd, 4319759.993, 74
Trd, 4319760.543, 140
Trd, 4319760.593, 124
Trd, 4319761.443, 140
Trd, 4319762.443, 65
Trd, 4319762.593, 65
Trd, 4319763.493, 82
Trd, 4319764.143, 66
Trd, 4319764.693, 140
Trd, 4319765.493, 140
Trd, 4319766.743, 140
Trd, 4319766.843, 140
Trd, 4319766.993, 140
Trd, 4319767.543, 140
Trd, 4319767.893, 139
Trd, 4319768.493, 140
Trd, 4319768.943, 140
Trd, 4319769.393, 140
Trd, 4319770.043, 138
Trd, 4319771.893, 140
Trd, 4319772.393, 140
Trd, 4319772.443, 140
Trd, 4319772.693, 139
Trd, 4319774.343, 139
Trd, 4319774.443, 138
Trd, 4319774.793, 140
Trd, 4319775.893, 140
Trd, 4319776.193, 140
Trd, 4319777.593, 140
Trd, 4319777.943, 136
Trd, 4319778.943, 140
Trd, 4319780.743, 140
Trd, 4319780.993, 140
Trd, 4319781.093, 139
Trd, 4319781.393, 136
Trd, 4319781.443, 121
Trd, 4319782.093, 120
Trd, 4319782.943, 77
Trd, 4319782.993, 116
Trd, 4319784.143, 140
Trd, 4319785.393, 140
Trd, 4319786.343, 139
Trd, 4319786.793, 139
Trd, 4319786.993, 140
Trd, 4319787.693, 139
Trd, 4319789.093, 140
Trd, 4319789.643, 140
Trd, 4319789.993, 138
Trd, 4319790.843, 140
Trd, 4319791.543, 140
Trd, 4319791.793, 140
Trd, 4319792.543, 139
Trd, 4319792.793, 139
Trd, 4319792.943, 109
Trd, 4319793.393, 61
Trd, 4319794.593, 140
Trd, 4319795.193, 140
Trd, 4319795.293, 139
Trd, 4319796.593, 140
Trd, 4319796.793, 140
Trd, 4319797.443, 140
Trd, 4319798.593, 140
Trd, 4319798.993, 139
Trd, 4319799.343, 138
Trd, 4319799.893, 138
Trd, 4319800.093, 123
Trd, 4319801.243, 122
Trd, 4319802.993, 140
Trd, 4319803.193, 140
Trd, 4319804.693, 137
Trd, 4319804.993, 140
Trd, 4319805.943, 139
Trd, 4319806.293, 104
Trd, 4319806.643, 104
Trd, 4319807.543, 62
Trd, 4319807.693, 74
Trd, 4319808.693, 140
Trd, 4319808.893, 140
Trd, 4319809.843, 64
Trd, 4319810.293, 65
Trd, 4319810.643, 140
Trd, 4319811.843, 140
Trd, 4319812.043, 139
Trd, 4319812.543, 140
Trd, 4319813.193, 140
Trd, 4319813.993, 62
Trd, 4319814.493, 62
Trd, 4319815.493, 125
Trd, 4319815.693, 122
Trd, 4319816.943, 140
Trd, 4319817.143, 140
Trd, 4319817.193, 137
Trd, 4319819.093, 140
Trd, 4319819.143, 140
Trd, 4319819.743, 140
Trd, 4319820.293, 140
Trd, 4319821.043, 140
Trd, 4319821.543, 139
Trd, 4319821.943, 139
Trd, 4319822.143, 60
Trd, 4319823.393, 140
Trd, 4319823.843, 140
Trd, 4319824.543, 140
Trd, 4319825.043, 140
Trd, 4319826.343, 140
Trd, 4319827.143, 134
Trd, 4319828.093, 137
Trd, 4319828.393, 136
Trd, 4319829.143, 140
Trd, 4319829.893, 140
Trd, 4319830.343, 140
Trd, 4319830.443, 137
Trd, 4319831.243, 140
Trd, 4319831.393, 138
Trd, 4319832.393, 140
Trd, 4319833.043, 136
Trd, 4319834.543, 140
Trd, 4319835.143, 140
Trd, 4319835.343, 140
Trd, 4319835.443, 140
Trd, 4319835.993, 140
Trd, 4319837.543, 140
Trd, 4319837.743, 139
Trd, 4319837.993, 138
Trd, 4319838.243, 139
Trd, 4319838.943, 117
Trd, 4319839.843, 139
Trd, 4319839.893, 96
Trd, 4319840.743, 62
Trd, 4319841.593, 140
Trd, 4319842.443, 140
Trd, 4319842.493, 140
Trd, 4319843.643, 140
Trd, 4319844.193, 140
Trd, 4319845.093, 140
Trd, 4319845.493, 140
Trd, 4319846.343, 140
Trd, 4319846.393, 140
Trd, 4319847.393, 140
Trd, 4319847.643, 139
Trd, 4319848.093, 140
Trd, 4319849.893, 140
Trd, 4319851.443, 140
Trd, 4319851.493, 140
Trd, 4319851.893, 140
Trd, 4319852.243, 127
Trd, 4319852.893, 140
Trd, 4319852.943, 140
Trd, 4319853.693, 139
Trd, 4319854.043, 139
Trd, 4319854.593, 140
Trd, 4319855.293, 139
Trd, 4319855.393, 139
Trd, 4319856.093, 107
Trd, 4319858.443, 140
Trd, 4319859.043, 140
Trd, 4319859.093, 139
Trd, 4319859.393, 139
Trd, 4319859.743, 139
Trd, 4319859.793, 112
Trd, 4319860.143, 83
Trd, 4319860.393, 66
Trd, 4319861.243, 137
Trd, 4319862.693, 140
Trd, 4319862.993, 140
Trd, 4319863.643, 140
Trd, 4319864.493, 138
Trd, 4319864.543, 137
Trd, 4319865.393, 140
Trd, 4319866.893, 136
Trd, 4319867.693, 140
Trd, 4319867.743, 140
Trd, 4319868.543, 140
Trd, 4319868.793, 140
Trd, 4319869.893, 140
Trd, 4319870.093, 140
Trd, 4319870.293, 139
Trd, 4319870.793, 139
Trd, 4319871.043, 138
Trd, 4319872.493, 140
Trd, 4319873.193, 139
Trd, 4319873.493, 137
Trd, 4319873.693, 136
Trd, 4319874.143, 119
Trd, 4319874.793, 138
Trd, 4319876.693, 140
Trd, 4319876.993, 140
Trd, 4319877.393, 112
Trd, 4319878.443, 140
Trd, 4319880.193, 140
Trd, 4319880.293, 140
Trd, 4319880.893, 140
Trd, 4319881.543, 140
Trd, 4319881.643, 139
Trd, 4319883.243, 140
Trd, 4319883.443, 140
Trd, 4319884.043, 119
Trd, 4319884.393, 140
Trd, 4319884.443, 62
Trd, 4319885.643, 140
Trd, 4319885.693, 139
Trd, 4319887.293, 140
Trd, 4319889.743, 140
Trd, 4319890.143, 140
Trd, 4319890.243, 140
Trd, 4319890.743, 140
Trd, 4319891.193, 140
Trd, 4319891.243, 140
Trd, 4319891.893, 140
Trd, 4319892.043, 140
Trd, 4319893.293, 140
Trd, 4319893.743, 140
Trd, 4319894.093, 140
Trd, 4319894.543, 139
Trd, 4319895.543, 139
Trd, 4319895.793, 139
Trd, 4319896.593, 140
Trd, 4319898.593, 140
Trd, 4319899.093, 140
Trd, 4319899.793, 139
Trd, 4319900.293, 140
Trd, 4319900.343, 134
Trd, 4319901.043, 140
Trd, 4319901.993, 140
Trd, 4319902.493, 140
Trd, 4319902.893, 139
Trd, 4319904.343, 140
Trd, 4319904.443, 140
Trd, 4319905.343, 140
Trd, 4319905.543, 140
Trd, 4319905.943, 137
Trd, 4319906.993, 140
Trd, 4319908.493, 140
Trd, 4319908.543, 140
Trd, 4319908.743, 140
Trd, 4319909.993, 139
Trd, 4319910.743, 140
Trd, 4319911.593, 60
Trd, 4319911.793, 61
Trd, 4319912.343, 64
Trd, 4319912.893, 124
Trd, 4319913.243, 133
Trd, 4319913.743, 62
Trd, 4319913.843, 63
Trd, 4319914.793, 61
Trd, 4319915.193, 62
Trd, 4319916.343, 64
Trd, 4319916.943, 63
Trd, 4319917.093, 61
Trd, 4319918.243, 139
Trd, 4319918.493, 140
Trd, 4319919.043, 118
Trd, 4319920.293, 71
Trd, 4319920.593, 140
Trd, 4319921.493, 140
Trd, 4319921.693, 99
Trd, 4319921.993, 69
Trd, 4319922.993, 67
Trd, 4319923.043, 131
Trd, 4319923.343, 140
Trd, 4319924.593, 140
Trd, 4319924.893, 138
Trd, 4319927.393, 140
Trd, 4319927.993, 138
Trd, 4319928.243, 140
Trd, 4319928.593, 86
Trd, 4319928.893, 138
Trd, 4319929.243, 126
Trd, 4319929.343, 124
Trd, 4319930.093, 140
Trd, 4319930.893, 63
Trd, 4319931.993, 140
Trd, 4319932.043, 140
Trd, 4319933.243, 140
Trd, 4319933.693, 140
Trd, 4319933.843, 138
Trd, 4319934.243, 140
Trd, 4319934.343, 111
Trd, 4319935.143, 124
Trd, 4319936.243, 140
Trd, 4319936.443, 60
Trd, 4319938.243, 140
Trd, 4319938.593, 139
Trd, 4319938.993, 139
Trd, 4319939.043, 110
Trd, 4319940.893, 140
Trd, 4319941.193, 140
Trd, 4319941.293, 140
Trd, 4319941.693, 139
Trd, 4319942.593, 140
Trd, 4319943.343, 140
Trd, 4319944.093, 139
Trd, 4319944.343, 111
Trd, 4319945.193, 112
Trd, 4319946.093, 140
Trd, 4319946.393, 114
Trd, 4319946.743, 122
Trd, 4319948.143, 140
Trd, 4319948.443, 140
Trd, 4319949.293, 139
Trd, 4319949.443, 139
Trd, 4319949.843, 140
Trd, 4319950.293, 140
Trd, 4319950.643, 138
Trd, 4319951.093, 140
Trd, 4319952.893, 140
Trd, 4319953.893, 140
Trd, 4319953.943, 140
Trd, 4319954.793, 140
Trd, 4319954.993, 138
Trd, 4319955.293, 140
Trd, 4319956.343, 140
Trd, 4319956.793, 139
Trd, 4319957.193, 139
Trd, 4319957.843, 140
Trd, 4319957.993, 137
Trd, 4319958.793, 140
Trd, 4319959.043, 140
Trd, 4319959.743, 139
Trd, 4319960.143, 137
Trd, 4319961.693, 140
Trd, 4319961.743, 139
Trd, 4319962.393, 140
Trd, 4319962.493, 115
Trd, 4319963.093, 140
Trd, 4319963.243, 104
Trd, 4319964.843, 64
Trd, 4319965.193, 121
Trd, 4319967.043, 64
Trd, 4319967.343, 92
Trd, 4319967.793, 140
Trd, 4319968.243, 140
Trd, 4319968.893, 140
Trd, 4319968.943, 140
Trd, 4319969.893, 140
Trd, 4319970.393, 140
Trd, 4319970.693, 140
Trd, 4319971.943, 140
Trd, 4319973.343, 140
Trd, 4319973.443, 140
Trd, 4319973.993, 140
Trd, 4319974.043, 139
Trd, 4319975.543, 139
Trd, 4319975.593, 139
Trd, 4319975.943, 139
Trd, 4319977.243, 140
Trd, 4319977.743, 140
Trd, 4319978.243, 140
Trd, 4319978.543, 139
Trd, 4319978.943, 135
Trd, 4319979.243, 96
Trd, 4319980.143, 104
Trd, 4319980.743, 140
Trd, 4319981.643, 60
Trd, 4319981.693, 110
Trd, 4319982.193, 97
Trd, 4319983.093, 139
Trd, 4319983.893, 140
Trd, 4319984.193, 140
Trd, 4319985.043, 60
Trd, 4319985.693, 106
Trd, 4319987.343, 140
Trd, 4319987.593, 140
Trd, 4319987.743, 140
Trd, 4319988.693, 140
Trd, 4319989.093, 61
Trd, 4319990.143, 140
Trd, 4319990.293, 140
Trd, 4319990.893, 136
Trd, 4319993.193, 140
Trd, 4319993.293, 140
Trd, 4319993.543, 138
Trd, 4319993.643, 138
Trd, 4319995.993, 140
Trd, 4319996.143, 140
Trd, 4319996.443, 139
Trd, 4319996.543, 138
Trd, 4319996.893, 140
Trd, 4319997.343, 140
Trd, 4319997.393, 83
Trd, 4319997.943, 94
Trd, 4319998.443, 140
Trd, 4319998.593, 73
