Trd, 4318111.743, 110
Trd, 4318111.843, 108
Trd, 4318112.343, 96
Trd, 4318113.143, 138
Trd, 4318113.643, 119
Trd, 4318114.093, 117
Trd, 4318114.943, 102
Trd, 4318115.343, 107
Trd, 4318117.743, 138
Trd, 4318118.393, 133
Trd, 4318119.143, 129
Trd, 4318120.943, 140
Trd, 4318121.743, 124
Trd, 4318122.493, 138
Trd, 4318123.393, 138
Trd, 4318123.893, 129
Trd, 4318124.343, 103
Trd, 4318125.243, 107
Trd, 4318125.293, 103
Trd, 4318125.393, 101
Trd, 4318126.043, 140
Trd, 4318127.093, 108
Trd, 4318128.243, 108
Trd, 4318128.443, 106
Trd, 4318129.893, 127
Trd, 4318131.043, 130
Trd, 4318131.493, 115
Trd, 4318132.093, 115
Trd, 4318132.143, 114
Trd, 4318132.343, 112
Trd, 4318133.193, 134
Trd, 4318134.843, 110
Trd, 4318135.943, 120
Trd, 4318137.493, 65
Trd, 4318137.943, 89
Trd, 4318139.743, 120
Trd, 4318139.843, 137
Trd, 4318140.993, 121
Trd, 4318141.743, 120
Trd, 4318143.193, 115
Trd, 4318143.643, 126
Trd, 4318144.293, 134
Trd, 4318144.343, 133
Trd, 4318145.343, 114
Trd, 4318145.793, 113
Trd, 4318147.193, 137
Trd, 4318147.393, 136
Trd, 4318148.393, 62
Trd, 4318148.593, 83
Trd, 4318149.443, 79
Trd, 4318150.193, 133
Trd, 4318151.193, 117
Trd, 4318151.693, 119
Trd, 4318152.193, 113
Trd, 4318152.243, 112
Trd, 4318152.943, 101
Trd, 4318153.793, 94
Trd, 4318154.193, 106
Trd, 4318154.343, 93
Trd, 4318156.143, 120
Trd, 4318156.243, 116
Trd, 4318158.143, 105
Trd, 4318158.593, 101
Trd, 4318158.993, 105
Trd, 4318159.643, 105
Trd, 4318160.243, 109
Trd, 4318160.293, 99
Trd, 4318161.343, 129
Trd, 4318161.843, 106
Trd, 4318163.893, 64
Trd, 4318163.943, 73
Trd, 4318164.293, 135
Trd, 4318164.843, 69
Trd, 4318165.743, 136
Trd, 4318165.793, 99
Trd, 4318165.893, 124
Trd, 4318166.893, 122
Trd, 4318167.193, 62
Trd, 4318170.543, 85
Trd, 4318170.893, 132
Trd, 4318171.393, 110
Trd, 4318171.493, 128
Trd, 4318171.843, 109
Trd, 4318172.893, 129
Trd, 4318173.243, 85
Trd, 4318173.943, 67
Trd, 4318174.343, 78
Trd, 4318175.993, 97
Trd, 4318176.893, 126
Trd, 4318178.293, 128
Trd, 4318178.393, 126
Trd, 4318178.593, 105
Trd, 4318179.543, 104
Trd, 4318180.493, 107
Trd, 4318181.243, 92
Trd, 4318181.393, 70
Trd, 4318182.593, 73
Trd, 4318182.693, 122
Trd, 4318184.143, 131
Trd, 4318184.293, 130
Trd, 4318184.443, 94
Trd, 4318185.243, 117
Trd, 4318185.593, 135
Trd, 4318185.793, 84
Trd, 4318187.193, 133
Trd, 4318189.143, 134
Trd, 4318189.393, 128
Trd, 4318190.193, 136
Trd, 4318190.343, 133
Trd, 4318191.343, 119
Trd, 4318191.993, 114
Trd, 4318193.143, 129
Trd, 4318195.593, 118
Trd, 4318197.293, 114
Trd, 4318197.743, 113
Trd, 4318198.043, 125
Trd, 4318199.143, 109
Trd, 4318199.193, 107
Trd, 4318199.593, 113
Trd, 4318199.693, 94
Trd, 4318201.343, 77
Trd, 4318203.143, 140
Trd, 4318203.843, 140
Trd, 4318204.293, 131
Trd, 4318204.543, 129
Trd, 4318204.993, 125
Trd, 4318207.043, 111
Trd, 4318208.693, 140
Trd, 4318209.143, 140
Trd, 4318210.143, 128
Trd, 4318210.393, 127
Trd, 4318211.793, 119
Trd, 4318212.243, 139
Trd, 4318212.343, 128
Trd, 4318212.743, 120
Trd, 4318214.743, 139
Trd, 4318215.393, 140
Trd, 4318215.693, 140
Trd, 4318216.093, 139
Trd, 4318216.393, 138
Trd, 4318216.493, 132
Trd, 4318217.293, 136
Trd, 4318218.843, 130
Trd, 4318219.293, 116
Trd, 4318220.343, 89
Trd, 4318220.993, 120
Trd, 4318221.243, 120
Trd, 4318221.293, 118
Trd, 4318222.093, 110
Trd, 4318223.393, 120
Trd, 4318223.693, 98
Trd, 4318224.843, 93
Trd, 4318225.243, 111
Trd, 4318225.393, 91
Trd, 4318225.843, 114
Trd, 4318226.743, 65
Trd, 4318228.043, 129
Trd, 4318228.993, 130
Trd, 4318229.343, 133
Trd, 4318229.843, 133
Trd, 4318230.193, 114
Trd, 4318230.243, 104
Trd, 4318231.743, 139
Trd, 4318232.643, 134
Trd, 4318232.943, 135
Trd, 4318233.343, 130
Trd, 4318234.443, 102
Trd, 4318234.893, 140
Trd, 4318235.793, 128
Trd, 4318236.743, 119
Trd, 4318238.643, 64
Trd, 4318239.243, 88
Trd, 4318240.393, 139
Trd, 4318240.693, 139
Trd, 4318242.693, 61
Trd, 4318242.893, 64
Trd, 4318243.043, 110
Trd, 4318243.293, 92
Trd, 4318245.343, 129
Trd, 4318245.693, 130
Trd, 4318246.193, 129
Trd, 4318247.643, 138
Trd, 4318248.543, 115
Trd, 4318248.743, 112
Trd, 4318249.793, 67
Trd, 4318250.143, 88
Trd, 4318251.343, 93
Trd, 4318252.143, 129
Trd, 4318252.293, 128
Trd, 4318253.843, 131
Trd, 4318254.593, 131
Trd, 4318254.793, 120
Trd, 4318254.993, 118
Trd, 4318255.343, 131
Trd, 4318255.793, 103
Trd, 4318258.043, 83
Trd, 4318258.393, 107
Trd, 4318258.843, 106
Trd, 4318258.893, 82
Trd, 4318260.093, 119
Trd, 4318261.343, 113
Trd, 4318262.293, 118
Trd, 4318262.393, 114
Trd, 4318262.443, 114
Trd, 4318263.343, 87
Trd, 4318263.693, 90
Trd, 4318265.893, 90
Trd, 4318266.443, 67
Trd, 4318267.343, 72
Trd, 4318267.743, 76
Trd, 4318268.043, 95
Trd, 4318269.643, 64
Trd, 4318269.843, 64
Trd, 4318270.993, 130
Trd, 4318271.893, 133
Trd, 4318272.893, 129
Trd, 4318273.243, 129
Trd, 4318274.843, 131
Trd, 4318275.693, 108
Trd, 4318275.743, 103
Trd, 4318275.793, 128
Trd, 4318276.993, 134
Trd, 4318277.643, 120
Trd, 4318278.393, 83
Trd, 4318279.343, 132
Trd, 4318280.393, 97
Trd, 4318280.693, 110
Trd, 4318281.493, 129
Trd, 4318281.943, 114
Trd, 4318283.693, 140
Trd, 4318284.043, 140
Trd, 4318284.093, 137
Trd, 4318284.593, 138
Trd, 4318284.893, 131
Trd, 4318286.043, 134
Trd, 4318286.093, 111
Trd, 4318286.493, 101
Trd, 4318286.993, 136
Trd, 4318289.343, 140
Trd, 4318290.393, 140
Trd, 4318290.543, 139
Trd, 4318291.493, 124
Trd, 4318291.643, 100
Trd, 4318292.393, 91
Trd, 4318293.093, 88
Trd, 4318293.243, 119
Trd, 4318293.493, 95
Trd, 4318293.593, 88
Trd, 4318294.193, 82
Trd, 4318294.293, 124
Trd, 4318295.093, 73
Trd, 4318295.243, 127
Trd, 4318297.543, 60
Trd, 4318298.093, 65
Trd, 4318298.793, 96
Trd, 4318299.393, 113
Trd, 4318299.993, 106
Trd, 4318300.193, 105
Trd, 4318300.343, 83
Trd, 4318302.043, 139
Trd, 4318302.693, 114
Trd, 4318304.093, 108
Trd, 4318304.493, 106
Trd, 4318304.543, 105
Trd, 4318305.693, 127
Trd, 4318306.443, 137
Trd, 4318306.743, 113
Trd, 4318307.943, 110
Trd, 4318308.393, 118
Trd, 4318308.943, 118
Trd, 4318309.693, 118
Trd, 4318309.943, 106
Trd, 4318311.443, 112
Trd, 4318312.493, 138
Trd, 4318313.893, 132
Trd, 4318314.043, 98
Trd, 4318314.493, 101
Trd, 4318314.593, 92
Trd, 4318317.493, 133
Trd, 4318317.793, 113
Trd, 4318318.393, 130
Trd, 4318318.543, 116
Trd, 4318318.993, 115
Trd, 4318319.593, 106
Trd, 4318321.343, 127
Trd, 4318323.243, 140
Trd, 4318324.843, 140
Trd, 4318325.593, 140
Trd, 4318327.443, 140
Trd, 4318327.843, 140
Trd, 4318329.143, 122
Trd, 4318329.593, 133
Trd, 4318330.693, 134
Trd, 4318331.643, 113
Trd, 4318331.993, 124
Trd, 4318332.443, 133
Trd, 4318332.893, 68
Trd, 4318332.993, 62
Trd, 4318333.193, 108
Trd, 4318334.193, 61
Trd, 4318334.643, 91
Trd, 4318335.993, 72
Trd, 4318336.043, 112
Trd, 4318336.643, 82
Trd, 4318336.843, 124
Trd, 4318337.943, 80
Trd, 4318338.593, 70
Trd, 4318338.993, 80
Trd, 4318339.543, 72
Trd, 4318339.793, 114
Trd, 4318340.443, 78
Trd, 4318342.793, 137
Trd, 4318342.943, 136
Trd, 4318345.093, 102
Trd, 4318345.693, 71
Trd, 4318346.193, 140
Trd, 4318346.793, 126
Trd, 4318346.843, 114
Trd, 4318347.143, 104
Trd, 4318349.093, 109
Trd, 4318350.543, 114
Trd, 4318350.843, 92
Trd, 4318351.393, 108
Trd, 4318352.393, 117
Trd, 4318352.493, 104
Trd, 4318352.793, 137
Trd, 4318353.493, 140
Trd, 4318354.143, 103
Trd, 4318355.293, 120
Trd, 4318355.443, 119
Trd, 4318357.343, 60
Trd, 4318357.843, 61
Trd, 4318358.393, 63
Trd, 4318360.093, 63
Trd, 4318360.493, 128
Trd, 4318361.093, 138
Trd, 4318361.693, 138
Trd, 4318361.743, 137
Trd, 4318363.443, 61
Trd, 4318363.593, 64
Trd, 4318364.143, 90
Trd, 4318364.593, 129
Trd, 4318365.593, 103
Trd, 4318366.243, 137
Trd, 4318366.793, 66
Trd, 4318367.893, 139
Trd, 4318367.993, 122
Trd, 4318368.693, 79
Trd, 4318370.643, 124
Trd, 4318370.793, 123
Trd, 4318372.093, 122
Trd, 4318372.793, 115
Trd, 4318373.043, 132
Trd, 4318374.443, 135
Trd, 4318375.043, 113
Trd, 4318375.443, 68
Trd, 4318376.893, 69
Trd, 4318377.293, 68
Trd, 4318377.443, 109
Trd, 4318377.593, 67
Trd, 4318378.893, 125
Trd, 4318380.043, 81
Trd, 4318380.093, 95
Trd, 4318380.393, 117
Trd, 4318380.743, 79
Trd, 4318381.893, 119
Trd, 4318382.543, 138
Trd, 4318383.243, 108
Trd, 4318384.593, 135
Trd, 4318384.793, 135
Trd, 4318384.993, 117
Trd, 4318387.293, 134
Trd, 4318387.343, 124
Trd, 4318387.693, 108
Trd, 4318388.143, 100
Trd, 4318388.293, 98
Trd, 4318389.943, 107
Trd, 4318391.143, 124
Trd, 4318391.293, 108
Trd, 4318392.593, 116
Trd, 4318393.043, 133
Trd, 4318393.143, 140
Trd, 4318393.643, 107
Trd, 4318395.293, 137
Trd, 4318395.443, 134
Trd, 4318396.093, 114
Trd, 4318396.793, 83
Trd, 4318397.343, 84
Trd, 4318397.843, 121
Trd, 4318398.593, 114
Trd, 4318400.143, 134
Trd, 4318400.843, 128
Trd, 4318400.993, 127
Trd, 4318401.543, 118
Trd, 4318402.793, 130
Trd, 4318403.443, 129
Trd, 4318404.193, 112
Trd, 4318405.093, 137
Trd, 4318405.693, 126
Trd, 4318406.743, 108
Trd, 4318407.543, 113
Trd, 4318407.893, 93
Trd, 4318408.993, 105
Trd, 4318409.493, 112
Trd, 4318411.643, 139
Trd, 4318411.893, 115
Trd, 4318412.193, 91
Trd, 4318412.393, 88
Trd, 4318412.993, 139
Trd, 4318413.293, 138
Trd, 4318414.593, 126
Trd, 4318415.543, 126
Trd, 4318415.643, 125
Trd, 4318416.143, 97
Trd, 4318416.643, 84
Trd, 4318417.243, 68
Trd, 4318417.893, 131
Trd, 4318418.243, 124
Trd, 4318419.743, 131
Trd, 4318421.343, 104
Trd, 4318421.393, 86
Trd, 4318422.843, 114
Trd, 4318423.843, 135
Trd, 4318424.593, 131
Trd, 4318424.843, 130
Trd, 4318425.093, 94
Trd, 4318425.193, 95
Trd, 4318425.293, 74
Trd, 4318426.793, 73
Trd, 4318426.993, 72
Trd, 4318428.293, 117
Trd, 4318429.143, 131
Trd, 4318429.993, 118
Trd, 4318430.043, 114
Trd, 4318430.793, 78
Trd, 4318431.343, 120
Trd, 4318431.793, 120
Trd, 4318433.393, 118
Trd, 4318433.443, 117
Trd, 4318433.993, 117
Trd, 4318435.493, 115
Trd, 4318436.643, 109
Trd, 4318436.843, 105
Trd, 4318438.143, 116
Trd, 4318438.793, 125
Trd, 4318439.093, 117
Trd, 4318439.393, 87
Trd, 4318440.593, 80
Trd, 4318441.343, 94
Trd, 4318441.643, 93
Trd, 4318442.943, 127
Trd, 4318443.793, 137
Trd, 4318444.143, 91
Trd, 4318444.943, 98
Trd, 4318445.443, 90
Trd, 4318445.493, 89
Trd, 4318445.693, 85
Trd, 4318446.043, 137
Trd, 4318446.643, 63
Trd, 4318447.593, 61
Trd, 4318448.143, 109
Trd, 4318448.693, 107
Trd, 4318448.993, 134
Trd, 4318452.093, 126
Trd, 4318452.693, 126
Trd, 4318453.793, 127
Trd, 4318454.343, 130
Trd, 4318454.393, 103
Trd, 4318454.593, 120
Trd, 4318455.693, 113
Trd, 4318456.643, 103
Trd, 4318458.193, 108
Trd, 4318458.343, 107
Trd, 4318459.243, 122
Trd, 4318459.443, 112
Trd, 4318459.943, 91
Trd, 4318460.543, 97
Trd, 4318461.443, 127
Trd, 4318462.143, 117
Trd, 4318462.493, 90
Trd, 4318462.793, 83
Trd, 4318465.643, 124
Trd, 4318466.143, 127
Trd, 4318466.243, 126
Trd, 4318466.893, 115
Trd, 4318468.193, 70
Trd, 4318469.243, 66
Trd, 4318469.443, 129
Trd, 4318470.043, 140
Trd, 4318470.993, 140
Trd, 4318472.543, 140
Trd, 4318473.643, 109
Trd, 4318473.993, 133
Trd, 4318475.343, 140
Trd, 4318475.743, 136
Trd, 4318476.443, 137
Trd, 4318476.693, 136
Trd, 4318478.393, 134
Trd, 4318478.843, 137
Trd, 4318478.893, 129
Trd, 4318479.343, 121
Trd, 4318479.493, 106
Trd, 4318479.743, 121
Trd, 4318480.643, 96
Trd, 4318481.943, 92
Trd, 4318482.643, 85
Trd, 4318483.043, 60
Trd, 4318483.493, 67
Trd, 4318484.193, 64
Trd, 4318485.343, 67
Trd, 4318486.243, 62
Trd, 4318488.493, 135
Trd, 4318488.743, 134
Trd, 4318490.493, 110
Trd, 4318490.593, 104
Trd, 4318491.143, 103
Trd, 4318492.643, 138
Trd, 4318493.193, 133
Trd, 4318494.943, 139
Trd, 4318495.343, 124
Trd, 4318495.643, 137
Trd, 4318495.943, 122
Trd, 4318496.643, 127
Trd, 4318498.643, 140
Trd, 4318498.743, 140
Trd, 4318499.443, 139
Trd, 4318500.043, 92
Trd, 4318500.693, 113
Trd, 4318501.243, 87
Trd, 4318501.393, 92
Trd, 4318502.293, 62
Trd, 4318503.243, 139
Trd, 4318503.543, 138
Trd, 4318503.793, 130
Trd, 4318506.693, 137
Trd, 4318507.593, 113
Trd, 4318508.143, 112
Trd, 4318509.193, 111
Trd, 4318509.993, 136
Trd, 4318510.243, 129
Trd, 4318510.343, 68
Trd, 4318511.493, 60
Trd, 4318512.643, 124
Trd, 4318512.943, 123
Trd, 4318513.843, 97
Trd, 4318515.243, 140
Trd, 4318515.843, 130
Trd, 4318516.193, 65
Trd, 4318516.893, 127
Trd, 4318518.043, 94
Trd, 4318518.893, 130
Trd, 4318519.143, 127
Trd, 4318519.193, 122
Trd, 4318520.693, 65
Trd, 4318521.443, 92
Trd, 4318522.493, 139
Trd, 4318523.043, 132
Trd, 4318523.293, 117
Trd, 4318524.843, 134
Trd, 4318525.693, 130
Trd, 4318527.343, 134
Trd, 4318527.543, 126
Trd, 4318527.843, 121
Trd, 4318528.343, 119
Trd, 4318528.643, 127
Trd, 4318529.243, 119
Trd, 4318529.943, 118
Trd, 4318530.593, 79
Trd, 4318532.093, 132
Trd, 4318532.543, 133
Trd, 4318534.393, 134
Trd, 4318534.743, 84
Trd, 4318537.293, 124
Trd, 4318537.343, 135
Trd, 4318537.743, 121
Trd, 4318537.943, 119
Trd, 4318539.243, 140
Trd, 4318539.743, 140
Trd, 4318540.243, 83
Trd, 4318541.493, 109
Trd, 4318541.843, 116
Trd, 4318541.993, 102
Trd, 4318542.643, 87
Trd, 4318542.893, 116
Trd, 4318543.843, 80
Trd, 4318544.293, 113
Trd, 4318545.643, 61
Trd, 4318546.293, 66
Trd, 4318546.843, 70
Trd, 4318547.993, 111
Trd, 4318548.343, 111
Trd, 4318548.843, 114
Trd, 4318549.193, 112
Trd, 4318550.193, 116
Trd, 4318550.643, 89
Trd, 4318551.143, 62
Trd, 4318551.593, 73
Trd, 4318552.693, 108
Trd, 4318552.793, 107
Trd, 4318553.843, 106
Trd, 4318555.843, 97
Trd, 4318555.943, 91
Trd, 4318556.743, 91
Trd, 4318557.343, 69
Trd, 4318557.793, 64
Trd, 4318559.843, 127
Trd, 4318560.143, 119
Trd, 4318560.193, 104
Trd, 4318560.643, 69
Trd, 4318561.693, 69
Trd, 4318562.393, 74
Trd, 4318564.243, 139
Trd, 4318564.343, 138
Trd, 4318564.693, 101
Trd, 4318565.643, 108
Trd, 4318566.343, 101
Trd, 4318567.593, 109
Trd, 4318567.893, 111
Trd, 4318569.543, 137
Trd, 4318571.393, 140
Trd, 4318571.493, 140
Trd, 4318571.693, 80
Trd, 4318572.143, 127
Trd, 4318572.393, 126
Trd, 4318572.443, 124
Trd, 4318572.693, 124
Trd, 4318573.343, 91
Trd, 4318574.643, 102
Trd, 4318575.243, 61
Trd, 4318575.493, 68
Trd, 4318575.693, 61
Trd, 4318577.093, 129
Trd, 4318578.143, 129
Trd, 4318578.643, 128
Trd, 4318579.643, 122
Trd, 4318580.793, 128
Trd, 4318580.943, 123
Trd, 4318581.343, 136
Trd, 4318581.543, 80
Trd, 4318582.343, 101
Trd, 4318582.843, 86
Trd, 4318582.943, 80
Trd, 4318583.143, 79
Trd, 4318583.993, 99
Trd, 4318585.193, 114
Trd, 4318585.843, 113
Trd, 4318586.643, 103
Trd, 4318587.393, 88
Trd, 4318587.993, 110
Trd, 4318588.043, 84
Trd, 4318588.093, 74
Trd, 4318589.593, 67
Trd, 4318590.843, 78
Trd, 4318590.893, 94
Trd, 4318592.693, 68
Trd, 4318593.093, 71
Trd, 4318593.693, 95
Trd, 4318593.993, 63
Trd, 4318594.393, 125
Trd, 4318594.443, 123
Trd, 4318595.393, 127
Trd, 4318597.393, 69
Trd, 4318597.843, 118
Trd, 4318598.143, 65
Trd, 4318599.143, 64
Trd, 4318599.343, 90
Trd, 4318599.443, 85
Trd, 4318601.743, 140
Trd, 4318602.443, 94
Trd, 4318603.393, 103
Trd, 4318604.243, 136
Trd, 4318604.743, 113
Trd, 4318605.693, 124
Trd, 4318605.943, 123
Trd, 4318606.543, 107
Trd, 4318607.193, 132
Trd, 4318608.793, 126
Trd, 4318610.043, 132
Trd, 4318610.693, 130
Trd, 4318610.943, 137
Trd, 4318611.843, 132
Trd, 4318612.343, 138
Trd, 4318613.293, 114
Trd, 4318614.543, 111
Trd, 4318614.643, 127
Trd, 4318615.293, 137
Trd, 4318615.693, 87
Trd, 4318616.843, 109
Trd, 4318617.893, 136
Trd, 4318618.193, 131
Trd, 4318620.443, 128
Trd, 4318620.843, 112
Trd, 4318621.093, 89
Trd, 4318622.343, 96
Trd, 4318623.043, 124
Trd, 4318623.443, 91
Trd, 4318623.543, 90
Trd, 4318623.693, 110
Trd, 4318625.643, 102
Trd, 4318626.043, 110
Trd, 4318627.743, 139
Trd, 4318627.893, 137
Trd, 4318628.943, 137
Trd, 4318630.143, 118
Trd, 4318630.743, 110
Trd, 4318631.293, 140
Trd, 4318631.393, 136
Trd, 4318631.493, 109
Trd, 4318634.043, 140
Trd, 4318635.293, 122
Trd, 4318635.943, 99
Trd, 4318636.843, 88
Trd, 4318636.893, 114
Trd, 4318637.243, 85
Trd, 4318638.293, 92
Trd, 4318639.193, 105
Trd, 4318639.393, 70
Trd, 4318640.443, 105
Trd, 4318641.693, 123
Trd, 4318641.993, 61
Trd, 4318642.593, 85
Trd, 4318643.343, 87
Trd, 4318643.943, 134
Trd, 4318644.493, 92
Trd, 4318645.343, 140
Trd, 4318645.893, 128
Trd, 4318646.393, 127
Trd, 4318647.043, 79
Trd, 4318647.593, 109
Trd, 4318648.493, 133
Trd, 4318649.293, 126
Trd, 4318649.593, 127
Trd, 4318652.043, 136
Trd, 4318652.593, 132
Trd, 4318652.743, 111
Trd, 4318652.793, 110
Trd, 4318654.043, 140
Trd, 4318654.243, 139
Trd, 4318654.493, 101
Trd, 4318655.343, 125
Trd, 4318655.743, 132
Trd, 4318656.043, 86
Trd, 4318656.843, 64
Trd, 4318658.193, 62
Trd, 4318660.243, 112
Trd, 4318660.293, 111
Trd, 4318660.343, 63
Trd, 4318661.093, 60
Trd, 4318662.693, 63
Trd, 4318662.943, 64
Trd, 4318663.643, 110
Trd, 4318664.443, 101
Trd, 4318665.443, 110
Trd, 4318665.593, 100
Trd, 4318667.193, 81
Trd, 4318667.793, 98
Trd, 4318668.493, 87
Trd, 4318670.343, 100
Trd, 4318670.443, 75
Trd, 4318670.593, 113
Trd, 4318671.243, 110
Trd, 4318671.543, 107
Trd, 4318672.193, 74
Trd, 4318672.993, 134
Trd, 4318673.093, 75
Trd, 4318673.443, 62
Trd, 4318674.743, 96
Trd, 4318674.993, 71
Trd, 4318675.193, 97
Trd, 4318677.093, 135
Trd, 4318678.593, 91
Trd, 4318680.243, 115
Trd, 4318680.393, 114
Trd, 4318680.593, 113
Trd, 4318680.893, 105
Trd, 4318681.893, 134
Trd, 4318682.043, 121
Trd, 4318682.843, 120
Trd, 4318683.793, 94
Trd, 4318684.443, 124
Trd, 4318684.793, 118
Trd, 4318685.043, 108
Trd, 4318686.243, 74
Trd, 4318686.643, 107
Trd, 4318687.593, 113
Trd, 4318688.193, 127
Trd, 4318689.143, 133
Trd, 4318690.393, 136
Trd, 4318690.743, 135
Trd, 4318691.043, 114
Trd, 4318691.943, 136
Trd, 4318692.293, 98
Trd, 4318692.343, 67
Trd, 4318693.493, 116
Trd, 4318693.693, 76
Trd, 4318694.743, 93
Trd, 4318694.993, 140
Trd, 4318695.443, 94
Trd, 4318696.493, 70
Trd, 4318697.243, 78
Trd, 4318698.143, 123
Trd, 4318698.243, 121
Trd, 4318699.193, 138
Trd, 4318699.593, 122
Trd, 4318700.693, 118
Trd, 4318701.443, 111
Trd, 4318702.293, 133
Trd, 4318702.893, 131
Trd, 4318703.193, 123
Trd, 4318704.593, 137
Trd, 4318704.993, 112
Trd, 4318705.193, 100
Trd, 4318706.293, 120
Trd, 4318707.143, 131
Trd, 4318708.393, 130
Trd, 4318708.793, 104
Trd, 4318708.843, 101
Trd, 4318709.693, 138
Trd, 4318709.843, 111
Trd, 4318711.193, 102
Trd, 4318711.543, 101
Trd, 4318712.143, 89
Trd, 4318712.893, 137
Trd, 4318713.343, 116
Trd, 4318713.893, 79
Trd, 4318715.943, 135
Trd, 4318716.393, 131
Trd, 4318716.943, 128
Trd, 4318717.543, 127
Trd, 4318718.293, 140
Trd, 4318718.393, 129
Trd, 4318719.543, 139
Trd, 4318720.693, 135
Trd, 4318721.593, 134
Trd, 4318721.843, 115
Trd, 4318722.143, 100
Trd, 4318723.493, 118
Trd, 4318723.793, 91
Trd, 4318723.943, 134
Trd, 4318724.843, 90
Trd, 4318725.543, 131
Trd, 4318726.643, 131
Trd, 4318726.843, 130
Trd, 4318727.743, 128
Trd, 4318728.243, 131
Trd, 4318728.493, 92
Trd, 4318729.493, 127
Trd, 4318730.443, 136
Trd, 4318731.343, 126
Trd, 4318732.343, 82
Trd, 4318732.393, 85
Trd, 4318732.893, 65
Trd, 4318733.793, 84
Trd, 4318734.893, 83
Trd, 4318735.143, 135
Trd, 4318737.193, 125
Trd, 4318737.243, 117
Trd, 4318737.693, 97
Trd, 4318738.643, 96
Trd, 4318738.743, 94
Trd, 4318739.243, 122
Trd, 4318739.843, 92
Trd, 4318741.193, 118
Trd, 4318743.093, 125
Trd, 4318743.693, 114
Trd, 4318744.993, 120
Trd, 4318745.493, 120
Trd, 4318745.593, 104
Trd, 4318746.243, 110
Trd, 4318747.243, 110
Trd, 4318747.343, 109
Trd, 4318747.743, 133
Trd, 4318748.193, 77
Trd, 4318748.543, 96
Trd, 4318748.893, 76
Trd, 4318750.893, 83
Trd, 4318751.043, 69
Trd, 4318751.743, 78
Trd, 4318753.693, 60
Trd, 4318753.943, 64
Trd, 4318754.443, 101
Trd, 4318755.143, 111
Trd, 4318755.743, 119
Trd, 4318756.543, 113
Trd, 4318757.643, 126
Trd, 4318758.143, 122
Trd, 4318759.743, 128
Trd, 4318759.993, 121
Trd, 4318760.243, 120
Trd, 4318762.093, 109
Trd, 4318762.293, 108
Trd, 4318763.143, 127
Trd, 4318764.143, 67
Trd, 4318764.743, 78
Trd, 4318765.343, 103
Trd, 4318765.393, 91
Trd, 4318765.743, 123
Trd, 4318766.293, 107
Trd, 4318768.143, 140
Trd, 4318768.343, 140
Trd, 4318769.393, 80
Trd, 4318769.693, 129
Trd, 4318769.943, 62
Trd, 4318770.093, 60
Trd, 4318771.893, 136
Trd, 4318773.243, 137
Trd, 4318773.393, 136
Trd, 4318774.043, 136
Trd, 4318774.093, 136
Trd, 4318775.743, 132
Trd, 4318776.043, 137
Trd, 4318776.793, 119
Trd, 4318777.143, 109
Trd, 4318779.643, 74
Trd, 4318780.043, 76
Trd, 4318780.143, 61
Trd, 4318780.643, 76
Trd, 4318781.643, 108
Trd, 4318782.093, 110
Trd, 4318782.493, 133
Trd, 4318782.693, 88
Trd, 4318783.093, 127
Trd, 4318783.493, 61
Trd, 4318785.143, 65
Trd, 4318786.193, 68
Trd, 4318786.793, 125
Trd, 4318787.093, 139
Trd, 4318787.493, 121
Trd, 4318788.493, 126
Trd, 4318788.693, 98
Trd, 4318788.793, 96
Trd, 4318789.543, 92
Trd, 4318792.043, 113
Trd, 4318793.243, 126
Trd, 4318793.993, 83
Trd, 4318794.343, 76
Trd, 4318796.043, 78
Trd, 4318796.093, 73
Trd, 4318796.393, 97
Trd, 4318798.443, 140
Trd, 4318798.543, 140
Trd, 4318798.593, 125
Trd, 4318799.393, 102
Trd, 4318800.343, 131
Trd, 4318801.343, 131
Trd, 4318802.293, 130
Trd, 4318802.393, 129
Trd, 4318803.393, 129
Trd, 4318804.693, 125
Trd, 4318805.493, 127
Trd, 4318806.293, 126
Trd, 4318806.943, 107
Trd, 4318808.443, 134
Trd, 4318809.643, 122
Trd, 4318809.993, 140
Trd, 4318810.193, 116
Trd, 4318810.593, 112
Trd, 4318810.943, 110
Trd, 4318812.193, 134
Trd, 4318814.243, 115
Trd, 4318814.343, 113
Trd, 4318814.943, 125
Trd, 4318815.443, 79
Trd, 4318816.093, 96
Trd, 4318816.393, 93
Trd, 4318817.743, 82
Trd, 4318818.193, 84
Trd, 4318818.293, 116
Trd, 4318819.643, 74
Trd, 4318820.543, 131
Trd, 4318821.643, 116
Trd, 4318821.693, 114
Trd, 4318823.093, 90
Trd, 4318823.493, 92
Trd, 4318823.693, 114
Trd, 4318824.293, 62
Trd, 4318825.543, 88
Trd, 4318826.193, 121
Trd, 4318827.893, 102
Trd, 4318828.093, 67
Trd, 4318830.993, 120
Trd, 4318831.393, 126
Trd, 4318831.743, 119
Trd, 4318832.193, 118
Trd, 4318832.743, 113
Trd, 4318833.593, 100
Trd, 4318834.293, 125
Trd, 4318834.693, 120
Trd, 4318837.743, 140
Trd, 4318837.843, 140
Trd, 4318838.393, 140
Trd, 4318839.343, 131
Trd, 4318839.893, 111
Trd, 4318840.943, 138
Trd, 4318842.343, 137
Trd, 4318842.943, 135
Trd, 4318844.043, 138
Trd, 4318844.093, 106
Trd, 4318844.493, 131
Trd, 4318845.343, 62
Trd, 4318846.693, 128
Trd, 4318847.943, 109
Trd, 4318848.093, 116
Trd, 4318849.193, 128
Trd, 4318849.943, 94
Trd, 4318850.143, 79
Trd, 4318850.393, 78
Trd, 4318850.993, 108
Trd, 4318851.443, 107
Trd, 4318852.243, 102
Trd, 4318853.093, 140
Trd, 4318855.493, 132
Trd, 4318856.443, 104
Trd, 4318858.143, 138
Trd, 4318858.643, 140
Trd, 4318858.793, 137
Trd, 4318859.843, 112
Trd, 4318859.893, 111
Trd, 4318860.643, 138
Trd, 4318860.843, 136
Trd, 4318860.943, 111
Trd, 4318861.693, 120
Trd, 4318862.243, 98
Trd, 4318863.993, 139
Trd, 4318864.743, 93
Trd, 4318865.443, 86
Trd, 4318865.643, 71
Trd, 4318866.893, 131
Trd, 4318867.843, 96
Trd, 4318868.793, 125
Trd, 4318870.193, 124
Trd, 4318871.093, 117
Trd, 4318871.443, 114
Trd, 4318871.793, 90
Trd, 4318872.293, 89
Trd, 4318873.593, 62
Trd, 4318874.193, 67
Trd, 4318874.693, 94
Trd, 4318875.593, 93
Trd, 4318876.243, 124
Trd, 4318876.343, 123
Trd, 4318877.593, 61
Trd, 4318877.693, 121
Trd, 4318878.793, 127
Trd, 4318880.893, 135
Trd, 4318881.993, 104
Trd, 4318882.643, 104
Trd, 4318882.693, 91
Trd, 4318884.043, 115
Trd, 4318884.193, 100
Trd, 4318884.893, 116
Trd, 4318885.593, 105
Trd, 4318886.293, 118
Trd, 4318887.443, 127
Trd, 4318889.093, 129
Trd, 4318889.293, 108
Trd, 4318890.993, 91
Trd, 4318891.593, 106
Trd, 4318891.743, 91
Trd, 4318891.793, 88
Trd, 4318892.443, 60
Trd, 4318893.243, 102
Trd, 4318894.243, 115
Trd, 4318894.393, 115
Trd, 4318894.643, 128
Trd, 4318895.843, 134
Trd, 4318896.243, 109
Trd, 4318897.293, 112
Trd, 4318898.293, 120
Trd, 4318899.143, 131
Trd, 4318899.543, 136
Trd, 4318900.643, 120
Trd, 4318901.043, 120
Trd, 4318901.093, 115
Trd, 4318902.243, 60
Trd, 4318902.443, 77
Trd, 4318903.893, 123
Trd, 4318904.193, 139
Trd, 4318904.543, 139
Trd, 4318905.093, 139
Trd, 4318905.943, 139
Trd, 4318907.243, 126
Trd, 4318907.643, 120
Trd, 4318908.393, 130
Trd, 4318909.693, 126
Trd, 4318910.693, 125
Trd, 4318911.543, 94
Trd, 4318911.893, 130
Trd, 4318912.693, 92
Trd, 4318914.093, 111
Trd, 4318914.643, 135
Trd, 4318915.543, 134
Trd, 4318915.743, 77
Trd, 4318916.043, 113
Trd, 4318916.843, 136
Trd, 4318917.693, 99
Trd, 4318918.343, 90
Trd, 4318919.543, 72
Trd, 4318920.093, 111
Trd, 4318920.193, 87
Trd, 4318920.543, 93
Trd, 4318922.443, 76
Trd, 4318922.743, 70
Trd, 4318922.843, 117
Trd, 4318923.993, 92
Trd, 4318924.543, 75
Trd, 4318924.993, 106
Trd, 4318925.043, 103
Trd, 4318926.793, 65
Trd, 4318926.843, 66
Trd, 4318927.743, 99
Trd, 4318928.493, 60
Trd, 4318930.493, 63
Trd, 4318931.443, 62
Trd, 4318931.593, 81
Trd, 4318932.293, 119
Trd, 4318933.393, 65
Trd, 4318934.143, 65
Trd, 4318934.893, 95
Trd, 4318935.043, 94
Trd, 4318935.393, 116
Trd, 4318935.543, 96
Trd, 4318935.993, 81
Trd, 4318939.493, 113
Trd, 4318939.743, 112
Trd, 4318939.793, 97
Trd, 4318939.843, 88
Trd, 4318940.793, 97
Trd, 4318941.093, 89
Trd, 4318941.493, 68
Trd, 4318941.843, 104
Trd, 4318942.543, 135
Trd, 4318943.293, 136
Trd, 4318943.893, 135
Trd, 4318944.193, 99
Trd, 4318944.893, 98
Trd, 4318945.793, 137
Trd, 4318946.843, 119
Trd, 4318947.193, 106
Trd, 4318947.643, 89
Trd, 4318948.143, 81
Trd, 4318948.493, 99
Trd, 4318948.793, 63
Trd, 4318949.193, 120
Trd, 4318950.343, 119
Trd, 4318950.443, 83
Trd, 4318951.793, 95
Trd, 4318952.143, 96
Trd, 4318953.043, 133
Trd, 4318953.293, 101
Trd, 4318954.343, 88
Trd, 4318954.393, 64
Trd, 4318955.843, 121
Trd, 4318956.143, 101
Trd, 4318956.543, 135
Trd, 4318958.143, 69
Trd, 4318958.193, 75
Trd, 4318958.393, 116
Trd, 4318958.793, 67
Trd, 4318960.193, 67
Trd, 4318960.493, 62
Trd, 4318962.793, 114
Trd, 4318963.443, 128
Trd, 4318963.743, 126
Trd, 4318964.743, 115
Trd, 4318964.793, 106
Trd, 4318965.143, 120
Trd, 4318965.293, 77
Trd, 4318965.993, 138
Trd, 4318966.443, 122
Trd, 4318968.193, 98
Trd, 4318968.443, 96
Trd, 4318968.943, 72
Trd, 4318969.393, 111
Trd, 4318970.793, 121
Trd, 4318971.093, 120
Trd, 4318971.443, 119
Trd, 4318972.893, 126
Trd, 4318973.793, 125
Trd, 4318974.093, 75
Trd, 4318974.193, 74
Trd, 4318974.843, 124
Trd, 4318974.943, 75
Trd, 4318976.493, 94
Trd, 4318976.693, 107
Trd, 4318978.493, 123
Trd, 4318978.893, 121
Trd, 4318979.243, 107
Trd, 4318979.943, 93
Trd, 4318980.893, 123
Trd, 4318982.143, 104
Trd, 4318982.393, 103
Trd, 4318983.193, 103
Trd, 4318983.293, 102
Trd, 4318983.743, 92
Trd, 4318984.643, 132
Trd, 4318986.243, 100
Trd, 4318987.093, 99
Trd, 4318987.293, 128
Trd, 4318987.343, 88
Trd, 4318988.543, 125
Trd, 4318989.843, 104
Trd, 4318990.893, 100
Trd, 4318991.193, 81
Trd, 4318991.793, 61
Trd, 4318992.643, 70
Trd, 4318992.943, 73
Trd, 4318993.393, 70
Trd, 4318995.143, 91
Trd, 4318995.793, 93
Trd, 4318995.843, 92
Trd, 4318996.493, 115
Trd, 4318996.943, 136
Trd, 4318998.693, 134
Trd, 4318999.543, 131
Trd, 4319000.093, 119
Trd, 4319000.193, 118
Trd, 4319001.243, 117
Trd, 4319001.343, 88
Trd, 4319002.543, 64
Trd, 4319002.793, 72
Trd, 4319003.743, 121
Trd, 4319004.293, 120
Trd, 4319004.943, 110
Trd, 4319005.343, 78
Trd, 4319005.693, 80
Trd, 4319007.543, 60
Trd, 4319008.693, 140
Trd, 4319008.943, 138
Trd, 4319010.293, 137
Trd, 4319011.193, 118
Trd, 4319011.243, 115
Trd, 4319011.743, 130
Trd, 4319012.343, 119
Trd, 4319013.593, 130
Trd, 4319014.143, 124
Trd, 4319014.643, 121
Trd, 4319015.143, 116
Trd, 4319016.493, 63
Trd, 4319017.643, 85
Trd, 4319017.943, 97
Trd, 4319018.243, 123
Trd, 4319018.693, 133
Trd, 4319019.143, 96
Trd, 4319021.143, 113
Trd, 4319021.843, 103
Trd, 4319022.143, 132
Trd, 4319023.143, 102
Trd, 4319023.693, 105
Trd, 4319025.093, 140
Trd, 4319025.143, 139
Trd, 4319025.843, 134
Trd, 4319026.343, 133
Trd, 4319027.043, 124
Trd, 4319027.643, 111
Trd, 4319029.243, 83
Trd, 4319030.193, 110
Trd, 4319030.993, 130
Trd, 4319031.093, 133
Trd, 4319031.493, 131
Trd, 4319033.293, 96
Trd, 4319033.343, 110
Trd, 4319033.693, 95
Trd, 4319033.743, 94
Trd, 4319034.593, 121
Trd, 4319035.193, 120
Trd, 4319035.993, 119
Trd, 4319037.143, 91
Trd, 4319038.143, 112
Trd, 4319038.643, 132
Trd, 4319039.293, 132
Trd, 4319039.343, 131
Trd, 4319041.243, 138
Trd, 4319041.343, 132
Trd, 4319041.593, 117
Trd, 4319042.993, 97
Trd, 4319044.293, 131
Trd, 4319044.643, 78
Trd, 4319045.393, 126
Trd, 4319045.993, 66
Trd, 4319048.493, 118
Trd, 4319048.743, 120
Trd, 4319049.293, 131
Trd, 4319049.643, 130
Trd, 4319050.593, 130
Trd, 4319051.643, 135
Trd, 4319051.843, 132
Trd, 4319052.343, 131
Trd, 4319052.893, 127
Trd, 4319053.993, 139
Trd, 4319054.193, 121
Trd, 4319055.193, 123
Trd, 4319056.293, 81
Trd, 4319057.643, 76
Trd, 4319057.693, 74
Trd, 4319058.843, 139
Trd, 4319059.143, 127
Trd, 4319060.643, 135
Trd, 4319060.793, 134
Trd, 4319061.993, 127
Trd, 4319062.143, 81
Trd, 4319064.093, 93
Trd, 4319064.143, 92
Trd, 4319065.043, 106
Trd, 4319065.193, 122
Trd, 4319066.393, 109
Trd, 4319068.393, 140
Trd, 4319069.893, 140
Trd, 4319070.293, 140
Trd, 4319070.393, 130
Trd, 4319070.443, 105
Trd, 4319071.093, 80
Trd, 4319071.243, 134
Trd, 4319072.143, 111
Trd, 4319072.293, 100
Trd, 4319073.543, 64
Trd, 4319073.893, 66
Trd, 4319074.443, 102
Trd, 4319076.493, 93
Trd, 4319076.593, 85
Trd, 4319077.893, 101
Trd, 4319078.393, 122
Trd, 4319078.893, 108
Trd, 4319079.743, 113
Trd, 4319080.243, 94
Trd, 4319080.593, 85
Trd, 4319081.543, 79
Trd, 4319082.643, 95
Trd, 4319083.493, 61
Trd, 4319083.643, 83
Trd, 4319084.543, 65
Trd, 4319084.793, 62
Trd, 4319086.343, 61
Trd, 4319086.643, 80
Trd, 4319087.793, 112
Trd, 4319088.243, 135
Trd, 4319089.943, 120
Trd, 4319090.143, 108
Trd, 4319091.243, 105
Trd, 4319091.993, 120
Trd, 4319092.143, 116
Trd, 4319092.993, 105
Trd, 4319093.343, 131
Trd, 4319093.643, 89
Trd, 4319093.793, 88
Trd, 4319094.293, 94
Trd, 4319096.443, 60
Trd, 4319097.543, 67
Trd, 4319098.193, 66
Trd, 4319098.393, 109
Trd, 4319099.843, 66
Trd, 4319099.943, 134
Trd, 4319100.593, 124
Trd, 4319100.843, 76
Trd, 4319101.243, 76
Trd, 4319102.093, 124
Trd, 4319104.193, 116
Trd, 4319104.293, 112
Trd, 4319104.893, 96
Trd, 4319106.643, 106
Trd, 4319107.593, 131
Trd, 4319108.093, 129
Trd, 4319108.893, 126
Trd, 4319109.243, 119
Trd, 4319110.743, 110
Trd, 4319111.693, 123
Trd, 4319111.843, 106
Trd, 4319112.193, 131
Trd, 4319113.393, 60
Trd, 4319114.693, 131
Trd, 4319115.243, 132
Trd, 4319115.393, 131
Trd, 4319116.343, 140
Trd, 4319117.543, 133
Trd, 4319117.643, 127
Trd, 4319117.943, 127
Trd, 4319118.643, 131
Trd, 4319119.593, 117
Trd, 4319119.643, 116
Trd, 4319120.343, 100
Trd, 4319122.093, 82
Trd, 4319122.893, 134
Trd, 4319123.043, 86
Trd, 4319124.893, 135
Trd, 4319126.093, 135
Trd, 4319126.193, 113
Trd, 4319126.443, 93
Trd, 4319126.793, 135
Trd, 4319128.243, 100
Trd, 4319128.593, 99
Trd, 4319129.593, 89
Trd, 4319129.793, 100
Trd, 4319130.543, 86
Trd, 4319132.193, 105
Trd, 4319132.543, 138
Trd, 4319133.843, 140
Trd, 4319134.243, 139
Trd, 4319135.193, 119
Trd, 4319135.393, 112
Trd, 4319135.443, 111
Trd, 4319136.643, 132
Trd, 4319138.243, 138
Trd, 4319138.293, 137
Trd, 4319138.443, 136
Trd, 4319140.143, 123
Trd, 4319141.143, 129
Trd, 4319141.943, 134
Trd, 4319142.293, 119
Trd, 4319142.343, 118
Trd, 4319143.043, 117
Trd, 4319143.243, 116
Trd, 4319143.593, 128
Trd, 4319144.643, 103
Trd, 4319146.243, 138
Trd, 4319146.493, 129
Trd, 4319147.493, 117
Trd, 4319147.593, 98
Trd, 4319148.543, 62
Trd, 4319149.893, 140
Trd, 4319150.143, 140
Trd, 4319150.243, 139
Trd, 4319150.843, 100
Trd, 4319151.243, 95
Trd, 4319152.093, 97
Trd, 4319154.443, 119
Trd, 4319154.743, 82
Trd, 4319155.043, 65
Trd, 4319155.893, 127
Trd, 4319155.993, 125
Trd, 4319156.143, 63
Trd, 4319157.043, 63
Trd, 4319157.693, 105
Trd, 4319158.493, 86
Trd, 4319158.743, 82
Trd, 4319160.093, 122
Trd, 4319160.943, 106
Trd, 4319161.343, 124
Trd, 4319162.893, 138
Trd, 4319164.343, 137
Trd, 4319164.393, 135
Trd, 4319165.193, 135
Trd, 4319166.243, 138
Trd, 4319167.143, 139
Trd, 4319167.743, 135
Trd, 4319167.793, 131
Trd, 4319167.893, 93
Trd, 4319169.293, 104
Trd, 4319169.343, 91
Trd, 4319169.393, 85
Trd, 4319171.293, 88
Trd, 4319171.793, 111
Trd, 4319172.093, 111
Trd, 4319172.393, 110
Trd, 4319173.193, 99
Trd, 4319173.443, 136
Trd, 4319174.943, 120
Trd, 4319175.893, 107
Trd, 4319176.293, 105
Trd, 4319177.643, 103
Trd, 4319177.943, 121
Trd, 4319178.543, 99
Trd, 4319179.993, 74
Trd, 4319180.093, 83
Trd, 4319181.443, 127
Trd, 4319182.943, 122
Trd, 4319183.443, 121
Trd, 4319183.743, 76
Trd, 4319185.993, 140
Trd, 4319186.293, 75
Trd, 4319188.093, 139
Trd, 4319188.243, 138
Trd, 4319188.743, 135
Trd, 4319189.243, 132
Trd, 4319189.743, 98
Trd, 4319191.343, 124
Trd, 4319191.693, 123
Trd, 4319193.843, 128
Trd, 4319194.043, 114
Trd, 4319194.293, 125
Trd, 4319194.943, 133
Trd, 4319195.293, 62
Trd, 4319195.843, 134
Trd, 4319197.093, 96
Trd, 4319197.243, 64
Trd, 4319198.693, 114
Trd, 4319198.893, 80
Trd, 4319199.343, 125
Trd, 4319200.843, 85
Trd, 4319201.443, 84
Trd, 4319201.943, 71
Trd, 4319202.743, 123
Trd, 4319203.593, 83
Trd, 4319204.393, 87
Trd, 4319205.043, 83
Trd, 4319206.793, 130
Trd, 4319206.893, 127
Trd, 4319207.693, 108
Trd, 4319208.043, 101
Trd, 4319208.693, 128
Trd, 4319209.793, 95
Trd, 4319211.193, 112
Trd, 4319211.393, 130
Trd, 4319212.743, 113
Trd, 4319212.943, 73
Trd, 4319214.593, 134
Trd, 4319214.893, 128
Trd, 4319215.043, 127
Trd, 4319215.893, 125
Trd, 4319216.693, 126
Trd, 4319216.793, 109
Trd, 4319219.493, 112
Trd, 4319220.293, 133
Trd, 4319220.743, 119
Trd, 4319221.343, 120
Trd, 4319221.493, 118
Trd, 4319222.043, 140
Trd, 4319222.393, 116
Trd, 4319223.043, 123
Trd, 4319223.093, 122
Trd, 4319223.843, 117
Trd, 4319224.293, 99
Trd, 4319225.843, 132
Trd, 4319226.743, 109
Trd, 4319227.443, 64
Trd, 4319227.993, 64
Trd, 4319228.943, 122
Trd, 4319229.343, 140
Trd, 4319229.643, 139
Trd, 4319230.793, 137
Trd, 4319231.643, 105
Trd, 4319233.243, 139
Trd, 4319233.493, 116
Trd, 4319233.693, 140
Trd, 4319235.243, 112
Trd, 4319235.593, 102
Trd, 4319236.143, 136
Trd, 4319236.943, 71
Trd, 4319237.543, 134
Trd, 4319238.743, 73
Trd, 4319238.943, 76
Trd, 4319239.143, 119
Trd, 4319240.793, 139
Trd, 4319241.393, 115
Trd, 4319242.193, 120
Trd, 4319244.743, 110
Trd, 4319244.843, 94
Trd, 4319245.243, 93
Trd, 4319245.443, 80
Trd, 4319245.693, 83
Trd, 4319246.193, 100
Trd, 4319246.343, 100
Trd, 4319248.143, 134
Trd, 4319249.043, 133
Trd, 4319249.593, 138
Trd, 4319250.343, 128
Trd, 4319250.793, 118
Trd, 4319251.143, 86
Trd, 4319252.343, 135
Trd, 4319252.643, 121
Trd, 4319254.293, 125
Trd, 4319254.843, 125
Trd, 4319254.993, 124
Trd, 4319255.893, 122
Trd, 4319257.143, 119
Trd, 4319257.893, 116
Trd, 4319258.043, 122
Trd, 4319258.093, 116
Trd, 4319259.343, 115
Trd, 4319259.743, 107
Trd, 4319260.143, 103
Trd, 4319260.343, 78
Trd, 4319261.243, 82
Trd, 4319262.643, 123
Trd, 4319263.193, 67
Trd, 4319264.543, 133
Trd, 4319265.393, 134
Trd, 4319266.293, 137
Trd, 4319266.393, 114
Trd, 4319267.293, 86
Trd, 4319267.693, 122
Trd, 4319268.093, 85
Trd, 4319268.293, 102
Trd, 4319269.143, 136
Trd, 4319269.393, 132
Trd, 4319270.693, 136
Trd, 4319271.643, 86
Trd, 4319271.843, 63
Trd, 4319271.993, 60
Trd, 4319273.393, 88
Trd, 4319274.143, 93
Trd, 4319274.443, 109
Trd, 4319275.293, 121
Trd, 4319276.093, 104
Trd, 4319276.143, 93
Trd, 4319276.343, 86
Trd, 4319277.893, 139
Trd, 4319278.243, 138
Trd, 4319278.293, 137
Trd, 4319278.693, 62
Trd, 4319280.343, 128
Trd, 4319281.243, 137
Trd, 4319282.893, 84
Trd, 4319282.993, 83
Trd, 4319283.843, 122
Trd, 4319284.393, 126
Trd, 4319286.093, 109
Trd, 4319286.643, 106
Trd, 4319286.793, 101
Trd, 4319288.743, 132
Trd, 4319289.643, 132
Trd, 4319289.743, 131
Trd, 4319290.143, 129
Trd, 4319291.043, 118
Trd, 4319291.443, 98
Trd, 4319291.793, 95
Trd, 4319292.543, 136
Trd, 4319292.893, 138
Trd, 4319293.393, 105
Trd, 4319293.543, 64
Trd, 4319294.843, 76
Trd, 4319295.393, 65
Trd, 4319295.593, 76
Trd, 4319296.993, 108
Trd, 4319297.493, 124
Trd, 4319298.543, 124
Trd, 4319298.793, 134
Trd, 4319299.193, 123
Trd, 4319299.643, 110
Trd, 4319300.093, 131
Trd, 4319300.243, 130
Trd, 4319302.543, 137
Trd, 4319304.043, 136
Trd, 4319305.443, 132
Trd, 4319305.793, 131
Trd, 4319305.943, 123
Trd, 4319306.893, 124
Trd, 4319307.193, 124
Trd, 4319307.293, 123
Trd, 4319308.893, 103
Trd, 4319309.043, 91
Trd, 4319309.943, 104
Trd, 4319310.443, 131
Trd, 4319310.943, 61
Trd, 4319311.943, 71
Trd, 4319312.343, 139
Trd, 4319313.393, 138
Trd, 4319314.043, 137
Trd, 4319316.293, 140
Trd, 4319317.293, 130
Trd, 4319317.493, 124
Trd, 4319317.543, 104
Trd, 4319318.443, 122
Trd, 4319319.043, 109
Trd, 4319319.093, 105
Trd, 4319319.793, 139
Trd, 4319321.293, 136
Trd, 4319321.443, 127
Trd, 4319323.593, 137
Trd, 4319324.293, 111
Trd, 4319325.793, 110
Trd, 4319326.393, 127
Trd, 4319326.843, 114
Trd, 4319327.043, 76
Trd, 4319328.043, 139
Trd, 4319328.643, 139
Trd, 4319329.043, 139
Trd, 4319330.043, 140
Trd, 4319331.093, 140
Trd, 4319331.593, 140
Trd, 4319331.743, 101
Trd, 4319331.793, 90
Trd, 4319332.243, 113
Trd, 4319332.993, 87
Trd, 4319333.693, 83
Trd, 4319333.843, 63
Trd, 4319334.293, 116
Trd, 4319335.243, 126
Trd, 4319335.993, 113
Trd, 4319336.243, 68
Trd, 4319338.543, 118
Trd, 4319339.243, 114
Trd, 4319340.093, 122
Trd, 4319341.143, 103
Trd, 4319341.593, 103
Trd, 4319342.343, 132
Trd, 4319342.793, 131
Trd, 4319343.343, 136
Trd, 4319344.393, 98
Trd, 4319345.743, 63
Trd, 4319346.143, 63
Trd, 4319346.443, 82
Trd, 4319347.143, 94
Trd, 4319347.543, 103
Trd, 4319347.993, 66
Trd, 4319349.643, 119
Trd, 4319349.793, 100
Trd, 4319350.143, 122
Trd, 4319352.043, 127
Trd, 4319352.543, 126
Trd, 4319352.893, 135
Trd, 4319353.843, 115
Trd, 4319354.443, 132
Trd, 4319354.693, 131
Trd, 4319357.293, 72
Trd, 4319357.943, 70
Trd, 4319358.993, 66
Trd, 4319359.093, 67
Trd, 4319359.543, 84
Trd, 4319359.643, 101
Trd, 4319360.143, 65
Trd, 4319360.543, 122
Trd, 4319361.143, 61
Trd, 4319361.793, 123
Trd, 4319362.293, 123
Trd, 4319362.943, 122
Trd, 4319363.943, 75
Trd, 4319364.993, 88
Trd, 4319365.193, 130
Trd, 4319367.193, 95
Trd, 4319367.343, 93
Trd, 4319367.543, 78
Trd, 4319368.293, 60
Trd, 4319368.793, 140
Trd, 4319369.143, 140
Trd, 4319370.193, 128
Trd, 4319370.293, 115
Trd, 4319370.343, 92
Trd, 4319372.143, 99
Trd, 4319373.643, 105
Trd, 4319373.943, 98
Trd, 4319374.093, 86
Trd, 4319374.343, 75
Trd, 4319375.443, 114
Trd, 4319376.143, 101
Trd, 4319376.243, 93
Trd, 4319378.393, 130
Trd, 4319379.343, 107
Trd, 4319380.693, 122
Trd, 4319381.993, 138
Trd, 4319382.143, 137
Trd, 4319382.593, 113
Trd, 4319382.993, 84
Trd, 4319383.343, 69
Trd, 4319384.143, 96
Trd, 4319384.893, 98
Trd, 4319386.293, 108
Trd, 4319387.443, 115
Trd, 4319387.593, 114
Trd, 4319388.393, 110
Trd, 4319389.543, 110
Trd, 4319389.793, 139
Trd, 4319390.693, 139
Trd, 4319391.543, 119
Trd, 4319392.043, 89
Trd, 4319393.843, 66
Trd, 4319395.193, 60
Trd, 4319395.943, 106
Trd, 4319396.043, 91
Trd, 4319396.343, 91
Trd, 4319397.243, 125
Trd, 4319398.293, 97
Trd, 4319399.043, 95
Trd, 4319399.293, 98
Trd, 4319400.293, 131
Trd, 4319400.393, 120
Trd, 4319400.743, 108
Trd, 4319402.243, 80
Trd, 4319402.493, 96
Trd, 4319403.393, 100
Trd, 4319404.443, 137
Trd, 4319404.693, 120
Trd, 4319405.593, 139
Trd, 4319405.643, 138
Trd, 4319406.243, 131
Trd, 4319406.543, 115
Trd, 4319408.493, 88
Trd, 4319409.393, 135
Trd, 4319409.693, 135
Trd, 4319410.343, 115
Trd, 4319410.943, 103
Trd, 4319412.143, 122
Trd, 4319412.193, 112
Trd, 4319412.943, 106
Trd, 4319413.493, 105
Trd, 4319414.243, 135
Trd, 4319414.843, 94
Trd, 4319415.443, 69
Trd, 4319416.793, 60
Trd, 4319418.343, 113
Trd, 4319419.143, 102
Trd, 4319419.743, 121
Trd, 4319419.893, 102
Trd, 4319422.093, 115
Trd, 4319422.393, 129
Trd, 4319423.043, 118
Trd, 4319423.143, 107
Trd, 4319423.243, 106
Trd, 4319425.443, 119
Trd, 4319425.643, 118
Trd, 4319426.343, 138
Trd, 4319426.693, 113
Trd, 4319427.493, 137
Trd, 4319428.493, 93
Trd, 4319429.743, 111
Trd, 4319430.943, 110
Trd, 4319431.993, 127
Trd, 4319432.043, 116
Trd, 4319432.193, 90
Trd, 4319433.193, 68
Trd, 4319435.143, 138
Trd, 4319436.443, 124
Trd, 4319437.243, 126
Trd, 4319437.693, 100
Trd, 4319438.143, 120
Trd, 4319439.243, 118
Trd, 4319439.293, 117
Trd, 4319439.393, 78
Trd, 4319440.593, 128
Trd, 4319441.043, 139
Trd, 4319441.193, 122
Trd, 4319441.693, 85
Trd, 4319443.193, 102
Trd, 4319443.393, 63
Trd, 4319444.643, 134
Trd, 4319445.393, 133
Trd, 4319445.543, 116
Trd, 4319446.843, 120
Trd, 4319447.893, 119
Trd, 4319448.893, 136
Trd, 4319449.743, 104
Trd, 4319450.093, 122
Trd, 4319450.443, 86
Trd, 4319451.593, 139
Trd, 4319452.743, 130
Trd, 4319453.243, 129
Trd, 4319453.343, 121
Trd, 4319453.393, 74
Trd, 4319453.943, 75
Trd, 4319455.093, 118
Trd, 4319455.843, 118
Trd, 4319456.343, 109
Trd, 4319457.493, 116
Trd, 4319457.543, 115
Trd, 4319458.793, 106
Trd, 4319460.393, 138
Trd, 4319460.443, 137
Trd, 4319460.843, 98
Trd, 4319461.543, 113
Trd, 4319461.793, 86
Trd, 4319462.593, 140
Trd, 4319462.993, 105
Trd, 4319463.243, 118
Trd, 4319465.143, 115
Trd, 4319465.243, 108
Trd, 4319465.743, 136
Trd, 4319465.893, 137
Trd, 4319467.143, 130
Trd, 4319467.493, 130
Trd, 4319467.993, 128
Trd, 4319468.893, 100
Trd, 4319469.593, 68
Trd, 4319470.293, 110
Trd, 4319471.043, 119
Trd, 4319473.093, 60
Trd, 4319473.543, 62
Trd, 4319474.543, 60
Trd, 4319474.693, 67
Trd, 4319474.943, 86
Trd, 4319476.193, 66
Trd, 4319476.943, 65
Trd, 4319477.243, 62
Trd, 4319477.593, 113
Trd, 4319478.993, 61
Trd, 4319479.393, 63
Trd, 4319479.743, 62
Trd, 4319481.593, 133
Trd, 4319481.943, 109
Trd, 4319482.243, 65
Trd, 4319483.793, 67
Trd, 4319484.493, 134
Trd, 4319485.043, 125
Trd, 4319485.343, 123
Trd, 4319486.493, 71
Trd, 4319486.543, 97
Trd, 4319486.893, 118
Trd, 4319488.293, 140
Trd, 4319488.643, 139
Trd, 4319489.143, 102
Trd, 4319489.643, 63
Trd, 4319491.943, 132
Trd, 4319491.993, 125
Trd, 4319492.593, 126
Trd, 4319493.243, 123
Trd, 4319494.793, 139
Trd, 4319495.093, 126
Trd, 4319495.693, 132
Trd, 4319495.793, 125
Trd, 4319495.943, 134
Trd, 4319496.743, 78
Trd, 4319497.293, 140
Trd, 4319498.893, 139
Trd, 4319499.443, 125
Trd, 4319500.193, 138
Trd, 4319500.393, 138
Trd, 4319500.693, 107
Trd, 4319501.593, 81
Trd, 4319502.093, 110
Trd, 4319502.743, 61
Trd, 4319503.043, 124
Trd, 4319503.793, 135
Trd, 4319505.393, 129
Trd, 4319505.743, 128
Trd, 4319506.143, 119
Trd, 4319506.593, 122
Trd, 4319507.993, 140
Trd, 4319508.243, 139
Trd, 4319508.493, 122
Trd, 4319509.243, 124
Trd, 4319509.993, 116
Trd, 4319510.693, 133
Trd, 4319511.193, 103
Trd, 4319511.293, 73
Trd, 4319512.093, 135
Trd, 4319513.893, 70
Trd, 4319514.193, 68
Trd, 4319515.293, 117
Trd, 4319516.443, 134
Trd, 4319516.643, 133
Trd, 4319517.743, 139
Trd, 4319517.843, 138
Trd, 4319519.693, 139
Trd, 4319521.293, 88
Trd, 4319521.393, 128
Trd, 4319522.093, 137
Trd, 4319522.143, 127
Trd, 4319522.543, 100
Trd, 4319523.393, 92
Trd, 4319523.643, 133
Trd, 4319524.643, 104
Trd, 4319526.593, 119
Trd, 4319527.443, 113
Trd, 4319528.043, 121
Trd, 4319528.893, 123
Trd, 4319529.093, 120
Trd, 4319529.343, 118
Trd, 4319531.143, 105
Trd, 4319531.493, 126
Trd, 4319532.193, 97
Trd, 4319533.093, 91
Trd, 4319533.893, 126
Trd, 4319534.143, 125
Trd, 4319534.243, 124
Trd, 4319534.593, 135
Trd, 4319535.643, 116
Trd, 4319536.043, 92
Trd, 4319537.293, 129
Trd, 4319537.643, 140
Trd, 4319538.243, 87
Trd, 4319539.243, 79
Trd, 4319539.493, 67
Trd, 4319540.293, 140
Trd, 4319540.743, 126
Trd, 4319541.343, 122
Trd, 4319541.643, 127
Trd, 4319543.643, 140
Trd, 4319545.293, 138
Trd, 4319545.343, 127
Trd, 4319545.443, 122
Trd, 4319545.693, 125
Trd, 4319545.943, 125
Trd, 4319546.243, 109
Trd, 4319549.993, 138
Trd, 4319550.043, 137
Trd, 4319550.243, 132
Trd, 4319550.493, 113
Trd, 4319551.193, 83
Trd, 4319552.043, 130
Trd, 4319552.443, 139
Trd, 4319553.043, 101
Trd, 4319554.043, 112
Trd, 4319554.643, 121
Trd, 4319556.993, 121
Trd, 4319557.293, 125
Trd, 4319558.493, 117
Trd, 4319559.393, 124
Trd, 4319560.043, 122
Trd, 4319560.143, 121
Trd, 4319560.293, 119
Trd, 4319560.693, 126
Trd, 4319562.543, 106
Trd, 4319563.543, 140
Trd, 4319564.493, 139
Trd, 4319564.693, 106
Trd, 4319566.293, 128
Trd, 4319566.443, 102
Trd, 4319567.343, 106
Trd, 4319568.043, 101
Trd, 4319568.443, 138
Trd, 4319568.593, 138
Trd, 4319569.743, 123
Trd, 4319569.793, 110
Trd, 4319571.093, 97
Trd, 4319571.393, 96
Trd, 4319571.743, 73
Trd, 4319572.443, 63
Trd, 4319573.293, 63
Trd, 4319575.443, 125
Trd, 4319575.493, 124
Trd, 4319576.043, 104
Trd, 4319576.143, 102
Trd, 4319576.543, 128
Trd, 4319578.343, 140
Trd, 4319579.243, 140
Trd, 4319579.893, 130
Trd, 4319580.243, 125
Trd, 4319581.693, 132
Trd, 4319581.843, 122
Trd, 4319582.893, 140
Trd, 4319583.693, 137
Trd, 4319583.793, 135
Trd, 4319586.343, 130
Trd, 4319586.443, 129
Trd, 4319586.593, 117
Trd, 4319587.343, 111
Trd, 4319587.393, 121
Trd, 4319587.643, 94
Trd, 4319588.893, 67
Trd, 4319589.243, 67
Trd, 4319590.993, 139
Trd, 4319591.093, 68
Trd, 4319591.943, 82
Trd, 4319592.343, 82
Trd, 4319592.543, 82
Trd, 4319592.693, 80
Trd, 4319593.693, 108
Trd, 4319593.993, 122
Trd, 4319595.743, 132
Trd, 4319596.093, 136
Trd, 4319597.143, 100
Trd, 4319597.493, 99
Trd, 4319598.193, 77
Trd, 4319598.543, 121
Trd, 4319599.293, 83
Trd, 4319600.043, 103
Trd, 4319600.393, 130
Trd, 4319600.843, 102
Trd, 4319600.993, 115
Trd, 4319601.693, 84
Trd, 4319603.343, 91
Trd, 4319604.143, 116
Trd, 4319604.843, 109
Trd, 4319605.943, 102
Trd, 4319607.193, 129
Trd, 4319607.293, 96
Trd, 4319607.593, 89
Trd, 4319607.693, 88
Trd, 4319609.243, 61
Trd, 4319610.593, 60
Trd, 4319610.993, 76
Trd, 4319611.193, 90
Trd, 4319612.093, 119
Trd, 4319612.243, 68
Trd, 4319614.943, 137
Trd, 4319615.593, 140
Trd, 4319615.693, 139
Trd, 4319616.093, 137
Trd, 4319616.393, 136
Trd, 4319617.343, 137
Trd, 4319617.993, 135
Trd, 4319618.193, 99
Trd, 4319618.343, 135
Trd, 4319619.693, 114
Trd, 4319619.943, 127
Trd, 4319620.093, 112
Trd, 4319620.643, 87
Trd, 4319621.693, 133
Trd, 4319623.493, 136
Trd, 4319624.043, 134
Trd, 4319625.493, 111
Trd, 4319625.543, 108
Trd, 4319626.593, 116
Trd, 4319626.893, 114
Trd, 4319628.493, 133
Trd, 4319629.643, 122
Trd, 4319630.593, 119
Trd, 4319631.593, 123
Trd, 4319631.693, 132
Trd, 4319632.093, 106
Trd, 4319632.643, 122
Trd, 4319633.543, 89
Trd, 4319635.093, 130
Trd, 4319635.643, 114
Trd, 4319637.193, 137
Trd, 4319637.293, 136
Trd, 4319637.443, 135
Trd, 4319637.593, 130
Trd, 4319638.343, 96
Trd, 4319638.943, 113
Trd, 4319639.393, 134
Trd, 4319639.893, 113
Trd, 4319640.593, 114
Trd, 4319641.093, 110
Trd, 4319641.893, 61
Trd, 4319642.643, 62
Trd, 4319644.293, 89
Trd, 4319645.693, 63
Trd, 4319646.093, 110
Trd, 4319646.143, 109
Trd, 4319647.593, 126
Trd, 4319647.993, 110
Trd, 4319648.543, 106
Trd, 4319648.843, 73
Trd, 4319649.393, 93
Trd, 4319649.643, 72
Trd, 4319650.993, 140
Trd, 4319651.793, 89
Trd, 4319653.993, 94
Trd, 4319654.643, 122
Trd, 4319655.043, 126
Trd, 4319656.043, 108
Trd, 4319656.643, 99
Trd, 4319657.443, 100
Trd, 4319658.793, 106
Trd, 4319658.843, 105
Trd, 4319659.593, 131
Trd, 4319660.043, 107
Trd, 4319661.843, 86
Trd, 4319662.493, 140
Trd, 4319663.043, 139
Trd, 4319663.893, 136
Trd, 4319664.143, 136
Trd, 4319665.343, 94
Trd, 4319665.393, 88
Trd, 4319666.143, 136
Trd, 4319666.293, 129
Trd, 4319670.043, 140
Trd, 4319670.743, 140
Trd, 4319671.193, 117
Trd, 4319671.893, 112
Trd, 4319672.093, 128
Trd, 4319672.943, 108
Trd, 4319673.493, 67
Trd, 4319674.643, 63
Trd, 4319675.293, 106
Trd, 4319676.593, 113
Trd, 4319677.143, 137
Trd, 4319677.943, 107
Trd, 4319678.043, 104
Trd, 4319678.893, 140
Trd, 4319679.893, 133
Trd, 4319679.943, 132
Trd, 4319680.943, 92
Trd, 4319681.343, 118
Trd, 4319681.443, 128
Trd, 4319683.043, 78
Trd, 4319683.843, 119
Trd, 4319684.543, 85
Trd, 4319685.593, 116
Trd, 4319685.793, 115
Trd, 4319686.193, 113
Trd, 4319686.543, 110
Trd, 4319686.793, 140
Trd, 4319689.343, 140
Trd, 4319690.993, 140
Trd, 4319691.043, 140
Trd, 4319691.843, 120
Trd, 4319692.343, 120
Trd, 4319692.493, 111
Trd, 4319693.593, 138
Trd, 4319694.193, 139
Trd, 4319694.243, 123
Trd, 4319695.543, 140
Trd, 4319696.393, 140
Trd, 4319696.793, 140
Trd, 4319698.343, 118
Trd, 4319698.593, 87
Trd, 4319698.693, 140
Trd, 4319699.843, 125
Trd, 4319700.293, 124
Trd, 4319700.643, 83
Trd, 4319701.043, 100
Trd, 4319701.343, 67
Trd, 4319702.493, 62
Trd, 4319703.543, 61
Trd, 4319704.743, 90
Trd, 4319705.193, 88
Trd, 4319706.243, 106
Trd, 4319706.593, 86
Trd, 4319706.893, 76
Trd, 4319707.293, 75
Trd, 4319708.993, 113
Trd, 4319709.593, 100
Trd, 4319709.843, 125
Trd, 4319710.743, 99
Trd, 4319711.293, 76
Trd, 4319713.293, 122
Trd, 4319713.593, 122
Trd, 4319714.143, 129
Trd, 4319714.993, 134
Trd, 4319715.193, 104
Trd, 4319715.743, 86
Trd, 4319716.443, 82
Trd, 4319716.693, 125
Trd, 4319717.893, 123
Trd, 4319719.193, 131
Trd, 4319720.043, 131
Trd, 4319721.943, 76
Trd, 4319723.043, 68
Trd, 4319723.893, 125
Trd, 4319724.043, 77
Trd, 4319724.143, 119
Trd, 4319724.693, 104
Trd, 4319725.193, 94
Trd, 4319725.793, 65
Trd, 4319726.093, 86
Trd, 4319726.993, 117
Trd, 4319728.143, 122
Trd, 4319728.643, 119
Trd, 4319729.443, 104
Trd, 4319731.143, 138
Trd, 4319731.343, 135
Trd, 4319731.543, 123
Trd, 4319731.943, 93
Trd, 4319732.293, 70
Trd, 4319734.393, 71
Trd, 4319734.743, 65
Trd, 4319735.893, 65
Trd, 4319736.443, 84
Trd, 4319737.993, 66
Trd, 4319738.543, 76
Trd, 4319738.643, 83
Trd, 4319738.743, 75
Trd, 4319739.593, 124
Trd, 4319739.743, 99
Trd, 4319742.543, 113
Trd, 4319742.643, 85
Trd, 4319742.893, 76
Trd, 4319744.493, 100
Trd, 4319744.743, 92
Trd, 4319745.943, 107
Trd, 4319746.293, 95
Trd, 4319748.093, 139
Trd, 4319748.493, 136
Trd, 4319748.643, 121
Trd, 4319749.793, 140
Trd, 4319750.343, 138
Trd, 4319750.643, 134
Trd, 4319750.893, 136
Trd, 4319751.693, 135
Trd, 4319752.593, 71
Trd, 4319753.493, 67
Trd, 4319754.193, 121
Trd, 4319755.893, 122
Trd, 4319757.393, 139
Trd, 4319757.543, 127
Trd, 4319758.743, 129
Trd, 4319759.093, 128
Trd, 4319759.593, 121
Trd, 4319760.343, 82
Trd, 4319761.393, 99
Trd, 4319761.543, 103
Trd, 4319763.043, 90
Trd, 4319763.993, 69
Trd, 4319764.443, 78
Trd, 4319765.543, 83
Trd, 4319765.593, 86
Trd, 4319765.643, 82
Trd, 4319766.143, 62
Trd, 4319767.693, 135
Trd, 4319769.193, 112
Trd, 4319769.293, 111
Trd, 4319769.393, 110
Trd, 4319770.293, 100
Trd, 4319770.993, 73
Trd, 4319772.793, 119
Trd, 4319773.343, 118
Trd, 4319775.043, 127
Trd, 4319776.243, 129
Trd, 4319776.343, 126
Trd, 4319776.443, 124
Trd, 4319776.943, 139
Trd, 4319777.343, 124
Trd, 4319777.743, 113
Trd, 4319779.193, 99
Trd, 4319779.543, 138
Trd, 4319779.693, 99
Trd, 4319779.743, 98
Trd, 4319780.793, 72
Trd, 4319782.243, 111
Trd, 4319782.493, 138
Trd, 4319782.993, 103
Trd, 4319783.293, 100
Trd, 4319783.493, 97
Trd, 4319784.543, 60
Trd, 4319785.143, 131
Trd, 4319785.943, 101
Trd, 4319785.993, 100
Trd, 4319786.193, 70
Trd, 4319786.343, 105
Trd, 4319787.793, 86
Trd, 4319787.943, 110
Trd, 4319788.743, 61
Trd, 4319788.893, 62
Trd, 4319790.143, 117
Trd, 4319790.793, 65
Trd, 4319790.893, 64
Trd, 4319791.493, 63
Trd, 4319791.993, 87
Trd, 4319794.793, 136
Trd, 4319795.243, 137
Trd, 4319795.493, 136
Trd, 4319796.543, 137
Trd, 4319796.843, 136
Trd, 4319796.893, 126
Trd, 4319797.643, 76
Trd, 4319797.993, 90
Trd, 4319799.793, 116
Trd, 4319800.493, 110
Trd, 4319800.593, 110
Trd, 4319801.543, 97
Trd, 4319803.543, 135
Trd, 4319803.743, 102
Trd, 4319804.993, 101
Trd, 4319805.743, 98
Trd, 4319805.893, 140
Trd, 4319806.843, 80
Trd, 4319807.193, 92
Trd, 4319808.393, 73
Trd, 4319808.593, 138
Trd, 4319808.843, 70
Trd, 4319810.193, 74
Trd, 4319810.293, 100
Trd, 4319810.793, 63
Trd, 4319811.993, 63
Trd, 4319812.593, 69
Trd, 4319813.393, 64
Trd, 4319814.193, 122
Trd, 4319814.543, 100
Trd, 4319815.643, 61
Trd, 4319815.693, 69
Trd, 4319817.043, 84
Trd, 4319817.793, 111
Trd, 4319818.293, 117
Trd, 4319818.393, 116
Trd, 4319819.793, 110
Trd, 4319821.293, 130
Trd, 4319821.543, 119
Trd, 4319821.693, 111
Trd, 4319822.243, 76
Trd, 4319823.243, 132
Trd, 4319823.293, 123
Trd, 4319824.393, 97
Trd, 4319825.143, 66
Trd, 4319826.043, 87
Trd, 4319826.943, 100
Trd, 4319827.993, 75
Trd, 4319828.993, 80
Trd, 4319829.143, 75
Trd, 4319829.793, 140
Trd, 4319829.843, 139
Trd, 4319829.893, 138
Trd, 4319830.543, 117
Trd, 4319831.193, 91
Trd, 4319831.893, 112
Trd, 4319833.693, 137
Trd, 4319834.543, 111
Trd, 4319835.493, 138
Trd, 4319835.543, 110
Trd, 4319836.043, 101
Trd, 4319836.193, 77
Trd, 4319838.993, 119
Trd, 4319839.293, 119
Trd, 4319840.593, 116
Trd, 4319842.043, 121
Trd, 4319842.343, 119
Trd, 4319842.893, 114
Trd, 4319843.593, 137
Trd, 4319843.993, 99
Trd, 4319844.343, 85
Trd, 4319846.643, 127
Trd, 4319847.893, 127
Trd, 4319847.993, 125
Trd, 4319848.543, 136
Trd, 4319848.943, 110
Trd, 4319849.743, 110
Trd, 4319850.243, 106
Trd, 4319851.293, 129
Trd, 4319851.543, 96
Trd, 4319852.643, 136
Trd, 4319853.443, 135
Trd, 4319853.693, 106
Trd, 4319854.343, 136
Trd, 4319855.193, 132
Trd, 4319855.443, 91
Trd, 4319856.293, 125
Trd, 4319856.493, 113
Trd, 4319858.143, 137
Trd, 4319860.443, 138
Trd, 4319860.893, 109
Trd, 4319861.043, 136
Trd, 4319861.543, 128
Trd, 4319861.893, 103
Trd, 4319862.243, 121
Trd, 4319863.293, 133
Trd, 4319864.143, 106
Trd, 4319866.193, 118
Trd, 4319866.743, 138
Trd, 4319867.743, 124
Trd, 4319869.193, 136
Trd, 4319869.693, 132
Trd, 4319870.093, 131
Trd, 4319871.493, 126
Trd, 4319871.693, 97
Trd, 4319872.093, 127
Trd, 4319873.143, 122
Trd, 4319873.243, 104
Trd, 4319874.193, 130
Trd, 4319874.993, 140
Trd, 4319875.193, 133
Trd, 4319875.243, 129
Trd, 4319876.243, 95
Trd, 4319877.443, 88
Trd, 4319878.143, 91
Trd, 4319878.393, 125
Trd, 4319878.893, 86
Trd, 4319880.593, 134
Trd, 4319882.093, 116
Trd, 4319882.343, 120
Trd, 4319882.843, 116
Trd, 4319882.893, 97
Trd, 4319883.093, 81
Trd, 4319884.293, 66
Trd, 4319884.543, 116
Trd, 4319885.393, 84
Trd, 4319886.293, 82
Trd, 4319886.793, 78
Trd, 4319887.693, 90
Trd, 4319888.393, 133
Trd, 4319888.593, 84
Trd, 4319889.593, 101
Trd, 4319890.343, 126
Trd, 4319891.543, 97
Trd, 4319891.643, 117
Trd, 4319892.743, 103
Trd, 4319893.343, 103
Trd, 4319893.693, 105
Trd, 4319894.893, 92
Trd, 4319894.943, 91
Trd, 4319895.443, 74
Trd, 4319897.343, 84
Trd, 4319897.693, 127
Trd, 4319898.593, 75
Trd, 4319898.643, 74
Trd, 4319899.343, 89
Trd, 4319899.643, 80
Trd, 4319899.943, 130
Trd, 4319900.643, 99
Trd, 4319902.693, 120
Trd, 4319903.143, 118
Trd, 4319903.193, 76
Trd, 4319903.943, 139
Trd, 4319905.243, 117
Trd, 4319905.543, 126
Trd, 4319906.193, 119
Trd, 4319907.843, 120
Trd, 4319907.893, 91
Trd, 4319908.593, 140
Trd, 4319908.793, 77
Trd, 4319909.293, 130
Trd, 4319909.543, 124
Trd, 4319910.543, 140
Trd, 4319911.693, 104
Trd, 4319911.793, 129
Trd, 4319912.243, 61
Trd, 4319913.343, 135
Trd, 4319913.893, 136
Trd, 4319915.743, 135
Trd, 4319915.793, 130
Trd, 4319916.693, 125
Trd, 4319917.093, 137
Trd, 4319918.093, 133
Trd, 4319918.143, 110
Trd, 4319918.643, 99
Trd, 4319920.243, 122
Trd, 4319920.743, 93
Trd, 4319921.693, 98
Trd, 4319921.893, 85
Trd, 4319921.943, 80
Trd, 4319923.393, 131
Trd, 4319924.093, 89
Trd, 4319924.543, 87
Trd, 4319924.793, 105
Trd, 4319926.043, 106
Trd, 4319928.343, 132
Trd, 4319928.993, 133
Trd, 4319929.243, 132
Trd, 4319929.943, 116
Trd, 4319930.243, 115
Trd, 4319931.393, 126
Trd, 4319932.293, 125
Trd, 4319932.993, 124
Trd, 4319933.593, 127
Trd, 4319933.993, 127
Trd, 4319934.393, 126
Trd, 4319935.343, 93
Trd, 4319935.593, 113
Trd, 4319936.993, 95
Trd, 4319937.093, 92
Trd, 4319938.043, 88
Trd, 4319938.693, 64
Trd, 4319939.543, 94
Trd, 4319939.843, 101
Trd, 4319940.393, 113
Trd, 4319942.393, 133
Trd, 4319942.993, 133
Trd, 4319943.593, 133
Trd, 4319943.693, 71
Trd, 4319943.893, 60
Trd, 4319944.843, 93
Trd, 4319945.543, 61
Trd, 4319946.393, 65
Trd, 4319947.393, 131
Trd, 4319948.893, 128
Trd, 4319949.193, 104
Trd, 4319949.243, 66
Trd, 4319949.793, 65
Trd, 4319950.793, 74
Trd, 4319951.093, 66
Trd, 4319952.993, 117
Trd, 4319953.293, 110
Trd, 4319955.093, 139
Trd, 4319955.493, 138
Trd, 4319955.543, 89
Trd, 4319957.943, 126
Trd, 4319958.093, 125
Trd, 4319958.693, 129
Trd, 4319959.493, 137
Trd, 4319959.893, 138
Trd, 4319959.943, 137
Trd, 4319961.593, 136
Trd, 4319961.843, 127
Trd, 4319962.443, 115
Trd, 4319962.743, 113
Trd, 4319963.693, 119
Trd, 4319963.993, 122
Trd, 4319965.643, 116
Trd, 4319966.243, 116
Trd, 4319966.593, 114
Trd, 4319968.693, 132
Trd, 4319968.843, 130
Trd, 4319969.443, 129
Trd, 4319970.393, 128
Trd, 4319970.443, 105
Trd, 4319971.443, 136
Trd, 4319971.543, 135
Trd, 4319971.593, 133
Trd, 4319972.693, 132
Trd, 4319973.893, 126
Trd, 4319974.793, 140
Trd, 4319974.943, 139
Trd, 4319975.193, 138
Trd, 4319975.343, 135
Trd, 4319975.793, 82
Trd, 4319976.643, 111
Trd, 4319978.743, 125
Trd, 4319979.143, 123
Trd, 4319979.193, 123
Trd, 4319979.943, 120
Trd, 4319980.993, 109
Trd, 4319981.943, 131
Trd, 4319982.993, 118
Trd, 4319983.393, 85
Trd, 4319983.743, 84
Trd, 4319983.993, 70
Trd, 4319984.843, 76
Trd, 4319985.143, 114
Trd, 4319987.343, 62
Trd, 4319987.693, 72
Trd, 4319988.143, 91
Trd, 4319988.193, 129
Trd, 4319988.493, 88
Trd, 4319988.593, 82
Trd, 4319991.743, 135
Trd, 4319992.643, 91
Trd, 4319993.193, 134
Trd, 4319993.293, 92
Trd, 4319993.793, 65
Trd, 4319994.643, 61
Trd, 4319995.043, 62
Trd, 4319995.393, 122
Trd, 4319996.193, 98
Trd, 4319996.793, 97
Trd, 4319997.593, 138
Trd, 4319997.993, 105
Trd, 4319999.643, 77
Trd, 4319999.843, 78
