Trd, 4318103.543, 63
Trd, 4318104.743, 60
Trd, 4318105.143, 61
Trd, 4318105.693, 61
Trd, 4318107.643, 62
Trd, 4318108.893, 65
Trd, 4318109.093, 67
Trd, 4318109.343, 103
Trd, 4318109.493, 66
Trd, 4318109.993, 138
Trd, 4318110.293, 76
Trd, 4318110.893, 69
Trd, 4318114.193, 60
Trd, 4318114.793, 60
Trd, 4318116.493, 60
Trd, 4318116.643, 60
Trd, 4318117.293, 61
Trd, 4318118.243, 69
Trd, 4318118.393, 64
Trd, 4318118.443, 63
Trd, 4318120.093, 61
Trd, 4318120.193, 62
Trd, 4318121.343, 62
Trd, 4318121.443, 62
Trd, 4318121.543, 112
Trd, 4318121.593, 61
Trd, 4318124.393, 74
Trd, 4318124.543, 75
Trd, 4318125.543, 81
Trd, 4318125.643, 81
Trd, 4318125.893, 79
Trd, 4318126.993, 140
Trd, 4318128.743, 140
Trd, 4318129.293, 140
Trd, 4318130.143, 140
Trd, 4318130.843, 140
Trd, 4318132.143, 140
Trd, 4318132.843, 140
Trd, 4318133.393, 140
Trd, 4318134.443, 140
Trd, 4318135.093, 140
Trd, 4318135.493, 140
Trd, 4318136.693, 140
Trd, 4318137.843, 140
Trd, 4318137.943, 140
Trd, 4318138.243, 140
Trd, 4318138.943, 140
Trd, 4318139.843, 140
Trd, 4318140.143, 140
Trd, 4318141.343, 140
Trd, 4318141.593, 140
Trd, 4318142.543, 140
Trd, 4318142.943, 140
Trd, 4318143.493, 140
Trd, 4318143.843, 140
Trd, 4318144.043, 140
Trd, 4318144.843, 140
Trd, 4318145.443, 140
Trd, 4318145.643, 99
Trd, 4318146.443, 114
Trd, 4318146.993, 113
Trd, 4318147.943, 139
Trd, 4318149.443, 63
Trd, 4318154.443, 60
Trd, 4318155.443, 60
Trd, 4318155.893, 61
Trd, 4318156.493, 62
Trd, 4318157.293, 61
Trd, 4318157.493, 62
Trd, 4318157.593, 63
Trd, 4318158.043, 63
Trd, 4318158.643, 65
Trd, 4318159.393, 138
Trd, 4318159.543, 65
Trd, 4318161.043, 67
Trd, 4318161.193, 68
Trd, 4318161.343, 98
Trd, 4318162.393, 86
Trd, 4318162.793, 87
Trd, 4318162.993, 87
Trd, 4318163.443, 105
Trd, 4318163.893, 89
Trd, 4318165.893, 63
Trd, 4318166.293, 64
Trd, 4318166.793, 108
Trd, 4318167.743, 128
Trd, 4318169.043, 60
Trd, 4318169.443, 61
Trd, 4318170.243, 63
Trd, 4318170.493, 63
Trd, 4318170.543, 64
Trd, 4318170.643, 66
Trd, 4318171.293, 129
Trd, 4318171.393, 63
Trd, 4318172.443, 140
Trd, 4318172.643, 77
Trd, 4318175.393, 60
Trd, 4318177.143, 60
Trd, 4318177.343, 62
Trd, 4318177.443, 62
Trd, 4318177.643, 65
Trd, 4318178.393, 62
Trd, 4318180.943, 100
Trd, 4318181.093, 81
Trd, 4318181.393, 81
Trd, 4318182.143, 84
Trd, 4318183.343, 140
Trd, 4318183.493, 139
Trd, 4318183.893, 140
Trd, 4318184.493, 140
Trd, 4318184.843, 140
Trd, 4318187.143, 130
Trd, 4318187.643, 123
Trd, 4318187.743, 123
Trd, 4318188.843, 140
Trd, 4318189.243, 140
Trd, 4318189.593, 140
Trd, 4318189.893, 140
Trd, 4318190.043, 140
Trd, 4318190.643, 140
Trd, 4318192.543, 140
Trd, 4318192.893, 140
Trd, 4318193.043, 140
Trd, 4318193.793, 140
Trd, 4318194.443, 140
Trd, 4318196.193, 140
Trd, 4318196.443, 140
Trd, 4318198.943, 140
Trd, 4318199.193, 140
Trd, 4318199.593, 140
Trd, 4318199.993, 140
Trd, 4318201.193, 140
Trd, 4318201.593, 140
Trd, 4318202.043, 140
Trd, 4318203.993, 140
Trd, 4318204.243, 140
Trd, 4318205.493, 140
Trd, 4318207.293, 140
Trd, 4318207.443, 140
Trd, 4318207.843, 140
Trd, 4318207.893, 140
Trd, 4318208.393, 140
Trd, 4318208.643, 140
Trd, 4318208.993, 140
Trd, 4318211.143, 140
Trd, 4318211.943, 98
Trd, 4318213.593, 135
Trd, 4318214.493, 114
Trd, 4318215.443, 131
Trd, 4318215.793, 117
Trd, 4318216.043, 116
Trd, 4318216.143, 115
Trd, 4318216.843, 117
Trd, 4318218.743, 62
Trd, 4318219.243, 67
Trd, 4318220.143, 68
Trd, 4318224.193, 61
Trd, 4318224.593, 63
Trd, 4318224.943, 65
Trd, 4318224.993, 62
Trd, 4318225.693, 65
Trd, 4318225.793, 67
Trd, 4318226.343, 68
Trd, 4318226.643, 95
Trd, 4318226.743, 66
Trd, 4318227.393, 64
Trd, 4318228.843, 63
Trd, 4318230.693, 61
Trd, 4318232.743, 60
Trd, 4318233.793, 61
Trd, 4318233.943, 62
Trd, 4318234.143, 62
Trd, 4318234.543, 62
Trd, 4318234.943, 63
Trd, 4318236.593, 140
Trd, 4318236.643, 140
Trd, 4318236.943, 71
Trd, 4318237.343, 95
Trd, 4318238.493, 98
Trd, 4318238.643, 94
Trd, 4318240.543, 60
Trd, 4318243.243, 60
Trd, 4318244.893, 61
Trd, 4318246.393, 60
Trd, 4318246.543, 62
Trd, 4318246.843, 62
Trd, 4318246.893, 61
Trd, 4318248.943, 67
Trd, 4318249.143, 65
Trd, 4318249.843, 67
Trd, 4318250.843, 60
Trd, 4318252.093, 60
Trd, 4318253.943, 60
Trd, 4318256.793, 60
Trd, 4318256.843, 60
Trd, 4318256.943, 62
Trd, 4318257.393, 63
Trd, 4318257.693, 60
Trd, 4318258.993, 71
Trd, 4318259.143, 69
Trd, 4318259.793, 75
Trd, 4318260.243, 140
Trd, 4318260.343, 140
Trd, 4318261.943, 140
Trd, 4318262.993, 140
Trd, 4318264.143, 140
Trd, 4318264.593, 140
Trd, 4318265.743, 140
Trd, 4318266.493, 140
Trd, 4318266.693, 140
Trd, 4318266.943, 140
Trd, 4318267.143, 140
Trd, 4318267.943, 140
Trd, 4318268.343, 140
Trd, 4318268.393, 140
Trd, 4318269.993, 140
Trd, 4318271.043, 140
Trd, 4318271.293, 140
Trd, 4318271.543, 140
Trd, 4318273.343, 140
Trd, 4318273.543, 140
Trd, 4318273.893, 140
Trd, 4318274.143, 138
Trd, 4318274.993, 140
Trd, 4318277.243, 140
Trd, 4318277.693, 140
Trd, 4318278.743, 140
Trd, 4318278.993, 140
Trd, 4318279.393, 140
Trd, 4318280.543, 140
Trd, 4318281.093, 140
Trd, 4318282.143, 140
Trd, 4318282.543, 140
Trd, 4318283.693, 140
Trd, 4318283.993, 140
Trd, 4318284.193, 140
Trd, 4318285.043, 140
Trd, 4318285.693, 140
Trd, 4318285.793, 140
Trd, 4318285.893, 140
Trd, 4318286.793, 140
Trd, 4318288.943, 140
Trd, 4318289.593, 140
Trd, 4318291.193, 140
Trd, 4318291.843, 140
Trd, 4318291.893, 140
Trd, 4318292.193, 140
Trd, 4318292.493, 140
Trd, 4318293.143, 140
Trd, 4318293.743, 140
Trd, 4318294.693, 140
Trd, 4318295.393, 140
Trd, 4318295.743, 140
Trd, 4318296.693, 140
Trd, 4318296.793, 140
Trd, 4318298.193, 140
Trd, 4318298.393, 140
Trd, 4318299.243, 140
Trd, 4318300.743, 140
Trd, 4318300.843, 140
Trd, 4318301.193, 140
Trd, 4318303.093, 140
Trd, 4318304.143, 140
Trd, 4318304.393, 140
Trd, 4318305.493, 140
Trd, 4318305.943, 140
Trd, 4318306.493, 140
Trd, 4318306.643, 140
Trd, 4318308.093, 140
Trd, 4318308.993, 140
Trd, 4318309.493, 140
Trd, 4318310.543, 140
Trd, 4318310.793, 140
Trd, 4318311.243, 140
Trd, 4318311.343, 140
Trd, 4318312.293, 140
Trd, 4318313.393, 140
Trd, 4318316.343, 140
Trd, 4318316.393, 140
Trd, 4318317.043, 140
Trd, 4318317.393, 140
Trd, 4318317.643, 140
Trd, 4318317.943, 140
Trd, 4318318.393, 140
Trd, 4318318.893, 140
Trd, 4318320.543, 140
Trd, 4318321.093, 140
Trd, 4318321.893, 140
Trd, 4318322.093, 140
Trd, 4318322.243, 140
Trd, 4318322.593, 140
Trd, 4318322.693, 140
Trd, 4318323.243, 138
Trd, 4318325.643, 140
Trd, 4318325.893, 140
Trd, 4318328.143, 140
Trd, 4318328.543, 140
Trd, 4318328.643, 140
Trd, 4318328.743, 140
Trd, 4318329.293, 140
Trd, 4318329.943, 140
Trd, 4318330.293, 140
Trd, 4318330.643, 140
Trd, 4318330.943, 89
Trd, 4318331.343, 89
Trd, 4318333.043, 108
Trd, 4318334.643, 106
Trd, 4318334.743, 90
Trd, 4318336.593, 60
Trd, 4318336.943, 60
Trd, 4318337.293, 61
Trd, 4318341.143, 60
Trd, 4318341.393, 60
Trd, 4318341.643, 61
Trd, 4318341.693, 60
Trd, 4318341.893, 61
Trd, 4318342.743, 60
Trd, 4318342.843, 60
Trd, 4318343.143, 62
Trd, 4318344.293, 140
Trd, 4318344.643, 108
Trd, 4318345.543, 65
Trd, 4318345.743, 66
Trd, 4318345.843, 62
Trd, 4318347.393, 139
Trd, 4318352.443, 60
Trd, 4318352.593, 60
Trd, 4318352.893, 61
Trd, 4318353.243, 60
Trd, 4318353.293, 61
Trd, 4318353.843, 63
Trd, 4318354.843, 62
Trd, 4318355.143, 63
Trd, 4318355.443, 62
Trd, 4318356.143, 66
Trd, 4318357.143, 113
Trd, 4318357.293, 113
Trd, 4318357.593, 123
Trd, 4318357.893, 71
Trd, 4318358.493, 97
Trd, 4318360.543, 88
Trd, 4318361.543, 92
Trd, 4318362.093, 92
Trd, 4318362.193, 95
Trd, 4318362.443, 91
Trd, 4318363.543, 140
Trd, 4318364.143, 140
Trd, 4318364.893, 138
Trd, 4318365.243, 138
Trd, 4318365.393, 137
Trd, 4318365.993, 95
Trd, 4318366.243, 93
Trd, 4318367.543, 138
Trd, 4318368.493, 140
Trd, 4318369.443, 140
Trd, 4318371.393, 140
Trd, 4318371.943, 140
Trd, 4318372.593, 140
Trd, 4318372.693, 140
Trd, 4318373.243, 140
Trd, 4318373.993, 140
Trd, 4318374.093, 140
Trd, 4318374.743, 139
Trd, 4318377.343, 140
Trd, 4318377.393, 137
Trd, 4318377.643, 107
Trd, 4318378.643, 111
Trd, 4318378.693, 110
Trd, 4318379.293, 109
Trd, 4318380.693, 140
Trd, 4318381.343, 140
Trd, 4318382.393, 140
Trd, 4318382.543, 140
Trd, 4318383.193, 140
Trd, 4318384.843, 140
Trd, 4318384.893, 140
Trd, 4318386.293, 140
Trd, 4318387.043, 140
Trd, 4318387.193, 140
Trd, 4318387.793, 140
Trd, 4318388.393, 140
Trd, 4318388.443, 140
Trd, 4318388.943, 140
Trd, 4318391.443, 140
Trd, 4318391.893, 140
Trd, 4318393.693, 140
Trd, 4318394.043, 140
Trd, 4318394.243, 140
Trd, 4318394.743, 140
Trd, 4318396.143, 140
Trd, 4318396.693, 140
Trd, 4318397.893, 140
Trd, 4318399.293, 140
Trd, 4318399.843, 140
Trd, 4318400.043, 140
Trd, 4318400.593, 140
Trd, 4318401.493, 140
Trd, 4318401.843, 140
Trd, 4318401.943, 140
Trd, 4318402.543, 140
Trd, 4318403.593, 140
Trd, 4318404.493, 140
Trd, 4318404.643, 140
Trd, 4318405.393, 138
Trd, 4318405.893, 75
Trd, 4318406.943, 62
Trd, 4318407.593, 63
Trd, 4318410.143, 61
Trd, 4318410.693, 62
Trd, 4318411.093, 97
Trd, 4318412.143, 75
Trd, 4318413.593, 85
Trd, 4318413.743, 76
Trd, 4318414.543, 83
Trd, 4318414.693, 82
Trd, 4318414.893, 82
Trd, 4318415.143, 82
Trd, 4318416.593, 89
Trd, 4318416.693, 130
Trd, 4318417.443, 89
Trd, 4318418.143, 140
Trd, 4318418.193, 140
Trd, 4318419.693, 124
Trd, 4318420.143, 127
Trd, 4318420.393, 126
Trd, 4318421.293, 139
Trd, 4318421.693, 126
Trd, 4318421.843, 125
Trd, 4318423.093, 60
Trd, 4318425.193, 61
Trd, 4318426.693, 60
Trd, 4318427.893, 63
Trd, 4318428.143, 66
Trd, 4318429.143, 60
Trd, 4318429.593, 61
Trd, 4318430.243, 67
Trd, 4318431.243, 76
Trd, 4318431.443, 71
Trd, 4318432.593, 79
Trd, 4318435.193, 87
Trd, 4318435.293, 89
Trd, 4318435.743, 88
Trd, 4318436.543, 108
Trd, 4318436.943, 100
Trd, 4318437.243, 101
Trd, 4318438.193, 107
Trd, 4318438.493, 106
Trd, 4318438.793, 130
Trd, 4318438.943, 105
Trd, 4318440.293, 140
Trd, 4318440.443, 140
Trd, 4318441.593, 135
Trd, 4318442.093, 140
Trd, 4318442.593, 138
Trd, 4318443.393, 140
Trd, 4318443.693, 140
Trd, 4318445.193, 140
Trd, 4318445.843, 140
Trd, 4318446.593, 138
Trd, 4318446.743, 99
Trd, 4318448.693, 92
Trd, 4318448.743, 91
Trd, 4318450.093, 61
Trd, 4318453.243, 60
Trd, 4318453.293, 60
Trd, 4318453.593, 61
Trd, 4318453.743, 62
Trd, 4318453.943, 62
Trd, 4318454.443, 66
Trd, 4318454.743, 78
Trd, 4318455.043, 63
Trd, 4318455.943, 64
Trd, 4318456.593, 61
Trd, 4318457.493, 60
Trd, 4318459.443, 60
Trd, 4318459.793, 60
Trd, 4318459.893, 63
Trd, 4318460.643, 66
Trd, 4318460.843, 127
Trd, 4318461.093, 77
Trd, 4318461.443, 75
Trd, 4318462.543, 69
Trd, 4318464.193, 71
Trd, 4318464.643, 79
Trd, 4318465.293, 78
Trd, 4318465.493, 78
Trd, 4318465.743, 80
Trd, 4318466.293, 82
Trd, 4318466.543, 140
Trd, 4318467.643, 84
Trd, 4318468.443, 88
Trd, 4318468.793, 87
Trd, 4318470.843, 140
Trd, 4318471.043, 140
Trd, 4318471.343, 140
Trd, 4318472.293, 140
Trd, 4318472.843, 140
Trd, 4318473.193, 140
Trd, 4318474.993, 140
Trd, 4318476.343, 140
Trd, 4318477.893, 140
Trd, 4318478.193, 140
Trd, 4318478.643, 140
Trd, 4318479.343, 140
Trd, 4318480.743, 140
Trd, 4318480.943, 140
Trd, 4318480.993, 140
Trd, 4318481.743, 140
Trd, 4318481.843, 140
Trd, 4318482.893, 140
Trd, 4318483.343, 139
Trd, 4318483.843, 140
Trd, 4318484.193, 139
Trd, 4318487.093, 140
Trd, 4318487.193, 140
Trd, 4318488.843, 140
Trd, 4318489.543, 140
Trd, 4318489.643, 140
Trd, 4318489.843, 140
Trd, 4318490.093, 140
Trd, 4318490.693, 140
Trd, 4318491.643, 140
Trd, 4318492.493, 140
Trd, 4318495.093, 140
Trd, 4318495.343, 140
Trd, 4318496.043, 140
Trd, 4318496.243, 140
Trd, 4318496.293, 140
Trd, 4318496.393, 140
Trd, 4318496.793, 140
Trd, 4318497.293, 140
Trd, 4318498.393, 140
Trd, 4318499.093, 139
Trd, 4318500.543, 84
Trd, 4318500.943, 83
Trd, 4318501.793, 95
Trd, 4318502.343, 140
Trd, 4318503.443, 140
Trd, 4318504.393, 140
Trd, 4318504.943, 140
Trd, 4318505.093, 140
Trd, 4318505.843, 140
Trd, 4318506.793, 140
Trd, 4318507.243, 140
Trd, 4318507.893, 140
Trd, 4318508.393, 140
Trd, 4318508.943, 138
Trd, 4318510.193, 140
Trd, 4318510.543, 140
Trd, 4318510.593, 140
Trd, 4318512.343, 140
Trd, 4318513.093, 140
Trd, 4318513.493, 140
Trd, 4318515.243, 140
Trd, 4318515.843, 140
Trd, 4318515.993, 140
Trd, 4318516.293, 140
Trd, 4318517.543, 140
Trd, 4318519.543, 140
Trd, 4318520.343, 140
Trd, 4318520.493, 140
Trd, 4318520.643, 140
Trd, 4318522.643, 140
Trd, 4318522.893, 140
Trd, 4318523.893, 140
Trd, 4318523.993, 140
Trd, 4318524.093, 140
Trd, 4318524.393, 140
Trd, 4318525.193, 140
Trd, 4318525.443, 140
Trd, 4318526.993, 140
Trd, 4318527.843, 140
Trd, 4318528.693, 140
Trd, 4318528.943, 140
Trd, 4318529.593, 140
Trd, 4318530.393, 140
Trd, 4318531.443, 140
Trd, 4318532.143, 140
Trd, 4318532.493, 140
Trd, 4318533.243, 140
Trd, 4318534.343, 140
Trd, 4318535.043, 140
Trd, 4318536.243, 140
Trd, 4318537.493, 140
Trd, 4318537.543, 140
Trd, 4318539.543, 140
Trd, 4318540.443, 140
Trd, 4318540.793, 140
Trd, 4318541.043, 140
Trd, 4318541.893, 140
Trd, 4318542.043, 140
Trd, 4318544.143, 140
Trd, 4318544.243, 140
Trd, 4318544.643, 140
Trd, 4318545.443, 140
Trd, 4318546.943, 140
Trd, 4318547.043, 140
Trd, 4318547.843, 140
Trd, 4318547.993, 140
Trd, 4318549.143, 140
Trd, 4318549.693, 140
Trd, 4318549.743, 140
Trd, 4318551.243, 60
Trd, 4318552.243, 60
Trd, 4318552.393, 60
Trd, 4318552.443, 65
Trd, 4318553.493, 65
Trd, 4318555.293, 64
Trd, 4318555.543, 62
Trd, 4318556.343, 65
Trd, 4318556.693, 66
Trd, 4318556.943, 67
Trd, 4318557.143, 64
Trd, 4318558.093, 73
Trd, 4318559.593, 71
Trd, 4318560.293, 72
Trd, 4318560.543, 72
Trd, 4318560.843, 70
Trd, 4318560.993, 73
Trd, 4318561.693, 63
Trd, 4318564.343, 60
Trd, 4318564.593, 61
Trd, 4318565.993, 60
Trd, 4318566.143, 61
Trd, 4318566.693, 66
Trd, 4318566.843, 65
Trd, 4318567.393, 126
Trd, 4318567.543, 69
Trd, 4318568.743, 71
Trd, 4318569.493, 140
Trd, 4318569.593, 73
Trd, 4318570.343, 74
Trd, 4318571.143, 73
Trd, 4318572.243, 63
Trd, 4318572.793, 70
Trd, 4318575.093, 105
Trd, 4318575.593, 131
Trd, 4318575.693, 98
Trd, 4318575.993, 77
Trd, 4318576.193, 76
Trd, 4318577.393, 79
Trd, 4318578.543, 79
Trd, 4318579.843, 140
Trd, 4318579.893, 140
Trd, 4318581.143, 140
Trd, 4318581.193, 140
Trd, 4318581.843, 103
Trd, 4318582.943, 105
Trd, 4318584.643, 75
Trd, 4318584.893, 74
Trd, 4318585.243, 138
Trd, 4318586.143, 76
Trd, 4318586.793, 139
Trd, 4318587.343, 140
Trd, 4318588.093, 140
Trd, 4318588.143, 139
Trd, 4318589.093, 68
Trd, 4318590.143, 60
Trd, 4318591.693, 139
Trd, 4318594.843, 60
Trd, 4318594.943, 62
Trd, 4318595.293, 64
Trd, 4318595.343, 63
Trd, 4318595.393, 64
Trd, 4318595.643, 65
Trd, 4318597.293, 67
Trd, 4318598.293, 63
Trd, 4318599.443, 60
Trd, 4318600.393, 64
Trd, 4318600.793, 65
Trd, 4318600.893, 65
Trd, 4318601.293, 63
Trd, 4318601.443, 62
Trd, 4318603.493, 60
Trd, 4318605.293, 65
Trd, 4318605.743, 71
Trd, 4318607.693, 60
Trd, 4318609.493, 61
Trd, 4318609.593, 62
Trd, 4318612.093, 60
Trd, 4318612.443, 62
Trd, 4318612.643, 63
Trd, 4318612.793, 64
Trd, 4318613.643, 60
Trd, 4318614.193, 60
Trd, 4318615.243, 64
Trd, 4318616.593, 83
Trd, 4318616.643, 131
Trd, 4318616.693, 82
Trd, 4318617.543, 140
Trd, 4318618.243, 72
Trd, 4318618.293, 67
Trd, 4318618.843, 71
Trd, 4318620.793, 140
Trd, 4318622.293, 140
Trd, 4318623.243, 140
Trd, 4318624.593, 140
Trd, 4318625.693, 140
Trd, 4318625.743, 140
Trd, 4318625.893, 140
Trd, 4318625.943, 140
Trd, 4318626.743, 140
Trd, 4318627.243, 140
Trd, 4318627.643, 140
Trd, 4318629.243, 140
Trd, 4318629.593, 140
Trd, 4318629.893, 140
Trd, 4318630.143, 140
Trd, 4318630.443, 140
Trd, 4318631.043, 140
Trd, 4318631.393, 140
Trd, 4318632.493, 140
Trd, 4318632.543, 140
Trd, 4318634.293, 140
Trd, 4318634.893, 140
Trd, 4318635.093, 140
Trd, 4318635.943, 140
Trd, 4318635.993, 140
Trd, 4318637.693, 87
Trd, 4318638.043, 86
Trd, 4318638.443, 85
Trd, 4318638.893, 84
Trd, 4318639.843, 74
Trd, 4318640.293, 73
Trd, 4318641.743, 140
Trd, 4318641.893, 140
Trd, 4318642.193, 140
Trd, 4318643.093, 140
Trd, 4318643.693, 140
Trd, 4318643.943, 140
Trd, 4318645.443, 140
Trd, 4318645.893, 140
Trd, 4318647.143, 140
Trd, 4318647.543, 140
Trd, 4318647.743, 140
Trd, 4318647.893, 140
Trd, 4318649.243, 140
Trd, 4318651.043, 140
Trd, 4318651.143, 140
Trd, 4318651.293, 140
Trd, 4318652.143, 140
Trd, 4318652.393, 140
Trd, 4318654.543, 103
Trd, 4318655.043, 140
Trd, 4318655.543, 140
Trd, 4318655.993, 140
Trd, 4318656.393, 140
Trd, 4318660.343, 60
Trd, 4318661.693, 60
Trd, 4318661.743, 62
Trd, 4318662.293, 62
Trd, 4318663.643, 114
Trd, 4318663.943, 115
Trd, 4318664.443, 117
Trd, 4318665.093, 121
Trd, 4318665.593, 121
Trd, 4318666.393, 127
Trd, 4318666.643, 127
Trd, 4318667.943, 132
Trd, 4318668.193, 131
Trd, 4318668.993, 132
Trd, 4318670.493, 139
Trd, 4318671.593, 140
Trd, 4318672.093, 140
Trd, 4318672.443, 140
Trd, 4318672.493, 139
Trd, 4318674.093, 140
Trd, 4318674.393, 140
Trd, 4318674.643, 140
Trd, 4318674.793, 140
Trd, 4318675.943, 140
Trd, 4318677.193, 137
Trd, 4318677.543, 115
Trd, 4318678.043, 139
Trd, 4318680.543, 60
Trd, 4318682.643, 60
Trd, 4318682.893, 61
Trd, 4318683.293, 63
Trd, 4318683.793, 64
Trd, 4318684.393, 90
Trd, 4318684.543, 64
Trd, 4318685.043, 62
Trd, 4318687.193, 102
Trd, 4318687.343, 102
Trd, 4318687.443, 101
Trd, 4318687.993, 139
Trd, 4318688.543, 103
Trd, 4318689.243, 140
Trd, 4318689.493, 101
Trd, 4318692.593, 60
Trd, 4318692.843, 61
Trd, 4318693.043, 61
Trd, 4318693.243, 68
Trd, 4318693.593, 64
Trd, 4318694.493, 131
Trd, 4318695.293, 76
Trd, 4318695.493, 118
Trd, 4318697.543, 140
Trd, 4318697.643, 140
Trd, 4318697.943, 140
Trd, 4318699.043, 140
Trd, 4318699.193, 140
Trd, 4318700.043, 140
Trd, 4318700.493, 126
Trd, 4318702.143, 140
Trd, 4318702.693, 140
Trd, 4318703.493, 140
Trd, 4318704.543, 140
Trd, 4318704.643, 140
Trd, 4318705.793, 140
Trd, 4318706.293, 140
Trd, 4318706.443, 140
Trd, 4318706.543, 140
Trd, 4318707.943, 140
Trd, 4318708.093, 140
Trd, 4318708.793, 140
Trd, 4318709.943, 140
Trd, 4318710.643, 140
Trd, 4318710.793, 140
Trd, 4318711.543, 111
Trd, 4318713.843, 60
Trd, 4318714.093, 69
Trd, 4318715.043, 61
Trd, 4318715.343, 63
Trd, 4318715.943, 66
Trd, 4318716.243, 68
Trd, 4318718.443, 140
Trd, 4318719.143, 140
Trd, 4318720.193, 140
Trd, 4318720.843, 140
Trd, 4318721.243, 140
Trd, 4318721.793, 140
Trd, 4318721.993, 140
Trd, 4318723.093, 140
Trd, 4318723.893, 140
Trd, 4318724.093, 140
Trd, 4318725.643, 140
Trd, 4318726.993, 140
Trd, 4318727.193, 140
Trd, 4318728.143, 140
Trd, 4318728.293, 140
Trd, 4318728.493, 140
Trd, 4318729.993, 140
Trd, 4318730.493, 140
Trd, 4318731.393, 140
Trd, 4318731.793, 140
Trd, 4318732.343, 140
Trd, 4318733.743, 140
Trd, 4318734.193, 140
Trd, 4318734.593, 140
Trd, 4318735.393, 140
Trd, 4318736.443, 140
Trd, 4318737.393, 140
Trd, 4318737.793, 140
Trd, 4318738.993, 140
Trd, 4318739.443, 140
Trd, 4318740.693, 140
Trd, 4318741.093, 140
Trd, 4318742.343, 140
Trd, 4318743.493, 140
Trd, 4318743.893, 140
Trd, 4318745.393, 140
Trd, 4318745.993, 140
Trd, 4318746.143, 140
Trd, 4318746.693, 140
Trd, 4318746.843, 140
Trd, 4318747.993, 140
Trd, 4318748.493, 140
Trd, 4318748.893, 140
Trd, 4318750.143, 140
Trd, 4318750.293, 140
Trd, 4318750.793, 72
Trd, 4318751.493, 75
Trd, 4318751.743, 138
Trd, 4318752.093, 78
Trd, 4318752.843, 80
Trd, 4318752.993, 79
Trd, 4318755.993, 61
Trd, 4318756.343, 64
Trd, 4318756.943, 65
Trd, 4318757.393, 65
Trd, 4318757.543, 110
Trd, 4318758.793, 140
Trd, 4318759.093, 140
Trd, 4318760.243, 74
Trd, 4318760.343, 91
Trd, 4318760.543, 73
Trd, 4318761.643, 75
Trd, 4318762.593, 80
Trd, 4318762.643, 78
Trd, 4318762.993, 80
Trd, 4318763.693, 80
Trd, 4318765.043, 138
Trd, 4318766.443, 140
Trd, 4318767.193, 140
Trd, 4318767.643, 140
Trd, 4318767.843, 140
Trd, 4318768.693, 140
Trd, 4318769.843, 140
Trd, 4318770.093, 140
Trd, 4318770.343, 140
Trd, 4318771.893, 140
Trd, 4318772.043, 140
Trd, 4318775.043, 60
Trd, 4318775.443, 61
Trd, 4318775.543, 60
Trd, 4318776.243, 61
Trd, 4318776.593, 62
Trd, 4318776.643, 61
Trd, 4318776.793, 90
Trd, 4318777.293, 61
Trd, 4318778.093, 70
Trd, 4318778.293, 64
Trd, 4318780.143, 75
Trd, 4318780.343, 110
Trd, 4318780.393, 72
Trd, 4318780.593, 87
Trd, 4318781.843, 77
Trd, 4318783.793, 140
Trd, 4318784.243, 140
Trd, 4318784.543, 140
Trd, 4318785.243, 140
Trd, 4318786.343, 140
Trd, 4318786.843, 140
Trd, 4318786.893, 140
Trd, 4318787.243, 140
Trd, 4318787.293, 138
Trd, 4318788.493, 60
Trd, 4318791.893, 62
Trd, 4318792.093, 66
Trd, 4318792.393, 66
Trd, 4318793.093, 140
Trd, 4318793.793, 140
Trd, 4318794.193, 140
Trd, 4318794.493, 140
Trd, 4318794.943, 140
Trd, 4318795.343, 140
Trd, 4318796.493, 140
Trd, 4318796.893, 140
Trd, 4318797.743, 140
Trd, 4318798.843, 140
Trd, 4318800.393, 140
Trd, 4318800.443, 140
Trd, 4318800.993, 140
Trd, 4318801.193, 140
Trd, 4318802.643, 140
Trd, 4318803.093, 140
Trd, 4318804.443, 140
Trd, 4318804.643, 140
Trd, 4318805.743, 140
Trd, 4318805.943, 140
Trd, 4318807.343, 140
Trd, 4318807.443, 140
Trd, 4318808.293, 140
Trd, 4318808.493, 140
Trd, 4318809.793, 140
Trd, 4318810.793, 140
Trd, 4318811.143, 140
Trd, 4318811.693, 140
Trd, 4318813.043, 77
Trd, 4318813.293, 78
Trd, 4318813.443, 87
Trd, 4318813.543, 76
Trd, 4318815.493, 60
Trd, 4318817.093, 60
Trd, 4318817.243, 61
Trd, 4318819.193, 60
Trd, 4318819.493, 60
Trd, 4318820.193, 62
Trd, 4318820.343, 69
Trd, 4318820.493, 62
Trd, 4318820.843, 63
Trd, 4318821.293, 63
Trd, 4318821.543, 63
Trd, 4318822.493, 63
Trd, 4318822.693, 64
Trd, 4318823.393, 64
Trd, 4318828.443, 60
Trd, 4318828.943, 60
Trd, 4318829.693, 60
Trd, 4318830.193, 60
Trd, 4318831.143, 64
Trd, 4318831.443, 69
Trd, 4318831.543, 62
Trd, 4318832.243, 89
Trd, 4318833.043, 103
Trd, 4318833.243, 102
Trd, 4318833.643, 70
Trd, 4318836.343, 140
Trd, 4318836.593, 140
Trd, 4318836.743, 140
Trd, 4318837.743, 140
Trd, 4318838.093, 140
Trd, 4318838.193, 140
Trd, 4318839.443, 96
Trd, 4318840.243, 140
Trd, 4318840.493, 140
Trd, 4318841.193, 139
Trd, 4318841.693, 137
Trd, 4318842.893, 140
Trd, 4318843.143, 140
Trd, 4318843.243, 140
Trd, 4318845.143, 140
Trd, 4318845.593, 140
Trd, 4318846.143, 140
Trd, 4318847.793, 140
Trd, 4318848.193, 140
Trd, 4318848.293, 140
Trd, 4318848.543, 140
Trd, 4318849.593, 140
Trd, 4318850.743, 140
Trd, 4318851.443, 140
Trd, 4318852.593, 140
Trd, 4318852.993, 140
Trd, 4318853.293, 140
Trd, 4318853.593, 140
Trd, 4318853.843, 140
Trd, 4318855.143, 140
Trd, 4318856.143, 140
Trd, 4318857.293, 140
Trd, 4318857.593, 140
Trd, 4318859.243, 140
Trd, 4318861.443, 140
Trd, 4318862.243, 140
Trd, 4318862.793, 140
Trd, 4318863.193, 140
Trd, 4318863.743, 140
Trd, 4318863.943, 140
Trd, 4318864.893, 140
Trd, 4318866.693, 140
Trd, 4318866.743, 140
Trd, 4318867.293, 140
Trd, 4318867.743, 140
Trd, 4318868.293, 140
Trd, 4318869.593, 140
Trd, 4318869.643, 140
Trd, 4318870.443, 140
Trd, 4318871.393, 138
Trd, 4318872.543, 95
Trd, 4318873.593, 78
Trd, 4318874.993, 87
Trd, 4318875.143, 88
Trd, 4318876.443, 91
Trd, 4318876.943, 140
Trd, 4318877.543, 93
Trd, 4318877.843, 96
Trd, 4318878.893, 99
Trd, 4318878.943, 95
Trd, 4318879.493, 139
Trd, 4318879.543, 138
Trd, 4318880.893, 140
Trd, 4318881.843, 109
Trd, 4318882.293, 74
Trd, 4318883.693, 140
Trd, 4318884.143, 140
Trd, 4318885.743, 140
Trd, 4318886.193, 140
Trd, 4318886.743, 140
Trd, 4318887.143, 140
Trd, 4318887.893, 140
Trd, 4318888.093, 140
Trd, 4318888.843, 140
Trd, 4318888.943, 140
Trd, 4318891.843, 140
Trd, 4318892.093, 140
Trd, 4318892.593, 140
Trd, 4318893.293, 140
Trd, 4318893.343, 140
Trd, 4318894.343, 140
Trd, 4318894.543, 140
Trd, 4318894.643, 140
Trd, 4318897.143, 140
Trd, 4318897.243, 140
Trd, 4318899.043, 140
Trd, 4318899.493, 140
Trd, 4318900.493, 140
Trd, 4318900.543, 140
Trd, 4318900.743, 140
Trd, 4318902.093, 140
Trd, 4318903.143, 140
Trd, 4318903.343, 140
Trd, 4318903.443, 140
Trd, 4318904.593, 140
Trd, 4318906.693, 140
Trd, 4318908.343, 140
Trd, 4318908.893, 140
Trd, 4318909.193, 140
Trd, 4318910.243, 140
Trd, 4318910.793, 140
Trd, 4318911.393, 140
Trd, 4318911.543, 140
Trd, 4318911.843, 140
Trd, 4318912.393, 140
Trd, 4318914.443, 140
Trd, 4318915.343, 140
Trd, 4318915.393, 140
Trd, 4318916.293, 140
Trd, 4318918.293, 140
Trd, 4318918.793, 140
Trd, 4318919.043, 140
Trd, 4318919.643, 140
Trd, 4318919.893, 140
Trd, 4318921.143, 140
Trd, 4318921.993, 140
Trd, 4318923.193, 140
Trd, 4318923.293, 140
Trd, 4318923.493, 140
Trd, 4318923.693, 140
Trd, 4318925.893, 140
Trd, 4318926.943, 140
Trd, 4318927.393, 140
Trd, 4318927.993, 140
Trd, 4318928.543, 140
Trd, 4318928.693, 140
Trd, 4318929.543, 140
Trd, 4318929.593, 140
Trd, 4318931.393, 140
Trd, 4318931.943, 140
Trd, 4318932.043, 140
Trd, 4318933.593, 140
Trd, 4318934.143, 140
Trd, 4318934.543, 140
Trd, 4318936.043, 140
Trd, 4318936.143, 140
Trd, 4318936.743, 140
Trd, 4318937.793, 140
Trd, 4318939.293, 140
Trd, 4318939.843, 140
Trd, 4318939.993, 140
Trd, 4318940.043, 140
Trd, 4318940.243, 140
Trd, 4318942.193, 140
Trd, 4318942.343, 140
Trd, 4318944.193, 140
Trd, 4318945.343, 140
Trd, 4318945.493, 140
Trd, 4318946.343, 140
Trd, 4318947.443, 140
Trd, 4318948.893, 140
Trd, 4318949.793, 140
Trd, 4318949.943, 140
Trd, 4318950.693, 140
Trd, 4318950.943, 140
Trd, 4318952.243, 140
Trd, 4318952.393, 140
Trd, 4318952.793, 140
Trd, 4318954.143, 140
Trd, 4318954.193, 140
Trd, 4318954.393, 140
Trd, 4318955.543, 140
Trd, 4318955.993, 140
Trd, 4318958.543, 140
Trd, 4318959.943, 140
Trd, 4318960.093, 140
Trd, 4318961.043, 140
Trd, 4318961.893, 140
Trd, 4318962.493, 140
Trd, 4318963.393, 140
Trd, 4318964.343, 140
Trd, 4318965.343, 140
Trd, 4318966.893, 140
Trd, 4318966.943, 140
Trd, 4318968.143, 140
Trd, 4318968.743, 140
Trd, 4318969.093, 140
Trd, 4318969.593, 140
Trd, 4318969.993, 140
Trd, 4318970.843, 140
Trd, 4318971.443, 140
Trd, 4318971.743, 140
Trd, 4318971.843, 140
Trd, 4318974.143, 140
Trd, 4318974.743, 140
Trd, 4318974.893, 140
Trd, 4318975.993, 140
Trd, 4318976.293, 140
Trd, 4318976.893, 140
Trd, 4318977.043, 140
Trd, 4318977.393, 140
Trd, 4318977.543, 140
Trd, 4318978.693, 140
Trd, 4318978.943, 140
Trd, 4318980.393, 140
Trd, 4318981.143, 140
Trd, 4318981.693, 140
Trd, 4318982.093, 140
Trd, 4318983.243, 140
Trd, 4318984.593, 140
Trd, 4318985.293, 140
Trd, 4318985.793, 140
Trd, 4318986.393, 140
Trd, 4318986.843, 140
Trd, 4318987.143, 140
Trd, 4318988.093, 140
Trd, 4318989.043, 140
Trd, 4318989.193, 140
Trd, 4318990.543, 140
Trd, 4318990.943, 140
Trd, 4318991.343, 140
Trd, 4318991.443, 76
Trd, 4318992.343, 60
Trd, 4318993.593, 82
Trd, 4318994.943, 61
Trd, 4318995.293, 64
Trd, 4318995.543, 65
Trd, 4318995.843, 68
Trd, 4318996.543, 70
Trd, 4318997.343, 72
Trd, 4318998.043, 74
Trd, 4318999.693, 82
Trd, 4319000.143, 138
Trd, 4319000.943, 132
Trd, 4319001.093, 85
Trd, 4319001.343, 84
Trd, 4319001.643, 84
Trd, 4319002.993, 140
Trd, 4319003.443, 140
Trd, 4319004.793, 140
Trd, 4319005.493, 140
Trd, 4319005.743, 140
Trd, 4319006.193, 140
Trd, 4319006.693, 140
Trd, 4319008.993, 140
Trd, 4319009.393, 140
Trd, 4319009.893, 140
Trd, 4319010.393, 140
Trd, 4319010.743, 140
Trd, 4319012.093, 140
Trd, 4319012.843, 140
Trd, 4319013.093, 140
Trd, 4319013.193, 139
Trd, 4319014.193, 139
Trd, 4319015.393, 78
Trd, 4319015.843, 74
Trd, 4319016.293, 74
Trd, 4319017.143, 78
Trd, 4319017.393, 77
Trd, 4319018.993, 102
Trd, 4319019.093, 101
Trd, 4319019.543, 98
Trd, 4319020.343, 61
Trd, 4319021.943, 60
Trd, 4319022.693, 60
Trd, 4319026.093, 60
Trd, 4319026.143, 60
Trd, 4319026.343, 60
Trd, 4319026.643, 60
Trd, 4319027.043, 61
Trd, 4319028.343, 62
Trd, 4319028.493, 63
Trd, 4319029.143, 62
Trd, 4319029.743, 116
Trd, 4319029.893, 116
Trd, 4319030.243, 62
Trd, 4319032.143, 60
Trd, 4319032.593, 60
Trd, 4319032.893, 65
Trd, 4319034.193, 68
Trd, 4319034.493, 69
Trd, 4319035.093, 73
Trd, 4319036.193, 140
Trd, 4319036.693, 140
Trd, 4319036.793, 140
Trd, 4319038.093, 140
Trd, 4319038.693, 140
Trd, 4319038.893, 140
Trd, 4319039.943, 64
Trd, 4319042.543, 140
Trd, 4319043.643, 140
Trd, 4319043.793, 140
Trd, 4319044.043, 140
Trd, 4319044.193, 140
Trd, 4319045.493, 140
Trd, 4319045.943, 140
Trd, 4319047.293, 140
Trd, 4319048.393, 140
Trd, 4319048.693, 140
Trd, 4319049.043, 140
Trd, 4319049.943, 140
Trd, 4319050.143, 140
Trd, 4319050.593, 140
Trd, 4319051.843, 140
Trd, 4319052.193, 140
Trd, 4319053.693, 140
Trd, 4319055.043, 140
Trd, 4319055.743, 140
Trd, 4319056.093, 140
Trd, 4319056.193, 140
Trd, 4319056.993, 140
Trd, 4319057.943, 140
Trd, 4319058.393, 140
Trd, 4319058.893, 140
Trd, 4319058.943, 140
Trd, 4319060.343, 140
Trd, 4319060.943, 140
Trd, 4319061.243, 140
Trd, 4319062.393, 140
Trd, 4319063.393, 140
Trd, 4319064.243, 140
Trd, 4319065.043, 140
Trd, 4319066.443, 140
Trd, 4319066.643, 140
Trd, 4319066.693, 140
Trd, 4319066.943, 140
Trd, 4319067.843, 140
Trd, 4319068.093, 140
Trd, 4319068.293, 140
Trd, 4319070.543, 140
Trd, 4319070.593, 140
Trd, 4319071.543, 140
Trd, 4319072.393, 140
Trd, 4319072.493, 140
Trd, 4319073.843, 140
Trd, 4319074.193, 140
Trd, 4319074.393, 140
Trd, 4319074.943, 140
Trd, 4319077.093, 140
Trd, 4319077.143, 139
Trd, 4319077.293, 138
Trd, 4319077.743, 84
Trd, 4319078.093, 84
Trd, 4319078.993, 140
Trd, 4319079.093, 140
Trd, 4319079.993, 140
Trd, 4319080.243, 140
Trd, 4319082.343, 140
Trd, 4319082.443, 140
Trd, 4319084.643, 140
Trd, 4319085.093, 140
Trd, 4319086.243, 140
Trd, 4319086.393, 140
Trd, 4319086.493, 140
Trd, 4319089.393, 140
Trd, 4319090.243, 140
Trd, 4319090.343, 140
Trd, 4319090.843, 140
Trd, 4319091.243, 140
Trd, 4319091.943, 140
Trd, 4319093.193, 140
Trd, 4319094.343, 140
Trd, 4319094.393, 140
Trd, 4319095.593, 140
Trd, 4319095.643, 140
Trd, 4319095.843, 139
Trd, 4319097.743, 105
Trd, 4319098.293, 139
Trd, 4319098.843, 140
Trd, 4319099.093, 140
Trd, 4319100.843, 140
Trd, 4319102.093, 140
Trd, 4319102.143, 140
Trd, 4319102.843, 140
Trd, 4319103.743, 140
Trd, 4319104.393, 140
Trd, 4319105.143, 140
Trd, 4319105.993, 140
Trd, 4319106.043, 140
Trd, 4319106.393, 140
Trd, 4319107.093, 140
Trd, 4319107.393, 139
Trd, 4319107.543, 139
Trd, 4319109.643, 61
Trd, 4319110.193, 64
Trd, 4319111.193, 69
Trd, 4319113.143, 64
Trd, 4319113.243, 65
Trd, 4319114.093, 87
Trd, 4319114.243, 85
Trd, 4319114.743, 94
Trd, 4319114.893, 85
Trd, 4319115.693, 103
Trd, 4319117.843, 140
Trd, 4319118.193, 140
Trd, 4319118.293, 140
Trd, 4319118.893, 140
Trd, 4319121.493, 140
Trd, 4319122.443, 140
Trd, 4319122.543, 140
Trd, 4319122.593, 140
Trd, 4319123.693, 140
Trd, 4319123.843, 140
Trd, 4319124.543, 140
Trd, 4319125.093, 140
Trd, 4319125.243, 140
Trd, 4319126.043, 140
Trd, 4319127.443, 64
Trd, 4319128.993, 61
Trd, 4319129.393, 60
Trd, 4319129.843, 61
Trd, 4319130.193, 61
Trd, 4319130.793, 61
Trd, 4319131.143, 63
Trd, 4319132.993, 62
Trd, 4319136.193, 60
Trd, 4319137.393, 62
Trd, 4319137.843, 60
Trd, 4319138.043, 67
Trd, 4319138.393, 68
Trd, 4319138.843, 70
Trd, 4319139.143, 72
Trd, 4319139.593, 72
Trd, 4319140.243, 75
Trd, 4319140.643, 73
Trd, 4319141.243, 140
Trd, 4319142.243, 94
Trd, 4319142.593, 91
Trd, 4319143.943, 72
Trd, 4319145.193, 140
Trd, 4319145.893, 140
Trd, 4319146.093, 140
Trd, 4319146.143, 139
Trd, 4319148.743, 90
Trd, 4319148.843, 90
Trd, 4319148.993, 140
Trd, 4319150.493, 93
Trd, 4319150.793, 92
Trd, 4319151.543, 136
Trd, 4319152.443, 139
Trd, 4319153.593, 140
Trd, 4319153.893, 140
Trd, 4319154.143, 140
Trd, 4319154.743, 140
Trd, 4319155.643, 140
Trd, 4319157.593, 140
Trd, 4319157.943, 140
Trd, 4319159.193, 140
Trd, 4319159.343, 140
Trd, 4319160.843, 140
Trd, 4319161.343, 140
Trd, 4319161.393, 140
Trd, 4319162.393, 140
Trd, 4319164.093, 140
Trd, 4319164.643, 140
Trd, 4319165.193, 140
Trd, 4319165.593, 140
Trd, 4319166.543, 140
Trd, 4319166.593, 140
Trd, 4319168.343, 140
Trd, 4319168.693, 140
Trd, 4319169.093, 140
Trd, 4319169.443, 140
Trd, 4319170.293, 140
Trd, 4319170.793, 140
Trd, 4319171.943, 140
Trd, 4319171.993, 140
Trd, 4319172.443, 140
Trd, 4319172.843, 140
Trd, 4319172.943, 139
Trd, 4319173.593, 139
Trd, 4319174.343, 140
Trd, 4319174.443, 140
Trd, 4319175.243, 109
Trd, 4319177.243, 60
Trd, 4319177.293, 62
Trd, 4319177.443, 69
Trd, 4319181.643, 60
Trd, 4319181.743, 61
Trd, 4319182.093, 60
Trd, 4319182.193, 61
Trd, 4319182.343, 62
Trd, 4319184.343, 62
Trd, 4319184.843, 61
Trd, 4319185.693, 64
Trd, 4319186.543, 98
Trd, 4319186.843, 69
Trd, 4319187.293, 71
Trd, 4319188.643, 140
Trd, 4319188.893, 79
Trd, 4319189.143, 78
Trd, 4319189.893, 82
Trd, 4319189.993, 81
Trd, 4319190.643, 140
Trd, 4319191.243, 140
Trd, 4319191.893, 140
Trd, 4319193.193, 140
Trd, 4319193.543, 140
Trd, 4319195.793, 140
Trd, 4319195.893, 140
Trd, 4319195.943, 140
Trd, 4319197.243, 140
Trd, 4319198.143, 140
Trd, 4319199.443, 140
Trd, 4319200.093, 140
Trd, 4319200.143, 140
Trd, 4319200.743, 140
Trd, 4319200.943, 140
Trd, 4319201.243, 140
Trd, 4319202.043, 140
Trd, 4319202.743, 139
Trd, 4319203.293, 140
Trd, 4319203.793, 140
Trd, 4319204.843, 140
Trd, 4319205.943, 140
Trd, 4319207.293, 140
Trd, 4319207.343, 140
Trd, 4319207.593, 140
Trd, 4319208.093, 140
Trd, 4319208.943, 140
Trd, 4319210.443, 140
Trd, 4319213.093, 140
Trd, 4319213.193, 140
Trd, 4319213.743, 140
Trd, 4319214.043, 140
Trd, 4319214.943, 140
Trd, 4319215.843, 140
Trd, 4319215.993, 140
Trd, 4319216.443, 140
Trd, 4319216.893, 140
Trd, 4319217.543, 140
Trd, 4319218.893, 140
Trd, 4319220.693, 140
Trd, 4319220.993, 140
Trd, 4319221.693, 140
Trd, 4319221.843, 140
Trd, 4319222.643, 140
Trd, 4319224.293, 140
Trd, 4319224.643, 140
Trd, 4319225.043, 140
Trd, 4319225.543, 140
Trd, 4319225.743, 140
Trd, 4319226.543, 140
Trd, 4319226.993, 140
Trd, 4319227.243, 140
Trd, 4319227.893, 140
Trd, 4319228.343, 140
Trd, 4319229.593, 140
Trd, 4319229.843, 140
Trd, 4319230.343, 140
Trd, 4319230.443, 140
Trd, 4319231.093, 140
Trd, 4319232.243, 73
Trd, 4319234.393, 140
Trd, 4319234.843, 140
Trd, 4319234.943, 140
Trd, 4319235.493, 140
Trd, 4319235.843, 140
Trd, 4319237.893, 140
Trd, 4319238.443, 140
Trd, 4319238.943, 140
Trd, 4319239.693, 139
Trd, 4319239.743, 138
Trd, 4319240.343, 100
Trd, 4319240.993, 101
Trd, 4319241.293, 103
Trd, 4319242.143, 140
Trd, 4319242.193, 140
Trd, 4319244.543, 140
Trd, 4319245.293, 140
Trd, 4319245.643, 140
Trd, 4319246.743, 140
Trd, 4319248.193, 140
Trd, 4319248.893, 140
Trd, 4319249.793, 140
Trd, 4319250.093, 140
Trd, 4319250.743, 140
Trd, 4319251.193, 140
Trd, 4319251.543, 140
Trd, 4319251.893, 140
Trd, 4319253.693, 140
Trd, 4319254.093, 140
Trd, 4319254.593, 140
Trd, 4319255.243, 140
Trd, 4319256.543, 140
Trd, 4319256.893, 81
Trd, 4319257.693, 74
Trd, 4319258.243, 140
Trd, 4319258.693, 110
Trd, 4319258.893, 75
Trd, 4319260.093, 72
Trd, 4319260.993, 110
Trd, 4319261.093, 72
Trd, 4319262.643, 63
Trd, 4319263.793, 60
Trd, 4319265.893, 61
Trd, 4319267.093, 60
Trd, 4319267.543, 61
Trd, 4319267.693, 62
Trd, 4319268.543, 65
Trd, 4319268.793, 68
Trd, 4319269.093, 63
Trd, 4319269.543, 61
Trd, 4319271.943, 60
Trd, 4319272.993, 61
Trd, 4319273.043, 64
Trd, 4319274.843, 60
Trd, 4319274.993, 61
Trd, 4319275.193, 63
Trd, 4319275.643, 60
Trd, 4319275.843, 60
Trd, 4319276.543, 66
Trd, 4319276.943, 65
Trd, 4319277.593, 66
Trd, 4319278.443, 138
Trd, 4319278.593, 64
Trd, 4319280.293, 140
Trd, 4319280.493, 139
Trd, 4319280.693, 138
Trd, 4319281.793, 83
Trd, 4319281.893, 82
Trd, 4319283.693, 140
Trd, 4319284.693, 140
Trd, 4319284.993, 140
Trd, 4319285.293, 140
Trd, 4319285.493, 140
Trd, 4319286.143, 140
Trd, 4319287.143, 140
Trd, 4319287.193, 140
Trd, 4319287.743, 140
Trd, 4319288.893, 140
Trd, 4319289.243, 140
Trd, 4319290.993, 140
Trd, 4319291.243, 140
Trd, 4319293.193, 140
Trd, 4319293.643, 140
Trd, 4319293.993, 140
Trd, 4319294.643, 140
Trd, 4319295.993, 140
Trd, 4319296.143, 140
Trd, 4319296.593, 140
Trd, 4319296.743, 140
Trd, 4319297.943, 140
Trd, 4319299.243, 140
Trd, 4319299.793, 140
Trd, 4319301.543, 140
Trd, 4319302.193, 140
Trd, 4319302.743, 140
Trd, 4319303.593, 140
Trd, 4319303.843, 140
Trd, 4319304.243, 140
Trd, 4319305.193, 140
Trd, 4319305.693, 140
Trd, 4319307.593, 140
Trd, 4319307.743, 140
Trd, 4319308.593, 140
Trd, 4319309.343, 140
Trd, 4319310.043, 140
Trd, 4319310.343, 140
Trd, 4319310.843, 140
Trd, 4319311.043, 140
Trd, 4319312.643, 140
Trd, 4319313.293, 140
Trd, 4319314.093, 140
Trd, 4319314.143, 140
Trd, 4319314.643, 140
Trd, 4319315.593, 140
Trd, 4319315.693, 140
Trd, 4319317.943, 140
Trd, 4319318.143, 140
Trd, 4319318.243, 140
Trd, 4319319.343, 140
Trd, 4319319.643, 140
Trd, 4319320.393, 140
Trd, 4319321.143, 140
Trd, 4319322.943, 117
Trd, 4319323.393, 117
Trd, 4319323.443, 116
Trd, 4319323.493, 94
Trd, 4319325.093, 140
Trd, 4319325.693, 140
Trd, 4319327.793, 140
Trd, 4319328.093, 140
Trd, 4319328.343, 140
Trd, 4319328.543, 140
Trd, 4319329.493, 140
Trd, 4319331.243, 140
Trd, 4319331.643, 140
Trd, 4319332.443, 140
Trd, 4319332.893, 140
Trd, 4319334.143, 140
Trd, 4319335.543, 140
Trd, 4319335.593, 140
Trd, 4319335.943, 140
Trd, 4319336.243, 140
Trd, 4319337.093, 138
Trd, 4319338.193, 68
Trd, 4319340.493, 90
Trd, 4319341.443, 66
Trd, 4319341.843, 67
Trd, 4319342.693, 72
Trd, 4319342.743, 70
Trd, 4319343.093, 69
Trd, 4319343.393, 94
Trd, 4319343.793, 68
Trd, 4319345.743, 77
Trd, 4319346.343, 137
Trd, 4319346.893, 137
Trd, 4319347.243, 136
Trd, 4319347.343, 75
Trd, 4319348.543, 64
Trd, 4319349.443, 140
Trd, 4319349.893, 140
Trd, 4319350.693, 140
Trd, 4319351.493, 140
Trd, 4319351.993, 140
Trd, 4319352.593, 140
Trd, 4319353.793, 140
Trd, 4319353.943, 140
Trd, 4319355.543, 140
Trd, 4319356.393, 140
Trd, 4319356.843, 140
Trd, 4319358.293, 140
Trd, 4319358.443, 140
Trd, 4319360.143, 140
Trd, 4319361.243, 140
Trd, 4319361.893, 140
Trd, 4319362.093, 140
Trd, 4319362.443, 140
Trd, 4319364.143, 140
Trd, 4319365.043, 140
Trd, 4319365.243, 139
Trd, 4319366.443, 140
Trd, 4319366.593, 140
Trd, 4319366.743, 140
Trd, 4319367.843, 140
Trd, 4319368.043, 140
Trd, 4319369.043, 136
Trd, 4319369.293, 62
Trd, 4319369.793, 63
Trd, 4319370.993, 60
Trd, 4319372.343, 60
Trd, 4319374.943, 61
Trd, 4319375.393, 60
Trd, 4319377.043, 95
Trd, 4319377.143, 92
Trd, 4319377.293, 91
Trd, 4319377.343, 90
Trd, 4319377.443, 89
Trd, 4319377.843, 90
Trd, 4319378.293, 85
Trd, 4319378.993, 87
Trd, 4319379.143, 86
Trd, 4319380.043, 90
Trd, 4319380.393, 130
Trd, 4319382.693, 140
Trd, 4319382.943, 140
Trd, 4319383.393, 140
Trd, 4319383.893, 140
Trd, 4319384.693, 140
Trd, 4319384.843, 140
Trd, 4319385.843, 140
Trd, 4319386.093, 140
Trd, 4319386.143, 139
Trd, 4319387.243, 101
Trd, 4319387.993, 109
Trd, 4319389.143, 113
Trd, 4319390.043, 114
Trd, 4319392.293, 140
Trd, 4319393.093, 140
Trd, 4319393.243, 140
Trd, 4319394.193, 140
Trd, 4319394.693, 140
Trd, 4319394.743, 140
Trd, 4319395.993, 140
Trd, 4319396.043, 140
Trd, 4319397.443, 140
Trd, 4319397.943, 140
Trd, 4319398.943, 140
Trd, 4319399.593, 140
Trd, 4319399.943, 140
Trd, 4319400.043, 75
Trd, 4319402.943, 60
Trd, 4319403.893, 65
Trd, 4319404.693, 60
Trd, 4319404.993, 61
Trd, 4319405.943, 61
Trd, 4319406.743, 100
Trd, 4319407.043, 61
Trd, 4319407.193, 60
Trd, 4319407.993, 63
Trd, 4319409.393, 74
Trd, 4319409.593, 73
Trd, 4319411.043, 140
Trd, 4319412.093, 140
Trd, 4319412.143, 140
Trd, 4319412.693, 140
Trd, 4319413.743, 140
Trd, 4319413.843, 140
Trd, 4319413.893, 140
Trd, 4319414.093, 140
Trd, 4319415.743, 140
Trd, 4319416.593, 140
Trd, 4319416.843, 140
Trd, 4319417.593, 140
Trd, 4319419.193, 140
Trd, 4319419.843, 140
Trd, 4319420.743, 140
Trd, 4319420.843, 140
Trd, 4319421.993, 140
Trd, 4319422.093, 140
Trd, 4319422.543, 135
Trd, 4319422.593, 134
Trd, 4319423.493, 68
Trd, 4319425.193, 103
Trd, 4319428.893, 61
Trd, 4319429.693, 63
Trd, 4319429.893, 64
Trd, 4319429.993, 64
Trd, 4319430.393, 64
Trd, 4319430.643, 66
Trd, 4319432.893, 81
Trd, 4319433.243, 86
Trd, 4319433.493, 79
Trd, 4319435.193, 112
Trd, 4319435.243, 110
Trd, 4319436.143, 87
Trd, 4319436.243, 86
Trd, 4319437.343, 126
Trd, 4319437.743, 86
Trd, 4319439.843, 60
Trd, 4319441.043, 61
Trd, 4319441.343, 66
Trd, 4319442.693, 62
Trd, 4319442.993, 63
Trd, 4319443.143, 62
Trd, 4319443.593, 65
Trd, 4319443.743, 67
Trd, 4319445.543, 75
Trd, 4319446.443, 71
Trd, 4319447.343, 140
Trd, 4319447.443, 140
Trd, 4319448.993, 140
Trd, 4319449.993, 140
Trd, 4319450.593, 140
Trd, 4319451.443, 140
Trd, 4319451.843, 140
Trd, 4319452.893, 140
Trd, 4319453.193, 140
Trd, 4319453.843, 140
Trd, 4319454.193, 140
Trd, 4319454.993, 140
Trd, 4319455.943, 140
Trd, 4319456.093, 140
Trd, 4319456.793, 134
Trd, 4319457.493, 140
Trd, 4319458.043, 68
Trd, 4319458.193, 66
Trd, 4319458.943, 139
Trd, 4319458.993, 138
Trd, 4319459.193, 65
Trd, 4319461.193, 140
Trd, 4319462.743, 82
Trd, 4319463.693, 85
Trd, 4319463.943, 84
Trd, 4319465.043, 87
Trd, 4319465.293, 102
Trd, 4319465.493, 90
Trd, 4319466.143, 80
Trd, 4319467.243, 83
Trd, 4319467.343, 82
Trd, 4319467.543, 134
Trd, 4319468.643, 85
Trd, 4319470.193, 61
Trd, 4319471.393, 62
Trd, 4319472.243, 63
Trd, 4319474.193, 60
Trd, 4319474.693, 61
Trd, 4319474.943, 62
Trd, 4319474.993, 61
Trd, 4319475.493, 62
Trd, 4319475.993, 62
Trd, 4319476.093, 67
Trd, 4319476.343, 101
Trd, 4319477.343, 65
Trd, 4319477.743, 63
Trd, 4319478.893, 63
Trd, 4319479.293, 63
Trd, 4319479.543, 67
Trd, 4319480.443, 66
Trd, 4319485.343, 60
Trd, 4319485.993, 60
Trd, 4319486.543, 60
Trd, 4319486.843, 60
Trd, 4319487.343, 62
Trd, 4319487.843, 61
Trd, 4319488.193, 62
Trd, 4319488.743, 64
Trd, 4319489.593, 140
Trd, 4319490.693, 71
Trd, 4319492.243, 138
Trd, 4319492.693, 75
Trd, 4319492.993, 71
Trd, 4319494.943, 61
Trd, 4319495.593, 62
Trd, 4319496.243, 122
Trd, 4319497.693, 140
Trd, 4319497.743, 140
Trd, 4319498.143, 140
Trd, 4319498.693, 140
Trd, 4319499.093, 140
Trd, 4319502.493, 140
Trd, 4319503.543, 140
Trd, 4319503.943, 140
Trd, 4319504.393, 140
Trd, 4319504.943, 140
Trd, 4319505.293, 140
Trd, 4319505.893, 140
Trd, 4319507.043, 140
Trd, 4319507.343, 140
Trd, 4319507.543, 140
Trd, 4319508.643, 140
Trd, 4319509.893, 140
Trd, 4319510.693, 140
Trd, 4319511.693, 140
Trd, 4319512.243, 140
Trd, 4319512.843, 140
Trd, 4319513.143, 140
Trd, 4319513.293, 140
Trd, 4319514.393, 140
Trd, 4319515.043, 140
Trd, 4319515.893, 140
Trd, 4319516.643, 140
Trd, 4319517.343, 140
Trd, 4319518.693, 140
Trd, 4319519.743, 140
Trd, 4319519.893, 140
Trd, 4319520.243, 140
Trd, 4319520.843, 140
Trd, 4319521.143, 140
Trd, 4319521.343, 140
Trd, 4319524.093, 140
Trd, 4319524.293, 140
Trd, 4319526.043, 140
Trd, 4319526.243, 140
Trd, 4319527.143, 140
Trd, 4319527.393, 140
Trd, 4319527.543, 140
Trd, 4319529.643, 140
Trd, 4319530.593, 140
Trd, 4319531.693, 140
Trd, 4319532.793, 140
Trd, 4319532.943, 140
Trd, 4319533.993, 140
Trd, 4319534.943, 140
Trd, 4319535.393, 140
Trd, 4319536.143, 140
Trd, 4319536.293, 140
Trd, 4319536.893, 140
Trd, 4319537.343, 140
Trd, 4319537.693, 140
Trd, 4319539.343, 140
Trd, 4319539.593, 140
Trd, 4319539.893, 140
Trd, 4319541.143, 140
Trd, 4319541.693, 140
Trd, 4319541.843, 140
Trd, 4319542.443, 140
Trd, 4319542.693, 140
Trd, 4319542.793, 140
Trd, 4319542.893, 76
Trd, 4319544.143, 140
Trd, 4319545.793, 140
Trd, 4319545.893, 140
Trd, 4319546.743, 140
Trd, 4319547.243, 140
Trd, 4319548.643, 140
Trd, 4319549.893, 140
Trd, 4319551.593, 140
Trd, 4319551.643, 140
Trd, 4319552.743, 140
Trd, 4319553.043, 140
Trd, 4319554.743, 140
Trd, 4319555.543, 140
Trd, 4319555.993, 140
Trd, 4319557.293, 140
Trd, 4319557.543, 140
Trd, 4319558.393, 140
Trd, 4319559.443, 140
Trd, 4319560.093, 140
Trd, 4319560.143, 140
Trd, 4319560.343, 140
Trd, 4319560.893, 140
Trd, 4319561.893, 139
Trd, 4319562.043, 139
Trd, 4319563.793, 118
Trd, 4319564.943, 138
Trd, 4319565.643, 140
Trd, 4319566.243, 140
Trd, 4319566.893, 140
Trd, 4319569.243, 140
Trd, 4319569.493, 140
Trd, 4319570.693, 140
Trd, 4319571.193, 140
Trd, 4319571.293, 140
Trd, 4319571.843, 140
Trd, 4319571.993, 140
Trd, 4319573.093, 140
Trd, 4319573.343, 140
Trd, 4319573.993, 140
Trd, 4319574.493, 140
Trd, 4319574.693, 140
Trd, 4319576.043, 140
Trd, 4319576.743, 140
Trd, 4319577.543, 140
Trd, 4319579.143, 140
Trd, 4319579.743, 140
Trd, 4319580.793, 140
Trd, 4319580.843, 140
Trd, 4319581.943, 140
Trd, 4319582.393, 140
Trd, 4319582.643, 140
Trd, 4319582.843, 139
Trd, 4319584.193, 140
Trd, 4319585.243, 140
Trd, 4319585.343, 139
Trd, 4319587.243, 140
Trd, 4319587.793, 140
Trd, 4319588.293, 140
Trd, 4319588.493, 140
Trd, 4319588.593, 139
Trd, 4319589.493, 62
Trd, 4319591.193, 69
Trd, 4319591.943, 80
Trd, 4319592.443, 81
Trd, 4319592.493, 76
Trd, 4319593.393, 118
Trd, 4319593.643, 117
Trd, 4319595.043, 140
Trd, 4319595.593, 139
Trd, 4319596.093, 127
Trd, 4319597.393, 131
Trd, 4319598.643, 138
Trd, 4319598.993, 140
Trd, 4319599.293, 140
Trd, 4319599.543, 139
Trd, 4319600.093, 135
Trd, 4319600.843, 137
Trd, 4319600.893, 136
Trd, 4319602.143, 140
Trd, 4319604.693, 140
Trd, 4319605.743, 140
Trd, 4319606.593, 140
Trd, 4319606.893, 140
Trd, 4319607.243, 140
Trd, 4319607.293, 140
Trd, 4319607.693, 140
Trd, 4319608.743, 140
Trd, 4319609.093, 140
Trd, 4319610.443, 140
Trd, 4319610.543, 140
Trd, 4319612.493, 140
Trd, 4319612.993, 140
Trd, 4319613.493, 140
Trd, 4319613.843, 140
Trd, 4319614.343, 140
Trd, 4319614.743, 140
Trd, 4319615.793, 140
Trd, 4319615.993, 140
Trd, 4319616.143, 140
Trd, 4319618.093, 140
Trd, 4319618.943, 140
Trd, 4319619.493, 140
Trd, 4319620.743, 140
Trd, 4319621.793, 140
Trd, 4319622.693, 140
Trd, 4319623.243, 140
Trd, 4319623.743, 140
Trd, 4319624.143, 140
Trd, 4319624.943, 140
Trd, 4319625.943, 140
Trd, 4319626.293, 140
Trd, 4319627.293, 140
Trd, 4319627.393, 140
Trd, 4319628.593, 140
Trd, 4319628.693, 140
Trd, 4319628.793, 140
Trd, 4319629.593, 139
Trd, 4319630.443, 140
Trd, 4319631.143, 140
Trd, 4319631.343, 140
Trd, 4319631.393, 138
Trd, 4319633.743, 140
Trd, 4319635.693, 140
Trd, 4319636.143, 140
Trd, 4319636.443, 140
Trd, 4319636.993, 140
Trd, 4319637.243, 140
Trd, 4319637.493, 94
Trd, 4319638.043, 95
Trd, 4319639.243, 116
Trd, 4319639.943, 140
Trd, 4319640.893, 119
Trd, 4319641.493, 120
Trd, 4319642.193, 72
Trd, 4319642.643, 140
Trd, 4319643.793, 60
Trd, 4319646.143, 61
Trd, 4319648.793, 60
Trd, 4319648.893, 60
Trd, 4319649.043, 61
Trd, 4319649.293, 66
Trd, 4319649.343, 69
Trd, 4319650.743, 103
Trd, 4319651.493, 105
Trd, 4319651.593, 101
Trd, 4319651.643, 100
Trd, 4319652.293, 65
Trd, 4319655.293, 60
Trd, 4319657.693, 60
Trd, 4319657.993, 60
Trd, 4319658.193, 61
Trd, 4319658.443, 61
Trd, 4319658.493, 60
Trd, 4319658.943, 60
Trd, 4319659.943, 69
Trd, 4319660.193, 98
Trd, 4319660.293, 67
Trd, 4319660.593, 70
Trd, 4319660.843, 64
Trd, 4319663.643, 62
Trd, 4319663.943, 63
Trd, 4319664.793, 61
Trd, 4319664.843, 62
Trd, 4319666.143, 140
Trd, 4319666.243, 140
Trd, 4319666.643, 140
Trd, 4319667.193, 140
Trd, 4319668.143, 140
Trd, 4319668.843, 140
Trd, 4319668.993, 140
Trd, 4319671.393, 140
Trd, 4319671.493, 140
Trd, 4319671.793, 140
Trd, 4319673.593, 140
Trd, 4319673.893, 140
Trd, 4319673.993, 140
Trd, 4319674.843, 140
Trd, 4319675.143, 140
Trd, 4319675.593, 67
Trd, 4319677.143, 140
Trd, 4319677.543, 140
Trd, 4319678.143, 100
Trd, 4319678.893, 64
Trd, 4319679.593, 65
Trd, 4319680.293, 79
Trd, 4319680.943, 79
Trd, 4319682.893, 140
Trd, 4319684.143, 140
Trd, 4319684.443, 140
Trd, 4319685.943, 140
Trd, 4319685.993, 140
Trd, 4319686.543, 140
Trd, 4319686.643, 140
Trd, 4319687.643, 110
Trd, 4319688.693, 60
Trd, 4319688.743, 60
Trd, 4319690.443, 94
Trd, 4319690.743, 60
Trd, 4319693.393, 69
Trd, 4319694.293, 74
Trd, 4319694.343, 71
Trd, 4319694.443, 121
Trd, 4319694.543, 69
Trd, 4319694.993, 140
Trd, 4319695.993, 140
Trd, 4319696.493, 140
Trd, 4319696.543, 140
Trd, 4319696.593, 138
Trd, 4319697.743, 99
Trd, 4319698.143, 120
Trd, 4319698.793, 98
Trd, 4319699.643, 97
Trd, 4319699.743, 96
Trd, 4319700.143, 96
Trd, 4319700.593, 120
Trd, 4319702.593, 119
Trd, 4319702.643, 118
Trd, 4319702.743, 117
Trd, 4319702.793, 115
Trd, 4319707.143, 140
Trd, 4319707.193, 140
Trd, 4319707.393, 140
Trd, 4319707.893, 140
Trd, 4319708.543, 140
Trd, 4319708.593, 140
Trd, 4319709.893, 140
Trd, 4319710.843, 140
Trd, 4319711.243, 140
Trd, 4319711.593, 139
Trd, 4319711.793, 104
Trd, 4319712.843, 62
Trd, 4319713.693, 60
Trd, 4319715.093, 60
Trd, 4319716.543, 60
Trd, 4319716.693, 61
Trd, 4319717.893, 139
Trd, 4319718.793, 140
Trd, 4319718.993, 140
Trd, 4319720.543, 140
Trd, 4319720.843, 140
Trd, 4319721.143, 140
Trd, 4319722.493, 140
Trd, 4319722.793, 140
Trd, 4319723.243, 140
Trd, 4319724.043, 140
Trd, 4319724.193, 140
Trd, 4319724.743, 140
Trd, 4319725.343, 140
Trd, 4319725.743, 140
Trd, 4319726.293, 140
Trd, 4319728.193, 140
Trd, 4319728.343, 139
Trd, 4319728.543, 139
Trd, 4319728.593, 138
Trd, 4319728.843, 77
Trd, 4319729.743, 60
Trd, 4319730.993, 140
Trd, 4319731.943, 140
Trd, 4319732.593, 140
Trd, 4319733.293, 140
Trd, 4319733.993, 140
Trd, 4319735.243, 140
Trd, 4319736.343, 140
Trd, 4319736.443, 140
Trd, 4319736.543, 140
Trd, 4319737.043, 140
Trd, 4319737.743, 140
Trd, 4319739.093, 140
Trd, 4319739.443, 140
Trd, 4319741.043, 140
Trd, 4319743.043, 140
Trd, 4319743.693, 140
Trd, 4319743.893, 140
Trd, 4319744.393, 140
Trd, 4319745.543, 140
Trd, 4319746.243, 140
Trd, 4319746.493, 140
Trd, 4319746.843, 140
Trd, 4319746.893, 140
Trd, 4319747.143, 140
Trd, 4319749.093, 140
Trd, 4319749.643, 140
Trd, 4319750.893, 140
Trd, 4319752.393, 140
Trd, 4319752.793, 140
Trd, 4319752.993, 140
Trd, 4319753.943, 140
Trd, 4319754.943, 140
Trd, 4319755.043, 140
Trd, 4319755.793, 140
Trd, 4319756.693, 140
Trd, 4319757.993, 140
Trd, 4319758.043, 140
Trd, 4319758.193, 140
Trd, 4319758.793, 140
Trd, 4319760.643, 140
Trd, 4319761.093, 140
Trd, 4319761.443, 140
Trd, 4319762.643, 140
Trd, 4319763.543, 140
Trd, 4319763.693, 140
Trd, 4319764.443, 140
Trd, 4319764.543, 139
Trd, 4319764.843, 140
Trd, 4319764.893, 138
Trd, 4319766.593, 65
Trd, 4319767.993, 61
Trd, 4319769.193, 61
Trd, 4319770.043, 61
Trd, 4319772.593, 60
Trd, 4319772.793, 60
Trd, 4319773.243, 60
Trd, 4319773.643, 61
Trd, 4319773.793, 62
Trd, 4319774.093, 60
Trd, 4319775.293, 134
Trd, 4319775.793, 140
Trd, 4319775.893, 139
Trd, 4319776.643, 140
Trd, 4319776.893, 140
Trd, 4319779.043, 60
Trd, 4319780.593, 62
Trd, 4319782.943, 60
Trd, 4319783.293, 63
Trd, 4319783.493, 62
Trd, 4319783.743, 63
Trd, 4319783.943, 64
Trd, 4319784.093, 63
Trd, 4319785.093, 62
Trd, 4319785.593, 64
Trd, 4319785.993, 70
Trd, 4319786.193, 69
Trd, 4319786.543, 126
Trd, 4319786.693, 68
Trd, 4319789.293, 140
Trd, 4319789.893, 140
Trd, 4319790.843, 140
Trd, 4319791.043, 140
Trd, 4319792.293, 140
Trd, 4319792.743, 140
Trd, 4319793.543, 140
Trd, 4319794.543, 140
Trd, 4319795.393, 140
Trd, 4319795.493, 140
Trd, 4319796.243, 140
Trd, 4319797.593, 140
Trd, 4319797.693, 140
Trd, 4319798.343, 140
Trd, 4319798.493, 140
Trd, 4319799.493, 139
Trd, 4319800.443, 140
Trd, 4319800.843, 140
Trd, 4319802.393, 140
Trd, 4319802.793, 140
Trd, 4319804.043, 140
Trd, 4319804.943, 140
Trd, 4319806.243, 140
Trd, 4319806.793, 140
Trd, 4319806.843, 140
Trd, 4319807.793, 140
Trd, 4319808.043, 140
Trd, 4319810.043, 140
Trd, 4319810.293, 140
Trd, 4319810.593, 140
Trd, 4319811.593, 140
Trd, 4319811.743, 140
Trd, 4319813.393, 140
Trd, 4319813.743, 140
Trd, 4319815.643, 140
Trd, 4319816.543, 140
Trd, 4319817.393, 140
Trd, 4319817.843, 140
Trd, 4319818.393, 140
Trd, 4319818.493, 139
Trd, 4319819.443, 70
Trd, 4319820.193, 68
Trd, 4319820.543, 73
Trd, 4319820.843, 74
Trd, 4319821.743, 74
Trd, 4319822.043, 77
Trd, 4319822.843, 79
Trd, 4319823.243, 80
Trd, 4319824.193, 83
Trd, 4319825.243, 140
Trd, 4319826.043, 140
Trd, 4319826.393, 133
Trd, 4319827.143, 65
Trd, 4319827.743, 140
Trd, 4319827.993, 140
Trd, 4319828.543, 69
Trd, 4319829.743, 73
Trd, 4319830.593, 78
Trd, 4319831.193, 75
Trd, 4319831.643, 76
Trd, 4319832.593, 82
Trd, 4319833.393, 83
Trd, 4319834.693, 86
Trd, 4319835.143, 138
Trd, 4319835.893, 92
Trd, 4319835.993, 91
Trd, 4319836.293, 90
Trd, 4319837.043, 101
Trd, 4319837.243, 66
Trd, 4319839.193, 140
Trd, 4319839.843, 140
Trd, 4319841.043, 140
Trd, 4319842.243, 140
Trd, 4319842.743, 140
Trd, 4319843.093, 140
Trd, 4319843.143, 140
Trd, 4319843.243, 140
Trd, 4319844.193, 140
Trd, 4319844.343, 140
Trd, 4319845.793, 140
Trd, 4319846.993, 140
Trd, 4319847.193, 140
Trd, 4319847.443, 140
Trd, 4319848.893, 140
Trd, 4319849.293, 140
Trd, 4319850.643, 140
Trd, 4319851.393, 140
Trd, 4319852.443, 140
Trd, 4319853.743, 140
Trd, 4319853.993, 140
Trd, 4319854.343, 140
Trd, 4319854.943, 140
Trd, 4319855.543, 139
Trd, 4319857.693, 60
Trd, 4319858.943, 61
Trd, 4319859.043, 62
Trd, 4319861.443, 60
Trd, 4319862.043, 60
Trd, 4319862.493, 60
Trd, 4319862.843, 60
Trd, 4319863.943, 61
Trd, 4319864.293, 64
Trd, 4319864.993, 64
Trd, 4319866.243, 60
Trd, 4319868.093, 60
Trd, 4319870.393, 60
Trd, 4319871.393, 61
Trd, 4319872.443, 62
Trd, 4319873.093, 60
Trd, 4319873.643, 60
Trd, 4319873.893, 62
Trd, 4319873.943, 61
Trd, 4319874.293, 67
Trd, 4319874.493, 77
Trd, 4319875.993, 67
Trd, 4319876.243, 69
Trd, 4319876.593, 74
Trd, 4319878.593, 79
Trd, 4319879.343, 77
Trd, 4319880.643, 80
Trd, 4319881.143, 140
Trd, 4319881.243, 79
Trd, 4319882.693, 77
Trd, 4319884.093, 63
Trd, 4319886.493, 60
Trd, 4319886.693, 61
Trd, 4319887.243, 65
Trd, 4319887.643, 67
Trd, 4319887.743, 66
Trd, 4319888.593, 68
Trd, 4319888.843, 66
Trd, 4319889.093, 64
Trd, 4319889.843, 61
Trd, 4319892.693, 63
Trd, 4319893.043, 67
Trd, 4319893.243, 66
Trd, 4319893.293, 73
Trd, 4319894.393, 80
Trd, 4319895.443, 83
Trd, 4319895.993, 140
Trd, 4319896.193, 86
Trd, 4319897.993, 140
Trd, 4319898.293, 140
Trd, 4319899.293, 140
Trd, 4319899.343, 140
Trd, 4319899.893, 140
Trd, 4319900.093, 140
Trd, 4319902.093, 60
Trd, 4319904.093, 60
Trd, 4319905.693, 60
Trd, 4319905.843, 60
Trd, 4319905.943, 60
Trd, 4319906.143, 61
Trd, 4319906.193, 65
Trd, 4319906.393, 67
Trd, 4319906.693, 61
Trd, 4319908.743, 120
Trd, 4319909.343, 121
Trd, 4319909.593, 121
Trd, 4319910.393, 122
Trd, 4319910.443, 121
Trd, 4319912.793, 140
Trd, 4319912.843, 140
Trd, 4319913.793, 140
Trd, 4319914.143, 140
Trd, 4319917.043, 140
Trd, 4319917.293, 140
Trd, 4319918.393, 140
Trd, 4319918.493, 140
Trd, 4319920.193, 140
Trd, 4319921.293, 140
Trd, 4319922.643, 140
Trd, 4319922.843, 140
Trd, 4319923.343, 140
Trd, 4319923.543, 140
Trd, 4319923.793, 140
Trd, 4319925.393, 140
Trd, 4319926.543, 140
Trd, 4319927.543, 140
Trd, 4319927.593, 140
Trd, 4319929.043, 140
Trd, 4319929.093, 140
Trd, 4319929.143, 140
Trd, 4319930.043, 140
Trd, 4319932.043, 140
Trd, 4319932.493, 140
Trd, 4319934.193, 140
Trd, 4319934.593, 140
Trd, 4319935.543, 140
Trd, 4319935.793, 140
Trd, 4319936.193, 140
Trd, 4319936.943, 140
Trd, 4319937.443, 140
Trd, 4319937.593, 140
Trd, 4319938.693, 140
Trd, 4319938.893, 140
Trd, 4319940.193, 140
Trd, 4319940.693, 140
Trd, 4319941.093, 140
Trd, 4319941.543, 140
Trd, 4319942.243, 140
Trd, 4319944.093, 140
Trd, 4319944.293, 140
Trd, 4319944.993, 140
Trd, 4319945.893, 140
Trd, 4319945.943, 140
Trd, 4319946.193, 140
Trd, 4319946.543, 140
Trd, 4319949.293, 140
Trd, 4319949.343, 140
Trd, 4319949.643, 140
Trd, 4319950.143, 140
Trd, 4319950.543, 140
Trd, 4319951.443, 140
Trd, 4319951.943, 140
Trd, 4319952.293, 140
Trd, 4319953.343, 140
Trd, 4319953.493, 140
Trd, 4319955.093, 140
Trd, 4319955.543, 140
Trd, 4319956.593, 140
Trd, 4319957.343, 140
Trd, 4319958.743, 140
Trd, 4319958.943, 140
Trd, 4319959.193, 140
Trd, 4319959.643, 140
Trd, 4319959.743, 140
Trd, 4319962.393, 140
Trd, 4319962.793, 140
Trd, 4319963.743, 140
Trd, 4319963.843, 140
Trd, 4319963.943, 140
Trd, 4319965.443, 140
Trd, 4319965.643, 140
Trd, 4319967.143, 140
Trd, 4319967.343, 140
Trd, 4319967.593, 140
Trd, 4319969.093, 140
Trd, 4319969.343, 140
Trd, 4319969.843, 140
Trd, 4319970.143, 140
Trd, 4319970.693, 104
Trd, 4319971.543, 140
Trd, 4319971.743, 120
Trd, 4319973.793, 115
Trd, 4319975.243, 140
Trd, 4319975.593, 140
Trd, 4319976.843, 140
Trd, 4319978.843, 140
Trd, 4319979.143, 140
Trd, 4319979.843, 140
Trd, 4319980.293, 140
Trd, 4319981.193, 140
Trd, 4319982.593, 140
Trd, 4319983.143, 140
Trd, 4319983.293, 140
Trd, 4319983.743, 140
Trd, 4319984.843, 140
Trd, 4319985.293, 140
Trd, 4319985.893, 140
Trd, 4319986.393, 140
Trd, 4319987.793, 140
Trd, 4319988.243, 140
Trd, 4319988.743, 140
Trd, 4319990.043, 140
Trd, 4319991.343, 140
Trd, 4319991.793, 140
Trd, 4319991.943, 140
Trd, 4319992.543, 139
Trd, 4319992.743, 85
Trd, 4319993.693, 70
Trd, 4319996.243, 67
Trd, 4319997.993, 60
Trd, 4319998.243, 61
Trd, 4319998.543, 62
Trd, 4319998.743, 62
Trd, 4319998.943, 97
Trd, 4319999.893, 135
