Trd, 4318150.193, 62
Trd, 4318151.193, 72
Trd, 4318152.743, 90
Trd, 4318153.643, 109
Trd, 4318153.743, 108
Trd, 4318154.843, 114
Trd, 4318155.543, 96
Trd, 4318156.743, 88
Trd, 4318156.993, 86
Trd, 4318157.193, 109
Trd, 4318157.943, 136
Trd, 4318158.893, 97
Trd, 4318158.943, 72
Trd, 4318159.793, 105
Trd, 4318160.443, 129
Trd, 4318160.643, 113
Trd, 4318160.893, 69
Trd, 4318162.543, 62
Trd, 4318162.643, 70
Trd, 4318164.093, 96
Trd, 4318164.243, 123
Trd, 4318164.843, 96
Trd, 4318165.393, 117
Trd, 4318165.993, 84
Trd, 4318166.243, 63
Trd, 4318167.543, 70
Trd, 4318168.543, 79
Trd, 4318168.793, 125
Trd, 4318168.993, 74
Trd, 4318170.193, 64
Trd, 4318170.393, 76
Trd, 4318170.643, 94
Trd, 4318170.943, 62
Trd, 4318173.543, 110
Trd, 4318173.643, 81
Trd, 4318173.893, 69
Trd, 4318174.593, 77
Trd, 4318174.793, 62
Trd, 4318175.243, 62
Trd, 4318176.843, 73
Trd, 4318177.143, 80
Trd, 4318177.693, 118
Trd, 4318179.043, 62
Trd, 4318179.343, 61
Trd, 4318180.193, 88
Trd, 4318180.593, 60
Trd, 4318181.043, 64
Trd, 4318181.843, 127
Trd, 4318182.093, 108
Trd, 4318182.893, 86
Trd, 4318183.843, 68
Trd, 4318184.493, 99
Trd, 4318185.343, 113
Trd, 4318185.943, 81
Trd, 4318186.043, 66
Trd, 4318187.093, 95
Trd, 4318187.243, 82
Trd, 4318188.943, 61
Trd, 4318189.243, 84
Trd, 4318189.543, 76
Trd, 4318190.393, 96
Trd, 4318192.743, 99
Trd, 4318193.293, 87
Trd, 4318193.843, 86
Trd, 4318194.093, 94
Trd, 4318195.693, 101
Trd, 4318196.543, 88
Trd, 4318197.393, 94
Trd, 4318197.443, 70
Trd, 4318198.343, 63
Trd, 4318198.543, 61
Trd, 4318199.143, 92
Trd, 4318199.893, 84
Trd, 4318201.293, 60
Trd, 4318202.943, 85
Trd, 4318203.593, 115
Trd, 4318203.693, 134
Trd, 4318204.593, 118
Trd, 4318205.393, 69
Trd, 4318205.643, 67
Trd, 4318206.293, 68
Trd, 4318206.543, 66
Trd, 4318207.343, 138
Trd, 4318207.493, 88
Trd, 4318208.343, 63
Trd, 4318208.943, 64
Trd, 4318209.643, 92
Trd, 4318210.343, 78
Trd, 4318210.393, 69
Trd, 4318211.143, 73
Trd, 4318212.343, 103
Trd, 4318213.343, 126
Trd, 4318213.793, 96
Trd, 4318214.043, 128
Trd, 4318214.593, 97
Trd, 4318214.893, 80
Trd, 4318215.743, 83
Trd, 4318216.493, 97
Trd, 4318217.993, 126
Trd, 4318218.093, 122
Trd, 4318218.393, 112
Trd, 4318218.493, 116
Trd, 4318219.243, 103
Trd, 4318219.693, 67
Trd, 4318219.943, 67
Trd, 4318221.993, 93
Trd, 4318222.143, 84
Trd, 4318222.643, 84
Trd, 4318224.193, 118
Trd, 4318224.543, 119
Trd, 4318224.843, 105
Trd, 4318225.893, 118
Trd, 4318226.543, 118
Trd, 4318226.993, 117
Trd, 4318227.243, 117
Trd, 4318228.293, 132
Trd, 4318228.943, 98
Trd, 4318229.393, 104
Trd, 4318230.093, 96
Trd, 4318230.243, 70
Trd, 4318230.293, 76
Trd, 4318230.943, 79
Trd, 4318231.093, 69
Trd, 4318232.093, 82
Trd, 4318233.543, 65
Trd, 4318233.593, 67
Trd, 4318233.743, 102
Trd, 4318234.293, 80
Trd, 4318235.443, 69
Trd, 4318235.593, 68
Trd, 4318236.743, 82
Trd, 4318236.943, 78
Trd, 4318237.143, 106
Trd, 4318238.343, 88
Trd, 4318239.043, 63
Trd, 4318239.493, 70
Trd, 4318240.493, 64
Trd, 4318241.493, 60
Trd, 4318242.743, 130
Trd, 4318242.943, 114
Trd, 4318243.243, 113
Trd, 4318244.593, 89
Trd, 4318244.643, 90
Trd, 4318244.843, 88
Trd, 4318245.943, 116
Trd, 4318245.993, 88
Trd, 4318247.343, 96
Trd, 4318247.793, 95
Trd, 4318248.893, 107
Trd, 4318250.093, 109
Trd, 4318251.043, 100
Trd, 4318251.843, 132
Trd, 4318251.893, 104
Trd, 4318252.243, 83
Trd, 4318252.793, 80
Trd, 4318253.643, 97
Trd, 4318253.893, 140
Trd, 4318254.193, 94
Trd, 4318254.243, 82
Trd, 4318256.293, 125
Trd, 4318256.593, 97
Trd, 4318259.693, 64
Trd, 4318259.843, 65
Trd, 4318259.993, 65
Trd, 4318260.443, 64
Trd, 4318261.093, 63
Trd, 4318261.543, 74
Trd, 4318262.093, 102
Trd, 4318262.543, 100
Trd, 4318262.843, 89
Trd, 4318263.743, 113
Trd, 4318264.443, 77
Trd, 4318265.043, 63
Trd, 4318265.193, 65
Trd, 4318265.693, 64
Trd, 4318266.493, 112
Trd, 4318266.993, 81
Trd, 4318267.693, 80
Trd, 4318268.893, 86
Trd, 4318269.193, 91
Trd, 4318269.843, 78
Trd, 4318271.243, 111
Trd, 4318271.893, 136
Trd, 4318272.243, 86
Trd, 4318272.793, 81
Trd, 4318273.543, 107
Trd, 4318274.193, 134
Trd, 4318274.443, 106
Trd, 4318274.793, 135
Trd, 4318277.343, 95
Trd, 4318277.643, 91
Trd, 4318278.443, 100
Trd, 4318278.943, 85
Trd, 4318279.143, 86
Trd, 4318279.543, 85
Trd, 4318280.993, 105
Trd, 4318281.043, 89
Trd, 4318281.093, 76
Trd, 4318281.793, 72
Trd, 4318281.943, 121
Trd, 4318282.093, 67
Trd, 4318284.043, 60
Trd, 4318284.993, 123
Trd, 4318285.643, 123
Trd, 4318285.893, 107
Trd, 4318286.543, 62
Trd, 4318287.693, 64
Trd, 4318287.993, 136
Trd, 4318288.493, 108
Trd, 4318288.593, 90
Trd, 4318289.243, 84
Trd, 4318289.443, 78
Trd, 4318289.643, 110
Trd, 4318290.093, 108
Trd, 4318291.243, 62
Trd, 4318292.043, 123
Trd, 4318292.293, 105
Trd, 4318293.293, 102
Trd, 4318294.543, 104
Trd, 4318295.343, 131
Trd, 4318295.443, 92
Trd, 4318297.343, 113
Trd, 4318297.693, 70
Trd, 4318298.893, 101
Trd, 4318298.993, 89
Trd, 4318299.093, 86
Trd, 4318299.443, 68
Trd, 4318299.793, 131
Trd, 4318300.193, 106
Trd, 4318300.943, 106
Trd, 4318302.243, 105
Trd, 4318302.393, 103
Trd, 4318303.093, 93
Trd, 4318304.693, 112
Trd, 4318305.193, 87
Trd, 4318305.393, 109
Trd, 4318306.143, 97
Trd, 4318306.493, 95
Trd, 4318307.443, 80
Trd, 4318307.943, 77
Trd, 4318309.193, 121
Trd, 4318309.943, 122
Trd, 4318309.993, 107
Trd, 4318311.443, 102
Trd, 4318311.493, 95
Trd, 4318313.543, 83
Trd, 4318313.943, 78
Trd, 4318315.343, 69
Trd, 4318315.993, 67
Trd, 4318316.143, 75
Trd, 4318316.543, 118
Trd, 4318317.443, 66
Trd, 4318318.293, 90
Trd, 4318319.493, 77
Trd, 4318319.593, 62
Trd, 4318321.493, 61
Trd, 4318321.793, 60
Trd, 4318321.843, 101
Trd, 4318323.143, 128
Trd, 4318323.293, 63
Trd, 4318324.243, 63
Trd, 4318325.643, 96
Trd, 4318326.093, 85
Trd, 4318326.293, 62
Trd, 4318326.943, 100
Trd, 4318327.143, 112
Trd, 4318328.343, 136
Trd, 4318328.393, 93
Trd, 4318329.293, 85
Trd, 4318330.193, 72
Trd, 4318330.543, 126
Trd, 4318331.293, 114
Trd, 4318331.343, 86
Trd, 4318332.893, 60
Trd, 4318333.693, 84
Trd, 4318335.143, 103
Trd, 4318335.393, 82
Trd, 4318335.543, 97
Trd, 4318336.043, 135
Trd, 4318336.143, 134
Trd, 4318336.343, 65
Trd, 4318339.643, 94
Trd, 4318339.893, 99
Trd, 4318340.043, 85
Trd, 4318340.093, 74
Trd, 4318341.293, 125
Trd, 4318343.343, 115
Trd, 4318343.593, 108
Trd, 4318344.393, 90
Trd, 4318344.543, 94
Trd, 4318345.593, 80
Trd, 4318345.643, 77
Trd, 4318345.843, 63
Trd, 4318348.043, 60
Trd, 4318348.093, 61
Trd, 4318348.443, 69
Trd, 4318349.243, 64
Trd, 4318349.793, 63
Trd, 4318350.943, 72
Trd, 4318351.143, 76
Trd, 4318351.443, 99
Trd, 4318352.743, 90
Trd, 4318353.543, 80
Trd, 4318353.793, 70
Trd, 4318353.943, 85
Trd, 4318354.543, 62
Trd, 4318356.943, 64
Trd, 4318357.793, 73
Trd, 4318358.593, 68
Trd, 4318358.793, 80
Trd, 4318359.043, 63
Trd, 4318360.843, 64
Trd, 4318361.593, 64
Trd, 4318361.693, 86
Trd, 4318361.893, 83
Trd, 4318362.693, 82
Trd, 4318363.993, 119
Trd, 4318364.743, 84
Trd, 4318365.243, 101
Trd, 4318365.443, 123
Trd, 4318365.493, 65
Trd, 4318365.643, 67
Trd, 4318366.143, 85
Trd, 4318367.593, 105
Trd, 4318368.343, 109
Trd, 4318368.543, 96
Trd, 4318368.843, 73
Trd, 4318370.143, 74
Trd, 4318370.343, 71
Trd, 4318371.693, 63
Trd, 4318373.593, 67
Trd, 4318373.843, 98
Trd, 4318373.893, 61
Trd, 4318374.693, 106
Trd, 4318375.893, 94
Trd, 4318376.043, 82
Trd, 4318376.443, 66
Trd, 4318377.093, 80
Trd, 4318377.543, 68
Trd, 4318377.843, 68
Trd, 4318379.493, 126
Trd, 4318380.293, 113
Trd, 4318380.643, 86
Trd, 4318380.893, 70
Trd, 4318382.243, 117
Trd, 4318382.743, 109
Trd, 4318383.443, 97
Trd, 4318384.543, 115
Trd, 4318386.093, 99
Trd, 4318386.793, 98
Trd, 4318387.743, 117
Trd, 4318387.993, 98
Trd, 4318388.443, 105
Trd, 4318389.293, 110
Trd, 4318389.593, 72
Trd, 4318390.093, 100
Trd, 4318391.243, 117
Trd, 4318391.693, 96
Trd, 4318392.843, 92
Trd, 4318393.993, 105
Trd, 4318394.193, 98
Trd, 4318395.293, 72
Trd, 4318396.743, 71
Trd, 4318397.293, 68
Trd, 4318398.443, 60
Trd, 4318398.593, 76
Trd, 4318398.943, 97
Trd, 4318399.293, 93
Trd, 4318399.643, 96
Trd, 4318399.743, 84
Trd, 4318400.243, 70
Trd, 4318400.793, 67
Trd, 4318402.043, 103
Trd, 4318402.793, 111
Trd, 4318404.093, 134
Trd, 4318404.593, 128
Trd, 4318404.893, 108
Trd, 4318405.593, 107
Trd, 4318406.143, 128
Trd, 4318406.243, 105
Trd, 4318406.893, 112
Trd, 4318407.893, 111
Trd, 4318408.293, 86
Trd, 4318408.943, 110
Trd, 4318409.793, 103
Trd, 4318410.243, 120
Trd, 4318410.943, 100
Trd, 4318411.643, 97
Trd, 4318412.143, 84
Trd, 4318412.293, 124
Trd, 4318412.693, 89
Trd, 4318414.193, 66
Trd, 4318414.243, 69
Trd, 4318414.443, 85
Trd, 4318415.493, 76
Trd, 4318416.093, 75
Trd, 4318416.643, 63
Trd, 4318417.093, 71
Trd, 4318417.793, 62
Trd, 4318418.243, 94
Trd, 4318418.693, 114
Trd, 4318419.343, 85
Trd, 4318420.793, 68
Trd, 4318423.393, 132
Trd, 4318423.643, 131
Trd, 4318424.043, 125
Trd, 4318424.593, 119
Trd, 4318425.193, 104
Trd, 4318426.793, 140
Trd, 4318426.993, 114
Trd, 4318427.143, 107
Trd, 4318428.193, 108
Trd, 4318428.243, 107
Trd, 4318429.093, 64
Trd, 4318429.843, 81
Trd, 4318430.193, 78
Trd, 4318431.343, 63
Trd, 4318432.043, 60
Trd, 4318433.393, 65
Trd, 4318433.693, 86
Trd, 4318434.493, 62
Trd, 4318435.043, 64
Trd, 4318436.093, 75
Trd, 4318437.293, 62
Trd, 4318437.693, 83
Trd, 4318438.493, 64
Trd, 4318439.743, 61
Trd, 4318439.993, 64
Trd, 4318440.043, 92
Trd, 4318441.043, 60
Trd, 4318441.993, 100
Trd, 4318442.143, 84
Trd, 4318442.993, 69
Trd, 4318443.793, 69
Trd, 4318444.643, 65
Trd, 4318444.993, 61
Trd, 4318446.693, 60
Trd, 4318447.443, 61
Trd, 4318447.593, 62
Trd, 4318448.243, 61
Trd, 4318448.743, 65
Trd, 4318450.243, 64
Trd, 4318451.293, 64
Trd, 4318452.443, 69
Trd, 4318452.743, 87
Trd, 4318453.493, 111
Trd, 4318453.943, 88
Trd, 4318454.243, 97
Trd, 4318454.493, 60
Trd, 4318455.943, 60
Trd, 4318456.793, 86
Trd, 4318456.993, 70
Trd, 4318457.343, 71
Trd, 4318458.343, 68
Trd, 4318459.443, 62
Trd, 4318459.843, 89
Trd, 4318461.043, 73
Trd, 4318461.693, 109
Trd, 4318461.793, 68
Trd, 4318462.193, 97
Trd, 4318463.643, 139
Trd, 4318463.843, 129
Trd, 4318466.743, 119
Trd, 4318467.093, 109
Trd, 4318467.743, 105
Trd, 4318468.243, 105
Trd, 4318468.943, 135
Trd, 4318469.193, 119
Trd, 4318469.843, 103
Trd, 4318470.193, 135
Trd, 4318470.343, 129
Trd, 4318471.443, 110
Trd, 4318471.793, 138
Trd, 4318471.993, 117
Trd, 4318472.243, 101
Trd, 4318474.043, 131
Trd, 4318474.393, 107
Trd, 4318474.943, 111
Trd, 4318475.093, 97
Trd, 4318477.043, 117
Trd, 4318477.843, 105
Trd, 4318477.893, 100
Trd, 4318478.943, 111
Trd, 4318480.093, 140
Trd, 4318480.643, 121
Trd, 4318480.693, 108
Trd, 4318480.893, 93
Trd, 4318482.093, 90
Trd, 4318482.293, 121
Trd, 4318482.893, 115
Trd, 4318484.293, 100
Trd, 4318484.843, 93
Trd, 4318484.943, 84
Trd, 4318485.393, 128
Trd, 4318486.393, 127
Trd, 4318486.593, 121
Trd, 4318486.793, 112
Trd, 4318486.843, 97
Trd, 4318488.143, 109
Trd, 4318489.893, 60
Trd, 4318490.893, 64
Trd, 4318491.143, 65
Trd, 4318492.143, 67
Trd, 4318492.343, 70
Trd, 4318492.943, 81
Trd, 4318493.893, 61
Trd, 4318494.693, 75
Trd, 4318494.743, 60
Trd, 4318496.093, 75
Trd, 4318496.543, 64
Trd, 4318497.593, 62
Trd, 4318497.993, 96
Trd, 4318498.593, 71
Trd, 4318499.543, 65
Trd, 4318500.043, 68
Trd, 4318500.843, 99
Trd, 4318501.593, 96
Trd, 4318501.693, 72
Trd, 4318502.293, 82
Trd, 4318502.993, 102
Trd, 4318504.043, 93
Trd, 4318504.393, 131
Trd, 4318505.143, 83
Trd, 4318505.443, 68
Trd, 4318507.843, 71
Trd, 4318507.993, 109
Trd, 4318509.343, 92
Trd, 4318511.093, 99
Trd, 4318511.293, 93
Trd, 4318511.343, 92
Trd, 4318511.393, 85
Trd, 4318511.543, 80
Trd, 4318511.993, 77
Trd, 4318513.343, 67
Trd, 4318513.593, 61
Trd, 4318514.843, 61
Trd, 4318515.693, 61
Trd, 4318516.843, 66
Trd, 4318517.143, 85
Trd, 4318517.193, 73
Trd, 4318517.293, 88
Trd, 4318517.743, 89
Trd, 4318518.943, 61
Trd, 4318519.743, 65
Trd, 4318519.793, 66
Trd, 4318521.093, 105
Trd, 4318521.493, 124
Trd, 4318522.493, 108
Trd, 4318522.743, 63
Trd, 4318522.893, 63
Trd, 4318523.943, 101
Trd, 4318524.493, 64
Trd, 4318525.493, 62
Trd, 4318526.393, 72
Trd, 4318527.193, 74
Trd, 4318528.593, 63
Trd, 4318528.943, 101
Trd, 4318529.543, 98
Trd, 4318530.743, 104
Trd, 4318530.843, 98
Trd, 4318531.593, 115
Trd, 4318531.993, 90
Trd, 4318532.093, 106
Trd, 4318533.043, 100
Trd, 4318533.893, 71
Trd, 4318535.893, 120
Trd, 4318536.143, 96
Trd, 4318536.543, 119
Trd, 4318536.743, 107
Trd, 4318537.393, 111
Trd, 4318537.843, 78
Trd, 4318539.243, 60
Trd, 4318539.593, 60
Trd, 4318540.693, 99
Trd, 4318540.843, 97
Trd, 4318541.843, 107
Trd, 4318541.993, 69
Trd, 4318542.493, 81
Trd, 4318542.643, 65
Trd, 4318543.493, 98
Trd, 4318545.493, 62
Trd, 4318546.443, 62
Trd, 4318546.693, 66
Trd, 4318547.343, 64
Trd, 4318547.393, 63
Trd, 4318547.543, 66
Trd, 4318547.843, 63
Trd, 4318547.943, 65
Trd, 4318548.843, 119
Trd, 4318549.293, 111
Trd, 4318549.943, 96
Trd, 4318550.943, 130
Trd, 4318551.443, 87
Trd, 4318551.843, 77
Trd, 4318553.043, 62
Trd, 4318553.143, 78
Trd, 4318553.543, 86
Trd, 4318554.993, 60
Trd, 4318555.193, 62
Trd, 4318555.743, 63
Trd, 4318556.093, 63
Trd, 4318557.293, 84
Trd, 4318557.943, 85
Trd, 4318559.493, 114
Trd, 4318560.593, 103
Trd, 4318560.843, 138
Trd, 4318560.943, 103
Trd, 4318561.043, 90
Trd, 4318561.743, 111
Trd, 4318562.093, 60
Trd, 4318562.693, 99
Trd, 4318563.243, 92
Trd, 4318564.543, 61
Trd, 4318566.093, 60
Trd, 4318566.743, 61
Trd, 4318567.093, 63
Trd, 4318567.793, 71
Trd, 4318568.693, 69
Trd, 4318570.093, 88
Trd, 4318570.693, 139
Trd, 4318570.843, 79
Trd, 4318571.193, 76
Trd, 4318571.993, 87
Trd, 4318572.243, 84
Trd, 4318572.493, 70
Trd, 4318574.193, 78
Trd, 4318575.993, 102
Trd, 4318576.093, 96
Trd, 4318576.293, 97
Trd, 4318576.343, 95
Trd, 4318576.943, 113
Trd, 4318577.393, 100
Trd, 4318577.943, 80
Trd, 4318578.193, 68
Trd, 4318579.743, 98
Trd, 4318579.893, 75
Trd, 4318579.993, 65
Trd, 4318581.543, 79
Trd, 4318582.943, 99
Trd, 4318583.693, 136
Trd, 4318584.043, 106
Trd, 4318585.443, 106
Trd, 4318586.343, 113
Trd, 4318587.043, 64
Trd, 4318587.643, 66
Trd, 4318588.443, 68
Trd, 4318588.893, 70
Trd, 4318589.193, 65
Trd, 4318589.893, 66
Trd, 4318590.793, 60
Trd, 4318590.843, 65
Trd, 4318590.993, 78
Trd, 4318592.143, 63
Trd, 4318592.193, 71
Trd, 4318593.043, 91
Trd, 4318593.743, 119
Trd, 4318594.293, 70
Trd, 4318594.393, 68
Trd, 4318595.093, 70
Trd, 4318596.843, 116
Trd, 4318597.143, 110
Trd, 4318598.243, 118
Trd, 4318599.693, 94
Trd, 4318600.493, 60
Trd, 4318600.993, 62
Trd, 4318601.243, 79
Trd, 4318602.143, 68
Trd, 4318602.543, 68
Trd, 4318602.593, 137
Trd, 4318603.143, 61
Trd, 4318603.343, 91
Trd, 4318603.493, 90
Trd, 4318604.543, 71
Trd, 4318606.093, 100
Trd, 4318607.093, 127
Trd, 4318607.643, 83
Trd, 4318607.793, 84
Trd, 4318607.893, 91
Trd, 4318608.693, 121
Trd, 4318609.193, 111
Trd, 4318609.943, 97
Trd, 4318610.293, 80
Trd, 4318610.743, 79
Trd, 4318611.843, 96
Trd, 4318612.143, 110
Trd, 4318613.493, 94
Trd, 4318613.743, 121
Trd, 4318614.443, 89
Trd, 4318616.093, 95
Trd, 4318616.593, 135
Trd, 4318616.893, 83
Trd, 4318617.193, 80
Trd, 4318617.893, 78
Trd, 4318618.143, 111
Trd, 4318618.643, 78
Trd, 4318619.343, 73
Trd, 4318620.443, 80
Trd, 4318621.043, 111
Trd, 4318622.043, 107
Trd, 4318622.093, 82
Trd, 4318623.293, 100
Trd, 4318623.743, 107
Trd, 4318623.943, 83
Trd, 4318624.493, 109
Trd, 4318624.843, 110
Trd, 4318625.193, 92
Trd, 4318626.593, 81
Trd, 4318627.593, 66
Trd, 4318628.393, 65
Trd, 4318628.593, 72
Trd, 4318630.243, 127
Trd, 4318630.293, 123
Trd, 4318630.343, 123
Trd, 4318630.893, 103
Trd, 4318631.693, 64
Trd, 4318631.993, 87
Trd, 4318632.043, 113
Trd, 4318633.093, 91
Trd, 4318633.893, 113
Trd, 4318634.393, 71
Trd, 4318634.593, 62
Trd, 4318636.743, 85
Trd, 4318637.043, 102
Trd, 4318638.193, 89
Trd, 4318638.993, 81
Trd, 4318640.193, 109
Trd, 4318640.993, 114
Trd, 4318641.493, 98
Trd, 4318642.143, 91
Trd, 4318642.243, 75
Trd, 4318643.343, 86
Trd, 4318643.493, 83
Trd, 4318644.243, 108
Trd, 4318645.943, 115
Trd, 4318646.243, 109
Trd, 4318646.693, 137
Trd, 4318647.293, 132
Trd, 4318648.993, 100
Trd, 4318649.393, 70
Trd, 4318649.543, 62
Trd, 4318650.393, 133
Trd, 4318651.493, 92
Trd, 4318652.843, 108
Trd, 4318653.543, 82
Trd, 4318653.743, 117
Trd, 4318654.443, 108
Trd, 4318655.193, 63
Trd, 4318655.943, 85
Trd, 4318656.243, 140
Trd, 4318656.293, 118
Trd, 4318657.593, 62
Trd, 4318658.193, 100
Trd, 4318659.393, 125
Trd, 4318659.593, 111
Trd, 4318659.943, 95
Trd, 4318660.993, 132
Trd, 4318661.393, 127
Trd, 4318661.543, 103
Trd, 4318662.743, 65
Trd, 4318663.243, 60
Trd, 4318664.193, 70
Trd, 4318665.143, 61
Trd, 4318665.793, 61
Trd, 4318666.243, 68
Trd, 4318666.643, 100
Trd, 4318666.943, 64
Trd, 4318667.943, 70
Trd, 4318668.343, 70
Trd, 4318669.293, 114
Trd, 4318670.993, 111
Trd, 4318671.243, 110
Trd, 4318671.343, 99
Trd, 4318672.243, 88
Trd, 4318673.093, 67
Trd, 4318673.243, 71
Trd, 4318674.043, 84
Trd, 4318674.193, 80
Trd, 4318674.393, 68
Trd, 4318675.143, 109
Trd, 4318675.743, 96
Trd, 4318676.643, 115
Trd, 4318677.843, 123
Trd, 4318678.293, 98
Trd, 4318679.543, 119
Trd, 4318679.643, 97
Trd, 4318679.893, 104
Trd, 4318680.143, 133
Trd, 4318680.393, 64
Trd, 4318681.243, 60
Trd, 4318682.643, 77
Trd, 4318685.043, 135
Trd, 4318685.443, 134
Trd, 4318685.493, 129
Trd, 4318685.643, 117
Trd, 4318685.743, 109
Trd, 4318685.993, 78
Trd, 4318686.343, 68
Trd, 4318687.543, 109
Trd, 4318689.943, 138
Trd, 4318690.093, 137
Trd, 4318690.843, 126
Trd, 4318692.443, 124
Trd, 4318692.643, 119
Trd, 4318692.693, 107
Trd, 4318692.893, 100
Trd, 4318694.043, 129
Trd, 4318694.743, 117
Trd, 4318695.043, 108
Trd, 4318695.543, 103
Trd, 4318696.293, 89
Trd, 4318697.543, 96
Trd, 4318697.593, 82
Trd, 4318698.293, 114
Trd, 4318698.343, 111
Trd, 4318699.093, 109
Trd, 4318700.093, 103
Trd, 4318700.293, 80
Trd, 4318700.943, 82
Trd, 4318701.193, 138
Trd, 4318702.293, 100
Trd, 4318703.393, 89
Trd, 4318705.093, 135
Trd, 4318705.293, 115
Trd, 4318705.543, 133
Trd, 4318705.843, 126
Trd, 4318706.443, 112
Trd, 4318707.693, 61
Trd, 4318708.443, 102
Trd, 4318708.993, 66
Trd, 4318710.193, 71
Trd, 4318710.243, 82
Trd, 4318710.793, 69
Trd, 4318711.143, 74
Trd, 4318711.843, 62
Trd, 4318713.193, 62
Trd, 4318713.993, 90
Trd, 4318714.493, 80
Trd, 4318714.543, 79
Trd, 4318714.693, 67
Trd, 4318715.093, 90
Trd, 4318716.043, 118
Trd, 4318716.193, 95
Trd, 4318716.993, 65
Trd, 4318718.743, 79
Trd, 4318718.893, 69
Trd, 4318719.693, 64
Trd, 4318720.143, 60
Trd, 4318720.493, 64
Trd, 4318720.643, 114
Trd, 4318721.493, 65
Trd, 4318721.643, 65
Trd, 4318722.693, 86
Trd, 4318723.193, 71
Trd, 4318724.343, 69
Trd, 4318725.543, 80
Trd, 4318726.093, 67
Trd, 4318728.143, 128
Trd, 4318728.293, 101
Trd, 4318728.693, 84
Trd, 4318728.743, 74
Trd, 4318729.393, 69
Trd, 4318729.693, 74
Trd, 4318730.893, 76
Trd, 4318731.743, 91
Trd, 4318732.693, 105
Trd, 4318733.443, 121
Trd, 4318734.743, 96
Trd, 4318735.493, 104
Trd, 4318735.593, 104
Trd, 4318735.643, 90
Trd, 4318738.043, 83
Trd, 4318738.493, 77
Trd, 4318738.643, 71
Trd, 4318738.693, 69
Trd, 4318739.743, 128
Trd, 4318740.143, 116
Trd, 4318740.993, 103
Trd, 4318741.093, 98
Trd, 4318743.043, 99
Trd, 4318743.593, 130
Trd, 4318743.643, 123
Trd, 4318744.493, 118
Trd, 4318745.493, 62
Trd, 4318746.193, 80
Trd, 4318746.843, 76
Trd, 4318746.943, 72
Trd, 4318747.543, 81
Trd, 4318749.493, 95
Trd, 4318750.093, 93
Trd, 4318750.343, 77
Trd, 4318750.643, 92
Trd, 4318750.893, 95
Trd, 4318752.443, 78
Trd, 4318752.543, 75
Trd, 4318752.893, 94
Trd, 4318753.143, 109
Trd, 4318755.393, 64
Trd, 4318756.493, 65
Trd, 4318756.643, 84
Trd, 4318757.293, 87
Trd, 4318758.543, 79
Trd, 4318758.693, 72
Trd, 4318759.743, 107
Trd, 4318760.293, 77
Trd, 4318760.543, 73
Trd, 4318761.793, 108
Trd, 4318762.143, 91
Trd, 4318762.943, 62
Trd, 4318764.343, 89
Trd, 4318764.543, 88
Trd, 4318766.143, 127
Trd, 4318766.243, 96
Trd, 4318766.393, 84
Trd, 4318766.793, 81
Trd, 4318767.943, 126
Trd, 4318768.693, 108
Trd, 4318768.743, 85
Trd, 4318770.143, 95
Trd, 4318771.093, 73
Trd, 4318771.743, 68
Trd, 4318771.843, 63
Trd, 4318772.243, 81
Trd, 4318774.593, 82
Trd, 4318775.193, 66
Trd, 4318775.293, 103
Trd, 4318776.243, 88
Trd, 4318777.343, 100
Trd, 4318777.793, 121
Trd, 4318778.093, 109
Trd, 4318778.943, 99
Trd, 4318779.093, 97
Trd, 4318780.693, 65
Trd, 4318780.743, 65
Trd, 4318781.743, 69
Trd, 4318781.993, 86
Trd, 4318782.343, 102
Trd, 4318782.593, 67
Trd, 4318782.893, 96
Trd, 4318783.493, 131
Trd, 4318784.443, 106
Trd, 4318785.743, 72
Trd, 4318786.293, 71
Trd, 4318786.443, 70
Trd, 4318787.793, 101
Trd, 4318788.993, 84
Trd, 4318789.043, 77
Trd, 4318790.043, 83
Trd, 4318790.093, 101
Trd, 4318790.193, 102
Trd, 4318790.793, 83
Trd, 4318791.793, 72
Trd, 4318793.093, 81
Trd, 4318793.343, 60
Trd, 4318793.793, 83
Trd, 4318795.093, 78
Trd, 4318795.493, 100
Trd, 4318795.693, 94
Trd, 4318795.793, 75
Trd, 4318796.293, 72
Trd, 4318797.893, 110
Trd, 4318797.993, 103
Trd, 4318798.793, 139
Trd, 4318800.893, 134
Trd, 4318801.143, 130
Trd, 4318801.293, 107
Trd, 4318801.443, 135
Trd, 4318802.293, 112
Trd, 4318802.743, 110
Trd, 4318803.743, 102
Trd, 4318804.193, 111
Trd, 4318804.343, 75
Trd, 4318805.493, 65
Trd, 4318806.593, 66
Trd, 4318807.793, 119
Trd, 4318807.843, 106
Trd, 4318808.043, 135
Trd, 4318808.793, 100
Trd, 4318809.693, 102
Trd, 4318810.543, 81
Trd, 4318811.043, 60
Trd, 4318812.093, 89
Trd, 4318812.593, 64
Trd, 4318813.293, 89
Trd, 4318814.643, 67
Trd, 4318815.993, 63
Trd, 4318816.493, 93
Trd, 4318816.943, 96
Trd, 4318817.993, 112
Trd, 4318818.093, 94
Trd, 4318818.993, 137
Trd, 4318819.093, 77
Trd, 4318819.443, 137
Trd, 4318820.693, 70
Trd, 4318821.343, 67
Trd, 4318821.993, 62
Trd, 4318822.643, 60
Trd, 4318823.943, 70
Trd, 4318824.443, 80
Trd, 4318827.143, 111
Trd, 4318827.343, 125
Trd, 4318827.643, 110
Trd, 4318827.843, 109
Trd, 4318828.343, 125
Trd, 4318829.293, 83
Trd, 4318829.543, 68
Trd, 4318831.143, 100
Trd, 4318831.393, 139
Trd, 4318832.543, 133
Trd, 4318833.643, 62
Trd, 4318833.693, 62
Trd, 4318833.793, 63
Trd, 4318834.893, 81
Trd, 4318835.993, 122
Trd, 4318836.343, 113
Trd, 4318837.743, 127
Trd, 4318837.943, 90
Trd, 4318838.043, 82
Trd, 4318838.693, 117
Trd, 4318839.993, 135
Trd, 4318840.543, 98
Trd, 4318840.593, 86
Trd, 4318842.543, 116
Trd, 4318843.293, 130
Trd, 4318844.443, 121
Trd, 4318844.793, 109
Trd, 4318845.143, 104
Trd, 4318846.593, 64
Trd, 4318847.043, 81
Trd, 4318847.943, 70
Trd, 4318849.443, 91
Trd, 4318849.543, 86
Trd, 4318850.043, 83
Trd, 4318851.043, 63
Trd, 4318851.093, 121
Trd, 4318851.793, 123
Trd, 4318851.943, 120
Trd, 4318852.443, 107
Trd, 4318853.843, 101
Trd, 4318854.193, 114
Trd, 4318854.443, 94
Trd, 4318855.343, 135
Trd, 4318855.693, 115
Trd, 4318856.943, 89
Trd, 4318857.943, 69
Trd, 4318858.243, 77
Trd, 4318858.893, 70
Trd, 4318859.043, 68
Trd, 4318860.293, 116
Trd, 4318860.543, 101
Trd, 4318861.693, 61
Trd, 4318862.043, 63
Trd, 4318862.593, 119
Trd, 4318863.543, 89
Trd, 4318864.943, 77
Trd, 4318865.643, 70
Trd, 4318867.193, 88
Trd, 4318867.593, 89
Trd, 4318868.043, 104
Trd, 4318868.493, 124
Trd, 4318868.743, 72
Trd, 4318868.943, 67
Trd, 4318869.843, 65
Trd, 4318870.993, 116
Trd, 4318871.843, 111
Trd, 4318872.393, 101
Trd, 4318873.193, 91
Trd, 4318873.543, 117
Trd, 4318874.393, 70
Trd, 4318875.343, 88
Trd, 4318875.493, 77
Trd, 4318877.293, 132
Trd, 4318877.693, 134
Trd, 4318877.793, 133
Trd, 4318878.243, 129
Trd, 4318879.393, 94
Trd, 4318879.493, 94
Trd, 4318880.543, 75
Trd, 4318880.593, 69
Trd, 4318881.143, 85
Trd, 4318882.043, 63
Trd, 4318882.393, 72
Trd, 4318882.743, 66
Trd, 4318883.543, 70
Trd, 4318884.293, 71
Trd, 4318885.193, 136
Trd, 4318885.793, 80
Trd, 4318885.843, 78
Trd, 4318886.493, 60
Trd, 4318887.143, 61
Trd, 4318887.893, 134
Trd, 4318890.393, 84
Trd, 4318891.693, 118
Trd, 4318891.843, 103
Trd, 4318892.343, 92
Trd, 4318892.443, 77
Trd, 4318892.643, 122
Trd, 4318895.493, 132
Trd, 4318896.293, 130
Trd, 4318896.443, 116
Trd, 4318896.843, 106
Trd, 4318897.743, 117
Trd, 4318898.043, 105
Trd, 4318898.593, 97
Trd, 4318899.343, 137
Trd, 4318902.143, 114
Trd, 4318902.543, 114
Trd, 4318902.693, 96
Trd, 4318902.893, 91
Trd, 4318902.943, 87
Trd, 4318903.143, 93
Trd, 4318904.143, 65
Trd, 4318904.593, 90
Trd, 4318905.243, 77
Trd, 4318905.443, 74
Trd, 4318906.493, 68
Trd, 4318906.643, 71
Trd, 4318907.043, 67
Trd, 4318907.593, 60
Trd, 4318907.743, 88
Trd, 4318907.993, 67
Trd, 4318909.343, 60
Trd, 4318910.443, 67
Trd, 4318910.593, 77
Trd, 4318911.443, 63
Trd, 4318913.693, 62
Trd, 4318914.243, 60
Trd, 4318914.443, 63
Trd, 4318914.693, 74
Trd, 4318914.993, 61
Trd, 4318915.793, 136
Trd, 4318915.893, 135
Trd, 4318916.393, 106
Trd, 4318916.493, 99
Trd, 4318917.543, 122
Trd, 4318917.593, 98
Trd, 4318917.993, 96
Trd, 4318918.293, 90
Trd, 4318918.793, 135
Trd, 4318919.143, 125
Trd, 4318920.993, 111
Trd, 4318921.993, 130
Trd, 4318922.293, 101
Trd, 4318922.793, 121
Trd, 4318922.943, 109
Trd, 4318923.193, 127
Trd, 4318923.593, 91
Trd, 4318924.593, 84
Trd, 4318925.493, 129
Trd, 4318926.493, 134
Trd, 4318926.843, 84
Trd, 4318926.943, 81
Trd, 4318927.943, 61
Trd, 4318928.643, 68
Trd, 4318929.293, 69
Trd, 4318930.243, 69
Trd, 4318931.443, 116
Trd, 4318931.943, 126
Trd, 4318932.243, 103
Trd, 4318932.493, 75
Trd, 4318933.393, 60
Trd, 4318933.743, 105
Trd, 4318934.043, 107
Trd, 4318934.993, 116
Trd, 4318935.443, 60
Trd, 4318937.093, 62
Trd, 4318937.393, 62
Trd, 4318938.643, 60
Trd, 4318938.943, 64
Trd, 4318939.043, 73
Trd, 4318939.743, 60
Trd, 4318941.493, 111
Trd, 4318941.593, 77
Trd, 4318942.643, 84
Trd, 4318943.243, 101
Trd, 4318943.493, 85
Trd, 4318944.593, 88
Trd, 4318944.793, 87
Trd, 4318945.143, 68
Trd, 4318945.293, 60
Trd, 4318945.443, 64
Trd, 4318946.193, 70
Trd, 4318947.843, 88
Trd, 4318948.793, 62
Trd, 4318949.093, 89
Trd, 4318949.443, 132
Trd, 4318950.843, 106
Trd, 4318951.243, 95
Trd, 4318951.943, 96
Trd, 4318953.793, 67
Trd, 4318954.393, 63
Trd, 4318954.593, 76
Trd, 4318954.943, 102
Trd, 4318954.993, 97
Trd, 4318955.943, 67
Trd, 4318956.143, 79
Trd, 4318956.793, 79
Trd, 4318957.493, 92
Trd, 4318958.593, 94
Trd, 4318959.243, 82
Trd, 4318959.843, 130
Trd, 4318960.043, 129
Trd, 4318960.443, 78
Trd, 4318960.693, 74
Trd, 4318961.393, 80
Trd, 4318961.693, 65
Trd, 4318963.143, 65
Trd, 4318963.643, 81
Trd, 4318964.993, 108
Trd, 4318965.843, 99
Trd, 4318967.743, 109
Trd, 4318967.793, 108
Trd, 4318968.093, 103
Trd, 4318968.543, 102
Trd, 4318968.643, 89
Trd, 4318969.093, 85
Trd, 4318971.093, 93
Trd, 4318971.343, 102
Trd, 4318972.143, 123
Trd, 4318972.293, 107
Trd, 4318972.843, 126
Trd, 4318972.993, 76
Trd, 4318973.443, 61
Trd, 4318974.743, 66
Trd, 4318975.543, 62
Trd, 4318975.993, 67
Trd, 4318976.943, 72
Trd, 4318977.543, 67
Trd, 4318977.593, 76
Trd, 4318978.643, 80
Trd, 4318979.193, 80
Trd, 4318979.493, 84
Trd, 4318980.343, 89
Trd, 4318980.793, 61
Trd, 4318981.443, 78
Trd, 4318982.993, 67
Trd, 4318983.293, 69
Trd, 4318983.443, 79
Trd, 4318984.893, 97
Trd, 4318985.193, 101
Trd, 4318986.793, 120
Trd, 4318986.943, 119
Trd, 4318987.943, 89
Trd, 4318988.693, 94
Trd, 4318989.443, 119
Trd, 4318990.193, 120
Trd, 4318990.493, 102
Trd, 4318991.843, 96
Trd, 4318993.693, 118
Trd, 4318993.793, 120
Trd, 4318994.693, 114
Trd, 4318994.943, 99
Trd, 4318995.243, 91
Trd, 4318995.393, 73
Trd, 4318997.293, 116
Trd, 4318998.243, 74
Trd, 4318998.993, 126
Trd, 4318999.743, 99
Trd, 4319000.943, 66
Trd, 4319001.593, 62
Trd, 4319001.943, 65
Trd, 4319002.193, 77
Trd, 4319002.643, 70
Trd, 4319004.493, 85
Trd, 4319005.493, 60
Trd, 4319005.593, 60
Trd, 4319006.143, 94
Trd, 4319006.393, 93
Trd, 4319007.043, 98
Trd, 4319007.993, 138
Trd, 4319009.343, 106
Trd, 4319009.543, 105
Trd, 4319009.693, 96
Trd, 4319009.943, 85
Trd, 4319010.443, 90
Trd, 4319011.493, 99
Trd, 4319011.593, 117
Trd, 4319011.843, 108
Trd, 4319012.643, 61
Trd, 4319013.643, 65
Trd, 4319014.643, 64
Trd, 4319015.993, 65
Trd, 4319016.743, 78
Trd, 4319017.893, 67
Trd, 4319018.343, 66
Trd, 4319018.593, 64
Trd, 4319019.843, 89
Trd, 4319020.593, 98
Trd, 4319020.643, 75
Trd, 4319021.393, 132
Trd, 4319023.093, 95
Trd, 4319024.093, 88
Trd, 4319024.193, 85
Trd, 4319024.543, 131
Trd, 4319024.643, 128
Trd, 4319024.943, 112
Trd, 4319025.593, 80
Trd, 4319026.993, 77
Trd, 4319027.493, 68
Trd, 4319027.543, 60
Trd, 4319028.693, 72
Trd, 4319029.443, 67
Trd, 4319029.943, 79
Trd, 4319030.943, 65
Trd, 4319031.593, 60
Trd, 4319032.243, 69
Trd, 4319033.843, 60
Trd, 4319034.443, 64
Trd, 4319035.093, 89
Trd, 4319035.193, 86
Trd, 4319035.443, 93
Trd, 4319036.293, 102
Trd, 4319036.893, 117
Trd, 4319037.193, 63
Trd, 4319037.943, 74
Trd, 4319039.243, 63
Trd, 4319041.043, 106
Trd, 4319041.893, 105
Trd, 4319043.193, 117
Trd, 4319043.743, 121
Trd, 4319044.193, 128
Trd, 4319044.243, 107
Trd, 4319044.693, 134
Trd, 4319045.543, 121
Trd, 4319046.093, 93
Trd, 4319046.443, 91
Trd, 4319046.493, 88
Trd, 4319047.043, 94
Trd, 4319047.743, 72
Trd, 4319048.093, 61
Trd, 4319050.043, 68
Trd, 4319050.793, 60
Trd, 4319050.893, 70
Trd, 4319052.043, 109
Trd, 4319052.593, 108
Trd, 4319053.643, 115
Trd, 4319054.443, 99
Trd, 4319054.593, 73
Trd, 4319056.493, 98
Trd, 4319056.543, 88
Trd, 4319057.443, 76
Trd, 4319057.843, 65
Trd, 4319058.043, 64
Trd, 4319060.093, 83
Trd, 4319061.293, 70
Trd, 4319061.493, 69
Trd, 4319062.093, 70
Trd, 4319062.243, 86
Trd, 4319063.293, 89
Trd, 4319064.293, 122
Trd, 4319064.643, 126
Trd, 4319065.693, 91
Trd, 4319066.193, 94
Trd, 4319066.393, 69
Trd, 4319067.043, 105
Trd, 4319067.343, 69
Trd, 4319068.543, 70
Trd, 4319069.193, 76
Trd, 4319070.143, 102
Trd, 4319070.193, 74
Trd, 4319071.793, 106
Trd, 4319072.243, 103
Trd, 4319072.493, 92
Trd, 4319073.443, 133
Trd, 4319073.993, 107
Trd, 4319074.093, 106
Trd, 4319074.593, 105
Trd, 4319075.143, 79
Trd, 4319075.293, 67
Trd, 4319076.143, 139
Trd, 4319077.643, 88
Trd, 4319078.743, 125
Trd, 4319079.393, 96
Trd, 4319080.643, 106
Trd, 4319081.093, 97
Trd, 4319081.343, 96
Trd, 4319082.593, 101
Trd, 4319082.843, 96
Trd, 4319083.593, 91
Trd, 4319084.543, 80
Trd, 4319084.893, 79
Trd, 4319085.043, 89
Trd, 4319085.643, 130
Trd, 4319086.893, 107
Trd, 4319086.993, 93
Trd, 4319087.043, 81
Trd, 4319087.643, 101
Trd, 4319088.543, 110
Trd, 4319089.293, 78
Trd, 4319090.943, 132
Trd, 4319091.643, 92
Trd, 4319091.843, 78
Trd, 4319092.593, 113
Trd, 4319092.743, 105
Trd, 4319093.493, 102
Trd, 4319094.093, 73
Trd, 4319094.443, 72
Trd, 4319094.893, 87
Trd, 4319094.993, 68
Trd, 4319097.343, 132
Trd, 4319097.843, 117
Trd, 4319098.743, 125
Trd, 4319098.793, 110
Trd, 4319099.243, 120
Trd, 4319099.993, 84
Trd, 4319101.793, 128
Trd, 4319102.293, 118
Trd, 4319102.643, 117
Trd, 4319102.793, 111
Trd, 4319103.043, 135
Trd, 4319103.843, 117
Trd, 4319104.793, 122
Trd, 4319105.143, 123
Trd, 4319105.543, 96
Trd, 4319106.393, 129
Trd, 4319107.293, 115
Trd, 4319107.343, 106
Trd, 4319107.643, 98
Trd, 4319108.293, 84
Trd, 4319109.593, 96
Trd, 4319110.793, 90
Trd, 4319111.543, 86
Trd, 4319111.593, 89
Trd, 4319113.143, 114
Trd, 4319113.843, 135
Trd, 4319113.943, 108
Trd, 4319114.893, 87
Trd, 4319115.343, 102
Trd, 4319115.493, 84
Trd, 4319115.943, 69
Trd, 4319116.143, 121
Trd, 4319116.943, 134
Trd, 4319117.193, 85
Trd, 4319117.693, 89
Trd, 4319117.943, 82
Trd, 4319119.443, 60
Trd, 4319120.093, 64
Trd, 4319120.643, 75
Trd, 4319121.343, 124
Trd, 4319121.593, 95
Trd, 4319121.993, 119
Trd, 4319123.943, 132
Trd, 4319123.993, 108
Trd, 4319125.343, 129
Trd, 4319125.693, 80
Trd, 4319125.993, 74
Trd, 4319126.243, 78
Trd, 4319126.593, 95
Trd, 4319128.793, 128
Trd, 4319129.693, 94
Trd, 4319130.243, 96
Trd, 4319131.343, 115
Trd, 4319131.393, 79
Trd, 4319131.943, 109
Trd, 4319132.193, 111
Trd, 4319133.343, 106
Trd, 4319133.493, 94
Trd, 4319134.843, 134
Trd, 4319134.943, 119
Trd, 4319135.343, 124
Trd, 4319136.243, 98
Trd, 4319137.343, 91
Trd, 4319138.243, 108
Trd, 4319138.743, 76
Trd, 4319138.943, 120
Trd, 4319140.493, 61
Trd, 4319140.593, 68
Trd, 4319140.943, 62
Trd, 4319141.743, 61
Trd, 4319142.543, 67
Trd, 4319142.943, 76
Trd, 4319143.093, 69
Trd, 4319143.343, 75
Trd, 4319144.393, 62
Trd, 4319144.543, 65
Trd, 4319146.493, 62
Trd, 4319146.893, 75
Trd, 4319147.443, 76
Trd, 4319147.843, 75
Trd, 4319149.143, 60
Trd, 4319149.243, 73
Trd, 4319149.693, 85
Trd, 4319150.093, 64
Trd, 4319150.443, 111
Trd, 4319150.843, 110
Trd, 4319151.493, 96
Trd, 4319151.743, 110
Trd, 4319152.893, 88
Trd, 4319154.343, 87
Trd, 4319154.393, 83
Trd, 4319155.693, 86
Trd, 4319156.193, 83
Trd, 4319156.243, 81
Trd, 4319157.343, 64
Trd, 4319158.243, 75
Trd, 4319158.643, 68
Trd, 4319159.293, 96
Trd, 4319159.543, 100
Trd, 4319160.343, 120
Trd, 4319160.843, 111
Trd, 4319161.993, 83
Trd, 4319162.943, 109
Trd, 4319164.843, 99
Trd, 4319164.893, 87
Trd, 4319165.743, 126
Trd, 4319166.743, 135
Trd, 4319167.043, 120
Trd, 4319167.093, 105
Trd, 4319167.593, 104
Trd, 4319168.393, 123
Trd, 4319168.643, 101
Trd, 4319168.993, 101
Trd, 4319169.693, 98
Trd, 4319170.743, 105
Trd, 4319171.393, 101
Trd, 4319171.893, 98
Trd, 4319172.743, 109
Trd, 4319173.493, 115
Trd, 4319174.993, 120
Trd, 4319175.943, 95
Trd, 4319176.593, 103
Trd, 4319176.793, 102
Trd, 4319177.043, 92
Trd, 4319177.343, 120
Trd, 4319178.393, 104
Trd, 4319179.193, 140
Trd, 4319179.393, 106
Trd, 4319179.893, 96
Trd, 4319181.193, 94
Trd, 4319181.493, 86
Trd, 4319181.693, 83
Trd, 4319181.743, 75
Trd, 4319183.943, 108
Trd, 4319184.043, 68
Trd, 4319184.993, 110
Trd, 4319186.043, 82
Trd, 4319187.243, 95
Trd, 4319187.793, 95
Trd, 4319188.043, 78
Trd, 4319188.143, 106
Trd, 4319188.493, 75
Trd, 4319189.443, 62
Trd, 4319189.793, 62
Trd, 4319190.093, 61
Trd, 4319191.843, 120
Trd, 4319191.993, 112
Trd, 4319192.143, 76
Trd, 4319192.393, 126
Trd, 4319193.993, 70
Trd, 4319194.243, 70
Trd, 4319194.393, 71
Trd, 4319194.743, 128
Trd, 4319196.943, 135
Trd, 4319197.293, 101
Trd, 4319198.143, 85
Trd, 4319198.243, 78
Trd, 4319200.093, 125
Trd, 4319200.143, 124
Trd, 4319200.543, 118
Trd, 4319201.043, 125
Trd, 4319201.743, 118
Trd, 4319201.893, 114
Trd, 4319202.443, 74
Trd, 4319203.843, 60
Trd, 4319204.843, 88
Trd, 4319205.343, 91
Trd, 4319206.293, 66
Trd, 4319206.393, 69
Trd, 4319206.493, 87
Trd, 4319207.893, 82
Trd, 4319208.443, 102
Trd, 4319208.693, 85
Trd, 4319208.943, 116
Trd, 4319208.993, 81
Trd, 4319210.693, 119
Trd, 4319210.943, 107
Trd, 4319211.843, 106
Trd, 4319212.493, 75
Trd, 4319212.693, 75
Trd, 4319214.543, 108
Trd, 4319214.693, 90
Trd, 4319214.893, 107
Trd, 4319215.143, 104
Trd, 4319216.443, 100
Trd, 4319217.643, 89
Trd, 4319218.143, 115
Trd, 4319218.693, 119
Trd, 4319219.193, 86
Trd, 4319219.343, 84
Trd, 4319220.243, 135
Trd, 4319220.643, 118
Trd, 4319220.993, 93
Trd, 4319221.893, 113
Trd, 4319222.043, 107
Trd, 4319222.243, 119
Trd, 4319224.643, 66
Trd, 4319224.943, 62
Trd, 4319225.793, 108
Trd, 4319226.993, 109
Trd, 4319227.343, 100
Trd, 4319227.893, 92
Trd, 4319227.993, 98
Trd, 4319228.043, 86
Trd, 4319228.693, 93
Trd, 4319229.293, 117
Trd, 4319229.343, 103
Trd, 4319230.693, 67
Trd, 4319231.243, 84
Trd, 4319233.343, 61
Trd, 4319233.693, 71
Trd, 4319234.843, 85
Trd, 4319235.443, 112
Trd, 4319235.643, 80
Trd, 4319235.793, 73
Trd, 4319235.843, 81
Trd, 4319237.643, 106
Trd, 4319239.343, 111
Trd, 4319239.493, 110
Trd, 4319239.643, 83
Trd, 4319240.193, 119
Trd, 4319241.143, 120
Trd, 4319241.493, 112
Trd, 4319242.593, 101
Trd, 4319244.393, 89
Trd, 4319244.443, 75
Trd, 4319245.193, 68
Trd, 4319245.493, 86
Trd, 4319246.693, 111
Trd, 4319246.893, 98
Trd, 4319247.243, 98
Trd, 4319247.643, 99
Trd, 4319247.793, 97
Trd, 4319249.493, 111
Trd, 4319250.443, 104
Trd, 4319250.743, 96
Trd, 4319250.843, 84
Trd, 4319251.343, 107
Trd, 4319252.793, 119
Trd, 4319252.843, 104
Trd, 4319253.543, 60
Trd, 4319254.193, 69
Trd, 4319255.443, 96
Trd, 4319255.693, 96
Trd, 4319256.443, 117
Trd, 4319257.393, 112
Trd, 4319257.543, 98
Trd, 4319258.643, 111
Trd, 4319258.943, 137
Trd, 4319258.993, 94
Trd, 4319260.043, 72
Trd, 4319261.543, 96
Trd, 4319262.443, 97
Trd, 4319264.943, 72
Trd, 4319265.093, 61
Trd, 4319265.593, 83
Trd, 4319265.843, 67
Trd, 4319266.143, 100
Trd, 4319266.493, 79
Trd, 4319267.293, 130
Trd, 4319267.543, 110
Trd, 4319268.943, 117
Trd, 4319269.443, 106
Trd, 4319270.043, 102
Trd, 4319270.443, 91
Trd, 4319270.793, 104
Trd, 4319271.493, 136
Trd, 4319272.143, 129
Trd, 4319273.843, 108
Trd, 4319274.643, 102
Trd, 4319275.143, 102
Trd, 4319276.043, 136
Trd, 4319276.143, 108
Trd, 4319277.443, 118
Trd, 4319277.743, 102
Trd, 4319278.043, 76
Trd, 4319278.593, 94
Trd, 4319279.693, 92
Trd, 4319280.043, 66
Trd, 4319280.143, 77
Trd, 4319281.093, 97
Trd, 4319281.493, 85
Trd, 4319282.493, 116
Trd, 4319282.843, 92
Trd, 4319284.443, 60
Trd, 4319285.893, 68
Trd, 4319286.643, 61
Trd, 4319286.793, 71
Trd, 4319286.993, 116
Trd, 4319287.743, 61
Trd, 4319289.943, 104
Trd, 4319291.143, 102
Trd, 4319291.193, 98
Trd, 4319291.393, 111
Trd, 4319292.343, 129
Trd, 4319292.843, 88
Trd, 4319293.093, 86
Trd, 4319293.243, 84
Trd, 4319293.643, 83
Trd, 4319293.893, 99
Trd, 4319294.943, 99
Trd, 4319295.693, 112
Trd, 4319295.893, 98
Trd, 4319297.093, 82
Trd, 4319297.593, 77
Trd, 4319298.293, 110
Trd, 4319298.893, 117
Trd, 4319299.093, 93
Trd, 4319299.593, 106
Trd, 4319300.843, 114
Trd, 4319301.543, 94
Trd, 4319301.993, 85
Trd, 4319302.193, 76
Trd, 4319302.543, 136
Trd, 4319303.193, 129
Trd, 4319303.793, 80
Trd, 4319303.943, 76
Trd, 4319304.743, 75
Trd, 4319305.993, 86
Trd, 4319307.693, 126
Trd, 4319307.893, 112
Trd, 4319308.043, 109
Trd, 4319309.343, 116
Trd, 4319310.143, 91
Trd, 4319310.543, 63
Trd, 4319311.693, 68
Trd, 4319311.843, 76
Trd, 4319312.043, 70
Trd, 4319312.993, 106
Trd, 4319313.293, 90
Trd, 4319314.593, 60
Trd, 4319314.743, 77
Trd, 4319315.543, 70
Trd, 4319315.593, 88
Trd, 4319316.893, 104
Trd, 4319317.793, 117
Trd, 4319318.243, 106
Trd, 4319318.543, 105
Trd, 4319318.593, 92
Trd, 4319318.843, 62
Trd, 4319321.143, 90
Trd, 4319322.043, 78
Trd, 4319323.043, 65
Trd, 4319323.343, 67
Trd, 4319323.543, 71
Trd, 4319323.893, 63
Trd, 4319324.143, 60
Trd, 4319325.843, 75
Trd, 4319326.993, 123
Trd, 4319327.293, 137
Trd, 4319328.043, 67
Trd, 4319328.243, 87
Trd, 4319328.743, 81
Trd, 4319330.943, 97
Trd, 4319331.393, 94
Trd, 4319331.743, 94
Trd, 4319331.993, 74
Trd, 4319333.443, 130
Trd, 4319333.643, 122
Trd, 4319334.293, 110
Trd, 4319334.743, 126
Trd, 4319335.593, 67
Trd, 4319336.693, 86
Trd, 4319337.343, 112
Trd, 4319337.443, 93
Trd, 4319338.343, 111
Trd, 4319338.443, 88
Trd, 4319339.093, 78
Trd, 4319341.093, 92
Trd, 4319341.393, 88
Trd, 4319341.443, 85
Trd, 4319341.493, 82
Trd, 4319343.143, 86
Trd, 4319343.743, 88
Trd, 4319343.993, 65
Trd, 4319344.393, 63
Trd, 4319345.993, 84
Trd, 4319348.293, 92
Trd, 4319348.793, 87
Trd, 4319348.943, 123
Trd, 4319349.743, 88
Trd, 4319350.243, 72
Trd, 4319351.193, 60
Trd, 4319351.643, 65
Trd, 4319352.643, 62
Trd, 4319353.993, 62
Trd, 4319354.143, 65
Trd, 4319354.443, 61
Trd, 4319355.043, 111
Trd, 4319356.043, 115
Trd, 4319356.243, 100
Trd, 4319358.243, 119
Trd, 4319358.343, 111
Trd, 4319358.993, 105
Trd, 4319359.843, 103
Trd, 4319361.043, 116
Trd, 4319361.543, 130
Trd, 4319361.743, 112
Trd, 4319362.093, 101
Trd, 4319363.593, 103
Trd, 4319363.943, 84
Trd, 4319364.443, 73
Trd, 4319365.843, 129
Trd, 4319366.093, 106
Trd, 4319366.543, 82
Trd, 4319367.143, 76
Trd, 4319367.543, 67
Trd, 4319369.043, 77
Trd, 4319369.343, 79
Trd, 4319370.193, 75
Trd, 4319371.693, 99
Trd, 4319372.243, 107
Trd, 4319372.543, 91
Trd, 4319373.743, 70
Trd, 4319374.393, 83
Trd, 4319375.143, 71
Trd, 4319375.293, 98
Trd, 4319375.393, 71
Trd, 4319375.593, 110
Trd, 4319375.693, 70
Trd, 4319376.393, 136
Trd, 4319377.243, 129
Trd, 4319377.643, 76
Trd, 4319378.743, 107
Trd, 4319379.993, 82
Trd, 4319380.393, 108
Trd, 4319380.943, 123
Trd, 4319382.443, 67
Trd, 4319382.593, 65
Trd, 4319383.443, 138
Trd, 4319384.543, 68
Trd, 4319385.393, 74
Trd, 4319385.643, 76
Trd, 4319386.343, 70
Trd, 4319386.443, 65
Trd, 4319386.793, 82
Trd, 4319388.293, 60
Trd, 4319388.943, 64
Trd, 4319389.243, 65
Trd, 4319389.443, 73
Trd, 4319390.243, 98
Trd, 4319390.843, 102
Trd, 4319390.943, 93
Trd, 4319392.193, 72
Trd, 4319392.643, 70
Trd, 4319392.843, 60
Trd, 4319393.493, 83
Trd, 4319393.893, 109
Trd, 4319395.843, 122
Trd, 4319397.143, 135
Trd, 4319397.243, 134
Trd, 4319397.293, 118
Trd, 4319397.743, 105
Trd, 4319397.793, 101
Trd, 4319398.593, 120
Trd, 4319398.993, 93
Trd, 4319399.143, 80
Trd, 4319400.593, 119
Trd, 4319400.793, 70
Trd, 4319401.793, 103
Trd, 4319401.893, 102
Trd, 4319403.343, 89
Trd, 4319403.643, 89
Trd, 4319404.793, 104
Trd, 4319405.193, 128
Trd, 4319405.643, 101
Trd, 4319405.943, 66
Trd, 4319407.193, 112
Trd, 4319407.393, 96
Trd, 4319408.193, 75
Trd, 4319409.343, 60
Trd, 4319409.943, 129
Trd, 4319410.043, 81
Trd, 4319411.293, 83
Trd, 4319411.393, 133
Trd, 4319412.393, 62
Trd, 4319412.443, 69
Trd, 4319414.343, 73
Trd, 4319414.443, 82
Trd, 4319416.093, 63
Trd, 4319416.543, 130
Trd, 4319417.393, 106
Trd, 4319417.543, 99
Trd, 4319418.793, 92
Trd, 4319419.043, 88
Trd, 4319419.093, 84
Trd, 4319419.943, 96
Trd, 4319420.193, 78
Trd, 4319420.893, 68
Trd, 4319421.743, 76
Trd, 4319422.993, 84
Trd, 4319423.593, 85
Trd, 4319423.893, 98
Trd, 4319425.493, 136
Trd, 4319425.643, 126
Trd, 4319425.843, 121
Trd, 4319426.493, 74
Trd, 4319426.693, 84
Trd, 4319427.443, 134
Trd, 4319427.993, 73
Trd, 4319428.493, 104
Trd, 4319429.243, 80
Trd, 4319430.693, 87
Trd, 4319430.943, 88
Trd, 4319431.043, 86
Trd, 4319431.543, 65
Trd, 4319432.493, 110
Trd, 4319433.293, 106
Trd, 4319433.693, 96
Trd, 4319434.543, 107
Trd, 4319435.143, 120
Trd, 4319436.193, 126
Trd, 4319436.443, 104
Trd, 4319437.443, 98
Trd, 4319438.443, 133
Trd, 4319438.943, 88
Trd, 4319439.543, 132
Trd, 4319439.843, 124
Trd, 4319440.493, 118
Trd, 4319440.943, 104
Trd, 4319441.143, 103
Trd, 4319443.243, 130
Trd, 4319443.293, 97
Trd, 4319444.043, 118
Trd, 4319444.743, 73
Trd, 4319446.143, 106
Trd, 4319447.343, 90
Trd, 4319448.093, 91
Trd, 4319448.493, 84
Trd, 4319449.643, 61
Trd, 4319449.943, 63
Trd, 4319450.693, 71
Trd, 4319450.993, 113
Trd, 4319451.393, 62
Trd, 4319452.143, 70
Trd, 4319452.793, 115
Trd, 4319453.443, 108
Trd, 4319453.543, 91
Trd, 4319454.093, 118
Trd, 4319454.393, 95
Trd, 4319455.393, 132
Trd, 4319456.143, 93
Trd, 4319456.443, 79
Trd, 4319457.393, 72
Trd, 4319457.893, 70
Trd, 4319458.543, 66
Trd, 4319458.743, 70
Trd, 4319459.743, 74
Trd, 4319460.543, 130
Trd, 4319460.643, 114
Trd, 4319461.593, 101
Trd, 4319461.943, 90
Trd, 4319462.393, 107
Trd, 4319462.893, 69
Trd, 4319463.343, 96
Trd, 4319464.393, 73
Trd, 4319464.743, 84
Trd, 4319465.593, 63
Trd, 4319465.843, 64
Trd, 4319466.243, 106
Trd, 4319466.943, 104
Trd, 4319468.293, 117
Trd, 4319468.343, 72
Trd, 4319471.193, 100
Trd, 4319471.743, 88
Trd, 4319471.943, 102
Trd, 4319471.993, 84
Trd, 4319472.193, 78
Trd, 4319473.643, 67
Trd, 4319475.343, 64
Trd, 4319475.543, 68
Trd, 4319476.693, 66
Trd, 4319477.243, 91
Trd, 4319477.343, 72
Trd, 4319477.843, 78
Trd, 4319479.443, 103
Trd, 4319479.693, 99
Trd, 4319480.193, 97
Trd, 4319481.193, 90
Trd, 4319482.143, 90
Trd, 4319482.443, 104
Trd, 4319482.793, 90
Trd, 4319482.843, 84
Trd, 4319483.493, 71
Trd, 4319484.543, 95
Trd, 4319484.843, 105
Trd, 4319484.943, 97
Trd, 4319485.893, 120
Trd, 4319487.043, 80
Trd, 4319487.843, 60
Trd, 4319489.293, 119
Trd, 4319489.693, 112
Trd, 4319489.793, 66
Trd, 4319490.243, 60
Trd, 4319490.593, 79
Trd, 4319491.293, 106
Trd, 4319491.543, 122
Trd, 4319492.693, 63
Trd, 4319493.643, 66
Trd, 4319494.293, 95
Trd, 4319495.843, 81
Trd, 4319496.093, 83
Trd, 4319497.743, 89
Trd, 4319498.443, 79
Trd, 4319498.493, 74
Trd, 4319498.943, 78
Trd, 4319499.493, 98
Trd, 4319501.843, 104
Trd, 4319501.893, 111
Trd, 4319502.843, 130
Trd, 4319502.993, 98
Trd, 4319504.643, 82
Trd, 4319506.443, 113
Trd, 4319506.643, 106
Trd, 4319506.893, 83
Trd, 4319508.493, 132
Trd, 4319508.593, 113
Trd, 4319509.043, 112
Trd, 4319509.743, 93
Trd, 4319509.943, 100
Trd, 4319510.043, 89
Trd, 4319510.143, 65
Trd, 4319512.393, 63
Trd, 4319512.843, 100
Trd, 4319513.593, 113
Trd, 4319515.543, 61
Trd, 4319515.693, 68
Trd, 4319516.243, 72
Trd, 4319516.543, 65
Trd, 4319517.593, 95
Trd, 4319517.843, 70
Trd, 4319517.993, 106
Trd, 4319518.293, 62
Trd, 4319518.593, 63
Trd, 4319519.643, 133
Trd, 4319520.043, 63
Trd, 4319521.593, 95
Trd, 4319523.043, 124
Trd, 4319523.393, 136
Trd, 4319524.343, 120
Trd, 4319525.643, 113
Trd, 4319526.143, 92
Trd, 4319526.993, 86
Trd, 4319527.243, 84
Trd, 4319527.943, 132
Trd, 4319527.993, 116
Trd, 4319528.293, 91
Trd, 4319528.593, 133
Trd, 4319529.693, 120
Trd, 4319529.993, 79
Trd, 4319530.143, 76
Trd, 4319531.443, 66
Trd, 4319531.643, 63
Trd, 4319532.843, 61
Trd, 4319533.193, 60
Trd, 4319533.543, 70
Trd, 4319534.243, 117
Trd, 4319534.993, 77
Trd, 4319536.243, 70
Trd, 4319536.843, 70
Trd, 4319537.493, 96
Trd, 4319538.593, 65
Trd, 4319539.843, 60
Trd, 4319540.193, 84
Trd, 4319541.343, 67
Trd, 4319541.393, 66
Trd, 4319541.443, 68
Trd, 4319541.793, 90
Trd, 4319543.093, 109
Trd, 4319544.293, 94
Trd, 4319544.393, 90
Trd, 4319544.593, 76
Trd, 4319545.793, 60
Trd, 4319547.143, 99
Trd, 4319547.293, 83
Trd, 4319547.643, 79
Trd, 4319547.693, 93
Trd, 4319547.743, 77
Trd, 4319548.043, 74
Trd, 4319548.793, 114
Trd, 4319549.243, 113
Trd, 4319549.993, 60
Trd, 4319551.943, 115
Trd, 4319553.343, 127
Trd, 4319553.593, 111
Trd, 4319554.543, 92
Trd, 4319554.793, 86
Trd, 4319555.843, 81
Trd, 4319556.193, 119
Trd, 4319557.143, 84
Trd, 4319557.293, 77
Trd, 4319557.843, 97
Trd, 4319558.143, 98
Trd, 4319558.743, 82
Trd, 4319559.943, 101
Trd, 4319561.743, 61
Trd, 4319562.193, 131
Trd, 4319564.143, 120
Trd, 4319564.343, 119
Trd, 4319564.943, 115
Trd, 4319565.443, 89
Trd, 4319565.593, 95
Trd, 4319566.343, 128
Trd, 4319566.893, 114
Trd, 4319567.843, 108
Trd, 4319569.643, 100
Trd, 4319570.093, 98
Trd, 4319571.193, 132
Trd, 4319571.443, 87
Trd, 4319572.093, 89
Trd, 4319573.043, 103
Trd, 4319573.143, 110
Trd, 4319574.393, 117
Trd, 4319574.843, 115
Trd, 4319574.993, 102
Trd, 4319575.593, 70
Trd, 4319576.593, 103
Trd, 4319576.643, 83
Trd, 4319577.493, 92
Trd, 4319579.043, 60
Trd, 4319579.843, 64
Trd, 4319580.543, 83
Trd, 4319580.793, 84
Trd, 4319581.893, 82
Trd, 4319583.193, 70
Trd, 4319583.293, 69
Trd, 4319583.543, 88
Trd, 4319583.993, 87
Trd, 4319584.293, 115
Trd, 4319584.843, 66
Trd, 4319584.943, 63
Trd, 4319586.493, 65
Trd, 4319586.993, 69
Trd, 4319587.443, 71
Trd, 4319587.843, 64
Trd, 4319589.243, 117
Trd, 4319589.493, 116
Trd, 4319590.593, 116
Trd, 4319591.293, 121
Trd, 4319591.393, 120
Trd, 4319592.643, 109
Trd, 4319592.793, 107
Trd, 4319593.193, 106
Trd, 4319593.393, 136
Trd, 4319594.243, 106
Trd, 4319595.443, 108
Trd, 4319595.693, 122
Trd, 4319595.843, 107
Trd, 4319597.043, 114
Trd, 4319598.343, 111
Trd, 4319598.743, 87
Trd, 4319598.943, 116
Trd, 4319598.993, 102
Trd, 4319599.043, 84
Trd, 4319599.593, 79
Trd, 4319600.593, 96
Trd, 4319602.093, 114
Trd, 4319602.193, 124
Trd, 4319603.643, 127
Trd, 4319603.893, 106
Trd, 4319603.943, 100
Trd, 4319604.443, 69
Trd, 4319604.693, 71
Trd, 4319605.843, 103
Trd, 4319607.443, 97
Trd, 4319607.893, 122
Trd, 4319607.943, 85
Trd, 4319608.343, 111
Trd, 4319609.243, 114
Trd, 4319609.293, 83
Trd, 4319609.893, 121
Trd, 4319610.943, 140
Trd, 4319610.993, 111
Trd, 4319611.743, 119
Trd, 4319612.293, 104
Trd, 4319613.243, 90
Trd, 4319613.643, 84
Trd, 4319613.843, 76
Trd, 4319614.943, 63
Trd, 4319615.343, 96
Trd, 4319617.543, 60
Trd, 4319617.893, 82
Trd, 4319618.593, 102
Trd, 4319618.743, 107
Trd, 4319619.243, 91
Trd, 4319620.693, 108
Trd, 4319620.843, 89
Trd, 4319620.993, 87
Trd, 4319621.393, 93
Trd, 4319622.443, 90
Trd, 4319622.593, 87
Trd, 4319623.493, 85
Trd, 4319624.493, 60
Trd, 4319624.693, 74
Trd, 4319625.093, 121
Trd, 4319625.543, 69
Trd, 4319626.493, 133
Trd, 4319626.643, 117
Trd, 4319627.243, 83
Trd, 4319627.643, 121
Trd, 4319629.143, 61
Trd, 4319629.643, 133
Trd, 4319630.643, 64
Trd, 4319631.343, 130
Trd, 4319631.643, 121
Trd, 4319632.343, 84
Trd, 4319632.393, 83
Trd, 4319633.193, 73
Trd, 4319634.243, 69
Trd, 4319635.343, 60
Trd, 4319635.443, 61
Trd, 4319635.993, 101
Trd, 4319636.393, 119
Trd, 4319637.293, 119
Trd, 4319638.143, 107
Trd, 4319638.593, 106
Trd, 4319639.743, 105
Trd, 4319640.193, 86
Trd, 4319640.293, 83
Trd, 4319641.843, 125
Trd, 4319642.243, 123
Trd, 4319643.043, 112
Trd, 4319643.543, 126
Trd, 4319643.943, 125
Trd, 4319644.893, 113
Trd, 4319644.993, 110
Trd, 4319645.893, 70
Trd, 4319646.493, 89
Trd, 4319647.443, 122
Trd, 4319648.043, 85
Trd, 4319648.243, 65
Trd, 4319648.693, 101
Trd, 4319649.193, 93
Trd, 4319649.793, 132
Trd, 4319651.743, 79
Trd, 4319652.243, 98
Trd, 4319653.143, 84
Trd, 4319653.893, 80
Trd, 4319654.743, 65
Trd, 4319655.743, 64
Trd, 4319655.893, 63
Trd, 4319656.743, 104
Trd, 4319657.743, 92
Trd, 4319658.093, 86
Trd, 4319659.243, 64
Trd, 4319659.293, 65
Trd, 4319660.143, 65
Trd, 4319660.943, 109
Trd, 4319661.743, 108
Trd, 4319662.443, 102
Trd, 4319663.293, 77
Trd, 4319663.593, 81
Trd, 4319663.893, 80
Trd, 4319664.893, 118
Trd, 4319665.093, 107
Trd, 4319666.643, 95
Trd, 4319667.843, 97
Trd, 4319669.043, 85
Trd, 4319669.743, 82
Trd, 4319669.793, 73
Trd, 4319670.943, 84
Trd, 4319671.393, 85
Trd, 4319672.443, 136
Trd, 4319673.093, 88
Trd, 4319673.343, 97
Trd, 4319673.443, 80
Trd, 4319674.643, 86
Trd, 4319675.393, 74
Trd, 4319675.443, 73
Trd, 4319676.843, 98
Trd, 4319677.693, 79
Trd, 4319677.843, 77
Trd, 4319678.143, 66
Trd, 4319678.993, 81
Trd, 4319679.293, 84
Trd, 4319679.943, 81
Trd, 4319680.993, 126
Trd, 4319682.643, 76
Trd, 4319683.093, 97
Trd, 4319684.143, 137
Trd, 4319684.193, 101
Trd, 4319685.193, 66
Trd, 4319685.493, 98
Trd, 4319686.043, 89
Trd, 4319686.893, 67
Trd, 4319687.043, 69
Trd, 4319687.243, 95
Trd, 4319687.593, 72
Trd, 4319687.993, 78
Trd, 4319688.193, 72
Trd, 4319691.343, 62
Trd, 4319691.543, 68
Trd, 4319692.143, 67
Trd, 4319693.043, 79
Trd, 4319693.343, 66
Trd, 4319693.843, 72
Trd, 4319694.043, 68
Trd, 4319694.193, 65
Trd, 4319694.643, 104
Trd, 4319695.993, 132
Trd, 4319696.393, 114
Trd, 4319697.093, 89
Trd, 4319698.193, 65
Trd, 4319698.293, 60
Trd, 4319698.693, 61
Trd, 4319699.543, 128
Trd, 4319700.943, 114
Trd, 4319701.193, 107
Trd, 4319701.693, 61
Trd, 4319703.193, 105
Trd, 4319703.293, 98
Trd, 4319704.693, 98
Trd, 4319705.243, 108
Trd, 4319705.743, 82
Trd, 4319706.743, 101
Trd, 4319707.143, 101
Trd, 4319708.043, 119
Trd, 4319710.193, 127
Trd, 4319710.343, 112
Trd, 4319710.443, 102
Trd, 4319710.643, 76
Trd, 4319711.243, 62
Trd, 4319712.643, 111
Trd, 4319712.893, 115
Trd, 4319713.543, 108
Trd, 4319714.243, 128
Trd, 4319714.643, 98
Trd, 4319714.843, 62
Trd, 4319715.993, 81
Trd, 4319716.043, 69
Trd, 4319716.943, 65
Trd, 4319718.043, 61
Trd, 4319718.643, 105
Trd, 4319720.493, 126
Trd, 4319720.793, 115
Trd, 4319720.943, 114
Trd, 4319721.193, 105
Trd, 4319721.593, 128
Trd, 4319721.843, 113
Trd, 4319722.893, 110
Trd, 4319723.243, 92
Trd, 4319723.393, 137
Trd, 4319724.643, 137
Trd, 4319725.193, 83
Trd, 4319725.793, 128
Trd, 4319727.593, 103
Trd, 4319727.893, 132
Trd, 4319729.693, 126
Trd, 4319729.843, 120
Trd, 4319729.893, 115
Trd, 4319730.143, 94
Trd, 4319730.743, 115
Trd, 4319731.093, 80
Trd, 4319731.893, 88
Trd, 4319732.143, 72
Trd, 4319733.393, 79
Trd, 4319733.443, 78
Trd, 4319734.393, 60
Trd, 4319734.593, 93
Trd, 4319735.493, 100
Trd, 4319735.793, 77
Trd, 4319737.093, 106
Trd, 4319737.143, 94
Trd, 4319738.843, 113
Trd, 4319739.043, 104
Trd, 4319740.043, 74
Trd, 4319740.893, 88
Trd, 4319740.943, 84
Trd, 4319742.843, 117
Trd, 4319743.093, 110
Trd, 4319743.393, 133
Trd, 4319745.093, 122
Trd, 4319745.143, 113
Trd, 4319745.493, 108
Trd, 4319745.843, 139
Trd, 4319745.943, 93
Trd, 4319746.593, 75
Trd, 4319749.143, 60
Trd, 4319749.443, 62
Trd, 4319749.493, 63
Trd, 4319750.193, 64
Trd, 4319751.143, 72
Trd, 4319751.443, 61
Trd, 4319752.993, 137
Trd, 4319753.043, 124
Trd, 4319753.843, 125
Trd, 4319754.443, 108
Trd, 4319755.343, 107
Trd, 4319756.243, 103
Trd, 4319757.643, 116
Trd, 4319757.943, 115
Trd, 4319758.893, 112
Trd, 4319759.193, 110
Trd, 4319759.593, 94
Trd, 4319759.743, 87
Trd, 4319760.243, 73
Trd, 4319760.793, 107
Trd, 4319760.943, 77
Trd, 4319761.643, 61
Trd, 4319762.493, 83
Trd, 4319763.793, 61
Trd, 4319764.693, 82
Trd, 4319765.343, 104
Trd, 4319766.393, 116
Trd, 4319766.443, 110
Trd, 4319766.643, 105
Trd, 4319767.193, 117
Trd, 4319768.643, 116
Trd, 4319768.793, 73
Trd, 4319769.243, 134
Trd, 4319769.343, 111
Trd, 4319770.243, 82
Trd, 4319771.293, 94
Trd, 4319772.243, 105
Trd, 4319772.393, 98
Trd, 4319773.393, 90
Trd, 4319773.443, 85
Trd, 4319773.693, 68
Trd, 4319775.343, 116
Trd, 4319776.593, 111
Trd, 4319776.843, 101
Trd, 4319777.393, 84
Trd, 4319777.893, 130
Trd, 4319778.043, 72
Trd, 4319779.293, 63
Trd, 4319781.093, 124
Trd, 4319781.343, 110
Trd, 4319781.393, 107
Trd, 4319782.193, 61
Trd, 4319782.443, 86
Trd, 4319782.993, 60
Trd, 4319783.143, 108
Trd, 4319783.443, 90
Trd, 4319785.193, 109
Trd, 4319787.043, 104
Trd, 4319787.343, 96
Trd, 4319788.193, 117
Trd, 4319788.993, 64
Trd, 4319789.643, 61
Trd, 4319790.093, 61
Trd, 4319790.243, 122
Trd, 4319791.843, 119
Trd, 4319792.443, 88
Trd, 4319792.743, 87
Trd, 4319793.893, 94
Trd, 4319794.193, 135
Trd, 4319795.693, 126
Trd, 4319795.843, 113
Trd, 4319796.243, 131
Trd, 4319796.543, 93
Trd, 4319798.093, 132
Trd, 4319798.643, 104
Trd, 4319799.293, 91
Trd, 4319799.343, 87
Trd, 4319799.643, 88
Trd, 4319800.293, 108
Trd, 4319800.693, 90
Trd, 4319802.143, 78
Trd, 4319802.543, 60
Trd, 4319803.093, 70
Trd, 4319804.193, 90
Trd, 4319804.593, 84
Trd, 4319804.793, 83
Trd, 4319805.843, 62
Trd, 4319806.293, 65
Trd, 4319806.593, 93
Trd, 4319807.193, 98
Trd, 4319807.593, 79
Trd, 4319808.143, 90
Trd, 4319809.343, 70
Trd, 4319810.093, 71
Trd, 4319811.143, 114
Trd, 4319811.893, 122
Trd, 4319812.343, 99
Trd, 4319812.693, 96
Trd, 4319813.443, 93
Trd, 4319814.093, 90
Trd, 4319814.643, 87
Trd, 4319815.843, 75
Trd, 4319815.943, 65
Trd, 4319816.593, 62
Trd, 4319818.543, 97
Trd, 4319819.343, 111
Trd, 4319819.543, 62
Trd, 4319820.243, 66
Trd, 4319820.843, 61
Trd, 4319821.593, 64
Trd, 4319822.293, 66
Trd, 4319822.743, 71
Trd, 4319824.443, 114
Trd, 4319824.793, 94
Trd, 4319825.643, 110
Trd, 4319825.993, 109
Trd, 4319827.293, 72
Trd, 4319827.443, 86
Trd, 4319828.593, 79
Trd, 4319830.393, 114
Trd, 4319830.593, 104
Trd, 4319830.643, 84
Trd, 4319830.793, 69
Trd, 4319831.943, 92
Trd, 4319831.993, 90
Trd, 4319832.993, 85
Trd, 4319834.443, 61
Trd, 4319835.193, 64
Trd, 4319836.093, 60
Trd, 4319836.443, 63
Trd, 4319839.343, 114
Trd, 4319839.593, 88
Trd, 4319839.843, 84
Trd, 4319840.493, 135
Trd, 4319840.793, 121
Trd, 4319841.743, 74
Trd, 4319841.943, 92
Trd, 4319843.943, 98
Trd, 4319844.193, 70
Trd, 4319844.943, 86
Trd, 4319845.793, 60
Trd, 4319846.593, 62
Trd, 4319847.193, 79
Trd, 4319847.543, 70
Trd, 4319848.193, 78
Trd, 4319848.743, 75
Trd, 4319848.843, 67
Trd, 4319850.243, 74
Trd, 4319851.143, 63
Trd, 4319851.343, 64
Trd, 4319852.143, 104
Trd, 4319852.743, 97
Trd, 4319853.193, 96
Trd, 4319854.543, 94
Trd, 4319855.193, 76
Trd, 4319855.843, 72
Trd, 4319855.993, 71
Trd, 4319856.143, 89
Trd, 4319857.443, 100
Trd, 4319857.893, 74
Trd, 4319858.143, 84
Trd, 4319859.393, 139
Trd, 4319859.943, 124
Trd, 4319860.343, 120
Trd, 4319860.893, 101
Trd, 4319861.443, 100
Trd, 4319861.543, 75
Trd, 4319862.393, 116
Trd, 4319862.543, 107
Trd, 4319864.843, 119
Trd, 4319865.493, 132
Trd, 4319865.743, 126
Trd, 4319866.093, 98
Trd, 4319867.443, 102
Trd, 4319867.493, 99
Trd, 4319867.893, 92
Trd, 4319867.993, 91
Trd, 4319870.243, 129
Trd, 4319870.643, 114
Trd, 4319870.893, 111
Trd, 4319871.443, 109
Trd, 4319872.993, 88
Trd, 4319873.193, 90
Trd, 4319873.443, 127
Trd, 4319873.943, 78
Trd, 4319874.543, 62
Trd, 4319875.543, 62
Trd, 4319875.743, 61
Trd, 4319876.343, 62
Trd, 4319876.393, 65
Trd, 4319877.743, 76
Trd, 4319879.093, 108
Trd, 4319879.293, 96
Trd, 4319879.693, 118
Trd, 4319880.643, 88
Trd, 4319881.793, 77
Trd, 4319881.893, 75
Trd, 4319882.293, 123
Trd, 4319884.343, 70
Trd, 4319884.943, 108
Trd, 4319885.943, 103
Trd, 4319886.793, 116
Trd, 4319887.043, 122
Trd, 4319887.393, 95
Trd, 4319887.443, 93
Trd, 4319889.543, 98
Trd, 4319889.843, 65
Trd, 4319890.793, 134
Trd, 4319891.393, 96
Trd, 4319891.643, 78
Trd, 4319892.393, 76
Trd, 4319893.543, 111
Trd, 4319895.093, 124
Trd, 4319895.843, 121
Trd, 4319896.343, 120
Trd, 4319896.393, 107
Trd, 4319896.993, 89
Trd, 4319897.493, 139
Trd, 4319898.093, 63
Trd, 4319898.843, 107
Trd, 4319899.593, 79
Trd, 4319899.943, 71
Trd, 4319900.243, 70
Trd, 4319902.443, 67
Trd, 4319902.493, 70
Trd, 4319902.693, 86
Trd, 4319903.293, 62
Trd, 4319904.193, 60
Trd, 4319905.093, 61
Trd, 4319905.143, 74
Trd, 4319906.043, 78
Trd, 4319906.293, 61
Trd, 4319906.643, 100
Trd, 4319907.193, 64
Trd, 4319907.643, 80
Trd, 4319908.193, 75
Trd, 4319908.993, 60
Trd, 4319910.193, 112
Trd, 4319910.693, 108
Trd, 4319911.243, 68
Trd, 4319911.543, 68
Trd, 4319912.393, 70
Trd, 4319913.443, 117
Trd, 4319913.493, 97
Trd, 4319914.793, 62
Trd, 4319915.393, 72
Trd, 4319916.343, 88
Trd, 4319916.743, 97
Trd, 4319917.643, 61
Trd, 4319917.693, 61
Trd, 4319919.143, 100
Trd, 4319919.343, 96
Trd, 4319920.043, 61
Trd, 4319920.693, 85
Trd, 4319921.293, 101
Trd, 4319921.693, 98
Trd, 4319922.043, 119
Trd, 4319923.243, 83
Trd, 4319923.843, 66
Trd, 4319924.893, 101
Trd, 4319925.443, 83
Trd, 4319925.493, 94
Trd, 4319925.643, 102
Trd, 4319926.943, 80
Trd, 4319927.493, 63
Trd, 4319928.893, 63
Trd, 4319929.143, 69
Trd, 4319930.343, 108
Trd, 4319930.393, 107
Trd, 4319931.343, 72
Trd, 4319931.593, 68
Trd, 4319933.043, 78
Trd, 4319933.493, 123
Trd, 4319933.693, 122
Trd, 4319933.943, 94
Trd, 4319934.393, 94
Trd, 4319934.843, 121
Trd, 4319935.543, 112
Trd, 4319937.193, 102
Trd, 4319937.243, 90
Trd, 4319938.043, 127
Trd, 4319938.343, 126
Trd, 4319939.893, 110
Trd, 4319940.543, 104
Trd, 4319940.693, 98
Trd, 4319941.293, 90
Trd, 4319942.193, 135
Trd, 4319943.043, 132
Trd, 4319943.443, 120
Trd, 4319943.993, 99
Trd, 4319945.343, 138
Trd, 4319945.693, 133
Trd, 4319946.143, 109
Trd, 4319946.993, 124
Trd, 4319947.043, 101
Trd, 4319947.643, 69
Trd, 4319948.643, 115
Trd, 4319949.443, 91
Trd, 4319950.043, 85
Trd, 4319950.793, 96
Trd, 4319951.043, 105
Trd, 4319951.693, 83
Trd, 4319951.743, 71
Trd, 4319952.243, 85
Trd, 4319954.743, 60
Trd, 4319955.343, 62
Trd, 4319956.143, 60
Trd, 4319957.393, 66
Trd, 4319957.543, 66
Trd, 4319958.143, 71
Trd, 4319958.643, 109
Trd, 4319959.643, 119
Trd, 4319959.693, 118
Trd, 4319960.393, 94
Trd, 4319962.443, 112
Trd, 4319962.693, 92
Trd, 4319962.793, 86
Trd, 4319963.243, 75
Trd, 4319963.543, 71
Trd, 4319964.843, 79
Trd, 4319965.543, 60
Trd, 4319965.793, 62
Trd, 4319968.943, 115
Trd, 4319969.493, 97
Trd, 4319969.643, 86
Trd, 4319969.693, 83
Trd, 4319971.543, 82
Trd, 4319971.643, 69
Trd, 4319972.193, 120
Trd, 4319973.993, 116
Trd, 4319974.193, 119
Trd, 4319974.443, 64
Trd, 4319975.493, 140
Trd, 4319976.543, 98
Trd, 4319976.793, 95
Trd, 4319976.843, 75
Trd, 4319977.493, 120
Trd, 4319978.343, 83
Trd, 4319978.793, 112
Trd, 4319980.393, 106
Trd, 4319980.643, 124
Trd, 4319981.093, 96
Trd, 4319981.543, 71
Trd, 4319982.193, 71
Trd, 4319982.643, 127
Trd, 4319983.593, 70
Trd, 4319983.743, 133
Trd, 4319984.993, 98
Trd, 4319985.393, 66
Trd, 4319985.943, 60
Trd, 4319986.093, 67
Trd, 4319987.143, 87
Trd, 4319988.593, 75
Trd, 4319989.393, 75
Trd, 4319989.593, 83
Trd, 4319989.743, 86
Trd, 4319990.693, 64
Trd, 4319991.243, 80
Trd, 4319991.993, 77
Trd, 4319992.643, 79
Trd, 4319993.143, 87
Trd, 4319993.543, 116
Trd, 4319993.693, 85
Trd, 4319994.993, 119
Trd, 4319995.193, 126
Trd, 4319995.693, 92
Trd, 4319995.743, 86
Trd, 4319996.193, 103
Trd, 4319997.543, 85
Trd, 4319998.043, 78
Trd, 4319999.043, 86
