Trd, 4318090.793, 129
Trd, 4318092.293, 130
Trd, 4318092.393, 97
Trd, 4318094.943, 140
Trd, 4318095.043, 140
Trd, 4318096.743, 140
Trd, 4318096.893, 140
Trd, 4318097.193, 140
Trd, 4318097.443, 138
Trd, 4318098.593, 140
Trd, 4318098.893, 140
Trd, 4318099.593, 137
Trd, 4318099.843, 138
Trd, 4318100.193, 138
Trd, 4318101.843, 137
Trd, 4318101.943, 79
Trd, 4318102.643, 61
Trd, 4318102.943, 140
Trd, 4318103.993, 66
Trd, 4318105.043, 95
Trd, 4318105.143, 96
Trd, 4318105.293, 99
Trd, 4318106.793, 140
Trd, 4318107.143, 140
Trd, 4318108.293, 138
Trd, 4318110.443, 140
Trd, 4318110.543, 140
Trd, 4318111.443, 140
Trd, 4318111.993, 139
Trd, 4318112.693, 140
Trd, 4318112.743, 139
Trd, 4318114.243, 140
Trd, 4318115.243, 140
Trd, 4318115.743, 108
Trd, 4318116.393, 128
Trd, 4318117.143, 134
Trd, 4318117.493, 109
Trd, 4318118.593, 140
Trd, 4318119.093, 140
Trd, 4318119.593, 140
Trd, 4318119.743, 140
Trd, 4318119.843, 138
Trd, 4318121.293, 139
Trd, 4318122.293, 79
Trd, 4318123.393, 140
Trd, 4318125.643, 140
Trd, 4318126.893, 140
Trd, 4318127.193, 140
Trd, 4318127.393, 140
Trd, 4318127.643, 140
Trd, 4318127.693, 140
Trd, 4318128.143, 139
Trd, 4318128.193, 122
Trd, 4318128.943, 139
Trd, 4318130.193, 140
Trd, 4318132.393, 140
Trd, 4318132.693, 136
Trd, 4318133.643, 140
Trd, 4318134.243, 112
Trd, 4318135.643, 140
Trd, 4318136.393, 139
Trd, 4318137.943, 114
Trd, 4318138.743, 140
Trd, 4318139.543, 140
Trd, 4318140.343, 140
Trd, 4318140.593, 140
Trd, 4318140.843, 140
Trd, 4318142.193, 137
Trd, 4318142.693, 139
Trd, 4318142.993, 136
Trd, 4318143.743, 112
Trd, 4318143.893, 68
Trd, 4318144.243, 139
Trd, 4318144.543, 117
Trd, 4318145.193, 139
Trd, 4318146.343, 123
Trd, 4318146.493, 136
Trd, 4318147.193, 122
Trd, 4318149.093, 140
Trd, 4318149.493, 140
Trd, 4318149.993, 140
Trd, 4318150.843, 140
Trd, 4318151.043, 140
Trd, 4318154.143, 140
Trd, 4318154.443, 140
Trd, 4318154.993, 140
Trd, 4318155.593, 140
Trd, 4318155.943, 140
Trd, 4318156.243, 140
Trd, 4318156.543, 140
Trd, 4318156.793, 140
Trd, 4318158.593, 140
Trd, 4318159.143, 111
Trd, 4318159.193, 98
Trd, 4318159.843, 139
Trd, 4318160.543, 140
Trd, 4318161.443, 134
Trd, 4318161.743, 115
Trd, 4318163.393, 140
Trd, 4318164.443, 140
Trd, 4318164.643, 140
Trd, 4318164.843, 140
Trd, 4318167.493, 140
Trd, 4318167.893, 140
Trd, 4318168.593, 140
Trd, 4318169.293, 140
Trd, 4318169.443, 140
Trd, 4318170.043, 138
Trd, 4318170.243, 114
Trd, 4318171.543, 140
Trd, 4318172.293, 139
Trd, 4318172.493, 138
Trd, 4318172.593, 103
Trd, 4318174.243, 140
Trd, 4318176.543, 140
Trd, 4318177.293, 140
Trd, 4318177.343, 140
Trd, 4318177.743, 139
Trd, 4318179.893, 140
Trd, 4318180.393, 140
Trd, 4318180.993, 140
Trd, 4318183.043, 140
Trd, 4318183.343, 140
Trd, 4318184.193, 140
Trd, 4318184.493, 140
Trd, 4318184.543, 138
Trd, 4318185.093, 100
Trd, 4318185.593, 60
Trd, 4318186.643, 79
Trd, 4318189.693, 140
Trd, 4318190.143, 140
Trd, 4318190.193, 140
Trd, 4318190.493, 140
Trd, 4318190.593, 139
Trd, 4318190.693, 139
Trd, 4318191.493, 72
Trd, 4318191.943, 140
Trd, 4318192.043, 139
Trd, 4318192.943, 140
Trd, 4318194.093, 140
Trd, 4318195.143, 140
Trd, 4318195.593, 140
Trd, 4318195.643, 129
Trd, 4318196.593, 140
Trd, 4318197.543, 127
Trd, 4318198.243, 140
Trd, 4318199.693, 140
Trd, 4318200.243, 140
Trd, 4318200.693, 140
Trd, 4318201.043, 139
Trd, 4318201.943, 140
Trd, 4318202.593, 140
Trd, 4318204.043, 140
Trd, 4318205.393, 140
Trd, 4318205.443, 140
Trd, 4318205.493, 140
Trd, 4318205.543, 86
Trd, 4318206.193, 134
Trd, 4318207.543, 62
Trd, 4318209.193, 62
Trd, 4318210.443, 112
Trd, 4318210.993, 105
Trd, 4318211.043, 104
Trd, 4318211.143, 79
Trd, 4318211.943, 110
Trd, 4318212.493, 113
Trd, 4318213.193, 69
Trd, 4318213.993, 138
Trd, 4318214.743, 139
Trd, 4318215.443, 140
Trd, 4318216.193, 140
Trd, 4318216.293, 136
Trd, 4318216.843, 104
Trd, 4318217.593, 102
Trd, 4318218.593, 100
Trd, 4318220.243, 140
Trd, 4318222.443, 140
Trd, 4318222.493, 139
Trd, 4318222.693, 139
Trd, 4318224.243, 140
Trd, 4318224.443, 139
Trd, 4318224.893, 140
Trd, 4318226.093, 140
Trd, 4318227.093, 140
Trd, 4318227.193, 140
Trd, 4318227.593, 134
Trd, 4318228.443, 132
Trd, 4318229.393, 64
Trd, 4318229.843, 60
Trd, 4318230.093, 107
Trd, 4318230.743, 67
Trd, 4318230.843, 69
Trd, 4318230.893, 117
Trd, 4318231.643, 67
Trd, 4318232.393, 67
Trd, 4318232.593, 88
Trd, 4318235.943, 140
Trd, 4318236.393, 140
Trd, 4318236.743, 140
Trd, 4318237.293, 140
Trd, 4318237.543, 140
Trd, 4318238.743, 140
Trd, 4318239.643, 140
Trd, 4318240.743, 140
Trd, 4318241.193, 140
Trd, 4318241.543, 140
Trd, 4318243.293, 140
Trd, 4318244.393, 140
Trd, 4318244.893, 140
Trd, 4318244.993, 140
Trd, 4318246.093, 140
Trd, 4318247.693, 140
Trd, 4318248.493, 138
Trd, 4318248.993, 140
Trd, 4318249.443, 139
Trd, 4318250.443, 140
Trd, 4318250.643, 125
Trd, 4318251.543, 137
Trd, 4318252.743, 140
Trd, 4318253.593, 140
Trd, 4318255.393, 140
Trd, 4318255.443, 139
Trd, 4318256.593, 140
Trd, 4318257.143, 139
Trd, 4318257.193, 139
Trd, 4318257.443, 100
Trd, 4318257.943, 140
Trd, 4318260.743, 140
Trd, 4318261.243, 140
Trd, 4318262.943, 140
Trd, 4318263.593, 140
Trd, 4318263.943, 140
Trd, 4318265.093, 140
Trd, 4318266.243, 104
Trd, 4318266.293, 137
Trd, 4318266.443, 97
Trd, 4318267.143, 62
Trd, 4318268.293, 129
Trd, 4318268.393, 128
Trd, 4318268.643, 133
Trd, 4318268.893, 133
Trd, 4318269.043, 110
Trd, 4318269.793, 65
Trd, 4318270.593, 60
Trd, 4318272.343, 140
Trd, 4318272.943, 140
Trd, 4318274.843, 140
Trd, 4318275.043, 140
Trd, 4318276.743, 140
Trd, 4318276.793, 138
Trd, 4318277.993, 139
Trd, 4318279.893, 140
Trd, 4318280.643, 140
Trd, 4318280.843, 137
Trd, 4318281.343, 138
Trd, 4318282.793, 140
Trd, 4318285.693, 140
Trd, 4318286.393, 140
Trd, 4318286.443, 139
Trd, 4318287.043, 139
Trd, 4318287.493, 136
Trd, 4318287.893, 124
Trd, 4318288.943, 137
Trd, 4318290.293, 116
Trd, 4318290.643, 136
Trd, 4318291.043, 104
Trd, 4318291.343, 136
Trd, 4318291.943, 111
Trd, 4318292.693, 133
Trd, 4318293.643, 138
Trd, 4318293.943, 137
Trd, 4318293.993, 132
Trd, 4318295.193, 137
Trd, 4318295.943, 137
Trd, 4318297.393, 140
Trd, 4318297.743, 140
Trd, 4318298.093, 140
Trd, 4318299.543, 129
Trd, 4318301.343, 140
Trd, 4318301.893, 140
Trd, 4318302.193, 140
Trd, 4318303.243, 140
Trd, 4318304.193, 140
Trd, 4318304.343, 139
Trd, 4318305.293, 140
Trd, 4318306.293, 139
Trd, 4318308.993, 140
Trd, 4318309.443, 140
Trd, 4318309.593, 140
Trd, 4318311.193, 140
Trd, 4318311.943, 140
Trd, 4318312.343, 140
Trd, 4318312.543, 140
Trd, 4318312.643, 140
Trd, 4318313.143, 140
Trd, 4318314.543, 125
Trd, 4318315.043, 126
Trd, 4318315.393, 118
Trd, 4318315.493, 133
Trd, 4318315.893, 134
Trd, 4318317.843, 140
Trd, 4318318.243, 140
Trd, 4318319.393, 140
Trd, 4318319.943, 140
Trd, 4318320.343, 140
Trd, 4318320.543, 140
Trd, 4318321.243, 140
Trd, 4318321.993, 140
Trd, 4318322.393, 140
Trd, 4318323.743, 124
Trd, 4318324.793, 140
Trd, 4318326.093, 139
Trd, 4318326.393, 140
Trd, 4318326.443, 116
Trd, 4318327.343, 91
Trd, 4318328.243, 104
Trd, 4318328.893, 138
Trd, 4318329.093, 137
Trd, 4318330.643, 108
Trd, 4318330.793, 107
Trd, 4318330.893, 97
Trd, 4318332.543, 140
Trd, 4318333.143, 140
Trd, 4318336.143, 140
Trd, 4318336.343, 140
Trd, 4318336.593, 140
Trd, 4318337.093, 140
Trd, 4318337.143, 140
Trd, 4318337.193, 138
Trd, 4318338.693, 139
Trd, 4318339.043, 138
Trd, 4318340.893, 140
Trd, 4318341.893, 140
Trd, 4318342.993, 140
Trd, 4318344.393, 140
Trd, 4318345.093, 139
Trd, 4318345.193, 139
Trd, 4318345.693, 140
Trd, 4318345.843, 140
Trd, 4318347.393, 138
Trd, 4318348.193, 140
Trd, 4318349.693, 140
Trd, 4318350.293, 140
Trd, 4318351.693, 140
Trd, 4318352.343, 140
Trd, 4318353.593, 140
Trd, 4318353.943, 140
Trd, 4318354.243, 139
Trd, 4318354.543, 89
Trd, 4318355.593, 140
Trd, 4318357.093, 140
Trd, 4318357.493, 140
Trd, 4318359.593, 140
Trd, 4318359.743, 140
Trd, 4318361.143, 140
Trd, 4318361.443, 140
Trd, 4318361.993, 140
Trd, 4318362.093, 139
Trd, 4318362.293, 140
Trd, 4318363.743, 137
Trd, 4318365.243, 140
Trd, 4318367.343, 140
Trd, 4318368.293, 140
Trd, 4318368.543, 140
Trd, 4318368.843, 140
Trd, 4318368.893, 139
Trd, 4318369.293, 139
Trd, 4318369.793, 140
Trd, 4318370.343, 139
Trd, 4318370.943, 117
Trd, 4318371.093, 129
Trd, 4318373.093, 140
Trd, 4318375.293, 140
Trd, 4318377.743, 140
Trd, 4318378.043, 140
Trd, 4318378.143, 140
Trd, 4318378.193, 140
Trd, 4318378.293, 139
Trd, 4318379.843, 96
Trd, 4318379.893, 95
Trd, 4318380.043, 139
Trd, 4318380.893, 104
Trd, 4318381.643, 69
Trd, 4318382.143, 61
Trd, 4318383.143, 80
Trd, 4318384.243, 137
Trd, 4318384.893, 71
Trd, 4318384.943, 138
Trd, 4318385.743, 139
Trd, 4318386.393, 138
Trd, 4318388.243, 62
Trd, 4318389.343, 60
Trd, 4318389.393, 61
Trd, 4318389.893, 90
Trd, 4318391.243, 61
Trd, 4318392.443, 61
Trd, 4318392.693, 61
Trd, 4318393.093, 60
Trd, 4318393.443, 107
Trd, 4318393.893, 69
Trd, 4318394.543, 60
Trd, 4318395.193, 64
Trd, 4318396.943, 64
Trd, 4318397.093, 65
Trd, 4318397.743, 73
Trd, 4318398.243, 101
Trd, 4318399.593, 140
Trd, 4318399.843, 123
Trd, 4318400.943, 140
Trd, 4318401.043, 140
Trd, 4318402.093, 140
Trd, 4318402.593, 140
Trd, 4318403.093, 140
Trd, 4318403.393, 140
Trd, 4318404.693, 140
Trd, 4318405.643, 138
Trd, 4318406.093, 138
Trd, 4318407.743, 102
Trd, 4318409.293, 137
Trd, 4318409.443, 109
Trd, 4318409.743, 98
Trd, 4318409.793, 109
Trd, 4318410.193, 98
Trd, 4318411.543, 99
Trd, 4318412.393, 113
Trd, 4318413.193, 111
Trd, 4318413.843, 112
Trd, 4318414.393, 140
Trd, 4318414.443, 70
Trd, 4318414.593, 68
Trd, 4318415.493, 81
Trd, 4318417.143, 63
Trd, 4318418.043, 98
Trd, 4318418.093, 134
Trd, 4318420.043, 129
Trd, 4318420.243, 106
Trd, 4318420.743, 77
Trd, 4318421.243, 130
Trd, 4318421.393, 131
Trd, 4318422.193, 73
Trd, 4318422.643, 70
Trd, 4318423.343, 71
Trd, 4318423.843, 64
Trd, 4318424.743, 86
Trd, 4318425.193, 87
Trd, 4318425.943, 132
Trd, 4318426.593, 140
Trd, 4318427.043, 140
Trd, 4318427.443, 140
Trd, 4318427.943, 140
Trd, 4318428.943, 100
Trd, 4318429.293, 127
Trd, 4318429.643, 129
Trd, 4318429.993, 103
Trd, 4318431.693, 139
Trd, 4318432.443, 127
Trd, 4318434.643, 140
Trd, 4318435.043, 140
Trd, 4318435.093, 140
Trd, 4318435.393, 140
Trd, 4318436.143, 140
Trd, 4318436.693, 140
Trd, 4318437.943, 140
Trd, 4318439.643, 140
Trd, 4318439.743, 140
Trd, 4318440.293, 140
Trd, 4318442.043, 140
Trd, 4318442.743, 139
Trd, 4318443.043, 138
Trd, 4318443.443, 140
Trd, 4318443.843, 140
Trd, 4318444.043, 139
Trd, 4318444.143, 120
Trd, 4318446.943, 140
Trd, 4318447.793, 137
Trd, 4318448.443, 140
Trd, 4318449.593, 140
Trd, 4318449.943, 140
Trd, 4318450.793, 139
Trd, 4318451.193, 137
Trd, 4318451.643, 140
Trd, 4318452.543, 135
Trd, 4318452.893, 138
Trd, 4318453.343, 137
Trd, 4318453.443, 125
Trd, 4318453.993, 62
Trd, 4318454.393, 65
Trd, 4318454.843, 64
Trd, 4318455.243, 62
Trd, 4318457.343, 140
Trd, 4318457.493, 140
Trd, 4318457.693, 140
Trd, 4318459.043, 140
Trd, 4318459.343, 140
Trd, 4318461.093, 140
Trd, 4318461.943, 140
Trd, 4318462.493, 140
Trd, 4318463.393, 140
Trd, 4318464.893, 140
Trd, 4318465.443, 140
Trd, 4318465.543, 140
Trd, 4318466.193, 84
Trd, 4318467.543, 140
Trd, 4318468.443, 139
Trd, 4318468.743, 94
Trd, 4318468.793, 140
Trd, 4318469.043, 86
Trd, 4318469.943, 127
Trd, 4318471.743, 140
Trd, 4318472.393, 125
Trd, 4318474.943, 140
Trd, 4318475.443, 140
Trd, 4318475.593, 140
Trd, 4318475.643, 140
Trd, 4318475.843, 95
Trd, 4318475.893, 138
Trd, 4318476.693, 140
Trd, 4318478.043, 140
Trd, 4318478.243, 140
Trd, 4318478.893, 140
Trd, 4318479.443, 138
Trd, 4318479.593, 103
Trd, 4318481.243, 140
Trd, 4318481.593, 140
Trd, 4318481.793, 140
Trd, 4318481.943, 140
Trd, 4318482.143, 135
Trd, 4318483.043, 97
Trd, 4318484.043, 60
Trd, 4318484.593, 114
Trd, 4318485.293, 60
Trd, 4318485.893, 60
Trd, 4318486.043, 86
Trd, 4318488.143, 64
Trd, 4318488.543, 135
Trd, 4318489.843, 94
Trd, 4318489.993, 89
Trd, 4318490.193, 95
Trd, 4318490.493, 88
Trd, 4318490.643, 87
Trd, 4318491.693, 62
Trd, 4318493.293, 116
Trd, 4318493.643, 99
Trd, 4318494.293, 80
Trd, 4318496.243, 140
Trd, 4318496.943, 140
Trd, 4318497.843, 140
Trd, 4318499.043, 140
Trd, 4318499.243, 120
Trd, 4318499.843, 139
Trd, 4318500.693, 139
Trd, 4318502.843, 140
Trd, 4318504.493, 140
Trd, 4318504.643, 140
Trd, 4318505.293, 140
Trd, 4318505.493, 139
Trd, 4318507.843, 114
Trd, 4318508.143, 113
Trd, 4318508.243, 98
Trd, 4318509.843, 79
Trd, 4318510.443, 108
Trd, 4318510.743, 110
Trd, 4318511.093, 140
Trd, 4318511.393, 78
Trd, 4318511.693, 118
Trd, 4318512.193, 78
Trd, 4318513.443, 61
Trd, 4318514.443, 62
Trd, 4318514.743, 63
Trd, 4318515.593, 63
Trd, 4318516.843, 60
Trd, 4318517.543, 60
Trd, 4318519.493, 61
Trd, 4318519.593, 62
Trd, 4318520.593, 63
Trd, 4318520.643, 64
Trd, 4318521.943, 94
Trd, 4318522.493, 94
Trd, 4318522.793, 112
Trd, 4318523.943, 110
Trd, 4318525.343, 60
Trd, 4318525.393, 61
Trd, 4318525.743, 60
Trd, 4318526.693, 70
Trd, 4318527.693, 130
Trd, 4318528.793, 140
Trd, 4318529.093, 140
Trd, 4318530.343, 97
Trd, 4318530.993, 140
Trd, 4318531.343, 139
Trd, 4318532.793, 105
Trd, 4318533.293, 105
Trd, 4318533.493, 129
Trd, 4318534.393, 60
Trd, 4318534.793, 73
Trd, 4318534.843, 74
Trd, 4318536.543, 140
Trd, 4318539.493, 140
Trd, 4318539.793, 140
Trd, 4318540.093, 139
Trd, 4318540.943, 140
Trd, 4318541.543, 140
Trd, 4318541.893, 140
Trd, 4318542.543, 137
Trd, 4318543.193, 138
Trd, 4318543.293, 98
Trd, 4318546.443, 140
Trd, 4318546.793, 140
Trd, 4318546.943, 140
Trd, 4318547.143, 140
Trd, 4318548.293, 140
Trd, 4318548.493, 140
Trd, 4318549.093, 138
Trd, 4318550.493, 89
Trd, 4318550.743, 132
Trd, 4318551.243, 63
Trd, 4318552.743, 93
Trd, 4318553.793, 140
Trd, 4318556.093, 140
Trd, 4318556.543, 140
Trd, 4318556.793, 140
Trd, 4318556.993, 140
Trd, 4318557.543, 140
Trd, 4318558.493, 140
Trd, 4318559.393, 139
Trd, 4318560.943, 136
Trd, 4318561.193, 90
Trd, 4318561.293, 136
Trd, 4318563.393, 140
Trd, 4318563.543, 140
Trd, 4318563.993, 112
Trd, 4318565.543, 140
Trd, 4318565.793, 140
Trd, 4318566.143, 140
Trd, 4318567.293, 140
Trd, 4318567.693, 133
Trd, 4318568.293, 140
Trd, 4318568.443, 140
Trd, 4318571.343, 140
Trd, 4318571.743, 140
Trd, 4318572.843, 140
Trd, 4318572.893, 140
Trd, 4318573.993, 135
Trd, 4318574.343, 130
Trd, 4318574.693, 135
Trd, 4318575.043, 134
Trd, 4318576.243, 60
Trd, 4318576.393, 60
Trd, 4318576.993, 73
Trd, 4318578.143, 140
Trd, 4318578.893, 140
Trd, 4318580.043, 140
Trd, 4318580.743, 140
Trd, 4318581.043, 140
Trd, 4318582.143, 140
Trd, 4318583.093, 140
Trd, 4318584.743, 140
Trd, 4318585.193, 140
Trd, 4318585.493, 140
Trd, 4318586.243, 140
Trd, 4318586.643, 140
Trd, 4318587.943, 140
Trd, 4318587.993, 140
Trd, 4318588.143, 139
Trd, 4318589.043, 140
Trd, 4318590.343, 140
Trd, 4318590.593, 139
Trd, 4318591.393, 138
Trd, 4318591.443, 114
Trd, 4318591.743, 89
Trd, 4318591.993, 130
Trd, 4318593.743, 98
Trd, 4318593.793, 72
Trd, 4318596.143, 140
Trd, 4318596.643, 140
Trd, 4318597.243, 140
Trd, 4318597.343, 139
Trd, 4318598.343, 99
Trd, 4318598.793, 140
Trd, 4318599.443, 140
Trd, 4318599.843, 137
Trd, 4318600.393, 126
Trd, 4318600.443, 140
Trd, 4318601.493, 139
Trd, 4318602.543, 140
Trd, 4318602.693, 139
Trd, 4318603.643, 108
Trd, 4318603.693, 98
Trd, 4318604.943, 139
Trd, 4318605.443, 101
Trd, 4318606.043, 100
Trd, 4318607.543, 61
Trd, 4318607.993, 66
Trd, 4318608.643, 64
Trd, 4318609.243, 65
Trd, 4318609.493, 67
Trd, 4318609.893, 127
Trd, 4318611.443, 140
Trd, 4318611.893, 140
Trd, 4318612.393, 140
Trd, 4318614.543, 140
Trd, 4318614.593, 140
Trd, 4318616.443, 140
Trd, 4318616.543, 140
Trd, 4318617.793, 140
Trd, 4318618.393, 140
Trd, 4318618.843, 140
Trd, 4318620.543, 140
Trd, 4318621.043, 140
Trd, 4318621.243, 140
Trd, 4318621.293, 139
Trd, 4318621.793, 140
Trd, 4318622.643, 134
Trd, 4318623.543, 60
Trd, 4318624.093, 61
Trd, 4318626.043, 77
Trd, 4318626.643, 64
Trd, 4318626.793, 69
Trd, 4318628.543, 140
Trd, 4318629.293, 140
Trd, 4318630.043, 140
Trd, 4318630.893, 140
Trd, 4318631.343, 140
Trd, 4318631.393, 140
Trd, 4318632.193, 140
Trd, 4318632.493, 100
Trd, 4318633.193, 140
Trd, 4318635.293, 140
Trd, 4318635.443, 140
Trd, 4318635.593, 140
Trd, 4318635.643, 140
Trd, 4318636.643, 140
Trd, 4318636.993, 140
Trd, 4318638.743, 139
Trd, 4318639.143, 140
Trd, 4318640.593, 140
Trd, 4318641.093, 137
Trd, 4318642.593, 140
Trd, 4318642.993, 139
Trd, 4318643.343, 140
Trd, 4318644.393, 139
Trd, 4318644.593, 138
Trd, 4318644.643, 137
Trd, 4318645.793, 140
Trd, 4318646.443, 113
Trd, 4318647.043, 115
Trd, 4318647.993, 140
Trd, 4318650.343, 140
Trd, 4318651.093, 140
Trd, 4318651.593, 140
Trd, 4318652.043, 140
Trd, 4318652.343, 140
Trd, 4318653.293, 140
Trd, 4318653.343, 140
Trd, 4318653.493, 140
Trd, 4318654.543, 89
Trd, 4318654.993, 66
Trd, 4318655.293, 91
Trd, 4318655.443, 77
Trd, 4318656.043, 115
Trd, 4318657.643, 112
Trd, 4318657.893, 111
Trd, 4318658.243, 83
Trd, 4318658.793, 139
Trd, 4318660.493, 126
Trd, 4318661.343, 140
Trd, 4318661.443, 139
Trd, 4318662.043, 94
Trd, 4318662.593, 140
Trd, 4318664.193, 140
Trd, 4318664.443, 139
Trd, 4318665.343, 140
Trd, 4318665.393, 140
Trd, 4318666.893, 91
Trd, 4318668.243, 139
Trd, 4318669.093, 139
Trd, 4318669.443, 140
Trd, 4318669.493, 139
Trd, 4318670.043, 122
Trd, 4318671.243, 140
Trd, 4318671.793, 140
Trd, 4318673.993, 140
Trd, 4318674.193, 140
Trd, 4318674.743, 140
Trd, 4318675.243, 140
Trd, 4318676.043, 139
Trd, 4318677.043, 140
Trd, 4318677.843, 138
Trd, 4318680.443, 140
Trd, 4318680.693, 140
Trd, 4318680.743, 140
Trd, 4318681.143, 140
Trd, 4318682.643, 124
Trd, 4318683.093, 140
Trd, 4318685.643, 140
Trd, 4318686.443, 140
Trd, 4318686.543, 140
Trd, 4318686.843, 140
Trd, 4318686.943, 139
Trd, 4318687.243, 138
Trd, 4318687.393, 140
Trd, 4318687.493, 137
Trd, 4318687.793, 70
Trd, 4318689.393, 140
Trd, 4318691.143, 138
Trd, 4318691.393, 128
Trd, 4318692.393, 132
Trd, 4318694.543, 140
Trd, 4318695.243, 140
Trd, 4318695.793, 140
Trd, 4318695.993, 140
Trd, 4318696.043, 139
Trd, 4318696.143, 139
Trd, 4318696.493, 139
Trd, 4318697.343, 140
Trd, 4318697.693, 139
Trd, 4318699.543, 140
Trd, 4318699.993, 140
Trd, 4318700.443, 140
Trd, 4318701.343, 139
Trd, 4318702.043, 84
Trd, 4318703.843, 140
Trd, 4318704.093, 140
Trd, 4318704.193, 140
Trd, 4318706.443, 140
Trd, 4318706.993, 140
Trd, 4318707.643, 140
Trd, 4318708.093, 140
Trd, 4318708.693, 115
Trd, 4318708.793, 140
Trd, 4318710.943, 140
Trd, 4318711.043, 140
Trd, 4318711.893, 140
Trd, 4318711.993, 140
Trd, 4318714.493, 140
Trd, 4318715.243, 140
Trd, 4318715.743, 140
Trd, 4318717.043, 140
Trd, 4318717.093, 139
Trd, 4318717.643, 139
Trd, 4318718.193, 140
Trd, 4318718.243, 140
Trd, 4318718.793, 68
Trd, 4318719.493, 110
Trd, 4318719.593, 80
Trd, 4318720.793, 69
Trd, 4318721.093, 73
Trd, 4318721.393, 107
Trd, 4318721.643, 112
Trd, 4318721.693, 67
Trd, 4318722.943, 139
Trd, 4318723.543, 94
Trd, 4318724.193, 105
Trd, 4318726.643, 140
Trd, 4318729.993, 140
Trd, 4318730.143, 140
Trd, 4318730.243, 140
Trd, 4318730.343, 140
Trd, 4318730.543, 140
Trd, 4318730.943, 139
Trd, 4318731.443, 118
Trd, 4318732.043, 139
Trd, 4318732.243, 138
Trd, 4318734.543, 140
Trd, 4318735.493, 140
Trd, 4318737.343, 140
Trd, 4318738.043, 140
Trd, 4318738.993, 140
Trd, 4318739.343, 140
Trd, 4318740.143, 139
Trd, 4318740.493, 140
Trd, 4318741.693, 140
Trd, 4318742.043, 140
Trd, 4318743.243, 140
Trd, 4318744.043, 140
Trd, 4318744.193, 140
Trd, 4318744.393, 136
Trd, 4318745.093, 123
Trd, 4318748.443, 140
Trd, 4318749.043, 140
Trd, 4318749.243, 140
Trd, 4318749.593, 139
Trd, 4318751.193, 140
Trd, 4318751.343, 140
Trd, 4318752.943, 140
Trd, 4318753.793, 138
Trd, 4318754.043, 129
Trd, 4318754.593, 129
Trd, 4318755.043, 138
Trd, 4318755.843, 140
Trd, 4318757.243, 140
Trd, 4318757.393, 140
Trd, 4318758.643, 102
Trd, 4318759.143, 65
Trd, 4318760.243, 68
Trd, 4318761.593, 63
Trd, 4318761.643, 64
Trd, 4318763.043, 87
Trd, 4318764.193, 60
Trd, 4318764.993, 60
Trd, 4318765.393, 60
Trd, 4318765.743, 60
Trd, 4318767.643, 60
Trd, 4318768.043, 69
Trd, 4318769.243, 72
Trd, 4318769.993, 61
Trd, 4318770.143, 121
Trd, 4318770.393, 127
Trd, 4318771.843, 140
Trd, 4318772.843, 140
Trd, 4318773.493, 140
Trd, 4318773.843, 140
Trd, 4318774.093, 140
Trd, 4318774.343, 140
Trd, 4318774.443, 139
Trd, 4318775.643, 140
Trd, 4318775.993, 135
Trd, 4318776.443, 138
Trd, 4318777.493, 138
Trd, 4318777.843, 60
Trd, 4318779.293, 140
Trd, 4318779.593, 140
Trd, 4318779.993, 140
Trd, 4318780.593, 140
Trd, 4318781.593, 137
Trd, 4318782.943, 140
Trd, 4318783.193, 140
Trd, 4318783.493, 138
Trd, 4318784.243, 129
Trd, 4318785.643, 140
Trd, 4318786.443, 140
Trd, 4318788.543, 140
Trd, 4318790.193, 140
Trd, 4318791.243, 140
Trd, 4318791.443, 140
Trd, 4318791.543, 139
Trd, 4318791.843, 138
Trd, 4318792.493, 139
Trd, 4318793.093, 140
Trd, 4318793.643, 139
Trd, 4318794.143, 106
Trd, 4318794.343, 107
Trd, 4318795.293, 103
Trd, 4318795.643, 134
Trd, 4318795.843, 102
Trd, 4318796.693, 65
Trd, 4318797.893, 121
Trd, 4318798.143, 79
Trd, 4318798.943, 61
Trd, 4318800.043, 110
Trd, 4318800.243, 115
Trd, 4318801.793, 113
Trd, 4318802.693, 140
Trd, 4318804.443, 140
Trd, 4318805.593, 140
Trd, 4318806.293, 140
Trd, 4318806.443, 140
Trd, 4318807.593, 140
Trd, 4318808.093, 140
Trd, 4318810.043, 140
Trd, 4318810.493, 140
Trd, 4318811.243, 140
Trd, 4318811.443, 139
Trd, 4318811.793, 140
Trd, 4318813.543, 139
Trd, 4318815.243, 140
Trd, 4318815.493, 140
Trd, 4318816.043, 140
Trd, 4318816.093, 140
Trd, 4318816.493, 140
Trd, 4318816.743, 139
Trd, 4318817.443, 139
Trd, 4318817.693, 98
Trd, 4318817.943, 68
Trd, 4318818.393, 140
Trd, 4318819.543, 106
Trd, 4318820.143, 106
Trd, 4318821.093, 139
Trd, 4318821.243, 140
Trd, 4318821.493, 108
Trd, 4318823.243, 140
Trd, 4318824.143, 138
Trd, 4318824.393, 140
Trd, 4318825.593, 139
Trd, 4318825.843, 110
Trd, 4318828.143, 140
Trd, 4318829.743, 139
Trd, 4318829.843, 139
Trd, 4318830.343, 122
Trd, 4318832.843, 140
Trd, 4318832.943, 140
Trd, 4318833.543, 140
Trd, 4318833.843, 140
Trd, 4318833.943, 139
Trd, 4318836.593, 140
Trd, 4318837.593, 140
Trd, 4318838.193, 140
Trd, 4318839.193, 140
Trd, 4318839.593, 139
Trd, 4318839.643, 137
Trd, 4318840.343, 78
Trd, 4318840.693, 77
Trd, 4318840.943, 107
Trd, 4318841.493, 101
Trd, 4318842.793, 100
Trd, 4318842.893, 133
Trd, 4318843.693, 110
Trd, 4318843.993, 115
Trd, 4318844.743, 64
Trd, 4318845.893, 61
Trd, 4318846.743, 64
Trd, 4318847.143, 65
Trd, 4318847.943, 64
Trd, 4318849.943, 60
Trd, 4318850.743, 61
Trd, 4318850.893, 63
Trd, 4318850.943, 68
Trd, 4318852.093, 62
Trd, 4318853.743, 69
Trd, 4318854.343, 63
Trd, 4318854.443, 61
Trd, 4318854.643, 62
Trd, 4318857.043, 63
Trd, 4318857.643, 63
Trd, 4318858.243, 68
Trd, 4318858.493, 73
Trd, 4318858.543, 115
Trd, 4318860.243, 138
Trd, 4318860.443, 137
Trd, 4318861.543, 140
Trd, 4318861.693, 139
Trd, 4318861.843, 139
Trd, 4318864.793, 140
Trd, 4318864.843, 140
Trd, 4318865.143, 140
Trd, 4318865.743, 140
Trd, 4318866.093, 140
Trd, 4318867.293, 140
Trd, 4318867.643, 139
Trd, 4318868.093, 117
Trd, 4318868.343, 117
Trd, 4318869.793, 105
Trd, 4318869.993, 106
Trd, 4318871.143, 62
Trd, 4318871.193, 66
Trd, 4318871.393, 60
Trd, 4318872.093, 115
Trd, 4318873.493, 140
Trd, 4318875.393, 140
Trd, 4318876.293, 140
Trd, 4318876.343, 139
Trd, 4318877.393, 139
Trd, 4318878.093, 140
Trd, 4318878.793, 140
Trd, 4318879.043, 138
Trd, 4318881.193, 140
Trd, 4318882.043, 140
Trd, 4318883.043, 140
Trd, 4318883.493, 140
Trd, 4318883.743, 140
Trd, 4318883.993, 139
Trd, 4318884.743, 139
Trd, 4318884.843, 113
Trd, 4318885.093, 105
Trd, 4318886.643, 69
Trd, 4318886.743, 69
Trd, 4318887.943, 60
Trd, 4318888.343, 73
Trd, 4318890.293, 140
Trd, 4318890.743, 140
Trd, 4318891.093, 136
Trd, 4318891.443, 140
Trd, 4318892.393, 140
Trd, 4318892.643, 132
Trd, 4318896.943, 140
Trd, 4318898.293, 140
Trd, 4318898.543, 140
Trd, 4318899.143, 140
Trd, 4318899.693, 140
Trd, 4318901.193, 140
Trd, 4318901.343, 140
Trd, 4318901.593, 140
Trd, 4318901.643, 140
Trd, 4318902.593, 139
Trd, 4318902.993, 140
Trd, 4318903.643, 107
Trd, 4318905.593, 140
Trd, 4318905.693, 140
Trd, 4318906.843, 140
Trd, 4318907.493, 139
Trd, 4318908.243, 140
Trd, 4318909.093, 140
Trd, 4318911.393, 137
Trd, 4318913.193, 140
Trd, 4318913.243, 139
Trd, 4318913.543, 119
Trd, 4318915.093, 139
Trd, 4318916.543, 140
Trd, 4318917.243, 140
Trd, 4318918.043, 140
Trd, 4318919.443, 140
Trd, 4318919.743, 140
Trd, 4318920.543, 139
Trd, 4318921.743, 109
Trd, 4318922.643, 86
Trd, 4318923.393, 125
Trd, 4318924.043, 116
Trd, 4318924.993, 140
Trd, 4318927.093, 140
Trd, 4318928.343, 140
Trd, 4318929.043, 140
Trd, 4318929.793, 140
Trd, 4318930.193, 140
Trd, 4318930.443, 140
Trd, 4318930.543, 140
Trd, 4318933.693, 140
Trd, 4318934.093, 140
Trd, 4318934.843, 140
Trd, 4318936.393, 140
Trd, 4318936.943, 140
Trd, 4318937.693, 140
Trd, 4318938.343, 140
Trd, 4318938.443, 140
Trd, 4318938.693, 140
Trd, 4318939.943, 140
Trd, 4318941.293, 138
Trd, 4318941.993, 139
Trd, 4318944.043, 140
Trd, 4318944.343, 140
Trd, 4318944.793, 140
Trd, 4318947.043, 140
Trd, 4318947.443, 140
Trd, 4318948.093, 140
Trd, 4318948.543, 140
Trd, 4318949.593, 140
Trd, 4318951.293, 139
Trd, 4318952.443, 140
Trd, 4318953.443, 140
Trd, 4318953.843, 140
Trd, 4318954.593, 139
Trd, 4318955.393, 139
Trd, 4318955.843, 140
Trd, 4318956.343, 139
Trd, 4318958.993, 140
Trd, 4318959.093, 140
Trd, 4318959.443, 139
Trd, 4318960.393, 140
Trd, 4318960.643, 140
Trd, 4318961.093, 139
Trd, 4318961.243, 138
Trd, 4318962.093, 124
Trd, 4318962.393, 140
Trd, 4318962.793, 125
Trd, 4318965.843, 140
Trd, 4318966.193, 139
Trd, 4318967.193, 140
Trd, 4318967.443, 140
Trd, 4318968.043, 140
Trd, 4318969.093, 140
Trd, 4318969.293, 140
Trd, 4318970.443, 138
Trd, 4318970.493, 137
Trd, 4318973.143, 128
Trd, 4318974.343, 129
Trd, 4318974.443, 132
Trd, 4318975.043, 132
Trd, 4318975.193, 77
Trd, 4318975.293, 134
Trd, 4318975.543, 135
Trd, 4318975.843, 133
Trd, 4318977.493, 140
Trd, 4318977.793, 139
Trd, 4318977.993, 139
Trd, 4318978.443, 114
Trd, 4318979.343, 139
Trd, 4318980.243, 140
Trd, 4318982.693, 140
Trd, 4318983.493, 140
Trd, 4318983.793, 140
Trd, 4318984.143, 140
Trd, 4318985.143, 137
Trd, 4318987.443, 140
Trd, 4318987.843, 140
Trd, 4318988.043, 140
Trd, 4318989.693, 140
Trd, 4318990.643, 140
Trd, 4318990.693, 140
Trd, 4318991.743, 140
Trd, 4318992.343, 140
Trd, 4318992.843, 136
Trd, 4318993.193, 134
Trd, 4318993.643, 133
Trd, 4318994.343, 140
Trd, 4318994.643, 140
Trd, 4318994.943, 139
Trd, 4318995.343, 140
Trd, 4318995.993, 140
Trd, 4318996.543, 140
Trd, 4318997.043, 140
Trd, 4319000.343, 140
Trd, 4319000.443, 140
Trd, 4319002.043, 140
Trd, 4319004.443, 140
Trd, 4319004.943, 140
Trd, 4319005.893, 140
Trd, 4319005.993, 140
Trd, 4319006.643, 140
Trd, 4319008.893, 140
Trd, 4319009.093, 140
Trd, 4319009.743, 140
Trd, 4319010.993, 140
Trd, 4319011.143, 140
Trd, 4319011.343, 140
Trd, 4319013.693, 140
Trd, 4319014.793, 140
Trd, 4319015.393, 140
Trd, 4319015.443, 140
Trd, 4319016.293, 140
Trd, 4319016.843, 140
Trd, 4319017.293, 138
Trd, 4319018.543, 140
Trd, 4319019.243, 139
Trd, 4319019.293, 140
Trd, 4319020.693, 139
Trd, 4319020.943, 138
Trd, 4319021.043, 137
Trd, 4319021.943, 136
Trd, 4319022.293, 124
Trd, 4319022.593, 126
Trd, 4319023.493, 82
Trd, 4319023.993, 80
Trd, 4319024.093, 100
Trd, 4319024.443, 70
Trd, 4319026.893, 140
Trd, 4319028.293, 140
Trd, 4319028.693, 140
Trd, 4319030.193, 140
Trd, 4319030.643, 140
Trd, 4319031.693, 140
Trd, 4319033.243, 140
Trd, 4319033.943, 140
Trd, 4319034.143, 140
Trd, 4319034.393, 140
Trd, 4319034.643, 140
Trd, 4319037.043, 139
Trd, 4319037.343, 137
Trd, 4319038.443, 140
Trd, 4319038.993, 140
Trd, 4319039.293, 132
Trd, 4319040.393, 140
Trd, 4319041.943, 140
Trd, 4319042.043, 140
Trd, 4319042.593, 140
Trd, 4319043.093, 140
Trd, 4319043.543, 140
Trd, 4319043.743, 108
Trd, 4319044.593, 140
Trd, 4319046.043, 140
Trd, 4319046.293, 140
Trd, 4319046.443, 140
Trd, 4319046.943, 140
Trd, 4319047.693, 107
Trd, 4319048.143, 140
Trd, 4319049.543, 140
Trd, 4319051.393, 140
Trd, 4319051.943, 140
Trd, 4319052.293, 138
Trd, 4319052.593, 106
Trd, 4319052.793, 97
Trd, 4319053.793, 76
Trd, 4319054.243, 71
Trd, 4319054.693, 76
Trd, 4319054.943, 80
Trd, 4319057.093, 140
Trd, 4319057.493, 139
Trd, 4319057.893, 140
Trd, 4319058.843, 76
Trd, 4319059.443, 115
Trd, 4319059.693, 115
Trd, 4319061.093, 118
Trd, 4319061.393, 113
Trd, 4319061.543, 97
Trd, 4319062.093, 109
Trd, 4319062.693, 139
Trd, 4319064.543, 140
Trd, 4319065.343, 139
Trd, 4319065.843, 77
Trd, 4319067.543, 140
Trd, 4319068.693, 140
Trd, 4319069.493, 140
Trd, 4319070.843, 140
Trd, 4319071.193, 140
Trd, 4319072.643, 140
Trd, 4319072.943, 140
Trd, 4319074.093, 140
Trd, 4319074.393, 140
Trd, 4319074.593, 139
Trd, 4319076.993, 140
Trd, 4319078.743, 140
Trd, 4319079.093, 140
Trd, 4319080.193, 140
Trd, 4319081.493, 139
Trd, 4319082.193, 140
Trd, 4319083.043, 140
Trd, 4319083.393, 140
Trd, 4319084.043, 140
Trd, 4319084.093, 140
Trd, 4319084.393, 140
Trd, 4319084.443, 123
Trd, 4319084.993, 105
Trd, 4319085.443, 138
Trd, 4319086.243, 138
Trd, 4319088.243, 127
Trd, 4319088.493, 112
Trd, 4319089.243, 128
Trd, 4319089.743, 127
Trd, 4319089.993, 125
Trd, 4319090.193, 128
Trd, 4319090.643, 62
Trd, 4319090.943, 78
Trd, 4319091.443, 140
Trd, 4319092.643, 140
Trd, 4319093.943, 140
Trd, 4319095.993, 140
Trd, 4319096.593, 140
Trd, 4319097.393, 139
Trd, 4319098.143, 127
Trd, 4319098.293, 140
Trd, 4319098.743, 140
Trd, 4319100.593, 140
Trd, 4319100.643, 140
Trd, 4319101.893, 139
Trd, 4319101.943, 136
Trd, 4319103.993, 128
Trd, 4319104.493, 135
Trd, 4319105.243, 131
Trd, 4319105.693, 140
Trd, 4319107.193, 140
Trd, 4319107.843, 140
Trd, 4319108.643, 140
Trd, 4319109.843, 140
Trd, 4319110.993, 140
Trd, 4319111.293, 140
Trd, 4319111.843, 140
Trd, 4319112.593, 139
Trd, 4319114.843, 140
Trd, 4319114.993, 140
Trd, 4319116.543, 140
Trd, 4319117.443, 140
Trd, 4319118.643, 140
Trd, 4319119.793, 140
Trd, 4319120.243, 140
Trd, 4319120.293, 139
Trd, 4319120.393, 139
Trd, 4319120.643, 111
Trd, 4319120.943, 126
Trd, 4319121.393, 111
Trd, 4319123.693, 125
Trd, 4319124.193, 135
Trd, 4319124.243, 136
Trd, 4319124.693, 140
Trd, 4319125.493, 139
Trd, 4319127.143, 136
Trd, 4319127.743, 140
Trd, 4319129.843, 140
Trd, 4319130.193, 140
Trd, 4319130.493, 140
Trd, 4319131.693, 140
Trd, 4319133.093, 140
Trd, 4319134.293, 140
Trd, 4319135.643, 140
Trd, 4319135.993, 114
Trd, 4319137.093, 140
Trd, 4319137.943, 119
Trd, 4319137.993, 120
Trd, 4319138.943, 98
Trd, 4319139.193, 139
Trd, 4319140.143, 136
Trd, 4319140.743, 64
Trd, 4319141.143, 69
Trd, 4319142.093, 71
Trd, 4319142.593, 71
Trd, 4319143.293, 71
Trd, 4319143.993, 139
Trd, 4319144.593, 137
Trd, 4319144.743, 135
Trd, 4319144.893, 74
Trd, 4319145.993, 100
Trd, 4319146.693, 140
Trd, 4319147.343, 140
Trd, 4319147.593, 112
Trd, 4319149.143, 96
Trd, 4319149.643, 97
Trd, 4319149.843, 94
Trd, 4319150.493, 110
Trd, 4319150.643, 116
Trd, 4319150.893, 114
Trd, 4319151.493, 78
Trd, 4319153.093, 80
Trd, 4319153.793, 62
Trd, 4319155.693, 96
Trd, 4319155.993, 96
Trd, 4319157.993, 82
Trd, 4319158.093, 83
Trd, 4319158.193, 80
Trd, 4319158.243, 75
Trd, 4319159.143, 140
Trd, 4319160.443, 140
Trd, 4319160.893, 138
Trd, 4319161.093, 136
Trd, 4319161.243, 63
Trd, 4319163.193, 140
Trd, 4319164.543, 138
Trd, 4319165.643, 140
Trd, 4319166.443, 106
Trd, 4319166.793, 139
Trd, 4319168.093, 95
Trd, 4319168.743, 95
Trd, 4319170.493, 138
Trd, 4319171.543, 140
Trd, 4319172.493, 140
Trd, 4319172.843, 140
Trd, 4319173.493, 140
Trd, 4319174.293, 140
Trd, 4319174.993, 140
Trd, 4319175.043, 140
Trd, 4319175.193, 140
Trd, 4319175.443, 60
Trd, 4319176.093, 106
Trd, 4319176.593, 127
Trd, 4319176.793, 60
Trd, 4319181.043, 140
Trd, 4319181.643, 140
Trd, 4319181.693, 139
Trd, 4319181.793, 138
Trd, 4319182.193, 130
Trd, 4319183.043, 131
Trd, 4319184.593, 140
Trd, 4319184.643, 140
Trd, 4319185.343, 140
Trd, 4319185.843, 140
Trd, 4319186.193, 96
Trd, 4319186.593, 92
Trd, 4319187.443, 121
Trd, 4319189.093, 136
Trd, 4319189.743, 127
Trd, 4319190.943, 140
Trd, 4319191.193, 140
Trd, 4319192.793, 140
Trd, 4319194.743, 140
Trd, 4319195.043, 139
Trd, 4319196.143, 140
Trd, 4319197.193, 140
Trd, 4319198.343, 140
Trd, 4319199.493, 140
Trd, 4319199.943, 140
Trd, 4319200.343, 140
Trd, 4319200.443, 140
Trd, 4319201.693, 137
Trd, 4319201.793, 136
Trd, 4319202.443, 140
Trd, 4319202.643, 122
Trd, 4319204.393, 134
Trd, 4319205.093, 127
Trd, 4319205.243, 130
Trd, 4319205.393, 135
Trd, 4319205.443, 124
Trd, 4319205.793, 132
Trd, 4319206.643, 139
Trd, 4319208.343, 140
Trd, 4319208.393, 140
Trd, 4319209.743, 140
Trd, 4319210.143, 140
Trd, 4319210.693, 140
Trd, 4319211.393, 140
Trd, 4319212.743, 70
Trd, 4319212.943, 71
Trd, 4319213.443, 64
Trd, 4319213.543, 65
Trd, 4319213.993, 101
Trd, 4319214.193, 108
Trd, 4319214.693, 126
Trd, 4319216.243, 67
Trd, 4319217.693, 60
Trd, 4319218.643, 60
Trd, 4319218.743, 60
Trd, 4319220.143, 60
Trd, 4319220.293, 60
Trd, 4319221.143, 62
Trd, 4319222.043, 60
Trd, 4319223.793, 60
Trd, 4319224.493, 60
Trd, 4319224.593, 60
Trd, 4319225.043, 63
Trd, 4319225.793, 62
Trd, 4319226.143, 65
Trd, 4319227.693, 85
Trd, 4319228.343, 72
Trd, 4319229.493, 139
Trd, 4319229.943, 140
Trd, 4319230.893, 140
Trd, 4319231.943, 140
Trd, 4319232.393, 140
Trd, 4319232.643, 140
Trd, 4319232.793, 98
Trd, 4319235.293, 115
Trd, 4319235.643, 114
Trd, 4319235.993, 139
Trd, 4319236.293, 140
Trd, 4319238.193, 139
Trd, 4319238.343, 125
Trd, 4319238.643, 139
Trd, 4319239.043, 124
Trd, 4319239.543, 118
Trd, 4319240.043, 65
Trd, 4319241.793, 63
Trd, 4319244.193, 60
Trd, 4319244.543, 65
Trd, 4319244.893, 68
Trd, 4319245.093, 71
Trd, 4319246.493, 140
Trd, 4319248.243, 140
Trd, 4319248.893, 139
Trd, 4319249.143, 139
Trd, 4319249.843, 139
Trd, 4319250.943, 140
Trd, 4319251.443, 140
Trd, 4319252.043, 137
Trd, 4319253.343, 139
Trd, 4319253.593, 137
Trd, 4319254.343, 95
Trd, 4319255.743, 140
Trd, 4319256.293, 140
Trd, 4319256.493, 140
Trd, 4319256.943, 140
Trd, 4319258.243, 140
Trd, 4319258.293, 140
Trd, 4319258.843, 140
Trd, 4319259.993, 140
Trd, 4319261.293, 138
Trd, 4319262.143, 140
Trd, 4319262.343, 109
Trd, 4319265.143, 140
Trd, 4319265.893, 140
Trd, 4319266.693, 140
Trd, 4319266.743, 140
Trd, 4319268.543, 140
Trd, 4319269.793, 140
Trd, 4319270.143, 140
Trd, 4319271.243, 140
Trd, 4319272.343, 140
Trd, 4319273.493, 139
Trd, 4319273.543, 131
Trd, 4319275.843, 140
Trd, 4319276.243, 140
Trd, 4319276.543, 140
Trd, 4319276.593, 140
Trd, 4319276.893, 140
Trd, 4319278.293, 139
Trd, 4319278.443, 138
Trd, 4319279.093, 122
Trd, 4319279.643, 93
Trd, 4319279.743, 132
Trd, 4319281.143, 125
Trd, 4319281.593, 60
Trd, 4319282.193, 64
Trd, 4319282.443, 71
Trd, 4319283.143, 118
Trd, 4319284.693, 140
Trd, 4319284.993, 138
Trd, 4319287.343, 140
Trd, 4319288.193, 140
Trd, 4319288.593, 140
Trd, 4319288.793, 77
Trd, 4319289.643, 139
Trd, 4319290.193, 108
Trd, 4319291.643, 140
Trd, 4319291.993, 140
Trd, 4319292.143, 140
Trd, 4319292.643, 140
Trd, 4319292.793, 140
Trd, 4319294.643, 140
Trd, 4319295.593, 140
Trd, 4319295.893, 140
Trd, 4319296.043, 138
Trd, 4319297.443, 140
Trd, 4319297.693, 108
Trd, 4319298.943, 140
Trd, 4319299.043, 87
Trd, 4319299.643, 129
Trd, 4319300.593, 140
Trd, 4319302.293, 140
Trd, 4319303.093, 140
Trd, 4319303.393, 140
Trd, 4319303.743, 140
Trd, 4319304.643, 140
Trd, 4319304.843, 140
Trd, 4319306.393, 140
Trd, 4319307.693, 140
Trd, 4319307.943, 140
Trd, 4319308.143, 85
Trd, 4319309.943, 140
Trd, 4319311.043, 140
Trd, 4319311.443, 140
Trd, 4319312.993, 140
Trd, 4319313.293, 140
Trd, 4319313.443, 74
Trd, 4319313.593, 140
Trd, 4319315.443, 139
Trd, 4319315.843, 71
Trd, 4319317.293, 140
Trd, 4319318.243, 140
Trd, 4319318.843, 140
Trd, 4319319.493, 137
Trd, 4319319.693, 138
Trd, 4319320.243, 102
Trd, 4319320.993, 87
Trd, 4319321.143, 86
Trd, 4319321.393, 97
Trd, 4319322.993, 139
Trd, 4319323.293, 140
Trd, 4319325.493, 140
Trd, 4319325.893, 139
Trd, 4319326.643, 140
Trd, 4319327.793, 140
Trd, 4319327.843, 140
Trd, 4319329.943, 140
Trd, 4319330.843, 140
Trd, 4319332.343, 140
Trd, 4319333.693, 140
Trd, 4319333.743, 140
Trd, 4319334.093, 140
Trd, 4319334.393, 140
Trd, 4319334.443, 140
Trd, 4319336.093, 106
Trd, 4319336.193, 111
Trd, 4319336.743, 106
Trd, 4319336.993, 108
Trd, 4319337.343, 113
Trd, 4319337.793, 112
Trd, 4319338.493, 109
Trd, 4319340.143, 140
Trd, 4319341.693, 140
Trd, 4319341.843, 140
Trd, 4319342.543, 140
Trd, 4319342.793, 140
Trd, 4319343.243, 133
Trd, 4319344.543, 140
Trd, 4319345.243, 140
Trd, 4319345.593, 139
Trd, 4319347.993, 140
Trd, 4319348.293, 140
Trd, 4319348.443, 139
Trd, 4319349.393, 138
Trd, 4319349.943, 140
Trd, 4319350.243, 138
Trd, 4319351.193, 140
Trd, 4319352.293, 140
Trd, 4319352.343, 140
Trd, 4319354.443, 140
Trd, 4319355.293, 140
Trd, 4319356.043, 140
Trd, 4319357.893, 140
Trd, 4319358.093, 140
Trd, 4319358.193, 140
Trd, 4319358.943, 138
Trd, 4319360.093, 140
Trd, 4319360.243, 137
Trd, 4319360.943, 138
Trd, 4319362.543, 82
Trd, 4319363.043, 81
Trd, 4319363.643, 140
Trd, 4319364.743, 62
Trd, 4319365.493, 65
Trd, 4319365.893, 69
Trd, 4319367.343, 60
Trd, 4319367.443, 60
Trd, 4319368.143, 63
Trd, 4319368.293, 65
Trd, 4319369.193, 66
Trd, 4319369.643, 63
Trd, 4319370.493, 103
Trd, 4319370.543, 115
Trd, 4319371.243, 60
Trd, 4319372.143, 63
Trd, 4319373.193, 65
Trd, 4319373.643, 63
Trd, 4319374.293, 110
Trd, 4319374.393, 61
Trd, 4319375.543, 139
Trd, 4319377.293, 132
Trd, 4319378.243, 140
Trd, 4319379.443, 140
Trd, 4319379.843, 140
Trd, 4319381.693, 140
Trd, 4319381.743, 140
Trd, 4319382.443, 140
Trd, 4319382.943, 140
Trd, 4319384.543, 140
Trd, 4319384.943, 139
Trd, 4319385.643, 140
Trd, 4319386.743, 140
Trd, 4319387.043, 140
Trd, 4319387.193, 138
Trd, 4319387.693, 140
Trd, 4319388.143, 139
Trd, 4319388.643, 131
Trd, 4319389.243, 140
Trd, 4319389.843, 140
Trd, 4319390.393, 120
Trd, 4319391.593, 139
Trd, 4319394.543, 140
Trd, 4319395.193, 140
Trd, 4319396.143, 140
Trd, 4319396.193, 140
Trd, 4319397.543, 140
Trd, 4319398.293, 140
Trd, 4319398.893, 140
Trd, 4319398.993, 140
Trd, 4319399.393, 140
Trd, 4319400.243, 122
Trd, 4319401.543, 60
Trd, 4319401.693, 61
Trd, 4319401.843, 64
Trd, 4319402.843, 87
Trd, 4319403.393, 87
Trd, 4319403.793, 115
Trd, 4319404.293, 139
Trd, 4319404.843, 113
Trd, 4319406.193, 140
Trd, 4319407.643, 140
Trd, 4319407.793, 140
Trd, 4319408.893, 140
Trd, 4319409.093, 140
Trd, 4319409.193, 139
Trd, 4319409.993, 138
Trd, 4319411.293, 136
Trd, 4319411.443, 138
Trd, 4319412.893, 110
Trd, 4319413.993, 125
Trd, 4319414.093, 119
Trd, 4319414.243, 118
Trd, 4319414.743, 120
Trd, 4319415.343, 124
Trd, 4319416.693, 103
Trd, 4319417.243, 72
Trd, 4319417.693, 89
Trd, 4319418.443, 138
Trd, 4319419.643, 140
Trd, 4319419.843, 140
Trd, 4319421.193, 140
Trd, 4319421.393, 140
Trd, 4319423.393, 140
Trd, 4319424.643, 140
Trd, 4319424.893, 140
Trd, 4319424.943, 140
Trd, 4319425.343, 139
Trd, 4319425.993, 139
Trd, 4319426.343, 139
Trd, 4319428.293, 140
Trd, 4319428.393, 139
Trd, 4319429.193, 139
Trd, 4319429.543, 139
Trd, 4319429.593, 140
Trd, 4319429.943, 139
Trd, 4319431.043, 99
Trd, 4319432.643, 140
Trd, 4319432.993, 70
Trd, 4319433.893, 140
Trd, 4319434.993, 140
Trd, 4319435.243, 140
Trd, 4319435.743, 139
Trd, 4319436.043, 138
Trd, 4319436.143, 101
Trd, 4319436.693, 114
Trd, 4319439.443, 124
Trd, 4319440.393, 127
Trd, 4319440.593, 126
Trd, 4319441.293, 138
Trd, 4319441.793, 140
Trd, 4319442.443, 140
Trd, 4319442.493, 117
Trd, 4319442.643, 105
Trd, 4319443.793, 140
Trd, 4319444.143, 140
Trd, 4319444.693, 140
Trd, 4319445.243, 140
Trd, 4319447.493, 140
Trd, 4319448.043, 140
Trd, 4319449.043, 140
Trd, 4319449.243, 140
Trd, 4319449.793, 140
Trd, 4319449.993, 140
Trd, 4319451.043, 140
Trd, 4319451.543, 140
Trd, 4319452.993, 140
Trd, 4319453.193, 140
Trd, 4319455.143, 140
Trd, 4319455.293, 140
Trd, 4319455.693, 140
Trd, 4319455.993, 138
Trd, 4319456.093, 139
Trd, 4319457.293, 139
Trd, 4319458.393, 140
Trd, 4319459.743, 127
Trd, 4319460.743, 140
Trd, 4319461.043, 126
Trd, 4319461.843, 139
Trd, 4319462.193, 109
Trd, 4319464.143, 140
Trd, 4319464.993, 140
Trd, 4319465.043, 140
Trd, 4319465.093, 140
Trd, 4319465.293, 139
Trd, 4319465.793, 107
Trd, 4319466.743, 75
Trd, 4319468.093, 140
Trd, 4319468.293, 140
Trd, 4319468.793, 140
Trd, 4319470.843, 140
Trd, 4319470.993, 140
Trd, 4319471.593, 140
Trd, 4319472.543, 140
Trd, 4319473.143, 140
Trd, 4319474.243, 140
Trd, 4319475.393, 140
Trd, 4319476.843, 140
Trd, 4319476.993, 140
Trd, 4319478.243, 140
Trd, 4319478.343, 140
Trd, 4319479.593, 140
Trd, 4319479.843, 139
Trd, 4319480.443, 140
Trd, 4319480.693, 134
Trd, 4319481.793, 140
Trd, 4319482.193, 140
Trd, 4319482.643, 140
Trd, 4319483.593, 118
Trd, 4319484.343, 140
Trd, 4319485.493, 140
Trd, 4319486.293, 140
Trd, 4319486.543, 140
Trd, 4319486.793, 136
Trd, 4319487.443, 140
Trd, 4319487.693, 140
Trd, 4319487.743, 138
Trd, 4319489.093, 138
Trd, 4319490.193, 140
Trd, 4319490.293, 138
Trd, 4319491.243, 118
Trd, 4319493.693, 140
Trd, 4319495.293, 140
Trd, 4319495.493, 140
Trd, 4319495.693, 140
Trd, 4319495.793, 140
Trd, 4319497.293, 136
Trd, 4319497.743, 62
Trd, 4319497.893, 61
Trd, 4319498.193, 60
Trd, 4319498.243, 62
Trd, 4319499.093, 62
Trd, 4319499.193, 101
Trd, 4319500.193, 98
Trd, 4319501.743, 140
Trd, 4319502.343, 139
Trd, 4319503.543, 135
Trd, 4319504.293, 139
Trd, 4319504.793, 93
Trd, 4319504.943, 140
Trd, 4319505.293, 93
Trd, 4319507.393, 70
Trd, 4319508.043, 61
Trd, 4319508.193, 65
Trd, 4319508.293, 66
Trd, 4319508.943, 76
Trd, 4319509.543, 64
Trd, 4319510.893, 60
Trd, 4319513.543, 60
Trd, 4319514.193, 60
Trd, 4319514.443, 60
Trd, 4319514.493, 64
Trd, 4319516.693, 60
Trd, 4319517.043, 61
Trd, 4319517.893, 63
Trd, 4319518.393, 71
Trd, 4319519.543, 131
Trd, 4319519.843, 140
Trd, 4319519.993, 140
Trd, 4319520.593, 139
Trd, 4319523.343, 140
Trd, 4319524.343, 140
Trd, 4319525.093, 140
Trd, 4319525.493, 140
Trd, 4319526.793, 140
Trd, 4319527.143, 140
Trd, 4319527.943, 140
Trd, 4319528.243, 140
Trd, 4319529.343, 140
Trd, 4319529.693, 140
Trd, 4319529.943, 140
Trd, 4319530.293, 140
Trd, 4319530.643, 124
Trd, 4319531.193, 137
Trd, 4319533.343, 133
Trd, 4319534.243, 131
Trd, 4319534.393, 109
Trd, 4319534.593, 109
Trd, 4319535.443, 139
Trd, 4319535.943, 138
Trd, 4319536.443, 140
Trd, 4319536.493, 126
Trd, 4319538.093, 140
Trd, 4319539.043, 61
Trd, 4319539.343, 61
Trd, 4319539.393, 62
Trd, 4319541.343, 140
Trd, 4319542.243, 140
Trd, 4319542.993, 140
Trd, 4319543.493, 140
Trd, 4319545.243, 140
Trd, 4319546.993, 140
Trd, 4319547.743, 140
Trd, 4319547.943, 140
Trd, 4319548.043, 140
Trd, 4319548.743, 125
Trd, 4319548.843, 102
Trd, 4319549.343, 111
Trd, 4319551.243, 73
Trd, 4319551.943, 81
Trd, 4319552.093, 104
Trd, 4319552.843, 138
Trd, 4319555.693, 140
Trd, 4319556.093, 140
Trd, 4319556.343, 140
Trd, 4319558.893, 140
Trd, 4319559.793, 140
Trd, 4319560.793, 140
Trd, 4319560.993, 140
Trd, 4319561.793, 140
Trd, 4319562.293, 140
Trd, 4319562.993, 140
Trd, 4319564.743, 100
Trd, 4319565.093, 115
Trd, 4319565.343, 116
Trd, 4319565.393, 68
Trd, 4319566.093, 140
Trd, 4319566.693, 107
Trd, 4319569.993, 140
Trd, 4319570.643, 140
Trd, 4319570.743, 140
Trd, 4319570.943, 140
Trd, 4319572.093, 140
Trd, 4319572.243, 140
Trd, 4319572.443, 140
Trd, 4319573.393, 139
Trd, 4319573.543, 140
Trd, 4319573.993, 78
Trd, 4319574.543, 139
Trd, 4319575.743, 140
Trd, 4319576.093, 136
Trd, 4319576.743, 140
Trd, 4319577.993, 136
Trd, 4319578.343, 91
Trd, 4319579.593, 125
Trd, 4319579.893, 116
Trd, 4319580.743, 140
Trd, 4319581.993, 140
Trd, 4319583.043, 140
Trd, 4319584.443, 140
Trd, 4319585.393, 140
Trd, 4319585.493, 140
Trd, 4319585.543, 140
Trd, 4319586.843, 140
Trd, 4319587.643, 139
Trd, 4319590.493, 140
Trd, 4319590.593, 140
Trd, 4319590.643, 140
Trd, 4319590.693, 140
Trd, 4319591.243, 124
Trd, 4319591.943, 124
Trd, 4319593.043, 140
Trd, 4319593.143, 138
Trd, 4319593.293, 138
Trd, 4319594.743, 140
Trd, 4319594.893, 140
Trd, 4319595.443, 140
Trd, 4319597.143, 140
Trd, 4319597.543, 140
Trd, 4319597.893, 140
Trd, 4319599.893, 140
Trd, 4319600.793, 140
Trd, 4319601.393, 140
Trd, 4319601.843, 140
Trd, 4319604.343, 140
Trd, 4319604.943, 140
Trd, 4319605.393, 139
Trd, 4319605.793, 110
Trd, 4319606.193, 104
Trd, 4319606.343, 102
Trd, 4319607.743, 140
Trd, 4319608.143, 140
Trd, 4319609.343, 140
Trd, 4319610.643, 140
Trd, 4319610.943, 104
Trd, 4319612.093, 140
Trd, 4319612.843, 140
Trd, 4319613.293, 137
Trd, 4319616.343, 140
Trd, 4319616.843, 140
Trd, 4319617.943, 140
Trd, 4319618.093, 140
Trd, 4319618.793, 140
Trd, 4319619.643, 140
Trd, 4319620.543, 140
Trd, 4319621.743, 140
Trd, 4319622.293, 140
Trd, 4319622.993, 140
Trd, 4319623.193, 139
Trd, 4319624.693, 140
Trd, 4319625.143, 140
Trd, 4319625.343, 140
Trd, 4319626.843, 140
Trd, 4319627.993, 140
Trd, 4319628.393, 140
Trd, 4319628.493, 140
Trd, 4319628.743, 140
Trd, 4319630.593, 140
Trd, 4319630.993, 140
Trd, 4319631.093, 139
Trd, 4319633.143, 140
Trd, 4319633.843, 140
Trd, 4319633.893, 140
Trd, 4319636.093, 140
Trd, 4319636.143, 138
Trd, 4319636.493, 140
Trd, 4319636.843, 138
Trd, 4319637.693, 98
Trd, 4319639.993, 140
Trd, 4319640.443, 140
Trd, 4319640.693, 140
Trd, 4319641.393, 140
Trd, 4319642.443, 138
Trd, 4319642.493, 139
Trd, 4319642.743, 137
Trd, 4319643.493, 128
Trd, 4319644.243, 137
Trd, 4319644.493, 60
Trd, 4319645.143, 69
Trd, 4319645.443, 139
Trd, 4319646.793, 140
Trd, 4319647.193, 77
Trd, 4319647.893, 113
Trd, 4319649.543, 140
Trd, 4319649.593, 140
Trd, 4319650.893, 140
Trd, 4319652.043, 140
Trd, 4319652.693, 140
Trd, 4319652.843, 140
Trd, 4319653.793, 140
Trd, 4319654.743, 140
Trd, 4319655.143, 140
Trd, 4319655.243, 140
Trd, 4319655.493, 98
Trd, 4319655.943, 140
Trd, 4319656.593, 139
Trd, 4319657.593, 74
Trd, 4319658.693, 91
Trd, 4319660.893, 63
Trd, 4319660.943, 64
Trd, 4319660.993, 99
Trd, 4319662.193, 140
Trd, 4319662.393, 140
Trd, 4319663.493, 140
Trd, 4319664.193, 140
Trd, 4319664.793, 140
Trd, 4319666.993, 140
Trd, 4319667.243, 140
Trd, 4319667.943, 140
Trd, 4319668.293, 139
Trd, 4319668.443, 138
Trd, 4319669.343, 140
Trd, 4319669.743, 137
Trd, 4319669.993, 135
Trd, 4319671.093, 140
Trd, 4319672.593, 137
Trd, 4319672.993, 74
Trd, 4319673.393, 136
Trd, 4319674.043, 140
Trd, 4319674.243, 137
Trd, 4319675.793, 140
Trd, 4319676.393, 140
Trd, 4319677.793, 140
Trd, 4319678.393, 140
Trd, 4319678.943, 140
Trd, 4319678.993, 127
Trd, 4319679.243, 118
Trd, 4319679.943, 60
Trd, 4319680.343, 140
Trd, 4319680.493, 139
Trd, 4319681.493, 140
Trd, 4319681.643, 140
Trd, 4319682.493, 123
Trd, 4319685.593, 140
Trd, 4319686.043, 140
Trd, 4319686.243, 140
Trd, 4319686.443, 139
Trd, 4319687.243, 139
Trd, 4319689.293, 140
Trd, 4319690.193, 140
Trd, 4319690.343, 139
Trd, 4319690.393, 139
Trd, 4319691.243, 140
Trd, 4319692.143, 134
Trd, 4319692.193, 110
Trd, 4319692.493, 72
Trd, 4319693.043, 137
Trd, 4319693.943, 124
Trd, 4319694.093, 127
Trd, 4319695.193, 61
Trd, 4319695.693, 60
Trd, 4319695.943, 62
Trd, 4319696.393, 65
Trd, 4319697.043, 140
Trd, 4319699.443, 74
Trd, 4319699.893, 122
Trd, 4319699.993, 121
Trd, 4319700.343, 140
Trd, 4319702.893, 138
Trd, 4319703.293, 139
Trd, 4319703.843, 140
Trd, 4319704.143, 89
Trd, 4319705.793, 140
Trd, 4319706.143, 140
Trd, 4319706.443, 139
Trd, 4319707.343, 140
Trd, 4319708.243, 140
Trd, 4319709.643, 139
Trd, 4319711.643, 140
Trd, 4319712.043, 135
Trd, 4319713.443, 140
Trd, 4319715.593, 140
Trd, 4319715.843, 140
Trd, 4319715.893, 140
Trd, 4319716.693, 140
Trd, 4319716.993, 140
Trd, 4319718.193, 138
Trd, 4319718.993, 140
Trd, 4319719.093, 139
Trd, 4319720.893, 140
Trd, 4319721.093, 140
Trd, 4319721.393, 140
Trd, 4319721.543, 140
Trd, 4319722.093, 123
Trd, 4319722.193, 121
Trd, 4319722.793, 125
Trd, 4319725.693, 140
Trd, 4319727.443, 140
Trd, 4319728.193, 140
Trd, 4319728.543, 140
Trd, 4319728.693, 137
Trd, 4319729.743, 140
Trd, 4319730.543, 140
Trd, 4319731.293, 140
Trd, 4319732.193, 140
Trd, 4319732.743, 140
Trd, 4319733.393, 140
Trd, 4319733.493, 140
Trd, 4319733.943, 137
Trd, 4319734.493, 140
Trd, 4319735.093, 138
Trd, 4319735.493, 138
Trd, 4319736.643, 140
Trd, 4319736.943, 139
Trd, 4319737.593, 137
Trd, 4319737.743, 135
Trd, 4319739.843, 140
Trd, 4319740.343, 140
Trd, 4319740.393, 140
Trd, 4319742.893, 140
Trd, 4319743.343, 140
Trd, 4319743.743, 140
Trd, 4319744.943, 140
Trd, 4319745.043, 140
Trd, 4319746.993, 140
Trd, 4319747.493, 140
Trd, 4319748.543, 140
Trd, 4319749.093, 140
Trd, 4319749.593, 140
Trd, 4319749.893, 140
Trd, 4319750.593, 139
Trd, 4319753.543, 140
Trd, 4319753.743, 140
Trd, 4319753.943, 140
Trd, 4319754.343, 139
Trd, 4319754.943, 140
Trd, 4319755.343, 140
Trd, 4319756.043, 139
Trd, 4319756.093, 137
Trd, 4319757.243, 60
Trd, 4319758.693, 140
Trd, 4319760.543, 140
Trd, 4319760.743, 140
Trd, 4319762.793, 140
Trd, 4319762.943, 140
Trd, 4319763.093, 140
Trd, 4319763.343, 139
Trd, 4319763.993, 140
Trd, 4319765.843, 140
Trd, 4319765.893, 139
Trd, 4319766.493, 91
Trd, 4319766.743, 140
Trd, 4319767.343, 134
Trd, 4319768.143, 132
Trd, 4319770.493, 140
Trd, 4319771.443, 140
Trd, 4319771.793, 140
Trd, 4319772.893, 140
Trd, 4319773.093, 140
Trd, 4319773.643, 140
Trd, 4319773.793, 140
Trd, 4319775.043, 140
Trd, 4319775.093, 138
Trd, 4319775.993, 78
Trd, 4319776.343, 120
Trd, 4319777.843, 127
Trd, 4319780.643, 140
Trd, 4319780.693, 140
Trd, 4319780.843, 140
Trd, 4319781.493, 140
Trd, 4319781.643, 140
Trd, 4319781.693, 99
Trd, 4319783.293, 85
Trd, 4319783.343, 99
Trd, 4319784.143, 99
Trd, 4319785.393, 140
Trd, 4319787.193, 140
Trd, 4319787.593, 140
Trd, 4319788.043, 138
Trd, 4319790.143, 140
Trd, 4319790.743, 140
Trd, 4319791.443, 140
Trd, 4319791.493, 140
Trd, 4319792.143, 140
Trd, 4319793.243, 140
Trd, 4319794.243, 140
Trd, 4319795.743, 140
Trd, 4319795.843, 140
Trd, 4319796.743, 140
Trd, 4319797.243, 140
Trd, 4319797.893, 140
Trd, 4319798.143, 121
Trd, 4319798.393, 139
Trd, 4319798.543, 70
Trd, 4319799.993, 140
Trd, 4319800.193, 140
Trd, 4319800.443, 140
Trd, 4319800.493, 139
Trd, 4319802.293, 140
Trd, 4319804.293, 140
Trd, 4319806.193, 140
Trd, 4319806.293, 140
Trd, 4319808.243, 140
Trd, 4319808.293, 140
Trd, 4319811.093, 140
Trd, 4319811.693, 140
Trd, 4319811.943, 140
Trd, 4319812.093, 140
Trd, 4319812.243, 138
Trd, 4319812.743, 138
Trd, 4319813.343, 140
Trd, 4319814.943, 140
Trd, 4319815.043, 139
Trd, 4319816.593, 140
Trd, 4319817.393, 140
Trd, 4319817.743, 140
Trd, 4319818.243, 140
Trd, 4319818.693, 81
Trd, 4319820.143, 60
Trd, 4319820.643, 64
Trd, 4319821.343, 108
Trd, 4319823.593, 140
Trd, 4319823.943, 140
Trd, 4319824.743, 140
Trd, 4319825.143, 139
Trd, 4319825.843, 133
Trd, 4319827.743, 140
Trd, 4319828.693, 139
Trd, 4319829.493, 136
Trd, 4319829.593, 134
Trd, 4319830.093, 140
Trd, 4319830.743, 126
Trd, 4319830.943, 125
Trd, 4319832.793, 140
Trd, 4319834.393, 140
Trd, 4319835.443, 140
Trd, 4319835.843, 139
Trd, 4319836.293, 140
Trd, 4319836.793, 140
Trd, 4319837.043, 140
Trd, 4319838.393, 60
Trd, 4319838.643, 60
Trd, 4319839.143, 119
Trd, 4319839.693, 140
Trd, 4319840.543, 135
Trd, 4319841.043, 140
Trd, 4319842.493, 140
Trd, 4319842.993, 140
Trd, 4319843.193, 140
Trd, 4319843.243, 120
Trd, 4319845.193, 139
Trd, 4319845.293, 138
Trd, 4319845.843, 66
Trd, 4319848.643, 140
Trd, 4319849.093, 140
Trd, 4319849.243, 140
Trd, 4319851.643, 140
Trd, 4319851.693, 140
Trd, 4319852.093, 139
Trd, 4319852.243, 139
Trd, 4319853.143, 76
Trd, 4319853.593, 138
Trd, 4319853.893, 139
Trd, 4319854.193, 140
Trd, 4319854.943, 114
Trd, 4319855.893, 115
Trd, 4319857.593, 140
Trd, 4319857.693, 139
Trd, 4319858.143, 92
Trd, 4319858.493, 73
Trd, 4319859.143, 114
Trd, 4319859.793, 115
Trd, 4319860.393, 116
Trd, 4319861.943, 140
Trd, 4319862.043, 140
Trd, 4319862.143, 78
Trd, 4319863.493, 140
Trd, 4319864.493, 140
Trd, 4319864.593, 140
Trd, 4319865.043, 121
Trd, 4319865.443, 140
Trd, 4319867.143, 80
Trd, 4319868.093, 140
Trd, 4319868.393, 140
Trd, 4319870.793, 140
Trd, 4319870.993, 140
Trd, 4319871.093, 140
Trd, 4319872.093, 140
Trd, 4319873.443, 116
Trd, 4319873.543, 98
Trd, 4319874.193, 108
Trd, 4319874.743, 118
Trd, 4319875.393, 110
Trd, 4319875.543, 138
Trd, 4319876.243, 138
Trd, 4319876.993, 137
Trd, 4319878.293, 140
Trd, 4319880.043, 140
Trd, 4319880.693, 140
Trd, 4319882.093, 140
Trd, 4319882.193, 140
Trd, 4319883.143, 140
Trd, 4319884.493, 140
Trd, 4319884.543, 140
Trd, 4319885.793, 140
Trd, 4319887.343, 140
Trd, 4319887.493, 140
Trd, 4319888.493, 140
Trd, 4319889.543, 140
Trd, 4319889.643, 140
Trd, 4319889.993, 140
Trd, 4319890.893, 140
Trd, 4319891.293, 140
Trd, 4319892.693, 140
Trd, 4319892.943, 101
Trd, 4319893.793, 115
Trd, 4319893.993, 90
Trd, 4319894.593, 140
Trd, 4319896.093, 83
Trd, 4319896.193, 128
Trd, 4319896.793, 127
Trd, 4319896.943, 126
Trd, 4319897.643, 125
Trd, 4319899.393, 79
Trd, 4319899.693, 61
Trd, 4319901.043, 90
Trd, 4319901.593, 112
Trd, 4319902.293, 61
Trd, 4319903.043, 61
Trd, 4319903.993, 74
Trd, 4319904.593, 61
Trd, 4319904.893, 87
Trd, 4319905.493, 88
Trd, 4319905.893, 70
Trd, 4319906.243, 67
Trd, 4319907.593, 63
Trd, 4319908.293, 63
Trd, 4319908.593, 64
Trd, 4319908.793, 71
Trd, 4319909.743, 83
Trd, 4319910.393, 95
Trd, 4319910.843, 103
Trd, 4319911.393, 110
Trd, 4319914.293, 140
Trd, 4319914.393, 94
Trd, 4319914.993, 83
Trd, 4319915.693, 101
Trd, 4319916.593, 140
Trd, 4319917.893, 140
Trd, 4319918.243, 140
Trd, 4319920.193, 140
Trd, 4319922.043, 140
Trd, 4319922.193, 140
Trd, 4319922.743, 140
Trd, 4319923.093, 140
Trd, 4319924.093, 140
Trd, 4319926.943, 140
Trd, 4319927.493, 138
Trd, 4319928.343, 140
Trd, 4319928.743, 139
Trd, 4319929.543, 140
Trd, 4319931.843, 140
Trd, 4319932.043, 140
Trd, 4319932.593, 140
Trd, 4319934.143, 140
Trd, 4319934.743, 140
Trd, 4319935.893, 140
Trd, 4319936.593, 140
Trd, 4319936.693, 138
Trd, 4319936.943, 111
Trd, 4319937.193, 110
Trd, 4319937.743, 60
Trd, 4319938.293, 61
Trd, 4319939.643, 130
Trd, 4319939.943, 137
Trd, 4319940.043, 138
Trd, 4319940.243, 140
Trd, 4319940.993, 78
Trd, 4319942.693, 140
Trd, 4319943.493, 140
Trd, 4319944.393, 130
Trd, 4319945.093, 122
Trd, 4319946.693, 137
Trd, 4319946.893, 133
Trd, 4319947.443, 136
Trd, 4319947.493, 133
Trd, 4319948.443, 136
Trd, 4319948.843, 134
Trd, 4319948.943, 139
Trd, 4319949.043, 131
Trd, 4319951.943, 140
Trd, 4319952.743, 137
Trd, 4319953.043, 137
Trd, 4319953.793, 140
Trd, 4319953.843, 140
Trd, 4319953.893, 140
Trd, 4319956.193, 140
Trd, 4319956.493, 140
Trd, 4319957.293, 94
Trd, 4319959.193, 60
Trd, 4319959.593, 60
Trd, 4319959.843, 60
Trd, 4319959.943, 60
Trd, 4319962.143, 60
Trd, 4319962.343, 60
Trd, 4319963.843, 60
Trd, 4319963.943, 61
Trd, 4319963.993, 62
Trd, 4319964.843, 71
Trd, 4319965.543, 74
Trd, 4319966.143, 75
Trd, 4319967.043, 99
Trd, 4319967.393, 128
Trd, 4319968.293, 139
Trd, 4319969.293, 140
Trd, 4319969.693, 139
Trd, 4319970.643, 71
Trd, 4319972.243, 139
Trd, 4319972.643, 140
Trd, 4319972.943, 140
Trd, 4319975.043, 140
Trd, 4319975.593, 140
Trd, 4319975.743, 140
Trd, 4319976.743, 139
Trd, 4319977.093, 137
Trd, 4319979.093, 140
Trd, 4319979.993, 140
Trd, 4319980.293, 140
Trd, 4319980.393, 139
Trd, 4319981.543, 138
Trd, 4319981.693, 137
Trd, 4319982.443, 135
Trd, 4319982.543, 130
Trd, 4319982.793, 136
Trd, 4319983.093, 92
Trd, 4319984.693, 140
Trd, 4319985.143, 140
Trd, 4319985.443, 140
Trd, 4319986.143, 140
Trd, 4319986.543, 140
Trd, 4319987.043, 67
Trd, 4319987.643, 140
Trd, 4319989.043, 140
Trd, 4319990.343, 140
Trd, 4319992.143, 140
Trd, 4319992.493, 140
Trd, 4319994.043, 140
Trd, 4319994.843, 140
Trd, 4319995.193, 140
Trd, 4319995.243, 84
Trd, 4319996.793, 140
Trd, 4319998.993, 140
Trd, 4319999.593, 140
