Trd, 4318046.193, 140
Trd, 4318046.843, 140
Trd, 4318048.793, 140
Trd, 4318050.943, 140
Trd, 4318051.143, 140
Trd, 4318051.343, 140
Trd, 4318051.793, 140
Trd, 4318053.193, 140
Trd, 4318053.443, 140
Trd, 4318055.043, 140
Trd, 4318055.293, 140
Trd, 4318057.093, 140
Trd, 4318057.193, 140
Trd, 4318058.543, 140
Trd, 4318058.793, 140
Trd, 4318059.043, 139
Trd, 4318059.493, 78
Trd, 4318060.043, 138
Trd, 4318061.643, 140
Trd, 4318062.643, 78
Trd, 4318063.443, 61
Trd, 4318064.343, 85
Trd, 4318064.593, 125
Trd, 4318064.943, 92
Trd, 4318066.643, 135
Trd, 4318067.993, 140
Trd, 4318068.143, 139
Trd, 4318068.893, 140
Trd, 4318069.443, 139
Trd, 4318072.143, 140
Trd, 4318073.693, 140
Trd, 4318075.743, 128
Trd, 4318076.793, 128
Trd, 4318077.193, 140
Trd, 4318077.643, 140
Trd, 4318077.793, 140
Trd, 4318077.943, 89
Trd, 4318078.493, 82
Trd, 4318079.693, 137
Trd, 4318081.493, 90
Trd, 4318082.243, 127
Trd, 4318082.293, 105
Trd, 4318082.543, 140
Trd, 4318082.593, 105
Trd, 4318083.893, 106
Trd, 4318086.343, 140
Trd, 4318087.443, 140
Trd, 4318087.843, 140
Trd, 4318087.943, 140
Trd, 4318088.893, 140
Trd, 4318089.443, 140
Trd, 4318089.643, 124
Trd, 4318090.443, 76
Trd, 4318092.293, 140
Trd, 4318092.443, 140
Trd, 4318093.193, 138
Trd, 4318094.093, 138
Trd, 4318094.643, 118
Trd, 4318096.593, 63
Trd, 4318096.943, 62
Trd, 4318097.943, 128
Trd, 4318098.493, 129
Trd, 4318098.593, 132
Trd, 4318099.943, 105
Trd, 4318100.593, 104
Trd, 4318101.293, 123
Trd, 4318101.943, 126
Trd, 4318102.143, 89
Trd, 4318102.293, 88
Trd, 4318103.193, 98
Trd, 4318103.643, 72
Trd, 4318105.243, 61
Trd, 4318105.893, 96
Trd, 4318106.243, 60
Trd, 4318106.443, 132
Trd, 4318107.893, 110
Trd, 4318108.243, 109
Trd, 4318110.043, 138
Trd, 4318110.143, 139
Trd, 4318110.793, 137
Trd, 4318111.243, 137
Trd, 4318113.843, 116
Trd, 4318114.093, 128
Trd, 4318114.393, 116
Trd, 4318115.243, 135
Trd, 4318117.543, 116
Trd, 4318118.793, 140
Trd, 4318119.143, 140
Trd, 4318119.243, 140
Trd, 4318120.693, 138
Trd, 4318121.793, 140
Trd, 4318122.743, 140
Trd, 4318122.943, 140
Trd, 4318123.293, 140
Trd, 4318124.193, 140
Trd, 4318124.693, 137
Trd, 4318126.943, 107
Trd, 4318127.093, 110
Trd, 4318127.393, 88
Trd, 4318128.443, 139
Trd, 4318129.293, 132
Trd, 4318130.193, 99
Trd, 4318131.193, 99
Trd, 4318131.943, 97
Trd, 4318132.343, 64
Trd, 4318132.793, 102
Trd, 4318134.393, 106
Trd, 4318134.693, 87
Trd, 4318134.943, 90
Trd, 4318136.543, 140
Trd, 4318136.643, 140
Trd, 4318136.893, 125
Trd, 4318138.193, 69
Trd, 4318139.543, 140
Trd, 4318140.593, 138
Trd, 4318140.993, 115
Trd, 4318142.493, 138
Trd, 4318143.243, 135
Trd, 4318143.943, 140
Trd, 4318144.643, 132
Trd, 4318146.643, 103
Trd, 4318147.443, 101
Trd, 4318149.343, 140
Trd, 4318150.193, 140
Trd, 4318150.593, 138
Trd, 4318151.243, 138
Trd, 4318152.093, 140
Trd, 4318152.343, 135
Trd, 4318153.993, 140
Trd, 4318154.043, 140
Trd, 4318154.993, 140
Trd, 4318155.143, 140
Trd, 4318156.143, 140
Trd, 4318157.293, 140
Trd, 4318157.793, 125
Trd, 4318157.943, 101
Trd, 4318158.443, 128
Trd, 4318159.043, 100
Trd, 4318160.693, 140
Trd, 4318161.743, 139
Trd, 4318162.493, 138
Trd, 4318162.993, 139
Trd, 4318163.093, 137
Trd, 4318164.843, 104
Trd, 4318165.843, 133
Trd, 4318167.193, 130
Trd, 4318167.743, 135
Trd, 4318168.293, 129
Trd, 4318168.543, 128
Trd, 4318168.793, 68
Trd, 4318170.243, 136
Trd, 4318171.643, 139
Trd, 4318171.693, 138
Trd, 4318172.343, 140
Trd, 4318173.843, 140
Trd, 4318174.543, 140
Trd, 4318174.843, 139
Trd, 4318176.843, 103
Trd, 4318177.643, 140
Trd, 4318177.693, 115
Trd, 4318178.293, 137
Trd, 4318180.293, 140
Trd, 4318180.343, 140
Trd, 4318181.043, 107
Trd, 4318181.243, 106
Trd, 4318181.593, 113
Trd, 4318182.043, 64
Trd, 4318183.993, 105
Trd, 4318184.493, 102
Trd, 4318184.993, 101
Trd, 4318185.843, 103
Trd, 4318186.693, 124
Trd, 4318186.843, 105
Trd, 4318188.293, 63
Trd, 4318189.193, 60
Trd, 4318189.443, 99
Trd, 4318190.643, 117
Trd, 4318190.993, 140
Trd, 4318191.893, 140
Trd, 4318193.593, 90
Trd, 4318194.643, 97
Trd, 4318194.743, 96
Trd, 4318194.993, 104
Trd, 4318195.293, 133
Trd, 4318196.143, 114
Trd, 4318196.193, 113
Trd, 4318197.393, 77
Trd, 4318199.993, 140
Trd, 4318200.043, 140
Trd, 4318200.093, 140
Trd, 4318200.343, 140
Trd, 4318200.443, 139
Trd, 4318201.693, 140
Trd, 4318202.393, 140
Trd, 4318202.693, 135
Trd, 4318203.493, 109
Trd, 4318203.743, 106
Trd, 4318204.843, 140
Trd, 4318205.993, 137
Trd, 4318206.243, 100
Trd, 4318208.243, 121
Trd, 4318209.493, 140
Trd, 4318209.743, 140
Trd, 4318209.843, 139
Trd, 4318210.793, 140
Trd, 4318213.243, 140
Trd, 4318213.493, 140
Trd, 4318213.993, 139
Trd, 4318214.693, 140
Trd, 4318215.493, 140
Trd, 4318216.343, 129
Trd, 4318216.593, 133
Trd, 4318216.893, 132
Trd, 4318218.493, 131
Trd, 4318219.193, 138
Trd, 4318220.843, 133
Trd, 4318221.943, 140
Trd, 4318224.093, 140
Trd, 4318224.243, 140
Trd, 4318224.743, 140
Trd, 4318227.343, 140
Trd, 4318228.393, 140
Trd, 4318228.543, 140
Trd, 4318229.243, 140
Trd, 4318229.393, 135
Trd, 4318229.593, 135
Trd, 4318229.943, 95
Trd, 4318231.343, 140
Trd, 4318231.593, 140
Trd, 4318231.893, 89
Trd, 4318233.543, 140
Trd, 4318235.043, 140
Trd, 4318235.743, 140
Trd, 4318236.493, 136
Trd, 4318236.543, 135
Trd, 4318237.743, 137
Trd, 4318238.093, 135
Trd, 4318239.393, 134
Trd, 4318240.293, 140
Trd, 4318241.493, 140
Trd, 4318241.543, 139
Trd, 4318243.193, 139
Trd, 4318243.493, 139
Trd, 4318243.743, 114
Trd, 4318245.643, 140
Trd, 4318246.693, 140
Trd, 4318247.693, 140
Trd, 4318248.043, 140
Trd, 4318248.693, 140
Trd, 4318249.693, 140
Trd, 4318249.993, 140
Trd, 4318250.693, 140
Trd, 4318250.843, 140
Trd, 4318251.793, 140
Trd, 4318252.643, 139
Trd, 4318252.843, 120
Trd, 4318253.543, 138
Trd, 4318255.543, 133
Trd, 4318257.743, 140
Trd, 4318257.993, 140
Trd, 4318258.543, 140
Trd, 4318260.043, 140
Trd, 4318260.443, 140
Trd, 4318260.543, 140
Trd, 4318260.993, 139
Trd, 4318261.043, 138
Trd, 4318261.943, 137
Trd, 4318262.293, 128
Trd, 4318262.593, 126
Trd, 4318262.843, 104
Trd, 4318264.593, 135
Trd, 4318265.293, 117
Trd, 4318266.493, 113
Trd, 4318266.543, 111
Trd, 4318266.893, 118
Trd, 4318269.943, 140
Trd, 4318270.143, 140
Trd, 4318270.393, 140
Trd, 4318271.543, 136
Trd, 4318271.743, 93
Trd, 4318272.093, 77
Trd, 4318273.043, 140
Trd, 4318273.243, 111
Trd, 4318273.993, 109
Trd, 4318274.693, 83
Trd, 4318276.443, 140
Trd, 4318276.643, 138
Trd, 4318277.443, 140
Trd, 4318277.643, 140
Trd, 4318278.593, 121
Trd, 4318279.443, 62
Trd, 4318280.243, 140
Trd, 4318281.343, 116
Trd, 4318282.543, 139
Trd, 4318284.443, 140
Trd, 4318284.793, 124
Trd, 4318285.093, 120
Trd, 4318286.343, 123
Trd, 4318286.543, 122
Trd, 4318288.893, 140
Trd, 4318289.593, 138
Trd, 4318290.293, 112
Trd, 4318290.393, 114
Trd, 4318290.893, 115
Trd, 4318292.343, 84
Trd, 4318293.293, 95
Trd, 4318293.343, 76
Trd, 4318294.643, 140
Trd, 4318294.893, 139
Trd, 4318295.043, 138
Trd, 4318295.493, 129
Trd, 4318296.443, 140
Trd, 4318298.693, 140
Trd, 4318299.343, 140
Trd, 4318301.893, 140
Trd, 4318302.093, 140
Trd, 4318303.143, 140
Trd, 4318304.443, 139
Trd, 4318304.993, 140
Trd, 4318306.243, 140
Trd, 4318306.293, 140
Trd, 4318306.443, 140
Trd, 4318307.393, 140
Trd, 4318307.493, 111
Trd, 4318308.193, 140
Trd, 4318309.093, 140
Trd, 4318310.593, 140
Trd, 4318310.793, 140
Trd, 4318312.393, 140
Trd, 4318312.543, 138
Trd, 4318313.643, 139
Trd, 4318313.993, 136
Trd, 4318314.343, 92
Trd, 4318315.893, 139
Trd, 4318316.093, 140
Trd, 4318317.043, 114
Trd, 4318317.693, 112
Trd, 4318317.743, 131
Trd, 4318318.993, 86
Trd, 4318319.893, 83
Trd, 4318321.593, 140
Trd, 4318322.193, 140
Trd, 4318323.593, 140
Trd, 4318325.743, 140
Trd, 4318327.493, 140
Trd, 4318327.693, 140
Trd, 4318327.793, 140
Trd, 4318327.993, 140
Trd, 4318329.743, 137
Trd, 4318330.493, 109
Trd, 4318331.443, 140
Trd, 4318332.293, 140
Trd, 4318332.993, 140
Trd, 4318333.143, 140
Trd, 4318335.343, 140
Trd, 4318335.643, 140
Trd, 4318335.793, 139
Trd, 4318337.693, 127
Trd, 4318337.793, 126
Trd, 4318338.843, 66
Trd, 4318339.843, 137
Trd, 4318340.893, 124
Trd, 4318341.793, 90
Trd, 4318343.593, 139
Trd, 4318344.543, 140
Trd, 4318344.793, 140
Trd, 4318344.843, 139
Trd, 4318346.293, 137
Trd, 4318346.693, 107
Trd, 4318346.843, 123
Trd, 4318348.593, 140
Trd, 4318349.593, 128
Trd, 4318350.293, 139
Trd, 4318351.393, 123
Trd, 4318351.893, 77
Trd, 4318352.343, 69
Trd, 4318352.943, 94
Trd, 4318353.743, 140
Trd, 4318353.943, 139
Trd, 4318353.993, 138
Trd, 4318355.493, 111
Trd, 4318355.843, 82
Trd, 4318358.493, 140
Trd, 4318359.093, 140
Trd, 4318360.043, 140
Trd, 4318360.493, 140
Trd, 4318361.193, 140
Trd, 4318362.293, 140
Trd, 4318363.643, 140
Trd, 4318364.593, 140
Trd, 4318366.943, 140
Trd, 4318367.593, 140
Trd, 4318368.843, 140
Trd, 4318369.643, 139
Trd, 4318370.343, 139
Trd, 4318370.443, 140
Trd, 4318371.143, 139
Trd, 4318371.493, 138
Trd, 4318372.993, 108
Trd, 4318373.543, 127
Trd, 4318374.743, 111
Trd, 4318374.943, 108
Trd, 4318375.093, 113
Trd, 4318376.143, 140
Trd, 4318377.243, 140
Trd, 4318377.843, 140
Trd, 4318377.893, 140
Trd, 4318378.993, 134
Trd, 4318380.343, 140
Trd, 4318380.943, 140
Trd, 4318381.093, 140
Trd, 4318383.293, 140
Trd, 4318384.293, 140
Trd, 4318384.443, 140
Trd, 4318385.543, 140
Trd, 4318386.443, 140
Trd, 4318387.693, 140
Trd, 4318390.043, 140
Trd, 4318390.543, 140
Trd, 4318391.043, 140
Trd, 4318392.143, 140
Trd, 4318392.393, 140
Trd, 4318393.343, 140
Trd, 4318395.143, 140
Trd, 4318395.993, 140
Trd, 4318396.493, 139
Trd, 4318398.393, 140
Trd, 4318399.093, 140
Trd, 4318399.493, 140
Trd, 4318399.743, 140
Trd, 4318399.793, 140
Trd, 4318400.343, 107
Trd, 4318402.093, 108
Trd, 4318402.493, 133
Trd, 4318404.893, 140
Trd, 4318405.693, 135
Trd, 4318406.743, 139
Trd, 4318407.293, 138
Trd, 4318408.593, 140
Trd, 4318409.093, 138
Trd, 4318409.393, 119
Trd, 4318410.943, 139
Trd, 4318412.243, 139
Trd, 4318412.643, 137
Trd, 4318414.593, 140
Trd, 4318415.943, 96
Trd, 4318417.043, 99
Trd, 4318418.593, 102
Trd, 4318420.493, 140
Trd, 4318421.243, 140
Trd, 4318421.593, 140
Trd, 4318421.693, 140
Trd, 4318423.193, 140
Trd, 4318423.243, 139
Trd, 4318423.993, 135
Trd, 4318424.193, 94
Trd, 4318424.843, 89
Trd, 4318426.343, 61
Trd, 4318426.643, 106
Trd, 4318426.943, 127
Trd, 4318427.843, 124
Trd, 4318430.243, 60
Trd, 4318431.643, 61
Trd, 4318431.693, 65
Trd, 4318431.793, 73
Trd, 4318432.143, 82
Trd, 4318432.893, 74
Trd, 4318434.643, 138
Trd, 4318435.893, 140
Trd, 4318436.443, 140
Trd, 4318436.843, 140
Trd, 4318437.943, 139
Trd, 4318438.543, 140
Trd, 4318440.393, 140
Trd, 4318440.643, 140
Trd, 4318441.243, 140
Trd, 4318441.293, 108
Trd, 4318442.193, 64
Trd, 4318442.643, 63
Trd, 4318442.793, 78
Trd, 4318444.193, 140
Trd, 4318444.293, 123
Trd, 4318444.393, 72
Trd, 4318448.443, 140
Trd, 4318448.643, 140
Trd, 4318449.093, 140
Trd, 4318449.193, 139
Trd, 4318450.243, 140
Trd, 4318450.643, 92
Trd, 4318450.893, 109
Trd, 4318452.243, 100
Trd, 4318452.643, 126
Trd, 4318454.543, 124
Trd, 4318455.543, 119
Trd, 4318456.393, 140
Trd, 4318456.743, 140
Trd, 4318457.793, 140
Trd, 4318459.443, 140
Trd, 4318459.493, 140
Trd, 4318460.493, 140
Trd, 4318460.693, 139
Trd, 4318462.293, 140
Trd, 4318463.543, 140
Trd, 4318463.843, 139
Trd, 4318464.743, 140
Trd, 4318465.343, 140
Trd, 4318465.993, 136
Trd, 4318466.593, 138
Trd, 4318466.643, 93
Trd, 4318469.193, 140
Trd, 4318469.293, 140
Trd, 4318469.493, 140
Trd, 4318470.743, 139
Trd, 4318471.293, 140
Trd, 4318472.443, 140
Trd, 4318472.543, 137
Trd, 4318474.793, 97
Trd, 4318475.643, 140
Trd, 4318476.193, 140
Trd, 4318477.193, 140
Trd, 4318478.293, 124
Trd, 4318478.393, 123
Trd, 4318479.443, 123
Trd, 4318480.643, 140
Trd, 4318481.143, 88
Trd, 4318481.293, 140
Trd, 4318482.393, 140
Trd, 4318482.893, 140
Trd, 4318484.193, 108
Trd, 4318484.343, 102
Trd, 4318485.743, 140
Trd, 4318485.993, 138
Trd, 4318486.943, 122
Trd, 4318487.093, 123
Trd, 4318488.593, 120
Trd, 4318488.843, 112
Trd, 4318489.343, 140
Trd, 4318489.393, 100
Trd, 4318491.443, 86
Trd, 4318491.793, 60
Trd, 4318492.643, 62
Trd, 4318492.943, 63
Trd, 4318493.643, 78
Trd, 4318493.943, 140
Trd, 4318497.393, 140
Trd, 4318497.993, 140
Trd, 4318499.393, 140
Trd, 4318499.893, 139
Trd, 4318499.943, 139
Trd, 4318502.743, 140
Trd, 4318503.793, 140
Trd, 4318504.293, 140
Trd, 4318504.693, 140
Trd, 4318505.343, 140
Trd, 4318505.593, 140
Trd, 4318506.193, 120
Trd, 4318506.543, 99
Trd, 4318507.943, 140
Trd, 4318509.843, 136
Trd, 4318511.143, 138
Trd, 4318511.243, 137
Trd, 4318511.693, 101
Trd, 4318512.343, 61
Trd, 4318512.443, 68
Trd, 4318513.943, 71
Trd, 4318515.293, 123
Trd, 4318515.743, 133
Trd, 4318516.993, 65
Trd, 4318517.293, 65
Trd, 4318518.243, 140
Trd, 4318518.743, 140
Trd, 4318518.893, 140
Trd, 4318519.443, 140
Trd, 4318519.493, 127
Trd, 4318521.593, 140
Trd, 4318522.793, 140
Trd, 4318522.893, 114
Trd, 4318524.193, 84
Trd, 4318524.643, 104
Trd, 4318525.193, 129
Trd, 4318525.893, 124
Trd, 4318527.443, 140
Trd, 4318527.493, 140
Trd, 4318527.893, 139
Trd, 4318529.093, 139
Trd, 4318529.643, 138
Trd, 4318531.843, 138
Trd, 4318534.843, 140
Trd, 4318536.593, 140
Trd, 4318536.893, 140
Trd, 4318537.143, 134
Trd, 4318537.493, 139
Trd, 4318538.393, 135
Trd, 4318538.643, 94
Trd, 4318539.843, 140
Trd, 4318539.943, 140
Trd, 4318542.043, 140
Trd, 4318543.593, 119
Trd, 4318545.143, 138
Trd, 4318545.293, 137
Trd, 4318545.343, 120
Trd, 4318546.793, 138
Trd, 4318549.093, 138
Trd, 4318549.143, 138
Trd, 4318549.243, 97
Trd, 4318550.093, 104
Trd, 4318550.993, 64
Trd, 4318552.893, 65
Trd, 4318553.343, 81
Trd, 4318553.393, 107
Trd, 4318554.193, 129
Trd, 4318554.793, 130
Trd, 4318555.043, 79
Trd, 4318555.893, 126
Trd, 4318557.443, 131
Trd, 4318558.493, 131
Trd, 4318559.293, 132
Trd, 4318559.943, 123
Trd, 4318561.493, 129
Trd, 4318561.593, 100
Trd, 4318562.343, 138
Trd, 4318562.493, 139
Trd, 4318565.193, 140
Trd, 4318565.943, 140
Trd, 4318566.643, 140
Trd, 4318566.743, 140
Trd, 4318568.193, 140
Trd, 4318569.793, 139
Trd, 4318570.543, 132
Trd, 4318571.793, 135
Trd, 4318572.593, 138
Trd, 4318573.243, 134
Trd, 4318573.543, 107
Trd, 4318576.443, 140
Trd, 4318576.593, 140
Trd, 4318578.493, 140
Trd, 4318578.793, 140
Trd, 4318578.943, 139
Trd, 4318579.693, 138
Trd, 4318580.693, 140
Trd, 4318581.293, 138
Trd, 4318582.993, 140
Trd, 4318583.843, 140
Trd, 4318583.893, 137
Trd, 4318584.843, 139
Trd, 4318586.093, 118
Trd, 4318586.343, 117
Trd, 4318589.193, 140
Trd, 4318590.193, 140
Trd, 4318590.243, 140
Trd, 4318590.293, 140
Trd, 4318590.943, 140
Trd, 4318591.743, 66
Trd, 4318592.243, 139
Trd, 4318593.493, 126
Trd, 4318593.743, 140
Trd, 4318597.143, 140
Trd, 4318597.693, 140
Trd, 4318597.943, 140
Trd, 4318599.243, 140
Trd, 4318599.543, 140
Trd, 4318600.343, 62
Trd, 4318601.093, 140
Trd, 4318602.893, 140
Trd, 4318603.043, 139
Trd, 4318603.143, 119
Trd, 4318603.843, 109
Trd, 4318604.193, 99
Trd, 4318604.993, 76
Trd, 4318605.643, 64
Trd, 4318606.193, 122
Trd, 4318607.293, 63
Trd, 4318607.593, 64
Trd, 4318609.243, 103
Trd, 4318609.293, 73
Trd, 4318610.093, 129
Trd, 4318611.093, 118
Trd, 4318611.893, 93
Trd, 4318612.543, 139
Trd, 4318613.143, 133
Trd, 4318614.143, 118
Trd, 4318614.893, 138
Trd, 4318615.993, 140
Trd, 4318616.593, 136
Trd, 4318616.793, 135
Trd, 4318618.193, 118
Trd, 4318618.543, 133
Trd, 4318619.593, 110
Trd, 4318619.693, 71
Trd, 4318620.693, 62
Trd, 4318621.643, 140
Trd, 4318623.793, 140
Trd, 4318624.393, 140
Trd, 4318625.043, 138
Trd, 4318625.793, 139
Trd, 4318625.943, 96
Trd, 4318626.693, 60
Trd, 4318629.843, 140
Trd, 4318630.543, 140
Trd, 4318631.593, 140
Trd, 4318632.343, 140
Trd, 4318633.293, 140
Trd, 4318635.843, 140
Trd, 4318636.643, 140
Trd, 4318636.943, 140
Trd, 4318637.493, 140
Trd, 4318638.743, 140
Trd, 4318639.543, 140
Trd, 4318640.793, 140
Trd, 4318641.093, 132
Trd, 4318641.243, 101
Trd, 4318642.593, 140
Trd, 4318643.143, 99
Trd, 4318643.993, 100
Trd, 4318645.743, 140
Trd, 4318646.193, 140
Trd, 4318646.743, 140
Trd, 4318647.043, 140
Trd, 4318647.493, 140
Trd, 4318647.693, 97
Trd, 4318650.093, 140
Trd, 4318650.893, 63
Trd, 4318650.943, 130
Trd, 4318651.293, 64
Trd, 4318651.693, 63
Trd, 4318652.643, 70
Trd, 4318654.993, 129
Trd, 4318656.293, 128
Trd, 4318657.593, 140
Trd, 4318657.893, 140
Trd, 4318658.393, 140
Trd, 4318659.593, 140
Trd, 4318659.993, 98
Trd, 4318660.043, 70
Trd, 4318660.243, 68
Trd, 4318661.693, 61
Trd, 4318661.993, 62
Trd, 4318662.793, 140
Trd, 4318663.243, 140
Trd, 4318663.593, 140
Trd, 4318663.843, 139
Trd, 4318664.643, 140
Trd, 4318668.343, 140
Trd, 4318668.643, 140
Trd, 4318669.343, 140
Trd, 4318669.693, 140
Trd, 4318669.793, 139
Trd, 4318670.443, 125
Trd, 4318671.993, 140
Trd, 4318673.593, 140
Trd, 4318674.243, 140
Trd, 4318674.293, 140
Trd, 4318674.593, 107
Trd, 4318675.993, 140
Trd, 4318676.293, 140
Trd, 4318679.343, 140
Trd, 4318679.393, 140
Trd, 4318682.093, 140
Trd, 4318682.593, 140
Trd, 4318682.943, 137
Trd, 4318684.643, 140
Trd, 4318684.843, 140
Trd, 4318685.493, 138
Trd, 4318687.493, 95
Trd, 4318687.893, 68
Trd, 4318687.943, 116
Trd, 4318689.193, 139
Trd, 4318689.543, 139
Trd, 4318690.143, 140
Trd, 4318690.243, 97
Trd, 4318691.193, 61
Trd, 4318692.643, 69
Trd, 4318693.293, 70
Trd, 4318693.343, 68
Trd, 4318693.543, 71
Trd, 4318694.043, 140
Trd, 4318694.993, 127
Trd, 4318695.443, 139
Trd, 4318696.043, 120
Trd, 4318697.193, 124
Trd, 4318699.393, 140
Trd, 4318699.843, 140
Trd, 4318700.043, 140
Trd, 4318701.643, 140
Trd, 4318702.393, 140
Trd, 4318705.543, 140
Trd, 4318707.143, 140
Trd, 4318707.193, 140
Trd, 4318707.293, 139
Trd, 4318709.493, 140
Trd, 4318710.343, 140
Trd, 4318710.593, 140
Trd, 4318711.293, 140
Trd, 4318711.993, 140
Trd, 4318713.193, 140
Trd, 4318715.193, 140
Trd, 4318715.493, 140
Trd, 4318716.143, 86
Trd, 4318717.693, 140
Trd, 4318718.493, 140
Trd, 4318719.193, 140
Trd, 4318719.693, 138
Trd, 4318719.943, 135
Trd, 4318720.393, 118
Trd, 4318721.593, 120
Trd, 4318722.643, 121
Trd, 4318722.793, 123
Trd, 4318722.943, 131
Trd, 4318723.643, 124
Trd, 4318724.843, 106
Trd, 4318727.343, 140
Trd, 4318728.443, 140
Trd, 4318728.493, 140
Trd, 4318728.993, 140
Trd, 4318730.093, 140
Trd, 4318731.493, 139
Trd, 4318731.893, 137
Trd, 4318733.493, 140
Trd, 4318734.793, 95
Trd, 4318734.893, 96
Trd, 4318735.193, 60
Trd, 4318735.493, 61
Trd, 4318736.343, 61
Trd, 4318737.443, 60
Trd, 4318737.643, 140
Trd, 4318740.193, 140
Trd, 4318740.443, 139
Trd, 4318742.043, 140
Trd, 4318742.843, 140
Trd, 4318742.893, 136
Trd, 4318743.093, 129
Trd, 4318743.793, 140
Trd, 4318745.793, 140
Trd, 4318748.193, 140
Trd, 4318748.543, 140
Trd, 4318748.643, 140
Trd, 4318748.793, 140
Trd, 4318749.743, 136
Trd, 4318750.943, 87
Trd, 4318751.043, 80
Trd, 4318751.893, 64
Trd, 4318752.543, 60
Trd, 4318754.693, 140
Trd, 4318755.393, 140
Trd, 4318756.643, 140
Trd, 4318756.693, 140
Trd, 4318757.293, 140
Trd, 4318757.943, 140
Trd, 4318758.893, 140
Trd, 4318760.443, 140
Trd, 4318761.093, 140
Trd, 4318761.243, 140
Trd, 4318761.743, 132
Trd, 4318762.993, 140
Trd, 4318763.093, 123
Trd, 4318764.093, 111
Trd, 4318764.243, 105
Trd, 4318764.843, 105
Trd, 4318765.493, 109
Trd, 4318766.893, 140
Trd, 4318768.193, 140
Trd, 4318768.893, 140
Trd, 4318769.543, 140
Trd, 4318769.643, 140
Trd, 4318770.793, 64
Trd, 4318771.693, 139
Trd, 4318772.993, 99
Trd, 4318774.943, 140
Trd, 4318775.043, 140
Trd, 4318776.343, 140
Trd, 4318776.393, 136
Trd, 4318778.993, 140
Trd, 4318780.393, 140
Trd, 4318780.993, 140
Trd, 4318781.743, 140
Trd, 4318781.793, 140
Trd, 4318782.243, 139
Trd, 4318782.993, 140
Trd, 4318786.293, 140
Trd, 4318786.393, 140
Trd, 4318786.693, 140
Trd, 4318787.593, 140
Trd, 4318787.643, 140
Trd, 4318787.943, 131
Trd, 4318788.193, 139
Trd, 4318789.093, 140
Trd, 4318790.393, 91
Trd, 4318792.893, 140
Trd, 4318793.693, 140
Trd, 4318794.343, 106
Trd, 4318794.793, 96
Trd, 4318796.243, 139
Trd, 4318796.343, 139
Trd, 4318796.593, 104
Trd, 4318798.893, 136
Trd, 4318801.643, 140
Trd, 4318801.743, 140
Trd, 4318802.293, 140
Trd, 4318802.343, 138
Trd, 4318803.793, 140
Trd, 4318804.043, 138
Trd, 4318804.543, 140
Trd, 4318804.743, 133
Trd, 4318806.193, 140
Trd, 4318806.243, 124
Trd, 4318807.593, 96
Trd, 4318808.793, 117
Trd, 4318809.243, 132
Trd, 4318809.343, 92
Trd, 4318810.793, 140
Trd, 4318811.293, 118
Trd, 4318813.443, 140
Trd, 4318814.293, 140
Trd, 4318816.043, 140
Trd, 4318816.093, 140
Trd, 4318816.293, 139
Trd, 4318817.393, 86
Trd, 4318818.543, 128
Trd, 4318818.693, 83
Trd, 4318818.993, 65
Trd, 4318819.693, 139
Trd, 4318820.543, 76
Trd, 4318821.643, 93
Trd, 4318822.643, 140
Trd, 4318823.143, 139
Trd, 4318825.693, 140
Trd, 4318825.793, 138
Trd, 4318827.493, 140
Trd, 4318828.043, 139
Trd, 4318828.443, 132
Trd, 4318828.693, 127
Trd, 4318829.343, 61
Trd, 4318830.243, 114
Trd, 4318831.943, 140
Trd, 4318833.493, 140
Trd, 4318834.543, 140
Trd, 4318834.943, 140
Trd, 4318835.743, 140
Trd, 4318836.193, 140
Trd, 4318836.593, 139
Trd, 4318836.993, 136
Trd, 4318837.793, 140
Trd, 4318837.993, 97
Trd, 4318839.243, 140
Trd, 4318839.993, 140
Trd, 4318840.343, 140
Trd, 4318841.543, 140
Trd, 4318842.343, 131
Trd, 4318843.443, 139
Trd, 4318844.143, 140
Trd, 4318844.343, 139
Trd, 4318846.893, 140
Trd, 4318847.543, 139
Trd, 4318848.593, 140
Trd, 4318849.143, 139
Trd, 4318850.093, 140
Trd, 4318850.643, 140
Trd, 4318851.693, 140
Trd, 4318851.993, 140
Trd, 4318854.343, 140
Trd, 4318854.443, 140
Trd, 4318854.843, 140
Trd, 4318855.093, 95
Trd, 4318857.143, 140
Trd, 4318858.243, 140
Trd, 4318858.493, 140
Trd, 4318858.693, 140
Trd, 4318858.843, 136
Trd, 4318859.693, 140
Trd, 4318860.493, 140
Trd, 4318860.643, 136
Trd, 4318861.093, 137
Trd, 4318862.643, 115
Trd, 4318863.543, 91
Trd, 4318863.693, 90
Trd, 4318864.443, 62
Trd, 4318865.543, 140
Trd, 4318865.793, 140
Trd, 4318866.343, 140
Trd, 4318868.243, 139
Trd, 4318868.743, 139
Trd, 4318868.893, 139
Trd, 4318870.743, 120
Trd, 4318871.593, 125
Trd, 4318872.843, 140
Trd, 4318874.193, 122
Trd, 4318875.243, 139
Trd, 4318875.393, 137
Trd, 4318876.193, 126
Trd, 4318876.243, 124
Trd, 4318877.893, 138
Trd, 4318877.993, 115
Trd, 4318878.443, 111
Trd, 4318879.743, 111
Trd, 4318879.893, 110
Trd, 4318880.443, 109
Trd, 4318880.643, 91
Trd, 4318880.693, 111
Trd, 4318882.143, 62
Trd, 4318883.593, 112
Trd, 4318883.843, 140
Trd, 4318884.893, 140
Trd, 4318885.743, 140
Trd, 4318885.793, 140
Trd, 4318886.793, 140
Trd, 4318887.393, 140
Trd, 4318888.543, 140
Trd, 4318889.593, 140
Trd, 4318890.993, 140
Trd, 4318892.393, 140
Trd, 4318893.043, 140
Trd, 4318893.093, 139
Trd, 4318894.793, 140
Trd, 4318894.893, 137
Trd, 4318895.893, 137
Trd, 4318896.243, 127
Trd, 4318896.593, 126
Trd, 4318899.293, 139
Trd, 4318900.143, 139
Trd, 4318900.393, 86
Trd, 4318900.943, 140
Trd, 4318901.293, 140
Trd, 4318903.343, 140
Trd, 4318904.643, 140
Trd, 4318905.693, 140
Trd, 4318906.093, 140
Trd, 4318906.343, 140
Trd, 4318906.743, 139
Trd, 4318907.943, 140
Trd, 4318909.393, 139
Trd, 4318910.793, 140
Trd, 4318911.743, 140
Trd, 4318912.793, 140
Trd, 4318913.193, 140
Trd, 4318913.643, 140
Trd, 4318915.043, 140
Trd, 4318915.743, 140
Trd, 4318916.093, 84
Trd, 4318917.343, 66
Trd, 4318918.193, 139
Trd, 4318919.193, 67
Trd, 4318919.943, 139
Trd, 4318920.193, 140
Trd, 4318920.643, 86
Trd, 4318921.843, 108
Trd, 4318922.943, 140
Trd, 4318925.293, 140
Trd, 4318925.343, 140
Trd, 4318926.243, 140
Trd, 4318926.543, 140
Trd, 4318928.943, 140
Trd, 4318929.593, 140
Trd, 4318929.743, 139
Trd, 4318930.243, 117
Trd, 4318932.093, 140
Trd, 4318932.143, 140
Trd, 4318932.593, 140
Trd, 4318934.593, 138
Trd, 4318935.443, 124
Trd, 4318935.593, 123
Trd, 4318936.643, 137
Trd, 4318937.693, 71
Trd, 4318937.843, 67
Trd, 4318939.543, 140
Trd, 4318940.193, 138
Trd, 4318940.593, 83
Trd, 4318941.043, 138
Trd, 4318941.393, 137
Trd, 4318942.343, 139
Trd, 4318942.993, 138
Trd, 4318943.043, 136
Trd, 4318943.243, 110
Trd, 4318944.393, 129
Trd, 4318945.393, 140
Trd, 4318947.043, 140
Trd, 4318947.793, 140
Trd, 4318949.143, 140
Trd, 4318949.993, 140
Trd, 4318950.493, 106
Trd, 4318952.843, 140
Trd, 4318953.443, 138
Trd, 4318954.393, 140
Trd, 4318954.893, 102
Trd, 4318955.293, 139
Trd, 4318955.843, 69
Trd, 4318958.393, 140
Trd, 4318958.693, 140
Trd, 4318958.843, 139
Trd, 4318960.043, 140
Trd, 4318960.343, 140
Trd, 4318960.593, 139
Trd, 4318961.393, 111
Trd, 4318962.243, 77
Trd, 4318963.193, 139
Trd, 4318964.493, 140
Trd, 4318966.093, 140
Trd, 4318967.143, 140
Trd, 4318967.793, 140
Trd, 4318969.593, 140
Trd, 4318970.293, 140
Trd, 4318970.843, 140
Trd, 4318971.043, 139
Trd, 4318971.893, 139
Trd, 4318972.043, 139
Trd, 4318974.443, 140
Trd, 4318975.793, 132
Trd, 4318976.043, 131
Trd, 4318976.193, 135
Trd, 4318976.593, 128
Trd, 4318976.743, 137
Trd, 4318977.393, 140
Trd, 4318977.493, 128
Trd, 4318978.993, 139
Trd, 4318980.143, 112
Trd, 4318980.643, 140
Trd, 4318982.043, 108
Trd, 4318983.193, 140
Trd, 4318983.293, 93
Trd, 4318984.243, 139
Trd, 4318984.643, 140
Trd, 4318986.343, 139
Trd, 4318987.393, 140
Trd, 4318989.193, 140
Trd, 4318989.243, 140
Trd, 4318989.593, 139
Trd, 4318990.443, 140
Trd, 4318991.993, 138
Trd, 4318993.343, 140
Trd, 4318993.393, 140
Trd, 4318994.693, 62
Trd, 4318994.743, 81
Trd, 4318994.893, 107
Trd, 4318994.993, 60
Trd, 4318997.343, 99
Trd, 4318997.643, 112
Trd, 4318998.193, 140
Trd, 4318998.393, 139
Trd, 4318998.543, 126
Trd, 4318998.993, 139
Trd, 4319000.243, 101
Trd, 4319001.143, 95
Trd, 4319003.943, 140
Trd, 4319004.543, 140
Trd, 4319005.043, 138
Trd, 4319005.293, 138
Trd, 4319005.743, 126
Trd, 4319005.893, 103
Trd, 4319006.593, 140
Trd, 4319009.443, 140
Trd, 4319009.743, 140
Trd, 4319010.143, 139
Trd, 4319010.643, 138
Trd, 4319010.943, 130
Trd, 4319011.293, 121
Trd, 4319012.293, 60
Trd, 4319013.343, 93
Trd, 4319013.693, 140
Trd, 4319014.043, 62
Trd, 4319014.893, 101
Trd, 4319015.793, 102
Trd, 4319016.493, 137
Trd, 4319016.743, 96
Trd, 4319017.843, 139
Trd, 4319017.943, 138
Trd, 4319018.793, 117
Trd, 4319019.643, 139
Trd, 4319020.643, 101
Trd, 4319022.793, 139
Trd, 4319023.043, 138
Trd, 4319024.593, 139
Trd, 4319024.943, 64
Trd, 4319025.143, 61
Trd, 4319025.493, 72
Trd, 4319026.943, 133
Trd, 4319027.793, 60
Trd, 4319029.393, 60
Trd, 4319030.393, 62
Trd, 4319030.893, 69
Trd, 4319032.093, 129
Trd, 4319032.193, 122
Trd, 4319032.243, 132
Trd, 4319032.743, 123
Trd, 4319033.493, 124
Trd, 4319033.793, 121
Trd, 4319034.093, 116
Trd, 4319034.793, 140
Trd, 4319034.993, 78
Trd, 4319036.943, 139
Trd, 4319038.393, 140
Trd, 4319038.843, 140
Trd, 4319040.143, 139
Trd, 4319041.593, 140
Trd, 4319041.793, 140
Trd, 4319043.143, 140
Trd, 4319044.243, 140
Trd, 4319044.443, 140
Trd, 4319045.593, 140
Trd, 4319045.693, 138
Trd, 4319047.093, 140
Trd, 4319049.943, 140
Trd, 4319050.293, 140
Trd, 4319050.543, 140
Trd, 4319052.043, 140
Trd, 4319052.143, 139
Trd, 4319053.143, 138
Trd, 4319053.993, 107
Trd, 4319055.293, 126
Trd, 4319055.743, 117
Trd, 4319057.243, 140
Trd, 4319057.893, 139
Trd, 4319058.793, 140
Trd, 4319059.293, 80
Trd, 4319060.993, 140
Trd, 4319063.193, 140
Trd, 4319063.293, 140
Trd, 4319064.693, 140
Trd, 4319065.393, 140
Trd, 4319066.493, 140
Trd, 4319067.993, 132
Trd, 4319068.293, 140
Trd, 4319068.843, 140
Trd, 4319070.343, 138
Trd, 4319070.993, 139
Trd, 4319073.143, 140
Trd, 4319074.143, 140
Trd, 4319075.093, 140
Trd, 4319075.293, 140
Trd, 4319075.443, 139
Trd, 4319075.543, 139
Trd, 4319075.793, 137
Trd, 4319078.293, 125
Trd, 4319078.393, 123
Trd, 4319078.843, 128
Trd, 4319080.993, 140
Trd, 4319081.693, 140
Trd, 4319082.443, 140
Trd, 4319082.793, 134
Trd, 4319083.093, 112
Trd, 4319084.843, 140
Trd, 4319085.093, 140
Trd, 4319085.343, 111
Trd, 4319086.843, 138
Trd, 4319087.343, 137
Trd, 4319087.393, 123
Trd, 4319088.243, 96
Trd, 4319090.193, 140
Trd, 4319091.493, 140
Trd, 4319092.643, 140
Trd, 4319093.393, 140
Trd, 4319094.493, 140
Trd, 4319095.043, 124
Trd, 4319096.593, 133
Trd, 4319096.943, 140
Trd, 4319097.693, 140
Trd, 4319098.293, 140
Trd, 4319098.793, 81
Trd, 4319099.193, 107
Trd, 4319099.693, 129
Trd, 4319101.093, 71
Trd, 4319101.543, 83
Trd, 4319101.743, 113
Trd, 4319103.743, 140
Trd, 4319103.993, 140
Trd, 4319104.593, 140
Trd, 4319105.293, 140
Trd, 4319107.143, 140
Trd, 4319109.443, 140
Trd, 4319109.693, 140
Trd, 4319109.993, 140
Trd, 4319110.593, 140
Trd, 4319111.243, 140
Trd, 4319112.043, 140
Trd, 4319112.893, 138
Trd, 4319113.093, 137
Trd, 4319114.893, 126
Trd, 4319116.143, 140
Trd, 4319116.993, 140
Trd, 4319117.893, 140
Trd, 4319118.443, 138
Trd, 4319118.693, 140
Trd, 4319119.043, 140
Trd, 4319119.343, 117
Trd, 4319119.743, 123
Trd, 4319120.493, 91
Trd, 4319121.893, 122
Trd, 4319123.943, 132
Trd, 4319124.643, 91
Trd, 4319124.993, 118
Trd, 4319125.143, 94
Trd, 4319125.193, 80
Trd, 4319126.493, 139
Trd, 4319126.943, 135
Trd, 4319127.443, 77
Trd, 4319128.593, 71
Trd, 4319129.793, 61
Trd, 4319132.093, 75
Trd, 4319132.643, 119
Trd, 4319133.343, 137
Trd, 4319133.593, 113
Trd, 4319134.043, 140
Trd, 4319135.593, 138
Trd, 4319136.093, 140
Trd, 4319136.243, 137
Trd, 4319136.543, 140
Trd, 4319136.993, 69
Trd, 4319138.943, 77
Trd, 4319140.543, 140
Trd, 4319141.693, 140
Trd, 4319142.093, 140
Trd, 4319142.293, 140
Trd, 4319143.343, 140
Trd, 4319143.593, 140
Trd, 4319144.893, 140
Trd, 4319145.643, 140
Trd, 4319146.393, 134
Trd, 4319146.843, 120
Trd, 4319148.093, 116
Trd, 4319148.793, 131
Trd, 4319149.043, 138
Trd, 4319149.393, 140
Trd, 4319149.693, 138
Trd, 4319150.693, 137
Trd, 4319151.143, 139
Trd, 4319152.193, 131
Trd, 4319152.943, 132
Trd, 4319153.493, 131
Trd, 4319153.793, 138
Trd, 4319154.893, 124
Trd, 4319155.243, 108
Trd, 4319155.743, 138
Trd, 4319155.893, 83
Trd, 4319157.793, 103
Trd, 4319158.243, 128
Trd, 4319158.643, 127
Trd, 4319159.693, 139
Trd, 4319159.993, 109
Trd, 4319161.293, 139
Trd, 4319161.993, 140
Trd, 4319163.593, 140
Trd, 4319163.843, 140
Trd, 4319165.543, 140
Trd, 4319166.393, 140
Trd, 4319167.943, 140
Trd, 4319168.343, 140
Trd, 4319169.243, 102
Trd, 4319169.443, 118
Trd, 4319170.193, 140
Trd, 4319171.493, 140
Trd, 4319174.143, 140
Trd, 4319174.643, 140
Trd, 4319174.993, 140
Trd, 4319175.343, 140
Trd, 4319175.743, 140
Trd, 4319177.643, 140
Trd, 4319178.393, 140
Trd, 4319178.593, 139
Trd, 4319180.743, 138
Trd, 4319182.843, 140
Trd, 4319183.093, 102
Trd, 4319184.193, 115
Trd, 4319184.893, 132
Trd, 4319185.093, 133
Trd, 4319185.143, 137
Trd, 4319187.143, 140
Trd, 4319188.293, 140
Trd, 4319189.193, 140
Trd, 4319189.593, 118
Trd, 4319190.943, 140
Trd, 4319191.043, 140
Trd, 4319191.443, 140
Trd, 4319191.493, 87
Trd, 4319192.043, 90
Trd, 4319194.293, 140
Trd, 4319195.143, 140
Trd, 4319195.343, 140
Trd, 4319196.693, 140
Trd, 4319196.843, 140
Trd, 4319198.843, 140
Trd, 4319199.093, 140
Trd, 4319199.693, 140
Trd, 4319200.543, 140
Trd, 4319201.343, 140
Trd, 4319202.693, 140
Trd, 4319202.943, 140
Trd, 4319202.993, 140
Trd, 4319203.893, 122
Trd, 4319204.143, 112
Trd, 4319205.143, 139
Trd, 4319207.193, 140
Trd, 4319208.143, 140
Trd, 4319208.943, 140
Trd, 4319209.143, 140
Trd, 4319209.393, 128
Trd, 4319211.793, 131
Trd, 4319212.443, 134
Trd, 4319213.193, 140
Trd, 4319214.543, 138
Trd, 4319215.443, 138
Trd, 4319216.193, 102
Trd, 4319216.243, 101
Trd, 4319216.793, 137
Trd, 4319217.643, 92
Trd, 4319219.043, 140
Trd, 4319219.443, 140
Trd, 4319220.943, 140
Trd, 4319222.093, 139
Trd, 4319222.643, 140
Trd, 4319223.193, 140
Trd, 4319223.543, 90
Trd, 4319224.493, 105
Trd, 4319226.243, 140
Trd, 4319226.493, 140
Trd, 4319226.793, 140
Trd, 4319227.793, 140
Trd, 4319227.943, 140
Trd, 4319228.493, 140
Trd, 4319230.593, 140
Trd, 4319231.143, 140
Trd, 4319232.743, 140
Trd, 4319234.543, 140
Trd, 4319234.843, 122
Trd, 4319236.293, 139
Trd, 4319236.393, 105
Trd, 4319236.543, 76
Trd, 4319237.193, 140
Trd, 4319238.043, 104
Trd, 4319238.993, 140
Trd, 4319240.643, 109
Trd, 4319241.843, 136
Trd, 4319243.443, 140
Trd, 4319243.593, 137
Trd, 4319246.643, 140
Trd, 4319247.593, 139
Trd, 4319247.893, 140
Trd, 4319248.043, 137
Trd, 4319248.593, 84
Trd, 4319250.493, 113
Trd, 4319250.543, 112
Trd, 4319251.343, 140
Trd, 4319251.643, 82
Trd, 4319252.593, 105
Trd, 4319253.293, 108
Trd, 4319255.143, 140
Trd, 4319257.343, 140
Trd, 4319258.043, 140
Trd, 4319258.493, 118
Trd, 4319259.193, 118
Trd, 4319260.693, 140
Trd, 4319261.143, 134
Trd, 4319261.443, 128
Trd, 4319263.193, 140
Trd, 4319263.693, 140
Trd, 4319263.843, 137
Trd, 4319265.643, 126
Trd, 4319265.843, 129
Trd, 4319266.443, 81
Trd, 4319266.493, 78
Trd, 4319267.743, 99
Trd, 4319268.193, 108
Trd, 4319268.493, 99
Trd, 4319268.793, 98
Trd, 4319269.143, 128
Trd, 4319271.093, 134
Trd, 4319271.693, 140
Trd, 4319272.743, 140
Trd, 4319274.243, 140
Trd, 4319274.393, 140
Trd, 4319274.443, 139
Trd, 4319274.493, 105
Trd, 4319276.793, 140
Trd, 4319277.743, 140
Trd, 4319278.093, 140
Trd, 4319278.843, 140
Trd, 4319279.443, 140
Trd, 4319280.443, 140
Trd, 4319282.393, 140
Trd, 4319282.693, 140
Trd, 4319283.093, 140
Trd, 4319283.243, 139
Trd, 4319284.793, 72
Trd, 4319286.693, 140
Trd, 4319287.343, 140
Trd, 4319288.043, 138
Trd, 4319288.543, 113
Trd, 4319288.643, 115
Trd, 4319289.993, 125
Trd, 4319290.743, 139
Trd, 4319290.993, 111
Trd, 4319292.343, 140
Trd, 4319292.843, 140
Trd, 4319295.943, 140
Trd, 4319296.093, 140
Trd, 4319297.893, 140
Trd, 4319299.443, 140
Trd, 4319299.843, 140
Trd, 4319300.343, 130
Trd, 4319301.143, 124
Trd, 4319302.093, 137
Trd, 4319303.493, 137
Trd, 4319303.593, 102
Trd, 4319303.993, 132
Trd, 4319304.093, 80
Trd, 4319304.793, 140
Trd, 4319305.343, 135
Trd, 4319306.893, 140
Trd, 4319307.193, 140
Trd, 4319308.143, 140
Trd, 4319308.193, 100
Trd, 4319309.943, 126
Trd, 4319310.243, 102
Trd, 4319310.693, 63
Trd, 4319311.643, 119
Trd, 4319312.593, 99
Trd, 4319314.443, 140
Trd, 4319314.843, 140
Trd, 4319316.243, 140
Trd, 4319316.293, 139
Trd, 4319316.993, 140
Trd, 4319318.443, 140
Trd, 4319318.893, 138
Trd, 4319318.993, 105
Trd, 4319320.043, 140
Trd, 4319321.343, 88
Trd, 4319323.093, 112
Trd, 4319324.843, 140
Trd, 4319325.193, 137
Trd, 4319325.243, 135
Trd, 4319325.743, 140
Trd, 4319327.043, 121
Trd, 4319328.643, 140
Trd, 4319328.893, 139
Trd, 4319329.193, 139
Trd, 4319331.793, 140
Trd, 4319333.743, 140
Trd, 4319334.393, 140
Trd, 4319334.693, 140
Trd, 4319334.943, 138
Trd, 4319335.393, 139
Trd, 4319336.243, 99
Trd, 4319337.543, 140
Trd, 4319337.843, 140
Trd, 4319338.743, 137
Trd, 4319341.243, 140
Trd, 4319341.443, 140
Trd, 4319341.993, 140
Trd, 4319342.943, 140
Trd, 4319343.343, 140
Trd, 4319344.443, 140
Trd, 4319345.343, 140
Trd, 4319346.593, 140
Trd, 4319346.993, 139
Trd, 4319347.693, 135
Trd, 4319351.593, 140
Trd, 4319351.693, 140
Trd, 4319351.743, 139
Trd, 4319352.793, 139
Trd, 4319352.843, 138
Trd, 4319353.193, 111
Trd, 4319353.993, 131
Trd, 4319355.743, 91
Trd, 4319356.593, 116
Trd, 4319356.643, 119
Trd, 4319358.943, 117
Trd, 4319359.043, 135
Trd, 4319359.843, 140
Trd, 4319359.943, 116
Trd, 4319361.043, 140
Trd, 4319361.443, 140
Trd, 4319361.893, 140
Trd, 4319362.893, 109
Trd, 4319363.043, 110
Trd, 4319363.243, 83
Trd, 4319364.693, 139
Trd, 4319365.393, 96
Trd, 4319366.493, 139
Trd, 4319366.843, 131
Trd, 4319367.943, 140
Trd, 4319368.443, 140
Trd, 4319369.143, 140
Trd, 4319370.643, 138
Trd, 4319371.193, 140
Trd, 4319371.493, 133
Trd, 4319371.893, 132
Trd, 4319372.343, 104
Trd, 4319373.793, 69
Trd, 4319374.993, 121
Trd, 4319375.343, 107
Trd, 4319376.043, 135
Trd, 4319376.093, 124
Trd, 4319377.143, 108
Trd, 4319377.493, 100
Trd, 4319378.993, 114
Trd, 4319379.143, 108
Trd, 4319379.193, 115
Trd, 4319379.943, 107
Trd, 4319380.893, 140
Trd, 4319381.843, 139
Trd, 4319383.193, 140
Trd, 4319383.543, 140
Trd, 4319384.043, 140
Trd, 4319386.293, 139
Trd, 4319386.543, 78
Trd, 4319387.043, 140
Trd, 4319387.993, 140
Trd, 4319389.693, 140
Trd, 4319390.493, 140
Trd, 4319391.143, 140
Trd, 4319391.793, 140
Trd, 4319393.093, 140
Trd, 4319393.793, 140
Trd, 4319394.243, 140
Trd, 4319395.493, 139
Trd, 4319396.193, 138
Trd, 4319397.543, 139
Trd, 4319397.643, 110
Trd, 4319397.743, 102
Trd, 4319400.143, 77
Trd, 4319400.393, 94
Trd, 4319400.743, 139
Trd, 4319402.443, 137
Trd, 4319403.893, 138
Trd, 4319404.243, 138
Trd, 4319406.343, 139
Trd, 4319406.393, 139
Trd, 4319406.443, 123
Trd, 4319406.893, 128
Trd, 4319408.693, 129
Trd, 4319408.943, 108
Trd, 4319409.793, 140
Trd, 4319409.893, 139
Trd, 4319410.643, 140
Trd, 4319411.143, 139
Trd, 4319411.993, 140
Trd, 4319412.043, 139
Trd, 4319413.843, 131
Trd, 4319415.143, 139
Trd, 4319415.493, 140
Trd, 4319417.443, 140
Trd, 4319418.193, 140
Trd, 4319418.793, 140
Trd, 4319418.993, 140
Trd, 4319419.843, 140
Trd, 4319420.643, 140
Trd, 4319421.243, 140
Trd, 4319421.493, 120
Trd, 4319422.393, 95
Trd, 4319422.893, 118
Trd, 4319423.143, 139
Trd, 4319424.343, 74
Trd, 4319425.393, 138
Trd, 4319425.993, 139
Trd, 4319426.993, 132
Trd, 4319428.143, 73
Trd, 4319429.543, 108
Trd, 4319431.193, 136
Trd, 4319431.643, 140
Trd, 4319432.593, 140
Trd, 4319432.993, 140
Trd, 4319433.493, 128
Trd, 4319433.943, 60
Trd, 4319436.043, 135
Trd, 4319436.843, 139
Trd, 4319437.043, 74
Trd, 4319438.643, 140
Trd, 4319439.243, 140
Trd, 4319439.443, 140
Trd, 4319439.943, 140
Trd, 4319441.843, 136
Trd, 4319441.893, 128
Trd, 4319444.743, 140
Trd, 4319444.843, 140
Trd, 4319444.943, 140
Trd, 4319446.843, 140
Trd, 4319447.143, 140
Trd, 4319447.293, 140
Trd, 4319447.443, 102
Trd, 4319448.293, 138
Trd, 4319449.343, 140
Trd, 4319450.393, 134
Trd, 4319450.993, 112
Trd, 4319452.093, 136
Trd, 4319452.443, 100
Trd, 4319453.593, 140
Trd, 4319455.193, 140
Trd, 4319455.643, 140
Trd, 4319457.593, 140
Trd, 4319457.893, 140
Trd, 4319458.343, 140
Trd, 4319458.443, 139
Trd, 4319459.393, 140
Trd, 4319460.343, 136
Trd, 4319461.693, 140
Trd, 4319461.843, 138
Trd, 4319461.993, 95
Trd, 4319462.943, 60
Trd, 4319466.043, 140
Trd, 4319467.343, 140
Trd, 4319468.593, 140
Trd, 4319469.593, 140
Trd, 4319469.943, 140
Trd, 4319470.143, 140
Trd, 4319472.193, 140
Trd, 4319472.443, 140
Trd, 4319472.493, 140
Trd, 4319474.343, 119
Trd, 4319475.143, 120
Trd, 4319475.743, 128
Trd, 4319476.043, 129
Trd, 4319476.493, 119
Trd, 4319478.193, 122
Trd, 4319479.443, 125
Trd, 4319480.443, 140
Trd, 4319481.893, 140
Trd, 4319482.693, 140
Trd, 4319483.093, 140
Trd, 4319483.393, 140
Trd, 4319484.843, 140
Trd, 4319485.343, 138
Trd, 4319485.443, 137
Trd, 4319487.893, 140
Trd, 4319488.543, 140
Trd, 4319489.793, 140
Trd, 4319490.793, 140
Trd, 4319491.493, 140
Trd, 4319492.393, 140
Trd, 4319492.543, 140
Trd, 4319493.393, 140
Trd, 4319495.643, 134
Trd, 4319496.143, 119
Trd, 4319496.343, 117
Trd, 4319496.443, 115
Trd, 4319498.943, 140
Trd, 4319499.193, 140
Trd, 4319500.743, 140
Trd, 4319502.093, 140
Trd, 4319502.193, 140
Trd, 4319502.843, 140
Trd, 4319505.893, 140
Trd, 4319506.343, 140
Trd, 4319506.993, 140
Trd, 4319507.943, 140
Trd, 4319508.943, 140
Trd, 4319509.143, 139
Trd, 4319510.393, 138
Trd, 4319514.543, 140
Trd, 4319514.643, 140
Trd, 4319514.843, 140
Trd, 4319514.993, 139
Trd, 4319515.243, 139
Trd, 4319516.243, 114
Trd, 4319517.343, 125
Trd, 4319518.143, 93
Trd, 4319518.593, 113
Trd, 4319518.643, 111
Trd, 4319519.193, 94
Trd, 4319519.843, 135
Trd, 4319520.893, 102
Trd, 4319521.493, 96
Trd, 4319522.193, 140
Trd, 4319522.443, 139
Trd, 4319523.443, 115
Trd, 4319525.293, 139
Trd, 4319526.593, 140
Trd, 4319527.293, 140
Trd, 4319527.943, 140
Trd, 4319530.543, 140
Trd, 4319531.143, 140
Trd, 4319531.543, 140
Trd, 4319531.693, 140
Trd, 4319531.993, 140
Trd, 4319532.193, 139
Trd, 4319534.793, 140
Trd, 4319534.993, 139
Trd, 4319535.693, 129
Trd, 4319535.843, 128
Trd, 4319536.893, 140
Trd, 4319538.493, 122
Trd, 4319539.043, 139
Trd, 4319540.243, 139
Trd, 4319540.643, 140
Trd, 4319541.693, 140
Trd, 4319542.893, 111
Trd, 4319544.743, 105
Trd, 4319545.293, 140
Trd, 4319545.343, 140
Trd, 4319546.643, 140
Trd, 4319547.493, 95
Trd, 4319547.693, 83
Trd, 4319547.943, 93
Trd, 4319549.593, 140
Trd, 4319551.293, 140
Trd, 4319551.793, 140
Trd, 4319552.243, 140
Trd, 4319552.843, 140
Trd, 4319553.493, 138
Trd, 4319554.643, 140
Trd, 4319554.893, 139
Trd, 4319555.443, 106
Trd, 4319555.943, 106
Trd, 4319557.843, 140
Trd, 4319558.093, 140
Trd, 4319558.543, 139
Trd, 4319559.593, 124
Trd, 4319560.143, 102
Trd, 4319561.693, 140
Trd, 4319561.893, 140
Trd, 4319562.143, 140
Trd, 4319563.543, 140
Trd, 4319564.893, 140
Trd, 4319566.243, 140
Trd, 4319566.493, 140
Trd, 4319567.293, 127
Trd, 4319567.693, 132
Trd, 4319569.293, 140
Trd, 4319569.493, 123
Trd, 4319570.693, 121
Trd, 4319571.143, 119
Trd, 4319572.143, 119
Trd, 4319573.093, 123
Trd, 4319573.843, 130
Trd, 4319574.093, 129
Trd, 4319574.693, 128
Trd, 4319576.193, 140
Trd, 4319577.943, 139
Trd, 4319579.293, 138
Trd, 4319579.393, 125
Trd, 4319579.493, 77
Trd, 4319580.893, 120
Trd, 4319581.643, 98
Trd, 4319583.243, 140
Trd, 4319583.693, 140
Trd, 4319584.293, 140
Trd, 4319585.293, 139
Trd, 4319585.393, 90
Trd, 4319585.893, 70
Trd, 4319587.493, 140
Trd, 4319587.893, 140
Trd, 4319589.043, 140
Trd, 4319590.843, 140
Trd, 4319591.393, 140
Trd, 4319591.443, 140
Trd, 4319591.743, 140
Trd, 4319592.743, 136
Trd, 4319593.543, 74
Trd, 4319594.343, 137
Trd, 4319594.993, 138
Trd, 4319597.693, 140
Trd, 4319597.793, 140
Trd, 4319598.043, 140
Trd, 4319598.393, 140
Trd, 4319598.793, 139
Trd, 4319599.393, 139
Trd, 4319599.593, 109
Trd, 4319603.393, 140
Trd, 4319603.693, 140
Trd, 4319603.893, 140
Trd, 4319604.293, 139
Trd, 4319604.543, 100
Trd, 4319605.393, 139
Trd, 4319607.443, 140
Trd, 4319607.593, 140
Trd, 4319607.943, 140
Trd, 4319609.393, 72
Trd, 4319609.543, 140
Trd, 4319610.293, 131
Trd, 4319610.943, 126
Trd, 4319611.593, 132
Trd, 4319613.293, 140
Trd, 4319613.843, 139
Trd, 4319614.893, 140
Trd, 4319615.193, 140
Trd, 4319615.693, 140
Trd, 4319615.793, 139
Trd, 4319617.043, 124
Trd, 4319620.593, 140
Trd, 4319621.093, 140
Trd, 4319621.193, 139
Trd, 4319621.743, 140
Trd, 4319623.843, 134
Trd, 4319624.793, 139
Trd, 4319627.293, 97
Trd, 4319627.493, 115
Trd, 4319627.843, 100
Trd, 4319627.893, 99
Trd, 4319628.193, 140
Trd, 4319628.443, 93
Trd, 4319629.243, 103
Trd, 4319629.843, 106
Trd, 4319629.993, 139
Trd, 4319630.693, 91
Trd, 4319631.243, 124
Trd, 4319632.493, 140
Trd, 4319632.793, 140
Trd, 4319634.143, 120
Trd, 4319636.143, 140
Trd, 4319637.593, 140
Trd, 4319637.643, 140
Trd, 4319638.393, 139
Trd, 4319638.543, 138
Trd, 4319639.643, 139
Trd, 4319640.893, 110
Trd, 4319642.293, 139
Trd, 4319643.043, 102
Trd, 4319643.493, 139
Trd, 4319643.543, 138
Trd, 4319644.043, 125
Trd, 4319645.943, 125
Trd, 4319646.693, 140
Trd, 4319647.143, 140
Trd, 4319647.693, 140
Trd, 4319649.043, 140
Trd, 4319649.693, 140
Trd, 4319649.943, 137
Trd, 4319651.443, 125
Trd, 4319652.993, 140
Trd, 4319653.193, 140
Trd, 4319653.243, 140
Trd, 4319653.343, 139
Trd, 4319655.093, 140
Trd, 4319655.993, 134
Trd, 4319657.393, 116
Trd, 4319658.393, 140
Trd, 4319658.643, 140
Trd, 4319658.843, 126
Trd, 4319659.593, 123
Trd, 4319661.193, 140
Trd, 4319661.443, 106
Trd, 4319664.093, 140
Trd, 4319664.493, 140
Trd, 4319666.493, 139
Trd, 4319667.343, 140
Trd, 4319667.793, 137
Trd, 4319668.543, 109
Trd, 4319669.143, 94
Trd, 4319670.293, 118
Trd, 4319670.343, 104
Trd, 4319670.493, 103
Trd, 4319670.843, 119
Trd, 4319671.293, 111
Trd, 4319672.893, 90
Trd, 4319673.243, 127
Trd, 4319673.393, 89
Trd, 4319676.443, 140
Trd, 4319676.843, 140
Trd, 4319677.343, 140
Trd, 4319678.343, 140
Trd, 4319679.193, 139
Trd, 4319679.593, 63
Trd, 4319680.793, 72
Trd, 4319680.943, 61
Trd, 4319681.793, 140
Trd, 4319683.243, 140
Trd, 4319684.493, 140
Trd, 4319684.643, 140
Trd, 4319685.143, 140
Trd, 4319685.493, 139
Trd, 4319686.743, 120
Trd, 4319687.443, 108
Trd, 4319687.543, 134
Trd, 4319688.193, 135
Trd, 4319690.293, 140
Trd, 4319691.143, 139
Trd, 4319691.993, 140
Trd, 4319692.893, 89
Trd, 4319693.293, 103
Trd, 4319694.893, 139
Trd, 4319695.343, 140
Trd, 4319695.543, 136
Trd, 4319697.243, 140
Trd, 4319697.993, 140
Trd, 4319698.143, 140
Trd, 4319698.593, 138
Trd, 4319699.543, 80
Trd, 4319700.093, 79
Trd, 4319702.643, 140
Trd, 4319703.393, 139
Trd, 4319703.493, 114
Trd, 4319703.643, 62
Trd, 4319705.393, 139
Trd, 4319707.343, 140
Trd, 4319707.443, 140
Trd, 4319707.543, 137
Trd, 4319709.393, 140
Trd, 4319710.243, 140
Trd, 4319710.493, 140
Trd, 4319711.043, 140
Trd, 4319711.543, 134
Trd, 4319712.293, 120
Trd, 4319713.243, 60
Trd, 4319713.743, 66
Trd, 4319714.893, 83
Trd, 4319715.693, 140
Trd, 4319716.193, 140
Trd, 4319716.893, 60
Trd, 4319716.993, 60
Trd, 4319717.443, 105
Trd, 4319718.093, 113
Trd, 4319719.343, 140
Trd, 4319719.493, 84
Trd, 4319720.143, 118
Trd, 4319721.293, 117
Trd, 4319721.593, 125
Trd, 4319722.593, 139
Trd, 4319724.443, 140
Trd, 4319726.043, 140
Trd, 4319727.893, 140
Trd, 4319728.393, 140
Trd, 4319730.143, 140
Trd, 4319730.693, 140
Trd, 4319731.193, 136
Trd, 4319731.343, 123
Trd, 4319733.543, 116
Trd, 4319734.193, 118
Trd, 4319735.793, 140
Trd, 4319735.993, 140
Trd, 4319737.193, 140
Trd, 4319738.143, 140
Trd, 4319738.243, 138
Trd, 4319738.943, 139
Trd, 4319742.443, 140
Trd, 4319743.193, 140
Trd, 4319743.243, 140
Trd, 4319744.693, 140
Trd, 4319745.393, 139
Trd, 4319746.093, 138
Trd, 4319746.143, 134
Trd, 4319747.593, 140
Trd, 4319748.893, 140
Trd, 4319748.993, 140
Trd, 4319749.193, 140
Trd, 4319749.743, 100
Trd, 4319751.243, 139
Trd, 4319752.393, 140
Trd, 4319754.693, 140
Trd, 4319755.893, 140
Trd, 4319756.443, 140
Trd, 4319756.843, 140
Trd, 4319757.043, 140
Trd, 4319757.993, 140
Trd, 4319758.393, 140
Trd, 4319759.593, 140
Trd, 4319760.043, 140
Trd, 4319760.193, 138
Trd, 4319762.793, 140
Trd, 4319764.093, 140
Trd, 4319764.243, 140
Trd, 4319764.793, 138
Trd, 4319765.593, 134
Trd, 4319766.543, 121
Trd, 4319768.043, 117
Trd, 4319768.393, 140
Trd, 4319769.893, 139
Trd, 4319770.493, 140
Trd, 4319770.693, 139
Trd, 4319771.143, 140
Trd, 4319771.443, 133
Trd, 4319771.743, 61
Trd, 4319772.643, 85
Trd, 4319774.043, 61
Trd, 4319775.043, 134
Trd, 4319776.143, 140
Trd, 4319776.793, 140
Trd, 4319776.893, 140
Trd, 4319777.143, 83
Trd, 4319778.643, 114
Trd, 4319779.393, 139
Trd, 4319780.243, 139
Trd, 4319781.593, 67
Trd, 4319782.143, 60
Trd, 4319782.493, 72
Trd, 4319782.943, 118
Trd, 4319783.593, 129
Trd, 4319784.393, 140
Trd, 4319785.193, 135
Trd, 4319785.243, 134
Trd, 4319785.543, 140
Trd, 4319787.493, 139
Trd, 4319787.993, 138
Trd, 4319790.293, 140
Trd, 4319790.393, 140
Trd, 4319791.093, 140
Trd, 4319791.643, 135
Trd, 4319791.893, 95
Trd, 4319792.343, 139
Trd, 4319793.343, 140
Trd, 4319794.043, 140
Trd, 4319796.043, 140
Trd, 4319796.493, 114
Trd, 4319797.343, 109
Trd, 4319798.943, 140
Trd, 4319800.293, 140
Trd, 4319800.543, 140
Trd, 4319802.843, 140
Trd, 4319803.043, 138
Trd, 4319805.293, 140
Trd, 4319805.543, 140
Trd, 4319805.643, 140
Trd, 4319806.143, 140
Trd, 4319808.143, 140
Trd, 4319808.593, 140
Trd, 4319808.843, 140
Trd, 4319810.393, 139
Trd, 4319812.093, 139
Trd, 4319812.293, 138
Trd, 4319812.493, 138
Trd, 4319813.743, 97
Trd, 4319814.543, 97
Trd, 4319814.693, 62
Trd, 4319816.643, 67
Trd, 4319816.743, 116
Trd, 4319817.293, 140
Trd, 4319818.943, 135
Trd, 4319819.693, 131
Trd, 4319819.893, 139
Trd, 4319820.793, 140
Trd, 4319821.943, 140
Trd, 4319822.493, 140
Trd, 4319823.293, 120
Trd, 4319823.393, 67
Trd, 4319824.293, 140
Trd, 4319827.443, 140
Trd, 4319827.593, 140
Trd, 4319827.893, 140
Trd, 4319830.393, 140
Trd, 4319831.593, 140
Trd, 4319831.743, 140
Trd, 4319832.493, 140
Trd, 4319833.943, 140
Trd, 4319834.143, 140
Trd, 4319834.893, 140
Trd, 4319835.293, 136
Trd, 4319836.243, 140
Trd, 4319836.643, 140
Trd, 4319837.393, 140
Trd, 4319837.793, 140
Trd, 4319838.243, 111
Trd, 4319839.343, 140
Trd, 4319839.793, 140
Trd, 4319840.593, 140
Trd, 4319840.943, 140
Trd, 4319841.343, 139
Trd, 4319843.843, 86
Trd, 4319845.693, 138
Trd, 4319845.743, 86
Trd, 4319846.443, 133
Trd, 4319846.543, 131
Trd, 4319846.893, 92
Trd, 4319848.493, 138
Trd, 4319848.843, 119
Trd, 4319849.493, 140
Trd, 4319849.843, 140
Trd, 4319850.493, 113
Trd, 4319851.543, 140
Trd, 4319851.743, 140
Trd, 4319852.093, 127
Trd, 4319852.793, 139
Trd, 4319852.843, 135
Trd, 4319852.943, 140
Trd, 4319855.093, 140
Trd, 4319855.643, 140
Trd, 4319856.493, 68
Trd, 4319857.793, 138
Trd, 4319858.743, 138
Trd, 4319859.693, 140
Trd, 4319860.293, 140
Trd, 4319861.443, 140
Trd, 4319861.693, 140
Trd, 4319862.593, 140
Trd, 4319864.093, 140
Trd, 4319864.443, 138
Trd, 4319865.543, 140
Trd, 4319867.693, 104
Trd, 4319868.293, 138
Trd, 4319868.493, 108
Trd, 4319868.693, 108
Trd, 4319869.143, 140
Trd, 4319869.593, 140
Trd, 4319869.693, 130
Trd, 4319871.093, 140
Trd, 4319871.293, 140
Trd, 4319871.643, 103
Trd, 4319872.893, 84
Trd, 4319875.393, 140
Trd, 4319876.343, 140
Trd, 4319876.543, 140
Trd, 4319876.743, 140
Trd, 4319878.193, 136
Trd, 4319878.493, 139
Trd, 4319878.643, 62
Trd, 4319880.843, 131
Trd, 4319881.993, 139
Trd, 4319882.993, 140
Trd, 4319883.143, 139
Trd, 4319884.893, 140
Trd, 4319886.143, 140
Trd, 4319886.693, 140
Trd, 4319886.893, 140
Trd, 4319888.393, 139
Trd, 4319888.693, 138
Trd, 4319889.043, 100
Trd, 4319890.843, 138
Trd, 4319891.943, 139
Trd, 4319892.693, 139
Trd, 4319893.043, 138
Trd, 4319894.193, 138
Trd, 4319896.243, 140
Trd, 4319896.593, 140
Trd, 4319896.793, 140
Trd, 4319897.143, 129
Trd, 4319897.543, 126
Trd, 4319897.843, 125
Trd, 4319899.143, 138
Trd, 4319899.493, 70
Trd, 4319900.293, 66
Trd, 4319901.043, 138
Trd, 4319901.343, 71
Trd, 4319902.043, 91
Trd, 4319903.193, 108
Trd, 4319904.143, 61
Trd, 4319904.993, 136
Trd, 4319905.093, 134
Trd, 4319906.793, 109
Trd, 4319907.343, 138
Trd, 4319907.493, 118
Trd, 4319909.243, 140
Trd, 4319909.743, 140
Trd, 4319910.393, 140
Trd, 4319910.943, 138
Trd, 4319912.093, 122
Trd, 4319912.693, 139
Trd, 4319912.743, 122
Trd, 4319913.193, 136
Trd, 4319913.343, 80
Trd, 4319913.993, 96
Trd, 4319915.343, 100
Trd, 4319915.843, 130
Trd, 4319918.143, 140
Trd, 4319918.293, 140
Trd, 4319918.943, 140
Trd, 4319919.143, 140
Trd, 4319919.543, 138
Trd, 4319919.593, 136
Trd, 4319920.143, 105
Trd, 4319922.593, 139
Trd, 4319923.643, 140
Trd, 4319924.143, 140
Trd, 4319925.793, 139
Trd, 4319926.043, 140
Trd, 4319926.343, 138
Trd, 4319927.293, 128
Trd, 4319928.143, 138
Trd, 4319928.793, 129
Trd, 4319929.143, 135
Trd, 4319931.793, 140
Trd, 4319932.193, 140
Trd, 4319933.743, 140
Trd, 4319934.993, 140
Trd, 4319935.493, 140
Trd, 4319935.693, 140
Trd, 4319938.293, 138
Trd, 4319938.643, 137
Trd, 4319938.943, 127
Trd, 4319940.443, 105
Trd, 4319941.093, 112
Trd, 4319941.393, 129
Trd, 4319942.093, 92
Trd, 4319942.943, 137
Trd, 4319944.293, 140
Trd, 4319944.743, 140
Trd, 4319944.843, 138
Trd, 4319946.543, 140
Trd, 4319946.943, 140
Trd, 4319947.593, 139
Trd, 4319949.393, 140
Trd, 4319950.043, 140
Trd, 4319950.143, 137
Trd, 4319950.343, 72
Trd, 4319950.543, 123
Trd, 4319951.643, 140
Trd, 4319952.943, 140
Trd, 4319953.543, 140
Trd, 4319954.543, 140
Trd, 4319954.993, 140
Trd, 4319955.493, 139
Trd, 4319956.643, 140
Trd, 4319959.243, 140
Trd, 4319960.593, 140
Trd, 4319960.843, 139
Trd, 4319960.943, 118
Trd, 4319960.993, 94
Trd, 4319963.293, 140
Trd, 4319963.943, 132
Trd, 4319966.893, 140
Trd, 4319967.843, 140
Trd, 4319968.493, 140
Trd, 4319969.593, 140
Trd, 4319969.693, 139
Trd, 4319969.993, 105
Trd, 4319970.493, 120
Trd, 4319971.193, 113
Trd, 4319971.493, 137
Trd, 4319971.743, 103
Trd, 4319973.443, 140
Trd, 4319973.643, 98
Trd, 4319973.793, 96
Trd, 4319974.543, 139
Trd, 4319975.293, 140
Trd, 4319976.643, 115
Trd, 4319976.943, 114
Trd, 4319977.393, 139
Trd, 4319979.243, 140
Trd, 4319980.693, 140
Trd, 4319981.243, 140
Trd, 4319981.693, 140
Trd, 4319982.643, 140
Trd, 4319984.293, 140
Trd, 4319984.493, 140
Trd, 4319985.243, 140
Trd, 4319985.993, 139
Trd, 4319987.093, 140
Trd, 4319987.593, 138
Trd, 4319988.143, 80
Trd, 4319988.943, 139
Trd, 4319989.093, 119
Trd, 4319990.393, 94
Trd, 4319992.443, 140
Trd, 4319993.643, 140
Trd, 4319993.743, 140
Trd, 4319994.393, 139
Trd, 4319994.643, 138
Trd, 4319995.443, 122
Trd, 4319996.793, 109
Trd, 4319997.443, 139
Trd, 4319998.393, 140
Trd, 4319998.593, 140
Trd, 4319999.093, 140
Trd, 4319999.543, 109
