Trd, 4318125.193, 137
Trd, 4318125.543, 134
Trd, 4318125.743, 117
Trd, 4318125.893, 100
Trd, 4318126.293, 115
Trd, 4318127.443, 103
Trd, 4318128.443, 135
Trd, 4318128.593, 115
Trd, 4318130.293, 139
Trd, 4318130.793, 105
Trd, 4318131.493, 94
Trd, 4318131.793, 90
Trd, 4318132.643, 127
Trd, 4318132.893, 79
Trd, 4318133.093, 79
Trd, 4318133.143, 76
Trd, 4318133.843, 129
Trd, 4318134.343, 70
Trd, 4318134.743, 120
Trd, 4318136.293, 138
Trd, 4318137.243, 112
Trd, 4318137.643, 136
Trd, 4318137.993, 122
Trd, 4318138.043, 93
Trd, 4318139.843, 61
Trd, 4318140.043, 137
Trd, 4318140.193, 75
Trd, 4318140.443, 110
Trd, 4318143.193, 131
Trd, 4318144.843, 125
Trd, 4318145.593, 101
Trd, 4318146.743, 136
Trd, 4318146.993, 102
Trd, 4318148.193, 79
Trd, 4318149.193, 90
Trd, 4318149.243, 100
Trd, 4318149.443, 63
Trd, 4318150.543, 111
Trd, 4318152.393, 69
Trd, 4318152.443, 71
Trd, 4318152.643, 62
Trd, 4318153.693, 137
Trd, 4318154.693, 127
Trd, 4318155.193, 94
Trd, 4318158.343, 123
Trd, 4318158.443, 128
Trd, 4318158.493, 121
Trd, 4318158.893, 95
Trd, 4318159.343, 72
Trd, 4318159.693, 113
Trd, 4318160.193, 134
Trd, 4318160.693, 60
Trd, 4318160.893, 64
Trd, 4318161.043, 81
Trd, 4318161.443, 91
Trd, 4318163.493, 126
Trd, 4318163.693, 100
Trd, 4318164.493, 132
Trd, 4318165.293, 72
Trd, 4318166.193, 128
Trd, 4318166.543, 112
Trd, 4318168.243, 98
Trd, 4318168.393, 107
Trd, 4318168.843, 114
Trd, 4318168.993, 79
Trd, 4318169.893, 60
Trd, 4318170.593, 68
Trd, 4318170.843, 130
Trd, 4318171.193, 61
Trd, 4318172.343, 135
Trd, 4318172.943, 131
Trd, 4318174.643, 132
Trd, 4318175.493, 112
Trd, 4318176.643, 114
Trd, 4318177.493, 98
Trd, 4318178.243, 140
Trd, 4318179.093, 68
Trd, 4318179.143, 74
Trd, 4318180.793, 110
Trd, 4318181.443, 118
Trd, 4318183.493, 118
Trd, 4318184.243, 114
Trd, 4318184.393, 123
Trd, 4318185.543, 139
Trd, 4318186.193, 134
Trd, 4318186.743, 102
Trd, 4318188.793, 132
Trd, 4318189.093, 124
Trd, 4318189.193, 98
Trd, 4318190.243, 79
Trd, 4318190.543, 85
Trd, 4318193.543, 130
Trd, 4318193.993, 126
Trd, 4318194.343, 115
Trd, 4318194.693, 104
Trd, 4318194.793, 91
Trd, 4318195.293, 121
Trd, 4318196.693, 120
Trd, 4318197.043, 110
Trd, 4318197.643, 120
Trd, 4318198.843, 101
Trd, 4318199.143, 120
Trd, 4318199.443, 137
Trd, 4318199.493, 89
Trd, 4318200.193, 130
Trd, 4318200.693, 95
Trd, 4318202.293, 120
Trd, 4318204.343, 126
Trd, 4318204.793, 109
Trd, 4318204.943, 127
Trd, 4318206.243, 136
Trd, 4318207.143, 122
Trd, 4318207.793, 139
Trd, 4318209.343, 118
Trd, 4318209.443, 110
Trd, 4318209.543, 127
Trd, 4318209.693, 107
Trd, 4318211.093, 136
Trd, 4318211.743, 134
Trd, 4318212.343, 99
Trd, 4318213.043, 125
Trd, 4318213.343, 68
Trd, 4318213.993, 110
Trd, 4318215.893, 133
Trd, 4318217.243, 108
Trd, 4318217.393, 107
Trd, 4318218.343, 99
Trd, 4318218.743, 80
Trd, 4318219.043, 76
Trd, 4318219.443, 110
Trd, 4318221.143, 63
Trd, 4318222.343, 119
Trd, 4318223.143, 109
Trd, 4318223.193, 89
Trd, 4318224.843, 105
Trd, 4318224.993, 88
Trd, 4318226.693, 133
Trd, 4318226.743, 107
Trd, 4318226.943, 116
Trd, 4318227.743, 83
Trd, 4318227.893, 88
Trd, 4318228.693, 65
Trd, 4318229.293, 96
Trd, 4318229.593, 95
Trd, 4318230.343, 91
Trd, 4318230.943, 112
Trd, 4318232.193, 86
Trd, 4318232.343, 102
Trd, 4318233.943, 111
Trd, 4318234.643, 97
Trd, 4318235.643, 118
Trd, 4318237.143, 99
Trd, 4318237.443, 96
Trd, 4318237.793, 117
Trd, 4318238.243, 92
Trd, 4318238.593, 93
Trd, 4318238.843, 90
Trd, 4318239.243, 118
Trd, 4318239.693, 127
Trd, 4318240.643, 86
Trd, 4318241.293, 100
Trd, 4318242.343, 90
Trd, 4318242.943, 102
Trd, 4318244.043, 99
Trd, 4318244.343, 64
Trd, 4318245.493, 93
Trd, 4318247.243, 133
Trd, 4318247.493, 87
Trd, 4318247.643, 128
Trd, 4318248.193, 74
Trd, 4318250.043, 135
Trd, 4318251.193, 132
Trd, 4318251.793, 112
Trd, 4318252.043, 110
Trd, 4318252.743, 105
Trd, 4318253.593, 132
Trd, 4318254.493, 140
Trd, 4318254.743, 139
Trd, 4318255.493, 138
Trd, 4318257.293, 94
Trd, 4318259.043, 133
Trd, 4318259.743, 100
Trd, 4318260.293, 125
Trd, 4318261.293, 139
Trd, 4318261.793, 122
Trd, 4318263.293, 129
Trd, 4318263.543, 138
Trd, 4318263.843, 113
Trd, 4318264.493, 62
Trd, 4318264.643, 90
Trd, 4318265.143, 71
Trd, 4318265.393, 98
Trd, 4318267.293, 137
Trd, 4318268.143, 132
Trd, 4318268.593, 111
Trd, 4318269.243, 128
Trd, 4318269.293, 119
Trd, 4318269.743, 98
Trd, 4318270.943, 140
Trd, 4318271.243, 137
Trd, 4318272.093, 100
Trd, 4318272.493, 86
Trd, 4318273.743, 138
Trd, 4318273.893, 120
Trd, 4318274.493, 113
Trd, 4318275.793, 132
Trd, 4318276.893, 98
Trd, 4318277.343, 107
Trd, 4318277.443, 68
Trd, 4318277.693, 109
Trd, 4318278.043, 60
Trd, 4318278.643, 64
Trd, 4318279.543, 60
Trd, 4318280.143, 114
Trd, 4318282.143, 115
Trd, 4318282.393, 112
Trd, 4318283.093, 107
Trd, 4318284.693, 105
Trd, 4318284.793, 83
Trd, 4318284.993, 72
Trd, 4318285.043, 78
Trd, 4318286.243, 129
Trd, 4318286.543, 72
Trd, 4318289.593, 125
Trd, 4318289.643, 112
Trd, 4318291.443, 127
Trd, 4318292.043, 137
Trd, 4318292.343, 110
Trd, 4318294.243, 122
Trd, 4318294.343, 120
Trd, 4318294.393, 107
Trd, 4318295.243, 111
Trd, 4318295.343, 114
Trd, 4318295.743, 138
Trd, 4318295.893, 131
Trd, 4318297.643, 139
Trd, 4318297.743, 109
Trd, 4318298.743, 115
Trd, 4318299.293, 128
Trd, 4318300.693, 131
Trd, 4318300.943, 109
Trd, 4318302.293, 135
Trd, 4318302.593, 98
Trd, 4318304.243, 136
Trd, 4318304.743, 100
Trd, 4318304.943, 98
Trd, 4318306.343, 135
Trd, 4318307.643, 136
Trd, 4318307.843, 132
Trd, 4318308.543, 127
Trd, 4318308.993, 106
Trd, 4318309.693, 81
Trd, 4318309.843, 120
Trd, 4318310.143, 117
Trd, 4318310.893, 120
Trd, 4318311.193, 107
Trd, 4318312.343, 117
Trd, 4318312.693, 60
Trd, 4318313.293, 125
Trd, 4318313.393, 98
Trd, 4318314.493, 138
Trd, 4318315.793, 98
Trd, 4318315.993, 88
Trd, 4318316.843, 102
Trd, 4318316.943, 69
Trd, 4318317.893, 70
Trd, 4318319.393, 90
Trd, 4318320.193, 97
Trd, 4318321.093, 107
Trd, 4318321.793, 88
Trd, 4318322.543, 85
Trd, 4318322.743, 77
Trd, 4318324.193, 108
Trd, 4318325.843, 129
Trd, 4318326.143, 125
Trd, 4318326.693, 139
Trd, 4318326.793, 124
Trd, 4318327.393, 100
Trd, 4318329.493, 122
Trd, 4318330.493, 138
Trd, 4318330.643, 134
Trd, 4318330.693, 108
Trd, 4318331.193, 136
Trd, 4318331.893, 108
Trd, 4318332.843, 99
Trd, 4318333.443, 72
Trd, 4318334.443, 72
Trd, 4318334.543, 92
Trd, 4318335.643, 131
Trd, 4318336.943, 129
Trd, 4318338.793, 140
Trd, 4318339.043, 123
Trd, 4318339.193, 122
Trd, 4318341.043, 131
Trd, 4318342.393, 132
Trd, 4318342.643, 134
Trd, 4318342.743, 123
Trd, 4318343.443, 63
Trd, 4318345.393, 114
Trd, 4318345.693, 94
Trd, 4318346.443, 100
Trd, 4318346.743, 63
Trd, 4318348.093, 98
Trd, 4318348.293, 122
Trd, 4318348.993, 108
Trd, 4318349.693, 107
Trd, 4318350.293, 112
Trd, 4318350.343, 73
Trd, 4318351.393, 132
Trd, 4318351.993, 121
Trd, 4318352.043, 78
Trd, 4318353.493, 129
Trd, 4318355.343, 61
Trd, 4318356.193, 132
Trd, 4318356.943, 140
Trd, 4318357.043, 126
Trd, 4318358.343, 136
Trd, 4318358.393, 122
Trd, 4318359.443, 82
Trd, 4318360.093, 74
Trd, 4318361.243, 91
Trd, 4318361.893, 130
Trd, 4318362.343, 98
Trd, 4318362.693, 82
Trd, 4318365.093, 138
Trd, 4318365.743, 135
Trd, 4318366.693, 140
Trd, 4318366.943, 126
Trd, 4318367.443, 131
Trd, 4318367.993, 122
Trd, 4318368.993, 73
Trd, 4318369.293, 60
Trd, 4318369.993, 137
Trd, 4318371.393, 140
Trd, 4318371.843, 120
Trd, 4318372.793, 82
Trd, 4318373.543, 87
Trd, 4318373.593, 101
Trd, 4318373.943, 84
Trd, 4318375.693, 131
Trd, 4318375.743, 105
Trd, 4318376.743, 138
Trd, 4318377.843, 131
Trd, 4318378.393, 122
Trd, 4318378.843, 119
Trd, 4318379.143, 112
Trd, 4318379.593, 61
Trd, 4318380.743, 128
Trd, 4318381.543, 62
Trd, 4318381.693, 71
Trd, 4318382.443, 100
Trd, 4318383.443, 63
Trd, 4318384.193, 63
Trd, 4318385.093, 61
Trd, 4318386.493, 81
Trd, 4318387.493, 63
Trd, 4318387.543, 93
Trd, 4318387.743, 122
Trd, 4318388.293, 127
Trd, 4318388.543, 71
Trd, 4318389.643, 109
Trd, 4318390.443, 109
Trd, 4318392.693, 129
Trd, 4318393.393, 117
Trd, 4318393.843, 97
Trd, 4318393.893, 78
Trd, 4318394.393, 128
Trd, 4318394.893, 112
Trd, 4318395.243, 138
Trd, 4318396.193, 138
Trd, 4318396.443, 104
Trd, 4318397.493, 102
Trd, 4318398.193, 111
Trd, 4318398.943, 138
Trd, 4318399.393, 132
Trd, 4318399.593, 97
Trd, 4318399.893, 77
Trd, 4318400.693, 80
Trd, 4318401.793, 110
Trd, 4318402.193, 106
Trd, 4318402.293, 120
Trd, 4318403.793, 140
Trd, 4318404.643, 105
Trd, 4318405.193, 103
Trd, 4318405.493, 117
Trd, 4318407.143, 115
Trd, 4318407.443, 109
Trd, 4318407.543, 102
Trd, 4318407.743, 108
Trd, 4318409.243, 136
Trd, 4318410.143, 115
Trd, 4318410.793, 131
Trd, 4318412.543, 134
Trd, 4318412.693, 113
Trd, 4318413.393, 118
Trd, 4318414.143, 129
Trd, 4318415.293, 120
Trd, 4318415.743, 139
Trd, 4318415.843, 111
Trd, 4318416.043, 121
Trd, 4318417.893, 111
Trd, 4318417.943, 107
Trd, 4318418.093, 99
Trd, 4318419.793, 94
Trd, 4318420.243, 88
Trd, 4318420.743, 136
Trd, 4318420.893, 114
Trd, 4318421.843, 124
Trd, 4318422.493, 90
Trd, 4318422.993, 73
Trd, 4318423.043, 72
Trd, 4318423.893, 94
Trd, 4318425.493, 140
Trd, 4318426.643, 136
Trd, 4318428.193, 137
Trd, 4318428.243, 130
Trd, 4318428.393, 128
Trd, 4318430.243, 107
Trd, 4318430.843, 108
Trd, 4318431.193, 92
Trd, 4318433.143, 134
Trd, 4318433.743, 102
Trd, 4318434.043, 131
Trd, 4318434.193, 120
Trd, 4318434.293, 79
Trd, 4318435.093, 113
Trd, 4318436.493, 128
Trd, 4318437.593, 138
Trd, 4318437.843, 135
Trd, 4318438.443, 133
Trd, 4318438.843, 120
Trd, 4318439.543, 120
Trd, 4318440.043, 136
Trd, 4318442.043, 101
Trd, 4318442.543, 62
Trd, 4318442.743, 108
Trd, 4318444.143, 86
Trd, 4318444.293, 97
Trd, 4318444.543, 92
Trd, 4318445.143, 65
Trd, 4318445.593, 137
Trd, 4318446.843, 96
Trd, 4318447.193, 75
Trd, 4318447.693, 82
Trd, 4318448.993, 63
Trd, 4318450.143, 114
Trd, 4318450.793, 127
Trd, 4318451.493, 131
Trd, 4318451.843, 126
Trd, 4318452.143, 114
Trd, 4318452.993, 113
Trd, 4318454.043, 96
Trd, 4318454.493, 82
Trd, 4318456.643, 126
Trd, 4318457.293, 104
Trd, 4318457.693, 98
Trd, 4318457.943, 85
Trd, 4318458.943, 88
Trd, 4318459.393, 127
Trd, 4318460.343, 98
Trd, 4318460.393, 95
Trd, 4318462.343, 128
Trd, 4318462.393, 102
Trd, 4318463.893, 136
Trd, 4318464.093, 119
Trd, 4318465.843, 97
Trd, 4318467.393, 140
Trd, 4318467.693, 96
Trd, 4318468.093, 77
Trd, 4318468.793, 70
Trd, 4318468.943, 71
Trd, 4318469.193, 133
Trd, 4318469.843, 120
Trd, 4318470.893, 103
Trd, 4318470.993, 125
Trd, 4318471.193, 101
Trd, 4318472.693, 130
Trd, 4318472.843, 116
Trd, 4318474.043, 132
Trd, 4318474.693, 95
Trd, 4318475.143, 95
Trd, 4318475.243, 124
Trd, 4318475.543, 123
Trd, 4318475.943, 126
Trd, 4318476.843, 110
Trd, 4318477.143, 81
Trd, 4318478.043, 122
Trd, 4318478.943, 113
Trd, 4318480.243, 128
Trd, 4318480.643, 137
Trd, 4318482.543, 93
Trd, 4318482.643, 92
Trd, 4318483.393, 100
Trd, 4318484.193, 129
Trd, 4318484.593, 122
Trd, 4318485.543, 128
Trd, 4318486.193, 114
Trd, 4318486.743, 123
Trd, 4318487.043, 99
Trd, 4318487.143, 98
Trd, 4318487.843, 112
Trd, 4318489.143, 98
Trd, 4318489.693, 108
Trd, 4318489.943, 87
Trd, 4318491.293, 117
Trd, 4318491.493, 82
Trd, 4318492.143, 96
Trd, 4318494.743, 134
Trd, 4318495.093, 130
Trd, 4318495.293, 122
Trd, 4318495.643, 109
Trd, 4318495.893, 97
Trd, 4318497.093, 92
Trd, 4318498.743, 114
Trd, 4318500.793, 133
Trd, 4318500.893, 127
Trd, 4318501.093, 121
Trd, 4318501.943, 95
Trd, 4318502.143, 86
Trd, 4318503.093, 138
Trd, 4318503.293, 107
Trd, 4318503.843, 99
Trd, 4318504.543, 73
Trd, 4318504.793, 106
Trd, 4318506.343, 132
Trd, 4318506.443, 93
Trd, 4318507.693, 106
Trd, 4318508.343, 87
Trd, 4318509.193, 134
Trd, 4318510.593, 134
Trd, 4318510.843, 109
Trd, 4318512.093, 139
Trd, 4318512.243, 107
Trd, 4318513.143, 115
Trd, 4318513.743, 94
Trd, 4318513.843, 102
Trd, 4318516.043, 133
Trd, 4318516.493, 111
Trd, 4318516.793, 80
Trd, 4318517.693, 137
Trd, 4318517.793, 130
Trd, 4318519.143, 120
Trd, 4318519.843, 113
Trd, 4318520.243, 114
Trd, 4318520.693, 62
Trd, 4318521.793, 138
Trd, 4318522.193, 115
Trd, 4318522.793, 111
Trd, 4318523.693, 130
Trd, 4318524.193, 124
Trd, 4318524.243, 99
Trd, 4318526.543, 108
Trd, 4318526.693, 69
Trd, 4318527.343, 130
Trd, 4318527.743, 107
Trd, 4318528.943, 136
Trd, 4318529.193, 128
Trd, 4318530.843, 137
Trd, 4318530.893, 120
Trd, 4318533.093, 91
Trd, 4318533.243, 72
Trd, 4318533.493, 135
Trd, 4318534.393, 134
Trd, 4318535.943, 65
Trd, 4318535.993, 128
Trd, 4318536.293, 97
Trd, 4318536.893, 133
Trd, 4318537.193, 125
Trd, 4318537.693, 91
Trd, 4318537.893, 63
Trd, 4318539.493, 129
Trd, 4318540.143, 81
Trd, 4318540.593, 138
Trd, 4318540.643, 63
Trd, 4318543.343, 137
Trd, 4318544.393, 134
Trd, 4318544.543, 115
Trd, 4318545.993, 127
Trd, 4318546.393, 119
Trd, 4318546.443, 95
Trd, 4318547.193, 83
Trd, 4318548.243, 76
Trd, 4318548.693, 67
Trd, 4318549.043, 127
Trd, 4318551.093, 88
Trd, 4318552.243, 110
Trd, 4318552.593, 87
Trd, 4318553.293, 117
Trd, 4318553.443, 114
Trd, 4318553.743, 114
Trd, 4318554.843, 114
Trd, 4318555.193, 113
Trd, 4318556.193, 121
Trd, 4318556.493, 105
Trd, 4318559.243, 137
Trd, 4318559.693, 133
Trd, 4318559.843, 104
Trd, 4318560.343, 125
Trd, 4318560.993, 109
Trd, 4318561.243, 106
Trd, 4318561.493, 92
Trd, 4318562.243, 135
Trd, 4318562.593, 131
Trd, 4318563.193, 127
Trd, 4318563.743, 99
Trd, 4318564.193, 132
Trd, 4318565.193, 130
Trd, 4318565.243, 124
Trd, 4318566.343, 134
Trd, 4318566.443, 108
Trd, 4318567.893, 121
Trd, 4318568.493, 101
Trd, 4318568.643, 89
Trd, 4318569.743, 133
Trd, 4318570.793, 137
Trd, 4318571.893, 115
Trd, 4318572.743, 128
Trd, 4318573.393, 132
Trd, 4318574.393, 132
Trd, 4318574.893, 117
Trd, 4318575.493, 120
Trd, 4318575.593, 70
Trd, 4318575.793, 135
Trd, 4318578.293, 134
Trd, 4318578.593, 99
Trd, 4318578.843, 94
Trd, 4318579.243, 110
Trd, 4318580.443, 137
Trd, 4318580.543, 103
Trd, 4318581.793, 126
Trd, 4318582.393, 109
Trd, 4318583.393, 128
Trd, 4318583.643, 100
Trd, 4318583.993, 89
Trd, 4318584.843, 129
Trd, 4318585.243, 133
Trd, 4318586.143, 125
Trd, 4318586.993, 139
Trd, 4318587.893, 138
Trd, 4318589.793, 117
Trd, 4318590.093, 115
Trd, 4318590.343, 91
Trd, 4318590.593, 84
Trd, 4318592.143, 114
Trd, 4318593.593, 118
Trd, 4318594.643, 102
Trd, 4318594.843, 120
Trd, 4318595.593, 105
Trd, 4318595.743, 84
Trd, 4318595.993, 65
Trd, 4318596.293, 60
Trd, 4318597.193, 132
Trd, 4318597.293, 103
Trd, 4318598.543, 135
Trd, 4318599.743, 102
Trd, 4318600.893, 125
Trd, 4318601.043, 90
Trd, 4318601.243, 115
Trd, 4318601.543, 78
Trd, 4318602.843, 118
Trd, 4318605.443, 119
Trd, 4318605.893, 105
Trd, 4318606.243, 86
Trd, 4318606.843, 110
Trd, 4318607.293, 100
Trd, 4318608.093, 137
Trd, 4318608.293, 131
Trd, 4318608.543, 113
Trd, 4318609.293, 112
Trd, 4318610.243, 132
Trd, 4318610.743, 112
Trd, 4318611.943, 90
Trd, 4318612.693, 124
Trd, 4318613.643, 128
Trd, 4318613.793, 117
Trd, 4318613.993, 114
Trd, 4318614.743, 76
Trd, 4318614.943, 88
Trd, 4318616.443, 112
Trd, 4318616.993, 104
Trd, 4318617.343, 71
Trd, 4318617.743, 69
Trd, 4318618.893, 137
Trd, 4318618.993, 110
Trd, 4318619.193, 63
Trd, 4318620.543, 61
Trd, 4318620.843, 102
Trd, 4318621.793, 81
Trd, 4318622.743, 65
Trd, 4318623.493, 81
Trd, 4318624.343, 120
Trd, 4318625.043, 119
Trd, 4318626.193, 100
Trd, 4318626.643, 119
Trd, 4318626.793, 138
Trd, 4318626.943, 92
Trd, 4318628.693, 135
Trd, 4318628.793, 125
Trd, 4318630.093, 103
Trd, 4318630.543, 112
Trd, 4318630.793, 119
Trd, 4318631.593, 134
Trd, 4318631.743, 112
Trd, 4318632.993, 113
Trd, 4318633.493, 140
Trd, 4318633.943, 118
Trd, 4318634.193, 102
Trd, 4318634.893, 126
Trd, 4318636.443, 109
Trd, 4318637.943, 129
Trd, 4318637.993, 124
Trd, 4318638.693, 134
Trd, 4318638.843, 113
Trd, 4318639.843, 121
Trd, 4318639.893, 106
Trd, 4318640.143, 71
Trd, 4318641.993, 132
Trd, 4318642.643, 131
Trd, 4318642.893, 135
Trd, 4318643.643, 128
Trd, 4318643.943, 104
Trd, 4318644.793, 76
Trd, 4318646.993, 128
Trd, 4318647.243, 108
Trd, 4318647.343, 104
Trd, 4318647.743, 95
Trd, 4318647.843, 91
Trd, 4318648.893, 100
Trd, 4318649.693, 77
Trd, 4318650.893, 74
Trd, 4318651.143, 71
Trd, 4318651.593, 94
Trd, 4318652.593, 129
Trd, 4318652.743, 121
Trd, 4318653.093, 121
Trd, 4318653.393, 102
Trd, 4318655.193, 135
Trd, 4318655.293, 106
Trd, 4318655.543, 106
Trd, 4318655.593, 73
Trd, 4318656.993, 84
Trd, 4318657.093, 116
Trd, 4318658.243, 71
Trd, 4318659.243, 111
Trd, 4318659.793, 133
Trd, 4318660.493, 133
Trd, 4318660.643, 125
Trd, 4318661.693, 97
Trd, 4318663.043, 128
Trd, 4318663.643, 136
Trd, 4318664.093, 128
Trd, 4318664.643, 135
Trd, 4318664.843, 125
Trd, 4318664.893, 121
Trd, 4318665.293, 106
Trd, 4318665.943, 86
Trd, 4318666.843, 126
Trd, 4318667.943, 102
Trd, 4318668.993, 136
Trd, 4318669.743, 131
Trd, 4318670.393, 134
Trd, 4318671.393, 108
Trd, 4318671.493, 91
Trd, 4318672.293, 116
Trd, 4318672.993, 124
Trd, 4318675.093, 121
Trd, 4318675.493, 112
Trd, 4318676.493, 112
Trd, 4318677.193, 125
Trd, 4318677.243, 122
Trd, 4318677.993, 120
Trd, 4318679.543, 117
Trd, 4318680.443, 131
Trd, 4318680.843, 134
Trd, 4318681.543, 125
Trd, 4318682.443, 120
Trd, 4318683.143, 60
Trd, 4318683.693, 121
Trd, 4318684.843, 118
Trd, 4318685.243, 86
Trd, 4318686.793, 67
Trd, 4318687.243, 81
Trd, 4318687.543, 62
Trd, 4318688.093, 136
Trd, 4318689.493, 116
Trd, 4318690.893, 92
Trd, 4318692.793, 117
Trd, 4318693.443, 135
Trd, 4318693.693, 127
Trd, 4318694.443, 103
Trd, 4318695.193, 109
Trd, 4318696.193, 133
Trd, 4318696.493, 100
Trd, 4318696.593, 97
Trd, 4318696.893, 75
Trd, 4318696.993, 77
Trd, 4318699.593, 136
Trd, 4318700.293, 73
Trd, 4318700.693, 102
Trd, 4318702.593, 107
Trd, 4318703.043, 103
Trd, 4318703.993, 72
Trd, 4318704.193, 67
Trd, 4318704.393, 79
Trd, 4318704.843, 95
Trd, 4318705.743, 80
Trd, 4318706.143, 89
Trd, 4318707.693, 137
Trd, 4318707.793, 130
Trd, 4318708.493, 107
Trd, 4318709.343, 77
Trd, 4318709.393, 118
Trd, 4318709.993, 130
Trd, 4318710.493, 109
Trd, 4318711.793, 108
Trd, 4318712.843, 137
Trd, 4318713.343, 112
Trd, 4318715.443, 139
Trd, 4318715.743, 114
Trd, 4318717.043, 114
Trd, 4318717.143, 109
Trd, 4318717.393, 128
Trd, 4318717.643, 99
Trd, 4318718.693, 89
Trd, 4318719.893, 120
Trd, 4318720.743, 134
Trd, 4318720.843, 98
Trd, 4318721.593, 135
Trd, 4318721.843, 130
Trd, 4318722.193, 63
Trd, 4318723.043, 137
Trd, 4318724.943, 136
Trd, 4318725.593, 123
Trd, 4318725.693, 114
Trd, 4318725.893, 99
Trd, 4318726.343, 127
Trd, 4318727.093, 62
Trd, 4318727.293, 84
Trd, 4318728.693, 136
Trd, 4318729.393, 140
Trd, 4318729.893, 114
Trd, 4318730.643, 114
Trd, 4318731.943, 138
Trd, 4318733.493, 116
Trd, 4318734.543, 121
Trd, 4318735.343, 85
Trd, 4318735.593, 120
Trd, 4318735.893, 130
Trd, 4318737.143, 73
Trd, 4318737.593, 71
Trd, 4318738.443, 108
Trd, 4318739.243, 104
Trd, 4318739.293, 73
Trd, 4318740.543, 126
Trd, 4318741.593, 121
Trd, 4318741.943, 140
Trd, 4318742.293, 113
Trd, 4318743.943, 89
Trd, 4318744.143, 84
Trd, 4318744.393, 128
Trd, 4318745.943, 128
Trd, 4318746.993, 93
Trd, 4318747.043, 75
Trd, 4318747.593, 139
Trd, 4318748.493, 85
Trd, 4318749.543, 91
Trd, 4318750.243, 74
Trd, 4318750.643, 69
Trd, 4318751.443, 63
Trd, 4318752.593, 139
Trd, 4318753.193, 129
Trd, 4318754.043, 140
Trd, 4318754.343, 126
Trd, 4318756.693, 133
Trd, 4318757.093, 118
Trd, 4318758.243, 105
Trd, 4318758.443, 99
Trd, 4318758.893, 126
Trd, 4318759.143, 126
Trd, 4318760.693, 106
Trd, 4318761.093, 71
Trd, 4318761.393, 131
Trd, 4318763.393, 136
Trd, 4318763.743, 120
Trd, 4318764.143, 134
Trd, 4318764.743, 99
Trd, 4318765.093, 98
Trd, 4318765.743, 128
Trd, 4318766.243, 82
Trd, 4318766.343, 79
Trd, 4318766.443, 89
Trd, 4318766.643, 67
Trd, 4318768.143, 139
Trd, 4318769.093, 116
Trd, 4318769.443, 91
Trd, 4318769.793, 139
Trd, 4318769.893, 65
Trd, 4318770.393, 104
Trd, 4318770.843, 122
Trd, 4318771.943, 65
Trd, 4318772.143, 79
Trd, 4318772.643, 84
Trd, 4318773.893, 125
Trd, 4318775.193, 118
Trd, 4318775.643, 89
Trd, 4318775.993, 99
Trd, 4318776.343, 132
Trd, 4318777.593, 140
Trd, 4318778.293, 90
Trd, 4318779.393, 106
Trd, 4318779.493, 103
Trd, 4318779.843, 106
Trd, 4318780.293, 128
Trd, 4318780.993, 103
Trd, 4318782.343, 118
Trd, 4318782.993, 134
Trd, 4318784.443, 138
Trd, 4318784.793, 123
Trd, 4318785.393, 122
Trd, 4318786.443, 128
Trd, 4318786.893, 87
Trd, 4318787.693, 99
Trd, 4318788.843, 93
Trd, 4318790.193, 138
Trd, 4318790.493, 114
Trd, 4318790.793, 73
Trd, 4318791.443, 67
Trd, 4318792.143, 121
Trd, 4318793.243, 60
Trd, 4318793.443, 94
Trd, 4318794.193, 137
Trd, 4318795.043, 138
Trd, 4318796.893, 130
Trd, 4318797.093, 89
Trd, 4318797.943, 140
Trd, 4318798.143, 81
Trd, 4318798.493, 65
Trd, 4318799.393, 92
Trd, 4318800.043, 118
Trd, 4318800.543, 92
Trd, 4318802.143, 134
Trd, 4318802.193, 111
Trd, 4318803.043, 139
Trd, 4318803.193, 117
Trd, 4318803.943, 129
Trd, 4318805.043, 124
Trd, 4318805.843, 60
Trd, 4318806.793, 123
Trd, 4318807.243, 121
Trd, 4318807.943, 130
Trd, 4318808.743, 119
Trd, 4318809.293, 125
Trd, 4318809.643, 91
Trd, 4318810.393, 131
Trd, 4318810.743, 131
Trd, 4318811.093, 121
Trd, 4318812.743, 127
Trd, 4318812.843, 111
Trd, 4318813.443, 111
Trd, 4318814.443, 118
Trd, 4318815.943, 121
Trd, 4318816.343, 106
Trd, 4318817.543, 82
Trd, 4318817.843, 80
Trd, 4318819.043, 139
Trd, 4318819.193, 113
Trd, 4318821.293, 117
Trd, 4318823.193, 134
Trd, 4318823.943, 137
Trd, 4318824.193, 120
Trd, 4318824.893, 82
Trd, 4318825.693, 92
Trd, 4318827.143, 133
Trd, 4318829.093, 140
Trd, 4318829.193, 128
Trd, 4318829.343, 97
Trd, 4318829.543, 99
Trd, 4318830.493, 80
Trd, 4318830.993, 112
Trd, 4318831.093, 90
Trd, 4318831.243, 117
Trd, 4318832.093, 96
Trd, 4318832.493, 103
Trd, 4318832.743, 64
Trd, 4318833.843, 83
Trd, 4318836.393, 125
Trd, 4318836.743, 104
Trd, 4318837.543, 133
Trd, 4318838.293, 126
Trd, 4318838.543, 124
Trd, 4318838.693, 102
Trd, 4318838.943, 90
Trd, 4318840.743, 132
Trd, 4318841.543, 126
Trd, 4318842.493, 134
Trd, 4318842.543, 102
Trd, 4318842.643, 66
Trd, 4318843.193, 69
Trd, 4318843.893, 72
Trd, 4318844.593, 132
Trd, 4318844.643, 137
Trd, 4318845.143, 60
Trd, 4318845.393, 60
Trd, 4318846.193, 72
Trd, 4318847.943, 90
Trd, 4318848.543, 83
Trd, 4318849.243, 100
Trd, 4318849.393, 100
Trd, 4318849.543, 114
Trd, 4318850.543, 123
Trd, 4318851.643, 114
Trd, 4318852.093, 99
Trd, 4318852.743, 135
Trd, 4318853.193, 140
Trd, 4318854.243, 74
Trd, 4318854.443, 136
Trd, 4318855.793, 130
Trd, 4318856.543, 129
Trd, 4318858.293, 124
Trd, 4318858.743, 119
Trd, 4318859.643, 108
Trd, 4318859.693, 88
Trd, 4318860.943, 140
Trd, 4318862.293, 131
Trd, 4318863.693, 129
Trd, 4318863.843, 122
Trd, 4318864.043, 114
Trd, 4318864.493, 131
Trd, 4318864.643, 97
Trd, 4318865.643, 85
Trd, 4318866.293, 119
Trd, 4318866.943, 135
Trd, 4318867.043, 126
Trd, 4318868.143, 82
Trd, 4318868.943, 140
Trd, 4318868.993, 114
Trd, 4318870.043, 119
Trd, 4318870.543, 118
Trd, 4318870.593, 103
Trd, 4318872.493, 123
Trd, 4318872.943, 130
Trd, 4318873.243, 124
Trd, 4318875.893, 129
Trd, 4318875.993, 125
Trd, 4318876.643, 138
Trd, 4318876.693, 121
Trd, 4318877.843, 100
Trd, 4318878.243, 94
Trd, 4318879.143, 123
Trd, 4318879.793, 74
Trd, 4318880.493, 126
Trd, 4318881.693, 132
Trd, 4318881.893, 133
Trd, 4318882.243, 104
Trd, 4318882.643, 137
Trd, 4318883.593, 115
Trd, 4318883.843, 107
Trd, 4318884.593, 117
Trd, 4318884.993, 128
Trd, 4318885.943, 98
Trd, 4318886.843, 77
Trd, 4318887.193, 134
Trd, 4318888.043, 102
Trd, 4318889.243, 97
Trd, 4318889.543, 106
Trd, 4318891.443, 97
Trd, 4318891.543, 133
Trd, 4318892.143, 101
Trd, 4318892.993, 84
Trd, 4318893.693, 133
Trd, 4318894.693, 88
Trd, 4318894.793, 100
Trd, 4318895.393, 65
Trd, 4318895.693, 62
Trd, 4318896.743, 104
Trd, 4318897.293, 70
Trd, 4318898.793, 87
Trd, 4318900.143, 129
Trd, 4318901.243, 108
Trd, 4318901.293, 108
Trd, 4318901.393, 104
Trd, 4318902.293, 90
Trd, 4318904.193, 94
Trd, 4318904.743, 116
Trd, 4318905.293, 123
Trd, 4318906.793, 113
Trd, 4318907.643, 116
Trd, 4318907.693, 109
Trd, 4318908.493, 89
Trd, 4318908.643, 89
Trd, 4318911.243, 126
Trd, 4318911.493, 100
Trd, 4318912.043, 114
Trd, 4318912.443, 116
Trd, 4318912.493, 94
Trd, 4318913.343, 81
Trd, 4318914.293, 77
Trd, 4318914.443, 65
Trd, 4318914.593, 81
Trd, 4318915.343, 130
Trd, 4318916.693, 113
Trd, 4318917.043, 85
Trd, 4318917.793, 73
Trd, 4318918.643, 101
Trd, 4318919.693, 123
Trd, 4318919.993, 119
Trd, 4318920.993, 123
Trd, 4318923.043, 119
Trd, 4318924.193, 115
Trd, 4318924.343, 120
Trd, 4318924.493, 125
Trd, 4318925.193, 92
Trd, 4318925.743, 91
Trd, 4318925.943, 114
Trd, 4318926.393, 117
Trd, 4318926.993, 88
Trd, 4318927.393, 114
Trd, 4318927.743, 134
Trd, 4318928.893, 78
Trd, 4318929.193, 82
Trd, 4318930.293, 86
Trd, 4318931.143, 120
Trd, 4318931.843, 121
Trd, 4318932.843, 133
Trd, 4318933.643, 132
Trd, 4318933.893, 131
Trd, 4318934.243, 121
Trd, 4318934.893, 123
Trd, 4318937.143, 134
Trd, 4318937.243, 125
Trd, 4318937.343, 124
Trd, 4318937.793, 122
Trd, 4318938.193, 67
Trd, 4318938.743, 75
Trd, 4318939.693, 130
Trd, 4318940.493, 134
Trd, 4318940.793, 123
Trd, 4318941.243, 108
Trd, 4318942.493, 118
Trd, 4318942.993, 106
Trd, 4318944.543, 137
Trd, 4318944.593, 68
Trd, 4318946.443, 129
Trd, 4318946.643, 129
Trd, 4318946.893, 138
Trd, 4318947.343, 138
Trd, 4318948.193, 120
Trd, 4318948.543, 119
Trd, 4318948.793, 122
Trd, 4318949.393, 88
Trd, 4318950.743, 118
Trd, 4318950.793, 100
Trd, 4318950.943, 100
Trd, 4318951.493, 101
Trd, 4318951.993, 60
Trd, 4318953.743, 69
Trd, 4318954.693, 75
Trd, 4318954.843, 110
Trd, 4318955.693, 125
Trd, 4318956.293, 131
Trd, 4318956.543, 109
Trd, 4318957.693, 130
Trd, 4318958.843, 108
Trd, 4318958.993, 102
Trd, 4318959.693, 95
Trd, 4318959.793, 85
Trd, 4318960.593, 139
Trd, 4318960.693, 107
Trd, 4318961.193, 106
Trd, 4318961.693, 85
Trd, 4318962.543, 60
Trd, 4318963.393, 60
Trd, 4318963.643, 64
Trd, 4318964.193, 67
Trd, 4318965.893, 117
Trd, 4318966.293, 135
Trd, 4318966.443, 109
Trd, 4318967.593, 136
Trd, 4318968.493, 130
Trd, 4318969.493, 139
Trd, 4318969.893, 88
Trd, 4318970.743, 111
Trd, 4318970.843, 110
Trd, 4318971.243, 119
Trd, 4318972.143, 119
Trd, 4318973.593, 138
Trd, 4318974.093, 127
Trd, 4318974.143, 113
Trd, 4318976.143, 129
Trd, 4318976.393, 123
Trd, 4318978.443, 135
Trd, 4318978.893, 127
Trd, 4318979.043, 120
Trd, 4318981.143, 135
Trd, 4318981.243, 127
Trd, 4318981.693, 121
Trd, 4318982.293, 120
Trd, 4318982.543, 108
Trd, 4318982.943, 113
Trd, 4318983.193, 98
Trd, 4318983.593, 70
Trd, 4318983.743, 107
Trd, 4318985.143, 70
Trd, 4318986.043, 81
Trd, 4318986.093, 107
Trd, 4318986.993, 108
Trd, 4318988.143, 96
Trd, 4318989.493, 135
Trd, 4318989.943, 118
Trd, 4318990.643, 119
Trd, 4318991.293, 110
Trd, 4318991.993, 139
Trd, 4318992.743, 98
Trd, 4318993.893, 99
Trd, 4318994.293, 97
Trd, 4318995.293, 138
Trd, 4318995.893, 140
Trd, 4318996.143, 134
Trd, 4318996.243, 134
Trd, 4318997.593, 130
Trd, 4318999.793, 140
Trd, 4319001.043, 126
Trd, 4319001.243, 126
Trd, 4319001.443, 104
Trd, 4319001.843, 74
Trd, 4319002.643, 118
Trd, 4319002.693, 124
Trd, 4319003.843, 137
Trd, 4319004.593, 124
Trd, 4319004.643, 107
Trd, 4319005.293, 100
Trd, 4319007.093, 138
Trd, 4319008.343, 107
Trd, 4319008.493, 103
Trd, 4319008.643, 115
Trd, 4319009.093, 104
Trd, 4319009.193, 83
Trd, 4319010.393, 112
Trd, 4319010.593, 97
Trd, 4319010.993, 96
Trd, 4319011.243, 85
Trd, 4319011.793, 127
Trd, 4319012.043, 77
Trd, 4319013.793, 135
Trd, 4319013.843, 134
Trd, 4319013.993, 107
Trd, 4319014.143, 87
Trd, 4319015.893, 137
Trd, 4319016.143, 111
Trd, 4319016.343, 82
Trd, 4319017.043, 83
Trd, 4319018.243, 132
Trd, 4319018.543, 136
Trd, 4319019.093, 86
Trd, 4319021.243, 99
Trd, 4319021.543, 77
Trd, 4319022.643, 63
Trd, 4319022.843, 88
Trd, 4319023.293, 67
Trd, 4319024.043, 96
Trd, 4319025.843, 119
Trd, 4319025.893, 116
Trd, 4319026.843, 122
Trd, 4319027.043, 107
Trd, 4319027.743, 116
Trd, 4319027.893, 78
Trd, 4319028.543, 135
Trd, 4319028.743, 127
Trd, 4319030.093, 138
Trd, 4319030.343, 129
Trd, 4319032.093, 137
Trd, 4319032.543, 93
Trd, 4319033.843, 137
Trd, 4319034.143, 112
Trd, 4319035.393, 93
Trd, 4319036.193, 124
Trd, 4319036.293, 108
Trd, 4319037.143, 140
Trd, 4319037.593, 134
Trd, 4319038.343, 109
Trd, 4319040.293, 140
Trd, 4319040.743, 136
Trd, 4319041.593, 130
Trd, 4319042.143, 134
Trd, 4319042.343, 132
Trd, 4319042.893, 114
Trd, 4319044.243, 139
Trd, 4319044.343, 126
Trd, 4319044.843, 118
Trd, 4319045.193, 105
Trd, 4319045.443, 89
Trd, 4319045.943, 116
Trd, 4319046.843, 113
Trd, 4319047.493, 134
Trd, 4319048.643, 123
Trd, 4319049.593, 130
Trd, 4319050.343, 127
Trd, 4319050.943, 91
Trd, 4319051.743, 135
Trd, 4319052.293, 105
Trd, 4319052.943, 92
Trd, 4319053.443, 65
Trd, 4319054.993, 131
Trd, 4319055.343, 137
Trd, 4319055.443, 130
Trd, 4319055.893, 110
Trd, 4319057.643, 130
Trd, 4319058.143, 134
Trd, 4319058.393, 127
Trd, 4319059.393, 60
Trd, 4319059.693, 68
Trd, 4319060.043, 97
Trd, 4319060.493, 66
Trd, 4319060.643, 104
Trd, 4319060.993, 66
Trd, 4319063.693, 83
Trd, 4319063.843, 130
Trd, 4319064.493, 60
Trd, 4319065.343, 62
Trd, 4319066.543, 61
Trd, 4319066.593, 72
Trd, 4319067.643, 130
Trd, 4319068.193, 109
Trd, 4319069.043, 129
Trd, 4319069.543, 83
Trd, 4319070.393, 105
Trd, 4319070.443, 114
Trd, 4319071.243, 123
Trd, 4319071.593, 114
Trd, 4319072.343, 96
Trd, 4319072.543, 80
Trd, 4319073.543, 120
Trd, 4319075.393, 122
Trd, 4319075.443, 125
Trd, 4319075.743, 104
Trd, 4319076.893, 86
Trd, 4319076.943, 112
Trd, 4319077.343, 87
Trd, 4319077.743, 108
Trd, 4319078.243, 135
Trd, 4319079.093, 80
Trd, 4319080.393, 83
Trd, 4319081.143, 77
Trd, 4319081.493, 75
Trd, 4319082.293, 115
Trd, 4319083.443, 109
Trd, 4319083.493, 91
Trd, 4319084.593, 75
Trd, 4319084.943, 130
Trd, 4319086.343, 140
Trd, 4319087.043, 118
Trd, 4319087.493, 139
Trd, 4319087.543, 93
Trd, 4319088.443, 103
Trd, 4319089.393, 133
Trd, 4319089.693, 100
Trd, 4319090.743, 106
Trd, 4319092.043, 115
Trd, 4319093.343, 60
Trd, 4319094.893, 109
Trd, 4319095.243, 112
Trd, 4319095.893, 122
Trd, 4319096.143, 95
Trd, 4319097.543, 128
Trd, 4319097.643, 125
Trd, 4319098.343, 69
Trd, 4319099.043, 129
Trd, 4319099.343, 125
Trd, 4319099.793, 89
Trd, 4319101.193, 130
Trd, 4319102.493, 135
Trd, 4319102.843, 132
Trd, 4319103.193, 112
Trd, 4319103.493, 139
Trd, 4319103.643, 97
Trd, 4319104.043, 78
Trd, 4319106.143, 96
Trd, 4319106.693, 123
Trd, 4319107.393, 125
Trd, 4319107.493, 95
Trd, 4319108.243, 129
Trd, 4319108.693, 93
Trd, 4319108.793, 129
Trd, 4319108.993, 90
Trd, 4319109.843, 117
Trd, 4319110.443, 133
Trd, 4319110.943, 60
Trd, 4319111.243, 96
Trd, 4319114.243, 135
Trd, 4319114.443, 106
Trd, 4319114.893, 122
Trd, 4319115.293, 103
Trd, 4319115.593, 91
Trd, 4319116.443, 116
Trd, 4319116.843, 111
Trd, 4319117.143, 102
Trd, 4319117.493, 99
Trd, 4319118.293, 129
Trd, 4319119.143, 112
Trd, 4319119.743, 134
Trd, 4319120.043, 125
Trd, 4319120.343, 103
Trd, 4319121.193, 131
Trd, 4319122.093, 82
Trd, 4319122.493, 68
Trd, 4319123.493, 91
Trd, 4319124.243, 83
Trd, 4319124.393, 94
Trd, 4319124.593, 70
Trd, 4319125.943, 120
Trd, 4319126.493, 120
Trd, 4319127.343, 97
Trd, 4319128.093, 61
Trd, 4319130.493, 140
Trd, 4319130.943, 139
Trd, 4319131.693, 117
Trd, 4319132.593, 119
Trd, 4319133.693, 89
Trd, 4319135.243, 114
Trd, 4319135.443, 98
Trd, 4319136.643, 103
Trd, 4319137.243, 111
Trd, 4319139.493, 126
Trd, 4319139.993, 122
Trd, 4319140.293, 105
Trd, 4319140.743, 137
Trd, 4319142.093, 108
Trd, 4319142.343, 132
Trd, 4319142.443, 118
Trd, 4319142.693, 97
Trd, 4319142.843, 113
Trd, 4319143.493, 104
Trd, 4319144.693, 84
Trd, 4319145.193, 70
Trd, 4319146.293, 77
Trd, 4319147.493, 134
Trd, 4319147.843, 101
Trd, 4319148.643, 136
Trd, 4319149.993, 125
Trd, 4319151.043, 120
Trd, 4319151.193, 94
Trd, 4319151.793, 70
Trd, 4319152.143, 74
Trd, 4319152.493, 89
Trd, 4319153.943, 69
Trd, 4319154.393, 60
Trd, 4319154.743, 85
Trd, 4319155.493, 101
Trd, 4319157.043, 95
Trd, 4319157.593, 113
Trd, 4319157.643, 112
Trd, 4319157.843, 90
Trd, 4319160.043, 69
Trd, 4319160.143, 76
Trd, 4319160.693, 128
Trd, 4319161.593, 66
Trd, 4319161.993, 60
Trd, 4319162.493, 71
Trd, 4319162.993, 80
Trd, 4319163.343, 73
Trd, 4319165.243, 135
Trd, 4319165.443, 132
Trd, 4319165.893, 66
Trd, 4319166.443, 61
Trd, 4319166.693, 77
Trd, 4319167.493, 118
Trd, 4319169.193, 137
Trd, 4319169.543, 96
Trd, 4319169.993, 98
Trd, 4319171.393, 139
Trd, 4319171.643, 123
Trd, 4319171.743, 92
Trd, 4319172.593, 78
Trd, 4319172.943, 90
Trd, 4319174.493, 139
Trd, 4319175.193, 129
Trd, 4319175.343, 108
Trd, 4319177.343, 122
Trd, 4319177.643, 129
Trd, 4319178.543, 131
Trd, 4319179.193, 93
Trd, 4319181.593, 134
Trd, 4319181.643, 132
Trd, 4319182.093, 135
Trd, 4319183.343, 123
Trd, 4319183.793, 126
Trd, 4319184.193, 117
Trd, 4319184.843, 96
Trd, 4319185.143, 90
Trd, 4319185.243, 78
Trd, 4319186.143, 102
Trd, 4319187.843, 131
Trd, 4319188.543, 105
Trd, 4319189.343, 134
Trd, 4319189.443, 130
Trd, 4319189.643, 111
Trd, 4319189.743, 111
Trd, 4319191.643, 125
Trd, 4319191.693, 105
Trd, 4319191.993, 140
Trd, 4319192.443, 135
Trd, 4319193.043, 119
Trd, 4319193.793, 134
Trd, 4319194.643, 73
Trd, 4319195.593, 64
Trd, 4319195.893, 106
Trd, 4319196.593, 92
Trd, 4319197.293, 136
Trd, 4319198.493, 136
Trd, 4319198.593, 118
Trd, 4319200.143, 113
Trd, 4319201.043, 97
Trd, 4319201.443, 90
Trd, 4319202.293, 119
Trd, 4319202.493, 134
Trd, 4319202.743, 131
Trd, 4319203.443, 133
Trd, 4319204.843, 133
Trd, 4319206.543, 111
Trd, 4319206.893, 101
Trd, 4319208.193, 134
Trd, 4319208.443, 129
Trd, 4319209.593, 127
Trd, 4319210.043, 125
Trd, 4319210.643, 68
Trd, 4319210.843, 123
Trd, 4319213.443, 140
Trd, 4319213.593, 106
Trd, 4319214.043, 113
Trd, 4319214.993, 93
Trd, 4319215.493, 79
Trd, 4319215.593, 71
Trd, 4319215.793, 68
Trd, 4319216.593, 121
Trd, 4319218.043, 139
Trd, 4319219.343, 121
Trd, 4319219.393, 97
Trd, 4319220.743, 135
Trd, 4319221.043, 136
Trd, 4319221.393, 110
Trd, 4319221.793, 90
Trd, 4319222.643, 128
Trd, 4319223.543, 135
Trd, 4319224.193, 112
Trd, 4319224.343, 89
Trd, 4319224.793, 98
Trd, 4319225.293, 75
Trd, 4319225.543, 74
Trd, 4319226.043, 77
Trd, 4319226.393, 68
Trd, 4319227.943, 136
Trd, 4319228.143, 79
Trd, 4319229.393, 112
Trd, 4319229.643, 79
Trd, 4319230.243, 66
Trd, 4319230.343, 82
Trd, 4319232.643, 102
Trd, 4319233.443, 134
Trd, 4319233.693, 105
Trd, 4319234.693, 127
Trd, 4319235.043, 124
Trd, 4319235.493, 124
Trd, 4319235.593, 113
Trd, 4319235.943, 126
Trd, 4319237.493, 137
Trd, 4319237.893, 124
Trd, 4319238.693, 122
Trd, 4319238.793, 121
Trd, 4319239.893, 109
Trd, 4319241.343, 82
Trd, 4319243.143, 140
Trd, 4319243.543, 99
Trd, 4319243.993, 107
Trd, 4319244.343, 86
Trd, 4319245.493, 115
Trd, 4319245.993, 106
Trd, 4319246.743, 108
Trd, 4319247.243, 103
Trd, 4319247.693, 128
Trd, 4319248.593, 87
Trd, 4319248.843, 100
Trd, 4319248.893, 83
Trd, 4319249.093, 139
Trd, 4319250.043, 75
Trd, 4319251.493, 110
Trd, 4319251.643, 62
Trd, 4319252.243, 136
Trd, 4319253.193, 131
Trd, 4319253.643, 116
Trd, 4319253.843, 108
Trd, 4319254.043, 95
Trd, 4319255.243, 84
Trd, 4319255.543, 135
Trd, 4319256.293, 63
Trd, 4319257.843, 98
Trd, 4319258.843, 100
Trd, 4319258.993, 82
Trd, 4319259.193, 118
Trd, 4319259.993, 136
Trd, 4319260.843, 111
Trd, 4319261.893, 137
Trd, 4319262.343, 110
Trd, 4319263.093, 132
Trd, 4319264.843, 69
Trd, 4319264.943, 97
Trd, 4319265.743, 118
Trd, 4319265.943, 86
Trd, 4319267.743, 127
Trd, 4319268.493, 136
Trd, 4319268.543, 124
Trd, 4319268.893, 111
Trd, 4319269.293, 76
Trd, 4319270.293, 134
Trd, 4319271.393, 103
Trd, 4319272.493, 127
Trd, 4319272.743, 122
Trd, 4319273.443, 131
Trd, 4319274.893, 134
Trd, 4319275.593, 140
Trd, 4319275.693, 129
Trd, 4319276.943, 101
Trd, 4319277.193, 84
Trd, 4319277.543, 65
Trd, 4319277.693, 75
Trd, 4319278.793, 64
Trd, 4319278.993, 85
Trd, 4319279.543, 135
Trd, 4319281.093, 123
Trd, 4319281.143, 114
Trd, 4319281.793, 108
Trd, 4319282.793, 137
Trd, 4319283.193, 132
Trd, 4319283.343, 104
Trd, 4319284.193, 96
Trd, 4319286.893, 74
Trd, 4319287.243, 73
Trd, 4319287.743, 118
Trd, 4319288.743, 120
Trd, 4319288.993, 124
Trd, 4319290.193, 136
Trd, 4319290.343, 100
Trd, 4319290.993, 68
Trd, 4319292.093, 68
Trd, 4319292.393, 75
Trd, 4319293.743, 100
Trd, 4319293.843, 121
Trd, 4319294.593, 66
Trd, 4319294.693, 86
Trd, 4319295.043, 92
Trd, 4319296.793, 101
Trd, 4319296.893, 138
Trd, 4319298.093, 80
Trd, 4319298.393, 65
Trd, 4319298.743, 137
Trd, 4319299.393, 87
Trd, 4319301.493, 114
Trd, 4319301.693, 135
Trd, 4319302.593, 139
Trd, 4319304.093, 131
Trd, 4319304.293, 123
Trd, 4319304.643, 106
Trd, 4319305.093, 139
Trd, 4319305.743, 100
Trd, 4319305.793, 69
Trd, 4319306.893, 87
Trd, 4319307.043, 121
Trd, 4319308.143, 137
Trd, 4319308.593, 136
Trd, 4319309.593, 128
Trd, 4319310.393, 112
Trd, 4319310.643, 120
Trd, 4319312.543, 106
Trd, 4319312.593, 105
Trd, 4319312.893, 113
Trd, 4319313.143, 114
Trd, 4319313.993, 138
Trd, 4319314.193, 79
Trd, 4319314.743, 90
Trd, 4319315.443, 111
Trd, 4319316.743, 116
Trd, 4319317.393, 97
Trd, 4319317.843, 130
Trd, 4319318.093, 129
Trd, 4319318.493, 123
Trd, 4319318.793, 84
Trd, 4319319.093, 121
Trd, 4319321.043, 125
Trd, 4319321.243, 110
Trd, 4319321.443, 94
Trd, 4319321.543, 60
Trd, 4319322.993, 62
Trd, 4319323.143, 78
Trd, 4319323.593, 88
Trd, 4319324.593, 72
Trd, 4319324.793, 113
Trd, 4319325.143, 132
Trd, 4319326.443, 112
Trd, 4319327.093, 111
Trd, 4319327.893, 125
Trd, 4319328.143, 111
Trd, 4319329.243, 89
Trd, 4319330.043, 93
Trd, 4319331.243, 132
Trd, 4319332.243, 122
Trd, 4319332.693, 114
Trd, 4319333.193, 98
Trd, 4319334.343, 136
Trd, 4319336.193, 138
Trd, 4319336.593, 113
Trd, 4319336.693, 121
Trd, 4319337.193, 130
Trd, 4319337.293, 117
Trd, 4319337.493, 104
Trd, 4319338.243, 140
Trd, 4319338.743, 135
Trd, 4319340.843, 133
Trd, 4319341.493, 112
Trd, 4319341.893, 131
Trd, 4319344.143, 138
Trd, 4319344.343, 100
Trd, 4319344.393, 90
Trd, 4319345.393, 127
Trd, 4319345.493, 117
Trd, 4319345.643, 134
Trd, 4319346.443, 85
Trd, 4319348.493, 100
Trd, 4319349.193, 133
Trd, 4319349.643, 127
Trd, 4319351.093, 123
Trd, 4319351.293, 115
Trd, 4319351.443, 129
Trd, 4319352.343, 91
Trd, 4319352.893, 127
Trd, 4319353.543, 96
Trd, 4319354.043, 72
Trd, 4319355.643, 78
Trd, 4319355.943, 69
Trd, 4319355.993, 117
Trd, 4319356.893, 129
Trd, 4319357.943, 96
Trd, 4319358.193, 85
Trd, 4319358.243, 111
Trd, 4319358.793, 88
Trd, 4319360.143, 113
Trd, 4319362.593, 134
Trd, 4319362.993, 117
Trd, 4319363.393, 111
Trd, 4319363.893, 130
Trd, 4319364.343, 97
Trd, 4319364.543, 79
Trd, 4319365.043, 98
Trd, 4319365.693, 61
Trd, 4319366.193, 93
Trd, 4319367.443, 121
Trd, 4319368.293, 129
Trd, 4319369.093, 106
Trd, 4319369.343, 101
Trd, 4319369.543, 118
Trd, 4319369.893, 98
Trd, 4319370.293, 105
Trd, 4319370.993, 111
Trd, 4319374.093, 138
Trd, 4319374.543, 139
Trd, 4319374.593, 114
Trd, 4319374.643, 107
Trd, 4319375.193, 97
Trd, 4319375.243, 103
Trd, 4319375.543, 132
Trd, 4319376.343, 122
Trd, 4319377.993, 93
Trd, 4319378.393, 64
Trd, 4319378.943, 100
Trd, 4319379.143, 139
Trd, 4319379.793, 136
Trd, 4319380.693, 81
Trd, 4319380.893, 87
Trd, 4319381.743, 76
Trd, 4319381.793, 73
Trd, 4319383.393, 130
Trd, 4319384.193, 80
Trd, 4319384.893, 92
Trd, 4319385.543, 86
Trd, 4319386.543, 129
Trd, 4319387.543, 132
Trd, 4319387.593, 112
Trd, 4319388.543, 99
Trd, 4319389.643, 137
Trd, 4319391.043, 116
Trd, 4319391.343, 100
Trd, 4319391.743, 115
Trd, 4319391.893, 135
Trd, 4319393.893, 132
Trd, 4319394.543, 89
Trd, 4319394.793, 90
Trd, 4319394.993, 95
Trd, 4319396.393, 127
Trd, 4319396.693, 135
Trd, 4319397.543, 137
Trd, 4319397.693, 111
Trd, 4319398.993, 140
Trd, 4319399.293, 64
Trd, 4319400.643, 67
Trd, 4319403.243, 131
Trd, 4319403.593, 140
Trd, 4319404.393, 132
Trd, 4319404.643, 132
Trd, 4319405.393, 140
Trd, 4319406.643, 116
Trd, 4319408.093, 120
Trd, 4319409.393, 125
Trd, 4319410.143, 110
Trd, 4319410.393, 133
Trd, 4319410.643, 90
Trd, 4319410.893, 122
Trd, 4319410.993, 75
Trd, 4319411.743, 129
Trd, 4319413.043, 93
Trd, 4319413.543, 92
Trd, 4319414.443, 78
Trd, 4319414.493, 74
Trd, 4319415.043, 61
Trd, 4319415.293, 81
Trd, 4319415.593, 61
Trd, 4319418.093, 137
Trd, 4319418.143, 132
Trd, 4319418.843, 124
Trd, 4319419.393, 122
Trd, 4319419.693, 100
Trd, 4319419.893, 100
Trd, 4319420.543, 134
Trd, 4319421.093, 115
Trd, 4319421.743, 138
Trd, 4319421.943, 112
Trd, 4319424.743, 139
Trd, 4319425.293, 138
Trd, 4319425.943, 129
Trd, 4319425.993, 101
Trd, 4319427.043, 117
Trd, 4319428.943, 139
Trd, 4319430.793, 128
Trd, 4319431.093, 136
Trd, 4319431.743, 107
Trd, 4319432.043, 122
Trd, 4319433.393, 92
Trd, 4319434.343, 118
Trd, 4319434.593, 95
Trd, 4319435.143, 108
Trd, 4319435.393, 118
Trd, 4319436.093, 107
Trd, 4319436.343, 76
Trd, 4319438.043, 130
Trd, 4319438.343, 76
Trd, 4319439.093, 113
Trd, 4319439.693, 138
Trd, 4319439.943, 132
Trd, 4319440.243, 111
Trd, 4319440.293, 106
Trd, 4319441.693, 78
Trd, 4319441.743, 93
Trd, 4319441.893, 103
Trd, 4319443.443, 90
Trd, 4319444.543, 74
Trd, 4319445.093, 80
Trd, 4319445.743, 92
Trd, 4319446.443, 63
Trd, 4319446.993, 67
Trd, 4319448.393, 116
Trd, 4319448.443, 101
Trd, 4319449.943, 129
Trd, 4319450.143, 94
Trd, 4319450.893, 117
Trd, 4319451.693, 133
Trd, 4319454.193, 114
Trd, 4319454.743, 103
Trd, 4319454.943, 100
Trd, 4319454.993, 93
Trd, 4319455.793, 110
Trd, 4319456.293, 110
Trd, 4319457.343, 139
Trd, 4319457.393, 138
Trd, 4319457.793, 128
Trd, 4319458.193, 100
Trd, 4319459.243, 113
Trd, 4319460.343, 132
Trd, 4319460.443, 130
Trd, 4319460.543, 130
Trd, 4319461.743, 126
Trd, 4319461.943, 116
Trd, 4319462.743, 118
Trd, 4319462.943, 116
Trd, 4319466.143, 128
Trd, 4319466.243, 113
Trd, 4319467.793, 134
Trd, 4319468.293, 132
Trd, 4319468.443, 120
Trd, 4319470.093, 104
Trd, 4319470.443, 108
Trd, 4319470.593, 94
Trd, 4319471.343, 110
Trd, 4319471.643, 125
Trd, 4319472.693, 119
Trd, 4319472.743, 94
Trd, 4319473.743, 85
Trd, 4319474.143, 88
Trd, 4319475.343, 131
Trd, 4319476.043, 102
Trd, 4319477.493, 139
Trd, 4319477.843, 119
Trd, 4319477.943, 104
Trd, 4319478.293, 126
Trd, 4319479.543, 117
Trd, 4319480.143, 87
Trd, 4319480.543, 127
Trd, 4319481.143, 105
Trd, 4319482.093, 114
Trd, 4319482.493, 95
Trd, 4319483.143, 131
Trd, 4319484.043, 117
Trd, 4319484.093, 71
Trd, 4319485.293, 98
Trd, 4319486.343, 132
Trd, 4319488.593, 136
Trd, 4319488.643, 124
Trd, 4319489.593, 131
Trd, 4319489.943, 122
Trd, 4319490.243, 138
Trd, 4319490.843, 104
Trd, 4319490.893, 98
Trd, 4319491.193, 77
Trd, 4319492.443, 129
Trd, 4319493.443, 124
Trd, 4319494.193, 110
Trd, 4319494.493, 116
Trd, 4319494.543, 108
Trd, 4319495.793, 87
Trd, 4319496.193, 139
Trd, 4319496.343, 95
Trd, 4319498.143, 72
Trd, 4319499.243, 103
Trd, 4319499.593, 104
Trd, 4319499.743, 82
Trd, 4319500.093, 79
Trd, 4319501.843, 135
Trd, 4319502.693, 132
Trd, 4319504.693, 134
Trd, 4319504.793, 116
Trd, 4319504.993, 91
Trd, 4319505.643, 138
Trd, 4319505.793, 108
Trd, 4319506.293, 129
Trd, 4319506.993, 102
Trd, 4319508.443, 111
Trd, 4319509.143, 127
Trd, 4319510.243, 111
Trd, 4319510.293, 91
Trd, 4319511.193, 125
Trd, 4319511.343, 106
Trd, 4319511.443, 101
Trd, 4319512.543, 83
Trd, 4319513.693, 115
Trd, 4319514.143, 124
Trd, 4319514.893, 114
Trd, 4319515.643, 115
Trd, 4319516.293, 135
Trd, 4319517.393, 88
Trd, 4319517.993, 100
Trd, 4319518.743, 128
Trd, 4319519.993, 121
Trd, 4319520.943, 119
Trd, 4319521.493, 135
Trd, 4319521.743, 124
Trd, 4319525.393, 140
Trd, 4319525.793, 137
Trd, 4319526.443, 112
Trd, 4319526.543, 104
Trd, 4319526.693, 138
Trd, 4319527.193, 112
Trd, 4319527.893, 116
Trd, 4319528.593, 101
Trd, 4319529.443, 124
Trd, 4319530.143, 134
Trd, 4319531.293, 138
Trd, 4319532.093, 117
Trd, 4319532.943, 107
Trd, 4319533.093, 124
Trd, 4319533.393, 139
Trd, 4319534.993, 130
Trd, 4319535.043, 128
Trd, 4319535.643, 126
Trd, 4319536.043, 115
Trd, 4319538.993, 118
Trd, 4319539.943, 101
Trd, 4319540.143, 80
Trd, 4319540.543, 97
Trd, 4319540.793, 125
Trd, 4319541.893, 116
Trd, 4319542.143, 133
Trd, 4319542.393, 116
Trd, 4319543.043, 112
Trd, 4319543.843, 92
Trd, 4319544.193, 108
Trd, 4319544.543, 73
Trd, 4319546.143, 96
Trd, 4319547.043, 88
Trd, 4319547.443, 91
Trd, 4319548.043, 70
Trd, 4319548.943, 85
Trd, 4319549.293, 97
Trd, 4319550.493, 74
Trd, 4319552.343, 119
Trd, 4319552.843, 114
Trd, 4319554.043, 119
Trd, 4319554.943, 114
Trd, 4319555.143, 93
Trd, 4319556.143, 129
Trd, 4319556.793, 70
Trd, 4319557.743, 133
Trd, 4319557.843, 131
Trd, 4319558.693, 98
Trd, 4319560.743, 118
Trd, 4319561.193, 137
Trd, 4319561.343, 106
Trd, 4319562.043, 117
Trd, 4319563.493, 100
Trd, 4319563.593, 82
Trd, 4319564.343, 125
Trd, 4319564.793, 69
Trd, 4319565.193, 130
Trd, 4319565.743, 74
Trd, 4319566.043, 128
Trd, 4319566.993, 104
Trd, 4319568.893, 139
Trd, 4319569.343, 138
Trd, 4319569.543, 133
Trd, 4319570.743, 131
Trd, 4319570.843, 106
Trd, 4319571.643, 121
Trd, 4319571.843, 88
Trd, 4319572.093, 85
Trd, 4319572.893, 95
Trd, 4319572.993, 101
Trd, 4319574.343, 79
Trd, 4319574.693, 69
Trd, 4319576.293, 130
Trd, 4319577.193, 137
Trd, 4319578.493, 92
Trd, 4319579.493, 135
Trd, 4319579.593, 83
Trd, 4319581.143, 114
Trd, 4319582.343, 122
Trd, 4319582.743, 98
Trd, 4319583.043, 88
Trd, 4319583.143, 61
Trd, 4319584.843, 62
Trd, 4319585.743, 60
Trd, 4319586.293, 69
Trd, 4319587.293, 117
Trd, 4319587.443, 101
Trd, 4319588.093, 137
Trd, 4319588.543, 80
Trd, 4319589.443, 137
Trd, 4319589.693, 137
Trd, 4319589.893, 110
Trd, 4319590.293, 112
Trd, 4319590.793, 83
Trd, 4319591.843, 105
Trd, 4319593.193, 99
Trd, 4319593.293, 101
Trd, 4319594.493, 140
Trd, 4319597.093, 140
Trd, 4319597.143, 140
Trd, 4319597.293, 131
Trd, 4319597.593, 111
Trd, 4319597.893, 107
Trd, 4319598.493, 86
Trd, 4319598.643, 80
Trd, 4319599.743, 119
Trd, 4319600.443, 130
Trd, 4319601.443, 121
Trd, 4319601.943, 68
Trd, 4319602.143, 73
Trd, 4319602.343, 73
Trd, 4319602.543, 126
Trd, 4319603.493, 121
Trd, 4319603.693, 98
Trd, 4319604.993, 134
Trd, 4319605.643, 130
Trd, 4319605.693, 121
Trd, 4319607.193, 137
Trd, 4319608.543, 130
Trd, 4319608.793, 115
Trd, 4319609.843, 116
Trd, 4319609.943, 66
Trd, 4319611.243, 125
Trd, 4319611.293, 123
Trd, 4319611.993, 138
Trd, 4319613.143, 140
Trd, 4319613.493, 101
Trd, 4319614.343, 134
Trd, 4319614.543, 102
Trd, 4319615.193, 93
Trd, 4319615.443, 139
Trd, 4319615.893, 130
Trd, 4319617.493, 111
Trd, 4319618.593, 133
Trd, 4319618.843, 108
Trd, 4319619.993, 123
Trd, 4319621.243, 104
Trd, 4319621.793, 87
Trd, 4319621.843, 78
Trd, 4319622.143, 125
Trd, 4319622.443, 139
Trd, 4319623.093, 72
Trd, 4319624.343, 128
Trd, 4319624.993, 83
Trd, 4319626.293, 137
Trd, 4319626.343, 127
Trd, 4319626.593, 113
Trd, 4319627.443, 123
Trd, 4319628.593, 85
Trd, 4319628.843, 106
Trd, 4319629.093, 82
Trd, 4319629.593, 133
Trd, 4319630.593, 87
Trd, 4319632.293, 94
Trd, 4319632.343, 85
Trd, 4319633.893, 132
Trd, 4319634.793, 133
Trd, 4319635.393, 115
Trd, 4319635.643, 113
Trd, 4319636.743, 102
Trd, 4319637.243, 94
Trd, 4319637.593, 67
Trd, 4319638.543, 91
Trd, 4319639.743, 128
Trd, 4319641.343, 139
Trd, 4319642.143, 128
Trd, 4319642.643, 125
Trd, 4319642.993, 65
Trd, 4319643.393, 63
Trd, 4319643.643, 96
Trd, 4319644.093, 94
Trd, 4319645.093, 77
Trd, 4319645.343, 90
Trd, 4319645.643, 74
Trd, 4319646.743, 134
Trd, 4319648.593, 135
Trd, 4319649.143, 126
Trd, 4319649.893, 130
Trd, 4319649.993, 117
Trd, 4319650.843, 111
Trd, 4319651.643, 88
Trd, 4319652.193, 113
Trd, 4319652.593, 79
Trd, 4319653.643, 135
Trd, 4319653.743, 112
Trd, 4319654.993, 86
Trd, 4319655.343, 120
Trd, 4319657.643, 137
Trd, 4319657.843, 116
Trd, 4319659.093, 123
Trd, 4319659.493, 125
Trd, 4319659.943, 128
Trd, 4319661.043, 128
Trd, 4319661.893, 133
Trd, 4319662.093, 132
Trd, 4319662.793, 135
Trd, 4319664.043, 108
Trd, 4319664.793, 137
Trd, 4319665.243, 128
Trd, 4319665.943, 132
Trd, 4319666.993, 129
Trd, 4319667.243, 107
Trd, 4319667.843, 135
Trd, 4319668.343, 130
Trd, 4319669.143, 101
Trd, 4319670.243, 127
Trd, 4319670.593, 113
Trd, 4319671.243, 86
Trd, 4319673.093, 115
Trd, 4319673.193, 103
Trd, 4319673.693, 137
Trd, 4319673.743, 88
Trd, 4319674.993, 96
Trd, 4319675.493, 82
Trd, 4319676.393, 117
Trd, 4319676.443, 88
Trd, 4319677.593, 120
Trd, 4319679.143, 129
Trd, 4319680.143, 134
Trd, 4319680.243, 137
Trd, 4319680.493, 97
Trd, 4319680.743, 135
Trd, 4319681.293, 85
Trd, 4319681.543, 85
Trd, 4319682.043, 62
Trd, 4319682.943, 108
Trd, 4319683.793, 62
Trd, 4319684.493, 125
Trd, 4319685.143, 62
Trd, 4319685.793, 103
Trd, 4319687.093, 139
Trd, 4319687.743, 84
Trd, 4319688.043, 110
Trd, 4319690.143, 130
Trd, 4319691.043, 136
Trd, 4319691.543, 126
Trd, 4319693.643, 119
Trd, 4319694.143, 140
Trd, 4319694.243, 96
Trd, 4319694.693, 126
Trd, 4319694.843, 81
Trd, 4319695.343, 85
Trd, 4319696.643, 123
Trd, 4319696.693, 118
Trd, 4319698.343, 132
Trd, 4319698.443, 122
Trd, 4319698.643, 123
Trd, 4319699.143, 124
Trd, 4319699.343, 119
Trd, 4319699.393, 102
Trd, 4319700.343, 140
Trd, 4319701.843, 107
Trd, 4319702.493, 105
Trd, 4319702.843, 88
Trd, 4319704.593, 102
Trd, 4319705.293, 111
Trd, 4319705.643, 94
Trd, 4319706.193, 118
Trd, 4319706.493, 103
Trd, 4319706.743, 138
Trd, 4319707.643, 107
Trd, 4319707.743, 101
Trd, 4319708.643, 63
Trd, 4319710.143, 138
Trd, 4319710.743, 121
Trd, 4319710.893, 70
Trd, 4319711.043, 129
Trd, 4319711.593, 135
Trd, 4319711.693, 104
Trd, 4319714.243, 138
Trd, 4319715.193, 126
Trd, 4319717.043, 125
Trd, 4319718.843, 128
Trd, 4319718.943, 116
Trd, 4319720.243, 83
Trd, 4319720.993, 117
Trd, 4319721.593, 124
Trd, 4319722.443, 80
Trd, 4319722.793, 128
Trd, 4319723.643, 131
Trd, 4319724.193, 99
Trd, 4319724.843, 135
Trd, 4319725.893, 102
Trd, 4319725.943, 84
Trd, 4319726.593, 131
Trd, 4319726.993, 138
Trd, 4319728.143, 108
Trd, 4319728.393, 105
Trd, 4319729.643, 124
Trd, 4319730.043, 136
Trd, 4319730.293, 113
Trd, 4319733.143, 135
Trd, 4319733.843, 132
Trd, 4319734.193, 121
Trd, 4319734.443, 120
Trd, 4319734.543, 119
Trd, 4319735.893, 139
Trd, 4319735.993, 127
Trd, 4319736.893, 105
Trd, 4319737.893, 124
Trd, 4319739.443, 83
Trd, 4319739.843, 116
Trd, 4319739.893, 78
Trd, 4319739.993, 70
Trd, 4319741.243, 129
Trd, 4319742.293, 134
Trd, 4319743.193, 111
Trd, 4319743.343, 110
Trd, 4319743.493, 139
Trd, 4319744.543, 120
Trd, 4319744.893, 108
Trd, 4319745.843, 100
Trd, 4319747.143, 120
Trd, 4319748.143, 137
Trd, 4319748.793, 140
Trd, 4319749.093, 102
Trd, 4319749.493, 93
Trd, 4319749.843, 89
Trd, 4319751.443, 137
Trd, 4319751.993, 91
Trd, 4319752.843, 136
Trd, 4319753.643, 87
Trd, 4319754.293, 109
Trd, 4319755.093, 133
Trd, 4319757.893, 139
Trd, 4319758.043, 128
Trd, 4319758.743, 107
Trd, 4319759.043, 108
Trd, 4319759.193, 68
Trd, 4319759.743, 139
Trd, 4319760.293, 89
Trd, 4319761.743, 85
Trd, 4319762.043, 94
Trd, 4319763.093, 120
Trd, 4319763.393, 116
Trd, 4319763.543, 131
Trd, 4319763.743, 90
Trd, 4319764.343, 96
Trd, 4319764.693, 101
Trd, 4319765.843, 113
Trd, 4319765.893, 110
Trd, 4319767.743, 134
Trd, 4319768.493, 131
Trd, 4319768.643, 120
Trd, 4319768.943, 124
Trd, 4319770.543, 79
Trd, 4319770.743, 78
Trd, 4319770.793, 123
Trd, 4319771.843, 74
Trd, 4319772.043, 74
Trd, 4319772.293, 60
Trd, 4319772.693, 87
Trd, 4319773.893, 60
Trd, 4319776.043, 131
Trd, 4319776.893, 109
Trd, 4319777.193, 112
Trd, 4319777.243, 81
Trd, 4319778.443, 124
Trd, 4319778.943, 122
Trd, 4319780.093, 107
Trd, 4319780.243, 76
Trd, 4319781.193, 100
Trd, 4319782.243, 126
Trd, 4319782.643, 81
Trd, 4319783.293, 108
Trd, 4319783.343, 80
Trd, 4319784.343, 88
Trd, 4319785.143, 60
Trd, 4319786.043, 89
Trd, 4319786.493, 132
Trd, 4319787.093, 120
Trd, 4319787.793, 130
Trd, 4319788.443, 130
Trd, 4319790.393, 128
Trd, 4319790.643, 127
Trd, 4319790.793, 116
Trd, 4319792.093, 134
Trd, 4319792.193, 97
Trd, 4319792.593, 127
Trd, 4319792.643, 93
Trd, 4319793.393, 132
Trd, 4319794.343, 108
Trd, 4319794.943, 109
Trd, 4319795.793, 122
Trd, 4319795.943, 118
Trd, 4319796.043, 105
Trd, 4319797.543, 70
Trd, 4319798.393, 77
Trd, 4319800.093, 63
Trd, 4319800.993, 119
Trd, 4319801.593, 121
Trd, 4319801.843, 121
Trd, 4319801.893, 126
Trd, 4319803.593, 98
Trd, 4319805.393, 108
Trd, 4319805.543, 92
Trd, 4319806.693, 71
Trd, 4319807.343, 116
Trd, 4319807.743, 100
Trd, 4319808.243, 124
Trd, 4319808.543, 110
Trd, 4319808.993, 95
Trd, 4319809.143, 91
Trd, 4319810.843, 104
Trd, 4319811.343, 112
Trd, 4319811.493, 117
Trd, 4319813.143, 132
Trd, 4319813.493, 94
Trd, 4319814.993, 96
Trd, 4319816.093, 90
Trd, 4319816.543, 132
Trd, 4319817.293, 77
Trd, 4319818.693, 107
Trd, 4319818.893, 99
Trd, 4319819.543, 94
Trd, 4319819.843, 123
Trd, 4319820.993, 128
Trd, 4319821.993, 117
Trd, 4319823.643, 125
Trd, 4319824.643, 138
Trd, 4319824.743, 63
Trd, 4319825.243, 78
Trd, 4319825.843, 126
Trd, 4319827.043, 130
Trd, 4319827.793, 140
Trd, 4319827.893, 139
Trd, 4319828.093, 96
Trd, 4319828.493, 135
Trd, 4319830.093, 130
Trd, 4319830.193, 102
Trd, 4319830.843, 133
Trd, 4319830.943, 99
Trd, 4319832.143, 66
Trd, 4319832.243, 76
Trd, 4319832.743, 73
Trd, 4319833.543, 122
Trd, 4319833.993, 101
Trd, 4319834.243, 101
Trd, 4319835.293, 120
Trd, 4319836.743, 97
Trd, 4319837.593, 77
Trd, 4319837.943, 74
Trd, 4319838.243, 69
Trd, 4319838.743, 65
Trd, 4319839.993, 140
Trd, 4319840.093, 110
Trd, 4319840.593, 105
Trd, 4319842.043, 71
Trd, 4319842.143, 73
Trd, 4319842.243, 82
Trd, 4319842.893, 61
Trd, 4319843.593, 60
Trd, 4319844.043, 78
Trd, 4319844.943, 110
Trd, 4319845.843, 66
Trd, 4319846.543, 132
Trd, 4319847.443, 129
Trd, 4319847.993, 125
Trd, 4319848.293, 124
Trd, 4319849.543, 134
Trd, 4319851.793, 140
Trd, 4319852.243, 139
Trd, 4319852.343, 131
Trd, 4319852.543, 89
Trd, 4319854.293, 120
Trd, 4319854.893, 83
Trd, 4319855.293, 121
Trd, 4319855.393, 81
Trd, 4319855.793, 108
Trd, 4319857.443, 139
Trd, 4319858.843, 124
Trd, 4319859.593, 108
Trd, 4319859.943, 108
Trd, 4319860.493, 125
Trd, 4319860.943, 103
Trd, 4319861.343, 137
Trd, 4319862.893, 140
Trd, 4319863.243, 110
Trd, 4319865.243, 133
Trd, 4319865.843, 97
Trd, 4319865.993, 85
Trd, 4319866.943, 133
Trd, 4319867.293, 97
Trd, 4319867.543, 115
Trd, 4319868.443, 140
Trd, 4319869.493, 124
Trd, 4319869.593, 114
Trd, 4319871.143, 116
Trd, 4319871.543, 112
Trd, 4319872.393, 89
Trd, 4319872.443, 115
Trd, 4319875.143, 134
Trd, 4319875.443, 122
Trd, 4319876.593, 112
Trd, 4319877.043, 131
Trd, 4319877.443, 61
Trd, 4319877.843, 64
Trd, 4319878.493, 68
Trd, 4319878.693, 111
Trd, 4319879.493, 134
Trd, 4319880.493, 112
Trd, 4319882.343, 88
Trd, 4319882.393, 79
Trd, 4319882.643, 88
Trd, 4319884.543, 74
Trd, 4319885.443, 137
Trd, 4319885.693, 132
Trd, 4319885.843, 119
Trd, 4319886.743, 121
Trd, 4319886.943, 118
Trd, 4319887.243, 101
Trd, 4319888.293, 140
Trd, 4319889.093, 121
Trd, 4319890.143, 134
Trd, 4319891.343, 122
Trd, 4319891.843, 138
Trd, 4319892.593, 95
Trd, 4319892.743, 98
Trd, 4319892.893, 93
Trd, 4319894.443, 128
Trd, 4319896.393, 117
Trd, 4319897.693, 103
Trd, 4319898.643, 134
Trd, 4319899.743, 133
Trd, 4319902.093, 88
Trd, 4319902.193, 94
Trd, 4319902.893, 133
Trd, 4319902.993, 125
Trd, 4319903.693, 129
Trd, 4319903.943, 115
Trd, 4319904.093, 107
Trd, 4319904.493, 86
Trd, 4319905.893, 134
Trd, 4319907.243, 124
Trd, 4319908.143, 92
Trd, 4319908.393, 88
Trd, 4319909.443, 135
Trd, 4319910.243, 87
Trd, 4319912.093, 137
Trd, 4319912.393, 98
Trd, 4319913.043, 128
Trd, 4319913.193, 124
Trd, 4319914.043, 111
Trd, 4319914.493, 102
Trd, 4319914.593, 99
Trd, 4319915.143, 116
Trd, 4319915.893, 104
Trd, 4319916.443, 103
Trd, 4319917.493, 94
Trd, 4319917.843, 81
Trd, 4319918.493, 94
Trd, 4319919.193, 125
Trd, 4319919.743, 112
Trd, 4319920.493, 67
Trd, 4319921.343, 139
Trd, 4319921.893, 60
Trd, 4319922.443, 68
Trd, 4319922.493, 138
Trd, 4319924.693, 96
Trd, 4319924.793, 91
Trd, 4319925.243, 129
Trd, 4319925.743, 126
Trd, 4319926.593, 112
Trd, 4319927.443, 68
Trd, 4319928.043, 92
Trd, 4319928.693, 113
Trd, 4319929.043, 81
Trd, 4319929.643, 131
Trd, 4319929.993, 129
Trd, 4319930.943, 112
Trd, 4319931.993, 135
Trd, 4319932.543, 132
Trd, 4319933.343, 60
Trd, 4319933.693, 65
Trd, 4319933.743, 65
Trd, 4319934.193, 86
Trd, 4319934.743, 131
Trd, 4319934.843, 110
Trd, 4319935.943, 113
Trd, 4319936.993, 93
Trd, 4319937.393, 87
Trd, 4319937.993, 126
Trd, 4319938.693, 138
Trd, 4319938.993, 119
Trd, 4319940.343, 118
Trd, 4319941.893, 109
Trd, 4319942.043, 104
Trd, 4319943.093, 135
Trd, 4319943.193, 118
Trd, 4319944.043, 139
Trd, 4319945.643, 112
Trd, 4319945.743, 107
Trd, 4319945.893, 101
Trd, 4319946.043, 94
Trd, 4319946.443, 103
Trd, 4319946.843, 73
Trd, 4319947.043, 111
Trd, 4319948.593, 129
Trd, 4319948.793, 94
Trd, 4319951.393, 139
Trd, 4319952.693, 135
Trd, 4319954.393, 112
Trd, 4319954.443, 106
Trd, 4319954.543, 99
Trd, 4319954.593, 95
Trd, 4319955.093, 114
Trd, 4319955.693, 100
Trd, 4319956.593, 130
Trd, 4319957.493, 110
Trd, 4319958.093, 140
Trd, 4319958.143, 96
Trd, 4319958.593, 132
Trd, 4319958.643, 95
Trd, 4319960.493, 62
Trd, 4319960.893, 83
Trd, 4319961.643, 128
Trd, 4319961.943, 132
Trd, 4319962.893, 108
Trd, 4319963.143, 118
Trd, 4319963.643, 129
Trd, 4319964.243, 126
Trd, 4319964.993, 137
Trd, 4319965.643, 123
Trd, 4319966.743, 134
Trd, 4319967.093, 122
Trd, 4319968.993, 100
Trd, 4319969.093, 122
Trd, 4319969.993, 97
Trd, 4319970.243, 121
Trd, 4319970.643, 93
Trd, 4319970.893, 83
Trd, 4319972.193, 96
Trd, 4319973.343, 91
Trd, 4319973.543, 116
Trd, 4319974.343, 134
Trd, 4319974.943, 133
Trd, 4319975.243, 116
Trd, 4319975.543, 99
Trd, 4319975.993, 100
Trd, 4319976.093, 91
Trd, 4319976.393, 117
Trd, 4319977.143, 121
Trd, 4319978.393, 91
Trd, 4319979.243, 112
Trd, 4319979.893, 82
Trd, 4319980.243, 96
Trd, 4319980.943, 127
Trd, 4319981.393, 104
Trd, 4319983.043, 63
Trd, 4319983.493, 95
Trd, 4319984.543, 64
Trd, 4319984.893, 105
Trd, 4319985.943, 81
Trd, 4319986.293, 95
Trd, 4319986.343, 109
Trd, 4319986.793, 64
Trd, 4319987.443, 67
Trd, 4319987.943, 69
Trd, 4319989.743, 62
Trd, 4319990.093, 62
Trd, 4319990.143, 89
Trd, 4319990.693, 104
Trd, 4319991.193, 63
Trd, 4319991.243, 82
Trd, 4319992.943, 138
Trd, 4319993.043, 119
Trd, 4319994.093, 79
Trd, 4319994.693, 140
Trd, 4319995.293, 124
Trd, 4319995.443, 107
Trd, 4319996.093, 90
Trd, 4319996.193, 67
Trd, 4319997.243, 63
Trd, 4319997.993, 75
Trd, 4319998.243, 73
Trd, 4319999.043, 136
