Trd, 4318180.793, 140
Trd, 4318180.993, 139
Trd, 4318181.193, 122
Trd, 4318182.493, 92
Trd, 4318183.743, 140
Trd, 4318184.093, 140
Trd, 4318184.843, 139
Trd, 4318185.593, 139
Trd, 4318186.293, 140
Trd, 4318186.793, 140
Trd, 4318187.143, 140
Trd, 4318187.893, 140
Trd, 4318188.493, 140
Trd, 4318188.793, 139
Trd, 4318190.093, 139
Trd, 4318190.393, 140
Trd, 4318191.943, 140
Trd, 4318192.793, 140
Trd, 4318192.893, 139
Trd, 4318193.143, 139
Trd, 4318193.343, 140
Trd, 4318194.543, 140
Trd, 4318194.843, 140
Trd, 4318196.193, 138
Trd, 4318196.543, 139
Trd, 4318196.643, 94
Trd, 4318197.693, 139
Trd, 4318198.643, 140
Trd, 4318198.743, 140
Trd, 4318199.143, 140
Trd, 4318201.593, 140
Trd, 4318201.643, 140
Trd, 4318202.993, 140
Trd, 4318203.593, 140
Trd, 4318203.643, 140
Trd, 4318204.193, 139
Trd, 4318204.443, 140
Trd, 4318204.793, 140
Trd, 4318205.343, 102
Trd, 4318207.093, 140
Trd, 4318207.893, 140
Trd, 4318208.443, 125
Trd, 4318209.043, 85
Trd, 4318209.493, 67
Trd, 4318209.993, 76
Trd, 4318210.393, 139
Trd, 4318211.043, 140
Trd, 4318212.743, 140
Trd, 4318213.143, 139
Trd, 4318213.643, 138
Trd, 4318214.093, 61
Trd, 4318214.243, 99
Trd, 4318215.243, 136
Trd, 4318215.793, 140
Trd, 4318216.243, 140
Trd, 4318217.443, 140
Trd, 4318217.693, 138
Trd, 4318217.943, 99
Trd, 4318219.843, 140
Trd, 4318221.043, 140
Trd, 4318221.643, 140
Trd, 4318222.593, 140
Trd, 4318222.793, 140
Trd, 4318222.893, 140
Trd, 4318223.643, 140
Trd, 4318224.693, 138
Trd, 4318225.293, 140
Trd, 4318225.443, 140
Trd, 4318225.943, 138
Trd, 4318226.793, 140
Trd, 4318227.393, 140
Trd, 4318228.943, 140
Trd, 4318229.143, 139
Trd, 4318230.893, 140
Trd, 4318231.093, 140
Trd, 4318232.043, 140
Trd, 4318232.093, 139
Trd, 4318233.643, 139
Trd, 4318233.743, 138
Trd, 4318233.843, 129
Trd, 4318234.393, 100
Trd, 4318235.143, 60
Trd, 4318235.493, 140
Trd, 4318236.993, 140
Trd, 4318237.243, 140
Trd, 4318237.343, 140
Trd, 4318237.393, 137
Trd, 4318237.793, 139
Trd, 4318239.043, 140
Trd, 4318240.193, 140
Trd, 4318240.443, 139
Trd, 4318240.993, 139
Trd, 4318242.043, 140
Trd, 4318242.693, 140
Trd, 4318243.143, 137
Trd, 4318243.993, 139
Trd, 4318244.093, 83
Trd, 4318244.993, 137
Trd, 4318245.393, 139
Trd, 4318245.793, 140
Trd, 4318246.693, 138
Trd, 4318247.193, 137
Trd, 4318247.543, 139
Trd, 4318248.343, 63
Trd, 4318249.843, 136
Trd, 4318249.893, 104
Trd, 4318251.393, 62
Trd, 4318251.543, 63
Trd, 4318251.793, 133
Trd, 4318251.943, 137
Trd, 4318253.593, 62
Trd, 4318253.793, 70
Trd, 4318254.443, 66
Trd, 4318254.693, 75
Trd, 4318255.943, 140
Trd, 4318256.243, 138
Trd, 4318256.293, 137
Trd, 4318256.593, 140
Trd, 4318257.343, 66
Trd, 4318257.643, 139
Trd, 4318258.593, 140
Trd, 4318259.843, 140
Trd, 4318260.293, 140
Trd, 4318261.443, 73
Trd, 4318261.493, 72
Trd, 4318261.593, 74
Trd, 4318261.643, 76
Trd, 4318262.943, 90
Trd, 4318263.043, 125
Trd, 4318263.393, 140
Trd, 4318264.193, 91
Trd, 4318265.343, 61
Trd, 4318265.393, 62
Trd, 4318266.293, 61
Trd, 4318266.443, 62
Trd, 4318267.243, 63
Trd, 4318268.093, 140
Trd, 4318268.193, 137
Trd, 4318268.743, 140
Trd, 4318270.193, 114
Trd, 4318270.343, 70
Trd, 4318270.643, 76
Trd, 4318271.543, 77
Trd, 4318272.043, 65
Trd, 4318272.593, 61
Trd, 4318272.693, 63
Trd, 4318273.443, 61
Trd, 4318274.443, 64
Trd, 4318274.693, 67
Trd, 4318274.943, 79
Trd, 4318275.693, 64
Trd, 4318276.693, 70
Trd, 4318277.543, 140
Trd, 4318277.793, 140
Trd, 4318280.143, 140
Trd, 4318280.193, 140
Trd, 4318280.343, 140
Trd, 4318280.593, 137
Trd, 4318281.693, 139
Trd, 4318282.843, 140
Trd, 4318283.193, 140
Trd, 4318283.393, 139
Trd, 4318283.743, 138
Trd, 4318284.493, 140
Trd, 4318284.993, 61
Trd, 4318285.493, 139
Trd, 4318285.693, 116
Trd, 4318285.943, 137
Trd, 4318287.293, 139
Trd, 4318288.243, 140
Trd, 4318288.643, 140
Trd, 4318288.993, 140
Trd, 4318289.993, 66
Trd, 4318290.093, 68
Trd, 4318290.743, 60
Trd, 4318291.693, 67
Trd, 4318292.293, 64
Trd, 4318292.693, 65
Trd, 4318292.743, 82
Trd, 4318293.143, 67
Trd, 4318293.843, 140
Trd, 4318295.043, 60
Trd, 4318295.593, 61
Trd, 4318296.343, 64
Trd, 4318296.793, 67
Trd, 4318296.943, 69
Trd, 4318299.193, 65
Trd, 4318299.343, 68
Trd, 4318299.743, 64
Trd, 4318299.793, 69
Trd, 4318300.343, 140
Trd, 4318302.843, 140
Trd, 4318303.093, 140
Trd, 4318303.143, 139
Trd, 4318303.443, 139
Trd, 4318303.543, 139
Trd, 4318303.693, 60
Trd, 4318304.393, 132
Trd, 4318304.793, 60
Trd, 4318305.943, 65
Trd, 4318305.993, 73
Trd, 4318306.443, 66
Trd, 4318307.493, 139
Trd, 4318309.243, 140
Trd, 4318310.493, 140
Trd, 4318311.093, 140
Trd, 4318311.693, 140
Trd, 4318311.843, 139
Trd, 4318311.893, 137
Trd, 4318312.043, 136
Trd, 4318312.543, 140
Trd, 4318312.593, 71
Trd, 4318314.193, 62
Trd, 4318314.943, 80
Trd, 4318315.493, 140
Trd, 4318316.293, 140
Trd, 4318316.443, 79
Trd, 4318316.843, 60
Trd, 4318318.143, 140
Trd, 4318318.593, 137
Trd, 4318319.493, 63
Trd, 4318319.643, 68
Trd, 4318320.143, 139
Trd, 4318321.443, 140
Trd, 4318321.593, 139
Trd, 4318322.093, 60
Trd, 4318322.443, 61
Trd, 4318322.593, 61
Trd, 4318323.693, 63
Trd, 4318324.293, 65
Trd, 4318324.693, 64
Trd, 4318325.793, 69
Trd, 4318325.993, 140
Trd, 4318326.193, 140
Trd, 4318326.943, 140
Trd, 4318327.843, 140
Trd, 4318329.043, 140
Trd, 4318330.043, 140
Trd, 4318330.143, 140
Trd, 4318330.993, 140
Trd, 4318332.743, 140
Trd, 4318333.043, 140
Trd, 4318333.093, 140
Trd, 4318333.943, 140
Trd, 4318334.543, 140
Trd, 4318335.543, 140
Trd, 4318336.193, 140
Trd, 4318336.243, 140
Trd, 4318337.793, 140
Trd, 4318337.993, 139
Trd, 4318338.143, 138
Trd, 4318338.493, 140
Trd, 4318339.143, 140
Trd, 4318340.543, 140
Trd, 4318340.693, 140
Trd, 4318340.893, 60
Trd, 4318342.643, 140
Trd, 4318343.693, 140
Trd, 4318344.693, 140
Trd, 4318345.743, 140
Trd, 4318345.943, 140
Trd, 4318346.093, 139
Trd, 4318346.943, 140
Trd, 4318347.543, 140
Trd, 4318348.293, 140
Trd, 4318350.193, 140
Trd, 4318350.293, 139
Trd, 4318350.943, 140
Trd, 4318352.093, 140
Trd, 4318352.193, 139
Trd, 4318352.443, 139
Trd, 4318352.743, 140
Trd, 4318353.593, 140
Trd, 4318353.743, 140
Trd, 4318353.893, 140
Trd, 4318354.893, 140
Trd, 4318355.843, 84
Trd, 4318356.793, 61
Trd, 4318356.943, 65
Trd, 4318358.593, 140
Trd, 4318358.893, 140
Trd, 4318359.493, 139
Trd, 4318359.643, 136
Trd, 4318360.243, 73
Trd, 4318360.893, 136
Trd, 4318361.293, 139
Trd, 4318361.893, 138
Trd, 4318362.743, 140
Trd, 4318363.043, 140
Trd, 4318363.793, 139
Trd, 4318364.793, 63
Trd, 4318365.693, 68
Trd, 4318366.193, 64
Trd, 4318366.243, 69
Trd, 4318366.943, 132
Trd, 4318367.493, 130
Trd, 4318368.143, 61
Trd, 4318369.293, 140
Trd, 4318369.493, 140
Trd, 4318370.743, 139
Trd, 4318371.343, 60
Trd, 4318371.743, 66
Trd, 4318372.893, 140
Trd, 4318372.943, 138
Trd, 4318374.043, 140
Trd, 4318374.943, 138
Trd, 4318375.143, 140
Trd, 4318375.493, 139
Trd, 4318376.343, 139
Trd, 4318376.943, 131
Trd, 4318378.693, 140
Trd, 4318379.143, 140
Trd, 4318379.543, 140
Trd, 4318380.593, 140
Trd, 4318381.443, 140
Trd, 4318381.993, 140
Trd, 4318382.143, 140
Trd, 4318382.243, 139
Trd, 4318382.443, 109
Trd, 4318383.393, 72
Trd, 4318383.793, 140
Trd, 4318384.093, 138
Trd, 4318385.093, 67
Trd, 4318385.543, 140
Trd, 4318386.343, 140
Trd, 4318388.393, 140
Trd, 4318389.093, 140
Trd, 4318389.143, 140
Trd, 4318389.393, 140
Trd, 4318389.443, 139
Trd, 4318390.643, 140
Trd, 4318391.493, 140
Trd, 4318391.893, 138
Trd, 4318392.793, 140
Trd, 4318393.593, 140
Trd, 4318393.743, 140
Trd, 4318394.443, 140
Trd, 4318395.493, 137
Trd, 4318395.593, 137
Trd, 4318395.693, 140
Trd, 4318396.393, 97
Trd, 4318396.443, 88
Trd, 4318397.793, 140
Trd, 4318397.943, 140
Trd, 4318398.593, 140
Trd, 4318399.593, 140
Trd, 4318401.243, 60
Trd, 4318401.493, 60
Trd, 4318401.643, 60
Trd, 4318401.793, 70
Trd, 4318402.193, 60
Trd, 4318402.443, 60
Trd, 4318403.843, 129
Trd, 4318404.093, 140
Trd, 4318404.693, 64
Trd, 4318405.393, 61
Trd, 4318406.993, 61
Trd, 4318407.393, 60
Trd, 4318407.643, 62
Trd, 4318409.043, 140
Trd, 4318409.343, 140
Trd, 4318409.793, 140
Trd, 4318410.393, 61
Trd, 4318411.443, 140
Trd, 4318411.593, 139
Trd, 4318411.893, 140
Trd, 4318413.193, 140
Trd, 4318413.293, 139
Trd, 4318413.793, 78
Trd, 4318414.843, 140
Trd, 4318415.693, 140
Trd, 4318416.543, 140
Trd, 4318417.043, 139
Trd, 4318418.043, 140
Trd, 4318418.693, 140
Trd, 4318419.293, 128
Trd, 4318419.693, 140
Trd, 4318419.743, 82
Trd, 4318420.293, 140
Trd, 4318421.143, 140
Trd, 4318422.043, 67
Trd, 4318422.393, 62
Trd, 4318422.443, 69
Trd, 4318422.943, 98
Trd, 4318423.143, 137
Trd, 4318423.543, 136
Trd, 4318424.393, 61
Trd, 4318425.493, 60
Trd, 4318426.443, 70
Trd, 4318426.843, 140
Trd, 4318427.643, 68
Trd, 4318427.843, 140
Trd, 4318428.093, 91
Trd, 4318428.943, 64
Trd, 4318429.443, 61
Trd, 4318430.293, 64
Trd, 4318431.243, 60
Trd, 4318431.443, 63
Trd, 4318432.243, 60
Trd, 4318433.493, 140
Trd, 4318433.693, 140
Trd, 4318433.793, 140
Trd, 4318434.393, 139
Trd, 4318435.493, 62
Trd, 4318437.193, 140
Trd, 4318437.293, 139
Trd, 4318437.993, 139
Trd, 4318438.743, 140
Trd, 4318438.943, 139
Trd, 4318439.493, 67
Trd, 4318440.643, 140
Trd, 4318440.693, 112
Trd, 4318442.043, 140
Trd, 4318442.393, 140
Trd, 4318443.143, 139
Trd, 4318443.293, 133
Trd, 4318443.943, 67
Trd, 4318445.143, 138
Trd, 4318445.593, 140
Trd, 4318446.543, 139
Trd, 4318447.143, 140
Trd, 4318447.793, 140
Trd, 4318447.943, 140
Trd, 4318448.193, 64
Trd, 4318448.793, 140
Trd, 4318449.193, 139
Trd, 4318450.693, 120
Trd, 4318450.893, 101
Trd, 4318451.293, 140
Trd, 4318451.743, 140
Trd, 4318451.843, 139
Trd, 4318453.043, 140
Trd, 4318453.693, 134
Trd, 4318454.843, 104
Trd, 4318455.293, 138
Trd, 4318455.493, 97
Trd, 4318456.293, 140
Trd, 4318457.593, 140
Trd, 4318458.143, 140
Trd, 4318458.593, 140
Trd, 4318459.143, 140
Trd, 4318459.293, 140
Trd, 4318460.393, 139
Trd, 4318461.593, 140
Trd, 4318462.193, 140
Trd, 4318463.293, 140
Trd, 4318463.693, 140
Trd, 4318463.993, 140
Trd, 4318464.643, 137
Trd, 4318465.393, 135
Trd, 4318466.493, 139
Trd, 4318466.543, 137
Trd, 4318467.543, 139
Trd, 4318468.293, 109
Trd, 4318469.193, 63
Trd, 4318469.243, 63
Trd, 4318470.043, 77
Trd, 4318470.943, 60
Trd, 4318471.343, 65
Trd, 4318472.093, 128
Trd, 4318472.443, 140
Trd, 4318473.443, 140
Trd, 4318474.143, 140
Trd, 4318474.243, 139
Trd, 4318474.393, 136
Trd, 4318475.893, 140
Trd, 4318475.943, 118
Trd, 4318476.643, 140
Trd, 4318477.843, 140
Trd, 4318478.693, 140
Trd, 4318479.593, 140
Trd, 4318480.443, 140
Trd, 4318481.193, 140
Trd, 4318481.243, 140
Trd, 4318481.643, 139
Trd, 4318481.693, 138
Trd, 4318482.693, 140
Trd, 4318482.943, 139
Trd, 4318483.443, 110
Trd, 4318484.093, 135
Trd, 4318484.893, 140
Trd, 4318485.643, 130
Trd, 4318486.443, 140
Trd, 4318486.543, 129
Trd, 4318488.493, 140
Trd, 4318488.693, 140
Trd, 4318488.943, 140
Trd, 4318489.543, 140
Trd, 4318490.043, 140
Trd, 4318491.743, 140
Trd, 4318492.543, 140
Trd, 4318492.943, 140
Trd, 4318492.993, 140
Trd, 4318494.093, 140
Trd, 4318494.443, 140
Trd, 4318494.893, 138
Trd, 4318495.943, 140
Trd, 4318496.143, 139
Trd, 4318497.093, 140
Trd, 4318498.193, 140
Trd, 4318498.793, 140
Trd, 4318498.893, 140
Trd, 4318499.293, 140
Trd, 4318500.343, 140
Trd, 4318501.293, 140
Trd, 4318502.993, 61
Trd, 4318503.193, 62
Trd, 4318503.243, 62
Trd, 4318504.593, 140
Trd, 4318505.143, 140
Trd, 4318505.493, 140
Trd, 4318506.393, 139
Trd, 4318506.443, 139
Trd, 4318507.193, 139
Trd, 4318507.593, 140
Trd, 4318508.293, 139
Trd, 4318509.143, 64
Trd, 4318510.093, 140
Trd, 4318510.493, 139
Trd, 4318510.693, 105
Trd, 4318512.343, 63
Trd, 4318512.793, 63
Trd, 4318512.893, 65
Trd, 4318514.493, 140
Trd, 4318515.243, 140
Trd, 4318515.543, 139
Trd, 4318515.993, 137
Trd, 4318517.543, 140
Trd, 4318518.043, 140
Trd, 4318518.593, 140
Trd, 4318518.843, 140
Trd, 4318518.993, 138
Trd, 4318519.493, 139
Trd, 4318520.393, 140
Trd, 4318520.443, 138
Trd, 4318520.643, 138
Trd, 4318522.093, 69
Trd, 4318522.193, 70
Trd, 4318522.693, 60
Trd, 4318523.693, 140
Trd, 4318523.843, 138
Trd, 4318525.643, 140
Trd, 4318525.693, 139
Trd, 4318525.743, 138
Trd, 4318526.193, 67
Trd, 4318526.843, 66
Trd, 4318527.993, 60
Trd, 4318528.493, 60
Trd, 4318528.943, 100
Trd, 4318528.993, 102
Trd, 4318529.643, 60
Trd, 4318529.943, 62
Trd, 4318531.143, 60
Trd, 4318532.093, 60
Trd, 4318532.243, 61
Trd, 4318532.593, 63
Trd, 4318533.943, 139
Trd, 4318534.343, 62
Trd, 4318534.593, 65
Trd, 4318535.393, 63
Trd, 4318535.543, 66
Trd, 4318536.893, 140
Trd, 4318536.943, 136
Trd, 4318537.493, 140
Trd, 4318537.993, 60
Trd, 4318538.143, 60
Trd, 4318538.943, 63
Trd, 4318539.593, 62
Trd, 4318540.093, 75
Trd, 4318540.993, 60
Trd, 4318541.443, 60
Trd, 4318542.193, 69
Trd, 4318543.143, 60
Trd, 4318543.343, 63
Trd, 4318543.593, 103
Trd, 4318544.043, 140
Trd, 4318545.193, 140
Trd, 4318545.393, 139
Trd, 4318545.543, 121
Trd, 4318546.393, 140
Trd, 4318546.993, 140
Trd, 4318547.193, 140
Trd, 4318548.143, 63
Trd, 4318548.593, 65
Trd, 4318548.743, 138
Trd, 4318549.943, 139
Trd, 4318550.193, 140
Trd, 4318550.243, 138
Trd, 4318550.543, 126
Trd, 4318551.943, 60
Trd, 4318552.043, 62
Trd, 4318553.143, 61
Trd, 4318553.243, 94
Trd, 4318554.493, 61
Trd, 4318555.243, 61
Trd, 4318555.293, 66
Trd, 4318556.193, 140
Trd, 4318557.443, 140
Trd, 4318557.643, 138
Trd, 4318558.143, 138
Trd, 4318558.893, 140
Trd, 4318559.743, 138
Trd, 4318560.143, 126
Trd, 4318560.593, 139
Trd, 4318561.093, 110
Trd, 4318563.343, 140
Trd, 4318563.943, 140
Trd, 4318563.993, 140
Trd, 4318564.643, 139
Trd, 4318564.993, 138
Trd, 4318566.293, 140
Trd, 4318567.193, 140
Trd, 4318568.293, 140
Trd, 4318568.543, 140
Trd, 4318569.343, 138
Trd, 4318569.943, 138
Trd, 4318570.043, 111
Trd, 4318570.543, 61
Trd, 4318571.543, 140
Trd, 4318573.443, 140
Trd, 4318574.543, 140
Trd, 4318574.893, 140
Trd, 4318574.943, 139
Trd, 4318575.243, 137
Trd, 4318576.593, 140
Trd, 4318576.643, 140
Trd, 4318576.693, 139
Trd, 4318576.943, 70
Trd, 4318578.143, 140
Trd, 4318579.593, 140
Trd, 4318580.843, 140
Trd, 4318580.893, 138
Trd, 4318581.293, 140
Trd, 4318582.893, 140
Trd, 4318583.343, 140
Trd, 4318583.593, 140
Trd, 4318583.743, 122
Trd, 4318585.743, 140
Trd, 4318585.943, 140
Trd, 4318586.593, 140
Trd, 4318587.393, 140
Trd, 4318587.843, 140
Trd, 4318588.043, 140
Trd, 4318588.493, 138
Trd, 4318589.293, 140
Trd, 4318589.893, 140
Trd, 4318590.743, 140
Trd, 4318591.693, 140
Trd, 4318592.493, 140
Trd, 4318593.243, 139
Trd, 4318593.343, 137
Trd, 4318594.343, 140
Trd, 4318594.543, 133
Trd, 4318595.443, 60
Trd, 4318595.743, 68
Trd, 4318596.393, 66
Trd, 4318596.943, 61
Trd, 4318597.093, 62
Trd, 4318598.443, 100
Trd, 4318598.943, 99
Trd, 4318599.243, 140
Trd, 4318599.443, 139
Trd, 4318600.393, 140
Trd, 4318600.693, 140
Trd, 4318601.443, 129
Trd, 4318603.593, 140
Trd, 4318603.643, 140
Trd, 4318603.743, 140
Trd, 4318603.793, 140
Trd, 4318603.843, 113
Trd, 4318603.893, 96
Trd, 4318604.593, 128
Trd, 4318605.393, 64
Trd, 4318606.993, 60
Trd, 4318607.093, 60
Trd, 4318608.293, 138
Trd, 4318608.343, 140
Trd, 4318609.793, 60
Trd, 4318610.093, 61
Trd, 4318610.143, 62
Trd, 4318611.243, 62
Trd, 4318611.393, 63
Trd, 4318612.043, 73
Trd, 4318612.443, 84
Trd, 4318613.993, 140
Trd, 4318614.243, 140
Trd, 4318614.593, 139
Trd, 4318615.243, 140
Trd, 4318615.793, 65
Trd, 4318616.943, 140
Trd, 4318618.143, 140
Trd, 4318618.793, 140
Trd, 4318619.043, 139
Trd, 4318619.093, 138
Trd, 4318619.243, 133
Trd, 4318621.143, 76
Trd, 4318621.593, 139
Trd, 4318621.793, 139
Trd, 4318622.143, 78
Trd, 4318623.193, 140
Trd, 4318623.293, 140
Trd, 4318623.993, 140
Trd, 4318624.343, 140
Trd, 4318625.743, 140
Trd, 4318626.093, 140
Trd, 4318627.143, 140
Trd, 4318628.143, 140
Trd, 4318628.893, 139
Trd, 4318629.443, 138
Trd, 4318629.843, 140
Trd, 4318629.943, 135
Trd, 4318630.893, 140
Trd, 4318630.943, 136
Trd, 4318631.693, 140
Trd, 4318632.793, 69
Trd, 4318633.093, 138
Trd, 4318634.593, 140
Trd, 4318636.043, 140
Trd, 4318636.143, 140
Trd, 4318636.843, 140
Trd, 4318636.943, 140
Trd, 4318637.293, 139
Trd, 4318637.593, 84
Trd, 4318638.843, 65
Trd, 4318639.593, 140
Trd, 4318639.943, 99
Trd, 4318641.243, 139
Trd, 4318642.293, 138
Trd, 4318642.793, 139
Trd, 4318642.993, 132
Trd, 4318643.943, 139
Trd, 4318644.393, 140
Trd, 4318645.443, 140
Trd, 4318645.593, 140
Trd, 4318646.493, 139
Trd, 4318647.093, 140
Trd, 4318647.443, 65
Trd, 4318648.143, 60
Trd, 4318648.493, 63
Trd, 4318650.043, 140
Trd, 4318650.393, 139
Trd, 4318651.043, 139
Trd, 4318652.493, 140
Trd, 4318652.993, 140
Trd, 4318653.293, 140
Trd, 4318654.193, 140
Trd, 4318654.593, 140
Trd, 4318654.793, 139
Trd, 4318655.543, 139
Trd, 4318655.993, 139
Trd, 4318658.793, 140
Trd, 4318658.893, 140
Trd, 4318659.093, 140
Trd, 4318659.593, 140
Trd, 4318660.043, 140
Trd, 4318660.593, 140
Trd, 4318660.693, 139
Trd, 4318662.643, 61
Trd, 4318663.093, 63
Trd, 4318663.443, 65
Trd, 4318663.743, 67
Trd, 4318663.893, 68
Trd, 4318664.093, 139
Trd, 4318664.493, 139
Trd, 4318665.193, 61
Trd, 4318665.693, 139
Trd, 4318666.143, 140
Trd, 4318667.093, 60
Trd, 4318667.343, 119
Trd, 4318669.393, 60
Trd, 4318670.193, 60
Trd, 4318670.243, 61
Trd, 4318671.343, 64
Trd, 4318671.543, 65
Trd, 4318672.293, 140
Trd, 4318673.443, 60
Trd, 4318673.893, 60
Trd, 4318674.293, 60
Trd, 4318675.343, 60
Trd, 4318675.543, 73
Trd, 4318676.043, 119
Trd, 4318676.193, 62
Trd, 4318677.393, 68
Trd, 4318677.943, 60
Trd, 4318678.493, 62
Trd, 4318679.043, 66
Trd, 4318680.343, 140
Trd, 4318681.693, 60
Trd, 4318682.443, 140
Trd, 4318682.943, 118
Trd, 4318683.793, 137
Trd, 4318683.893, 118
Trd, 4318684.943, 140
Trd, 4318684.993, 139
Trd, 4318685.593, 69
Trd, 4318685.743, 96
Trd, 4318686.593, 140
Trd, 4318687.643, 140
Trd, 4318688.293, 140
Trd, 4318688.343, 140
Trd, 4318688.893, 140
Trd, 4318689.993, 140
Trd, 4318690.243, 140
Trd, 4318690.843, 140
Trd, 4318691.943, 139
Trd, 4318693.443, 140
Trd, 4318693.693, 140
Trd, 4318693.843, 69
Trd, 4318695.643, 140
Trd, 4318695.693, 140
Trd, 4318696.043, 140
Trd, 4318697.393, 140
Trd, 4318697.793, 140
Trd, 4318698.193, 140
Trd, 4318698.443, 140
Trd, 4318699.393, 140
Trd, 4318700.043, 140
Trd, 4318700.493, 137
Trd, 4318700.643, 136
Trd, 4318701.693, 139
Trd, 4318701.893, 116
Trd, 4318702.393, 140
Trd, 4318703.593, 139
Trd, 4318704.793, 140
Trd, 4318706.793, 140
Trd, 4318706.943, 140
Trd, 4318707.393, 139
Trd, 4318707.893, 139
Trd, 4318708.193, 138
Trd, 4318708.893, 137
Trd, 4318710.243, 140
Trd, 4318710.843, 140
Trd, 4318711.443, 140
Trd, 4318712.193, 140
Trd, 4318712.643, 131
Trd, 4318713.543, 139
Trd, 4318715.343, 140
Trd, 4318716.043, 140
Trd, 4318716.343, 140
Trd, 4318716.393, 140
Trd, 4318716.943, 140
Trd, 4318717.793, 140
Trd, 4318718.443, 140
Trd, 4318718.993, 140
Trd, 4318720.043, 140
Trd, 4318720.093, 139
Trd, 4318720.893, 137
Trd, 4318721.343, 140
Trd, 4318721.843, 140
Trd, 4318722.893, 99
Trd, 4318723.393, 97
Trd, 4318723.643, 118
Trd, 4318724.193, 140
Trd, 4318724.893, 138
Trd, 4318725.143, 138
Trd, 4318726.193, 140
Trd, 4318728.343, 140
Trd, 4318728.693, 140
Trd, 4318729.143, 139
Trd, 4318729.393, 139
Trd, 4318729.493, 139
Trd, 4318731.043, 139
Trd, 4318731.293, 140
Trd, 4318731.493, 139
Trd, 4318731.993, 92
Trd, 4318732.443, 139
Trd, 4318732.893, 140
Trd, 4318733.743, 140
Trd, 4318734.843, 139
Trd, 4318735.743, 140
Trd, 4318736.143, 140
Trd, 4318736.793, 139
Trd, 4318737.493, 137
Trd, 4318738.443, 140
Trd, 4318738.943, 140
Trd, 4318739.143, 140
Trd, 4318739.543, 140
Trd, 4318740.293, 140
Trd, 4318740.693, 139
Trd, 4318742.143, 140
Trd, 4318743.243, 140
Trd, 4318743.893, 140
Trd, 4318744.543, 140
Trd, 4318744.893, 140
Trd, 4318745.243, 139
Trd, 4318745.993, 139
Trd, 4318746.143, 61
Trd, 4318747.643, 140
Trd, 4318748.393, 139
Trd, 4318748.843, 138
Trd, 4318749.093, 138
Trd, 4318750.543, 140
Trd, 4318751.743, 140
Trd, 4318751.793, 140
Trd, 4318752.543, 140
Trd, 4318752.743, 140
Trd, 4318753.443, 139
Trd, 4318754.593, 140
Trd, 4318755.793, 140
Trd, 4318756.093, 139
Trd, 4318756.793, 110
Trd, 4318757.243, 102
Trd, 4318757.893, 61
Trd, 4318758.293, 63
Trd, 4318758.793, 63
Trd, 4318758.943, 66
Trd, 4318759.693, 140
Trd, 4318761.393, 140
Trd, 4318761.443, 140
Trd, 4318761.593, 137
Trd, 4318761.993, 113
Trd, 4318762.343, 60
Trd, 4318763.093, 61
Trd, 4318763.443, 63
Trd, 4318765.043, 139
Trd, 4318765.093, 138
Trd, 4318766.093, 91
Trd, 4318766.443, 139
Trd, 4318767.493, 140
Trd, 4318767.643, 139
Trd, 4318768.893, 139
Trd, 4318769.043, 139
Trd, 4318769.843, 138
Trd, 4318770.893, 139
Trd, 4318771.543, 140
Trd, 4318772.293, 140
Trd, 4318772.543, 140
Trd, 4318773.693, 140
Trd, 4318774.293, 138
Trd, 4318774.743, 77
Trd, 4318775.793, 139
Trd, 4318777.193, 140
Trd, 4318777.743, 140
Trd, 4318779.343, 140
Trd, 4318779.443, 140
Trd, 4318779.543, 140
Trd, 4318779.743, 139
Trd, 4318780.893, 140
Trd, 4318781.343, 140
Trd, 4318781.393, 108
Trd, 4318781.993, 64
Trd, 4318782.093, 65
Trd, 4318783.243, 64
Trd, 4318783.643, 60
Trd, 4318783.943, 65
Trd, 4318784.043, 75
Trd, 4318785.293, 138
Trd, 4318785.393, 137
Trd, 4318785.593, 140
Trd, 4318786.843, 140
Trd, 4318787.243, 139
Trd, 4318788.493, 140
Trd, 4318788.993, 140
Trd, 4318789.393, 140
Trd, 4318789.793, 139
Trd, 4318790.443, 118
Trd, 4318790.543, 69
Trd, 4318790.993, 111
Trd, 4318791.293, 140
Trd, 4318793.143, 60
Trd, 4318793.443, 60
Trd, 4318794.743, 62
Trd, 4318796.193, 60
Trd, 4318796.543, 62
Trd, 4318796.893, 63
Trd, 4318796.993, 60
Trd, 4318797.193, 64
Trd, 4318797.793, 60
Trd, 4318798.043, 64
Trd, 4318798.243, 100
Trd, 4318799.443, 63
Trd, 4318800.893, 60
Trd, 4318800.993, 61
Trd, 4318801.893, 61
Trd, 4318802.143, 62
Trd, 4318802.243, 70
Trd, 4318803.143, 140
Trd, 4318803.293, 139
Trd, 4318804.543, 60
Trd, 4318804.593, 75
Trd, 4318804.993, 63
Trd, 4318805.643, 116
Trd, 4318806.043, 71
Trd, 4318806.193, 60
Trd, 4318807.893, 61
Trd, 4318808.093, 64
Trd, 4318808.443, 61
Trd, 4318809.443, 138
Trd, 4318809.543, 136
Trd, 4318810.193, 71
Trd, 4318810.593, 70
Trd, 4318811.343, 140
Trd, 4318812.293, 139
Trd, 4318812.593, 139
Trd, 4318813.093, 140
Trd, 4318813.293, 138
Trd, 4318813.793, 138
Trd, 4318814.493, 65
Trd, 4318816.093, 140
Trd, 4318816.743, 140
Trd, 4318816.793, 140
Trd, 4318817.243, 139
Trd, 4318818.243, 140
Trd, 4318819.193, 139
Trd, 4318819.343, 113
Trd, 4318820.443, 66
Trd, 4318820.943, 67
Trd, 4318820.993, 75
Trd, 4318821.343, 140
Trd, 4318821.693, 60
Trd, 4318822.393, 140
Trd, 4318822.493, 140
Trd, 4318822.593, 140
Trd, 4318824.143, 140
Trd, 4318826.093, 140
Trd, 4318826.143, 139
Trd, 4318826.243, 139
Trd, 4318827.243, 139
Trd, 4318827.293, 139
Trd, 4318828.443, 66
Trd, 4318828.943, 140
Trd, 4318829.793, 140
Trd, 4318831.443, 140
Trd, 4318832.293, 140
Trd, 4318832.593, 140
Trd, 4318832.643, 139
Trd, 4318833.593, 62
Trd, 4318834.143, 140
Trd, 4318835.543, 140
Trd, 4318835.793, 140
Trd, 4318836.143, 140
Trd, 4318836.593, 140
Trd, 4318837.343, 140
Trd, 4318838.293, 140
Trd, 4318838.793, 61
Trd, 4318838.993, 63
Trd, 4318839.293, 61
Trd, 4318839.393, 62
Trd, 4318839.993, 140
Trd, 4318840.543, 138
Trd, 4318842.043, 139
Trd, 4318842.143, 134
Trd, 4318842.743, 134
Trd, 4318844.493, 139
Trd, 4318844.643, 139
Trd, 4318845.793, 140
Trd, 4318846.993, 140
Trd, 4318847.293, 140
Trd, 4318847.693, 140
Trd, 4318848.043, 105
Trd, 4318848.793, 140
Trd, 4318849.443, 140
Trd, 4318849.793, 86
Trd, 4318850.293, 63
Trd, 4318850.693, 62
Trd, 4318851.593, 65
Trd, 4318852.093, 60
Trd, 4318853.193, 66
Trd, 4318853.843, 60
Trd, 4318853.993, 71
Trd, 4318854.593, 64
Trd, 4318855.193, 65
Trd, 4318856.143, 63
Trd, 4318856.243, 71
Trd, 4318856.393, 127
Trd, 4318856.993, 65
Trd, 4318857.843, 67
Trd, 4318858.043, 69
Trd, 4318858.493, 69
Trd, 4318858.993, 70
Trd, 4318860.143, 136
Trd, 4318860.243, 118
Trd, 4318860.543, 67
Trd, 4318861.743, 66
Trd, 4318862.543, 140
Trd, 4318862.593, 139
Trd, 4318864.393, 139
Trd, 4318865.393, 140
Trd, 4318865.643, 140
Trd, 4318865.693, 137
Trd, 4318865.993, 127
Trd, 4318866.493, 140
Trd, 4318866.993, 134
Trd, 4318867.893, 137
Trd, 4318868.193, 139
Trd, 4318869.043, 63
Trd, 4318869.243, 61
Trd, 4318869.443, 61
Trd, 4318870.093, 62
Trd, 4318870.743, 60
Trd, 4318871.493, 61
Trd, 4318872.143, 69
Trd, 4318873.543, 65
Trd, 4318873.843, 69
Trd, 4318873.943, 82
Trd, 4318875.593, 140
Trd, 4318875.843, 140
Trd, 4318876.043, 60
Trd, 4318876.343, 61
Trd, 4318877.893, 140
Trd, 4318878.643, 139
Trd, 4318879.143, 140
Trd, 4318879.793, 140
Trd, 4318880.843, 140
Trd, 4318880.893, 140
Trd, 4318881.743, 140
Trd, 4318882.543, 140
Trd, 4318884.443, 140
Trd, 4318885.093, 140
Trd, 4318885.543, 140
Trd, 4318885.893, 140
Trd, 4318887.243, 140
Trd, 4318887.343, 140
Trd, 4318888.443, 140
Trd, 4318888.843, 140
Trd, 4318890.043, 140
Trd, 4318890.243, 140
Trd, 4318890.343, 140
Trd, 4318891.643, 139
Trd, 4318892.293, 140
Trd, 4318892.843, 140
Trd, 4318893.443, 140
Trd, 4318894.343, 139
Trd, 4318894.643, 140
Trd, 4318895.793, 139
Trd, 4318895.993, 97
Trd, 4318896.643, 139
Trd, 4318897.093, 88
Trd, 4318897.893, 140
Trd, 4318898.343, 139
Trd, 4318899.443, 140
Trd, 4318899.493, 138
Trd, 4318899.843, 109
Trd, 4318900.893, 139
Trd, 4318900.943, 138
Trd, 4318901.643, 139
Trd, 4318902.943, 67
Trd, 4318903.993, 61
Trd, 4318904.293, 65
Trd, 4318904.593, 60
Trd, 4318905.193, 140
Trd, 4318905.243, 140
Trd, 4318907.093, 140
Trd, 4318907.343, 140
Trd, 4318907.643, 134
Trd, 4318907.943, 64
Trd, 4318908.593, 111
Trd, 4318908.793, 64
Trd, 4318910.043, 140
Trd, 4318910.093, 140
Trd, 4318910.243, 139
Trd, 4318912.243, 60
Trd, 4318912.293, 66
Trd, 4318912.393, 117
Trd, 4318912.743, 140
Trd, 4318913.993, 139
Trd, 4318914.293, 137
Trd, 4318914.543, 136
Trd, 4318915.193, 138
Trd, 4318917.093, 140
Trd, 4318917.143, 138
Trd, 4318917.393, 140
Trd, 4318919.493, 140
Trd, 4318919.843, 139
Trd, 4318919.943, 139
Trd, 4318920.043, 137
Trd, 4318920.843, 140
Trd, 4318922.193, 140
Trd, 4318922.343, 140
Trd, 4318922.843, 140
Trd, 4318924.793, 140
Trd, 4318925.293, 140
Trd, 4318925.543, 140
Trd, 4318926.743, 139
Trd, 4318927.443, 140
Trd, 4318927.543, 140
Trd, 4318928.743, 140
Trd, 4318929.993, 140
Trd, 4318930.143, 140
Trd, 4318932.393, 60
Trd, 4318932.443, 60
Trd, 4318933.093, 61
Trd, 4318933.693, 60
Trd, 4318933.893, 61
Trd, 4318934.193, 67
Trd, 4318934.593, 60
Trd, 4318934.793, 68
Trd, 4318936.143, 140
Trd, 4318936.593, 140
Trd, 4318937.943, 140
Trd, 4318938.793, 140
Trd, 4318939.643, 140
Trd, 4318939.693, 140
Trd, 4318940.393, 138
Trd, 4318940.643, 137
Trd, 4318941.693, 140
Trd, 4318942.293, 140
Trd, 4318944.143, 140
Trd, 4318945.443, 140
Trd, 4318946.343, 140
Trd, 4318946.393, 140
Trd, 4318946.793, 139
Trd, 4318947.493, 140
Trd, 4318947.743, 140
Trd, 4318948.193, 140
Trd, 4318948.243, 140
Trd, 4318948.293, 137
Trd, 4318949.193, 71
Trd, 4318949.393, 106
Trd, 4318950.543, 139
Trd, 4318952.393, 140
Trd, 4318953.193, 140
Trd, 4318954.293, 140
Trd, 4318954.443, 140
Trd, 4318954.893, 140
Trd, 4318955.243, 140
Trd, 4318955.593, 135
Trd, 4318956.743, 140
Trd, 4318957.543, 140
Trd, 4318957.693, 140
Trd, 4318959.093, 140
Trd, 4318959.343, 140
Trd, 4318959.993, 140
Trd, 4318961.293, 140
Trd, 4318961.493, 140
Trd, 4318961.793, 140
Trd, 4318962.893, 140
Trd, 4318964.543, 140
Trd, 4318964.693, 140
Trd, 4318964.993, 140
Trd, 4318966.393, 140
Trd, 4318967.243, 139
Trd, 4318967.543, 140
Trd, 4318967.943, 71
Trd, 4318968.193, 62
Trd, 4318969.193, 60
Trd, 4318969.693, 139
Trd, 4318970.943, 139
Trd, 4318971.193, 67
Trd, 4318971.493, 65
Trd, 4318971.793, 68
Trd, 4318972.143, 62
Trd, 4318972.393, 139
Trd, 4318972.993, 139
Trd, 4318973.143, 138
Trd, 4318974.443, 139
Trd, 4318975.043, 140
Trd, 4318975.393, 140
Trd, 4318976.643, 72
Trd, 4318978.243, 140
Trd, 4318978.793, 140
Trd, 4318980.043, 140
Trd, 4318980.193, 140
Trd, 4318980.293, 140
Trd, 4318980.593, 140
Trd, 4318980.893, 139
Trd, 4318981.793, 139
Trd, 4318982.943, 138
Trd, 4318983.043, 88
Trd, 4318983.343, 140
Trd, 4318983.643, 140
Trd, 4318984.193, 140
Trd, 4318984.743, 139
Trd, 4318985.643, 140
Trd, 4318986.393, 140
Trd, 4318987.193, 140
Trd, 4318989.193, 140
Trd, 4318989.443, 140
Trd, 4318989.893, 140
Trd, 4318991.693, 140
Trd, 4318991.843, 140
Trd, 4318991.893, 140
Trd, 4318992.193, 140
Trd, 4318992.493, 140
Trd, 4318993.443, 140
Trd, 4318993.993, 139
Trd, 4318994.393, 140
Trd, 4318994.993, 139
Trd, 4318996.943, 140
Trd, 4318997.143, 140
Trd, 4318997.293, 139
Trd, 4318998.843, 139
Trd, 4318998.893, 138
Trd, 4318999.943, 140
Trd, 4319000.293, 140
Trd, 4319000.743, 138
Trd, 4319000.893, 122
Trd, 4319001.793, 93
Trd, 4319002.393, 60
Trd, 4319003.693, 140
Trd, 4319005.443, 140
Trd, 4319005.493, 140
Trd, 4319006.493, 140
Trd, 4319006.643, 140
Trd, 4319006.843, 140
Trd, 4319007.843, 140
Trd, 4319008.593, 139
Trd, 4319010.393, 140
Trd, 4319010.493, 140
Trd, 4319010.593, 140
Trd, 4319010.643, 140
Trd, 4319013.293, 139
Trd, 4319013.693, 139
Trd, 4319013.743, 139
Trd, 4319014.293, 140
Trd, 4319014.793, 130
Trd, 4319015.243, 140
Trd, 4319016.043, 140
Trd, 4319016.843, 140
Trd, 4319017.543, 140
Trd, 4319018.943, 140
Trd, 4319019.093, 139
Trd, 4319019.593, 138
Trd, 4319020.693, 140
Trd, 4319021.193, 140
Trd, 4319021.443, 140
Trd, 4319021.843, 140
Trd, 4319021.993, 137
Trd, 4319023.543, 140
Trd, 4319024.343, 140
Trd, 4319024.493, 140
Trd, 4319025.743, 140
Trd, 4319025.893, 140
Trd, 4319026.193, 140
Trd, 4319026.393, 140
Trd, 4319026.543, 139
Trd, 4319027.243, 140
Trd, 4319027.993, 139
Trd, 4319028.543, 140
Trd, 4319029.043, 139
Trd, 4319030.293, 140
Trd, 4319030.643, 139
Trd, 4319031.543, 140
Trd, 4319031.843, 139
Trd, 4319032.143, 138
Trd, 4319032.793, 62
Trd, 4319033.693, 60
Trd, 4319033.893, 77
Trd, 4319034.093, 78
Trd, 4319035.043, 63
Trd, 4319035.393, 61
Trd, 4319035.493, 74
Trd, 4319036.793, 103
Trd, 4319037.143, 136
Trd, 4319038.043, 135
Trd, 4319038.893, 62
Trd, 4319039.693, 138
Trd, 4319040.043, 110
Trd, 4319040.293, 60
Trd, 4319040.943, 91
Trd, 4319042.443, 140
Trd, 4319042.693, 140
Trd, 4319042.793, 140
Trd, 4319043.343, 138
Trd, 4319044.443, 140
Trd, 4319044.693, 60
Trd, 4319045.293, 60
Trd, 4319046.393, 140
Trd, 4319048.443, 140
Trd, 4319048.493, 140
Trd, 4319049.543, 140
Trd, 4319050.143, 140
Trd, 4319050.393, 140
Trd, 4319050.643, 140
Trd, 4319050.893, 139
Trd, 4319051.893, 140
Trd, 4319052.893, 140
Trd, 4319053.893, 140
Trd, 4319054.643, 139
Trd, 4319055.393, 139
Trd, 4319055.743, 140
Trd, 4319055.793, 136
Trd, 4319056.143, 106
Trd, 4319056.643, 98
Trd, 4319057.543, 140
Trd, 4319057.943, 140
Trd, 4319059.093, 140
Trd, 4319060.343, 140
Trd, 4319060.493, 140
Trd, 4319061.293, 140
Trd, 4319061.593, 138
Trd, 4319061.743, 134
Trd, 4319062.893, 139
Trd, 4319064.843, 140
Trd, 4319065.143, 140
Trd, 4319065.443, 139
Trd, 4319065.743, 119
Trd, 4319066.643, 139
Trd, 4319066.993, 139
Trd, 4319067.593, 140
Trd, 4319067.793, 139
Trd, 4319069.093, 140
Trd, 4319069.843, 139
Trd, 4319070.443, 139
Trd, 4319070.543, 133
Trd, 4319071.693, 140
Trd, 4319072.093, 132
Trd, 4319072.293, 62
Trd, 4319072.743, 140
Trd, 4319072.943, 140
Trd, 4319073.143, 61
Trd, 4319074.243, 140
Trd, 4319075.793, 140
Trd, 4319076.793, 138
Trd, 4319077.193, 140
Trd, 4319077.343, 140
Trd, 4319077.693, 140
Trd, 4319078.143, 139
Trd, 4319078.793, 63
Trd, 4319079.293, 137
Trd, 4319080.343, 140
Trd, 4319081.343, 140
Trd, 4319081.693, 139
Trd, 4319082.643, 140
Trd, 4319083.443, 72
Trd, 4319084.043, 83
Trd, 4319084.343, 140
Trd, 4319084.443, 103
Trd, 4319085.193, 64
Trd, 4319085.393, 67
Trd, 4319086.493, 140
Trd, 4319087.343, 140
Trd, 4319087.543, 140
Trd, 4319088.193, 140
Trd, 4319089.093, 140
Trd, 4319089.593, 140
Trd, 4319090.643, 98
Trd, 4319090.893, 140
Trd, 4319092.243, 140
Trd, 4319092.393, 139
Trd, 4319092.893, 139
Trd, 4319093.143, 139
Trd, 4319093.243, 62
Trd, 4319094.243, 77
Trd, 4319094.693, 68
Trd, 4319094.793, 84
Trd, 4319096.393, 60
Trd, 4319096.493, 63
Trd, 4319096.643, 63
Trd, 4319098.043, 60
Trd, 4319099.943, 61
Trd, 4319100.343, 69
Trd, 4319101.293, 63
Trd, 4319102.043, 66
Trd, 4319102.193, 73
Trd, 4319102.493, 70
Trd, 4319102.943, 140
Trd, 4319102.993, 139
Trd, 4319103.843, 140
Trd, 4319105.193, 139
Trd, 4319106.643, 140
Trd, 4319107.193, 140
Trd, 4319107.493, 139
Trd, 4319107.743, 139
Trd, 4319107.843, 140
Trd, 4319107.943, 136
Trd, 4319108.043, 139
Trd, 4319109.693, 61
Trd, 4319110.243, 66
Trd, 4319111.193, 61
Trd, 4319112.093, 60
Trd, 4319112.143, 104
Trd, 4319112.393, 137
Trd, 4319113.143, 140
Trd, 4319113.643, 140
Trd, 4319113.743, 140
Trd, 4319114.243, 115
Trd, 4319114.643, 140
Trd, 4319114.893, 140
Trd, 4319115.093, 138
Trd, 4319115.793, 140
Trd, 4319116.543, 62
Trd, 4319117.093, 112
Trd, 4319117.943, 60
Trd, 4319118.093, 140
Trd, 4319120.393, 73
Trd, 4319120.443, 60
Trd, 4319120.743, 91
Trd, 4319121.393, 60
Trd, 4319121.743, 60
Trd, 4319121.843, 61
Trd, 4319122.893, 61
Trd, 4319123.893, 138
Trd, 4319124.393, 62
Trd, 4319124.843, 63
Trd, 4319125.343, 61
Trd, 4319126.243, 61
Trd, 4319126.543, 60
Trd, 4319127.043, 60
Trd, 4319127.543, 114
Trd, 4319128.943, 60
Trd, 4319129.193, 68
Trd, 4319129.843, 91
Trd, 4319130.293, 140
Trd, 4319130.593, 140
Trd, 4319131.243, 140
Trd, 4319131.293, 140
Trd, 4319131.843, 139
Trd, 4319132.843, 84
Trd, 4319133.193, 67
Trd, 4319133.893, 63
Trd, 4319134.893, 60
Trd, 4319135.293, 60
Trd, 4319136.743, 62
Trd, 4319137.193, 63
Trd, 4319137.243, 79
Trd, 4319137.443, 112
Trd, 4319138.993, 140
Trd, 4319139.493, 140
Trd, 4319140.443, 140
Trd, 4319141.693, 140
Trd, 4319142.243, 140
Trd, 4319142.743, 140
Trd, 4319142.893, 140
Trd, 4319143.293, 139
Trd, 4319143.643, 140
Trd, 4319144.343, 139
Trd, 4319145.093, 139
Trd, 4319145.143, 133
Trd, 4319146.193, 68
Trd, 4319147.443, 140
Trd, 4319148.393, 140
Trd, 4319148.593, 140
Trd, 4319148.993, 140
Trd, 4319149.143, 139
Trd, 4319149.543, 140
Trd, 4319149.893, 106
Trd, 4319151.343, 140
Trd, 4319151.643, 140
Trd, 4319152.643, 140
Trd, 4319152.893, 136
Trd, 4319153.143, 104
Trd, 4319153.793, 139
Trd, 4319154.993, 138
Trd, 4319155.643, 139
Trd, 4319156.443, 140
Trd, 4319157.293, 140
Trd, 4319157.443, 140
Trd, 4319159.093, 140
Trd, 4319159.343, 140
Trd, 4319160.543, 135
Trd, 4319160.693, 104
Trd, 4319161.043, 61
Trd, 4319161.693, 64
Trd, 4319162.743, 140
Trd, 4319163.543, 140
Trd, 4319164.093, 64
Trd, 4319164.843, 140
Trd, 4319166.043, 140
Trd, 4319166.843, 140
Trd, 4319167.043, 139
Trd, 4319167.393, 94
Trd, 4319167.843, 67
Trd, 4319169.143, 140
Trd, 4319169.443, 138
Trd, 4319169.643, 136
Trd, 4319171.643, 140
Trd, 4319172.443, 140
Trd, 4319172.693, 140
Trd, 4319172.943, 139
Trd, 4319173.043, 138
Trd, 4319174.143, 140
Trd, 4319174.393, 140
Trd, 4319174.693, 140
Trd, 4319175.393, 140
Trd, 4319175.593, 139
Trd, 4319176.843, 140
Trd, 4319177.893, 140
Trd, 4319178.093, 139
Trd, 4319179.043, 140
Trd, 4319179.493, 140
Trd, 4319179.743, 140
Trd, 4319180.693, 140
Trd, 4319181.393, 140
Trd, 4319182.393, 140
Trd, 4319182.843, 138
Trd, 4319183.043, 106
Trd, 4319184.243, 139
Trd, 4319184.643, 139
Trd, 4319184.793, 138
Trd, 4319186.593, 140
Trd, 4319186.943, 140
Trd, 4319188.343, 140
Trd, 4319188.593, 139
Trd, 4319188.843, 76
Trd, 4319189.643, 127
Trd, 4319189.793, 125
Trd, 4319190.343, 140
Trd, 4319191.643, 140
Trd, 4319191.793, 139
Trd, 4319192.543, 140
Trd, 4319192.743, 139
Trd, 4319193.193, 140
Trd, 4319193.943, 140
Trd, 4319194.093, 137
Trd, 4319194.693, 140
Trd, 4319196.043, 140
Trd, 4319197.293, 140
Trd, 4319197.393, 131
Trd, 4319198.643, 140
Trd, 4319199.543, 140
Trd, 4319199.693, 140
Trd, 4319200.443, 140
Trd, 4319201.543, 140
Trd, 4319203.593, 140
Trd, 4319204.243, 140
Trd, 4319204.393, 139
Trd, 4319204.643, 138
Trd, 4319204.693, 138
Trd, 4319205.343, 140
Trd, 4319205.693, 140
Trd, 4319206.793, 139
Trd, 4319206.993, 140
Trd, 4319207.493, 140
Trd, 4319208.093, 140
Trd, 4319209.493, 140
Trd, 4319209.643, 138
Trd, 4319209.743, 139
Trd, 4319210.493, 139
Trd, 4319213.343, 140
Trd, 4319213.943, 140
Trd, 4319214.043, 140
Trd, 4319214.343, 140
Trd, 4319216.143, 140
Trd, 4319216.693, 140
Trd, 4319216.943, 140
Trd, 4319217.043, 138
Trd, 4319217.493, 140
Trd, 4319217.943, 137
Trd, 4319219.393, 140
Trd, 4319220.243, 140
Trd, 4319220.993, 140
Trd, 4319221.493, 140
Trd, 4319221.593, 140
Trd, 4319222.143, 140
Trd, 4319223.593, 140
Trd, 4319224.043, 140
Trd, 4319224.293, 140
Trd, 4319226.093, 140
Trd, 4319226.893, 140
Trd, 4319227.143, 140
Trd, 4319228.043, 140
Trd, 4319228.543, 140
Trd, 4319229.443, 140
Trd, 4319229.693, 140
Trd, 4319230.493, 140
Trd, 4319230.693, 140
Trd, 4319232.093, 140
Trd, 4319232.993, 139
Trd, 4319233.143, 137
Trd, 4319233.443, 63
Trd, 4319234.243, 140
Trd, 4319234.943, 140
Trd, 4319235.693, 139
Trd, 4319236.293, 74
Trd, 4319237.393, 139
Trd, 4319237.493, 140
Trd, 4319237.743, 61
Trd, 4319238.843, 60
Trd, 4319238.893, 78
Trd, 4319239.043, 79
Trd, 4319240.093, 138
Trd, 4319240.293, 62
Trd, 4319240.493, 137
Trd, 4319241.243, 68
Trd, 4319241.743, 66
Trd, 4319242.593, 140
Trd, 4319243.493, 139
Trd, 4319243.743, 137
Trd, 4319245.243, 140
Trd, 4319245.693, 140
Trd, 4319246.293, 140
Trd, 4319246.893, 140
Trd, 4319246.943, 140
Trd, 4319247.893, 140
Trd, 4319248.393, 136
Trd, 4319248.843, 60
Trd, 4319251.143, 140
Trd, 4319251.243, 140
Trd, 4319251.343, 140
Trd, 4319251.943, 140
Trd, 4319252.193, 140
Trd, 4319253.893, 140
Trd, 4319254.143, 139
Trd, 4319255.143, 140
Trd, 4319255.943, 140
Trd, 4319256.393, 140
Trd, 4319256.643, 140
Trd, 4319257.093, 140
Trd, 4319257.143, 140
Trd, 4319258.843, 140
Trd, 4319259.693, 140
Trd, 4319260.443, 72
Trd, 4319260.543, 73
Trd, 4319260.843, 74
Trd, 4319261.893, 140
Trd, 4319261.993, 139
Trd, 4319262.743, 140
Trd, 4319262.793, 140
Trd, 4319262.943, 97
Trd, 4319264.343, 85
Trd, 4319265.043, 61
Trd, 4319265.443, 60
Trd, 4319266.243, 63
Trd, 4319266.393, 65
Trd, 4319266.693, 64
Trd, 4319268.743, 140
Trd, 4319269.243, 137
Trd, 4319269.443, 140
Trd, 4319270.243, 140
Trd, 4319270.343, 136
Trd, 4319270.843, 140
Trd, 4319271.843, 140
Trd, 4319273.043, 140
Trd, 4319273.393, 138
Trd, 4319273.993, 138
Trd, 4319274.343, 140
Trd, 4319274.893, 140
Trd, 4319275.243, 139
Trd, 4319276.193, 140
Trd, 4319276.493, 140
Trd, 4319277.443, 140
Trd, 4319278.043, 140
Trd, 4319278.643, 140
Trd, 4319278.793, 139
Trd, 4319279.093, 136
Trd, 4319280.793, 140
Trd, 4319281.443, 140
Trd, 4319281.943, 139
Trd, 4319282.993, 140
Trd, 4319283.043, 139
Trd, 4319283.443, 140
Trd, 4319283.543, 105
Trd, 4319283.743, 93
Trd, 4319284.343, 140
Trd, 4319284.693, 60
Trd, 4319285.993, 140
Trd, 4319287.093, 140
Trd, 4319287.893, 140
Trd, 4319288.243, 140
Trd, 4319288.793, 135
Trd, 4319289.693, 139
Trd, 4319290.893, 140
Trd, 4319291.043, 138
Trd, 4319291.093, 138
Trd, 4319292.043, 140
Trd, 4319292.093, 136
Trd, 4319292.893, 135
Trd, 4319293.643, 140
Trd, 4319294.793, 140
Trd, 4319296.493, 140
Trd, 4319297.193, 140
Trd, 4319297.893, 140
Trd, 4319298.443, 140
Trd, 4319298.543, 139
Trd, 4319298.743, 130
Trd, 4319299.193, 138
Trd, 4319299.443, 140
Trd, 4319300.643, 140
Trd, 4319301.943, 140
Trd, 4319302.493, 140
Trd, 4319303.143, 140
Trd, 4319303.393, 137
Trd, 4319305.643, 140
Trd, 4319305.943, 139
Trd, 4319306.193, 139
Trd, 4319307.593, 139
Trd, 4319308.393, 140
Trd, 4319308.993, 140
Trd, 4319309.293, 139
Trd, 4319309.643, 138
Trd, 4319310.093, 139
Trd, 4319311.493, 140
Trd, 4319311.693, 140
Trd, 4319313.143, 140
Trd, 4319313.343, 140
Trd, 4319313.493, 139
Trd, 4319314.843, 140
Trd, 4319314.943, 68
Trd, 4319315.843, 63
Trd, 4319316.443, 138
Trd, 4319316.493, 137
Trd, 4319317.043, 140
Trd, 4319318.193, 140
Trd, 4319318.493, 140
Trd, 4319318.843, 140
Trd, 4319318.943, 139
Trd, 4319321.343, 140
Trd, 4319321.543, 140
Trd, 4319321.943, 138
Trd, 4319322.643, 139
Trd, 4319322.993, 140
Trd, 4319323.043, 137
Trd, 4319323.843, 139
Trd, 4319324.843, 140
Trd, 4319325.943, 140
Trd, 4319326.043, 71
Trd, 4319326.543, 60
Trd, 4319326.643, 62
Trd, 4319326.693, 63
Trd, 4319327.393, 139
Trd, 4319329.693, 140
Trd, 4319329.893, 140
Trd, 4319330.393, 140
Trd, 4319330.543, 140
Trd, 4319330.743, 140
Trd, 4319330.993, 139
Trd, 4319331.993, 140
Trd, 4319332.693, 72
Trd, 4319333.343, 135
Trd, 4319333.843, 65
Trd, 4319335.693, 138
Trd, 4319336.493, 140
Trd, 4319336.743, 140
Trd, 4319336.843, 140
Trd, 4319337.293, 138
Trd, 4319338.093, 138
Trd, 4319339.143, 137
Trd, 4319339.493, 66
Trd, 4319340.443, 140
Trd, 4319340.543, 137
Trd, 4319341.543, 140
Trd, 4319341.993, 140
Trd, 4319342.243, 140
Trd, 4319342.793, 138
Trd, 4319343.343, 140
Trd, 4319343.843, 139
Trd, 4319345.143, 134
Trd, 4319345.443, 91
Trd, 4319345.893, 61
Trd, 4319347.093, 140
Trd, 4319347.693, 139
Trd, 4319348.393, 73
Trd, 4319349.343, 140
Trd, 4319350.193, 139
Trd, 4319350.493, 138
Trd, 4319350.893, 140
Trd, 4319351.193, 135
Trd, 4319351.943, 139
Trd, 4319352.293, 138
Trd, 4319352.793, 137
Trd, 4319354.243, 139
Trd, 4319355.293, 140
Trd, 4319355.693, 140
Trd, 4319355.893, 121
Trd, 4319356.043, 140
Trd, 4319357.993, 140
Trd, 4319358.643, 140
Trd, 4319359.593, 140
Trd, 4319360.693, 140
Trd, 4319361.193, 140
Trd, 4319361.843, 140
Trd, 4319362.943, 140
Trd, 4319363.543, 140
Trd, 4319363.643, 139
Trd, 4319363.743, 138
Trd, 4319364.593, 140
Trd, 4319364.943, 140
Trd, 4319365.493, 61
Trd, 4319366.343, 137
Trd, 4319366.843, 139
Trd, 4319368.043, 138
Trd, 4319369.493, 140
Trd, 4319369.543, 139
Trd, 4319370.593, 136
Trd, 4319370.643, 135
Trd, 4319371.343, 138
Trd, 4319371.443, 137
Trd, 4319371.993, 140
Trd, 4319372.243, 140
Trd, 4319373.993, 140
Trd, 4319374.343, 140
Trd, 4319374.643, 140
Trd, 4319376.393, 140
Trd, 4319376.543, 139
Trd, 4319377.043, 139
Trd, 4319377.343, 138
Trd, 4319377.443, 135
Trd, 4319378.493, 117
Trd, 4319379.193, 139
Trd, 4319379.893, 140
Trd, 4319380.193, 140
Trd, 4319381.493, 139
Trd, 4319381.643, 137
Trd, 4319384.043, 63
Trd, 4319384.593, 139
Trd, 4319384.943, 118
Trd, 4319385.493, 64
Trd, 4319385.843, 138
Trd, 4319386.343, 140
Trd, 4319386.693, 139
Trd, 4319387.743, 138
Trd, 4319387.793, 140
Trd, 4319387.993, 140
Trd, 4319389.493, 61
Trd, 4319389.543, 75
Trd, 4319389.893, 136
Trd, 4319390.343, 140
Trd, 4319391.143, 139
Trd, 4319391.493, 140
Trd, 4319392.943, 140
Trd, 4319393.943, 140
Trd, 4319394.693, 140
Trd, 4319395.193, 140
Trd, 4319396.143, 139
Trd, 4319396.843, 140
Trd, 4319397.693, 140
Trd, 4319397.943, 140
Trd, 4319398.243, 140
Trd, 4319398.943, 134
Trd, 4319399.593, 126
Trd, 4319399.643, 127
Trd, 4319399.743, 109
Trd, 4319400.493, 140
Trd, 4319401.493, 140
Trd, 4319402.143, 137
Trd, 4319402.743, 115
Trd, 4319403.993, 60
Trd, 4319404.643, 72
Trd, 4319405.493, 67
Trd, 4319405.843, 62
Trd, 4319406.093, 140
Trd, 4319406.743, 71
Trd, 4319407.643, 62
Trd, 4319407.843, 65
Trd, 4319409.693, 60
Trd, 4319411.093, 60
Trd, 4319411.493, 60
Trd, 4319411.943, 60
Trd, 4319412.293, 61
Trd, 4319412.393, 62
Trd, 4319412.993, 60
Trd, 4319413.843, 60
Trd, 4319413.993, 60
Trd, 4319414.193, 67
Trd, 4319414.293, 140
Trd, 4319414.843, 138
Trd, 4319414.943, 64
Trd, 4319416.043, 138
Trd, 4319416.743, 60
Trd, 4319417.143, 61
Trd, 4319418.143, 61
Trd, 4319418.843, 61
Trd, 4319419.093, 62
Trd, 4319419.393, 65
Trd, 4319419.893, 62
Trd, 4319420.493, 66
Trd, 4319420.593, 67
Trd, 4319420.743, 134
Trd, 4319422.493, 140
Trd, 4319423.143, 140
Trd, 4319423.493, 140
Trd, 4319424.193, 140
Trd, 4319425.143, 140
Trd, 4319425.943, 140
Trd, 4319426.693, 138
Trd, 4319427.343, 60
Trd, 4319428.243, 140
Trd, 4319428.793, 140
Trd, 4319428.943, 139
Trd, 4319429.643, 140
Trd, 4319432.043, 140
Trd, 4319432.143, 140
Trd, 4319432.643, 140
Trd, 4319432.793, 140
Trd, 4319433.643, 140
Trd, 4319434.043, 140
Trd, 4319434.543, 63
Trd, 4319434.893, 60
Trd, 4319435.243, 60
Trd, 4319435.493, 68
Trd, 4319436.343, 140
Trd, 4319437.393, 140
Trd, 4319438.093, 140
Trd, 4319439.843, 140
Trd, 4319440.093, 140
Trd, 4319440.343, 140
Trd, 4319440.693, 140
Trd, 4319440.893, 140
Trd, 4319441.943, 136
Trd, 4319442.393, 135
Trd, 4319443.543, 140
Trd, 4319443.993, 140
Trd, 4319444.243, 140
Trd, 4319444.293, 139
Trd, 4319446.143, 140
Trd, 4319447.043, 140
Trd, 4319447.343, 140
Trd, 4319448.293, 140
Trd, 4319448.593, 140
Trd, 4319448.743, 139
Trd, 4319449.293, 65
Trd, 4319450.443, 140
Trd, 4319451.393, 139
Trd, 4319451.693, 140
Trd, 4319451.943, 139
Trd, 4319451.993, 139
Trd, 4319453.493, 140
Trd, 4319454.193, 139
Trd, 4319454.343, 137
Trd, 4319455.293, 140
Trd, 4319455.493, 136
Trd, 4319456.293, 63
Trd, 4319457.143, 137
Trd, 4319457.493, 68
Trd, 4319458.043, 76
Trd, 4319458.643, 64
Trd, 4319458.893, 65
Trd, 4319459.443, 60
Trd, 4319459.893, 60
Trd, 4319461.243, 139
Trd, 4319461.443, 139
Trd, 4319462.043, 62
Trd, 4319462.543, 140
Trd, 4319462.693, 139
Trd, 4319463.393, 139
Trd, 4319463.543, 138
Trd, 4319464.643, 138
Trd, 4319465.143, 138
Trd, 4319467.193, 139
Trd, 4319467.643, 140
Trd, 4319468.843, 140
Trd, 4319469.043, 140
Trd, 4319469.343, 138
Trd, 4319469.693, 140
Trd, 4319470.043, 115
Trd, 4319471.243, 140
Trd, 4319472.593, 140
Trd, 4319472.643, 139
Trd, 4319473.693, 140
Trd, 4319473.993, 137
Trd, 4319474.293, 135
Trd, 4319475.043, 124
Trd, 4319475.343, 138
Trd, 4319475.943, 140
Trd, 4319476.143, 100
Trd, 4319476.893, 140
Trd, 4319478.743, 62
Trd, 4319479.043, 70
Trd, 4319479.393, 140
Trd, 4319481.293, 140
Trd, 4319481.693, 140
Trd, 4319481.743, 140
Trd, 4319482.493, 140
Trd, 4319482.893, 140
Trd, 4319482.943, 130
Trd, 4319483.593, 88
Trd, 4319483.893, 72
Trd, 4319484.693, 60
Trd, 4319486.343, 140
Trd, 4319486.543, 140
Trd, 4319486.643, 138
Trd, 4319487.043, 140
Trd, 4319487.693, 140
Trd, 4319488.143, 140
Trd, 4319489.693, 76
Trd, 4319490.443, 65
Trd, 4319491.693, 139
Trd, 4319493.143, 140
Trd, 4319493.543, 140
Trd, 4319494.093, 140
Trd, 4319494.993, 140
Trd, 4319495.043, 140
Trd, 4319495.443, 140
Trd, 4319495.643, 134
Trd, 4319496.193, 106
Trd, 4319496.643, 109
Trd, 4319496.843, 138
Trd, 4319497.193, 140
Trd, 4319497.693, 136
Trd, 4319499.243, 140
Trd, 4319501.243, 140
Trd, 4319501.343, 140
Trd, 4319502.343, 140
Trd, 4319502.443, 140
Trd, 4319502.993, 139
Trd, 4319503.093, 135
Trd, 4319503.593, 139
Trd, 4319504.093, 140
Trd, 4319504.593, 126
Trd, 4319505.293, 62
Trd, 4319505.793, 62
Trd, 4319506.743, 63
Trd, 4319507.243, 63
Trd, 4319507.343, 63
Trd, 4319508.243, 63
Trd, 4319509.143, 64
Trd, 4319509.293, 62
Trd, 4319510.943, 64
Trd, 4319511.893, 60
Trd, 4319512.343, 63
Trd, 4319513.143, 64
Trd, 4319514.293, 62
Trd, 4319514.693, 64
Trd, 4319514.893, 69
Trd, 4319515.493, 78
Trd, 4319516.043, 70
Trd, 4319516.493, 60
Trd, 4319516.893, 60
Trd, 4319517.293, 60
Trd, 4319517.993, 117
Trd, 4319518.393, 120
Trd, 4319519.543, 61
Trd, 4319520.443, 60
Trd, 4319521.243, 60
Trd, 4319521.943, 102
Trd, 4319523.443, 61
Trd, 4319523.743, 61
Trd, 4319523.793, 61
Trd, 4319524.193, 65
Trd, 4319525.293, 60
Trd, 4319525.393, 60
Trd, 4319526.293, 140
Trd, 4319526.743, 61
Trd, 4319527.793, 65
Trd, 4319527.943, 65
Trd, 4319527.993, 103
Trd, 4319528.443, 139
Trd, 4319529.343, 140
Trd, 4319529.393, 140
Trd, 4319530.943, 140
Trd, 4319531.143, 138
Trd, 4319532.043, 140
Trd, 4319532.543, 140
Trd, 4319533.043, 140
Trd, 4319533.543, 140
Trd, 4319534.043, 61
Trd, 4319535.143, 137
Trd, 4319535.793, 67
Trd, 4319536.643, 61
Trd, 4319536.943, 137
Trd, 4319537.443, 62
Trd, 4319538.793, 140
Trd, 4319538.843, 138
Trd, 4319539.243, 113
Trd, 4319539.693, 140
Trd, 4319539.993, 138
Trd, 4319541.043, 138
Trd, 4319541.093, 139
Trd, 4319542.293, 62
Trd, 4319543.043, 63
Trd, 4319543.943, 60
Trd, 4319544.993, 64
Trd, 4319545.293, 60
Trd, 4319546.093, 60
Trd, 4319546.593, 60
Trd, 4319547.143, 60
Trd, 4319547.793, 62
Trd, 4319548.843, 140
Trd, 4319549.643, 140
Trd, 4319549.843, 140
Trd, 4319550.043, 134
Trd, 4319551.443, 140
Trd, 4319551.943, 140
Trd, 4319552.043, 139
Trd, 4319552.643, 140
Trd, 4319552.743, 140
Trd, 4319553.493, 139
Trd, 4319554.143, 140
Trd, 4319554.943, 140
Trd, 4319555.343, 139
Trd, 4319556.143, 140
Trd, 4319557.343, 140
Trd, 4319557.443, 132
Trd, 4319557.693, 72
Trd, 4319557.843, 73
Trd, 4319558.093, 60
Trd, 4319558.493, 63
Trd, 4319559.493, 139
Trd, 4319561.043, 140
Trd, 4319561.443, 140
Trd, 4319562.043, 140
Trd, 4319562.393, 137
Trd, 4319562.643, 140
Trd, 4319563.143, 124
Trd, 4319563.843, 140
Trd, 4319564.893, 125
Trd, 4319565.093, 115
Trd, 4319565.943, 140
Trd, 4319566.193, 140
Trd, 4319566.243, 140
Trd, 4319567.243, 61
Trd, 4319567.543, 60
Trd, 4319567.793, 65
Trd, 4319568.293, 61
Trd, 4319569.143, 140
Trd, 4319570.643, 140
Trd, 4319570.993, 139
Trd, 4319571.143, 139
Trd, 4319571.743, 140
Trd, 4319572.243, 136
Trd, 4319572.443, 93
Trd, 4319573.593, 140
Trd, 4319573.943, 140
Trd, 4319575.193, 140
Trd, 4319575.393, 139
Trd, 4319575.793, 137
Trd, 4319576.443, 60
Trd, 4319576.943, 60
Trd, 4319577.743, 140
Trd, 4319579.793, 140
Trd, 4319581.043, 140
Trd, 4319581.193, 140
Trd, 4319581.843, 140
Trd, 4319582.143, 140
Trd, 4319582.643, 140
Trd, 4319582.993, 139
Trd, 4319583.543, 140
Trd, 4319583.593, 140
Trd, 4319584.893, 139
Trd, 4319585.143, 139
Trd, 4319585.743, 140
Trd, 4319586.043, 140
Trd, 4319586.343, 139
Trd, 4319586.693, 140
Trd, 4319587.893, 140
Trd, 4319588.543, 137
Trd, 4319588.993, 133
Trd, 4319589.343, 140
Trd, 4319590.243, 138
Trd, 4319590.843, 140
Trd, 4319592.343, 140
Trd, 4319592.943, 140
Trd, 4319593.943, 139
Trd, 4319594.893, 139
Trd, 4319596.043, 140
Trd, 4319596.643, 139
Trd, 4319597.093, 140
Trd, 4319597.243, 140
Trd, 4319597.543, 138
Trd, 4319597.643, 135
Trd, 4319598.243, 139
Trd, 4319598.393, 138
Trd, 4319599.243, 140
Trd, 4319599.343, 140
Trd, 4319599.943, 139
Trd, 4319600.693, 139
Trd, 4319601.143, 140
Trd, 4319601.843, 139
Trd, 4319603.043, 136
Trd, 4319603.343, 140
Trd, 4319604.593, 140
Trd, 4319605.643, 140
Trd, 4319606.243, 140
Trd, 4319606.593, 137
Trd, 4319607.093, 140
Trd, 4319608.493, 140
Trd, 4319609.193, 140
Trd, 4319609.643, 139
Trd, 4319610.043, 123
Trd, 4319610.843, 140
Trd, 4319612.043, 140
Trd, 4319612.543, 139
Trd, 4319612.843, 140
Trd, 4319612.943, 140
Trd, 4319613.793, 140
Trd, 4319614.243, 140
Trd, 4319614.943, 140
Trd, 4319615.643, 135
Trd, 4319615.843, 140
Trd, 4319615.893, 134
Trd, 4319616.443, 64
Trd, 4319617.443, 74
Trd, 4319617.693, 65
Trd, 4319619.793, 140
Trd, 4319619.843, 140
Trd, 4319620.493, 140
Trd, 4319621.493, 92
Trd, 4319622.643, 140
Trd, 4319622.893, 140
Trd, 4319623.943, 140
Trd, 4319625.943, 140
Trd, 4319626.093, 140
Trd, 4319626.443, 140
Trd, 4319626.493, 140
Trd, 4319627.293, 66
Trd, 4319627.593, 60
Trd, 4319628.243, 139
Trd, 4319630.693, 140
Trd, 4319631.493, 140
Trd, 4319631.743, 140
Trd, 4319631.793, 140
Trd, 4319631.943, 140
Trd, 4319632.793, 140
Trd, 4319633.293, 139
Trd, 4319633.643, 140
Trd, 4319634.793, 140
Trd, 4319635.693, 139
Trd, 4319635.943, 138
Trd, 4319636.893, 140
Trd, 4319637.943, 139
Trd, 4319638.043, 136
Trd, 4319638.393, 139
Trd, 4319638.993, 137
Trd, 4319639.943, 140
Trd, 4319639.993, 99
Trd, 4319640.843, 139
Trd, 4319642.493, 140
Trd, 4319642.693, 139
Trd, 4319643.993, 140
Trd, 4319644.243, 139
Trd, 4319645.893, 140
Trd, 4319646.443, 140
Trd, 4319646.643, 139
Trd, 4319646.843, 131
Trd, 4319648.343, 140
Trd, 4319648.693, 140
Trd, 4319648.743, 140
Trd, 4319648.893, 139
Trd, 4319650.143, 140
Trd, 4319651.193, 140
Trd, 4319651.643, 140
Trd, 4319651.693, 139
Trd, 4319652.693, 137
Trd, 4319652.743, 136
Trd, 4319653.993, 140
Trd, 4319655.293, 140
Trd, 4319655.393, 139
Trd, 4319656.043, 140
Trd, 4319657.143, 60
Trd, 4319657.293, 60
Trd, 4319657.343, 94
Trd, 4319657.993, 140
Trd, 4319659.443, 140
Trd, 4319659.693, 139
Trd, 4319659.993, 140
Trd, 4319660.743, 140
Trd, 4319661.343, 139
Trd, 4319663.243, 140
Trd, 4319663.793, 140
Trd, 4319663.893, 139
Trd, 4319663.943, 139
Trd, 4319664.093, 138
Trd, 4319664.443, 136
Trd, 4319666.243, 140
Trd, 4319666.393, 115
Trd, 4319666.693, 97
Trd, 4319667.443, 60
Trd, 4319667.893, 61
Trd, 4319668.093, 63
Trd, 4319669.193, 60
Trd, 4319669.643, 61
Trd, 4319670.893, 137
Trd, 4319671.643, 140
Trd, 4319671.793, 140
Trd, 4319672.193, 64
Trd, 4319673.393, 71
Trd, 4319673.893, 60
Trd, 4319674.093, 137
Trd, 4319674.743, 60
Trd, 4319675.593, 60
Trd, 4319676.493, 60
Trd, 4319676.643, 60
Trd, 4319676.743, 64
Trd, 4319676.943, 63
Trd, 4319678.043, 61
Trd, 4319678.543, 60
Trd, 4319679.343, 63
Trd, 4319679.493, 60
Trd, 4319681.193, 60
Trd, 4319682.143, 60
Trd, 4319682.493, 60
Trd, 4319682.743, 63
Trd, 4319683.793, 61
Trd, 4319683.943, 69
Trd, 4319684.143, 69
Trd, 4319684.243, 94
Trd, 4319686.243, 133
Trd, 4319686.543, 62
Trd, 4319686.943, 63
Trd, 4319687.793, 60
Trd, 4319687.893, 61
Trd, 4319688.543, 68
Trd, 4319688.993, 61
Trd, 4319690.243, 140
Trd, 4319690.393, 139
Trd, 4319691.343, 137
Trd, 4319691.793, 140
Trd, 4319692.093, 136
Trd, 4319692.493, 140
Trd, 4319693.593, 140
Trd, 4319693.743, 61
Trd, 4319694.843, 60
Trd, 4319695.243, 60
Trd, 4319695.843, 60
Trd, 4319696.293, 60
Trd, 4319696.393, 60
Trd, 4319696.543, 68
Trd, 4319697.993, 60
Trd, 4319698.193, 63
Trd, 4319698.693, 60
Trd, 4319698.893, 61
Trd, 4319699.743, 61
Trd, 4319700.143, 87
Trd, 4319701.343, 140
Trd, 4319701.493, 140
Trd, 4319703.093, 61
Trd, 4319703.443, 62
Trd, 4319703.693, 69
Trd, 4319704.293, 68
Trd, 4319704.843, 140
Trd, 4319705.743, 140
Trd, 4319706.193, 140
Trd, 4319707.943, 62
Trd, 4319708.243, 139
Trd, 4319708.843, 61
Trd, 4319709.693, 61
Trd, 4319710.093, 62
Trd, 4319710.443, 61
Trd, 4319711.293, 63
Trd, 4319711.643, 67
Trd, 4319712.243, 61
Trd, 4319712.943, 125
Trd, 4319713.243, 139
Trd, 4319713.893, 129
Trd, 4319714.893, 140
Trd, 4319716.343, 60
Trd, 4319716.393, 61
Trd, 4319716.743, 61
Trd, 4319717.143, 63
Trd, 4319717.193, 66
Trd, 4319718.943, 64
Trd, 4319719.043, 69
Trd, 4319719.843, 60
Trd, 4319721.093, 60
Trd, 4319722.393, 60
Trd, 4319722.743, 61
Trd, 4319723.093, 61
Trd, 4319723.393, 60
Trd, 4319723.443, 67
Trd, 4319724.043, 139
Trd, 4319726.043, 60
Trd, 4319726.193, 61
Trd, 4319726.243, 61
Trd, 4319726.293, 65
Trd, 4319726.893, 106
Trd, 4319728.443, 62
Trd, 4319729.593, 139
Trd, 4319729.843, 137
Trd, 4319730.043, 133
Trd, 4319730.443, 63
Trd, 4319730.493, 65
Trd, 4319731.293, 60
Trd, 4319731.593, 140
Trd, 4319732.343, 137
Trd, 4319732.693, 140
Trd, 4319734.193, 138
Trd, 4319734.493, 139
Trd, 4319734.643, 136
Trd, 4319735.043, 62
Trd, 4319735.843, 140
Trd, 4319736.593, 140
Trd, 4319737.743, 140
Trd, 4319738.193, 140
Trd, 4319738.343, 140
Trd, 4319738.393, 139
Trd, 4319740.293, 140
Trd, 4319741.793, 136
Trd, 4319742.043, 140
Trd, 4319742.943, 139
Trd, 4319743.993, 139
Trd, 4319744.493, 98
Trd, 4319745.193, 140
Trd, 4319746.193, 140
Trd, 4319746.393, 140
Trd, 4319746.643, 139
Trd, 4319746.793, 138
Trd, 4319747.943, 140
Trd, 4319748.143, 61
Trd, 4319748.793, 140
Trd, 4319749.593, 140
Trd, 4319749.993, 139
Trd, 4319750.743, 63
Trd, 4319751.093, 123
Trd, 4319751.543, 140
Trd, 4319751.993, 62
Trd, 4319752.793, 60
Trd, 4319753.693, 140
Trd, 4319754.093, 140
Trd, 4319755.043, 140
Trd, 4319755.593, 140
Trd, 4319757.243, 140
Trd, 4319758.493, 140
Trd, 4319759.043, 140
Trd, 4319759.393, 137
Trd, 4319759.593, 140
Trd, 4319759.793, 103
Trd, 4319760.093, 60
Trd, 4319761.743, 140
Trd, 4319762.643, 138
Trd, 4319763.893, 140
Trd, 4319764.343, 139
Trd, 4319765.093, 140
Trd, 4319765.143, 140
Trd, 4319765.343, 133
Trd, 4319766.443, 140
Trd, 4319766.493, 140
Trd, 4319768.343, 140
Trd, 4319768.893, 140
Trd, 4319769.093, 140
Trd, 4319769.193, 137
Trd, 4319769.693, 140
Trd, 4319770.643, 140
Trd, 4319770.743, 140
Trd, 4319772.293, 140
Trd, 4319772.443, 139
Trd, 4319772.743, 136
Trd, 4319773.193, 140
Trd, 4319773.393, 140
Trd, 4319774.593, 140
Trd, 4319775.293, 83
Trd, 4319775.643, 139
Trd, 4319775.743, 85
Trd, 4319776.593, 140
Trd, 4319777.893, 140
Trd, 4319778.193, 140
Trd, 4319778.793, 140
Trd, 4319779.493, 139
Trd, 4319780.993, 138
Trd, 4319781.393, 114
Trd, 4319781.543, 116
Trd, 4319782.393, 63
Trd, 4319783.093, 60
Trd, 4319783.443, 61
Trd, 4319784.793, 140
Trd, 4319785.593, 139
Trd, 4319785.743, 139
Trd, 4319786.193, 137
Trd, 4319786.643, 138
Trd, 4319787.243, 140
Trd, 4319787.343, 65
Trd, 4319789.993, 140
Trd, 4319790.043, 140
Trd, 4319790.143, 140
Trd, 4319790.193, 140
Trd, 4319791.143, 139
Trd, 4319791.543, 138
Trd, 4319791.993, 139
Trd, 4319792.643, 140
Trd, 4319792.793, 140
Trd, 4319793.393, 95
Trd, 4319794.243, 62
Trd, 4319795.143, 140
Trd, 4319795.693, 140
Trd, 4319795.743, 110
Trd, 4319798.043, 140
Trd, 4319798.093, 140
Trd, 4319798.143, 139
Trd, 4319798.443, 82
Trd, 4319799.193, 138
Trd, 4319799.443, 140
Trd, 4319800.543, 139
Trd, 4319801.143, 71
Trd, 4319801.743, 140
Trd, 4319803.093, 140
Trd, 4319804.593, 140
Trd, 4319804.993, 140
Trd, 4319806.543, 140
Trd, 4319806.593, 140
Trd, 4319806.643, 140
Trd, 4319807.493, 140
Trd, 4319807.543, 140
Trd, 4319807.793, 140
Trd, 4319808.143, 139
Trd, 4319808.543, 139
Trd, 4319809.393, 139
Trd, 4319810.843, 140
Trd, 4319811.093, 140
Trd, 4319811.693, 140
Trd, 4319811.993, 139
Trd, 4319812.693, 112
Trd, 4319813.393, 139
Trd, 4319813.843, 140
Trd, 4319814.143, 83
Trd, 4319814.993, 140
Trd, 4319815.743, 140
Trd, 4319815.943, 140
Trd, 4319816.793, 140
Trd, 4319818.043, 140
Trd, 4319818.443, 137
Trd, 4319819.293, 138
Trd, 4319820.043, 140
Trd, 4319821.293, 140
Trd, 4319821.843, 140
Trd, 4319822.443, 140
Trd, 4319823.543, 140
Trd, 4319824.043, 140
Trd, 4319824.593, 140
Trd, 4319825.343, 140
Trd, 4319825.893, 140
Trd, 4319825.943, 74
Trd, 4319826.193, 137
Trd, 4319826.943, 61
Trd, 4319828.543, 140
Trd, 4319828.993, 140
Trd, 4319830.993, 140
Trd, 4319832.843, 140
Trd, 4319833.293, 140
Trd, 4319833.343, 139
Trd, 4319833.493, 138
Trd, 4319833.793, 140
Trd, 4319834.943, 140
Trd, 4319835.343, 140
Trd, 4319835.943, 140
Trd, 4319836.043, 103
Trd, 4319837.493, 140
Trd, 4319837.593, 139
Trd, 4319838.143, 139
Trd, 4319838.443, 140
Trd, 4319838.893, 140
Trd, 4319840.493, 139
Trd, 4319841.043, 140
Trd, 4319841.543, 140
Trd, 4319842.393, 140
Trd, 4319842.543, 138
Trd, 4319842.693, 138
Trd, 4319843.593, 134
Trd, 4319844.143, 123
Trd, 4319844.293, 140
Trd, 4319845.043, 140
Trd, 4319846.193, 140
Trd, 4319846.493, 138
Trd, 4319847.143, 140
Trd, 4319847.243, 140
Trd, 4319847.643, 137
Trd, 4319847.893, 95
Trd, 4319848.043, 86
Trd, 4319850.093, 60
Trd, 4319850.293, 62
Trd, 4319850.343, 66
Trd, 4319850.943, 140
Trd, 4319851.243, 140
Trd, 4319851.393, 132
Trd, 4319852.643, 140
Trd, 4319852.993, 140
Trd, 4319853.243, 140
Trd, 4319854.293, 139
Trd, 4319855.193, 63
Trd, 4319855.493, 64
Trd, 4319855.543, 75
Trd, 4319856.943, 60
Trd, 4319857.043, 70
Trd, 4319857.393, 111
Trd, 4319858.543, 140
Trd, 4319859.443, 140
Trd, 4319859.493, 140
Trd, 4319859.993, 140
Trd, 4319860.093, 138
Trd, 4319861.143, 67
Trd, 4319861.493, 62
Trd, 4319862.193, 64
Trd, 4319862.843, 140
Trd, 4319863.393, 140
Trd, 4319863.543, 139
Trd, 4319864.593, 60
Trd, 4319865.043, 60
Trd, 4319865.543, 61
Trd, 4319866.293, 62
Trd, 4319866.393, 63
Trd, 4319866.843, 64
Trd, 4319867.093, 63
Trd, 4319868.343, 61
Trd, 4319868.893, 139
Trd, 4319869.793, 140
Trd, 4319870.143, 140
Trd, 4319870.343, 139
Trd, 4319871.493, 140
Trd, 4319872.593, 140
Trd, 4319872.993, 140
Trd, 4319873.293, 138
Trd, 4319873.643, 136
Trd, 4319874.443, 140
Trd, 4319874.643, 140
Trd, 4319875.343, 140
Trd, 4319875.443, 139
Trd, 4319877.143, 140
Trd, 4319877.343, 140
Trd, 4319878.443, 140
Trd, 4319878.693, 140
Trd, 4319878.793, 135
Trd, 4319879.143, 75
Trd, 4319879.543, 140
Trd, 4319880.843, 140
Trd, 4319882.343, 140
Trd, 4319883.693, 140
Trd, 4319883.743, 140
Trd, 4319883.843, 139
Trd, 4319884.043, 140
Trd, 4319884.693, 140
Trd, 4319886.343, 140
Trd, 4319886.393, 139
Trd, 4319886.843, 138
Trd, 4319887.093, 102
Trd, 4319887.543, 60
Trd, 4319887.643, 60
Trd, 4319888.593, 71
Trd, 4319889.343, 137
Trd, 4319889.943, 140
Trd, 4319890.193, 98
Trd, 4319892.643, 140
Trd, 4319892.693, 140
Trd, 4319892.893, 136
Trd, 4319893.743, 140
Trd, 4319893.843, 140
Trd, 4319895.343, 140
Trd, 4319895.893, 140
Trd, 4319896.043, 140
Trd, 4319896.743, 140
Trd, 4319897.043, 140
Trd, 4319897.293, 140
Trd, 4319898.443, 140
Trd, 4319898.943, 135
Trd, 4319900.143, 140
Trd, 4319900.293, 139
Trd, 4319900.943, 136
Trd, 4319901.293, 140
Trd, 4319901.643, 135
Trd, 4319902.643, 134
Trd, 4319902.743, 72
Trd, 4319903.543, 139
Trd, 4319904.343, 67
Trd, 4319905.443, 140
Trd, 4319905.693, 140
Trd, 4319906.993, 140
Trd, 4319907.443, 140
Trd, 4319908.043, 139
Trd, 4319908.943, 140
Trd, 4319909.893, 140
Trd, 4319911.043, 140
Trd, 4319911.193, 139
Trd, 4319911.393, 139
Trd, 4319912.543, 139
Trd, 4319912.593, 138
Trd, 4319913.193, 140
Trd, 4319913.493, 136
Trd, 4319914.143, 92
Trd, 4319914.993, 137
Trd, 4319915.743, 137
Trd, 4319915.943, 60
Trd, 4319916.943, 62
Trd, 4319917.393, 60
Trd, 4319917.993, 62
Trd, 4319918.743, 61
Trd, 4319919.843, 140
Trd, 4319920.643, 140
Trd, 4319921.393, 139
Trd, 4319921.793, 99
Trd, 4319921.993, 98
Trd, 4319922.643, 139
Trd, 4319923.193, 137
Trd, 4319924.643, 140
Trd, 4319924.943, 138
Trd, 4319925.893, 140
Trd, 4319926.543, 140
Trd, 4319926.843, 139
Trd, 4319928.093, 121
Trd, 4319928.293, 137
Trd, 4319928.693, 63
Trd, 4319929.493, 62
Trd, 4319929.543, 68
Trd, 4319932.093, 140
Trd, 4319932.643, 140
Trd, 4319932.743, 140
Trd, 4319933.393, 140
Trd, 4319933.593, 140
Trd, 4319933.993, 139
Trd, 4319934.693, 140
Trd, 4319935.593, 139
Trd, 4319936.143, 139
Trd, 4319937.343, 63
Trd, 4319937.393, 68
Trd, 4319938.743, 139
Trd, 4319938.943, 138
Trd, 4319941.043, 140
Trd, 4319941.193, 140
Trd, 4319941.293, 139
Trd, 4319943.293, 140
Trd, 4319943.843, 140
Trd, 4319944.243, 140
Trd, 4319944.443, 139
Trd, 4319944.843, 140
Trd, 4319946.993, 140
Trd, 4319947.843, 140
Trd, 4319948.543, 140
Trd, 4319949.143, 140
Trd, 4319949.543, 140
Trd, 4319949.743, 140
Trd, 4319950.593, 140
Trd, 4319951.243, 109
Trd, 4319952.293, 140
Trd, 4319952.493, 140
Trd, 4319953.693, 140
Trd, 4319954.543, 140
Trd, 4319955.193, 139
Trd, 4319955.343, 70
Trd, 4319955.993, 140
Trd, 4319956.093, 140
Trd, 4319958.993, 140
Trd, 4319959.543, 140
Trd, 4319959.693, 139
Trd, 4319959.943, 140
Trd, 4319961.093, 140
Trd, 4319962.293, 140
Trd, 4319962.393, 140
Trd, 4319962.843, 140
Trd, 4319963.293, 140
Trd, 4319963.593, 140
Trd, 4319964.443, 139
Trd, 4319964.593, 78
Trd, 4319965.393, 140
Trd, 4319966.393, 140
Trd, 4319967.493, 140
Trd, 4319968.093, 140
Trd, 4319968.293, 138
Trd, 4319969.593, 140
Trd, 4319969.643, 140
Trd, 4319969.893, 140
Trd, 4319970.643, 140
Trd, 4319970.793, 138
Trd, 4319972.293, 140
Trd, 4319972.443, 136
Trd, 4319972.593, 77
Trd, 4319973.693, 140
Trd, 4319973.893, 139
Trd, 4319974.443, 140
Trd, 4319974.793, 140
Trd, 4319975.593, 139
Trd, 4319975.743, 136
Trd, 4319976.043, 138
Trd, 4319976.593, 140
Trd, 4319976.793, 113
Trd, 4319977.893, 60
Trd, 4319978.693, 60
Trd, 4319978.993, 60
Trd, 4319979.593, 64
Trd, 4319980.093, 62
Trd, 4319980.143, 76
Trd, 4319982.743, 140
Trd, 4319982.793, 140
Trd, 4319983.293, 137
Trd, 4319983.743, 140
Trd, 4319983.993, 140
Trd, 4319985.443, 137
Trd, 4319985.593, 74
Trd, 4319985.993, 139
Trd, 4319986.643, 140
Trd, 4319986.693, 139
Trd, 4319987.493, 69
Trd, 4319987.943, 139
Trd, 4319988.393, 140
Trd, 4319988.893, 139
Trd, 4319990.893, 140
Trd, 4319991.043, 139
Trd, 4319991.093, 139
Trd, 4319991.593, 140
Trd, 4319992.993, 140
Trd, 4319993.143, 140
Trd, 4319993.193, 139
Trd, 4319993.643, 137
Trd, 4319994.843, 140
Trd, 4319997.443, 140
Trd, 4319997.543, 140
Trd, 4319998.193, 140
Trd, 4319998.643, 140
Trd, 4319999.293, 140
Trd, 4319999.593, 137
