Trd, 4318139.993, 115
Trd, 4318140.143, 89
Trd, 4318140.593, 64
Trd, 4318142.193, 140
Trd, 4318142.643, 140
Trd, 4318143.793, 140
Trd, 4318143.843, 132
Trd, 4318146.143, 140
Trd, 4318146.393, 140
Trd, 4318146.893, 140
Trd, 4318147.343, 140
Trd, 4318147.443, 132
Trd, 4318148.243, 110
Trd, 4318149.993, 140
Trd, 4318151.393, 134
Trd, 4318151.643, 106
Trd, 4318152.193, 140
Trd, 4318153.593, 140
Trd, 4318153.743, 126
Trd, 4318154.893, 115
Trd, 4318155.043, 136
Trd, 4318155.143, 115
Trd, 4318155.793, 111
Trd, 4318155.993, 83
Trd, 4318156.243, 65
Trd, 4318157.743, 140
Trd, 4318158.843, 140
Trd, 4318158.893, 138
Trd, 4318161.093, 140
Trd, 4318161.343, 139
Trd, 4318162.493, 95
Trd, 4318163.243, 120
Trd, 4318163.593, 140
Trd, 4318165.043, 140
Trd, 4318165.143, 140
Trd, 4318165.443, 140
Trd, 4318165.493, 140
Trd, 4318165.693, 140
Trd, 4318167.793, 132
Trd, 4318168.043, 131
Trd, 4318168.493, 130
Trd, 4318169.193, 95
Trd, 4318169.293, 83
Trd, 4318169.843, 140
Trd, 4318171.093, 140
Trd, 4318171.443, 96
Trd, 4318172.843, 91
Trd, 4318173.043, 129
Trd, 4318174.743, 140
Trd, 4318174.793, 139
Trd, 4318175.743, 138
Trd, 4318175.893, 137
Trd, 4318176.143, 107
Trd, 4318176.543, 136
Trd, 4318178.593, 140
Trd, 4318179.043, 138
Trd, 4318179.793, 89
Trd, 4318180.143, 140
Trd, 4318180.193, 110
Trd, 4318181.743, 140
Trd, 4318182.493, 134
Trd, 4318182.943, 132
Trd, 4318183.393, 81
Trd, 4318185.743, 116
Trd, 4318185.843, 81
Trd, 4318185.943, 71
Trd, 4318187.793, 140
Trd, 4318189.293, 140
Trd, 4318189.393, 140
Trd, 4318190.693, 140
Trd, 4318190.793, 138
Trd, 4318191.193, 139
Trd, 4318192.593, 134
Trd, 4318192.993, 106
Trd, 4318195.143, 140
Trd, 4318195.543, 140
Trd, 4318196.043, 139
Trd, 4318196.193, 134
Trd, 4318196.543, 134
Trd, 4318197.943, 124
Trd, 4318199.293, 137
Trd, 4318199.593, 136
Trd, 4318199.643, 134
Trd, 4318200.693, 140
Trd, 4318201.043, 140
Trd, 4318201.243, 134
Trd, 4318201.443, 133
Trd, 4318201.593, 130
Trd, 4318203.893, 139
Trd, 4318203.993, 135
Trd, 4318204.643, 106
Trd, 4318204.693, 105
Trd, 4318206.143, 140
Trd, 4318207.093, 140
Trd, 4318207.293, 139
Trd, 4318208.643, 82
Trd, 4318210.193, 140
Trd, 4318210.443, 139
Trd, 4318211.143, 108
Trd, 4318211.443, 75
Trd, 4318212.793, 140
Trd, 4318212.893, 139
Trd, 4318213.343, 139
Trd, 4318213.593, 138
Trd, 4318214.743, 140
Trd, 4318216.443, 123
Trd, 4318217.543, 137
Trd, 4318217.743, 136
Trd, 4318219.693, 140
Trd, 4318219.843, 140
Trd, 4318220.593, 140
Trd, 4318220.993, 71
Trd, 4318221.743, 118
Trd, 4318221.943, 114
Trd, 4318222.143, 97
Trd, 4318222.193, 95
Trd, 4318224.393, 118
Trd, 4318224.943, 117
Trd, 4318224.993, 110
Trd, 4318226.043, 139
Trd, 4318226.143, 95
Trd, 4318226.243, 140
Trd, 4318227.943, 139
Trd, 4318228.643, 102
Trd, 4318228.843, 96
Trd, 4318229.193, 140
Trd, 4318229.393, 80
Trd, 4318230.443, 116
Trd, 4318230.943, 139
Trd, 4318232.893, 121
Trd, 4318233.443, 139
Trd, 4318233.843, 139
Trd, 4318234.193, 120
Trd, 4318234.943, 121
Trd, 4318235.943, 140
Trd, 4318236.543, 118
Trd, 4318237.393, 140
Trd, 4318237.943, 140
Trd, 4318239.093, 77
Trd, 4318239.793, 103
Trd, 4318240.143, 102
Trd, 4318241.143, 123
Trd, 4318241.393, 140
Trd, 4318241.543, 140
Trd, 4318241.793, 111
Trd, 4318242.893, 128
Trd, 4318244.443, 140
Trd, 4318244.943, 140
Trd, 4318244.993, 140
Trd, 4318245.143, 127
Trd, 4318245.843, 111
Trd, 4318246.443, 99
Trd, 4318247.143, 64
Trd, 4318249.043, 140
Trd, 4318249.343, 140
Trd, 4318249.993, 140
Trd, 4318251.693, 140
Trd, 4318251.943, 139
Trd, 4318252.243, 134
Trd, 4318252.443, 139
Trd, 4318253.243, 140
Trd, 4318253.693, 112
Trd, 4318253.843, 76
Trd, 4318255.043, 84
Trd, 4318255.293, 82
Trd, 4318256.443, 62
Trd, 4318257.643, 62
Trd, 4318257.793, 62
Trd, 4318258.043, 74
Trd, 4318259.043, 86
Trd, 4318259.193, 85
Trd, 4318260.943, 140
Trd, 4318261.693, 138
Trd, 4318261.793, 127
Trd, 4318263.043, 60
Trd, 4318263.443, 60
Trd, 4318263.543, 69
Trd, 4318264.743, 106
Trd, 4318264.793, 105
Trd, 4318266.893, 140
Trd, 4318266.993, 139
Trd, 4318267.843, 106
Trd, 4318268.543, 77
Trd, 4318268.593, 75
Trd, 4318268.993, 140
Trd, 4318271.693, 140
Trd, 4318272.143, 140
Trd, 4318272.443, 140
Trd, 4318273.693, 140
Trd, 4318273.893, 140
Trd, 4318274.743, 131
Trd, 4318275.343, 126
Trd, 4318276.743, 140
Trd, 4318278.243, 140
Trd, 4318278.343, 139
Trd, 4318278.543, 106
Trd, 4318278.793, 124
Trd, 4318279.643, 95
Trd, 4318280.193, 136
Trd, 4318281.143, 71
Trd, 4318281.943, 139
Trd, 4318283.093, 140
Trd, 4318284.043, 140
Trd, 4318284.343, 139
Trd, 4318284.543, 139
Trd, 4318284.593, 133
Trd, 4318286.243, 140
Trd, 4318286.293, 140
Trd, 4318287.643, 139
Trd, 4318288.193, 127
Trd, 4318289.043, 119
Trd, 4318289.143, 118
Trd, 4318289.693, 126
Trd, 4318290.993, 140
Trd, 4318291.993, 140
Trd, 4318292.243, 139
Trd, 4318292.293, 139
Trd, 4318293.443, 134
Trd, 4318294.043, 121
Trd, 4318294.393, 138
Trd, 4318295.843, 139
Trd, 4318296.493, 125
Trd, 4318297.643, 113
Trd, 4318298.143, 113
Trd, 4318298.543, 93
Trd, 4318299.543, 124
Trd, 4318300.293, 124
Trd, 4318300.843, 139
Trd, 4318300.943, 132
Trd, 4318301.243, 106
Trd, 4318303.393, 139
Trd, 4318304.343, 126
Trd, 4318304.443, 116
Trd, 4318304.493, 79
Trd, 4318305.443, 140
Trd, 4318305.593, 139
Trd, 4318305.793, 92
Trd, 4318306.893, 60
Trd, 4318308.393, 139
Trd, 4318308.693, 60
Trd, 4318309.193, 62
Trd, 4318310.643, 63
Trd, 4318311.593, 62
Trd, 4318311.693, 63
Trd, 4318311.743, 64
Trd, 4318312.643, 62
Trd, 4318313.093, 64
Trd, 4318313.793, 60
Trd, 4318314.493, 135
Trd, 4318315.493, 140
Trd, 4318316.493, 140
Trd, 4318316.993, 140
Trd, 4318318.993, 140
Trd, 4318319.193, 140
Trd, 4318319.243, 90
Trd, 4318320.293, 139
Trd, 4318320.443, 114
Trd, 4318321.943, 139
Trd, 4318322.393, 114
Trd, 4318322.693, 94
Trd, 4318324.193, 60
Trd, 4318324.593, 60
Trd, 4318324.643, 60
Trd, 4318325.443, 99
Trd, 4318326.343, 111
Trd, 4318327.393, 140
Trd, 4318327.493, 139
Trd, 4318328.443, 140
Trd, 4318328.993, 140
Trd, 4318329.943, 140
Trd, 4318331.793, 138
Trd, 4318331.893, 124
Trd, 4318331.943, 119
Trd, 4318332.793, 114
Trd, 4318333.043, 79
Trd, 4318333.243, 72
Trd, 4318334.043, 137
Trd, 4318334.343, 126
Trd, 4318334.643, 107
Trd, 4318335.243, 106
Trd, 4318336.843, 60
Trd, 4318337.643, 60
Trd, 4318337.693, 60
Trd, 4318337.943, 62
Trd, 4318338.293, 140
Trd, 4318339.593, 60
Trd, 4318339.943, 67
Trd, 4318341.343, 100
Trd, 4318341.443, 99
Trd, 4318342.443, 138
Trd, 4318343.243, 138
Trd, 4318343.393, 60
Trd, 4318344.643, 138
Trd, 4318345.243, 138
Trd, 4318345.993, 138
Trd, 4318346.593, 140
Trd, 4318346.993, 138
Trd, 4318347.043, 122
Trd, 4318347.593, 138
Trd, 4318348.443, 137
Trd, 4318349.143, 140
Trd, 4318349.293, 80
Trd, 4318349.543, 61
Trd, 4318350.993, 140
Trd, 4318352.943, 139
Trd, 4318353.343, 139
Trd, 4318353.843, 139
Trd, 4318355.593, 140
Trd, 4318355.793, 140
Trd, 4318356.143, 140
Trd, 4318357.493, 140
Trd, 4318357.543, 137
Trd, 4318358.643, 137
Trd, 4318359.843, 140
Trd, 4318360.493, 136
Trd, 4318361.193, 137
Trd, 4318362.643, 139
Trd, 4318362.843, 108
Trd, 4318363.143, 101
Trd, 4318363.743, 61
Trd, 4318364.693, 62
Trd, 4318365.443, 107
Trd, 4318366.443, 93
Trd, 4318367.093, 140
Trd, 4318367.943, 97
Trd, 4318368.293, 93
Trd, 4318368.493, 127
Trd, 4318370.643, 140
Trd, 4318371.143, 140
Trd, 4318372.043, 139
Trd, 4318372.843, 140
Trd, 4318374.043, 111
Trd, 4318374.193, 140
Trd, 4318375.843, 136
Trd, 4318375.893, 135
Trd, 4318376.293, 84
Trd, 4318377.093, 121
Trd, 4318378.143, 70
Trd, 4318378.743, 65
Trd, 4318379.043, 140
Trd, 4318379.443, 140
Trd, 4318379.493, 66
Trd, 4318380.193, 119
Trd, 4318380.243, 83
Trd, 4318382.043, 140
Trd, 4318382.693, 140
Trd, 4318382.843, 140
Trd, 4318383.643, 127
Trd, 4318383.943, 134
Trd, 4318384.293, 81
Trd, 4318384.493, 91
Trd, 4318385.843, 70
Trd, 4318386.893, 140
Trd, 4318387.143, 90
Trd, 4318388.343, 140
Trd, 4318388.843, 63
Trd, 4318389.093, 78
Trd, 4318390.043, 61
Trd, 4318391.993, 60
Trd, 4318392.543, 62
Trd, 4318393.343, 62
Trd, 4318393.393, 62
Trd, 4318393.543, 87
Trd, 4318393.843, 78
Trd, 4318394.343, 89
Trd, 4318394.593, 88
Trd, 4318395.543, 86
Trd, 4318395.793, 88
Trd, 4318396.043, 85
Trd, 4318396.443, 84
Trd, 4318397.543, 61
Trd, 4318398.443, 110
Trd, 4318399.893, 123
Trd, 4318400.293, 139
Trd, 4318401.443, 131
Trd, 4318402.193, 106
Trd, 4318402.493, 104
Trd, 4318403.293, 135
Trd, 4318403.343, 134
Trd, 4318404.143, 134
Trd, 4318404.343, 97
Trd, 4318406.143, 140
Trd, 4318406.193, 135
Trd, 4318406.593, 110
Trd, 4318407.393, 113
Trd, 4318408.443, 139
Trd, 4318408.993, 105
Trd, 4318409.743, 106
Trd, 4318410.343, 96
Trd, 4318410.393, 91
Trd, 4318411.143, 72
Trd, 4318411.893, 139
Trd, 4318413.643, 135
Trd, 4318413.943, 98
Trd, 4318414.443, 97
Trd, 4318415.143, 140
Trd, 4318415.843, 120
Trd, 4318417.143, 130
Trd, 4318417.893, 139
Trd, 4318418.343, 115
Trd, 4318418.943, 119
Trd, 4318419.193, 114
Trd, 4318421.543, 138
Trd, 4318421.793, 110
Trd, 4318422.593, 140
Trd, 4318422.943, 80
Trd, 4318423.743, 133
Trd, 4318425.093, 117
Trd, 4318425.243, 93
Trd, 4318425.843, 123
Trd, 4318426.343, 92
Trd, 4318427.093, 140
Trd, 4318428.193, 140
Trd, 4318428.443, 140
Trd, 4318429.693, 140
Trd, 4318430.593, 125
Trd, 4318430.893, 134
Trd, 4318431.093, 128
Trd, 4318432.443, 110
Trd, 4318433.143, 140
Trd, 4318433.543, 131
Trd, 4318433.693, 130
Trd, 4318433.743, 89
Trd, 4318435.143, 139
Trd, 4318435.893, 140
Trd, 4318437.293, 60
Trd, 4318437.493, 62
Trd, 4318438.093, 68
Trd, 4318438.343, 60
Trd, 4318439.243, 140
Trd, 4318439.343, 140
Trd, 4318440.793, 140
Trd, 4318441.193, 140
Trd, 4318441.893, 140
Trd, 4318443.593, 134
Trd, 4318444.893, 140
Trd, 4318445.193, 120
Trd, 4318446.543, 140
Trd, 4318447.143, 140
Trd, 4318447.243, 110
Trd, 4318447.393, 105
Trd, 4318447.493, 104
Trd, 4318447.943, 130
Trd, 4318449.043, 133
Trd, 4318450.143, 126
Trd, 4318451.143, 113
Trd, 4318451.543, 113
Trd, 4318452.443, 140
Trd, 4318452.843, 140
Trd, 4318453.143, 140
Trd, 4318453.743, 85
Trd, 4318453.943, 61
Trd, 4318457.143, 140
Trd, 4318457.493, 140
Trd, 4318458.443, 131
Trd, 4318458.843, 130
Trd, 4318459.593, 140
Trd, 4318459.743, 111
Trd, 4318459.893, 96
Trd, 4318461.943, 139
Trd, 4318461.993, 139
Trd, 4318463.043, 139
Trd, 4318463.893, 139
Trd, 4318465.193, 140
Trd, 4318466.493, 140
Trd, 4318466.943, 140
Trd, 4318468.343, 139
Trd, 4318468.843, 139
Trd, 4318468.993, 122
Trd, 4318469.343, 109
Trd, 4318469.393, 83
Trd, 4318470.843, 140
Trd, 4318471.043, 140
Trd, 4318471.093, 139
Trd, 4318474.243, 140
Trd, 4318474.543, 140
Trd, 4318475.393, 140
Trd, 4318475.843, 140
Trd, 4318475.893, 140
Trd, 4318475.993, 119
Trd, 4318476.393, 104
Trd, 4318476.743, 94
Trd, 4318477.893, 138
Trd, 4318479.093, 94
Trd, 4318479.693, 139
Trd, 4318479.943, 138
Trd, 4318480.143, 105
Trd, 4318480.293, 95
Trd, 4318480.443, 96
Trd, 4318482.543, 140
Trd, 4318483.143, 136
Trd, 4318483.393, 136
Trd, 4318483.993, 136
Trd, 4318484.493, 140
Trd, 4318484.843, 140
Trd, 4318486.443, 138
Trd, 4318488.193, 127
Trd, 4318488.343, 125
Trd, 4318488.493, 86
Trd, 4318489.143, 137
Trd, 4318489.843, 60
Trd, 4318489.943, 62
Trd, 4318492.143, 140
Trd, 4318492.293, 129
Trd, 4318492.793, 117
Trd, 4318492.993, 63
Trd, 4318493.593, 68
Trd, 4318494.493, 99
Trd, 4318494.543, 101
Trd, 4318495.043, 60
Trd, 4318496.393, 71
Trd, 4318496.593, 60
Trd, 4318496.943, 65
Trd, 4318498.343, 78
Trd, 4318498.693, 61
Trd, 4318499.043, 117
Trd, 4318500.343, 61
Trd, 4318500.743, 61
Trd, 4318501.043, 64
Trd, 4318502.193, 140
Trd, 4318503.243, 118
Trd, 4318503.543, 107
Trd, 4318504.093, 127
Trd, 4318505.343, 119
Trd, 4318505.643, 139
Trd, 4318506.093, 134
Trd, 4318506.193, 115
Trd, 4318506.743, 116
Trd, 4318507.043, 136
Trd, 4318509.093, 120
Trd, 4318509.143, 118
Trd, 4318509.343, 61
Trd, 4318509.493, 66
Trd, 4318510.443, 60
Trd, 4318510.693, 67
Trd, 4318511.843, 74
Trd, 4318512.543, 65
Trd, 4318513.043, 109
Trd, 4318513.293, 64
Trd, 4318515.093, 60
Trd, 4318515.243, 60
Trd, 4318515.893, 62
Trd, 4318517.243, 61
Trd, 4318517.343, 102
Trd, 4318518.393, 61
Trd, 4318518.493, 60
Trd, 4318518.743, 62
Trd, 4318519.043, 64
Trd, 4318520.193, 62
Trd, 4318520.643, 60
Trd, 4318520.743, 66
Trd, 4318521.543, 63
Trd, 4318522.193, 62
Trd, 4318522.343, 61
Trd, 4318522.843, 121
Trd, 4318523.643, 120
Trd, 4318524.443, 95
Trd, 4318525.143, 65
Trd, 4318526.593, 139
Trd, 4318526.643, 138
Trd, 4318527.293, 62
Trd, 4318528.143, 60
Trd, 4318529.243, 61
Trd, 4318530.243, 60
Trd, 4318530.543, 62
Trd, 4318530.643, 63
Trd, 4318532.043, 60
Trd, 4318532.093, 68
Trd, 4318533.243, 63
Trd, 4318533.543, 61
Trd, 4318533.693, 91
Trd, 4318535.343, 63
Trd, 4318535.693, 133
Trd, 4318535.893, 62
Trd, 4318536.193, 80
Trd, 4318536.243, 61
Trd, 4318537.693, 140
Trd, 4318538.143, 140
Trd, 4318538.343, 133
Trd, 4318539.093, 64
Trd, 4318540.543, 113
Trd, 4318541.993, 138
Trd, 4318542.243, 137
Trd, 4318542.293, 139
Trd, 4318542.843, 138
Trd, 4318543.143, 114
Trd, 4318543.793, 139
Trd, 4318544.143, 107
Trd, 4318544.293, 82
Trd, 4318544.843, 98
Trd, 4318546.093, 82
Trd, 4318546.293, 74
Trd, 4318547.043, 61
Trd, 4318547.593, 121
Trd, 4318548.143, 64
Trd, 4318549.143, 125
Trd, 4318551.593, 140
Trd, 4318552.043, 140
Trd, 4318552.193, 140
Trd, 4318552.393, 140
Trd, 4318553.043, 140
Trd, 4318553.093, 133
Trd, 4318553.493, 103
Trd, 4318553.793, 102
Trd, 4318553.993, 112
Trd, 4318555.643, 140
Trd, 4318556.043, 140
Trd, 4318556.943, 140
Trd, 4318557.343, 140
Trd, 4318559.343, 118
Trd, 4318559.793, 117
Trd, 4318559.843, 112
Trd, 4318560.343, 67
Trd, 4318560.493, 63
Trd, 4318561.793, 134
Trd, 4318563.343, 139
Trd, 4318563.993, 63
Trd, 4318564.493, 62
Trd, 4318565.143, 69
Trd, 4318566.243, 60
Trd, 4318567.293, 66
Trd, 4318567.393, 66
Trd, 4318567.443, 71
Trd, 4318568.293, 76
Trd, 4318569.493, 61
Trd, 4318569.943, 61
Trd, 4318570.593, 60
Trd, 4318571.393, 65
Trd, 4318572.443, 131
Trd, 4318572.543, 139
Trd, 4318572.693, 130
Trd, 4318572.943, 117
Trd, 4318573.293, 71
Trd, 4318574.443, 140
Trd, 4318574.743, 110
Trd, 4318575.293, 139
Trd, 4318576.993, 140
Trd, 4318577.043, 140
Trd, 4318577.693, 118
Trd, 4318577.843, 117
Trd, 4318578.643, 84
Trd, 4318579.393, 134
Trd, 4318579.943, 121
Trd, 4318581.393, 140
Trd, 4318581.993, 140
Trd, 4318582.993, 140
Trd, 4318583.193, 140
Trd, 4318583.943, 139
Trd, 4318584.543, 139
Trd, 4318585.743, 135
Trd, 4318585.893, 132
Trd, 4318586.993, 115
Trd, 4318587.693, 139
Trd, 4318588.943, 139
Trd, 4318589.093, 137
Trd, 4318590.393, 106
Trd, 4318590.843, 138
Trd, 4318591.293, 126
Trd, 4318591.493, 125
Trd, 4318591.693, 125
Trd, 4318593.043, 89
Trd, 4318593.643, 64
Trd, 4318595.443, 136
Trd, 4318595.493, 73
Trd, 4318596.843, 93
Trd, 4318597.593, 66
Trd, 4318597.843, 60
Trd, 4318597.993, 61
Trd, 4318599.043, 60
Trd, 4318600.143, 92
Trd, 4318600.393, 62
Trd, 4318602.143, 61
Trd, 4318602.993, 60
Trd, 4318603.143, 60
Trd, 4318603.393, 60
Trd, 4318603.693, 73
Trd, 4318604.343, 64
Trd, 4318605.143, 86
Trd, 4318605.793, 106
Trd, 4318605.993, 80
Trd, 4318606.993, 139
Trd, 4318607.043, 138
Trd, 4318607.443, 111
Trd, 4318608.043, 102
Trd, 4318608.993, 139
Trd, 4318609.043, 126
Trd, 4318610.743, 63
Trd, 4318610.943, 140
Trd, 4318611.843, 61
Trd, 4318611.993, 62
Trd, 4318612.243, 62
Trd, 4318613.643, 66
Trd, 4318614.143, 63
Trd, 4318614.643, 67
Trd, 4318614.743, 64
Trd, 4318615.743, 138
Trd, 4318615.943, 129
Trd, 4318616.243, 62
Trd, 4318616.893, 126
Trd, 4318617.943, 132
Trd, 4318619.143, 140
Trd, 4318619.243, 140
Trd, 4318620.893, 76
Trd, 4318621.293, 68
Trd, 4318622.643, 118
Trd, 4318622.943, 82
Trd, 4318623.493, 138
Trd, 4318624.093, 139
Trd, 4318625.193, 140
Trd, 4318625.243, 138
Trd, 4318626.193, 140
Trd, 4318626.793, 137
Trd, 4318627.443, 107
Trd, 4318628.143, 126
Trd, 4318628.343, 120
Trd, 4318629.643, 60
Trd, 4318630.393, 63
Trd, 4318631.843, 60
Trd, 4318632.143, 62
Trd, 4318632.343, 63
Trd, 4318632.443, 66
Trd, 4318633.693, 61
Trd, 4318634.243, 63
Trd, 4318634.893, 60
Trd, 4318635.343, 63
Trd, 4318635.443, 60
Trd, 4318637.243, 62
Trd, 4318637.343, 64
Trd, 4318637.593, 60
Trd, 4318637.743, 62
Trd, 4318639.243, 60
Trd, 4318639.393, 63
Trd, 4318640.743, 66
Trd, 4318641.293, 62
Trd, 4318641.693, 105
Trd, 4318643.393, 60
Trd, 4318644.343, 62
Trd, 4318645.343, 60
Trd, 4318646.293, 131
Trd, 4318647.743, 140
Trd, 4318647.893, 140
Trd, 4318648.093, 139
Trd, 4318648.243, 97
Trd, 4318648.643, 69
Trd, 4318648.993, 66
Trd, 4318649.893, 123
Trd, 4318650.043, 121
Trd, 4318650.843, 140
Trd, 4318652.893, 140
Trd, 4318653.193, 138
Trd, 4318653.893, 131
Trd, 4318654.443, 105
Trd, 4318655.793, 136
Trd, 4318655.843, 135
Trd, 4318658.243, 138
Trd, 4318659.293, 140
Trd, 4318659.443, 137
Trd, 4318660.543, 140
Trd, 4318660.693, 110
Trd, 4318661.193, 110
Trd, 4318661.343, 109
Trd, 4318663.393, 140
Trd, 4318664.343, 140
Trd, 4318664.543, 122
Trd, 4318665.193, 62
Trd, 4318666.343, 60
Trd, 4318666.743, 60
Trd, 4318666.943, 63
Trd, 4318668.193, 62
Trd, 4318668.693, 65
Trd, 4318669.143, 60
Trd, 4318669.343, 61
Trd, 4318669.443, 140
Trd, 4318671.243, 63
Trd, 4318671.493, 65
Trd, 4318671.793, 124
Trd, 4318672.793, 78
Trd, 4318673.343, 66
Trd, 4318673.793, 118
Trd, 4318675.193, 60
Trd, 4318676.143, 138
Trd, 4318676.343, 108
Trd, 4318677.043, 62
Trd, 4318677.493, 117
Trd, 4318678.693, 61
Trd, 4318679.743, 140
Trd, 4318679.943, 70
Trd, 4318680.293, 64
Trd, 4318680.693, 60
Trd, 4318682.143, 82
Trd, 4318682.543, 113
Trd, 4318684.593, 140
Trd, 4318684.643, 140
Trd, 4318685.143, 125
Trd, 4318686.493, 140
Trd, 4318687.293, 140
Trd, 4318687.593, 113
Trd, 4318687.793, 65
Trd, 4318689.293, 62
Trd, 4318689.393, 65
Trd, 4318689.643, 66
Trd, 4318690.443, 65
Trd, 4318690.943, 71
Trd, 4318691.393, 123
Trd, 4318693.093, 140
Trd, 4318693.293, 140
Trd, 4318693.593, 139
Trd, 4318693.843, 139
Trd, 4318694.843, 121
Trd, 4318695.043, 120
Trd, 4318695.943, 124
Trd, 4318696.643, 92
Trd, 4318696.993, 91
Trd, 4318698.693, 107
Trd, 4318698.943, 106
Trd, 4318699.943, 140
Trd, 4318700.143, 140
Trd, 4318701.343, 112
Trd, 4318701.643, 75
Trd, 4318702.243, 140
Trd, 4318704.293, 139
Trd, 4318704.443, 127
Trd, 4318704.943, 132
Trd, 4318705.243, 93
Trd, 4318705.843, 130
Trd, 4318708.143, 140
Trd, 4318708.443, 140
Trd, 4318708.543, 138
Trd, 4318709.093, 140
Trd, 4318709.293, 139
Trd, 4318709.943, 94
Trd, 4318711.593, 134
Trd, 4318711.693, 125
Trd, 4318712.143, 133
Trd, 4318713.793, 134
Trd, 4318714.743, 139
Trd, 4318715.093, 139
Trd, 4318715.743, 140
Trd, 4318716.343, 114
Trd, 4318716.843, 113
Trd, 4318717.043, 110
Trd, 4318719.043, 140
Trd, 4318719.393, 132
Trd, 4318720.243, 140
Trd, 4318721.943, 140
Trd, 4318722.493, 140
Trd, 4318722.793, 140
Trd, 4318722.843, 139
Trd, 4318725.043, 134
Trd, 4318725.743, 137
Trd, 4318725.993, 123
Trd, 4318726.593, 139
Trd, 4318726.893, 139
Trd, 4318727.043, 79
Trd, 4318727.443, 64
Trd, 4318727.793, 64
Trd, 4318728.393, 103
Trd, 4318728.593, 61
Trd, 4318729.743, 132
Trd, 4318730.543, 140
Trd, 4318730.793, 140
Trd, 4318731.843, 140
Trd, 4318732.043, 73
Trd, 4318732.843, 112
Trd, 4318733.493, 125
Trd, 4318734.593, 60
Trd, 4318735.093, 65
Trd, 4318735.793, 60
Trd, 4318736.543, 62
Trd, 4318736.643, 68
Trd, 4318739.043, 62
Trd, 4318739.093, 63
Trd, 4318740.143, 66
Trd, 4318740.943, 60
Trd, 4318741.493, 60
Trd, 4318742.093, 62
Trd, 4318743.093, 60
Trd, 4318743.793, 60
Trd, 4318744.393, 61
Trd, 4318744.593, 62
Trd, 4318745.893, 70
Trd, 4318746.043, 72
Trd, 4318746.393, 62
Trd, 4318746.493, 135
Trd, 4318747.393, 60
Trd, 4318747.943, 134
Trd, 4318749.443, 140
Trd, 4318749.793, 140
Trd, 4318750.193, 140
Trd, 4318750.593, 140
Trd, 4318751.943, 140
Trd, 4318753.043, 125
Trd, 4318754.693, 140
Trd, 4318754.743, 139
Trd, 4318754.793, 128
Trd, 4318754.843, 108
Trd, 4318756.043, 80
Trd, 4318758.243, 140
Trd, 4318758.343, 140
Trd, 4318758.693, 138
Trd, 4318759.443, 98
Trd, 4318759.593, 95
Trd, 4318761.243, 122
Trd, 4318761.843, 140
Trd, 4318762.543, 100
Trd, 4318764.043, 137
Trd, 4318764.493, 139
Trd, 4318764.843, 138
Trd, 4318764.943, 137
Trd, 4318765.793, 82
Trd, 4318766.393, 68
Trd, 4318766.893, 140
Trd, 4318767.143, 62
Trd, 4318767.843, 60
Trd, 4318768.993, 61
Trd, 4318769.643, 60
Trd, 4318771.293, 62
Trd, 4318771.493, 64
Trd, 4318771.643, 63
Trd, 4318771.743, 67
Trd, 4318772.543, 114
Trd, 4318773.543, 140
Trd, 4318774.543, 140
Trd, 4318774.843, 140
Trd, 4318775.743, 115
Trd, 4318776.843, 96
Trd, 4318777.893, 140
Trd, 4318778.543, 139
Trd, 4318778.943, 120
Trd, 4318779.543, 140
Trd, 4318779.843, 120
Trd, 4318780.943, 119
Trd, 4318782.143, 140
Trd, 4318782.543, 87
Trd, 4318783.193, 104
Trd, 4318784.793, 114
Trd, 4318785.193, 114
Trd, 4318785.293, 103
Trd, 4318786.643, 111
Trd, 4318786.943, 91
Trd, 4318787.643, 140
Trd, 4318788.393, 98
Trd, 4318788.843, 65
Trd, 4318789.843, 134
Trd, 4318790.993, 137
Trd, 4318791.293, 130
Trd, 4318791.393, 123
Trd, 4318792.393, 140
Trd, 4318793.093, 138
Trd, 4318793.493, 97
Trd, 4318793.593, 96
Trd, 4318795.093, 64
Trd, 4318795.193, 68
Trd, 4318795.743, 63
Trd, 4318796.593, 137
Trd, 4318797.543, 60
Trd, 4318797.893, 96
Trd, 4318799.143, 61
Trd, 4318799.193, 62
Trd, 4318799.543, 60
Trd, 4318802.243, 60
Trd, 4318802.443, 61
Trd, 4318802.643, 67
Trd, 4318803.393, 67
Trd, 4318803.693, 62
Trd, 4318803.943, 81
Trd, 4318805.143, 140
Trd, 4318805.193, 140
Trd, 4318805.543, 140
Trd, 4318805.643, 140
Trd, 4318806.243, 137
Trd, 4318807.143, 137
Trd, 4318808.943, 140
Trd, 4318809.643, 140
Trd, 4318809.743, 140
Trd, 4318810.043, 137
Trd, 4318810.893, 99
Trd, 4318811.443, 89
Trd, 4318811.643, 110
Trd, 4318812.343, 61
Trd, 4318812.593, 115
Trd, 4318814.393, 63
Trd, 4318815.043, 60
Trd, 4318816.193, 60
Trd, 4318816.243, 65
Trd, 4318816.343, 71
Trd, 4318817.593, 60
Trd, 4318818.593, 61
Trd, 4318818.643, 63
Trd, 4318820.493, 61
Trd, 4318821.143, 63
Trd, 4318821.843, 60
Trd, 4318821.893, 60
Trd, 4318822.443, 63
Trd, 4318822.643, 64
Trd, 4318823.243, 62
Trd, 4318823.593, 62
Trd, 4318824.243, 86
Trd, 4318824.543, 81
Trd, 4318824.943, 100
Trd, 4318825.693, 121
Trd, 4318827.443, 134
Trd, 4318828.343, 139
Trd, 4318829.193, 140
Trd, 4318829.343, 139
Trd, 4318829.693, 122
Trd, 4318829.793, 104
Trd, 4318830.193, 111
Trd, 4318830.293, 91
Trd, 4318831.943, 140
Trd, 4318832.393, 140
Trd, 4318832.443, 140
Trd, 4318833.243, 140
Trd, 4318833.343, 124
Trd, 4318835.093, 140
Trd, 4318835.243, 88
Trd, 4318836.593, 97
Trd, 4318836.643, 96
Trd, 4318837.943, 120
Trd, 4318838.093, 74
Trd, 4318838.543, 60
Trd, 4318838.893, 61
Trd, 4318839.543, 99
Trd, 4318839.743, 98
Trd, 4318841.693, 140
Trd, 4318842.443, 140
Trd, 4318842.693, 136
Trd, 4318843.593, 140
Trd, 4318844.743, 140
Trd, 4318844.943, 140
Trd, 4318846.443, 140
Trd, 4318847.093, 140
Trd, 4318848.743, 140
Trd, 4318848.893, 112
Trd, 4318849.593, 89
Trd, 4318849.993, 92
Trd, 4318850.693, 139
Trd, 4318850.843, 133
Trd, 4318851.293, 130
Trd, 4318852.243, 140
Trd, 4318852.643, 140
Trd, 4318853.393, 140
Trd, 4318853.693, 139
Trd, 4318854.493, 138
Trd, 4318854.643, 103
Trd, 4318855.193, 140
Trd, 4318855.393, 140
Trd, 4318856.293, 101
Trd, 4318857.043, 124
Trd, 4318857.793, 84
Trd, 4318858.293, 138
Trd, 4318859.043, 119
Trd, 4318859.443, 64
Trd, 4318860.543, 60
Trd, 4318861.593, 61
Trd, 4318861.993, 62
Trd, 4318862.193, 64
Trd, 4318862.793, 63
Trd, 4318862.993, 61
Trd, 4318863.893, 119
Trd, 4318864.593, 60
Trd, 4318865.043, 60
Trd, 4318865.693, 60
Trd, 4318865.793, 62
Trd, 4318867.743, 138
Trd, 4318867.993, 138
Trd, 4318868.093, 94
Trd, 4318868.243, 73
Trd, 4318870.293, 140
Trd, 4318870.543, 138
Trd, 4318872.043, 134
Trd, 4318872.093, 127
Trd, 4318872.543, 89
Trd, 4318872.643, 85
Trd, 4318875.443, 140
Trd, 4318876.743, 140
Trd, 4318876.843, 140
Trd, 4318877.143, 140
Trd, 4318877.443, 140
Trd, 4318879.043, 140
Trd, 4318881.643, 121
Trd, 4318881.793, 131
Trd, 4318882.143, 123
Trd, 4318882.493, 138
Trd, 4318882.793, 103
Trd, 4318883.243, 101
Trd, 4318885.493, 118
Trd, 4318885.593, 113
Trd, 4318886.193, 106
Trd, 4318887.193, 140
Trd, 4318887.543, 140
Trd, 4318888.893, 140
Trd, 4318889.293, 140
Trd, 4318889.693, 140
Trd, 4318889.943, 129
Trd, 4318890.543, 107
Trd, 4318891.243, 135
Trd, 4318891.693, 83
Trd, 4318891.843, 62
Trd, 4318892.293, 139
Trd, 4318893.243, 89
Trd, 4318893.643, 86
Trd, 4318894.693, 61
Trd, 4318894.843, 64
Trd, 4318895.943, 62
Trd, 4318896.093, 62
Trd, 4318897.343, 130
Trd, 4318897.893, 70
Trd, 4318898.243, 60
Trd, 4318899.493, 64
Trd, 4318900.143, 62
Trd, 4318900.443, 60
Trd, 4318900.993, 66
Trd, 4318902.143, 140
Trd, 4318902.493, 140
Trd, 4318903.093, 140
Trd, 4318904.043, 61
Trd, 4318904.793, 61
Trd, 4318904.843, 75
Trd, 4318905.243, 113
Trd, 4318907.443, 108
Trd, 4318908.243, 140
Trd, 4318908.993, 133
Trd, 4318909.243, 123
Trd, 4318909.393, 121
Trd, 4318909.443, 119
Trd, 4318911.393, 140
Trd, 4318911.643, 140
Trd, 4318912.093, 139
Trd, 4318912.343, 124
Trd, 4318912.393, 89
Trd, 4318915.793, 140
Trd, 4318916.293, 140
Trd, 4318917.043, 140
Trd, 4318917.743, 139
Trd, 4318918.543, 138
Trd, 4318919.093, 136
Trd, 4318920.293, 140
Trd, 4318920.793, 139
Trd, 4318921.343, 132
Trd, 4318922.593, 103
Trd, 4318923.043, 103
Trd, 4318923.293, 102
Trd, 4318923.493, 116
Trd, 4318924.943, 139
Trd, 4318925.343, 120
Trd, 4318925.543, 108
Trd, 4318926.043, 72
Trd, 4318926.393, 73
Trd, 4318927.893, 124
Trd, 4318928.793, 112
Trd, 4318929.243, 132
Trd, 4318929.693, 104
Trd, 4318930.043, 104
Trd, 4318931.443, 137
Trd, 4318932.243, 62
Trd, 4318933.643, 140
Trd, 4318933.693, 140
Trd, 4318934.443, 140
Trd, 4318935.293, 126
Trd, 4318935.543, 140
Trd, 4318936.693, 99
Trd, 4318937.043, 140
Trd, 4318938.493, 140
Trd, 4318938.743, 140
Trd, 4318939.043, 132
Trd, 4318939.693, 131
Trd, 4318940.393, 101
Trd, 4318940.593, 85
Trd, 4318941.493, 140
Trd, 4318942.293, 71
Trd, 4318943.093, 69
Trd, 4318943.543, 124
Trd, 4318943.593, 92
Trd, 4318943.643, 137
Trd, 4318944.343, 140
Trd, 4318945.493, 67
Trd, 4318946.143, 140
Trd, 4318947.043, 105
Trd, 4318947.193, 82
Trd, 4318947.693, 101
Trd, 4318949.043, 80
Trd, 4318950.293, 63
Trd, 4318950.893, 62
Trd, 4318951.043, 63
Trd, 4318951.093, 71
Trd, 4318951.893, 60
Trd, 4318952.243, 61
Trd, 4318953.393, 62
Trd, 4318954.393, 65
Trd, 4318954.693, 66
Trd, 4318955.043, 62
Trd, 4318955.643, 87
Trd, 4318956.643, 123
Trd, 4318956.793, 97
Trd, 4318957.593, 132
Trd, 4318958.193, 108
Trd, 4318959.043, 115
Trd, 4318959.293, 140
Trd, 4318960.243, 108
Trd, 4318960.293, 79
Trd, 4318960.843, 67
Trd, 4318960.943, 69
Trd, 4318962.443, 140
Trd, 4318963.243, 140
Trd, 4318964.143, 140
Trd, 4318964.793, 140
Trd, 4318965.393, 140
Trd, 4318966.243, 140
Trd, 4318966.893, 140
Trd, 4318968.443, 140
Trd, 4318968.543, 133
Trd, 4318969.293, 140
Trd, 4318970.243, 140
Trd, 4318970.943, 138
Trd, 4318971.243, 82
Trd, 4318972.393, 137
Trd, 4318972.543, 111
Trd, 4318973.293, 60
Trd, 4318973.693, 60
Trd, 4318973.843, 60
Trd, 4318975.593, 60
Trd, 4318975.693, 60
Trd, 4318975.943, 60
Trd, 4318976.343, 60
Trd, 4318976.693, 61
Trd, 4318977.943, 128
Trd, 4318978.393, 87
Trd, 4318978.693, 85
Trd, 4318980.043, 139
Trd, 4318980.793, 137
Trd, 4318981.243, 137
Trd, 4318981.993, 109
Trd, 4318982.293, 70
Trd, 4318982.543, 101
Trd, 4318983.993, 121
Trd, 4318984.693, 114
Trd, 4318986.243, 140
Trd, 4318986.393, 100
Trd, 4318986.743, 87
Trd, 4318987.043, 102
Trd, 4318987.193, 61
Trd, 4318988.693, 131
Trd, 4318989.343, 139
Trd, 4318989.893, 139
Trd, 4318990.693, 131
Trd, 4318990.993, 129
Trd, 4318992.393, 112
Trd, 4318992.643, 123
Trd, 4318992.843, 78
Trd, 4318994.093, 140
Trd, 4318994.843, 140
Trd, 4318995.343, 140
Trd, 4318996.043, 140
Trd, 4318997.993, 117
Trd, 4318998.993, 115
Trd, 4318999.193, 112
Trd, 4319000.243, 140
Trd, 4319000.493, 104
Trd, 4319001.143, 115
Trd, 4319001.343, 139
Trd, 4319001.743, 115
Trd, 4319002.443, 92
Trd, 4319003.743, 115
Trd, 4319004.443, 140
Trd, 4319005.193, 140
Trd, 4319006.793, 137
Trd, 4319006.893, 114
Trd, 4319007.143, 140
Trd, 4319008.293, 107
Trd, 4319008.543, 106
Trd, 4319008.693, 113
Trd, 4319009.693, 138
Trd, 4319010.693, 113
Trd, 4319011.643, 140
Trd, 4319012.343, 140
Trd, 4319012.543, 124
Trd, 4319013.293, 138
Trd, 4319013.593, 118
Trd, 4319014.493, 119
Trd, 4319014.943, 127
Trd, 4319015.393, 140
Trd, 4319016.443, 125
Trd, 4319016.793, 125
Trd, 4319018.743, 137
Trd, 4319018.843, 128
Trd, 4319019.043, 125
Trd, 4319020.293, 128
Trd, 4319020.743, 105
Trd, 4319021.843, 140
Trd, 4319022.543, 140
Trd, 4319023.993, 140
Trd, 4319024.293, 140
Trd, 4319025.493, 140
Trd, 4319025.993, 140
Trd, 4319027.643, 140
Trd, 4319027.743, 140
Trd, 4319027.943, 140
Trd, 4319029.293, 133
Trd, 4319029.743, 121
Trd, 4319030.393, 104
Trd, 4319032.043, 124
Trd, 4319032.093, 99
Trd, 4319033.193, 140
Trd, 4319034.043, 123
Trd, 4319034.293, 78
Trd, 4319034.843, 137
Trd, 4319035.243, 136
Trd, 4319035.293, 108
Trd, 4319036.593, 101
Trd, 4319037.093, 84
Trd, 4319039.243, 91
Trd, 4319039.443, 89
Trd, 4319039.493, 88
Trd, 4319040.343, 140
Trd, 4319040.493, 134
Trd, 4319041.093, 139
Trd, 4319042.543, 140
Trd, 4319043.693, 113
Trd, 4319043.993, 112
Trd, 4319044.443, 116
Trd, 4319044.543, 115
Trd, 4319044.893, 111
Trd, 4319046.243, 75
Trd, 4319046.743, 112
Trd, 4319047.093, 111
Trd, 4319047.943, 66
Trd, 4319049.693, 60
Trd, 4319049.843, 63
Trd, 4319050.493, 62
Trd, 4319051.143, 66
Trd, 4319051.643, 61
Trd, 4319051.943, 68
Trd, 4319052.143, 72
Trd, 4319053.093, 60
Trd, 4319053.393, 61
Trd, 4319053.693, 62
Trd, 4319054.243, 70
Trd, 4319055.793, 67
Trd, 4319056.193, 62
Trd, 4319056.943, 62
Trd, 4319057.393, 63
Trd, 4319057.443, 64
Trd, 4319057.643, 106
Trd, 4319058.993, 61
Trd, 4319059.743, 66
Trd, 4319060.843, 63
Trd, 4319061.243, 63
Trd, 4319062.993, 67
Trd, 4319063.793, 61
Trd, 4319063.893, 62
Trd, 4319065.843, 60
Trd, 4319066.043, 60
Trd, 4319066.993, 61
Trd, 4319067.243, 62
Trd, 4319067.443, 62
Trd, 4319067.543, 69
Trd, 4319067.793, 60
Trd, 4319068.143, 86
Trd, 4319068.943, 98
Trd, 4319070.893, 62
Trd, 4319070.943, 71
Trd, 4319071.193, 65
Trd, 4319071.743, 127
Trd, 4319073.343, 69
Trd, 4319073.693, 68
Trd, 4319074.693, 80
Trd, 4319075.293, 97
Trd, 4319075.793, 139
Trd, 4319076.443, 140
Trd, 4319076.643, 139
Trd, 4319077.993, 139
Trd, 4319078.993, 140
Trd, 4319080.093, 138
Trd, 4319080.293, 138
Trd, 4319080.343, 137
Trd, 4319081.543, 135
Trd, 4319082.643, 130
Trd, 4319083.043, 128
Trd, 4319083.643, 108
Trd, 4319083.793, 104
Trd, 4319084.893, 60
Trd, 4319085.593, 62
Trd, 4319085.993, 60
Trd, 4319087.193, 68
Trd, 4319087.493, 64
Trd, 4319087.843, 63
Trd, 4319088.793, 140
Trd, 4319088.843, 139
Trd, 4319089.043, 82
Trd, 4319089.293, 107
Trd, 4319090.193, 116
Trd, 4319093.243, 140
Trd, 4319093.893, 140
Trd, 4319094.093, 140
Trd, 4319094.293, 140
Trd, 4319096.743, 126
Trd, 4319097.043, 140
Trd, 4319097.193, 132
Trd, 4319097.393, 126
Trd, 4319097.943, 140
Trd, 4319098.143, 125
Trd, 4319099.043, 133
Trd, 4319099.643, 76
Trd, 4319101.543, 137
Trd, 4319101.643, 98
Trd, 4319101.993, 109
Trd, 4319102.593, 86
Trd, 4319103.243, 139
Trd, 4319103.593, 119
Trd, 4319103.893, 79
Trd, 4319104.443, 78
Trd, 4319104.993, 68
Trd, 4319106.143, 121
Trd, 4319106.743, 120
Trd, 4319107.243, 139
Trd, 4319108.443, 139
Trd, 4319108.943, 140
Trd, 4319109.543, 138
Trd, 4319109.643, 99
Trd, 4319111.843, 140
Trd, 4319112.593, 140
Trd, 4319113.143, 140
Trd, 4319113.243, 139
Trd, 4319113.793, 116
Trd, 4319115.143, 140
Trd, 4319116.043, 99
Trd, 4319116.793, 140
Trd, 4319117.243, 134
Trd, 4319118.093, 133
Trd, 4319119.043, 131
Trd, 4319120.293, 118
Trd, 4319120.743, 132
Trd, 4319121.143, 110
Trd, 4319121.493, 139
Trd, 4319121.693, 105
Trd, 4319122.693, 89
Trd, 4319123.343, 135
Trd, 4319123.593, 107
Trd, 4319124.943, 140
Trd, 4319125.193, 139
Trd, 4319126.543, 60
Trd, 4319126.893, 60
Trd, 4319127.543, 60
Trd, 4319128.043, 65
Trd, 4319128.493, 61
Trd, 4319128.793, 65
Trd, 4319129.393, 62
Trd, 4319130.643, 102
Trd, 4319131.893, 100
Trd, 4319132.143, 85
Trd, 4319132.643, 137
Trd, 4319133.593, 136
Trd, 4319133.793, 92
Trd, 4319134.993, 121
Trd, 4319135.043, 120
Trd, 4319135.343, 69
Trd, 4319136.143, 140
Trd, 4319137.043, 138
Trd, 4319137.293, 111
Trd, 4319137.693, 84
Trd, 4319138.993, 105
Trd, 4319139.893, 99
Trd, 4319141.043, 90
Trd, 4319141.243, 115
Trd, 4319142.043, 114
Trd, 4319142.293, 112
Trd, 4319142.593, 133
Trd, 4319142.893, 139
Trd, 4319143.243, 113
Trd, 4319143.443, 84
Trd, 4319144.043, 75
Trd, 4319144.543, 122
Trd, 4319145.643, 131
Trd, 4319146.143, 67
Trd, 4319146.443, 138
Trd, 4319146.793, 137
Trd, 4319147.643, 64
Trd, 4319148.443, 61
Trd, 4319150.243, 139
Trd, 4319150.443, 138
Trd, 4319152.143, 136
Trd, 4319152.493, 135
Trd, 4319152.593, 134
Trd, 4319153.143, 99
Trd, 4319154.743, 140
Trd, 4319154.993, 139
Trd, 4319155.393, 120
Trd, 4319155.943, 124
Trd, 4319156.293, 99
Trd, 4319157.243, 137
Trd, 4319158.043, 140
Trd, 4319159.493, 140
Trd, 4319160.293, 140
Trd, 4319161.543, 140
Trd, 4319161.593, 140
Trd, 4319162.743, 140
Trd, 4319162.843, 140
Trd, 4319163.493, 140
Trd, 4319163.643, 139
Trd, 4319165.143, 140
Trd, 4319165.543, 137
Trd, 4319166.493, 114
Trd, 4319167.293, 100
Trd, 4319167.543, 138
Trd, 4319168.793, 136
Trd, 4319168.993, 105
Trd, 4319169.193, 60
Trd, 4319170.143, 140
Trd, 4319170.693, 140
Trd, 4319171.693, 139
Trd, 4319173.293, 119
Trd, 4319173.893, 83
Trd, 4319174.043, 130
Trd, 4319175.593, 140
Trd, 4319175.843, 140
Trd, 4319176.643, 95
Trd, 4319177.093, 97
Trd, 4319178.543, 139
Trd, 4319178.843, 109
Trd, 4319179.493, 60
Trd, 4319180.143, 61
Trd, 4319180.643, 106
Trd, 4319181.243, 119
Trd, 4319182.193, 140
Trd, 4319182.843, 139
Trd, 4319183.693, 131
Trd, 4319185.193, 139
Trd, 4319185.693, 117
Trd, 4319185.743, 82
Trd, 4319185.843, 124
Trd, 4319186.093, 126
Trd, 4319186.643, 85
Trd, 4319187.043, 77
Trd, 4319187.193, 76
Trd, 4319187.393, 72
Trd, 4319189.593, 140
Trd, 4319189.843, 140
Trd, 4319190.293, 140
Trd, 4319191.343, 137
Trd, 4319191.643, 135
Trd, 4319192.593, 139
Trd, 4319193.043, 124
Trd, 4319193.393, 123
Trd, 4319194.793, 140
Trd, 4319195.193, 110
Trd, 4319197.043, 140
Trd, 4319197.643, 140
Trd, 4319197.693, 137
Trd, 4319200.593, 140
Trd, 4319200.893, 140
Trd, 4319201.143, 139
Trd, 4319201.793, 140
Trd, 4319202.293, 140
Trd, 4319202.443, 105
Trd, 4319202.993, 75
Trd, 4319204.393, 65
Trd, 4319204.893, 62
Trd, 4319205.393, 64
Trd, 4319205.693, 78
Trd, 4319206.243, 140
Trd, 4319207.543, 140
Trd, 4319207.643, 140
Trd, 4319208.593, 61
Trd, 4319208.943, 131
Trd, 4319210.193, 60
Trd, 4319210.343, 62
Trd, 4319210.443, 63
Trd, 4319211.643, 60
Trd, 4319212.493, 65
Trd, 4319212.843, 119
Trd, 4319213.793, 140
Trd, 4319214.293, 140
Trd, 4319214.793, 140
Trd, 4319215.293, 140
Trd, 4319215.593, 139
Trd, 4319216.843, 137
Trd, 4319217.443, 140
Trd, 4319217.643, 135
Trd, 4319218.293, 110
Trd, 4319218.693, 98
Trd, 4319219.443, 115
Trd, 4319219.493, 113
Trd, 4319221.493, 140
Trd, 4319222.243, 125
Trd, 4319223.043, 115
Trd, 4319223.693, 118
Trd, 4319223.793, 98
Trd, 4319224.393, 100
Trd, 4319225.043, 133
Trd, 4319226.343, 139
Trd, 4319227.243, 91
Trd, 4319228.343, 120
Trd, 4319228.393, 119
Trd, 4319230.043, 140
Trd, 4319230.093, 118
Trd, 4319230.593, 139
Trd, 4319230.893, 118
Trd, 4319231.593, 138
Trd, 4319232.593, 103
Trd, 4319233.043, 140
Trd, 4319235.293, 140
Trd, 4319235.493, 117
Trd, 4319236.843, 112
Trd, 4319237.393, 134
Trd, 4319237.593, 112
Trd, 4319239.093, 139
Trd, 4319239.193, 104
Trd, 4319239.943, 92
Trd, 4319240.093, 81
Trd, 4319240.643, 60
Trd, 4319241.443, 139
Trd, 4319242.093, 140
Trd, 4319242.193, 140
Trd, 4319243.393, 86
Trd, 4319243.743, 140
Trd, 4319244.043, 139
Trd, 4319244.743, 130
Trd, 4319246.693, 118
Trd, 4319246.743, 110
Trd, 4319246.943, 117
Trd, 4319247.943, 124
Trd, 4319249.393, 124
Trd, 4319249.893, 101
Trd, 4319250.143, 94
Trd, 4319250.343, 92
Trd, 4319250.543, 82
Trd, 4319250.693, 130
Trd, 4319251.593, 63
Trd, 4319252.543, 60
Trd, 4319252.993, 63
Trd, 4319253.593, 71
Trd, 4319253.893, 69
Trd, 4319254.543, 74
Trd, 4319255.593, 119
Trd, 4319256.093, 139
Trd, 4319256.243, 98
Trd, 4319258.643, 139
Trd, 4319259.343, 140
Trd, 4319259.843, 140
Trd, 4319260.593, 140
Trd, 4319261.793, 140
Trd, 4319261.893, 113
Trd, 4319262.793, 138
Trd, 4319263.493, 119
Trd, 4319264.043, 119
Trd, 4319264.743, 112
Trd, 4319266.443, 140
Trd, 4319266.693, 140
Trd, 4319266.843, 128
Trd, 4319267.343, 63
Trd, 4319268.443, 128
Trd, 4319269.393, 62
Trd, 4319270.193, 66
Trd, 4319271.093, 60
Trd, 4319271.243, 65
Trd, 4319271.793, 140
Trd, 4319272.193, 140
Trd, 4319272.343, 140
Trd, 4319273.493, 140
Trd, 4319274.143, 110
Trd, 4319274.393, 99
Trd, 4319274.893, 66
Trd, 4319276.143, 140
Trd, 4319278.043, 140
Trd, 4319278.943, 140
Trd, 4319279.043, 140
Trd, 4319279.293, 91
Trd, 4319279.343, 86
Trd, 4319280.243, 61
Trd, 4319280.793, 60
Trd, 4319282.043, 73
Trd, 4319282.643, 140
Trd, 4319283.743, 140
Trd, 4319284.143, 140
Trd, 4319284.793, 140
Trd, 4319285.243, 134
Trd, 4319285.293, 102
Trd, 4319286.693, 134
Trd, 4319286.843, 132
Trd, 4319287.543, 140
Trd, 4319288.443, 140
Trd, 4319288.643, 140
Trd, 4319289.093, 140
Trd, 4319289.443, 102
Trd, 4319289.743, 127
Trd, 4319290.993, 128
Trd, 4319292.443, 113
Trd, 4319293.093, 108
Trd, 4319293.793, 125
Trd, 4319295.543, 140
Trd, 4319296.093, 140
Trd, 4319296.993, 139
Trd, 4319297.693, 140
Trd, 4319299.243, 140
Trd, 4319299.493, 140
Trd, 4319300.143, 140
Trd, 4319300.243, 140
Trd, 4319300.743, 127
Trd, 4319300.993, 97
Trd, 4319303.243, 140
Trd, 4319305.443, 119
Trd, 4319305.843, 119
Trd, 4319305.893, 102
Trd, 4319306.393, 140
Trd, 4319306.593, 120
Trd, 4319306.993, 92
Trd, 4319307.093, 71
Trd, 4319308.043, 140
Trd, 4319308.843, 140
Trd, 4319309.943, 112
Trd, 4319310.943, 104
Trd, 4319311.943, 123
Trd, 4319312.043, 106
Trd, 4319314.843, 140
Trd, 4319314.893, 140
Trd, 4319315.193, 140
Trd, 4319315.943, 139
Trd, 4319316.643, 133
Trd, 4319317.443, 117
Trd, 4319317.543, 81
Trd, 4319317.993, 60
Trd, 4319318.693, 61
Trd, 4319319.743, 62
Trd, 4319320.093, 62
Trd, 4319320.443, 62
Trd, 4319321.393, 60
Trd, 4319322.093, 72
Trd, 4319322.843, 66
Trd, 4319323.493, 93
Trd, 4319323.543, 91
Trd, 4319323.743, 89
Trd, 4319324.293, 63
Trd, 4319324.643, 105
Trd, 4319325.243, 107
Trd, 4319325.993, 60
Trd, 4319326.243, 105
Trd, 4319327.043, 140
Trd, 4319327.993, 140
Trd, 4319328.693, 140
Trd, 4319329.293, 140
Trd, 4319329.743, 140
Trd, 4319329.893, 137
Trd, 4319331.393, 120
Trd, 4319331.493, 118
Trd, 4319331.793, 68
Trd, 4319332.843, 89
Trd, 4319333.293, 140
Trd, 4319335.443, 140
Trd, 4319335.693, 139
Trd, 4319335.743, 138
Trd, 4319335.893, 77
Trd, 4319336.993, 85
Trd, 4319337.243, 140
Trd, 4319339.593, 140
Trd, 4319340.293, 140
Trd, 4319340.643, 140
Trd, 4319341.143, 140
Trd, 4319341.993, 140
Trd, 4319342.543, 101
Trd, 4319343.343, 140
Trd, 4319344.843, 140
Trd, 4319345.143, 140
Trd, 4319345.743, 127
Trd, 4319347.043, 67
Trd, 4319347.293, 140
Trd, 4319348.743, 140
Trd, 4319349.243, 110
Trd, 4319349.443, 99
Trd, 4319350.343, 114
Trd, 4319351.993, 91
Trd, 4319352.193, 96
Trd, 4319352.293, 90
Trd, 4319352.693, 87
Trd, 4319352.843, 117
Trd, 4319352.893, 85
Trd, 4319354.393, 60
Trd, 4319354.943, 60
Trd, 4319355.443, 62
Trd, 4319356.643, 140
Trd, 4319356.843, 140
Trd, 4319357.143, 140
Trd, 4319358.143, 106
Trd, 4319358.893, 61
Trd, 4319359.543, 60
Trd, 4319359.993, 61
Trd, 4319360.293, 64
Trd, 4319361.743, 61
Trd, 4319362.093, 113
Trd, 4319362.943, 127
Trd, 4319363.143, 125
Trd, 4319364.693, 140
Trd, 4319365.843, 127
Trd, 4319366.093, 127
Trd, 4319366.393, 127
Trd, 4319366.443, 103
Trd, 4319367.793, 71
Trd, 4319368.093, 61
Trd, 4319368.693, 60
Trd, 4319369.093, 61
Trd, 4319369.243, 72
Trd, 4319370.893, 65
Trd, 4319370.943, 60
Trd, 4319371.343, 131
Trd, 4319372.193, 69
Trd, 4319373.293, 134
Trd, 4319374.493, 140
Trd, 4319375.493, 140
Trd, 4319375.693, 140
Trd, 4319377.143, 140
Trd, 4319378.643, 140
Trd, 4319379.143, 120
Trd, 4319379.893, 123
Trd, 4319380.393, 121
Trd, 4319381.593, 131
Trd, 4319382.343, 139
Trd, 4319383.093, 140
Trd, 4319383.343, 140
Trd, 4319384.093, 140
Trd, 4319384.493, 140
Trd, 4319384.543, 138
Trd, 4319385.143, 140
Trd, 4319387.093, 118
Trd, 4319388.143, 125
Trd, 4319388.193, 120
Trd, 4319389.093, 136
Trd, 4319389.393, 118
Trd, 4319389.493, 113
Trd, 4319390.593, 138
Trd, 4319391.143, 138
Trd, 4319392.743, 138
Trd, 4319392.943, 138
Trd, 4319393.193, 76
Trd, 4319393.943, 84
Trd, 4319395.243, 111
Trd, 4319395.843, 92
Trd, 4319396.143, 91
Trd, 4319396.743, 92
Trd, 4319397.193, 60
Trd, 4319397.293, 67
Trd, 4319397.743, 137
Trd, 4319398.143, 62
Trd, 4319399.193, 62
Trd, 4319399.493, 62
Trd, 4319400.493, 140
Trd, 4319400.543, 140
Trd, 4319402.593, 112
Trd, 4319402.893, 111
Trd, 4319403.043, 98
Trd, 4319404.193, 84
Trd, 4319404.793, 118
Trd, 4319404.943, 118
Trd, 4319405.143, 95
Trd, 4319405.943, 134
Trd, 4319407.243, 133
Trd, 4319407.543, 74
Trd, 4319408.693, 60
Trd, 4319409.393, 60
Trd, 4319409.443, 62
Trd, 4319410.643, 60
Trd, 4319410.793, 60
Trd, 4319411.943, 63
Trd, 4319412.543, 64
Trd, 4319414.043, 63
Trd, 4319414.493, 67
Trd, 4319414.693, 63
Trd, 4319415.493, 68
Trd, 4319415.643, 63
Trd, 4319416.043, 60
Trd, 4319417.693, 140
Trd, 4319418.043, 139
Trd, 4319419.093, 99
Trd, 4319419.293, 97
Trd, 4319420.243, 140
Trd, 4319421.243, 140
Trd, 4319421.443, 138
Trd, 4319422.643, 137
Trd, 4319423.443, 140
Trd, 4319425.693, 140
Trd, 4319426.843, 140
Trd, 4319426.893, 140
Trd, 4319428.243, 137
Trd, 4319428.293, 136
Trd, 4319428.543, 140
Trd, 4319429.343, 131
Trd, 4319430.343, 129
Trd, 4319431.693, 117
Trd, 4319432.493, 109
Trd, 4319433.193, 139
Trd, 4319433.893, 140
Trd, 4319434.493, 140
Trd, 4319434.743, 139
Trd, 4319436.043, 137
Trd, 4319436.543, 108
Trd, 4319437.943, 60
Trd, 4319438.743, 60
Trd, 4319439.043, 63
Trd, 4319439.343, 64
Trd, 4319439.943, 60
Trd, 4319441.293, 139
Trd, 4319441.393, 113
Trd, 4319441.993, 62
Trd, 4319442.693, 140
Trd, 4319443.343, 140
Trd, 4319443.943, 140
Trd, 4319444.393, 140
Trd, 4319444.643, 140
Trd, 4319445.693, 100
Trd, 4319446.743, 133
Trd, 4319448.293, 134
Trd, 4319448.943, 107
Trd, 4319449.043, 106
Trd, 4319449.093, 105
Trd, 4319449.643, 136
Trd, 4319450.493, 139
Trd, 4319450.993, 137
Trd, 4319451.343, 124
Trd, 4319453.093, 140
Trd, 4319454.443, 140
Trd, 4319455.593, 140
Trd, 4319456.743, 140
Trd, 4319456.793, 140
Trd, 4319457.693, 139
Trd, 4319458.443, 140
Trd, 4319459.593, 133
Trd, 4319459.793, 109
Trd, 4319460.293, 124
Trd, 4319461.243, 115
Trd, 4319461.643, 107
Trd, 4319461.743, 106
Trd, 4319463.243, 140
Trd, 4319463.343, 139
Trd, 4319463.793, 118
Trd, 4319463.993, 93
Trd, 4319464.293, 96
Trd, 4319465.543, 140
Trd, 4319465.793, 140
Trd, 4319465.843, 140
Trd, 4319467.943, 138
Trd, 4319468.143, 137
Trd, 4319469.143, 140
Trd, 4319469.393, 123
Trd, 4319470.143, 124
Trd, 4319470.993, 110
Trd, 4319472.593, 63
Trd, 4319472.743, 63
Trd, 4319473.343, 112
Trd, 4319474.243, 90
Trd, 4319474.543, 114
Trd, 4319474.793, 92
Trd, 4319474.993, 91
Trd, 4319477.093, 140
Trd, 4319477.143, 140
Trd, 4319477.343, 140
Trd, 4319478.343, 129
Trd, 4319478.443, 117
Trd, 4319479.043, 71
Trd, 4319481.693, 140
Trd, 4319481.793, 127
Trd, 4319483.393, 134
Trd, 4319483.743, 140
Trd, 4319484.193, 140
Trd, 4319484.693, 107
Trd, 4319485.193, 129
Trd, 4319485.443, 123
Trd, 4319486.043, 123
Trd, 4319487.243, 61
Trd, 4319487.293, 62
Trd, 4319487.393, 61
Trd, 4319487.593, 121
Trd, 4319488.293, 94
Trd, 4319488.793, 69
Trd, 4319489.793, 72
Trd, 4319490.693, 63
Trd, 4319490.893, 69
Trd, 4319492.293, 67
Trd, 4319492.443, 62
Trd, 4319493.043, 67
Trd, 4319493.293, 69
Trd, 4319494.143, 65
Trd, 4319495.843, 62
Trd, 4319495.893, 63
Trd, 4319496.643, 65
Trd, 4319497.393, 60
Trd, 4319497.843, 65
Trd, 4319498.593, 61
Trd, 4319499.443, 60
Trd, 4319500.993, 61
Trd, 4319501.543, 60
Trd, 4319502.393, 66
Trd, 4319503.443, 98
Trd, 4319503.593, 97
Trd, 4319503.843, 140
Trd, 4319504.943, 62
Trd, 4319505.593, 66
Trd, 4319506.343, 60
Trd, 4319507.643, 60
Trd, 4319508.593, 61
Trd, 4319509.893, 62
Trd, 4319509.993, 62
Trd, 4319510.293, 61
Trd, 4319510.443, 66
Trd, 4319510.793, 140
Trd, 4319510.943, 71
Trd, 4319512.193, 60
Trd, 4319512.443, 61
Trd, 4319514.093, 63
Trd, 4319514.643, 66
Trd, 4319514.993, 60
Trd, 4319515.993, 60
Trd, 4319517.493, 62
Trd, 4319517.793, 64
Trd, 4319517.893, 66
Trd, 4319518.593, 67
Trd, 4319518.893, 113
Trd, 4319519.493, 65
Trd, 4319521.043, 72
Trd, 4319521.143, 135
Trd, 4319522.193, 114
Trd, 4319522.343, 113
Trd, 4319523.343, 106
Trd, 4319523.493, 75
Trd, 4319524.843, 74
Trd, 4319525.193, 119
Trd, 4319525.843, 66
Trd, 4319526.643, 67
Trd, 4319527.593, 139
Trd, 4319529.093, 140
Trd, 4319529.243, 140
Trd, 4319530.693, 140
Trd, 4319530.893, 140
Trd, 4319531.193, 86
Trd, 4319531.893, 139
Trd, 4319532.093, 79
Trd, 4319532.943, 137
Trd, 4319534.293, 140
Trd, 4319534.643, 139
Trd, 4319534.893, 128
Trd, 4319535.143, 89
Trd, 4319535.843, 108
Trd, 4319536.793, 140
Trd, 4319537.043, 140
Trd, 4319538.293, 140
Trd, 4319538.743, 89
Trd, 4319539.643, 106
Trd, 4319540.543, 140
Trd, 4319541.443, 140
Trd, 4319541.693, 139
Trd, 4319542.793, 139
Trd, 4319543.643, 140
Trd, 4319544.443, 140
Trd, 4319545.743, 140
Trd, 4319546.393, 136
Trd, 4319546.943, 139
Trd, 4319547.193, 138
Trd, 4319548.293, 140
Trd, 4319549.093, 129
Trd, 4319549.243, 128
Trd, 4319549.443, 66
Trd, 4319551.993, 135
Trd, 4319552.093, 132
Trd, 4319552.293, 114
Trd, 4319553.293, 118
Trd, 4319554.243, 140
Trd, 4319554.593, 138
Trd, 4319554.743, 139
Trd, 4319555.043, 139
Trd, 4319556.993, 140
Trd, 4319557.843, 140
Trd, 4319558.443, 140
Trd, 4319558.643, 140
Trd, 4319558.793, 88
Trd, 4319559.593, 136
Trd, 4319559.643, 84
Trd, 4319560.843, 139
Trd, 4319562.243, 64
Trd, 4319562.293, 86
Trd, 4319562.343, 63
Trd, 4319563.393, 88
Trd, 4319564.943, 123
Trd, 4319565.893, 126
Trd, 4319567.193, 140
Trd, 4319567.293, 140
Trd, 4319567.593, 140
Trd, 4319569.093, 140
Trd, 4319569.343, 140
Trd, 4319569.743, 139
Trd, 4319570.093, 139
Trd, 4319570.543, 116
Trd, 4319570.743, 64
Trd, 4319572.243, 111
Trd, 4319572.893, 111
Trd, 4319574.343, 109
Trd, 4319575.243, 140
Trd, 4319576.093, 140
Trd, 4319576.793, 131
Trd, 4319577.193, 116
Trd, 4319577.643, 77
Trd, 4319577.693, 74
Trd, 4319579.043, 103
Trd, 4319580.043, 140
Trd, 4319580.143, 140
Trd, 4319580.443, 125
Trd, 4319582.043, 60
Trd, 4319582.243, 79
Trd, 4319583.443, 140
Trd, 4319583.893, 138
Trd, 4319584.143, 140
Trd, 4319585.493, 140
Trd, 4319586.593, 134
Trd, 4319587.093, 130
Trd, 4319587.593, 122
Trd, 4319587.893, 121
Trd, 4319588.693, 112
Trd, 4319588.843, 123
Trd, 4319589.643, 113
Trd, 4319590.143, 64
Trd, 4319591.443, 61
Trd, 4319591.543, 61
Trd, 4319591.643, 72
Trd, 4319592.093, 67
Trd, 4319592.243, 68
Trd, 4319593.693, 60
Trd, 4319595.093, 61
Trd, 4319595.343, 139
Trd, 4319597.293, 140
Trd, 4319597.343, 140
Trd, 4319597.693, 140
Trd, 4319598.243, 129
Trd, 4319599.293, 140
Trd, 4319599.593, 135
Trd, 4319600.093, 130
Trd, 4319600.243, 96
Trd, 4319601.493, 118
Trd, 4319602.743, 137
Trd, 4319602.893, 136
Trd, 4319603.293, 131
Trd, 4319604.693, 139
Trd, 4319604.793, 139
Trd, 4319605.393, 117
Trd, 4319605.543, 93
Trd, 4319607.593, 60
Trd, 4319608.143, 61
Trd, 4319608.893, 60
Trd, 4319609.093, 62
Trd, 4319609.643, 62
Trd, 4319610.543, 69
Trd, 4319610.993, 62
Trd, 4319611.243, 70
Trd, 4319612.793, 106
Trd, 4319612.843, 84
Trd, 4319613.393, 137
Trd, 4319613.443, 140
Trd, 4319614.743, 63
Trd, 4319614.793, 64
Trd, 4319615.643, 69
Trd, 4319616.593, 111
Trd, 4319616.743, 88
Trd, 4319618.043, 128
Trd, 4319618.143, 88
Trd, 4319618.343, 83
Trd, 4319620.343, 134
Trd, 4319620.443, 133
Trd, 4319621.043, 140
Trd, 4319622.193, 140
Trd, 4319622.543, 140
Trd, 4319623.193, 121
Trd, 4319623.593, 122
Trd, 4319623.793, 109
Trd, 4319625.243, 60
Trd, 4319625.443, 63
Trd, 4319626.493, 70
Trd, 4319626.693, 70
Trd, 4319627.043, 140
Trd, 4319627.793, 60
Trd, 4319627.943, 60
Trd, 4319628.393, 88
Trd, 4319630.243, 140
Trd, 4319630.393, 140
Trd, 4319631.693, 140
Trd, 4319632.143, 140
Trd, 4319632.393, 138
Trd, 4319632.493, 118
Trd, 4319633.393, 95
Trd, 4319634.393, 76
Trd, 4319634.943, 80
Trd, 4319635.393, 78
Trd, 4319635.493, 138
Trd, 4319635.793, 75
Trd, 4319636.893, 63
Trd, 4319637.443, 111
Trd, 4319639.093, 114
Trd, 4319639.843, 60
Trd, 4319640.093, 63
Trd, 4319641.193, 63
Trd, 4319641.793, 130
Trd, 4319642.943, 114
Trd, 4319643.143, 114
Trd, 4319644.043, 113
Trd, 4319645.493, 124
Trd, 4319645.543, 115
Trd, 4319646.593, 137
Trd, 4319647.843, 110
Trd, 4319648.543, 140
Trd, 4319648.643, 140
Trd, 4319649.443, 139
Trd, 4319649.943, 119
Trd, 4319650.243, 139
Trd, 4319651.093, 140
Trd, 4319651.443, 133
Trd, 4319651.593, 132
Trd, 4319651.943, 131
Trd, 4319654.593, 140
Trd, 4319655.393, 140
Trd, 4319656.393, 117
Trd, 4319657.343, 140
Trd, 4319657.943, 138
Trd, 4319658.493, 132
Trd, 4319658.793, 137
Trd, 4319659.643, 73
Trd, 4319660.393, 102
Trd, 4319661.543, 140
Trd, 4319662.193, 137
Trd, 4319662.693, 104
Trd, 4319663.643, 121
Trd, 4319663.693, 119
Trd, 4319664.293, 118
Trd, 4319665.193, 60
Trd, 4319667.193, 60
Trd, 4319667.543, 62
Trd, 4319667.793, 64
Trd, 4319667.893, 64
Trd, 4319668.143, 69
Trd, 4319669.093, 127
Trd, 4319669.543, 75
Trd, 4319669.793, 74
Trd, 4319670.643, 112
Trd, 4319671.843, 140
Trd, 4319672.243, 140
Trd, 4319672.593, 98
Trd, 4319673.043, 108
Trd, 4319674.993, 128
Trd, 4319675.093, 127
Trd, 4319675.893, 140
Trd, 4319676.193, 130
Trd, 4319676.593, 124
Trd, 4319677.993, 123
Trd, 4319679.543, 128
Trd, 4319679.593, 125
Trd, 4319680.143, 133
Trd, 4319681.243, 140
Trd, 4319683.693, 140
Trd, 4319683.743, 140
Trd, 4319683.793, 140
Trd, 4319684.543, 83
Trd, 4319685.243, 125
Trd, 4319685.543, 100
Trd, 4319685.993, 139
Trd, 4319686.993, 140
Trd, 4319687.543, 140
Trd, 4319687.943, 118
Trd, 4319689.393, 128
Trd, 4319690.093, 113
Trd, 4319692.443, 139
Trd, 4319692.593, 117
Trd, 4319693.243, 138
Trd, 4319693.693, 140
Trd, 4319695.243, 140
Trd, 4319695.843, 138
Trd, 4319696.143, 80
Trd, 4319696.343, 64
Trd, 4319696.943, 134
Trd, 4319697.593, 111
Trd, 4319698.793, 140
Trd, 4319699.043, 140
Trd, 4319699.193, 140
Trd, 4319699.843, 105
Trd, 4319700.443, 68
Trd, 4319701.093, 98
Trd, 4319702.043, 66
Trd, 4319702.693, 67
Trd, 4319704.643, 60
Trd, 4319705.093, 60
Trd, 4319705.993, 62
Trd, 4319706.393, 62
Trd, 4319706.443, 64
Trd, 4319706.943, 101
Trd, 4319707.193, 135
Trd, 4319708.193, 140
Trd, 4319708.793, 75
Trd, 4319710.593, 124
Trd, 4319710.893, 123
Trd, 4319712.293, 136
Trd, 4319712.843, 137
Trd, 4319714.143, 137
Trd, 4319714.643, 135
Trd, 4319715.443, 139
Trd, 4319715.893, 132
Trd, 4319716.643, 129
Trd, 4319717.043, 127
Trd, 4319718.293, 140
Trd, 4319718.443, 102
Trd, 4319718.493, 68
Trd, 4319718.843, 140
Trd, 4319721.493, 130
Trd, 4319722.943, 140
Trd, 4319723.643, 140
Trd, 4319724.493, 140
Trd, 4319724.643, 139
Trd, 4319725.093, 126
Trd, 4319725.193, 140
Trd, 4319725.393, 92
Trd, 4319727.043, 139
Trd, 4319727.843, 140
Trd, 4319727.943, 140
Trd, 4319728.593, 71
Trd, 4319730.143, 134
Trd, 4319730.793, 139
Trd, 4319731.643, 133
Trd, 4319734.093, 140
Trd, 4319734.143, 140
Trd, 4319734.343, 140
Trd, 4319734.493, 127
Trd, 4319735.443, 128
Trd, 4319735.693, 127
Trd, 4319736.643, 116
Trd, 4319738.393, 124
Trd, 4319738.693, 124
Trd, 4319739.143, 123
Trd, 4319739.493, 118
Trd, 4319740.893, 136
Trd, 4319741.593, 139
Trd, 4319742.193, 138
Trd, 4319742.293, 88
Trd, 4319742.793, 140
Trd, 4319743.543, 140
Trd, 4319744.093, 136
Trd, 4319744.893, 123
Trd, 4319745.143, 105
Trd, 4319745.743, 136
Trd, 4319747.093, 138
Trd, 4319747.343, 130
Trd, 4319748.543, 137
Trd, 4319748.893, 121
Trd, 4319749.143, 98
Trd, 4319749.843, 126
Trd, 4319750.693, 66
Trd, 4319753.243, 140
Trd, 4319753.543, 140
Trd, 4319754.293, 140
Trd, 4319754.543, 140
Trd, 4319754.693, 140
Trd, 4319755.793, 139
Trd, 4319757.343, 140
Trd, 4319758.543, 140
Trd, 4319758.993, 139
Trd, 4319759.043, 137
Trd, 4319760.943, 132
Trd, 4319761.143, 131
Trd, 4319762.043, 127
Trd, 4319762.143, 130
Trd, 4319762.593, 105
Trd, 4319764.843, 140
Trd, 4319765.293, 140
Trd, 4319765.343, 103
Trd, 4319765.743, 82
Trd, 4319766.593, 69
Trd, 4319766.943, 124
Trd, 4319767.793, 120
Trd, 4319768.043, 126
Trd, 4319768.743, 122
Trd, 4319768.793, 117
Trd, 4319768.893, 67
Trd, 4319770.043, 140
Trd, 4319771.943, 140
Trd, 4319772.793, 140
Trd, 4319772.893, 140
Trd, 4319774.093, 113
Trd, 4319775.093, 117
Trd, 4319775.143, 116
Trd, 4319775.193, 107
Trd, 4319776.943, 140
Trd, 4319777.193, 140
Trd, 4319779.943, 140
Trd, 4319780.043, 140
Trd, 4319780.243, 140
Trd, 4319780.793, 140
Trd, 4319781.243, 139
Trd, 4319782.243, 140
Trd, 4319782.543, 126
Trd, 4319782.843, 81
Trd, 4319782.993, 80
Trd, 4319783.793, 89
Trd, 4319784.593, 140
Trd, 4319785.343, 140
Trd, 4319786.793, 139
Trd, 4319787.193, 140
Trd, 4319787.243, 85
Trd, 4319788.393, 135
Trd, 4319789.493, 85
Trd, 4319789.943, 108
Trd, 4319791.043, 92
Trd, 4319791.443, 125
Trd, 4319791.593, 93
Trd, 4319792.843, 98
Trd, 4319793.193, 100
Trd, 4319794.693, 128
Trd, 4319795.343, 134
Trd, 4319796.093, 100
Trd, 4319796.793, 98
Trd, 4319796.993, 111
Trd, 4319798.293, 140
Trd, 4319799.693, 140
Trd, 4319800.143, 140
Trd, 4319800.193, 119
Trd, 4319800.743, 140
Trd, 4319802.043, 139
Trd, 4319802.343, 95
Trd, 4319803.193, 99
Trd, 4319803.643, 138
Trd, 4319804.293, 85
Trd, 4319804.543, 62
Trd, 4319805.993, 61
Trd, 4319806.793, 70
Trd, 4319806.993, 65
Trd, 4319807.993, 140
Trd, 4319808.543, 140
Trd, 4319808.593, 140
Trd, 4319809.793, 140
Trd, 4319811.593, 140
Trd, 4319812.393, 121
Trd, 4319812.643, 67
Trd, 4319813.143, 61
Trd, 4319813.193, 64
Trd, 4319814.843, 101
Trd, 4319815.343, 84
Trd, 4319816.043, 139
Trd, 4319816.393, 139
Trd, 4319817.143, 138
Trd, 4319818.943, 137
Trd, 4319819.043, 129
Trd, 4319819.343, 65
Trd, 4319819.593, 64
Trd, 4319820.393, 60
Trd, 4319822.543, 60
Trd, 4319822.743, 62
Trd, 4319822.993, 62
Trd, 4319823.043, 64
Trd, 4319824.593, 60
Trd, 4319824.893, 65
Trd, 4319825.393, 64
Trd, 4319827.043, 62
Trd, 4319827.793, 61
Trd, 4319828.193, 63
Trd, 4319828.743, 63
Trd, 4319831.093, 64
Trd, 4319831.443, 66
Trd, 4319832.343, 63
Trd, 4319832.493, 64
Trd, 4319832.593, 65
Trd, 4319833.443, 62
Trd, 4319834.093, 60
Trd, 4319834.943, 60
Trd, 4319835.643, 60
Trd, 4319836.043, 61
Trd, 4319836.743, 60
Trd, 4319836.843, 61
Trd, 4319837.193, 60
Trd, 4319838.043, 116
Trd, 4319839.143, 116
Trd, 4319839.293, 69
Trd, 4319841.443, 61
Trd, 4319841.793, 61
Trd, 4319842.043, 60
Trd, 4319842.193, 65
Trd, 4319842.743, 67
Trd, 4319843.843, 61
Trd, 4319844.043, 63
Trd, 4319845.543, 140
Trd, 4319846.143, 140
Trd, 4319846.343, 140
Trd, 4319847.293, 140
Trd, 4319847.693, 139
Trd, 4319848.193, 139
Trd, 4319849.743, 128
Trd, 4319850.343, 136
Trd, 4319850.643, 114
Trd, 4319851.443, 62
Trd, 4319852.043, 73
Trd, 4319852.593, 74
Trd, 4319852.943, 62
Trd, 4319855.293, 140
Trd, 4319855.643, 140
Trd, 4319856.793, 139
Trd, 4319857.193, 84
Trd, 4319857.743, 63
Trd, 4319859.293, 61
Trd, 4319859.593, 104
Trd, 4319860.293, 66
Trd, 4319860.793, 137
Trd, 4319861.143, 140
Trd, 4319861.243, 139
Trd, 4319862.193, 66
Trd, 4319862.943, 121
Trd, 4319863.293, 63
Trd, 4319863.593, 71
Trd, 4319864.193, 72
Trd, 4319865.193, 61
Trd, 4319865.643, 140
Trd, 4319865.943, 140
Trd, 4319866.393, 140
Trd, 4319866.643, 113
Trd, 4319866.993, 112
Trd, 4319867.543, 65
Trd, 4319869.693, 120
Trd, 4319870.043, 94
Trd, 4319871.093, 101
Trd, 4319871.243, 101
Trd, 4319872.743, 140
Trd, 4319873.043, 131
Trd, 4319873.643, 128
Trd, 4319873.943, 113
Trd, 4319874.043, 112
Trd, 4319875.243, 140
Trd, 4319875.993, 116
Trd, 4319877.643, 139
Trd, 4319878.493, 135
Trd, 4319879.243, 140
Trd, 4319880.693, 128
Trd, 4319881.543, 139
Trd, 4319881.693, 127
Trd, 4319882.143, 134
Trd, 4319883.143, 128
Trd, 4319883.593, 127
Trd, 4319884.393, 138
Trd, 4319884.643, 137
Trd, 4319884.693, 121
Trd, 4319885.693, 69
Trd, 4319886.143, 65
Trd, 4319886.843, 133
Trd, 4319888.543, 140
Trd, 4319889.643, 129
Trd, 4319889.693, 127
Trd, 4319890.443, 113
Trd, 4319891.093, 140
Trd, 4319891.443, 71
Trd, 4319893.093, 130
Trd, 4319894.043, 140
Trd, 4319894.793, 140
Trd, 4319895.693, 140
Trd, 4319896.043, 140
Trd, 4319896.143, 133
Trd, 4319896.643, 120
Trd, 4319898.043, 139
Trd, 4319898.393, 129
Trd, 4319898.493, 104
Trd, 4319900.493, 140
Trd, 4319901.643, 140
Trd, 4319902.493, 140
Trd, 4319902.593, 140
Trd, 4319903.043, 140
Trd, 4319903.343, 123
Trd, 4319903.393, 119
Trd, 4319904.443, 140
Trd, 4319904.843, 140
Trd, 4319905.993, 112
Trd, 4319906.693, 135
Trd, 4319907.143, 98
Trd, 4319907.643, 140
Trd, 4319907.993, 113
Trd, 4319908.893, 140
Trd, 4319909.493, 103
Trd, 4319909.793, 103
Trd, 4319910.393, 103
Trd, 4319910.943, 134
Trd, 4319911.793, 126
Trd, 4319914.543, 140
Trd, 4319914.743, 140
Trd, 4319915.143, 140
Trd, 4319915.593, 140
Trd, 4319916.243, 138
Trd, 4319916.343, 132
Trd, 4319916.493, 128
Trd, 4319917.143, 128
Trd, 4319917.493, 127
Trd, 4319918.843, 76
Trd, 4319918.893, 88
Trd, 4319918.993, 61
Trd, 4319919.543, 140
Trd, 4319919.593, 140
Trd, 4319920.643, 67
Trd, 4319921.843, 60
Trd, 4319922.943, 60
Trd, 4319922.993, 60
Trd, 4319923.593, 140
Trd, 4319924.343, 140
Trd, 4319925.293, 140
Trd, 4319925.493, 139
Trd, 4319925.843, 125
Trd, 4319927.193, 69
Trd, 4319928.143, 121
Trd, 4319928.343, 65
Trd, 4319929.193, 129
Trd, 4319929.393, 63
Trd, 4319930.093, 70
Trd, 4319930.443, 63
Trd, 4319931.793, 74
Trd, 4319932.693, 67
Trd, 4319933.043, 61
Trd, 4319933.993, 140
Trd, 4319934.293, 140
Trd, 4319934.793, 140
Trd, 4319935.443, 136
Trd, 4319935.893, 133
Trd, 4319936.243, 139
Trd, 4319938.093, 76
Trd, 4319938.393, 139
Trd, 4319938.643, 72
Trd, 4319940.543, 140
Trd, 4319940.693, 134
Trd, 4319941.943, 112
Trd, 4319942.093, 94
Trd, 4319942.293, 91
Trd, 4319942.393, 69
Trd, 4319943.393, 109
Trd, 4319944.393, 64
Trd, 4319944.893, 69
Trd, 4319947.493, 140
Trd, 4319948.043, 140
Trd, 4319948.243, 140
Trd, 4319948.293, 139
Trd, 4319949.293, 140
Trd, 4319949.343, 139
Trd, 4319949.993, 130
Trd, 4319951.143, 137
Trd, 4319951.893, 126
Trd, 4319952.693, 108
Trd, 4319953.293, 128
Trd, 4319953.543, 107
Trd, 4319953.743, 60
Trd, 4319954.443, 60
Trd, 4319954.793, 60
Trd, 4319955.643, 63
Trd, 4319956.493, 112
Trd, 4319957.643, 140
Trd, 4319957.793, 112
Trd, 4319958.893, 140
Trd, 4319959.193, 107
Trd, 4319960.143, 68
Trd, 4319961.293, 120
Trd, 4319961.443, 93
Trd, 4319962.093, 136
Trd, 4319962.693, 81
Trd, 4319965.093, 140
Trd, 4319965.493, 140
Trd, 4319965.793, 140
Trd, 4319966.143, 140
Trd, 4319966.743, 111
Trd, 4319966.943, 110
Trd, 4319967.193, 107
Trd, 4319968.993, 140
Trd, 4319969.443, 140
Trd, 4319969.793, 108
Trd, 4319970.343, 107
Trd, 4319971.293, 76
Trd, 4319972.343, 126
Trd, 4319972.593, 140
Trd, 4319973.243, 136
Trd, 4319974.343, 60
Trd, 4319974.393, 61
Trd, 4319975.643, 69
Trd, 4319976.343, 61
Trd, 4319978.493, 60
Trd, 4319979.143, 60
Trd, 4319979.643, 67
Trd, 4319980.443, 67
Trd, 4319980.593, 133
Trd, 4319980.793, 102
Trd, 4319982.093, 64
Trd, 4319982.193, 62
Trd, 4319983.343, 60
Trd, 4319984.243, 60
Trd, 4319984.493, 62
Trd, 4319984.543, 64
Trd, 4319985.593, 66
Trd, 4319986.793, 60
Trd, 4319986.993, 60
Trd, 4319988.143, 65
Trd, 4319988.993, 61
Trd, 4319990.643, 62
Trd, 4319990.943, 60
Trd, 4319991.043, 63
Trd, 4319991.093, 65
Trd, 4319991.743, 60
Trd, 4319992.293, 63
Trd, 4319993.293, 60
Trd, 4319993.493, 60
Trd, 4319995.593, 61
Trd, 4319995.993, 63
Trd, 4319996.443, 62
Trd, 4319997.543, 61
Trd, 4319997.893, 60
Trd, 4319998.643, 60
Trd, 4319999.593, 60
