Trd, 4318104.093, 122
Trd, 4318104.193, 120
Trd, 4318104.593, 90
Trd, 4318105.843, 119
Trd, 4318105.993, 127
Trd, 4318106.743, 96
Trd, 4318108.543, 91
Trd, 4318109.093, 84
Trd, 4318110.143, 113
Trd, 4318110.193, 111
Trd, 4318111.943, 117
Trd, 4318112.743, 121
Trd, 4318113.443, 75
Trd, 4318113.843, 71
Trd, 4318114.593, 112
Trd, 4318115.143, 80
Trd, 4318117.543, 134
Trd, 4318117.843, 116
Trd, 4318117.993, 96
Trd, 4318118.093, 124
Trd, 4318118.543, 137
Trd, 4318119.643, 89
Trd, 4318119.793, 94
Trd, 4318119.993, 114
Trd, 4318120.343, 94
Trd, 4318121.643, 131
Trd, 4318122.343, 123
Trd, 4318122.643, 110
Trd, 4318123.793, 134
Trd, 4318124.243, 127
Trd, 4318126.243, 115
Trd, 4318127.243, 117
Trd, 4318127.793, 116
Trd, 4318127.943, 101
Trd, 4318128.393, 134
Trd, 4318128.943, 122
Trd, 4318129.093, 118
Trd, 4318130.493, 117
Trd, 4318131.143, 133
Trd, 4318131.343, 115
Trd, 4318133.093, 65
Trd, 4318133.393, 103
Trd, 4318134.093, 116
Trd, 4318135.193, 129
Trd, 4318135.643, 137
Trd, 4318135.793, 97
Trd, 4318137.043, 127
Trd, 4318137.943, 136
Trd, 4318138.943, 136
Trd, 4318139.043, 135
Trd, 4318140.593, 137
Trd, 4318141.143, 131
Trd, 4318142.093, 132
Trd, 4318142.243, 108
Trd, 4318142.643, 94
Trd, 4318143.143, 105
Trd, 4318144.493, 135
Trd, 4318144.593, 131
Trd, 4318144.793, 105
Trd, 4318144.943, 85
Trd, 4318146.693, 140
Trd, 4318147.093, 112
Trd, 4318147.593, 93
Trd, 4318147.693, 87
Trd, 4318148.093, 135
Trd, 4318148.843, 128
Trd, 4318150.143, 118
Trd, 4318150.243, 77
Trd, 4318151.093, 109
Trd, 4318152.393, 83
Trd, 4318152.493, 86
Trd, 4318154.193, 89
Trd, 4318154.293, 93
Trd, 4318154.743, 95
Trd, 4318156.043, 100
Trd, 4318157.143, 93
Trd, 4318158.243, 120
Trd, 4318159.393, 121
Trd, 4318160.293, 110
Trd, 4318161.293, 118
Trd, 4318161.543, 116
Trd, 4318162.393, 125
Trd, 4318163.043, 120
Trd, 4318163.393, 88
Trd, 4318164.693, 128
Trd, 4318166.093, 108
Trd, 4318167.043, 126
Trd, 4318167.443, 103
Trd, 4318168.143, 127
Trd, 4318168.843, 140
Trd, 4318169.443, 93
Trd, 4318169.543, 78
Trd, 4318169.843, 115
Trd, 4318170.393, 116
Trd, 4318173.343, 128
Trd, 4318174.543, 128
Trd, 4318174.693, 107
Trd, 4318174.743, 106
Trd, 4318175.943, 129
Trd, 4318176.693, 136
Trd, 4318177.343, 125
Trd, 4318177.943, 131
Trd, 4318178.993, 130
Trd, 4318179.393, 123
Trd, 4318180.043, 127
Trd, 4318180.493, 106
Trd, 4318180.743, 96
Trd, 4318182.143, 130
Trd, 4318183.093, 80
Trd, 4318183.643, 109
Trd, 4318183.843, 101
Trd, 4318183.993, 113
Trd, 4318187.093, 118
Trd, 4318187.893, 134
Trd, 4318188.593, 131
Trd, 4318188.693, 125
Trd, 4318188.793, 110
Trd, 4318189.043, 96
Trd, 4318189.843, 96
Trd, 4318189.893, 69
Trd, 4318192.593, 100
Trd, 4318192.993, 86
Trd, 4318193.293, 85
Trd, 4318194.143, 106
Trd, 4318195.193, 130
Trd, 4318195.593, 120
Trd, 4318196.793, 116
Trd, 4318197.493, 115
Trd, 4318198.193, 129
Trd, 4318198.343, 115
Trd, 4318198.743, 120
Trd, 4318199.493, 94
Trd, 4318200.193, 72
Trd, 4318201.993, 65
Trd, 4318202.443, 79
Trd, 4318203.693, 91
Trd, 4318204.193, 75
Trd, 4318205.143, 75
Trd, 4318205.243, 74
Trd, 4318205.593, 102
Trd, 4318206.143, 75
Trd, 4318206.443, 131
Trd, 4318207.593, 140
Trd, 4318209.193, 126
Trd, 4318210.243, 125
Trd, 4318211.043, 111
Trd, 4318211.843, 140
Trd, 4318212.593, 138
Trd, 4318212.693, 131
Trd, 4318214.643, 67
Trd, 4318214.743, 73
Trd, 4318214.943, 68
Trd, 4318216.593, 116
Trd, 4318216.893, 134
Trd, 4318216.943, 110
Trd, 4318217.943, 125
Trd, 4318218.943, 86
Trd, 4318220.793, 112
Trd, 4318221.443, 100
Trd, 4318221.743, 117
Trd, 4318221.793, 109
Trd, 4318222.293, 92
Trd, 4318223.643, 103
Trd, 4318224.943, 67
Trd, 4318225.093, 97
Trd, 4318225.293, 100
Trd, 4318225.943, 112
Trd, 4318226.293, 97
Trd, 4318228.143, 118
Trd, 4318229.643, 100
Trd, 4318229.943, 111
Trd, 4318230.843, 101
Trd, 4318231.443, 71
Trd, 4318232.193, 132
Trd, 4318232.843, 107
Trd, 4318233.043, 114
Trd, 4318234.493, 90
Trd, 4318234.743, 79
Trd, 4318234.793, 128
Trd, 4318236.793, 123
Trd, 4318237.143, 122
Trd, 4318237.343, 125
Trd, 4318237.593, 131
Trd, 4318237.743, 84
Trd, 4318238.593, 114
Trd, 4318240.293, 122
Trd, 4318241.043, 117
Trd, 4318241.493, 83
Trd, 4318241.893, 97
Trd, 4318241.993, 74
Trd, 4318243.393, 88
Trd, 4318243.843, 107
Trd, 4318244.293, 86
Trd, 4318245.893, 82
Trd, 4318246.043, 67
Trd, 4318246.743, 80
Trd, 4318246.943, 112
Trd, 4318248.843, 78
Trd, 4318249.443, 76
Trd, 4318251.443, 112
Trd, 4318252.493, 103
Trd, 4318252.743, 101
Trd, 4318253.443, 98
Trd, 4318253.643, 92
Trd, 4318256.143, 113
Trd, 4318256.243, 89
Trd, 4318256.343, 117
Trd, 4318256.393, 85
Trd, 4318257.493, 64
Trd, 4318258.293, 82
Trd, 4318258.843, 113
Trd, 4318258.943, 105
Trd, 4318259.443, 106
Trd, 4318260.043, 140
Trd, 4318260.593, 139
Trd, 4318261.743, 131
Trd, 4318262.493, 139
Trd, 4318263.893, 85
Trd, 4318264.243, 99
Trd, 4318264.943, 68
Trd, 4318266.743, 135
Trd, 4318267.543, 122
Trd, 4318268.443, 109
Trd, 4318268.693, 130
Trd, 4318270.043, 137
Trd, 4318270.743, 126
Trd, 4318270.943, 125
Trd, 4318272.193, 126
Trd, 4318273.293, 125
Trd, 4318273.793, 123
Trd, 4318273.843, 120
Trd, 4318274.343, 105
Trd, 4318275.143, 117
Trd, 4318277.193, 126
Trd, 4318277.343, 119
Trd, 4318278.943, 120
Trd, 4318279.643, 128
Trd, 4318280.193, 140
Trd, 4318281.093, 120
Trd, 4318281.543, 110
Trd, 4318282.843, 134
Trd, 4318282.943, 123
Trd, 4318283.393, 111
Trd, 4318284.993, 125
Trd, 4318285.443, 136
Trd, 4318285.893, 119
Trd, 4318286.493, 80
Trd, 4318287.443, 108
Trd, 4318287.743, 79
Trd, 4318288.743, 75
Trd, 4318289.143, 88
Trd, 4318289.743, 82
Trd, 4318291.643, 113
Trd, 4318291.693, 97
Trd, 4318293.193, 90
Trd, 4318293.293, 111
Trd, 4318293.893, 131
Trd, 4318294.443, 102
Trd, 4318295.343, 88
Trd, 4318296.943, 128
Trd, 4318297.493, 139
Trd, 4318298.343, 140
Trd, 4318299.093, 125
Trd, 4318300.293, 132
Trd, 4318300.793, 123
Trd, 4318301.293, 89
Trd, 4318301.493, 115
Trd, 4318301.843, 130
Trd, 4318302.743, 104
Trd, 4318303.393, 68
Trd, 4318303.793, 76
Trd, 4318304.793, 110
Trd, 4318306.693, 127
Trd, 4318307.243, 117
Trd, 4318307.943, 121
Trd, 4318307.993, 100
Trd, 4318308.593, 73
Trd, 4318308.943, 122
Trd, 4318310.843, 126
Trd, 4318311.143, 124
Trd, 4318311.243, 107
Trd, 4318312.293, 136
Trd, 4318312.443, 119
Trd, 4318313.143, 120
Trd, 4318313.793, 129
Trd, 4318313.893, 83
Trd, 4318315.543, 135
Trd, 4318316.343, 112
Trd, 4318316.643, 90
Trd, 4318316.943, 93
Trd, 4318317.993, 134
Trd, 4318319.293, 124
Trd, 4318320.043, 117
Trd, 4318320.143, 116
Trd, 4318320.793, 110
Trd, 4318321.893, 87
Trd, 4318322.043, 73
Trd, 4318324.743, 136
Trd, 4318325.893, 121
Trd, 4318326.443, 122
Trd, 4318327.393, 107
Trd, 4318327.443, 83
Trd, 4318327.693, 114
Trd, 4318328.243, 117
Trd, 4318328.293, 111
Trd, 4318329.143, 122
Trd, 4318330.143, 108
Trd, 4318330.443, 103
Trd, 4318331.043, 83
Trd, 4318331.793, 69
Trd, 4318332.393, 67
Trd, 4318332.643, 137
Trd, 4318333.493, 79
Trd, 4318334.143, 71
Trd, 4318334.293, 124
Trd, 4318335.693, 137
Trd, 4318336.793, 104
Trd, 4318337.443, 114
Trd, 4318337.743, 75
Trd, 4318338.643, 115
Trd, 4318339.793, 117
Trd, 4318340.493, 116
Trd, 4318341.793, 124
Trd, 4318343.443, 128
Trd, 4318343.793, 129
Trd, 4318344.193, 126
Trd, 4318344.443, 118
Trd, 4318344.893, 113
Trd, 4318345.893, 117
Trd, 4318346.743, 137
Trd, 4318347.443, 98
Trd, 4318347.643, 97
Trd, 4318348.593, 123
Trd, 4318348.893, 123
Trd, 4318350.293, 128
Trd, 4318350.543, 98
Trd, 4318350.843, 98
Trd, 4318351.493, 124
Trd, 4318351.693, 131
Trd, 4318352.443, 64
Trd, 4318353.743, 93
Trd, 4318354.293, 111
Trd, 4318356.043, 81
Trd, 4318356.793, 63
Trd, 4318356.993, 66
Trd, 4318357.343, 76
Trd, 4318358.693, 122
Trd, 4318359.393, 67
Trd, 4318360.043, 83
Trd, 4318361.843, 135
Trd, 4318362.393, 107
Trd, 4318362.693, 112
Trd, 4318363.343, 125
Trd, 4318364.643, 114
Trd, 4318365.143, 125
Trd, 4318365.443, 117
Trd, 4318365.693, 67
Trd, 4318367.143, 112
Trd, 4318367.493, 108
Trd, 4318367.643, 99
Trd, 4318367.893, 89
Trd, 4318368.443, 131
Trd, 4318369.343, 96
Trd, 4318369.993, 90
Trd, 4318371.593, 109
Trd, 4318371.643, 123
Trd, 4318371.843, 105
Trd, 4318372.093, 85
Trd, 4318372.593, 134
Trd, 4318373.043, 105
Trd, 4318374.693, 135
Trd, 4318375.643, 133
Trd, 4318376.593, 127
Trd, 4318377.943, 110
Trd, 4318378.393, 109
Trd, 4318378.493, 98
Trd, 4318379.193, 98
Trd, 4318382.393, 82
Trd, 4318382.493, 86
Trd, 4318382.893, 81
Trd, 4318383.593, 80
Trd, 4318384.093, 127
Trd, 4318384.193, 108
Trd, 4318385.443, 109
Trd, 4318387.043, 105
Trd, 4318387.093, 118
Trd, 4318387.593, 114
Trd, 4318388.643, 125
Trd, 4318389.693, 104
Trd, 4318390.193, 101
Trd, 4318390.443, 103
Trd, 4318390.793, 135
Trd, 4318391.343, 102
Trd, 4318391.843, 112
Trd, 4318392.693, 134
Trd, 4318393.293, 90
Trd, 4318395.243, 138
Trd, 4318395.393, 110
Trd, 4318395.843, 140
Trd, 4318397.093, 109
Trd, 4318397.293, 104
Trd, 4318397.593, 135
Trd, 4318398.543, 102
Trd, 4318399.043, 116
Trd, 4318399.643, 133
Trd, 4318399.943, 101
Trd, 4318400.843, 90
Trd, 4318401.743, 104
Trd, 4318401.893, 86
Trd, 4318404.743, 140
Trd, 4318404.893, 125
Trd, 4318406.893, 125
Trd, 4318407.293, 119
Trd, 4318407.693, 104
Trd, 4318408.443, 108
Trd, 4318408.493, 100
Trd, 4318409.693, 119
Trd, 4318410.043, 117
Trd, 4318410.343, 114
Trd, 4318410.543, 91
Trd, 4318412.743, 124
Trd, 4318413.993, 140
Trd, 4318414.243, 134
Trd, 4318414.643, 120
Trd, 4318415.343, 95
Trd, 4318416.143, 115
Trd, 4318417.843, 138
Trd, 4318418.043, 125
Trd, 4318418.343, 102
Trd, 4318418.643, 108
Trd, 4318418.743, 98
Trd, 4318420.043, 64
Trd, 4318420.943, 91
Trd, 4318422.393, 125
Trd, 4318423.093, 122
Trd, 4318423.793, 132
Trd, 4318424.743, 116
Trd, 4318425.093, 110
Trd, 4318425.593, 83
Trd, 4318425.843, 84
Trd, 4318426.243, 69
Trd, 4318426.743, 130
Trd, 4318426.993, 104
Trd, 4318429.193, 123
Trd, 4318429.943, 101
Trd, 4318430.543, 89
Trd, 4318431.993, 118
Trd, 4318434.343, 123
Trd, 4318435.393, 122
Trd, 4318435.593, 115
Trd, 4318436.493, 136
Trd, 4318438.043, 114
Trd, 4318438.093, 108
Trd, 4318438.393, 107
Trd, 4318439.343, 115
Trd, 4318439.793, 129
Trd, 4318440.893, 119
Trd, 4318442.343, 113
Trd, 4318442.493, 101
Trd, 4318443.093, 97
Trd, 4318443.443, 84
Trd, 4318445.393, 132
Trd, 4318445.593, 136
Trd, 4318446.043, 112
Trd, 4318446.243, 126
Trd, 4318446.293, 94
Trd, 4318447.343, 93
Trd, 4318448.293, 116
Trd, 4318448.693, 101
Trd, 4318449.693, 123
Trd, 4318449.943, 92
Trd, 4318450.593, 140
Trd, 4318450.743, 110
Trd, 4318450.843, 108
Trd, 4318451.893, 110
Trd, 4318452.293, 119
Trd, 4318452.993, 94
Trd, 4318453.793, 87
Trd, 4318454.493, 135
Trd, 4318455.393, 91
Trd, 4318456.993, 84
Trd, 4318457.043, 123
Trd, 4318457.693, 77
Trd, 4318458.143, 132
Trd, 4318459.493, 60
Trd, 4318460.143, 69
Trd, 4318460.643, 139
Trd, 4318461.093, 75
Trd, 4318462.593, 114
Trd, 4318462.693, 112
Trd, 4318463.893, 132
Trd, 4318465.093, 105
Trd, 4318465.293, 97
Trd, 4318465.393, 96
Trd, 4318465.443, 115
Trd, 4318467.293, 81
Trd, 4318467.843, 108
Trd, 4318468.443, 95
Trd, 4318469.043, 83
Trd, 4318469.943, 109
Trd, 4318470.593, 98
Trd, 4318470.643, 79
Trd, 4318472.243, 124
Trd, 4318472.893, 66
Trd, 4318473.793, 106
Trd, 4318474.293, 100
Trd, 4318474.493, 95
Trd, 4318475.493, 98
Trd, 4318476.243, 120
Trd, 4318476.693, 84
Trd, 4318479.193, 106
Trd, 4318479.243, 104
Trd, 4318479.343, 97
Trd, 4318480.943, 120
Trd, 4318481.643, 136
Trd, 4318482.193, 115
Trd, 4318484.343, 138
Trd, 4318485.093, 127
Trd, 4318485.643, 111
Trd, 4318486.593, 132
Trd, 4318486.693, 125
Trd, 4318486.843, 108
Trd, 4318486.943, 79
Trd, 4318487.993, 120
Trd, 4318488.293, 107
Trd, 4318488.543, 110
Trd, 4318489.893, 115
Trd, 4318490.343, 123
Trd, 4318491.593, 100
Trd, 4318492.093, 95
Trd, 4318492.143, 76
Trd, 4318492.993, 139
Trd, 4318493.793, 92
Trd, 4318494.443, 125
Trd, 4318495.143, 140
Trd, 4318495.243, 139
Trd, 4318496.093, 116
Trd, 4318498.293, 98
Trd, 4318498.643, 90
Trd, 4318498.843, 89
Trd, 4318499.343, 102
Trd, 4318500.643, 91
Trd, 4318500.893, 124
Trd, 4318500.943, 124
Trd, 4318501.793, 124
Trd, 4318502.743, 100
Trd, 4318502.793, 85
Trd, 4318503.543, 87
Trd, 4318504.643, 117
Trd, 4318505.893, 133
Trd, 4318506.043, 127
Trd, 4318508.193, 127
Trd, 4318509.543, 113
Trd, 4318509.693, 104
Trd, 4318510.393, 129
Trd, 4318511.343, 131
Trd, 4318511.443, 91
Trd, 4318511.743, 82
Trd, 4318511.943, 89
Trd, 4318512.293, 128
Trd, 4318512.643, 109
Trd, 4318512.893, 132
Trd, 4318512.993, 82
Trd, 4318514.093, 90
Trd, 4318515.193, 106
Trd, 4318516.693, 82
Trd, 4318517.293, 96
Trd, 4318517.343, 106
Trd, 4318518.093, 95
Trd, 4318518.343, 91
Trd, 4318518.493, 94
Trd, 4318520.843, 108
Trd, 4318521.393, 111
Trd, 4318522.993, 100
Trd, 4318523.293, 99
Trd, 4318525.193, 114
Trd, 4318525.743, 138
Trd, 4318526.343, 132
Trd, 4318526.693, 125
Trd, 4318527.693, 71
Trd, 4318527.843, 79
Trd, 4318528.693, 88
Trd, 4318529.693, 64
Trd, 4318529.943, 66
Trd, 4318531.793, 95
Trd, 4318531.843, 105
Trd, 4318531.943, 66
Trd, 4318532.343, 78
Trd, 4318532.993, 102
Trd, 4318533.343, 112
Trd, 4318534.193, 91
Trd, 4318535.343, 95
Trd, 4318535.743, 92
Trd, 4318536.643, 96
Trd, 4318537.193, 85
Trd, 4318538.693, 77
Trd, 4318539.093, 101
Trd, 4318539.893, 78
Trd, 4318540.643, 76
Trd, 4318542.293, 62
Trd, 4318542.393, 95
Trd, 4318543.143, 132
Trd, 4318543.293, 125
Trd, 4318544.793, 89
Trd, 4318545.043, 84
Trd, 4318546.643, 134
Trd, 4318546.843, 94
Trd, 4318547.043, 108
Trd, 4318547.743, 110
Trd, 4318548.243, 89
Trd, 4318548.943, 65
Trd, 4318550.393, 107
Trd, 4318550.993, 117
Trd, 4318551.643, 89
Trd, 4318551.693, 74
Trd, 4318552.343, 65
Trd, 4318552.843, 68
Trd, 4318553.793, 93
Trd, 4318555.193, 109
Trd, 4318556.043, 108
Trd, 4318557.543, 139
Trd, 4318557.593, 128
Trd, 4318557.743, 138
Trd, 4318558.743, 135
Trd, 4318558.843, 100
Trd, 4318559.293, 89
Trd, 4318560.343, 97
Trd, 4318561.243, 140
Trd, 4318561.293, 92
Trd, 4318561.893, 74
Trd, 4318562.393, 68
Trd, 4318562.943, 109
Trd, 4318563.893, 71
Trd, 4318565.193, 90
Trd, 4318566.643, 78
Trd, 4318566.693, 104
Trd, 4318567.593, 108
Trd, 4318569.843, 140
Trd, 4318570.193, 124
Trd, 4318570.493, 101
Trd, 4318571.093, 95
Trd, 4318571.243, 94
Trd, 4318573.393, 124
Trd, 4318574.193, 121
Trd, 4318574.293, 102
Trd, 4318575.043, 136
Trd, 4318575.143, 135
Trd, 4318575.943, 135
Trd, 4318576.243, 100
Trd, 4318576.843, 104
Trd, 4318577.293, 111
Trd, 4318577.943, 128
Trd, 4318578.393, 117
Trd, 4318579.343, 89
Trd, 4318580.343, 60
Trd, 4318581.093, 66
Trd, 4318581.893, 63
Trd, 4318583.143, 130
Trd, 4318583.643, 60
Trd, 4318584.593, 85
Trd, 4318585.143, 72
Trd, 4318585.893, 71
Trd, 4318586.543, 100
Trd, 4318587.643, 105
Trd, 4318588.143, 131
Trd, 4318589.543, 72
Trd, 4318589.693, 74
Trd, 4318592.143, 136
Trd, 4318592.593, 135
Trd, 4318593.093, 130
Trd, 4318593.443, 135
Trd, 4318593.593, 129
Trd, 4318595.243, 116
Trd, 4318595.293, 124
Trd, 4318595.493, 103
Trd, 4318595.743, 73
Trd, 4318597.493, 136
Trd, 4318597.593, 118
Trd, 4318598.393, 101
Trd, 4318598.743, 107
Trd, 4318600.643, 137
Trd, 4318600.993, 121
Trd, 4318601.743, 123
Trd, 4318601.843, 87
Trd, 4318602.943, 120
Trd, 4318603.443, 121
Trd, 4318603.793, 81
Trd, 4318604.293, 99
Trd, 4318604.893, 60
Trd, 4318605.543, 110
Trd, 4318607.393, 71
Trd, 4318607.643, 61
Trd, 4318607.893, 72
Trd, 4318608.393, 119
Trd, 4318608.743, 77
Trd, 4318611.743, 136
Trd, 4318612.193, 131
Trd, 4318613.193, 124
Trd, 4318613.793, 129
Trd, 4318615.393, 103
Trd, 4318615.693, 106
Trd, 4318616.493, 108
Trd, 4318616.843, 125
Trd, 4318617.043, 115
Trd, 4318617.193, 92
Trd, 4318618.193, 66
Trd, 4318618.393, 60
Trd, 4318620.143, 117
Trd, 4318620.943, 109
Trd, 4318622.143, 103
Trd, 4318622.343, 132
Trd, 4318622.393, 91
Trd, 4318622.793, 90
Trd, 4318623.343, 86
Trd, 4318623.493, 116
Trd, 4318624.793, 107
Trd, 4318626.693, 124
Trd, 4318626.843, 117
Trd, 4318626.993, 105
Trd, 4318628.143, 112
Trd, 4318629.093, 123
Trd, 4318630.493, 123
Trd, 4318630.743, 123
Trd, 4318631.643, 123
Trd, 4318631.693, 122
Trd, 4318631.793, 116
Trd, 4318631.843, 115
Trd, 4318632.143, 134
Trd, 4318633.843, 76
Trd, 4318634.893, 74
Trd, 4318635.543, 99
Trd, 4318635.693, 118
Trd, 4318637.043, 128
Trd, 4318639.143, 129
Trd, 4318639.443, 125
Trd, 4318641.243, 106
Trd, 4318641.643, 121
Trd, 4318641.943, 98
Trd, 4318642.643, 83
Trd, 4318644.243, 128
Trd, 4318644.393, 127
Trd, 4318644.693, 115
Trd, 4318647.293, 139
Trd, 4318647.793, 132
Trd, 4318648.693, 131
Trd, 4318649.193, 105
Trd, 4318649.293, 103
Trd, 4318650.543, 120
Trd, 4318650.893, 75
Trd, 4318652.393, 128
Trd, 4318652.843, 121
Trd, 4318653.993, 101
Trd, 4318654.393, 124
Trd, 4318654.843, 80
Trd, 4318656.743, 117
Trd, 4318657.043, 96
Trd, 4318657.693, 133
Trd, 4318658.593, 125
Trd, 4318658.643, 120
Trd, 4318659.493, 94
Trd, 4318660.043, 120
Trd, 4318660.943, 117
Trd, 4318661.443, 93
Trd, 4318663.643, 107
Trd, 4318664.843, 122
Trd, 4318665.143, 120
Trd, 4318665.293, 114
Trd, 4318665.443, 103
Trd, 4318665.593, 98
Trd, 4318666.293, 113
Trd, 4318667.643, 114
Trd, 4318667.743, 90
Trd, 4318667.893, 86
Trd, 4318668.793, 118
Trd, 4318670.593, 121
Trd, 4318670.943, 91
Trd, 4318672.093, 103
Trd, 4318672.543, 128
Trd, 4318673.143, 113
Trd, 4318674.243, 74
Trd, 4318675.043, 135
Trd, 4318677.993, 124
Trd, 4318678.343, 99
Trd, 4318678.443, 96
Trd, 4318679.243, 97
Trd, 4318681.193, 102
Trd, 4318682.093, 102
Trd, 4318682.143, 129
Trd, 4318682.543, 133
Trd, 4318682.893, 117
Trd, 4318682.993, 106
Trd, 4318683.743, 131
Trd, 4318684.743, 81
Trd, 4318685.893, 132
Trd, 4318686.443, 116
Trd, 4318688.643, 103
Trd, 4318689.193, 101
Trd, 4318689.293, 84
Trd, 4318689.893, 100
Trd, 4318689.993, 98
Trd, 4318690.943, 115
Trd, 4318691.743, 116
Trd, 4318692.093, 99
Trd, 4318693.193, 93
Trd, 4318693.793, 79
Trd, 4318693.943, 89
Trd, 4318694.843, 140
Trd, 4318695.193, 131
Trd, 4318695.793, 86
Trd, 4318696.943, 84
Trd, 4318698.043, 85
Trd, 4318698.993, 118
Trd, 4318699.243, 132
Trd, 4318700.393, 123
Trd, 4318700.593, 137
Trd, 4318701.343, 118
Trd, 4318701.693, 112
Trd, 4318702.593, 88
Trd, 4318703.493, 134
Trd, 4318703.693, 93
Trd, 4318703.743, 87
Trd, 4318705.093, 136
Trd, 4318706.793, 130
Trd, 4318707.043, 117
Trd, 4318707.393, 125
Trd, 4318707.543, 138
Trd, 4318707.593, 108
Trd, 4318708.293, 127
Trd, 4318709.243, 137
Trd, 4318710.943, 135
Trd, 4318711.043, 127
Trd, 4318711.543, 121
Trd, 4318711.843, 102
Trd, 4318712.243, 102
Trd, 4318713.143, 131
Trd, 4318713.193, 100
Trd, 4318714.443, 104
Trd, 4318714.793, 133
Trd, 4318715.343, 88
Trd, 4318715.843, 74
Trd, 4318715.993, 85
Trd, 4318716.693, 136
Trd, 4318719.143, 140
Trd, 4318719.293, 138
Trd, 4318720.643, 117
Trd, 4318720.743, 116
Trd, 4318721.243, 112
Trd, 4318721.443, 100
Trd, 4318723.043, 62
Trd, 4318724.093, 74
Trd, 4318724.143, 92
Trd, 4318724.743, 75
Trd, 4318726.393, 140
Trd, 4318727.793, 121
Trd, 4318728.243, 113
Trd, 4318728.443, 104
Trd, 4318729.243, 79
Trd, 4318730.593, 126
Trd, 4318732.043, 140
Trd, 4318732.843, 131
Trd, 4318733.443, 121
Trd, 4318734.343, 107
Trd, 4318734.443, 103
Trd, 4318735.093, 126
Trd, 4318735.543, 119
Trd, 4318735.643, 106
Trd, 4318737.243, 103
Trd, 4318737.843, 128
Trd, 4318739.743, 73
Trd, 4318740.293, 119
Trd, 4318741.343, 72
Trd, 4318742.043, 110
Trd, 4318742.893, 133
Trd, 4318743.143, 128
Trd, 4318743.343, 122
Trd, 4318743.643, 110
Trd, 4318745.343, 114
Trd, 4318745.643, 84
Trd, 4318745.993, 101
Trd, 4318747.293, 122
Trd, 4318748.043, 136
Trd, 4318748.593, 105
Trd, 4318748.843, 81
Trd, 4318750.843, 93
Trd, 4318751.443, 135
Trd, 4318751.543, 85
Trd, 4318753.193, 82
Trd, 4318753.343, 132
Trd, 4318753.793, 93
Trd, 4318753.993, 99
Trd, 4318754.043, 75
Trd, 4318755.343, 124
Trd, 4318755.943, 102
Trd, 4318756.493, 107
Trd, 4318757.993, 64
Trd, 4318758.343, 105
Trd, 4318759.193, 132
Trd, 4318759.343, 130
Trd, 4318759.393, 125
Trd, 4318759.493, 121
Trd, 4318759.793, 119
Trd, 4318761.693, 76
Trd, 4318762.943, 109
Trd, 4318763.693, 93
Trd, 4318764.093, 99
Trd, 4318764.993, 61
Trd, 4318766.443, 140
Trd, 4318767.093, 131
Trd, 4318767.643, 128
Trd, 4318768.043, 125
Trd, 4318768.243, 112
Trd, 4318770.443, 93
Trd, 4318771.693, 79
Trd, 4318772.543, 72
Trd, 4318772.693, 77
Trd, 4318773.043, 80
Trd, 4318773.493, 128
Trd, 4318773.543, 125
Trd, 4318774.643, 83
Trd, 4318776.443, 90
Trd, 4318776.593, 100
Trd, 4318776.643, 80
Trd, 4318777.893, 119
Trd, 4318778.443, 124
Trd, 4318778.543, 131
Trd, 4318779.493, 100
Trd, 4318779.543, 98
Trd, 4318779.993, 90
Trd, 4318780.393, 120
Trd, 4318781.093, 85
Trd, 4318781.643, 84
Trd, 4318783.893, 134
Trd, 4318783.943, 115
Trd, 4318784.393, 111
Trd, 4318785.843, 127
Trd, 4318786.393, 112
Trd, 4318788.143, 114
Trd, 4318789.093, 113
Trd, 4318790.093, 91
Trd, 4318790.643, 98
Trd, 4318791.143, 98
Trd, 4318792.493, 110
Trd, 4318793.093, 86
Trd, 4318793.643, 78
Trd, 4318794.143, 77
Trd, 4318795.543, 103
Trd, 4318796.943, 67
Trd, 4318797.193, 69
Trd, 4318798.093, 120
Trd, 4318798.293, 125
Trd, 4318798.743, 122
Trd, 4318799.343, 84
Trd, 4318801.593, 124
Trd, 4318802.093, 128
Trd, 4318802.343, 128
Trd, 4318802.643, 113
Trd, 4318805.143, 117
Trd, 4318805.743, 92
Trd, 4318806.443, 83
Trd, 4318806.843, 106
Trd, 4318807.793, 123
Trd, 4318807.943, 111
Trd, 4318808.143, 140
Trd, 4318808.593, 99
Trd, 4318810.143, 93
Trd, 4318810.743, 140
Trd, 4318811.243, 130
Trd, 4318811.893, 74
Trd, 4318812.193, 66
Trd, 4318812.843, 64
Trd, 4318814.243, 60
Trd, 4318815.093, 83
Trd, 4318815.193, 73
Trd, 4318815.493, 127
Trd, 4318816.543, 62
Trd, 4318816.593, 80
Trd, 4318816.993, 70
Trd, 4318817.793, 126
Trd, 4318818.693, 128
Trd, 4318819.393, 90
Trd, 4318821.593, 126
Trd, 4318821.993, 126
Trd, 4318822.643, 115
Trd, 4318822.693, 109
Trd, 4318823.793, 109
Trd, 4318824.193, 130
Trd, 4318825.393, 127
Trd, 4318825.543, 120
Trd, 4318825.793, 65
Trd, 4318827.843, 109
Trd, 4318828.093, 135
Trd, 4318828.943, 107
Trd, 4318829.093, 98
Trd, 4318829.443, 82
Trd, 4318830.243, 67
Trd, 4318830.743, 111
Trd, 4318831.743, 90
Trd, 4318833.143, 135
Trd, 4318833.343, 116
Trd, 4318834.943, 114
Trd, 4318835.043, 98
Trd, 4318835.843, 140
Trd, 4318836.443, 135
Trd, 4318836.743, 138
Trd, 4318836.843, 117
Trd, 4318837.093, 103
Trd, 4318837.443, 88
Trd, 4318838.793, 135
Trd, 4318839.543, 111
Trd, 4318840.493, 112
Trd, 4318841.493, 108
Trd, 4318842.243, 127
Trd, 4318842.943, 113
Trd, 4318842.993, 106
Trd, 4318843.843, 137
Trd, 4318844.843, 131
Trd, 4318845.443, 109
Trd, 4318845.693, 132
Trd, 4318846.393, 136
Trd, 4318847.043, 131
Trd, 4318847.893, 121
Trd, 4318848.543, 105
Trd, 4318849.643, 102
Trd, 4318850.893, 77
Trd, 4318851.643, 61
Trd, 4318851.893, 60
Trd, 4318852.343, 76
Trd, 4318853.243, 108
Trd, 4318853.993, 106
Trd, 4318855.493, 125
Trd, 4318855.593, 119
Trd, 4318857.743, 127
Trd, 4318857.943, 123
Trd, 4318858.793, 139
Trd, 4318859.143, 111
Trd, 4318859.293, 101
Trd, 4318861.293, 126
Trd, 4318863.093, 134
Trd, 4318863.693, 120
Trd, 4318865.543, 115
Trd, 4318865.743, 112
Trd, 4318866.693, 102
Trd, 4318868.243, 128
Trd, 4318868.393, 104
Trd, 4318868.843, 120
Trd, 4318869.643, 93
Trd, 4318869.943, 95
Trd, 4318869.993, 75
Trd, 4318872.593, 63
Trd, 4318872.993, 81
Trd, 4318873.093, 114
Trd, 4318874.643, 61
Trd, 4318875.093, 96
Trd, 4318876.443, 124
Trd, 4318876.593, 109
Trd, 4318877.093, 85
Trd, 4318877.993, 140
Trd, 4318878.393, 65
Trd, 4318878.643, 89
Trd, 4318880.693, 72
Trd, 4318880.893, 87
Trd, 4318881.943, 66
Trd, 4318881.993, 66
Trd, 4318882.193, 107
Trd, 4318882.493, 72
Trd, 4318883.443, 94
Trd, 4318884.143, 140
Trd, 4318885.093, 126
Trd, 4318885.143, 119
Trd, 4318885.893, 124
Trd, 4318886.693, 125
Trd, 4318888.043, 88
Trd, 4318888.243, 85
Trd, 4318889.693, 125
Trd, 4318891.593, 135
Trd, 4318892.043, 98
Trd, 4318892.393, 99
Trd, 4318892.443, 98
Trd, 4318892.843, 82
Trd, 4318894.043, 126
Trd, 4318895.993, 98
Trd, 4318896.993, 101
Trd, 4318897.593, 91
Trd, 4318899.443, 115
Trd, 4318899.693, 103
Trd, 4318899.743, 116
Trd, 4318900.543, 93
Trd, 4318902.093, 140
Trd, 4318902.693, 138
Trd, 4318902.993, 135
Trd, 4318903.143, 121
Trd, 4318904.343, 98
Trd, 4318904.543, 97
Trd, 4318905.793, 112
Trd, 4318906.543, 140
Trd, 4318907.193, 132
Trd, 4318907.593, 98
Trd, 4318909.043, 111
Trd, 4318909.393, 94
Trd, 4318909.493, 84
Trd, 4318911.043, 112
Trd, 4318911.993, 119
Trd, 4318912.093, 114
Trd, 4318913.343, 105
Trd, 4318914.043, 134
Trd, 4318915.493, 127
Trd, 4318915.793, 135
Trd, 4318917.193, 129
Trd, 4318917.493, 103
Trd, 4318919.593, 101
Trd, 4318919.943, 82
Trd, 4318920.893, 100
Trd, 4318923.193, 90
Trd, 4318923.943, 138
Trd, 4318924.993, 95
Trd, 4318926.493, 108
Trd, 4318926.643, 138
Trd, 4318926.743, 102
Trd, 4318928.243, 119
Trd, 4318928.943, 118
Trd, 4318929.343, 114
Trd, 4318929.443, 87
Trd, 4318930.143, 139
Trd, 4318930.393, 119
Trd, 4318930.793, 96
Trd, 4318932.493, 109
Trd, 4318933.043, 107
Trd, 4318933.493, 107
Trd, 4318933.893, 115
Trd, 4318936.693, 139
Trd, 4318937.643, 134
Trd, 4318938.193, 133
Trd, 4318938.893, 128
Trd, 4318939.793, 133
Trd, 4318940.243, 127
Trd, 4318940.393, 118
Trd, 4318941.243, 137
Trd, 4318942.093, 135
Trd, 4318942.243, 62
Trd, 4318942.943, 67
Trd, 4318944.493, 92
Trd, 4318945.343, 117
Trd, 4318945.893, 128
Trd, 4318945.943, 122
Trd, 4318947.443, 139
Trd, 4318947.493, 101
Trd, 4318948.293, 76
Trd, 4318948.493, 90
Trd, 4318950.943, 98
Trd, 4318951.943, 140
Trd, 4318952.393, 134
Trd, 4318952.493, 131
Trd, 4318953.943, 122
Trd, 4318954.043, 97
Trd, 4318955.493, 93
Trd, 4318956.343, 74
Trd, 4318956.543, 107
Trd, 4318956.943, 100
Trd, 4318957.793, 128
Trd, 4318959.093, 111
Trd, 4318959.543, 101
Trd, 4318959.843, 110
Trd, 4318960.793, 95
Trd, 4318961.043, 100
Trd, 4318961.643, 94
Trd, 4318963.643, 109
Trd, 4318964.193, 99
Trd, 4318964.393, 89
Trd, 4318964.943, 98
Trd, 4318965.643, 77
Trd, 4318967.193, 105
Trd, 4318967.793, 93
Trd, 4318968.743, 112
Trd, 4318969.593, 124
Trd, 4318969.893, 83
Trd, 4318970.193, 133
Trd, 4318972.543, 137
Trd, 4318972.693, 136
Trd, 4318972.943, 133
Trd, 4318973.343, 122
Trd, 4318973.543, 119
Trd, 4318973.843, 122
Trd, 4318975.043, 125
Trd, 4318975.493, 122
Trd, 4318975.743, 115
Trd, 4318976.793, 104
Trd, 4318977.393, 99
Trd, 4318978.743, 105
Trd, 4318979.793, 114
Trd, 4318980.143, 124
Trd, 4318981.693, 126
Trd, 4318981.943, 116
Trd, 4318983.143, 121
Trd, 4318984.193, 106
Trd, 4318984.743, 105
Trd, 4318985.043, 102
Trd, 4318985.143, 107
Trd, 4318985.693, 113
Trd, 4318986.243, 134
Trd, 4318986.793, 88
Trd, 4318987.393, 140
Trd, 4318990.943, 135
Trd, 4318991.193, 124
Trd, 4318991.393, 127
Trd, 4318992.893, 138
Trd, 4318993.593, 126
Trd, 4318993.643, 119
Trd, 4318994.143, 115
Trd, 4318995.193, 108
Trd, 4318995.543, 100
Trd, 4318996.543, 114
Trd, 4318996.843, 110
Trd, 4318998.643, 114
Trd, 4318998.693, 109
Trd, 4318998.943, 90
Trd, 4318999.793, 138
Trd, 4319001.743, 116
Trd, 4319002.443, 107
Trd, 4319003.143, 128
Trd, 4319003.643, 118
Trd, 4319003.693, 112
Trd, 4319003.793, 100
Trd, 4319006.643, 122
Trd, 4319008.543, 113
Trd, 4319008.993, 113
Trd, 4319009.493, 138
Trd, 4319009.993, 103
Trd, 4319011.193, 111
Trd, 4319012.093, 113
Trd, 4319012.243, 104
Trd, 4319013.243, 131
Trd, 4319014.843, 105
Trd, 4319015.543, 97
Trd, 4319015.993, 140
Trd, 4319016.293, 133
Trd, 4319016.993, 127
Trd, 4319017.243, 93
Trd, 4319018.143, 66
Trd, 4319018.893, 110
Trd, 4319019.443, 110
Trd, 4319020.243, 99
Trd, 4319020.543, 98
Trd, 4319020.693, 96
Trd, 4319021.193, 100
Trd, 4319021.443, 96
Trd, 4319025.143, 138
Trd, 4319025.543, 123
Trd, 4319025.643, 119
Trd, 4319026.143, 114
Trd, 4319026.593, 137
Trd, 4319026.893, 139
Trd, 4319029.243, 136
Trd, 4319029.493, 99
Trd, 4319030.443, 104
Trd, 4319030.943, 125
Trd, 4319031.343, 117
Trd, 4319031.493, 88
Trd, 4319033.993, 107
Trd, 4319034.893, 89
Trd, 4319035.843, 85
Trd, 4319036.243, 94
Trd, 4319036.643, 130
Trd, 4319037.043, 96
Trd, 4319038.643, 132
Trd, 4319038.893, 130
Trd, 4319038.943, 126
Trd, 4319038.993, 102
Trd, 4319039.443, 137
Trd, 4319039.543, 82
Trd, 4319040.893, 88
Trd, 4319041.693, 116
Trd, 4319042.593, 127
Trd, 4319044.093, 115
Trd, 4319044.243, 97
Trd, 4319044.393, 90
Trd, 4319044.743, 78
Trd, 4319045.143, 69
Trd, 4319046.243, 79
Trd, 4319046.843, 110
Trd, 4319047.593, 106
Trd, 4319050.043, 135
Trd, 4319050.543, 136
Trd, 4319051.143, 128
Trd, 4319052.293, 132
Trd, 4319053.493, 139
Trd, 4319053.743, 130
Trd, 4319053.893, 124
Trd, 4319054.393, 122
Trd, 4319054.943, 120
Trd, 4319055.443, 136
Trd, 4319055.893, 101
Trd, 4319056.593, 132
Trd, 4319059.193, 68
Trd, 4319059.743, 111
Trd, 4319060.593, 133
Trd, 4319061.093, 87
Trd, 4319061.543, 125
Trd, 4319063.193, 137
Trd, 4319063.343, 132
Trd, 4319064.193, 131
Trd, 4319065.093, 96
Trd, 4319065.343, 95
Trd, 4319065.643, 127
Trd, 4319066.343, 122
Trd, 4319067.193, 121
Trd, 4319067.493, 69
Trd, 4319068.193, 138
Trd, 4319069.093, 118
Trd, 4319069.943, 93
Trd, 4319071.893, 129
Trd, 4319073.093, 123
Trd, 4319073.293, 129
Trd, 4319074.893, 139
Trd, 4319074.943, 129
Trd, 4319075.143, 111
Trd, 4319075.443, 107
Trd, 4319075.793, 122
Trd, 4319078.443, 132
Trd, 4319078.593, 126
Trd, 4319079.193, 120
Trd, 4319080.043, 105
Trd, 4319080.093, 105
Trd, 4319080.293, 98
Trd, 4319082.043, 87
Trd, 4319082.643, 111
Trd, 4319082.943, 122
Trd, 4319083.043, 82
Trd, 4319083.343, 93
Trd, 4319084.543, 60
Trd, 4319086.443, 128
Trd, 4319086.643, 133
Trd, 4319087.393, 132
Trd, 4319087.593, 131
Trd, 4319087.643, 123
Trd, 4319088.643, 98
Trd, 4319089.443, 140
Trd, 4319089.843, 93
Trd, 4319091.293, 127
Trd, 4319091.393, 103
Trd, 4319091.493, 102
Trd, 4319092.943, 102
Trd, 4319093.993, 83
Trd, 4319094.393, 128
Trd, 4319095.943, 135
Trd, 4319096.643, 111
Trd, 4319097.193, 110
Trd, 4319097.943, 106
Trd, 4319098.693, 123
Trd, 4319098.893, 125
Trd, 4319100.393, 90
Trd, 4319100.643, 80
Trd, 4319101.243, 76
Trd, 4319101.743, 120
Trd, 4319102.443, 98
Trd, 4319102.993, 139
Trd, 4319104.843, 120
Trd, 4319105.143, 91
Trd, 4319105.343, 69
Trd, 4319105.793, 101
Trd, 4319108.143, 140
Trd, 4319110.143, 129
Trd, 4319110.743, 128
Trd, 4319111.393, 120
Trd, 4319111.793, 126
Trd, 4319113.293, 113
Trd, 4319113.493, 108
Trd, 4319114.293, 136
Trd, 4319114.943, 98
Trd, 4319115.643, 96
Trd, 4319115.893, 84
Trd, 4319116.193, 116
Trd, 4319116.443, 103
Trd, 4319118.893, 140
Trd, 4319118.943, 138
Trd, 4319121.093, 127
Trd, 4319121.643, 114
Trd, 4319121.693, 109
Trd, 4319123.093, 139
Trd, 4319123.793, 138
Trd, 4319124.393, 129
Trd, 4319124.443, 116
Trd, 4319124.493, 107
Trd, 4319124.893, 99
Trd, 4319125.693, 116
Trd, 4319126.893, 62
Trd, 4319128.143, 114
Trd, 4319128.443, 112
Trd, 4319128.893, 114
Trd, 4319130.143, 107
Trd, 4319130.393, 81
Trd, 4319130.743, 71
Trd, 4319131.943, 103
Trd, 4319132.393, 86
Trd, 4319133.593, 90
Trd, 4319134.193, 88
Trd, 4319134.943, 112
Trd, 4319135.243, 101
Trd, 4319137.593, 134
Trd, 4319138.293, 138
Trd, 4319138.893, 120
Trd, 4319139.243, 109
Trd, 4319139.543, 108
Trd, 4319139.643, 105
Trd, 4319140.243, 96
Trd, 4319140.743, 140
Trd, 4319143.393, 104
Trd, 4319143.643, 83
Trd, 4319144.193, 99
Trd, 4319144.893, 98
Trd, 4319145.093, 112
Trd, 4319147.493, 95
Trd, 4319148.093, 122
Trd, 4319148.493, 131
Trd, 4319148.543, 118
Trd, 4319149.143, 93
Trd, 4319149.943, 99
Trd, 4319151.143, 120
Trd, 4319151.393, 113
Trd, 4319151.443, 102
Trd, 4319151.643, 87
Trd, 4319152.293, 94
Trd, 4319153.543, 99
Trd, 4319154.043, 112
Trd, 4319154.243, 105
Trd, 4319156.143, 135
Trd, 4319156.643, 122
Trd, 4319157.493, 98
Trd, 4319158.343, 103
Trd, 4319158.593, 71
Trd, 4319159.543, 74
Trd, 4319160.043, 91
Trd, 4319160.393, 103
Trd, 4319161.693, 79
Trd, 4319161.893, 77
Trd, 4319162.243, 110
Trd, 4319163.293, 68
Trd, 4319163.943, 113
Trd, 4319164.543, 66
Trd, 4319164.843, 113
Trd, 4319165.243, 110
Trd, 4319167.193, 104
Trd, 4319168.093, 139
Trd, 4319168.743, 136
Trd, 4319168.843, 131
Trd, 4319169.043, 123
Trd, 4319169.893, 115
Trd, 4319171.893, 135
Trd, 4319172.543, 99
Trd, 4319173.343, 111
Trd, 4319174.293, 121
Trd, 4319174.443, 115
Trd, 4319174.793, 115
Trd, 4319175.993, 69
Trd, 4319176.443, 84
Trd, 4319177.493, 110
Trd, 4319177.743, 109
Trd, 4319178.493, 130
Trd, 4319178.893, 103
Trd, 4319179.343, 100
Trd, 4319179.893, 83
Trd, 4319180.893, 119
Trd, 4319181.593, 137
Trd, 4319181.943, 120
Trd, 4319182.343, 123
Trd, 4319183.593, 138
Trd, 4319183.943, 134
Trd, 4319184.043, 85
Trd, 4319184.893, 78
Trd, 4319186.143, 89
Trd, 4319188.693, 125
Trd, 4319188.943, 118
Trd, 4319189.193, 88
Trd, 4319190.093, 68
Trd, 4319190.343, 121
Trd, 4319190.643, 94
Trd, 4319191.543, 81
Trd, 4319191.993, 123
Trd, 4319192.393, 73
Trd, 4319194.943, 139
Trd, 4319195.043, 140
Trd, 4319195.193, 130
Trd, 4319196.043, 111
Trd, 4319196.943, 139
Trd, 4319197.393, 105
Trd, 4319197.893, 116
Trd, 4319197.943, 70
Trd, 4319199.543, 60
Trd, 4319200.693, 84
Trd, 4319201.143, 86
Trd, 4319201.393, 102
Trd, 4319201.643, 85
Trd, 4319203.393, 115
Trd, 4319203.993, 95
Trd, 4319204.493, 132
Trd, 4319204.993, 99
Trd, 4319205.943, 92
Trd, 4319207.943, 87
Trd, 4319208.343, 92
Trd, 4319208.593, 95
Trd, 4319209.393, 95
Trd, 4319209.693, 64
Trd, 4319210.493, 89
Trd, 4319211.043, 91
Trd, 4319211.943, 97
Trd, 4319212.093, 107
Trd, 4319212.643, 117
Trd, 4319213.193, 118
Trd, 4319213.393, 79
Trd, 4319215.993, 69
Trd, 4319216.143, 91
Trd, 4319216.593, 111
Trd, 4319218.293, 136
Trd, 4319218.593, 80
Trd, 4319219.243, 96
Trd, 4319219.293, 74
Trd, 4319219.443, 73
Trd, 4319220.193, 67
Trd, 4319222.143, 77
Trd, 4319222.743, 98
Trd, 4319222.943, 65
Trd, 4319223.693, 78
Trd, 4319224.193, 120
Trd, 4319226.043, 118
Trd, 4319226.443, 136
Trd, 4319226.993, 97
Trd, 4319227.543, 78
Trd, 4319227.993, 95
Trd, 4319228.993, 81
Trd, 4319229.393, 133
Trd, 4319230.743, 94
Trd, 4319232.143, 95
Trd, 4319232.693, 87
Trd, 4319233.493, 113
Trd, 4319234.643, 98
Trd, 4319236.043, 115
Trd, 4319236.893, 137
Trd, 4319236.993, 129
Trd, 4319237.543, 110
Trd, 4319237.743, 104
Trd, 4319238.743, 128
Trd, 4319239.243, 105
Trd, 4319240.643, 127
Trd, 4319242.093, 122
Trd, 4319242.593, 116
Trd, 4319242.843, 96
Trd, 4319242.893, 75
Trd, 4319243.443, 76
Trd, 4319245.893, 134
Trd, 4319246.493, 127
Trd, 4319246.843, 105
Trd, 4319247.093, 104
Trd, 4319247.843, 124
Trd, 4319248.593, 106
Trd, 4319250.543, 119
Trd, 4319251.043, 89
Trd, 4319251.193, 88
Trd, 4319252.743, 104
Trd, 4319253.793, 61
Trd, 4319254.043, 111
Trd, 4319255.443, 107
Trd, 4319255.493, 89
Trd, 4319255.943, 127
Trd, 4319257.043, 69
Trd, 4319258.443, 65
Trd, 4319258.493, 66
Trd, 4319259.143, 103
Trd, 4319259.443, 87
Trd, 4319260.043, 140
Trd, 4319260.543, 112
Trd, 4319262.943, 123
Trd, 4319263.693, 122
Trd, 4319264.293, 121
Trd, 4319264.793, 118
Trd, 4319266.693, 123
Trd, 4319268.443, 132
Trd, 4319268.593, 127
Trd, 4319269.143, 122
Trd, 4319270.143, 116
Trd, 4319271.743, 61
Trd, 4319271.993, 86
Trd, 4319272.543, 99
Trd, 4319273.143, 132
Trd, 4319273.293, 121
Trd, 4319273.543, 78
Trd, 4319273.893, 88
Trd, 4319276.393, 129
Trd, 4319276.443, 122
Trd, 4319276.693, 99
Trd, 4319277.293, 71
Trd, 4319278.143, 99
Trd, 4319278.543, 82
Trd, 4319278.593, 75
Trd, 4319279.593, 124
Trd, 4319281.243, 134
Trd, 4319281.443, 133
Trd, 4319281.743, 107
Trd, 4319281.793, 103
Trd, 4319282.393, 106
Trd, 4319282.943, 91
Trd, 4319283.643, 113
Trd, 4319284.593, 137
Trd, 4319286.143, 132
Trd, 4319287.343, 114
Trd, 4319287.493, 103
Trd, 4319288.043, 104
Trd, 4319289.093, 118
Trd, 4319289.143, 96
Trd, 4319289.393, 120
Trd, 4319289.743, 110
Trd, 4319291.993, 78
Trd, 4319292.743, 123
Trd, 4319293.093, 122
Trd, 4319293.193, 137
Trd, 4319295.143, 138
Trd, 4319295.443, 132
Trd, 4319296.443, 69
Trd, 4319297.493, 132
Trd, 4319299.143, 115
Trd, 4319299.693, 94
Trd, 4319301.243, 121
Trd, 4319302.043, 114
Trd, 4319302.143, 118
Trd, 4319303.543, 108
Trd, 4319303.593, 106
Trd, 4319306.393, 135
Trd, 4319307.893, 140
Trd, 4319308.893, 136
Trd, 4319309.043, 135
Trd, 4319310.843, 98
Trd, 4319311.193, 134
Trd, 4319311.443, 93
Trd, 4319311.543, 86
Trd, 4319312.443, 104
Trd, 4319313.193, 131
Trd, 4319313.543, 91
Trd, 4319314.043, 83
Trd, 4319315.093, 74
Trd, 4319316.393, 135
Trd, 4319316.493, 111
Trd, 4319317.493, 139
Trd, 4319317.593, 101
Trd, 4319317.743, 98
Trd, 4319318.293, 98
Trd, 4319319.393, 100
Trd, 4319321.943, 139
Trd, 4319322.893, 93
Trd, 4319323.443, 98
Trd, 4319324.443, 115
Trd, 4319325.243, 116
Trd, 4319326.143, 111
Trd, 4319326.643, 83
Trd, 4319326.843, 73
Trd, 4319326.943, 75
Trd, 4319327.393, 84
Trd, 4319327.743, 72
Trd, 4319329.893, 125
Trd, 4319331.143, 139
Trd, 4319331.443, 123
Trd, 4319331.843, 80
Trd, 4319333.143, 76
Trd, 4319333.343, 85
Trd, 4319334.193, 89
Trd, 4319334.393, 101
Trd, 4319335.443, 114
Trd, 4319335.593, 110
Trd, 4319337.793, 140
Trd, 4319337.943, 133
Trd, 4319338.993, 132
Trd, 4319340.243, 106
Trd, 4319341.493, 107
Trd, 4319341.643, 95
Trd, 4319341.793, 90
Trd, 4319342.993, 113
Trd, 4319343.043, 81
Trd, 4319344.843, 104
Trd, 4319345.193, 89
Trd, 4319346.143, 127
Trd, 4319346.593, 106
Trd, 4319348.143, 98
Trd, 4319349.093, 96
Trd, 4319351.643, 133
Trd, 4319351.743, 126
Trd, 4319352.893, 121
Trd, 4319353.993, 120
Trd, 4319354.443, 117
Trd, 4319354.643, 134
Trd, 4319354.693, 113
Trd, 4319355.243, 139
Trd, 4319355.393, 68
Trd, 4319357.093, 63
Trd, 4319360.043, 69
Trd, 4319360.493, 63
Trd, 4319361.193, 66
Trd, 4319361.793, 129
Trd, 4319362.643, 121
Trd, 4319363.143, 133
Trd, 4319363.793, 99
Trd, 4319364.043, 108
Trd, 4319364.143, 106
Trd, 4319365.643, 111
Trd, 4319366.043, 110
Trd, 4319366.293, 108
Trd, 4319366.743, 106
Trd, 4319367.043, 87
Trd, 4319367.843, 94
Trd, 4319368.943, 120
Trd, 4319369.393, 131
Trd, 4319370.143, 93
Trd, 4319370.843, 136
Trd, 4319371.093, 135
Trd, 4319373.543, 75
Trd, 4319373.643, 99
Trd, 4319373.993, 108
Trd, 4319374.293, 81
Trd, 4319374.493, 85
Trd, 4319375.493, 131
Trd, 4319375.593, 116
Trd, 4319376.393, 85
Trd, 4319377.343, 100
Trd, 4319377.993, 68
Trd, 4319378.643, 135
Trd, 4319379.243, 69
Trd, 4319380.793, 114
Trd, 4319382.043, 85
Trd, 4319382.743, 89
Trd, 4319383.393, 126
Trd, 4319383.893, 88
Trd, 4319384.243, 66
Trd, 4319384.693, 81
Trd, 4319384.993, 93
Trd, 4319385.543, 110
Trd, 4319386.643, 115
Trd, 4319386.843, 84
Trd, 4319388.243, 117
Trd, 4319388.843, 61
Trd, 4319389.593, 140
Trd, 4319390.443, 137
Trd, 4319391.743, 137
Trd, 4319392.043, 119
Trd, 4319392.943, 81
Trd, 4319393.993, 60
Trd, 4319394.093, 85
Trd, 4319396.643, 92
Trd, 4319396.693, 89
Trd, 4319397.343, 125
Trd, 4319397.943, 124
Trd, 4319398.993, 118
Trd, 4319399.193, 119
Trd, 4319400.843, 104
Trd, 4319402.043, 139
Trd, 4319402.743, 132
Trd, 4319402.993, 108
Trd, 4319403.193, 105
Trd, 4319403.693, 134
Trd, 4319403.743, 129
Trd, 4319403.843, 127
Trd, 4319404.293, 88
Trd, 4319405.143, 67
Trd, 4319405.643, 122
Trd, 4319406.243, 82
Trd, 4319407.143, 62
Trd, 4319408.893, 120
Trd, 4319409.343, 100
Trd, 4319409.393, 96
Trd, 4319409.543, 93
Trd, 4319410.593, 135
Trd, 4319411.343, 120
Trd, 4319411.693, 96
Trd, 4319412.993, 65
Trd, 4319413.093, 66
Trd, 4319414.043, 60
Trd, 4319414.143, 118
Trd, 4319415.343, 72
Trd, 4319418.143, 122
Trd, 4319418.243, 116
Trd, 4319418.493, 116
Trd, 4319418.893, 115
Trd, 4319418.993, 104
Trd, 4319419.193, 116
Trd, 4319419.693, 118
Trd, 4319419.743, 97
Trd, 4319421.693, 74
Trd, 4319422.293, 103
Trd, 4319422.993, 107
Trd, 4319423.093, 108
Trd, 4319424.143, 96
Trd, 4319424.343, 76
Trd, 4319424.643, 72
Trd, 4319426.543, 121
Trd, 4319427.493, 114
Trd, 4319427.843, 127
Trd, 4319428.143, 134
Trd, 4319429.443, 128
Trd, 4319430.093, 100
Trd, 4319430.943, 86
Trd, 4319432.093, 119
Trd, 4319433.793, 140
Trd, 4319433.993, 140
Trd, 4319434.593, 131
Trd, 4319434.693, 129
Trd, 4319435.643, 120
Trd, 4319436.843, 105
Trd, 4319437.343, 93
Trd, 4319438.243, 128
Trd, 4319438.943, 133
Trd, 4319440.543, 118
Trd, 4319440.643, 113
Trd, 4319441.093, 83
Trd, 4319442.993, 110
Trd, 4319444.943, 110
Trd, 4319444.993, 100
Trd, 4319445.943, 130
Trd, 4319446.443, 96
Trd, 4319446.793, 61
Trd, 4319447.393, 70
Trd, 4319448.493, 138
Trd, 4319448.643, 128
Trd, 4319449.593, 140
Trd, 4319449.893, 134
Trd, 4319451.343, 128
Trd, 4319452.243, 120
Trd, 4319452.543, 119
Trd, 4319453.293, 137
Trd, 4319453.843, 129
Trd, 4319454.093, 71
Trd, 4319455.143, 85
Trd, 4319455.643, 106
Trd, 4319456.293, 112
Trd, 4319456.393, 109
Trd, 4319458.693, 133
Trd, 4319459.143, 139
Trd, 4319459.293, 132
Trd, 4319459.793, 117
Trd, 4319460.443, 101
Trd, 4319460.843, 114
Trd, 4319460.993, 131
Trd, 4319461.243, 98
Trd, 4319463.843, 133
Trd, 4319464.343, 126
Trd, 4319465.143, 140
Trd, 4319465.343, 140
Trd, 4319466.043, 116
Trd, 4319466.893, 139
Trd, 4319467.043, 94
Trd, 4319468.693, 133
Trd, 4319469.393, 101
Trd, 4319469.743, 95
Trd, 4319470.043, 113
Trd, 4319470.293, 127
Trd, 4319470.393, 109
Trd, 4319471.593, 99
Trd, 4319471.893, 86
Trd, 4319472.143, 83
Trd, 4319472.993, 101
Trd, 4319473.293, 79
Trd, 4319474.643, 116
Trd, 4319475.493, 110
Trd, 4319475.993, 118
Trd, 4319476.793, 139
Trd, 4319476.843, 138
Trd, 4319477.043, 88
Trd, 4319478.393, 136
Trd, 4319479.293, 137
Trd, 4319479.443, 129
Trd, 4319479.643, 122
Trd, 4319479.793, 106
Trd, 4319480.743, 98
Trd, 4319481.993, 88
Trd, 4319483.243, 82
Trd, 4319483.643, 89
Trd, 4319484.143, 132
Trd, 4319485.043, 81
Trd, 4319485.243, 87
Trd, 4319485.593, 109
Trd, 4319486.043, 98
Trd, 4319487.543, 131
Trd, 4319487.593, 124
Trd, 4319489.493, 132
Trd, 4319490.593, 121
Trd, 4319491.693, 113
Trd, 4319491.893, 111
Trd, 4319492.743, 92
Trd, 4319493.443, 62
Trd, 4319494.043, 85
Trd, 4319494.643, 133
Trd, 4319494.793, 97
Trd, 4319495.143, 83
Trd, 4319495.543, 79
Trd, 4319496.143, 122
Trd, 4319497.293, 103
Trd, 4319498.143, 103
Trd, 4319498.193, 99
Trd, 4319499.543, 103
Trd, 4319499.743, 125
Trd, 4319500.543, 100
Trd, 4319502.243, 126
Trd, 4319502.593, 120
Trd, 4319502.743, 86
Trd, 4319503.543, 105
Trd, 4319503.843, 136
Trd, 4319504.943, 96
Trd, 4319505.243, 81
Trd, 4319505.443, 95
Trd, 4319507.593, 132
Trd, 4319507.793, 117
Trd, 4319508.743, 119
Trd, 4319509.043, 111
Trd, 4319509.443, 103
Trd, 4319510.493, 132
Trd, 4319510.593, 132
Trd, 4319510.943, 125
Trd, 4319512.043, 133
Trd, 4319512.493, 114
Trd, 4319514.393, 93
Trd, 4319514.993, 83
Trd, 4319515.443, 130
Trd, 4319515.593, 129
Trd, 4319516.543, 113
Trd, 4319516.743, 76
Trd, 4319516.843, 74
Trd, 4319518.543, 102
Trd, 4319519.593, 72
Trd, 4319520.293, 139
Trd, 4319521.493, 70
Trd, 4319522.293, 137
Trd, 4319523.193, 94
Trd, 4319523.443, 110
Trd, 4319524.043, 138
Trd, 4319524.393, 110
Trd, 4319524.443, 93
Trd, 4319524.893, 85
Trd, 4319527.643, 110
Trd, 4319528.243, 108
Trd, 4319528.693, 76
Trd, 4319529.593, 130
Trd, 4319529.943, 123
Trd, 4319530.343, 88
Trd, 4319531.543, 100
Trd, 4319531.643, 99
Trd, 4319532.993, 134
Trd, 4319533.193, 140
Trd, 4319533.243, 129
Trd, 4319534.743, 77
Trd, 4319534.943, 73
Trd, 4319535.443, 73
Trd, 4319535.943, 65
Trd, 4319537.893, 102
Trd, 4319538.543, 122
Trd, 4319538.843, 89
Trd, 4319539.543, 132
Trd, 4319540.043, 94
Trd, 4319541.993, 127
Trd, 4319542.043, 126
Trd, 4319544.043, 131
Trd, 4319544.543, 108
Trd, 4319545.143, 107
Trd, 4319545.493, 137
Trd, 4319545.993, 108
Trd, 4319546.593, 140
Trd, 4319546.943, 120
Trd, 4319547.343, 97
Trd, 4319547.543, 73
Trd, 4319548.243, 111
Trd, 4319548.343, 80
Trd, 4319550.043, 61
Trd, 4319550.493, 117
Trd, 4319551.443, 136
Trd, 4319552.693, 132
Trd, 4319553.243, 134
Trd, 4319553.993, 130
Trd, 4319554.243, 115
Trd, 4319555.093, 106
Trd, 4319555.193, 71
Trd, 4319555.693, 115
Trd, 4319556.443, 81
Trd, 4319557.043, 102
Trd, 4319557.093, 97
Trd, 4319558.293, 78
Trd, 4319559.093, 109
Trd, 4319559.393, 94
Trd, 4319561.143, 110
Trd, 4319562.593, 125
Trd, 4319563.293, 91
Trd, 4319563.643, 134
Trd, 4319564.093, 126
Trd, 4319564.243, 125
Trd, 4319566.243, 122
Trd, 4319567.493, 107
Trd, 4319568.943, 65
Trd, 4319569.093, 82
Trd, 4319570.493, 82
Trd, 4319570.593, 95
Trd, 4319571.193, 84
Trd, 4319572.043, 78
Trd, 4319573.593, 76
Trd, 4319573.993, 72
Trd, 4319574.243, 85
Trd, 4319575.793, 62
Trd, 4319575.893, 65
Trd, 4319576.593, 79
Trd, 4319576.843, 68
Trd, 4319578.493, 123
Trd, 4319579.043, 67
Trd, 4319579.593, 83
Trd, 4319580.193, 140
Trd, 4319581.143, 62
Trd, 4319581.343, 65
Trd, 4319584.293, 115
Trd, 4319585.493, 97
Trd, 4319585.543, 97
Trd, 4319585.943, 122
Trd, 4319586.293, 131
Trd, 4319586.643, 123
Trd, 4319587.193, 116
Trd, 4319588.343, 114
Trd, 4319588.843, 91
Trd, 4319590.793, 111
Trd, 4319591.043, 127
Trd, 4319591.193, 109
Trd, 4319592.043, 140
Trd, 4319592.493, 126
Trd, 4319592.543, 108
Trd, 4319593.893, 103
Trd, 4319594.043, 114
Trd, 4319595.143, 105
Trd, 4319595.743, 122
Trd, 4319595.793, 104
Trd, 4319597.193, 127
Trd, 4319597.393, 113
Trd, 4319598.343, 133
Trd, 4319600.043, 136
Trd, 4319601.343, 140
Trd, 4319601.443, 124
Trd, 4319602.543, 112
Trd, 4319603.593, 100
Trd, 4319604.093, 99
Trd, 4319605.043, 139
Trd, 4319605.243, 135
Trd, 4319607.143, 116
Trd, 4319607.743, 89
Trd, 4319608.493, 130
Trd, 4319608.943, 133
Trd, 4319612.143, 133
Trd, 4319612.493, 123
Trd, 4319612.993, 135
Trd, 4319613.393, 102
Trd, 4319613.893, 111
Trd, 4319614.243, 90
Trd, 4319614.293, 105
Trd, 4319615.543, 93
Trd, 4319616.143, 86
Trd, 4319617.043, 73
Trd, 4319617.443, 73
Trd, 4319618.043, 74
Trd, 4319619.393, 96
Trd, 4319619.843, 88
Trd, 4319620.393, 115
Trd, 4319623.193, 127
Trd, 4319623.743, 107
Trd, 4319623.843, 119
Trd, 4319623.943, 92
Trd, 4319624.443, 90
Trd, 4319624.693, 89
Trd, 4319626.043, 126
Trd, 4319626.793, 115
Trd, 4319628.343, 112
Trd, 4319629.493, 140
Trd, 4319629.943, 123
Trd, 4319630.543, 119
Trd, 4319632.543, 102
Trd, 4319632.743, 98
Trd, 4319632.893, 97
Trd, 4319633.993, 122
Trd, 4319634.543, 125
Trd, 4319635.193, 128
Trd, 4319635.643, 117
Trd, 4319636.393, 137
Trd, 4319636.593, 104
Trd, 4319637.993, 93
Trd, 4319638.393, 74
Trd, 4319638.943, 114
Trd, 4319641.193, 76
Trd, 4319641.543, 94
Trd, 4319641.693, 65
Trd, 4319642.293, 86
Trd, 4319642.743, 75
Trd, 4319643.343, 132
Trd, 4319644.643, 88
Trd, 4319645.243, 83
Trd, 4319645.443, 66
Trd, 4319645.793, 75
Trd, 4319647.593, 130
Trd, 4319647.943, 127
Trd, 4319648.693, 102
Trd, 4319650.693, 124
Trd, 4319651.793, 126
Trd, 4319652.043, 102
Trd, 4319652.243, 91
Trd, 4319653.293, 127
Trd, 4319653.743, 124
Trd, 4319654.143, 130
Trd, 4319655.393, 127
Trd, 4319655.793, 120
Trd, 4319657.543, 138
Trd, 4319659.193, 135
Trd, 4319659.643, 117
Trd, 4319660.093, 118
Trd, 4319661.393, 109
Trd, 4319661.693, 118
Trd, 4319662.493, 114
Trd, 4319663.443, 128
Trd, 4319664.143, 116
Trd, 4319664.593, 109
Trd, 4319665.643, 133
Trd, 4319665.693, 126
Trd, 4319666.943, 117
Trd, 4319667.843, 102
Trd, 4319668.443, 98
Trd, 4319668.793, 129
Trd, 4319668.893, 74
Trd, 4319669.693, 79
Trd, 4319670.693, 128
Trd, 4319671.093, 119
Trd, 4319672.743, 124
Trd, 4319672.843, 121
Trd, 4319674.043, 77
Trd, 4319675.543, 140
Trd, 4319675.893, 131
Trd, 4319676.893, 130
Trd, 4319677.143, 127
Trd, 4319677.543, 103
Trd, 4319678.443, 117
Trd, 4319678.743, 78
Trd, 4319679.343, 122
Trd, 4319679.693, 118
Trd, 4319680.943, 73
Trd, 4319682.143, 125
Trd, 4319682.593, 113
Trd, 4319684.693, 134
Trd, 4319684.793, 132
Trd, 4319685.893, 126
Trd, 4319686.043, 120
Trd, 4319686.343, 114
Trd, 4319686.893, 107
Trd, 4319688.393, 125
Trd, 4319688.593, 119
Trd, 4319688.993, 127
Trd, 4319689.343, 92
Trd, 4319691.093, 125
Trd, 4319691.943, 91
Trd, 4319692.193, 116
Trd, 4319692.293, 90
Trd, 4319693.043, 122
Trd, 4319693.893, 74
Trd, 4319694.143, 94
Trd, 4319695.593, 129
Trd, 4319695.743, 96
Trd, 4319696.193, 122
Trd, 4319696.543, 139
Trd, 4319697.493, 125
Trd, 4319698.943, 136
Trd, 4319700.043, 111
Trd, 4319700.793, 121
Trd, 4319701.793, 135
Trd, 4319701.843, 100
Trd, 4319702.593, 92
Trd, 4319702.693, 91
Trd, 4319702.793, 89
Trd, 4319704.293, 124
Trd, 4319704.393, 90
Trd, 4319704.543, 83
Trd, 4319706.293, 63
Trd, 4319707.743, 74
Trd, 4319708.093, 123
Trd, 4319708.493, 90
Trd, 4319710.293, 109
Trd, 4319710.593, 124
Trd, 4319710.693, 134
Trd, 4319711.643, 116
Trd, 4319712.243, 126
Trd, 4319712.443, 104
Trd, 4319713.293, 88
Trd, 4319713.793, 60
Trd, 4319715.293, 113
Trd, 4319715.993, 61
Trd, 4319716.043, 93
Trd, 4319716.443, 132
Trd, 4319719.193, 136
Trd, 4319720.993, 137
Trd, 4319721.393, 136
Trd, 4319721.443, 130
Trd, 4319721.943, 114
Trd, 4319722.393, 109
Trd, 4319722.943, 97
Trd, 4319724.243, 118
Trd, 4319726.343, 101
Trd, 4319727.393, 133
Trd, 4319728.493, 129
Trd, 4319728.893, 121
Trd, 4319729.243, 122
Trd, 4319729.693, 132
Trd, 4319729.893, 103
Trd, 4319730.443, 100
Trd, 4319731.143, 128
Trd, 4319732.093, 134
Trd, 4319732.943, 112
Trd, 4319733.043, 118
Trd, 4319733.443, 101
Trd, 4319733.543, 102
Trd, 4319734.893, 95
Trd, 4319736.293, 83
Trd, 4319738.493, 116
Trd, 4319739.293, 89
Trd, 4319740.293, 94
Trd, 4319741.543, 137
Trd, 4319741.643, 92
Trd, 4319741.743, 83
Trd, 4319741.943, 104
Trd, 4319742.493, 77
Trd, 4319743.093, 68
Trd, 4319743.343, 66
Trd, 4319744.393, 95
Trd, 4319745.993, 125
Trd, 4319746.393, 123
Trd, 4319746.743, 123
Trd, 4319746.943, 121
Trd, 4319746.993, 117
Trd, 4319747.043, 104
Trd, 4319748.693, 64
Trd, 4319749.793, 104
Trd, 4319750.943, 62
Trd, 4319751.493, 62
Trd, 4319752.243, 68
Trd, 4319752.743, 75
Trd, 4319754.093, 84
Trd, 4319754.393, 126
Trd, 4319755.243, 79
Trd, 4319756.793, 90
Trd, 4319756.993, 83
Trd, 4319757.643, 87
Trd, 4319758.143, 121
Trd, 4319758.743, 82
Trd, 4319759.143, 127
Trd, 4319759.843, 139
Trd, 4319760.293, 79
Trd, 4319760.343, 113
Trd, 4319761.443, 75
Trd, 4319761.943, 128
Trd, 4319764.293, 60
Trd, 4319765.093, 67
Trd, 4319765.793, 96
Trd, 4319766.443, 62
Trd, 4319767.493, 138
Trd, 4319768.343, 67
Trd, 4319770.043, 66
Trd, 4319770.243, 110
Trd, 4319770.543, 132
Trd, 4319771.793, 100
Trd, 4319772.193, 103
Trd, 4319773.293, 88
Trd, 4319773.993, 104
Trd, 4319774.593, 98
Trd, 4319774.993, 118
Trd, 4319775.543, 83
Trd, 4319776.043, 137
Trd, 4319776.393, 118
Trd, 4319777.643, 114
Trd, 4319778.793, 118
Trd, 4319779.343, 101
Trd, 4319780.593, 128
Trd, 4319781.193, 139
Trd, 4319781.643, 110
Trd, 4319782.593, 132
Trd, 4319783.093, 123
Trd, 4319783.543, 107
Trd, 4319784.693, 80
Trd, 4319785.343, 133
Trd, 4319787.143, 109
Trd, 4319787.493, 136
Trd, 4319787.793, 96
Trd, 4319788.043, 90
Trd, 4319788.093, 89
Trd, 4319788.843, 91
Trd, 4319790.693, 99
Trd, 4319791.043, 116
Trd, 4319791.143, 86
Trd, 4319791.393, 64
Trd, 4319793.793, 93
Trd, 4319794.143, 91
Trd, 4319796.093, 135
Trd, 4319796.243, 133
Trd, 4319797.343, 137
Trd, 4319797.993, 109
Trd, 4319798.593, 138
Trd, 4319799.143, 123
Trd, 4319800.143, 107
Trd, 4319800.443, 103
Trd, 4319801.093, 122
Trd, 4319801.343, 137
Trd, 4319801.693, 121
Trd, 4319801.743, 115
Trd, 4319803.293, 128
Trd, 4319803.693, 117
Trd, 4319805.143, 100
Trd, 4319805.643, 91
Trd, 4319805.943, 138
Trd, 4319806.543, 97
Trd, 4319808.693, 121
Trd, 4319809.093, 114
Trd, 4319809.243, 107
Trd, 4319809.343, 95
Trd, 4319809.593, 94
Trd, 4319810.343, 102
Trd, 4319812.643, 104
Trd, 4319813.393, 138
Trd, 4319813.643, 101
Trd, 4319814.093, 103
Trd, 4319814.843, 136
Trd, 4319816.443, 105
Trd, 4319816.893, 79
Trd, 4319818.293, 64
Trd, 4319818.543, 79
Trd, 4319819.043, 64
Trd, 4319820.193, 68
Trd, 4319820.243, 75
Trd, 4319820.443, 77
Trd, 4319820.593, 82
Trd, 4319821.493, 72
Trd, 4319822.793, 115
Trd, 4319823.243, 130
Trd, 4319823.293, 76
Trd, 4319824.493, 72
Trd, 4319825.543, 136
Trd, 4319826.293, 132
Trd, 4319827.293, 126
Trd, 4319827.693, 133
Trd, 4319828.693, 127
Trd, 4319829.043, 130
Trd, 4319830.193, 129
Trd, 4319830.493, 121
Trd, 4319830.643, 115
Trd, 4319831.393, 135
Trd, 4319832.093, 131
Trd, 4319832.643, 139
Trd, 4319833.793, 120
Trd, 4319834.143, 140
Trd, 4319834.243, 92
Trd, 4319834.843, 139
Trd, 4319834.943, 90
Trd, 4319836.693, 130
Trd, 4319837.493, 99
Trd, 4319837.593, 96
Trd, 4319838.543, 80
Trd, 4319838.793, 109
Trd, 4319839.593, 89
Trd, 4319843.093, 115
Trd, 4319843.493, 94
Trd, 4319843.793, 100
Trd, 4319843.943, 108
Trd, 4319844.343, 93
Trd, 4319844.793, 113
Trd, 4319845.793, 89
Trd, 4319846.243, 127
Trd, 4319846.793, 100
Trd, 4319846.893, 90
Trd, 4319848.443, 124
Trd, 4319848.993, 138
Trd, 4319850.193, 118
Trd, 4319850.243, 116
Trd, 4319851.393, 108
Trd, 4319852.493, 121
Trd, 4319852.693, 111
Trd, 4319852.993, 125
Trd, 4319853.493, 100
Trd, 4319853.793, 126
Trd, 4319854.043, 74
Trd, 4319856.243, 107
Trd, 4319858.093, 80
Trd, 4319859.243, 77
Trd, 4319859.793, 63
Trd, 4319860.243, 70
Trd, 4319861.093, 120
Trd, 4319861.443, 101
Trd, 4319861.843, 116
Trd, 4319862.243, 121
Trd, 4319862.793, 127
Trd, 4319863.643, 113
Trd, 4319864.693, 85
Trd, 4319864.893, 84
Trd, 4319865.093, 72
Trd, 4319865.943, 111
Trd, 4319866.193, 126
Trd, 4319867.443, 130
Trd, 4319867.643, 125
Trd, 4319867.793, 108
Trd, 4319868.193, 79
Trd, 4319869.143, 110
Trd, 4319869.843, 79
Trd, 4319870.693, 94
Trd, 4319870.943, 95
Trd, 4319871.793, 81
Trd, 4319872.643, 108
Trd, 4319873.393, 107
Trd, 4319873.643, 116
Trd, 4319873.843, 96
Trd, 4319874.443, 74
Trd, 4319876.193, 125
Trd, 4319876.643, 132
Trd, 4319878.043, 129
Trd, 4319878.343, 115
Trd, 4319878.393, 115
Trd, 4319879.193, 128
Trd, 4319879.743, 89
Trd, 4319882.043, 112
Trd, 4319882.343, 111
Trd, 4319882.793, 110
Trd, 4319883.393, 118
Trd, 4319884.093, 135
Trd, 4319884.493, 86
Trd, 4319885.693, 90
Trd, 4319886.593, 129
Trd, 4319887.443, 115
Trd, 4319887.943, 124
Trd, 4319888.893, 136
Trd, 4319888.943, 108
Trd, 4319889.293, 140
Trd, 4319890.593, 131
Trd, 4319890.643, 93
Trd, 4319892.493, 110
Trd, 4319893.243, 105
Trd, 4319894.693, 101
Trd, 4319894.943, 99
Trd, 4319895.543, 124
Trd, 4319895.943, 139
Trd, 4319897.243, 91
Trd, 4319897.393, 83
Trd, 4319898.543, 138
Trd, 4319899.243, 136
Trd, 4319899.993, 136
Trd, 4319900.593, 113
Trd, 4319901.893, 123
Trd, 4319902.843, 132
Trd, 4319903.243, 118
Trd, 4319903.343, 100
Trd, 4319903.943, 117
Trd, 4319904.643, 131
Trd, 4319905.143, 107
Trd, 4319905.643, 137
Trd, 4319907.543, 133
Trd, 4319908.743, 103
Trd, 4319910.293, 99
Trd, 4319911.743, 96
Trd, 4319911.793, 82
Trd, 4319912.943, 128
Trd, 4319912.993, 121
Trd, 4319913.693, 95
Trd, 4319913.843, 92
Trd, 4319914.193, 81
Trd, 4319915.143, 101
Trd, 4319915.543, 95
Trd, 4319915.593, 109
Trd, 4319916.093, 73
Trd, 4319916.793, 81
Trd, 4319918.443, 130
Trd, 4319920.793, 115
Trd, 4319920.893, 114
Trd, 4319920.943, 88
Trd, 4319921.243, 131
Trd, 4319922.493, 126
Trd, 4319924.093, 111
Trd, 4319924.693, 126
Trd, 4319925.293, 121
Trd, 4319926.193, 122
Trd, 4319926.993, 115
Trd, 4319928.443, 100
Trd, 4319928.793, 102
Trd, 4319930.393, 128
Trd, 4319932.343, 126
Trd, 4319933.843, 121
Trd, 4319934.093, 116
Trd, 4319934.143, 104
Trd, 4319934.193, 100
Trd, 4319934.593, 110
Trd, 4319935.243, 86
Trd, 4319935.943, 98
Trd, 4319936.093, 81
Trd, 4319936.793, 70
Trd, 4319938.193, 138
Trd, 4319939.343, 127
Trd, 4319939.593, 124
Trd, 4319940.143, 123
Trd, 4319940.693, 113
Trd, 4319941.893, 128
Trd, 4319942.093, 132
Trd, 4319942.943, 108
Trd, 4319943.543, 102
Trd, 4319944.143, 103
Trd, 4319944.543, 76
Trd, 4319945.493, 86
Trd, 4319947.393, 78
Trd, 4319948.843, 127
Trd, 4319948.893, 126
Trd, 4319949.943, 130
Trd, 4319950.393, 112
Trd, 4319950.493, 133
Trd, 4319950.743, 107
Trd, 4319952.393, 128
Trd, 4319952.843, 106
Trd, 4319953.143, 96
Trd, 4319953.193, 79
Trd, 4319954.293, 120
Trd, 4319955.393, 118
Trd, 4319955.493, 96
Trd, 4319955.793, 133
Trd, 4319956.643, 92
Trd, 4319958.193, 133
Trd, 4319958.893, 104
Trd, 4319959.743, 107
Trd, 4319960.693, 114
Trd, 4319962.043, 125
Trd, 4319962.143, 119
Trd, 4319963.043, 107
Trd, 4319963.143, 105
Trd, 4319964.293, 131
Trd, 4319965.143, 117
Trd, 4319965.543, 97
Trd, 4319966.743, 84
Trd, 4319967.443, 100
Trd, 4319967.493, 99
Trd, 4319967.743, 81
Trd, 4319969.693, 130
Trd, 4319970.493, 97
Trd, 4319970.993, 95
Trd, 4319971.493, 112
Trd, 4319974.293, 139
Trd, 4319975.093, 129
Trd, 4319976.093, 130
Trd, 4319976.243, 109
Trd, 4319976.743, 101
Trd, 4319976.993, 96
Trd, 4319977.193, 93
Trd, 4319978.043, 81
Trd, 4319978.443, 120
Trd, 4319978.993, 99
Trd, 4319979.343, 87
Trd, 4319980.893, 82
Trd, 4319981.543, 66
Trd, 4319982.393, 138
Trd, 4319983.243, 109
Trd, 4319984.343, 97
Trd, 4319985.393, 123
Trd, 4319986.743, 135
Trd, 4319987.493, 129
Trd, 4319987.793, 122
Trd, 4319988.143, 89
Trd, 4319989.493, 113
Trd, 4319990.043, 113
Trd, 4319990.793, 83
Trd, 4319992.193, 87
Trd, 4319993.693, 140
Trd, 4319993.893, 130
Trd, 4319994.293, 114
Trd, 4319995.143, 103
Trd, 4319995.443, 127
Trd, 4319995.593, 100
Trd, 4319996.543, 100
Trd, 4319997.743, 115
Trd, 4319999.643, 105
