Trd, 4318172.293, 64
Trd, 4318172.543, 61
Trd, 4318173.293, 131
Trd, 4318173.993, 61
Trd, 4318175.043, 60
Trd, 4318175.143, 92
Trd, 4318175.743, 67
Trd, 4318177.743, 140
Trd, 4318177.943, 140
Trd, 4318178.293, 140
Trd, 4318178.393, 140
Trd, 4318178.643, 140
Trd, 4318179.943, 140
Trd, 4318181.143, 140
Trd, 4318181.293, 138
Trd, 4318181.643, 131
Trd, 4318182.743, 60
Trd, 4318182.793, 66
Trd, 4318183.143, 70
Trd, 4318183.693, 134
Trd, 4318184.793, 140
Trd, 4318185.643, 140
Trd, 4318185.843, 140
Trd, 4318185.893, 140
Trd, 4318185.943, 139
Trd, 4318186.893, 125
Trd, 4318187.593, 60
Trd, 4318188.743, 63
Trd, 4318189.393, 137
Trd, 4318189.443, 90
Trd, 4318189.793, 107
Trd, 4318190.743, 140
Trd, 4318191.293, 111
Trd, 4318191.993, 139
Trd, 4318192.443, 110
Trd, 4318194.143, 140
Trd, 4318194.643, 140
Trd, 4318195.193, 140
Trd, 4318195.993, 140
Trd, 4318196.443, 140
Trd, 4318196.493, 140
Trd, 4318197.093, 139
Trd, 4318197.593, 140
Trd, 4318197.693, 78
Trd, 4318198.143, 116
Trd, 4318198.643, 76
Trd, 4318199.043, 76
Trd, 4318200.543, 140
Trd, 4318201.993, 140
Trd, 4318202.493, 140
Trd, 4318203.043, 140
Trd, 4318203.543, 140
Trd, 4318204.943, 140
Trd, 4318205.193, 140
Trd, 4318205.343, 135
Trd, 4318206.093, 94
Trd, 4318206.493, 69
Trd, 4318207.243, 63
Trd, 4318208.493, 60
Trd, 4318208.643, 60
Trd, 4318208.943, 61
Trd, 4318209.943, 62
Trd, 4318210.593, 62
Trd, 4318212.143, 132
Trd, 4318213.643, 65
Trd, 4318214.793, 61
Trd, 4318214.943, 61
Trd, 4318215.243, 63
Trd, 4318215.693, 63
Trd, 4318216.293, 98
Trd, 4318216.943, 89
Trd, 4318217.443, 90
Trd, 4318217.593, 65
Trd, 4318217.643, 63
Trd, 4318218.243, 120
Trd, 4318219.043, 140
Trd, 4318220.143, 64
Trd, 4318220.443, 63
Trd, 4318221.893, 62
Trd, 4318222.043, 64
Trd, 4318222.543, 66
Trd, 4318223.293, 86
Trd, 4318224.293, 63
Trd, 4318224.943, 140
Trd, 4318225.593, 62
Trd, 4318225.943, 140
Trd, 4318226.093, 140
Trd, 4318226.493, 62
Trd, 4318226.543, 62
Trd, 4318228.943, 60
Trd, 4318229.593, 60
Trd, 4318229.743, 64
Trd, 4318230.693, 60
Trd, 4318230.793, 61
Trd, 4318231.143, 83
Trd, 4318231.193, 94
Trd, 4318231.743, 68
Trd, 4318232.743, 73
Trd, 4318233.843, 66
Trd, 4318234.043, 76
Trd, 4318235.193, 62
Trd, 4318235.393, 139
Trd, 4318235.743, 85
Trd, 4318236.093, 107
Trd, 4318238.193, 140
Trd, 4318238.743, 140
Trd, 4318238.793, 140
Trd, 4318240.543, 140
Trd, 4318240.593, 140
Trd, 4318240.743, 127
Trd, 4318240.943, 69
Trd, 4318241.543, 138
Trd, 4318241.993, 124
Trd, 4318242.393, 61
Trd, 4318243.493, 60
Trd, 4318243.643, 131
Trd, 4318244.193, 140
Trd, 4318244.643, 60
Trd, 4318246.193, 60
Trd, 4318246.943, 60
Trd, 4318247.843, 60
Trd, 4318248.043, 139
Trd, 4318248.693, 140
Trd, 4318248.993, 140
Trd, 4318249.943, 139
Trd, 4318250.043, 121
Trd, 4318250.293, 140
Trd, 4318250.943, 62
Trd, 4318251.593, 139
Trd, 4318252.943, 140
Trd, 4318253.643, 60
Trd, 4318254.693, 140
Trd, 4318255.043, 140
Trd, 4318255.343, 140
Trd, 4318256.593, 139
Trd, 4318257.843, 140
Trd, 4318258.843, 140
Trd, 4318259.343, 140
Trd, 4318260.593, 140
Trd, 4318261.343, 140
Trd, 4318261.793, 140
Trd, 4318262.293, 140
Trd, 4318263.043, 140
Trd, 4318263.443, 139
Trd, 4318263.693, 76
Trd, 4318264.243, 139
Trd, 4318264.993, 140
Trd, 4318265.393, 138
Trd, 4318265.443, 108
Trd, 4318265.643, 112
Trd, 4318267.043, 90
Trd, 4318267.143, 88
Trd, 4318268.493, 62
Trd, 4318268.543, 64
Trd, 4318269.043, 66
Trd, 4318269.543, 101
Trd, 4318270.843, 140
Trd, 4318271.393, 140
Trd, 4318271.693, 136
Trd, 4318274.093, 140
Trd, 4318274.143, 140
Trd, 4318274.393, 140
Trd, 4318275.093, 140
Trd, 4318276.243, 140
Trd, 4318276.293, 97
Trd, 4318276.943, 64
Trd, 4318277.793, 65
Trd, 4318277.893, 66
Trd, 4318279.693, 60
Trd, 4318279.793, 80
Trd, 4318281.043, 140
Trd, 4318281.243, 140
Trd, 4318281.393, 140
Trd, 4318281.743, 61
Trd, 4318282.193, 139
Trd, 4318282.893, 63
Trd, 4318283.743, 63
Trd, 4318284.093, 66
Trd, 4318284.243, 132
Trd, 4318285.193, 96
Trd, 4318285.943, 62
Trd, 4318287.043, 68
Trd, 4318287.293, 138
Trd, 4318287.743, 77
Trd, 4318288.343, 139
Trd, 4318289.443, 60
Trd, 4318290.743, 140
Trd, 4318291.093, 140
Trd, 4318291.493, 140
Trd, 4318292.043, 140
Trd, 4318292.243, 140
Trd, 4318292.443, 139
Trd, 4318294.043, 140
Trd, 4318294.493, 140
Trd, 4318295.693, 140
Trd, 4318295.793, 139
Trd, 4318296.143, 139
Trd, 4318297.093, 139
Trd, 4318297.193, 88
Trd, 4318297.543, 66
Trd, 4318298.343, 139
Trd, 4318298.543, 138
Trd, 4318298.793, 140
Trd, 4318299.093, 126
Trd, 4318300.943, 84
Trd, 4318301.593, 139
Trd, 4318301.943, 107
Trd, 4318302.243, 92
Trd, 4318304.393, 140
Trd, 4318304.743, 140
Trd, 4318304.893, 140
Trd, 4318306.143, 140
Trd, 4318307.043, 131
Trd, 4318307.893, 140
Trd, 4318307.993, 139
Trd, 4318308.693, 140
Trd, 4318308.893, 139
Trd, 4318309.893, 140
Trd, 4318311.193, 140
Trd, 4318311.493, 140
Trd, 4318311.543, 140
Trd, 4318311.893, 130
Trd, 4318312.193, 120
Trd, 4318313.493, 66
Trd, 4318314.293, 61
Trd, 4318314.693, 66
Trd, 4318315.443, 61
Trd, 4318316.343, 67
Trd, 4318316.793, 68
Trd, 4318317.593, 61
Trd, 4318317.643, 62
Trd, 4318317.843, 63
Trd, 4318318.143, 92
Trd, 4318318.593, 68
Trd, 4318318.843, 134
Trd, 4318320.043, 65
Trd, 4318320.643, 70
Trd, 4318321.543, 140
Trd, 4318321.993, 113
Trd, 4318322.693, 140
Trd, 4318323.143, 140
Trd, 4318323.543, 90
Trd, 4318325.243, 140
Trd, 4318325.343, 140
Trd, 4318325.493, 82
Trd, 4318326.643, 140
Trd, 4318327.643, 140
Trd, 4318328.643, 140
Trd, 4318328.743, 134
Trd, 4318328.943, 120
Trd, 4318330.393, 140
Trd, 4318331.293, 140
Trd, 4318332.543, 140
Trd, 4318332.993, 140
Trd, 4318333.493, 140
Trd, 4318333.593, 140
Trd, 4318333.993, 140
Trd, 4318334.343, 133
Trd, 4318334.993, 140
Trd, 4318335.243, 91
Trd, 4318335.393, 73
Trd, 4318336.493, 60
Trd, 4318337.293, 61
Trd, 4318337.893, 61
Trd, 4318338.093, 114
Trd, 4318339.643, 140
Trd, 4318339.693, 140
Trd, 4318341.593, 73
Trd, 4318341.793, 69
Trd, 4318342.743, 140
Trd, 4318343.143, 140
Trd, 4318343.193, 140
Trd, 4318343.693, 140
Trd, 4318344.893, 73
Trd, 4318345.093, 100
Trd, 4318345.743, 129
Trd, 4318345.793, 128
Trd, 4318346.943, 82
Trd, 4318347.493, 83
Trd, 4318347.793, 68
Trd, 4318349.093, 63
Trd, 4318349.293, 68
Trd, 4318349.393, 75
Trd, 4318349.593, 68
Trd, 4318350.193, 65
Trd, 4318352.443, 69
Trd, 4318352.743, 69
Trd, 4318352.893, 61
Trd, 4318353.143, 62
Trd, 4318353.443, 62
Trd, 4318354.693, 62
Trd, 4318356.143, 140
Trd, 4318356.393, 139
Trd, 4318356.543, 138
Trd, 4318357.893, 140
Trd, 4318357.943, 139
Trd, 4318358.043, 74
Trd, 4318358.443, 140
Trd, 4318359.793, 133
Trd, 4318360.843, 90
Trd, 4318360.893, 88
Trd, 4318361.293, 87
Trd, 4318361.343, 80
Trd, 4318362.643, 64
Trd, 4318363.293, 134
Trd, 4318365.343, 140
Trd, 4318365.843, 140
Trd, 4318366.043, 140
Trd, 4318366.343, 139
Trd, 4318366.993, 140
Trd, 4318367.893, 140
Trd, 4318368.543, 140
Trd, 4318369.043, 140
Trd, 4318369.593, 140
Trd, 4318369.843, 140
Trd, 4318370.443, 65
Trd, 4318371.143, 65
Trd, 4318371.543, 140
Trd, 4318371.843, 140
Trd, 4318372.943, 69
Trd, 4318373.343, 137
Trd, 4318374.943, 65
Trd, 4318375.043, 129
Trd, 4318375.443, 61
Trd, 4318376.343, 60
Trd, 4318376.993, 60
Trd, 4318377.043, 85
Trd, 4318377.993, 139
Trd, 4318378.143, 139
Trd, 4318378.393, 138
Trd, 4318379.643, 89
Trd, 4318379.743, 69
Trd, 4318381.443, 67
Trd, 4318382.393, 62
Trd, 4318382.643, 71
Trd, 4318383.043, 71
Trd, 4318383.993, 63
Trd, 4318385.393, 61
Trd, 4318385.443, 62
Trd, 4318385.643, 64
Trd, 4318386.543, 62
Trd, 4318387.193, 63
Trd, 4318387.393, 66
Trd, 4318387.743, 68
Trd, 4318388.193, 61
Trd, 4318388.493, 117
Trd, 4318388.843, 60
Trd, 4318389.843, 140
Trd, 4318390.243, 140
Trd, 4318391.743, 140
Trd, 4318391.793, 140
Trd, 4318391.993, 138
Trd, 4318393.643, 140
Trd, 4318393.843, 67
Trd, 4318395.093, 60
Trd, 4318395.493, 67
Trd, 4318396.093, 65
Trd, 4318396.443, 86
Trd, 4318396.643, 89
Trd, 4318397.543, 123
Trd, 4318398.893, 81
Trd, 4318399.393, 61
Trd, 4318399.693, 69
Trd, 4318401.893, 140
Trd, 4318402.143, 140
Trd, 4318402.643, 139
Trd, 4318402.793, 138
Trd, 4318403.293, 135
Trd, 4318403.993, 80
Trd, 4318404.343, 140
Trd, 4318406.243, 60
Trd, 4318406.293, 60
Trd, 4318406.493, 65
Trd, 4318407.143, 119
Trd, 4318407.193, 118
Trd, 4318408.843, 140
Trd, 4318408.943, 129
Trd, 4318409.643, 128
Trd, 4318410.093, 138
Trd, 4318411.343, 140
Trd, 4318411.393, 139
Trd, 4318412.243, 140
Trd, 4318414.443, 138
Trd, 4318414.843, 139
Trd, 4318414.943, 138
Trd, 4318415.243, 137
Trd, 4318416.143, 137
Trd, 4318416.193, 136
Trd, 4318416.493, 140
Trd, 4318416.743, 140
Trd, 4318417.893, 139
Trd, 4318418.493, 87
Trd, 4318419.093, 72
Trd, 4318420.543, 78
Trd, 4318420.743, 72
Trd, 4318420.793, 71
Trd, 4318420.993, 72
Trd, 4318421.293, 62
Trd, 4318421.843, 138
Trd, 4318423.093, 123
Trd, 4318423.343, 113
Trd, 4318425.293, 140
Trd, 4318425.393, 139
Trd, 4318425.543, 60
Trd, 4318426.993, 138
Trd, 4318427.443, 140
Trd, 4318428.093, 137
Trd, 4318428.693, 119
Trd, 4318428.743, 115
Trd, 4318429.943, 119
Trd, 4318430.193, 140
Trd, 4318431.093, 138
Trd, 4318431.793, 122
Trd, 4318432.693, 138
Trd, 4318432.843, 137
Trd, 4318433.343, 137
Trd, 4318434.193, 140
Trd, 4318435.643, 140
Trd, 4318435.693, 139
Trd, 4318436.043, 137
Trd, 4318436.593, 138
Trd, 4318436.643, 114
Trd, 4318438.693, 140
Trd, 4318438.843, 139
Trd, 4318439.693, 140
Trd, 4318439.893, 140
Trd, 4318440.343, 140
Trd, 4318441.243, 140
Trd, 4318442.093, 140
Trd, 4318442.643, 140
Trd, 4318443.243, 140
Trd, 4318443.443, 139
Trd, 4318443.993, 139
Trd, 4318444.993, 140
Trd, 4318445.093, 118
Trd, 4318446.593, 140
Trd, 4318446.693, 137
Trd, 4318448.043, 140
Trd, 4318448.443, 139
Trd, 4318448.743, 133
Trd, 4318448.893, 139
Trd, 4318450.843, 60
Trd, 4318451.143, 60
Trd, 4318451.193, 100
Trd, 4318452.043, 139
Trd, 4318452.793, 61
Trd, 4318453.243, 70
Trd, 4318453.843, 71
Trd, 4318454.543, 61
Trd, 4318454.893, 60
Trd, 4318455.543, 63
Trd, 4318455.893, 61
Trd, 4318456.543, 107
Trd, 4318457.643, 110
Trd, 4318458.043, 60
Trd, 4318458.193, 61
Trd, 4318458.543, 62
Trd, 4318458.693, 95
Trd, 4318460.693, 140
Trd, 4318460.893, 140
Trd, 4318461.543, 140
Trd, 4318462.143, 140
Trd, 4318462.243, 138
Trd, 4318464.093, 140
Trd, 4318465.243, 140
Trd, 4318466.093, 140
Trd, 4318466.143, 140
Trd, 4318467.243, 112
Trd, 4318467.343, 138
Trd, 4318467.543, 100
Trd, 4318468.143, 139
Trd, 4318470.143, 140
Trd, 4318470.393, 140
Trd, 4318470.543, 140
Trd, 4318471.043, 103
Trd, 4318471.893, 112
Trd, 4318472.343, 66
Trd, 4318472.693, 69
Trd, 4318472.893, 140
Trd, 4318473.993, 140
Trd, 4318474.143, 137
Trd, 4318475.393, 66
Trd, 4318475.743, 60
Trd, 4318476.143, 110
Trd, 4318476.693, 140
Trd, 4318476.743, 140
Trd, 4318479.143, 140
Trd, 4318479.243, 138
Trd, 4318479.843, 140
Trd, 4318479.943, 140
Trd, 4318480.093, 139
Trd, 4318481.143, 140
Trd, 4318481.743, 140
Trd, 4318481.993, 72
Trd, 4318483.093, 137
Trd, 4318483.493, 140
Trd, 4318485.743, 140
Trd, 4318485.843, 140
Trd, 4318485.993, 139
Trd, 4318486.743, 138
Trd, 4318487.443, 83
Trd, 4318487.893, 140
Trd, 4318488.143, 134
Trd, 4318488.643, 137
Trd, 4318488.943, 106
Trd, 4318488.993, 87
Trd, 4318489.643, 125
Trd, 4318491.643, 84
Trd, 4318493.543, 140
Trd, 4318493.643, 140
Trd, 4318494.593, 107
Trd, 4318494.943, 107
Trd, 4318495.493, 102
Trd, 4318495.793, 140
Trd, 4318496.043, 137
Trd, 4318497.493, 137
Trd, 4318497.593, 137
Trd, 4318498.293, 61
Trd, 4318498.793, 61
Trd, 4318499.293, 136
Trd, 4318500.243, 140
Trd, 4318500.543, 107
Trd, 4318501.543, 138
Trd, 4318501.793, 134
Trd, 4318502.343, 139
Trd, 4318502.893, 136
Trd, 4318502.993, 75
Trd, 4318504.743, 97
Trd, 4318505.043, 96
Trd, 4318505.243, 139
Trd, 4318506.343, 139
Trd, 4318508.343, 140
Trd, 4318508.543, 109
Trd, 4318508.843, 108
Trd, 4318509.493, 140
Trd, 4318509.943, 140
Trd, 4318510.443, 140
Trd, 4318510.943, 140
Trd, 4318511.543, 139
Trd, 4318511.793, 109
Trd, 4318512.043, 66
Trd, 4318513.093, 69
Trd, 4318514.493, 133
Trd, 4318514.693, 138
Trd, 4318515.093, 130
Trd, 4318515.293, 113
Trd, 4318515.343, 103
Trd, 4318516.343, 140
Trd, 4318517.093, 140
Trd, 4318518.793, 140
Trd, 4318518.893, 140
Trd, 4318520.343, 140
Trd, 4318520.543, 138
Trd, 4318520.943, 138
Trd, 4318522.343, 140
Trd, 4318522.943, 139
Trd, 4318523.293, 138
Trd, 4318523.893, 140
Trd, 4318524.893, 140
Trd, 4318524.943, 140
Trd, 4318525.793, 124
Trd, 4318526.243, 123
Trd, 4318527.293, 140
Trd, 4318527.493, 97
Trd, 4318527.743, 77
Trd, 4318527.993, 140
Trd, 4318528.743, 63
Trd, 4318529.593, 136
Trd, 4318530.143, 120
Trd, 4318530.593, 112
Trd, 4318531.943, 140
Trd, 4318532.293, 138
Trd, 4318533.093, 121
Trd, 4318533.193, 103
Trd, 4318534.143, 140
Trd, 4318534.493, 139
Trd, 4318535.943, 90
Trd, 4318537.493, 63
Trd, 4318539.393, 64
Trd, 4318539.443, 67
Trd, 4318539.843, 69
Trd, 4318540.193, 61
Trd, 4318540.493, 86
Trd, 4318540.593, 67
Trd, 4318540.893, 116
Trd, 4318541.193, 136
Trd, 4318543.243, 61
Trd, 4318543.643, 63
Trd, 4318543.743, 64
Trd, 4318544.543, 83
Trd, 4318545.543, 138
Trd, 4318545.693, 137
Trd, 4318546.343, 140
Trd, 4318547.243, 87
Trd, 4318547.793, 140
Trd, 4318549.643, 140
Trd, 4318550.343, 140
Trd, 4318550.593, 140
Trd, 4318551.293, 140
Trd, 4318551.793, 140
Trd, 4318552.443, 138
Trd, 4318552.893, 137
Trd, 4318554.043, 140
Trd, 4318554.193, 133
Trd, 4318554.893, 105
Trd, 4318555.393, 140
Trd, 4318555.893, 97
Trd, 4318556.543, 124
Trd, 4318557.493, 124
Trd, 4318558.593, 138
Trd, 4318558.643, 98
Trd, 4318559.493, 140
Trd, 4318559.793, 140
Trd, 4318560.543, 113
Trd, 4318561.193, 140
Trd, 4318561.843, 140
Trd, 4318562.293, 139
Trd, 4318562.843, 139
Trd, 4318563.793, 140
Trd, 4318563.843, 140
Trd, 4318564.243, 96
Trd, 4318565.443, 140
Trd, 4318565.493, 135
Trd, 4318566.543, 63
Trd, 4318566.843, 74
Trd, 4318568.143, 81
Trd, 4318569.093, 84
Trd, 4318569.993, 62
Trd, 4318570.443, 62
Trd, 4318570.893, 67
Trd, 4318571.693, 65
Trd, 4318572.143, 60
Trd, 4318572.943, 74
Trd, 4318573.593, 63
Trd, 4318574.143, 67
Trd, 4318575.893, 140
Trd, 4318576.143, 140
Trd, 4318576.193, 133
Trd, 4318576.893, 140
Trd, 4318577.593, 140
Trd, 4318577.643, 140
Trd, 4318578.993, 138
Trd, 4318579.843, 140
Trd, 4318579.943, 140
Trd, 4318580.143, 140
Trd, 4318580.393, 140
Trd, 4318581.293, 60
Trd, 4318582.843, 140
Trd, 4318583.543, 140
Trd, 4318584.393, 140
Trd, 4318585.293, 140
Trd, 4318585.443, 136
Trd, 4318586.443, 140
Trd, 4318586.543, 112
Trd, 4318586.693, 84
Trd, 4318587.293, 136
Trd, 4318587.943, 136
Trd, 4318589.093, 90
Trd, 4318589.393, 99
Trd, 4318590.043, 140
Trd, 4318590.543, 140
Trd, 4318591.643, 140
Trd, 4318591.893, 140
Trd, 4318592.993, 140
Trd, 4318593.643, 139
Trd, 4318594.393, 139
Trd, 4318594.693, 138
Trd, 4318596.043, 137
Trd, 4318596.143, 136
Trd, 4318596.693, 117
Trd, 4318596.893, 116
Trd, 4318597.243, 79
Trd, 4318599.493, 140
Trd, 4318599.793, 140
Trd, 4318600.593, 140
Trd, 4318600.793, 140
Trd, 4318601.443, 140
Trd, 4318601.643, 137
Trd, 4318602.393, 140
Trd, 4318604.043, 140
Trd, 4318604.293, 140
Trd, 4318605.393, 140
Trd, 4318605.493, 139
Trd, 4318605.543, 120
Trd, 4318606.093, 140
Trd, 4318606.243, 126
Trd, 4318607.293, 140
Trd, 4318607.393, 138
Trd, 4318608.493, 139
Trd, 4318609.093, 122
Trd, 4318611.243, 140
Trd, 4318611.643, 140
Trd, 4318611.693, 140
Trd, 4318611.943, 94
Trd, 4318612.843, 140
Trd, 4318612.893, 140
Trd, 4318613.493, 139
Trd, 4318614.193, 137
Trd, 4318614.943, 140
Trd, 4318615.743, 71
Trd, 4318616.043, 70
Trd, 4318616.193, 107
Trd, 4318617.893, 60
Trd, 4318617.993, 67
Trd, 4318619.643, 66
Trd, 4318619.693, 67
Trd, 4318620.043, 68
Trd, 4318621.343, 68
Trd, 4318621.493, 81
Trd, 4318621.693, 140
Trd, 4318622.743, 99
Trd, 4318622.943, 98
Trd, 4318623.793, 139
Trd, 4318625.243, 61
Trd, 4318625.593, 63
Trd, 4318626.443, 60
Trd, 4318626.543, 60
Trd, 4318626.593, 61
Trd, 4318628.293, 63
Trd, 4318628.543, 61
Trd, 4318628.693, 64
Trd, 4318630.043, 61
Trd, 4318630.243, 62
Trd, 4318632.643, 81
Trd, 4318632.893, 123
Trd, 4318633.043, 140
Trd, 4318633.543, 82
Trd, 4318635.393, 140
Trd, 4318635.993, 139
Trd, 4318636.593, 127
Trd, 4318636.643, 115
Trd, 4318637.493, 140
Trd, 4318637.993, 140
Trd, 4318638.443, 138
Trd, 4318638.743, 60
Trd, 4318638.793, 62
Trd, 4318639.943, 60
Trd, 4318640.593, 73
Trd, 4318641.493, 68
Trd, 4318641.593, 74
Trd, 4318642.243, 60
Trd, 4318644.293, 62
Trd, 4318645.093, 61
Trd, 4318645.343, 67
Trd, 4318646.143, 61
Trd, 4318647.043, 65
Trd, 4318647.543, 62
Trd, 4318647.593, 111
Trd, 4318648.093, 139
Trd, 4318649.543, 61
Trd, 4318649.743, 69
Trd, 4318651.693, 64
Trd, 4318651.843, 65
Trd, 4318652.343, 66
Trd, 4318653.193, 63
Trd, 4318653.943, 60
Trd, 4318654.743, 140
Trd, 4318654.793, 127
Trd, 4318655.243, 135
Trd, 4318655.593, 136
Trd, 4318656.893, 60
Trd, 4318658.243, 65
Trd, 4318659.093, 64
Trd, 4318659.893, 63
Trd, 4318660.443, 68
Trd, 4318660.843, 78
Trd, 4318661.443, 84
Trd, 4318662.143, 127
Trd, 4318663.893, 140
Trd, 4318663.943, 140
Trd, 4318664.293, 140
Trd, 4318664.443, 138
Trd, 4318664.493, 136
Trd, 4318665.993, 138
Trd, 4318666.593, 131
Trd, 4318666.643, 103
Trd, 4318667.243, 139
Trd, 4318667.443, 86
Trd, 4318668.793, 61
Trd, 4318669.243, 60
Trd, 4318671.043, 60
Trd, 4318671.743, 60
Trd, 4318672.443, 60
Trd, 4318672.493, 60
Trd, 4318673.443, 60
Trd, 4318673.643, 61
Trd, 4318674.293, 61
Trd, 4318675.093, 140
Trd, 4318675.393, 140
Trd, 4318675.993, 140
Trd, 4318676.543, 140
Trd, 4318677.843, 140
Trd, 4318678.243, 130
Trd, 4318679.143, 140
Trd, 4318679.643, 140
Trd, 4318679.993, 140
Trd, 4318680.543, 140
Trd, 4318680.743, 140
Trd, 4318683.093, 140
Trd, 4318683.293, 140
Trd, 4318683.743, 140
Trd, 4318683.793, 137
Trd, 4318684.493, 61
Trd, 4318684.893, 62
Trd, 4318686.693, 62
Trd, 4318687.843, 63
Trd, 4318687.943, 66
Trd, 4318688.143, 114
Trd, 4318689.493, 118
Trd, 4318689.743, 135
Trd, 4318689.793, 63
Trd, 4318691.843, 122
Trd, 4318692.493, 60
Trd, 4318692.543, 61
Trd, 4318693.793, 63
Trd, 4318694.243, 64
Trd, 4318695.743, 65
Trd, 4318695.943, 130
Trd, 4318696.793, 69
Trd, 4318696.843, 89
Trd, 4318697.343, 102
Trd, 4318697.493, 102
Trd, 4318697.543, 98
Trd, 4318698.093, 140
Trd, 4318698.193, 139
Trd, 4318698.693, 139
Trd, 4318699.243, 60
Trd, 4318701.343, 140
Trd, 4318702.293, 140
Trd, 4318704.093, 140
Trd, 4318704.443, 140
Trd, 4318704.543, 139
Trd, 4318704.843, 140
Trd, 4318707.293, 140
Trd, 4318707.893, 71
Trd, 4318708.093, 80
Trd, 4318708.393, 103
Trd, 4318709.343, 60
Trd, 4318709.693, 64
Trd, 4318709.793, 63
Trd, 4318710.293, 89
Trd, 4318710.643, 115
Trd, 4318711.143, 140
Trd, 4318711.193, 102
Trd, 4318711.843, 71
Trd, 4318712.993, 61
Trd, 4318714.043, 66
Trd, 4318714.393, 140
Trd, 4318715.093, 139
Trd, 4318715.943, 63
Trd, 4318716.643, 140
Trd, 4318717.943, 140
Trd, 4318717.993, 140
Trd, 4318718.293, 140
Trd, 4318718.743, 140
Trd, 4318718.843, 140
Trd, 4318719.793, 60
Trd, 4318721.293, 140
Trd, 4318722.493, 140
Trd, 4318723.093, 139
Trd, 4318723.893, 140
Trd, 4318724.243, 138
Trd, 4318724.693, 140
Trd, 4318725.243, 118
Trd, 4318726.993, 140
Trd, 4318728.093, 140
Trd, 4318728.393, 140
Trd, 4318728.843, 140
Trd, 4318730.393, 140
Trd, 4318730.543, 138
Trd, 4318731.243, 137
Trd, 4318732.143, 139
Trd, 4318732.493, 101
Trd, 4318733.743, 139
Trd, 4318734.493, 122
Trd, 4318734.843, 72
Trd, 4318735.443, 71
Trd, 4318735.843, 139
Trd, 4318735.943, 139
Trd, 4318736.893, 140
Trd, 4318737.493, 140
Trd, 4318738.043, 140
Trd, 4318738.643, 140
Trd, 4318740.443, 140
Trd, 4318740.593, 139
Trd, 4318740.943, 139
Trd, 4318741.793, 140
Trd, 4318743.143, 140
Trd, 4318743.293, 140
Trd, 4318743.643, 140
Trd, 4318743.893, 139
Trd, 4318744.893, 127
Trd, 4318745.393, 138
Trd, 4318745.893, 137
Trd, 4318745.943, 136
Trd, 4318746.293, 140
Trd, 4318746.643, 90
Trd, 4318747.443, 140
Trd, 4318748.093, 68
Trd, 4318749.593, 140
Trd, 4318750.493, 140
Trd, 4318751.493, 140
Trd, 4318752.343, 140
Trd, 4318752.643, 128
Trd, 4318753.293, 140
Trd, 4318753.493, 95
Trd, 4318753.743, 70
Trd, 4318755.193, 62
Trd, 4318755.693, 127
Trd, 4318756.593, 71
Trd, 4318756.993, 70
Trd, 4318758.893, 140
Trd, 4318759.093, 140
Trd, 4318759.893, 138
Trd, 4318760.043, 138
Trd, 4318760.293, 139
Trd, 4318760.993, 67
Trd, 4318761.393, 66
Trd, 4318762.193, 100
Trd, 4318763.143, 61
Trd, 4318763.543, 82
Trd, 4318763.743, 69
Trd, 4318764.493, 61
Trd, 4318764.543, 62
Trd, 4318765.943, 60
Trd, 4318766.893, 60
Trd, 4318767.793, 60
Trd, 4318769.093, 60
Trd, 4318769.243, 61
Trd, 4318769.743, 60
Trd, 4318770.093, 60
Trd, 4318772.193, 60
Trd, 4318772.243, 60
Trd, 4318773.443, 63
Trd, 4318774.043, 60
Trd, 4318775.243, 87
Trd, 4318775.593, 60
Trd, 4318775.993, 140
Trd, 4318776.643, 69
Trd, 4318776.993, 139
Trd, 4318777.843, 98
Trd, 4318778.493, 140
Trd, 4318778.793, 140
Trd, 4318779.293, 140
Trd, 4318779.893, 139
Trd, 4318780.943, 140
Trd, 4318781.793, 140
Trd, 4318782.093, 140
Trd, 4318782.843, 62
Trd, 4318782.943, 68
Trd, 4318783.993, 136
Trd, 4318784.193, 65
Trd, 4318784.793, 64
Trd, 4318786.043, 107
Trd, 4318786.193, 121
Trd, 4318786.743, 140
Trd, 4318787.193, 93
Trd, 4318787.393, 139
Trd, 4318788.093, 140
Trd, 4318788.543, 62
Trd, 4318790.543, 70
Trd, 4318790.643, 67
Trd, 4318792.093, 68
Trd, 4318792.243, 70
Trd, 4318792.843, 106
Trd, 4318793.293, 136
Trd, 4318794.093, 140
Trd, 4318795.543, 140
Trd, 4318795.843, 140
Trd, 4318795.993, 139
Trd, 4318797.193, 140
Trd, 4318797.843, 140
Trd, 4318798.843, 140
Trd, 4318799.093, 140
Trd, 4318799.193, 138
Trd, 4318800.993, 77
Trd, 4318802.043, 68
Trd, 4318802.093, 69
Trd, 4318802.443, 73
Trd, 4318803.293, 63
Trd, 4318804.443, 124
Trd, 4318805.743, 140
Trd, 4318805.843, 140
Trd, 4318805.893, 140
Trd, 4318806.743, 139
Trd, 4318807.193, 137
Trd, 4318807.443, 136
Trd, 4318808.993, 140
Trd, 4318809.543, 139
Trd, 4318809.943, 113
Trd, 4318810.043, 73
Trd, 4318810.093, 70
Trd, 4318813.143, 140
Trd, 4318814.393, 140
Trd, 4318814.443, 139
Trd, 4318814.993, 140
Trd, 4318815.243, 140
Trd, 4318815.793, 140
Trd, 4318816.493, 140
Trd, 4318816.743, 139
Trd, 4318817.743, 112
Trd, 4318818.293, 138
Trd, 4318819.893, 140
Trd, 4318820.793, 139
Trd, 4318820.843, 138
Trd, 4318820.893, 138
Trd, 4318821.243, 140
Trd, 4318822.393, 140
Trd, 4318822.493, 98
Trd, 4318823.243, 109
Trd, 4318824.243, 62
Trd, 4318825.093, 61
Trd, 4318825.343, 62
Trd, 4318825.743, 72
Trd, 4318827.393, 140
Trd, 4318827.493, 140
Trd, 4318828.693, 140
Trd, 4318829.343, 140
Trd, 4318829.993, 139
Trd, 4318830.443, 139
Trd, 4318832.043, 140
Trd, 4318832.543, 140
Trd, 4318832.693, 139
Trd, 4318832.993, 140
Trd, 4318834.793, 116
Trd, 4318835.043, 95
Trd, 4318836.443, 140
Trd, 4318836.643, 140
Trd, 4318837.743, 140
Trd, 4318837.893, 140
Trd, 4318838.943, 140
Trd, 4318839.193, 140
Trd, 4318839.843, 139
Trd, 4318840.093, 138
Trd, 4318841.243, 123
Trd, 4318841.543, 113
Trd, 4318842.193, 63
Trd, 4318842.793, 64
Trd, 4318843.193, 61
Trd, 4318843.343, 74
Trd, 4318844.143, 63
Trd, 4318844.943, 60
Trd, 4318845.593, 60
Trd, 4318846.193, 60
Trd, 4318846.293, 61
Trd, 4318846.393, 63
Trd, 4318847.293, 61
Trd, 4318849.043, 61
Trd, 4318849.343, 139
Trd, 4318849.543, 140
Trd, 4318850.693, 139
Trd, 4318850.793, 69
Trd, 4318851.643, 75
Trd, 4318852.293, 140
Trd, 4318853.043, 140
Trd, 4318854.143, 139
Trd, 4318854.693, 60
Trd, 4318854.843, 62
Trd, 4318855.243, 75
Trd, 4318855.893, 70
Trd, 4318856.243, 72
Trd, 4318857.243, 60
Trd, 4318858.143, 60
Trd, 4318859.393, 60
Trd, 4318860.593, 62
Trd, 4318861.193, 66
Trd, 4318861.693, 64
Trd, 4318861.943, 67
Trd, 4318862.343, 80
Trd, 4318862.843, 138
Trd, 4318863.043, 72
Trd, 4318863.343, 91
Trd, 4318864.393, 138
Trd, 4318864.593, 71
Trd, 4318864.943, 114
Trd, 4318865.793, 137
Trd, 4318866.293, 114
Trd, 4318866.793, 117
Trd, 4318868.193, 140
Trd, 4318868.493, 140
Trd, 4318868.593, 140
Trd, 4318871.743, 140
Trd, 4318871.893, 140
Trd, 4318872.243, 139
Trd, 4318873.443, 140
Trd, 4318873.693, 140
Trd, 4318873.843, 138
Trd, 4318874.993, 61
Trd, 4318875.543, 60
Trd, 4318875.893, 66
Trd, 4318876.793, 61
Trd, 4318877.193, 61
Trd, 4318877.293, 64
Trd, 4318877.343, 102
Trd, 4318877.493, 98
Trd, 4318877.893, 103
Trd, 4318878.193, 135
Trd, 4318880.093, 62
Trd, 4318881.443, 61
Trd, 4318881.543, 62
Trd, 4318881.743, 66
Trd, 4318882.793, 71
Trd, 4318883.593, 60
Trd, 4318884.543, 60
Trd, 4318884.743, 63
Trd, 4318885.243, 63
Trd, 4318885.593, 93
Trd, 4318886.443, 64
Trd, 4318888.493, 60
Trd, 4318888.993, 61
Trd, 4318890.093, 63
Trd, 4318890.843, 60
Trd, 4318891.143, 62
Trd, 4318891.193, 63
Trd, 4318891.593, 78
Trd, 4318892.993, 87
Trd, 4318893.093, 86
Trd, 4318893.243, 110
Trd, 4318894.293, 62
Trd, 4318894.343, 73
Trd, 4318895.093, 61
Trd, 4318895.543, 139
Trd, 4318896.343, 62
Trd, 4318896.893, 139
Trd, 4318897.993, 62
Trd, 4318898.443, 64
Trd, 4318899.693, 61
Trd, 4318900.143, 64
Trd, 4318900.743, 66
Trd, 4318900.993, 64
Trd, 4318901.943, 138
Trd, 4318902.943, 128
Trd, 4318903.143, 140
Trd, 4318903.893, 140
Trd, 4318904.993, 139
Trd, 4318906.143, 140
Trd, 4318906.193, 139
Trd, 4318906.243, 93
Trd, 4318907.343, 125
Trd, 4318908.443, 140
Trd, 4318908.843, 87
Trd, 4318909.293, 65
Trd, 4318910.393, 61
Trd, 4318910.793, 68
Trd, 4318910.993, 93
Trd, 4318913.493, 60
Trd, 4318914.043, 60
Trd, 4318914.193, 65
Trd, 4318914.793, 60
Trd, 4318916.093, 64
Trd, 4318916.143, 73
Trd, 4318916.343, 68
Trd, 4318917.393, 60
Trd, 4318917.443, 73
Trd, 4318918.343, 61
Trd, 4318918.993, 63
Trd, 4318919.893, 61
Trd, 4318920.093, 61
Trd, 4318920.543, 64
Trd, 4318921.443, 138
Trd, 4318923.743, 60
Trd, 4318924.043, 60
Trd, 4318924.493, 62
Trd, 4318924.743, 62
Trd, 4318924.943, 63
Trd, 4318926.093, 61
Trd, 4318926.743, 65
Trd, 4318927.093, 140
Trd, 4318927.293, 140
Trd, 4318927.443, 139
Trd, 4318928.093, 139
Trd, 4318928.293, 139
Trd, 4318929.143, 110
Trd, 4318930.443, 92
Trd, 4318930.893, 140
Trd, 4318932.043, 60
Trd, 4318932.243, 64
Trd, 4318932.993, 65
Trd, 4318933.293, 137
Trd, 4318934.343, 60
Trd, 4318934.593, 61
Trd, 4318935.643, 60
Trd, 4318935.743, 60
Trd, 4318936.743, 63
Trd, 4318937.343, 62
Trd, 4318938.593, 85
Trd, 4318939.543, 136
Trd, 4318939.993, 67
Trd, 4318941.243, 63
Trd, 4318941.493, 73
Trd, 4318941.793, 96
Trd, 4318942.143, 139
Trd, 4318943.293, 140
Trd, 4318943.343, 140
Trd, 4318943.543, 140
Trd, 4318943.843, 136
Trd, 4318944.343, 82
Trd, 4318944.993, 63
Trd, 4318945.393, 73
Trd, 4318946.343, 60
Trd, 4318947.093, 65
Trd, 4318947.593, 139
Trd, 4318948.993, 63
Trd, 4318950.243, 67
Trd, 4318950.493, 85
Trd, 4318951.593, 140
Trd, 4318953.393, 140
Trd, 4318953.593, 140
Trd, 4318953.793, 140
Trd, 4318955.593, 140
Trd, 4318955.743, 140
Trd, 4318955.843, 139
Trd, 4318956.043, 140
Trd, 4318956.593, 100
Trd, 4318957.843, 140
Trd, 4318957.893, 100
Trd, 4318958.843, 140
Trd, 4318959.493, 140
Trd, 4318960.243, 140
Trd, 4318961.943, 140
Trd, 4318962.193, 139
Trd, 4318962.343, 138
Trd, 4318964.993, 140
Trd, 4318965.143, 140
Trd, 4318965.643, 140
Trd, 4318966.543, 140
Trd, 4318966.793, 140
Trd, 4318966.993, 140
Trd, 4318968.343, 88
Trd, 4318969.043, 133
Trd, 4318969.593, 140
Trd, 4318970.343, 140
Trd, 4318971.693, 140
Trd, 4318971.943, 140
Trd, 4318972.393, 140
Trd, 4318973.443, 128
Trd, 4318973.843, 137
Trd, 4318974.693, 60
Trd, 4318975.093, 60
Trd, 4318975.543, 63
Trd, 4318975.943, 78
Trd, 4318976.543, 75
Trd, 4318977.343, 95
Trd, 4318977.993, 67
Trd, 4318978.843, 89
Trd, 4318979.893, 140
Trd, 4318980.093, 139
Trd, 4318980.243, 139
Trd, 4318980.843, 67
Trd, 4318981.393, 67
Trd, 4318981.643, 69
Trd, 4318982.393, 60
Trd, 4318982.893, 62
Trd, 4318983.643, 78
Trd, 4318984.743, 139
Trd, 4318984.943, 138
Trd, 4318985.593, 140
Trd, 4318986.243, 140
Trd, 4318986.993, 140
Trd, 4318987.093, 140
Trd, 4318987.593, 140
Trd, 4318988.193, 109
Trd, 4318988.543, 137
Trd, 4318989.093, 139
Trd, 4318991.243, 139
Trd, 4318991.393, 90
Trd, 4318992.993, 112
Trd, 4318993.043, 89
Trd, 4318994.993, 140
Trd, 4318995.893, 140
Trd, 4318996.243, 140
Trd, 4318996.543, 109
Trd, 4318996.643, 87
Trd, 4318998.643, 61
Trd, 4318999.343, 70
Trd, 4318999.793, 73
Trd, 4318999.943, 128
Trd, 4319000.893, 140
Trd, 4319001.093, 139
Trd, 4319001.193, 140
Trd, 4319001.743, 139
Trd, 4319002.943, 140
Trd, 4319003.543, 104
Trd, 4319004.543, 140
Trd, 4319004.743, 140
Trd, 4319004.793, 140
Trd, 4319004.843, 82
Trd, 4319006.393, 137
Trd, 4319007.693, 64
Trd, 4319007.943, 140
Trd, 4319008.793, 140
Trd, 4319009.993, 140
Trd, 4319010.393, 140
Trd, 4319010.593, 76
Trd, 4319011.143, 140
Trd, 4319011.793, 140
Trd, 4319011.943, 140
Trd, 4319012.293, 140
Trd, 4319012.643, 137
Trd, 4319013.343, 140
Trd, 4319015.093, 139
Trd, 4319016.493, 140
Trd, 4319017.043, 139
Trd, 4319017.543, 125
Trd, 4319017.993, 63
Trd, 4319018.693, 62
Trd, 4319019.993, 61
Trd, 4319020.293, 63
Trd, 4319020.643, 60
Trd, 4319020.793, 101
Trd, 4319023.743, 60
Trd, 4319024.043, 60
Trd, 4319025.143, 60
Trd, 4319025.393, 60
Trd, 4319025.943, 63
Trd, 4319026.443, 64
Trd, 4319026.593, 72
Trd, 4319026.993, 102
Trd, 4319027.543, 60
Trd, 4319027.793, 62
Trd, 4319028.143, 61
Trd, 4319028.493, 95
Trd, 4319029.093, 62
Trd, 4319030.193, 60
Trd, 4319030.443, 60
Trd, 4319030.793, 89
Trd, 4319031.943, 127
Trd, 4319032.143, 115
Trd, 4319032.743, 63
Trd, 4319033.143, 69
Trd, 4319034.093, 61
Trd, 4319034.343, 105
Trd, 4319034.693, 67
Trd, 4319035.193, 139
Trd, 4319036.543, 65
Trd, 4319036.893, 139
Trd, 4319038.043, 137
Trd, 4319038.893, 139
Trd, 4319039.543, 61
Trd, 4319040.743, 61
Trd, 4319041.843, 64
Trd, 4319041.943, 65
Trd, 4319042.443, 61
Trd, 4319044.043, 62
Trd, 4319044.093, 81
Trd, 4319044.643, 60
Trd, 4319044.843, 61
Trd, 4319045.893, 62
Trd, 4319046.843, 63
Trd, 4319047.243, 61
Trd, 4319047.393, 72
Trd, 4319048.293, 73
Trd, 4319048.943, 108
Trd, 4319049.443, 105
Trd, 4319049.643, 140
Trd, 4319049.793, 82
Trd, 4319050.593, 140
Trd, 4319050.843, 140
Trd, 4319052.343, 140
Trd, 4319052.643, 84
Trd, 4319053.643, 107
Trd, 4319053.743, 106
Trd, 4319054.693, 123
Trd, 4319055.193, 104
Trd, 4319055.693, 102
Trd, 4319055.893, 95
Trd, 4319056.143, 105
Trd, 4319056.393, 138
Trd, 4319056.943, 139
Trd, 4319057.693, 140
Trd, 4319059.093, 128
Trd, 4319059.293, 66
Trd, 4319060.343, 70
Trd, 4319061.743, 64
Trd, 4319061.943, 101
Trd, 4319062.343, 70
Trd, 4319062.443, 64
Trd, 4319063.643, 69
Trd, 4319065.093, 60
Trd, 4319065.143, 62
Trd, 4319065.993, 61
Trd, 4319066.543, 62
Trd, 4319067.243, 140
Trd, 4319068.493, 140
Trd, 4319068.593, 139
Trd, 4319068.643, 138
Trd, 4319069.393, 140
Trd, 4319069.893, 139
Trd, 4319070.943, 140
Trd, 4319071.393, 138
Trd, 4319071.443, 96
Trd, 4319071.843, 92
Trd, 4319072.793, 140
Trd, 4319073.593, 122
Trd, 4319074.043, 68
Trd, 4319074.793, 120
Trd, 4319076.043, 140
Trd, 4319076.093, 139
Trd, 4319077.893, 140
Trd, 4319078.743, 138
Trd, 4319078.843, 138
Trd, 4319078.993, 140
Trd, 4319080.243, 97
Trd, 4319080.643, 122
Trd, 4319081.143, 140
Trd, 4319081.543, 139
Trd, 4319081.643, 86
Trd, 4319081.893, 84
Trd, 4319082.593, 140
Trd, 4319083.293, 82
Trd, 4319083.943, 140
Trd, 4319084.443, 139
Trd, 4319084.793, 70
Trd, 4319085.043, 89
Trd, 4319085.593, 140
Trd, 4319085.693, 136
Trd, 4319086.643, 140
Trd, 4319087.643, 140
Trd, 4319089.493, 139
Trd, 4319089.593, 137
Trd, 4319089.943, 136
Trd, 4319090.543, 139
Trd, 4319091.243, 118
Trd, 4319091.843, 138
Trd, 4319092.843, 137
Trd, 4319093.093, 140
Trd, 4319093.593, 100
Trd, 4319094.743, 140
Trd, 4319095.093, 140
Trd, 4319095.793, 140
Trd, 4319097.193, 140
Trd, 4319097.593, 140
Trd, 4319098.693, 140
Trd, 4319098.793, 139
Trd, 4319099.743, 140
Trd, 4319100.143, 139
Trd, 4319100.243, 107
Trd, 4319100.493, 78
Trd, 4319100.593, 65
Trd, 4319102.143, 140
Trd, 4319102.293, 92
Trd, 4319103.143, 140
Trd, 4319103.193, 130
Trd, 4319103.593, 138
Trd, 4319104.493, 140
Trd, 4319106.443, 140
Trd, 4319107.243, 140
Trd, 4319107.693, 140
Trd, 4319108.243, 139
Trd, 4319108.443, 138
Trd, 4319108.843, 134
Trd, 4319108.993, 88
Trd, 4319110.593, 60
Trd, 4319111.493, 60
Trd, 4319111.643, 63
Trd, 4319112.293, 86
Trd, 4319113.143, 60
Trd, 4319113.443, 62
Trd, 4319114.493, 65
Trd, 4319115.043, 69
Trd, 4319115.443, 60
Trd, 4319115.843, 138
Trd, 4319116.043, 137
Trd, 4319117.593, 60
Trd, 4319118.093, 61
Trd, 4319118.243, 61
Trd, 4319118.543, 101
Trd, 4319118.743, 62
Trd, 4319119.393, 80
Trd, 4319120.393, 140
Trd, 4319120.893, 140
Trd, 4319121.943, 140
Trd, 4319121.993, 140
Trd, 4319123.993, 140
Trd, 4319124.043, 140
Trd, 4319124.893, 123
Trd, 4319126.393, 140
Trd, 4319126.543, 129
Trd, 4319127.043, 128
Trd, 4319127.093, 87
Trd, 4319127.743, 137
Trd, 4319127.843, 137
Trd, 4319128.493, 139
Trd, 4319128.843, 140
Trd, 4319129.193, 131
Trd, 4319129.543, 60
Trd, 4319130.943, 140
Trd, 4319131.443, 140
Trd, 4319133.143, 139
Trd, 4319133.343, 137
Trd, 4319134.043, 137
Trd, 4319134.293, 78
Trd, 4319134.643, 66
Trd, 4319135.593, 66
Trd, 4319135.843, 67
Trd, 4319136.643, 61
Trd, 4319137.693, 85
Trd, 4319137.993, 102
Trd, 4319138.043, 101
Trd, 4319139.693, 140
Trd, 4319140.493, 140
Trd, 4319140.993, 132
Trd, 4319141.693, 138
Trd, 4319142.343, 137
Trd, 4319142.593, 112
Trd, 4319143.143, 107
Trd, 4319143.393, 106
Trd, 4319144.143, 134
Trd, 4319145.743, 140
Trd, 4319146.193, 140
Trd, 4319146.293, 139
Trd, 4319147.793, 72
Trd, 4319149.143, 140
Trd, 4319149.893, 139
Trd, 4319150.393, 139
Trd, 4319150.593, 140
Trd, 4319150.793, 140
Trd, 4319151.643, 140
Trd, 4319151.793, 140
Trd, 4319152.543, 140
Trd, 4319153.293, 136
Trd, 4319153.543, 109
Trd, 4319153.643, 138
Trd, 4319154.843, 60
Trd, 4319155.543, 139
Trd, 4319156.943, 140
Trd, 4319157.093, 140
Trd, 4319158.193, 140
Trd, 4319158.643, 140
Trd, 4319158.843, 140
Trd, 4319159.493, 96
Trd, 4319160.093, 62
Trd, 4319161.143, 63
Trd, 4319161.543, 66
Trd, 4319161.593, 68
Trd, 4319161.843, 60
Trd, 4319163.543, 60
Trd, 4319164.593, 138
Trd, 4319165.093, 112
Trd, 4319165.393, 135
Trd, 4319165.593, 140
Trd, 4319165.793, 95
Trd, 4319166.893, 140
Trd, 4319167.143, 140
Trd, 4319167.793, 137
Trd, 4319169.343, 140
Trd, 4319170.643, 140
Trd, 4319171.243, 140
Trd, 4319172.293, 140
Trd, 4319172.443, 140
Trd, 4319173.193, 140
Trd, 4319173.443, 138
Trd, 4319174.643, 140
Trd, 4319175.393, 111
Trd, 4319175.993, 139
Trd, 4319176.293, 138
Trd, 4319176.493, 137
Trd, 4319177.093, 93
Trd, 4319177.943, 140
Trd, 4319178.393, 140
Trd, 4319179.543, 137
Trd, 4319179.693, 140
Trd, 4319181.643, 140
Trd, 4319181.693, 140
Trd, 4319183.543, 140
Trd, 4319183.593, 140
Trd, 4319184.543, 70
Trd, 4319184.593, 74
Trd, 4319185.343, 71
Trd, 4319185.843, 140
Trd, 4319186.243, 102
Trd, 4319187.293, 70
Trd, 4319187.343, 139
Trd, 4319187.443, 96
Trd, 4319188.243, 60
Trd, 4319189.693, 61
Trd, 4319190.143, 63
Trd, 4319192.043, 60
Trd, 4319192.293, 62
Trd, 4319192.643, 64
Trd, 4319192.693, 66
Trd, 4319194.093, 64
Trd, 4319194.143, 65
Trd, 4319195.293, 135
Trd, 4319195.793, 97
Trd, 4319196.093, 62
Trd, 4319196.593, 62
Trd, 4319198.143, 68
Trd, 4319198.343, 67
Trd, 4319198.693, 67
Trd, 4319200.143, 114
Trd, 4319200.293, 88
Trd, 4319201.793, 139
Trd, 4319201.893, 135
Trd, 4319202.643, 104
Trd, 4319203.043, 139
Trd, 4319203.093, 90
Trd, 4319204.193, 140
Trd, 4319204.943, 140
Trd, 4319206.043, 138
Trd, 4319206.243, 139
Trd, 4319206.543, 137
Trd, 4319206.943, 78
Trd, 4319207.493, 113
Trd, 4319207.993, 135
Trd, 4319208.793, 73
Trd, 4319209.993, 63
Trd, 4319210.143, 75
Trd, 4319210.843, 82
Trd, 4319211.493, 140
Trd, 4319211.593, 119
Trd, 4319211.793, 118
Trd, 4319213.143, 129
Trd, 4319214.743, 140
Trd, 4319215.093, 140
Trd, 4319215.543, 139
Trd, 4319215.993, 113
Trd, 4319217.243, 87
Trd, 4319217.343, 92
Trd, 4319217.443, 93
Trd, 4319217.893, 140
Trd, 4319218.243, 113
Trd, 4319219.043, 69
Trd, 4319219.493, 80
Trd, 4319219.943, 140
Trd, 4319220.293, 68
Trd, 4319220.943, 138
Trd, 4319222.693, 72
Trd, 4319222.743, 132
Trd, 4319224.143, 62
Trd, 4319224.743, 60
Trd, 4319225.293, 67
Trd, 4319226.143, 62
Trd, 4319227.043, 60
Trd, 4319227.643, 61
Trd, 4319227.743, 73
Trd, 4319227.993, 83
Trd, 4319228.993, 61
Trd, 4319230.643, 60
Trd, 4319231.093, 63
Trd, 4319231.243, 60
Trd, 4319231.493, 66
Trd, 4319232.043, 60
Trd, 4319232.093, 60
Trd, 4319232.593, 60
Trd, 4319234.943, 92
Trd, 4319235.393, 140
Trd, 4319235.893, 140
Trd, 4319236.443, 140
Trd, 4319236.843, 137
Trd, 4319237.143, 100
Trd, 4319237.443, 96
Trd, 4319237.543, 81
Trd, 4319238.243, 140
Trd, 4319240.743, 140
Trd, 4319240.843, 139
Trd, 4319241.093, 137
Trd, 4319241.243, 137
Trd, 4319242.593, 139
Trd, 4319243.093, 137
Trd, 4319243.693, 61
Trd, 4319245.293, 140
Trd, 4319245.593, 139
Trd, 4319245.643, 139
Trd, 4319246.093, 74
Trd, 4319246.393, 76
Trd, 4319247.893, 139
Trd, 4319248.743, 137
Trd, 4319249.493, 136
Trd, 4319250.643, 140
Trd, 4319250.893, 138
Trd, 4319250.943, 65
Trd, 4319251.793, 139
Trd, 4319252.493, 89
Trd, 4319253.193, 88
Trd, 4319254.093, 140
Trd, 4319254.143, 140
Trd, 4319255.143, 139
Trd, 4319255.593, 138
Trd, 4319256.343, 140
Trd, 4319256.993, 140
Trd, 4319257.043, 139
Trd, 4319257.693, 136
Trd, 4319258.143, 106
Trd, 4319258.243, 140
Trd, 4319259.093, 140
Trd, 4319259.843, 82
Trd, 4319260.643, 61
Trd, 4319263.493, 140
Trd, 4319263.843, 139
Trd, 4319263.893, 108
Trd, 4319264.543, 140
Trd, 4319264.993, 118
Trd, 4319265.143, 139
Trd, 4319267.593, 60
Trd, 4319268.393, 62
Trd, 4319268.543, 68
Trd, 4319269.143, 61
Trd, 4319269.593, 66
Trd, 4319271.043, 74
Trd, 4319271.293, 73
Trd, 4319271.893, 119
Trd, 4319272.093, 61
Trd, 4319273.293, 139
Trd, 4319273.343, 92
Trd, 4319274.343, 67
Trd, 4319275.543, 140
Trd, 4319276.043, 140
Trd, 4319276.143, 140
Trd, 4319276.293, 138
Trd, 4319276.943, 140
Trd, 4319278.093, 140
Trd, 4319279.543, 140
Trd, 4319280.243, 140
Trd, 4319280.443, 140
Trd, 4319280.543, 102
Trd, 4319281.593, 110
Trd, 4319281.893, 125
Trd, 4319282.043, 140
Trd, 4319282.243, 108
Trd, 4319283.543, 68
Trd, 4319284.093, 67
Trd, 4319284.243, 78
Trd, 4319284.493, 64
Trd, 4319286.093, 140
Trd, 4319286.243, 140
Trd, 4319286.443, 139
Trd, 4319287.593, 68
Trd, 4319288.193, 63
Trd, 4319288.693, 108
Trd, 4319288.893, 101
Trd, 4319289.593, 140
Trd, 4319291.643, 71
Trd, 4319291.743, 98
Trd, 4319291.943, 101
Trd, 4319292.093, 116
Trd, 4319293.193, 63
Trd, 4319294.543, 62
Trd, 4319294.993, 66
Trd, 4319295.493, 69
Trd, 4319296.093, 66
Trd, 4319296.143, 117
Trd, 4319296.893, 140
Trd, 4319297.493, 140
Trd, 4319298.243, 139
Trd, 4319298.293, 109
Trd, 4319299.143, 62
Trd, 4319300.893, 67
Trd, 4319301.093, 60
Trd, 4319301.843, 60
Trd, 4319302.493, 140
Trd, 4319303.193, 140
Trd, 4319303.893, 140
Trd, 4319304.293, 140
Trd, 4319304.643, 140
Trd, 4319305.593, 140
Trd, 4319305.643, 140
Trd, 4319306.843, 140
Trd, 4319308.093, 140
Trd, 4319308.843, 140
Trd, 4319308.943, 140
Trd, 4319309.143, 140
Trd, 4319310.043, 140
Trd, 4319310.193, 140
Trd, 4319310.593, 138
Trd, 4319313.193, 140
Trd, 4319314.593, 140
Trd, 4319314.643, 140
Trd, 4319315.743, 140
Trd, 4319316.543, 140
Trd, 4319316.743, 140
Trd, 4319317.293, 140
Trd, 4319317.793, 140
Trd, 4319318.843, 140
Trd, 4319319.143, 140
Trd, 4319319.393, 140
Trd, 4319319.843, 137
Trd, 4319319.993, 116
Trd, 4319320.693, 122
Trd, 4319321.393, 136
Trd, 4319322.193, 119
Trd, 4319324.143, 140
Trd, 4319324.643, 140
Trd, 4319324.943, 140
Trd, 4319325.193, 138
Trd, 4319326.193, 140
Trd, 4319326.293, 129
Trd, 4319327.243, 140
Trd, 4319327.393, 138
Trd, 4319328.343, 137
Trd, 4319328.443, 136
Trd, 4319329.793, 138
Trd, 4319330.393, 139
Trd, 4319331.193, 139
Trd, 4319331.743, 138
Trd, 4319332.593, 139
Trd, 4319333.493, 139
Trd, 4319334.243, 139
Trd, 4319335.093, 139
Trd, 4319336.493, 139
Trd, 4319336.643, 138
Trd, 4319336.793, 138
Trd, 4319337.043, 137
Trd, 4319337.293, 86
Trd, 4319338.043, 95
Trd, 4319338.493, 119
Trd, 4319339.693, 98
Trd, 4319340.643, 60
Trd, 4319341.143, 60
Trd, 4319341.693, 60
Trd, 4319341.743, 63
Trd, 4319343.493, 62
Trd, 4319343.843, 96
Trd, 4319345.043, 60
Trd, 4319345.943, 140
Trd, 4319346.093, 139
Trd, 4319346.143, 122
Trd, 4319346.893, 140
Trd, 4319348.193, 64
Trd, 4319349.343, 65
Trd, 4319349.493, 65
Trd, 4319349.943, 65
Trd, 4319350.993, 97
Trd, 4319351.193, 116
Trd, 4319352.443, 60
Trd, 4319352.593, 68
Trd, 4319352.693, 136
Trd, 4319353.243, 77
Trd, 4319354.343, 60
Trd, 4319354.993, 66
Trd, 4319355.593, 140
Trd, 4319356.643, 60
Trd, 4319356.693, 64
Trd, 4319357.093, 92
Trd, 4319357.343, 76
Trd, 4319357.493, 61
Trd, 4319358.843, 138
Trd, 4319359.293, 106
Trd, 4319360.593, 140
Trd, 4319361.343, 140
Trd, 4319361.393, 140
Trd, 4319362.643, 140
Trd, 4319362.743, 140
Trd, 4319362.843, 137
Trd, 4319363.393, 132
Trd, 4319364.043, 140
Trd, 4319364.743, 140
Trd, 4319364.943, 140
Trd, 4319366.143, 139
Trd, 4319366.443, 102
Trd, 4319366.543, 60
Trd, 4319367.543, 140
Trd, 4319368.043, 138
Trd, 4319369.293, 140
Trd, 4319370.093, 139
Trd, 4319370.593, 140
Trd, 4319371.343, 140
Trd, 4319371.943, 140
Trd, 4319373.193, 61
Trd, 4319373.343, 62
Trd, 4319374.393, 60
Trd, 4319374.493, 61
Trd, 4319374.743, 64
Trd, 4319375.843, 140
Trd, 4319376.493, 140
Trd, 4319376.593, 133
Trd, 4319377.143, 96
Trd, 4319378.693, 140
Trd, 4319379.443, 140
Trd, 4319379.493, 139
Trd, 4319380.043, 140
Trd, 4319381.643, 137
Trd, 4319382.193, 135
Trd, 4319382.293, 87
Trd, 4319383.693, 89
Trd, 4319383.743, 107
Trd, 4319384.243, 108
Trd, 4319384.593, 140
Trd, 4319386.143, 140
Trd, 4319386.743, 140
Trd, 4319386.843, 138
Trd, 4319386.993, 100
Trd, 4319388.943, 140
Trd, 4319390.143, 140
Trd, 4319390.743, 140
Trd, 4319390.843, 140
Trd, 4319391.543, 140
Trd, 4319391.693, 140
Trd, 4319391.943, 139
Trd, 4319392.143, 121
Trd, 4319392.843, 107
Trd, 4319393.293, 73
Trd, 4319393.443, 126
Trd, 4319394.893, 140
Trd, 4319395.093, 140
Trd, 4319395.193, 107
Trd, 4319395.593, 68
Trd, 4319396.643, 77
Trd, 4319397.693, 138
Trd, 4319399.843, 60
Trd, 4319399.943, 63
Trd, 4319400.593, 73
Trd, 4319400.993, 125
Trd, 4319401.493, 61
Trd, 4319401.893, 94
Trd, 4319402.743, 140
Trd, 4319403.343, 140
Trd, 4319404.643, 140
Trd, 4319405.743, 140
Trd, 4319406.543, 140
Trd, 4319406.793, 140
Trd, 4319407.343, 140
Trd, 4319407.743, 140
Trd, 4319408.243, 140
Trd, 4319409.043, 140
Trd, 4319409.493, 140
Trd, 4319410.893, 139
Trd, 4319411.243, 137
Trd, 4319411.843, 138
Trd, 4319412.093, 131
Trd, 4319412.793, 135
Trd, 4319413.793, 140
Trd, 4319414.143, 63
Trd, 4319414.393, 67
Trd, 4319414.643, 102
Trd, 4319415.343, 140
Trd, 4319417.243, 131
Trd, 4319418.343, 140
Trd, 4319418.743, 139
Trd, 4319418.943, 138
Trd, 4319419.843, 140
Trd, 4319420.293, 140
Trd, 4319420.843, 139
Trd, 4319421.293, 140
Trd, 4319421.743, 140
Trd, 4319422.543, 140
Trd, 4319422.793, 138
Trd, 4319423.943, 137
Trd, 4319424.343, 140
Trd, 4319424.943, 78
Trd, 4319425.143, 92
Trd, 4319425.793, 77
Trd, 4319426.843, 78
Trd, 4319427.043, 70
Trd, 4319427.493, 130
Trd, 4319429.093, 140
Trd, 4319429.743, 140
Trd, 4319431.093, 140
Trd, 4319431.243, 140
Trd, 4319432.443, 140
Trd, 4319433.093, 138
Trd, 4319433.393, 139
Trd, 4319434.443, 140
Trd, 4319434.743, 140
Trd, 4319434.993, 139
Trd, 4319435.243, 128
Trd, 4319435.343, 73
Trd, 4319435.943, 139
Trd, 4319436.443, 140
Trd, 4319436.593, 137
Trd, 4319437.493, 140
Trd, 4319438.843, 60
Trd, 4319438.893, 61
Trd, 4319439.643, 140
Trd, 4319439.693, 139
Trd, 4319440.343, 134
Trd, 4319441.093, 139
Trd, 4319441.543, 133
Trd, 4319442.593, 140
Trd, 4319442.793, 140
Trd, 4319444.643, 110
Trd, 4319444.843, 128
Trd, 4319445.443, 63
Trd, 4319446.543, 135
Trd, 4319446.643, 84
Trd, 4319447.793, 138
Trd, 4319448.543, 140
Trd, 4319448.643, 140
Trd, 4319448.743, 132
Trd, 4319449.893, 140
Trd, 4319450.893, 140
Trd, 4319451.543, 140
Trd, 4319452.293, 140
Trd, 4319452.493, 140
Trd, 4319452.843, 89
Trd, 4319453.143, 140
Trd, 4319453.443, 125
Trd, 4319454.743, 140
Trd, 4319455.293, 140
Trd, 4319455.943, 104
Trd, 4319456.493, 131
Trd, 4319457.993, 140
Trd, 4319458.643, 140
Trd, 4319458.893, 140
Trd, 4319460.143, 140
Trd, 4319460.643, 140
Trd, 4319461.343, 139
Trd, 4319461.993, 140
Trd, 4319462.093, 138
Trd, 4319462.643, 140
Trd, 4319463.293, 136
Trd, 4319464.743, 140
Trd, 4319464.843, 92
Trd, 4319466.393, 130
Trd, 4319466.643, 140
Trd, 4319468.193, 60
Trd, 4319468.693, 60
Trd, 4319469.743, 68
Trd, 4319470.093, 69
Trd, 4319470.143, 97
Trd, 4319470.443, 140
Trd, 4319470.743, 139
Trd, 4319471.393, 68
Trd, 4319471.893, 140
Trd, 4319472.943, 65
Trd, 4319473.493, 139
Trd, 4319473.593, 138
Trd, 4319474.693, 139
Trd, 4319475.293, 140
Trd, 4319475.693, 140
Trd, 4319475.843, 140
Trd, 4319476.093, 139
Trd, 4319476.843, 139
Trd, 4319477.343, 140
Trd, 4319478.743, 60
Trd, 4319479.743, 61
Trd, 4319479.993, 62
Trd, 4319481.843, 64
Trd, 4319481.943, 64
Trd, 4319481.993, 65
Trd, 4319482.343, 60
Trd, 4319482.743, 112
Trd, 4319484.693, 140
Trd, 4319484.843, 140
Trd, 4319485.393, 140
Trd, 4319485.543, 61
Trd, 4319487.493, 71
Trd, 4319487.543, 72
Trd, 4319488.343, 65
Trd, 4319489.193, 140
Trd, 4319489.743, 140
Trd, 4319489.893, 138
Trd, 4319490.043, 96
Trd, 4319490.993, 63
Trd, 4319491.343, 74
Trd, 4319493.143, 140
Trd, 4319493.743, 140
Trd, 4319494.693, 140
Trd, 4319494.743, 138
Trd, 4319495.143, 106
Trd, 4319495.643, 123
Trd, 4319495.993, 100
Trd, 4319497.693, 140
Trd, 4319497.893, 140
Trd, 4319498.993, 139
Trd, 4319499.043, 137
Trd, 4319499.243, 123
Trd, 4319499.393, 107
Trd, 4319500.193, 69
Trd, 4319500.793, 140
Trd, 4319501.243, 140
Trd, 4319503.093, 140
Trd, 4319503.193, 140
Trd, 4319503.443, 140
Trd, 4319504.193, 139
Trd, 4319504.743, 139
Trd, 4319505.693, 61
Trd, 4319505.743, 61
Trd, 4319505.943, 140
Trd, 4319506.893, 71
Trd, 4319507.193, 72
Trd, 4319507.593, 140
Trd, 4319507.743, 118
Trd, 4319509.243, 140
Trd, 4319510.143, 140
Trd, 4319511.843, 140
Trd, 4319512.043, 140
Trd, 4319512.143, 140
Trd, 4319512.293, 139
Trd, 4319513.543, 90
Trd, 4319514.943, 140
Trd, 4319515.143, 140
Trd, 4319515.443, 139
Trd, 4319515.843, 132
Trd, 4319516.793, 140
Trd, 4319517.643, 140
Trd, 4319518.293, 115
Trd, 4319518.693, 111
Trd, 4319519.693, 139
Trd, 4319520.793, 68
Trd, 4319521.093, 65
Trd, 4319522.943, 140
Trd, 4319523.043, 140
Trd, 4319523.993, 140
Trd, 4319525.443, 140
Trd, 4319525.843, 140
Trd, 4319526.943, 140
Trd, 4319527.093, 140
Trd, 4319527.143, 140
Trd, 4319527.593, 139
Trd, 4319527.943, 138
Trd, 4319528.393, 119
Trd, 4319528.443, 72
Trd, 4319529.493, 140
Trd, 4319529.593, 140
Trd, 4319529.943, 137
Trd, 4319530.093, 87
Trd, 4319531.293, 140
Trd, 4319532.193, 140
Trd, 4319533.243, 140
Trd, 4319533.593, 140
Trd, 4319533.693, 140
Trd, 4319535.893, 140
Trd, 4319537.293, 140
Trd, 4319537.543, 140
Trd, 4319537.693, 140
Trd, 4319537.743, 138
Trd, 4319538.393, 139
Trd, 4319539.293, 140
Trd, 4319540.193, 140
Trd, 4319540.243, 136
Trd, 4319540.993, 140
Trd, 4319541.693, 111
Trd, 4319542.243, 111
Trd, 4319543.293, 139
Trd, 4319544.293, 140
Trd, 4319545.543, 139
Trd, 4319546.293, 140
Trd, 4319546.393, 138
Trd, 4319546.943, 93
Trd, 4319547.393, 83
Trd, 4319548.043, 74
Trd, 4319548.493, 77
Trd, 4319549.643, 118
Trd, 4319550.143, 139
Trd, 4319550.993, 139
Trd, 4319551.443, 138
Trd, 4319551.793, 139
Trd, 4319552.193, 134
Trd, 4319553.393, 140
Trd, 4319553.693, 140
Trd, 4319553.843, 140
Trd, 4319554.643, 140
Trd, 4319555.043, 139
Trd, 4319556.143, 139
Trd, 4319556.643, 140
Trd, 4319556.993, 102
Trd, 4319558.293, 135
Trd, 4319558.693, 140
Trd, 4319558.993, 82
Trd, 4319560.243, 70
Trd, 4319560.443, 60
Trd, 4319561.843, 60
Trd, 4319562.343, 140
Trd, 4319563.393, 140
Trd, 4319563.493, 102
Trd, 4319564.243, 139
Trd, 4319564.943, 138
Trd, 4319565.393, 108
Trd, 4319567.393, 140
Trd, 4319568.243, 140
Trd, 4319568.593, 140
Trd, 4319568.893, 140
Trd, 4319569.193, 119
Trd, 4319569.493, 88
Trd, 4319571.243, 140
Trd, 4319572.193, 140
Trd, 4319572.443, 140
Trd, 4319572.543, 119
Trd, 4319573.043, 140
Trd, 4319574.393, 139
Trd, 4319575.143, 139
Trd, 4319576.593, 138
Trd, 4319577.093, 137
Trd, 4319577.393, 140
Trd, 4319577.743, 140
Trd, 4319577.843, 66
Trd, 4319577.943, 71
Trd, 4319578.993, 139
Trd, 4319579.043, 73
Trd, 4319579.343, 89
Trd, 4319579.943, 60
Trd, 4319581.843, 139
Trd, 4319582.393, 138
Trd, 4319582.443, 137
Trd, 4319582.493, 135
Trd, 4319583.543, 134
Trd, 4319585.893, 140
Trd, 4319586.293, 137
Trd, 4319586.593, 117
Trd, 4319586.693, 116
Trd, 4319586.943, 138
Trd, 4319587.393, 140
Trd, 4319587.843, 72
Trd, 4319588.543, 61
Trd, 4319589.093, 123
Trd, 4319589.693, 140
Trd, 4319590.443, 140
Trd, 4319591.943, 70
Trd, 4319592.793, 88
Trd, 4319592.943, 71
Trd, 4319593.693, 140
Trd, 4319593.843, 69
Trd, 4319594.093, 122
Trd, 4319595.493, 138
Trd, 4319595.793, 130
Trd, 4319597.693, 140
Trd, 4319598.093, 140
Trd, 4319598.193, 138
Trd, 4319598.393, 94
Trd, 4319601.143, 140
Trd, 4319601.393, 139
Trd, 4319601.443, 137
Trd, 4319601.843, 140
Trd, 4319602.693, 140
Trd, 4319603.593, 71
Trd, 4319603.943, 138
Trd, 4319604.593, 102
Trd, 4319605.043, 63
Trd, 4319606.043, 63
Trd, 4319606.593, 61
Trd, 4319607.493, 140
Trd, 4319607.793, 88
Trd, 4319608.243, 140
Trd, 4319608.443, 62
Trd, 4319609.093, 140
Trd, 4319610.493, 140
Trd, 4319611.243, 130
Trd, 4319612.793, 140
Trd, 4319612.943, 140
Trd, 4319613.143, 124
Trd, 4319613.743, 140
Trd, 4319615.043, 62
Trd, 4319615.293, 61
Trd, 4319615.393, 116
Trd, 4319616.043, 134
Trd, 4319616.743, 72
Trd, 4319617.343, 63
Trd, 4319617.443, 108
Trd, 4319619.443, 119
Trd, 4319620.793, 63
Trd, 4319621.993, 61
Trd, 4319622.043, 69
Trd, 4319622.443, 66
Trd, 4319622.993, 60
Trd, 4319624.093, 140
Trd, 4319624.593, 60
Trd, 4319625.193, 61
Trd, 4319626.293, 140
Trd, 4319627.093, 140
Trd, 4319627.443, 140
Trd, 4319628.193, 140
Trd, 4319629.243, 140
Trd, 4319629.543, 140
Trd, 4319630.743, 140
Trd, 4319631.843, 140
Trd, 4319632.043, 140
Trd, 4319633.193, 140
Trd, 4319633.293, 140
Trd, 4319634.093, 140
Trd, 4319634.343, 139
Trd, 4319635.543, 140
Trd, 4319635.893, 140
Trd, 4319637.093, 140
Trd, 4319637.693, 67
Trd, 4319639.093, 140
Trd, 4319639.493, 138
Trd, 4319639.543, 135
Trd, 4319639.643, 140
Trd, 4319640.893, 125
Trd, 4319640.993, 121
Trd, 4319641.843, 69
Trd, 4319641.893, 69
Trd, 4319642.343, 62
Trd, 4319642.393, 75
Trd, 4319643.593, 139
Trd, 4319644.943, 140
Trd, 4319645.743, 140
Trd, 4319646.193, 140
Trd, 4319646.443, 139
Trd, 4319646.893, 98
Trd, 4319647.493, 135
Trd, 4319649.343, 140
Trd, 4319649.893, 140
Trd, 4319651.893, 140
Trd, 4319652.443, 140
Trd, 4319652.593, 139
Trd, 4319652.943, 139
Trd, 4319654.093, 62
Trd, 4319654.693, 140
Trd, 4319654.943, 140
Trd, 4319655.743, 140
Trd, 4319657.043, 140
Trd, 4319657.093, 140
Trd, 4319657.393, 140
Trd, 4319658.893, 140
Trd, 4319659.143, 140
Trd, 4319659.743, 140
Trd, 4319660.593, 140
Trd, 4319661.043, 140
Trd, 4319661.993, 138
Trd, 4319663.093, 140
Trd, 4319663.443, 139
Trd, 4319663.943, 137
Trd, 4319664.093, 139
Trd, 4319665.193, 140
Trd, 4319665.593, 140
Trd, 4319665.793, 96
Trd, 4319665.943, 76
Trd, 4319667.043, 67
Trd, 4319668.043, 73
Trd, 4319668.193, 64
Trd, 4319669.593, 140
Trd, 4319670.743, 140
Trd, 4319671.243, 140
Trd, 4319671.293, 133
Trd, 4319671.493, 93
Trd, 4319671.543, 87
Trd, 4319672.593, 140
Trd, 4319672.793, 140
Trd, 4319673.143, 140
Trd, 4319674.293, 68
Trd, 4319675.543, 140
Trd, 4319676.943, 140
Trd, 4319677.593, 140
Trd, 4319678.243, 140
Trd, 4319678.493, 140
Trd, 4319678.543, 139
Trd, 4319679.543, 140
Trd, 4319680.893, 140
Trd, 4319680.993, 139
Trd, 4319681.293, 66
Trd, 4319681.793, 60
Trd, 4319682.243, 61
Trd, 4319682.993, 140
Trd, 4319683.443, 140
Trd, 4319683.893, 90
Trd, 4319686.043, 81
Trd, 4319686.343, 108
Trd, 4319686.493, 80
Trd, 4319686.593, 84
Trd, 4319688.543, 140
Trd, 4319688.893, 140
Trd, 4319689.293, 126
Trd, 4319689.343, 125
Trd, 4319689.543, 60
Trd, 4319690.543, 112
Trd, 4319690.743, 140
Trd, 4319691.643, 140
Trd, 4319692.543, 106
Trd, 4319692.643, 107
Trd, 4319693.293, 138
Trd, 4319694.093, 75
Trd, 4319695.093, 119
Trd, 4319695.893, 139
Trd, 4319696.493, 119
Trd, 4319697.093, 115
Trd, 4319697.743, 61
Trd, 4319698.593, 60
Trd, 4319698.843, 62
Trd, 4319698.893, 69
Trd, 4319699.243, 108
Trd, 4319699.743, 68
Trd, 4319701.093, 64
Trd, 4319701.443, 64
Trd, 4319702.493, 64
Trd, 4319702.593, 129
Trd, 4319703.593, 60
Trd, 4319704.043, 61
Trd, 4319704.093, 62
Trd, 4319704.693, 95
Trd, 4319705.843, 61
Trd, 4319706.243, 136
Trd, 4319706.993, 97
Trd, 4319708.293, 110
Trd, 4319708.393, 109
Trd, 4319708.643, 123
Trd, 4319710.593, 62
Trd, 4319710.793, 67
Trd, 4319712.693, 61
Trd, 4319712.943, 61
Trd, 4319713.643, 61
Trd, 4319714.543, 61
Trd, 4319714.693, 77
Trd, 4319715.043, 60
Trd, 4319715.643, 93
Trd, 4319715.793, 140
Trd, 4319715.893, 64
Trd, 4319716.193, 105
Trd, 4319716.743, 74
Trd, 4319717.093, 61
Trd, 4319717.343, 140
Trd, 4319719.143, 140
Trd, 4319719.793, 140
Trd, 4319719.993, 139
Trd, 4319720.093, 139
Trd, 4319720.443, 116
Trd, 4319721.693, 100
Trd, 4319721.843, 117
Trd, 4319722.693, 140
Trd, 4319723.543, 84
Trd, 4319724.343, 139
Trd, 4319724.543, 78
Trd, 4319725.043, 72
Trd, 4319725.843, 74
Trd, 4319727.143, 60
Trd, 4319727.643, 63
Trd, 4319727.743, 68
Trd, 4319728.193, 63
Trd, 4319728.343, 106
Trd, 4319729.343, 132
Trd, 4319729.493, 131
Trd, 4319730.543, 78
Trd, 4319731.693, 60
Trd, 4319732.093, 79
Trd, 4319732.793, 61
Trd, 4319732.993, 70
Trd, 4319733.843, 61
Trd, 4319734.893, 60
Trd, 4319735.743, 60
Trd, 4319736.793, 64
Trd, 4319736.943, 86
Trd, 4319737.493, 60
Trd, 4319737.843, 61
Trd, 4319739.643, 60
Trd, 4319740.043, 60
Trd, 4319740.143, 63
Trd, 4319741.643, 67
Trd, 4319741.843, 90
Trd, 4319743.243, 60
Trd, 4319743.593, 61
Trd, 4319743.743, 75
Trd, 4319744.793, 63
Trd, 4319744.843, 66
Trd, 4319744.993, 71
Trd, 4319745.093, 91
Trd, 4319746.343, 71
Trd, 4319746.793, 69
Trd, 4319747.843, 60
Trd, 4319748.493, 64
Trd, 4319749.043, 97
Trd, 4319749.693, 107
Trd, 4319749.893, 91
Trd, 4319750.143, 75
Trd, 4319751.893, 60
Trd, 4319752.043, 64
Trd, 4319752.743, 140
Trd, 4319754.493, 140
Trd, 4319754.743, 140
Trd, 4319754.843, 139
Trd, 4319755.193, 139
Trd, 4319755.543, 93
Trd, 4319755.893, 131
Trd, 4319756.293, 92
Trd, 4319756.543, 63
Trd, 4319757.443, 140
Trd, 4319758.193, 140
Trd, 4319759.593, 140
Trd, 4319760.143, 140
Trd, 4319760.443, 140
Trd, 4319761.193, 140
Trd, 4319761.993, 139
Trd, 4319763.243, 140
Trd, 4319763.293, 140
Trd, 4319763.693, 140
Trd, 4319764.193, 139
Trd, 4319764.793, 96
Trd, 4319765.343, 102
Trd, 4319766.793, 138
Trd, 4319766.843, 78
Trd, 4319767.093, 81
Trd, 4319767.193, 82
Trd, 4319767.543, 140
Trd, 4319768.193, 135
Trd, 4319769.293, 138
Trd, 4319769.943, 65
Trd, 4319770.243, 139
Trd, 4319771.043, 123
Trd, 4319771.593, 60
Trd, 4319771.893, 140
Trd, 4319772.043, 139
Trd, 4319773.643, 68
Trd, 4319773.993, 83
Trd, 4319774.443, 140
Trd, 4319775.243, 140
Trd, 4319775.343, 94
Trd, 4319776.193, 63
Trd, 4319776.343, 64
Trd, 4319776.993, 61
Trd, 4319778.493, 140
Trd, 4319778.943, 140
Trd, 4319779.593, 140
Trd, 4319780.143, 77
Trd, 4319780.343, 69
Trd, 4319780.543, 64
Trd, 4319781.643, 140
Trd, 4319782.093, 136
Trd, 4319783.193, 60
Trd, 4319783.893, 65
Trd, 4319786.043, 61
Trd, 4319786.243, 61
Trd, 4319786.293, 73
Trd, 4319786.543, 88
Trd, 4319786.693, 89
Trd, 4319786.843, 70
Trd, 4319787.593, 139
Trd, 4319789.243, 109
Trd, 4319790.593, 135
Trd, 4319790.793, 107
Trd, 4319791.693, 107
Trd, 4319792.093, 140
Trd, 4319792.543, 140
Trd, 4319792.593, 106
Trd, 4319793.593, 125
Trd, 4319794.243, 64
Trd, 4319795.443, 60
Trd, 4319795.743, 100
Trd, 4319796.643, 140
Trd, 4319796.743, 140
Trd, 4319798.543, 140
Trd, 4319798.793, 137
Trd, 4319798.893, 140
Trd, 4319800.193, 140
Trd, 4319800.693, 140
Trd, 4319800.993, 135
Trd, 4319802.993, 140
Trd, 4319803.093, 134
Trd, 4319805.243, 140
Trd, 4319805.443, 117
Trd, 4319805.693, 140
Trd, 4319806.543, 140
Trd, 4319806.843, 116
Trd, 4319807.043, 73
Trd, 4319807.343, 66
Trd, 4319808.143, 140
Trd, 4319810.043, 140
Trd, 4319810.093, 139
Trd, 4319811.393, 139
Trd, 4319811.543, 140
Trd, 4319811.893, 138
Trd, 4319812.293, 121
Trd, 4319812.793, 118
Trd, 4319814.493, 140
Trd, 4319814.643, 138
Trd, 4319815.143, 126
Trd, 4319815.343, 140
Trd, 4319816.243, 123
Trd, 4319816.893, 84
Trd, 4319817.043, 120
Trd, 4319817.843, 140
Trd, 4319819.243, 140
Trd, 4319819.693, 135
Trd, 4319820.693, 140
Trd, 4319821.343, 140
Trd, 4319821.993, 140
Trd, 4319822.743, 139
Trd, 4319822.943, 140
Trd, 4319823.043, 139
Trd, 4319823.243, 127
Trd, 4319825.193, 137
Trd, 4319825.343, 135
Trd, 4319825.443, 101
Trd, 4319826.743, 140
Trd, 4319826.893, 139
Trd, 4319827.443, 120
Trd, 4319827.693, 79
Trd, 4319827.943, 122
Trd, 4319828.493, 63
Trd, 4319829.193, 69
Trd, 4319830.693, 68
Trd, 4319831.243, 62
Trd, 4319831.593, 88
Trd, 4319832.693, 65
Trd, 4319832.743, 68
Trd, 4319834.143, 140
Trd, 4319834.943, 140
Trd, 4319835.393, 140
Trd, 4319836.093, 138
Trd, 4319837.093, 66
Trd, 4319837.243, 64
Trd, 4319837.293, 71
Trd, 4319837.543, 131
Trd, 4319838.743, 60
Trd, 4319839.043, 88
Trd, 4319840.193, 106
Trd, 4319840.993, 60
Trd, 4319842.243, 140
Trd, 4319842.593, 140
Trd, 4319842.893, 140
Trd, 4319843.743, 140
Trd, 4319843.793, 140
Trd, 4319843.943, 138
Trd, 4319844.343, 139
Trd, 4319845.343, 93
Trd, 4319845.793, 91
Trd, 4319846.143, 140
Trd, 4319847.593, 140
Trd, 4319848.543, 140
Trd, 4319848.993, 140
Trd, 4319850.393, 140
Trd, 4319850.893, 139
Trd, 4319851.243, 101
Trd, 4319851.693, 140
Trd, 4319852.543, 140
Trd, 4319852.643, 140
Trd, 4319853.643, 132
Trd, 4319855.293, 140
Trd, 4319855.493, 140
Trd, 4319855.643, 103
Trd, 4319856.143, 140
Trd, 4319856.993, 87
Trd, 4319857.143, 76
Trd, 4319858.993, 140
Trd, 4319859.693, 138
Trd, 4319860.093, 115
Trd, 4319861.093, 140
Trd, 4319861.343, 139
Trd, 4319861.743, 139
Trd, 4319862.193, 114
Trd, 4319862.643, 80
Trd, 4319863.393, 140
Trd, 4319863.643, 125
Trd, 4319865.793, 140
Trd, 4319866.043, 140
Trd, 4319867.093, 140
Trd, 4319867.143, 140
Trd, 4319867.593, 136
Trd, 4319867.893, 140
Trd, 4319868.193, 113
Trd, 4319868.843, 60
Trd, 4319869.193, 67
Trd, 4319869.643, 62
Trd, 4319871.443, 135
Trd, 4319872.043, 137
Trd, 4319872.243, 120
Trd, 4319872.793, 140
Trd, 4319873.093, 138
Trd, 4319874.043, 140
Trd, 4319874.343, 138
Trd, 4319874.643, 137
Trd, 4319875.543, 140
Trd, 4319876.543, 140
Trd, 4319877.093, 140
Trd, 4319877.693, 139
Trd, 4319878.393, 139
Trd, 4319878.943, 140
Trd, 4319880.043, 140
Trd, 4319880.393, 140
Trd, 4319880.643, 140
Trd, 4319880.843, 129
Trd, 4319881.843, 140
Trd, 4319883.493, 140
Trd, 4319884.243, 140
Trd, 4319884.493, 140
Trd, 4319884.643, 139
Trd, 4319885.893, 140
Trd, 4319886.293, 125
Trd, 4319887.143, 140
Trd, 4319887.293, 138
Trd, 4319888.493, 68
Trd, 4319888.893, 63
Trd, 4319889.143, 64
Trd, 4319890.343, 62
Trd, 4319890.843, 138
Trd, 4319891.443, 63
Trd, 4319893.193, 60
Trd, 4319893.443, 60
Trd, 4319893.543, 64
Trd, 4319894.043, 61
Trd, 4319894.743, 66
Trd, 4319896.493, 60
Trd, 4319896.593, 60
Trd, 4319896.643, 61
Trd, 4319896.693, 63
Trd, 4319897.143, 140
Trd, 4319897.693, 61
Trd, 4319897.993, 77
Trd, 4319899.543, 140
Trd, 4319900.543, 140
Trd, 4319901.293, 140
Trd, 4319901.643, 140
Trd, 4319903.243, 140
Trd, 4319903.543, 137
Trd, 4319903.643, 116
Trd, 4319904.193, 140
Trd, 4319904.843, 137
Trd, 4319906.243, 140
Trd, 4319906.393, 140
Trd, 4319907.143, 140
Trd, 4319907.643, 140
Trd, 4319908.143, 77
Trd, 4319908.893, 78
Trd, 4319909.093, 79
Trd, 4319910.493, 60
Trd, 4319911.343, 73
Trd, 4319911.693, 140
Trd, 4319912.443, 107
Trd, 4319913.443, 140
Trd, 4319913.943, 140
Trd, 4319915.193, 61
Trd, 4319915.543, 110
Trd, 4319915.693, 110
Trd, 4319916.093, 98
Trd, 4319917.143, 105
Trd, 4319918.043, 140
Trd, 4319918.343, 139
Trd, 4319919.193, 137
Trd, 4319919.793, 139
Trd, 4319920.393, 138
Trd, 4319920.693, 140
Trd, 4319922.043, 139
Trd, 4319923.843, 140
Trd, 4319924.893, 140
Trd, 4319925.443, 140
Trd, 4319925.593, 139
Trd, 4319925.643, 126
Trd, 4319926.043, 139
Trd, 4319926.593, 112
Trd, 4319926.893, 82
Trd, 4319928.593, 140
Trd, 4319928.843, 140
Trd, 4319929.043, 140
Trd, 4319929.493, 67
Trd, 4319929.643, 60
Trd, 4319930.793, 140
Trd, 4319930.893, 139
Trd, 4319931.243, 140
Trd, 4319932.643, 140
Trd, 4319933.493, 140
Trd, 4319934.843, 140
Trd, 4319935.043, 70
Trd, 4319935.443, 139
Trd, 4319936.493, 140
Trd, 4319937.143, 137
Trd, 4319938.643, 62
Trd, 4319938.693, 73
Trd, 4319938.893, 65
Trd, 4319940.143, 140
Trd, 4319940.293, 111
Trd, 4319940.993, 94
Trd, 4319941.293, 64
Trd, 4319941.843, 140
Trd, 4319941.993, 62
Trd, 4319943.593, 140
Trd, 4319944.543, 140
Trd, 4319946.243, 140
Trd, 4319946.843, 140
Trd, 4319947.543, 140
Trd, 4319947.893, 139
Trd, 4319948.443, 140
Trd, 4319949.293, 140
Trd, 4319950.293, 139
Trd, 4319950.543, 121
Trd, 4319950.643, 120
Trd, 4319951.693, 105
Trd, 4319953.593, 140
Trd, 4319953.893, 140
Trd, 4319954.543, 140
Trd, 4319955.493, 140
Trd, 4319955.643, 108
Trd, 4319956.393, 61
Trd, 4319956.643, 65
Trd, 4319957.193, 73
Trd, 4319957.393, 91
Trd, 4319957.893, 67
Trd, 4319958.343, 63
Trd, 4319958.643, 80
Trd, 4319958.893, 138
Trd, 4319960.943, 140
Trd, 4319961.693, 140
Trd, 4319962.343, 139
Trd, 4319962.693, 138
Trd, 4319963.043, 140
Trd, 4319964.343, 139
Trd, 4319964.943, 140
Trd, 4319966.793, 140
Trd, 4319967.193, 140
Trd, 4319967.543, 140
Trd, 4319968.493, 140
Trd, 4319968.993, 140
Trd, 4319969.793, 140
Trd, 4319970.493, 140
Trd, 4319970.793, 135
Trd, 4319971.343, 136
Trd, 4319971.893, 134
Trd, 4319972.493, 136
Trd, 4319972.543, 133
Trd, 4319973.793, 140
Trd, 4319974.193, 139
Trd, 4319974.993, 82
Trd, 4319976.143, 133
Trd, 4319976.793, 139
Trd, 4319977.293, 140
Trd, 4319977.393, 140
Trd, 4319978.193, 140
Trd, 4319978.243, 96
Trd, 4319979.093, 61
Trd, 4319980.443, 60
Trd, 4319980.493, 60
Trd, 4319981.243, 60
Trd, 4319981.393, 63
Trd, 4319981.793, 63
Trd, 4319982.343, 93
Trd, 4319982.943, 62
Trd, 4319983.943, 60
Trd, 4319984.593, 72
Trd, 4319985.443, 72
Trd, 4319985.693, 64
Trd, 4319987.593, 61
Trd, 4319988.443, 60
Trd, 4319988.993, 60
Trd, 4319989.193, 79
Trd, 4319989.843, 138
Trd, 4319990.243, 140
Trd, 4319990.443, 139
Trd, 4319990.643, 137
Trd, 4319991.593, 67
Trd, 4319993.393, 140
Trd, 4319993.493, 140
Trd, 4319993.693, 139
Trd, 4319994.293, 140
Trd, 4319995.043, 60
Trd, 4319996.243, 69
Trd, 4319996.693, 68
Trd, 4319996.943, 72
Trd, 4319997.293, 60
Trd, 4319997.893, 74
Trd, 4319998.693, 63
Trd, 4319999.093, 100
Trd, 4319999.343, 101
