Trd, 4318099.743, 94
Trd, 4318100.643, 111
Trd, 4318100.793, 140
Trd, 4318101.843, 98
Trd, 4318102.743, 64
Trd, 4318103.643, 77
Trd, 4318104.793, 140
Trd, 4318106.243, 129
Trd, 4318106.443, 128
Trd, 4318106.843, 140
Trd, 4318108.243, 121
Trd, 4318109.543, 124
Trd, 4318109.593, 119
Trd, 4318110.293, 140
Trd, 4318111.143, 121
Trd, 4318111.643, 110
Trd, 4318112.943, 127
Trd, 4318113.993, 125
Trd, 4318115.293, 92
Trd, 4318115.843, 135
Trd, 4318116.043, 90
Trd, 4318116.293, 140
Trd, 4318117.643, 91
Trd, 4318118.093, 138
Trd, 4318119.293, 129
Trd, 4318120.193, 112
Trd, 4318120.393, 90
Trd, 4318121.643, 140
Trd, 4318122.343, 74
Trd, 4318123.393, 103
Trd, 4318124.343, 68
Trd, 4318126.143, 110
Trd, 4318126.393, 137
Trd, 4318126.593, 94
Trd, 4318126.643, 108
Trd, 4318127.093, 96
Trd, 4318127.293, 94
Trd, 4318128.293, 75
Trd, 4318129.343, 98
Trd, 4318129.493, 64
Trd, 4318130.493, 73
Trd, 4318131.293, 68
Trd, 4318131.843, 137
Trd, 4318132.193, 102
Trd, 4318132.793, 71
Trd, 4318133.893, 105
Trd, 4318136.343, 127
Trd, 4318136.393, 94
Trd, 4318136.593, 93
Trd, 4318137.593, 140
Trd, 4318137.793, 138
Trd, 4318137.943, 140
Trd, 4318138.093, 129
Trd, 4318138.943, 94
Trd, 4318139.393, 119
Trd, 4318140.143, 134
Trd, 4318142.243, 134
Trd, 4318142.843, 108
Trd, 4318143.543, 75
Trd, 4318143.793, 68
Trd, 4318144.143, 122
Trd, 4318145.843, 91
Trd, 4318146.593, 140
Trd, 4318148.093, 140
Trd, 4318148.793, 126
Trd, 4318148.843, 125
Trd, 4318149.743, 97
Trd, 4318151.193, 110
Trd, 4318151.593, 116
Trd, 4318151.993, 79
Trd, 4318153.743, 140
Trd, 4318154.993, 140
Trd, 4318155.743, 139
Trd, 4318156.743, 136
Trd, 4318157.043, 125
Trd, 4318157.543, 81
Trd, 4318158.043, 98
Trd, 4318158.643, 83
Trd, 4318158.943, 81
Trd, 4318160.243, 110
Trd, 4318160.443, 85
Trd, 4318161.643, 140
Trd, 4318162.793, 75
Trd, 4318164.443, 137
Trd, 4318164.543, 84
Trd, 4318164.893, 138
Trd, 4318164.993, 99
Trd, 4318165.243, 98
Trd, 4318166.943, 140
Trd, 4318166.993, 139
Trd, 4318168.143, 140
Trd, 4318168.193, 137
Trd, 4318169.193, 139
Trd, 4318169.793, 129
Trd, 4318171.943, 140
Trd, 4318171.993, 140
Trd, 4318172.643, 133
Trd, 4318173.443, 139
Trd, 4318176.143, 140
Trd, 4318176.293, 140
Trd, 4318176.593, 136
Trd, 4318177.193, 115
Trd, 4318178.943, 115
Trd, 4318178.993, 130
Trd, 4318179.143, 115
Trd, 4318179.843, 135
Trd, 4318180.143, 111
Trd, 4318182.643, 140
Trd, 4318183.543, 108
Trd, 4318184.643, 99
Trd, 4318184.843, 101
Trd, 4318185.343, 97
Trd, 4318185.593, 83
Trd, 4318186.093, 82
Trd, 4318186.693, 100
Trd, 4318188.693, 140
Trd, 4318190.093, 140
Trd, 4318190.193, 140
Trd, 4318191.043, 137
Trd, 4318191.143, 134
Trd, 4318191.443, 128
Trd, 4318192.643, 103
Trd, 4318192.793, 103
Trd, 4318194.193, 140
Trd, 4318195.993, 140
Trd, 4318196.543, 133
Trd, 4318197.043, 136
Trd, 4318197.343, 126
Trd, 4318198.293, 140
Trd, 4318198.443, 125
Trd, 4318199.243, 121
Trd, 4318199.843, 107
Trd, 4318200.043, 106
Trd, 4318200.543, 83
Trd, 4318200.693, 140
Trd, 4318201.443, 125
Trd, 4318203.593, 138
Trd, 4318205.593, 114
Trd, 4318206.343, 114
Trd, 4318207.043, 93
Trd, 4318207.643, 102
Trd, 4318208.193, 70
Trd, 4318208.693, 140
Trd, 4318208.893, 87
Trd, 4318209.393, 139
Trd, 4318209.543, 86
Trd, 4318211.493, 63
Trd, 4318212.493, 115
Trd, 4318212.843, 72
Trd, 4318213.393, 114
Trd, 4318213.993, 140
Trd, 4318214.743, 107
Trd, 4318215.043, 108
Trd, 4318215.993, 112
Trd, 4318217.593, 140
Trd, 4318218.643, 115
Trd, 4318219.143, 116
Trd, 4318219.343, 115
Trd, 4318220.593, 112
Trd, 4318221.043, 116
Trd, 4318221.093, 105
Trd, 4318221.743, 73
Trd, 4318222.393, 76
Trd, 4318223.793, 81
Trd, 4318224.343, 78
Trd, 4318224.743, 76
Trd, 4318225.793, 139
Trd, 4318226.193, 139
Trd, 4318226.643, 131
Trd, 4318227.093, 129
Trd, 4318227.143, 118
Trd, 4318228.343, 138
Trd, 4318229.993, 112
Trd, 4318230.143, 105
Trd, 4318232.793, 128
Trd, 4318232.993, 116
Trd, 4318233.343, 139
Trd, 4318234.493, 91
Trd, 4318235.993, 140
Trd, 4318236.093, 128
Trd, 4318236.793, 139
Trd, 4318236.943, 138
Trd, 4318237.543, 80
Trd, 4318237.793, 96
Trd, 4318238.943, 78
Trd, 4318239.143, 101
Trd, 4318240.143, 140
Trd, 4318241.743, 140
Trd, 4318241.943, 138
Trd, 4318242.893, 111
Trd, 4318245.643, 61
Trd, 4318246.343, 84
Trd, 4318246.443, 87
Trd, 4318247.443, 69
Trd, 4318247.793, 79
Trd, 4318248.493, 102
Trd, 4318249.393, 94
Trd, 4318249.943, 112
Trd, 4318251.343, 126
Trd, 4318252.443, 125
Trd, 4318252.543, 124
Trd, 4318253.043, 116
Trd, 4318253.643, 136
Trd, 4318254.743, 138
Trd, 4318255.243, 120
Trd, 4318255.893, 79
Trd, 4318256.393, 119
Trd, 4318257.543, 138
Trd, 4318258.693, 85
Trd, 4318259.143, 97
Trd, 4318260.643, 124
Trd, 4318261.393, 121
Trd, 4318262.543, 140
Trd, 4318262.593, 130
Trd, 4318264.493, 137
Trd, 4318264.993, 115
Trd, 4318265.143, 114
Trd, 4318266.043, 140
Trd, 4318266.893, 111
Trd, 4318266.943, 105
Trd, 4318267.993, 120
Trd, 4318268.693, 132
Trd, 4318269.743, 96
Trd, 4318270.593, 92
Trd, 4318270.843, 122
Trd, 4318272.093, 62
Trd, 4318272.443, 101
Trd, 4318272.993, 60
Trd, 4318274.043, 140
Trd, 4318274.893, 140
Trd, 4318276.343, 114
Trd, 4318276.693, 140
Trd, 4318277.543, 97
Trd, 4318277.793, 100
Trd, 4318278.493, 70
Trd, 4318279.893, 139
Trd, 4318280.793, 131
Trd, 4318281.243, 139
Trd, 4318281.943, 103
Trd, 4318282.443, 89
Trd, 4318282.743, 122
Trd, 4318283.993, 102
Trd, 4318284.343, 96
Trd, 4318285.893, 99
Trd, 4318286.793, 104
Trd, 4318288.093, 140
Trd, 4318288.743, 99
Trd, 4318289.443, 60
Trd, 4318289.543, 70
Trd, 4318289.793, 75
Trd, 4318291.093, 110
Trd, 4318291.543, 124
Trd, 4318292.443, 127
Trd, 4318293.643, 140
Trd, 4318294.243, 137
Trd, 4318294.593, 138
Trd, 4318295.893, 118
Trd, 4318296.743, 74
Trd, 4318297.493, 123
Trd, 4318297.593, 87
Trd, 4318298.293, 88
Trd, 4318298.643, 100
Trd, 4318300.493, 138
Trd, 4318300.843, 140
Trd, 4318300.943, 129
Trd, 4318301.343, 119
Trd, 4318302.893, 104
Trd, 4318303.893, 73
Trd, 4318304.993, 111
Trd, 4318306.093, 112
Trd, 4318306.493, 113
Trd, 4318307.293, 112
Trd, 4318308.143, 132
Trd, 4318309.143, 140
Trd, 4318309.193, 131
Trd, 4318309.843, 131
Trd, 4318310.943, 140
Trd, 4318311.793, 138
Trd, 4318312.943, 139
Trd, 4318313.443, 140
Trd, 4318313.493, 127
Trd, 4318313.693, 125
Trd, 4318313.993, 79
Trd, 4318315.643, 98
Trd, 4318315.893, 68
Trd, 4318316.193, 82
Trd, 4318317.243, 108
Trd, 4318317.643, 137
Trd, 4318318.593, 138
Trd, 4318318.993, 139
Trd, 4318319.093, 136
Trd, 4318320.693, 81
Trd, 4318320.793, 95
Trd, 4318321.593, 81
Trd, 4318321.843, 79
Trd, 4318323.043, 138
Trd, 4318323.643, 136
Trd, 4318324.743, 129
Trd, 4318325.143, 110
Trd, 4318325.343, 109
Trd, 4318326.143, 110
Trd, 4318326.943, 109
Trd, 4318327.043, 91
Trd, 4318328.843, 139
Trd, 4318329.243, 137
Trd, 4318329.993, 112
Trd, 4318330.243, 109
Trd, 4318331.493, 90
Trd, 4318331.543, 118
Trd, 4318332.143, 103
Trd, 4318333.393, 108
Trd, 4318333.443, 75
Trd, 4318335.793, 137
Trd, 4318336.493, 137
Trd, 4318337.293, 140
Trd, 4318337.993, 140
Trd, 4318338.093, 93
Trd, 4318338.343, 82
Trd, 4318338.693, 75
Trd, 4318339.593, 124
Trd, 4318340.493, 125
Trd, 4318341.593, 60
Trd, 4318341.693, 92
Trd, 4318343.193, 77
Trd, 4318343.893, 89
Trd, 4318344.193, 68
Trd, 4318344.793, 66
Trd, 4318345.043, 77
Trd, 4318345.593, 82
Trd, 4318347.293, 117
Trd, 4318348.093, 95
Trd, 4318348.493, 94
Trd, 4318349.793, 136
Trd, 4318350.243, 139
Trd, 4318350.843, 140
Trd, 4318351.493, 114
Trd, 4318352.293, 86
Trd, 4318352.743, 128
Trd, 4318354.143, 79
Trd, 4318354.193, 74
Trd, 4318354.343, 131
Trd, 4318354.643, 69
Trd, 4318354.843, 99
Trd, 4318356.443, 82
Trd, 4318357.493, 140
Trd, 4318357.893, 130
Trd, 4318358.343, 129
Trd, 4318358.993, 67
Trd, 4318359.843, 114
Trd, 4318361.743, 74
Trd, 4318362.893, 62
Trd, 4318363.843, 138
Trd, 4318363.893, 137
Trd, 4318364.493, 130
Trd, 4318365.743, 136
Trd, 4318365.993, 135
Trd, 4318366.943, 126
Trd, 4318367.393, 139
Trd, 4318368.843, 139
Trd, 4318369.443, 138
Trd, 4318369.743, 138
Trd, 4318370.043, 120
Trd, 4318370.693, 63
Trd, 4318372.493, 123
Trd, 4318372.793, 118
Trd, 4318374.893, 104
Trd, 4318375.743, 103
Trd, 4318375.893, 138
Trd, 4318376.093, 103
Trd, 4318376.593, 125
Trd, 4318377.343, 135
Trd, 4318377.993, 135
Trd, 4318378.443, 128
Trd, 4318378.743, 139
Trd, 4318381.293, 118
Trd, 4318381.593, 111
Trd, 4318381.843, 81
Trd, 4318382.593, 139
Trd, 4318383.093, 137
Trd, 4318383.343, 123
Trd, 4318383.843, 122
Trd, 4318385.593, 86
Trd, 4318386.393, 97
Trd, 4318386.543, 91
Trd, 4318387.143, 116
Trd, 4318387.543, 118
Trd, 4318389.143, 140
Trd, 4318389.493, 140
Trd, 4318390.743, 140
Trd, 4318392.043, 124
Trd, 4318392.093, 140
Trd, 4318392.493, 121
Trd, 4318393.643, 118
Trd, 4318394.593, 111
Trd, 4318394.993, 108
Trd, 4318395.193, 83
Trd, 4318396.193, 80
Trd, 4318397.543, 140
Trd, 4318398.193, 136
Trd, 4318399.493, 120
Trd, 4318399.543, 80
Trd, 4318399.993, 140
Trd, 4318400.993, 140
Trd, 4318402.593, 132
Trd, 4318402.693, 113
Trd, 4318403.593, 115
Trd, 4318404.393, 96
Trd, 4318405.093, 120
Trd, 4318405.343, 131
Trd, 4318405.993, 79
Trd, 4318406.893, 108
Trd, 4318407.293, 138
Trd, 4318408.843, 118
Trd, 4318409.093, 89
Trd, 4318409.443, 85
Trd, 4318409.743, 95
Trd, 4318410.193, 83
Trd, 4318412.193, 85
Trd, 4318412.493, 83
Trd, 4318413.243, 116
Trd, 4318414.093, 91
Trd, 4318415.443, 140
Trd, 4318416.443, 140
Trd, 4318417.093, 140
Trd, 4318417.243, 138
Trd, 4318417.693, 129
Trd, 4318417.743, 101
Trd, 4318418.843, 119
Trd, 4318420.693, 123
Trd, 4318421.243, 60
Trd, 4318421.793, 112
Trd, 4318422.593, 84
Trd, 4318422.893, 86
Trd, 4318423.493, 68
Trd, 4318423.843, 104
Trd, 4318424.243, 114
Trd, 4318425.693, 140
Trd, 4318425.843, 104
Trd, 4318425.943, 121
Trd, 4318427.393, 140
Trd, 4318427.643, 138
Trd, 4318429.193, 139
Trd, 4318430.543, 127
Trd, 4318431.793, 96
Trd, 4318432.393, 88
Trd, 4318432.993, 70
Trd, 4318433.393, 101
Trd, 4318435.193, 119
Trd, 4318435.493, 139
Trd, 4318435.893, 99
Trd, 4318436.843, 97
Trd, 4318437.693, 102
Trd, 4318438.043, 107
Trd, 4318439.643, 140
Trd, 4318439.693, 86
Trd, 4318440.043, 85
Trd, 4318440.493, 83
Trd, 4318441.343, 94
Trd, 4318443.443, 140
Trd, 4318443.843, 140
Trd, 4318444.393, 140
Trd, 4318444.743, 129
Trd, 4318445.093, 131
Trd, 4318445.193, 96
Trd, 4318447.493, 140
Trd, 4318447.943, 139
Trd, 4318448.843, 136
Trd, 4318449.393, 118
Trd, 4318449.693, 117
Trd, 4318451.243, 140
Trd, 4318452.393, 137
Trd, 4318452.743, 136
Trd, 4318452.893, 135
Trd, 4318453.743, 110
Trd, 4318453.943, 96
Trd, 4318454.543, 108
Trd, 4318455.193, 137
Trd, 4318455.543, 111
Trd, 4318456.143, 82
Trd, 4318457.293, 121
Trd, 4318457.893, 140
Trd, 4318458.443, 119
Trd, 4318458.493, 99
Trd, 4318460.043, 105
Trd, 4318461.493, 139
Trd, 4318462.693, 133
Trd, 4318463.743, 140
Trd, 4318464.393, 140
Trd, 4318464.493, 130
Trd, 4318464.843, 126
Trd, 4318464.993, 95
Trd, 4318465.843, 92
Trd, 4318467.493, 138
Trd, 4318467.543, 136
Trd, 4318467.893, 139
Trd, 4318468.343, 140
Trd, 4318471.243, 137
Trd, 4318471.643, 140
Trd, 4318471.693, 136
Trd, 4318471.743, 129
Trd, 4318473.443, 60
Trd, 4318474.093, 74
Trd, 4318474.193, 88
Trd, 4318475.993, 139
Trd, 4318476.793, 136
Trd, 4318478.193, 138
Trd, 4318478.643, 135
Trd, 4318479.043, 124
Trd, 4318480.793, 123
Trd, 4318480.993, 122
Trd, 4318481.543, 83
Trd, 4318481.943, 139
Trd, 4318482.493, 118
Trd, 4318482.643, 65
Trd, 4318484.293, 126
Trd, 4318484.943, 124
Trd, 4318486.393, 140
Trd, 4318486.593, 140
Trd, 4318487.993, 136
Trd, 4318488.143, 130
Trd, 4318489.443, 114
Trd, 4318490.043, 140
Trd, 4318490.643, 108
Trd, 4318490.943, 107
Trd, 4318491.243, 114
Trd, 4318491.843, 137
Trd, 4318492.693, 99
Trd, 4318494.393, 97
Trd, 4318494.893, 113
Trd, 4318495.393, 75
Trd, 4318495.693, 109
Trd, 4318496.143, 140
Trd, 4318497.293, 119
Trd, 4318498.443, 99
Trd, 4318498.843, 88
Trd, 4318499.143, 89
Trd, 4318499.443, 78
Trd, 4318499.543, 82
Trd, 4318500.043, 67
Trd, 4318500.143, 131
Trd, 4318500.993, 93
Trd, 4318501.843, 115
Trd, 4318503.843, 135
Trd, 4318504.993, 140
Trd, 4318505.993, 140
Trd, 4318506.193, 138
Trd, 4318506.393, 137
Trd, 4318506.893, 122
Trd, 4318507.793, 115
Trd, 4318507.943, 114
Trd, 4318508.343, 108
Trd, 4318508.743, 101
Trd, 4318509.393, 77
Trd, 4318510.393, 140
Trd, 4318510.693, 138
Trd, 4318511.543, 139
Trd, 4318511.843, 113
Trd, 4318512.743, 110
Trd, 4318513.193, 116
Trd, 4318513.243, 77
Trd, 4318515.093, 140
Trd, 4318515.943, 140
Trd, 4318516.293, 138
Trd, 4318517.893, 122
Trd, 4318519.593, 140
Trd, 4318519.693, 140
Trd, 4318519.943, 138
Trd, 4318521.043, 140
Trd, 4318522.593, 115
Trd, 4318523.193, 112
Trd, 4318523.243, 132
Trd, 4318525.093, 126
Trd, 4318525.793, 121
Trd, 4318526.343, 140
Trd, 4318526.393, 140
Trd, 4318529.393, 140
Trd, 4318531.243, 139
Trd, 4318531.693, 138
Trd, 4318532.093, 138
Trd, 4318532.343, 130
Trd, 4318534.093, 117
Trd, 4318534.393, 135
Trd, 4318534.793, 85
Trd, 4318535.393, 140
Trd, 4318536.793, 101
Trd, 4318537.143, 91
Trd, 4318537.493, 90
Trd, 4318537.643, 90
Trd, 4318538.293, 138
Trd, 4318539.043, 91
Trd, 4318540.043, 98
Trd, 4318540.593, 69
Trd, 4318541.643, 136
Trd, 4318542.543, 63
Trd, 4318543.293, 72
Trd, 4318543.643, 68
Trd, 4318543.793, 69
Trd, 4318544.193, 86
Trd, 4318544.393, 140
Trd, 4318545.443, 69
Trd, 4318546.443, 67
Trd, 4318547.243, 92
Trd, 4318547.293, 89
Trd, 4318547.743, 114
Trd, 4318548.193, 118
Trd, 4318550.893, 72
Trd, 4318552.193, 74
Trd, 4318552.343, 86
Trd, 4318552.693, 72
Trd, 4318552.793, 97
Trd, 4318553.343, 90
Trd, 4318553.693, 95
Trd, 4318555.943, 140
Trd, 4318557.243, 137
Trd, 4318557.293, 127
Trd, 4318557.543, 137
Trd, 4318557.993, 130
Trd, 4318558.643, 137
Trd, 4318559.793, 140
Trd, 4318560.943, 116
Trd, 4318562.693, 139
Trd, 4318563.243, 119
Trd, 4318564.993, 95
Trd, 4318565.093, 117
Trd, 4318565.343, 116
Trd, 4318565.743, 140
Trd, 4318566.443, 61
Trd, 4318567.143, 82
Trd, 4318568.043, 62
Trd, 4318568.993, 118
Trd, 4318570.143, 140
Trd, 4318571.543, 129
Trd, 4318571.893, 128
Trd, 4318572.393, 78
Trd, 4318572.643, 104
Trd, 4318572.693, 94
Trd, 4318574.243, 127
Trd, 4318574.493, 80
Trd, 4318576.093, 67
Trd, 4318576.193, 103
Trd, 4318576.493, 80
Trd, 4318578.993, 125
Trd, 4318579.193, 97
Trd, 4318579.493, 96
Trd, 4318580.093, 109
Trd, 4318580.343, 91
Trd, 4318582.093, 136
Trd, 4318582.693, 101
Trd, 4318583.243, 66
Trd, 4318585.043, 102
Trd, 4318586.143, 89
Trd, 4318586.293, 118
Trd, 4318586.693, 135
Trd, 4318587.043, 140
Trd, 4318587.543, 70
Trd, 4318588.393, 133
Trd, 4318588.493, 104
Trd, 4318589.943, 85
Trd, 4318590.693, 140
Trd, 4318591.393, 109
Trd, 4318591.743, 140
Trd, 4318593.193, 127
Trd, 4318595.193, 137
Trd, 4318595.293, 137
Trd, 4318595.793, 136
Trd, 4318596.493, 128
Trd, 4318597.293, 130
Trd, 4318598.193, 137
Trd, 4318598.543, 111
Trd, 4318599.793, 120
Trd, 4318601.743, 133
Trd, 4318603.643, 140
Trd, 4318603.993, 138
Trd, 4318604.193, 129
Trd, 4318604.443, 120
Trd, 4318605.793, 129
Trd, 4318607.193, 117
Trd, 4318608.243, 118
Trd, 4318609.743, 119
Trd, 4318610.843, 115
Trd, 4318611.543, 115
Trd, 4318611.793, 87
Trd, 4318612.993, 140
Trd, 4318613.043, 140
Trd, 4318613.143, 135
Trd, 4318614.043, 133
Trd, 4318615.993, 108
Trd, 4318616.593, 123
Trd, 4318616.993, 101
Trd, 4318617.343, 82
Trd, 4318618.443, 107
Trd, 4318618.893, 74
Trd, 4318619.143, 128
Trd, 4318619.393, 67
Trd, 4318620.843, 75
Trd, 4318622.193, 97
Trd, 4318622.993, 127
Trd, 4318624.543, 140
Trd, 4318624.843, 139
Trd, 4318624.943, 100
Trd, 4318626.393, 139
Trd, 4318627.993, 140
Trd, 4318628.443, 129
Trd, 4318628.643, 104
Trd, 4318629.793, 97
Trd, 4318631.643, 140
Trd, 4318631.943, 140
Trd, 4318632.343, 140
Trd, 4318632.593, 117
Trd, 4318633.443, 119
Trd, 4318633.543, 118
Trd, 4318633.693, 109
Trd, 4318634.893, 116
Trd, 4318636.393, 112
Trd, 4318636.693, 122
Trd, 4318637.843, 88
Trd, 4318637.943, 86
Trd, 4318639.543, 139
Trd, 4318640.143, 126
Trd, 4318640.543, 107
Trd, 4318641.643, 139
Trd, 4318641.893, 97
Trd, 4318643.143, 80
Trd, 4318643.393, 104
Trd, 4318644.493, 121
Trd, 4318645.143, 137
Trd, 4318646.643, 123
Trd, 4318647.193, 139
Trd, 4318648.443, 140
Trd, 4318649.093, 140
Trd, 4318649.293, 137
Trd, 4318649.693, 108
Trd, 4318652.393, 84
Trd, 4318652.743, 95
Trd, 4318652.993, 72
Trd, 4318653.043, 114
Trd, 4318653.243, 71
Trd, 4318653.893, 81
Trd, 4318655.093, 60
Trd, 4318655.493, 89
Trd, 4318656.293, 95
Trd, 4318657.443, 102
Trd, 4318658.293, 137
Trd, 4318658.693, 136
Trd, 4318658.993, 128
Trd, 4318659.043, 117
Trd, 4318662.443, 140
Trd, 4318662.693, 139
Trd, 4318663.343, 138
Trd, 4318664.193, 136
Trd, 4318664.543, 127
Trd, 4318665.243, 99
Trd, 4318666.293, 117
Trd, 4318666.843, 139
Trd, 4318669.943, 140
Trd, 4318670.443, 140
Trd, 4318670.643, 138
Trd, 4318671.493, 132
Trd, 4318672.343, 136
Trd, 4318672.593, 140
Trd, 4318673.493, 130
Trd, 4318673.793, 128
Trd, 4318674.443, 121
Trd, 4318675.093, 137
Trd, 4318676.043, 113
Trd, 4318676.343, 113
Trd, 4318677.443, 140
Trd, 4318678.193, 125
Trd, 4318679.193, 135
Trd, 4318679.793, 134
Trd, 4318680.143, 86
Trd, 4318681.293, 101
Trd, 4318682.093, 127
Trd, 4318682.193, 118
Trd, 4318682.893, 84
Trd, 4318682.943, 101
Trd, 4318683.943, 140
Trd, 4318684.793, 94
Trd, 4318685.393, 136
Trd, 4318685.943, 125
Trd, 4318687.393, 140
Trd, 4318687.593, 104
Trd, 4318689.093, 85
Trd, 4318689.143, 82
Trd, 4318689.543, 78
Trd, 4318690.343, 80
Trd, 4318691.393, 66
Trd, 4318692.293, 140
Trd, 4318693.043, 140
Trd, 4318693.193, 138
Trd, 4318694.643, 105
Trd, 4318694.943, 108
Trd, 4318696.193, 140
Trd, 4318697.943, 139
Trd, 4318698.193, 138
Trd, 4318698.443, 107
Trd, 4318698.943, 101
Trd, 4318698.993, 72
Trd, 4318699.543, 118
Trd, 4318699.943, 110
Trd, 4318700.643, 135
Trd, 4318702.593, 68
Trd, 4318704.143, 140
Trd, 4318704.393, 83
Trd, 4318704.993, 76
Trd, 4318705.093, 74
Trd, 4318705.193, 82
Trd, 4318708.143, 85
Trd, 4318708.743, 83
Trd, 4318709.443, 69
Trd, 4318709.643, 77
Trd, 4318709.993, 64
Trd, 4318710.193, 138
Trd, 4318710.593, 89
Trd, 4318711.393, 69
Trd, 4318713.093, 81
Trd, 4318713.593, 70
Trd, 4318713.793, 90
Trd, 4318714.693, 111
Trd, 4318716.593, 108
Trd, 4318716.693, 107
Trd, 4318716.793, 101
Trd, 4318717.493, 103
Trd, 4318718.793, 137
Trd, 4318719.043, 133
Trd, 4318719.193, 136
Trd, 4318719.393, 129
Trd, 4318719.893, 61
Trd, 4318720.143, 140
Trd, 4318722.793, 86
Trd, 4318723.093, 80
Trd, 4318723.293, 139
Trd, 4318724.493, 116
Trd, 4318724.843, 81
Trd, 4318725.893, 92
Trd, 4318726.093, 109
Trd, 4318726.543, 137
Trd, 4318727.693, 139
Trd, 4318728.243, 140
Trd, 4318729.293, 140
Trd, 4318729.393, 140
Trd, 4318730.993, 135
Trd, 4318732.493, 92
Trd, 4318733.943, 139
Trd, 4318734.493, 138
Trd, 4318734.843, 122
Trd, 4318735.443, 140
Trd, 4318735.543, 140
Trd, 4318735.693, 69
Trd, 4318737.343, 140
Trd, 4318737.543, 138
Trd, 4318737.693, 129
Trd, 4318739.043, 121
Trd, 4318739.243, 120
Trd, 4318739.593, 89
Trd, 4318740.043, 76
Trd, 4318741.693, 124
Trd, 4318742.043, 121
Trd, 4318742.293, 82
Trd, 4318742.793, 139
Trd, 4318743.743, 113
Trd, 4318744.693, 112
Trd, 4318744.893, 72
Trd, 4318745.393, 121
Trd, 4318747.043, 138
Trd, 4318749.193, 139
Trd, 4318749.293, 137
Trd, 4318750.843, 120
Trd, 4318751.343, 140
Trd, 4318752.043, 117
Trd, 4318753.493, 113
Trd, 4318753.693, 139
Trd, 4318754.143, 121
Trd, 4318754.793, 104
Trd, 4318755.093, 106
Trd, 4318755.793, 140
Trd, 4318757.993, 128
Trd, 4318758.343, 104
Trd, 4318758.643, 116
Trd, 4318760.043, 72
Trd, 4318760.493, 72
Trd, 4318760.643, 100
Trd, 4318761.443, 140
Trd, 4318761.643, 65
Trd, 4318762.443, 75
Trd, 4318764.243, 135
Trd, 4318766.543, 140
Trd, 4318766.793, 139
Trd, 4318767.893, 138
Trd, 4318768.193, 136
Trd, 4318769.643, 129
Trd, 4318770.193, 104
Trd, 4318770.643, 139
Trd, 4318771.043, 139
Trd, 4318771.593, 98
Trd, 4318771.693, 110
Trd, 4318772.743, 121
Trd, 4318773.743, 132
Trd, 4318774.893, 139
Trd, 4318776.193, 140
Trd, 4318777.443, 139
Trd, 4318777.643, 138
Trd, 4318777.943, 137
Trd, 4318778.043, 128
Trd, 4318778.193, 94
Trd, 4318778.443, 81
Trd, 4318779.243, 140
Trd, 4318779.543, 140
Trd, 4318780.293, 133
Trd, 4318781.243, 124
Trd, 4318782.743, 137
Trd, 4318782.893, 135
Trd, 4318783.793, 81
Trd, 4318784.193, 104
Trd, 4318785.893, 140
Trd, 4318786.093, 140
Trd, 4318787.293, 137
Trd, 4318787.743, 129
Trd, 4318787.993, 128
Trd, 4318789.143, 140
Trd, 4318789.193, 138
Trd, 4318790.993, 134
Trd, 4318791.393, 132
Trd, 4318791.543, 136
Trd, 4318793.293, 140
Trd, 4318794.243, 139
Trd, 4318795.643, 140
Trd, 4318795.843, 138
Trd, 4318797.143, 136
Trd, 4318797.293, 135
Trd, 4318798.143, 128
Trd, 4318798.193, 68
Trd, 4318798.793, 135
Trd, 4318799.343, 77
Trd, 4318801.043, 140
Trd, 4318801.593, 92
Trd, 4318801.793, 118
Trd, 4318802.493, 62
Trd, 4318803.293, 130
Trd, 4318803.843, 78
Trd, 4318804.293, 82
Trd, 4318804.993, 113
Trd, 4318806.493, 91
Trd, 4318806.693, 98
Trd, 4318807.743, 88
Trd, 4318808.043, 61
Trd, 4318808.343, 102
Trd, 4318808.643, 74
Trd, 4318809.643, 89
Trd, 4318811.143, 140
Trd, 4318811.943, 113
Trd, 4318812.643, 114
Trd, 4318812.793, 113
Trd, 4318813.043, 109
Trd, 4318813.293, 115
Trd, 4318813.693, 86
Trd, 4318814.793, 140
Trd, 4318815.593, 129
Trd, 4318816.493, 120
Trd, 4318816.893, 103
Trd, 4318817.093, 115
Trd, 4318818.543, 140
Trd, 4318819.193, 139
Trd, 4318821.693, 140
Trd, 4318822.593, 137
Trd, 4318822.743, 137
Trd, 4318823.193, 121
Trd, 4318823.893, 120
Trd, 4318824.593, 112
Trd, 4318825.443, 109
Trd, 4318825.793, 121
Trd, 4318826.343, 113
Trd, 4318826.693, 109
Trd, 4318827.893, 139
Trd, 4318828.343, 121
Trd, 4318829.793, 67
Trd, 4318829.843, 116
Trd, 4318830.993, 66
Trd, 4318831.893, 89
Trd, 4318833.543, 140
Trd, 4318834.393, 126
Trd, 4318835.343, 114
Trd, 4318836.643, 114
Trd, 4318837.043, 101
Trd, 4318838.043, 139
Trd, 4318838.343, 114
Trd, 4318838.993, 103
Trd, 4318839.543, 126
Trd, 4318840.393, 89
Trd, 4318840.943, 69
Trd, 4318841.843, 61
Trd, 4318842.343, 83
Trd, 4318843.193, 93
Trd, 4318843.643, 108
Trd, 4318844.243, 61
Trd, 4318846.493, 79
Trd, 4318846.543, 100
Trd, 4318848.093, 123
Trd, 4318848.543, 110
Trd, 4318848.743, 127
Trd, 4318850.743, 131
Trd, 4318851.693, 131
Trd, 4318852.193, 130
Trd, 4318852.993, 140
Trd, 4318853.443, 140
Trd, 4318853.693, 130
Trd, 4318853.793, 127
Trd, 4318853.993, 140
Trd, 4318854.093, 113
Trd, 4318855.443, 76
Trd, 4318855.693, 94
Trd, 4318855.943, 64
Trd, 4318858.193, 68
Trd, 4318858.793, 118
Trd, 4318859.543, 97
Trd, 4318860.243, 120
Trd, 4318861.243, 81
Trd, 4318861.643, 140
Trd, 4318862.693, 136
Trd, 4318863.793, 140
Trd, 4318863.993, 128
Trd, 4318864.493, 104
Trd, 4318865.443, 140
Trd, 4318867.193, 129
Trd, 4318867.893, 92
Trd, 4318868.293, 91
Trd, 4318869.393, 76
Trd, 4318869.743, 97
Trd, 4318871.243, 138
Trd, 4318871.343, 86
Trd, 4318871.493, 67
Trd, 4318873.393, 140
Trd, 4318873.993, 140
Trd, 4318874.293, 138
Trd, 4318875.343, 135
Trd, 4318875.793, 133
Trd, 4318876.593, 129
Trd, 4318876.793, 104
Trd, 4318877.743, 129
Trd, 4318878.593, 138
Trd, 4318878.643, 116
Trd, 4318879.543, 139
Trd, 4318879.993, 140
Trd, 4318881.093, 83
Trd, 4318881.693, 140
Trd, 4318882.243, 140
Trd, 4318882.993, 109
Trd, 4318883.443, 94
Trd, 4318883.493, 91
Trd, 4318884.993, 140
Trd, 4318885.543, 140
Trd, 4318886.593, 138
Trd, 4318887.693, 137
Trd, 4318887.943, 128
Trd, 4318888.043, 125
Trd, 4318888.493, 123
Trd, 4318889.593, 108
Trd, 4318889.743, 71
Trd, 4318890.693, 133
Trd, 4318891.043, 88
Trd, 4318892.093, 140
Trd, 4318893.743, 140
Trd, 4318894.093, 140
Trd, 4318896.093, 140
Trd, 4318896.193, 137
Trd, 4318896.243, 134
Trd, 4318897.893, 123
Trd, 4318898.943, 111
Trd, 4318899.343, 123
Trd, 4318900.693, 131
Trd, 4318901.593, 140
Trd, 4318902.193, 130
Trd, 4318903.593, 139
Trd, 4318904.343, 138
Trd, 4318906.593, 128
Trd, 4318906.793, 122
Trd, 4318906.993, 121
Trd, 4318907.943, 121
Trd, 4318908.793, 140
Trd, 4318909.543, 87
Trd, 4318909.993, 115
Trd, 4318910.243, 140
Trd, 4318911.643, 82
Trd, 4318912.943, 79
Trd, 4318913.143, 117
Trd, 4318913.643, 71
Trd, 4318914.043, 133
Trd, 4318915.193, 83
Trd, 4318916.043, 117
Trd, 4318916.793, 128
Trd, 4318917.093, 114
Trd, 4318917.543, 82
Trd, 4318918.043, 112
Trd, 4318918.543, 122
Trd, 4318919.243, 82
Trd, 4318920.443, 80
Trd, 4318921.693, 139
Trd, 4318921.793, 121
Trd, 4318922.993, 139
Trd, 4318925.043, 129
Trd, 4318925.493, 128
Trd, 4318925.743, 139
Trd, 4318926.943, 94
Trd, 4318926.993, 85
Trd, 4318927.543, 140
Trd, 4318928.693, 129
Trd, 4318929.143, 127
Trd, 4318930.993, 126
Trd, 4318931.543, 121
Trd, 4318932.193, 119
Trd, 4318932.343, 115
Trd, 4318932.543, 90
Trd, 4318932.893, 140
Trd, 4318933.893, 68
Trd, 4318934.143, 82
Trd, 4318935.443, 140
Trd, 4318935.543, 140
Trd, 4318935.793, 87
Trd, 4318937.093, 125
Trd, 4318937.443, 94
Trd, 4318938.943, 140
Trd, 4318939.143, 138
Trd, 4318939.193, 114
Trd, 4318939.793, 111
Trd, 4318940.993, 140
Trd, 4318942.093, 84
Trd, 4318942.343, 139
Trd, 4318942.593, 129
Trd, 4318945.443, 134
Trd, 4318945.493, 133
Trd, 4318947.243, 127
Trd, 4318947.743, 139
Trd, 4318947.893, 137
Trd, 4318948.193, 137
Trd, 4318948.543, 136
Trd, 4318949.543, 140
Trd, 4318949.643, 129
Trd, 4318951.343, 101
Trd, 4318952.243, 85
Trd, 4318953.393, 80
Trd, 4318953.643, 80
Trd, 4318953.893, 71
Trd, 4318954.743, 138
Trd, 4318955.443, 140
Trd, 4318955.693, 102
Trd, 4318957.093, 100
Trd, 4318957.293, 99
Trd, 4318958.243, 98
Trd, 4318958.743, 92
Trd, 4318959.793, 112
Trd, 4318960.093, 101
Trd, 4318960.293, 139
Trd, 4318960.343, 101
Trd, 4318962.693, 110
Trd, 4318962.743, 104
Trd, 4318963.543, 136
Trd, 4318965.793, 140
Trd, 4318965.993, 139
Trd, 4318966.143, 136
Trd, 4318967.143, 138
Trd, 4318967.493, 137
Trd, 4318968.493, 117
Trd, 4318969.593, 107
Trd, 4318969.643, 106
Trd, 4318969.943, 129
Trd, 4318970.593, 103
Trd, 4318971.743, 106
Trd, 4318971.893, 102
Trd, 4318972.393, 110
Trd, 4318972.843, 135
Trd, 4318973.193, 82
Trd, 4318973.743, 95
Trd, 4318975.343, 84
Trd, 4318976.693, 85
Trd, 4318977.143, 65
Trd, 4318977.993, 93
Trd, 4318979.443, 107
Trd, 4318979.693, 115
Trd, 4318979.843, 138
Trd, 4318980.793, 134
Trd, 4318980.943, 106
Trd, 4318981.193, 105
Trd, 4318981.293, 98
Trd, 4318982.193, 140
Trd, 4318982.443, 130
Trd, 4318984.843, 83
Trd, 4318985.593, 140
Trd, 4318985.993, 82
Trd, 4318986.193, 105
Trd, 4318988.143, 80
Trd, 4318988.243, 84
Trd, 4318988.443, 92
Trd, 4318989.643, 74
Trd, 4318989.693, 69
Trd, 4318990.293, 122
Trd, 4318991.443, 109
Trd, 4318991.693, 86
Trd, 4318992.593, 138
Trd, 4318993.093, 124
Trd, 4318994.593, 139
Trd, 4318994.893, 137
Trd, 4318997.343, 135
Trd, 4318998.043, 110
Trd, 4319000.843, 139
Trd, 4319000.893, 138
Trd, 4319001.043, 140
Trd, 4319001.093, 134
Trd, 4319001.843, 121
Trd, 4319003.093, 138
Trd, 4319003.743, 130
Trd, 4319004.343, 132
Trd, 4319004.493, 119
Trd, 4319005.043, 108
Trd, 4319005.743, 103
Trd, 4319006.093, 104
Trd, 4319006.193, 103
Trd, 4319006.893, 110
Trd, 4319007.343, 96
Trd, 4319007.643, 124
Trd, 4319009.143, 136
Trd, 4319009.343, 117
Trd, 4319009.443, 101
Trd, 4319010.793, 68
Trd, 4319011.793, 115
Trd, 4319012.793, 103
Trd, 4319013.843, 114
Trd, 4319014.893, 105
Trd, 4319015.193, 105
Trd, 4319015.643, 122
Trd, 4319015.693, 102
Trd, 4319015.793, 92
Trd, 4319017.993, 138
Trd, 4319018.093, 69
Trd, 4319018.243, 93
Trd, 4319019.393, 87
Trd, 4319019.943, 139
Trd, 4319020.243, 130
Trd, 4319021.793, 132
Trd, 4319021.993, 72
Trd, 4319022.843, 77
Trd, 4319023.543, 80
Trd, 4319023.593, 74
Trd, 4319024.193, 71
Trd, 4319025.243, 73
Trd, 4319026.143, 136
Trd, 4319026.393, 128
Trd, 4319026.493, 125
Trd, 4319026.993, 71
Trd, 4319027.793, 87
Trd, 4319028.643, 77
Trd, 4319029.043, 87
Trd, 4319029.393, 87
Trd, 4319029.843, 92
Trd, 4319031.293, 60
Trd, 4319032.193, 140
Trd, 4319032.293, 138
Trd, 4319033.893, 140
Trd, 4319034.043, 92
Trd, 4319034.893, 64
Trd, 4319035.743, 115
Trd, 4319037.143, 123
Trd, 4319037.343, 131
Trd, 4319037.393, 123
Trd, 4319037.643, 140
Trd, 4319037.793, 122
Trd, 4319040.043, 139
Trd, 4319040.293, 120
Trd, 4319041.893, 110
Trd, 4319042.193, 99
Trd, 4319044.343, 140
Trd, 4319044.743, 132
Trd, 4319045.393, 140
Trd, 4319045.693, 129
Trd, 4319046.043, 120
Trd, 4319046.293, 77
Trd, 4319047.443, 106
Trd, 4319048.043, 126
Trd, 4319049.493, 136
Trd, 4319051.093, 128
Trd, 4319051.893, 140
Trd, 4319051.993, 122
Trd, 4319052.343, 96
Trd, 4319052.843, 102
Trd, 4319053.543, 104
Trd, 4319054.943, 111
Trd, 4319055.293, 111
Trd, 4319056.293, 139
Trd, 4319056.943, 138
Trd, 4319057.043, 130
Trd, 4319057.593, 127
Trd, 4319058.343, 139
Trd, 4319059.443, 98
Trd, 4319060.843, 117
Trd, 4319061.393, 136
Trd, 4319061.493, 131
Trd, 4319061.543, 78
Trd, 4319062.343, 77
Trd, 4319062.593, 79
Trd, 4319062.643, 76
Trd, 4319065.143, 115
Trd, 4319065.243, 103
Trd, 4319065.543, 138
Trd, 4319066.343, 140
Trd, 4319066.493, 135
Trd, 4319068.043, 71
Trd, 4319068.143, 101
Trd, 4319068.993, 81
Trd, 4319069.093, 76
Trd, 4319069.593, 70
Trd, 4319070.293, 140
Trd, 4319071.893, 140
Trd, 4319071.993, 140
Trd, 4319072.193, 118
Trd, 4319072.493, 138
Trd, 4319073.643, 112
Trd, 4319075.243, 140
Trd, 4319075.893, 140
Trd, 4319076.193, 137
Trd, 4319078.093, 140
Trd, 4319078.293, 139
Trd, 4319078.493, 107
Trd, 4319078.543, 106
Trd, 4319079.743, 75
Trd, 4319080.393, 93
Trd, 4319081.593, 126
Trd, 4319081.993, 122
Trd, 4319083.093, 140
Trd, 4319083.693, 129
Trd, 4319084.693, 107
Trd, 4319085.443, 140
Trd, 4319085.543, 104
Trd, 4319086.593, 140
Trd, 4319089.093, 126
Trd, 4319089.193, 113
Trd, 4319089.543, 137
Trd, 4319089.793, 114
Trd, 4319090.443, 132
Trd, 4319091.643, 140
Trd, 4319091.693, 139
Trd, 4319092.743, 140
Trd, 4319093.843, 122
Trd, 4319096.193, 139
Trd, 4319097.243, 135
Trd, 4319097.593, 133
Trd, 4319097.643, 124
Trd, 4319098.493, 84
Trd, 4319100.593, 117
Trd, 4319101.243, 136
Trd, 4319101.643, 94
Trd, 4319102.393, 131
Trd, 4319103.593, 140
Trd, 4319104.393, 140
Trd, 4319104.693, 140
Trd, 4319104.943, 140
Trd, 4319105.143, 138
Trd, 4319106.093, 72
Trd, 4319106.493, 140
Trd, 4319106.693, 120
Trd, 4319107.693, 89
Trd, 4319108.043, 85
Trd, 4319108.493, 115
Trd, 4319109.843, 103
Trd, 4319111.043, 137
Trd, 4319111.343, 136
Trd, 4319111.693, 140
Trd, 4319112.393, 115
Trd, 4319112.893, 111
Trd, 4319113.293, 99
Trd, 4319113.693, 110
Trd, 4319115.743, 140
Trd, 4319116.393, 140
Trd, 4319116.593, 140
Trd, 4319116.893, 129
Trd, 4319118.793, 123
Trd, 4319120.243, 137
Trd, 4319120.743, 140
Trd, 4319122.143, 138
Trd, 4319122.293, 137
Trd, 4319122.543, 110
Trd, 4319123.093, 104
Trd, 4319123.943, 100
Trd, 4319124.743, 60
Trd, 4319127.593, 137
Trd, 4319127.993, 118
Trd, 4319128.393, 140
Trd, 4319128.893, 137
Trd, 4319129.543, 131
Trd, 4319130.143, 115
Trd, 4319130.193, 113
Trd, 4319130.643, 101
Trd, 4319132.793, 140
Trd, 4319133.393, 139
Trd, 4319133.543, 138
Trd, 4319134.593, 139
Trd, 4319134.993, 117
Trd, 4319135.593, 135
Trd, 4319136.443, 122
Trd, 4319138.443, 135
Trd, 4319138.743, 116
Trd, 4319140.143, 139
Trd, 4319140.493, 121
Trd, 4319141.343, 115
Trd, 4319141.593, 113
Trd, 4319141.743, 90
Trd, 4319141.843, 114
Trd, 4319142.543, 89
Trd, 4319142.793, 132
Trd, 4319144.743, 139
Trd, 4319145.943, 101
Trd, 4319146.293, 100
Trd, 4319146.893, 139
Trd, 4319148.843, 140
Trd, 4319148.893, 138
Trd, 4319149.443, 122
Trd, 4319149.643, 114
Trd, 4319151.743, 97
Trd, 4319152.293, 121
Trd, 4319153.493, 105
Trd, 4319153.993, 87
Trd, 4319154.193, 128
Trd, 4319155.343, 87
Trd, 4319155.593, 65
Trd, 4319156.293, 112
Trd, 4319156.693, 63
Trd, 4319156.893, 71
Trd, 4319159.393, 139
Trd, 4319159.543, 138
Trd, 4319159.643, 137
Trd, 4319159.893, 129
Trd, 4319160.993, 138
Trd, 4319162.243, 116
Trd, 4319163.043, 81
Trd, 4319163.893, 97
Trd, 4319164.093, 81
Trd, 4319165.043, 138
Trd, 4319166.893, 133
Trd, 4319167.143, 101
Trd, 4319167.593, 74
Trd, 4319167.993, 140
Trd, 4319169.543, 130
Trd, 4319169.893, 111
Trd, 4319171.143, 76
Trd, 4319171.293, 87
Trd, 4319171.893, 122
Trd, 4319172.093, 88
Trd, 4319174.943, 137
Trd, 4319175.043, 130
Trd, 4319175.743, 132
Trd, 4319177.193, 104
Trd, 4319178.443, 88
Trd, 4319178.743, 104
Trd, 4319179.643, 104
Trd, 4319181.293, 140
Trd, 4319181.593, 140
Trd, 4319181.893, 140
Trd, 4319182.093, 138
Trd, 4319182.543, 132
Trd, 4319182.993, 140
Trd, 4319183.393, 125
Trd, 4319184.543, 140
Trd, 4319185.593, 92
Trd, 4319185.943, 79
Trd, 4319187.393, 131
Trd, 4319188.293, 136
Trd, 4319188.643, 130
Trd, 4319189.593, 131
Trd, 4319189.893, 128
Trd, 4319190.943, 131
Trd, 4319190.993, 84
Trd, 4319192.693, 74
Trd, 4319192.843, 74
Trd, 4319194.143, 84
Trd, 4319195.493, 139
Trd, 4319195.543, 138
Trd, 4319196.843, 107
Trd, 4319197.293, 94
Trd, 4319198.193, 85
Trd, 4319198.443, 106
Trd, 4319198.893, 111
Trd, 4319199.343, 93
Trd, 4319200.093, 114
Trd, 4319201.043, 140
Trd, 4319201.293, 122
Trd, 4319201.793, 124
Trd, 4319202.843, 65
Trd, 4319203.043, 110
Trd, 4319204.743, 140
Trd, 4319206.143, 140
Trd, 4319206.543, 138
Trd, 4319206.743, 134
Trd, 4319208.043, 129
Trd, 4319209.593, 140
Trd, 4319209.843, 139
Trd, 4319211.043, 138
Trd, 4319211.843, 140
Trd, 4319212.193, 136
Trd, 4319212.893, 127
Trd, 4319213.193, 82
Trd, 4319214.193, 100
Trd, 4319214.743, 138
Trd, 4319215.043, 138
Trd, 4319215.293, 135
Trd, 4319216.343, 140
Trd, 4319217.293, 140
Trd, 4319217.593, 118
Trd, 4319218.343, 101
Trd, 4319219.043, 101
Trd, 4319219.943, 127
Trd, 4319220.243, 97
Trd, 4319221.743, 135
Trd, 4319222.493, 127
Trd, 4319222.993, 117
Trd, 4319223.293, 138
Trd, 4319225.693, 139
Trd, 4319226.193, 140
Trd, 4319227.443, 125
Trd, 4319227.643, 124
Trd, 4319227.843, 128
Trd, 4319228.893, 90
Trd, 4319230.443, 76
Trd, 4319232.293, 90
Trd, 4319232.943, 89
Trd, 4319233.293, 132
Trd, 4319233.743, 121
Trd, 4319235.143, 118
Trd, 4319235.343, 103
Trd, 4319235.893, 101
Trd, 4319236.693, 100
Trd, 4319236.993, 140
Trd, 4319238.093, 65
Trd, 4319238.193, 81
Trd, 4319239.593, 118
Trd, 4319240.343, 126
Trd, 4319241.343, 79
Trd, 4319242.043, 116
Trd, 4319242.593, 66
Trd, 4319243.043, 140
Trd, 4319244.043, 126
Trd, 4319244.693, 99
Trd, 4319246.843, 140
Trd, 4319247.043, 140
Trd, 4319247.693, 116
Trd, 4319248.393, 116
Trd, 4319248.743, 114
Trd, 4319249.193, 117
Trd, 4319250.443, 82
Trd, 4319251.893, 128
Trd, 4319252.693, 106
Trd, 4319253.343, 122
Trd, 4319253.743, 140
Trd, 4319253.943, 140
Trd, 4319254.743, 121
Trd, 4319255.393, 120
Trd, 4319256.643, 130
Trd, 4319256.743, 71
Trd, 4319257.193, 94
Trd, 4319259.043, 85
Trd, 4319259.193, 94
Trd, 4319259.593, 104
Trd, 4319260.293, 124
Trd, 4319261.193, 140
Trd, 4319262.293, 130
Trd, 4319262.543, 127
Trd, 4319262.743, 118
Trd, 4319262.993, 105
Trd, 4319264.093, 81
Trd, 4319264.943, 140
Trd, 4319265.293, 140
Trd, 4319266.993, 139
Trd, 4319267.893, 137
Trd, 4319268.393, 132
Trd, 4319268.793, 107
Trd, 4319270.593, 139
Trd, 4319270.643, 138
Trd, 4319271.043, 137
Trd, 4319272.093, 123
Trd, 4319272.843, 108
Trd, 4319274.143, 103
Trd, 4319274.743, 140
Trd, 4319274.943, 108
Trd, 4319276.043, 138
Trd, 4319276.393, 139
Trd, 4319276.643, 112
Trd, 4319277.443, 103
Trd, 4319278.543, 140
Trd, 4319278.743, 140
Trd, 4319279.643, 138
Trd, 4319280.043, 123
Trd, 4319281.043, 126
Trd, 4319281.393, 125
Trd, 4319281.593, 139
Trd, 4319282.093, 71
Trd, 4319283.093, 139
Trd, 4319284.843, 126
Trd, 4319285.143, 125
Trd, 4319286.193, 123
Trd, 4319286.743, 103
Trd, 4319287.443, 140
Trd, 4319288.893, 79
Trd, 4319288.943, 78
Trd, 4319289.943, 139
Trd, 4319291.893, 139
Trd, 4319292.043, 130
Trd, 4319294.193, 140
Trd, 4319294.693, 140
Trd, 4319295.843, 140
Trd, 4319295.943, 138
Trd, 4319296.693, 140
Trd, 4319296.993, 130
Trd, 4319297.393, 90
Trd, 4319298.493, 76
Trd, 4319298.543, 108
Trd, 4319299.243, 75
Trd, 4319299.593, 70
Trd, 4319300.093, 110
Trd, 4319301.143, 105
Trd, 4319302.243, 67
Trd, 4319302.743, 127
Trd, 4319303.493, 93
Trd, 4319303.893, 116
Trd, 4319304.443, 140
Trd, 4319305.393, 94
Trd, 4319305.493, 76
Trd, 4319308.493, 134
Trd, 4319308.643, 132
Trd, 4319309.143, 140
Trd, 4319309.793, 130
Trd, 4319310.143, 121
Trd, 4319310.193, 117
Trd, 4319310.943, 140
Trd, 4319311.993, 104
Trd, 4319313.893, 94
Trd, 4319314.393, 100
Trd, 4319317.093, 113
Trd, 4319317.243, 117
Trd, 4319317.643, 74
Trd, 4319318.593, 95
Trd, 4319318.893, 108
Trd, 4319320.443, 138
Trd, 4319322.793, 129
Trd, 4319323.493, 139
Trd, 4319324.893, 126
Trd, 4319325.843, 139
Trd, 4319326.193, 139
Trd, 4319326.743, 120
Trd, 4319327.043, 124
Trd, 4319327.393, 75
Trd, 4319327.993, 140
Trd, 4319330.343, 133
Trd, 4319331.043, 139
Trd, 4319331.293, 138
Trd, 4319331.893, 131
Trd, 4319332.293, 92
Trd, 4319334.143, 139
Trd, 4319334.243, 129
Trd, 4319334.943, 131
Trd, 4319336.543, 139
Trd, 4319336.643, 115
Trd, 4319337.593, 126
Trd, 4319337.743, 125
Trd, 4319338.493, 123
Trd, 4319340.593, 121
Trd, 4319340.843, 78
Trd, 4319341.093, 78
Trd, 4319341.193, 75
Trd, 4319342.543, 88
Trd, 4319342.843, 107
Trd, 4319343.593, 85
Trd, 4319344.643, 84
Trd, 4319345.893, 65
Trd, 4319347.543, 61
Trd, 4319347.843, 60
Trd, 4319350.143, 130
Trd, 4319350.893, 140
Trd, 4319350.943, 137
Trd, 4319352.543, 129
Trd, 4319353.243, 128
Trd, 4319353.343, 107
Trd, 4319354.493, 140
Trd, 4319354.643, 129
Trd, 4319355.293, 95
Trd, 4319357.443, 140
Trd, 4319357.493, 140
Trd, 4319357.943, 132
Trd, 4319358.143, 116
Trd, 4319359.193, 61
Trd, 4319360.043, 91
Trd, 4319360.593, 74
Trd, 4319360.893, 96
Trd, 4319362.643, 109
Trd, 4319363.293, 112
Trd, 4319363.643, 139
Trd, 4319363.743, 129
Trd, 4319363.793, 106
Trd, 4319364.343, 62
Trd, 4319365.693, 98
Trd, 4319367.393, 86
Trd, 4319368.443, 62
Trd, 4319368.793, 118
Trd, 4319369.893, 119
Trd, 4319369.993, 82
Trd, 4319370.993, 88
Trd, 4319371.743, 87
Trd, 4319372.493, 80
Trd, 4319373.093, 137
Trd, 4319373.943, 95
Trd, 4319374.793, 127
Trd, 4319375.293, 130
Trd, 4319376.793, 134
Trd, 4319377.243, 130
Trd, 4319377.993, 127
Trd, 4319379.193, 140
Trd, 4319379.393, 101
Trd, 4319382.093, 139
Trd, 4319382.643, 125
Trd, 4319383.193, 137
Trd, 4319383.743, 137
Trd, 4319383.843, 136
Trd, 4319384.293, 117
Trd, 4319385.393, 139
Trd, 4319386.543, 140
Trd, 4319386.693, 138
Trd, 4319386.743, 138
Trd, 4319389.793, 135
Trd, 4319389.893, 132
Trd, 4319390.593, 139
Trd, 4319390.743, 129
Trd, 4319391.493, 116
Trd, 4319392.043, 101
Trd, 4319392.493, 107
Trd, 4319393.943, 140
Trd, 4319394.043, 138
Trd, 4319394.343, 129
Trd, 4319394.743, 105
Trd, 4319395.193, 106
Trd, 4319395.593, 107
Trd, 4319395.943, 140
Trd, 4319397.043, 139
Trd, 4319397.943, 134
Trd, 4319398.543, 114
Trd, 4319399.193, 60
Trd, 4319399.493, 79
Trd, 4319400.893, 95
Trd, 4319402.193, 70
Trd, 4319403.543, 105
Trd, 4319403.693, 139
Trd, 4319403.993, 115
Trd, 4319404.593, 114
Trd, 4319406.143, 103
Trd, 4319406.343, 74
Trd, 4319406.743, 100
Trd, 4319407.193, 75
Trd, 4319407.443, 80
Trd, 4319409.143, 96
Trd, 4319411.393, 140
Trd, 4319413.143, 140
Trd, 4319413.693, 140
Trd, 4319414.043, 138
Trd, 4319414.593, 140
Trd, 4319415.193, 129
Trd, 4319415.443, 140
Trd, 4319416.543, 140
Trd, 4319417.493, 133
Trd, 4319418.043, 133
Trd, 4319418.443, 131
Trd, 4319418.493, 109
Trd, 4319419.243, 135
Trd, 4319420.693, 137
Trd, 4319420.993, 125
Trd, 4319421.143, 124
Trd, 4319421.193, 108
Trd, 4319422.593, 62
Trd, 4319423.193, 66
Trd, 4319424.693, 100
Trd, 4319425.093, 122
Trd, 4319426.093, 99
Trd, 4319426.343, 95
Trd, 4319428.393, 111
Trd, 4319428.593, 92
Trd, 4319429.293, 102
Trd, 4319430.143, 60
Trd, 4319430.243, 110
Trd, 4319430.843, 115
Trd, 4319431.443, 87
Trd, 4319431.593, 134
Trd, 4319432.243, 68
Trd, 4319433.043, 118
Trd, 4319434.693, 89
Trd, 4319434.793, 89
Trd, 4319436.293, 109
Trd, 4319436.593, 97
Trd, 4319437.643, 83
Trd, 4319438.243, 117
Trd, 4319439.343, 140
Trd, 4319439.543, 139
Trd, 4319439.593, 138
Trd, 4319440.293, 130
Trd, 4319440.893, 131
Trd, 4319441.593, 140
Trd, 4319442.393, 93
Trd, 4319443.393, 92
Trd, 4319444.643, 97
Trd, 4319445.993, 140
Trd, 4319446.493, 135
Trd, 4319446.943, 120
Trd, 4319448.193, 140
Trd, 4319449.343, 100
Trd, 4319449.643, 100
Trd, 4319449.993, 106
Trd, 4319450.893, 140
Trd, 4319452.443, 140
Trd, 4319453.343, 127
Trd, 4319453.393, 118
Trd, 4319454.893, 140
Trd, 4319455.243, 140
Trd, 4319455.393, 131
Trd, 4319455.443, 130
Trd, 4319456.143, 130
Trd, 4319456.243, 72
Trd, 4319457.293, 140
Trd, 4319459.393, 130
Trd, 4319459.543, 140
Trd, 4319460.093, 118
Trd, 4319460.243, 101
Trd, 4319461.393, 93
Trd, 4319461.443, 67
Trd, 4319462.243, 140
Trd, 4319463.793, 134
Trd, 4319464.543, 139
Trd, 4319465.043, 89
Trd, 4319465.343, 107
Trd, 4319466.793, 140
Trd, 4319466.843, 76
Trd, 4319467.543, 112
Trd, 4319468.793, 74
Trd, 4319469.593, 140
Trd, 4319471.643, 125
Trd, 4319471.843, 140
Trd, 4319473.743, 123
Trd, 4319474.243, 123
Trd, 4319474.393, 132
Trd, 4319474.443, 117
Trd, 4319474.843, 81
Trd, 4319477.093, 140
Trd, 4319477.193, 140
Trd, 4319477.943, 137
Trd, 4319478.743, 140
Trd, 4319479.493, 119
Trd, 4319480.693, 120
Trd, 4319481.793, 114
Trd, 4319482.393, 108
Trd, 4319482.443, 104
Trd, 4319482.893, 129
Trd, 4319483.993, 113
Trd, 4319484.993, 80
Trd, 4319485.243, 116
Trd, 4319486.093, 75
Trd, 4319486.593, 82
Trd, 4319487.043, 71
Trd, 4319487.643, 88
Trd, 4319488.593, 136
Trd, 4319488.693, 70
Trd, 4319490.193, 110
Trd, 4319491.143, 136
Trd, 4319492.193, 131
Trd, 4319492.343, 128
Trd, 4319492.493, 119
Trd, 4319493.543, 83
Trd, 4319495.093, 139
Trd, 4319495.693, 87
Trd, 4319497.543, 114
Trd, 4319497.693, 70
Trd, 4319499.193, 140
Trd, 4319500.693, 140
Trd, 4319501.093, 140
Trd, 4319501.793, 117
Trd, 4319502.143, 103
Trd, 4319502.543, 140
Trd, 4319504.043, 137
Trd, 4319504.743, 135
Trd, 4319505.443, 133
Trd, 4319506.193, 140
Trd, 4319507.893, 139
Trd, 4319508.043, 138
Trd, 4319508.393, 126
Trd, 4319508.793, 73
Trd, 4319509.793, 93
Trd, 4319511.493, 106
Trd, 4319511.943, 140
Trd, 4319512.443, 134
Trd, 4319512.493, 130
Trd, 4319513.093, 63
Trd, 4319513.343, 103
Trd, 4319514.093, 60
Trd, 4319514.393, 102
Trd, 4319515.843, 123
Trd, 4319515.943, 122
Trd, 4319516.943, 140
Trd, 4319516.993, 119
Trd, 4319517.693, 97
Trd, 4319519.543, 140
Trd, 4319520.093, 138
Trd, 4319521.093, 140
Trd, 4319521.743, 91
Trd, 4319522.343, 98
Trd, 4319523.043, 84
Trd, 4319523.643, 140
Trd, 4319524.043, 140
Trd, 4319524.993, 86
Trd, 4319525.243, 99
Trd, 4319526.193, 96
Trd, 4319527.693, 140
Trd, 4319527.893, 140
Trd, 4319529.193, 137
Trd, 4319531.193, 106
Trd, 4319531.793, 133
Trd, 4319532.193, 103
Trd, 4319532.893, 119
Trd, 4319533.143, 99
Trd, 4319534.393, 107
Trd, 4319534.543, 88
Trd, 4319534.893, 104
Trd, 4319535.143, 118
Trd, 4319535.993, 78
Trd, 4319537.343, 60
Trd, 4319538.293, 134
Trd, 4319538.643, 127
Trd, 4319539.243, 122
Trd, 4319540.793, 84
Trd, 4319541.493, 140
Trd, 4319542.193, 107
Trd, 4319543.943, 139
Trd, 4319544.393, 138
Trd, 4319545.393, 140
Trd, 4319545.743, 114
Trd, 4319547.343, 121
Trd, 4319547.593, 140
Trd, 4319547.693, 119
Trd, 4319548.093, 136
Trd, 4319549.243, 114
Trd, 4319549.593, 135
Trd, 4319550.293, 85
Trd, 4319550.693, 65
Trd, 4319551.643, 83
Trd, 4319551.743, 127
Trd, 4319555.293, 63
Trd, 4319556.293, 77
Trd, 4319556.593, 77
Trd, 4319556.943, 81
Trd, 4319557.493, 109
Trd, 4319557.643, 117
Trd, 4319558.293, 100
Trd, 4319558.743, 125
Trd, 4319559.543, 113
Trd, 4319559.743, 138
Trd, 4319559.993, 140
Trd, 4319561.593, 107
Trd, 4319561.743, 105
Trd, 4319562.593, 116
Trd, 4319562.743, 115
Trd, 4319564.393, 139
Trd, 4319564.443, 129
Trd, 4319565.343, 62
Trd, 4319566.443, 140
Trd, 4319566.793, 139
Trd, 4319569.443, 138
Trd, 4319569.993, 128
Trd, 4319570.043, 128
Trd, 4319571.093, 138
Trd, 4319572.243, 126
Trd, 4319572.493, 109
Trd, 4319574.493, 122
Trd, 4319575.693, 138
Trd, 4319575.943, 138
Trd, 4319576.793, 135
Trd, 4319577.043, 127
Trd, 4319578.443, 140
Trd, 4319578.793, 100
Trd, 4319579.593, 104
Trd, 4319579.893, 115
Trd, 4319580.443, 93
Trd, 4319580.643, 84
Trd, 4319580.843, 75
Trd, 4319582.343, 115
Trd, 4319582.993, 60
Trd, 4319583.693, 140
Trd, 4319584.743, 71
Trd, 4319584.893, 68
Trd, 4319585.693, 140
Trd, 4319587.243, 140
Trd, 4319587.943, 135
Trd, 4319588.743, 100
Trd, 4319589.593, 140
Trd, 4319589.893, 139
Trd, 4319590.193, 87
Trd, 4319590.893, 84
Trd, 4319590.943, 81
Trd, 4319591.843, 105
Trd, 4319592.993, 81
Trd, 4319593.043, 80
Trd, 4319594.393, 117
Trd, 4319595.193, 101
Trd, 4319595.243, 68
Trd, 4319595.743, 69
Trd, 4319597.243, 123
Trd, 4319598.443, 134
Trd, 4319598.593, 137
Trd, 4319598.893, 95
Trd, 4319599.293, 103
Trd, 4319599.343, 138
Trd, 4319602.743, 140
Trd, 4319602.893, 138
Trd, 4319602.943, 130
Trd, 4319604.143, 140
Trd, 4319604.743, 140
Trd, 4319605.043, 128
Trd, 4319605.693, 134
Trd, 4319606.493, 108
Trd, 4319606.543, 108
Trd, 4319607.343, 140
Trd, 4319608.043, 84
Trd, 4319608.593, 82
Trd, 4319609.443, 134
Trd, 4319609.693, 80
Trd, 4319610.743, 79
Trd, 4319610.793, 139
Trd, 4319611.643, 78
Trd, 4319613.193, 132
Trd, 4319613.843, 89
Trd, 4319614.593, 139
Trd, 4319614.693, 129
Trd, 4319616.743, 140
Trd, 4319616.793, 137
Trd, 4319618.643, 131
Trd, 4319618.743, 83
Trd, 4319620.543, 134
Trd, 4319620.993, 133
Trd, 4319621.193, 126
Trd, 4319621.593, 140
Trd, 4319622.393, 100
Trd, 4319622.543, 88
Trd, 4319623.493, 87
Trd, 4319623.943, 122
Trd, 4319624.293, 129
Trd, 4319624.843, 62
Trd, 4319624.943, 72
Trd, 4319625.143, 68
Trd, 4319627.243, 91
Trd, 4319627.693, 93
Trd, 4319628.543, 80
Trd, 4319629.693, 140
Trd, 4319629.843, 122
Trd, 4319630.843, 133
Trd, 4319632.893, 132
Trd, 4319633.393, 125
Trd, 4319633.643, 140
Trd, 4319634.243, 124
Trd, 4319634.993, 140
Trd, 4319635.093, 139
Trd, 4319635.243, 129
Trd, 4319636.943, 117
Trd, 4319637.193, 110
Trd, 4319638.093, 131
Trd, 4319639.143, 77
Trd, 4319639.743, 74
Trd, 4319641.493, 140
Trd, 4319641.593, 111
Trd, 4319641.843, 68
Trd, 4319642.743, 60
Trd, 4319642.993, 62
Trd, 4319644.693, 140
Trd, 4319645.393, 140
Trd, 4319646.143, 140
Trd, 4319646.893, 137
Trd, 4319647.143, 120
Trd, 4319647.893, 93
Trd, 4319649.193, 137
Trd, 4319650.343, 140
Trd, 4319650.793, 135
Trd, 4319651.243, 136
Trd, 4319651.643, 135
Trd, 4319651.693, 116
Trd, 4319654.443, 110
Trd, 4319655.293, 97
Trd, 4319655.393, 76
Trd, 4319655.543, 75
Trd, 4319656.743, 107
Trd, 4319657.843, 97
Trd, 4319657.993, 136
Trd, 4319658.093, 91
Trd, 4319660.293, 77
Trd, 4319660.643, 131
Trd, 4319661.643, 140
Trd, 4319662.293, 134
Trd, 4319664.593, 105
Trd, 4319664.693, 104
Trd, 4319665.793, 101
Trd, 4319666.343, 139
Trd, 4319666.643, 134
Trd, 4319667.193, 140
Trd, 4319667.893, 124
Trd, 4319670.143, 137
Trd, 4319670.593, 128
Trd, 4319670.843, 127
Trd, 4319671.743, 130
Trd, 4319671.943, 124
Trd, 4319673.593, 140
Trd, 4319673.793, 140
Trd, 4319674.793, 139
Trd, 4319675.843, 140
Trd, 4319675.893, 138
Trd, 4319675.993, 129
Trd, 4319677.843, 140
Trd, 4319678.593, 128
Trd, 4319680.543, 103
Trd, 4319681.093, 88
Trd, 4319683.493, 112
Trd, 4319683.793, 112
Trd, 4319683.893, 111
Trd, 4319684.393, 97
Trd, 4319684.493, 110
Trd, 4319686.343, 140
Trd, 4319686.593, 139
Trd, 4319686.943, 96
Trd, 4319688.393, 119
Trd, 4319688.943, 118
Trd, 4319689.743, 96
Trd, 4319690.693, 66
Trd, 4319691.843, 73
Trd, 4319692.593, 95
Trd, 4319693.093, 69
Trd, 4319693.493, 61
Trd, 4319694.443, 128
Trd, 4319694.943, 68
Trd, 4319695.193, 125
Trd, 4319696.143, 82
Trd, 4319696.393, 140
Trd, 4319696.793, 76
Trd, 4319697.793, 139
Trd, 4319698.293, 97
Trd, 4319698.493, 88
Trd, 4319700.493, 62
Trd, 4319701.743, 103
Trd, 4319702.593, 140
Trd, 4319703.043, 140
Trd, 4319703.543, 139
Trd, 4319703.593, 138
Trd, 4319704.543, 79
Trd, 4319704.943, 76
Trd, 4319705.643, 82
Trd, 4319706.643, 129
Trd, 4319707.643, 140
Trd, 4319708.393, 140
Trd, 4319709.443, 128
Trd, 4319710.743, 123
Trd, 4319710.893, 99
Trd, 4319710.943, 72
Trd, 4319711.193, 138
Trd, 4319711.343, 129
Trd, 4319712.543, 139
Trd, 4319712.943, 140
Trd, 4319714.743, 64
Trd, 4319715.893, 89
Trd, 4319716.393, 76
Trd, 4319716.643, 139
Trd, 4319718.543, 117
Trd, 4319719.043, 140
Trd, 4319719.143, 138
Trd, 4319719.943, 133
Trd, 4319720.193, 140
Trd, 4319721.443, 121
Trd, 4319723.693, 140
Trd, 4319723.893, 140
Trd, 4319724.643, 140
Trd, 4319725.143, 137
Trd, 4319725.243, 126
Trd, 4319725.393, 120
Trd, 4319725.543, 94
Trd, 4319726.943, 131
Trd, 4319727.593, 140
Trd, 4319727.893, 124
Trd, 4319729.393, 138
Trd, 4319729.493, 136
Trd, 4319730.343, 134
Trd, 4319730.793, 124
Trd, 4319732.243, 140
Trd, 4319732.293, 129
Trd, 4319734.143, 118
Trd, 4319735.243, 127
Trd, 4319736.243, 109
Trd, 4319736.393, 118
Trd, 4319737.693, 140
Trd, 4319738.093, 129
Trd, 4319738.943, 117
Trd, 4319738.993, 90
Trd, 4319739.543, 119
Trd, 4319740.343, 75
Trd, 4319740.643, 93
Trd, 4319741.293, 82
Trd, 4319743.593, 83
Trd, 4319743.993, 94
Trd, 4319744.943, 80
Trd, 4319745.843, 111
Trd, 4319745.993, 93
Trd, 4319746.243, 92
Trd, 4319746.743, 138
Trd, 4319747.443, 122
Trd, 4319748.193, 105
Trd, 4319748.443, 98
Trd, 4319749.493, 140
Trd, 4319750.243, 139
Trd, 4319750.843, 94
Trd, 4319751.043, 127
Trd, 4319751.443, 128
Trd, 4319751.993, 127
Trd, 4319753.793, 68
Trd, 4319755.543, 140
Trd, 4319755.693, 140
Trd, 4319756.193, 106
Trd, 4319756.643, 94
Trd, 4319756.843, 89
Trd, 4319756.893, 102
Trd, 4319758.443, 108
Trd, 4319759.943, 139
Trd, 4319760.193, 136
Trd, 4319760.593, 135
Trd, 4319761.043, 118
Trd, 4319761.843, 112
Trd, 4319762.893, 109
Trd, 4319762.943, 134
Trd, 4319764.493, 139
Trd, 4319764.843, 137
Trd, 4319766.393, 122
Trd, 4319766.643, 102
Trd, 4319766.943, 139
Trd, 4319768.943, 138
Trd, 4319769.343, 137
Trd, 4319770.443, 140
Trd, 4319771.693, 76
Trd, 4319772.393, 86
Trd, 4319772.593, 104
Trd, 4319773.743, 87
Trd, 4319773.843, 78
Trd, 4319775.593, 75
Trd, 4319775.993, 136
Trd, 4319776.843, 140
Trd, 4319778.443, 140
Trd, 4319778.893, 140
Trd, 4319778.993, 100
Trd, 4319779.593, 129
Trd, 4319779.843, 97
Trd, 4319781.143, 69
Trd, 4319782.193, 70
Trd, 4319782.843, 65
Trd, 4319783.643, 86
Trd, 4319783.843, 66
Trd, 4319784.443, 69
Trd, 4319785.043, 139
Trd, 4319787.343, 140
Trd, 4319787.693, 140
Trd, 4319788.493, 136
Trd, 4319789.443, 140
Trd, 4319792.343, 125
Trd, 4319792.943, 121
Trd, 4319793.493, 137
Trd, 4319793.793, 105
Trd, 4319794.493, 86
Trd, 4319794.893, 103
Trd, 4319795.793, 125
Trd, 4319796.893, 103
Trd, 4319797.193, 99
Trd, 4319797.493, 95
Trd, 4319799.693, 140
Trd, 4319799.943, 139
Trd, 4319800.443, 132
Trd, 4319800.993, 121
Trd, 4319801.343, 108
Trd, 4319802.043, 136
Trd, 4319803.293, 140
Trd, 4319803.693, 137
Trd, 4319804.893, 110
Trd, 4319805.143, 82
Trd, 4319805.593, 137
Trd, 4319807.243, 138
Trd, 4319807.643, 137
Trd, 4319807.843, 131
Trd, 4319808.993, 138
Trd, 4319810.343, 140
Trd, 4319811.243, 123
Trd, 4319811.643, 114
Trd, 4319812.543, 137
Trd, 4319812.743, 135
Trd, 4319813.193, 109
Trd, 4319813.493, 136
Trd, 4319814.243, 78
Trd, 4319814.443, 70
Trd, 4319814.643, 139
Trd, 4319816.193, 137
Trd, 4319816.743, 140
Trd, 4319816.993, 108
Trd, 4319818.093, 140
Trd, 4319818.593, 140
Trd, 4319819.193, 129
Trd, 4319820.093, 140
Trd, 4319820.693, 81
Trd, 4319821.193, 95
Trd, 4319821.943, 122
Trd, 4319822.093, 84
Trd, 4319822.393, 124
Trd, 4319824.393, 140
Trd, 4319824.843, 140
Trd, 4319825.643, 140
Trd, 4319826.093, 138
Trd, 4319826.493, 135
Trd, 4319826.893, 137
Trd, 4319827.543, 80
Trd, 4319829.193, 60
Trd, 4319829.343, 71
Trd, 4319831.493, 89
Trd, 4319832.443, 140
Trd, 4319833.343, 131
Trd, 4319834.593, 123
Trd, 4319834.793, 122
Trd, 4319835.093, 140
Trd, 4319835.893, 139
Trd, 4319837.043, 140
Trd, 4319838.793, 140
Trd, 4319838.893, 137
Trd, 4319839.693, 133
Trd, 4319840.093, 133
Trd, 4319840.643, 116
Trd, 4319842.193, 88
Trd, 4319842.643, 124
Trd, 4319843.393, 139
Trd, 4319844.443, 113
Trd, 4319844.493, 112
Trd, 4319846.343, 130
Trd, 4319846.393, 129
Trd, 4319847.443, 139
Trd, 4319847.593, 85
Trd, 4319848.143, 111
Trd, 4319850.443, 138
Trd, 4319850.493, 137
Trd, 4319851.143, 113
Trd, 4319851.593, 139
Trd, 4319851.643, 115
Trd, 4319852.643, 64
Trd, 4319853.043, 109
Trd, 4319853.643, 111
Trd, 4319853.693, 127
Trd, 4319854.893, 138
Trd, 4319856.093, 137
Trd, 4319857.593, 135
Trd, 4319857.693, 90
Trd, 4319858.543, 106
Trd, 4319859.093, 81
Trd, 4319859.443, 79
Trd, 4319861.393, 61
Trd, 4319861.443, 64
Trd, 4319862.093, 92
Trd, 4319864.743, 62
Trd, 4319865.043, 92
Trd, 4319867.593, 78
Trd, 4319867.693, 79
Trd, 4319868.093, 102
Trd, 4319868.843, 67
Trd, 4319869.043, 106
Trd, 4319869.493, 75
Trd, 4319870.843, 77
Trd, 4319871.393, 139
Trd, 4319871.543, 137
Trd, 4319872.393, 140
Trd, 4319873.593, 105
Trd, 4319873.893, 123
Trd, 4319874.143, 90
Trd, 4319875.643, 100
Trd, 4319875.943, 139
Trd, 4319878.443, 95
Trd, 4319880.193, 124
Trd, 4319880.293, 116
Trd, 4319880.593, 136
Trd, 4319880.843, 135
Trd, 4319880.993, 127
Trd, 4319882.443, 96
Trd, 4319882.893, 133
Trd, 4319883.293, 114
Trd, 4319885.743, 140
Trd, 4319885.993, 137
Trd, 4319887.043, 140
Trd, 4319887.193, 133
Trd, 4319887.993, 131
Trd, 4319888.643, 136
Trd, 4319889.593, 116
Trd, 4319890.293, 136
Trd, 4319891.243, 129
Trd, 4319891.843, 109
Trd, 4319892.093, 130
Trd, 4319892.793, 105
Trd, 4319893.543, 103
Trd, 4319894.943, 104
Trd, 4319895.243, 79
Trd, 4319896.043, 106
Trd, 4319897.043, 112
Trd, 4319898.093, 140
Trd, 4319898.243, 138
Trd, 4319898.493, 138
Trd, 4319899.093, 138
Trd, 4319899.643, 120
Trd, 4319902.143, 65
Trd, 4319902.193, 67
Trd, 4319902.643, 140
Trd, 4319904.743, 140
Trd, 4319904.793, 140
Trd, 4319905.093, 139
Trd, 4319905.343, 137
Trd, 4319906.193, 118
Trd, 4319906.243, 111
Trd, 4319907.743, 89
Trd, 4319909.393, 60
Trd, 4319909.793, 70
Trd, 4319910.593, 86
Trd, 4319912.843, 138
Trd, 4319912.943, 119
Trd, 4319913.793, 140
Trd, 4319913.943, 119
Trd, 4319914.743, 122
Trd, 4319915.393, 123
Trd, 4319915.543, 121
Trd, 4319915.893, 116
Trd, 4319917.043, 111
Trd, 4319917.393, 128
Trd, 4319918.993, 98
Trd, 4319920.743, 137
Trd, 4319920.893, 139
Trd, 4319921.143, 136
Trd, 4319921.393, 128
Trd, 4319924.293, 140
Trd, 4319924.643, 140
Trd, 4319924.693, 139
Trd, 4319925.993, 117
Trd, 4319926.143, 116
Trd, 4319926.293, 134
Trd, 4319926.843, 107
Trd, 4319926.943, 103
Trd, 4319928.493, 140
Trd, 4319929.193, 139
Trd, 4319929.843, 140
Trd, 4319930.043, 138
Trd, 4319930.443, 84
Trd, 4319930.593, 73
Trd, 4319933.093, 112
Trd, 4319933.243, 94
Trd, 4319933.343, 93
Trd, 4319933.693, 60
Trd, 4319933.743, 68
Trd, 4319935.693, 138
Trd, 4319936.643, 134
Trd, 4319936.893, 133
Trd, 4319937.943, 137
Trd, 4319938.043, 89
Trd, 4319938.093, 84
Trd, 4319940.843, 118
Trd, 4319941.443, 88
Trd, 4319941.693, 139
Trd, 4319942.643, 131
Trd, 4319942.793, 122
Trd, 4319943.393, 121
Trd, 4319943.943, 114
Trd, 4319947.143, 112
Trd, 4319948.243, 113
Trd, 4319948.593, 93
Trd, 4319949.043, 89
Trd, 4319950.343, 113
Trd, 4319950.893, 73
Trd, 4319951.293, 74
Trd, 4319951.743, 73
Trd, 4319951.943, 128
Trd, 4319953.043, 139
Trd, 4319953.993, 130
Trd, 4319954.543, 131
Trd, 4319955.893, 140
Trd, 4319957.443, 140
Trd, 4319957.543, 138
Trd, 4319957.843, 130
Trd, 4319958.093, 129
Trd, 4319958.243, 104
Trd, 4319958.843, 66
Trd, 4319961.193, 85
Trd, 4319962.593, 69
Trd, 4319963.043, 71
Trd, 4319963.193, 124
Trd, 4319963.843, 139
Trd, 4319964.993, 139
Trd, 4319965.443, 101
Trd, 4319965.893, 140
Trd, 4319966.193, 99
Trd, 4319966.743, 98
Trd, 4319968.243, 135
Trd, 4319968.293, 127
Trd, 4319969.143, 140
Trd, 4319969.843, 129
Trd, 4319971.543, 98
Trd, 4319971.593, 86
Trd, 4319972.643, 69
Trd, 4319973.693, 140
Trd, 4319973.793, 139
Trd, 4319974.193, 84
Trd, 4319976.393, 111
Trd, 4319978.093, 98
Trd, 4319978.143, 80
Trd, 4319979.393, 140
Trd, 4319979.693, 140
Trd, 4319979.993, 139
Trd, 4319981.043, 137
Trd, 4319981.793, 128
Trd, 4319982.793, 127
Trd, 4319982.993, 121
Trd, 4319983.143, 88
Trd, 4319983.743, 112
Trd, 4319985.343, 140
Trd, 4319985.593, 129
Trd, 4319985.693, 132
Trd, 4319987.293, 66
Trd, 4319987.393, 108
Trd, 4319988.993, 89
Trd, 4319990.193, 123
Trd, 4319990.243, 108
Trd, 4319990.493, 75
Trd, 4319991.243, 84
Trd, 4319992.143, 135
Trd, 4319992.543, 98
Trd, 4319994.093, 93
Trd, 4319994.943, 82
Trd, 4319996.993, 140
Trd, 4319997.193, 140
Trd, 4319997.393, 140
Trd, 4319998.343, 110
Trd, 4319998.443, 129
Trd, 4319998.643, 105
Trd, 4319999.343, 138
Trd, 4319999.543, 126
