Trd, 4318076.293, 107
Trd, 4318076.593, 139
Trd, 4318076.943, 104
Trd, 4318077.243, 112
Trd, 4318077.293, 87
Trd, 4318078.343, 103
Trd, 4318078.743, 131
Trd, 4318079.993, 126
Trd, 4318080.493, 132
Trd, 4318081.143, 126
Trd, 4318083.543, 139
Trd, 4318083.943, 117
Trd, 4318084.043, 140
Trd, 4318085.493, 111
Trd, 4318086.543, 79
Trd, 4318086.893, 86
Trd, 4318089.543, 116
Trd, 4318091.243, 132
Trd, 4318091.843, 120
Trd, 4318093.593, 121
Trd, 4318094.043, 126
Trd, 4318094.693, 112
Trd, 4318095.143, 80
Trd, 4318096.843, 93
Trd, 4318097.593, 100
Trd, 4318097.893, 114
Trd, 4318099.943, 140
Trd, 4318100.193, 123
Trd, 4318100.293, 117
Trd, 4318101.393, 85
Trd, 4318102.593, 111
Trd, 4318103.793, 137
Trd, 4318104.793, 131
Trd, 4318104.843, 100
Trd, 4318106.393, 124
Trd, 4318107.093, 90
Trd, 4318108.143, 111
Trd, 4318109.743, 130
Trd, 4318110.393, 115
Trd, 4318110.493, 105
Trd, 4318110.543, 98
Trd, 4318112.993, 139
Trd, 4318113.493, 125
Trd, 4318113.743, 116
Trd, 4318114.643, 124
Trd, 4318115.043, 112
Trd, 4318115.343, 110
Trd, 4318115.793, 116
Trd, 4318118.393, 120
Trd, 4318118.643, 138
Trd, 4318119.643, 118
Trd, 4318120.993, 122
Trd, 4318121.343, 91
Trd, 4318122.893, 112
Trd, 4318123.393, 108
Trd, 4318124.893, 88
Trd, 4318125.343, 85
Trd, 4318125.793, 67
Trd, 4318125.843, 93
Trd, 4318127.243, 108
Trd, 4318127.393, 110
Trd, 4318127.993, 124
Trd, 4318129.043, 121
Trd, 4318129.593, 107
Trd, 4318130.093, 138
Trd, 4318131.443, 84
Trd, 4318131.493, 83
Trd, 4318131.993, 136
Trd, 4318133.143, 118
Trd, 4318133.843, 134
Trd, 4318135.243, 128
Trd, 4318136.293, 91
Trd, 4318136.893, 106
Trd, 4318137.543, 90
Trd, 4318137.643, 84
Trd, 4318138.343, 127
Trd, 4318139.243, 112
Trd, 4318140.193, 82
Trd, 4318142.243, 131
Trd, 4318143.143, 130
Trd, 4318143.193, 127
Trd, 4318143.593, 100
Trd, 4318143.893, 89
Trd, 4318144.993, 117
Trd, 4318145.193, 115
Trd, 4318145.893, 134
Trd, 4318145.993, 82
Trd, 4318146.693, 61
Trd, 4318149.393, 131
Trd, 4318150.743, 124
Trd, 4318151.043, 110
Trd, 4318152.293, 130
Trd, 4318154.093, 118
Trd, 4318154.243, 90
Trd, 4318154.293, 71
Trd, 4318155.493, 133
Trd, 4318155.593, 126
Trd, 4318156.543, 126
Trd, 4318158.443, 107
Trd, 4318158.793, 111
Trd, 4318160.193, 130
Trd, 4318161.143, 128
Trd, 4318161.293, 126
Trd, 4318163.493, 123
Trd, 4318164.393, 104
Trd, 4318164.893, 100
Trd, 4318165.793, 137
Trd, 4318166.543, 86
Trd, 4318167.243, 93
Trd, 4318167.393, 92
Trd, 4318168.843, 114
Trd, 4318169.393, 114
Trd, 4318170.443, 137
Trd, 4318170.593, 126
Trd, 4318171.343, 130
Trd, 4318171.743, 100
Trd, 4318172.243, 139
Trd, 4318172.293, 82
Trd, 4318173.643, 117
Trd, 4318175.243, 135
Trd, 4318177.193, 118
Trd, 4318177.493, 121
Trd, 4318178.843, 126
Trd, 4318179.093, 131
Trd, 4318179.393, 140
Trd, 4318181.143, 138
Trd, 4318181.443, 116
Trd, 4318184.393, 138
Trd, 4318184.593, 98
Trd, 4318184.943, 62
Trd, 4318186.143, 117
Trd, 4318188.943, 140
Trd, 4318189.043, 134
Trd, 4318189.593, 124
Trd, 4318189.693, 121
Trd, 4318189.943, 129
Trd, 4318190.093, 112
Trd, 4318190.943, 110
Trd, 4318192.243, 115
Trd, 4318192.443, 94
Trd, 4318192.543, 80
Trd, 4318193.593, 131
Trd, 4318193.893, 125
Trd, 4318194.043, 95
Trd, 4318195.293, 127
Trd, 4318196.443, 83
Trd, 4318197.143, 103
Trd, 4318197.743, 114
Trd, 4318197.943, 89
Trd, 4318199.793, 110
Trd, 4318200.343, 128
Trd, 4318200.793, 124
Trd, 4318200.893, 92
Trd, 4318204.143, 118
Trd, 4318204.393, 136
Trd, 4318204.543, 103
Trd, 4318205.543, 123
Trd, 4318206.843, 116
Trd, 4318206.943, 139
Trd, 4318207.293, 101
Trd, 4318208.293, 131
Trd, 4318208.993, 129
Trd, 4318209.193, 68
Trd, 4318209.243, 76
Trd, 4318209.893, 116
Trd, 4318211.943, 140
Trd, 4318213.893, 133
Trd, 4318214.193, 108
Trd, 4318214.993, 93
Trd, 4318215.493, 91
Trd, 4318216.193, 107
Trd, 4318219.343, 127
Trd, 4318219.793, 111
Trd, 4318220.293, 138
Trd, 4318220.493, 98
Trd, 4318220.743, 98
Trd, 4318221.143, 104
Trd, 4318221.893, 98
Trd, 4318222.593, 108
Trd, 4318222.743, 94
Trd, 4318222.893, 115
Trd, 4318223.743, 132
Trd, 4318225.343, 140
Trd, 4318225.843, 137
Trd, 4318227.243, 138
Trd, 4318228.043, 134
Trd, 4318228.093, 133
Trd, 4318229.343, 93
Trd, 4318231.543, 125
Trd, 4318231.743, 102
Trd, 4318232.943, 133
Trd, 4318233.193, 107
Trd, 4318233.343, 128
Trd, 4318233.893, 99
Trd, 4318234.293, 97
Trd, 4318235.843, 111
Trd, 4318236.343, 76
Trd, 4318236.893, 69
Trd, 4318237.493, 112
Trd, 4318239.043, 107
Trd, 4318239.243, 98
Trd, 4318241.893, 130
Trd, 4318242.193, 99
Trd, 4318242.593, 129
Trd, 4318243.093, 121
Trd, 4318243.343, 127
Trd, 4318243.843, 85
Trd, 4318244.543, 120
Trd, 4318245.893, 102
Trd, 4318246.343, 93
Trd, 4318246.643, 111
Trd, 4318247.343, 75
Trd, 4318247.593, 118
Trd, 4318248.243, 81
Trd, 4318248.993, 70
Trd, 4318249.493, 126
Trd, 4318250.293, 112
Trd, 4318250.543, 60
Trd, 4318251.843, 128
Trd, 4318253.143, 120
Trd, 4318253.243, 89
Trd, 4318254.543, 121
Trd, 4318255.293, 120
Trd, 4318256.543, 107
Trd, 4318256.993, 94
Trd, 4318257.743, 117
Trd, 4318259.243, 92
Trd, 4318259.393, 117
Trd, 4318260.193, 129
Trd, 4318260.543, 129
Trd, 4318260.943, 86
Trd, 4318262.143, 124
Trd, 4318262.293, 123
Trd, 4318263.343, 71
Trd, 4318264.993, 138
Trd, 4318265.343, 138
Trd, 4318266.343, 107
Trd, 4318266.893, 130
Trd, 4318267.293, 82
Trd, 4318268.193, 96
Trd, 4318268.393, 116
Trd, 4318269.193, 140
Trd, 4318270.793, 105
Trd, 4318271.193, 104
Trd, 4318272.143, 86
Trd, 4318272.393, 91
Trd, 4318272.793, 109
Trd, 4318273.193, 63
Trd, 4318273.893, 69
Trd, 4318273.993, 81
Trd, 4318275.243, 122
Trd, 4318276.143, 109
Trd, 4318277.393, 112
Trd, 4318278.143, 113
Trd, 4318279.093, 135
Trd, 4318279.743, 131
Trd, 4318280.393, 117
Trd, 4318280.793, 125
Trd, 4318281.543, 133
Trd, 4318282.593, 130
Trd, 4318283.043, 98
Trd, 4318284.743, 122
Trd, 4318284.843, 123
Trd, 4318286.043, 135
Trd, 4318286.843, 136
Trd, 4318287.143, 124
Trd, 4318287.743, 140
Trd, 4318287.993, 117
Trd, 4318288.393, 105
Trd, 4318288.493, 116
Trd, 4318288.693, 98
Trd, 4318291.343, 133
Trd, 4318292.443, 128
Trd, 4318293.443, 113
Trd, 4318293.993, 126
Trd, 4318294.643, 120
Trd, 4318294.693, 116
Trd, 4318296.843, 130
Trd, 4318297.093, 130
Trd, 4318298.593, 133
Trd, 4318298.643, 120
Trd, 4318299.343, 133
Trd, 4318299.643, 95
Trd, 4318299.793, 89
Trd, 4318300.493, 104
Trd, 4318301.193, 116
Trd, 4318302.093, 113
Trd, 4318302.193, 111
Trd, 4318302.393, 120
Trd, 4318303.343, 94
Trd, 4318304.393, 123
Trd, 4318305.093, 107
Trd, 4318305.943, 65
Trd, 4318306.593, 100
Trd, 4318307.743, 102
Trd, 4318308.493, 121
Trd, 4318308.643, 102
Trd, 4318308.993, 102
Trd, 4318309.643, 140
Trd, 4318311.043, 116
Trd, 4318312.443, 136
Trd, 4318313.793, 128
Trd, 4318314.293, 105
Trd, 4318315.043, 83
Trd, 4318315.993, 140
Trd, 4318316.843, 117
Trd, 4318317.343, 98
Trd, 4318318.143, 127
Trd, 4318318.493, 100
Trd, 4318320.693, 139
Trd, 4318320.993, 123
Trd, 4318321.343, 97
Trd, 4318322.293, 139
Trd, 4318322.593, 116
Trd, 4318324.593, 131
Trd, 4318325.243, 120
Trd, 4318325.543, 111
Trd, 4318327.293, 120
Trd, 4318328.043, 119
Trd, 4318328.393, 137
Trd, 4318328.743, 104
Trd, 4318330.093, 130
Trd, 4318330.243, 106
Trd, 4318331.193, 111
Trd, 4318331.693, 104
Trd, 4318332.393, 111
Trd, 4318333.343, 110
Trd, 4318334.143, 109
Trd, 4318336.893, 109
Trd, 4318337.443, 93
Trd, 4318338.893, 125
Trd, 4318339.593, 92
Trd, 4318339.693, 87
Trd, 4318339.743, 99
Trd, 4318339.993, 81
Trd, 4318341.743, 113
Trd, 4318341.893, 104
Trd, 4318342.643, 98
Trd, 4318343.093, 98
Trd, 4318345.293, 138
Trd, 4318347.043, 112
Trd, 4318347.493, 128
Trd, 4318347.793, 98
Trd, 4318348.943, 82
Trd, 4318349.093, 115
Trd, 4318349.243, 123
Trd, 4318349.793, 127
Trd, 4318350.243, 84
Trd, 4318351.043, 127
Trd, 4318351.243, 104
Trd, 4318351.793, 78
Trd, 4318353.793, 128
Trd, 4318355.143, 128
Trd, 4318356.993, 140
Trd, 4318358.293, 117
Trd, 4318359.043, 125
Trd, 4318359.193, 121
Trd, 4318359.393, 125
Trd, 4318360.393, 140
Trd, 4318360.543, 134
Trd, 4318361.543, 134
Trd, 4318361.943, 116
Trd, 4318362.143, 106
Trd, 4318362.243, 130
Trd, 4318362.843, 64
Trd, 4318364.393, 108
Trd, 4318365.143, 98
Trd, 4318365.643, 114
Trd, 4318367.143, 109
Trd, 4318368.493, 102
Trd, 4318368.693, 69
Trd, 4318369.643, 89
Trd, 4318369.943, 110
Trd, 4318371.843, 115
Trd, 4318372.443, 137
Trd, 4318372.693, 112
Trd, 4318373.393, 128
Trd, 4318375.343, 121
Trd, 4318377.193, 86
Trd, 4318377.393, 100
Trd, 4318377.593, 116
Trd, 4318378.943, 133
Trd, 4318379.443, 127
Trd, 4318380.293, 113
Trd, 4318380.793, 114
Trd, 4318381.493, 116
Trd, 4318381.993, 106
Trd, 4318382.993, 122
Trd, 4318385.043, 126
Trd, 4318385.993, 87
Trd, 4318387.243, 132
Trd, 4318387.343, 101
Trd, 4318387.593, 98
Trd, 4318388.743, 126
Trd, 4318390.893, 104
Trd, 4318391.143, 118
Trd, 4318392.293, 135
Trd, 4318392.893, 91
Trd, 4318392.993, 104
Trd, 4318393.393, 76
Trd, 4318394.693, 106
Trd, 4318394.843, 131
Trd, 4318394.993, 95
Trd, 4318396.193, 99
Trd, 4318397.393, 123
Trd, 4318397.593, 134
Trd, 4318400.043, 131
Trd, 4318400.693, 114
Trd, 4318400.943, 105
Trd, 4318401.043, 103
Trd, 4318401.093, 118
Trd, 4318401.943, 119
Trd, 4318402.143, 104
Trd, 4318402.543, 132
Trd, 4318402.843, 74
Trd, 4318403.443, 131
Trd, 4318404.693, 117
Trd, 4318405.993, 113
Trd, 4318406.793, 99
Trd, 4318406.843, 88
Trd, 4318408.593, 71
Trd, 4318409.143, 101
Trd, 4318410.643, 136
Trd, 4318411.793, 117
Trd, 4318412.343, 134
Trd, 4318413.243, 124
Trd, 4318413.593, 110
Trd, 4318413.793, 89
Trd, 4318414.343, 115
Trd, 4318415.593, 121
Trd, 4318416.843, 119
Trd, 4318417.343, 106
Trd, 4318419.093, 131
Trd, 4318419.743, 133
Trd, 4318419.843, 113
Trd, 4318420.893, 139
Trd, 4318420.993, 117
Trd, 4318421.193, 98
Trd, 4318422.193, 109
Trd, 4318423.193, 90
Trd, 4318424.293, 109
Trd, 4318425.793, 139
Trd, 4318426.193, 119
Trd, 4318428.093, 131
Trd, 4318428.393, 131
Trd, 4318428.493, 96
Trd, 4318429.193, 83
Trd, 4318430.293, 96
Trd, 4318433.393, 98
Trd, 4318433.793, 113
Trd, 4318434.193, 96
Trd, 4318434.293, 93
Trd, 4318435.343, 123
Trd, 4318435.893, 131
Trd, 4318438.343, 126
Trd, 4318438.593, 114
Trd, 4318439.293, 132
Trd, 4318439.743, 92
Trd, 4318440.643, 83
Trd, 4318440.743, 135
Trd, 4318440.843, 131
Trd, 4318442.093, 126
Trd, 4318442.293, 132
Trd, 4318444.143, 138
Trd, 4318445.743, 124
Trd, 4318445.843, 101
Trd, 4318446.793, 101
Trd, 4318447.043, 111
Trd, 4318448.043, 136
Trd, 4318448.293, 122
Trd, 4318449.443, 119
Trd, 4318451.593, 132
Trd, 4318452.243, 125
Trd, 4318454.843, 129
Trd, 4318454.943, 97
Trd, 4318455.243, 111
Trd, 4318455.993, 135
Trd, 4318456.293, 132
Trd, 4318456.643, 118
Trd, 4318457.643, 113
Trd, 4318460.243, 132
Trd, 4318460.543, 102
Trd, 4318461.043, 114
Trd, 4318461.143, 134
Trd, 4318463.643, 135
Trd, 4318463.793, 104
Trd, 4318464.043, 140
Trd, 4318464.993, 129
Trd, 4318465.593, 130
Trd, 4318467.043, 133
Trd, 4318467.393, 88
Trd, 4318467.543, 79
Trd, 4318469.393, 107
Trd, 4318469.693, 101
Trd, 4318470.793, 90
Trd, 4318471.943, 138
Trd, 4318472.443, 104
Trd, 4318473.343, 104
Trd, 4318473.443, 101
Trd, 4318473.793, 119
Trd, 4318474.293, 99
Trd, 4318474.693, 125
Trd, 4318477.243, 97
Trd, 4318477.393, 100
Trd, 4318478.793, 83
Trd, 4318479.093, 88
Trd, 4318480.543, 138
Trd, 4318480.793, 130
Trd, 4318480.943, 117
Trd, 4318484.493, 138
Trd, 4318485.793, 125
Trd, 4318486.243, 85
Trd, 4318486.693, 126
Trd, 4318486.743, 76
Trd, 4318487.193, 76
Trd, 4318487.493, 105
Trd, 4318488.443, 104
Trd, 4318490.343, 89
Trd, 4318490.593, 118
Trd, 4318492.343, 129
Trd, 4318493.093, 140
Trd, 4318493.143, 123
Trd, 4318494.443, 92
Trd, 4318494.843, 133
Trd, 4318495.343, 95
Trd, 4318495.893, 77
Trd, 4318496.693, 105
Trd, 4318497.193, 124
Trd, 4318497.743, 87
Trd, 4318498.693, 138
Trd, 4318498.743, 121
Trd, 4318499.743, 98
Trd, 4318500.693, 130
Trd, 4318501.793, 100
Trd, 4318502.243, 105
Trd, 4318502.593, 103
Trd, 4318503.543, 118
Trd, 4318503.743, 118
Trd, 4318503.943, 66
Trd, 4318504.243, 128
Trd, 4318505.243, 117
Trd, 4318505.893, 88
Trd, 4318506.443, 119
Trd, 4318506.893, 85
Trd, 4318507.643, 122
Trd, 4318507.743, 118
Trd, 4318508.143, 94
Trd, 4318509.143, 108
Trd, 4318510.593, 134
Trd, 4318511.543, 137
Trd, 4318511.743, 130
Trd, 4318513.143, 88
Trd, 4318514.393, 99
Trd, 4318515.193, 128
Trd, 4318517.193, 134
Trd, 4318518.043, 118
Trd, 4318519.143, 137
Trd, 4318519.593, 140
Trd, 4318520.843, 134
Trd, 4318521.243, 131
Trd, 4318521.543, 101
Trd, 4318521.593, 99
Trd, 4318522.443, 135
Trd, 4318523.593, 115
Trd, 4318523.793, 101
Trd, 4318524.993, 102
Trd, 4318526.843, 128
Trd, 4318528.543, 108
Trd, 4318529.993, 129
Trd, 4318530.043, 100
Trd, 4318530.093, 85
Trd, 4318530.143, 83
Trd, 4318531.093, 103
Trd, 4318531.893, 112
Trd, 4318533.193, 124
Trd, 4318533.443, 111
Trd, 4318535.543, 132
Trd, 4318535.643, 110
Trd, 4318536.093, 84
Trd, 4318537.043, 135
Trd, 4318537.243, 139
Trd, 4318538.843, 109
Trd, 4318539.643, 133
Trd, 4318542.443, 125
Trd, 4318542.543, 125
Trd, 4318543.743, 118
Trd, 4318544.193, 104
Trd, 4318544.943, 109
Trd, 4318545.293, 96
Trd, 4318546.193, 123
Trd, 4318547.243, 101
Trd, 4318547.543, 113
Trd, 4318549.743, 135
Trd, 4318550.443, 111
Trd, 4318550.843, 107
Trd, 4318550.943, 103
Trd, 4318551.293, 120
Trd, 4318552.543, 106
Trd, 4318553.093, 135
Trd, 4318554.193, 126
Trd, 4318554.793, 130
Trd, 4318556.493, 118
Trd, 4318556.543, 135
Trd, 4318556.643, 93
Trd, 4318556.893, 133
Trd, 4318558.843, 135
Trd, 4318559.043, 109
Trd, 4318559.593, 94
Trd, 4318560.493, 103
Trd, 4318561.543, 98
Trd, 4318562.293, 138
Trd, 4318562.343, 97
Trd, 4318562.893, 66
Trd, 4318564.893, 135
Trd, 4318565.043, 127
Trd, 4318565.393, 120
Trd, 4318566.643, 129
Trd, 4318567.543, 117
Trd, 4318567.843, 100
Trd, 4318568.043, 113
Trd, 4318569.443, 114
Trd, 4318570.643, 114
Trd, 4318571.143, 124
Trd, 4318572.543, 123
Trd, 4318572.593, 113
Trd, 4318572.743, 108
Trd, 4318574.893, 108
Trd, 4318574.943, 102
Trd, 4318576.193, 122
Trd, 4318577.343, 128
Trd, 4318578.143, 122
Trd, 4318578.593, 129
Trd, 4318578.943, 97
Trd, 4318579.243, 110
Trd, 4318579.643, 92
Trd, 4318580.793, 138
Trd, 4318580.943, 86
Trd, 4318581.643, 62
Trd, 4318582.043, 70
Trd, 4318582.543, 70
Trd, 4318584.443, 125
Trd, 4318585.493, 120
Trd, 4318586.193, 115
Trd, 4318586.593, 68
Trd, 4318587.593, 134
Trd, 4318587.643, 78
Trd, 4318588.443, 93
Trd, 4318588.693, 88
Trd, 4318590.243, 87
Trd, 4318590.593, 72
Trd, 4318591.243, 63
Trd, 4318592.143, 115
Trd, 4318592.843, 136
Trd, 4318593.993, 105
Trd, 4318594.493, 120
Trd, 4318596.693, 132
Trd, 4318596.793, 128
Trd, 4318597.293, 114
Trd, 4318599.643, 122
Trd, 4318599.693, 125
Trd, 4318600.543, 90
Trd, 4318601.793, 86
Trd, 4318602.693, 104
Trd, 4318603.543, 114
Trd, 4318603.693, 122
Trd, 4318603.943, 94
Trd, 4318605.093, 109
Trd, 4318605.943, 132
Trd, 4318606.943, 129
Trd, 4318607.093, 124
Trd, 4318607.693, 115
Trd, 4318607.793, 107
Trd, 4318607.993, 130
Trd, 4318608.443, 69
Trd, 4318609.543, 139
Trd, 4318610.243, 123
Trd, 4318611.443, 112
Trd, 4318611.693, 81
Trd, 4318612.243, 69
Trd, 4318612.293, 91
Trd, 4318614.143, 94
Trd, 4318614.443, 131
Trd, 4318615.893, 92
Trd, 4318616.293, 73
Trd, 4318616.893, 139
Trd, 4318617.393, 124
Trd, 4318618.043, 135
Trd, 4318619.243, 106
Trd, 4318619.643, 94
Trd, 4318620.093, 132
Trd, 4318621.793, 110
Trd, 4318622.193, 118
Trd, 4318622.343, 102
Trd, 4318623.243, 110
Trd, 4318625.893, 129
Trd, 4318626.593, 125
Trd, 4318627.043, 139
Trd, 4318627.143, 136
Trd, 4318627.993, 138
Trd, 4318629.043, 134
Trd, 4318630.293, 118
Trd, 4318630.543, 118
Trd, 4318631.593, 135
Trd, 4318632.693, 128
Trd, 4318633.393, 115
Trd, 4318634.393, 137
Trd, 4318635.243, 92
Trd, 4318635.793, 139
Trd, 4318636.143, 109
Trd, 4318637.993, 121
Trd, 4318638.343, 109
Trd, 4318638.693, 114
Trd, 4318638.743, 98
Trd, 4318639.193, 102
Trd, 4318639.343, 98
Trd, 4318640.343, 85
Trd, 4318641.293, 126
Trd, 4318641.543, 105
Trd, 4318642.193, 103
Trd, 4318643.843, 107
Trd, 4318644.293, 108
Trd, 4318644.943, 135
Trd, 4318645.343, 137
Trd, 4318645.643, 138
Trd, 4318646.543, 130
Trd, 4318647.043, 133
Trd, 4318647.543, 121
Trd, 4318648.243, 136
Trd, 4318650.193, 120
Trd, 4318650.343, 109
Trd, 4318651.593, 116
Trd, 4318652.443, 95
Trd, 4318653.393, 139
Trd, 4318653.843, 130
Trd, 4318654.693, 132
Trd, 4318655.043, 111
Trd, 4318656.443, 137
Trd, 4318657.943, 106
Trd, 4318658.693, 122
Trd, 4318659.493, 121
Trd, 4318660.043, 89
Trd, 4318661.143, 128
Trd, 4318661.443, 99
Trd, 4318662.493, 136
Trd, 4318663.393, 118
Trd, 4318664.543, 114
Trd, 4318665.243, 140
Trd, 4318666.093, 130
Trd, 4318666.543, 122
Trd, 4318666.743, 119
Trd, 4318667.993, 118
Trd, 4318668.243, 102
Trd, 4318669.443, 139
Trd, 4318669.643, 131
Trd, 4318670.793, 99
Trd, 4318671.343, 94
Trd, 4318671.843, 106
Trd, 4318672.543, 135
Trd, 4318672.793, 123
Trd, 4318675.043, 137
Trd, 4318676.243, 112
Trd, 4318677.493, 137
Trd, 4318678.343, 99
Trd, 4318679.443, 104
Trd, 4318679.993, 96
Trd, 4318682.493, 132
Trd, 4318683.193, 118
Trd, 4318683.843, 113
Trd, 4318684.193, 127
Trd, 4318684.443, 89
Trd, 4318685.143, 113
Trd, 4318685.943, 78
Trd, 4318687.043, 112
Trd, 4318687.893, 125
Trd, 4318687.943, 134
Trd, 4318688.043, 116
Trd, 4318688.693, 137
Trd, 4318688.843, 108
Trd, 4318688.893, 101
Trd, 4318689.593, 121
Trd, 4318689.693, 85
Trd, 4318694.143, 131
Trd, 4318694.293, 122
Trd, 4318695.193, 118
Trd, 4318696.593, 118
Trd, 4318697.293, 104
Trd, 4318698.643, 140
Trd, 4318699.393, 127
Trd, 4318699.593, 125
Trd, 4318700.393, 101
Trd, 4318700.643, 135
Trd, 4318701.593, 101
Trd, 4318702.443, 136
Trd, 4318703.243, 103
Trd, 4318703.393, 130
Trd, 4318704.143, 140
Trd, 4318704.543, 135
Trd, 4318704.993, 86
Trd, 4318706.193, 63
Trd, 4318707.793, 97
Trd, 4318707.893, 91
Trd, 4318708.443, 100
Trd, 4318708.543, 116
Trd, 4318708.943, 78
Trd, 4318709.693, 87
Trd, 4318711.293, 138
Trd, 4318712.293, 127
Trd, 4318713.293, 119
Trd, 4318714.143, 109
Trd, 4318714.343, 86
Trd, 4318714.543, 84
Trd, 4318716.243, 132
Trd, 4318716.743, 88
Trd, 4318717.043, 112
Trd, 4318717.943, 134
Trd, 4318718.643, 135
Trd, 4318720.843, 136
Trd, 4318721.443, 109
Trd, 4318722.193, 139
Trd, 4318722.843, 133
Trd, 4318723.443, 121
Trd, 4318724.993, 131
Trd, 4318726.093, 138
Trd, 4318726.693, 140
Trd, 4318727.593, 135
Trd, 4318728.143, 119
Trd, 4318728.743, 130
Trd, 4318729.693, 131
Trd, 4318730.493, 137
Trd, 4318731.443, 132
Trd, 4318732.143, 129
Trd, 4318733.193, 130
Trd, 4318734.593, 119
Trd, 4318734.793, 111
Trd, 4318734.993, 108
Trd, 4318735.893, 108
Trd, 4318736.043, 120
Trd, 4318736.443, 120
Trd, 4318736.743, 105
Trd, 4318737.993, 81
Trd, 4318738.493, 99
Trd, 4318738.643, 66
Trd, 4318739.193, 108
Trd, 4318739.493, 69
Trd, 4318739.643, 118
Trd, 4318741.443, 119
Trd, 4318742.943, 79
Trd, 4318743.343, 83
Trd, 4318744.643, 139
Trd, 4318745.143, 113
Trd, 4318745.893, 124
Trd, 4318747.043, 140
Trd, 4318747.093, 122
Trd, 4318748.243, 136
Trd, 4318748.643, 140
Trd, 4318749.243, 123
Trd, 4318749.643, 118
Trd, 4318750.993, 139
Trd, 4318751.643, 121
Trd, 4318751.893, 120
Trd, 4318752.693, 138
Trd, 4318753.093, 101
Trd, 4318754.093, 93
Trd, 4318756.143, 104
Trd, 4318756.743, 123
Trd, 4318756.793, 115
Trd, 4318757.443, 91
Trd, 4318757.943, 128
Trd, 4318759.443, 120
Trd, 4318759.993, 115
Trd, 4318760.843, 123
Trd, 4318761.143, 114
Trd, 4318762.493, 122
Trd, 4318762.643, 82
Trd, 4318763.643, 137
Trd, 4318765.493, 107
Trd, 4318765.893, 129
Trd, 4318767.043, 139
Trd, 4318767.143, 125
Trd, 4318767.493, 140
Trd, 4318768.443, 99
Trd, 4318768.843, 85
Trd, 4318768.993, 106
Trd, 4318770.593, 91
Trd, 4318770.893, 107
Trd, 4318772.243, 77
Trd, 4318773.243, 76
Trd, 4318773.493, 89
Trd, 4318773.543, 90
Trd, 4318774.793, 99
Trd, 4318774.993, 86
Trd, 4318776.343, 89
Trd, 4318777.793, 116
Trd, 4318778.543, 119
Trd, 4318778.993, 118
Trd, 4318780.093, 136
Trd, 4318781.193, 66
Trd, 4318782.593, 98
Trd, 4318782.643, 124
Trd, 4318782.943, 104
Trd, 4318783.293, 111
Trd, 4318784.243, 114
Trd, 4318784.793, 138
Trd, 4318785.293, 114
Trd, 4318786.743, 132
Trd, 4318787.643, 81
Trd, 4318787.843, 117
Trd, 4318788.743, 137
Trd, 4318790.243, 135
Trd, 4318793.643, 134
Trd, 4318794.043, 132
Trd, 4318794.543, 121
Trd, 4318794.693, 133
Trd, 4318794.943, 118
Trd, 4318795.393, 74
Trd, 4318795.743, 72
Trd, 4318795.893, 121
Trd, 4318798.143, 111
Trd, 4318799.493, 112
Trd, 4318800.193, 83
Trd, 4318800.893, 83
Trd, 4318800.993, 101
Trd, 4318802.543, 134
Trd, 4318803.443, 130
Trd, 4318803.493, 120
Trd, 4318804.443, 105
Trd, 4318804.643, 83
Trd, 4318804.993, 130
Trd, 4318806.743, 131
Trd, 4318808.093, 107
Trd, 4318809.443, 118
Trd, 4318809.943, 114
Trd, 4318810.343, 122
Trd, 4318811.243, 126
Trd, 4318812.743, 127
Trd, 4318813.493, 119
Trd, 4318814.043, 136
Trd, 4318815.893, 113
Trd, 4318816.493, 135
Trd, 4318817.093, 123
Trd, 4318818.343, 139
Trd, 4318818.493, 133
Trd, 4318819.193, 133
Trd, 4318819.393, 89
Trd, 4318820.893, 135
Trd, 4318822.093, 117
Trd, 4318823.243, 120
Trd, 4318824.343, 131
Trd, 4318824.693, 139
Trd, 4318824.893, 136
Trd, 4318825.243, 112
Trd, 4318826.293, 115
Trd, 4318827.193, 71
Trd, 4318828.543, 125
Trd, 4318829.243, 137
Trd, 4318830.293, 134
Trd, 4318831.093, 94
Trd, 4318831.543, 102
Trd, 4318831.643, 112
Trd, 4318832.743, 139
Trd, 4318834.693, 115
Trd, 4318834.993, 102
Trd, 4318835.793, 110
Trd, 4318835.893, 131
Trd, 4318836.343, 120
Trd, 4318836.643, 114
Trd, 4318838.893, 133
Trd, 4318839.743, 118
Trd, 4318840.193, 104
Trd, 4318841.293, 106
Trd, 4318842.393, 129
Trd, 4318842.443, 128
Trd, 4318843.343, 113
Trd, 4318844.643, 115
Trd, 4318844.943, 77
Trd, 4318845.443, 130
Trd, 4318845.493, 117
Trd, 4318845.793, 128
Trd, 4318846.993, 137
Trd, 4318847.293, 136
Trd, 4318848.543, 137
Trd, 4318849.943, 140
Trd, 4318850.193, 113
Trd, 4318850.643, 114
Trd, 4318850.843, 110
Trd, 4318851.993, 116
Trd, 4318852.543, 131
Trd, 4318855.793, 139
Trd, 4318856.593, 134
Trd, 4318857.043, 140
Trd, 4318857.143, 123
Trd, 4318858.093, 127
Trd, 4318858.893, 81
Trd, 4318859.643, 119
Trd, 4318859.993, 79
Trd, 4318860.193, 97
Trd, 4318860.543, 77
Trd, 4318861.293, 84
Trd, 4318862.593, 114
Trd, 4318862.993, 116
Trd, 4318864.143, 120
Trd, 4318864.893, 124
Trd, 4318865.493, 129
Trd, 4318866.343, 98
Trd, 4318867.093, 136
Trd, 4318867.543, 122
Trd, 4318868.143, 107
Trd, 4318868.443, 94
Trd, 4318868.843, 102
Trd, 4318869.393, 96
Trd, 4318871.143, 62
Trd, 4318871.593, 124
Trd, 4318872.093, 107
Trd, 4318872.443, 102
Trd, 4318873.193, 99
Trd, 4318873.543, 100
Trd, 4318875.293, 100
Trd, 4318875.693, 96
Trd, 4318875.793, 84
Trd, 4318876.293, 107
Trd, 4318876.643, 139
Trd, 4318877.243, 133
Trd, 4318878.143, 99
Trd, 4318879.443, 88
Trd, 4318879.993, 131
Trd, 4318880.593, 91
Trd, 4318881.343, 112
Trd, 4318881.893, 110
Trd, 4318882.893, 82
Trd, 4318884.543, 131
Trd, 4318885.293, 125
Trd, 4318885.543, 129
Trd, 4318888.743, 112
Trd, 4318888.793, 74
Trd, 4318890.243, 107
Trd, 4318890.693, 105
Trd, 4318890.843, 122
Trd, 4318891.093, 85
Trd, 4318891.243, 72
Trd, 4318891.743, 109
Trd, 4318892.593, 110
Trd, 4318893.143, 88
Trd, 4318893.793, 112
Trd, 4318896.293, 91
Trd, 4318897.743, 129
Trd, 4318898.843, 133
Trd, 4318900.093, 139
Trd, 4318900.493, 115
Trd, 4318900.593, 93
Trd, 4318900.993, 77
Trd, 4318901.193, 86
Trd, 4318902.093, 121
Trd, 4318902.693, 120
Trd, 4318903.393, 113
Trd, 4318903.543, 71
Trd, 4318903.943, 120
Trd, 4318907.343, 102
Trd, 4318907.893, 124
Trd, 4318908.243, 113
Trd, 4318908.343, 101
Trd, 4318909.193, 132
Trd, 4318909.993, 126
Trd, 4318910.243, 140
Trd, 4318911.143, 136
Trd, 4318912.993, 119
Trd, 4318913.143, 107
Trd, 4318915.493, 123
Trd, 4318915.893, 71
Trd, 4318916.443, 80
Trd, 4318917.593, 93
Trd, 4318918.393, 117
Trd, 4318918.943, 139
Trd, 4318919.293, 112
Trd, 4318921.093, 138
Trd, 4318921.193, 133
Trd, 4318921.593, 120
Trd, 4318923.043, 126
Trd, 4318923.793, 114
Trd, 4318923.843, 111
Trd, 4318924.193, 130
Trd, 4318926.293, 133
Trd, 4318927.693, 137
Trd, 4318928.093, 140
Trd, 4318928.393, 120
Trd, 4318928.693, 83
Trd, 4318929.343, 137
Trd, 4318929.893, 110
Trd, 4318930.943, 108
Trd, 4318931.393, 104
Trd, 4318932.193, 138
Trd, 4318933.543, 105
Trd, 4318934.893, 115
Trd, 4318934.993, 104
Trd, 4318936.093, 101
Trd, 4318936.443, 98
Trd, 4318938.243, 126
Trd, 4318939.443, 124
Trd, 4318939.643, 116
Trd, 4318940.743, 69
Trd, 4318942.543, 136
Trd, 4318942.593, 122
Trd, 4318944.243, 114
Trd, 4318946.743, 128
Trd, 4318947.043, 131
Trd, 4318947.293, 121
Trd, 4318947.643, 109
Trd, 4318948.293, 131
Trd, 4318949.443, 124
Trd, 4318949.793, 139
Trd, 4318951.293, 137
Trd, 4318951.493, 122
Trd, 4318951.993, 134
Trd, 4318952.443, 126
Trd, 4318953.493, 140
Trd, 4318955.093, 105
Trd, 4318956.093, 114
Trd, 4318956.943, 95
Trd, 4318957.593, 129
Trd, 4318958.543, 124
Trd, 4318959.793, 137
Trd, 4318960.093, 112
Trd, 4318960.593, 125
Trd, 4318961.593, 132
Trd, 4318962.043, 118
Trd, 4318962.193, 95
Trd, 4318962.593, 127
Trd, 4318963.443, 140
Trd, 4318964.943, 133
Trd, 4318965.993, 102
Trd, 4318966.943, 133
Trd, 4318967.893, 124
Trd, 4318969.143, 127
Trd, 4318970.643, 134
Trd, 4318972.543, 115
Trd, 4318972.693, 113
Trd, 4318973.243, 122
Trd, 4318973.443, 111
Trd, 4318973.993, 111
Trd, 4318974.443, 123
Trd, 4318978.043, 134
Trd, 4318978.393, 124
Trd, 4318979.293, 122
Trd, 4318979.443, 101
Trd, 4318979.943, 134
Trd, 4318980.893, 106
Trd, 4318981.693, 128
Trd, 4318983.093, 86
Trd, 4318983.143, 78
Trd, 4318983.193, 95
Trd, 4318985.193, 138
Trd, 4318985.593, 106
Trd, 4318986.543, 117
Trd, 4318987.143, 113
Trd, 4318987.593, 130
Trd, 4318988.393, 137
Trd, 4318988.843, 109
Trd, 4318989.693, 82
Trd, 4318990.143, 115
Trd, 4318990.343, 87
Trd, 4318991.293, 87
Trd, 4318992.093, 89
Trd, 4318993.043, 117
Trd, 4318993.493, 121
Trd, 4318994.993, 102
Trd, 4318995.543, 115
Trd, 4318995.993, 102
Trd, 4318998.743, 133
Trd, 4318998.993, 127
Trd, 4318999.193, 124
Trd, 4318999.393, 111
Trd, 4319000.193, 138
Trd, 4319000.343, 105
Trd, 4319001.843, 104
Trd, 4319002.143, 119
Trd, 4319002.893, 127
Trd, 4319003.593, 126
Trd, 4319004.343, 102
Trd, 4319004.743, 132
Trd, 4319004.893, 96
Trd, 4319006.193, 140
Trd, 4319007.693, 86
Trd, 4319008.743, 124
Trd, 4319009.093, 138
Trd, 4319010.643, 118
Trd, 4319010.843, 81
Trd, 4319011.593, 110
Trd, 4319011.993, 128
Trd, 4319012.443, 116
Trd, 4319013.593, 122
Trd, 4319014.043, 134
Trd, 4319015.193, 133
Trd, 4319015.543, 110
Trd, 4319015.993, 77
Trd, 4319016.293, 89
Trd, 4319017.343, 120
Trd, 4319017.443, 77
Trd, 4319018.793, 73
Trd, 4319019.593, 96
Trd, 4319019.893, 114
Trd, 4319020.043, 140
Trd, 4319021.693, 136
Trd, 4319022.543, 105
Trd, 4319023.293, 115
Trd, 4319025.393, 134
Trd, 4319026.343, 126
Trd, 4319026.893, 124
Trd, 4319027.843, 123
Trd, 4319028.043, 122
Trd, 4319028.343, 130
Trd, 4319029.993, 136
Trd, 4319030.093, 129
Trd, 4319031.093, 94
Trd, 4319031.843, 87
Trd, 4319033.393, 116
Trd, 4319034.293, 133
Trd, 4319034.443, 110
Trd, 4319036.243, 122
Trd, 4319036.893, 114
Trd, 4319038.793, 134
Trd, 4319038.943, 133
Trd, 4319040.493, 136
Trd, 4319042.093, 130
Trd, 4319042.393, 92
Trd, 4319042.443, 121
Trd, 4319043.543, 133
Trd, 4319044.643, 92
Trd, 4319045.493, 122
Trd, 4319046.993, 120
Trd, 4319047.293, 108
Trd, 4319047.943, 121
Trd, 4319047.993, 101
Trd, 4319048.543, 122
Trd, 4319051.593, 138
Trd, 4319051.743, 134
Trd, 4319051.993, 119
Trd, 4319052.893, 140
Trd, 4319052.943, 116
Trd, 4319055.943, 127
Trd, 4319056.043, 120
Trd, 4319057.393, 136
Trd, 4319057.643, 120
Trd, 4319058.693, 136
Trd, 4319058.743, 117
Trd, 4319059.543, 131
Trd, 4319059.993, 136
Trd, 4319060.743, 117
Trd, 4319061.393, 106
Trd, 4319062.293, 117
Trd, 4319062.593, 93
Trd, 4319062.743, 87
Trd, 4319063.443, 125
Trd, 4319064.293, 140
Trd, 4319064.343, 128
Trd, 4319064.493, 119
Trd, 4319066.593, 119
Trd, 4319067.243, 131
Trd, 4319069.793, 117
Trd, 4319070.293, 115
Trd, 4319071.243, 101
Trd, 4319072.593, 85
Trd, 4319073.443, 116
Trd, 4319073.993, 134
Trd, 4319074.043, 105
Trd, 4319075.193, 121
Trd, 4319075.243, 102
Trd, 4319075.943, 99
Trd, 4319076.043, 88
Trd, 4319076.693, 140
Trd, 4319077.643, 97
Trd, 4319077.793, 79
Trd, 4319078.693, 138
Trd, 4319081.143, 127
Trd, 4319081.293, 124
Trd, 4319081.793, 115
Trd, 4319082.193, 106
Trd, 4319083.243, 95
Trd, 4319084.143, 130
Trd, 4319084.193, 101
Trd, 4319084.693, 116
Trd, 4319086.443, 126
Trd, 4319087.443, 108
Trd, 4319087.593, 128
Trd, 4319088.043, 135
Trd, 4319089.843, 133
Trd, 4319090.143, 97
Trd, 4319090.693, 133
Trd, 4319090.843, 117
Trd, 4319091.693, 98
Trd, 4319092.443, 136
Trd, 4319093.093, 134
Trd, 4319093.193, 124
Trd, 4319094.743, 110
Trd, 4319095.593, 113
Trd, 4319096.593, 118
Trd, 4319098.443, 127
Trd, 4319098.743, 124
Trd, 4319099.093, 115
Trd, 4319099.193, 101
Trd, 4319099.893, 91
Trd, 4319099.993, 95
Trd, 4319101.243, 131
Trd, 4319101.943, 130
Trd, 4319102.493, 112
Trd, 4319103.743, 126
Trd, 4319104.843, 136
Trd, 4319105.393, 75
Trd, 4319106.543, 117
Trd, 4319107.893, 119
Trd, 4319108.043, 110
Trd, 4319109.243, 113
Trd, 4319109.593, 121
Trd, 4319110.643, 102
Trd, 4319110.993, 120
Trd, 4319111.443, 96
Trd, 4319113.743, 138
Trd, 4319113.993, 131
Trd, 4319114.693, 132
Trd, 4319114.793, 103
Trd, 4319115.143, 94
Trd, 4319115.693, 128
Trd, 4319116.193, 109
Trd, 4319116.393, 72
Trd, 4319118.593, 139
Trd, 4319119.643, 135
Trd, 4319120.643, 139
Trd, 4319121.893, 117
Trd, 4319122.543, 134
Trd, 4319123.793, 128
Trd, 4319124.643, 126
Trd, 4319124.943, 123
Trd, 4319126.043, 122
Trd, 4319127.793, 133
Trd, 4319128.793, 126
Trd, 4319129.143, 127
Trd, 4319129.293, 124
Trd, 4319130.143, 104
Trd, 4319130.493, 78
Trd, 4319131.293, 125
Trd, 4319132.743, 118
Trd, 4319133.593, 111
Trd, 4319134.393, 129
Trd, 4319137.043, 139
Trd, 4319137.243, 136
Trd, 4319137.443, 113
Trd, 4319138.243, 119
Trd, 4319138.943, 138
Trd, 4319139.543, 103
Trd, 4319139.593, 101
Trd, 4319140.043, 107
Trd, 4319140.693, 108
Trd, 4319142.743, 88
Trd, 4319143.893, 120
Trd, 4319144.543, 137
Trd, 4319145.443, 136
Trd, 4319145.993, 132
Trd, 4319146.293, 131
Trd, 4319146.843, 127
Trd, 4319149.343, 125
Trd, 4319150.143, 134
Trd, 4319151.293, 140
Trd, 4319151.743, 136
Trd, 4319151.893, 132
Trd, 4319151.993, 113
Trd, 4319152.893, 102
Trd, 4319153.943, 125
Trd, 4319155.943, 140
Trd, 4319157.043, 128
Trd, 4319157.443, 129
Trd, 4319158.943, 118
Trd, 4319159.143, 104
Trd, 4319159.293, 98
Trd, 4319159.343, 91
Trd, 4319161.243, 139
Trd, 4319161.943, 137
Trd, 4319162.943, 123
Trd, 4319162.993, 120
Trd, 4319163.443, 109
Trd, 4319164.693, 109
Trd, 4319165.243, 132
Trd, 4319166.493, 97
Trd, 4319166.943, 105
Trd, 4319167.143, 136
Trd, 4319169.093, 137
Trd, 4319169.543, 118
Trd, 4319170.793, 120
Trd, 4319170.843, 111
Trd, 4319170.893, 94
Trd, 4319172.393, 105
Trd, 4319172.743, 110
Trd, 4319173.643, 135
Trd, 4319173.693, 125
Trd, 4319174.793, 90
Trd, 4319175.793, 94
Trd, 4319176.893, 133
Trd, 4319178.443, 136
Trd, 4319178.543, 133
Trd, 4319178.593, 125
Trd, 4319179.743, 136
Trd, 4319181.193, 137
Trd, 4319182.293, 130
Trd, 4319183.093, 127
Trd, 4319183.193, 110
Trd, 4319184.043, 133
Trd, 4319184.143, 110
Trd, 4319184.243, 100
Trd, 4319185.193, 130
Trd, 4319186.043, 108
Trd, 4319186.693, 140
Trd, 4319187.493, 117
Trd, 4319190.593, 137
Trd, 4319191.543, 127
Trd, 4319192.393, 126
Trd, 4319192.443, 125
Trd, 4319192.593, 105
Trd, 4319194.993, 113
Trd, 4319195.293, 139
Trd, 4319195.993, 110
Trd, 4319196.693, 121
Trd, 4319197.643, 101
Trd, 4319198.343, 117
Trd, 4319198.443, 113
Trd, 4319198.893, 85
Trd, 4319199.393, 120
Trd, 4319200.293, 106
Trd, 4319201.343, 114
Trd, 4319201.643, 135
Trd, 4319201.943, 105
Trd, 4319202.293, 115
Trd, 4319202.493, 109
Trd, 4319203.293, 71
Trd, 4319205.443, 133
Trd, 4319205.643, 120
Trd, 4319206.343, 107
Trd, 4319208.193, 137
Trd, 4319208.243, 134
Trd, 4319208.793, 134
Trd, 4319209.193, 91
Trd, 4319209.693, 95
Trd, 4319210.543, 102
Trd, 4319210.693, 93
Trd, 4319211.593, 109
Trd, 4319211.843, 86
Trd, 4319214.643, 140
Trd, 4319214.993, 111
Trd, 4319216.193, 127
Trd, 4319216.443, 126
Trd, 4319216.943, 95
Trd, 4319218.343, 127
Trd, 4319218.643, 138
Trd, 4319219.693, 136
Trd, 4319219.743, 131
Trd, 4319219.893, 101
Trd, 4319220.793, 135
Trd, 4319221.693, 117
Trd, 4319221.843, 90
Trd, 4319221.893, 67
Trd, 4319222.943, 97
Trd, 4319223.443, 139
Trd, 4319223.843, 114
Trd, 4319224.493, 138
Trd, 4319225.343, 72
Trd, 4319227.093, 64
Trd, 4319227.593, 112
Trd, 4319228.143, 111
Trd, 4319228.993, 133
Trd, 4319229.993, 110
Trd, 4319231.443, 73
Trd, 4319232.443, 93
Trd, 4319232.843, 95
Trd, 4319233.243, 94
Trd, 4319233.643, 110
Trd, 4319234.343, 107
Trd, 4319235.193, 134
Trd, 4319235.843, 127
Trd, 4319238.393, 132
Trd, 4319238.493, 121
Trd, 4319239.043, 118
Trd, 4319240.393, 106
Trd, 4319240.943, 130
Trd, 4319241.943, 139
Trd, 4319242.043, 113
Trd, 4319242.343, 128
Trd, 4319242.893, 94
Trd, 4319244.343, 139
Trd, 4319244.493, 129
Trd, 4319244.943, 130
Trd, 4319246.393, 105
Trd, 4319246.943, 95
Trd, 4319247.443, 89
Trd, 4319249.193, 133
Trd, 4319249.643, 108
Trd, 4319250.693, 95
Trd, 4319251.093, 101
Trd, 4319251.793, 94
Trd, 4319252.693, 128
Trd, 4319254.043, 94
Trd, 4319254.543, 117
Trd, 4319254.993, 114
Trd, 4319255.593, 109
Trd, 4319256.043, 121
Trd, 4319257.843, 127
Trd, 4319258.793, 139
Trd, 4319260.493, 129
Trd, 4319260.693, 102
Trd, 4319261.093, 135
Trd, 4319261.193, 129
Trd, 4319263.193, 96
Trd, 4319263.643, 130
Trd, 4319264.343, 131
Trd, 4319265.443, 134
Trd, 4319266.043, 121
Trd, 4319266.393, 86
Trd, 4319266.593, 82
Trd, 4319267.543, 76
Trd, 4319268.193, 100
Trd, 4319268.643, 64
Trd, 4319268.743, 107
Trd, 4319269.893, 121
Trd, 4319270.343, 78
Trd, 4319271.443, 136
Trd, 4319271.493, 137
Trd, 4319273.043, 97
Trd, 4319273.793, 135
Trd, 4319274.343, 135
Trd, 4319274.443, 109
Trd, 4319276.343, 134
Trd, 4319276.943, 132
Trd, 4319277.093, 130
Trd, 4319279.043, 124
Trd, 4319279.143, 122
Trd, 4319279.843, 106
Trd, 4319280.193, 88
Trd, 4319280.443, 111
Trd, 4319280.943, 99
Trd, 4319282.493, 122
Trd, 4319284.243, 140
Trd, 4319285.043, 124
Trd, 4319286.143, 131
Trd, 4319287.043, 137
Trd, 4319287.943, 109
Trd, 4319288.593, 109
Trd, 4319288.843, 133
Trd, 4319289.443, 97
Trd, 4319289.643, 80
Trd, 4319289.893, 97
Trd, 4319290.293, 95
Trd, 4319291.643, 138
Trd, 4319291.893, 137
Trd, 4319292.743, 132
Trd, 4319294.443, 94
Trd, 4319295.593, 78
Trd, 4319295.743, 101
Trd, 4319297.293, 99
Trd, 4319297.593, 120
Trd, 4319298.393, 134
Trd, 4319298.543, 113
Trd, 4319299.443, 95
Trd, 4319300.143, 125
Trd, 4319300.843, 132
Trd, 4319301.293, 139
Trd, 4319301.593, 125
Trd, 4319301.893, 95
Trd, 4319302.093, 88
Trd, 4319303.393, 132
Trd, 4319303.543, 114
Trd, 4319304.443, 116
Trd, 4319305.043, 134
Trd, 4319305.843, 115
Trd, 4319306.893, 119
Trd, 4319307.043, 88
Trd, 4319308.093, 114
Trd, 4319309.043, 102
Trd, 4319309.993, 125
Trd, 4319311.893, 119
Trd, 4319313.093, 108
Trd, 4319313.493, 101
Trd, 4319313.643, 117
Trd, 4319313.793, 90
Trd, 4319314.693, 80
Trd, 4319316.193, 80
Trd, 4319316.793, 140
Trd, 4319317.493, 133
Trd, 4319317.643, 121
Trd, 4319318.293, 89
Trd, 4319320.043, 138
Trd, 4319320.093, 118
Trd, 4319321.243, 72
Trd, 4319321.643, 118
Trd, 4319322.243, 131
Trd, 4319322.493, 131
Trd, 4319323.293, 127
Trd, 4319323.343, 118
Trd, 4319324.743, 124
Trd, 4319324.943, 110
Trd, 4319325.043, 109
Trd, 4319325.243, 124
Trd, 4319325.943, 137
Trd, 4319326.343, 83
Trd, 4319328.293, 91
Trd, 4319328.943, 140
Trd, 4319329.343, 104
Trd, 4319331.293, 132
Trd, 4319332.193, 131
Trd, 4319333.393, 138
Trd, 4319334.493, 131
Trd, 4319334.943, 120
Trd, 4319335.443, 131
Trd, 4319335.643, 137
Trd, 4319335.693, 106
Trd, 4319336.343, 61
Trd, 4319337.243, 92
Trd, 4319337.743, 88
Trd, 4319338.193, 82
Trd, 4319338.843, 109
Trd, 4319339.743, 100
Trd, 4319340.293, 123
Trd, 4319342.743, 69
Trd, 4319343.093, 83
Trd, 4319344.243, 86
Trd, 4319344.393, 94
Trd, 4319346.143, 98
Trd, 4319346.893, 129
Trd, 4319347.943, 91
Trd, 4319348.693, 112
Trd, 4319349.543, 113
Trd, 4319350.143, 103
Trd, 4319350.943, 134
Trd, 4319351.393, 124
Trd, 4319351.893, 128
Trd, 4319354.243, 124
Trd, 4319356.093, 140
Trd, 4319357.593, 132
Trd, 4319357.643, 127
Trd, 4319357.693, 110
Trd, 4319357.993, 130
Trd, 4319358.243, 112
Trd, 4319358.593, 135
Trd, 4319362.143, 110
Trd, 4319362.443, 132
Trd, 4319363.093, 118
Trd, 4319363.843, 125
Trd, 4319364.493, 71
Trd, 4319364.843, 106
Trd, 4319365.043, 106
Trd, 4319365.893, 134
Trd, 4319366.093, 132
Trd, 4319367.093, 111
Trd, 4319367.493, 135
Trd, 4319367.843, 104
Trd, 4319368.643, 106
Trd, 4319368.943, 93
Trd, 4319369.243, 61
Trd, 4319370.043, 119
Trd, 4319371.093, 129
Trd, 4319372.043, 115
Trd, 4319372.793, 87
Trd, 4319373.243, 110
Trd, 4319373.443, 105
Trd, 4319373.843, 109
Trd, 4319374.093, 79
Trd, 4319374.293, 133
Trd, 4319375.443, 98
Trd, 4319376.593, 133
Trd, 4319376.693, 131
Trd, 4319377.743, 122
Trd, 4319379.043, 140
Trd, 4319379.693, 103
Trd, 4319379.943, 75
Trd, 4319380.543, 108
Trd, 4319380.893, 93
Trd, 4319381.443, 116
Trd, 4319382.293, 99
Trd, 4319382.943, 119
Trd, 4319384.143, 71
Trd, 4319385.543, 82
Trd, 4319386.643, 113
Trd, 4319386.993, 121
Trd, 4319388.893, 108
Trd, 4319389.093, 125
Trd, 4319389.843, 117
Trd, 4319390.143, 87
Trd, 4319391.093, 135
Trd, 4319392.193, 130
Trd, 4319393.493, 132
Trd, 4319394.193, 120
Trd, 4319394.343, 118
Trd, 4319395.543, 110
Trd, 4319396.993, 136
Trd, 4319397.693, 123
Trd, 4319398.243, 109
Trd, 4319398.893, 82
Trd, 4319399.943, 138
Trd, 4319400.643, 118
Trd, 4319400.893, 134
Trd, 4319403.193, 138
Trd, 4319403.293, 124
Trd, 4319404.743, 132
Trd, 4319405.893, 95
Trd, 4319407.093, 89
Trd, 4319407.343, 93
Trd, 4319407.793, 108
Trd, 4319408.843, 124
Trd, 4319409.093, 105
Trd, 4319410.643, 140
Trd, 4319414.493, 109
Trd, 4319414.993, 120
Trd, 4319415.443, 122
Trd, 4319415.743, 129
Trd, 4319416.143, 117
Trd, 4319416.793, 107
Trd, 4319417.393, 121
Trd, 4319419.993, 138
Trd, 4319420.393, 113
Trd, 4319420.643, 128
Trd, 4319420.893, 137
Trd, 4319422.493, 136
Trd, 4319423.443, 129
Trd, 4319423.593, 108
Trd, 4319423.693, 93
Trd, 4319424.293, 139
Trd, 4319426.243, 135
Trd, 4319427.093, 123
Trd, 4319427.943, 122
Trd, 4319428.743, 114
Trd, 4319429.743, 134
Trd, 4319430.143, 95
Trd, 4319431.043, 124
Trd, 4319431.293, 139
Trd, 4319433.693, 114
Trd, 4319433.993, 138
Trd, 4319435.043, 114
Trd, 4319436.493, 111
Trd, 4319437.693, 119
Trd, 4319438.093, 119
Trd, 4319438.643, 130
Trd, 4319439.093, 134
Trd, 4319439.493, 83
Trd, 4319441.243, 133
Trd, 4319441.393, 126
Trd, 4319441.943, 100
Trd, 4319443.393, 112
Trd, 4319444.493, 139
Trd, 4319444.893, 110
Trd, 4319446.043, 129
Trd, 4319446.543, 116
Trd, 4319446.643, 129
Trd, 4319447.293, 108
Trd, 4319449.443, 101
Trd, 4319449.743, 113
Trd, 4319450.593, 106
Trd, 4319450.993, 116
Trd, 4319451.793, 126
Trd, 4319452.043, 110
Trd, 4319452.893, 118
Trd, 4319454.343, 134
Trd, 4319455.593, 120
Trd, 4319455.843, 83
Trd, 4319456.043, 112
Trd, 4319456.793, 91
Trd, 4319457.943, 135
Trd, 4319458.493, 125
Trd, 4319458.843, 139
Trd, 4319460.093, 113
Trd, 4319460.643, 104
Trd, 4319461.843, 125
Trd, 4319462.593, 135
Trd, 4319463.193, 116
Trd, 4319463.243, 90
Trd, 4319465.893, 130
Trd, 4319466.093, 129
Trd, 4319466.193, 110
Trd, 4319466.943, 140
Trd, 4319468.643, 140
Trd, 4319469.743, 135
Trd, 4319470.493, 103
Trd, 4319470.593, 111
Trd, 4319471.593, 132
Trd, 4319471.893, 100
Trd, 4319472.393, 137
Trd, 4319473.043, 123
Trd, 4319474.393, 130
Trd, 4319474.993, 116
Trd, 4319476.843, 118
Trd, 4319477.293, 122
Trd, 4319478.443, 72
Trd, 4319478.643, 112
Trd, 4319479.043, 108
Trd, 4319479.143, 131
Trd, 4319481.693, 122
Trd, 4319482.593, 119
Trd, 4319482.943, 88
Trd, 4319484.743, 130
Trd, 4319484.893, 108
Trd, 4319485.043, 137
Trd, 4319486.643, 123
Trd, 4319486.993, 120
Trd, 4319487.743, 107
Trd, 4319489.043, 96
Trd, 4319489.343, 128
Trd, 4319489.893, 111
Trd, 4319491.943, 138
Trd, 4319492.893, 110
Trd, 4319493.443, 86
Trd, 4319493.843, 81
Trd, 4319494.693, 106
Trd, 4319495.443, 129
Trd, 4319496.943, 133
Trd, 4319497.793, 70
Trd, 4319498.793, 127
Trd, 4319499.793, 95
Trd, 4319499.993, 112
Trd, 4319500.543, 114
Trd, 4319501.543, 140
Trd, 4319501.593, 123
Trd, 4319501.793, 89
Trd, 4319502.493, 108
Trd, 4319503.943, 105
Trd, 4319504.443, 127
Trd, 4319504.693, 88
Trd, 4319506.843, 131
Trd, 4319507.743, 137
Trd, 4319508.243, 130
Trd, 4319508.843, 114
Trd, 4319509.293, 86
Trd, 4319511.543, 135
Trd, 4319512.293, 118
Trd, 4319513.093, 139
Trd, 4319513.143, 103
Trd, 4319514.593, 137
Trd, 4319514.693, 123
Trd, 4319515.043, 98
Trd, 4319516.793, 121
Trd, 4319518.893, 139
Trd, 4319519.293, 139
Trd, 4319519.593, 124
Trd, 4319519.843, 105
Trd, 4319521.643, 124
Trd, 4319521.743, 118
Trd, 4319522.893, 130
Trd, 4319523.343, 108
Trd, 4319523.743, 89
Trd, 4319524.843, 112
Trd, 4319525.693, 111
Trd, 4319526.643, 104
Trd, 4319526.843, 138
Trd, 4319526.893, 77
Trd, 4319527.143, 136
Trd, 4319527.493, 127
Trd, 4319528.043, 110
Trd, 4319528.843, 109
Trd, 4319531.393, 97
Trd, 4319531.793, 124
Trd, 4319532.993, 103
Trd, 4319534.343, 124
Trd, 4319534.693, 138
Trd, 4319534.743, 117
Trd, 4319535.893, 137
Trd, 4319537.843, 138
Trd, 4319537.943, 90
Trd, 4319538.293, 106
Trd, 4319539.043, 117
Trd, 4319539.343, 89
Trd, 4319540.093, 113
Trd, 4319540.543, 102
Trd, 4319541.093, 113
Trd, 4319541.743, 133
Trd, 4319543.193, 107
Trd, 4319544.993, 97
Trd, 4319545.793, 112
Trd, 4319546.643, 139
Trd, 4319548.543, 138
Trd, 4319548.743, 125
Trd, 4319549.943, 136
Trd, 4319550.293, 115
Trd, 4319553.193, 138
Trd, 4319553.593, 81
Trd, 4319554.493, 91
Trd, 4319556.043, 138
Trd, 4319556.093, 132
Trd, 4319557.493, 126
Trd, 4319558.493, 69
Trd, 4319558.593, 115
Trd, 4319558.743, 79
Trd, 4319559.393, 117
Trd, 4319559.843, 109
Trd, 4319559.893, 105
Trd, 4319560.393, 110
Trd, 4319562.143, 125
Trd, 4319562.993, 116
Trd, 4319563.843, 109
Trd, 4319564.893, 133
Trd, 4319565.243, 116
Trd, 4319565.893, 95
Trd, 4319566.293, 119
Trd, 4319568.143, 119
Trd, 4319568.643, 134
Trd, 4319569.193, 94
Trd, 4319569.743, 112
Trd, 4319569.943, 127
Trd, 4319570.243, 129
Trd, 4319571.443, 125
Trd, 4319571.943, 117
Trd, 4319571.993, 114
Trd, 4319572.343, 104
Trd, 4319572.843, 118
Trd, 4319573.693, 101
Trd, 4319574.893, 124
Trd, 4319575.543, 113
Trd, 4319575.843, 136
Trd, 4319576.243, 105
Trd, 4319577.893, 84
Trd, 4319578.043, 95
Trd, 4319579.793, 128
Trd, 4319579.893, 110
Trd, 4319581.293, 108
Trd, 4319581.843, 93
Trd, 4319582.643, 124
Trd, 4319583.943, 123
Trd, 4319584.293, 122
Trd, 4319585.543, 138
Trd, 4319586.793, 130
Trd, 4319587.093, 95
Trd, 4319587.893, 126
Trd, 4319588.243, 124
Trd, 4319589.243, 128
Trd, 4319590.043, 127
Trd, 4319590.193, 122
Trd, 4319590.393, 121
Trd, 4319591.243, 130
Trd, 4319591.593, 113
Trd, 4319591.643, 86
Trd, 4319593.443, 73
Trd, 4319594.243, 108
Trd, 4319596.443, 129
Trd, 4319596.843, 130
Trd, 4319597.493, 136
Trd, 4319598.043, 140
Trd, 4319598.693, 127
Trd, 4319599.493, 136
Trd, 4319600.093, 125
Trd, 4319600.643, 105
Trd, 4319601.293, 99
Trd, 4319602.293, 124
Trd, 4319602.493, 128
Trd, 4319602.943, 122
Trd, 4319604.443, 131
Trd, 4319606.093, 139
Trd, 4319606.493, 137
Trd, 4319607.243, 139
Trd, 4319607.343, 130
Trd, 4319608.293, 139
Trd, 4319608.843, 125
Trd, 4319609.943, 126
Trd, 4319611.293, 123
Trd, 4319612.743, 131
Trd, 4319614.143, 136
Trd, 4319614.393, 113
Trd, 4319615.043, 126
Trd, 4319615.293, 119
Trd, 4319615.393, 87
Trd, 4319617.193, 122
Trd, 4319617.543, 91
Trd, 4319618.243, 139
Trd, 4319618.543, 103
Trd, 4319619.143, 68
Trd, 4319619.543, 117
Trd, 4319620.093, 112
Trd, 4319620.193, 80
Trd, 4319620.543, 84
Trd, 4319622.293, 129
Trd, 4319623.343, 124
Trd, 4319623.943, 121
Trd, 4319624.743, 128
Trd, 4319625.043, 134
Trd, 4319625.643, 125
Trd, 4319625.993, 119
Trd, 4319626.543, 136
Trd, 4319628.193, 93
Trd, 4319629.243, 126
Trd, 4319629.893, 97
Trd, 4319632.643, 128
Trd, 4319633.343, 129
Trd, 4319634.893, 130
Trd, 4319634.993, 129
Trd, 4319635.293, 131
Trd, 4319636.193, 98
Trd, 4319636.693, 113
Trd, 4319637.143, 118
Trd, 4319637.343, 110
Trd, 4319637.643, 120
Trd, 4319637.793, 96
Trd, 4319637.843, 74
Trd, 4319637.893, 123
Trd, 4319639.543, 84
Trd, 4319640.343, 113
Trd, 4319641.143, 113
Trd, 4319642.493, 120
Trd, 4319643.143, 116
Trd, 4319643.393, 114
Trd, 4319643.993, 100
Trd, 4319645.943, 136
Trd, 4319646.093, 130
Trd, 4319646.543, 89
Trd, 4319648.793, 126
Trd, 4319649.693, 98
Trd, 4319650.143, 111
Trd, 4319651.443, 124
Trd, 4319652.593, 121
Trd, 4319652.843, 115
Trd, 4319652.893, 113
Trd, 4319653.343, 125
Trd, 4319653.793, 140
Trd, 4319654.443, 138
Trd, 4319656.093, 138
Trd, 4319656.493, 108
Trd, 4319658.093, 134
Trd, 4319658.493, 133
Trd, 4319658.993, 88
Trd, 4319659.443, 77
Trd, 4319659.843, 108
Trd, 4319661.193, 63
Trd, 4319661.393, 97
Trd, 4319661.943, 68
Trd, 4319662.043, 98
Trd, 4319662.643, 68
Trd, 4319663.793, 96
Trd, 4319665.293, 124
Trd, 4319665.543, 107
Trd, 4319665.893, 61
Trd, 4319666.693, 114
Trd, 4319666.993, 98
Trd, 4319668.343, 124
Trd, 4319668.593, 115
Trd, 4319668.843, 109
Trd, 4319670.743, 133
Trd, 4319671.443, 137
Trd, 4319672.643, 114
Trd, 4319672.843, 138
Trd, 4319673.243, 138
Trd, 4319673.643, 94
Trd, 4319674.093, 107
Trd, 4319674.393, 92
Trd, 4319675.893, 132
Trd, 4319676.443, 106
Trd, 4319677.643, 135
Trd, 4319678.343, 105
Trd, 4319679.243, 76
Trd, 4319679.893, 116
Trd, 4319680.593, 116
Trd, 4319680.843, 102
Trd, 4319681.393, 127
Trd, 4319682.243, 107
Trd, 4319683.843, 99
Trd, 4319684.993, 98
Trd, 4319685.293, 109
Trd, 4319685.693, 109
Trd, 4319686.343, 135
Trd, 4319686.643, 105
Trd, 4319687.343, 102
Trd, 4319688.893, 100
Trd, 4319689.793, 113
Trd, 4319690.493, 109
Trd, 4319691.743, 115
Trd, 4319692.293, 99
Trd, 4319692.843, 120
Trd, 4319693.393, 117
Trd, 4319693.943, 94
Trd, 4319694.493, 117
Trd, 4319694.543, 92
Trd, 4319694.693, 90
Trd, 4319694.893, 87
Trd, 4319696.293, 67
Trd, 4319697.593, 97
Trd, 4319697.843, 128
Trd, 4319698.593, 123
Trd, 4319699.493, 103
Trd, 4319700.593, 102
Trd, 4319701.943, 140
Trd, 4319702.643, 134
Trd, 4319703.043, 130
Trd, 4319704.793, 128
Trd, 4319704.893, 123
Trd, 4319705.093, 121
Trd, 4319705.293, 114
Trd, 4319705.393, 105
Trd, 4319706.043, 69
Trd, 4319707.543, 103
Trd, 4319707.993, 78
Trd, 4319708.893, 106
Trd, 4319710.793, 110
Trd, 4319710.843, 99
Trd, 4319711.643, 99
Trd, 4319711.943, 82
Trd, 4319712.193, 82
Trd, 4319713.143, 80
Trd, 4319713.793, 129
Trd, 4319714.293, 127
Trd, 4319714.343, 120
Trd, 4319716.893, 115
Trd, 4319717.693, 116
Trd, 4319717.793, 92
Trd, 4319718.693, 112
Trd, 4319720.393, 136
Trd, 4319721.343, 138
Trd, 4319722.043, 131
Trd, 4319722.443, 128
Trd, 4319723.243, 127
Trd, 4319725.893, 125
Trd, 4319726.243, 133
Trd, 4319726.943, 124
Trd, 4319727.893, 109
Trd, 4319728.343, 129
Trd, 4319728.593, 120
Trd, 4319730.843, 86
Trd, 4319731.593, 121
Trd, 4319732.543, 130
Trd, 4319732.743, 103
Trd, 4319733.093, 102
Trd, 4319733.443, 106
Trd, 4319734.343, 136
Trd, 4319734.393, 94
Trd, 4319735.093, 115
Trd, 4319735.893, 74
Trd, 4319737.193, 91
Trd, 4319738.093, 93
Trd, 4319738.343, 112
Trd, 4319738.393, 90
Trd, 4319739.493, 99
Trd, 4319740.493, 94
Trd, 4319742.243, 112
Trd, 4319742.543, 109
Trd, 4319742.743, 104
Trd, 4319744.643, 137
Trd, 4319744.993, 123
Trd, 4319745.943, 102
Trd, 4319746.793, 121
Trd, 4319747.143, 102
Trd, 4319747.243, 119
Trd, 4319747.493, 97
Trd, 4319748.543, 134
Trd, 4319748.693, 88
Trd, 4319751.293, 117
Trd, 4319752.043, 77
Trd, 4319752.343, 77
Trd, 4319753.693, 137
Trd, 4319754.193, 139
Trd, 4319755.993, 131
Trd, 4319756.293, 138
Trd, 4319756.543, 98
Trd, 4319757.893, 72
Trd, 4319758.443, 130
Trd, 4319760.493, 119
Trd, 4319761.193, 121
Trd, 4319762.993, 129
Trd, 4319763.193, 137
Trd, 4319764.293, 121
Trd, 4319764.343, 100
Trd, 4319764.493, 94
Trd, 4319764.743, 82
Trd, 4319764.943, 105
Trd, 4319766.893, 120
Trd, 4319767.493, 121
Trd, 4319768.243, 120
Trd, 4319769.093, 105
Trd, 4319770.043, 119
Trd, 4319770.443, 117
Trd, 4319770.493, 114
Trd, 4319774.493, 131
Trd, 4319775.543, 111
Trd, 4319776.143, 88
Trd, 4319777.543, 78
Trd, 4319777.593, 82
Trd, 4319778.343, 117
Trd, 4319778.493, 123
Trd, 4319779.093, 139
Trd, 4319780.493, 129
Trd, 4319780.793, 108
Trd, 4319781.643, 123
Trd, 4319782.493, 134
Trd, 4319783.293, 84
Trd, 4319783.843, 88
Trd, 4319784.993, 129
Trd, 4319785.643, 127
Trd, 4319786.193, 130
Trd, 4319787.143, 134
Trd, 4319787.743, 98
Trd, 4319789.393, 101
Trd, 4319789.443, 89
Trd, 4319789.993, 106
Trd, 4319792.093, 127
Trd, 4319792.243, 123
Trd, 4319792.843, 116
Trd, 4319794.343, 133
Trd, 4319794.493, 135
Trd, 4319794.693, 108
Trd, 4319796.843, 132
Trd, 4319797.093, 111
Trd, 4319797.893, 114
Trd, 4319798.743, 116
Trd, 4319798.893, 114
Trd, 4319799.193, 95
Trd, 4319799.393, 91
Trd, 4319799.543, 107
Trd, 4319800.193, 89
Trd, 4319801.593, 139
Trd, 4319803.293, 123
Trd, 4319804.393, 127
Trd, 4319804.643, 115
Trd, 4319805.943, 92
Trd, 4319805.993, 81
Trd, 4319806.843, 84
Trd, 4319807.093, 119
Trd, 4319808.693, 77
Trd, 4319809.193, 95
Trd, 4319809.843, 86
Trd, 4319811.593, 139
Trd, 4319811.643, 134
Trd, 4319812.043, 107
Trd, 4319813.893, 116
Trd, 4319815.293, 138
Trd, 4319815.393, 122
Trd, 4319816.193, 129
Trd, 4319816.443, 136
Trd, 4319817.843, 90
Trd, 4319819.643, 120
Trd, 4319820.743, 133
Trd, 4319821.043, 120
Trd, 4319821.143, 114
Trd, 4319822.343, 139
Trd, 4319822.943, 128
Trd, 4319823.593, 91
Trd, 4319823.993, 129
Trd, 4319825.993, 131
Trd, 4319826.093, 102
Trd, 4319826.493, 92
Trd, 4319827.543, 73
Trd, 4319828.343, 109
Trd, 4319829.993, 132
Trd, 4319831.043, 87
Trd, 4319832.493, 127
Trd, 4319832.543, 134
Trd, 4319834.093, 129
Trd, 4319834.593, 124
Trd, 4319834.743, 116
Trd, 4319835.043, 112
Trd, 4319835.743, 106
Trd, 4319836.493, 122
Trd, 4319837.493, 118
Trd, 4319838.893, 117
Trd, 4319839.793, 135
Trd, 4319840.343, 131
Trd, 4319841.543, 119
Trd, 4319842.543, 138
Trd, 4319843.443, 118
Trd, 4319843.993, 133
Trd, 4319844.243, 120
Trd, 4319844.493, 96
Trd, 4319845.043, 115
Trd, 4319846.093, 115
Trd, 4319846.493, 135
Trd, 4319848.093, 126
Trd, 4319848.393, 131
Trd, 4319848.893, 101
Trd, 4319849.093, 95
Trd, 4319849.343, 111
Trd, 4319849.543, 90
Trd, 4319850.793, 108
Trd, 4319852.093, 130
Trd, 4319852.343, 123
Trd, 4319852.493, 105
Trd, 4319854.343, 116
Trd, 4319855.193, 136
Trd, 4319855.793, 112
Trd, 4319856.743, 138
Trd, 4319857.293, 130
Trd, 4319857.643, 121
Trd, 4319858.443, 103
Trd, 4319859.593, 114
Trd, 4319860.743, 101
Trd, 4319861.993, 129
Trd, 4319863.293, 106
Trd, 4319864.243, 134
Trd, 4319864.293, 124
Trd, 4319864.793, 105
Trd, 4319865.093, 106
Trd, 4319868.193, 109
Trd, 4319869.593, 122
Trd, 4319870.293, 95
Trd, 4319870.743, 109
Trd, 4319871.193, 80
Trd, 4319871.393, 100
Trd, 4319872.793, 131
Trd, 4319873.343, 134
Trd, 4319874.543, 130
Trd, 4319876.043, 131
Trd, 4319876.543, 139
Trd, 4319876.743, 124
Trd, 4319877.293, 122
Trd, 4319879.593, 129
Trd, 4319879.743, 119
Trd, 4319879.793, 117
Trd, 4319879.943, 90
Trd, 4319880.193, 125
Trd, 4319881.343, 127
Trd, 4319882.093, 131
Trd, 4319882.293, 92
Trd, 4319882.543, 106
Trd, 4319882.993, 88
Trd, 4319884.043, 77
Trd, 4319884.493, 78
Trd, 4319885.643, 136
Trd, 4319886.393, 107
Trd, 4319887.343, 102
Trd, 4319887.543, 140
Trd, 4319889.543, 111
Trd, 4319892.843, 124
Trd, 4319894.343, 131
Trd, 4319894.393, 133
Trd, 4319894.493, 133
Trd, 4319894.543, 118
Trd, 4319896.043, 128
Trd, 4319897.093, 116
Trd, 4319897.293, 122
Trd, 4319897.493, 112
Trd, 4319897.993, 127
Trd, 4319898.343, 90
Trd, 4319898.743, 108
Trd, 4319901.043, 123
Trd, 4319901.493, 138
Trd, 4319902.493, 132
Trd, 4319902.893, 114
Trd, 4319903.043, 107
Trd, 4319903.343, 107
Trd, 4319904.093, 140
Trd, 4319904.543, 132
Trd, 4319905.493, 125
Trd, 4319906.193, 122
Trd, 4319907.443, 110
Trd, 4319907.993, 110
Trd, 4319908.793, 136
Trd, 4319910.693, 136
Trd, 4319911.543, 125
Trd, 4319912.143, 118
Trd, 4319912.793, 120
Trd, 4319913.493, 131
Trd, 4319913.993, 109
Trd, 4319914.443, 125
Trd, 4319914.943, 122
Trd, 4319917.093, 129
Trd, 4319917.443, 111
Trd, 4319918.043, 118
Trd, 4319919.343, 131
Trd, 4319919.543, 136
Trd, 4319920.493, 133
Trd, 4319920.643, 121
Trd, 4319921.343, 83
Trd, 4319923.693, 140
Trd, 4319924.593, 102
Trd, 4319924.743, 96
Trd, 4319925.193, 136
Trd, 4319926.343, 111
Trd, 4319927.343, 130
Trd, 4319927.543, 81
Trd, 4319928.843, 96
Trd, 4319929.193, 78
Trd, 4319930.443, 132
Trd, 4319931.243, 118
Trd, 4319931.543, 112
Trd, 4319933.843, 126
Trd, 4319934.093, 135
Trd, 4319936.693, 107
Trd, 4319936.993, 106
Trd, 4319937.593, 84
Trd, 4319937.943, 73
Trd, 4319939.293, 117
Trd, 4319940.893, 108
Trd, 4319941.493, 137
Trd, 4319941.593, 131
Trd, 4319943.143, 139
Trd, 4319943.443, 135
Trd, 4319943.643, 124
Trd, 4319945.243, 122
Trd, 4319945.493, 95
Trd, 4319945.843, 124
Trd, 4319945.993, 97
Trd, 4319947.643, 126
Trd, 4319947.793, 131
Trd, 4319948.143, 130
Trd, 4319948.743, 77
Trd, 4319948.843, 79
Trd, 4319948.993, 138
Trd, 4319949.293, 103
Trd, 4319950.493, 125
Trd, 4319950.793, 113
Trd, 4319951.093, 83
Trd, 4319954.093, 83
Trd, 4319954.643, 99
Trd, 4319954.693, 90
Trd, 4319954.993, 86
Trd, 4319955.843, 132
Trd, 4319956.393, 113
Trd, 4319957.443, 116
Trd, 4319958.043, 115
Trd, 4319958.743, 64
Trd, 4319958.793, 76
Trd, 4319958.993, 124
Trd, 4319960.243, 115
Trd, 4319960.643, 79
Trd, 4319963.543, 103
Trd, 4319963.793, 85
Trd, 4319964.093, 111
Trd, 4319964.893, 108
Trd, 4319966.593, 119
Trd, 4319968.293, 123
Trd, 4319969.593, 135
Trd, 4319970.243, 129
Trd, 4319970.543, 133
Trd, 4319971.243, 133
Trd, 4319972.393, 121
Trd, 4319973.443, 67
Trd, 4319973.493, 127
Trd, 4319975.193, 105
Trd, 4319975.743, 135
Trd, 4319975.793, 119
Trd, 4319976.393, 134
Trd, 4319976.893, 108
Trd, 4319977.843, 121
Trd, 4319977.993, 82
Trd, 4319980.593, 106
Trd, 4319980.893, 113
Trd, 4319981.143, 112
Trd, 4319981.893, 88
Trd, 4319982.043, 82
Trd, 4319983.593, 86
Trd, 4319983.993, 120
Trd, 4319984.143, 91
Trd, 4319985.343, 105
Trd, 4319985.993, 92
Trd, 4319986.143, 121
Trd, 4319986.743, 134
Trd, 4319988.243, 98
Trd, 4319988.693, 71
Trd, 4319989.093, 106
Trd, 4319990.293, 93
Trd, 4319990.443, 118
Trd, 4319990.843, 123
Trd, 4319991.443, 115
Trd, 4319994.143, 102
Trd, 4319995.243, 124
Trd, 4319996.593, 106
Trd, 4319996.693, 105
Trd, 4319998.443, 125
