Trd, 4318108.743, 125
Trd, 4318109.843, 117
Trd, 4318110.143, 114
Trd, 4318111.593, 140
Trd, 4318112.693, 140
Trd, 4318113.493, 140
Trd, 4318115.293, 140
Trd, 4318115.843, 140
Trd, 4318116.143, 140
Trd, 4318116.443, 140
Trd, 4318117.243, 140
Trd, 4318117.593, 140
Trd, 4318120.043, 140
Trd, 4318120.093, 140
Trd, 4318120.793, 140
Trd, 4318120.943, 140
Trd, 4318121.743, 140
Trd, 4318123.693, 140
Trd, 4318123.843, 140
Trd, 4318124.843, 140
Trd, 4318125.793, 140
Trd, 4318125.943, 140
Trd, 4318126.793, 140
Trd, 4318126.943, 140
Trd, 4318127.443, 140
Trd, 4318128.893, 140
Trd, 4318129.393, 140
Trd, 4318130.943, 139
Trd, 4318131.043, 107
Trd, 4318131.193, 127
Trd, 4318131.693, 108
Trd, 4318133.093, 140
Trd, 4318133.243, 140
Trd, 4318133.893, 127
Trd, 4318135.643, 140
Trd, 4318136.743, 140
Trd, 4318138.043, 140
Trd, 4318138.393, 140
Trd, 4318138.693, 140
Trd, 4318139.043, 140
Trd, 4318139.193, 140
Trd, 4318140.693, 140
Trd, 4318140.943, 140
Trd, 4318141.643, 140
Trd, 4318142.143, 140
Trd, 4318142.943, 139
Trd, 4318143.943, 131
Trd, 4318144.843, 140
Trd, 4318145.693, 140
Trd, 4318145.793, 140
Trd, 4318146.293, 140
Trd, 4318146.743, 140
Trd, 4318147.543, 139
Trd, 4318148.543, 140
Trd, 4318151.193, 140
Trd, 4318152.143, 140
Trd, 4318153.543, 140
Trd, 4318154.043, 140
Trd, 4318154.643, 140
Trd, 4318155.143, 140
Trd, 4318155.293, 140
Trd, 4318155.693, 140
Trd, 4318157.393, 140
Trd, 4318157.443, 140
Trd, 4318157.993, 140
Trd, 4318158.343, 140
Trd, 4318158.893, 140
Trd, 4318159.043, 139
Trd, 4318159.643, 107
Trd, 4318159.793, 106
Trd, 4318161.093, 140
Trd, 4318161.593, 140
Trd, 4318161.943, 140
Trd, 4318164.093, 60
Trd, 4318164.843, 60
Trd, 4318164.993, 62
Trd, 4318167.343, 60
Trd, 4318167.393, 60
Trd, 4318168.893, 60
Trd, 4318169.443, 61
Trd, 4318169.543, 61
Trd, 4318169.643, 61
Trd, 4318169.743, 61
Trd, 4318170.293, 63
Trd, 4318170.593, 62
Trd, 4318171.743, 140
Trd, 4318172.343, 139
Trd, 4318173.693, 140
Trd, 4318173.993, 140
Trd, 4318174.843, 140
Trd, 4318175.593, 140
Trd, 4318175.843, 140
Trd, 4318176.843, 140
Trd, 4318177.643, 140
Trd, 4318177.693, 140
Trd, 4318178.293, 140
Trd, 4318179.093, 69
Trd, 4318180.193, 140
Trd, 4318180.743, 140
Trd, 4318182.743, 60
Trd, 4318182.893, 60
Trd, 4318184.393, 60
Trd, 4318184.993, 60
Trd, 4318185.143, 60
Trd, 4318185.193, 60
Trd, 4318186.693, 60
Trd, 4318186.943, 60
Trd, 4318187.743, 60
Trd, 4318188.543, 61
Trd, 4318189.143, 60
Trd, 4318189.493, 60
Trd, 4318189.943, 60
Trd, 4318191.543, 61
Trd, 4318192.243, 60
Trd, 4318193.793, 60
Trd, 4318194.643, 60
Trd, 4318195.343, 60
Trd, 4318196.893, 60
Trd, 4318198.043, 60
Trd, 4318198.193, 60
Trd, 4318198.893, 61
Trd, 4318200.093, 60
Trd, 4318200.393, 61
Trd, 4318200.643, 60
Trd, 4318200.693, 64
Trd, 4318200.993, 65
Trd, 4318201.293, 62
Trd, 4318202.043, 61
Trd, 4318202.493, 139
Trd, 4318205.093, 68
Trd, 4318206.293, 60
Trd, 4318207.293, 62
Trd, 4318209.193, 60
Trd, 4318209.593, 60
Trd, 4318210.493, 61
Trd, 4318210.743, 63
Trd, 4318210.793, 63
Trd, 4318211.543, 62
Trd, 4318212.043, 66
Trd, 4318212.093, 64
Trd, 4318212.243, 63
Trd, 4318212.643, 68
Trd, 4318213.243, 139
Trd, 4318213.393, 140
Trd, 4318217.293, 60
Trd, 4318217.343, 60
Trd, 4318218.443, 60
Trd, 4318219.393, 60
Trd, 4318219.493, 60
Trd, 4318220.993, 60
Trd, 4318222.093, 60
Trd, 4318222.493, 60
Trd, 4318223.743, 62
Trd, 4318224.343, 62
Trd, 4318224.693, 60
Trd, 4318225.143, 63
Trd, 4318225.193, 60
Trd, 4318225.693, 60
Trd, 4318226.393, 60
Trd, 4318226.543, 60
Trd, 4318227.143, 60
Trd, 4318227.893, 62
Trd, 4318229.493, 60
Trd, 4318229.693, 60
Trd, 4318229.793, 61
Trd, 4318230.043, 62
Trd, 4318231.793, 60
Trd, 4318232.643, 60
Trd, 4318233.193, 60
Trd, 4318233.343, 60
Trd, 4318233.693, 60
Trd, 4318234.343, 60
Trd, 4318234.693, 60
Trd, 4318234.993, 62
Trd, 4318235.393, 63
Trd, 4318235.443, 60
Trd, 4318236.393, 60
Trd, 4318237.543, 60
Trd, 4318238.443, 61
Trd, 4318240.493, 64
Trd, 4318241.193, 60
Trd, 4318241.493, 64
Trd, 4318242.943, 60
Trd, 4318243.543, 61
Trd, 4318246.193, 60
Trd, 4318246.543, 60
Trd, 4318246.643, 60
Trd, 4318246.793, 61
Trd, 4318247.293, 61
Trd, 4318247.593, 61
Trd, 4318247.943, 62
Trd, 4318248.593, 60
Trd, 4318248.743, 60
Trd, 4318248.793, 61
Trd, 4318249.793, 60
Trd, 4318250.493, 98
Trd, 4318251.593, 61
Trd, 4318251.893, 139
Trd, 4318252.293, 65
Trd, 4318253.143, 83
Trd, 4318254.243, 140
Trd, 4318255.043, 140
Trd, 4318256.643, 140
Trd, 4318257.343, 140
Trd, 4318258.743, 140
Trd, 4318259.043, 140
Trd, 4318259.293, 140
Trd, 4318259.493, 140
Trd, 4318261.193, 133
Trd, 4318262.693, 140
Trd, 4318263.243, 140
Trd, 4318263.393, 140
Trd, 4318263.593, 139
Trd, 4318264.143, 79
Trd, 4318265.443, 138
Trd, 4318266.193, 140
Trd, 4318266.743, 140
Trd, 4318266.893, 140
Trd, 4318267.343, 139
Trd, 4318267.693, 137
Trd, 4318269.043, 61
Trd, 4318269.193, 62
Trd, 4318269.643, 64
Trd, 4318270.393, 65
Trd, 4318272.243, 61
Trd, 4318272.443, 62
Trd, 4318273.143, 60
Trd, 4318274.343, 67
Trd, 4318275.393, 60
Trd, 4318275.693, 60
Trd, 4318277.293, 60
Trd, 4318277.943, 60
Trd, 4318278.143, 60
Trd, 4318278.593, 60
Trd, 4318278.943, 62
Trd, 4318279.393, 62
Trd, 4318280.193, 140
Trd, 4318281.243, 60
Trd, 4318281.743, 61
Trd, 4318282.593, 60
Trd, 4318283.793, 61
Trd, 4318286.243, 60
Trd, 4318286.843, 60
Trd, 4318288.093, 60
Trd, 4318288.743, 60
Trd, 4318288.793, 60
Trd, 4318288.843, 60
Trd, 4318288.893, 60
Trd, 4318290.343, 60
Trd, 4318290.743, 60
Trd, 4318291.543, 60
Trd, 4318292.043, 60
Trd, 4318292.593, 60
Trd, 4318293.643, 60
Trd, 4318294.243, 60
Trd, 4318294.893, 60
Trd, 4318297.543, 60
Trd, 4318298.043, 60
Trd, 4318299.393, 60
Trd, 4318299.493, 61
Trd, 4318299.843, 60
Trd, 4318299.893, 61
Trd, 4318300.443, 62
Trd, 4318300.793, 60
Trd, 4318301.693, 61
Trd, 4318302.393, 61
Trd, 4318304.193, 60
Trd, 4318305.043, 60
Trd, 4318307.343, 60
Trd, 4318307.843, 60
Trd, 4318308.143, 60
Trd, 4318308.893, 60
Trd, 4318309.143, 61
Trd, 4318310.643, 62
Trd, 4318312.543, 61
Trd, 4318313.893, 60
Trd, 4318314.043, 60
Trd, 4318314.393, 62
Trd, 4318314.693, 60
Trd, 4318315.293, 63
Trd, 4318315.543, 62
Trd, 4318316.993, 60
Trd, 4318317.493, 60
Trd, 4318318.643, 60
Trd, 4318319.443, 60
Trd, 4318319.893, 60
Trd, 4318322.693, 60
Trd, 4318323.043, 60
Trd, 4318323.093, 61
Trd, 4318324.893, 60
Trd, 4318325.043, 60
Trd, 4318326.143, 60
Trd, 4318326.243, 60
Trd, 4318327.843, 60
Trd, 4318327.993, 60
Trd, 4318328.343, 60
Trd, 4318329.043, 60
Trd, 4318329.393, 61
Trd, 4318329.493, 60
Trd, 4318330.943, 60
Trd, 4318331.493, 64
Trd, 4318332.693, 61
Trd, 4318333.593, 60
Trd, 4318334.143, 60
Trd, 4318335.143, 60
Trd, 4318336.393, 60
Trd, 4318336.543, 60
Trd, 4318337.493, 62
Trd, 4318337.543, 63
Trd, 4318337.843, 62
Trd, 4318338.843, 64
Trd, 4318339.143, 64
Trd, 4318339.393, 64
Trd, 4318341.343, 60
Trd, 4318341.843, 60
Trd, 4318342.093, 60
Trd, 4318342.793, 60
Trd, 4318344.643, 60
Trd, 4318346.443, 60
Trd, 4318346.643, 60
Trd, 4318347.143, 60
Trd, 4318349.993, 60
Trd, 4318350.643, 60
Trd, 4318350.793, 60
Trd, 4318352.243, 60
Trd, 4318352.443, 60
Trd, 4318353.143, 61
Trd, 4318353.393, 60
Trd, 4318353.543, 60
Trd, 4318353.693, 60
Trd, 4318354.793, 60
Trd, 4318354.993, 60
Trd, 4318356.043, 65
Trd, 4318356.393, 62
Trd, 4318356.643, 60
Trd, 4318356.843, 60
Trd, 4318357.143, 63
Trd, 4318358.643, 60
Trd, 4318361.243, 60
Trd, 4318361.543, 60
Trd, 4318362.643, 60
Trd, 4318363.193, 60
Trd, 4318363.593, 60
Trd, 4318365.643, 60
Trd, 4318365.743, 60
Trd, 4318365.793, 60
Trd, 4318365.843, 60
Trd, 4318366.093, 63
Trd, 4318366.943, 64
Trd, 4318367.793, 61
Trd, 4318367.943, 61
Trd, 4318368.693, 61
Trd, 4318368.743, 61
Trd, 4318369.343, 60
Trd, 4318369.493, 62
Trd, 4318370.143, 61
Trd, 4318370.743, 113
Trd, 4318371.043, 112
Trd, 4318372.643, 60
Trd, 4318374.243, 60
Trd, 4318375.143, 60
Trd, 4318375.793, 60
Trd, 4318376.543, 60
Trd, 4318377.143, 61
Trd, 4318378.043, 60
Trd, 4318378.243, 60
Trd, 4318380.843, 60
Trd, 4318381.143, 60
Trd, 4318382.093, 60
Trd, 4318382.193, 61
Trd, 4318382.843, 60
Trd, 4318383.043, 61
Trd, 4318383.193, 60
Trd, 4318384.393, 60
Trd, 4318384.543, 62
Trd, 4318385.243, 61
Trd, 4318385.693, 64
Trd, 4318386.343, 65
Trd, 4318386.493, 65
Trd, 4318387.893, 60
Trd, 4318388.693, 60
Trd, 4318389.193, 60
Trd, 4318392.343, 60
Trd, 4318392.843, 60
Trd, 4318393.593, 60
Trd, 4318394.243, 60
Trd, 4318394.893, 60
Trd, 4318394.993, 60
Trd, 4318396.793, 62
Trd, 4318396.993, 63
Trd, 4318397.093, 65
Trd, 4318397.593, 62
Trd, 4318398.093, 62
Trd, 4318398.393, 60
Trd, 4318399.343, 62
Trd, 4318399.493, 63
Trd, 4318399.593, 65
Trd, 4318400.393, 62
Trd, 4318401.443, 67
Trd, 4318401.943, 69
Trd, 4318402.043, 68
Trd, 4318403.043, 68
Trd, 4318403.593, 70
Trd, 4318404.143, 140
Trd, 4318404.343, 140
Trd, 4318404.843, 140
Trd, 4318406.393, 140
Trd, 4318406.543, 140
Trd, 4318407.093, 140
Trd, 4318409.293, 140
Trd, 4318411.143, 140
Trd, 4318413.193, 140
Trd, 4318413.543, 140
Trd, 4318413.593, 140
Trd, 4318413.693, 140
Trd, 4318413.793, 139
Trd, 4318415.093, 140
Trd, 4318415.343, 140
Trd, 4318416.043, 140
Trd, 4318417.843, 140
Trd, 4318418.493, 140
Trd, 4318418.993, 140
Trd, 4318419.043, 140
Trd, 4318419.443, 139
Trd, 4318419.793, 138
Trd, 4318421.293, 140
Trd, 4318421.793, 140
Trd, 4318422.443, 140
Trd, 4318422.493, 139
Trd, 4318423.843, 139
Trd, 4318424.643, 140
Trd, 4318426.393, 140
Trd, 4318426.493, 140
Trd, 4318427.543, 140
Trd, 4318428.143, 140
Trd, 4318428.943, 140
Trd, 4318429.443, 140
Trd, 4318429.543, 140
Trd, 4318429.743, 140
Trd, 4318430.393, 140
Trd, 4318430.493, 139
Trd, 4318431.743, 135
Trd, 4318433.093, 140
Trd, 4318434.693, 140
Trd, 4318435.593, 140
Trd, 4318435.793, 140
Trd, 4318436.543, 140
Trd, 4318437.793, 140
Trd, 4318438.043, 140
Trd, 4318439.043, 140
Trd, 4318439.793, 140
Trd, 4318441.443, 140
Trd, 4318441.893, 140
Trd, 4318442.043, 140
Trd, 4318443.043, 140
Trd, 4318443.193, 140
Trd, 4318443.643, 139
Trd, 4318444.043, 137
Trd, 4318444.293, 139
Trd, 4318445.243, 63
Trd, 4318445.543, 138
Trd, 4318445.943, 140
Trd, 4318445.993, 120
Trd, 4318448.293, 140
Trd, 4318448.343, 140
Trd, 4318448.543, 140
Trd, 4318449.593, 140
Trd, 4318450.243, 140
Trd, 4318451.593, 140
Trd, 4318451.943, 140
Trd, 4318452.043, 140
Trd, 4318452.443, 140
Trd, 4318453.293, 140
Trd, 4318453.893, 140
Trd, 4318454.443, 140
Trd, 4318455.343, 140
Trd, 4318456.193, 140
Trd, 4318457.243, 140
Trd, 4318458.693, 140
Trd, 4318459.443, 140
Trd, 4318459.643, 140
Trd, 4318460.493, 140
Trd, 4318461.343, 140
Trd, 4318461.943, 140
Trd, 4318463.393, 140
Trd, 4318463.493, 140
Trd, 4318463.543, 140
Trd, 4318464.993, 140
Trd, 4318465.443, 140
Trd, 4318465.793, 140
Trd, 4318466.593, 140
Trd, 4318466.643, 140
Trd, 4318468.893, 140
Trd, 4318469.493, 140
Trd, 4318470.143, 140
Trd, 4318470.643, 140
Trd, 4318470.843, 140
Trd, 4318471.743, 140
Trd, 4318473.093, 140
Trd, 4318473.643, 140
Trd, 4318473.943, 139
Trd, 4318475.243, 140
Trd, 4318476.343, 140
Trd, 4318476.543, 140
Trd, 4318477.093, 140
Trd, 4318479.643, 140
Trd, 4318479.793, 140
Trd, 4318479.843, 140
Trd, 4318480.043, 140
Trd, 4318480.093, 140
Trd, 4318481.493, 140
Trd, 4318482.943, 140
Trd, 4318483.043, 140
Trd, 4318484.693, 140
Trd, 4318484.943, 140
Trd, 4318485.043, 140
Trd, 4318486.093, 140
Trd, 4318486.293, 139
Trd, 4318486.493, 139
Trd, 4318487.693, 139
Trd, 4318487.793, 91
Trd, 4318488.243, 139
Trd, 4318491.493, 140
Trd, 4318491.743, 140
Trd, 4318492.143, 140
Trd, 4318493.093, 140
Trd, 4318493.143, 140
Trd, 4318493.293, 140
Trd, 4318494.793, 140
Trd, 4318495.693, 140
Trd, 4318495.743, 140
Trd, 4318497.443, 140
Trd, 4318498.693, 140
Trd, 4318499.493, 140
Trd, 4318499.543, 140
Trd, 4318499.743, 140
Trd, 4318500.843, 140
Trd, 4318501.243, 140
Trd, 4318502.493, 140
Trd, 4318503.293, 140
Trd, 4318503.443, 140
Trd, 4318504.543, 140
Trd, 4318504.843, 139
Trd, 4318506.243, 140
Trd, 4318507.043, 140
Trd, 4318507.093, 140
Trd, 4318507.193, 140
Trd, 4318507.993, 140
Trd, 4318508.193, 139
Trd, 4318508.743, 138
Trd, 4318509.993, 140
Trd, 4318511.193, 140
Trd, 4318511.493, 140
Trd, 4318511.893, 140
Trd, 4318512.493, 140
Trd, 4318513.493, 140
Trd, 4318515.643, 140
Trd, 4318515.893, 140
Trd, 4318516.543, 140
Trd, 4318518.093, 140
Trd, 4318518.143, 138
Trd, 4318518.343, 139
Trd, 4318518.693, 138
Trd, 4318519.493, 138
Trd, 4318519.843, 89
Trd, 4318520.893, 140
Trd, 4318521.993, 140
Trd, 4318522.243, 140
Trd, 4318522.843, 140
Trd, 4318524.293, 140
Trd, 4318524.993, 140
Trd, 4318526.393, 140
Trd, 4318526.643, 140
Trd, 4318526.743, 140
Trd, 4318526.843, 140
Trd, 4318528.393, 140
Trd, 4318528.793, 140
Trd, 4318529.593, 140
Trd, 4318529.843, 140
Trd, 4318530.943, 140
Trd, 4318531.293, 140
Trd, 4318532.443, 140
Trd, 4318534.893, 140
Trd, 4318535.293, 140
Trd, 4318535.893, 140
Trd, 4318536.193, 140
Trd, 4318537.043, 140
Trd, 4318537.243, 140
Trd, 4318537.743, 140
Trd, 4318538.693, 140
Trd, 4318539.143, 140
Trd, 4318539.743, 140
Trd, 4318541.393, 140
Trd, 4318541.693, 140
Trd, 4318541.943, 140
Trd, 4318544.043, 140
Trd, 4318544.093, 140
Trd, 4318545.693, 140
Trd, 4318546.093, 140
Trd, 4318547.093, 140
Trd, 4318547.143, 140
Trd, 4318547.293, 140
Trd, 4318548.343, 140
Trd, 4318548.593, 140
Trd, 4318550.793, 140
Trd, 4318550.993, 140
Trd, 4318551.093, 140
Trd, 4318551.993, 140
Trd, 4318553.243, 140
Trd, 4318553.443, 140
Trd, 4318555.593, 140
Trd, 4318555.743, 140
Trd, 4318556.743, 140
Trd, 4318557.543, 140
Trd, 4318557.593, 140
Trd, 4318558.793, 139
Trd, 4318559.293, 139
Trd, 4318560.193, 140
Trd, 4318560.243, 140
Trd, 4318560.643, 140
Trd, 4318561.643, 140
Trd, 4318562.243, 140
Trd, 4318562.443, 140
Trd, 4318562.543, 123
Trd, 4318565.043, 140
Trd, 4318565.193, 140
Trd, 4318566.743, 140
Trd, 4318567.243, 140
Trd, 4318568.743, 140
Trd, 4318568.993, 140
Trd, 4318569.593, 140
Trd, 4318569.943, 140
Trd, 4318570.793, 140
Trd, 4318573.043, 140
Trd, 4318573.443, 140
Trd, 4318574.943, 140
Trd, 4318575.293, 140
Trd, 4318575.893, 140
Trd, 4318576.493, 140
Trd, 4318577.293, 140
Trd, 4318578.893, 140
Trd, 4318579.643, 140
Trd, 4318579.893, 140
Trd, 4318579.943, 140
Trd, 4318580.393, 140
Trd, 4318583.093, 140
Trd, 4318583.243, 140
Trd, 4318583.643, 140
Trd, 4318583.993, 140
Trd, 4318584.093, 140
Trd, 4318585.443, 140
Trd, 4318585.943, 140
Trd, 4318586.543, 140
Trd, 4318587.393, 140
Trd, 4318587.693, 140
Trd, 4318588.193, 140
Trd, 4318589.393, 140
Trd, 4318589.993, 140
Trd, 4318591.143, 140
Trd, 4318592.293, 140
Trd, 4318592.793, 140
Trd, 4318593.443, 140
Trd, 4318593.793, 140
Trd, 4318594.243, 140
Trd, 4318594.993, 140
Trd, 4318595.793, 140
Trd, 4318596.443, 140
Trd, 4318596.693, 139
Trd, 4318598.043, 140
Trd, 4318599.493, 140
Trd, 4318600.443, 140
Trd, 4318601.193, 140
Trd, 4318602.443, 140
Trd, 4318603.193, 140
Trd, 4318603.893, 140
Trd, 4318604.293, 140
Trd, 4318604.393, 140
Trd, 4318605.293, 140
Trd, 4318607.043, 140
Trd, 4318607.393, 140
Trd, 4318608.243, 140
Trd, 4318608.293, 140
Trd, 4318610.343, 140
Trd, 4318611.193, 140
Trd, 4318611.293, 140
Trd, 4318612.343, 140
Trd, 4318612.443, 140
Trd, 4318612.593, 140
Trd, 4318613.593, 140
Trd, 4318614.643, 140
Trd, 4318615.293, 140
Trd, 4318615.693, 140
Trd, 4318616.393, 139
Trd, 4318616.693, 140
Trd, 4318618.243, 140
Trd, 4318618.343, 140
Trd, 4318619.243, 140
Trd, 4318620.893, 140
Trd, 4318622.043, 140
Trd, 4318622.293, 140
Trd, 4318623.793, 140
Trd, 4318624.643, 140
Trd, 4318626.393, 140
Trd, 4318626.593, 140
Trd, 4318626.643, 140
Trd, 4318626.843, 140
Trd, 4318627.943, 140
Trd, 4318628.643, 140
Trd, 4318629.543, 140
Trd, 4318629.943, 140
Trd, 4318629.993, 140
Trd, 4318630.243, 140
Trd, 4318630.743, 140
Trd, 4318631.093, 140
Trd, 4318633.243, 140
Trd, 4318633.593, 140
Trd, 4318635.693, 140
Trd, 4318635.793, 140
Trd, 4318636.793, 140
Trd, 4318637.643, 140
Trd, 4318639.443, 140
Trd, 4318639.693, 140
Trd, 4318640.193, 140
Trd, 4318640.443, 139
Trd, 4318641.493, 140
Trd, 4318642.043, 92
Trd, 4318643.143, 96
Trd, 4318643.593, 132
Trd, 4318643.643, 136
Trd, 4318643.693, 123
Trd, 4318643.793, 121
Trd, 4318644.643, 133
Trd, 4318645.293, 140
Trd, 4318645.493, 139
Trd, 4318646.493, 140
Trd, 4318647.943, 140
Trd, 4318648.693, 140
Trd, 4318649.293, 140
Trd, 4318649.893, 140
Trd, 4318650.543, 140
Trd, 4318650.793, 140
Trd, 4318651.493, 140
Trd, 4318651.693, 140
Trd, 4318651.943, 137
Trd, 4318652.243, 107
Trd, 4318653.793, 140
Trd, 4318655.743, 140
Trd, 4318655.943, 139
Trd, 4318658.193, 140
Trd, 4318658.593, 140
Trd, 4318658.943, 140
Trd, 4318658.993, 140
Trd, 4318659.893, 140
Trd, 4318661.393, 140
Trd, 4318661.493, 140
Trd, 4318662.493, 140
Trd, 4318663.193, 140
Trd, 4318663.993, 140
Trd, 4318664.893, 140
Trd, 4318665.243, 140
Trd, 4318665.443, 140
Trd, 4318666.693, 140
Trd, 4318667.543, 140
Trd, 4318667.593, 140
Trd, 4318668.743, 140
Trd, 4318669.643, 140
Trd, 4318670.493, 140
Trd, 4318670.743, 140
Trd, 4318671.693, 140
Trd, 4318672.443, 140
Trd, 4318672.993, 140
Trd, 4318674.793, 140
Trd, 4318675.043, 140
Trd, 4318675.093, 140
Trd, 4318676.393, 140
Trd, 4318676.593, 140
Trd, 4318678.443, 140
Trd, 4318679.693, 140
Trd, 4318680.543, 140
Trd, 4318681.543, 140
Trd, 4318683.093, 140
Trd, 4318683.643, 140
Trd, 4318683.793, 140
Trd, 4318684.643, 140
Trd, 4318685.443, 140
Trd, 4318685.543, 140
Trd, 4318685.893, 140
Trd, 4318685.943, 140
Trd, 4318685.993, 139
Trd, 4318686.593, 140
Trd, 4318686.743, 140
Trd, 4318687.493, 140
Trd, 4318687.643, 139
Trd, 4318688.093, 66
Trd, 4318689.943, 140
Trd, 4318691.643, 140
Trd, 4318692.143, 140
Trd, 4318692.243, 140
Trd, 4318693.143, 140
Trd, 4318693.643, 140
Trd, 4318694.693, 140
Trd, 4318695.343, 140
Trd, 4318695.593, 140
Trd, 4318695.643, 140
Trd, 4318696.793, 140
Trd, 4318697.043, 140
Trd, 4318699.193, 140
Trd, 4318699.443, 140
Trd, 4318700.843, 140
Trd, 4318702.043, 140
Trd, 4318702.443, 140
Trd, 4318702.843, 140
Trd, 4318703.493, 140
Trd, 4318703.693, 140
Trd, 4318704.543, 140
Trd, 4318705.643, 139
Trd, 4318705.743, 139
Trd, 4318706.643, 140
Trd, 4318706.793, 140
Trd, 4318707.593, 140
Trd, 4318707.843, 140
Trd, 4318708.393, 140
Trd, 4318710.393, 140
Trd, 4318710.543, 140
Trd, 4318710.993, 140
Trd, 4318711.893, 140
Trd, 4318712.143, 140
Trd, 4318712.793, 140
Trd, 4318713.593, 140
Trd, 4318715.243, 140
Trd, 4318716.443, 140
Trd, 4318717.043, 140
Trd, 4318717.593, 140
Trd, 4318718.193, 140
Trd, 4318719.343, 140
Trd, 4318720.943, 140
Trd, 4318721.093, 140
Trd, 4318721.843, 140
Trd, 4318722.343, 140
Trd, 4318723.993, 140
Trd, 4318724.493, 140
Trd, 4318725.243, 140
Trd, 4318725.593, 140
Trd, 4318726.293, 140
Trd, 4318726.643, 140
Trd, 4318726.993, 140
Trd, 4318728.143, 140
Trd, 4318728.593, 140
Trd, 4318728.943, 140
Trd, 4318729.943, 140
Trd, 4318731.143, 140
Trd, 4318732.143, 140
Trd, 4318732.243, 140
Trd, 4318733.993, 140
Trd, 4318734.193, 140
Trd, 4318734.293, 140
Trd, 4318734.593, 140
Trd, 4318736.093, 140
Trd, 4318737.043, 140
Trd, 4318737.993, 140
Trd, 4318738.293, 140
Trd, 4318739.243, 140
Trd, 4318739.843, 140
Trd, 4318739.893, 140
Trd, 4318740.993, 140
Trd, 4318742.243, 140
Trd, 4318742.693, 140
Trd, 4318742.743, 140
Trd, 4318744.693, 140
Trd, 4318745.293, 140
Trd, 4318746.093, 140
Trd, 4318747.343, 140
Trd, 4318747.893, 140
Trd, 4318747.993, 140
Trd, 4318748.293, 140
Trd, 4318748.543, 140
Trd, 4318748.993, 140
Trd, 4318749.393, 140
Trd, 4318750.343, 60
Trd, 4318751.943, 140
Trd, 4318752.293, 140
Trd, 4318752.643, 140
Trd, 4318753.043, 140
Trd, 4318755.093, 140
Trd, 4318755.493, 140
Trd, 4318756.043, 140
Trd, 4318756.943, 140
Trd, 4318756.993, 140
Trd, 4318757.493, 140
Trd, 4318758.343, 96
Trd, 4318759.143, 140
Trd, 4318760.043, 140
Trd, 4318760.843, 140
Trd, 4318761.943, 140
Trd, 4318762.093, 140
Trd, 4318764.593, 140
Trd, 4318764.793, 140
Trd, 4318764.843, 140
Trd, 4318765.243, 140
Trd, 4318765.543, 140
Trd, 4318765.743, 140
Trd, 4318766.643, 140
Trd, 4318766.693, 138
Trd, 4318768.443, 140
Trd, 4318768.893, 140
Trd, 4318769.043, 140
Trd, 4318769.343, 140
Trd, 4318769.943, 140
Trd, 4318772.193, 140
Trd, 4318772.643, 140
Trd, 4318773.493, 140
Trd, 4318773.743, 140
Trd, 4318775.143, 140
Trd, 4318775.593, 140
Trd, 4318776.093, 140
Trd, 4318777.093, 140
Trd, 4318777.493, 140
Trd, 4318777.643, 138
Trd, 4318778.343, 137
Trd, 4318779.093, 137
Trd, 4318779.343, 140
Trd, 4318780.443, 138
Trd, 4318780.543, 137
Trd, 4318782.193, 140
Trd, 4318783.593, 140
Trd, 4318784.243, 140
Trd, 4318785.743, 140
Trd, 4318785.943, 140
Trd, 4318786.043, 140
Trd, 4318787.093, 140
Trd, 4318787.293, 140
Trd, 4318787.693, 140
Trd, 4318788.893, 140
Trd, 4318789.393, 140
Trd, 4318790.393, 140
Trd, 4318791.793, 140
Trd, 4318793.843, 140
Trd, 4318794.043, 140
Trd, 4318794.393, 139
Trd, 4318795.293, 140
Trd, 4318795.993, 140
Trd, 4318796.293, 140
Trd, 4318796.393, 139
Trd, 4318797.243, 140
Trd, 4318798.393, 140
Trd, 4318799.143, 140
Trd, 4318799.243, 140
Trd, 4318800.243, 140
Trd, 4318801.043, 140
Trd, 4318802.693, 140
Trd, 4318802.893, 140
Trd, 4318803.543, 140
Trd, 4318804.543, 140
Trd, 4318805.343, 140
Trd, 4318805.593, 140
Trd, 4318807.293, 140
Trd, 4318807.343, 140
Trd, 4318807.393, 140
Trd, 4318808.093, 140
Trd, 4318809.393, 140
Trd, 4318809.643, 140
Trd, 4318810.043, 140
Trd, 4318810.793, 140
Trd, 4318811.443, 139
Trd, 4318811.543, 138
Trd, 4318812.243, 139
Trd, 4318812.843, 140
Trd, 4318812.943, 139
Trd, 4318813.493, 140
Trd, 4318813.843, 138
Trd, 4318814.893, 61
Trd, 4318815.393, 60
Trd, 4318817.293, 60
Trd, 4318818.093, 60
Trd, 4318819.093, 60
Trd, 4318820.243, 60
Trd, 4318820.293, 60
Trd, 4318820.393, 62
Trd, 4318820.543, 70
Trd, 4318821.443, 68
Trd, 4318821.693, 66
Trd, 4318821.793, 68
Trd, 4318822.293, 68
Trd, 4318822.493, 62
Trd, 4318823.243, 61
Trd, 4318824.943, 60
Trd, 4318825.943, 60
Trd, 4318826.793, 60
Trd, 4318827.093, 60
Trd, 4318828.993, 60
Trd, 4318829.243, 60
Trd, 4318829.943, 60
Trd, 4318831.643, 60
Trd, 4318832.043, 60
Trd, 4318832.593, 60
Trd, 4318833.143, 60
Trd, 4318833.393, 60
Trd, 4318835.143, 60
Trd, 4318835.193, 60
Trd, 4318835.343, 61
Trd, 4318835.693, 60
Trd, 4318837.143, 60
Trd, 4318837.443, 60
Trd, 4318839.093, 60
Trd, 4318840.093, 60
Trd, 4318840.393, 63
Trd, 4318842.693, 60
Trd, 4318843.543, 61
Trd, 4318843.893, 60
Trd, 4318843.993, 60
Trd, 4318844.343, 60
Trd, 4318844.693, 61
Trd, 4318845.243, 62
Trd, 4318845.643, 61
Trd, 4318846.393, 140
Trd, 4318846.693, 140
Trd, 4318846.793, 140
Trd, 4318848.093, 139
Trd, 4318849.143, 140
Trd, 4318849.793, 140
Trd, 4318850.693, 140
Trd, 4318851.193, 140
Trd, 4318852.193, 140
Trd, 4318853.043, 140
Trd, 4318853.493, 139
Trd, 4318854.893, 140
Trd, 4318855.143, 140
Trd, 4318855.893, 140
Trd, 4318856.693, 140
Trd, 4318857.293, 140
Trd, 4318857.793, 140
Trd, 4318857.993, 140
Trd, 4318859.943, 140
Trd, 4318861.043, 140
Trd, 4318861.293, 140
Trd, 4318861.743, 140
Trd, 4318862.693, 140
Trd, 4318863.293, 140
Trd, 4318864.593, 140
Trd, 4318864.793, 140
Trd, 4318865.993, 137
Trd, 4318866.593, 136
Trd, 4318867.743, 140
Trd, 4318868.043, 140
Trd, 4318868.493, 140
Trd, 4318870.493, 140
Trd, 4318870.643, 140
Trd, 4318871.493, 140
Trd, 4318872.093, 140
Trd, 4318872.243, 140
Trd, 4318872.943, 119
Trd, 4318874.443, 140
Trd, 4318874.493, 138
Trd, 4318876.743, 140
Trd, 4318877.493, 140
Trd, 4318877.593, 140
Trd, 4318878.243, 140
Trd, 4318878.643, 140
Trd, 4318879.443, 140
Trd, 4318880.193, 140
Trd, 4318882.343, 140
Trd, 4318882.643, 140
Trd, 4318882.743, 140
Trd, 4318883.643, 140
Trd, 4318883.743, 140
Trd, 4318883.893, 140
Trd, 4318885.343, 140
Trd, 4318885.493, 140
Trd, 4318887.493, 140
Trd, 4318887.643, 140
Trd, 4318888.643, 140
Trd, 4318889.543, 140
Trd, 4318890.043, 140
Trd, 4318892.793, 140
Trd, 4318892.993, 140
Trd, 4318893.543, 140
Trd, 4318893.593, 140
Trd, 4318894.243, 140
Trd, 4318894.443, 140
Trd, 4318895.543, 140
Trd, 4318895.793, 140
Trd, 4318896.543, 140
Trd, 4318896.843, 140
Trd, 4318896.993, 140
Trd, 4318897.093, 137
Trd, 4318897.443, 138
Trd, 4318897.943, 137
Trd, 4318899.393, 109
Trd, 4318899.493, 137
Trd, 4318899.643, 69
Trd, 4318900.543, 63
Trd, 4318902.243, 140
Trd, 4318902.343, 139
Trd, 4318903.593, 139
Trd, 4318904.543, 140
Trd, 4318904.593, 140
Trd, 4318905.593, 140
Trd, 4318905.843, 140
Trd, 4318906.843, 140
Trd, 4318908.093, 140
Trd, 4318908.343, 140
Trd, 4318909.243, 140
Trd, 4318909.743, 140
Trd, 4318911.043, 140
Trd, 4318911.343, 140
Trd, 4318912.943, 140
Trd, 4318913.143, 140
Trd, 4318914.143, 140
Trd, 4318914.793, 140
Trd, 4318915.743, 140
Trd, 4318916.943, 140
Trd, 4318917.093, 140
Trd, 4318918.293, 140
Trd, 4318918.393, 140
Trd, 4318918.893, 140
Trd, 4318920.043, 140
Trd, 4318921.243, 140
Trd, 4318921.893, 140
Trd, 4318921.993, 140
Trd, 4318922.093, 135
Trd, 4318924.593, 140
Trd, 4318924.893, 140
Trd, 4318926.043, 140
Trd, 4318926.493, 140
Trd, 4318926.593, 139
Trd, 4318926.643, 139
Trd, 4318928.993, 140
Trd, 4318929.443, 140
Trd, 4318929.793, 140
Trd, 4318930.493, 140
Trd, 4318930.793, 140
Trd, 4318932.793, 140
Trd, 4318933.393, 140
Trd, 4318933.743, 140
Trd, 4318934.093, 140
Trd, 4318934.643, 140
Trd, 4318936.293, 140
Trd, 4318936.893, 140
Trd, 4318936.943, 140
Trd, 4318937.493, 140
Trd, 4318938.843, 140
Trd, 4318939.093, 140
Trd, 4318940.243, 140
Trd, 4318940.593, 140
Trd, 4318941.943, 140
Trd, 4318942.943, 140
Trd, 4318943.343, 140
Trd, 4318944.293, 140
Trd, 4318944.643, 140
Trd, 4318945.893, 140
Trd, 4318946.093, 140
Trd, 4318948.343, 140
Trd, 4318949.043, 140
Trd, 4318950.143, 140
Trd, 4318950.643, 140
Trd, 4318950.693, 140
Trd, 4318951.193, 140
Trd, 4318952.493, 140
Trd, 4318954.843, 140
Trd, 4318954.943, 140
Trd, 4318955.193, 140
Trd, 4318955.693, 140
Trd, 4318955.993, 140
Trd, 4318956.243, 140
Trd, 4318956.743, 140
Trd, 4318956.893, 140
Trd, 4318957.043, 140
Trd, 4318957.293, 104
Trd, 4318958.143, 104
Trd, 4318959.193, 138
Trd, 4318960.193, 106
Trd, 4318960.443, 140
Trd, 4318960.593, 140
Trd, 4318960.693, 105
Trd, 4318961.093, 103
Trd, 4318962.793, 140
Trd, 4318963.093, 140
Trd, 4318964.293, 140
Trd, 4318965.093, 140
Trd, 4318965.393, 140
Trd, 4318965.643, 140
Trd, 4318965.943, 140
Trd, 4318966.543, 140
Trd, 4318967.293, 139
Trd, 4318967.593, 135
Trd, 4318968.743, 64
Trd, 4318970.893, 140
Trd, 4318971.143, 140
Trd, 4318971.643, 140
Trd, 4318972.643, 140
Trd, 4318972.693, 140
Trd, 4318973.393, 140
Trd, 4318975.243, 140
Trd, 4318975.493, 140
Trd, 4318976.143, 140
Trd, 4318976.593, 140
Trd, 4318978.693, 140
Trd, 4318979.243, 140
Trd, 4318980.043, 140
Trd, 4318980.193, 140
Trd, 4318981.143, 140
Trd, 4318981.393, 140
Trd, 4318982.143, 140
Trd, 4318983.143, 140
Trd, 4318983.243, 140
Trd, 4318984.143, 139
Trd, 4318986.543, 140
Trd, 4318986.693, 140
Trd, 4318986.943, 140
Trd, 4318987.193, 140
Trd, 4318987.793, 140
Trd, 4318988.593, 140
Trd, 4318988.993, 137
Trd, 4318989.593, 132
Trd, 4318990.743, 140
Trd, 4318992.293, 140
Trd, 4318992.943, 140
Trd, 4318993.743, 140
Trd, 4318993.893, 140
Trd, 4318994.443, 140
Trd, 4318994.893, 138
Trd, 4318995.293, 140
Trd, 4318995.843, 139
Trd, 4318997.793, 139
Trd, 4318998.543, 138
Trd, 4318999.343, 139
Trd, 4318999.743, 139
Trd, 4319000.193, 140
Trd, 4319001.393, 139
Trd, 4319002.093, 140
Trd, 4319003.343, 140
Trd, 4319003.593, 136
Trd, 4319003.893, 140
Trd, 4319004.343, 137
Trd, 4319005.043, 140
Trd, 4319005.293, 139
Trd, 4319006.893, 140
Trd, 4319007.293, 140
Trd, 4319007.893, 140
Trd, 4319008.393, 139
Trd, 4319008.443, 140
Trd, 4319008.743, 138
Trd, 4319009.543, 125
Trd, 4319010.943, 125
Trd, 4319011.943, 140
Trd, 4319012.093, 139
Trd, 4319012.193, 135
Trd, 4319012.943, 123
Trd, 4319014.343, 139
Trd, 4319015.143, 139
Trd, 4319015.643, 140
Trd, 4319015.693, 140
Trd, 4319016.543, 140
Trd, 4319017.343, 140
Trd, 4319018.193, 140
Trd, 4319020.893, 140
Trd, 4319020.993, 140
Trd, 4319022.193, 140
Trd, 4319022.243, 140
Trd, 4319022.843, 140
Trd, 4319022.893, 139
Trd, 4319023.643, 139
Trd, 4319024.393, 140
Trd, 4319025.043, 140
Trd, 4319027.443, 140
Trd, 4319027.493, 140
Trd, 4319028.193, 140
Trd, 4319028.293, 135
Trd, 4319029.393, 131
Trd, 4319029.743, 132
Trd, 4319030.693, 140
Trd, 4319031.393, 140
Trd, 4319033.043, 140
Trd, 4319033.643, 140
Trd, 4319033.893, 140
Trd, 4319034.093, 140
Trd, 4319036.093, 140
Trd, 4319036.443, 140
Trd, 4319037.443, 140
Trd, 4319037.743, 140
Trd, 4319038.793, 140
Trd, 4319038.843, 140
Trd, 4319039.143, 101
Trd, 4319040.093, 140
Trd, 4319042.943, 140
Trd, 4319043.043, 140
Trd, 4319043.543, 140
Trd, 4319044.093, 140
Trd, 4319044.293, 140
Trd, 4319044.493, 140
Trd, 4319045.243, 140
Trd, 4319046.843, 140
Trd, 4319047.443, 140
Trd, 4319048.043, 140
Trd, 4319048.843, 138
Trd, 4319050.693, 140
Trd, 4319051.593, 140
Trd, 4319051.643, 140
Trd, 4319052.043, 140
Trd, 4319053.243, 140
Trd, 4319054.493, 140
Trd, 4319056.343, 140
Trd, 4319056.643, 140
Trd, 4319056.693, 140
Trd, 4319056.943, 140
Trd, 4319057.143, 140
Trd, 4319058.343, 140
Trd, 4319058.693, 139
Trd, 4319059.943, 140
Trd, 4319060.343, 140
Trd, 4319060.943, 140
Trd, 4319061.193, 140
Trd, 4319061.543, 140
Trd, 4319061.643, 138
Trd, 4319062.843, 115
Trd, 4319062.993, 139
Trd, 4319064.193, 140
Trd, 4319064.593, 140
Trd, 4319065.093, 140
Trd, 4319065.193, 138
Trd, 4319066.593, 140
Trd, 4319066.793, 140
Trd, 4319068.843, 140
Trd, 4319069.893, 140
Trd, 4319070.143, 140
Trd, 4319070.393, 140
Trd, 4319070.893, 138
Trd, 4319071.043, 78
Trd, 4319072.693, 140
Trd, 4319073.243, 140
Trd, 4319074.593, 140
Trd, 4319074.693, 140
Trd, 4319076.343, 140
Trd, 4319078.043, 140
Trd, 4319078.243, 140
Trd, 4319078.493, 140
Trd, 4319079.043, 140
Trd, 4319079.293, 140
Trd, 4319079.893, 140
Trd, 4319080.243, 140
Trd, 4319082.143, 140
Trd, 4319082.393, 140
Trd, 4319082.643, 140
Trd, 4319084.243, 140
Trd, 4319084.443, 140
Trd, 4319085.393, 140
Trd, 4319087.393, 140
Trd, 4319087.843, 140
Trd, 4319089.043, 140
Trd, 4319089.293, 140
Trd, 4319090.993, 140
Trd, 4319091.193, 140
Trd, 4319092.193, 140
Trd, 4319092.243, 140
Trd, 4319092.493, 140
Trd, 4319093.293, 140
Trd, 4319093.743, 140
Trd, 4319094.393, 140
Trd, 4319094.743, 140
Trd, 4319094.993, 140
Trd, 4319095.893, 140
Trd, 4319096.243, 140
Trd, 4319097.293, 140
Trd, 4319099.693, 140
Trd, 4319100.493, 140
Trd, 4319101.093, 140
Trd, 4319101.493, 140
Trd, 4319101.593, 140
Trd, 4319102.243, 140
Trd, 4319102.743, 140
Trd, 4319103.243, 140
Trd, 4319105.093, 137
Trd, 4319105.193, 136
Trd, 4319105.643, 137
Trd, 4319107.193, 137
Trd, 4319108.443, 140
Trd, 4319109.893, 140
Trd, 4319110.193, 140
Trd, 4319110.293, 140
Trd, 4319110.843, 140
Trd, 4319111.593, 140
Trd, 4319112.593, 140
Trd, 4319113.993, 140
Trd, 4319114.493, 140
Trd, 4319115.843, 140
Trd, 4319116.543, 140
Trd, 4319116.593, 140
Trd, 4319117.043, 140
Trd, 4319118.493, 140
Trd, 4319118.993, 140
Trd, 4319119.793, 140
Trd, 4319119.843, 140
Trd, 4319121.093, 140
Trd, 4319123.343, 140
Trd, 4319124.243, 140
Trd, 4319124.593, 140
Trd, 4319124.693, 140
Trd, 4319125.143, 140
Trd, 4319126.893, 140
Trd, 4319126.993, 140
Trd, 4319128.893, 140
Trd, 4319129.293, 140
Trd, 4319130.093, 140
Trd, 4319130.793, 140
Trd, 4319131.743, 140
Trd, 4319132.493, 140
Trd, 4319132.643, 140
Trd, 4319134.193, 140
Trd, 4319134.243, 140
Trd, 4319134.443, 140
Trd, 4319134.743, 140
Trd, 4319135.893, 140
Trd, 4319136.443, 140
Trd, 4319136.993, 140
Trd, 4319138.043, 140
Trd, 4319138.393, 140
Trd, 4319138.793, 140
Trd, 4319139.743, 140
Trd, 4319140.893, 140
Trd, 4319141.893, 140
Trd, 4319142.343, 140
Trd, 4319143.293, 140
Trd, 4319144.893, 140
Trd, 4319145.093, 140
Trd, 4319146.143, 140
Trd, 4319147.343, 140
Trd, 4319147.743, 140
Trd, 4319148.343, 140
Trd, 4319149.193, 140
Trd, 4319149.943, 140
Trd, 4319150.593, 140
Trd, 4319151.793, 140
Trd, 4319152.093, 140
Trd, 4319152.193, 140
Trd, 4319153.243, 140
Trd, 4319153.543, 140
Trd, 4319154.093, 140
Trd, 4319154.593, 140
Trd, 4319155.843, 140
Trd, 4319157.343, 140
Trd, 4319157.393, 140
Trd, 4319157.693, 140
Trd, 4319158.443, 140
Trd, 4319159.193, 140
Trd, 4319160.193, 140
Trd, 4319160.393, 140
Trd, 4319161.143, 140
Trd, 4319161.443, 140
Trd, 4319161.693, 140
Trd, 4319162.543, 140
Trd, 4319162.893, 140
Trd, 4319164.143, 140
Trd, 4319165.443, 140
Trd, 4319167.193, 140
Trd, 4319167.943, 140
Trd, 4319169.043, 140
Trd, 4319169.843, 140
Trd, 4319170.593, 140
Trd, 4319170.643, 140
Trd, 4319171.093, 138
Trd, 4319171.893, 140
Trd, 4319172.493, 140
Trd, 4319173.393, 123
Trd, 4319173.793, 79
Trd, 4319174.393, 140
Trd, 4319174.993, 140
Trd, 4319175.493, 140
Trd, 4319176.593, 140
Trd, 4319177.643, 140
Trd, 4319177.743, 140
Trd, 4319178.643, 140
Trd, 4319178.943, 140
Trd, 4319182.243, 140
Trd, 4319182.743, 140
Trd, 4319183.043, 140
Trd, 4319183.343, 140
Trd, 4319183.893, 140
Trd, 4319184.643, 140
Trd, 4319184.693, 140
Trd, 4319185.643, 140
Trd, 4319185.693, 140
Trd, 4319186.493, 140
Trd, 4319188.443, 140
Trd, 4319188.543, 140
Trd, 4319188.843, 140
Trd, 4319189.243, 140
Trd, 4319191.443, 140
Trd, 4319193.443, 140
Trd, 4319193.843, 140
Trd, 4319194.143, 140
Trd, 4319194.943, 140
Trd, 4319195.043, 140
Trd, 4319195.193, 140
Trd, 4319196.293, 140
Trd, 4319196.793, 140
Trd, 4319197.243, 140
Trd, 4319197.693, 139
Trd, 4319199.993, 140
Trd, 4319200.643, 140
Trd, 4319200.943, 140
Trd, 4319203.893, 140
Trd, 4319204.193, 140
Trd, 4319204.243, 140
Trd, 4319204.393, 140
Trd, 4319204.743, 140
Trd, 4319206.493, 140
Trd, 4319207.593, 140
Trd, 4319208.393, 140
Trd, 4319208.893, 140
Trd, 4319209.143, 139
Trd, 4319209.193, 138
Trd, 4319209.693, 140
Trd, 4319210.493, 140
Trd, 4319213.143, 140
Trd, 4319213.343, 140
Trd, 4319213.593, 140
Trd, 4319215.393, 140
Trd, 4319215.693, 140
Trd, 4319215.943, 140
Trd, 4319216.743, 140
Trd, 4319217.193, 140
Trd, 4319218.043, 140
Trd, 4319218.143, 140
Trd, 4319218.443, 140
Trd, 4319219.443, 139
Trd, 4319219.893, 127
Trd, 4319221.543, 140
Trd, 4319221.843, 140
Trd, 4319223.943, 140
Trd, 4319224.193, 140
Trd, 4319224.793, 140
Trd, 4319225.393, 140
Trd, 4319226.843, 140
Trd, 4319227.193, 140
Trd, 4319227.893, 140
Trd, 4319229.643, 140
Trd, 4319230.193, 140
Trd, 4319230.843, 140
Trd, 4319231.443, 140
Trd, 4319231.743, 140
Trd, 4319231.843, 140
Trd, 4319232.293, 116
Trd, 4319234.343, 140
Trd, 4319235.393, 140
Trd, 4319235.793, 140
Trd, 4319236.243, 140
Trd, 4319236.343, 140
Trd, 4319238.493, 140
Trd, 4319239.043, 140
Trd, 4319239.543, 140
Trd, 4319240.493, 140
Trd, 4319241.393, 140
Trd, 4319241.693, 140
Trd, 4319243.343, 140
Trd, 4319243.793, 140
Trd, 4319244.543, 140
Trd, 4319246.643, 140
Trd, 4319246.743, 140
Trd, 4319247.443, 140
Trd, 4319248.193, 140
Trd, 4319248.643, 140
Trd, 4319250.293, 140
Trd, 4319251.743, 140
Trd, 4319251.843, 140
Trd, 4319252.193, 140
Trd, 4319252.493, 140
Trd, 4319253.493, 140
Trd, 4319253.893, 140
Trd, 4319254.243, 140
Trd, 4319255.743, 140
Trd, 4319257.143, 140
Trd, 4319257.243, 140
Trd, 4319257.293, 140
Trd, 4319258.243, 140
Trd, 4319260.043, 140
Trd, 4319260.243, 140
Trd, 4319261.093, 140
Trd, 4319261.193, 140
Trd, 4319261.843, 140
Trd, 4319262.193, 140
Trd, 4319264.293, 140
Trd, 4319264.993, 140
Trd, 4319266.193, 140
Trd, 4319266.743, 140
Trd, 4319266.893, 140
Trd, 4319267.593, 140
Trd, 4319267.743, 138
Trd, 4319268.893, 140
Trd, 4319268.943, 139
Trd, 4319269.243, 139
Trd, 4319269.793, 70
Trd, 4319271.143, 64
Trd, 4319271.893, 61
Trd, 4319272.193, 64
Trd, 4319273.193, 61
Trd, 4319273.493, 62
Trd, 4319273.993, 65
Trd, 4319275.043, 60
Trd, 4319275.593, 60
Trd, 4319275.743, 60
Trd, 4319275.993, 60
Trd, 4319276.393, 61
Trd, 4319278.393, 60
Trd, 4319278.893, 60
Trd, 4319279.393, 60
Trd, 4319279.443, 60
Trd, 4319279.743, 60
Trd, 4319279.893, 60
Trd, 4319280.193, 71
Trd, 4319282.043, 64
Trd, 4319282.093, 63
Trd, 4319282.793, 140
Trd, 4319283.243, 140
Trd, 4319286.493, 140
Trd, 4319286.543, 140
Trd, 4319287.143, 140
Trd, 4319287.243, 140
Trd, 4319287.343, 140
Trd, 4319288.143, 140
Trd, 4319289.643, 140
Trd, 4319289.893, 140
Trd, 4319290.843, 140
Trd, 4319292.143, 140
Trd, 4319292.343, 140
Trd, 4319292.443, 140
Trd, 4319293.193, 140
Trd, 4319293.543, 140
Trd, 4319294.343, 140
Trd, 4319294.843, 140
Trd, 4319295.593, 83
Trd, 4319298.043, 140
Trd, 4319299.993, 140
Trd, 4319301.143, 140
Trd, 4319301.243, 140
Trd, 4319301.443, 140
Trd, 4319301.743, 140
Trd, 4319302.443, 140
Trd, 4319302.993, 140
Trd, 4319304.893, 140
Trd, 4319305.643, 140
Trd, 4319305.843, 140
Trd, 4319307.043, 140
Trd, 4319307.193, 140
Trd, 4319309.293, 140
Trd, 4319309.393, 140
Trd, 4319310.593, 140
Trd, 4319311.493, 140
Trd, 4319312.143, 140
Trd, 4319312.593, 140
Trd, 4319313.443, 140
Trd, 4319313.893, 140
Trd, 4319314.443, 140
Trd, 4319314.843, 140
Trd, 4319316.193, 140
Trd, 4319317.093, 140
Trd, 4319317.143, 140
Trd, 4319317.493, 140
Trd, 4319317.743, 140
Trd, 4319319.543, 140
Trd, 4319319.643, 140
Trd, 4319319.693, 139
Trd, 4319320.793, 140
Trd, 4319321.543, 140
Trd, 4319323.093, 140
Trd, 4319323.243, 140
Trd, 4319323.293, 106
Trd, 4319324.143, 139
Trd, 4319324.993, 64
Trd, 4319325.693, 66
Trd, 4319326.493, 60
Trd, 4319327.693, 60
Trd, 4319330.393, 60
Trd, 4319330.593, 60
Trd, 4319330.893, 60
Trd, 4319331.293, 60
Trd, 4319331.443, 60
Trd, 4319331.693, 61
Trd, 4319332.543, 61
Trd, 4319332.743, 62
Trd, 4319332.943, 60
Trd, 4319334.693, 60
Trd, 4319335.893, 61
Trd, 4319337.493, 60
Trd, 4319337.643, 60
Trd, 4319337.893, 60
Trd, 4319339.193, 60
Trd, 4319339.593, 60
Trd, 4319340.043, 62
Trd, 4319342.243, 60
Trd, 4319342.543, 60
Trd, 4319343.743, 61
Trd, 4319344.243, 60
Trd, 4319344.293, 62
Trd, 4319344.793, 62
Trd, 4319345.043, 62
Trd, 4319345.193, 64
Trd, 4319345.993, 63
Trd, 4319346.893, 63
Trd, 4319347.393, 62
Trd, 4319348.343, 60
Trd, 4319348.443, 63
Trd, 4319350.143, 60
Trd, 4319351.393, 60
Trd, 4319353.043, 60
Trd, 4319353.843, 60
Trd, 4319355.893, 60
Trd, 4319356.193, 60
Trd, 4319356.343, 60
Trd, 4319356.843, 60
Trd, 4319357.743, 60
Trd, 4319357.843, 61
Trd, 4319358.193, 61
Trd, 4319358.593, 62
Trd, 4319358.643, 63
Trd, 4319361.043, 61
Trd, 4319362.493, 61
Trd, 4319363.143, 60
Trd, 4319363.993, 60
Trd, 4319364.393, 61
Trd, 4319365.243, 60
Trd, 4319365.343, 60
Trd, 4319365.493, 62
Trd, 4319368.043, 60
Trd, 4319369.543, 61
Trd, 4319369.893, 61
Trd, 4319370.043, 62
Trd, 4319370.093, 62
Trd, 4319370.843, 61
Trd, 4319371.743, 61
Trd, 4319371.893, 61
Trd, 4319373.793, 61
Trd, 4319374.093, 62
Trd, 4319374.443, 65
Trd, 4319375.043, 60
Trd, 4319376.943, 60
Trd, 4319377.393, 61
Trd, 4319378.243, 60
Trd, 4319379.043, 62
Trd, 4319379.093, 61
Trd, 4319379.293, 62
Trd, 4319380.143, 61
Trd, 4319380.393, 64
Trd, 4319380.743, 71
Trd, 4319380.893, 62
Trd, 4319382.593, 60
Trd, 4319382.843, 61
Trd, 4319383.843, 64
Trd, 4319384.443, 60
Trd, 4319385.543, 60
Trd, 4319388.643, 60
Trd, 4319388.993, 60
Trd, 4319390.743, 60
Trd, 4319391.943, 60
Trd, 4319392.093, 60
Trd, 4319392.443, 62
Trd, 4319392.493, 63
Trd, 4319393.293, 61
Trd, 4319393.643, 60
Trd, 4319393.693, 62
Trd, 4319394.343, 60
Trd, 4319395.193, 60
Trd, 4319396.443, 60
Trd, 4319397.293, 60
Trd, 4319398.093, 60
Trd, 4319398.893, 60
Trd, 4319399.243, 62
Trd, 4319401.593, 60
Trd, 4319401.643, 61
Trd, 4319401.993, 60
Trd, 4319402.493, 62
Trd, 4319403.743, 60
Trd, 4319404.893, 60
Trd, 4319405.093, 62
Trd, 4319405.243, 60
Trd, 4319405.443, 62
Trd, 4319406.743, 61
Trd, 4319406.893, 62
Trd, 4319407.493, 62
Trd, 4319407.943, 60
Trd, 4319408.843, 61
Trd, 4319410.093, 60
Trd, 4319411.593, 60
Trd, 4319411.843, 60
Trd, 4319413.993, 60
Trd, 4319414.293, 60
Trd, 4319414.543, 60
Trd, 4319414.643, 60
Trd, 4319416.293, 60
Trd, 4319416.543, 60
Trd, 4319417.643, 60
Trd, 4319417.793, 60
Trd, 4319417.843, 61
Trd, 4319418.443, 62
Trd, 4319418.643, 61
Trd, 4319418.893, 64
Trd, 4319420.243, 60
Trd, 4319420.393, 60
Trd, 4319420.893, 61
Trd, 4319421.843, 62
Trd, 4319424.343, 60
Trd, 4319425.343, 60
Trd, 4319426.243, 60
Trd, 4319426.443, 60
Trd, 4319427.343, 60
Trd, 4319427.943, 60
Trd, 4319428.743, 61
Trd, 4319428.993, 60
Trd, 4319430.293, 60
Trd, 4319431.243, 60
Trd, 4319432.593, 60
Trd, 4319433.243, 60
Trd, 4319434.543, 63
Trd, 4319435.493, 60
Trd, 4319436.843, 60
Trd, 4319438.193, 60
Trd, 4319439.493, 60
Trd, 4319439.643, 60
Trd, 4319440.143, 60
Trd, 4319440.293, 60
Trd, 4319440.393, 60
Trd, 4319440.443, 60
Trd, 4319441.143, 66
Trd, 4319442.143, 61
Trd, 4319442.443, 62
Trd, 4319442.893, 63
Trd, 4319443.043, 64
Trd, 4319444.693, 66
Trd, 4319444.743, 64
Trd, 4319446.693, 60
Trd, 4319446.893, 60
Trd, 4319448.193, 60
Trd, 4319448.643, 60
Trd, 4319448.893, 60
Trd, 4319449.693, 61
Trd, 4319449.943, 63
Trd, 4319450.093, 69
Trd, 4319450.943, 60
Trd, 4319452.043, 62
Trd, 4319452.543, 60
Trd, 4319453.143, 60
Trd, 4319453.343, 60
Trd, 4319453.493, 60
Trd, 4319453.843, 60
Trd, 4319454.343, 60
Trd, 4319455.693, 61
Trd, 4319455.743, 62
Trd, 4319456.593, 62
Trd, 4319458.843, 60
Trd, 4319460.293, 60
Trd, 4319460.493, 61
Trd, 4319460.643, 61
Trd, 4319461.093, 62
Trd, 4319461.293, 61
Trd, 4319461.593, 63
Trd, 4319461.693, 63
Trd, 4319462.493, 139
Trd, 4319463.843, 140
Trd, 4319464.293, 140
Trd, 4319464.893, 140
Trd, 4319465.593, 140
Trd, 4319466.393, 140
Trd, 4319467.693, 140
Trd, 4319468.093, 140
Trd, 4319468.143, 140
Trd, 4319469.243, 140
Trd, 4319469.993, 140
Trd, 4319471.243, 139
Trd, 4319471.793, 140
Trd, 4319472.643, 140
Trd, 4319473.543, 140
Trd, 4319473.843, 140
Trd, 4319473.893, 139
Trd, 4319475.543, 140
Trd, 4319475.893, 140
Trd, 4319477.043, 140
Trd, 4319477.443, 140
Trd, 4319477.943, 140
Trd, 4319479.643, 140
Trd, 4319480.193, 140
Trd, 4319480.693, 140
Trd, 4319481.443, 140
Trd, 4319482.293, 140
Trd, 4319483.443, 140
Trd, 4319483.743, 140
Trd, 4319485.693, 140
Trd, 4319486.293, 140
Trd, 4319486.343, 140
Trd, 4319487.243, 140
Trd, 4319488.143, 140
Trd, 4319488.793, 140
Trd, 4319489.693, 140
Trd, 4319491.393, 140
Trd, 4319491.493, 140
Trd, 4319492.743, 140
Trd, 4319493.493, 140
Trd, 4319493.643, 140
Trd, 4319494.843, 140
Trd, 4319495.693, 140
Trd, 4319495.843, 140
Trd, 4319496.943, 140
Trd, 4319498.593, 140
Trd, 4319498.643, 140
Trd, 4319498.793, 139
Trd, 4319500.243, 140
Trd, 4319500.343, 140
Trd, 4319500.593, 140
Trd, 4319502.393, 140
Trd, 4319502.993, 140
Trd, 4319503.043, 140
Trd, 4319504.243, 140
Trd, 4319504.643, 140
Trd, 4319505.943, 140
Trd, 4319506.843, 140
Trd, 4319506.943, 140
Trd, 4319507.893, 140
Trd, 4319507.993, 140
Trd, 4319508.643, 140
Trd, 4319509.043, 139
Trd, 4319511.643, 140
Trd, 4319513.393, 140
Trd, 4319513.543, 140
Trd, 4319514.393, 140
Trd, 4319515.243, 140
Trd, 4319516.643, 140
Trd, 4319517.143, 140
Trd, 4319517.243, 140
Trd, 4319517.443, 140
Trd, 4319517.793, 140
Trd, 4319518.893, 140
Trd, 4319519.443, 140
Trd, 4319520.193, 140
Trd, 4319521.143, 140
Trd, 4319521.893, 140
Trd, 4319522.193, 140
Trd, 4319522.543, 140
Trd, 4319523.943, 140
Trd, 4319524.143, 140
Trd, 4319525.593, 140
Trd, 4319526.293, 140
Trd, 4319526.693, 140
Trd, 4319528.243, 140
Trd, 4319528.393, 140
Trd, 4319528.743, 138
Trd, 4319530.793, 140
Trd, 4319530.893, 140
Trd, 4319531.743, 140
Trd, 4319532.243, 140
Trd, 4319532.343, 140
Trd, 4319532.943, 140
Trd, 4319534.243, 140
Trd, 4319535.093, 140
Trd, 4319535.793, 140
Trd, 4319536.443, 140
Trd, 4319537.893, 140
Trd, 4319538.043, 140
Trd, 4319539.293, 140
Trd, 4319539.593, 140
Trd, 4319539.743, 140
Trd, 4319541.443, 140
Trd, 4319541.543, 140
Trd, 4319542.143, 140
Trd, 4319543.643, 140
Trd, 4319544.793, 140
Trd, 4319545.643, 140
Trd, 4319545.843, 140
Trd, 4319546.493, 140
Trd, 4319547.143, 140
Trd, 4319547.443, 140
Trd, 4319548.493, 140
Trd, 4319549.043, 140
Trd, 4319550.043, 140
Trd, 4319550.643, 140
Trd, 4319551.093, 140
Trd, 4319552.343, 140
Trd, 4319553.393, 140
Trd, 4319553.443, 140
Trd, 4319555.393, 140
Trd, 4319555.993, 140
Trd, 4319556.393, 140
Trd, 4319557.043, 140
Trd, 4319557.093, 140
Trd, 4319558.693, 140
Trd, 4319559.293, 140
Trd, 4319560.043, 140
Trd, 4319560.143, 140
Trd, 4319561.493, 140
Trd, 4319561.943, 140
Trd, 4319563.293, 140
Trd, 4319563.543, 140
Trd, 4319563.743, 140
Trd, 4319564.043, 138
Trd, 4319565.093, 140
Trd, 4319567.493, 140
Trd, 4319568.043, 140
Trd, 4319568.243, 140
Trd, 4319569.343, 140
Trd, 4319570.143, 140
Trd, 4319570.443, 140
Trd, 4319570.643, 140
Trd, 4319571.293, 140
Trd, 4319572.143, 140
Trd, 4319572.343, 140
Trd, 4319573.093, 140
Trd, 4319574.843, 140
Trd, 4319575.343, 140
Trd, 4319575.993, 140
Trd, 4319576.193, 139
Trd, 4319577.143, 140
Trd, 4319577.493, 140
Trd, 4319578.293, 140
Trd, 4319578.693, 138
Trd, 4319579.643, 138
Trd, 4319581.543, 140
Trd, 4319581.793, 140
Trd, 4319583.643, 140
Trd, 4319584.043, 140
Trd, 4319584.493, 140
Trd, 4319584.543, 140
Trd, 4319585.893, 140
Trd, 4319586.543, 140
Trd, 4319587.243, 140
Trd, 4319588.293, 140
Trd, 4319589.193, 140
Trd, 4319590.793, 140
Trd, 4319591.743, 140
Trd, 4319591.893, 140
Trd, 4319591.943, 140
Trd, 4319592.943, 140
Trd, 4319594.243, 140
Trd, 4319594.393, 140
Trd, 4319595.543, 140
Trd, 4319596.743, 140
Trd, 4319597.543, 140
Trd, 4319597.943, 140
Trd, 4319598.693, 140
Trd, 4319599.993, 140
Trd, 4319600.093, 140
Trd, 4319601.143, 140
Trd, 4319601.543, 140
Trd, 4319602.443, 139
Trd, 4319604.243, 140
Trd, 4319604.643, 140
Trd, 4319604.843, 140
Trd, 4319604.943, 140
Trd, 4319605.943, 140
Trd, 4319607.093, 140
Trd, 4319608.843, 140
Trd, 4319610.293, 140
Trd, 4319610.343, 140
Trd, 4319610.743, 140
Trd, 4319610.843, 140
Trd, 4319611.593, 140
Trd, 4319611.843, 140
Trd, 4319613.393, 140
Trd, 4319614.293, 140
Trd, 4319614.893, 140
Trd, 4319615.893, 140
Trd, 4319616.043, 140
Trd, 4319616.443, 140
Trd, 4319616.743, 140
Trd, 4319616.793, 139
Trd, 4319617.593, 140
Trd, 4319617.793, 138
Trd, 4319618.043, 137
Trd, 4319619.143, 140
Trd, 4319619.293, 138
Trd, 4319620.993, 140
Trd, 4319621.543, 139
Trd, 4319621.993, 79
Trd, 4319623.493, 60
Trd, 4319624.393, 60
Trd, 4319626.693, 60
Trd, 4319627.343, 60
Trd, 4319627.943, 60
Trd, 4319628.243, 60
Trd, 4319628.743, 61
Trd, 4319628.793, 60
Trd, 4319629.793, 62
Trd, 4319630.493, 62
Trd, 4319630.893, 63
Trd, 4319631.043, 60
Trd, 4319631.093, 69
Trd, 4319632.543, 60
Trd, 4319632.793, 61
Trd, 4319633.943, 60
Trd, 4319633.993, 64
Trd, 4319634.143, 61
Trd, 4319635.693, 61
Trd, 4319636.043, 61
Trd, 4319636.293, 60
Trd, 4319639.193, 60
Trd, 4319639.843, 60
Trd, 4319640.943, 60
Trd, 4319641.543, 63
Trd, 4319642.043, 62
Trd, 4319642.393, 60
Trd, 4319643.043, 60
Trd, 4319643.793, 60
Trd, 4319644.843, 63
Trd, 4319644.943, 64
Trd, 4319645.243, 65
Trd, 4319645.293, 64
Trd, 4319645.543, 62
Trd, 4319645.743, 73
Trd, 4319646.843, 60
Trd, 4319646.943, 62
Trd, 4319647.743, 60
Trd, 4319651.943, 60
Trd, 4319652.993, 60
Trd, 4319653.143, 60
Trd, 4319653.443, 60
Trd, 4319654.443, 60
Trd, 4319655.393, 60
Trd, 4319656.493, 60
Trd, 4319656.643, 60
Trd, 4319656.693, 60
Trd, 4319656.993, 61
Trd, 4319657.593, 63
Trd, 4319658.893, 60
Trd, 4319659.093, 60
Trd, 4319659.343, 60
Trd, 4319660.443, 60
Trd, 4319662.693, 60
Trd, 4319662.743, 61
Trd, 4319664.293, 63
Trd, 4319666.693, 60
Trd, 4319667.993, 60
Trd, 4319668.643, 60
Trd, 4319669.143, 60
Trd, 4319669.393, 60
Trd, 4319669.443, 60
Trd, 4319670.243, 61
Trd, 4319671.343, 60
Trd, 4319671.543, 61
Trd, 4319671.643, 64
Trd, 4319672.093, 61
Trd, 4319672.843, 62
Trd, 4319673.143, 61
Trd, 4319673.993, 60
Trd, 4319674.143, 64
Trd, 4319675.443, 60
Trd, 4319675.543, 61
Trd, 4319677.593, 60
Trd, 4319678.693, 60
Trd, 4319679.093, 60
Trd, 4319680.643, 60
Trd, 4319681.443, 60
Trd, 4319682.393, 60
Trd, 4319683.343, 60
Trd, 4319683.443, 60
Trd, 4319684.843, 61
Trd, 4319685.143, 65
Trd, 4319685.593, 62
Trd, 4319687.193, 60
Trd, 4319687.293, 61
Trd, 4319688.593, 60
Trd, 4319689.143, 60
Trd, 4319689.793, 60
Trd, 4319689.893, 63
Trd, 4319690.793, 61
Trd, 4319693.493, 60
Trd, 4319694.793, 60
Trd, 4319695.293, 60
Trd, 4319695.343, 60
Trd, 4319695.493, 61
Trd, 4319696.593, 60
Trd, 4319696.843, 60
Trd, 4319697.343, 60
Trd, 4319698.543, 60
Trd, 4319698.693, 60
Trd, 4319698.843, 60
Trd, 4319700.443, 60
Trd, 4319701.243, 60
Trd, 4319702.593, 60
Trd, 4319704.543, 61
Trd, 4319704.643, 61
Trd, 4319704.993, 61
Trd, 4319705.693, 60
Trd, 4319706.743, 60
Trd, 4319708.643, 60
Trd, 4319709.693, 60
Trd, 4319709.743, 60
Trd, 4319710.743, 60
Trd, 4319711.643, 60
Trd, 4319711.943, 60
Trd, 4319713.343, 60
Trd, 4319713.843, 60
Trd, 4319714.243, 61
Trd, 4319714.643, 61
Trd, 4319715.293, 60
Trd, 4319717.593, 60
Trd, 4319717.693, 60
Trd, 4319718.443, 60
Trd, 4319719.143, 60
Trd, 4319720.643, 60
Trd, 4319720.693, 62
Trd, 4319721.293, 64
Trd, 4319721.793, 61
Trd, 4319722.743, 61
Trd, 4319722.843, 63
Trd, 4319723.043, 64
Trd, 4319723.243, 63
Trd, 4319723.693, 64
Trd, 4319724.343, 140
Trd, 4319725.193, 67
Trd, 4319726.393, 67
Trd, 4319726.893, 140
Trd, 4319727.393, 139
Trd, 4319727.793, 62
Trd, 4319729.793, 138
Trd, 4319730.993, 60
Trd, 4319731.043, 60
Trd, 4319733.743, 60
Trd, 4319733.793, 60
Trd, 4319735.443, 60
Trd, 4319735.693, 60
Trd, 4319735.843, 60
Trd, 4319737.243, 60
Trd, 4319737.343, 61
Trd, 4319737.643, 61
Trd, 4319740.093, 60
Trd, 4319740.143, 60
Trd, 4319740.493, 61
Trd, 4319741.093, 62
Trd, 4319741.643, 62
Trd, 4319741.843, 63
Trd, 4319742.193, 64
Trd, 4319743.043, 61
Trd, 4319743.543, 60
Trd, 4319744.043, 60
Trd, 4319744.343, 61
Trd, 4319744.393, 64
Trd, 4319746.143, 61
Trd, 4319746.393, 62
Trd, 4319747.243, 62
Trd, 4319747.593, 60
Trd, 4319750.793, 60
Trd, 4319750.843, 60
Trd, 4319753.043, 60
Trd, 4319753.593, 60
Trd, 4319754.393, 60
Trd, 4319754.543, 60
Trd, 4319754.893, 60
Trd, 4319755.043, 60
Trd, 4319755.243, 60
Trd, 4319756.193, 60
Trd, 4319757.593, 60
Trd, 4319757.743, 61
Trd, 4319757.843, 62
Trd, 4319758.243, 62
Trd, 4319761.043, 60
Trd, 4319762.693, 60
Trd, 4319763.043, 61
Trd, 4319763.593, 66
Trd, 4319764.243, 65
Trd, 4319766.043, 62
Trd, 4319767.093, 63
Trd, 4319767.293, 62
Trd, 4319767.343, 65
Trd, 4319767.493, 67
Trd, 4319767.893, 67
Trd, 4319768.743, 66
Trd, 4319769.043, 65
Trd, 4319771.643, 60
Trd, 4319772.393, 60
Trd, 4319772.593, 60
Trd, 4319772.893, 63
Trd, 4319775.943, 60
Trd, 4319776.193, 60
Trd, 4319776.493, 60
Trd, 4319777.793, 60
Trd, 4319778.643, 60
Trd, 4319778.943, 60
Trd, 4319779.143, 60
Trd, 4319779.493, 60
Trd, 4319779.893, 60
Trd, 4319780.643, 60
Trd, 4319781.843, 60
Trd, 4319782.043, 60
Trd, 4319783.843, 60
Trd, 4319783.993, 61
Trd, 4319784.843, 60
Trd, 4319785.193, 61
Trd, 4319785.393, 61
Trd, 4319785.843, 61
Trd, 4319786.093, 60
Trd, 4319786.643, 63
Trd, 4319786.943, 60
Trd, 4319787.243, 65
Trd, 4319788.443, 61
Trd, 4319788.693, 61
Trd, 4319789.143, 63
Trd, 4319790.643, 60
Trd, 4319791.493, 61
Trd, 4319791.743, 62
Trd, 4319792.093, 62
Trd, 4319794.393, 60
Trd, 4319795.243, 60
Trd, 4319796.043, 60
Trd, 4319797.393, 60
Trd, 4319798.143, 60
Trd, 4319798.543, 60
Trd, 4319800.543, 60
Trd, 4319800.693, 60
Trd, 4319800.893, 60
Trd, 4319801.493, 60
Trd, 4319802.043, 60
Trd, 4319802.393, 60
Trd, 4319802.743, 60
Trd, 4319803.693, 60
Trd, 4319804.643, 60
Trd, 4319804.793, 60
Trd, 4319806.943, 60
Trd, 4319807.093, 61
Trd, 4319808.293, 60
Trd, 4319808.443, 61
Trd, 4319808.893, 61
Trd, 4319810.743, 61
Trd, 4319811.193, 60
Trd, 4319812.043, 60
Trd, 4319812.843, 60
Trd, 4319813.043, 60
Trd, 4319813.243, 60
Trd, 4319813.293, 61
Trd, 4319813.543, 63
Trd, 4319814.843, 66
Trd, 4319814.893, 67
Trd, 4319815.193, 62
Trd, 4319815.493, 64
Trd, 4319816.793, 67
Trd, 4319819.393, 61
Trd, 4319819.493, 62
Trd, 4319821.693, 60
Trd, 4319821.943, 61
Trd, 4319822.793, 60
Trd, 4319823.343, 61
Trd, 4319823.443, 61
Trd, 4319823.743, 63
Trd, 4319823.993, 63
Trd, 4319824.143, 62
Trd, 4319824.443, 63
Trd, 4319824.793, 139
Trd, 4319825.093, 60
Trd, 4319827.493, 60
Trd, 4319827.693, 60
Trd, 4319830.143, 60
Trd, 4319830.843, 60
Trd, 4319831.243, 60
Trd, 4319832.843, 60
Trd, 4319834.493, 60
Trd, 4319834.543, 60
Trd, 4319834.593, 60
Trd, 4319835.693, 60
Trd, 4319836.343, 60
Trd, 4319836.993, 61
Trd, 4319837.143, 62
Trd, 4319837.493, 63
Trd, 4319838.193, 63
Trd, 4319840.043, 60
Trd, 4319840.393, 60
Trd, 4319842.293, 60
Trd, 4319843.143, 60
Trd, 4319843.493, 60
Trd, 4319844.343, 60
Trd, 4319845.193, 60
Trd, 4319845.843, 60
Trd, 4319846.493, 60
Trd, 4319847.493, 60
Trd, 4319847.893, 61
Trd, 4319848.193, 61
Trd, 4319849.843, 60
Trd, 4319850.293, 60
Trd, 4319850.543, 60
Trd, 4319850.793, 60
Trd, 4319851.043, 62
Trd, 4319851.293, 61
Trd, 4319851.443, 62
Trd, 4319856.943, 60
Trd, 4319856.993, 60
Trd, 4319857.893, 60
Trd, 4319858.143, 60
Trd, 4319858.293, 61
Trd, 4319858.993, 60
Trd, 4319859.743, 62
Trd, 4319859.993, 64
Trd, 4319860.193, 62
Trd, 4319860.243, 61
Trd, 4319860.843, 60
Trd, 4319861.593, 62
Trd, 4319861.843, 63
Trd, 4319862.343, 62
Trd, 4319862.593, 62
Trd, 4319863.343, 65
Trd, 4319863.693, 65
Trd, 4319864.993, 140
Trd, 4319866.343, 140
Trd, 4319866.543, 140
Trd, 4319866.593, 137
Trd, 4319866.843, 103
Trd, 4319867.743, 140
Trd, 4319867.943, 139
Trd, 4319868.743, 140
Trd, 4319869.693, 140
Trd, 4319869.943, 139
Trd, 4319870.293, 140
Trd, 4319871.043, 140
Trd, 4319871.143, 139
Trd, 4319872.093, 140
Trd, 4319873.493, 138
Trd, 4319873.993, 135
Trd, 4319874.743, 139
Trd, 4319875.143, 140
Trd, 4319875.393, 140
Trd, 4319876.893, 60
Trd, 4319877.043, 60
Trd, 4319877.693, 128
Trd, 4319878.943, 139
Trd, 4319879.293, 139
Trd, 4319880.893, 140
Trd, 4319880.943, 140
Trd, 4319881.193, 140
Trd, 4319881.293, 139
Trd, 4319883.543, 140
Trd, 4319884.093, 140
Trd, 4319884.143, 140
Trd, 4319885.443, 140
Trd, 4319886.143, 140
Trd, 4319887.893, 140
Trd, 4319888.593, 140
Trd, 4319888.693, 140
Trd, 4319891.093, 140
Trd, 4319891.493, 140
Trd, 4319891.793, 140
Trd, 4319891.893, 140
Trd, 4319892.493, 140
Trd, 4319892.893, 140
Trd, 4319893.943, 140
Trd, 4319895.243, 140
Trd, 4319896.243, 140
Trd, 4319896.343, 140
Trd, 4319896.693, 140
Trd, 4319897.343, 140
Trd, 4319897.893, 140
Trd, 4319898.993, 140
Trd, 4319899.543, 140
Trd, 4319901.043, 140
Trd, 4319902.293, 140
Trd, 4319903.143, 140
Trd, 4319903.493, 140
Trd, 4319903.843, 139
Trd, 4319905.093, 140
Trd, 4319905.493, 140
Trd, 4319905.893, 140
Trd, 4319906.093, 140
Trd, 4319906.593, 139
Trd, 4319907.093, 140
Trd, 4319907.943, 139
Trd, 4319908.243, 140
Trd, 4319909.693, 140
Trd, 4319910.793, 140
Trd, 4319910.893, 140
Trd, 4319911.793, 140
Trd, 4319913.743, 140
Trd, 4319914.093, 140
Trd, 4319914.193, 140
Trd, 4319916.343, 140
Trd, 4319917.543, 140
Trd, 4319917.843, 140
Trd, 4319918.793, 140
Trd, 4319919.093, 140
Trd, 4319919.593, 140
Trd, 4319920.193, 140
Trd, 4319920.943, 140
Trd, 4319921.843, 140
Trd, 4319921.943, 140
Trd, 4319922.443, 140
Trd, 4319924.193, 140
Trd, 4319925.093, 140
Trd, 4319925.143, 140
Trd, 4319925.243, 139
Trd, 4319925.393, 138
Trd, 4319927.143, 140
Trd, 4319927.343, 140
Trd, 4319927.593, 140
Trd, 4319928.343, 139
Trd, 4319928.943, 140
Trd, 4319929.243, 139
Trd, 4319930.293, 138
Trd, 4319930.993, 140
Trd, 4319931.593, 138
Trd, 4319934.243, 140
Trd, 4319934.293, 140
Trd, 4319935.043, 137
Trd, 4319935.443, 138
Trd, 4319935.693, 137
Trd, 4319936.443, 140
Trd, 4319937.543, 140
Trd, 4319938.893, 140
Trd, 4319939.093, 140
Trd, 4319939.443, 140
Trd, 4319939.893, 138
Trd, 4319942.243, 140
Trd, 4319942.793, 140
Trd, 4319943.343, 140
Trd, 4319943.393, 140
Trd, 4319944.243, 140
Trd, 4319945.893, 140
Trd, 4319947.293, 140
Trd, 4319947.343, 140
Trd, 4319947.793, 140
Trd, 4319948.443, 140
Trd, 4319949.893, 140
Trd, 4319950.193, 140
Trd, 4319950.443, 140
Trd, 4319951.393, 140
Trd, 4319952.543, 140
Trd, 4319952.793, 139
Trd, 4319953.893, 140
Trd, 4319954.843, 140
Trd, 4319954.893, 140
Trd, 4319956.093, 140
Trd, 4319956.243, 140
Trd, 4319956.693, 140
Trd, 4319957.193, 140
Trd, 4319957.343, 140
Trd, 4319958.643, 140
Trd, 4319959.443, 140
Trd, 4319960.093, 140
Trd, 4319961.243, 140
Trd, 4319961.893, 140
Trd, 4319962.043, 140
Trd, 4319962.293, 140
Trd, 4319962.593, 140
Trd, 4319963.543, 139
Trd, 4319966.743, 140
Trd, 4319967.393, 140
Trd, 4319967.743, 140
Trd, 4319968.593, 140
Trd, 4319969.093, 140
Trd, 4319969.693, 140
Trd, 4319969.943, 140
Trd, 4319970.193, 139
Trd, 4319971.393, 140
Trd, 4319971.843, 140
Trd, 4319973.093, 140
Trd, 4319974.993, 140
Trd, 4319975.343, 140
Trd, 4319975.893, 140
Trd, 4319976.243, 140
Trd, 4319976.493, 140
Trd, 4319977.143, 124
Trd, 4319979.043, 60
Trd, 4319979.393, 60
Trd, 4319979.593, 60
Trd, 4319979.693, 65
Trd, 4319980.493, 67
Trd, 4319981.043, 60
Trd, 4319981.743, 60
Trd, 4319983.293, 60
Trd, 4319984.643, 60
Trd, 4319986.043, 60
Trd, 4319986.443, 60
Trd, 4319987.143, 62
Trd, 4319987.493, 62
Trd, 4319987.793, 62
Trd, 4319987.993, 60
Trd, 4319988.893, 140
Trd, 4319989.143, 62
Trd, 4319989.393, 66
Trd, 4319990.193, 67
Trd, 4319991.543, 60
Trd, 4319993.193, 60
Trd, 4319993.243, 60
Trd, 4319993.793, 62
Trd, 4319995.693, 60
Trd, 4319995.893, 60
Trd, 4319996.243, 60
Trd, 4319996.393, 61
Trd, 4319997.793, 60
Trd, 4319997.893, 60
