Trd, 4318133.943, 107
Trd, 4318134.093, 107
Trd, 4318134.743, 126
Trd, 4318135.143, 139
Trd, 4318135.493, 138
Trd, 4318135.843, 120
Trd, 4318136.343, 69
Trd, 4318138.093, 71
Trd, 4318140.243, 119
Trd, 4318140.293, 118
Trd, 4318141.943, 126
Trd, 4318142.393, 125
Trd, 4318142.793, 110
Trd, 4318144.793, 115
Trd, 4318145.293, 107
Trd, 4318145.343, 96
Trd, 4318145.443, 92
Trd, 4318145.643, 79
Trd, 4318145.993, 78
Trd, 4318147.243, 139
Trd, 4318147.843, 130
Trd, 4318148.293, 131
Trd, 4318149.193, 97
Trd, 4318150.943, 88
Trd, 4318152.143, 131
Trd, 4318152.543, 107
Trd, 4318152.843, 90
Trd, 4318152.943, 82
Trd, 4318153.293, 122
Trd, 4318155.093, 63
Trd, 4318155.643, 76
Trd, 4318156.793, 95
Trd, 4318157.143, 62
Trd, 4318158.293, 65
Trd, 4318159.343, 70
Trd, 4318159.443, 74
Trd, 4318159.643, 70
Trd, 4318160.443, 70
Trd, 4318162.593, 127
Trd, 4318162.743, 117
Trd, 4318163.543, 78
Trd, 4318163.743, 77
Trd, 4318163.843, 109
Trd, 4318165.043, 60
Trd, 4318165.393, 71
Trd, 4318166.443, 71
Trd, 4318167.693, 61
Trd, 4318168.293, 61
Trd, 4318169.393, 96
Trd, 4318169.993, 104
Trd, 4318171.393, 92
Trd, 4318172.693, 91
Trd, 4318174.293, 136
Trd, 4318174.343, 115
Trd, 4318174.493, 119
Trd, 4318174.793, 106
Trd, 4318175.393, 89
Trd, 4318176.043, 63
Trd, 4318176.193, 123
Trd, 4318176.993, 127
Trd, 4318177.443, 125
Trd, 4318178.293, 68
Trd, 4318180.093, 103
Trd, 4318180.243, 103
Trd, 4318180.543, 99
Trd, 4318181.693, 97
Trd, 4318182.093, 98
Trd, 4318182.393, 93
Trd, 4318182.543, 66
Trd, 4318184.193, 75
Trd, 4318184.693, 69
Trd, 4318184.943, 70
Trd, 4318184.993, 66
Trd, 4318185.993, 68
Trd, 4318186.493, 68
Trd, 4318186.893, 68
Trd, 4318187.543, 64
Trd, 4318189.343, 100
Trd, 4318189.743, 123
Trd, 4318189.893, 112
Trd, 4318190.693, 136
Trd, 4318191.143, 114
Trd, 4318192.043, 112
Trd, 4318192.243, 110
Trd, 4318192.343, 125
Trd, 4318193.393, 110
Trd, 4318193.793, 109
Trd, 4318194.493, 67
Trd, 4318194.843, 99
Trd, 4318196.343, 132
Trd, 4318196.793, 133
Trd, 4318197.493, 132
Trd, 4318197.893, 114
Trd, 4318199.193, 64
Trd, 4318201.743, 125
Trd, 4318202.043, 100
Trd, 4318202.293, 140
Trd, 4318202.943, 94
Trd, 4318203.443, 109
Trd, 4318203.493, 99
Trd, 4318204.393, 113
Trd, 4318204.593, 112
Trd, 4318204.793, 133
Trd, 4318205.993, 103
Trd, 4318207.043, 138
Trd, 4318207.193, 134
Trd, 4318208.093, 124
Trd, 4318209.193, 91
Trd, 4318209.693, 88
Trd, 4318210.693, 79
Trd, 4318211.293, 68
Trd, 4318211.893, 86
Trd, 4318213.243, 64
Trd, 4318213.743, 77
Trd, 4318215.193, 139
Trd, 4318215.343, 138
Trd, 4318215.643, 123
Trd, 4318216.543, 122
Trd, 4318216.893, 74
Trd, 4318217.293, 121
Trd, 4318218.843, 129
Trd, 4318218.943, 75
Trd, 4318219.493, 78
Trd, 4318220.093, 76
Trd, 4318220.143, 75
Trd, 4318220.993, 135
Trd, 4318222.343, 91
Trd, 4318223.443, 88
Trd, 4318223.693, 116
Trd, 4318224.343, 127
Trd, 4318224.993, 87
Trd, 4318225.843, 117
Trd, 4318226.043, 86
Trd, 4318227.293, 64
Trd, 4318227.593, 68
Trd, 4318227.693, 69
Trd, 4318228.543, 116
Trd, 4318229.443, 106
Trd, 4318229.593, 87
Trd, 4318230.443, 95
Trd, 4318230.493, 86
Trd, 4318230.593, 66
Trd, 4318232.593, 60
Trd, 4318233.743, 68
Trd, 4318235.193, 61
Trd, 4318235.993, 77
Trd, 4318236.593, 78
Trd, 4318237.143, 94
Trd, 4318238.743, 95
Trd, 4318238.893, 93
Trd, 4318239.343, 93
Trd, 4318239.843, 64
Trd, 4318239.943, 62
Trd, 4318241.143, 98
Trd, 4318241.193, 60
Trd, 4318241.843, 88
Trd, 4318242.943, 131
Trd, 4318243.593, 111
Trd, 4318244.943, 106
Trd, 4318245.193, 105
Trd, 4318246.043, 103
Trd, 4318246.243, 88
Trd, 4318246.743, 92
Trd, 4318247.893, 133
Trd, 4318248.443, 126
Trd, 4318248.743, 75
Trd, 4318250.943, 90
Trd, 4318251.643, 61
Trd, 4318252.243, 61
Trd, 4318252.843, 60
Trd, 4318253.143, 115
Trd, 4318253.493, 91
Trd, 4318253.743, 91
Trd, 4318254.493, 101
Trd, 4318255.693, 129
Trd, 4318255.793, 127
Trd, 4318257.743, 95
Trd, 4318257.893, 92
Trd, 4318257.943, 81
Trd, 4318258.993, 127
Trd, 4318259.293, 90
Trd, 4318259.593, 74
Trd, 4318260.143, 93
Trd, 4318261.143, 122
Trd, 4318261.493, 105
Trd, 4318263.643, 122
Trd, 4318264.343, 105
Trd, 4318264.393, 104
Trd, 4318264.443, 101
Trd, 4318266.193, 117
Trd, 4318266.343, 113
Trd, 4318266.943, 64
Trd, 4318266.993, 71
Trd, 4318267.943, 60
Trd, 4318268.193, 62
Trd, 4318269.343, 64
Trd, 4318270.193, 64
Trd, 4318270.443, 123
Trd, 4318272.093, 114
Trd, 4318272.443, 131
Trd, 4318272.643, 90
Trd, 4318272.693, 87
Trd, 4318273.993, 87
Trd, 4318274.643, 132
Trd, 4318274.743, 131
Trd, 4318275.293, 88
Trd, 4318277.593, 87
Trd, 4318277.943, 87
Trd, 4318278.193, 120
Trd, 4318279.043, 96
Trd, 4318279.343, 117
Trd, 4318279.843, 110
Trd, 4318281.843, 67
Trd, 4318281.893, 61
Trd, 4318282.293, 79
Trd, 4318283.343, 135
Trd, 4318283.593, 134
Trd, 4318284.393, 134
Trd, 4318284.493, 125
Trd, 4318284.543, 117
Trd, 4318285.043, 108
Trd, 4318285.493, 123
Trd, 4318286.793, 75
Trd, 4318288.443, 120
Trd, 4318289.143, 102
Trd, 4318290.443, 73
Trd, 4318291.693, 78
Trd, 4318292.593, 81
Trd, 4318292.743, 78
Trd, 4318292.993, 77
Trd, 4318293.093, 86
Trd, 4318295.243, 90
Trd, 4318295.393, 80
Trd, 4318296.443, 62
Trd, 4318296.543, 135
Trd, 4318297.943, 71
Trd, 4318299.943, 95
Trd, 4318300.543, 77
Trd, 4318300.793, 81
Trd, 4318301.193, 88
Trd, 4318301.943, 121
Trd, 4318302.143, 113
Trd, 4318302.293, 110
Trd, 4318302.743, 102
Trd, 4318304.393, 98
Trd, 4318304.893, 98
Trd, 4318305.143, 97
Trd, 4318306.493, 108
Trd, 4318307.893, 111
Trd, 4318307.943, 108
Trd, 4318308.393, 76
Trd, 4318309.043, 62
Trd, 4318311.043, 65
Trd, 4318311.393, 66
Trd, 4318311.493, 101
Trd, 4318311.793, 66
Trd, 4318313.443, 93
Trd, 4318313.943, 111
Trd, 4318315.743, 111
Trd, 4318316.293, 111
Trd, 4318317.043, 128
Trd, 4318317.943, 98
Trd, 4318317.993, 97
Trd, 4318318.493, 88
Trd, 4318318.593, 82
Trd, 4318318.893, 80
Trd, 4318319.543, 87
Trd, 4318320.293, 136
Trd, 4318321.193, 73
Trd, 4318321.243, 66
Trd, 4318322.543, 62
Trd, 4318323.043, 74
Trd, 4318323.093, 82
Trd, 4318323.143, 70
Trd, 4318324.243, 94
Trd, 4318324.543, 76
Trd, 4318324.993, 64
Trd, 4318325.493, 64
Trd, 4318327.443, 105
Trd, 4318328.443, 90
Trd, 4318328.843, 104
Trd, 4318329.093, 108
Trd, 4318329.393, 85
Trd, 4318329.843, 86
Trd, 4318330.443, 62
Trd, 4318330.843, 138
Trd, 4318333.193, 66
Trd, 4318334.293, 68
Trd, 4318335.593, 94
Trd, 4318336.443, 119
Trd, 4318337.493, 105
Trd, 4318337.793, 97
Trd, 4318337.843, 112
Trd, 4318338.143, 87
Trd, 4318338.643, 63
Trd, 4318338.843, 65
Trd, 4318339.743, 71
Trd, 4318340.343, 78
Trd, 4318342.343, 60
Trd, 4318343.043, 61
Trd, 4318343.643, 62
Trd, 4318343.843, 84
Trd, 4318344.793, 80
Trd, 4318346.793, 97
Trd, 4318347.093, 96
Trd, 4318347.543, 95
Trd, 4318347.693, 101
Trd, 4318348.393, 88
Trd, 4318348.543, 120
Trd, 4318348.893, 75
Trd, 4318349.443, 76
Trd, 4318349.543, 84
Trd, 4318350.043, 104
Trd, 4318351.143, 115
Trd, 4318352.693, 137
Trd, 4318352.993, 136
Trd, 4318353.093, 136
Trd, 4318353.743, 92
Trd, 4318354.093, 95
Trd, 4318354.643, 101
Trd, 4318354.693, 73
Trd, 4318355.693, 71
Trd, 4318357.393, 72
Trd, 4318358.043, 84
Trd, 4318359.793, 91
Trd, 4318360.743, 114
Trd, 4318361.443, 112
Trd, 4318362.093, 115
Trd, 4318362.993, 123
Trd, 4318363.393, 99
Trd, 4318363.593, 91
Trd, 4318364.043, 90
Trd, 4318365.543, 74
Trd, 4318366.143, 66
Trd, 4318366.643, 69
Trd, 4318367.893, 68
Trd, 4318368.293, 121
Trd, 4318370.093, 91
Trd, 4318370.593, 136
Trd, 4318371.193, 99
Trd, 4318372.743, 104
Trd, 4318373.093, 126
Trd, 4318374.593, 98
Trd, 4318374.643, 95
Trd, 4318374.893, 104
Trd, 4318375.543, 87
Trd, 4318376.593, 85
Trd, 4318376.693, 104
Trd, 4318377.443, 97
Trd, 4318378.093, 63
Trd, 4318378.543, 96
Trd, 4318379.643, 90
Trd, 4318380.293, 109
Trd, 4318380.593, 87
Trd, 4318382.643, 63
Trd, 4318382.843, 110
Trd, 4318383.043, 112
Trd, 4318384.193, 86
Trd, 4318385.343, 98
Trd, 4318386.243, 131
Trd, 4318386.343, 95
Trd, 4318387.543, 115
Trd, 4318387.793, 96
Trd, 4318388.293, 111
Trd, 4318388.443, 131
Trd, 4318388.693, 113
Trd, 4318388.993, 111
Trd, 4318391.343, 106
Trd, 4318391.793, 109
Trd, 4318391.893, 106
Trd, 4318392.343, 123
Trd, 4318392.593, 109
Trd, 4318393.343, 95
Trd, 4318394.943, 127
Trd, 4318395.193, 112
Trd, 4318395.293, 83
Trd, 4318395.993, 85
Trd, 4318396.993, 85
Trd, 4318397.693, 85
Trd, 4318398.243, 138
Trd, 4318398.793, 132
Trd, 4318400.293, 137
Trd, 4318400.543, 137
Trd, 4318402.643, 137
Trd, 4318402.893, 116
Trd, 4318403.793, 115
Trd, 4318403.893, 100
Trd, 4318404.143, 75
Trd, 4318404.693, 89
Trd, 4318406.793, 123
Trd, 4318407.843, 114
Trd, 4318408.993, 119
Trd, 4318409.293, 116
Trd, 4318409.393, 115
Trd, 4318409.543, 112
Trd, 4318409.643, 107
Trd, 4318410.643, 128
Trd, 4318411.693, 99
Trd, 4318412.993, 130
Trd, 4318413.193, 90
Trd, 4318413.243, 87
Trd, 4318414.343, 124
Trd, 4318414.893, 121
Trd, 4318415.093, 117
Trd, 4318415.743, 76
Trd, 4318415.843, 67
Trd, 4318417.443, 110
Trd, 4318418.993, 98
Trd, 4318419.543, 86
Trd, 4318420.493, 92
Trd, 4318421.793, 108
Trd, 4318421.843, 102
Trd, 4318421.943, 92
Trd, 4318422.393, 102
Trd, 4318422.443, 86
Trd, 4318423.893, 63
Trd, 4318424.343, 92
Trd, 4318425.993, 97
Trd, 4318426.443, 90
Trd, 4318427.293, 87
Trd, 4318427.743, 112
Trd, 4318427.793, 90
Trd, 4318428.493, 111
Trd, 4318429.043, 123
Trd, 4318429.743, 75
Trd, 4318429.943, 102
Trd, 4318430.893, 125
Trd, 4318432.543, 65
Trd, 4318432.993, 63
Trd, 4318433.643, 65
Trd, 4318434.493, 69
Trd, 4318434.543, 87
Trd, 4318435.243, 92
Trd, 4318436.793, 83
Trd, 4318437.093, 125
Trd, 4318437.843, 81
Trd, 4318439.043, 119
Trd, 4318440.943, 128
Trd, 4318441.543, 135
Trd, 4318441.693, 82
Trd, 4318442.443, 78
Trd, 4318442.643, 61
Trd, 4318443.243, 60
Trd, 4318444.393, 83
Trd, 4318444.493, 91
Trd, 4318445.243, 103
Trd, 4318445.943, 76
Trd, 4318446.493, 135
Trd, 4318447.293, 133
Trd, 4318447.643, 117
Trd, 4318447.993, 122
Trd, 4318448.393, 121
Trd, 4318448.643, 92
Trd, 4318450.493, 120
Trd, 4318450.993, 81
Trd, 4318451.343, 130
Trd, 4318451.593, 119
Trd, 4318453.843, 88
Trd, 4318454.843, 83
Trd, 4318455.093, 81
Trd, 4318455.243, 80
Trd, 4318455.893, 106
Trd, 4318456.493, 83
Trd, 4318456.593, 80
Trd, 4318457.193, 62
Trd, 4318457.493, 101
Trd, 4318459.493, 99
Trd, 4318459.893, 117
Trd, 4318461.543, 118
Trd, 4318462.743, 133
Trd, 4318463.143, 132
Trd, 4318463.493, 107
Trd, 4318464.693, 111
Trd, 4318464.843, 110
Trd, 4318465.393, 120
Trd, 4318465.543, 106
Trd, 4318465.993, 68
Trd, 4318467.993, 97
Trd, 4318468.843, 104
Trd, 4318469.743, 102
Trd, 4318470.093, 100
Trd, 4318471.193, 62
Trd, 4318471.243, 83
Trd, 4318471.693, 74
Trd, 4318472.043, 125
Trd, 4318473.693, 129
Trd, 4318473.993, 105
Trd, 4318474.143, 96
Trd, 4318474.843, 130
Trd, 4318474.993, 129
Trd, 4318475.793, 120
Trd, 4318477.543, 70
Trd, 4318477.693, 71
Trd, 4318478.243, 87
Trd, 4318478.393, 111
Trd, 4318478.643, 76
Trd, 4318479.993, 73
Trd, 4318482.493, 134
Trd, 4318483.193, 98
Trd, 4318483.393, 97
Trd, 4318484.293, 96
Trd, 4318486.243, 116
Trd, 4318486.743, 117
Trd, 4318486.943, 116
Trd, 4318487.943, 122
Trd, 4318488.793, 83
Trd, 4318488.993, 61
Trd, 4318489.243, 123
Trd, 4318490.093, 70
Trd, 4318492.643, 140
Trd, 4318492.993, 138
Trd, 4318493.243, 112
Trd, 4318493.543, 136
Trd, 4318493.943, 124
Trd, 4318495.093, 130
Trd, 4318495.693, 115
Trd, 4318496.593, 114
Trd, 4318497.193, 113
Trd, 4318498.093, 89
Trd, 4318499.293, 87
Trd, 4318499.543, 83
Trd, 4318500.493, 123
Trd, 4318500.993, 101
Trd, 4318501.593, 124
Trd, 4318501.643, 72
Trd, 4318502.793, 81
Trd, 4318503.693, 96
Trd, 4318504.143, 109
Trd, 4318505.343, 139
Trd, 4318505.743, 116
Trd, 4318506.593, 124
Trd, 4318506.993, 125
Trd, 4318507.143, 124
Trd, 4318507.293, 120
Trd, 4318507.693, 95
Trd, 4318508.293, 93
Trd, 4318508.793, 65
Trd, 4318509.893, 92
Trd, 4318510.443, 92
Trd, 4318511.293, 116
Trd, 4318512.893, 63
Trd, 4318513.443, 95
Trd, 4318513.643, 65
Trd, 4318514.143, 64
Trd, 4318515.393, 62
Trd, 4318516.493, 64
Trd, 4318517.243, 95
Trd, 4318519.043, 128
Trd, 4318519.193, 126
Trd, 4318520.093, 127
Trd, 4318520.393, 126
Trd, 4318520.743, 103
Trd, 4318521.293, 88
Trd, 4318522.243, 136
Trd, 4318522.893, 124
Trd, 4318523.043, 123
Trd, 4318523.093, 79
Trd, 4318523.843, 101
Trd, 4318524.443, 111
Trd, 4318525.643, 130
Trd, 4318525.843, 93
Trd, 4318527.193, 71
Trd, 4318528.893, 125
Trd, 4318529.943, 117
Trd, 4318531.043, 121
Trd, 4318531.743, 107
Trd, 4318532.093, 107
Trd, 4318532.343, 106
Trd, 4318532.843, 134
Trd, 4318533.743, 79
Trd, 4318533.893, 77
Trd, 4318534.043, 74
Trd, 4318534.643, 70
Trd, 4318536.043, 134
Trd, 4318536.343, 138
Trd, 4318536.943, 126
Trd, 4318538.893, 126
Trd, 4318539.143, 126
Trd, 4318539.543, 95
Trd, 4318540.393, 109
Trd, 4318540.543, 108
Trd, 4318541.143, 122
Trd, 4318542.043, 129
Trd, 4318543.543, 122
Trd, 4318543.593, 115
Trd, 4318544.543, 135
Trd, 4318544.793, 134
Trd, 4318544.993, 121
Trd, 4318546.093, 105
Trd, 4318546.343, 109
Trd, 4318548.993, 115
Trd, 4318549.043, 110
Trd, 4318549.143, 94
Trd, 4318550.743, 113
Trd, 4318550.943, 94
Trd, 4318551.543, 120
Trd, 4318552.493, 104
Trd, 4318553.143, 139
Trd, 4318553.593, 138
Trd, 4318554.493, 105
Trd, 4318554.643, 103
Trd, 4318555.843, 77
Trd, 4318556.443, 73
Trd, 4318556.493, 90
Trd, 4318558.093, 112
Trd, 4318559.193, 100
Trd, 4318560.393, 95
Trd, 4318560.943, 94
Trd, 4318561.943, 63
Trd, 4318561.993, 60
Trd, 4318562.643, 131
Trd, 4318563.193, 67
Trd, 4318565.493, 65
Trd, 4318565.793, 66
Trd, 4318568.943, 75
Trd, 4318569.043, 74
Trd, 4318569.393, 73
Trd, 4318569.843, 76
Trd, 4318570.293, 81
Trd, 4318570.843, 77
Trd, 4318571.443, 129
Trd, 4318572.093, 75
Trd, 4318573.543, 75
Trd, 4318573.893, 101
Trd, 4318576.443, 112
Trd, 4318576.943, 105
Trd, 4318576.993, 103
Trd, 4318577.343, 96
Trd, 4318578.393, 109
Trd, 4318578.843, 108
Trd, 4318579.193, 108
Trd, 4318580.593, 78
Trd, 4318581.093, 76
Trd, 4318581.243, 60
Trd, 4318581.493, 99
Trd, 4318581.893, 64
Trd, 4318582.793, 102
Trd, 4318583.043, 66
Trd, 4318583.543, 121
Trd, 4318585.843, 129
Trd, 4318586.543, 131
Trd, 4318587.393, 129
Trd, 4318587.993, 126
Trd, 4318588.043, 124
Trd, 4318589.393, 102
Trd, 4318589.743, 127
Trd, 4318589.943, 139
Trd, 4318590.243, 138
Trd, 4318590.593, 127
Trd, 4318591.193, 93
Trd, 4318591.443, 75
Trd, 4318593.743, 122
Trd, 4318594.193, 109
Trd, 4318594.893, 103
Trd, 4318596.093, 95
Trd, 4318596.143, 93
Trd, 4318596.543, 132
Trd, 4318597.493, 113
Trd, 4318597.543, 88
Trd, 4318599.743, 60
Trd, 4318599.843, 63
Trd, 4318600.693, 65
Trd, 4318601.493, 65
Trd, 4318602.343, 106
Trd, 4318603.043, 62
Trd, 4318604.393, 73
Trd, 4318604.643, 69
Trd, 4318605.343, 82
Trd, 4318605.943, 101
Trd, 4318606.493, 72
Trd, 4318607.443, 92
Trd, 4318607.943, 73
Trd, 4318609.793, 128
Trd, 4318610.093, 87
Trd, 4318610.243, 125
Trd, 4318610.443, 86
Trd, 4318611.043, 83
Trd, 4318612.943, 85
Trd, 4318614.093, 60
Trd, 4318614.743, 60
Trd, 4318615.293, 74
Trd, 4318616.393, 60
Trd, 4318616.593, 62
Trd, 4318617.493, 66
Trd, 4318617.593, 60
Trd, 4318618.293, 132
Trd, 4318618.643, 100
Trd, 4318619.343, 71
Trd, 4318619.443, 102
Trd, 4318620.193, 123
Trd, 4318621.843, 85
Trd, 4318622.843, 133
Trd, 4318623.043, 115
Trd, 4318623.243, 70
Trd, 4318623.643, 102
Trd, 4318624.343, 70
Trd, 4318625.393, 62
Trd, 4318625.843, 113
Trd, 4318626.843, 87
Trd, 4318627.693, 66
Trd, 4318628.043, 66
Trd, 4318629.043, 71
Trd, 4318630.343, 62
Trd, 4318630.693, 110
Trd, 4318632.043, 60
Trd, 4318632.393, 87
Trd, 4318633.893, 78
Trd, 4318634.143, 77
Trd, 4318635.193, 100
Trd, 4318635.693, 75
Trd, 4318636.043, 78
Trd, 4318636.443, 66
Trd, 4318638.093, 86
Trd, 4318639.343, 96
Trd, 4318640.143, 100
Trd, 4318640.243, 99
Trd, 4318640.743, 122
Trd, 4318641.393, 119
Trd, 4318641.943, 80
Trd, 4318643.043, 83
Trd, 4318644.143, 60
Trd, 4318644.243, 69
Trd, 4318645.443, 64
Trd, 4318645.993, 64
Trd, 4318646.893, 74
Trd, 4318647.493, 104
Trd, 4318648.043, 83
Trd, 4318648.843, 83
Trd, 4318649.793, 118
Trd, 4318649.943, 85
Trd, 4318650.343, 110
Trd, 4318650.693, 101
Trd, 4318652.393, 66
Trd, 4318652.643, 119
Trd, 4318652.993, 92
Trd, 4318654.243, 85
Trd, 4318654.443, 111
Trd, 4318655.643, 90
Trd, 4318655.743, 107
Trd, 4318655.893, 88
Trd, 4318655.943, 87
Trd, 4318658.143, 109
Trd, 4318658.893, 105
Trd, 4318660.143, 112
Trd, 4318660.343, 111
Trd, 4318661.343, 138
Trd, 4318661.693, 102
Trd, 4318661.843, 114
Trd, 4318662.593, 99
Trd, 4318662.943, 116
Trd, 4318664.043, 71
Trd, 4318664.393, 70
Trd, 4318666.293, 76
Trd, 4318667.693, 66
Trd, 4318668.043, 65
Trd, 4318668.543, 67
Trd, 4318668.843, 61
Trd, 4318670.093, 121
Trd, 4318670.193, 94
Trd, 4318670.343, 108
Trd, 4318673.293, 79
Trd, 4318674.743, 62
Trd, 4318675.543, 79
Trd, 4318676.243, 62
Trd, 4318677.443, 60
Trd, 4318677.643, 63
Trd, 4318678.343, 62
Trd, 4318679.343, 99
Trd, 4318679.393, 96
Trd, 4318680.893, 106
Trd, 4318681.693, 121
Trd, 4318681.993, 117
Trd, 4318682.593, 112
Trd, 4318684.043, 100
Trd, 4318684.643, 93
Trd, 4318686.043, 121
Trd, 4318686.543, 122
Trd, 4318686.593, 120
Trd, 4318686.943, 124
Trd, 4318686.993, 120
Trd, 4318689.093, 83
Trd, 4318689.493, 69
Trd, 4318690.343, 99
Trd, 4318690.493, 115
Trd, 4318691.393, 121
Trd, 4318691.893, 75
Trd, 4318693.143, 89
Trd, 4318693.893, 88
Trd, 4318695.093, 96
Trd, 4318695.193, 118
Trd, 4318695.943, 79
Trd, 4318697.343, 81
Trd, 4318697.893, 87
Trd, 4318698.743, 74
Trd, 4318699.043, 76
Trd, 4318699.293, 70
Trd, 4318700.443, 136
Trd, 4318701.293, 112
Trd, 4318702.493, 89
Trd, 4318702.993, 88
Trd, 4318703.743, 88
Trd, 4318704.393, 89
Trd, 4318704.643, 118
Trd, 4318706.093, 127
Trd, 4318706.243, 125
Trd, 4318706.943, 87
Trd, 4318707.643, 90
Trd, 4318707.843, 75
Trd, 4318708.343, 87
Trd, 4318709.043, 84
Trd, 4318709.343, 83
Trd, 4318709.643, 93
Trd, 4318712.593, 69
Trd, 4318712.643, 79
Trd, 4318713.493, 94
Trd, 4318715.093, 135
Trd, 4318715.493, 124
Trd, 4318716.143, 115
Trd, 4318716.443, 102
Trd, 4318717.543, 123
Trd, 4318717.693, 111
Trd, 4318718.843, 129
Trd, 4318718.943, 118
Trd, 4318719.043, 117
Trd, 4318720.393, 110
Trd, 4318721.043, 131
Trd, 4318721.243, 135
Trd, 4318721.743, 136
Trd, 4318721.993, 108
Trd, 4318723.593, 74
Trd, 4318724.193, 97
Trd, 4318724.943, 89
Trd, 4318725.093, 76
Trd, 4318726.443, 99
Trd, 4318726.493, 97
Trd, 4318727.293, 85
Trd, 4318728.893, 95
Trd, 4318728.993, 94
Trd, 4318729.193, 97
Trd, 4318730.843, 134
Trd, 4318732.293, 115
Trd, 4318732.493, 129
Trd, 4318732.593, 126
Trd, 4318734.193, 115
Trd, 4318734.343, 103
Trd, 4318735.943, 133
Trd, 4318736.343, 124
Trd, 4318736.543, 120
Trd, 4318736.643, 116
Trd, 4318737.593, 77
Trd, 4318738.043, 102
Trd, 4318738.593, 127
Trd, 4318739.143, 116
Trd, 4318739.243, 89
Trd, 4318739.543, 117
Trd, 4318740.943, 133
Trd, 4318741.243, 114
Trd, 4318742.593, 105
Trd, 4318742.993, 131
Trd, 4318743.543, 129
Trd, 4318744.043, 67
Trd, 4318744.843, 66
Trd, 4318745.793, 62
Trd, 4318746.193, 116
Trd, 4318747.193, 79
Trd, 4318747.593, 74
Trd, 4318748.843, 88
Trd, 4318749.193, 110
Trd, 4318750.043, 107
Trd, 4318750.993, 86
Trd, 4318751.543, 82
Trd, 4318752.243, 73
Trd, 4318753.193, 119
Trd, 4318753.693, 112
Trd, 4318753.793, 110
Trd, 4318754.393, 126
Trd, 4318754.493, 108
Trd, 4318754.593, 107
Trd, 4318755.243, 110
Trd, 4318756.093, 117
Trd, 4318757.643, 103
Trd, 4318758.593, 102
Trd, 4318759.693, 99
Trd, 4318759.943, 112
Trd, 4318760.193, 89
Trd, 4318760.993, 119
Trd, 4318762.043, 67
Trd, 4318762.793, 73
Trd, 4318763.343, 71
Trd, 4318763.393, 79
Trd, 4318763.843, 65
Trd, 4318764.643, 67
Trd, 4318764.993, 62
Trd, 4318766.943, 70
Trd, 4318767.343, 63
Trd, 4318767.493, 68
Trd, 4318768.493, 121
Trd, 4318769.293, 129
Trd, 4318769.643, 111
Trd, 4318771.793, 61
Trd, 4318771.993, 65
Trd, 4318774.393, 90
Trd, 4318774.493, 90
Trd, 4318774.693, 89
Trd, 4318775.193, 81
Trd, 4318775.793, 109
Trd, 4318776.393, 78
Trd, 4318777.843, 98
Trd, 4318777.893, 78
Trd, 4318779.943, 129
Trd, 4318781.043, 119
Trd, 4318781.493, 121
Trd, 4318781.693, 138
Trd, 4318781.743, 120
Trd, 4318782.043, 128
Trd, 4318782.343, 109
Trd, 4318782.743, 105
Trd, 4318782.793, 98
Trd, 4318785.293, 60
Trd, 4318786.193, 65
Trd, 4318786.543, 65
Trd, 4318787.093, 71
Trd, 4318787.193, 72
Trd, 4318787.243, 65
Trd, 4318787.393, 65
Trd, 4318790.293, 131
Trd, 4318791.343, 118
Trd, 4318791.393, 105
Trd, 4318791.743, 126
Trd, 4318792.343, 140
Trd, 4318792.393, 140
Trd, 4318792.593, 140
Trd, 4318793.343, 71
Trd, 4318793.743, 70
Trd, 4318794.543, 77
Trd, 4318796.143, 76
Trd, 4318796.543, 86
Trd, 4318797.193, 93
Trd, 4318797.693, 122
Trd, 4318798.693, 138
Trd, 4318799.443, 134
Trd, 4318799.893, 133
Trd, 4318800.043, 98
Trd, 4318801.943, 92
Trd, 4318802.293, 89
Trd, 4318803.543, 112
Trd, 4318804.193, 127
Trd, 4318804.243, 108
Trd, 4318804.343, 75
Trd, 4318804.943, 60
Trd, 4318805.843, 102
Trd, 4318806.143, 121
Trd, 4318807.443, 117
Trd, 4318807.643, 108
Trd, 4318808.043, 100
Trd, 4318808.693, 79
Trd, 4318809.243, 87
Trd, 4318810.293, 100
Trd, 4318811.193, 64
Trd, 4318813.693, 98
Trd, 4318813.843, 119
Trd, 4318815.243, 111
Trd, 4318815.693, 134
Trd, 4318818.143, 131
Trd, 4318818.343, 127
Trd, 4318818.493, 128
Trd, 4318818.993, 122
Trd, 4318819.143, 121
Trd, 4318819.193, 119
Trd, 4318819.443, 97
Trd, 4318820.893, 120
Trd, 4318821.543, 87
Trd, 4318821.643, 84
Trd, 4318822.793, 61
Trd, 4318823.793, 108
Trd, 4318824.943, 126
Trd, 4318825.443, 116
Trd, 4318826.343, 127
Trd, 4318826.443, 116
Trd, 4318826.493, 114
Trd, 4318827.493, 104
Trd, 4318827.843, 135
Trd, 4318827.943, 134
Trd, 4318828.593, 88
Trd, 4318830.293, 82
Trd, 4318831.743, 89
Trd, 4318832.243, 103
Trd, 4318832.743, 100
Trd, 4318832.943, 88
Trd, 4318832.993, 87
Trd, 4318833.143, 80
Trd, 4318834.693, 75
Trd, 4318834.793, 98
Trd, 4318835.243, 118
Trd, 4318835.943, 75
Trd, 4318836.443, 74
Trd, 4318836.593, 76
Trd, 4318837.793, 63
Trd, 4318838.943, 106
Trd, 4318839.843, 90
Trd, 4318840.593, 77
Trd, 4318841.443, 89
Trd, 4318841.593, 89
Trd, 4318841.643, 75
Trd, 4318843.443, 87
Trd, 4318844.243, 105
Trd, 4318844.793, 111
Trd, 4318845.043, 84
Trd, 4318845.493, 83
Trd, 4318845.943, 80
Trd, 4318846.543, 70
Trd, 4318847.293, 116
Trd, 4318848.143, 89
Trd, 4318848.593, 106
Trd, 4318850.193, 133
Trd, 4318850.843, 118
Trd, 4318850.993, 102
Trd, 4318851.543, 109
Trd, 4318851.643, 101
Trd, 4318851.943, 91
Trd, 4318852.393, 108
Trd, 4318852.843, 94
Trd, 4318853.893, 90
Trd, 4318854.943, 136
Trd, 4318855.243, 70
Trd, 4318857.243, 114
Trd, 4318857.293, 80
Trd, 4318858.193, 93
Trd, 4318858.593, 91
Trd, 4318859.993, 140
Trd, 4318860.393, 140
Trd, 4318861.343, 120
Trd, 4318862.693, 114
Trd, 4318862.793, 119
Trd, 4318862.893, 91
Trd, 4318863.643, 74
Trd, 4318863.893, 79
Trd, 4318864.193, 66
Trd, 4318865.793, 127
Trd, 4318866.193, 116
Trd, 4318866.393, 111
Trd, 4318866.943, 107
Trd, 4318867.693, 115
Trd, 4318870.393, 111
Trd, 4318871.193, 123
Trd, 4318871.393, 121
Trd, 4318871.943, 134
Trd, 4318872.543, 133
Trd, 4318873.393, 128
Trd, 4318873.943, 97
Trd, 4318875.643, 60
Trd, 4318876.293, 63
Trd, 4318877.393, 64
Trd, 4318878.443, 71
Trd, 4318878.793, 75
Trd, 4318879.493, 114
Trd, 4318879.543, 64
Trd, 4318880.093, 65
Trd, 4318880.593, 71
Trd, 4318880.743, 65
Trd, 4318883.143, 109
Trd, 4318883.643, 92
Trd, 4318883.943, 104
Trd, 4318884.693, 97
Trd, 4318886.243, 130
Trd, 4318886.693, 131
Trd, 4318887.893, 136
Trd, 4318887.993, 131
Trd, 4318889.143, 122
Trd, 4318889.243, 121
Trd, 4318890.243, 120
Trd, 4318891.493, 134
Trd, 4318892.443, 121
Trd, 4318893.093, 69
Trd, 4318893.343, 63
Trd, 4318894.293, 125
Trd, 4318894.543, 69
Trd, 4318895.743, 62
Trd, 4318896.393, 73
Trd, 4318896.893, 120
Trd, 4318897.743, 102
Trd, 4318898.643, 84
Trd, 4318898.993, 89
Trd, 4318899.443, 85
Trd, 4318899.693, 83
Trd, 4318900.343, 91
Trd, 4318900.543, 95
Trd, 4318901.693, 127
Trd, 4318902.393, 126
Trd, 4318903.143, 132
Trd, 4318903.393, 87
Trd, 4318905.043, 64
Trd, 4318905.093, 63
Trd, 4318905.893, 122
Trd, 4318906.343, 81
Trd, 4318906.943, 73
Trd, 4318907.493, 90
Trd, 4318908.393, 87
Trd, 4318908.493, 126
Trd, 4318909.843, 136
Trd, 4318909.893, 131
Trd, 4318910.143, 117
Trd, 4318910.343, 100
Trd, 4318910.493, 94
Trd, 4318913.843, 92
Trd, 4318915.143, 119
Trd, 4318915.643, 123
Trd, 4318916.243, 122
Trd, 4318916.443, 121
Trd, 4318916.493, 120
Trd, 4318917.193, 106
Trd, 4318917.493, 117
Trd, 4318917.693, 105
Trd, 4318918.143, 86
Trd, 4318919.243, 92
Trd, 4318921.093, 108
Trd, 4318921.393, 77
Trd, 4318922.493, 78
Trd, 4318923.293, 79
Trd, 4318923.343, 82
Trd, 4318923.893, 79
Trd, 4318924.293, 78
Trd, 4318924.343, 72
Trd, 4318924.693, 117
Trd, 4318924.993, 92
Trd, 4318926.093, 139
Trd, 4318926.643, 61
Trd, 4318927.793, 72
Trd, 4318928.943, 80
Trd, 4318929.743, 75
Trd, 4318929.843, 70
Trd, 4318930.343, 83
Trd, 4318930.993, 125
Trd, 4318932.293, 72
Trd, 4318932.743, 71
Trd, 4318933.643, 63
Trd, 4318933.743, 73
Trd, 4318934.993, 109
Trd, 4318936.743, 87
Trd, 4318936.843, 73
Trd, 4318937.393, 103
Trd, 4318938.343, 106
Trd, 4318938.593, 108
Trd, 4318939.593, 91
Trd, 4318940.243, 65
Trd, 4318940.543, 66
Trd, 4318940.943, 139
Trd, 4318942.293, 86
Trd, 4318943.843, 107
Trd, 4318944.293, 138
Trd, 4318944.893, 112
Trd, 4318945.193, 107
Trd, 4318945.443, 111
Trd, 4318946.393, 113
Trd, 4318946.443, 112
Trd, 4318947.693, 104
Trd, 4318948.693, 103
Trd, 4318949.293, 128
Trd, 4318949.393, 120
Trd, 4318949.543, 110
Trd, 4318951.543, 137
Trd, 4318952.093, 102
Trd, 4318952.443, 101
Trd, 4318953.043, 116
Trd, 4318953.443, 80
Trd, 4318953.943, 63
Trd, 4318955.393, 117
Trd, 4318956.893, 100
Trd, 4318956.943, 99
Trd, 4318957.843, 136
Trd, 4318958.593, 123
Trd, 4318958.993, 103
Trd, 4318959.493, 112
Trd, 4318959.643, 105
Trd, 4318960.843, 129
Trd, 4318961.593, 133
Trd, 4318962.193, 119
Trd, 4318963.193, 120
Trd, 4318963.693, 118
Trd, 4318965.293, 121
Trd, 4318965.593, 87
Trd, 4318965.693, 81
Trd, 4318966.693, 128
Trd, 4318967.393, 127
Trd, 4318967.543, 120
Trd, 4318968.493, 115
Trd, 4318968.993, 84
Trd, 4318970.593, 127
Trd, 4318971.193, 124
Trd, 4318971.243, 100
Trd, 4318972.743, 125
Trd, 4318973.243, 125
Trd, 4318973.393, 124
Trd, 4318973.443, 108
Trd, 4318974.243, 97
Trd, 4318975.343, 77
Trd, 4318975.893, 113
Trd, 4318976.493, 125
Trd, 4318976.743, 88
Trd, 4318977.193, 124
Trd, 4318977.743, 127
Trd, 4318979.493, 129
Trd, 4318979.743, 128
Trd, 4318979.993, 92
Trd, 4318980.443, 108
Trd, 4318981.793, 98
Trd, 4318982.193, 97
Trd, 4318983.093, 109
Trd, 4318983.293, 126
Trd, 4318983.593, 123
Trd, 4318983.643, 98
Trd, 4318983.793, 79
Trd, 4318985.693, 90
Trd, 4318986.693, 102
Trd, 4318986.993, 87
Trd, 4318988.793, 116
Trd, 4318989.043, 88
Trd, 4318989.293, 98
Trd, 4318989.493, 68
Trd, 4318990.343, 94
Trd, 4318991.243, 89
Trd, 4318991.993, 62
Trd, 4318992.143, 121
Trd, 4318993.293, 102
Trd, 4318993.393, 93
Trd, 4318994.943, 120
Trd, 4318995.793, 128
Trd, 4318996.043, 123
Trd, 4318996.293, 120
Trd, 4318996.443, 119
Trd, 4318997.443, 117
Trd, 4318998.493, 72
Trd, 4319000.243, 120
Trd, 4319000.443, 113
Trd, 4319000.793, 102
Trd, 4319000.843, 95
Trd, 4319001.243, 107
Trd, 4319001.293, 72
Trd, 4319002.543, 95
Trd, 4319002.643, 89
Trd, 4319004.793, 97
Trd, 4319004.943, 96
Trd, 4319005.493, 128
Trd, 4319006.043, 96
Trd, 4319006.093, 95
Trd, 4319007.443, 63
Trd, 4319008.493, 112
Trd, 4319009.293, 61
Trd, 4319010.193, 60
Trd, 4319010.243, 66
Trd, 4319011.093, 65
Trd, 4319011.793, 67
Trd, 4319012.943, 64
Trd, 4319013.143, 79
Trd, 4319013.993, 95
Trd, 4319014.293, 83
Trd, 4319014.493, 122
Trd, 4319014.793, 73
Trd, 4319015.293, 79
Trd, 4319016.543, 132
Trd, 4319017.093, 108
Trd, 4319017.543, 110
Trd, 4319018.243, 108
Trd, 4319019.043, 93
Trd, 4319019.543, 114
Trd, 4319020.093, 103
Trd, 4319020.593, 125
Trd, 4319021.043, 108
Trd, 4319021.393, 94
Trd, 4319022.643, 91
Trd, 4319022.793, 91
Trd, 4319022.993, 125
Trd, 4319024.143, 110
Trd, 4319024.593, 78
Trd, 4319026.493, 60
Trd, 4319026.743, 121
Trd, 4319027.093, 65
Trd, 4319027.493, 126
Trd, 4319028.293, 126
Trd, 4319028.743, 125
Trd, 4319028.843, 116
Trd, 4319029.893, 111
Trd, 4319031.543, 123
Trd, 4319032.593, 122
Trd, 4319032.743, 114
Trd, 4319034.143, 136
Trd, 4319034.493, 118
Trd, 4319035.643, 136
Trd, 4319035.793, 134
Trd, 4319036.593, 132
Trd, 4319036.743, 125
Trd, 4319037.593, 118
Trd, 4319037.943, 101
Trd, 4319038.243, 92
Trd, 4319038.893, 85
Trd, 4319040.793, 126
Trd, 4319041.843, 127
Trd, 4319041.893, 109
Trd, 4319042.543, 114
Trd, 4319042.943, 114
Trd, 4319043.043, 113
Trd, 4319043.293, 105
Trd, 4319045.493, 105
Trd, 4319046.243, 130
Trd, 4319046.293, 101
Trd, 4319046.343, 100
Trd, 4319047.393, 62
Trd, 4319049.343, 129
Trd, 4319050.493, 61
Trd, 4319050.993, 67
Trd, 4319051.193, 70
Trd, 4319052.143, 87
Trd, 4319052.193, 90
Trd, 4319053.143, 64
Trd, 4319055.143, 140
Trd, 4319055.243, 106
Trd, 4319055.893, 102
Trd, 4319056.643, 104
Trd, 4319057.443, 80
Trd, 4319057.493, 78
Trd, 4319059.593, 132
Trd, 4319059.693, 102
Trd, 4319060.143, 103
Trd, 4319060.193, 89
Trd, 4319061.343, 95
Trd, 4319062.243, 114
Trd, 4319062.793, 94
Trd, 4319063.143, 93
Trd, 4319064.243, 81
Trd, 4319066.043, 116
Trd, 4319066.593, 131
Trd, 4319067.193, 124
Trd, 4319067.293, 116
Trd, 4319067.443, 69
Trd, 4319068.343, 63
Trd, 4319068.493, 105
Trd, 4319069.293, 62
Trd, 4319071.193, 60
Trd, 4319071.943, 68
Trd, 4319072.443, 65
Trd, 4319073.243, 71
Trd, 4319073.343, 67
Trd, 4319074.293, 104
Trd, 4319074.393, 104
Trd, 4319075.443, 120
Trd, 4319075.593, 106
Trd, 4319076.443, 126
Trd, 4319076.743, 97
Trd, 4319076.793, 76
Trd, 4319077.843, 128
Trd, 4319077.993, 124
Trd, 4319080.493, 60
Trd, 4319081.093, 110
Trd, 4319081.743, 98
Trd, 4319081.843, 97
Trd, 4319083.693, 88
Trd, 4319084.943, 132
Trd, 4319085.043, 98
Trd, 4319085.093, 78
Trd, 4319085.243, 90
Trd, 4319085.793, 102
Trd, 4319086.943, 137
Trd, 4319087.043, 135
Trd, 4319087.143, 125
Trd, 4319089.793, 112
Trd, 4319089.843, 73
Trd, 4319090.893, 89
Trd, 4319091.793, 91
Trd, 4319092.593, 129
Trd, 4319092.743, 106
Trd, 4319092.943, 86
Trd, 4319094.843, 89
Trd, 4319094.993, 88
Trd, 4319095.693, 88
Trd, 4319096.043, 113
Trd, 4319096.093, 126
Trd, 4319096.893, 63
Trd, 4319097.893, 84
Trd, 4319098.093, 136
Trd, 4319098.843, 130
Trd, 4319099.743, 82
Trd, 4319099.893, 81
Trd, 4319101.243, 91
Trd, 4319101.643, 67
Trd, 4319102.293, 119
Trd, 4319102.393, 114
Trd, 4319102.443, 76
Trd, 4319103.743, 123
Trd, 4319103.893, 132
Trd, 4319104.043, 122
Trd, 4319104.193, 121
Trd, 4319104.943, 64
Trd, 4319105.593, 109
Trd, 4319105.993, 114
Trd, 4319106.693, 140
Trd, 4319108.143, 140
Trd, 4319108.993, 121
Trd, 4319110.093, 128
Trd, 4319110.193, 113
Trd, 4319111.893, 126
Trd, 4319112.543, 136
Trd, 4319112.593, 125
Trd, 4319112.843, 123
Trd, 4319113.143, 120
Trd, 4319113.743, 94
Trd, 4319114.493, 94
Trd, 4319114.743, 81
Trd, 4319115.793, 99
Trd, 4319117.193, 78
Trd, 4319117.443, 87
Trd, 4319118.193, 66
Trd, 4319118.643, 80
Trd, 4319119.493, 86
Trd, 4319120.593, 100
Trd, 4319120.993, 108
Trd, 4319121.043, 89
Trd, 4319122.493, 140
Trd, 4319123.693, 98
Trd, 4319123.743, 79
Trd, 4319124.143, 79
Trd, 4319125.293, 131
Trd, 4319125.643, 130
Trd, 4319127.243, 127
Trd, 4319127.293, 81
Trd, 4319127.943, 73
Trd, 4319128.393, 77
Trd, 4319130.443, 72
Trd, 4319131.043, 82
Trd, 4319131.093, 74
Trd, 4319131.143, 83
Trd, 4319132.193, 71
Trd, 4319132.643, 123
Trd, 4319134.093, 133
Trd, 4319135.293, 109
Trd, 4319135.343, 134
Trd, 4319135.443, 109
Trd, 4319135.543, 108
Trd, 4319135.793, 100
Trd, 4319136.793, 101
Trd, 4319137.643, 75
Trd, 4319137.993, 117
Trd, 4319138.643, 95
Trd, 4319139.543, 90
Trd, 4319140.643, 96
Trd, 4319141.393, 128
Trd, 4319141.843, 127
Trd, 4319142.743, 125
Trd, 4319142.843, 112
Trd, 4319143.043, 86
Trd, 4319143.993, 72
Trd, 4319145.243, 61
Trd, 4319145.293, 62
Trd, 4319145.993, 72
Trd, 4319147.643, 130
Trd, 4319148.693, 60
Trd, 4319149.193, 61
Trd, 4319151.493, 106
Trd, 4319152.043, 125
Trd, 4319152.293, 112
Trd, 4319153.193, 132
Trd, 4319153.593, 116
Trd, 4319153.993, 116
Trd, 4319154.393, 125
Trd, 4319155.943, 86
Trd, 4319156.493, 96
Trd, 4319157.343, 79
Trd, 4319157.393, 78
Trd, 4319158.493, 97
Trd, 4319159.093, 91
Trd, 4319160.093, 91
Trd, 4319160.693, 112
Trd, 4319161.793, 65
Trd, 4319161.943, 71
Trd, 4319162.293, 84
Trd, 4319162.693, 84
Trd, 4319163.443, 84
Trd, 4319163.793, 70
Trd, 4319165.043, 71
Trd, 4319165.693, 80
Trd, 4319165.943, 61
Trd, 4319167.743, 61
Trd, 4319168.143, 65
Trd, 4319168.543, 114
Trd, 4319169.943, 103
Trd, 4319170.343, 88
Trd, 4319170.843, 87
Trd, 4319171.193, 86
Trd, 4319171.993, 86
Trd, 4319172.493, 131
Trd, 4319172.893, 89
Trd, 4319174.593, 92
Trd, 4319176.543, 135
Trd, 4319177.143, 118
Trd, 4319178.243, 110
Trd, 4319178.693, 109
Trd, 4319179.043, 130
Trd, 4319179.393, 102
Trd, 4319181.593, 134
Trd, 4319181.693, 135
Trd, 4319181.743, 134
Trd, 4319181.893, 128
Trd, 4319183.093, 132
Trd, 4319183.393, 129
Trd, 4319183.443, 121
Trd, 4319183.593, 87
Trd, 4319183.793, 83
Trd, 4319184.443, 63
Trd, 4319185.193, 130
Trd, 4319186.093, 115
Trd, 4319186.493, 104
Trd, 4319187.893, 136
Trd, 4319188.643, 135
Trd, 4319189.593, 124
Trd, 4319189.993, 125
Trd, 4319190.793, 123
Trd, 4319190.893, 108
Trd, 4319191.993, 94
Trd, 4319192.093, 93
Trd, 4319192.193, 135
Trd, 4319193.493, 122
Trd, 4319194.843, 109
Trd, 4319195.593, 107
Trd, 4319196.093, 126
Trd, 4319196.493, 104
Trd, 4319197.193, 96
Trd, 4319197.993, 125
Trd, 4319198.343, 104
Trd, 4319199.793, 89
Trd, 4319199.843, 91
Trd, 4319200.643, 133
Trd, 4319201.593, 101
Trd, 4319201.943, 98
Trd, 4319202.043, 75
Trd, 4319203.443, 100
Trd, 4319204.993, 125
Trd, 4319205.193, 110
Trd, 4319205.343, 110
Trd, 4319206.043, 93
Trd, 4319207.593, 128
Trd, 4319207.993, 127
Trd, 4319208.043, 85
Trd, 4319208.493, 139
Trd, 4319209.443, 81
Trd, 4319209.793, 63
Trd, 4319210.293, 72
Trd, 4319210.943, 61
Trd, 4319211.693, 137
Trd, 4319212.793, 140
Trd, 4319213.243, 120
Trd, 4319213.343, 99
Trd, 4319213.593, 67
Trd, 4319214.343, 123
Trd, 4319214.993, 98
Trd, 4319215.493, 118
Trd, 4319215.793, 123
Trd, 4319216.343, 95
Trd, 4319216.893, 90
Trd, 4319217.893, 103
Trd, 4319218.993, 104
Trd, 4319219.693, 102
Trd, 4319220.293, 72
Trd, 4319221.393, 131
Trd, 4319222.443, 114
Trd, 4319222.593, 110
Trd, 4319222.693, 109
Trd, 4319223.643, 99
Trd, 4319224.343, 88
Trd, 4319224.993, 108
Trd, 4319225.693, 100
Trd, 4319225.943, 89
Trd, 4319226.393, 70
Trd, 4319227.043, 104
Trd, 4319227.793, 103
Trd, 4319228.843, 109
Trd, 4319229.193, 114
Trd, 4319229.843, 81
Trd, 4319231.893, 85
Trd, 4319232.943, 78
Trd, 4319233.543, 88
Trd, 4319234.393, 62
Trd, 4319235.193, 63
Trd, 4319235.993, 73
Trd, 4319236.293, 78
Trd, 4319236.743, 64
Trd, 4319236.843, 86
Trd, 4319237.543, 131
Trd, 4319238.943, 121
Trd, 4319239.393, 85
Trd, 4319239.493, 85
Trd, 4319239.943, 107
Trd, 4319240.943, 112
Trd, 4319241.543, 104
Trd, 4319242.593, 103
Trd, 4319242.793, 74
Trd, 4319243.543, 78
Trd, 4319244.843, 81
Trd, 4319245.393, 119
Trd, 4319246.393, 90
Trd, 4319247.643, 77
Trd, 4319248.393, 116
Trd, 4319248.543, 115
Trd, 4319248.693, 114
Trd, 4319250.093, 91
Trd, 4319250.493, 95
Trd, 4319250.793, 118
Trd, 4319251.393, 83
Trd, 4319251.993, 93
Trd, 4319252.743, 78
Trd, 4319254.043, 83
Trd, 4319254.243, 97
Trd, 4319255.443, 106
Trd, 4319255.893, 107
Trd, 4319256.143, 106
Trd, 4319256.243, 85
Trd, 4319257.043, 101
Trd, 4319257.793, 131
Trd, 4319257.943, 128
Trd, 4319258.193, 127
Trd, 4319258.793, 96
Trd, 4319260.793, 66
Trd, 4319261.043, 82
Trd, 4319261.593, 131
Trd, 4319263.493, 64
Trd, 4319263.643, 65
Trd, 4319264.043, 89
Trd, 4319264.443, 97
Trd, 4319264.843, 83
Trd, 4319265.543, 83
Trd, 4319265.643, 74
Trd, 4319266.143, 73
Trd, 4319266.793, 62
Trd, 4319268.943, 68
Trd, 4319269.143, 103
Trd, 4319269.743, 67
Trd, 4319270.143, 98
Trd, 4319271.243, 97
Trd, 4319271.493, 98
Trd, 4319272.593, 89
Trd, 4319273.543, 90
Trd, 4319273.593, 126
Trd, 4319274.093, 93
Trd, 4319274.443, 90
Trd, 4319275.093, 61
Trd, 4319276.093, 93
Trd, 4319277.343, 71
Trd, 4319277.993, 76
Trd, 4319278.293, 84
Trd, 4319279.093, 61
Trd, 4319279.843, 61
Trd, 4319282.193, 69
Trd, 4319282.593, 66
Trd, 4319282.943, 67
Trd, 4319283.293, 89
Trd, 4319283.343, 67
Trd, 4319284.493, 75
Trd, 4319285.793, 124
Trd, 4319286.543, 70
Trd, 4319286.743, 77
Trd, 4319287.893, 62
Trd, 4319288.243, 118
Trd, 4319289.193, 118
Trd, 4319289.543, 85
Trd, 4319290.293, 69
Trd, 4319291.593, 97
Trd, 4319292.993, 119
Trd, 4319293.393, 123
Trd, 4319293.943, 103
Trd, 4319294.343, 126
Trd, 4319294.493, 125
Trd, 4319295.593, 73
Trd, 4319297.643, 69
Trd, 4319298.443, 72
Trd, 4319299.343, 99
Trd, 4319299.543, 72
Trd, 4319301.093, 139
Trd, 4319301.193, 125
Trd, 4319301.343, 88
Trd, 4319301.393, 69
Trd, 4319302.443, 136
Trd, 4319303.693, 114
Trd, 4319303.843, 114
Trd, 4319304.793, 100
Trd, 4319306.493, 98
Trd, 4319307.243, 114
Trd, 4319308.043, 67
Trd, 4319308.343, 138
Trd, 4319308.793, 113
Trd, 4319309.243, 122
Trd, 4319310.143, 130
Trd, 4319311.393, 133
Trd, 4319312.293, 128
Trd, 4319313.143, 116
Trd, 4319313.243, 115
Trd, 4319313.443, 134
Trd, 4319314.243, 67
Trd, 4319315.693, 66
Trd, 4319315.893, 63
Trd, 4319316.143, 79
Trd, 4319316.743, 111
Trd, 4319317.793, 99
Trd, 4319319.293, 117
Trd, 4319319.643, 115
Trd, 4319319.893, 101
Trd, 4319321.443, 60
Trd, 4319321.893, 61
Trd, 4319323.793, 77
Trd, 4319323.843, 85
Trd, 4319324.143, 96
Trd, 4319324.393, 105
Trd, 4319324.593, 89
Trd, 4319324.643, 86
Trd, 4319324.893, 79
Trd, 4319325.543, 102
Trd, 4319327.843, 124
Trd, 4319328.143, 113
Trd, 4319328.343, 111
Trd, 4319329.093, 94
Trd, 4319329.693, 94
Trd, 4319329.893, 81
Trd, 4319330.293, 69
Trd, 4319330.843, 62
Trd, 4319332.343, 128
Trd, 4319333.743, 118
Trd, 4319334.243, 95
Trd, 4319334.893, 62
Trd, 4319337.093, 99
Trd, 4319337.443, 98
Trd, 4319338.343, 106
Trd, 4319338.993, 121
Trd, 4319340.643, 106
Trd, 4319340.693, 101
Trd, 4319341.343, 126
Trd, 4319341.443, 112
Trd, 4319342.693, 83
Trd, 4319343.243, 107
Trd, 4319343.543, 100
Trd, 4319343.843, 83
Trd, 4319345.993, 61
Trd, 4319346.593, 70
Trd, 4319347.243, 105
Trd, 4319347.343, 72
Trd, 4319347.693, 77
Trd, 4319348.793, 68
Trd, 4319349.093, 64
Trd, 4319350.043, 62
Trd, 4319351.093, 67
Trd, 4319352.043, 60
Trd, 4319353.393, 60
Trd, 4319354.493, 74
Trd, 4319355.193, 82
Trd, 4319355.693, 64
Trd, 4319356.193, 64
Trd, 4319356.343, 83
Trd, 4319356.693, 105
Trd, 4319358.243, 69
Trd, 4319358.393, 71
Trd, 4319359.493, 113
Trd, 4319360.793, 61
Trd, 4319360.893, 104
Trd, 4319362.293, 62
Trd, 4319364.843, 98
Trd, 4319365.043, 107
Trd, 4319365.143, 99
Trd, 4319365.543, 88
Trd, 4319366.293, 126
Trd, 4319367.343, 102
Trd, 4319367.743, 100
Trd, 4319368.243, 85
Trd, 4319368.893, 91
Trd, 4319371.043, 70
Trd, 4319371.543, 91
Trd, 4319372.743, 67
Trd, 4319372.843, 61
Trd, 4319373.343, 62
Trd, 4319373.943, 69
Trd, 4319374.193, 60
Trd, 4319374.243, 91
Trd, 4319375.593, 72
Trd, 4319377.493, 70
Trd, 4319377.593, 104
Trd, 4319378.193, 80
Trd, 4319378.793, 78
Trd, 4319379.293, 71
Trd, 4319379.993, 91
Trd, 4319380.243, 89
Trd, 4319380.493, 92
Trd, 4319380.943, 86
Trd, 4319382.743, 129
Trd, 4319383.043, 95
Trd, 4319383.293, 93
Trd, 4319384.193, 71
Trd, 4319385.443, 131
Trd, 4319386.193, 118
Trd, 4319386.243, 114
Trd, 4319386.393, 109
Trd, 4319387.093, 73
Trd, 4319387.843, 76
Trd, 4319388.093, 80
Trd, 4319388.693, 102
Trd, 4319390.293, 63
Trd, 4319390.943, 65
Trd, 4319391.593, 67
Trd, 4319392.693, 92
Trd, 4319392.993, 72
Trd, 4319393.693, 87
Trd, 4319394.893, 110
Trd, 4319395.943, 139
Trd, 4319397.093, 124
Trd, 4319397.543, 118
Trd, 4319398.793, 117
Trd, 4319399.593, 133
Trd, 4319400.193, 122
Trd, 4319400.343, 118
Trd, 4319400.893, 127
Trd, 4319401.993, 105
Trd, 4319402.393, 99
Trd, 4319402.793, 97
Trd, 4319403.043, 107
Trd, 4319404.343, 106
Trd, 4319404.793, 105
Trd, 4319404.843, 104
Trd, 4319406.293, 104
Trd, 4319408.093, 115
Trd, 4319408.643, 132
Trd, 4319408.993, 100
Trd, 4319409.443, 126
Trd, 4319409.593, 93
Trd, 4319410.543, 128
Trd, 4319410.793, 135
Trd, 4319411.493, 111
Trd, 4319412.793, 74
Trd, 4319413.343, 76
Trd, 4319413.943, 110
Trd, 4319414.393, 104
Trd, 4319414.793, 107
Trd, 4319415.143, 110
Trd, 4319415.843, 139
Trd, 4319415.993, 100
Trd, 4319417.743, 108
Trd, 4319418.943, 101
Trd, 4319420.493, 117
Trd, 4319420.693, 64
Trd, 4319421.543, 111
Trd, 4319422.043, 105
Trd, 4319422.093, 103
Trd, 4319422.643, 101
Trd, 4319425.093, 85
Trd, 4319425.643, 94
Trd, 4319426.093, 110
Trd, 4319426.743, 73
Trd, 4319428.643, 75
Trd, 4319428.993, 73
Trd, 4319429.193, 130
Trd, 4319429.593, 129
Trd, 4319429.693, 103
Trd, 4319430.293, 119
Trd, 4319430.843, 126
Trd, 4319431.343, 105
Trd, 4319431.593, 106
Trd, 4319432.893, 121
Trd, 4319433.543, 73
Trd, 4319435.343, 105
Trd, 4319435.543, 90
Trd, 4319436.693, 135
Trd, 4319436.843, 130
Trd, 4319437.243, 129
Trd, 4319437.293, 113
Trd, 4319439.593, 71
Trd, 4319439.943, 78
Trd, 4319440.493, 139
Trd, 4319441.693, 106
Trd, 4319441.793, 105
Trd, 4319442.643, 72
Trd, 4319443.343, 76
Trd, 4319443.493, 89
Trd, 4319444.493, 65
Trd, 4319444.843, 122
Trd, 4319445.543, 119
Trd, 4319446.343, 110
Trd, 4319447.043, 109
Trd, 4319448.443, 117
Trd, 4319448.643, 97
Trd, 4319448.943, 96
Trd, 4319448.993, 95
Trd, 4319449.193, 139
Trd, 4319449.793, 84
Trd, 4319450.643, 95
Trd, 4319451.593, 104
Trd, 4319452.693, 102
Trd, 4319453.243, 100
Trd, 4319453.643, 97
Trd, 4319453.793, 86
Trd, 4319453.893, 86
Trd, 4319454.843, 81
Trd, 4319454.893, 80
Trd, 4319455.893, 110
Trd, 4319456.293, 85
Trd, 4319456.893, 73
Trd, 4319457.443, 76
Trd, 4319457.543, 89
Trd, 4319457.843, 84
Trd, 4319459.893, 84
Trd, 4319460.043, 85
Trd, 4319461.243, 119
Trd, 4319462.043, 131
Trd, 4319462.493, 124
Trd, 4319462.943, 124
Trd, 4319463.293, 122
Trd, 4319463.743, 115
Trd, 4319464.993, 118
Trd, 4319465.693, 136
Trd, 4319465.793, 90
Trd, 4319465.843, 74
Trd, 4319466.743, 64
Trd, 4319467.443, 86
Trd, 4319468.093, 67
Trd, 4319468.893, 81
Trd, 4319469.393, 116
Trd, 4319471.643, 140
Trd, 4319472.243, 139
Trd, 4319472.943, 117
Trd, 4319473.693, 115
Trd, 4319473.843, 112
Trd, 4319474.643, 119
Trd, 4319474.893, 91
Trd, 4319475.243, 69
Trd, 4319475.293, 84
Trd, 4319476.143, 100
Trd, 4319477.893, 119
Trd, 4319478.793, 94
Trd, 4319479.043, 71
Trd, 4319479.493, 102
Trd, 4319480.193, 129
Trd, 4319481.143, 110
Trd, 4319481.793, 123
Trd, 4319482.043, 96
Trd, 4319483.443, 106
Trd, 4319483.493, 103
Trd, 4319484.243, 118
Trd, 4319484.993, 112
Trd, 4319485.543, 95
Trd, 4319485.793, 94
Trd, 4319486.243, 89
Trd, 4319487.543, 116
Trd, 4319487.643, 91
Trd, 4319489.643, 106
Trd, 4319489.743, 99
Trd, 4319489.893, 91
Trd, 4319490.093, 108
Trd, 4319490.393, 75
Trd, 4319490.793, 110
Trd, 4319491.993, 81
Trd, 4319492.443, 123
Trd, 4319492.693, 61
Trd, 4319493.843, 91
Trd, 4319496.143, 63
Trd, 4319496.643, 75
Trd, 4319497.193, 114
Trd, 4319497.543, 104
Trd, 4319497.743, 103
Trd, 4319500.093, 105
Trd, 4319500.393, 117
Trd, 4319500.593, 104
Trd, 4319501.143, 93
Trd, 4319503.343, 132
Trd, 4319503.443, 131
Trd, 4319503.943, 133
Trd, 4319504.143, 123
Trd, 4319504.193, 120
Trd, 4319505.293, 123
Trd, 4319506.043, 125
Trd, 4319506.693, 124
Trd, 4319507.443, 107
Trd, 4319507.493, 104
Trd, 4319507.593, 92
Trd, 4319508.493, 127
Trd, 4319511.343, 140
Trd, 4319511.593, 139
Trd, 4319511.893, 121
Trd, 4319512.243, 82
Trd, 4319512.593, 93
Trd, 4319513.793, 90
Trd, 4319514.793, 96
Trd, 4319515.643, 89
Trd, 4319515.943, 88
Trd, 4319516.143, 85
Trd, 4319516.743, 84
Trd, 4319517.293, 84
Trd, 4319517.743, 96
Trd, 4319518.493, 137
Trd, 4319519.193, 99
Trd, 4319521.393, 114
Trd, 4319521.843, 100
Trd, 4319521.893, 80
Trd, 4319524.243, 104
Trd, 4319525.343, 107
Trd, 4319525.693, 131
Trd, 4319525.893, 129
Trd, 4319525.993, 101
Trd, 4319526.343, 96
Trd, 4319527.493, 108
Trd, 4319528.393, 125
Trd, 4319528.743, 107
Trd, 4319528.793, 90
Trd, 4319528.843, 89
Trd, 4319529.443, 139
Trd, 4319530.893, 108
Trd, 4319530.993, 103
Trd, 4319531.293, 129
Trd, 4319532.743, 95
Trd, 4319533.843, 89
Trd, 4319534.493, 97
Trd, 4319534.793, 89
Trd, 4319535.543, 99
Trd, 4319536.243, 98
Trd, 4319536.743, 91
Trd, 4319537.293, 83
Trd, 4319538.243, 89
Trd, 4319540.693, 126
Trd, 4319541.343, 125
Trd, 4319541.843, 119
Trd, 4319542.393, 117
Trd, 4319542.643, 107
Trd, 4319543.343, 125
Trd, 4319543.593, 106
Trd, 4319544.643, 98
Trd, 4319545.493, 113
Trd, 4319547.493, 112
Trd, 4319547.543, 111
Trd, 4319547.643, 97
Trd, 4319548.543, 96
Trd, 4319548.943, 90
Trd, 4319550.943, 61
Trd, 4319551.193, 68
Trd, 4319552.243, 98
Trd, 4319552.693, 106
Trd, 4319553.043, 115
Trd, 4319553.693, 120
Trd, 4319553.743, 119
Trd, 4319555.293, 71
Trd, 4319555.343, 70
Trd, 4319556.593, 95
Trd, 4319556.993, 94
Trd, 4319557.943, 121
Trd, 4319558.493, 89
Trd, 4319558.743, 87
Trd, 4319558.893, 93
Trd, 4319559.043, 83
Trd, 4319559.143, 113
Trd, 4319559.393, 60
Trd, 4319562.693, 61
Trd, 4319563.093, 78
Trd, 4319563.243, 60
Trd, 4319563.493, 81
Trd, 4319563.743, 94
Trd, 4319564.093, 74
Trd, 4319564.543, 92
Trd, 4319564.993, 124
Trd, 4319566.543, 60
Trd, 4319567.093, 71
Trd, 4319570.543, 76
Trd, 4319570.693, 82
Trd, 4319570.743, 69
Trd, 4319570.843, 85
Trd, 4319571.443, 84
Trd, 4319572.143, 69
Trd, 4319573.043, 67
Trd, 4319573.693, 73
Trd, 4319574.593, 124
Trd, 4319575.493, 83
Trd, 4319577.593, 136
Trd, 4319577.793, 140
Trd, 4319577.943, 110
Trd, 4319578.043, 94
Trd, 4319579.093, 101
Trd, 4319580.393, 90
Trd, 4319580.593, 85
Trd, 4319581.293, 87
Trd, 4319581.543, 83
Trd, 4319581.993, 88
Trd, 4319582.393, 70
Trd, 4319583.843, 64
Trd, 4319584.443, 65
Trd, 4319584.593, 60
Trd, 4319586.093, 73
Trd, 4319586.893, 62
Trd, 4319588.943, 68
Trd, 4319588.993, 66
Trd, 4319590.143, 105
Trd, 4319590.293, 71
Trd, 4319591.543, 68
Trd, 4319592.343, 113
Trd, 4319592.393, 98
Trd, 4319594.293, 72
Trd, 4319596.393, 97
Trd, 4319596.843, 98
Trd, 4319597.443, 104
Trd, 4319597.493, 111
Trd, 4319597.743, 91
Trd, 4319597.993, 107
Trd, 4319598.693, 90
Trd, 4319599.143, 83
Trd, 4319599.843, 111
Trd, 4319600.093, 79
Trd, 4319601.243, 99
Trd, 4319601.443, 98
Trd, 4319602.743, 107
Trd, 4319602.993, 124
Trd, 4319603.243, 117
Trd, 4319603.443, 106
Trd, 4319604.243, 91
Trd, 4319605.293, 67
Trd, 4319606.993, 113
Trd, 4319607.793, 111
Trd, 4319607.893, 108
Trd, 4319608.093, 85
Trd, 4319608.593, 65
Trd, 4319611.393, 134
Trd, 4319611.443, 116
Trd, 4319612.143, 126
Trd, 4319612.843, 102
Trd, 4319613.093, 101
Trd, 4319614.143, 119
Trd, 4319614.893, 118
Trd, 4319615.743, 136
Trd, 4319616.643, 121
Trd, 4319616.693, 120
Trd, 4319616.743, 119
Trd, 4319617.093, 114
Trd, 4319617.943, 136
Trd, 4319617.993, 104
Trd, 4319618.193, 93
Trd, 4319619.243, 99
Trd, 4319619.543, 84
Trd, 4319620.293, 74
Trd, 4319620.743, 82
Trd, 4319622.243, 118
Trd, 4319622.543, 86
Trd, 4319623.193, 102
Trd, 4319625.943, 130
Trd, 4319626.343, 124
Trd, 4319626.443, 130
Trd, 4319626.893, 109
Trd, 4319627.293, 109
Trd, 4319627.493, 108
Trd, 4319628.543, 118
Trd, 4319628.743, 111
Trd, 4319629.893, 113
Trd, 4319632.043, 128
Trd, 4319632.143, 108
Trd, 4319633.243, 120
Trd, 4319633.393, 107
Trd, 4319633.943, 113
Trd, 4319635.293, 136
Trd, 4319635.943, 85
Trd, 4319636.943, 73
Trd, 4319636.993, 66
Trd, 4319637.243, 78
Trd, 4319637.743, 66
Trd, 4319638.743, 79
Trd, 4319638.993, 78
Trd, 4319640.793, 61
Trd, 4319640.893, 65
Trd, 4319641.193, 72
Trd, 4319643.393, 84
Trd, 4319643.643, 82
Trd, 4319643.693, 79
Trd, 4319643.793, 88
Trd, 4319644.843, 137
Trd, 4319644.943, 68
Trd, 4319646.993, 119
Trd, 4319648.243, 122
Trd, 4319649.543, 110
Trd, 4319649.843, 97
Trd, 4319650.643, 130
Trd, 4319651.893, 112
Trd, 4319652.093, 108
Trd, 4319652.593, 124
Trd, 4319652.743, 111
Trd, 4319652.943, 110
Trd, 4319654.393, 133
Trd, 4319655.043, 130
Trd, 4319656.093, 105
Trd, 4319656.793, 116
Trd, 4319657.293, 98
Trd, 4319657.843, 132
Trd, 4319658.043, 114
Trd, 4319658.443, 98
Trd, 4319658.693, 107
Trd, 4319659.293, 124
Trd, 4319659.843, 120
Trd, 4319660.493, 69
Trd, 4319661.493, 118
Trd, 4319662.293, 106
Trd, 4319663.343, 61
Trd, 4319664.193, 114
Trd, 4319664.393, 112
Trd, 4319666.693, 106
Trd, 4319667.043, 109
Trd, 4319668.893, 101
Trd, 4319668.993, 111
Trd, 4319669.493, 69
Trd, 4319669.543, 129
Trd, 4319671.193, 60
Trd, 4319671.593, 61
Trd, 4319671.893, 63
Trd, 4319672.893, 99
Trd, 4319673.093, 104
Trd, 4319673.493, 97
Trd, 4319674.243, 98
Trd, 4319674.493, 96
Trd, 4319675.293, 101
Trd, 4319676.993, 107
Trd, 4319677.643, 111
Trd, 4319678.493, 105
Trd, 4319678.743, 105
Trd, 4319678.893, 101
Trd, 4319679.393, 119
Trd, 4319680.593, 84
Trd, 4319681.543, 108
Trd, 4319681.743, 81
Trd, 4319682.543, 116
Trd, 4319683.543, 107
Trd, 4319684.143, 107
Trd, 4319684.493, 106
Trd, 4319684.543, 66
Trd, 4319685.543, 60
Trd, 4319686.243, 104
Trd, 4319686.343, 76
Trd, 4319686.643, 132
Trd, 4319687.543, 62
Trd, 4319688.393, 103
Trd, 4319688.743, 87
Trd, 4319689.443, 89
Trd, 4319690.193, 98
Trd, 4319690.893, 115
Trd, 4319691.093, 84
Trd, 4319691.593, 77
Trd, 4319691.743, 60
Trd, 4319693.093, 99
Trd, 4319693.393, 63
Trd, 4319695.343, 72
Trd, 4319695.443, 63
Trd, 4319696.743, 86
Trd, 4319697.293, 75
Trd, 4319697.543, 74
Trd, 4319698.643, 136
Trd, 4319699.093, 125
Trd, 4319699.293, 123
Trd, 4319699.443, 122
Trd, 4319699.843, 76
Trd, 4319700.343, 86
Trd, 4319701.143, 91
Trd, 4319701.693, 73
Trd, 4319704.543, 60
Trd, 4319705.243, 62
Trd, 4319705.443, 63
Trd, 4319705.593, 64
Trd, 4319705.693, 109
Trd, 4319706.693, 107
Trd, 4319706.993, 108
Trd, 4319707.093, 106
Trd, 4319707.543, 115
Trd, 4319707.943, 112
Trd, 4319709.943, 75
Trd, 4319710.893, 67
Trd, 4319712.443, 90
Trd, 4319712.643, 89
Trd, 4319713.943, 65
Trd, 4319713.993, 70
Trd, 4319714.693, 112
Trd, 4319715.293, 89
Trd, 4319715.393, 79
Trd, 4319715.993, 81
Trd, 4319717.243, 60
Trd, 4319718.193, 89
Trd, 4319719.093, 69
Trd, 4319719.543, 129
Trd, 4319720.143, 132
Trd, 4319720.443, 133
Trd, 4319720.743, 111
Trd, 4319721.693, 97
Trd, 4319722.943, 113
Trd, 4319723.393, 112
Trd, 4319723.693, 104
Trd, 4319724.493, 93
Trd, 4319725.193, 63
Trd, 4319726.943, 111
Trd, 4319727.243, 78
Trd, 4319727.543, 61
Trd, 4319728.343, 94
Trd, 4319728.743, 80
Trd, 4319730.343, 69
Trd, 4319730.593, 87
Trd, 4319730.943, 66
Trd, 4319732.243, 130
Trd, 4319733.143, 106
Trd, 4319733.543, 113
Trd, 4319734.193, 122
Trd, 4319734.693, 112
Trd, 4319735.593, 112
Trd, 4319736.093, 113
Trd, 4319736.443, 111
Trd, 4319736.693, 98
Trd, 4319736.943, 90
Trd, 4319739.293, 70
Trd, 4319740.043, 75
Trd, 4319740.293, 68
Trd, 4319740.843, 69
Trd, 4319741.193, 88
Trd, 4319741.943, 107
Trd, 4319742.343, 97
Trd, 4319743.343, 106
Trd, 4319743.443, 105
Trd, 4319743.843, 134
Trd, 4319743.943, 105
Trd, 4319744.143, 135
Trd, 4319745.193, 66
Trd, 4319746.593, 77
Trd, 4319747.093, 64
Trd, 4319748.043, 80
Trd, 4319748.143, 78
Trd, 4319749.943, 70
Trd, 4319750.843, 85
Trd, 4319751.343, 96
Trd, 4319752.143, 94
Trd, 4319752.293, 92
Trd, 4319752.943, 72
Trd, 4319753.543, 139
Trd, 4319754.143, 139
Trd, 4319754.593, 138
Trd, 4319755.893, 137
Trd, 4319756.243, 136
Trd, 4319756.793, 61
Trd, 4319757.293, 65
Trd, 4319757.543, 83
Trd, 4319758.193, 119
Trd, 4319760.193, 113
Trd, 4319761.143, 125
Trd, 4319761.193, 124
Trd, 4319762.843, 114
Trd, 4319763.143, 100
Trd, 4319763.293, 99
Trd, 4319763.493, 95
Trd, 4319763.743, 80
Trd, 4319764.693, 119
Trd, 4319764.743, 89
Trd, 4319766.743, 124
Trd, 4319767.543, 127
Trd, 4319767.843, 124
Trd, 4319767.993, 123
Trd, 4319768.843, 123
Trd, 4319769.693, 108
Trd, 4319770.343, 117
Trd, 4319770.393, 108
Trd, 4319770.493, 103
Trd, 4319771.793, 132
Trd, 4319772.043, 123
Trd, 4319772.843, 103
Trd, 4319773.193, 102
Trd, 4319774.443, 125
Trd, 4319776.093, 120
Trd, 4319776.443, 106
Trd, 4319777.843, 107
Trd, 4319778.143, 106
Trd, 4319778.393, 94
Trd, 4319779.693, 89
Trd, 4319780.943, 69
Trd, 4319781.593, 69
Trd, 4319782.843, 108
Trd, 4319782.893, 105
Trd, 4319783.093, 92
Trd, 4319783.393, 130
Trd, 4319784.193, 73
Trd, 4319785.543, 118
Trd, 4319785.593, 82
Trd, 4319786.693, 83
Trd, 4319787.193, 105
Trd, 4319787.343, 88
Trd, 4319788.393, 115
Trd, 4319789.843, 68
Trd, 4319789.943, 78
Trd, 4319790.893, 77
Trd, 4319791.193, 80
Trd, 4319791.793, 124
Trd, 4319794.393, 140
Trd, 4319794.643, 139
Trd, 4319794.743, 120
Trd, 4319795.843, 75
Trd, 4319796.093, 83
Trd, 4319796.993, 115
Trd, 4319797.343, 114
Trd, 4319798.043, 116
Trd, 4319798.143, 113
Trd, 4319798.343, 126
Trd, 4319798.843, 104
Trd, 4319799.793, 103
Trd, 4319801.893, 119
Trd, 4319802.843, 115
Trd, 4319803.843, 112
Trd, 4319803.993, 128
Trd, 4319804.093, 101
Trd, 4319804.243, 99
Trd, 4319804.993, 136
Trd, 4319806.493, 87
Trd, 4319806.843, 140
Trd, 4319808.343, 137
Trd, 4319808.393, 136
Trd, 4319808.543, 116
Trd, 4319808.743, 79
Trd, 4319810.593, 108
Trd, 4319811.343, 89
Trd, 4319811.843, 70
Trd, 4319812.093, 75
Trd, 4319814.043, 99
Trd, 4319814.393, 101
Trd, 4319814.493, 100
Trd, 4319814.593, 104
Trd, 4319815.693, 96
Trd, 4319816.543, 133
Trd, 4319816.943, 115
Trd, 4319817.593, 107
Trd, 4319817.893, 103
Trd, 4319818.993, 129
Trd, 4319819.243, 91
Trd, 4319820.593, 129
Trd, 4319820.693, 128
Trd, 4319821.693, 120
Trd, 4319822.393, 115
Trd, 4319822.593, 114
Trd, 4319823.743, 117
Trd, 4319824.193, 115
Trd, 4319824.493, 130
Trd, 4319824.993, 90
Trd, 4319825.493, 101
Trd, 4319825.893, 90
Trd, 4319826.193, 101
Trd, 4319826.293, 86
Trd, 4319828.593, 93
Trd, 4319829.743, 97
Trd, 4319829.843, 110
Trd, 4319830.243, 119
Trd, 4319831.043, 116
Trd, 4319831.893, 89
Trd, 4319832.393, 88
Trd, 4319833.943, 91
Trd, 4319834.843, 112
Trd, 4319835.043, 86
Trd, 4319835.343, 85
Trd, 4319835.493, 84
Trd, 4319836.693, 96
Trd, 4319837.043, 82
Trd, 4319837.643, 65
Trd, 4319838.343, 92
Trd, 4319839.093, 133
Trd, 4319839.143, 80
Trd, 4319839.943, 63
Trd, 4319840.743, 103
Trd, 4319841.593, 63
Trd, 4319841.693, 109
Trd, 4319842.693, 80
Trd, 4319843.893, 100
Trd, 4319844.143, 93
Trd, 4319844.443, 70
Trd, 4319847.043, 115
Trd, 4319847.443, 113
Trd, 4319847.793, 113
Trd, 4319847.993, 112
Trd, 4319848.793, 86
Trd, 4319848.943, 75
Trd, 4319850.143, 84
Trd, 4319850.243, 100
Trd, 4319851.493, 105
Trd, 4319851.693, 74
Trd, 4319853.093, 60
Trd, 4319853.393, 62
Trd, 4319854.093, 72
Trd, 4319855.093, 89
Trd, 4319856.243, 70
Trd, 4319856.493, 93
Trd, 4319857.243, 117
Trd, 4319857.643, 116
Trd, 4319857.943, 123
Trd, 4319858.043, 122
Trd, 4319858.243, 101
Trd, 4319859.993, 100
Trd, 4319860.943, 122
Trd, 4319861.143, 99
Trd, 4319861.793, 95
Trd, 4319862.993, 108
Trd, 4319863.593, 103
Trd, 4319864.043, 93
Trd, 4319865.293, 127
Trd, 4319865.893, 103
Trd, 4319866.293, 102
Trd, 4319867.643, 130
Trd, 4319867.693, 105
Trd, 4319868.093, 105
Trd, 4319868.993, 75
Trd, 4319869.943, 66
Trd, 4319871.093, 119
Trd, 4319871.743, 135
Trd, 4319872.343, 122
Trd, 4319872.493, 108
Trd, 4319873.793, 125
Trd, 4319874.493, 96
Trd, 4319874.893, 130
Trd, 4319875.843, 98
Trd, 4319875.893, 96
Trd, 4319876.143, 85
Trd, 4319877.143, 105
Trd, 4319877.943, 65
Trd, 4319878.893, 86
Trd, 4319879.143, 67
Trd, 4319880.893, 98
Trd, 4319880.993, 97
Trd, 4319882.343, 70
Trd, 4319882.593, 75
Trd, 4319884.993, 62
Trd, 4319885.043, 64
Trd, 4319885.193, 125
Trd, 4319887.293, 62
Trd, 4319887.793, 62
Trd, 4319888.343, 103
Trd, 4319888.393, 63
Trd, 4319889.293, 66
Trd, 4319890.693, 113
Trd, 4319892.093, 113
Trd, 4319892.243, 133
Trd, 4319893.693, 106
Trd, 4319893.743, 92
Trd, 4319894.593, 108
Trd, 4319895.943, 122
Trd, 4319896.643, 106
Trd, 4319896.793, 132
Trd, 4319897.493, 138
Trd, 4319897.943, 129
Trd, 4319898.643, 129
Trd, 4319899.093, 113
Trd, 4319899.643, 111
Trd, 4319900.243, 136
Trd, 4319900.793, 133
Trd, 4319901.293, 90
Trd, 4319902.043, 120
Trd, 4319903.143, 76
Trd, 4319903.493, 96
Trd, 4319903.593, 75
Trd, 4319903.843, 140
Trd, 4319905.543, 91
Trd, 4319905.993, 108
Trd, 4319906.243, 101
Trd, 4319907.543, 93
Trd, 4319908.743, 93
Trd, 4319908.943, 97
Trd, 4319909.743, 100
Trd, 4319910.393, 99
Trd, 4319910.943, 61
Trd, 4319912.343, 135
Trd, 4319913.143, 118
Trd, 4319913.643, 108
Trd, 4319914.193, 98
Trd, 4319916.143, 111
Trd, 4319916.943, 116
Trd, 4319917.243, 112
Trd, 4319917.343, 100
Trd, 4319917.693, 120
Trd, 4319918.493, 81
Trd, 4319919.093, 81
Trd, 4319919.243, 80
Trd, 4319919.293, 89
Trd, 4319920.343, 69
Trd, 4319922.293, 63
Trd, 4319922.393, 107
Trd, 4319922.743, 104
Trd, 4319923.693, 73
Trd, 4319923.743, 64
Trd, 4319924.193, 79
Trd, 4319925.193, 94
Trd, 4319925.893, 103
Trd, 4319926.443, 81
Trd, 4319927.043, 81
Trd, 4319927.543, 138
Trd, 4319928.043, 101
Trd, 4319928.943, 73
Trd, 4319929.593, 61
Trd, 4319931.843, 72
Trd, 4319931.993, 75
Trd, 4319933.493, 112
Trd, 4319934.143, 88
Trd, 4319934.643, 93
Trd, 4319934.743, 89
Trd, 4319935.243, 133
Trd, 4319935.643, 132
Trd, 4319936.343, 89
Trd, 4319937.093, 96
Trd, 4319937.143, 71
Trd, 4319938.593, 88
Trd, 4319939.193, 96
Trd, 4319939.543, 128
Trd, 4319940.093, 84
Trd, 4319941.693, 68
Trd, 4319943.093, 110
Trd, 4319943.143, 97
Trd, 4319943.993, 123
Trd, 4319945.493, 101
Trd, 4319946.193, 107
Trd, 4319946.843, 98
Trd, 4319947.143, 121
Trd, 4319948.493, 133
Trd, 4319948.893, 104
Trd, 4319949.143, 103
Trd, 4319949.193, 97
Trd, 4319949.843, 91
Trd, 4319950.243, 83
Trd, 4319951.643, 100
Trd, 4319952.193, 103
Trd, 4319953.493, 125
Trd, 4319953.543, 116
Trd, 4319953.843, 111
Trd, 4319954.643, 110
Trd, 4319956.443, 97
Trd, 4319956.743, 97
Trd, 4319956.943, 81
Trd, 4319957.843, 127
Trd, 4319958.243, 126
Trd, 4319958.493, 110
Trd, 4319959.393, 101
Trd, 4319960.393, 101
Trd, 4319962.493, 112
Trd, 4319963.543, 92
Trd, 4319964.793, 113
Trd, 4319964.893, 77
Trd, 4319966.043, 79
Trd, 4319966.193, 101
Trd, 4319966.243, 73
Trd, 4319966.593, 100
Trd, 4319967.493, 74
Trd, 4319967.943, 65
Trd, 4319970.193, 82
Trd, 4319970.543, 82
Trd, 4319971.493, 82
Trd, 4319971.643, 95
Trd, 4319972.243, 80
Trd, 4319973.943, 92
Trd, 4319974.093, 80
Trd, 4319976.693, 81
Trd, 4319977.993, 84
Trd, 4319978.093, 80
Trd, 4319979.243, 116
Trd, 4319979.943, 99
Trd, 4319980.093, 98
Trd, 4319980.593, 105
Trd, 4319981.043, 130
Trd, 4319981.093, 95
Trd, 4319982.193, 104
Trd, 4319983.243, 96
Trd, 4319983.493, 105
Trd, 4319985.293, 100
Trd, 4319985.943, 102
Trd, 4319986.043, 100
Trd, 4319986.593, 99
Trd, 4319986.793, 94
Trd, 4319986.943, 92
Trd, 4319987.693, 79
Trd, 4319988.493, 73
Trd, 4319989.443, 138
Trd, 4319989.593, 73
Trd, 4319990.443, 129
Trd, 4319991.393, 107
Trd, 4319991.593, 86
Trd, 4319993.043, 140
Trd, 4319995.643, 95
Trd, 4319995.943, 126
Trd, 4319997.143, 96
Trd, 4319997.193, 93
Trd, 4319997.343, 80
Trd, 4319997.743, 79
Trd, 4319998.343, 116
Trd, 4319998.543, 115
Trd, 4319999.443, 83
Trd, 4319999.843, 83
