Trd, 4318142.443, 67
Trd, 4318142.793, 63
Trd, 4318143.143, 94
Trd, 4318143.593, 61
Trd, 4318144.493, 60
Trd, 4318145.143, 60
Trd, 4318146.093, 62
Trd, 4318146.893, 60
Trd, 4318149.143, 60
Trd, 4318150.593, 60
Trd, 4318150.943, 64
Trd, 4318151.193, 63
Trd, 4318151.343, 64
Trd, 4318151.493, 62
Trd, 4318151.693, 61
Trd, 4318152.193, 117
Trd, 4318152.793, 68
Trd, 4318153.543, 61
Trd, 4318154.893, 61
Trd, 4318155.943, 60
Trd, 4318156.793, 61
Trd, 4318157.093, 60
Trd, 4318158.343, 65
Trd, 4318159.293, 60
Trd, 4318159.343, 61
Trd, 4318160.793, 61
Trd, 4318161.193, 60
Trd, 4318161.643, 63
Trd, 4318163.943, 64
Trd, 4318164.243, 61
Trd, 4318164.643, 60
Trd, 4318165.143, 65
Trd, 4318165.993, 61
Trd, 4318166.793, 75
Trd, 4318166.993, 64
Trd, 4318167.143, 74
Trd, 4318167.993, 65
Trd, 4318170.443, 60
Trd, 4318170.593, 60
Trd, 4318170.893, 60
Trd, 4318170.943, 62
Trd, 4318172.543, 60
Trd, 4318173.243, 60
Trd, 4318174.493, 61
Trd, 4318174.943, 61
Trd, 4318175.393, 62
Trd, 4318177.443, 60
Trd, 4318179.043, 60
Trd, 4318179.493, 61
Trd, 4318179.593, 62
Trd, 4318179.943, 63
Trd, 4318180.443, 63
Trd, 4318180.593, 65
Trd, 4318180.843, 81
Trd, 4318181.193, 88
Trd, 4318181.343, 88
Trd, 4318182.093, 140
Trd, 4318182.293, 67
Trd, 4318182.943, 70
Trd, 4318183.693, 87
Trd, 4318184.743, 140
Trd, 4318184.993, 71
Trd, 4318187.893, 60
Trd, 4318188.543, 60
Trd, 4318188.693, 60
Trd, 4318188.893, 64
Trd, 4318190.343, 60
Trd, 4318191.143, 60
Trd, 4318191.243, 61
Trd, 4318191.493, 66
Trd, 4318191.893, 61
Trd, 4318192.193, 62
Trd, 4318193.143, 60
Trd, 4318193.393, 62
Trd, 4318193.893, 62
Trd, 4318193.943, 64
Trd, 4318195.393, 77
Trd, 4318195.643, 69
Trd, 4318197.193, 61
Trd, 4318197.993, 60
Trd, 4318198.593, 64
Trd, 4318198.893, 65
Trd, 4318199.443, 67
Trd, 4318201.143, 60
Trd, 4318201.543, 60
Trd, 4318201.643, 61
Trd, 4318202.493, 68
Trd, 4318203.593, 60
Trd, 4318204.393, 62
Trd, 4318207.843, 60
Trd, 4318207.943, 60
Trd, 4318208.493, 62
Trd, 4318208.543, 60
Trd, 4318208.643, 69
Trd, 4318209.593, 140
Trd, 4318209.843, 140
Trd, 4318209.993, 138
Trd, 4318210.943, 140
Trd, 4318211.043, 140
Trd, 4318211.293, 97
Trd, 4318212.643, 60
Trd, 4318212.793, 61
Trd, 4318213.743, 65
Trd, 4318215.043, 60
Trd, 4318216.793, 60
Trd, 4318216.993, 66
Trd, 4318218.693, 69
Trd, 4318218.943, 63
Trd, 4318219.693, 62
Trd, 4318220.493, 61
Trd, 4318221.943, 60
Trd, 4318222.293, 62
Trd, 4318223.143, 60
Trd, 4318223.893, 65
Trd, 4318224.193, 66
Trd, 4318224.343, 67
Trd, 4318224.693, 127
Trd, 4318224.943, 66
Trd, 4318225.693, 62
Trd, 4318227.443, 61
Trd, 4318228.143, 61
Trd, 4318228.293, 62
Trd, 4318228.393, 63
Trd, 4318230.143, 62
Trd, 4318230.743, 62
Trd, 4318231.793, 60
Trd, 4318232.993, 63
Trd, 4318234.043, 64
Trd, 4318234.393, 64
Trd, 4318235.243, 72
Trd, 4318235.543, 60
Trd, 4318236.893, 60
Trd, 4318237.643, 63
Trd, 4318238.693, 62
Trd, 4318238.743, 69
Trd, 4318239.043, 62
Trd, 4318239.893, 76
Trd, 4318240.893, 140
Trd, 4318241.743, 61
Trd, 4318241.793, 62
Trd, 4318242.893, 66
Trd, 4318242.943, 63
Trd, 4318243.093, 84
Trd, 4318243.743, 65
Trd, 4318243.893, 64
Trd, 4318244.143, 78
Trd, 4318244.493, 85
Trd, 4318246.543, 140
Trd, 4318246.893, 140
Trd, 4318247.343, 63
Trd, 4318247.493, 64
Trd, 4318247.743, 140
Trd, 4318249.693, 60
Trd, 4318250.193, 60
Trd, 4318250.893, 62
Trd, 4318252.193, 62
Trd, 4318252.843, 65
Trd, 4318253.443, 67
Trd, 4318253.893, 69
Trd, 4318255.093, 140
Trd, 4318255.143, 140
Trd, 4318255.393, 139
Trd, 4318255.543, 139
Trd, 4318258.093, 62
Trd, 4318259.443, 60
Trd, 4318259.543, 62
Trd, 4318260.643, 61
Trd, 4318261.693, 60
Trd, 4318262.043, 60
Trd, 4318262.793, 60
Trd, 4318263.143, 61
Trd, 4318263.893, 61
Trd, 4318264.593, 61
Trd, 4318264.843, 63
Trd, 4318265.443, 71
Trd, 4318266.443, 60
Trd, 4318267.243, 61
Trd, 4318267.493, 62
Trd, 4318267.543, 60
Trd, 4318267.693, 63
Trd, 4318268.993, 140
Trd, 4318269.543, 140
Trd, 4318269.693, 139
Trd, 4318269.893, 139
Trd, 4318270.943, 140
Trd, 4318270.993, 138
Trd, 4318272.243, 140
Trd, 4318272.643, 140
Trd, 4318272.943, 140
Trd, 4318273.843, 140
Trd, 4318274.393, 140
Trd, 4318275.943, 95
Trd, 4318276.543, 95
Trd, 4318277.643, 140
Trd, 4318278.093, 140
Trd, 4318278.893, 140
Trd, 4318278.943, 137
Trd, 4318279.743, 63
Trd, 4318279.843, 63
Trd, 4318280.143, 60
Trd, 4318280.843, 114
Trd, 4318282.493, 61
Trd, 4318283.893, 62
Trd, 4318284.043, 63
Trd, 4318284.443, 64
Trd, 4318285.543, 61
Trd, 4318285.743, 65
Trd, 4318286.793, 67
Trd, 4318286.943, 140
Trd, 4318286.993, 65
Trd, 4318288.643, 60
Trd, 4318290.743, 60
Trd, 4318291.143, 60
Trd, 4318291.443, 61
Trd, 4318291.893, 60
Trd, 4318293.243, 61
Trd, 4318293.343, 64
Trd, 4318294.193, 60
Trd, 4318294.493, 62
Trd, 4318294.843, 60
Trd, 4318295.043, 64
Trd, 4318295.393, 62
Trd, 4318295.693, 61
Trd, 4318297.293, 60
Trd, 4318297.743, 60
Trd, 4318298.093, 67
Trd, 4318298.843, 61
Trd, 4318299.043, 60
Trd, 4318299.443, 139
Trd, 4318302.293, 60
Trd, 4318303.193, 61
Trd, 4318303.693, 61
Trd, 4318305.043, 61
Trd, 4318305.093, 60
Trd, 4318305.293, 61
Trd, 4318305.493, 66
Trd, 4318305.743, 118
Trd, 4318306.143, 93
Trd, 4318306.893, 65
Trd, 4318308.193, 140
Trd, 4318308.343, 67
Trd, 4318308.793, 140
Trd, 4318308.943, 140
Trd, 4318309.893, 79
Trd, 4318311.093, 140
Trd, 4318311.543, 73
Trd, 4318311.693, 70
Trd, 4318312.243, 140
Trd, 4318313.643, 140
Trd, 4318313.693, 139
Trd, 4318313.743, 114
Trd, 4318314.143, 140
Trd, 4318314.243, 76
Trd, 4318316.343, 140
Trd, 4318317.643, 140
Trd, 4318317.693, 140
Trd, 4318318.543, 137
Trd, 4318318.893, 139
Trd, 4318319.093, 118
Trd, 4318320.343, 140
Trd, 4318320.593, 140
Trd, 4318321.243, 116
Trd, 4318322.343, 94
Trd, 4318322.643, 139
Trd, 4318323.743, 60
Trd, 4318324.443, 60
Trd, 4318326.093, 60
Trd, 4318326.343, 62
Trd, 4318326.743, 63
Trd, 4318327.843, 66
Trd, 4318327.893, 80
Trd, 4318331.493, 60
Trd, 4318331.993, 60
Trd, 4318332.293, 60
Trd, 4318332.943, 60
Trd, 4318332.993, 62
Trd, 4318333.393, 61
Trd, 4318333.843, 61
Trd, 4318334.193, 67
Trd, 4318334.243, 80
Trd, 4318334.843, 63
Trd, 4318336.993, 60
Trd, 4318337.093, 60
Trd, 4318337.493, 61
Trd, 4318339.593, 60
Trd, 4318339.693, 61
Trd, 4318341.093, 61
Trd, 4318341.293, 60
Trd, 4318341.843, 60
Trd, 4318343.243, 62
Trd, 4318343.893, 62
Trd, 4318344.743, 60
Trd, 4318344.993, 60
Trd, 4318345.793, 60
Trd, 4318347.193, 61
Trd, 4318348.393, 61
Trd, 4318348.743, 62
Trd, 4318349.643, 63
Trd, 4318350.193, 63
Trd, 4318351.143, 63
Trd, 4318351.193, 62
Trd, 4318351.743, 62
Trd, 4318352.643, 65
Trd, 4318353.643, 140
Trd, 4318353.693, 63
Trd, 4318353.943, 64
Trd, 4318355.543, 61
Trd, 4318355.693, 65
Trd, 4318356.243, 61
Trd, 4318357.043, 61
Trd, 4318357.793, 65
Trd, 4318358.293, 66
Trd, 4318360.593, 60
Trd, 4318360.943, 62
Trd, 4318362.193, 61
Trd, 4318363.193, 63
Trd, 4318363.593, 68
Trd, 4318364.543, 60
Trd, 4318367.243, 60
Trd, 4318367.593, 61
Trd, 4318368.043, 62
Trd, 4318368.743, 61
Trd, 4318369.093, 61
Trd, 4318369.143, 65
Trd, 4318370.043, 62
Trd, 4318370.543, 130
Trd, 4318370.893, 140
Trd, 4318372.493, 61
Trd, 4318373.493, 63
Trd, 4318374.293, 60
Trd, 4318374.843, 66
Trd, 4318375.193, 75
Trd, 4318375.443, 62
Trd, 4318375.843, 62
Trd, 4318376.343, 140
Trd, 4318378.643, 140
Trd, 4318378.693, 140
Trd, 4318379.043, 82
Trd, 4318379.243, 82
Trd, 4318380.193, 65
Trd, 4318381.193, 67
Trd, 4318381.343, 64
Trd, 4318381.543, 62
Trd, 4318382.143, 140
Trd, 4318382.343, 140
Trd, 4318383.243, 140
Trd, 4318384.393, 60
Trd, 4318385.343, 67
Trd, 4318386.393, 77
Trd, 4318386.443, 65
Trd, 4318387.293, 68
Trd, 4318387.593, 138
Trd, 4318388.093, 66
Trd, 4318388.793, 140
Trd, 4318388.843, 66
Trd, 4318391.193, 60
Trd, 4318391.343, 60
Trd, 4318391.593, 60
Trd, 4318392.393, 61
Trd, 4318393.893, 60
Trd, 4318394.243, 61
Trd, 4318395.193, 60
Trd, 4318395.693, 63
Trd, 4318396.143, 60
Trd, 4318396.343, 87
Trd, 4318397.943, 66
Trd, 4318399.193, 69
Trd, 4318399.543, 61
Trd, 4318399.643, 62
Trd, 4318400.043, 66
Trd, 4318401.093, 60
Trd, 4318401.143, 60
Trd, 4318403.493, 62
Trd, 4318404.593, 60
Trd, 4318405.043, 60
Trd, 4318406.543, 60
Trd, 4318406.843, 60
Trd, 4318406.993, 61
Trd, 4318407.643, 62
Trd, 4318408.293, 61
Trd, 4318408.443, 61
Trd, 4318408.993, 60
Trd, 4318409.443, 60
Trd, 4318409.843, 140
Trd, 4318411.343, 115
Trd, 4318411.493, 116
Trd, 4318411.593, 114
Trd, 4318411.743, 113
Trd, 4318412.143, 86
Trd, 4318412.843, 140
Trd, 4318415.293, 60
Trd, 4318415.743, 63
Trd, 4318416.543, 63
Trd, 4318417.093, 69
Trd, 4318417.193, 62
Trd, 4318418.293, 75
Trd, 4318418.393, 76
Trd, 4318419.493, 63
Trd, 4318420.843, 139
Trd, 4318421.143, 139
Trd, 4318421.193, 138
Trd, 4318421.793, 139
Trd, 4318422.393, 115
Trd, 4318422.643, 114
Trd, 4318422.693, 113
Trd, 4318424.343, 61
Trd, 4318424.693, 60
Trd, 4318425.343, 76
Trd, 4318425.693, 63
Trd, 4318426.293, 61
Trd, 4318426.743, 63
Trd, 4318427.093, 74
Trd, 4318427.993, 65
Trd, 4318428.043, 63
Trd, 4318428.093, 72
Trd, 4318429.543, 133
Trd, 4318429.793, 83
Trd, 4318431.193, 62
Trd, 4318431.893, 66
Trd, 4318432.093, 128
Trd, 4318432.343, 66
Trd, 4318432.743, 139
Trd, 4318433.943, 139
Trd, 4318434.393, 140
Trd, 4318435.043, 140
Trd, 4318435.093, 101
Trd, 4318436.193, 140
Trd, 4318437.293, 63
Trd, 4318438.093, 60
Trd, 4318438.293, 64
Trd, 4318438.643, 60
Trd, 4318439.493, 72
Trd, 4318440.143, 61
Trd, 4318442.493, 71
Trd, 4318442.993, 62
Trd, 4318443.793, 79
Trd, 4318443.843, 78
Trd, 4318444.493, 60
Trd, 4318445.343, 64
Trd, 4318448.043, 60
Trd, 4318448.293, 60
Trd, 4318448.793, 60
Trd, 4318448.993, 60
Trd, 4318449.343, 62
Trd, 4318449.493, 62
Trd, 4318449.793, 64
Trd, 4318450.893, 67
Trd, 4318451.493, 72
Trd, 4318452.143, 77
Trd, 4318452.243, 76
Trd, 4318452.843, 76
Trd, 4318453.343, 77
Trd, 4318453.943, 76
Trd, 4318454.393, 133
Trd, 4318454.593, 67
Trd, 4318455.043, 81
Trd, 4318456.393, 140
Trd, 4318456.693, 91
Trd, 4318458.293, 68
Trd, 4318458.643, 69
Trd, 4318459.743, 61
Trd, 4318460.093, 62
Trd, 4318461.793, 60
Trd, 4318461.843, 60
Trd, 4318461.993, 64
Trd, 4318464.743, 61
Trd, 4318465.093, 61
Trd, 4318465.743, 64
Trd, 4318466.693, 61
Trd, 4318466.793, 63
Trd, 4318467.043, 61
Trd, 4318467.293, 60
Trd, 4318469.093, 61
Trd, 4318469.393, 60
Trd, 4318469.593, 65
Trd, 4318470.293, 63
Trd, 4318471.043, 60
Trd, 4318471.743, 65
Trd, 4318472.793, 61
Trd, 4318473.243, 60
Trd, 4318473.943, 60
Trd, 4318474.893, 61
Trd, 4318474.993, 91
Trd, 4318476.543, 62
Trd, 4318476.843, 63
Trd, 4318476.943, 66
Trd, 4318477.093, 62
Trd, 4318477.643, 62
Trd, 4318478.643, 66
Trd, 4318478.893, 60
Trd, 4318479.243, 75
Trd, 4318479.393, 136
Trd, 4318480.193, 139
Trd, 4318483.143, 60
Trd, 4318483.843, 61
Trd, 4318484.443, 60
Trd, 4318484.793, 61
Trd, 4318486.793, 60
Trd, 4318486.993, 61
Trd, 4318487.493, 60
Trd, 4318487.643, 60
Trd, 4318487.793, 66
Trd, 4318487.943, 68
Trd, 4318488.493, 60
Trd, 4318489.343, 61
Trd, 4318489.943, 72
Trd, 4318490.493, 62
Trd, 4318491.293, 60
Trd, 4318491.593, 60
Trd, 4318494.593, 60
Trd, 4318495.643, 60
Trd, 4318495.993, 61
Trd, 4318496.093, 64
Trd, 4318496.793, 60
Trd, 4318498.793, 60
Trd, 4318498.893, 61
Trd, 4318499.943, 60
Trd, 4318500.143, 60
Trd, 4318501.593, 60
Trd, 4318502.693, 61
Trd, 4318502.943, 105
Trd, 4318503.243, 64
Trd, 4318503.443, 62
Trd, 4318503.643, 64
Trd, 4318504.693, 110
Trd, 4318505.243, 60
Trd, 4318505.993, 63
Trd, 4318506.443, 63
Trd, 4318506.943, 63
Trd, 4318507.193, 62
Trd, 4318507.843, 83
Trd, 4318508.543, 60
Trd, 4318509.543, 62
Trd, 4318510.293, 64
Trd, 4318510.993, 62
Trd, 4318513.293, 60
Trd, 4318514.193, 60
Trd, 4318515.793, 60
Trd, 4318515.893, 61
Trd, 4318516.243, 61
Trd, 4318517.143, 66
Trd, 4318517.243, 60
Trd, 4318519.243, 60
Trd, 4318519.743, 60
Trd, 4318520.543, 60
Trd, 4318520.843, 60
Trd, 4318521.443, 60
Trd, 4318521.693, 61
Trd, 4318522.693, 60
Trd, 4318523.843, 62
Trd, 4318524.043, 61
Trd, 4318524.093, 64
Trd, 4318524.793, 62
Trd, 4318525.243, 61
Trd, 4318525.993, 64
Trd, 4318527.743, 60
Trd, 4318529.143, 60
Trd, 4318530.643, 63
Trd, 4318530.793, 61
Trd, 4318531.093, 64
Trd, 4318531.843, 61
Trd, 4318532.243, 61
Trd, 4318532.543, 62
Trd, 4318533.143, 70
Trd, 4318533.193, 63
Trd, 4318533.943, 140
Trd, 4318534.343, 63
Trd, 4318534.793, 65
Trd, 4318535.193, 63
Trd, 4318535.643, 62
Trd, 4318535.793, 68
Trd, 4318536.593, 140
Trd, 4318537.143, 140
Trd, 4318537.593, 138
Trd, 4318539.643, 60
Trd, 4318539.993, 61
Trd, 4318541.593, 62
Trd, 4318541.793, 63
Trd, 4318541.943, 66
Trd, 4318542.543, 60
Trd, 4318542.743, 140
Trd, 4318544.743, 60
Trd, 4318545.043, 60
Trd, 4318545.343, 60
Trd, 4318546.193, 65
Trd, 4318546.493, 63
Trd, 4318546.943, 64
Trd, 4318546.993, 61
Trd, 4318547.493, 139
Trd, 4318548.843, 78
Trd, 4318550.343, 133
Trd, 4318550.443, 132
Trd, 4318551.143, 132
Trd, 4318551.293, 102
Trd, 4318551.343, 75
Trd, 4318552.443, 140
Trd, 4318552.543, 140
Trd, 4318553.493, 140
Trd, 4318554.443, 140
Trd, 4318554.793, 140
Trd, 4318555.043, 140
Trd, 4318555.443, 140
Trd, 4318556.343, 140
Trd, 4318556.543, 140
Trd, 4318556.893, 122
Trd, 4318557.843, 140
Trd, 4318558.093, 140
Trd, 4318558.493, 140
Trd, 4318559.093, 140
Trd, 4318559.543, 140
Trd, 4318561.093, 140
Trd, 4318561.293, 140
Trd, 4318561.443, 139
Trd, 4318563.243, 140
Trd, 4318563.393, 140
Trd, 4318563.743, 139
Trd, 4318563.793, 121
Trd, 4318564.193, 116
Trd, 4318565.293, 64
Trd, 4318566.193, 61
Trd, 4318566.643, 62
Trd, 4318566.993, 65
Trd, 4318568.093, 61
Trd, 4318569.693, 61
Trd, 4318569.943, 61
Trd, 4318571.143, 60
Trd, 4318571.393, 60
Trd, 4318573.143, 60
Trd, 4318573.493, 61
Trd, 4318573.693, 60
Trd, 4318573.843, 63
Trd, 4318574.293, 64
Trd, 4318574.643, 62
Trd, 4318575.443, 101
Trd, 4318576.193, 81
Trd, 4318577.043, 66
Trd, 4318577.093, 81
Trd, 4318577.943, 119
Trd, 4318578.693, 63
Trd, 4318580.493, 60
Trd, 4318581.393, 60
Trd, 4318582.143, 140
Trd, 4318583.293, 62
Trd, 4318583.743, 72
Trd, 4318584.443, 64
Trd, 4318586.393, 60
Trd, 4318586.593, 60
Trd, 4318587.893, 61
Trd, 4318588.593, 60
Trd, 4318588.893, 63
Trd, 4318589.743, 63
Trd, 4318589.793, 65
Trd, 4318590.593, 64
Trd, 4318591.293, 60
Trd, 4318592.443, 61
Trd, 4318592.893, 63
Trd, 4318593.543, 63
Trd, 4318595.193, 60
Trd, 4318595.343, 61
Trd, 4318596.293, 60
Trd, 4318596.693, 69
Trd, 4318597.193, 71
Trd, 4318597.443, 139
Trd, 4318597.943, 85
Trd, 4318599.143, 60
Trd, 4318599.393, 61
Trd, 4318599.943, 67
Trd, 4318601.443, 60
Trd, 4318602.493, 60
Trd, 4318603.993, 60
Trd, 4318604.493, 60
Trd, 4318604.643, 60
Trd, 4318605.443, 60
Trd, 4318606.543, 62
Trd, 4318606.693, 62
Trd, 4318606.893, 63
Trd, 4318608.093, 68
Trd, 4318608.343, 78
Trd, 4318608.793, 64
Trd, 4318608.893, 63
Trd, 4318609.343, 61
Trd, 4318609.643, 71
Trd, 4318611.143, 61
Trd, 4318612.693, 61
Trd, 4318613.393, 61
Trd, 4318613.993, 63
Trd, 4318616.093, 62
Trd, 4318616.293, 60
Trd, 4318616.543, 65
Trd, 4318617.093, 60
Trd, 4318619.043, 61
Trd, 4318619.543, 63
Trd, 4318620.343, 60
Trd, 4318620.893, 60
Trd, 4318620.943, 61
Trd, 4318622.493, 67
Trd, 4318622.543, 64
Trd, 4318622.693, 67
Trd, 4318623.043, 64
Trd, 4318623.143, 63
Trd, 4318623.893, 140
Trd, 4318623.993, 98
Trd, 4318624.743, 63
Trd, 4318625.893, 63
Trd, 4318626.143, 64
Trd, 4318626.893, 80
Trd, 4318628.243, 61
Trd, 4318628.543, 62
Trd, 4318630.443, 61
Trd, 4318630.643, 69
Trd, 4318632.093, 60
Trd, 4318634.043, 61
Trd, 4318634.893, 61
Trd, 4318635.043, 60
Trd, 4318635.243, 61
Trd, 4318635.643, 60
Trd, 4318638.143, 62
Trd, 4318638.793, 62
Trd, 4318639.593, 64
Trd, 4318639.643, 63
Trd, 4318640.093, 63
Trd, 4318640.143, 129
Trd, 4318641.493, 60
Trd, 4318641.893, 60
Trd, 4318642.593, 61
Trd, 4318642.893, 68
Trd, 4318643.743, 63
Trd, 4318644.143, 69
Trd, 4318646.293, 60
Trd, 4318648.343, 60
Trd, 4318648.493, 60
Trd, 4318648.593, 61
Trd, 4318649.343, 61
Trd, 4318651.343, 60
Trd, 4318651.393, 60
Trd, 4318651.543, 62
Trd, 4318651.693, 71
Trd, 4318652.043, 121
Trd, 4318653.493, 140
Trd, 4318653.793, 140
Trd, 4318653.993, 140
Trd, 4318654.243, 140
Trd, 4318654.393, 139
Trd, 4318654.793, 140
Trd, 4318655.293, 139
Trd, 4318655.843, 75
Trd, 4318656.193, 140
Trd, 4318657.043, 74
Trd, 4318657.743, 112
Trd, 4318659.043, 137
Trd, 4318659.343, 77
Trd, 4318660.093, 61
Trd, 4318660.493, 106
Trd, 4318661.643, 64
Trd, 4318662.993, 60
Trd, 4318663.143, 60
Trd, 4318664.393, 60
Trd, 4318666.993, 60
Trd, 4318667.743, 61
Trd, 4318668.293, 60
Trd, 4318668.743, 61
Trd, 4318668.793, 68
Trd, 4318668.993, 81
Trd, 4318669.343, 73
Trd, 4318669.543, 82
Trd, 4318670.343, 61
Trd, 4318670.493, 80
Trd, 4318671.293, 61
Trd, 4318671.343, 61
Trd, 4318672.793, 60
Trd, 4318674.693, 60
Trd, 4318674.843, 60
Trd, 4318675.043, 60
Trd, 4318676.043, 60
Trd, 4318677.043, 60
Trd, 4318678.643, 60
Trd, 4318678.693, 61
Trd, 4318680.593, 65
Trd, 4318681.193, 62
Trd, 4318682.193, 64
Trd, 4318682.293, 66
Trd, 4318682.693, 62
Trd, 4318683.143, 63
Trd, 4318683.593, 63
Trd, 4318683.743, 116
Trd, 4318684.593, 63
Trd, 4318685.343, 139
Trd, 4318687.543, 60
Trd, 4318688.543, 60
Trd, 4318689.493, 60
Trd, 4318690.293, 62
Trd, 4318690.343, 63
Trd, 4318690.393, 61
Trd, 4318690.743, 64
Trd, 4318691.293, 64
Trd, 4318691.493, 107
Trd, 4318693.743, 60
Trd, 4318694.443, 60
Trd, 4318694.843, 61
Trd, 4318696.193, 60
Trd, 4318696.243, 61
Trd, 4318696.443, 66
Trd, 4318696.593, 63
Trd, 4318696.993, 63
Trd, 4318698.893, 60
Trd, 4318699.743, 60
Trd, 4318700.793, 60
Trd, 4318701.493, 61
Trd, 4318701.793, 61
Trd, 4318702.843, 63
Trd, 4318703.243, 61
Trd, 4318703.693, 72
Trd, 4318704.193, 64
Trd, 4318704.343, 66
Trd, 4318704.993, 137
Trd, 4318706.343, 62
Trd, 4318706.843, 63
Trd, 4318706.993, 65
Trd, 4318707.293, 140
Trd, 4318708.743, 63
Trd, 4318708.943, 63
Trd, 4318709.093, 92
Trd, 4318709.143, 62
Trd, 4318709.643, 63
Trd, 4318710.443, 64
Trd, 4318711.393, 66
Trd, 4318711.543, 68
Trd, 4318711.943, 140
Trd, 4318712.343, 138
Trd, 4318712.793, 81
Trd, 4318713.243, 80
Trd, 4318713.843, 75
Trd, 4318715.193, 97
Trd, 4318715.793, 70
Trd, 4318716.143, 60
Trd, 4318717.643, 60
Trd, 4318718.643, 60
Trd, 4318719.393, 60
Trd, 4318720.343, 61
Trd, 4318720.843, 63
Trd, 4318721.293, 65
Trd, 4318722.343, 61
Trd, 4318723.243, 60
Trd, 4318725.543, 60
Trd, 4318725.893, 62
Trd, 4318726.143, 80
Trd, 4318727.993, 60
Trd, 4318728.493, 60
Trd, 4318728.543, 60
Trd, 4318728.693, 61
Trd, 4318728.943, 64
Trd, 4318730.443, 90
Trd, 4318730.493, 64
Trd, 4318730.893, 64
Trd, 4318731.893, 65
Trd, 4318731.993, 63
Trd, 4318732.193, 92
Trd, 4318733.243, 60
Trd, 4318733.593, 60
Trd, 4318734.143, 68
Trd, 4318734.343, 74
Trd, 4318735.393, 79
Trd, 4318736.843, 61
Trd, 4318737.593, 60
Trd, 4318737.793, 63
Trd, 4318737.993, 66
Trd, 4318739.593, 60
Trd, 4318739.943, 60
Trd, 4318741.093, 61
Trd, 4318741.643, 60
Trd, 4318743.743, 60
Trd, 4318743.793, 61
Trd, 4318744.393, 62
Trd, 4318744.593, 60
Trd, 4318744.743, 62
Trd, 4318747.043, 61
Trd, 4318747.643, 61
Trd, 4318747.693, 62
Trd, 4318748.093, 60
Trd, 4318748.193, 63
Trd, 4318748.893, 64
Trd, 4318749.793, 66
Trd, 4318749.993, 68
Trd, 4318750.743, 81
Trd, 4318751.043, 73
Trd, 4318751.193, 72
Trd, 4318752.593, 61
Trd, 4318752.643, 64
Trd, 4318753.693, 63
Trd, 4318755.143, 61
Trd, 4318755.843, 60
Trd, 4318756.493, 61
Trd, 4318756.943, 60
Trd, 4318758.943, 60
Trd, 4318759.143, 60
Trd, 4318759.193, 60
Trd, 4318759.893, 63
Trd, 4318760.243, 64
Trd, 4318760.593, 62
Trd, 4318761.093, 72
Trd, 4318762.293, 64
Trd, 4318762.543, 61
Trd, 4318762.993, 61
Trd, 4318763.593, 65
Trd, 4318764.443, 62
Trd, 4318764.543, 130
Trd, 4318765.693, 66
Trd, 4318767.293, 65
Trd, 4318768.443, 63
Trd, 4318769.743, 60
Trd, 4318770.143, 60
Trd, 4318770.193, 60
Trd, 4318770.293, 118
Trd, 4318770.793, 61
Trd, 4318771.343, 63
Trd, 4318771.443, 62
Trd, 4318771.743, 64
Trd, 4318773.143, 63
Trd, 4318773.343, 62
Trd, 4318775.093, 60
Trd, 4318775.293, 60
Trd, 4318775.693, 60
Trd, 4318777.143, 62
Trd, 4318777.243, 65
Trd, 4318778.293, 62
Trd, 4318778.343, 63
Trd, 4318779.543, 139
Trd, 4318780.093, 140
Trd, 4318781.493, 140
Trd, 4318781.543, 140
Trd, 4318781.743, 140
Trd, 4318781.893, 139
Trd, 4318782.393, 139
Trd, 4318782.643, 138
Trd, 4318782.893, 101
Trd, 4318783.993, 61
Trd, 4318784.243, 64
Trd, 4318784.393, 61
Trd, 4318786.443, 64
Trd, 4318786.943, 63
Trd, 4318788.293, 63
Trd, 4318788.393, 64
Trd, 4318790.293, 60
Trd, 4318790.493, 60
Trd, 4318793.093, 60
Trd, 4318793.243, 63
Trd, 4318794.443, 64
Trd, 4318796.393, 60
Trd, 4318796.793, 61
Trd, 4318796.893, 61
Trd, 4318797.043, 60
Trd, 4318797.143, 63
Trd, 4318798.343, 140
Trd, 4318798.393, 140
Trd, 4318798.993, 140
Trd, 4318799.643, 140
Trd, 4318799.893, 140
Trd, 4318800.393, 81
Trd, 4318800.543, 66
Trd, 4318801.893, 140
Trd, 4318802.693, 140
Trd, 4318803.093, 140
Trd, 4318803.243, 140
Trd, 4318804.193, 139
Trd, 4318804.493, 62
Trd, 4318805.143, 140
Trd, 4318805.543, 81
Trd, 4318806.343, 64
Trd, 4318807.693, 61
Trd, 4318807.893, 62
Trd, 4318808.293, 62
Trd, 4318809.393, 61
Trd, 4318811.243, 60
Trd, 4318811.743, 60
Trd, 4318813.043, 60
Trd, 4318813.243, 102
Trd, 4318814.793, 61
Trd, 4318815.793, 60
Trd, 4318816.393, 62
Trd, 4318816.493, 63
Trd, 4318817.193, 60
Trd, 4318817.693, 61
Trd, 4318819.143, 60
Trd, 4318819.793, 60
Trd, 4318820.093, 60
Trd, 4318822.043, 61
Trd, 4318822.793, 62
Trd, 4318823.393, 60
Trd, 4318823.843, 60
Trd, 4318824.243, 60
Trd, 4318825.243, 60
Trd, 4318825.693, 60
Trd, 4318825.793, 61
Trd, 4318826.293, 62
Trd, 4318826.643, 60
Trd, 4318826.793, 65
Trd, 4318828.693, 60
Trd, 4318829.543, 61
Trd, 4318832.143, 60
Trd, 4318832.693, 60
Trd, 4318832.893, 61
Trd, 4318833.093, 60
Trd, 4318833.293, 63
Trd, 4318835.193, 60
Trd, 4318835.343, 62
Trd, 4318835.693, 65
Trd, 4318836.193, 66
Trd, 4318836.293, 124
Trd, 4318836.343, 65
Trd, 4318837.493, 75
Trd, 4318838.843, 60
Trd, 4318839.993, 64
Trd, 4318840.243, 68
Trd, 4318840.443, 76
Trd, 4318841.693, 64
Trd, 4318842.243, 64
Trd, 4318842.743, 65
Trd, 4318842.893, 70
Trd, 4318844.343, 60
Trd, 4318845.593, 60
Trd, 4318847.093, 60
Trd, 4318847.143, 64
Trd, 4318847.893, 63
Trd, 4318848.793, 65
Trd, 4318848.943, 64
Trd, 4318849.343, 63
Trd, 4318849.593, 65
Trd, 4318849.993, 69
Trd, 4318850.143, 65
Trd, 4318851.143, 61
Trd, 4318851.443, 139
Trd, 4318852.493, 140
Trd, 4318853.193, 139
Trd, 4318853.343, 93
Trd, 4318853.843, 140
Trd, 4318854.543, 139
Trd, 4318855.743, 62
Trd, 4318856.293, 63
Trd, 4318856.343, 64
Trd, 4318860.393, 60
Trd, 4318860.443, 60
Trd, 4318860.543, 64
Trd, 4318860.643, 71
Trd, 4318862.243, 62
Trd, 4318863.543, 60
Trd, 4318864.293, 60
Trd, 4318866.743, 60
Trd, 4318867.143, 60
Trd, 4318867.543, 60
Trd, 4318868.793, 60
Trd, 4318868.893, 62
Trd, 4318869.243, 60
Trd, 4318869.643, 62
Trd, 4318869.943, 62
Trd, 4318871.643, 61
Trd, 4318871.893, 60
Trd, 4318872.343, 61
Trd, 4318872.643, 66
Trd, 4318873.143, 60
Trd, 4318873.793, 60
Trd, 4318874.743, 61
Trd, 4318875.593, 63
Trd, 4318876.493, 60
Trd, 4318877.043, 61
Trd, 4318878.143, 62
Trd, 4318880.893, 60
Trd, 4318881.593, 60
Trd, 4318882.043, 60
Trd, 4318882.693, 60
Trd, 4318883.593, 64
Trd, 4318883.943, 62
Trd, 4318884.993, 60
Trd, 4318885.743, 62
Trd, 4318885.793, 62
Trd, 4318886.043, 62
Trd, 4318886.793, 62
Trd, 4318887.693, 65
Trd, 4318887.893, 65
Trd, 4318888.043, 63
Trd, 4318888.643, 65
Trd, 4318888.843, 66
Trd, 4318889.693, 64
Trd, 4318889.793, 101
Trd, 4318892.093, 60
Trd, 4318892.393, 60
Trd, 4318893.943, 60
Trd, 4318894.543, 64
Trd, 4318895.293, 62
Trd, 4318896.843, 63
Trd, 4318898.193, 60
Trd, 4318898.293, 60
Trd, 4318898.893, 61
Trd, 4318898.993, 62
Trd, 4318899.043, 68
Trd, 4318899.693, 62
Trd, 4318899.993, 62
Trd, 4318900.743, 60
Trd, 4318901.443, 75
Trd, 4318902.393, 60
Trd, 4318903.093, 60
Trd, 4318906.243, 60
Trd, 4318907.093, 60
Trd, 4318907.343, 62
Trd, 4318907.543, 60
Trd, 4318910.143, 60
Trd, 4318910.343, 61
Trd, 4318910.443, 63
Trd, 4318910.993, 64
Trd, 4318911.443, 60
Trd, 4318912.543, 66
Trd, 4318912.843, 60
Trd, 4318913.193, 60
Trd, 4318915.243, 60
Trd, 4318916.593, 62
Trd, 4318917.743, 63
Trd, 4318917.793, 63
Trd, 4318917.843, 61
Trd, 4318918.193, 60
Trd, 4318918.443, 99
Trd, 4318918.743, 61
Trd, 4318919.243, 61
Trd, 4318919.993, 60
Trd, 4318921.543, 140
Trd, 4318921.643, 139
Trd, 4318921.893, 138
Trd, 4318922.843, 61
Trd, 4318923.743, 64
Trd, 4318924.393, 61
Trd, 4318924.643, 61
Trd, 4318925.343, 66
Trd, 4318927.693, 61
Trd, 4318928.843, 60
Trd, 4318928.893, 63
Trd, 4318929.043, 64
Trd, 4318929.993, 62
Trd, 4318930.643, 60
Trd, 4318931.893, 60
Trd, 4318932.793, 62
Trd, 4318934.043, 60
Trd, 4318934.143, 69
Trd, 4318934.393, 61
Trd, 4318935.343, 63
Trd, 4318935.693, 60
Trd, 4318936.243, 60
Trd, 4318937.343, 64
Trd, 4318937.793, 62
Trd, 4318938.443, 65
Trd, 4318938.893, 61
Trd, 4318939.643, 65
Trd, 4318940.843, 60
Trd, 4318942.893, 60
Trd, 4318942.943, 62
Trd, 4318944.043, 60
Trd, 4318944.093, 61
Trd, 4318945.843, 60
Trd, 4318946.043, 60
Trd, 4318946.393, 61
Trd, 4318946.743, 69
Trd, 4318946.793, 70
Trd, 4318947.493, 79
Trd, 4318947.793, 83
Trd, 4318948.143, 140
Trd, 4318948.393, 139
Trd, 4318949.243, 63
Trd, 4318949.743, 68
Trd, 4318950.793, 65
Trd, 4318951.743, 140
Trd, 4318951.793, 140
Trd, 4318952.193, 136
Trd, 4318952.293, 92
Trd, 4318953.943, 60
Trd, 4318954.643, 60
Trd, 4318956.043, 60
Trd, 4318956.293, 62
Trd, 4318957.193, 61
Trd, 4318958.043, 61
Trd, 4318958.293, 62
Trd, 4318958.493, 64
Trd, 4318958.943, 62
Trd, 4318959.243, 62
Trd, 4318959.743, 65
Trd, 4318960.543, 67
Trd, 4318960.943, 103
Trd, 4318961.193, 66
Trd, 4318961.493, 72
Trd, 4318962.843, 60
Trd, 4318963.443, 62
Trd, 4318963.943, 62
Trd, 4318965.343, 63
Trd, 4318965.893, 70
Trd, 4318967.193, 60
Trd, 4318967.393, 62
Trd, 4318967.443, 63
Trd, 4318967.843, 62
Trd, 4318968.493, 70
Trd, 4318969.093, 61
Trd, 4318970.943, 60
Trd, 4318972.093, 60
Trd, 4318973.093, 60
Trd, 4318973.743, 61
Trd, 4318973.993, 60
Trd, 4318975.243, 60
Trd, 4318975.543, 60
Trd, 4318976.543, 61
Trd, 4318977.143, 60
Trd, 4318977.493, 69
Trd, 4318977.643, 70
Trd, 4318978.743, 63
Trd, 4318978.843, 60
Trd, 4318979.593, 139
Trd, 4318981.143, 76
Trd, 4318981.393, 69
Trd, 4318981.843, 69
Trd, 4318982.093, 64
Trd, 4318982.943, 61
Trd, 4318983.143, 66
Trd, 4318984.243, 97
Trd, 4318984.393, 86
Trd, 4318984.743, 60
Trd, 4318986.543, 60
Trd, 4318986.793, 60
Trd, 4318988.493, 61
Trd, 4318989.593, 62
Trd, 4318990.393, 65
Trd, 4318990.593, 65
Trd, 4318991.393, 60
Trd, 4318991.793, 105
Trd, 4318993.343, 60
Trd, 4318994.693, 60
Trd, 4318995.943, 60
Trd, 4318996.293, 61
Trd, 4318996.493, 63
Trd, 4318997.043, 62
Trd, 4318997.143, 62
Trd, 4318998.043, 65
Trd, 4318998.743, 64
Trd, 4319000.393, 140
Trd, 4319000.543, 139
Trd, 4319000.593, 134
Trd, 4319001.193, 63
Trd, 4319001.843, 60
Trd, 4319003.343, 65
Trd, 4319003.793, 65
Trd, 4319004.143, 68
Trd, 4319005.993, 65
Trd, 4319006.193, 60
Trd, 4319006.693, 65
Trd, 4319007.643, 69
Trd, 4319009.093, 68
Trd, 4319009.743, 65
Trd, 4319009.943, 66
Trd, 4319010.193, 140
Trd, 4319010.343, 65
Trd, 4319012.093, 62
Trd, 4319012.393, 126
Trd, 4319012.893, 89
Trd, 4319013.393, 61
Trd, 4319013.843, 63
Trd, 4319014.793, 60
Trd, 4319015.443, 60
Trd, 4319016.443, 60
Trd, 4319016.743, 60
Trd, 4319016.843, 63
Trd, 4319017.643, 67
Trd, 4319017.843, 81
Trd, 4319017.893, 63
Trd, 4319018.093, 62
Trd, 4319019.193, 140
Trd, 4319019.493, 140
Trd, 4319020.893, 140
Trd, 4319021.543, 116
Trd, 4319022.943, 140
Trd, 4319023.743, 140
Trd, 4319023.893, 140
Trd, 4319024.293, 140
Trd, 4319025.193, 139
Trd, 4319025.843, 136
Trd, 4319026.843, 76
Trd, 4319027.343, 130
Trd, 4319027.393, 129
Trd, 4319028.543, 66
Trd, 4319028.893, 80
Trd, 4319029.093, 60
Trd, 4319029.643, 62
Trd, 4319030.243, 66
Trd, 4319030.593, 61
Trd, 4319031.993, 60
Trd, 4319032.293, 94
Trd, 4319032.443, 95
Trd, 4319033.343, 66
Trd, 4319034.243, 60
Trd, 4319035.393, 60
Trd, 4319035.793, 62
Trd, 4319036.593, 61
Trd, 4319036.793, 63
Trd, 4319037.043, 61
Trd, 4319037.543, 62
Trd, 4319038.293, 62
Trd, 4319038.943, 64
Trd, 4319039.743, 140
Trd, 4319039.893, 140
Trd, 4319040.293, 140
Trd, 4319040.493, 139
Trd, 4319041.443, 62
Trd, 4319041.643, 63
Trd, 4319042.293, 69
Trd, 4319043.143, 60
Trd, 4319043.743, 140
Trd, 4319043.893, 140
Trd, 4319045.343, 81
Trd, 4319046.393, 62
Trd, 4319047.843, 61
Trd, 4319049.743, 62
Trd, 4319051.193, 63
Trd, 4319051.843, 60
Trd, 4319052.043, 61
Trd, 4319053.043, 62
Trd, 4319053.293, 63
Trd, 4319053.343, 61
Trd, 4319053.543, 60
Trd, 4319053.643, 62
Trd, 4319054.193, 65
Trd, 4319054.243, 62
Trd, 4319054.943, 62
Trd, 4319056.143, 65
Trd, 4319057.243, 60
Trd, 4319057.443, 62
Trd, 4319058.743, 60
Trd, 4319058.793, 61
Trd, 4319059.643, 60
Trd, 4319061.393, 60
Trd, 4319061.993, 61
Trd, 4319062.193, 61
Trd, 4319062.343, 60
Trd, 4319063.043, 60
Trd, 4319064.643, 60
Trd, 4319065.343, 60
Trd, 4319067.293, 61
Trd, 4319067.893, 60
Trd, 4319068.693, 60
Trd, 4319068.843, 60
Trd, 4319068.893, 61
Trd, 4319069.143, 61
Trd, 4319069.643, 61
Trd, 4319069.743, 60
Trd, 4319070.043, 64
Trd, 4319070.293, 140
Trd, 4319071.843, 74
Trd, 4319072.793, 68
Trd, 4319073.743, 66
Trd, 4319073.843, 73
Trd, 4319074.893, 61
Trd, 4319076.793, 60
Trd, 4319076.893, 61
Trd, 4319077.143, 62
Trd, 4319078.743, 60
Trd, 4319079.043, 60
Trd, 4319079.343, 61
Trd, 4319079.843, 62
Trd, 4319081.743, 64
Trd, 4319081.993, 66
Trd, 4319083.343, 61
Trd, 4319083.643, 75
Trd, 4319083.693, 76
Trd, 4319083.943, 63
Trd, 4319084.143, 105
Trd, 4319087.093, 60
Trd, 4319088.793, 60
Trd, 4319089.493, 60
Trd, 4319089.693, 69
Trd, 4319090.293, 60
Trd, 4319090.993, 61
Trd, 4319091.193, 63
Trd, 4319092.993, 60
Trd, 4319093.393, 60
Trd, 4319093.743, 60
Trd, 4319094.543, 68
Trd, 4319095.143, 68
Trd, 4319095.643, 65
Trd, 4319096.293, 60
Trd, 4319097.843, 60
Trd, 4319098.443, 64
Trd, 4319100.043, 60
Trd, 4319100.393, 62
Trd, 4319101.543, 60
Trd, 4319102.693, 60
Trd, 4319104.393, 60
Trd, 4319104.793, 61
Trd, 4319105.843, 60
Trd, 4319106.143, 61
Trd, 4319106.193, 63
Trd, 4319106.743, 63
Trd, 4319107.093, 62
Trd, 4319107.543, 100
Trd, 4319108.943, 60
Trd, 4319109.393, 61
Trd, 4319110.593, 61
Trd, 4319110.843, 69
Trd, 4319111.343, 63
Trd, 4319113.793, 60
Trd, 4319113.843, 69
Trd, 4319115.543, 60
Trd, 4319116.293, 60
Trd, 4319118.093, 63
Trd, 4319118.143, 62
Trd, 4319118.693, 64
Trd, 4319120.243, 60
Trd, 4319121.143, 63
Trd, 4319121.243, 64
Trd, 4319121.893, 61
Trd, 4319122.043, 66
Trd, 4319124.793, 60
Trd, 4319125.393, 60
Trd, 4319125.843, 66
Trd, 4319126.093, 65
Trd, 4319126.443, 62
Trd, 4319127.143, 61
Trd, 4319127.843, 60
Trd, 4319128.643, 63
Trd, 4319129.743, 138
Trd, 4319130.293, 70
Trd, 4319130.943, 63
Trd, 4319132.643, 61
Trd, 4319132.743, 62
Trd, 4319133.793, 61
Trd, 4319134.893, 60
Trd, 4319135.093, 60
Trd, 4319135.793, 62
Trd, 4319135.843, 62
Trd, 4319136.093, 66
Trd, 4319136.293, 60
Trd, 4319137.343, 68
Trd, 4319137.543, 82
Trd, 4319138.893, 61
Trd, 4319139.093, 62
Trd, 4319139.343, 64
Trd, 4319140.543, 60
Trd, 4319141.343, 61
Trd, 4319141.443, 68
Trd, 4319142.943, 60
Trd, 4319142.993, 62
Trd, 4319143.843, 61
Trd, 4319143.993, 67
Trd, 4319144.443, 79
Trd, 4319146.493, 60
Trd, 4319146.643, 71
Trd, 4319147.193, 62
Trd, 4319147.493, 60
Trd, 4319148.643, 62
Trd, 4319150.643, 60
Trd, 4319151.043, 61
Trd, 4319151.893, 60
Trd, 4319152.693, 60
Trd, 4319153.893, 61
Trd, 4319154.043, 65
Trd, 4319154.393, 71
Trd, 4319155.143, 61
Trd, 4319155.343, 63
Trd, 4319156.793, 60
Trd, 4319157.643, 60
Trd, 4319157.743, 60
Trd, 4319158.893, 61
Trd, 4319159.593, 61
Trd, 4319159.993, 64
Trd, 4319161.093, 61
Trd, 4319161.393, 64
Trd, 4319161.543, 67
Trd, 4319162.393, 64
Trd, 4319162.493, 64
Trd, 4319163.143, 140
Trd, 4319163.443, 66
Trd, 4319165.143, 60
Trd, 4319165.793, 60
Trd, 4319167.243, 62
Trd, 4319169.343, 60
Trd, 4319169.393, 61
Trd, 4319170.293, 60
Trd, 4319170.943, 63
Trd, 4319172.043, 60
Trd, 4319172.543, 61
Trd, 4319173.643, 65
Trd, 4319174.993, 69
Trd, 4319175.543, 61
Trd, 4319177.993, 61
Trd, 4319178.293, 62
Trd, 4319179.343, 60
Trd, 4319179.593, 63
Trd, 4319179.693, 68
Trd, 4319180.293, 67
Trd, 4319180.593, 139
Trd, 4319181.093, 68
Trd, 4319182.043, 140
Trd, 4319182.643, 140
Trd, 4319183.243, 140
Trd, 4319183.343, 140
Trd, 4319183.443, 139
Trd, 4319184.643, 140
Trd, 4319185.343, 140
Trd, 4319186.193, 97
Trd, 4319186.693, 62
Trd, 4319187.493, 124
Trd, 4319187.943, 140
Trd, 4319188.743, 139
Trd, 4319189.143, 140
Trd, 4319189.543, 139
Trd, 4319190.443, 140
Trd, 4319190.593, 139
Trd, 4319191.293, 140
Trd, 4319192.193, 139
Trd, 4319193.193, 84
Trd, 4319193.543, 140
Trd, 4319193.593, 76
Trd, 4319194.843, 137
Trd, 4319194.893, 100
Trd, 4319195.893, 60
Trd, 4319197.993, 60
Trd, 4319198.543, 60
Trd, 4319198.843, 61
Trd, 4319200.093, 60
Trd, 4319202.493, 61
Trd, 4319203.393, 61
Trd, 4319203.743, 60
Trd, 4319203.793, 61
Trd, 4319204.293, 63
Trd, 4319204.543, 63
Trd, 4319204.643, 65
Trd, 4319204.893, 66
Trd, 4319205.743, 112
Trd, 4319206.443, 92
Trd, 4319207.143, 67
Trd, 4319207.343, 66
Trd, 4319208.443, 63
Trd, 4319208.893, 70
Trd, 4319210.393, 60
Trd, 4319210.693, 60
Trd, 4319210.893, 94
Trd, 4319211.493, 140
Trd, 4319212.143, 140
Trd, 4319212.343, 140
Trd, 4319212.493, 140
Trd, 4319213.143, 62
Trd, 4319213.793, 60
Trd, 4319213.993, 60
Trd, 4319215.493, 60
Trd, 4319216.293, 61
Trd, 4319217.043, 60
Trd, 4319218.993, 60
Trd, 4319219.893, 60
Trd, 4319220.343, 60
Trd, 4319221.693, 60
Trd, 4319222.293, 60
Trd, 4319222.943, 62
Trd, 4319224.243, 60
Trd, 4319224.893, 60
Trd, 4319225.243, 61
Trd, 4319225.493, 60
Trd, 4319226.593, 61
Trd, 4319227.693, 60
Trd, 4319228.143, 60
Trd, 4319229.343, 61
Trd, 4319230.643, 60
Trd, 4319231.393, 60
Trd, 4319231.443, 65
Trd, 4319231.843, 63
Trd, 4319232.693, 63
Trd, 4319233.493, 86
Trd, 4319233.543, 85
Trd, 4319233.993, 65
Trd, 4319234.843, 62
Trd, 4319235.543, 61
Trd, 4319236.343, 60
Trd, 4319236.593, 60
Trd, 4319237.893, 60
Trd, 4319239.193, 60
Trd, 4319239.443, 62
Trd, 4319239.693, 63
Trd, 4319240.693, 60
Trd, 4319242.193, 62
Trd, 4319243.793, 60
Trd, 4319244.693, 61
Trd, 4319245.293, 63
Trd, 4319245.393, 61
Trd, 4319245.443, 64
Trd, 4319246.243, 67
Trd, 4319246.343, 61
Trd, 4319246.643, 63
Trd, 4319246.693, 73
Trd, 4319248.393, 140
Trd, 4319248.993, 140
Trd, 4319249.343, 140
Trd, 4319249.643, 140
Trd, 4319252.293, 74
Trd, 4319252.693, 70
Trd, 4319252.743, 90
Trd, 4319253.893, 61
Trd, 4319254.943, 60
Trd, 4319256.043, 61
Trd, 4319256.193, 61
Trd, 4319256.443, 61
Trd, 4319256.893, 62
Trd, 4319256.993, 64
Trd, 4319257.093, 69
Trd, 4319257.993, 81
Trd, 4319258.843, 63
Trd, 4319260.193, 62
Trd, 4319261.243, 60
Trd, 4319261.443, 63
Trd, 4319261.993, 61
Trd, 4319263.343, 63
Trd, 4319263.393, 64
Trd, 4319264.043, 66
Trd, 4319265.593, 60
Trd, 4319266.243, 61
Trd, 4319266.493, 61
Trd, 4319266.543, 60
Trd, 4319267.093, 123
Trd, 4319267.943, 123
Trd, 4319268.493, 122
Trd, 4319268.693, 117
Trd, 4319269.393, 138
Trd, 4319270.343, 78
Trd, 4319270.593, 140
Trd, 4319270.693, 138
Trd, 4319272.593, 61
Trd, 4319275.243, 60
Trd, 4319275.743, 60
Trd, 4319275.843, 61
Trd, 4319276.443, 60
Trd, 4319276.743, 60
Trd, 4319279.543, 60
Trd, 4319279.993, 60
Trd, 4319280.243, 60
Trd, 4319280.543, 61
Trd, 4319281.093, 63
Trd, 4319281.343, 66
Trd, 4319281.743, 62
Trd, 4319282.643, 63
Trd, 4319284.393, 60
Trd, 4319284.493, 61
Trd, 4319285.843, 60
Trd, 4319285.943, 61
Trd, 4319285.993, 62
Trd, 4319286.243, 62
Trd, 4319286.493, 86
Trd, 4319286.993, 140
Trd, 4319287.393, 140
Trd, 4319288.243, 140
Trd, 4319288.343, 140
Trd, 4319288.493, 93
Trd, 4319289.243, 65
Trd, 4319290.743, 66
Trd, 4319291.993, 61
Trd, 4319292.143, 64
Trd, 4319292.693, 64
Trd, 4319293.043, 61
Trd, 4319293.693, 60
Trd, 4319293.793, 60
Trd, 4319295.643, 60
Trd, 4319296.093, 60
Trd, 4319296.993, 60
Trd, 4319297.693, 61
Trd, 4319298.393, 61
Trd, 4319299.843, 60
Trd, 4319301.143, 60
Trd, 4319301.193, 62
Trd, 4319301.343, 62
Trd, 4319301.443, 62
Trd, 4319301.743, 60
Trd, 4319301.793, 99
Trd, 4319302.243, 60
Trd, 4319302.743, 99
Trd, 4319306.593, 60
Trd, 4319306.993, 60
Trd, 4319307.143, 61
Trd, 4319307.293, 62
Trd, 4319308.093, 62
Trd, 4319308.443, 65
Trd, 4319309.593, 60
Trd, 4319310.293, 61
Trd, 4319311.393, 60
Trd, 4319311.643, 60
Trd, 4319311.793, 62
Trd, 4319312.093, 62
Trd, 4319312.543, 63
Trd, 4319313.443, 79
Trd, 4319313.793, 60
Trd, 4319314.043, 62
Trd, 4319314.743, 63
Trd, 4319316.143, 60
Trd, 4319316.343, 67
Trd, 4319317.593, 60
Trd, 4319318.093, 61
Trd, 4319318.593, 65
Trd, 4319320.193, 60
Trd, 4319321.043, 61
Trd, 4319321.143, 60
Trd, 4319321.543, 73
Trd, 4319321.643, 85
Trd, 4319322.543, 62
Trd, 4319323.193, 62
Trd, 4319324.043, 61
Trd, 4319324.443, 60
Trd, 4319324.543, 63
Trd, 4319325.393, 60
Trd, 4319325.793, 139
Trd, 4319326.843, 106
Trd, 4319328.043, 65
Trd, 4319328.543, 71
Trd, 4319329.493, 60
Trd, 4319330.743, 61
Trd, 4319331.693, 60
Trd, 4319333.993, 60
Trd, 4319335.143, 60
Trd, 4319335.243, 61
Trd, 4319335.493, 60
Trd, 4319336.493, 60
Trd, 4319337.293, 60
Trd, 4319337.743, 60
Trd, 4319337.993, 64
Trd, 4319338.093, 64
Trd, 4319338.793, 116
Trd, 4319339.493, 68
Trd, 4319341.393, 60
Trd, 4319342.293, 60
Trd, 4319343.143, 61
Trd, 4319343.243, 61
Trd, 4319343.343, 62
Trd, 4319343.893, 63
Trd, 4319344.043, 65
Trd, 4319344.543, 65
Trd, 4319344.843, 63
Trd, 4319345.343, 63
Trd, 4319345.543, 98
Trd, 4319345.643, 100
Trd, 4319346.893, 61
Trd, 4319347.743, 60
Trd, 4319348.693, 61
Trd, 4319349.543, 63
Trd, 4319350.593, 61
Trd, 4319352.193, 60
Trd, 4319353.143, 61
Trd, 4319353.693, 64
Trd, 4319354.143, 65
Trd, 4319354.393, 60
Trd, 4319354.493, 60
Trd, 4319354.893, 61
Trd, 4319355.693, 67
Trd, 4319355.843, 70
Trd, 4319355.943, 66
Trd, 4319356.843, 73
Trd, 4319357.743, 61
Trd, 4319357.943, 93
Trd, 4319359.793, 64
Trd, 4319360.993, 64
Trd, 4319361.443, 137
Trd, 4319363.393, 140
Trd, 4319363.693, 140
Trd, 4319364.243, 140
Trd, 4319364.743, 140
Trd, 4319364.893, 140
Trd, 4319365.143, 140
Trd, 4319365.793, 140
Trd, 4319366.343, 140
Trd, 4319366.893, 140
Trd, 4319367.143, 139
Trd, 4319367.993, 139
Trd, 4319369.293, 140
Trd, 4319369.443, 138
Trd, 4319370.593, 140
Trd, 4319371.093, 140
Trd, 4319371.293, 140
Trd, 4319372.443, 140
Trd, 4319372.943, 140
Trd, 4319374.043, 140
Trd, 4319375.793, 140
Trd, 4319376.293, 140
Trd, 4319376.693, 140
Trd, 4319376.993, 140
Trd, 4319377.743, 139
Trd, 4319378.543, 140
Trd, 4319379.393, 140
Trd, 4319379.493, 140
Trd, 4319379.843, 138
Trd, 4319379.943, 105
Trd, 4319380.743, 122
Trd, 4319381.193, 105
Trd, 4319382.643, 60
Trd, 4319382.693, 60
Trd, 4319382.943, 61
Trd, 4319383.393, 63
Trd, 4319383.643, 65
Trd, 4319383.793, 68
Trd, 4319384.493, 116
Trd, 4319384.743, 65
Trd, 4319385.443, 61
Trd, 4319388.443, 60
Trd, 4319388.543, 60
Trd, 4319388.943, 60
Trd, 4319389.543, 62
Trd, 4319390.193, 62
Trd, 4319390.693, 60
Trd, 4319390.993, 67
Trd, 4319391.543, 61
Trd, 4319391.843, 64
Trd, 4319391.893, 74
Trd, 4319393.193, 63
Trd, 4319393.393, 62
Trd, 4319397.143, 60
Trd, 4319397.493, 64
Trd, 4319397.793, 65
Trd, 4319398.093, 61
Trd, 4319398.693, 63
Trd, 4319399.843, 62
Trd, 4319400.093, 66
Trd, 4319400.193, 72
Trd, 4319401.393, 77
Trd, 4319401.643, 76
Trd, 4319401.893, 75
Trd, 4319403.543, 60
Trd, 4319404.093, 60
Trd, 4319404.593, 63
Trd, 4319404.793, 61
Trd, 4319405.093, 119
Trd, 4319406.593, 60
Trd, 4319407.093, 61
Trd, 4319407.293, 61
Trd, 4319407.693, 62
Trd, 4319408.343, 70
Trd, 4319408.943, 61
Trd, 4319409.093, 60
Trd, 4319410.343, 121
Trd, 4319411.393, 73
Trd, 4319412.543, 66
Trd, 4319412.693, 68
Trd, 4319412.993, 64
Trd, 4319413.193, 74
Trd, 4319413.493, 121
Trd, 4319413.843, 65
Trd, 4319414.243, 140
Trd, 4319415.543, 68
Trd, 4319416.143, 71
Trd, 4319416.493, 102
Trd, 4319416.593, 122
Trd, 4319417.143, 140
Trd, 4319417.593, 140
Trd, 4319418.543, 68
Trd, 4319419.143, 68
Trd, 4319419.593, 62
Trd, 4319420.943, 60
Trd, 4319421.293, 68
Trd, 4319422.043, 68
Trd, 4319422.193, 76
Trd, 4319423.643, 114
Trd, 4319424.793, 72
Trd, 4319425.793, 65
Trd, 4319426.343, 66
Trd, 4319426.443, 62
Trd, 4319427.743, 65
Trd, 4319429.143, 60
Trd, 4319429.293, 61
Trd, 4319430.293, 61
Trd, 4319432.443, 60
Trd, 4319433.093, 60
Trd, 4319433.143, 61
Trd, 4319433.243, 69
Trd, 4319434.393, 61
Trd, 4319434.943, 61
Trd, 4319435.493, 61
Trd, 4319435.893, 62
Trd, 4319435.943, 61
Trd, 4319436.593, 65
Trd, 4319438.093, 66
Trd, 4319438.243, 67
Trd, 4319439.293, 71
Trd, 4319441.093, 60
Trd, 4319441.293, 60
Trd, 4319441.543, 61
Trd, 4319442.593, 66
Trd, 4319443.493, 66
Trd, 4319443.893, 61
Trd, 4319444.543, 62
Trd, 4319445.293, 62
Trd, 4319445.443, 66
Trd, 4319445.743, 60
Trd, 4319446.643, 60
Trd, 4319446.893, 64
Trd, 4319447.843, 60
Trd, 4319448.743, 60
Trd, 4319449.243, 60
Trd, 4319449.843, 61
Trd, 4319452.893, 60
Trd, 4319453.193, 62
Trd, 4319453.693, 60
Trd, 4319453.893, 62
Trd, 4319454.993, 60
Trd, 4319455.093, 60
Trd, 4319455.543, 70
Trd, 4319456.143, 63
Trd, 4319456.443, 81
Trd, 4319457.643, 68
Trd, 4319457.993, 67
Trd, 4319458.243, 113
Trd, 4319459.743, 61
Trd, 4319460.343, 61
Trd, 4319460.893, 65
Trd, 4319461.193, 62
Trd, 4319462.893, 62
Trd, 4319463.143, 64
Trd, 4319464.393, 60
Trd, 4319464.593, 61
Trd, 4319465.193, 60
Trd, 4319465.293, 72
Trd, 4319466.643, 61
Trd, 4319467.793, 133
Trd, 4319468.143, 134
Trd, 4319468.393, 133
Trd, 4319469.243, 140
Trd, 4319469.393, 129
Trd, 4319469.693, 94
Trd, 4319470.043, 139
Trd, 4319470.143, 133
Trd, 4319470.343, 93
Trd, 4319472.193, 66
Trd, 4319472.293, 73
Trd, 4319473.343, 130
Trd, 4319473.593, 94
Trd, 4319474.893, 62
Trd, 4319475.393, 61
Trd, 4319475.493, 128
Trd, 4319477.843, 116
Trd, 4319478.093, 140
Trd, 4319478.393, 140
Trd, 4319478.443, 115
Trd, 4319478.743, 121
Trd, 4319479.043, 139
Trd, 4319479.193, 63
Trd, 4319480.793, 76
Trd, 4319482.193, 60
Trd, 4319482.493, 60
Trd, 4319483.293, 62
Trd, 4319483.643, 63
Trd, 4319484.393, 60
Trd, 4319484.643, 63
Trd, 4319484.793, 65
Trd, 4319485.693, 62
Trd, 4319485.993, 61
Trd, 4319487.193, 60
Trd, 4319488.993, 60
Trd, 4319489.543, 61
Trd, 4319489.743, 62
Trd, 4319490.843, 60
Trd, 4319491.693, 61
Trd, 4319492.493, 60
Trd, 4319493.593, 60
Trd, 4319493.843, 60
Trd, 4319494.393, 60
Trd, 4319494.943, 61
Trd, 4319495.493, 65
Trd, 4319495.843, 64
Trd, 4319497.143, 140
Trd, 4319498.143, 140
Trd, 4319498.193, 140
Trd, 4319498.343, 80
Trd, 4319498.943, 139
Trd, 4319499.193, 140
Trd, 4319499.893, 122
Trd, 4319499.943, 70
Trd, 4319500.893, 65
Trd, 4319501.493, 60
Trd, 4319502.093, 140
Trd, 4319502.393, 139
Trd, 4319504.143, 66
Trd, 4319504.793, 63
Trd, 4319504.843, 74
Trd, 4319506.693, 62
Trd, 4319507.543, 61
Trd, 4319507.943, 61
Trd, 4319509.393, 62
Trd, 4319509.793, 105
Trd, 4319509.943, 98
Trd, 4319510.243, 61
Trd, 4319510.593, 140
Trd, 4319511.143, 140
Trd, 4319511.543, 140
Trd, 4319512.193, 140
Trd, 4319512.243, 139
Trd, 4319512.843, 140
Trd, 4319514.493, 140
Trd, 4319515.493, 140
Trd, 4319515.893, 140
Trd, 4319516.143, 139
Trd, 4319516.243, 114
Trd, 4319517.943, 122
Trd, 4319518.293, 121
Trd, 4319518.793, 115
Trd, 4319519.593, 65
Trd, 4319519.693, 65
Trd, 4319521.043, 67
Trd, 4319521.193, 62
Trd, 4319521.643, 62
Trd, 4319522.893, 62
Trd, 4319525.743, 62
Trd, 4319526.243, 60
Trd, 4319526.493, 61
Trd, 4319526.793, 62
Trd, 4319526.843, 61
Trd, 4319527.993, 62
Trd, 4319528.093, 63
Trd, 4319528.343, 63
Trd, 4319528.693, 140
Trd, 4319529.393, 140
Trd, 4319529.593, 140
Trd, 4319530.593, 140
Trd, 4319530.893, 139
Trd, 4319531.343, 100
Trd, 4319531.943, 139
Trd, 4319532.693, 102
Trd, 4319533.193, 99
Trd, 4319533.843, 63
Trd, 4319534.443, 61
Trd, 4319534.943, 63
Trd, 4319535.043, 65
Trd, 4319535.893, 60
Trd, 4319537.143, 61
Trd, 4319538.093, 61
Trd, 4319539.193, 61
Trd, 4319539.843, 60
Trd, 4319539.893, 60
Trd, 4319540.293, 60
Trd, 4319541.593, 63
Trd, 4319542.343, 64
Trd, 4319542.693, 62
Trd, 4319542.743, 65
Trd, 4319544.093, 67
Trd, 4319544.293, 64
Trd, 4319546.693, 66
Trd, 4319546.843, 66
Trd, 4319547.143, 68
Trd, 4319547.443, 82
Trd, 4319548.343, 71
Trd, 4319549.293, 71
Trd, 4319549.393, 70
Trd, 4319549.543, 69
Trd, 4319549.943, 100
Trd, 4319550.093, 93
Trd, 4319551.493, 62
Trd, 4319551.793, 62
Trd, 4319552.293, 139
Trd, 4319552.443, 75
Trd, 4319555.293, 61
Trd, 4319555.393, 63
Trd, 4319556.643, 60
Trd, 4319557.543, 60
Trd, 4319558.343, 60
Trd, 4319558.543, 62
Trd, 4319558.943, 82
Trd, 4319559.443, 63
Trd, 4319559.793, 140
Trd, 4319560.243, 140
Trd, 4319560.593, 140
Trd, 4319561.043, 140
Trd, 4319561.743, 65
Trd, 4319562.043, 82
Trd, 4319562.593, 139
Trd, 4319562.893, 65
Trd, 4319563.293, 60
Trd, 4319563.543, 62
Trd, 4319564.693, 60
Trd, 4319564.943, 62
Trd, 4319565.643, 64
Trd, 4319567.293, 60
Trd, 4319568.093, 61
Trd, 4319569.243, 67
Trd, 4319569.293, 69
Trd, 4319572.943, 60
Trd, 4319573.043, 61
Trd, 4319573.443, 62
Trd, 4319573.593, 62
Trd, 4319574.943, 60
Trd, 4319576.293, 60
Trd, 4319576.693, 61
Trd, 4319577.293, 63
Trd, 4319577.693, 62
Trd, 4319578.793, 65
Trd, 4319579.543, 60
Trd, 4319580.993, 62
Trd, 4319582.043, 60
Trd, 4319582.443, 60
Trd, 4319582.543, 60
Trd, 4319582.943, 60
Trd, 4319583.543, 60
Trd, 4319583.593, 62
Trd, 4319584.843, 70
Trd, 4319585.043, 70
Trd, 4319585.243, 70
Trd, 4319586.443, 70
Trd, 4319586.593, 70
Trd, 4319588.093, 139
Trd, 4319588.943, 109
Trd, 4319589.743, 109
Trd, 4319591.343, 61
Trd, 4319591.493, 64
Trd, 4319591.843, 62
Trd, 4319592.443, 65
Trd, 4319592.493, 63
Trd, 4319592.543, 67
Trd, 4319593.393, 140
Trd, 4319593.443, 140
Trd, 4319593.793, 140
Trd, 4319595.743, 60
Trd, 4319597.793, 60
Trd, 4319597.993, 61
Trd, 4319598.243, 62
Trd, 4319598.293, 125
Trd, 4319600.293, 63
Trd, 4319601.393, 65
Trd, 4319601.893, 61
Trd, 4319602.443, 60
Trd, 4319603.293, 60
Trd, 4319604.293, 60
Trd, 4319604.643, 61
Trd, 4319605.043, 63
Trd, 4319605.593, 60
Trd, 4319607.493, 61
Trd, 4319607.993, 61
Trd, 4319608.443, 60
Trd, 4319608.993, 60
Trd, 4319609.543, 60
Trd, 4319610.143, 60
Trd, 4319610.793, 60
Trd, 4319611.293, 60
Trd, 4319611.943, 60
Trd, 4319612.193, 63
Trd, 4319612.543, 67
Trd, 4319613.393, 60
Trd, 4319615.243, 60
Trd, 4319615.893, 62
Trd, 4319617.043, 60
Trd, 4319617.393, 60
Trd, 4319617.893, 62
Trd, 4319618.043, 61
Trd, 4319618.293, 64
Trd, 4319618.743, 96
Trd, 4319619.143, 60
Trd, 4319620.993, 60
Trd, 4319621.543, 64
Trd, 4319622.493, 60
Trd, 4319622.643, 60
Trd, 4319625.393, 60
Trd, 4319626.493, 61
Trd, 4319626.643, 65
Trd, 4319627.443, 140
Trd, 4319627.743, 139
Trd, 4319627.793, 138
Trd, 4319628.543, 140
Trd, 4319628.793, 140
Trd, 4319629.093, 140
Trd, 4319629.193, 140
Trd, 4319629.543, 74
Trd, 4319630.243, 139
Trd, 4319630.943, 122
Trd, 4319631.393, 122
Trd, 4319631.793, 140
Trd, 4319631.893, 140
Trd, 4319632.393, 121
Trd, 4319633.193, 140
Trd, 4319635.593, 60
Trd, 4319636.293, 60
Trd, 4319636.793, 140
Trd, 4319636.943, 140
Trd, 4319638.943, 63
Trd, 4319639.293, 63
Trd, 4319639.993, 62
Trd, 4319641.093, 62
Trd, 4319642.343, 61
Trd, 4319642.743, 65
Trd, 4319642.993, 62
Trd, 4319643.443, 60
Trd, 4319643.543, 64
Trd, 4319644.143, 62
Trd, 4319645.443, 140
Trd, 4319645.843, 140
Trd, 4319646.043, 140
Trd, 4319646.693, 140
Trd, 4319648.393, 140
Trd, 4319648.593, 140
Trd, 4319648.893, 140
Trd, 4319649.293, 140
Trd, 4319649.443, 129
Trd, 4319650.743, 140
Trd, 4319650.843, 117
Trd, 4319652.143, 115
Trd, 4319652.193, 114
Trd, 4319652.543, 138
Trd, 4319654.043, 140
Trd, 4319654.093, 131
Trd, 4319654.393, 131
Trd, 4319654.693, 130
Trd, 4319655.993, 120
Trd, 4319656.443, 81
Trd, 4319656.543, 80
Trd, 4319657.943, 69
Trd, 4319658.143, 69
Trd, 4319658.393, 68
Trd, 4319658.943, 67
Trd, 4319659.393, 60
Trd, 4319660.893, 70
Trd, 4319661.543, 140
Trd, 4319661.843, 89
Trd, 4319661.943, 90
Trd, 4319662.043, 68
Trd, 4319662.543, 60
Trd, 4319662.893, 66
Trd, 4319664.343, 61
Trd, 4319665.293, 61
Trd, 4319665.793, 63
Trd, 4319667.843, 63
Trd, 4319668.443, 63
Trd, 4319669.743, 60
Trd, 4319669.943, 60
Trd, 4319669.993, 63
Trd, 4319671.343, 64
Trd, 4319671.743, 64
Trd, 4319671.793, 63
Trd, 4319672.443, 64
Trd, 4319672.693, 63
Trd, 4319673.293, 64
Trd, 4319674.443, 60
Trd, 4319674.593, 60
Trd, 4319674.843, 68
Trd, 4319675.643, 74
Trd, 4319676.943, 62
Trd, 4319678.043, 60
Trd, 4319679.293, 60
Trd, 4319679.893, 62
Trd, 4319680.493, 60
Trd, 4319681.893, 60
Trd, 4319682.543, 62
Trd, 4319683.293, 62
Trd, 4319683.643, 63
Trd, 4319685.943, 60
Trd, 4319686.093, 60
Trd, 4319686.243, 62
Trd, 4319686.943, 63
Trd, 4319687.893, 66
Trd, 4319688.893, 61
Trd, 4319689.093, 65
Trd, 4319689.543, 66
Trd, 4319690.093, 139
Trd, 4319690.793, 60
Trd, 4319692.943, 60
Trd, 4319693.043, 61
Trd, 4319694.193, 61
Trd, 4319694.293, 64
Trd, 4319694.743, 60
Trd, 4319695.793, 60
Trd, 4319697.143, 60
Trd, 4319698.493, 60
Trd, 4319699.493, 60
Trd, 4319699.993, 60
Trd, 4319700.243, 64
Trd, 4319700.643, 67
Trd, 4319701.543, 60
Trd, 4319702.293, 60
Trd, 4319703.043, 60
Trd, 4319703.243, 66
Trd, 4319703.943, 61
Trd, 4319704.293, 63
Trd, 4319704.843, 65
Trd, 4319704.943, 74
Trd, 4319704.993, 64
Trd, 4319705.143, 83
Trd, 4319705.293, 139
Trd, 4319706.343, 92
Trd, 4319707.043, 139
Trd, 4319708.093, 63
Trd, 4319708.843, 138
Trd, 4319709.193, 137
Trd, 4319710.443, 62
Trd, 4319711.443, 60
Trd, 4319712.743, 60
Trd, 4319713.693, 60
Trd, 4319714.243, 60
Trd, 4319714.793, 60
Trd, 4319715.043, 60
Trd, 4319716.143, 60
Trd, 4319716.293, 61
Trd, 4319716.793, 60
Trd, 4319717.143, 66
Trd, 4319718.243, 63
Trd, 4319718.343, 68
Trd, 4319718.643, 62
Trd, 4319718.843, 70
Trd, 4319719.293, 63
Trd, 4319720.443, 60
Trd, 4319720.743, 63
Trd, 4319722.793, 60
Trd, 4319723.543, 64
Trd, 4319723.593, 66
Trd, 4319723.993, 62
Trd, 4319724.443, 74
Trd, 4319726.043, 60
Trd, 4319726.193, 61
Trd, 4319726.843, 63
Trd, 4319727.293, 63
Trd, 4319727.843, 68
Trd, 4319728.843, 68
Trd, 4319728.943, 65
Trd, 4319728.993, 64
Trd, 4319730.443, 61
Trd, 4319730.493, 62
Trd, 4319731.043, 63
Trd, 4319731.593, 64
Trd, 4319732.243, 69
Trd, 4319733.143, 131
Trd, 4319733.793, 130
Trd, 4319734.493, 138
Trd, 4319734.643, 99
Trd, 4319734.893, 96
Trd, 4319735.143, 140
Trd, 4319736.093, 64
Trd, 4319736.993, 63
Trd, 4319738.143, 70
Trd, 4319738.893, 76
Trd, 4319739.143, 63
Trd, 4319739.943, 66
Trd, 4319740.143, 61
Trd, 4319740.693, 72
Trd, 4319741.393, 66
Trd, 4319741.643, 68
Trd, 4319741.743, 66
Trd, 4319742.193, 63
Trd, 4319743.993, 61
Trd, 4319744.393, 70
Trd, 4319744.793, 139
Trd, 4319745.693, 98
Trd, 4319746.643, 65
Trd, 4319746.743, 76
Trd, 4319747.393, 140
Trd, 4319747.643, 66
Trd, 4319748.093, 60
Trd, 4319748.793, 67
Trd, 4319749.493, 140
Trd, 4319749.743, 140
Trd, 4319750.893, 140
Trd, 4319751.143, 139
Trd, 4319751.543, 140
Trd, 4319752.293, 139
Trd, 4319753.943, 140
Trd, 4319754.093, 140
Trd, 4319755.243, 140
Trd, 4319756.043, 140
Trd, 4319756.193, 140
Trd, 4319756.293, 140
Trd, 4319756.393, 135
Trd, 4319756.543, 77
Trd, 4319756.643, 76
Trd, 4319757.243, 74
Trd, 4319759.093, 140
Trd, 4319759.393, 137
Trd, 4319759.793, 61
Trd, 4319760.643, 139
Trd, 4319761.093, 139
Trd, 4319761.693, 139
Trd, 4319762.193, 138
Trd, 4319764.143, 60
Trd, 4319764.493, 60
Trd, 4319764.943, 60
Trd, 4319765.393, 64
Trd, 4319766.343, 62
Trd, 4319768.143, 64
Trd, 4319768.343, 73
Trd, 4319768.993, 62
Trd, 4319769.493, 137
Trd, 4319769.843, 138
Trd, 4319770.093, 61
Trd, 4319770.943, 65
Trd, 4319771.593, 67
Trd, 4319773.593, 60
Trd, 4319773.893, 70
Trd, 4319773.943, 87
Trd, 4319775.093, 60
Trd, 4319776.593, 61
Trd, 4319777.343, 62
Trd, 4319777.893, 65
Trd, 4319778.043, 79
Trd, 4319778.593, 67
Trd, 4319778.843, 64
Trd, 4319779.943, 61
Trd, 4319780.243, 65
Trd, 4319780.693, 64
Trd, 4319781.193, 60
Trd, 4319782.793, 65
Trd, 4319784.343, 60
Trd, 4319784.643, 60
Trd, 4319785.593, 67
Trd, 4319785.843, 62
Trd, 4319785.993, 63
Trd, 4319786.093, 62
Trd, 4319786.443, 65
Trd, 4319786.743, 61
Trd, 4319788.993, 140
Trd, 4319789.143, 140
Trd, 4319789.743, 90
Trd, 4319790.443, 60
Trd, 4319791.543, 86
Trd, 4319791.643, 136
Trd, 4319792.343, 136
Trd, 4319792.393, 134
Trd, 4319793.643, 62
Trd, 4319794.443, 63
Trd, 4319795.193, 61
Trd, 4319796.693, 60
Trd, 4319797.193, 64
Trd, 4319797.243, 67
Trd, 4319797.443, 66
Trd, 4319797.543, 63
Trd, 4319797.943, 140
Trd, 4319798.943, 60
Trd, 4319799.843, 67
Trd, 4319800.243, 66
Trd, 4319801.143, 139
Trd, 4319802.393, 140
Trd, 4319802.443, 138
Trd, 4319803.043, 137
Trd, 4319803.443, 137
Trd, 4319803.843, 136
Trd, 4319805.043, 140
Trd, 4319805.393, 114
Trd, 4319805.793, 78
Trd, 4319807.143, 140
Trd, 4319807.243, 139
Trd, 4319807.943, 134
Trd, 4319808.993, 140
Trd, 4319809.443, 140
Trd, 4319809.843, 140
Trd, 4319810.193, 66
Trd, 4319810.843, 140
Trd, 4319811.193, 140
Trd, 4319812.343, 140
Trd, 4319812.743, 140
Trd, 4319813.043, 139
Trd, 4319814.143, 60
Trd, 4319814.343, 69
Trd, 4319814.743, 139
Trd, 4319814.843, 138
Trd, 4319816.543, 65
Trd, 4319817.043, 61
Trd, 4319817.893, 60
Trd, 4319818.943, 61
Trd, 4319819.593, 60
Trd, 4319821.293, 61
Trd, 4319821.693, 67
Trd, 4319822.593, 61
Trd, 4319823.493, 61
Trd, 4319823.793, 65
Trd, 4319824.143, 60
Trd, 4319824.693, 70
Trd, 4319825.743, 60
Trd, 4319826.243, 63
Trd, 4319826.343, 62
Trd, 4319826.543, 61
Trd, 4319827.293, 140
Trd, 4319827.443, 139
Trd, 4319827.543, 112
Trd, 4319828.293, 64
Trd, 4319828.693, 79
Trd, 4319829.443, 140
Trd, 4319829.893, 140
Trd, 4319830.093, 140
Trd, 4319830.893, 138
Trd, 4319832.193, 65
Trd, 4319833.093, 61
Trd, 4319833.243, 61
Trd, 4319833.643, 79
Trd, 4319835.593, 60
Trd, 4319836.993, 60
Trd, 4319837.993, 60
Trd, 4319838.093, 64
Trd, 4319839.343, 60
Trd, 4319839.593, 61
Trd, 4319839.693, 74
Trd, 4319839.893, 136
Trd, 4319841.243, 72
Trd, 4319842.693, 63
Trd, 4319843.043, 61
Trd, 4319843.543, 64
Trd, 4319843.743, 65
Trd, 4319844.843, 63
Trd, 4319845.443, 139
Trd, 4319846.843, 60
Trd, 4319846.993, 65
Trd, 4319848.243, 60
Trd, 4319848.743, 60
Trd, 4319850.443, 60
Trd, 4319851.993, 61
Trd, 4319853.043, 61
Trd, 4319853.593, 60
Trd, 4319854.143, 61
Trd, 4319854.393, 62
Trd, 4319855.293, 69
Trd, 4319855.493, 68
Trd, 4319855.593, 66
Trd, 4319856.293, 69
Trd, 4319857.193, 62
Trd, 4319857.393, 139
Trd, 4319857.793, 139
Trd, 4319858.193, 138
Trd, 4319858.843, 139
Trd, 4319859.543, 63
Trd, 4319860.493, 84
Trd, 4319861.593, 63
Trd, 4319861.743, 75
Trd, 4319862.993, 81
Trd, 4319863.643, 63
Trd, 4319864.993, 61
Trd, 4319865.693, 64
Trd, 4319866.143, 64
Trd, 4319866.993, 69
Trd, 4319867.343, 66
Trd, 4319868.693, 62
Trd, 4319869.593, 60
Trd, 4319869.693, 60
Trd, 4319870.143, 60
Trd, 4319870.643, 62
Trd, 4319871.893, 60
Trd, 4319872.793, 60
Trd, 4319874.443, 60
Trd, 4319874.993, 60
Trd, 4319876.093, 60
Trd, 4319876.293, 62
Trd, 4319877.093, 64
Trd, 4319877.193, 62
Trd, 4319877.793, 64
Trd, 4319878.243, 63
Trd, 4319878.343, 65
Trd, 4319878.843, 61
Trd, 4319879.493, 60
Trd, 4319879.793, 128
Trd, 4319881.193, 60
Trd, 4319882.043, 60
Trd, 4319884.143, 60
Trd, 4319884.243, 61
Trd, 4319885.393, 60
Trd, 4319886.093, 60
Trd, 4319886.793, 61
Trd, 4319887.493, 60
Trd, 4319887.693, 63
Trd, 4319887.943, 60
Trd, 4319888.143, 67
Trd, 4319888.693, 62
Trd, 4319889.143, 115
Trd, 4319890.743, 63
Trd, 4319890.943, 63
Trd, 4319891.843, 60
Trd, 4319892.193, 65
Trd, 4319894.893, 60
Trd, 4319895.693, 60
Trd, 4319896.693, 60
Trd, 4319897.093, 60
Trd, 4319897.493, 60
Trd, 4319897.843, 62
Trd, 4319898.143, 61
Trd, 4319898.993, 60
Trd, 4319899.393, 61
Trd, 4319902.243, 140
Trd, 4319902.443, 140
Trd, 4319902.643, 140
Trd, 4319902.693, 140
Trd, 4319902.743, 129
Trd, 4319902.843, 119
Trd, 4319903.343, 140
Trd, 4319904.343, 140
Trd, 4319904.843, 140
Trd, 4319905.043, 130
Trd, 4319906.143, 132
Trd, 4319906.243, 131
Trd, 4319906.493, 60
Trd, 4319908.393, 61
Trd, 4319908.543, 62
Trd, 4319908.743, 63
Trd, 4319909.943, 140
Trd, 4319910.243, 140
Trd, 4319910.843, 140
Trd, 4319911.293, 140
Trd, 4319911.543, 140
Trd, 4319911.743, 93
Trd, 4319912.443, 139
Trd, 4319912.943, 117
Trd, 4319913.843, 129
Trd, 4319915.193, 138
Trd, 4319915.393, 128
Trd, 4319915.543, 111
Trd, 4319915.743, 94
Trd, 4319916.543, 69
Trd, 4319917.593, 63
Trd, 4319917.643, 68
Trd, 4319918.543, 69
Trd, 4319919.193, 63
Trd, 4319919.993, 61
Trd, 4319921.743, 60
Trd, 4319922.043, 60
Trd, 4319922.943, 60
Trd, 4319923.793, 60
Trd, 4319925.193, 65
Trd, 4319925.893, 61
Trd, 4319926.193, 61
Trd, 4319926.443, 61
Trd, 4319929.243, 60
Trd, 4319930.693, 60
Trd, 4319931.043, 61
Trd, 4319931.143, 65
Trd, 4319931.343, 61
Trd, 4319931.743, 64
Trd, 4319931.993, 67
Trd, 4319932.743, 71
Trd, 4319933.193, 71
Trd, 4319933.443, 71
Trd, 4319934.643, 120
Trd, 4319934.893, 90
Trd, 4319935.793, 121
Trd, 4319936.543, 81
Trd, 4319936.893, 140
Trd, 4319937.043, 140
Trd, 4319939.243, 60
Trd, 4319940.293, 61
Trd, 4319940.943, 61
Trd, 4319941.543, 60
Trd, 4319942.643, 60
Trd, 4319943.193, 61
Trd, 4319943.493, 63
Trd, 4319944.493, 62
Trd, 4319944.893, 63
Trd, 4319945.093, 64
Trd, 4319945.193, 65
Trd, 4319945.793, 61
Trd, 4319947.093, 60
Trd, 4319948.343, 60
Trd, 4319948.543, 61
Trd, 4319949.293, 60
Trd, 4319951.393, 60
Trd, 4319951.543, 61
Trd, 4319952.193, 60
Trd, 4319953.043, 60
Trd, 4319953.643, 64
Trd, 4319953.793, 65
Trd, 4319953.843, 66
Trd, 4319954.643, 87
Trd, 4319954.893, 104
Trd, 4319955.343, 138
Trd, 4319955.793, 140
Trd, 4319956.993, 140
Trd, 4319957.143, 139
Trd, 4319958.193, 140
Trd, 4319958.493, 140
Trd, 4319959.993, 60
Trd, 4319960.743, 60
Trd, 4319961.093, 62
Trd, 4319961.593, 60
Trd, 4319961.643, 60
Trd, 4319962.893, 60
Trd, 4319963.743, 63
Trd, 4319965.143, 63
Trd, 4319965.293, 65
Trd, 4319965.443, 68
Trd, 4319965.943, 86
Trd, 4319967.943, 60
Trd, 4319969.643, 60
Trd, 4319970.193, 60
Trd, 4319970.343, 61
Trd, 4319971.543, 60
Trd, 4319972.543, 60
Trd, 4319972.893, 60
Trd, 4319973.543, 60
Trd, 4319974.893, 63
Trd, 4319975.443, 67
Trd, 4319975.593, 64
Trd, 4319975.843, 62
Trd, 4319976.043, 61
Trd, 4319976.793, 68
Trd, 4319977.193, 67
Trd, 4319977.943, 136
Trd, 4319978.993, 60
Trd, 4319979.493, 72
Trd, 4319980.993, 61
Trd, 4319982.593, 60
Trd, 4319983.243, 60
Trd, 4319983.443, 62
Trd, 4319983.593, 65
Trd, 4319984.293, 86
Trd, 4319985.293, 60
Trd, 4319986.793, 61
Trd, 4319987.943, 61
Trd, 4319988.743, 60
Trd, 4319988.993, 60
Trd, 4319989.093, 61
Trd, 4319990.393, 60
Trd, 4319990.943, 60
Trd, 4319991.293, 60
Trd, 4319991.693, 62
Trd, 4319992.493, 64
Trd, 4319992.643, 65
Trd, 4319992.793, 62
Trd, 4319993.293, 61
Trd, 4319993.843, 66
Trd, 4319993.993, 64
Trd, 4319995.643, 79
Trd, 4319995.843, 64
Trd, 4319996.093, 135
Trd, 4319996.643, 132
Trd, 4319997.443, 109
Trd, 4319997.843, 108
Trd, 4319998.593, 139
Trd, 4319999.643, 140
