Trd, 4318139.243, 80
Trd, 4318139.843, 136
Trd, 4318139.993, 116
Trd, 4318140.443, 80
Trd, 4318141.043, 129
Trd, 4318141.393, 78
Trd, 4318143.393, 69
Trd, 4318143.693, 81
Trd, 4318144.043, 67
Trd, 4318145.193, 119
Trd, 4318146.393, 116
Trd, 4318148.093, 118
Trd, 4318148.193, 117
Trd, 4318149.193, 136
Trd, 4318149.843, 111
Trd, 4318149.993, 139
Trd, 4318150.393, 136
Trd, 4318150.493, 103
Trd, 4318150.943, 73
Trd, 4318151.493, 69
Trd, 4318152.893, 112
Trd, 4318153.393, 123
Trd, 4318153.443, 94
Trd, 4318154.443, 120
Trd, 4318154.993, 99
Trd, 4318155.443, 71
Trd, 4318156.193, 140
Trd, 4318156.593, 128
Trd, 4318157.343, 99
Trd, 4318157.843, 99
Trd, 4318157.893, 70
Trd, 4318158.943, 129
Trd, 4318159.843, 80
Trd, 4318160.493, 91
Trd, 4318160.793, 110
Trd, 4318162.193, 76
Trd, 4318162.393, 62
Trd, 4318162.693, 67
Trd, 4318163.543, 77
Trd, 4318164.493, 112
Trd, 4318164.743, 110
Trd, 4318165.643, 77
Trd, 4318166.843, 113
Trd, 4318167.643, 110
Trd, 4318167.893, 91
Trd, 4318168.193, 85
Trd, 4318168.843, 138
Trd, 4318169.293, 119
Trd, 4318169.743, 111
Trd, 4318169.943, 88
Trd, 4318170.343, 132
Trd, 4318171.743, 68
Trd, 4318172.543, 122
Trd, 4318173.243, 103
Trd, 4318173.943, 108
Trd, 4318174.093, 99
Trd, 4318174.593, 75
Trd, 4318174.643, 69
Trd, 4318176.493, 86
Trd, 4318176.843, 111
Trd, 4318177.943, 128
Trd, 4318178.643, 121
Trd, 4318178.943, 125
Trd, 4318179.743, 92
Trd, 4318181.043, 111
Trd, 4318181.143, 71
Trd, 4318181.643, 134
Trd, 4318182.493, 126
Trd, 4318182.693, 63
Trd, 4318183.293, 129
Trd, 4318184.743, 124
Trd, 4318185.443, 126
Trd, 4318185.943, 122
Trd, 4318186.543, 103
Trd, 4318186.693, 124
Trd, 4318187.693, 138
Trd, 4318188.543, 97
Trd, 4318188.643, 89
Trd, 4318189.993, 101
Trd, 4318190.793, 120
Trd, 4318191.143, 133
Trd, 4318192.343, 114
Trd, 4318192.593, 97
Trd, 4318193.543, 137
Trd, 4318195.343, 132
Trd, 4318195.643, 82
Trd, 4318196.393, 139
Trd, 4318196.593, 125
Trd, 4318197.043, 94
Trd, 4318198.143, 131
Trd, 4318199.643, 120
Trd, 4318200.593, 125
Trd, 4318202.193, 95
Trd, 4318202.393, 112
Trd, 4318203.193, 114
Trd, 4318204.243, 132
Trd, 4318204.943, 129
Trd, 4318205.693, 140
Trd, 4318207.243, 114
Trd, 4318207.743, 83
Trd, 4318207.893, 91
Trd, 4318207.943, 82
Trd, 4318209.543, 91
Trd, 4318209.843, 95
Trd, 4318210.393, 99
Trd, 4318210.843, 70
Trd, 4318211.393, 67
Trd, 4318211.643, 69
Trd, 4318212.343, 139
Trd, 4318212.993, 133
Trd, 4318213.143, 131
Trd, 4318213.493, 98
Trd, 4318214.443, 90
Trd, 4318215.743, 140
Trd, 4318215.943, 103
Trd, 4318216.293, 67
Trd, 4318218.643, 122
Trd, 4318218.993, 77
Trd, 4318219.443, 140
Trd, 4318219.793, 122
Trd, 4318220.293, 96
Trd, 4318220.893, 109
Trd, 4318221.493, 99
Trd, 4318221.993, 64
Trd, 4318223.793, 116
Trd, 4318223.943, 124
Trd, 4318224.093, 90
Trd, 4318224.543, 68
Trd, 4318225.693, 67
Trd, 4318226.343, 63
Trd, 4318226.943, 138
Trd, 4318227.543, 128
Trd, 4318227.943, 109
Trd, 4318228.293, 62
Trd, 4318230.343, 140
Trd, 4318230.443, 100
Trd, 4318230.543, 115
Trd, 4318230.893, 118
Trd, 4318231.843, 113
Trd, 4318233.243, 71
Trd, 4318233.743, 67
Trd, 4318233.793, 104
Trd, 4318235.143, 137
Trd, 4318235.193, 136
Trd, 4318235.243, 119
Trd, 4318235.743, 118
Trd, 4318235.843, 117
Trd, 4318236.843, 99
Trd, 4318237.793, 128
Trd, 4318238.393, 121
Trd, 4318239.443, 75
Trd, 4318239.843, 109
Trd, 4318240.343, 67
Trd, 4318241.143, 66
Trd, 4318241.793, 83
Trd, 4318241.943, 69
Trd, 4318242.593, 118
Trd, 4318243.543, 121
Trd, 4318245.643, 102
Trd, 4318245.893, 127
Trd, 4318246.843, 139
Trd, 4318246.993, 129
Trd, 4318247.293, 108
Trd, 4318248.043, 90
Trd, 4318248.993, 134
Trd, 4318249.493, 107
Trd, 4318250.493, 122
Trd, 4318251.443, 92
Trd, 4318252.343, 91
Trd, 4318252.443, 89
Trd, 4318254.693, 87
Trd, 4318255.693, 105
Trd, 4318255.993, 86
Trd, 4318256.843, 91
Trd, 4318257.193, 95
Trd, 4318257.693, 101
Trd, 4318259.093, 111
Trd, 4318259.593, 132
Trd, 4318260.093, 128
Trd, 4318260.543, 131
Trd, 4318260.843, 77
Trd, 4318261.493, 91
Trd, 4318262.193, 113
Trd, 4318262.293, 89
Trd, 4318262.893, 112
Trd, 4318263.393, 127
Trd, 4318263.743, 140
Trd, 4318265.043, 128
Trd, 4318265.393, 98
Trd, 4318265.693, 78
Trd, 4318266.043, 114
Trd, 4318267.993, 115
Trd, 4318268.443, 75
Trd, 4318269.393, 89
Trd, 4318269.943, 80
Trd, 4318271.093, 138
Trd, 4318271.493, 126
Trd, 4318271.993, 112
Trd, 4318273.593, 139
Trd, 4318274.493, 117
Trd, 4318275.093, 107
Trd, 4318275.443, 139
Trd, 4318276.393, 137
Trd, 4318276.743, 115
Trd, 4318277.393, 96
Trd, 4318277.993, 140
Trd, 4318278.243, 76
Trd, 4318278.443, 67
Trd, 4318279.143, 85
Trd, 4318279.293, 62
Trd, 4318279.643, 67
Trd, 4318280.993, 138
Trd, 4318282.193, 126
Trd, 4318282.843, 139
Trd, 4318283.293, 138
Trd, 4318283.393, 123
Trd, 4318283.643, 113
Trd, 4318284.743, 86
Trd, 4318284.843, 98
Trd, 4318285.493, 102
Trd, 4318287.893, 63
Trd, 4318288.043, 79
Trd, 4318288.143, 81
Trd, 4318288.693, 102
Trd, 4318288.743, 85
Trd, 4318289.793, 62
Trd, 4318290.193, 129
Trd, 4318290.493, 124
Trd, 4318292.143, 85
Trd, 4318292.443, 103
Trd, 4318292.543, 103
Trd, 4318293.143, 88
Trd, 4318293.943, 73
Trd, 4318295.593, 123
Trd, 4318295.843, 118
Trd, 4318295.943, 81
Trd, 4318296.293, 68
Trd, 4318297.693, 61
Trd, 4318297.793, 62
Trd, 4318300.443, 63
Trd, 4318301.043, 102
Trd, 4318301.193, 91
Trd, 4318302.243, 95
Trd, 4318302.643, 122
Trd, 4318302.993, 97
Trd, 4318303.293, 122
Trd, 4318304.343, 96
Trd, 4318306.943, 98
Trd, 4318306.993, 86
Trd, 4318307.793, 92
Trd, 4318308.093, 113
Trd, 4318308.293, 138
Trd, 4318308.393, 75
Trd, 4318309.643, 137
Trd, 4318309.693, 96
Trd, 4318309.993, 127
Trd, 4318310.993, 127
Trd, 4318312.393, 138
Trd, 4318312.593, 131
Trd, 4318313.143, 85
Trd, 4318314.043, 126
Trd, 4318314.993, 75
Trd, 4318316.993, 119
Trd, 4318318.543, 104
Trd, 4318318.643, 87
Trd, 4318319.093, 63
Trd, 4318320.343, 67
Trd, 4318320.593, 125
Trd, 4318321.543, 67
Trd, 4318321.993, 85
Trd, 4318322.243, 71
Trd, 4318322.593, 61
Trd, 4318322.893, 105
Trd, 4318323.493, 91
Trd, 4318323.893, 93
Trd, 4318323.993, 122
Trd, 4318324.893, 97
Trd, 4318325.943, 126
Trd, 4318326.343, 123
Trd, 4318327.943, 127
Trd, 4318327.993, 118
Trd, 4318328.393, 105
Trd, 4318328.693, 86
Trd, 4318329.993, 65
Trd, 4318330.543, 97
Trd, 4318331.093, 76
Trd, 4318331.143, 107
Trd, 4318331.293, 140
Trd, 4318332.393, 92
Trd, 4318333.193, 93
Trd, 4318334.243, 67
Trd, 4318335.593, 127
Trd, 4318335.743, 130
Trd, 4318335.843, 113
Trd, 4318336.043, 124
Trd, 4318336.193, 91
Trd, 4318337.293, 91
Trd, 4318337.493, 74
Trd, 4318338.743, 95
Trd, 4318340.643, 87
Trd, 4318340.893, 81
Trd, 4318341.093, 91
Trd, 4318342.043, 139
Trd, 4318342.893, 106
Trd, 4318344.143, 135
Trd, 4318345.143, 124
Trd, 4318345.543, 138
Trd, 4318345.793, 116
Trd, 4318345.943, 100
Trd, 4318347.743, 137
Trd, 4318349.543, 105
Trd, 4318349.693, 79
Trd, 4318351.093, 140
Trd, 4318351.193, 120
Trd, 4318353.343, 124
Trd, 4318353.993, 131
Trd, 4318354.443, 131
Trd, 4318354.643, 130
Trd, 4318355.743, 140
Trd, 4318356.043, 120
Trd, 4318356.193, 92
Trd, 4318357.243, 124
Trd, 4318358.193, 125
Trd, 4318359.243, 97
Trd, 4318360.593, 106
Trd, 4318361.043, 103
Trd, 4318362.043, 75
Trd, 4318362.793, 64
Trd, 4318363.643, 89
Trd, 4318364.543, 70
Trd, 4318364.993, 90
Trd, 4318365.993, 139
Trd, 4318366.843, 61
Trd, 4318367.643, 104
Trd, 4318368.143, 107
Trd, 4318368.893, 118
Trd, 4318369.443, 100
Trd, 4318369.543, 92
Trd, 4318370.443, 81
Trd, 4318370.493, 76
Trd, 4318371.443, 70
Trd, 4318371.693, 104
Trd, 4318373.843, 63
Trd, 4318374.293, 82
Trd, 4318374.393, 86
Trd, 4318374.543, 69
Trd, 4318375.643, 137
Trd, 4318375.693, 82
Trd, 4318375.943, 115
Trd, 4318377.143, 79
Trd, 4318377.243, 95
Trd, 4318378.343, 113
Trd, 4318379.943, 85
Trd, 4318380.643, 71
Trd, 4318380.743, 111
Trd, 4318382.093, 110
Trd, 4318383.643, 89
Trd, 4318383.793, 66
Trd, 4318383.843, 75
Trd, 4318384.493, 82
Trd, 4318384.793, 90
Trd, 4318385.243, 114
Trd, 4318385.793, 133
Trd, 4318388.143, 139
Trd, 4318388.293, 129
Trd, 4318388.643, 124
Trd, 4318389.443, 60
Trd, 4318390.093, 140
Trd, 4318390.393, 109
Trd, 4318390.743, 124
Trd, 4318391.243, 123
Trd, 4318391.693, 112
Trd, 4318392.343, 125
Trd, 4318393.043, 98
Trd, 4318393.693, 113
Trd, 4318395.293, 137
Trd, 4318395.693, 132
Trd, 4318396.093, 140
Trd, 4318396.593, 139
Trd, 4318398.343, 138
Trd, 4318398.443, 118
Trd, 4318399.993, 114
Trd, 4318400.543, 111
Trd, 4318401.093, 136
Trd, 4318401.893, 138
Trd, 4318402.393, 86
Trd, 4318403.343, 122
Trd, 4318404.243, 60
Trd, 4318405.543, 95
Trd, 4318406.143, 91
Trd, 4318406.493, 80
Trd, 4318406.743, 75
Trd, 4318407.643, 139
Trd, 4318408.043, 128
Trd, 4318408.293, 129
Trd, 4318410.393, 60
Trd, 4318411.893, 66
Trd, 4318412.093, 97
Trd, 4318412.793, 122
Trd, 4318414.143, 96
Trd, 4318414.293, 93
Trd, 4318414.493, 137
Trd, 4318415.943, 84
Trd, 4318416.493, 81
Trd, 4318416.893, 88
Trd, 4318417.593, 107
Trd, 4318417.843, 86
Trd, 4318420.593, 140
Trd, 4318421.193, 130
Trd, 4318421.343, 113
Trd, 4318421.943, 138
Trd, 4318422.543, 135
Trd, 4318422.843, 135
Trd, 4318423.693, 87
Trd, 4318424.143, 119
Trd, 4318424.543, 133
Trd, 4318425.543, 136
Trd, 4318425.743, 108
Trd, 4318426.693, 94
Trd, 4318426.893, 135
Trd, 4318427.193, 109
Trd, 4318427.943, 85
Trd, 4318429.843, 136
Trd, 4318429.993, 133
Trd, 4318430.193, 128
Trd, 4318430.743, 100
Trd, 4318431.743, 140
Trd, 4318432.843, 104
Trd, 4318433.143, 138
Trd, 4318434.243, 89
Trd, 4318434.443, 91
Trd, 4318434.593, 110
Trd, 4318434.893, 118
Trd, 4318436.243, 85
Trd, 4318436.693, 107
Trd, 4318437.443, 119
Trd, 4318438.693, 110
Trd, 4318439.443, 112
Trd, 4318440.543, 72
Trd, 4318441.643, 96
Trd, 4318442.343, 102
Trd, 4318442.993, 120
Trd, 4318444.093, 95
Trd, 4318444.543, 66
Trd, 4318444.943, 80
Trd, 4318445.193, 62
Trd, 4318445.743, 60
Trd, 4318446.093, 115
Trd, 4318447.343, 85
Trd, 4318448.893, 124
Trd, 4318449.393, 138
Trd, 4318450.193, 123
Trd, 4318450.293, 117
Trd, 4318450.343, 113
Trd, 4318450.793, 71
Trd, 4318451.243, 100
Trd, 4318452.293, 137
Trd, 4318452.393, 135
Trd, 4318452.843, 116
Trd, 4318454.493, 140
Trd, 4318455.093, 74
Trd, 4318456.593, 109
Trd, 4318457.643, 110
Trd, 4318457.993, 82
Trd, 4318458.593, 76
Trd, 4318459.443, 124
Trd, 4318459.843, 116
Trd, 4318460.043, 101
Trd, 4318461.093, 90
Trd, 4318461.243, 79
Trd, 4318461.293, 100
Trd, 4318461.793, 108
Trd, 4318462.343, 107
Trd, 4318463.993, 124
Trd, 4318464.493, 105
Trd, 4318465.643, 123
Trd, 4318465.943, 120
Trd, 4318466.393, 69
Trd, 4318468.593, 102
Trd, 4318469.143, 140
Trd, 4318469.543, 137
Trd, 4318469.743, 111
Trd, 4318470.443, 139
Trd, 4318471.143, 109
Trd, 4318473.193, 140
Trd, 4318473.243, 126
Trd, 4318473.743, 112
Trd, 4318473.993, 120
Trd, 4318474.793, 91
Trd, 4318475.143, 73
Trd, 4318475.193, 69
Trd, 4318476.543, 121
Trd, 4318476.643, 122
Trd, 4318478.093, 95
Trd, 4318479.293, 92
Trd, 4318479.343, 97
Trd, 4318479.843, 69
Trd, 4318479.893, 118
Trd, 4318480.793, 68
Trd, 4318481.293, 82
Trd, 4318482.243, 76
Trd, 4318483.143, 61
Trd, 4318483.243, 111
Trd, 4318484.343, 82
Trd, 4318484.443, 80
Trd, 4318485.093, 85
Trd, 4318485.643, 95
Trd, 4318486.793, 107
Trd, 4318487.293, 106
Trd, 4318487.943, 95
Trd, 4318488.093, 70
Trd, 4318488.193, 139
Trd, 4318489.193, 136
Trd, 4318489.343, 88
Trd, 4318491.143, 88
Trd, 4318492.693, 125
Trd, 4318493.643, 96
Trd, 4318493.693, 104
Trd, 4318493.793, 96
Trd, 4318494.643, 80
Trd, 4318495.243, 140
Trd, 4318495.293, 91
Trd, 4318495.393, 66
Trd, 4318497.143, 126
Trd, 4318497.943, 133
Trd, 4318498.193, 113
Trd, 4318499.293, 111
Trd, 4318500.293, 103
Trd, 4318500.493, 138
Trd, 4318501.393, 84
Trd, 4318501.443, 86
Trd, 4318502.443, 110
Trd, 4318504.043, 138
Trd, 4318504.993, 121
Trd, 4318505.143, 120
Trd, 4318506.193, 99
Trd, 4318506.593, 133
Trd, 4318507.093, 84
Trd, 4318508.443, 65
Trd, 4318508.843, 108
Trd, 4318509.543, 138
Trd, 4318509.843, 78
Trd, 4318509.893, 92
Trd, 4318510.093, 134
Trd, 4318510.943, 140
Trd, 4318511.793, 92
Trd, 4318512.193, 61
Trd, 4318513.643, 140
Trd, 4318514.543, 131
Trd, 4318515.193, 129
Trd, 4318515.343, 74
Trd, 4318515.543, 104
Trd, 4318518.143, 132
Trd, 4318518.443, 82
Trd, 4318519.943, 139
Trd, 4318520.593, 137
Trd, 4318521.243, 130
Trd, 4318521.593, 118
Trd, 4318522.843, 133
Trd, 4318522.993, 138
Trd, 4318523.443, 95
Trd, 4318524.793, 98
Trd, 4318525.643, 124
Trd, 4318526.693, 140
Trd, 4318526.843, 137
Trd, 4318527.443, 117
Trd, 4318528.243, 118
Trd, 4318528.343, 98
Trd, 4318528.693, 68
Trd, 4318529.743, 93
Trd, 4318531.893, 132
Trd, 4318532.093, 103
Trd, 4318532.343, 102
Trd, 4318532.543, 126
Trd, 4318533.393, 93
Trd, 4318534.293, 67
Trd, 4318534.843, 139
Trd, 4318536.493, 137
Trd, 4318536.593, 137
Trd, 4318537.043, 127
Trd, 4318538.743, 114
Trd, 4318538.843, 107
Trd, 4318539.293, 99
Trd, 4318539.393, 102
Trd, 4318541.743, 71
Trd, 4318542.043, 77
Trd, 4318542.543, 81
Trd, 4318543.293, 123
Trd, 4318543.443, 127
Trd, 4318544.243, 98
Trd, 4318544.943, 127
Trd, 4318545.543, 120
Trd, 4318547.343, 96
Trd, 4318547.543, 87
Trd, 4318547.593, 117
Trd, 4318547.843, 97
Trd, 4318549.243, 115
Trd, 4318549.743, 80
Trd, 4318550.493, 123
Trd, 4318551.093, 90
Trd, 4318551.293, 84
Trd, 4318551.693, 83
Trd, 4318552.043, 100
Trd, 4318552.143, 103
Trd, 4318552.943, 91
Trd, 4318553.843, 135
Trd, 4318553.943, 86
Trd, 4318554.343, 107
Trd, 4318555.593, 71
Trd, 4318556.743, 120
Trd, 4318557.193, 110
Trd, 4318557.393, 115
Trd, 4318557.593, 123
Trd, 4318557.693, 92
Trd, 4318559.043, 126
Trd, 4318559.293, 125
Trd, 4318559.443, 106
Trd, 4318561.343, 118
Trd, 4318561.843, 63
Trd, 4318562.043, 95
Trd, 4318562.743, 93
Trd, 4318563.993, 64
Trd, 4318564.443, 69
Trd, 4318564.593, 101
Trd, 4318565.293, 60
Trd, 4318565.443, 101
Trd, 4318565.943, 70
Trd, 4318566.293, 64
Trd, 4318567.993, 102
Trd, 4318568.193, 82
Trd, 4318568.493, 82
Trd, 4318569.043, 82
Trd, 4318569.243, 89
Trd, 4318569.643, 99
Trd, 4318570.193, 121
Trd, 4318572.143, 117
Trd, 4318573.393, 138
Trd, 4318574.093, 121
Trd, 4318574.293, 99
Trd, 4318576.393, 118
Trd, 4318576.743, 139
Trd, 4318577.043, 116
Trd, 4318577.493, 113
Trd, 4318577.743, 123
Trd, 4318578.343, 79
Trd, 4318578.493, 72
Trd, 4318579.243, 87
Trd, 4318579.443, 61
Trd, 4318579.943, 114
Trd, 4318581.043, 140
Trd, 4318581.793, 97
Trd, 4318581.843, 83
Trd, 4318583.043, 100
Trd, 4318584.293, 114
Trd, 4318585.743, 140
Trd, 4318586.193, 112
Trd, 4318586.493, 107
Trd, 4318587.443, 128
Trd, 4318588.393, 88
Trd, 4318588.543, 83
Trd, 4318588.793, 115
Trd, 4318589.893, 128
Trd, 4318590.393, 138
Trd, 4318591.293, 137
Trd, 4318592.943, 138
Trd, 4318593.143, 119
Trd, 4318593.243, 117
Trd, 4318595.293, 119
Trd, 4318595.443, 116
Trd, 4318595.743, 122
Trd, 4318595.843, 115
Trd, 4318596.493, 86
Trd, 4318596.593, 126
Trd, 4318597.243, 134
Trd, 4318598.043, 73
Trd, 4318598.693, 87
Trd, 4318599.643, 65
Trd, 4318601.693, 87
Trd, 4318601.743, 87
Trd, 4318602.893, 114
Trd, 4318603.793, 86
Trd, 4318604.793, 139
Trd, 4318605.493, 139
Trd, 4318605.593, 84
Trd, 4318605.893, 123
Trd, 4318606.593, 103
Trd, 4318607.343, 138
Trd, 4318607.643, 76
Trd, 4318608.043, 77
Trd, 4318609.743, 64
Trd, 4318610.043, 71
Trd, 4318610.343, 61
Trd, 4318611.543, 79
Trd, 4318612.393, 117
Trd, 4318612.893, 140
Trd, 4318613.293, 120
Trd, 4318613.443, 115
Trd, 4318613.993, 131
Trd, 4318614.193, 117
Trd, 4318615.693, 99
Trd, 4318616.643, 93
Trd, 4318617.193, 136
Trd, 4318617.543, 80
Trd, 4318617.593, 75
Trd, 4318618.043, 96
Trd, 4318618.243, 65
Trd, 4318618.843, 61
Trd, 4318619.093, 79
Trd, 4318619.593, 66
Trd, 4318622.393, 90
Trd, 4318622.593, 78
Trd, 4318623.993, 129
Trd, 4318624.093, 85
Trd, 4318624.293, 127
Trd, 4318625.993, 140
Trd, 4318626.343, 132
Trd, 4318626.743, 128
Trd, 4318626.893, 118
Trd, 4318627.043, 60
Trd, 4318628.043, 138
Trd, 4318629.343, 138
Trd, 4318630.143, 96
Trd, 4318631.543, 106
Trd, 4318631.593, 101
Trd, 4318632.893, 129
Trd, 4318632.943, 94
Trd, 4318633.093, 93
Trd, 4318634.593, 139
Trd, 4318635.793, 117
Trd, 4318636.993, 97
Trd, 4318637.393, 92
Trd, 4318637.643, 102
Trd, 4318638.343, 96
Trd, 4318639.193, 71
Trd, 4318639.443, 71
Trd, 4318640.793, 63
Trd, 4318642.193, 67
Trd, 4318642.643, 72
Trd, 4318643.193, 90
Trd, 4318643.893, 139
Trd, 4318644.343, 106
Trd, 4318644.443, 96
Trd, 4318645.193, 118
Trd, 4318646.793, 127
Trd, 4318647.143, 139
Trd, 4318648.043, 103
Trd, 4318649.093, 68
Trd, 4318649.943, 116
Trd, 4318650.643, 139
Trd, 4318650.993, 103
Trd, 4318651.043, 80
Trd, 4318652.393, 121
Trd, 4318653.043, 117
Trd, 4318653.243, 70
Trd, 4318653.293, 76
Trd, 4318654.243, 93
Trd, 4318655.693, 101
Trd, 4318656.493, 101
Trd, 4318656.943, 137
Trd, 4318657.343, 104
Trd, 4318658.493, 129
Trd, 4318658.793, 140
Trd, 4318659.193, 77
Trd, 4318660.493, 105
Trd, 4318661.243, 104
Trd, 4318661.543, 140
Trd, 4318662.143, 109
Trd, 4318662.293, 93
Trd, 4318663.643, 107
Trd, 4318663.793, 86
Trd, 4318664.293, 85
Trd, 4318665.243, 115
Trd, 4318665.343, 122
Trd, 4318666.093, 140
Trd, 4318666.543, 134
Trd, 4318666.843, 131
Trd, 4318667.493, 121
Trd, 4318667.843, 113
Trd, 4318668.893, 133
Trd, 4318669.743, 100
Trd, 4318671.943, 136
Trd, 4318672.343, 95
Trd, 4318672.843, 134
Trd, 4318674.143, 126
Trd, 4318674.293, 116
Trd, 4318674.643, 116
Trd, 4318675.443, 72
Trd, 4318675.993, 87
Trd, 4318676.443, 107
Trd, 4318677.743, 103
Trd, 4318678.293, 119
Trd, 4318678.943, 103
Trd, 4318679.593, 121
Trd, 4318679.993, 99
Trd, 4318680.543, 135
Trd, 4318681.593, 97
Trd, 4318681.643, 85
Trd, 4318682.493, 75
Trd, 4318685.043, 94
Trd, 4318685.093, 115
Trd, 4318685.943, 123
Trd, 4318686.343, 138
Trd, 4318687.893, 117
Trd, 4318688.543, 79
Trd, 4318688.643, 73
Trd, 4318689.443, 127
Trd, 4318689.593, 103
Trd, 4318690.043, 100
Trd, 4318692.643, 73
Trd, 4318692.893, 97
Trd, 4318693.443, 119
Trd, 4318693.493, 81
Trd, 4318693.843, 67
Trd, 4318695.093, 102
Trd, 4318695.443, 140
Trd, 4318695.493, 95
Trd, 4318696.593, 64
Trd, 4318697.243, 108
Trd, 4318697.543, 93
Trd, 4318698.343, 96
Trd, 4318698.893, 81
Trd, 4318699.993, 99
Trd, 4318700.143, 99
Trd, 4318700.343, 108
Trd, 4318701.643, 75
Trd, 4318701.943, 90
Trd, 4318702.243, 86
Trd, 4318702.993, 118
Trd, 4318703.993, 109
Trd, 4318704.743, 96
Trd, 4318705.593, 140
Trd, 4318706.243, 129
Trd, 4318706.943, 126
Trd, 4318707.493, 100
Trd, 4318708.093, 86
Trd, 4318708.693, 90
Trd, 4318709.843, 139
Trd, 4318710.743, 63
Trd, 4318711.193, 95
Trd, 4318711.943, 114
Trd, 4318712.193, 134
Trd, 4318712.393, 87
Trd, 4318712.893, 117
Trd, 4318714.293, 137
Trd, 4318714.893, 126
Trd, 4318716.243, 97
Trd, 4318716.393, 74
Trd, 4318717.943, 140
Trd, 4318718.443, 113
Trd, 4318718.893, 84
Trd, 4318720.443, 104
Trd, 4318721.143, 89
Trd, 4318721.243, 77
Trd, 4318722.343, 127
Trd, 4318722.643, 115
Trd, 4318724.693, 140
Trd, 4318724.793, 107
Trd, 4318725.293, 119
Trd, 4318725.693, 111
Trd, 4318725.893, 129
Trd, 4318726.743, 93
Trd, 4318727.643, 63
Trd, 4318727.793, 61
Trd, 4318729.343, 127
Trd, 4318730.493, 137
Trd, 4318731.493, 117
Trd, 4318731.543, 108
Trd, 4318731.643, 97
Trd, 4318731.793, 85
Trd, 4318733.043, 81
Trd, 4318733.743, 70
Trd, 4318734.293, 128
Trd, 4318734.743, 92
Trd, 4318736.593, 109
Trd, 4318737.843, 130
Trd, 4318738.243, 110
Trd, 4318738.343, 101
Trd, 4318738.743, 132
Trd, 4318739.293, 140
Trd, 4318740.243, 128
Trd, 4318740.893, 137
Trd, 4318741.843, 102
Trd, 4318741.993, 134
Trd, 4318742.043, 130
Trd, 4318743.193, 140
Trd, 4318743.493, 90
Trd, 4318744.493, 90
Trd, 4318744.743, 89
Trd, 4318746.043, 114
Trd, 4318746.443, 123
Trd, 4318748.293, 129
Trd, 4318750.943, 109
Trd, 4318750.993, 87
Trd, 4318751.443, 108
Trd, 4318751.693, 82
Trd, 4318751.893, 89
Trd, 4318752.643, 107
Trd, 4318753.793, 93
Trd, 4318753.993, 86
Trd, 4318755.343, 92
Trd, 4318755.443, 69
Trd, 4318756.493, 103
Trd, 4318756.793, 113
Trd, 4318757.443, 83
Trd, 4318757.943, 75
Trd, 4318758.743, 76
Trd, 4318760.193, 119
Trd, 4318761.443, 91
Trd, 4318761.593, 85
Trd, 4318761.743, 104
Trd, 4318762.443, 113
Trd, 4318762.493, 87
Trd, 4318763.193, 130
Trd, 4318763.793, 126
Trd, 4318763.843, 90
Trd, 4318765.443, 140
Trd, 4318767.543, 110
Trd, 4318767.593, 94
Trd, 4318768.243, 87
Trd, 4318770.343, 110
Trd, 4318770.493, 118
Trd, 4318771.443, 97
Trd, 4318771.543, 139
Trd, 4318772.543, 74
Trd, 4318772.943, 86
Trd, 4318773.293, 60
Trd, 4318774.193, 108
Trd, 4318774.293, 135
Trd, 4318774.943, 117
Trd, 4318775.893, 100
Trd, 4318775.943, 88
Trd, 4318776.393, 133
Trd, 4318778.193, 71
Trd, 4318778.943, 95
Trd, 4318779.343, 104
Trd, 4318779.743, 66
Trd, 4318780.493, 77
Trd, 4318780.943, 81
Trd, 4318781.643, 80
Trd, 4318782.743, 140
Trd, 4318782.843, 83
Trd, 4318783.993, 94
Trd, 4318784.593, 83
Trd, 4318785.493, 85
Trd, 4318786.393, 66
Trd, 4318786.693, 107
Trd, 4318787.443, 92
Trd, 4318787.693, 84
Trd, 4318788.293, 66
Trd, 4318788.943, 63
Trd, 4318790.743, 119
Trd, 4318791.043, 90
Trd, 4318791.793, 119
Trd, 4318791.843, 125
Trd, 4318792.543, 90
Trd, 4318793.843, 108
Trd, 4318794.043, 98
Trd, 4318794.943, 112
Trd, 4318795.143, 140
Trd, 4318795.543, 135
Trd, 4318796.393, 81
Trd, 4318796.643, 87
Trd, 4318798.443, 140
Trd, 4318798.843, 112
Trd, 4318800.293, 124
Trd, 4318800.343, 92
Trd, 4318801.343, 79
Trd, 4318801.643, 88
Trd, 4318802.093, 129
Trd, 4318802.143, 91
Trd, 4318803.143, 104
Trd, 4318803.243, 87
Trd, 4318804.193, 110
Trd, 4318804.943, 136
Trd, 4318805.393, 136
Trd, 4318806.093, 127
Trd, 4318807.293, 110
Trd, 4318807.693, 136
Trd, 4318808.243, 102
Trd, 4318808.493, 66
Trd, 4318809.593, 139
Trd, 4318810.093, 114
Trd, 4318810.693, 112
Trd, 4318811.393, 110
Trd, 4318813.143, 131
Trd, 4318813.343, 110
Trd, 4318814.093, 105
Trd, 4318814.293, 91
Trd, 4318815.193, 128
Trd, 4318815.543, 95
Trd, 4318816.593, 67
Trd, 4318817.193, 87
Trd, 4318817.493, 105
Trd, 4318817.993, 91
Trd, 4318818.993, 119
Trd, 4318819.993, 140
Trd, 4318820.493, 108
Trd, 4318821.193, 123
Trd, 4318821.893, 105
Trd, 4318822.393, 97
Trd, 4318824.743, 121
Trd, 4318824.893, 120
Trd, 4318824.943, 92
Trd, 4318825.043, 89
Trd, 4318825.593, 65
Trd, 4318825.693, 113
Trd, 4318826.193, 64
Trd, 4318826.943, 69
Trd, 4318827.493, 100
Trd, 4318827.893, 72
Trd, 4318829.993, 115
Trd, 4318831.543, 88
Trd, 4318831.743, 72
Trd, 4318832.593, 70
Trd, 4318832.893, 139
Trd, 4318833.793, 118
Trd, 4318833.993, 83
Trd, 4318834.593, 115
Trd, 4318835.043, 82
Trd, 4318835.343, 77
Trd, 4318835.393, 71
Trd, 4318836.093, 75
Trd, 4318836.743, 117
Trd, 4318838.393, 81
Trd, 4318838.793, 78
Trd, 4318839.093, 96
Trd, 4318839.843, 60
Trd, 4318840.293, 94
Trd, 4318841.443, 98
Trd, 4318842.093, 118
Trd, 4318842.393, 78
Trd, 4318842.893, 65
Trd, 4318843.143, 84
Trd, 4318843.343, 122
Trd, 4318843.993, 113
Trd, 4318845.293, 103
Trd, 4318845.693, 60
Trd, 4318846.093, 75
Trd, 4318847.643, 106
Trd, 4318848.343, 80
Trd, 4318848.543, 115
Trd, 4318851.243, 133
Trd, 4318851.593, 123
Trd, 4318852.643, 126
Trd, 4318852.893, 93
Trd, 4318853.243, 88
Trd, 4318854.093, 85
Trd, 4318854.243, 130
Trd, 4318854.643, 120
Trd, 4318855.493, 140
Trd, 4318856.493, 104
Trd, 4318856.743, 74
Trd, 4318857.243, 136
Trd, 4318857.943, 123
Trd, 4318858.243, 119
Trd, 4318859.393, 97
Trd, 4318859.943, 115
Trd, 4318860.443, 83
Trd, 4318861.143, 101
Trd, 4318862.243, 101
Trd, 4318862.843, 104
Trd, 4318863.143, 76
Trd, 4318863.293, 88
Trd, 4318864.193, 95
Trd, 4318865.593, 139
Trd, 4318866.193, 109
Trd, 4318866.593, 134
Trd, 4318866.893, 138
Trd, 4318867.143, 108
Trd, 4318867.693, 139
Trd, 4318868.443, 130
Trd, 4318868.743, 84
Trd, 4318869.493, 135
Trd, 4318870.443, 130
Trd, 4318871.593, 133
Trd, 4318872.293, 126
Trd, 4318872.593, 96
Trd, 4318873.093, 84
Trd, 4318873.293, 82
Trd, 4318873.893, 140
Trd, 4318874.593, 99
Trd, 4318876.593, 93
Trd, 4318876.993, 89
Trd, 4318877.193, 78
Trd, 4318877.593, 88
Trd, 4318878.293, 140
Trd, 4318880.143, 61
Trd, 4318880.943, 107
Trd, 4318881.043, 111
Trd, 4318881.443, 126
Trd, 4318882.493, 135
Trd, 4318883.343, 139
Trd, 4318883.993, 86
Trd, 4318884.893, 75
Trd, 4318885.143, 86
Trd, 4318885.743, 90
Trd, 4318886.993, 121
Trd, 4318887.043, 98
Trd, 4318888.393, 140
Trd, 4318889.843, 140
Trd, 4318890.643, 94
Trd, 4318891.193, 108
Trd, 4318891.643, 102
Trd, 4318892.993, 119
Trd, 4318893.243, 110
Trd, 4318894.093, 94
Trd, 4318894.393, 106
Trd, 4318895.643, 71
Trd, 4318896.043, 103
Trd, 4318896.293, 105
Trd, 4318897.543, 126
Trd, 4318897.643, 104
Trd, 4318898.193, 88
Trd, 4318898.493, 118
Trd, 4318898.893, 140
Trd, 4318899.893, 117
Trd, 4318901.793, 139
Trd, 4318902.193, 125
Trd, 4318902.243, 119
Trd, 4318902.493, 116
Trd, 4318902.993, 74
Trd, 4318903.443, 105
Trd, 4318904.843, 110
Trd, 4318904.893, 109
Trd, 4318905.393, 119
Trd, 4318905.943, 83
Trd, 4318907.493, 109
Trd, 4318908.343, 114
Trd, 4318908.443, 99
Trd, 4318909.243, 111
Trd, 4318909.593, 76
Trd, 4318910.293, 140
Trd, 4318912.043, 70
Trd, 4318914.043, 78
Trd, 4318914.393, 67
Trd, 4318914.743, 79
Trd, 4318914.893, 94
Trd, 4318915.143, 111
Trd, 4318915.593, 75
Trd, 4318916.893, 113
Trd, 4318917.193, 124
Trd, 4318917.293, 95
Trd, 4318918.043, 119
Trd, 4318919.093, 140
Trd, 4318919.243, 137
Trd, 4318920.843, 102
Trd, 4318921.943, 118
Trd, 4318923.143, 106
Trd, 4318923.343, 110
Trd, 4318924.693, 130
Trd, 4318925.443, 132
Trd, 4318925.893, 115
Trd, 4318926.743, 140
Trd, 4318927.043, 115
Trd, 4318927.643, 118
Trd, 4318927.843, 108
Trd, 4318927.943, 108
Trd, 4318928.293, 83
Trd, 4318928.843, 73
Trd, 4318930.243, 63
Trd, 4318931.143, 80
Trd, 4318931.793, 123
Trd, 4318932.743, 89
Trd, 4318933.193, 72
Trd, 4318933.593, 75
Trd, 4318934.793, 63
Trd, 4318935.143, 64
Trd, 4318937.793, 88
Trd, 4318937.943, 90
Trd, 4318938.393, 91
Trd, 4318938.793, 96
Trd, 4318938.893, 110
Trd, 4318939.443, 140
Trd, 4318940.843, 70
Trd, 4318941.693, 108
Trd, 4318943.693, 128
Trd, 4318943.893, 127
Trd, 4318945.243, 140
Trd, 4318945.443, 128
Trd, 4318945.843, 124
Trd, 4318946.043, 112
Trd, 4318947.643, 140
Trd, 4318948.493, 128
Trd, 4318948.543, 126
Trd, 4318949.543, 131
Trd, 4318949.743, 113
Trd, 4318950.193, 77
Trd, 4318950.693, 88
Trd, 4318952.093, 124
Trd, 4318953.743, 114
Trd, 4318954.193, 77
Trd, 4318954.693, 95
Trd, 4318955.293, 139
Trd, 4318955.543, 129
Trd, 4318957.443, 139
Trd, 4318958.143, 138
Trd, 4318958.643, 130
Trd, 4318958.693, 111
Trd, 4318959.143, 66
Trd, 4318959.393, 107
Trd, 4318960.093, 129
Trd, 4318960.793, 131
Trd, 4318962.543, 116
Trd, 4318962.693, 114
Trd, 4318963.643, 127
Trd, 4318963.793, 117
Trd, 4318964.043, 69
Trd, 4318964.793, 97
Trd, 4318965.943, 137
Trd, 4318966.343, 120
Trd, 4318967.643, 88
Trd, 4318967.993, 115
Trd, 4318968.443, 113
Trd, 4318968.993, 118
Trd, 4318969.243, 96
Trd, 4318969.393, 89
Trd, 4318970.843, 137
Trd, 4318972.393, 140
Trd, 4318972.843, 132
Trd, 4318973.493, 123
Trd, 4318974.743, 138
Trd, 4318975.193, 126
Trd, 4318975.543, 116
Trd, 4318975.593, 110
Trd, 4318975.793, 92
Trd, 4318976.943, 139
Trd, 4318977.193, 87
Trd, 4318977.343, 79
Trd, 4318979.643, 136
Trd, 4318979.693, 135
Trd, 4318980.793, 76
Trd, 4318982.243, 77
Trd, 4318982.393, 78
Trd, 4318982.793, 65
Trd, 4318983.043, 67
Trd, 4318983.343, 125
Trd, 4318985.593, 90
Trd, 4318985.843, 92
Trd, 4318987.543, 125
Trd, 4318987.693, 83
Trd, 4318988.243, 117
Trd, 4318989.393, 124
Trd, 4318989.643, 138
Trd, 4318990.293, 112
Trd, 4318991.293, 68
Trd, 4318991.793, 92
Trd, 4318991.943, 98
Trd, 4318992.643, 134
Trd, 4318993.343, 140
Trd, 4318994.243, 98
Trd, 4318995.043, 135
Trd, 4318995.493, 78
Trd, 4318995.593, 89
Trd, 4318996.393, 98
Trd, 4318996.893, 95
Trd, 4318997.993, 121
Trd, 4318998.343, 109
Trd, 4318999.343, 106
Trd, 4318999.993, 80
Trd, 4319000.143, 107
Trd, 4319001.043, 124
Trd, 4319002.143, 75
Trd, 4319002.943, 116
Trd, 4319005.043, 125
Trd, 4319005.543, 97
Trd, 4319005.943, 78
Trd, 4319006.443, 134
Trd, 4319007.043, 85
Trd, 4319007.243, 82
Trd, 4319008.643, 128
Trd, 4319010.293, 85
Trd, 4319010.993, 131
Trd, 4319011.943, 140
Trd, 4319012.743, 126
Trd, 4319012.843, 109
Trd, 4319013.143, 79
Trd, 4319013.593, 103
Trd, 4319015.593, 130
Trd, 4319015.843, 122
Trd, 4319016.393, 102
Trd, 4319016.493, 69
Trd, 4319018.393, 137
Trd, 4319018.543, 99
Trd, 4319018.943, 65
Trd, 4319019.993, 65
Trd, 4319020.193, 75
Trd, 4319020.443, 74
Trd, 4319020.743, 61
Trd, 4319021.893, 94
Trd, 4319022.093, 98
Trd, 4319024.093, 96
Trd, 4319024.643, 140
Trd, 4319025.293, 114
Trd, 4319026.243, 88
Trd, 4319027.043, 86
Trd, 4319027.793, 76
Trd, 4319027.893, 80
Trd, 4319028.843, 96
Trd, 4319029.893, 136
Trd, 4319030.693, 115
Trd, 4319030.743, 99
Trd, 4319032.143, 100
Trd, 4319032.543, 123
Trd, 4319034.643, 139
Trd, 4319034.793, 118
Trd, 4319034.943, 113
Trd, 4319035.093, 93
Trd, 4319035.943, 90
Trd, 4319037.243, 63
Trd, 4319037.693, 67
Trd, 4319037.943, 68
Trd, 4319038.493, 81
Trd, 4319039.193, 95
Trd, 4319040.893, 129
Trd, 4319041.043, 122
Trd, 4319041.993, 117
Trd, 4319042.143, 114
Trd, 4319042.443, 111
Trd, 4319043.043, 84
Trd, 4319043.943, 113
Trd, 4319044.393, 139
Trd, 4319045.043, 69
Trd, 4319045.543, 122
Trd, 4319047.443, 129
Trd, 4319048.943, 139
Trd, 4319049.093, 60
Trd, 4319050.643, 85
Trd, 4319050.893, 97
Trd, 4319051.293, 137
Trd, 4319051.443, 99
Trd, 4319052.293, 75
Trd, 4319053.793, 126
Trd, 4319054.093, 122
Trd, 4319054.793, 117
Trd, 4319055.443, 110
Trd, 4319055.993, 100
Trd, 4319056.693, 122
Trd, 4319057.343, 98
Trd, 4319058.293, 139
Trd, 4319058.343, 131
Trd, 4319059.143, 140
Trd, 4319059.843, 112
Trd, 4319060.543, 117
Trd, 4319062.393, 137
Trd, 4319062.493, 99
Trd, 4319063.143, 140
Trd, 4319064.643, 137
Trd, 4319064.893, 96
Trd, 4319068.043, 86
Trd, 4319068.543, 69
Trd, 4319068.943, 118
Trd, 4319069.543, 138
Trd, 4319069.943, 140
Trd, 4319071.543, 125
Trd, 4319071.743, 113
Trd, 4319072.143, 96
Trd, 4319072.543, 101
Trd, 4319073.493, 96
Trd, 4319074.293, 66
Trd, 4319075.193, 71
Trd, 4319075.943, 140
Trd, 4319076.293, 119
Trd, 4319076.943, 114
Trd, 4319077.743, 87
Trd, 4319077.893, 71
Trd, 4319078.343, 69
Trd, 4319080.493, 103
Trd, 4319080.993, 80
Trd, 4319081.443, 140
Trd, 4319082.443, 135
Trd, 4319083.393, 69
Trd, 4319083.693, 73
Trd, 4319084.793, 81
Trd, 4319086.443, 75
Trd, 4319086.743, 83
Trd, 4319087.743, 101
Trd, 4319087.893, 89
Trd, 4319088.843, 129
Trd, 4319089.743, 120
Trd, 4319089.893, 80
Trd, 4319091.793, 124
Trd, 4319091.893, 120
Trd, 4319092.293, 113
Trd, 4319093.343, 85
Trd, 4319093.593, 76
Trd, 4319093.793, 63
Trd, 4319094.293, 105
Trd, 4319095.293, 107
Trd, 4319096.543, 140
Trd, 4319096.593, 137
Trd, 4319096.693, 129
Trd, 4319098.093, 107
Trd, 4319098.593, 103
Trd, 4319100.043, 128
Trd, 4319100.443, 84
Trd, 4319101.593, 127
Trd, 4319102.593, 138
Trd, 4319103.343, 68
Trd, 4319104.093, 67
Trd, 4319104.143, 105
Trd, 4319104.793, 64
Trd, 4319105.043, 120
Trd, 4319105.543, 113
Trd, 4319106.343, 93
Trd, 4319107.943, 81
Trd, 4319108.493, 102
Trd, 4319108.993, 85
Trd, 4319109.193, 133
Trd, 4319110.243, 124
Trd, 4319110.443, 123
Trd, 4319110.893, 114
Trd, 4319111.593, 62
Trd, 4319111.993, 75
Trd, 4319112.793, 67
Trd, 4319114.293, 91
Trd, 4319114.443, 64
Trd, 4319114.793, 99
Trd, 4319115.193, 109
Trd, 4319115.593, 98
Trd, 4319115.793, 105
Trd, 4319116.793, 139
Trd, 4319117.743, 87
Trd, 4319118.143, 104
Trd, 4319118.493, 76
Trd, 4319119.193, 136
Trd, 4319120.293, 138
Trd, 4319120.443, 129
Trd, 4319121.793, 98
Trd, 4319122.893, 117
Trd, 4319123.993, 105
Trd, 4319124.093, 92
Trd, 4319124.293, 85
Trd, 4319125.193, 94
Trd, 4319126.043, 85
Trd, 4319127.043, 79
Trd, 4319127.643, 82
Trd, 4319127.693, 117
Trd, 4319129.693, 139
Trd, 4319129.743, 102
Trd, 4319130.193, 100
Trd, 4319131.093, 86
Trd, 4319131.293, 82
Trd, 4319132.143, 125
Trd, 4319132.793, 140
Trd, 4319133.393, 113
Trd, 4319134.393, 102
Trd, 4319134.843, 136
Trd, 4319135.093, 132
Trd, 4319136.893, 140
Trd, 4319137.493, 139
Trd, 4319137.743, 137
Trd, 4319137.943, 119
Trd, 4319138.193, 125
Trd, 4319138.943, 83
Trd, 4319139.393, 76
Trd, 4319141.243, 87
Trd, 4319143.343, 138
Trd, 4319144.393, 105
Trd, 4319144.493, 100
Trd, 4319144.593, 94
Trd, 4319144.743, 137
Trd, 4319144.943, 93
Trd, 4319145.743, 82
Trd, 4319146.993, 135
Trd, 4319147.293, 128
Trd, 4319148.293, 127
Trd, 4319148.893, 113
Trd, 4319149.243, 106
Trd, 4319149.543, 104
Trd, 4319149.743, 140
Trd, 4319151.243, 139
Trd, 4319152.343, 104
Trd, 4319152.443, 93
Trd, 4319153.843, 86
Trd, 4319155.143, 110
Trd, 4319155.443, 104
Trd, 4319155.593, 140
Trd, 4319156.543, 90
Trd, 4319157.343, 130
Trd, 4319157.493, 127
Trd, 4319157.793, 112
Trd, 4319158.393, 108
Trd, 4319159.043, 98
Trd, 4319161.743, 140
Trd, 4319161.843, 131
Trd, 4319162.893, 131
Trd, 4319164.093, 128
Trd, 4319164.343, 123
Trd, 4319165.843, 125
Trd, 4319166.043, 96
Trd, 4319166.693, 88
Trd, 4319167.743, 84
Trd, 4319168.293, 91
Trd, 4319168.493, 94
Trd, 4319168.593, 122
Trd, 4319169.693, 123
Trd, 4319169.993, 125
Trd, 4319170.243, 118
Trd, 4319170.543, 70
Trd, 4319171.643, 81
Trd, 4319172.443, 62
Trd, 4319173.443, 88
Trd, 4319174.543, 136
Trd, 4319175.393, 137
Trd, 4319176.043, 127
Trd, 4319176.493, 81
Trd, 4319176.643, 133
Trd, 4319177.343, 83
Trd, 4319178.993, 75
Trd, 4319180.543, 135
Trd, 4319180.643, 127
Trd, 4319180.793, 97
Trd, 4319181.143, 90
Trd, 4319181.193, 85
Trd, 4319181.993, 106
Trd, 4319182.243, 61
Trd, 4319182.643, 79
Trd, 4319183.993, 116
Trd, 4319184.593, 75
Trd, 4319185.993, 102
Trd, 4319187.693, 136
Trd, 4319187.743, 130
Trd, 4319189.093, 115
Trd, 4319189.293, 77
Trd, 4319191.143, 120
Trd, 4319191.593, 119
Trd, 4319191.943, 112
Trd, 4319192.943, 140
Trd, 4319193.343, 117
Trd, 4319194.493, 133
Trd, 4319194.693, 129
Trd, 4319194.843, 116
Trd, 4319195.593, 132
Trd, 4319195.743, 104
Trd, 4319197.343, 62
Trd, 4319197.793, 83
Trd, 4319198.193, 85
Trd, 4319198.643, 95
Trd, 4319198.893, 105
Trd, 4319200.193, 97
Trd, 4319201.393, 139
Trd, 4319201.543, 119
Trd, 4319202.643, 76
Trd, 4319202.743, 86
Trd, 4319202.993, 96
Trd, 4319203.393, 98
Trd, 4319203.743, 69
Trd, 4319204.093, 133
Trd, 4319204.543, 113
Trd, 4319204.993, 73
Trd, 4319206.493, 94
Trd, 4319206.893, 95
Trd, 4319207.493, 66
Trd, 4319208.243, 84
Trd, 4319209.243, 68
Trd, 4319209.643, 85
Trd, 4319210.443, 99
Trd, 4319211.743, 87
Trd, 4319212.693, 122
Trd, 4319213.643, 76
Trd, 4319214.093, 89
Trd, 4319214.793, 120
Trd, 4319215.493, 133
Trd, 4319215.643, 93
Trd, 4319216.143, 85
Trd, 4319216.893, 112
Trd, 4319217.243, 107
Trd, 4319218.693, 73
Trd, 4319219.893, 103
Trd, 4319220.243, 100
Trd, 4319220.593, 107
Trd, 4319220.893, 93
Trd, 4319220.943, 74
Trd, 4319221.743, 69
Trd, 4319222.543, 80
Trd, 4319222.693, 122
Trd, 4319223.843, 66
Trd, 4319225.143, 81
Trd, 4319226.193, 90
Trd, 4319226.843, 68
Trd, 4319226.943, 93
Trd, 4319227.543, 114
Trd, 4319228.443, 85
Trd, 4319228.943, 105
Trd, 4319230.693, 79
Trd, 4319231.093, 80
Trd, 4319231.143, 73
Trd, 4319231.243, 69
Trd, 4319231.543, 86
Trd, 4319231.993, 73
Trd, 4319232.393, 62
Trd, 4319232.843, 84
Trd, 4319233.993, 140
Trd, 4319235.293, 61
Trd, 4319235.593, 87
Trd, 4319236.243, 95
Trd, 4319237.293, 135
Trd, 4319237.743, 128
Trd, 4319238.343, 140
Trd, 4319239.793, 82
Trd, 4319240.093, 120
Trd, 4319240.643, 98
Trd, 4319241.343, 72
Trd, 4319241.543, 61
Trd, 4319242.293, 140
Trd, 4319244.043, 88
Trd, 4319244.493, 101
Trd, 4319245.543, 139
Trd, 4319245.793, 130
Trd, 4319246.343, 116
Trd, 4319246.743, 90
Trd, 4319247.193, 138
Trd, 4319247.693, 87
Trd, 4319248.993, 85
Trd, 4319250.493, 72
Trd, 4319250.893, 62
Trd, 4319251.893, 99
Trd, 4319252.243, 101
Trd, 4319253.193, 107
Trd, 4319253.893, 120
Trd, 4319254.043, 140
Trd, 4319254.793, 133
Trd, 4319255.993, 119
Trd, 4319256.243, 139
Trd, 4319257.093, 82
Trd, 4319257.543, 61
Trd, 4319257.643, 114
Trd, 4319258.093, 88
Trd, 4319259.343, 66
Trd, 4319259.793, 103
Trd, 4319260.393, 63
Trd, 4319261.743, 91
Trd, 4319262.193, 94
Trd, 4319263.193, 66
Trd, 4319263.543, 99
Trd, 4319264.793, 139
Trd, 4319264.943, 131
Trd, 4319266.143, 118
Trd, 4319266.393, 111
Trd, 4319266.993, 103
Trd, 4319267.343, 87
Trd, 4319267.643, 84
Trd, 4319268.293, 93
Trd, 4319269.343, 112
Trd, 4319270.993, 111
Trd, 4319271.093, 104
Trd, 4319271.243, 87
Trd, 4319271.793, 108
Trd, 4319272.443, 101
Trd, 4319273.493, 64
Trd, 4319274.193, 116
Trd, 4319275.193, 130
Trd, 4319275.893, 121
Trd, 4319276.443, 78
Trd, 4319277.393, 75
Trd, 4319277.593, 92
Trd, 4319278.893, 116
Trd, 4319279.443, 119
Trd, 4319280.393, 136
Trd, 4319281.193, 70
Trd, 4319282.243, 95
Trd, 4319282.643, 95
Trd, 4319283.343, 89
Trd, 4319283.843, 140
Trd, 4319283.943, 90
Trd, 4319285.293, 72
Trd, 4319286.043, 125
Trd, 4319286.143, 83
Trd, 4319286.993, 140
Trd, 4319287.093, 88
Trd, 4319288.343, 91
Trd, 4319288.493, 95
Trd, 4319288.543, 122
Trd, 4319289.343, 87
Trd, 4319289.543, 107
Trd, 4319289.693, 79
Trd, 4319291.243, 107
Trd, 4319292.093, 128
Trd, 4319292.293, 100
Trd, 4319294.393, 66
Trd, 4319295.593, 73
Trd, 4319295.693, 97
Trd, 4319295.843, 71
Trd, 4319296.893, 110
Trd, 4319296.993, 103
Trd, 4319297.993, 111
Trd, 4319298.143, 108
Trd, 4319299.243, 136
Trd, 4319300.893, 119
Trd, 4319301.143, 91
Trd, 4319301.443, 101
Trd, 4319301.843, 102
Trd, 4319301.943, 116
Trd, 4319303.093, 116
Trd, 4319304.643, 124
Trd, 4319305.143, 80
Trd, 4319305.543, 89
Trd, 4319306.093, 120
Trd, 4319306.643, 100
Trd, 4319306.893, 110
Trd, 4319307.343, 111
Trd, 4319307.943, 90
Trd, 4319309.043, 110
Trd, 4319309.643, 64
Trd, 4319310.043, 85
Trd, 4319310.693, 62
Trd, 4319311.343, 73
Trd, 4319312.143, 62
Trd, 4319313.493, 113
Trd, 4319313.743, 89
Trd, 4319314.043, 60
Trd, 4319314.343, 120
Trd, 4319314.393, 67
Trd, 4319316.143, 124
Trd, 4319316.693, 137
Trd, 4319317.443, 107
Trd, 4319317.993, 96
Trd, 4319319.843, 89
Trd, 4319320.993, 105
Trd, 4319322.293, 128
Trd, 4319322.843, 85
Trd, 4319323.393, 96
Trd, 4319323.693, 66
Trd, 4319324.243, 120
Trd, 4319324.793, 68
Trd, 4319325.243, 102
Trd, 4319326.143, 138
Trd, 4319326.493, 74
Trd, 4319326.743, 67
Trd, 4319326.893, 84
Trd, 4319327.743, 74
Trd, 4319328.993, 61
Trd, 4319330.993, 76
Trd, 4319331.743, 91
Trd, 4319332.643, 118
Trd, 4319333.143, 126
Trd, 4319333.293, 117
Trd, 4319333.793, 85
Trd, 4319333.993, 133
Trd, 4319334.943, 112
Trd, 4319336.243, 140
Trd, 4319336.393, 118
Trd, 4319336.843, 115
Trd, 4319337.043, 81
Trd, 4319337.993, 80
Trd, 4319338.543, 61
Trd, 4319339.143, 85
Trd, 4319339.793, 82
Trd, 4319342.043, 139
Trd, 4319342.093, 117
Trd, 4319342.893, 130
Trd, 4319343.693, 108
Trd, 4319345.493, 139
Trd, 4319345.543, 132
Trd, 4319345.643, 130
Trd, 4319345.843, 86
Trd, 4319346.943, 72
Trd, 4319347.693, 107
Trd, 4319350.093, 140
Trd, 4319350.643, 117
Trd, 4319350.843, 91
Trd, 4319351.443, 94
Trd, 4319352.443, 127
Trd, 4319353.043, 126
Trd, 4319353.493, 121
Trd, 4319353.543, 87
Trd, 4319355.543, 121
Trd, 4319356.493, 139
Trd, 4319356.893, 124
Trd, 4319356.943, 100
Trd, 4319358.093, 139
Trd, 4319358.793, 130
Trd, 4319358.943, 71
Trd, 4319359.693, 117
Trd, 4319361.593, 140
Trd, 4319361.743, 111
Trd, 4319361.843, 121
Trd, 4319362.993, 110
Trd, 4319363.543, 83
Trd, 4319363.693, 81
Trd, 4319364.143, 84
Trd, 4319364.293, 77
Trd, 4319364.493, 89
Trd, 4319364.843, 68
Trd, 4319366.743, 96
Trd, 4319366.943, 90
Trd, 4319368.143, 124
Trd, 4319368.593, 106
Trd, 4319368.793, 124
Trd, 4319369.543, 140
Trd, 4319370.093, 98
Trd, 4319371.193, 133
Trd, 4319372.393, 128
Trd, 4319372.793, 103
Trd, 4319373.293, 103
Trd, 4319373.743, 113
Trd, 4319374.493, 133
Trd, 4319374.843, 80
Trd, 4319375.243, 140
Trd, 4319376.993, 99
Trd, 4319377.143, 90
Trd, 4319377.893, 115
Trd, 4319378.143, 82
Trd, 4319379.993, 113
Trd, 4319380.693, 111
Trd, 4319380.743, 95
Trd, 4319382.093, 114
Trd, 4319382.693, 101
Trd, 4319383.143, 120
Trd, 4319383.843, 140
Trd, 4319384.043, 131
Trd, 4319384.293, 98
Trd, 4319385.043, 117
Trd, 4319385.843, 132
Trd, 4319386.893, 140
Trd, 4319388.043, 127
Trd, 4319388.943, 135
Trd, 4319389.243, 125
Trd, 4319390.443, 105
Trd, 4319390.943, 110
Trd, 4319391.843, 76
Trd, 4319392.443, 96
Trd, 4319392.643, 131
Trd, 4319393.693, 114
Trd, 4319394.193, 83
Trd, 4319394.493, 77
Trd, 4319395.943, 139
Trd, 4319397.143, 108
Trd, 4319397.393, 125
Trd, 4319397.443, 107
Trd, 4319397.893, 135
Trd, 4319400.293, 69
Trd, 4319401.043, 139
Trd, 4319401.143, 114
Trd, 4319401.543, 106
Trd, 4319402.093, 76
Trd, 4319402.343, 107
Trd, 4319403.343, 88
Trd, 4319403.743, 84
Trd, 4319404.493, 86
Trd, 4319404.743, 67
Trd, 4319405.543, 97
Trd, 4319406.043, 68
Trd, 4319406.093, 76
Trd, 4319406.543, 91
Trd, 4319408.593, 136
Trd, 4319408.793, 120
Trd, 4319410.143, 123
Trd, 4319410.243, 91
Trd, 4319411.143, 106
Trd, 4319411.943, 139
Trd, 4319412.893, 120
Trd, 4319413.593, 72
Trd, 4319414.043, 66
Trd, 4319414.243, 77
Trd, 4319415.093, 113
Trd, 4319416.693, 112
Trd, 4319417.193, 81
Trd, 4319417.243, 70
Trd, 4319417.493, 77
Trd, 4319417.993, 139
Trd, 4319418.693, 78
Trd, 4319419.593, 118
Trd, 4319420.543, 115
Trd, 4319422.143, 120
Trd, 4319423.293, 95
Trd, 4319424.143, 119
Trd, 4319424.493, 138
Trd, 4319424.793, 103
Trd, 4319425.243, 98
Trd, 4319425.693, 110
Trd, 4319426.393, 102
Trd, 4319426.993, 98
Trd, 4319427.493, 124
Trd, 4319428.243, 103
Trd, 4319428.643, 114
Trd, 4319429.543, 138
Trd, 4319430.643, 109
Trd, 4319430.793, 77
Trd, 4319431.093, 86
Trd, 4319433.343, 135
Trd, 4319433.893, 88
Trd, 4319434.293, 87
Trd, 4319434.843, 92
Trd, 4319434.893, 108
Trd, 4319436.143, 92
Trd, 4319436.343, 89
Trd, 4319437.293, 137
Trd, 4319437.393, 122
Trd, 4319437.643, 94
Trd, 4319439.793, 113
Trd, 4319440.143, 99
Trd, 4319440.243, 90
Trd, 4319440.993, 140
Trd, 4319441.193, 89
Trd, 4319442.243, 60
Trd, 4319443.343, 78
Trd, 4319443.493, 100
Trd, 4319444.193, 69
Trd, 4319445.143, 64
Trd, 4319445.343, 96
Trd, 4319445.993, 130
Trd, 4319447.593, 81
Trd, 4319447.843, 121
Trd, 4319449.093, 97
Trd, 4319449.143, 109
Trd, 4319449.243, 87
Trd, 4319449.393, 86
Trd, 4319450.443, 120
Trd, 4319451.243, 88
Trd, 4319453.343, 95
Trd, 4319453.543, 96
Trd, 4319453.643, 90
Trd, 4319453.993, 111
Trd, 4319456.093, 119
Trd, 4319456.443, 94
Trd, 4319457.093, 67
Trd, 4319457.793, 75
Trd, 4319457.993, 72
Trd, 4319459.893, 117
Trd, 4319460.293, 133
Trd, 4319461.243, 140
Trd, 4319462.443, 128
Trd, 4319462.543, 115
Trd, 4319463.043, 106
Trd, 4319463.543, 99
Trd, 4319464.093, 93
Trd, 4319464.743, 91
Trd, 4319465.543, 119
Trd, 4319466.043, 132
Trd, 4319467.493, 139
Trd, 4319468.193, 114
Trd, 4319468.593, 136
Trd, 4319470.043, 68
Trd, 4319470.743, 60
Trd, 4319471.843, 85
Trd, 4319471.993, 111
Trd, 4319472.293, 139
Trd, 4319472.643, 91
Trd, 4319472.693, 87
Trd, 4319473.593, 136
Trd, 4319475.943, 74
Trd, 4319476.143, 91
Trd, 4319476.693, 134
Trd, 4319476.993, 96
Trd, 4319477.693, 72
Trd, 4319477.993, 83
Trd, 4319478.393, 60
Trd, 4319479.543, 130
Trd, 4319479.743, 100
Trd, 4319481.043, 80
Trd, 4319481.593, 95
Trd, 4319482.243, 60
Trd, 4319482.643, 72
Trd, 4319482.793, 105
Trd, 4319483.193, 60
Trd, 4319483.743, 96
Trd, 4319484.293, 78
Trd, 4319484.793, 101
Trd, 4319485.343, 111
Trd, 4319486.743, 133
Trd, 4319487.893, 101
Trd, 4319488.543, 87
Trd, 4319488.643, 70
Trd, 4319488.743, 96
Trd, 4319490.793, 63
Trd, 4319490.893, 115
Trd, 4319491.293, 133
Trd, 4319493.643, 111
Trd, 4319494.193, 87
Trd, 4319496.193, 136
Trd, 4319496.443, 138
Trd, 4319497.043, 119
Trd, 4319497.893, 66
Trd, 4319498.543, 129
Trd, 4319498.643, 93
Trd, 4319499.043, 110
Trd, 4319499.343, 76
Trd, 4319501.693, 93
Trd, 4319501.993, 106
Trd, 4319502.243, 75
Trd, 4319502.543, 116
Trd, 4319502.943, 120
Trd, 4319504.693, 62
Trd, 4319505.243, 78
Trd, 4319505.943, 101
Trd, 4319506.693, 93
Trd, 4319506.943, 121
Trd, 4319509.993, 140
Trd, 4319510.093, 91
Trd, 4319510.393, 119
Trd, 4319511.093, 140
Trd, 4319512.243, 117
Trd, 4319512.793, 102
Trd, 4319513.143, 98
Trd, 4319513.493, 81
Trd, 4319513.993, 133
Trd, 4319515.893, 108
Trd, 4319516.043, 83
Trd, 4319516.593, 99
Trd, 4319517.243, 105
Trd, 4319517.493, 85
Trd, 4319517.543, 77
Trd, 4319518.943, 87
Trd, 4319519.343, 109
Trd, 4319519.743, 73
Trd, 4319520.043, 98
Trd, 4319520.993, 117
Trd, 4319522.093, 92
Trd, 4319522.593, 79
Trd, 4319523.293, 140
Trd, 4319526.243, 127
Trd, 4319526.393, 115
Trd, 4319526.843, 94
Trd, 4319527.243, 110
Trd, 4319528.143, 82
Trd, 4319528.193, 70
Trd, 4319528.893, 111
Trd, 4319529.943, 92
Trd, 4319530.193, 83
Trd, 4319530.593, 126
Trd, 4319530.943, 83
Trd, 4319531.493, 139
Trd, 4319532.543, 81
Trd, 4319532.893, 112
Trd, 4319533.443, 63
Trd, 4319534.393, 80
Trd, 4319535.393, 140
Trd, 4319536.343, 86
Trd, 4319537.893, 92
Trd, 4319538.443, 95
Trd, 4319538.693, 71
Trd, 4319539.593, 133
Trd, 4319540.093, 80
Trd, 4319540.443, 140
Trd, 4319540.743, 62
Trd, 4319541.893, 66
Trd, 4319542.593, 85
Trd, 4319543.193, 99
Trd, 4319543.243, 97
Trd, 4319543.993, 81
Trd, 4319544.493, 100
Trd, 4319544.843, 64
Trd, 4319544.993, 110
Trd, 4319546.993, 122
Trd, 4319547.493, 128
Trd, 4319547.993, 140
Trd, 4319548.393, 109
Trd, 4319549.243, 139
Trd, 4319550.543, 62
Trd, 4319551.393, 117
Trd, 4319551.893, 93
Trd, 4319552.343, 84
Trd, 4319552.693, 140
Trd, 4319553.993, 81
Trd, 4319554.193, 88
Trd, 4319554.593, 89
Trd, 4319554.843, 103
Trd, 4319554.943, 140
Trd, 4319556.293, 60
Trd, 4319556.893, 83
Trd, 4319556.943, 87
Trd, 4319557.543, 82
Trd, 4319558.393, 66
Trd, 4319559.543, 131
Trd, 4319559.743, 107
Trd, 4319560.843, 78
Trd, 4319561.843, 70
Trd, 4319562.543, 87
Trd, 4319562.893, 129
Trd, 4319563.693, 110
Trd, 4319564.343, 96
Trd, 4319564.893, 137
Trd, 4319565.243, 113
Trd, 4319566.843, 137
Trd, 4319567.193, 123
Trd, 4319568.393, 132
Trd, 4319568.793, 100
Trd, 4319569.193, 77
Trd, 4319569.543, 130
Trd, 4319569.993, 89
Trd, 4319570.893, 91
Trd, 4319571.643, 139
Trd, 4319572.843, 94
Trd, 4319573.343, 90
Trd, 4319574.743, 139
Trd, 4319575.443, 135
Trd, 4319575.643, 119
Trd, 4319575.893, 90
Trd, 4319576.093, 81
Trd, 4319576.193, 137
Trd, 4319577.493, 124
Trd, 4319577.693, 81
Trd, 4319578.243, 93
Trd, 4319578.993, 139
Trd, 4319580.043, 128
Trd, 4319580.893, 85
Trd, 4319581.393, 131
Trd, 4319582.243, 120
Trd, 4319583.143, 66
Trd, 4319584.093, 140
Trd, 4319584.243, 115
Trd, 4319584.843, 83
Trd, 4319586.193, 127
Trd, 4319586.743, 108
Trd, 4319586.993, 91
Trd, 4319588.143, 98
Trd, 4319588.543, 76
Trd, 4319588.793, 123
Trd, 4319590.143, 117
Trd, 4319590.943, 66
Trd, 4319591.393, 102
Trd, 4319592.343, 137
Trd, 4319592.693, 106
Trd, 4319593.343, 122
Trd, 4319594.443, 118
Trd, 4319594.793, 122
Trd, 4319594.843, 94
Trd, 4319595.343, 87
Trd, 4319595.593, 78
Trd, 4319595.743, 99
Trd, 4319597.543, 140
Trd, 4319599.193, 132
Trd, 4319599.743, 99
Trd, 4319600.093, 98
Trd, 4319600.743, 138
Trd, 4319601.943, 118
Trd, 4319602.243, 115
Trd, 4319602.493, 113
Trd, 4319603.593, 113
Trd, 4319604.293, 98
Trd, 4319605.043, 108
Trd, 4319605.193, 139
Trd, 4319605.493, 86
Trd, 4319605.843, 114
Trd, 4319606.693, 107
Trd, 4319607.143, 93
Trd, 4319608.243, 114
Trd, 4319608.843, 103
Trd, 4319608.993, 79
Trd, 4319609.593, 69
Trd, 4319609.743, 113
Trd, 4319611.393, 130
Trd, 4319612.193, 99
Trd, 4319614.093, 104
Trd, 4319614.343, 93
Trd, 4319615.393, 116
Trd, 4319617.443, 117
Trd, 4319617.793, 109
Trd, 4319617.943, 134
Trd, 4319618.143, 102
Trd, 4319618.193, 100
Trd, 4319618.793, 87
Trd, 4319619.743, 72
Trd, 4319620.043, 63
Trd, 4319620.543, 112
Trd, 4319621.143, 67
Trd, 4319621.593, 140
Trd, 4319622.143, 92
Trd, 4319623.193, 126
Trd, 4319623.243, 70
Trd, 4319623.493, 66
Trd, 4319625.493, 99
Trd, 4319625.743, 73
Trd, 4319625.993, 69
Trd, 4319626.993, 60
Trd, 4319627.343, 129
Trd, 4319627.443, 74
Trd, 4319628.843, 139
Trd, 4319629.793, 91
Trd, 4319630.293, 87
Trd, 4319630.793, 79
Trd, 4319632.493, 99
Trd, 4319632.543, 90
Trd, 4319632.893, 63
Trd, 4319633.893, 60
Trd, 4319634.393, 139
Trd, 4319635.843, 120
Trd, 4319636.393, 97
Trd, 4319636.843, 123
Trd, 4319637.493, 123
Trd, 4319638.293, 73
Trd, 4319639.043, 78
Trd, 4319640.443, 64
Trd, 4319640.593, 76
Trd, 4319641.243, 69
Trd, 4319641.843, 69
Trd, 4319643.643, 100
Trd, 4319644.193, 74
Trd, 4319645.443, 94
Trd, 4319645.543, 74
Trd, 4319646.093, 94
Trd, 4319646.893, 91
Trd, 4319649.343, 125
Trd, 4319649.943, 129
Trd, 4319650.643, 137
Trd, 4319651.293, 134
Trd, 4319652.893, 115
Trd, 4319653.593, 87
Trd, 4319653.943, 113
Trd, 4319654.393, 86
Trd, 4319654.543, 115
Trd, 4319654.643, 81
Trd, 4319655.893, 64
Trd, 4319656.643, 80
Trd, 4319657.443, 90
Trd, 4319657.993, 96
Trd, 4319658.293, 80
Trd, 4319658.893, 99
Trd, 4319659.243, 71
Trd, 4319659.593, 132
Trd, 4319660.843, 72
Trd, 4319660.893, 69
Trd, 4319660.993, 131
Trd, 4319661.543, 89
Trd, 4319662.343, 74
Trd, 4319662.743, 122
Trd, 4319663.543, 75
Trd, 4319663.893, 60
Trd, 4319665.543, 140
Trd, 4319666.993, 97
Trd, 4319667.643, 128
Trd, 4319668.393, 96
Trd, 4319669.143, 95
Trd, 4319669.593, 93
Trd, 4319670.043, 135
Trd, 4319670.743, 97
Trd, 4319671.393, 65
Trd, 4319671.843, 101
Trd, 4319672.193, 71
Trd, 4319672.943, 105
Trd, 4319674.093, 132
Trd, 4319674.443, 118
Trd, 4319675.143, 95
Trd, 4319675.193, 84
Trd, 4319675.243, 80
Trd, 4319676.593, 140
Trd, 4319677.143, 95
Trd, 4319677.343, 81
Trd, 4319678.343, 108
Trd, 4319679.443, 100
Trd, 4319681.193, 122
Trd, 4319681.893, 100
Trd, 4319683.793, 137
Trd, 4319683.843, 123
Trd, 4319684.493, 135
Trd, 4319684.643, 113
Trd, 4319685.043, 122
Trd, 4319686.093, 139
Trd, 4319686.143, 110
Trd, 4319686.543, 108
Trd, 4319687.743, 106
Trd, 4319688.343, 89
Trd, 4319689.793, 86
Trd, 4319690.643, 90
Trd, 4319690.743, 77
Trd, 4319691.543, 93
Trd, 4319691.643, 73
Trd, 4319692.293, 66
Trd, 4319693.393, 79
Trd, 4319693.843, 112
Trd, 4319694.543, 71
Trd, 4319695.293, 140
Trd, 4319696.043, 130
Trd, 4319696.443, 140
Trd, 4319696.943, 98
Trd, 4319697.343, 88
Trd, 4319698.543, 118
Trd, 4319699.193, 109
Trd, 4319699.243, 69
Trd, 4319700.293, 140
Trd, 4319701.143, 123
Trd, 4319702.243, 93
Trd, 4319702.543, 129
Trd, 4319702.843, 121
Trd, 4319703.343, 101
Trd, 4319704.093, 91
Trd, 4319704.993, 94
Trd, 4319705.493, 124
Trd, 4319705.693, 72
Trd, 4319707.393, 61
Trd, 4319707.543, 61
Trd, 4319707.693, 96
Trd, 4319709.343, 81
Trd, 4319709.493, 101
Trd, 4319710.543, 92
Trd, 4319710.743, 93
Trd, 4319710.893, 78
Trd, 4319712.093, 140
Trd, 4319712.443, 132
Trd, 4319712.743, 66
Trd, 4319713.693, 80
Trd, 4319715.293, 116
Trd, 4319716.743, 103
Trd, 4319716.893, 90
Trd, 4319717.143, 91
Trd, 4319717.293, 79
Trd, 4319717.543, 112
Trd, 4319718.093, 71
Trd, 4319719.943, 72
Trd, 4319720.293, 127
Trd, 4319720.693, 129
Trd, 4319721.193, 115
Trd, 4319722.243, 135
Trd, 4319723.343, 109
Trd, 4319723.793, 88
Trd, 4319725.143, 138
Trd, 4319725.593, 138
Trd, 4319725.693, 116
Trd, 4319726.143, 131
Trd, 4319726.443, 111
Trd, 4319726.793, 110
Trd, 4319727.093, 132
Trd, 4319727.593, 110
Trd, 4319728.243, 92
Trd, 4319729.643, 79
Trd, 4319730.643, 74
Trd, 4319731.043, 86
Trd, 4319732.393, 110
Trd, 4319732.643, 103
Trd, 4319733.443, 135
Trd, 4319733.793, 72
Trd, 4319735.143, 101
Trd, 4319737.193, 105
Trd, 4319737.493, 68
Trd, 4319738.793, 139
Trd, 4319739.043, 134
Trd, 4319739.793, 118
Trd, 4319740.393, 134
Trd, 4319741.343, 119
Trd, 4319742.243, 111
Trd, 4319742.393, 79
Trd, 4319744.143, 137
Trd, 4319744.543, 115
Trd, 4319744.793, 105
Trd, 4319745.193, 89
Trd, 4319746.093, 75
Trd, 4319746.393, 64
Trd, 4319747.243, 106
Trd, 4319748.093, 128
Trd, 4319750.193, 113
Trd, 4319750.243, 105
Trd, 4319750.693, 82
Trd, 4319751.093, 139
Trd, 4319752.043, 119
Trd, 4319752.343, 107
Trd, 4319753.043, 96
Trd, 4319753.593, 103
Trd, 4319755.243, 140
Trd, 4319756.143, 123
Trd, 4319756.793, 135
Trd, 4319756.843, 102
Trd, 4319758.093, 103
Trd, 4319758.543, 119
Trd, 4319758.743, 125
Trd, 4319759.143, 109
Trd, 4319759.743, 93
Trd, 4319760.043, 125
Trd, 4319760.693, 75
Trd, 4319761.043, 128
Trd, 4319761.743, 107
Trd, 4319762.093, 99
Trd, 4319762.943, 87
Trd, 4319763.993, 78
Trd, 4319765.143, 132
Trd, 4319766.743, 139
Trd, 4319766.893, 92
Trd, 4319767.443, 132
Trd, 4319767.793, 111
Trd, 4319768.893, 77
Trd, 4319769.043, 97
Trd, 4319769.843, 75
Trd, 4319769.993, 77
Trd, 4319770.093, 86
Trd, 4319771.493, 90
Trd, 4319773.693, 139
Trd, 4319773.843, 133
Trd, 4319773.943, 93
Trd, 4319774.893, 87
Trd, 4319775.243, 136
Trd, 4319776.393, 94
Trd, 4319776.943, 120
Trd, 4319777.093, 116
Trd, 4319777.743, 124
Trd, 4319778.093, 111
Trd, 4319779.643, 113
Trd, 4319780.243, 61
Trd, 4319780.793, 70
Trd, 4319781.193, 119
Trd, 4319781.743, 118
Trd, 4319782.543, 122
Trd, 4319784.343, 107
Trd, 4319784.543, 99
Trd, 4319784.693, 115
Trd, 4319785.393, 109
Trd, 4319786.093, 89
Trd, 4319786.393, 106
Trd, 4319787.593, 100
Trd, 4319787.943, 98
Trd, 4319788.193, 128
Trd, 4319788.343, 97
Trd, 4319789.043, 97
Trd, 4319789.643, 92
Trd, 4319791.243, 117
Trd, 4319791.793, 117
Trd, 4319792.693, 140
Trd, 4319792.893, 134
Trd, 4319793.093, 99
Trd, 4319793.693, 63
Trd, 4319794.743, 71
Trd, 4319794.793, 88
Trd, 4319795.793, 140
Trd, 4319795.993, 140
Trd, 4319796.893, 101
Trd, 4319797.593, 122
Trd, 4319797.943, 139
Trd, 4319798.143, 84
Trd, 4319800.093, 78
Trd, 4319800.143, 73
Trd, 4319801.293, 131
Trd, 4319801.893, 102
Trd, 4319803.443, 133
Trd, 4319804.043, 135
Trd, 4319804.443, 130
Trd, 4319804.593, 83
Trd, 4319804.843, 61
Trd, 4319806.243, 101
Trd, 4319806.543, 69
Trd, 4319807.443, 72
Trd, 4319808.143, 124
Trd, 4319808.393, 113
Trd, 4319809.243, 140
Trd, 4319809.793, 124
Trd, 4319809.893, 123
Trd, 4319810.543, 75
Trd, 4319811.243, 95
Trd, 4319813.043, 65
Trd, 4319813.193, 85
Trd, 4319813.843, 97
Trd, 4319814.793, 102
Trd, 4319815.343, 82
Trd, 4319815.443, 87
Trd, 4319815.493, 101
Trd, 4319816.093, 68
Trd, 4319817.143, 140
Trd, 4319817.243, 89
Trd, 4319818.343, 129
Trd, 4319818.393, 67
Trd, 4319819.193, 68
Trd, 4319820.443, 94
Trd, 4319820.893, 139
Trd, 4319821.243, 98
Trd, 4319821.693, 125
Trd, 4319822.043, 113
Trd, 4319823.343, 140
Trd, 4319823.593, 84
Trd, 4319823.693, 65
Trd, 4319825.843, 98
Trd, 4319826.043, 96
Trd, 4319826.193, 111
Trd, 4319826.893, 97
Trd, 4319827.043, 97
Trd, 4319827.493, 102
Trd, 4319828.043, 116
Trd, 4319830.043, 92
Trd, 4319831.043, 121
Trd, 4319831.693, 122
Trd, 4319832.293, 62
Trd, 4319832.943, 140
Trd, 4319833.193, 121
Trd, 4319833.343, 120
Trd, 4319833.443, 80
Trd, 4319833.793, 126
Trd, 4319833.893, 99
Trd, 4319835.343, 114
Trd, 4319835.793, 62
Trd, 4319836.393, 75
Trd, 4319837.343, 77
Trd, 4319837.493, 80
Trd, 4319837.693, 120
Trd, 4319839.243, 60
Trd, 4319840.793, 63
Trd, 4319841.293, 107
Trd, 4319841.543, 76
Trd, 4319842.843, 96
Trd, 4319843.593, 140
Trd, 4319843.893, 132
Trd, 4319845.143, 87
Trd, 4319845.443, 134
Trd, 4319845.543, 93
Trd, 4319847.143, 89
Trd, 4319847.743, 92
Trd, 4319847.793, 97
Trd, 4319848.093, 76
Trd, 4319849.093, 137
Trd, 4319849.143, 132
Trd, 4319850.193, 129
Trd, 4319850.593, 111
Trd, 4319851.493, 101
Trd, 4319853.343, 138
Trd, 4319853.493, 94
Trd, 4319853.893, 71
Trd, 4319854.143, 104
Trd, 4319855.693, 139
Trd, 4319855.793, 121
Trd, 4319856.243, 100
Trd, 4319856.743, 62
Trd, 4319857.393, 82
Trd, 4319857.993, 71
Trd, 4319858.293, 65
Trd, 4319859.743, 70
Trd, 4319860.243, 75
Trd, 4319861.143, 119
Trd, 4319862.643, 138
Trd, 4319862.693, 114
Trd, 4319862.743, 86
Trd, 4319863.093, 98
Trd, 4319864.893, 133
Trd, 4319865.393, 115
Trd, 4319867.293, 123
Trd, 4319867.443, 96
Trd, 4319867.593, 94
Trd, 4319868.743, 132
Trd, 4319869.393, 128
Trd, 4319869.643, 97
Trd, 4319870.243, 134
Trd, 4319870.343, 122
Trd, 4319871.543, 114
Trd, 4319872.043, 140
Trd, 4319872.993, 62
Trd, 4319874.093, 69
Trd, 4319874.993, 71
Trd, 4319875.043, 71
Trd, 4319876.643, 61
Trd, 4319876.793, 70
Trd, 4319877.543, 99
Trd, 4319878.093, 136
Trd, 4319879.293, 128
Trd, 4319879.593, 140
Trd, 4319880.393, 60
Trd, 4319880.993, 137
Trd, 4319881.493, 121
Trd, 4319881.743, 118
Trd, 4319883.893, 135
Trd, 4319885.743, 140
Trd, 4319886.443, 137
Trd, 4319886.493, 117
Trd, 4319887.193, 97
Trd, 4319887.693, 124
Trd, 4319888.343, 116
Trd, 4319888.943, 88
Trd, 4319889.393, 116
Trd, 4319890.843, 91
Trd, 4319891.443, 85
Trd, 4319892.043, 131
Trd, 4319893.043, 140
Trd, 4319893.343, 99
Trd, 4319894.493, 72
Trd, 4319895.093, 102
Trd, 4319895.493, 60
Trd, 4319895.543, 61
Trd, 4319895.843, 123
Trd, 4319896.343, 70
Trd, 4319897.693, 67
Trd, 4319898.843, 82
Trd, 4319899.343, 120
Trd, 4319899.793, 106
Trd, 4319900.293, 83
Trd, 4319900.543, 124
Trd, 4319901.243, 140
Trd, 4319902.193, 130
Trd, 4319903.443, 120
Trd, 4319903.593, 115
Trd, 4319905.893, 114
Trd, 4319906.993, 132
Trd, 4319907.443, 130
Trd, 4319907.893, 126
Trd, 4319909.243, 109
Trd, 4319909.293, 120
Trd, 4319910.043, 105
Trd, 4319910.293, 97
Trd, 4319910.693, 124
Trd, 4319910.793, 114
Trd, 4319911.743, 110
Trd, 4319912.443, 69
Trd, 4319913.193, 137
Trd, 4319914.193, 106
Trd, 4319916.143, 101
Trd, 4319916.193, 94
Trd, 4319917.293, 114
Trd, 4319917.393, 96
Trd, 4319917.543, 89
Trd, 4319918.543, 67
Trd, 4319919.143, 140
Trd, 4319919.793, 96
Trd, 4319922.243, 103
Trd, 4319922.493, 110
Trd, 4319923.543, 135
Trd, 4319924.243, 84
Trd, 4319924.343, 138
Trd, 4319924.843, 116
Trd, 4319925.993, 71
Trd, 4319926.143, 61
Trd, 4319927.393, 92
Trd, 4319927.943, 62
Trd, 4319928.693, 64
Trd, 4319929.393, 70
Trd, 4319929.593, 90
Trd, 4319929.893, 101
Trd, 4319930.843, 119
Trd, 4319931.293, 111
Trd, 4319931.943, 91
Trd, 4319932.843, 64
Trd, 4319933.443, 63
Trd, 4319933.843, 83
Trd, 4319935.043, 79
Trd, 4319935.393, 70
Trd, 4319935.543, 80
Trd, 4319935.593, 115
Trd, 4319936.243, 78
Trd, 4319936.593, 61
Trd, 4319937.543, 103
Trd, 4319938.893, 74
Trd, 4319940.043, 122
Trd, 4319940.893, 76
Trd, 4319941.043, 73
Trd, 4319942.043, 98
Trd, 4319942.593, 121
Trd, 4319943.343, 108
Trd, 4319944.243, 140
Trd, 4319944.343, 128
Trd, 4319944.393, 102
Trd, 4319944.843, 78
Trd, 4319945.843, 140
Trd, 4319946.293, 74
Trd, 4319947.193, 74
Trd, 4319948.043, 103
Trd, 4319948.993, 70
Trd, 4319949.443, 60
Trd, 4319949.493, 70
Trd, 4319950.143, 97
Trd, 4319951.093, 124
Trd, 4319951.143, 94
Trd, 4319951.293, 95
Trd, 4319951.743, 80
Trd, 4319951.943, 121
Trd, 4319953.843, 61
Trd, 4319954.643, 61
Trd, 4319955.393, 95
Trd, 4319955.993, 104
Trd, 4319956.593, 118
Trd, 4319958.293, 83
Trd, 4319959.193, 116
Trd, 4319959.593, 113
Trd, 4319959.893, 132
Trd, 4319961.293, 125
Trd, 4319963.293, 139
Trd, 4319963.393, 128
Trd, 4319963.593, 115
Trd, 4319964.243, 140
Trd, 4319964.993, 116
Trd, 4319965.393, 104
Trd, 4319966.243, 75
Trd, 4319966.743, 74
Trd, 4319967.493, 117
Trd, 4319968.343, 76
Trd, 4319970.293, 140
Trd, 4319970.643, 132
Trd, 4319970.893, 132
Trd, 4319971.543, 100
Trd, 4319971.593, 90
Trd, 4319973.643, 110
Trd, 4319973.893, 104
Trd, 4319974.943, 139
Trd, 4319975.743, 135
Trd, 4319976.043, 121
Trd, 4319976.293, 96
Trd, 4319976.593, 89
Trd, 4319976.893, 81
Trd, 4319978.093, 110
Trd, 4319978.843, 60
Trd, 4319979.293, 71
Trd, 4319979.593, 75
Trd, 4319980.843, 77
Trd, 4319981.743, 136
Trd, 4319983.693, 65
Trd, 4319984.693, 61
Trd, 4319985.393, 73
Trd, 4319985.743, 102
Trd, 4319986.043, 110
Trd, 4319987.093, 79
Trd, 4319988.543, 99
Trd, 4319989.043, 91
Trd, 4319989.143, 115
Trd, 4319989.743, 139
Trd, 4319990.993, 131
Trd, 4319991.643, 126
Trd, 4319992.843, 125
Trd, 4319993.243, 106
Trd, 4319994.243, 84
Trd, 4319995.293, 94
Trd, 4319995.693, 140
Trd, 4319997.243, 133
Trd, 4319997.543, 94
Trd, 4319998.393, 119
