Trd, 4318086.793, 113
Trd, 4318087.143, 112
Trd, 4318088.093, 123
Trd, 4318088.693, 130
Trd, 4318089.493, 114
Trd, 4318090.443, 126
Trd, 4318091.243, 133
Trd, 4318091.543, 134
Trd, 4318091.643, 126
Trd, 4318092.593, 118
Trd, 4318095.643, 104
Trd, 4318096.343, 112
Trd, 4318096.993, 112
Trd, 4318097.043, 105
Trd, 4318097.193, 113
Trd, 4318098.193, 91
Trd, 4318099.143, 88
Trd, 4318099.893, 103
Trd, 4318101.493, 129
Trd, 4318101.843, 121
Trd, 4318102.693, 129
Trd, 4318103.693, 140
Trd, 4318103.793, 118
Trd, 4318103.943, 110
Trd, 4318105.443, 97
Trd, 4318105.943, 112
Trd, 4318106.793, 134
Trd, 4318108.343, 130
Trd, 4318108.493, 116
Trd, 4318109.443, 140
Trd, 4318109.493, 96
Trd, 4318110.943, 133
Trd, 4318111.393, 63
Trd, 4318112.193, 65
Trd, 4318112.643, 112
Trd, 4318115.093, 105
Trd, 4318116.643, 105
Trd, 4318117.043, 100
Trd, 4318117.093, 100
Trd, 4318118.843, 130
Trd, 4318119.293, 127
Trd, 4318120.893, 129
Trd, 4318120.943, 101
Trd, 4318121.993, 95
Trd, 4318122.843, 106
Trd, 4318123.493, 119
Trd, 4318124.143, 72
Trd, 4318124.643, 112
Trd, 4318124.943, 88
Trd, 4318125.543, 128
Trd, 4318126.893, 65
Trd, 4318127.793, 77
Trd, 4318128.293, 102
Trd, 4318128.843, 109
Trd, 4318128.893, 121
Trd, 4318130.143, 78
Trd, 4318130.693, 119
Trd, 4318131.593, 129
Trd, 4318131.643, 90
Trd, 4318131.793, 88
Trd, 4318133.643, 105
Trd, 4318134.693, 119
Trd, 4318135.493, 114
Trd, 4318136.093, 112
Trd, 4318136.143, 97
Trd, 4318136.793, 79
Trd, 4318138.843, 126
Trd, 4318139.093, 113
Trd, 4318139.143, 120
Trd, 4318140.193, 103
Trd, 4318140.543, 97
Trd, 4318141.493, 128
Trd, 4318142.343, 100
Trd, 4318142.793, 82
Trd, 4318143.993, 93
Trd, 4318144.143, 122
Trd, 4318144.843, 122
Trd, 4318145.543, 136
Trd, 4318145.593, 133
Trd, 4318145.793, 130
Trd, 4318146.293, 126
Trd, 4318147.543, 122
Trd, 4318147.843, 125
Trd, 4318148.593, 121
Trd, 4318149.343, 107
Trd, 4318149.943, 124
Trd, 4318151.443, 137
Trd, 4318151.793, 131
Trd, 4318151.893, 127
Trd, 4318151.993, 121
Trd, 4318152.793, 117
Trd, 4318153.793, 108
Trd, 4318154.543, 79
Trd, 4318156.793, 128
Trd, 4318157.043, 118
Trd, 4318158.093, 89
Trd, 4318158.593, 89
Trd, 4318159.093, 95
Trd, 4318160.243, 106
Trd, 4318160.493, 135
Trd, 4318161.093, 117
Trd, 4318161.243, 99
Trd, 4318162.043, 121
Trd, 4318162.593, 123
Trd, 4318164.293, 133
Trd, 4318164.493, 129
Trd, 4318165.393, 115
Trd, 4318166.743, 113
Trd, 4318168.143, 93
Trd, 4318170.293, 114
Trd, 4318170.893, 88
Trd, 4318171.193, 114
Trd, 4318172.093, 115
Trd, 4318172.293, 108
Trd, 4318172.893, 118
Trd, 4318174.293, 113
Trd, 4318175.243, 138
Trd, 4318175.543, 130
Trd, 4318176.993, 136
Trd, 4318177.693, 122
Trd, 4318177.793, 84
Trd, 4318178.643, 137
Trd, 4318178.993, 124
Trd, 4318179.843, 107
Trd, 4318180.293, 96
Trd, 4318181.693, 110
Trd, 4318182.093, 113
Trd, 4318182.243, 90
Trd, 4318182.993, 86
Trd, 4318183.693, 88
Trd, 4318184.093, 93
Trd, 4318184.743, 92
Trd, 4318184.893, 87
Trd, 4318185.843, 86
Trd, 4318185.993, 82
Trd, 4318186.693, 87
Trd, 4318187.593, 131
Trd, 4318189.393, 139
Trd, 4318189.593, 131
Trd, 4318190.543, 124
Trd, 4318190.593, 121
Trd, 4318192.293, 130
Trd, 4318192.993, 130
Trd, 4318193.193, 117
Trd, 4318193.693, 87
Trd, 4318194.043, 88
Trd, 4318194.393, 127
Trd, 4318195.993, 120
Trd, 4318196.593, 112
Trd, 4318196.743, 101
Trd, 4318197.693, 136
Trd, 4318199.293, 83
Trd, 4318199.893, 87
Trd, 4318200.293, 80
Trd, 4318201.093, 98
Trd, 4318202.093, 113
Trd, 4318202.543, 129
Trd, 4318204.243, 125
Trd, 4318205.043, 137
Trd, 4318205.143, 129
Trd, 4318206.043, 122
Trd, 4318206.893, 123
Trd, 4318206.943, 106
Trd, 4318207.643, 67
Trd, 4318209.093, 138
Trd, 4318210.043, 128
Trd, 4318211.443, 131
Trd, 4318211.593, 125
Trd, 4318211.793, 124
Trd, 4318212.043, 120
Trd, 4318213.893, 126
Trd, 4318215.843, 122
Trd, 4318218.343, 101
Trd, 4318219.543, 130
Trd, 4318219.993, 128
Trd, 4318220.443, 113
Trd, 4318221.593, 132
Trd, 4318222.043, 121
Trd, 4318222.643, 133
Trd, 4318222.943, 120
Trd, 4318223.343, 110
Trd, 4318224.443, 129
Trd, 4318226.393, 100
Trd, 4318226.543, 87
Trd, 4318226.793, 127
Trd, 4318228.343, 128
Trd, 4318229.093, 124
Trd, 4318229.143, 118
Trd, 4318229.593, 93
Trd, 4318229.943, 118
Trd, 4318230.043, 89
Trd, 4318230.743, 136
Trd, 4318231.093, 133
Trd, 4318232.193, 125
Trd, 4318233.193, 133
Trd, 4318234.043, 136
Trd, 4318234.293, 112
Trd, 4318234.993, 111
Trd, 4318235.193, 119
Trd, 4318235.693, 113
Trd, 4318237.143, 137
Trd, 4318237.643, 130
Trd, 4318238.093, 102
Trd, 4318239.243, 96
Trd, 4318239.943, 132
Trd, 4318240.843, 99
Trd, 4318241.043, 92
Trd, 4318242.343, 82
Trd, 4318243.243, 94
Trd, 4318243.393, 88
Trd, 4318243.993, 111
Trd, 4318244.843, 87
Trd, 4318245.243, 88
Trd, 4318247.243, 123
Trd, 4318248.443, 80
Trd, 4318248.643, 68
Trd, 4318248.943, 98
Trd, 4318249.443, 140
Trd, 4318249.493, 93
Trd, 4318250.393, 107
Trd, 4318252.093, 131
Trd, 4318252.243, 121
Trd, 4318253.943, 103
Trd, 4318253.993, 107
Trd, 4318254.343, 98
Trd, 4318254.543, 90
Trd, 4318255.993, 131
Trd, 4318256.493, 120
Trd, 4318257.593, 135
Trd, 4318259.543, 121
Trd, 4318260.143, 109
Trd, 4318261.093, 130
Trd, 4318262.843, 134
Trd, 4318265.493, 129
Trd, 4318265.643, 119
Trd, 4318266.343, 105
Trd, 4318266.743, 132
Trd, 4318266.843, 125
Trd, 4318267.143, 115
Trd, 4318267.743, 109
Trd, 4318267.793, 100
Trd, 4318267.843, 125
Trd, 4318268.543, 130
Trd, 4318268.843, 139
Trd, 4318271.493, 109
Trd, 4318272.193, 104
Trd, 4318272.393, 102
Trd, 4318275.043, 77
Trd, 4318275.143, 83
Trd, 4318275.343, 95
Trd, 4318275.643, 106
Trd, 4318277.593, 100
Trd, 4318278.643, 126
Trd, 4318278.893, 121
Trd, 4318279.943, 111
Trd, 4318280.643, 115
Trd, 4318281.193, 119
Trd, 4318281.993, 116
Trd, 4318283.943, 124
Trd, 4318284.093, 133
Trd, 4318284.293, 114
Trd, 4318285.393, 66
Trd, 4318287.143, 82
Trd, 4318287.343, 95
Trd, 4318287.543, 69
Trd, 4318287.843, 68
Trd, 4318287.943, 117
Trd, 4318288.743, 117
Trd, 4318289.743, 137
Trd, 4318290.343, 111
Trd, 4318293.193, 120
Trd, 4318294.043, 139
Trd, 4318294.393, 105
Trd, 4318294.993, 102
Trd, 4318295.543, 97
Trd, 4318295.943, 133
Trd, 4318297.943, 120
Trd, 4318298.693, 114
Trd, 4318299.343, 116
Trd, 4318300.093, 116
Trd, 4318301.443, 132
Trd, 4318302.093, 122
Trd, 4318302.143, 115
Trd, 4318302.593, 122
Trd, 4318305.043, 134
Trd, 4318305.343, 127
Trd, 4318306.493, 127
Trd, 4318306.993, 118
Trd, 4318307.293, 112
Trd, 4318308.043, 137
Trd, 4318308.793, 120
Trd, 4318309.443, 126
Trd, 4318309.643, 118
Trd, 4318312.893, 128
Trd, 4318313.543, 106
Trd, 4318313.843, 105
Trd, 4318313.893, 101
Trd, 4318314.743, 131
Trd, 4318315.043, 112
Trd, 4318315.993, 137
Trd, 4318316.443, 94
Trd, 4318316.993, 126
Trd, 4318318.193, 140
Trd, 4318318.243, 81
Trd, 4318318.593, 75
Trd, 4318319.943, 70
Trd, 4318321.893, 126
Trd, 4318322.343, 118
Trd, 4318323.043, 91
Trd, 4318323.243, 75
Trd, 4318323.443, 93
Trd, 4318324.193, 121
Trd, 4318326.143, 125
Trd, 4318326.443, 117
Trd, 4318326.593, 109
Trd, 4318328.093, 97
Trd, 4318328.143, 88
Trd, 4318328.643, 79
Trd, 4318330.293, 110
Trd, 4318330.643, 103
Trd, 4318331.243, 92
Trd, 4318331.593, 90
Trd, 4318331.743, 100
Trd, 4318332.343, 66
Trd, 4318333.843, 62
Trd, 4318334.143, 114
Trd, 4318335.043, 105
Trd, 4318336.093, 133
Trd, 4318336.343, 125
Trd, 4318337.093, 127
Trd, 4318338.093, 97
Trd, 4318339.043, 96
Trd, 4318339.693, 82
Trd, 4318340.393, 135
Trd, 4318340.543, 106
Trd, 4318340.993, 130
Trd, 4318341.493, 118
Trd, 4318341.743, 113
Trd, 4318343.593, 94
Trd, 4318343.743, 69
Trd, 4318343.843, 134
Trd, 4318344.743, 89
Trd, 4318345.043, 97
Trd, 4318346.693, 134
Trd, 4318346.793, 80
Trd, 4318346.943, 84
Trd, 4318349.643, 102
Trd, 4318350.893, 111
Trd, 4318352.043, 113
Trd, 4318352.543, 107
Trd, 4318353.943, 135
Trd, 4318354.243, 124
Trd, 4318355.393, 135
Trd, 4318355.743, 114
Trd, 4318356.193, 108
Trd, 4318356.343, 107
Trd, 4318356.693, 134
Trd, 4318358.793, 123
Trd, 4318359.343, 108
Trd, 4318359.593, 92
Trd, 4318360.293, 94
Trd, 4318360.593, 125
Trd, 4318362.643, 139
Trd, 4318362.943, 95
Trd, 4318363.943, 114
Trd, 4318364.443, 99
Trd, 4318365.193, 114
Trd, 4318365.493, 102
Trd, 4318366.493, 91
Trd, 4318367.893, 117
Trd, 4318368.693, 133
Trd, 4318369.243, 94
Trd, 4318369.593, 125
Trd, 4318370.993, 121
Trd, 4318371.843, 106
Trd, 4318372.343, 124
Trd, 4318372.993, 139
Trd, 4318373.243, 103
Trd, 4318373.693, 131
Trd, 4318374.693, 124
Trd, 4318375.843, 132
Trd, 4318375.893, 105
Trd, 4318376.693, 125
Trd, 4318378.043, 133
Trd, 4318378.343, 125
Trd, 4318379.093, 137
Trd, 4318380.293, 109
Trd, 4318383.293, 137
Trd, 4318384.293, 132
Trd, 4318384.393, 125
Trd, 4318384.643, 116
Trd, 4318385.243, 108
Trd, 4318387.243, 108
Trd, 4318387.543, 115
Trd, 4318387.843, 103
Trd, 4318388.243, 132
Trd, 4318388.293, 102
Trd, 4318390.543, 104
Trd, 4318391.243, 101
Trd, 4318392.043, 134
Trd, 4318392.343, 84
Trd, 4318392.493, 77
Trd, 4318392.643, 76
Trd, 4318394.143, 86
Trd, 4318394.643, 118
Trd, 4318394.993, 99
Trd, 4318396.443, 104
Trd, 4318396.643, 87
Trd, 4318397.193, 101
Trd, 4318398.193, 92
Trd, 4318398.993, 72
Trd, 4318401.043, 99
Trd, 4318401.443, 105
Trd, 4318401.943, 121
Trd, 4318403.043, 123
Trd, 4318403.543, 81
Trd, 4318403.693, 87
Trd, 4318404.893, 120
Trd, 4318406.493, 94
Trd, 4318406.593, 90
Trd, 4318406.943, 116
Trd, 4318408.143, 99
Trd, 4318408.343, 108
Trd, 4318411.493, 116
Trd, 4318412.043, 116
Trd, 4318412.343, 131
Trd, 4318412.893, 137
Trd, 4318413.193, 130
Trd, 4318413.243, 120
Trd, 4318413.743, 130
Trd, 4318413.793, 126
Trd, 4318416.043, 128
Trd, 4318417.993, 136
Trd, 4318418.693, 135
Trd, 4318419.293, 130
Trd, 4318419.743, 121
Trd, 4318420.193, 117
Trd, 4318420.993, 126
Trd, 4318422.993, 135
Trd, 4318423.243, 129
Trd, 4318423.393, 116
Trd, 4318423.743, 115
Trd, 4318424.343, 111
Trd, 4318426.793, 131
Trd, 4318427.043, 126
Trd, 4318427.093, 118
Trd, 4318427.343, 122
Trd, 4318427.593, 89
Trd, 4318427.893, 111
Trd, 4318429.643, 117
Trd, 4318429.743, 116
Trd, 4318430.243, 116
Trd, 4318430.693, 107
Trd, 4318431.143, 91
Trd, 4318431.593, 91
Trd, 4318432.693, 122
Trd, 4318432.993, 83
Trd, 4318433.093, 81
Trd, 4318435.443, 133
Trd, 4318435.493, 123
Trd, 4318437.943, 132
Trd, 4318438.043, 129
Trd, 4318438.893, 117
Trd, 4318439.293, 113
Trd, 4318439.993, 114
Trd, 4318441.093, 118
Trd, 4318442.643, 112
Trd, 4318443.193, 111
Trd, 4318443.893, 130
Trd, 4318444.543, 106
Trd, 4318445.043, 106
Trd, 4318445.093, 102
Trd, 4318445.543, 124
Trd, 4318446.693, 138
Trd, 4318447.893, 133
Trd, 4318448.493, 125
Trd, 4318449.193, 104
Trd, 4318449.743, 90
Trd, 4318450.843, 105
Trd, 4318451.343, 138
Trd, 4318451.593, 128
Trd, 4318453.643, 133
Trd, 4318454.293, 100
Trd, 4318454.343, 115
Trd, 4318454.943, 113
Trd, 4318455.343, 88
Trd, 4318455.793, 118
Trd, 4318456.143, 139
Trd, 4318456.793, 139
Trd, 4318457.593, 111
Trd, 4318459.643, 120
Trd, 4318459.943, 114
Trd, 4318461.143, 115
Trd, 4318461.993, 128
Trd, 4318462.543, 136
Trd, 4318462.643, 121
Trd, 4318463.843, 113
Trd, 4318464.493, 107
Trd, 4318464.643, 104
Trd, 4318465.743, 78
Trd, 4318466.493, 76
Trd, 4318468.293, 103
Trd, 4318468.443, 84
Trd, 4318470.343, 139
Trd, 4318471.343, 130
Trd, 4318471.443, 82
Trd, 4318471.943, 99
Trd, 4318472.243, 98
Trd, 4318472.493, 97
Trd, 4318474.193, 105
Trd, 4318475.343, 96
Trd, 4318476.393, 103
Trd, 4318477.093, 124
Trd, 4318479.843, 110
Trd, 4318480.293, 139
Trd, 4318480.843, 110
Trd, 4318481.693, 98
Trd, 4318481.943, 99
Trd, 4318481.993, 95
Trd, 4318482.093, 71
Trd, 4318483.593, 83
Trd, 4318484.143, 121
Trd, 4318485.193, 104
Trd, 4318486.143, 120
Trd, 4318486.743, 110
Trd, 4318487.693, 122
Trd, 4318488.393, 109
Trd, 4318489.193, 114
Trd, 4318489.443, 102
Trd, 4318491.193, 99
Trd, 4318491.393, 139
Trd, 4318492.493, 125
Trd, 4318492.943, 106
Trd, 4318494.543, 109
Trd, 4318495.493, 132
Trd, 4318497.393, 117
Trd, 4318497.793, 93
Trd, 4318499.193, 137
Trd, 4318499.493, 116
Trd, 4318499.943, 138
Trd, 4318500.043, 131
Trd, 4318501.393, 76
Trd, 4318502.993, 140
Trd, 4318503.543, 120
Trd, 4318503.743, 123
Trd, 4318504.143, 107
Trd, 4318505.543, 139
Trd, 4318507.043, 114
Trd, 4318507.443, 112
Trd, 4318507.793, 94
Trd, 4318509.093, 108
Trd, 4318509.493, 98
Trd, 4318511.043, 127
Trd, 4318511.243, 118
Trd, 4318512.243, 133
Trd, 4318512.293, 125
Trd, 4318513.543, 134
Trd, 4318514.693, 115
Trd, 4318514.843, 111
Trd, 4318515.593, 112
Trd, 4318516.393, 108
Trd, 4318516.693, 114
Trd, 4318516.843, 119
Trd, 4318516.943, 85
Trd, 4318517.543, 96
Trd, 4318518.643, 117
Trd, 4318519.143, 98
Trd, 4318521.093, 116
Trd, 4318521.643, 118
Trd, 4318521.993, 113
Trd, 4318522.343, 107
Trd, 4318522.643, 138
Trd, 4318522.943, 139
Trd, 4318523.043, 131
Trd, 4318523.393, 107
Trd, 4318525.793, 63
Trd, 4318526.293, 95
Trd, 4318527.393, 79
Trd, 4318527.693, 79
Trd, 4318528.843, 126
Trd, 4318529.743, 118
Trd, 4318529.893, 117
Trd, 4318530.943, 118
Trd, 4318531.993, 120
Trd, 4318532.043, 110
Trd, 4318532.843, 104
Trd, 4318533.393, 73
Trd, 4318533.793, 115
Trd, 4318534.693, 126
Trd, 4318535.293, 109
Trd, 4318535.643, 91
Trd, 4318536.293, 71
Trd, 4318536.493, 63
Trd, 4318538.193, 128
Trd, 4318538.743, 105
Trd, 4318539.193, 140
Trd, 4318539.243, 127
Trd, 4318540.393, 88
Trd, 4318541.943, 126
Trd, 4318542.943, 75
Trd, 4318543.243, 86
Trd, 4318543.843, 103
Trd, 4318544.393, 97
Trd, 4318545.093, 88
Trd, 4318546.643, 130
Trd, 4318546.793, 120
Trd, 4318548.893, 77
Trd, 4318548.993, 76
Trd, 4318549.043, 95
Trd, 4318549.693, 98
Trd, 4318550.993, 128
Trd, 4318552.293, 114
Trd, 4318553.193, 135
Trd, 4318553.793, 129
Trd, 4318553.893, 128
Trd, 4318554.293, 127
Trd, 4318557.593, 118
Trd, 4318557.893, 136
Trd, 4318558.343, 116
Trd, 4318558.593, 108
Trd, 4318559.543, 93
Trd, 4318560.493, 106
Trd, 4318562.943, 120
Trd, 4318564.393, 137
Trd, 4318564.693, 119
Trd, 4318565.093, 115
Trd, 4318565.593, 111
Trd, 4318566.693, 112
Trd, 4318567.193, 106
Trd, 4318567.693, 100
Trd, 4318567.743, 115
Trd, 4318568.943, 113
Trd, 4318571.143, 125
Trd, 4318571.393, 120
Trd, 4318572.593, 118
Trd, 4318573.943, 116
Trd, 4318574.343, 112
Trd, 4318575.393, 133
Trd, 4318575.693, 107
Trd, 4318575.843, 90
Trd, 4318577.143, 129
Trd, 4318578.193, 123
Trd, 4318579.043, 121
Trd, 4318581.193, 108
Trd, 4318581.443, 132
Trd, 4318581.643, 126
Trd, 4318582.393, 124
Trd, 4318582.793, 111
Trd, 4318583.193, 125
Trd, 4318583.493, 83
Trd, 4318584.893, 130
Trd, 4318585.043, 130
Trd, 4318586.493, 135
Trd, 4318586.543, 120
Trd, 4318586.993, 126
Trd, 4318587.593, 110
Trd, 4318587.793, 89
Trd, 4318588.843, 84
Trd, 4318589.143, 107
Trd, 4318590.693, 139
Trd, 4318591.093, 132
Trd, 4318591.793, 138
Trd, 4318592.393, 123
Trd, 4318593.843, 136
Trd, 4318594.393, 121
Trd, 4318594.843, 108
Trd, 4318595.593, 132
Trd, 4318595.943, 113
Trd, 4318597.743, 136
Trd, 4318598.593, 135
Trd, 4318598.943, 128
Trd, 4318599.643, 121
Trd, 4318600.243, 114
Trd, 4318600.643, 114
Trd, 4318601.193, 111
Trd, 4318602.143, 104
Trd, 4318602.593, 97
Trd, 4318604.993, 136
Trd, 4318605.393, 128
Trd, 4318606.343, 95
Trd, 4318606.393, 88
Trd, 4318607.093, 127
Trd, 4318607.593, 84
Trd, 4318607.743, 84
Trd, 4318608.593, 123
Trd, 4318609.343, 130
Trd, 4318610.843, 105
Trd, 4318611.193, 119
Trd, 4318611.693, 122
Trd, 4318612.993, 96
Trd, 4318613.893, 108
Trd, 4318614.443, 113
Trd, 4318614.993, 106
Trd, 4318615.543, 98
Trd, 4318616.243, 78
Trd, 4318616.443, 120
Trd, 4318617.143, 102
Trd, 4318617.793, 96
Trd, 4318618.343, 89
Trd, 4318619.293, 80
Trd, 4318620.543, 109
Trd, 4318622.293, 119
Trd, 4318623.093, 123
Trd, 4318623.943, 116
Trd, 4318624.743, 78
Trd, 4318626.443, 119
Trd, 4318627.443, 97
Trd, 4318627.493, 94
Trd, 4318627.593, 91
Trd, 4318628.293, 119
Trd, 4318629.043, 129
Trd, 4318629.843, 85
Trd, 4318630.143, 78
Trd, 4318631.743, 106
Trd, 4318634.043, 115
Trd, 4318634.743, 126
Trd, 4318634.793, 117
Trd, 4318634.843, 117
Trd, 4318637.493, 140
Trd, 4318637.643, 135
Trd, 4318637.693, 98
Trd, 4318638.743, 127
Trd, 4318639.043, 117
Trd, 4318639.143, 98
Trd, 4318640.593, 115
Trd, 4318640.643, 108
Trd, 4318641.443, 127
Trd, 4318641.493, 121
Trd, 4318642.593, 77
Trd, 4318644.243, 121
Trd, 4318645.043, 83
Trd, 4318647.193, 110
Trd, 4318647.793, 125
Trd, 4318648.343, 81
Trd, 4318649.643, 133
Trd, 4318649.793, 127
Trd, 4318650.693, 124
Trd, 4318650.943, 115
Trd, 4318651.343, 94
Trd, 4318652.893, 127
Trd, 4318652.993, 126
Trd, 4318653.293, 140
Trd, 4318654.043, 131
Trd, 4318654.743, 117
Trd, 4318654.943, 116
Trd, 4318655.593, 114
Trd, 4318656.893, 97
Trd, 4318657.493, 125
Trd, 4318657.843, 115
Trd, 4318658.143, 95
Trd, 4318659.393, 96
Trd, 4318660.193, 98
Trd, 4318660.943, 109
Trd, 4318661.093, 109
Trd, 4318663.493, 132
Trd, 4318664.493, 126
Trd, 4318664.543, 118
Trd, 4318665.843, 121
Trd, 4318666.743, 132
Trd, 4318668.343, 134
Trd, 4318668.743, 131
Trd, 4318669.343, 115
Trd, 4318669.743, 119
Trd, 4318670.343, 93
Trd, 4318671.093, 91
Trd, 4318672.293, 137
Trd, 4318672.743, 135
Trd, 4318674.693, 129
Trd, 4318674.743, 118
Trd, 4318675.093, 114
Trd, 4318676.043, 132
Trd, 4318676.443, 132
Trd, 4318677.193, 83
Trd, 4318678.093, 104
Trd, 4318679.043, 123
Trd, 4318680.143, 101
Trd, 4318680.343, 87
Trd, 4318681.193, 100
Trd, 4318681.343, 138
Trd, 4318682.343, 114
Trd, 4318684.243, 94
Trd, 4318684.293, 96
Trd, 4318684.993, 108
Trd, 4318685.293, 85
Trd, 4318685.893, 118
Trd, 4318686.293, 103
Trd, 4318687.293, 130
Trd, 4318688.893, 113
Trd, 4318689.443, 109
Trd, 4318690.093, 105
Trd, 4318690.193, 112
Trd, 4318690.893, 79
Trd, 4318691.543, 80
Trd, 4318691.643, 82
Trd, 4318692.843, 79
Trd, 4318694.093, 83
Trd, 4318694.443, 126
Trd, 4318695.043, 97
Trd, 4318695.243, 101
Trd, 4318695.743, 127
Trd, 4318696.843, 121
Trd, 4318697.493, 136
Trd, 4318698.393, 129
Trd, 4318699.343, 120
Trd, 4318699.543, 112
Trd, 4318700.393, 134
Trd, 4318701.143, 120
Trd, 4318701.243, 116
Trd, 4318701.443, 113
Trd, 4318702.893, 105
Trd, 4318703.243, 93
Trd, 4318704.543, 107
Trd, 4318704.843, 134
Trd, 4318706.043, 107
Trd, 4318707.693, 138
Trd, 4318707.843, 120
Trd, 4318708.793, 134
Trd, 4318709.993, 120
Trd, 4318710.293, 119
Trd, 4318710.793, 119
Trd, 4318712.343, 112
Trd, 4318713.243, 103
Trd, 4318713.393, 102
Trd, 4318713.793, 119
Trd, 4318715.093, 107
Trd, 4318715.693, 135
Trd, 4318715.893, 127
Trd, 4318716.243, 126
Trd, 4318717.543, 124
Trd, 4318717.843, 110
Trd, 4318718.043, 84
Trd, 4318718.393, 78
Trd, 4318718.493, 132
Trd, 4318721.493, 123
Trd, 4318721.693, 122
Trd, 4318722.493, 135
Trd, 4318724.843, 139
Trd, 4318725.943, 129
Trd, 4318725.993, 116
Trd, 4318726.943, 101
Trd, 4318728.143, 137
Trd, 4318728.293, 119
Trd, 4318730.493, 138
Trd, 4318731.193, 136
Trd, 4318732.043, 134
Trd, 4318732.193, 130
Trd, 4318732.843, 124
Trd, 4318734.043, 117
Trd, 4318735.493, 113
Trd, 4318737.143, 131
Trd, 4318737.993, 117
Trd, 4318738.093, 101
Trd, 4318740.793, 138
Trd, 4318741.243, 130
Trd, 4318741.393, 113
Trd, 4318741.943, 103
Trd, 4318743.893, 135
Trd, 4318744.443, 128
Trd, 4318745.293, 118
Trd, 4318745.943, 138
Trd, 4318746.343, 126
Trd, 4318747.443, 140
Trd, 4318748.693, 116
Trd, 4318748.793, 103
Trd, 4318749.943, 136
Trd, 4318750.193, 136
Trd, 4318750.543, 108
Trd, 4318752.193, 94
Trd, 4318752.293, 135
Trd, 4318752.593, 79
Trd, 4318753.243, 94
Trd, 4318754.743, 122
Trd, 4318755.393, 136
Trd, 4318755.443, 126
Trd, 4318756.243, 123
Trd, 4318758.193, 117
Trd, 4318758.443, 107
Trd, 4318759.193, 114
Trd, 4318761.393, 117
Trd, 4318761.693, 110
Trd, 4318762.293, 105
Trd, 4318763.643, 99
Trd, 4318764.193, 136
Trd, 4318764.543, 107
Trd, 4318764.843, 77
Trd, 4318765.593, 105
Trd, 4318766.643, 86
Trd, 4318767.643, 78
Trd, 4318768.343, 114
Trd, 4318768.593, 102
Trd, 4318769.493, 73
Trd, 4318769.743, 80
Trd, 4318769.843, 87
Trd, 4318770.393, 112
Trd, 4318771.943, 121
Trd, 4318773.493, 130
Trd, 4318774.293, 123
Trd, 4318774.993, 116
Trd, 4318775.343, 107
Trd, 4318776.293, 133
Trd, 4318776.943, 130
Trd, 4318778.893, 135
Trd, 4318779.643, 134
Trd, 4318779.693, 133
Trd, 4318779.993, 131
Trd, 4318780.793, 112
Trd, 4318781.193, 117
Trd, 4318781.643, 123
Trd, 4318782.043, 99
Trd, 4318782.143, 71
Trd, 4318782.643, 114
Trd, 4318783.643, 131
Trd, 4318784.593, 121
Trd, 4318785.543, 79
Trd, 4318786.943, 102
Trd, 4318787.843, 135
Trd, 4318788.543, 134
Trd, 4318789.393, 104
Trd, 4318789.893, 122
Trd, 4318790.493, 129
Trd, 4318790.743, 123
Trd, 4318791.393, 129
Trd, 4318791.493, 103
Trd, 4318791.743, 72
Trd, 4318794.243, 112
Trd, 4318794.443, 81
Trd, 4318795.143, 104
Trd, 4318795.193, 100
Trd, 4318795.493, 96
Trd, 4318797.243, 64
Trd, 4318798.843, 120
Trd, 4318799.043, 122
Trd, 4318799.143, 111
Trd, 4318799.493, 88
Trd, 4318801.393, 139
Trd, 4318801.443, 129
Trd, 4318801.743, 110
Trd, 4318801.843, 107
Trd, 4318803.593, 127
Trd, 4318803.793, 88
Trd, 4318804.593, 61
Trd, 4318805.543, 122
Trd, 4318806.643, 131
Trd, 4318806.843, 109
Trd, 4318807.693, 104
Trd, 4318808.143, 89
Trd, 4318809.293, 119
Trd, 4318809.593, 87
Trd, 4318810.843, 126
Trd, 4318812.043, 95
Trd, 4318812.143, 107
Trd, 4318813.493, 62
Trd, 4318814.293, 67
Trd, 4318814.993, 118
Trd, 4318816.693, 125
Trd, 4318816.893, 132
Trd, 4318817.243, 130
Trd, 4318817.343, 106
Trd, 4318817.393, 104
Trd, 4318819.143, 136
Trd, 4318819.643, 119
Trd, 4318820.243, 133
Trd, 4318821.793, 120
Trd, 4318822.543, 118
Trd, 4318822.843, 132
Trd, 4318823.693, 102
Trd, 4318824.093, 99
Trd, 4318824.843, 95
Trd, 4318825.143, 130
Trd, 4318826.043, 126
Trd, 4318826.243, 106
Trd, 4318827.343, 97
Trd, 4318828.493, 128
Trd, 4318828.743, 114
Trd, 4318829.893, 113
Trd, 4318830.843, 78
Trd, 4318831.893, 108
Trd, 4318832.993, 124
Trd, 4318833.993, 111
Trd, 4318834.193, 105
Trd, 4318834.343, 116
Trd, 4318834.643, 129
Trd, 4318837.043, 140
Trd, 4318837.093, 130
Trd, 4318837.193, 119
Trd, 4318837.793, 110
Trd, 4318838.743, 118
Trd, 4318839.593, 118
Trd, 4318840.243, 127
Trd, 4318840.643, 100
Trd, 4318841.193, 79
Trd, 4318843.343, 120
Trd, 4318844.343, 133
Trd, 4318844.743, 138
Trd, 4318844.893, 104
Trd, 4318845.693, 123
Trd, 4318846.093, 73
Trd, 4318846.893, 96
Trd, 4318847.593, 89
Trd, 4318849.243, 127
Trd, 4318849.643, 110
Trd, 4318850.343, 70
Trd, 4318851.843, 116
Trd, 4318855.343, 121
Trd, 4318857.393, 128
Trd, 4318857.593, 125
Trd, 4318858.093, 129
Trd, 4318859.393, 135
Trd, 4318859.943, 122
Trd, 4318860.793, 112
Trd, 4318861.243, 121
Trd, 4318862.443, 139
Trd, 4318862.543, 130
Trd, 4318863.243, 126
Trd, 4318863.443, 113
Trd, 4318863.943, 113
Trd, 4318864.093, 107
Trd, 4318864.243, 130
Trd, 4318865.993, 125
Trd, 4318866.193, 129
Trd, 4318866.443, 125
Trd, 4318868.243, 109
Trd, 4318869.543, 132
Trd, 4318870.043, 111
Trd, 4318870.093, 107
Trd, 4318870.593, 105
Trd, 4318871.193, 107
Trd, 4318872.193, 123
Trd, 4318873.193, 134
Trd, 4318873.743, 123
Trd, 4318873.893, 123
Trd, 4318875.643, 140
Trd, 4318877.043, 129
Trd, 4318877.793, 134
Trd, 4318879.693, 136
Trd, 4318880.493, 133
Trd, 4318880.643, 127
Trd, 4318880.693, 127
Trd, 4318882.793, 140
Trd, 4318883.893, 122
Trd, 4318884.493, 110
Trd, 4318885.793, 133
Trd, 4318885.893, 125
Trd, 4318886.843, 122
Trd, 4318889.343, 125
Trd, 4318889.543, 134
Trd, 4318890.043, 115
Trd, 4318891.243, 117
Trd, 4318891.743, 105
Trd, 4318892.393, 99
Trd, 4318893.143, 98
Trd, 4318893.343, 119
Trd, 4318894.243, 128
Trd, 4318894.543, 107
Trd, 4318895.793, 103
Trd, 4318895.943, 99
Trd, 4318897.343, 100
Trd, 4318899.443, 99
Trd, 4318899.793, 110
Trd, 4318900.043, 125
Trd, 4318901.093, 138
Trd, 4318901.343, 126
Trd, 4318901.643, 119
Trd, 4318902.793, 132
Trd, 4318906.143, 119
Trd, 4318906.443, 125
Trd, 4318906.593, 115
Trd, 4318907.593, 138
Trd, 4318909.243, 134
Trd, 4318909.843, 125
Trd, 4318910.543, 117
Trd, 4318910.693, 112
Trd, 4318910.843, 103
Trd, 4318911.493, 124
Trd, 4318911.593, 120
Trd, 4318912.693, 91
Trd, 4318914.443, 116
Trd, 4318916.593, 137
Trd, 4318917.243, 122
Trd, 4318918.493, 140
Trd, 4318919.343, 137
Trd, 4318920.643, 126
Trd, 4318921.193, 129
Trd, 4318921.493, 128
Trd, 4318921.693, 135
Trd, 4318922.043, 118
Trd, 4318922.443, 110
Trd, 4318923.193, 117
Trd, 4318923.693, 137
Trd, 4318924.043, 138
Trd, 4318924.643, 131
Trd, 4318926.143, 115
Trd, 4318927.443, 128
Trd, 4318927.543, 111
Trd, 4318928.493, 104
Trd, 4318930.493, 103
Trd, 4318930.943, 113
Trd, 4318931.043, 132
Trd, 4318931.093, 136
Trd, 4318932.093, 140
Trd, 4318932.793, 113
Trd, 4318933.543, 113
Trd, 4318935.743, 117
Trd, 4318935.793, 116
Trd, 4318937.393, 128
Trd, 4318938.393, 129
Trd, 4318938.843, 129
Trd, 4318938.893, 84
Trd, 4318940.443, 138
Trd, 4318940.743, 131
Trd, 4318940.793, 128
Trd, 4318940.993, 95
Trd, 4318943.243, 108
Trd, 4318944.193, 105
Trd, 4318944.893, 107
Trd, 4318945.743, 86
Trd, 4318945.893, 123
Trd, 4318946.243, 122
Trd, 4318946.393, 113
Trd, 4318946.943, 82
Trd, 4318947.843, 114
Trd, 4318948.393, 123
Trd, 4318948.943, 99
Trd, 4318950.943, 133
Trd, 4318951.543, 125
Trd, 4318952.093, 95
Trd, 4318952.793, 123
Trd, 4318953.843, 88
Trd, 4318954.943, 86
Trd, 4318954.993, 95
Trd, 4318955.343, 128
Trd, 4318955.693, 80
Trd, 4318956.893, 103
Trd, 4318957.643, 128
Trd, 4318958.943, 109
Trd, 4318960.043, 125
Trd, 4318960.743, 100
Trd, 4318961.293, 125
Trd, 4318961.443, 116
Trd, 4318962.093, 99
Trd, 4318962.593, 98
Trd, 4318963.193, 103
Trd, 4318963.543, 64
Trd, 4318965.093, 84
Trd, 4318965.743, 93
Trd, 4318965.893, 99
Trd, 4318966.043, 85
Trd, 4318967.543, 80
Trd, 4318968.443, 123
Trd, 4318971.143, 130
Trd, 4318971.393, 117
Trd, 4318971.993, 139
Trd, 4318973.143, 116
Trd, 4318974.243, 117
Trd, 4318974.643, 100
Trd, 4318974.843, 121
Trd, 4318975.793, 117
Trd, 4318976.043, 110
Trd, 4318977.593, 136
Trd, 4318979.143, 122
Trd, 4318980.093, 134
Trd, 4318980.893, 119
Trd, 4318981.343, 112
Trd, 4318981.693, 132
Trd, 4318983.043, 120
Trd, 4318983.493, 109
Trd, 4318985.643, 137
Trd, 4318985.743, 109
Trd, 4318986.443, 116
Trd, 4318986.593, 104
Trd, 4318988.693, 121
Trd, 4318988.793, 119
Trd, 4318988.843, 103
Trd, 4318990.193, 132
Trd, 4318990.593, 103
Trd, 4318990.793, 98
Trd, 4318990.943, 116
Trd, 4318992.293, 75
Trd, 4318993.943, 114
Trd, 4318994.493, 120
Trd, 4318995.393, 98
Trd, 4318995.643, 90
Trd, 4318995.793, 122
Trd, 4318996.493, 138
Trd, 4318998.043, 123
Trd, 4318998.443, 125
Trd, 4318999.593, 121
Trd, 4318999.993, 118
Trd, 4319000.043, 104
Trd, 4319000.693, 107
Trd, 4319001.743, 101
Trd, 4319002.943, 119
Trd, 4319003.443, 113
Trd, 4319004.243, 123
Trd, 4319004.293, 98
Trd, 4319004.893, 126
Trd, 4319005.943, 126
Trd, 4319005.993, 119
Trd, 4319006.593, 112
Trd, 4319008.493, 109
Trd, 4319009.243, 136
Trd, 4319009.643, 115
Trd, 4319009.993, 123
Trd, 4319010.943, 95
Trd, 4319011.793, 63
Trd, 4319012.293, 67
Trd, 4319014.293, 66
Trd, 4319014.793, 72
Trd, 4319014.893, 63
Trd, 4319015.693, 134
Trd, 4319017.043, 97
Trd, 4319017.093, 100
Trd, 4319018.493, 88
Trd, 4319018.693, 83
Trd, 4319019.093, 110
Trd, 4319020.093, 117
Trd, 4319020.293, 113
Trd, 4319020.943, 112
Trd, 4319021.043, 89
Trd, 4319022.843, 88
Trd, 4319022.993, 103
Trd, 4319023.443, 67
Trd, 4319025.393, 119
Trd, 4319025.443, 124
Trd, 4319026.543, 136
Trd, 4319027.293, 135
Trd, 4319027.343, 125
Trd, 4319028.843, 114
Trd, 4319030.493, 107
Trd, 4319031.893, 121
Trd, 4319032.243, 114
Trd, 4319032.543, 115
Trd, 4319032.943, 102
Trd, 4319033.093, 90
Trd, 4319033.543, 113
Trd, 4319036.143, 91
Trd, 4319036.543, 89
Trd, 4319036.943, 78
Trd, 4319037.293, 87
Trd, 4319038.093, 85
Trd, 4319039.693, 77
Trd, 4319039.843, 93
Trd, 4319040.293, 125
Trd, 4319040.493, 118
Trd, 4319041.493, 110
Trd, 4319042.193, 83
Trd, 4319044.143, 126
Trd, 4319044.393, 114
Trd, 4319045.043, 115
Trd, 4319046.293, 98
Trd, 4319046.643, 129
Trd, 4319047.093, 119
Trd, 4319047.493, 109
Trd, 4319049.043, 136
Trd, 4319049.143, 134
Trd, 4319049.643, 119
Trd, 4319050.093, 64
Trd, 4319051.293, 64
Trd, 4319051.693, 99
Trd, 4319052.593, 121
Trd, 4319053.743, 104
Trd, 4319054.643, 98
Trd, 4319056.543, 117
Trd, 4319056.943, 96
Trd, 4319057.993, 125
Trd, 4319058.543, 104
Trd, 4319058.843, 103
Trd, 4319059.043, 90
Trd, 4319059.243, 83
Trd, 4319060.343, 82
Trd, 4319062.093, 121
Trd, 4319062.943, 111
Trd, 4319063.693, 122
Trd, 4319064.143, 106
Trd, 4319068.343, 124
Trd, 4319069.243, 137
Trd, 4319069.593, 123
Trd, 4319070.193, 115
Trd, 4319070.993, 117
Trd, 4319072.843, 121
Trd, 4319072.993, 115
Trd, 4319073.043, 93
Trd, 4319073.593, 91
Trd, 4319073.693, 137
Trd, 4319074.443, 78
Trd, 4319074.843, 96
Trd, 4319075.693, 83
Trd, 4319075.743, 94
Trd, 4319076.243, 109
Trd, 4319078.193, 93
Trd, 4319078.293, 86
Trd, 4319078.543, 120
Trd, 4319080.093, 111
Trd, 4319080.293, 126
Trd, 4319080.993, 63
Trd, 4319081.193, 74
Trd, 4319082.193, 121
Trd, 4319083.293, 136
Trd, 4319084.193, 136
Trd, 4319084.543, 128
Trd, 4319084.743, 106
Trd, 4319087.493, 78
Trd, 4319088.093, 110
Trd, 4319089.993, 107
Trd, 4319090.393, 113
Trd, 4319090.793, 110
Trd, 4319091.593, 138
Trd, 4319092.143, 139
Trd, 4319093.143, 122
Trd, 4319094.493, 118
Trd, 4319094.743, 111
Trd, 4319096.193, 140
Trd, 4319096.243, 120
Trd, 4319096.943, 118
Trd, 4319098.293, 117
Trd, 4319100.443, 138
Trd, 4319101.193, 127
Trd, 4319101.493, 116
Trd, 4319102.493, 108
Trd, 4319102.543, 105
Trd, 4319103.093, 102
Trd, 4319104.793, 111
Trd, 4319105.193, 114
Trd, 4319105.743, 136
Trd, 4319106.343, 100
Trd, 4319106.843, 123
Trd, 4319107.493, 97
Trd, 4319107.543, 95
Trd, 4319108.243, 106
Trd, 4319109.393, 90
Trd, 4319110.843, 131
Trd, 4319112.643, 123
Trd, 4319113.243, 109
Trd, 4319114.043, 119
Trd, 4319114.593, 123
Trd, 4319115.643, 127
Trd, 4319116.043, 74
Trd, 4319117.043, 109
Trd, 4319117.193, 86
Trd, 4319118.143, 81
Trd, 4319119.093, 108
Trd, 4319119.893, 107
Trd, 4319120.393, 90
Trd, 4319121.493, 137
Trd, 4319121.693, 131
Trd, 4319122.093, 68
Trd, 4319122.593, 115
Trd, 4319123.543, 130
Trd, 4319125.593, 135
Trd, 4319126.293, 128
Trd, 4319127.543, 123
Trd, 4319127.943, 139
Trd, 4319128.093, 118
Trd, 4319128.193, 116
Trd, 4319129.443, 122
Trd, 4319131.143, 128
Trd, 4319131.293, 106
Trd, 4319132.443, 99
Trd, 4319132.693, 114
Trd, 4319135.543, 117
Trd, 4319135.643, 90
Trd, 4319136.393, 87
Trd, 4319139.293, 129
Trd, 4319139.443, 120
Trd, 4319140.143, 137
Trd, 4319140.393, 104
Trd, 4319140.643, 111
Trd, 4319141.843, 135
Trd, 4319142.493, 132
Trd, 4319143.393, 127
Trd, 4319143.643, 140
Trd, 4319144.243, 128
Trd, 4319145.643, 105
Trd, 4319146.093, 90
Trd, 4319146.393, 87
Trd, 4319147.843, 138
Trd, 4319148.293, 130
Trd, 4319148.493, 104
Trd, 4319149.293, 92
Trd, 4319149.443, 102
Trd, 4319151.093, 136
Trd, 4319152.243, 130
Trd, 4319152.443, 93
Trd, 4319153.243, 140
Trd, 4319154.093, 98
Trd, 4319154.243, 109
Trd, 4319156.643, 94
Trd, 4319156.693, 89
Trd, 4319157.293, 105
Trd, 4319158.293, 83
Trd, 4319159.443, 108
Trd, 4319159.493, 111
Trd, 4319159.643, 91
Trd, 4319159.793, 87
Trd, 4319159.943, 99
Trd, 4319160.593, 110
Trd, 4319161.493, 103
Trd, 4319162.593, 120
Trd, 4319163.343, 120
Trd, 4319163.593, 126
Trd, 4319164.643, 70
Trd, 4319166.243, 70
Trd, 4319167.043, 100
Trd, 4319167.193, 96
Trd, 4319167.643, 95
Trd, 4319168.043, 130
Trd, 4319168.943, 125
Trd, 4319169.493, 122
Trd, 4319169.593, 115
Trd, 4319169.843, 89
Trd, 4319171.743, 118
Trd, 4319171.843, 116
Trd, 4319173.393, 125
Trd, 4319175.393, 115
Trd, 4319175.543, 111
Trd, 4319178.743, 135
Trd, 4319178.993, 129
Trd, 4319179.243, 108
Trd, 4319180.043, 100
Trd, 4319180.193, 117
Trd, 4319180.543, 96
Trd, 4319180.693, 126
Trd, 4319181.243, 104
Trd, 4319182.743, 91
Trd, 4319182.893, 88
Trd, 4319183.643, 76
Trd, 4319184.193, 122
Trd, 4319187.093, 129
Trd, 4319188.393, 116
Trd, 4319188.443, 105
Trd, 4319189.393, 127
Trd, 4319189.743, 100
Trd, 4319190.243, 117
Trd, 4319191.143, 104
Trd, 4319191.443, 94
Trd, 4319191.943, 123
Trd, 4319192.093, 116
Trd, 4319192.243, 107
Trd, 4319195.143, 116
Trd, 4319195.893, 117
Trd, 4319196.643, 126
Trd, 4319197.443, 133
Trd, 4319198.393, 113
Trd, 4319199.043, 109
Trd, 4319200.193, 108
Trd, 4319200.443, 99
Trd, 4319201.843, 95
Trd, 4319202.793, 114
Trd, 4319203.243, 85
Trd, 4319203.843, 130
Trd, 4319203.893, 124
Trd, 4319206.093, 131
Trd, 4319206.393, 129
Trd, 4319206.493, 100
Trd, 4319206.743, 98
Trd, 4319207.443, 96
Trd, 4319209.393, 104
Trd, 4319210.293, 130
Trd, 4319212.593, 127
Trd, 4319213.143, 130
Trd, 4319213.243, 139
Trd, 4319214.493, 139
Trd, 4319214.693, 127
Trd, 4319214.793, 121
Trd, 4319217.393, 120
Trd, 4319218.143, 114
Trd, 4319218.993, 116
Trd, 4319219.243, 109
Trd, 4319220.343, 134
Trd, 4319220.693, 113
Trd, 4319221.393, 102
Trd, 4319221.993, 119
Trd, 4319222.793, 103
Trd, 4319223.343, 122
Trd, 4319224.093, 95
Trd, 4319224.743, 93
Trd, 4319226.043, 126
Trd, 4319226.843, 137
Trd, 4319227.443, 103
Trd, 4319229.393, 132
Trd, 4319229.543, 131
Trd, 4319230.793, 119
Trd, 4319231.443, 112
Trd, 4319231.493, 107
Trd, 4319231.693, 99
Trd, 4319232.293, 137
Trd, 4319232.943, 90
Trd, 4319233.843, 106
Trd, 4319233.943, 88
Trd, 4319234.643, 107
Trd, 4319235.443, 65
Trd, 4319236.043, 119
Trd, 4319237.643, 130
Trd, 4319237.843, 76
Trd, 4319238.093, 76
Trd, 4319239.693, 123
Trd, 4319239.993, 130
Trd, 4319240.193, 138
Trd, 4319241.043, 125
Trd, 4319242.693, 116
Trd, 4319243.993, 137
Trd, 4319244.643, 111
Trd, 4319245.793, 107
Trd, 4319245.993, 120
Trd, 4319246.093, 106
Trd, 4319246.793, 97
Trd, 4319246.843, 74
Trd, 4319248.393, 74
Trd, 4319249.393, 73
Trd, 4319249.543, 74
Trd, 4319252.443, 116
Trd, 4319252.693, 123
Trd, 4319253.393, 88
Trd, 4319253.793, 114
Trd, 4319254.993, 79
Trd, 4319255.143, 104
Trd, 4319255.993, 104
Trd, 4319257.493, 111
Trd, 4319257.693, 108
Trd, 4319258.993, 85
Trd, 4319259.593, 84
Trd, 4319260.043, 75
Trd, 4319260.393, 77
Trd, 4319263.093, 128
Trd, 4319263.293, 139
Trd, 4319264.593, 129
Trd, 4319264.843, 119
Trd, 4319265.493, 125
Trd, 4319266.143, 120
Trd, 4319266.593, 137
Trd, 4319266.743, 101
Trd, 4319266.793, 82
Trd, 4319266.893, 117
Trd, 4319269.393, 132
Trd, 4319269.493, 123
Trd, 4319270.743, 122
Trd, 4319270.893, 125
Trd, 4319271.543, 129
Trd, 4319271.693, 123
Trd, 4319272.093, 114
Trd, 4319273.693, 134
Trd, 4319273.943, 120
Trd, 4319275.143, 113
Trd, 4319276.643, 109
Trd, 4319276.843, 102
Trd, 4319277.243, 115
Trd, 4319277.293, 106
Trd, 4319277.543, 112
Trd, 4319280.193, 137
Trd, 4319280.693, 130
Trd, 4319281.593, 126
Trd, 4319282.043, 96
Trd, 4319283.243, 135
Trd, 4319283.343, 133
Trd, 4319283.943, 112
Trd, 4319285.643, 131
Trd, 4319286.493, 119
Trd, 4319286.843, 112
Trd, 4319287.443, 131
Trd, 4319289.743, 111
Trd, 4319290.443, 107
Trd, 4319291.193, 107
Trd, 4319291.843, 114
Trd, 4319292.843, 139
Trd, 4319292.993, 90
Trd, 4319293.193, 73
Trd, 4319293.443, 116
Trd, 4319293.793, 97
Trd, 4319296.443, 76
Trd, 4319296.893, 73
Trd, 4319297.993, 115
Trd, 4319298.893, 102
Trd, 4319299.193, 112
Trd, 4319300.093, 98
Trd, 4319301.943, 125
Trd, 4319302.593, 114
Trd, 4319303.343, 93
Trd, 4319303.543, 87
Trd, 4319303.593, 99
Trd, 4319304.193, 117
Trd, 4319305.243, 119
Trd, 4319306.743, 103
Trd, 4319307.193, 108
Trd, 4319307.993, 125
Trd, 4319309.093, 128
Trd, 4319309.243, 124
Trd, 4319309.893, 124
Trd, 4319309.993, 122
Trd, 4319311.393, 105
Trd, 4319312.243, 130
Trd, 4319312.793, 126
Trd, 4319313.743, 100
Trd, 4319314.793, 136
Trd, 4319315.943, 86
Trd, 4319317.543, 112
Trd, 4319318.093, 108
Trd, 4319319.043, 100
Trd, 4319319.893, 137
Trd, 4319321.093, 112
Trd, 4319321.343, 106
Trd, 4319321.793, 103
Trd, 4319322.293, 116
Trd, 4319322.793, 107
Trd, 4319323.743, 109
Trd, 4319323.793, 102
Trd, 4319324.843, 116
Trd, 4319325.493, 83
Trd, 4319326.043, 92
Trd, 4319326.143, 124
Trd, 4319327.093, 122
Trd, 4319328.193, 94
Trd, 4319328.743, 124
Trd, 4319328.943, 123
Trd, 4319329.693, 139
Trd, 4319330.643, 83
Trd, 4319331.243, 99
Trd, 4319332.343, 128
Trd, 4319332.543, 90
Trd, 4319332.793, 113
Trd, 4319333.243, 85
Trd, 4319335.393, 105
Trd, 4319336.093, 117
Trd, 4319336.493, 112
Trd, 4319337.693, 138
Trd, 4319337.893, 118
Trd, 4319338.243, 63
Trd, 4319339.193, 94
Trd, 4319340.543, 125
Trd, 4319341.543, 128
Trd, 4319342.443, 107
Trd, 4319342.843, 104
Trd, 4319342.893, 103
Trd, 4319343.643, 111
Trd, 4319343.743, 93
Trd, 4319344.193, 123
Trd, 4319346.593, 111
Trd, 4319347.743, 94
Trd, 4319348.093, 93
Trd, 4319348.543, 90
Trd, 4319348.943, 132
Trd, 4319349.393, 119
Trd, 4319349.793, 135
Trd, 4319350.293, 81
Trd, 4319350.643, 112
Trd, 4319350.943, 73
Trd, 4319351.543, 79
Trd, 4319352.943, 97
Trd, 4319353.743, 95
Trd, 4319355.093, 65
Trd, 4319355.243, 63
Trd, 4319355.493, 104
Trd, 4319356.593, 99
Trd, 4319356.993, 94
Trd, 4319358.143, 90
Trd, 4319359.243, 133
Trd, 4319362.543, 131
Trd, 4319362.843, 131
Trd, 4319364.343, 136
Trd, 4319364.543, 119
Trd, 4319365.343, 140
Trd, 4319365.443, 132
Trd, 4319365.543, 131
Trd, 4319365.693, 129
Trd, 4319366.343, 132
Trd, 4319366.893, 119
Trd, 4319368.093, 118
Trd, 4319368.543, 106
Trd, 4319370.243, 119
Trd, 4319370.393, 114
Trd, 4319371.043, 103
Trd, 4319371.243, 126
Trd, 4319371.593, 102
Trd, 4319372.843, 137
Trd, 4319373.093, 108
Trd, 4319373.243, 80
Trd, 4319374.043, 73
Trd, 4319374.743, 80
Trd, 4319375.343, 76
Trd, 4319375.593, 140
Trd, 4319376.343, 71
Trd, 4319376.943, 110
Trd, 4319377.243, 89
Trd, 4319377.993, 94
Trd, 4319378.743, 131
Trd, 4319379.493, 104
Trd, 4319379.893, 123
Trd, 4319380.143, 134
Trd, 4319380.593, 118
Trd, 4319382.493, 95
Trd, 4319383.543, 103
Trd, 4319384.193, 88
Trd, 4319384.293, 89
Trd, 4319384.593, 86
Trd, 4319386.243, 129
Trd, 4319386.693, 127
Trd, 4319386.893, 125
Trd, 4319387.293, 105
Trd, 4319387.743, 134
Trd, 4319387.993, 122
Trd, 4319388.243, 120
Trd, 4319390.293, 123
Trd, 4319390.843, 106
Trd, 4319392.393, 120
Trd, 4319392.593, 120
Trd, 4319392.943, 114
Trd, 4319393.243, 111
Trd, 4319393.843, 106
Trd, 4319394.193, 132
Trd, 4319395.543, 118
Trd, 4319396.393, 117
Trd, 4319396.743, 111
Trd, 4319398.593, 133
Trd, 4319398.793, 111
Trd, 4319398.943, 105
Trd, 4319401.193, 140
Trd, 4319401.443, 127
Trd, 4319401.693, 140
Trd, 4319402.093, 131
Trd, 4319403.343, 97
Trd, 4319403.643, 89
Trd, 4319403.993, 87
Trd, 4319406.143, 97
Trd, 4319408.543, 120
Trd, 4319408.593, 117
Trd, 4319408.793, 116
Trd, 4319409.143, 103
Trd, 4319409.343, 104
Trd, 4319410.143, 93
Trd, 4319411.093, 123
Trd, 4319412.443, 135
Trd, 4319412.993, 140
Trd, 4319413.843, 129
Trd, 4319414.343, 119
Trd, 4319414.693, 108
Trd, 4319415.193, 130
Trd, 4319416.543, 106
Trd, 4319416.643, 120
Trd, 4319417.293, 101
Trd, 4319418.143, 106
Trd, 4319418.693, 125
Trd, 4319418.943, 121
Trd, 4319419.493, 114
Trd, 4319420.343, 100
Trd, 4319421.793, 138
Trd, 4319422.643, 131
Trd, 4319426.593, 129
Trd, 4319426.793, 133
Trd, 4319427.343, 122
Trd, 4319427.593, 120
Trd, 4319428.643, 123
Trd, 4319429.043, 119
Trd, 4319430.793, 111
Trd, 4319431.143, 99
Trd, 4319431.493, 97
Trd, 4319431.893, 121
Trd, 4319432.493, 93
Trd, 4319433.293, 128
Trd, 4319434.393, 92
Trd, 4319434.893, 133
Trd, 4319436.443, 130
Trd, 4319436.693, 123
Trd, 4319437.093, 122
Trd, 4319437.643, 118
Trd, 4319438.543, 116
Trd, 4319439.543, 70
Trd, 4319439.693, 122
Trd, 4319439.843, 114
Trd, 4319442.843, 134
Trd, 4319443.243, 126
Trd, 4319443.843, 132
Trd, 4319443.993, 113
Trd, 4319444.143, 98
Trd, 4319444.443, 91
Trd, 4319444.793, 104
Trd, 4319446.843, 102
Trd, 4319447.543, 134
Trd, 4319447.843, 130
Trd, 4319448.593, 99
Trd, 4319449.193, 110
Trd, 4319449.543, 124
Trd, 4319451.493, 121
Trd, 4319451.793, 125
Trd, 4319452.793, 132
Trd, 4319453.243, 124
Trd, 4319453.693, 109
Trd, 4319454.243, 138
Trd, 4319456.193, 131
Trd, 4319456.843, 125
Trd, 4319456.993, 133
Trd, 4319457.693, 137
Trd, 4319457.943, 125
Trd, 4319458.343, 78
Trd, 4319459.293, 89
Trd, 4319459.993, 108
Trd, 4319461.143, 134
Trd, 4319462.043, 116
Trd, 4319462.643, 131
Trd, 4319463.893, 132
Trd, 4319464.093, 126
Trd, 4319465.443, 110
Trd, 4319465.493, 104
Trd, 4319466.243, 100
Trd, 4319466.743, 97
Trd, 4319467.343, 103
Trd, 4319468.343, 112
Trd, 4319468.743, 135
Trd, 4319470.143, 112
Trd, 4319470.293, 107
Trd, 4319470.993, 115
Trd, 4319471.643, 107
Trd, 4319472.893, 126
Trd, 4319473.143, 73
Trd, 4319473.293, 121
Trd, 4319474.393, 107
Trd, 4319474.593, 140
Trd, 4319476.293, 105
Trd, 4319476.743, 122
Trd, 4319478.393, 138
Trd, 4319478.643, 133
Trd, 4319479.093, 118
Trd, 4319479.193, 116
Trd, 4319481.493, 129
Trd, 4319482.093, 139
Trd, 4319482.943, 113
Trd, 4319484.043, 127
Trd, 4319484.443, 99
Trd, 4319484.493, 89
Trd, 4319485.093, 104
Trd, 4319485.393, 130
Trd, 4319485.643, 122
Trd, 4319486.943, 110
Trd, 4319488.743, 118
Trd, 4319489.193, 113
Trd, 4319489.293, 108
Trd, 4319493.193, 126
Trd, 4319493.493, 122
Trd, 4319494.993, 124
Trd, 4319495.243, 124
Trd, 4319495.293, 123
Trd, 4319496.693, 116
Trd, 4319496.843, 109
Trd, 4319497.793, 117
Trd, 4319498.093, 113
Trd, 4319499.043, 126
Trd, 4319499.393, 113
Trd, 4319499.743, 108
Trd, 4319500.293, 107
Trd, 4319500.893, 133
Trd, 4319501.193, 85
Trd, 4319501.393, 122
Trd, 4319501.893, 81
Trd, 4319503.443, 81
Trd, 4319504.293, 105
Trd, 4319504.393, 92
Trd, 4319505.693, 63
Trd, 4319506.143, 108
Trd, 4319507.393, 71
Trd, 4319509.243, 114
Trd, 4319509.693, 106
Trd, 4319509.743, 105
Trd, 4319509.993, 105
Trd, 4319510.993, 88
Trd, 4319511.343, 85
Trd, 4319512.443, 138
Trd, 4319512.843, 130
Trd, 4319513.393, 123
Trd, 4319513.843, 77
Trd, 4319514.743, 115
Trd, 4319514.993, 134
Trd, 4319516.343, 74
Trd, 4319516.793, 91
Trd, 4319518.793, 98
Trd, 4319519.393, 92
Trd, 4319520.043, 89
Trd, 4319520.893, 103
Trd, 4319521.043, 93
Trd, 4319522.093, 88
Trd, 4319522.943, 120
Trd, 4319523.093, 101
Trd, 4319523.293, 98
Trd, 4319524.643, 82
Trd, 4319524.843, 91
Trd, 4319525.293, 106
Trd, 4319525.593, 115
Trd, 4319526.593, 90
Trd, 4319527.893, 125
Trd, 4319528.393, 81
Trd, 4319528.943, 133
Trd, 4319529.243, 126
Trd, 4319529.343, 119
Trd, 4319530.143, 124
Trd, 4319530.443, 99
Trd, 4319533.243, 134
Trd, 4319533.493, 107
Trd, 4319533.993, 117
Trd, 4319535.043, 132
Trd, 4319535.993, 111
Trd, 4319536.093, 119
Trd, 4319536.493, 110
Trd, 4319536.693, 105
Trd, 4319537.093, 109
Trd, 4319537.643, 97
Trd, 4319539.243, 130
Trd, 4319539.843, 122
Trd, 4319539.893, 123
Trd, 4319541.693, 136
Trd, 4319542.643, 123
Trd, 4319543.343, 118
Trd, 4319544.443, 129
Trd, 4319544.593, 129
Trd, 4319544.643, 119
Trd, 4319547.743, 92
Trd, 4319548.043, 104
Trd, 4319549.643, 110
Trd, 4319549.793, 90
Trd, 4319549.893, 103
Trd, 4319550.143, 119
Trd, 4319550.993, 135
Trd, 4319551.243, 127
Trd, 4319553.293, 139
Trd, 4319553.593, 84
Trd, 4319553.843, 84
Trd, 4319555.843, 121
Trd, 4319556.393, 120
Trd, 4319557.193, 122
Trd, 4319557.593, 115
Trd, 4319558.443, 109
Trd, 4319558.843, 118
Trd, 4319560.843, 137
Trd, 4319561.093, 98
Trd, 4319561.743, 107
Trd, 4319563.893, 102
Trd, 4319564.343, 131
Trd, 4319565.993, 130
Trd, 4319566.993, 130
Trd, 4319567.443, 132
Trd, 4319569.043, 131
Trd, 4319569.093, 101
Trd, 4319569.743, 128
Trd, 4319571.043, 133
Trd, 4319571.593, 125
Trd, 4319572.243, 123
Trd, 4319575.793, 122
Trd, 4319575.943, 104
Trd, 4319576.343, 103
Trd, 4319576.993, 126
Trd, 4319577.043, 95
Trd, 4319577.743, 62
Trd, 4319578.743, 135
Trd, 4319578.843, 78
Trd, 4319580.293, 84
Trd, 4319580.993, 106
Trd, 4319582.893, 86
Trd, 4319582.943, 90
Trd, 4319584.943, 128
Trd, 4319584.993, 107
Trd, 4319585.493, 71
Trd, 4319586.243, 127
Trd, 4319588.393, 121
Trd, 4319589.043, 133
Trd, 4319589.443, 113
Trd, 4319589.843, 101
Trd, 4319590.293, 116
Trd, 4319590.443, 91
Trd, 4319591.643, 125
Trd, 4319592.043, 102
Trd, 4319592.543, 109
Trd, 4319592.893, 119
Trd, 4319595.743, 137
Trd, 4319595.893, 137
Trd, 4319595.993, 130
Trd, 4319597.143, 127
Trd, 4319597.443, 118
Trd, 4319598.743, 83
Trd, 4319598.993, 110
Trd, 4319600.743, 131
Trd, 4319601.143, 122
Trd, 4319601.893, 105
Trd, 4319601.943, 85
Trd, 4319602.393, 75
Trd, 4319603.243, 132
Trd, 4319604.043, 131
Trd, 4319604.243, 121
Trd, 4319604.693, 109
Trd, 4319605.743, 106
Trd, 4319605.993, 121
Trd, 4319607.393, 78
Trd, 4319607.643, 80
Trd, 4319607.943, 120
Trd, 4319609.043, 73
Trd, 4319609.793, 80
Trd, 4319609.993, 114
Trd, 4319610.693, 123
Trd, 4319611.443, 116
Trd, 4319611.543, 118
Trd, 4319612.893, 106
Trd, 4319613.593, 120
Trd, 4319614.493, 89
Trd, 4319615.393, 82
Trd, 4319616.143, 77
Trd, 4319617.293, 81
Trd, 4319617.593, 95
Trd, 4319618.243, 87
Trd, 4319620.743, 98
Trd, 4319621.393, 99
Trd, 4319621.743, 122
Trd, 4319622.143, 113
Trd, 4319623.643, 127
Trd, 4319624.843, 98
Trd, 4319625.893, 77
Trd, 4319626.193, 83
Trd, 4319626.493, 121
Trd, 4319626.643, 71
Trd, 4319627.593, 133
Trd, 4319627.843, 114
Trd, 4319628.693, 132
Trd, 4319629.043, 63
Trd, 4319631.043, 140
Trd, 4319631.193, 129
Trd, 4319631.843, 135
Trd, 4319631.993, 117
Trd, 4319632.743, 125
Trd, 4319633.943, 129
Trd, 4319634.243, 74
Trd, 4319635.843, 88
Trd, 4319636.693, 122
Trd, 4319637.343, 115
Trd, 4319638.393, 78
Trd, 4319639.093, 94
Trd, 4319639.693, 82
Trd, 4319642.143, 119
Trd, 4319642.443, 128
Trd, 4319643.293, 113
Trd, 4319643.743, 136
Trd, 4319644.343, 124
Trd, 4319645.293, 132
Trd, 4319645.893, 133
Trd, 4319646.543, 125
Trd, 4319647.343, 128
Trd, 4319647.643, 131
Trd, 4319647.993, 134
Trd, 4319649.993, 133
Trd, 4319650.143, 86
Trd, 4319651.843, 124
Trd, 4319653.393, 130
Trd, 4319653.543, 115
Trd, 4319653.743, 109
Trd, 4319654.143, 138
Trd, 4319654.693, 139
Trd, 4319655.293, 129
Trd, 4319656.693, 116
Trd, 4319657.943, 108
Trd, 4319658.343, 94
Trd, 4319658.943, 133
Trd, 4319659.443, 96
Trd, 4319659.843, 108
Trd, 4319659.893, 97
Trd, 4319661.343, 108
Trd, 4319661.893, 124
Trd, 4319662.043, 115
Trd, 4319663.343, 135
Trd, 4319663.393, 115
Trd, 4319663.493, 114
Trd, 4319664.193, 117
Trd, 4319666.793, 136
Trd, 4319667.193, 106
Trd, 4319668.843, 115
Trd, 4319669.243, 139
Trd, 4319669.443, 108
Trd, 4319669.543, 107
Trd, 4319669.843, 133
Trd, 4319670.943, 124
Trd, 4319672.393, 119
Trd, 4319673.393, 123
Trd, 4319673.443, 111
Trd, 4319674.093, 106
Trd, 4319674.193, 112
Trd, 4319676.493, 134
Trd, 4319676.893, 126
Trd, 4319677.493, 119
Trd, 4319677.643, 115
Trd, 4319678.193, 98
Trd, 4319678.443, 95
Trd, 4319679.093, 117
Trd, 4319680.993, 122
Trd, 4319681.893, 108
Trd, 4319683.093, 79
Trd, 4319683.343, 120
Trd, 4319684.293, 135
Trd, 4319684.693, 128
Trd, 4319685.643, 130
Trd, 4319686.143, 123
Trd, 4319686.943, 121
Trd, 4319687.393, 133
Trd, 4319688.443, 115
Trd, 4319689.393, 112
Trd, 4319689.943, 139
Trd, 4319689.993, 94
Trd, 4319690.693, 124
Trd, 4319692.543, 112
Trd, 4319693.443, 139
Trd, 4319694.343, 131
Trd, 4319694.593, 124
Trd, 4319695.293, 122
Trd, 4319695.843, 62
Trd, 4319696.493, 88
Trd, 4319697.043, 131
Trd, 4319697.693, 63
Trd, 4319697.843, 61
Trd, 4319699.343, 85
Trd, 4319700.193, 93
Trd, 4319700.343, 88
Trd, 4319700.593, 90
Trd, 4319703.793, 120
Trd, 4319704.843, 126
Trd, 4319706.293, 125
Trd, 4319706.643, 133
Trd, 4319706.893, 139
Trd, 4319708.343, 121
Trd, 4319709.043, 112
Trd, 4319709.193, 114
Trd, 4319710.143, 128
Trd, 4319710.493, 102
Trd, 4319710.843, 87
Trd, 4319711.893, 103
Trd, 4319713.993, 129
Trd, 4319714.393, 137
Trd, 4319714.493, 109
Trd, 4319714.843, 102
Trd, 4319715.443, 90
Trd, 4319716.743, 118
Trd, 4319717.493, 134
Trd, 4319718.043, 90
Trd, 4319719.293, 131
Trd, 4319719.743, 119
Trd, 4319720.343, 123
Trd, 4319721.843, 138
Trd, 4319721.893, 128
Trd, 4319722.543, 116
Trd, 4319723.343, 103
Trd, 4319723.943, 75
Trd, 4319724.743, 138
Trd, 4319724.993, 140
Trd, 4319726.443, 115
Trd, 4319726.943, 106
Trd, 4319727.843, 97
Trd, 4319728.043, 108
Trd, 4319729.193, 72
Trd, 4319730.143, 91
Trd, 4319731.243, 85
Trd, 4319731.693, 99
Trd, 4319732.093, 129
Trd, 4319732.443, 69
Trd, 4319733.043, 95
Trd, 4319733.543, 118
Trd, 4319734.143, 102
Trd, 4319734.393, 87
Trd, 4319735.393, 125
Trd, 4319736.043, 116
Trd, 4319737.693, 113
Trd, 4319737.843, 103
Trd, 4319739.293, 102
Trd, 4319740.493, 131
Trd, 4319741.493, 112
Trd, 4319742.193, 110
Trd, 4319742.443, 101
Trd, 4319742.593, 125
Trd, 4319743.543, 92
Trd, 4319744.543, 123
Trd, 4319744.643, 97
Trd, 4319746.793, 128
Trd, 4319746.943, 111
Trd, 4319747.293, 94
Trd, 4319748.393, 131
Trd, 4319749.643, 97
Trd, 4319750.243, 91
Trd, 4319751.093, 90
Trd, 4319751.443, 101
Trd, 4319751.643, 92
Trd, 4319752.643, 82
Trd, 4319755.343, 102
Trd, 4319755.743, 133
Trd, 4319756.443, 100
Trd, 4319756.993, 132
Trd, 4319757.343, 110
Trd, 4319759.593, 100
Trd, 4319760.443, 102
Trd, 4319761.193, 116
Trd, 4319761.243, 106
Trd, 4319762.093, 125
Trd, 4319762.243, 85
Trd, 4319762.293, 115
Trd, 4319763.543, 103
Trd, 4319763.793, 111
Trd, 4319765.593, 118
Trd, 4319766.693, 119
Trd, 4319766.743, 132
Trd, 4319766.993, 116
Trd, 4319768.093, 97
Trd, 4319770.643, 71
Trd, 4319771.843, 118
Trd, 4319772.143, 81
Trd, 4319774.093, 130
Trd, 4319774.993, 117
Trd, 4319775.293, 114
Trd, 4319776.143, 112
Trd, 4319776.193, 108
Trd, 4319776.843, 105
Trd, 4319777.793, 105
Trd, 4319778.143, 94
Trd, 4319779.043, 99
Trd, 4319780.643, 133
Trd, 4319781.743, 133
Trd, 4319781.893, 129
Trd, 4319781.993, 124
Trd, 4319782.693, 108
Trd, 4319783.243, 84
Trd, 4319785.343, 131
Trd, 4319786.143, 110
Trd, 4319786.793, 129
Trd, 4319786.943, 117
Trd, 4319787.593, 86
Trd, 4319787.943, 95
Trd, 4319788.993, 127
Trd, 4319789.143, 125
Trd, 4319790.243, 137
Trd, 4319791.443, 119
Trd, 4319793.293, 135
Trd, 4319794.493, 121
Trd, 4319795.393, 90
Trd, 4319795.643, 81
Trd, 4319795.943, 104
Trd, 4319796.293, 119
Trd, 4319797.143, 124
Trd, 4319798.043, 120
Trd, 4319798.293, 119
Trd, 4319799.593, 122
Trd, 4319800.093, 117
Trd, 4319800.993, 115
Trd, 4319801.843, 137
Trd, 4319805.143, 113
Trd, 4319805.593, 102
Trd, 4319806.693, 138
Trd, 4319807.243, 107
Trd, 4319807.393, 100
Trd, 4319808.043, 113
Trd, 4319808.143, 111
Trd, 4319808.393, 131
Trd, 4319808.593, 90
Trd, 4319808.943, 122
Trd, 4319811.143, 85
Trd, 4319811.293, 97
Trd, 4319811.893, 103
Trd, 4319812.093, 91
Trd, 4319812.593, 105
Trd, 4319813.743, 71
Trd, 4319814.793, 131
Trd, 4319815.293, 119
Trd, 4319815.743, 81
Trd, 4319817.593, 100
Trd, 4319817.693, 97
Trd, 4319818.493, 92
Trd, 4319818.893, 89
Trd, 4319819.643, 121
Trd, 4319820.143, 114
Trd, 4319821.093, 97
Trd, 4319822.593, 130
Trd, 4319823.243, 109
Trd, 4319823.793, 113
Trd, 4319824.943, 106
Trd, 4319825.993, 138
Trd, 4319826.093, 132
Trd, 4319826.693, 121
Trd, 4319826.793, 120
Trd, 4319827.243, 114
Trd, 4319827.993, 75
Trd, 4319829.193, 140
Trd, 4319830.343, 124
Trd, 4319830.993, 112
Trd, 4319831.493, 113
Trd, 4319831.993, 107
Trd, 4319832.043, 101
Trd, 4319834.043, 98
Trd, 4319834.243, 109
Trd, 4319836.543, 113
Trd, 4319837.343, 140
Trd, 4319837.543, 133
Trd, 4319837.793, 126
Trd, 4319838.643, 119
Trd, 4319838.893, 104
Trd, 4319839.093, 126
Trd, 4319841.193, 72
Trd, 4319841.493, 121
Trd, 4319842.193, 103
Trd, 4319842.543, 122
Trd, 4319842.993, 84
Trd, 4319843.193, 95
Trd, 4319843.493, 130
Trd, 4319843.943, 91
Trd, 4319845.943, 122
Trd, 4319846.943, 107
Trd, 4319846.993, 118
Trd, 4319847.093, 134
Trd, 4319848.043, 78
Trd, 4319850.643, 132
Trd, 4319851.043, 124
Trd, 4319851.493, 124
Trd, 4319851.593, 113
Trd, 4319851.893, 111
Trd, 4319852.793, 113
Trd, 4319853.493, 135
Trd, 4319854.243, 125
Trd, 4319855.043, 95
Trd, 4319855.793, 92
Trd, 4319857.743, 138
Trd, 4319857.893, 133
Trd, 4319857.943, 133
Trd, 4319858.393, 124
Trd, 4319858.493, 140
Trd, 4319859.543, 118
Trd, 4319860.193, 76
Trd, 4319860.893, 63
Trd, 4319861.193, 86
Trd, 4319861.693, 105
Trd, 4319861.793, 65
Trd, 4319864.443, 122
Trd, 4319864.843, 120
Trd, 4319865.243, 140
Trd, 4319865.743, 131
Trd, 4319866.393, 139
Trd, 4319866.943, 118
Trd, 4319867.343, 75
Trd, 4319867.593, 138
Trd, 4319870.443, 99
Trd, 4319870.493, 100
Trd, 4319870.593, 96
Trd, 4319871.643, 125
Trd, 4319871.793, 117
Trd, 4319871.893, 110
Trd, 4319872.943, 128
Trd, 4319874.193, 138
Trd, 4319875.343, 119
Trd, 4319876.093, 101
Trd, 4319876.143, 103
Trd, 4319876.343, 87
Trd, 4319877.193, 85
Trd, 4319877.443, 93
Trd, 4319880.243, 93
Trd, 4319881.493, 128
Trd, 4319882.293, 129
Trd, 4319882.443, 129
Trd, 4319883.143, 119
Trd, 4319883.543, 113
Trd, 4319883.993, 124
Trd, 4319884.693, 133
Trd, 4319885.393, 133
Trd, 4319885.643, 127
Trd, 4319887.893, 124
Trd, 4319888.493, 123
Trd, 4319890.493, 132
Trd, 4319890.593, 124
Trd, 4319891.193, 134
Trd, 4319892.793, 119
Trd, 4319894.093, 119
Trd, 4319895.293, 119
Trd, 4319896.943, 128
Trd, 4319897.843, 125
Trd, 4319898.443, 118
Trd, 4319898.493, 96
Trd, 4319898.893, 83
Trd, 4319899.143, 138
Trd, 4319900.043, 96
Trd, 4319900.393, 117
Trd, 4319901.343, 109
Trd, 4319903.743, 117
Trd, 4319904.193, 134
Trd, 4319904.593, 131
Trd, 4319905.593, 118
Trd, 4319905.743, 96
Trd, 4319906.243, 89
Trd, 4319906.643, 87
Trd, 4319906.943, 96
Trd, 4319907.143, 84
Trd, 4319909.943, 136
Trd, 4319910.243, 117
Trd, 4319912.493, 124
Trd, 4319912.693, 132
Trd, 4319912.793, 108
Trd, 4319913.893, 110
Trd, 4319914.693, 137
Trd, 4319914.943, 130
Trd, 4319915.643, 130
Trd, 4319917.043, 120
Trd, 4319918.093, 102
Trd, 4319918.493, 94
Trd, 4319918.943, 99
Trd, 4319919.193, 90
Trd, 4319920.693, 128
Trd, 4319921.043, 89
Trd, 4319921.643, 83
Trd, 4319922.043, 65
Trd, 4319924.343, 133
Trd, 4319925.293, 135
Trd, 4319926.243, 137
Trd, 4319926.943, 135
Trd, 4319927.793, 131
Trd, 4319927.843, 121
Trd, 4319928.243, 96
Trd, 4319928.743, 131
Trd, 4319929.993, 118
Trd, 4319930.393, 110
Trd, 4319931.643, 109
Trd, 4319931.693, 105
Trd, 4319932.493, 85
Trd, 4319933.693, 118
Trd, 4319935.743, 117
Trd, 4319935.943, 115
Trd, 4319936.393, 115
Trd, 4319936.543, 102
Trd, 4319936.943, 95
Trd, 4319937.593, 79
Trd, 4319939.243, 107
Trd, 4319939.493, 108
Trd, 4319939.893, 100
Trd, 4319941.093, 130
Trd, 4319941.493, 118
Trd, 4319942.693, 114
Trd, 4319943.243, 97
Trd, 4319945.443, 127
Trd, 4319947.093, 112
Trd, 4319948.093, 79
Trd, 4319948.943, 73
Trd, 4319949.693, 113
Trd, 4319950.493, 131
Trd, 4319952.393, 82
Trd, 4319952.893, 85
Trd, 4319954.293, 79
Trd, 4319955.743, 80
Trd, 4319956.193, 131
Trd, 4319956.443, 113
Trd, 4319956.743, 107
Trd, 4319957.443, 72
Trd, 4319957.943, 62
Trd, 4319959.743, 119
Trd, 4319961.493, 128
Trd, 4319962.193, 135
Trd, 4319962.243, 120
Trd, 4319962.693, 104
Trd, 4319963.343, 98
Trd, 4319964.193, 135
Trd, 4319965.043, 113
Trd, 4319965.943, 86
Trd, 4319966.443, 96
Trd, 4319967.393, 91
Trd, 4319968.093, 102
Trd, 4319968.493, 121
Trd, 4319969.443, 127
Trd, 4319970.443, 127
Trd, 4319971.093, 119
Trd, 4319971.243, 104
Trd, 4319971.543, 94
Trd, 4319972.793, 111
Trd, 4319973.193, 119
Trd, 4319973.643, 127
Trd, 4319975.643, 136
Trd, 4319975.943, 126
Trd, 4319976.093, 126
Trd, 4319976.193, 110
Trd, 4319978.293, 123
Trd, 4319978.493, 80
Trd, 4319979.443, 126
Trd, 4319980.643, 117
Trd, 4319981.793, 121
Trd, 4319982.593, 121
Trd, 4319983.493, 140
Trd, 4319983.593, 115
Trd, 4319984.193, 109
Trd, 4319985.393, 133
Trd, 4319986.343, 94
Trd, 4319986.743, 72
Trd, 4319987.893, 137
Trd, 4319988.793, 129
Trd, 4319988.943, 122
Trd, 4319990.443, 108
Trd, 4319990.943, 91
Trd, 4319991.943, 123
Trd, 4319992.643, 123
Trd, 4319992.893, 117
Trd, 4319993.043, 109
Trd, 4319993.893, 103
Trd, 4319994.543, 72
Trd, 4319995.293, 79
Trd, 4319997.543, 108
Trd, 4319997.843, 95
Trd, 4319998.393, 99
Trd, 4319998.493, 121
Trd, 4319998.593, 93
