Trd, 4318154.493, 139
Trd, 4318154.943, 140
Trd, 4318157.393, 140
Trd, 4318158.093, 140
Trd, 4318158.143, 137
Trd, 4318158.243, 137
Trd, 4318158.293, 120
Trd, 4318158.743, 125
Trd, 4318159.543, 139
Trd, 4318160.143, 139
Trd, 4318160.443, 140
Trd, 4318161.693, 140
Trd, 4318162.093, 138
Trd, 4318163.543, 139
Trd, 4318164.143, 140
Trd, 4318164.243, 139
Trd, 4318165.243, 140
Trd, 4318165.643, 110
Trd, 4318166.543, 102
Trd, 4318167.193, 140
Trd, 4318169.293, 140
Trd, 4318170.143, 140
Trd, 4318170.793, 140
Trd, 4318171.193, 139
Trd, 4318171.543, 139
Trd, 4318171.693, 138
Trd, 4318173.193, 72
Trd, 4318173.393, 61
Trd, 4318173.893, 111
Trd, 4318174.993, 128
Trd, 4318175.293, 139
Trd, 4318175.343, 137
Trd, 4318176.693, 138
Trd, 4318177.093, 134
Trd, 4318177.293, 132
Trd, 4318178.343, 139
Trd, 4318178.493, 99
Trd, 4318179.893, 63
Trd, 4318181.093, 140
Trd, 4318181.743, 140
Trd, 4318183.743, 139
Trd, 4318184.243, 119
Trd, 4318184.543, 117
Trd, 4318185.043, 122
Trd, 4318187.543, 140
Trd, 4318188.743, 140
Trd, 4318188.793, 139
Trd, 4318188.843, 138
Trd, 4318189.693, 137
Trd, 4318190.443, 138
Trd, 4318190.743, 124
Trd, 4318190.843, 123
Trd, 4318191.143, 86
Trd, 4318191.993, 140
Trd, 4318193.293, 140
Trd, 4318193.393, 140
Trd, 4318194.643, 140
Trd, 4318195.793, 139
Trd, 4318196.243, 140
Trd, 4318196.543, 139
Trd, 4318197.143, 119
Trd, 4318198.193, 140
Trd, 4318198.793, 140
Trd, 4318198.893, 140
Trd, 4318198.943, 140
Trd, 4318200.343, 136
Trd, 4318200.643, 97
Trd, 4318201.093, 88
Trd, 4318201.493, 62
Trd, 4318203.293, 140
Trd, 4318203.343, 139
Trd, 4318204.443, 140
Trd, 4318204.693, 139
Trd, 4318206.293, 140
Trd, 4318206.343, 140
Trd, 4318207.293, 140
Trd, 4318207.843, 137
Trd, 4318207.893, 83
Trd, 4318208.493, 139
Trd, 4318210.093, 140
Trd, 4318210.493, 140
Trd, 4318210.643, 139
Trd, 4318211.343, 138
Trd, 4318212.193, 135
Trd, 4318212.643, 123
Trd, 4318212.793, 100
Trd, 4318214.043, 60
Trd, 4318214.143, 63
Trd, 4318214.593, 97
Trd, 4318214.893, 63
Trd, 4318216.893, 140
Trd, 4318218.393, 140
Trd, 4318219.143, 140
Trd, 4318219.893, 140
Trd, 4318221.843, 140
Trd, 4318222.293, 140
Trd, 4318223.143, 140
Trd, 4318223.243, 140
Trd, 4318223.743, 140
Trd, 4318224.243, 140
Trd, 4318224.643, 125
Trd, 4318225.443, 140
Trd, 4318226.993, 140
Trd, 4318227.343, 138
Trd, 4318227.843, 106
Trd, 4318228.243, 92
Trd, 4318228.393, 136
Trd, 4318229.543, 138
Trd, 4318230.443, 140
Trd, 4318230.743, 140
Trd, 4318231.093, 140
Trd, 4318231.793, 107
Trd, 4318233.443, 140
Trd, 4318233.843, 139
Trd, 4318234.193, 80
Trd, 4318234.893, 100
Trd, 4318235.093, 60
Trd, 4318235.143, 126
Trd, 4318235.543, 140
Trd, 4318235.843, 140
Trd, 4318236.343, 140
Trd, 4318237.693, 60
Trd, 4318238.293, 66
Trd, 4318239.593, 60
Trd, 4318240.393, 62
Trd, 4318241.743, 60
Trd, 4318241.893, 100
Trd, 4318242.243, 140
Trd, 4318243.543, 60
Trd, 4318243.793, 92
Trd, 4318244.493, 73
Trd, 4318245.743, 139
Trd, 4318246.293, 138
Trd, 4318246.393, 116
Trd, 4318246.743, 140
Trd, 4318247.343, 127
Trd, 4318247.693, 133
Trd, 4318248.543, 140
Trd, 4318249.393, 140
Trd, 4318249.843, 129
Trd, 4318251.743, 140
Trd, 4318251.893, 139
Trd, 4318252.643, 140
Trd, 4318253.593, 140
Trd, 4318254.043, 139
Trd, 4318255.293, 139
Trd, 4318256.343, 139
Trd, 4318256.943, 138
Trd, 4318257.643, 140
Trd, 4318257.743, 140
Trd, 4318258.243, 140
Trd, 4318258.493, 139
Trd, 4318258.893, 139
Trd, 4318258.993, 130
Trd, 4318259.193, 112
Trd, 4318260.943, 138
Trd, 4318261.543, 139
Trd, 4318261.643, 138
Trd, 4318262.193, 60
Trd, 4318262.493, 136
Trd, 4318263.693, 135
Trd, 4318264.543, 140
Trd, 4318264.893, 139
Trd, 4318265.643, 138
Trd, 4318265.693, 133
Trd, 4318266.493, 140
Trd, 4318267.393, 140
Trd, 4318268.793, 140
Trd, 4318269.243, 140
Trd, 4318269.493, 140
Trd, 4318269.643, 104
Trd, 4318271.193, 140
Trd, 4318271.543, 133
Trd, 4318272.343, 138
Trd, 4318272.793, 125
Trd, 4318273.693, 138
Trd, 4318274.393, 140
Trd, 4318274.693, 119
Trd, 4318275.393, 140
Trd, 4318276.493, 139
Trd, 4318276.643, 99
Trd, 4318276.893, 101
Trd, 4318278.143, 139
Trd, 4318278.393, 138
Trd, 4318280.343, 140
Trd, 4318280.943, 140
Trd, 4318281.643, 140
Trd, 4318281.743, 99
Trd, 4318282.543, 65
Trd, 4318282.693, 61
Trd, 4318283.043, 140
Trd, 4318283.593, 139
Trd, 4318284.443, 137
Trd, 4318285.243, 140
Trd, 4318285.843, 140
Trd, 4318287.293, 140
Trd, 4318288.093, 140
Trd, 4318288.593, 140
Trd, 4318288.993, 137
Trd, 4318289.943, 140
Trd, 4318290.343, 140
Trd, 4318290.643, 129
Trd, 4318290.993, 133
Trd, 4318292.393, 139
Trd, 4318292.643, 139
Trd, 4318293.293, 137
Trd, 4318294.293, 119
Trd, 4318294.493, 118
Trd, 4318295.093, 63
Trd, 4318295.193, 82
Trd, 4318296.793, 140
Trd, 4318297.543, 136
Trd, 4318298.243, 138
Trd, 4318299.293, 116
Trd, 4318299.593, 137
Trd, 4318299.893, 140
Trd, 4318300.593, 140
Trd, 4318300.643, 139
Trd, 4318300.943, 113
Trd, 4318302.393, 137
Trd, 4318302.493, 136
Trd, 4318302.793, 86
Trd, 4318303.243, 140
Trd, 4318305.193, 61
Trd, 4318305.243, 126
Trd, 4318305.993, 140
Trd, 4318306.793, 140
Trd, 4318306.893, 140
Trd, 4318307.793, 140
Trd, 4318308.593, 83
Trd, 4318308.943, 140
Trd, 4318309.393, 139
Trd, 4318311.393, 140
Trd, 4318311.943, 136
Trd, 4318312.143, 133
Trd, 4318312.543, 75
Trd, 4318312.743, 73
Trd, 4318313.043, 121
Trd, 4318313.643, 61
Trd, 4318314.943, 140
Trd, 4318315.693, 138
Trd, 4318316.093, 132
Trd, 4318316.443, 70
Trd, 4318317.293, 140
Trd, 4318318.543, 138
Trd, 4318318.693, 129
Trd, 4318319.393, 76
Trd, 4318320.593, 140
Trd, 4318321.143, 140
Trd, 4318321.793, 140
Trd, 4318322.443, 140
Trd, 4318322.993, 139
Trd, 4318324.143, 136
Trd, 4318324.243, 113
Trd, 4318325.293, 121
Trd, 4318326.243, 65
Trd, 4318326.643, 93
Trd, 4318329.143, 140
Trd, 4318329.293, 140
Trd, 4318329.593, 140
Trd, 4318329.693, 140
Trd, 4318330.893, 140
Trd, 4318331.443, 140
Trd, 4318331.943, 140
Trd, 4318332.243, 137
Trd, 4318332.993, 140
Trd, 4318333.543, 140
Trd, 4318334.093, 139
Trd, 4318335.043, 140
Trd, 4318335.293, 140
Trd, 4318336.393, 139
Trd, 4318336.743, 138
Trd, 4318337.943, 138
Trd, 4318338.843, 140
Trd, 4318339.193, 140
Trd, 4318339.293, 140
Trd, 4318339.493, 95
Trd, 4318340.643, 140
Trd, 4318340.693, 139
Trd, 4318340.893, 139
Trd, 4318341.093, 134
Trd, 4318343.093, 140
Trd, 4318343.393, 139
Trd, 4318344.293, 139
Trd, 4318344.543, 124
Trd, 4318345.243, 140
Trd, 4318345.343, 140
Trd, 4318345.593, 88
Trd, 4318346.343, 140
Trd, 4318347.143, 116
Trd, 4318348.193, 140
Trd, 4318349.693, 140
Trd, 4318351.193, 140
Trd, 4318352.043, 139
Trd, 4318352.293, 139
Trd, 4318352.793, 140
Trd, 4318353.343, 140
Trd, 4318354.043, 138
Trd, 4318355.493, 140
Trd, 4318355.743, 139
Trd, 4318355.993, 132
Trd, 4318356.993, 136
Trd, 4318358.393, 140
Trd, 4318358.843, 140
Trd, 4318359.343, 140
Trd, 4318360.393, 140
Trd, 4318360.443, 140
Trd, 4318362.043, 140
Trd, 4318362.443, 137
Trd, 4318362.593, 136
Trd, 4318363.243, 139
Trd, 4318363.543, 121
Trd, 4318363.593, 116
Trd, 4318364.343, 140
Trd, 4318364.743, 139
Trd, 4318365.193, 130
Trd, 4318367.443, 140
Trd, 4318367.493, 140
Trd, 4318368.243, 140
Trd, 4318368.693, 140
Trd, 4318368.793, 140
Trd, 4318368.943, 139
Trd, 4318371.143, 140
Trd, 4318371.443, 140
Trd, 4318371.693, 131
Trd, 4318372.143, 86
Trd, 4318372.843, 99
Trd, 4318374.343, 140
Trd, 4318375.093, 140
Trd, 4318375.893, 140
Trd, 4318375.943, 139
Trd, 4318376.543, 140
Trd, 4318376.593, 138
Trd, 4318376.793, 136
Trd, 4318378.793, 140
Trd, 4318378.993, 140
Trd, 4318379.543, 140
Trd, 4318379.993, 140
Trd, 4318380.943, 139
Trd, 4318382.343, 137
Trd, 4318383.543, 140
Trd, 4318384.493, 139
Trd, 4318384.793, 140
Trd, 4318384.843, 140
Trd, 4318385.393, 140
Trd, 4318385.693, 140
Trd, 4318386.543, 134
Trd, 4318387.443, 140
Trd, 4318388.293, 140
Trd, 4318389.243, 138
Trd, 4318389.593, 140
Trd, 4318389.693, 119
Trd, 4318390.893, 140
Trd, 4318391.843, 139
Trd, 4318392.193, 139
Trd, 4318392.343, 139
Trd, 4318393.643, 64
Trd, 4318394.043, 60
Trd, 4318395.643, 60
Trd, 4318396.643, 62
Trd, 4318397.343, 140
Trd, 4318397.543, 139
Trd, 4318397.593, 139
Trd, 4318398.193, 131
Trd, 4318399.493, 134
Trd, 4318399.843, 139
Trd, 4318400.593, 77
Trd, 4318401.593, 60
Trd, 4318401.993, 67
Trd, 4318402.893, 140
Trd, 4318403.343, 139
Trd, 4318403.793, 122
Trd, 4318403.843, 105
Trd, 4318404.293, 118
Trd, 4318405.693, 60
Trd, 4318405.993, 86
Trd, 4318406.443, 65
Trd, 4318407.793, 61
Trd, 4318409.493, 110
Trd, 4318410.243, 135
Trd, 4318410.893, 140
Trd, 4318411.093, 136
Trd, 4318412.193, 140
Trd, 4318412.243, 135
Trd, 4318413.043, 140
Trd, 4318413.743, 135
Trd, 4318414.343, 64
Trd, 4318414.743, 139
Trd, 4318416.493, 62
Trd, 4318417.493, 140
Trd, 4318418.243, 105
Trd, 4318418.543, 104
Trd, 4318419.793, 67
Trd, 4318419.993, 131
Trd, 4318420.293, 139
Trd, 4318420.793, 117
Trd, 4318420.893, 140
Trd, 4318422.043, 60
Trd, 4318422.093, 63
Trd, 4318422.593, 119
Trd, 4318424.193, 64
Trd, 4318424.343, 67
Trd, 4318425.543, 140
Trd, 4318426.593, 140
Trd, 4318427.143, 139
Trd, 4318427.493, 140
Trd, 4318427.693, 139
Trd, 4318428.393, 132
Trd, 4318429.393, 136
Trd, 4318429.443, 125
Trd, 4318430.643, 125
Trd, 4318431.393, 140
Trd, 4318432.193, 139
Trd, 4318432.843, 140
Trd, 4318434.493, 140
Trd, 4318434.793, 139
Trd, 4318435.193, 140
Trd, 4318435.293, 140
Trd, 4318436.543, 140
Trd, 4318436.693, 136
Trd, 4318437.043, 135
Trd, 4318437.743, 132
Trd, 4318438.743, 140
Trd, 4318439.043, 139
Trd, 4318439.193, 134
Trd, 4318440.693, 87
Trd, 4318441.843, 140
Trd, 4318442.543, 140
Trd, 4318443.543, 139
Trd, 4318444.143, 138
Trd, 4318444.743, 137
Trd, 4318444.943, 139
Trd, 4318445.093, 136
Trd, 4318446.293, 131
Trd, 4318446.393, 131
Trd, 4318446.443, 128
Trd, 4318446.793, 63
Trd, 4318447.243, 140
Trd, 4318447.943, 140
Trd, 4318448.293, 87
Trd, 4318448.993, 64
Trd, 4318450.193, 131
Trd, 4318450.543, 136
Trd, 4318451.543, 140
Trd, 4318452.493, 140
Trd, 4318452.743, 134
Trd, 4318453.043, 66
Trd, 4318454.343, 139
Trd, 4318454.743, 104
Trd, 4318454.793, 87
Trd, 4318456.093, 60
Trd, 4318456.243, 62
Trd, 4318456.643, 131
Trd, 4318458.043, 140
Trd, 4318458.293, 140
Trd, 4318459.143, 139
Trd, 4318459.393, 128
Trd, 4318459.693, 138
Trd, 4318460.043, 137
Trd, 4318461.243, 140
Trd, 4318461.993, 140
Trd, 4318462.993, 140
Trd, 4318463.643, 140
Trd, 4318463.743, 139
Trd, 4318464.343, 136
Trd, 4318464.443, 120
Trd, 4318465.193, 119
Trd, 4318465.893, 140
Trd, 4318465.993, 106
Trd, 4318466.943, 140
Trd, 4318466.993, 139
Trd, 4318467.643, 118
Trd, 4318468.393, 132
Trd, 4318469.043, 140
Trd, 4318469.443, 116
Trd, 4318470.693, 139
Trd, 4318471.243, 138
Trd, 4318471.393, 132
Trd, 4318472.343, 140
Trd, 4318473.193, 140
Trd, 4318473.343, 139
Trd, 4318474.143, 140
Trd, 4318476.043, 140
Trd, 4318476.343, 138
Trd, 4318476.793, 140
Trd, 4318477.943, 139
Trd, 4318477.993, 138
Trd, 4318479.243, 140
Trd, 4318480.293, 140
Trd, 4318480.743, 139
Trd, 4318481.393, 65
Trd, 4318482.393, 82
Trd, 4318482.793, 140
Trd, 4318482.943, 139
Trd, 4318483.143, 117
Trd, 4318486.093, 140
Trd, 4318486.243, 140
Trd, 4318486.793, 138
Trd, 4318487.393, 140
Trd, 4318488.943, 123
Trd, 4318489.293, 67
Trd, 4318489.493, 60
Trd, 4318489.893, 61
Trd, 4318489.943, 116
Trd, 4318490.443, 138
Trd, 4318491.193, 111
Trd, 4318492.143, 61
Trd, 4318492.543, 62
Trd, 4318492.693, 123
Trd, 4318492.943, 136
Trd, 4318494.543, 131
Trd, 4318495.293, 118
Trd, 4318495.743, 117
Trd, 4318496.943, 140
Trd, 4318497.593, 140
Trd, 4318497.893, 139
Trd, 4318498.193, 138
Trd, 4318498.543, 81
Trd, 4318498.743, 61
Trd, 4318499.343, 62
Trd, 4318499.643, 60
Trd, 4318500.693, 86
Trd, 4318500.793, 102
Trd, 4318502.143, 140
Trd, 4318502.993, 140
Trd, 4318503.143, 137
Trd, 4318503.943, 65
Trd, 4318504.493, 137
Trd, 4318504.843, 140
Trd, 4318505.693, 139
Trd, 4318506.193, 140
Trd, 4318506.593, 140
Trd, 4318506.643, 117
Trd, 4318507.143, 70
Trd, 4318507.843, 90
Trd, 4318509.393, 140
Trd, 4318509.593, 86
Trd, 4318509.793, 60
Trd, 4318509.943, 66
Trd, 4318511.343, 107
Trd, 4318511.493, 77
Trd, 4318511.993, 140
Trd, 4318512.243, 64
Trd, 4318513.293, 91
Trd, 4318514.993, 139
Trd, 4318515.243, 103
Trd, 4318515.943, 101
Trd, 4318517.093, 140
Trd, 4318518.043, 140
Trd, 4318518.193, 140
Trd, 4318518.543, 140
Trd, 4318518.643, 140
Trd, 4318520.893, 140
Trd, 4318521.243, 140
Trd, 4318523.443, 140
Trd, 4318523.493, 140
Trd, 4318523.543, 139
Trd, 4318523.943, 138
Trd, 4318524.593, 135
Trd, 4318524.793, 120
Trd, 4318526.643, 140
Trd, 4318527.343, 140
Trd, 4318528.143, 140
Trd, 4318529.043, 140
Trd, 4318530.693, 140
Trd, 4318530.793, 140
Trd, 4318530.943, 140
Trd, 4318531.093, 139
Trd, 4318531.643, 140
Trd, 4318532.393, 139
Trd, 4318532.643, 137
Trd, 4318532.893, 135
Trd, 4318534.093, 139
Trd, 4318534.893, 137
Trd, 4318535.793, 140
Trd, 4318536.543, 140
Trd, 4318536.593, 137
Trd, 4318536.743, 130
Trd, 4318537.793, 116
Trd, 4318537.843, 115
Trd, 4318539.543, 118
Trd, 4318539.993, 140
Trd, 4318540.593, 72
Trd, 4318541.643, 140
Trd, 4318543.793, 140
Trd, 4318543.893, 139
Trd, 4318544.043, 127
Trd, 4318544.193, 126
Trd, 4318544.543, 86
Trd, 4318545.493, 140
Trd, 4318545.693, 140
Trd, 4318546.593, 136
Trd, 4318548.643, 140
Trd, 4318548.693, 140
Trd, 4318550.193, 140
Trd, 4318550.643, 139
Trd, 4318551.543, 79
Trd, 4318552.393, 108
Trd, 4318552.693, 139
Trd, 4318553.443, 133
Trd, 4318554.143, 140
Trd, 4318555.293, 64
Trd, 4318555.743, 64
Trd, 4318556.843, 69
Trd, 4318557.043, 93
Trd, 4318558.443, 140
Trd, 4318558.743, 140
Trd, 4318559.343, 140
Trd, 4318559.643, 139
Trd, 4318560.093, 138
Trd, 4318561.643, 140
Trd, 4318562.993, 140
Trd, 4318563.343, 140
Trd, 4318563.443, 139
Trd, 4318564.443, 140
Trd, 4318564.943, 140
Trd, 4318566.743, 140
Trd, 4318567.393, 140
Trd, 4318567.593, 140
Trd, 4318567.693, 135
Trd, 4318568.043, 125
Trd, 4318568.493, 140
Trd, 4318569.443, 61
Trd, 4318570.043, 120
Trd, 4318570.893, 139
Trd, 4318571.643, 140
Trd, 4318572.043, 140
Trd, 4318572.093, 137
Trd, 4318573.043, 136
Trd, 4318573.693, 132
Trd, 4318573.793, 88
Trd, 4318573.993, 78
Trd, 4318574.043, 77
Trd, 4318575.593, 62
Trd, 4318575.693, 64
Trd, 4318576.893, 136
Trd, 4318576.993, 137
Trd, 4318578.543, 105
Trd, 4318579.343, 140
Trd, 4318580.343, 140
Trd, 4318580.593, 140
Trd, 4318581.193, 140
Trd, 4318581.343, 140
Trd, 4318583.343, 140
Trd, 4318583.543, 140
Trd, 4318583.793, 140
Trd, 4318584.293, 137
Trd, 4318585.593, 140
Trd, 4318586.093, 139
Trd, 4318586.493, 140
Trd, 4318587.193, 140
Trd, 4318587.793, 140
Trd, 4318589.293, 136
Trd, 4318590.893, 140
Trd, 4318591.743, 140
Trd, 4318591.793, 139
Trd, 4318592.693, 139
Trd, 4318593.143, 138
Trd, 4318593.393, 135
Trd, 4318594.393, 130
Trd, 4318594.593, 129
Trd, 4318595.443, 139
Trd, 4318595.943, 126
Trd, 4318596.243, 115
Trd, 4318596.543, 140
Trd, 4318596.993, 62
Trd, 4318597.543, 65
Trd, 4318598.443, 138
Trd, 4318599.493, 117
Trd, 4318599.843, 116
Trd, 4318599.943, 115
Trd, 4318600.793, 100
Trd, 4318600.993, 68
Trd, 4318601.443, 138
Trd, 4318601.793, 136
Trd, 4318603.243, 64
Trd, 4318603.743, 140
Trd, 4318606.743, 140
Trd, 4318606.893, 140
Trd, 4318607.493, 140
Trd, 4318608.193, 140
Trd, 4318608.693, 139
Trd, 4318608.793, 140
Trd, 4318609.443, 137
Trd, 4318610.443, 138
Trd, 4318610.893, 139
Trd, 4318611.393, 139
Trd, 4318612.143, 138
Trd, 4318612.393, 140
Trd, 4318613.443, 129
Trd, 4318614.443, 140
Trd, 4318614.793, 66
Trd, 4318615.493, 74
Trd, 4318615.943, 128
Trd, 4318616.243, 140
Trd, 4318616.343, 139
Trd, 4318618.043, 60
Trd, 4318618.593, 133
Trd, 4318618.993, 111
Trd, 4318619.643, 140
Trd, 4318620.043, 140
Trd, 4318620.893, 140
Trd, 4318621.743, 140
Trd, 4318621.893, 140
Trd, 4318623.693, 140
Trd, 4318623.743, 138
Trd, 4318624.193, 140
Trd, 4318625.293, 140
Trd, 4318625.393, 140
Trd, 4318626.243, 132
Trd, 4318627.693, 140
Trd, 4318627.993, 140
Trd, 4318629.093, 140
Trd, 4318630.243, 140
Trd, 4318630.493, 139
Trd, 4318631.243, 140
Trd, 4318631.393, 140
Trd, 4318632.443, 140
Trd, 4318632.493, 140
Trd, 4318632.693, 139
Trd, 4318633.243, 140
Trd, 4318634.993, 140
Trd, 4318635.493, 111
Trd, 4318636.443, 140
Trd, 4318637.043, 140
Trd, 4318637.293, 61
Trd, 4318637.643, 140
Trd, 4318638.893, 60
Trd, 4318640.043, 124
Trd, 4318640.343, 110
Trd, 4318641.593, 140
Trd, 4318641.943, 140
Trd, 4318642.143, 140
Trd, 4318642.243, 140
Trd, 4318643.343, 136
Trd, 4318643.493, 83
Trd, 4318643.943, 65
Trd, 4318644.643, 140
Trd, 4318645.693, 140
Trd, 4318646.143, 140
Trd, 4318646.643, 140
Trd, 4318647.043, 140
Trd, 4318648.243, 140
Trd, 4318649.343, 140
Trd, 4318649.893, 140
Trd, 4318650.193, 122
Trd, 4318650.693, 126
Trd, 4318651.043, 122
Trd, 4318651.593, 124
Trd, 4318652.143, 123
Trd, 4318652.593, 140
Trd, 4318652.793, 140
Trd, 4318653.793, 139
Trd, 4318654.843, 134
Trd, 4318654.893, 118
Trd, 4318654.943, 99
Trd, 4318655.643, 140
Trd, 4318656.293, 139
Trd, 4318657.443, 140
Trd, 4318657.593, 140
Trd, 4318658.743, 140
Trd, 4318659.393, 138
Trd, 4318659.843, 131
Trd, 4318660.893, 140
Trd, 4318660.943, 139
Trd, 4318662.093, 119
Trd, 4318662.393, 124
Trd, 4318662.843, 139
Trd, 4318663.593, 140
Trd, 4318663.743, 139
Trd, 4318664.643, 92
Trd, 4318666.393, 140
Trd, 4318667.393, 140
Trd, 4318667.893, 139
Trd, 4318667.993, 138
Trd, 4318668.493, 139
Trd, 4318668.943, 135
Trd, 4318669.993, 140
Trd, 4318670.693, 140
Trd, 4318670.943, 140
Trd, 4318670.993, 140
Trd, 4318671.093, 140
Trd, 4318673.293, 139
Trd, 4318673.943, 140
Trd, 4318674.293, 140
Trd, 4318675.143, 140
Trd, 4318675.443, 140
Trd, 4318676.543, 126
Trd, 4318676.893, 110
Trd, 4318678.093, 140
Trd, 4318678.293, 139
Trd, 4318678.593, 137
Trd, 4318678.993, 83
Trd, 4318679.593, 140
Trd, 4318679.743, 70
Trd, 4318680.643, 138
Trd, 4318681.293, 140
Trd, 4318681.343, 137
Trd, 4318681.943, 138
Trd, 4318682.743, 131
Trd, 4318683.843, 80
Trd, 4318684.193, 139
Trd, 4318684.293, 74
Trd, 4318684.743, 132
Trd, 4318684.843, 131
Trd, 4318685.993, 137
Trd, 4318686.993, 140
Trd, 4318687.443, 139
Trd, 4318688.493, 140
Trd, 4318688.593, 86
Trd, 4318688.793, 62
Trd, 4318690.593, 140
Trd, 4318690.793, 140
Trd, 4318690.893, 140
Trd, 4318692.793, 140
Trd, 4318693.943, 140
Trd, 4318694.343, 140
Trd, 4318694.643, 140
Trd, 4318695.593, 140
Trd, 4318695.643, 140
Trd, 4318696.043, 140
Trd, 4318696.093, 138
Trd, 4318697.693, 139
Trd, 4318697.993, 129
Trd, 4318698.193, 128
Trd, 4318698.743, 123
Trd, 4318699.743, 140
Trd, 4318700.843, 140
Trd, 4318701.343, 140
Trd, 4318702.943, 140
Trd, 4318703.643, 140
Trd, 4318704.893, 140
Trd, 4318704.943, 140
Trd, 4318704.993, 139
Trd, 4318705.493, 140
Trd, 4318706.843, 140
Trd, 4318707.543, 140
Trd, 4318707.843, 139
Trd, 4318707.943, 129
Trd, 4318708.393, 140
Trd, 4318709.393, 140
Trd, 4318709.493, 119
Trd, 4318710.743, 139
Trd, 4318711.843, 138
Trd, 4318712.243, 138
Trd, 4318712.693, 140
Trd, 4318712.843, 118
Trd, 4318714.043, 139
Trd, 4318714.093, 138
Trd, 4318714.793, 113
Trd, 4318715.193, 101
Trd, 4318715.243, 82
Trd, 4318717.593, 140
Trd, 4318717.743, 140
Trd, 4318718.593, 138
Trd, 4318719.343, 134
Trd, 4318719.393, 105
Trd, 4318720.393, 140
Trd, 4318720.543, 139
Trd, 4318721.043, 140
Trd, 4318721.093, 137
Trd, 4318721.543, 107
Trd, 4318721.743, 113
Trd, 4318723.493, 140
Trd, 4318724.543, 140
Trd, 4318724.943, 140
Trd, 4318725.043, 140
Trd, 4318726.293, 138
Trd, 4318727.243, 139
Trd, 4318727.543, 139
Trd, 4318727.993, 139
Trd, 4318728.243, 138
Trd, 4318729.193, 123
Trd, 4318729.393, 120
Trd, 4318730.793, 139
Trd, 4318731.493, 140
Trd, 4318731.643, 140
Trd, 4318731.793, 139
Trd, 4318732.893, 140
Trd, 4318733.143, 140
Trd, 4318733.843, 131
Trd, 4318734.593, 140
Trd, 4318735.343, 94
Trd, 4318736.093, 140
Trd, 4318737.143, 140
Trd, 4318737.343, 125
Trd, 4318738.693, 139
Trd, 4318740.293, 140
Trd, 4318740.743, 140
Trd, 4318741.193, 140
Trd, 4318741.543, 139
Trd, 4318742.143, 139
Trd, 4318742.343, 138
Trd, 4318743.093, 133
Trd, 4318744.043, 139
Trd, 4318744.993, 140
Trd, 4318745.093, 140
Trd, 4318745.893, 140
Trd, 4318746.743, 140
Trd, 4318747.193, 140
Trd, 4318748.943, 140
Trd, 4318748.993, 121
Trd, 4318749.893, 140
Trd, 4318750.243, 140
Trd, 4318750.393, 140
Trd, 4318750.843, 140
Trd, 4318752.243, 140
Trd, 4318753.493, 140
Trd, 4318754.043, 140
Trd, 4318754.993, 140
Trd, 4318755.993, 140
Trd, 4318756.043, 140
Trd, 4318756.143, 140
Trd, 4318756.493, 140
Trd, 4318756.993, 65
Trd, 4318759.543, 140
Trd, 4318759.743, 140
Trd, 4318760.643, 140
Trd, 4318761.093, 139
Trd, 4318761.693, 140
Trd, 4318762.693, 140
Trd, 4318763.043, 140
Trd, 4318763.443, 140
Trd, 4318765.543, 140
Trd, 4318765.693, 140
Trd, 4318766.393, 140
Trd, 4318766.593, 139
Trd, 4318766.693, 138
Trd, 4318767.493, 139
Trd, 4318768.743, 140
Trd, 4318769.493, 138
Trd, 4318769.543, 90
Trd, 4318769.843, 140
Trd, 4318771.093, 139
Trd, 4318772.543, 140
Trd, 4318772.993, 140
Trd, 4318773.243, 117
Trd, 4318773.343, 90
Trd, 4318774.943, 61
Trd, 4318776.493, 140
Trd, 4318776.793, 138
Trd, 4318777.093, 140
Trd, 4318777.543, 133
Trd, 4318779.793, 140
Trd, 4318780.193, 140
Trd, 4318780.293, 138
Trd, 4318781.243, 140
Trd, 4318781.693, 140
Trd, 4318781.743, 139
Trd, 4318781.893, 137
Trd, 4318782.893, 115
Trd, 4318783.293, 140
Trd, 4318784.043, 140
Trd, 4318784.743, 111
Trd, 4318785.393, 140
Trd, 4318786.243, 119
Trd, 4318786.343, 110
Trd, 4318786.743, 137
Trd, 4318787.293, 111
Trd, 4318787.843, 134
Trd, 4318788.693, 133
Trd, 4318791.243, 140
Trd, 4318791.943, 140
Trd, 4318792.243, 140
Trd, 4318792.543, 139
Trd, 4318793.143, 138
Trd, 4318793.193, 137
Trd, 4318793.993, 139
Trd, 4318794.493, 140
Trd, 4318794.793, 140
Trd, 4318795.893, 131
Trd, 4318796.093, 130
Trd, 4318797.593, 140
Trd, 4318799.443, 140
Trd, 4318800.093, 140
Trd, 4318801.093, 140
Trd, 4318801.293, 109
Trd, 4318802.043, 140
Trd, 4318802.343, 62
Trd, 4318803.143, 66
Trd, 4318803.793, 72
Trd, 4318804.743, 73
Trd, 4318805.743, 140
Trd, 4318806.093, 140
Trd, 4318806.793, 140
Trd, 4318807.093, 140
Trd, 4318808.293, 139
Trd, 4318808.693, 139
Trd, 4318809.443, 138
Trd, 4318810.143, 139
Trd, 4318810.843, 138
Trd, 4318810.943, 140
Trd, 4318811.493, 134
Trd, 4318811.993, 73
Trd, 4318812.543, 109
Trd, 4318814.593, 140
Trd, 4318815.093, 140
Trd, 4318816.093, 140
Trd, 4318816.243, 140
Trd, 4318816.343, 138
Trd, 4318817.093, 138
Trd, 4318817.843, 140
Trd, 4318817.943, 140
Trd, 4318818.043, 123
Trd, 4318819.243, 139
Trd, 4318819.343, 124
Trd, 4318820.893, 139
Trd, 4318820.993, 137
Trd, 4318821.643, 139
Trd, 4318821.893, 138
Trd, 4318822.393, 140
Trd, 4318823.293, 140
Trd, 4318824.493, 110
Trd, 4318824.693, 129
Trd, 4318825.043, 109
Trd, 4318826.093, 134
Trd, 4318826.293, 108
Trd, 4318826.743, 63
Trd, 4318827.593, 63
Trd, 4318827.843, 69
Trd, 4318828.693, 69
Trd, 4318829.343, 67
Trd, 4318829.693, 109
Trd, 4318830.993, 100
Trd, 4318831.943, 139
Trd, 4318831.993, 138
Trd, 4318832.943, 140
Trd, 4318834.493, 140
Trd, 4318834.593, 140
Trd, 4318835.143, 140
Trd, 4318836.843, 140
Trd, 4318836.943, 140
Trd, 4318837.093, 135
Trd, 4318838.043, 140
Trd, 4318838.693, 139
Trd, 4318838.743, 137
Trd, 4318839.143, 135
Trd, 4318839.343, 116
Trd, 4318839.693, 140
Trd, 4318842.643, 140
Trd, 4318842.693, 140
Trd, 4318843.893, 139
Trd, 4318845.143, 140
Trd, 4318845.443, 140
Trd, 4318846.043, 139
Trd, 4318846.743, 140
Trd, 4318847.293, 138
Trd, 4318847.393, 95
Trd, 4318848.143, 105
Trd, 4318849.243, 140
Trd, 4318850.143, 139
Trd, 4318850.793, 139
Trd, 4318851.393, 139
Trd, 4318851.993, 140
Trd, 4318853.143, 93
Trd, 4318853.393, 139
Trd, 4318853.943, 139
Trd, 4318854.643, 135
Trd, 4318855.243, 127
Trd, 4318855.493, 63
Trd, 4318856.493, 140
Trd, 4318857.393, 140
Trd, 4318857.943, 140
Trd, 4318858.293, 139
Trd, 4318858.993, 88
Trd, 4318859.593, 60
Trd, 4318860.943, 140
Trd, 4318861.043, 127
Trd, 4318862.543, 114
Trd, 4318862.893, 109
Trd, 4318863.343, 105
Trd, 4318863.543, 140
Trd, 4318864.243, 102
Trd, 4318864.943, 139
Trd, 4318865.843, 140
Trd, 4318866.293, 140
Trd, 4318866.743, 139
Trd, 4318867.843, 137
Trd, 4318868.293, 139
Trd, 4318868.443, 124
Trd, 4318868.843, 92
Trd, 4318869.293, 84
Trd, 4318870.643, 140
Trd, 4318871.143, 139
Trd, 4318872.643, 140
Trd, 4318872.893, 140
Trd, 4318873.343, 116
Trd, 4318874.343, 135
Trd, 4318874.393, 128
Trd, 4318874.943, 112
Trd, 4318876.443, 140
Trd, 4318876.493, 140
Trd, 4318877.093, 140
Trd, 4318877.293, 140
Trd, 4318877.693, 140
Trd, 4318877.893, 100
Trd, 4318878.243, 139
Trd, 4318879.043, 64
Trd, 4318880.743, 140
Trd, 4318880.793, 61
Trd, 4318881.593, 140
Trd, 4318881.793, 131
Trd, 4318882.943, 140
Trd, 4318882.993, 139
Trd, 4318883.643, 113
Trd, 4318883.993, 81
Trd, 4318884.743, 140
Trd, 4318885.543, 119
Trd, 4318886.593, 139
Trd, 4318887.443, 139
Trd, 4318887.843, 140
Trd, 4318888.893, 138
Trd, 4318889.593, 140
Trd, 4318889.743, 139
Trd, 4318889.893, 139
Trd, 4318890.043, 140
Trd, 4318890.393, 126
Trd, 4318891.293, 117
Trd, 4318891.693, 98
Trd, 4318891.993, 140
Trd, 4318892.693, 140
Trd, 4318892.793, 138
Trd, 4318894.393, 140
Trd, 4318894.843, 140
Trd, 4318896.293, 138
Trd, 4318896.643, 140
Trd, 4318897.143, 117
Trd, 4318897.843, 89
Trd, 4318899.693, 140
Trd, 4318900.143, 140
Trd, 4318901.793, 140
Trd, 4318901.843, 140
Trd, 4318902.993, 140
Trd, 4318904.893, 140
Trd, 4318905.293, 136
Trd, 4318905.393, 107
Trd, 4318905.543, 140
Trd, 4318905.843, 88
Trd, 4318906.793, 118
Trd, 4318906.943, 136
Trd, 4318908.193, 138
Trd, 4318908.943, 140
Trd, 4318910.093, 140
Trd, 4318910.693, 140
Trd, 4318911.793, 140
Trd, 4318913.293, 140
Trd, 4318913.593, 140
Trd, 4318913.743, 139
Trd, 4318913.943, 139
Trd, 4318914.043, 130
Trd, 4318914.943, 139
Trd, 4318915.843, 135
Trd, 4318916.293, 134
Trd, 4318916.993, 139
Trd, 4318917.793, 138
Trd, 4318917.993, 138
Trd, 4318918.643, 137
Trd, 4318919.343, 136
Trd, 4318920.393, 140
Trd, 4318920.593, 139
Trd, 4318920.793, 140
Trd, 4318921.743, 138
Trd, 4318922.443, 140
Trd, 4318922.743, 115
Trd, 4318924.793, 140
Trd, 4318924.893, 138
Trd, 4318925.693, 139
Trd, 4318925.993, 140
Trd, 4318926.293, 139
Trd, 4318926.993, 140
Trd, 4318927.893, 105
Trd, 4318929.193, 138
Trd, 4318929.293, 135
Trd, 4318929.543, 116
Trd, 4318930.143, 65
Trd, 4318932.043, 140
Trd, 4318932.593, 140
Trd, 4318932.943, 140
Trd, 4318933.643, 114
Trd, 4318934.093, 138
Trd, 4318934.543, 71
Trd, 4318935.393, 112
Trd, 4318936.543, 113
Trd, 4318937.943, 139
Trd, 4318939.043, 140
Trd, 4318939.293, 140
Trd, 4318939.443, 140
Trd, 4318940.893, 140
Trd, 4318941.393, 140
Trd, 4318943.643, 140
Trd, 4318943.943, 140
Trd, 4318944.343, 140
Trd, 4318945.043, 140
Trd, 4318945.243, 139
Trd, 4318945.743, 138
Trd, 4318945.793, 108
Trd, 4318945.843, 77
Trd, 4318946.643, 140
Trd, 4318947.043, 139
Trd, 4318948.443, 140
Trd, 4318949.143, 140
Trd, 4318949.843, 140
Trd, 4318949.943, 137
Trd, 4318950.193, 132
Trd, 4318950.643, 108
Trd, 4318950.943, 116
Trd, 4318951.093, 72
Trd, 4318951.393, 139
Trd, 4318951.793, 135
Trd, 4318952.543, 60
Trd, 4318953.393, 62
Trd, 4318954.543, 72
Trd, 4318955.293, 140
Trd, 4318955.793, 72
Trd, 4318956.043, 108
Trd, 4318957.943, 61
Trd, 4318958.243, 60
Trd, 4318958.593, 92
Trd, 4318959.443, 115
Trd, 4318959.793, 119
Trd, 4318960.193, 137
Trd, 4318960.993, 110
Trd, 4318961.893, 140
Trd, 4318962.793, 140
Trd, 4318962.993, 140
Trd, 4318963.543, 140
Trd, 4318964.043, 140
Trd, 4318964.693, 140
Trd, 4318964.743, 139
Trd, 4318965.593, 135
Trd, 4318966.343, 140
Trd, 4318967.393, 140
Trd, 4318968.143, 140
Trd, 4318968.343, 139
Trd, 4318968.593, 134
Trd, 4318969.543, 108
Trd, 4318970.543, 129
Trd, 4318971.393, 140
Trd, 4318971.493, 139
Trd, 4318972.193, 133
Trd, 4318973.343, 140
Trd, 4318973.393, 139
Trd, 4318973.693, 138
Trd, 4318974.043, 140
Trd, 4318974.693, 138
Trd, 4318976.843, 60
Trd, 4318977.343, 62
Trd, 4318978.293, 126
Trd, 4318978.943, 125
Trd, 4318979.193, 136
Trd, 4318979.943, 70
Trd, 4318980.243, 67
Trd, 4318980.543, 80
Trd, 4318983.443, 140
Trd, 4318983.493, 140
Trd, 4318983.693, 140
Trd, 4318983.843, 140
Trd, 4318984.893, 140
Trd, 4318985.193, 140
Trd, 4318985.493, 132
Trd, 4318985.643, 140
Trd, 4318986.143, 131
Trd, 4318986.693, 140
Trd, 4318988.493, 140
Trd, 4318989.843, 140
Trd, 4318990.093, 140
Trd, 4318990.293, 140
Trd, 4318990.993, 140
Trd, 4318991.943, 140
Trd, 4318993.843, 140
Trd, 4318994.043, 139
Trd, 4318994.843, 140
Trd, 4318994.943, 140
Trd, 4318995.543, 139
Trd, 4318995.593, 138
Trd, 4318997.043, 140
Trd, 4318997.093, 126
Trd, 4318998.293, 140
Trd, 4318998.743, 139
Trd, 4318998.843, 120
Trd, 4319000.293, 140
Trd, 4319001.593, 140
Trd, 4319002.343, 140
Trd, 4319002.943, 140
Trd, 4319003.343, 140
Trd, 4319004.243, 140
Trd, 4319004.943, 140
Trd, 4319005.693, 140
Trd, 4319006.443, 140
Trd, 4319006.543, 138
Trd, 4319007.593, 138
Trd, 4319007.693, 136
Trd, 4319007.893, 126
Trd, 4319008.093, 89
Trd, 4319009.443, 140
Trd, 4319010.493, 140
Trd, 4319011.243, 139
Trd, 4319012.193, 140
Trd, 4319012.343, 122
Trd, 4319012.593, 117
Trd, 4319013.293, 103
Trd, 4319013.693, 96
Trd, 4319013.843, 140
Trd, 4319015.043, 136
Trd, 4319015.593, 140
Trd, 4319015.843, 140
Trd, 4319016.843, 140
Trd, 4319017.443, 140
Trd, 4319017.693, 123
Trd, 4319018.043, 108
Trd, 4319018.393, 90
Trd, 4319018.793, 138
Trd, 4319019.943, 61
Trd, 4319020.393, 70
Trd, 4319021.393, 139
Trd, 4319021.743, 128
Trd, 4319021.943, 112
Trd, 4319022.493, 62
Trd, 4319023.343, 60
Trd, 4319025.243, 68
Trd, 4319026.943, 140
Trd, 4319027.043, 140
Trd, 4319027.243, 140
Trd, 4319027.343, 140
Trd, 4319027.743, 139
Trd, 4319027.893, 138
Trd, 4319028.693, 140
Trd, 4319029.143, 140
Trd, 4319029.543, 140
Trd, 4319030.843, 60
Trd, 4319030.893, 66
Trd, 4319031.393, 63
Trd, 4319033.243, 92
Trd, 4319033.893, 137
Trd, 4319034.143, 139
Trd, 4319035.293, 116
Trd, 4319036.043, 72
Trd, 4319036.593, 121
Trd, 4319036.943, 72
Trd, 4319037.593, 60
Trd, 4319038.393, 140
Trd, 4319039.143, 140
Trd, 4319039.793, 140
Trd, 4319040.043, 122
Trd, 4319040.943, 96
Trd, 4319041.893, 114
Trd, 4319042.443, 62
Trd, 4319043.093, 140
Trd, 4319043.243, 64
Trd, 4319044.293, 140
Trd, 4319046.343, 140
Trd, 4319047.143, 140
Trd, 4319047.393, 140
Trd, 4319049.293, 138
Trd, 4319049.643, 139
Trd, 4319049.843, 139
Trd, 4319049.893, 138
Trd, 4319050.793, 139
Trd, 4319050.893, 117
Trd, 4319051.493, 82
Trd, 4319052.343, 140
Trd, 4319052.793, 140
Trd, 4319054.393, 140
Trd, 4319055.993, 140
Trd, 4319056.043, 140
Trd, 4319057.493, 140
Trd, 4319058.493, 140
Trd, 4319058.543, 140
Trd, 4319059.193, 140
Trd, 4319059.893, 140
Trd, 4319060.143, 140
Trd, 4319060.343, 139
Trd, 4319061.193, 138
Trd, 4319061.943, 139
Trd, 4319062.843, 140
Trd, 4319063.193, 85
Trd, 4319064.443, 95
Trd, 4319064.493, 87
Trd, 4319064.893, 104
Trd, 4319065.343, 139
Trd, 4319065.643, 140
Trd, 4319067.193, 140
Trd, 4319068.843, 140
Trd, 4319069.443, 140
Trd, 4319069.593, 138
Trd, 4319069.743, 111
Trd, 4319070.043, 81
Trd, 4319071.393, 69
Trd, 4319071.693, 139
Trd, 4319072.243, 140
Trd, 4319072.643, 60
Trd, 4319073.343, 63
Trd, 4319074.193, 67
Trd, 4319074.643, 64
Trd, 4319075.993, 72
Trd, 4319077.593, 140
Trd, 4319077.993, 139
Trd, 4319078.043, 139
Trd, 4319078.943, 139
Trd, 4319080.143, 138
Trd, 4319080.393, 137
Trd, 4319080.743, 108
Trd, 4319081.143, 136
Trd, 4319081.593, 61
Trd, 4319082.393, 140
Trd, 4319083.293, 64
Trd, 4319083.643, 60
Trd, 4319084.593, 117
Trd, 4319084.793, 134
Trd, 4319086.493, 140
Trd, 4319086.543, 140
Trd, 4319086.943, 140
Trd, 4319087.543, 140
Trd, 4319089.093, 139
Trd, 4319089.843, 140
Trd, 4319089.943, 139
Trd, 4319090.643, 138
Trd, 4319090.943, 70
Trd, 4319092.293, 60
Trd, 4319092.493, 64
Trd, 4319092.593, 83
Trd, 4319093.293, 139
Trd, 4319093.793, 134
Trd, 4319094.543, 97
Trd, 4319095.443, 60
Trd, 4319095.793, 60
Trd, 4319096.143, 60
Trd, 4319096.443, 63
Trd, 4319096.843, 62
Trd, 4319099.843, 65
Trd, 4319100.493, 69
Trd, 4319101.493, 60
Trd, 4319101.593, 70
Trd, 4319102.943, 138
Trd, 4319104.243, 140
Trd, 4319104.993, 140
Trd, 4319105.243, 140
Trd, 4319105.893, 140
Trd, 4319106.343, 140
Trd, 4319107.393, 65
Trd, 4319108.043, 81
Trd, 4319108.243, 94
Trd, 4319108.943, 75
Trd, 4319109.493, 80
Trd, 4319110.343, 138
Trd, 4319110.443, 71
Trd, 4319111.243, 67
Trd, 4319112.743, 137
Trd, 4319114.343, 140
Trd, 4319114.593, 139
Trd, 4319114.643, 139
Trd, 4319115.793, 140
Trd, 4319115.843, 140
Trd, 4319116.643, 139
Trd, 4319116.743, 84
Trd, 4319117.143, 126
Trd, 4319118.493, 140
Trd, 4319119.493, 140
Trd, 4319120.143, 140
Trd, 4319120.193, 139
Trd, 4319121.343, 139
Trd, 4319122.043, 139
Trd, 4319122.343, 140
Trd, 4319122.393, 127
Trd, 4319123.543, 138
Trd, 4319124.093, 140
Trd, 4319124.993, 134
Trd, 4319126.543, 140
Trd, 4319126.793, 140
Trd, 4319126.843, 140
Trd, 4319128.243, 140
Trd, 4319129.993, 140
Trd, 4319130.093, 140
Trd, 4319130.693, 137
Trd, 4319131.343, 130
Trd, 4319132.993, 140
Trd, 4319133.843, 140
Trd, 4319134.143, 140
Trd, 4319134.193, 140
Trd, 4319134.443, 139
Trd, 4319136.443, 140
Trd, 4319136.593, 140
Trd, 4319136.743, 117
Trd, 4319137.793, 139
Trd, 4319138.443, 140
Trd, 4319138.543, 140
Trd, 4319138.743, 140
Trd, 4319139.943, 140
Trd, 4319140.193, 140
Trd, 4319141.543, 98
Trd, 4319141.793, 103
Trd, 4319142.743, 140
Trd, 4319143.193, 140
Trd, 4319144.443, 140
Trd, 4319145.193, 140
Trd, 4319145.843, 140
Trd, 4319146.243, 140
Trd, 4319146.643, 140
Trd, 4319146.993, 138
Trd, 4319148.193, 133
Trd, 4319148.493, 140
Trd, 4319148.643, 138
Trd, 4319149.193, 96
Trd, 4319149.693, 140
Trd, 4319149.993, 138
Trd, 4319151.093, 140
Trd, 4319153.993, 140
Trd, 4319154.093, 140
Trd, 4319154.743, 140
Trd, 4319154.993, 140
Trd, 4319155.143, 140
Trd, 4319155.793, 137
Trd, 4319155.993, 136
Trd, 4319156.343, 139
Trd, 4319157.643, 140
Trd, 4319157.943, 140
Trd, 4319157.993, 140
Trd, 4319158.943, 139
Trd, 4319160.193, 139
Trd, 4319160.693, 136
Trd, 4319162.343, 139
Trd, 4319162.443, 135
Trd, 4319163.593, 140
Trd, 4319163.993, 140
Trd, 4319164.743, 140
Trd, 4319164.993, 139
Trd, 4319166.143, 140
Trd, 4319167.243, 125
Trd, 4319167.543, 133
Trd, 4319167.843, 139
Trd, 4319168.543, 80
Trd, 4319169.193, 140
Trd, 4319169.593, 140
Trd, 4319170.743, 140
Trd, 4319170.843, 139
Trd, 4319171.643, 140
Trd, 4319172.993, 140
Trd, 4319173.643, 140
Trd, 4319173.793, 139
Trd, 4319174.693, 131
Trd, 4319176.243, 140
Trd, 4319176.593, 139
Trd, 4319176.943, 139
Trd, 4319177.543, 128
Trd, 4319178.643, 133
Trd, 4319179.593, 140
Trd, 4319179.893, 139
Trd, 4319180.793, 140
Trd, 4319181.543, 140
Trd, 4319182.193, 140
Trd, 4319183.093, 140
Trd, 4319183.243, 140
Trd, 4319184.143, 140
Trd, 4319184.893, 140
Trd, 4319185.843, 135
Trd, 4319186.143, 140
Trd, 4319186.793, 133
Trd, 4319188.143, 139
Trd, 4319188.193, 122
Trd, 4319188.993, 140
Trd, 4319189.743, 140
Trd, 4319190.693, 140
Trd, 4319191.743, 140
Trd, 4319192.293, 140
Trd, 4319192.443, 140
Trd, 4319192.893, 139
Trd, 4319194.193, 140
Trd, 4319194.793, 140
Trd, 4319195.043, 140
Trd, 4319195.893, 140
Trd, 4319196.543, 120
Trd, 4319197.543, 61
Trd, 4319198.493, 95
Trd, 4319199.343, 140
Trd, 4319200.843, 140
Trd, 4319201.143, 139
Trd, 4319201.343, 140
Trd, 4319201.393, 138
Trd, 4319202.293, 60
Trd, 4319202.693, 140
Trd, 4319202.793, 139
Trd, 4319204.493, 140
Trd, 4319205.843, 140
Trd, 4319206.243, 140
Trd, 4319206.443, 125
Trd, 4319207.043, 139
Trd, 4319207.943, 74
Trd, 4319208.893, 98
Trd, 4319209.343, 140
Trd, 4319209.493, 140
Trd, 4319210.843, 140
Trd, 4319210.993, 140
Trd, 4319212.093, 139
Trd, 4319212.843, 140
Trd, 4319213.493, 140
Trd, 4319214.293, 140
Trd, 4319214.493, 139
Trd, 4319214.693, 139
Trd, 4319215.843, 139
Trd, 4319216.943, 140
Trd, 4319217.643, 140
Trd, 4319217.893, 128
Trd, 4319218.493, 119
Trd, 4319219.393, 138
Trd, 4319220.343, 138
Trd, 4319220.843, 140
Trd, 4319222.393, 123
Trd, 4319222.543, 120
Trd, 4319223.493, 66
Trd, 4319223.743, 68
Trd, 4319224.093, 76
Trd, 4319224.793, 140
Trd, 4319225.443, 139
Trd, 4319225.743, 138
Trd, 4319226.243, 112
Trd, 4319227.393, 134
Trd, 4319227.493, 133
Trd, 4319228.643, 140
Trd, 4319229.793, 140
Trd, 4319229.843, 139
Trd, 4319230.043, 138
Trd, 4319231.093, 139
Trd, 4319231.143, 135
Trd, 4319232.393, 140
Trd, 4319232.893, 138
Trd, 4319233.443, 103
Trd, 4319235.393, 97
Trd, 4319236.593, 140
Trd, 4319236.843, 140
Trd, 4319237.243, 140
Trd, 4319237.793, 140
Trd, 4319238.993, 140
Trd, 4319239.743, 140
Trd, 4319239.943, 140
Trd, 4319239.993, 129
Trd, 4319240.393, 137
Trd, 4319240.693, 140
Trd, 4319241.543, 133
Trd, 4319242.893, 60
Trd, 4319243.143, 60
Trd, 4319244.243, 66
Trd, 4319245.343, 138
Trd, 4319245.593, 139
Trd, 4319246.793, 85
Trd, 4319247.543, 138
Trd, 4319248.043, 140
Trd, 4319248.143, 100
Trd, 4319248.693, 82
Trd, 4319249.243, 139
Trd, 4319250.743, 140
Trd, 4319252.043, 140
Trd, 4319252.593, 140
Trd, 4319253.293, 139
Trd, 4319253.643, 139
Trd, 4319254.143, 138
Trd, 4319255.543, 72
Trd, 4319256.093, 67
Trd, 4319256.943, 61
Trd, 4319257.643, 64
Trd, 4319258.093, 140
Trd, 4319258.543, 133
Trd, 4319258.793, 100
Trd, 4319259.743, 60
Trd, 4319260.993, 67
Trd, 4319261.693, 69
Trd, 4319261.793, 76
Trd, 4319261.843, 78
Trd, 4319262.793, 140
Trd, 4319263.093, 140
Trd, 4319263.593, 140
Trd, 4319264.693, 140
Trd, 4319265.043, 139
Trd, 4319265.193, 139
Trd, 4319267.643, 140
Trd, 4319268.243, 140
Trd, 4319269.393, 140
Trd, 4319269.493, 138
Trd, 4319270.593, 110
Trd, 4319271.193, 65
Trd, 4319271.443, 139
Trd, 4319272.143, 63
Trd, 4319272.743, 63
Trd, 4319272.893, 102
Trd, 4319273.643, 62
Trd, 4319275.043, 139
Trd, 4319276.293, 138
Trd, 4319276.893, 140
Trd, 4319277.993, 140
Trd, 4319278.043, 140
Trd, 4319279.093, 77
Trd, 4319279.843, 82
Trd, 4319280.593, 60
Trd, 4319281.293, 140
Trd, 4319282.793, 140
Trd, 4319283.393, 140
Trd, 4319283.743, 140
Trd, 4319283.793, 140
Trd, 4319283.943, 140
Trd, 4319285.093, 128
Trd, 4319286.243, 138
Trd, 4319286.643, 140
Trd, 4319287.393, 139
Trd, 4319288.443, 140
Trd, 4319289.993, 140
Trd, 4319291.943, 140
Trd, 4319292.743, 140
Trd, 4319292.893, 140
Trd, 4319292.943, 139
Trd, 4319294.593, 139
Trd, 4319294.643, 137
Trd, 4319294.943, 139
Trd, 4319295.543, 140
Trd, 4319296.143, 94
Trd, 4319297.893, 140
Trd, 4319298.043, 140
Trd, 4319298.943, 121
Trd, 4319299.193, 112
Trd, 4319299.693, 138
Trd, 4319300.143, 140
Trd, 4319300.193, 134
Trd, 4319300.493, 88
Trd, 4319301.593, 140
Trd, 4319301.693, 140
Trd, 4319302.043, 117
Trd, 4319302.343, 116
Trd, 4319302.393, 110
Trd, 4319304.343, 61
Trd, 4319304.693, 112
Trd, 4319305.243, 123
Trd, 4319305.793, 140
Trd, 4319305.893, 140
Trd, 4319305.943, 136
Trd, 4319307.193, 138
Trd, 4319308.293, 138
Trd, 4319308.393, 137
Trd, 4319308.743, 138
Trd, 4319309.293, 67
Trd, 4319310.043, 139
Trd, 4319311.593, 137
Trd, 4319311.643, 136
Trd, 4319311.743, 130
Trd, 4319313.643, 60
Trd, 4319313.693, 118
Trd, 4319314.443, 61
Trd, 4319315.943, 140
Trd, 4319316.393, 138
Trd, 4319317.293, 119
Trd, 4319317.743, 114
Trd, 4319317.793, 113
Trd, 4319318.193, 140
Trd, 4319319.293, 140
Trd, 4319319.443, 139
Trd, 4319321.043, 140
Trd, 4319321.343, 140
Trd, 4319321.943, 140
Trd, 4319322.693, 138
Trd, 4319323.643, 137
Trd, 4319324.243, 140
Trd, 4319324.393, 140
Trd, 4319324.593, 128
Trd, 4319325.293, 136
Trd, 4319326.793, 140
Trd, 4319327.693, 140
Trd, 4319328.193, 140
Trd, 4319328.543, 140
Trd, 4319329.643, 139
Trd, 4319329.743, 138
Trd, 4319330.893, 138
Trd, 4319331.043, 121
Trd, 4319331.993, 134
Trd, 4319332.243, 109
Trd, 4319333.543, 140
Trd, 4319333.743, 140
Trd, 4319334.743, 140
Trd, 4319334.993, 140
Trd, 4319335.443, 140
Trd, 4319337.793, 140
Trd, 4319338.043, 139
Trd, 4319338.443, 140
Trd, 4319339.343, 140
Trd, 4319340.293, 140
Trd, 4319340.993, 139
Trd, 4319341.343, 139
Trd, 4319341.493, 129
Trd, 4319343.493, 140
Trd, 4319345.743, 140
Trd, 4319346.143, 140
Trd, 4319346.343, 140
Trd, 4319346.543, 140
Trd, 4319347.893, 140
Trd, 4319348.293, 140
Trd, 4319348.443, 139
Trd, 4319348.693, 140
Trd, 4319348.993, 121
Trd, 4319351.193, 137
Trd, 4319351.393, 118
Trd, 4319351.443, 115
Trd, 4319351.693, 139
Trd, 4319353.043, 69
Trd, 4319353.193, 85
Trd, 4319354.343, 137
Trd, 4319354.493, 77
Trd, 4319354.893, 107
Trd, 4319356.143, 140
Trd, 4319356.843, 140
Trd, 4319356.993, 138
Trd, 4319358.343, 96
Trd, 4319358.593, 116
Trd, 4319359.043, 91
Trd, 4319359.293, 139
Trd, 4319360.493, 140
Trd, 4319361.143, 140
Trd, 4319363.143, 140
Trd, 4319363.193, 140
Trd, 4319363.243, 139
Trd, 4319363.893, 139
Trd, 4319365.843, 140
Trd, 4319366.543, 140
Trd, 4319366.643, 140
Trd, 4319367.393, 140
Trd, 4319367.443, 140
Trd, 4319367.993, 140
Trd, 4319368.443, 111
Trd, 4319369.743, 140
Trd, 4319371.093, 140
Trd, 4319372.293, 139
Trd, 4319372.743, 140
Trd, 4319373.043, 140
Trd, 4319374.093, 140
Trd, 4319374.393, 140
Trd, 4319374.993, 140
Trd, 4319375.093, 139
Trd, 4319375.443, 140
Trd, 4319375.593, 136
Trd, 4319376.593, 140
Trd, 4319377.393, 139
Trd, 4319378.343, 136
Trd, 4319378.593, 65
Trd, 4319380.243, 140
Trd, 4319380.693, 139
Trd, 4319380.993, 131
Trd, 4319381.743, 68
Trd, 4319382.443, 67
Trd, 4319383.293, 140
Trd, 4319383.743, 139
Trd, 4319383.843, 139
Trd, 4319383.943, 135
Trd, 4319385.343, 138
Trd, 4319385.393, 136
Trd, 4319386.393, 136
Trd, 4319386.643, 77
Trd, 4319387.393, 139
Trd, 4319388.993, 139
Trd, 4319389.393, 128
Trd, 4319389.743, 128
Trd, 4319390.743, 133
Trd, 4319391.643, 61
Trd, 4319392.443, 95
Trd, 4319393.493, 140
Trd, 4319393.943, 140
Trd, 4319393.993, 138
Trd, 4319394.093, 139
Trd, 4319395.493, 138
Trd, 4319396.143, 140
Trd, 4319398.643, 140
Trd, 4319398.793, 140
Trd, 4319399.143, 139
Trd, 4319399.893, 138
Trd, 4319400.543, 140
Trd, 4319401.393, 140
Trd, 4319401.693, 139
Trd, 4319402.493, 140
Trd, 4319403.493, 140
Trd, 4319403.793, 140
Trd, 4319403.893, 138
Trd, 4319404.593, 140
Trd, 4319404.993, 128
Trd, 4319405.643, 140
Trd, 4319406.143, 140
Trd, 4319406.943, 127
Trd, 4319407.693, 140
Trd, 4319407.793, 140
Trd, 4319410.843, 140
Trd, 4319412.093, 139
Trd, 4319412.243, 139
Trd, 4319412.493, 139
Trd, 4319413.593, 140
Trd, 4319414.843, 140
Trd, 4319414.993, 140
Trd, 4319415.143, 140
Trd, 4319416.043, 140
Trd, 4319416.143, 137
Trd, 4319417.493, 140
Trd, 4319417.893, 140
Trd, 4319418.293, 139
Trd, 4319419.493, 140
Trd, 4319420.393, 140
Trd, 4319420.943, 137
Trd, 4319421.343, 139
Trd, 4319422.293, 140
Trd, 4319423.493, 138
Trd, 4319424.093, 127
Trd, 4319424.393, 123
Trd, 4319426.193, 139
Trd, 4319426.393, 140
Trd, 4319427.443, 138
Trd, 4319427.593, 133
Trd, 4319427.893, 139
Trd, 4319429.343, 140
Trd, 4319429.743, 140
Trd, 4319429.843, 140
Trd, 4319430.893, 139
Trd, 4319431.943, 140
Trd, 4319432.293, 140
Trd, 4319433.643, 140
Trd, 4319433.793, 140
Trd, 4319434.393, 140
Trd, 4319436.643, 140
Trd, 4319437.193, 138
Trd, 4319437.993, 140
Trd, 4319438.043, 137
Trd, 4319438.193, 136
Trd, 4319438.943, 139
Trd, 4319439.743, 139
Trd, 4319439.843, 138
Trd, 4319440.993, 140
Trd, 4319441.093, 140
Trd, 4319441.493, 138
Trd, 4319441.943, 137
Trd, 4319442.543, 140
Trd, 4319443.143, 140
Trd, 4319444.043, 140
Trd, 4319445.243, 140
Trd, 4319446.893, 140
Trd, 4319447.293, 140
Trd, 4319447.393, 139
Trd, 4319448.743, 140
Trd, 4319448.893, 140
Trd, 4319450.493, 140
Trd, 4319450.693, 140
Trd, 4319450.993, 139
Trd, 4319451.243, 138
Trd, 4319451.343, 138
Trd, 4319452.543, 140
Trd, 4319452.943, 140
Trd, 4319454.193, 140
Trd, 4319455.393, 140
Trd, 4319455.743, 139
Trd, 4319455.893, 98
Trd, 4319456.093, 82
Trd, 4319456.443, 65
Trd, 4319457.043, 138
Trd, 4319457.443, 60
Trd, 4319457.743, 61
Trd, 4319458.943, 140
Trd, 4319460.043, 140
Trd, 4319460.393, 140
Trd, 4319461.543, 140
Trd, 4319461.643, 140
Trd, 4319462.543, 140
Trd, 4319463.193, 65
Trd, 4319464.243, 128
Trd, 4319464.343, 134
Trd, 4319464.593, 127
Trd, 4319464.893, 68
Trd, 4319465.243, 140
Trd, 4319465.843, 118
Trd, 4319465.993, 140
Trd, 4319467.093, 140
Trd, 4319468.093, 138
Trd, 4319468.243, 137
Trd, 4319469.193, 65
Trd, 4319469.893, 98
Trd, 4319470.293, 105
Trd, 4319470.693, 115
Trd, 4319470.943, 109
Trd, 4319472.143, 60
Trd, 4319472.943, 62
Trd, 4319473.243, 67
Trd, 4319473.693, 83
Trd, 4319475.143, 140
Trd, 4319475.293, 140
Trd, 4319475.393, 140
Trd, 4319475.843, 92
Trd, 4319477.393, 140
Trd, 4319477.493, 139
Trd, 4319478.343, 130
Trd, 4319478.443, 117
Trd, 4319480.843, 140
Trd, 4319481.343, 139
Trd, 4319482.493, 140
Trd, 4319483.893, 140
Trd, 4319484.693, 140
Trd, 4319484.743, 140
Trd, 4319484.793, 140
Trd, 4319485.443, 140
Trd, 4319485.543, 139
Trd, 4319486.593, 139
Trd, 4319487.093, 101
Trd, 4319487.493, 137
Trd, 4319488.243, 136
Trd, 4319490.143, 140
Trd, 4319490.793, 140
Trd, 4319491.343, 140
Trd, 4319491.643, 140
Trd, 4319492.393, 80
Trd, 4319493.543, 68
Trd, 4319493.743, 85
Trd, 4319495.193, 140
Trd, 4319496.193, 140
Trd, 4319496.443, 140
Trd, 4319496.593, 140
Trd, 4319497.193, 138
Trd, 4319499.293, 140
Trd, 4319499.593, 140
Trd, 4319500.043, 140
Trd, 4319500.493, 138
Trd, 4319501.893, 139
Trd, 4319502.543, 140
Trd, 4319503.343, 138
Trd, 4319503.493, 137
Trd, 4319503.743, 139
Trd, 4319503.993, 138
Trd, 4319504.043, 123
Trd, 4319505.493, 140
Trd, 4319505.693, 138
Trd, 4319505.743, 64
Trd, 4319506.643, 140
Trd, 4319508.243, 140
Trd, 4319508.793, 140
Trd, 4319510.543, 140
Trd, 4319510.643, 140
Trd, 4319511.143, 138
Trd, 4319511.843, 136
Trd, 4319512.293, 134
Trd, 4319512.843, 66
Trd, 4319513.343, 60
Trd, 4319514.143, 64
Trd, 4319514.293, 122
Trd, 4319515.643, 139
Trd, 4319515.743, 138
Trd, 4319516.043, 140
Trd, 4319516.593, 138
Trd, 4319516.793, 74
Trd, 4319517.543, 71
Trd, 4319517.743, 132
Trd, 4319518.093, 140
Trd, 4319519.843, 140
Trd, 4319520.443, 139
Trd, 4319521.943, 140
Trd, 4319521.993, 140
Trd, 4319522.393, 140
Trd, 4319523.793, 140
Trd, 4319524.193, 140
Trd, 4319524.393, 140
Trd, 4319524.443, 140
Trd, 4319526.093, 140
Trd, 4319526.943, 140
Trd, 4319527.093, 139
Trd, 4319527.643, 139
Trd, 4319527.743, 135
Trd, 4319527.993, 127
Trd, 4319528.443, 132
Trd, 4319529.543, 138
Trd, 4319529.643, 101
Trd, 4319531.493, 140
Trd, 4319531.593, 139
Trd, 4319532.293, 138
Trd, 4319533.343, 140
Trd, 4319533.543, 140
Trd, 4319533.943, 139
Trd, 4319534.293, 136
Trd, 4319535.093, 140
Trd, 4319535.343, 139
Trd, 4319536.343, 140
Trd, 4319537.943, 74
Trd, 4319538.393, 102
Trd, 4319539.393, 96
Trd, 4319539.793, 115
Trd, 4319540.393, 135
Trd, 4319540.493, 122
Trd, 4319540.593, 121
Trd, 4319540.643, 72
Trd, 4319541.943, 66
Trd, 4319542.643, 61
Trd, 4319544.043, 60
Trd, 4319544.643, 60
Trd, 4319544.893, 61
Trd, 4319545.243, 62
Trd, 4319546.743, 66
Trd, 4319547.293, 140
Trd, 4319548.393, 139
Trd, 4319548.793, 140
Trd, 4319548.943, 66
Trd, 4319550.793, 140
Trd, 4319551.293, 140
Trd, 4319551.343, 137
Trd, 4319552.243, 138
Trd, 4319553.243, 140
Trd, 4319553.793, 140
Trd, 4319554.093, 108
Trd, 4319554.193, 106
Trd, 4319555.693, 140
Trd, 4319555.943, 140
Trd, 4319557.343, 140
Trd, 4319557.893, 140
Trd, 4319557.943, 139
Trd, 4319558.243, 139
Trd, 4319558.593, 117
Trd, 4319559.043, 116
Trd, 4319559.243, 99
Trd, 4319559.893, 121
Trd, 4319560.343, 94
Trd, 4319561.493, 140
Trd, 4319562.443, 139
Trd, 4319564.793, 140
Trd, 4319565.043, 140
Trd, 4319565.593, 140
Trd, 4319566.243, 139
Trd, 4319566.743, 139
Trd, 4319567.043, 140
Trd, 4319567.693, 137
Trd, 4319568.343, 140
Trd, 4319568.393, 139
Trd, 4319568.693, 135
Trd, 4319569.893, 122
Trd, 4319570.243, 110
Trd, 4319570.743, 109
Trd, 4319571.193, 140
Trd, 4319571.843, 140
Trd, 4319574.093, 140
Trd, 4319574.143, 139
Trd, 4319574.343, 140
Trd, 4319575.093, 140
Trd, 4319576.093, 139
Trd, 4319576.543, 120
Trd, 4319577.143, 121
Trd, 4319577.743, 86
Trd, 4319578.143, 62
Trd, 4319579.793, 140
Trd, 4319581.293, 140
Trd, 4319581.893, 140
Trd, 4319582.143, 140
Trd, 4319582.243, 138
Trd, 4319582.643, 118
Trd, 4319582.693, 113
Trd, 4319583.593, 140
Trd, 4319584.143, 140
Trd, 4319584.593, 140
Trd, 4319584.693, 140
Trd, 4319585.243, 140
Trd, 4319585.593, 69
Trd, 4319586.243, 104
Trd, 4319586.593, 138
Trd, 4319588.143, 112
Trd, 4319588.593, 132
Trd, 4319588.843, 139
Trd, 4319589.643, 138
Trd, 4319589.843, 131
Trd, 4319590.493, 140
Trd, 4319592.543, 126
Trd, 4319592.893, 140
Trd, 4319595.293, 140
Trd, 4319595.343, 140
Trd, 4319595.943, 140
Trd, 4319596.693, 140
Trd, 4319598.493, 140
Trd, 4319599.093, 140
Trd, 4319599.493, 140
Trd, 4319599.843, 140
Trd, 4319601.343, 140
Trd, 4319602.493, 140
Trd, 4319602.593, 140
Trd, 4319603.043, 137
Trd, 4319603.343, 140
Trd, 4319603.793, 136
Trd, 4319604.993, 140
Trd, 4319605.743, 140
Trd, 4319605.893, 139
Trd, 4319606.143, 137
Trd, 4319607.843, 139
Trd, 4319607.893, 138
Trd, 4319607.993, 124
Trd, 4319608.193, 75
Trd, 4319610.693, 66
Trd, 4319611.143, 134
Trd, 4319611.343, 139
Trd, 4319612.193, 67
Trd, 4319613.043, 89
Trd, 4319613.343, 133
Trd, 4319614.093, 140
Trd, 4319614.443, 139
Trd, 4319615.393, 140
Trd, 4319615.493, 140
Trd, 4319616.093, 140
Trd, 4319616.543, 138
Trd, 4319617.993, 139
Trd, 4319618.743, 140
Trd, 4319619.393, 140
Trd, 4319621.343, 140
Trd, 4319621.693, 140
Trd, 4319623.143, 140
Trd, 4319623.643, 140
Trd, 4319623.793, 135
Trd, 4319625.243, 140
Trd, 4319625.643, 140
Trd, 4319626.393, 140
Trd, 4319626.993, 140
Trd, 4319627.393, 140
Trd, 4319627.793, 140
Trd, 4319628.193, 130
Trd, 4319628.943, 140
Trd, 4319629.643, 139
Trd, 4319631.343, 140
Trd, 4319631.943, 139
Trd, 4319633.093, 140
Trd, 4319633.343, 136
Trd, 4319633.693, 134
Trd, 4319634.293, 140
Trd, 4319634.793, 122
Trd, 4319635.193, 127
Trd, 4319635.443, 126
Trd, 4319636.893, 139
Trd, 4319637.543, 62
Trd, 4319638.893, 140
Trd, 4319639.043, 137
Trd, 4319640.143, 140
Trd, 4319641.643, 140
Trd, 4319642.493, 140
Trd, 4319642.693, 140
Trd, 4319643.443, 140
Trd, 4319643.843, 140
Trd, 4319643.893, 137
Trd, 4319645.043, 140
Trd, 4319646.393, 139
Trd, 4319646.843, 130
Trd, 4319647.393, 140
Trd, 4319648.093, 64
Trd, 4319648.193, 70
Trd, 4319648.393, 60
Trd, 4319648.943, 60
Trd, 4319650.143, 62
Trd, 4319650.593, 61
Trd, 4319651.893, 138
Trd, 4319652.443, 140
Trd, 4319652.793, 138
Trd, 4319652.943, 139
Trd, 4319653.643, 138
Trd, 4319653.893, 121
Trd, 4319654.193, 69
Trd, 4319654.943, 62
Trd, 4319655.493, 64
Trd, 4319657.093, 78
Trd, 4319658.393, 140
Trd, 4319659.643, 140
Trd, 4319659.693, 140
Trd, 4319660.043, 140
Trd, 4319660.543, 139
Trd, 4319660.793, 80
Trd, 4319661.493, 140
Trd, 4319661.743, 140
Trd, 4319663.193, 63
Trd, 4319663.843, 122
Trd, 4319664.193, 140
Trd, 4319664.843, 117
Trd, 4319667.493, 140
Trd, 4319667.743, 140
Trd, 4319668.143, 140
Trd, 4319668.493, 140
Trd, 4319668.943, 139
Trd, 4319669.693, 140
Trd, 4319670.743, 140
Trd, 4319671.043, 140
Trd, 4319671.193, 129
Trd, 4319672.143, 140
Trd, 4319672.343, 140
Trd, 4319673.043, 129
Trd, 4319673.143, 127
Trd, 4319674.143, 140
Trd, 4319674.543, 103
Trd, 4319674.993, 126
Trd, 4319677.243, 140
Trd, 4319677.743, 140
Trd, 4319677.893, 140
Trd, 4319679.093, 140
Trd, 4319679.493, 140
Trd, 4319680.893, 66
Trd, 4319681.093, 67
Trd, 4319682.793, 140
Trd, 4319683.043, 140
Trd, 4319683.193, 140
Trd, 4319683.443, 139
Trd, 4319684.243, 140
Trd, 4319684.993, 139
Trd, 4319685.643, 140
Trd, 4319685.893, 139
Trd, 4319687.443, 140
Trd, 4319688.193, 140
Trd, 4319688.343, 139
Trd, 4319688.643, 136
Trd, 4319690.143, 140
Trd, 4319692.143, 140
Trd, 4319692.243, 140
Trd, 4319692.343, 139
Trd, 4319693.543, 140
Trd, 4319694.393, 140
Trd, 4319694.493, 140
Trd, 4319694.693, 140
Trd, 4319695.043, 137
Trd, 4319695.943, 139
Trd, 4319697.893, 140
Trd, 4319698.193, 140
Trd, 4319698.243, 140
Trd, 4319698.343, 139
Trd, 4319700.693, 140
Trd, 4319700.793, 140
Trd, 4319701.443, 139
Trd, 4319701.893, 140
Trd, 4319703.343, 136
Trd, 4319704.143, 139
Trd, 4319704.593, 140
Trd, 4319705.243, 140
Trd, 4319705.343, 140
Trd, 4319705.393, 140
Trd, 4319706.643, 140
Trd, 4319707.743, 140
Trd, 4319707.893, 140
Trd, 4319707.943, 138
Trd, 4319709.643, 140
Trd, 4319710.543, 140
Trd, 4319710.593, 126
Trd, 4319710.743, 127
Trd, 4319711.343, 137
Trd, 4319712.943, 140
Trd, 4319713.143, 140
Trd, 4319715.093, 140
Trd, 4319716.643, 140
Trd, 4319717.243, 140
Trd, 4319717.543, 140
Trd, 4319717.843, 139
Trd, 4319718.143, 139
Trd, 4319718.693, 139
Trd, 4319719.043, 138
Trd, 4319719.243, 136
Trd, 4319719.293, 127
Trd, 4319720.293, 134
Trd, 4319721.143, 63
Trd, 4319722.243, 140
Trd, 4319722.293, 139
Trd, 4319723.143, 100
Trd, 4319723.693, 61
Trd, 4319724.293, 137
Trd, 4319725.143, 119
Trd, 4319726.343, 64
Trd, 4319726.943, 140
Trd, 4319727.143, 138
Trd, 4319727.343, 136
Trd, 4319728.643, 98
Trd, 4319729.993, 140
Trd, 4319730.243, 138
Trd, 4319731.293, 140
Trd, 4319731.393, 135
Trd, 4319732.943, 140
Trd, 4319733.793, 140
Trd, 4319734.593, 140
Trd, 4319734.893, 139
Trd, 4319735.293, 140
Trd, 4319736.293, 139
Trd, 4319737.393, 140
Trd, 4319737.493, 140
Trd, 4319737.593, 139
Trd, 4319738.443, 136
Trd, 4319738.793, 66
Trd, 4319739.343, 67
Trd, 4319740.443, 62
Trd, 4319740.593, 101
Trd, 4319742.543, 64
Trd, 4319742.843, 140
Trd, 4319743.343, 108
Trd, 4319744.243, 62
Trd, 4319744.643, 63
Trd, 4319744.693, 61
Trd, 4319746.093, 63
Trd, 4319748.193, 140
Trd, 4319748.343, 140
Trd, 4319748.743, 140
Trd, 4319748.943, 140
Trd, 4319749.493, 122
Trd, 4319750.043, 130
Trd, 4319750.443, 62
Trd, 4319751.443, 64
Trd, 4319751.593, 60
Trd, 4319753.093, 140
Trd, 4319753.893, 140
Trd, 4319754.093, 138
Trd, 4319754.343, 137
Trd, 4319755.043, 139
Trd, 4319755.843, 96
Trd, 4319756.993, 136
Trd, 4319758.243, 140
Trd, 4319759.493, 140
Trd, 4319759.593, 138
Trd, 4319759.693, 138
Trd, 4319761.343, 140
Trd, 4319762.043, 140
Trd, 4319762.093, 139
Trd, 4319762.643, 139
Trd, 4319763.393, 139
Trd, 4319763.493, 137
Trd, 4319764.893, 140
Trd, 4319765.093, 138
Trd, 4319765.693, 140
Trd, 4319766.093, 140
Trd, 4319766.193, 139
Trd, 4319766.793, 140
Trd, 4319766.943, 140
Trd, 4319767.943, 138
Trd, 4319768.293, 132
Trd, 4319769.093, 140
Trd, 4319770.293, 140
Trd, 4319771.543, 64
Trd, 4319771.743, 63
Trd, 4319772.393, 66
Trd, 4319772.693, 117
Trd, 4319774.193, 61
Trd, 4319774.543, 65
Trd, 4319775.843, 140
Trd, 4319776.993, 140
Trd, 4319778.043, 140
Trd, 4319778.143, 138
Trd, 4319778.193, 118
Trd, 4319778.793, 136
Trd, 4319779.793, 62
Trd, 4319780.493, 134
Trd, 4319781.443, 125
Trd, 4319781.543, 111
Trd, 4319781.643, 109
Trd, 4319782.293, 138
Trd, 4319782.993, 139
Trd, 4319783.343, 138
Trd, 4319784.643, 140
Trd, 4319784.843, 140
Trd, 4319785.343, 140
Trd, 4319786.193, 139
Trd, 4319786.293, 138
Trd, 4319786.993, 140
Trd, 4319788.443, 140
Trd, 4319789.043, 140
Trd, 4319789.443, 138
Trd, 4319789.943, 138
Trd, 4319790.593, 140
Trd, 4319790.793, 139
Trd, 4319791.243, 140
Trd, 4319792.293, 106
Trd, 4319792.693, 96
Trd, 4319793.893, 126
Trd, 4319794.293, 112
Trd, 4319795.143, 139
Trd, 4319796.993, 140
Trd, 4319797.393, 140
Trd, 4319797.593, 140
Trd, 4319798.193, 140
Trd, 4319799.293, 140
Trd, 4319799.643, 140
Trd, 4319799.693, 139
Trd, 4319799.793, 138
Trd, 4319801.093, 138
Trd, 4319801.143, 87
Trd, 4319802.243, 140
Trd, 4319802.793, 140
Trd, 4319803.493, 139
Trd, 4319803.993, 139
Trd, 4319804.043, 62
Trd, 4319805.443, 140
Trd, 4319805.593, 102
Trd, 4319806.893, 139
Trd, 4319807.343, 139
Trd, 4319809.243, 140
Trd, 4319810.893, 140
Trd, 4319811.043, 140
Trd, 4319811.543, 140
Trd, 4319812.693, 140
Trd, 4319812.943, 139
Trd, 4319812.993, 139
Trd, 4319813.443, 121
Trd, 4319814.543, 139
Trd, 4319814.693, 136
Trd, 4319816.593, 138
Trd, 4319816.893, 139
Trd, 4319816.993, 140
Trd, 4319818.543, 140
Trd, 4319819.043, 140
Trd, 4319819.143, 140
Trd, 4319820.193, 138
Trd, 4319820.643, 138
Trd, 4319820.943, 138
Trd, 4319822.243, 140
Trd, 4319822.693, 140
Trd, 4319823.393, 140
Trd, 4319823.443, 140
Trd, 4319823.493, 120
Trd, 4319824.293, 139
Trd, 4319824.843, 67
Trd, 4319825.343, 139
Trd, 4319826.393, 139
Trd, 4319828.193, 139
Trd, 4319828.343, 134
Trd, 4319829.793, 66
Trd, 4319830.643, 60
Trd, 4319831.393, 137
Trd, 4319832.093, 137
Trd, 4319832.343, 140
Trd, 4319833.443, 140
Trd, 4319833.543, 139
Trd, 4319833.793, 122
Trd, 4319835.343, 140
Trd, 4319835.643, 140
Trd, 4319836.343, 140
Trd, 4319836.943, 65
Trd, 4319838.443, 137
Trd, 4319838.943, 78
Trd, 4319839.193, 71
Trd, 4319840.093, 135
Trd, 4319840.743, 140
Trd, 4319841.343, 140
Trd, 4319841.943, 139
Trd, 4319842.493, 140
Trd, 4319844.343, 140
Trd, 4319844.693, 138
Trd, 4319845.043, 125
Trd, 4319845.643, 138
Trd, 4319845.893, 140
Trd, 4319846.443, 119
Trd, 4319847.693, 139
Trd, 4319848.393, 61
Trd, 4319848.843, 62
Trd, 4319849.593, 85
Trd, 4319850.893, 63
Trd, 4319851.293, 62
Trd, 4319851.443, 85
Trd, 4319852.893, 60
Trd, 4319853.393, 61
Trd, 4319854.243, 65
Trd, 4319854.593, 73
Trd, 4319854.943, 64
Trd, 4319855.593, 138
Trd, 4319857.093, 140
Trd, 4319857.393, 140
Trd, 4319858.093, 140
Trd, 4319859.593, 140
Trd, 4319860.043, 139
Trd, 4319860.293, 140
Trd, 4319860.593, 66
Trd, 4319861.643, 91
Trd, 4319862.543, 139
Trd, 4319862.593, 138
Trd, 4319863.043, 74
Trd, 4319863.643, 139
Trd, 4319865.093, 138
Trd, 4319865.243, 139
Trd, 4319865.793, 119
Trd, 4319865.893, 118
Trd, 4319867.443, 73
Trd, 4319867.793, 140
Trd, 4319867.843, 137
Trd, 4319868.043, 139
Trd, 4319868.943, 60
Trd, 4319869.793, 103
Trd, 4319870.393, 140
Trd, 4319871.193, 140
Trd, 4319871.643, 140
Trd, 4319872.193, 139
Trd, 4319872.743, 137
Trd, 4319874.443, 140
Trd, 4319874.843, 140
Trd, 4319875.343, 140
Trd, 4319875.393, 139
Trd, 4319875.743, 110
Trd, 4319876.493, 138
Trd, 4319876.693, 74
Trd, 4319877.993, 60
Trd, 4319878.493, 140
Trd, 4319878.693, 139
Trd, 4319879.093, 88
Trd, 4319880.143, 121
Trd, 4319881.493, 93
Trd, 4319882.343, 129
Trd, 4319882.743, 140
Trd, 4319883.343, 140
Trd, 4319884.093, 140
Trd, 4319884.193, 139
Trd, 4319885.243, 140
Trd, 4319886.293, 140
Trd, 4319886.393, 138
Trd, 4319886.543, 138
Trd, 4319887.593, 62
Trd, 4319888.643, 138
Trd, 4319889.293, 66
Trd, 4319889.793, 95
Trd, 4319890.393, 115
Trd, 4319891.443, 140
Trd, 4319891.893, 140
Trd, 4319892.743, 140
Trd, 4319893.193, 139
Trd, 4319893.243, 138
Trd, 4319893.743, 132
Trd, 4319893.943, 131
Trd, 4319895.043, 60
Trd, 4319895.943, 140
Trd, 4319896.393, 140
Trd, 4319896.443, 73
Trd, 4319898.143, 140
Trd, 4319899.293, 140
Trd, 4319899.343, 140
Trd, 4319899.993, 140
Trd, 4319900.293, 140
Trd, 4319900.793, 140
Trd, 4319901.543, 140
Trd, 4319901.793, 140
Trd, 4319902.843, 140
Trd, 4319903.843, 140
Trd, 4319904.143, 140
Trd, 4319904.593, 140
Trd, 4319904.943, 140
Trd, 4319905.643, 140
Trd, 4319906.093, 134
Trd, 4319907.693, 140
Trd, 4319908.793, 139
Trd, 4319908.893, 140
Trd, 4319909.443, 139
Trd, 4319911.543, 140
Trd, 4319912.093, 140
Trd, 4319912.643, 140
Trd, 4319912.793, 139
Trd, 4319912.943, 138
Trd, 4319913.893, 136
Trd, 4319914.193, 115
Trd, 4319914.443, 114
Trd, 4319915.943, 139
Trd, 4319916.093, 140
Trd, 4319917.143, 139
Trd, 4319918.443, 140
Trd, 4319918.843, 140
Trd, 4319919.793, 140
Trd, 4319920.743, 138
Trd, 4319920.893, 127
Trd, 4319921.043, 66
Trd, 4319921.493, 138
Trd, 4319923.493, 131
Trd, 4319924.793, 140
Trd, 4319924.993, 140
Trd, 4319925.143, 102
Trd, 4319926.693, 140
Trd, 4319926.843, 140
Trd, 4319927.643, 140
Trd, 4319928.143, 140
Trd, 4319928.293, 128
Trd, 4319928.743, 123
Trd, 4319930.043, 140
Trd, 4319930.893, 139
Trd, 4319931.293, 102
Trd, 4319931.993, 140
Trd, 4319932.143, 140
Trd, 4319933.293, 140
Trd, 4319933.893, 140
Trd, 4319934.343, 139
Trd, 4319935.143, 140
Trd, 4319935.693, 60
Trd, 4319935.993, 138
Trd, 4319937.293, 62
Trd, 4319937.443, 64
Trd, 4319937.543, 134
Trd, 4319938.643, 140
Trd, 4319939.693, 140
Trd, 4319939.793, 140
Trd, 4319941.143, 140
Trd, 4319941.443, 140
Trd, 4319941.993, 137
Trd, 4319942.643, 135
Trd, 4319943.893, 140
Trd, 4319944.293, 140
Trd, 4319944.543, 136
Trd, 4319945.743, 140
Trd, 4319946.243, 140
Trd, 4319947.043, 60
Trd, 4319947.593, 62
Trd, 4319947.743, 69
Trd, 4319947.993, 101
Trd, 4319948.393, 61
Trd, 4319949.443, 139
Trd, 4319950.143, 136
Trd, 4319951.893, 140
Trd, 4319952.493, 140
Trd, 4319952.843, 140
Trd, 4319953.493, 140
Trd, 4319953.693, 128
Trd, 4319954.543, 131
Trd, 4319955.543, 140
Trd, 4319955.843, 139
Trd, 4319955.893, 137
Trd, 4319956.643, 139
Trd, 4319956.843, 133
Trd, 4319957.393, 68
Trd, 4319957.943, 112
Trd, 4319958.643, 110
Trd, 4319960.693, 140
Trd, 4319961.793, 140
Trd, 4319961.843, 140
Trd, 4319962.593, 140
Trd, 4319962.943, 137
Trd, 4319963.143, 121
Trd, 4319964.193, 140
Trd, 4319964.743, 140
Trd, 4319964.943, 140
Trd, 4319965.493, 140
Trd, 4319965.943, 138
Trd, 4319966.093, 110
Trd, 4319966.993, 109
Trd, 4319967.393, 140
Trd, 4319968.443, 140
Trd, 4319969.243, 138
Trd, 4319969.793, 72
Trd, 4319970.243, 71
Trd, 4319970.543, 75
Trd, 4319971.543, 140
Trd, 4319972.293, 138
Trd, 4319972.793, 92
Trd, 4319973.993, 140
Trd, 4319974.243, 139
Trd, 4319975.943, 140
Trd, 4319976.743, 139
Trd, 4319977.943, 140
Trd, 4319978.143, 140
Trd, 4319979.593, 140
Trd, 4319980.593, 140
Trd, 4319981.393, 140
Trd, 4319981.743, 139
Trd, 4319982.393, 140
Trd, 4319982.693, 140
Trd, 4319982.793, 136
Trd, 4319983.543, 137
Trd, 4319984.143, 130
Trd, 4319985.943, 140
Trd, 4319986.493, 140
Trd, 4319986.893, 140
Trd, 4319987.093, 140
Trd, 4319989.543, 140
Trd, 4319989.893, 140
Trd, 4319991.193, 140
Trd, 4319991.843, 140
Trd, 4319992.343, 140
Trd, 4319992.893, 140
Trd, 4319993.343, 140
Trd, 4319995.493, 140
Trd, 4319996.043, 140
Trd, 4319996.193, 139
Trd, 4319996.743, 140
Trd, 4319996.943, 140
Trd, 4319998.793, 140
Trd, 4319999.143, 140
Trd, 4319999.593, 140
Trd, 4319999.793, 140
