Trd, 4318048.143, 140
Trd, 4318049.043, 139
Trd, 4318049.193, 138
Trd, 4318050.243, 108
Trd, 4318050.393, 108
Trd, 4318050.443, 128
Trd, 4318051.943, 137
Trd, 4318052.493, 140
Trd, 4318054.193, 138
Trd, 4318054.243, 131
Trd, 4318054.643, 128
Trd, 4318054.793, 127
Trd, 4318055.993, 95
Trd, 4318057.543, 129
Trd, 4318058.293, 128
Trd, 4318060.393, 125
Trd, 4318061.893, 140
Trd, 4318062.343, 137
Trd, 4318062.393, 136
Trd, 4318063.793, 100
Trd, 4318063.893, 99
Trd, 4318064.893, 108
Trd, 4318065.093, 107
Trd, 4318065.343, 102
Trd, 4318066.293, 140
Trd, 4318067.343, 101
Trd, 4318068.393, 95
Trd, 4318069.943, 113
Trd, 4318070.343, 112
Trd, 4318071.243, 140
Trd, 4318071.743, 140
Trd, 4318072.043, 140
Trd, 4318072.543, 127
Trd, 4318073.793, 94
Trd, 4318074.193, 73
Trd, 4318075.493, 140
Trd, 4318076.243, 140
Trd, 4318076.543, 140
Trd, 4318076.993, 140
Trd, 4318078.493, 140
Trd, 4318079.743, 129
Trd, 4318081.193, 140
Trd, 4318081.443, 130
Trd, 4318081.743, 129
Trd, 4318081.993, 68
Trd, 4318082.293, 140
Trd, 4318082.993, 93
Trd, 4318084.043, 86
Trd, 4318084.693, 92
Trd, 4318086.293, 62
Trd, 4318086.593, 69
Trd, 4318087.693, 69
Trd, 4318089.343, 125
Trd, 4318090.093, 107
Trd, 4318091.643, 128
Trd, 4318093.093, 116
Trd, 4318094.843, 117
Trd, 4318095.243, 116
Trd, 4318096.743, 140
Trd, 4318096.893, 129
Trd, 4318097.693, 127
Trd, 4318098.593, 124
Trd, 4318098.793, 112
Trd, 4318098.843, 88
Trd, 4318099.593, 116
Trd, 4318101.293, 123
Trd, 4318101.693, 116
Trd, 4318103.493, 140
Trd, 4318103.743, 140
Trd, 4318104.543, 129
Trd, 4318104.893, 127
Trd, 4318105.343, 92
Trd, 4318108.993, 136
Trd, 4318109.343, 119
Trd, 4318110.443, 130
Trd, 4318110.893, 139
Trd, 4318112.743, 140
Trd, 4318113.443, 140
Trd, 4318114.343, 140
Trd, 4318115.043, 140
Trd, 4318115.143, 140
Trd, 4318115.443, 128
Trd, 4318118.343, 135
Trd, 4318119.193, 137
Trd, 4318120.593, 136
Trd, 4318122.243, 137
Trd, 4318122.393, 136
Trd, 4318122.493, 134
Trd, 4318123.343, 134
Trd, 4318124.043, 140
Trd, 4318124.193, 139
Trd, 4318126.393, 101
Trd, 4318127.143, 64
Trd, 4318128.493, 73
Trd, 4318128.843, 99
Trd, 4318129.043, 101
Trd, 4318129.193, 138
Trd, 4318129.793, 64
Trd, 4318130.243, 133
Trd, 4318130.893, 119
Trd, 4318132.243, 83
Trd, 4318134.093, 140
Trd, 4318134.143, 140
Trd, 4318134.993, 109
Trd, 4318136.443, 99
Trd, 4318137.743, 134
Trd, 4318138.093, 133
Trd, 4318139.193, 133
Trd, 4318139.993, 128
Trd, 4318140.493, 129
Trd, 4318141.743, 136
Trd, 4318142.043, 113
Trd, 4318142.093, 120
Trd, 4318144.343, 119
Trd, 4318144.843, 111
Trd, 4318145.943, 140
Trd, 4318147.193, 140
Trd, 4318147.893, 135
Trd, 4318148.493, 122
Trd, 4318149.193, 129
Trd, 4318150.593, 127
Trd, 4318151.143, 85
Trd, 4318152.143, 140
Trd, 4318153.243, 140
Trd, 4318153.593, 140
Trd, 4318155.493, 139
Trd, 4318155.843, 137
Trd, 4318156.693, 140
Trd, 4318158.393, 140
Trd, 4318159.493, 140
Trd, 4318159.843, 140
Trd, 4318160.493, 132
Trd, 4318161.243, 139
Trd, 4318161.843, 139
Trd, 4318162.243, 133
Trd, 4318163.493, 138
Trd, 4318163.543, 131
Trd, 4318164.593, 111
Trd, 4318165.293, 86
Trd, 4318165.843, 73
Trd, 4318166.843, 62
Trd, 4318167.543, 102
Trd, 4318169.443, 85
Trd, 4318169.743, 80
Trd, 4318170.843, 116
Trd, 4318170.893, 107
Trd, 4318171.393, 93
Trd, 4318171.793, 92
Trd, 4318174.343, 120
Trd, 4318174.693, 118
Trd, 4318175.293, 124
Trd, 4318175.443, 100
Trd, 4318177.043, 101
Trd, 4318177.543, 92
Trd, 4318178.293, 107
Trd, 4318178.343, 89
Trd, 4318178.643, 89
Trd, 4318179.843, 136
Trd, 4318180.343, 120
Trd, 4318180.443, 89
Trd, 4318180.993, 138
Trd, 4318181.593, 71
Trd, 4318182.193, 107
Trd, 4318182.943, 120
Trd, 4318183.593, 138
Trd, 4318185.293, 104
Trd, 4318186.793, 128
Trd, 4318187.793, 131
Trd, 4318187.843, 99
Trd, 4318190.143, 140
Trd, 4318190.243, 140
Trd, 4318190.593, 139
Trd, 4318190.793, 123
Trd, 4318191.143, 68
Trd, 4318191.193, 75
Trd, 4318192.943, 140
Trd, 4318193.643, 140
Trd, 4318193.743, 140
Trd, 4318195.443, 140
Trd, 4318196.143, 123
Trd, 4318197.443, 135
Trd, 4318197.993, 131
Trd, 4318199.143, 132
Trd, 4318199.493, 133
Trd, 4318200.743, 129
Trd, 4318200.843, 122
Trd, 4318202.443, 139
Trd, 4318203.193, 139
Trd, 4318204.893, 134
Trd, 4318205.493, 111
Trd, 4318205.593, 131
Trd, 4318206.643, 140
Trd, 4318208.193, 137
Trd, 4318208.343, 136
Trd, 4318208.993, 134
Trd, 4318209.093, 116
Trd, 4318211.293, 127
Trd, 4318211.993, 140
Trd, 4318213.643, 140
Trd, 4318213.893, 140
Trd, 4318214.443, 139
Trd, 4318214.643, 116
Trd, 4318216.993, 136
Trd, 4318218.143, 128
Trd, 4318218.943, 140
Trd, 4318219.143, 125
Trd, 4318219.193, 123
Trd, 4318220.643, 111
Trd, 4318220.893, 109
Trd, 4318221.793, 100
Trd, 4318222.693, 111
Trd, 4318223.443, 77
Trd, 4318224.993, 140
Trd, 4318225.143, 140
Trd, 4318225.393, 140
Trd, 4318226.143, 140
Trd, 4318226.543, 134
Trd, 4318226.743, 138
Trd, 4318227.593, 140
Trd, 4318228.793, 99
Trd, 4318229.193, 97
Trd, 4318231.093, 123
Trd, 4318231.243, 122
Trd, 4318231.793, 136
Trd, 4318232.543, 127
Trd, 4318232.893, 140
Trd, 4318233.343, 112
Trd, 4318234.743, 131
Trd, 4318235.893, 132
Trd, 4318237.443, 133
Trd, 4318237.493, 120
Trd, 4318237.793, 112
Trd, 4318238.243, 140
Trd, 4318239.643, 78
Trd, 4318240.143, 104
Trd, 4318240.293, 77
Trd, 4318240.443, 78
Trd, 4318241.743, 64
Trd, 4318241.893, 68
Trd, 4318241.993, 71
Trd, 4318242.343, 112
Trd, 4318246.293, 140
Trd, 4318246.343, 140
Trd, 4318246.893, 89
Trd, 4318247.143, 128
Trd, 4318247.393, 117
Trd, 4318247.493, 93
Trd, 4318247.793, 92
Trd, 4318249.193, 137
Trd, 4318249.243, 79
Trd, 4318251.793, 140
Trd, 4318252.393, 127
Trd, 4318253.393, 122
Trd, 4318255.293, 140
Trd, 4318256.143, 140
Trd, 4318256.293, 140
Trd, 4318256.343, 138
Trd, 4318256.543, 140
Trd, 4318257.793, 131
Trd, 4318258.193, 138
Trd, 4318258.693, 140
Trd, 4318259.843, 129
Trd, 4318261.043, 127
Trd, 4318262.093, 125
Trd, 4318262.643, 105
Trd, 4318263.243, 107
Trd, 4318263.843, 66
Trd, 4318265.193, 98
Trd, 4318266.693, 123
Trd, 4318267.243, 99
Trd, 4318268.543, 124
Trd, 4318269.993, 126
Trd, 4318270.893, 140
Trd, 4318271.543, 140
Trd, 4318272.993, 140
Trd, 4318273.093, 140
Trd, 4318273.443, 139
Trd, 4318274.293, 128
Trd, 4318274.543, 127
Trd, 4318276.693, 140
Trd, 4318276.743, 129
Trd, 4318277.943, 129
Trd, 4318278.443, 118
Trd, 4318279.243, 135
Trd, 4318279.293, 117
Trd, 4318280.943, 136
Trd, 4318281.093, 106
Trd, 4318281.893, 111
Trd, 4318282.543, 115
Trd, 4318282.743, 110
Trd, 4318284.943, 140
Trd, 4318284.993, 140
Trd, 4318285.243, 105
Trd, 4318285.543, 106
Trd, 4318286.593, 140
Trd, 4318288.143, 139
Trd, 4318288.393, 134
Trd, 4318290.093, 135
Trd, 4318291.193, 128
Trd, 4318291.243, 116
Trd, 4318291.393, 103
Trd, 4318292.243, 113
Trd, 4318292.893, 67
Trd, 4318294.793, 89
Trd, 4318295.843, 122
Trd, 4318297.593, 112
Trd, 4318298.043, 111
Trd, 4318298.143, 110
Trd, 4318298.743, 140
Trd, 4318300.043, 140
Trd, 4318300.643, 127
Trd, 4318300.843, 120
Trd, 4318303.593, 130
Trd, 4318303.793, 113
Trd, 4318304.143, 112
Trd, 4318305.993, 137
Trd, 4318307.243, 140
Trd, 4318307.843, 139
Trd, 4318308.093, 140
Trd, 4318308.293, 130
Trd, 4318310.043, 140
Trd, 4318311.843, 140
Trd, 4318312.243, 140
Trd, 4318313.043, 140
Trd, 4318315.143, 140
Trd, 4318315.893, 108
Trd, 4318317.093, 110
Trd, 4318317.893, 140
Trd, 4318318.693, 139
Trd, 4318318.843, 136
Trd, 4318318.893, 126
Trd, 4318320.243, 78
Trd, 4318320.293, 72
Trd, 4318321.693, 138
Trd, 4318323.243, 140
Trd, 4318323.293, 139
Trd, 4318323.743, 128
Trd, 4318325.243, 124
Trd, 4318326.493, 132
Trd, 4318328.043, 139
Trd, 4318328.843, 140
Trd, 4318329.043, 140
Trd, 4318330.393, 138
Trd, 4318330.893, 140
Trd, 4318330.943, 137
Trd, 4318331.943, 116
Trd, 4318332.143, 111
Trd, 4318332.793, 109
Trd, 4318332.843, 108
Trd, 4318335.243, 138
Trd, 4318335.743, 110
Trd, 4318335.843, 122
Trd, 4318336.043, 122
Trd, 4318336.343, 122
Trd, 4318339.193, 140
Trd, 4318339.993, 140
Trd, 4318341.393, 140
Trd, 4318342.293, 140
Trd, 4318342.493, 126
Trd, 4318342.993, 107
Trd, 4318343.743, 133
Trd, 4318345.243, 76
Trd, 4318345.593, 65
Trd, 4318347.143, 140
Trd, 4318347.443, 138
Trd, 4318347.743, 116
Trd, 4318348.043, 129
Trd, 4318348.993, 131
Trd, 4318349.443, 100
Trd, 4318350.143, 70
Trd, 4318351.243, 68
Trd, 4318352.093, 82
Trd, 4318353.543, 80
Trd, 4318353.793, 90
Trd, 4318354.593, 123
Trd, 4318355.293, 124
Trd, 4318355.593, 131
Trd, 4318357.443, 108
Trd, 4318357.543, 112
Trd, 4318357.693, 107
Trd, 4318360.943, 140
Trd, 4318361.243, 139
Trd, 4318361.593, 117
Trd, 4318363.043, 140
Trd, 4318363.593, 140
Trd, 4318364.343, 135
Trd, 4318364.793, 134
Trd, 4318365.343, 112
Trd, 4318366.443, 139
Trd, 4318366.593, 102
Trd, 4318369.643, 140
Trd, 4318370.243, 114
Trd, 4318370.793, 138
Trd, 4318371.543, 117
Trd, 4318371.593, 116
Trd, 4318371.693, 89
Trd, 4318372.243, 85
Trd, 4318373.143, 114
Trd, 4318373.743, 118
Trd, 4318375.743, 113
Trd, 4318376.093, 136
Trd, 4318376.243, 114
Trd, 4318377.743, 125
Trd, 4318378.893, 119
Trd, 4318379.143, 118
Trd, 4318379.393, 73
Trd, 4318381.943, 129
Trd, 4318382.593, 109
Trd, 4318383.443, 136
Trd, 4318383.593, 108
Trd, 4318384.043, 106
Trd, 4318384.543, 121
Trd, 4318386.893, 140
Trd, 4318387.843, 139
Trd, 4318387.943, 138
Trd, 4318388.093, 128
Trd, 4318388.143, 126
Trd, 4318389.293, 118
Trd, 4318390.343, 140
Trd, 4318390.843, 140
Trd, 4318391.443, 138
Trd, 4318393.593, 129
Trd, 4318394.843, 135
Trd, 4318397.693, 140
Trd, 4318398.293, 140
Trd, 4318398.443, 140
Trd, 4318399.643, 140
Trd, 4318400.493, 140
Trd, 4318401.943, 111
Trd, 4318402.193, 104
Trd, 4318403.093, 109
Trd, 4318405.843, 140
Trd, 4318405.993, 140
Trd, 4318406.443, 140
Trd, 4318408.343, 140
Trd, 4318409.393, 140
Trd, 4318409.743, 140
Trd, 4318410.543, 140
Trd, 4318410.593, 140
Trd, 4318410.693, 126
Trd, 4318411.243, 140
Trd, 4318414.643, 140
Trd, 4318415.093, 140
Trd, 4318416.493, 140
Trd, 4318416.943, 129
Trd, 4318418.993, 140
Trd, 4318419.043, 125
Trd, 4318421.793, 136
Trd, 4318422.393, 137
Trd, 4318423.693, 138
Trd, 4318424.693, 137
Trd, 4318424.793, 125
Trd, 4318425.143, 107
Trd, 4318426.343, 140
Trd, 4318426.743, 140
Trd, 4318428.143, 128
Trd, 4318428.693, 107
Trd, 4318429.443, 131
Trd, 4318429.593, 91
Trd, 4318430.043, 109
Trd, 4318431.493, 109
Trd, 4318431.643, 102
Trd, 4318433.643, 136
Trd, 4318435.243, 128
Trd, 4318435.293, 127
Trd, 4318436.093, 128
Trd, 4318437.493, 140
Trd, 4318437.743, 135
Trd, 4318438.343, 113
Trd, 4318438.643, 97
Trd, 4318439.043, 110
Trd, 4318439.643, 62
Trd, 4318441.143, 114
Trd, 4318442.243, 114
Trd, 4318444.593, 140
Trd, 4318446.643, 140
Trd, 4318446.743, 140
Trd, 4318446.793, 140
Trd, 4318446.943, 139
Trd, 4318447.093, 127
Trd, 4318447.743, 132
Trd, 4318448.093, 126
Trd, 4318448.293, 128
Trd, 4318449.193, 77
Trd, 4318449.943, 109
Trd, 4318451.043, 101
Trd, 4318451.643, 79
Trd, 4318453.543, 95
Trd, 4318453.793, 136
Trd, 4318454.843, 127
Trd, 4318456.943, 116
Trd, 4318457.043, 133
Trd, 4318457.343, 107
Trd, 4318457.943, 108
Trd, 4318458.343, 117
Trd, 4318458.843, 110
Trd, 4318459.643, 109
Trd, 4318459.993, 112
Trd, 4318462.543, 122
Trd, 4318464.643, 138
Trd, 4318464.943, 138
Trd, 4318465.043, 135
Trd, 4318467.093, 140
Trd, 4318467.143, 140
Trd, 4318468.993, 110
Trd, 4318469.593, 111
Trd, 4318469.893, 139
Trd, 4318470.693, 133
Trd, 4318470.993, 121
Trd, 4318472.393, 136
Trd, 4318474.093, 140
Trd, 4318474.843, 140
Trd, 4318476.343, 139
Trd, 4318477.443, 140
Trd, 4318478.793, 128
Trd, 4318479.143, 134
Trd, 4318479.293, 124
Trd, 4318479.643, 70
Trd, 4318480.793, 103
Trd, 4318482.893, 140
Trd, 4318483.643, 123
Trd, 4318483.743, 134
Trd, 4318484.443, 111
Trd, 4318485.293, 109
Trd, 4318485.893, 108
Trd, 4318486.643, 128
Trd, 4318487.643, 132
Trd, 4318489.793, 77
Trd, 4318490.943, 140
Trd, 4318491.443, 140
Trd, 4318491.593, 140
Trd, 4318492.543, 140
Trd, 4318492.693, 133
Trd, 4318494.693, 118
Trd, 4318494.943, 138
Trd, 4318495.993, 140
Trd, 4318496.393, 124
Trd, 4318497.043, 124
Trd, 4318497.093, 116
Trd, 4318497.293, 113
Trd, 4318498.093, 94
Trd, 4318499.643, 140
Trd, 4318500.243, 140
Trd, 4318501.893, 130
Trd, 4318502.743, 121
Trd, 4318504.393, 140
Trd, 4318504.643, 139
Trd, 4318505.393, 132
Trd, 4318505.893, 131
Trd, 4318508.443, 140
Trd, 4318508.643, 108
Trd, 4318508.693, 96
Trd, 4318509.793, 110
Trd, 4318511.393, 106
Trd, 4318511.893, 106
Trd, 4318513.443, 117
Trd, 4318514.743, 117
Trd, 4318514.993, 110
Trd, 4318515.243, 133
Trd, 4318516.943, 137
Trd, 4318517.093, 129
Trd, 4318517.393, 128
Trd, 4318519.993, 140
Trd, 4318520.043, 138
Trd, 4318520.393, 126
Trd, 4318521.043, 130
Trd, 4318523.243, 140
Trd, 4318524.393, 139
Trd, 4318524.693, 137
Trd, 4318525.193, 83
Trd, 4318526.343, 74
Trd, 4318528.493, 140
Trd, 4318528.543, 135
Trd, 4318528.743, 122
Trd, 4318530.043, 137
Trd, 4318530.343, 130
Trd, 4318530.643, 111
Trd, 4318531.843, 137
Trd, 4318533.393, 88
Trd, 4318533.843, 115
Trd, 4318536.593, 139
Trd, 4318536.893, 140
Trd, 4318537.343, 139
Trd, 4318537.393, 138
Trd, 4318538.843, 135
Trd, 4318539.343, 135
Trd, 4318539.893, 124
Trd, 4318540.543, 115
Trd, 4318542.143, 116
Trd, 4318542.543, 116
Trd, 4318542.693, 67
Trd, 4318543.243, 90
Trd, 4318544.843, 140
Trd, 4318545.693, 140
Trd, 4318546.243, 140
Trd, 4318546.543, 139
Trd, 4318547.043, 139
Trd, 4318547.793, 126
Trd, 4318549.793, 117
Trd, 4318550.643, 140
Trd, 4318552.143, 140
Trd, 4318552.343, 140
Trd, 4318554.693, 139
Trd, 4318555.093, 129
Trd, 4318555.843, 130
Trd, 4318555.893, 139
Trd, 4318556.343, 118
Trd, 4318557.193, 60
Trd, 4318557.843, 114
Trd, 4318558.093, 68
Trd, 4318558.893, 128
Trd, 4318559.343, 116
Trd, 4318559.593, 116
Trd, 4318559.843, 95
Trd, 4318563.043, 120
Trd, 4318563.943, 119
Trd, 4318564.343, 138
Trd, 4318565.193, 138
Trd, 4318566.343, 122
Trd, 4318566.543, 133
Trd, 4318567.443, 128
Trd, 4318567.643, 67
Trd, 4318568.393, 122
Trd, 4318568.943, 130
Trd, 4318570.543, 122
Trd, 4318571.193, 127
Trd, 4318571.793, 139
Trd, 4318574.693, 133
Trd, 4318574.793, 132
Trd, 4318575.893, 124
Trd, 4318577.143, 123
Trd, 4318577.793, 93
Trd, 4318577.843, 128
Trd, 4318578.493, 123
Trd, 4318579.743, 140
Trd, 4318579.843, 139
Trd, 4318582.343, 140
Trd, 4318582.943, 140
Trd, 4318583.093, 139
Trd, 4318583.243, 89
Trd, 4318584.593, 61
Trd, 4318586.243, 121
Trd, 4318587.543, 103
Trd, 4318588.793, 104
Trd, 4318590.193, 140
Trd, 4318590.293, 140
Trd, 4318590.643, 140
Trd, 4318591.043, 140
Trd, 4318591.593, 138
Trd, 4318593.393, 123
Trd, 4318593.643, 123
Trd, 4318593.893, 139
Trd, 4318594.743, 121
Trd, 4318594.893, 112
Trd, 4318596.343, 136
Trd, 4318597.743, 140
Trd, 4318599.143, 128
Trd, 4318599.393, 119
Trd, 4318599.843, 74
Trd, 4318600.943, 117
Trd, 4318602.043, 139
Trd, 4318602.843, 127
Trd, 4318602.943, 117
Trd, 4318603.093, 132
Trd, 4318604.743, 140
Trd, 4318605.193, 140
Trd, 4318607.493, 121
Trd, 4318607.993, 125
Trd, 4318608.243, 123
Trd, 4318609.093, 121
Trd, 4318609.443, 69
Trd, 4318610.343, 136
Trd, 4318612.143, 107
Trd, 4318613.343, 140
Trd, 4318613.893, 140
Trd, 4318614.693, 140
Trd, 4318614.943, 127
Trd, 4318616.893, 129
Trd, 4318616.943, 128
Trd, 4318617.393, 74
Trd, 4318617.443, 75
Trd, 4318618.043, 139
Trd, 4318619.993, 136
Trd, 4318620.993, 136
Trd, 4318621.993, 140
Trd, 4318622.143, 75
Trd, 4318623.293, 60
Trd, 4318623.543, 60
Trd, 4318624.743, 80
Trd, 4318626.093, 137
Trd, 4318626.943, 118
Trd, 4318627.943, 137
Trd, 4318628.493, 137
Trd, 4318628.843, 136
Trd, 4318629.143, 135
Trd, 4318629.593, 133
Trd, 4318632.843, 140
Trd, 4318632.993, 140
Trd, 4318633.243, 140
Trd, 4318634.143, 140
Trd, 4318634.343, 126
Trd, 4318634.693, 117
Trd, 4318636.193, 127
Trd, 4318636.243, 106
Trd, 4318637.243, 91
Trd, 4318637.343, 82
Trd, 4318637.593, 120
Trd, 4318638.143, 81
Trd, 4318638.793, 130
Trd, 4318639.493, 98
Trd, 4318640.893, 121
Trd, 4318641.093, 96
Trd, 4318641.393, 140
Trd, 4318641.593, 76
Trd, 4318642.093, 60
Trd, 4318643.093, 68
Trd, 4318644.043, 98
Trd, 4318644.893, 105
Trd, 4318645.093, 93
Trd, 4318647.143, 100
Trd, 4318647.593, 129
Trd, 4318647.943, 107
Trd, 4318648.043, 106
Trd, 4318649.193, 105
Trd, 4318649.743, 106
Trd, 4318652.093, 114
Trd, 4318652.343, 118
Trd, 4318652.593, 109
Trd, 4318652.743, 140
Trd, 4318653.343, 110
Trd, 4318655.693, 140
Trd, 4318656.193, 138
Trd, 4318657.243, 137
Trd, 4318657.743, 135
Trd, 4318658.843, 125
Trd, 4318659.143, 124
Trd, 4318660.443, 105
Trd, 4318661.143, 82
Trd, 4318661.543, 87
Trd, 4318662.093, 68
Trd, 4318665.143, 126
Trd, 4318665.193, 131
Trd, 4318665.393, 125
Trd, 4318666.243, 118
Trd, 4318666.543, 89
Trd, 4318667.043, 69
Trd, 4318668.093, 86
Trd, 4318670.693, 75
Trd, 4318670.793, 73
Trd, 4318671.093, 87
Trd, 4318671.593, 106
Trd, 4318672.293, 120
Trd, 4318674.143, 140
Trd, 4318674.393, 139
Trd, 4318675.693, 139
Trd, 4318677.093, 133
Trd, 4318677.993, 135
Trd, 4318678.743, 140
Trd, 4318679.893, 139
Trd, 4318680.943, 140
Trd, 4318682.793, 140
Trd, 4318684.193, 140
Trd, 4318685.143, 135
Trd, 4318685.643, 134
Trd, 4318685.693, 128
Trd, 4318687.093, 117
Trd, 4318688.543, 122
Trd, 4318689.643, 140
Trd, 4318690.693, 139
Trd, 4318691.493, 133
Trd, 4318691.543, 121
Trd, 4318691.993, 140
Trd, 4318693.493, 132
Trd, 4318694.993, 124
Trd, 4318697.943, 140
Trd, 4318697.993, 112
Trd, 4318698.343, 111
Trd, 4318698.643, 112
Trd, 4318699.993, 109
Trd, 4318700.443, 132
Trd, 4318701.393, 123
Trd, 4318701.743, 120
Trd, 4318702.793, 117
Trd, 4318703.493, 140
Trd, 4318705.243, 140
Trd, 4318705.843, 140
Trd, 4318705.893, 140
Trd, 4318707.143, 137
Trd, 4318708.793, 140
Trd, 4318709.643, 140
Trd, 4318710.793, 112
Trd, 4318710.893, 88
Trd, 4318710.993, 88
Trd, 4318712.043, 104
Trd, 4318712.793, 131
Trd, 4318713.293, 140
Trd, 4318714.343, 124
Trd, 4318715.793, 110
Trd, 4318716.093, 108
Trd, 4318718.043, 139
Trd, 4318718.243, 136
Trd, 4318718.693, 132
Trd, 4318720.943, 108
Trd, 4318722.343, 140
Trd, 4318723.043, 139
Trd, 4318723.643, 139
Trd, 4318724.093, 117
Trd, 4318725.793, 123
Trd, 4318726.293, 123
Trd, 4318726.393, 112
Trd, 4318727.643, 123
Trd, 4318728.043, 87
Trd, 4318728.343, 63
Trd, 4318730.943, 132
Trd, 4318732.393, 134
Trd, 4318733.093, 132
Trd, 4318733.293, 126
Trd, 4318734.043, 121
Trd, 4318735.343, 140
Trd, 4318736.443, 110
Trd, 4318737.193, 139
Trd, 4318737.893, 140
Trd, 4318738.343, 134
Trd, 4318738.793, 137
Trd, 4318739.143, 127
Trd, 4318740.093, 128
Trd, 4318740.293, 85
Trd, 4318740.793, 133
Trd, 4318740.893, 132
Trd, 4318741.743, 90
Trd, 4318744.793, 138
Trd, 4318745.643, 111
Trd, 4318745.793, 116
Trd, 4318745.943, 122
Trd, 4318746.443, 140
Trd, 4318748.293, 101
Trd, 4318748.643, 100
Trd, 4318748.793, 95
Trd, 4318749.993, 117
Trd, 4318750.743, 100
Trd, 4318751.443, 97
Trd, 4318752.293, 82
Trd, 4318754.143, 139
Trd, 4318754.343, 102
Trd, 4318755.743, 138
Trd, 4318756.843, 117
Trd, 4318757.143, 116
Trd, 4318757.793, 91
Trd, 4318758.943, 118
Trd, 4318760.593, 118
Trd, 4318760.643, 137
Trd, 4318761.143, 64
Trd, 4318761.493, 79
Trd, 4318761.943, 122
Trd, 4318763.143, 84
Trd, 4318763.793, 134
Trd, 4318764.543, 134
Trd, 4318764.843, 133
Trd, 4318765.243, 131
Trd, 4318766.243, 116
Trd, 4318766.493, 139
Trd, 4318768.293, 60
Trd, 4318768.443, 63
Trd, 4318769.393, 74
Trd, 4318769.843, 130
Trd, 4318771.593, 74
Trd, 4318771.793, 68
Trd, 4318772.243, 69
Trd, 4318774.593, 60
Trd, 4318775.293, 109
Trd, 4318776.293, 140
Trd, 4318776.843, 140
Trd, 4318777.043, 140
Trd, 4318779.143, 140
Trd, 4318779.843, 116
Trd, 4318780.793, 136
Trd, 4318781.143, 108
Trd, 4318781.893, 108
Trd, 4318782.543, 103
Trd, 4318782.793, 131
Trd, 4318783.443, 101
Trd, 4318783.793, 97
Trd, 4318785.243, 140
Trd, 4318788.093, 139
Trd, 4318788.743, 135
Trd, 4318789.643, 136
Trd, 4318790.743, 130
Trd, 4318790.993, 127
Trd, 4318792.543, 140
Trd, 4318793.093, 140
Trd, 4318793.443, 129
Trd, 4318794.443, 126
Trd, 4318794.643, 124
Trd, 4318796.143, 111
Trd, 4318798.543, 140
Trd, 4318800.493, 140
Trd, 4318800.993, 140
Trd, 4318801.093, 140
Trd, 4318802.093, 140
Trd, 4318802.343, 140
Trd, 4318802.893, 134
Trd, 4318803.893, 140
Trd, 4318805.743, 111
Trd, 4318806.543, 96
Trd, 4318807.293, 115
Trd, 4318807.493, 104
Trd, 4318808.143, 104
Trd, 4318808.643, 121
Trd, 4318810.043, 74
Trd, 4318810.793, 138
Trd, 4318812.393, 67
Trd, 4318813.043, 75
Trd, 4318814.293, 110
Trd, 4318814.943, 139
Trd, 4318816.793, 126
Trd, 4318817.443, 128
Trd, 4318817.893, 129
Trd, 4318818.043, 117
Trd, 4318818.693, 111
Trd, 4318818.843, 104
Trd, 4318819.843, 140
Trd, 4318820.093, 99
Trd, 4318823.593, 138
Trd, 4318823.643, 135
Trd, 4318823.993, 124
Trd, 4318826.043, 123
Trd, 4318827.093, 132
Trd, 4318828.193, 126
Trd, 4318828.393, 125
Trd, 4318829.443, 116
Trd, 4318829.843, 90
Trd, 4318830.693, 107
Trd, 4318831.043, 100
Trd, 4318832.393, 126
Trd, 4318832.543, 103
Trd, 4318833.443, 140
Trd, 4318834.093, 135
Trd, 4318835.143, 119
Trd, 4318835.593, 119
Trd, 4318835.643, 108
Trd, 4318837.093, 140
Trd, 4318838.643, 140
Trd, 4318838.843, 140
Trd, 4318839.093, 94
Trd, 4318840.093, 139
Trd, 4318840.893, 102
Trd, 4318841.743, 124
Trd, 4318841.893, 130
Trd, 4318843.643, 128
Trd, 4318844.693, 139
Trd, 4318845.693, 140
Trd, 4318846.893, 140
Trd, 4318846.943, 139
Trd, 4318847.493, 126
Trd, 4318848.243, 129
Trd, 4318850.393, 130
Trd, 4318850.693, 129
Trd, 4318851.043, 119
Trd, 4318851.893, 117
Trd, 4318852.893, 108
Trd, 4318853.343, 65
Trd, 4318853.693, 88
Trd, 4318855.443, 140
Trd, 4318857.443, 131
Trd, 4318858.243, 132
Trd, 4318858.343, 130
Trd, 4318860.293, 140
Trd, 4318861.493, 140
Trd, 4318862.293, 140
Trd, 4318862.793, 140
Trd, 4318863.093, 138
Trd, 4318863.243, 135
Trd, 4318863.743, 125
Trd, 4318865.093, 126
Trd, 4318865.293, 129
Trd, 4318867.843, 127
Trd, 4318868.243, 132
Trd, 4318868.993, 107
Trd, 4318870.243, 83
Trd, 4318870.693, 63
Trd, 4318871.093, 62
Trd, 4318872.693, 140
Trd, 4318872.993, 140
Trd, 4318873.343, 136
Trd, 4318873.743, 136
Trd, 4318874.343, 139
Trd, 4318875.043, 100
Trd, 4318875.593, 117
Trd, 4318879.093, 135
Trd, 4318879.843, 130
Trd, 4318880.393, 131
Trd, 4318880.593, 116
Trd, 4318881.793, 63
Trd, 4318882.993, 107
Trd, 4318884.143, 121
Trd, 4318884.843, 107
Trd, 4318885.693, 120
Trd, 4318886.143, 106
Trd, 4318886.293, 99
Trd, 4318887.243, 140
Trd, 4318888.393, 140
Trd, 4318891.493, 140
Trd, 4318891.543, 140
Trd, 4318892.193, 140
Trd, 4318892.893, 105
Trd, 4318893.293, 60
Trd, 4318893.593, 120
Trd, 4318895.293, 135
Trd, 4318895.743, 64
Trd, 4318896.693, 109
Trd, 4318897.243, 126
Trd, 4318897.643, 117
Trd, 4318898.443, 108
Trd, 4318898.993, 107
Trd, 4318899.943, 108
Trd, 4318900.493, 106
Trd, 4318900.743, 102
Trd, 4318903.943, 140
Trd, 4318904.343, 140
Trd, 4318905.093, 137
Trd, 4318905.743, 139
Trd, 4318907.793, 140
Trd, 4318908.493, 130
Trd, 4318909.293, 123
Trd, 4318909.993, 140
Trd, 4318910.643, 125
Trd, 4318911.893, 133
Trd, 4318913.743, 137
Trd, 4318913.843, 122
Trd, 4318913.893, 86
Trd, 4318914.393, 84
Trd, 4318914.443, 79
Trd, 4318915.293, 94
Trd, 4318915.843, 88
Trd, 4318917.193, 138
Trd, 4318918.093, 140
Trd, 4318919.293, 126
Trd, 4318919.943, 128
Trd, 4318922.043, 138
Trd, 4318922.843, 128
Trd, 4318923.643, 130
Trd, 4318924.193, 140
Trd, 4318927.493, 140
Trd, 4318927.693, 140
Trd, 4318928.343, 127
Trd, 4318928.743, 129
Trd, 4318929.443, 101
Trd, 4318929.543, 140
Trd, 4318931.443, 60
Trd, 4318931.493, 69
Trd, 4318931.693, 117
Trd, 4318933.843, 139
Trd, 4318934.143, 140
Trd, 4318934.993, 131
Trd, 4318935.493, 131
Trd, 4318935.943, 132
Trd, 4318937.793, 113
Trd, 4318937.843, 105
Trd, 4318938.493, 72
Trd, 4318939.243, 83
Trd, 4318939.843, 140
Trd, 4318939.943, 140
Trd, 4318940.643, 140
Trd, 4318941.793, 135
Trd, 4318942.243, 126
Trd, 4318942.493, 126
Trd, 4318943.593, 136
Trd, 4318946.043, 139
Trd, 4318946.993, 130
Trd, 4318947.043, 126
Trd, 4318947.593, 124
Trd, 4318948.543, 133
Trd, 4318948.993, 115
Trd, 4318950.793, 119
Trd, 4318951.343, 118
Trd, 4318951.993, 112
Trd, 4318953.593, 140
Trd, 4318954.143, 130
Trd, 4318955.093, 121
Trd, 4318955.893, 124
Trd, 4318956.893, 140
Trd, 4318957.143, 139
Trd, 4318958.193, 63
Trd, 4318958.993, 104
Trd, 4318960.743, 138
Trd, 4318961.493, 137
Trd, 4318963.643, 140
Trd, 4318964.043, 124
Trd, 4318964.443, 126
Trd, 4318966.693, 126
Trd, 4318967.243, 128
Trd, 4318969.193, 129
Trd, 4318969.943, 129
Trd, 4318971.093, 140
Trd, 4318971.493, 140
Trd, 4318972.593, 129
Trd, 4318972.793, 117
Trd, 4318974.493, 139
Trd, 4318974.643, 133
Trd, 4318976.343, 112
Trd, 4318976.793, 120
Trd, 4318978.543, 140
Trd, 4318979.043, 140
Trd, 4318979.093, 140
Trd, 4318980.043, 132
Trd, 4318982.493, 140
Trd, 4318983.343, 138
Trd, 4318983.843, 125
Trd, 4318984.593, 117
Trd, 4318985.193, 118
Trd, 4318985.893, 107
Trd, 4318986.043, 106
Trd, 4318988.543, 140
Trd, 4318988.893, 140
Trd, 4318990.693, 140
Trd, 4318990.843, 140
Trd, 4318991.243, 139
Trd, 4318991.493, 138
Trd, 4318992.393, 118
Trd, 4318993.493, 115
Trd, 4318994.493, 128
Trd, 4318994.943, 67
Trd, 4318995.243, 133
Trd, 4318996.793, 86
Trd, 4318996.843, 130
Trd, 4318997.993, 119
Trd, 4319000.593, 106
Trd, 4319000.843, 99
Trd, 4319002.293, 94
Trd, 4319002.443, 119
Trd, 4319004.293, 140
Trd, 4319004.793, 138
Trd, 4319005.593, 130
Trd, 4319007.843, 133
Trd, 4319007.893, 132
Trd, 4319008.793, 135
Trd, 4319008.943, 102
Trd, 4319010.743, 140
Trd, 4319011.293, 140
Trd, 4319011.543, 140
Trd, 4319011.593, 135
Trd, 4319012.193, 127
Trd, 4319012.493, 73
Trd, 4319013.393, 131
Trd, 4319016.293, 107
Trd, 4319016.493, 105
Trd, 4319017.493, 128
Trd, 4319018.993, 103
Trd, 4319020.693, 132
Trd, 4319021.093, 132
Trd, 4319021.543, 131
Trd, 4319022.443, 139
Trd, 4319023.293, 135
Trd, 4319024.143, 131
Trd, 4319026.143, 139
Trd, 4319026.593, 140
Trd, 4319028.043, 140
Trd, 4319029.393, 135
Trd, 4319029.443, 134
Trd, 4319029.943, 124
Trd, 4319031.343, 126
Trd, 4319033.243, 127
Trd, 4319033.843, 140
Trd, 4319033.993, 140
Trd, 4319034.343, 123
Trd, 4319034.493, 113
Trd, 4319034.993, 72
Trd, 4319035.493, 122
Trd, 4319036.543, 97
Trd, 4319036.943, 95
Trd, 4319038.743, 97
Trd, 4319040.543, 107
Trd, 4319041.593, 131
Trd, 4319041.693, 130
Trd, 4319041.793, 103
Trd, 4319041.943, 103
Trd, 4319043.243, 133
Trd, 4319044.893, 139
Trd, 4319045.293, 129
Trd, 4319045.393, 128
Trd, 4319046.443, 98
Trd, 4319047.143, 80
Trd, 4319047.643, 74
Trd, 4319050.143, 139
Trd, 4319051.343, 139
Trd, 4319051.843, 137
Trd, 4319052.493, 138
Trd, 4319052.543, 137
Trd, 4319053.843, 116
Trd, 4319054.893, 102
Trd, 4319056.693, 112
Trd, 4319057.643, 139
Trd, 4319057.693, 138
Trd, 4319059.143, 126
Trd, 4319059.643, 124
Trd, 4319059.743, 103
Trd, 4319060.893, 140
Trd, 4319061.293, 136
Trd, 4319062.143, 115
Trd, 4319062.593, 114
Trd, 4319065.693, 116
Trd, 4319065.893, 104
Trd, 4319066.543, 103
Trd, 4319067.293, 140
Trd, 4319067.393, 140
Trd, 4319068.493, 137
Trd, 4319070.043, 131
Trd, 4319070.993, 140
Trd, 4319071.243, 136
Trd, 4319071.543, 125
Trd, 4319071.993, 115
Trd, 4319073.243, 120
Trd, 4319074.793, 123
Trd, 4319075.293, 136
Trd, 4319075.343, 123
Trd, 4319075.993, 128
Trd, 4319077.193, 113
Trd, 4319078.643, 122
Trd, 4319080.593, 132
Trd, 4319080.693, 113
Trd, 4319081.343, 112
Trd, 4319081.443, 130
Trd, 4319082.743, 124
Trd, 4319082.943, 112
Trd, 4319083.343, 111
Trd, 4319083.893, 137
Trd, 4319084.743, 122
Trd, 4319086.593, 140
Trd, 4319086.743, 140
Trd, 4319088.443, 140
Trd, 4319090.393, 140
Trd, 4319090.943, 134
Trd, 4319091.293, 118
Trd, 4319092.343, 139
Trd, 4319092.393, 138
Trd, 4319092.643, 112
Trd, 4319093.293, 87
Trd, 4319094.943, 122
Trd, 4319096.243, 139
Trd, 4319097.843, 115
Trd, 4319098.443, 140
Trd, 4319098.743, 140
Trd, 4319099.143, 140
Trd, 4319100.093, 139
Trd, 4319100.143, 126
Trd, 4319101.243, 113
Trd, 4319102.143, 139
Trd, 4319105.393, 140
Trd, 4319106.343, 140
Trd, 4319106.443, 140
Trd, 4319107.593, 110
Trd, 4319108.293, 139
Trd, 4319109.243, 134
Trd, 4319109.743, 128
Trd, 4319110.893, 136
Trd, 4319113.493, 134
Trd, 4319113.893, 137
Trd, 4319113.943, 136
Trd, 4319114.493, 110
Trd, 4319115.943, 133
Trd, 4319116.343, 111
Trd, 4319116.393, 106
Trd, 4319117.043, 98
Trd, 4319117.943, 99
Trd, 4319119.493, 130
Trd, 4319121.693, 134
Trd, 4319122.293, 134
Trd, 4319122.643, 123
Trd, 4319123.693, 140
Trd, 4319124.343, 140
Trd, 4319125.493, 137
Trd, 4319125.693, 131
Trd, 4319126.443, 126
Trd, 4319127.143, 88
Trd, 4319127.393, 86
Trd, 4319127.843, 104
Trd, 4319129.543, 140
Trd, 4319130.143, 95
Trd, 4319131.843, 80
Trd, 4319133.293, 107
Trd, 4319133.893, 91
Trd, 4319134.943, 87
Trd, 4319135.393, 65
Trd, 4319136.093, 115
Trd, 4319137.243, 140
Trd, 4319137.543, 139
Trd, 4319137.643, 139
Trd, 4319139.243, 138
Trd, 4319139.593, 128
Trd, 4319140.093, 90
Trd, 4319140.893, 72
Trd, 4319141.443, 78
Trd, 4319143.243, 105
Trd, 4319143.743, 102
Trd, 4319144.943, 132
Trd, 4319145.243, 122
Trd, 4319146.393, 102
Trd, 4319147.643, 99
Trd, 4319147.943, 98
Trd, 4319148.393, 137
Trd, 4319148.543, 97
Trd, 4319148.743, 116
Trd, 4319149.493, 93
Trd, 4319149.893, 82
Trd, 4319151.193, 134
Trd, 4319151.793, 138
Trd, 4319151.943, 138
Trd, 4319153.193, 133
Trd, 4319153.243, 129
Trd, 4319153.843, 126
Trd, 4319154.193, 118
Trd, 4319156.443, 108
Trd, 4319156.843, 121
Trd, 4319157.343, 140
Trd, 4319157.493, 140
Trd, 4319157.643, 140
Trd, 4319158.393, 136
Trd, 4319158.993, 125
Trd, 4319161.543, 113
Trd, 4319161.693, 111
Trd, 4319163.043, 138
Trd, 4319164.193, 140
Trd, 4319164.343, 137
Trd, 4319165.293, 111
Trd, 4319165.693, 140
Trd, 4319165.993, 86
Trd, 4319166.243, 76
Trd, 4319166.793, 122
Trd, 4319169.743, 126
Trd, 4319170.793, 140
Trd, 4319171.243, 140
Trd, 4319172.193, 140
Trd, 4319172.393, 126
Trd, 4319172.893, 131
Trd, 4319173.343, 94
Trd, 4319174.393, 122
Trd, 4319175.493, 88
Trd, 4319175.893, 130
Trd, 4319175.943, 129
Trd, 4319176.443, 62
Trd, 4319177.093, 60
Trd, 4319178.893, 140
Trd, 4319179.643, 140
Trd, 4319180.093, 139
Trd, 4319181.393, 140
Trd, 4319182.043, 140
Trd, 4319182.193, 140
Trd, 4319182.843, 127
Trd, 4319183.243, 124
Trd, 4319184.043, 76
Trd, 4319184.843, 81
Trd, 4319186.093, 101
Trd, 4319186.193, 76
Trd, 4319188.343, 116
Trd, 4319188.743, 140
Trd, 4319190.443, 140
Trd, 4319191.243, 140
Trd, 4319191.993, 140
Trd, 4319192.643, 140
Trd, 4319192.843, 140
Trd, 4319193.343, 91
Trd, 4319194.643, 134
Trd, 4319196.143, 140
Trd, 4319197.543, 126
Trd, 4319197.943, 140
Trd, 4319198.593, 69
Trd, 4319199.793, 123
Trd, 4319199.843, 129
Trd, 4319199.993, 118
Trd, 4319200.043, 117
Trd, 4319202.543, 128
Trd, 4319202.643, 109
Trd, 4319204.493, 82
Trd, 4319205.993, 140
Trd, 4319207.543, 140
Trd, 4319207.943, 136
Trd, 4319208.243, 128
Trd, 4319208.893, 118
Trd, 4319209.593, 140
Trd, 4319209.943, 140
Trd, 4319210.893, 87
Trd, 4319211.643, 90
Trd, 4319213.393, 126
Trd, 4319213.993, 64
Trd, 4319215.643, 130
Trd, 4319216.043, 97
Trd, 4319216.543, 86
Trd, 4319216.893, 82
Trd, 4319218.193, 139
Trd, 4319220.243, 109
Trd, 4319221.393, 135
Trd, 4319222.143, 124
Trd, 4319223.093, 109
Trd, 4319224.743, 140
Trd, 4319226.293, 140
Trd, 4319226.693, 140
Trd, 4319227.643, 140
Trd, 4319229.043, 140
Trd, 4319229.343, 140
Trd, 4319229.593, 133
Trd, 4319229.643, 126
Trd, 4319230.293, 132
Trd, 4319232.143, 133
Trd, 4319232.893, 116
Trd, 4319233.093, 115
Trd, 4319233.543, 76
Trd, 4319233.843, 99
Trd, 4319235.393, 90
Trd, 4319235.993, 126
Trd, 4319237.243, 118
Trd, 4319238.643, 139
Trd, 4319239.043, 118
Trd, 4319239.593, 136
Trd, 4319240.193, 114
Trd, 4319240.943, 114
Trd, 4319241.243, 90
Trd, 4319242.343, 131
Trd, 4319242.493, 130
Trd, 4319242.893, 123
Trd, 4319245.643, 140
Trd, 4319245.743, 140
Trd, 4319246.093, 138
Trd, 4319247.843, 125
Trd, 4319248.243, 101
Trd, 4319249.043, 135
Trd, 4319250.543, 107
Trd, 4319251.193, 113
Trd, 4319252.743, 140
Trd, 4319253.293, 140
Trd, 4319253.343, 139
Trd, 4319253.993, 139
Trd, 4319254.393, 140
Trd, 4319255.443, 128
Trd, 4319256.243, 113
Trd, 4319258.043, 104
Trd, 4319259.843, 121
Trd, 4319261.793, 139
Trd, 4319262.843, 130
Trd, 4319263.243, 127
Trd, 4319264.093, 118
Trd, 4319264.893, 140
Trd, 4319265.093, 114
Trd, 4319266.143, 114
Trd, 4319267.993, 140
Trd, 4319268.243, 140
Trd, 4319269.393, 127
Trd, 4319270.043, 108
Trd, 4319270.543, 121
Trd, 4319271.593, 110
Trd, 4319272.443, 101
Trd, 4319273.443, 136
Trd, 4319274.593, 139
Trd, 4319276.293, 128
Trd, 4319277.093, 117
Trd, 4319277.643, 119
Trd, 4319277.993, 118
Trd, 4319279.693, 140
Trd, 4319279.843, 140
Trd, 4319281.593, 131
Trd, 4319281.943, 128
Trd, 4319281.993, 121
Trd, 4319283.193, 114
Trd, 4319283.943, 134
Trd, 4319284.193, 60
Trd, 4319284.643, 61
Trd, 4319285.193, 91
Trd, 4319286.693, 69
Trd, 4319287.743, 120
Trd, 4319288.443, 109
Trd, 4319288.743, 134
Trd, 4319289.043, 137
Trd, 4319290.743, 82
Trd, 4319291.843, 64
Trd, 4319292.843, 70
Trd, 4319294.543, 133
Trd, 4319295.943, 103
Trd, 4319296.243, 137
Trd, 4319297.043, 107
Trd, 4319298.193, 139
Trd, 4319299.543, 127
Trd, 4319300.393, 121
Trd, 4319300.993, 120
Trd, 4319302.243, 120
Trd, 4319303.543, 94
Trd, 4319303.593, 87
Trd, 4319304.143, 101
Trd, 4319304.293, 123
Trd, 4319306.393, 101
Trd, 4319307.443, 134
Trd, 4319308.443, 113
Trd, 4319309.593, 107
Trd, 4319309.743, 105
Trd, 4319311.343, 140
Trd, 4319311.593, 140
Trd, 4319311.843, 140
Trd, 4319312.843, 126
Trd, 4319314.543, 140
Trd, 4319314.593, 140
Trd, 4319315.593, 140
Trd, 4319316.943, 136
Trd, 4319320.643, 140
Trd, 4319320.743, 140
Trd, 4319321.293, 140
Trd, 4319322.043, 119
Trd, 4319323.043, 119
Trd, 4319323.543, 119
Trd, 4319324.593, 112
Trd, 4319324.743, 136
Trd, 4319324.793, 87
Trd, 4319325.243, 138
Trd, 4319327.293, 106
Trd, 4319327.443, 85
Trd, 4319327.543, 83
Trd, 4319327.843, 72
Trd, 4319328.043, 114
Trd, 4319330.493, 90
Trd, 4319332.143, 116
Trd, 4319332.193, 116
Trd, 4319333.393, 112
Trd, 4319333.493, 103
Trd, 4319333.643, 98
Trd, 4319334.743, 118
Trd, 4319336.543, 121
Trd, 4319336.793, 122
Trd, 4319337.643, 128
Trd, 4319338.593, 140
Trd, 4319339.043, 120
Trd, 4319339.443, 120
Trd, 4319340.093, 128
Trd, 4319340.143, 121
Trd, 4319340.693, 119
Trd, 4319342.393, 131
Trd, 4319342.793, 115
Trd, 4319344.293, 140
Trd, 4319344.993, 140
Trd, 4319346.293, 132
Trd, 4319346.543, 128
Trd, 4319347.793, 81
Trd, 4319347.893, 82
Trd, 4319348.193, 83
Trd, 4319349.593, 133
Trd, 4319349.793, 81
Trd, 4319350.493, 140
Trd, 4319350.743, 138
Trd, 4319353.143, 137
Trd, 4319353.693, 60
Trd, 4319355.443, 61
Trd, 4319355.843, 92
Trd, 4319356.743, 140
Trd, 4319357.343, 118
Trd, 4319357.893, 80
Trd, 4319358.193, 124
Trd, 4319358.693, 126
Trd, 4319361.193, 139
Trd, 4319361.443, 132
Trd, 4319362.293, 136
Trd, 4319362.743, 111
Trd, 4319362.843, 108
Trd, 4319363.993, 138
Trd, 4319364.243, 140
Trd, 4319364.943, 134
Trd, 4319365.143, 133
Trd, 4319366.293, 125
Trd, 4319366.343, 122
Trd, 4319366.693, 126
Trd, 4319367.893, 131
Trd, 4319369.993, 140
Trd, 4319370.393, 126
Trd, 4319370.693, 115
Trd, 4319370.793, 109
Trd, 4319371.843, 137
Trd, 4319372.343, 126
Trd, 4319372.393, 125
Trd, 4319374.293, 124
Trd, 4319375.243, 139
Trd, 4319376.093, 120
Trd, 4319376.943, 139
Trd, 4319378.343, 138
Trd, 4319378.943, 125
Trd, 4319379.043, 139
Trd, 4319379.543, 126
Trd, 4319379.593, 125
Trd, 4319381.893, 61
Trd, 4319383.043, 63
Trd, 4319383.893, 90
Trd, 4319384.393, 83
Trd, 4319385.743, 109
Trd, 4319385.893, 116
Trd, 4319386.293, 134
Trd, 4319387.293, 127
Trd, 4319387.493, 119
Trd, 4319390.643, 123
Trd, 4319390.843, 118
Trd, 4319390.993, 109
Trd, 4319391.243, 140
Trd, 4319392.043, 93
Trd, 4319394.193, 103
Trd, 4319394.893, 127
Trd, 4319395.093, 140
Trd, 4319396.543, 131
Trd, 4319396.793, 127
Trd, 4319396.943, 129
Trd, 4319397.193, 115
Trd, 4319398.143, 106
Trd, 4319399.943, 140
Trd, 4319400.043, 126
Trd, 4319400.143, 104
Trd, 4319400.743, 139
Trd, 4319400.793, 113
Trd, 4319401.743, 88
Trd, 4319403.243, 120
Trd, 4319403.793, 119
Trd, 4319404.343, 128
Trd, 4319405.043, 94
Trd, 4319406.343, 140
Trd, 4319409.193, 106
Trd, 4319409.293, 98
Trd, 4319409.693, 102
Trd, 4319411.443, 121
Trd, 4319411.493, 119
Trd, 4319412.293, 138
Trd, 4319412.743, 136
Trd, 4319412.793, 118
Trd, 4319413.093, 120
Trd, 4319415.143, 130
Trd, 4319415.393, 89
Trd, 4319415.493, 127
Trd, 4319417.643, 100
Trd, 4319419.793, 91
Trd, 4319420.643, 128
Trd, 4319421.593, 105
Trd, 4319421.843, 89
Trd, 4319421.993, 87
Trd, 4319423.443, 60
Trd, 4319424.193, 87
Trd, 4319424.893, 140
Trd, 4319426.893, 77
Trd, 4319427.093, 117
Trd, 4319427.743, 85
Trd, 4319428.193, 100
Trd, 4319429.243, 140
Trd, 4319429.443, 140
Trd, 4319429.943, 97
Trd, 4319430.743, 133
Trd, 4319431.643, 121
Trd, 4319431.893, 120
Trd, 4319433.393, 132
Trd, 4319434.743, 96
Trd, 4319434.893, 96
Trd, 4319436.043, 139
Trd, 4319436.843, 97
Trd, 4319437.093, 94
Trd, 4319437.343, 140
Trd, 4319439.493, 125
Trd, 4319439.543, 121
Trd, 4319440.993, 70
Trd, 4319442.043, 140
Trd, 4319443.393, 140
Trd, 4319444.243, 140
Trd, 4319444.343, 128
Trd, 4319446.143, 128
Trd, 4319447.743, 110
Trd, 4319447.993, 100
Trd, 4319448.893, 139
Trd, 4319449.143, 99
Trd, 4319449.493, 126
Trd, 4319451.043, 96
Trd, 4319451.393, 84
Trd, 4319451.643, 109
Trd, 4319452.893, 89
Trd, 4319454.393, 135
Trd, 4319455.793, 132
Trd, 4319456.543, 140
Trd, 4319456.843, 139
Trd, 4319458.143, 139
Trd, 4319458.743, 128
Trd, 4319458.943, 104
Trd, 4319460.693, 96
Trd, 4319462.343, 85
Trd, 4319463.193, 94
Trd, 4319465.093, 66
Trd, 4319465.193, 70
Trd, 4319465.293, 125
Trd, 4319465.743, 137
Trd, 4319465.843, 106
Trd, 4319466.643, 62
Trd, 4319467.593, 132
Trd, 4319467.643, 76
Trd, 4319467.843, 74
Trd, 4319468.443, 93
Trd, 4319470.043, 103
Trd, 4319470.993, 98
Trd, 4319471.093, 97
Trd, 4319471.443, 96
Trd, 4319471.893, 117
Trd, 4319473.343, 117
Trd, 4319473.643, 106
Trd, 4319474.743, 122
Trd, 4319476.193, 136
Trd, 4319476.493, 135
Trd, 4319476.543, 124
Trd, 4319477.343, 140
Trd, 4319478.193, 140
Trd, 4319478.993, 133
Trd, 4319481.243, 135
Trd, 4319482.143, 126
Trd, 4319482.343, 125
Trd, 4319482.593, 124
Trd, 4319483.343, 106
Trd, 4319483.793, 138
Trd, 4319484.993, 139
Trd, 4319486.043, 129
Trd, 4319486.943, 140
Trd, 4319487.043, 112
Trd, 4319488.493, 140
Trd, 4319489.293, 124
Trd, 4319489.643, 123
Trd, 4319490.043, 130
Trd, 4319491.793, 115
Trd, 4319491.843, 108
Trd, 4319493.093, 140
Trd, 4319493.893, 114
Trd, 4319494.043, 117
Trd, 4319496.043, 123
Trd, 4319497.343, 139
Trd, 4319497.943, 137
Trd, 4319498.893, 136
Trd, 4319499.493, 136
Trd, 4319499.793, 133
Trd, 4319501.693, 135
Trd, 4319502.743, 134
Trd, 4319503.043, 140
Trd, 4319504.193, 140
Trd, 4319504.643, 140
Trd, 4319505.093, 138
Trd, 4319505.643, 62
Trd, 4319506.393, 63
Trd, 4319506.993, 138
Trd, 4319508.693, 140
Trd, 4319508.843, 136
Trd, 4319509.243, 111
Trd, 4319509.293, 77
Trd, 4319512.343, 138
Trd, 4319512.443, 137
Trd, 4319513.143, 128
Trd, 4319513.993, 126
Trd, 4319514.543, 140
Trd, 4319514.793, 136
Trd, 4319515.093, 134
Trd, 4319515.543, 80
Trd, 4319516.143, 70
Trd, 4319517.393, 135
Trd, 4319518.643, 64
Trd, 4319519.493, 135
Trd, 4319520.193, 126
Trd, 4319521.143, 136
Trd, 4319521.843, 137
Trd, 4319522.043, 126
Trd, 4319522.243, 121
Trd, 4319524.343, 77
Trd, 4319526.893, 76
Trd, 4319527.643, 101
Trd, 4319528.093, 117
Trd, 4319528.693, 140
Trd, 4319529.793, 134
Trd, 4319530.043, 132
Trd, 4319530.293, 120
Trd, 4319531.493, 125
Trd, 4319532.193, 60
Trd, 4319532.593, 95
Trd, 4319533.843, 138
Trd, 4319534.643, 140
Trd, 4319534.843, 137
Trd, 4319536.793, 138
Trd, 4319537.043, 137
Trd, 4319537.093, 136
Trd, 4319537.443, 132
Trd, 4319538.243, 121
Trd, 4319538.943, 122
Trd, 4319539.543, 111
Trd, 4319540.843, 130
Trd, 4319542.093, 90
Trd, 4319544.793, 92
Trd, 4319545.593, 134
Trd, 4319545.643, 116
Trd, 4319545.993, 116
Trd, 4319546.443, 117
Trd, 4319546.893, 117
Trd, 4319546.943, 115
Trd, 4319547.693, 108
Trd, 4319548.943, 140
Trd, 4319548.993, 104
Trd, 4319549.743, 103
Trd, 4319552.193, 103
Trd, 4319552.243, 109
Trd, 4319554.643, 139
Trd, 4319555.343, 131
Trd, 4319556.043, 140
Trd, 4319557.443, 136
Trd, 4319557.643, 135
Trd, 4319558.143, 68
Trd, 4319559.393, 102
Trd, 4319559.993, 84
Trd, 4319561.243, 89
Trd, 4319561.793, 93
Trd, 4319562.393, 140
Trd, 4319563.043, 138
Trd, 4319564.293, 122
Trd, 4319565.093, 116
Trd, 4319565.293, 108
Trd, 4319565.643, 108
Trd, 4319566.893, 126
Trd, 4319566.943, 125
Trd, 4319568.793, 101
Trd, 4319569.293, 99
Trd, 4319569.793, 97
Trd, 4319569.843, 93
Trd, 4319570.693, 108
Trd, 4319571.043, 138
Trd, 4319571.893, 107
Trd, 4319572.043, 135
Trd, 4319573.243, 73
Trd, 4319574.793, 93
Trd, 4319575.643, 114
Trd, 4319575.793, 113
Trd, 4319575.943, 96
Trd, 4319576.443, 87
Trd, 4319578.043, 140
Trd, 4319578.143, 137
Trd, 4319578.843, 102
Trd, 4319580.543, 101
Trd, 4319580.843, 92
Trd, 4319581.693, 111
Trd, 4319581.943, 111
Trd, 4319582.543, 133
Trd, 4319583.193, 140
Trd, 4319585.493, 140
Trd, 4319585.793, 140
Trd, 4319586.543, 137
Trd, 4319587.743, 140
Trd, 4319588.293, 140
Trd, 4319588.493, 127
Trd, 4319588.943, 125
Trd, 4319589.143, 115
Trd, 4319591.143, 134
Trd, 4319591.743, 125
Trd, 4319592.443, 124
Trd, 4319592.743, 132
Trd, 4319593.793, 118
Trd, 4319594.293, 117
Trd, 4319594.593, 105
Trd, 4319594.843, 60
Trd, 4319595.793, 124
Trd, 4319596.193, 70
Trd, 4319597.793, 140
Trd, 4319597.893, 139
Trd, 4319598.043, 127
Trd, 4319599.493, 137
Trd, 4319600.193, 138
Trd, 4319600.393, 134
Trd, 4319600.893, 126
Trd, 4319601.243, 125
Trd, 4319602.243, 127
Trd, 4319602.543, 126
Trd, 4319603.043, 118
Trd, 4319604.543, 108
Trd, 4319605.693, 135
Trd, 4319606.193, 104
Trd, 4319606.243, 89
Trd, 4319607.193, 119
Trd, 4319607.793, 102
Trd, 4319608.843, 99
Trd, 4319608.993, 79
Trd, 4319610.493, 140
Trd, 4319610.693, 139
Trd, 4319611.193, 126
Trd, 4319612.593, 109
Trd, 4319613.393, 109
Trd, 4319614.143, 140
Trd, 4319615.493, 116
Trd, 4319616.193, 139
Trd, 4319616.243, 138
Trd, 4319616.693, 136
Trd, 4319617.043, 110
Trd, 4319618.193, 114
Trd, 4319619.393, 106
Trd, 4319619.543, 79
Trd, 4319619.843, 136
Trd, 4319620.193, 75
Trd, 4319621.643, 123
Trd, 4319622.043, 123
Trd, 4319622.643, 122
Trd, 4319623.793, 134
Trd, 4319625.293, 139
Trd, 4319625.393, 131
Trd, 4319626.593, 119
Trd, 4319627.643, 139
Trd, 4319628.243, 133
Trd, 4319628.293, 127
Trd, 4319630.343, 140
Trd, 4319631.093, 140
Trd, 4319631.993, 140
Trd, 4319632.243, 140
Trd, 4319632.793, 137
Trd, 4319632.993, 128
Trd, 4319633.543, 111
Trd, 4319633.843, 108
Trd, 4319633.893, 104
Trd, 4319634.093, 117
Trd, 4319634.343, 111
Trd, 4319634.443, 109
Trd, 4319636.293, 83
Trd, 4319636.893, 98
Trd, 4319637.093, 92
Trd, 4319637.493, 133
Trd, 4319639.193, 93
Trd, 4319639.843, 97
Trd, 4319640.943, 133
Trd, 4319642.693, 133
Trd, 4319642.793, 136
Trd, 4319643.693, 140
Trd, 4319645.193, 140
Trd, 4319645.243, 139
Trd, 4319645.743, 123
Trd, 4319646.043, 100
Trd, 4319647.043, 135
Trd, 4319647.093, 134
Trd, 4319647.843, 128
Trd, 4319649.243, 140
Trd, 4319649.443, 133
Trd, 4319650.693, 105
Trd, 4319650.793, 102
Trd, 4319652.243, 111
Trd, 4319653.293, 140
Trd, 4319653.493, 92
Trd, 4319654.143, 86
Trd, 4319654.843, 73
Trd, 4319655.493, 60
Trd, 4319655.743, 65
Trd, 4319656.343, 114
Trd, 4319656.943, 112
Trd, 4319657.693, 88
Trd, 4319658.493, 138
Trd, 4319659.143, 137
Trd, 4319660.943, 60
Trd, 4319661.243, 64
Trd, 4319662.693, 85
Trd, 4319663.043, 132
Trd, 4319663.543, 140
Trd, 4319664.793, 97
Trd, 4319665.593, 139
Trd, 4319666.593, 140
Trd, 4319666.893, 127
Trd, 4319667.143, 105
Trd, 4319669.793, 122
Trd, 4319670.043, 135
Trd, 4319671.093, 135
Trd, 4319671.193, 134
Trd, 4319672.043, 70
Trd, 4319672.393, 137
Trd, 4319673.793, 125
Trd, 4319674.193, 124
Trd, 4319675.193, 139
Trd, 4319676.043, 123
Trd, 4319676.193, 74
Trd, 4319676.893, 83
Trd, 4319677.993, 88
Trd, 4319678.493, 80
Trd, 4319679.893, 78
Trd, 4319680.543, 102
Trd, 4319681.443, 140
Trd, 4319682.993, 132
Trd, 4319684.243, 139
Trd, 4319684.443, 137
Trd, 4319685.193, 137
Trd, 4319685.893, 108
Trd, 4319686.693, 134
Trd, 4319686.843, 112
Trd, 4319687.793, 122
Trd, 4319689.243, 113
Trd, 4319691.693, 134
Trd, 4319691.993, 134
Trd, 4319692.643, 131
Trd, 4319692.893, 130
Trd, 4319693.243, 89
Trd, 4319694.743, 123
Trd, 4319696.543, 112
Trd, 4319696.593, 90
Trd, 4319699.043, 140
Trd, 4319699.493, 140
Trd, 4319700.093, 140
Trd, 4319701.043, 137
Trd, 4319701.243, 133
Trd, 4319701.443, 132
Trd, 4319702.193, 98
Trd, 4319704.143, 102
Trd, 4319704.543, 110
Trd, 4319706.543, 102
Trd, 4319706.593, 93
Trd, 4319707.993, 136
Trd, 4319709.493, 127
Trd, 4319709.643, 126
Trd, 4319710.393, 138
Trd, 4319711.243, 120
Trd, 4319711.843, 110
Trd, 4319712.943, 140
Trd, 4319713.643, 140
Trd, 4319714.693, 140
Trd, 4319715.093, 132
Trd, 4319715.193, 114
Trd, 4319715.643, 107
Trd, 4319715.793, 106
Trd, 4319716.843, 94
Trd, 4319718.093, 63
Trd, 4319718.793, 119
Trd, 4319719.693, 85
Trd, 4319720.393, 100
Trd, 4319721.393, 120
Trd, 4319721.443, 119
Trd, 4319723.043, 138
Trd, 4319724.493, 132
Trd, 4319725.593, 123
Trd, 4319726.043, 122
Trd, 4319726.143, 113
Trd, 4319726.543, 71
Trd, 4319727.543, 139
Trd, 4319728.193, 98
Trd, 4319728.443, 94
Trd, 4319729.643, 103
Trd, 4319730.293, 84
Trd, 4319730.843, 106
Trd, 4319732.643, 140
Trd, 4319733.343, 140
Trd, 4319734.543, 140
Trd, 4319735.143, 140
Trd, 4319735.343, 140
Trd, 4319736.593, 127
Trd, 4319736.743, 116
Trd, 4319739.793, 140
Trd, 4319740.093, 140
Trd, 4319740.143, 130
Trd, 4319741.593, 125
Trd, 4319741.943, 115
Trd, 4319743.393, 110
Trd, 4319743.793, 109
Trd, 4319743.943, 93
Trd, 4319744.393, 84
Trd, 4319746.793, 139
Trd, 4319749.293, 136
Trd, 4319750.643, 140
Trd, 4319750.693, 140
Trd, 4319750.793, 139
Trd, 4319751.293, 137
Trd, 4319751.393, 126
Trd, 4319752.343, 127
Trd, 4319752.443, 67
Trd, 4319752.993, 107
Trd, 4319756.593, 85
Trd, 4319756.643, 84
Trd, 4319756.693, 78
Trd, 4319757.343, 140
Trd, 4319759.143, 140
Trd, 4319760.243, 140
Trd, 4319760.343, 138
Trd, 4319760.693, 94
Trd, 4319761.943, 122
Trd, 4319764.293, 128
Trd, 4319764.493, 123
Trd, 4319764.643, 120
Trd, 4319764.693, 119
Trd, 4319766.393, 124
Trd, 4319767.443, 136
Trd, 4319768.743, 115
Trd, 4319769.743, 125
Trd, 4319770.343, 110
Trd, 4319770.393, 115
Trd, 4319771.243, 128
Trd, 4319771.543, 109
Trd, 4319771.743, 107
Trd, 4319771.793, 102
Trd, 4319772.593, 137
Trd, 4319773.593, 112
Trd, 4319774.393, 99
Trd, 4319775.643, 140
Trd, 4319775.843, 120
Trd, 4319777.043, 123
Trd, 4319777.093, 124
Trd, 4319778.793, 138
Trd, 4319779.443, 138
Trd, 4319781.543, 140
Trd, 4319781.743, 140
Trd, 4319782.143, 137
Trd, 4319782.593, 131
Trd, 4319782.693, 127
Trd, 4319783.993, 124
Trd, 4319786.843, 140
Trd, 4319787.193, 140
Trd, 4319787.543, 140
Trd, 4319788.843, 127
Trd, 4319790.443, 139
Trd, 4319790.643, 133
Trd, 4319790.693, 122
Trd, 4319791.543, 122
Trd, 4319792.093, 86
Trd, 4319793.443, 140
Trd, 4319793.993, 95
Trd, 4319794.693, 94
Trd, 4319795.343, 83
Trd, 4319796.993, 87
Trd, 4319797.193, 114
Trd, 4319798.293, 115
Trd, 4319798.593, 113
Trd, 4319799.243, 139
Trd, 4319800.143, 140
Trd, 4319800.793, 139
Trd, 4319801.443, 133
Trd, 4319803.443, 132
Trd, 4319803.993, 105
Trd, 4319804.443, 128
Trd, 4319806.543, 62
Trd, 4319807.043, 116
Trd, 4319807.243, 71
Trd, 4319807.793, 115
Trd, 4319808.493, 100
Trd, 4319810.093, 98
Trd, 4319812.243, 105
Trd, 4319813.143, 104
Trd, 4319814.693, 137
Trd, 4319814.743, 112
Trd, 4319816.893, 133
Trd, 4319817.593, 124
Trd, 4319818.043, 122
Trd, 4319818.343, 140
Trd, 4319818.893, 129
Trd, 4319819.043, 128
Trd, 4319819.393, 134
Trd, 4319819.743, 77
Trd, 4319821.293, 140
Trd, 4319821.493, 139
Trd, 4319821.893, 139
Trd, 4319823.593, 107
Trd, 4319825.893, 135
Trd, 4319827.243, 128
Trd, 4319827.643, 124
Trd, 4319827.893, 122
Trd, 4319828.143, 139
Trd, 4319829.643, 140
Trd, 4319831.743, 118
Trd, 4319833.643, 130
Trd, 4319833.693, 129
Trd, 4319833.843, 119
Trd, 4319833.943, 113
Trd, 4319835.343, 78
Trd, 4319836.893, 140
Trd, 4319837.293, 108
Trd, 4319837.493, 107
Trd, 4319838.693, 129
Trd, 4319839.093, 117
Trd, 4319839.893, 133
Trd, 4319840.193, 106
Trd, 4319840.943, 98
Trd, 4319841.193, 121
Trd, 4319842.793, 131
Trd, 4319843.193, 130
Trd, 4319844.843, 139
Trd, 4319845.293, 137
Trd, 4319845.493, 125
Trd, 4319846.643, 112
Trd, 4319847.093, 111
Trd, 4319847.743, 74
Trd, 4319848.193, 97
Trd, 4319849.443, 140
Trd, 4319849.643, 126
Trd, 4319849.893, 108
Trd, 4319851.993, 135
Trd, 4319853.593, 135
Trd, 4319853.843, 134
Trd, 4319854.093, 123
Trd, 4319855.193, 123
Trd, 4319857.043, 138
Trd, 4319857.493, 107
Trd, 4319858.193, 138
Trd, 4319859.293, 123
Trd, 4319859.443, 121
Trd, 4319861.293, 133
Trd, 4319861.843, 132
Trd, 4319862.943, 133
Trd, 4319864.243, 138
Trd, 4319866.243, 140
Trd, 4319866.793, 140
Trd, 4319869.543, 140
Trd, 4319869.643, 140
Trd, 4319869.993, 140
Trd, 4319871.293, 140
Trd, 4319871.943, 140
Trd, 4319871.993, 139
Trd, 4319872.943, 131
Trd, 4319873.043, 119
Trd, 4319873.393, 125
Trd, 4319874.843, 125
Trd, 4319875.893, 124
Trd, 4319877.293, 115
Trd, 4319877.743, 104
Trd, 4319879.443, 140
Trd, 4319879.693, 139
Trd, 4319880.343, 139
Trd, 4319880.643, 136
Trd, 4319880.993, 105
Trd, 4319881.493, 109
Trd, 4319882.693, 140
Trd, 4319885.293, 90
Trd, 4319885.393, 65
Trd, 4319886.393, 132
Trd, 4319886.943, 140
Trd, 4319889.393, 140
Trd, 4319890.693, 140
Trd, 4319891.243, 128
Trd, 4319891.943, 138
Trd, 4319892.993, 138
Trd, 4319893.593, 137
Trd, 4319894.343, 135
Trd, 4319895.193, 138
Trd, 4319896.943, 139
Trd, 4319897.993, 131
Trd, 4319899.393, 140
Trd, 4319899.543, 138
Trd, 4319900.143, 131
Trd, 4319900.643, 120
Trd, 4319901.443, 82
Trd, 4319901.543, 81
Trd, 4319901.993, 140
Trd, 4319905.093, 139
Trd, 4319906.543, 136
Trd, 4319906.893, 140
Trd, 4319907.743, 132
Trd, 4319907.943, 131
Trd, 4319908.293, 126
Trd, 4319909.793, 124
Trd, 4319911.293, 97
Trd, 4319912.743, 139
Trd, 4319914.593, 138
Trd, 4319914.793, 109
Trd, 4319915.143, 120
Trd, 4319915.993, 96
Trd, 4319917.643, 101
Trd, 4319918.543, 123
Trd, 4319918.943, 117
Trd, 4319920.593, 116
Trd, 4319922.443, 124
Trd, 4319922.593, 122
Trd, 4319924.593, 139
Trd, 4319924.743, 128
Trd, 4319925.993, 140
Trd, 4319928.293, 140
Trd, 4319928.593, 140
Trd, 4319929.643, 140
Trd, 4319929.943, 126
Trd, 4319931.043, 140
Trd, 4319933.893, 140
Trd, 4319934.293, 140
Trd, 4319934.343, 140
Trd, 4319934.843, 140
Trd, 4319935.443, 140
Trd, 4319936.793, 129
Trd, 4319937.443, 117
Trd, 4319937.993, 139
Trd, 4319938.593, 98
Trd, 4319938.893, 66
Trd, 4319939.543, 70
Trd, 4319939.893, 77
Trd, 4319942.743, 126
Trd, 4319943.193, 127
Trd, 4319946.043, 137
Trd, 4319946.393, 135
Trd, 4319946.893, 133
Trd, 4319947.543, 132
Trd, 4319949.293, 140
Trd, 4319949.443, 130
Trd, 4319949.893, 128
Trd, 4319950.043, 126
Trd, 4319951.393, 136
Trd, 4319951.643, 132
Trd, 4319952.493, 137
Trd, 4319952.693, 122
Trd, 4319953.543, 137
Trd, 4319954.493, 139
Trd, 4319955.343, 133
Trd, 4319958.443, 117
Trd, 4319959.543, 140
Trd, 4319959.643, 116
Trd, 4319961.793, 137
Trd, 4319961.943, 137
Trd, 4319962.293, 135
Trd, 4319963.243, 115
Trd, 4319964.293, 115
Trd, 4319964.593, 105
Trd, 4319965.043, 78
Trd, 4319965.343, 63
Trd, 4319966.043, 117
Trd, 4319968.443, 60
Trd, 4319968.493, 71
Trd, 4319971.693, 133
Trd, 4319972.843, 139
Trd, 4319974.193, 140
Trd, 4319974.693, 140
Trd, 4319975.043, 137
Trd, 4319976.243, 121
Trd, 4319977.093, 140
Trd, 4319977.243, 140
Trd, 4319977.943, 134
Trd, 4319978.543, 106
Trd, 4319979.193, 75
Trd, 4319979.943, 80
Trd, 4319980.543, 118
Trd, 4319981.143, 138
Trd, 4319981.193, 132
Trd, 4319981.493, 92
Trd, 4319982.193, 61
Trd, 4319982.843, 137
Trd, 4319983.843, 129
Trd, 4319985.593, 119
Trd, 4319986.443, 120
Trd, 4319986.593, 120
Trd, 4319987.943, 132
Trd, 4319988.493, 139
Trd, 4319989.243, 131
Trd, 4319989.393, 106
Trd, 4319990.343, 140
Trd, 4319990.493, 122
Trd, 4319991.243, 92
Trd, 4319993.093, 120
Trd, 4319993.843, 110
Trd, 4319995.343, 138
Trd, 4319995.543, 125
Trd, 4319996.043, 95
Trd, 4319997.293, 135
Trd, 4319997.843, 136
Trd, 4319999.343, 86
Trd, 4319999.643, 78
Trd, 4319999.743, 114
