Trd, 4318020.893, 133
Trd, 4318021.343, 137
Trd, 4318022.143, 113
Trd, 4318022.593, 122
Trd, 4318024.693, 110
Trd, 4318025.093, 139
Trd, 4318025.143, 93
Trd, 4318025.893, 114
Trd, 4318027.343, 106
Trd, 4318028.343, 79
Trd, 4318029.643, 127
Trd, 4318030.293, 109
Trd, 4318030.993, 100
Trd, 4318031.393, 89
Trd, 4318031.993, 61
Trd, 4318032.343, 87
Trd, 4318033.243, 132
Trd, 4318035.743, 88
Trd, 4318038.593, 137
Trd, 4318038.693, 133
Trd, 4318039.693, 113
Trd, 4318039.743, 90
Trd, 4318040.493, 72
Trd, 4318040.743, 68
Trd, 4318041.593, 136
Trd, 4318043.593, 136
Trd, 4318043.643, 118
Trd, 4318043.943, 102
Trd, 4318044.593, 106
Trd, 4318046.443, 97
Trd, 4318046.543, 97
Trd, 4318047.143, 111
Trd, 4318047.443, 116
Trd, 4318050.293, 130
Trd, 4318051.193, 104
Trd, 4318052.793, 102
Trd, 4318053.193, 137
Trd, 4318055.543, 127
Trd, 4318055.943, 136
Trd, 4318057.043, 128
Trd, 4318057.193, 121
Trd, 4318057.393, 119
Trd, 4318058.193, 107
Trd, 4318058.543, 93
Trd, 4318059.443, 95
Trd, 4318061.143, 114
Trd, 4318062.493, 110
Trd, 4318062.743, 125
Trd, 4318063.493, 128
Trd, 4318065.593, 132
Trd, 4318067.943, 131
Trd, 4318068.093, 127
Trd, 4318068.193, 109
Trd, 4318069.243, 135
Trd, 4318070.293, 138
Trd, 4318070.993, 134
Trd, 4318071.643, 129
Trd, 4318071.843, 120
Trd, 4318072.543, 130
Trd, 4318075.443, 93
Trd, 4318075.643, 105
Trd, 4318075.743, 114
Trd, 4318075.993, 140
Trd, 4318077.243, 124
Trd, 4318077.443, 121
Trd, 4318079.943, 130
Trd, 4318080.993, 128
Trd, 4318081.443, 114
Trd, 4318081.893, 113
Trd, 4318083.343, 129
Trd, 4318084.593, 124
Trd, 4318085.543, 125
Trd, 4318085.943, 113
Trd, 4318086.443, 107
Trd, 4318086.993, 134
Trd, 4318087.143, 118
Trd, 4318088.443, 74
Trd, 4318089.543, 79
Trd, 4318091.893, 85
Trd, 4318092.243, 97
Trd, 4318092.393, 104
Trd, 4318092.893, 108
Trd, 4318093.043, 85
Trd, 4318093.193, 73
Trd, 4318093.893, 138
Trd, 4318094.493, 113
Trd, 4318095.443, 129
Trd, 4318096.593, 126
Trd, 4318096.993, 132
Trd, 4318097.493, 133
Trd, 4318097.893, 110
Trd, 4318097.943, 109
Trd, 4318100.543, 131
Trd, 4318101.043, 113
Trd, 4318101.593, 109
Trd, 4318102.393, 97
Trd, 4318104.143, 119
Trd, 4318104.393, 86
Trd, 4318105.893, 125
Trd, 4318106.743, 121
Trd, 4318107.343, 111
Trd, 4318109.993, 133
Trd, 4318110.593, 129
Trd, 4318111.543, 114
Trd, 4318112.143, 113
Trd, 4318112.643, 131
Trd, 4318113.743, 113
Trd, 4318114.243, 120
Trd, 4318114.443, 118
Trd, 4318115.943, 133
Trd, 4318116.293, 111
Trd, 4318116.443, 106
Trd, 4318118.943, 131
Trd, 4318119.343, 112
Trd, 4318120.293, 120
Trd, 4318122.093, 123
Trd, 4318123.043, 95
Trd, 4318123.743, 132
Trd, 4318124.643, 140
Trd, 4318125.593, 129
Trd, 4318126.893, 136
Trd, 4318127.943, 138
Trd, 4318128.543, 103
Trd, 4318129.043, 101
Trd, 4318129.893, 140
Trd, 4318130.843, 129
Trd, 4318131.543, 120
Trd, 4318131.743, 115
Trd, 4318132.993, 118
Trd, 4318133.993, 121
Trd, 4318134.393, 125
Trd, 4318134.443, 115
Trd, 4318135.343, 135
Trd, 4318137.393, 140
Trd, 4318137.593, 134
Trd, 4318137.693, 117
Trd, 4318138.243, 118
Trd, 4318138.443, 111
Trd, 4318138.693, 96
Trd, 4318138.843, 124
Trd, 4318139.493, 76
Trd, 4318141.943, 81
Trd, 4318142.393, 140
Trd, 4318143.443, 128
Trd, 4318144.793, 120
Trd, 4318145.293, 122
Trd, 4318146.593, 132
Trd, 4318147.443, 117
Trd, 4318147.993, 112
Trd, 4318148.243, 119
Trd, 4318148.893, 126
Trd, 4318148.993, 118
Trd, 4318151.143, 131
Trd, 4318152.293, 99
Trd, 4318152.593, 87
Trd, 4318153.343, 132
Trd, 4318156.443, 74
Trd, 4318158.193, 111
Trd, 4318159.193, 139
Trd, 4318159.793, 139
Trd, 4318160.043, 133
Trd, 4318160.143, 99
Trd, 4318160.193, 97
Trd, 4318161.243, 85
Trd, 4318163.193, 121
Trd, 4318163.543, 127
Trd, 4318164.343, 134
Trd, 4318165.393, 137
Trd, 4318165.593, 115
Trd, 4318165.643, 111
Trd, 4318166.943, 113
Trd, 4318171.293, 122
Trd, 4318171.393, 117
Trd, 4318171.643, 117
Trd, 4318172.893, 113
Trd, 4318173.393, 139
Trd, 4318173.743, 124
Trd, 4318174.643, 112
Trd, 4318176.593, 121
Trd, 4318176.893, 113
Trd, 4318178.843, 111
Trd, 4318178.943, 139
Trd, 4318179.793, 139
Trd, 4318179.943, 138
Trd, 4318181.893, 134
Trd, 4318183.443, 130
Trd, 4318184.443, 129
Trd, 4318188.793, 104
Trd, 4318189.393, 114
Trd, 4318189.843, 90
Trd, 4318190.043, 117
Trd, 4318190.393, 64
Trd, 4318190.643, 72
Trd, 4318192.893, 83
Trd, 4318193.543, 86
Trd, 4318194.193, 97
Trd, 4318194.493, 100
Trd, 4318195.693, 121
Trd, 4318199.243, 93
Trd, 4318199.743, 124
Trd, 4318200.293, 126
Trd, 4318200.643, 119
Trd, 4318201.293, 135
Trd, 4318201.343, 133
Trd, 4318201.643, 107
Trd, 4318202.043, 104
Trd, 4318202.593, 111
Trd, 4318202.643, 119
Trd, 4318203.993, 91
Trd, 4318204.843, 87
Trd, 4318205.843, 111
Trd, 4318206.793, 77
Trd, 4318208.043, 124
Trd, 4318209.093, 90
Trd, 4318209.893, 87
Trd, 4318212.743, 113
Trd, 4318213.293, 128
Trd, 4318213.493, 116
Trd, 4318214.993, 113
Trd, 4318216.693, 104
Trd, 4318217.193, 94
Trd, 4318217.643, 111
Trd, 4318218.343, 108
Trd, 4318218.693, 119
Trd, 4318219.793, 140
Trd, 4318220.043, 113
Trd, 4318220.293, 95
Trd, 4318222.193, 89
Trd, 4318222.993, 82
Trd, 4318223.743, 67
Trd, 4318223.943, 80
Trd, 4318224.843, 91
Trd, 4318224.993, 126
Trd, 4318225.343, 118
Trd, 4318229.043, 83
Trd, 4318229.743, 123
Trd, 4318230.643, 98
Trd, 4318231.193, 72
Trd, 4318232.243, 126
Trd, 4318233.393, 108
Trd, 4318234.293, 106
Trd, 4318234.543, 104
Trd, 4318236.193, 116
Trd, 4318236.843, 101
Trd, 4318238.593, 91
Trd, 4318238.993, 124
Trd, 4318239.343, 116
Trd, 4318240.843, 132
Trd, 4318240.943, 129
Trd, 4318241.693, 124
Trd, 4318242.543, 110
Trd, 4318242.943, 99
Trd, 4318243.243, 96
Trd, 4318243.593, 96
Trd, 4318245.893, 99
Trd, 4318246.643, 126
Trd, 4318248.143, 117
Trd, 4318248.993, 129
Trd, 4318249.193, 108
Trd, 4318250.443, 121
Trd, 4318250.693, 119
Trd, 4318250.793, 101
Trd, 4318252.943, 99
Trd, 4318253.493, 101
Trd, 4318255.693, 134
Trd, 4318256.243, 119
Trd, 4318256.893, 101
Trd, 4318257.443, 79
Trd, 4318258.443, 116
Trd, 4318258.893, 96
Trd, 4318261.043, 115
Trd, 4318261.443, 62
Trd, 4318261.593, 100
Trd, 4318262.693, 124
Trd, 4318264.343, 118
Trd, 4318267.043, 125
Trd, 4318267.293, 111
Trd, 4318267.993, 128
Trd, 4318268.093, 113
Trd, 4318268.393, 132
Trd, 4318269.993, 107
Trd, 4318270.243, 103
Trd, 4318272.193, 134
Trd, 4318272.643, 107
Trd, 4318273.793, 120
Trd, 4318273.893, 118
Trd, 4318275.193, 125
Trd, 4318276.443, 125
Trd, 4318276.793, 124
Trd, 4318277.043, 129
Trd, 4318277.993, 135
Trd, 4318278.293, 134
Trd, 4318279.343, 128
Trd, 4318279.643, 93
Trd, 4318280.243, 97
Trd, 4318280.593, 132
Trd, 4318282.193, 105
Trd, 4318283.093, 82
Trd, 4318283.493, 82
Trd, 4318284.443, 125
Trd, 4318285.043, 132
Trd, 4318286.043, 75
Trd, 4318286.593, 98
Trd, 4318286.893, 72
Trd, 4318289.343, 104
Trd, 4318289.743, 123
Trd, 4318289.843, 105
Trd, 4318290.543, 115
Trd, 4318291.443, 103
Trd, 4318291.793, 122
Trd, 4318293.143, 98
Trd, 4318294.643, 105
Trd, 4318295.443, 107
Trd, 4318295.943, 105
Trd, 4318296.893, 116
Trd, 4318297.193, 83
Trd, 4318297.843, 134
Trd, 4318298.693, 113
Trd, 4318299.293, 109
Trd, 4318299.943, 134
Trd, 4318300.243, 121
Trd, 4318300.593, 117
Trd, 4318303.393, 138
Trd, 4318303.443, 134
Trd, 4318303.643, 114
Trd, 4318303.893, 122
Trd, 4318304.743, 130
Trd, 4318305.443, 130
Trd, 4318306.943, 131
Trd, 4318307.793, 126
Trd, 4318309.243, 122
Trd, 4318310.493, 118
Trd, 4318311.543, 103
Trd, 4318311.793, 97
Trd, 4318311.993, 103
Trd, 4318313.243, 136
Trd, 4318313.493, 102
Trd, 4318314.693, 90
Trd, 4318315.643, 114
Trd, 4318316.343, 132
Trd, 4318317.343, 128
Trd, 4318318.693, 123
Trd, 4318319.243, 112
Trd, 4318322.043, 137
Trd, 4318323.543, 130
Trd, 4318324.043, 119
Trd, 4318325.243, 118
Trd, 4318325.393, 117
Trd, 4318326.443, 108
Trd, 4318327.193, 85
Trd, 4318327.593, 96
Trd, 4318327.693, 119
Trd, 4318329.643, 103
Trd, 4318330.343, 139
Trd, 4318331.943, 140
Trd, 4318332.493, 129
Trd, 4318333.693, 120
Trd, 4318334.443, 107
Trd, 4318334.693, 105
Trd, 4318334.743, 104
Trd, 4318335.093, 98
Trd, 4318337.493, 132
Trd, 4318339.093, 120
Trd, 4318339.893, 102
Trd, 4318340.143, 93
Trd, 4318340.993, 97
Trd, 4318341.893, 139
Trd, 4318342.693, 118
Trd, 4318343.293, 117
Trd, 4318344.643, 78
Trd, 4318345.393, 137
Trd, 4318345.893, 130
Trd, 4318348.693, 127
Trd, 4318349.393, 134
Trd, 4318350.843, 136
Trd, 4318351.243, 135
Trd, 4318352.143, 137
Trd, 4318352.993, 107
Trd, 4318353.643, 109
Trd, 4318353.693, 121
Trd, 4318353.893, 87
Trd, 4318356.143, 104
Trd, 4318356.343, 136
Trd, 4318357.943, 121
Trd, 4318358.593, 102
Trd, 4318358.893, 100
Trd, 4318358.943, 119
Trd, 4318360.393, 132
Trd, 4318360.843, 115
Trd, 4318360.893, 99
Trd, 4318362.543, 93
Trd, 4318364.593, 134
Trd, 4318364.993, 126
Trd, 4318365.093, 122
Trd, 4318366.893, 121
Trd, 4318368.343, 111
Trd, 4318368.393, 102
Trd, 4318369.093, 112
Trd, 4318369.693, 98
Trd, 4318370.693, 88
Trd, 4318372.093, 117
Trd, 4318372.393, 88
Trd, 4318372.593, 70
Trd, 4318372.893, 112
Trd, 4318375.093, 136
Trd, 4318375.993, 101
Trd, 4318378.643, 119
Trd, 4318379.293, 120
Trd, 4318379.943, 116
Trd, 4318380.143, 103
Trd, 4318380.643, 116
Trd, 4318380.893, 103
Trd, 4318381.293, 98
Trd, 4318381.693, 114
Trd, 4318382.243, 129
Trd, 4318383.993, 83
Trd, 4318384.793, 134
Trd, 4318386.593, 126
Trd, 4318386.893, 127
Trd, 4318387.493, 133
Trd, 4318389.243, 119
Trd, 4318392.343, 88
Trd, 4318392.743, 99
Trd, 4318393.443, 80
Trd, 4318393.643, 116
Trd, 4318394.293, 105
Trd, 4318396.293, 124
Trd, 4318397.393, 116
Trd, 4318397.543, 93
Trd, 4318399.543, 136
Trd, 4318399.993, 123
Trd, 4318400.443, 135
Trd, 4318400.543, 102
Trd, 4318401.093, 117
Trd, 4318402.243, 83
Trd, 4318402.343, 98
Trd, 4318403.043, 116
Trd, 4318404.893, 139
Trd, 4318406.343, 123
Trd, 4318406.443, 106
Trd, 4318407.693, 63
Trd, 4318407.843, 79
Trd, 4318409.343, 91
Trd, 4318410.043, 96
Trd, 4318412.093, 123
Trd, 4318412.743, 137
Trd, 4318413.843, 136
Trd, 4318413.993, 125
Trd, 4318414.293, 123
Trd, 4318414.593, 118
Trd, 4318414.843, 96
Trd, 4318415.043, 101
Trd, 4318416.443, 94
Trd, 4318417.243, 116
Trd, 4318418.243, 122
Trd, 4318418.443, 103
Trd, 4318419.293, 101
Trd, 4318421.943, 110
Trd, 4318422.143, 137
Trd, 4318423.743, 135
Trd, 4318423.893, 134
Trd, 4318424.343, 126
Trd, 4318424.943, 83
Trd, 4318426.393, 100
Trd, 4318427.143, 110
Trd, 4318427.543, 93
Trd, 4318428.793, 117
Trd, 4318429.943, 113
Trd, 4318430.293, 121
Trd, 4318432.943, 127
Trd, 4318433.493, 109
Trd, 4318434.143, 103
Trd, 4318434.343, 125
Trd, 4318435.643, 109
Trd, 4318436.143, 108
Trd, 4318436.693, 105
Trd, 4318438.943, 116
Trd, 4318440.593, 116
Trd, 4318440.643, 115
Trd, 4318441.943, 117
Trd, 4318442.143, 113
Trd, 4318443.643, 140
Trd, 4318443.793, 139
Trd, 4318445.293, 138
Trd, 4318445.343, 118
Trd, 4318446.443, 118
Trd, 4318446.693, 117
Trd, 4318446.893, 115
Trd, 4318446.993, 108
Trd, 4318448.893, 132
Trd, 4318449.993, 136
Trd, 4318450.193, 117
Trd, 4318451.443, 133
Trd, 4318451.743, 134
Trd, 4318452.593, 102
Trd, 4318453.443, 100
Trd, 4318457.093, 134
Trd, 4318458.343, 135
Trd, 4318459.293, 133
Trd, 4318460.393, 134
Trd, 4318460.693, 118
Trd, 4318460.793, 100
Trd, 4318461.293, 86
Trd, 4318462.543, 94
Trd, 4318463.143, 111
Trd, 4318463.343, 122
Trd, 4318464.393, 139
Trd, 4318465.543, 108
Trd, 4318466.643, 111
Trd, 4318467.293, 131
Trd, 4318468.193, 91
Trd, 4318469.043, 107
Trd, 4318469.443, 89
Trd, 4318471.093, 118
Trd, 4318471.593, 107
Trd, 4318471.643, 105
Trd, 4318473.543, 103
Trd, 4318473.743, 78
Trd, 4318475.493, 118
Trd, 4318476.343, 122
Trd, 4318477.093, 135
Trd, 4318477.193, 121
Trd, 4318477.593, 125
Trd, 4318479.043, 113
Trd, 4318480.393, 137
Trd, 4318481.193, 131
Trd, 4318481.593, 121
Trd, 4318481.943, 111
Trd, 4318483.893, 133
Trd, 4318484.143, 108
Trd, 4318484.993, 106
Trd, 4318487.943, 136
Trd, 4318488.593, 138
Trd, 4318490.493, 113
Trd, 4318490.643, 104
Trd, 4318490.943, 93
Trd, 4318491.243, 107
Trd, 4318491.393, 102
Trd, 4318492.093, 82
Trd, 4318495.643, 127
Trd, 4318496.143, 126
Trd, 4318496.243, 125
Trd, 4318497.343, 121
Trd, 4318499.543, 119
Trd, 4318499.743, 116
Trd, 4318500.793, 109
Trd, 4318501.543, 99
Trd, 4318504.843, 138
Trd, 4318505.593, 137
Trd, 4318505.793, 122
Trd, 4318506.593, 106
Trd, 4318507.643, 129
Trd, 4318507.793, 128
Trd, 4318508.943, 129
Trd, 4318509.843, 134
Trd, 4318511.043, 123
Trd, 4318511.293, 132
Trd, 4318511.393, 90
Trd, 4318512.193, 133
Trd, 4318513.893, 132
Trd, 4318514.043, 112
Trd, 4318514.643, 108
Trd, 4318515.593, 125
Trd, 4318517.143, 116
Trd, 4318517.743, 122
Trd, 4318517.993, 99
Trd, 4318518.593, 135
Trd, 4318519.193, 134
Trd, 4318520.043, 136
Trd, 4318520.193, 118
Trd, 4318521.793, 114
Trd, 4318522.243, 108
Trd, 4318522.543, 106
Trd, 4318523.643, 122
Trd, 4318524.493, 116
Trd, 4318525.343, 95
Trd, 4318526.243, 115
Trd, 4318526.643, 86
Trd, 4318528.093, 119
Trd, 4318528.743, 134
Trd, 4318529.393, 140
Trd, 4318530.743, 135
Trd, 4318530.843, 108
Trd, 4318530.943, 97
Trd, 4318531.093, 112
Trd, 4318532.693, 129
Trd, 4318533.893, 108
Trd, 4318534.043, 97
Trd, 4318535.343, 106
Trd, 4318535.993, 117
Trd, 4318538.143, 110
Trd, 4318540.793, 140
Trd, 4318541.143, 120
Trd, 4318542.393, 131
Trd, 4318542.643, 131
Trd, 4318543.993, 129
Trd, 4318544.843, 135
Trd, 4318545.693, 115
Trd, 4318547.343, 108
Trd, 4318549.143, 126
Trd, 4318549.743, 126
Trd, 4318551.243, 99
Trd, 4318551.993, 135
Trd, 4318553.193, 129
Trd, 4318553.593, 129
Trd, 4318554.293, 123
Trd, 4318554.393, 109
Trd, 4318554.593, 106
Trd, 4318555.643, 139
Trd, 4318556.943, 123
Trd, 4318557.043, 117
Trd, 4318559.493, 131
Trd, 4318560.043, 129
Trd, 4318560.293, 113
Trd, 4318561.243, 80
Trd, 4318561.743, 80
Trd, 4318562.393, 122
Trd, 4318564.243, 93
Trd, 4318565.293, 118
Trd, 4318565.593, 110
Trd, 4318566.243, 109
Trd, 4318567.343, 123
Trd, 4318567.943, 122
Trd, 4318569.093, 124
Trd, 4318570.793, 98
Trd, 4318571.043, 101
Trd, 4318572.143, 101
Trd, 4318572.793, 99
Trd, 4318573.443, 88
Trd, 4318574.493, 111
Trd, 4318575.993, 117
Trd, 4318576.193, 90
Trd, 4318577.343, 86
Trd, 4318578.593, 89
Trd, 4318579.443, 94
Trd, 4318580.443, 107
Trd, 4318581.443, 80
Trd, 4318583.243, 89
Trd, 4318583.393, 124
Trd, 4318583.493, 114
Trd, 4318584.143, 74
Trd, 4318584.643, 134
Trd, 4318586.193, 135
Trd, 4318586.493, 134
Trd, 4318587.443, 105
Trd, 4318588.343, 86
Trd, 4318589.643, 110
Trd, 4318591.293, 131
Trd, 4318591.893, 114
Trd, 4318593.393, 103
Trd, 4318593.493, 119
Trd, 4318593.543, 100
Trd, 4318594.943, 138
Trd, 4318595.943, 123
Trd, 4318598.093, 138
Trd, 4318599.343, 102
Trd, 4318599.543, 103
Trd, 4318599.893, 121
Trd, 4318600.543, 120
Trd, 4318601.943, 131
Trd, 4318602.943, 76
Trd, 4318603.093, 78
Trd, 4318603.793, 116
Trd, 4318604.443, 129
Trd, 4318605.593, 140
Trd, 4318607.143, 118
Trd, 4318607.343, 117
Trd, 4318607.943, 134
Trd, 4318608.493, 121
Trd, 4318609.843, 127
Trd, 4318610.443, 138
Trd, 4318611.143, 131
Trd, 4318612.393, 88
Trd, 4318612.493, 68
Trd, 4318614.293, 107
Trd, 4318614.343, 80
Trd, 4318614.793, 73
Trd, 4318615.693, 92
Trd, 4318617.893, 139
Trd, 4318618.293, 93
Trd, 4318619.043, 90
Trd, 4318620.493, 109
Trd, 4318621.043, 83
Trd, 4318621.143, 102
Trd, 4318622.493, 137
Trd, 4318622.593, 120
Trd, 4318622.793, 102
Trd, 4318622.843, 101
Trd, 4318625.243, 115
Trd, 4318625.943, 140
Trd, 4318626.343, 75
Trd, 4318627.443, 86
Trd, 4318628.193, 70
Trd, 4318630.493, 67
Trd, 4318630.643, 69
Trd, 4318631.143, 73
Trd, 4318631.493, 120
Trd, 4318632.893, 101
Trd, 4318634.293, 100
Trd, 4318635.493, 138
Trd, 4318635.893, 126
Trd, 4318636.293, 138
Trd, 4318636.793, 129
Trd, 4318637.843, 113
Trd, 4318637.943, 112
Trd, 4318639.143, 114
Trd, 4318639.543, 119
Trd, 4318639.943, 111
Trd, 4318640.593, 122
Trd, 4318643.343, 129
Trd, 4318644.293, 111
Trd, 4318647.593, 113
Trd, 4318648.593, 97
Trd, 4318648.843, 113
Trd, 4318649.093, 96
Trd, 4318649.993, 138
Trd, 4318651.243, 125
Trd, 4318651.343, 114
Trd, 4318651.943, 117
Trd, 4318652.993, 105
Trd, 4318653.893, 77
Trd, 4318655.443, 75
Trd, 4318655.643, 90
Trd, 4318657.493, 115
Trd, 4318659.143, 110
Trd, 4318660.343, 101
Trd, 4318660.443, 133
Trd, 4318660.843, 92
Trd, 4318664.843, 133
Trd, 4318665.193, 138
Trd, 4318665.593, 137
Trd, 4318666.293, 96
Trd, 4318667.343, 136
Trd, 4318667.793, 74
Trd, 4318668.043, 67
Trd, 4318670.693, 112
Trd, 4318670.793, 108
Trd, 4318670.943, 114
Trd, 4318673.443, 118
Trd, 4318673.693, 95
Trd, 4318674.443, 127
Trd, 4318675.193, 128
Trd, 4318675.643, 140
Trd, 4318675.793, 130
Trd, 4318679.543, 129
Trd, 4318679.793, 128
Trd, 4318681.643, 124
Trd, 4318682.593, 111
Trd, 4318683.243, 110
Trd, 4318684.243, 110
Trd, 4318685.593, 125
Trd, 4318686.193, 113
Trd, 4318686.443, 86
Trd, 4318687.043, 115
Trd, 4318688.643, 106
Trd, 4318689.843, 104
Trd, 4318689.943, 99
Trd, 4318690.443, 138
Trd, 4318691.493, 134
Trd, 4318691.543, 128
Trd, 4318692.043, 89
Trd, 4318692.243, 111
Trd, 4318692.893, 102
Trd, 4318693.993, 118
Trd, 4318694.393, 122
Trd, 4318695.443, 112
Trd, 4318697.293, 120
Trd, 4318697.843, 134
Trd, 4318698.293, 133
Trd, 4318699.343, 140
Trd, 4318699.543, 139
Trd, 4318699.943, 139
Trd, 4318700.193, 129
Trd, 4318702.293, 116
Trd, 4318703.643, 107
Trd, 4318705.143, 109
Trd, 4318705.193, 126
Trd, 4318705.293, 131
Trd, 4318705.643, 110
Trd, 4318706.743, 108
Trd, 4318706.893, 137
Trd, 4318708.943, 101
Trd, 4318710.843, 131
Trd, 4318711.793, 138
Trd, 4318712.043, 110
Trd, 4318713.793, 88
Trd, 4318714.093, 88
Trd, 4318715.093, 132
Trd, 4318716.043, 130
Trd, 4318716.343, 115
Trd, 4318716.493, 114
Trd, 4318717.093, 107
Trd, 4318719.193, 111
Trd, 4318719.493, 100
Trd, 4318720.043, 106
Trd, 4318720.093, 86
Trd, 4318720.343, 80
Trd, 4318720.993, 129
Trd, 4318721.943, 88
Trd, 4318722.943, 62
Trd, 4318725.893, 118
Trd, 4318726.543, 114
Trd, 4318726.693, 111
Trd, 4318726.993, 107
Trd, 4318728.143, 87
Trd, 4318728.543, 83
Trd, 4318728.893, 73
Trd, 4318729.943, 107
Trd, 4318730.743, 127
Trd, 4318734.543, 134
Trd, 4318734.693, 135
Trd, 4318735.143, 120
Trd, 4318736.443, 127
Trd, 4318737.043, 68
Trd, 4318737.443, 108
Trd, 4318738.593, 98
Trd, 4318739.693, 96
Trd, 4318740.493, 96
Trd, 4318740.743, 137
Trd, 4318741.543, 109
Trd, 4318741.993, 138
Trd, 4318742.493, 111
Trd, 4318743.443, 94
Trd, 4318745.293, 109
Trd, 4318745.743, 118
Trd, 4318746.493, 138
Trd, 4318747.043, 96
Trd, 4318748.093, 134
Trd, 4318748.543, 108
Trd, 4318749.043, 105
Trd, 4318750.193, 121
Trd, 4318751.093, 115
Trd, 4318753.843, 117
Trd, 4318756.493, 103
Trd, 4318757.843, 116
Trd, 4318758.543, 117
Trd, 4318758.793, 117
Trd, 4318759.743, 124
Trd, 4318759.893, 126
Trd, 4318761.143, 140
Trd, 4318762.493, 108
Trd, 4318763.093, 137
Trd, 4318764.293, 135
Trd, 4318765.193, 134
Trd, 4318765.943, 133
Trd, 4318768.043, 98
Trd, 4318769.043, 122
Trd, 4318769.243, 102
Trd, 4318769.443, 92
Trd, 4318769.643, 131
Trd, 4318770.493, 75
Trd, 4318771.593, 61
Trd, 4318772.093, 135
Trd, 4318773.643, 123
Trd, 4318773.943, 95
Trd, 4318774.443, 102
Trd, 4318776.143, 129
Trd, 4318776.543, 103
Trd, 4318778.043, 107
Trd, 4318778.143, 107
Trd, 4318778.343, 132
Trd, 4318779.593, 132
Trd, 4318780.293, 128
Trd, 4318780.693, 116
Trd, 4318781.393, 94
Trd, 4318783.743, 104
Trd, 4318783.843, 88
Trd, 4318784.243, 94
Trd, 4318784.393, 74
Trd, 4318787.293, 140
Trd, 4318787.443, 140
Trd, 4318788.843, 129
Trd, 4318789.693, 117
Trd, 4318790.393, 102
Trd, 4318791.243, 116
Trd, 4318791.443, 115
Trd, 4318792.143, 112
Trd, 4318794.993, 126
Trd, 4318795.143, 122
Trd, 4318795.543, 122
Trd, 4318795.743, 121
Trd, 4318797.893, 113
Trd, 4318798.143, 125
Trd, 4318798.893, 127
Trd, 4318799.693, 127
Trd, 4318802.993, 130
Trd, 4318803.193, 114
Trd, 4318804.193, 131
Trd, 4318804.443, 128
Trd, 4318805.543, 116
Trd, 4318807.193, 109
Trd, 4318808.893, 99
Trd, 4318808.993, 113
Trd, 4318809.093, 119
Trd, 4318809.343, 93
Trd, 4318810.343, 114
Trd, 4318811.443, 137
Trd, 4318811.593, 136
Trd, 4318811.743, 126
Trd, 4318812.393, 126
Trd, 4318813.893, 117
Trd, 4318815.143, 120
Trd, 4318816.893, 88
Trd, 4318817.043, 96
Trd, 4318817.343, 134
Trd, 4318818.343, 123
Trd, 4318818.843, 118
Trd, 4318819.793, 120
Trd, 4318820.043, 100
Trd, 4318820.843, 107
Trd, 4318821.743, 131
Trd, 4318822.343, 138
Trd, 4318823.393, 120
Trd, 4318825.643, 137
Trd, 4318825.993, 115
Trd, 4318826.743, 102
Trd, 4318827.143, 120
Trd, 4318828.243, 81
Trd, 4318829.743, 121
Trd, 4318831.943, 116
Trd, 4318832.743, 115
Trd, 4318832.843, 113
Trd, 4318833.643, 84
Trd, 4318835.393, 111
Trd, 4318835.643, 85
Trd, 4318837.643, 116
Trd, 4318837.693, 90
Trd, 4318838.243, 126
Trd, 4318838.793, 91
Trd, 4318839.493, 71
Trd, 4318841.793, 122
Trd, 4318842.593, 132
Trd, 4318843.043, 116
Trd, 4318843.143, 115
Trd, 4318845.543, 99
Trd, 4318845.793, 114
Trd, 4318846.443, 115
Trd, 4318848.093, 101
Trd, 4318848.493, 73
Trd, 4318850.193, 114
Trd, 4318851.343, 128
Trd, 4318853.443, 116
Trd, 4318854.743, 115
Trd, 4318855.543, 136
Trd, 4318855.893, 113
Trd, 4318856.493, 106
Trd, 4318856.793, 121
Trd, 4318857.843, 106
Trd, 4318859.243, 124
Trd, 4318860.793, 112
Trd, 4318860.943, 102
Trd, 4318862.693, 127
Trd, 4318864.443, 133
Trd, 4318864.793, 134
Trd, 4318865.493, 114
Trd, 4318867.093, 133
Trd, 4318868.993, 116
Trd, 4318870.043, 140
Trd, 4318870.593, 126
Trd, 4318870.943, 115
Trd, 4318871.443, 101
Trd, 4318873.843, 133
Trd, 4318875.943, 137
Trd, 4318877.243, 133
Trd, 4318878.093, 107
Trd, 4318879.293, 102
Trd, 4318879.493, 103
Trd, 4318880.143, 113
Trd, 4318880.843, 76
Trd, 4318881.443, 104
Trd, 4318883.243, 132
Trd, 4318886.543, 121
Trd, 4318886.893, 98
Trd, 4318886.943, 116
Trd, 4318887.293, 125
Trd, 4318888.543, 99
Trd, 4318889.093, 99
Trd, 4318889.993, 136
Trd, 4318890.643, 136
Trd, 4318891.743, 101
Trd, 4318892.443, 96
Trd, 4318892.943, 139
Trd, 4318893.043, 114
Trd, 4318893.243, 128
Trd, 4318893.843, 95
Trd, 4318897.193, 114
Trd, 4318897.993, 122
Trd, 4318898.593, 103
Trd, 4318898.843, 102
Trd, 4318900.643, 95
Trd, 4318901.743, 112
Trd, 4318903.693, 128
Trd, 4318905.443, 109
Trd, 4318905.943, 108
Trd, 4318906.393, 103
Trd, 4318907.843, 131
Trd, 4318909.143, 113
Trd, 4318909.593, 111
Trd, 4318910.093, 122
Trd, 4318910.593, 138
Trd, 4318910.793, 102
Trd, 4318911.343, 110
Trd, 4318911.443, 95
Trd, 4318912.793, 95
Trd, 4318914.993, 103
Trd, 4318915.493, 115
Trd, 4318917.243, 114
Trd, 4318917.643, 100
Trd, 4318919.243, 139
Trd, 4318920.043, 127
Trd, 4318921.843, 99
Trd, 4318922.443, 124
Trd, 4318922.493, 117
Trd, 4318922.943, 89
Trd, 4318924.193, 132
Trd, 4318924.593, 130
Trd, 4318925.493, 129
Trd, 4318925.693, 118
Trd, 4318927.293, 133
Trd, 4318927.443, 126
Trd, 4318928.193, 92
Trd, 4318930.543, 129
Trd, 4318931.243, 126
Trd, 4318931.343, 124
Trd, 4318931.893, 136
Trd, 4318933.343, 103
Trd, 4318933.393, 101
Trd, 4318933.893, 93
Trd, 4318934.543, 74
Trd, 4318934.843, 71
Trd, 4318937.143, 136
Trd, 4318937.243, 112
Trd, 4318939.093, 119
Trd, 4318939.193, 118
Trd, 4318940.793, 140
Trd, 4318941.043, 92
Trd, 4318941.793, 137
Trd, 4318943.143, 128
Trd, 4318944.943, 129
Trd, 4318945.143, 114
Trd, 4318945.243, 125
Trd, 4318945.643, 98
Trd, 4318945.743, 65
Trd, 4318946.443, 93
Trd, 4318946.493, 80
Trd, 4318947.793, 70
Trd, 4318948.993, 120
Trd, 4318949.093, 109
Trd, 4318950.943, 113
Trd, 4318951.393, 113
Trd, 4318951.693, 112
Trd, 4318952.343, 132
Trd, 4318953.293, 112
Trd, 4318953.943, 118
Trd, 4318954.343, 100
Trd, 4318954.443, 93
Trd, 4318955.043, 117
Trd, 4318956.093, 102
Trd, 4318957.243, 104
Trd, 4318957.343, 89
Trd, 4318957.593, 104
Trd, 4318958.743, 104
Trd, 4318959.993, 99
Trd, 4318960.243, 115
Trd, 4318962.443, 121
Trd, 4318962.943, 95
Trd, 4318965.343, 139
Trd, 4318965.643, 115
Trd, 4318966.143, 119
Trd, 4318966.343, 120
Trd, 4318968.043, 119
Trd, 4318968.293, 127
Trd, 4318969.093, 115
Trd, 4318969.943, 131
Trd, 4318971.093, 125
Trd, 4318971.443, 104
Trd, 4318972.293, 125
Trd, 4318974.343, 140
Trd, 4318974.443, 140
Trd, 4318974.593, 137
Trd, 4318974.643, 113
Trd, 4318975.543, 135
Trd, 4318977.143, 90
Trd, 4318979.193, 107
Trd, 4318981.143, 128
Trd, 4318981.243, 112
Trd, 4318981.343, 94
Trd, 4318981.643, 139
Trd, 4318981.993, 99
Trd, 4318984.093, 116
Trd, 4318986.093, 109
Trd, 4318986.543, 116
Trd, 4318986.893, 86
Trd, 4318987.843, 131
Trd, 4318989.993, 135
Trd, 4318990.593, 129
Trd, 4318990.993, 131
Trd, 4318992.693, 137
Trd, 4318992.993, 120
Trd, 4318994.543, 82
Trd, 4318995.593, 88
Trd, 4318996.493, 89
Trd, 4318996.693, 88
Trd, 4318996.793, 115
Trd, 4318997.493, 97
Trd, 4318999.243, 87
Trd, 4318999.443, 78
Trd, 4318999.993, 124
Trd, 4319001.343, 104
Trd, 4319002.893, 133
Trd, 4319003.393, 111
Trd, 4319004.193, 93
Trd, 4319006.043, 126
Trd, 4319006.493, 135
Trd, 4319007.893, 124
Trd, 4319008.543, 136
Trd, 4319010.093, 105
Trd, 4319010.443, 122
Trd, 4319011.043, 111
Trd, 4319011.793, 82
Trd, 4319012.193, 109
Trd, 4319013.343, 112
Trd, 4319014.443, 89
Trd, 4319015.693, 129
Trd, 4319016.243, 125
Trd, 4319016.743, 106
Trd, 4319017.043, 94
Trd, 4319019.093, 140
Trd, 4319019.593, 112
Trd, 4319020.043, 118
Trd, 4319020.843, 121
Trd, 4319022.093, 101
Trd, 4319022.793, 124
Trd, 4319023.693, 131
Trd, 4319024.293, 131
Trd, 4319025.093, 104
Trd, 4319025.643, 77
Trd, 4319026.843, 127
Trd, 4319027.043, 124
Trd, 4319027.093, 116
Trd, 4319028.993, 134
Trd, 4319029.543, 132
Trd, 4319029.943, 120
Trd, 4319030.243, 127
Trd, 4319030.793, 123
Trd, 4319031.743, 132
Trd, 4319034.193, 109
Trd, 4319035.043, 106
Trd, 4319036.193, 106
Trd, 4319036.243, 103
Trd, 4319038.043, 111
Trd, 4319040.143, 110
Trd, 4319040.343, 104
Trd, 4319041.443, 121
Trd, 4319042.243, 123
Trd, 4319042.693, 125
Trd, 4319043.193, 119
Trd, 4319044.143, 114
Trd, 4319045.143, 124
Trd, 4319045.843, 85
Trd, 4319046.443, 124
Trd, 4319047.393, 109
Trd, 4319048.243, 93
Trd, 4319049.743, 133
Trd, 4319049.893, 132
Trd, 4319050.393, 114
Trd, 4319050.993, 136
Trd, 4319051.193, 134
Trd, 4319052.043, 108
Trd, 4319052.993, 129
Trd, 4319054.893, 137
Trd, 4319056.493, 107
Trd, 4319056.943, 128
Trd, 4319057.393, 101
Trd, 4319058.393, 103
Trd, 4319058.843, 112
Trd, 4319059.443, 84
Trd, 4319060.293, 99
Trd, 4319060.693, 103
Trd, 4319061.293, 121
Trd, 4319062.243, 126
Trd, 4319062.293, 110
Trd, 4319063.343, 134
Trd, 4319064.143, 124
Trd, 4319066.293, 106
Trd, 4319067.243, 104
Trd, 4319069.393, 136
Trd, 4319070.593, 136
Trd, 4319070.993, 135
Trd, 4319071.143, 138
Trd, 4319071.343, 113
Trd, 4319072.593, 118
Trd, 4319072.643, 114
Trd, 4319073.193, 98
Trd, 4319074.843, 102
Trd, 4319075.043, 112
Trd, 4319076.193, 135
Trd, 4319076.243, 130
Trd, 4319076.593, 87
Trd, 4319078.243, 107
Trd, 4319078.293, 135
Trd, 4319080.393, 133
Trd, 4319081.543, 113
Trd, 4319081.693, 111
Trd, 4319081.993, 106
Trd, 4319082.343, 73
Trd, 4319082.943, 104
Trd, 4319084.393, 96
Trd, 4319085.343, 69
Trd, 4319086.493, 114
Trd, 4319087.493, 113
Trd, 4319088.793, 123
Trd, 4319089.543, 122
Trd, 4319089.643, 110
Trd, 4319091.043, 106
Trd, 4319091.243, 127
Trd, 4319091.693, 109
Trd, 4319092.593, 127
Trd, 4319093.893, 139
Trd, 4319094.443, 104
Trd, 4319095.743, 99
Trd, 4319095.793, 120
Trd, 4319096.693, 116
Trd, 4319097.343, 101
Trd, 4319097.943, 81
Trd, 4319100.693, 113
Trd, 4319100.793, 111
Trd, 4319100.993, 94
Trd, 4319101.043, 91
Trd, 4319101.893, 110
Trd, 4319102.443, 80
Trd, 4319103.643, 104
Trd, 4319104.243, 102
Trd, 4319104.843, 77
Trd, 4319105.093, 91
Trd, 4319107.543, 112
Trd, 4319107.743, 113
Trd, 4319108.343, 119
Trd, 4319109.093, 111
Trd, 4319109.793, 130
Trd, 4319110.693, 111
Trd, 4319111.893, 103
Trd, 4319112.393, 92
Trd, 4319112.643, 88
Trd, 4319114.843, 139
Trd, 4319116.043, 99
Trd, 4319116.393, 97
Trd, 4319116.893, 140
Trd, 4319117.593, 85
Trd, 4319117.943, 79
Trd, 4319118.743, 131
Trd, 4319121.393, 125
Trd, 4319121.893, 116
Trd, 4319123.093, 138
Trd, 4319124.643, 130
Trd, 4319124.793, 125
Trd, 4319124.843, 100
Trd, 4319125.743, 119
Trd, 4319127.593, 96
Trd, 4319128.093, 140
Trd, 4319128.743, 108
Trd, 4319129.093, 135
Trd, 4319129.943, 127
Trd, 4319131.843, 99
Trd, 4319133.543, 83
Trd, 4319134.343, 136
Trd, 4319134.643, 111
Trd, 4319135.143, 84
Trd, 4319136.893, 98
Trd, 4319137.243, 124
Trd, 4319137.493, 89
Trd, 4319140.843, 98
Trd, 4319141.343, 131
Trd, 4319141.393, 130
Trd, 4319142.493, 130
Trd, 4319142.943, 113
Trd, 4319143.293, 112
Trd, 4319144.093, 98
Trd, 4319144.443, 97
Trd, 4319145.893, 129
Trd, 4319147.443, 135
Trd, 4319147.793, 127
Trd, 4319148.943, 100
Trd, 4319150.493, 139
Trd, 4319150.893, 139
Trd, 4319152.343, 126
Trd, 4319152.943, 131
Trd, 4319154.443, 98
Trd, 4319154.893, 115
Trd, 4319155.693, 104
Trd, 4319156.793, 131
Trd, 4319157.393, 100
Trd, 4319157.543, 96
Trd, 4319158.993, 61
Trd, 4319160.093, 80
Trd, 4319161.043, 135
Trd, 4319161.543, 80
Trd, 4319162.243, 80
Trd, 4319163.793, 126
Trd, 4319165.643, 127
Trd, 4319166.593, 131
Trd, 4319166.843, 125
Trd, 4319166.943, 114
Trd, 4319168.243, 116
Trd, 4319168.343, 94
Trd, 4319170.143, 120
Trd, 4319170.693, 100
Trd, 4319171.193, 110
Trd, 4319171.343, 116
Trd, 4319172.793, 93
Trd, 4319175.943, 82
Trd, 4319177.143, 90
Trd, 4319177.343, 139
Trd, 4319178.843, 136
Trd, 4319178.943, 128
Trd, 4319179.193, 115
Trd, 4319180.193, 133
Trd, 4319182.293, 132
Trd, 4319183.043, 139
Trd, 4319183.393, 134
Trd, 4319183.943, 136
Trd, 4319185.293, 120
Trd, 4319185.843, 130
Trd, 4319186.193, 89
Trd, 4319188.593, 140
Trd, 4319189.343, 138
Trd, 4319189.393, 120
Trd, 4319192.743, 107
Trd, 4319193.193, 107
Trd, 4319193.893, 130
Trd, 4319195.093, 114
Trd, 4319195.443, 104
Trd, 4319195.493, 70
Trd, 4319196.643, 84
Trd, 4319196.893, 91
Trd, 4319198.493, 127
Trd, 4319199.193, 105
Trd, 4319199.393, 133
Trd, 4319199.743, 92
Trd, 4319199.893, 91
Trd, 4319201.343, 137
Trd, 4319202.843, 127
Trd, 4319203.393, 138
Trd, 4319203.593, 97
Trd, 4319204.343, 96
Trd, 4319204.693, 113
Trd, 4319207.243, 130
Trd, 4319207.493, 125
Trd, 4319208.343, 128
Trd, 4319209.343, 97
Trd, 4319209.793, 107
Trd, 4319211.043, 86
Trd, 4319211.443, 123
Trd, 4319211.743, 139
Trd, 4319212.393, 112
Trd, 4319215.193, 120
Trd, 4319215.493, 99
Trd, 4319216.843, 129
Trd, 4319216.893, 106
Trd, 4319218.043, 109
Trd, 4319218.393, 94
Trd, 4319219.043, 131
Trd, 4319220.243, 128
Trd, 4319220.693, 127
Trd, 4319221.043, 126
Trd, 4319222.193, 75
Trd, 4319223.693, 112
Trd, 4319225.293, 137
Trd, 4319225.543, 126
Trd, 4319225.593, 125
Trd, 4319225.643, 105
Trd, 4319225.743, 97
Trd, 4319226.493, 139
Trd, 4319227.193, 135
Trd, 4319230.293, 129
Trd, 4319230.493, 114
Trd, 4319231.393, 104
Trd, 4319231.593, 110
Trd, 4319232.193, 107
Trd, 4319232.743, 115
Trd, 4319232.993, 97
Trd, 4319234.393, 107
Trd, 4319235.843, 99
Trd, 4319236.093, 99
Trd, 4319236.943, 127
Trd, 4319237.143, 129
Trd, 4319237.343, 108
Trd, 4319237.993, 140
Trd, 4319240.593, 136
Trd, 4319242.843, 98
Trd, 4319243.243, 120
Trd, 4319243.443, 112
Trd, 4319244.693, 118
Trd, 4319245.043, 110
Trd, 4319247.593, 112
Trd, 4319247.693, 110
Trd, 4319250.293, 140
Trd, 4319250.843, 126
Trd, 4319251.393, 117
Trd, 4319253.643, 132
Trd, 4319254.693, 112
Trd, 4319255.493, 101
Trd, 4319256.043, 126
Trd, 4319257.043, 109
Trd, 4319257.143, 98
Trd, 4319257.693, 105
Trd, 4319257.993, 86
Trd, 4319258.143, 83
Trd, 4319258.893, 67
Trd, 4319259.193, 77
Trd, 4319261.143, 110
Trd, 4319262.293, 116
Trd, 4319263.943, 119
Trd, 4319265.843, 121
Trd, 4319266.143, 133
Trd, 4319266.543, 123
Trd, 4319268.743, 101
Trd, 4319269.143, 133
Trd, 4319270.493, 138
Trd, 4319270.893, 139
Trd, 4319272.293, 101
Trd, 4319274.543, 128
Trd, 4319275.043, 127
Trd, 4319275.693, 115
Trd, 4319276.743, 120
Trd, 4319276.843, 117
Trd, 4319277.943, 138
Trd, 4319278.093, 111
Trd, 4319278.693, 94
Trd, 4319279.443, 119
Trd, 4319280.143, 70
Trd, 4319280.943, 129
Trd, 4319281.743, 135
Trd, 4319282.243, 124
Trd, 4319283.443, 102
Trd, 4319284.793, 94
Trd, 4319285.343, 117
Trd, 4319286.443, 111
Trd, 4319286.943, 123
Trd, 4319287.393, 106
Trd, 4319289.493, 111
Trd, 4319289.993, 104
Trd, 4319290.043, 108
Trd, 4319290.343, 100
Trd, 4319290.743, 140
Trd, 4319292.593, 114
Trd, 4319293.543, 120
Trd, 4319294.243, 107
Trd, 4319295.643, 103
Trd, 4319296.093, 107
Trd, 4319296.843, 107
Trd, 4319296.993, 106
Trd, 4319297.893, 90
Trd, 4319298.443, 79
Trd, 4319300.193, 134
Trd, 4319300.593, 117
Trd, 4319301.143, 111
Trd, 4319301.843, 129
Trd, 4319305.543, 137
Trd, 4319306.293, 139
Trd, 4319306.343, 135
Trd, 4319306.643, 131
Trd, 4319307.243, 126
Trd, 4319308.443, 117
Trd, 4319308.543, 101
Trd, 4319310.443, 119
Trd, 4319311.143, 76
Trd, 4319311.943, 132
Trd, 4319312.643, 95
Trd, 4319313.593, 138
Trd, 4319314.343, 117
Trd, 4319314.643, 128
Trd, 4319316.293, 129
Trd, 4319317.493, 123
Trd, 4319317.743, 109
Trd, 4319318.693, 136
Trd, 4319319.993, 76
Trd, 4319321.493, 116
Trd, 4319321.593, 137
Trd, 4319323.393, 123
Trd, 4319324.593, 120
Trd, 4319324.743, 100
Trd, 4319325.493, 111
Trd, 4319327.593, 137
Trd, 4319328.543, 97
Trd, 4319329.743, 121
Trd, 4319330.643, 129
Trd, 4319331.793, 103
Trd, 4319332.043, 88
Trd, 4319332.143, 113
Trd, 4319332.743, 133
Trd, 4319332.993, 116
Trd, 4319333.343, 116
Trd, 4319334.343, 102
Trd, 4319335.643, 90
Trd, 4319335.843, 105
Trd, 4319336.093, 66
Trd, 4319339.343, 131
Trd, 4319339.843, 114
Trd, 4319340.093, 104
Trd, 4319341.543, 90
Trd, 4319341.693, 80
Trd, 4319343.093, 68
Trd, 4319343.443, 106
Trd, 4319344.743, 91
Trd, 4319345.393, 115
Trd, 4319346.393, 127
Trd, 4319349.743, 117
Trd, 4319350.493, 104
Trd, 4319350.543, 100
Trd, 4319350.593, 112
Trd, 4319353.043, 133
Trd, 4319354.793, 119
Trd, 4319355.143, 125
Trd, 4319356.293, 129
Trd, 4319356.343, 127
Trd, 4319357.093, 133
Trd, 4319358.093, 132
Trd, 4319359.293, 118
Trd, 4319360.043, 113
Trd, 4319360.293, 111
Trd, 4319360.943, 137
Trd, 4319361.343, 102
Trd, 4319362.443, 109
Trd, 4319362.993, 137
Trd, 4319363.793, 70
Trd, 4319364.643, 69
Trd, 4319365.143, 82
Trd, 4319365.793, 70
Trd, 4319367.393, 86
Trd, 4319367.493, 107
Trd, 4319369.393, 130
Trd, 4319369.443, 103
Trd, 4319370.543, 99
Trd, 4319372.793, 87
Trd, 4319373.593, 112
Trd, 4319374.993, 127
Trd, 4319376.443, 127
Trd, 4319377.093, 120
Trd, 4319377.293, 114
Trd, 4319377.643, 106
Trd, 4319379.843, 102
Trd, 4319380.343, 123
Trd, 4319382.343, 136
Trd, 4319383.843, 97
Trd, 4319384.443, 121
Trd, 4319385.293, 114
Trd, 4319386.093, 109
Trd, 4319386.643, 121
Trd, 4319387.043, 126
Trd, 4319387.193, 69
Trd, 4319388.143, 113
Trd, 4319391.693, 118
Trd, 4319391.893, 111
Trd, 4319392.543, 138
Trd, 4319393.043, 136
Trd, 4319395.743, 103
Trd, 4319396.393, 101
Trd, 4319396.843, 100
Trd, 4319397.943, 95
Trd, 4319398.493, 108
Trd, 4319398.843, 85
Trd, 4319399.943, 121
Trd, 4319401.193, 70
Trd, 4319401.443, 102
Trd, 4319401.743, 94
Trd, 4319402.443, 120
Trd, 4319405.543, 101
Trd, 4319407.643, 123
Trd, 4319408.443, 73
Trd, 4319409.343, 115
Trd, 4319411.493, 116
Trd, 4319411.693, 116
Trd, 4319412.793, 139
Trd, 4319414.393, 125
Trd, 4319415.393, 113
Trd, 4319417.693, 134
Trd, 4319417.943, 130
Trd, 4319418.243, 101
Trd, 4319418.893, 122
Trd, 4319418.993, 101
Trd, 4319419.243, 95
Trd, 4319420.343, 133
Trd, 4319420.693, 92
Trd, 4319423.293, 130
Trd, 4319423.843, 117
Trd, 4319424.793, 115
Trd, 4319426.593, 120
Trd, 4319427.343, 99
Trd, 4319429.893, 131
Trd, 4319430.743, 139
Trd, 4319432.093, 109
Trd, 4319432.993, 95
Trd, 4319433.443, 91
Trd, 4319434.443, 98
Trd, 4319434.993, 95
Trd, 4319435.243, 101
Trd, 4319436.943, 131
Trd, 4319437.193, 120
Trd, 4319437.743, 112
Trd, 4319440.593, 97
Trd, 4319440.843, 87
Trd, 4319441.093, 132
Trd, 4319441.493, 119
Trd, 4319443.193, 123
Trd, 4319443.443, 102
Trd, 4319444.793, 119
Trd, 4319444.993, 115
Trd, 4319445.193, 130
Trd, 4319445.793, 139
Trd, 4319447.193, 131
Trd, 4319449.093, 120
Trd, 4319450.043, 118
Trd, 4319450.443, 101
Trd, 4319452.393, 112
Trd, 4319453.943, 130
Trd, 4319455.643, 140
Trd, 4319456.593, 133
Trd, 4319457.593, 136
Trd, 4319458.193, 130
Trd, 4319458.643, 115
Trd, 4319460.243, 127
Trd, 4319460.693, 134
Trd, 4319461.043, 121
Trd, 4319462.343, 107
Trd, 4319463.093, 122
Trd, 4319463.293, 113
Trd, 4319463.893, 103
Trd, 4319464.743, 116
Trd, 4319465.243, 109
Trd, 4319466.893, 112
Trd, 4319467.493, 102
Trd, 4319468.493, 123
Trd, 4319469.243, 121
Trd, 4319469.293, 101
Trd, 4319470.943, 133
Trd, 4319472.693, 138
Trd, 4319473.943, 122
Trd, 4319473.993, 121
Trd, 4319475.643, 122
Trd, 4319475.893, 108
Trd, 4319476.843, 107
Trd, 4319477.543, 94
Trd, 4319478.343, 128
Trd, 4319479.793, 124
Trd, 4319481.143, 106
Trd, 4319481.293, 96
Trd, 4319481.493, 101
Trd, 4319483.043, 117
Trd, 4319484.743, 131
Trd, 4319485.243, 109
Trd, 4319485.843, 104
Trd, 4319486.843, 125
Trd, 4319486.943, 118
Trd, 4319487.393, 90
Trd, 4319488.243, 139
Trd, 4319489.193, 83
Trd, 4319490.393, 86
Trd, 4319490.493, 121
Trd, 4319491.093, 108
Trd, 4319491.143, 117
Trd, 4319493.193, 102
Trd, 4319493.543, 132
Trd, 4319493.843, 117
Trd, 4319494.593, 134
Trd, 4319494.793, 91
Trd, 4319495.443, 109
Trd, 4319497.343, 93
Trd, 4319498.293, 91
Trd, 4319498.743, 70
Trd, 4319499.443, 78
Trd, 4319502.343, 126
Trd, 4319503.043, 104
Trd, 4319504.343, 115
Trd, 4319504.593, 121
Trd, 4319504.993, 85
Trd, 4319505.043, 122
Trd, 4319505.243, 79
Trd, 4319506.743, 104
Trd, 4319507.993, 113
Trd, 4319508.593, 128
Trd, 4319509.543, 101
Trd, 4319510.293, 101
Trd, 4319510.893, 84
Trd, 4319510.993, 131
Trd, 4319512.343, 135
Trd, 4319513.093, 132
Trd, 4319514.093, 115
Trd, 4319514.593, 100
Trd, 4319516.093, 112
Trd, 4319516.893, 137
Trd, 4319516.943, 108
Trd, 4319520.543, 130
Trd, 4319520.593, 109
Trd, 4319522.293, 133
Trd, 4319522.843, 131
Trd, 4319523.843, 119
Trd, 4319525.043, 122
Trd, 4319525.443, 106
Trd, 4319525.893, 79
Trd, 4319526.793, 115
Trd, 4319527.143, 113
Trd, 4319528.593, 84
Trd, 4319529.693, 68
Trd, 4319530.043, 76
Trd, 4319531.243, 123
Trd, 4319532.493, 135
Trd, 4319532.543, 133
Trd, 4319533.243, 116
Trd, 4319533.793, 83
Trd, 4319535.793, 133
Trd, 4319535.843, 130
Trd, 4319536.993, 128
Trd, 4319537.543, 124
Trd, 4319538.693, 140
Trd, 4319538.993, 114
Trd, 4319541.593, 140
Trd, 4319542.293, 139
Trd, 4319543.843, 132
Trd, 4319544.593, 129
Trd, 4319545.743, 86
Trd, 4319546.343, 87
Trd, 4319547.043, 65
Trd, 4319547.743, 136
Trd, 4319548.693, 61
Trd, 4319549.943, 93
Trd, 4319550.143, 77
Trd, 4319552.043, 128
Trd, 4319552.343, 126
Trd, 4319553.793, 131
Trd, 4319557.743, 131
Trd, 4319558.043, 113
Trd, 4319558.943, 111
Trd, 4319559.393, 109
Trd, 4319559.843, 108
Trd, 4319560.443, 109
Trd, 4319561.393, 95
Trd, 4319561.593, 84
Trd, 4319562.193, 125
Trd, 4319563.693, 120
Trd, 4319564.193, 95
Trd, 4319565.793, 91
Trd, 4319566.143, 138
Trd, 4319566.393, 137
Trd, 4319567.593, 126
Trd, 4319568.043, 118
Trd, 4319569.593, 129
Trd, 4319570.243, 120
Trd, 4319571.493, 139
Trd, 4319572.043, 125
Trd, 4319572.493, 120
Trd, 4319574.693, 133
Trd, 4319575.293, 136
Trd, 4319576.493, 125
Trd, 4319576.793, 126
Trd, 4319576.943, 107
Trd, 4319577.243, 106
Trd, 4319578.143, 134
Trd, 4319579.643, 125
Trd, 4319580.393, 115
Trd, 4319580.693, 129
Trd, 4319581.093, 113
Trd, 4319581.443, 107
Trd, 4319583.193, 135
Trd, 4319583.593, 121
Trd, 4319584.443, 115
Trd, 4319584.593, 109
Trd, 4319584.893, 104
Trd, 4319586.293, 92
Trd, 4319586.393, 89
Trd, 4319587.643, 137
Trd, 4319590.143, 140
Trd, 4319590.343, 139
Trd, 4319590.443, 127
Trd, 4319591.343, 117
Trd, 4319591.893, 132
Trd, 4319592.993, 102
Trd, 4319594.693, 114
Trd, 4319595.443, 105
Trd, 4319596.393, 99
Trd, 4319596.543, 86
Trd, 4319597.543, 136
Trd, 4319597.943, 139
Trd, 4319598.643, 113
Trd, 4319600.643, 134
Trd, 4319600.893, 135
Trd, 4319601.243, 122
Trd, 4319601.643, 122
Trd, 4319601.893, 115
Trd, 4319603.193, 128
Trd, 4319603.643, 110
Trd, 4319604.693, 117
Trd, 4319604.843, 116
Trd, 4319606.793, 120
Trd, 4319607.143, 114
Trd, 4319608.493, 115
Trd, 4319609.093, 103
Trd, 4319609.243, 101
Trd, 4319609.643, 102
Trd, 4319609.893, 97
Trd, 4319610.143, 130
Trd, 4319610.543, 112
Trd, 4319612.443, 124
Trd, 4319613.143, 126
Trd, 4319613.393, 101
Trd, 4319615.343, 136
Trd, 4319616.243, 136
Trd, 4319616.593, 118
Trd, 4319617.443, 118
Trd, 4319619.493, 140
Trd, 4319620.493, 124
Trd, 4319622.793, 121
Trd, 4319623.943, 136
Trd, 4319626.893, 132
Trd, 4319628.143, 126
Trd, 4319628.393, 122
Trd, 4319628.493, 133
Trd, 4319630.593, 117
Trd, 4319632.643, 95
Trd, 4319633.843, 91
Trd, 4319633.943, 96
Trd, 4319635.093, 72
Trd, 4319635.893, 66
Trd, 4319636.693, 81
Trd, 4319637.343, 117
Trd, 4319638.543, 133
Trd, 4319638.643, 132
Trd, 4319641.143, 135
Trd, 4319641.843, 134
Trd, 4319641.943, 128
Trd, 4319642.643, 98
Trd, 4319643.343, 69
Trd, 4319645.343, 120
Trd, 4319647.343, 134
Trd, 4319647.993, 132
Trd, 4319648.043, 108
Trd, 4319649.593, 116
Trd, 4319649.893, 111
Trd, 4319650.893, 106
Trd, 4319651.843, 131
Trd, 4319652.843, 139
Trd, 4319653.693, 120
Trd, 4319656.443, 129
Trd, 4319657.093, 126
Trd, 4319657.243, 119
Trd, 4319657.543, 89
Trd, 4319658.293, 121
Trd, 4319658.593, 115
Trd, 4319658.993, 118
Trd, 4319659.693, 88
Trd, 4319662.993, 133
Trd, 4319664.093, 114
Trd, 4319664.393, 135
Trd, 4319664.443, 113
Trd, 4319664.693, 99
Trd, 4319666.143, 138
Trd, 4319666.193, 70
Trd, 4319667.893, 82
Trd, 4319668.593, 66
Trd, 4319668.943, 85
Trd, 4319669.443, 101
Trd, 4319670.443, 138
Trd, 4319671.843, 107
Trd, 4319673.643, 128
Trd, 4319673.793, 127
Trd, 4319674.543, 109
Trd, 4319677.143, 116
Trd, 4319677.393, 109
Trd, 4319678.793, 111
Trd, 4319679.143, 127
Trd, 4319679.293, 115
Trd, 4319679.343, 103
Trd, 4319680.043, 93
Trd, 4319680.443, 68
Trd, 4319680.893, 80
Trd, 4319682.743, 140
Trd, 4319683.943, 138
Trd, 4319684.993, 131
Trd, 4319685.243, 110
Trd, 4319685.543, 105
Trd, 4319685.693, 97
Trd, 4319686.193, 66
Trd, 4319686.493, 70
Trd, 4319687.643, 137
Trd, 4319690.243, 112
Trd, 4319690.493, 111
Trd, 4319690.593, 89
Trd, 4319692.693, 109
Trd, 4319693.943, 137
Trd, 4319694.593, 93
Trd, 4319695.443, 102
Trd, 4319695.693, 90
Trd, 4319696.443, 130
Trd, 4319696.643, 75
Trd, 4319696.993, 122
Trd, 4319697.443, 132
Trd, 4319698.743, 119
Trd, 4319701.143, 114
Trd, 4319701.893, 119
Trd, 4319702.193, 102
Trd, 4319702.343, 92
Trd, 4319704.993, 130
Trd, 4319705.443, 89
Trd, 4319705.793, 124
Trd, 4319706.493, 60
Trd, 4319707.093, 72
Trd, 4319710.593, 131
Trd, 4319710.893, 108
Trd, 4319712.493, 124
Trd, 4319714.493, 132
Trd, 4319714.843, 127
Trd, 4319715.143, 109
Trd, 4319715.243, 108
Trd, 4319715.443, 96
Trd, 4319715.593, 73
Trd, 4319718.193, 128
Trd, 4319718.843, 99
Trd, 4319719.143, 100
Trd, 4319721.693, 117
Trd, 4319721.843, 114
Trd, 4319723.593, 112
Trd, 4319723.743, 114
Trd, 4319724.543, 120
Trd, 4319725.643, 109
Trd, 4319725.993, 130
Trd, 4319727.343, 112
Trd, 4319727.543, 98
Trd, 4319727.943, 85
Trd, 4319728.743, 133
Trd, 4319729.193, 109
Trd, 4319729.543, 102
Trd, 4319730.443, 95
Trd, 4319732.093, 110
Trd, 4319732.643, 97
Trd, 4319733.143, 91
Trd, 4319736.293, 113
Trd, 4319736.343, 111
Trd, 4319736.793, 116
Trd, 4319736.993, 129
Trd, 4319738.943, 120
Trd, 4319739.443, 127
Trd, 4319739.643, 121
Trd, 4319740.943, 120
Trd, 4319741.243, 104
Trd, 4319741.593, 96
Trd, 4319742.243, 126
Trd, 4319742.693, 86
Trd, 4319744.093, 112
Trd, 4319746.243, 139
Trd, 4319746.993, 137
Trd, 4319747.143, 116
Trd, 4319749.393, 119
Trd, 4319749.593, 118
Trd, 4319750.743, 103
Trd, 4319752.343, 124
Trd, 4319753.093, 127
Trd, 4319753.643, 134
Trd, 4319753.693, 121
Trd, 4319755.343, 113
Trd, 4319756.343, 118
Trd, 4319756.743, 85
Trd, 4319757.393, 105
Trd, 4319757.943, 93
Trd, 4319760.543, 127
Trd, 4319760.693, 126
Trd, 4319760.793, 122
Trd, 4319761.493, 139
Trd, 4319761.793, 118
Trd, 4319762.593, 106
Trd, 4319762.943, 90
Trd, 4319763.593, 84
Trd, 4319766.593, 109
Trd, 4319767.093, 114
Trd, 4319769.343, 125
Trd, 4319770.593, 133
Trd, 4319770.693, 120
Trd, 4319770.993, 111
Trd, 4319771.843, 110
Trd, 4319772.093, 100
Trd, 4319772.693, 135
Trd, 4319773.543, 110
Trd, 4319773.593, 82
Trd, 4319774.843, 136
Trd, 4319774.893, 121
Trd, 4319776.843, 103
Trd, 4319777.493, 115
Trd, 4319778.793, 103
Trd, 4319780.243, 126
Trd, 4319780.793, 134
Trd, 4319781.193, 125
Trd, 4319782.993, 111
Trd, 4319783.943, 104
Trd, 4319784.143, 97
Trd, 4319784.793, 94
Trd, 4319785.843, 116
Trd, 4319786.143, 138
Trd, 4319786.743, 139
Trd, 4319789.593, 135
Trd, 4319789.943, 135
Trd, 4319790.643, 129
Trd, 4319791.243, 115
Trd, 4319792.243, 120
Trd, 4319792.443, 95
Trd, 4319792.793, 82
Trd, 4319794.393, 136
Trd, 4319795.943, 104
Trd, 4319796.043, 90
Trd, 4319796.593, 105
Trd, 4319798.043, 136
Trd, 4319798.193, 99
Trd, 4319800.843, 100
Trd, 4319801.493, 108
Trd, 4319801.993, 124
Trd, 4319803.193, 89
Trd, 4319804.043, 102
Trd, 4319805.093, 107
Trd, 4319806.593, 135
Trd, 4319807.243, 101
Trd, 4319808.893, 124
Trd, 4319811.093, 131
Trd, 4319811.193, 119
Trd, 4319811.293, 114
Trd, 4319812.143, 108
Trd, 4319814.443, 119
Trd, 4319814.993, 136
Trd, 4319815.743, 128
Trd, 4319815.893, 115
Trd, 4319816.943, 129
Trd, 4319817.493, 125
Trd, 4319818.693, 115
Trd, 4319820.143, 140
Trd, 4319820.943, 110
Trd, 4319822.993, 97
Trd, 4319823.343, 108
Trd, 4319823.543, 88
Trd, 4319823.793, 96
Trd, 4319824.393, 100
Trd, 4319824.993, 136
Trd, 4319825.743, 129
Trd, 4319826.593, 117
Trd, 4319827.993, 91
Trd, 4319828.143, 75
Trd, 4319828.343, 140
Trd, 4319829.193, 111
Trd, 4319831.393, 102
Trd, 4319831.543, 98
Trd, 4319833.143, 121
Trd, 4319833.193, 110
Trd, 4319833.593, 102
Trd, 4319834.293, 91
Trd, 4319835.093, 108
Trd, 4319836.843, 101
Trd, 4319836.993, 140
Trd, 4319838.043, 102
Trd, 4319838.843, 106
Trd, 4319839.093, 139
Trd, 4319839.243, 93
Trd, 4319841.393, 120
Trd, 4319841.743, 117
Trd, 4319843.893, 123
Trd, 4319844.793, 118
Trd, 4319844.843, 107
Trd, 4319845.493, 111
Trd, 4319846.343, 104
Trd, 4319848.443, 119
Trd, 4319848.593, 100
Trd, 4319848.943, 86
Trd, 4319849.843, 118
Trd, 4319849.943, 122
Trd, 4319851.693, 115
Trd, 4319852.493, 98
Trd, 4319852.893, 107
Trd, 4319853.393, 121
Trd, 4319853.593, 117
Trd, 4319855.493, 120
Trd, 4319855.593, 76
Trd, 4319856.093, 124
Trd, 4319856.493, 100
Trd, 4319859.343, 125
Trd, 4319859.943, 139
Trd, 4319861.343, 107
Trd, 4319862.343, 116
Trd, 4319862.893, 105
Trd, 4319864.493, 127
Trd, 4319864.543, 110
Trd, 4319865.043, 132
Trd, 4319865.343, 104
Trd, 4319866.343, 104
Trd, 4319866.943, 103
Trd, 4319868.143, 127
Trd, 4319869.643, 129
Trd, 4319869.843, 128
Trd, 4319870.343, 93
Trd, 4319870.893, 81
Trd, 4319871.943, 114
Trd, 4319872.993, 117
Trd, 4319875.343, 94
Trd, 4319876.993, 118
Trd, 4319877.193, 111
Trd, 4319877.743, 87
Trd, 4319878.793, 132
Trd, 4319879.443, 129
Trd, 4319880.143, 125
Trd, 4319881.193, 119
Trd, 4319881.493, 106
Trd, 4319882.693, 117
Trd, 4319882.993, 133
Trd, 4319884.593, 89
Trd, 4319884.693, 87
Trd, 4319885.443, 80
Trd, 4319885.643, 81
Trd, 4319886.143, 66
Trd, 4319887.193, 129
Trd, 4319888.493, 139
Trd, 4319890.943, 136
Trd, 4319892.343, 139
Trd, 4319894.693, 103
Trd, 4319895.493, 113
Trd, 4319896.393, 91
Trd, 4319896.743, 91
Trd, 4319897.943, 101
Trd, 4319898.493, 100
Trd, 4319901.443, 116
Trd, 4319902.193, 106
Trd, 4319903.093, 112
Trd, 4319903.393, 108
Trd, 4319903.793, 137
Trd, 4319904.893, 139
Trd, 4319905.543, 110
Trd, 4319906.993, 133
Trd, 4319907.793, 138
Trd, 4319907.993, 121
Trd, 4319908.043, 113
Trd, 4319909.343, 115
Trd, 4319910.443, 113
Trd, 4319912.043, 134
Trd, 4319912.293, 133
Trd, 4319912.793, 121
Trd, 4319913.343, 135
Trd, 4319913.893, 121
Trd, 4319916.693, 69
Trd, 4319916.893, 77
Trd, 4319917.643, 115
Trd, 4319919.593, 128
Trd, 4319920.343, 140
Trd, 4319920.393, 140
Trd, 4319921.793, 117
Trd, 4319922.043, 125
Trd, 4319923.043, 115
Trd, 4319924.193, 112
Trd, 4319925.343, 81
Trd, 4319927.893, 131
Trd, 4319928.743, 113
Trd, 4319929.143, 137
Trd, 4319929.443, 107
Trd, 4319929.693, 105
Trd, 4319930.093, 122
Trd, 4319932.793, 108
Trd, 4319933.293, 88
Trd, 4319933.943, 118
Trd, 4319934.643, 103
Trd, 4319935.843, 140
Trd, 4319935.893, 140
Trd, 4319937.643, 97
Trd, 4319938.343, 90
Trd, 4319940.193, 114
Trd, 4319941.893, 105
Trd, 4319942.043, 100
Trd, 4319942.143, 100
Trd, 4319942.543, 127
Trd, 4319942.993, 71
Trd, 4319944.393, 119
Trd, 4319945.193, 66
Trd, 4319945.893, 133
Trd, 4319946.843, 116
Trd, 4319947.493, 82
Trd, 4319947.993, 74
Trd, 4319949.993, 124
Trd, 4319950.543, 134
Trd, 4319950.793, 119
Trd, 4319951.493, 115
Trd, 4319951.843, 122
Trd, 4319952.843, 91
Trd, 4319953.143, 94
Trd, 4319953.893, 81
Trd, 4319955.393, 139
Trd, 4319956.193, 109
Trd, 4319957.343, 131
Trd, 4319959.443, 138
Trd, 4319960.093, 139
Trd, 4319960.193, 137
Trd, 4319960.643, 101
Trd, 4319961.643, 124
Trd, 4319962.343, 102
Trd, 4319962.993, 93
Trd, 4319964.293, 121
Trd, 4319965.793, 136
Trd, 4319966.643, 139
Trd, 4319966.893, 138
Trd, 4319967.993, 138
Trd, 4319968.793, 101
Trd, 4319969.643, 119
Trd, 4319970.343, 84
Trd, 4319971.143, 99
Trd, 4319971.593, 84
Trd, 4319972.793, 74
Trd, 4319973.193, 96
Trd, 4319974.243, 88
Trd, 4319976.843, 103
Trd, 4319977.893, 68
Trd, 4319979.393, 88
Trd, 4319980.143, 105
Trd, 4319980.243, 89
Trd, 4319980.543, 88
Trd, 4319981.693, 75
Trd, 4319981.943, 99
Trd, 4319983.093, 94
Trd, 4319984.343, 107
Trd, 4319985.643, 121
Trd, 4319986.993, 139
Trd, 4319987.543, 124
Trd, 4319988.043, 102
Trd, 4319988.393, 120
Trd, 4319988.643, 120
Trd, 4319989.393, 100
Trd, 4319989.593, 100
Trd, 4319991.143, 135
Trd, 4319992.493, 125
Trd, 4319992.593, 122
Trd, 4319992.893, 121
Trd, 4319994.043, 129
Trd, 4319994.443, 112
Trd, 4319996.143, 95
Trd, 4319996.193, 90
Trd, 4319996.943, 130
Trd, 4319997.843, 118
Trd, 4319998.743, 138
Trd, 4319998.843, 127
