Trd, 4318109.793, 60
Trd, 4318109.943, 61
Trd, 4318111.993, 60
Trd, 4318112.743, 60
Trd, 4318115.143, 60
Trd, 4318116.243, 60
Trd, 4318116.543, 60
Trd, 4318116.643, 60
Trd, 4318116.743, 60
Trd, 4318117.393, 61
Trd, 4318118.043, 62
Trd, 4318118.293, 63
Trd, 4318118.493, 62
Trd, 4318118.993, 72
Trd, 4318119.643, 63
Trd, 4318120.143, 61
Trd, 4318120.793, 62
Trd, 4318122.143, 60
Trd, 4318123.143, 62
Trd, 4318125.043, 60
Trd, 4318125.343, 60
Trd, 4318127.193, 61
Trd, 4318127.543, 61
Trd, 4318127.893, 62
Trd, 4318127.943, 63
Trd, 4318128.743, 63
Trd, 4318130.393, 60
Trd, 4318130.743, 61
Trd, 4318130.993, 61
Trd, 4318131.743, 61
Trd, 4318131.993, 63
Trd, 4318132.793, 62
Trd, 4318133.343, 62
Trd, 4318134.143, 63
Trd, 4318134.543, 64
Trd, 4318134.843, 65
Trd, 4318135.443, 64
Trd, 4318135.843, 63
Trd, 4318137.293, 60
Trd, 4318138.343, 140
Trd, 4318138.843, 140
Trd, 4318139.293, 140
Trd, 4318140.543, 140
Trd, 4318140.943, 140
Trd, 4318141.143, 140
Trd, 4318142.243, 140
Trd, 4318142.743, 140
Trd, 4318142.943, 140
Trd, 4318144.393, 93
Trd, 4318145.743, 140
Trd, 4318146.343, 140
Trd, 4318147.143, 140
Trd, 4318147.343, 140
Trd, 4318147.593, 125
Trd, 4318150.293, 140
Trd, 4318150.793, 140
Trd, 4318150.943, 140
Trd, 4318151.393, 139
Trd, 4318152.293, 140
Trd, 4318154.193, 140
Trd, 4318154.493, 140
Trd, 4318154.593, 140
Trd, 4318156.793, 140
Trd, 4318157.043, 140
Trd, 4318158.443, 140
Trd, 4318158.793, 140
Trd, 4318159.343, 140
Trd, 4318159.543, 140
Trd, 4318160.143, 140
Trd, 4318160.743, 140
Trd, 4318161.193, 139
Trd, 4318161.643, 89
Trd, 4318162.143, 140
Trd, 4318163.043, 129
Trd, 4318164.893, 140
Trd, 4318165.043, 138
Trd, 4318166.293, 140
Trd, 4318166.493, 140
Trd, 4318167.843, 140
Trd, 4318168.043, 140
Trd, 4318168.693, 130
Trd, 4318169.843, 140
Trd, 4318170.293, 140
Trd, 4318170.743, 140
Trd, 4318171.343, 140
Trd, 4318172.843, 140
Trd, 4318173.293, 140
Trd, 4318173.843, 140
Trd, 4318174.593, 140
Trd, 4318175.593, 140
Trd, 4318176.193, 140
Trd, 4318176.543, 140
Trd, 4318176.943, 139
Trd, 4318177.743, 140
Trd, 4318179.793, 140
Trd, 4318180.493, 140
Trd, 4318181.593, 140
Trd, 4318182.843, 140
Trd, 4318183.043, 140
Trd, 4318183.693, 140
Trd, 4318183.943, 140
Trd, 4318184.693, 140
Trd, 4318184.843, 140
Trd, 4318185.593, 140
Trd, 4318186.043, 140
Trd, 4318186.093, 140
Trd, 4318186.493, 140
Trd, 4318187.493, 140
Trd, 4318188.193, 139
Trd, 4318188.843, 122
Trd, 4318189.593, 140
Trd, 4318190.143, 140
Trd, 4318191.143, 140
Trd, 4318191.993, 140
Trd, 4318192.543, 140
Trd, 4318192.943, 140
Trd, 4318193.793, 140
Trd, 4318194.843, 140
Trd, 4318194.893, 140
Trd, 4318196.143, 140
Trd, 4318196.243, 139
Trd, 4318197.893, 136
Trd, 4318197.993, 125
Trd, 4318198.193, 71
Trd, 4318199.093, 60
Trd, 4318199.293, 60
Trd, 4318199.443, 77
Trd, 4318202.093, 60
Trd, 4318203.743, 60
Trd, 4318203.893, 60
Trd, 4318205.143, 60
Trd, 4318206.593, 63
Trd, 4318207.343, 60
Trd, 4318208.343, 60
Trd, 4318208.543, 60
Trd, 4318209.043, 61
Trd, 4318209.343, 62
Trd, 4318211.143, 61
Trd, 4318213.893, 60
Trd, 4318214.543, 61
Trd, 4318214.793, 60
Trd, 4318215.093, 60
Trd, 4318215.643, 60
Trd, 4318215.793, 61
Trd, 4318216.243, 62
Trd, 4318216.593, 60
Trd, 4318217.243, 64
Trd, 4318218.793, 60
Trd, 4318219.093, 60
Trd, 4318220.343, 62
Trd, 4318220.543, 62
Trd, 4318220.593, 69
Trd, 4318221.343, 65
Trd, 4318221.443, 68
Trd, 4318222.393, 61
Trd, 4318223.143, 85
Trd, 4318223.343, 82
Trd, 4318226.393, 60
Trd, 4318227.143, 60
Trd, 4318227.943, 60
Trd, 4318228.343, 60
Trd, 4318228.493, 60
Trd, 4318228.643, 60
Trd, 4318228.693, 60
Trd, 4318229.443, 62
Trd, 4318229.743, 61
Trd, 4318229.993, 66
Trd, 4318230.043, 104
Trd, 4318230.143, 62
Trd, 4318231.443, 140
Trd, 4318231.743, 140
Trd, 4318232.543, 140
Trd, 4318233.393, 140
Trd, 4318233.843, 140
Trd, 4318234.043, 139
Trd, 4318234.393, 139
Trd, 4318235.543, 140
Trd, 4318236.443, 140
Trd, 4318237.343, 140
Trd, 4318237.743, 139
Trd, 4318238.543, 133
Trd, 4318238.643, 82
Trd, 4318240.493, 126
Trd, 4318240.993, 128
Trd, 4318241.343, 129
Trd, 4318241.793, 129
Trd, 4318243.143, 140
Trd, 4318243.343, 140
Trd, 4318243.493, 139
Trd, 4318245.843, 140
Trd, 4318246.193, 140
Trd, 4318247.193, 140
Trd, 4318248.493, 140
Trd, 4318248.893, 140
Trd, 4318250.393, 140
Trd, 4318250.693, 140
Trd, 4318251.293, 140
Trd, 4318252.093, 140
Trd, 4318252.343, 140
Trd, 4318253.593, 60
Trd, 4318254.043, 60
Trd, 4318254.393, 60
Trd, 4318254.643, 60
Trd, 4318255.443, 65
Trd, 4318256.043, 67
Trd, 4318256.093, 68
Trd, 4318257.093, 84
Trd, 4318257.593, 86
Trd, 4318258.293, 140
Trd, 4318258.893, 86
Trd, 4318259.243, 86
Trd, 4318259.743, 89
Trd, 4318259.993, 88
Trd, 4318261.993, 140
Trd, 4318262.493, 140
Trd, 4318263.893, 140
Trd, 4318264.393, 140
Trd, 4318264.493, 140
Trd, 4318266.193, 140
Trd, 4318267.743, 140
Trd, 4318268.143, 140
Trd, 4318269.243, 140
Trd, 4318269.943, 140
Trd, 4318270.693, 140
Trd, 4318272.043, 140
Trd, 4318272.893, 140
Trd, 4318273.343, 140
Trd, 4318273.493, 140
Trd, 4318274.443, 140
Trd, 4318274.993, 140
Trd, 4318275.393, 140
Trd, 4318276.843, 140
Trd, 4318277.743, 139
Trd, 4318278.943, 140
Trd, 4318280.743, 140
Trd, 4318280.993, 140
Trd, 4318281.243, 140
Trd, 4318282.293, 140
Trd, 4318282.443, 140
Trd, 4318283.993, 119
Trd, 4318284.293, 140
Trd, 4318284.593, 121
Trd, 4318285.693, 120
Trd, 4318286.043, 121
Trd, 4318287.343, 121
Trd, 4318287.443, 131
Trd, 4318287.493, 132
Trd, 4318288.993, 61
Trd, 4318289.393, 63
Trd, 4318289.543, 63
Trd, 4318290.193, 61
Trd, 4318290.643, 61
Trd, 4318290.693, 60
Trd, 4318291.293, 60
Trd, 4318291.793, 62
Trd, 4318293.293, 60
Trd, 4318296.243, 60
Trd, 4318296.443, 60
Trd, 4318299.593, 60
Trd, 4318300.393, 60
Trd, 4318300.793, 60
Trd, 4318301.093, 60
Trd, 4318301.143, 60
Trd, 4318301.293, 60
Trd, 4318301.743, 61
Trd, 4318302.293, 60
Trd, 4318302.343, 66
Trd, 4318302.843, 61
Trd, 4318303.793, 62
Trd, 4318305.043, 61
Trd, 4318305.243, 62
Trd, 4318305.293, 64
Trd, 4318309.643, 60
Trd, 4318309.943, 60
Trd, 4318310.093, 60
Trd, 4318310.143, 61
Trd, 4318310.493, 60
Trd, 4318311.293, 61
Trd, 4318312.493, 63
Trd, 4318312.543, 64
Trd, 4318312.943, 61
Trd, 4318313.293, 63
Trd, 4318313.393, 61
Trd, 4318313.743, 65
Trd, 4318314.343, 66
Trd, 4318315.343, 67
Trd, 4318316.293, 69
Trd, 4318318.643, 60
Trd, 4318318.693, 60
Trd, 4318320.293, 60
Trd, 4318320.393, 60
Trd, 4318320.593, 61
Trd, 4318320.893, 74
Trd, 4318321.093, 78
Trd, 4318322.943, 99
Trd, 4318324.343, 104
Trd, 4318325.043, 121
Trd, 4318325.193, 120
Trd, 4318325.293, 119
Trd, 4318325.943, 122
Trd, 4318326.293, 122
Trd, 4318326.343, 121
Trd, 4318326.593, 139
Trd, 4318327.643, 111
Trd, 4318327.743, 110
Trd, 4318328.343, 114
Trd, 4318328.593, 113
Trd, 4318329.593, 60
Trd, 4318330.743, 60
Trd, 4318332.293, 60
Trd, 4318332.343, 61
Trd, 4318333.243, 60
Trd, 4318335.043, 60
Trd, 4318336.193, 60
Trd, 4318336.443, 60
Trd, 4318336.643, 61
Trd, 4318336.993, 61
Trd, 4318338.193, 62
Trd, 4318338.443, 62
Trd, 4318338.793, 61
Trd, 4318340.043, 63
Trd, 4318341.143, 140
Trd, 4318341.293, 138
Trd, 4318342.543, 60
Trd, 4318345.543, 60
Trd, 4318346.343, 60
Trd, 4318347.093, 60
Trd, 4318348.143, 60
Trd, 4318348.243, 60
Trd, 4318348.793, 61
Trd, 4318349.143, 61
Trd, 4318349.193, 63
Trd, 4318350.143, 61
Trd, 4318350.293, 63
Trd, 4318350.493, 63
Trd, 4318351.193, 62
Trd, 4318351.293, 63
Trd, 4318351.543, 62
Trd, 4318351.643, 60
Trd, 4318352.493, 138
Trd, 4318355.743, 62
Trd, 4318356.843, 60
Trd, 4318357.593, 60
Trd, 4318358.743, 60
Trd, 4318359.493, 64
Trd, 4318360.243, 62
Trd, 4318360.393, 60
Trd, 4318361.143, 60
Trd, 4318361.843, 63
Trd, 4318362.243, 80
Trd, 4318362.443, 140
Trd, 4318363.693, 140
Trd, 4318364.993, 96
Trd, 4318365.043, 95
Trd, 4318365.843, 140
Trd, 4318367.693, 140
Trd, 4318368.643, 140
Trd, 4318369.193, 140
Trd, 4318369.743, 140
Trd, 4318370.143, 140
Trd, 4318372.743, 140
Trd, 4318373.893, 140
Trd, 4318374.593, 140
Trd, 4318374.743, 140
Trd, 4318375.143, 140
Trd, 4318375.343, 140
Trd, 4318375.393, 140
Trd, 4318375.593, 136
Trd, 4318376.193, 137
Trd, 4318377.543, 137
Trd, 4318378.543, 136
Trd, 4318379.243, 140
Trd, 4318380.243, 140
Trd, 4318380.343, 140
Trd, 4318380.943, 60
Trd, 4318381.943, 140
Trd, 4318382.843, 140
Trd, 4318384.243, 140
Trd, 4318384.543, 90
Trd, 4318384.743, 125
Trd, 4318385.693, 95
Trd, 4318386.543, 93
Trd, 4318387.593, 140
Trd, 4318389.543, 140
Trd, 4318389.593, 136
Trd, 4318391.143, 139
Trd, 4318391.643, 140
Trd, 4318391.843, 140
Trd, 4318392.643, 140
Trd, 4318394.393, 140
Trd, 4318394.793, 140
Trd, 4318395.843, 140
Trd, 4318396.043, 140
Trd, 4318397.193, 140
Trd, 4318399.593, 140
Trd, 4318400.043, 140
Trd, 4318400.843, 140
Trd, 4318401.593, 140
Trd, 4318402.093, 140
Trd, 4318402.343, 140
Trd, 4318403.193, 140
Trd, 4318403.443, 140
Trd, 4318404.843, 139
Trd, 4318405.343, 71
Trd, 4318406.843, 140
Trd, 4318406.893, 118
Trd, 4318407.643, 78
Trd, 4318408.343, 123
Trd, 4318408.393, 122
Trd, 4318409.393, 111
Trd, 4318409.593, 80
Trd, 4318410.693, 139
Trd, 4318411.043, 140
Trd, 4318413.143, 140
Trd, 4318413.643, 140
Trd, 4318414.643, 140
Trd, 4318414.693, 140
Trd, 4318414.843, 140
Trd, 4318415.143, 140
Trd, 4318415.793, 140
Trd, 4318416.443, 140
Trd, 4318416.493, 140
Trd, 4318417.093, 140
Trd, 4318418.443, 113
Trd, 4318418.893, 113
Trd, 4318418.943, 113
Trd, 4318419.593, 138
Trd, 4318420.043, 114
Trd, 4318423.593, 60
Trd, 4318424.293, 60
Trd, 4318425.143, 60
Trd, 4318426.043, 62
Trd, 4318427.243, 60
Trd, 4318429.193, 60
Trd, 4318429.343, 60
Trd, 4318429.643, 63
Trd, 4318429.843, 63
Trd, 4318430.143, 72
Trd, 4318430.843, 63
Trd, 4318431.943, 60
Trd, 4318432.893, 60
Trd, 4318434.793, 60
Trd, 4318434.943, 60
Trd, 4318436.293, 60
Trd, 4318436.993, 60
Trd, 4318437.893, 60
Trd, 4318438.193, 61
Trd, 4318438.443, 68
Trd, 4318438.643, 66
Trd, 4318439.143, 65
Trd, 4318440.393, 72
Trd, 4318440.793, 73
Trd, 4318440.843, 91
Trd, 4318441.043, 70
Trd, 4318441.293, 66
Trd, 4318442.593, 140
Trd, 4318443.743, 140
Trd, 4318443.943, 140
Trd, 4318444.493, 140
Trd, 4318444.693, 140
Trd, 4318444.943, 140
Trd, 4318447.693, 140
Trd, 4318448.143, 140
Trd, 4318448.493, 140
Trd, 4318448.593, 140
Trd, 4318449.243, 140
Trd, 4318450.093, 140
Trd, 4318450.243, 140
Trd, 4318451.343, 140
Trd, 4318452.593, 138
Trd, 4318452.643, 137
Trd, 4318454.243, 140
Trd, 4318454.543, 140
Trd, 4318455.593, 140
Trd, 4318455.793, 140
Trd, 4318458.793, 140
Trd, 4318459.243, 140
Trd, 4318459.443, 140
Trd, 4318460.093, 140
Trd, 4318460.293, 140
Trd, 4318461.593, 140
Trd, 4318461.993, 140
Trd, 4318462.043, 139
Trd, 4318463.243, 72
Trd, 4318464.343, 140
Trd, 4318465.093, 140
Trd, 4318467.543, 140
Trd, 4318467.593, 140
Trd, 4318468.243, 140
Trd, 4318468.393, 117
Trd, 4318470.543, 140
Trd, 4318470.593, 140
Trd, 4318470.643, 140
Trd, 4318470.743, 140
Trd, 4318471.843, 140
Trd, 4318472.843, 140
Trd, 4318473.393, 139
Trd, 4318474.243, 140
Trd, 4318475.843, 140
Trd, 4318475.993, 140
Trd, 4318476.793, 140
Trd, 4318477.493, 140
Trd, 4318477.993, 140
Trd, 4318479.493, 140
Trd, 4318479.793, 140
Trd, 4318481.793, 140
Trd, 4318481.943, 140
Trd, 4318481.993, 140
Trd, 4318483.393, 140
Trd, 4318484.743, 140
Trd, 4318485.293, 140
Trd, 4318486.043, 140
Trd, 4318487.093, 140
Trd, 4318487.143, 140
Trd, 4318487.893, 140
Trd, 4318488.943, 140
Trd, 4318490.093, 140
Trd, 4318490.893, 140
Trd, 4318492.643, 140
Trd, 4318493.743, 140
Trd, 4318493.793, 140
Trd, 4318494.093, 140
Trd, 4318494.243, 140
Trd, 4318494.893, 140
Trd, 4318495.043, 140
Trd, 4318497.293, 140
Trd, 4318497.543, 140
Trd, 4318500.243, 140
Trd, 4318500.343, 140
Trd, 4318500.393, 139
Trd, 4318500.493, 139
Trd, 4318501.143, 140
Trd, 4318501.743, 140
Trd, 4318502.243, 135
Trd, 4318502.893, 139
Trd, 4318504.243, 137
Trd, 4318504.443, 136
Trd, 4318504.993, 86
Trd, 4318506.243, 140
Trd, 4318506.743, 138
Trd, 4318507.043, 140
Trd, 4318507.993, 140
Trd, 4318508.993, 138
Trd, 4318509.193, 138
Trd, 4318509.793, 140
Trd, 4318510.993, 140
Trd, 4318512.493, 140
Trd, 4318513.293, 140
Trd, 4318513.943, 140
Trd, 4318514.593, 140
Trd, 4318515.443, 140
Trd, 4318516.093, 140
Trd, 4318516.993, 140
Trd, 4318517.293, 140
Trd, 4318517.443, 140
Trd, 4318518.693, 140
Trd, 4318519.693, 140
Trd, 4318521.143, 140
Trd, 4318521.293, 140
Trd, 4318521.393, 140
Trd, 4318522.593, 140
Trd, 4318523.693, 140
Trd, 4318523.893, 140
Trd, 4318524.493, 76
Trd, 4318524.593, 75
Trd, 4318524.993, 84
Trd, 4318526.093, 140
Trd, 4318528.493, 60
Trd, 4318529.393, 60
Trd, 4318529.443, 61
Trd, 4318530.243, 63
Trd, 4318531.043, 65
Trd, 4318531.543, 65
Trd, 4318532.143, 67
Trd, 4318532.743, 69
Trd, 4318532.843, 69
Trd, 4318533.043, 67
Trd, 4318533.543, 61
Trd, 4318534.343, 61
Trd, 4318535.693, 60
Trd, 4318535.943, 60
Trd, 4318537.493, 60
Trd, 4318540.193, 60
Trd, 4318540.643, 60
Trd, 4318541.893, 60
Trd, 4318542.093, 62
Trd, 4318542.143, 62
Trd, 4318542.893, 69
Trd, 4318542.993, 69
Trd, 4318543.393, 69
Trd, 4318543.743, 68
Trd, 4318545.243, 71
Trd, 4318546.043, 76
Trd, 4318546.543, 75
Trd, 4318546.843, 132
Trd, 4318547.093, 131
Trd, 4318548.493, 138
Trd, 4318549.043, 140
Trd, 4318549.543, 140
Trd, 4318549.693, 99
Trd, 4318551.143, 140
Trd, 4318551.393, 140
Trd, 4318551.543, 140
Trd, 4318552.593, 107
Trd, 4318552.743, 75
Trd, 4318554.543, 140
Trd, 4318555.193, 140
Trd, 4318557.043, 140
Trd, 4318557.843, 140
Trd, 4318557.993, 140
Trd, 4318558.943, 140
Trd, 4318559.543, 140
Trd, 4318560.143, 140
Trd, 4318560.493, 140
Trd, 4318561.643, 119
Trd, 4318562.093, 137
Trd, 4318563.243, 123
Trd, 4318563.493, 122
Trd, 4318563.643, 118
Trd, 4318563.993, 118
Trd, 4318564.993, 133
Trd, 4318566.143, 134
Trd, 4318566.243, 116
Trd, 4318567.243, 115
Trd, 4318567.493, 132
Trd, 4318568.493, 140
Trd, 4318568.793, 76
Trd, 4318568.943, 105
Trd, 4318569.343, 75
Trd, 4318571.143, 140
Trd, 4318572.443, 140
Trd, 4318572.593, 140
Trd, 4318573.693, 140
Trd, 4318574.093, 137
Trd, 4318575.143, 115
Trd, 4318575.293, 115
Trd, 4318576.743, 119
Trd, 4318576.843, 119
Trd, 4318578.993, 140
Trd, 4318579.043, 97
Trd, 4318579.143, 76
Trd, 4318580.393, 140
Trd, 4318583.043, 140
Trd, 4318583.143, 140
Trd, 4318583.843, 140
Trd, 4318584.493, 140
Trd, 4318584.993, 140
Trd, 4318585.393, 140
Trd, 4318585.793, 140
Trd, 4318587.343, 140
Trd, 4318588.393, 140
Trd, 4318588.493, 140
Trd, 4318589.893, 140
Trd, 4318590.243, 140
Trd, 4318590.543, 140
Trd, 4318590.943, 104
Trd, 4318591.393, 81
Trd, 4318591.843, 140
Trd, 4318592.893, 61
Trd, 4318594.543, 60
Trd, 4318595.743, 60
Trd, 4318597.343, 60
Trd, 4318598.193, 60
Trd, 4318598.343, 61
Trd, 4318598.743, 62
Trd, 4318598.793, 62
Trd, 4318598.943, 62
Trd, 4318600.093, 67
Trd, 4318600.493, 140
Trd, 4318600.993, 140
Trd, 4318601.843, 139
Trd, 4318602.093, 137
Trd, 4318602.143, 136
Trd, 4318603.343, 130
Trd, 4318604.093, 95
Trd, 4318604.593, 96
Trd, 4318606.093, 127
Trd, 4318607.943, 138
Trd, 4318608.093, 138
Trd, 4318608.593, 138
Trd, 4318611.243, 140
Trd, 4318611.293, 140
Trd, 4318611.693, 140
Trd, 4318612.843, 140
Trd, 4318613.543, 140
Trd, 4318613.593, 140
Trd, 4318614.693, 140
Trd, 4318616.143, 140
Trd, 4318617.143, 140
Trd, 4318617.243, 140
Trd, 4318617.843, 140
Trd, 4318619.493, 140
Trd, 4318619.743, 140
Trd, 4318620.293, 140
Trd, 4318620.443, 140
Trd, 4318620.593, 139
Trd, 4318620.943, 94
Trd, 4318621.393, 60
Trd, 4318623.093, 67
Trd, 4318623.593, 60
Trd, 4318626.093, 60
Trd, 4318627.343, 60
Trd, 4318627.493, 60
Trd, 4318627.643, 60
Trd, 4318627.843, 67
Trd, 4318628.943, 62
Trd, 4318629.543, 63
Trd, 4318629.643, 62
Trd, 4318630.393, 63
Trd, 4318631.543, 68
Trd, 4318632.343, 65
Trd, 4318635.443, 60
Trd, 4318636.293, 60
Trd, 4318637.243, 60
Trd, 4318638.093, 60
Trd, 4318638.893, 60
Trd, 4318639.043, 62
Trd, 4318639.243, 62
Trd, 4318639.593, 63
Trd, 4318639.793, 62
Trd, 4318640.043, 62
Trd, 4318642.193, 60
Trd, 4318643.393, 68
Trd, 4318644.143, 69
Trd, 4318644.293, 71
Trd, 4318644.443, 69
Trd, 4318644.943, 140
Trd, 4318645.143, 68
Trd, 4318647.793, 60
Trd, 4318648.043, 60
Trd, 4318650.243, 60
Trd, 4318650.693, 60
Trd, 4318650.993, 60
Trd, 4318651.243, 60
Trd, 4318651.293, 60
Trd, 4318651.393, 61
Trd, 4318652.193, 61
Trd, 4318652.593, 65
Trd, 4318653.343, 63
Trd, 4318654.643, 139
Trd, 4318655.043, 138
Trd, 4318656.043, 60
Trd, 4318656.843, 61
Trd, 4318657.593, 61
Trd, 4318658.093, 60
Trd, 4318658.443, 61
Trd, 4318659.143, 60
Trd, 4318660.293, 62
Trd, 4318660.593, 61
Trd, 4318661.943, 60
Trd, 4318662.093, 61
Trd, 4318662.443, 60
Trd, 4318662.793, 62
Trd, 4318663.143, 62
Trd, 4318663.643, 62
Trd, 4318663.993, 67
Trd, 4318664.393, 66
Trd, 4318664.443, 68
Trd, 4318664.943, 66
Trd, 4318664.993, 74
Trd, 4318666.093, 60
Trd, 4318667.543, 60
Trd, 4318668.243, 60
Trd, 4318671.393, 60
Trd, 4318671.993, 60
Trd, 4318673.943, 60
Trd, 4318673.993, 60
Trd, 4318674.193, 60
Trd, 4318674.543, 60
Trd, 4318675.093, 60
Trd, 4318675.393, 80
Trd, 4318675.943, 65
Trd, 4318676.243, 105
Trd, 4318676.643, 66
Trd, 4318676.693, 65
Trd, 4318677.893, 75
Trd, 4318678.493, 121
Trd, 4318679.043, 137
Trd, 4318680.293, 122
Trd, 4318680.793, 122
Trd, 4318683.143, 133
Trd, 4318683.193, 132
Trd, 4318683.243, 129
Trd, 4318683.493, 128
Trd, 4318683.793, 138
Trd, 4318684.693, 89
Trd, 4318685.943, 140
Trd, 4318685.993, 140
Trd, 4318686.543, 140
Trd, 4318686.993, 140
Trd, 4318688.143, 140
Trd, 4318689.593, 140
Trd, 4318690.893, 140
Trd, 4318691.143, 140
Trd, 4318691.893, 140
Trd, 4318694.593, 140
Trd, 4318694.843, 140
Trd, 4318695.193, 140
Trd, 4318695.593, 140
Trd, 4318695.993, 140
Trd, 4318697.293, 140
Trd, 4318697.693, 140
Trd, 4318698.243, 140
Trd, 4318700.043, 140
Trd, 4318700.743, 140
Trd, 4318700.893, 140
Trd, 4318701.143, 140
Trd, 4318701.193, 140
Trd, 4318702.243, 140
Trd, 4318703.143, 140
Trd, 4318703.643, 140
Trd, 4318704.893, 139
Trd, 4318704.993, 138
Trd, 4318705.543, 77
Trd, 4318705.793, 77
Trd, 4318706.043, 129
Trd, 4318706.593, 76
Trd, 4318706.893, 62
Trd, 4318707.093, 62
Trd, 4318708.793, 60
Trd, 4318710.543, 60
Trd, 4318711.143, 60
Trd, 4318713.343, 60
Trd, 4318713.843, 86
Trd, 4318715.293, 60
Trd, 4318715.343, 60
Trd, 4318716.043, 64
Trd, 4318716.243, 61
Trd, 4318716.793, 61
Trd, 4318717.043, 60
Trd, 4318718.693, 61
Trd, 4318719.793, 60
Trd, 4318722.393, 60
Trd, 4318722.693, 60
Trd, 4318724.243, 62
Trd, 4318724.793, 61
Trd, 4318725.093, 60
Trd, 4318725.543, 60
Trd, 4318726.343, 60
Trd, 4318727.043, 60
Trd, 4318728.593, 60
Trd, 4318729.093, 62
Trd, 4318729.543, 62
Trd, 4318729.593, 63
Trd, 4318729.843, 64
Trd, 4318729.943, 63
Trd, 4318730.843, 61
Trd, 4318732.893, 70
Trd, 4318732.993, 60
Trd, 4318734.043, 62
Trd, 4318734.243, 60
Trd, 4318736.393, 60
Trd, 4318737.243, 60
Trd, 4318740.143, 60
Trd, 4318740.443, 60
Trd, 4318740.693, 60
Trd, 4318741.093, 60
Trd, 4318741.393, 60
Trd, 4318741.543, 60
Trd, 4318742.043, 60
Trd, 4318743.043, 61
Trd, 4318744.343, 60
Trd, 4318744.893, 60
Trd, 4318745.093, 60
Trd, 4318745.593, 61
Trd, 4318748.993, 60
Trd, 4318750.043, 60
Trd, 4318750.343, 60
Trd, 4318750.893, 61
Trd, 4318750.943, 62
Trd, 4318751.093, 60
Trd, 4318752.293, 65
Trd, 4318753.493, 61
Trd, 4318754.193, 140
Trd, 4318754.293, 140
Trd, 4318754.443, 64
Trd, 4318754.993, 63
Trd, 4318755.743, 60
Trd, 4318757.143, 61
Trd, 4318757.443, 62
Trd, 4318757.593, 63
Trd, 4318757.643, 61
Trd, 4318758.993, 139
Trd, 4318759.893, 60
Trd, 4318760.243, 61
Trd, 4318761.493, 64
Trd, 4318762.893, 140
Trd, 4318764.193, 140
Trd, 4318765.193, 140
Trd, 4318765.493, 140
Trd, 4318765.643, 139
Trd, 4318765.793, 140
Trd, 4318766.793, 123
Trd, 4318767.293, 127
Trd, 4318767.693, 106
Trd, 4318769.593, 140
Trd, 4318770.593, 140
Trd, 4318773.143, 140
Trd, 4318773.243, 140
Trd, 4318773.593, 140
Trd, 4318773.843, 140
Trd, 4318774.293, 140
Trd, 4318775.493, 140
Trd, 4318775.843, 140
Trd, 4318776.093, 140
Trd, 4318776.493, 140
Trd, 4318777.693, 140
Trd, 4318779.143, 140
Trd, 4318779.343, 140
Trd, 4318780.693, 140
Trd, 4318780.743, 140
Trd, 4318781.693, 140
Trd, 4318782.143, 140
Trd, 4318782.293, 139
Trd, 4318783.643, 134
Trd, 4318784.593, 66
Trd, 4318785.293, 98
Trd, 4318785.743, 74
Trd, 4318786.593, 79
Trd, 4318787.093, 85
Trd, 4318787.393, 83
Trd, 4318789.743, 140
Trd, 4318790.693, 140
Trd, 4318791.793, 140
Trd, 4318792.143, 140
Trd, 4318793.993, 140
Trd, 4318794.593, 140
Trd, 4318794.643, 140
Trd, 4318794.793, 139
Trd, 4318795.743, 136
Trd, 4318795.893, 135
Trd, 4318796.193, 137
Trd, 4318796.693, 99
Trd, 4318797.343, 132
Trd, 4318797.643, 87
Trd, 4318799.393, 60
Trd, 4318800.443, 61
Trd, 4318800.843, 60
Trd, 4318801.043, 61
Trd, 4318802.093, 72
Trd, 4318802.193, 65
Trd, 4318803.043, 65
Trd, 4318803.793, 65
Trd, 4318804.193, 64
Trd, 4318804.493, 61
Trd, 4318806.943, 61
Trd, 4318808.293, 62
Trd, 4318809.193, 60
Trd, 4318809.893, 60
Trd, 4318811.393, 60
Trd, 4318811.443, 60
Trd, 4318811.793, 61
Trd, 4318811.893, 62
Trd, 4318812.043, 61
Trd, 4318812.793, 63
Trd, 4318813.693, 60
Trd, 4318814.593, 69
Trd, 4318815.393, 65
Trd, 4318815.943, 71
Trd, 4318816.093, 72
Trd, 4318816.793, 62
Trd, 4318818.593, 60
Trd, 4318819.693, 61
Trd, 4318820.293, 61
Trd, 4318820.843, 64
Trd, 4318821.593, 66
Trd, 4318821.943, 68
Trd, 4318822.393, 76
Trd, 4318822.643, 69
Trd, 4318822.743, 68
Trd, 4318824.093, 61
Trd, 4318824.343, 72
Trd, 4318827.393, 60
Trd, 4318829.393, 60
Trd, 4318831.193, 60
Trd, 4318831.343, 61
Trd, 4318832.093, 60
Trd, 4318832.243, 60
Trd, 4318832.493, 61
Trd, 4318832.543, 61
Trd, 4318833.293, 63
Trd, 4318833.493, 63
Trd, 4318834.393, 62
Trd, 4318834.693, 63
Trd, 4318835.693, 60
Trd, 4318837.943, 60
Trd, 4318838.043, 65
Trd, 4318838.743, 66
Trd, 4318841.693, 60
Trd, 4318841.793, 60
Trd, 4318841.843, 60
Trd, 4318842.193, 61
Trd, 4318842.343, 64
Trd, 4318843.093, 66
Trd, 4318843.593, 72
Trd, 4318843.793, 64
Trd, 4318844.843, 60
Trd, 4318848.143, 60
Trd, 4318850.743, 60
Trd, 4318850.993, 60
Trd, 4318851.593, 60
Trd, 4318851.643, 60
Trd, 4318851.893, 60
Trd, 4318851.943, 61
Trd, 4318852.443, 62
Trd, 4318852.493, 67
Trd, 4318852.943, 62
Trd, 4318854.193, 64
Trd, 4318854.693, 64
Trd, 4318855.043, 65
Trd, 4318856.143, 64
Trd, 4318856.293, 66
Trd, 4318857.293, 60
Trd, 4318859.343, 60
Trd, 4318861.043, 60
Trd, 4318861.343, 60
Trd, 4318861.693, 61
Trd, 4318862.143, 61
Trd, 4318862.543, 64
Trd, 4318862.593, 62
Trd, 4318862.743, 140
Trd, 4318863.343, 83
Trd, 4318864.293, 137
Trd, 4318865.793, 121
Trd, 4318865.893, 121
Trd, 4318866.643, 121
Trd, 4318867.043, 120
Trd, 4318867.943, 140
Trd, 4318869.243, 112
Trd, 4318869.343, 111
Trd, 4318870.393, 140
Trd, 4318870.843, 140
Trd, 4318871.193, 139
Trd, 4318871.843, 105
Trd, 4318872.193, 68
Trd, 4318874.043, 140
Trd, 4318874.793, 140
Trd, 4318874.843, 140
Trd, 4318875.793, 95
Trd, 4318876.143, 63
Trd, 4318876.643, 60
Trd, 4318877.343, 72
Trd, 4318877.893, 75
Trd, 4318880.343, 118
Trd, 4318881.093, 121
Trd, 4318881.143, 118
Trd, 4318881.543, 115
Trd, 4318882.393, 60
Trd, 4318883.443, 61
Trd, 4318883.943, 60
Trd, 4318884.343, 61
Trd, 4318884.793, 60
Trd, 4318884.893, 61
Trd, 4318885.593, 61
Trd, 4318887.743, 61
Trd, 4318887.893, 61
Trd, 4318888.143, 60
Trd, 4318888.643, 62
Trd, 4318889.543, 63
Trd, 4318891.693, 60
Trd, 4318891.943, 60
Trd, 4318891.993, 61
Trd, 4318892.593, 60
Trd, 4318892.793, 63
Trd, 4318893.593, 63
Trd, 4318893.693, 65
Trd, 4318894.893, 87
Trd, 4318895.243, 70
Trd, 4318895.293, 67
Trd, 4318896.243, 140
Trd, 4318898.143, 61
Trd, 4318899.543, 63
Trd, 4318899.643, 64
Trd, 4318899.743, 60
Trd, 4318900.593, 140
Trd, 4318901.543, 68
Trd, 4318901.643, 69
Trd, 4318901.743, 70
Trd, 4318905.643, 60
Trd, 4318906.593, 60
Trd, 4318907.493, 60
Trd, 4318907.993, 62
Trd, 4318908.043, 61
Trd, 4318908.193, 60
Trd, 4318908.593, 62
Trd, 4318908.943, 65
Trd, 4318909.893, 61
Trd, 4318909.993, 62
Trd, 4318910.393, 60
Trd, 4318911.293, 60
Trd, 4318912.743, 61
Trd, 4318913.543, 62
Trd, 4318914.543, 60
Trd, 4318916.143, 60
Trd, 4318916.343, 61
Trd, 4318917.143, 60
Trd, 4318920.093, 60
Trd, 4318920.693, 60
Trd, 4318920.793, 60
Trd, 4318921.143, 60
Trd, 4318921.343, 60
Trd, 4318921.893, 60
Trd, 4318923.443, 60
Trd, 4318924.093, 61
Trd, 4318924.493, 63
Trd, 4318925.343, 62
Trd, 4318925.743, 61
Trd, 4318925.793, 63
Trd, 4318926.293, 61
Trd, 4318926.493, 72
Trd, 4318926.993, 88
Trd, 4318927.843, 65
Trd, 4318929.993, 60
Trd, 4318931.893, 60
Trd, 4318933.843, 60
Trd, 4318933.893, 60
Trd, 4318934.593, 60
Trd, 4318935.843, 60
Trd, 4318936.293, 60
Trd, 4318936.993, 62
Trd, 4318937.293, 62
Trd, 4318937.493, 69
Trd, 4318937.543, 62
Trd, 4318937.693, 61
Trd, 4318939.193, 62
Trd, 4318940.243, 65
Trd, 4318941.193, 62
Trd, 4318943.193, 60
Trd, 4318943.993, 60
Trd, 4318946.693, 60
Trd, 4318947.143, 60
Trd, 4318947.293, 60
Trd, 4318948.043, 60
Trd, 4318948.093, 60
Trd, 4318948.343, 60
Trd, 4318948.593, 60
Trd, 4318949.143, 60
Trd, 4318949.893, 60
Trd, 4318951.293, 61
Trd, 4318953.643, 60
Trd, 4318954.543, 60
Trd, 4318956.043, 60
Trd, 4318957.543, 60
Trd, 4318957.693, 60
Trd, 4318957.893, 61
Trd, 4318958.193, 65
Trd, 4318958.543, 69
Trd, 4318958.793, 62
Trd, 4318959.493, 137
Trd, 4318959.893, 89
Trd, 4318960.543, 130
Trd, 4318961.143, 140
Trd, 4318962.393, 66
Trd, 4318963.793, 60
Trd, 4318964.893, 60
Trd, 4318966.143, 60
Trd, 4318967.443, 61
Trd, 4318968.093, 67
Trd, 4318968.793, 62
Trd, 4318969.493, 61
Trd, 4318969.943, 67
Trd, 4318969.993, 64
Trd, 4318970.893, 66
Trd, 4318971.743, 64
Trd, 4318971.843, 63
Trd, 4318973.143, 60
Trd, 4318973.943, 60
Trd, 4318974.193, 62
Trd, 4318975.243, 60
Trd, 4318976.493, 60
Trd, 4318976.693, 60
Trd, 4318976.893, 60
Trd, 4318977.243, 60
Trd, 4318978.243, 60
Trd, 4318978.843, 63
Trd, 4318979.243, 62
Trd, 4318979.793, 63
Trd, 4318980.743, 63
Trd, 4318981.193, 62
Trd, 4318981.943, 140
Trd, 4318983.393, 90
Trd, 4318984.443, 75
Trd, 4318985.093, 61
Trd, 4318985.693, 66
Trd, 4318986.493, 69
Trd, 4318986.943, 66
Trd, 4318987.193, 65
Trd, 4318987.793, 67
Trd, 4318988.143, 66
Trd, 4318989.093, 61
Trd, 4318989.393, 62
Trd, 4318990.343, 126
Trd, 4318990.843, 126
Trd, 4318991.393, 125
Trd, 4318992.993, 131
Trd, 4318993.343, 132
Trd, 4318993.743, 135
Trd, 4318994.293, 134
Trd, 4318994.893, 136
Trd, 4318995.143, 102
Trd, 4318995.693, 93
Trd, 4318996.393, 140
Trd, 4318998.693, 68
Trd, 4318999.293, 63
Trd, 4319002.093, 60
Trd, 4319002.393, 60
Trd, 4319002.443, 61
Trd, 4319002.593, 60
Trd, 4319002.743, 61
Trd, 4319003.293, 139
Trd, 4319003.993, 140
Trd, 4319004.443, 139
Trd, 4319004.743, 140
Trd, 4319005.193, 140
Trd, 4319005.543, 140
Trd, 4319006.593, 140
Trd, 4319008.293, 140
Trd, 4319009.343, 140
Trd, 4319009.893, 132
Trd, 4319011.193, 135
Trd, 4319012.043, 140
Trd, 4319012.493, 139
Trd, 4319013.643, 136
Trd, 4319013.793, 129
Trd, 4319015.643, 140
Trd, 4319016.043, 140
Trd, 4319016.793, 140
Trd, 4319016.893, 140
Trd, 4319017.493, 136
Trd, 4319017.643, 135
Trd, 4319018.693, 130
Trd, 4319020.193, 140
Trd, 4319020.493, 140
Trd, 4319021.043, 140
Trd, 4319022.143, 140
Trd, 4319022.393, 140
Trd, 4319022.993, 130
Trd, 4319023.193, 84
Trd, 4319023.493, 139
Trd, 4319025.243, 79
Trd, 4319025.443, 80
Trd, 4319027.793, 60
Trd, 4319029.193, 75
Trd, 4319029.393, 133
Trd, 4319029.643, 132
Trd, 4319029.943, 133
Trd, 4319030.743, 135
Trd, 4319031.293, 133
Trd, 4319031.493, 73
Trd, 4319032.193, 137
Trd, 4319033.243, 138
Trd, 4319034.393, 140
Trd, 4319035.643, 139
Trd, 4319036.093, 140
Trd, 4319037.243, 140
Trd, 4319037.493, 140
Trd, 4319037.843, 140
Trd, 4319039.893, 140
Trd, 4319039.993, 140
Trd, 4319041.893, 140
Trd, 4319042.043, 140
Trd, 4319042.493, 140
Trd, 4319043.493, 140
Trd, 4319044.493, 140
Trd, 4319046.293, 140
Trd, 4319046.843, 140
Trd, 4319046.993, 140
Trd, 4319047.143, 140
Trd, 4319047.943, 140
Trd, 4319047.993, 140
Trd, 4319048.643, 140
Trd, 4319049.093, 139
Trd, 4319049.343, 138
Trd, 4319050.943, 124
Trd, 4319051.193, 137
Trd, 4319052.093, 65
Trd, 4319053.143, 140
Trd, 4319053.793, 83
Trd, 4319054.843, 67
Trd, 4319055.193, 140
Trd, 4319055.743, 140
Trd, 4319055.893, 140
Trd, 4319057.343, 91
Trd, 4319058.543, 139
Trd, 4319058.593, 105
Trd, 4319060.193, 94
Trd, 4319060.243, 93
Trd, 4319061.443, 121
Trd, 4319062.243, 139
Trd, 4319062.293, 138
Trd, 4319062.943, 98
Trd, 4319064.843, 140
Trd, 4319065.343, 123
Trd, 4319065.943, 137
Trd, 4319066.143, 123
Trd, 4319067.443, 127
Trd, 4319067.693, 139
Trd, 4319068.543, 128
Trd, 4319068.843, 128
Trd, 4319069.493, 140
Trd, 4319069.893, 140
Trd, 4319070.293, 140
Trd, 4319071.543, 140
Trd, 4319072.593, 140
Trd, 4319073.943, 140
Trd, 4319074.293, 140
Trd, 4319074.893, 140
Trd, 4319075.343, 140
Trd, 4319077.693, 140
Trd, 4319078.093, 140
Trd, 4319078.743, 140
Trd, 4319078.993, 140
Trd, 4319079.493, 140
Trd, 4319079.843, 140
Trd, 4319080.493, 140
Trd, 4319080.643, 140
Trd, 4319081.143, 140
Trd, 4319081.393, 122
Trd, 4319082.643, 63
Trd, 4319083.143, 60
Trd, 4319083.343, 60
Trd, 4319083.393, 60
Trd, 4319085.893, 62
Trd, 4319087.843, 60
Trd, 4319088.043, 60
Trd, 4319090.193, 60
Trd, 4319090.843, 60
Trd, 4319090.893, 60
Trd, 4319091.543, 61
Trd, 4319091.643, 64
Trd, 4319092.193, 64
Trd, 4319092.943, 60
Trd, 4319095.543, 60
Trd, 4319096.093, 60
Trd, 4319096.193, 60
Trd, 4319096.743, 68
Trd, 4319096.993, 67
Trd, 4319097.193, 70
Trd, 4319097.243, 70
Trd, 4319097.343, 69
Trd, 4319098.793, 103
Trd, 4319099.193, 89
Trd, 4319100.293, 70
Trd, 4319100.693, 63
Trd, 4319102.093, 61
Trd, 4319103.393, 60
Trd, 4319104.543, 60
Trd, 4319105.043, 61
Trd, 4319105.143, 62
Trd, 4319105.593, 62
Trd, 4319106.243, 61
Trd, 4319106.993, 61
Trd, 4319107.043, 60
Trd, 4319108.093, 62
Trd, 4319108.143, 63
Trd, 4319110.093, 60
Trd, 4319111.493, 60
Trd, 4319112.893, 60
Trd, 4319112.993, 60
Trd, 4319113.093, 60
Trd, 4319113.543, 61
Trd, 4319113.693, 62
Trd, 4319114.143, 63
Trd, 4319114.493, 62
Trd, 4319116.343, 60
Trd, 4319118.693, 60
Trd, 4319119.393, 61
Trd, 4319119.593, 62
Trd, 4319119.993, 61
Trd, 4319120.093, 62
Trd, 4319120.443, 61
Trd, 4319120.543, 60
Trd, 4319121.893, 60
Trd, 4319122.043, 60
Trd, 4319123.743, 60
Trd, 4319125.843, 62
Trd, 4319126.343, 60
Trd, 4319126.543, 60
Trd, 4319127.243, 60
Trd, 4319128.643, 61
Trd, 4319129.193, 63
Trd, 4319129.343, 64
Trd, 4319129.993, 64
Trd, 4319130.443, 67
Trd, 4319131.093, 69
Trd, 4319131.543, 68
Trd, 4319131.693, 84
Trd, 4319132.593, 140
Trd, 4319133.543, 140
Trd, 4319134.493, 140
Trd, 4319134.843, 140
Trd, 4319137.243, 136
Trd, 4319137.393, 139
Trd, 4319137.593, 133
Trd, 4319138.243, 135
Trd, 4319138.543, 131
Trd, 4319139.543, 110
Trd, 4319139.693, 109
Trd, 4319139.793, 120
Trd, 4319139.943, 107
Trd, 4319140.893, 140
Trd, 4319143.443, 140
Trd, 4319143.843, 140
Trd, 4319144.143, 140
Trd, 4319145.043, 140
Trd, 4319145.143, 140
Trd, 4319146.093, 139
Trd, 4319146.693, 131
Trd, 4319146.893, 139
Trd, 4319147.343, 140
Trd, 4319147.693, 139
Trd, 4319149.743, 60
Trd, 4319150.643, 60
Trd, 4319150.793, 61
Trd, 4319151.143, 65
Trd, 4319151.243, 62
Trd, 4319152.493, 61
Trd, 4319153.043, 65
Trd, 4319154.893, 60
Trd, 4319156.943, 60
Trd, 4319157.043, 60
Trd, 4319159.243, 60
Trd, 4319159.343, 60
Trd, 4319159.693, 63
Trd, 4319159.843, 62
Trd, 4319160.943, 62
Trd, 4319162.743, 60
Trd, 4319164.143, 60
Trd, 4319164.693, 60
Trd, 4319165.293, 61
Trd, 4319165.543, 61
Trd, 4319166.293, 63
Trd, 4319166.893, 63
Trd, 4319167.493, 63
Trd, 4319170.493, 60
Trd, 4319171.743, 60
Trd, 4319173.043, 60
Trd, 4319173.093, 60
Trd, 4319173.243, 60
Trd, 4319173.743, 61
Trd, 4319174.243, 63
Trd, 4319174.493, 65
Trd, 4319174.843, 66
Trd, 4319175.343, 67
Trd, 4319175.743, 68
Trd, 4319175.893, 67
Trd, 4319177.793, 131
Trd, 4319178.543, 139
Trd, 4319178.793, 140
Trd, 4319179.543, 101
Trd, 4319179.693, 100
Trd, 4319179.993, 140
Trd, 4319180.693, 139
Trd, 4319182.943, 61
Trd, 4319183.093, 60
Trd, 4319183.543, 61
Trd, 4319183.793, 65
Trd, 4319184.793, 73
Trd, 4319184.993, 140
Trd, 4319185.543, 140
Trd, 4319186.643, 140
Trd, 4319187.393, 140
Trd, 4319188.843, 140
Trd, 4319189.043, 140
Trd, 4319189.693, 140
Trd, 4319190.643, 140
Trd, 4319190.943, 139
Trd, 4319191.543, 140
Trd, 4319191.843, 140
Trd, 4319192.843, 140
Trd, 4319193.743, 140
Trd, 4319196.043, 140
Trd, 4319196.543, 140
Trd, 4319197.193, 140
Trd, 4319198.093, 83
Trd, 4319199.243, 140
Trd, 4319199.843, 140
Trd, 4319201.393, 140
Trd, 4319201.493, 140
Trd, 4319202.043, 140
Trd, 4319204.393, 140
Trd, 4319205.693, 140
Trd, 4319205.793, 140
Trd, 4319205.843, 140
Trd, 4319206.193, 140
Trd, 4319208.793, 140
Trd, 4319209.243, 140
Trd, 4319210.343, 140
Trd, 4319210.843, 140
Trd, 4319211.793, 140
Trd, 4319211.943, 140
Trd, 4319212.093, 140
Trd, 4319213.443, 140
Trd, 4319213.693, 140
Trd, 4319214.293, 140
Trd, 4319214.393, 140
Trd, 4319214.443, 140
Trd, 4319215.293, 65
Trd, 4319216.793, 60
Trd, 4319216.943, 60
Trd, 4319217.443, 62
Trd, 4319218.943, 65
Trd, 4319219.243, 66
Trd, 4319219.393, 74
Trd, 4319220.193, 112
Trd, 4319220.293, 65
Trd, 4319220.943, 67
Trd, 4319221.093, 66
Trd, 4319223.343, 140
Trd, 4319223.893, 140
Trd, 4319225.443, 140
Trd, 4319225.843, 140
Trd, 4319226.143, 140
Trd, 4319226.193, 140
Trd, 4319226.793, 140
Trd, 4319227.393, 140
Trd, 4319227.593, 82
Trd, 4319228.893, 140
Trd, 4319229.343, 140
Trd, 4319231.043, 140
Trd, 4319231.693, 140
Trd, 4319231.943, 140
Trd, 4319232.143, 140
Trd, 4319233.393, 140
Trd, 4319233.843, 140
Trd, 4319234.443, 140
Trd, 4319234.793, 140
Trd, 4319237.293, 140
Trd, 4319237.343, 140
Trd, 4319237.893, 140
Trd, 4319238.393, 140
Trd, 4319239.643, 140
Trd, 4319239.893, 140
Trd, 4319240.593, 140
Trd, 4319240.793, 140
Trd, 4319243.443, 140
Trd, 4319243.743, 140
Trd, 4319244.393, 140
Trd, 4319245.693, 140
Trd, 4319246.393, 140
Trd, 4319247.143, 140
Trd, 4319247.343, 140
Trd, 4319248.393, 140
Trd, 4319248.743, 139
Trd, 4319248.993, 138
Trd, 4319250.093, 138
Trd, 4319251.443, 66
Trd, 4319252.043, 63
Trd, 4319253.593, 61
Trd, 4319253.743, 67
Trd, 4319253.943, 70
Trd, 4319257.843, 60
Trd, 4319257.943, 60
Trd, 4319257.993, 61
Trd, 4319258.193, 63
Trd, 4319258.643, 66
Trd, 4319258.943, 63
Trd, 4319259.343, 60
Trd, 4319260.893, 60
Trd, 4319261.943, 60
Trd, 4319265.693, 60
Trd, 4319266.043, 60
Trd, 4319266.293, 60
Trd, 4319266.593, 64
Trd, 4319266.643, 61
Trd, 4319267.343, 64
Trd, 4319267.443, 63
Trd, 4319267.543, 62
Trd, 4319268.193, 65
Trd, 4319269.193, 71
Trd, 4319269.893, 71
Trd, 4319270.443, 71
Trd, 4319271.093, 138
Trd, 4319271.193, 80
Trd, 4319271.693, 77
Trd, 4319275.443, 140
Trd, 4319275.543, 140
Trd, 4319276.193, 140
Trd, 4319276.693, 140
Trd, 4319277.643, 140
Trd, 4319277.793, 140
Trd, 4319279.643, 140
Trd, 4319280.593, 140
Trd, 4319280.843, 140
Trd, 4319281.093, 140
Trd, 4319281.643, 140
Trd, 4319281.793, 140
Trd, 4319282.043, 140
Trd, 4319282.243, 140
Trd, 4319282.643, 140
Trd, 4319283.093, 140
Trd, 4319286.043, 140
Trd, 4319286.693, 140
Trd, 4319286.793, 140
Trd, 4319286.943, 140
Trd, 4319287.743, 140
Trd, 4319288.143, 140
Trd, 4319288.593, 138
Trd, 4319290.043, 140
Trd, 4319290.643, 140
Trd, 4319291.093, 140
Trd, 4319293.143, 140
Trd, 4319294.193, 140
Trd, 4319294.343, 140
Trd, 4319295.443, 140
Trd, 4319296.593, 140
Trd, 4319298.443, 140
Trd, 4319299.793, 140
Trd, 4319300.243, 140
Trd, 4319301.693, 140
Trd, 4319301.943, 140
Trd, 4319302.293, 140
Trd, 4319302.693, 140
Trd, 4319303.393, 140
Trd, 4319304.693, 140
Trd, 4319305.843, 140
Trd, 4319306.243, 140
Trd, 4319306.843, 140
Trd, 4319306.943, 140
Trd, 4319307.093, 140
Trd, 4319307.143, 140
Trd, 4319307.543, 140
Trd, 4319308.043, 140
Trd, 4319308.393, 140
Trd, 4319310.093, 140
Trd, 4319310.393, 140
Trd, 4319311.543, 140
Trd, 4319312.043, 140
Trd, 4319312.993, 140
Trd, 4319313.593, 140
Trd, 4319314.293, 140
Trd, 4319314.643, 140
Trd, 4319314.843, 140
Trd, 4319315.693, 140
Trd, 4319317.643, 140
Trd, 4319317.943, 140
Trd, 4319318.793, 140
Trd, 4319319.043, 140
Trd, 4319319.443, 140
Trd, 4319320.193, 139
Trd, 4319322.793, 140
Trd, 4319323.543, 140
Trd, 4319323.643, 140
Trd, 4319324.093, 140
Trd, 4319324.643, 140
Trd, 4319325.893, 140
Trd, 4319326.793, 140
Trd, 4319327.143, 140
Trd, 4319327.743, 140
Trd, 4319328.293, 140
Trd, 4319328.843, 140
Trd, 4319329.393, 140
Trd, 4319330.193, 139
Trd, 4319331.393, 140
Trd, 4319331.943, 140
Trd, 4319333.443, 140
Trd, 4319334.043, 140
Trd, 4319335.743, 140
Trd, 4319336.343, 140
Trd, 4319337.343, 140
Trd, 4319337.443, 140
Trd, 4319339.593, 140
Trd, 4319339.743, 140
Trd, 4319339.843, 140
Trd, 4319341.493, 140
Trd, 4319341.793, 140
Trd, 4319342.443, 140
Trd, 4319342.993, 140
Trd, 4319344.043, 140
Trd, 4319344.693, 140
Trd, 4319345.143, 140
Trd, 4319345.643, 140
Trd, 4319346.343, 72
Trd, 4319348.693, 140
Trd, 4319349.793, 140
Trd, 4319350.543, 140
Trd, 4319350.943, 140
Trd, 4319351.193, 140
Trd, 4319351.693, 140
Trd, 4319352.843, 140
Trd, 4319352.943, 140
Trd, 4319353.193, 140
Trd, 4319354.643, 140
Trd, 4319355.343, 140
Trd, 4319355.843, 140
Trd, 4319356.243, 140
Trd, 4319357.793, 140
Trd, 4319358.043, 140
Trd, 4319359.143, 139
Trd, 4319359.593, 92
Trd, 4319359.993, 91
Trd, 4319360.093, 132
Trd, 4319362.193, 140
Trd, 4319363.193, 140
Trd, 4319364.043, 140
Trd, 4319364.443, 140
Trd, 4319364.793, 140
Trd, 4319365.943, 140
Trd, 4319367.193, 140
Trd, 4319367.643, 140
Trd, 4319368.493, 140
Trd, 4319368.643, 140
Trd, 4319369.643, 140
Trd, 4319369.793, 140
Trd, 4319371.193, 140
Trd, 4319371.643, 140
Trd, 4319372.793, 140
Trd, 4319373.443, 140
Trd, 4319373.993, 140
Trd, 4319374.043, 140
Trd, 4319374.243, 140
Trd, 4319376.143, 140
Trd, 4319376.243, 139
Trd, 4319376.993, 140
Trd, 4319377.543, 132
Trd, 4319378.293, 134
Trd, 4319379.593, 137
Trd, 4319379.893, 62
Trd, 4319380.043, 62
Trd, 4319380.443, 140
Trd, 4319380.993, 140
Trd, 4319381.043, 140
Trd, 4319381.843, 140
Trd, 4319381.893, 140
Trd, 4319381.943, 125
Trd, 4319382.793, 138
Trd, 4319384.043, 140
Trd, 4319384.243, 140
Trd, 4319384.543, 140
Trd, 4319385.293, 140
Trd, 4319385.593, 140
Trd, 4319386.443, 140
Trd, 4319388.393, 140
Trd, 4319388.693, 140
Trd, 4319388.743, 140
Trd, 4319389.293, 140
Trd, 4319390.693, 140
Trd, 4319391.093, 140
Trd, 4319391.143, 140
Trd, 4319391.993, 140
Trd, 4319393.943, 140
Trd, 4319394.593, 140
Trd, 4319394.843, 140
Trd, 4319395.793, 140
Trd, 4319396.243, 140
Trd, 4319396.493, 140
Trd, 4319396.743, 76
Trd, 4319397.193, 139
Trd, 4319398.543, 140
Trd, 4319398.693, 140
Trd, 4319399.043, 111
Trd, 4319399.143, 85
Trd, 4319400.343, 102
Trd, 4319401.143, 110
Trd, 4319401.493, 61
Trd, 4319402.493, 60
Trd, 4319404.443, 60
Trd, 4319406.743, 60
Trd, 4319407.393, 60
Trd, 4319407.693, 60
Trd, 4319408.343, 60
Trd, 4319408.443, 60
Trd, 4319408.593, 69
Trd, 4319408.743, 64
Trd, 4319409.393, 66
Trd, 4319409.793, 63
Trd, 4319410.593, 139
Trd, 4319411.743, 140
Trd, 4319411.993, 140
Trd, 4319412.493, 139
Trd, 4319413.593, 64
Trd, 4319413.893, 63
Trd, 4319414.243, 64
Trd, 4319415.643, 60
Trd, 4319415.943, 61
Trd, 4319416.443, 60
Trd, 4319419.593, 60
Trd, 4319419.643, 60
Trd, 4319420.893, 63
Trd, 4319421.193, 65
Trd, 4319421.393, 66
Trd, 4319421.793, 66
Trd, 4319422.093, 66
Trd, 4319422.393, 65
Trd, 4319422.843, 66
Trd, 4319423.043, 67
Trd, 4319423.943, 68
Trd, 4319423.993, 67
Trd, 4319424.143, 66
Trd, 4319424.343, 67
Trd, 4319426.843, 140
Trd, 4319426.993, 140
Trd, 4319428.443, 140
Trd, 4319429.293, 140
Trd, 4319429.993, 140
Trd, 4319430.643, 140
Trd, 4319431.093, 140
Trd, 4319433.293, 140
Trd, 4319433.593, 140
Trd, 4319433.993, 138
Trd, 4319434.693, 118
Trd, 4319435.093, 85
Trd, 4319437.343, 139
Trd, 4319437.493, 138
Trd, 4319438.293, 140
Trd, 4319438.693, 140
Trd, 4319439.693, 140
Trd, 4319439.793, 139
Trd, 4319441.443, 140
Trd, 4319442.693, 140
Trd, 4319442.893, 140
Trd, 4319443.643, 140
Trd, 4319445.143, 140
Trd, 4319446.243, 140
Trd, 4319446.293, 140
Trd, 4319446.343, 140
Trd, 4319446.493, 135
Trd, 4319446.543, 68
Trd, 4319447.893, 62
Trd, 4319448.093, 63
Trd, 4319448.193, 64
Trd, 4319448.593, 136
Trd, 4319449.293, 138
Trd, 4319449.743, 137
Trd, 4319451.443, 62
Trd, 4319452.993, 60
Trd, 4319454.143, 60
Trd, 4319455.193, 60
Trd, 4319455.643, 62
Trd, 4319456.143, 63
Trd, 4319456.243, 72
Trd, 4319456.593, 70
Trd, 4319456.643, 68
Trd, 4319456.743, 71
Trd, 4319457.043, 69
Trd, 4319457.143, 73
Trd, 4319457.193, 67
Trd, 4319459.143, 63
Trd, 4319459.543, 62
Trd, 4319459.943, 67
Trd, 4319460.743, 64
Trd, 4319462.043, 65
Trd, 4319462.243, 61
Trd, 4319462.293, 66
Trd, 4319465.743, 60
Trd, 4319465.943, 60
Trd, 4319466.043, 60
Trd, 4319466.093, 60
Trd, 4319466.593, 60
Trd, 4319466.843, 60
Trd, 4319468.043, 68
Trd, 4319468.643, 67
Trd, 4319468.993, 75
Trd, 4319469.543, 74
Trd, 4319469.893, 74
Trd, 4319470.643, 74
Trd, 4319471.293, 61
Trd, 4319474.693, 60
Trd, 4319476.193, 60
Trd, 4319476.643, 60
Trd, 4319477.093, 60
Trd, 4319477.193, 60
Trd, 4319477.593, 60
Trd, 4319477.743, 61
Trd, 4319477.893, 61
Trd, 4319478.043, 62
Trd, 4319478.393, 60
Trd, 4319479.593, 60
Trd, 4319481.143, 60
Trd, 4319481.943, 60
Trd, 4319483.193, 60
Trd, 4319483.893, 60
Trd, 4319484.093, 60
Trd, 4319486.093, 60
Trd, 4319487.243, 61
Trd, 4319488.943, 60
Trd, 4319489.593, 60
Trd, 4319489.793, 60
Trd, 4319489.843, 61
Trd, 4319490.293, 61
Trd, 4319490.493, 60
Trd, 4319490.593, 61
Trd, 4319491.293, 63
Trd, 4319491.543, 64
Trd, 4319492.193, 67
Trd, 4319492.843, 66
Trd, 4319494.443, 140
Trd, 4319494.643, 140
Trd, 4319495.893, 138
Trd, 4319496.143, 137
Trd, 4319497.043, 140
Trd, 4319497.693, 140
Trd, 4319498.543, 140
Trd, 4319498.843, 140
Trd, 4319500.393, 140
Trd, 4319500.593, 140
Trd, 4319501.993, 112
Trd, 4319502.443, 116
Trd, 4319502.743, 118
Trd, 4319503.943, 118
Trd, 4319504.943, 115
Trd, 4319505.493, 132
Trd, 4319505.543, 114
Trd, 4319506.043, 113
Trd, 4319506.193, 112
Trd, 4319508.143, 139
Trd, 4319509.043, 60
Trd, 4319509.143, 60
Trd, 4319509.443, 64
Trd, 4319509.793, 62
Trd, 4319510.093, 62
Trd, 4319510.593, 63
Trd, 4319511.993, 67
Trd, 4319512.943, 140
Trd, 4319512.993, 140
Trd, 4319513.793, 139
Trd, 4319514.393, 140
Trd, 4319515.293, 140
Trd, 4319516.593, 140
Trd, 4319516.943, 140
Trd, 4319517.293, 140
Trd, 4319517.743, 140
Trd, 4319517.843, 140
Trd, 4319517.893, 105
Trd, 4319518.643, 60
Trd, 4319519.493, 60
Trd, 4319519.993, 65
Trd, 4319520.943, 140
Trd, 4319521.243, 140
Trd, 4319525.443, 60
Trd, 4319525.493, 60
Trd, 4319526.493, 60
Trd, 4319526.643, 60
Trd, 4319526.943, 60
Trd, 4319526.993, 63
Trd, 4319527.143, 70
Trd, 4319528.443, 72
Trd, 4319528.593, 71
Trd, 4319529.593, 70
Trd, 4319529.693, 110
Trd, 4319532.543, 60
Trd, 4319532.793, 60
Trd, 4319533.043, 64
Trd, 4319534.443, 65
Trd, 4319536.693, 60
Trd, 4319538.293, 60
Trd, 4319538.543, 60
Trd, 4319539.243, 63
Trd, 4319539.393, 63
Trd, 4319540.293, 66
Trd, 4319540.493, 68
Trd, 4319540.993, 63
Trd, 4319541.243, 62
Trd, 4319541.693, 65
Trd, 4319542.293, 60
Trd, 4319545.043, 60
Trd, 4319545.243, 60
Trd, 4319545.593, 60
Trd, 4319545.893, 61
Trd, 4319545.993, 60
Trd, 4319546.193, 61
Trd, 4319547.393, 65
Trd, 4319548.243, 68
Trd, 4319548.843, 69
Trd, 4319549.993, 60
Trd, 4319550.143, 62
Trd, 4319551.293, 61
Trd, 4319552.793, 60
Trd, 4319552.943, 62
Trd, 4319553.043, 60
Trd, 4319553.543, 68
Trd, 4319554.093, 72
Trd, 4319557.543, 60
Trd, 4319557.843, 60
Trd, 4319558.643, 60
Trd, 4319559.693, 60
Trd, 4319561.643, 63
Trd, 4319561.693, 60
Trd, 4319561.943, 60
Trd, 4319563.243, 60
Trd, 4319563.343, 60
Trd, 4319563.393, 60
Trd, 4319564.843, 62
Trd, 4319566.043, 61
Trd, 4319566.343, 62
Trd, 4319566.593, 61
Trd, 4319566.793, 65
Trd, 4319568.843, 62
Trd, 4319569.893, 60
Trd, 4319571.443, 60
Trd, 4319572.743, 60
Trd, 4319574.043, 60
Trd, 4319574.993, 60
Trd, 4319575.193, 60
Trd, 4319575.593, 63
Trd, 4319575.743, 61
Trd, 4319576.493, 61
Trd, 4319577.493, 61
Trd, 4319577.693, 60
Trd, 4319577.743, 61
Trd, 4319578.293, 66
Trd, 4319579.943, 63
Trd, 4319580.143, 62
Trd, 4319580.193, 61
Trd, 4319580.593, 72
Trd, 4319583.293, 60
Trd, 4319584.643, 60
Trd, 4319584.843, 60
Trd, 4319585.843, 60
Trd, 4319586.743, 60
Trd, 4319587.493, 60
Trd, 4319587.893, 60
Trd, 4319588.843, 60
Trd, 4319588.893, 60
Trd, 4319589.043, 60
Trd, 4319589.143, 60
Trd, 4319589.343, 115
Trd, 4319590.243, 72
Trd, 4319590.543, 70
Trd, 4319591.543, 71
Trd, 4319591.843, 70
Trd, 4319594.193, 85
Trd, 4319594.443, 86
Trd, 4319596.193, 140
Trd, 4319596.343, 140
Trd, 4319597.743, 140
Trd, 4319597.943, 140
Trd, 4319597.993, 140
Trd, 4319598.043, 140
Trd, 4319598.593, 140
Trd, 4319598.893, 140
Trd, 4319600.143, 80
Trd, 4319600.443, 140
Trd, 4319601.343, 140
Trd, 4319601.793, 137
Trd, 4319602.643, 140
Trd, 4319602.893, 140
Trd, 4319604.743, 140
Trd, 4319604.893, 140
Trd, 4319604.943, 112
Trd, 4319606.393, 140
Trd, 4319606.593, 140
Trd, 4319606.793, 140
Trd, 4319608.243, 119
Trd, 4319608.493, 118
Trd, 4319610.393, 116
Trd, 4319611.793, 140
Trd, 4319612.043, 120
Trd, 4319612.393, 118
Trd, 4319613.543, 140
Trd, 4319614.093, 140
Trd, 4319614.143, 117
Trd, 4319614.193, 68
Trd, 4319615.743, 60
Trd, 4319616.743, 62
Trd, 4319618.993, 140
Trd, 4319619.093, 140
Trd, 4319620.393, 140
Trd, 4319620.543, 140
Trd, 4319622.093, 140
Trd, 4319623.543, 140
Trd, 4319623.643, 140
Trd, 4319624.093, 140
Trd, 4319624.493, 140
Trd, 4319625.043, 140
Trd, 4319626.293, 140
Trd, 4319627.043, 140
Trd, 4319627.593, 140
Trd, 4319628.343, 140
Trd, 4319628.393, 139
Trd, 4319630.043, 140
Trd, 4319630.143, 140
Trd, 4319631.243, 140
Trd, 4319632.043, 140
Trd, 4319633.793, 140
Trd, 4319633.943, 140
Trd, 4319634.643, 140
Trd, 4319634.943, 140
Trd, 4319635.093, 140
Trd, 4319635.543, 140
Trd, 4319635.693, 140
Trd, 4319635.843, 140
Trd, 4319637.443, 124
Trd, 4319638.193, 125
Trd, 4319639.443, 140
Trd, 4319640.343, 140
Trd, 4319640.893, 140
Trd, 4319641.743, 140
Trd, 4319642.843, 140
Trd, 4319644.343, 140
Trd, 4319644.393, 140
Trd, 4319645.193, 140
Trd, 4319646.543, 140
Trd, 4319646.643, 140
Trd, 4319647.493, 140
Trd, 4319648.793, 140
Trd, 4319649.193, 140
Trd, 4319649.343, 140
Trd, 4319649.843, 140
Trd, 4319650.543, 140
Trd, 4319651.093, 140
Trd, 4319651.443, 139
Trd, 4319652.293, 139
Trd, 4319653.243, 140
Trd, 4319653.643, 131
Trd, 4319653.743, 131
Trd, 4319654.243, 79
Trd, 4319655.443, 63
Trd, 4319656.693, 64
Trd, 4319658.943, 60
Trd, 4319659.093, 60
Trd, 4319660.143, 61
Trd, 4319660.293, 60
Trd, 4319660.843, 60
Trd, 4319661.143, 60
Trd, 4319662.193, 60
Trd, 4319665.343, 60
Trd, 4319665.793, 60
Trd, 4319666.743, 60
Trd, 4319666.793, 60
Trd, 4319666.943, 64
Trd, 4319667.093, 63
Trd, 4319667.143, 61
Trd, 4319668.143, 62
Trd, 4319668.793, 63
Trd, 4319669.593, 63
Trd, 4319670.743, 140
Trd, 4319671.293, 140
Trd, 4319672.743, 140
Trd, 4319672.943, 140
Trd, 4319673.293, 140
Trd, 4319674.043, 140
Trd, 4319674.293, 140
Trd, 4319675.093, 140
Trd, 4319675.293, 140
Trd, 4319676.293, 140
Trd, 4319677.743, 140
Trd, 4319678.293, 140
Trd, 4319678.393, 140
Trd, 4319679.393, 122
Trd, 4319680.093, 140
Trd, 4319680.893, 115
Trd, 4319681.093, 114
Trd, 4319681.793, 140
Trd, 4319681.843, 140
Trd, 4319682.893, 121
Trd, 4319683.993, 95
Trd, 4319684.343, 95
Trd, 4319685.643, 66
Trd, 4319686.093, 70
Trd, 4319686.243, 65
Trd, 4319686.843, 65
Trd, 4319687.193, 67
Trd, 4319688.293, 98
Trd, 4319689.943, 140
Trd, 4319690.943, 140
Trd, 4319691.593, 140
Trd, 4319692.093, 140
Trd, 4319692.693, 140
Trd, 4319692.743, 140
Trd, 4319693.443, 140
Trd, 4319693.693, 139
Trd, 4319696.543, 140
Trd, 4319697.043, 139
Trd, 4319697.143, 139
Trd, 4319697.493, 140
Trd, 4319697.993, 140
Trd, 4319701.293, 140
Trd, 4319701.693, 140
Trd, 4319702.543, 140
Trd, 4319703.143, 140
Trd, 4319703.793, 140
Trd, 4319704.493, 140
Trd, 4319706.593, 140
Trd, 4319706.693, 140
Trd, 4319706.893, 140
Trd, 4319707.643, 140
Trd, 4319709.543, 140
Trd, 4319709.743, 140
Trd, 4319710.093, 140
Trd, 4319710.393, 140
Trd, 4319710.993, 140
Trd, 4319712.143, 140
Trd, 4319712.993, 140
Trd, 4319715.243, 140
Trd, 4319715.643, 140
Trd, 4319716.243, 140
Trd, 4319717.743, 140
Trd, 4319719.143, 140
Trd, 4319719.643, 140
Trd, 4319719.893, 140
Trd, 4319720.693, 140
Trd, 4319721.293, 140
Trd, 4319721.343, 140
Trd, 4319722.043, 140
Trd, 4319722.393, 138
Trd, 4319723.493, 121
Trd, 4319725.093, 138
Trd, 4319726.043, 129
Trd, 4319727.793, 130
Trd, 4319727.943, 131
Trd, 4319728.093, 132
Trd, 4319728.793, 131
Trd, 4319729.693, 129
Trd, 4319731.143, 74
Trd, 4319731.193, 77
Trd, 4319731.293, 97
Trd, 4319731.393, 132
Trd, 4319731.593, 75
Trd, 4319732.493, 138
Trd, 4319732.843, 73
Trd, 4319733.293, 71
Trd, 4319734.543, 64
Trd, 4319734.893, 64
Trd, 4319736.993, 75
Trd, 4319737.093, 73
Trd, 4319738.243, 84
Trd, 4319738.893, 139
Trd, 4319740.743, 107
Trd, 4319740.893, 95
Trd, 4319741.143, 119
Trd, 4319741.693, 98
Trd, 4319741.993, 98
Trd, 4319742.443, 87
Trd, 4319743.893, 107
Trd, 4319744.493, 105
Trd, 4319745.993, 140
Trd, 4319746.193, 140
Trd, 4319747.393, 88
Trd, 4319748.593, 140
Trd, 4319749.193, 140
Trd, 4319749.693, 140
Trd, 4319751.043, 140
Trd, 4319751.243, 140
Trd, 4319751.943, 140
Trd, 4319754.043, 140
Trd, 4319755.193, 140
Trd, 4319755.893, 140
Trd, 4319756.143, 140
Trd, 4319756.343, 140
Trd, 4319756.943, 140
Trd, 4319757.743, 140
Trd, 4319757.843, 140
Trd, 4319758.043, 140
Trd, 4319758.493, 139
Trd, 4319760.443, 140
Trd, 4319761.243, 140
Trd, 4319763.693, 140
Trd, 4319764.343, 140
Trd, 4319764.393, 140
Trd, 4319765.443, 140
Trd, 4319765.843, 140
Trd, 4319765.893, 140
Trd, 4319766.343, 140
Trd, 4319767.893, 140
Trd, 4319768.243, 140
Trd, 4319768.843, 140
Trd, 4319768.893, 140
Trd, 4319769.143, 139
Trd, 4319769.793, 140
Trd, 4319769.993, 140
Trd, 4319770.693, 135
Trd, 4319771.343, 61
Trd, 4319771.893, 60
Trd, 4319774.543, 60
Trd, 4319774.943, 60
Trd, 4319775.193, 61
Trd, 4319775.293, 62
Trd, 4319776.443, 64
Trd, 4319776.993, 61
Trd, 4319777.293, 63
Trd, 4319777.993, 140
Trd, 4319778.193, 140
Trd, 4319778.443, 140
Trd, 4319779.093, 140
Trd, 4319779.843, 140
Trd, 4319782.093, 140
Trd, 4319783.293, 140
Trd, 4319783.443, 140
Trd, 4319783.593, 135
Trd, 4319784.493, 109
Trd, 4319786.843, 140
Trd, 4319787.593, 140
Trd, 4319787.693, 140
Trd, 4319788.243, 140
Trd, 4319788.543, 140
Trd, 4319789.543, 140
Trd, 4319791.193, 140
Trd, 4319791.943, 140
Trd, 4319792.243, 140
Trd, 4319793.193, 140
Trd, 4319793.943, 140
Trd, 4319794.943, 140
Trd, 4319795.143, 140
Trd, 4319795.243, 140
Trd, 4319796.293, 140
Trd, 4319796.643, 140
Trd, 4319796.893, 140
Trd, 4319797.293, 140
Trd, 4319797.343, 108
Trd, 4319797.993, 140
Trd, 4319798.793, 101
Trd, 4319799.843, 103
Trd, 4319801.293, 140
Trd, 4319802.293, 140
Trd, 4319802.793, 140
Trd, 4319804.493, 128
Trd, 4319805.093, 140
Trd, 4319805.493, 140
Trd, 4319806.243, 140
Trd, 4319806.693, 140
Trd, 4319807.043, 140
Trd, 4319808.393, 140
Trd, 4319808.443, 140
Trd, 4319809.543, 140
Trd, 4319810.643, 140
Trd, 4319810.993, 140
Trd, 4319812.443, 140
Trd, 4319812.543, 140
Trd, 4319813.443, 140
Trd, 4319813.743, 140
Trd, 4319814.693, 140
Trd, 4319814.843, 109
Trd, 4319817.693, 140
Trd, 4319817.943, 140
Trd, 4319818.543, 140
Trd, 4319819.943, 140
Trd, 4319820.893, 140
Trd, 4319821.593, 140
Trd, 4319821.743, 140
Trd, 4319822.043, 140
Trd, 4319822.143, 136
Trd, 4319822.593, 106
Trd, 4319823.293, 60
Trd, 4319823.493, 62
Trd, 4319824.543, 115
Trd, 4319825.143, 100
Trd, 4319825.343, 100
Trd, 4319827.443, 140
Trd, 4319827.643, 140
Trd, 4319828.193, 140
Trd, 4319828.493, 140
Trd, 4319828.743, 140
Trd, 4319830.493, 140
Trd, 4319830.793, 140
Trd, 4319832.843, 140
Trd, 4319833.143, 140
Trd, 4319833.343, 140
Trd, 4319833.593, 140
Trd, 4319834.893, 139
Trd, 4319837.343, 140
Trd, 4319837.543, 140
Trd, 4319837.793, 140
Trd, 4319838.293, 140
Trd, 4319839.043, 140
Trd, 4319839.093, 140
Trd, 4319840.393, 140
Trd, 4319841.193, 140
Trd, 4319842.843, 140
Trd, 4319843.793, 140
Trd, 4319844.643, 140
Trd, 4319845.793, 140
Trd, 4319846.343, 140
Trd, 4319847.393, 140
Trd, 4319848.243, 140
Trd, 4319848.343, 140
Trd, 4319848.793, 140
Trd, 4319848.993, 140
Trd, 4319849.593, 140
Trd, 4319851.143, 140
Trd, 4319852.593, 140
Trd, 4319852.693, 140
Trd, 4319853.743, 140
Trd, 4319853.893, 140
Trd, 4319855.293, 140
Trd, 4319856.343, 140
Trd, 4319856.543, 140
Trd, 4319856.593, 140
Trd, 4319857.393, 140
Trd, 4319857.543, 140
Trd, 4319857.993, 77
Trd, 4319858.143, 78
Trd, 4319858.493, 128
Trd, 4319859.693, 140
Trd, 4319860.243, 140
Trd, 4319862.743, 140
Trd, 4319863.893, 140
Trd, 4319864.243, 140
Trd, 4319864.543, 140
Trd, 4319864.693, 140
Trd, 4319864.743, 140
Trd, 4319865.193, 139
Trd, 4319866.293, 104
Trd, 4319866.343, 140
Trd, 4319866.693, 99
Trd, 4319867.843, 98
Trd, 4319867.893, 97
Trd, 4319868.093, 96
Trd, 4319868.943, 61
Trd, 4319868.993, 62
Trd, 4319869.593, 61
Trd, 4319870.293, 60
Trd, 4319872.093, 66
Trd, 4319873.443, 72
Trd, 4319874.543, 79
Trd, 4319875.193, 123
Trd, 4319876.243, 82
Trd, 4319876.693, 84
Trd, 4319877.093, 84
Trd, 4319877.743, 83
Trd, 4319877.893, 97
Trd, 4319878.043, 97
Trd, 4319878.343, 118
Trd, 4319878.543, 83
Trd, 4319879.143, 110
Trd, 4319880.043, 87
Trd, 4319881.143, 86
Trd, 4319881.943, 62
Trd, 4319882.093, 62
Trd, 4319882.193, 63
Trd, 4319883.493, 132
Trd, 4319884.093, 132
Trd, 4319884.893, 134
Trd, 4319885.443, 136
Trd, 4319885.493, 135
Trd, 4319887.643, 140
Trd, 4319888.643, 140
Trd, 4319889.093, 140
Trd, 4319890.093, 140
Trd, 4319891.393, 140
Trd, 4319891.943, 140
Trd, 4319892.993, 140
Trd, 4319894.043, 140
Trd, 4319894.193, 140
Trd, 4319895.393, 140
Trd, 4319895.543, 140
Trd, 4319896.793, 140
Trd, 4319897.043, 140
Trd, 4319897.243, 140
Trd, 4319897.843, 140
Trd, 4319898.793, 140
Trd, 4319899.393, 140
Trd, 4319900.743, 140
Trd, 4319900.993, 140
Trd, 4319902.393, 140
Trd, 4319902.543, 140
Trd, 4319903.493, 140
Trd, 4319904.443, 140
Trd, 4319904.493, 140
Trd, 4319906.343, 140
Trd, 4319906.643, 140
Trd, 4319907.843, 140
Trd, 4319909.343, 140
Trd, 4319909.743, 140
Trd, 4319910.793, 140
Trd, 4319911.893, 140
Trd, 4319912.343, 140
Trd, 4319913.093, 140
Trd, 4319913.443, 140
Trd, 4319913.893, 140
Trd, 4319914.843, 140
Trd, 4319914.893, 140
Trd, 4319915.543, 140
Trd, 4319915.643, 140
Trd, 4319916.043, 140
Trd, 4319918.443, 140
Trd, 4319918.893, 140
Trd, 4319919.043, 139
Trd, 4319920.143, 140
Trd, 4319920.993, 140
Trd, 4319921.043, 139
Trd, 4319921.943, 112
Trd, 4319923.193, 139
Trd, 4319923.643, 99
Trd, 4319924.743, 140
Trd, 4319926.143, 140
Trd, 4319926.943, 140
Trd, 4319928.693, 140
Trd, 4319928.943, 140
Trd, 4319930.193, 140
Trd, 4319930.493, 140
Trd, 4319930.543, 140
Trd, 4319931.443, 140
Trd, 4319931.743, 140
Trd, 4319933.243, 140
Trd, 4319933.793, 140
Trd, 4319934.143, 139
Trd, 4319934.293, 64
Trd, 4319935.093, 133
Trd, 4319935.143, 134
Trd, 4319936.243, 117
Trd, 4319937.643, 121
Trd, 4319938.093, 97
Trd, 4319938.293, 97
Trd, 4319938.693, 121
Trd, 4319939.193, 99
Trd, 4319940.443, 124
Trd, 4319941.993, 140
Trd, 4319942.343, 140
Trd, 4319942.443, 137
Trd, 4319942.593, 115
Trd, 4319943.843, 96
Trd, 4319945.993, 140
Trd, 4319946.343, 140
Trd, 4319946.443, 140
Trd, 4319946.693, 140
Trd, 4319947.343, 140
Trd, 4319947.393, 139
Trd, 4319948.093, 134
Trd, 4319948.993, 138
Trd, 4319949.443, 135
Trd, 4319949.593, 134
Trd, 4319949.843, 132
Trd, 4319951.093, 62
Trd, 4319952.693, 60
Trd, 4319953.893, 61
Trd, 4319954.393, 62
Trd, 4319954.893, 62
Trd, 4319955.043, 61
Trd, 4319955.743, 60
Trd, 4319956.343, 61
Trd, 4319956.843, 67
Trd, 4319959.243, 60
Trd, 4319959.443, 61
Trd, 4319959.693, 63
Trd, 4319960.493, 140
Trd, 4319960.893, 140
Trd, 4319960.993, 140
Trd, 4319961.743, 140
Trd, 4319962.643, 140
Trd, 4319965.093, 60
Trd, 4319965.693, 60
Trd, 4319965.893, 60
Trd, 4319966.143, 60
Trd, 4319968.343, 60
Trd, 4319968.943, 62
Trd, 4319968.993, 61
Trd, 4319969.493, 60
Trd, 4319969.543, 61
Trd, 4319969.843, 61
Trd, 4319969.893, 62
Trd, 4319970.993, 60
Trd, 4319972.543, 61
Trd, 4319973.243, 61
Trd, 4319973.543, 61
Trd, 4319973.993, 79
Trd, 4319974.193, 80
Trd, 4319974.543, 81
Trd, 4319974.993, 68
Trd, 4319975.893, 140
Trd, 4319977.543, 140
Trd, 4319978.093, 140
Trd, 4319978.643, 140
Trd, 4319978.743, 136
Trd, 4319979.943, 80
Trd, 4319981.193, 90
Trd, 4319981.493, 91
Trd, 4319981.643, 90
Trd, 4319982.043, 92
Trd, 4319982.643, 140
Trd, 4319984.193, 140
Trd, 4319984.443, 140
Trd, 4319985.893, 140
Trd, 4319987.293, 140
Trd, 4319987.443, 140
Trd, 4319987.593, 140
Trd, 4319988.393, 140
Trd, 4319988.693, 140
Trd, 4319989.543, 140
Trd, 4319989.893, 140
Trd, 4319989.993, 140
Trd, 4319990.593, 99
Trd, 4319992.393, 106
Trd, 4319993.343, 107
Trd, 4319994.693, 118
Trd, 4319995.043, 117
Trd, 4319995.093, 115
Trd, 4319996.293, 140
Trd, 4319996.693, 138
Trd, 4319996.893, 136
Trd, 4319997.543, 139
Trd, 4319998.643, 132
Trd, 4319999.993, 136
