Trd, 4318132.593, 137
Trd, 4318132.743, 104
Trd, 4318132.793, 103
Trd, 4318133.293, 98
Trd, 4318134.243, 104
Trd, 4318134.393, 100
Trd, 4318135.393, 78
Trd, 4318136.443, 132
Trd, 4318137.293, 117
Trd, 4318137.843, 113
Trd, 4318138.343, 66
Trd, 4318138.593, 128
Trd, 4318139.943, 107
Trd, 4318140.343, 80
Trd, 4318141.043, 130
Trd, 4318141.343, 105
Trd, 4318142.443, 102
Trd, 4318144.193, 139
Trd, 4318144.543, 129
Trd, 4318144.743, 136
Trd, 4318144.843, 106
Trd, 4318146.193, 117
Trd, 4318146.543, 130
Trd, 4318147.243, 128
Trd, 4318147.743, 129
Trd, 4318148.143, 140
Trd, 4318148.593, 120
Trd, 4318148.693, 108
Trd, 4318151.943, 129
Trd, 4318152.093, 83
Trd, 4318152.243, 75
Trd, 4318153.193, 86
Trd, 4318154.543, 68
Trd, 4318154.643, 105
Trd, 4318154.793, 111
Trd, 4318155.393, 66
Trd, 4318155.793, 100
Trd, 4318156.543, 67
Trd, 4318157.293, 81
Trd, 4318158.343, 121
Trd, 4318158.793, 99
Trd, 4318160.393, 111
Trd, 4318160.943, 111
Trd, 4318162.193, 123
Trd, 4318162.943, 101
Trd, 4318163.643, 135
Trd, 4318164.243, 95
Trd, 4318164.393, 102
Trd, 4318165.593, 80
Trd, 4318165.643, 79
Trd, 4318165.893, 73
Trd, 4318167.393, 64
Trd, 4318167.843, 72
Trd, 4318168.443, 63
Trd, 4318169.193, 127
Trd, 4318169.993, 116
Trd, 4318170.443, 114
Trd, 4318172.143, 82
Trd, 4318172.593, 108
Trd, 4318173.093, 119
Trd, 4318173.943, 86
Trd, 4318174.643, 80
Trd, 4318175.593, 74
Trd, 4318175.843, 88
Trd, 4318176.393, 67
Trd, 4318177.293, 68
Trd, 4318177.843, 109
Trd, 4318179.743, 110
Trd, 4318179.893, 80
Trd, 4318180.943, 111
Trd, 4318181.093, 92
Trd, 4318181.593, 78
Trd, 4318182.543, 111
Trd, 4318182.643, 78
Trd, 4318183.743, 130
Trd, 4318184.193, 107
Trd, 4318184.993, 91
Trd, 4318185.443, 99
Trd, 4318186.393, 127
Trd, 4318186.743, 103
Trd, 4318187.143, 88
Trd, 4318188.243, 94
Trd, 4318189.193, 79
Trd, 4318190.043, 65
Trd, 4318190.843, 96
Trd, 4318191.293, 132
Trd, 4318193.143, 107
Trd, 4318193.893, 129
Trd, 4318194.293, 128
Trd, 4318194.593, 89
Trd, 4318195.293, 134
Trd, 4318195.543, 79
Trd, 4318195.593, 65
Trd, 4318196.543, 114
Trd, 4318197.043, 121
Trd, 4318197.443, 82
Trd, 4318198.043, 127
Trd, 4318198.693, 69
Trd, 4318199.093, 67
Trd, 4318200.243, 111
Trd, 4318200.293, 101
Trd, 4318200.593, 114
Trd, 4318202.143, 112
Trd, 4318203.093, 132
Trd, 4318203.393, 103
Trd, 4318203.743, 94
Trd, 4318204.043, 117
Trd, 4318204.193, 87
Trd, 4318204.743, 113
Trd, 4318206.193, 114
Trd, 4318206.793, 68
Trd, 4318206.843, 103
Trd, 4318207.043, 66
Trd, 4318208.143, 116
Trd, 4318208.743, 84
Trd, 4318209.293, 113
Trd, 4318210.643, 126
Trd, 4318210.793, 121
Trd, 4318212.643, 67
Trd, 4318212.943, 63
Trd, 4318213.643, 64
Trd, 4318214.243, 85
Trd, 4318214.893, 115
Trd, 4318215.093, 86
Trd, 4318216.393, 122
Trd, 4318216.743, 121
Trd, 4318217.493, 116
Trd, 4318218.743, 65
Trd, 4318219.493, 63
Trd, 4318221.193, 86
Trd, 4318221.443, 77
Trd, 4318222.393, 94
Trd, 4318222.843, 103
Trd, 4318223.193, 122
Trd, 4318223.493, 93
Trd, 4318224.093, 130
Trd, 4318224.843, 124
Trd, 4318225.043, 112
Trd, 4318227.043, 96
Trd, 4318227.743, 93
Trd, 4318227.943, 92
Trd, 4318228.043, 89
Trd, 4318228.143, 78
Trd, 4318228.493, 61
Trd, 4318229.393, 128
Trd, 4318230.343, 112
Trd, 4318230.493, 78
Trd, 4318231.693, 115
Trd, 4318232.143, 84
Trd, 4318233.643, 113
Trd, 4318234.543, 116
Trd, 4318234.893, 100
Trd, 4318235.543, 133
Trd, 4318235.793, 93
Trd, 4318236.543, 88
Trd, 4318237.293, 92
Trd, 4318238.293, 82
Trd, 4318238.893, 89
Trd, 4318239.393, 102
Trd, 4318239.643, 88
Trd, 4318241.843, 72
Trd, 4318241.943, 77
Trd, 4318244.043, 132
Trd, 4318244.593, 129
Trd, 4318245.243, 109
Trd, 4318245.993, 115
Trd, 4318246.543, 111
Trd, 4318246.693, 109
Trd, 4318247.243, 139
Trd, 4318247.543, 110
Trd, 4318248.343, 82
Trd, 4318250.343, 97
Trd, 4318251.043, 87
Trd, 4318251.143, 62
Trd, 4318251.593, 118
Trd, 4318252.093, 108
Trd, 4318252.543, 124
Trd, 4318252.643, 96
Trd, 4318254.943, 81
Trd, 4318255.543, 76
Trd, 4318255.843, 107
Trd, 4318256.793, 87
Trd, 4318256.843, 86
Trd, 4318258.993, 138
Trd, 4318260.193, 126
Trd, 4318260.693, 118
Trd, 4318260.943, 111
Trd, 4318261.593, 90
Trd, 4318261.793, 100
Trd, 4318262.543, 116
Trd, 4318263.193, 116
Trd, 4318263.843, 78
Trd, 4318264.843, 95
Trd, 4318266.543, 118
Trd, 4318267.243, 117
Trd, 4318267.543, 103
Trd, 4318268.043, 108
Trd, 4318268.893, 84
Trd, 4318269.443, 106
Trd, 4318271.093, 64
Trd, 4318271.693, 95
Trd, 4318272.093, 110
Trd, 4318273.143, 105
Trd, 4318274.093, 134
Trd, 4318275.293, 89
Trd, 4318276.043, 110
Trd, 4318276.093, 91
Trd, 4318277.693, 118
Trd, 4318277.993, 108
Trd, 4318278.343, 116
Trd, 4318280.643, 134
Trd, 4318280.743, 119
Trd, 4318282.843, 111
Trd, 4318283.193, 111
Trd, 4318283.443, 116
Trd, 4318285.143, 130
Trd, 4318286.293, 119
Trd, 4318286.593, 115
Trd, 4318286.993, 114
Trd, 4318287.043, 110
Trd, 4318287.393, 126
Trd, 4318288.143, 101
Trd, 4318288.543, 126
Trd, 4318289.743, 103
Trd, 4318290.643, 93
Trd, 4318291.143, 126
Trd, 4318292.393, 114
Trd, 4318292.743, 113
Trd, 4318293.843, 99
Trd, 4318294.443, 89
Trd, 4318295.643, 117
Trd, 4318295.843, 74
Trd, 4318296.243, 82
Trd, 4318297.093, 98
Trd, 4318297.343, 131
Trd, 4318299.043, 112
Trd, 4318299.243, 82
Trd, 4318299.643, 99
Trd, 4318300.143, 123
Trd, 4318301.143, 118
Trd, 4318301.443, 137
Trd, 4318302.143, 128
Trd, 4318302.543, 125
Trd, 4318302.893, 119
Trd, 4318303.493, 129
Trd, 4318303.543, 102
Trd, 4318304.093, 87
Trd, 4318304.743, 83
Trd, 4318306.293, 96
Trd, 4318306.493, 66
Trd, 4318308.043, 90
Trd, 4318308.493, 112
Trd, 4318308.793, 123
Trd, 4318309.143, 63
Trd, 4318309.843, 114
Trd, 4318310.193, 66
Trd, 4318310.393, 95
Trd, 4318310.693, 76
Trd, 4318311.493, 66
Trd, 4318311.943, 100
Trd, 4318312.793, 98
Trd, 4318313.093, 78
Trd, 4318313.893, 95
Trd, 4318314.793, 91
Trd, 4318315.193, 79
Trd, 4318315.843, 131
Trd, 4318317.193, 106
Trd, 4318318.393, 136
Trd, 4318318.693, 131
Trd, 4318318.993, 134
Trd, 4318319.293, 136
Trd, 4318320.293, 134
Trd, 4318320.393, 99
Trd, 4318321.493, 76
Trd, 4318322.343, 84
Trd, 4318322.493, 85
Trd, 4318323.493, 135
Trd, 4318324.393, 133
Trd, 4318324.593, 124
Trd, 4318325.093, 125
Trd, 4318325.193, 87
Trd, 4318326.893, 93
Trd, 4318327.893, 103
Trd, 4318328.543, 81
Trd, 4318329.193, 70
Trd, 4318329.343, 81
Trd, 4318330.543, 75
Trd, 4318330.693, 139
Trd, 4318332.243, 129
Trd, 4318332.643, 89
Trd, 4318333.193, 103
Trd, 4318334.143, 95
Trd, 4318335.393, 78
Trd, 4318336.293, 108
Trd, 4318336.593, 126
Trd, 4318336.993, 135
Trd, 4318337.843, 92
Trd, 4318339.393, 139
Trd, 4318339.693, 137
Trd, 4318340.093, 138
Trd, 4318340.193, 122
Trd, 4318340.693, 123
Trd, 4318341.593, 114
Trd, 4318342.543, 116
Trd, 4318343.243, 91
Trd, 4318344.193, 93
Trd, 4318345.143, 131
Trd, 4318345.693, 94
Trd, 4318346.193, 124
Trd, 4318346.843, 130
Trd, 4318347.393, 110
Trd, 4318348.343, 102
Trd, 4318348.943, 70
Trd, 4318351.793, 134
Trd, 4318352.093, 116
Trd, 4318352.843, 133
Trd, 4318352.993, 112
Trd, 4318353.643, 87
Trd, 4318354.243, 134
Trd, 4318354.643, 117
Trd, 4318355.043, 135
Trd, 4318355.293, 111
Trd, 4318356.443, 113
Trd, 4318356.843, 103
Trd, 4318357.193, 126
Trd, 4318358.093, 60
Trd, 4318358.743, 108
Trd, 4318359.193, 73
Trd, 4318359.293, 64
Trd, 4318359.793, 124
Trd, 4318360.143, 116
Trd, 4318362.193, 110
Trd, 4318362.543, 102
Trd, 4318363.543, 89
Trd, 4318364.643, 137
Trd, 4318364.843, 111
Trd, 4318365.193, 92
Trd, 4318365.643, 134
Trd, 4318366.543, 109
Trd, 4318367.143, 128
Trd, 4318368.693, 83
Trd, 4318370.293, 108
Trd, 4318370.593, 106
Trd, 4318371.043, 99
Trd, 4318371.843, 134
Trd, 4318372.543, 135
Trd, 4318372.943, 138
Trd, 4318373.643, 119
Trd, 4318374.343, 126
Trd, 4318376.193, 123
Trd, 4318376.293, 127
Trd, 4318377.793, 138
Trd, 4318378.843, 125
Trd, 4318379.343, 101
Trd, 4318379.693, 126
Trd, 4318379.793, 82
Trd, 4318380.293, 105
Trd, 4318381.743, 102
Trd, 4318382.593, 104
Trd, 4318383.893, 84
Trd, 4318384.493, 129
Trd, 4318384.893, 103
Trd, 4318385.393, 129
Trd, 4318386.393, 130
Trd, 4318386.743, 107
Trd, 4318386.943, 77
Trd, 4318387.643, 86
Trd, 4318387.943, 112
Trd, 4318388.793, 93
Trd, 4318389.193, 82
Trd, 4318389.893, 96
Trd, 4318391.093, 133
Trd, 4318391.143, 102
Trd, 4318391.843, 76
Trd, 4318392.943, 95
Trd, 4318393.193, 66
Trd, 4318393.493, 66
Trd, 4318393.793, 138
Trd, 4318394.643, 108
Trd, 4318396.043, 61
Trd, 4318398.343, 107
Trd, 4318399.093, 112
Trd, 4318399.343, 107
Trd, 4318399.443, 104
Trd, 4318399.543, 115
Trd, 4318400.143, 139
Trd, 4318400.943, 76
Trd, 4318402.043, 139
Trd, 4318403.143, 134
Trd, 4318404.693, 130
Trd, 4318404.943, 122
Trd, 4318405.143, 117
Trd, 4318405.193, 114
Trd, 4318405.393, 112
Trd, 4318405.693, 112
Trd, 4318405.793, 129
Trd, 4318407.093, 139
Trd, 4318409.793, 132
Trd, 4318410.393, 126
Trd, 4318410.493, 116
Trd, 4318410.943, 110
Trd, 4318411.543, 137
Trd, 4318411.693, 83
Trd, 4318411.943, 79
Trd, 4318413.743, 127
Trd, 4318413.943, 84
Trd, 4318415.193, 112
Trd, 4318415.593, 122
Trd, 4318416.743, 81
Trd, 4318417.593, 78
Trd, 4318418.243, 104
Trd, 4318418.843, 65
Trd, 4318419.393, 118
Trd, 4318419.743, 114
Trd, 4318419.843, 93
Trd, 4318420.643, 127
Trd, 4318421.393, 127
Trd, 4318422.043, 119
Trd, 4318422.943, 132
Trd, 4318423.943, 90
Trd, 4318424.493, 111
Trd, 4318425.343, 98
Trd, 4318425.543, 82
Trd, 4318426.993, 125
Trd, 4318428.343, 110
Trd, 4318428.843, 100
Trd, 4318429.193, 102
Trd, 4318429.293, 82
Trd, 4318429.843, 134
Trd, 4318430.193, 82
Trd, 4318430.543, 78
Trd, 4318432.343, 91
Trd, 4318432.843, 139
Trd, 4318433.743, 94
Trd, 4318434.243, 110
Trd, 4318434.643, 92
Trd, 4318435.993, 128
Trd, 4318436.843, 84
Trd, 4318436.993, 75
Trd, 4318437.743, 111
Trd, 4318437.943, 74
Trd, 4318438.943, 139
Trd, 4318439.793, 108
Trd, 4318441.293, 93
Trd, 4318441.393, 92
Trd, 4318441.543, 76
Trd, 4318442.593, 75
Trd, 4318442.743, 107
Trd, 4318444.343, 133
Trd, 4318444.493, 113
Trd, 4318445.043, 136
Trd, 4318445.243, 123
Trd, 4318446.593, 96
Trd, 4318446.643, 82
Trd, 4318448.693, 118
Trd, 4318449.393, 98
Trd, 4318450.443, 95
Trd, 4318450.543, 94
Trd, 4318450.993, 128
Trd, 4318451.293, 102
Trd, 4318452.743, 99
Trd, 4318453.943, 100
Trd, 4318454.393, 100
Trd, 4318455.993, 127
Trd, 4318456.543, 128
Trd, 4318456.743, 80
Trd, 4318456.843, 82
Trd, 4318457.043, 97
Trd, 4318459.593, 83
Trd, 4318459.643, 85
Trd, 4318460.493, 94
Trd, 4318460.793, 97
Trd, 4318461.943, 92
Trd, 4318462.143, 134
Trd, 4318462.743, 128
Trd, 4318463.093, 117
Trd, 4318463.143, 76
Trd, 4318463.643, 87
Trd, 4318465.143, 72
Trd, 4318466.043, 86
Trd, 4318466.543, 112
Trd, 4318466.943, 125
Trd, 4318467.243, 108
Trd, 4318468.093, 135
Trd, 4318468.893, 121
Trd, 4318469.593, 117
Trd, 4318470.643, 125
Trd, 4318470.793, 94
Trd, 4318472.143, 102
Trd, 4318473.393, 138
Trd, 4318474.693, 127
Trd, 4318475.593, 107
Trd, 4318475.643, 103
Trd, 4318476.043, 103
Trd, 4318476.843, 99
Trd, 4318477.143, 92
Trd, 4318478.543, 66
Trd, 4318479.143, 114
Trd, 4318479.493, 118
Trd, 4318480.493, 107
Trd, 4318481.043, 134
Trd, 4318481.243, 121
Trd, 4318481.443, 105
Trd, 4318482.943, 73
Trd, 4318482.993, 96
Trd, 4318484.543, 80
Trd, 4318485.043, 101
Trd, 4318485.443, 127
Trd, 4318485.493, 86
Trd, 4318486.243, 127
Trd, 4318487.593, 119
Trd, 4318488.093, 105
Trd, 4318489.743, 127
Trd, 4318490.293, 119
Trd, 4318490.443, 96
Trd, 4318491.293, 136
Trd, 4318491.693, 129
Trd, 4318492.143, 93
Trd, 4318492.193, 131
Trd, 4318492.993, 124
Trd, 4318493.293, 108
Trd, 4318493.793, 134
Trd, 4318494.543, 75
Trd, 4318494.643, 120
Trd, 4318495.693, 94
Trd, 4318496.193, 68
Trd, 4318496.993, 110
Trd, 4318497.543, 122
Trd, 4318499.243, 139
Trd, 4318499.543, 122
Trd, 4318499.643, 106
Trd, 4318500.043, 103
Trd, 4318500.493, 80
Trd, 4318501.293, 98
Trd, 4318501.793, 134
Trd, 4318502.843, 91
Trd, 4318503.193, 84
Trd, 4318503.943, 84
Trd, 4318504.843, 99
Trd, 4318506.193, 117
Trd, 4318507.093, 134
Trd, 4318507.643, 108
Trd, 4318510.143, 120
Trd, 4318510.443, 88
Trd, 4318511.343, 110
Trd, 4318511.643, 85
Trd, 4318511.793, 80
Trd, 4318512.543, 104
Trd, 4318512.643, 79
Trd, 4318513.193, 61
Trd, 4318513.593, 73
Trd, 4318513.743, 100
Trd, 4318514.893, 63
Trd, 4318516.293, 131
Trd, 4318516.343, 105
Trd, 4318516.643, 95
Trd, 4318517.293, 105
Trd, 4318518.043, 93
Trd, 4318518.443, 97
Trd, 4318518.693, 112
Trd, 4318519.943, 106
Trd, 4318520.743, 123
Trd, 4318520.893, 110
Trd, 4318521.143, 111
Trd, 4318521.443, 94
Trd, 4318523.893, 117
Trd, 4318524.093, 109
Trd, 4318525.193, 117
Trd, 4318525.393, 124
Trd, 4318526.443, 135
Trd, 4318527.193, 113
Trd, 4318527.443, 112
Trd, 4318528.493, 129
Trd, 4318529.643, 126
Trd, 4318530.493, 104
Trd, 4318530.693, 103
Trd, 4318531.093, 83
Trd, 4318531.893, 134
Trd, 4318532.193, 122
Trd, 4318532.243, 96
Trd, 4318532.893, 92
Trd, 4318533.393, 89
Trd, 4318536.043, 99
Trd, 4318536.743, 125
Trd, 4318536.943, 91
Trd, 4318537.093, 120
Trd, 4318537.343, 110
Trd, 4318538.293, 118
Trd, 4318538.843, 119
Trd, 4318539.343, 113
Trd, 4318541.143, 101
Trd, 4318541.693, 127
Trd, 4318542.193, 137
Trd, 4318543.493, 101
Trd, 4318544.843, 106
Trd, 4318544.993, 110
Trd, 4318546.143, 86
Trd, 4318546.393, 93
Trd, 4318547.543, 116
Trd, 4318548.043, 107
Trd, 4318548.243, 107
Trd, 4318548.443, 106
Trd, 4318548.693, 91
Trd, 4318550.043, 109
Trd, 4318551.593, 98
Trd, 4318551.893, 92
Trd, 4318552.243, 129
Trd, 4318552.543, 112
Trd, 4318553.793, 140
Trd, 4318554.093, 66
Trd, 4318556.243, 104
Trd, 4318557.043, 120
Trd, 4318557.293, 117
Trd, 4318557.743, 89
Trd, 4318559.143, 88
Trd, 4318559.243, 90
Trd, 4318559.743, 99
Trd, 4318560.943, 114
Trd, 4318560.993, 113
Trd, 4318561.643, 60
Trd, 4318563.643, 90
Trd, 4318563.693, 100
Trd, 4318565.393, 64
Trd, 4318566.393, 69
Trd, 4318566.543, 87
Trd, 4318566.893, 87
Trd, 4318567.543, 99
Trd, 4318567.643, 123
Trd, 4318570.393, 114
Trd, 4318570.643, 92
Trd, 4318571.493, 124
Trd, 4318572.143, 129
Trd, 4318572.343, 139
Trd, 4318573.343, 80
Trd, 4318573.943, 67
Trd, 4318573.993, 99
Trd, 4318575.493, 90
Trd, 4318576.743, 129
Trd, 4318576.893, 117
Trd, 4318577.243, 112
Trd, 4318577.293, 103
Trd, 4318578.043, 114
Trd, 4318578.093, 90
Trd, 4318578.993, 93
Trd, 4318579.393, 112
Trd, 4318580.743, 119
Trd, 4318581.243, 91
Trd, 4318582.443, 88
Trd, 4318583.043, 74
Trd, 4318583.343, 120
Trd, 4318584.293, 135
Trd, 4318584.393, 126
Trd, 4318585.243, 109
Trd, 4318585.493, 93
Trd, 4318586.193, 61
Trd, 4318586.693, 72
Trd, 4318587.693, 67
Trd, 4318587.743, 74
Trd, 4318588.693, 104
Trd, 4318588.743, 100
Trd, 4318589.143, 116
Trd, 4318589.843, 113
Trd, 4318590.243, 132
Trd, 4318591.393, 138
Trd, 4318593.093, 71
Trd, 4318593.193, 82
Trd, 4318594.243, 131
Trd, 4318594.893, 122
Trd, 4318596.893, 139
Trd, 4318597.443, 123
Trd, 4318598.043, 106
Trd, 4318598.443, 85
Trd, 4318600.193, 138
Trd, 4318600.843, 110
Trd, 4318601.293, 72
Trd, 4318601.593, 96
Trd, 4318601.943, 67
Trd, 4318602.643, 87
Trd, 4318603.893, 117
Trd, 4318604.043, 98
Trd, 4318604.243, 94
Trd, 4318605.443, 133
Trd, 4318605.693, 131
Trd, 4318605.843, 100
Trd, 4318607.143, 101
Trd, 4318607.593, 88
Trd, 4318608.093, 115
Trd, 4318609.643, 91
Trd, 4318610.143, 114
Trd, 4318611.293, 85
Trd, 4318611.693, 93
Trd, 4318612.193, 139
Trd, 4318612.893, 140
Trd, 4318614.093, 79
Trd, 4318614.143, 87
Trd, 4318614.893, 102
Trd, 4318615.993, 63
Trd, 4318617.043, 100
Trd, 4318618.093, 95
Trd, 4318618.543, 116
Trd, 4318618.993, 98
Trd, 4318619.843, 106
Trd, 4318620.043, 95
Trd, 4318620.893, 105
Trd, 4318621.893, 116
Trd, 4318622.543, 106
Trd, 4318622.893, 127
Trd, 4318623.093, 98
Trd, 4318623.793, 67
Trd, 4318626.293, 128
Trd, 4318626.943, 120
Trd, 4318627.893, 100
Trd, 4318628.193, 95
Trd, 4318628.343, 87
Trd, 4318628.443, 101
Trd, 4318628.943, 87
Trd, 4318629.743, 112
Trd, 4318630.393, 85
Trd, 4318631.543, 100
Trd, 4318632.393, 114
Trd, 4318632.643, 61
Trd, 4318633.443, 92
Trd, 4318633.793, 91
Trd, 4318634.843, 140
Trd, 4318635.743, 135
Trd, 4318636.093, 108
Trd, 4318636.893, 138
Trd, 4318637.093, 82
Trd, 4318637.893, 110
Trd, 4318637.943, 78
Trd, 4318640.443, 138
Trd, 4318642.593, 137
Trd, 4318642.793, 92
Trd, 4318643.443, 110
Trd, 4318643.943, 129
Trd, 4318643.993, 94
Trd, 4318644.343, 99
Trd, 4318646.643, 79
Trd, 4318646.943, 119
Trd, 4318647.343, 104
Trd, 4318648.343, 74
Trd, 4318648.943, 80
Trd, 4318649.293, 121
Trd, 4318649.743, 113
Trd, 4318650.943, 117
Trd, 4318651.093, 79
Trd, 4318651.293, 92
Trd, 4318651.843, 72
Trd, 4318652.893, 85
Trd, 4318653.893, 109
Trd, 4318654.043, 127
Trd, 4318655.693, 105
Trd, 4318656.043, 123
Trd, 4318656.743, 103
Trd, 4318656.793, 94
Trd, 4318657.793, 103
Trd, 4318658.193, 86
Trd, 4318660.343, 102
Trd, 4318661.793, 113
Trd, 4318662.093, 81
Trd, 4318662.793, 102
Trd, 4318663.593, 86
Trd, 4318664.243, 124
Trd, 4318664.343, 106
Trd, 4318665.943, 77
Trd, 4318666.193, 77
Trd, 4318666.493, 106
Trd, 4318667.993, 70
Trd, 4318668.793, 91
Trd, 4318669.043, 89
Trd, 4318669.143, 116
Trd, 4318670.243, 76
Trd, 4318671.093, 62
Trd, 4318671.293, 83
Trd, 4318672.593, 131
Trd, 4318672.793, 100
Trd, 4318673.693, 134
Trd, 4318675.943, 122
Trd, 4318676.443, 118
Trd, 4318676.543, 114
Trd, 4318676.843, 105
Trd, 4318677.043, 138
Trd, 4318677.793, 135
Trd, 4318678.543, 78
Trd, 4318679.943, 99
Trd, 4318680.143, 72
Trd, 4318681.743, 83
Trd, 4318681.843, 105
Trd, 4318682.743, 90
Trd, 4318683.193, 80
Trd, 4318683.643, 70
Trd, 4318684.443, 133
Trd, 4318684.693, 103
Trd, 4318686.143, 92
Trd, 4318686.993, 134
Trd, 4318687.543, 105
Trd, 4318688.443, 133
Trd, 4318689.193, 129
Trd, 4318689.943, 109
Trd, 4318690.393, 112
Trd, 4318690.893, 132
Trd, 4318691.393, 117
Trd, 4318691.693, 95
Trd, 4318691.993, 111
Trd, 4318693.243, 78
Trd, 4318693.793, 138
Trd, 4318694.443, 85
Trd, 4318694.793, 80
Trd, 4318695.343, 107
Trd, 4318695.593, 97
Trd, 4318696.693, 83
Trd, 4318696.843, 124
Trd, 4318697.793, 78
Trd, 4318698.243, 110
Trd, 4318698.393, 74
Trd, 4318698.443, 72
Trd, 4318701.143, 132
Trd, 4318701.343, 123
Trd, 4318701.493, 105
Trd, 4318702.193, 118
Trd, 4318702.693, 94
Trd, 4318704.143, 119
Trd, 4318705.643, 61
Trd, 4318705.993, 131
Trd, 4318706.543, 66
Trd, 4318708.193, 89
Trd, 4318708.893, 105
Trd, 4318708.993, 103
Trd, 4318709.193, 106
Trd, 4318709.343, 86
Trd, 4318709.793, 136
Trd, 4318710.193, 131
Trd, 4318710.643, 69
Trd, 4318711.043, 82
Trd, 4318711.993, 127
Trd, 4318712.093, 119
Trd, 4318712.193, 106
Trd, 4318713.543, 72
Trd, 4318714.193, 112
Trd, 4318715.093, 64
Trd, 4318716.243, 93
Trd, 4318716.493, 83
Trd, 4318716.893, 103
Trd, 4318717.043, 118
Trd, 4318718.993, 124
Trd, 4318719.343, 82
Trd, 4318719.643, 100
Trd, 4318719.893, 140
Trd, 4318720.343, 135
Trd, 4318721.343, 103
Trd, 4318721.793, 82
Trd, 4318722.743, 134
Trd, 4318722.943, 119
Trd, 4318723.493, 118
Trd, 4318723.543, 116
Trd, 4318724.843, 96
Trd, 4318725.593, 128
Trd, 4318726.843, 103
Trd, 4318726.943, 127
Trd, 4318728.393, 132
Trd, 4318729.793, 122
Trd, 4318730.493, 115
Trd, 4318730.693, 115
Trd, 4318731.543, 109
Trd, 4318732.043, 125
Trd, 4318732.243, 107
Trd, 4318733.993, 71
Trd, 4318735.043, 74
Trd, 4318735.143, 91
Trd, 4318736.843, 90
Trd, 4318737.143, 105
Trd, 4318737.693, 126
Trd, 4318739.143, 113
Trd, 4318739.193, 93
Trd, 4318739.243, 93
Trd, 4318740.693, 61
Trd, 4318740.793, 94
Trd, 4318742.043, 101
Trd, 4318742.543, 85
Trd, 4318743.293, 94
Trd, 4318743.843, 134
Trd, 4318744.193, 72
Trd, 4318744.893, 112
Trd, 4318745.193, 113
Trd, 4318746.043, 97
Trd, 4318746.393, 113
Trd, 4318746.643, 78
Trd, 4318747.543, 65
Trd, 4318747.943, 66
Trd, 4318748.493, 70
Trd, 4318749.493, 128
Trd, 4318750.043, 68
Trd, 4318751.893, 86
Trd, 4318752.643, 66
Trd, 4318754.393, 126
Trd, 4318754.493, 116
Trd, 4318755.343, 65
Trd, 4318755.643, 129
Trd, 4318755.693, 75
Trd, 4318756.643, 97
Trd, 4318756.893, 140
Trd, 4318757.943, 139
Trd, 4318758.743, 137
Trd, 4318760.493, 131
Trd, 4318761.093, 126
Trd, 4318761.343, 118
Trd, 4318761.593, 133
Trd, 4318762.193, 103
Trd, 4318762.393, 79
Trd, 4318764.243, 78
Trd, 4318764.793, 76
Trd, 4318765.043, 81
Trd, 4318765.543, 84
Trd, 4318766.193, 133
Trd, 4318766.443, 74
Trd, 4318767.943, 105
Trd, 4318768.043, 111
Trd, 4318768.843, 91
Trd, 4318770.193, 88
Trd, 4318770.493, 89
Trd, 4318770.793, 112
Trd, 4318771.693, 101
Trd, 4318771.793, 72
Trd, 4318772.393, 85
Trd, 4318772.893, 61
Trd, 4318772.943, 69
Trd, 4318773.193, 108
Trd, 4318773.943, 69
Trd, 4318774.893, 108
Trd, 4318775.943, 100
Trd, 4318775.993, 120
Trd, 4318778.193, 76
Trd, 4318778.943, 84
Trd, 4318779.293, 100
Trd, 4318781.043, 79
Trd, 4318781.143, 84
Trd, 4318781.843, 84
Trd, 4318782.593, 114
Trd, 4318783.093, 84
Trd, 4318783.343, 131
Trd, 4318785.943, 106
Trd, 4318786.593, 121
Trd, 4318786.843, 116
Trd, 4318787.193, 89
Trd, 4318787.693, 88
Trd, 4318788.043, 89
Trd, 4318788.793, 134
Trd, 4318789.693, 118
Trd, 4318790.293, 104
Trd, 4318791.043, 130
Trd, 4318791.393, 91
Trd, 4318791.643, 75
Trd, 4318793.493, 88
Trd, 4318793.643, 112
Trd, 4318794.093, 97
Trd, 4318794.493, 119
Trd, 4318795.193, 71
Trd, 4318795.543, 107
Trd, 4318796.643, 97
Trd, 4318798.243, 126
Trd, 4318799.343, 93
Trd, 4318799.393, 127
Trd, 4318799.793, 91
Trd, 4318800.143, 73
Trd, 4318800.293, 64
Trd, 4318801.643, 115
Trd, 4318802.043, 110
Trd, 4318802.293, 108
Trd, 4318802.393, 112
Trd, 4318803.593, 125
Trd, 4318803.643, 120
Trd, 4318804.543, 100
Trd, 4318805.793, 111
Trd, 4318805.993, 122
Trd, 4318806.143, 85
Trd, 4318806.493, 95
Trd, 4318807.993, 112
Trd, 4318808.493, 114
Trd, 4318809.243, 111
Trd, 4318810.293, 132
Trd, 4318810.343, 91
Trd, 4318811.443, 94
Trd, 4318811.693, 87
Trd, 4318811.943, 136
Trd, 4318812.043, 119
Trd, 4318812.143, 102
Trd, 4318812.493, 78
Trd, 4318815.293, 76
Trd, 4318815.743, 110
Trd, 4318816.343, 84
Trd, 4318816.793, 102
Trd, 4318818.293, 113
Trd, 4318818.593, 84
Trd, 4318818.793, 92
Trd, 4318819.093, 68
Trd, 4318819.993, 75
Trd, 4318821.743, 86
Trd, 4318822.343, 76
Trd, 4318823.243, 124
Trd, 4318823.493, 68
Trd, 4318823.643, 94
Trd, 4318824.393, 134
Trd, 4318825.343, 117
Trd, 4318826.193, 108
Trd, 4318826.943, 107
Trd, 4318827.943, 101
Trd, 4318829.143, 122
Trd, 4318829.343, 83
Trd, 4318829.943, 88
Trd, 4318832.093, 133
Trd, 4318833.093, 104
Trd, 4318833.443, 116
Trd, 4318833.493, 113
Trd, 4318833.693, 94
Trd, 4318834.043, 70
Trd, 4318836.043, 61
Trd, 4318837.043, 119
Trd, 4318837.543, 76
Trd, 4318838.243, 78
Trd, 4318839.493, 72
Trd, 4318840.843, 63
Trd, 4318841.343, 73
Trd, 4318841.793, 67
Trd, 4318842.393, 137
Trd, 4318843.093, 100
Trd, 4318843.343, 79
Trd, 4318844.193, 91
Trd, 4318844.443, 85
Trd, 4318845.043, 135
Trd, 4318845.793, 69
Trd, 4318847.293, 104
Trd, 4318847.343, 83
Trd, 4318847.743, 79
Trd, 4318848.193, 88
Trd, 4318850.693, 107
Trd, 4318851.243, 107
Trd, 4318851.893, 81
Trd, 4318852.643, 77
Trd, 4318853.293, 72
Trd, 4318853.443, 130
Trd, 4318853.993, 137
Trd, 4318854.543, 121
Trd, 4318854.843, 118
Trd, 4318855.993, 106
Trd, 4318856.393, 100
Trd, 4318857.593, 125
Trd, 4318857.893, 91
Trd, 4318858.343, 136
Trd, 4318859.093, 103
Trd, 4318859.693, 113
Trd, 4318859.943, 105
Trd, 4318860.243, 84
Trd, 4318861.143, 68
Trd, 4318861.693, 100
Trd, 4318862.443, 120
Trd, 4318863.493, 120
Trd, 4318864.143, 117
Trd, 4318866.793, 136
Trd, 4318867.243, 136
Trd, 4318867.493, 126
Trd, 4318867.793, 107
Trd, 4318868.243, 65
Trd, 4318868.793, 115
Trd, 4318868.943, 110
Trd, 4318871.093, 102
Trd, 4318871.693, 127
Trd, 4318872.943, 136
Trd, 4318873.043, 120
Trd, 4318873.693, 113
Trd, 4318874.593, 90
Trd, 4318875.443, 108
Trd, 4318875.993, 78
Trd, 4318876.393, 80
Trd, 4318876.943, 76
Trd, 4318877.143, 80
Trd, 4318877.843, 82
Trd, 4318878.443, 91
Trd, 4318878.943, 98
Trd, 4318879.393, 102
Trd, 4318880.543, 125
Trd, 4318881.093, 64
Trd, 4318882.143, 120
Trd, 4318882.793, 104
Trd, 4318883.693, 93
Trd, 4318883.843, 89
Trd, 4318884.293, 71
Trd, 4318884.843, 108
Trd, 4318885.543, 98
Trd, 4318886.043, 135
Trd, 4318886.943, 90
Trd, 4318887.293, 95
Trd, 4318888.343, 119
Trd, 4318889.643, 110
Trd, 4318890.143, 96
Trd, 4318890.793, 80
Trd, 4318893.293, 128
Trd, 4318893.743, 121
Trd, 4318894.043, 108
Trd, 4318894.093, 105
Trd, 4318894.243, 112
Trd, 4318894.593, 102
Trd, 4318895.343, 132
Trd, 4318895.443, 97
Trd, 4318896.493, 67
Trd, 4318897.243, 106
Trd, 4318898.643, 70
Trd, 4318898.993, 104
Trd, 4318899.493, 64
Trd, 4318900.243, 134
Trd, 4318900.943, 125
Trd, 4318902.093, 113
Trd, 4318902.243, 106
Trd, 4318902.443, 72
Trd, 4318903.143, 127
Trd, 4318903.493, 120
Trd, 4318905.343, 69
Trd, 4318906.043, 90
Trd, 4318906.243, 102
Trd, 4318906.693, 128
Trd, 4318907.393, 104
Trd, 4318907.793, 125
Trd, 4318908.043, 140
Trd, 4318908.743, 92
Trd, 4318909.643, 69
Trd, 4318910.443, 124
Trd, 4318911.293, 139
Trd, 4318911.343, 137
Trd, 4318912.543, 106
Trd, 4318912.593, 94
Trd, 4318913.343, 84
Trd, 4318914.893, 99
Trd, 4318914.993, 123
Trd, 4318915.493, 91
Trd, 4318915.693, 111
Trd, 4318918.493, 120
Trd, 4318919.393, 102
Trd, 4318919.543, 113
Trd, 4318920.693, 77
Trd, 4318920.843, 102
Trd, 4318921.443, 71
Trd, 4318921.693, 77
Trd, 4318922.893, 76
Trd, 4318923.293, 89
Trd, 4318924.543, 129
Trd, 4318925.043, 117
Trd, 4318925.343, 118
Trd, 4318925.493, 112
Trd, 4318926.293, 103
Trd, 4318927.493, 140
Trd, 4318928.693, 128
Trd, 4318928.993, 133
Trd, 4318929.443, 112
Trd, 4318930.393, 110
Trd, 4318931.493, 136
Trd, 4318931.593, 133
Trd, 4318931.893, 130
Trd, 4318932.543, 122
Trd, 4318933.943, 119
Trd, 4318934.443, 133
Trd, 4318934.643, 115
Trd, 4318935.093, 94
Trd, 4318935.993, 140
Trd, 4318938.343, 126
Trd, 4318938.743, 129
Trd, 4318939.243, 115
Trd, 4318939.993, 132
Trd, 4318940.193, 137
Trd, 4318940.343, 97
Trd, 4318940.993, 126
Trd, 4318942.393, 109
Trd, 4318942.493, 107
Trd, 4318944.893, 117
Trd, 4318944.993, 137
Trd, 4318945.143, 105
Trd, 4318946.493, 138
Trd, 4318946.793, 120
Trd, 4318948.493, 98
Trd, 4318948.743, 88
Trd, 4318948.943, 116
Trd, 4318949.643, 76
Trd, 4318949.893, 110
Trd, 4318950.643, 135
Trd, 4318951.743, 138
Trd, 4318952.193, 91
Trd, 4318953.143, 104
Trd, 4318953.493, 83
Trd, 4318955.493, 123
Trd, 4318955.893, 115
Trd, 4318956.593, 122
Trd, 4318956.643, 106
Trd, 4318957.443, 97
Trd, 4318958.143, 126
Trd, 4318958.593, 135
Trd, 4318958.943, 108
Trd, 4318959.493, 109
Trd, 4318960.643, 98
Trd, 4318960.843, 129
Trd, 4318962.493, 139
Trd, 4318963.693, 115
Trd, 4318963.843, 133
Trd, 4318964.343, 131
Trd, 4318964.943, 78
Trd, 4318965.293, 86
Trd, 4318966.793, 134
Trd, 4318966.843, 111
Trd, 4318967.293, 116
Trd, 4318967.793, 119
Trd, 4318969.493, 137
Trd, 4318970.493, 127
Trd, 4318971.993, 111
Trd, 4318972.743, 120
Trd, 4318973.893, 134
Trd, 4318974.043, 119
Trd, 4318974.793, 127
Trd, 4318974.843, 105
Trd, 4318975.343, 132
Trd, 4318977.193, 119
Trd, 4318977.543, 101
Trd, 4318978.193, 95
Trd, 4318978.843, 119
Trd, 4318978.993, 98
Trd, 4318979.643, 100
Trd, 4318980.193, 68
Trd, 4318980.743, 79
Trd, 4318982.793, 138
Trd, 4318983.443, 94
Trd, 4318983.943, 100
Trd, 4318985.443, 91
Trd, 4318986.143, 115
Trd, 4318986.593, 79
Trd, 4318986.893, 89
Trd, 4318988.293, 79
Trd, 4318988.393, 69
Trd, 4318989.443, 88
Trd, 4318991.493, 128
Trd, 4318992.693, 128
Trd, 4318992.843, 122
Trd, 4318992.993, 121
Trd, 4318993.343, 110
Trd, 4318994.393, 121
Trd, 4318994.993, 95
Trd, 4318995.093, 103
Trd, 4318995.393, 80
Trd, 4318996.293, 99
Trd, 4318996.443, 95
Trd, 4318999.593, 123
Trd, 4319000.193, 123
Trd, 4319000.543, 92
Trd, 4319001.893, 137
Trd, 4319002.043, 130
Trd, 4319002.143, 109
Trd, 4319002.943, 101
Trd, 4319004.243, 110
Trd, 4319005.443, 118
Trd, 4319005.943, 129
Trd, 4319006.143, 114
Trd, 4319006.593, 115
Trd, 4319007.943, 140
Trd, 4319008.993, 124
Trd, 4319010.143, 78
Trd, 4319010.543, 126
Trd, 4319011.243, 97
Trd, 4319012.693, 119
Trd, 4319013.093, 93
Trd, 4319013.493, 102
Trd, 4319013.593, 111
Trd, 4319014.343, 138
Trd, 4319014.693, 125
Trd, 4319015.993, 128
Trd, 4319016.693, 131
Trd, 4319018.543, 125
Trd, 4319018.793, 125
Trd, 4319019.243, 124
Trd, 4319019.743, 120
Trd, 4319020.343, 100
Trd, 4319020.643, 104
Trd, 4319021.893, 132
Trd, 4319022.193, 114
Trd, 4319022.593, 85
Trd, 4319022.793, 84
Trd, 4319023.193, 78
Trd, 4319023.993, 108
Trd, 4319024.593, 129
Trd, 4319025.143, 89
Trd, 4319026.043, 110
Trd, 4319026.593, 120
Trd, 4319027.693, 119
Trd, 4319027.993, 100
Trd, 4319029.243, 125
Trd, 4319029.643, 105
Trd, 4319031.543, 93
Trd, 4319033.043, 130
Trd, 4319033.543, 112
Trd, 4319033.643, 124
Trd, 4319034.243, 124
Trd, 4319035.293, 137
Trd, 4319035.543, 122
Trd, 4319036.793, 128
Trd, 4319037.393, 106
Trd, 4319037.993, 94
Trd, 4319038.993, 80
Trd, 4319040.393, 138
Trd, 4319041.043, 109
Trd, 4319043.043, 137
Trd, 4319043.543, 126
Trd, 4319044.743, 133
Trd, 4319044.843, 131
Trd, 4319046.793, 128
Trd, 4319046.893, 115
Trd, 4319047.093, 121
Trd, 4319048.093, 100
Trd, 4319048.243, 88
Trd, 4319049.393, 128
Trd, 4319050.793, 135
Trd, 4319051.043, 124
Trd, 4319051.093, 119
Trd, 4319051.143, 111
Trd, 4319051.443, 104
Trd, 4319051.843, 95
Trd, 4319052.343, 65
Trd, 4319054.843, 85
Trd, 4319055.993, 84
Trd, 4319056.593, 82
Trd, 4319056.693, 111
Trd, 4319056.993, 118
Trd, 4319057.743, 113
Trd, 4319058.493, 85
Trd, 4319059.043, 105
Trd, 4319059.793, 94
Trd, 4319060.793, 123
Trd, 4319061.343, 119
Trd, 4319062.493, 108
Trd, 4319062.543, 73
Trd, 4319063.043, 66
Trd, 4319064.343, 129
Trd, 4319065.293, 125
Trd, 4319066.093, 118
Trd, 4319066.193, 132
Trd, 4319066.493, 109
Trd, 4319066.743, 108
Trd, 4319068.843, 102
Trd, 4319068.893, 86
Trd, 4319070.493, 128
Trd, 4319071.193, 132
Trd, 4319071.693, 121
Trd, 4319073.443, 105
Trd, 4319074.043, 102
Trd, 4319075.143, 118
Trd, 4319076.343, 89
Trd, 4319076.643, 87
Trd, 4319076.693, 80
Trd, 4319077.843, 117
Trd, 4319077.893, 114
Trd, 4319078.243, 109
Trd, 4319078.443, 81
Trd, 4319078.743, 97
Trd, 4319079.943, 93
Trd, 4319079.993, 81
Trd, 4319080.343, 69
Trd, 4319080.893, 130
Trd, 4319082.243, 89
Trd, 4319082.793, 131
Trd, 4319084.743, 109
Trd, 4319085.393, 105
Trd, 4319086.693, 105
Trd, 4319086.943, 81
Trd, 4319088.443, 138
Trd, 4319088.743, 125
Trd, 4319088.943, 119
Trd, 4319090.143, 134
Trd, 4319090.293, 110
Trd, 4319090.443, 88
Trd, 4319092.343, 140
Trd, 4319093.293, 128
Trd, 4319093.593, 106
Trd, 4319093.843, 106
Trd, 4319095.293, 131
Trd, 4319096.243, 118
Trd, 4319096.343, 111
Trd, 4319097.343, 94
Trd, 4319097.593, 125
Trd, 4319098.543, 109
Trd, 4319100.093, 106
Trd, 4319100.593, 106
Trd, 4319101.043, 115
Trd, 4319101.593, 65
Trd, 4319102.593, 70
Trd, 4319102.793, 78
Trd, 4319103.143, 92
Trd, 4319103.493, 99
Trd, 4319104.243, 91
Trd, 4319104.943, 105
Trd, 4319105.393, 131
Trd, 4319106.393, 62
Trd, 4319106.543, 68
Trd, 4319109.393, 112
Trd, 4319109.543, 124
Trd, 4319109.743, 119
Trd, 4319110.393, 94
Trd, 4319110.643, 110
Trd, 4319110.793, 94
Trd, 4319110.943, 122
Trd, 4319111.143, 81
Trd, 4319112.093, 124
Trd, 4319113.043, 128
Trd, 4319113.493, 71
Trd, 4319114.893, 79
Trd, 4319115.393, 99
Trd, 4319115.493, 116
Trd, 4319116.743, 83
Trd, 4319116.993, 85
Trd, 4319117.643, 104
Trd, 4319118.043, 84
Trd, 4319118.343, 117
Trd, 4319119.193, 96
Trd, 4319119.393, 131
Trd, 4319120.593, 128
Trd, 4319121.693, 61
Trd, 4319122.493, 94
Trd, 4319123.443, 135
Trd, 4319123.643, 99
Trd, 4319125.493, 108
Trd, 4319125.743, 122
Trd, 4319125.843, 108
Trd, 4319126.043, 102
Trd, 4319127.843, 69
Trd, 4319129.043, 86
Trd, 4319130.493, 107
Trd, 4319130.693, 107
Trd, 4319131.943, 137
Trd, 4319132.043, 134
Trd, 4319132.543, 134
Trd, 4319133.393, 114
Trd, 4319133.693, 82
Trd, 4319135.593, 112
Trd, 4319136.493, 126
Trd, 4319136.643, 116
Trd, 4319136.993, 110
Trd, 4319138.343, 71
Trd, 4319138.543, 73
Trd, 4319139.243, 105
Trd, 4319140.343, 136
Trd, 4319140.893, 98
Trd, 4319142.243, 128
Trd, 4319142.593, 140
Trd, 4319142.843, 111
Trd, 4319143.443, 106
Trd, 4319143.843, 140
Trd, 4319144.893, 78
Trd, 4319145.143, 91
Trd, 4319145.343, 84
Trd, 4319146.843, 100
Trd, 4319147.643, 61
Trd, 4319149.343, 126
Trd, 4319149.793, 128
Trd, 4319149.993, 126
Trd, 4319150.493, 109
Trd, 4319150.743, 126
Trd, 4319151.393, 108
Trd, 4319152.943, 132
Trd, 4319154.243, 140
Trd, 4319154.943, 110
Trd, 4319156.543, 140
Trd, 4319157.843, 128
Trd, 4319159.243, 131
Trd, 4319159.943, 106
Trd, 4319160.243, 84
Trd, 4319160.593, 81
Trd, 4319160.643, 69
Trd, 4319160.793, 103
Trd, 4319161.343, 74
Trd, 4319162.693, 77
Trd, 4319163.743, 67
Trd, 4319164.193, 78
Trd, 4319165.593, 111
Trd, 4319165.643, 66
Trd, 4319167.543, 134
Trd, 4319168.293, 94
Trd, 4319168.943, 123
Trd, 4319169.143, 92
Trd, 4319169.993, 118
Trd, 4319170.593, 102
Trd, 4319170.643, 99
Trd, 4319170.793, 104
Trd, 4319171.993, 113
Trd, 4319172.293, 106
Trd, 4319172.443, 101
Trd, 4319172.743, 120
Trd, 4319173.693, 132
Trd, 4319174.393, 131
Trd, 4319174.543, 100
Trd, 4319174.693, 94
Trd, 4319175.993, 85
Trd, 4319176.493, 85
Trd, 4319177.443, 76
Trd, 4319177.543, 121
Trd, 4319177.843, 120
Trd, 4319179.043, 121
Trd, 4319179.343, 104
Trd, 4319180.493, 68
Trd, 4319181.393, 78
Trd, 4319182.193, 104
Trd, 4319183.993, 130
Trd, 4319184.443, 103
Trd, 4319185.093, 128
Trd, 4319185.243, 108
Trd, 4319186.843, 126
Trd, 4319186.893, 112
Trd, 4319187.693, 116
Trd, 4319188.243, 92
Trd, 4319189.043, 88
Trd, 4319192.143, 88
Trd, 4319192.343, 68
Trd, 4319193.893, 125
Trd, 4319194.093, 139
Trd, 4319194.343, 134
Trd, 4319194.893, 132
Trd, 4319195.493, 136
Trd, 4319195.843, 114
Trd, 4319196.093, 94
Trd, 4319197.893, 122
Trd, 4319198.243, 99
Trd, 4319199.043, 76
Trd, 4319199.143, 122
Trd, 4319200.043, 98
Trd, 4319200.993, 138
Trd, 4319201.243, 131
Trd, 4319201.443, 115
Trd, 4319202.693, 110
Trd, 4319203.793, 109
Trd, 4319203.843, 105
Trd, 4319204.843, 139
Trd, 4319204.893, 82
Trd, 4319205.093, 75
Trd, 4319205.643, 136
Trd, 4319205.793, 114
Trd, 4319207.593, 112
Trd, 4319207.993, 137
Trd, 4319208.393, 91
Trd, 4319208.643, 116
Trd, 4319208.893, 65
Trd, 4319209.643, 95
Trd, 4319210.143, 77
Trd, 4319210.693, 77
Trd, 4319211.393, 77
Trd, 4319214.243, 103
Trd, 4319214.343, 94
Trd, 4319215.393, 61
Trd, 4319216.043, 106
Trd, 4319216.443, 79
Trd, 4319216.643, 78
Trd, 4319217.443, 132
Trd, 4319217.643, 113
Trd, 4319218.293, 132
Trd, 4319218.843, 117
Trd, 4319219.293, 115
Trd, 4319220.943, 83
Trd, 4319221.943, 122
Trd, 4319222.293, 110
Trd, 4319222.693, 74
Trd, 4319223.093, 77
Trd, 4319223.293, 129
Trd, 4319224.843, 117
Trd, 4319224.943, 115
Trd, 4319226.693, 106
Trd, 4319228.793, 130
Trd, 4319229.943, 121
Trd, 4319230.143, 118
Trd, 4319231.343, 128
Trd, 4319232.443, 115
Trd, 4319232.593, 109
Trd, 4319232.643, 94
Trd, 4319233.343, 137
Trd, 4319233.843, 114
Trd, 4319234.343, 139
Trd, 4319236.643, 79
Trd, 4319236.893, 104
Trd, 4319237.393, 97
Trd, 4319238.243, 94
Trd, 4319238.343, 88
Trd, 4319239.143, 128
Trd, 4319240.343, 134
Trd, 4319241.993, 108
Trd, 4319242.093, 100
Trd, 4319244.593, 127
Trd, 4319244.693, 139
Trd, 4319245.193, 97
Trd, 4319245.893, 137
Trd, 4319246.293, 68
Trd, 4319246.993, 67
Trd, 4319247.343, 93
Trd, 4319248.793, 65
Trd, 4319249.443, 61
Trd, 4319250.943, 76
Trd, 4319251.143, 66
Trd, 4319251.793, 90
Trd, 4319252.243, 77
Trd, 4319253.593, 140
Trd, 4319253.693, 79
Trd, 4319254.093, 77
Trd, 4319254.643, 131
Trd, 4319255.343, 119
Trd, 4319256.043, 138
Trd, 4319256.693, 125
Trd, 4319257.993, 138
Trd, 4319258.443, 131
Trd, 4319258.893, 100
Trd, 4319259.793, 103
Trd, 4319260.643, 109
Trd, 4319261.693, 118
Trd, 4319262.443, 99
Trd, 4319262.643, 86
Trd, 4319263.343, 103
Trd, 4319263.993, 61
Trd, 4319265.343, 84
Trd, 4319265.443, 65
Trd, 4319265.743, 73
Trd, 4319266.793, 118
Trd, 4319267.843, 116
Trd, 4319268.893, 68
Trd, 4319269.443, 83
Trd, 4319271.593, 107
Trd, 4319271.793, 136
Trd, 4319273.043, 127
Trd, 4319275.293, 124
Trd, 4319275.393, 130
Trd, 4319275.543, 111
Trd, 4319275.943, 121
Trd, 4319276.093, 109
Trd, 4319276.693, 102
Trd, 4319277.143, 106
Trd, 4319278.193, 116
Trd, 4319279.443, 92
Trd, 4319280.793, 93
Trd, 4319280.893, 105
Trd, 4319280.943, 115
Trd, 4319283.393, 133
Trd, 4319284.193, 136
Trd, 4319284.543, 140
Trd, 4319286.793, 122
Trd, 4319287.643, 125
Trd, 4319287.943, 105
Trd, 4319288.193, 94
Trd, 4319288.993, 81
Trd, 4319289.143, 93
Trd, 4319289.193, 129
Trd, 4319289.693, 60
Trd, 4319291.443, 64
Trd, 4319292.343, 140
Trd, 4319292.643, 116
Trd, 4319292.693, 97
Trd, 4319293.593, 85
Trd, 4319295.043, 114
Trd, 4319295.393, 108
Trd, 4319295.693, 104
Trd, 4319295.993, 69
Trd, 4319296.443, 92
Trd, 4319296.793, 124
Trd, 4319297.793, 94
Trd, 4319297.893, 91
Trd, 4319298.593, 116
Trd, 4319299.343, 93
Trd, 4319300.843, 91
Trd, 4319301.043, 91
Trd, 4319302.543, 110
Trd, 4319302.743, 89
Trd, 4319303.793, 88
Trd, 4319304.393, 125
Trd, 4319305.193, 126
Trd, 4319305.593, 114
Trd, 4319305.743, 131
Trd, 4319306.093, 121
Trd, 4319306.643, 111
Trd, 4319306.843, 109
Trd, 4319307.493, 111
Trd, 4319308.593, 110
Trd, 4319310.293, 117
Trd, 4319310.443, 89
Trd, 4319310.843, 95
Trd, 4319311.293, 103
Trd, 4319311.893, 72
Trd, 4319312.043, 74
Trd, 4319313.043, 115
Trd, 4319314.543, 108
Trd, 4319314.793, 93
Trd, 4319315.143, 92
Trd, 4319315.243, 85
Trd, 4319315.693, 66
Trd, 4319316.993, 67
Trd, 4319317.843, 69
Trd, 4319318.193, 108
Trd, 4319319.543, 103
Trd, 4319319.893, 86
Trd, 4319320.643, 122
Trd, 4319320.993, 82
Trd, 4319321.893, 72
Trd, 4319322.443, 62
Trd, 4319322.993, 60
Trd, 4319323.793, 66
Trd, 4319325.043, 62
Trd, 4319325.643, 67
Trd, 4319326.193, 84
Trd, 4319327.143, 109
Trd, 4319327.493, 122
Trd, 4319327.893, 123
Trd, 4319328.593, 131
Trd, 4319328.693, 91
Trd, 4319329.593, 122
Trd, 4319330.143, 121
Trd, 4319331.643, 105
Trd, 4319332.743, 127
Trd, 4319333.293, 137
Trd, 4319333.743, 108
Trd, 4319334.393, 124
Trd, 4319335.493, 136
Trd, 4319335.743, 111
Trd, 4319335.793, 106
Trd, 4319337.093, 123
Trd, 4319338.043, 109
Trd, 4319338.243, 100
Trd, 4319339.143, 136
Trd, 4319339.993, 110
Trd, 4319340.993, 98
Trd, 4319341.893, 64
Trd, 4319342.193, 61
Trd, 4319343.093, 78
Trd, 4319344.293, 129
Trd, 4319344.993, 122
Trd, 4319345.143, 136
Trd, 4319347.443, 140
Trd, 4319347.493, 131
Trd, 4319347.543, 123
Trd, 4319347.843, 120
Trd, 4319348.043, 116
Trd, 4319348.643, 131
Trd, 4319349.693, 132
Trd, 4319350.493, 78
Trd, 4319351.543, 123
Trd, 4319352.193, 125
Trd, 4319352.293, 102
Trd, 4319352.343, 110
Trd, 4319354.243, 123
Trd, 4319354.443, 85
Trd, 4319354.843, 139
Trd, 4319355.643, 120
Trd, 4319356.343, 85
Trd, 4319356.793, 73
Trd, 4319356.993, 63
Trd, 4319357.543, 65
Trd, 4319359.293, 127
Trd, 4319359.843, 129
Trd, 4319360.293, 104
Trd, 4319360.993, 101
Trd, 4319361.293, 88
Trd, 4319361.793, 95
Trd, 4319363.243, 81
Trd, 4319363.793, 91
Trd, 4319364.093, 138
Trd, 4319364.543, 98
Trd, 4319365.893, 109
Trd, 4319366.843, 95
Trd, 4319367.443, 123
Trd, 4319367.743, 106
Trd, 4319368.143, 120
Trd, 4319368.343, 102
Trd, 4319368.643, 134
Trd, 4319369.443, 137
Trd, 4319371.593, 116
Trd, 4319372.243, 93
Trd, 4319373.093, 120
Trd, 4319373.793, 140
Trd, 4319374.093, 64
Trd, 4319374.793, 115
Trd, 4319375.093, 134
Trd, 4319375.193, 69
Trd, 4319376.593, 122
Trd, 4319377.493, 114
Trd, 4319377.843, 81
Trd, 4319378.343, 132
Trd, 4319379.393, 138
Trd, 4319379.443, 134
Trd, 4319379.793, 103
Trd, 4319380.193, 118
Trd, 4319382.343, 121
Trd, 4319383.343, 132
Trd, 4319383.843, 123
Trd, 4319385.343, 105
Trd, 4319385.693, 110
Trd, 4319386.343, 119
Trd, 4319387.243, 107
Trd, 4319388.093, 110
Trd, 4319388.293, 76
Trd, 4319388.443, 104
Trd, 4319389.543, 138
Trd, 4319390.343, 101
Trd, 4319391.743, 83
Trd, 4319392.543, 95
Trd, 4319392.743, 137
Trd, 4319392.793, 66
Trd, 4319393.643, 108
Trd, 4319396.143, 120
Trd, 4319396.943, 130
Trd, 4319397.043, 87
Trd, 4319397.343, 138
Trd, 4319398.693, 98
Trd, 4319398.793, 94
Trd, 4319399.593, 135
Trd, 4319400.443, 131
Trd, 4319401.893, 113
Trd, 4319402.243, 114
Trd, 4319402.743, 115
Trd, 4319403.393, 113
Trd, 4319403.743, 71
Trd, 4319404.693, 72
Trd, 4319405.093, 117
Trd, 4319406.293, 116
Trd, 4319407.093, 123
Trd, 4319408.143, 123
Trd, 4319408.293, 118
Trd, 4319408.843, 133
Trd, 4319408.943, 120
Trd, 4319410.343, 137
Trd, 4319410.843, 94
Trd, 4319412.443, 120
Trd, 4319412.493, 92
Trd, 4319412.643, 111
Trd, 4319413.093, 92
Trd, 4319413.443, 89
Trd, 4319414.693, 63
Trd, 4319417.193, 93
Trd, 4319417.593, 89
Trd, 4319417.893, 122
Trd, 4319417.993, 107
Trd, 4319418.193, 91
Trd, 4319418.643, 93
Trd, 4319418.743, 87
Trd, 4319419.593, 121
Trd, 4319420.593, 133
Trd, 4319421.943, 111
Trd, 4319422.943, 104
Trd, 4319423.643, 101
Trd, 4319424.093, 120
Trd, 4319425.243, 127
Trd, 4319426.093, 130
Trd, 4319426.743, 116
Trd, 4319426.793, 115
Trd, 4319427.293, 137
Trd, 4319428.743, 116
Trd, 4319429.643, 101
Trd, 4319430.393, 117
Trd, 4319431.193, 82
Trd, 4319431.343, 80
Trd, 4319431.643, 124
Trd, 4319431.993, 112
Trd, 4319433.343, 68
Trd, 4319434.543, 134
Trd, 4319435.043, 119
Trd, 4319435.343, 127
Trd, 4319435.843, 130
Trd, 4319436.193, 106
Trd, 4319437.043, 124
Trd, 4319437.393, 119
Trd, 4319439.093, 139
Trd, 4319439.493, 131
Trd, 4319440.243, 101
Trd, 4319440.393, 93
Trd, 4319441.093, 65
Trd, 4319442.543, 121
Trd, 4319442.643, 69
Trd, 4319443.043, 82
Trd, 4319444.093, 133
Trd, 4319445.343, 102
Trd, 4319446.043, 85
Trd, 4319447.093, 110
Trd, 4319447.243, 105
Trd, 4319447.943, 110
Trd, 4319447.993, 114
Trd, 4319449.443, 100
Trd, 4319449.593, 96
Trd, 4319450.793, 99
Trd, 4319451.193, 84
Trd, 4319451.893, 61
Trd, 4319452.293, 71
Trd, 4319452.443, 61
Trd, 4319453.243, 102
Trd, 4319454.043, 125
Trd, 4319454.943, 107
Trd, 4319455.343, 107
Trd, 4319455.593, 130
Trd, 4319455.843, 95
Trd, 4319456.093, 92
Trd, 4319456.243, 89
Trd, 4319457.393, 118
Trd, 4319457.843, 88
Trd, 4319458.943, 91
Trd, 4319459.993, 103
Trd, 4319462.543, 130
Trd, 4319463.043, 121
Trd, 4319463.593, 120
Trd, 4319463.893, 90
Trd, 4319464.543, 132
Trd, 4319464.943, 117
Trd, 4319465.193, 106
Trd, 4319466.193, 109
Trd, 4319466.643, 103
Trd, 4319467.643, 108
Trd, 4319468.693, 100
Trd, 4319469.343, 113
Trd, 4319469.743, 97
Trd, 4319470.243, 116
Trd, 4319471.143, 123
Trd, 4319471.693, 123
Trd, 4319473.143, 133
Trd, 4319474.093, 101
Trd, 4319474.643, 62
Trd, 4319475.293, 140
Trd, 4319475.343, 116
Trd, 4319475.843, 85
Trd, 4319477.093, 72
Trd, 4319477.343, 73
Trd, 4319478.393, 68
Trd, 4319478.693, 127
Trd, 4319480.043, 107
Trd, 4319480.293, 93
Trd, 4319481.243, 129
Trd, 4319482.093, 98
Trd, 4319482.243, 71
Trd, 4319485.093, 100
Trd, 4319486.643, 103
Trd, 4319487.143, 106
Trd, 4319488.193, 139
Trd, 4319488.993, 90
Trd, 4319489.043, 86
Trd, 4319489.893, 102
Trd, 4319490.043, 95
Trd, 4319490.593, 81
Trd, 4319491.643, 111
Trd, 4319492.243, 140
Trd, 4319493.743, 71
Trd, 4319494.093, 91
Trd, 4319494.493, 126
Trd, 4319494.793, 78
Trd, 4319495.893, 136
Trd, 4319496.393, 91
Trd, 4319496.593, 61
Trd, 4319497.893, 112
Trd, 4319498.493, 122
Trd, 4319499.343, 100
Trd, 4319500.193, 100
Trd, 4319500.343, 82
Trd, 4319500.793, 109
Trd, 4319500.893, 120
Trd, 4319502.443, 110
Trd, 4319503.093, 106
Trd, 4319503.693, 110
Trd, 4319505.193, 125
Trd, 4319506.443, 137
Trd, 4319506.543, 126
Trd, 4319506.643, 124
Trd, 4319506.743, 87
Trd, 4319506.943, 85
Trd, 4319507.543, 90
Trd, 4319508.793, 69
Trd, 4319509.893, 126
Trd, 4319510.093, 114
Trd, 4319510.293, 109
Trd, 4319511.293, 123
Trd, 4319512.593, 86
Trd, 4319512.793, 86
Trd, 4319513.543, 87
Trd, 4319514.793, 101
Trd, 4319514.843, 117
Trd, 4319515.943, 90
Trd, 4319516.643, 76
Trd, 4319518.543, 90
Trd, 4319518.843, 98
Trd, 4319519.793, 105
Trd, 4319520.693, 67
Trd, 4319520.743, 104
Trd, 4319521.943, 115
Trd, 4319522.093, 104
Trd, 4319522.993, 119
Trd, 4319523.743, 94
Trd, 4319524.443, 140
Trd, 4319524.843, 125
Trd, 4319526.093, 70
Trd, 4319526.693, 121
Trd, 4319528.393, 130
Trd, 4319528.743, 96
Trd, 4319530.493, 103
Trd, 4319530.693, 112
Trd, 4319530.893, 100
Trd, 4319531.143, 112
Trd, 4319531.343, 104
Trd, 4319532.093, 135
Trd, 4319533.893, 110
Trd, 4319534.793, 107
Trd, 4319535.143, 112
Trd, 4319535.343, 103
Trd, 4319537.093, 83
Trd, 4319537.343, 78
Trd, 4319539.093, 134
Trd, 4319540.543, 97
Trd, 4319540.943, 85
Trd, 4319541.393, 118
Trd, 4319541.493, 110
Trd, 4319541.943, 101
Trd, 4319542.343, 140
Trd, 4319542.743, 128
Trd, 4319543.743, 93
Trd, 4319546.643, 133
Trd, 4319547.193, 130
Trd, 4319547.493, 115
Trd, 4319548.593, 108
Trd, 4319549.043, 103
Trd, 4319549.143, 115
Trd, 4319549.193, 120
Trd, 4319549.293, 127
Trd, 4319549.743, 82
Trd, 4319550.893, 79
Trd, 4319552.043, 121
Trd, 4319552.693, 120
Trd, 4319553.293, 71
Trd, 4319553.493, 68
Trd, 4319553.543, 103
Trd, 4319554.693, 82
Trd, 4319554.943, 73
Trd, 4319557.043, 118
Trd, 4319558.393, 95
Trd, 4319558.893, 102
Trd, 4319559.643, 115
Trd, 4319560.343, 106
Trd, 4319561.043, 86
Trd, 4319561.743, 93
Trd, 4319562.043, 122
Trd, 4319562.493, 119
Trd, 4319562.843, 123
Trd, 4319565.043, 127
Trd, 4319566.843, 97
Trd, 4319567.593, 112
Trd, 4319567.643, 97
Trd, 4319568.293, 70
Trd, 4319568.393, 73
Trd, 4319569.293, 101
Trd, 4319569.693, 125
Trd, 4319570.843, 130
Trd, 4319571.843, 126
Trd, 4319572.043, 128
Trd, 4319573.243, 116
Trd, 4319573.643, 106
Trd, 4319575.293, 87
Trd, 4319576.243, 66
Trd, 4319576.743, 117
Trd, 4319577.243, 116
Trd, 4319577.743, 137
Trd, 4319578.143, 129
Trd, 4319578.343, 103
Trd, 4319579.443, 74
Trd, 4319580.293, 99
Trd, 4319580.993, 123
Trd, 4319581.593, 129
Trd, 4319582.043, 108
Trd, 4319582.293, 94
Trd, 4319582.943, 107
Trd, 4319583.743, 93
Trd, 4319583.843, 98
Trd, 4319584.043, 77
Trd, 4319584.643, 60
Trd, 4319585.943, 73
Trd, 4319586.393, 100
Trd, 4319587.043, 99
Trd, 4319588.043, 103
Trd, 4319588.143, 99
Trd, 4319588.193, 88
Trd, 4319589.593, 64
Trd, 4319589.743, 109
Trd, 4319590.393, 118
Trd, 4319592.243, 139
Trd, 4319592.393, 128
Trd, 4319592.793, 121
Trd, 4319592.893, 106
Trd, 4319593.693, 108
Trd, 4319594.443, 129
Trd, 4319595.643, 60
Trd, 4319595.693, 81
Trd, 4319596.293, 88
Trd, 4319596.643, 132
Trd, 4319596.893, 84
Trd, 4319598.993, 77
Trd, 4319599.493, 118
Trd, 4319600.693, 134
Trd, 4319600.793, 115
Trd, 4319601.693, 100
Trd, 4319602.943, 80
Trd, 4319603.293, 85
Trd, 4319603.593, 105
Trd, 4319604.593, 102
Trd, 4319605.443, 95
Trd, 4319605.843, 112
Trd, 4319607.093, 126
Trd, 4319607.493, 105
Trd, 4319608.693, 130
Trd, 4319609.193, 110
Trd, 4319609.493, 123
Trd, 4319609.893, 116
Trd, 4319612.043, 125
Trd, 4319612.493, 113
Trd, 4319613.143, 80
Trd, 4319613.393, 78
Trd, 4319613.693, 71
Trd, 4319613.743, 95
Trd, 4319615.543, 76
Trd, 4319615.643, 85
Trd, 4319616.493, 112
Trd, 4319616.593, 107
Trd, 4319617.493, 68
Trd, 4319619.343, 114
Trd, 4319619.543, 113
Trd, 4319619.743, 89
Trd, 4319620.543, 135
Trd, 4319620.693, 132
Trd, 4319621.843, 115
Trd, 4319622.843, 121
Trd, 4319622.893, 119
Trd, 4319624.293, 99
Trd, 4319624.443, 115
Trd, 4319625.043, 64
Trd, 4319625.343, 137
Trd, 4319625.593, 100
Trd, 4319626.293, 78
Trd, 4319626.743, 78
Trd, 4319628.043, 114
Trd, 4319628.143, 87
Trd, 4319628.893, 83
Trd, 4319629.443, 123
Trd, 4319630.893, 105
Trd, 4319632.443, 116
Trd, 4319632.643, 101
Trd, 4319632.943, 124
Trd, 4319632.993, 97
Trd, 4319633.893, 96
Trd, 4319634.293, 108
Trd, 4319634.543, 114
Trd, 4319635.043, 139
Trd, 4319635.493, 125
Trd, 4319635.893, 92
Trd, 4319636.693, 89
Trd, 4319637.193, 107
Trd, 4319637.243, 79
Trd, 4319638.393, 94
Trd, 4319640.893, 122
Trd, 4319640.993, 116
Trd, 4319641.193, 114
Trd, 4319641.643, 135
Trd, 4319641.693, 88
Trd, 4319642.993, 124
Trd, 4319643.443, 139
Trd, 4319644.793, 110
Trd, 4319644.893, 121
Trd, 4319646.693, 133
Trd, 4319647.743, 124
Trd, 4319648.793, 133
Trd, 4319649.243, 134
Trd, 4319649.593, 129
Trd, 4319650.693, 120
Trd, 4319651.243, 117
Trd, 4319651.543, 135
Trd, 4319653.043, 140
Trd, 4319653.243, 105
Trd, 4319653.893, 98
Trd, 4319654.243, 83
Trd, 4319655.043, 129
Trd, 4319655.193, 72
Trd, 4319657.343, 116
Trd, 4319657.793, 139
Trd, 4319658.093, 128
Trd, 4319658.143, 124
Trd, 4319658.443, 115
Trd, 4319658.843, 100
Trd, 4319660.443, 138
Trd, 4319661.193, 93
Trd, 4319661.793, 82
Trd, 4319662.293, 69
Trd, 4319662.543, 108
Trd, 4319662.893, 98
Trd, 4319663.743, 114
Trd, 4319664.743, 94
Trd, 4319665.793, 85
Trd, 4319665.943, 88
Trd, 4319666.943, 102
Trd, 4319667.143, 76
Trd, 4319669.643, 60
Trd, 4319669.793, 67
Trd, 4319670.193, 71
Trd, 4319670.793, 65
Trd, 4319672.393, 67
Trd, 4319672.943, 68
Trd, 4319673.093, 99
Trd, 4319674.343, 109
Trd, 4319675.343, 140
Trd, 4319677.093, 89
Trd, 4319677.743, 116
Trd, 4319677.943, 84
Trd, 4319678.493, 111
Trd, 4319678.693, 130
Trd, 4319678.793, 69
Trd, 4319679.643, 74
Trd, 4319679.943, 100
Trd, 4319680.643, 93
Trd, 4319680.793, 92
Trd, 4319681.643, 110
Trd, 4319682.943, 134
Trd, 4319683.793, 97
Trd, 4319684.693, 109
Trd, 4319684.793, 120
Trd, 4319685.143, 96
Trd, 4319685.443, 138
Trd, 4319686.993, 104
Trd, 4319688.143, 138
Trd, 4319688.493, 106
Trd, 4319688.743, 88
Trd, 4319689.443, 112
Trd, 4319689.743, 102
Trd, 4319690.793, 128
Trd, 4319692.793, 124
Trd, 4319692.893, 80
Trd, 4319692.943, 77
Trd, 4319693.193, 82
Trd, 4319693.393, 77
Trd, 4319694.093, 105
Trd, 4319694.443, 123
Trd, 4319694.743, 93
Trd, 4319695.743, 122
Trd, 4319697.493, 98
Trd, 4319698.443, 91
Trd, 4319698.743, 84
Trd, 4319699.143, 84
Trd, 4319699.943, 133
Trd, 4319700.743, 137
Trd, 4319700.793, 135
Trd, 4319701.893, 138
Trd, 4319702.943, 100
Trd, 4319703.443, 126
Trd, 4319703.943, 136
Trd, 4319705.493, 109
Trd, 4319706.343, 139
Trd, 4319707.343, 132
Trd, 4319707.993, 118
Trd, 4319708.493, 113
Trd, 4319708.793, 94
Trd, 4319708.993, 110
Trd, 4319709.993, 107
Trd, 4319710.093, 95
Trd, 4319710.993, 83
Trd, 4319711.593, 97
Trd, 4319712.843, 99
Trd, 4319713.093, 100
Trd, 4319713.593, 81
Trd, 4319714.643, 62
Trd, 4319714.793, 139
Trd, 4319715.543, 78
Trd, 4319717.643, 116
Trd, 4319717.693, 134
Trd, 4319718.243, 126
Trd, 4319718.343, 89
Trd, 4319719.043, 116
Trd, 4319719.193, 108
Trd, 4319720.643, 129
Trd, 4319721.143, 99
Trd, 4319721.443, 133
Trd, 4319722.543, 129
Trd, 4319724.193, 62
Trd, 4319724.493, 89
Trd, 4319724.843, 106
Trd, 4319725.293, 74
Trd, 4319726.093, 120
Trd, 4319726.393, 67
Trd, 4319728.093, 112
Trd, 4319728.493, 102
Trd, 4319728.893, 117
Trd, 4319728.943, 112
Trd, 4319730.143, 72
Trd, 4319732.193, 131
Trd, 4319732.293, 130
Trd, 4319733.193, 127
Trd, 4319734.093, 117
Trd, 4319734.643, 126
Trd, 4319735.093, 103
Trd, 4319735.493, 91
Trd, 4319735.793, 84
Trd, 4319736.793, 95
Trd, 4319737.193, 66
Trd, 4319737.593, 101
Trd, 4319738.143, 137
Trd, 4319739.343, 108
Trd, 4319739.593, 120
Trd, 4319739.743, 118
Trd, 4319739.893, 113
Trd, 4319740.393, 110
Trd, 4319741.793, 135
Trd, 4319741.943, 117
Trd, 4319743.793, 125
Trd, 4319744.043, 95
Trd, 4319745.093, 132
Trd, 4319746.443, 140
Trd, 4319747.343, 129
Trd, 4319748.493, 140
Trd, 4319749.043, 138
Trd, 4319750.343, 133
Trd, 4319750.893, 121
Trd, 4319751.693, 123
Trd, 4319752.043, 114
Trd, 4319753.093, 123
Trd, 4319753.893, 124
Trd, 4319754.793, 116
Trd, 4319755.643, 109
Trd, 4319757.343, 136
Trd, 4319757.643, 85
Trd, 4319759.393, 137
Trd, 4319760.293, 113
Trd, 4319760.793, 119
Trd, 4319761.343, 89
Trd, 4319761.843, 80
Trd, 4319762.143, 79
Trd, 4319763.893, 117
Trd, 4319764.043, 104
Trd, 4319764.143, 88
Trd, 4319764.293, 83
Trd, 4319764.943, 106
Trd, 4319765.443, 112
Trd, 4319766.193, 136
Trd, 4319766.243, 106
Trd, 4319767.843, 108
Trd, 4319768.043, 106
Trd, 4319768.993, 90
Trd, 4319769.393, 69
Trd, 4319770.643, 139
Trd, 4319770.843, 90
Trd, 4319771.143, 139
Trd, 4319772.293, 95
Trd, 4319773.443, 69
Trd, 4319774.143, 114
Trd, 4319774.793, 115
Trd, 4319775.343, 75
Trd, 4319776.043, 60
Trd, 4319776.893, 70
Trd, 4319777.743, 97
Trd, 4319778.093, 105
Trd, 4319778.343, 71
Trd, 4319778.993, 91
Trd, 4319780.793, 132
Trd, 4319781.193, 119
Trd, 4319781.543, 124
Trd, 4319782.093, 98
Trd, 4319782.893, 120
Trd, 4319783.643, 120
Trd, 4319784.793, 92
Trd, 4319785.393, 103
Trd, 4319785.893, 117
Trd, 4319786.043, 140
Trd, 4319787.593, 66
Trd, 4319789.043, 62
Trd, 4319789.143, 121
Trd, 4319791.243, 91
Trd, 4319791.693, 89
Trd, 4319791.893, 90
Trd, 4319792.993, 89
Trd, 4319793.193, 120
Trd, 4319793.443, 71
Trd, 4319794.343, 67
Trd, 4319794.543, 68
Trd, 4319794.993, 78
Trd, 4319795.093, 79
Trd, 4319796.193, 127
Trd, 4319797.093, 108
Trd, 4319797.143, 105
Trd, 4319797.793, 68
Trd, 4319799.893, 122
Trd, 4319800.193, 107
Trd, 4319801.793, 107
Trd, 4319801.993, 136
Trd, 4319802.593, 117
Trd, 4319802.693, 83
Trd, 4319803.543, 86
Trd, 4319804.193, 95
Trd, 4319804.293, 78
Trd, 4319805.693, 134
Trd, 4319806.043, 106
Trd, 4319806.393, 72
Trd, 4319807.943, 111
Trd, 4319808.043, 106
Trd, 4319808.093, 96
Trd, 4319809.193, 115
Trd, 4319810.993, 71
Trd, 4319811.743, 88
Trd, 4319812.143, 115
Trd, 4319814.143, 131
Trd, 4319814.593, 105
Trd, 4319814.743, 98
Trd, 4319814.893, 88
Trd, 4319816.393, 83
Trd, 4319817.643, 77
Trd, 4319818.393, 101
Trd, 4319819.543, 118
Trd, 4319820.343, 137
Trd, 4319820.493, 109
Trd, 4319820.543, 78
Trd, 4319820.893, 84
Trd, 4319821.443, 95
Trd, 4319823.393, 93
Trd, 4319824.293, 67
Trd, 4319825.193, 112
Trd, 4319826.293, 118
Trd, 4319826.393, 113
Trd, 4319827.093, 130
Trd, 4319827.443, 103
Trd, 4319828.693, 90
Trd, 4319828.893, 88
Trd, 4319829.043, 92
Trd, 4319829.493, 115
Trd, 4319830.093, 75
Trd, 4319830.893, 100
Trd, 4319831.093, 73
Trd, 4319832.843, 78
Trd, 4319833.193, 119
Trd, 4319834.343, 89
Trd, 4319835.593, 69
Trd, 4319835.643, 62
Trd, 4319837.393, 70
Trd, 4319837.993, 93
Trd, 4319838.993, 75
Trd, 4319839.193, 112
Trd, 4319839.243, 73
Trd, 4319840.393, 138
Trd, 4319841.093, 116
Trd, 4319841.543, 107
Trd, 4319842.943, 120
Trd, 4319843.843, 118
Trd, 4319844.643, 110
Trd, 4319845.143, 102
Trd, 4319845.293, 93
Trd, 4319846.993, 105
Trd, 4319847.043, 115
Trd, 4319847.293, 126
Trd, 4319848.493, 113
Trd, 4319849.593, 111
Trd, 4319850.443, 137
Trd, 4319850.843, 71
Trd, 4319851.243, 105
Trd, 4319852.293, 82
Trd, 4319853.093, 75
Trd, 4319853.243, 84
Trd, 4319853.443, 75
Trd, 4319854.543, 122
Trd, 4319855.143, 89
Trd, 4319856.643, 123
Trd, 4319857.043, 124
Trd, 4319857.193, 126
Trd, 4319857.943, 102
Trd, 4319858.943, 89
Trd, 4319859.093, 79
Trd, 4319859.693, 136
Trd, 4319859.993, 107
Trd, 4319860.593, 124
Trd, 4319860.893, 122
Trd, 4319861.693, 77
Trd, 4319861.843, 129
Trd, 4319862.293, 81
Trd, 4319862.543, 97
Trd, 4319863.793, 81
Trd, 4319865.543, 86
Trd, 4319865.843, 134
Trd, 4319866.043, 122
Trd, 4319866.343, 135
Trd, 4319867.593, 124
Trd, 4319867.743, 89
Trd, 4319868.343, 97
Trd, 4319868.693, 93
Trd, 4319869.493, 89
Trd, 4319870.293, 135
Trd, 4319871.293, 107
Trd, 4319873.693, 122
Trd, 4319874.293, 109
Trd, 4319874.693, 108
Trd, 4319875.743, 83
Trd, 4319876.493, 120
Trd, 4319876.743, 133
Trd, 4319876.843, 109
Trd, 4319877.293, 89
Trd, 4319877.693, 71
Trd, 4319878.493, 73
Trd, 4319878.593, 110
Trd, 4319879.993, 77
Trd, 4319881.193, 116
Trd, 4319881.943, 131
Trd, 4319883.193, 124
Trd, 4319883.443, 111
Trd, 4319884.043, 116
Trd, 4319885.243, 125
Trd, 4319886.193, 135
Trd, 4319886.293, 131
Trd, 4319886.393, 124
Trd, 4319887.193, 125
Trd, 4319888.393, 97
Trd, 4319888.943, 136
Trd, 4319889.143, 104
Trd, 4319889.343, 95
Trd, 4319890.493, 138
Trd, 4319890.793, 139
Trd, 4319891.493, 121
Trd, 4319892.393, 130
Trd, 4319893.243, 132
Trd, 4319893.543, 124
Trd, 4319894.093, 95
Trd, 4319894.743, 109
Trd, 4319895.343, 60
Trd, 4319896.093, 69
Trd, 4319896.143, 85
Trd, 4319897.643, 135
Trd, 4319898.993, 88
Trd, 4319901.193, 129
Trd, 4319901.793, 102
Trd, 4319901.893, 102
Trd, 4319901.943, 91
Trd, 4319902.393, 113
Trd, 4319903.693, 124
Trd, 4319904.193, 121
Trd, 4319905.143, 119
Trd, 4319905.393, 124
Trd, 4319905.793, 134
Trd, 4319906.093, 111
Trd, 4319906.643, 98
Trd, 4319907.543, 78
Trd, 4319908.693, 124
Trd, 4319909.493, 122
Trd, 4319910.193, 124
Trd, 4319910.543, 91
Trd, 4319912.243, 85
Trd, 4319913.293, 107
Trd, 4319913.643, 103
Trd, 4319914.693, 90
Trd, 4319914.743, 101
Trd, 4319915.493, 86
Trd, 4319916.093, 93
Trd, 4319917.843, 72
Trd, 4319918.743, 72
Trd, 4319918.793, 104
Trd, 4319919.043, 99
Trd, 4319919.143, 105
Trd, 4319919.643, 96
Trd, 4319920.843, 124
Trd, 4319921.843, 127
Trd, 4319922.843, 125
Trd, 4319923.293, 134
Trd, 4319923.643, 86
Trd, 4319924.093, 112
Trd, 4319924.243, 96
Trd, 4319925.043, 63
Trd, 4319925.143, 97
Trd, 4319925.543, 80
Trd, 4319925.743, 111
Trd, 4319926.643, 92
Trd, 4319928.243, 124
Trd, 4319928.843, 136
Trd, 4319930.193, 136
Trd, 4319930.493, 128
Trd, 4319931.043, 111
Trd, 4319931.393, 86
Trd, 4319932.143, 106
Trd, 4319932.993, 102
Trd, 4319933.643, 114
Trd, 4319934.243, 80
Trd, 4319934.293, 85
Trd, 4319935.993, 75
Trd, 4319936.293, 75
Trd, 4319936.793, 73
Trd, 4319936.843, 96
Trd, 4319938.143, 61
Trd, 4319938.293, 65
Trd, 4319938.993, 61
Trd, 4319940.143, 80
Trd, 4319940.843, 111
Trd, 4319941.343, 139
Trd, 4319941.993, 70
Trd, 4319942.193, 76
Trd, 4319942.693, 116
Trd, 4319943.293, 85
Trd, 4319945.043, 138
Trd, 4319945.393, 132
Trd, 4319946.693, 114
Trd, 4319946.843, 100
Trd, 4319946.893, 95
Trd, 4319948.593, 67
Trd, 4319948.893, 73
Trd, 4319949.543, 129
Trd, 4319950.993, 101
Trd, 4319953.643, 123
Trd, 4319953.693, 109
Trd, 4319953.993, 123
Trd, 4319954.093, 97
Trd, 4319954.793, 120
Trd, 4319955.393, 84
Trd, 4319956.493, 124
Trd, 4319957.143, 106
Trd, 4319957.543, 83
Trd, 4319958.093, 88
Trd, 4319958.293, 84
Trd, 4319959.243, 112
Trd, 4319959.793, 88
Trd, 4319960.093, 78
Trd, 4319960.393, 84
Trd, 4319961.493, 78
Trd, 4319962.243, 87
Trd, 4319964.243, 138
Trd, 4319965.193, 127
Trd, 4319965.393, 121
Trd, 4319965.643, 84
Trd, 4319965.943, 130
Trd, 4319966.643, 130
Trd, 4319967.343, 112
Trd, 4319967.443, 100
Trd, 4319968.043, 103
Trd, 4319968.193, 114
Trd, 4319968.343, 95
Trd, 4319969.293, 74
Trd, 4319969.943, 116
Trd, 4319970.493, 83
Trd, 4319971.393, 76
Trd, 4319971.993, 75
Trd, 4319973.543, 80
Trd, 4319974.243, 81
Trd, 4319974.893, 128
Trd, 4319976.143, 125
Trd, 4319976.393, 119
Trd, 4319976.993, 110
Trd, 4319977.093, 108
Trd, 4319977.343, 97
Trd, 4319977.593, 127
Trd, 4319978.493, 104
Trd, 4319979.543, 98
Trd, 4319979.993, 93
Trd, 4319980.843, 79
Trd, 4319981.193, 132
Trd, 4319981.443, 127
Trd, 4319982.593, 67
Trd, 4319983.143, 111
Trd, 4319984.943, 123
Trd, 4319985.143, 79
Trd, 4319986.093, 121
Trd, 4319986.943, 116
Trd, 4319987.093, 104
Trd, 4319987.643, 126
Trd, 4319987.893, 111
Trd, 4319988.393, 114
Trd, 4319988.993, 89
Trd, 4319989.193, 96
Trd, 4319990.043, 130
Trd, 4319990.743, 107
Trd, 4319991.093, 119
Trd, 4319991.293, 135
Trd, 4319992.843, 133
Trd, 4319993.293, 121
Trd, 4319993.843, 122
Trd, 4319994.293, 107
Trd, 4319995.093, 93
Trd, 4319995.593, 94
Trd, 4319996.093, 134
Trd, 4319997.193, 62
Trd, 4319997.693, 62
Trd, 4319998.693, 64
Trd, 4319999.143, 69
