Trd, 4318123.993, 84
Trd, 4318125.993, 130
Trd, 4318126.293, 130
Trd, 4318126.643, 129
Trd, 4318127.343, 140
Trd, 4318127.543, 121
Trd, 4318129.243, 61
Trd, 4318129.743, 64
Trd, 4318131.443, 61
Trd, 4318132.493, 63
Trd, 4318132.943, 61
Trd, 4318133.893, 68
Trd, 4318134.093, 66
Trd, 4318134.143, 75
Trd, 4318135.043, 70
Trd, 4318135.143, 70
Trd, 4318135.393, 86
Trd, 4318135.543, 69
Trd, 4318135.993, 109
Trd, 4318138.543, 62
Trd, 4318140.993, 60
Trd, 4318142.843, 60
Trd, 4318143.243, 60
Trd, 4318143.593, 60
Trd, 4318144.043, 60
Trd, 4318144.443, 61
Trd, 4318144.943, 61
Trd, 4318145.393, 61
Trd, 4318145.543, 64
Trd, 4318146.143, 62
Trd, 4318146.743, 66
Trd, 4318147.043, 95
Trd, 4318148.793, 140
Trd, 4318149.243, 74
Trd, 4318149.443, 75
Trd, 4318149.693, 71
Trd, 4318149.993, 71
Trd, 4318151.343, 75
Trd, 4318151.493, 73
Trd, 4318152.143, 73
Trd, 4318152.893, 126
Trd, 4318153.793, 64
Trd, 4318155.943, 140
Trd, 4318155.993, 140
Trd, 4318157.393, 140
Trd, 4318157.793, 140
Trd, 4318159.243, 140
Trd, 4318159.293, 140
Trd, 4318159.343, 138
Trd, 4318159.393, 138
Trd, 4318159.993, 126
Trd, 4318160.143, 97
Trd, 4318162.143, 140
Trd, 4318162.743, 140
Trd, 4318162.943, 140
Trd, 4318164.193, 140
Trd, 4318164.493, 140
Trd, 4318164.543, 140
Trd, 4318166.043, 140
Trd, 4318166.593, 140
Trd, 4318167.343, 140
Trd, 4318167.893, 140
Trd, 4318168.343, 138
Trd, 4318168.793, 127
Trd, 4318169.543, 127
Trd, 4318169.893, 135
Trd, 4318170.893, 65
Trd, 4318171.593, 64
Trd, 4318171.893, 70
Trd, 4318172.443, 80
Trd, 4318172.593, 67
Trd, 4318173.293, 81
Trd, 4318173.343, 69
Trd, 4318174.243, 140
Trd, 4318174.443, 139
Trd, 4318175.793, 139
Trd, 4318177.943, 140
Trd, 4318178.143, 140
Trd, 4318179.343, 140
Trd, 4318179.443, 140
Trd, 4318179.743, 140
Trd, 4318179.793, 140
Trd, 4318181.793, 140
Trd, 4318182.293, 140
Trd, 4318182.543, 140
Trd, 4318182.993, 140
Trd, 4318184.843, 140
Trd, 4318184.943, 140
Trd, 4318185.093, 140
Trd, 4318185.793, 140
Trd, 4318186.943, 140
Trd, 4318187.193, 140
Trd, 4318189.043, 140
Trd, 4318189.493, 140
Trd, 4318189.893, 140
Trd, 4318190.143, 140
Trd, 4318190.243, 140
Trd, 4318190.743, 140
Trd, 4318191.293, 140
Trd, 4318193.043, 140
Trd, 4318193.293, 140
Trd, 4318193.543, 137
Trd, 4318194.093, 60
Trd, 4318194.443, 60
Trd, 4318194.693, 73
Trd, 4318196.193, 63
Trd, 4318196.593, 62
Trd, 4318197.843, 69
Trd, 4318199.043, 60
Trd, 4318200.193, 125
Trd, 4318200.893, 127
Trd, 4318201.493, 124
Trd, 4318201.693, 124
Trd, 4318202.893, 62
Trd, 4318203.193, 63
Trd, 4318205.543, 60
Trd, 4318206.843, 60
Trd, 4318207.393, 60
Trd, 4318208.493, 61
Trd, 4318208.693, 62
Trd, 4318208.893, 63
Trd, 4318209.243, 63
Trd, 4318209.293, 75
Trd, 4318209.593, 63
Trd, 4318210.643, 60
Trd, 4318212.643, 60
Trd, 4318212.943, 62
Trd, 4318215.593, 60
Trd, 4318216.943, 60
Trd, 4318217.293, 60
Trd, 4318217.443, 61
Trd, 4318217.693, 62
Trd, 4318218.143, 63
Trd, 4318218.743, 61
Trd, 4318219.393, 65
Trd, 4318220.393, 82
Trd, 4318220.543, 70
Trd, 4318221.243, 71
Trd, 4318221.293, 70
Trd, 4318222.693, 98
Trd, 4318222.793, 113
Trd, 4318223.343, 140
Trd, 4318223.643, 139
Trd, 4318224.393, 67
Trd, 4318225.793, 68
Trd, 4318227.893, 61
Trd, 4318228.043, 62
Trd, 4318228.343, 72
Trd, 4318228.693, 70
Trd, 4318230.493, 62
Trd, 4318230.693, 63
Trd, 4318230.893, 75
Trd, 4318231.943, 70
Trd, 4318232.243, 71
Trd, 4318232.493, 72
Trd, 4318233.143, 71
Trd, 4318233.793, 85
Trd, 4318233.893, 70
Trd, 4318235.143, 60
Trd, 4318235.893, 75
Trd, 4318237.343, 60
Trd, 4318238.193, 65
Trd, 4318239.443, 62
Trd, 4318241.043, 61
Trd, 4318241.343, 61
Trd, 4318241.543, 62
Trd, 4318242.193, 62
Trd, 4318242.293, 61
Trd, 4318242.393, 103
Trd, 4318244.543, 67
Trd, 4318244.743, 66
Trd, 4318244.843, 65
Trd, 4318245.043, 134
Trd, 4318246.093, 60
Trd, 4318247.193, 61
Trd, 4318248.343, 140
Trd, 4318248.893, 140
Trd, 4318248.943, 140
Trd, 4318249.543, 140
Trd, 4318250.843, 140
Trd, 4318251.143, 140
Trd, 4318251.193, 140
Trd, 4318251.343, 102
Trd, 4318251.893, 92
Trd, 4318252.843, 140
Trd, 4318252.893, 139
Trd, 4318253.143, 111
Trd, 4318253.343, 109
Trd, 4318254.093, 60
Trd, 4318255.893, 62
Trd, 4318255.993, 77
Trd, 4318256.593, 88
Trd, 4318259.693, 60
Trd, 4318260.643, 61
Trd, 4318261.993, 60
Trd, 4318263.793, 60
Trd, 4318264.193, 61
Trd, 4318264.293, 64
Trd, 4318264.593, 63
Trd, 4318265.193, 61
Trd, 4318265.493, 64
Trd, 4318266.443, 66
Trd, 4318266.743, 65
Trd, 4318268.993, 108
Trd, 4318269.393, 90
Trd, 4318270.193, 68
Trd, 4318271.693, 60
Trd, 4318272.193, 61
Trd, 4318272.343, 60
Trd, 4318272.593, 64
Trd, 4318272.693, 60
Trd, 4318272.743, 65
Trd, 4318273.493, 82
Trd, 4318273.743, 93
Trd, 4318276.893, 60
Trd, 4318278.693, 60
Trd, 4318279.543, 60
Trd, 4318279.843, 61
Trd, 4318280.093, 61
Trd, 4318280.293, 72
Trd, 4318280.343, 62
Trd, 4318281.043, 64
Trd, 4318281.593, 71
Trd, 4318282.193, 68
Trd, 4318282.493, 70
Trd, 4318282.743, 65
Trd, 4318283.193, 83
Trd, 4318284.543, 66
Trd, 4318285.243, 63
Trd, 4318285.293, 70
Trd, 4318286.293, 104
Trd, 4318288.043, 61
Trd, 4318290.043, 62
Trd, 4318291.493, 60
Trd, 4318292.043, 60
Trd, 4318292.243, 60
Trd, 4318292.393, 61
Trd, 4318292.543, 61
Trd, 4318292.943, 64
Trd, 4318293.293, 65
Trd, 4318293.493, 75
Trd, 4318294.843, 64
Trd, 4318295.743, 65
Trd, 4318296.293, 66
Trd, 4318296.343, 67
Trd, 4318296.593, 64
Trd, 4318298.493, 97
Trd, 4318298.743, 95
Trd, 4318299.293, 70
Trd, 4318299.743, 70
Trd, 4318299.843, 89
Trd, 4318300.093, 70
Trd, 4318301.243, 81
Trd, 4318303.093, 120
Trd, 4318303.443, 140
Trd, 4318303.693, 120
Trd, 4318303.843, 140
Trd, 4318304.043, 120
Trd, 4318304.393, 119
Trd, 4318305.493, 139
Trd, 4318306.643, 138
Trd, 4318307.143, 139
Trd, 4318309.143, 140
Trd, 4318310.143, 140
Trd, 4318310.493, 140
Trd, 4318310.643, 140
Trd, 4318310.743, 140
Trd, 4318311.143, 138
Trd, 4318311.843, 140
Trd, 4318312.193, 140
Trd, 4318312.443, 140
Trd, 4318313.743, 140
Trd, 4318314.043, 140
Trd, 4318314.693, 139
Trd, 4318315.043, 99
Trd, 4318317.543, 140
Trd, 4318318.343, 140
Trd, 4318318.443, 140
Trd, 4318318.993, 72
Trd, 4318320.243, 137
Trd, 4318321.043, 131
Trd, 4318321.793, 140
Trd, 4318322.493, 140
Trd, 4318322.743, 140
Trd, 4318323.093, 140
Trd, 4318323.743, 127
Trd, 4318325.293, 61
Trd, 4318325.393, 73
Trd, 4318326.093, 61
Trd, 4318326.743, 61
Trd, 4318330.043, 60
Trd, 4318330.193, 60
Trd, 4318330.393, 62
Trd, 4318330.943, 61
Trd, 4318331.243, 62
Trd, 4318333.093, 61
Trd, 4318334.043, 61
Trd, 4318334.443, 62
Trd, 4318335.143, 66
Trd, 4318335.643, 62
Trd, 4318335.943, 63
Trd, 4318336.193, 64
Trd, 4318336.393, 63
Trd, 4318336.493, 69
Trd, 4318337.393, 66
Trd, 4318339.693, 140
Trd, 4318340.993, 89
Trd, 4318341.143, 88
Trd, 4318341.743, 97
Trd, 4318341.893, 91
Trd, 4318342.993, 61
Trd, 4318343.243, 61
Trd, 4318343.693, 73
Trd, 4318344.543, 66
Trd, 4318347.593, 60
Trd, 4318348.043, 60
Trd, 4318348.393, 62
Trd, 4318348.743, 61
Trd, 4318349.243, 61
Trd, 4318349.343, 68
Trd, 4318350.593, 66
Trd, 4318350.993, 78
Trd, 4318351.843, 69
Trd, 4318352.043, 68
Trd, 4318352.843, 64
Trd, 4318353.693, 68
Trd, 4318354.293, 60
Trd, 4318354.493, 61
Trd, 4318357.693, 60
Trd, 4318357.743, 60
Trd, 4318359.093, 61
Trd, 4318359.393, 62
Trd, 4318359.443, 63
Trd, 4318359.693, 66
Trd, 4318359.943, 65
Trd, 4318360.743, 64
Trd, 4318360.993, 64
Trd, 4318362.493, 68
Trd, 4318362.643, 68
Trd, 4318362.743, 70
Trd, 4318363.593, 73
Trd, 4318363.893, 84
Trd, 4318363.943, 68
Trd, 4318364.893, 66
Trd, 4318365.943, 121
Trd, 4318366.143, 140
Trd, 4318366.293, 120
Trd, 4318366.543, 120
Trd, 4318367.093, 66
Trd, 4318368.593, 140
Trd, 4318370.693, 60
Trd, 4318371.293, 62
Trd, 4318371.393, 65
Trd, 4318371.493, 72
Trd, 4318372.593, 68
Trd, 4318372.993, 70
Trd, 4318373.543, 92
Trd, 4318373.843, 74
Trd, 4318374.293, 71
Trd, 4318374.593, 72
Trd, 4318374.743, 68
Trd, 4318377.893, 60
Trd, 4318378.743, 60
Trd, 4318379.193, 61
Trd, 4318379.993, 61
Trd, 4318381.543, 60
Trd, 4318382.943, 60
Trd, 4318383.243, 60
Trd, 4318383.593, 61
Trd, 4318383.993, 66
Trd, 4318384.243, 73
Trd, 4318384.943, 68
Trd, 4318385.593, 66
Trd, 4318386.243, 69
Trd, 4318387.043, 70
Trd, 4318387.243, 68
Trd, 4318387.443, 71
Trd, 4318387.693, 65
Trd, 4318387.893, 64
Trd, 4318390.793, 60
Trd, 4318391.843, 61
Trd, 4318393.593, 64
Trd, 4318393.993, 60
Trd, 4318394.643, 61
Trd, 4318396.193, 60
Trd, 4318397.693, 60
Trd, 4318397.893, 60
Trd, 4318398.293, 60
Trd, 4318398.343, 61
Trd, 4318399.143, 62
Trd, 4318400.043, 63
Trd, 4318400.693, 64
Trd, 4318400.893, 68
Trd, 4318401.193, 70
Trd, 4318401.393, 67
Trd, 4318402.843, 64
Trd, 4318404.793, 60
Trd, 4318405.793, 64
Trd, 4318407.443, 68
Trd, 4318408.843, 60
Trd, 4318408.893, 60
Trd, 4318409.143, 63
Trd, 4318409.593, 65
Trd, 4318409.693, 63
Trd, 4318410.143, 68
Trd, 4318410.493, 67
Trd, 4318411.243, 67
Trd, 4318412.043, 68
Trd, 4318412.443, 67
Trd, 4318413.143, 63
Trd, 4318414.093, 62
Trd, 4318414.443, 83
Trd, 4318416.543, 62
Trd, 4318417.393, 60
Trd, 4318418.093, 61
Trd, 4318419.593, 60
Trd, 4318419.693, 61
Trd, 4318420.543, 61
Trd, 4318420.943, 73
Trd, 4318421.143, 63
Trd, 4318421.393, 74
Trd, 4318421.993, 91
Trd, 4318422.843, 67
Trd, 4318423.343, 72
Trd, 4318423.893, 83
Trd, 4318424.043, 71
Trd, 4318424.143, 140
Trd, 4318425.493, 68
Trd, 4318425.843, 60
Trd, 4318427.393, 60
Trd, 4318428.793, 61
Trd, 4318430.543, 61
Trd, 4318431.993, 60
Trd, 4318432.143, 84
Trd, 4318432.593, 60
Trd, 4318432.893, 101
Trd, 4318433.043, 61
Trd, 4318433.393, 75
Trd, 4318433.543, 63
Trd, 4318434.243, 65
Trd, 4318434.493, 104
Trd, 4318434.793, 61
Trd, 4318436.643, 60
Trd, 4318439.293, 60
Trd, 4318440.443, 61
Trd, 4318440.793, 64
Trd, 4318441.943, 60
Trd, 4318442.993, 60
Trd, 4318443.093, 60
Trd, 4318443.743, 60
Trd, 4318443.943, 64
Trd, 4318444.393, 65
Trd, 4318444.693, 69
Trd, 4318445.643, 74
Trd, 4318445.793, 73
Trd, 4318446.593, 71
Trd, 4318446.993, 73
Trd, 4318448.193, 76
Trd, 4318448.643, 88
Trd, 4318448.693, 78
Trd, 4318449.543, 77
Trd, 4318450.243, 68
Trd, 4318450.943, 77
Trd, 4318451.693, 61
Trd, 4318452.943, 72
Trd, 4318453.793, 62
Trd, 4318457.493, 60
Trd, 4318458.093, 61
Trd, 4318458.293, 60
Trd, 4318459.593, 60
Trd, 4318460.093, 60
Trd, 4318460.193, 60
Trd, 4318460.643, 62
Trd, 4318461.393, 65
Trd, 4318462.293, 70
Trd, 4318462.893, 75
Trd, 4318463.693, 88
Trd, 4318463.993, 80
Trd, 4318464.093, 79
Trd, 4318464.443, 77
Trd, 4318464.743, 108
Trd, 4318465.243, 75
Trd, 4318465.793, 69
Trd, 4318466.443, 111
Trd, 4318466.693, 67
Trd, 4318467.543, 63
Trd, 4318468.493, 65
Trd, 4318470.543, 60
Trd, 4318470.693, 60
Trd, 4318470.943, 64
Trd, 4318473.843, 60
Trd, 4318474.493, 60
Trd, 4318474.843, 61
Trd, 4318475.243, 62
Trd, 4318475.293, 61
Trd, 4318475.343, 64
Trd, 4318476.143, 72
Trd, 4318476.493, 66
Trd, 4318478.793, 61
Trd, 4318479.093, 62
Trd, 4318479.193, 62
Trd, 4318479.693, 65
Trd, 4318480.393, 67
Trd, 4318480.843, 111
Trd, 4318482.093, 64
Trd, 4318483.493, 60
Trd, 4318483.943, 64
Trd, 4318487.393, 60
Trd, 4318488.143, 60
Trd, 4318488.393, 60
Trd, 4318488.993, 61
Trd, 4318489.143, 61
Trd, 4318489.543, 61
Trd, 4318489.943, 60
Trd, 4318490.643, 62
Trd, 4318491.443, 65
Trd, 4318492.793, 61
Trd, 4318493.293, 61
Trd, 4318493.643, 63
Trd, 4318493.943, 60
Trd, 4318495.543, 60
Trd, 4318496.243, 63
Trd, 4318496.943, 65
Trd, 4318497.043, 71
Trd, 4318497.243, 93
Trd, 4318497.793, 68
Trd, 4318498.743, 70
Trd, 4318498.843, 68
Trd, 4318499.443, 66
Trd, 4318500.193, 112
Trd, 4318500.743, 71
Trd, 4318501.093, 73
Trd, 4318501.193, 71
Trd, 4318501.743, 68
Trd, 4318502.243, 140
Trd, 4318503.343, 138
Trd, 4318504.393, 61
Trd, 4318506.943, 60
Trd, 4318507.443, 62
Trd, 4318507.693, 66
Trd, 4318508.243, 73
Trd, 4318508.843, 140
Trd, 4318508.993, 140
Trd, 4318509.893, 73
Trd, 4318509.993, 72
Trd, 4318511.143, 60
Trd, 4318514.793, 61
Trd, 4318515.693, 60
Trd, 4318515.943, 60
Trd, 4318518.143, 60
Trd, 4318518.293, 61
Trd, 4318518.543, 64
Trd, 4318519.443, 66
Trd, 4318519.793, 65
Trd, 4318519.843, 63
Trd, 4318520.493, 69
Trd, 4318520.743, 70
Trd, 4318522.143, 74
Trd, 4318522.193, 73
Trd, 4318522.593, 112
Trd, 4318525.143, 61
Trd, 4318525.593, 63
Trd, 4318526.643, 60
Trd, 4318527.393, 64
Trd, 4318527.893, 65
Trd, 4318528.143, 66
Trd, 4318528.293, 97
Trd, 4318528.643, 82
Trd, 4318528.693, 65
Trd, 4318529.043, 64
Trd, 4318530.093, 60
Trd, 4318530.143, 61
Trd, 4318530.593, 64
Trd, 4318531.893, 71
Trd, 4318533.393, 61
Trd, 4318534.043, 63
Trd, 4318534.743, 67
Trd, 4318535.143, 71
Trd, 4318535.793, 95
Trd, 4318536.093, 100
Trd, 4318536.493, 102
Trd, 4318536.743, 110
Trd, 4318536.793, 101
Trd, 4318537.593, 100
Trd, 4318537.793, 99
Trd, 4318539.343, 60
Trd, 4318540.843, 60
Trd, 4318541.293, 62
Trd, 4318541.343, 109
Trd, 4318542.843, 61
Trd, 4318543.143, 61
Trd, 4318544.193, 67
Trd, 4318544.243, 65
Trd, 4318545.893, 65
Trd, 4318546.343, 70
Trd, 4318546.393, 64
Trd, 4318547.443, 87
Trd, 4318547.643, 77
Trd, 4318548.343, 79
Trd, 4318548.393, 78
Trd, 4318548.543, 63
Trd, 4318549.193, 113
Trd, 4318549.643, 135
Trd, 4318551.893, 74
Trd, 4318551.943, 73
Trd, 4318554.643, 78
Trd, 4318554.743, 78
Trd, 4318555.493, 95
Trd, 4318556.093, 60
Trd, 4318556.393, 64
Trd, 4318557.143, 61
Trd, 4318560.243, 60
Trd, 4318560.593, 62
Trd, 4318560.943, 63
Trd, 4318562.843, 81
Trd, 4318564.093, 60
Trd, 4318565.343, 60
Trd, 4318565.443, 60
Trd, 4318565.793, 62
Trd, 4318565.893, 63
Trd, 4318567.193, 60
Trd, 4318567.343, 61
Trd, 4318571.993, 60
Trd, 4318572.643, 61
Trd, 4318572.693, 61
Trd, 4318572.893, 61
Trd, 4318572.943, 62
Trd, 4318573.343, 60
Trd, 4318573.793, 127
Trd, 4318574.743, 64
Trd, 4318574.943, 65
Trd, 4318575.143, 65
Trd, 4318575.693, 64
Trd, 4318577.593, 60
Trd, 4318579.893, 60
Trd, 4318580.343, 60
Trd, 4318581.643, 60
Trd, 4318582.793, 60
Trd, 4318583.143, 60
Trd, 4318583.693, 63
Trd, 4318583.743, 62
Trd, 4318584.143, 75
Trd, 4318584.493, 66
Trd, 4318584.793, 67
Trd, 4318585.343, 66
Trd, 4318586.643, 64
Trd, 4318587.943, 83
Trd, 4318588.893, 65
Trd, 4318589.793, 121
Trd, 4318590.643, 104
Trd, 4318590.693, 83
Trd, 4318590.893, 84
Trd, 4318591.893, 112
Trd, 4318592.493, 111
Trd, 4318594.093, 117
Trd, 4318594.343, 118
Trd, 4318594.593, 117
Trd, 4318594.643, 91
Trd, 4318595.193, 140
Trd, 4318596.293, 66
Trd, 4318597.643, 140
Trd, 4318597.743, 140
Trd, 4318597.993, 140
Trd, 4318598.493, 140
Trd, 4318599.093, 140
Trd, 4318599.643, 140
Trd, 4318600.193, 140
Trd, 4318600.743, 140
Trd, 4318600.893, 139
Trd, 4318601.043, 138
Trd, 4318603.243, 137
Trd, 4318603.643, 138
Trd, 4318603.993, 93
Trd, 4318604.843, 135
Trd, 4318605.593, 109
Trd, 4318606.393, 110
Trd, 4318607.693, 140
Trd, 4318608.093, 140
Trd, 4318608.693, 140
Trd, 4318610.093, 140
Trd, 4318610.243, 133
Trd, 4318611.743, 140
Trd, 4318612.243, 140
Trd, 4318612.493, 140
Trd, 4318612.643, 140
Trd, 4318613.393, 140
Trd, 4318614.743, 140
Trd, 4318616.243, 140
Trd, 4318616.443, 140
Trd, 4318616.543, 139
Trd, 4318617.343, 95
Trd, 4318618.243, 96
Trd, 4318618.643, 96
Trd, 4318619.093, 140
Trd, 4318619.143, 140
Trd, 4318620.393, 135
Trd, 4318621.243, 132
Trd, 4318622.643, 140
Trd, 4318622.893, 140
Trd, 4318623.093, 140
Trd, 4318623.793, 140
Trd, 4318625.293, 140
Trd, 4318625.693, 140
Trd, 4318626.793, 140
Trd, 4318627.393, 140
Trd, 4318628.143, 140
Trd, 4318629.043, 140
Trd, 4318629.793, 140
Trd, 4318630.093, 140
Trd, 4318630.493, 140
Trd, 4318630.893, 105
Trd, 4318631.143, 140
Trd, 4318632.893, 61
Trd, 4318634.043, 62
Trd, 4318634.593, 68
Trd, 4318634.643, 64
Trd, 4318635.543, 60
Trd, 4318636.893, 61
Trd, 4318637.593, 62
Trd, 4318639.693, 61
Trd, 4318639.893, 63
Trd, 4318640.743, 63
Trd, 4318641.393, 68
Trd, 4318641.593, 67
Trd, 4318641.943, 69
Trd, 4318642.193, 77
Trd, 4318643.193, 73
Trd, 4318643.593, 140
Trd, 4318644.543, 140
Trd, 4318644.743, 140
Trd, 4318646.193, 140
Trd, 4318646.343, 140
Trd, 4318646.593, 140
Trd, 4318647.693, 140
Trd, 4318647.943, 136
Trd, 4318648.543, 80
Trd, 4318649.143, 131
Trd, 4318649.493, 131
Trd, 4318651.893, 60
Trd, 4318651.943, 65
Trd, 4318652.343, 73
Trd, 4318652.743, 75
Trd, 4318653.793, 93
Trd, 4318654.843, 73
Trd, 4318655.593, 71
Trd, 4318656.243, 69
Trd, 4318656.893, 74
Trd, 4318657.493, 69
Trd, 4318657.993, 69
Trd, 4318658.893, 140
Trd, 4318659.143, 104
Trd, 4318660.843, 117
Trd, 4318661.193, 139
Trd, 4318661.393, 112
Trd, 4318663.043, 132
Trd, 4318663.093, 131
Trd, 4318663.393, 138
Trd, 4318664.343, 137
Trd, 4318664.743, 135
Trd, 4318664.993, 133
Trd, 4318665.893, 140
Trd, 4318666.043, 127
Trd, 4318668.393, 83
Trd, 4318668.843, 88
Trd, 4318669.243, 84
Trd, 4318669.993, 87
Trd, 4318670.193, 140
Trd, 4318670.243, 139
Trd, 4318672.243, 140
Trd, 4318672.643, 140
Trd, 4318673.143, 140
Trd, 4318674.143, 140
Trd, 4318674.243, 140
Trd, 4318674.793, 81
Trd, 4318674.893, 131
Trd, 4318676.743, 60
Trd, 4318677.643, 62
Trd, 4318677.843, 65
Trd, 4318678.743, 63
Trd, 4318680.443, 61
Trd, 4318681.193, 62
Trd, 4318681.593, 66
Trd, 4318681.793, 67
Trd, 4318682.343, 64
Trd, 4318682.943, 64
Trd, 4318683.643, 69
Trd, 4318683.943, 67
Trd, 4318684.493, 118
Trd, 4318685.493, 103
Trd, 4318686.493, 60
Trd, 4318689.393, 61
Trd, 4318691.543, 60
Trd, 4318691.643, 60
Trd, 4318691.793, 60
Trd, 4318692.343, 61
Trd, 4318692.393, 62
Trd, 4318692.443, 65
Trd, 4318693.243, 69
Trd, 4318694.043, 67
Trd, 4318694.993, 81
Trd, 4318695.143, 76
Trd, 4318695.343, 73
Trd, 4318695.593, 72
Trd, 4318697.593, 61
Trd, 4318700.193, 60
Trd, 4318700.743, 60
Trd, 4318701.193, 60
Trd, 4318701.293, 61
Trd, 4318701.543, 65
Trd, 4318702.493, 64
Trd, 4318702.593, 63
Trd, 4318703.443, 62
Trd, 4318704.643, 65
Trd, 4318705.793, 60
Trd, 4318706.843, 60
Trd, 4318708.343, 60
Trd, 4318708.743, 61
Trd, 4318712.543, 61
Trd, 4318713.243, 60
Trd, 4318713.593, 60
Trd, 4318714.543, 60
Trd, 4318715.293, 64
Trd, 4318715.393, 65
Trd, 4318715.543, 63
Trd, 4318716.093, 61
Trd, 4318716.343, 64
Trd, 4318716.593, 65
Trd, 4318716.793, 64
Trd, 4318717.493, 64
Trd, 4318717.743, 71
Trd, 4318718.993, 106
Trd, 4318719.543, 117
Trd, 4318720.293, 116
Trd, 4318720.793, 107
Trd, 4318720.943, 109
Trd, 4318722.293, 60
Trd, 4318724.143, 60
Trd, 4318726.843, 60
Trd, 4318728.093, 60
Trd, 4318728.293, 60
Trd, 4318730.393, 60
Trd, 4318731.193, 60
Trd, 4318731.593, 60
Trd, 4318732.393, 62
Trd, 4318732.443, 65
Trd, 4318732.943, 61
Trd, 4318733.343, 63
Trd, 4318734.393, 66
Trd, 4318735.443, 78
Trd, 4318735.593, 70
Trd, 4318735.743, 69
Trd, 4318735.893, 70
Trd, 4318736.793, 88
Trd, 4318737.843, 75
Trd, 4318737.893, 74
Trd, 4318738.743, 88
Trd, 4318739.043, 79
Trd, 4318740.043, 78
Trd, 4318740.093, 76
Trd, 4318740.543, 73
Trd, 4318741.293, 62
Trd, 4318744.343, 60
Trd, 4318744.443, 61
Trd, 4318744.643, 62
Trd, 4318744.693, 62
Trd, 4318745.093, 64
Trd, 4318745.243, 66
Trd, 4318745.493, 64
Trd, 4318746.293, 64
Trd, 4318747.643, 140
Trd, 4318748.743, 140
Trd, 4318748.893, 140
Trd, 4318749.593, 140
Trd, 4318749.843, 98
Trd, 4318750.543, 69
Trd, 4318751.593, 101
Trd, 4318751.743, 100
Trd, 4318753.143, 140
Trd, 4318754.093, 140
Trd, 4318754.193, 140
Trd, 4318755.293, 140
Trd, 4318756.043, 140
Trd, 4318756.943, 140
Trd, 4318758.093, 140
Trd, 4318758.493, 140
Trd, 4318759.093, 140
Trd, 4318759.843, 103
Trd, 4318760.393, 85
Trd, 4318760.493, 85
Trd, 4318761.843, 140
Trd, 4318761.893, 140
Trd, 4318762.043, 102
Trd, 4318763.043, 138
Trd, 4318764.293, 109
Trd, 4318764.343, 107
Trd, 4318764.893, 140
Trd, 4318765.793, 140
Trd, 4318765.993, 140
Trd, 4318766.493, 140
Trd, 4318766.993, 121
Trd, 4318769.293, 140
Trd, 4318769.493, 140
Trd, 4318770.243, 140
Trd, 4318770.743, 140
Trd, 4318770.943, 140
Trd, 4318771.193, 140
Trd, 4318771.593, 75
Trd, 4318772.393, 140
Trd, 4318774.393, 140
Trd, 4318774.893, 140
Trd, 4318775.643, 140
Trd, 4318775.793, 140
Trd, 4318776.593, 140
Trd, 4318776.643, 140
Trd, 4318777.093, 140
Trd, 4318777.343, 140
Trd, 4318777.743, 139
Trd, 4318779.493, 140
Trd, 4318779.593, 138
Trd, 4318779.943, 110
Trd, 4318780.843, 130
Trd, 4318781.543, 112
Trd, 4318782.793, 140
Trd, 4318782.843, 140
Trd, 4318783.993, 140
Trd, 4318785.893, 140
Trd, 4318785.993, 140
Trd, 4318786.693, 140
Trd, 4318786.993, 140
Trd, 4318787.843, 137
Trd, 4318788.443, 140
Trd, 4318790.543, 140
Trd, 4318791.043, 140
Trd, 4318792.093, 140
Trd, 4318792.343, 140
Trd, 4318792.393, 140
Trd, 4318792.993, 140
Trd, 4318793.443, 124
Trd, 4318793.943, 60
Trd, 4318794.593, 60
Trd, 4318797.293, 61
Trd, 4318798.143, 64
Trd, 4318798.193, 65
Trd, 4318798.593, 73
Trd, 4318802.493, 60
Trd, 4318803.243, 61
Trd, 4318805.043, 60
Trd, 4318805.643, 60
Trd, 4318805.693, 60
Trd, 4318805.993, 62
Trd, 4318806.443, 63
Trd, 4318807.093, 65
Trd, 4318807.143, 74
Trd, 4318807.893, 64
Trd, 4318808.693, 69
Trd, 4318809.993, 70
Trd, 4318810.193, 71
Trd, 4318810.343, 69
Trd, 4318811.593, 88
Trd, 4318811.643, 91
Trd, 4318811.693, 72
Trd, 4318812.093, 119
Trd, 4318812.843, 73
Trd, 4318812.993, 133
Trd, 4318813.743, 72
Trd, 4318813.943, 134
Trd, 4318814.843, 62
Trd, 4318817.043, 140
Trd, 4318817.093, 140
Trd, 4318817.343, 140
Trd, 4318818.793, 140
Trd, 4318819.243, 140
Trd, 4318819.743, 140
Trd, 4318821.793, 140
Trd, 4318822.093, 140
Trd, 4318822.243, 140
Trd, 4318822.443, 140
Trd, 4318822.843, 120
Trd, 4318824.193, 140
Trd, 4318825.143, 140
Trd, 4318825.643, 140
Trd, 4318825.743, 140
Trd, 4318825.943, 140
Trd, 4318826.393, 140
Trd, 4318827.593, 140
Trd, 4318828.993, 140
Trd, 4318830.093, 140
Trd, 4318830.193, 140
Trd, 4318830.293, 140
Trd, 4318830.943, 140
Trd, 4318831.943, 97
Trd, 4318832.643, 140
Trd, 4318833.593, 140
Trd, 4318834.643, 127
Trd, 4318835.893, 60
Trd, 4318836.993, 63
Trd, 4318837.743, 79
Trd, 4318837.793, 62
Trd, 4318838.343, 65
Trd, 4318838.493, 63
Trd, 4318838.893, 71
Trd, 4318839.493, 65
Trd, 4318839.643, 62
Trd, 4318839.993, 70
Trd, 4318841.993, 64
Trd, 4318843.843, 61
Trd, 4318845.343, 60
Trd, 4318845.543, 60
Trd, 4318846.243, 63
Trd, 4318846.543, 73
Trd, 4318847.043, 105
Trd, 4318847.293, 63
Trd, 4318847.343, 61
Trd, 4318848.043, 62
Trd, 4318848.143, 140
Trd, 4318849.893, 64
Trd, 4318849.993, 61
Trd, 4318850.543, 77
Trd, 4318853.543, 60
Trd, 4318855.643, 60
Trd, 4318855.743, 60
Trd, 4318855.993, 64
Trd, 4318856.193, 60
Trd, 4318856.343, 62
Trd, 4318856.643, 65
Trd, 4318856.943, 62
Trd, 4318857.193, 64
Trd, 4318857.243, 65
Trd, 4318861.293, 61
Trd, 4318861.843, 61
Trd, 4318862.593, 61
Trd, 4318863.443, 61
Trd, 4318864.143, 61
Trd, 4318865.143, 63
Trd, 4318865.743, 65
Trd, 4318866.243, 64
Trd, 4318866.443, 75
Trd, 4318866.843, 70
Trd, 4318867.593, 123
Trd, 4318868.293, 67
Trd, 4318868.593, 67
Trd, 4318868.693, 80
Trd, 4318869.893, 63
Trd, 4318871.043, 60
Trd, 4318871.243, 63
Trd, 4318871.893, 62
Trd, 4318872.043, 61
Trd, 4318872.243, 61
Trd, 4318872.793, 63
Trd, 4318874.793, 62
Trd, 4318875.293, 65
Trd, 4318876.943, 60
Trd, 4318877.343, 60
Trd, 4318878.743, 60
Trd, 4318880.943, 60
Trd, 4318881.343, 60
Trd, 4318882.043, 60
Trd, 4318882.343, 61
Trd, 4318882.743, 63
Trd, 4318883.393, 60
Trd, 4318883.543, 70
Trd, 4318884.493, 60
Trd, 4318885.493, 62
Trd, 4318885.593, 64
Trd, 4318886.093, 69
Trd, 4318887.293, 67
Trd, 4318887.343, 70
Trd, 4318888.293, 99
Trd, 4318889.093, 87
Trd, 4318889.543, 100
Trd, 4318889.693, 86
Trd, 4318890.543, 71
Trd, 4318891.793, 110
Trd, 4318892.043, 110
Trd, 4318892.393, 132
Trd, 4318892.543, 109
Trd, 4318893.743, 140
Trd, 4318893.943, 140
Trd, 4318895.243, 60
Trd, 4318895.443, 61
Trd, 4318898.193, 60
Trd, 4318898.693, 62
Trd, 4318899.293, 60
Trd, 4318899.393, 60
Trd, 4318899.893, 60
Trd, 4318900.493, 60
Trd, 4318900.843, 60
Trd, 4318901.543, 63
Trd, 4318901.693, 62
Trd, 4318903.343, 65
Trd, 4318903.493, 109
Trd, 4318904.093, 68
Trd, 4318904.543, 106
Trd, 4318904.943, 70
Trd, 4318908.343, 60
Trd, 4318908.643, 60
Trd, 4318908.793, 61
Trd, 4318909.443, 60
Trd, 4318909.643, 61
Trd, 4318911.293, 61
Trd, 4318912.343, 61
Trd, 4318912.543, 61
Trd, 4318912.793, 72
Trd, 4318913.043, 73
Trd, 4318913.443, 63
Trd, 4318914.093, 65
Trd, 4318914.843, 65
Trd, 4318915.643, 61
Trd, 4318917.593, 60
Trd, 4318918.143, 64
Trd, 4318918.343, 62
Trd, 4318920.243, 60
Trd, 4318920.743, 61
Trd, 4318921.143, 64
Trd, 4318921.493, 64
Trd, 4318922.393, 84
Trd, 4318922.943, 70
Trd, 4318922.993, 69
Trd, 4318923.643, 101
Trd, 4318924.243, 72
Trd, 4318925.593, 91
Trd, 4318925.643, 90
Trd, 4318926.243, 81
Trd, 4318927.243, 140
Trd, 4318928.793, 140
Trd, 4318928.843, 140
Trd, 4318929.093, 140
Trd, 4318930.193, 140
Trd, 4318930.893, 140
Trd, 4318932.093, 140
Trd, 4318932.793, 140
Trd, 4318933.393, 140
Trd, 4318934.143, 140
Trd, 4318934.243, 140
Trd, 4318935.343, 140
Trd, 4318935.743, 140
Trd, 4318935.993, 140
Trd, 4318937.743, 139
Trd, 4318937.793, 138
Trd, 4318938.843, 139
Trd, 4318939.243, 137
Trd, 4318939.693, 105
Trd, 4318939.843, 67
Trd, 4318941.093, 140
Trd, 4318941.493, 140
Trd, 4318942.343, 140
Trd, 4318942.393, 140
Trd, 4318942.593, 107
Trd, 4318943.593, 140
Trd, 4318943.793, 140
Trd, 4318944.593, 139
Trd, 4318946.093, 140
Trd, 4318946.293, 140
Trd, 4318946.593, 140
Trd, 4318946.893, 103
Trd, 4318947.693, 140
Trd, 4318947.743, 129
Trd, 4318949.143, 60
Trd, 4318950.543, 61
Trd, 4318953.643, 60
Trd, 4318955.343, 60
Trd, 4318955.493, 60
Trd, 4318955.543, 60
Trd, 4318955.743, 64
Trd, 4318956.143, 61
Trd, 4318956.693, 61
Trd, 4318957.193, 63
Trd, 4318957.643, 64
Trd, 4318958.343, 116
Trd, 4318958.593, 64
Trd, 4318959.343, 78
Trd, 4318959.543, 66
Trd, 4318960.093, 67
Trd, 4318960.693, 67
Trd, 4318961.143, 67
Trd, 4318961.393, 68
Trd, 4318962.543, 105
Trd, 4318963.043, 139
Trd, 4318963.643, 138
Trd, 4318963.743, 95
Trd, 4318964.993, 62
Trd, 4318965.643, 61
Trd, 4318967.793, 60
Trd, 4318968.743, 63
Trd, 4318969.293, 64
Trd, 4318969.993, 60
Trd, 4318970.893, 60
Trd, 4318971.093, 60
Trd, 4318971.443, 64
Trd, 4318971.593, 63
Trd, 4318971.743, 66
Trd, 4318971.843, 68
Trd, 4318972.093, 72
Trd, 4318972.893, 67
Trd, 4318973.193, 65
Trd, 4318974.443, 60
Trd, 4318976.093, 60
Trd, 4318976.793, 62
Trd, 4318976.843, 64
Trd, 4318980.293, 60
Trd, 4318980.843, 63
Trd, 4318981.643, 63
Trd, 4318981.843, 62
Trd, 4318982.643, 79
Trd, 4318982.693, 63
Trd, 4318982.893, 64
Trd, 4318983.843, 109
Trd, 4318984.943, 72
Trd, 4318986.293, 78
Trd, 4318986.493, 118
Trd, 4318987.043, 112
Trd, 4318987.093, 80
Trd, 4318987.393, 79
Trd, 4318987.743, 90
Trd, 4318988.593, 90
Trd, 4318989.693, 70
Trd, 4318989.893, 99
Trd, 4318990.793, 126
Trd, 4318990.843, 85
Trd, 4318991.093, 83
Trd, 4318992.043, 81
Trd, 4318993.343, 85
Trd, 4318993.443, 89
Trd, 4318993.793, 84
Trd, 4318995.143, 116
Trd, 4318995.843, 93
Trd, 4318997.093, 111
Trd, 4318997.343, 140
Trd, 4318997.643, 140
Trd, 4318998.143, 67
Trd, 4318999.493, 62
Trd, 4318999.893, 60
Trd, 4319001.043, 63
Trd, 4319001.193, 64
Trd, 4319002.343, 90
Trd, 4319003.243, 63
Trd, 4319004.443, 63
Trd, 4319004.543, 64
Trd, 4319004.643, 62
Trd, 4319004.943, 63
Trd, 4319005.493, 61
Trd, 4319007.043, 65
Trd, 4319008.593, 73
Trd, 4319008.943, 60
Trd, 4319010.843, 60
Trd, 4319010.943, 60
Trd, 4319011.643, 60
Trd, 4319013.993, 60
Trd, 4319016.243, 61
Trd, 4319016.293, 62
Trd, 4319016.443, 63
Trd, 4319016.693, 63
Trd, 4319016.843, 64
Trd, 4319017.843, 62
Trd, 4319019.893, 60
Trd, 4319020.193, 61
Trd, 4319020.593, 62
Trd, 4319020.843, 61
Trd, 4319021.143, 63
Trd, 4319021.593, 75
Trd, 4319022.293, 64
Trd, 4319022.443, 64
Trd, 4319022.643, 61
Trd, 4319022.843, 60
Trd, 4319022.993, 86
Trd, 4319024.593, 121
Trd, 4319025.143, 81
Trd, 4319025.293, 64
Trd, 4319025.843, 63
Trd, 4319026.643, 106
Trd, 4319027.793, 67
Trd, 4319028.043, 68
Trd, 4319028.343, 66
Trd, 4319028.693, 61
Trd, 4319029.643, 62
Trd, 4319030.943, 60
Trd, 4319031.243, 61
Trd, 4319033.093, 66
Trd, 4319033.193, 74
Trd, 4319035.793, 60
Trd, 4319035.943, 60
Trd, 4319036.243, 61
Trd, 4319036.293, 61
Trd, 4319036.443, 70
Trd, 4319037.393, 63
Trd, 4319037.793, 61
Trd, 4319037.993, 65
Trd, 4319038.093, 60
Trd, 4319040.443, 60
Trd, 4319041.443, 66
Trd, 4319041.543, 78
Trd, 4319043.343, 60
Trd, 4319043.793, 60
Trd, 4319044.143, 62
Trd, 4319044.743, 66
Trd, 4319044.893, 73
Trd, 4319045.193, 61
Trd, 4319045.593, 63
Trd, 4319046.093, 64
Trd, 4319046.543, 64
Trd, 4319046.793, 65
Trd, 4319046.843, 63
Trd, 4319049.343, 61
Trd, 4319050.993, 60
Trd, 4319051.793, 60
Trd, 4319053.043, 60
Trd, 4319053.143, 60
Trd, 4319053.543, 64
Trd, 4319053.893, 75
Trd, 4319054.593, 115
Trd, 4319055.143, 117
Trd, 4319055.293, 115
Trd, 4319056.743, 61
Trd, 4319056.943, 70
Trd, 4319058.043, 60
Trd, 4319058.293, 65
Trd, 4319058.743, 66
Trd, 4319059.093, 65
Trd, 4319060.643, 73
Trd, 4319060.743, 60
Trd, 4319061.993, 63
Trd, 4319063.293, 61
Trd, 4319063.943, 67
Trd, 4319063.993, 63
Trd, 4319064.043, 80
Trd, 4319064.993, 80
Trd, 4319065.743, 102
Trd, 4319066.043, 72
Trd, 4319066.193, 71
Trd, 4319067.993, 91
Trd, 4319068.443, 92
Trd, 4319068.893, 91
Trd, 4319070.043, 140
Trd, 4319070.343, 140
Trd, 4319071.543, 139
Trd, 4319072.493, 139
Trd, 4319072.593, 140
Trd, 4319074.993, 140
Trd, 4319075.243, 140
Trd, 4319075.343, 140
Trd, 4319075.643, 140
Trd, 4319076.393, 135
Trd, 4319076.443, 115
Trd, 4319076.693, 60
Trd, 4319077.343, 67
Trd, 4319080.843, 64
Trd, 4319081.443, 60
Trd, 4319081.593, 64
Trd, 4319082.343, 64
Trd, 4319082.593, 63
Trd, 4319082.743, 63
Trd, 4319082.843, 62
Trd, 4319083.343, 61
Trd, 4319084.543, 69
Trd, 4319084.743, 78
Trd, 4319084.843, 66
Trd, 4319085.493, 67
Trd, 4319085.543, 66
Trd, 4319087.393, 61
Trd, 4319088.443, 68
Trd, 4319090.943, 64
Trd, 4319091.243, 62
Trd, 4319091.643, 62
Trd, 4319092.393, 60
Trd, 4319092.943, 62
Trd, 4319093.193, 73
Trd, 4319094.393, 98
Trd, 4319094.543, 97
Trd, 4319095.293, 67
Trd, 4319095.443, 66
Trd, 4319096.443, 62
Trd, 4319097.143, 65
Trd, 4319097.793, 61
Trd, 4319097.993, 62
Trd, 4319098.943, 74
Trd, 4319098.993, 68
Trd, 4319099.543, 70
Trd, 4319101.243, 140
Trd, 4319101.393, 140
Trd, 4319102.093, 140
Trd, 4319103.043, 140
Trd, 4319103.843, 133
Trd, 4319105.693, 140
Trd, 4319106.443, 140
Trd, 4319107.793, 140
Trd, 4319107.993, 140
Trd, 4319108.093, 140
Trd, 4319109.093, 140
Trd, 4319109.143, 140
Trd, 4319109.543, 140
Trd, 4319110.643, 140
Trd, 4319111.193, 140
Trd, 4319111.793, 140
Trd, 4319112.193, 140
Trd, 4319113.093, 140
Trd, 4319113.593, 140
Trd, 4319114.043, 125
Trd, 4319114.593, 125
Trd, 4319115.343, 140
Trd, 4319115.393, 139
Trd, 4319115.893, 125
Trd, 4319116.643, 126
Trd, 4319117.193, 85
Trd, 4319118.643, 140
Trd, 4319119.293, 140
Trd, 4319119.543, 140
Trd, 4319120.793, 140
Trd, 4319121.593, 140
Trd, 4319121.843, 140
Trd, 4319122.043, 81
Trd, 4319122.993, 138
Trd, 4319123.843, 139
Trd, 4319124.543, 140
Trd, 4319125.593, 140
Trd, 4319126.043, 139
Trd, 4319127.543, 136
Trd, 4319128.493, 136
Trd, 4319128.993, 136
Trd, 4319129.793, 129
Trd, 4319129.993, 111
Trd, 4319130.293, 109
Trd, 4319130.693, 62
Trd, 4319130.793, 64
Trd, 4319133.643, 60
Trd, 4319133.693, 60
Trd, 4319133.943, 61
Trd, 4319134.393, 62
Trd, 4319135.093, 61
Trd, 4319137.643, 60
Trd, 4319137.893, 62
Trd, 4319138.193, 67
Trd, 4319138.593, 61
Trd, 4319139.243, 64
Trd, 4319139.443, 76
Trd, 4319139.693, 64
Trd, 4319141.343, 60
Trd, 4319143.543, 60
Trd, 4319143.993, 60
Trd, 4319144.093, 61
Trd, 4319144.793, 61
Trd, 4319145.543, 63
Trd, 4319145.693, 63
Trd, 4319145.843, 65
Trd, 4319146.443, 109
Trd, 4319147.393, 61
Trd, 4319147.893, 66
Trd, 4319147.943, 127
Trd, 4319150.193, 62
Trd, 4319152.543, 60
Trd, 4319153.343, 60
Trd, 4319153.643, 63
Trd, 4319154.293, 60
Trd, 4319155.243, 60
Trd, 4319155.493, 61
Trd, 4319155.743, 63
Trd, 4319155.943, 63
Trd, 4319157.193, 63
Trd, 4319157.243, 75
Trd, 4319157.593, 61
Trd, 4319158.443, 62
Trd, 4319158.743, 63
Trd, 4319158.943, 73
Trd, 4319159.393, 70
Trd, 4319160.843, 138
Trd, 4319161.193, 139
Trd, 4319161.493, 137
Trd, 4319162.943, 78
Trd, 4319162.993, 76
Trd, 4319164.693, 137
Trd, 4319164.993, 137
Trd, 4319165.993, 134
Trd, 4319166.493, 139
Trd, 4319167.543, 139
Trd, 4319168.743, 122
Trd, 4319168.943, 140
Trd, 4319169.793, 140
Trd, 4319169.943, 123
Trd, 4319170.043, 122
Trd, 4319171.393, 140
Trd, 4319172.093, 140
Trd, 4319173.143, 140
Trd, 4319173.243, 140
Trd, 4319173.443, 138
Trd, 4319173.743, 137
Trd, 4319175.593, 61
Trd, 4319176.093, 62
Trd, 4319177.393, 63
Trd, 4319177.893, 64
Trd, 4319178.393, 70
Trd, 4319178.593, 77
Trd, 4319180.793, 63
Trd, 4319181.193, 68
Trd, 4319181.493, 65
Trd, 4319181.593, 65
Trd, 4319182.693, 63
Trd, 4319184.043, 63
Trd, 4319184.343, 63
Trd, 4319184.643, 64
Trd, 4319184.793, 65
Trd, 4319184.943, 65
Trd, 4319185.443, 66
Trd, 4319185.593, 69
Trd, 4319186.643, 68
Trd, 4319187.443, 69
Trd, 4319188.043, 71
Trd, 4319189.093, 73
Trd, 4319189.243, 72
Trd, 4319190.193, 62
Trd, 4319190.293, 65
Trd, 4319191.043, 66
Trd, 4319193.793, 60
Trd, 4319195.243, 60
Trd, 4319195.993, 62
Trd, 4319196.443, 64
Trd, 4319196.943, 67
Trd, 4319197.093, 68
Trd, 4319197.143, 66
Trd, 4319198.143, 78
Trd, 4319198.593, 66
Trd, 4319198.693, 79
Trd, 4319199.243, 68
Trd, 4319199.743, 68
Trd, 4319200.343, 94
Trd, 4319200.843, 71
Trd, 4319202.543, 63
Trd, 4319203.043, 61
Trd, 4319204.743, 60
Trd, 4319206.393, 62
Trd, 4319208.543, 60
Trd, 4319209.443, 60
Trd, 4319209.593, 60
Trd, 4319210.693, 60
Trd, 4319210.943, 62
Trd, 4319211.593, 63
Trd, 4319211.693, 62
Trd, 4319212.143, 65
Trd, 4319212.843, 65
Trd, 4319212.943, 64
Trd, 4319214.243, 63
Trd, 4319215.243, 62
Trd, 4319215.293, 63
Trd, 4319217.393, 61
Trd, 4319218.993, 61
Trd, 4319219.993, 61
Trd, 4319220.793, 61
Trd, 4319221.693, 60
Trd, 4319222.793, 60
Trd, 4319222.893, 60
Trd, 4319223.093, 62
Trd, 4319224.343, 65
Trd, 4319224.393, 64
Trd, 4319224.843, 65
Trd, 4319224.893, 63
Trd, 4319225.943, 63
Trd, 4319226.343, 60
Trd, 4319226.743, 64
Trd, 4319228.293, 66
Trd, 4319230.593, 60
Trd, 4319232.143, 61
Trd, 4319233.293, 61
Trd, 4319233.343, 65
Trd, 4319233.843, 68
Trd, 4319234.243, 69
Trd, 4319234.893, 71
Trd, 4319235.293, 69
Trd, 4319236.043, 72
Trd, 4319236.093, 70
Trd, 4319236.243, 69
Trd, 4319236.643, 60
Trd, 4319237.543, 81
Trd, 4319238.993, 72
Trd, 4319240.593, 63
Trd, 4319242.943, 60
Trd, 4319243.543, 60
Trd, 4319244.443, 62
Trd, 4319244.493, 62
Trd, 4319244.743, 62
Trd, 4319245.293, 65
Trd, 4319245.643, 75
Trd, 4319246.443, 70
Trd, 4319247.743, 75
Trd, 4319248.043, 73
Trd, 4319248.093, 110
Trd, 4319248.843, 61
Trd, 4319249.393, 113
Trd, 4319249.893, 113
Trd, 4319250.193, 140
Trd, 4319251.143, 112
Trd, 4319253.243, 139
Trd, 4319254.593, 140
Trd, 4319255.093, 140
Trd, 4319255.143, 140
Trd, 4319255.893, 140
Trd, 4319256.443, 139
Trd, 4319256.493, 139
Trd, 4319257.143, 123
Trd, 4319257.843, 140
Trd, 4319258.393, 140
Trd, 4319258.543, 140
Trd, 4319259.443, 140
Trd, 4319260.993, 140
Trd, 4319261.043, 140
Trd, 4319261.343, 114
Trd, 4319261.793, 140
Trd, 4319262.443, 140
Trd, 4319262.493, 139
Trd, 4319264.393, 135
Trd, 4319265.243, 62
Trd, 4319265.743, 71
Trd, 4319269.493, 60
Trd, 4319270.143, 60
Trd, 4319271.493, 60
Trd, 4319271.893, 60
Trd, 4319272.143, 61
Trd, 4319273.243, 61
Trd, 4319273.743, 65
Trd, 4319273.943, 64
Trd, 4319274.043, 77
Trd, 4319274.243, 119
Trd, 4319274.943, 65
Trd, 4319275.493, 123
Trd, 4319275.793, 62
Trd, 4319277.693, 60
Trd, 4319277.993, 102
Trd, 4319280.293, 61
Trd, 4319280.693, 60
Trd, 4319281.693, 61
Trd, 4319284.643, 60
Trd, 4319284.693, 60
Trd, 4319284.943, 60
Trd, 4319285.493, 61
Trd, 4319285.543, 62
Trd, 4319285.593, 113
Trd, 4319285.843, 83
Trd, 4319286.743, 63
Trd, 4319287.743, 65
Trd, 4319288.743, 73
Trd, 4319288.993, 70
Trd, 4319291.043, 139
Trd, 4319291.143, 138
Trd, 4319291.343, 80
Trd, 4319291.793, 79
Trd, 4319292.493, 67
Trd, 4319292.643, 79
Trd, 4319293.393, 61
Trd, 4319294.143, 62
Trd, 4319294.843, 62
Trd, 4319295.493, 65
Trd, 4319295.943, 64
Trd, 4319296.893, 64
Trd, 4319297.193, 76
Trd, 4319297.643, 69
Trd, 4319297.793, 77
Trd, 4319297.843, 93
Trd, 4319298.793, 75
Trd, 4319298.893, 73
Trd, 4319299.293, 100
Trd, 4319300.693, 75
Trd, 4319301.543, 140
Trd, 4319301.993, 75
Trd, 4319303.843, 85
Trd, 4319304.793, 103
Trd, 4319304.893, 93
Trd, 4319305.193, 92
Trd, 4319306.043, 94
Trd, 4319307.293, 95
Trd, 4319307.843, 132
Trd, 4319307.943, 132
Trd, 4319308.343, 133
Trd, 4319310.043, 140
Trd, 4319310.293, 140
Trd, 4319310.993, 140
Trd, 4319311.593, 140
Trd, 4319312.443, 140
Trd, 4319312.593, 140
Trd, 4319315.343, 140
Trd, 4319315.393, 140
Trd, 4319316.143, 140
Trd, 4319316.443, 140
Trd, 4319317.743, 140
Trd, 4319317.943, 139
Trd, 4319318.643, 140
Trd, 4319318.993, 140
Trd, 4319320.143, 140
Trd, 4319320.443, 140
Trd, 4319322.543, 140
Trd, 4319322.943, 140
Trd, 4319323.143, 139
Trd, 4319324.043, 125
Trd, 4319324.443, 96
Trd, 4319325.993, 139
Trd, 4319326.793, 140
Trd, 4319326.943, 139
Trd, 4319327.043, 131
Trd, 4319328.043, 140
Trd, 4319328.743, 140
Trd, 4319329.343, 140
Trd, 4319329.543, 140
Trd, 4319330.543, 140
Trd, 4319332.243, 140
Trd, 4319332.643, 140
Trd, 4319333.993, 140
Trd, 4319334.143, 140
Trd, 4319334.393, 140
Trd, 4319335.093, 140
Trd, 4319335.293, 140
Trd, 4319336.693, 140
Trd, 4319337.243, 140
Trd, 4319337.743, 140
Trd, 4319338.343, 140
Trd, 4319338.943, 140
Trd, 4319340.743, 140
Trd, 4319341.743, 140
Trd, 4319342.493, 140
Trd, 4319342.793, 140
Trd, 4319343.143, 140
Trd, 4319343.443, 140
Trd, 4319343.493, 140
Trd, 4319344.093, 140
Trd, 4319344.593, 140
Trd, 4319345.293, 140
Trd, 4319347.493, 140
Trd, 4319347.743, 140
Trd, 4319347.943, 140
Trd, 4319348.943, 140
Trd, 4319349.243, 139
Trd, 4319349.743, 139
Trd, 4319350.593, 126
Trd, 4319351.193, 135
Trd, 4319351.593, 139
Trd, 4319351.693, 138
Trd, 4319353.043, 129
Trd, 4319354.143, 129
Trd, 4319354.343, 128
Trd, 4319355.443, 115
Trd, 4319356.043, 63
Trd, 4319356.693, 140
Trd, 4319357.043, 127
Trd, 4319358.693, 69
Trd, 4319358.843, 60
Trd, 4319359.443, 60
Trd, 4319360.043, 60
Trd, 4319360.543, 84
Trd, 4319361.793, 65
Trd, 4319362.193, 71
Trd, 4319362.243, 70
Trd, 4319362.843, 81
Trd, 4319363.493, 68
Trd, 4319364.093, 75
Trd, 4319364.343, 73
Trd, 4319365.543, 107
Trd, 4319365.593, 72
Trd, 4319365.643, 71
Trd, 4319367.543, 61
Trd, 4319368.493, 67
Trd, 4319369.243, 60
Trd, 4319370.293, 61
Trd, 4319371.343, 60
Trd, 4319372.143, 62
Trd, 4319372.543, 63
Trd, 4319373.993, 70
Trd, 4319374.993, 85
Trd, 4319375.243, 77
Trd, 4319375.493, 104
Trd, 4319375.793, 77
Trd, 4319376.093, 78
Trd, 4319376.243, 76
Trd, 4319376.643, 74
Trd, 4319377.243, 127
Trd, 4319378.293, 140
Trd, 4319378.643, 140
Trd, 4319379.043, 140
Trd, 4319379.543, 140
Trd, 4319380.693, 140
Trd, 4319381.193, 137
Trd, 4319382.143, 83
Trd, 4319382.493, 94
Trd, 4319383.143, 60
Trd, 4319385.593, 60
Trd, 4319387.793, 66
Trd, 4319387.893, 72
Trd, 4319388.543, 64
Trd, 4319388.643, 74
Trd, 4319388.793, 63
Trd, 4319389.593, 62
Trd, 4319389.893, 70
Trd, 4319390.443, 61
Trd, 4319391.243, 77
Trd, 4319391.593, 65
Trd, 4319393.193, 77
Trd, 4319393.443, 78
Trd, 4319393.693, 77
Trd, 4319393.743, 63
Trd, 4319394.643, 67
Trd, 4319395.493, 79
Trd, 4319397.793, 64
Trd, 4319400.593, 60
Trd, 4319401.443, 61
Trd, 4319402.793, 60
Trd, 4319402.943, 61
Trd, 4319403.093, 61
Trd, 4319403.943, 60
Trd, 4319404.193, 60
Trd, 4319404.393, 63
Trd, 4319406.593, 60
Trd, 4319406.943, 60
Trd, 4319407.293, 62
Trd, 4319407.743, 63
Trd, 4319407.943, 62
Trd, 4319408.293, 76
Trd, 4319409.793, 61
Trd, 4319410.393, 62
Trd, 4319411.143, 63
Trd, 4319411.743, 65
Trd, 4319411.793, 77
Trd, 4319412.843, 66
Trd, 4319413.093, 75
Trd, 4319413.743, 97
Trd, 4319413.993, 70
Trd, 4319414.693, 70
Trd, 4319414.893, 101
Trd, 4319416.193, 139
Trd, 4319416.393, 139
Trd, 4319416.543, 138
Trd, 4319416.643, 137
Trd, 4319417.043, 139
Trd, 4319418.743, 60
Trd, 4319423.093, 60
Trd, 4319423.693, 62
Trd, 4319424.043, 67
Trd, 4319424.293, 67
Trd, 4319424.493, 66
Trd, 4319425.043, 65
Trd, 4319425.343, 79
Trd, 4319426.393, 61
Trd, 4319427.093, 61
Trd, 4319429.493, 68
Trd, 4319430.193, 60
Trd, 4319432.443, 60
Trd, 4319432.543, 60
Trd, 4319433.193, 60
Trd, 4319433.743, 60
Trd, 4319433.993, 60
Trd, 4319434.243, 60
Trd, 4319434.993, 65
Trd, 4319435.543, 67
Trd, 4319436.143, 88
Trd, 4319437.793, 60
Trd, 4319438.593, 60
Trd, 4319440.243, 60
Trd, 4319440.843, 60
Trd, 4319441.493, 61
Trd, 4319442.443, 60
Trd, 4319444.443, 60
Trd, 4319444.893, 60
Trd, 4319444.993, 60
Trd, 4319445.293, 62
Trd, 4319446.193, 63
Trd, 4319446.693, 63
Trd, 4319447.193, 64
Trd, 4319447.243, 63
Trd, 4319448.443, 63
Trd, 4319448.543, 62
Trd, 4319448.843, 92
Trd, 4319449.993, 65
Trd, 4319450.643, 60
Trd, 4319450.943, 77
Trd, 4319451.293, 62
Trd, 4319452.743, 63
Trd, 4319454.693, 60
Trd, 4319455.143, 61
Trd, 4319455.643, 62
Trd, 4319455.693, 62
Trd, 4319456.493, 66
Trd, 4319456.843, 68
Trd, 4319459.143, 140
Trd, 4319459.443, 140
Trd, 4319459.543, 140
Trd, 4319460.243, 140
Trd, 4319460.343, 140
Trd, 4319461.743, 118
Trd, 4319461.793, 117
Trd, 4319462.543, 139
Trd, 4319462.643, 131
Trd, 4319462.793, 85
Trd, 4319464.593, 116
Trd, 4319464.843, 92
Trd, 4319465.243, 90
Trd, 4319465.643, 122
Trd, 4319466.143, 94
Trd, 4319466.243, 104
Trd, 4319467.843, 100
Trd, 4319469.093, 104
Trd, 4319469.643, 104
Trd, 4319470.793, 104
Trd, 4319471.943, 140
Trd, 4319472.343, 140
Trd, 4319472.693, 140
Trd, 4319474.993, 61
Trd, 4319475.043, 62
Trd, 4319475.293, 71
Trd, 4319476.143, 65
Trd, 4319476.443, 63
Trd, 4319476.543, 70
Trd, 4319478.843, 72
Trd, 4319479.043, 84
Trd, 4319479.843, 140
Trd, 4319480.393, 140
Trd, 4319480.893, 140
Trd, 4319481.043, 140
Trd, 4319481.443, 140
Trd, 4319481.693, 140
Trd, 4319482.843, 140
Trd, 4319483.793, 140
Trd, 4319484.243, 140
Trd, 4319484.593, 140
Trd, 4319485.393, 114
Trd, 4319486.393, 115
Trd, 4319486.543, 114
Trd, 4319488.043, 140
Trd, 4319488.543, 140
Trd, 4319489.743, 140
Trd, 4319490.593, 140
Trd, 4319490.793, 140
Trd, 4319491.393, 140
Trd, 4319491.893, 78
Trd, 4319492.993, 119
Trd, 4319493.493, 139
Trd, 4319493.693, 118
Trd, 4319493.943, 117
Trd, 4319495.143, 138
Trd, 4319495.643, 111
Trd, 4319496.493, 122
Trd, 4319497.943, 126
Trd, 4319498.443, 124
Trd, 4319498.693, 65
Trd, 4319498.943, 69
Trd, 4319500.093, 92
Trd, 4319500.843, 98
Trd, 4319502.043, 85
Trd, 4319502.243, 140
Trd, 4319502.293, 84
Trd, 4319502.893, 86
Trd, 4319503.743, 137
Trd, 4319503.943, 85
Trd, 4319506.493, 96
Trd, 4319506.593, 95
Trd, 4319507.593, 96
Trd, 4319507.793, 96
Trd, 4319507.943, 95
Trd, 4319508.243, 119
Trd, 4319508.593, 60
Trd, 4319509.343, 122
Trd, 4319511.243, 60
Trd, 4319511.343, 61
Trd, 4319514.543, 60
Trd, 4319514.843, 61
Trd, 4319514.993, 62
Trd, 4319515.043, 61
Trd, 4319515.443, 65
Trd, 4319517.243, 66
Trd, 4319519.543, 60
Trd, 4319520.043, 60
Trd, 4319520.693, 62
Trd, 4319521.343, 60
Trd, 4319521.893, 65
Trd, 4319522.043, 62
Trd, 4319522.493, 63
Trd, 4319523.193, 62
Trd, 4319524.043, 119
Trd, 4319524.093, 63
Trd, 4319525.543, 61
Trd, 4319526.293, 61
Trd, 4319526.643, 65
Trd, 4319528.943, 64
Trd, 4319529.143, 114
Trd, 4319530.993, 67
Trd, 4319531.393, 68
Trd, 4319531.443, 67
Trd, 4319531.493, 66
Trd, 4319533.193, 60
Trd, 4319533.543, 62
Trd, 4319533.693, 61
Trd, 4319536.343, 60
Trd, 4319536.543, 60
Trd, 4319536.793, 61
Trd, 4319537.093, 65
Trd, 4319537.243, 61
Trd, 4319537.943, 61
Trd, 4319538.493, 61
Trd, 4319538.743, 61
Trd, 4319539.943, 68
Trd, 4319539.993, 64
Trd, 4319540.243, 71
Trd, 4319542.393, 72
Trd, 4319543.893, 74
Trd, 4319545.693, 60
Trd, 4319545.893, 62
Trd, 4319546.143, 60
Trd, 4319546.943, 64
Trd, 4319547.693, 67
Trd, 4319547.843, 66
Trd, 4319547.893, 70
Trd, 4319549.443, 60
Trd, 4319549.843, 61
Trd, 4319550.843, 64
Trd, 4319552.743, 60
Trd, 4319553.543, 60
Trd, 4319554.293, 61
Trd, 4319554.843, 62
Trd, 4319555.143, 64
Trd, 4319555.193, 60
Trd, 4319555.843, 61
Trd, 4319556.043, 62
Trd, 4319556.193, 74
Trd, 4319557.293, 76
Trd, 4319557.393, 78
Trd, 4319557.793, 65
Trd, 4319558.043, 73
Trd, 4319558.943, 66
Trd, 4319559.793, 108
Trd, 4319559.943, 72
Trd, 4319560.543, 71
Trd, 4319560.843, 71
Trd, 4319561.343, 72
Trd, 4319563.043, 92
Trd, 4319563.093, 108
Trd, 4319563.243, 109
Trd, 4319563.293, 91
Trd, 4319563.893, 93
Trd, 4319564.493, 92
Trd, 4319565.243, 62
Trd, 4319566.543, 121
Trd, 4319566.743, 120
Trd, 4319567.443, 140
Trd, 4319567.593, 140
Trd, 4319568.743, 62
Trd, 4319570.143, 61
Trd, 4319570.443, 61
Trd, 4319572.193, 66
Trd, 4319574.293, 60
Trd, 4319576.493, 60
Trd, 4319576.893, 61
Trd, 4319578.093, 60
Trd, 4319578.143, 60
Trd, 4319578.293, 60
Trd, 4319578.693, 66
Trd, 4319579.043, 61
Trd, 4319579.893, 65
Trd, 4319580.143, 66
Trd, 4319580.193, 64
Trd, 4319581.393, 60
Trd, 4319582.043, 61
Trd, 4319582.943, 62
Trd, 4319584.193, 65
Trd, 4319585.393, 60
Trd, 4319585.643, 62
Trd, 4319585.793, 61
Trd, 4319586.793, 60
Trd, 4319587.793, 65
Trd, 4319588.593, 81
Trd, 4319588.793, 66
Trd, 4319589.343, 82
Trd, 4319589.393, 84
Trd, 4319590.043, 71
Trd, 4319590.643, 73
Trd, 4319591.843, 60
Trd, 4319592.943, 60
Trd, 4319595.993, 60
Trd, 4319596.043, 60
Trd, 4319597.993, 63
Trd, 4319598.543, 63
Trd, 4319598.843, 62
Trd, 4319599.193, 64
Trd, 4319599.793, 66
Trd, 4319599.843, 65
Trd, 4319600.493, 67
Trd, 4319601.243, 79
Trd, 4319601.393, 68
Trd, 4319601.743, 68
Trd, 4319603.193, 74
Trd, 4319603.243, 72
Trd, 4319605.793, 60
Trd, 4319606.043, 61
Trd, 4319607.943, 61
Trd, 4319608.993, 64
Trd, 4319609.543, 60
Trd, 4319611.843, 60
Trd, 4319612.093, 61
Trd, 4319612.593, 61
Trd, 4319612.943, 62
Trd, 4319613.243, 60
Trd, 4319613.493, 62
Trd, 4319613.543, 67
Trd, 4319615.393, 71
Trd, 4319615.893, 77
Trd, 4319616.093, 71
Trd, 4319616.943, 65
Trd, 4319617.243, 66
Trd, 4319617.793, 64
Trd, 4319618.443, 62
Trd, 4319619.743, 62
Trd, 4319620.293, 60
Trd, 4319620.893, 61
Trd, 4319621.993, 60
Trd, 4319622.343, 62
Trd, 4319622.693, 75
Trd, 4319623.493, 64
Trd, 4319624.743, 69
Trd, 4319624.893, 68
Trd, 4319625.243, 119
Trd, 4319626.043, 68
Trd, 4319626.743, 138
Trd, 4319626.843, 139
Trd, 4319628.143, 138
Trd, 4319630.543, 71
Trd, 4319630.793, 72
Trd, 4319631.443, 60
Trd, 4319632.093, 61
Trd, 4319632.493, 60
Trd, 4319632.843, 61
Trd, 4319632.893, 73
Trd, 4319633.043, 67
Trd, 4319634.343, 66
Trd, 4319634.643, 69
Trd, 4319635.593, 136
Trd, 4319635.693, 102
Trd, 4319636.593, 60
Trd, 4319636.993, 60
Trd, 4319638.243, 60
Trd, 4319639.443, 66
Trd, 4319640.893, 60
Trd, 4319643.293, 60
Trd, 4319644.043, 60
Trd, 4319644.243, 62
Trd, 4319644.493, 67
Trd, 4319644.743, 60
Trd, 4319645.293, 63
Trd, 4319646.443, 69
Trd, 4319646.693, 66
Trd, 4319647.393, 84
Trd, 4319648.393, 65
Trd, 4319649.543, 61
Trd, 4319649.893, 64
Trd, 4319651.293, 71
Trd, 4319651.693, 70
Trd, 4319653.143, 139
Trd, 4319653.193, 138
Trd, 4319653.993, 140
Trd, 4319654.293, 139
Trd, 4319654.643, 102
Trd, 4319654.993, 102
Trd, 4319655.943, 119
Trd, 4319656.743, 135
Trd, 4319657.093, 140
Trd, 4319657.343, 140
Trd, 4319657.443, 140
Trd, 4319657.693, 140
Trd, 4319658.843, 122
Trd, 4319660.443, 134
Trd, 4319660.793, 140
Trd, 4319661.293, 134
Trd, 4319661.793, 96
Trd, 4319663.943, 61
Trd, 4319665.343, 60
Trd, 4319665.943, 61
Trd, 4319665.993, 99
Trd, 4319667.293, 134
Trd, 4319668.193, 138
Trd, 4319668.493, 136
Trd, 4319668.693, 131
Trd, 4319668.893, 112
Trd, 4319670.343, 138
Trd, 4319670.543, 135
Trd, 4319670.993, 137
Trd, 4319671.043, 136
Trd, 4319671.693, 73
Trd, 4319672.093, 60
Trd, 4319674.043, 60
Trd, 4319675.143, 61
Trd, 4319675.593, 61
Trd, 4319676.643, 66
Trd, 4319677.693, 67
Trd, 4319678.093, 70
Trd, 4319678.943, 69
Trd, 4319679.143, 69
Trd, 4319679.343, 85
Trd, 4319679.843, 70
Trd, 4319680.143, 68
Trd, 4319680.193, 99
Trd, 4319680.443, 83
Trd, 4319681.593, 137
Trd, 4319684.243, 62
Trd, 4319685.293, 62
Trd, 4319685.843, 60
Trd, 4319687.443, 60
Trd, 4319689.243, 60
Trd, 4319689.293, 60
Trd, 4319689.343, 61
Trd, 4319689.743, 63
Trd, 4319690.243, 64
Trd, 4319690.443, 64
Trd, 4319691.243, 60
Trd, 4319692.093, 61
Trd, 4319694.693, 61
Trd, 4319695.393, 61
Trd, 4319695.743, 62
Trd, 4319697.393, 60
Trd, 4319699.143, 62
Trd, 4319700.443, 60
Trd, 4319700.743, 62
Trd, 4319700.793, 62
Trd, 4319700.893, 61
Trd, 4319701.043, 68
Trd, 4319701.293, 85
Trd, 4319701.793, 62
Trd, 4319702.493, 62
Trd, 4319703.343, 117
Trd, 4319703.493, 116
Trd, 4319703.543, 64
Trd, 4319704.793, 140
Trd, 4319705.393, 140
Trd, 4319706.393, 140
Trd, 4319706.493, 140
Trd, 4319707.593, 137
Trd, 4319708.193, 136
Trd, 4319708.843, 80
Trd, 4319710.093, 60
Trd, 4319710.393, 60
Trd, 4319711.293, 62
Trd, 4319713.993, 60
Trd, 4319714.343, 62
Trd, 4319715.893, 60
Trd, 4319717.593, 60
Trd, 4319717.693, 60
Trd, 4319717.943, 61
Trd, 4319718.643, 67
Trd, 4319718.993, 70
Trd, 4319719.243, 67
Trd, 4319720.193, 71
Trd, 4319720.643, 70
Trd, 4319721.443, 70
Trd, 4319721.843, 69
Trd, 4319722.393, 88
Trd, 4319723.843, 61
Trd, 4319723.893, 64
Trd, 4319724.493, 76
Trd, 4319726.343, 60
Trd, 4319727.143, 60
Trd, 4319728.743, 60
Trd, 4319730.543, 62
Trd, 4319731.743, 62
Trd, 4319731.993, 63
Trd, 4319732.593, 65
Trd, 4319732.743, 64
Trd, 4319733.893, 66
Trd, 4319734.493, 69
Trd, 4319735.243, 67
Trd, 4319735.493, 70
Trd, 4319736.043, 140
Trd, 4319737.493, 139
Trd, 4319737.793, 138
Trd, 4319737.843, 136
Trd, 4319739.293, 140
Trd, 4319739.693, 140
Trd, 4319740.693, 140
Trd, 4319741.543, 140
Trd, 4319741.743, 140
Trd, 4319741.893, 140
Trd, 4319742.543, 140
Trd, 4319743.593, 122
Trd, 4319744.093, 140
Trd, 4319744.443, 124
Trd, 4319745.243, 122
Trd, 4319746.093, 124
Trd, 4319746.943, 140
Trd, 4319747.843, 140
Trd, 4319748.393, 140
Trd, 4319748.493, 139
Trd, 4319750.243, 138
Trd, 4319750.693, 139
Trd, 4319751.193, 139
Trd, 4319751.593, 137
Trd, 4319752.043, 79
Trd, 4319752.893, 110
Trd, 4319754.243, 85
Trd, 4319754.343, 84
Trd, 4319755.893, 90
Trd, 4319755.993, 114
Trd, 4319756.543, 93
Trd, 4319757.043, 123
Trd, 4319757.543, 129
Trd, 4319757.593, 128
Trd, 4319758.693, 89
Trd, 4319758.793, 117
Trd, 4319760.343, 62
Trd, 4319762.993, 60
Trd, 4319764.243, 61
Trd, 4319765.343, 60
Trd, 4319765.793, 60
Trd, 4319766.093, 60
Trd, 4319766.943, 60
Trd, 4319766.993, 64
Trd, 4319767.993, 61
Trd, 4319768.493, 62
Trd, 4319768.993, 62
Trd, 4319770.293, 71
Trd, 4319770.593, 88
Trd, 4319770.643, 88
Trd, 4319770.793, 65
Trd, 4319771.093, 64
Trd, 4319771.193, 97
Trd, 4319772.043, 60
Trd, 4319772.243, 63
Trd, 4319773.843, 69
Trd, 4319775.643, 65
Trd, 4319775.793, 65
Trd, 4319776.543, 69
Trd, 4319776.943, 69
Trd, 4319776.993, 68
Trd, 4319777.193, 116
Trd, 4319779.293, 60
Trd, 4319780.243, 60
Trd, 4319782.643, 60
Trd, 4319783.593, 68
Trd, 4319784.893, 60
Trd, 4319784.993, 61
Trd, 4319785.193, 62
Trd, 4319785.643, 64
Trd, 4319785.743, 64
Trd, 4319786.043, 67
Trd, 4319787.293, 65
Trd, 4319787.343, 64
Trd, 4319787.843, 68
Trd, 4319788.443, 69
Trd, 4319789.243, 91
Trd, 4319790.293, 71
Trd, 4319790.593, 70
Trd, 4319791.493, 96
Trd, 4319793.143, 140
Trd, 4319794.143, 140
Trd, 4319794.243, 140
Trd, 4319794.343, 140
Trd, 4319795.293, 139
Trd, 4319796.193, 140
Trd, 4319797.043, 140
Trd, 4319797.343, 140
Trd, 4319797.493, 140
Trd, 4319799.293, 106
Trd, 4319799.443, 106
Trd, 4319800.593, 113
Trd, 4319800.693, 112
Trd, 4319801.843, 140
Trd, 4319802.293, 112
Trd, 4319802.393, 104
Trd, 4319803.343, 139
Trd, 4319805.543, 126
Trd, 4319806.643, 117
Trd, 4319807.243, 139
Trd, 4319807.793, 133
Trd, 4319808.643, 116
Trd, 4319808.993, 116
Trd, 4319809.743, 118
Trd, 4319809.793, 117
Trd, 4319810.093, 114
Trd, 4319811.093, 62
Trd, 4319811.493, 63
Trd, 4319811.943, 69
Trd, 4319812.493, 80
Trd, 4319813.343, 61
Trd, 4319814.043, 68
Trd, 4319816.893, 62
Trd, 4319817.343, 62
Trd, 4319817.843, 63
Trd, 4319818.043, 69
Trd, 4319818.143, 64
Trd, 4319819.693, 73
Trd, 4319819.843, 72
Trd, 4319820.043, 73
Trd, 4319820.343, 71
Trd, 4319820.943, 73
Trd, 4319821.943, 139
Trd, 4319822.443, 76
Trd, 4319823.143, 140
Trd, 4319823.243, 76
Trd, 4319824.143, 115
Trd, 4319824.843, 63
Trd, 4319827.093, 60
Trd, 4319827.793, 61
Trd, 4319827.993, 61
Trd, 4319828.893, 60
Trd, 4319829.343, 62
Trd, 4319829.993, 60
Trd, 4319830.093, 62
Trd, 4319830.893, 69
Trd, 4319831.343, 60
Trd, 4319831.493, 61
Trd, 4319832.543, 69
Trd, 4319832.743, 68
Trd, 4319833.393, 78
Trd, 4319833.793, 79
Trd, 4319834.343, 69
Trd, 4319834.393, 68
Trd, 4319835.543, 64
Trd, 4319836.593, 140
Trd, 4319836.943, 71
Trd, 4319836.993, 68
Trd, 4319837.743, 61
Trd, 4319838.393, 140
Trd, 4319838.743, 140
Trd, 4319838.793, 140
Trd, 4319839.943, 118
Trd, 4319841.743, 134
Trd, 4319841.893, 103
Trd, 4319842.393, 107
Trd, 4319842.643, 106
Trd, 4319843.043, 101
Trd, 4319843.443, 132
Trd, 4319844.693, 139
Trd, 4319845.893, 140
Trd, 4319846.393, 137
Trd, 4319847.743, 61
Trd, 4319847.893, 96
Trd, 4319849.243, 66
Trd, 4319849.543, 65
Trd, 4319850.643, 69
Trd, 4319851.143, 68
Trd, 4319851.393, 72
Trd, 4319851.543, 73
Trd, 4319852.043, 99
Trd, 4319852.193, 71
Trd, 4319853.593, 72
Trd, 4319854.143, 140
Trd, 4319854.393, 71
Trd, 4319855.143, 133
Trd, 4319856.243, 61
Trd, 4319857.493, 60
Trd, 4319859.993, 60
Trd, 4319860.743, 60
Trd, 4319862.593, 60
Trd, 4319862.893, 61
Trd, 4319862.993, 62
Trd, 4319863.293, 63
Trd, 4319864.343, 73
Trd, 4319864.393, 69
Trd, 4319864.993, 62
Trd, 4319865.993, 60
Trd, 4319866.493, 70
Trd, 4319866.993, 64
Trd, 4319867.043, 62
Trd, 4319867.543, 80
Trd, 4319868.543, 82
Trd, 4319869.343, 79
Trd, 4319869.493, 78
Trd, 4319869.543, 77
Trd, 4319869.643, 80
Trd, 4319871.793, 140
Trd, 4319872.793, 140
Trd, 4319872.943, 140
Trd, 4319873.843, 140
Trd, 4319874.393, 140
Trd, 4319874.593, 140
Trd, 4319874.643, 140
Trd, 4319875.043, 140
Trd, 4319876.093, 124
Trd, 4319878.543, 60
Trd, 4319879.093, 61
Trd, 4319879.393, 60
Trd, 4319879.943, 65
Trd, 4319880.193, 85
Trd, 4319881.993, 68
Trd, 4319882.293, 68
Trd, 4319883.293, 72
Trd, 4319883.643, 67
Trd, 4319883.693, 66
Trd, 4319884.243, 61
Trd, 4319885.243, 61
Trd, 4319885.643, 63
Trd, 4319888.543, 60
Trd, 4319889.393, 60
Trd, 4319889.493, 60
Trd, 4319889.593, 60
Trd, 4319890.293, 64
Trd, 4319891.143, 60
Trd, 4319892.943, 60
Trd, 4319893.043, 60
Trd, 4319893.393, 61
Trd, 4319893.593, 62
Trd, 4319893.943, 61
Trd, 4319894.043, 62
Trd, 4319894.293, 61
Trd, 4319895.343, 67
Trd, 4319895.693, 67
Trd, 4319896.993, 77
Trd, 4319898.243, 75
Trd, 4319898.293, 80
Trd, 4319898.493, 75
Trd, 4319899.243, 77
Trd, 4319899.543, 75
Trd, 4319900.393, 96
Trd, 4319900.943, 135
Trd, 4319902.093, 140
Trd, 4319902.293, 140
Trd, 4319902.493, 140
Trd, 4319903.543, 140
Trd, 4319904.293, 140
Trd, 4319904.393, 140
Trd, 4319904.843, 140
Trd, 4319905.593, 110
Trd, 4319906.643, 117
Trd, 4319906.793, 116
Trd, 4319907.093, 117
Trd, 4319907.143, 125
Trd, 4319907.543, 118
Trd, 4319908.643, 119
Trd, 4319909.543, 124
Trd, 4319909.693, 135
Trd, 4319909.793, 124
Trd, 4319910.693, 140
Trd, 4319911.343, 140
Trd, 4319912.193, 127
Trd, 4319914.243, 140
Trd, 4319914.543, 135
Trd, 4319914.793, 134
Trd, 4319915.643, 140
Trd, 4319916.243, 140
Trd, 4319916.693, 140
Trd, 4319917.793, 123
Trd, 4319917.943, 122
Trd, 4319919.243, 60
Trd, 4319921.693, 61
Trd, 4319921.743, 64
Trd, 4319922.093, 67
Trd, 4319923.293, 65
Trd, 4319923.593, 64
Trd, 4319925.093, 62
Trd, 4319925.593, 61
Trd, 4319927.293, 62
Trd, 4319927.343, 61
Trd, 4319927.893, 62
Trd, 4319928.343, 64
Trd, 4319928.393, 62
Trd, 4319929.493, 63
Trd, 4319929.993, 75
Trd, 4319930.093, 64
Trd, 4319930.343, 62
Trd, 4319930.893, 109
Trd, 4319930.943, 130
Trd, 4319933.143, 140
Trd, 4319933.393, 139
Trd, 4319934.493, 71
Trd, 4319935.193, 96
Trd, 4319935.443, 87
Trd, 4319935.593, 86
Trd, 4319935.893, 73
Trd, 4319936.843, 114
Trd, 4319937.193, 79
Trd, 4319937.593, 121
Trd, 4319938.193, 81
Trd, 4319938.893, 138
Trd, 4319939.243, 97
Trd, 4319939.943, 99
Trd, 4319940.543, 126
Trd, 4319940.793, 100
Trd, 4319941.093, 80
Trd, 4319943.443, 60
Trd, 4319943.743, 60
Trd, 4319944.293, 88
Trd, 4319944.393, 78
Trd, 4319944.743, 76
Trd, 4319945.443, 123
Trd, 4319945.693, 123
Trd, 4319946.193, 118
Trd, 4319946.893, 86
Trd, 4319947.393, 62
Trd, 4319948.293, 126
Trd, 4319950.693, 60
Trd, 4319952.743, 60
Trd, 4319953.143, 60
Trd, 4319953.243, 60
Trd, 4319953.543, 61
Trd, 4319953.843, 62
Trd, 4319954.393, 60
Trd, 4319955.393, 62
Trd, 4319956.743, 61
Trd, 4319956.843, 65
Trd, 4319956.943, 67
Trd, 4319957.193, 69
Trd, 4319958.243, 63
Trd, 4319959.643, 79
Trd, 4319961.293, 126
Trd, 4319961.343, 125
Trd, 4319961.843, 127
Trd, 4319961.943, 126
Trd, 4319962.043, 135
Trd, 4319962.343, 123
Trd, 4319962.593, 95
Trd, 4319964.743, 138
Trd, 4319965.493, 140
Trd, 4319965.643, 140
Trd, 4319965.693, 140
Trd, 4319966.743, 60
Trd, 4319968.993, 60
Trd, 4319971.393, 60
Trd, 4319972.393, 60
Trd, 4319973.043, 60
Trd, 4319974.393, 60
Trd, 4319974.443, 61
Trd, 4319974.593, 64
Trd, 4319975.693, 68
Trd, 4319976.293, 100
Trd, 4319976.393, 68
Trd, 4319976.643, 111
Trd, 4319977.793, 61
Trd, 4319977.893, 60
Trd, 4319978.293, 74
Trd, 4319979.143, 64
Trd, 4319979.693, 63
Trd, 4319979.993, 106
Trd, 4319981.893, 62
Trd, 4319982.143, 66
Trd, 4319983.843, 63
Trd, 4319985.243, 60
Trd, 4319986.393, 61
Trd, 4319987.993, 60
Trd, 4319988.143, 60
Trd, 4319988.293, 60
Trd, 4319989.543, 63
Trd, 4319990.093, 69
Trd, 4319990.493, 74
Trd, 4319992.093, 79
Trd, 4319993.343, 86
Trd, 4319994.093, 87
Trd, 4319994.593, 125
Trd, 4319995.343, 125
Trd, 4319995.393, 104
Trd, 4319995.443, 103
Trd, 4319996.243, 139
Trd, 4319997.293, 140
Trd, 4319998.193, 140
Trd, 4319998.643, 140
Trd, 4319999.243, 140
Trd, 4319999.843, 140
