Trd, 4318076.643, 102
Trd, 4318076.893, 97
Trd, 4318078.093, 137
Trd, 4318078.443, 123
Trd, 4318079.493, 137
Trd, 4318079.693, 137
Trd, 4318079.943, 139
Trd, 4318080.893, 137
Trd, 4318081.643, 135
Trd, 4318082.493, 137
Trd, 4318083.643, 134
Trd, 4318084.093, 111
Trd, 4318084.493, 106
Trd, 4318085.393, 121
Trd, 4318085.443, 123
Trd, 4318085.593, 114
Trd, 4318086.543, 124
Trd, 4318086.643, 126
Trd, 4318087.893, 91
Trd, 4318088.793, 93
Trd, 4318090.443, 140
Trd, 4318090.493, 139
Trd, 4318092.243, 139
Trd, 4318093.043, 138
Trd, 4318093.543, 134
Trd, 4318094.843, 139
Trd, 4318095.193, 113
Trd, 4318096.093, 124
Trd, 4318096.193, 111
Trd, 4318096.543, 86
Trd, 4318097.943, 132
Trd, 4318098.143, 132
Trd, 4318098.643, 98
Trd, 4318099.793, 136
Trd, 4318100.943, 137
Trd, 4318101.043, 130
Trd, 4318102.693, 125
Trd, 4318103.193, 123
Trd, 4318103.793, 121
Trd, 4318105.693, 137
Trd, 4318106.343, 114
Trd, 4318106.693, 126
Trd, 4318107.043, 125
Trd, 4318108.093, 135
Trd, 4318108.543, 135
Trd, 4318111.243, 136
Trd, 4318111.493, 128
Trd, 4318112.143, 124
Trd, 4318112.693, 112
Trd, 4318113.593, 111
Trd, 4318113.893, 138
Trd, 4318113.993, 105
Trd, 4318115.593, 105
Trd, 4318115.893, 104
Trd, 4318117.143, 139
Trd, 4318117.743, 128
Trd, 4318118.393, 114
Trd, 4318118.843, 96
Trd, 4318119.493, 140
Trd, 4318122.193, 139
Trd, 4318122.343, 137
Trd, 4318123.493, 127
Trd, 4318124.243, 113
Trd, 4318125.343, 128
Trd, 4318126.393, 123
Trd, 4318128.693, 113
Trd, 4318129.393, 140
Trd, 4318129.843, 125
Trd, 4318131.193, 139
Trd, 4318131.343, 135
Trd, 4318131.593, 114
Trd, 4318132.293, 140
Trd, 4318132.993, 137
Trd, 4318133.993, 122
Trd, 4318134.443, 115
Trd, 4318135.343, 124
Trd, 4318136.243, 97
Trd, 4318137.293, 139
Trd, 4318139.293, 134
Trd, 4318140.343, 129
Trd, 4318140.493, 121
Trd, 4318140.593, 121
Trd, 4318141.193, 125
Trd, 4318141.243, 126
Trd, 4318141.343, 127
Trd, 4318142.493, 85
Trd, 4318142.943, 139
Trd, 4318145.993, 139
Trd, 4318146.243, 131
Trd, 4318146.593, 131
Trd, 4318146.993, 128
Trd, 4318148.343, 134
Trd, 4318149.293, 129
Trd, 4318149.343, 110
Trd, 4318151.893, 138
Trd, 4318152.143, 134
Trd, 4318152.743, 125
Trd, 4318152.843, 138
Trd, 4318153.693, 127
Trd, 4318155.993, 140
Trd, 4318156.743, 113
Trd, 4318156.993, 121
Trd, 4318157.793, 137
Trd, 4318160.193, 140
Trd, 4318160.943, 140
Trd, 4318161.093, 135
Trd, 4318161.393, 124
Trd, 4318163.493, 140
Trd, 4318163.893, 124
Trd, 4318164.693, 127
Trd, 4318165.043, 130
Trd, 4318165.293, 136
Trd, 4318165.843, 135
Trd, 4318166.093, 118
Trd, 4318168.343, 127
Trd, 4318168.693, 130
Trd, 4318169.443, 90
Trd, 4318169.593, 124
Trd, 4318169.793, 87
Trd, 4318169.893, 81
Trd, 4318172.293, 131
Trd, 4318172.943, 105
Trd, 4318173.393, 136
Trd, 4318174.643, 102
Trd, 4318174.793, 101
Trd, 4318175.693, 140
Trd, 4318176.793, 131
Trd, 4318178.043, 118
Trd, 4318178.643, 119
Trd, 4318179.043, 140
Trd, 4318179.893, 110
Trd, 4318181.993, 140
Trd, 4318182.243, 105
Trd, 4318183.643, 108
Trd, 4318183.893, 71
Trd, 4318184.593, 66
Trd, 4318185.393, 119
Trd, 4318185.693, 127
Trd, 4318185.843, 115
Trd, 4318187.893, 60
Trd, 4318187.993, 60
Trd, 4318188.243, 65
Trd, 4318188.943, 65
Trd, 4318189.093, 103
Trd, 4318189.443, 60
Trd, 4318190.243, 60
Trd, 4318190.293, 63
Trd, 4318191.593, 129
Trd, 4318191.793, 97
Trd, 4318192.093, 126
Trd, 4318192.693, 125
Trd, 4318193.993, 134
Trd, 4318195.493, 132
Trd, 4318195.593, 104
Trd, 4318197.793, 129
Trd, 4318198.593, 137
Trd, 4318200.293, 132
Trd, 4318201.193, 138
Trd, 4318201.243, 124
Trd, 4318201.493, 103
Trd, 4318202.543, 125
Trd, 4318204.243, 126
Trd, 4318204.343, 112
Trd, 4318204.693, 102
Trd, 4318205.943, 108
Trd, 4318205.993, 102
Trd, 4318207.043, 132
Trd, 4318207.693, 139
Trd, 4318208.093, 124
Trd, 4318208.793, 80
Trd, 4318210.643, 138
Trd, 4318211.143, 131
Trd, 4318211.343, 117
Trd, 4318213.243, 140
Trd, 4318213.393, 132
Trd, 4318213.793, 132
Trd, 4318214.743, 125
Trd, 4318215.043, 111
Trd, 4318217.343, 89
Trd, 4318217.893, 126
Trd, 4318219.543, 116
Trd, 4318219.693, 114
Trd, 4318219.893, 114
Trd, 4318220.143, 99
Trd, 4318221.343, 140
Trd, 4318222.293, 139
Trd, 4318222.893, 134
Trd, 4318223.893, 86
Trd, 4318224.943, 140
Trd, 4318226.393, 120
Trd, 4318227.043, 127
Trd, 4318227.693, 140
Trd, 4318227.793, 125
Trd, 4318229.593, 121
Trd, 4318230.943, 113
Trd, 4318231.593, 134
Trd, 4318231.743, 135
Trd, 4318232.693, 118
Trd, 4318234.043, 133
Trd, 4318234.143, 96
Trd, 4318234.843, 120
Trd, 4318235.743, 136
Trd, 4318235.843, 74
Trd, 4318236.443, 110
Trd, 4318237.693, 90
Trd, 4318238.843, 93
Trd, 4318239.143, 132
Trd, 4318239.743, 116
Trd, 4318240.893, 129
Trd, 4318241.043, 106
Trd, 4318241.093, 100
Trd, 4318241.593, 103
Trd, 4318241.893, 89
Trd, 4318243.443, 120
Trd, 4318244.143, 126
Trd, 4318244.593, 120
Trd, 4318244.693, 127
Trd, 4318244.843, 79
Trd, 4318245.643, 138
Trd, 4318246.693, 60
Trd, 4318247.243, 62
Trd, 4318249.943, 60
Trd, 4318250.693, 60
Trd, 4318251.543, 63
Trd, 4318251.643, 66
Trd, 4318252.093, 68
Trd, 4318252.193, 69
Trd, 4318253.243, 126
Trd, 4318254.643, 139
Trd, 4318255.043, 125
Trd, 4318255.893, 139
Trd, 4318256.243, 140
Trd, 4318256.743, 91
Trd, 4318258.393, 100
Trd, 4318258.793, 106
Trd, 4318259.193, 115
Trd, 4318259.893, 139
Trd, 4318260.593, 121
Trd, 4318262.293, 138
Trd, 4318262.493, 137
Trd, 4318263.143, 113
Trd, 4318263.893, 136
Trd, 4318265.643, 112
Trd, 4318265.943, 101
Trd, 4318267.393, 140
Trd, 4318268.393, 131
Trd, 4318268.843, 139
Trd, 4318269.443, 126
Trd, 4318271.293, 140
Trd, 4318272.293, 139
Trd, 4318272.793, 124
Trd, 4318274.293, 139
Trd, 4318274.893, 139
Trd, 4318275.843, 110
Trd, 4318276.393, 128
Trd, 4318278.143, 126
Trd, 4318279.193, 140
Trd, 4318279.543, 88
Trd, 4318280.143, 140
Trd, 4318280.943, 121
Trd, 4318281.293, 98
Trd, 4318282.743, 139
Trd, 4318282.993, 113
Trd, 4318283.543, 103
Trd, 4318284.893, 139
Trd, 4318285.693, 137
Trd, 4318286.793, 129
Trd, 4318287.343, 120
Trd, 4318288.443, 124
Trd, 4318289.293, 125
Trd, 4318289.493, 140
Trd, 4318290.193, 111
Trd, 4318290.843, 105
Trd, 4318290.893, 105
Trd, 4318292.693, 140
Trd, 4318293.393, 132
Trd, 4318293.593, 120
Trd, 4318295.193, 85
Trd, 4318296.243, 132
Trd, 4318296.593, 128
Trd, 4318297.793, 80
Trd, 4318298.043, 107
Trd, 4318298.393, 66
Trd, 4318299.743, 127
Trd, 4318299.793, 111
Trd, 4318300.143, 129
Trd, 4318300.493, 136
Trd, 4318300.643, 81
Trd, 4318301.343, 128
Trd, 4318302.643, 138
Trd, 4318304.943, 140
Trd, 4318305.193, 128
Trd, 4318305.493, 114
Trd, 4318305.793, 104
Trd, 4318306.893, 138
Trd, 4318307.893, 126
Trd, 4318309.893, 129
Trd, 4318310.693, 132
Trd, 4318311.493, 127
Trd, 4318311.593, 110
Trd, 4318311.893, 105
Trd, 4318312.343, 135
Trd, 4318312.593, 106
Trd, 4318312.893, 121
Trd, 4318313.043, 134
Trd, 4318313.993, 69
Trd, 4318314.343, 61
Trd, 4318316.893, 137
Trd, 4318317.093, 119
Trd, 4318317.643, 62
Trd, 4318317.743, 63
Trd, 4318318.443, 104
Trd, 4318318.593, 74
Trd, 4318318.743, 104
Trd, 4318319.393, 106
Trd, 4318319.593, 132
Trd, 4318320.693, 60
Trd, 4318320.743, 60
Trd, 4318321.993, 73
Trd, 4318322.093, 62
Trd, 4318322.643, 61
Trd, 4318323.293, 60
Trd, 4318325.243, 138
Trd, 4318326.243, 140
Trd, 4318326.493, 137
Trd, 4318326.993, 132
Trd, 4318327.893, 92
Trd, 4318329.793, 107
Trd, 4318330.393, 73
Trd, 4318330.443, 127
Trd, 4318330.643, 69
Trd, 4318331.043, 129
Trd, 4318331.393, 109
Trd, 4318331.893, 138
Trd, 4318333.093, 100
Trd, 4318336.193, 140
Trd, 4318336.843, 138
Trd, 4318336.943, 125
Trd, 4318337.943, 138
Trd, 4318338.293, 135
Trd, 4318340.143, 128
Trd, 4318340.593, 128
Trd, 4318340.743, 128
Trd, 4318340.993, 111
Trd, 4318341.293, 78
Trd, 4318341.843, 107
Trd, 4318342.543, 136
Trd, 4318342.643, 139
Trd, 4318345.243, 139
Trd, 4318345.543, 138
Trd, 4318346.843, 134
Trd, 4318347.293, 116
Trd, 4318347.393, 113
Trd, 4318348.243, 116
Trd, 4318349.893, 96
Trd, 4318350.293, 95
Trd, 4318350.343, 87
Trd, 4318350.793, 128
Trd, 4318351.793, 134
Trd, 4318352.043, 128
Trd, 4318353.943, 132
Trd, 4318354.293, 123
Trd, 4318355.743, 137
Trd, 4318355.843, 91
Trd, 4318356.193, 83
Trd, 4318356.843, 67
Trd, 4318357.293, 68
Trd, 4318358.193, 139
Trd, 4318358.443, 131
Trd, 4318358.793, 126
Trd, 4318359.293, 140
Trd, 4318360.593, 140
Trd, 4318361.993, 125
Trd, 4318362.393, 118
Trd, 4318362.793, 124
Trd, 4318364.443, 127
Trd, 4318364.843, 140
Trd, 4318364.993, 121
Trd, 4318366.243, 125
Trd, 4318366.793, 112
Trd, 4318367.293, 112
Trd, 4318368.343, 139
Trd, 4318369.493, 122
Trd, 4318369.593, 138
Trd, 4318370.143, 125
Trd, 4318370.843, 97
Trd, 4318372.493, 106
Trd, 4318372.743, 107
Trd, 4318374.243, 140
Trd, 4318374.443, 115
Trd, 4318375.943, 97
Trd, 4318376.993, 139
Trd, 4318377.143, 93
Trd, 4318377.193, 91
Trd, 4318377.843, 71
Trd, 4318380.943, 140
Trd, 4318380.993, 138
Trd, 4318381.143, 136
Trd, 4318381.643, 126
Trd, 4318381.693, 95
Trd, 4318382.743, 104
Trd, 4318383.893, 81
Trd, 4318385.443, 140
Trd, 4318386.343, 138
Trd, 4318387.393, 121
Trd, 4318387.843, 140
Trd, 4318388.193, 123
Trd, 4318389.593, 136
Trd, 4318390.393, 139
Trd, 4318390.693, 135
Trd, 4318391.193, 140
Trd, 4318392.393, 132
Trd, 4318393.243, 123
Trd, 4318394.193, 106
Trd, 4318394.643, 104
Trd, 4318396.193, 116
Trd, 4318396.293, 109
Trd, 4318396.543, 125
Trd, 4318396.643, 91
Trd, 4318397.243, 86
Trd, 4318399.043, 138
Trd, 4318401.643, 138
Trd, 4318401.993, 126
Trd, 4318402.143, 139
Trd, 4318402.343, 123
Trd, 4318403.843, 115
Trd, 4318404.143, 137
Trd, 4318404.743, 109
Trd, 4318406.243, 140
Trd, 4318406.693, 129
Trd, 4318406.993, 111
Trd, 4318407.443, 78
Trd, 4318408.093, 75
Trd, 4318409.643, 140
Trd, 4318409.993, 119
Trd, 4318410.093, 108
Trd, 4318412.693, 139
Trd, 4318412.993, 138
Trd, 4318413.143, 134
Trd, 4318413.643, 135
Trd, 4318414.643, 127
Trd, 4318414.993, 127
Trd, 4318417.093, 140
Trd, 4318418.243, 133
Trd, 4318419.543, 140
Trd, 4318420.393, 128
Trd, 4318420.643, 126
Trd, 4318421.193, 104
Trd, 4318421.993, 139
Trd, 4318422.643, 140
Trd, 4318423.093, 135
Trd, 4318423.293, 113
Trd, 4318425.193, 140
Trd, 4318425.393, 113
Trd, 4318426.093, 124
Trd, 4318426.343, 115
Trd, 4318426.493, 109
Trd, 4318427.143, 125
Trd, 4318427.793, 83
Trd, 4318430.143, 111
Trd, 4318431.393, 129
Trd, 4318431.543, 137
Trd, 4318434.393, 140
Trd, 4318434.943, 118
Trd, 4318435.093, 115
Trd, 4318436.343, 128
Trd, 4318437.993, 135
Trd, 4318439.643, 132
Trd, 4318439.943, 118
Trd, 4318440.393, 124
Trd, 4318440.543, 86
Trd, 4318442.093, 140
Trd, 4318443.543, 126
Trd, 4318443.843, 113
Trd, 4318443.893, 109
Trd, 4318444.143, 79
Trd, 4318444.893, 89
Trd, 4318445.543, 140
Trd, 4318447.043, 140
Trd, 4318447.343, 124
Trd, 4318447.993, 138
Trd, 4318448.543, 111
Trd, 4318449.293, 136
Trd, 4318449.443, 137
Trd, 4318450.943, 140
Trd, 4318451.443, 117
Trd, 4318453.143, 139
Trd, 4318453.493, 137
Trd, 4318453.943, 115
Trd, 4318454.193, 114
Trd, 4318454.593, 112
Trd, 4318456.293, 140
Trd, 4318456.493, 129
Trd, 4318457.393, 140
Trd, 4318457.443, 115
Trd, 4318458.043, 111
Trd, 4318459.543, 139
Trd, 4318460.543, 134
Trd, 4318460.943, 128
Trd, 4318462.193, 116
Trd, 4318462.243, 115
Trd, 4318463.593, 138
Trd, 4318466.243, 128
Trd, 4318466.643, 127
Trd, 4318466.993, 126
Trd, 4318468.043, 138
Trd, 4318469.443, 121
Trd, 4318469.843, 140
Trd, 4318470.443, 132
Trd, 4318471.793, 134
Trd, 4318472.043, 126
Trd, 4318472.893, 133
Trd, 4318475.093, 130
Trd, 4318476.393, 140
Trd, 4318476.643, 119
Trd, 4318477.343, 136
Trd, 4318478.293, 114
Trd, 4318478.493, 65
Trd, 4318478.943, 65
Trd, 4318479.643, 125
Trd, 4318479.943, 113
Trd, 4318481.193, 132
Trd, 4318481.893, 74
Trd, 4318482.093, 60
Trd, 4318482.243, 98
Trd, 4318482.643, 134
Trd, 4318484.393, 125
Trd, 4318485.343, 137
Trd, 4318487.743, 117
Trd, 4318488.493, 130
Trd, 4318490.293, 139
Trd, 4318490.643, 138
Trd, 4318491.093, 124
Trd, 4318492.393, 139
Trd, 4318493.193, 129
Trd, 4318493.693, 125
Trd, 4318494.293, 128
Trd, 4318494.543, 123
Trd, 4318494.693, 110
Trd, 4318496.943, 140
Trd, 4318497.543, 139
Trd, 4318498.043, 138
Trd, 4318498.543, 134
Trd, 4318498.793, 72
Trd, 4318499.593, 137
Trd, 4318500.693, 139
Trd, 4318501.643, 117
Trd, 4318503.693, 125
Trd, 4318504.043, 114
Trd, 4318504.093, 135
Trd, 4318504.943, 128
Trd, 4318505.343, 88
Trd, 4318505.893, 137
Trd, 4318506.143, 116
Trd, 4318507.193, 100
Trd, 4318508.193, 83
Trd, 4318508.543, 120
Trd, 4318509.643, 122
Trd, 4318510.843, 131
Trd, 4318511.443, 132
Trd, 4318511.693, 114
Trd, 4318513.243, 139
Trd, 4318513.993, 139
Trd, 4318515.993, 127
Trd, 4318516.093, 122
Trd, 4318516.643, 139
Trd, 4318517.743, 140
Trd, 4318518.043, 136
Trd, 4318519.793, 120
Trd, 4318520.293, 122
Trd, 4318520.393, 115
Trd, 4318521.293, 140
Trd, 4318522.243, 139
Trd, 4318522.643, 118
Trd, 4318523.793, 125
Trd, 4318524.793, 140
Trd, 4318525.943, 120
Trd, 4318527.243, 140
Trd, 4318528.093, 137
Trd, 4318528.693, 102
Trd, 4318528.993, 128
Trd, 4318529.443, 140
Trd, 4318531.293, 123
Trd, 4318531.593, 138
Trd, 4318533.293, 140
Trd, 4318533.743, 138
Trd, 4318534.943, 111
Trd, 4318535.193, 106
Trd, 4318535.693, 121
Trd, 4318536.243, 140
Trd, 4318537.343, 114
Trd, 4318537.943, 132
Trd, 4318539.143, 140
Trd, 4318539.943, 139
Trd, 4318539.993, 138
Trd, 4318541.043, 131
Trd, 4318542.943, 138
Trd, 4318544.193, 140
Trd, 4318544.993, 140
Trd, 4318545.293, 123
Trd, 4318545.943, 121
Trd, 4318546.793, 107
Trd, 4318547.893, 137
Trd, 4318548.693, 139
Trd, 4318550.393, 127
Trd, 4318550.443, 129
Trd, 4318550.793, 131
Trd, 4318550.843, 104
Trd, 4318551.243, 126
Trd, 4318553.543, 119
Trd, 4318554.193, 115
Trd, 4318554.693, 137
Trd, 4318555.343, 134
Trd, 4318556.393, 139
Trd, 4318557.943, 133
Trd, 4318559.743, 140
Trd, 4318560.043, 127
Trd, 4318560.743, 140
Trd, 4318560.993, 122
Trd, 4318561.343, 93
Trd, 4318562.443, 130
Trd, 4318563.643, 117
Trd, 4318564.793, 94
Trd, 4318564.843, 135
Trd, 4318564.893, 136
Trd, 4318565.343, 99
Trd, 4318565.393, 92
Trd, 4318566.593, 96
Trd, 4318567.693, 125
Trd, 4318567.993, 135
Trd, 4318568.943, 138
Trd, 4318569.443, 137
Trd, 4318570.693, 100
Trd, 4318571.293, 133
Trd, 4318572.843, 138
Trd, 4318574.293, 106
Trd, 4318575.343, 101
Trd, 4318575.443, 82
Trd, 4318576.543, 60
Trd, 4318577.443, 137
Trd, 4318578.193, 138
Trd, 4318578.543, 125
Trd, 4318579.843, 139
Trd, 4318580.643, 140
Trd, 4318582.093, 118
Trd, 4318582.593, 122
Trd, 4318585.243, 122
Trd, 4318585.293, 120
Trd, 4318585.693, 131
Trd, 4318586.093, 103
Trd, 4318586.393, 131
Trd, 4318586.993, 101
Trd, 4318588.043, 137
Trd, 4318589.043, 132
Trd, 4318589.493, 127
Trd, 4318589.843, 114
Trd, 4318590.343, 139
Trd, 4318591.193, 112
Trd, 4318592.843, 138
Trd, 4318593.193, 122
Trd, 4318593.843, 140
Trd, 4318594.443, 102
Trd, 4318594.543, 85
Trd, 4318595.943, 140
Trd, 4318596.743, 140
Trd, 4318597.593, 137
Trd, 4318598.293, 125
Trd, 4318599.243, 139
Trd, 4318599.543, 121
Trd, 4318599.793, 114
Trd, 4318602.793, 137
Trd, 4318603.043, 119
Trd, 4318603.293, 128
Trd, 4318604.443, 139
Trd, 4318605.493, 135
Trd, 4318606.393, 127
Trd, 4318606.493, 120
Trd, 4318607.293, 140
Trd, 4318607.893, 140
Trd, 4318608.393, 66
Trd, 4318610.393, 126
Trd, 4318610.943, 137
Trd, 4318611.543, 103
Trd, 4318612.443, 95
Trd, 4318613.343, 139
Trd, 4318614.793, 138
Trd, 4318615.043, 125
Trd, 4318615.843, 124
Trd, 4318615.943, 122
Trd, 4318616.243, 133
Trd, 4318617.193, 139
Trd, 4318617.693, 124
Trd, 4318619.643, 113
Trd, 4318620.593, 139
Trd, 4318620.943, 138
Trd, 4318622.293, 140
Trd, 4318622.693, 128
Trd, 4318624.493, 140
Trd, 4318624.543, 126
Trd, 4318624.943, 121
Trd, 4318625.193, 118
Trd, 4318626.693, 136
Trd, 4318627.743, 136
Trd, 4318628.143, 121
Trd, 4318630.943, 139
Trd, 4318632.143, 132
Trd, 4318632.593, 114
Trd, 4318633.593, 82
Trd, 4318633.843, 69
Trd, 4318634.343, 108
Trd, 4318635.593, 134
Trd, 4318637.743, 140
Trd, 4318638.493, 133
Trd, 4318638.543, 127
Trd, 4318638.993, 126
Trd, 4318639.743, 66
Trd, 4318639.793, 68
Trd, 4318641.293, 61
Trd, 4318641.643, 63
Trd, 4318641.693, 78
Trd, 4318642.193, 117
Trd, 4318642.343, 120
Trd, 4318642.993, 70
Trd, 4318643.493, 120
Trd, 4318645.393, 137
Trd, 4318646.993, 138
Trd, 4318647.493, 140
Trd, 4318647.593, 128
Trd, 4318647.643, 119
Trd, 4318648.493, 135
Trd, 4318651.643, 97
Trd, 4318651.893, 93
Trd, 4318652.243, 101
Trd, 4318652.743, 137
Trd, 4318654.243, 140
Trd, 4318654.493, 131
Trd, 4318654.793, 125
Trd, 4318655.193, 120
Trd, 4318655.593, 99
Trd, 4318655.843, 133
Trd, 4318658.693, 138
Trd, 4318659.793, 134
Trd, 4318660.293, 115
Trd, 4318660.343, 115
Trd, 4318661.293, 136
Trd, 4318662.943, 138
Trd, 4318665.143, 140
Trd, 4318665.343, 139
Trd, 4318667.493, 138
Trd, 4318667.543, 133
Trd, 4318667.793, 138
Trd, 4318668.243, 138
Trd, 4318668.343, 125
Trd, 4318669.343, 116
Trd, 4318670.343, 140
Trd, 4318671.443, 140
Trd, 4318673.043, 131
Trd, 4318674.293, 134
Trd, 4318674.843, 125
Trd, 4318675.993, 96
Trd, 4318676.193, 91
Trd, 4318676.493, 84
Trd, 4318677.793, 64
Trd, 4318678.643, 134
Trd, 4318679.193, 138
Trd, 4318679.343, 138
Trd, 4318679.943, 67
Trd, 4318680.043, 67
Trd, 4318680.093, 68
Trd, 4318681.143, 60
Trd, 4318681.193, 63
Trd, 4318681.693, 136
Trd, 4318682.243, 110
Trd, 4318683.743, 137
Trd, 4318684.793, 128
Trd, 4318684.843, 119
Trd, 4318686.993, 130
Trd, 4318687.543, 109
Trd, 4318688.043, 106
Trd, 4318688.643, 138
Trd, 4318689.193, 122
Trd, 4318690.343, 128
Trd, 4318691.393, 110
Trd, 4318691.543, 95
Trd, 4318692.693, 138
Trd, 4318693.493, 140
Trd, 4318693.893, 124
Trd, 4318695.343, 92
Trd, 4318695.693, 132
Trd, 4318696.793, 112
Trd, 4318697.093, 131
Trd, 4318699.693, 136
Trd, 4318700.043, 140
Trd, 4318700.143, 115
Trd, 4318701.643, 138
Trd, 4318701.943, 122
Trd, 4318702.443, 138
Trd, 4318704.343, 134
Trd, 4318705.393, 140
Trd, 4318705.943, 134
Trd, 4318706.993, 137
Trd, 4318707.293, 137
Trd, 4318708.293, 140
Trd, 4318708.393, 121
Trd, 4318709.093, 140
Trd, 4318709.743, 140
Trd, 4318711.843, 140
Trd, 4318712.443, 128
Trd, 4318712.593, 134
Trd, 4318713.093, 101
Trd, 4318715.093, 60
Trd, 4318715.693, 137
Trd, 4318715.993, 96
Trd, 4318716.393, 68
Trd, 4318716.593, 138
Trd, 4318717.343, 60
Trd, 4318718.093, 64
Trd, 4318718.393, 78
Trd, 4318719.593, 79
Trd, 4318719.893, 89
Trd, 4318720.293, 61
Trd, 4318720.993, 97
Trd, 4318723.093, 60
Trd, 4318723.293, 60
Trd, 4318723.793, 63
Trd, 4318723.893, 64
Trd, 4318724.443, 60
Trd, 4318724.593, 61
Trd, 4318724.643, 100
Trd, 4318725.543, 65
Trd, 4318726.593, 106
Trd, 4318727.443, 126
Trd, 4318727.743, 118
Trd, 4318727.943, 112
Trd, 4318730.493, 140
Trd, 4318731.343, 139
Trd, 4318732.393, 137
Trd, 4318733.293, 133
Trd, 4318734.543, 135
Trd, 4318734.593, 123
Trd, 4318735.543, 135
Trd, 4318735.643, 131
Trd, 4318736.143, 139
Trd, 4318738.243, 140
Trd, 4318738.843, 139
Trd, 4318740.443, 140
Trd, 4318740.643, 131
Trd, 4318741.143, 135
Trd, 4318741.343, 124
Trd, 4318742.043, 100
Trd, 4318743.093, 132
Trd, 4318743.643, 60
Trd, 4318744.943, 140
Trd, 4318745.243, 116
Trd, 4318746.143, 140
Trd, 4318746.943, 138
Trd, 4318748.243, 140
Trd, 4318748.393, 139
Trd, 4318750.293, 137
Trd, 4318750.593, 114
Trd, 4318751.143, 81
Trd, 4318752.043, 98
Trd, 4318752.293, 99
Trd, 4318752.343, 95
Trd, 4318752.693, 101
Trd, 4318753.043, 86
Trd, 4318753.393, 91
Trd, 4318755.143, 138
Trd, 4318756.293, 111
Trd, 4318756.593, 104
Trd, 4318758.693, 139
Trd, 4318759.943, 135
Trd, 4318759.993, 134
Trd, 4318760.443, 132
Trd, 4318760.693, 124
Trd, 4318761.193, 119
Trd, 4318761.493, 114
Trd, 4318762.543, 133
Trd, 4318763.293, 119
Trd, 4318764.293, 140
Trd, 4318765.143, 137
Trd, 4318766.043, 137
Trd, 4318766.393, 127
Trd, 4318767.043, 134
Trd, 4318767.193, 134
Trd, 4318768.343, 125
Trd, 4318769.443, 138
Trd, 4318769.543, 114
Trd, 4318769.843, 77
Trd, 4318770.893, 85
Trd, 4318771.343, 123
Trd, 4318772.093, 112
Trd, 4318773.243, 61
Trd, 4318773.493, 72
Trd, 4318773.593, 73
Trd, 4318774.243, 61
Trd, 4318775.143, 61
Trd, 4318775.793, 60
Trd, 4318776.343, 60
Trd, 4318776.593, 62
Trd, 4318776.643, 63
Trd, 4318777.193, 130
Trd, 4318777.493, 89
Trd, 4318777.893, 60
Trd, 4318779.643, 60
Trd, 4318779.893, 61
Trd, 4318780.243, 61
Trd, 4318780.743, 105
Trd, 4318781.643, 115
Trd, 4318783.093, 115
Trd, 4318784.043, 133
Trd, 4318784.243, 106
Trd, 4318784.493, 114
Trd, 4318785.243, 139
Trd, 4318785.343, 111
Trd, 4318786.743, 128
Trd, 4318787.593, 107
Trd, 4318788.093, 106
Trd, 4318788.693, 129
Trd, 4318790.143, 130
Trd, 4318790.393, 118
Trd, 4318791.743, 134
Trd, 4318791.793, 106
Trd, 4318792.143, 73
Trd, 4318795.393, 140
Trd, 4318795.993, 140
Trd, 4318796.243, 140
Trd, 4318796.693, 139
Trd, 4318797.093, 135
Trd, 4318798.993, 135
Trd, 4318799.393, 113
Trd, 4318799.443, 91
Trd, 4318801.793, 133
Trd, 4318802.043, 137
Trd, 4318802.443, 121
Trd, 4318804.443, 131
Trd, 4318804.593, 140
Trd, 4318804.993, 102
Trd, 4318805.943, 96
Trd, 4318807.543, 126
Trd, 4318807.593, 76
Trd, 4318808.493, 63
Trd, 4318808.593, 64
Trd, 4318809.143, 68
Trd, 4318809.343, 69
Trd, 4318809.493, 97
Trd, 4318810.193, 60
Trd, 4318810.343, 60
Trd, 4318812.643, 128
Trd, 4318813.293, 83
Trd, 4318813.343, 81
Trd, 4318813.643, 109
Trd, 4318814.543, 67
Trd, 4318815.143, 131
Trd, 4318816.643, 140
Trd, 4318818.093, 138
Trd, 4318818.143, 115
Trd, 4318818.643, 97
Trd, 4318819.893, 84
Trd, 4318820.393, 116
Trd, 4318821.393, 140
Trd, 4318823.043, 134
Trd, 4318823.193, 120
Trd, 4318824.043, 133
Trd, 4318825.093, 139
Trd, 4318826.793, 140
Trd, 4318826.843, 122
Trd, 4318827.193, 121
Trd, 4318829.493, 140
Trd, 4318830.493, 127
Trd, 4318833.093, 139
Trd, 4318833.343, 113
Trd, 4318833.743, 138
Trd, 4318834.043, 114
Trd, 4318834.293, 119
Trd, 4318834.793, 110
Trd, 4318835.293, 131
Trd, 4318837.743, 127
Trd, 4318840.493, 124
Trd, 4318841.243, 135
Trd, 4318841.843, 114
Trd, 4318842.393, 138
Trd, 4318842.793, 94
Trd, 4318843.193, 91
Trd, 4318843.793, 135
Trd, 4318844.543, 124
Trd, 4318844.693, 89
Trd, 4318847.093, 121
Trd, 4318847.493, 119
Trd, 4318847.893, 108
Trd, 4318849.043, 139
Trd, 4318849.543, 135
Trd, 4318850.143, 118
Trd, 4318850.793, 115
Trd, 4318851.793, 140
Trd, 4318852.093, 140
Trd, 4318852.543, 128
Trd, 4318853.593, 104
Trd, 4318854.643, 123
Trd, 4318856.043, 127
Trd, 4318856.093, 107
Trd, 4318856.443, 127
Trd, 4318857.293, 118
Trd, 4318858.393, 135
Trd, 4318858.943, 139
Trd, 4318859.293, 128
Trd, 4318861.143, 139
Trd, 4318861.743, 131
Trd, 4318861.993, 117
Trd, 4318863.793, 140
Trd, 4318864.843, 115
Trd, 4318865.843, 133
Trd, 4318865.893, 132
Trd, 4318865.943, 124
Trd, 4318867.043, 131
Trd, 4318868.543, 124
Trd, 4318871.193, 139
Trd, 4318871.643, 129
Trd, 4318871.943, 136
Trd, 4318871.993, 113
Trd, 4318872.443, 101
Trd, 4318872.743, 122
Trd, 4318874.793, 136
Trd, 4318875.293, 116
Trd, 4318875.743, 137
Trd, 4318876.143, 94
Trd, 4318877.093, 123
Trd, 4318877.393, 138
Trd, 4318877.893, 112
Trd, 4318878.193, 136
Trd, 4318878.643, 97
Trd, 4318879.443, 139
Trd, 4318880.593, 133
Trd, 4318881.143, 111
Trd, 4318882.843, 139
Trd, 4318884.393, 128
Trd, 4318884.643, 128
Trd, 4318885.143, 127
Trd, 4318885.643, 137
Trd, 4318886.843, 113
Trd, 4318886.943, 112
Trd, 4318887.593, 61
Trd, 4318890.143, 140
Trd, 4318890.493, 124
Trd, 4318890.593, 117
Trd, 4318891.693, 139
Trd, 4318894.243, 140
Trd, 4318894.293, 140
Trd, 4318894.543, 124
Trd, 4318895.193, 136
Trd, 4318896.093, 137
Trd, 4318896.343, 131
Trd, 4318896.493, 117
Trd, 4318897.693, 136
Trd, 4318898.743, 137
Trd, 4318899.193, 116
Trd, 4318899.893, 115
Trd, 4318900.943, 96
Trd, 4318903.443, 136
Trd, 4318903.793, 134
Trd, 4318904.043, 126
Trd, 4318904.093, 122
Trd, 4318904.593, 137
Trd, 4318904.893, 131
Trd, 4318905.543, 132
Trd, 4318907.843, 62
Trd, 4318908.043, 60
Trd, 4318908.893, 60
Trd, 4318908.993, 60
Trd, 4318909.143, 60
Trd, 4318909.193, 68
Trd, 4318910.543, 71
Trd, 4318910.943, 93
Trd, 4318912.143, 71
Trd, 4318912.643, 87
Trd, 4318914.093, 140
Trd, 4318914.643, 134
Trd, 4318914.743, 124
Trd, 4318915.943, 97
Trd, 4318916.493, 122
Trd, 4318917.393, 96
Trd, 4318918.243, 77
Trd, 4318919.243, 140
Trd, 4318919.593, 132
Trd, 4318919.943, 124
Trd, 4318919.993, 99
Trd, 4318920.743, 136
Trd, 4318921.093, 60
Trd, 4318921.743, 123
Trd, 4318922.493, 129
Trd, 4318923.493, 93
Trd, 4318925.493, 139
Trd, 4318926.443, 136
Trd, 4318927.393, 125
Trd, 4318928.643, 138
Trd, 4318929.043, 124
Trd, 4318929.443, 135
Trd, 4318930.693, 115
Trd, 4318931.543, 139
Trd, 4318931.943, 122
Trd, 4318932.643, 119
Trd, 4318934.443, 116
Trd, 4318934.943, 137
Trd, 4318936.043, 111
Trd, 4318937.743, 135
Trd, 4318938.943, 139
Trd, 4318939.643, 140
Trd, 4318940.143, 130
Trd, 4318940.443, 126
Trd, 4318941.693, 79
Trd, 4318941.843, 126
Trd, 4318943.343, 131
Trd, 4318943.593, 117
Trd, 4318944.543, 140
Trd, 4318944.593, 134
Trd, 4318944.843, 97
Trd, 4318945.793, 110
Trd, 4318946.343, 111
Trd, 4318947.293, 86
Trd, 4318948.043, 140
Trd, 4318948.293, 73
Trd, 4318948.993, 138
Trd, 4318949.843, 105
Trd, 4318950.793, 92
Trd, 4318951.443, 87
Trd, 4318952.793, 138
Trd, 4318954.093, 140
Trd, 4318954.243, 138
Trd, 4318954.593, 124
Trd, 4318956.243, 136
Trd, 4318957.643, 129
Trd, 4318957.893, 117
Trd, 4318958.543, 134
Trd, 4318959.093, 105
Trd, 4318959.493, 139
Trd, 4318960.393, 129
Trd, 4318963.493, 140
Trd, 4318964.193, 139
Trd, 4318964.493, 128
Trd, 4318964.593, 122
Trd, 4318964.843, 114
Trd, 4318965.343, 135
Trd, 4318966.793, 137
Trd, 4318967.093, 136
Trd, 4318967.643, 82
Trd, 4318967.893, 74
Trd, 4318969.693, 77
Trd, 4318969.943, 71
Trd, 4318970.193, 104
Trd, 4318970.493, 107
Trd, 4318971.243, 67
Trd, 4318971.743, 61
Trd, 4318972.243, 85
Trd, 4318973.143, 122
Trd, 4318973.893, 110
Trd, 4318974.593, 115
Trd, 4318975.343, 104
Trd, 4318976.043, 86
Trd, 4318978.743, 140
Trd, 4318978.893, 140
Trd, 4318978.943, 124
Trd, 4318979.493, 140
Trd, 4318979.593, 137
Trd, 4318981.293, 136
Trd, 4318982.393, 138
Trd, 4318984.293, 126
Trd, 4318984.443, 121
Trd, 4318984.543, 71
Trd, 4318984.693, 66
Trd, 4318986.643, 132
Trd, 4318988.043, 103
Trd, 4318988.293, 104
Trd, 4318989.993, 130
Trd, 4318990.043, 96
Trd, 4318990.543, 139
Trd, 4318990.993, 138
Trd, 4318991.193, 118
Trd, 4318992.443, 129
Trd, 4318992.843, 139
Trd, 4318994.243, 133
Trd, 4318995.043, 123
Trd, 4318996.343, 136
Trd, 4318997.493, 116
Trd, 4318999.043, 140
Trd, 4319000.293, 136
Trd, 4319000.343, 122
Trd, 4319001.493, 137
Trd, 4319002.593, 124
Trd, 4319002.693, 112
Trd, 4319003.093, 111
Trd, 4319003.243, 130
Trd, 4319004.043, 140
Trd, 4319004.193, 113
Trd, 4319006.943, 102
Trd, 4319006.993, 71
Trd, 4319008.093, 140
Trd, 4319008.943, 139
Trd, 4319009.843, 124
Trd, 4319009.943, 113
Trd, 4319010.243, 116
Trd, 4319010.893, 61
Trd, 4319012.193, 120
Trd, 4319013.443, 136
Trd, 4319013.943, 77
Trd, 4319015.643, 132
Trd, 4319016.143, 139
Trd, 4319016.543, 127
Trd, 4319016.843, 140
Trd, 4319018.893, 111
Trd, 4319019.543, 139
Trd, 4319020.693, 131
Trd, 4319021.543, 136
Trd, 4319022.093, 117
Trd, 4319022.293, 107
Trd, 4319022.943, 134
Trd, 4319023.343, 132
Trd, 4319025.193, 109
Trd, 4319027.193, 112
Trd, 4319027.443, 135
Trd, 4319027.693, 125
Trd, 4319028.293, 112
Trd, 4319028.343, 103
Trd, 4319029.093, 77
Trd, 4319029.293, 105
Trd, 4319030.793, 90
Trd, 4319030.993, 112
Trd, 4319031.143, 128
Trd, 4319032.293, 134
Trd, 4319035.393, 140
Trd, 4319035.443, 137
Trd, 4319035.493, 118
Trd, 4319035.743, 112
Trd, 4319036.043, 95
Trd, 4319039.893, 134
Trd, 4319040.043, 114
Trd, 4319041.043, 138
Trd, 4319041.643, 140
Trd, 4319041.693, 129
Trd, 4319042.743, 125
Trd, 4319044.293, 137
Trd, 4319044.393, 124
Trd, 4319044.743, 119
Trd, 4319045.293, 116
Trd, 4319046.093, 106
Trd, 4319046.393, 88
Trd, 4319046.793, 133
Trd, 4319046.993, 117
Trd, 4319048.643, 103
Trd, 4319049.393, 133
Trd, 4319050.093, 139
Trd, 4319050.593, 131
Trd, 4319051.443, 119
Trd, 4319051.543, 64
Trd, 4319053.143, 125
Trd, 4319053.843, 139
Trd, 4319055.343, 140
Trd, 4319055.443, 127
Trd, 4319058.093, 123
Trd, 4319058.293, 118
Trd, 4319058.843, 139
Trd, 4319059.793, 90
Trd, 4319061.643, 140
Trd, 4319062.493, 140
Trd, 4319062.793, 133
Trd, 4319063.293, 125
Trd, 4319063.593, 94
Trd, 4319065.593, 128
Trd, 4319065.893, 129
Trd, 4319066.143, 126
Trd, 4319068.793, 140
Trd, 4319069.193, 130
Trd, 4319069.693, 103
Trd, 4319069.993, 101
Trd, 4319071.643, 139
Trd, 4319072.043, 121
Trd, 4319073.993, 105
Trd, 4319074.193, 106
Trd, 4319074.493, 88
Trd, 4319075.093, 80
Trd, 4319075.993, 61
Trd, 4319076.243, 62
Trd, 4319077.593, 60
Trd, 4319077.743, 60
Trd, 4319077.993, 107
Trd, 4319078.543, 137
Trd, 4319079.343, 136
Trd, 4319080.243, 119
Trd, 4319081.143, 103
Trd, 4319081.243, 99
Trd, 4319081.943, 90
Trd, 4319082.943, 138
Trd, 4319083.593, 138
Trd, 4319083.743, 137
Trd, 4319084.243, 134
Trd, 4319085.793, 130
Trd, 4319086.793, 135
Trd, 4319086.893, 120
Trd, 4319088.243, 137
Trd, 4319088.793, 82
Trd, 4319089.143, 80
Trd, 4319090.743, 135
Trd, 4319091.393, 116
Trd, 4319092.993, 95
Trd, 4319093.243, 139
Trd, 4319095.743, 134
Trd, 4319096.893, 140
Trd, 4319097.793, 138
Trd, 4319098.043, 125
Trd, 4319099.043, 121
Trd, 4319099.393, 127
Trd, 4319099.793, 113
Trd, 4319100.493, 137
Trd, 4319100.543, 126
Trd, 4319101.193, 137
Trd, 4319101.443, 129
Trd, 4319101.843, 98
Trd, 4319104.243, 128
Trd, 4319104.343, 108
Trd, 4319105.143, 125
Trd, 4319106.293, 62
Trd, 4319106.443, 66
Trd, 4319107.593, 60
Trd, 4319107.743, 116
Trd, 4319109.443, 136
Trd, 4319112.043, 132
Trd, 4319112.393, 129
Trd, 4319112.443, 112
Trd, 4319113.493, 138
Trd, 4319114.343, 139
Trd, 4319114.793, 114
Trd, 4319115.743, 110
Trd, 4319118.343, 114
Trd, 4319118.443, 108
Trd, 4319118.593, 105
Trd, 4319119.893, 134
Trd, 4319120.143, 111
Trd, 4319121.443, 138
Trd, 4319122.993, 140
Trd, 4319124.093, 136
Trd, 4319124.143, 131
Trd, 4319126.843, 139
Trd, 4319126.893, 136
Trd, 4319127.243, 139
Trd, 4319127.993, 102
Trd, 4319129.093, 134
Trd, 4319130.043, 139
Trd, 4319130.593, 95
Trd, 4319131.593, 136
Trd, 4319131.843, 104
Trd, 4319132.043, 137
Trd, 4319133.243, 140
Trd, 4319135.493, 140
Trd, 4319135.693, 137
Trd, 4319135.793, 130
Trd, 4319135.943, 115
Trd, 4319137.393, 135
Trd, 4319137.493, 69
Trd, 4319138.143, 121
Trd, 4319138.193, 93
Trd, 4319139.943, 124
Trd, 4319140.443, 117
Trd, 4319141.193, 60
Trd, 4319142.043, 60
Trd, 4319142.243, 61
Trd, 4319142.293, 69
Trd, 4319142.743, 107
Trd, 4319142.843, 84
Trd, 4319144.543, 140
Trd, 4319145.993, 116
Trd, 4319147.743, 136
Trd, 4319147.843, 133
Trd, 4319147.993, 124
Trd, 4319148.293, 125
Trd, 4319148.443, 126
Trd, 4319148.743, 83
Trd, 4319149.393, 76
Trd, 4319150.093, 122
Trd, 4319150.643, 136
Trd, 4319150.943, 107
Trd, 4319152.143, 138
Trd, 4319153.243, 137
Trd, 4319154.193, 123
Trd, 4319154.293, 122
Trd, 4319155.493, 110
Trd, 4319156.943, 104
Trd, 4319158.143, 139
Trd, 4319159.293, 136
Trd, 4319159.393, 125
Trd, 4319160.393, 88
Trd, 4319160.843, 95
Trd, 4319162.343, 139
Trd, 4319163.243, 133
Trd, 4319163.593, 132
Trd, 4319165.043, 120
Trd, 4319165.443, 135
Trd, 4319166.743, 131
Trd, 4319168.293, 126
Trd, 4319169.193, 139
Trd, 4319169.543, 135
Trd, 4319170.243, 124
Trd, 4319170.343, 122
Trd, 4319171.143, 98
Trd, 4319171.393, 136
Trd, 4319172.293, 133
Trd, 4319175.193, 140
Trd, 4319175.643, 131
Trd, 4319175.793, 127
Trd, 4319176.093, 129
Trd, 4319176.843, 133
Trd, 4319177.143, 136
Trd, 4319178.943, 89
Trd, 4319180.243, 137
Trd, 4319180.443, 110
Trd, 4319180.843, 132
Trd, 4319181.043, 120
Trd, 4319182.243, 134
Trd, 4319182.493, 121
Trd, 4319183.093, 137
Trd, 4319183.393, 126
Trd, 4319183.693, 97
Trd, 4319183.793, 136
Trd, 4319186.243, 138
Trd, 4319186.593, 121
Trd, 4319186.643, 118
Trd, 4319186.793, 109
Trd, 4319188.093, 112
Trd, 4319188.843, 140
Trd, 4319190.793, 139
Trd, 4319191.443, 127
Trd, 4319192.943, 139
Trd, 4319193.043, 127
Trd, 4319193.643, 120
Trd, 4319193.893, 111
Trd, 4319194.993, 139
Trd, 4319195.343, 135
Trd, 4319197.343, 138
Trd, 4319197.443, 130
Trd, 4319197.543, 124
Trd, 4319198.493, 136
Trd, 4319201.043, 131
Trd, 4319201.893, 135
Trd, 4319202.793, 132
Trd, 4319202.893, 131
Trd, 4319204.393, 139
Trd, 4319205.393, 135
Trd, 4319207.693, 140
Trd, 4319207.743, 131
Trd, 4319208.593, 126
Trd, 4319209.593, 112
Trd, 4319209.643, 106
Trd, 4319210.193, 113
Trd, 4319210.393, 79
Trd, 4319211.793, 137
Trd, 4319212.943, 136
Trd, 4319213.093, 135
Trd, 4319213.143, 122
Trd, 4319214.893, 136
Trd, 4319215.493, 139
Trd, 4319215.743, 121
Trd, 4319216.743, 130
Trd, 4319218.043, 140
Trd, 4319218.293, 139
Trd, 4319219.093, 102
Trd, 4319220.443, 137
Trd, 4319220.743, 93
Trd, 4319221.143, 93
Trd, 4319222.193, 88
Trd, 4319224.243, 140
Trd, 4319224.743, 133
Trd, 4319225.043, 129
Trd, 4319225.193, 104
Trd, 4319226.343, 137
Trd, 4319226.543, 130
Trd, 4319227.143, 69
Trd, 4319228.443, 104
Trd, 4319229.743, 130
Trd, 4319231.343, 136
Trd, 4319231.743, 134
Trd, 4319232.643, 136
Trd, 4319233.143, 113
Trd, 4319233.193, 138
Trd, 4319233.343, 99
Trd, 4319233.943, 116
Trd, 4319234.343, 119
Trd, 4319235.693, 132
Trd, 4319235.893, 128
Trd, 4319237.093, 73
Trd, 4319237.743, 111
Trd, 4319238.643, 63
Trd, 4319238.693, 64
Trd, 4319239.593, 68
Trd, 4319240.093, 64
Trd, 4319240.693, 134
Trd, 4319240.943, 90
Trd, 4319243.843, 140
Trd, 4319244.943, 135
Trd, 4319245.643, 130
Trd, 4319245.743, 116
Trd, 4319246.943, 105
Trd, 4319247.843, 140
Trd, 4319248.043, 138
Trd, 4319249.043, 122
Trd, 4319249.243, 135
Trd, 4319250.243, 135
Trd, 4319250.693, 106
Trd, 4319250.743, 104
Trd, 4319252.143, 112
Trd, 4319253.543, 135
Trd, 4319253.793, 105
Trd, 4319254.843, 99
Trd, 4319256.443, 126
Trd, 4319256.743, 127
Trd, 4319257.043, 131
Trd, 4319257.243, 107
Trd, 4319257.843, 139
Trd, 4319258.943, 140
Trd, 4319259.243, 121
Trd, 4319259.993, 108
Trd, 4319260.093, 124
Trd, 4319260.193, 104
Trd, 4319261.343, 124
Trd, 4319262.893, 135
Trd, 4319263.293, 134
Trd, 4319263.543, 116
Trd, 4319264.593, 76
Trd, 4319265.193, 139
Trd, 4319266.843, 139
Trd, 4319267.443, 114
Trd, 4319268.943, 140
Trd, 4319269.143, 139
Trd, 4319270.243, 132
Trd, 4319270.343, 124
Trd, 4319271.293, 94
Trd, 4319272.393, 140
Trd, 4319272.893, 134
Trd, 4319273.493, 110
Trd, 4319274.193, 108
Trd, 4319276.143, 123
Trd, 4319276.693, 137
Trd, 4319277.943, 138
Trd, 4319278.393, 101
Trd, 4319279.293, 60
Trd, 4319279.693, 61
Trd, 4319280.243, 66
Trd, 4319280.393, 67
Trd, 4319280.793, 121
Trd, 4319281.693, 60
Trd, 4319282.193, 61
Trd, 4319282.593, 79
Trd, 4319283.643, 140
Trd, 4319284.193, 134
Trd, 4319286.643, 139
Trd, 4319286.743, 138
Trd, 4319287.393, 136
Trd, 4319287.443, 126
Trd, 4319288.293, 118
Trd, 4319289.293, 106
Trd, 4319290.643, 132
Trd, 4319292.243, 122
Trd, 4319292.343, 116
Trd, 4319292.593, 134
Trd, 4319292.893, 136
Trd, 4319294.893, 75
Trd, 4319295.143, 76
Trd, 4319295.643, 92
Trd, 4319295.843, 109
Trd, 4319296.193, 72
Trd, 4319298.193, 139
Trd, 4319298.393, 139
Trd, 4319299.243, 124
Trd, 4319299.693, 121
Trd, 4319300.143, 124
Trd, 4319300.593, 139
Trd, 4319302.093, 85
Trd, 4319303.193, 122
Trd, 4319303.393, 139
Trd, 4319306.343, 139
Trd, 4319306.843, 127
Trd, 4319307.343, 119
Trd, 4319307.393, 105
Trd, 4319308.093, 84
Trd, 4319309.593, 139
Trd, 4319310.843, 133
Trd, 4319312.193, 129
Trd, 4319312.643, 116
Trd, 4319313.693, 139
Trd, 4319315.393, 138
Trd, 4319315.943, 126
Trd, 4319316.043, 125
Trd, 4319316.943, 111
Trd, 4319317.693, 108
Trd, 4319319.493, 135
Trd, 4319321.593, 137
Trd, 4319322.643, 140
Trd, 4319322.693, 126
Trd, 4319322.743, 126
Trd, 4319323.043, 138
Trd, 4319323.343, 138
Trd, 4319325.793, 119
Trd, 4319326.643, 121
Trd, 4319326.743, 121
Trd, 4319326.843, 118
Trd, 4319328.893, 84
Trd, 4319329.143, 70
Trd, 4319329.893, 68
Trd, 4319330.193, 69
Trd, 4319330.843, 67
Trd, 4319331.093, 115
Trd, 4319332.543, 60
Trd, 4319333.593, 60
Trd, 4319334.243, 61
Trd, 4319334.993, 67
Trd, 4319335.143, 74
Trd, 4319335.443, 60
Trd, 4319335.793, 88
Trd, 4319337.343, 97
Trd, 4319338.093, 100
Trd, 4319339.343, 98
Trd, 4319340.593, 114
Trd, 4319341.843, 138
Trd, 4319342.143, 118
Trd, 4319343.593, 114
Trd, 4319343.743, 110
Trd, 4319344.293, 132
Trd, 4319345.443, 130
Trd, 4319346.193, 140
Trd, 4319347.393, 136
Trd, 4319348.493, 133
Trd, 4319348.693, 125
Trd, 4319349.193, 111
Trd, 4319350.043, 139
Trd, 4319350.393, 140
Trd, 4319353.393, 137
Trd, 4319353.993, 113
Trd, 4319355.193, 135
Trd, 4319355.293, 131
Trd, 4319357.043, 139
Trd, 4319357.843, 139
Trd, 4319357.993, 135
Trd, 4319358.143, 132
Trd, 4319359.593, 139
Trd, 4319359.693, 134
Trd, 4319361.343, 101
Trd, 4319361.393, 99
Trd, 4319362.543, 140
Trd, 4319363.893, 114
Trd, 4319364.143, 115
Trd, 4319364.393, 105
Trd, 4319364.793, 91
Trd, 4319365.693, 128
Trd, 4319366.293, 122
Trd, 4319367.293, 130
Trd, 4319368.043, 122
Trd, 4319368.243, 114
Trd, 4319368.843, 139
Trd, 4319370.093, 136
Trd, 4319370.293, 112
Trd, 4319373.493, 140
Trd, 4319373.693, 136
Trd, 4319374.343, 121
Trd, 4319374.443, 108
Trd, 4319375.143, 111
Trd, 4319375.543, 83
Trd, 4319377.493, 139
Trd, 4319378.293, 119
Trd, 4319378.493, 120
Trd, 4319379.793, 135
Trd, 4319380.943, 109
Trd, 4319380.993, 105
Trd, 4319381.443, 135
Trd, 4319381.743, 108
Trd, 4319382.743, 140
Trd, 4319384.143, 139
Trd, 4319384.393, 134
Trd, 4319385.793, 112
Trd, 4319387.143, 140
Trd, 4319387.543, 136
Trd, 4319387.593, 118
Trd, 4319388.693, 138
Trd, 4319389.343, 97
Trd, 4319389.693, 83
Trd, 4319390.493, 92
Trd, 4319390.893, 81
Trd, 4319391.593, 139
Trd, 4319393.043, 131
Trd, 4319394.493, 131
Trd, 4319395.643, 140
Trd, 4319396.893, 128
Trd, 4319396.943, 113
Trd, 4319397.243, 83
Trd, 4319399.243, 140
Trd, 4319401.543, 132
Trd, 4319402.193, 112
Trd, 4319402.293, 102
Trd, 4319404.143, 140
Trd, 4319406.643, 140
Trd, 4319407.343, 136
Trd, 4319407.393, 129
Trd, 4319407.643, 139
Trd, 4319408.743, 120
Trd, 4319409.593, 139
Trd, 4319409.793, 139
Trd, 4319410.693, 132
Trd, 4319411.543, 133
Trd, 4319412.743, 124
Trd, 4319413.043, 133
Trd, 4319415.093, 117
Trd, 4319415.543, 72
Trd, 4319417.293, 139
Trd, 4319417.843, 128
Trd, 4319418.993, 137
Trd, 4319419.293, 134
Trd, 4319419.843, 130
Trd, 4319420.043, 122
Trd, 4319420.143, 120
Trd, 4319420.943, 110
Trd, 4319421.493, 131
Trd, 4319422.043, 122
Trd, 4319422.093, 109
Trd, 4319422.343, 131
Trd, 4319422.543, 89
Trd, 4319423.943, 88
Trd, 4319424.693, 136
Trd, 4319425.443, 132
Trd, 4319425.793, 130
Trd, 4319426.643, 139
Trd, 4319426.893, 135
Trd, 4319427.543, 110
Trd, 4319429.593, 138
Trd, 4319430.443, 89
Trd, 4319431.893, 138
Trd, 4319433.043, 140
Trd, 4319433.143, 114
Trd, 4319433.843, 113
Trd, 4319433.993, 132
Trd, 4319434.243, 134
Trd, 4319434.793, 111
Trd, 4319435.943, 102
Trd, 4319436.643, 81
Trd, 4319437.193, 135
Trd, 4319437.493, 121
Trd, 4319438.793, 129
Trd, 4319440.043, 139
Trd, 4319442.693, 137
Trd, 4319442.843, 102
Trd, 4319443.743, 139
Trd, 4319445.843, 109
Trd, 4319446.143, 109
Trd, 4319446.443, 104
Trd, 4319446.693, 97
Trd, 4319446.793, 96
Trd, 4319447.543, 107
Trd, 4319448.643, 140
Trd, 4319450.443, 134
Trd, 4319451.093, 131
Trd, 4319451.643, 129
Trd, 4319453.343, 139
Trd, 4319453.843, 140
Trd, 4319454.243, 112
Trd, 4319454.393, 101
Trd, 4319455.143, 79
Trd, 4319455.293, 70
Trd, 4319455.593, 78
Trd, 4319456.993, 139
Trd, 4319457.593, 135
Trd, 4319461.143, 135
Trd, 4319461.443, 138
Trd, 4319461.643, 123
Trd, 4319461.743, 116
Trd, 4319462.293, 133
Trd, 4319462.893, 124
Trd, 4319464.293, 122
Trd, 4319464.993, 137
Trd, 4319465.843, 133
Trd, 4319465.943, 114
Trd, 4319466.543, 109
Trd, 4319467.793, 131
Trd, 4319468.643, 140
Trd, 4319468.843, 136
Trd, 4319470.593, 137
Trd, 4319472.543, 140
Trd, 4319473.943, 137
Trd, 4319473.993, 118
Trd, 4319474.243, 114
Trd, 4319474.943, 136
Trd, 4319476.143, 139
Trd, 4319477.643, 135
Trd, 4319479.043, 131
Trd, 4319479.343, 112
Trd, 4319480.043, 140
Trd, 4319481.293, 108
Trd, 4319481.343, 107
Trd, 4319482.243, 140
Trd, 4319482.443, 124
Trd, 4319482.493, 82
Trd, 4319483.693, 140
Trd, 4319484.093, 93
Trd, 4319486.043, 125
Trd, 4319487.993, 135
Trd, 4319488.343, 135
Trd, 4319488.693, 121
Trd, 4319490.093, 139
Trd, 4319490.643, 135
Trd, 4319492.693, 127
Trd, 4319492.843, 112
Trd, 4319493.493, 124
Trd, 4319494.793, 140
Trd, 4319495.143, 124
Trd, 4319495.943, 140
Trd, 4319496.243, 139
Trd, 4319497.143, 136
Trd, 4319497.543, 113
Trd, 4319497.743, 104
Trd, 4319498.043, 104
Trd, 4319498.693, 78
Trd, 4319500.743, 138
Trd, 4319502.093, 138
Trd, 4319502.293, 111
Trd, 4319504.143, 131
Trd, 4319504.393, 120
Trd, 4319504.643, 140
Trd, 4319505.793, 105
Trd, 4319507.143, 133
Trd, 4319507.443, 129
Trd, 4319508.743, 140
Trd, 4319509.143, 135
Trd, 4319509.793, 124
Trd, 4319511.393, 127
Trd, 4319512.043, 103
Trd, 4319512.993, 127
Trd, 4319513.593, 116
Trd, 4319514.143, 111
Trd, 4319515.693, 140
Trd, 4319515.993, 140
Trd, 4319516.093, 117
Trd, 4319518.093, 120
Trd, 4319518.993, 115
Trd, 4319519.243, 78
Trd, 4319519.543, 102
Trd, 4319520.743, 131
Trd, 4319521.443, 138
Trd, 4319522.543, 122
Trd, 4319524.293, 133
Trd, 4319524.993, 128
Trd, 4319525.493, 123
Trd, 4319525.593, 121
Trd, 4319526.193, 137
Trd, 4319526.293, 112
Trd, 4319528.543, 140
Trd, 4319529.543, 137
Trd, 4319530.243, 140
Trd, 4319530.893, 140
Trd, 4319531.493, 128
Trd, 4319532.243, 129
Trd, 4319532.743, 124
Trd, 4319533.493, 120
Trd, 4319534.143, 125
Trd, 4319534.343, 140
Trd, 4319535.643, 137
Trd, 4319537.493, 137
Trd, 4319537.743, 124
Trd, 4319538.743, 104
Trd, 4319539.743, 123
Trd, 4319539.843, 137
Trd, 4319540.243, 120
Trd, 4319541.843, 139
Trd, 4319542.193, 140
Trd, 4319543.993, 117
Trd, 4319544.343, 130
Trd, 4319544.443, 132
Trd, 4319544.543, 98
Trd, 4319545.243, 138
Trd, 4319546.343, 60
Trd, 4319546.493, 63
Trd, 4319546.793, 139
Trd, 4319547.643, 107
Trd, 4319549.043, 140
Trd, 4319550.443, 137
Trd, 4319551.293, 137
Trd, 4319551.693, 127
Trd, 4319552.743, 135
Trd, 4319553.243, 123
Trd, 4319553.943, 119
Trd, 4319554.593, 124
Trd, 4319554.743, 102
Trd, 4319555.843, 139
Trd, 4319555.893, 109
Trd, 4319557.043, 134
Trd, 4319557.793, 140
Trd, 4319559.293, 137
Trd, 4319559.693, 137
Trd, 4319560.143, 113
Trd, 4319560.543, 131
Trd, 4319561.093, 127
Trd, 4319561.693, 110
Trd, 4319561.893, 105
Trd, 4319562.493, 99
Trd, 4319563.493, 92
Trd, 4319564.443, 139
Trd, 4319565.343, 120
Trd, 4319566.293, 137
Trd, 4319567.093, 122
Trd, 4319567.793, 111
Trd, 4319568.793, 121
Trd, 4319568.993, 87
Trd, 4319569.643, 127
Trd, 4319570.893, 140
Trd, 4319572.043, 123
Trd, 4319572.343, 104
Trd, 4319573.043, 109
Trd, 4319573.693, 140
Trd, 4319573.793, 140
Trd, 4319574.593, 61
Trd, 4319576.443, 63
Trd, 4319577.093, 60
Trd, 4319577.293, 63
Trd, 4319577.843, 66
Trd, 4319578.943, 66
Trd, 4319579.393, 114
Trd, 4319581.443, 133
Trd, 4319582.343, 126
Trd, 4319582.443, 106
Trd, 4319582.893, 100
Trd, 4319585.843, 134
Trd, 4319586.443, 130
Trd, 4319586.643, 127
Trd, 4319586.693, 118
Trd, 4319587.643, 137
Trd, 4319587.743, 81
Trd, 4319588.443, 140
Trd, 4319588.993, 70
Trd, 4319589.193, 77
Trd, 4319589.293, 84
Trd, 4319589.693, 121
Trd, 4319591.043, 76
Trd, 4319592.043, 138
Trd, 4319592.843, 61
Trd, 4319593.993, 83
Trd, 4319595.293, 127
Trd, 4319595.993, 140
Trd, 4319596.043, 107
Trd, 4319598.793, 138
Trd, 4319598.993, 112
Trd, 4319599.493, 140
Trd, 4319600.393, 132
Trd, 4319600.743, 126
Trd, 4319604.493, 140
Trd, 4319605.043, 133
Trd, 4319605.443, 124
Trd, 4319605.793, 123
Trd, 4319607.293, 126
Trd, 4319607.493, 134
Trd, 4319607.793, 122
Trd, 4319609.243, 130
Trd, 4319609.293, 121
Trd, 4319609.843, 128
Trd, 4319610.793, 140
Trd, 4319611.493, 124
Trd, 4319612.343, 87
Trd, 4319613.893, 129
Trd, 4319615.443, 140
Trd, 4319616.143, 137
Trd, 4319616.243, 126
Trd, 4319617.293, 140
Trd, 4319619.093, 138
Trd, 4319619.393, 138
Trd, 4319620.593, 132
Trd, 4319620.643, 120
Trd, 4319621.193, 119
Trd, 4319622.243, 139
Trd, 4319623.393, 125
Trd, 4319624.293, 129
Trd, 4319625.543, 132
Trd, 4319627.693, 140
Trd, 4319628.893, 125
Trd, 4319629.643, 122
Trd, 4319630.493, 138
Trd, 4319631.093, 137
Trd, 4319631.843, 136
Trd, 4319632.393, 135
Trd, 4319632.643, 123
Trd, 4319633.393, 139
Trd, 4319634.293, 121
Trd, 4319634.493, 134
Trd, 4319634.693, 120
Trd, 4319635.343, 88
Trd, 4319636.093, 63
Trd, 4319636.193, 62
Trd, 4319637.393, 66
Trd, 4319638.893, 130
Trd, 4319639.293, 138
Trd, 4319639.443, 82
Trd, 4319639.943, 62
Trd, 4319641.043, 81
Trd, 4319641.993, 103
Trd, 4319643.093, 138
Trd, 4319644.243, 124
Trd, 4319644.793, 113
Trd, 4319646.343, 132
Trd, 4319647.943, 139
Trd, 4319648.093, 133
Trd, 4319648.193, 119
Trd, 4319648.543, 128
Trd, 4319649.043, 126
Trd, 4319650.093, 138
Trd, 4319650.593, 116
Trd, 4319651.343, 117
Trd, 4319651.843, 103
Trd, 4319653.193, 140
Trd, 4319653.843, 128
Trd, 4319654.043, 140
Trd, 4319654.393, 115
Trd, 4319655.693, 60
Trd, 4319656.243, 67
Trd, 4319656.443, 68
Trd, 4319657.093, 100
Trd, 4319657.443, 71
Trd, 4319658.493, 95
Trd, 4319658.743, 90
Trd, 4319659.043, 140
Trd, 4319660.093, 137
Trd, 4319660.993, 61
Trd, 4319662.393, 139
Trd, 4319662.693, 132
Trd, 4319664.043, 94
Trd, 4319665.693, 124
Trd, 4319667.543, 120
Trd, 4319667.643, 109
Trd, 4319668.043, 101
Trd, 4319668.143, 139
Trd, 4319669.493, 85
Trd, 4319669.543, 81
Trd, 4319669.943, 92
Trd, 4319670.343, 140
Trd, 4319671.243, 132
Trd, 4319672.043, 82
Trd, 4319673.743, 63
Trd, 4319674.243, 110
Trd, 4319674.393, 60
Trd, 4319675.393, 138
Trd, 4319675.493, 123
Trd, 4319676.393, 134
Trd, 4319677.993, 139
Trd, 4319678.343, 128
Trd, 4319679.443, 112
Trd, 4319679.493, 100
Trd, 4319679.793, 90
Trd, 4319680.293, 71
Trd, 4319680.843, 87
Trd, 4319681.893, 128
Trd, 4319682.693, 136
Trd, 4319684.393, 134
Trd, 4319684.743, 115
Trd, 4319685.193, 117
Trd, 4319686.143, 109
Trd, 4319686.343, 132
Trd, 4319687.793, 109
Trd, 4319688.993, 138
Trd, 4319689.443, 127
Trd, 4319691.343, 139
Trd, 4319691.993, 137
Trd, 4319693.143, 130
Trd, 4319693.243, 128
Trd, 4319693.943, 138
Trd, 4319695.093, 135
Trd, 4319696.393, 140
Trd, 4319696.443, 127
Trd, 4319696.793, 133
Trd, 4319696.943, 99
Trd, 4319697.543, 122
Trd, 4319698.843, 124
Trd, 4319700.243, 133
Trd, 4319700.843, 122
Trd, 4319702.943, 140
Trd, 4319704.193, 121
Trd, 4319704.243, 122
Trd, 4319704.293, 114
Trd, 4319704.843, 122
Trd, 4319706.343, 128
Trd, 4319707.193, 107
Trd, 4319707.993, 120
Trd, 4319708.293, 110
Trd, 4319708.843, 95
Trd, 4319709.343, 62
Trd, 4319709.643, 63
Trd, 4319712.743, 137
Trd, 4319713.043, 132
Trd, 4319715.043, 139
Trd, 4319715.143, 132
Trd, 4319715.743, 115
Trd, 4319717.093, 138
Trd, 4319717.593, 127
Trd, 4319717.893, 106
Trd, 4319718.243, 106
Trd, 4319718.743, 113
Trd, 4319718.893, 137
Trd, 4319720.143, 135
Trd, 4319720.843, 100
Trd, 4319722.043, 125
Trd, 4319722.293, 103
Trd, 4319723.943, 117
Trd, 4319724.893, 139
Trd, 4319725.593, 130
Trd, 4319726.493, 138
Trd, 4319727.193, 138
Trd, 4319727.943, 122
Trd, 4319728.943, 140
Trd, 4319729.343, 127
Trd, 4319731.293, 110
Trd, 4319731.593, 103
Trd, 4319732.643, 140
Trd, 4319733.543, 134
Trd, 4319733.793, 113
Trd, 4319734.143, 117
Trd, 4319734.443, 86
Trd, 4319736.643, 132
Trd, 4319736.743, 118
Trd, 4319737.843, 140
Trd, 4319737.893, 127
Trd, 4319738.093, 93
Trd, 4319740.093, 138
Trd, 4319740.893, 125
Trd, 4319742.043, 137
Trd, 4319743.093, 139
Trd, 4319743.393, 94
Trd, 4319743.793, 86
Trd, 4319744.643, 102
Trd, 4319745.193, 103
Trd, 4319745.593, 81
Trd, 4319747.193, 138
Trd, 4319747.493, 126
Trd, 4319747.743, 117
Trd, 4319748.993, 60
Trd, 4319749.043, 60
Trd, 4319749.293, 63
Trd, 4319749.893, 87
Trd, 4319751.043, 139
Trd, 4319751.543, 135
Trd, 4319752.443, 83
Trd, 4319752.543, 76
Trd, 4319752.893, 70
Trd, 4319754.893, 139
Trd, 4319755.943, 133
Trd, 4319756.993, 126
Trd, 4319757.143, 117
Trd, 4319758.943, 136
Trd, 4319759.593, 133
Trd, 4319761.093, 125
Trd, 4319761.593, 110
Trd, 4319761.943, 125
Trd, 4319763.393, 108
Trd, 4319763.443, 98
Trd, 4319764.343, 129
Trd, 4319765.193, 137
Trd, 4319765.893, 140
Trd, 4319766.843, 136
Trd, 4319767.543, 124
Trd, 4319768.093, 124
Trd, 4319769.593, 140
Trd, 4319770.093, 130
Trd, 4319770.943, 116
Trd, 4319772.043, 99
Trd, 4319772.143, 92
Trd, 4319772.443, 67
Trd, 4319773.343, 122
Trd, 4319773.993, 136
Trd, 4319774.343, 129
Trd, 4319775.843, 138
Trd, 4319775.893, 134
Trd, 4319776.593, 124
Trd, 4319777.043, 131
Trd, 4319778.193, 66
Trd, 4319778.693, 93
Trd, 4319779.343, 61
Trd, 4319779.943, 139
Trd, 4319780.643, 125
Trd, 4319782.893, 139
Trd, 4319785.293, 140
Trd, 4319785.543, 122
Trd, 4319786.193, 123
Trd, 4319786.543, 135
Trd, 4319786.593, 115
Trd, 4319786.643, 136
Trd, 4319786.893, 114
Trd, 4319787.693, 132
Trd, 4319788.343, 112
Trd, 4319788.543, 105
Trd, 4319789.693, 140
Trd, 4319790.743, 108
Trd, 4319792.993, 139
Trd, 4319793.743, 137
Trd, 4319794.193, 125
Trd, 4319794.743, 139
Trd, 4319796.543, 128
Trd, 4319796.593, 126
Trd, 4319796.943, 134
Trd, 4319797.593, 138
Trd, 4319797.793, 129
Trd, 4319799.243, 140
Trd, 4319799.493, 125
Trd, 4319802.443, 138
Trd, 4319803.193, 140
Trd, 4319803.793, 130
Trd, 4319804.143, 139
Trd, 4319804.293, 123
Trd, 4319806.093, 138
Trd, 4319806.293, 90
Trd, 4319807.543, 137
Trd, 4319807.943, 126
Trd, 4319808.343, 118
Trd, 4319808.493, 130
Trd, 4319809.693, 140
Trd, 4319810.793, 140
Trd, 4319811.093, 136
Trd, 4319811.893, 90
Trd, 4319812.693, 118
Trd, 4319813.293, 131
Trd, 4319814.393, 61
Trd, 4319815.193, 136
Trd, 4319815.743, 105
Trd, 4319816.343, 114
Trd, 4319816.843, 121
Trd, 4319817.143, 90
Trd, 4319817.743, 121
Trd, 4319817.843, 108
Trd, 4319818.143, 122
Trd, 4319818.943, 114
Trd, 4319819.893, 140
Trd, 4319820.993, 118
Trd, 4319822.143, 84
Trd, 4319822.893, 102
Trd, 4319823.543, 139
Trd, 4319825.593, 127
Trd, 4319826.193, 126
Trd, 4319826.893, 138
Trd, 4319828.693, 136
Trd, 4319828.893, 127
Trd, 4319829.293, 97
Trd, 4319830.293, 136
Trd, 4319830.993, 116
Trd, 4319832.243, 124
Trd, 4319832.743, 128
Trd, 4319833.293, 133
Trd, 4319834.143, 139
Trd, 4319835.143, 103
Trd, 4319835.843, 125
Trd, 4319836.843, 137
Trd, 4319837.143, 136
Trd, 4319837.643, 140
Trd, 4319839.743, 138
Trd, 4319840.343, 133
Trd, 4319841.093, 122
Trd, 4319843.393, 135
Trd, 4319843.743, 100
Trd, 4319844.243, 139
Trd, 4319844.693, 126
Trd, 4319845.393, 124
Trd, 4319846.793, 117
Trd, 4319848.293, 140
Trd, 4319848.543, 103
Trd, 4319848.993, 93
Trd, 4319849.093, 91
Trd, 4319850.443, 138
Trd, 4319851.593, 133
Trd, 4319854.493, 138
Trd, 4319854.693, 126
Trd, 4319854.893, 132
Trd, 4319855.693, 115
Trd, 4319855.893, 113
Trd, 4319856.093, 111
Trd, 4319856.293, 139
Trd, 4319856.343, 92
Trd, 4319857.043, 65
Trd, 4319857.093, 66
Trd, 4319859.593, 140
Trd, 4319860.143, 140
Trd, 4319860.593, 126
Trd, 4319861.493, 140
Trd, 4319863.193, 139
Trd, 4319864.443, 120
Trd, 4319864.693, 111
Trd, 4319865.693, 114
Trd, 4319865.943, 114
Trd, 4319866.343, 97
Trd, 4319867.943, 130
Trd, 4319868.193, 140
Trd, 4319869.943, 131
Trd, 4319871.343, 118
Trd, 4319871.393, 112
Trd, 4319871.793, 137
Trd, 4319871.993, 118
Trd, 4319874.193, 134
Trd, 4319874.393, 128
Trd, 4319874.543, 126
Trd, 4319875.593, 140
Trd, 4319876.293, 108
Trd, 4319877.193, 106
Trd, 4319877.893, 139
Trd, 4319878.793, 131
Trd, 4319879.143, 114
Trd, 4319879.843, 104
Trd, 4319880.943, 103
Trd, 4319882.443, 108
Trd, 4319882.793, 110
Trd, 4319882.893, 93
Trd, 4319884.043, 109
Trd, 4319885.193, 68
Trd, 4319885.443, 115
Trd, 4319885.493, 116
Trd, 4319886.443, 116
Trd, 4319886.643, 105
Trd, 4319886.993, 139
Trd, 4319888.743, 129
Trd, 4319889.143, 106
Trd, 4319891.243, 136
Trd, 4319891.343, 132
Trd, 4319891.893, 139
Trd, 4319892.043, 117
Trd, 4319892.443, 139
Trd, 4319893.843, 111
Trd, 4319895.793, 137
Trd, 4319896.243, 114
Trd, 4319897.243, 97
Trd, 4319897.993, 96
Trd, 4319899.043, 105
Trd, 4319899.643, 137
Trd, 4319900.543, 139
Trd, 4319901.893, 90
Trd, 4319902.193, 91
Trd, 4319902.843, 61
Trd, 4319902.993, 61
Trd, 4319905.243, 140
Trd, 4319905.493, 136
Trd, 4319905.593, 115
Trd, 4319906.243, 114
Trd, 4319907.893, 137
Trd, 4319908.043, 130
Trd, 4319909.143, 139
Trd, 4319909.243, 121
Trd, 4319909.593, 116
Trd, 4319910.543, 140
Trd, 4319911.343, 103
Trd, 4319911.893, 74
Trd, 4319914.793, 138
Trd, 4319914.943, 124
Trd, 4319915.643, 100
Trd, 4319915.943, 124
Trd, 4319917.143, 136
Trd, 4319917.693, 135
Trd, 4319918.943, 134
Trd, 4319919.243, 133
Trd, 4319920.943, 130
Trd, 4319921.793, 130
Trd, 4319921.893, 123
Trd, 4319921.943, 121
Trd, 4319921.993, 115
Trd, 4319922.393, 139
Trd, 4319923.543, 136
Trd, 4319924.443, 116
Trd, 4319924.843, 93
Trd, 4319925.493, 97
Trd, 4319926.293, 60
Trd, 4319926.993, 60
Trd, 4319927.693, 61
Trd, 4319927.743, 62
Trd, 4319927.943, 63
Trd, 4319929.293, 69
Trd, 4319930.093, 84
Trd, 4319930.643, 83
Trd, 4319931.043, 139
Trd, 4319933.043, 132
Trd, 4319933.293, 107
Trd, 4319933.843, 103
Trd, 4319934.693, 129
Trd, 4319935.893, 140
Trd, 4319936.093, 116
Trd, 4319937.043, 108
Trd, 4319938.093, 139
Trd, 4319938.793, 139
Trd, 4319939.643, 123
Trd, 4319940.593, 125
Trd, 4319941.643, 109
Trd, 4319941.693, 103
Trd, 4319942.443, 100
Trd, 4319943.243, 140
Trd, 4319943.793, 67
Trd, 4319945.043, 103
Trd, 4319945.243, 73
Trd, 4319945.943, 60
Trd, 4319946.043, 60
Trd, 4319946.593, 61
Trd, 4319947.293, 63
Trd, 4319948.843, 138
Trd, 4319949.943, 135
Trd, 4319950.343, 136
Trd, 4319951.093, 111
Trd, 4319951.193, 81
Trd, 4319954.093, 140
Trd, 4319954.343, 133
Trd, 4319955.343, 137
Trd, 4319956.643, 124
Trd, 4319957.793, 129
Trd, 4319958.443, 126
Trd, 4319959.943, 139
Trd, 4319960.293, 139
Trd, 4319960.943, 104
Trd, 4319962.143, 139
Trd, 4319963.193, 116
Trd, 4319964.593, 139
Trd, 4319964.943, 133
Trd, 4319965.193, 127
Trd, 4319966.193, 140
Trd, 4319967.843, 115
Trd, 4319968.093, 128
Trd, 4319968.443, 109
Trd, 4319968.693, 126
Trd, 4319969.293, 107
Trd, 4319969.443, 93
Trd, 4319970.043, 91
Trd, 4319972.943, 121
Trd, 4319973.143, 116
Trd, 4319973.543, 130
Trd, 4319974.993, 139
Trd, 4319975.443, 132
Trd, 4319975.493, 125
Trd, 4319975.993, 130
Trd, 4319977.093, 94
Trd, 4319978.893, 138
Trd, 4319979.643, 134
Trd, 4319980.143, 108
Trd, 4319980.393, 116
Trd, 4319980.743, 116
Trd, 4319982.093, 113
Trd, 4319982.993, 140
Trd, 4319984.743, 139
Trd, 4319985.693, 111
Trd, 4319986.343, 140
Trd, 4319988.343, 134
Trd, 4319989.043, 132
Trd, 4319989.443, 118
Trd, 4319990.093, 111
Trd, 4319990.193, 135
Trd, 4319991.543, 126
Trd, 4319992.443, 134
Trd, 4319992.843, 96
Trd, 4319993.693, 127
Trd, 4319993.743, 131
Trd, 4319994.143, 121
Trd, 4319994.443, 116
Trd, 4319995.343, 103
Trd, 4319996.593, 140
Trd, 4319997.143, 138
Trd, 4319998.193, 131
