Trd, 4318074.443, 85
Trd, 4318074.793, 136
Trd, 4318076.343, 98
Trd, 4318076.843, 65
Trd, 4318077.093, 121
Trd, 4318078.093, 124
Trd, 4318078.793, 94
Trd, 4318080.593, 81
Trd, 4318081.293, 125
Trd, 4318082.193, 66
Trd, 4318082.443, 75
Trd, 4318083.193, 140
Trd, 4318085.443, 104
Trd, 4318085.793, 84
Trd, 4318085.843, 129
Trd, 4318086.393, 95
Trd, 4318086.793, 99
Trd, 4318088.243, 94
Trd, 4318089.443, 125
Trd, 4318089.743, 117
Trd, 4318090.093, 109
Trd, 4318090.443, 135
Trd, 4318090.493, 106
Trd, 4318091.343, 74
Trd, 4318092.693, 106
Trd, 4318093.443, 118
Trd, 4318094.993, 108
Trd, 4318096.593, 106
Trd, 4318096.743, 97
Trd, 4318096.843, 115
Trd, 4318098.393, 134
Trd, 4318098.893, 130
Trd, 4318099.443, 128
Trd, 4318100.143, 109
Trd, 4318100.993, 99
Trd, 4318102.143, 88
Trd, 4318102.193, 114
Trd, 4318102.993, 140
Trd, 4318106.493, 106
Trd, 4318106.943, 97
Trd, 4318107.043, 95
Trd, 4318107.893, 78
Trd, 4318108.843, 114
Trd, 4318110.493, 90
Trd, 4318111.093, 94
Trd, 4318111.743, 108
Trd, 4318112.493, 91
Trd, 4318113.343, 116
Trd, 4318113.643, 86
Trd, 4318114.743, 90
Trd, 4318115.593, 87
Trd, 4318116.593, 87
Trd, 4318116.843, 102
Trd, 4318117.393, 105
Trd, 4318118.643, 123
Trd, 4318119.743, 112
Trd, 4318121.893, 101
Trd, 4318123.393, 102
Trd, 4318124.293, 92
Trd, 4318125.243, 119
Trd, 4318125.343, 95
Trd, 4318126.243, 104
Trd, 4318128.343, 136
Trd, 4318128.843, 119
Trd, 4318129.043, 105
Trd, 4318129.193, 98
Trd, 4318130.143, 135
Trd, 4318130.943, 90
Trd, 4318131.593, 100
Trd, 4318131.993, 74
Trd, 4318133.993, 102
Trd, 4318134.243, 77
Trd, 4318134.893, 114
Trd, 4318137.593, 128
Trd, 4318137.943, 117
Trd, 4318138.693, 125
Trd, 4318139.343, 135
Trd, 4318140.543, 108
Trd, 4318141.043, 105
Trd, 4318141.993, 74
Trd, 4318142.793, 98
Trd, 4318143.693, 135
Trd, 4318144.043, 112
Trd, 4318144.093, 102
Trd, 4318144.493, 107
Trd, 4318146.543, 106
Trd, 4318147.093, 111
Trd, 4318147.493, 67
Trd, 4318147.543, 79
Trd, 4318149.143, 127
Trd, 4318149.643, 117
Trd, 4318150.443, 106
Trd, 4318150.593, 99
Trd, 4318151.293, 115
Trd, 4318151.643, 104
Trd, 4318152.093, 139
Trd, 4318152.743, 125
Trd, 4318153.193, 125
Trd, 4318154.293, 100
Trd, 4318154.693, 102
Trd, 4318157.343, 126
Trd, 4318158.193, 110
Trd, 4318158.793, 112
Trd, 4318159.443, 78
Trd, 4318160.493, 138
Trd, 4318160.793, 123
Trd, 4318161.193, 84
Trd, 4318161.543, 87
Trd, 4318162.243, 119
Trd, 4318163.243, 102
Trd, 4318163.743, 119
Trd, 4318165.643, 103
Trd, 4318166.293, 111
Trd, 4318166.993, 109
Trd, 4318167.543, 93
Trd, 4318167.993, 88
Trd, 4318168.143, 93
Trd, 4318169.193, 73
Trd, 4318170.343, 87
Trd, 4318170.643, 94
Trd, 4318172.943, 139
Trd, 4318173.743, 121
Trd, 4318174.143, 130
Trd, 4318174.193, 120
Trd, 4318175.843, 107
Trd, 4318177.643, 127
Trd, 4318177.943, 107
Trd, 4318178.693, 111
Trd, 4318179.343, 111
Trd, 4318179.543, 104
Trd, 4318180.493, 129
Trd, 4318181.043, 90
Trd, 4318182.243, 129
Trd, 4318182.943, 114
Trd, 4318183.643, 85
Trd, 4318184.943, 126
Trd, 4318185.593, 126
Trd, 4318187.293, 118
Trd, 4318187.843, 80
Trd, 4318188.093, 138
Trd, 4318188.593, 88
Trd, 4318188.693, 89
Trd, 4318190.793, 129
Trd, 4318191.293, 138
Trd, 4318192.093, 119
Trd, 4318192.643, 104
Trd, 4318193.443, 89
Trd, 4318195.293, 92
Trd, 4318195.343, 93
Trd, 4318195.493, 98
Trd, 4318196.193, 96
Trd, 4318196.493, 113
Trd, 4318198.493, 109
Trd, 4318198.593, 106
Trd, 4318199.393, 94
Trd, 4318199.493, 90
Trd, 4318201.543, 134
Trd, 4318202.693, 122
Trd, 4318203.193, 122
Trd, 4318203.293, 88
Trd, 4318205.443, 110
Trd, 4318208.243, 95
Trd, 4318208.393, 111
Trd, 4318208.893, 121
Trd, 4318209.293, 80
Trd, 4318209.643, 73
Trd, 4318209.893, 82
Trd, 4318210.993, 90
Trd, 4318212.393, 130
Trd, 4318212.993, 68
Trd, 4318215.143, 114
Trd, 4318215.993, 129
Trd, 4318216.443, 96
Trd, 4318216.643, 102
Trd, 4318218.293, 135
Trd, 4318218.843, 99
Trd, 4318219.943, 129
Trd, 4318220.043, 117
Trd, 4318220.443, 99
Trd, 4318221.143, 102
Trd, 4318221.593, 94
Trd, 4318223.043, 118
Trd, 4318223.493, 119
Trd, 4318224.143, 125
Trd, 4318225.193, 120
Trd, 4318225.293, 109
Trd, 4318225.893, 92
Trd, 4318227.493, 77
Trd, 4318228.043, 88
Trd, 4318228.443, 109
Trd, 4318228.693, 83
Trd, 4318229.543, 64
Trd, 4318230.043, 106
Trd, 4318230.693, 125
Trd, 4318231.343, 72
Trd, 4318232.243, 133
Trd, 4318233.193, 77
Trd, 4318233.793, 121
Trd, 4318234.643, 134
Trd, 4318234.993, 108
Trd, 4318235.443, 112
Trd, 4318237.793, 123
Trd, 4318238.243, 99
Trd, 4318238.893, 103
Trd, 4318239.493, 130
Trd, 4318239.743, 118
Trd, 4318240.693, 135
Trd, 4318240.893, 115
Trd, 4318241.543, 134
Trd, 4318241.743, 105
Trd, 4318241.893, 87
Trd, 4318242.293, 77
Trd, 4318243.693, 132
Trd, 4318246.243, 112
Trd, 4318247.243, 120
Trd, 4318247.343, 101
Trd, 4318248.643, 102
Trd, 4318248.893, 129
Trd, 4318249.393, 96
Trd, 4318249.993, 77
Trd, 4318250.793, 60
Trd, 4318251.343, 105
Trd, 4318252.443, 99
Trd, 4318253.093, 83
Trd, 4318253.643, 124
Trd, 4318253.743, 101
Trd, 4318255.043, 135
Trd, 4318255.593, 121
Trd, 4318258.093, 124
Trd, 4318258.693, 103
Trd, 4318259.293, 109
Trd, 4318260.243, 103
Trd, 4318260.593, 94
Trd, 4318261.493, 106
Trd, 4318262.443, 124
Trd, 4318262.593, 104
Trd, 4318263.793, 127
Trd, 4318263.993, 110
Trd, 4318264.643, 76
Trd, 4318266.543, 115
Trd, 4318266.643, 110
Trd, 4318266.943, 109
Trd, 4318267.043, 88
Trd, 4318268.243, 124
Trd, 4318268.693, 117
Trd, 4318270.093, 76
Trd, 4318271.293, 118
Trd, 4318271.643, 79
Trd, 4318273.543, 105
Trd, 4318273.843, 100
Trd, 4318275.043, 101
Trd, 4318275.993, 98
Trd, 4318276.143, 99
Trd, 4318276.393, 91
Trd, 4318276.543, 135
Trd, 4318276.993, 98
Trd, 4318278.393, 96
Trd, 4318279.093, 88
Trd, 4318279.693, 101
Trd, 4318281.493, 136
Trd, 4318282.343, 132
Trd, 4318283.243, 127
Trd, 4318283.793, 62
Trd, 4318284.293, 99
Trd, 4318284.593, 63
Trd, 4318285.393, 101
Trd, 4318287.193, 123
Trd, 4318288.593, 109
Trd, 4318288.993, 125
Trd, 4318289.843, 137
Trd, 4318290.443, 107
Trd, 4318291.343, 113
Trd, 4318292.093, 135
Trd, 4318292.993, 115
Trd, 4318293.443, 109
Trd, 4318294.043, 83
Trd, 4318294.793, 90
Trd, 4318294.943, 82
Trd, 4318296.593, 80
Trd, 4318297.193, 98
Trd, 4318297.793, 116
Trd, 4318298.543, 92
Trd, 4318300.143, 96
Trd, 4318300.243, 89
Trd, 4318301.243, 111
Trd, 4318302.243, 99
Trd, 4318302.343, 107
Trd, 4318304.943, 134
Trd, 4318305.043, 132
Trd, 4318306.293, 137
Trd, 4318306.493, 67
Trd, 4318306.593, 92
Trd, 4318308.043, 87
Trd, 4318308.993, 77
Trd, 4318310.043, 130
Trd, 4318310.593, 122
Trd, 4318311.143, 85
Trd, 4318312.343, 88
Trd, 4318312.493, 74
Trd, 4318313.543, 89
Trd, 4318314.593, 124
Trd, 4318314.893, 106
Trd, 4318315.643, 94
Trd, 4318315.943, 69
Trd, 4318318.493, 118
Trd, 4318318.593, 102
Trd, 4318319.243, 127
Trd, 4318320.593, 85
Trd, 4318321.243, 108
Trd, 4318321.593, 79
Trd, 4318322.343, 72
Trd, 4318322.643, 84
Trd, 4318325.143, 111
Trd, 4318325.693, 92
Trd, 4318325.843, 125
Trd, 4318327.293, 72
Trd, 4318327.643, 101
Trd, 4318328.693, 133
Trd, 4318329.043, 111
Trd, 4318329.743, 140
Trd, 4318330.643, 88
Trd, 4318330.843, 95
Trd, 4318332.493, 109
Trd, 4318334.293, 106
Trd, 4318334.393, 92
Trd, 4318335.443, 100
Trd, 4318335.893, 126
Trd, 4318336.243, 67
Trd, 4318336.493, 94
Trd, 4318337.343, 123
Trd, 4318337.393, 112
Trd, 4318338.293, 101
Trd, 4318340.193, 81
Trd, 4318342.043, 94
Trd, 4318342.493, 126
Trd, 4318343.243, 124
Trd, 4318343.943, 116
Trd, 4318344.593, 112
Trd, 4318345.943, 89
Trd, 4318346.143, 83
Trd, 4318346.643, 93
Trd, 4318347.243, 140
Trd, 4318347.943, 120
Trd, 4318348.393, 113
Trd, 4318349.093, 89
Trd, 4318349.243, 75
Trd, 4318350.093, 122
Trd, 4318352.493, 131
Trd, 4318352.993, 130
Trd, 4318353.643, 107
Trd, 4318354.143, 112
Trd, 4318354.593, 78
Trd, 4318354.843, 74
Trd, 4318355.143, 116
Trd, 4318357.593, 122
Trd, 4318357.793, 115
Trd, 4318358.043, 102
Trd, 4318358.193, 90
Trd, 4318358.893, 123
Trd, 4318360.143, 102
Trd, 4318361.043, 97
Trd, 4318361.993, 122
Trd, 4318362.193, 121
Trd, 4318363.293, 120
Trd, 4318364.093, 133
Trd, 4318364.343, 89
Trd, 4318364.593, 78
Trd, 4318364.843, 120
Trd, 4318365.493, 81
Trd, 4318366.943, 120
Trd, 4318367.893, 100
Trd, 4318368.643, 129
Trd, 4318369.043, 82
Trd, 4318370.643, 124
Trd, 4318371.793, 109
Trd, 4318372.293, 116
Trd, 4318372.543, 120
Trd, 4318373.143, 92
Trd, 4318373.743, 134
Trd, 4318374.693, 137
Trd, 4318375.743, 114
Trd, 4318376.443, 112
Trd, 4318377.593, 92
Trd, 4318378.193, 140
Trd, 4318378.743, 136
Trd, 4318379.843, 75
Trd, 4318380.543, 76
Trd, 4318381.193, 95
Trd, 4318382.743, 129
Trd, 4318385.093, 70
Trd, 4318385.193, 102
Trd, 4318385.543, 84
Trd, 4318387.143, 85
Trd, 4318387.643, 73
Trd, 4318387.893, 86
Trd, 4318389.793, 90
Trd, 4318390.243, 115
Trd, 4318390.393, 107
Trd, 4318391.493, 109
Trd, 4318392.743, 130
Trd, 4318393.143, 100
Trd, 4318393.493, 62
Trd, 4318393.993, 73
Trd, 4318394.493, 105
Trd, 4318395.243, 117
Trd, 4318396.193, 113
Trd, 4318397.043, 107
Trd, 4318399.243, 126
Trd, 4318399.443, 93
Trd, 4318400.643, 128
Trd, 4318401.793, 107
Trd, 4318402.743, 136
Trd, 4318403.443, 99
Trd, 4318403.943, 108
Trd, 4318405.543, 126
Trd, 4318405.643, 105
Trd, 4318406.343, 119
Trd, 4318407.343, 134
Trd, 4318408.193, 130
Trd, 4318408.243, 126
Trd, 4318408.793, 72
Trd, 4318409.143, 128
Trd, 4318410.793, 129
Trd, 4318410.943, 120
Trd, 4318411.393, 76
Trd, 4318412.843, 118
Trd, 4318413.193, 127
Trd, 4318414.343, 114
Trd, 4318415.393, 80
Trd, 4318415.643, 61
Trd, 4318415.843, 124
Trd, 4318418.243, 68
Trd, 4318418.493, 86
Trd, 4318418.743, 112
Trd, 4318419.743, 103
Trd, 4318421.643, 115
Trd, 4318422.293, 111
Trd, 4318423.493, 134
Trd, 4318424.543, 105
Trd, 4318424.743, 129
Trd, 4318425.293, 110
Trd, 4318425.743, 139
Trd, 4318426.193, 101
Trd, 4318426.543, 131
Trd, 4318427.393, 76
Trd, 4318428.743, 116
Trd, 4318429.343, 79
Trd, 4318429.693, 77
Trd, 4318429.943, 107
Trd, 4318430.793, 92
Trd, 4318432.193, 99
Trd, 4318433.593, 95
Trd, 4318434.893, 93
Trd, 4318435.443, 110
Trd, 4318435.843, 108
Trd, 4318436.793, 93
Trd, 4318437.093, 106
Trd, 4318437.493, 109
Trd, 4318438.293, 81
Trd, 4318439.843, 107
Trd, 4318441.743, 113
Trd, 4318441.843, 96
Trd, 4318442.443, 87
Trd, 4318444.093, 62
Trd, 4318444.443, 135
Trd, 4318444.543, 93
Trd, 4318444.893, 111
Trd, 4318445.293, 92
Trd, 4318446.593, 77
Trd, 4318447.093, 99
Trd, 4318447.643, 87
Trd, 4318448.943, 116
Trd, 4318449.443, 86
Trd, 4318450.243, 114
Trd, 4318452.093, 94
Trd, 4318452.243, 122
Trd, 4318452.793, 70
Trd, 4318453.093, 78
Trd, 4318454.593, 75
Trd, 4318455.943, 116
Trd, 4318457.643, 127
Trd, 4318457.893, 116
Trd, 4318458.343, 107
Trd, 4318458.993, 107
Trd, 4318459.543, 125
Trd, 4318459.843, 114
Trd, 4318461.293, 67
Trd, 4318462.143, 76
Trd, 4318462.243, 78
Trd, 4318464.143, 135
Trd, 4318464.993, 115
Trd, 4318465.793, 112
Trd, 4318467.943, 127
Trd, 4318469.243, 115
Trd, 4318469.543, 112
Trd, 4318469.843, 103
Trd, 4318471.143, 97
Trd, 4318471.693, 83
Trd, 4318473.393, 80
Trd, 4318473.493, 78
Trd, 4318473.593, 96
Trd, 4318473.943, 97
Trd, 4318474.393, 106
Trd, 4318474.593, 112
Trd, 4318475.643, 81
Trd, 4318476.293, 73
Trd, 4318477.743, 122
Trd, 4318478.493, 123
Trd, 4318479.443, 99
Trd, 4318480.243, 112
Trd, 4318480.793, 110
Trd, 4318481.343, 123
Trd, 4318482.443, 88
Trd, 4318482.693, 113
Trd, 4318484.143, 103
Trd, 4318484.443, 94
Trd, 4318484.843, 88
Trd, 4318484.893, 80
Trd, 4318486.593, 94
Trd, 4318486.843, 108
Trd, 4318487.843, 72
Trd, 4318488.543, 79
Trd, 4318488.693, 74
Trd, 4318489.093, 108
Trd, 4318489.543, 134
Trd, 4318490.293, 129
Trd, 4318492.193, 129
Trd, 4318492.843, 127
Trd, 4318493.243, 104
Trd, 4318493.793, 126
Trd, 4318494.793, 76
Trd, 4318495.793, 98
Trd, 4318495.843, 98
Trd, 4318497.193, 128
Trd, 4318498.443, 93
Trd, 4318498.643, 94
Trd, 4318499.843, 126
Trd, 4318501.193, 102
Trd, 4318501.493, 111
Trd, 4318502.693, 98
Trd, 4318503.143, 140
Trd, 4318503.843, 96
Trd, 4318504.393, 137
Trd, 4318504.993, 95
Trd, 4318505.393, 115
Trd, 4318507.443, 113
Trd, 4318508.593, 139
Trd, 4318509.193, 131
Trd, 4318510.043, 122
Trd, 4318510.293, 111
Trd, 4318510.893, 119
Trd, 4318513.393, 133
Trd, 4318513.643, 131
Trd, 4318513.993, 108
Trd, 4318516.393, 128
Trd, 4318517.193, 133
Trd, 4318517.243, 109
Trd, 4318517.593, 117
Trd, 4318518.443, 130
Trd, 4318519.843, 129
Trd, 4318520.493, 81
Trd, 4318521.643, 72
Trd, 4318522.293, 93
Trd, 4318522.343, 107
Trd, 4318522.393, 88
Trd, 4318523.093, 105
Trd, 4318524.043, 104
Trd, 4318524.443, 129
Trd, 4318525.293, 100
Trd, 4318526.143, 77
Trd, 4318526.543, 95
Trd, 4318527.093, 95
Trd, 4318528.043, 110
Trd, 4318528.943, 104
Trd, 4318530.393, 133
Trd, 4318531.443, 97
Trd, 4318532.143, 79
Trd, 4318532.343, 85
Trd, 4318533.043, 73
Trd, 4318533.743, 103
Trd, 4318534.243, 114
Trd, 4318534.743, 97
Trd, 4318535.193, 137
Trd, 4318535.793, 103
Trd, 4318536.343, 107
Trd, 4318537.793, 93
Trd, 4318537.943, 93
Trd, 4318539.393, 104
Trd, 4318539.443, 103
Trd, 4318540.893, 105
Trd, 4318541.243, 78
Trd, 4318541.343, 127
Trd, 4318542.343, 124
Trd, 4318542.793, 130
Trd, 4318543.893, 127
Trd, 4318544.543, 78
Trd, 4318546.443, 86
Trd, 4318547.643, 111
Trd, 4318548.043, 93
Trd, 4318548.443, 111
Trd, 4318548.743, 110
Trd, 4318549.693, 92
Trd, 4318551.893, 101
Trd, 4318552.193, 87
Trd, 4318552.993, 69
Trd, 4318553.543, 84
Trd, 4318554.193, 133
Trd, 4318554.693, 128
Trd, 4318555.343, 127
Trd, 4318556.143, 122
Trd, 4318557.343, 110
Trd, 4318558.043, 95
Trd, 4318558.193, 98
Trd, 4318559.543, 136
Trd, 4318560.493, 100
Trd, 4318560.893, 117
Trd, 4318561.643, 90
Trd, 4318562.393, 82
Trd, 4318562.943, 97
Trd, 4318563.543, 76
Trd, 4318563.843, 102
Trd, 4318567.193, 123
Trd, 4318567.293, 117
Trd, 4318569.293, 96
Trd, 4318569.993, 125
Trd, 4318570.043, 95
Trd, 4318570.093, 91
Trd, 4318571.193, 117
Trd, 4318572.093, 130
Trd, 4318574.193, 95
Trd, 4318575.193, 117
Trd, 4318575.593, 115
Trd, 4318576.143, 91
Trd, 4318576.393, 98
Trd, 4318577.893, 109
Trd, 4318579.493, 87
Trd, 4318580.143, 97
Trd, 4318580.993, 112
Trd, 4318581.193, 127
Trd, 4318582.493, 110
Trd, 4318582.593, 107
Trd, 4318584.193, 120
Trd, 4318585.093, 101
Trd, 4318585.593, 114
Trd, 4318585.793, 91
Trd, 4318586.593, 81
Trd, 4318587.143, 67
Trd, 4318588.643, 137
Trd, 4318589.843, 106
Trd, 4318590.443, 127
Trd, 4318590.843, 122
Trd, 4318591.843, 78
Trd, 4318592.643, 78
Trd, 4318592.743, 84
Trd, 4318594.843, 136
Trd, 4318595.343, 111
Trd, 4318595.643, 105
Trd, 4318596.043, 105
Trd, 4318596.443, 107
Trd, 4318596.993, 121
Trd, 4318597.143, 112
Trd, 4318597.693, 101
Trd, 4318598.543, 130
Trd, 4318598.643, 129
Trd, 4318600.943, 121
Trd, 4318601.093, 93
Trd, 4318602.043, 84
Trd, 4318602.793, 101
Trd, 4318603.143, 89
Trd, 4318603.243, 124
Trd, 4318605.293, 131
Trd, 4318605.893, 89
Trd, 4318606.493, 107
Trd, 4318606.543, 106
Trd, 4318607.293, 122
Trd, 4318607.643, 121
Trd, 4318608.393, 115
Trd, 4318609.193, 110
Trd, 4318611.043, 128
Trd, 4318611.293, 105
Trd, 4318611.343, 86
Trd, 4318611.793, 135
Trd, 4318612.543, 130
Trd, 4318613.343, 118
Trd, 4318616.593, 85
Trd, 4318616.843, 77
Trd, 4318617.193, 133
Trd, 4318617.443, 91
Trd, 4318618.243, 83
Trd, 4318619.693, 96
Trd, 4318619.743, 95
Trd, 4318619.943, 86
Trd, 4318620.393, 101
Trd, 4318621.193, 65
Trd, 4318621.893, 89
Trd, 4318622.793, 126
Trd, 4318624.343, 97
Trd, 4318624.843, 88
Trd, 4318625.943, 108
Trd, 4318626.293, 95
Trd, 4318627.043, 101
Trd, 4318627.993, 90
Trd, 4318628.093, 106
Trd, 4318628.793, 73
Trd, 4318629.693, 73
Trd, 4318629.743, 76
Trd, 4318630.943, 97
Trd, 4318631.843, 129
Trd, 4318632.393, 112
Trd, 4318633.393, 87
Trd, 4318634.693, 88
Trd, 4318635.043, 107
Trd, 4318635.393, 140
Trd, 4318636.543, 105
Trd, 4318637.693, 130
Trd, 4318638.393, 81
Trd, 4318638.893, 76
Trd, 4318638.993, 61
Trd, 4318639.393, 60
Trd, 4318641.293, 110
Trd, 4318641.443, 119
Trd, 4318643.593, 102
Trd, 4318644.193, 111
Trd, 4318644.493, 92
Trd, 4318645.043, 93
Trd, 4318645.643, 126
Trd, 4318646.293, 75
Trd, 4318647.643, 136
Trd, 4318647.693, 126
Trd, 4318647.793, 119
Trd, 4318648.493, 131
Trd, 4318649.643, 110
Trd, 4318650.343, 117
Trd, 4318651.293, 85
Trd, 4318652.943, 131
Trd, 4318653.493, 128
Trd, 4318653.793, 107
Trd, 4318654.943, 82
Trd, 4318655.293, 103
Trd, 4318655.793, 131
Trd, 4318657.193, 116
Trd, 4318657.243, 113
Trd, 4318657.943, 90
Trd, 4318659.293, 120
Trd, 4318660.893, 133
Trd, 4318661.443, 117
Trd, 4318661.843, 78
Trd, 4318663.093, 117
Trd, 4318663.343, 75
Trd, 4318663.693, 72
Trd, 4318664.443, 111
Trd, 4318665.343, 139
Trd, 4318666.743, 104
Trd, 4318667.293, 136
Trd, 4318667.693, 132
Trd, 4318668.093, 120
Trd, 4318669.093, 118
Trd, 4318669.843, 70
Trd, 4318670.693, 99
Trd, 4318671.143, 79
Trd, 4318672.343, 122
Trd, 4318672.443, 85
Trd, 4318673.793, 124
Trd, 4318674.293, 134
Trd, 4318674.993, 112
Trd, 4318678.343, 116
Trd, 4318678.743, 127
Trd, 4318679.993, 106
Trd, 4318680.193, 107
Trd, 4318680.293, 104
Trd, 4318681.093, 80
Trd, 4318681.293, 112
Trd, 4318682.343, 128
Trd, 4318683.343, 126
Trd, 4318683.693, 125
Trd, 4318685.543, 138
Trd, 4318685.643, 122
Trd, 4318686.193, 122
Trd, 4318686.993, 96
Trd, 4318687.593, 128
Trd, 4318688.793, 93
Trd, 4318688.943, 112
Trd, 4318689.943, 105
Trd, 4318691.493, 101
Trd, 4318692.493, 100
Trd, 4318693.093, 134
Trd, 4318693.843, 119
Trd, 4318694.243, 111
Trd, 4318695.893, 128
Trd, 4318696.393, 131
Trd, 4318696.543, 111
Trd, 4318697.493, 98
Trd, 4318699.493, 125
Trd, 4318700.143, 121
Trd, 4318700.993, 119
Trd, 4318701.293, 133
Trd, 4318703.493, 123
Trd, 4318703.843, 120
Trd, 4318704.293, 111
Trd, 4318704.693, 136
Trd, 4318708.243, 130
Trd, 4318708.793, 117
Trd, 4318709.093, 111
Trd, 4318709.693, 136
Trd, 4318710.343, 128
Trd, 4318710.793, 108
Trd, 4318710.943, 88
Trd, 4318711.043, 79
Trd, 4318713.143, 120
Trd, 4318713.893, 77
Trd, 4318714.843, 73
Trd, 4318715.393, 65
Trd, 4318715.593, 61
Trd, 4318716.193, 64
Trd, 4318717.443, 126
Trd, 4318717.643, 105
Trd, 4318718.943, 67
Trd, 4318719.393, 75
Trd, 4318720.393, 135
Trd, 4318720.693, 84
Trd, 4318720.893, 118
Trd, 4318721.243, 99
Trd, 4318723.093, 90
Trd, 4318723.643, 117
Trd, 4318723.793, 93
Trd, 4318726.093, 101
Trd, 4318726.193, 103
Trd, 4318726.343, 127
Trd, 4318726.743, 87
Trd, 4318727.543, 84
Trd, 4318728.093, 76
Trd, 4318728.943, 121
Trd, 4318729.943, 133
Trd, 4318730.643, 103
Trd, 4318730.993, 96
Trd, 4318731.043, 84
Trd, 4318732.493, 65
Trd, 4318732.793, 72
Trd, 4318733.643, 87
Trd, 4318734.643, 126
Trd, 4318736.693, 136
Trd, 4318737.843, 99
Trd, 4318738.443, 132
Trd, 4318738.793, 114
Trd, 4318739.643, 118
Trd, 4318740.043, 106
Trd, 4318740.893, 110
Trd, 4318741.893, 114
Trd, 4318742.693, 132
Trd, 4318743.593, 132
Trd, 4318743.693, 92
Trd, 4318744.743, 72
Trd, 4318745.043, 72
Trd, 4318745.393, 90
Trd, 4318745.643, 84
Trd, 4318745.743, 97
Trd, 4318747.193, 90
Trd, 4318748.343, 117
Trd, 4318748.793, 67
Trd, 4318749.043, 65
Trd, 4318750.443, 99
Trd, 4318751.143, 115
Trd, 4318752.893, 119
Trd, 4318753.093, 112
Trd, 4318753.393, 94
Trd, 4318754.393, 119
Trd, 4318755.943, 96
Trd, 4318756.093, 98
Trd, 4318756.593, 118
Trd, 4318757.043, 97
Trd, 4318757.143, 108
Trd, 4318757.543, 125
Trd, 4318758.093, 73
Trd, 4318759.293, 110
Trd, 4318760.193, 109
Trd, 4318760.593, 104
Trd, 4318761.693, 129
Trd, 4318762.043, 127
Trd, 4318764.193, 106
Trd, 4318765.143, 132
Trd, 4318765.193, 131
Trd, 4318765.743, 99
Trd, 4318766.293, 102
Trd, 4318767.393, 125
Trd, 4318767.893, 78
Trd, 4318768.943, 81
Trd, 4318769.843, 110
Trd, 4318770.593, 79
Trd, 4318771.493, 74
Trd, 4318771.643, 87
Trd, 4318771.693, 71
Trd, 4318772.243, 68
Trd, 4318773.793, 110
Trd, 4318775.343, 112
Trd, 4318775.593, 138
Trd, 4318776.843, 117
Trd, 4318777.093, 85
Trd, 4318777.243, 107
Trd, 4318778.143, 85
Trd, 4318778.793, 109
Trd, 4318778.993, 109
Trd, 4318780.143, 132
Trd, 4318780.693, 109
Trd, 4318782.043, 112
Trd, 4318783.093, 85
Trd, 4318783.493, 112
Trd, 4318784.693, 114
Trd, 4318785.593, 136
Trd, 4318785.643, 113
Trd, 4318785.793, 89
Trd, 4318786.293, 129
Trd, 4318786.493, 79
Trd, 4318787.093, 115
Trd, 4318788.193, 129
Trd, 4318788.943, 98
Trd, 4318789.393, 82
Trd, 4318789.443, 79
Trd, 4318791.293, 116
Trd, 4318792.193, 130
Trd, 4318793.043, 117
Trd, 4318793.893, 127
Trd, 4318797.043, 130
Trd, 4318797.143, 129
Trd, 4318797.293, 121
Trd, 4318797.893, 110
Trd, 4318800.493, 108
Trd, 4318801.093, 126
Trd, 4318801.843, 126
Trd, 4318801.893, 113
Trd, 4318803.143, 126
Trd, 4318804.393, 136
Trd, 4318804.543, 76
Trd, 4318805.593, 90
Trd, 4318805.693, 95
Trd, 4318805.943, 73
Trd, 4318807.243, 76
Trd, 4318808.043, 120
Trd, 4318809.043, 126
Trd, 4318809.093, 107
Trd, 4318810.893, 134
Trd, 4318811.143, 130
Trd, 4318811.443, 122
Trd, 4318811.643, 96
Trd, 4318812.843, 93
Trd, 4318813.193, 117
Trd, 4318814.793, 63
Trd, 4318815.193, 66
Trd, 4318815.293, 72
Trd, 4318815.543, 73
Trd, 4318816.643, 105
Trd, 4318817.593, 100
Trd, 4318817.643, 137
Trd, 4318818.043, 94
Trd, 4318819.543, 117
Trd, 4318819.843, 116
Trd, 4318820.343, 139
Trd, 4318820.943, 109
Trd, 4318821.393, 112
Trd, 4318823.043, 75
Trd, 4318823.243, 82
Trd, 4318823.693, 83
Trd, 4318824.893, 97
Trd, 4318826.243, 116
Trd, 4318826.693, 102
Trd, 4318826.793, 88
Trd, 4318827.693, 108
Trd, 4318828.943, 67
Trd, 4318829.043, 111
Trd, 4318830.593, 125
Trd, 4318830.993, 117
Trd, 4318832.943, 139
Trd, 4318833.493, 106
Trd, 4318834.043, 111
Trd, 4318835.793, 105
Trd, 4318836.093, 76
Trd, 4318837.093, 91
Trd, 4318837.293, 112
Trd, 4318837.443, 76
Trd, 4318837.893, 124
Trd, 4318838.343, 92
Trd, 4318838.393, 88
Trd, 4318838.593, 84
Trd, 4318840.893, 111
Trd, 4318841.043, 97
Trd, 4318841.143, 85
Trd, 4318842.343, 119
Trd, 4318843.443, 123
Trd, 4318844.143, 89
Trd, 4318845.243, 103
Trd, 4318845.643, 90
Trd, 4318846.393, 65
Trd, 4318847.643, 92
Trd, 4318847.693, 88
Trd, 4318848.293, 89
Trd, 4318848.443, 85
Trd, 4318849.643, 95
Trd, 4318850.293, 63
Trd, 4318851.543, 94
Trd, 4318852.243, 85
Trd, 4318852.893, 78
Trd, 4318853.293, 135
Trd, 4318854.043, 129
Trd, 4318856.143, 109
Trd, 4318856.693, 108
Trd, 4318857.493, 128
Trd, 4318857.843, 115
Trd, 4318858.393, 129
Trd, 4318860.293, 117
Trd, 4318860.493, 101
Trd, 4318860.993, 94
Trd, 4318861.943, 101
Trd, 4318862.193, 119
Trd, 4318862.243, 71
Trd, 4318864.143, 92
Trd, 4318864.593, 83
Trd, 4318865.393, 95
Trd, 4318866.993, 107
Trd, 4318867.493, 140
Trd, 4318868.393, 120
Trd, 4318868.943, 111
Trd, 4318870.293, 92
Trd, 4318870.743, 99
Trd, 4318871.443, 110
Trd, 4318872.143, 107
Trd, 4318873.293, 62
Trd, 4318873.393, 83
Trd, 4318875.093, 121
Trd, 4318875.543, 138
Trd, 4318875.993, 81
Trd, 4318876.743, 128
Trd, 4318877.243, 108
Trd, 4318878.893, 105
Trd, 4318879.743, 83
Trd, 4318880.043, 76
Trd, 4318881.443, 87
Trd, 4318882.043, 79
Trd, 4318882.593, 98
Trd, 4318883.243, 123
Trd, 4318886.143, 124
Trd, 4318888.043, 104
Trd, 4318888.843, 136
Trd, 4318889.143, 131
Trd, 4318889.393, 129
Trd, 4318890.393, 82
Trd, 4318891.693, 124
Trd, 4318891.793, 121
Trd, 4318892.743, 124
Trd, 4318893.793, 116
Trd, 4318894.343, 125
Trd, 4318894.643, 115
Trd, 4318895.993, 114
Trd, 4318896.093, 89
Trd, 4318898.243, 133
Trd, 4318898.343, 115
Trd, 4318899.143, 130
Trd, 4318900.743, 74
Trd, 4318901.193, 121
Trd, 4318901.443, 104
Trd, 4318902.443, 77
Trd, 4318903.293, 67
Trd, 4318904.043, 75
Trd, 4318904.193, 79
Trd, 4318904.993, 102
Trd, 4318906.043, 114
Trd, 4318906.793, 122
Trd, 4318906.993, 62
Trd, 4318907.593, 108
Trd, 4318909.343, 84
Trd, 4318909.443, 82
Trd, 4318910.093, 95
Trd, 4318911.693, 100
Trd, 4318912.943, 107
Trd, 4318913.593, 121
Trd, 4318914.493, 127
Trd, 4318914.593, 111
Trd, 4318915.143, 116
Trd, 4318918.993, 122
Trd, 4318919.343, 136
Trd, 4318921.243, 121
Trd, 4318921.443, 117
Trd, 4318922.193, 136
Trd, 4318922.993, 127
Trd, 4318923.993, 129
Trd, 4318924.693, 130
Trd, 4318925.243, 106
Trd, 4318926.893, 69
Trd, 4318927.893, 62
Trd, 4318927.943, 64
Trd, 4318929.093, 75
Trd, 4318929.193, 122
Trd, 4318929.993, 125
Trd, 4318930.193, 132
Trd, 4318930.393, 125
Trd, 4318930.993, 126
Trd, 4318931.843, 87
Trd, 4318932.793, 86
Trd, 4318933.193, 94
Trd, 4318933.493, 66
Trd, 4318935.693, 94
Trd, 4318936.643, 117
Trd, 4318937.993, 135
Trd, 4318938.543, 107
Trd, 4318939.493, 102
Trd, 4318939.693, 87
Trd, 4318940.893, 127
Trd, 4318941.043, 82
Trd, 4318943.593, 127
Trd, 4318943.893, 122
Trd, 4318944.093, 116
Trd, 4318944.693, 75
Trd, 4318945.043, 120
Trd, 4318945.443, 123
Trd, 4318947.993, 81
Trd, 4318948.343, 128
Trd, 4318949.243, 82
Trd, 4318949.393, 89
Trd, 4318950.343, 120
Trd, 4318951.743, 122
Trd, 4318951.993, 123
Trd, 4318952.843, 110
Trd, 4318952.943, 99
Trd, 4318953.543, 130
Trd, 4318954.793, 128
Trd, 4318955.143, 107
Trd, 4318955.243, 119
Trd, 4318957.343, 119
Trd, 4318958.093, 140
Trd, 4318958.943, 103
Trd, 4318960.293, 133
Trd, 4318960.493, 121
Trd, 4318960.693, 100
Trd, 4318960.943, 81
Trd, 4318963.493, 104
Trd, 4318964.443, 115
Trd, 4318965.693, 106
Trd, 4318967.643, 132
Trd, 4318968.643, 80
Trd, 4318969.993, 114
Trd, 4318970.843, 85
Trd, 4318971.143, 95
Trd, 4318971.993, 93
Trd, 4318973.393, 122
Trd, 4318974.243, 130
Trd, 4318975.293, 120
Trd, 4318975.493, 96
Trd, 4318976.243, 77
Trd, 4318977.493, 116
Trd, 4318977.943, 76
Trd, 4318978.343, 100
Trd, 4318979.943, 98
Trd, 4318980.643, 123
Trd, 4318980.743, 99
Trd, 4318982.093, 126
Trd, 4318982.393, 63
Trd, 4318983.993, 87
Trd, 4318984.493, 69
Trd, 4318985.643, 92
Trd, 4318986.193, 87
Trd, 4318987.593, 77
Trd, 4318988.193, 87
Trd, 4318990.493, 117
Trd, 4318990.693, 102
Trd, 4318990.993, 115
Trd, 4318992.293, 94
Trd, 4318992.743, 99
Trd, 4318995.443, 138
Trd, 4318996.143, 105
Trd, 4318996.843, 124
Trd, 4318997.093, 105
Trd, 4318997.293, 74
Trd, 4318998.643, 122
Trd, 4318998.993, 103
Trd, 4318999.793, 107
Trd, 4319000.743, 99
Trd, 4319002.043, 100
Trd, 4319002.293, 101
Trd, 4319002.593, 108
Trd, 4319003.393, 116
Trd, 4319004.293, 116
Trd, 4319004.643, 101
Trd, 4319004.743, 92
Trd, 4319005.443, 85
Trd, 4319006.243, 133
Trd, 4319006.343, 84
Trd, 4319007.443, 138
Trd, 4319007.643, 102
Trd, 4319008.743, 96
Trd, 4319009.143, 100
Trd, 4319010.693, 120
Trd, 4319010.993, 118
Trd, 4319012.593, 129
Trd, 4319012.743, 129
Trd, 4319012.993, 104
Trd, 4319014.343, 82
Trd, 4319015.093, 105
Trd, 4319015.493, 95
Trd, 4319015.993, 91
Trd, 4319017.143, 115
Trd, 4319017.393, 131
Trd, 4319019.043, 100
Trd, 4319019.743, 88
Trd, 4319019.993, 90
Trd, 4319020.493, 81
Trd, 4319021.043, 99
Trd, 4319021.193, 90
Trd, 4319023.893, 127
Trd, 4319024.043, 106
Trd, 4319024.843, 106
Trd, 4319025.043, 111
Trd, 4319025.893, 123
Trd, 4319026.993, 97
Trd, 4319027.293, 95
Trd, 4319027.393, 112
Trd, 4319027.593, 108
Trd, 4319027.793, 95
Trd, 4319029.493, 84
Trd, 4319029.643, 93
Trd, 4319031.793, 87
Trd, 4319032.493, 140
Trd, 4319032.893, 139
Trd, 4319033.943, 62
Trd, 4319034.693, 117
Trd, 4319034.743, 112
Trd, 4319035.693, 114
Trd, 4319036.893, 138
Trd, 4319037.593, 102
Trd, 4319037.843, 77
Trd, 4319039.593, 109
Trd, 4319040.293, 97
Trd, 4319041.393, 112
Trd, 4319041.643, 118
Trd, 4319041.893, 110
Trd, 4319042.743, 72
Trd, 4319042.993, 122
Trd, 4319044.393, 130
Trd, 4319044.493, 113
Trd, 4319045.343, 114
Trd, 4319047.493, 118
Trd, 4319048.043, 76
Trd, 4319048.593, 118
Trd, 4319051.143, 117
Trd, 4319051.743, 137
Trd, 4319052.143, 133
Trd, 4319052.193, 102
Trd, 4319052.543, 99
Trd, 4319053.543, 92
Trd, 4319054.193, 88
Trd, 4319054.243, 80
Trd, 4319054.493, 73
Trd, 4319054.793, 121
Trd, 4319056.393, 104
Trd, 4319056.593, 65
Trd, 4319057.793, 129
Trd, 4319058.193, 107
Trd, 4319058.743, 76
Trd, 4319060.493, 118
Trd, 4319061.043, 95
Trd, 4319061.643, 77
Trd, 4319063.093, 117
Trd, 4319063.793, 103
Trd, 4319063.893, 92
Trd, 4319064.893, 106
Trd, 4319065.193, 117
Trd, 4319065.243, 82
Trd, 4319067.393, 66
Trd, 4319068.843, 116
Trd, 4319069.893, 91
Trd, 4319071.143, 87
Trd, 4319071.393, 100
Trd, 4319071.843, 101
Trd, 4319073.143, 88
Trd, 4319074.143, 68
Trd, 4319074.393, 100
Trd, 4319074.443, 67
Trd, 4319074.743, 96
Trd, 4319077.093, 132
Trd, 4319077.643, 84
Trd, 4319077.943, 75
Trd, 4319078.043, 78
Trd, 4319079.643, 86
Trd, 4319079.743, 101
Trd, 4319080.543, 102
Trd, 4319080.843, 126
Trd, 4319084.093, 94
Trd, 4319084.243, 86
Trd, 4319084.443, 85
Trd, 4319084.543, 77
Trd, 4319085.743, 116
Trd, 4319086.943, 102
Trd, 4319088.593, 122
Trd, 4319091.393, 120
Trd, 4319091.743, 82
Trd, 4319092.343, 124
Trd, 4319093.143, 120
Trd, 4319093.393, 112
Trd, 4319093.943, 92
Trd, 4319095.643, 100
Trd, 4319096.093, 84
Trd, 4319096.693, 94
Trd, 4319097.743, 132
Trd, 4319098.693, 121
Trd, 4319099.193, 136
Trd, 4319099.343, 119
Trd, 4319100.093, 137
Trd, 4319100.193, 85
Trd, 4319100.793, 135
Trd, 4319103.493, 92
Trd, 4319104.143, 80
Trd, 4319105.543, 134
Trd, 4319105.993, 99
Trd, 4319106.743, 104
Trd, 4319108.393, 115
Trd, 4319108.743, 114
Trd, 4319109.493, 110
Trd, 4319109.643, 112
Trd, 4319109.743, 99
Trd, 4319109.943, 71
Trd, 4319110.343, 114
Trd, 4319111.493, 130
Trd, 4319112.843, 114
Trd, 4319113.793, 130
Trd, 4319114.893, 118
Trd, 4319115.843, 98
Trd, 4319115.993, 74
Trd, 4319117.743, 86
Trd, 4319118.143, 135
Trd, 4319118.243, 115
Trd, 4319118.993, 92
Trd, 4319120.343, 88
Trd, 4319120.793, 100
Trd, 4319122.043, 98
Trd, 4319122.493, 88
Trd, 4319124.193, 103
Trd, 4319125.243, 135
Trd, 4319125.393, 124
Trd, 4319125.643, 95
Trd, 4319126.993, 96
Trd, 4319127.443, 126
Trd, 4319127.743, 130
Trd, 4319128.943, 131
Trd, 4319130.243, 119
Trd, 4319132.543, 129
Trd, 4319132.593, 100
Trd, 4319132.943, 101
Trd, 4319133.043, 62
Trd, 4319133.393, 106
Trd, 4319134.193, 124
Trd, 4319134.943, 116
Trd, 4319136.243, 113
Trd, 4319136.343, 69
Trd, 4319138.193, 109
Trd, 4319138.443, 108
Trd, 4319138.693, 101
Trd, 4319139.493, 106
Trd, 4319141.143, 109
Trd, 4319141.543, 87
Trd, 4319143.143, 127
Trd, 4319144.043, 118
Trd, 4319144.443, 97
Trd, 4319145.843, 129
Trd, 4319146.843, 102
Trd, 4319147.943, 123
Trd, 4319148.293, 120
Trd, 4319149.193, 106
Trd, 4319149.993, 123
Trd, 4319151.443, 132
Trd, 4319152.793, 127
Trd, 4319153.493, 123
Trd, 4319153.793, 122
Trd, 4319154.043, 112
Trd, 4319155.093, 118
Trd, 4319155.193, 121
Trd, 4319156.493, 80
Trd, 4319156.743, 95
Trd, 4319158.193, 133
Trd, 4319158.593, 102
Trd, 4319158.943, 101
Trd, 4319159.493, 110
Trd, 4319159.843, 107
Trd, 4319160.493, 100
Trd, 4319161.193, 89
Trd, 4319161.593, 106
Trd, 4319162.643, 110
Trd, 4319163.093, 78
Trd, 4319163.543, 84
Trd, 4319164.243, 115
Trd, 4319164.343, 79
Trd, 4319164.943, 78
Trd, 4319165.043, 86
Trd, 4319166.743, 116
Trd, 4319168.743, 134
Trd, 4319168.993, 128
Trd, 4319170.493, 130
Trd, 4319170.943, 135
Trd, 4319171.793, 110
Trd, 4319172.293, 91
Trd, 4319172.943, 131
Trd, 4319173.243, 86
Trd, 4319174.443, 107
Trd, 4319176.293, 122
Trd, 4319178.193, 130
Trd, 4319179.343, 96
Trd, 4319179.893, 123
Trd, 4319180.193, 101
Trd, 4319180.843, 125
Trd, 4319181.343, 106
Trd, 4319181.493, 92
Trd, 4319182.793, 85
Trd, 4319183.093, 91
Trd, 4319183.243, 79
Trd, 4319184.593, 106
Trd, 4319184.993, 111
Trd, 4319186.843, 113
Trd, 4319187.893, 138
Trd, 4319188.643, 127
Trd, 4319190.443, 106
Trd, 4319190.643, 98
Trd, 4319191.543, 100
Trd, 4319191.743, 77
Trd, 4319192.693, 119
Trd, 4319194.893, 130
Trd, 4319195.643, 138
Trd, 4319196.393, 121
Trd, 4319197.293, 136
Trd, 4319199.293, 120
Trd, 4319199.543, 117
Trd, 4319200.593, 123
Trd, 4319202.343, 88
Trd, 4319202.593, 104
Trd, 4319203.593, 120
Trd, 4319204.893, 97
Trd, 4319205.943, 88
Trd, 4319206.393, 92
Trd, 4319206.443, 99
Trd, 4319207.593, 108
Trd, 4319208.293, 121
Trd, 4319208.643, 107
Trd, 4319209.593, 104
Trd, 4319210.443, 122
Trd, 4319211.493, 138
Trd, 4319211.893, 74
Trd, 4319212.993, 129
Trd, 4319213.993, 105
Trd, 4319214.693, 81
Trd, 4319215.193, 98
Trd, 4319216.443, 89
Trd, 4319216.943, 61
Trd, 4319217.643, 132
Trd, 4319218.393, 78
Trd, 4319218.693, 60
Trd, 4319219.043, 136
Trd, 4319219.643, 88
Trd, 4319222.043, 117
Trd, 4319223.143, 128
Trd, 4319224.193, 112
Trd, 4319225.143, 106
Trd, 4319226.493, 105
Trd, 4319226.643, 74
Trd, 4319227.343, 92
Trd, 4319227.593, 76
Trd, 4319228.693, 78
Trd, 4319228.993, 128
Trd, 4319230.993, 123
Trd, 4319231.393, 96
Trd, 4319233.093, 137
Trd, 4319233.493, 120
Trd, 4319234.043, 107
Trd, 4319234.493, 97
Trd, 4319236.693, 109
Trd, 4319237.343, 102
Trd, 4319237.943, 128
Trd, 4319238.843, 113
Trd, 4319238.893, 99
Trd, 4319240.493, 117
Trd, 4319240.793, 113
Trd, 4319241.693, 113
Trd, 4319241.943, 100
Trd, 4319243.793, 97
Trd, 4319244.143, 115
Trd, 4319244.543, 98
Trd, 4319244.743, 108
Trd, 4319245.043, 94
Trd, 4319245.593, 92
Trd, 4319246.443, 136
Trd, 4319247.393, 82
Trd, 4319248.843, 112
Trd, 4319250.243, 129
Trd, 4319250.943, 134
Trd, 4319251.143, 109
Trd, 4319251.493, 101
Trd, 4319251.793, 104
Trd, 4319253.443, 120
Trd, 4319253.893, 60
Trd, 4319255.043, 135
Trd, 4319255.493, 64
Trd, 4319257.193, 99
Trd, 4319257.993, 116
Trd, 4319258.043, 115
Trd, 4319258.193, 104
Trd, 4319259.443, 130
Trd, 4319261.543, 127
Trd, 4319261.593, 122
Trd, 4319264.943, 140
Trd, 4319265.843, 136
Trd, 4319266.443, 92
Trd, 4319267.343, 114
Trd, 4319267.493, 105
Trd, 4319268.593, 116
Trd, 4319268.843, 131
Trd, 4319270.093, 60
Trd, 4319271.293, 64
Trd, 4319271.543, 91
Trd, 4319272.293, 108
Trd, 4319272.393, 118
Trd, 4319273.343, 87
Trd, 4319274.293, 94
Trd, 4319275.443, 87
Trd, 4319275.493, 92
Trd, 4319275.843, 78
Trd, 4319276.993, 89
Trd, 4319277.293, 77
Trd, 4319278.043, 121
Trd, 4319279.193, 105
Trd, 4319280.093, 113
Trd, 4319280.593, 84
Trd, 4319281.043, 120
Trd, 4319281.093, 79
Trd, 4319281.393, 139
Trd, 4319282.693, 127
Trd, 4319283.693, 113
Trd, 4319285.693, 112
Trd, 4319285.843, 111
Trd, 4319285.993, 90
Trd, 4319286.643, 60
Trd, 4319287.843, 96
Trd, 4319288.293, 129
Trd, 4319289.093, 109
Trd, 4319290.593, 94
Trd, 4319291.393, 97
Trd, 4319291.793, 101
Trd, 4319293.293, 131
Trd, 4319293.743, 132
Trd, 4319294.443, 116
Trd, 4319295.393, 133
Trd, 4319296.893, 106
Trd, 4319297.393, 86
Trd, 4319297.793, 105
Trd, 4319298.143, 119
Trd, 4319298.593, 100
Trd, 4319299.643, 98
Trd, 4319300.943, 121
Trd, 4319301.343, 79
Trd, 4319301.893, 119
Trd, 4319301.993, 112
Trd, 4319305.143, 110
Trd, 4319305.493, 124
Trd, 4319305.593, 109
Trd, 4319305.943, 94
Trd, 4319306.343, 95
Trd, 4319306.843, 94
Trd, 4319307.343, 100
Trd, 4319309.443, 124
Trd, 4319310.493, 140
Trd, 4319311.343, 99
Trd, 4319311.543, 88
Trd, 4319311.743, 119
Trd, 4319314.343, 129
Trd, 4319315.843, 125
Trd, 4319316.093, 106
Trd, 4319316.443, 120
Trd, 4319317.543, 110
Trd, 4319318.043, 121
Trd, 4319318.093, 123
Trd, 4319318.993, 98
Trd, 4319319.243, 90
Trd, 4319320.243, 133
Trd, 4319320.943, 121
Trd, 4319323.243, 133
Trd, 4319323.593, 100
Trd, 4319325.293, 118
Trd, 4319325.343, 99
Trd, 4319325.843, 102
Trd, 4319325.943, 116
Trd, 4319326.393, 122
Trd, 4319327.243, 85
Trd, 4319328.093, 124
Trd, 4319328.493, 65
Trd, 4319328.843, 70
Trd, 4319331.293, 98
Trd, 4319331.593, 107
Trd, 4319332.893, 101
Trd, 4319333.793, 131
Trd, 4319333.893, 122
Trd, 4319334.293, 121
Trd, 4319334.793, 97
Trd, 4319335.643, 94
Trd, 4319336.843, 91
Trd, 4319338.043, 118
Trd, 4319338.293, 134
Trd, 4319338.943, 90
Trd, 4319340.393, 136
Trd, 4319341.293, 128
Trd, 4319341.893, 85
Trd, 4319342.643, 119
Trd, 4319344.093, 108
Trd, 4319344.343, 96
Trd, 4319345.043, 106
Trd, 4319345.993, 102
Trd, 4319346.543, 106
Trd, 4319346.843, 128
Trd, 4319348.093, 134
Trd, 4319349.543, 117
Trd, 4319351.143, 106
Trd, 4319351.743, 130
Trd, 4319352.093, 102
Trd, 4319352.393, 128
Trd, 4319353.043, 82
Trd, 4319353.493, 109
Trd, 4319354.943, 134
Trd, 4319355.843, 84
Trd, 4319356.943, 121
Trd, 4319358.343, 137
Trd, 4319358.593, 130
Trd, 4319360.143, 128
Trd, 4319360.593, 121
Trd, 4319360.893, 113
Trd, 4319361.893, 102
Trd, 4319362.093, 118
Trd, 4319362.593, 76
Trd, 4319362.743, 91
Trd, 4319364.043, 104
Trd, 4319364.343, 99
Trd, 4319364.543, 72
Trd, 4319364.993, 67
Trd, 4319365.293, 124
Trd, 4319366.443, 135
Trd, 4319367.693, 127
Trd, 4319368.293, 102
Trd, 4319369.743, 122
Trd, 4319370.543, 115
Trd, 4319370.793, 102
Trd, 4319371.143, 115
Trd, 4319371.793, 82
Trd, 4319372.293, 117
Trd, 4319372.843, 84
Trd, 4319374.243, 115
Trd, 4319374.443, 88
Trd, 4319374.643, 92
Trd, 4319377.343, 105
Trd, 4319377.443, 78
Trd, 4319377.793, 87
Trd, 4319378.643, 109
Trd, 4319378.843, 82
Trd, 4319379.943, 91
Trd, 4319380.493, 91
Trd, 4319381.043, 96
Trd, 4319381.643, 103
Trd, 4319381.843, 120
Trd, 4319382.193, 137
Trd, 4319382.993, 123
Trd, 4319384.193, 106
Trd, 4319386.593, 60
Trd, 4319387.243, 131
Trd, 4319387.643, 67
Trd, 4319388.193, 126
Trd, 4319388.993, 117
Trd, 4319389.243, 117
Trd, 4319389.593, 131
Trd, 4319390.493, 113
Trd, 4319390.943, 122
Trd, 4319392.893, 120
Trd, 4319393.293, 93
Trd, 4319394.493, 75
Trd, 4319394.693, 109
Trd, 4319395.693, 66
Trd, 4319396.293, 62
Trd, 4319396.493, 97
Trd, 4319397.493, 132
Trd, 4319398.743, 117
Trd, 4319401.393, 109
Trd, 4319402.643, 126
Trd, 4319402.693, 124
Trd, 4319403.793, 133
Trd, 4319403.893, 120
Trd, 4319404.893, 126
Trd, 4319404.943, 107
Trd, 4319405.093, 92
Trd, 4319405.593, 75
Trd, 4319406.243, 72
Trd, 4319406.993, 131
Trd, 4319408.493, 124
Trd, 4319410.293, 99
Trd, 4319410.843, 120
Trd, 4319411.143, 122
Trd, 4319413.193, 116
Trd, 4319413.843, 122
Trd, 4319414.193, 93
Trd, 4319414.693, 133
Trd, 4319415.543, 70
Trd, 4319415.843, 76
Trd, 4319416.043, 70
Trd, 4319417.693, 127
Trd, 4319418.143, 123
Trd, 4319418.893, 110
Trd, 4319419.743, 93
Trd, 4319420.343, 123
Trd, 4319420.943, 105
Trd, 4319422.143, 114
Trd, 4319422.693, 114
Trd, 4319424.043, 118
Trd, 4319424.143, 96
Trd, 4319424.993, 97
Trd, 4319426.493, 134
Trd, 4319426.693, 108
Trd, 4319427.493, 107
Trd, 4319427.893, 104
Trd, 4319428.293, 95
Trd, 4319428.843, 85
Trd, 4319429.343, 60
Trd, 4319430.593, 66
Trd, 4319432.693, 121
Trd, 4319433.693, 129
Trd, 4319434.143, 110
Trd, 4319434.293, 76
Trd, 4319435.143, 134
Trd, 4319435.843, 71
Trd, 4319436.293, 76
Trd, 4319436.793, 67
Trd, 4319437.893, 104
Trd, 4319439.443, 134
Trd, 4319440.043, 136
Trd, 4319440.643, 75
Trd, 4319441.043, 67
Trd, 4319441.443, 89
Trd, 4319442.643, 125
Trd, 4319443.943, 137
Trd, 4319445.393, 136
Trd, 4319445.643, 126
Trd, 4319445.743, 120
Trd, 4319446.193, 120
Trd, 4319446.293, 116
Trd, 4319448.493, 113
Trd, 4319448.593, 95
Trd, 4319449.843, 139
Trd, 4319449.993, 100
Trd, 4319451.193, 137
Trd, 4319451.343, 82
Trd, 4319452.043, 134
Trd, 4319452.593, 138
Trd, 4319452.693, 128
Trd, 4319453.543, 69
Trd, 4319454.793, 110
Trd, 4319455.993, 134
Trd, 4319457.193, 78
Trd, 4319457.343, 77
Trd, 4319457.393, 82
Trd, 4319457.993, 124
Trd, 4319458.693, 84
Trd, 4319459.543, 96
Trd, 4319459.943, 114
Trd, 4319461.393, 138
Trd, 4319462.343, 110
Trd, 4319462.493, 104
Trd, 4319462.643, 84
Trd, 4319463.693, 87
Trd, 4319464.893, 111
Trd, 4319465.143, 125
Trd, 4319466.143, 97
Trd, 4319467.043, 74
Trd, 4319468.643, 114
Trd, 4319469.743, 108
Trd, 4319469.893, 93
Trd, 4319470.793, 121
Trd, 4319471.343, 133
Trd, 4319472.843, 137
Trd, 4319473.093, 136
Trd, 4319473.743, 132
Trd, 4319474.243, 107
Trd, 4319474.893, 108
Trd, 4319476.443, 120
Trd, 4319476.843, 95
Trd, 4319478.243, 97
Trd, 4319478.793, 109
Trd, 4319479.293, 85
Trd, 4319479.493, 93
Trd, 4319480.293, 83
Trd, 4319481.093, 136
Trd, 4319482.443, 108
Trd, 4319483.793, 126
Trd, 4319483.943, 86
Trd, 4319484.793, 133
Trd, 4319485.243, 132
Trd, 4319486.393, 125
Trd, 4319486.693, 104
Trd, 4319489.093, 107
Trd, 4319489.343, 106
Trd, 4319489.993, 123
Trd, 4319490.593, 136
Trd, 4319491.293, 113
Trd, 4319491.443, 86
Trd, 4319492.143, 117
Trd, 4319492.343, 119
Trd, 4319492.743, 97
Trd, 4319493.043, 107
Trd, 4319494.893, 115
Trd, 4319495.393, 107
Trd, 4319496.743, 139
Trd, 4319497.493, 126
Trd, 4319499.143, 114
Trd, 4319499.943, 121
Trd, 4319500.493, 137
Trd, 4319500.743, 121
Trd, 4319501.993, 115
Trd, 4319504.443, 96
Trd, 4319504.893, 129
Trd, 4319505.193, 135
Trd, 4319506.193, 102
Trd, 4319506.793, 139
Trd, 4319506.893, 129
Trd, 4319507.643, 120
Trd, 4319507.793, 117
Trd, 4319509.143, 122
Trd, 4319509.543, 109
Trd, 4319510.093, 110
Trd, 4319510.793, 97
Trd, 4319513.793, 88
Trd, 4319515.093, 94
Trd, 4319515.393, 101
Trd, 4319516.293, 116
Trd, 4319516.693, 117
Trd, 4319517.193, 103
Trd, 4319517.343, 82
Trd, 4319518.393, 96
Trd, 4319519.393, 107
Trd, 4319521.193, 139
Trd, 4319522.143, 134
Trd, 4319522.393, 137
Trd, 4319522.743, 111
Trd, 4319523.143, 91
Trd, 4319523.193, 72
Trd, 4319523.293, 96
Trd, 4319525.893, 125
Trd, 4319526.743, 101
Trd, 4319527.793, 76
Trd, 4319529.293, 133
Trd, 4319529.493, 124
Trd, 4319530.043, 111
Trd, 4319531.593, 138
Trd, 4319531.643, 134
Trd, 4319532.643, 106
Trd, 4319533.043, 122
Trd, 4319534.043, 137
Trd, 4319534.393, 117
Trd, 4319536.193, 127
Trd, 4319536.393, 112
Trd, 4319537.543, 129
Trd, 4319537.693, 109
Trd, 4319538.343, 120
Trd, 4319538.943, 119
Trd, 4319539.593, 115
Trd, 4319540.943, 69
Trd, 4319541.243, 93
Trd, 4319541.443, 109
Trd, 4319541.743, 69
Trd, 4319541.943, 71
Trd, 4319546.193, 136
Trd, 4319546.643, 136
Trd, 4319546.893, 120
Trd, 4319546.993, 104
Trd, 4319547.193, 74
Trd, 4319548.143, 64
Trd, 4319548.793, 77
Trd, 4319549.343, 87
Trd, 4319549.543, 71
Trd, 4319551.243, 116
Trd, 4319552.343, 91
Trd, 4319553.993, 97
Trd, 4319554.293, 137
Trd, 4319555.093, 114
Trd, 4319555.143, 101
Trd, 4319555.943, 114
Trd, 4319556.543, 67
Trd, 4319556.743, 120
Trd, 4319557.143, 68
Trd, 4319558.693, 128
Trd, 4319558.743, 102
Trd, 4319561.143, 123
Trd, 4319561.943, 110
Trd, 4319563.693, 96
Trd, 4319563.743, 81
Trd, 4319565.043, 139
Trd, 4319566.243, 139
Trd, 4319566.743, 128
Trd, 4319567.593, 102
Trd, 4319568.743, 111
Trd, 4319571.393, 108
Trd, 4319571.893, 89
Trd, 4319572.393, 95
Trd, 4319572.993, 136
Trd, 4319575.193, 125
Trd, 4319575.393, 115
Trd, 4319575.543, 104
Trd, 4319575.643, 95
Trd, 4319576.193, 81
Trd, 4319576.943, 138
Trd, 4319577.793, 115
Trd, 4319578.143, 126
Trd, 4319578.343, 113
Trd, 4319579.193, 108
Trd, 4319580.193, 140
Trd, 4319580.593, 101
Trd, 4319580.743, 136
Trd, 4319581.793, 82
Trd, 4319582.543, 107
Trd, 4319585.743, 140
Trd, 4319586.193, 94
Trd, 4319587.593, 96
Trd, 4319587.993, 124
Trd, 4319588.093, 85
Trd, 4319588.693, 95
Trd, 4319589.043, 76
Trd, 4319589.193, 89
Trd, 4319590.993, 79
Trd, 4319591.543, 109
Trd, 4319593.543, 123
Trd, 4319594.443, 131
Trd, 4319595.643, 115
Trd, 4319596.043, 77
Trd, 4319597.393, 121
Trd, 4319598.843, 107
Trd, 4319599.443, 101
Trd, 4319599.693, 128
Trd, 4319599.943, 138
Trd, 4319599.993, 124
Trd, 4319600.843, 104
Trd, 4319601.243, 67
Trd, 4319601.393, 66
Trd, 4319602.393, 99
Trd, 4319602.743, 110
Trd, 4319603.993, 116
Trd, 4319604.493, 132
Trd, 4319604.893, 87
Trd, 4319605.493, 91
Trd, 4319606.043, 103
Trd, 4319606.593, 80
Trd, 4319607.243, 139
Trd, 4319607.593, 133
Trd, 4319607.643, 108
Trd, 4319608.943, 122
Trd, 4319609.843, 118
Trd, 4319612.193, 134
Trd, 4319612.393, 110
Trd, 4319613.643, 137
Trd, 4319614.943, 88
Trd, 4319615.343, 115
Trd, 4319615.793, 84
Trd, 4319616.043, 121
Trd, 4319617.643, 128
Trd, 4319617.893, 114
Trd, 4319618.493, 112
Trd, 4319618.943, 106
Trd, 4319619.393, 78
Trd, 4319619.943, 63
Trd, 4319621.143, 64
Trd, 4319623.193, 113
Trd, 4319623.743, 92
Trd, 4319624.743, 93
Trd, 4319625.993, 95
Trd, 4319626.443, 99
Trd, 4319627.143, 94
Trd, 4319627.343, 93
Trd, 4319628.043, 68
Trd, 4319628.843, 77
Trd, 4319629.593, 117
Trd, 4319630.943, 109
Trd, 4319631.693, 91
Trd, 4319632.093, 101
Trd, 4319632.993, 121
Trd, 4319633.143, 108
Trd, 4319633.693, 103
Trd, 4319634.143, 84
Trd, 4319634.393, 65
Trd, 4319634.843, 81
Trd, 4319635.393, 109
Trd, 4319636.543, 88
Trd, 4319637.193, 112
Trd, 4319638.893, 127
Trd, 4319639.043, 106
Trd, 4319640.293, 120
Trd, 4319640.593, 91
Trd, 4319641.143, 73
Trd, 4319641.493, 100
Trd, 4319642.793, 130
Trd, 4319643.743, 112
Trd, 4319643.843, 133
Trd, 4319643.943, 121
Trd, 4319643.993, 89
Trd, 4319646.493, 81
Trd, 4319646.643, 81
Trd, 4319647.093, 111
Trd, 4319649.343, 95
Trd, 4319649.693, 87
Trd, 4319649.793, 114
Trd, 4319649.943, 93
Trd, 4319649.993, 81
Trd, 4319650.493, 134
Trd, 4319650.943, 92
Trd, 4319652.243, 124
Trd, 4319652.693, 131
Trd, 4319654.943, 101
Trd, 4319656.993, 86
Trd, 4319658.443, 107
Trd, 4319658.693, 116
Trd, 4319658.943, 108
Trd, 4319659.093, 93
Trd, 4319660.343, 135
Trd, 4319660.793, 108
Trd, 4319661.493, 94
Trd, 4319661.543, 96
Trd, 4319662.143, 100
Trd, 4319663.443, 94
Trd, 4319663.793, 129
Trd, 4319665.093, 77
Trd, 4319665.443, 98
Trd, 4319666.743, 122
Trd, 4319667.443, 108
Trd, 4319667.593, 86
Trd, 4319668.193, 132
Trd, 4319668.643, 69
Trd, 4319670.293, 136
Trd, 4319670.393, 121
Trd, 4319671.843, 93
Trd, 4319671.943, 91
Trd, 4319673.743, 120
Trd, 4319674.343, 96
Trd, 4319674.543, 107
Trd, 4319674.793, 117
Trd, 4319675.493, 95
Trd, 4319676.643, 86
Trd, 4319676.843, 117
Trd, 4319679.043, 127
Trd, 4319679.593, 122
Trd, 4319680.193, 114
Trd, 4319681.293, 91
Trd, 4319681.543, 82
Trd, 4319681.843, 73
Trd, 4319682.443, 137
Trd, 4319684.443, 112
Trd, 4319684.793, 133
Trd, 4319685.343, 96
Trd, 4319686.143, 101
Trd, 4319686.693, 139
Trd, 4319687.043, 110
Trd, 4319688.643, 123
Trd, 4319689.643, 136
Trd, 4319690.843, 98
Trd, 4319690.943, 122
Trd, 4319690.993, 88
Trd, 4319693.493, 111
Trd, 4319693.693, 105
Trd, 4319694.243, 109
Trd, 4319694.493, 84
Trd, 4319695.243, 78
Trd, 4319696.893, 91
Trd, 4319697.243, 87
Trd, 4319698.193, 128
Trd, 4319699.043, 140
Trd, 4319699.943, 113
Trd, 4319700.393, 110
Trd, 4319701.293, 90
Trd, 4319702.243, 97
Trd, 4319702.993, 101
Trd, 4319703.593, 127
Trd, 4319704.293, 134
Trd, 4319705.243, 106
Trd, 4319705.593, 82
Trd, 4319706.593, 128
Trd, 4319706.643, 103
Trd, 4319708.543, 82
Trd, 4319709.043, 87
Trd, 4319709.743, 65
Trd, 4319711.093, 134
Trd, 4319711.843, 95
Trd, 4319712.093, 81
Trd, 4319712.243, 79
Trd, 4319713.493, 71
Trd, 4319713.743, 80
Trd, 4319714.543, 119
Trd, 4319715.693, 105
Trd, 4319715.843, 138
Trd, 4319716.543, 95
Trd, 4319717.393, 128
Trd, 4319718.843, 118
Trd, 4319719.943, 124
Trd, 4319720.843, 96
Trd, 4319720.943, 118
Trd, 4319721.543, 84
Trd, 4319722.343, 117
Trd, 4319722.693, 99
Trd, 4319723.893, 93
Trd, 4319724.743, 66
Trd, 4319725.743, 93
Trd, 4319726.693, 126
Trd, 4319728.693, 128
Trd, 4319729.593, 101
Trd, 4319730.493, 92
Trd, 4319731.043, 101
Trd, 4319731.693, 83
Trd, 4319731.843, 91
Trd, 4319732.293, 73
Trd, 4319733.443, 91
Trd, 4319735.043, 97
Trd, 4319735.293, 109
Trd, 4319735.993, 132
Trd, 4319737.193, 105
Trd, 4319737.643, 86
Trd, 4319740.393, 128
Trd, 4319740.593, 105
Trd, 4319740.743, 79
Trd, 4319741.043, 74
Trd, 4319741.543, 63
Trd, 4319742.343, 101
Trd, 4319743.293, 77
Trd, 4319743.443, 97
Trd, 4319743.693, 96
Trd, 4319745.793, 75
Trd, 4319747.643, 124
Trd, 4319747.993, 122
Trd, 4319748.443, 109
Trd, 4319748.993, 109
Trd, 4319750.493, 139
Trd, 4319750.593, 122
Trd, 4319752.893, 100
Trd, 4319755.043, 133
Trd, 4319755.743, 118
Trd, 4319756.693, 134
Trd, 4319756.793, 133
Trd, 4319757.043, 126
Trd, 4319757.793, 115
Trd, 4319757.993, 114
Trd, 4319758.843, 110
Trd, 4319762.543, 122
Trd, 4319762.943, 93
Trd, 4319763.293, 116
Trd, 4319763.693, 109
Trd, 4319765.043, 136
Trd, 4319765.343, 124
Trd, 4319766.043, 121
Trd, 4319767.093, 109
Trd, 4319767.343, 102
Trd, 4319768.143, 98
Trd, 4319768.493, 90
Trd, 4319769.093, 86
Trd, 4319769.343, 69
Trd, 4319770.493, 135
Trd, 4319770.993, 138
Trd, 4319771.593, 79
Trd, 4319772.193, 68
Trd, 4319773.043, 112
Trd, 4319775.143, 112
Trd, 4319775.243, 82
Trd, 4319775.743, 118
Trd, 4319777.243, 93
Trd, 4319777.543, 114
Trd, 4319778.593, 104
Trd, 4319778.693, 108
Trd, 4319778.943, 106
Trd, 4319780.943, 76
Trd, 4319781.443, 86
Trd, 4319781.893, 76
Trd, 4319783.143, 86
Trd, 4319784.093, 88
Trd, 4319784.693, 96
Trd, 4319784.943, 97
Trd, 4319785.143, 75
Trd, 4319785.893, 92
Trd, 4319785.993, 112
Trd, 4319786.693, 104
Trd, 4319787.643, 70
Trd, 4319788.243, 128
Trd, 4319789.643, 129
Trd, 4319790.643, 119
Trd, 4319791.093, 117
Trd, 4319791.943, 103
Trd, 4319792.993, 84
Trd, 4319793.593, 97
Trd, 4319794.893, 101
Trd, 4319795.743, 136
Trd, 4319796.443, 74
Trd, 4319797.243, 91
Trd, 4319797.843, 76
Trd, 4319798.493, 91
Trd, 4319799.793, 95
Trd, 4319800.093, 99
Trd, 4319800.693, 106
Trd, 4319801.593, 111
Trd, 4319801.643, 103
Trd, 4319801.893, 94
Trd, 4319801.943, 71
Trd, 4319802.543, 101
Trd, 4319804.843, 82
Trd, 4319805.243, 65
Trd, 4319805.843, 73
Trd, 4319806.593, 138
Trd, 4319808.643, 97
Trd, 4319808.843, 89
Trd, 4319810.043, 91
Trd, 4319811.143, 65
Trd, 4319811.793, 63
Trd, 4319811.893, 98
Trd, 4319814.143, 72
Trd, 4319814.443, 108
Trd, 4319815.093, 129
Trd, 4319815.643, 70
Trd, 4319816.093, 96
Trd, 4319816.643, 104
Trd, 4319817.093, 79
Trd, 4319817.543, 60
Trd, 4319818.393, 102
Trd, 4319819.343, 99
Trd, 4319819.493, 68
Trd, 4319819.743, 78
Trd, 4319820.393, 94
Trd, 4319820.943, 116
Trd, 4319821.293, 122
Trd, 4319823.343, 105
Trd, 4319824.443, 109
Trd, 4319824.843, 98
Trd, 4319826.243, 138
Trd, 4319826.493, 134
Trd, 4319827.043, 121
Trd, 4319827.543, 113
Trd, 4319828.243, 106
Trd, 4319828.893, 87
Trd, 4319829.193, 112
Trd, 4319831.093, 102
Trd, 4319831.243, 110
Trd, 4319831.543, 67
Trd, 4319833.293, 129
Trd, 4319833.543, 127
Trd, 4319834.543, 66
Trd, 4319835.393, 66
Trd, 4319836.493, 100
Trd, 4319837.593, 93
Trd, 4319839.293, 109
Trd, 4319839.743, 114
Trd, 4319840.243, 113
Trd, 4319841.343, 112
Trd, 4319842.993, 93
Trd, 4319843.793, 100
Trd, 4319845.193, 135
Trd, 4319845.293, 108
Trd, 4319845.693, 108
Trd, 4319845.993, 97
Trd, 4319849.493, 135
Trd, 4319849.843, 114
Trd, 4319850.093, 97
Trd, 4319851.343, 94
Trd, 4319852.093, 95
Trd, 4319852.343, 92
Trd, 4319854.193, 126
Trd, 4319855.543, 135
Trd, 4319855.843, 119
Trd, 4319856.993, 114
Trd, 4319857.143, 100
Trd, 4319857.443, 109
Trd, 4319858.243, 103
Trd, 4319860.843, 111
Trd, 4319861.193, 107
Trd, 4319861.543, 138
Trd, 4319861.643, 119
Trd, 4319863.093, 136
Trd, 4319863.693, 113
Trd, 4319863.743, 112
Trd, 4319864.143, 139
Trd, 4319864.793, 138
Trd, 4319865.993, 108
Trd, 4319867.443, 132
Trd, 4319868.193, 132
Trd, 4319868.593, 111
Trd, 4319869.393, 97
Trd, 4319870.043, 97
Trd, 4319870.443, 88
Trd, 4319871.693, 85
Trd, 4319872.393, 132
Trd, 4319872.693, 134
Trd, 4319873.543, 136
Trd, 4319873.643, 100
Trd, 4319876.393, 132
Trd, 4319876.693, 137
Trd, 4319877.993, 87
Trd, 4319878.393, 126
Trd, 4319879.993, 121
Trd, 4319880.343, 106
Trd, 4319880.943, 127
Trd, 4319881.093, 95
Trd, 4319881.693, 126
Trd, 4319882.493, 85
Trd, 4319882.593, 97
Trd, 4319883.243, 98
Trd, 4319884.643, 124
Trd, 4319886.793, 134
Trd, 4319887.943, 125
Trd, 4319888.043, 112
Trd, 4319888.393, 85
Trd, 4319889.143, 133
Trd, 4319889.393, 111
Trd, 4319891.743, 122
Trd, 4319891.893, 101
Trd, 4319892.343, 117
Trd, 4319892.793, 133
Trd, 4319893.843, 109
Trd, 4319894.243, 88
Trd, 4319894.643, 71
Trd, 4319895.493, 76
Trd, 4319897.093, 111
Trd, 4319897.693, 85
Trd, 4319898.493, 105
Trd, 4319899.143, 92
Trd, 4319899.293, 112
Trd, 4319900.043, 112
Trd, 4319900.893, 115
Trd, 4319901.443, 135
Trd, 4319901.643, 104
Trd, 4319902.093, 82
Trd, 4319903.443, 132
Trd, 4319903.593, 88
Trd, 4319903.693, 78
Trd, 4319905.893, 80
Trd, 4319906.193, 112
Trd, 4319907.943, 96
Trd, 4319908.243, 119
Trd, 4319908.693, 112
Trd, 4319910.593, 107
Trd, 4319912.043, 106
Trd, 4319912.243, 123
Trd, 4319912.743, 110
Trd, 4319913.393, 93
Trd, 4319913.593, 77
Trd, 4319914.393, 107
Trd, 4319914.443, 114
Trd, 4319915.643, 80
Trd, 4319917.143, 72
Trd, 4319917.793, 76
Trd, 4319918.093, 111
Trd, 4319918.493, 108
Trd, 4319919.393, 116
Trd, 4319919.493, 120
Trd, 4319919.793, 114
Trd, 4319920.893, 110
Trd, 4319922.643, 129
Trd, 4319922.793, 85
Trd, 4319926.143, 117
Trd, 4319926.293, 83
Trd, 4319926.793, 76
Trd, 4319927.643, 118
Trd, 4319927.993, 72
Trd, 4319929.443, 117
Trd, 4319930.943, 66
Trd, 4319931.393, 109
Trd, 4319931.543, 100
Trd, 4319933.943, 136
Trd, 4319935.693, 111
Trd, 4319935.993, 119
Trd, 4319936.743, 91
Trd, 4319938.443, 118
Trd, 4319938.593, 112
Trd, 4319939.393, 138
Trd, 4319940.143, 131
Trd, 4319940.743, 132
Trd, 4319940.843, 131
Trd, 4319941.593, 115
Trd, 4319941.693, 98
Trd, 4319942.993, 122
Trd, 4319943.393, 136
Trd, 4319943.693, 114
Trd, 4319944.193, 129
Trd, 4319945.393, 78
Trd, 4319946.143, 82
Trd, 4319946.643, 81
Trd, 4319949.193, 112
Trd, 4319949.293, 100
Trd, 4319949.493, 79
Trd, 4319950.393, 99
Trd, 4319950.743, 76
Trd, 4319950.843, 79
Trd, 4319951.793, 60
Trd, 4319952.593, 97
Trd, 4319954.093, 81
Trd, 4319954.693, 106
Trd, 4319955.143, 111
Trd, 4319955.493, 116
Trd, 4319956.993, 101
Trd, 4319957.743, 128
Trd, 4319958.943, 127
Trd, 4319959.193, 129
Trd, 4319959.743, 125
Trd, 4319959.793, 86
Trd, 4319960.343, 88
Trd, 4319961.943, 63
Trd, 4319962.543, 64
Trd, 4319963.293, 125
Trd, 4319963.993, 99
Trd, 4319964.993, 109
Trd, 4319966.293, 125
Trd, 4319967.443, 121
Trd, 4319967.993, 94
Trd, 4319968.693, 105
Trd, 4319969.043, 101
Trd, 4319969.193, 81
Trd, 4319969.793, 132
Trd, 4319970.593, 91
Trd, 4319971.543, 91
Trd, 4319971.593, 99
Trd, 4319972.443, 67
Trd, 4319973.193, 100
Trd, 4319973.493, 98
Trd, 4319974.943, 131
Trd, 4319976.643, 117
Trd, 4319977.743, 119
Trd, 4319977.893, 101
Trd, 4319979.293, 95
Trd, 4319979.893, 104
Trd, 4319980.693, 92
Trd, 4319980.793, 98
Trd, 4319981.443, 96
Trd, 4319981.643, 94
Trd, 4319982.243, 80
Trd, 4319982.893, 82
Trd, 4319983.993, 114
Trd, 4319985.393, 115
Trd, 4319985.643, 105
Trd, 4319986.093, 102
Trd, 4319986.193, 110
Trd, 4319988.943, 139
Trd, 4319989.393, 130
Trd, 4319990.643, 136
Trd, 4319990.993, 134
Trd, 4319991.093, 134
Trd, 4319991.543, 128
Trd, 4319992.143, 126
Trd, 4319992.593, 111
Trd, 4319993.243, 134
Trd, 4319993.693, 86
Trd, 4319994.993, 89
Trd, 4319995.793, 89
Trd, 4319995.893, 121
Trd, 4319996.693, 127
Trd, 4319998.343, 119
Trd, 4319999.243, 114
Trd, 4319999.693, 137
