Trd, 4318132.193, 98
Trd, 4318132.393, 109
Trd, 4318132.693, 92
Trd, 4318134.143, 67
Trd, 4318134.743, 139
Trd, 4318134.893, 62
Trd, 4318139.143, 140
Trd, 4318139.193, 140
Trd, 4318139.393, 140
Trd, 4318139.443, 140
Trd, 4318140.043, 140
Trd, 4318140.193, 131
Trd, 4318140.393, 140
Trd, 4318141.143, 93
Trd, 4318141.893, 140
Trd, 4318142.793, 139
Trd, 4318143.093, 113
Trd, 4318143.793, 108
Trd, 4318145.443, 140
Trd, 4318145.693, 118
Trd, 4318146.543, 138
Trd, 4318147.543, 140
Trd, 4318149.243, 140
Trd, 4318150.193, 140
Trd, 4318150.393, 140
Trd, 4318151.993, 140
Trd, 4318152.043, 140
Trd, 4318152.993, 139
Trd, 4318154.693, 140
Trd, 4318154.993, 140
Trd, 4318155.293, 140
Trd, 4318155.843, 140
Trd, 4318156.893, 140
Trd, 4318156.993, 140
Trd, 4318157.593, 107
Trd, 4318159.393, 139
Trd, 4318160.043, 140
Trd, 4318160.343, 139
Trd, 4318160.943, 140
Trd, 4318161.943, 140
Trd, 4318162.243, 140
Trd, 4318162.543, 136
Trd, 4318163.143, 140
Trd, 4318163.743, 81
Trd, 4318165.443, 96
Trd, 4318166.943, 140
Trd, 4318167.193, 139
Trd, 4318168.093, 60
Trd, 4318168.243, 68
Trd, 4318168.393, 69
Trd, 4318169.793, 140
Trd, 4318170.143, 140
Trd, 4318170.343, 140
Trd, 4318171.193, 120
Trd, 4318171.893, 140
Trd, 4318171.993, 140
Trd, 4318172.593, 140
Trd, 4318172.643, 138
Trd, 4318173.993, 60
Trd, 4318174.193, 60
Trd, 4318174.893, 62
Trd, 4318174.993, 60
Trd, 4318176.343, 60
Trd, 4318176.443, 61
Trd, 4318176.693, 62
Trd, 4318178.693, 105
Trd, 4318178.793, 133
Trd, 4318179.743, 139
Trd, 4318179.993, 103
Trd, 4318180.843, 136
Trd, 4318181.143, 139
Trd, 4318181.793, 97
Trd, 4318181.993, 89
Trd, 4318183.393, 140
Trd, 4318183.793, 140
Trd, 4318184.743, 139
Trd, 4318184.893, 104
Trd, 4318185.543, 76
Trd, 4318186.643, 115
Trd, 4318186.843, 60
Trd, 4318187.893, 64
Trd, 4318189.243, 140
Trd, 4318189.293, 140
Trd, 4318189.493, 139
Trd, 4318191.143, 90
Trd, 4318191.343, 77
Trd, 4318192.343, 140
Trd, 4318192.743, 140
Trd, 4318193.893, 140
Trd, 4318194.743, 140
Trd, 4318195.393, 140
Trd, 4318195.943, 125
Trd, 4318196.443, 140
Trd, 4318198.443, 140
Trd, 4318198.543, 140
Trd, 4318199.543, 140
Trd, 4318199.643, 140
Trd, 4318199.943, 139
Trd, 4318200.593, 140
Trd, 4318201.993, 140
Trd, 4318202.193, 140
Trd, 4318202.343, 140
Trd, 4318202.493, 138
Trd, 4318203.293, 140
Trd, 4318204.793, 140
Trd, 4318204.993, 140
Trd, 4318206.743, 140
Trd, 4318206.893, 140
Trd, 4318207.493, 137
Trd, 4318208.443, 137
Trd, 4318209.043, 122
Trd, 4318209.393, 140
Trd, 4318209.443, 137
Trd, 4318209.793, 140
Trd, 4318211.793, 107
Trd, 4318212.093, 105
Trd, 4318212.293, 112
Trd, 4318213.793, 138
Trd, 4318213.843, 136
Trd, 4318214.543, 140
Trd, 4318216.293, 140
Trd, 4318216.993, 140
Trd, 4318217.393, 140
Trd, 4318218.243, 135
Trd, 4318218.443, 140
Trd, 4318219.643, 140
Trd, 4318220.243, 139
Trd, 4318220.843, 139
Trd, 4318221.443, 75
Trd, 4318222.443, 137
Trd, 4318222.893, 139
Trd, 4318222.943, 138
Trd, 4318225.143, 140
Trd, 4318226.293, 140
Trd, 4318226.493, 140
Trd, 4318227.393, 140
Trd, 4318228.443, 140
Trd, 4318229.443, 140
Trd, 4318229.593, 139
Trd, 4318231.593, 140
Trd, 4318232.093, 140
Trd, 4318232.393, 140
Trd, 4318232.843, 140
Trd, 4318233.993, 140
Trd, 4318234.293, 140
Trd, 4318235.093, 140
Trd, 4318235.293, 140
Trd, 4318236.043, 140
Trd, 4318237.443, 139
Trd, 4318237.943, 140
Trd, 4318238.043, 109
Trd, 4318239.393, 140
Trd, 4318239.943, 137
Trd, 4318240.043, 106
Trd, 4318240.093, 95
Trd, 4318241.343, 140
Trd, 4318241.443, 139
Trd, 4318241.693, 114
Trd, 4318243.043, 140
Trd, 4318244.593, 140
Trd, 4318244.943, 140
Trd, 4318246.543, 140
Trd, 4318246.643, 139
Trd, 4318246.793, 138
Trd, 4318247.443, 140
Trd, 4318248.143, 140
Trd, 4318249.093, 139
Trd, 4318249.543, 140
Trd, 4318249.693, 122
Trd, 4318249.793, 108
Trd, 4318250.243, 86
Trd, 4318251.143, 138
Trd, 4318252.643, 140
Trd, 4318253.343, 140
Trd, 4318253.393, 140
Trd, 4318253.543, 138
Trd, 4318254.343, 139
Trd, 4318256.843, 140
Trd, 4318258.393, 140
Trd, 4318258.893, 140
Trd, 4318259.493, 139
Trd, 4318259.543, 138
Trd, 4318260.043, 122
Trd, 4318260.543, 114
Trd, 4318261.743, 140
Trd, 4318261.893, 140
Trd, 4318262.593, 140
Trd, 4318264.393, 140
Trd, 4318264.693, 130
Trd, 4318264.943, 100
Trd, 4318265.043, 65
Trd, 4318266.093, 60
Trd, 4318267.093, 140
Trd, 4318267.593, 140
Trd, 4318268.693, 140
Trd, 4318269.593, 139
Trd, 4318269.693, 138
Trd, 4318270.043, 103
Trd, 4318270.893, 61
Trd, 4318272.493, 140
Trd, 4318273.393, 140
Trd, 4318273.993, 140
Trd, 4318274.693, 140
Trd, 4318275.543, 140
Trd, 4318277.243, 140
Trd, 4318278.443, 140
Trd, 4318278.593, 139
Trd, 4318278.693, 139
Trd, 4318278.793, 139
Trd, 4318279.093, 84
Trd, 4318279.993, 60
Trd, 4318280.343, 61
Trd, 4318280.993, 78
Trd, 4318281.743, 64
Trd, 4318282.293, 77
Trd, 4318282.943, 61
Trd, 4318283.843, 140
Trd, 4318284.593, 140
Trd, 4318285.293, 140
Trd, 4318286.043, 140
Trd, 4318286.293, 140
Trd, 4318286.943, 140
Trd, 4318287.493, 140
Trd, 4318288.493, 140
Trd, 4318289.193, 140
Trd, 4318290.743, 140
Trd, 4318291.343, 140
Trd, 4318292.793, 140
Trd, 4318293.193, 140
Trd, 4318293.393, 140
Trd, 4318293.693, 136
Trd, 4318294.993, 140
Trd, 4318296.043, 140
Trd, 4318296.543, 132
Trd, 4318297.943, 140
Trd, 4318298.093, 140
Trd, 4318299.193, 140
Trd, 4318300.493, 139
Trd, 4318300.693, 139
Trd, 4318301.543, 139
Trd, 4318301.843, 90
Trd, 4318302.143, 68
Trd, 4318302.543, 68
Trd, 4318302.743, 69
Trd, 4318303.443, 60
Trd, 4318303.893, 61
Trd, 4318304.943, 60
Trd, 4318305.443, 64
Trd, 4318307.043, 60
Trd, 4318307.793, 60
Trd, 4318308.143, 66
Trd, 4318308.443, 60
Trd, 4318309.243, 60
Trd, 4318309.593, 60
Trd, 4318309.943, 60
Trd, 4318310.793, 64
Trd, 4318311.293, 66
Trd, 4318312.993, 60
Trd, 4318313.993, 60
Trd, 4318314.093, 62
Trd, 4318314.543, 65
Trd, 4318315.493, 75
Trd, 4318316.843, 60
Trd, 4318319.193, 61
Trd, 4318319.293, 61
Trd, 4318320.693, 64
Trd, 4318320.893, 68
Trd, 4318321.743, 60
Trd, 4318321.943, 60
Trd, 4318322.693, 60
Trd, 4318323.143, 62
Trd, 4318324.443, 60
Trd, 4318325.293, 60
Trd, 4318325.343, 60
Trd, 4318326.093, 62
Trd, 4318326.843, 66
Trd, 4318327.343, 70
Trd, 4318328.143, 68
Trd, 4318328.793, 120
Trd, 4318329.193, 140
Trd, 4318329.743, 140
Trd, 4318329.793, 119
Trd, 4318329.843, 102
Trd, 4318331.293, 61
Trd, 4318332.843, 60
Trd, 4318333.893, 60
Trd, 4318334.043, 60
Trd, 4318334.943, 62
Trd, 4318335.593, 60
Trd, 4318335.843, 61
Trd, 4318336.293, 61
Trd, 4318337.193, 63
Trd, 4318337.543, 69
Trd, 4318338.093, 69
Trd, 4318338.643, 61
Trd, 4318340.493, 60
Trd, 4318341.793, 60
Trd, 4318343.193, 60
Trd, 4318343.493, 60
Trd, 4318343.743, 61
Trd, 4318344.343, 65
Trd, 4318345.093, 67
Trd, 4318345.343, 72
Trd, 4318346.093, 62
Trd, 4318347.093, 60
Trd, 4318347.343, 69
Trd, 4318348.443, 61
Trd, 4318348.893, 60
Trd, 4318349.193, 98
Trd, 4318350.143, 63
Trd, 4318352.393, 60
Trd, 4318352.493, 60
Trd, 4318352.593, 62
Trd, 4318352.843, 61
Trd, 4318353.043, 63
Trd, 4318354.293, 75
Trd, 4318354.893, 78
Trd, 4318355.543, 63
Trd, 4318356.193, 140
Trd, 4318356.643, 140
Trd, 4318356.693, 140
Trd, 4318357.693, 140
Trd, 4318357.843, 139
Trd, 4318358.043, 113
Trd, 4318359.593, 140
Trd, 4318359.943, 137
Trd, 4318360.293, 60
Trd, 4318361.043, 61
Trd, 4318361.093, 63
Trd, 4318362.593, 60
Trd, 4318363.343, 60
Trd, 4318365.343, 63
Trd, 4318366.343, 63
Trd, 4318367.043, 62
Trd, 4318367.293, 60
Trd, 4318367.893, 61
Trd, 4318368.093, 61
Trd, 4318368.543, 72
Trd, 4318368.743, 77
Trd, 4318369.143, 77
Trd, 4318370.093, 69
Trd, 4318370.443, 138
Trd, 4318370.893, 140
Trd, 4318371.293, 140
Trd, 4318371.593, 135
Trd, 4318372.893, 60
Trd, 4318373.043, 60
Trd, 4318373.593, 62
Trd, 4318374.043, 140
Trd, 4318375.643, 140
Trd, 4318375.993, 140
Trd, 4318376.543, 140
Trd, 4318377.743, 140
Trd, 4318378.643, 140
Trd, 4318379.143, 140
Trd, 4318379.443, 129
Trd, 4318379.643, 139
Trd, 4318380.343, 140
Trd, 4318381.093, 139
Trd, 4318382.943, 61
Trd, 4318383.693, 75
Trd, 4318383.793, 73
Trd, 4318384.043, 72
Trd, 4318384.143, 71
Trd, 4318385.243, 140
Trd, 4318386.443, 136
Trd, 4318388.193, 140
Trd, 4318388.893, 139
Trd, 4318388.993, 138
Trd, 4318389.493, 140
Trd, 4318389.743, 137
Trd, 4318390.293, 121
Trd, 4318392.543, 140
Trd, 4318392.893, 140
Trd, 4318393.243, 140
Trd, 4318393.643, 139
Trd, 4318394.143, 140
Trd, 4318395.293, 140
Trd, 4318395.993, 140
Trd, 4318396.543, 105
Trd, 4318397.343, 140
Trd, 4318398.593, 140
Trd, 4318399.443, 140
Trd, 4318400.043, 140
Trd, 4318400.193, 140
Trd, 4318400.793, 140
Trd, 4318401.643, 136
Trd, 4318401.793, 137
Trd, 4318402.543, 62
Trd, 4318404.043, 140
Trd, 4318405.043, 140
Trd, 4318405.493, 137
Trd, 4318405.593, 97
Trd, 4318406.443, 80
Trd, 4318407.893, 140
Trd, 4318408.293, 140
Trd, 4318409.393, 140
Trd, 4318409.593, 140
Trd, 4318410.343, 140
Trd, 4318411.593, 140
Trd, 4318412.893, 140
Trd, 4318414.043, 140
Trd, 4318414.193, 140
Trd, 4318414.343, 140
Trd, 4318414.543, 140
Trd, 4318415.593, 131
Trd, 4318416.243, 123
Trd, 4318417.443, 140
Trd, 4318418.193, 131
Trd, 4318418.343, 116
Trd, 4318419.843, 140
Trd, 4318421.493, 139
Trd, 4318421.693, 139
Trd, 4318422.693, 140
Trd, 4318424.943, 140
Trd, 4318425.043, 138
Trd, 4318425.293, 140
Trd, 4318425.693, 140
Trd, 4318426.243, 69
Trd, 4318427.043, 132
Trd, 4318427.793, 139
Trd, 4318428.643, 62
Trd, 4318430.043, 138
Trd, 4318430.293, 140
Trd, 4318430.593, 139
Trd, 4318431.593, 138
Trd, 4318432.043, 78
Trd, 4318434.293, 140
Trd, 4318434.343, 140
Trd, 4318434.843, 113
Trd, 4318435.293, 140
Trd, 4318435.843, 90
Trd, 4318437.393, 139
Trd, 4318437.943, 140
Trd, 4318438.743, 107
Trd, 4318438.943, 109
Trd, 4318439.593, 138
Trd, 4318441.993, 140
Trd, 4318443.093, 140
Trd, 4318443.243, 140
Trd, 4318443.543, 140
Trd, 4318444.593, 140
Trd, 4318445.243, 60
Trd, 4318445.343, 61
Trd, 4318445.493, 79
Trd, 4318447.443, 73
Trd, 4318447.743, 111
Trd, 4318447.793, 110
Trd, 4318448.093, 63
Trd, 4318448.943, 123
Trd, 4318449.043, 63
Trd, 4318449.943, 124
Trd, 4318451.343, 140
Trd, 4318452.193, 61
Trd, 4318454.443, 60
Trd, 4318455.093, 60
Trd, 4318455.393, 60
Trd, 4318455.643, 61
Trd, 4318455.693, 63
Trd, 4318455.943, 69
Trd, 4318457.593, 61
Trd, 4318457.643, 63
Trd, 4318457.893, 60
Trd, 4318458.793, 60
Trd, 4318459.593, 60
Trd, 4318460.093, 60
Trd, 4318462.443, 61
Trd, 4318462.743, 62
Trd, 4318463.793, 61
Trd, 4318464.193, 62
Trd, 4318464.943, 63
Trd, 4318465.093, 63
Trd, 4318465.243, 65
Trd, 4318465.693, 69
Trd, 4318467.493, 73
Trd, 4318468.493, 74
Trd, 4318468.693, 73
Trd, 4318469.393, 73
Trd, 4318469.493, 76
Trd, 4318470.393, 65
Trd, 4318470.793, 110
Trd, 4318471.393, 137
Trd, 4318471.643, 75
Trd, 4318471.693, 72
Trd, 4318473.043, 140
Trd, 4318473.243, 140
Trd, 4318474.243, 84
Trd, 4318474.993, 72
Trd, 4318475.693, 74
Trd, 4318477.543, 60
Trd, 4318478.143, 62
Trd, 4318479.043, 62
Trd, 4318480.293, 63
Trd, 4318480.843, 60
Trd, 4318480.943, 64
Trd, 4318482.193, 64
Trd, 4318483.593, 60
Trd, 4318483.793, 63
Trd, 4318484.393, 60
Trd, 4318484.443, 60
Trd, 4318484.593, 67
Trd, 4318485.643, 60
Trd, 4318485.893, 61
Trd, 4318486.193, 61
Trd, 4318486.843, 140
Trd, 4318487.393, 134
Trd, 4318488.143, 79
Trd, 4318488.893, 140
Trd, 4318489.543, 63
Trd, 4318490.593, 140
Trd, 4318490.893, 140
Trd, 4318491.093, 85
Trd, 4318491.643, 138
Trd, 4318491.843, 63
Trd, 4318492.593, 65
Trd, 4318493.443, 63
Trd, 4318493.793, 61
Trd, 4318494.743, 60
Trd, 4318495.043, 64
Trd, 4318496.043, 62
Trd, 4318496.643, 64
Trd, 4318497.643, 64
Trd, 4318497.693, 65
Trd, 4318498.093, 64
Trd, 4318499.893, 140
Trd, 4318501.043, 140
Trd, 4318501.543, 140
Trd, 4318501.693, 140
Trd, 4318502.743, 139
Trd, 4318502.793, 139
Trd, 4318503.043, 126
Trd, 4318503.743, 63
Trd, 4318504.143, 65
Trd, 4318504.393, 66
Trd, 4318504.993, 107
Trd, 4318506.193, 60
Trd, 4318506.643, 60
Trd, 4318508.143, 60
Trd, 4318509.743, 60
Trd, 4318509.843, 60
Trd, 4318510.393, 60
Trd, 4318510.843, 60
Trd, 4318511.143, 61
Trd, 4318511.243, 70
Trd, 4318511.743, 114
Trd, 4318512.643, 139
Trd, 4318515.093, 140
Trd, 4318515.143, 140
Trd, 4318515.543, 139
Trd, 4318516.493, 140
Trd, 4318516.543, 138
Trd, 4318516.893, 138
Trd, 4318516.943, 91
Trd, 4318517.443, 85
Trd, 4318518.893, 139
Trd, 4318519.093, 135
Trd, 4318519.793, 140
Trd, 4318521.243, 140
Trd, 4318521.443, 140
Trd, 4318523.193, 118
Trd, 4318525.193, 140
Trd, 4318525.843, 140
Trd, 4318526.143, 140
Trd, 4318526.193, 139
Trd, 4318526.693, 139
Trd, 4318527.293, 140
Trd, 4318528.043, 139
Trd, 4318529.693, 140
Trd, 4318530.193, 140
Trd, 4318530.593, 140
Trd, 4318531.093, 139
Trd, 4318532.643, 140
Trd, 4318532.943, 140
Trd, 4318533.693, 140
Trd, 4318533.793, 140
Trd, 4318533.843, 139
Trd, 4318534.793, 139
Trd, 4318535.493, 103
Trd, 4318535.943, 97
Trd, 4318536.743, 140
Trd, 4318537.643, 140
Trd, 4318538.293, 139
Trd, 4318539.993, 140
Trd, 4318540.793, 140
Trd, 4318541.243, 140
Trd, 4318541.643, 140
Trd, 4318541.793, 102
Trd, 4318542.693, 140
Trd, 4318543.243, 140
Trd, 4318544.243, 140
Trd, 4318544.493, 139
Trd, 4318545.293, 140
Trd, 4318545.393, 105
Trd, 4318546.293, 138
Trd, 4318546.393, 130
Trd, 4318548.443, 140
Trd, 4318549.243, 140
Trd, 4318549.793, 140
Trd, 4318549.843, 139
Trd, 4318551.043, 135
Trd, 4318551.493, 138
Trd, 4318551.693, 129
Trd, 4318551.893, 127
Trd, 4318552.043, 139
Trd, 4318553.943, 140
Trd, 4318554.043, 107
Trd, 4318554.643, 140
Trd, 4318556.093, 115
Trd, 4318556.143, 91
Trd, 4318556.443, 73
Trd, 4318557.093, 139
Trd, 4318557.543, 140
Trd, 4318558.393, 140
Trd, 4318558.643, 92
Trd, 4318559.743, 140
Trd, 4318561.743, 140
Trd, 4318561.843, 140
Trd, 4318561.893, 139
Trd, 4318563.943, 125
Trd, 4318565.443, 140
Trd, 4318565.593, 90
Trd, 4318566.993, 121
Trd, 4318567.093, 140
Trd, 4318567.393, 89
Trd, 4318567.493, 61
Trd, 4318567.743, 140
Trd, 4318568.793, 140
Trd, 4318569.093, 64
Trd, 4318570.743, 140
Trd, 4318571.693, 140
Trd, 4318571.943, 137
Trd, 4318572.643, 119
Trd, 4318572.693, 101
Trd, 4318573.043, 63
Trd, 4318573.293, 106
Trd, 4318574.693, 140
Trd, 4318575.993, 140
Trd, 4318576.493, 140
Trd, 4318577.243, 140
Trd, 4318577.443, 139
Trd, 4318579.193, 138
Trd, 4318580.743, 140
Trd, 4318581.193, 140
Trd, 4318581.493, 140
Trd, 4318582.043, 140
Trd, 4318582.593, 93
Trd, 4318584.943, 140
Trd, 4318586.793, 140
Trd, 4318586.843, 140
Trd, 4318587.243, 140
Trd, 4318587.343, 140
Trd, 4318587.793, 140
Trd, 4318587.993, 140
Trd, 4318588.593, 75
Trd, 4318589.343, 138
Trd, 4318589.593, 76
Trd, 4318590.693, 125
Trd, 4318591.843, 104
Trd, 4318592.243, 139
Trd, 4318592.843, 140
Trd, 4318593.143, 107
Trd, 4318593.943, 72
Trd, 4318595.593, 140
Trd, 4318595.643, 139
Trd, 4318597.093, 140
Trd, 4318598.193, 140
Trd, 4318598.293, 140
Trd, 4318598.743, 138
Trd, 4318599.293, 140
Trd, 4318600.343, 140
Trd, 4318600.643, 140
Trd, 4318600.743, 104
Trd, 4318601.343, 67
Trd, 4318601.643, 123
Trd, 4318603.043, 65
Trd, 4318603.943, 83
Trd, 4318605.193, 60
Trd, 4318605.343, 69
Trd, 4318605.843, 68
Trd, 4318606.293, 70
Trd, 4318607.043, 139
Trd, 4318608.743, 60
Trd, 4318608.793, 66
Trd, 4318609.443, 63
Trd, 4318611.643, 60
Trd, 4318611.743, 60
Trd, 4318612.493, 63
Trd, 4318613.743, 65
Trd, 4318613.793, 64
Trd, 4318614.193, 63
Trd, 4318614.393, 62
Trd, 4318615.593, 70
Trd, 4318615.743, 106
Trd, 4318615.943, 86
Trd, 4318616.693, 80
Trd, 4318617.843, 140
Trd, 4318617.893, 140
Trd, 4318618.443, 140
Trd, 4318618.593, 139
Trd, 4318621.193, 60
Trd, 4318621.293, 60
Trd, 4318621.893, 60
Trd, 4318622.443, 60
Trd, 4318623.093, 64
Trd, 4318623.143, 69
Trd, 4318624.093, 62
Trd, 4318625.443, 64
Trd, 4318627.693, 60
Trd, 4318627.893, 61
Trd, 4318629.043, 60
Trd, 4318629.143, 60
Trd, 4318629.443, 61
Trd, 4318631.643, 61
Trd, 4318632.343, 61
Trd, 4318632.393, 63
Trd, 4318633.343, 60
Trd, 4318634.143, 60
Trd, 4318635.343, 60
Trd, 4318635.843, 60
Trd, 4318636.043, 61
Trd, 4318636.343, 65
Trd, 4318637.093, 61
Trd, 4318637.693, 61
Trd, 4318638.343, 62
Trd, 4318638.743, 64
Trd, 4318639.443, 61
Trd, 4318639.743, 61
Trd, 4318640.043, 62
Trd, 4318641.393, 140
Trd, 4318642.743, 140
Trd, 4318643.243, 137
Trd, 4318644.093, 140
Trd, 4318644.393, 140
Trd, 4318644.743, 137
Trd, 4318644.793, 134
Trd, 4318645.693, 134
Trd, 4318646.693, 137
Trd, 4318646.843, 139
Trd, 4318647.193, 60
Trd, 4318647.593, 60
Trd, 4318647.943, 62
Trd, 4318648.943, 60
Trd, 4318649.793, 62
Trd, 4318650.593, 137
Trd, 4318651.193, 106
Trd, 4318652.493, 140
Trd, 4318653.193, 78
Trd, 4318653.293, 77
Trd, 4318653.493, 72
Trd, 4318654.243, 66
Trd, 4318654.443, 66
Trd, 4318655.893, 132
Trd, 4318657.493, 139
Trd, 4318658.443, 140
Trd, 4318659.043, 140
Trd, 4318659.193, 139
Trd, 4318659.993, 140
Trd, 4318660.143, 132
Trd, 4318660.843, 110
Trd, 4318661.193, 138
Trd, 4318663.143, 140
Trd, 4318664.093, 140
Trd, 4318664.393, 137
Trd, 4318664.443, 135
Trd, 4318667.143, 140
Trd, 4318667.243, 140
Trd, 4318667.993, 140
Trd, 4318669.893, 140
Trd, 4318670.043, 140
Trd, 4318670.393, 137
Trd, 4318671.593, 92
Trd, 4318672.793, 135
Trd, 4318673.043, 72
Trd, 4318673.543, 69
Trd, 4318673.793, 70
Trd, 4318673.993, 108
Trd, 4318674.543, 63
Trd, 4318675.393, 63
Trd, 4318676.093, 140
Trd, 4318677.893, 60
Trd, 4318678.993, 60
Trd, 4318679.243, 61
Trd, 4318679.643, 60
Trd, 4318680.193, 60
Trd, 4318680.593, 61
Trd, 4318680.643, 64
Trd, 4318680.893, 60
Trd, 4318681.293, 81
Trd, 4318682.243, 140
Trd, 4318683.143, 77
Trd, 4318683.393, 70
Trd, 4318685.443, 99
Trd, 4318685.743, 104
Trd, 4318685.793, 72
Trd, 4318685.943, 139
Trd, 4318686.293, 60
Trd, 4318686.393, 62
Trd, 4318688.943, 62
Trd, 4318689.493, 62
Trd, 4318690.393, 61
Trd, 4318692.493, 60
Trd, 4318693.393, 60
Trd, 4318693.843, 62
Trd, 4318694.443, 64
Trd, 4318694.793, 63
Trd, 4318694.943, 66
Trd, 4318694.993, 68
Trd, 4318695.393, 63
Trd, 4318695.543, 65
Trd, 4318695.843, 62
Trd, 4318695.893, 122
Trd, 4318696.893, 140
Trd, 4318697.443, 122
Trd, 4318697.743, 138
Trd, 4318698.993, 140
Trd, 4318699.843, 60
Trd, 4318701.343, 61
Trd, 4318701.643, 63
Trd, 4318702.893, 60
Trd, 4318703.493, 60
Trd, 4318703.593, 60
Trd, 4318703.643, 67
Trd, 4318703.993, 67
Trd, 4318705.343, 60
Trd, 4318705.443, 65
Trd, 4318706.493, 62
Trd, 4318706.943, 62
Trd, 4318707.143, 60
Trd, 4318708.143, 63
Trd, 4318709.143, 63
Trd, 4318709.343, 63
Trd, 4318709.993, 61
Trd, 4318711.093, 71
Trd, 4318711.693, 60
Trd, 4318712.293, 60
Trd, 4318712.993, 60
Trd, 4318713.243, 60
Trd, 4318713.293, 64
Trd, 4318714.543, 65
Trd, 4318715.443, 61
Trd, 4318716.543, 78
Trd, 4318716.693, 94
Trd, 4318716.943, 64
Trd, 4318717.043, 61
Trd, 4318717.493, 63
Trd, 4318718.443, 60
Trd, 4318719.993, 139
Trd, 4318721.743, 60
Trd, 4318722.443, 60
Trd, 4318723.243, 62
Trd, 4318723.843, 62
Trd, 4318724.293, 69
Trd, 4318725.243, 140
Trd, 4318725.443, 140
Trd, 4318725.843, 140
Trd, 4318726.193, 131
Trd, 4318726.643, 98
Trd, 4318726.693, 68
Trd, 4318727.343, 139
Trd, 4318728.043, 63
Trd, 4318729.893, 140
Trd, 4318730.843, 140
Trd, 4318730.943, 140
Trd, 4318731.993, 140
Trd, 4318732.593, 140
Trd, 4318734.293, 140
Trd, 4318734.593, 140
Trd, 4318734.643, 140
Trd, 4318734.843, 138
Trd, 4318735.593, 140
Trd, 4318735.693, 136
Trd, 4318736.493, 137
Trd, 4318738.193, 140
Trd, 4318738.243, 139
Trd, 4318738.943, 74
Trd, 4318739.643, 134
Trd, 4318740.043, 90
Trd, 4318740.593, 60
Trd, 4318741.143, 64
Trd, 4318741.443, 66
Trd, 4318742.143, 62
Trd, 4318742.243, 67
Trd, 4318742.893, 140
Trd, 4318743.643, 140
Trd, 4318745.043, 139
Trd, 4318745.193, 99
Trd, 4318746.143, 139
Trd, 4318746.443, 73
Trd, 4318749.143, 140
Trd, 4318749.243, 140
Trd, 4318749.743, 140
Trd, 4318750.943, 140
Trd, 4318751.293, 140
Trd, 4318751.393, 140
Trd, 4318752.093, 140
Trd, 4318752.393, 138
Trd, 4318752.493, 137
Trd, 4318753.343, 97
Trd, 4318753.843, 82
Trd, 4318754.943, 84
Trd, 4318755.593, 114
Trd, 4318755.893, 92
Trd, 4318757.093, 140
Trd, 4318758.243, 140
Trd, 4318758.343, 138
Trd, 4318758.543, 139
Trd, 4318759.293, 97
Trd, 4318760.593, 67
Trd, 4318761.693, 134
Trd, 4318761.843, 83
Trd, 4318762.243, 139
Trd, 4318763.143, 89
Trd, 4318763.543, 88
Trd, 4318764.843, 140
Trd, 4318765.443, 140
Trd, 4318766.393, 140
Trd, 4318766.443, 138
Trd, 4318768.343, 140
Trd, 4318768.843, 140
Trd, 4318769.593, 140
Trd, 4318770.343, 140
Trd, 4318771.743, 140
Trd, 4318772.143, 140
Trd, 4318772.543, 139
Trd, 4318773.243, 140
Trd, 4318773.643, 120
Trd, 4318774.843, 139
Trd, 4318775.793, 140
Trd, 4318776.193, 139
Trd, 4318776.743, 140
Trd, 4318777.943, 140
Trd, 4318779.543, 126
Trd, 4318779.993, 124
Trd, 4318780.443, 86
Trd, 4318780.593, 75
Trd, 4318781.343, 140
Trd, 4318782.593, 139
Trd, 4318782.743, 120
Trd, 4318782.793, 119
Trd, 4318784.143, 126
Trd, 4318784.943, 140
Trd, 4318785.143, 139
Trd, 4318785.993, 126
Trd, 4318786.693, 140
Trd, 4318787.893, 140
Trd, 4318788.893, 140
Trd, 4318789.043, 140
Trd, 4318789.243, 95
Trd, 4318789.293, 137
Trd, 4318789.893, 137
Trd, 4318790.493, 107
Trd, 4318792.243, 140
Trd, 4318792.643, 140
Trd, 4318792.843, 139
Trd, 4318792.893, 138
Trd, 4318793.543, 66
Trd, 4318794.743, 138
Trd, 4318795.543, 140
Trd, 4318797.493, 140
Trd, 4318797.643, 140
Trd, 4318797.693, 140
Trd, 4318799.843, 140
Trd, 4318800.043, 140
Trd, 4318800.543, 140
Trd, 4318801.193, 140
Trd, 4318801.993, 140
Trd, 4318802.243, 139
Trd, 4318802.643, 118
Trd, 4318802.993, 139
Trd, 4318804.693, 140
Trd, 4318804.793, 139
Trd, 4318805.543, 122
Trd, 4318806.293, 73
Trd, 4318806.793, 72
Trd, 4318807.293, 139
Trd, 4318807.993, 88
Trd, 4318808.193, 139
Trd, 4318809.643, 139
Trd, 4318810.043, 139
Trd, 4318810.843, 137
Trd, 4318811.293, 100
Trd, 4318812.393, 100
Trd, 4318812.793, 100
Trd, 4318813.443, 60
Trd, 4318813.593, 60
Trd, 4318813.793, 67
Trd, 4318814.543, 70
Trd, 4318815.143, 60
Trd, 4318816.093, 60
Trd, 4318816.643, 60
Trd, 4318816.993, 60
Trd, 4318817.943, 60
Trd, 4318818.293, 60
Trd, 4318820.243, 60
Trd, 4318820.693, 61
Trd, 4318821.243, 63
Trd, 4318821.343, 60
Trd, 4318822.493, 60
Trd, 4318823.393, 60
Trd, 4318823.743, 60
Trd, 4318823.943, 62
Trd, 4318825.993, 62
Trd, 4318826.893, 61
Trd, 4318827.143, 63
Trd, 4318827.343, 63
Trd, 4318828.343, 62
Trd, 4318829.743, 61
Trd, 4318829.993, 60
Trd, 4318830.293, 61
Trd, 4318830.643, 64
Trd, 4318832.193, 60
Trd, 4318832.593, 61
Trd, 4318833.543, 60
Trd, 4318833.643, 62
Trd, 4318834.193, 65
Trd, 4318834.893, 60
Trd, 4318835.143, 60
Trd, 4318835.293, 60
Trd, 4318836.293, 61
Trd, 4318837.543, 61
Trd, 4318838.143, 60
Trd, 4318839.093, 60
Trd, 4318840.143, 139
Trd, 4318840.543, 97
Trd, 4318841.443, 140
Trd, 4318842.943, 140
Trd, 4318842.993, 139
Trd, 4318843.343, 139
Trd, 4318843.393, 134
Trd, 4318843.993, 109
Trd, 4318844.593, 140
Trd, 4318844.993, 130
Trd, 4318845.043, 129
Trd, 4318845.293, 128
Trd, 4318848.093, 140
Trd, 4318848.393, 121
Trd, 4318848.943, 116
Trd, 4318849.293, 93
Trd, 4318849.743, 60
Trd, 4318850.993, 140
Trd, 4318851.093, 140
Trd, 4318852.843, 140
Trd, 4318852.993, 140
Trd, 4318854.193, 140
Trd, 4318855.193, 140
Trd, 4318855.993, 113
Trd, 4318856.593, 140
Trd, 4318856.643, 140
Trd, 4318857.643, 140
Trd, 4318857.693, 139
Trd, 4318858.193, 102
Trd, 4318858.393, 101
Trd, 4318859.593, 139
Trd, 4318860.343, 139
Trd, 4318860.693, 132
Trd, 4318861.393, 86
Trd, 4318862.143, 139
Trd, 4318863.243, 94
Trd, 4318864.693, 125
Trd, 4318865.793, 139
Trd, 4318865.993, 125
Trd, 4318866.543, 138
Trd, 4318866.843, 140
Trd, 4318867.793, 140
Trd, 4318869.543, 140
Trd, 4318870.193, 140
Trd, 4318870.793, 140
Trd, 4318870.843, 140
Trd, 4318872.743, 140
Trd, 4318872.943, 137
Trd, 4318873.393, 140
Trd, 4318873.793, 140
Trd, 4318874.543, 140
Trd, 4318876.043, 140
Trd, 4318876.793, 140
Trd, 4318877.593, 139
Trd, 4318878.743, 140
Trd, 4318879.043, 140
Trd, 4318879.393, 140
Trd, 4318880.243, 139
Trd, 4318881.293, 135
Trd, 4318881.543, 134
Trd, 4318882.293, 139
Trd, 4318882.943, 102
Trd, 4318883.593, 140
Trd, 4318884.393, 103
Trd, 4318885.193, 95
Trd, 4318886.343, 140
Trd, 4318886.843, 140
Trd, 4318887.443, 140
Trd, 4318889.643, 140
Trd, 4318889.993, 140
Trd, 4318890.443, 140
Trd, 4318890.743, 140
Trd, 4318892.593, 140
Trd, 4318893.293, 140
Trd, 4318893.493, 140
Trd, 4318893.593, 139
Trd, 4318893.793, 138
Trd, 4318894.143, 138
Trd, 4318895.993, 140
Trd, 4318897.393, 140
Trd, 4318898.693, 140
Trd, 4318898.743, 140
Trd, 4318899.343, 139
Trd, 4318899.443, 137
Trd, 4318899.543, 97
Trd, 4318902.043, 140
Trd, 4318903.193, 140
Trd, 4318903.543, 140
Trd, 4318903.643, 140
Trd, 4318904.043, 138
Trd, 4318905.843, 140
Trd, 4318906.093, 137
Trd, 4318906.693, 125
Trd, 4318907.143, 124
Trd, 4318907.993, 134
Trd, 4318908.393, 135
Trd, 4318908.593, 60
Trd, 4318909.343, 63
Trd, 4318909.693, 108
Trd, 4318910.093, 108
Trd, 4318910.143, 106
Trd, 4318911.893, 140
Trd, 4318911.943, 140
Trd, 4318912.493, 140
Trd, 4318913.593, 140
Trd, 4318913.993, 137
Trd, 4318914.293, 114
Trd, 4318915.493, 102
Trd, 4318916.143, 131
Trd, 4318916.293, 127
Trd, 4318916.543, 93
Trd, 4318918.493, 139
Trd, 4318918.543, 138
Trd, 4318918.843, 139
Trd, 4318920.343, 140
Trd, 4318921.593, 140
Trd, 4318921.643, 140
Trd, 4318921.793, 139
Trd, 4318922.243, 139
Trd, 4318923.043, 140
Trd, 4318923.843, 140
Trd, 4318924.943, 140
Trd, 4318925.743, 140
Trd, 4318925.793, 140
Trd, 4318926.193, 140
Trd, 4318929.043, 140
Trd, 4318929.143, 140
Trd, 4318930.443, 140
Trd, 4318930.593, 140
Trd, 4318931.043, 140
Trd, 4318931.993, 140
Trd, 4318932.993, 140
Trd, 4318933.143, 140
Trd, 4318934.193, 137
Trd, 4318934.793, 105
Trd, 4318935.543, 140
Trd, 4318936.043, 140
Trd, 4318936.793, 119
Trd, 4318937.293, 138
Trd, 4318937.893, 140
Trd, 4318939.493, 139
Trd, 4318940.093, 139
Trd, 4318940.743, 139
Trd, 4318940.793, 114
Trd, 4318942.993, 140
Trd, 4318943.743, 140
Trd, 4318943.793, 139
Trd, 4318944.843, 139
Trd, 4318945.493, 140
Trd, 4318947.493, 140
Trd, 4318947.693, 140
Trd, 4318948.093, 140
Trd, 4318948.843, 140
Trd, 4318949.593, 140
Trd, 4318950.993, 140
Trd, 4318951.243, 140
Trd, 4318952.993, 140
Trd, 4318954.693, 140
Trd, 4318955.543, 140
Trd, 4318955.593, 140
Trd, 4318955.793, 139
Trd, 4318956.893, 140
Trd, 4318957.093, 140
Trd, 4318957.493, 140
Trd, 4318957.593, 140
Trd, 4318959.693, 138
Trd, 4318959.793, 98
Trd, 4318960.393, 82
Trd, 4318960.443, 80
Trd, 4318960.543, 83
Trd, 4318961.543, 73
Trd, 4318962.093, 140
Trd, 4318962.993, 140
Trd, 4318964.443, 66
Trd, 4318965.593, 60
Trd, 4318965.843, 60
Trd, 4318966.043, 65
Trd, 4318966.343, 60
Trd, 4318966.493, 68
Trd, 4318967.193, 60
Trd, 4318967.643, 61
Trd, 4318968.693, 60
Trd, 4318968.743, 61
Trd, 4318969.893, 63
Trd, 4318970.993, 60
Trd, 4318971.593, 66
Trd, 4318971.793, 64
Trd, 4318972.143, 140
Trd, 4318973.793, 60
Trd, 4318973.993, 63
Trd, 4318975.593, 61
Trd, 4318976.393, 61
Trd, 4318977.243, 60
Trd, 4318978.043, 60
Trd, 4318978.393, 61
Trd, 4318980.543, 60
Trd, 4318981.893, 60
Trd, 4318982.243, 63
Trd, 4318982.593, 63
Trd, 4318982.843, 65
Trd, 4318983.843, 68
Trd, 4318984.943, 60
Trd, 4318985.193, 69
Trd, 4318985.343, 72
Trd, 4318986.043, 62
Trd, 4318986.593, 61
Trd, 4318986.793, 60
Trd, 4318987.193, 61
Trd, 4318989.243, 140
Trd, 4318989.293, 124
Trd, 4318989.743, 109
Trd, 4318989.893, 69
Trd, 4318991.993, 140
Trd, 4318992.643, 140
Trd, 4318992.843, 140
Trd, 4318994.043, 140
Trd, 4318994.693, 140
Trd, 4318995.193, 140
Trd, 4318996.143, 140
Trd, 4318996.443, 138
Trd, 4318996.593, 84
Trd, 4318997.843, 140
Trd, 4318998.543, 129
Trd, 4318999.043, 133
Trd, 4318999.543, 87
Trd, 4318999.793, 80
Trd, 4319000.743, 87
Trd, 4319001.293, 85
Trd, 4319001.843, 139
Trd, 4319002.993, 140
Trd, 4319003.343, 139
Trd, 4319003.493, 138
Trd, 4319003.893, 101
Trd, 4319004.693, 80
Trd, 4319005.843, 140
Trd, 4319006.893, 140
Trd, 4319007.343, 140
Trd, 4319007.693, 140
Trd, 4319008.643, 140
Trd, 4319010.743, 140
Trd, 4319010.893, 140
Trd, 4319011.043, 140
Trd, 4319012.093, 139
Trd, 4319012.143, 82
Trd, 4319013.743, 140
Trd, 4319013.793, 140
Trd, 4319014.343, 140
Trd, 4319015.243, 138
Trd, 4319016.043, 140
Trd, 4319017.793, 140
Trd, 4319018.743, 140
Trd, 4319019.043, 139
Trd, 4319020.443, 140
Trd, 4319020.543, 140
Trd, 4319022.243, 140
Trd, 4319022.443, 140
Trd, 4319022.643, 139
Trd, 4319023.693, 140
Trd, 4319024.543, 140
Trd, 4319026.593, 140
Trd, 4319027.343, 140
Trd, 4319028.093, 140
Trd, 4319028.743, 139
Trd, 4319028.793, 139
Trd, 4319029.593, 102
Trd, 4319030.293, 103
Trd, 4319031.793, 140
Trd, 4319031.893, 139
Trd, 4319032.043, 138
Trd, 4319032.093, 137
Trd, 4319033.043, 64
Trd, 4319033.743, 140
Trd, 4319035.893, 140
Trd, 4319036.593, 140
Trd, 4319036.743, 65
Trd, 4319037.193, 140
Trd, 4319038.243, 140
Trd, 4319038.493, 86
Trd, 4319040.093, 63
Trd, 4319040.393, 61
Trd, 4319041.393, 62
Trd, 4319042.143, 75
Trd, 4319042.643, 140
Trd, 4319043.043, 64
Trd, 4319043.393, 63
Trd, 4319044.593, 140
Trd, 4319045.093, 131
Trd, 4319045.993, 61
Trd, 4319047.443, 63
Trd, 4319048.193, 61
Trd, 4319048.793, 140
Trd, 4319049.243, 140
Trd, 4319049.493, 139
Trd, 4319049.943, 138
Trd, 4319050.943, 64
Trd, 4319051.993, 61
Trd, 4319054.393, 60
Trd, 4319054.843, 61
Trd, 4319055.193, 60
Trd, 4319055.543, 62
Trd, 4319056.193, 61
Trd, 4319056.943, 60
Trd, 4319057.493, 60
Trd, 4319058.443, 61
Trd, 4319060.243, 62
Trd, 4319060.343, 62
Trd, 4319060.943, 60
Trd, 4319061.093, 60
Trd, 4319062.043, 60
Trd, 4319062.343, 63
Trd, 4319062.693, 69
Trd, 4319063.243, 72
Trd, 4319066.743, 60
Trd, 4319066.793, 61
Trd, 4319066.893, 63
Trd, 4319067.443, 60
Trd, 4319068.943, 60
Trd, 4319069.793, 60
Trd, 4319070.193, 60
Trd, 4319070.893, 61
Trd, 4319070.943, 63
Trd, 4319071.043, 62
Trd, 4319071.943, 61
Trd, 4319072.893, 61
Trd, 4319072.943, 62
Trd, 4319073.043, 64
Trd, 4319073.493, 140
Trd, 4319074.693, 61
Trd, 4319075.843, 71
Trd, 4319076.193, 71
Trd, 4319076.393, 85
Trd, 4319077.943, 65
Trd, 4319078.493, 139
Trd, 4319079.843, 140
Trd, 4319080.793, 140
Trd, 4319081.293, 140
Trd, 4319082.493, 140
Trd, 4319082.843, 140
Trd, 4319084.093, 140
Trd, 4319084.843, 140
Trd, 4319084.943, 138
Trd, 4319085.843, 140
Trd, 4319086.693, 140
Trd, 4319087.193, 140
Trd, 4319089.593, 140
Trd, 4319090.243, 140
Trd, 4319090.393, 140
Trd, 4319090.443, 140
Trd, 4319091.093, 140
Trd, 4319091.543, 138
Trd, 4319093.493, 140
Trd, 4319093.593, 140
Trd, 4319095.043, 140
Trd, 4319095.743, 140
Trd, 4319096.693, 140
Trd, 4319097.043, 139
Trd, 4319097.343, 139
Trd, 4319097.743, 139
Trd, 4319097.793, 83
Trd, 4319099.243, 80
Trd, 4319099.893, 139
Trd, 4319101.393, 140
Trd, 4319101.443, 98
Trd, 4319102.193, 71
Trd, 4319102.543, 76
Trd, 4319103.943, 76
Trd, 4319104.193, 68
Trd, 4319104.593, 76
Trd, 4319105.793, 60
Trd, 4319106.393, 67
Trd, 4319107.043, 60
Trd, 4319108.343, 65
Trd, 4319109.193, 61
Trd, 4319110.143, 60
Trd, 4319110.343, 62
Trd, 4319111.493, 65
Trd, 4319112.143, 60
Trd, 4319113.143, 60
Trd, 4319113.693, 60
Trd, 4319113.793, 62
Trd, 4319114.143, 113
Trd, 4319116.243, 63
Trd, 4319116.393, 61
Trd, 4319117.243, 64
Trd, 4319117.543, 62
Trd, 4319117.643, 70
Trd, 4319118.743, 60
Trd, 4319118.993, 67
Trd, 4319120.043, 67
Trd, 4319120.493, 75
Trd, 4319120.893, 68
Trd, 4319122.243, 60
Trd, 4319123.893, 63
Trd, 4319124.243, 60
Trd, 4319124.943, 60
Trd, 4319126.093, 60
Trd, 4319126.693, 60
Trd, 4319127.093, 63
Trd, 4319127.243, 67
Trd, 4319128.793, 61
Trd, 4319129.793, 61
Trd, 4319130.593, 63
Trd, 4319131.043, 60
Trd, 4319131.093, 61
Trd, 4319131.343, 67
Trd, 4319132.543, 65
Trd, 4319132.993, 69
Trd, 4319134.793, 60
Trd, 4319135.343, 60
Trd, 4319135.593, 63
Trd, 4319136.143, 64
Trd, 4319136.593, 62
Trd, 4319137.443, 63
Trd, 4319138.543, 60
Trd, 4319138.893, 60
Trd, 4319139.393, 60
Trd, 4319139.443, 60
Trd, 4319140.193, 62
Trd, 4319140.443, 60
Trd, 4319140.543, 64
Trd, 4319141.243, 62
Trd, 4319142.193, 60
Trd, 4319143.093, 61
Trd, 4319143.993, 65
Trd, 4319144.693, 65
Trd, 4319144.943, 62
Trd, 4319145.643, 60
Trd, 4319146.143, 67
Trd, 4319147.343, 140
Trd, 4319147.543, 140
Trd, 4319147.943, 139
Trd, 4319149.093, 138
Trd, 4319149.493, 139
Trd, 4319150.143, 140
Trd, 4319150.943, 94
Trd, 4319152.193, 139
Trd, 4319152.293, 66
Trd, 4319153.043, 61
Trd, 4319153.443, 62
Trd, 4319155.043, 60
Trd, 4319156.043, 60
Trd, 4319156.243, 60
Trd, 4319157.093, 60
Trd, 4319157.643, 60
Trd, 4319157.793, 60
Trd, 4319158.593, 62
Trd, 4319159.293, 60
Trd, 4319159.793, 61
Trd, 4319160.793, 63
Trd, 4319161.293, 63
Trd, 4319161.593, 60
Trd, 4319161.693, 60
Trd, 4319162.893, 60
Trd, 4319163.743, 66
Trd, 4319164.043, 66
Trd, 4319166.343, 64
Trd, 4319166.543, 68
Trd, 4319167.243, 60
Trd, 4319168.093, 60
Trd, 4319168.493, 60
Trd, 4319168.693, 60
Trd, 4319169.343, 60
Trd, 4319170.093, 65
Trd, 4319170.293, 63
Trd, 4319172.043, 65
Trd, 4319172.193, 72
Trd, 4319172.443, 138
Trd, 4319173.493, 78
Trd, 4319173.693, 68
Trd, 4319174.593, 61
Trd, 4319175.293, 63
Trd, 4319175.693, 67
Trd, 4319176.143, 139
Trd, 4319177.193, 140
Trd, 4319177.643, 140
Trd, 4319178.543, 95
Trd, 4319179.243, 62
Trd, 4319179.443, 69
Trd, 4319180.893, 60
Trd, 4319181.293, 60
Trd, 4319181.393, 60
Trd, 4319181.593, 67
Trd, 4319182.893, 140
Trd, 4319183.293, 140
Trd, 4319184.043, 140
Trd, 4319184.393, 140
Trd, 4319185.093, 139
Trd, 4319186.893, 140
Trd, 4319186.943, 140
Trd, 4319188.293, 140
Trd, 4319188.843, 140
Trd, 4319189.593, 140
Trd, 4319190.093, 139
Trd, 4319190.193, 118
Trd, 4319190.543, 139
Trd, 4319190.743, 83
Trd, 4319191.893, 140
Trd, 4319193.093, 140
Trd, 4319193.193, 140
Trd, 4319194.193, 140
Trd, 4319195.093, 140
Trd, 4319196.393, 140
Trd, 4319196.493, 140
Trd, 4319197.393, 140
Trd, 4319197.593, 116
Trd, 4319197.993, 115
Trd, 4319198.843, 89
Trd, 4319199.943, 136
Trd, 4319200.843, 64
Trd, 4319202.043, 140
Trd, 4319202.743, 140
Trd, 4319202.793, 139
Trd, 4319203.393, 60
Trd, 4319204.543, 79
Trd, 4319206.043, 103
Trd, 4319207.293, 127
Trd, 4319207.393, 121
Trd, 4319207.593, 140
Trd, 4319208.143, 140
Trd, 4319208.493, 104
Trd, 4319209.393, 140
Trd, 4319210.493, 140
Trd, 4319211.193, 138
Trd, 4319212.693, 140
Trd, 4319213.093, 140
Trd, 4319213.193, 140
Trd, 4319213.293, 101
Trd, 4319214.493, 137
Trd, 4319214.893, 140
Trd, 4319215.393, 138
Trd, 4319215.743, 139
Trd, 4319215.893, 126
Trd, 4319216.993, 86
Trd, 4319217.143, 63
Trd, 4319218.793, 60
Trd, 4319219.043, 60
Trd, 4319219.343, 61
Trd, 4319219.793, 63
Trd, 4319220.093, 62
Trd, 4319220.193, 64
Trd, 4319220.493, 63
Trd, 4319221.043, 65
Trd, 4319221.993, 140
Trd, 4319223.443, 140
Trd, 4319224.593, 132
Trd, 4319224.993, 137
Trd, 4319225.793, 140
Trd, 4319226.093, 140
Trd, 4319227.393, 140
Trd, 4319228.393, 140
Trd, 4319228.593, 139
Trd, 4319228.893, 139
Trd, 4319230.343, 140
Trd, 4319231.993, 140
Trd, 4319232.643, 140
Trd, 4319233.293, 140
Trd, 4319233.343, 140
Trd, 4319234.443, 140
Trd, 4319234.893, 140
Trd, 4319235.893, 140
Trd, 4319236.443, 140
Trd, 4319237.193, 119
Trd, 4319238.743, 140
Trd, 4319239.543, 140
Trd, 4319240.443, 140
Trd, 4319241.443, 140
Trd, 4319241.843, 140
Trd, 4319241.943, 140
Trd, 4319241.993, 139
Trd, 4319243.193, 140
Trd, 4319244.743, 140
Trd, 4319244.943, 139
Trd, 4319247.443, 140
Trd, 4319248.093, 140
Trd, 4319248.993, 140
Trd, 4319249.493, 140
Trd, 4319250.093, 140
Trd, 4319250.393, 140
Trd, 4319251.943, 140
Trd, 4319253.043, 140
Trd, 4319253.143, 140
Trd, 4319255.343, 140
Trd, 4319255.393, 140
Trd, 4319255.693, 139
Trd, 4319256.093, 139
Trd, 4319256.393, 139
Trd, 4319256.543, 139
Trd, 4319257.643, 140
Trd, 4319257.743, 97
Trd, 4319258.293, 60
Trd, 4319258.993, 64
Trd, 4319260.193, 69
Trd, 4319260.343, 78
Trd, 4319260.843, 67
Trd, 4319260.943, 65
Trd, 4319261.993, 66
Trd, 4319263.293, 138
Trd, 4319263.793, 140
Trd, 4319263.843, 65
Trd, 4319264.493, 137
Trd, 4319265.293, 96
Trd, 4319265.643, 88
Trd, 4319266.143, 89
Trd, 4319266.343, 66
Trd, 4319268.593, 60
Trd, 4319268.793, 60
Trd, 4319269.143, 60
Trd, 4319269.693, 62
Trd, 4319271.843, 140
Trd, 4319272.393, 139
Trd, 4319272.543, 137
Trd, 4319272.943, 95
Trd, 4319273.193, 93
Trd, 4319275.093, 140
Trd, 4319276.543, 140
Trd, 4319276.593, 140
Trd, 4319277.393, 138
Trd, 4319277.793, 124
Trd, 4319278.893, 99
Trd, 4319279.843, 139
Trd, 4319280.143, 140
Trd, 4319280.543, 98
Trd, 4319280.843, 97
Trd, 4319282.193, 140
Trd, 4319282.293, 140
Trd, 4319282.693, 139
Trd, 4319282.893, 121
Trd, 4319283.143, 79
Trd, 4319284.293, 139
Trd, 4319284.393, 104
Trd, 4319285.193, 140
Trd, 4319285.543, 104
Trd, 4319287.293, 132
Trd, 4319287.793, 88
Trd, 4319288.443, 73
Trd, 4319289.643, 60
Trd, 4319290.143, 60
Trd, 4319290.843, 60
Trd, 4319291.593, 60
Trd, 4319291.993, 61
Trd, 4319292.293, 61
Trd, 4319293.443, 140
Trd, 4319294.393, 140
Trd, 4319294.443, 140
Trd, 4319296.093, 60
Trd, 4319296.243, 61
Trd, 4319296.593, 62
Trd, 4319297.543, 61
Trd, 4319298.143, 62
Trd, 4319298.893, 63
Trd, 4319299.243, 64
Trd, 4319300.093, 64
Trd, 4319300.893, 60
Trd, 4319301.543, 61
Trd, 4319301.993, 61
Trd, 4319302.643, 60
Trd, 4319303.143, 62
Trd, 4319304.893, 60
Trd, 4319304.943, 61
Trd, 4319305.843, 60
Trd, 4319307.143, 60
Trd, 4319307.393, 62
Trd, 4319307.843, 60
Trd, 4319307.893, 60
Trd, 4319309.143, 63
Trd, 4319309.493, 64
Trd, 4319310.343, 63
Trd, 4319311.143, 129
Trd, 4319312.193, 139
Trd, 4319312.693, 107
Trd, 4319312.893, 65
Trd, 4319312.943, 66
Trd, 4319313.393, 63
Trd, 4319315.493, 63
Trd, 4319315.693, 81
Trd, 4319316.043, 140
Trd, 4319317.343, 60
Trd, 4319318.443, 61
Trd, 4319318.943, 62
Trd, 4319319.793, 60
Trd, 4319320.143, 69
Trd, 4319321.743, 63
Trd, 4319321.943, 63
Trd, 4319323.393, 65
Trd, 4319324.243, 61
Trd, 4319324.643, 62
Trd, 4319324.893, 63
Trd, 4319324.943, 64
Trd, 4319325.243, 64
Trd, 4319325.593, 65
Trd, 4319326.193, 132
Trd, 4319326.393, 131
Trd, 4319327.643, 140
Trd, 4319329.393, 140
Trd, 4319329.443, 140
Trd, 4319330.593, 140
Trd, 4319331.293, 140
Trd, 4319331.693, 140
Trd, 4319332.943, 140
Trd, 4319333.693, 140
Trd, 4319334.243, 140
Trd, 4319334.593, 140
Trd, 4319334.643, 137
Trd, 4319335.493, 138
Trd, 4319336.343, 94
Trd, 4319337.193, 72
Trd, 4319337.393, 140
Trd, 4319339.193, 61
Trd, 4319339.493, 62
Trd, 4319340.093, 67
Trd, 4319340.793, 70
Trd, 4319340.893, 71
Trd, 4319341.043, 82
Trd, 4319341.243, 64
Trd, 4319342.893, 60
Trd, 4319343.143, 60
Trd, 4319344.243, 60
Trd, 4319344.493, 62
Trd, 4319345.143, 60
Trd, 4319345.493, 68
Trd, 4319346.093, 69
Trd, 4319346.793, 66
Trd, 4319347.793, 111
Trd, 4319348.443, 60
Trd, 4319348.943, 60
Trd, 4319348.993, 62
Trd, 4319349.293, 63
Trd, 4319351.443, 140
Trd, 4319351.593, 139
Trd, 4319351.843, 140
Trd, 4319352.593, 140
Trd, 4319353.093, 137
Trd, 4319353.543, 115
Trd, 4319353.893, 139
Trd, 4319355.093, 118
Trd, 4319355.693, 60
Trd, 4319356.093, 60
Trd, 4319356.643, 62
Trd, 4319357.243, 60
Trd, 4319357.543, 61
Trd, 4319359.193, 63
Trd, 4319360.493, 60
Trd, 4319361.343, 60
Trd, 4319362.143, 60
Trd, 4319362.993, 60
Trd, 4319363.243, 61
Trd, 4319364.643, 63
Trd, 4319364.743, 66
Trd, 4319365.743, 60
Trd, 4319365.943, 61
Trd, 4319366.443, 61
Trd, 4319366.543, 67
Trd, 4319368.443, 67
Trd, 4319369.043, 68
Trd, 4319369.193, 69
Trd, 4319369.393, 137
Trd, 4319369.743, 62
Trd, 4319370.243, 60
Trd, 4319370.993, 60
Trd, 4319371.143, 60
Trd, 4319371.343, 60
Trd, 4319372.393, 63
Trd, 4319374.743, 60
Trd, 4319376.193, 60
Trd, 4319376.943, 63
Trd, 4319377.493, 60
Trd, 4319377.893, 68
Trd, 4319378.043, 61
Trd, 4319378.593, 61
Trd, 4319379.393, 67
Trd, 4319380.943, 63
Trd, 4319381.593, 61
Trd, 4319382.143, 61
Trd, 4319382.293, 61
Trd, 4319383.343, 61
Trd, 4319383.793, 60
Trd, 4319383.993, 63
Trd, 4319386.443, 60
Trd, 4319386.693, 60
Trd, 4319387.443, 61
Trd, 4319387.743, 62
Trd, 4319387.943, 60
Trd, 4319388.293, 64
Trd, 4319388.393, 66
Trd, 4319388.693, 61
Trd, 4319389.293, 62
Trd, 4319389.993, 67
Trd, 4319390.793, 63
Trd, 4319391.643, 61
Trd, 4319391.893, 63
Trd, 4319392.293, 63
Trd, 4319392.343, 61
Trd, 4319392.993, 60
Trd, 4319394.193, 62
Trd, 4319394.643, 63
Trd, 4319394.943, 61
Trd, 4319397.493, 60
Trd, 4319398.143, 64
Trd, 4319399.993, 60
Trd, 4319400.143, 60
Trd, 4319400.493, 61
Trd, 4319401.293, 60
Trd, 4319401.843, 64
Trd, 4319403.093, 61
Trd, 4319403.593, 60
Trd, 4319403.693, 61
Trd, 4319405.143, 63
Trd, 4319405.293, 65
Trd, 4319405.543, 66
Trd, 4319406.093, 67
Trd, 4319406.293, 64
Trd, 4319406.593, 65
Trd, 4319406.693, 63
Trd, 4319408.543, 78
Trd, 4319409.093, 78
Trd, 4319409.193, 139
Trd, 4319409.843, 132
Trd, 4319410.843, 140
Trd, 4319410.993, 140
Trd, 4319412.043, 140
Trd, 4319412.743, 140
Trd, 4319414.793, 140
Trd, 4319414.893, 140
Trd, 4319416.093, 140
Trd, 4319416.643, 140
Trd, 4319416.693, 136
Trd, 4319418.243, 140
Trd, 4319418.943, 139
Trd, 4319419.543, 138
Trd, 4319419.993, 137
Trd, 4319420.643, 100
Trd, 4319421.893, 115
Trd, 4319422.993, 136
Trd, 4319424.443, 140
Trd, 4319426.193, 140
Trd, 4319426.243, 140
Trd, 4319426.693, 140
Trd, 4319427.793, 140
Trd, 4319428.243, 139
Trd, 4319428.443, 138
Trd, 4319428.943, 120
Trd, 4319429.493, 79
Trd, 4319430.593, 74
Trd, 4319431.093, 73
Trd, 4319432.993, 140
Trd, 4319433.593, 140
Trd, 4319433.993, 140
Trd, 4319434.443, 140
Trd, 4319434.793, 140
Trd, 4319435.743, 140
Trd, 4319437.493, 139
Trd, 4319438.093, 140
Trd, 4319438.293, 140
Trd, 4319438.393, 132
Trd, 4319438.893, 139
Trd, 4319439.743, 138
Trd, 4319440.493, 125
Trd, 4319441.543, 62
Trd, 4319441.893, 66
Trd, 4319442.693, 138
Trd, 4319442.893, 137
Trd, 4319443.793, 140
Trd, 4319444.993, 60
Trd, 4319445.093, 60
Trd, 4319446.293, 60
Trd, 4319447.293, 60
Trd, 4319447.543, 60
Trd, 4319447.743, 64
Trd, 4319448.293, 60
Trd, 4319448.493, 61
Trd, 4319449.193, 77
Trd, 4319449.843, 65
Trd, 4319449.893, 77
Trd, 4319451.543, 62
Trd, 4319451.993, 64
Trd, 4319452.093, 68
Trd, 4319453.293, 73
Trd, 4319453.693, 138
Trd, 4319454.193, 140
Trd, 4319454.843, 140
Trd, 4319456.043, 140
Trd, 4319456.643, 106
Trd, 4319457.043, 80
Trd, 4319458.143, 140
Trd, 4319458.843, 102
Trd, 4319459.493, 140
Trd, 4319460.293, 139
Trd, 4319460.943, 88
Trd, 4319461.843, 140
Trd, 4319462.143, 140
Trd, 4319462.643, 140
Trd, 4319462.693, 140
Trd, 4319464.893, 138
Trd, 4319466.643, 140
Trd, 4319467.943, 140
Trd, 4319468.143, 140
Trd, 4319468.293, 140
Trd, 4319468.693, 140
Trd, 4319469.043, 125
Trd, 4319469.543, 89
Trd, 4319469.693, 136
Trd, 4319470.393, 137
Trd, 4319470.743, 139
Trd, 4319471.243, 120
Trd, 4319471.643, 119
Trd, 4319472.443, 60
Trd, 4319473.893, 60
Trd, 4319475.043, 60
Trd, 4319476.293, 60
Trd, 4319476.343, 60
Trd, 4319476.793, 62
Trd, 4319478.293, 60
Trd, 4319478.693, 61
Trd, 4319478.793, 61
Trd, 4319479.243, 64
Trd, 4319479.443, 60
Trd, 4319479.693, 60
Trd, 4319480.393, 63
Trd, 4319480.693, 64
Trd, 4319482.393, 63
Trd, 4319482.693, 62
Trd, 4319485.843, 60
Trd, 4319485.993, 60
Trd, 4319486.643, 62
Trd, 4319486.743, 61
Trd, 4319486.893, 62
Trd, 4319488.143, 60
Trd, 4319488.193, 81
Trd, 4319489.893, 64
Trd, 4319490.093, 61
Trd, 4319490.643, 60
Trd, 4319491.043, 60
Trd, 4319491.693, 62
Trd, 4319492.843, 62
Trd, 4319493.493, 62
Trd, 4319493.993, 62
Trd, 4319494.043, 62
Trd, 4319494.193, 63
Trd, 4319494.443, 61
Trd, 4319495.793, 110
Trd, 4319495.993, 140
Trd, 4319497.793, 60
Trd, 4319498.143, 66
Trd, 4319498.343, 97
Trd, 4319499.993, 61
Trd, 4319500.093, 63
Trd, 4319500.493, 62
Trd, 4319501.593, 60
Trd, 4319501.743, 61
Trd, 4319502.343, 63
Trd, 4319502.993, 140
Trd, 4319503.593, 140
Trd, 4319505.443, 140
Trd, 4319505.793, 140
Trd, 4319506.043, 140
Trd, 4319506.743, 140
Trd, 4319507.543, 140
Trd, 4319507.943, 140
Trd, 4319508.293, 74
Trd, 4319508.643, 140
Trd, 4319509.093, 101
Trd, 4319509.593, 139
Trd, 4319510.143, 94
Trd, 4319512.143, 140
Trd, 4319512.793, 140
Trd, 4319514.293, 140
Trd, 4319515.043, 140
Trd, 4319515.493, 140
Trd, 4319515.943, 139
Trd, 4319516.393, 138
Trd, 4319517.143, 64
Trd, 4319518.943, 139
Trd, 4319520.393, 140
Trd, 4319520.743, 140
Trd, 4319520.893, 140
Trd, 4319520.993, 138
Trd, 4319522.143, 60
Trd, 4319522.193, 61
Trd, 4319522.693, 60
Trd, 4319523.093, 60
Trd, 4319523.793, 140
Trd, 4319524.293, 139
Trd, 4319525.543, 140
Trd, 4319525.693, 140
Trd, 4319526.393, 140
Trd, 4319526.493, 104
Trd, 4319527.143, 61
Trd, 4319528.443, 140
Trd, 4319529.993, 140
Trd, 4319530.343, 140
Trd, 4319530.593, 140
Trd, 4319532.143, 139
Trd, 4319532.743, 137
Trd, 4319533.143, 140
Trd, 4319533.493, 140
Trd, 4319533.793, 137
Trd, 4319534.943, 81
Trd, 4319535.193, 71
Trd, 4319535.643, 137
Trd, 4319536.643, 137
Trd, 4319537.693, 140
Trd, 4319538.293, 140
Trd, 4319538.793, 140
Trd, 4319539.793, 140
Trd, 4319541.243, 64
Trd, 4319541.393, 64
Trd, 4319541.643, 60
Trd, 4319542.243, 74
Trd, 4319543.143, 140
Trd, 4319543.643, 140
Trd, 4319543.743, 81
Trd, 4319544.443, 60
Trd, 4319546.143, 60
Trd, 4319546.593, 60
Trd, 4319547.043, 61
Trd, 4319547.443, 62
Trd, 4319547.693, 60
Trd, 4319548.843, 60
Trd, 4319550.343, 62
Trd, 4319550.993, 69
Trd, 4319551.243, 60
Trd, 4319553.293, 60
Trd, 4319553.943, 60
Trd, 4319554.093, 60
Trd, 4319554.493, 60
Trd, 4319554.593, 63
Trd, 4319556.293, 60
Trd, 4319557.193, 60
Trd, 4319557.993, 60
Trd, 4319558.143, 65
Trd, 4319558.293, 65
Trd, 4319559.943, 60
Trd, 4319560.243, 60
Trd, 4319561.243, 60
Trd, 4319561.393, 62
Trd, 4319562.593, 60
Trd, 4319562.943, 60
Trd, 4319562.993, 60
Trd, 4319563.143, 64
Trd, 4319564.443, 60
Trd, 4319565.343, 61
Trd, 4319565.843, 61
Trd, 4319568.143, 60
Trd, 4319569.193, 60
Trd, 4319569.293, 60
Trd, 4319571.343, 60
Trd, 4319571.843, 62
Trd, 4319572.043, 61
Trd, 4319572.243, 65
Trd, 4319572.593, 139
Trd, 4319573.343, 62
Trd, 4319574.943, 61
Trd, 4319575.043, 69
Trd, 4319575.293, 65
Trd, 4319575.593, 70
Trd, 4319576.543, 140
Trd, 4319576.943, 140
Trd, 4319576.993, 139
Trd, 4319577.693, 65
Trd, 4319578.243, 140
Trd, 4319579.643, 61
Trd, 4319579.693, 65
Trd, 4319580.743, 140
Trd, 4319582.093, 140
Trd, 4319582.343, 140
Trd, 4319583.293, 118
Trd, 4319583.543, 75
Trd, 4319583.993, 139
Trd, 4319585.443, 98
Trd, 4319585.943, 140
Trd, 4319586.093, 60
Trd, 4319586.493, 64
Trd, 4319587.893, 98
Trd, 4319588.993, 61
Trd, 4319590.093, 60
Trd, 4319591.143, 60
Trd, 4319591.643, 60
Trd, 4319592.943, 60
Trd, 4319593.393, 60
Trd, 4319594.293, 61
Trd, 4319594.793, 62
Trd, 4319595.743, 65
Trd, 4319596.293, 115
Trd, 4319596.893, 61
Trd, 4319597.593, 60
Trd, 4319598.243, 61
Trd, 4319598.593, 61
Trd, 4319599.243, 63
Trd, 4319599.593, 66
Trd, 4319601.093, 61
Trd, 4319601.493, 60
Trd, 4319601.543, 63
Trd, 4319602.393, 61
Trd, 4319604.043, 62
Trd, 4319604.893, 60
Trd, 4319606.043, 63
Trd, 4319607.243, 68
Trd, 4319607.893, 62
Trd, 4319608.143, 66
Trd, 4319608.793, 60
Trd, 4319609.443, 60
Trd, 4319609.493, 60
Trd, 4319609.843, 60
Trd, 4319610.693, 60
Trd, 4319611.243, 61
Trd, 4319611.693, 61
Trd, 4319612.043, 68
Trd, 4319612.093, 73
Trd, 4319612.843, 60
Trd, 4319614.243, 62
Trd, 4319615.293, 62
Trd, 4319615.393, 73
Trd, 4319616.793, 60
Trd, 4319617.293, 60
Trd, 4319618.843, 60
Trd, 4319619.093, 60
Trd, 4319619.343, 61
Trd, 4319620.143, 62
Trd, 4319620.993, 70
Trd, 4319621.943, 60
Trd, 4319623.693, 60
Trd, 4319623.743, 60
Trd, 4319624.143, 60
Trd, 4319625.393, 60
Trd, 4319625.493, 61
Trd, 4319625.943, 60
Trd, 4319626.893, 60
Trd, 4319627.443, 61
Trd, 4319627.593, 60
Trd, 4319628.293, 62
Trd, 4319630.043, 60
Trd, 4319630.243, 60
Trd, 4319630.443, 60
Trd, 4319632.293, 60
Trd, 4319632.393, 60
Trd, 4319633.143, 63
Trd, 4319633.343, 67
Trd, 4319633.843, 61
Trd, 4319634.293, 60
Trd, 4319636.543, 60
Trd, 4319637.143, 60
Trd, 4319637.343, 60
Trd, 4319638.843, 60
Trd, 4319638.993, 63
Trd, 4319639.343, 60
Trd, 4319639.443, 64
Trd, 4319640.093, 60
Trd, 4319640.243, 65
Trd, 4319641.343, 62
Trd, 4319641.993, 63
Trd, 4319642.843, 73
Trd, 4319642.993, 64
Trd, 4319644.043, 106
Trd, 4319644.143, 64
Trd, 4319644.543, 128
Trd, 4319645.293, 61
Trd, 4319646.393, 77
Trd, 4319647.493, 62
Trd, 4319648.993, 60
Trd, 4319649.993, 60
Trd, 4319651.043, 60
Trd, 4319651.093, 61
Trd, 4319651.393, 60
Trd, 4319653.293, 61
Trd, 4319653.643, 62
Trd, 4319654.643, 60
Trd, 4319654.843, 63
Trd, 4319655.693, 61
Trd, 4319656.743, 62
Trd, 4319656.943, 63
Trd, 4319658.643, 60
Trd, 4319659.093, 60
Trd, 4319660.043, 60
Trd, 4319660.143, 62
Trd, 4319660.593, 68
Trd, 4319660.793, 60
Trd, 4319661.793, 60
Trd, 4319661.843, 60
Trd, 4319662.393, 61
Trd, 4319663.543, 66
Trd, 4319664.743, 62
Trd, 4319664.793, 63
Trd, 4319666.243, 64
Trd, 4319666.593, 64
Trd, 4319667.043, 64
Trd, 4319667.193, 73
Trd, 4319667.293, 66
Trd, 4319668.793, 140
Trd, 4319669.243, 139
Trd, 4319669.843, 140
Trd, 4319670.543, 140
Trd, 4319671.443, 138
Trd, 4319671.493, 105
Trd, 4319672.043, 140
Trd, 4319673.193, 128
Trd, 4319673.843, 128
Trd, 4319675.693, 140
Trd, 4319676.043, 140
Trd, 4319676.343, 140
Trd, 4319678.143, 140
Trd, 4319678.693, 140
Trd, 4319678.943, 140
Trd, 4319679.493, 140
Trd, 4319679.943, 140
Trd, 4319680.393, 140
Trd, 4319681.193, 111
Trd, 4319681.993, 98
Trd, 4319682.343, 73
Trd, 4319683.993, 140
Trd, 4319685.543, 140
Trd, 4319686.243, 140
Trd, 4319686.643, 140
Trd, 4319687.393, 138
Trd, 4319687.943, 136
Trd, 4319689.243, 140
Trd, 4319689.343, 140
Trd, 4319690.993, 140
Trd, 4319691.193, 140
Trd, 4319691.793, 140
Trd, 4319692.043, 140
Trd, 4319692.393, 106
Trd, 4319693.643, 129
Trd, 4319694.243, 117
Trd, 4319694.693, 140
Trd, 4319694.843, 117
Trd, 4319696.593, 140
Trd, 4319697.843, 140
Trd, 4319698.093, 139
Trd, 4319698.943, 138
Trd, 4319699.293, 122
Trd, 4319699.343, 121
Trd, 4319699.593, 119
Trd, 4319700.343, 140
Trd, 4319701.893, 133
Trd, 4319702.243, 99
Trd, 4319702.743, 99
Trd, 4319704.393, 140
Trd, 4319704.643, 140
Trd, 4319707.243, 140
Trd, 4319707.493, 140
Trd, 4319707.693, 140
Trd, 4319708.743, 139
Trd, 4319709.443, 140
Trd, 4319709.543, 140
Trd, 4319710.243, 139
Trd, 4319710.443, 96
Trd, 4319711.043, 63
Trd, 4319712.743, 68
Trd, 4319712.793, 69
Trd, 4319713.643, 134
Trd, 4319714.843, 140
Trd, 4319715.093, 140
Trd, 4319715.793, 139
Trd, 4319715.993, 137
Trd, 4319716.493, 118
Trd, 4319718.343, 140
Trd, 4319718.943, 140
Trd, 4319720.743, 139
Trd, 4319721.693, 140
Trd, 4319721.743, 140
Trd, 4319722.343, 140
Trd, 4319722.693, 128
Trd, 4319723.143, 139
Trd, 4319723.193, 126
Trd, 4319724.443, 140
Trd, 4319725.343, 89
Trd, 4319726.943, 140
Trd, 4319728.043, 139
Trd, 4319729.243, 140
Trd, 4319729.943, 140
Trd, 4319729.993, 140
Trd, 4319730.343, 139
Trd, 4319730.743, 140
Trd, 4319731.043, 138
Trd, 4319732.743, 139
Trd, 4319733.093, 109
Trd, 4319733.193, 100
Trd, 4319733.693, 65
Trd, 4319735.193, 73
Trd, 4319735.893, 140
Trd, 4319736.093, 140
Trd, 4319737.493, 139
Trd, 4319738.393, 134
Trd, 4319739.493, 140
Trd, 4319739.943, 140
Trd, 4319739.993, 139
Trd, 4319741.843, 140
Trd, 4319744.043, 140
Trd, 4319744.143, 140
Trd, 4319744.793, 140
Trd, 4319744.993, 139
Trd, 4319745.493, 139
Trd, 4319745.993, 127
Trd, 4319747.593, 140
Trd, 4319747.693, 140
Trd, 4319749.543, 140
Trd, 4319749.993, 139
Trd, 4319750.143, 138
Trd, 4319751.743, 111
Trd, 4319752.043, 134
Trd, 4319752.893, 60
Trd, 4319753.543, 140
Trd, 4319754.043, 118
Trd, 4319754.993, 140
Trd, 4319755.593, 69
Trd, 4319756.493, 60
Trd, 4319757.993, 140
Trd, 4319759.193, 82
Trd, 4319759.243, 80
Trd, 4319759.293, 107
Trd, 4319760.193, 140
Trd, 4319761.143, 139
Trd, 4319761.593, 140
Trd, 4319762.593, 140
Trd, 4319762.993, 140
Trd, 4319764.243, 140
Trd, 4319765.443, 140
Trd, 4319765.693, 138
Trd, 4319765.743, 68
Trd, 4319767.493, 60
Trd, 4319767.543, 64
Trd, 4319767.843, 67
Trd, 4319769.093, 68
Trd, 4319769.293, 66
Trd, 4319770.593, 140
Trd, 4319771.343, 140
Trd, 4319771.443, 140
Trd, 4319772.843, 139
Trd, 4319773.193, 111
Trd, 4319774.043, 104
Trd, 4319774.893, 139
Trd, 4319775.893, 138
Trd, 4319776.593, 140
Trd, 4319776.743, 140
Trd, 4319777.493, 138
Trd, 4319778.093, 140
Trd, 4319778.443, 125
Trd, 4319779.643, 140
Trd, 4319780.093, 140
Trd, 4319780.293, 100
Trd, 4319781.393, 63
Trd, 4319783.143, 110
Trd, 4319784.493, 140
Trd, 4319784.543, 140
Trd, 4319784.593, 138
Trd, 4319785.143, 137
Trd, 4319785.593, 136
Trd, 4319785.643, 113
Trd, 4319786.793, 140
Trd, 4319787.193, 120
Trd, 4319789.993, 140
Trd, 4319790.043, 140
Trd, 4319790.693, 137
Trd, 4319790.893, 136
Trd, 4319791.743, 137
Trd, 4319791.943, 125
Trd, 4319792.393, 140
Trd, 4319793.393, 140
Trd, 4319794.043, 133
Trd, 4319794.493, 131
Trd, 4319795.543, 73
Trd, 4319796.193, 60
Trd, 4319796.393, 65
Trd, 4319797.093, 140
Trd, 4319798.043, 85
Trd, 4319798.743, 60
Trd, 4319800.793, 140
Trd, 4319800.943, 140
Trd, 4319801.193, 140
Trd, 4319801.293, 134
Trd, 4319801.593, 87
Trd, 4319802.893, 60
Trd, 4319803.043, 61
Trd, 4319803.193, 63
Trd, 4319804.093, 60
Trd, 4319804.143, 61
Trd, 4319805.193, 72
Trd, 4319805.343, 79
Trd, 4319806.343, 70
Trd, 4319807.743, 62
Trd, 4319808.243, 61
Trd, 4319809.543, 60
Trd, 4319809.743, 60
Trd, 4319810.943, 60
Trd, 4319812.093, 62
Trd, 4319812.293, 62
Trd, 4319812.543, 62
Trd, 4319813.093, 63
Trd, 4319813.593, 61
Trd, 4319813.643, 63
Trd, 4319813.793, 140
Trd, 4319813.943, 65
Trd, 4319816.443, 140
Trd, 4319817.543, 140
Trd, 4319817.943, 139
Trd, 4319818.043, 137
Trd, 4319819.343, 140
Trd, 4319820.243, 140
Trd, 4319820.743, 137
Trd, 4319821.693, 140
Trd, 4319822.293, 60
Trd, 4319823.393, 65
Trd, 4319823.843, 66
Trd, 4319824.493, 96
Trd, 4319825.093, 121
Trd, 4319825.593, 140
Trd, 4319826.593, 140
Trd, 4319827.493, 140
Trd, 4319828.093, 139
Trd, 4319828.343, 139
Trd, 4319830.293, 140
Trd, 4319831.293, 140
Trd, 4319831.893, 140
Trd, 4319832.293, 140
Trd, 4319832.393, 139
Trd, 4319833.143, 106
Trd, 4319834.943, 140
Trd, 4319835.493, 139
Trd, 4319836.443, 139
Trd, 4319836.843, 74
Trd, 4319838.643, 60
Trd, 4319839.343, 60
Trd, 4319839.643, 61
Trd, 4319839.693, 61
Trd, 4319839.743, 63
Trd, 4319840.243, 61
Trd, 4319842.143, 60
Trd, 4319842.643, 61
Trd, 4319842.793, 62
Trd, 4319842.893, 67
Trd, 4319843.543, 72
Trd, 4319844.043, 123
Trd, 4319845.343, 60
Trd, 4319846.743, 60
Trd, 4319847.693, 60
Trd, 4319847.743, 60
Trd, 4319848.743, 63
Trd, 4319849.443, 60
Trd, 4319850.693, 60
Trd, 4319850.893, 64
Trd, 4319851.293, 62
Trd, 4319851.493, 65
Trd, 4319851.643, 61
Trd, 4319852.793, 61
Trd, 4319852.993, 74
Trd, 4319853.643, 63
Trd, 4319854.193, 62
Trd, 4319854.693, 64
Trd, 4319854.943, 60
Trd, 4319856.143, 64
Trd, 4319857.693, 60
Trd, 4319858.343, 60
Trd, 4319860.443, 60
Trd, 4319861.243, 60
Trd, 4319861.443, 60
Trd, 4319862.693, 60
Trd, 4319863.043, 65
Trd, 4319863.843, 67
Trd, 4319864.993, 61
Trd, 4319865.443, 62
Trd, 4319865.943, 63
Trd, 4319866.043, 65
Trd, 4319866.593, 65
Trd, 4319867.343, 71
Trd, 4319867.943, 70
Trd, 4319867.993, 74
Trd, 4319869.393, 135
Trd, 4319870.443, 140
Trd, 4319871.093, 138
Trd, 4319871.993, 140
Trd, 4319872.143, 140
Trd, 4319872.293, 137
Trd, 4319873.643, 140
Trd, 4319874.343, 140
Trd, 4319874.943, 130
Trd, 4319875.443, 130
Trd, 4319876.293, 140
Trd, 4319877.443, 140
Trd, 4319878.593, 140
Trd, 4319879.493, 71
Trd, 4319880.143, 62
Trd, 4319880.293, 64
Trd, 4319880.693, 80
Trd, 4319881.443, 66
Trd, 4319881.493, 69
Trd, 4319881.693, 66
Trd, 4319882.493, 63
Trd, 4319882.543, 100
Trd, 4319883.243, 79
Trd, 4319885.393, 140
Trd, 4319885.693, 138
Trd, 4319886.343, 136
Trd, 4319886.493, 134
Trd, 4319886.943, 137
Trd, 4319888.893, 140
Trd, 4319889.743, 112
Trd, 4319889.893, 110
Trd, 4319890.143, 107
Trd, 4319890.393, 140
Trd, 4319890.943, 92
Trd, 4319892.293, 140
Trd, 4319892.643, 140
Trd, 4319893.793, 140
Trd, 4319894.193, 140
Trd, 4319895.443, 140
Trd, 4319895.893, 140
Trd, 4319896.343, 139
Trd, 4319897.443, 137
Trd, 4319898.093, 63
Trd, 4319899.643, 140
Trd, 4319900.393, 140
Trd, 4319901.343, 140
Trd, 4319901.843, 140
Trd, 4319902.093, 140
Trd, 4319902.843, 140
Trd, 4319902.943, 139
Trd, 4319902.993, 81
Trd, 4319904.893, 140
Trd, 4319905.543, 140
Trd, 4319906.543, 140
Trd, 4319907.393, 140
Trd, 4319908.443, 140
Trd, 4319908.693, 140
Trd, 4319909.393, 140
Trd, 4319909.943, 104
Trd, 4319910.243, 92
Trd, 4319911.543, 140
Trd, 4319911.893, 140
Trd, 4319912.693, 140
Trd, 4319914.343, 140
Trd, 4319914.643, 140
Trd, 4319914.793, 130
Trd, 4319915.793, 140
Trd, 4319916.843, 94
Trd, 4319917.743, 61
Trd, 4319918.443, 61
Trd, 4319918.643, 65
Trd, 4319919.293, 65
Trd, 4319920.793, 140
Trd, 4319920.843, 139
Trd, 4319920.943, 78
Trd, 4319922.293, 140
Trd, 4319922.593, 140
Trd, 4319923.493, 140
Trd, 4319923.993, 140
Trd, 4319924.443, 140
Trd, 4319924.643, 140
Trd, 4319926.193, 140
Trd, 4319926.493, 140
Trd, 4319930.093, 140
Trd, 4319930.143, 140
Trd, 4319931.243, 140
Trd, 4319931.293, 140
Trd, 4319932.443, 140
Trd, 4319932.593, 140
Trd, 4319932.793, 140
Trd, 4319933.393, 140
Trd, 4319934.843, 140
Trd, 4319935.943, 139
Trd, 4319937.143, 140
Trd, 4319937.343, 130
Trd, 4319939.843, 140
Trd, 4319940.343, 140
Trd, 4319940.643, 140
Trd, 4319940.793, 140
Trd, 4319941.493, 139
Trd, 4319942.043, 119
Trd, 4319942.193, 140
Trd, 4319943.243, 123
Trd, 4319943.493, 123
Trd, 4319944.693, 140
Trd, 4319945.643, 140
Trd, 4319947.293, 140
Trd, 4319947.443, 140
Trd, 4319949.093, 140
Trd, 4319949.343, 140
Trd, 4319949.643, 101
Trd, 4319949.993, 139
Trd, 4319950.343, 63
Trd, 4319951.293, 139
Trd, 4319951.593, 135
Trd, 4319952.043, 140
Trd, 4319952.093, 140
Trd, 4319953.643, 139
Trd, 4319954.593, 140
Trd, 4319955.293, 121
Trd, 4319955.543, 86
Trd, 4319957.943, 140
Trd, 4319958.043, 140
Trd, 4319958.143, 139
Trd, 4319958.993, 138
Trd, 4319960.593, 140
Trd, 4319961.443, 139
Trd, 4319961.493, 135
Trd, 4319961.743, 139
Trd, 4319962.093, 115
Trd, 4319964.043, 137
Trd, 4319964.343, 102
Trd, 4319964.943, 140
Trd, 4319965.293, 140
Trd, 4319966.143, 140
Trd, 4319966.943, 69
Trd, 4319967.093, 73
Trd, 4319968.693, 140
Trd, 4319969.143, 140
Trd, 4319969.843, 140
Trd, 4319969.893, 139
Trd, 4319970.643, 134
Trd, 4319971.843, 140
Trd, 4319972.443, 140
Trd, 4319972.643, 140
Trd, 4319973.143, 139
Trd, 4319973.343, 79
Trd, 4319974.993, 140
Trd, 4319975.893, 138
Trd, 4319977.043, 121
Trd, 4319977.543, 104
Trd, 4319977.993, 122
Trd, 4319978.393, 125
Trd, 4319978.443, 105
Trd, 4319978.793, 103
Trd, 4319979.343, 140
Trd, 4319979.943, 86
Trd, 4319980.093, 112
Trd, 4319980.643, 62
Trd, 4319980.793, 64
Trd, 4319981.243, 91
Trd, 4319982.543, 106
Trd, 4319983.693, 121
Trd, 4319984.493, 140
Trd, 4319984.743, 140
Trd, 4319985.093, 140
Trd, 4319985.593, 140
Trd, 4319986.443, 138
Trd, 4319988.843, 140
Trd, 4319989.293, 140
Trd, 4319989.793, 140
Trd, 4319990.093, 139
Trd, 4319992.943, 100
Trd, 4319993.543, 118
Trd, 4319993.793, 100
Trd, 4319993.993, 119
Trd, 4319994.143, 120
Trd, 4319994.493, 138
Trd, 4319995.193, 60
Trd, 4319995.493, 139
Trd, 4319996.093, 60
Trd, 4319996.543, 136
Trd, 4319997.143, 140
Trd, 4319998.643, 140
Trd, 4319998.743, 140
Trd, 4319999.393, 60
Trd, 4319999.843, 60
