Trd, 4318075.993, 140
Trd, 4318076.043, 140
Trd, 4318076.893, 140
Trd, 4318079.143, 140
Trd, 4318080.193, 140
Trd, 4318080.493, 140
Trd, 4318081.793, 140
Trd, 4318083.493, 140
Trd, 4318083.993, 140
Trd, 4318085.343, 140
Trd, 4318085.843, 140
Trd, 4318086.293, 139
Trd, 4318086.543, 136
Trd, 4318087.793, 140
Trd, 4318088.293, 140
Trd, 4318088.693, 140
Trd, 4318090.093, 140
Trd, 4318091.193, 140
Trd, 4318091.443, 140
Trd, 4318091.493, 138
Trd, 4318092.993, 139
Trd, 4318093.243, 140
Trd, 4318095.143, 121
Trd, 4318095.193, 120
Trd, 4318095.843, 116
Trd, 4318096.343, 67
Trd, 4318097.043, 112
Trd, 4318097.893, 113
Trd, 4318097.993, 117
Trd, 4318098.743, 109
Trd, 4318099.293, 140
Trd, 4318100.493, 140
Trd, 4318101.043, 140
Trd, 4318101.893, 140
Trd, 4318103.293, 140
Trd, 4318103.793, 140
Trd, 4318104.343, 140
Trd, 4318104.893, 140
Trd, 4318105.493, 140
Trd, 4318105.643, 140
Trd, 4318106.093, 138
Trd, 4318106.293, 88
Trd, 4318108.543, 140
Trd, 4318109.893, 140
Trd, 4318110.493, 140
Trd, 4318112.193, 140
Trd, 4318112.843, 140
Trd, 4318113.193, 139
Trd, 4318113.943, 139
Trd, 4318114.093, 128
Trd, 4318115.343, 137
Trd, 4318115.493, 136
Trd, 4318116.743, 128
Trd, 4318117.143, 128
Trd, 4318118.093, 117
Trd, 4318118.643, 125
Trd, 4318118.843, 126
Trd, 4318119.043, 113
Trd, 4318120.293, 140
Trd, 4318120.743, 140
Trd, 4318120.943, 140
Trd, 4318121.443, 140
Trd, 4318123.143, 140
Trd, 4318126.243, 140
Trd, 4318126.643, 140
Trd, 4318129.043, 140
Trd, 4318129.993, 140
Trd, 4318130.743, 140
Trd, 4318132.393, 140
Trd, 4318132.443, 140
Trd, 4318132.493, 140
Trd, 4318132.943, 140
Trd, 4318133.193, 140
Trd, 4318134.593, 140
Trd, 4318135.893, 140
Trd, 4318136.043, 140
Trd, 4318136.693, 140
Trd, 4318137.393, 140
Trd, 4318137.843, 140
Trd, 4318138.843, 107
Trd, 4318139.493, 109
Trd, 4318139.593, 93
Trd, 4318139.793, 92
Trd, 4318140.593, 140
Trd, 4318140.893, 140
Trd, 4318141.193, 136
Trd, 4318144.243, 140
Trd, 4318144.593, 138
Trd, 4318145.193, 140
Trd, 4318145.793, 140
Trd, 4318146.843, 140
Trd, 4318147.193, 140
Trd, 4318148.243, 140
Trd, 4318148.543, 140
Trd, 4318149.093, 140
Trd, 4318149.243, 140
Trd, 4318150.143, 94
Trd, 4318150.993, 101
Trd, 4318151.293, 102
Trd, 4318152.343, 140
Trd, 4318153.493, 138
Trd, 4318153.893, 137
Trd, 4318154.293, 137
Trd, 4318154.893, 140
Trd, 4318155.793, 137
Trd, 4318155.893, 118
Trd, 4318156.593, 140
Trd, 4318157.343, 140
Trd, 4318158.143, 61
Trd, 4318159.593, 119
Trd, 4318160.443, 140
Trd, 4318161.693, 114
Trd, 4318162.193, 130
Trd, 4318162.393, 138
Trd, 4318163.393, 138
Trd, 4318166.443, 140
Trd, 4318166.543, 140
Trd, 4318169.193, 140
Trd, 4318169.493, 140
Trd, 4318169.643, 140
Trd, 4318169.843, 140
Trd, 4318171.293, 140
Trd, 4318172.143, 140
Trd, 4318173.693, 108
Trd, 4318174.093, 137
Trd, 4318174.393, 103
Trd, 4318174.843, 122
Trd, 4318175.043, 124
Trd, 4318175.143, 139
Trd, 4318175.843, 104
Trd, 4318175.893, 102
Trd, 4318176.193, 104
Trd, 4318177.093, 139
Trd, 4318178.393, 140
Trd, 4318179.193, 140
Trd, 4318180.943, 140
Trd, 4318181.793, 119
Trd, 4318182.493, 60
Trd, 4318182.993, 60
Trd, 4318183.843, 60
Trd, 4318185.493, 71
Trd, 4318186.643, 140
Trd, 4318187.393, 140
Trd, 4318188.543, 140
Trd, 4318189.643, 140
Trd, 4318190.643, 140
Trd, 4318190.743, 140
Trd, 4318192.243, 140
Trd, 4318192.993, 139
Trd, 4318193.293, 140
Trd, 4318193.843, 140
Trd, 4318193.943, 140
Trd, 4318194.393, 140
Trd, 4318196.093, 140
Trd, 4318197.443, 126
Trd, 4318197.943, 140
Trd, 4318199.493, 140
Trd, 4318199.993, 140
Trd, 4318201.493, 140
Trd, 4318203.743, 140
Trd, 4318203.993, 140
Trd, 4318204.493, 140
Trd, 4318204.593, 140
Trd, 4318205.043, 140
Trd, 4318205.793, 140
Trd, 4318206.243, 140
Trd, 4318206.693, 140
Trd, 4318207.993, 140
Trd, 4318208.593, 140
Trd, 4318208.943, 140
Trd, 4318208.993, 140
Trd, 4318209.143, 140
Trd, 4318211.593, 109
Trd, 4318212.593, 113
Trd, 4318212.693, 115
Trd, 4318212.893, 103
Trd, 4318214.643, 140
Trd, 4318215.143, 140
Trd, 4318216.143, 87
Trd, 4318217.543, 140
Trd, 4318217.893, 102
Trd, 4318218.993, 140
Trd, 4318219.643, 140
Trd, 4318220.093, 140
Trd, 4318220.643, 140
Trd, 4318221.543, 140
Trd, 4318223.243, 140
Trd, 4318223.643, 120
Trd, 4318224.893, 140
Trd, 4318225.043, 140
Trd, 4318226.343, 117
Trd, 4318227.143, 129
Trd, 4318228.393, 140
Trd, 4318228.593, 140
Trd, 4318228.793, 140
Trd, 4318230.493, 140
Trd, 4318231.143, 138
Trd, 4318231.293, 137
Trd, 4318232.843, 140
Trd, 4318233.143, 140
Trd, 4318234.293, 140
Trd, 4318234.643, 140
Trd, 4318236.493, 140
Trd, 4318236.843, 140
Trd, 4318237.343, 140
Trd, 4318237.543, 140
Trd, 4318238.443, 140
Trd, 4318238.993, 140
Trd, 4318239.043, 140
Trd, 4318240.643, 140
Trd, 4318241.243, 140
Trd, 4318241.543, 139
Trd, 4318242.343, 140
Trd, 4318242.543, 110
Trd, 4318243.043, 140
Trd, 4318243.243, 139
Trd, 4318244.443, 139
Trd, 4318246.943, 135
Trd, 4318246.993, 109
Trd, 4318247.043, 108
Trd, 4318249.143, 140
Trd, 4318249.193, 140
Trd, 4318249.793, 140
Trd, 4318251.043, 140
Trd, 4318252.143, 117
Trd, 4318252.443, 114
Trd, 4318253.493, 140
Trd, 4318253.693, 140
Trd, 4318255.293, 62
Trd, 4318255.493, 133
Trd, 4318256.293, 140
Trd, 4318257.493, 140
Trd, 4318257.543, 139
Trd, 4318257.893, 139
Trd, 4318258.593, 139
Trd, 4318258.693, 137
Trd, 4318260.443, 140
Trd, 4318261.043, 140
Trd, 4318261.443, 140
Trd, 4318262.093, 140
Trd, 4318263.293, 140
Trd, 4318263.743, 140
Trd, 4318264.443, 140
Trd, 4318265.443, 140
Trd, 4318265.893, 139
Trd, 4318267.543, 140
Trd, 4318267.743, 140
Trd, 4318268.093, 140
Trd, 4318269.993, 140
Trd, 4318270.193, 140
Trd, 4318270.243, 140
Trd, 4318270.343, 139
Trd, 4318272.243, 140
Trd, 4318272.343, 140
Trd, 4318272.843, 107
Trd, 4318274.193, 83
Trd, 4318275.393, 96
Trd, 4318276.393, 140
Trd, 4318277.493, 140
Trd, 4318277.943, 139
Trd, 4318278.193, 138
Trd, 4318278.643, 140
Trd, 4318280.743, 140
Trd, 4318282.143, 140
Trd, 4318282.643, 140
Trd, 4318283.393, 140
Trd, 4318284.393, 140
Trd, 4318285.293, 140
Trd, 4318285.493, 140
Trd, 4318286.143, 140
Trd, 4318286.293, 140
Trd, 4318286.793, 140
Trd, 4318287.143, 140
Trd, 4318290.393, 140
Trd, 4318290.443, 140
Trd, 4318290.693, 138
Trd, 4318291.693, 140
Trd, 4318291.943, 140
Trd, 4318292.543, 100
Trd, 4318292.593, 99
Trd, 4318294.693, 126
Trd, 4318294.743, 109
Trd, 4318294.843, 99
Trd, 4318295.593, 127
Trd, 4318295.743, 100
Trd, 4318297.293, 140
Trd, 4318297.443, 139
Trd, 4318299.493, 140
Trd, 4318300.193, 140
Trd, 4318302.593, 140
Trd, 4318302.743, 140
Trd, 4318303.243, 140
Trd, 4318303.493, 138
Trd, 4318304.393, 111
Trd, 4318304.943, 130
Trd, 4318305.193, 79
Trd, 4318305.893, 132
Trd, 4318306.893, 122
Trd, 4318308.243, 105
Trd, 4318308.743, 140
Trd, 4318309.993, 140
Trd, 4318311.793, 140
Trd, 4318312.143, 140
Trd, 4318312.543, 139
Trd, 4318312.593, 104
Trd, 4318313.693, 140
Trd, 4318313.793, 140
Trd, 4318315.643, 140
Trd, 4318316.343, 140
Trd, 4318316.793, 140
Trd, 4318317.043, 140
Trd, 4318319.343, 140
Trd, 4318319.743, 140
Trd, 4318320.343, 140
Trd, 4318320.593, 140
Trd, 4318321.743, 136
Trd, 4318322.193, 133
Trd, 4318322.293, 119
Trd, 4318322.593, 118
Trd, 4318324.443, 114
Trd, 4318324.993, 119
Trd, 4318325.243, 119
Trd, 4318327.493, 140
Trd, 4318327.693, 140
Trd, 4318328.093, 140
Trd, 4318328.343, 108
Trd, 4318329.843, 107
Trd, 4318330.443, 107
Trd, 4318331.093, 108
Trd, 4318331.693, 140
Trd, 4318332.193, 140
Trd, 4318333.093, 140
Trd, 4318334.893, 140
Trd, 4318335.293, 140
Trd, 4318336.743, 140
Trd, 4318337.943, 140
Trd, 4318338.243, 140
Trd, 4318338.993, 140
Trd, 4318339.193, 140
Trd, 4318341.693, 140
Trd, 4318342.443, 140
Trd, 4318343.193, 140
Trd, 4318344.893, 140
Trd, 4318345.243, 140
Trd, 4318346.393, 140
Trd, 4318347.493, 140
Trd, 4318348.193, 140
Trd, 4318348.493, 140
Trd, 4318350.343, 140
Trd, 4318350.893, 140
Trd, 4318352.293, 140
Trd, 4318352.993, 140
Trd, 4318353.393, 140
Trd, 4318353.893, 140
Trd, 4318355.243, 140
Trd, 4318355.743, 140
Trd, 4318356.493, 140
Trd, 4318356.893, 140
Trd, 4318357.193, 140
Trd, 4318357.393, 91
Trd, 4318359.693, 140
Trd, 4318361.093, 140
Trd, 4318362.043, 140
Trd, 4318362.693, 140
Trd, 4318363.393, 140
Trd, 4318365.693, 140
Trd, 4318365.993, 140
Trd, 4318366.043, 140
Trd, 4318366.943, 140
Trd, 4318367.293, 139
Trd, 4318368.393, 62
Trd, 4318369.043, 138
Trd, 4318369.093, 125
Trd, 4318370.243, 109
Trd, 4318370.493, 139
Trd, 4318371.693, 140
Trd, 4318372.093, 140
Trd, 4318372.293, 111
Trd, 4318374.143, 134
Trd, 4318374.393, 116
Trd, 4318374.893, 120
Trd, 4318374.993, 140
Trd, 4318375.543, 120
Trd, 4318377.243, 92
Trd, 4318377.343, 93
Trd, 4318377.693, 63
Trd, 4318378.793, 60
Trd, 4318379.693, 60
Trd, 4318379.843, 61
Trd, 4318381.243, 60
Trd, 4318383.143, 71
Trd, 4318383.993, 67
Trd, 4318384.143, 68
Trd, 4318384.693, 121
Trd, 4318385.543, 68
Trd, 4318385.593, 65
Trd, 4318387.443, 84
Trd, 4318387.643, 89
Trd, 4318387.993, 68
Trd, 4318388.643, 96
Trd, 4318388.693, 107
Trd, 4318389.943, 60
Trd, 4318391.893, 140
Trd, 4318392.393, 140
Trd, 4318393.143, 140
Trd, 4318394.793, 140
Trd, 4318395.143, 140
Trd, 4318395.643, 140
Trd, 4318396.243, 140
Trd, 4318396.343, 140
Trd, 4318397.193, 138
Trd, 4318397.543, 139
Trd, 4318397.593, 138
Trd, 4318399.343, 123
Trd, 4318401.893, 140
Trd, 4318403.143, 140
Trd, 4318403.843, 140
Trd, 4318404.093, 140
Trd, 4318405.493, 140
Trd, 4318405.793, 139
Trd, 4318405.843, 138
Trd, 4318408.243, 140
Trd, 4318408.993, 140
Trd, 4318410.593, 140
Trd, 4318411.093, 140
Trd, 4318411.193, 140
Trd, 4318412.093, 140
Trd, 4318413.943, 140
Trd, 4318415.443, 140
Trd, 4318416.743, 140
Trd, 4318416.943, 140
Trd, 4318417.743, 140
Trd, 4318417.893, 140
Trd, 4318418.093, 140
Trd, 4318419.443, 140
Trd, 4318420.143, 140
Trd, 4318420.443, 140
Trd, 4318421.343, 140
Trd, 4318421.793, 140
Trd, 4318422.543, 140
Trd, 4318422.593, 140
Trd, 4318423.293, 139
Trd, 4318423.793, 113
Trd, 4318426.493, 137
Trd, 4318427.143, 140
Trd, 4318428.293, 137
Trd, 4318428.493, 137
Trd, 4318428.693, 118
Trd, 4318430.693, 133
Trd, 4318432.143, 140
Trd, 4318433.343, 140
Trd, 4318433.443, 140
Trd, 4318434.743, 140
Trd, 4318435.043, 139
Trd, 4318435.893, 140
Trd, 4318436.493, 140
Trd, 4318439.243, 137
Trd, 4318439.593, 140
Trd, 4318440.793, 127
Trd, 4318441.043, 138
Trd, 4318441.093, 126
Trd, 4318442.193, 113
Trd, 4318442.743, 138
Trd, 4318443.043, 104
Trd, 4318443.193, 99
Trd, 4318444.643, 140
Trd, 4318445.193, 129
Trd, 4318448.193, 67
Trd, 4318449.493, 71
Trd, 4318449.743, 72
Trd, 4318449.893, 73
Trd, 4318450.193, 72
Trd, 4318450.393, 69
Trd, 4318450.993, 78
Trd, 4318451.243, 119
Trd, 4318452.043, 139
Trd, 4318453.793, 101
Trd, 4318454.993, 140
Trd, 4318455.093, 140
Trd, 4318455.243, 140
Trd, 4318456.993, 140
Trd, 4318458.293, 140
Trd, 4318459.543, 140
Trd, 4318460.143, 140
Trd, 4318460.843, 140
Trd, 4318462.293, 140
Trd, 4318462.443, 140
Trd, 4318462.543, 140
Trd, 4318464.693, 112
Trd, 4318464.793, 128
Trd, 4318465.243, 131
Trd, 4318465.843, 111
Trd, 4318465.993, 133
Trd, 4318466.993, 133
Trd, 4318467.643, 134
Trd, 4318467.743, 132
Trd, 4318469.443, 139
Trd, 4318471.643, 140
Trd, 4318471.743, 140
Trd, 4318471.993, 140
Trd, 4318472.793, 140
Trd, 4318472.893, 140
Trd, 4318473.393, 138
Trd, 4318473.793, 106
Trd, 4318473.893, 140
Trd, 4318474.343, 73
Trd, 4318475.593, 136
Trd, 4318478.093, 140
Trd, 4318478.993, 140
Trd, 4318479.643, 140
Trd, 4318480.643, 140
Trd, 4318480.793, 140
Trd, 4318481.493, 139
Trd, 4318482.543, 140
Trd, 4318482.993, 140
Trd, 4318485.993, 140
Trd, 4318487.193, 140
Trd, 4318487.393, 140
Trd, 4318488.093, 140
Trd, 4318488.543, 140
Trd, 4318488.693, 140
Trd, 4318488.743, 140
Trd, 4318489.043, 140
Trd, 4318490.393, 140
Trd, 4318491.743, 140
Trd, 4318494.293, 140
Trd, 4318494.843, 140
Trd, 4318495.043, 140
Trd, 4318496.343, 140
Trd, 4318496.443, 140
Trd, 4318496.843, 140
Trd, 4318498.193, 140
Trd, 4318498.593, 137
Trd, 4318499.443, 107
Trd, 4318499.743, 122
Trd, 4318500.793, 140
Trd, 4318501.443, 97
Trd, 4318502.093, 140
Trd, 4318502.743, 140
Trd, 4318502.943, 140
Trd, 4318504.393, 140
Trd, 4318504.593, 140
Trd, 4318505.243, 139
Trd, 4318506.543, 140
Trd, 4318508.043, 140
Trd, 4318508.493, 140
Trd, 4318509.593, 140
Trd, 4318510.243, 140
Trd, 4318510.743, 140
Trd, 4318511.593, 140
Trd, 4318512.193, 124
Trd, 4318512.793, 140
Trd, 4318513.993, 102
Trd, 4318514.843, 131
Trd, 4318516.093, 92
Trd, 4318516.993, 140
Trd, 4318517.743, 140
Trd, 4318518.193, 140
Trd, 4318518.693, 140
Trd, 4318519.243, 140
Trd, 4318519.693, 139
Trd, 4318520.443, 140
Trd, 4318521.343, 125
Trd, 4318521.843, 101
Trd, 4318522.543, 140
Trd, 4318523.893, 140
Trd, 4318524.193, 101
Trd, 4318525.293, 124
Trd, 4318527.343, 140
Trd, 4318529.443, 140
Trd, 4318529.593, 140
Trd, 4318530.493, 140
Trd, 4318530.593, 140
Trd, 4318531.193, 140
Trd, 4318531.393, 132
Trd, 4318531.893, 139
Trd, 4318532.043, 131
Trd, 4318532.293, 107
Trd, 4318533.493, 140
Trd, 4318533.543, 139
Trd, 4318535.193, 140
Trd, 4318536.543, 140
Trd, 4318536.593, 140
Trd, 4318536.993, 140
Trd, 4318539.143, 140
Trd, 4318539.293, 140
Trd, 4318540.593, 140
Trd, 4318540.693, 139
Trd, 4318540.893, 139
Trd, 4318541.743, 140
Trd, 4318542.593, 136
Trd, 4318543.143, 135
Trd, 4318544.943, 140
Trd, 4318544.993, 140
Trd, 4318545.943, 139
Trd, 4318547.343, 140
Trd, 4318548.093, 94
Trd, 4318548.793, 140
Trd, 4318548.893, 139
Trd, 4318549.543, 102
Trd, 4318551.743, 140
Trd, 4318551.993, 140
Trd, 4318553.043, 114
Trd, 4318554.643, 127
Trd, 4318554.793, 115
Trd, 4318555.043, 114
Trd, 4318555.243, 127
Trd, 4318555.443, 83
Trd, 4318558.193, 60
Trd, 4318559.043, 60
Trd, 4318559.143, 61
Trd, 4318560.993, 138
Trd, 4318561.243, 93
Trd, 4318561.593, 73
Trd, 4318561.943, 122
Trd, 4318563.393, 138
Trd, 4318565.093, 140
Trd, 4318565.143, 139
Trd, 4318565.493, 140
Trd, 4318566.443, 140
Trd, 4318568.993, 140
Trd, 4318569.443, 140
Trd, 4318570.093, 140
Trd, 4318570.193, 140
Trd, 4318570.343, 108
Trd, 4318570.893, 140
Trd, 4318573.793, 140
Trd, 4318573.943, 140
Trd, 4318574.293, 140
Trd, 4318574.343, 140
Trd, 4318574.443, 138
Trd, 4318575.993, 104
Trd, 4318576.093, 98
Trd, 4318576.443, 139
Trd, 4318577.793, 140
Trd, 4318578.093, 140
Trd, 4318579.843, 140
Trd, 4318580.993, 140
Trd, 4318581.143, 140
Trd, 4318581.243, 140
Trd, 4318582.643, 140
Trd, 4318584.043, 140
Trd, 4318584.493, 139
Trd, 4318584.893, 138
Trd, 4318586.243, 65
Trd, 4318586.393, 63
Trd, 4318586.593, 66
Trd, 4318588.893, 85
Trd, 4318590.693, 140
Trd, 4318591.293, 140
Trd, 4318592.793, 140
Trd, 4318593.243, 140
Trd, 4318593.343, 139
Trd, 4318593.393, 139
Trd, 4318593.843, 138
Trd, 4318594.543, 138
Trd, 4318595.343, 136
Trd, 4318596.943, 82
Trd, 4318597.143, 134
Trd, 4318597.593, 114
Trd, 4318597.943, 140
Trd, 4318599.343, 140
Trd, 4318599.743, 139
Trd, 4318603.343, 140
Trd, 4318603.643, 140
Trd, 4318604.693, 140
Trd, 4318604.943, 140
Trd, 4318605.043, 140
Trd, 4318606.343, 140
Trd, 4318606.843, 139
Trd, 4318607.793, 140
Trd, 4318608.043, 140
Trd, 4318608.543, 140
Trd, 4318609.743, 105
Trd, 4318609.993, 118
Trd, 4318611.743, 103
Trd, 4318611.843, 105
Trd, 4318612.193, 102
Trd, 4318612.643, 140
Trd, 4318612.693, 139
Trd, 4318615.443, 140
Trd, 4318615.593, 108
Trd, 4318617.093, 140
Trd, 4318618.593, 140
Trd, 4318619.343, 140
Trd, 4318621.343, 140
Trd, 4318621.593, 140
Trd, 4318621.793, 140
Trd, 4318622.343, 139
Trd, 4318622.643, 137
Trd, 4318623.043, 136
Trd, 4318623.093, 133
Trd, 4318624.143, 135
Trd, 4318625.793, 140
Trd, 4318627.493, 140
Trd, 4318628.793, 140
Trd, 4318629.143, 140
Trd, 4318629.393, 140
Trd, 4318629.493, 140
Trd, 4318630.593, 140
Trd, 4318632.093, 140
Trd, 4318632.643, 140
Trd, 4318633.443, 140
Trd, 4318633.643, 140
Trd, 4318633.843, 140
Trd, 4318635.543, 140
Trd, 4318635.593, 140
Trd, 4318636.193, 140
Trd, 4318637.093, 140
Trd, 4318637.893, 140
Trd, 4318638.143, 132
Trd, 4318639.493, 129
Trd, 4318639.693, 130
Trd, 4318639.993, 78
Trd, 4318640.593, 82
Trd, 4318642.093, 140
Trd, 4318643.293, 140
Trd, 4318643.593, 140
Trd, 4318643.893, 140
Trd, 4318645.093, 140
Trd, 4318646.993, 140
Trd, 4318648.943, 140
Trd, 4318648.993, 140
Trd, 4318651.143, 140
Trd, 4318651.543, 140
Trd, 4318652.243, 140
Trd, 4318652.293, 140
Trd, 4318652.993, 140
Trd, 4318654.293, 140
Trd, 4318654.493, 140
Trd, 4318654.693, 138
Trd, 4318655.343, 139
Trd, 4318656.143, 134
Trd, 4318657.043, 140
Trd, 4318661.643, 135
Trd, 4318662.343, 138
Trd, 4318662.493, 138
Trd, 4318662.793, 117
Trd, 4318663.343, 102
Trd, 4318664.093, 101
Trd, 4318664.243, 71
Trd, 4318665.193, 72
Trd, 4318666.543, 69
Trd, 4318668.093, 131
Trd, 4318668.293, 97
Trd, 4318669.943, 128
Trd, 4318670.443, 99
Trd, 4318671.893, 105
Trd, 4318671.993, 104
Trd, 4318672.243, 104
Trd, 4318672.643, 108
Trd, 4318673.143, 105
Trd, 4318674.143, 103
Trd, 4318675.393, 103
Trd, 4318675.593, 136
Trd, 4318675.943, 135
Trd, 4318677.643, 140
Trd, 4318678.243, 139
Trd, 4318679.143, 108
Trd, 4318680.293, 140
Trd, 4318682.293, 108
Trd, 4318682.793, 138
Trd, 4318684.293, 140
Trd, 4318684.693, 140
Trd, 4318684.743, 140
Trd, 4318685.693, 140
Trd, 4318686.243, 140
Trd, 4318686.593, 139
Trd, 4318687.393, 138
Trd, 4318688.143, 123
Trd, 4318688.243, 122
Trd, 4318689.393, 62
Trd, 4318689.493, 127
Trd, 4318689.943, 132
Trd, 4318691.743, 140
Trd, 4318691.793, 140
Trd, 4318692.193, 138
Trd, 4318692.393, 117
Trd, 4318693.993, 133
Trd, 4318696.493, 140
Trd, 4318696.593, 140
Trd, 4318698.043, 140
Trd, 4318698.593, 140
Trd, 4318698.993, 140
Trd, 4318700.343, 140
Trd, 4318700.893, 140
Trd, 4318701.143, 140
Trd, 4318701.193, 140
Trd, 4318702.193, 138
Trd, 4318703.843, 115
Trd, 4318705.193, 120
Trd, 4318705.743, 118
Trd, 4318706.093, 116
Trd, 4318706.143, 129
Trd, 4318706.943, 124
Trd, 4318707.593, 139
Trd, 4318708.593, 120
Trd, 4318710.543, 140
Trd, 4318711.043, 138
Trd, 4318711.293, 137
Trd, 4318711.943, 119
Trd, 4318711.993, 109
Trd, 4318712.593, 119
Trd, 4318713.343, 120
Trd, 4318714.243, 140
Trd, 4318715.593, 140
Trd, 4318716.743, 140
Trd, 4318717.443, 140
Trd, 4318718.643, 140
Trd, 4318718.993, 138
Trd, 4318719.843, 140
Trd, 4318719.943, 129
Trd, 4318720.393, 138
Trd, 4318720.643, 97
Trd, 4318723.693, 140
Trd, 4318724.093, 140
Trd, 4318724.343, 140
Trd, 4318724.993, 140
Trd, 4318728.543, 140
Trd, 4318729.693, 140
Trd, 4318729.743, 140
Trd, 4318730.243, 140
Trd, 4318730.293, 140
Trd, 4318730.393, 140
Trd, 4318731.443, 140
Trd, 4318732.393, 140
Trd, 4318732.643, 140
Trd, 4318732.893, 140
Trd, 4318735.343, 140
Trd, 4318735.743, 139
Trd, 4318735.793, 138
Trd, 4318735.843, 138
Trd, 4318736.243, 100
Trd, 4318736.593, 136
Trd, 4318738.643, 123
Trd, 4318739.493, 118
Trd, 4318739.543, 125
Trd, 4318741.143, 140
Trd, 4318741.243, 140
Trd, 4318741.593, 140
Trd, 4318742.643, 139
Trd, 4318744.043, 140
Trd, 4318744.643, 140
Trd, 4318745.043, 140
Trd, 4318746.293, 140
Trd, 4318746.993, 140
Trd, 4318747.293, 140
Trd, 4318749.243, 140
Trd, 4318750.143, 140
Trd, 4318751.193, 137
Trd, 4318751.693, 140
Trd, 4318751.993, 140
Trd, 4318752.143, 139
Trd, 4318752.843, 134
Trd, 4318753.893, 140
Trd, 4318754.193, 82
Trd, 4318755.393, 137
Trd, 4318756.093, 98
Trd, 4318756.993, 93
Trd, 4318757.193, 92
Trd, 4318758.143, 129
Trd, 4318758.243, 129
Trd, 4318758.693, 132
Trd, 4318759.393, 95
Trd, 4318759.793, 91
Trd, 4318761.343, 140
Trd, 4318762.193, 140
Trd, 4318762.893, 114
Trd, 4318763.093, 113
Trd, 4318764.093, 101
Trd, 4318764.993, 106
Trd, 4318766.193, 123
Trd, 4318766.343, 111
Trd, 4318766.543, 137
Trd, 4318767.593, 117
Trd, 4318768.343, 139
Trd, 4318768.793, 84
Trd, 4318770.393, 140
Trd, 4318771.193, 140
Trd, 4318772.843, 140
Trd, 4318773.493, 140
Trd, 4318774.193, 81
Trd, 4318774.743, 113
Trd, 4318775.343, 140
Trd, 4318775.843, 140
Trd, 4318776.643, 140
Trd, 4318777.693, 140
Trd, 4318778.643, 114
Trd, 4318779.393, 113
Trd, 4318779.743, 109
Trd, 4318780.593, 60
Trd, 4318781.293, 60
Trd, 4318781.693, 60
Trd, 4318781.993, 61
Trd, 4318782.043, 62
Trd, 4318783.093, 60
Trd, 4318783.843, 62
Trd, 4318784.693, 63
Trd, 4318785.493, 62
Trd, 4318786.243, 61
Trd, 4318788.093, 60
Trd, 4318788.393, 66
Trd, 4318788.993, 67
Trd, 4318790.643, 83
Trd, 4318791.343, 80
Trd, 4318791.793, 109
Trd, 4318792.093, 138
Trd, 4318794.143, 139
Trd, 4318794.493, 140
Trd, 4318794.593, 138
Trd, 4318796.443, 139
Trd, 4318797.343, 140
Trd, 4318797.443, 139
Trd, 4318797.793, 140
Trd, 4318797.893, 138
Trd, 4318799.343, 134
Trd, 4318799.393, 139
Trd, 4318800.793, 127
Trd, 4318800.843, 126
Trd, 4318801.943, 112
Trd, 4318802.193, 111
Trd, 4318803.043, 111
Trd, 4318803.443, 137
Trd, 4318804.293, 62
Trd, 4318805.593, 86
Trd, 4318806.043, 88
Trd, 4318807.493, 67
Trd, 4318807.793, 61
Trd, 4318807.843, 62
Trd, 4318807.993, 87
Trd, 4318810.193, 63
Trd, 4318811.443, 60
Trd, 4318811.593, 60
Trd, 4318811.793, 67
Trd, 4318813.643, 92
Trd, 4318814.243, 118
Trd, 4318814.643, 111
Trd, 4318814.793, 110
Trd, 4318816.243, 60
Trd, 4318816.943, 60
Trd, 4318817.243, 60
Trd, 4318818.543, 62
Trd, 4318819.893, 61
Trd, 4318820.443, 140
Trd, 4318821.643, 140
Trd, 4318822.743, 140
Trd, 4318823.143, 140
Trd, 4318823.443, 140
Trd, 4318825.043, 140
Trd, 4318825.393, 140
Trd, 4318825.593, 140
Trd, 4318827.293, 140
Trd, 4318827.693, 140
Trd, 4318829.143, 140
Trd, 4318829.693, 140
Trd, 4318830.343, 140
Trd, 4318830.943, 140
Trd, 4318831.693, 140
Trd, 4318831.793, 140
Trd, 4318832.843, 140
Trd, 4318833.293, 140
Trd, 4318833.543, 111
Trd, 4318833.793, 140
Trd, 4318836.093, 140
Trd, 4318838.593, 140
Trd, 4318839.293, 140
Trd, 4318839.743, 140
Trd, 4318840.293, 140
Trd, 4318842.793, 140
Trd, 4318843.293, 140
Trd, 4318843.493, 140
Trd, 4318844.293, 140
Trd, 4318844.893, 140
Trd, 4318846.093, 140
Trd, 4318846.343, 135
Trd, 4318846.993, 140
Trd, 4318847.143, 139
Trd, 4318848.593, 110
Trd, 4318848.643, 104
Trd, 4318849.543, 130
Trd, 4318850.743, 106
Trd, 4318851.093, 105
Trd, 4318852.143, 91
Trd, 4318852.493, 133
Trd, 4318852.643, 139
Trd, 4318853.343, 139
Trd, 4318853.793, 60
Trd, 4318854.593, 64
Trd, 4318855.993, 63
Trd, 4318856.643, 64
Trd, 4318857.243, 104
Trd, 4318857.543, 69
Trd, 4318857.743, 70
Trd, 4318857.793, 107
Trd, 4318858.643, 69
Trd, 4318859.143, 100
Trd, 4318859.593, 64
Trd, 4318860.393, 109
Trd, 4318861.943, 96
Trd, 4318861.993, 136
Trd, 4318862.593, 139
Trd, 4318863.743, 140
Trd, 4318864.093, 140
Trd, 4318865.443, 83
Trd, 4318865.643, 81
Trd, 4318865.843, 71
Trd, 4318868.343, 140
Trd, 4318868.543, 140
Trd, 4318868.593, 140
Trd, 4318870.443, 140
Trd, 4318872.143, 140
Trd, 4318872.393, 140
Trd, 4318873.643, 140
Trd, 4318873.743, 140
Trd, 4318874.643, 97
Trd, 4318876.493, 60
Trd, 4318876.693, 60
Trd, 4318878.093, 60
Trd, 4318878.693, 60
Trd, 4318879.543, 60
Trd, 4318879.843, 60
Trd, 4318880.593, 60
Trd, 4318880.643, 60
Trd, 4318881.893, 128
Trd, 4318883.243, 140
Trd, 4318883.793, 140
Trd, 4318883.893, 104
Trd, 4318885.243, 105
Trd, 4318885.493, 138
Trd, 4318885.943, 130
Trd, 4318887.293, 140
Trd, 4318888.643, 140
Trd, 4318889.043, 140
Trd, 4318889.693, 127
Trd, 4318890.943, 129
Trd, 4318891.543, 130
Trd, 4318892.393, 132
Trd, 4318892.443, 135
Trd, 4318893.643, 70
Trd, 4318894.443, 140
Trd, 4318895.243, 115
Trd, 4318896.743, 140
Trd, 4318896.843, 140
Trd, 4318899.393, 140
Trd, 4318899.943, 140
Trd, 4318901.343, 140
Trd, 4318901.793, 140
Trd, 4318901.993, 140
Trd, 4318903.143, 140
Trd, 4318904.143, 140
Trd, 4318904.293, 140
Trd, 4318904.543, 140
Trd, 4318905.093, 140
Trd, 4318905.343, 118
Trd, 4318905.743, 137
Trd, 4318905.843, 140
Trd, 4318906.493, 140
Trd, 4318907.443, 95
Trd, 4318909.093, 61
Trd, 4318909.193, 61
Trd, 4318909.543, 61
Trd, 4318910.243, 60
Trd, 4318910.643, 61
Trd, 4318911.493, 76
Trd, 4318913.243, 140
Trd, 4318913.693, 139
Trd, 4318915.543, 140
Trd, 4318916.743, 140
Trd, 4318916.793, 140
Trd, 4318919.543, 140
Trd, 4318919.793, 140
Trd, 4318919.843, 140
Trd, 4318920.293, 140
Trd, 4318921.093, 140
Trd, 4318922.343, 140
Trd, 4318923.643, 140
Trd, 4318925.543, 140
Trd, 4318925.893, 140
Trd, 4318926.893, 130
Trd, 4318927.243, 118
Trd, 4318927.393, 130
Trd, 4318927.743, 131
Trd, 4318928.593, 111
Trd, 4318928.893, 110
Trd, 4318929.943, 107
Trd, 4318932.793, 140
Trd, 4318933.343, 138
Trd, 4318933.643, 106
Trd, 4318934.743, 140
Trd, 4318935.193, 140
Trd, 4318937.243, 140
Trd, 4318937.543, 140
Trd, 4318937.593, 140
Trd, 4318937.743, 140
Trd, 4318939.743, 140
Trd, 4318939.843, 140
Trd, 4318940.843, 140
Trd, 4318941.393, 136
Trd, 4318941.793, 140
Trd, 4318941.993, 140
Trd, 4318943.443, 140
Trd, 4318943.843, 140
Trd, 4318944.093, 140
Trd, 4318944.593, 140
Trd, 4318945.843, 68
Trd, 4318946.743, 137
Trd, 4318947.443, 140
Trd, 4318949.343, 125
Trd, 4318949.943, 123
Trd, 4318949.993, 124
Trd, 4318950.093, 102
Trd, 4318951.543, 106
Trd, 4318951.743, 105
Trd, 4318953.243, 107
Trd, 4318954.043, 138
Trd, 4318954.693, 129
Trd, 4318955.243, 136
Trd, 4318955.493, 109
Trd, 4318956.043, 140
Trd, 4318957.193, 139
Trd, 4318957.643, 140
Trd, 4318958.993, 66
Trd, 4318959.593, 95
Trd, 4318959.843, 68
Trd, 4318959.993, 124
Trd, 4318960.443, 125
Trd, 4318960.843, 106
Trd, 4318961.493, 72
Trd, 4318963.293, 140
Trd, 4318964.193, 140
Trd, 4318964.693, 140
Trd, 4318966.093, 140
Trd, 4318966.143, 140
Trd, 4318967.593, 140
Trd, 4318967.843, 139
Trd, 4318967.943, 139
Trd, 4318968.893, 131
Trd, 4318969.043, 139
Trd, 4318969.493, 129
Trd, 4318970.243, 67
Trd, 4318972.743, 60
Trd, 4318972.943, 60
Trd, 4318973.843, 62
Trd, 4318974.543, 62
Trd, 4318975.793, 119
Trd, 4318976.243, 94
Trd, 4318976.793, 69
Trd, 4318977.193, 94
Trd, 4318977.293, 89
Trd, 4318979.143, 111
Trd, 4318979.543, 118
Trd, 4318979.693, 117
Trd, 4318980.393, 117
Trd, 4318980.443, 96
Trd, 4318980.593, 119
Trd, 4318981.293, 140
Trd, 4318981.443, 140
Trd, 4318982.593, 130
Trd, 4318986.143, 140
Trd, 4318986.593, 139
Trd, 4318986.893, 136
Trd, 4318986.943, 134
Trd, 4318987.443, 140
Trd, 4318987.993, 118
Trd, 4318988.893, 140
Trd, 4318989.493, 140
Trd, 4318990.143, 122
Trd, 4318990.443, 121
Trd, 4318991.293, 140
Trd, 4318992.843, 120
Trd, 4318992.893, 119
Trd, 4318994.193, 114
Trd, 4318994.993, 140
Trd, 4318995.743, 140
Trd, 4318997.093, 140
Trd, 4318997.643, 140
Trd, 4318998.343, 140
Trd, 4318998.543, 140
Trd, 4318999.993, 100
Trd, 4319002.693, 140
Trd, 4319002.743, 140
Trd, 4319002.843, 140
Trd, 4319003.943, 140
Trd, 4319003.993, 140
Trd, 4319005.293, 140
Trd, 4319006.343, 140
Trd, 4319006.393, 139
Trd, 4319007.643, 140
Trd, 4319008.593, 140
Trd, 4319009.143, 140
Trd, 4319010.493, 140
Trd, 4319011.193, 140
Trd, 4319012.743, 140
Trd, 4319012.793, 140
Trd, 4319013.593, 140
Trd, 4319013.693, 140
Trd, 4319014.143, 140
Trd, 4319015.293, 108
Trd, 4319015.343, 107
Trd, 4319015.643, 96
Trd, 4319015.943, 127
Trd, 4319016.493, 67
Trd, 4319018.943, 140
Trd, 4319020.343, 140
Trd, 4319020.643, 126
Trd, 4319021.243, 140
Trd, 4319021.643, 140
Trd, 4319022.643, 140
Trd, 4319023.543, 140
Trd, 4319023.943, 140
Trd, 4319025.393, 140
Trd, 4319025.993, 140
Trd, 4319026.593, 140
Trd, 4319027.243, 140
Trd, 4319027.393, 140
Trd, 4319028.393, 140
Trd, 4319030.243, 129
Trd, 4319030.543, 136
Trd, 4319031.243, 112
Trd, 4319031.493, 112
Trd, 4319032.193, 113
Trd, 4319033.193, 129
Trd, 4319033.993, 117
Trd, 4319034.093, 116
Trd, 4319034.193, 112
Trd, 4319035.543, 131
Trd, 4319036.943, 139
Trd, 4319038.493, 140
Trd, 4319039.693, 140
Trd, 4319040.693, 140
Trd, 4319041.993, 140
Trd, 4319043.543, 140
Trd, 4319043.993, 140
Trd, 4319045.593, 140
Trd, 4319045.943, 140
Trd, 4319046.143, 140
Trd, 4319046.293, 140
Trd, 4319046.693, 140
Trd, 4319047.043, 140
Trd, 4319047.393, 140
Trd, 4319049.693, 133
Trd, 4319050.293, 93
Trd, 4319050.393, 69
Trd, 4319051.143, 134
Trd, 4319052.293, 99
Trd, 4319056.143, 140
Trd, 4319056.693, 140
Trd, 4319059.193, 140
Trd, 4319059.243, 139
Trd, 4319059.493, 140
Trd, 4319059.593, 139
Trd, 4319060.093, 94
Trd, 4319060.543, 82
Trd, 4319061.193, 138
Trd, 4319063.343, 134
Trd, 4319064.043, 98
Trd, 4319064.493, 67
Trd, 4319065.593, 87
Trd, 4319066.193, 69
Trd, 4319066.893, 70
Trd, 4319067.293, 82
Trd, 4319068.143, 86
Trd, 4319068.593, 87
Trd, 4319069.393, 140
Trd, 4319070.293, 140
Trd, 4319070.993, 140
Trd, 4319072.593, 140
Trd, 4319073.543, 140
Trd, 4319073.693, 140
Trd, 4319074.843, 140
Trd, 4319075.393, 140
Trd, 4319075.793, 140
Trd, 4319076.243, 140
Trd, 4319076.743, 140
Trd, 4319077.543, 138
Trd, 4319077.893, 139
Trd, 4319079.843, 140
Trd, 4319080.043, 139
Trd, 4319080.893, 138
Trd, 4319081.193, 111
Trd, 4319082.343, 116
Trd, 4319083.693, 140
Trd, 4319084.543, 140
Trd, 4319085.593, 140
Trd, 4319086.193, 140
Trd, 4319087.743, 140
Trd, 4319090.293, 140
Trd, 4319090.543, 140
Trd, 4319090.793, 140
Trd, 4319091.093, 140
Trd, 4319091.393, 140
Trd, 4319091.443, 140
Trd, 4319092.093, 95
Trd, 4319092.543, 140
Trd, 4319093.143, 124
Trd, 4319094.143, 139
Trd, 4319094.343, 138
Trd, 4319098.043, 140
Trd, 4319098.243, 139
Trd, 4319098.493, 139
Trd, 4319098.693, 140
Trd, 4319100.443, 140
Trd, 4319101.143, 140
Trd, 4319101.893, 140
Trd, 4319102.393, 140
Trd, 4319102.493, 110
Trd, 4319105.043, 136
Trd, 4319105.093, 119
Trd, 4319105.243, 108
Trd, 4319106.893, 64
Trd, 4319107.043, 137
Trd, 4319109.493, 140
Trd, 4319109.743, 140
Trd, 4319109.843, 140
Trd, 4319110.043, 138
Trd, 4319111.293, 119
Trd, 4319113.893, 140
Trd, 4319114.793, 140
Trd, 4319115.293, 139
Trd, 4319115.493, 139
Trd, 4319115.693, 136
Trd, 4319115.993, 131
Trd, 4319116.193, 139
Trd, 4319116.843, 138
Trd, 4319120.943, 140
Trd, 4319121.343, 140
Trd, 4319121.793, 140
Trd, 4319123.243, 140
Trd, 4319125.193, 140
Trd, 4319126.343, 140
Trd, 4319127.743, 140
Trd, 4319127.793, 140
Trd, 4319127.943, 140
Trd, 4319128.493, 140
Trd, 4319129.343, 138
Trd, 4319129.493, 138
Trd, 4319130.643, 100
Trd, 4319131.543, 140
Trd, 4319134.143, 140
Trd, 4319134.193, 140
Trd, 4319138.043, 140
Trd, 4319138.743, 140
Trd, 4319138.793, 140
Trd, 4319139.143, 140
Trd, 4319139.243, 140
Trd, 4319139.293, 140
Trd, 4319139.593, 140
Trd, 4319140.243, 105
Trd, 4319141.143, 117
Trd, 4319141.643, 116
Trd, 4319144.193, 136
Trd, 4319144.293, 137
Trd, 4319144.793, 115
Trd, 4319144.893, 111
Trd, 4319145.893, 99
Trd, 4319146.143, 140
Trd, 4319147.843, 110
Trd, 4319149.593, 140
Trd, 4319149.993, 140
Trd, 4319150.643, 139
Trd, 4319150.743, 139
Trd, 4319151.043, 106
Trd, 4319151.843, 62
Trd, 4319152.443, 125
Trd, 4319154.143, 125
Trd, 4319154.193, 124
Trd, 4319155.493, 96
Trd, 4319155.543, 123
Trd, 4319155.843, 95
Trd, 4319156.093, 73
Trd, 4319156.793, 123
Trd, 4319157.793, 139
Trd, 4319157.993, 73
Trd, 4319159.143, 65
Trd, 4319159.243, 66
Trd, 4319159.843, 65
Trd, 4319160.043, 67
Trd, 4319160.993, 94
Trd, 4319161.043, 64
Trd, 4319162.543, 136
Trd, 4319162.643, 133
Trd, 4319164.193, 67
Trd, 4319165.443, 71
Trd, 4319165.893, 87
Trd, 4319165.993, 129
Trd, 4319167.343, 95
Trd, 4319167.493, 94
Trd, 4319168.293, 140
Trd, 4319169.543, 140
Trd, 4319170.293, 140
Trd, 4319171.193, 108
Trd, 4319172.593, 111
Trd, 4319172.743, 110
Trd, 4319172.793, 109
Trd, 4319173.143, 112
Trd, 4319173.393, 118
Trd, 4319173.693, 119
Trd, 4319174.293, 140
Trd, 4319177.993, 117
Trd, 4319178.393, 118
Trd, 4319178.893, 119
Trd, 4319179.143, 120
Trd, 4319179.793, 140
Trd, 4319181.743, 140
Trd, 4319182.943, 140
Trd, 4319184.393, 140
Trd, 4319185.143, 140
Trd, 4319185.593, 140
Trd, 4319187.193, 140
Trd, 4319187.943, 140
Trd, 4319188.343, 140
Trd, 4319188.393, 140
Trd, 4319188.743, 139
Trd, 4319189.243, 140
Trd, 4319192.143, 140
Trd, 4319192.343, 140
Trd, 4319192.743, 132
Trd, 4319193.443, 140
Trd, 4319193.593, 139
Trd, 4319194.093, 105
Trd, 4319194.643, 100
Trd, 4319196.643, 118
Trd, 4319196.793, 115
Trd, 4319198.643, 140
Trd, 4319199.243, 140
Trd, 4319199.293, 140
Trd, 4319200.193, 140
Trd, 4319201.343, 139
Trd, 4319201.893, 138
Trd, 4319203.243, 125
Trd, 4319203.843, 132
Trd, 4319204.043, 126
Trd, 4319205.843, 140
Trd, 4319206.193, 140
Trd, 4319206.893, 133
Trd, 4319207.193, 138
Trd, 4319209.443, 105
Trd, 4319209.493, 104
Trd, 4319210.093, 102
Trd, 4319210.993, 78
Trd, 4319211.493, 113
Trd, 4319211.643, 137
Trd, 4319212.543, 117
Trd, 4319213.043, 63
Trd, 4319214.243, 110
Trd, 4319214.843, 124
Trd, 4319215.743, 125
Trd, 4319217.393, 140
Trd, 4319217.443, 140
Trd, 4319219.043, 138
Trd, 4319219.143, 137
Trd, 4319219.343, 127
Trd, 4319221.943, 140
Trd, 4319222.193, 140
Trd, 4319222.543, 140
Trd, 4319223.143, 114
Trd, 4319223.293, 139
Trd, 4319225.243, 139
Trd, 4319226.043, 138
Trd, 4319228.743, 140
Trd, 4319229.093, 140
Trd, 4319229.593, 140
Trd, 4319229.643, 140
Trd, 4319229.843, 138
Trd, 4319230.343, 140
Trd, 4319231.293, 139
Trd, 4319231.643, 139
Trd, 4319231.993, 137
Trd, 4319232.843, 82
Trd, 4319233.193, 100
Trd, 4319234.043, 140
Trd, 4319234.643, 140
Trd, 4319235.593, 140
Trd, 4319236.793, 140
Trd, 4319237.393, 140
Trd, 4319238.243, 140
Trd, 4319240.843, 140
Trd, 4319241.443, 140
Trd, 4319241.543, 140
Trd, 4319241.943, 140
Trd, 4319242.593, 140
Trd, 4319243.693, 140
Trd, 4319243.893, 140
Trd, 4319244.043, 140
Trd, 4319244.543, 112
Trd, 4319244.843, 111
Trd, 4319246.843, 140
Trd, 4319247.643, 140
Trd, 4319248.543, 140
Trd, 4319249.043, 140
Trd, 4319252.643, 140
Trd, 4319253.743, 140
Trd, 4319253.893, 140
Trd, 4319253.943, 140
Trd, 4319254.843, 139
Trd, 4319257.043, 140
Trd, 4319258.143, 140
Trd, 4319258.193, 139
Trd, 4319259.393, 140
Trd, 4319259.443, 140
Trd, 4319259.643, 139
Trd, 4319260.043, 138
Trd, 4319260.093, 137
Trd, 4319261.693, 140
Trd, 4319264.093, 140
Trd, 4319264.393, 140
Trd, 4319264.443, 140
Trd, 4319264.993, 139
Trd, 4319265.243, 106
Trd, 4319265.943, 68
Trd, 4319266.943, 139
Trd, 4319267.993, 139
Trd, 4319268.343, 70
Trd, 4319269.093, 64
Trd, 4319269.543, 140
Trd, 4319271.243, 98
Trd, 4319271.843, 98
Trd, 4319273.893, 137
Trd, 4319274.593, 140
Trd, 4319274.893, 140
Trd, 4319275.293, 140
Trd, 4319276.743, 140
Trd, 4319277.193, 140
Trd, 4319277.443, 140
Trd, 4319278.443, 140
Trd, 4319278.493, 139
Trd, 4319279.493, 140
Trd, 4319279.593, 140
Trd, 4319280.843, 110
Trd, 4319280.893, 102
Trd, 4319282.243, 113
Trd, 4319282.943, 120
Trd, 4319283.443, 130
Trd, 4319283.543, 123
Trd, 4319287.143, 140
Trd, 4319287.343, 140
Trd, 4319287.593, 140
Trd, 4319288.393, 140
Trd, 4319289.093, 138
Trd, 4319289.143, 122
Trd, 4319290.093, 108
Trd, 4319290.393, 69
Trd, 4319290.443, 97
Trd, 4319290.843, 72
Trd, 4319291.843, 117
Trd, 4319293.243, 140
Trd, 4319293.943, 140
Trd, 4319294.043, 140
Trd, 4319294.193, 140
Trd, 4319296.293, 140
Trd, 4319296.493, 140
Trd, 4319298.143, 140
Trd, 4319298.743, 140
Trd, 4319298.943, 140
Trd, 4319299.693, 140
Trd, 4319300.793, 140
Trd, 4319301.743, 140
Trd, 4319304.093, 140
Trd, 4319304.793, 140
Trd, 4319304.843, 140
Trd, 4319306.943, 140
Trd, 4319307.643, 140
Trd, 4319307.793, 140
Trd, 4319308.143, 140
Trd, 4319308.493, 140
Trd, 4319309.143, 140
Trd, 4319310.393, 140
Trd, 4319311.393, 140
Trd, 4319312.343, 140
Trd, 4319313.543, 140
Trd, 4319313.893, 139
Trd, 4319314.143, 137
Trd, 4319317.043, 140
Trd, 4319317.643, 140
Trd, 4319317.843, 140
Trd, 4319318.543, 140
Trd, 4319320.643, 140
Trd, 4319321.943, 140
Trd, 4319323.743, 140
Trd, 4319324.593, 140
Trd, 4319325.543, 140
Trd, 4319325.993, 140
Trd, 4319326.093, 140
Trd, 4319327.393, 140
Trd, 4319328.243, 137
Trd, 4319328.643, 138
Trd, 4319330.143, 124
Trd, 4319330.193, 116
Trd, 4319330.393, 97
Trd, 4319331.943, 60
Trd, 4319332.393, 61
Trd, 4319333.743, 60
Trd, 4319333.793, 63
Trd, 4319334.593, 63
Trd, 4319334.943, 65
Trd, 4319335.393, 104
Trd, 4319336.193, 69
Trd, 4319337.843, 63
Trd, 4319338.893, 67
Trd, 4319339.343, 67
Trd, 4319340.943, 95
Trd, 4319341.743, 97
Trd, 4319341.893, 128
Trd, 4319342.293, 98
Trd, 4319343.693, 102
Trd, 4319343.743, 101
Trd, 4319344.393, 112
Trd, 4319345.043, 107
Trd, 4319345.593, 106
Trd, 4319346.943, 113
Trd, 4319347.493, 112
Trd, 4319347.843, 111
Trd, 4319347.993, 112
Trd, 4319348.593, 113
Trd, 4319349.593, 137
Trd, 4319349.943, 99
Trd, 4319350.043, 97
Trd, 4319352.193, 140
Trd, 4319354.193, 140
Trd, 4319354.243, 140
Trd, 4319354.893, 140
Trd, 4319355.543, 140
Trd, 4319357.193, 140
Trd, 4319357.393, 140
Trd, 4319358.693, 140
Trd, 4319360.043, 140
Trd, 4319360.893, 140
Trd, 4319362.243, 140
Trd, 4319363.093, 140
Trd, 4319364.293, 140
Trd, 4319366.943, 140
Trd, 4319368.593, 140
Trd, 4319369.193, 140
Trd, 4319369.293, 140
Trd, 4319369.493, 140
Trd, 4319369.643, 140
Trd, 4319370.193, 112
Trd, 4319372.343, 140
Trd, 4319372.443, 140
Trd, 4319373.543, 140
Trd, 4319374.743, 139
Trd, 4319375.593, 140
Trd, 4319375.743, 140
Trd, 4319376.143, 140
Trd, 4319377.343, 140
Trd, 4319378.143, 140
Trd, 4319378.343, 139
Trd, 4319380.943, 140
Trd, 4319381.143, 140
Trd, 4319381.193, 140
Trd, 4319381.493, 140
Trd, 4319381.643, 140
Trd, 4319382.093, 123
Trd, 4319384.393, 140
Trd, 4319384.443, 139
Trd, 4319384.843, 138
Trd, 4319385.443, 104
Trd, 4319385.493, 103
Trd, 4319386.893, 140
Trd, 4319388.543, 139
Trd, 4319389.243, 140
Trd, 4319390.543, 120
Trd, 4319391.793, 126
Trd, 4319391.843, 127
Trd, 4319392.343, 113
Trd, 4319393.393, 117
Trd, 4319393.593, 116
Trd, 4319393.943, 116
Trd, 4319393.993, 115
Trd, 4319394.393, 131
Trd, 4319394.793, 80
Trd, 4319395.643, 69
Trd, 4319397.343, 65
Trd, 4319398.043, 121
Trd, 4319398.643, 101
Trd, 4319398.743, 120
Trd, 4319399.443, 121
Trd, 4319399.993, 103
Trd, 4319400.093, 122
Trd, 4319401.293, 102
Trd, 4319401.943, 82
Trd, 4319402.543, 135
Trd, 4319403.043, 140
Trd, 4319403.193, 82
Trd, 4319404.193, 102
Trd, 4319404.543, 101
Trd, 4319404.893, 135
Trd, 4319406.993, 105
Trd, 4319407.643, 97
Trd, 4319408.043, 94
Trd, 4319408.443, 122
Trd, 4319408.793, 115
Trd, 4319409.343, 88
Trd, 4319409.493, 87
Trd, 4319410.793, 93
Trd, 4319411.093, 107
Trd, 4319412.593, 105
Trd, 4319413.693, 103
Trd, 4319413.743, 95
Trd, 4319414.893, 61
Trd, 4319415.543, 66
Trd, 4319416.893, 63
Trd, 4319417.243, 65
Trd, 4319417.393, 61
Trd, 4319417.593, 91
Trd, 4319417.643, 128
Trd, 4319418.743, 140
Trd, 4319419.493, 140
Trd, 4319419.843, 104
Trd, 4319420.343, 85
Trd, 4319421.793, 140
Trd, 4319422.393, 140
Trd, 4319423.843, 140
Trd, 4319423.893, 140
Trd, 4319424.343, 140
Trd, 4319425.543, 126
Trd, 4319426.343, 136
Trd, 4319427.643, 104
Trd, 4319428.393, 140
Trd, 4319428.643, 139
Trd, 4319429.293, 104
Trd, 4319429.493, 79
Trd, 4319430.743, 140
Trd, 4319431.843, 140
Trd, 4319432.393, 140
Trd, 4319433.343, 139
Trd, 4319434.893, 140
Trd, 4319435.543, 139
Trd, 4319435.593, 138
Trd, 4319436.043, 138
Trd, 4319436.143, 137
Trd, 4319437.693, 140
Trd, 4319440.193, 126
Trd, 4319440.543, 126
Trd, 4319440.593, 104
Trd, 4319440.743, 103
Trd, 4319441.143, 127
Trd, 4319441.743, 129
Trd, 4319442.943, 96
Trd, 4319442.993, 95
Trd, 4319445.743, 140
Trd, 4319447.243, 140
Trd, 4319447.643, 140
Trd, 4319448.093, 140
Trd, 4319449.243, 140
Trd, 4319449.293, 140
Trd, 4319449.993, 139
Trd, 4319450.543, 137
Trd, 4319452.193, 140
Trd, 4319452.343, 140
Trd, 4319452.943, 140
Trd, 4319453.943, 140
Trd, 4319454.243, 140
Trd, 4319454.793, 138
Trd, 4319455.493, 140
Trd, 4319455.643, 140
Trd, 4319458.093, 140
Trd, 4319458.993, 139
Trd, 4319459.643, 124
Trd, 4319460.343, 126
Trd, 4319460.793, 140
Trd, 4319461.043, 139
Trd, 4319462.093, 135
Trd, 4319463.093, 105
Trd, 4319463.243, 125
Trd, 4319463.443, 135
Trd, 4319464.043, 136
Trd, 4319464.343, 105
Trd, 4319464.443, 103
Trd, 4319464.743, 101
Trd, 4319465.343, 140
Trd, 4319467.093, 101
Trd, 4319467.843, 129
Trd, 4319468.543, 130
Trd, 4319469.693, 140
Trd, 4319470.093, 140
Trd, 4319471.593, 140
Trd, 4319471.643, 140
Trd, 4319471.743, 138
Trd, 4319473.093, 118
Trd, 4319473.693, 133
Trd, 4319473.743, 116
Trd, 4319474.093, 98
Trd, 4319474.193, 134
Trd, 4319476.093, 126
Trd, 4319477.193, 137
Trd, 4319479.343, 136
Trd, 4319479.393, 135
Trd, 4319479.843, 140
Trd, 4319480.193, 140
Trd, 4319482.743, 140
Trd, 4319482.943, 140
Trd, 4319484.293, 140
Trd, 4319484.543, 140
Trd, 4319485.193, 140
Trd, 4319486.293, 140
Trd, 4319486.643, 140
Trd, 4319488.793, 140
Trd, 4319489.043, 140
Trd, 4319489.743, 140
Trd, 4319490.593, 140
Trd, 4319490.743, 140
Trd, 4319492.193, 140
Trd, 4319492.843, 140
Trd, 4319493.393, 140
Trd, 4319493.843, 140
Trd, 4319494.443, 140
Trd, 4319494.843, 140
Trd, 4319496.093, 140
Trd, 4319496.993, 140
Trd, 4319497.543, 140
Trd, 4319497.593, 140
Trd, 4319498.993, 140
Trd, 4319499.893, 72
Trd, 4319500.643, 97
Trd, 4319500.993, 97
Trd, 4319501.043, 98
Trd, 4319502.243, 140
Trd, 4319502.643, 140
Trd, 4319503.343, 140
Trd, 4319504.343, 140
Trd, 4319505.343, 140
Trd, 4319506.593, 140
Trd, 4319506.793, 119
Trd, 4319507.343, 98
Trd, 4319507.743, 139
Trd, 4319510.293, 140
Trd, 4319512.043, 140
Trd, 4319512.543, 140
Trd, 4319513.043, 140
Trd, 4319513.793, 140
Trd, 4319513.943, 140
Trd, 4319514.843, 140
Trd, 4319515.193, 137
Trd, 4319515.643, 135
Trd, 4319516.193, 105
Trd, 4319516.593, 139
Trd, 4319517.343, 140
Trd, 4319518.193, 140
Trd, 4319520.743, 140
Trd, 4319521.843, 140
Trd, 4319522.093, 140
Trd, 4319522.843, 140
Trd, 4319524.893, 140
Trd, 4319525.143, 140
Trd, 4319526.293, 140
Trd, 4319526.643, 140
Trd, 4319527.343, 140
Trd, 4319528.543, 140
Trd, 4319528.993, 139
Trd, 4319529.193, 101
Trd, 4319529.993, 68
Trd, 4319530.193, 140
Trd, 4319532.143, 60
Trd, 4319533.743, 140
Trd, 4319533.943, 140
Trd, 4319535.743, 140
Trd, 4319537.593, 140
Trd, 4319537.743, 140
Trd, 4319538.143, 140
Trd, 4319538.793, 140
Trd, 4319539.843, 140
Trd, 4319540.043, 140
Trd, 4319541.543, 140
Trd, 4319541.693, 140
Trd, 4319541.793, 140
Trd, 4319542.293, 140
Trd, 4319543.293, 85
Trd, 4319543.843, 133
Trd, 4319544.343, 117
Trd, 4319544.643, 89
Trd, 4319545.243, 100
Trd, 4319545.343, 102
Trd, 4319547.693, 140
Trd, 4319549.043, 140
Trd, 4319549.393, 140
Trd, 4319550.093, 125
Trd, 4319550.843, 92
Trd, 4319552.143, 140
Trd, 4319552.543, 140
Trd, 4319553.893, 140
Trd, 4319555.193, 140
Trd, 4319556.093, 140
Trd, 4319556.393, 140
Trd, 4319556.543, 140
Trd, 4319557.843, 140
Trd, 4319558.043, 138
Trd, 4319558.743, 87
Trd, 4319559.443, 96
Trd, 4319560.293, 96
Trd, 4319560.543, 82
Trd, 4319561.693, 133
Trd, 4319561.793, 135
Trd, 4319562.493, 71
Trd, 4319562.893, 96
Trd, 4319563.393, 107
Trd, 4319565.443, 61
Trd, 4319567.093, 60
Trd, 4319567.693, 61
Trd, 4319567.943, 61
Trd, 4319568.843, 69
Trd, 4319569.993, 60
Trd, 4319570.443, 64
Trd, 4319571.643, 92
Trd, 4319572.143, 137
Trd, 4319572.993, 70
Trd, 4319573.043, 68
Trd, 4319573.943, 70
Trd, 4319574.193, 70
Trd, 4319575.493, 72
Trd, 4319575.543, 73
Trd, 4319575.843, 72
Trd, 4319576.193, 103
Trd, 4319577.043, 77
Trd, 4319579.743, 140
Trd, 4319579.993, 140
Trd, 4319580.693, 140
Trd, 4319581.093, 140
Trd, 4319582.393, 72
Trd, 4319583.193, 140
Trd, 4319583.293, 140
Trd, 4319583.943, 136
Trd, 4319585.143, 135
Trd, 4319585.693, 61
Trd, 4319586.043, 61
Trd, 4319586.593, 95
Trd, 4319588.393, 140
Trd, 4319590.043, 140
Trd, 4319590.243, 140
Trd, 4319590.293, 140
Trd, 4319591.493, 140
Trd, 4319591.543, 120
Trd, 4319592.693, 139
Trd, 4319593.043, 139
Trd, 4319594.293, 140
Trd, 4319594.893, 129
Trd, 4319596.343, 134
Trd, 4319596.593, 140
Trd, 4319597.693, 137
Trd, 4319598.093, 140
Trd, 4319599.193, 139
Trd, 4319599.743, 137
Trd, 4319601.293, 105
Trd, 4319602.143, 140
Trd, 4319602.793, 140
Trd, 4319603.143, 140
Trd, 4319603.743, 140
Trd, 4319603.843, 140
Trd, 4319604.193, 138
Trd, 4319604.793, 136
Trd, 4319607.843, 140
Trd, 4319608.593, 140
Trd, 4319608.993, 139
Trd, 4319609.543, 138
Trd, 4319610.493, 128
Trd, 4319610.893, 119
Trd, 4319612.393, 133
Trd, 4319612.993, 126
Trd, 4319613.693, 140
Trd, 4319614.943, 140
Trd, 4319615.143, 140
Trd, 4319615.193, 140
Trd, 4319615.993, 140
Trd, 4319617.143, 140
Trd, 4319618.043, 140
Trd, 4319620.593, 140
Trd, 4319620.743, 140
Trd, 4319621.643, 140
Trd, 4319621.993, 140
Trd, 4319622.543, 140
Trd, 4319623.643, 140
Trd, 4319624.443, 140
Trd, 4319624.843, 140
Trd, 4319625.443, 139
Trd, 4319626.093, 140
Trd, 4319626.343, 136
Trd, 4319626.443, 100
Trd, 4319627.893, 89
Trd, 4319628.043, 105
Trd, 4319628.993, 66
Trd, 4319629.243, 62
Trd, 4319629.843, 86
Trd, 4319630.643, 61
Trd, 4319630.943, 104
Trd, 4319631.043, 107
Trd, 4319633.393, 60
Trd, 4319633.843, 60
Trd, 4319634.443, 61
Trd, 4319635.143, 71
Trd, 4319635.293, 137
Trd, 4319636.643, 61
Trd, 4319637.043, 76
Trd, 4319639.243, 104
Trd, 4319639.543, 60
Trd, 4319641.343, 140
Trd, 4319641.443, 140
Trd, 4319641.493, 140
Trd, 4319642.043, 140
Trd, 4319643.443, 137
Trd, 4319644.843, 119
Trd, 4319645.493, 95
Trd, 4319645.693, 136
Trd, 4319646.243, 118
Trd, 4319648.243, 135
Trd, 4319648.543, 80
Trd, 4319648.643, 136
Trd, 4319649.743, 140
Trd, 4319650.093, 140
Trd, 4319651.793, 140
Trd, 4319652.793, 140
Trd, 4319652.843, 140
Trd, 4319653.643, 140
Trd, 4319654.093, 140
Trd, 4319656.143, 140
Trd, 4319656.693, 75
Trd, 4319657.043, 140
Trd, 4319657.493, 140
Trd, 4319658.143, 140
Trd, 4319659.043, 78
Trd, 4319659.943, 60
Trd, 4319661.143, 128
Trd, 4319661.993, 121
Trd, 4319662.193, 118
Trd, 4319662.643, 84
Trd, 4319662.743, 128
Trd, 4319662.893, 71
Trd, 4319663.393, 139
Trd, 4319664.793, 79
Trd, 4319665.643, 135
Trd, 4319667.793, 61
Trd, 4319669.293, 68
Trd, 4319669.393, 70
Trd, 4319669.893, 76
Trd, 4319672.393, 140
Trd, 4319672.543, 140
Trd, 4319672.693, 140
Trd, 4319673.293, 140
Trd, 4319674.943, 140
Trd, 4319675.993, 140
Trd, 4319676.943, 140
Trd, 4319677.243, 140
Trd, 4319677.943, 140
Trd, 4319678.793, 140
Trd, 4319678.993, 140
Trd, 4319680.043, 140
Trd, 4319680.143, 140
Trd, 4319680.393, 140
Trd, 4319681.793, 140
Trd, 4319682.693, 140
Trd, 4319683.243, 140
Trd, 4319683.943, 139
Trd, 4319685.293, 140
Trd, 4319685.693, 139
Trd, 4319685.893, 139
Trd, 4319686.343, 140
Trd, 4319686.543, 140
Trd, 4319687.343, 140
Trd, 4319687.393, 114
Trd, 4319687.943, 139
Trd, 4319688.843, 124
Trd, 4319689.343, 123
Trd, 4319690.093, 127
Trd, 4319691.093, 88
Trd, 4319692.543, 140
Trd, 4319693.443, 140
Trd, 4319695.443, 140
Trd, 4319695.493, 140
Trd, 4319695.543, 140
Trd, 4319696.493, 140
Trd, 4319696.893, 140
Trd, 4319696.993, 140
Trd, 4319697.993, 136
Trd, 4319698.993, 132
Trd, 4319699.143, 127
Trd, 4319699.843, 138
Trd, 4319702.143, 133
Trd, 4319702.393, 129
Trd, 4319702.943, 140
Trd, 4319703.943, 135
Trd, 4319704.643, 126
Trd, 4319705.593, 114
Trd, 4319705.693, 131
Trd, 4319707.193, 91
Trd, 4319707.293, 127
Trd, 4319707.393, 90
Trd, 4319710.343, 140
Trd, 4319710.493, 140
Trd, 4319711.243, 140
Trd, 4319711.843, 140
Trd, 4319713.693, 140
Trd, 4319714.993, 140
Trd, 4319716.143, 140
Trd, 4319716.343, 140
Trd, 4319717.293, 140
Trd, 4319717.643, 140
Trd, 4319718.293, 131
Trd, 4319719.343, 138
Trd, 4319721.193, 140
Trd, 4319722.393, 94
Trd, 4319722.693, 95
Trd, 4319723.943, 131
Trd, 4319724.143, 139
Trd, 4319725.243, 127
Trd, 4319725.793, 140
Trd, 4319726.443, 129
Trd, 4319726.593, 128
Trd, 4319727.193, 129
Trd, 4319728.293, 140
Trd, 4319728.643, 139
Trd, 4319729.093, 114
Trd, 4319729.993, 138
Trd, 4319730.993, 130
Trd, 4319733.743, 138
Trd, 4319733.893, 137
Trd, 4319733.993, 121
Trd, 4319734.493, 67
Trd, 4319735.793, 60
Trd, 4319736.193, 60
Trd, 4319736.543, 139
Trd, 4319737.493, 72
Trd, 4319738.143, 83
Trd, 4319738.743, 127
Trd, 4319739.693, 92
Trd, 4319740.593, 134
Trd, 4319740.693, 135
Trd, 4319741.243, 80
Trd, 4319742.093, 140
Trd, 4319742.593, 140
Trd, 4319743.643, 140
Trd, 4319744.543, 123
Trd, 4319745.343, 136
Trd, 4319745.493, 123
Trd, 4319747.293, 134
Trd, 4319747.343, 139
Trd, 4319747.893, 137
Trd, 4319748.193, 136
Trd, 4319748.943, 113
Trd, 4319749.243, 139
Trd, 4319750.493, 91
Trd, 4319750.893, 92
Trd, 4319751.293, 134
Trd, 4319751.393, 87
Trd, 4319752.593, 139
Trd, 4319752.743, 60
Trd, 4319755.443, 140
Trd, 4319755.543, 140
Trd, 4319757.043, 140
Trd, 4319757.293, 140
Trd, 4319758.043, 140
Trd, 4319758.343, 140
Trd, 4319758.743, 140
Trd, 4319758.943, 138
Trd, 4319759.343, 139
Trd, 4319762.143, 140
Trd, 4319764.493, 140
Trd, 4319765.043, 140
Trd, 4319766.193, 140
Trd, 4319767.943, 140
Trd, 4319768.543, 140
Trd, 4319770.443, 140
Trd, 4319771.393, 140
Trd, 4319772.093, 140
Trd, 4319773.143, 140
Trd, 4319773.943, 140
Trd, 4319774.643, 140
Trd, 4319777.093, 140
Trd, 4319777.893, 140
Trd, 4319779.243, 140
Trd, 4319779.493, 140
Trd, 4319779.593, 140
Trd, 4319779.743, 140
Trd, 4319781.293, 140
Trd, 4319781.443, 140
Trd, 4319782.743, 140
Trd, 4319784.793, 110
Trd, 4319784.843, 111
Trd, 4319785.443, 140
Trd, 4319786.043, 134
Trd, 4319786.643, 139
Trd, 4319786.843, 134
Trd, 4319787.093, 138
Trd, 4319787.543, 133
Trd, 4319788.043, 116
Trd, 4319789.243, 81
Trd, 4319790.743, 81
Trd, 4319791.193, 71
Trd, 4319791.243, 82
Trd, 4319791.693, 83
Trd, 4319793.243, 60
Trd, 4319793.493, 60
Trd, 4319793.893, 63
Trd, 4319794.243, 84
Trd, 4319794.493, 100
Trd, 4319796.193, 71
Trd, 4319796.443, 69
Trd, 4319797.343, 75
Trd, 4319797.543, 97
Trd, 4319797.793, 101
Trd, 4319801.643, 140
Trd, 4319801.993, 140
Trd, 4319802.143, 140
Trd, 4319802.193, 140
Trd, 4319803.393, 139
Trd, 4319804.943, 139
Trd, 4319806.193, 140
Trd, 4319806.493, 98
Trd, 4319806.743, 97
Trd, 4319806.993, 140
Trd, 4319810.043, 140
Trd, 4319810.143, 140
Trd, 4319810.393, 140
Trd, 4319810.643, 137
Trd, 4319812.543, 119
Trd, 4319813.793, 140
Trd, 4319816.193, 140
Trd, 4319817.843, 140
Trd, 4319818.243, 140
Trd, 4319818.593, 140
Trd, 4319819.743, 140
Trd, 4319821.343, 140
Trd, 4319821.843, 140
Trd, 4319822.343, 140
Trd, 4319822.693, 140
Trd, 4319824.943, 140
Trd, 4319825.693, 140
Trd, 4319825.743, 140
Trd, 4319826.743, 140
Trd, 4319826.943, 140
Trd, 4319827.043, 140
Trd, 4319827.443, 140
Trd, 4319827.543, 140
Trd, 4319828.743, 112
Trd, 4319829.093, 138
Trd, 4319829.393, 140
Trd, 4319829.893, 140
Trd, 4319831.343, 126
Trd, 4319832.593, 86
Trd, 4319833.543, 123
Trd, 4319834.543, 119
Trd, 4319836.093, 114
Trd, 4319836.143, 113
Trd, 4319836.943, 94
Trd, 4319837.043, 114
Trd, 4319837.943, 98
Trd, 4319837.993, 97
Trd, 4319838.643, 138
Trd, 4319839.793, 72
Trd, 4319840.093, 134
Trd, 4319841.943, 122
Trd, 4319842.543, 120
Trd, 4319843.093, 116
Trd, 4319844.743, 129
Trd, 4319844.993, 128
Trd, 4319845.443, 133
Trd, 4319846.243, 140
Trd, 4319847.443, 133
Trd, 4319848.643, 93
Trd, 4319848.993, 86
Trd, 4319849.443, 95
Trd, 4319849.843, 94
Trd, 4319850.343, 83
Trd, 4319850.693, 96
Trd, 4319850.993, 131
Trd, 4319851.543, 84
Trd, 4319852.243, 131
Trd, 4319853.393, 66
Trd, 4319853.993, 130
Trd, 4319856.593, 84
Trd, 4319856.993, 120
Trd, 4319857.093, 81
Trd, 4319859.493, 140
Trd, 4319859.593, 140
Trd, 4319859.643, 140
Trd, 4319861.893, 140
Trd, 4319862.393, 140
Trd, 4319863.393, 140
Trd, 4319863.793, 140
Trd, 4319864.593, 139
Trd, 4319864.893, 140
Trd, 4319865.393, 132
Trd, 4319867.293, 125
Trd, 4319867.593, 125
Trd, 4319868.443, 108
Trd, 4319869.143, 85
Trd, 4319869.793, 117
Trd, 4319871.093, 63
Trd, 4319871.493, 64
Trd, 4319871.643, 65
Trd, 4319872.093, 66
Trd, 4319873.293, 140
Trd, 4319875.393, 61
Trd, 4319875.543, 62
Trd, 4319876.143, 63
Trd, 4319876.543, 66
Trd, 4319877.743, 140
Trd, 4319879.193, 140
Trd, 4319879.893, 138
Trd, 4319880.893, 139
Trd, 4319881.343, 138
Trd, 4319882.693, 138
Trd, 4319883.343, 98
Trd, 4319886.043, 140
Trd, 4319886.293, 140
Trd, 4319886.593, 139
Trd, 4319886.643, 139
Trd, 4319886.793, 140
Trd, 4319887.793, 117
Trd, 4319888.293, 95
Trd, 4319888.493, 87
Trd, 4319889.243, 61
Trd, 4319889.943, 61
Trd, 4319891.293, 60
Trd, 4319892.043, 60
Trd, 4319892.393, 61
Trd, 4319893.143, 62
Trd, 4319893.443, 67
Trd, 4319894.343, 63
Trd, 4319894.693, 68
Trd, 4319895.293, 69
Trd, 4319896.993, 61
Trd, 4319897.693, 62
Trd, 4319897.893, 62
Trd, 4319898.243, 62
Trd, 4319899.493, 73
Trd, 4319899.743, 138
Trd, 4319899.993, 138
Trd, 4319900.993, 140
Trd, 4319903.993, 61
Trd, 4319904.043, 62
Trd, 4319904.743, 60
Trd, 4319905.293, 60
Trd, 4319905.643, 60
Trd, 4319905.893, 68
Trd, 4319906.993, 137
Trd, 4319907.943, 139
Trd, 4319909.243, 140
Trd, 4319909.743, 140
Trd, 4319910.143, 140
Trd, 4319911.243, 140
Trd, 4319911.593, 140
Trd, 4319912.193, 140
Trd, 4319914.443, 140
Trd, 4319914.593, 140
Trd, 4319914.693, 140
Trd, 4319916.993, 140
Trd, 4319918.143, 140
Trd, 4319918.643, 140
Trd, 4319918.843, 140
Trd, 4319919.193, 140
Trd, 4319920.543, 140
Trd, 4319921.343, 140
Trd, 4319921.893, 140
Trd, 4319922.343, 140
Trd, 4319922.543, 140
Trd, 4319922.743, 140
Trd, 4319922.793, 139
Trd, 4319923.943, 95
Trd, 4319925.743, 140
Trd, 4319925.793, 139
Trd, 4319926.343, 98
Trd, 4319926.943, 136
Trd, 4319927.193, 84
Trd, 4319928.293, 140
Trd, 4319929.643, 140
Trd, 4319930.343, 140
Trd, 4319930.943, 140
Trd, 4319933.393, 140
Trd, 4319933.893, 140
Trd, 4319934.643, 140
Trd, 4319935.193, 139
Trd, 4319937.593, 140
Trd, 4319937.943, 140
Trd, 4319938.843, 140
Trd, 4319939.543, 140
Trd, 4319940.343, 140
Trd, 4319940.993, 140
Trd, 4319941.193, 140
Trd, 4319941.343, 140
Trd, 4319942.193, 109
Trd, 4319943.093, 113
Trd, 4319943.143, 114
Trd, 4319943.543, 135
Trd, 4319945.143, 140
Trd, 4319946.793, 137
Trd, 4319947.343, 140
Trd, 4319947.743, 140
Trd, 4319948.643, 140
Trd, 4319949.993, 140
Trd, 4319950.843, 140
Trd, 4319951.893, 140
Trd, 4319952.493, 140
Trd, 4319952.943, 140
Trd, 4319953.493, 140
Trd, 4319953.893, 140
Trd, 4319954.893, 140
Trd, 4319956.243, 138
Trd, 4319956.443, 140
Trd, 4319956.493, 139
Trd, 4319956.743, 106
Trd, 4319957.043, 93
Trd, 4319957.593, 136
Trd, 4319958.093, 140
Trd, 4319959.293, 140
Trd, 4319961.743, 140
Trd, 4319962.243, 140
Trd, 4319962.293, 139
Trd, 4319964.043, 90
Trd, 4319964.593, 107
Trd, 4319964.943, 85
Trd, 4319964.993, 108
Trd, 4319965.093, 109
Trd, 4319966.393, 94
Trd, 4319968.393, 138
Trd, 4319969.243, 133
Trd, 4319970.543, 138
Trd, 4319970.593, 138
Trd, 4319970.693, 140
Trd, 4319970.893, 130
Trd, 4319971.293, 139
Trd, 4319972.293, 140
Trd, 4319973.943, 140
Trd, 4319975.743, 140
Trd, 4319976.393, 140
Trd, 4319977.843, 140
Trd, 4319978.293, 139
Trd, 4319978.993, 140
Trd, 4319979.343, 140
Trd, 4319979.593, 75
Trd, 4319980.193, 117
Trd, 4319980.243, 116
Trd, 4319980.693, 140
Trd, 4319981.243, 82
Trd, 4319981.943, 61
Trd, 4319982.293, 61
Trd, 4319984.643, 60
Trd, 4319984.743, 63
Trd, 4319985.993, 60
Trd, 4319986.493, 87
Trd, 4319988.293, 67
Trd, 4319989.593, 110
Trd, 4319990.743, 70
Trd, 4319991.043, 110
Trd, 4319991.543, 112
Trd, 4319992.693, 83
Trd, 4319992.743, 82
Trd, 4319992.893, 136
Trd, 4319993.543, 81
Trd, 4319994.193, 137
Trd, 4319994.593, 63
Trd, 4319994.793, 74
Trd, 4319998.093, 140
Trd, 4319998.193, 140
