Trd, 4318082.743, 136
Trd, 4318082.843, 123
Trd, 4318082.893, 109
Trd, 4318085.593, 136
Trd, 4318085.793, 134
Trd, 4318086.193, 95
Trd, 4318087.693, 116
Trd, 4318088.493, 118
Trd, 4318089.043, 94
Trd, 4318089.893, 122
Trd, 4318090.593, 138
Trd, 4318090.843, 77
Trd, 4318091.493, 88
Trd, 4318091.693, 130
Trd, 4318092.143, 101
Trd, 4318092.793, 128
Trd, 4318093.543, 133
Trd, 4318096.743, 132
Trd, 4318096.893, 130
Trd, 4318097.493, 85
Trd, 4318099.143, 120
Trd, 4318100.043, 132
Trd, 4318101.443, 121
Trd, 4318102.893, 120
Trd, 4318103.743, 140
Trd, 4318104.793, 105
Trd, 4318104.993, 84
Trd, 4318105.993, 132
Trd, 4318106.143, 108
Trd, 4318107.443, 82
Trd, 4318107.793, 86
Trd, 4318107.893, 70
Trd, 4318108.693, 75
Trd, 4318109.543, 115
Trd, 4318110.643, 126
Trd, 4318111.193, 98
Trd, 4318111.893, 124
Trd, 4318113.893, 130
Trd, 4318114.693, 119
Trd, 4318114.993, 115
Trd, 4318116.693, 121
Trd, 4318117.293, 122
Trd, 4318117.793, 103
Trd, 4318118.593, 92
Trd, 4318119.243, 86
Trd, 4318120.443, 139
Trd, 4318120.843, 130
Trd, 4318122.093, 135
Trd, 4318122.343, 129
Trd, 4318122.743, 94
Trd, 4318123.793, 86
Trd, 4318124.793, 112
Trd, 4318125.993, 130
Trd, 4318126.293, 130
Trd, 4318126.493, 125
Trd, 4318126.893, 89
Trd, 4318127.093, 88
Trd, 4318129.793, 140
Trd, 4318131.093, 116
Trd, 4318131.843, 139
Trd, 4318132.343, 140
Trd, 4318132.543, 99
Trd, 4318134.243, 136
Trd, 4318135.543, 124
Trd, 4318138.743, 121
Trd, 4318139.143, 115
Trd, 4318139.543, 108
Trd, 4318139.843, 136
Trd, 4318140.543, 131
Trd, 4318140.593, 130
Trd, 4318142.093, 129
Trd, 4318142.393, 106
Trd, 4318143.043, 134
Trd, 4318143.293, 116
Trd, 4318146.193, 70
Trd, 4318146.493, 91
Trd, 4318148.493, 123
Trd, 4318148.693, 97
Trd, 4318148.943, 128
Trd, 4318149.243, 95
Trd, 4318150.893, 111
Trd, 4318152.093, 134
Trd, 4318152.293, 127
Trd, 4318152.793, 124
Trd, 4318152.893, 107
Trd, 4318153.343, 109
Trd, 4318155.443, 136
Trd, 4318155.593, 82
Trd, 4318156.193, 136
Trd, 4318157.543, 129
Trd, 4318158.393, 114
Trd, 4318158.543, 103
Trd, 4318158.993, 121
Trd, 4318160.293, 72
Trd, 4318160.993, 76
Trd, 4318161.793, 75
Trd, 4318161.993, 73
Trd, 4318163.193, 73
Trd, 4318163.393, 87
Trd, 4318165.143, 128
Trd, 4318165.593, 105
Trd, 4318166.143, 93
Trd, 4318166.493, 113
Trd, 4318166.593, 86
Trd, 4318167.743, 80
Trd, 4318168.943, 133
Trd, 4318169.943, 118
Trd, 4318172.543, 126
Trd, 4318173.243, 130
Trd, 4318173.343, 125
Trd, 4318174.043, 135
Trd, 4318174.443, 94
Trd, 4318174.743, 105
Trd, 4318175.293, 137
Trd, 4318176.543, 109
Trd, 4318176.993, 126
Trd, 4318177.693, 84
Trd, 4318178.143, 90
Trd, 4318179.293, 89
Trd, 4318179.593, 125
Trd, 4318181.243, 130
Trd, 4318182.793, 127
Trd, 4318183.793, 103
Trd, 4318184.593, 115
Trd, 4318184.693, 105
Trd, 4318184.793, 101
Trd, 4318184.993, 112
Trd, 4318188.293, 112
Trd, 4318188.743, 125
Trd, 4318189.093, 100
Trd, 4318189.393, 109
Trd, 4318190.143, 132
Trd, 4318190.743, 98
Trd, 4318191.743, 106
Trd, 4318192.643, 136
Trd, 4318192.743, 131
Trd, 4318192.943, 138
Trd, 4318193.893, 134
Trd, 4318194.843, 113
Trd, 4318195.243, 118
Trd, 4318196.943, 109
Trd, 4318197.593, 107
Trd, 4318199.243, 113
Trd, 4318199.293, 84
Trd, 4318199.543, 101
Trd, 4318200.343, 67
Trd, 4318201.143, 113
Trd, 4318201.293, 73
Trd, 4318202.943, 138
Trd, 4318203.293, 126
Trd, 4318204.093, 86
Trd, 4318204.693, 92
Trd, 4318204.993, 134
Trd, 4318205.843, 119
Trd, 4318206.043, 139
Trd, 4318206.893, 67
Trd, 4318208.593, 114
Trd, 4318209.143, 94
Trd, 4318209.343, 99
Trd, 4318209.393, 111
Trd, 4318211.593, 134
Trd, 4318212.143, 109
Trd, 4318213.743, 111
Trd, 4318214.343, 128
Trd, 4318214.543, 138
Trd, 4318214.643, 84
Trd, 4318215.443, 134
Trd, 4318215.943, 123
Trd, 4318216.143, 98
Trd, 4318216.893, 138
Trd, 4318220.143, 135
Trd, 4318220.243, 126
Trd, 4318221.643, 114
Trd, 4318222.093, 108
Trd, 4318222.343, 99
Trd, 4318222.593, 107
Trd, 4318222.843, 79
Trd, 4318223.993, 126
Trd, 4318224.943, 106
Trd, 4318225.943, 131
Trd, 4318226.093, 121
Trd, 4318226.193, 89
Trd, 4318228.193, 83
Trd, 4318229.193, 83
Trd, 4318229.793, 87
Trd, 4318229.993, 106
Trd, 4318230.993, 110
Trd, 4318231.393, 107
Trd, 4318231.593, 90
Trd, 4318235.393, 121
Trd, 4318235.993, 131
Trd, 4318236.843, 128
Trd, 4318237.643, 132
Trd, 4318237.693, 126
Trd, 4318238.693, 86
Trd, 4318239.743, 131
Trd, 4318241.143, 120
Trd, 4318241.593, 124
Trd, 4318242.493, 134
Trd, 4318242.543, 109
Trd, 4318242.893, 113
Trd, 4318243.093, 108
Trd, 4318243.593, 130
Trd, 4318243.843, 112
Trd, 4318245.093, 65
Trd, 4318245.793, 86
Trd, 4318245.893, 105
Trd, 4318248.843, 104
Trd, 4318248.943, 123
Trd, 4318249.743, 131
Trd, 4318250.643, 135
Trd, 4318251.793, 127
Trd, 4318253.593, 132
Trd, 4318254.093, 138
Trd, 4318254.543, 131
Trd, 4318257.543, 140
Trd, 4318257.993, 111
Trd, 4318259.143, 127
Trd, 4318260.193, 100
Trd, 4318260.343, 94
Trd, 4318261.093, 125
Trd, 4318263.043, 127
Trd, 4318264.243, 132
Trd, 4318264.843, 127
Trd, 4318265.993, 129
Trd, 4318266.043, 105
Trd, 4318266.693, 92
Trd, 4318267.243, 73
Trd, 4318267.493, 123
Trd, 4318267.743, 133
Trd, 4318268.393, 97
Trd, 4318269.043, 101
Trd, 4318269.343, 98
Trd, 4318270.543, 130
Trd, 4318271.293, 95
Trd, 4318271.843, 90
Trd, 4318272.093, 132
Trd, 4318272.193, 103
Trd, 4318274.343, 128
Trd, 4318274.543, 120
Trd, 4318275.743, 102
Trd, 4318275.843, 122
Trd, 4318277.193, 96
Trd, 4318277.493, 88
Trd, 4318277.543, 78
Trd, 4318277.643, 101
Trd, 4318279.593, 103
Trd, 4318280.993, 136
Trd, 4318281.893, 133
Trd, 4318282.243, 117
Trd, 4318282.643, 104
Trd, 4318283.193, 138
Trd, 4318286.493, 139
Trd, 4318286.593, 138
Trd, 4318287.543, 131
Trd, 4318288.193, 132
Trd, 4318288.543, 130
Trd, 4318289.743, 86
Trd, 4318289.793, 76
Trd, 4318290.343, 92
Trd, 4318290.793, 87
Trd, 4318291.793, 99
Trd, 4318292.093, 98
Trd, 4318292.243, 100
Trd, 4318294.693, 125
Trd, 4318295.143, 116
Trd, 4318295.243, 92
Trd, 4318295.943, 122
Trd, 4318296.293, 137
Trd, 4318296.643, 115
Trd, 4318297.143, 65
Trd, 4318298.043, 100
Trd, 4318298.343, 107
Trd, 4318298.593, 117
Trd, 4318300.443, 90
Trd, 4318302.193, 114
Trd, 4318302.693, 100
Trd, 4318302.893, 99
Trd, 4318303.093, 103
Trd, 4318303.293, 118
Trd, 4318303.343, 124
Trd, 4318304.493, 125
Trd, 4318305.443, 117
Trd, 4318306.993, 135
Trd, 4318307.243, 140
Trd, 4318308.643, 124
Trd, 4318309.893, 122
Trd, 4318310.593, 136
Trd, 4318311.443, 140
Trd, 4318312.343, 121
Trd, 4318313.043, 115
Trd, 4318313.843, 120
Trd, 4318313.993, 123
Trd, 4318314.743, 120
Trd, 4318315.443, 139
Trd, 4318317.093, 86
Trd, 4318318.043, 109
Trd, 4318318.393, 99
Trd, 4318318.843, 87
Trd, 4318319.993, 82
Trd, 4318320.793, 95
Trd, 4318321.493, 110
Trd, 4318321.643, 109
Trd, 4318322.393, 112
Trd, 4318322.593, 76
Trd, 4318324.293, 139
Trd, 4318324.743, 119
Trd, 4318325.843, 110
Trd, 4318326.843, 127
Trd, 4318327.493, 124
Trd, 4318328.493, 126
Trd, 4318328.843, 117
Trd, 4318329.793, 123
Trd, 4318331.193, 130
Trd, 4318331.343, 115
Trd, 4318332.343, 137
Trd, 4318333.143, 121
Trd, 4318333.243, 93
Trd, 4318333.443, 88
Trd, 4318334.943, 82
Trd, 4318337.093, 120
Trd, 4318337.743, 138
Trd, 4318338.693, 140
Trd, 4318338.743, 103
Trd, 4318339.943, 97
Trd, 4318340.843, 131
Trd, 4318341.793, 135
Trd, 4318343.443, 117
Trd, 4318344.443, 111
Trd, 4318345.093, 111
Trd, 4318345.343, 106
Trd, 4318345.493, 139
Trd, 4318346.243, 129
Trd, 4318346.443, 117
Trd, 4318346.993, 87
Trd, 4318349.193, 111
Trd, 4318349.593, 76
Trd, 4318349.793, 103
Trd, 4318351.793, 132
Trd, 4318351.943, 132
Trd, 4318351.993, 129
Trd, 4318354.093, 115
Trd, 4318354.393, 100
Trd, 4318354.993, 103
Trd, 4318355.143, 112
Trd, 4318356.093, 97
Trd, 4318357.143, 124
Trd, 4318357.893, 128
Trd, 4318357.993, 102
Trd, 4318358.443, 86
Trd, 4318359.443, 134
Trd, 4318361.093, 114
Trd, 4318361.193, 130
Trd, 4318362.143, 101
Trd, 4318362.743, 98
Trd, 4318363.193, 108
Trd, 4318363.643, 111
Trd, 4318364.193, 121
Trd, 4318366.193, 118
Trd, 4318367.043, 126
Trd, 4318367.943, 100
Trd, 4318368.593, 132
Trd, 4318369.743, 75
Trd, 4318370.543, 116
Trd, 4318370.993, 109
Trd, 4318373.193, 136
Trd, 4318373.893, 130
Trd, 4318374.843, 115
Trd, 4318375.293, 115
Trd, 4318376.393, 112
Trd, 4318377.093, 91
Trd, 4318378.393, 113
Trd, 4318378.543, 119
Trd, 4318379.243, 98
Trd, 4318380.193, 134
Trd, 4318380.593, 112
Trd, 4318381.593, 130
Trd, 4318381.743, 102
Trd, 4318382.493, 121
Trd, 4318383.693, 116
Trd, 4318384.293, 104
Trd, 4318385.143, 131
Trd, 4318385.343, 110
Trd, 4318387.543, 109
Trd, 4318387.893, 115
Trd, 4318388.243, 119
Trd, 4318389.443, 73
Trd, 4318392.143, 107
Trd, 4318392.543, 132
Trd, 4318392.743, 100
Trd, 4318393.493, 119
Trd, 4318394.493, 139
Trd, 4318394.543, 108
Trd, 4318394.943, 108
Trd, 4318395.693, 125
Trd, 4318396.343, 133
Trd, 4318397.193, 108
Trd, 4318399.193, 122
Trd, 4318399.493, 117
Trd, 4318399.643, 92
Trd, 4318400.093, 129
Trd, 4318401.693, 127
Trd, 4318401.743, 101
Trd, 4318403.493, 97
Trd, 4318403.893, 96
Trd, 4318404.293, 118
Trd, 4318405.543, 128
Trd, 4318407.693, 122
Trd, 4318408.893, 128
Trd, 4318409.393, 121
Trd, 4318409.443, 133
Trd, 4318409.743, 95
Trd, 4318411.293, 102
Trd, 4318411.493, 82
Trd, 4318411.693, 82
Trd, 4318412.943, 133
Trd, 4318413.093, 128
Trd, 4318413.193, 101
Trd, 4318413.293, 121
Trd, 4318414.693, 101
Trd, 4318415.543, 117
Trd, 4318415.593, 112
Trd, 4318416.543, 123
Trd, 4318417.593, 86
Trd, 4318419.393, 87
Trd, 4318419.593, 88
Trd, 4318420.293, 128
Trd, 4318421.993, 75
Trd, 4318422.793, 123
Trd, 4318423.243, 94
Trd, 4318423.793, 98
Trd, 4318424.393, 120
Trd, 4318424.443, 106
Trd, 4318425.243, 140
Trd, 4318425.993, 131
Trd, 4318426.193, 113
Trd, 4318427.093, 103
Trd, 4318428.593, 120
Trd, 4318429.293, 83
Trd, 4318430.343, 97
Trd, 4318431.493, 76
Trd, 4318432.093, 108
Trd, 4318432.493, 93
Trd, 4318433.193, 96
Trd, 4318433.343, 78
Trd, 4318433.393, 109
Trd, 4318434.493, 138
Trd, 4318435.043, 107
Trd, 4318437.693, 108
Trd, 4318437.743, 97
Trd, 4318438.643, 68
Trd, 4318439.193, 93
Trd, 4318439.993, 115
Trd, 4318440.293, 125
Trd, 4318441.543, 63
Trd, 4318441.643, 104
Trd, 4318443.043, 120
Trd, 4318443.193, 117
Trd, 4318443.643, 109
Trd, 4318444.443, 78
Trd, 4318445.693, 102
Trd, 4318446.543, 133
Trd, 4318447.893, 129
Trd, 4318448.143, 125
Trd, 4318448.793, 97
Trd, 4318449.043, 90
Trd, 4318450.593, 103
Trd, 4318451.643, 135
Trd, 4318452.093, 77
Trd, 4318454.493, 115
Trd, 4318455.293, 118
Trd, 4318455.443, 81
Trd, 4318455.993, 129
Trd, 4318456.193, 137
Trd, 4318456.393, 109
Trd, 4318456.593, 134
Trd, 4318456.793, 64
Trd, 4318458.593, 74
Trd, 4318459.743, 83
Trd, 4318460.293, 99
Trd, 4318460.393, 101
Trd, 4318460.443, 111
Trd, 4318461.743, 131
Trd, 4318462.543, 115
Trd, 4318463.093, 90
Trd, 4318463.443, 72
Trd, 4318465.293, 136
Trd, 4318465.343, 116
Trd, 4318467.443, 136
Trd, 4318468.143, 136
Trd, 4318468.293, 123
Trd, 4318468.343, 102
Trd, 4318469.493, 132
Trd, 4318470.693, 138
Trd, 4318473.543, 119
Trd, 4318473.643, 89
Trd, 4318474.493, 115
Trd, 4318475.243, 132
Trd, 4318476.093, 107
Trd, 4318476.693, 86
Trd, 4318477.393, 132
Trd, 4318477.793, 107
Trd, 4318478.193, 86
Trd, 4318479.543, 65
Trd, 4318479.593, 109
Trd, 4318480.893, 116
Trd, 4318480.993, 94
Trd, 4318481.893, 127
Trd, 4318482.793, 112
Trd, 4318484.043, 124
Trd, 4318484.093, 134
Trd, 4318484.543, 100
Trd, 4318484.743, 101
Trd, 4318484.943, 91
Trd, 4318485.993, 130
Trd, 4318486.543, 139
Trd, 4318487.793, 125
Trd, 4318488.043, 116
Trd, 4318488.793, 115
Trd, 4318489.293, 137
Trd, 4318490.493, 125
Trd, 4318490.593, 106
Trd, 4318490.893, 124
Trd, 4318490.943, 95
Trd, 4318491.093, 93
Trd, 4318492.493, 135
Trd, 4318494.293, 71
Trd, 4318494.443, 123
Trd, 4318495.293, 117
Trd, 4318496.343, 64
Trd, 4318496.943, 125
Trd, 4318497.593, 121
Trd, 4318498.893, 140
Trd, 4318499.593, 88
Trd, 4318499.893, 104
Trd, 4318500.293, 79
Trd, 4318501.193, 135
Trd, 4318501.593, 64
Trd, 4318502.143, 120
Trd, 4318503.593, 119
Trd, 4318504.643, 79
Trd, 4318504.793, 123
Trd, 4318505.093, 110
Trd, 4318506.443, 132
Trd, 4318506.693, 140
Trd, 4318506.743, 67
Trd, 4318507.643, 73
Trd, 4318509.193, 136
Trd, 4318509.743, 99
Trd, 4318510.893, 116
Trd, 4318511.793, 125
Trd, 4318512.143, 122
Trd, 4318514.643, 128
Trd, 4318516.143, 131
Trd, 4318516.393, 140
Trd, 4318516.743, 123
Trd, 4318516.943, 114
Trd, 4318517.343, 103
Trd, 4318519.793, 134
Trd, 4318520.793, 114
Trd, 4318521.343, 121
Trd, 4318522.343, 71
Trd, 4318523.093, 117
Trd, 4318523.593, 111
Trd, 4318524.193, 78
Trd, 4318525.093, 138
Trd, 4318525.643, 137
Trd, 4318526.693, 136
Trd, 4318527.243, 101
Trd, 4318527.643, 108
Trd, 4318527.893, 125
Trd, 4318529.143, 69
Trd, 4318529.343, 70
Trd, 4318530.843, 129
Trd, 4318532.593, 136
Trd, 4318532.693, 108
Trd, 4318533.693, 120
Trd, 4318535.643, 69
Trd, 4318536.443, 80
Trd, 4318536.843, 90
Trd, 4318537.043, 106
Trd, 4318537.793, 87
Trd, 4318537.993, 106
Trd, 4318538.743, 101
Trd, 4318539.293, 87
Trd, 4318539.993, 87
Trd, 4318540.893, 121
Trd, 4318541.893, 123
Trd, 4318544.543, 131
Trd, 4318544.593, 126
Trd, 4318545.593, 114
Trd, 4318546.693, 140
Trd, 4318547.443, 128
Trd, 4318548.343, 107
Trd, 4318548.993, 125
Trd, 4318549.543, 126
Trd, 4318550.243, 138
Trd, 4318550.943, 114
Trd, 4318551.443, 139
Trd, 4318552.043, 114
Trd, 4318552.643, 138
Trd, 4318555.343, 107
Trd, 4318555.843, 133
Trd, 4318556.043, 131
Trd, 4318556.393, 124
Trd, 4318556.793, 78
Trd, 4318558.143, 127
Trd, 4318558.293, 136
Trd, 4318561.393, 118
Trd, 4318561.693, 128
Trd, 4318562.443, 100
Trd, 4318563.343, 134
Trd, 4318564.143, 94
Trd, 4318565.043, 121
Trd, 4318566.143, 103
Trd, 4318566.543, 124
Trd, 4318566.893, 97
Trd, 4318568.243, 137
Trd, 4318568.593, 138
Trd, 4318568.643, 112
Trd, 4318569.393, 112
Trd, 4318569.943, 121
Trd, 4318569.993, 113
Trd, 4318571.343, 137
Trd, 4318572.093, 122
Trd, 4318572.843, 110
Trd, 4318573.543, 131
Trd, 4318576.243, 122
Trd, 4318577.343, 135
Trd, 4318577.593, 134
Trd, 4318578.043, 106
Trd, 4318578.793, 121
Trd, 4318579.793, 118
Trd, 4318580.493, 116
Trd, 4318581.243, 112
Trd, 4318582.793, 108
Trd, 4318582.993, 95
Trd, 4318583.543, 75
Trd, 4318583.843, 78
Trd, 4318584.993, 137
Trd, 4318585.493, 91
Trd, 4318585.843, 97
Trd, 4318585.893, 113
Trd, 4318586.193, 111
Trd, 4318587.793, 109
Trd, 4318588.243, 103
Trd, 4318589.793, 130
Trd, 4318589.993, 84
Trd, 4318591.793, 108
Trd, 4318593.043, 139
Trd, 4318593.093, 97
Trd, 4318593.143, 96
Trd, 4318593.393, 87
Trd, 4318595.643, 131
Trd, 4318596.593, 120
Trd, 4318596.943, 103
Trd, 4318596.993, 62
Trd, 4318599.893, 133
Trd, 4318600.343, 129
Trd, 4318602.543, 129
Trd, 4318604.193, 120
Trd, 4318604.543, 122
Trd, 4318605.043, 117
Trd, 4318605.343, 117
Trd, 4318605.693, 120
Trd, 4318606.243, 132
Trd, 4318606.293, 113
Trd, 4318606.793, 117
Trd, 4318608.143, 122
Trd, 4318608.543, 112
Trd, 4318609.793, 96
Trd, 4318611.093, 110
Trd, 4318612.043, 112
Trd, 4318612.343, 95
Trd, 4318613.443, 138
Trd, 4318613.843, 99
Trd, 4318614.143, 105
Trd, 4318614.993, 120
Trd, 4318616.043, 135
Trd, 4318616.843, 72
Trd, 4318617.443, 114
Trd, 4318617.943, 139
Trd, 4318618.493, 122
Trd, 4318620.493, 137
Trd, 4318620.693, 129
Trd, 4318621.543, 113
Trd, 4318623.343, 130
Trd, 4318623.843, 84
Trd, 4318624.793, 106
Trd, 4318625.493, 99
Trd, 4318626.293, 118
Trd, 4318626.993, 136
Trd, 4318627.843, 85
Trd, 4318627.943, 106
Trd, 4318628.393, 81
Trd, 4318628.643, 60
Trd, 4318629.943, 90
Trd, 4318631.693, 116
Trd, 4318632.193, 105
Trd, 4318632.493, 104
Trd, 4318633.193, 105
Trd, 4318633.243, 117
Trd, 4318633.293, 121
Trd, 4318634.143, 75
Trd, 4318634.493, 110
Trd, 4318636.043, 127
Trd, 4318636.143, 126
Trd, 4318637.843, 115
Trd, 4318638.193, 81
Trd, 4318638.693, 88
Trd, 4318639.443, 102
Trd, 4318641.193, 128
Trd, 4318641.243, 90
Trd, 4318641.393, 124
Trd, 4318642.893, 108
Trd, 4318643.193, 96
Trd, 4318643.543, 96
Trd, 4318643.893, 117
Trd, 4318644.593, 102
Trd, 4318645.343, 120
Trd, 4318645.693, 118
Trd, 4318645.743, 96
Trd, 4318646.543, 73
Trd, 4318646.593, 126
Trd, 4318647.793, 67
Trd, 4318648.543, 114
Trd, 4318649.743, 60
Trd, 4318651.493, 127
Trd, 4318652.243, 109
Trd, 4318652.493, 107
Trd, 4318653.193, 106
Trd, 4318653.943, 133
Trd, 4318654.793, 125
Trd, 4318655.193, 125
Trd, 4318655.743, 93
Trd, 4318656.543, 119
Trd, 4318656.743, 132
Trd, 4318657.243, 114
Trd, 4318658.393, 124
Trd, 4318658.943, 107
Trd, 4318659.593, 69
Trd, 4318660.693, 138
Trd, 4318660.893, 136
Trd, 4318661.243, 98
Trd, 4318662.693, 82
Trd, 4318663.393, 93
Trd, 4318663.793, 70
Trd, 4318664.543, 133
Trd, 4318665.393, 116
Trd, 4318665.893, 127
Trd, 4318666.193, 139
Trd, 4318666.693, 85
Trd, 4318667.093, 117
Trd, 4318667.493, 91
Trd, 4318668.443, 121
Trd, 4318668.843, 104
Trd, 4318671.043, 77
Trd, 4318671.743, 107
Trd, 4318672.143, 60
Trd, 4318672.843, 92
Trd, 4318673.143, 108
Trd, 4318673.693, 132
Trd, 4318674.293, 112
Trd, 4318675.043, 137
Trd, 4318675.243, 119
Trd, 4318676.093, 121
Trd, 4318676.943, 118
Trd, 4318677.593, 133
Trd, 4318677.743, 94
Trd, 4318678.093, 91
Trd, 4318678.643, 98
Trd, 4318679.493, 138
Trd, 4318680.043, 132
Trd, 4318680.693, 119
Trd, 4318682.243, 118
Trd, 4318682.893, 122
Trd, 4318683.493, 101
Trd, 4318685.443, 139
Trd, 4318686.843, 105
Trd, 4318687.343, 123
Trd, 4318687.493, 95
Trd, 4318688.743, 132
Trd, 4318689.693, 94
Trd, 4318690.243, 86
Trd, 4318690.443, 103
Trd, 4318691.043, 128
Trd, 4318691.143, 108
Trd, 4318691.743, 135
Trd, 4318691.893, 116
Trd, 4318692.193, 122
Trd, 4318693.593, 90
Trd, 4318693.993, 109
Trd, 4318694.593, 82
Trd, 4318695.743, 112
Trd, 4318696.243, 103
Trd, 4318696.943, 113
Trd, 4318698.243, 122
Trd, 4318698.743, 129
Trd, 4318699.793, 128
Trd, 4318700.943, 118
Trd, 4318702.943, 126
Trd, 4318703.093, 125
Trd, 4318703.293, 84
Trd, 4318704.193, 137
Trd, 4318705.043, 86
Trd, 4318705.193, 107
Trd, 4318706.343, 126
Trd, 4318707.993, 110
Trd, 4318708.943, 127
Trd, 4318709.543, 126
Trd, 4318710.193, 127
Trd, 4318710.293, 119
Trd, 4318711.693, 108
Trd, 4318712.543, 85
Trd, 4318713.543, 100
Trd, 4318714.593, 115
Trd, 4318714.743, 99
Trd, 4318714.893, 99
Trd, 4318716.093, 121
Trd, 4318716.443, 91
Trd, 4318719.243, 108
Trd, 4318719.443, 115
Trd, 4318720.043, 135
Trd, 4318720.343, 95
Trd, 4318721.693, 89
Trd, 4318721.893, 92
Trd, 4318723.143, 129
Trd, 4318724.093, 128
Trd, 4318724.343, 128
Trd, 4318724.443, 104
Trd, 4318725.593, 125
Trd, 4318727.193, 139
Trd, 4318728.643, 128
Trd, 4318729.543, 128
Trd, 4318730.643, 127
Trd, 4318731.493, 132
Trd, 4318731.593, 121
Trd, 4318732.543, 122
Trd, 4318732.843, 138
Trd, 4318733.193, 126
Trd, 4318733.443, 138
Trd, 4318734.543, 139
Trd, 4318737.493, 128
Trd, 4318738.343, 124
Trd, 4318738.643, 132
Trd, 4318739.443, 125
Trd, 4318739.793, 95
Trd, 4318740.793, 115
Trd, 4318741.293, 125
Trd, 4318742.093, 113
Trd, 4318743.243, 97
Trd, 4318743.943, 86
Trd, 4318744.843, 84
Trd, 4318748.143, 137
Trd, 4318748.493, 131
Trd, 4318748.993, 120
Trd, 4318749.143, 103
Trd, 4318750.043, 140
Trd, 4318750.993, 128
Trd, 4318751.643, 122
Trd, 4318752.293, 93
Trd, 4318752.893, 128
Trd, 4318754.193, 123
Trd, 4318755.993, 128
Trd, 4318756.043, 104
Trd, 4318756.093, 103
Trd, 4318757.193, 113
Trd, 4318758.793, 110
Trd, 4318759.343, 140
Trd, 4318760.493, 105
Trd, 4318761.643, 103
Trd, 4318761.893, 74
Trd, 4318762.843, 119
Trd, 4318763.693, 137
Trd, 4318764.643, 97
Trd, 4318764.793, 63
Trd, 4318765.343, 68
Trd, 4318765.743, 135
Trd, 4318766.093, 112
Trd, 4318768.093, 71
Trd, 4318768.343, 125
Trd, 4318769.043, 73
Trd, 4318769.393, 97
Trd, 4318771.943, 135
Trd, 4318772.843, 122
Trd, 4318773.143, 109
Trd, 4318773.893, 138
Trd, 4318774.143, 135
Trd, 4318774.743, 84
Trd, 4318774.793, 114
Trd, 4318775.593, 79
Trd, 4318775.693, 88
Trd, 4318776.043, 119
Trd, 4318776.793, 105
Trd, 4318777.393, 111
Trd, 4318778.193, 119
Trd, 4318778.693, 110
Trd, 4318779.543, 88
Trd, 4318780.043, 85
Trd, 4318780.943, 116
Trd, 4318781.493, 115
Trd, 4318781.793, 136
Trd, 4318782.293, 130
Trd, 4318783.593, 94
Trd, 4318784.043, 103
Trd, 4318784.343, 131
Trd, 4318784.793, 90
Trd, 4318785.993, 133
Trd, 4318786.293, 137
Trd, 4318787.793, 134
Trd, 4318789.393, 98
Trd, 4318789.893, 112
Trd, 4318790.193, 69
Trd, 4318790.393, 80
Trd, 4318790.793, 108
Trd, 4318791.193, 119
Trd, 4318791.343, 94
Trd, 4318792.043, 74
Trd, 4318792.743, 128
Trd, 4318793.593, 103
Trd, 4318794.543, 93
Trd, 4318795.493, 88
Trd, 4318796.193, 112
Trd, 4318796.793, 80
Trd, 4318797.993, 98
Trd, 4318798.093, 122
Trd, 4318799.143, 98
Trd, 4318799.543, 93
Trd, 4318800.943, 90
Trd, 4318800.993, 88
Trd, 4318801.443, 77
Trd, 4318803.643, 86
Trd, 4318804.293, 94
Trd, 4318804.343, 127
Trd, 4318805.743, 125
Trd, 4318806.343, 100
Trd, 4318807.293, 102
Trd, 4318807.543, 112
Trd, 4318808.343, 102
Trd, 4318809.193, 111
Trd, 4318809.593, 113
Trd, 4318809.693, 101
Trd, 4318810.243, 113
Trd, 4318811.043, 71
Trd, 4318811.293, 84
Trd, 4318812.293, 131
Trd, 4318813.393, 100
Trd, 4318813.493, 108
Trd, 4318814.143, 136
Trd, 4318816.943, 88
Trd, 4318817.193, 87
Trd, 4318817.393, 125
Trd, 4318818.093, 139
Trd, 4318818.393, 133
Trd, 4318819.543, 139
Trd, 4318819.643, 107
Trd, 4318821.043, 100
Trd, 4318821.393, 129
Trd, 4318821.793, 94
Trd, 4318822.593, 120
Trd, 4318824.643, 113
Trd, 4318825.293, 123
Trd, 4318825.793, 94
Trd, 4318826.993, 105
Trd, 4318827.043, 109
Trd, 4318829.993, 135
Trd, 4318830.293, 116
Trd, 4318831.043, 110
Trd, 4318831.193, 106
Trd, 4318832.343, 72
Trd, 4318833.993, 87
Trd, 4318835.043, 132
Trd, 4318835.493, 131
Trd, 4318835.543, 96
Trd, 4318835.693, 82
Trd, 4318836.143, 60
Trd, 4318837.643, 85
Trd, 4318838.693, 70
Trd, 4318839.093, 76
Trd, 4318840.893, 135
Trd, 4318841.943, 117
Trd, 4318842.093, 107
Trd, 4318844.693, 138
Trd, 4318846.193, 130
Trd, 4318846.593, 124
Trd, 4318847.893, 128
Trd, 4318849.443, 108
Trd, 4318849.693, 98
Trd, 4318850.343, 93
Trd, 4318850.493, 95
Trd, 4318850.693, 79
Trd, 4318851.743, 106
Trd, 4318852.693, 128
Trd, 4318853.593, 116
Trd, 4318853.843, 112
Trd, 4318855.443, 125
Trd, 4318856.543, 117
Trd, 4318857.343, 77
Trd, 4318857.543, 74
Trd, 4318857.643, 73
Trd, 4318859.243, 127
Trd, 4318861.943, 136
Trd, 4318862.893, 97
Trd, 4318863.043, 96
Trd, 4318865.293, 127
Trd, 4318866.893, 124
Trd, 4318867.193, 119
Trd, 4318867.693, 111
Trd, 4318867.893, 123
Trd, 4318870.193, 123
Trd, 4318870.493, 137
Trd, 4318870.543, 114
Trd, 4318871.193, 95
Trd, 4318871.543, 68
Trd, 4318873.143, 60
Trd, 4318873.293, 60
Trd, 4318873.343, 93
Trd, 4318873.993, 113
Trd, 4318876.143, 124
Trd, 4318876.643, 123
Trd, 4318877.043, 127
Trd, 4318877.293, 69
Trd, 4318878.243, 112
Trd, 4318878.643, 136
Trd, 4318879.793, 134
Trd, 4318879.843, 65
Trd, 4318880.743, 128
Trd, 4318881.243, 65
Trd, 4318882.443, 123
Trd, 4318884.193, 99
Trd, 4318884.493, 92
Trd, 4318885.143, 123
Trd, 4318887.343, 128
Trd, 4318887.993, 119
Trd, 4318888.343, 110
Trd, 4318889.243, 96
Trd, 4318889.543, 104
Trd, 4318890.093, 133
Trd, 4318890.143, 136
Trd, 4318891.193, 116
Trd, 4318891.743, 108
Trd, 4318892.143, 134
Trd, 4318892.793, 92
Trd, 4318892.993, 111
Trd, 4318893.943, 113
Trd, 4318894.743, 103
Trd, 4318895.693, 127
Trd, 4318897.043, 126
Trd, 4318897.243, 91
Trd, 4318897.693, 68
Trd, 4318898.193, 115
Trd, 4318899.143, 120
Trd, 4318899.443, 89
Trd, 4318900.593, 122
Trd, 4318901.043, 76
Trd, 4318901.793, 133
Trd, 4318903.293, 90
Trd, 4318904.393, 100
Trd, 4318905.293, 134
Trd, 4318905.643, 133
Trd, 4318905.893, 138
Trd, 4318906.243, 79
Trd, 4318907.593, 86
Trd, 4318908.643, 121
Trd, 4318908.893, 124
Trd, 4318908.993, 124
Trd, 4318909.143, 105
Trd, 4318911.593, 129
Trd, 4318912.993, 127
Trd, 4318913.293, 118
Trd, 4318913.893, 103
Trd, 4318914.043, 84
Trd, 4318914.493, 84
Trd, 4318915.393, 110
Trd, 4318916.193, 139
Trd, 4318917.093, 103
Trd, 4318917.843, 123
Trd, 4318918.193, 129
Trd, 4318919.043, 90
Trd, 4318919.143, 80
Trd, 4318920.393, 123
Trd, 4318921.543, 127
Trd, 4318922.193, 92
Trd, 4318922.593, 137
Trd, 4318922.993, 104
Trd, 4318923.493, 91
Trd, 4318924.143, 110
Trd, 4318924.493, 135
Trd, 4318924.843, 74
Trd, 4318926.543, 82
Trd, 4318926.943, 108
Trd, 4318927.943, 135
Trd, 4318928.943, 128
Trd, 4318929.693, 133
Trd, 4318931.743, 119
Trd, 4318931.993, 130
Trd, 4318932.693, 126
Trd, 4318932.793, 124
Trd, 4318934.443, 111
Trd, 4318934.743, 119
Trd, 4318934.943, 133
Trd, 4318935.443, 95
Trd, 4318935.993, 118
Trd, 4318937.193, 121
Trd, 4318937.493, 106
Trd, 4318937.893, 84
Trd, 4318938.393, 132
Trd, 4318939.593, 108
Trd, 4318939.743, 101
Trd, 4318940.243, 86
Trd, 4318942.343, 137
Trd, 4318943.293, 127
Trd, 4318943.393, 127
Trd, 4318943.793, 120
Trd, 4318945.193, 103
Trd, 4318945.493, 106
Trd, 4318946.543, 128
Trd, 4318946.643, 122
Trd, 4318947.393, 96
Trd, 4318947.593, 135
Trd, 4318950.193, 106
Trd, 4318952.843, 137
Trd, 4318953.193, 138
Trd, 4318953.393, 124
Trd, 4318953.543, 119
Trd, 4318954.393, 113
Trd, 4318955.243, 103
Trd, 4318956.543, 123
Trd, 4318957.893, 116
Trd, 4318959.393, 122
Trd, 4318959.643, 118
Trd, 4318960.393, 82
Trd, 4318960.943, 71
Trd, 4318961.043, 83
Trd, 4318962.193, 109
Trd, 4318963.743, 98
Trd, 4318964.043, 66
Trd, 4318964.293, 82
Trd, 4318964.543, 89
Trd, 4318965.593, 97
Trd, 4318965.693, 90
Trd, 4318966.443, 68
Trd, 4318967.343, 140
Trd, 4318968.593, 99
Trd, 4318970.793, 70
Trd, 4318971.293, 104
Trd, 4318971.643, 139
Trd, 4318973.543, 102
Trd, 4318973.843, 61
Trd, 4318974.243, 74
Trd, 4318974.293, 98
Trd, 4318975.393, 104
Trd, 4318977.193, 92
Trd, 4318977.243, 139
Trd, 4318978.393, 135
Trd, 4318979.043, 112
Trd, 4318979.593, 115
Trd, 4318979.743, 101
Trd, 4318979.993, 115
Trd, 4318980.443, 82
Trd, 4318981.043, 125
Trd, 4318983.893, 133
Trd, 4318984.893, 131
Trd, 4318985.043, 90
Trd, 4318985.693, 140
Trd, 4318986.643, 116
Trd, 4318987.093, 119
Trd, 4318987.643, 95
Trd, 4318988.443, 129
Trd, 4318988.693, 104
Trd, 4318989.343, 92
Trd, 4318990.693, 131
Trd, 4318990.943, 99
Trd, 4318991.893, 70
Trd, 4318993.143, 64
Trd, 4318994.493, 138
Trd, 4318995.093, 119
Trd, 4318995.693, 133
Trd, 4318995.993, 127
Trd, 4318997.043, 95
Trd, 4318998.093, 97
Trd, 4318998.443, 119
Trd, 4318998.993, 138
Trd, 4318999.793, 61
Trd, 4319000.043, 75
Trd, 4319000.843, 84
Trd, 4319001.793, 115
Trd, 4319002.293, 88
Trd, 4319002.943, 103
Trd, 4319003.693, 101
Trd, 4319004.593, 97
Trd, 4319004.793, 86
Trd, 4319005.093, 123
Trd, 4319005.993, 117
Trd, 4319006.143, 99
Trd, 4319006.943, 133
Trd, 4319007.493, 103
Trd, 4319008.093, 92
Trd, 4319010.193, 137
Trd, 4319010.643, 129
Trd, 4319011.393, 116
Trd, 4319012.443, 131
Trd, 4319013.193, 136
Trd, 4319013.643, 139
Trd, 4319014.243, 126
Trd, 4319015.243, 138
Trd, 4319016.943, 136
Trd, 4319017.593, 107
Trd, 4319019.343, 136
Trd, 4319020.143, 128
Trd, 4319021.143, 119
Trd, 4319021.193, 113
Trd, 4319021.843, 100
Trd, 4319022.793, 101
Trd, 4319022.893, 110
Trd, 4319023.493, 76
Trd, 4319023.993, 119
Trd, 4319026.343, 135
Trd, 4319026.543, 126
Trd, 4319026.743, 106
Trd, 4319026.793, 104
Trd, 4319027.043, 133
Trd, 4319027.443, 121
Trd, 4319028.693, 123
Trd, 4319030.393, 118
Trd, 4319032.043, 139
Trd, 4319032.393, 140
Trd, 4319032.893, 130
Trd, 4319033.443, 137
Trd, 4319033.493, 105
Trd, 4319033.843, 100
Trd, 4319034.793, 138
Trd, 4319035.493, 99
Trd, 4319035.893, 107
Trd, 4319036.743, 116
Trd, 4319037.293, 102
Trd, 4319039.143, 133
Trd, 4319039.393, 97
Trd, 4319040.843, 107
Trd, 4319042.143, 133
Trd, 4319042.693, 104
Trd, 4319043.693, 120
Trd, 4319044.343, 78
Trd, 4319044.843, 78
Trd, 4319045.493, 130
Trd, 4319045.843, 109
Trd, 4319046.243, 122
Trd, 4319046.843, 112
Trd, 4319047.343, 99
Trd, 4319047.543, 97
Trd, 4319049.443, 76
Trd, 4319050.293, 105
Trd, 4319051.343, 133
Trd, 4319051.393, 100
Trd, 4319052.443, 132
Trd, 4319052.843, 136
Trd, 4319053.343, 101
Trd, 4319057.943, 129
Trd, 4319058.043, 137
Trd, 4319059.043, 111
Trd, 4319059.443, 106
Trd, 4319059.893, 98
Trd, 4319061.293, 107
Trd, 4319063.493, 119
Trd, 4319064.493, 112
Trd, 4319065.193, 117
Trd, 4319066.043, 101
Trd, 4319066.093, 113
Trd, 4319066.493, 103
Trd, 4319066.643, 116
Trd, 4319067.293, 72
Trd, 4319068.443, 74
Trd, 4319071.543, 95
Trd, 4319071.643, 115
Trd, 4319071.843, 119
Trd, 4319073.143, 120
Trd, 4319073.193, 88
Trd, 4319073.793, 134
Trd, 4319075.243, 111
Trd, 4319075.543, 105
Trd, 4319076.493, 121
Trd, 4319077.393, 114
Trd, 4319078.693, 91
Trd, 4319079.143, 81
Trd, 4319079.793, 89
Trd, 4319080.543, 115
Trd, 4319080.893, 67
Trd, 4319081.193, 73
Trd, 4319081.643, 125
Trd, 4319082.093, 90
Trd, 4319083.393, 134
Trd, 4319084.743, 121
Trd, 4319085.493, 120
Trd, 4319086.093, 134
Trd, 4319087.543, 138
Trd, 4319087.593, 94
Trd, 4319088.093, 113
Trd, 4319088.793, 106
Trd, 4319090.193, 122
Trd, 4319090.493, 103
Trd, 4319092.143, 83
Trd, 4319092.293, 87
Trd, 4319092.493, 100
Trd, 4319093.093, 64
Trd, 4319093.943, 115
Trd, 4319094.243, 107
Trd, 4319094.693, 63
Trd, 4319094.943, 112
Trd, 4319096.143, 62
Trd, 4319096.543, 83
Trd, 4319097.043, 89
Trd, 4319100.643, 136
Trd, 4319101.693, 125
Trd, 4319102.393, 140
Trd, 4319102.593, 137
Trd, 4319103.143, 134
Trd, 4319103.393, 133
Trd, 4319103.493, 130
Trd, 4319104.093, 123
Trd, 4319104.243, 101
Trd, 4319105.293, 101
Trd, 4319106.143, 122
Trd, 4319106.493, 127
Trd, 4319107.643, 88
Trd, 4319108.743, 117
Trd, 4319110.243, 90
Trd, 4319110.693, 128
Trd, 4319111.143, 92
Trd, 4319111.643, 71
Trd, 4319112.193, 75
Trd, 4319112.693, 107
Trd, 4319114.293, 115
Trd, 4319114.943, 124
Trd, 4319115.143, 94
Trd, 4319115.543, 134
Trd, 4319116.343, 127
Trd, 4319117.193, 136
Trd, 4319118.843, 136
Trd, 4319120.293, 103
Trd, 4319120.543, 95
Trd, 4319121.093, 99
Trd, 4319121.893, 98
Trd, 4319122.443, 85
Trd, 4319122.843, 133
Trd, 4319125.743, 74
Trd, 4319126.043, 86
Trd, 4319126.093, 115
Trd, 4319127.093, 108
Trd, 4319127.243, 107
Trd, 4319127.743, 74
Trd, 4319128.493, 106
Trd, 4319129.793, 122
Trd, 4319129.843, 93
Trd, 4319130.743, 79
Trd, 4319131.293, 78
Trd, 4319132.993, 131
Trd, 4319133.043, 126
Trd, 4319133.393, 110
Trd, 4319135.443, 127
Trd, 4319135.943, 120
Trd, 4319136.243, 117
Trd, 4319137.593, 108
Trd, 4319138.043, 133
Trd, 4319139.943, 99
Trd, 4319139.993, 115
Trd, 4319140.393, 95
Trd, 4319140.743, 117
Trd, 4319141.043, 131
Trd, 4319142.243, 133
Trd, 4319143.343, 118
Trd, 4319144.443, 100
Trd, 4319145.393, 122
Trd, 4319145.543, 111
Trd, 4319146.643, 113
Trd, 4319147.793, 116
Trd, 4319149.293, 96
Trd, 4319149.393, 113
Trd, 4319149.893, 119
Trd, 4319150.143, 112
Trd, 4319150.393, 114
Trd, 4319150.743, 83
Trd, 4319151.443, 135
Trd, 4319152.193, 109
Trd, 4319154.243, 136
Trd, 4319154.443, 132
Trd, 4319155.293, 126
Trd, 4319155.543, 120
Trd, 4319156.643, 133
Trd, 4319156.993, 121
Trd, 4319157.993, 107
Trd, 4319158.193, 100
Trd, 4319159.243, 104
Trd, 4319162.893, 110
Trd, 4319163.043, 105
Trd, 4319163.893, 99
Trd, 4319164.743, 99
Trd, 4319165.193, 96
Trd, 4319165.443, 103
Trd, 4319165.493, 87
Trd, 4319167.093, 118
Trd, 4319167.193, 130
Trd, 4319167.743, 139
Trd, 4319168.543, 120
Trd, 4319169.143, 117
Trd, 4319169.293, 122
Trd, 4319169.393, 94
Trd, 4319170.193, 129
Trd, 4319170.943, 125
Trd, 4319171.693, 124
Trd, 4319172.093, 115
Trd, 4319172.343, 132
Trd, 4319172.743, 134
Trd, 4319172.993, 118
Trd, 4319174.643, 66
Trd, 4319174.893, 96
Trd, 4319175.643, 128
Trd, 4319177.543, 120
Trd, 4319177.643, 119
Trd, 4319178.393, 127
Trd, 4319178.893, 126
Trd, 4319180.543, 136
Trd, 4319180.593, 128
Trd, 4319182.143, 134
Trd, 4319183.293, 137
Trd, 4319184.043, 124
Trd, 4319184.843, 111
Trd, 4319185.593, 132
Trd, 4319186.143, 91
Trd, 4319187.093, 86
Trd, 4319187.693, 116
Trd, 4319187.743, 116
Trd, 4319188.243, 122
Trd, 4319188.543, 75
Trd, 4319188.793, 94
Trd, 4319190.143, 123
Trd, 4319190.443, 101
Trd, 4319190.993, 94
Trd, 4319192.193, 113
Trd, 4319192.893, 98
Trd, 4319193.293, 82
Trd, 4319194.293, 82
Trd, 4319195.343, 94
Trd, 4319196.943, 125
Trd, 4319197.843, 115
Trd, 4319197.943, 97
Trd, 4319198.643, 120
Trd, 4319199.393, 127
Trd, 4319199.693, 135
Trd, 4319200.293, 126
Trd, 4319201.393, 107
Trd, 4319201.893, 71
Trd, 4319202.143, 92
Trd, 4319202.443, 84
Trd, 4319203.643, 122
Trd, 4319204.843, 117
Trd, 4319205.243, 134
Trd, 4319205.843, 137
Trd, 4319206.743, 89
Trd, 4319207.093, 116
Trd, 4319207.643, 117
Trd, 4319207.843, 114
Trd, 4319209.793, 135
Trd, 4319212.643, 140
Trd, 4319213.293, 118
Trd, 4319214.893, 127
Trd, 4319215.393, 80
Trd, 4319215.993, 104
Trd, 4319216.943, 138
Trd, 4319217.093, 126
Trd, 4319217.993, 115
Trd, 4319219.843, 138
Trd, 4319220.543, 119
Trd, 4319223.143, 136
Trd, 4319223.293, 109
Trd, 4319223.443, 130
Trd, 4319225.293, 128
Trd, 4319225.843, 133
Trd, 4319227.793, 140
Trd, 4319228.243, 120
Trd, 4319228.493, 130
Trd, 4319229.543, 133
Trd, 4319229.643, 109
Trd, 4319229.693, 124
Trd, 4319230.743, 121
Trd, 4319232.743, 115
Trd, 4319232.943, 87
Trd, 4319233.293, 84
Trd, 4319234.393, 125
Trd, 4319235.593, 124
Trd, 4319236.093, 84
Trd, 4319236.843, 94
Trd, 4319237.143, 103
Trd, 4319237.893, 114
Trd, 4319239.043, 139
Trd, 4319239.643, 119
Trd, 4319239.693, 98
Trd, 4319240.943, 101
Trd, 4319241.393, 102
Trd, 4319241.693, 97
Trd, 4319242.943, 93
Trd, 4319243.343, 62
Trd, 4319244.943, 139
Trd, 4319245.093, 139
Trd, 4319246.543, 133
Trd, 4319247.243, 110
Trd, 4319247.593, 134
Trd, 4319247.843, 95
Trd, 4319248.593, 128
Trd, 4319250.193, 129
Trd, 4319250.643, 125
Trd, 4319251.843, 135
Trd, 4319252.343, 117
Trd, 4319253.743, 123
Trd, 4319253.993, 101
Trd, 4319254.243, 106
Trd, 4319256.943, 128
Trd, 4319257.543, 119
Trd, 4319257.593, 114
Trd, 4319257.693, 112
Trd, 4319258.543, 95
Trd, 4319259.143, 127
Trd, 4319260.443, 106
Trd, 4319260.693, 125
Trd, 4319261.543, 125
Trd, 4319262.643, 125
Trd, 4319262.943, 113
Trd, 4319264.593, 100
Trd, 4319264.793, 85
Trd, 4319265.043, 111
Trd, 4319265.393, 129
Trd, 4319265.793, 84
Trd, 4319266.143, 138
Trd, 4319267.343, 113
Trd, 4319267.393, 136
Trd, 4319267.593, 90
Trd, 4319270.343, 123
Trd, 4319270.693, 114
Trd, 4319271.093, 92
Trd, 4319271.443, 93
Trd, 4319273.293, 103
Trd, 4319273.993, 66
Trd, 4319274.193, 106
Trd, 4319275.093, 100
Trd, 4319276.043, 104
Trd, 4319276.293, 103
Trd, 4319277.843, 130
Trd, 4319278.443, 122
Trd, 4319278.543, 120
Trd, 4319279.193, 124
Trd, 4319279.843, 137
Trd, 4319280.943, 117
Trd, 4319281.043, 95
Trd, 4319281.493, 130
Trd, 4319282.493, 140
Trd, 4319283.343, 139
Trd, 4319285.143, 60
Trd, 4319285.793, 86
Trd, 4319286.443, 111
Trd, 4319287.143, 90
Trd, 4319288.593, 112
Trd, 4319289.143, 106
Trd, 4319289.843, 87
Trd, 4319291.293, 110
Trd, 4319291.943, 86
Trd, 4319292.093, 99
Trd, 4319293.893, 103
Trd, 4319294.893, 96
Trd, 4319295.143, 131
Trd, 4319295.893, 72
Trd, 4319297.093, 91
Trd, 4319298.493, 84
Trd, 4319298.893, 124
Trd, 4319299.343, 97
Trd, 4319299.493, 107
Trd, 4319301.143, 116
Trd, 4319301.193, 108
Trd, 4319301.643, 118
Trd, 4319302.293, 96
Trd, 4319302.393, 79
Trd, 4319303.193, 134
Trd, 4319303.293, 133
Trd, 4319304.743, 127
Trd, 4319304.993, 103
Trd, 4319305.093, 99
Trd, 4319306.543, 98
Trd, 4319307.093, 102
Trd, 4319308.843, 91
Trd, 4319309.493, 83
Trd, 4319310.093, 109
Trd, 4319310.893, 115
Trd, 4319311.043, 107
Trd, 4319311.693, 93
Trd, 4319312.843, 118
Trd, 4319314.593, 109
Trd, 4319315.293, 111
Trd, 4319315.943, 84
Trd, 4319316.093, 102
Trd, 4319316.693, 104
Trd, 4319317.343, 74
Trd, 4319318.993, 69
Trd, 4319320.493, 136
Trd, 4319321.143, 123
Trd, 4319321.843, 121
Trd, 4319323.143, 133
Trd, 4319324.043, 127
Trd, 4319324.293, 128
Trd, 4319324.343, 115
Trd, 4319325.293, 100
Trd, 4319325.843, 106
Trd, 4319326.593, 110
Trd, 4319329.393, 139
Trd, 4319330.043, 137
Trd, 4319330.143, 133
Trd, 4319330.793, 138
Trd, 4319330.993, 88
Trd, 4319332.243, 106
Trd, 4319332.743, 98
Trd, 4319332.893, 112
Trd, 4319332.993, 98
Trd, 4319333.693, 104
Trd, 4319334.343, 113
Trd, 4319336.393, 132
Trd, 4319336.693, 119
Trd, 4319337.743, 102
Trd, 4319337.843, 88
Trd, 4319338.793, 97
Trd, 4319339.643, 90
Trd, 4319340.093, 135
Trd, 4319341.493, 122
Trd, 4319341.743, 109
Trd, 4319342.043, 122
Trd, 4319342.543, 98
Trd, 4319344.793, 116
Trd, 4319345.493, 87
Trd, 4319345.643, 84
Trd, 4319345.943, 64
Trd, 4319346.393, 68
Trd, 4319346.493, 80
Trd, 4319347.543, 98
Trd, 4319348.243, 136
Trd, 4319348.493, 114
Trd, 4319348.593, 71
Trd, 4319349.743, 101
Trd, 4319350.343, 105
Trd, 4319350.643, 111
Trd, 4319351.093, 70
Trd, 4319352.093, 137
Trd, 4319353.093, 139
Trd, 4319354.293, 120
Trd, 4319354.843, 105
Trd, 4319355.143, 91
Trd, 4319355.193, 99
Trd, 4319355.643, 99
Trd, 4319356.643, 119
Trd, 4319358.293, 128
Trd, 4319359.443, 125
Trd, 4319359.793, 95
Trd, 4319360.943, 125
Trd, 4319361.843, 103
Trd, 4319362.643, 84
Trd, 4319362.893, 95
Trd, 4319363.493, 117
Trd, 4319363.843, 91
Trd, 4319365.093, 96
Trd, 4319366.743, 123
Trd, 4319367.493, 121
Trd, 4319367.893, 140
Trd, 4319368.093, 138
Trd, 4319368.393, 137
Trd, 4319368.743, 113
Trd, 4319369.343, 115
Trd, 4319369.593, 103
Trd, 4319370.993, 138
Trd, 4319371.343, 126
Trd, 4319371.843, 109
Trd, 4319372.193, 106
Trd, 4319373.693, 135
Trd, 4319374.043, 129
Trd, 4319376.343, 133
Trd, 4319376.643, 104
Trd, 4319377.043, 113
Trd, 4319377.793, 104
Trd, 4319377.993, 91
Trd, 4319378.193, 110
Trd, 4319379.893, 113
Trd, 4319379.993, 100
Trd, 4319381.743, 129
Trd, 4319382.693, 117
Trd, 4319382.743, 84
Trd, 4319385.693, 121
Trd, 4319386.243, 121
Trd, 4319386.993, 122
Trd, 4319387.343, 113
Trd, 4319387.743, 118
Trd, 4319388.443, 123
Trd, 4319388.893, 101
Trd, 4319391.243, 118
Trd, 4319391.443, 112
Trd, 4319391.643, 106
Trd, 4319393.743, 139
Trd, 4319394.143, 95
Trd, 4319394.393, 104
Trd, 4319394.493, 83
Trd, 4319395.193, 84
Trd, 4319395.343, 140
Trd, 4319396.493, 112
Trd, 4319397.043, 122
Trd, 4319397.743, 106
Trd, 4319398.643, 114
Trd, 4319400.493, 119
Trd, 4319401.043, 138
Trd, 4319401.393, 112
Trd, 4319402.243, 118
Trd, 4319404.093, 122
Trd, 4319404.293, 126
Trd, 4319404.393, 91
Trd, 4319404.793, 81
Trd, 4319405.493, 114
Trd, 4319406.443, 75
Trd, 4319406.943, 95
Trd, 4319407.193, 62
Trd, 4319407.443, 74
Trd, 4319407.543, 83
Trd, 4319409.443, 140
Trd, 4319411.043, 125
Trd, 4319411.793, 132
Trd, 4319412.343, 108
Trd, 4319412.693, 132
Trd, 4319412.943, 128
Trd, 4319413.143, 136
Trd, 4319415.493, 122
Trd, 4319416.943, 121
Trd, 4319417.043, 127
Trd, 4319418.193, 93
Trd, 4319419.143, 96
Trd, 4319419.193, 98
Trd, 4319419.943, 91
Trd, 4319421.243, 122
Trd, 4319422.943, 115
Trd, 4319423.043, 71
Trd, 4319423.443, 80
Trd, 4319424.393, 113
Trd, 4319424.993, 138
Trd, 4319425.693, 140
Trd, 4319426.643, 125
Trd, 4319427.793, 108
Trd, 4319428.393, 95
Trd, 4319428.693, 103
Trd, 4319428.843, 93
Trd, 4319429.643, 140
Trd, 4319430.293, 131
Trd, 4319432.493, 112
Trd, 4319433.543, 118
Trd, 4319433.843, 130
Trd, 4319434.893, 92
Trd, 4319435.793, 124
Trd, 4319436.893, 106
Trd, 4319437.443, 131
Trd, 4319439.093, 136
Trd, 4319439.193, 133
Trd, 4319439.893, 101
Trd, 4319440.843, 111
Trd, 4319441.443, 93
Trd, 4319441.793, 71
Trd, 4319443.043, 127
Trd, 4319443.343, 130
Trd, 4319444.643, 117
Trd, 4319445.993, 130
Trd, 4319447.593, 137
Trd, 4319448.543, 139
Trd, 4319449.493, 138
Trd, 4319449.543, 131
Trd, 4319449.943, 129
Trd, 4319450.093, 127
Trd, 4319450.243, 112
Trd, 4319450.343, 108
Trd, 4319451.093, 134
Trd, 4319451.393, 140
Trd, 4319451.793, 129
Trd, 4319452.493, 124
Trd, 4319453.943, 94
Trd, 4319455.743, 122
Trd, 4319456.043, 130
Trd, 4319456.743, 109
Trd, 4319457.193, 111
Trd, 4319457.793, 95
Trd, 4319458.343, 101
Trd, 4319459.443, 112
Trd, 4319460.493, 107
Trd, 4319461.193, 115
Trd, 4319461.393, 94
Trd, 4319462.393, 134
Trd, 4319463.543, 122
Trd, 4319464.043, 90
Trd, 4319465.793, 104
Trd, 4319466.093, 91
Trd, 4319466.143, 121
Trd, 4319466.743, 136
Trd, 4319466.843, 135
Trd, 4319467.543, 126
Trd, 4319469.843, 133
Trd, 4319469.943, 112
Trd, 4319470.043, 120
Trd, 4319470.143, 67
Trd, 4319471.543, 96
Trd, 4319472.043, 133
Trd, 4319472.193, 137
Trd, 4319473.893, 99
Trd, 4319474.593, 123
Trd, 4319474.793, 95
Trd, 4319475.893, 109
Trd, 4319477.143, 76
Trd, 4319477.543, 88
Trd, 4319477.943, 133
Trd, 4319478.343, 130
Trd, 4319479.943, 125
Trd, 4319480.093, 86
Trd, 4319480.643, 95
Trd, 4319483.143, 133
Trd, 4319483.893, 130
Trd, 4319484.493, 106
Trd, 4319484.543, 92
Trd, 4319486.093, 90
Trd, 4319486.443, 69
Trd, 4319486.943, 121
Trd, 4319487.043, 76
Trd, 4319488.293, 107
Trd, 4319489.043, 96
Trd, 4319489.843, 79
Trd, 4319489.893, 104
Trd, 4319490.943, 135
Trd, 4319493.593, 107
Trd, 4319494.143, 107
Trd, 4319494.793, 113
Trd, 4319495.593, 110
Trd, 4319495.743, 87
Trd, 4319496.493, 129
Trd, 4319497.443, 131
Trd, 4319497.993, 132
Trd, 4319498.193, 74
Trd, 4319498.693, 129
Trd, 4319500.243, 139
Trd, 4319501.043, 109
Trd, 4319501.443, 104
Trd, 4319501.943, 107
Trd, 4319502.643, 78
Trd, 4319502.743, 79
Trd, 4319503.393, 80
Trd, 4319503.593, 76
Trd, 4319504.743, 111
Trd, 4319505.893, 115
Trd, 4319506.593, 128
Trd, 4319507.143, 138
Trd, 4319509.793, 127
Trd, 4319510.693, 89
Trd, 4319510.843, 89
Trd, 4319511.243, 93
Trd, 4319511.593, 98
Trd, 4319512.293, 129
Trd, 4319514.243, 97
Trd, 4319514.893, 102
Trd, 4319514.943, 123
Trd, 4319515.843, 85
Trd, 4319516.043, 121
Trd, 4319516.493, 127
Trd, 4319516.993, 129
Trd, 4319518.993, 111
Trd, 4319520.043, 106
Trd, 4319520.143, 99
Trd, 4319520.593, 103
Trd, 4319521.043, 82
Trd, 4319521.943, 123
Trd, 4319522.793, 129
Trd, 4319523.793, 121
Trd, 4319524.593, 118
Trd, 4319525.793, 106
Trd, 4319526.093, 68
Trd, 4319526.443, 84
Trd, 4319527.643, 104
Trd, 4319528.093, 137
Trd, 4319528.743, 109
Trd, 4319529.293, 71
Trd, 4319529.793, 126
Trd, 4319530.893, 114
Trd, 4319531.493, 121
Trd, 4319531.643, 89
Trd, 4319532.143, 135
Trd, 4319534.393, 89
Trd, 4319534.793, 107
Trd, 4319535.193, 108
Trd, 4319535.343, 111
Trd, 4319535.493, 127
Trd, 4319537.293, 135
Trd, 4319538.643, 134
Trd, 4319539.143, 130
Trd, 4319541.843, 124
Trd, 4319542.093, 118
Trd, 4319542.943, 114
Trd, 4319543.393, 109
Trd, 4319543.743, 115
Trd, 4319544.743, 104
Trd, 4319545.143, 139
Trd, 4319546.743, 122
Trd, 4319547.193, 119
Trd, 4319547.343, 117
Trd, 4319549.643, 113
Trd, 4319550.343, 115
Trd, 4319551.943, 127
Trd, 4319552.593, 117
Trd, 4319552.843, 98
Trd, 4319553.343, 89
Trd, 4319553.493, 79
Trd, 4319553.843, 110
Trd, 4319554.493, 121
Trd, 4319555.393, 107
Trd, 4319556.043, 121
Trd, 4319557.843, 137
Trd, 4319558.043, 123
Trd, 4319558.393, 107
Trd, 4319559.293, 131
Trd, 4319559.943, 71
Trd, 4319560.143, 109
Trd, 4319560.993, 126
Trd, 4319561.993, 90
Trd, 4319563.293, 123
Trd, 4319564.793, 87
Trd, 4319565.543, 62
Trd, 4319566.643, 64
Trd, 4319566.793, 88
Trd, 4319567.193, 130
Trd, 4319568.093, 96
Trd, 4319568.893, 73
Trd, 4319570.393, 114
Trd, 4319571.293, 85
Trd, 4319571.543, 104
Trd, 4319571.893, 134
Trd, 4319572.043, 87
Trd, 4319572.643, 83
Trd, 4319573.343, 79
Trd, 4319574.543, 124
Trd, 4319575.093, 90
Trd, 4319576.493, 92
Trd, 4319577.293, 90
Trd, 4319577.493, 68
Trd, 4319578.793, 123
Trd, 4319578.943, 89
Trd, 4319581.193, 111
Trd, 4319582.893, 128
Trd, 4319583.093, 125
Trd, 4319583.143, 107
Trd, 4319583.593, 103
Trd, 4319584.143, 114
Trd, 4319584.743, 92
Trd, 4319584.943, 129
Trd, 4319586.593, 111
Trd, 4319587.843, 118
Trd, 4319588.243, 115
Trd, 4319588.443, 97
Trd, 4319589.093, 126
Trd, 4319590.043, 120
Trd, 4319591.043, 106
Trd, 4319591.143, 111
Trd, 4319593.443, 140
Trd, 4319594.143, 140
Trd, 4319594.643, 116
Trd, 4319595.393, 73
Trd, 4319595.593, 105
Trd, 4319596.843, 109
Trd, 4319597.493, 125
Trd, 4319597.943, 79
Trd, 4319598.493, 118
Trd, 4319599.993, 134
Trd, 4319600.093, 113
Trd, 4319600.743, 139
Trd, 4319601.443, 93
Trd, 4319601.543, 97
Trd, 4319602.043, 97
Trd, 4319602.793, 93
Trd, 4319603.493, 96
Trd, 4319604.193, 94
Trd, 4319606.943, 136
Trd, 4319607.543, 127
Trd, 4319607.843, 101
Trd, 4319609.393, 116
Trd, 4319609.543, 108
Trd, 4319610.093, 138
Trd, 4319611.243, 137
Trd, 4319611.343, 101
Trd, 4319611.793, 135
Trd, 4319612.443, 92
Trd, 4319614.143, 115
Trd, 4319614.843, 125
Trd, 4319615.243, 117
Trd, 4319616.093, 121
Trd, 4319616.493, 94
Trd, 4319617.093, 87
Trd, 4319617.993, 92
Trd, 4319618.843, 115
Trd, 4319619.243, 119
Trd, 4319619.843, 104
Trd, 4319620.543, 115
Trd, 4319621.743, 104
Trd, 4319622.493, 124
Trd, 4319623.543, 136
Trd, 4319623.643, 130
Trd, 4319624.293, 132
Trd, 4319624.593, 109
Trd, 4319625.893, 78
Trd, 4319626.293, 86
Trd, 4319627.143, 94
Trd, 4319628.043, 133
Trd, 4319628.493, 139
Trd, 4319628.993, 74
Trd, 4319629.243, 66
Trd, 4319630.343, 107
Trd, 4319632.143, 100
Trd, 4319632.643, 89
Trd, 4319633.143, 104
Trd, 4319633.293, 63
Trd, 4319634.593, 133
Trd, 4319635.993, 95
Trd, 4319636.993, 111
Trd, 4319637.543, 89
Trd, 4319638.093, 73
Trd, 4319639.293, 108
Trd, 4319639.343, 84
Trd, 4319639.743, 99
Trd, 4319639.793, 99
Trd, 4319640.093, 133
Trd, 4319641.643, 124
Trd, 4319642.543, 68
Trd, 4319644.043, 65
Trd, 4319644.943, 130
Trd, 4319645.743, 121
Trd, 4319646.643, 119
Trd, 4319646.893, 136
Trd, 4319647.043, 104
Trd, 4319649.143, 105
Trd, 4319649.193, 136
Trd, 4319649.243, 97
Trd, 4319649.693, 79
Trd, 4319650.843, 80
Trd, 4319652.893, 132
Trd, 4319653.243, 115
Trd, 4319653.543, 107
Trd, 4319655.393, 130
Trd, 4319656.443, 140
Trd, 4319656.993, 128
Trd, 4319658.193, 121
Trd, 4319658.693, 72
Trd, 4319659.243, 117
Trd, 4319659.293, 110
Trd, 4319660.593, 138
Trd, 4319661.043, 133
Trd, 4319661.443, 123
Trd, 4319661.743, 82
Trd, 4319661.943, 92
Trd, 4319662.493, 125
Trd, 4319666.143, 130
Trd, 4319668.243, 136
Trd, 4319668.793, 140
Trd, 4319668.943, 125
Trd, 4319669.443, 108
Trd, 4319671.243, 116
Trd, 4319671.543, 116
Trd, 4319673.443, 117
Trd, 4319674.043, 93
Trd, 4319674.493, 135
Trd, 4319674.943, 140
Trd, 4319675.393, 94
Trd, 4319676.493, 130
Trd, 4319677.343, 89
Trd, 4319678.243, 136
Trd, 4319678.993, 120
Trd, 4319679.643, 119
Trd, 4319679.693, 102
Trd, 4319680.743, 114
Trd, 4319682.443, 121
Trd, 4319683.293, 140
Trd, 4319683.393, 121
Trd, 4319683.693, 113
Trd, 4319685.343, 121
Trd, 4319686.343, 135
Trd, 4319688.143, 140
Trd, 4319688.443, 136
Trd, 4319688.793, 88
Trd, 4319689.093, 108
Trd, 4319690.293, 134
Trd, 4319691.993, 128
Trd, 4319692.143, 121
Trd, 4319692.343, 86
Trd, 4319693.893, 130
Trd, 4319694.593, 123
Trd, 4319696.243, 117
Trd, 4319696.443, 85
Trd, 4319697.343, 104
Trd, 4319699.243, 139
Trd, 4319699.643, 124
Trd, 4319700.043, 134
Trd, 4319700.543, 116
Trd, 4319700.993, 111
Trd, 4319701.893, 70
Trd, 4319702.143, 123
Trd, 4319702.693, 97
Trd, 4319702.843, 118
Trd, 4319703.693, 127
Trd, 4319704.043, 138
Trd, 4319704.843, 130
Trd, 4319705.143, 86
Trd, 4319705.693, 118
Trd, 4319706.593, 112
Trd, 4319706.793, 99
Trd, 4319708.543, 126
Trd, 4319709.343, 87
Trd, 4319710.243, 94
Trd, 4319711.193, 82
Trd, 4319711.393, 94
Trd, 4319711.643, 117
Trd, 4319713.943, 117
Trd, 4319714.593, 116
Trd, 4319714.893, 138
Trd, 4319716.093, 130
Trd, 4319718.043, 131
Trd, 4319718.393, 133
Trd, 4319719.543, 132
Trd, 4319720.443, 105
Trd, 4319720.593, 83
Trd, 4319721.043, 116
Trd, 4319721.393, 120
Trd, 4319722.443, 113
Trd, 4319722.893, 117
Trd, 4319723.943, 138
Trd, 4319724.593, 105
Trd, 4319725.043, 91
Trd, 4319725.093, 86
Trd, 4319726.743, 69
Trd, 4319727.743, 131
Trd, 4319728.343, 131
Trd, 4319728.493, 110
Trd, 4319728.993, 112
Trd, 4319729.293, 93
Trd, 4319729.743, 94
Trd, 4319731.793, 96
Trd, 4319732.043, 126
Trd, 4319733.543, 103
Trd, 4319733.893, 110
Trd, 4319734.293, 128
Trd, 4319736.043, 82
Trd, 4319736.343, 96
Trd, 4319738.543, 122
Trd, 4319740.593, 137
Trd, 4319742.543, 135
Trd, 4319742.743, 138
Trd, 4319742.843, 131
Trd, 4319744.543, 127
Trd, 4319745.343, 92
Trd, 4319746.093, 117
Trd, 4319746.143, 115
Trd, 4319746.543, 82
Trd, 4319747.443, 96
Trd, 4319747.743, 128
Trd, 4319750.593, 112
Trd, 4319750.693, 91
Trd, 4319750.743, 117
Trd, 4319752.843, 123
Trd, 4319752.993, 112
Trd, 4319753.943, 87
Trd, 4319754.493, 101
Trd, 4319756.593, 137
Trd, 4319756.743, 132
Trd, 4319757.743, 126
Trd, 4319758.293, 124
Trd, 4319758.343, 118
Trd, 4319758.743, 133
Trd, 4319759.293, 90
Trd, 4319761.843, 135
Trd, 4319762.743, 131
Trd, 4319763.243, 135
Trd, 4319763.543, 135
Trd, 4319765.543, 98
Trd, 4319765.993, 117
Trd, 4319767.293, 110
Trd, 4319768.543, 88
Trd, 4319768.743, 126
Trd, 4319769.193, 67
Trd, 4319769.643, 66
Trd, 4319770.093, 112
Trd, 4319770.143, 82
Trd, 4319770.693, 124
Trd, 4319771.893, 96
Trd, 4319772.693, 113
Trd, 4319773.293, 97
Trd, 4319773.943, 126
Trd, 4319774.693, 90
Trd, 4319776.543, 124
Trd, 4319778.393, 140
Trd, 4319779.893, 136
Trd, 4319779.943, 135
Trd, 4319780.493, 114
Trd, 4319780.943, 127
Trd, 4319781.293, 136
Trd, 4319782.193, 72
Trd, 4319783.493, 98
Trd, 4319784.393, 78
Trd, 4319786.093, 136
Trd, 4319786.493, 107
Trd, 4319786.943, 83
Trd, 4319787.143, 94
Trd, 4319787.793, 119
Trd, 4319787.943, 79
Trd, 4319788.793, 140
Trd, 4319789.593, 117
Trd, 4319790.893, 113
Trd, 4319793.493, 111
Trd, 4319793.993, 121
Trd, 4319794.143, 103
Trd, 4319794.593, 107
Trd, 4319795.693, 88
Trd, 4319796.743, 84
Trd, 4319797.193, 83
Trd, 4319798.543, 112
Trd, 4319798.843, 112
Trd, 4319799.943, 103
Trd, 4319800.043, 94
Trd, 4319800.393, 104
Trd, 4319800.743, 85
Trd, 4319800.993, 81
Trd, 4319801.743, 68
Trd, 4319801.893, 106
Trd, 4319802.593, 123
Trd, 4319804.443, 94
Trd, 4319804.993, 132
Trd, 4319806.243, 85
Trd, 4319806.393, 116
Trd, 4319806.793, 80
Trd, 4319807.193, 92
Trd, 4319807.643, 116
Trd, 4319808.643, 127
Trd, 4319809.493, 137
Trd, 4319809.893, 118
Trd, 4319810.593, 140
Trd, 4319811.743, 130
Trd, 4319811.793, 121
Trd, 4319812.243, 90
Trd, 4319815.193, 139
Trd, 4319815.493, 132
Trd, 4319816.743, 118
Trd, 4319817.693, 85
Trd, 4319817.943, 109
Trd, 4319818.393, 97
Trd, 4319818.543, 64
Trd, 4319818.793, 71
Trd, 4319818.993, 109
Trd, 4319819.993, 114
Trd, 4319820.943, 121
Trd, 4319821.943, 128
Trd, 4319821.993, 73
Trd, 4319822.993, 103
Trd, 4319824.043, 77
Trd, 4319824.493, 71
Trd, 4319826.043, 104
Trd, 4319826.593, 136
Trd, 4319829.193, 122
Trd, 4319831.143, 104
Trd, 4319831.343, 111
Trd, 4319832.893, 110
Trd, 4319832.993, 73
Trd, 4319833.043, 125
Trd, 4319834.343, 131
Trd, 4319834.593, 116
Trd, 4319834.643, 111
Trd, 4319835.393, 140
Trd, 4319836.443, 106
Trd, 4319836.993, 98
Trd, 4319837.543, 139
Trd, 4319837.993, 139
Trd, 4319839.893, 139
Trd, 4319840.493, 118
Trd, 4319841.743, 97
Trd, 4319842.493, 120
Trd, 4319842.743, 78
Trd, 4319842.943, 120
Trd, 4319844.093, 118
Trd, 4319845.393, 136
Trd, 4319845.793, 140
Trd, 4319846.143, 127
Trd, 4319847.543, 104
Trd, 4319848.643, 93
Trd, 4319848.943, 93
Trd, 4319849.393, 124
Trd, 4319850.843, 115
Trd, 4319851.193, 122
Trd, 4319852.293, 119
Trd, 4319852.993, 138
Trd, 4319853.443, 116
Trd, 4319853.643, 73
Trd, 4319854.793, 114
Trd, 4319855.843, 106
Trd, 4319857.143, 136
Trd, 4319859.243, 122
Trd, 4319859.343, 122
Trd, 4319859.993, 112
Trd, 4319860.193, 100
Trd, 4319861.093, 96
Trd, 4319861.393, 92
Trd, 4319861.643, 87
Trd, 4319861.943, 134
Trd, 4319863.693, 92
Trd, 4319864.293, 85
Trd, 4319866.493, 85
Trd, 4319866.543, 90
Trd, 4319866.743, 91
Trd, 4319867.043, 100
Trd, 4319867.393, 103
Trd, 4319869.443, 97
Trd, 4319870.443, 97
Trd, 4319870.793, 82
Trd, 4319871.093, 107
Trd, 4319871.993, 126
Trd, 4319874.393, 133
Trd, 4319874.893, 140
Trd, 4319875.393, 124
Trd, 4319876.293, 128
Trd, 4319876.793, 126
Trd, 4319877.893, 125
Trd, 4319878.843, 127
Trd, 4319879.343, 133
Trd, 4319880.843, 137
Trd, 4319880.893, 132
Trd, 4319881.543, 116
Trd, 4319882.443, 105
Trd, 4319882.643, 87
Trd, 4319885.993, 86
Trd, 4319886.293, 74
Trd, 4319886.393, 114
Trd, 4319887.093, 136
Trd, 4319888.493, 138
Trd, 4319888.643, 102
Trd, 4319888.993, 96
Trd, 4319890.593, 123
Trd, 4319891.793, 91
Trd, 4319891.893, 111
Trd, 4319892.093, 121
Trd, 4319893.143, 130
Trd, 4319893.343, 114
Trd, 4319893.893, 127
Trd, 4319895.443, 131
Trd, 4319896.493, 91
Trd, 4319896.593, 107
Trd, 4319896.893, 112
Trd, 4319897.643, 101
Trd, 4319898.543, 115
Trd, 4319899.643, 134
Trd, 4319900.643, 133
Trd, 4319901.843, 132
Trd, 4319903.243, 113
Trd, 4319903.443, 133
Trd, 4319904.543, 131
Trd, 4319905.993, 108
Trd, 4319906.343, 132
Trd, 4319907.093, 137
Trd, 4319908.693, 121
Trd, 4319909.193, 124
Trd, 4319909.243, 108
Trd, 4319909.293, 91
Trd, 4319909.643, 106
Trd, 4319910.543, 119
Trd, 4319910.693, 106
Trd, 4319910.843, 127
Trd, 4319914.093, 83
Trd, 4319914.493, 102
Trd, 4319916.093, 108
Trd, 4319916.193, 102
Trd, 4319917.243, 99
Trd, 4319920.293, 115
Trd, 4319920.993, 104
Trd, 4319921.243, 68
Trd, 4319922.093, 83
Trd, 4319922.393, 135
Trd, 4319923.443, 118
Trd, 4319924.193, 118
Trd, 4319924.443, 117
Trd, 4319925.443, 139
Trd, 4319927.143, 88
Trd, 4319928.843, 111
Trd, 4319929.093, 107
Trd, 4319929.943, 102
Trd, 4319930.393, 102
Trd, 4319932.043, 128
Trd, 4319932.443, 129
Trd, 4319932.893, 126
Trd, 4319933.743, 104
Trd, 4319933.843, 84
Trd, 4319934.693, 92
Trd, 4319935.393, 108
Trd, 4319936.543, 116
Trd, 4319937.643, 134
Trd, 4319939.493, 120
Trd, 4319939.693, 97
Trd, 4319939.843, 89
Trd, 4319941.193, 139
Trd, 4319941.993, 123
Trd, 4319942.243, 118
Trd, 4319942.593, 87
Trd, 4319943.493, 112
Trd, 4319945.293, 102
Trd, 4319947.243, 93
Trd, 4319947.943, 77
Trd, 4319948.043, 76
Trd, 4319948.943, 113
Trd, 4319949.543, 133
Trd, 4319950.293, 96
Trd, 4319950.893, 126
Trd, 4319952.743, 60
Trd, 4319953.143, 83
Trd, 4319954.393, 139
Trd, 4319954.443, 117
Trd, 4319954.893, 100
Trd, 4319955.243, 131
Trd, 4319957.793, 92
Trd, 4319957.993, 103
Trd, 4319958.593, 86
Trd, 4319959.543, 136
Trd, 4319960.143, 81
Trd, 4319960.593, 91
Trd, 4319961.093, 99
Trd, 4319962.543, 134
Trd, 4319963.143, 96
Trd, 4319963.443, 76
Trd, 4319963.743, 121
Trd, 4319964.343, 121
Trd, 4319966.493, 131
Trd, 4319968.793, 135
Trd, 4319969.043, 112
Trd, 4319969.393, 107
Trd, 4319969.543, 100
Trd, 4319969.743, 97
Trd, 4319969.993, 136
Trd, 4319971.393, 139
Trd, 4319971.893, 76
Trd, 4319972.193, 94
Trd, 4319973.443, 121
Trd, 4319974.243, 76
Trd, 4319974.493, 70
Trd, 4319974.943, 89
Trd, 4319976.043, 80
Trd, 4319976.143, 84
Trd, 4319976.993, 117
Trd, 4319979.393, 131
Trd, 4319979.743, 111
Trd, 4319980.243, 110
Trd, 4319980.293, 116
Trd, 4319980.893, 105
Trd, 4319981.743, 101
Trd, 4319982.343, 72
Trd, 4319984.093, 132
Trd, 4319984.543, 140
Trd, 4319985.393, 116
Trd, 4319985.493, 108
Trd, 4319986.093, 107
Trd, 4319986.293, 106
Trd, 4319986.943, 114
Trd, 4319988.793, 113
Trd, 4319989.343, 129
Trd, 4319991.043, 86
Trd, 4319991.543, 111
Trd, 4319992.293, 135
Trd, 4319992.693, 140
Trd, 4319992.993, 102
Trd, 4319993.493, 82
Trd, 4319994.193, 91
Trd, 4319995.393, 102
Trd, 4319995.643, 93
Trd, 4319997.393, 129
Trd, 4319997.943, 123
Trd, 4319998.393, 132
Trd, 4319998.893, 101
