Trd, 4318121.343, 134
Trd, 4318122.043, 121
Trd, 4318122.593, 120
Trd, 4318122.793, 116
Trd, 4318123.643, 117
Trd, 4318124.193, 69
Trd, 4318124.643, 81
Trd, 4318125.943, 104
Trd, 4318126.093, 100
Trd, 4318127.343, 114
Trd, 4318127.793, 105
Trd, 4318127.893, 102
Trd, 4318128.243, 99
Trd, 4318129.293, 96
Trd, 4318129.493, 136
Trd, 4318130.143, 127
Trd, 4318131.543, 130
Trd, 4318133.643, 136
Trd, 4318134.193, 119
Trd, 4318134.393, 119
Trd, 4318134.443, 89
Trd, 4318134.843, 73
Trd, 4318136.243, 77
Trd, 4318136.393, 101
Trd, 4318137.043, 102
Trd, 4318137.943, 121
Trd, 4318138.643, 81
Trd, 4318139.293, 111
Trd, 4318139.493, 106
Trd, 4318141.143, 110
Trd, 4318141.843, 102
Trd, 4318142.343, 99
Trd, 4318142.893, 123
Trd, 4318144.193, 133
Trd, 4318144.743, 99
Trd, 4318145.143, 82
Trd, 4318146.093, 103
Trd, 4318147.043, 127
Trd, 4318147.143, 96
Trd, 4318147.543, 112
Trd, 4318147.993, 133
Trd, 4318148.343, 119
Trd, 4318151.393, 65
Trd, 4318151.443, 83
Trd, 4318152.343, 64
Trd, 4318152.543, 78
Trd, 4318152.843, 96
Trd, 4318153.293, 99
Trd, 4318155.293, 76
Trd, 4318155.593, 75
Trd, 4318156.743, 103
Trd, 4318157.043, 110
Trd, 4318158.243, 118
Trd, 4318159.243, 116
Trd, 4318159.343, 115
Trd, 4318159.743, 124
Trd, 4318160.293, 93
Trd, 4318160.643, 87
Trd, 4318162.043, 115
Trd, 4318162.693, 111
Trd, 4318164.743, 119
Trd, 4318165.343, 125
Trd, 4318165.693, 108
Trd, 4318165.843, 107
Trd, 4318165.943, 103
Trd, 4318166.093, 97
Trd, 4318166.743, 107
Trd, 4318167.093, 131
Trd, 4318169.393, 113
Trd, 4318170.493, 112
Trd, 4318170.893, 109
Trd, 4318172.093, 124
Trd, 4318172.193, 114
Trd, 4318172.393, 92
Trd, 4318172.943, 90
Trd, 4318175.243, 98
Trd, 4318176.693, 122
Trd, 4318176.893, 121
Trd, 4318177.893, 117
Trd, 4318178.343, 140
Trd, 4318179.143, 139
Trd, 4318179.293, 114
Trd, 4318180.093, 135
Trd, 4318180.393, 110
Trd, 4318182.843, 119
Trd, 4318183.293, 115
Trd, 4318183.443, 108
Trd, 4318183.843, 120
Trd, 4318184.593, 138
Trd, 4318184.793, 109
Trd, 4318185.293, 107
Trd, 4318187.093, 102
Trd, 4318188.543, 134
Trd, 4318188.693, 135
Trd, 4318188.993, 132
Trd, 4318189.693, 127
Trd, 4318190.143, 120
Trd, 4318190.793, 129
Trd, 4318192.343, 74
Trd, 4318192.543, 65
Trd, 4318193.043, 71
Trd, 4318193.143, 75
Trd, 4318193.843, 72
Trd, 4318194.593, 94
Trd, 4318195.693, 90
Trd, 4318196.893, 100
Trd, 4318196.943, 100
Trd, 4318198.343, 74
Trd, 4318198.443, 98
Trd, 4318199.393, 96
Trd, 4318199.493, 92
Trd, 4318200.743, 94
Trd, 4318202.493, 115
Trd, 4318202.543, 114
Trd, 4318203.443, 98
Trd, 4318204.043, 96
Trd, 4318205.543, 119
Trd, 4318205.893, 108
Trd, 4318206.243, 106
Trd, 4318206.493, 121
Trd, 4318207.393, 89
Trd, 4318207.493, 75
Trd, 4318208.443, 70
Trd, 4318208.843, 96
Trd, 4318209.443, 136
Trd, 4318209.643, 107
Trd, 4318209.793, 99
Trd, 4318210.443, 84
Trd, 4318211.493, 101
Trd, 4318212.293, 117
Trd, 4318213.143, 98
Trd, 4318214.843, 98
Trd, 4318214.893, 102
Trd, 4318215.493, 95
Trd, 4318216.243, 90
Trd, 4318216.593, 118
Trd, 4318216.643, 85
Trd, 4318216.943, 83
Trd, 4318217.743, 111
Trd, 4318218.093, 110
Trd, 4318218.193, 106
Trd, 4318219.243, 88
Trd, 4318219.543, 112
Trd, 4318220.143, 103
Trd, 4318220.393, 120
Trd, 4318220.743, 139
Trd, 4318221.043, 130
Trd, 4318221.943, 84
Trd, 4318222.593, 109
Trd, 4318223.443, 85
Trd, 4318223.843, 87
Trd, 4318224.943, 80
Trd, 4318226.493, 75
Trd, 4318226.743, 86
Trd, 4318227.743, 64
Trd, 4318228.093, 64
Trd, 4318228.293, 69
Trd, 4318230.943, 79
Trd, 4318231.293, 76
Trd, 4318231.743, 82
Trd, 4318231.843, 73
Trd, 4318233.193, 95
Trd, 4318233.593, 76
Trd, 4318234.493, 61
Trd, 4318234.793, 132
Trd, 4318235.143, 125
Trd, 4318236.793, 68
Trd, 4318238.093, 65
Trd, 4318239.593, 67
Trd, 4318239.893, 106
Trd, 4318241.693, 100
Trd, 4318242.393, 113
Trd, 4318243.243, 116
Trd, 4318243.393, 114
Trd, 4318244.093, 70
Trd, 4318244.843, 82
Trd, 4318245.493, 70
Trd, 4318245.693, 103
Trd, 4318246.343, 66
Trd, 4318247.143, 73
Trd, 4318247.243, 71
Trd, 4318248.293, 100
Trd, 4318249.843, 80
Trd, 4318251.143, 76
Trd, 4318252.343, 87
Trd, 4318252.543, 87
Trd, 4318253.043, 60
Trd, 4318253.143, 69
Trd, 4318253.693, 67
Trd, 4318254.743, 83
Trd, 4318255.443, 72
Trd, 4318255.943, 96
Trd, 4318256.293, 120
Trd, 4318256.493, 92
Trd, 4318256.543, 87
Trd, 4318257.143, 74
Trd, 4318257.593, 86
Trd, 4318258.943, 99
Trd, 4318259.293, 81
Trd, 4318260.093, 127
Trd, 4318260.593, 126
Trd, 4318260.793, 113
Trd, 4318262.193, 133
Trd, 4318262.543, 132
Trd, 4318262.693, 124
Trd, 4318265.543, 111
Trd, 4318266.443, 106
Trd, 4318266.893, 126
Trd, 4318267.043, 94
Trd, 4318267.993, 115
Trd, 4318268.493, 85
Trd, 4318268.593, 116
Trd, 4318269.793, 101
Trd, 4318269.943, 99
Trd, 4318270.093, 115
Trd, 4318271.793, 136
Trd, 4318272.193, 130
Trd, 4318273.443, 127
Trd, 4318274.593, 88
Trd, 4318274.643, 87
Trd, 4318275.443, 124
Trd, 4318276.343, 121
Trd, 4318276.693, 91
Trd, 4318276.943, 107
Trd, 4318277.893, 139
Trd, 4318278.443, 120
Trd, 4318279.143, 109
Trd, 4318279.993, 129
Trd, 4318280.243, 108
Trd, 4318280.343, 134
Trd, 4318281.693, 138
Trd, 4318282.143, 83
Trd, 4318283.243, 67
Trd, 4318284.093, 82
Trd, 4318284.643, 81
Trd, 4318285.593, 78
Trd, 4318286.443, 103
Trd, 4318286.993, 116
Trd, 4318289.093, 123
Trd, 4318289.293, 122
Trd, 4318289.343, 104
Trd, 4318291.343, 125
Trd, 4318291.393, 120
Trd, 4318291.443, 101
Trd, 4318292.793, 105
Trd, 4318292.943, 98
Trd, 4318293.143, 86
Trd, 4318295.343, 108
Trd, 4318296.043, 61
Trd, 4318296.593, 93
Trd, 4318297.293, 61
Trd, 4318297.643, 70
Trd, 4318298.543, 108
Trd, 4318299.093, 102
Trd, 4318299.593, 83
Trd, 4318300.843, 109
Trd, 4318301.493, 121
Trd, 4318302.043, 120
Trd, 4318304.093, 131
Trd, 4318304.693, 123
Trd, 4318304.943, 96
Trd, 4318305.393, 110
Trd, 4318306.343, 90
Trd, 4318307.143, 104
Trd, 4318308.243, 110
Trd, 4318309.193, 100
Trd, 4318309.343, 101
Trd, 4318309.643, 138
Trd, 4318310.343, 114
Trd, 4318312.293, 78
Trd, 4318312.393, 102
Trd, 4318312.643, 76
Trd, 4318312.893, 61
Trd, 4318313.293, 125
Trd, 4318316.293, 117
Trd, 4318316.543, 116
Trd, 4318316.943, 115
Trd, 4318317.193, 105
Trd, 4318317.243, 104
Trd, 4318318.093, 112
Trd, 4318318.143, 108
Trd, 4318319.493, 132
Trd, 4318320.293, 105
Trd, 4318320.393, 105
Trd, 4318321.343, 107
Trd, 4318322.793, 110
Trd, 4318323.243, 112
Trd, 4318323.743, 101
Trd, 4318326.993, 91
Trd, 4318327.343, 89
Trd, 4318328.043, 100
Trd, 4318328.593, 130
Trd, 4318328.843, 105
Trd, 4318329.243, 99
Trd, 4318329.943, 117
Trd, 4318329.993, 84
Trd, 4318331.893, 102
Trd, 4318332.243, 93
Trd, 4318332.943, 104
Trd, 4318334.093, 113
Trd, 4318334.493, 103
Trd, 4318335.193, 98
Trd, 4318335.393, 85
Trd, 4318335.793, 121
Trd, 4318336.943, 73
Trd, 4318337.193, 73
Trd, 4318337.843, 73
Trd, 4318338.693, 74
Trd, 4318340.243, 125
Trd, 4318340.443, 117
Trd, 4318340.693, 117
Trd, 4318341.043, 113
Trd, 4318343.293, 111
Trd, 4318343.643, 105
Trd, 4318343.843, 95
Trd, 4318344.393, 132
Trd, 4318345.493, 87
Trd, 4318345.693, 87
Trd, 4318346.143, 86
Trd, 4318347.393, 69
Trd, 4318347.693, 85
Trd, 4318348.643, 128
Trd, 4318349.493, 131
Trd, 4318349.543, 97
Trd, 4318350.443, 79
Trd, 4318350.993, 121
Trd, 4318353.043, 61
Trd, 4318353.343, 96
Trd, 4318353.843, 68
Trd, 4318354.493, 79
Trd, 4318354.843, 63
Trd, 4318355.393, 60
Trd, 4318356.493, 104
Trd, 4318357.943, 108
Trd, 4318358.893, 89
Trd, 4318360.443, 73
Trd, 4318360.693, 65
Trd, 4318361.143, 80
Trd, 4318361.843, 83
Trd, 4318362.743, 65
Trd, 4318363.043, 72
Trd, 4318365.793, 68
Trd, 4318366.243, 101
Trd, 4318366.993, 75
Trd, 4318367.793, 61
Trd, 4318368.043, 104
Trd, 4318368.393, 135
Trd, 4318368.593, 67
Trd, 4318369.443, 100
Trd, 4318369.643, 67
Trd, 4318371.543, 89
Trd, 4318372.643, 124
Trd, 4318373.793, 118
Trd, 4318373.993, 74
Trd, 4318374.143, 70
Trd, 4318375.993, 109
Trd, 4318376.443, 70
Trd, 4318377.443, 87
Trd, 4318377.893, 68
Trd, 4318378.543, 88
Trd, 4318379.943, 73
Trd, 4318380.043, 79
Trd, 4318381.243, 86
Trd, 4318381.893, 75
Trd, 4318382.043, 124
Trd, 4318382.393, 73
Trd, 4318382.993, 125
Trd, 4318383.893, 117
Trd, 4318384.743, 78
Trd, 4318385.843, 107
Trd, 4318386.193, 124
Trd, 4318386.943, 83
Trd, 4318386.993, 70
Trd, 4318387.343, 73
Trd, 4318387.843, 87
Trd, 4318388.193, 62
Trd, 4318388.243, 92
Trd, 4318390.343, 86
Trd, 4318392.143, 65
Trd, 4318392.693, 104
Trd, 4318393.193, 133
Trd, 4318393.393, 88
Trd, 4318393.943, 122
Trd, 4318394.093, 86
Trd, 4318394.393, 71
Trd, 4318394.893, 131
Trd, 4318395.593, 86
Trd, 4318397.343, 139
Trd, 4318397.843, 112
Trd, 4318398.293, 111
Trd, 4318399.493, 110
Trd, 4318400.343, 110
Trd, 4318400.493, 109
Trd, 4318400.943, 104
Trd, 4318401.743, 99
Trd, 4318401.893, 99
Trd, 4318402.393, 96
Trd, 4318403.543, 124
Trd, 4318403.793, 104
Trd, 4318404.543, 98
Trd, 4318404.843, 75
Trd, 4318405.643, 111
Trd, 4318406.743, 78
Trd, 4318407.143, 125
Trd, 4318408.193, 124
Trd, 4318408.293, 115
Trd, 4318408.393, 93
Trd, 4318408.443, 93
Trd, 4318409.293, 79
Trd, 4318409.543, 85
Trd, 4318410.693, 82
Trd, 4318411.193, 88
Trd, 4318412.743, 137
Trd, 4318413.643, 136
Trd, 4318414.543, 118
Trd, 4318415.193, 112
Trd, 4318415.643, 106
Trd, 4318417.293, 106
Trd, 4318418.743, 112
Trd, 4318419.043, 92
Trd, 4318419.843, 121
Trd, 4318420.293, 137
Trd, 4318421.443, 86
Trd, 4318421.543, 90
Trd, 4318421.693, 85
Trd, 4318421.943, 92
Trd, 4318422.543, 82
Trd, 4318423.843, 113
Trd, 4318424.043, 102
Trd, 4318424.293, 98
Trd, 4318424.493, 76
Trd, 4318425.993, 104
Trd, 4318426.093, 104
Trd, 4318427.193, 64
Trd, 4318428.993, 138
Trd, 4318429.043, 129
Trd, 4318429.243, 98
Trd, 4318430.793, 116
Trd, 4318431.093, 107
Trd, 4318431.193, 105
Trd, 4318431.443, 103
Trd, 4318432.643, 94
Trd, 4318433.843, 88
Trd, 4318434.343, 113
Trd, 4318434.893, 69
Trd, 4318434.943, 69
Trd, 4318435.193, 71
Trd, 4318436.393, 102
Trd, 4318436.593, 101
Trd, 4318437.193, 100
Trd, 4318438.243, 70
Trd, 4318438.593, 101
Trd, 4318439.293, 97
Trd, 4318440.143, 140
Trd, 4318440.243, 130
Trd, 4318440.443, 85
Trd, 4318440.843, 61
Trd, 4318442.443, 87
Trd, 4318442.643, 127
Trd, 4318442.843, 83
Trd, 4318443.593, 84
Trd, 4318444.743, 74
Trd, 4318446.293, 113
Trd, 4318447.293, 133
Trd, 4318447.443, 108
Trd, 4318448.543, 107
Trd, 4318448.743, 103
Trd, 4318449.593, 137
Trd, 4318450.093, 128
Trd, 4318450.793, 127
Trd, 4318451.793, 119
Trd, 4318452.193, 106
Trd, 4318453.643, 90
Trd, 4318453.943, 122
Trd, 4318454.243, 132
Trd, 4318454.493, 118
Trd, 4318456.043, 118
Trd, 4318456.593, 124
Trd, 4318457.143, 93
Trd, 4318457.543, 93
Trd, 4318458.043, 103
Trd, 4318460.193, 125
Trd, 4318460.243, 122
Trd, 4318461.043, 106
Trd, 4318461.093, 102
Trd, 4318462.243, 119
Trd, 4318462.343, 135
Trd, 4318463.293, 100
Trd, 4318463.693, 95
Trd, 4318464.843, 98
Trd, 4318464.893, 104
Trd, 4318466.443, 97
Trd, 4318466.593, 99
Trd, 4318466.843, 116
Trd, 4318467.293, 90
Trd, 4318468.093, 69
Trd, 4318469.193, 66
Trd, 4318469.793, 72
Trd, 4318471.393, 72
Trd, 4318471.443, 95
Trd, 4318471.593, 69
Trd, 4318471.893, 127
Trd, 4318472.843, 72
Trd, 4318474.443, 108
Trd, 4318474.943, 121
Trd, 4318476.093, 122
Trd, 4318476.143, 121
Trd, 4318476.893, 132
Trd, 4318477.043, 127
Trd, 4318478.993, 115
Trd, 4318479.593, 108
Trd, 4318479.643, 107
Trd, 4318481.893, 130
Trd, 4318483.443, 123
Trd, 4318483.643, 122
Trd, 4318483.943, 116
Trd, 4318484.193, 111
Trd, 4318485.393, 110
Trd, 4318485.843, 94
Trd, 4318486.793, 94
Trd, 4318487.393, 118
Trd, 4318487.493, 113
Trd, 4318487.743, 113
Trd, 4318488.593, 93
Trd, 4318489.043, 139
Trd, 4318490.443, 127
Trd, 4318490.493, 102
Trd, 4318491.093, 82
Trd, 4318492.393, 84
Trd, 4318492.793, 76
Trd, 4318494.193, 102
Trd, 4318495.393, 60
Trd, 4318495.943, 131
Trd, 4318497.193, 138
Trd, 4318497.743, 140
Trd, 4318497.793, 130
Trd, 4318498.293, 118
Trd, 4318500.043, 116
Trd, 4318501.143, 119
Trd, 4318501.643, 117
Trd, 4318502.143, 109
Trd, 4318502.893, 81
Trd, 4318503.943, 64
Trd, 4318505.143, 106
Trd, 4318505.343, 96
Trd, 4318505.743, 92
Trd, 4318506.193, 127
Trd, 4318506.443, 89
Trd, 4318506.843, 87
Trd, 4318507.393, 107
Trd, 4318508.143, 65
Trd, 4318508.743, 127
Trd, 4318509.943, 129
Trd, 4318510.243, 109
Trd, 4318510.493, 135
Trd, 4318510.993, 127
Trd, 4318511.243, 60
Trd, 4318512.343, 122
Trd, 4318513.293, 89
Trd, 4318513.443, 120
Trd, 4318515.893, 95
Trd, 4318516.193, 110
Trd, 4318516.393, 71
Trd, 4318516.893, 115
Trd, 4318517.193, 65
Trd, 4318517.793, 136
Trd, 4318519.893, 69
Trd, 4318520.443, 81
Trd, 4318521.143, 69
Trd, 4318522.093, 109
Trd, 4318522.643, 85
Trd, 4318524.043, 137
Trd, 4318525.843, 108
Trd, 4318525.893, 103
Trd, 4318526.043, 131
Trd, 4318526.493, 134
Trd, 4318526.543, 125
Trd, 4318527.143, 111
Trd, 4318527.593, 96
Trd, 4318527.693, 83
Trd, 4318528.193, 85
Trd, 4318528.793, 68
Trd, 4318530.343, 64
Trd, 4318531.543, 103
Trd, 4318532.243, 100
Trd, 4318532.493, 100
Trd, 4318534.143, 124
Trd, 4318534.343, 79
Trd, 4318534.693, 106
Trd, 4318536.493, 107
Trd, 4318537.043, 100
Trd, 4318537.343, 119
Trd, 4318537.943, 121
Trd, 4318538.693, 129
Trd, 4318539.693, 98
Trd, 4318539.893, 94
Trd, 4318541.843, 115
Trd, 4318541.893, 110
Trd, 4318543.593, 122
Trd, 4318543.893, 103
Trd, 4318544.343, 97
Trd, 4318544.743, 81
Trd, 4318546.643, 109
Trd, 4318546.743, 105
Trd, 4318547.443, 114
Trd, 4318547.843, 95
Trd, 4318548.043, 95
Trd, 4318548.343, 89
Trd, 4318548.393, 87
Trd, 4318549.793, 64
Trd, 4318550.693, 105
Trd, 4318551.043, 123
Trd, 4318553.893, 87
Trd, 4318554.343, 97
Trd, 4318554.793, 135
Trd, 4318555.193, 84
Trd, 4318556.143, 126
Trd, 4318556.343, 106
Trd, 4318557.243, 60
Trd, 4318557.693, 67
Trd, 4318558.143, 96
Trd, 4318558.443, 106
Trd, 4318559.643, 89
Trd, 4318560.143, 84
Trd, 4318560.643, 81
Trd, 4318562.993, 116
Trd, 4318563.593, 108
Trd, 4318564.293, 106
Trd, 4318564.343, 110
Trd, 4318564.793, 108
Trd, 4318564.893, 100
Trd, 4318566.993, 100
Trd, 4318567.943, 91
Trd, 4318568.493, 126
Trd, 4318568.893, 90
Trd, 4318569.243, 94
Trd, 4318569.993, 113
Trd, 4318570.543, 81
Trd, 4318571.343, 132
Trd, 4318571.593, 130
Trd, 4318572.493, 60
Trd, 4318573.043, 61
Trd, 4318573.693, 73
Trd, 4318573.793, 89
Trd, 4318574.843, 118
Trd, 4318575.993, 79
Trd, 4318577.093, 69
Trd, 4318577.893, 103
Trd, 4318578.693, 128
Trd, 4318579.393, 103
Trd, 4318580.493, 113
Trd, 4318580.593, 103
Trd, 4318581.893, 137
Trd, 4318582.243, 130
Trd, 4318583.193, 134
Trd, 4318583.343, 111
Trd, 4318583.443, 109
Trd, 4318585.793, 97
Trd, 4318586.243, 89
Trd, 4318586.543, 84
Trd, 4318587.043, 105
Trd, 4318588.943, 80
Trd, 4318589.543, 115
Trd, 4318589.793, 132
Trd, 4318590.643, 122
Trd, 4318592.893, 99
Trd, 4318593.743, 95
Trd, 4318594.343, 137
Trd, 4318595.443, 96
Trd, 4318595.743, 95
Trd, 4318596.293, 120
Trd, 4318597.093, 128
Trd, 4318597.243, 116
Trd, 4318597.843, 123
Trd, 4318599.393, 121
Trd, 4318600.343, 118
Trd, 4318601.593, 110
Trd, 4318602.643, 107
Trd, 4318602.743, 106
Trd, 4318602.843, 106
Trd, 4318603.293, 76
Trd, 4318604.543, 76
Trd, 4318605.243, 64
Trd, 4318606.193, 65
Trd, 4318606.893, 72
Trd, 4318607.343, 73
Trd, 4318607.943, 81
Trd, 4318608.343, 98
Trd, 4318608.893, 81
Trd, 4318609.043, 78
Trd, 4318609.193, 99
Trd, 4318610.343, 91
Trd, 4318610.943, 83
Trd, 4318611.543, 83
Trd, 4318611.693, 78
Trd, 4318613.293, 117
Trd, 4318614.193, 121
Trd, 4318614.243, 104
Trd, 4318614.343, 91
Trd, 4318617.893, 64
Trd, 4318617.943, 91
Trd, 4318618.393, 66
Trd, 4318618.943, 75
Trd, 4318620.843, 108
Trd, 4318621.543, 84
Trd, 4318621.843, 83
Trd, 4318622.643, 103
Trd, 4318622.743, 108
Trd, 4318623.143, 83
Trd, 4318624.793, 112
Trd, 4318624.943, 98
Trd, 4318625.043, 106
Trd, 4318626.693, 84
Trd, 4318626.893, 73
Trd, 4318627.093, 120
Trd, 4318627.193, 119
Trd, 4318628.193, 123
Trd, 4318629.093, 106
Trd, 4318629.643, 121
Trd, 4318630.543, 137
Trd, 4318630.743, 115
Trd, 4318632.443, 63
Trd, 4318633.643, 122
Trd, 4318635.043, 91
Trd, 4318635.193, 68
Trd, 4318635.943, 85
Trd, 4318636.493, 101
Trd, 4318636.543, 91
Trd, 4318637.243, 112
Trd, 4318638.043, 110
Trd, 4318639.343, 99
Trd, 4318640.243, 125
Trd, 4318641.343, 92
Trd, 4318641.443, 91
Trd, 4318642.243, 100
Trd, 4318643.293, 88
Trd, 4318643.443, 112
Trd, 4318644.043, 89
Trd, 4318644.993, 85
Trd, 4318645.693, 125
Trd, 4318645.943, 100
Trd, 4318646.543, 98
Trd, 4318646.643, 96
Trd, 4318648.993, 121
Trd, 4318649.193, 111
Trd, 4318649.593, 127
Trd, 4318650.093, 98
Trd, 4318651.243, 118
Trd, 4318651.843, 102
Trd, 4318652.693, 116
Trd, 4318653.293, 107
Trd, 4318655.143, 105
Trd, 4318656.543, 137
Trd, 4318656.943, 136
Trd, 4318657.193, 132
Trd, 4318657.943, 129
Trd, 4318658.193, 122
Trd, 4318659.243, 95
Trd, 4318659.893, 99
Trd, 4318660.243, 91
Trd, 4318660.893, 91
Trd, 4318661.993, 99
Trd, 4318662.643, 97
Trd, 4318663.843, 129
Trd, 4318665.293, 123
Trd, 4318665.793, 140
Trd, 4318667.893, 137
Trd, 4318668.193, 128
Trd, 4318668.343, 134
Trd, 4318668.443, 127
Trd, 4318670.143, 82
Trd, 4318670.343, 85
Trd, 4318671.393, 137
Trd, 4318673.143, 114
Trd, 4318674.343, 104
Trd, 4318674.643, 109
Trd, 4318674.843, 98
Trd, 4318675.443, 91
Trd, 4318677.443, 63
Trd, 4318677.843, 87
Trd, 4318678.943, 132
Trd, 4318678.993, 131
Trd, 4318679.643, 118
Trd, 4318680.093, 73
Trd, 4318681.193, 88
Trd, 4318681.443, 80
Trd, 4318682.043, 81
Trd, 4318682.593, 121
Trd, 4318683.443, 103
Trd, 4318683.893, 103
Trd, 4318685.143, 76
Trd, 4318685.193, 76
Trd, 4318687.443, 133
Trd, 4318687.743, 125
Trd, 4318688.443, 93
Trd, 4318688.793, 98
Trd, 4318689.943, 139
Trd, 4318689.993, 100
Trd, 4318690.693, 99
Trd, 4318691.093, 91
Trd, 4318691.993, 88
Trd, 4318692.543, 97
Trd, 4318693.193, 124
Trd, 4318694.593, 107
Trd, 4318694.843, 112
Trd, 4318695.843, 101
Trd, 4318695.993, 91
Trd, 4318696.993, 129
Trd, 4318697.343, 124
Trd, 4318698.543, 95
Trd, 4318698.643, 90
Trd, 4318700.693, 119
Trd, 4318701.643, 96
Trd, 4318701.743, 90
Trd, 4318702.843, 140
Trd, 4318703.743, 120
Trd, 4318704.493, 137
Trd, 4318704.693, 135
Trd, 4318705.593, 124
Trd, 4318707.393, 111
Trd, 4318708.543, 139
Trd, 4318708.593, 133
Trd, 4318708.743, 121
Trd, 4318709.193, 100
Trd, 4318709.243, 93
Trd, 4318710.143, 100
Trd, 4318711.193, 95
Trd, 4318711.393, 88
Trd, 4318712.543, 82
Trd, 4318713.793, 122
Trd, 4318713.993, 97
Trd, 4318714.493, 67
Trd, 4318715.293, 121
Trd, 4318716.493, 119
Trd, 4318717.093, 117
Trd, 4318717.493, 103
Trd, 4318718.293, 103
Trd, 4318719.093, 92
Trd, 4318719.843, 128
Trd, 4318720.093, 126
Trd, 4318720.443, 97
Trd, 4318720.693, 108
Trd, 4318721.593, 95
Trd, 4318722.543, 115
Trd, 4318724.143, 116
Trd, 4318724.443, 140
Trd, 4318725.843, 124
Trd, 4318726.193, 104
Trd, 4318726.843, 133
Trd, 4318727.793, 132
Trd, 4318727.943, 124
Trd, 4318728.543, 101
Trd, 4318729.393, 88
Trd, 4318729.893, 130
Trd, 4318731.143, 135
Trd, 4318732.493, 109
Trd, 4318732.593, 109
Trd, 4318732.993, 106
Trd, 4318733.343, 75
Trd, 4318734.243, 80
Trd, 4318734.993, 84
Trd, 4318735.243, 84
Trd, 4318736.143, 95
Trd, 4318737.393, 118
Trd, 4318738.093, 110
Trd, 4318738.393, 103
Trd, 4318739.243, 113
Trd, 4318740.493, 94
Trd, 4318741.043, 117
Trd, 4318741.693, 94
Trd, 4318741.843, 94
Trd, 4318741.893, 87
Trd, 4318743.843, 104
Trd, 4318744.293, 102
Trd, 4318745.043, 119
Trd, 4318745.243, 118
Trd, 4318745.393, 123
Trd, 4318745.543, 115
Trd, 4318745.593, 110
Trd, 4318746.643, 126
Trd, 4318747.443, 87
Trd, 4318747.493, 106
Trd, 4318750.043, 88
Trd, 4318750.393, 77
Trd, 4318750.993, 119
Trd, 4318753.643, 130
Trd, 4318753.993, 130
Trd, 4318755.293, 131
Trd, 4318755.793, 140
Trd, 4318756.493, 112
Trd, 4318757.543, 81
Trd, 4318757.993, 77
Trd, 4318758.393, 77
Trd, 4318758.593, 80
Trd, 4318758.993, 131
Trd, 4318759.593, 97
Trd, 4318759.693, 94
Trd, 4318759.793, 95
Trd, 4318761.493, 124
Trd, 4318763.043, 85
Trd, 4318764.343, 115
Trd, 4318765.043, 91
Trd, 4318765.493, 91
Trd, 4318766.493, 107
Trd, 4318766.743, 118
Trd, 4318767.743, 102
Trd, 4318768.543, 112
Trd, 4318769.043, 131
Trd, 4318769.493, 103
Trd, 4318769.943, 99
Trd, 4318770.593, 107
Trd, 4318771.643, 97
Trd, 4318772.193, 94
Trd, 4318772.743, 91
Trd, 4318773.493, 90
Trd, 4318774.243, 110
Trd, 4318774.443, 120
Trd, 4318775.593, 93
Trd, 4318776.893, 128
Trd, 4318777.243, 122
Trd, 4318777.993, 115
Trd, 4318779.093, 91
Trd, 4318779.743, 121
Trd, 4318781.693, 70
Trd, 4318781.843, 70
Trd, 4318782.143, 73
Trd, 4318782.293, 98
Trd, 4318782.693, 122
Trd, 4318783.593, 117
Trd, 4318784.243, 117
Trd, 4318785.243, 130
Trd, 4318785.443, 124
Trd, 4318786.143, 112
Trd, 4318787.293, 99
Trd, 4318787.543, 98
Trd, 4318787.993, 99
Trd, 4318790.293, 120
Trd, 4318790.993, 118
Trd, 4318791.393, 131
Trd, 4318791.993, 122
Trd, 4318792.043, 111
Trd, 4318792.243, 122
Trd, 4318792.443, 110
Trd, 4318792.743, 130
Trd, 4318793.293, 131
Trd, 4318795.943, 121
Trd, 4318796.093, 117
Trd, 4318797.343, 132
Trd, 4318797.743, 123
Trd, 4318798.593, 102
Trd, 4318799.243, 134
Trd, 4318800.243, 84
Trd, 4318801.843, 113
Trd, 4318802.293, 97
Trd, 4318805.293, 97
Trd, 4318805.343, 92
Trd, 4318806.443, 116
Trd, 4318807.043, 99
Trd, 4318807.893, 96
Trd, 4318808.943, 106
Trd, 4318809.493, 102
Trd, 4318809.993, 98
Trd, 4318810.793, 109
Trd, 4318810.993, 84
Trd, 4318812.143, 139
Trd, 4318812.643, 103
Trd, 4318813.043, 98
Trd, 4318813.443, 97
Trd, 4318814.543, 108
Trd, 4318814.793, 102
Trd, 4318814.993, 107
Trd, 4318815.243, 97
Trd, 4318817.293, 66
Trd, 4318817.493, 67
Trd, 4318818.493, 131
Trd, 4318818.843, 78
Trd, 4318818.993, 116
Trd, 4318821.793, 60
Trd, 4318822.693, 74
Trd, 4318823.043, 98
Trd, 4318823.493, 76
Trd, 4318823.893, 103
Trd, 4318824.693, 70
Trd, 4318825.443, 97
Trd, 4318825.693, 94
Trd, 4318827.093, 77
Trd, 4318827.243, 102
Trd, 4318827.393, 74
Trd, 4318828.543, 100
Trd, 4318828.643, 102
Trd, 4318829.393, 132
Trd, 4318829.843, 107
Trd, 4318830.743, 106
Trd, 4318830.893, 101
Trd, 4318831.093, 99
Trd, 4318831.343, 106
Trd, 4318832.593, 128
Trd, 4318832.893, 123
Trd, 4318834.343, 101
Trd, 4318834.393, 98
Trd, 4318834.693, 76
Trd, 4318837.543, 111
Trd, 4318837.593, 76
Trd, 4318837.743, 100
Trd, 4318838.793, 101
Trd, 4318838.943, 82
Trd, 4318840.593, 93
Trd, 4318840.743, 86
Trd, 4318841.693, 90
Trd, 4318842.343, 120
Trd, 4318842.693, 133
Trd, 4318843.043, 89
Trd, 4318844.543, 112
Trd, 4318845.343, 74
Trd, 4318845.393, 68
Trd, 4318846.843, 104
Trd, 4318848.143, 121
Trd, 4318848.493, 120
Trd, 4318848.543, 116
Trd, 4318848.693, 113
Trd, 4318849.793, 111
Trd, 4318850.793, 82
Trd, 4318852.193, 80
Trd, 4318852.993, 71
Trd, 4318853.643, 67
Trd, 4318854.993, 102
Trd, 4318855.743, 80
Trd, 4318856.593, 118
Trd, 4318857.343, 124
Trd, 4318857.443, 123
Trd, 4318857.693, 116
Trd, 4318858.393, 134
Trd, 4318858.543, 74
Trd, 4318859.143, 85
Trd, 4318859.793, 74
Trd, 4318861.843, 74
Trd, 4318862.343, 88
Trd, 4318863.193, 87
Trd, 4318863.893, 116
Trd, 4318864.343, 115
Trd, 4318865.193, 129
Trd, 4318865.993, 138
Trd, 4318866.143, 124
Trd, 4318867.693, 128
Trd, 4318868.343, 102
Trd, 4318868.593, 95
Trd, 4318868.693, 110
Trd, 4318869.493, 138
Trd, 4318870.143, 112
Trd, 4318870.993, 68
Trd, 4318871.793, 69
Trd, 4318873.243, 138
Trd, 4318873.343, 113
Trd, 4318873.493, 103
Trd, 4318874.443, 103
Trd, 4318875.593, 81
Trd, 4318875.993, 83
Trd, 4318877.093, 123
Trd, 4318877.343, 118
Trd, 4318877.893, 117
Trd, 4318878.193, 113
Trd, 4318878.943, 120
Trd, 4318879.793, 96
Trd, 4318881.393, 122
Trd, 4318881.543, 115
Trd, 4318882.143, 99
Trd, 4318882.543, 63
Trd, 4318882.743, 79
Trd, 4318883.493, 72
Trd, 4318883.843, 102
Trd, 4318884.543, 120
Trd, 4318885.093, 86
Trd, 4318885.693, 61
Trd, 4318887.193, 73
Trd, 4318888.743, 88
Trd, 4318889.043, 82
Trd, 4318890.043, 82
Trd, 4318891.243, 114
Trd, 4318893.143, 129
Trd, 4318893.193, 124
Trd, 4318893.243, 84
Trd, 4318893.643, 62
Trd, 4318894.043, 118
Trd, 4318894.843, 117
Trd, 4318895.443, 110
Trd, 4318896.143, 109
Trd, 4318897.143, 132
Trd, 4318897.543, 131
Trd, 4318897.743, 126
Trd, 4318899.043, 108
Trd, 4318899.393, 81
Trd, 4318900.743, 73
Trd, 4318901.093, 71
Trd, 4318901.743, 99
Trd, 4318902.193, 92
Trd, 4318902.743, 71
Trd, 4318903.143, 80
Trd, 4318903.443, 95
Trd, 4318905.243, 88
Trd, 4318905.843, 105
Trd, 4318906.043, 79
Trd, 4318906.143, 79
Trd, 4318907.143, 84
Trd, 4318907.193, 85
Trd, 4318907.293, 125
Trd, 4318908.043, 139
Trd, 4318909.593, 108
Trd, 4318910.443, 102
Trd, 4318911.843, 119
Trd, 4318912.243, 105
Trd, 4318912.793, 139
Trd, 4318913.493, 123
Trd, 4318914.193, 108
Trd, 4318914.443, 100
Trd, 4318914.593, 62
Trd, 4318915.343, 84
Trd, 4318915.443, 80
Trd, 4318917.543, 114
Trd, 4318918.693, 138
Trd, 4318919.543, 117
Trd, 4318919.743, 106
Trd, 4318920.443, 76
Trd, 4318920.943, 83
Trd, 4318921.443, 72
Trd, 4318921.493, 71
Trd, 4318921.993, 83
Trd, 4318923.343, 133
Trd, 4318923.593, 131
Trd, 4318924.043, 127
Trd, 4318925.243, 112
Trd, 4318925.793, 91
Trd, 4318926.443, 120
Trd, 4318927.193, 123
Trd, 4318927.543, 115
Trd, 4318927.893, 111
Trd, 4318928.493, 86
Trd, 4318928.893, 61
Trd, 4318929.743, 63
Trd, 4318929.843, 68
Trd, 4318931.343, 80
Trd, 4318932.193, 109
Trd, 4318933.143, 110
Trd, 4318934.793, 95
Trd, 4318935.643, 88
Trd, 4318936.143, 133
Trd, 4318937.943, 108
Trd, 4318938.593, 128
Trd, 4318938.893, 70
Trd, 4318940.893, 98
Trd, 4318941.243, 96
Trd, 4318942.393, 134
Trd, 4318942.943, 120
Trd, 4318942.993, 116
Trd, 4318944.143, 106
Trd, 4318945.043, 130
Trd, 4318945.443, 98
Trd, 4318946.143, 99
Trd, 4318947.593, 132
Trd, 4318947.943, 101
Trd, 4318948.193, 95
Trd, 4318948.343, 88
Trd, 4318949.543, 131
Trd, 4318949.593, 83
Trd, 4318951.343, 127
Trd, 4318951.843, 96
Trd, 4318952.143, 93
Trd, 4318953.593, 83
Trd, 4318954.943, 132
Trd, 4318955.093, 131
Trd, 4318955.343, 130
Trd, 4318955.543, 124
Trd, 4318955.943, 99
Trd, 4318957.493, 120
Trd, 4318957.893, 115
Trd, 4318959.293, 135
Trd, 4318960.593, 123
Trd, 4318960.693, 120
Trd, 4318960.993, 119
Trd, 4318962.893, 95
Trd, 4318964.543, 126
Trd, 4318964.893, 98
Trd, 4318965.143, 69
Trd, 4318966.343, 75
Trd, 4318966.593, 83
Trd, 4318967.493, 90
Trd, 4318969.093, 115
Trd, 4318969.243, 110
Trd, 4318969.293, 107
Trd, 4318969.393, 68
Trd, 4318970.143, 130
Trd, 4318970.443, 108
Trd, 4318971.443, 72
Trd, 4318971.893, 75
Trd, 4318973.393, 75
Trd, 4318973.543, 77
Trd, 4318973.993, 73
Trd, 4318974.293, 140
Trd, 4318975.493, 122
Trd, 4318976.593, 122
Trd, 4318976.893, 89
Trd, 4318977.743, 124
Trd, 4318978.593, 87
Trd, 4318978.943, 81
Trd, 4318978.993, 74
Trd, 4318979.343, 74
Trd, 4318980.243, 65
Trd, 4318981.793, 102
Trd, 4318982.043, 113
Trd, 4318982.143, 73
Trd, 4318984.593, 72
Trd, 4318986.493, 78
Trd, 4318986.893, 75
Trd, 4318987.843, 62
Trd, 4318988.343, 76
Trd, 4318988.943, 91
Trd, 4318989.793, 90
Trd, 4318990.643, 71
Trd, 4318990.993, 79
Trd, 4318991.493, 75
Trd, 4318991.543, 100
Trd, 4318992.793, 89
Trd, 4318993.093, 87
Trd, 4318993.243, 128
Trd, 4318995.143, 97
Trd, 4318995.443, 83
Trd, 4318996.743, 83
Trd, 4318996.793, 80
Trd, 4318997.343, 96
Trd, 4318997.843, 78
Trd, 4318999.143, 134
Trd, 4318999.193, 128
Trd, 4318999.743, 119
Trd, 4319000.293, 118
Trd, 4319000.743, 119
Trd, 4319001.793, 103
Trd, 4319002.243, 99
Trd, 4319003.543, 110
Trd, 4319003.943, 96
Trd, 4319004.243, 79
Trd, 4319004.993, 109
Trd, 4319006.543, 104
Trd, 4319006.943, 113
Trd, 4319007.443, 105
Trd, 4319007.893, 97
Trd, 4319008.143, 99
Trd, 4319009.393, 114
Trd, 4319009.443, 83
Trd, 4319010.443, 101
Trd, 4319011.593, 80
Trd, 4319012.143, 64
Trd, 4319012.243, 61
Trd, 4319012.293, 75
Trd, 4319014.893, 124
Trd, 4319015.043, 122
Trd, 4319015.393, 116
Trd, 4319015.593, 115
Trd, 4319016.193, 93
Trd, 4319017.293, 121
Trd, 4319017.543, 112
Trd, 4319017.693, 107
Trd, 4319018.293, 63
Trd, 4319020.743, 126
Trd, 4319021.293, 72
Trd, 4319021.543, 64
Trd, 4319021.893, 66
Trd, 4319022.243, 71
Trd, 4319022.743, 64
Trd, 4319023.043, 66
Trd, 4319024.493, 65
Trd, 4319025.793, 80
Trd, 4319026.693, 81
Trd, 4319026.793, 67
Trd, 4319027.143, 78
Trd, 4319029.343, 61
Trd, 4319030.643, 60
Trd, 4319030.843, 66
Trd, 4319031.743, 68
Trd, 4319032.493, 98
Trd, 4319033.043, 95
Trd, 4319034.043, 126
Trd, 4319035.393, 133
Trd, 4319036.143, 110
Trd, 4319036.893, 121
Trd, 4319037.593, 135
Trd, 4319038.743, 107
Trd, 4319039.043, 103
Trd, 4319039.743, 98
Trd, 4319039.993, 96
Trd, 4319040.393, 113
Trd, 4319042.343, 97
Trd, 4319042.693, 88
Trd, 4319043.043, 118
Trd, 4319043.193, 85
Trd, 4319043.743, 122
Trd, 4319044.443, 60
Trd, 4319045.293, 106
Trd, 4319045.993, 77
Trd, 4319048.193, 124
Trd, 4319048.743, 126
Trd, 4319049.093, 117
Trd, 4319049.243, 108
Trd, 4319049.543, 132
Trd, 4319050.893, 83
Trd, 4319051.443, 90
Trd, 4319053.493, 96
Trd, 4319054.043, 115
Trd, 4319054.493, 110
Trd, 4319054.693, 111
Trd, 4319054.893, 108
Trd, 4319055.393, 109
Trd, 4319055.593, 89
Trd, 4319056.343, 124
Trd, 4319057.343, 107
Trd, 4319057.493, 76
Trd, 4319059.093, 104
Trd, 4319059.843, 119
Trd, 4319059.993, 111
Trd, 4319060.893, 103
Trd, 4319061.793, 106
Trd, 4319062.543, 97
Trd, 4319063.193, 81
Trd, 4319063.443, 97
Trd, 4319063.943, 133
Trd, 4319066.593, 61
Trd, 4319068.443, 73
Trd, 4319069.893, 75
Trd, 4319070.293, 69
Trd, 4319071.043, 109
Trd, 4319071.493, 68
Trd, 4319072.893, 102
Trd, 4319072.993, 65
Trd, 4319073.293, 106
Trd, 4319075.243, 63
Trd, 4319075.443, 92
Trd, 4319075.893, 115
Trd, 4319076.843, 104
Trd, 4319077.293, 104
Trd, 4319078.143, 100
Trd, 4319078.743, 125
Trd, 4319079.143, 116
Trd, 4319079.193, 115
Trd, 4319079.593, 120
Trd, 4319080.293, 127
Trd, 4319080.893, 121
Trd, 4319081.193, 96
Trd, 4319082.143, 66
Trd, 4319082.193, 126
Trd, 4319083.743, 90
Trd, 4319083.793, 122
Trd, 4319084.943, 103
Trd, 4319085.943, 99
Trd, 4319086.293, 111
Trd, 4319086.843, 98
Trd, 4319087.043, 94
Trd, 4319087.843, 102
Trd, 4319087.993, 92
Trd, 4319089.343, 65
Trd, 4319090.043, 75
Trd, 4319090.393, 63
Trd, 4319090.943, 60
Trd, 4319092.143, 93
Trd, 4319092.593, 123
Trd, 4319092.793, 79
Trd, 4319093.043, 111
Trd, 4319093.843, 85
Trd, 4319094.243, 112
Trd, 4319094.893, 80
Trd, 4319095.443, 94
Trd, 4319096.393, 114
Trd, 4319097.593, 115
Trd, 4319098.743, 120
Trd, 4319099.293, 114
Trd, 4319100.293, 107
Trd, 4319100.593, 98
Trd, 4319100.643, 96
Trd, 4319101.993, 101
Trd, 4319102.193, 97
Trd, 4319103.143, 115
Trd, 4319103.943, 80
Trd, 4319105.243, 75
Trd, 4319105.393, 106
Trd, 4319106.193, 113
Trd, 4319106.743, 117
Trd, 4319107.443, 108
Trd, 4319108.543, 107
Trd, 4319109.693, 79
Trd, 4319110.193, 72
Trd, 4319110.243, 78
Trd, 4319110.893, 97
Trd, 4319111.243, 100
Trd, 4319112.443, 116
Trd, 4319112.593, 93
Trd, 4319114.643, 122
Trd, 4319115.193, 121
Trd, 4319115.243, 100
Trd, 4319116.993, 70
Trd, 4319117.743, 67
Trd, 4319117.793, 65
Trd, 4319118.943, 116
Trd, 4319119.193, 111
Trd, 4319119.993, 92
Trd, 4319120.493, 129
Trd, 4319120.943, 98
Trd, 4319123.843, 82
Trd, 4319124.393, 84
Trd, 4319124.593, 96
Trd, 4319125.343, 106
Trd, 4319125.593, 105
Trd, 4319126.393, 85
Trd, 4319126.993, 103
Trd, 4319127.543, 133
Trd, 4319128.793, 91
Trd, 4319129.493, 80
Trd, 4319130.243, 88
Trd, 4319130.743, 85
Trd, 4319131.043, 70
Trd, 4319131.643, 109
Trd, 4319133.393, 72
Trd, 4319133.493, 104
Trd, 4319134.143, 103
Trd, 4319135.443, 69
Trd, 4319136.243, 75
Trd, 4319138.143, 62
Trd, 4319138.193, 78
Trd, 4319138.443, 107
Trd, 4319138.643, 84
Trd, 4319139.793, 64
Trd, 4319140.243, 64
Trd, 4319140.443, 64
Trd, 4319141.843, 65
Trd, 4319142.643, 83
Trd, 4319143.543, 137
Trd, 4319144.043, 126
Trd, 4319144.643, 82
Trd, 4319144.893, 80
Trd, 4319146.143, 61
Trd, 4319146.193, 84
Trd, 4319147.693, 139
Trd, 4319148.293, 90
Trd, 4319148.493, 90
Trd, 4319149.143, 118
Trd, 4319149.593, 115
Trd, 4319149.743, 77
Trd, 4319151.793, 138
Trd, 4319152.043, 132
Trd, 4319152.143, 129
Trd, 4319152.843, 88
Trd, 4319153.143, 70
Trd, 4319153.543, 65
Trd, 4319153.843, 63
Trd, 4319154.343, 91
Trd, 4319155.043, 92
Trd, 4319157.193, 65
Trd, 4319157.293, 70
Trd, 4319159.093, 93
Trd, 4319159.143, 90
Trd, 4319159.193, 82
Trd, 4319159.493, 79
Trd, 4319159.993, 87
Trd, 4319160.643, 81
Trd, 4319161.593, 83
Trd, 4319162.643, 82
Trd, 4319163.693, 69
Trd, 4319164.243, 70
Trd, 4319164.793, 66
Trd, 4319165.393, 78
Trd, 4319166.043, 92
Trd, 4319166.743, 123
Trd, 4319167.043, 113
Trd, 4319167.793, 67
Trd, 4319168.293, 112
Trd, 4319168.893, 129
Trd, 4319169.643, 122
Trd, 4319169.693, 121
Trd, 4319171.693, 109
Trd, 4319171.893, 103
Trd, 4319171.993, 97
Trd, 4319172.893, 139
Trd, 4319173.193, 88
Trd, 4319173.793, 85
Trd, 4319174.093, 95
Trd, 4319174.543, 138
Trd, 4319174.843, 78
Trd, 4319177.793, 132
Trd, 4319178.843, 130
Trd, 4319178.993, 125
Trd, 4319179.793, 98
Trd, 4319179.843, 92
Trd, 4319180.293, 97
Trd, 4319180.643, 101
Trd, 4319181.043, 84
Trd, 4319183.543, 124
Trd, 4319184.543, 102
Trd, 4319185.143, 104
Trd, 4319185.443, 111
Trd, 4319185.593, 102
Trd, 4319188.543, 79
Trd, 4319188.793, 109
Trd, 4319189.243, 94
Trd, 4319189.443, 119
Trd, 4319190.043, 92
Trd, 4319192.093, 86
Trd, 4319192.343, 82
Trd, 4319192.443, 81
Trd, 4319192.693, 71
Trd, 4319193.093, 95
Trd, 4319193.243, 96
Trd, 4319193.293, 95
Trd, 4319194.343, 71
Trd, 4319194.993, 95
Trd, 4319195.143, 81
Trd, 4319196.643, 128
Trd, 4319196.943, 113
Trd, 4319197.993, 132
Trd, 4319199.193, 125
Trd, 4319199.693, 115
Trd, 4319200.193, 113
Trd, 4319200.993, 109
Trd, 4319203.043, 135
Trd, 4319203.743, 122
Trd, 4319203.793, 114
Trd, 4319204.143, 95
Trd, 4319205.493, 114
Trd, 4319205.793, 120
Trd, 4319206.243, 126
Trd, 4319206.393, 76
Trd, 4319208.243, 112
Trd, 4319210.043, 98
Trd, 4319210.893, 114
Trd, 4319211.293, 97
Trd, 4319211.893, 95
Trd, 4319212.443, 129
Trd, 4319213.293, 109
Trd, 4319213.643, 103
Trd, 4319214.043, 139
Trd, 4319214.943, 78
Trd, 4319216.843, 125
Trd, 4319217.643, 101
Trd, 4319217.743, 120
Trd, 4319219.143, 97
Trd, 4319219.293, 93
Trd, 4319219.893, 94
Trd, 4319220.393, 131
Trd, 4319223.093, 134
Trd, 4319223.243, 128
Trd, 4319223.593, 117
Trd, 4319224.893, 115
Trd, 4319225.293, 113
Trd, 4319225.443, 108
Trd, 4319225.943, 118
Trd, 4319226.243, 122
Trd, 4319226.993, 109
Trd, 4319228.943, 79
Trd, 4319230.243, 61
Trd, 4319231.893, 92
Trd, 4319232.093, 90
Trd, 4319232.493, 103
Trd, 4319232.743, 101
Trd, 4319233.443, 99
Trd, 4319233.843, 99
Trd, 4319233.993, 79
Trd, 4319235.443, 93
Trd, 4319235.743, 101
Trd, 4319236.743, 120
Trd, 4319237.743, 77
Trd, 4319238.043, 134
Trd, 4319238.793, 94
Trd, 4319240.593, 109
Trd, 4319241.293, 136
Trd, 4319241.893, 135
Trd, 4319242.643, 114
Trd, 4319242.693, 113
Trd, 4319243.043, 130
Trd, 4319243.843, 118
Trd, 4319245.743, 84
Trd, 4319246.043, 84
Trd, 4319246.943, 83
Trd, 4319247.693, 69
Trd, 4319247.893, 69
Trd, 4319248.143, 84
Trd, 4319248.793, 94
Trd, 4319249.593, 100
Trd, 4319249.893, 123
Trd, 4319250.143, 112
Trd, 4319250.893, 106
Trd, 4319251.193, 97
Trd, 4319251.993, 85
Trd, 4319254.943, 121
Trd, 4319255.243, 119
Trd, 4319255.343, 119
Trd, 4319255.943, 115
Trd, 4319256.043, 113
Trd, 4319257.343, 107
Trd, 4319258.193, 132
Trd, 4319258.543, 105
Trd, 4319259.143, 105
Trd, 4319260.843, 68
Trd, 4319261.343, 69
Trd, 4319262.493, 127
Trd, 4319262.543, 66
Trd, 4319262.693, 114
Trd, 4319263.293, 134
Trd, 4319263.493, 119
Trd, 4319263.893, 140
Trd, 4319264.393, 81
Trd, 4319265.093, 66
Trd, 4319267.043, 65
Trd, 4319267.493, 69
Trd, 4319267.943, 77
Trd, 4319268.593, 64
Trd, 4319268.893, 78
Trd, 4319272.043, 133
Trd, 4319272.443, 127
Trd, 4319272.843, 92
Trd, 4319273.593, 102
Trd, 4319274.743, 101
Trd, 4319275.043, 79
Trd, 4319275.643, 138
Trd, 4319276.693, 61
Trd, 4319277.793, 70
Trd, 4319278.393, 100
Trd, 4319278.693, 104
Trd, 4319278.893, 66
Trd, 4319280.043, 78
Trd, 4319280.443, 87
Trd, 4319281.893, 111
Trd, 4319282.593, 70
Trd, 4319282.993, 103
Trd, 4319285.243, 80
Trd, 4319285.593, 75
Trd, 4319285.693, 82
Trd, 4319285.943, 112
Trd, 4319286.993, 74
Trd, 4319287.193, 60
Trd, 4319287.993, 69
Trd, 4319289.543, 84
Trd, 4319290.493, 78
Trd, 4319290.993, 68
Trd, 4319291.143, 110
Trd, 4319291.293, 115
Trd, 4319292.043, 86
Trd, 4319293.693, 73
Trd, 4319293.893, 69
Trd, 4319293.993, 79
Trd, 4319294.293, 69
Trd, 4319294.543, 110
Trd, 4319295.593, 100
Trd, 4319297.693, 65
Trd, 4319298.393, 67
Trd, 4319300.593, 65
Trd, 4319300.643, 63
Trd, 4319301.443, 79
Trd, 4319301.793, 91
Trd, 4319301.893, 80
Trd, 4319304.243, 75
Trd, 4319304.393, 69
Trd, 4319304.643, 83
Trd, 4319304.843, 93
Trd, 4319306.243, 98
Trd, 4319306.593, 94
Trd, 4319308.143, 89
Trd, 4319308.793, 86
Trd, 4319308.943, 92
Trd, 4319309.043, 125
Trd, 4319309.993, 133
Trd, 4319311.993, 120
Trd, 4319312.143, 128
Trd, 4319312.693, 79
Trd, 4319314.893, 71
Trd, 4319314.993, 86
Trd, 4319315.343, 66
Trd, 4319315.543, 66
Trd, 4319315.693, 78
Trd, 4319316.793, 61
Trd, 4319317.993, 75
Trd, 4319320.043, 87
Trd, 4319320.143, 75
Trd, 4319320.643, 63
Trd, 4319322.693, 68
Trd, 4319322.943, 66
Trd, 4319323.543, 81
Trd, 4319323.593, 84
Trd, 4319324.293, 121
Trd, 4319325.543, 76
Trd, 4319326.193, 71
Trd, 4319326.593, 96
Trd, 4319326.743, 82
Trd, 4319328.443, 76
Trd, 4319328.593, 75
Trd, 4319329.093, 130
Trd, 4319329.543, 85
Trd, 4319330.643, 119
Trd, 4319330.793, 95
Trd, 4319330.993, 102
Trd, 4319333.243, 75
Trd, 4319333.743, 100
Trd, 4319333.843, 97
Trd, 4319334.743, 69
Trd, 4319335.143, 77
Trd, 4319335.393, 86
Trd, 4319336.793, 103
Trd, 4319337.643, 74
Trd, 4319338.193, 68
Trd, 4319339.393, 74
Trd, 4319340.693, 69
Trd, 4319341.243, 98
Trd, 4319344.093, 99
Trd, 4319344.543, 108
Trd, 4319345.043, 99
Trd, 4319345.443, 112
Trd, 4319345.843, 99
Trd, 4319346.093, 111
Trd, 4319346.643, 102
Trd, 4319347.743, 115
Trd, 4319348.593, 117
Trd, 4319350.043, 87
Trd, 4319350.293, 84
Trd, 4319350.993, 89
Trd, 4319352.843, 114
Trd, 4319354.043, 97
Trd, 4319354.343, 90
Trd, 4319354.393, 87
Trd, 4319354.743, 85
Trd, 4319355.143, 103
Trd, 4319355.493, 70
Trd, 4319356.043, 71
Trd, 4319357.743, 126
Trd, 4319358.193, 120
Trd, 4319358.293, 115
Trd, 4319359.393, 140
Trd, 4319359.743, 116
Trd, 4319360.393, 116
Trd, 4319360.893, 94
Trd, 4319362.193, 132
Trd, 4319362.543, 103
Trd, 4319362.893, 100
Trd, 4319363.343, 137
Trd, 4319363.643, 131
Trd, 4319364.193, 93
Trd, 4319365.343, 116
Trd, 4319365.843, 118
Trd, 4319365.893, 97
Trd, 4319367.643, 94
Trd, 4319367.843, 117
Trd, 4319368.893, 109
Trd, 4319369.243, 106
Trd, 4319370.193, 103
Trd, 4319370.543, 74
Trd, 4319371.293, 98
Trd, 4319371.643, 90
Trd, 4319372.043, 85
Trd, 4319373.143, 113
Trd, 4319373.643, 112
Trd, 4319373.693, 84
Trd, 4319374.543, 91
Trd, 4319377.143, 98
Trd, 4319377.743, 65
Trd, 4319377.843, 112
Trd, 4319378.593, 107
Trd, 4319379.493, 106
Trd, 4319380.543, 137
Trd, 4319381.193, 121
Trd, 4319382.343, 136
Trd, 4319382.493, 102
Trd, 4319382.643, 89
Trd, 4319383.443, 71
Trd, 4319383.643, 69
Trd, 4319384.393, 101
Trd, 4319385.343, 98
Trd, 4319385.393, 126
Trd, 4319386.743, 73
Trd, 4319387.293, 133
Trd, 4319388.293, 80
Trd, 4319389.543, 124
Trd, 4319391.043, 112
Trd, 4319391.593, 110
Trd, 4319391.793, 118
Trd, 4319392.243, 110
Trd, 4319392.543, 124
Trd, 4319393.093, 107
Trd, 4319393.193, 91
Trd, 4319395.443, 131
Trd, 4319395.543, 125
Trd, 4319395.993, 119
Trd, 4319397.993, 140
Trd, 4319398.293, 91
Trd, 4319398.793, 79
Trd, 4319399.443, 87
Trd, 4319399.743, 79
Trd, 4319401.843, 84
Trd, 4319403.243, 77
Trd, 4319403.793, 83
Trd, 4319404.043, 84
Trd, 4319404.243, 74
Trd, 4319404.343, 93
Trd, 4319405.243, 114
Trd, 4319405.343, 74
Trd, 4319408.443, 111
Trd, 4319409.443, 108
Trd, 4319409.593, 107
Trd, 4319410.193, 133
Trd, 4319410.593, 108
Trd, 4319410.643, 129
Trd, 4319410.693, 106
Trd, 4319411.143, 122
Trd, 4319412.493, 90
Trd, 4319412.693, 103
Trd, 4319413.093, 122
Trd, 4319415.643, 126
Trd, 4319416.043, 124
Trd, 4319416.843, 118
Trd, 4319417.143, 118
Trd, 4319417.643, 108
Trd, 4319418.593, 139
Trd, 4319418.693, 104
Trd, 4319420.293, 117
Trd, 4319420.493, 111
Trd, 4319421.093, 109
Trd, 4319422.143, 137
Trd, 4319422.493, 123
Trd, 4319422.793, 138
Trd, 4319424.843, 69
Trd, 4319425.293, 114
Trd, 4319425.993, 91
Trd, 4319426.543, 138
Trd, 4319427.143, 129
Trd, 4319427.393, 126
Trd, 4319427.793, 94
Trd, 4319428.843, 116
Trd, 4319428.993, 115
Trd, 4319429.643, 94
Trd, 4319430.793, 79
Trd, 4319430.843, 88
Trd, 4319431.243, 129
Trd, 4319432.843, 117
Trd, 4319433.193, 112
Trd, 4319433.893, 128
Trd, 4319434.243, 132
Trd, 4319434.393, 126
Trd, 4319434.593, 124
Trd, 4319436.543, 106
Trd, 4319436.943, 101
Trd, 4319437.093, 77
Trd, 4319438.343, 78
Trd, 4319440.143, 74
Trd, 4319440.193, 74
Trd, 4319440.643, 66
Trd, 4319442.393, 85
Trd, 4319442.843, 87
Trd, 4319443.193, 92
Trd, 4319443.843, 114
Trd, 4319444.343, 127
Trd, 4319444.593, 112
Trd, 4319444.693, 100
Trd, 4319445.793, 62
Trd, 4319446.393, 61
Trd, 4319447.143, 73
Trd, 4319447.993, 94
Trd, 4319448.443, 79
Trd, 4319451.243, 75
Trd, 4319451.693, 87
Trd, 4319451.943, 107
Trd, 4319452.443, 74
Trd, 4319452.493, 89
Trd, 4319452.543, 74
Trd, 4319454.193, 120
Trd, 4319454.543, 122
Trd, 4319454.993, 109
Trd, 4319455.893, 99
Trd, 4319457.293, 127
Trd, 4319457.543, 120
Trd, 4319458.893, 62
Trd, 4319459.743, 104
Trd, 4319460.293, 73
Trd, 4319461.743, 118
Trd, 4319461.893, 111
Trd, 4319462.193, 96
Trd, 4319462.243, 96
Trd, 4319462.643, 85
Trd, 4319462.793, 91
Trd, 4319463.093, 82
Trd, 4319463.193, 103
Trd, 4319464.093, 69
Trd, 4319465.843, 69
Trd, 4319466.993, 69
Trd, 4319467.193, 106
Trd, 4319468.043, 97
Trd, 4319468.543, 86
Trd, 4319469.143, 99
Trd, 4319469.443, 81
Trd, 4319470.193, 82
Trd, 4319470.943, 89
Trd, 4319471.193, 134
Trd, 4319472.193, 101
Trd, 4319473.843, 75
Trd, 4319474.543, 66
Trd, 4319476.393, 67
Trd, 4319476.593, 62
Trd, 4319476.843, 111
Trd, 4319477.743, 79
Trd, 4319477.943, 101
Trd, 4319478.143, 64
Trd, 4319478.543, 60
Trd, 4319479.493, 63
Trd, 4319480.293, 69
Trd, 4319482.343, 131
Trd, 4319482.493, 130
Trd, 4319482.893, 116
Trd, 4319483.943, 81
Trd, 4319484.243, 69
Trd, 4319484.293, 77
Trd, 4319485.093, 71
Trd, 4319485.643, 78
Trd, 4319486.543, 101
Trd, 4319487.093, 94
Trd, 4319489.943, 86
Trd, 4319491.143, 112
Trd, 4319491.543, 115
Trd, 4319492.243, 111
Trd, 4319492.293, 100
Trd, 4319492.843, 98
Trd, 4319493.643, 95
Trd, 4319493.843, 102
Trd, 4319494.193, 106
Trd, 4319494.993, 97
Trd, 4319496.043, 138
Trd, 4319496.393, 132
Trd, 4319496.493, 100
Trd, 4319497.793, 101
Trd, 4319499.393, 131
Trd, 4319499.643, 90
Trd, 4319501.643, 107
Trd, 4319502.193, 137
Trd, 4319502.593, 100
Trd, 4319503.193, 95
Trd, 4319504.143, 100
Trd, 4319504.943, 113
Trd, 4319505.393, 109
Trd, 4319506.493, 111
Trd, 4319506.743, 86
Trd, 4319507.343, 137
Trd, 4319508.193, 101
Trd, 4319508.693, 121
Trd, 4319509.343, 80
Trd, 4319509.893, 101
Trd, 4319511.093, 66
Trd, 4319511.793, 63
Trd, 4319512.593, 137
Trd, 4319513.743, 80
Trd, 4319513.943, 90
Trd, 4319514.493, 91
Trd, 4319515.893, 69
Trd, 4319516.943, 79
Trd, 4319517.093, 77
Trd, 4319518.193, 96
Trd, 4319518.293, 100
Trd, 4319518.493, 100
Trd, 4319520.043, 80
Trd, 4319520.193, 77
Trd, 4319521.693, 114
Trd, 4319521.843, 111
Trd, 4319521.993, 111
Trd, 4319522.243, 133
Trd, 4319524.793, 86
Trd, 4319524.943, 86
Trd, 4319525.193, 83
Trd, 4319525.743, 80
Trd, 4319526.693, 99
Trd, 4319527.443, 105
Trd, 4319527.893, 105
Trd, 4319529.193, 132
Trd, 4319529.593, 114
Trd, 4319531.993, 136
Trd, 4319532.443, 135
Trd, 4319533.243, 140
Trd, 4319533.493, 138
Trd, 4319535.043, 132
Trd, 4319535.593, 117
Trd, 4319535.893, 95
Trd, 4319536.493, 138
Trd, 4319537.593, 112
Trd, 4319538.343, 109
Trd, 4319538.843, 106
Trd, 4319539.493, 99
Trd, 4319541.293, 107
Trd, 4319541.743, 124
Trd, 4319541.843, 69
Trd, 4319542.443, 66
Trd, 4319542.943, 64
Trd, 4319544.693, 107
Trd, 4319545.743, 123
Trd, 4319546.193, 128
Trd, 4319546.893, 128
Trd, 4319547.143, 119
Trd, 4319547.343, 111
Trd, 4319548.393, 125
Trd, 4319548.843, 124
Trd, 4319549.543, 102
Trd, 4319550.193, 102
Trd, 4319552.243, 100
Trd, 4319552.693, 99
Trd, 4319552.843, 95
Trd, 4319554.143, 104
Trd, 4319554.543, 103
Trd, 4319555.493, 132
Trd, 4319555.543, 126
Trd, 4319556.893, 99
Trd, 4319557.093, 83
Trd, 4319557.193, 69
Trd, 4319557.993, 127
Trd, 4319559.843, 102
Trd, 4319559.943, 100
Trd, 4319560.443, 74
Trd, 4319561.643, 103
Trd, 4319562.043, 74
Trd, 4319563.293, 101
Trd, 4319563.443, 71
Trd, 4319564.943, 91
Trd, 4319565.243, 102
Trd, 4319565.743, 115
Trd, 4319565.993, 108
Trd, 4319568.043, 121
Trd, 4319568.643, 116
Trd, 4319568.993, 139
Trd, 4319570.293, 104
Trd, 4319571.243, 133
Trd, 4319571.293, 120
Trd, 4319571.493, 104
Trd, 4319572.643, 118
Trd, 4319573.643, 114
Trd, 4319574.093, 133
Trd, 4319575.093, 133
Trd, 4319575.643, 119
Trd, 4319576.193, 88
Trd, 4319577.193, 116
Trd, 4319578.143, 132
Trd, 4319578.393, 126
Trd, 4319580.593, 83
Trd, 4319581.543, 99
Trd, 4319581.643, 96
Trd, 4319581.943, 93
Trd, 4319583.593, 131
Trd, 4319584.143, 133
Trd, 4319584.843, 117
Trd, 4319585.743, 99
Trd, 4319587.093, 110
Trd, 4319587.743, 82
Trd, 4319588.643, 99
Trd, 4319588.893, 126
Trd, 4319588.993, 118
Trd, 4319589.243, 120
Trd, 4319590.043, 114
Trd, 4319590.493, 73
Trd, 4319591.443, 127
Trd, 4319592.743, 124
Trd, 4319593.243, 80
Trd, 4319593.693, 71
Trd, 4319594.493, 76
Trd, 4319595.143, 93
Trd, 4319595.993, 78
Trd, 4319597.593, 121
Trd, 4319598.743, 98
Trd, 4319599.043, 94
Trd, 4319599.393, 107
Trd, 4319599.893, 99
Trd, 4319600.543, 124
Trd, 4319601.093, 87
Trd, 4319601.743, 85
Trd, 4319603.293, 100
Trd, 4319604.243, 74
Trd, 4319606.043, 80
Trd, 4319606.393, 80
Trd, 4319606.593, 111
Trd, 4319607.143, 137
Trd, 4319607.843, 99
Trd, 4319608.743, 64
Trd, 4319609.493, 73
Trd, 4319609.943, 71
Trd, 4319611.443, 121
Trd, 4319611.543, 118
Trd, 4319612.343, 102
Trd, 4319613.543, 94
Trd, 4319613.743, 91
Trd, 4319613.793, 91
Trd, 4319614.243, 129
Trd, 4319615.943, 83
Trd, 4319617.543, 85
Trd, 4319618.043, 100
Trd, 4319618.393, 81
Trd, 4319618.493, 78
Trd, 4319618.893, 114
Trd, 4319619.143, 94
Trd, 4319620.243, 120
Trd, 4319620.943, 83
Trd, 4319621.393, 104
Trd, 4319622.043, 83
Trd, 4319622.643, 69
Trd, 4319623.943, 85
Trd, 4319624.693, 87
Trd, 4319625.093, 62
Trd, 4319626.843, 96
Trd, 4319627.443, 112
Trd, 4319627.843, 109
Trd, 4319628.693, 96
Trd, 4319629.493, 99
Trd, 4319629.543, 127
Trd, 4319629.943, 63
Trd, 4319631.243, 95
Trd, 4319631.393, 111
Trd, 4319632.193, 70
Trd, 4319632.243, 118
Trd, 4319632.393, 72
Trd, 4319634.393, 99
Trd, 4319634.743, 99
Trd, 4319636.393, 97
Trd, 4319637.043, 86
Trd, 4319637.293, 71
Trd, 4319637.893, 90
Trd, 4319639.193, 84
Trd, 4319640.293, 83
Trd, 4319640.943, 107
Trd, 4319641.393, 109
Trd, 4319641.643, 105
Trd, 4319641.693, 103
Trd, 4319642.243, 103
Trd, 4319642.693, 99
Trd, 4319643.093, 139
Trd, 4319643.293, 97
Trd, 4319643.843, 98
Trd, 4319646.593, 87
Trd, 4319646.993, 71
Trd, 4319647.143, 123
Trd, 4319648.643, 105
Trd, 4319648.693, 105
Trd, 4319648.893, 100
Trd, 4319649.043, 109
Trd, 4319649.843, 95
Trd, 4319649.993, 98
Trd, 4319651.343, 140
Trd, 4319651.893, 83
Trd, 4319652.543, 117
Trd, 4319653.493, 80
Trd, 4319653.543, 81
Trd, 4319654.293, 130
Trd, 4319655.393, 70
Trd, 4319655.943, 119
Trd, 4319657.243, 106
Trd, 4319658.043, 99
Trd, 4319658.143, 94
Trd, 4319658.393, 91
Trd, 4319658.993, 95
Trd, 4319661.443, 87
Trd, 4319661.643, 73
Trd, 4319661.793, 87
Trd, 4319663.143, 77
Trd, 4319663.593, 88
Trd, 4319663.893, 88
Trd, 4319664.243, 98
Trd, 4319664.793, 107
Trd, 4319665.493, 76
Trd, 4319665.843, 68
Trd, 4319667.443, 70
Trd, 4319668.343, 66
Trd, 4319668.793, 99
Trd, 4319669.093, 117
Trd, 4319669.543, 94
Trd, 4319669.993, 105
Trd, 4319670.443, 101
Trd, 4319670.593, 91
Trd, 4319671.043, 97
Trd, 4319672.043, 96
Trd, 4319672.993, 120
Trd, 4319674.343, 99
Trd, 4319674.743, 126
Trd, 4319675.343, 113
Trd, 4319675.993, 86
Trd, 4319678.693, 123
Trd, 4319679.093, 139
Trd, 4319679.193, 138
Trd, 4319680.493, 105
Trd, 4319681.193, 101
Trd, 4319682.393, 139
Trd, 4319682.693, 130
Trd, 4319682.843, 127
Trd, 4319683.343, 108
Trd, 4319684.193, 126
Trd, 4319684.643, 124
Trd, 4319686.043, 123
Trd, 4319686.843, 128
Trd, 4319687.193, 124
Trd, 4319687.993, 122
Trd, 4319689.493, 103
Trd, 4319689.643, 103
Trd, 4319690.543, 100
Trd, 4319690.843, 100
Trd, 4319691.593, 121
Trd, 4319691.993, 131
Trd, 4319692.943, 132
Trd, 4319694.693, 126
Trd, 4319695.843, 138
Trd, 4319695.943, 137
Trd, 4319696.543, 137
Trd, 4319697.043, 90
Trd, 4319697.193, 75
Trd, 4319697.343, 62
Trd, 4319700.043, 124
Trd, 4319700.143, 122
Trd, 4319701.293, 121
Trd, 4319702.393, 125
Trd, 4319702.793, 123
Trd, 4319703.293, 115
Trd, 4319703.343, 112
Trd, 4319704.743, 126
Trd, 4319704.893, 111
Trd, 4319705.393, 131
Trd, 4319705.943, 115
Trd, 4319707.043, 71
Trd, 4319707.643, 100
Trd, 4319710.143, 119
Trd, 4319711.093, 95
Trd, 4319711.143, 95
Trd, 4319711.743, 89
Trd, 4319712.043, 120
Trd, 4319713.843, 117
Trd, 4319714.043, 112
Trd, 4319714.293, 111
Trd, 4319717.393, 117
Trd, 4319717.843, 115
Trd, 4319717.893, 109
Trd, 4319718.843, 91
Trd, 4319720.343, 100
Trd, 4319720.943, 87
Trd, 4319721.093, 99
Trd, 4319721.743, 104
Trd, 4319721.993, 105
Trd, 4319722.143, 96
Trd, 4319722.293, 87
Trd, 4319722.893, 84
Trd, 4319723.593, 78
Trd, 4319724.343, 90
Trd, 4319725.393, 63
Trd, 4319726.443, 80
Trd, 4319727.043, 96
Trd, 4319727.343, 82
Trd, 4319727.993, 70
Trd, 4319728.343, 77
Trd, 4319729.393, 62
Trd, 4319729.943, 74
Trd, 4319730.993, 60
Trd, 4319732.043, 116
Trd, 4319732.593, 106
Trd, 4319733.993, 117
Trd, 4319734.543, 106
Trd, 4319735.443, 127
Trd, 4319735.743, 119
Trd, 4319737.943, 129
Trd, 4319738.393, 129
Trd, 4319739.093, 125
Trd, 4319739.493, 115
Trd, 4319739.793, 93
Trd, 4319740.293, 91
Trd, 4319740.743, 103
Trd, 4319740.993, 81
Trd, 4319741.893, 110
Trd, 4319743.043, 92
Trd, 4319743.993, 92
Trd, 4319744.093, 115
Trd, 4319745.093, 109
Trd, 4319746.243, 131
Trd, 4319746.293, 125
Trd, 4319746.593, 111
Trd, 4319747.493, 129
Trd, 4319747.743, 116
Trd, 4319748.493, 117
Trd, 4319748.593, 84
Trd, 4319750.543, 133
Trd, 4319751.443, 126
Trd, 4319751.893, 122
Trd, 4319753.293, 71
Trd, 4319753.693, 80
Trd, 4319755.093, 66
Trd, 4319755.793, 90
Trd, 4319756.193, 87
Trd, 4319756.393, 87
Trd, 4319756.593, 119
Trd, 4319757.193, 87
Trd, 4319758.643, 112
Trd, 4319760.093, 126
Trd, 4319760.343, 125
Trd, 4319760.493, 96
Trd, 4319760.993, 120
Trd, 4319763.793, 73
Trd, 4319764.143, 126
Trd, 4319764.493, 76
Trd, 4319764.743, 76
Trd, 4319765.943, 74
Trd, 4319766.193, 73
Trd, 4319767.093, 84
Trd, 4319767.493, 106
Trd, 4319768.143, 108
Trd, 4319769.193, 104
Trd, 4319770.293, 93
Trd, 4319771.393, 71
Trd, 4319771.493, 79
Trd, 4319773.093, 104
Trd, 4319773.593, 89
Trd, 4319773.993, 71
Trd, 4319774.293, 88
Trd, 4319776.043, 90
Trd, 4319777.193, 88
Trd, 4319778.043, 95
Trd, 4319778.193, 80
Trd, 4319778.293, 71
Trd, 4319779.843, 112
Trd, 4319779.943, 108
Trd, 4319781.193, 115
Trd, 4319781.493, 80
Trd, 4319783.843, 112
Trd, 4319784.093, 125
Trd, 4319785.343, 127
Trd, 4319785.393, 102
Trd, 4319785.993, 79
Trd, 4319786.393, 88
Trd, 4319787.093, 115
Trd, 4319787.543, 90
Trd, 4319788.493, 130
Trd, 4319789.243, 116
Trd, 4319790.393, 105
Trd, 4319790.593, 108
Trd, 4319791.643, 101
Trd, 4319791.893, 97
Trd, 4319792.593, 131
Trd, 4319792.693, 115
Trd, 4319793.243, 126
Trd, 4319793.943, 98
Trd, 4319793.993, 77
Trd, 4319794.143, 102
Trd, 4319795.793, 114
Trd, 4319796.243, 114
Trd, 4319797.293, 133
Trd, 4319798.343, 111
Trd, 4319798.493, 87
Trd, 4319798.993, 123
Trd, 4319800.193, 117
Trd, 4319800.843, 115
Trd, 4319800.943, 110
Trd, 4319801.093, 87
Trd, 4319802.393, 97
Trd, 4319803.493, 114
Trd, 4319805.043, 136
Trd, 4319805.093, 108
Trd, 4319805.593, 106
Trd, 4319806.043, 86
Trd, 4319806.543, 117
Trd, 4319807.393, 81
Trd, 4319807.743, 74
Trd, 4319807.893, 110
Trd, 4319809.043, 91
Trd, 4319810.793, 114
Trd, 4319811.343, 85
Trd, 4319812.143, 79
Trd, 4319812.243, 94
Trd, 4319812.393, 95
Trd, 4319812.993, 102
Trd, 4319813.093, 72
Trd, 4319814.393, 103
Trd, 4319814.493, 138
Trd, 4319816.543, 71
Trd, 4319816.993, 68
Trd, 4319817.893, 104
Trd, 4319818.193, 67
Trd, 4319820.043, 108
Trd, 4319820.893, 101
Trd, 4319821.143, 109
Trd, 4319821.743, 95
Trd, 4319821.843, 92
Trd, 4319822.093, 120
Trd, 4319823.793, 86
Trd, 4319823.893, 82
Trd, 4319825.193, 99
Trd, 4319825.343, 83
Trd, 4319825.643, 83
Trd, 4319826.593, 87
Trd, 4319827.993, 110
Trd, 4319828.793, 107
Trd, 4319829.293, 103
Trd, 4319830.293, 133
Trd, 4319830.343, 115
Trd, 4319830.493, 93
Trd, 4319830.843, 129
Trd, 4319832.393, 131
Trd, 4319832.793, 113
Trd, 4319833.243, 106
Trd, 4319834.993, 118
Trd, 4319835.143, 116
Trd, 4319835.243, 114
Trd, 4319836.143, 113
Trd, 4319836.593, 85
Trd, 4319836.843, 81
Trd, 4319838.143, 71
Trd, 4319838.393, 138
Trd, 4319839.543, 65
Trd, 4319839.893, 77
Trd, 4319841.143, 63
Trd, 4319841.593, 103
Trd, 4319842.643, 67
Trd, 4319843.693, 121
Trd, 4319844.693, 93
Trd, 4319845.293, 65
Trd, 4319845.693, 65
Trd, 4319846.393, 67
Trd, 4319848.043, 91
Trd, 4319848.643, 89
Trd, 4319848.943, 140
Trd, 4319849.343, 99
Trd, 4319849.893, 113
Trd, 4319850.043, 107
Trd, 4319852.143, 133
Trd, 4319852.293, 132
Trd, 4319852.343, 108
Trd, 4319853.893, 115
Trd, 4319853.993, 113
Trd, 4319854.143, 129
Trd, 4319855.143, 135
Trd, 4319855.743, 132
Trd, 4319856.493, 122
Trd, 4319856.743, 108
Trd, 4319858.493, 136
Trd, 4319858.793, 99
Trd, 4319859.143, 74
Trd, 4319860.443, 71
Trd, 4319861.243, 65
Trd, 4319862.943, 93
Trd, 4319864.143, 95
Trd, 4319864.443, 72
Trd, 4319865.543, 106
Trd, 4319866.593, 88
Trd, 4319867.243, 75
Trd, 4319867.993, 106
Trd, 4319868.143, 109
Trd, 4319868.893, 131
Trd, 4319869.343, 129
Trd, 4319869.743, 103
Trd, 4319870.393, 74
Trd, 4319870.993, 111
Trd, 4319871.743, 69
Trd, 4319873.193, 64
Trd, 4319873.793, 78
Trd, 4319874.543, 70
Trd, 4319875.293, 86
Trd, 4319877.293, 121
Trd, 4319877.943, 131
Trd, 4319878.243, 130
Trd, 4319878.443, 125
Trd, 4319879.943, 115
Trd, 4319880.643, 95
Trd, 4319880.993, 99
Trd, 4319881.643, 65
Trd, 4319882.443, 108
Trd, 4319882.993, 81
Trd, 4319883.893, 123
Trd, 4319884.593, 85
Trd, 4319884.843, 84
Trd, 4319885.393, 127
Trd, 4319886.543, 120
Trd, 4319886.743, 119
Trd, 4319886.793, 113
Trd, 4319886.893, 93
Trd, 4319887.593, 77
Trd, 4319888.943, 70
Trd, 4319890.193, 80
Trd, 4319891.443, 77
Trd, 4319891.493, 86
Trd, 4319893.143, 92
Trd, 4319893.343, 91
Trd, 4319893.443, 88
Trd, 4319893.693, 131
Trd, 4319894.243, 74
Trd, 4319894.693, 107
Trd, 4319895.093, 106
Trd, 4319896.993, 112
Trd, 4319897.393, 107
Trd, 4319897.443, 106
Trd, 4319898.093, 126
Trd, 4319898.443, 117
Trd, 4319899.693, 64
Trd, 4319899.943, 65
Trd, 4319901.043, 88
Trd, 4319901.393, 91
Trd, 4319901.993, 78
Trd, 4319903.243, 122
Trd, 4319903.493, 121
Trd, 4319903.893, 114
Trd, 4319905.143, 117
Trd, 4319905.843, 64
Trd, 4319906.343, 124
Trd, 4319906.843, 82
Trd, 4319907.093, 86
Trd, 4319907.393, 75
Trd, 4319908.193, 74
Trd, 4319908.593, 65
Trd, 4319908.943, 79
Trd, 4319910.143, 63
Trd, 4319910.643, 63
Trd, 4319911.143, 75
Trd, 4319911.893, 109
Trd, 4319912.093, 85
Trd, 4319913.693, 129
Trd, 4319914.093, 124
Trd, 4319914.193, 119
Trd, 4319915.093, 64
Trd, 4319916.843, 75
Trd, 4319917.943, 105
Trd, 4319918.893, 115
Trd, 4319919.043, 114
Trd, 4319919.243, 109
Trd, 4319920.693, 128
Trd, 4319920.893, 117
Trd, 4319922.693, 106
Trd, 4319923.293, 100
Trd, 4319923.543, 93
Trd, 4319923.743, 118
Trd, 4319924.543, 72
Trd, 4319925.043, 94
Trd, 4319926.193, 86
Trd, 4319926.393, 89
Trd, 4319926.593, 102
Trd, 4319927.643, 94
Trd, 4319927.993, 94
Trd, 4319928.043, 74
Trd, 4319928.443, 126
Trd, 4319929.643, 109
Trd, 4319931.043, 111
Trd, 4319932.393, 133
Trd, 4319932.893, 118
Trd, 4319932.993, 96
Trd, 4319934.143, 93
Trd, 4319936.093, 129
Trd, 4319936.293, 124
Trd, 4319936.993, 112
Trd, 4319937.693, 107
Trd, 4319938.493, 118
Trd, 4319938.893, 116
Trd, 4319939.243, 112
Trd, 4319939.493, 77
Trd, 4319941.393, 88
Trd, 4319941.593, 88
Trd, 4319942.143, 90
Trd, 4319942.343, 114
Trd, 4319942.793, 98
Trd, 4319945.143, 130
Trd, 4319945.543, 125
Trd, 4319945.793, 124
Trd, 4319946.493, 72
Trd, 4319947.143, 91
Trd, 4319947.843, 92
Trd, 4319948.643, 93
Trd, 4319949.593, 118
Trd, 4319950.043, 131
Trd, 4319951.393, 116
Trd, 4319952.693, 137
Trd, 4319953.093, 112
Trd, 4319953.293, 110
Trd, 4319953.543, 128
Trd, 4319955.443, 137
Trd, 4319955.493, 129
Trd, 4319955.593, 119
Trd, 4319955.693, 111
Trd, 4319957.493, 134
Trd, 4319958.093, 74
Trd, 4319958.943, 98
Trd, 4319959.443, 88
Trd, 4319959.643, 113
Trd, 4319959.793, 71
Trd, 4319959.893, 74
Trd, 4319962.093, 80
Trd, 4319962.293, 64
Trd, 4319963.143, 102
Trd, 4319963.393, 96
Trd, 4319964.943, 113
Trd, 4319965.143, 90
Trd, 4319966.543, 88
Trd, 4319967.043, 87
Trd, 4319967.293, 85
Trd, 4319967.843, 105
Trd, 4319968.443, 85
Trd, 4319968.493, 68
Trd, 4319969.243, 100
Trd, 4319970.343, 101
Trd, 4319970.443, 100
Trd, 4319971.393, 104
Trd, 4319972.843, 136
Trd, 4319973.793, 100
Trd, 4319973.993, 102
Trd, 4319974.243, 91
Trd, 4319974.343, 70
Trd, 4319974.643, 101
Trd, 4319975.393, 65
Trd, 4319975.493, 94
Trd, 4319977.043, 64
Trd, 4319977.443, 70
Trd, 4319978.443, 64
Trd, 4319979.243, 76
Trd, 4319980.443, 65
Trd, 4319980.893, 95
Trd, 4319982.343, 80
Trd, 4319982.743, 78
Trd, 4319983.593, 86
Trd, 4319984.193, 87
Trd, 4319984.493, 80
Trd, 4319984.643, 80
Trd, 4319984.893, 95
Trd, 4319985.393, 93
Trd, 4319987.393, 118
Trd, 4319987.943, 111
Trd, 4319988.493, 92
Trd, 4319989.393, 106
Trd, 4319990.643, 88
Trd, 4319991.293, 77
Trd, 4319992.793, 95
Trd, 4319993.093, 71
Trd, 4319993.193, 99
Trd, 4319993.893, 108
Trd, 4319994.843, 90
Trd, 4319994.943, 76
Trd, 4319995.993, 108
Trd, 4319996.243, 101
Trd, 4319996.943, 131
Trd, 4319997.643, 111
Trd, 4319998.943, 71
Trd, 4319999.443, 102
