Trd, 4318075.393, 138
Trd, 4318076.693, 94
Trd, 4318076.743, 72
Trd, 4318076.893, 65
Trd, 4318079.193, 78
Trd, 4318079.543, 71
Trd, 4318079.743, 64
Trd, 4318080.493, 140
Trd, 4318081.793, 65
Trd, 4318081.943, 66
Trd, 4318082.293, 67
Trd, 4318083.093, 71
Trd, 4318083.443, 67
Trd, 4318083.943, 95
Trd, 4318084.493, 60
Trd, 4318084.893, 61
Trd, 4318085.243, 60
Trd, 4318087.643, 74
Trd, 4318088.093, 71
Trd, 4318088.743, 71
Trd, 4318088.843, 64
Trd, 4318088.893, 88
Trd, 4318089.943, 79
Trd, 4318091.093, 69
Trd, 4318092.543, 140
Trd, 4318093.193, 140
Trd, 4318093.693, 139
Trd, 4318095.193, 140
Trd, 4318096.493, 140
Trd, 4318097.743, 140
Trd, 4318098.193, 140
Trd, 4318100.443, 140
Trd, 4318100.493, 140
Trd, 4318101.893, 140
Trd, 4318102.643, 140
Trd, 4318102.693, 140
Trd, 4318103.043, 140
Trd, 4318104.393, 140
Trd, 4318105.143, 140
Trd, 4318105.943, 140
Trd, 4318105.993, 140
Trd, 4318108.493, 114
Trd, 4318110.143, 140
Trd, 4318110.443, 140
Trd, 4318110.493, 140
Trd, 4318111.693, 139
Trd, 4318112.893, 140
Trd, 4318113.243, 140
Trd, 4318114.193, 140
Trd, 4318114.993, 140
Trd, 4318115.293, 111
Trd, 4318116.193, 140
Trd, 4318116.743, 140
Trd, 4318116.893, 107
Trd, 4318118.793, 140
Trd, 4318119.193, 140
Trd, 4318121.093, 140
Trd, 4318121.243, 140
Trd, 4318122.643, 135
Trd, 4318123.343, 140
Trd, 4318123.543, 128
Trd, 4318125.993, 140
Trd, 4318126.143, 140
Trd, 4318127.893, 124
Trd, 4318128.743, 136
Trd, 4318129.143, 140
Trd, 4318129.343, 140
Trd, 4318130.293, 140
Trd, 4318131.143, 140
Trd, 4318133.293, 140
Trd, 4318134.043, 140
Trd, 4318134.093, 140
Trd, 4318135.343, 140
Trd, 4318135.743, 140
Trd, 4318136.093, 140
Trd, 4318136.493, 69
Trd, 4318137.693, 140
Trd, 4318138.693, 139
Trd, 4318139.093, 133
Trd, 4318139.243, 132
Trd, 4318140.193, 108
Trd, 4318140.893, 60
Trd, 4318142.393, 60
Trd, 4318143.143, 60
Trd, 4318143.493, 61
Trd, 4318143.893, 61
Trd, 4318144.493, 67
Trd, 4318144.693, 66
Trd, 4318146.043, 67
Trd, 4318146.293, 76
Trd, 4318146.543, 77
Trd, 4318147.443, 95
Trd, 4318148.893, 112
Trd, 4318148.993, 110
Trd, 4318149.593, 95
Trd, 4318151.093, 140
Trd, 4318151.943, 140
Trd, 4318152.343, 140
Trd, 4318152.993, 140
Trd, 4318153.343, 140
Trd, 4318154.743, 140
Trd, 4318154.943, 140
Trd, 4318155.943, 140
Trd, 4318156.343, 120
Trd, 4318156.893, 121
Trd, 4318158.543, 127
Trd, 4318158.943, 124
Trd, 4318159.143, 122
Trd, 4318159.543, 128
Trd, 4318160.093, 95
Trd, 4318160.943, 139
Trd, 4318161.143, 95
Trd, 4318163.543, 139
Trd, 4318164.243, 139
Trd, 4318164.643, 140
Trd, 4318165.143, 122
Trd, 4318165.243, 86
Trd, 4318166.293, 115
Trd, 4318167.143, 72
Trd, 4318168.543, 140
Trd, 4318168.943, 140
Trd, 4318169.943, 140
Trd, 4318170.193, 140
Trd, 4318170.943, 140
Trd, 4318171.193, 140
Trd, 4318171.393, 108
Trd, 4318173.693, 129
Trd, 4318173.843, 100
Trd, 4318175.143, 65
Trd, 4318175.893, 127
Trd, 4318176.343, 68
Trd, 4318176.393, 66
Trd, 4318176.543, 126
Trd, 4318177.193, 128
Trd, 4318178.643, 132
Trd, 4318179.543, 92
Trd, 4318180.043, 117
Trd, 4318180.193, 117
Trd, 4318181.243, 87
Trd, 4318182.093, 81
Trd, 4318183.643, 65
Trd, 4318184.943, 64
Trd, 4318186.043, 60
Trd, 4318186.193, 67
Trd, 4318186.443, 66
Trd, 4318186.543, 63
Trd, 4318187.493, 61
Trd, 4318187.843, 65
Trd, 4318189.243, 60
Trd, 4318191.843, 60
Trd, 4318192.143, 60
Trd, 4318192.193, 60
Trd, 4318193.093, 60
Trd, 4318194.393, 61
Trd, 4318194.743, 69
Trd, 4318194.793, 70
Trd, 4318195.893, 139
Trd, 4318197.293, 114
Trd, 4318197.343, 113
Trd, 4318198.043, 113
Trd, 4318198.843, 100
Trd, 4318199.943, 85
Trd, 4318201.443, 140
Trd, 4318201.593, 140
Trd, 4318201.693, 138
Trd, 4318202.193, 139
Trd, 4318203.093, 85
Trd, 4318204.043, 87
Trd, 4318204.843, 116
Trd, 4318205.743, 85
Trd, 4318206.693, 139
Trd, 4318207.393, 140
Trd, 4318207.593, 138
Trd, 4318208.943, 98
Trd, 4318209.343, 97
Trd, 4318210.543, 140
Trd, 4318212.593, 140
Trd, 4318213.143, 140
Trd, 4318213.543, 140
Trd, 4318213.643, 138
Trd, 4318216.743, 130
Trd, 4318217.743, 134
Trd, 4318218.893, 137
Trd, 4318220.593, 140
Trd, 4318220.743, 140
Trd, 4318221.293, 139
Trd, 4318221.343, 108
Trd, 4318222.243, 136
Trd, 4318223.393, 139
Trd, 4318224.343, 139
Trd, 4318224.643, 140
Trd, 4318224.743, 138
Trd, 4318227.093, 123
Trd, 4318227.893, 107
Trd, 4318230.943, 140
Trd, 4318230.993, 140
Trd, 4318231.093, 140
Trd, 4318231.143, 140
Trd, 4318231.393, 140
Trd, 4318231.543, 140
Trd, 4318232.543, 140
Trd, 4318232.793, 140
Trd, 4318233.443, 140
Trd, 4318234.093, 105
Trd, 4318236.293, 140
Trd, 4318237.293, 140
Trd, 4318238.543, 140
Trd, 4318238.743, 140
Trd, 4318238.993, 140
Trd, 4318240.193, 140
Trd, 4318240.943, 140
Trd, 4318241.893, 140
Trd, 4318242.443, 140
Trd, 4318242.793, 140
Trd, 4318243.043, 140
Trd, 4318243.443, 127
Trd, 4318243.993, 139
Trd, 4318244.643, 81
Trd, 4318244.993, 65
Trd, 4318247.493, 61
Trd, 4318247.593, 71
Trd, 4318250.143, 60
Trd, 4318251.093, 60
Trd, 4318251.243, 60
Trd, 4318251.343, 62
Trd, 4318252.193, 61
Trd, 4318252.243, 61
Trd, 4318253.293, 62
Trd, 4318255.193, 60
Trd, 4318255.593, 60
Trd, 4318256.443, 61
Trd, 4318257.743, 61
Trd, 4318258.143, 60
Trd, 4318258.493, 60
Trd, 4318258.743, 60
Trd, 4318259.193, 60
Trd, 4318260.893, 60
Trd, 4318261.393, 60
Trd, 4318261.543, 61
Trd, 4318261.943, 62
Trd, 4318262.093, 63
Trd, 4318263.143, 64
Trd, 4318263.343, 64
Trd, 4318264.243, 60
Trd, 4318267.443, 60
Trd, 4318267.743, 60
Trd, 4318267.893, 61
Trd, 4318269.043, 60
Trd, 4318270.343, 60
Trd, 4318271.143, 60
Trd, 4318271.543, 61
Trd, 4318272.043, 60
Trd, 4318272.093, 62
Trd, 4318272.443, 70
Trd, 4318274.593, 60
Trd, 4318274.943, 61
Trd, 4318275.043, 60
Trd, 4318275.343, 61
Trd, 4318276.093, 63
Trd, 4318276.593, 60
Trd, 4318277.293, 66
Trd, 4318277.493, 71
Trd, 4318278.043, 69
Trd, 4318279.893, 60
Trd, 4318281.893, 62
Trd, 4318282.093, 61
Trd, 4318282.593, 61
Trd, 4318282.843, 61
Trd, 4318283.893, 62
Trd, 4318284.543, 61
Trd, 4318284.993, 61
Trd, 4318285.343, 63
Trd, 4318285.843, 65
Trd, 4318285.943, 72
Trd, 4318287.143, 62
Trd, 4318287.993, 113
Trd, 4318289.743, 78
Trd, 4318290.643, 78
Trd, 4318291.093, 68
Trd, 4318293.943, 140
Trd, 4318294.443, 140
Trd, 4318297.093, 140
Trd, 4318297.193, 140
Trd, 4318297.943, 140
Trd, 4318298.543, 140
Trd, 4318298.593, 140
Trd, 4318299.393, 140
Trd, 4318299.443, 140
Trd, 4318303.293, 140
Trd, 4318303.543, 140
Trd, 4318303.643, 140
Trd, 4318303.793, 140
Trd, 4318305.493, 140
Trd, 4318305.693, 140
Trd, 4318306.643, 140
Trd, 4318307.443, 140
Trd, 4318308.243, 140
Trd, 4318308.593, 140
Trd, 4318308.643, 140
Trd, 4318308.693, 138
Trd, 4318308.793, 102
Trd, 4318309.193, 96
Trd, 4318312.593, 140
Trd, 4318314.743, 140
Trd, 4318315.193, 140
Trd, 4318315.543, 140
Trd, 4318316.693, 140
Trd, 4318316.993, 140
Trd, 4318317.593, 140
Trd, 4318320.293, 140
Trd, 4318321.643, 140
Trd, 4318321.693, 140
Trd, 4318322.043, 140
Trd, 4318322.693, 140
Trd, 4318322.993, 140
Trd, 4318323.943, 140
Trd, 4318325.443, 138
Trd, 4318325.593, 138
Trd, 4318326.093, 140
Trd, 4318326.443, 105
Trd, 4318327.743, 109
Trd, 4318328.943, 135
Trd, 4318329.243, 112
Trd, 4318330.693, 131
Trd, 4318330.993, 116
Trd, 4318332.443, 140
Trd, 4318333.543, 118
Trd, 4318333.743, 118
Trd, 4318333.793, 105
Trd, 4318334.543, 70
Trd, 4318336.443, 60
Trd, 4318336.493, 60
Trd, 4318338.943, 60
Trd, 4318339.143, 60
Trd, 4318339.393, 61
Trd, 4318339.693, 69
Trd, 4318339.893, 61
Trd, 4318340.843, 140
Trd, 4318341.743, 140
Trd, 4318342.093, 140
Trd, 4318344.593, 140
Trd, 4318345.393, 140
Trd, 4318345.993, 135
Trd, 4318346.093, 100
Trd, 4318348.293, 67
Trd, 4318348.893, 69
Trd, 4318349.193, 70
Trd, 4318349.243, 69
Trd, 4318349.543, 70
Trd, 4318350.443, 67
Trd, 4318350.693, 70
Trd, 4318351.143, 140
Trd, 4318351.843, 114
Trd, 4318351.993, 60
Trd, 4318353.193, 140
Trd, 4318354.443, 124
Trd, 4318355.893, 127
Trd, 4318355.943, 126
Trd, 4318355.993, 125
Trd, 4318356.043, 134
Trd, 4318356.943, 125
Trd, 4318357.043, 107
Trd, 4318359.343, 128
Trd, 4318359.843, 67
Trd, 4318360.793, 60
Trd, 4318361.043, 60
Trd, 4318361.343, 61
Trd, 4318363.343, 62
Trd, 4318363.943, 60
Trd, 4318365.593, 60
Trd, 4318366.943, 60
Trd, 4318367.043, 60
Trd, 4318367.393, 61
Trd, 4318367.543, 61
Trd, 4318367.593, 64
Trd, 4318367.843, 93
Trd, 4318370.243, 79
Trd, 4318371.093, 137
Trd, 4318371.193, 78
Trd, 4318372.693, 102
Trd, 4318373.093, 140
Trd, 4318373.793, 104
Trd, 4318373.943, 101
Trd, 4318374.643, 88
Trd, 4318376.193, 107
Trd, 4318378.393, 140
Trd, 4318378.793, 140
Trd, 4318378.943, 140
Trd, 4318380.143, 140
Trd, 4318381.143, 138
Trd, 4318381.443, 137
Trd, 4318382.193, 139
Trd, 4318384.193, 127
Trd, 4318386.293, 135
Trd, 4318387.193, 140
Trd, 4318387.343, 139
Trd, 4318387.793, 137
Trd, 4318388.843, 140
Trd, 4318389.693, 140
Trd, 4318390.493, 140
Trd, 4318393.843, 140
Trd, 4318394.093, 140
Trd, 4318394.343, 140
Trd, 4318395.343, 140
Trd, 4318395.543, 140
Trd, 4318396.343, 140
Trd, 4318397.043, 140
Trd, 4318397.493, 140
Trd, 4318398.143, 140
Trd, 4318398.493, 140
Trd, 4318400.293, 140
Trd, 4318401.443, 140
Trd, 4318401.543, 140
Trd, 4318403.793, 140
Trd, 4318404.243, 139
Trd, 4318405.593, 140
Trd, 4318406.593, 111
Trd, 4318406.643, 110
Trd, 4318408.443, 139
Trd, 4318408.893, 138
Trd, 4318409.643, 139
Trd, 4318410.743, 140
Trd, 4318411.543, 139
Trd, 4318412.443, 140
Trd, 4318414.693, 140
Trd, 4318415.793, 140
Trd, 4318416.743, 140
Trd, 4318416.843, 140
Trd, 4318417.043, 140
Trd, 4318418.143, 140
Trd, 4318419.143, 140
Trd, 4318419.243, 140
Trd, 4318420.693, 140
Trd, 4318420.943, 140
Trd, 4318421.043, 139
Trd, 4318422.693, 123
Trd, 4318422.993, 122
Trd, 4318423.943, 123
Trd, 4318423.993, 122
Trd, 4318425.043, 134
Trd, 4318425.643, 140
Trd, 4318425.893, 138
Trd, 4318427.193, 123
Trd, 4318428.893, 140
Trd, 4318429.393, 128
Trd, 4318429.493, 128
Trd, 4318430.393, 137
Trd, 4318431.043, 137
Trd, 4318432.993, 140
Trd, 4318433.443, 140
Trd, 4318433.493, 140
Trd, 4318435.293, 140
Trd, 4318435.893, 140
Trd, 4318436.193, 135
Trd, 4318437.093, 140
Trd, 4318438.093, 140
Trd, 4318438.593, 138
Trd, 4318440.193, 140
Trd, 4318440.943, 140
Trd, 4318441.093, 139
Trd, 4318441.493, 68
Trd, 4318442.693, 95
Trd, 4318443.493, 131
Trd, 4318443.893, 104
Trd, 4318444.043, 128
Trd, 4318445.293, 78
Trd, 4318445.793, 81
Trd, 4318447.393, 87
Trd, 4318447.843, 124
Trd, 4318449.193, 107
Trd, 4318450.493, 107
Trd, 4318451.093, 106
Trd, 4318452.843, 64
Trd, 4318453.043, 69
Trd, 4318453.243, 70
Trd, 4318454.193, 69
Trd, 4318455.193, 72
Trd, 4318455.843, 71
Trd, 4318456.193, 130
Trd, 4318456.693, 130
Trd, 4318458.843, 131
Trd, 4318458.993, 105
Trd, 4318460.193, 140
Trd, 4318460.693, 137
Trd, 4318462.043, 93
Trd, 4318462.843, 140
Trd, 4318463.643, 140
Trd, 4318464.893, 140
Trd, 4318466.443, 140
Trd, 4318466.843, 140
Trd, 4318468.993, 140
Trd, 4318469.193, 140
Trd, 4318470.043, 140
Trd, 4318471.693, 140
Trd, 4318471.943, 140
Trd, 4318472.193, 140
Trd, 4318473.243, 140
Trd, 4318474.443, 140
Trd, 4318474.693, 140
Trd, 4318475.043, 140
Trd, 4318475.993, 140
Trd, 4318476.043, 139
Trd, 4318478.043, 139
Trd, 4318478.193, 116
Trd, 4318479.393, 136
Trd, 4318480.693, 132
Trd, 4318481.343, 65
Trd, 4318481.543, 64
Trd, 4318482.943, 123
Trd, 4318484.043, 95
Trd, 4318485.443, 107
Trd, 4318485.543, 99
Trd, 4318486.093, 98
Trd, 4318486.943, 106
Trd, 4318487.443, 102
Trd, 4318487.943, 104
Trd, 4318488.193, 104
Trd, 4318488.243, 105
Trd, 4318488.943, 99
Trd, 4318490.543, 80
Trd, 4318490.843, 96
Trd, 4318492.243, 140
Trd, 4318493.243, 140
Trd, 4318493.593, 140
Trd, 4318495.893, 140
Trd, 4318496.343, 138
Trd, 4318497.193, 139
Trd, 4318497.743, 139
Trd, 4318499.243, 140
Trd, 4318500.343, 140
Trd, 4318501.093, 140
Trd, 4318501.793, 140
Trd, 4318502.443, 140
Trd, 4318503.193, 140
Trd, 4318503.293, 140
Trd, 4318503.593, 138
Trd, 4318504.093, 140
Trd, 4318504.443, 140
Trd, 4318504.893, 139
Trd, 4318506.293, 68
Trd, 4318507.693, 69
Trd, 4318507.743, 128
Trd, 4318508.843, 61
Trd, 4318509.493, 140
Trd, 4318509.893, 140
Trd, 4318510.643, 140
Trd, 4318511.093, 140
Trd, 4318514.043, 140
Trd, 4318514.093, 140
Trd, 4318514.443, 140
Trd, 4318515.043, 140
Trd, 4318516.993, 77
Trd, 4318517.843, 127
Trd, 4318519.543, 100
Trd, 4318519.843, 130
Trd, 4318521.093, 126
Trd, 4318521.793, 129
Trd, 4318521.893, 128
Trd, 4318522.343, 130
Trd, 4318522.843, 128
Trd, 4318522.893, 127
Trd, 4318525.193, 135
Trd, 4318526.143, 140
Trd, 4318526.693, 140
Trd, 4318526.743, 106
Trd, 4318527.493, 112
Trd, 4318527.793, 106
Trd, 4318528.693, 140
Trd, 4318529.593, 97
Trd, 4318531.293, 138
Trd, 4318531.543, 98
Trd, 4318534.443, 139
Trd, 4318534.893, 138
Trd, 4318535.343, 129
Trd, 4318536.143, 127
Trd, 4318536.793, 127
Trd, 4318537.443, 137
Trd, 4318537.893, 140
Trd, 4318538.393, 140
Trd, 4318539.243, 93
Trd, 4318540.343, 87
Trd, 4318541.693, 122
Trd, 4318542.343, 98
Trd, 4318542.793, 134
Trd, 4318542.993, 96
Trd, 4318544.493, 130
Trd, 4318544.993, 131
Trd, 4318545.143, 131
Trd, 4318545.393, 130
Trd, 4318546.243, 140
Trd, 4318548.043, 65
Trd, 4318550.693, 140
Trd, 4318551.543, 140
Trd, 4318552.093, 140
Trd, 4318552.793, 140
Trd, 4318553.143, 140
Trd, 4318553.243, 140
Trd, 4318553.443, 107
Trd, 4318556.793, 105
Trd, 4318557.143, 107
Trd, 4318557.443, 106
Trd, 4318558.543, 112
Trd, 4318559.043, 115
Trd, 4318560.943, 139
Trd, 4318561.743, 140
Trd, 4318562.043, 139
Trd, 4318562.143, 119
Trd, 4318562.243, 118
Trd, 4318565.193, 139
Trd, 4318565.293, 139
Trd, 4318567.093, 118
Trd, 4318568.193, 140
Trd, 4318568.893, 140
Trd, 4318569.443, 102
Trd, 4318569.643, 70
Trd, 4318570.093, 112
Trd, 4318571.043, 109
Trd, 4318572.043, 105
Trd, 4318572.143, 103
Trd, 4318572.693, 104
Trd, 4318573.343, 67
Trd, 4318574.293, 140
Trd, 4318576.193, 140
Trd, 4318576.793, 140
Trd, 4318577.993, 140
Trd, 4318578.443, 140
Trd, 4318578.693, 140
Trd, 4318579.093, 140
Trd, 4318579.393, 138
Trd, 4318580.193, 136
Trd, 4318580.943, 126
Trd, 4318582.643, 62
Trd, 4318583.993, 108
Trd, 4318584.293, 108
Trd, 4318586.143, 140
Trd, 4318586.193, 140
Trd, 4318586.843, 127
Trd, 4318588.393, 130
Trd, 4318588.693, 130
Trd, 4318589.093, 138
Trd, 4318589.393, 130
Trd, 4318590.643, 136
Trd, 4318590.693, 135
Trd, 4318590.893, 138
Trd, 4318591.793, 140
Trd, 4318593.593, 110
Trd, 4318594.143, 94
Trd, 4318595.543, 111
Trd, 4318597.143, 140
Trd, 4318597.243, 140
Trd, 4318597.343, 139
Trd, 4318598.243, 138
Trd, 4318598.493, 136
Trd, 4318599.143, 96
Trd, 4318602.543, 140
Trd, 4318602.643, 140
Trd, 4318603.643, 140
Trd, 4318604.343, 140
Trd, 4318604.493, 140
Trd, 4318607.143, 140
Trd, 4318607.393, 140
Trd, 4318607.493, 140
Trd, 4318608.443, 140
Trd, 4318610.143, 140
Trd, 4318610.443, 140
Trd, 4318610.893, 140
Trd, 4318612.293, 140
Trd, 4318612.843, 140
Trd, 4318613.743, 140
Trd, 4318613.793, 140
Trd, 4318614.593, 140
Trd, 4318615.543, 140
Trd, 4318615.693, 125
Trd, 4318615.793, 104
Trd, 4318616.893, 140
Trd, 4318619.243, 125
Trd, 4318620.043, 126
Trd, 4318620.343, 126
Trd, 4318620.493, 125
Trd, 4318621.393, 127
Trd, 4318621.593, 124
Trd, 4318622.043, 136
Trd, 4318623.693, 140
Trd, 4318624.193, 87
Trd, 4318624.393, 86
Trd, 4318625.193, 88
Trd, 4318625.343, 66
Trd, 4318626.843, 60
Trd, 4318627.493, 60
Trd, 4318627.593, 60
Trd, 4318628.343, 61
Trd, 4318628.893, 62
Trd, 4318629.243, 63
Trd, 4318629.593, 62
Trd, 4318629.843, 137
Trd, 4318632.193, 140
Trd, 4318633.093, 133
Trd, 4318633.543, 133
Trd, 4318634.043, 131
Trd, 4318634.843, 117
Trd, 4318636.043, 131
Trd, 4318636.493, 98
Trd, 4318637.593, 99
Trd, 4318638.043, 100
Trd, 4318638.243, 99
Trd, 4318639.143, 122
Trd, 4318639.393, 100
Trd, 4318640.593, 101
Trd, 4318641.093, 121
Trd, 4318642.293, 140
Trd, 4318642.593, 140
Trd, 4318642.893, 111
Trd, 4318643.793, 106
Trd, 4318645.493, 65
Trd, 4318646.193, 60
Trd, 4318647.343, 60
Trd, 4318648.493, 60
Trd, 4318648.743, 60
Trd, 4318648.793, 60
Trd, 4318649.093, 60
Trd, 4318649.843, 64
Trd, 4318650.043, 62
Trd, 4318650.543, 65
Trd, 4318650.693, 64
Trd, 4318651.743, 68
Trd, 4318653.093, 74
Trd, 4318654.393, 76
Trd, 4318655.293, 139
Trd, 4318655.543, 139
Trd, 4318655.843, 127
Trd, 4318656.743, 129
Trd, 4318657.993, 140
Trd, 4318659.143, 138
Trd, 4318660.593, 140
Trd, 4318661.093, 140
Trd, 4318663.343, 140
Trd, 4318664.543, 140
Trd, 4318665.543, 140
Trd, 4318665.993, 140
Trd, 4318667.793, 140
Trd, 4318667.843, 140
Trd, 4318668.593, 140
Trd, 4318669.093, 140
Trd, 4318669.943, 140
Trd, 4318672.543, 140
Trd, 4318672.743, 140
Trd, 4318672.843, 140
Trd, 4318673.693, 140
Trd, 4318675.793, 140
Trd, 4318677.343, 140
Trd, 4318678.043, 140
Trd, 4318678.393, 140
Trd, 4318678.743, 140
Trd, 4318678.993, 140
Trd, 4318679.793, 137
Trd, 4318681.143, 140
Trd, 4318681.393, 140
Trd, 4318683.143, 140
Trd, 4318683.293, 140
Trd, 4318683.693, 140
Trd, 4318683.993, 140
Trd, 4318686.893, 140
Trd, 4318688.093, 140
Trd, 4318688.893, 137
Trd, 4318689.143, 109
Trd, 4318689.193, 108
Trd, 4318690.543, 140
Trd, 4318691.143, 140
Trd, 4318691.343, 140
Trd, 4318692.193, 119
Trd, 4318692.643, 116
Trd, 4318693.193, 126
Trd, 4318693.293, 115
Trd, 4318694.743, 137
Trd, 4318696.543, 132
Trd, 4318697.493, 92
Trd, 4318698.143, 65
Trd, 4318698.943, 139
Trd, 4318698.993, 64
Trd, 4318699.593, 114
Trd, 4318701.693, 121
Trd, 4318702.093, 137
Trd, 4318702.243, 118
Trd, 4318703.643, 94
Trd, 4318705.343, 140
Trd, 4318705.993, 140
Trd, 4318706.193, 140
Trd, 4318707.743, 140
Trd, 4318709.893, 140
Trd, 4318710.143, 140
Trd, 4318711.393, 140
Trd, 4318711.993, 140
Trd, 4318712.193, 140
Trd, 4318712.443, 140
Trd, 4318712.743, 140
Trd, 4318712.993, 110
Trd, 4318713.293, 109
Trd, 4318714.593, 97
Trd, 4318717.043, 140
Trd, 4318717.243, 128
Trd, 4318719.193, 140
Trd, 4318719.343, 90
Trd, 4318720.243, 134
Trd, 4318720.293, 110
Trd, 4318721.393, 139
Trd, 4318721.643, 96
Trd, 4318723.543, 102
Trd, 4318724.043, 103
Trd, 4318724.843, 131
Trd, 4318725.393, 116
Trd, 4318725.693, 101
Trd, 4318726.693, 80
Trd, 4318727.043, 76
Trd, 4318727.643, 74
Trd, 4318728.193, 140
Trd, 4318730.293, 140
Trd, 4318731.943, 129
Trd, 4318732.143, 128
Trd, 4318733.093, 107
Trd, 4318734.293, 124
Trd, 4318734.743, 107
Trd, 4318735.243, 108
Trd, 4318735.643, 97
Trd, 4318736.293, 116
Trd, 4318737.093, 115
Trd, 4318737.993, 102
Trd, 4318738.343, 101
Trd, 4318738.543, 82
Trd, 4318741.843, 140
Trd, 4318741.993, 140
Trd, 4318742.293, 140
Trd, 4318742.843, 140
Trd, 4318743.193, 140
Trd, 4318743.943, 140
Trd, 4318745.593, 140
Trd, 4318745.993, 140
Trd, 4318747.093, 140
Trd, 4318747.143, 140
Trd, 4318749.943, 140
Trd, 4318750.193, 140
Trd, 4318750.393, 140
Trd, 4318750.943, 140
Trd, 4318751.643, 130
Trd, 4318752.793, 120
Trd, 4318753.393, 92
Trd, 4318753.443, 133
Trd, 4318753.993, 102
Trd, 4318754.293, 140
Trd, 4318755.043, 114
Trd, 4318756.093, 115
Trd, 4318756.193, 113
Trd, 4318757.043, 108
Trd, 4318757.593, 66
Trd, 4318759.493, 62
Trd, 4318760.043, 60
Trd, 4318761.493, 60
Trd, 4318761.693, 65
Trd, 4318762.693, 139
Trd, 4318763.543, 140
Trd, 4318763.643, 140
Trd, 4318764.443, 140
Trd, 4318764.993, 115
Trd, 4318765.493, 61
Trd, 4318768.393, 121
Trd, 4318768.493, 126
Trd, 4318768.643, 121
Trd, 4318770.143, 140
Trd, 4318770.443, 127
Trd, 4318770.893, 126
Trd, 4318771.843, 121
Trd, 4318772.343, 116
Trd, 4318773.343, 114
Trd, 4318775.093, 140
Trd, 4318775.343, 140
Trd, 4318776.643, 140
Trd, 4318776.843, 140
Trd, 4318777.443, 140
Trd, 4318777.693, 103
Trd, 4318778.443, 97
Trd, 4318778.493, 96
Trd, 4318779.593, 79
Trd, 4318779.843, 134
Trd, 4318782.693, 140
Trd, 4318783.043, 140
Trd, 4318784.243, 140
Trd, 4318784.543, 140
Trd, 4318785.493, 140
Trd, 4318785.593, 140
Trd, 4318785.943, 139
Trd, 4318787.343, 139
Trd, 4318788.143, 140
Trd, 4318788.693, 137
Trd, 4318793.243, 140
Trd, 4318794.343, 140
Trd, 4318794.443, 140
Trd, 4318794.893, 140
Trd, 4318795.543, 140
Trd, 4318796.293, 140
Trd, 4318796.643, 140
Trd, 4318796.843, 140
Trd, 4318796.993, 140
Trd, 4318797.643, 139
Trd, 4318797.993, 129
Trd, 4318798.193, 104
Trd, 4318799.243, 105
Trd, 4318801.093, 74
Trd, 4318801.443, 69
Trd, 4318801.593, 73
Trd, 4318802.843, 134
Trd, 4318804.493, 93
Trd, 4318804.793, 92
Trd, 4318806.843, 103
Trd, 4318807.043, 126
Trd, 4318807.743, 60
Trd, 4318808.343, 70
Trd, 4318808.393, 126
Trd, 4318808.643, 127
Trd, 4318809.693, 78
Trd, 4318810.643, 64
Trd, 4318810.743, 62
Trd, 4318811.093, 61
Trd, 4318812.943, 139
Trd, 4318813.393, 140
Trd, 4318813.943, 139
Trd, 4318814.393, 84
Trd, 4318815.343, 84
Trd, 4318815.843, 85
Trd, 4318818.243, 140
Trd, 4318818.293, 140
Trd, 4318818.793, 140
Trd, 4318819.193, 113
Trd, 4318821.243, 139
Trd, 4318821.993, 138
Trd, 4318822.243, 137
Trd, 4318825.993, 140
Trd, 4318826.393, 140
Trd, 4318826.543, 140
Trd, 4318827.393, 140
Trd, 4318827.493, 140
Trd, 4318828.743, 140
Trd, 4318829.143, 140
Trd, 4318829.443, 140
Trd, 4318830.343, 138
Trd, 4318831.393, 140
Trd, 4318832.743, 140
Trd, 4318833.293, 140
Trd, 4318833.643, 140
Trd, 4318834.893, 140
Trd, 4318835.843, 140
Trd, 4318836.793, 137
Trd, 4318837.643, 117
Trd, 4318837.943, 117
Trd, 4318837.993, 115
Trd, 4318838.643, 93
Trd, 4318840.093, 90
Trd, 4318840.793, 130
Trd, 4318840.893, 90
Trd, 4318841.293, 89
Trd, 4318841.943, 67
Trd, 4318842.643, 111
Trd, 4318843.793, 113
Trd, 4318844.843, 61
Trd, 4318846.143, 62
Trd, 4318848.143, 61
Trd, 4318848.493, 61
Trd, 4318848.593, 60
Trd, 4318849.093, 63
Trd, 4318849.243, 65
Trd, 4318850.293, 140
Trd, 4318850.943, 111
Trd, 4318851.643, 110
Trd, 4318851.843, 112
Trd, 4318852.293, 87
Trd, 4318853.293, 71
Trd, 4318854.593, 74
Trd, 4318856.693, 120
Trd, 4318858.493, 140
Trd, 4318858.543, 140
Trd, 4318858.843, 140
Trd, 4318858.893, 140
Trd, 4318860.543, 107
Trd, 4318861.993, 140
Trd, 4318862.143, 111
Trd, 4318862.593, 110
Trd, 4318863.343, 111
Trd, 4318863.643, 138
Trd, 4318863.693, 110
Trd, 4318863.993, 107
Trd, 4318865.643, 134
Trd, 4318865.843, 106
Trd, 4318866.393, 106
Trd, 4318866.643, 107
Trd, 4318867.093, 107
Trd, 4318867.593, 131
Trd, 4318869.043, 128
Trd, 4318871.143, 123
Trd, 4318871.243, 106
Trd, 4318871.543, 105
Trd, 4318871.693, 128
Trd, 4318872.443, 73
Trd, 4318872.993, 78
Trd, 4318874.443, 60
Trd, 4318875.093, 63
Trd, 4318877.243, 60
Trd, 4318877.443, 60
Trd, 4318878.143, 62
Trd, 4318878.643, 61
Trd, 4318878.993, 62
Trd, 4318880.243, 63
Trd, 4318881.343, 110
Trd, 4318882.143, 68
Trd, 4318883.793, 140
Trd, 4318884.643, 140
Trd, 4318885.393, 140
Trd, 4318885.593, 140
Trd, 4318886.193, 140
Trd, 4318886.993, 136
Trd, 4318887.043, 135
Trd, 4318888.393, 100
Trd, 4318888.843, 94
Trd, 4318889.893, 96
Trd, 4318890.093, 122
Trd, 4318890.293, 95
Trd, 4318890.843, 96
Trd, 4318892.843, 116
Trd, 4318892.893, 112
Trd, 4318893.143, 114
Trd, 4318893.993, 114
Trd, 4318894.043, 116
Trd, 4318894.443, 110
Trd, 4318894.943, 117
Trd, 4318895.043, 115
Trd, 4318897.243, 107
Trd, 4318897.343, 91
Trd, 4318897.593, 90
Trd, 4318900.243, 91
Trd, 4318901.243, 93
Trd, 4318901.743, 130
Trd, 4318904.193, 140
Trd, 4318904.593, 140
Trd, 4318905.693, 140
Trd, 4318905.893, 140
Trd, 4318906.143, 140
Trd, 4318906.193, 140
Trd, 4318907.193, 139
Trd, 4318907.693, 110
Trd, 4318907.893, 139
Trd, 4318909.993, 119
Trd, 4318910.393, 117
Trd, 4318910.893, 117
Trd, 4318911.243, 119
Trd, 4318912.643, 140
Trd, 4318913.193, 140
Trd, 4318913.693, 140
Trd, 4318913.793, 140
Trd, 4318914.593, 124
Trd, 4318914.743, 124
Trd, 4318915.393, 125
Trd, 4318916.093, 126
Trd, 4318917.493, 140
Trd, 4318919.793, 140
Trd, 4318920.543, 140
Trd, 4318921.343, 140
Trd, 4318922.293, 140
Trd, 4318922.493, 140
Trd, 4318922.843, 140
Trd, 4318923.893, 140
Trd, 4318924.343, 140
Trd, 4318925.143, 140
Trd, 4318925.843, 140
Trd, 4318926.893, 140
Trd, 4318927.893, 140
Trd, 4318928.193, 140
Trd, 4318928.243, 140
Trd, 4318928.793, 71
Trd, 4318930.593, 77
Trd, 4318930.843, 76
Trd, 4318930.993, 106
Trd, 4318931.693, 75
Trd, 4318932.793, 104
Trd, 4318933.443, 92
Trd, 4318933.693, 92
Trd, 4318934.443, 105
Trd, 4318935.893, 140
Trd, 4318936.393, 140
Trd, 4318936.443, 140
Trd, 4318937.993, 140
Trd, 4318938.293, 140
Trd, 4318939.793, 140
Trd, 4318941.093, 140
Trd, 4318941.393, 140
Trd, 4318942.493, 140
Trd, 4318942.893, 140
Trd, 4318943.293, 140
Trd, 4318944.793, 140
Trd, 4318945.043, 140
Trd, 4318945.693, 140
Trd, 4318946.243, 140
Trd, 4318946.493, 140
Trd, 4318947.193, 140
Trd, 4318948.993, 140
Trd, 4318949.043, 140
Trd, 4318949.693, 140
Trd, 4318950.993, 140
Trd, 4318951.243, 140
Trd, 4318952.043, 135
Trd, 4318952.593, 92
Trd, 4318954.593, 99
Trd, 4318955.043, 97
Trd, 4318955.143, 101
Trd, 4318957.943, 127
Trd, 4318958.193, 124
Trd, 4318958.943, 139
Trd, 4318959.493, 140
Trd, 4318959.693, 140
Trd, 4318960.643, 109
Trd, 4318961.443, 61
Trd, 4318962.343, 65
Trd, 4318964.693, 60
Trd, 4318965.193, 60
Trd, 4318965.393, 60
Trd, 4318965.693, 60
Trd, 4318965.893, 62
Trd, 4318966.493, 64
Trd, 4318967.193, 68
Trd, 4318967.693, 69
Trd, 4318968.843, 100
Trd, 4318970.093, 97
Trd, 4318970.443, 95
Trd, 4318970.693, 97
Trd, 4318970.793, 94
Trd, 4318971.143, 94
Trd, 4318971.243, 70
Trd, 4318972.493, 60
Trd, 4318974.543, 60
Trd, 4318975.143, 60
Trd, 4318975.393, 61
Trd, 4318975.693, 61
Trd, 4318975.743, 66
Trd, 4318976.843, 65
Trd, 4318977.393, 88
Trd, 4318978.093, 72
Trd, 4318978.793, 87
Trd, 4318978.993, 107
Trd, 4318979.593, 108
Trd, 4318980.743, 90
Trd, 4318981.993, 89
Trd, 4318983.493, 93
Trd, 4318983.693, 89
Trd, 4318983.743, 114
Trd, 4318983.943, 115
Trd, 4318985.343, 130
Trd, 4318985.493, 128
Trd, 4318985.893, 107
Trd, 4318987.093, 140
Trd, 4318987.243, 140
Trd, 4318988.493, 140
Trd, 4318989.793, 140
Trd, 4318991.193, 140
Trd, 4318993.593, 140
Trd, 4318993.743, 140
Trd, 4318994.743, 140
Trd, 4318996.243, 140
Trd, 4318996.743, 140
Trd, 4318996.993, 140
Trd, 4318997.143, 140
Trd, 4318997.543, 140
Trd, 4318998.443, 139
Trd, 4318999.593, 140
Trd, 4319001.393, 140
Trd, 4319003.043, 140
Trd, 4319004.293, 140
Trd, 4319005.143, 140
Trd, 4319005.243, 140
Trd, 4319005.493, 140
Trd, 4319005.793, 140
Trd, 4319005.993, 139
Trd, 4319007.193, 112
Trd, 4319008.193, 140
Trd, 4319008.243, 140
Trd, 4319009.693, 140
Trd, 4319009.743, 140
Trd, 4319009.993, 112
Trd, 4319011.093, 114
Trd, 4319013.493, 140
Trd, 4319013.593, 140
Trd, 4319014.593, 140
Trd, 4319014.843, 140
Trd, 4319015.843, 127
Trd, 4319017.243, 97
Trd, 4319017.593, 97
Trd, 4319018.143, 104
Trd, 4319018.243, 105
Trd, 4319018.843, 106
Trd, 4319019.643, 81
Trd, 4319020.893, 83
Trd, 4319021.543, 83
Trd, 4319022.293, 96
Trd, 4319023.093, 94
Trd, 4319023.493, 93
Trd, 4319024.343, 140
Trd, 4319025.093, 140
Trd, 4319025.943, 140
Trd, 4319025.993, 140
Trd, 4319026.493, 104
Trd, 4319027.293, 103
Trd, 4319029.243, 140
Trd, 4319029.293, 140
Trd, 4319029.443, 137
Trd, 4319029.743, 140
Trd, 4319031.093, 89
Trd, 4319031.343, 116
Trd, 4319032.393, 60
Trd, 4319033.443, 60
Trd, 4319034.343, 61
Trd, 4319034.993, 63
Trd, 4319036.843, 140
Trd, 4319037.293, 140
Trd, 4319037.693, 140
Trd, 4319038.793, 140
Trd, 4319039.543, 140
Trd, 4319039.743, 140
Trd, 4319040.043, 140
Trd, 4319040.843, 140
Trd, 4319044.143, 140
Trd, 4319044.543, 140
Trd, 4319044.993, 140
Trd, 4319045.043, 140
Trd, 4319046.493, 140
Trd, 4319047.993, 140
Trd, 4319048.193, 133
Trd, 4319048.293, 127
Trd, 4319049.543, 139
Trd, 4319049.693, 138
Trd, 4319050.293, 139
Trd, 4319050.393, 126
Trd, 4319051.793, 130
Trd, 4319052.243, 130
Trd, 4319054.293, 127
Trd, 4319054.393, 98
Trd, 4319054.543, 133
Trd, 4319055.943, 80
Trd, 4319056.093, 120
Trd, 4319056.593, 78
Trd, 4319059.043, 96
Trd, 4319059.143, 95
Trd, 4319060.293, 137
Trd, 4319062.093, 123
Trd, 4319062.643, 138
Trd, 4319062.693, 122
Trd, 4319062.943, 116
Trd, 4319063.943, 99
Trd, 4319064.293, 98
Trd, 4319064.643, 137
Trd, 4319064.993, 97
Trd, 4319065.643, 138
Trd, 4319065.943, 62
Trd, 4319068.743, 86
Trd, 4319068.793, 84
Trd, 4319069.343, 87
Trd, 4319071.043, 134
Trd, 4319072.543, 140
Trd, 4319072.793, 103
Trd, 4319072.843, 102
Trd, 4319073.893, 107
Trd, 4319074.993, 136
Trd, 4319077.343, 140
Trd, 4319078.043, 140
Trd, 4319078.243, 140
Trd, 4319078.393, 140
Trd, 4319080.243, 140
Trd, 4319081.693, 140
Trd, 4319082.143, 140
Trd, 4319082.543, 140
Trd, 4319083.893, 140
Trd, 4319084.343, 140
Trd, 4319084.643, 140
Trd, 4319085.493, 140
Trd, 4319086.193, 140
Trd, 4319087.343, 139
Trd, 4319087.943, 139
Trd, 4319088.143, 114
Trd, 4319088.943, 104
Trd, 4319090.143, 106
Trd, 4319091.143, 76
Trd, 4319091.443, 76
Trd, 4319092.343, 140
Trd, 4319094.993, 140
Trd, 4319095.293, 140
Trd, 4319095.343, 140
Trd, 4319095.743, 140
Trd, 4319096.043, 140
Trd, 4319096.443, 140
Trd, 4319097.043, 140
Trd, 4319097.693, 139
Trd, 4319098.093, 136
Trd, 4319099.643, 140
Trd, 4319101.243, 140
Trd, 4319101.643, 140
Trd, 4319102.043, 140
Trd, 4319103.143, 140
Trd, 4319103.443, 140
Trd, 4319104.043, 137
Trd, 4319104.193, 109
Trd, 4319105.543, 134
Trd, 4319106.043, 140
Trd, 4319106.493, 140
Trd, 4319107.293, 137
Trd, 4319109.543, 117
Trd, 4319109.943, 111
Trd, 4319110.393, 128
Trd, 4319111.843, 140
Trd, 4319113.093, 140
Trd, 4319113.293, 140
Trd, 4319116.193, 140
Trd, 4319117.843, 140
Trd, 4319118.343, 140
Trd, 4319119.243, 140
Trd, 4319120.093, 140
Trd, 4319120.593, 140
Trd, 4319120.843, 140
Trd, 4319122.293, 140
Trd, 4319122.593, 140
Trd, 4319122.993, 140
Trd, 4319123.343, 138
Trd, 4319125.043, 140
Trd, 4319126.093, 140
Trd, 4319126.293, 140
Trd, 4319126.993, 106
Trd, 4319127.143, 90
Trd, 4319127.493, 83
Trd, 4319129.393, 140
Trd, 4319130.043, 140
Trd, 4319130.093, 140
Trd, 4319131.393, 137
Trd, 4319131.793, 126
Trd, 4319132.943, 95
Trd, 4319133.193, 80
Trd, 4319134.143, 66
Trd, 4319134.443, 64
Trd, 4319134.743, 107
Trd, 4319136.893, 94
Trd, 4319137.193, 93
Trd, 4319137.793, 94
Trd, 4319137.943, 90
Trd, 4319139.693, 140
Trd, 4319140.393, 106
Trd, 4319142.093, 102
Trd, 4319142.993, 106
Trd, 4319143.993, 117
Trd, 4319144.243, 115
Trd, 4319144.493, 106
Trd, 4319144.743, 116
Trd, 4319144.893, 82
Trd, 4319145.293, 77
Trd, 4319145.793, 60
Trd, 4319146.043, 61
Trd, 4319148.343, 60
Trd, 4319150.193, 60
Trd, 4319150.893, 60
Trd, 4319151.343, 60
Trd, 4319151.593, 60
Trd, 4319151.693, 60
Trd, 4319151.943, 62
Trd, 4319153.143, 62
Trd, 4319153.693, 96
Trd, 4319154.743, 139
Trd, 4319155.493, 138
Trd, 4319155.743, 138
Trd, 4319156.343, 140
Trd, 4319157.393, 140
Trd, 4319158.943, 137
Trd, 4319159.043, 117
Trd, 4319160.243, 80
Trd, 4319160.843, 140
Trd, 4319161.443, 140
Trd, 4319161.893, 140
Trd, 4319162.143, 140
Trd, 4319162.893, 140
Trd, 4319164.343, 140
Trd, 4319166.693, 140
Trd, 4319166.743, 140
Trd, 4319167.193, 140
Trd, 4319169.393, 140
Trd, 4319169.893, 140
Trd, 4319170.343, 140
Trd, 4319170.443, 140
Trd, 4319170.643, 140
Trd, 4319170.743, 138
Trd, 4319171.243, 120
Trd, 4319171.843, 140
Trd, 4319172.993, 140
Trd, 4319174.243, 139
Trd, 4319175.543, 140
Trd, 4319176.693, 140
Trd, 4319176.743, 140
Trd, 4319178.693, 140
Trd, 4319179.193, 140
Trd, 4319180.143, 140
Trd, 4319180.993, 140
Trd, 4319181.143, 140
Trd, 4319181.893, 140
Trd, 4319183.143, 140
Trd, 4319183.393, 140
Trd, 4319184.993, 140
Trd, 4319185.393, 140
Trd, 4319185.793, 140
Trd, 4319186.443, 140
Trd, 4319186.843, 140
Trd, 4319188.343, 140
Trd, 4319188.493, 140
Trd, 4319189.693, 140
Trd, 4319189.793, 140
Trd, 4319190.143, 140
Trd, 4319190.293, 134
Trd, 4319191.093, 140
Trd, 4319191.543, 135
Trd, 4319194.593, 140
Trd, 4319195.493, 140
Trd, 4319197.993, 140
Trd, 4319198.593, 140
Trd, 4319199.443, 140
Trd, 4319199.943, 140
Trd, 4319200.093, 139
Trd, 4319200.293, 138
Trd, 4319201.193, 140
Trd, 4319202.143, 138
Trd, 4319202.743, 99
Trd, 4319202.793, 98
Trd, 4319203.843, 61
Trd, 4319204.243, 60
Trd, 4319204.993, 62
Trd, 4319206.443, 60
Trd, 4319206.843, 60
Trd, 4319207.893, 61
Trd, 4319207.993, 64
Trd, 4319209.393, 60
Trd, 4319209.793, 61
Trd, 4319210.043, 62
Trd, 4319210.293, 63
Trd, 4319210.393, 64
Trd, 4319211.143, 63
Trd, 4319212.843, 71
Trd, 4319213.393, 95
Trd, 4319213.543, 140
Trd, 4319213.593, 71
Trd, 4319213.943, 80
Trd, 4319215.343, 81
Trd, 4319215.743, 78
Trd, 4319217.893, 140
Trd, 4319218.693, 140
Trd, 4319218.843, 140
Trd, 4319220.143, 140
Trd, 4319220.693, 139
Trd, 4319220.743, 105
Trd, 4319222.343, 60
Trd, 4319222.893, 60
Trd, 4319222.993, 60
Trd, 4319224.093, 64
Trd, 4319224.543, 64
Trd, 4319224.593, 65
Trd, 4319226.293, 140
Trd, 4319226.793, 140
Trd, 4319229.593, 140
Trd, 4319230.043, 140
Trd, 4319231.043, 140
Trd, 4319231.643, 140
Trd, 4319231.843, 140
Trd, 4319233.193, 140
Trd, 4319233.343, 140
Trd, 4319234.043, 140
Trd, 4319235.243, 140
Trd, 4319236.293, 140
Trd, 4319236.993, 140
Trd, 4319237.643, 140
Trd, 4319238.393, 140
Trd, 4319239.643, 139
Trd, 4319241.393, 119
Trd, 4319241.543, 107
Trd, 4319241.843, 108
Trd, 4319243.093, 139
Trd, 4319243.393, 107
Trd, 4319246.043, 140
Trd, 4319246.843, 140
Trd, 4319246.943, 140
Trd, 4319247.043, 140
Trd, 4319247.943, 140
Trd, 4319248.293, 140
Trd, 4319252.143, 140
Trd, 4319253.293, 140
Trd, 4319253.943, 140
Trd, 4319254.793, 140
Trd, 4319254.843, 140
Trd, 4319255.593, 140
Trd, 4319255.743, 140
Trd, 4319257.293, 140
Trd, 4319257.643, 140
Trd, 4319258.643, 140
Trd, 4319258.693, 140
Trd, 4319259.143, 140
Trd, 4319261.193, 140
Trd, 4319262.293, 140
Trd, 4319263.443, 140
Trd, 4319264.143, 140
Trd, 4319264.193, 140
Trd, 4319264.243, 140
Trd, 4319264.693, 140
Trd, 4319266.843, 127
Trd, 4319267.143, 124
Trd, 4319268.993, 140
Trd, 4319272.093, 140
Trd, 4319272.143, 140
Trd, 4319272.293, 140
Trd, 4319273.143, 140
Trd, 4319273.643, 140
Trd, 4319273.893, 140
Trd, 4319275.593, 140
Trd, 4319275.893, 140
Trd, 4319276.893, 140
Trd, 4319277.293, 140
Trd, 4319277.593, 140
Trd, 4319278.993, 140
Trd, 4319279.593, 140
Trd, 4319281.843, 140
Trd, 4319282.643, 140
Trd, 4319283.093, 140
Trd, 4319286.093, 140
Trd, 4319286.543, 140
Trd, 4319286.643, 140
Trd, 4319286.793, 140
Trd, 4319286.843, 140
Trd, 4319287.093, 139
Trd, 4319287.743, 140
Trd, 4319288.893, 110
Trd, 4319290.043, 112
Trd, 4319290.393, 130
Trd, 4319290.493, 112
Trd, 4319291.443, 131
Trd, 4319293.143, 140
Trd, 4319293.543, 140
Trd, 4319294.493, 111
Trd, 4319296.293, 140
Trd, 4319297.993, 140
Trd, 4319298.493, 140
Trd, 4319298.793, 132
Trd, 4319301.393, 140
Trd, 4319302.243, 140
Trd, 4319302.393, 140
Trd, 4319302.493, 140
Trd, 4319302.593, 140
Trd, 4319303.643, 138
Trd, 4319304.043, 98
Trd, 4319305.343, 63
Trd, 4319305.493, 124
Trd, 4319306.643, 93
Trd, 4319307.293, 92
Trd, 4319308.493, 60
Trd, 4319308.993, 62
Trd, 4319309.643, 60
Trd, 4319309.743, 60
Trd, 4319310.143, 61
Trd, 4319310.193, 61
Trd, 4319311.243, 62
Trd, 4319311.293, 61
Trd, 4319315.393, 60
Trd, 4319316.293, 60
Trd, 4319317.143, 60
Trd, 4319317.543, 60
Trd, 4319318.043, 60
Trd, 4319319.893, 60
Trd, 4319320.543, 60
Trd, 4319321.943, 60
Trd, 4319322.093, 60
Trd, 4319322.243, 60
Trd, 4319322.543, 61
Trd, 4319322.793, 60
Trd, 4319322.993, 60
Trd, 4319323.343, 62
Trd, 4319325.193, 62
Trd, 4319326.093, 62
Trd, 4319327.943, 60
Trd, 4319329.143, 60
Trd, 4319329.343, 60
Trd, 4319329.593, 61
Trd, 4319329.893, 62
Trd, 4319330.093, 63
Trd, 4319330.693, 64
Trd, 4319330.993, 63
Trd, 4319331.793, 95
Trd, 4319332.043, 94
Trd, 4319332.893, 70
Trd, 4319333.693, 87
Trd, 4319334.293, 60
Trd, 4319336.043, 60
Trd, 4319337.143, 60
Trd, 4319337.193, 60
Trd, 4319337.993, 64
Trd, 4319339.343, 62
Trd, 4319339.743, 63
Trd, 4319340.443, 67
Trd, 4319342.393, 60
Trd, 4319342.693, 60
Trd, 4319344.393, 60
Trd, 4319345.643, 60
Trd, 4319345.743, 60
Trd, 4319346.293, 61
Trd, 4319346.643, 61
Trd, 4319346.943, 61
Trd, 4319347.393, 62
Trd, 4319348.393, 60
Trd, 4319349.343, 137
Trd, 4319349.643, 136
Trd, 4319350.543, 62
Trd, 4319352.393, 111
Trd, 4319353.043, 114
Trd, 4319353.743, 136
Trd, 4319354.893, 130
Trd, 4319356.193, 140
Trd, 4319356.343, 140
Trd, 4319356.993, 140
Trd, 4319357.193, 139
Trd, 4319358.093, 138
Trd, 4319358.243, 140
Trd, 4319358.443, 129
Trd, 4319359.743, 138
Trd, 4319360.493, 135
Trd, 4319361.693, 115
Trd, 4319362.243, 118
Trd, 4319363.893, 135
Trd, 4319364.243, 127
Trd, 4319364.993, 130
Trd, 4319365.743, 131
Trd, 4319367.493, 140
Trd, 4319367.593, 140
Trd, 4319367.693, 139
Trd, 4319369.393, 140
Trd, 4319370.543, 140
Trd, 4319371.243, 140
Trd, 4319371.443, 139
Trd, 4319372.093, 124
Trd, 4319373.343, 112
Trd, 4319374.743, 116
Trd, 4319375.293, 126
Trd, 4319375.993, 130
Trd, 4319377.943, 140
Trd, 4319378.243, 140
Trd, 4319378.443, 140
Trd, 4319379.143, 140
Trd, 4319379.793, 140
Trd, 4319379.943, 140
Trd, 4319381.593, 140
Trd, 4319381.793, 140
Trd, 4319384.493, 120
Trd, 4319384.843, 118
Trd, 4319385.143, 137
Trd, 4319386.693, 122
Trd, 4319387.093, 139
Trd, 4319387.293, 121
Trd, 4319387.843, 121
Trd, 4319389.943, 140
Trd, 4319389.993, 131
Trd, 4319392.043, 140
Trd, 4319392.743, 140
Trd, 4319393.693, 140
Trd, 4319393.943, 140
Trd, 4319394.193, 140
Trd, 4319394.543, 140
Trd, 4319394.643, 140
Trd, 4319395.093, 106
Trd, 4319397.043, 66
Trd, 4319397.693, 140
Trd, 4319399.043, 62
Trd, 4319399.293, 62
Trd, 4319399.493, 62
Trd, 4319400.193, 60
Trd, 4319400.293, 63
Trd, 4319400.443, 61
Trd, 4319400.843, 76
Trd, 4319401.643, 63
Trd, 4319402.093, 61
Trd, 4319403.443, 65
Trd, 4319404.143, 140
Trd, 4319405.843, 140
Trd, 4319406.893, 140
Trd, 4319407.943, 140
Trd, 4319409.243, 140
Trd, 4319409.643, 140
Trd, 4319409.893, 140
Trd, 4319411.593, 140
Trd, 4319413.043, 140
Trd, 4319414.243, 140
Trd, 4319414.293, 140
Trd, 4319414.643, 140
Trd, 4319415.343, 109
Trd, 4319416.343, 139
Trd, 4319417.293, 114
Trd, 4319417.693, 122
Trd, 4319419.193, 140
Trd, 4319419.543, 113
Trd, 4319421.593, 118
Trd, 4319423.393, 140
Trd, 4319423.593, 140
Trd, 4319424.743, 140
Trd, 4319424.893, 140
Trd, 4319426.493, 140
Trd, 4319427.243, 139
Trd, 4319427.693, 138
Trd, 4319429.243, 122
Trd, 4319429.493, 122
Trd, 4319431.343, 102
Trd, 4319431.843, 130
Trd, 4319432.043, 102
Trd, 4319432.093, 101
Trd, 4319432.143, 97
Trd, 4319432.893, 131
Trd, 4319433.593, 93
Trd, 4319433.943, 84
Trd, 4319435.543, 98
Trd, 4319436.493, 99
Trd, 4319436.643, 98
Trd, 4319437.143, 64
Trd, 4319437.393, 65
Trd, 4319438.693, 119
Trd, 4319439.793, 67
Trd, 4319440.743, 72
Trd, 4319443.443, 140
Trd, 4319444.593, 140
Trd, 4319444.843, 140
Trd, 4319444.993, 140
Trd, 4319445.043, 140
Trd, 4319445.343, 140
Trd, 4319446.743, 140
Trd, 4319446.993, 140
Trd, 4319448.993, 140
Trd, 4319450.293, 140
Trd, 4319450.743, 140
Trd, 4319451.243, 140
Trd, 4319452.643, 140
Trd, 4319453.043, 140
Trd, 4319453.193, 140
Trd, 4319454.293, 140
Trd, 4319454.493, 139
Trd, 4319455.143, 139
Trd, 4319456.593, 140
Trd, 4319457.293, 140
Trd, 4319457.693, 140
Trd, 4319458.293, 140
Trd, 4319460.543, 140
Trd, 4319460.993, 140
Trd, 4319462.293, 105
Trd, 4319462.743, 137
Trd, 4319464.493, 110
Trd, 4319465.093, 110
Trd, 4319465.143, 109
Trd, 4319465.393, 136
Trd, 4319466.343, 118
Trd, 4319467.193, 116
Trd, 4319468.243, 127
Trd, 4319468.593, 122
Trd, 4319469.343, 119
Trd, 4319469.693, 120
Trd, 4319469.943, 119
Trd, 4319470.243, 100
Trd, 4319471.693, 62
Trd, 4319471.743, 62
Trd, 4319472.243, 62
Trd, 4319472.543, 60
Trd, 4319474.643, 60
Trd, 4319475.193, 60
Trd, 4319476.443, 60
Trd, 4319477.293, 62
Trd, 4319477.393, 61
Trd, 4319478.143, 67
Trd, 4319478.693, 140
Trd, 4319480.043, 97
Trd, 4319480.293, 99
Trd, 4319481.143, 104
Trd, 4319482.393, 116
Trd, 4319483.493, 123
Trd, 4319483.693, 122
Trd, 4319484.343, 122
Trd, 4319484.493, 124
Trd, 4319484.593, 127
Trd, 4319485.043, 120
Trd, 4319486.443, 140
Trd, 4319486.793, 140
Trd, 4319487.943, 127
Trd, 4319488.993, 140
Trd, 4319489.443, 140
Trd, 4319490.293, 128
Trd, 4319490.493, 128
Trd, 4319490.693, 138
Trd, 4319491.043, 126
Trd, 4319492.193, 92
Trd, 4319492.993, 139
Trd, 4319494.393, 132
Trd, 4319495.493, 135
Trd, 4319496.043, 140
Trd, 4319498.093, 140
Trd, 4319499.643, 140
Trd, 4319501.093, 140
Trd, 4319501.243, 140
Trd, 4319502.593, 140
Trd, 4319503.093, 140
Trd, 4319505.443, 140
Trd, 4319506.293, 140
Trd, 4319506.343, 140
Trd, 4319506.993, 140
Trd, 4319507.543, 140
Trd, 4319508.043, 140
Trd, 4319509.243, 140
Trd, 4319509.393, 140
Trd, 4319509.893, 67
Trd, 4319510.793, 86
Trd, 4319511.543, 139
Trd, 4319512.943, 140
Trd, 4319513.143, 140
Trd, 4319513.293, 139
Trd, 4319514.693, 123
Trd, 4319516.093, 112
Trd, 4319516.143, 95
Trd, 4319516.493, 64
Trd, 4319518.493, 140
Trd, 4319520.243, 140
Trd, 4319520.343, 140
Trd, 4319521.493, 140
Trd, 4319522.393, 140
Trd, 4319522.443, 140
Trd, 4319522.893, 140
Trd, 4319523.193, 105
Trd, 4319523.793, 88
Trd, 4319524.893, 99
Trd, 4319527.043, 140
Trd, 4319527.443, 140
Trd, 4319527.793, 140
Trd, 4319529.543, 140
Trd, 4319529.893, 140
Trd, 4319531.443, 140
Trd, 4319532.343, 140
Trd, 4319532.493, 140
Trd, 4319532.893, 140
Trd, 4319533.693, 140
Trd, 4319536.043, 137
Trd, 4319536.343, 121
Trd, 4319536.543, 122
Trd, 4319536.593, 121
Trd, 4319536.693, 119
Trd, 4319537.043, 117
Trd, 4319537.243, 138
Trd, 4319538.543, 135
Trd, 4319541.193, 118
Trd, 4319541.293, 115
Trd, 4319541.393, 114
Trd, 4319541.843, 139
Trd, 4319543.443, 119
Trd, 4319544.393, 139
Trd, 4319544.493, 109
Trd, 4319544.693, 134
Trd, 4319546.443, 112
Trd, 4319546.793, 114
Trd, 4319548.493, 140
Trd, 4319548.543, 137
Trd, 4319549.843, 140
Trd, 4319551.243, 140
Trd, 4319551.793, 140
Trd, 4319551.843, 140
Trd, 4319552.093, 126
Trd, 4319552.543, 139
Trd, 4319553.043, 140
Trd, 4319553.993, 138
Trd, 4319554.093, 140
Trd, 4319554.293, 112
Trd, 4319555.643, 88
Trd, 4319555.943, 86
Trd, 4319557.043, 73
Trd, 4319558.493, 122
Trd, 4319560.893, 140
Trd, 4319561.993, 140
Trd, 4319562.943, 140
Trd, 4319563.443, 140
Trd, 4319563.543, 140
Trd, 4319563.843, 140
Trd, 4319564.993, 137
Trd, 4319568.243, 140
Trd, 4319568.393, 140
Trd, 4319569.493, 140
Trd, 4319570.193, 140
Trd, 4319570.443, 140
Trd, 4319570.743, 140
Trd, 4319571.343, 140
Trd, 4319571.743, 140
Trd, 4319571.943, 130
Trd, 4319574.493, 140
Trd, 4319574.593, 140
Trd, 4319574.743, 140
Trd, 4319576.493, 138
Trd, 4319576.993, 119
Trd, 4319577.493, 119
Trd, 4319579.143, 140
Trd, 4319579.493, 123
Trd, 4319579.943, 120
Trd, 4319581.343, 123
Trd, 4319582.893, 140
Trd, 4319583.843, 138
Trd, 4319583.893, 133
Trd, 4319584.593, 105
Trd, 4319586.293, 140
Trd, 4319586.643, 140
Trd, 4319588.093, 140
Trd, 4319589.393, 140
Trd, 4319591.193, 140
Trd, 4319591.243, 140
Trd, 4319592.293, 140
Trd, 4319593.793, 140
Trd, 4319593.893, 140
Trd, 4319593.943, 140
Trd, 4319595.143, 140
Trd, 4319596.593, 140
Trd, 4319596.693, 140
Trd, 4319597.393, 140
Trd, 4319597.743, 140
Trd, 4319598.643, 140
Trd, 4319598.743, 140
Trd, 4319599.443, 105
Trd, 4319599.493, 103
Trd, 4319600.243, 84
Trd, 4319601.643, 60
Trd, 4319602.543, 60
Trd, 4319603.143, 60
Trd, 4319603.943, 60
Trd, 4319604.793, 100
Trd, 4319605.393, 82
Trd, 4319605.443, 63
Trd, 4319605.843, 62
Trd, 4319606.193, 64
Trd, 4319609.393, 77
Trd, 4319609.693, 80
Trd, 4319611.043, 140
Trd, 4319611.193, 79
Trd, 4319611.443, 78
Trd, 4319612.843, 60
Trd, 4319612.993, 60
Trd, 4319613.543, 66
Trd, 4319614.793, 68
Trd, 4319615.593, 118
Trd, 4319616.793, 140
Trd, 4319616.993, 138
Trd, 4319617.443, 137
Trd, 4319618.743, 139
Trd, 4319619.343, 140
Trd, 4319621.443, 140
Trd, 4319621.793, 140
Trd, 4319622.293, 140
Trd, 4319622.343, 140
Trd, 4319622.393, 140
Trd, 4319623.593, 140
Trd, 4319623.843, 140
Trd, 4319624.543, 140
Trd, 4319624.693, 139
Trd, 4319625.543, 140
Trd, 4319626.643, 139
Trd, 4319627.543, 107
Trd, 4319628.243, 121
Trd, 4319629.493, 107
Trd, 4319630.043, 107
Trd, 4319631.493, 96
Trd, 4319632.243, 114
Trd, 4319632.693, 86
Trd, 4319632.993, 84
Trd, 4319633.193, 114
Trd, 4319633.893, 60
Trd, 4319634.243, 112
Trd, 4319637.743, 60
Trd, 4319638.393, 60
Trd, 4319638.443, 61
Trd, 4319638.693, 62
Trd, 4319638.743, 61
Trd, 4319638.843, 70
Trd, 4319640.493, 63
Trd, 4319640.793, 64
Trd, 4319641.093, 63
Trd, 4319641.443, 62
Trd, 4319642.843, 140
Trd, 4319643.343, 140
Trd, 4319644.743, 140
Trd, 4319645.793, 140
Trd, 4319647.093, 104
Trd, 4319648.643, 110
Trd, 4319648.893, 140
Trd, 4319649.193, 74
Trd, 4319650.893, 83
Trd, 4319652.193, 78
Trd, 4319652.243, 76
Trd, 4319654.293, 140
Trd, 4319654.343, 139
Trd, 4319654.993, 120
Trd, 4319655.193, 136
Trd, 4319655.343, 96
Trd, 4319656.593, 60
Trd, 4319656.893, 60
Trd, 4319658.743, 60
Trd, 4319659.393, 60
Trd, 4319661.393, 60
Trd, 4319661.643, 60
Trd, 4319661.993, 60
Trd, 4319662.593, 61
Trd, 4319663.193, 61
Trd, 4319663.693, 60
Trd, 4319663.993, 60
Trd, 4319664.593, 60
Trd, 4319665.643, 61
Trd, 4319666.993, 62
Trd, 4319667.643, 60
Trd, 4319667.693, 62
Trd, 4319667.743, 63
Trd, 4319669.193, 60
Trd, 4319669.593, 65
Trd, 4319670.193, 63
Trd, 4319670.593, 62
Trd, 4319671.843, 140
Trd, 4319672.043, 138
Trd, 4319672.643, 138
Trd, 4319673.243, 137
Trd, 4319674.893, 138
Trd, 4319675.143, 125
Trd, 4319676.093, 139
Trd, 4319676.793, 92
Trd, 4319678.793, 137
Trd, 4319679.193, 137
Trd, 4319679.743, 136
Trd, 4319680.043, 108
Trd, 4319681.043, 104
Trd, 4319681.543, 99
Trd, 4319682.143, 134
Trd, 4319682.493, 103
Trd, 4319684.693, 114
Trd, 4319684.793, 138
Trd, 4319685.143, 114
Trd, 4319686.343, 102
Trd, 4319687.243, 140
Trd, 4319690.143, 140
Trd, 4319690.643, 140
Trd, 4319691.093, 140
Trd, 4319692.343, 137
Trd, 4319692.593, 81
Trd, 4319693.343, 102
Trd, 4319693.493, 104
Trd, 4319693.893, 104
Trd, 4319694.243, 106
Trd, 4319694.593, 105
Trd, 4319694.993, 60
Trd, 4319696.543, 61
Trd, 4319697.393, 65
Trd, 4319697.743, 65
Trd, 4319698.493, 139
Trd, 4319699.543, 114
Trd, 4319700.643, 140
Trd, 4319701.043, 140
Trd, 4319701.193, 139
Trd, 4319701.243, 89
Trd, 4319701.843, 64
Trd, 4319702.193, 63
Trd, 4319702.443, 65
Trd, 4319704.993, 140
Trd, 4319705.843, 140
Trd, 4319706.493, 140
Trd, 4319706.643, 140
Trd, 4319709.343, 140
Trd, 4319709.743, 140
Trd, 4319709.893, 140
Trd, 4319710.943, 140
Trd, 4319711.993, 140
Trd, 4319713.593, 140
Trd, 4319713.793, 140
Trd, 4319714.293, 140
Trd, 4319715.343, 140
Trd, 4319715.443, 140
Trd, 4319716.093, 140
Trd, 4319716.393, 96
Trd, 4319717.143, 92
Trd, 4319717.793, 140
Trd, 4319718.293, 139
Trd, 4319720.243, 140
Trd, 4319722.343, 140
Trd, 4319722.893, 140
Trd, 4319726.043, 140
Trd, 4319726.143, 140
Trd, 4319726.343, 140
Trd, 4319726.443, 140
Trd, 4319726.693, 140
Trd, 4319727.593, 138
Trd, 4319728.743, 140
Trd, 4319729.143, 108
Trd, 4319730.593, 134
Trd, 4319731.843, 107
Trd, 4319732.443, 99
Trd, 4319733.243, 138
Trd, 4319734.943, 140
Trd, 4319735.593, 140
Trd, 4319735.693, 140
Trd, 4319736.093, 140
Trd, 4319737.093, 140
Trd, 4319738.343, 140
Trd, 4319740.143, 120
Trd, 4319740.343, 119
Trd, 4319740.643, 120
Trd, 4319741.543, 122
Trd, 4319742.793, 126
Trd, 4319743.643, 126
Trd, 4319743.793, 125
Trd, 4319744.143, 128
Trd, 4319744.643, 65
Trd, 4319745.493, 140
Trd, 4319747.893, 140
Trd, 4319750.593, 140
Trd, 4319751.293, 140
Trd, 4319751.743, 140
Trd, 4319752.393, 140
Trd, 4319752.443, 140
Trd, 4319755.343, 140
Trd, 4319755.393, 140
Trd, 4319755.843, 140
Trd, 4319756.643, 140
Trd, 4319757.793, 140
Trd, 4319758.093, 140
Trd, 4319758.143, 136
Trd, 4319758.543, 113
Trd, 4319760.343, 140
Trd, 4319761.243, 140
Trd, 4319761.493, 140
Trd, 4319761.793, 140
Trd, 4319764.193, 140
Trd, 4319765.593, 140
Trd, 4319765.743, 140
Trd, 4319766.243, 140
Trd, 4319766.343, 140
Trd, 4319766.693, 140
Trd, 4319766.993, 87
Trd, 4319768.143, 63
Trd, 4319768.443, 87
Trd, 4319768.893, 62
Trd, 4319769.743, 140
Trd, 4319770.493, 140
Trd, 4319771.443, 140
Trd, 4319772.543, 140
Trd, 4319773.393, 140
Trd, 4319773.493, 140
Trd, 4319774.893, 140
Trd, 4319775.593, 140
Trd, 4319775.643, 140
Trd, 4319776.593, 138
Trd, 4319776.843, 105
Trd, 4319777.943, 137
Trd, 4319778.093, 119
Trd, 4319778.243, 103
Trd, 4319779.243, 140
Trd, 4319779.543, 140
Trd, 4319780.743, 139
Trd, 4319783.443, 140
Trd, 4319784.693, 140
Trd, 4319785.043, 140
Trd, 4319785.993, 140
Trd, 4319786.493, 140
Trd, 4319786.593, 140
Trd, 4319786.643, 139
Trd, 4319788.643, 140
Trd, 4319788.893, 81
Trd, 4319789.193, 81
Trd, 4319789.643, 90
Trd, 4319791.343, 84
Trd, 4319792.293, 106
Trd, 4319792.743, 95
Trd, 4319793.843, 95
Trd, 4319794.443, 96
Trd, 4319794.693, 128
Trd, 4319795.993, 109
Trd, 4319796.443, 109
Trd, 4319796.543, 97
Trd, 4319796.643, 95
Trd, 4319796.693, 139
Trd, 4319797.693, 126
Trd, 4319797.893, 125
Trd, 4319798.393, 69
Trd, 4319800.543, 88
Trd, 4319800.843, 87
Trd, 4319800.893, 93
Trd, 4319801.543, 70
Trd, 4319801.993, 133
Trd, 4319803.093, 136
Trd, 4319804.393, 140
Trd, 4319804.743, 140
Trd, 4319805.593, 140
Trd, 4319806.993, 140
Trd, 4319807.143, 105
Trd, 4319807.643, 102
Trd, 4319808.743, 103
Trd, 4319810.043, 106
Trd, 4319811.143, 114
Trd, 4319811.193, 115
Trd, 4319811.343, 115
Trd, 4319811.693, 110
Trd, 4319812.143, 111
Trd, 4319813.843, 140
Trd, 4319814.193, 140
Trd, 4319814.343, 108
Trd, 4319816.043, 140
Trd, 4319816.343, 140
Trd, 4319816.843, 140
Trd, 4319818.093, 140
Trd, 4319820.493, 140
Trd, 4319821.993, 140
Trd, 4319822.143, 140
Trd, 4319823.143, 140
Trd, 4319823.193, 140
Trd, 4319824.743, 140
Trd, 4319825.493, 140
Trd, 4319826.093, 140
Trd, 4319826.493, 140
Trd, 4319827.843, 140
Trd, 4319828.543, 140
Trd, 4319828.893, 140
Trd, 4319829.993, 140
Trd, 4319830.193, 140
Trd, 4319830.643, 140
Trd, 4319832.693, 140
Trd, 4319833.543, 140
Trd, 4319833.843, 140
Trd, 4319834.743, 140
Trd, 4319837.193, 140
Trd, 4319838.143, 140
Trd, 4319839.843, 140
Trd, 4319841.093, 140
Trd, 4319841.493, 140
Trd, 4319841.543, 138
Trd, 4319842.293, 139
Trd, 4319842.843, 111
Trd, 4319842.993, 111
Trd, 4319843.043, 135
Trd, 4319843.593, 113
Trd, 4319843.693, 133
Trd, 4319843.943, 120
Trd, 4319846.293, 121
Trd, 4319846.843, 119
Trd, 4319847.143, 118
Trd, 4319848.593, 117
Trd, 4319848.993, 124
Trd, 4319849.193, 109
Trd, 4319850.643, 103
Trd, 4319850.843, 102
Trd, 4319851.443, 67
Trd, 4319853.143, 110
Trd, 4319854.043, 113
Trd, 4319854.343, 137
Trd, 4319854.693, 137
Trd, 4319854.843, 83
Trd, 4319856.143, 103
Trd, 4319856.293, 80
Trd, 4319856.843, 132
Trd, 4319857.893, 60
Trd, 4319858.143, 74
Trd, 4319859.143, 64
Trd, 4319861.293, 114
Trd, 4319861.443, 113
Trd, 4319861.643, 139
Trd, 4319862.493, 119
Trd, 4319862.793, 88
Trd, 4319863.543, 81
Trd, 4319864.143, 95
Trd, 4319864.993, 140
Trd, 4319866.793, 60
Trd, 4319867.193, 60
Trd, 4319867.343, 61
Trd, 4319867.393, 61
Trd, 4319869.393, 62
Trd, 4319870.193, 99
Trd, 4319871.093, 101
Trd, 4319871.693, 140
Trd, 4319872.943, 140
Trd, 4319873.843, 140
Trd, 4319873.993, 140
Trd, 4319874.943, 140
Trd, 4319875.443, 137
Trd, 4319876.343, 138
Trd, 4319876.793, 139
Trd, 4319877.693, 137
Trd, 4319877.893, 112
Trd, 4319878.343, 112
Trd, 4319880.043, 107
Trd, 4319880.893, 110
Trd, 4319881.043, 108
Trd, 4319881.193, 114
Trd, 4319881.793, 120
Trd, 4319882.643, 107
Trd, 4319883.993, 127
Trd, 4319884.193, 116
Trd, 4319884.293, 115
Trd, 4319885.393, 126
Trd, 4319886.993, 140
Trd, 4319888.293, 121
Trd, 4319888.393, 120
Trd, 4319889.443, 139
Trd, 4319889.743, 122
Trd, 4319890.093, 140
Trd, 4319891.843, 140
Trd, 4319893.243, 140
Trd, 4319894.343, 140
Trd, 4319895.543, 140
Trd, 4319897.993, 140
Trd, 4319898.193, 140
Trd, 4319898.243, 140
Trd, 4319898.293, 140
Trd, 4319898.543, 140
Trd, 4319899.093, 95
Trd, 4319900.243, 107
Trd, 4319900.593, 139
Trd, 4319900.943, 120
Trd, 4319902.093, 85
Trd, 4319903.243, 132
Trd, 4319903.693, 111
Trd, 4319904.143, 114
Trd, 4319904.293, 88
Trd, 4319904.893, 87
Trd, 4319905.593, 91
Trd, 4319906.493, 106
Trd, 4319906.643, 120
Trd, 4319908.043, 113
Trd, 4319908.093, 101
Trd, 4319910.043, 84
Trd, 4319910.343, 83
Trd, 4319910.393, 93
Trd, 4319911.293, 87
Trd, 4319911.493, 90
Trd, 4319911.643, 87
Trd, 4319912.443, 60
Trd, 4319913.143, 87
Trd, 4319913.393, 63
Trd, 4319915.493, 60
Trd, 4319916.343, 63
Trd, 4319916.543, 84
Trd, 4319917.443, 87
Trd, 4319918.093, 87
Trd, 4319919.043, 115
Trd, 4319919.693, 81
Trd, 4319920.143, 80
Trd, 4319920.243, 75
Trd, 4319923.193, 140
Trd, 4319923.393, 140
Trd, 4319923.693, 140
Trd, 4319924.543, 140
Trd, 4319924.593, 140
Trd, 4319925.843, 140
Trd, 4319926.093, 138
Trd, 4319926.143, 90
Trd, 4319926.443, 114
Trd, 4319926.693, 71
Trd, 4319926.943, 139
Trd, 4319929.043, 140
Trd, 4319929.393, 80
Trd, 4319931.643, 140
Trd, 4319931.743, 140
Trd, 4319931.893, 140
Trd, 4319934.343, 140
Trd, 4319935.543, 140
Trd, 4319936.143, 140
Trd, 4319937.243, 140
Trd, 4319937.293, 140
Trd, 4319939.243, 140
Trd, 4319941.493, 140
Trd, 4319942.193, 140
Trd, 4319942.393, 140
Trd, 4319942.893, 140
Trd, 4319942.943, 140
Trd, 4319943.843, 121
Trd, 4319944.943, 139
Trd, 4319945.093, 139
Trd, 4319945.243, 139
Trd, 4319946.643, 137
Trd, 4319946.943, 108
Trd, 4319948.393, 60
Trd, 4319948.493, 61
Trd, 4319949.393, 60
Trd, 4319949.743, 60
Trd, 4319949.843, 61
Trd, 4319950.193, 62
Trd, 4319950.393, 66
Trd, 4319952.743, 65
Trd, 4319952.943, 108
Trd, 4319953.293, 68
Trd, 4319953.743, 64
Trd, 4319955.593, 140
Trd, 4319955.943, 140
Trd, 4319958.143, 140
Trd, 4319958.593, 140
Trd, 4319958.793, 140
Trd, 4319959.093, 140
Trd, 4319959.593, 140
Trd, 4319959.693, 140
Trd, 4319960.693, 101
Trd, 4319961.043, 81
Trd, 4319961.643, 139
Trd, 4319963.743, 140
Trd, 4319963.793, 109
Trd, 4319964.843, 140
Trd, 4319965.143, 140
Trd, 4319965.243, 140
Trd, 4319965.493, 140
Trd, 4319966.143, 92
Trd, 4319969.443, 60
Trd, 4319970.243, 60
Trd, 4319970.693, 60
Trd, 4319971.093, 60
Trd, 4319971.143, 64
Trd, 4319971.943, 61
Trd, 4319972.193, 62
Trd, 4319973.243, 64
Trd, 4319973.493, 63
Trd, 4319973.993, 137
Trd, 4319974.743, 118
Trd, 4319975.693, 89
Trd, 4319975.993, 67
Trd, 4319977.493, 125
Trd, 4319978.893, 117
Trd, 4319979.093, 116
Trd, 4319979.593, 140
Trd, 4319979.693, 140
Trd, 4319980.693, 139
Trd, 4319980.843, 120
Trd, 4319983.243, 140
Trd, 4319983.393, 140
Trd, 4319986.643, 140
Trd, 4319986.693, 140
Trd, 4319987.793, 140
Trd, 4319988.143, 140
Trd, 4319988.693, 140
Trd, 4319989.043, 140
Trd, 4319989.193, 140
Trd, 4319989.243, 140
Trd, 4319989.543, 84
Trd, 4319989.993, 92
Trd, 4319990.843, 93
Trd, 4319991.393, 94
Trd, 4319991.543, 100
Trd, 4319991.843, 92
Trd, 4319992.643, 69
Trd, 4319993.893, 68
Trd, 4319994.143, 60
Trd, 4319994.593, 69
Trd, 4319998.143, 91
Trd, 4319998.793, 91
Trd, 4319999.693, 140
