Trd, 4318128.793, 60
Trd, 4318128.993, 62
Trd, 4318129.993, 60
Trd, 4318130.243, 65
Trd, 4318130.393, 66
Trd, 4318130.893, 62
Trd, 4318131.993, 87
Trd, 4318132.043, 86
Trd, 4318132.493, 134
Trd, 4318133.843, 139
Trd, 4318134.593, 133
Trd, 4318134.943, 85
Trd, 4318135.543, 127
Trd, 4318136.093, 121
Trd, 4318137.843, 140
Trd, 4318137.943, 140
Trd, 4318138.793, 140
Trd, 4318139.643, 140
Trd, 4318140.143, 140
Trd, 4318140.443, 122
Trd, 4318140.493, 96
Trd, 4318142.143, 140
Trd, 4318144.393, 140
Trd, 4318144.893, 140
Trd, 4318146.093, 138
Trd, 4318147.243, 139
Trd, 4318147.493, 112
Trd, 4318147.793, 120
Trd, 4318149.843, 139
Trd, 4318150.743, 112
Trd, 4318152.493, 140
Trd, 4318153.043, 87
Trd, 4318153.443, 138
Trd, 4318154.343, 90
Trd, 4318154.493, 130
Trd, 4318155.243, 94
Trd, 4318155.643, 92
Trd, 4318155.843, 83
Trd, 4318157.093, 62
Trd, 4318157.693, 60
Trd, 4318157.843, 65
Trd, 4318160.293, 95
Trd, 4318160.343, 80
Trd, 4318160.693, 136
Trd, 4318160.793, 114
Trd, 4318161.793, 70
Trd, 4318163.643, 107
Trd, 4318164.393, 137
Trd, 4318164.593, 129
Trd, 4318165.693, 109
Trd, 4318166.093, 93
Trd, 4318166.393, 117
Trd, 4318166.543, 96
Trd, 4318167.293, 123
Trd, 4318167.493, 84
Trd, 4318168.243, 63
Trd, 4318168.993, 61
Trd, 4318169.093, 66
Trd, 4318171.693, 140
Trd, 4318172.093, 140
Trd, 4318172.393, 140
Trd, 4318173.543, 140
Trd, 4318173.993, 140
Trd, 4318174.193, 138
Trd, 4318175.043, 116
Trd, 4318175.343, 139
Trd, 4318176.193, 86
Trd, 4318177.043, 64
Trd, 4318177.193, 60
Trd, 4318179.643, 139
Trd, 4318179.843, 70
Trd, 4318180.543, 140
Trd, 4318180.993, 140
Trd, 4318181.543, 140
Trd, 4318182.793, 140
Trd, 4318183.243, 139
Trd, 4318183.993, 140
Trd, 4318184.043, 105
Trd, 4318184.893, 90
Trd, 4318186.743, 90
Trd, 4318187.493, 140
Trd, 4318187.543, 139
Trd, 4318188.043, 110
Trd, 4318188.743, 78
Trd, 4318189.393, 138
Trd, 4318189.793, 67
Trd, 4318191.393, 116
Trd, 4318191.893, 138
Trd, 4318192.093, 110
Trd, 4318193.993, 140
Trd, 4318195.093, 140
Trd, 4318195.493, 140
Trd, 4318195.843, 109
Trd, 4318196.843, 123
Trd, 4318197.793, 130
Trd, 4318199.193, 137
Trd, 4318199.593, 98
Trd, 4318200.293, 130
Trd, 4318200.793, 65
Trd, 4318201.693, 60
Trd, 4318201.843, 66
Trd, 4318202.643, 64
Trd, 4318202.793, 70
Trd, 4318204.393, 60
Trd, 4318204.693, 61
Trd, 4318205.643, 60
Trd, 4318206.593, 60
Trd, 4318207.843, 60
Trd, 4318208.043, 60
Trd, 4318208.643, 60
Trd, 4318208.943, 62
Trd, 4318209.793, 140
Trd, 4318210.743, 140
Trd, 4318211.193, 140
Trd, 4318211.443, 139
Trd, 4318212.943, 140
Trd, 4318214.243, 140
Trd, 4318214.693, 140
Trd, 4318216.143, 140
Trd, 4318216.193, 140
Trd, 4318216.693, 140
Trd, 4318217.243, 140
Trd, 4318217.593, 74
Trd, 4318219.193, 140
Trd, 4318219.643, 140
Trd, 4318219.893, 140
Trd, 4318220.943, 121
Trd, 4318221.293, 89
Trd, 4318223.543, 134
Trd, 4318224.093, 139
Trd, 4318224.193, 128
Trd, 4318225.543, 130
Trd, 4318225.893, 130
Trd, 4318225.993, 110
Trd, 4318226.893, 63
Trd, 4318227.543, 138
Trd, 4318228.543, 94
Trd, 4318230.243, 140
Trd, 4318230.343, 74
Trd, 4318232.443, 140
Trd, 4318232.943, 140
Trd, 4318233.893, 139
Trd, 4318234.443, 116
Trd, 4318234.893, 115
Trd, 4318235.193, 114
Trd, 4318235.943, 140
Trd, 4318236.593, 72
Trd, 4318237.343, 140
Trd, 4318237.943, 120
Trd, 4318239.243, 124
Trd, 4318239.643, 124
Trd, 4318240.093, 138
Trd, 4318240.493, 105
Trd, 4318240.843, 101
Trd, 4318241.343, 116
Trd, 4318242.893, 105
Trd, 4318243.143, 104
Trd, 4318243.743, 110
Trd, 4318244.843, 87
Trd, 4318244.993, 71
Trd, 4318245.543, 68
Trd, 4318247.193, 140
Trd, 4318247.543, 134
Trd, 4318248.693, 68
Trd, 4318248.793, 69
Trd, 4318248.893, 71
Trd, 4318249.543, 69
Trd, 4318250.093, 140
Trd, 4318250.693, 140
Trd, 4318251.443, 60
Trd, 4318251.493, 62
Trd, 4318252.443, 62
Trd, 4318252.793, 62
Trd, 4318254.093, 60
Trd, 4318255.293, 64
Trd, 4318255.343, 65
Trd, 4318256.093, 61
Trd, 4318256.443, 62
Trd, 4318257.043, 60
Trd, 4318258.443, 60
Trd, 4318259.393, 62
Trd, 4318260.293, 60
Trd, 4318261.543, 63
Trd, 4318262.443, 62
Trd, 4318263.443, 63
Trd, 4318263.593, 62
Trd, 4318263.943, 65
Trd, 4318264.243, 67
Trd, 4318264.643, 62
Trd, 4318265.243, 64
Trd, 4318266.743, 83
Trd, 4318267.693, 110
Trd, 4318268.143, 110
Trd, 4318268.393, 112
Trd, 4318269.793, 139
Trd, 4318270.593, 100
Trd, 4318270.843, 138
Trd, 4318272.493, 69
Trd, 4318272.643, 64
Trd, 4318273.443, 61
Trd, 4318273.643, 62
Trd, 4318274.443, 70
Trd, 4318275.943, 122
Trd, 4318276.243, 79
Trd, 4318276.943, 131
Trd, 4318278.543, 119
Trd, 4318278.943, 63
Trd, 4318279.593, 67
Trd, 4318281.493, 60
Trd, 4318281.943, 62
Trd, 4318282.693, 66
Trd, 4318282.743, 67
Trd, 4318284.043, 60
Trd, 4318284.593, 60
Trd, 4318284.643, 62
Trd, 4318285.593, 60
Trd, 4318285.793, 60
Trd, 4318285.993, 62
Trd, 4318286.893, 60
Trd, 4318286.943, 62
Trd, 4318287.793, 60
Trd, 4318289.193, 140
Trd, 4318289.543, 140
Trd, 4318289.643, 139
Trd, 4318292.343, 140
Trd, 4318293.193, 140
Trd, 4318294.343, 140
Trd, 4318295.093, 60
Trd, 4318295.893, 63
Trd, 4318296.043, 62
Trd, 4318296.543, 61
Trd, 4318297.493, 61
Trd, 4318297.743, 60
Trd, 4318299.093, 60
Trd, 4318300.043, 60
Trd, 4318300.893, 60
Trd, 4318302.393, 61
Trd, 4318302.743, 60
Trd, 4318303.443, 60
Trd, 4318303.493, 61
Trd, 4318304.393, 75
Trd, 4318305.643, 123
Trd, 4318305.743, 71
Trd, 4318306.693, 140
Trd, 4318307.093, 140
Trd, 4318307.343, 95
Trd, 4318308.643, 62
Trd, 4318308.843, 63
Trd, 4318309.543, 60
Trd, 4318309.993, 60
Trd, 4318311.993, 61
Trd, 4318312.243, 62
Trd, 4318312.993, 77
Trd, 4318314.093, 140
Trd, 4318314.293, 140
Trd, 4318314.443, 140
Trd, 4318315.093, 140
Trd, 4318315.943, 96
Trd, 4318316.293, 71
Trd, 4318316.543, 79
Trd, 4318317.543, 123
Trd, 4318319.343, 127
Trd, 4318319.593, 125
Trd, 4318319.993, 139
Trd, 4318320.743, 124
Trd, 4318322.543, 139
Trd, 4318322.943, 138
Trd, 4318323.943, 138
Trd, 4318324.143, 86
Trd, 4318324.893, 83
Trd, 4318324.943, 82
Trd, 4318327.093, 139
Trd, 4318327.243, 131
Trd, 4318328.593, 101
Trd, 4318328.693, 85
Trd, 4318329.143, 84
Trd, 4318329.343, 79
Trd, 4318330.343, 132
Trd, 4318331.143, 139
Trd, 4318331.793, 140
Trd, 4318331.943, 140
Trd, 4318332.393, 138
Trd, 4318332.693, 94
Trd, 4318333.743, 84
Trd, 4318334.843, 139
Trd, 4318336.293, 139
Trd, 4318336.643, 139
Trd, 4318336.943, 138
Trd, 4318338.293, 129
Trd, 4318339.143, 79
Trd, 4318339.493, 134
Trd, 4318339.593, 117
Trd, 4318340.243, 134
Trd, 4318340.543, 119
Trd, 4318341.793, 139
Trd, 4318341.893, 138
Trd, 4318342.093, 88
Trd, 4318344.293, 140
Trd, 4318344.643, 62
Trd, 4318345.193, 97
Trd, 4318345.293, 140
Trd, 4318345.593, 79
Trd, 4318347.443, 140
Trd, 4318347.943, 140
Trd, 4318348.393, 134
Trd, 4318349.343, 124
Trd, 4318349.593, 78
Trd, 4318349.943, 60
Trd, 4318351.193, 60
Trd, 4318351.893, 63
Trd, 4318351.943, 64
Trd, 4318353.093, 61
Trd, 4318353.493, 61
Trd, 4318353.793, 62
Trd, 4318355.043, 61
Trd, 4318355.093, 64
Trd, 4318357.243, 60
Trd, 4318357.293, 60
Trd, 4318357.693, 63
Trd, 4318358.993, 69
Trd, 4318359.243, 127
Trd, 4318360.393, 137
Trd, 4318360.543, 103
Trd, 4318360.993, 140
Trd, 4318363.343, 140
Trd, 4318364.543, 114
Trd, 4318364.793, 114
Trd, 4318365.293, 114
Trd, 4318367.593, 110
Trd, 4318367.643, 105
Trd, 4318368.093, 139
Trd, 4318368.543, 123
Trd, 4318369.143, 140
Trd, 4318369.293, 140
Trd, 4318370.093, 96
Trd, 4318370.793, 140
Trd, 4318371.243, 120
Trd, 4318372.793, 130
Trd, 4318374.343, 65
Trd, 4318374.643, 67
Trd, 4318375.793, 75
Trd, 4318376.093, 75
Trd, 4318376.793, 139
Trd, 4318377.493, 138
Trd, 4318378.143, 135
Trd, 4318378.643, 133
Trd, 4318378.943, 134
Trd, 4318380.493, 62
Trd, 4318380.793, 89
Trd, 4318381.043, 63
Trd, 4318382.543, 124
Trd, 4318383.243, 115
Trd, 4318383.793, 114
Trd, 4318384.243, 134
Trd, 4318386.893, 103
Trd, 4318386.993, 117
Trd, 4318387.043, 119
Trd, 4318387.343, 89
Trd, 4318387.693, 80
Trd, 4318388.943, 140
Trd, 4318389.043, 137
Trd, 4318389.443, 90
Trd, 4318390.543, 137
Trd, 4318390.693, 85
Trd, 4318392.193, 140
Trd, 4318393.093, 140
Trd, 4318393.443, 140
Trd, 4318394.143, 140
Trd, 4318394.643, 140
Trd, 4318396.243, 140
Trd, 4318396.393, 140
Trd, 4318398.593, 120
Trd, 4318398.693, 119
Trd, 4318398.943, 115
Trd, 4318399.543, 121
Trd, 4318399.993, 110
Trd, 4318400.093, 81
Trd, 4318400.443, 63
Trd, 4318400.993, 88
Trd, 4318402.243, 137
Trd, 4318403.043, 65
Trd, 4318404.143, 140
Trd, 4318404.943, 140
Trd, 4318405.543, 140
Trd, 4318406.593, 128
Trd, 4318407.693, 124
Trd, 4318408.593, 125
Trd, 4318409.193, 139
Trd, 4318409.443, 123
Trd, 4318410.493, 136
Trd, 4318410.993, 130
Trd, 4318412.443, 132
Trd, 4318413.693, 113
Trd, 4318413.843, 73
Trd, 4318414.743, 140
Trd, 4318414.993, 138
Trd, 4318415.343, 61
Trd, 4318416.143, 63
Trd, 4318416.843, 71
Trd, 4318417.643, 60
Trd, 4318418.393, 61
Trd, 4318418.593, 63
Trd, 4318419.693, 62
Trd, 4318420.393, 66
Trd, 4318421.293, 140
Trd, 4318421.993, 140
Trd, 4318422.093, 139
Trd, 4318422.493, 95
Trd, 4318422.543, 93
Trd, 4318422.743, 87
Trd, 4318424.043, 122
Trd, 4318424.393, 140
Trd, 4318426.193, 121
Trd, 4318426.993, 123
Trd, 4318427.593, 103
Trd, 4318427.793, 84
Trd, 4318428.293, 111
Trd, 4318428.743, 140
Trd, 4318429.693, 138
Trd, 4318430.393, 111
Trd, 4318430.743, 100
Trd, 4318430.943, 85
Trd, 4318433.143, 136
Trd, 4318433.993, 140
Trd, 4318434.293, 140
Trd, 4318434.343, 140
Trd, 4318435.593, 139
Trd, 4318436.543, 133
Trd, 4318436.593, 131
Trd, 4318437.743, 140
Trd, 4318438.093, 94
Trd, 4318438.343, 61
Trd, 4318439.143, 72
Trd, 4318440.143, 98
Trd, 4318441.243, 124
Trd, 4318441.393, 94
Trd, 4318442.293, 60
Trd, 4318444.843, 60
Trd, 4318444.943, 61
Trd, 4318445.493, 61
Trd, 4318446.293, 61
Trd, 4318446.893, 60
Trd, 4318446.943, 60
Trd, 4318447.293, 60
Trd, 4318447.993, 60
Trd, 4318448.543, 77
Trd, 4318450.293, 134
Trd, 4318450.343, 88
Trd, 4318450.993, 118
Trd, 4318451.643, 117
Trd, 4318452.043, 139
Trd, 4318452.093, 116
Trd, 4318454.293, 60
Trd, 4318454.543, 63
Trd, 4318454.593, 65
Trd, 4318454.693, 68
Trd, 4318457.443, 60
Trd, 4318458.143, 61
Trd, 4318458.793, 61
Trd, 4318459.143, 60
Trd, 4318459.343, 68
Trd, 4318460.593, 140
Trd, 4318460.743, 139
Trd, 4318460.993, 128
Trd, 4318462.143, 114
Trd, 4318463.593, 140
Trd, 4318464.543, 140
Trd, 4318464.943, 140
Trd, 4318465.443, 140
Trd, 4318465.743, 126
Trd, 4318466.893, 140
Trd, 4318467.443, 140
Trd, 4318468.343, 140
Trd, 4318468.993, 140
Trd, 4318470.793, 99
Trd, 4318472.193, 139
Trd, 4318472.893, 136
Trd, 4318474.793, 120
Trd, 4318475.043, 120
Trd, 4318475.443, 120
Trd, 4318475.893, 119
Trd, 4318476.293, 118
Trd, 4318477.493, 140
Trd, 4318477.793, 101
Trd, 4318478.093, 101
Trd, 4318479.543, 130
Trd, 4318480.243, 140
Trd, 4318481.593, 140
Trd, 4318482.443, 140
Trd, 4318483.043, 140
Trd, 4318483.693, 91
Trd, 4318484.843, 140
Trd, 4318485.043, 140
Trd, 4318485.093, 107
Trd, 4318485.193, 89
Trd, 4318486.293, 130
Trd, 4318486.343, 125
Trd, 4318487.293, 125
Trd, 4318489.243, 140
Trd, 4318489.343, 139
Trd, 4318489.843, 110
Trd, 4318489.993, 100
Trd, 4318491.593, 140
Trd, 4318493.343, 140
Trd, 4318494.393, 140
Trd, 4318495.143, 140
Trd, 4318495.843, 140
Trd, 4318496.243, 140
Trd, 4318496.593, 139
Trd, 4318497.443, 120
Trd, 4318497.743, 87
Trd, 4318498.643, 78
Trd, 4318499.743, 137
Trd, 4318500.043, 137
Trd, 4318500.993, 97
Trd, 4318501.393, 91
Trd, 4318502.693, 140
Trd, 4318503.193, 137
Trd, 4318503.493, 91
Trd, 4318504.143, 71
Trd, 4318505.543, 61
Trd, 4318506.043, 62
Trd, 4318506.593, 63
Trd, 4318507.143, 61
Trd, 4318507.643, 97
Trd, 4318508.043, 91
Trd, 4318509.543, 60
Trd, 4318510.243, 61
Trd, 4318510.443, 63
Trd, 4318511.743, 60
Trd, 4318512.793, 60
Trd, 4318512.893, 60
Trd, 4318513.293, 104
Trd, 4318514.393, 62
Trd, 4318515.743, 62
Trd, 4318516.493, 68
Trd, 4318516.993, 64
Trd, 4318517.593, 63
Trd, 4318518.143, 61
Trd, 4318518.743, 66
Trd, 4318519.343, 65
Trd, 4318519.493, 72
Trd, 4318520.543, 61
Trd, 4318522.093, 138
Trd, 4318522.743, 137
Trd, 4318524.143, 140
Trd, 4318524.243, 138
Trd, 4318524.293, 81
Trd, 4318524.693, 123
Trd, 4318525.343, 134
Trd, 4318525.693, 60
Trd, 4318526.743, 75
Trd, 4318527.043, 77
Trd, 4318528.043, 82
Trd, 4318529.143, 139
Trd, 4318529.893, 138
Trd, 4318530.693, 60
Trd, 4318530.943, 139
Trd, 4318531.843, 64
Trd, 4318532.043, 66
Trd, 4318532.643, 63
Trd, 4318534.943, 70
Trd, 4318535.043, 139
Trd, 4318536.193, 140
Trd, 4318536.893, 132
Trd, 4318537.493, 104
Trd, 4318538.193, 103
Trd, 4318538.293, 102
Trd, 4318541.193, 140
Trd, 4318541.343, 138
Trd, 4318541.393, 137
Trd, 4318541.543, 135
Trd, 4318542.343, 137
Trd, 4318542.543, 101
Trd, 4318543.193, 84
Trd, 4318544.193, 90
Trd, 4318544.543, 91
Trd, 4318544.893, 90
Trd, 4318544.943, 89
Trd, 4318545.793, 140
Trd, 4318546.343, 139
Trd, 4318547.843, 137
Trd, 4318548.693, 110
Trd, 4318549.343, 63
Trd, 4318549.893, 96
Trd, 4318550.393, 68
Trd, 4318552.193, 72
Trd, 4318552.393, 65
Trd, 4318553.193, 70
Trd, 4318554.643, 73
Trd, 4318555.293, 72
Trd, 4318556.443, 140
Trd, 4318557.293, 140
Trd, 4318557.943, 139
Trd, 4318558.143, 134
Trd, 4318558.643, 98
Trd, 4318559.743, 120
Trd, 4318560.093, 105
Trd, 4318561.193, 99
Trd, 4318561.293, 99
Trd, 4318562.293, 140
Trd, 4318563.193, 108
Trd, 4318565.143, 92
Trd, 4318565.593, 112
Trd, 4318566.093, 94
Trd, 4318566.343, 97
Trd, 4318566.493, 90
Trd, 4318566.743, 80
Trd, 4318567.043, 132
Trd, 4318567.643, 115
Trd, 4318568.343, 68
Trd, 4318568.843, 140
Trd, 4318569.593, 140
Trd, 4318570.393, 103
Trd, 4318571.393, 137
Trd, 4318571.443, 84
Trd, 4318573.643, 60
Trd, 4318574.093, 60
Trd, 4318574.443, 60
Trd, 4318574.743, 64
Trd, 4318575.093, 114
Trd, 4318575.643, 130
Trd, 4318576.543, 126
Trd, 4318577.093, 139
Trd, 4318577.843, 127
Trd, 4318578.843, 126
Trd, 4318579.543, 107
Trd, 4318580.593, 96
Trd, 4318581.043, 138
Trd, 4318581.693, 84
Trd, 4318582.993, 125
Trd, 4318583.293, 91
Trd, 4318583.893, 126
Trd, 4318583.993, 107
Trd, 4318584.043, 127
Trd, 4318584.493, 106
Trd, 4318585.143, 82
Trd, 4318586.243, 62
Trd, 4318586.943, 68
Trd, 4318587.243, 91
Trd, 4318587.693, 61
Trd, 4318588.093, 60
Trd, 4318588.743, 60
Trd, 4318589.743, 60
Trd, 4318590.143, 63
Trd, 4318590.993, 61
Trd, 4318591.243, 62
Trd, 4318593.143, 60
Trd, 4318593.793, 64
Trd, 4318594.493, 61
Trd, 4318595.143, 74
Trd, 4318595.193, 80
Trd, 4318596.393, 128
Trd, 4318597.593, 140
Trd, 4318597.943, 99
Trd, 4318598.443, 134
Trd, 4318598.543, 76
Trd, 4318598.893, 111
Trd, 4318600.093, 66
Trd, 4318600.143, 66
Trd, 4318600.293, 102
Trd, 4318600.993, 136
Trd, 4318601.943, 137
Trd, 4318602.543, 135
Trd, 4318603.393, 125
Trd, 4318604.043, 123
Trd, 4318605.543, 61
Trd, 4318605.643, 62
Trd, 4318605.843, 63
Trd, 4318605.943, 61
Trd, 4318606.293, 64
Trd, 4318606.843, 63
Trd, 4318607.293, 93
Trd, 4318609.943, 139
Trd, 4318610.243, 138
Trd, 4318611.393, 122
Trd, 4318611.543, 121
Trd, 4318612.293, 65
Trd, 4318612.793, 129
Trd, 4318613.393, 106
Trd, 4318615.043, 138
Trd, 4318616.143, 113
Trd, 4318617.243, 60
Trd, 4318617.393, 68
Trd, 4318617.693, 74
Trd, 4318618.993, 63
Trd, 4318619.443, 72
Trd, 4318620.343, 140
Trd, 4318620.943, 139
Trd, 4318621.243, 109
Trd, 4318621.543, 108
Trd, 4318622.243, 66
Trd, 4318622.343, 68
Trd, 4318623.093, 75
Trd, 4318623.643, 78
Trd, 4318623.793, 100
Trd, 4318624.493, 96
Trd, 4318624.793, 112
Trd, 4318626.793, 139
Trd, 4318627.543, 111
Trd, 4318628.543, 140
Trd, 4318629.343, 140
Trd, 4318629.893, 139
Trd, 4318630.293, 138
Trd, 4318631.143, 140
Trd, 4318631.593, 88
Trd, 4318632.143, 105
Trd, 4318632.693, 112
Trd, 4318634.443, 106
Trd, 4318635.393, 138
Trd, 4318635.993, 139
Trd, 4318636.843, 138
Trd, 4318637.193, 129
Trd, 4318637.243, 107
Trd, 4318638.343, 138
Trd, 4318639.393, 126
Trd, 4318640.143, 110
Trd, 4318641.493, 140
Trd, 4318643.193, 140
Trd, 4318643.643, 140
Trd, 4318644.643, 140
Trd, 4318645.343, 98
Trd, 4318645.843, 79
Trd, 4318646.593, 83
Trd, 4318646.743, 111
Trd, 4318646.793, 79
Trd, 4318647.143, 113
Trd, 4318647.893, 65
Trd, 4318648.593, 60
Trd, 4318650.293, 135
Trd, 4318650.643, 138
Trd, 4318652.043, 60
Trd, 4318652.343, 60
Trd, 4318654.493, 60
Trd, 4318654.843, 60
Trd, 4318654.893, 61
Trd, 4318655.643, 60
Trd, 4318656.193, 60
Trd, 4318656.443, 61
Trd, 4318656.493, 63
Trd, 4318658.043, 60
Trd, 4318658.293, 60
Trd, 4318658.343, 61
Trd, 4318659.593, 60
Trd, 4318660.793, 64
Trd, 4318661.193, 64
Trd, 4318661.593, 67
Trd, 4318662.193, 63
Trd, 4318662.843, 60
Trd, 4318663.893, 60
Trd, 4318664.143, 62
Trd, 4318664.493, 60
Trd, 4318664.943, 63
Trd, 4318666.843, 60
Trd, 4318667.043, 60
Trd, 4318667.193, 71
Trd, 4318667.593, 62
Trd, 4318668.343, 60
Trd, 4318668.443, 62
Trd, 4318669.443, 64
Trd, 4318669.843, 67
Trd, 4318671.093, 140
Trd, 4318671.393, 102
Trd, 4318672.543, 63
Trd, 4318673.593, 66
Trd, 4318674.493, 66
Trd, 4318674.643, 68
Trd, 4318674.693, 65
Trd, 4318675.043, 64
Trd, 4318675.093, 61
Trd, 4318676.443, 68
Trd, 4318677.793, 140
Trd, 4318677.993, 63
Trd, 4318679.343, 62
Trd, 4318679.843, 64
Trd, 4318679.993, 65
Trd, 4318680.443, 61
Trd, 4318681.143, 60
Trd, 4318683.143, 122
Trd, 4318684.593, 140
Trd, 4318684.743, 140
Trd, 4318684.993, 140
Trd, 4318685.643, 139
Trd, 4318686.793, 137
Trd, 4318687.293, 139
Trd, 4318688.193, 110
Trd, 4318688.943, 110
Trd, 4318689.493, 60
Trd, 4318689.693, 61
Trd, 4318689.993, 115
Trd, 4318690.293, 114
Trd, 4318690.543, 88
Trd, 4318690.593, 73
Trd, 4318691.493, 128
Trd, 4318693.093, 62
Trd, 4318693.993, 61
Trd, 4318694.193, 65
Trd, 4318694.643, 62
Trd, 4318694.693, 66
Trd, 4318695.093, 138
Trd, 4318697.243, 74
Trd, 4318698.143, 75
Trd, 4318698.343, 74
Trd, 4318698.843, 139
Trd, 4318699.543, 137
Trd, 4318700.093, 136
Trd, 4318700.743, 86
Trd, 4318701.493, 140
Trd, 4318701.793, 140
Trd, 4318702.693, 138
Trd, 4318704.193, 140
Trd, 4318704.293, 139
Trd, 4318705.593, 137
Trd, 4318705.843, 135
Trd, 4318706.743, 137
Trd, 4318707.643, 123
Trd, 4318708.793, 132
Trd, 4318710.143, 119
Trd, 4318710.393, 103
Trd, 4318711.293, 106
Trd, 4318712.443, 140
Trd, 4318712.643, 139
Trd, 4318713.243, 140
Trd, 4318713.343, 125
Trd, 4318713.593, 140
Trd, 4318714.043, 139
Trd, 4318715.593, 131
Trd, 4318716.293, 123
Trd, 4318717.243, 60
Trd, 4318717.393, 60
Trd, 4318718.493, 60
Trd, 4318718.943, 61
Trd, 4318719.843, 140
Trd, 4318720.593, 140
Trd, 4318723.093, 140
Trd, 4318723.143, 140
Trd, 4318725.043, 140
Trd, 4318725.093, 140
Trd, 4318725.493, 140
Trd, 4318726.343, 86
Trd, 4318728.293, 140
Trd, 4318728.443, 140
Trd, 4318728.593, 139
Trd, 4318728.643, 138
Trd, 4318729.393, 121
Trd, 4318730.543, 129
Trd, 4318731.043, 92
Trd, 4318732.393, 127
Trd, 4318733.193, 107
Trd, 4318734.143, 140
Trd, 4318734.343, 140
Trd, 4318735.643, 140
Trd, 4318735.993, 140
Trd, 4318737.093, 140
Trd, 4318739.393, 140
Trd, 4318739.693, 140
Trd, 4318740.143, 140
Trd, 4318740.243, 121
Trd, 4318741.143, 121
Trd, 4318741.293, 72
Trd, 4318741.793, 98
Trd, 4318742.143, 119
Trd, 4318743.393, 111
Trd, 4318744.193, 138
Trd, 4318745.693, 139
Trd, 4318745.893, 118
Trd, 4318745.993, 116
Trd, 4318747.193, 139
Trd, 4318747.293, 106
Trd, 4318748.743, 140
Trd, 4318749.093, 140
Trd, 4318750.093, 102
Trd, 4318750.143, 98
Trd, 4318751.043, 61
Trd, 4318752.193, 82
Trd, 4318752.443, 61
Trd, 4318753.643, 139
Trd, 4318754.093, 111
Trd, 4318754.743, 140
Trd, 4318755.143, 139
Trd, 4318755.643, 120
Trd, 4318756.243, 88
Trd, 4318758.143, 140
Trd, 4318758.343, 140
Trd, 4318758.593, 60
Trd, 4318760.493, 101
Trd, 4318760.793, 100
Trd, 4318761.143, 91
Trd, 4318762.143, 140
Trd, 4318762.193, 96
Trd, 4318762.943, 133
Trd, 4318764.243, 125
Trd, 4318765.693, 128
Trd, 4318766.043, 127
Trd, 4318766.993, 124
Trd, 4318767.293, 138
Trd, 4318767.593, 138
Trd, 4318769.593, 140
Trd, 4318769.793, 118
Trd, 4318769.993, 117
Trd, 4318771.643, 118
Trd, 4318771.693, 114
Trd, 4318771.943, 76
Trd, 4318773.993, 111
Trd, 4318774.293, 140
Trd, 4318774.893, 138
Trd, 4318775.843, 136
Trd, 4318776.643, 122
Trd, 4318777.543, 114
Trd, 4318779.243, 140
Trd, 4318779.343, 140
Trd, 4318779.593, 130
Trd, 4318779.993, 116
Trd, 4318780.943, 109
Trd, 4318781.243, 106
Trd, 4318782.693, 140
Trd, 4318783.543, 140
Trd, 4318784.543, 140
Trd, 4318785.293, 140
Trd, 4318785.493, 140
Trd, 4318785.943, 137
Trd, 4318787.393, 85
Trd, 4318788.243, 137
Trd, 4318788.393, 136
Trd, 4318790.393, 78
Trd, 4318790.493, 70
Trd, 4318790.943, 83
Trd, 4318791.043, 136
Trd, 4318792.243, 60
Trd, 4318793.443, 140
Trd, 4318793.843, 78
Trd, 4318794.193, 61
Trd, 4318796.143, 65
Trd, 4318796.443, 73
Trd, 4318797.293, 61
Trd, 4318797.993, 60
Trd, 4318799.043, 62
Trd, 4318799.993, 66
Trd, 4318800.643, 82
Trd, 4318801.493, 84
Trd, 4318801.543, 103
Trd, 4318802.043, 75
Trd, 4318803.043, 100
Trd, 4318804.843, 109
Trd, 4318805.043, 108
Trd, 4318805.243, 103
Trd, 4318806.143, 72
Trd, 4318807.143, 138
Trd, 4318807.243, 140
Trd, 4318808.193, 66
Trd, 4318808.393, 134
Trd, 4318809.293, 138
Trd, 4318811.643, 140
Trd, 4318812.443, 140
Trd, 4318812.743, 140
Trd, 4318812.893, 138
Trd, 4318813.143, 128
Trd, 4318813.693, 138
Trd, 4318814.743, 116
Trd, 4318815.093, 138
Trd, 4318816.593, 108
Trd, 4318816.693, 107
Trd, 4318817.193, 60
Trd, 4318817.493, 61
Trd, 4318818.493, 62
Trd, 4318818.893, 99
Trd, 4318819.543, 140
Trd, 4318819.643, 140
Trd, 4318819.993, 133
Trd, 4318820.943, 137
Trd, 4318821.493, 127
Trd, 4318821.893, 126
Trd, 4318822.743, 126
Trd, 4318824.043, 134
Trd, 4318825.093, 139
Trd, 4318825.393, 139
Trd, 4318825.893, 72
Trd, 4318826.043, 94
Trd, 4318826.343, 70
Trd, 4318827.143, 95
Trd, 4318828.743, 140
Trd, 4318828.843, 132
Trd, 4318828.893, 81
Trd, 4318830.593, 60
Trd, 4318831.193, 65
Trd, 4318831.293, 65
Trd, 4318831.743, 64
Trd, 4318833.043, 70
Trd, 4318833.993, 70
Trd, 4318834.193, 71
Trd, 4318835.043, 60
Trd, 4318837.193, 60
Trd, 4318837.293, 60
Trd, 4318837.693, 61
Trd, 4318837.993, 62
Trd, 4318838.643, 60
Trd, 4318839.443, 60
Trd, 4318840.293, 62
Trd, 4318841.743, 60
Trd, 4318841.893, 60
Trd, 4318844.293, 60
Trd, 4318844.593, 61
Trd, 4318844.693, 62
Trd, 4318844.793, 62
Trd, 4318845.243, 62
Trd, 4318845.693, 62
Trd, 4318845.743, 63
Trd, 4318847.893, 140
Trd, 4318848.993, 140
Trd, 4318849.043, 140
Trd, 4318849.243, 93
Trd, 4318852.043, 138
Trd, 4318852.193, 122
Trd, 4318852.443, 88
Trd, 4318853.243, 113
Trd, 4318853.643, 90
Trd, 4318854.343, 123
Trd, 4318854.543, 90
Trd, 4318854.643, 81
Trd, 4318854.743, 79
Trd, 4318857.143, 140
Trd, 4318857.193, 139
Trd, 4318858.343, 136
Trd, 4318859.943, 101
Trd, 4318859.993, 136
Trd, 4318860.343, 60
Trd, 4318862.243, 110
Trd, 4318862.693, 109
Trd, 4318863.243, 110
Trd, 4318863.593, 106
Trd, 4318864.143, 95
Trd, 4318865.293, 105
Trd, 4318866.943, 138
Trd, 4318866.993, 133
Trd, 4318868.643, 140
Trd, 4318868.693, 140
Trd, 4318869.243, 133
Trd, 4318869.643, 103
Trd, 4318870.393, 140
Trd, 4318871.593, 140
Trd, 4318871.793, 140
Trd, 4318871.943, 140
Trd, 4318872.043, 134
Trd, 4318873.393, 139
Trd, 4318874.193, 91
Trd, 4318874.443, 125
Trd, 4318874.843, 100
Trd, 4318875.493, 115
Trd, 4318875.993, 139
Trd, 4318877.693, 140
Trd, 4318877.993, 140
Trd, 4318878.293, 140
Trd, 4318878.593, 106
Trd, 4318879.393, 94
Trd, 4318879.943, 138
Trd, 4318881.043, 139
Trd, 4318881.843, 88
Trd, 4318883.593, 94
Trd, 4318883.943, 123
Trd, 4318884.693, 95
Trd, 4318885.193, 94
Trd, 4318886.043, 139
Trd, 4318887.843, 140
Trd, 4318887.893, 140
Trd, 4318888.893, 140
Trd, 4318888.943, 140
Trd, 4318889.343, 127
Trd, 4318890.143, 110
Trd, 4318890.643, 109
Trd, 4318892.093, 117
Trd, 4318892.843, 82
Trd, 4318893.443, 97
Trd, 4318893.993, 62
Trd, 4318894.843, 139
Trd, 4318896.143, 139
Trd, 4318896.843, 134
Trd, 4318898.193, 140
Trd, 4318898.393, 140
Trd, 4318898.843, 138
Trd, 4318899.293, 116
Trd, 4318900.443, 87
Trd, 4318900.493, 86
Trd, 4318901.143, 140
Trd, 4318901.493, 140
Trd, 4318902.043, 140
Trd, 4318903.943, 96
Trd, 4318904.093, 87
Trd, 4318904.393, 98
Trd, 4318906.443, 80
Trd, 4318906.593, 64
Trd, 4318907.143, 62
Trd, 4318907.943, 63
Trd, 4318908.743, 61
Trd, 4318908.893, 62
Trd, 4318909.393, 62
Trd, 4318909.943, 66
Trd, 4318910.193, 63
Trd, 4318910.493, 63
Trd, 4318911.743, 63
Trd, 4318913.993, 90
Trd, 4318914.343, 62
Trd, 4318914.943, 68
Trd, 4318915.543, 60
Trd, 4318916.043, 60
Trd, 4318916.293, 80
Trd, 4318916.593, 62
Trd, 4318918.993, 60
Trd, 4318919.043, 60
Trd, 4318919.543, 61
Trd, 4318920.343, 60
Trd, 4318920.493, 61
Trd, 4318921.043, 61
Trd, 4318921.543, 62
Trd, 4318922.193, 116
Trd, 4318922.693, 61
Trd, 4318923.993, 61
Trd, 4318924.593, 69
Trd, 4318926.043, 60
Trd, 4318926.143, 68
Trd, 4318926.793, 91
Trd, 4318927.043, 90
Trd, 4318927.143, 90
Trd, 4318927.593, 89
Trd, 4318928.743, 139
Trd, 4318930.893, 122
Trd, 4318930.993, 98
Trd, 4318932.693, 92
Trd, 4318932.743, 91
Trd, 4318933.393, 140
Trd, 4318933.843, 101
Trd, 4318934.243, 90
Trd, 4318935.143, 115
Trd, 4318937.793, 138
Trd, 4318938.093, 137
Trd, 4318938.843, 139
Trd, 4318938.893, 138
Trd, 4318940.043, 118
Trd, 4318941.043, 140
Trd, 4318941.543, 139
Trd, 4318941.743, 116
Trd, 4318942.743, 135
Trd, 4318943.443, 79
Trd, 4318943.743, 140
Trd, 4318944.743, 97
Trd, 4318945.793, 60
Trd, 4318945.943, 61
Trd, 4318946.443, 102
Trd, 4318946.743, 112
Trd, 4318947.893, 140
Trd, 4318949.043, 100
Trd, 4318949.193, 61
Trd, 4318949.593, 66
Trd, 4318950.443, 139
Trd, 4318951.393, 91
Trd, 4318951.443, 90
Trd, 4318952.243, 140
Trd, 4318952.843, 68
Trd, 4318953.293, 103
Trd, 4318954.043, 140
Trd, 4318955.843, 113
Trd, 4318955.943, 112
Trd, 4318958.543, 138
Trd, 4318958.643, 87
Trd, 4318959.243, 140
Trd, 4318959.293, 103
Trd, 4318959.543, 106
Trd, 4318961.193, 66
Trd, 4318961.493, 70
Trd, 4318961.993, 70
Trd, 4318963.043, 95
Trd, 4318964.143, 94
Trd, 4318964.393, 140
Trd, 4318965.243, 137
Trd, 4318965.293, 97
Trd, 4318965.643, 96
Trd, 4318966.543, 135
Trd, 4318967.543, 140
Trd, 4318967.743, 140
Trd, 4318968.243, 63
Trd, 4318968.393, 66
Trd, 4318970.093, 68
Trd, 4318972.293, 140
Trd, 4318972.443, 140
Trd, 4318972.493, 106
Trd, 4318973.293, 105
Trd, 4318973.643, 137
Trd, 4318974.343, 77
Trd, 4318974.643, 68
Trd, 4318975.693, 129
Trd, 4318975.793, 126
Trd, 4318977.593, 138
Trd, 4318978.643, 132
Trd, 4318978.743, 131
Trd, 4318978.893, 104
Trd, 4318980.793, 140
Trd, 4318980.943, 137
Trd, 4318982.693, 140
Trd, 4318983.443, 137
Trd, 4318984.193, 67
Trd, 4318984.493, 69
Trd, 4318984.943, 64
Trd, 4318985.993, 88
Trd, 4318986.443, 60
Trd, 4318986.543, 61
Trd, 4318986.643, 64
Trd, 4318987.193, 63
Trd, 4318988.443, 62
Trd, 4318989.693, 64
Trd, 4318990.643, 60
Trd, 4318990.893, 60
Trd, 4318992.093, 61
Trd, 4318992.743, 64
Trd, 4318992.793, 80
Trd, 4318995.443, 60
Trd, 4318995.493, 61
Trd, 4318996.393, 63
Trd, 4318996.943, 82
Trd, 4318997.143, 61
Trd, 4318998.193, 65
Trd, 4318999.143, 140
Trd, 4319000.193, 72
Trd, 4319001.543, 92
Trd, 4319001.593, 139
Trd, 4319001.743, 114
Trd, 4319002.343, 120
Trd, 4319002.443, 139
Trd, 4319003.343, 60
Trd, 4319004.093, 61
Trd, 4319004.143, 68
Trd, 4319004.943, 140
Trd, 4319005.093, 97
Trd, 4319006.443, 62
Trd, 4319007.443, 64
Trd, 4319009.393, 63
Trd, 4319009.593, 64
Trd, 4319010.643, 61
Trd, 4319010.993, 115
Trd, 4319012.793, 140
Trd, 4319014.143, 140
Trd, 4319014.643, 140
Trd, 4319015.043, 140
Trd, 4319015.093, 140
Trd, 4319015.443, 140
Trd, 4319016.793, 139
Trd, 4319017.043, 136
Trd, 4319018.593, 118
Trd, 4319019.593, 117
Trd, 4319019.943, 116
Trd, 4319019.993, 118
Trd, 4319020.243, 62
Trd, 4319021.193, 60
Trd, 4319021.943, 68
Trd, 4319022.343, 60
Trd, 4319023.143, 106
Trd, 4319023.643, 138
Trd, 4319023.893, 124
Trd, 4319024.143, 87
Trd, 4319026.043, 139
Trd, 4319026.393, 60
Trd, 4319026.793, 60
Trd, 4319027.743, 60
Trd, 4319028.093, 60
Trd, 4319029.193, 61
Trd, 4319029.543, 66
Trd, 4319031.693, 60
Trd, 4319032.093, 60
Trd, 4319033.093, 60
Trd, 4319034.543, 62
Trd, 4319035.293, 61
Trd, 4319036.243, 60
Trd, 4319036.293, 61
Trd, 4319036.643, 61
Trd, 4319036.893, 62
Trd, 4319037.293, 65
Trd, 4319038.193, 66
Trd, 4319038.493, 69
Trd, 4319038.743, 63
Trd, 4319039.243, 60
Trd, 4319039.343, 72
Trd, 4319039.893, 82
Trd, 4319040.993, 133
Trd, 4319042.093, 140
Trd, 4319042.893, 63
Trd, 4319043.643, 61
Trd, 4319043.743, 64
Trd, 4319043.893, 64
Trd, 4319045.393, 140
Trd, 4319045.643, 140
Trd, 4319047.193, 140
Trd, 4319047.393, 140
Trd, 4319047.443, 89
Trd, 4319047.793, 87
Trd, 4319049.043, 111
Trd, 4319049.343, 111
Trd, 4319050.243, 122
Trd, 4319050.993, 80
Trd, 4319051.743, 82
Trd, 4319053.243, 140
Trd, 4319053.443, 140
Trd, 4319055.293, 140
Trd, 4319055.793, 140
Trd, 4319057.243, 140
Trd, 4319058.443, 140
Trd, 4319058.543, 140
Trd, 4319058.793, 104
Trd, 4319059.243, 135
Trd, 4319059.293, 89
Trd, 4319059.343, 136
Trd, 4319060.793, 140
Trd, 4319062.643, 97
Trd, 4319062.943, 135
Trd, 4319064.043, 62
Trd, 4319064.343, 65
Trd, 4319065.343, 63
Trd, 4319065.393, 62
Trd, 4319066.243, 124
Trd, 4319066.343, 138
Trd, 4319067.893, 140
Trd, 4319068.243, 140
Trd, 4319069.493, 139
Trd, 4319069.993, 95
Trd, 4319070.093, 90
Trd, 4319072.293, 140
Trd, 4319072.543, 140
Trd, 4319073.493, 140
Trd, 4319073.893, 140
Trd, 4319073.993, 138
Trd, 4319075.893, 140
Trd, 4319076.343, 129
Trd, 4319076.393, 127
Trd, 4319077.743, 120
Trd, 4319078.843, 121
Trd, 4319079.043, 101
Trd, 4319079.343, 71
Trd, 4319079.643, 62
Trd, 4319081.193, 140
Trd, 4319081.343, 140
Trd, 4319081.943, 140
Trd, 4319082.293, 140
Trd, 4319082.643, 140
Trd, 4319084.293, 134
Trd, 4319084.393, 93
Trd, 4319086.093, 139
Trd, 4319086.293, 140
Trd, 4319086.393, 138
Trd, 4319087.793, 140
Trd, 4319088.143, 105
Trd, 4319090.043, 140
Trd, 4319090.093, 129
Trd, 4319091.093, 108
Trd, 4319091.493, 135
Trd, 4319091.793, 110
Trd, 4319093.393, 111
Trd, 4319093.693, 88
Trd, 4319093.943, 86
Trd, 4319094.593, 119
Trd, 4319095.343, 60
Trd, 4319095.593, 61
Trd, 4319095.793, 61
Trd, 4319096.043, 67
Trd, 4319098.093, 61
Trd, 4319099.843, 60
Trd, 4319100.043, 69
Trd, 4319100.893, 61
Trd, 4319101.643, 61
Trd, 4319101.693, 62
Trd, 4319102.243, 60
Trd, 4319102.443, 60
Trd, 4319104.243, 60
Trd, 4319105.793, 140
Trd, 4319106.193, 140
Trd, 4319106.843, 140
Trd, 4319107.693, 139
Trd, 4319108.143, 131
Trd, 4319108.893, 125
Trd, 4319109.043, 123
Trd, 4319109.093, 86
Trd, 4319111.693, 140
Trd, 4319111.943, 140
Trd, 4319112.193, 139
Trd, 4319112.693, 63
Trd, 4319113.593, 129
Trd, 4319114.043, 134
Trd, 4319114.843, 137
Trd, 4319115.093, 103
Trd, 4319116.893, 97
Trd, 4319117.793, 138
Trd, 4319117.993, 73
Trd, 4319118.393, 100
Trd, 4319119.493, 60
Trd, 4319119.943, 61
Trd, 4319120.643, 60
Trd, 4319121.843, 63
Trd, 4319122.293, 64
Trd, 4319122.843, 73
Trd, 4319123.293, 93
Trd, 4319123.743, 62
Trd, 4319124.993, 140
Trd, 4319125.843, 140
Trd, 4319126.093, 140
Trd, 4319126.143, 140
Trd, 4319127.343, 140
Trd, 4319128.593, 140
Trd, 4319129.543, 140
Trd, 4319130.193, 70
Trd, 4319131.043, 140
Trd, 4319131.293, 129
Trd, 4319131.543, 85
Trd, 4319133.193, 124
Trd, 4319134.693, 117
Trd, 4319135.093, 115
Trd, 4319135.393, 117
Trd, 4319135.743, 119
Trd, 4319136.243, 104
Trd, 4319137.093, 99
Trd, 4319138.193, 94
Trd, 4319138.443, 92
Trd, 4319138.543, 81
Trd, 4319139.293, 60
Trd, 4319140.693, 60
Trd, 4319141.593, 64
Trd, 4319142.843, 62
Trd, 4319143.293, 64
Trd, 4319144.493, 61
Trd, 4319144.843, 64
Trd, 4319145.093, 139
Trd, 4319146.093, 60
Trd, 4319146.343, 60
Trd, 4319146.993, 60
Trd, 4319147.343, 61
Trd, 4319147.843, 77
Trd, 4319147.943, 83
Trd, 4319149.593, 108
Trd, 4319150.093, 112
Trd, 4319150.993, 134
Trd, 4319151.793, 140
Trd, 4319152.443, 140
Trd, 4319152.593, 140
Trd, 4319153.193, 139
Trd, 4319154.393, 61
Trd, 4319154.493, 61
Trd, 4319155.693, 61
Trd, 4319155.793, 62
Trd, 4319156.143, 63
Trd, 4319157.043, 60
Trd, 4319157.943, 61
Trd, 4319160.093, 60
Trd, 4319160.643, 61
Trd, 4319161.143, 60
Trd, 4319162.393, 60
Trd, 4319162.693, 60
Trd, 4319163.093, 62
Trd, 4319163.443, 66
Trd, 4319163.643, 103
Trd, 4319164.243, 61
Trd, 4319164.593, 140
Trd, 4319166.143, 126
Trd, 4319166.293, 137
Trd, 4319166.893, 127
Trd, 4319167.493, 126
Trd, 4319167.543, 106
Trd, 4319168.243, 93
Trd, 4319169.493, 140
Trd, 4319170.243, 138
Trd, 4319170.893, 139
Trd, 4319171.193, 138
Trd, 4319172.793, 67
Trd, 4319173.193, 118
Trd, 4319173.493, 71
Trd, 4319174.243, 62
Trd, 4319174.543, 116
Trd, 4319176.293, 60
Trd, 4319176.943, 60
Trd, 4319177.043, 60
Trd, 4319177.143, 61
Trd, 4319178.893, 140
Trd, 4319178.943, 139
Trd, 4319179.643, 114
Trd, 4319180.343, 76
Trd, 4319181.543, 72
Trd, 4319181.843, 64
Trd, 4319182.843, 140
Trd, 4319183.193, 139
Trd, 4319184.043, 140
Trd, 4319184.893, 140
Trd, 4319185.143, 105
Trd, 4319185.393, 75
Trd, 4319185.993, 140
Trd, 4319186.643, 140
Trd, 4319188.943, 140
Trd, 4319190.043, 140
Trd, 4319191.193, 140
Trd, 4319191.593, 140
Trd, 4319193.093, 139
Trd, 4319193.893, 139
Trd, 4319194.793, 121
Trd, 4319194.843, 120
Trd, 4319195.943, 112
Trd, 4319196.143, 128
Trd, 4319196.693, 124
Trd, 4319197.343, 84
Trd, 4319197.593, 140
Trd, 4319198.393, 109
Trd, 4319198.643, 88
Trd, 4319199.293, 88
Trd, 4319199.643, 89
Trd, 4319200.243, 140
Trd, 4319201.993, 140
Trd, 4319202.243, 134
Trd, 4319202.493, 89
Trd, 4319204.043, 60
Trd, 4319204.093, 60
Trd, 4319204.743, 63
Trd, 4319205.193, 64
Trd, 4319205.843, 66
Trd, 4319206.193, 66
Trd, 4319206.743, 69
Trd, 4319206.893, 82
Trd, 4319207.493, 139
Trd, 4319208.093, 71
Trd, 4319209.043, 124
Trd, 4319211.443, 140
Trd, 4319212.043, 140
Trd, 4319212.643, 140
Trd, 4319212.693, 140
Trd, 4319212.843, 130
Trd, 4319213.943, 67
Trd, 4319215.043, 61
Trd, 4319215.343, 61
Trd, 4319216.143, 60
Trd, 4319216.243, 60
Trd, 4319216.393, 67
Trd, 4319216.893, 77
Trd, 4319219.093, 61
Trd, 4319219.443, 61
Trd, 4319219.743, 62
Trd, 4319220.293, 62
Trd, 4319220.493, 67
Trd, 4319222.343, 60
Trd, 4319223.343, 60
Trd, 4319223.543, 60
Trd, 4319224.143, 78
Trd, 4319224.193, 76
Trd, 4319224.793, 62
Trd, 4319225.493, 80
Trd, 4319226.593, 60
Trd, 4319227.443, 60
Trd, 4319227.493, 60
Trd, 4319227.593, 61
Trd, 4319227.893, 90
Trd, 4319229.093, 60
Trd, 4319229.793, 62
Trd, 4319230.143, 73
Trd, 4319230.893, 94
Trd, 4319231.643, 87
Trd, 4319232.743, 74
Trd, 4319233.043, 137
Trd, 4319234.193, 80
Trd, 4319234.543, 140
Trd, 4319235.843, 116
Trd, 4319236.193, 94
Trd, 4319237.143, 125
Trd, 4319237.293, 124
Trd, 4319239.493, 140
Trd, 4319240.143, 140
Trd, 4319241.543, 140
Trd, 4319242.193, 138
Trd, 4319243.893, 140
Trd, 4319244.243, 140
Trd, 4319244.393, 139
Trd, 4319245.543, 60
Trd, 4319246.343, 60
Trd, 4319246.443, 60
Trd, 4319246.793, 62
Trd, 4319246.893, 62
Trd, 4319247.343, 66
Trd, 4319248.243, 104
Trd, 4319248.293, 80
Trd, 4319248.943, 60
Trd, 4319249.793, 60
Trd, 4319250.993, 61
Trd, 4319252.193, 66
Trd, 4319254.293, 61
Trd, 4319254.893, 61
Trd, 4319255.143, 61
Trd, 4319255.793, 66
Trd, 4319256.143, 64
Trd, 4319256.193, 66
Trd, 4319256.943, 61
Trd, 4319257.143, 83
Trd, 4319258.243, 108
Trd, 4319259.493, 60
Trd, 4319259.943, 60
Trd, 4319260.043, 67
Trd, 4319260.393, 75
Trd, 4319261.943, 140
Trd, 4319262.193, 139
Trd, 4319262.693, 101
Trd, 4319263.193, 92
Trd, 4319263.743, 91
Trd, 4319263.843, 130
Trd, 4319265.293, 65
Trd, 4319265.493, 68
Trd, 4319266.743, 63
Trd, 4319267.043, 65
Trd, 4319267.093, 62
Trd, 4319267.693, 111
Trd, 4319269.143, 60
Trd, 4319270.743, 65
Trd, 4319270.843, 69
Trd, 4319271.093, 76
Trd, 4319271.143, 77
Trd, 4319271.893, 60
Trd, 4319273.193, 60
Trd, 4319273.443, 62
Trd, 4319274.593, 65
Trd, 4319274.743, 66
Trd, 4319275.343, 63
Trd, 4319276.293, 63
Trd, 4319276.543, 67
Trd, 4319276.893, 100
Trd, 4319277.043, 74
Trd, 4319277.643, 71
Trd, 4319278.943, 61
Trd, 4319279.293, 61
Trd, 4319281.443, 60
Trd, 4319282.593, 60
Trd, 4319284.243, 60
Trd, 4319284.293, 61
Trd, 4319284.593, 61
Trd, 4319285.043, 61
Trd, 4319285.593, 63
Trd, 4319285.643, 61
Trd, 4319285.793, 64
Trd, 4319286.543, 62
Trd, 4319287.793, 60
Trd, 4319288.143, 61
Trd, 4319288.493, 65
Trd, 4319288.793, 67
Trd, 4319289.293, 114
Trd, 4319289.993, 139
Trd, 4319290.743, 139
Trd, 4319291.293, 85
Trd, 4319292.893, 120
Trd, 4319293.143, 118
Trd, 4319293.393, 118
Trd, 4319294.843, 140
Trd, 4319294.893, 139
Trd, 4319295.743, 61
Trd, 4319296.193, 111
Trd, 4319296.643, 64
Trd, 4319296.693, 65
Trd, 4319297.593, 63
Trd, 4319298.343, 119
Trd, 4319298.393, 118
Trd, 4319300.393, 65
Trd, 4319301.593, 93
Trd, 4319302.343, 62
Trd, 4319302.543, 61
Trd, 4319302.743, 63
Trd, 4319303.143, 62
Trd, 4319303.493, 62
Trd, 4319303.643, 62
Trd, 4319304.443, 67
Trd, 4319304.943, 61
Trd, 4319305.243, 63
Trd, 4319306.493, 75
Trd, 4319307.143, 138
Trd, 4319308.993, 127
Trd, 4319309.093, 102
Trd, 4319309.693, 75
Trd, 4319311.043, 75
Trd, 4319311.643, 67
Trd, 4319312.193, 60
Trd, 4319312.993, 61
Trd, 4319313.543, 62
Trd, 4319313.693, 82
Trd, 4319314.793, 64
Trd, 4319315.793, 113
Trd, 4319316.293, 70
Trd, 4319317.343, 139
Trd, 4319318.043, 139
Trd, 4319319.543, 94
Trd, 4319319.943, 127
Trd, 4319320.293, 88
Trd, 4319322.293, 94
Trd, 4319322.943, 126
Trd, 4319323.593, 140
Trd, 4319324.293, 116
Trd, 4319324.393, 91
Trd, 4319325.043, 98
Trd, 4319326.443, 78
Trd, 4319326.593, 113
Trd, 4319327.443, 140
Trd, 4319327.793, 140
Trd, 4319328.693, 94
Trd, 4319328.943, 91
Trd, 4319329.843, 131
Trd, 4319331.543, 60
Trd, 4319331.643, 61
Trd, 4319332.443, 65
Trd, 4319332.543, 130
Trd, 4319333.643, 128
Trd, 4319334.493, 128
Trd, 4319334.643, 130
Trd, 4319335.093, 107
Trd, 4319335.193, 86
Trd, 4319335.693, 117
Trd, 4319336.393, 81
Trd, 4319336.843, 140
Trd, 4319337.293, 82
Trd, 4319338.393, 128
Trd, 4319339.393, 126
Trd, 4319339.693, 121
Trd, 4319339.793, 134
Trd, 4319340.293, 82
Trd, 4319341.093, 126
Trd, 4319342.743, 140
Trd, 4319343.493, 140
Trd, 4319344.593, 140
Trd, 4319345.343, 140
Trd, 4319346.143, 139
Trd, 4319347.143, 138
Trd, 4319347.393, 106
Trd, 4319347.643, 101
Trd, 4319349.293, 67
Trd, 4319350.643, 66
Trd, 4319351.093, 70
Trd, 4319351.493, 60
Trd, 4319352.793, 60
Trd, 4319352.943, 60
Trd, 4319353.243, 61
Trd, 4319353.443, 63
Trd, 4319353.493, 64
Trd, 4319355.093, 61
Trd, 4319357.193, 60
Trd, 4319357.243, 65
Trd, 4319357.593, 64
Trd, 4319357.743, 67
Trd, 4319357.793, 66
Trd, 4319358.743, 60
Trd, 4319360.943, 60
Trd, 4319361.843, 60
Trd, 4319362.093, 60
Trd, 4319362.293, 60
Trd, 4319362.643, 61
Trd, 4319362.843, 63
Trd, 4319363.093, 67
Trd, 4319363.793, 140
Trd, 4319364.293, 61
Trd, 4319364.943, 81
Trd, 4319365.693, 91
Trd, 4319366.343, 94
Trd, 4319367.593, 140
Trd, 4319369.093, 140
Trd, 4319369.143, 109
Trd, 4319370.143, 139
Trd, 4319370.393, 129
Trd, 4319372.193, 105
Trd, 4319372.243, 103
Trd, 4319372.943, 115
Trd, 4319373.393, 140
Trd, 4319374.493, 140
Trd, 4319375.843, 140
Trd, 4319375.893, 140
Trd, 4319377.543, 132
Trd, 4319377.993, 93
Trd, 4319378.743, 73
Trd, 4319379.943, 61
Trd, 4319380.843, 63
Trd, 4319380.893, 70
Trd, 4319381.193, 67
Trd, 4319382.093, 140
Trd, 4319382.693, 140
Trd, 4319382.893, 140
Trd, 4319383.093, 138
Trd, 4319383.793, 115
Trd, 4319384.793, 116
Trd, 4319386.243, 66
Trd, 4319386.593, 73
Trd, 4319386.693, 74
Trd, 4319387.643, 124
Trd, 4319388.493, 126
Trd, 4319389.593, 140
Trd, 4319390.993, 140
Trd, 4319391.293, 127
Trd, 4319391.843, 132
Trd, 4319392.193, 140
Trd, 4319392.543, 139
Trd, 4319392.943, 121
Trd, 4319393.643, 117
Trd, 4319394.693, 72
Trd, 4319396.943, 140
Trd, 4319397.493, 139
Trd, 4319397.593, 138
Trd, 4319398.193, 90
Trd, 4319398.693, 93
Trd, 4319399.743, 116
Trd, 4319400.393, 118
Trd, 4319401.893, 81
Trd, 4319402.043, 135
Trd, 4319402.593, 89
Trd, 4319403.193, 96
Trd, 4319403.343, 131
Trd, 4319403.943, 109
Trd, 4319404.893, 139
Trd, 4319405.243, 109
Trd, 4319405.443, 110
Trd, 4319406.193, 110
Trd, 4319408.343, 140
Trd, 4319408.393, 95
Trd, 4319408.643, 138
Trd, 4319409.543, 131
Trd, 4319410.343, 103
Trd, 4319411.043, 140
Trd, 4319411.343, 139
Trd, 4319411.893, 60
Trd, 4319412.743, 62
Trd, 4319413.493, 62
Trd, 4319413.593, 60
Trd, 4319414.143, 66
Trd, 4319415.143, 110
Trd, 4319415.543, 77
Trd, 4319415.943, 98
Trd, 4319416.493, 138
Trd, 4319417.543, 140
Trd, 4319417.693, 136
Trd, 4319417.843, 123
Trd, 4319418.693, 111
Trd, 4319420.993, 140
Trd, 4319421.793, 139
Trd, 4319423.143, 111
Trd, 4319423.893, 120
Trd, 4319424.143, 115
Trd, 4319425.143, 107
Trd, 4319425.393, 139
Trd, 4319425.443, 106
Trd, 4319427.693, 71
Trd, 4319428.193, 62
Trd, 4319428.343, 60
Trd, 4319430.343, 95
Trd, 4319430.593, 91
Trd, 4319431.093, 97
Trd, 4319431.693, 95
Trd, 4319432.343, 138
Trd, 4319433.543, 139
Trd, 4319433.843, 140
Trd, 4319434.543, 121
Trd, 4319435.493, 110
Trd, 4319436.793, 139
Trd, 4319437.643, 108
Trd, 4319438.693, 89
Trd, 4319439.293, 89
Trd, 4319439.493, 140
Trd, 4319440.043, 103
Trd, 4319441.043, 134
Trd, 4319441.293, 130
Trd, 4319443.243, 140
Trd, 4319443.493, 140
Trd, 4319444.843, 140
Trd, 4319444.893, 140
Trd, 4319445.043, 138
Trd, 4319445.943, 129
Trd, 4319446.493, 140
Trd, 4319446.693, 90
Trd, 4319447.193, 140
Trd, 4319447.743, 90
Trd, 4319448.493, 139
Trd, 4319449.993, 109
Trd, 4319450.043, 102
Trd, 4319452.243, 140
Trd, 4319452.493, 140
Trd, 4319453.393, 140
Trd, 4319454.143, 140
Trd, 4319455.443, 137
Trd, 4319455.593, 134
Trd, 4319456.493, 140
Trd, 4319456.993, 140
Trd, 4319457.693, 128
Trd, 4319458.193, 110
Trd, 4319458.443, 102
Trd, 4319459.793, 139
Trd, 4319461.043, 115
Trd, 4319462.593, 139
Trd, 4319463.693, 134
Trd, 4319464.093, 138
Trd, 4319464.193, 102
Trd, 4319464.893, 60
Trd, 4319465.643, 60
Trd, 4319466.343, 60
Trd, 4319467.393, 60
Trd, 4319467.943, 69
Trd, 4319468.093, 64
Trd, 4319468.993, 61
Trd, 4319469.493, 61
Trd, 4319470.193, 138
Trd, 4319470.493, 82
Trd, 4319470.793, 61
Trd, 4319472.043, 140
Trd, 4319473.843, 140
Trd, 4319474.643, 140
Trd, 4319474.693, 139
Trd, 4319475.443, 93
Trd, 4319476.293, 75
Trd, 4319477.193, 60
Trd, 4319478.493, 60
Trd, 4319478.793, 60
Trd, 4319479.143, 60
Trd, 4319480.143, 60
Trd, 4319480.443, 62
Trd, 4319480.593, 84
Trd, 4319480.893, 61
Trd, 4319481.343, 62
Trd, 4319483.743, 60
Trd, 4319484.043, 60
Trd, 4319484.643, 61
Trd, 4319485.743, 60
Trd, 4319487.543, 61
Trd, 4319487.993, 62
Trd, 4319488.643, 138
Trd, 4319488.743, 137
Trd, 4319488.793, 105
Trd, 4319489.993, 140
Trd, 4319490.343, 140
Trd, 4319490.543, 140
Trd, 4319492.293, 140
Trd, 4319493.293, 115
Trd, 4319493.593, 104
Trd, 4319494.293, 138
Trd, 4319495.593, 132
Trd, 4319496.543, 110
Trd, 4319497.393, 138
Trd, 4319497.543, 137
Trd, 4319498.593, 108
Trd, 4319499.193, 113
Trd, 4319499.843, 137
Trd, 4319500.093, 128
Trd, 4319500.293, 105
Trd, 4319500.643, 101
Trd, 4319501.193, 138
Trd, 4319501.593, 140
Trd, 4319501.943, 61
Trd, 4319502.443, 139
Trd, 4319504.643, 61
Trd, 4319505.043, 63
Trd, 4319505.193, 65
Trd, 4319506.243, 62
Trd, 4319507.093, 65
Trd, 4319507.243, 64
Trd, 4319508.093, 61
Trd, 4319508.843, 60
Trd, 4319509.043, 61
Trd, 4319510.343, 140
Trd, 4319510.443, 67
Trd, 4319511.393, 68
Trd, 4319511.693, 80
Trd, 4319512.293, 62
Trd, 4319513.143, 98
Trd, 4319514.043, 60
Trd, 4319515.143, 61
Trd, 4319515.493, 62
Trd, 4319516.093, 63
Trd, 4319516.743, 62
Trd, 4319516.843, 63
Trd, 4319518.293, 70
Trd, 4319519.193, 66
Trd, 4319519.243, 65
Trd, 4319520.243, 140
Trd, 4319520.693, 71
Trd, 4319521.293, 125
Trd, 4319522.093, 140
Trd, 4319523.193, 133
Trd, 4319524.043, 140
Trd, 4319524.093, 140
Trd, 4319525.443, 81
Trd, 4319526.093, 89
Trd, 4319527.093, 100
Trd, 4319528.143, 87
Trd, 4319528.543, 71
Trd, 4319528.993, 135
Trd, 4319529.393, 140
Trd, 4319529.793, 118
Trd, 4319531.243, 88
Trd, 4319532.843, 66
Trd, 4319533.293, 62
Trd, 4319533.693, 68
Trd, 4319535.393, 140
Trd, 4319535.693, 140
Trd, 4319536.343, 140
Trd, 4319536.543, 93
Trd, 4319537.143, 61
Trd, 4319538.443, 80
Trd, 4319538.643, 80
Trd, 4319538.743, 79
Trd, 4319540.393, 130
Trd, 4319540.493, 116
Trd, 4319540.893, 140
Trd, 4319541.393, 87
Trd, 4319541.743, 129
Trd, 4319543.743, 68
Trd, 4319543.893, 76
Trd, 4319544.343, 122
Trd, 4319545.143, 139
Trd, 4319545.593, 99
Trd, 4319546.243, 109
Trd, 4319546.693, 97
Trd, 4319549.443, 140
Trd, 4319549.643, 139
Trd, 4319549.693, 138
Trd, 4319550.843, 92
Trd, 4319551.043, 76
Trd, 4319551.943, 67
Trd, 4319552.293, 62
Trd, 4319552.693, 60
Trd, 4319554.143, 131
Trd, 4319554.743, 140
Trd, 4319555.593, 114
Trd, 4319555.943, 92
Trd, 4319557.593, 86
Trd, 4319559.293, 140
Trd, 4319559.693, 140
Trd, 4319560.043, 140
Trd, 4319560.193, 140
Trd, 4319560.843, 140
Trd, 4319561.693, 113
Trd, 4319561.943, 138
Trd, 4319564.243, 140
Trd, 4319565.543, 132
Trd, 4319565.593, 118
Trd, 4319566.043, 138
Trd, 4319566.393, 138
Trd, 4319567.093, 138
Trd, 4319567.193, 137
Trd, 4319567.643, 71
Trd, 4319568.943, 60
Trd, 4319569.293, 62
Trd, 4319570.143, 60
Trd, 4319570.343, 64
Trd, 4319571.393, 68
Trd, 4319572.143, 61
Trd, 4319572.293, 67
Trd, 4319573.043, 65
Trd, 4319573.843, 68
Trd, 4319574.193, 60
Trd, 4319575.043, 69
Trd, 4319575.693, 70
Trd, 4319575.943, 66
Trd, 4319577.393, 60
Trd, 4319578.293, 63
Trd, 4319578.693, 62
Trd, 4319578.793, 62
Trd, 4319580.343, 60
Trd, 4319580.493, 61
Trd, 4319581.743, 60
Trd, 4319582.493, 63
Trd, 4319584.493, 60
Trd, 4319584.843, 61
Trd, 4319585.543, 60
Trd, 4319586.593, 60
Trd, 4319587.393, 60
Trd, 4319587.543, 60
Trd, 4319587.793, 60
Trd, 4319587.993, 60
Trd, 4319589.643, 63
Trd, 4319589.793, 70
Trd, 4319591.393, 140
Trd, 4319591.443, 140
Trd, 4319591.493, 62
Trd, 4319591.843, 64
Trd, 4319593.343, 137
Trd, 4319593.493, 129
Trd, 4319594.043, 132
Trd, 4319594.093, 73
Trd, 4319596.293, 140
Trd, 4319596.493, 140
Trd, 4319596.793, 121
Trd, 4319596.943, 120
Trd, 4319598.693, 139
Trd, 4319599.543, 140
Trd, 4319599.893, 132
Trd, 4319600.143, 123
Trd, 4319600.993, 122
Trd, 4319601.843, 89
Trd, 4319602.893, 140
Trd, 4319602.943, 102
Trd, 4319604.343, 140
Trd, 4319605.293, 140
Trd, 4319606.093, 140
Trd, 4319606.243, 140
Trd, 4319607.093, 140
Trd, 4319607.243, 140
Trd, 4319608.243, 118
Trd, 4319609.193, 134
Trd, 4319611.143, 62
Trd, 4319611.543, 90
Trd, 4319612.293, 140
Trd, 4319613.193, 138
Trd, 4319613.293, 137
Trd, 4319613.743, 114
Trd, 4319613.993, 140
Trd, 4319615.743, 139
Trd, 4319616.293, 139
Trd, 4319616.593, 97
Trd, 4319617.043, 92
Trd, 4319617.343, 64
Trd, 4319618.143, 61
Trd, 4319618.543, 62
Trd, 4319619.343, 102
Trd, 4319619.793, 132
Trd, 4319621.243, 129
Trd, 4319621.593, 140
Trd, 4319622.443, 140
Trd, 4319622.793, 140
Trd, 4319622.993, 140
Trd, 4319623.193, 140
Trd, 4319623.793, 99
Trd, 4319625.043, 101
Trd, 4319625.193, 98
Trd, 4319627.543, 126
Trd, 4319627.793, 140
Trd, 4319628.143, 126
Trd, 4319629.193, 139
Trd, 4319629.693, 124
Trd, 4319630.693, 137
Trd, 4319631.843, 140
Trd, 4319632.593, 140
Trd, 4319633.793, 140
Trd, 4319633.893, 140
Trd, 4319634.293, 108
Trd, 4319634.493, 90
Trd, 4319635.943, 138
Trd, 4319636.393, 137
Trd, 4319636.793, 126
Trd, 4319638.543, 110
Trd, 4319639.243, 140
Trd, 4319639.593, 139
Trd, 4319639.643, 127
Trd, 4319640.643, 131
Trd, 4319640.943, 103
Trd, 4319642.693, 100
Trd, 4319642.893, 127
Trd, 4319643.743, 127
Trd, 4319643.893, 104
Trd, 4319643.993, 62
Trd, 4319645.693, 94
Trd, 4319646.093, 66
Trd, 4319646.893, 63
Trd, 4319647.443, 98
Trd, 4319647.593, 64
Trd, 4319648.493, 104
Trd, 4319649.743, 103
Trd, 4319650.393, 74
Trd, 4319650.443, 129
Trd, 4319651.093, 72
Trd, 4319653.743, 64
Trd, 4319654.043, 61
Trd, 4319654.093, 61
Trd, 4319654.693, 98
Trd, 4319654.793, 99
Trd, 4319654.893, 113
Trd, 4319655.893, 66
Trd, 4319656.893, 60
Trd, 4319657.093, 60
Trd, 4319657.193, 62
Trd, 4319658.043, 62
Trd, 4319658.193, 63
Trd, 4319660.993, 60
Trd, 4319661.343, 60
Trd, 4319661.493, 61
Trd, 4319664.293, 60
Trd, 4319664.843, 60
Trd, 4319664.893, 61
Trd, 4319665.043, 62
Trd, 4319665.293, 64
Trd, 4319665.743, 62
Trd, 4319666.593, 65
Trd, 4319668.093, 60
Trd, 4319670.193, 60
Trd, 4319670.993, 60
Trd, 4319671.143, 64
Trd, 4319671.543, 68
Trd, 4319673.893, 60
Trd, 4319673.993, 61
Trd, 4319674.293, 62
Trd, 4319674.493, 60
Trd, 4319675.043, 60
Trd, 4319675.843, 60
Trd, 4319676.443, 61
Trd, 4319676.993, 61
Trd, 4319677.443, 61
Trd, 4319678.093, 63
Trd, 4319678.643, 119
Trd, 4319678.743, 118
Trd, 4319680.093, 140
Trd, 4319681.593, 140
Trd, 4319681.993, 134
Trd, 4319683.443, 140
Trd, 4319683.593, 140
Trd, 4319683.993, 126
Trd, 4319684.393, 116
Trd, 4319684.993, 89
Trd, 4319685.343, 90
Trd, 4319686.493, 89
Trd, 4319687.193, 140
Trd, 4319688.043, 124
Trd, 4319689.093, 111
Trd, 4319689.793, 107
Trd, 4319690.743, 123
Trd, 4319690.893, 125
Trd, 4319691.093, 62
Trd, 4319691.743, 130
Trd, 4319692.243, 67
Trd, 4319692.893, 68
Trd, 4319693.893, 64
Trd, 4319694.293, 65
Trd, 4319694.843, 140
Trd, 4319695.943, 97
Trd, 4319696.193, 96
Trd, 4319696.393, 95
Trd, 4319696.593, 140
Trd, 4319697.393, 65
Trd, 4319698.743, 67
Trd, 4319699.643, 83
Trd, 4319702.143, 139
Trd, 4319702.543, 139
Trd, 4319702.993, 137
Trd, 4319703.493, 132
Trd, 4319703.593, 108
Trd, 4319703.743, 107
Trd, 4319704.743, 75
Trd, 4319705.043, 61
Trd, 4319705.243, 67
Trd, 4319705.643, 135
Trd, 4319706.643, 119
Trd, 4319706.793, 71
Trd, 4319708.793, 110
Trd, 4319709.293, 134
Trd, 4319709.643, 97
Trd, 4319710.043, 98
Trd, 4319710.743, 140
Trd, 4319711.293, 139
Trd, 4319712.493, 94
Trd, 4319713.743, 140
Trd, 4319714.843, 140
Trd, 4319714.993, 139
Trd, 4319715.643, 139
Trd, 4319716.093, 110
Trd, 4319716.943, 129
Trd, 4319717.343, 119
Trd, 4319719.593, 140
Trd, 4319719.743, 140
Trd, 4319719.893, 139
Trd, 4319720.143, 98
Trd, 4319720.443, 98
Trd, 4319721.343, 105
Trd, 4319722.493, 140
Trd, 4319723.193, 140
Trd, 4319724.943, 140
Trd, 4319725.393, 140
Trd, 4319726.043, 139
Trd, 4319726.693, 101
Trd, 4319726.743, 81
Trd, 4319727.993, 112
Trd, 4319730.243, 140
Trd, 4319730.343, 140
Trd, 4319732.043, 140
Trd, 4319732.843, 140
Trd, 4319732.893, 127
Trd, 4319733.093, 138
Trd, 4319733.143, 111
Trd, 4319733.543, 90
Trd, 4319735.493, 96
Trd, 4319736.493, 140
Trd, 4319736.943, 140
Trd, 4319737.143, 75
Trd, 4319739.543, 138
Trd, 4319739.943, 138
Trd, 4319740.143, 97
Trd, 4319740.393, 93
Trd, 4319741.243, 122
Trd, 4319741.443, 119
Trd, 4319741.943, 66
Trd, 4319743.843, 140
Trd, 4319744.743, 140
Trd, 4319744.893, 140
Trd, 4319745.143, 140
Trd, 4319745.593, 140
Trd, 4319746.943, 140
Trd, 4319747.343, 102
Trd, 4319748.793, 112
Trd, 4319748.993, 79
Trd, 4319749.343, 61
Trd, 4319750.343, 140
Trd, 4319750.793, 129
Trd, 4319751.893, 139
Trd, 4319752.743, 108
Trd, 4319753.193, 135
Trd, 4319753.493, 103
Trd, 4319753.893, 65
Trd, 4319754.393, 83
Trd, 4319755.393, 111
Trd, 4319756.043, 135
Trd, 4319756.993, 137
Trd, 4319757.343, 107
Trd, 4319757.793, 106
Trd, 4319758.743, 121
Trd, 4319759.193, 139
Trd, 4319760.493, 128
Trd, 4319761.193, 127
Trd, 4319761.943, 139
Trd, 4319762.343, 115
Trd, 4319763.643, 114
Trd, 4319764.143, 114
Trd, 4319765.493, 72
Trd, 4319765.843, 140
Trd, 4319766.743, 127
Trd, 4319766.843, 73
Trd, 4319767.793, 129
Trd, 4319768.243, 119
Trd, 4319768.893, 93
Trd, 4319769.243, 60
Trd, 4319769.693, 64
Trd, 4319769.793, 65
Trd, 4319770.543, 70
Trd, 4319772.043, 137
Trd, 4319773.043, 108
Trd, 4319775.343, 140
Trd, 4319775.443, 140
Trd, 4319775.643, 101
Trd, 4319776.193, 100
Trd, 4319777.943, 140
Trd, 4319778.243, 124
Trd, 4319778.443, 117
Trd, 4319779.443, 109
Trd, 4319780.143, 108
Trd, 4319780.693, 101
Trd, 4319781.293, 90
Trd, 4319781.793, 89
Trd, 4319782.043, 88
Trd, 4319783.293, 137
Trd, 4319783.343, 67
Trd, 4319786.193, 140
Trd, 4319786.243, 137
Trd, 4319787.093, 140
Trd, 4319788.543, 140
Trd, 4319788.943, 140
Trd, 4319789.343, 140
Trd, 4319790.243, 139
Trd, 4319790.643, 89
Trd, 4319790.943, 127
Trd, 4319791.693, 87
Trd, 4319792.143, 88
Trd, 4319792.993, 118
Trd, 4319793.643, 61
Trd, 4319793.893, 60
Trd, 4319795.343, 107
Trd, 4319795.843, 139
Trd, 4319795.993, 64
Trd, 4319796.193, 63
Trd, 4319796.943, 70
Trd, 4319797.493, 107
Trd, 4319797.843, 140
Trd, 4319798.693, 140
Trd, 4319799.043, 140
Trd, 4319800.843, 140
Trd, 4319801.243, 139
Trd, 4319802.043, 121
Trd, 4319803.843, 140
Trd, 4319803.943, 123
Trd, 4319804.593, 84
Trd, 4319806.643, 140
Trd, 4319807.043, 140
Trd, 4319807.143, 137
Trd, 4319807.193, 124
Trd, 4319808.043, 99
Trd, 4319809.393, 134
Trd, 4319809.793, 105
Trd, 4319810.293, 129
Trd, 4319810.843, 106
Trd, 4319810.993, 134
Trd, 4319812.193, 140
Trd, 4319813.793, 136
Trd, 4319814.393, 138
Trd, 4319814.893, 118
Trd, 4319816.093, 139
Trd, 4319816.243, 106
Trd, 4319817.193, 140
Trd, 4319817.493, 140
Trd, 4319818.543, 95
Trd, 4319818.793, 66
Trd, 4319819.243, 79
Trd, 4319820.443, 61
Trd, 4319820.593, 62
Trd, 4319821.143, 68
Trd, 4319822.093, 65
Trd, 4319822.293, 66
Trd, 4319823.793, 60
Trd, 4319825.243, 60
Trd, 4319825.393, 62
Trd, 4319825.593, 63
Trd, 4319826.493, 66
Trd, 4319826.943, 72
Trd, 4319827.243, 61
Trd, 4319827.893, 60
Trd, 4319828.143, 91
Trd, 4319828.493, 69
Trd, 4319829.243, 73
Trd, 4319829.643, 60
Trd, 4319829.893, 140
Trd, 4319832.543, 140
Trd, 4319832.643, 140
Trd, 4319832.843, 138
Trd, 4319833.093, 137
Trd, 4319833.243, 137
Trd, 4319833.793, 116
Trd, 4319834.843, 140
Trd, 4319836.043, 87
Trd, 4319836.643, 101
Trd, 4319836.843, 98
Trd, 4319838.593, 137
Trd, 4319839.143, 97
Trd, 4319840.243, 126
Trd, 4319840.643, 125
Trd, 4319842.343, 104
Trd, 4319843.193, 132
Trd, 4319843.593, 131
Trd, 4319844.643, 140
Trd, 4319845.243, 140
Trd, 4319845.343, 62
Trd, 4319846.393, 138
Trd, 4319846.843, 71
Trd, 4319847.643, 116
Trd, 4319847.843, 103
Trd, 4319848.393, 69
Trd, 4319848.443, 70
Trd, 4319849.343, 140
Trd, 4319849.693, 140
Trd, 4319851.093, 139
Trd, 4319853.093, 65
Trd, 4319854.093, 64
Trd, 4319854.843, 64
Trd, 4319855.093, 63
Trd, 4319855.493, 78
Trd, 4319856.493, 74
Trd, 4319856.543, 62
Trd, 4319857.043, 128
Trd, 4319857.443, 60
Trd, 4319857.793, 60
Trd, 4319857.893, 60
Trd, 4319859.443, 60
Trd, 4319859.793, 63
Trd, 4319859.843, 67
Trd, 4319861.593, 60
Trd, 4319861.843, 61
Trd, 4319862.743, 60
Trd, 4319863.693, 60
Trd, 4319863.993, 60
Trd, 4319864.243, 61
Trd, 4319865.293, 60
Trd, 4319865.843, 61
Trd, 4319866.343, 92
Trd, 4319866.843, 91
Trd, 4319867.493, 109
Trd, 4319867.643, 63
Trd, 4319868.343, 97
Trd, 4319870.393, 61
Trd, 4319871.043, 61
Trd, 4319871.593, 62
Trd, 4319871.993, 61
Trd, 4319872.193, 64
Trd, 4319873.543, 66
Trd, 4319875.193, 60
Trd, 4319875.893, 60
Trd, 4319876.193, 60
Trd, 4319876.593, 60
Trd, 4319878.693, 60
Trd, 4319878.893, 60
Trd, 4319878.993, 64
Trd, 4319879.843, 60
Trd, 4319879.893, 60
Trd, 4319880.743, 60
Trd, 4319880.893, 65
Trd, 4319881.693, 61
Trd, 4319882.393, 66
Trd, 4319884.193, 60
Trd, 4319884.793, 66
Trd, 4319884.943, 66
Trd, 4319885.443, 65
Trd, 4319887.093, 60
Trd, 4319888.193, 77
Trd, 4319889.143, 138
Trd, 4319891.693, 121
Trd, 4319892.093, 115
Trd, 4319892.143, 114
Trd, 4319892.243, 107
Trd, 4319893.043, 117
Trd, 4319893.093, 116
Trd, 4319893.293, 118
Trd, 4319893.393, 90
Trd, 4319893.543, 140
Trd, 4319894.343, 63
Trd, 4319895.593, 60
Trd, 4319895.843, 65
Trd, 4319896.743, 101
Trd, 4319897.443, 140
Trd, 4319897.693, 140
Trd, 4319898.593, 140
Trd, 4319899.343, 140
Trd, 4319900.043, 139
Trd, 4319900.493, 112
Trd, 4319902.393, 124
Trd, 4319902.543, 123
Trd, 4319903.293, 136
Trd, 4319903.443, 116
Trd, 4319904.493, 103
Trd, 4319905.693, 140
Trd, 4319906.493, 140
Trd, 4319906.643, 139
Trd, 4319906.893, 122
Trd, 4319907.843, 140
Trd, 4319908.243, 83
Trd, 4319908.343, 75
Trd, 4319908.643, 62
Trd, 4319909.593, 104
Trd, 4319909.843, 136
Trd, 4319911.093, 61
Trd, 4319911.893, 63
Trd, 4319912.693, 78
Trd, 4319912.793, 64
Trd, 4319913.193, 65
Trd, 4319913.843, 67
Trd, 4319915.043, 66
Trd, 4319915.743, 130
Trd, 4319915.943, 129
Trd, 4319917.393, 140
Trd, 4319917.543, 96
Trd, 4319918.143, 64
Trd, 4319918.443, 61
Trd, 4319919.893, 61
Trd, 4319920.193, 138
Trd, 4319920.743, 140
Trd, 4319922.293, 128
Trd, 4319922.443, 110
Trd, 4319922.893, 100
Trd, 4319923.243, 69
Trd, 4319925.443, 90
Trd, 4319925.943, 88
Trd, 4319926.093, 78
Trd, 4319926.793, 126
Trd, 4319927.793, 82
Trd, 4319929.093, 60
Trd, 4319929.343, 81
Trd, 4319929.593, 138
Trd, 4319929.843, 70
Trd, 4319930.593, 94
Trd, 4319932.243, 60
Trd, 4319932.393, 60
Trd, 4319932.643, 68
Trd, 4319933.143, 64
Trd, 4319934.043, 65
Trd, 4319934.243, 65
Trd, 4319935.593, 140
Trd, 4319936.143, 138
Trd, 4319936.943, 138
Trd, 4319937.343, 137
Trd, 4319938.993, 75
Trd, 4319939.643, 136
Trd, 4319939.843, 116
Trd, 4319941.543, 140
Trd, 4319941.793, 127
Trd, 4319942.143, 125
Trd, 4319942.993, 137
Trd, 4319943.043, 96
Trd, 4319944.343, 114
Trd, 4319944.643, 105
Trd, 4319945.093, 66
Trd, 4319946.193, 98
Trd, 4319946.343, 125
Trd, 4319947.393, 139
Trd, 4319948.293, 140
Trd, 4319948.343, 138
Trd, 4319949.243, 108
Trd, 4319949.643, 139
Trd, 4319950.393, 140
Trd, 4319950.443, 110
Trd, 4319950.593, 73
Trd, 4319952.443, 137
Trd, 4319952.743, 135
Trd, 4319952.943, 134
Trd, 4319953.993, 66
Trd, 4319955.043, 102
Trd, 4319955.443, 62
Trd, 4319956.293, 140
Trd, 4319957.293, 140
Trd, 4319957.443, 93
Trd, 4319959.443, 129
Trd, 4319959.493, 128
Trd, 4319960.393, 132
Trd, 4319961.343, 140
Trd, 4319962.143, 140
Trd, 4319963.243, 140
Trd, 4319963.643, 140
Trd, 4319963.843, 133
Trd, 4319964.093, 87
Trd, 4319964.893, 139
Trd, 4319965.543, 60
Trd, 4319966.043, 62
Trd, 4319966.643, 66
Trd, 4319967.093, 62
Trd, 4319967.143, 61
Trd, 4319968.693, 68
Trd, 4319968.793, 69
Trd, 4319969.943, 93
Trd, 4319970.143, 73
Trd, 4319970.643, 73
Trd, 4319970.993, 71
Trd, 4319971.343, 109
Trd, 4319972.143, 120
Trd, 4319972.593, 129
Trd, 4319972.743, 80
Trd, 4319974.193, 128
Trd, 4319974.293, 116
Trd, 4319976.543, 140
Trd, 4319977.243, 75
Trd, 4319977.843, 139
Trd, 4319978.093, 134
Trd, 4319978.343, 111
Trd, 4319978.843, 138
Trd, 4319979.993, 122
Trd, 4319981.343, 137
Trd, 4319982.243, 131
Trd, 4319983.243, 138
Trd, 4319983.843, 131
Trd, 4319985.293, 134
Trd, 4319985.593, 112
Trd, 4319986.393, 140
Trd, 4319986.743, 140
Trd, 4319987.393, 140
Trd, 4319987.743, 101
Trd, 4319987.793, 95
Trd, 4319989.493, 140
Trd, 4319989.543, 138
Trd, 4319989.743, 138
Trd, 4319990.093, 72
Trd, 4319991.243, 137
Trd, 4319991.493, 117
Trd, 4319992.293, 76
Trd, 4319993.293, 80
Trd, 4319994.493, 75
Trd, 4319995.543, 68
Trd, 4319996.293, 139
Trd, 4319998.043, 138
Trd, 4319998.093, 137
Trd, 4319998.143, 100
Trd, 4319998.693, 99
Trd, 4319999.743, 138
