Trd, 4318127.693, 140
Trd, 4318128.243, 133
Trd, 4318128.943, 129
Trd, 4318129.393, 138
Trd, 4318129.593, 123
Trd, 4318130.393, 130
Trd, 4318131.343, 124
Trd, 4318132.643, 140
Trd, 4318133.193, 140
Trd, 4318133.343, 140
Trd, 4318134.243, 137
Trd, 4318134.443, 118
Trd, 4318135.043, 132
Trd, 4318136.643, 140
Trd, 4318137.043, 132
Trd, 4318137.793, 139
Trd, 4318138.393, 134
Trd, 4318139.293, 134
Trd, 4318140.393, 139
Trd, 4318141.243, 138
Trd, 4318142.043, 133
Trd, 4318142.793, 128
Trd, 4318143.293, 135
Trd, 4318143.693, 129
Trd, 4318144.943, 131
Trd, 4318144.993, 127
Trd, 4318145.743, 120
Trd, 4318147.093, 116
Trd, 4318147.843, 137
Trd, 4318148.843, 67
Trd, 4318149.093, 60
Trd, 4318150.093, 121
Trd, 4318151.943, 140
Trd, 4318152.343, 139
Trd, 4318152.393, 138
Trd, 4318152.793, 137
Trd, 4318153.343, 132
Trd, 4318153.843, 131
Trd, 4318153.993, 107
Trd, 4318154.693, 75
Trd, 4318155.493, 60
Trd, 4318155.893, 87
Trd, 4318156.693, 106
Trd, 4318157.443, 62
Trd, 4318158.643, 69
Trd, 4318159.543, 71
Trd, 4318161.043, 90
Trd, 4318163.093, 61
Trd, 4318163.643, 105
Trd, 4318164.243, 62
Trd, 4318164.343, 63
Trd, 4318164.743, 64
Trd, 4318166.543, 84
Trd, 4318166.943, 61
Trd, 4318167.843, 99
Trd, 4318168.093, 63
Trd, 4318168.193, 75
Trd, 4318169.143, 113
Trd, 4318169.343, 63
Trd, 4318170.093, 66
Trd, 4318171.743, 70
Trd, 4318171.943, 75
Trd, 4318172.693, 70
Trd, 4318173.343, 101
Trd, 4318174.193, 87
Trd, 4318174.393, 85
Trd, 4318174.993, 130
Trd, 4318175.143, 84
Trd, 4318176.793, 91
Trd, 4318178.593, 118
Trd, 4318178.693, 110
Trd, 4318179.043, 140
Trd, 4318179.993, 117
Trd, 4318180.343, 116
Trd, 4318182.243, 119
Trd, 4318182.343, 113
Trd, 4318182.893, 70
Trd, 4318182.993, 66
Trd, 4318183.393, 68
Trd, 4318184.093, 65
Trd, 4318185.843, 60
Trd, 4318186.293, 61
Trd, 4318186.743, 64
Trd, 4318188.693, 140
Trd, 4318189.093, 113
Trd, 4318189.343, 111
Trd, 4318189.443, 105
Trd, 4318190.343, 119
Trd, 4318190.443, 118
Trd, 4318190.793, 103
Trd, 4318191.193, 140
Trd, 4318191.693, 95
Trd, 4318193.793, 124
Trd, 4318193.843, 122
Trd, 4318194.243, 118
Trd, 4318194.743, 139
Trd, 4318195.143, 140
Trd, 4318195.193, 102
Trd, 4318196.043, 76
Trd, 4318197.143, 134
Trd, 4318198.343, 140
Trd, 4318198.743, 138
Trd, 4318200.093, 136
Trd, 4318201.093, 140
Trd, 4318201.293, 140
Trd, 4318202.493, 140
Trd, 4318202.643, 140
Trd, 4318202.893, 140
Trd, 4318204.743, 140
Trd, 4318205.143, 140
Trd, 4318205.193, 140
Trd, 4318207.193, 134
Trd, 4318207.393, 134
Trd, 4318207.843, 134
Trd, 4318208.443, 140
Trd, 4318209.093, 129
Trd, 4318209.593, 117
Trd, 4318209.843, 137
Trd, 4318211.143, 137
Trd, 4318211.943, 99
Trd, 4318212.293, 74
Trd, 4318215.143, 60
Trd, 4318215.393, 73
Trd, 4318215.693, 60
Trd, 4318215.843, 77
Trd, 4318216.993, 62
Trd, 4318217.443, 63
Trd, 4318218.543, 93
Trd, 4318219.493, 70
Trd, 4318220.293, 62
Trd, 4318220.893, 62
Trd, 4318220.943, 65
Trd, 4318222.443, 64
Trd, 4318223.543, 62
Trd, 4318224.043, 85
Trd, 4318225.443, 68
Trd, 4318227.793, 61
Trd, 4318228.243, 61
Trd, 4318228.443, 69
Trd, 4318228.593, 86
Trd, 4318230.593, 68
Trd, 4318231.043, 64
Trd, 4318231.993, 72
Trd, 4318232.193, 71
Trd, 4318232.293, 70
Trd, 4318232.793, 69
Trd, 4318234.093, 101
Trd, 4318235.393, 119
Trd, 4318235.693, 101
Trd, 4318236.293, 140
Trd, 4318236.593, 139
Trd, 4318237.443, 69
Trd, 4318238.643, 108
Trd, 4318238.843, 99
Trd, 4318239.943, 140
Trd, 4318240.043, 140
Trd, 4318240.643, 140
Trd, 4318240.893, 139
Trd, 4318244.043, 132
Trd, 4318244.543, 140
Trd, 4318244.743, 139
Trd, 4318245.243, 132
Trd, 4318245.393, 130
Trd, 4318246.343, 129
Trd, 4318246.593, 91
Trd, 4318247.293, 68
Trd, 4318248.193, 108
Trd, 4318248.993, 140
Trd, 4318249.543, 104
Trd, 4318250.043, 139
Trd, 4318251.793, 139
Trd, 4318252.443, 94
Trd, 4318252.743, 61
Trd, 4318253.343, 64
Trd, 4318255.293, 60
Trd, 4318255.893, 60
Trd, 4318255.993, 64
Trd, 4318256.993, 72
Trd, 4318257.493, 135
Trd, 4318258.693, 130
Trd, 4318259.043, 68
Trd, 4318259.843, 101
Trd, 4318260.193, 100
Trd, 4318260.543, 60
Trd, 4318262.243, 60
Trd, 4318262.343, 65
Trd, 4318265.143, 64
Trd, 4318265.393, 61
Trd, 4318265.543, 67
Trd, 4318266.243, 68
Trd, 4318266.593, 62
Trd, 4318266.793, 131
Trd, 4318267.693, 140
Trd, 4318268.043, 139
Trd, 4318268.393, 138
Trd, 4318268.593, 105
Trd, 4318269.393, 115
Trd, 4318270.193, 114
Trd, 4318271.843, 98
Trd, 4318272.693, 98
Trd, 4318273.193, 139
Trd, 4318274.043, 134
Trd, 4318275.193, 89
Trd, 4318275.693, 93
Trd, 4318276.143, 138
Trd, 4318276.393, 87
Trd, 4318276.693, 113
Trd, 4318277.293, 63
Trd, 4318277.743, 140
Trd, 4318278.593, 71
Trd, 4318279.743, 140
Trd, 4318280.393, 139
Trd, 4318282.093, 140
Trd, 4318282.443, 140
Trd, 4318282.843, 134
Trd, 4318282.993, 138
Trd, 4318283.943, 125
Trd, 4318285.043, 140
Trd, 4318285.543, 140
Trd, 4318285.693, 139
Trd, 4318286.143, 113
Trd, 4318286.893, 127
Trd, 4318288.193, 99
Trd, 4318289.743, 139
Trd, 4318289.793, 138
Trd, 4318290.343, 140
Trd, 4318291.043, 117
Trd, 4318291.743, 129
Trd, 4318292.243, 123
Trd, 4318292.343, 138
Trd, 4318293.443, 125
Trd, 4318293.743, 124
Trd, 4318295.143, 140
Trd, 4318295.343, 115
Trd, 4318295.393, 95
Trd, 4318296.393, 140
Trd, 4318296.543, 132
Trd, 4318297.693, 66
Trd, 4318298.543, 89
Trd, 4318298.843, 88
Trd, 4318299.493, 140
Trd, 4318300.193, 74
Trd, 4318300.343, 119
Trd, 4318300.593, 81
Trd, 4318301.643, 63
Trd, 4318302.293, 62
Trd, 4318302.993, 64
Trd, 4318303.043, 77
Trd, 4318304.143, 140
Trd, 4318304.793, 140
Trd, 4318306.443, 140
Trd, 4318306.593, 140
Trd, 4318307.643, 140
Trd, 4318308.293, 140
Trd, 4318308.893, 140
Trd, 4318309.593, 140
Trd, 4318310.093, 140
Trd, 4318310.243, 140
Trd, 4318311.793, 126
Trd, 4318312.543, 125
Trd, 4318312.843, 134
Trd, 4318313.093, 122
Trd, 4318313.743, 121
Trd, 4318314.193, 140
Trd, 4318314.343, 115
Trd, 4318314.743, 112
Trd, 4318315.643, 62
Trd, 4318316.793, 66
Trd, 4318319.893, 61
Trd, 4318320.343, 61
Trd, 4318320.943, 61
Trd, 4318321.243, 62
Trd, 4318322.643, 62
Trd, 4318323.393, 64
Trd, 4318324.243, 71
Trd, 4318325.043, 63
Trd, 4318325.943, 64
Trd, 4318326.293, 71
Trd, 4318326.593, 122
Trd, 4318327.943, 68
Trd, 4318328.743, 63
Trd, 4318329.743, 125
Trd, 4318330.243, 82
Trd, 4318330.443, 81
Trd, 4318331.393, 81
Trd, 4318332.093, 140
Trd, 4318332.743, 139
Trd, 4318333.443, 60
Trd, 4318334.543, 134
Trd, 4318335.243, 111
Trd, 4318335.993, 114
Trd, 4318336.293, 113
Trd, 4318336.593, 137
Trd, 4318336.643, 111
Trd, 4318337.493, 139
Trd, 4318337.943, 139
Trd, 4318339.043, 125
Trd, 4318339.193, 121
Trd, 4318339.243, 116
Trd, 4318339.743, 101
Trd, 4318340.243, 63
Trd, 4318342.143, 140
Trd, 4318342.293, 140
Trd, 4318343.493, 140
Trd, 4318344.193, 140
Trd, 4318344.493, 140
Trd, 4318345.293, 140
Trd, 4318345.393, 140
Trd, 4318347.093, 140
Trd, 4318347.393, 140
Trd, 4318348.043, 140
Trd, 4318348.093, 132
Trd, 4318348.493, 125
Trd, 4318350.643, 140
Trd, 4318350.893, 132
Trd, 4318351.093, 127
Trd, 4318352.143, 116
Trd, 4318353.343, 140
Trd, 4318353.493, 140
Trd, 4318355.193, 140
Trd, 4318355.293, 139
Trd, 4318355.793, 140
Trd, 4318356.393, 140
Trd, 4318356.493, 139
Trd, 4318357.893, 140
Trd, 4318358.393, 140
Trd, 4318358.543, 107
Trd, 4318358.993, 140
Trd, 4318359.193, 66
Trd, 4318360.293, 60
Trd, 4318360.343, 83
Trd, 4318361.693, 60
Trd, 4318362.343, 62
Trd, 4318363.443, 64
Trd, 4318364.243, 63
Trd, 4318364.943, 77
Trd, 4318366.343, 61
Trd, 4318368.443, 139
Trd, 4318368.743, 130
Trd, 4318369.493, 127
Trd, 4318369.543, 126
Trd, 4318370.443, 119
Trd, 4318371.543, 116
Trd, 4318372.593, 61
Trd, 4318372.693, 107
Trd, 4318373.243, 137
Trd, 4318374.193, 140
Trd, 4318374.543, 138
Trd, 4318374.943, 68
Trd, 4318375.693, 66
Trd, 4318376.393, 136
Trd, 4318377.843, 140
Trd, 4318378.193, 138
Trd, 4318378.343, 118
Trd, 4318379.743, 125
Trd, 4318381.043, 84
Trd, 4318381.593, 120
Trd, 4318382.093, 84
Trd, 4318383.193, 105
Trd, 4318383.793, 136
Trd, 4318384.593, 108
Trd, 4318385.243, 123
Trd, 4318385.543, 118
Trd, 4318386.243, 111
Trd, 4318387.293, 140
Trd, 4318387.543, 139
Trd, 4318388.293, 140
Trd, 4318388.843, 133
Trd, 4318388.943, 132
Trd, 4318389.143, 80
Trd, 4318389.443, 63
Trd, 4318389.993, 64
Trd, 4318391.293, 140
Trd, 4318391.393, 140
Trd, 4318391.593, 65
Trd, 4318392.043, 75
Trd, 4318393.843, 66
Trd, 4318394.143, 79
Trd, 4318396.043, 62
Trd, 4318397.443, 65
Trd, 4318397.993, 66
Trd, 4318398.243, 66
Trd, 4318398.643, 92
Trd, 4318399.043, 64
Trd, 4318399.543, 102
Trd, 4318399.643, 112
Trd, 4318400.493, 65
Trd, 4318401.093, 63
Trd, 4318401.293, 63
Trd, 4318402.543, 76
Trd, 4318403.343, 72
Trd, 4318404.243, 67
Trd, 4318404.443, 93
Trd, 4318405.693, 71
Trd, 4318406.443, 98
Trd, 4318406.743, 83
Trd, 4318407.893, 90
Trd, 4318408.743, 85
Trd, 4318409.693, 140
Trd, 4318409.743, 140
Trd, 4318410.643, 139
Trd, 4318410.943, 139
Trd, 4318411.043, 113
Trd, 4318412.443, 61
Trd, 4318415.093, 140
Trd, 4318415.293, 140
Trd, 4318415.743, 140
Trd, 4318415.993, 138
Trd, 4318416.543, 138
Trd, 4318417.293, 114
Trd, 4318418.343, 134
Trd, 4318418.793, 140
Trd, 4318420.193, 125
Trd, 4318420.393, 124
Trd, 4318420.743, 112
Trd, 4318421.093, 68
Trd, 4318421.393, 131
Trd, 4318422.693, 127
Trd, 4318423.243, 116
Trd, 4318424.843, 140
Trd, 4318425.293, 140
Trd, 4318426.643, 140
Trd, 4318426.943, 140
Trd, 4318426.993, 140
Trd, 4318428.093, 140
Trd, 4318429.493, 140
Trd, 4318429.943, 140
Trd, 4318430.193, 140
Trd, 4318430.993, 140
Trd, 4318431.743, 140
Trd, 4318432.043, 140
Trd, 4318433.743, 140
Trd, 4318433.893, 139
Trd, 4318435.293, 140
Trd, 4318436.843, 140
Trd, 4318436.993, 140
Trd, 4318437.343, 139
Trd, 4318437.943, 112
Trd, 4318438.193, 132
Trd, 4318438.493, 136
Trd, 4318439.193, 100
Trd, 4318440.293, 105
Trd, 4318440.743, 110
Trd, 4318442.193, 140
Trd, 4318442.293, 140
Trd, 4318443.293, 140
Trd, 4318444.543, 140
Trd, 4318444.593, 140
Trd, 4318445.143, 140
Trd, 4318445.493, 110
Trd, 4318446.743, 139
Trd, 4318446.943, 125
Trd, 4318447.993, 139
Trd, 4318448.193, 125
Trd, 4318449.043, 139
Trd, 4318449.093, 126
Trd, 4318450.043, 134
Trd, 4318450.193, 133
Trd, 4318450.993, 137
Trd, 4318451.543, 119
Trd, 4318451.893, 121
Trd, 4318451.993, 120
Trd, 4318452.943, 100
Trd, 4318453.093, 69
Trd, 4318454.993, 63
Trd, 4318455.943, 134
Trd, 4318456.293, 103
Trd, 4318458.043, 139
Trd, 4318458.393, 134
Trd, 4318458.493, 126
Trd, 4318458.693, 140
Trd, 4318459.093, 63
Trd, 4318460.043, 140
Trd, 4318461.743, 90
Trd, 4318462.043, 111
Trd, 4318462.643, 100
Trd, 4318463.293, 94
Trd, 4318463.343, 92
Trd, 4318463.743, 91
Trd, 4318463.993, 90
Trd, 4318464.743, 90
Trd, 4318465.043, 61
Trd, 4318465.843, 60
Trd, 4318467.493, 140
Trd, 4318467.543, 139
Trd, 4318469.843, 60
Trd, 4318470.793, 60
Trd, 4318471.593, 69
Trd, 4318473.043, 60
Trd, 4318473.343, 61
Trd, 4318473.493, 66
Trd, 4318474.543, 105
Trd, 4318474.643, 124
Trd, 4318475.293, 136
Trd, 4318475.343, 135
Trd, 4318476.143, 135
Trd, 4318476.243, 134
Trd, 4318476.843, 128
Trd, 4318478.693, 139
Trd, 4318478.843, 125
Trd, 4318479.593, 140
Trd, 4318479.793, 107
Trd, 4318481.493, 106
Trd, 4318482.393, 107
Trd, 4318483.793, 116
Trd, 4318485.043, 140
Trd, 4318485.193, 80
Trd, 4318486.143, 61
Trd, 4318487.093, 140
Trd, 4318487.443, 140
Trd, 4318487.893, 140
Trd, 4318488.593, 140
Trd, 4318488.943, 132
Trd, 4318489.243, 125
Trd, 4318490.643, 104
Trd, 4318490.793, 102
Trd, 4318492.543, 62
Trd, 4318493.193, 67
Trd, 4318494.893, 62
Trd, 4318495.793, 62
Trd, 4318496.643, 125
Trd, 4318497.193, 127
Trd, 4318497.743, 126
Trd, 4318498.043, 98
Trd, 4318498.943, 137
Trd, 4318499.393, 128
Trd, 4318499.543, 140
Trd, 4318500.393, 140
Trd, 4318500.843, 128
Trd, 4318501.693, 140
Trd, 4318501.793, 138
Trd, 4318502.043, 132
Trd, 4318502.193, 127
Trd, 4318502.443, 107
Trd, 4318505.543, 61
Trd, 4318506.843, 140
Trd, 4318508.243, 140
Trd, 4318508.343, 140
Trd, 4318508.743, 140
Trd, 4318509.143, 140
Trd, 4318509.643, 140
Trd, 4318510.193, 140
Trd, 4318510.893, 60
Trd, 4318511.343, 111
Trd, 4318512.043, 138
Trd, 4318512.443, 131
Trd, 4318512.493, 127
Trd, 4318512.893, 104
Trd, 4318513.393, 104
Trd, 4318514.043, 107
Trd, 4318515.143, 140
Trd, 4318515.593, 140
Trd, 4318516.343, 140
Trd, 4318517.093, 140
Trd, 4318517.243, 107
Trd, 4318518.643, 122
Trd, 4318519.243, 140
Trd, 4318519.293, 136
Trd, 4318519.843, 61
Trd, 4318520.393, 125
Trd, 4318521.993, 61
Trd, 4318522.643, 78
Trd, 4318523.293, 76
Trd, 4318523.993, 78
Trd, 4318526.093, 61
Trd, 4318526.443, 61
Trd, 4318527.093, 61
Trd, 4318529.043, 60
Trd, 4318530.893, 65
Trd, 4318531.193, 63
Trd, 4318531.843, 66
Trd, 4318532.043, 68
Trd, 4318532.393, 129
Trd, 4318532.693, 97
Trd, 4318532.793, 66
Trd, 4318534.793, 121
Trd, 4318534.843, 120
Trd, 4318536.493, 140
Trd, 4318537.443, 60
Trd, 4318538.543, 69
Trd, 4318539.693, 106
Trd, 4318540.493, 94
Trd, 4318541.293, 138
Trd, 4318541.343, 67
Trd, 4318543.043, 65
Trd, 4318543.393, 65
Trd, 4318544.293, 71
Trd, 4318544.893, 69
Trd, 4318545.393, 69
Trd, 4318545.743, 78
Trd, 4318547.243, 100
Trd, 4318547.393, 101
Trd, 4318547.443, 96
Trd, 4318547.943, 74
Trd, 4318551.143, 140
Trd, 4318551.343, 140
Trd, 4318551.593, 139
Trd, 4318552.243, 140
Trd, 4318552.343, 132
Trd, 4318552.793, 103
Trd, 4318554.543, 139
Trd, 4318554.593, 127
Trd, 4318556.493, 62
Trd, 4318557.343, 63
Trd, 4318557.493, 68
Trd, 4318558.443, 61
Trd, 4318559.593, 71
Trd, 4318560.193, 62
Trd, 4318560.343, 62
Trd, 4318561.143, 64
Trd, 4318561.193, 75
Trd, 4318561.943, 103
Trd, 4318562.343, 62
Trd, 4318562.843, 103
Trd, 4318564.093, 64
Trd, 4318565.393, 126
Trd, 4318566.143, 111
Trd, 4318567.043, 118
Trd, 4318567.243, 115
Trd, 4318567.643, 116
Trd, 4318567.793, 115
Trd, 4318567.893, 114
Trd, 4318568.793, 139
Trd, 4318569.243, 60
Trd, 4318569.643, 94
Trd, 4318571.293, 85
Trd, 4318571.943, 116
Trd, 4318572.093, 79
Trd, 4318572.443, 140
Trd, 4318573.693, 101
Trd, 4318574.443, 132
Trd, 4318575.443, 133
Trd, 4318575.943, 97
Trd, 4318576.393, 140
Trd, 4318576.743, 79
Trd, 4318577.193, 101
Trd, 4318577.593, 104
Trd, 4318578.293, 140
Trd, 4318578.593, 139
Trd, 4318579.893, 140
Trd, 4318580.993, 140
Trd, 4318581.193, 140
Trd, 4318582.093, 140
Trd, 4318583.193, 140
Trd, 4318583.593, 140
Trd, 4318583.893, 140
Trd, 4318585.193, 140
Trd, 4318585.293, 140
Trd, 4318585.393, 140
Trd, 4318586.593, 137
Trd, 4318586.643, 132
Trd, 4318587.643, 140
Trd, 4318587.743, 115
Trd, 4318588.493, 126
Trd, 4318588.593, 98
Trd, 4318590.443, 62
Trd, 4318590.543, 69
Trd, 4318592.493, 84
Trd, 4318593.643, 90
Trd, 4318593.843, 138
Trd, 4318594.743, 90
Trd, 4318595.393, 93
Trd, 4318596.643, 96
Trd, 4318596.843, 108
Trd, 4318597.643, 140
Trd, 4318597.793, 121
Trd, 4318598.593, 140
Trd, 4318599.493, 140
Trd, 4318599.943, 138
Trd, 4318599.993, 131
Trd, 4318600.593, 104
Trd, 4318601.293, 61
Trd, 4318601.743, 115
Trd, 4318603.693, 70
Trd, 4318603.993, 96
Trd, 4318604.143, 64
Trd, 4318605.093, 67
Trd, 4318605.343, 85
Trd, 4318606.043, 83
Trd, 4318606.643, 80
Trd, 4318606.843, 83
Trd, 4318608.693, 103
Trd, 4318609.143, 103
Trd, 4318609.293, 101
Trd, 4318609.643, 97
Trd, 4318611.643, 82
Trd, 4318612.743, 64
Trd, 4318613.043, 60
Trd, 4318613.843, 67
Trd, 4318615.293, 62
Trd, 4318615.743, 64
Trd, 4318616.243, 69
Trd, 4318617.943, 76
Trd, 4318618.843, 77
Trd, 4318619.393, 125
Trd, 4318620.943, 138
Trd, 4318621.243, 132
Trd, 4318622.543, 90
Trd, 4318623.293, 90
Trd, 4318623.343, 133
Trd, 4318623.543, 101
Trd, 4318627.343, 60
Trd, 4318627.793, 62
Trd, 4318627.893, 63
Trd, 4318628.893, 63
Trd, 4318629.243, 62
Trd, 4318630.193, 62
Trd, 4318630.993, 72
Trd, 4318631.543, 109
Trd, 4318631.693, 80
Trd, 4318633.093, 62
Trd, 4318634.443, 60
Trd, 4318635.043, 71
Trd, 4318635.543, 60
Trd, 4318636.743, 63
Trd, 4318637.243, 62
Trd, 4318637.443, 88
Trd, 4318637.743, 109
Trd, 4318638.743, 67
Trd, 4318639.543, 104
Trd, 4318639.793, 78
Trd, 4318640.893, 89
Trd, 4318641.893, 140
Trd, 4318642.393, 140
Trd, 4318642.943, 126
Trd, 4318643.243, 111
Trd, 4318643.643, 140
Trd, 4318644.343, 70
Trd, 4318645.743, 78
Trd, 4318646.993, 62
Trd, 4318648.143, 130
Trd, 4318648.993, 87
Trd, 4318649.193, 82
Trd, 4318649.493, 77
Trd, 4318650.093, 73
Trd, 4318650.393, 78
Trd, 4318650.643, 126
Trd, 4318651.593, 97
Trd, 4318651.743, 80
Trd, 4318652.493, 85
Trd, 4318653.343, 83
Trd, 4318654.443, 85
Trd, 4318655.143, 100
Trd, 4318655.293, 99
Trd, 4318656.193, 140
Trd, 4318656.693, 140
Trd, 4318657.893, 128
Trd, 4318657.943, 122
Trd, 4318659.243, 119
Trd, 4318659.543, 98
Trd, 4318660.943, 140
Trd, 4318661.293, 140
Trd, 4318661.543, 138
Trd, 4318661.943, 132
Trd, 4318662.843, 126
Trd, 4318663.193, 88
Trd, 4318663.943, 81
Trd, 4318664.543, 128
Trd, 4318665.243, 138
Trd, 4318665.743, 140
Trd, 4318666.243, 140
Trd, 4318666.293, 140
Trd, 4318666.893, 121
Trd, 4318668.693, 140
Trd, 4318668.793, 140
Trd, 4318669.593, 132
Trd, 4318669.843, 127
Trd, 4318670.293, 62
Trd, 4318672.043, 61
Trd, 4318672.093, 63
Trd, 4318675.393, 64
Trd, 4318675.593, 78
Trd, 4318676.343, 66
Trd, 4318676.643, 66
Trd, 4318677.293, 94
Trd, 4318677.443, 73
Trd, 4318677.893, 86
Trd, 4318678.293, 122
Trd, 4318679.793, 140
Trd, 4318679.893, 76
Trd, 4318680.943, 77
Trd, 4318681.643, 77
Trd, 4318682.143, 86
Trd, 4318682.843, 96
Trd, 4318682.943, 81
Trd, 4318683.243, 64
Trd, 4318687.293, 62
Trd, 4318687.543, 64
Trd, 4318688.243, 102
Trd, 4318689.743, 140
Trd, 4318690.043, 74
Trd, 4318690.393, 72
Trd, 4318690.943, 139
Trd, 4318692.343, 140
Trd, 4318692.493, 140
Trd, 4318692.743, 131
Trd, 4318693.743, 140
Trd, 4318694.943, 140
Trd, 4318696.143, 140
Trd, 4318696.443, 140
Trd, 4318696.493, 140
Trd, 4318697.193, 111
Trd, 4318697.993, 140
Trd, 4318698.043, 72
Trd, 4318698.743, 140
Trd, 4318700.443, 80
Trd, 4318700.693, 86
Trd, 4318701.243, 101
Trd, 4318702.093, 86
Trd, 4318703.293, 86
Trd, 4318703.593, 111
Trd, 4318703.643, 84
Trd, 4318704.843, 71
Trd, 4318705.643, 68
Trd, 4318705.793, 132
Trd, 4318707.393, 62
Trd, 4318708.843, 61
Trd, 4318709.443, 60
Trd, 4318709.493, 60
Trd, 4318711.893, 101
Trd, 4318712.043, 66
Trd, 4318712.193, 104
Trd, 4318712.293, 61
Trd, 4318713.743, 75
Trd, 4318713.793, 74
Trd, 4318715.393, 75
Trd, 4318715.943, 63
Trd, 4318716.643, 70
Trd, 4318718.893, 61
Trd, 4318719.293, 63
Trd, 4318719.343, 104
Trd, 4318719.993, 64
Trd, 4318721.343, 67
Trd, 4318721.893, 86
Trd, 4318722.343, 70
Trd, 4318722.643, 138
Trd, 4318723.393, 67
Trd, 4318724.443, 128
Trd, 4318725.943, 139
Trd, 4318726.693, 139
Trd, 4318726.793, 139
Trd, 4318727.393, 138
Trd, 4318728.493, 133
Trd, 4318728.743, 132
Trd, 4318729.893, 122
Trd, 4318730.093, 129
Trd, 4318730.293, 114
Trd, 4318730.943, 138
Trd, 4318731.943, 87
Trd, 4318734.493, 140
Trd, 4318734.643, 123
Trd, 4318734.793, 140
Trd, 4318735.443, 123
Trd, 4318735.643, 122
Trd, 4318736.643, 124
Trd, 4318737.093, 124
Trd, 4318737.743, 127
Trd, 4318738.143, 129
Trd, 4318738.493, 140
Trd, 4318738.693, 117
Trd, 4318739.943, 139
Trd, 4318741.443, 131
Trd, 4318741.643, 89
Trd, 4318742.043, 64
Trd, 4318742.493, 64
Trd, 4318744.943, 67
Trd, 4318745.193, 79
Trd, 4318745.493, 68
Trd, 4318746.043, 140
Trd, 4318746.393, 124
Trd, 4318746.443, 123
Trd, 4318747.793, 108
Trd, 4318748.293, 107
Trd, 4318748.543, 137
Trd, 4318749.743, 139
Trd, 4318749.943, 138
Trd, 4318750.093, 136
Trd, 4318750.293, 133
Trd, 4318751.893, 136
Trd, 4318751.993, 120
Trd, 4318752.793, 138
Trd, 4318753.093, 103
Trd, 4318753.493, 81
Trd, 4318754.643, 118
Trd, 4318755.193, 118
Trd, 4318756.793, 119
Trd, 4318757.493, 116
Trd, 4318757.793, 105
Trd, 4318758.193, 128
Trd, 4318760.343, 62
Trd, 4318760.843, 76
Trd, 4318761.443, 73
Trd, 4318762.293, 69
Trd, 4318763.493, 60
Trd, 4318763.943, 60
Trd, 4318764.543, 86
Trd, 4318766.493, 61
Trd, 4318766.543, 69
Trd, 4318767.443, 123
Trd, 4318768.743, 119
Trd, 4318768.843, 118
Trd, 4318769.293, 117
Trd, 4318770.543, 140
Trd, 4318770.993, 139
Trd, 4318771.493, 133
Trd, 4318771.593, 140
Trd, 4318771.943, 132
Trd, 4318771.993, 96
Trd, 4318773.543, 62
Trd, 4318773.743, 66
Trd, 4318774.843, 74
Trd, 4318775.693, 136
Trd, 4318776.743, 126
Trd, 4318777.143, 139
Trd, 4318777.243, 138
Trd, 4318778.393, 131
Trd, 4318778.443, 124
Trd, 4318778.543, 124
Trd, 4318778.793, 123
Trd, 4318781.293, 70
Trd, 4318781.543, 79
Trd, 4318781.893, 112
Trd, 4318783.093, 108
Trd, 4318784.743, 140
Trd, 4318784.943, 140
Trd, 4318784.993, 139
Trd, 4318786.193, 136
Trd, 4318786.493, 120
Trd, 4318786.743, 95
Trd, 4318787.693, 109
Trd, 4318787.893, 90
Trd, 4318788.193, 84
Trd, 4318789.993, 60
Trd, 4318790.043, 63
Trd, 4318790.343, 139
Trd, 4318790.743, 138
Trd, 4318791.643, 60
Trd, 4318793.143, 75
Trd, 4318793.943, 63
Trd, 4318795.993, 61
Trd, 4318796.143, 60
Trd, 4318796.293, 62
Trd, 4318797.693, 61
Trd, 4318798.293, 82
Trd, 4318800.493, 81
Trd, 4318801.243, 69
Trd, 4318801.493, 89
Trd, 4318801.693, 67
Trd, 4318802.493, 85
Trd, 4318803.293, 71
Trd, 4318804.193, 73
Trd, 4318804.343, 69
Trd, 4318804.393, 76
Trd, 4318804.793, 71
Trd, 4318805.343, 69
Trd, 4318806.343, 79
Trd, 4318806.543, 98
Trd, 4318809.793, 140
Trd, 4318810.193, 140
Trd, 4318810.893, 140
Trd, 4318811.193, 140
Trd, 4318811.543, 139
Trd, 4318811.643, 135
Trd, 4318812.293, 135
Trd, 4318812.443, 134
Trd, 4318812.893, 132
Trd, 4318813.493, 135
Trd, 4318813.943, 135
Trd, 4318815.343, 123
Trd, 4318816.393, 127
Trd, 4318816.593, 126
Trd, 4318817.843, 140
Trd, 4318818.093, 140
Trd, 4318818.843, 140
Trd, 4318819.543, 140
Trd, 4318820.493, 133
Trd, 4318821.693, 140
Trd, 4318822.143, 140
Trd, 4318822.693, 140
Trd, 4318822.843, 140
Trd, 4318823.343, 126
Trd, 4318823.843, 135
Trd, 4318824.943, 131
Trd, 4318825.393, 106
Trd, 4318826.693, 140
Trd, 4318827.493, 140
Trd, 4318827.743, 140
Trd, 4318828.193, 133
Trd, 4318829.293, 134
Trd, 4318829.893, 133
Trd, 4318829.993, 126
Trd, 4318830.893, 140
Trd, 4318831.343, 140
Trd, 4318832.143, 136
Trd, 4318833.093, 125
Trd, 4318833.193, 123
Trd, 4318834.143, 127
Trd, 4318834.493, 102
Trd, 4318834.893, 138
Trd, 4318835.943, 102
Trd, 4318836.893, 140
Trd, 4318838.193, 140
Trd, 4318838.393, 139
Trd, 4318838.943, 81
Trd, 4318840.143, 129
Trd, 4318840.843, 138
Trd, 4318841.543, 98
Trd, 4318841.893, 96
Trd, 4318842.293, 96
Trd, 4318843.393, 95
Trd, 4318843.443, 91
Trd, 4318845.193, 140
Trd, 4318845.643, 140
Trd, 4318846.843, 140
Trd, 4318847.243, 140
Trd, 4318848.343, 109
Trd, 4318849.443, 125
Trd, 4318849.543, 109
Trd, 4318849.993, 102
Trd, 4318851.093, 65
Trd, 4318851.493, 61
Trd, 4318852.643, 69
Trd, 4318853.493, 73
Trd, 4318855.093, 68
Trd, 4318855.543, 104
Trd, 4318856.293, 70
Trd, 4318856.693, 67
Trd, 4318857.543, 73
Trd, 4318857.943, 102
Trd, 4318858.593, 114
Trd, 4318859.293, 116
Trd, 4318859.793, 118
Trd, 4318860.443, 100
Trd, 4318860.543, 99
Trd, 4318863.193, 140
Trd, 4318864.443, 140
Trd, 4318865.143, 140
Trd, 4318865.593, 140
Trd, 4318865.843, 140
Trd, 4318866.193, 136
Trd, 4318866.593, 126
Trd, 4318867.843, 140
Trd, 4318868.793, 106
Trd, 4318868.893, 120
Trd, 4318869.943, 139
Trd, 4318870.793, 114
Trd, 4318871.043, 92
Trd, 4318871.293, 97
Trd, 4318871.393, 91
Trd, 4318872.643, 138
Trd, 4318872.943, 134
Trd, 4318873.393, 135
Trd, 4318873.743, 134
Trd, 4318874.843, 88
Trd, 4318874.893, 85
Trd, 4318875.143, 113
Trd, 4318877.393, 60
Trd, 4318878.793, 60
Trd, 4318878.843, 63
Trd, 4318879.343, 139
Trd, 4318880.543, 60
Trd, 4318881.043, 61
Trd, 4318882.493, 94
Trd, 4318882.593, 71
Trd, 4318883.543, 95
Trd, 4318884.393, 75
Trd, 4318885.093, 136
Trd, 4318885.693, 75
Trd, 4318886.593, 97
Trd, 4318888.393, 63
Trd, 4318888.693, 66
Trd, 4318889.093, 78
Trd, 4318890.643, 69
Trd, 4318891.443, 60
Trd, 4318893.243, 60
Trd, 4318893.693, 62
Trd, 4318893.793, 64
Trd, 4318893.993, 68
Trd, 4318894.693, 66
Trd, 4318896.143, 126
Trd, 4318896.243, 124
Trd, 4318896.543, 140
Trd, 4318896.643, 89
Trd, 4318897.543, 82
Trd, 4318897.993, 68
Trd, 4318898.543, 128
Trd, 4318901.293, 108
Trd, 4318901.493, 82
Trd, 4318902.143, 82
Trd, 4318903.343, 116
Trd, 4318903.793, 138
Trd, 4318903.893, 83
Trd, 4318904.643, 140
Trd, 4318905.443, 137
Trd, 4318905.593, 136
Trd, 4318906.343, 91
Trd, 4318907.393, 95
Trd, 4318908.543, 67
Trd, 4318909.143, 140
Trd, 4318909.493, 140
Trd, 4318911.343, 140
Trd, 4318913.093, 140
Trd, 4318913.293, 140
Trd, 4318913.343, 140
Trd, 4318914.543, 137
Trd, 4318916.543, 140
Trd, 4318916.593, 140
Trd, 4318916.993, 140
Trd, 4318917.393, 137
Trd, 4318918.243, 139
Trd, 4318918.943, 139
Trd, 4318919.043, 138
Trd, 4318919.193, 132
Trd, 4318919.493, 133
Trd, 4318920.093, 137
Trd, 4318920.143, 137
Trd, 4318921.443, 138
Trd, 4318922.043, 77
Trd, 4318925.293, 69
Trd, 4318926.243, 124
Trd, 4318927.593, 140
Trd, 4318928.343, 139
Trd, 4318928.593, 139
Trd, 4318930.293, 140
Trd, 4318930.393, 140
Trd, 4318930.643, 128
Trd, 4318930.693, 127
Trd, 4318931.543, 126
Trd, 4318932.293, 125
Trd, 4318932.693, 124
Trd, 4318933.543, 124
Trd, 4318934.643, 140
Trd, 4318937.643, 140
Trd, 4318937.793, 140
Trd, 4318937.843, 140
Trd, 4318938.043, 139
Trd, 4318938.443, 132
Trd, 4318939.643, 61
Trd, 4318940.643, 79
Trd, 4318941.143, 80
Trd, 4318943.293, 140
Trd, 4318944.043, 140
Trd, 4318945.043, 140
Trd, 4318945.243, 140
Trd, 4318947.043, 140
Trd, 4318947.393, 140
Trd, 4318948.493, 140
Trd, 4318949.093, 137
Trd, 4318949.393, 138
Trd, 4318949.743, 138
Trd, 4318949.993, 133
Trd, 4318950.843, 140
Trd, 4318951.443, 120
Trd, 4318951.843, 137
Trd, 4318951.943, 126
Trd, 4318953.093, 134
Trd, 4318954.143, 111
Trd, 4318955.193, 110
Trd, 4318956.193, 102
Trd, 4318956.293, 98
Trd, 4318956.643, 71
Trd, 4318957.343, 107
Trd, 4318958.643, 135
Trd, 4318959.193, 137
Trd, 4318960.743, 62
Trd, 4318960.793, 63
Trd, 4318962.393, 60
Trd, 4318963.293, 65
Trd, 4318965.143, 78
Trd, 4318965.493, 102
Trd, 4318965.693, 77
Trd, 4318966.093, 106
Trd, 4318966.243, 80
Trd, 4318967.293, 82
Trd, 4318968.443, 140
Trd, 4318968.493, 140
Trd, 4318968.543, 140
Trd, 4318969.393, 128
Trd, 4318970.593, 138
Trd, 4318970.743, 125
Trd, 4318971.643, 134
Trd, 4318971.793, 124
Trd, 4318972.093, 119
Trd, 4318974.143, 140
Trd, 4318974.243, 140
Trd, 4318976.243, 136
Trd, 4318976.693, 131
Trd, 4318977.193, 130
Trd, 4318977.493, 121
Trd, 4318977.693, 118
Trd, 4318979.043, 140
Trd, 4318980.693, 140
Trd, 4318981.343, 140
Trd, 4318981.643, 140
Trd, 4318983.343, 140
Trd, 4318983.443, 140
Trd, 4318983.893, 134
Trd, 4318984.093, 133
Trd, 4318984.943, 131
Trd, 4318985.393, 124
Trd, 4318986.993, 129
Trd, 4318987.443, 96
Trd, 4318988.443, 99
Trd, 4318989.293, 112
Trd, 4318989.943, 114
Trd, 4318990.543, 115
Trd, 4318990.693, 113
Trd, 4318991.043, 111
Trd, 4318991.143, 124
Trd, 4318992.843, 140
Trd, 4318992.893, 139
Trd, 4318993.343, 110
Trd, 4318993.393, 108
Trd, 4318994.893, 132
Trd, 4318995.393, 132
Trd, 4318995.743, 86
Trd, 4318996.293, 67
Trd, 4318997.593, 66
Trd, 4318997.993, 100
Trd, 4318998.193, 65
Trd, 4318998.293, 93
Trd, 4318999.343, 63
Trd, 4319000.643, 94
Trd, 4319001.643, 140
Trd, 4319002.293, 67
Trd, 4319002.443, 93
Trd, 4319004.143, 140
Trd, 4319004.493, 140
Trd, 4319004.793, 139
Trd, 4319005.693, 140
Trd, 4319005.943, 133
Trd, 4319006.193, 129
Trd, 4319007.843, 125
Trd, 4319008.093, 121
Trd, 4319008.693, 106
Trd, 4319009.443, 73
Trd, 4319010.443, 140
Trd, 4319011.293, 140
Trd, 4319011.393, 115
Trd, 4319011.743, 139
Trd, 4319013.143, 105
Trd, 4319014.093, 104
Trd, 4319014.143, 103
Trd, 4319014.943, 140
Trd, 4319015.193, 138
Trd, 4319016.693, 122
Trd, 4319016.793, 112
Trd, 4319017.943, 77
Trd, 4319019.093, 60
Trd, 4319019.393, 65
Trd, 4319020.493, 63
Trd, 4319022.893, 61
Trd, 4319022.943, 84
Trd, 4319023.193, 60
Trd, 4319024.443, 72
Trd, 4319024.593, 96
Trd, 4319025.843, 140
Trd, 4319027.143, 140
Trd, 4319027.693, 140
Trd, 4319027.843, 135
Trd, 4319028.643, 135
Trd, 4319030.343, 140
Trd, 4319030.693, 140
Trd, 4319030.993, 125
Trd, 4319031.243, 135
Trd, 4319031.593, 102
Trd, 4319032.743, 134
Trd, 4319032.843, 132
Trd, 4319034.393, 124
Trd, 4319034.743, 120
Trd, 4319035.593, 79
Trd, 4319036.543, 140
Trd, 4319036.643, 132
Trd, 4319036.843, 132
Trd, 4319036.893, 131
Trd, 4319037.693, 95
Trd, 4319038.293, 94
Trd, 4319038.943, 87
Trd, 4319039.043, 94
Trd, 4319040.143, 61
Trd, 4319041.843, 140
Trd, 4319042.993, 140
Trd, 4319043.243, 140
Trd, 4319043.443, 138
Trd, 4319043.993, 133
Trd, 4319044.243, 132
Trd, 4319045.793, 138
Trd, 4319046.143, 132
Trd, 4319046.193, 126
Trd, 4319046.443, 113
Trd, 4319047.243, 90
Trd, 4319047.743, 68
Trd, 4319048.593, 69
Trd, 4319050.643, 61
Trd, 4319052.193, 64
Trd, 4319052.693, 67
Trd, 4319052.993, 69
Trd, 4319053.443, 64
Trd, 4319054.593, 78
Trd, 4319054.943, 76
Trd, 4319055.193, 76
Trd, 4319056.493, 86
Trd, 4319057.043, 84
Trd, 4319057.293, 96
Trd, 4319057.543, 140
Trd, 4319057.743, 137
Trd, 4319058.093, 85
Trd, 4319058.293, 79
Trd, 4319060.543, 110
Trd, 4319061.093, 110
Trd, 4319061.443, 108
Trd, 4319062.893, 99
Trd, 4319063.343, 104
Trd, 4319063.693, 111
Trd, 4319064.293, 122
Trd, 4319065.143, 103
Trd, 4319065.993, 110
Trd, 4319066.343, 116
Trd, 4319067.143, 111
Trd, 4319068.293, 119
Trd, 4319069.793, 134
Trd, 4319070.143, 82
Trd, 4319070.343, 136
Trd, 4319070.543, 124
Trd, 4319071.843, 62
Trd, 4319073.243, 69
Trd, 4319073.493, 87
Trd, 4319073.593, 67
Trd, 4319074.593, 103
Trd, 4319075.143, 116
Trd, 4319075.593, 101
Trd, 4319076.093, 123
Trd, 4319076.293, 123
Trd, 4319076.343, 122
Trd, 4319077.043, 125
Trd, 4319077.643, 121
Trd, 4319077.693, 120
Trd, 4319079.243, 140
Trd, 4319079.343, 138
Trd, 4319079.893, 125
Trd, 4319080.843, 140
Trd, 4319082.493, 61
Trd, 4319083.743, 124
Trd, 4319084.793, 140
Trd, 4319085.093, 124
Trd, 4319085.743, 125
Trd, 4319086.343, 123
Trd, 4319086.493, 116
Trd, 4319087.193, 128
Trd, 4319088.693, 125
Trd, 4319089.093, 91
Trd, 4319089.843, 61
Trd, 4319089.943, 63
Trd, 4319090.643, 61
Trd, 4319092.293, 71
Trd, 4319092.643, 140
Trd, 4319092.993, 69
Trd, 4319093.893, 137
Trd, 4319095.293, 112
Trd, 4319095.993, 104
Trd, 4319096.843, 103
Trd, 4319097.143, 138
Trd, 4319098.743, 137
Trd, 4319098.893, 140
Trd, 4319098.943, 137
Trd, 4319099.243, 131
Trd, 4319099.443, 124
Trd, 4319100.843, 65
Trd, 4319100.943, 70
Trd, 4319101.943, 85
Trd, 4319102.093, 89
Trd, 4319103.193, 126
Trd, 4319104.943, 67
Trd, 4319105.443, 78
Trd, 4319105.693, 79
Trd, 4319105.943, 77
Trd, 4319106.293, 68
Trd, 4319107.193, 70
Trd, 4319108.943, 61
Trd, 4319110.193, 60
Trd, 4319112.143, 86
Trd, 4319112.393, 70
Trd, 4319113.443, 139
Trd, 4319113.793, 140
Trd, 4319114.343, 140
Trd, 4319114.543, 140
Trd, 4319114.943, 138
Trd, 4319116.093, 133
Trd, 4319116.343, 140
Trd, 4319116.993, 126
Trd, 4319117.793, 140
Trd, 4319119.543, 119
Trd, 4319119.693, 118
Trd, 4319119.993, 133
Trd, 4319120.443, 64
Trd, 4319121.893, 73
Trd, 4319122.193, 85
Trd, 4319123.543, 61
Trd, 4319124.843, 139
Trd, 4319125.193, 140
Trd, 4319125.443, 138
Trd, 4319126.443, 125
Trd, 4319126.843, 115
Trd, 4319128.293, 140
Trd, 4319128.643, 140
Trd, 4319129.143, 140
Trd, 4319129.643, 91
Trd, 4319129.693, 90
Trd, 4319130.093, 87
Trd, 4319131.843, 140
Trd, 4319132.143, 135
Trd, 4319133.593, 140
Trd, 4319133.793, 140
Trd, 4319134.093, 140
Trd, 4319134.993, 140
Trd, 4319135.793, 140
Trd, 4319136.443, 140
Trd, 4319136.493, 140
Trd, 4319137.943, 140
Trd, 4319138.593, 140
Trd, 4319138.643, 139
Trd, 4319139.043, 132
Trd, 4319140.443, 126
Trd, 4319141.543, 68
Trd, 4319142.093, 116
Trd, 4319142.243, 60
Trd, 4319143.693, 63
Trd, 4319143.843, 134
Trd, 4319146.293, 64
Trd, 4319146.493, 68
Trd, 4319146.543, 92
Trd, 4319148.743, 65
Trd, 4319149.093, 66
Trd, 4319149.893, 65
Trd, 4319150.643, 68
Trd, 4319150.793, 73
Trd, 4319150.893, 64
Trd, 4319151.243, 127
Trd, 4319151.943, 68
Trd, 4319153.443, 140
Trd, 4319154.193, 140
Trd, 4319154.543, 140
Trd, 4319154.693, 140
Trd, 4319155.143, 133
Trd, 4319156.143, 140
Trd, 4319156.493, 140
Trd, 4319156.743, 139
Trd, 4319157.043, 139
Trd, 4319158.293, 138
Trd, 4319159.393, 114
Trd, 4319159.793, 113
Trd, 4319159.943, 112
Trd, 4319160.543, 138
Trd, 4319160.943, 140
Trd, 4319161.093, 120
Trd, 4319164.043, 85
Trd, 4319164.143, 83
Trd, 4319164.843, 82
Trd, 4319165.093, 79
Trd, 4319165.793, 124
Trd, 4319165.943, 119
Trd, 4319166.543, 135
Trd, 4319167.493, 136
Trd, 4319167.693, 135
Trd, 4319168.043, 66
Trd, 4319168.293, 61
Trd, 4319168.743, 63
Trd, 4319168.843, 64
Trd, 4319170.993, 140
Trd, 4319171.193, 140
Trd, 4319172.143, 140
Trd, 4319172.743, 140
Trd, 4319172.943, 140
Trd, 4319173.043, 140
Trd, 4319174.243, 100
Trd, 4319175.043, 101
Trd, 4319176.093, 103
Trd, 4319176.743, 60
Trd, 4319179.143, 60
Trd, 4319179.293, 66
Trd, 4319179.493, 69
Trd, 4319181.743, 60
Trd, 4319182.943, 63
Trd, 4319182.993, 109
Trd, 4319183.793, 63
Trd, 4319183.843, 82
Trd, 4319184.143, 63
Trd, 4319185.293, 104
Trd, 4319185.493, 103
Trd, 4319185.643, 135
Trd, 4319187.443, 140
Trd, 4319187.543, 108
Trd, 4319188.443, 108
Trd, 4319189.693, 139
Trd, 4319189.993, 138
Trd, 4319190.843, 139
Trd, 4319190.993, 136
Trd, 4319191.543, 127
Trd, 4319191.693, 122
Trd, 4319192.593, 132
Trd, 4319193.393, 119
Trd, 4319194.443, 118
Trd, 4319196.243, 140
Trd, 4319196.943, 140
Trd, 4319197.043, 139
Trd, 4319197.593, 127
Trd, 4319199.093, 122
Trd, 4319199.143, 135
Trd, 4319199.743, 140
Trd, 4319199.843, 125
Trd, 4319201.043, 139
Trd, 4319201.643, 134
Trd, 4319201.793, 133
Trd, 4319201.843, 132
Trd, 4319203.293, 139
Trd, 4319203.543, 138
Trd, 4319204.443, 137
Trd, 4319204.993, 60
Trd, 4319205.993, 140
Trd, 4319207.943, 67
Trd, 4319209.243, 62
Trd, 4319209.993, 62
Trd, 4319210.843, 65
Trd, 4319211.693, 80
Trd, 4319212.693, 70
Trd, 4319213.343, 68
Trd, 4319213.743, 66
Trd, 4319214.343, 81
Trd, 4319215.793, 124
Trd, 4319216.493, 99
Trd, 4319217.293, 99
Trd, 4319217.943, 100
Trd, 4319218.393, 100
Trd, 4319218.643, 99
Trd, 4319219.593, 126
Trd, 4319219.693, 109
Trd, 4319220.593, 61
Trd, 4319221.443, 60
Trd, 4319224.393, 65
Trd, 4319224.543, 66
Trd, 4319224.943, 79
Trd, 4319225.243, 80
Trd, 4319227.343, 61
Trd, 4319227.693, 63
Trd, 4319228.643, 140
Trd, 4319228.793, 140
Trd, 4319229.093, 140
Trd, 4319229.143, 139
Trd, 4319229.743, 140
Trd, 4319230.043, 132
Trd, 4319231.543, 129
Trd, 4319231.743, 95
Trd, 4319232.693, 95
Trd, 4319233.343, 114
Trd, 4319233.993, 140
Trd, 4319234.143, 140
Trd, 4319235.793, 63
Trd, 4319237.043, 140
Trd, 4319237.093, 140
Trd, 4319237.343, 138
Trd, 4319237.643, 132
Trd, 4319237.693, 125
Trd, 4319239.393, 140
Trd, 4319240.643, 121
Trd, 4319240.993, 85
Trd, 4319241.443, 108
Trd, 4319242.293, 88
Trd, 4319242.943, 88
Trd, 4319243.393, 101
Trd, 4319243.643, 87
Trd, 4319244.393, 139
Trd, 4319244.943, 127
Trd, 4319245.643, 131
Trd, 4319245.743, 130
Trd, 4319247.643, 124
Trd, 4319248.193, 123
Trd, 4319248.293, 122
Trd, 4319248.693, 111
Trd, 4319249.843, 97
Trd, 4319250.093, 93
Trd, 4319250.743, 76
Trd, 4319252.743, 140
Trd, 4319253.793, 140
Trd, 4319253.893, 140
Trd, 4319254.093, 139
Trd, 4319254.243, 132
Trd, 4319254.293, 105
Trd, 4319255.343, 64
Trd, 4319255.943, 137
Trd, 4319256.243, 135
Trd, 4319258.193, 61
Trd, 4319259.043, 62
Trd, 4319259.593, 70
Trd, 4319260.593, 60
Trd, 4319262.093, 68
Trd, 4319263.043, 108
Trd, 4319264.893, 65
Trd, 4319264.993, 71
Trd, 4319265.143, 78
Trd, 4319265.693, 140
Trd, 4319266.443, 138
Trd, 4319266.743, 140
Trd, 4319266.893, 132
Trd, 4319267.893, 62
Trd, 4319270.893, 64
Trd, 4319271.143, 60
Trd, 4319271.293, 89
Trd, 4319271.893, 64
Trd, 4319272.193, 139
Trd, 4319272.493, 65
Trd, 4319272.543, 63
Trd, 4319273.293, 70
Trd, 4319274.643, 140
Trd, 4319274.793, 140
Trd, 4319275.293, 140
Trd, 4319276.293, 134
Trd, 4319276.393, 133
Trd, 4319276.493, 132
Trd, 4319277.193, 139
Trd, 4319277.393, 139
Trd, 4319278.043, 131
Trd, 4319279.393, 140
Trd, 4319280.693, 140
Trd, 4319280.843, 139
Trd, 4319281.093, 132
Trd, 4319282.293, 130
Trd, 4319282.493, 129
Trd, 4319283.043, 135
Trd, 4319283.093, 133
Trd, 4319283.493, 117
Trd, 4319285.143, 140
Trd, 4319285.293, 120
Trd, 4319286.643, 118
Trd, 4319288.293, 137
Trd, 4319288.343, 135
Trd, 4319290.243, 140
Trd, 4319290.493, 140
Trd, 4319290.643, 138
Trd, 4319291.393, 140
Trd, 4319291.443, 140
Trd, 4319292.393, 140
Trd, 4319292.693, 138
Trd, 4319293.243, 137
Trd, 4319293.293, 136
Trd, 4319294.993, 136
Trd, 4319295.343, 126
Trd, 4319296.093, 140
Trd, 4319296.343, 123
Trd, 4319297.893, 139
Trd, 4319299.393, 140
Trd, 4319299.743, 139
Trd, 4319300.343, 138
Trd, 4319300.893, 137
Trd, 4319301.543, 131
Trd, 4319301.893, 98
Trd, 4319302.743, 138
Trd, 4319302.893, 133
Trd, 4319304.143, 140
Trd, 4319305.393, 140
Trd, 4319305.493, 140
Trd, 4319305.593, 140
Trd, 4319305.893, 138
Trd, 4319307.643, 132
Trd, 4319308.493, 139
Trd, 4319309.443, 136
Trd, 4319309.543, 136
Trd, 4319309.643, 122
Trd, 4319310.093, 60
Trd, 4319310.743, 62
Trd, 4319312.543, 65
Trd, 4319314.293, 67
Trd, 4319314.343, 61
Trd, 4319314.793, 60
Trd, 4319315.543, 63
Trd, 4319315.893, 67
Trd, 4319316.693, 139
Trd, 4319317.393, 139
Trd, 4319317.493, 136
Trd, 4319317.893, 139
Trd, 4319318.593, 125
Trd, 4319319.593, 125
Trd, 4319320.293, 126
Trd, 4319320.693, 126
Trd, 4319321.593, 140
Trd, 4319321.743, 140
Trd, 4319322.543, 133
Trd, 4319322.693, 125
Trd, 4319323.643, 139
Trd, 4319325.143, 140
Trd, 4319325.743, 139
Trd, 4319326.643, 116
Trd, 4319326.693, 103
Trd, 4319327.243, 104
Trd, 4319327.293, 103
Trd, 4319329.593, 64
Trd, 4319329.943, 62
Trd, 4319331.593, 66
Trd, 4319331.643, 94
Trd, 4319332.293, 61
Trd, 4319333.593, 62
Trd, 4319334.493, 63
Trd, 4319334.793, 85
Trd, 4319336.043, 140
Trd, 4319336.093, 140
Trd, 4319337.043, 140
Trd, 4319338.093, 140
Trd, 4319338.343, 140
Trd, 4319338.793, 140
Trd, 4319338.943, 140
Trd, 4319339.093, 140
Trd, 4319339.793, 132
Trd, 4319340.093, 132
Trd, 4319341.393, 139
Trd, 4319341.443, 128
Trd, 4319342.093, 98
Trd, 4319343.093, 140
Trd, 4319343.493, 138
Trd, 4319343.893, 121
Trd, 4319345.743, 140
Trd, 4319345.943, 140
Trd, 4319346.893, 140
Trd, 4319346.943, 140
Trd, 4319347.143, 136
Trd, 4319347.593, 114
Trd, 4319348.893, 67
Trd, 4319349.543, 63
Trd, 4319351.593, 107
Trd, 4319352.043, 106
Trd, 4319352.743, 106
Trd, 4319353.543, 140
Trd, 4319353.593, 140
Trd, 4319353.643, 114
Trd, 4319354.343, 109
Trd, 4319354.593, 103
Trd, 4319357.643, 140
Trd, 4319357.893, 133
Trd, 4319358.193, 134
Trd, 4319358.293, 132
Trd, 4319358.793, 138
Trd, 4319359.243, 140
Trd, 4319360.143, 139
Trd, 4319361.643, 140
Trd, 4319362.043, 140
Trd, 4319363.193, 125
Trd, 4319363.493, 122
Trd, 4319364.443, 122
Trd, 4319365.493, 105
Trd, 4319366.093, 110
Trd, 4319366.793, 110
Trd, 4319367.693, 140
Trd, 4319368.193, 140
Trd, 4319368.343, 138
Trd, 4319369.243, 136
Trd, 4319369.543, 130
Trd, 4319370.043, 113
Trd, 4319370.543, 114
Trd, 4319372.493, 94
Trd, 4319373.393, 62
Trd, 4319373.793, 65
Trd, 4319375.543, 98
Trd, 4319376.643, 60
Trd, 4319377.743, 64
Trd, 4319379.443, 65
Trd, 4319379.843, 139
Trd, 4319380.843, 67
Trd, 4319381.443, 72
Trd, 4319382.893, 90
Trd, 4319383.043, 78
Trd, 4319383.243, 110
Trd, 4319383.343, 77
Trd, 4319384.043, 80
Trd, 4319384.543, 78
Trd, 4319384.693, 78
Trd, 4319384.743, 76
Trd, 4319384.843, 90
Trd, 4319385.143, 71
Trd, 4319385.893, 140
Trd, 4319386.543, 132
Trd, 4319387.293, 97
Trd, 4319389.193, 68
Trd, 4319392.143, 60
Trd, 4319392.743, 62
Trd, 4319394.443, 61
Trd, 4319394.743, 60
Trd, 4319395.093, 75
Trd, 4319395.143, 80
Trd, 4319395.843, 129
Trd, 4319397.793, 60
Trd, 4319398.543, 60
Trd, 4319399.043, 62
Trd, 4319401.443, 71
Trd, 4319401.593, 83
Trd, 4319402.843, 140
Trd, 4319402.993, 75
Trd, 4319404.243, 129
Trd, 4319404.693, 76
Trd, 4319405.493, 102
Trd, 4319405.743, 101
Trd, 4319406.943, 140
Trd, 4319407.293, 140
Trd, 4319407.793, 139
Trd, 4319408.293, 133
Trd, 4319409.243, 133
Trd, 4319409.643, 125
Trd, 4319410.443, 118
Trd, 4319410.943, 113
Trd, 4319412.643, 79
Trd, 4319413.043, 60
Trd, 4319413.093, 64
Trd, 4319415.693, 84
Trd, 4319415.743, 86
Trd, 4319416.493, 60
Trd, 4319417.593, 63
Trd, 4319418.443, 63
Trd, 4319419.643, 127
Trd, 4319419.793, 126
Trd, 4319419.843, 124
Trd, 4319420.093, 137
Trd, 4319421.293, 140
Trd, 4319422.393, 140
Trd, 4319422.693, 133
Trd, 4319422.793, 132
Trd, 4319423.293, 105
Trd, 4319424.743, 140
Trd, 4319424.843, 140
Trd, 4319425.193, 140
Trd, 4319426.493, 140
Trd, 4319427.043, 140
Trd, 4319427.493, 132
Trd, 4319427.793, 115
Trd, 4319428.143, 114
Trd, 4319429.593, 110
Trd, 4319430.693, 126
Trd, 4319431.043, 124
Trd, 4319431.443, 112
Trd, 4319431.843, 112
Trd, 4319431.893, 111
Trd, 4319432.093, 105
Trd, 4319432.543, 100
Trd, 4319433.393, 126
Trd, 4319434.743, 61
Trd, 4319434.993, 75
Trd, 4319437.643, 60
Trd, 4319437.843, 68
Trd, 4319438.193, 71
Trd, 4319438.693, 60
Trd, 4319438.743, 78
Trd, 4319439.893, 90
Trd, 4319440.693, 140
Trd, 4319441.393, 140
Trd, 4319442.343, 140
Trd, 4319442.393, 140
Trd, 4319442.793, 139
Trd, 4319442.993, 139
Trd, 4319443.493, 66
Trd, 4319443.943, 60
Trd, 4319445.293, 112
Trd, 4319446.443, 74
Trd, 4319446.493, 70
Trd, 4319446.993, 70
Trd, 4319447.843, 140
Trd, 4319448.343, 69
Trd, 4319448.743, 100
Trd, 4319451.143, 115
Trd, 4319452.093, 124
Trd, 4319452.493, 131
Trd, 4319452.693, 118
Trd, 4319453.343, 135
Trd, 4319454.343, 140
Trd, 4319454.593, 114
Trd, 4319455.093, 109
Trd, 4319455.693, 131
Trd, 4319456.243, 140
Trd, 4319456.293, 139
Trd, 4319457.493, 140
Trd, 4319459.893, 60
Trd, 4319461.093, 73
Trd, 4319461.693, 64
Trd, 4319463.243, 64
Trd, 4319463.643, 62
Trd, 4319465.843, 67
Trd, 4319465.943, 102
Trd, 4319467.493, 140
Trd, 4319467.843, 140
Trd, 4319467.943, 137
Trd, 4319468.143, 130
Trd, 4319469.543, 140
Trd, 4319471.543, 140
Trd, 4319472.743, 140
Trd, 4319473.443, 140
Trd, 4319474.343, 140
Trd, 4319474.543, 140
Trd, 4319474.593, 140
Trd, 4319474.643, 136
Trd, 4319477.793, 140
Trd, 4319478.093, 140
Trd, 4319478.343, 140
Trd, 4319478.693, 140
Trd, 4319479.893, 137
Trd, 4319480.443, 124
Trd, 4319481.193, 138
Trd, 4319481.793, 119
Trd, 4319482.093, 113
Trd, 4319482.193, 84
Trd, 4319484.193, 140
Trd, 4319484.243, 132
Trd, 4319484.793, 135
Trd, 4319484.843, 122
Trd, 4319485.993, 126
Trd, 4319487.593, 140
Trd, 4319487.643, 140
Trd, 4319488.693, 140
Trd, 4319488.743, 138
Trd, 4319490.393, 140
Trd, 4319491.043, 140
Trd, 4319491.443, 132
Trd, 4319491.693, 125
Trd, 4319492.643, 87
Trd, 4319493.143, 68
Trd, 4319493.693, 62
Trd, 4319493.943, 64
Trd, 4319494.643, 82
Trd, 4319495.193, 68
Trd, 4319495.893, 127
Trd, 4319497.643, 125
Trd, 4319498.043, 140
Trd, 4319499.393, 140
Trd, 4319499.543, 140
Trd, 4319499.743, 138
Trd, 4319500.593, 137
Trd, 4319500.693, 132
Trd, 4319501.293, 109
Trd, 4319501.593, 109
Trd, 4319502.093, 132
Trd, 4319502.293, 108
Trd, 4319502.843, 116
Trd, 4319504.043, 65
Trd, 4319505.343, 140
Trd, 4319505.743, 140
Trd, 4319505.843, 140
Trd, 4319506.843, 135
Trd, 4319507.893, 135
Trd, 4319508.393, 134
Trd, 4319509.543, 134
Trd, 4319509.593, 126
Trd, 4319510.293, 140
Trd, 4319510.393, 140
Trd, 4319510.993, 129
Trd, 4319511.593, 63
Trd, 4319512.393, 140
Trd, 4319512.543, 139
Trd, 4319513.993, 140
Trd, 4319515.343, 119
Trd, 4319515.693, 136
Trd, 4319515.793, 118
Trd, 4319518.143, 118
Trd, 4319518.593, 138
Trd, 4319520.043, 62
Trd, 4319521.343, 62
Trd, 4319521.543, 80
Trd, 4319521.893, 100
Trd, 4319522.743, 70
Trd, 4319523.243, 73
Trd, 4319523.493, 77
Trd, 4319524.343, 127
Trd, 4319524.593, 97
Trd, 4319525.793, 134
Trd, 4319525.843, 98
Trd, 4319527.293, 103
Trd, 4319527.493, 109
Trd, 4319528.643, 128
Trd, 4319529.843, 128
Trd, 4319530.193, 121
Trd, 4319531.443, 140
Trd, 4319531.643, 140
Trd, 4319531.843, 140
Trd, 4319531.943, 140
Trd, 4319532.393, 139
Trd, 4319534.043, 140
Trd, 4319534.243, 140
Trd, 4319535.093, 138
Trd, 4319536.243, 140
Trd, 4319536.493, 139
Trd, 4319536.593, 134
Trd, 4319536.743, 132
Trd, 4319537.943, 140
Trd, 4319539.343, 133
Trd, 4319539.393, 134
Trd, 4319539.993, 123
Trd, 4319540.093, 122
Trd, 4319540.793, 138
Trd, 4319542.243, 138
Trd, 4319542.743, 137
Trd, 4319543.193, 118
Trd, 4319543.593, 124
Trd, 4319543.843, 123
Trd, 4319544.143, 138
Trd, 4319544.443, 138
Trd, 4319545.593, 127
Trd, 4319546.693, 121
Trd, 4319547.143, 120
Trd, 4319547.593, 115
Trd, 4319547.843, 114
Trd, 4319548.243, 115
Trd, 4319548.993, 115
Trd, 4319549.643, 140
Trd, 4319551.793, 70
Trd, 4319551.893, 62
Trd, 4319552.593, 100
Trd, 4319553.543, 130
Trd, 4319553.943, 96
Trd, 4319554.643, 94
Trd, 4319555.643, 123
Trd, 4319555.743, 117
Trd, 4319556.393, 119
Trd, 4319556.793, 138
Trd, 4319558.043, 140
Trd, 4319559.743, 140
Trd, 4319559.793, 140
Trd, 4319560.343, 140
Trd, 4319561.193, 140
Trd, 4319563.593, 140
Trd, 4319564.243, 140
Trd, 4319564.893, 140
Trd, 4319564.993, 140
Trd, 4319565.393, 140
Trd, 4319565.893, 139
Trd, 4319566.093, 140
Trd, 4319566.643, 133
Trd, 4319566.993, 139
Trd, 4319567.293, 135
Trd, 4319568.243, 140
Trd, 4319569.043, 137
Trd, 4319569.193, 131
Trd, 4319569.293, 127
Trd, 4319572.543, 64
Trd, 4319572.893, 67
Trd, 4319573.843, 68
Trd, 4319574.043, 98
Trd, 4319574.443, 133
Trd, 4319575.643, 140
Trd, 4319577.393, 140
Trd, 4319578.343, 140
Trd, 4319578.793, 140
Trd, 4319579.143, 140
Trd, 4319580.793, 140
Trd, 4319582.093, 140
Trd, 4319582.243, 140
Trd, 4319582.943, 140
Trd, 4319583.193, 140
Trd, 4319584.443, 140
Trd, 4319585.393, 140
Trd, 4319585.443, 134
Trd, 4319586.443, 140
Trd, 4319586.743, 132
Trd, 4319587.093, 123
Trd, 4319587.243, 139
Trd, 4319587.293, 117
Trd, 4319588.793, 128
Trd, 4319589.193, 138
Trd, 4319591.443, 140
Trd, 4319591.643, 140
Trd, 4319592.093, 139
Trd, 4319592.293, 136
Trd, 4319592.543, 132
Trd, 4319592.693, 106
Trd, 4319592.943, 93
Trd, 4319595.143, 140
Trd, 4319595.443, 140
Trd, 4319595.543, 116
Trd, 4319596.093, 101
Trd, 4319596.193, 100
Trd, 4319598.243, 140
Trd, 4319598.293, 140
Trd, 4319598.893, 132
Trd, 4319598.993, 132
Trd, 4319600.193, 61
Trd, 4319601.343, 62
Trd, 4319601.643, 64
Trd, 4319602.993, 99
Trd, 4319603.293, 109
Trd, 4319603.593, 119
Trd, 4319603.793, 98
Trd, 4319605.593, 140
Trd, 4319605.693, 140
Trd, 4319606.493, 140
Trd, 4319606.693, 140
Trd, 4319606.893, 134
Trd, 4319609.393, 140
Trd, 4319609.543, 140
Trd, 4319609.643, 132
Trd, 4319609.893, 98
Trd, 4319611.043, 105
Trd, 4319611.443, 117
Trd, 4319611.793, 99
Trd, 4319611.943, 96
Trd, 4319612.893, 140
Trd, 4319613.493, 140
Trd, 4319613.893, 139
Trd, 4319614.193, 135
Trd, 4319616.243, 132
Trd, 4319616.343, 130
Trd, 4319616.493, 125
Trd, 4319616.643, 107
Trd, 4319616.943, 123
Trd, 4319617.593, 138
Trd, 4319618.143, 140
Trd, 4319619.543, 140
Trd, 4319619.993, 138
Trd, 4319620.693, 138
Trd, 4319622.093, 127
Trd, 4319622.243, 124
Trd, 4319622.543, 121
Trd, 4319623.043, 119
Trd, 4319623.443, 118
Trd, 4319623.493, 95
Trd, 4319624.993, 140
Trd, 4319626.443, 140
Trd, 4319626.943, 140
Trd, 4319627.443, 140
Trd, 4319627.793, 140
Trd, 4319627.943, 139
Trd, 4319628.293, 133
Trd, 4319629.943, 127
Trd, 4319630.093, 72
Trd, 4319630.393, 138
Trd, 4319630.743, 137
Trd, 4319633.643, 139
Trd, 4319634.093, 140
Trd, 4319634.143, 140
Trd, 4319634.393, 140
Trd, 4319634.593, 139
Trd, 4319636.143, 117
Trd, 4319636.443, 128
Trd, 4319636.993, 62
Trd, 4319638.193, 140
Trd, 4319638.943, 140
Trd, 4319638.993, 140
Trd, 4319640.593, 140
Trd, 4319640.643, 139
Trd, 4319640.843, 139
Trd, 4319641.593, 135
Trd, 4319641.643, 134
Trd, 4319644.193, 139
Trd, 4319644.243, 134
Trd, 4319645.993, 135
Trd, 4319646.093, 134
Trd, 4319646.443, 128
Trd, 4319647.293, 137
Trd, 4319647.343, 121
Trd, 4319648.493, 140
Trd, 4319648.843, 140
Trd, 4319649.493, 140
Trd, 4319649.743, 140
Trd, 4319651.143, 138
Trd, 4319652.793, 139
Trd, 4319653.343, 133
Trd, 4319653.443, 133
Trd, 4319653.643, 132
Trd, 4319653.893, 138
Trd, 4319654.193, 128
Trd, 4319654.243, 127
Trd, 4319654.743, 78
Trd, 4319655.893, 60
Trd, 4319657.793, 114
Trd, 4319658.193, 100
Trd, 4319658.593, 99
Trd, 4319659.393, 140
Trd, 4319659.743, 140
Trd, 4319660.293, 140
Trd, 4319662.343, 140
Trd, 4319662.493, 140
Trd, 4319662.943, 140
Trd, 4319663.143, 140
Trd, 4319664.643, 122
Trd, 4319664.943, 122
Trd, 4319666.793, 139
Trd, 4319666.893, 132
Trd, 4319667.693, 129
Trd, 4319668.243, 135
Trd, 4319668.793, 115
Trd, 4319668.943, 110
Trd, 4319669.043, 109
Trd, 4319669.393, 62
Trd, 4319670.243, 97
Trd, 4319673.143, 60
Trd, 4319673.543, 61
Trd, 4319673.593, 81
Trd, 4319674.743, 140
Trd, 4319675.043, 140
Trd, 4319675.093, 140
Trd, 4319676.293, 140
Trd, 4319677.793, 140
Trd, 4319678.593, 140
Trd, 4319679.493, 140
Trd, 4319679.993, 140
Trd, 4319680.193, 138
Trd, 4319680.993, 139
Trd, 4319681.143, 138
Trd, 4319682.193, 140
Trd, 4319682.593, 140
Trd, 4319682.743, 138
Trd, 4319683.493, 125
Trd, 4319683.593, 126
Trd, 4319684.393, 126
Trd, 4319686.793, 132
Trd, 4319686.843, 130
Trd, 4319687.643, 129
Trd, 4319688.093, 140
Trd, 4319688.543, 140
Trd, 4319689.343, 140
Trd, 4319689.493, 119
Trd, 4319690.193, 79
Trd, 4319690.693, 65
Trd, 4319690.843, 60
Trd, 4319692.443, 140
Trd, 4319692.893, 140
Trd, 4319692.943, 140
Trd, 4319693.543, 88
Trd, 4319694.143, 113
Trd, 4319695.093, 114
Trd, 4319695.543, 62
Trd, 4319696.943, 140
Trd, 4319696.993, 140
Trd, 4319697.693, 140
Trd, 4319698.643, 140
Trd, 4319698.893, 117
Trd, 4319700.893, 65
Trd, 4319701.043, 74
Trd, 4319701.643, 66
Trd, 4319701.843, 140
Trd, 4319702.643, 68
Trd, 4319703.093, 106
Trd, 4319704.143, 60
Trd, 4319704.493, 138
Trd, 4319706.243, 70
Trd, 4319706.743, 70
Trd, 4319706.793, 81
Trd, 4319709.093, 75
Trd, 4319709.493, 62
Trd, 4319709.743, 68
Trd, 4319710.993, 60
Trd, 4319712.393, 66
Trd, 4319712.443, 67
Trd, 4319713.143, 69
Trd, 4319713.643, 62
Trd, 4319714.593, 79
Trd, 4319716.593, 70
Trd, 4319717.643, 64
Trd, 4319718.693, 140
Trd, 4319718.793, 140
Trd, 4319719.193, 140
Trd, 4319719.943, 126
Trd, 4319720.193, 140
Trd, 4319720.343, 129
Trd, 4319721.193, 123
Trd, 4319721.443, 137
Trd, 4319721.593, 121
Trd, 4319723.793, 60
Trd, 4319725.093, 61
Trd, 4319725.593, 60
Trd, 4319725.943, 60
Trd, 4319727.543, 60
Trd, 4319729.193, 63
Trd, 4319729.443, 61
Trd, 4319730.393, 63
Trd, 4319731.393, 69
Trd, 4319731.643, 68
Trd, 4319732.043, 84
Trd, 4319732.443, 68
Trd, 4319733.543, 62
Trd, 4319733.643, 90
Trd, 4319735.093, 67
Trd, 4319737.593, 64
Trd, 4319737.643, 68
Trd, 4319738.293, 140
Trd, 4319739.543, 140
Trd, 4319739.793, 140
Trd, 4319740.043, 140
Trd, 4319740.393, 137
Trd, 4319741.193, 139
Trd, 4319741.443, 123
Trd, 4319741.793, 114
Trd, 4319741.943, 113
Trd, 4319742.343, 99
Trd, 4319744.443, 124
Trd, 4319744.843, 123
Trd, 4319746.993, 140
Trd, 4319747.293, 139
Trd, 4319748.093, 140
Trd, 4319748.243, 140
Trd, 4319749.593, 124
Trd, 4319749.793, 86
Trd, 4319750.193, 94
Trd, 4319750.743, 74
Trd, 4319752.993, 65
Trd, 4319753.243, 66
Trd, 4319753.643, 67
Trd, 4319754.043, 74
Trd, 4319755.593, 140
Trd, 4319755.643, 140
Trd, 4319755.993, 140
Trd, 4319756.593, 116
Trd, 4319756.993, 115
Trd, 4319757.093, 113
Trd, 4319757.593, 84
Trd, 4319759.693, 60
Trd, 4319760.343, 61
Trd, 4319760.743, 61
Trd, 4319761.393, 86
Trd, 4319762.143, 105
Trd, 4319762.543, 88
Trd, 4319762.793, 89
Trd, 4319763.793, 140
Trd, 4319764.293, 82
Trd, 4319765.093, 60
Trd, 4319766.393, 140
Trd, 4319766.693, 140
Trd, 4319766.993, 123
Trd, 4319767.393, 116
Trd, 4319767.593, 111
Trd, 4319770.193, 140
Trd, 4319770.743, 140
Trd, 4319771.643, 140
Trd, 4319771.843, 139
Trd, 4319772.593, 140
Trd, 4319773.343, 139
Trd, 4319774.293, 140
Trd, 4319774.443, 137
Trd, 4319774.543, 131
Trd, 4319774.993, 131
Trd, 4319775.293, 130
Trd, 4319775.893, 123
Trd, 4319776.693, 60
Trd, 4319778.493, 62
Trd, 4319778.893, 64
Trd, 4319779.293, 140
Trd, 4319780.593, 63
Trd, 4319780.893, 139
Trd, 4319782.743, 70
Trd, 4319783.443, 75
Trd, 4319783.843, 75
Trd, 4319783.893, 74
Trd, 4319785.243, 122
Trd, 4319786.143, 79
Trd, 4319786.243, 99
Trd, 4319786.393, 79
Trd, 4319786.843, 78
Trd, 4319787.793, 74
Trd, 4319788.643, 138
Trd, 4319788.993, 133
Trd, 4319789.043, 131
Trd, 4319789.843, 106
Trd, 4319791.143, 64
Trd, 4319791.443, 72
Trd, 4319791.693, 63
Trd, 4319793.643, 91
Trd, 4319793.693, 89
Trd, 4319795.043, 98
Trd, 4319795.543, 138
Trd, 4319795.643, 99
Trd, 4319795.893, 140
Trd, 4319796.043, 140
Trd, 4319797.193, 140
Trd, 4319797.843, 140
Trd, 4319798.193, 139
Trd, 4319798.543, 125
Trd, 4319798.793, 126
Trd, 4319799.793, 64
Trd, 4319800.393, 71
Trd, 4319802.243, 80
Trd, 4319803.193, 62
Trd, 4319805.343, 61
Trd, 4319805.743, 65
Trd, 4319805.793, 105
Trd, 4319806.043, 61
Trd, 4319806.493, 132
Trd, 4319806.743, 117
Trd, 4319807.493, 66
Trd, 4319808.893, 138
Trd, 4319809.993, 140
Trd, 4319810.743, 139
Trd, 4319810.893, 138
Trd, 4319812.043, 138
Trd, 4319812.093, 133
Trd, 4319813.043, 133
Trd, 4319813.143, 125
Trd, 4319813.693, 121
Trd, 4319814.493, 110
Trd, 4319814.943, 110
Trd, 4319815.743, 108
Trd, 4319816.193, 111
Trd, 4319816.493, 113
Trd, 4319817.443, 102
Trd, 4319817.993, 97
Trd, 4319819.443, 140
Trd, 4319819.493, 139
Trd, 4319819.943, 138
Trd, 4319821.843, 140
Trd, 4319822.343, 95
Trd, 4319822.493, 132
Trd, 4319824.393, 139
Trd, 4319824.943, 138
Trd, 4319825.343, 139
Trd, 4319826.293, 138
Trd, 4319826.943, 139
Trd, 4319827.043, 138
Trd, 4319827.393, 117
Trd, 4319828.543, 140
Trd, 4319828.643, 97
Trd, 4319829.343, 98
Trd, 4319829.793, 98
Trd, 4319829.993, 98
Trd, 4319830.093, 94
Trd, 4319830.393, 62
Trd, 4319831.293, 136
Trd, 4319831.393, 135
Trd, 4319833.643, 60
Trd, 4319834.943, 134
Trd, 4319836.193, 111
Trd, 4319836.593, 110
Trd, 4319837.243, 105
Trd, 4319837.693, 120
Trd, 4319837.993, 139
Trd, 4319839.043, 65
Trd, 4319840.043, 104
Trd, 4319842.093, 63
Trd, 4319842.643, 63
Trd, 4319842.943, 68
Trd, 4319844.643, 60
Trd, 4319844.693, 67
Trd, 4319846.043, 60
Trd, 4319846.893, 63
Trd, 4319848.643, 87
Trd, 4319848.743, 68
Trd, 4319849.243, 64
Trd, 4319849.693, 140
Trd, 4319851.043, 61
Trd, 4319851.393, 62
Trd, 4319852.293, 102
Trd, 4319853.543, 134
Trd, 4319853.693, 104
Trd, 4319853.843, 94
Trd, 4319854.843, 90
Trd, 4319855.343, 140
Trd, 4319856.043, 140
Trd, 4319856.393, 140
Trd, 4319857.693, 137
Trd, 4319857.793, 136
Trd, 4319858.193, 129
Trd, 4319858.443, 81
Trd, 4319860.493, 140
Trd, 4319861.093, 140
Trd, 4319861.243, 140
Trd, 4319861.943, 140
Trd, 4319862.493, 140
Trd, 4319863.893, 132
Trd, 4319864.293, 129
Trd, 4319865.043, 140
Trd, 4319865.693, 140
Trd, 4319866.293, 140
Trd, 4319866.443, 140
Trd, 4319867.343, 114
Trd, 4319868.143, 140
Trd, 4319868.293, 116
Trd, 4319869.093, 62
Trd, 4319870.593, 127
Trd, 4319870.743, 133
Trd, 4319871.293, 130
Trd, 4319871.493, 127
Trd, 4319872.043, 123
Trd, 4319872.393, 111
Trd, 4319873.493, 127
Trd, 4319873.543, 100
Trd, 4319874.193, 99
Trd, 4319876.193, 63
Trd, 4319877.243, 78
Trd, 4319878.043, 66
Trd, 4319878.643, 74
Trd, 4319879.343, 60
Trd, 4319881.843, 61
Trd, 4319882.043, 61
Trd, 4319882.493, 60
Trd, 4319883.093, 127
Trd, 4319883.943, 60
Trd, 4319884.843, 71
Trd, 4319885.143, 77
Trd, 4319885.543, 93
Trd, 4319885.893, 92
Trd, 4319886.593, 139
Trd, 4319886.793, 131
Trd, 4319887.343, 130
Trd, 4319887.643, 117
Trd, 4319888.243, 138
Trd, 4319889.193, 124
Trd, 4319890.143, 140
Trd, 4319890.643, 140
Trd, 4319891.093, 140
Trd, 4319892.993, 138
Trd, 4319893.493, 140
Trd, 4319893.693, 140
Trd, 4319895.393, 138
Trd, 4319895.543, 135
Trd, 4319896.293, 139
Trd, 4319897.843, 137
Trd, 4319898.493, 140
Trd, 4319898.593, 140
Trd, 4319899.943, 139
Trd, 4319900.193, 119
Trd, 4319900.793, 121
Trd, 4319901.493, 140
Trd, 4319901.843, 120
Trd, 4319902.543, 105
Trd, 4319903.943, 140
Trd, 4319903.993, 124
Trd, 4319904.243, 117
Trd, 4319904.593, 140
Trd, 4319905.343, 140
Trd, 4319906.143, 140
Trd, 4319907.543, 123
Trd, 4319908.493, 131
Trd, 4319908.943, 132
Trd, 4319909.143, 125
Trd, 4319911.193, 140
Trd, 4319911.293, 140
Trd, 4319911.343, 128
Trd, 4319912.143, 123
Trd, 4319913.293, 134
Trd, 4319913.793, 65
Trd, 4319914.143, 140
Trd, 4319915.043, 98
Trd, 4319916.493, 96
Trd, 4319917.193, 97
Trd, 4319918.343, 140
Trd, 4319918.443, 139
Trd, 4319918.743, 138
Trd, 4319920.043, 135
Trd, 4319920.943, 140
Trd, 4319922.043, 140
Trd, 4319922.093, 139
Trd, 4319922.243, 111
Trd, 4319922.893, 138
Trd, 4319923.393, 137
Trd, 4319923.893, 137
Trd, 4319923.993, 129
Trd, 4319924.493, 132
Trd, 4319925.493, 131
Trd, 4319925.893, 62
Trd, 4319927.043, 118
Trd, 4319927.143, 117
Trd, 4319927.643, 118
Trd, 4319930.443, 140
Trd, 4319930.643, 140
Trd, 4319931.043, 140
Trd, 4319932.043, 140
Trd, 4319932.093, 140
Trd, 4319933.293, 126
Trd, 4319934.393, 130
Trd, 4319934.693, 129
Trd, 4319934.843, 123
Trd, 4319935.443, 135
Trd, 4319936.093, 101
Trd, 4319936.143, 100
Trd, 4319936.493, 90
Trd, 4319937.493, 139
Trd, 4319937.843, 77
Trd, 4319939.443, 82
Trd, 4319940.693, 140
Trd, 4319940.893, 140
Trd, 4319941.043, 140
Trd, 4319941.093, 139
Trd, 4319941.343, 80
Trd, 4319942.143, 140
Trd, 4319943.593, 63
Trd, 4319944.243, 126
Trd, 4319945.993, 105
Trd, 4319946.293, 104
Trd, 4319946.493, 100
Trd, 4319947.643, 65
Trd, 4319948.493, 139
Trd, 4319949.243, 60
Trd, 4319949.593, 140
Trd, 4319949.793, 140
Trd, 4319951.743, 60
Trd, 4319951.893, 61
Trd, 4319952.593, 101
Trd, 4319953.243, 64
Trd, 4319953.293, 67
Trd, 4319953.593, 140
Trd, 4319953.893, 140
Trd, 4319954.493, 140
Trd, 4319955.043, 140
Trd, 4319956.893, 129
Trd, 4319957.193, 135
Trd, 4319958.043, 129
Trd, 4319958.343, 129
Trd, 4319958.543, 128
Trd, 4319959.543, 112
Trd, 4319960.893, 140
Trd, 4319961.143, 125
Trd, 4319961.543, 105
Trd, 4319961.943, 140
Trd, 4319961.993, 139
Trd, 4319963.143, 134
Trd, 4319963.993, 60
Trd, 4319964.393, 100
Trd, 4319966.693, 107
Trd, 4319967.393, 125
Trd, 4319967.993, 89
Trd, 4319968.093, 103
Trd, 4319968.493, 94
Trd, 4319968.993, 86
Trd, 4319969.493, 139
Trd, 4319969.693, 86
Trd, 4319971.243, 140
Trd, 4319971.393, 140
Trd, 4319973.143, 140
Trd, 4319973.343, 140
Trd, 4319973.543, 140
Trd, 4319974.093, 89
Trd, 4319975.293, 140
Trd, 4319975.393, 98
Trd, 4319975.993, 128
Trd, 4319976.743, 137
Trd, 4319976.993, 136
Trd, 4319977.693, 140
Trd, 4319978.593, 136
Trd, 4319979.943, 133
Trd, 4319980.193, 134
Trd, 4319980.893, 135
Trd, 4319981.743, 82
Trd, 4319981.893, 62
Trd, 4319982.443, 76
Trd, 4319982.693, 60
Trd, 4319983.293, 61
Trd, 4319984.293, 66
Trd, 4319984.893, 68
Trd, 4319985.293, 69
Trd, 4319986.193, 136
Trd, 4319986.243, 135
Trd, 4319986.993, 116
Trd, 4319987.393, 140
Trd, 4319988.193, 120
Trd, 4319988.543, 110
Trd, 4319990.743, 140
Trd, 4319990.843, 140
Trd, 4319991.143, 140
Trd, 4319992.093, 140
Trd, 4319992.443, 140
Trd, 4319992.543, 140
Trd, 4319993.293, 140
Trd, 4319994.043, 140
Trd, 4319994.543, 132
Trd, 4319995.243, 82
Trd, 4319997.243, 140
Trd, 4319997.843, 140
Trd, 4319998.393, 140
Trd, 4319998.993, 140
Trd, 4319999.643, 140
