Trd, 4318054.743, 105
Trd, 4318055.893, 101
Trd, 4318056.893, 100
Trd, 4318057.643, 129
Trd, 4318057.893, 125
Trd, 4318058.243, 121
Trd, 4318058.443, 94
Trd, 4318060.393, 93
Trd, 4318060.943, 78
Trd, 4318061.843, 124
Trd, 4318062.543, 122
Trd, 4318062.943, 118
Trd, 4318065.493, 115
Trd, 4318065.743, 125
Trd, 4318066.343, 121
Trd, 4318066.893, 110
Trd, 4318067.093, 109
Trd, 4318068.443, 90
Trd, 4318068.593, 108
Trd, 4318068.993, 87
Trd, 4318069.293, 109
Trd, 4318069.543, 106
Trd, 4318070.893, 133
Trd, 4318071.293, 125
Trd, 4318072.643, 107
Trd, 4318074.293, 126
Trd, 4318074.593, 127
Trd, 4318074.793, 125
Trd, 4318075.043, 123
Trd, 4318075.793, 121
Trd, 4318076.543, 76
Trd, 4318077.043, 65
Trd, 4318078.593, 92
Trd, 4318081.243, 124
Trd, 4318082.093, 140
Trd, 4318082.393, 124
Trd, 4318082.893, 119
Trd, 4318083.343, 117
Trd, 4318087.643, 137
Trd, 4318087.793, 134
Trd, 4318088.243, 128
Trd, 4318088.293, 128
Trd, 4318088.493, 100
Trd, 4318090.443, 108
Trd, 4318090.593, 107
Trd, 4318090.943, 101
Trd, 4318091.193, 75
Trd, 4318091.543, 101
Trd, 4318092.843, 109
Trd, 4318092.993, 109
Trd, 4318093.943, 105
Trd, 4318095.843, 106
Trd, 4318096.293, 103
Trd, 4318097.243, 108
Trd, 4318097.293, 118
Trd, 4318097.543, 99
Trd, 4318098.493, 97
Trd, 4318098.793, 119
Trd, 4318099.943, 111
Trd, 4318100.493, 96
Trd, 4318101.643, 72
Trd, 4318101.893, 134
Trd, 4318102.843, 71
Trd, 4318103.243, 83
Trd, 4318103.893, 74
Trd, 4318105.743, 132
Trd, 4318107.393, 128
Trd, 4318107.593, 128
Trd, 4318107.643, 124
Trd, 4318108.443, 121
Trd, 4318109.443, 135
Trd, 4318111.843, 130
Trd, 4318112.693, 128
Trd, 4318112.843, 122
Trd, 4318113.643, 120
Trd, 4318113.693, 124
Trd, 4318113.943, 116
Trd, 4318116.343, 113
Trd, 4318116.393, 75
Trd, 4318117.793, 93
Trd, 4318117.893, 91
Trd, 4318118.193, 89
Trd, 4318118.543, 93
Trd, 4318119.243, 111
Trd, 4318119.393, 118
Trd, 4318121.243, 87
Trd, 4318122.593, 126
Trd, 4318122.993, 87
Trd, 4318124.943, 125
Trd, 4318125.843, 140
Trd, 4318127.343, 123
Trd, 4318127.693, 120
Trd, 4318128.893, 119
Trd, 4318129.643, 123
Trd, 4318131.343, 120
Trd, 4318132.093, 108
Trd, 4318133.293, 101
Trd, 4318133.393, 117
Trd, 4318134.543, 139
Trd, 4318134.693, 136
Trd, 4318135.093, 134
Trd, 4318135.393, 137
Trd, 4318137.143, 104
Trd, 4318137.843, 98
Trd, 4318138.143, 99
Trd, 4318138.493, 118
Trd, 4318139.293, 98
Trd, 4318139.993, 94
Trd, 4318140.743, 98
Trd, 4318141.643, 132
Trd, 4318142.293, 130
Trd, 4318142.443, 86
Trd, 4318143.393, 104
Trd, 4318143.793, 137
Trd, 4318146.593, 140
Trd, 4318146.843, 138
Trd, 4318147.093, 135
Trd, 4318148.093, 80
Trd, 4318150.243, 98
Trd, 4318150.293, 104
Trd, 4318151.293, 106
Trd, 4318152.093, 112
Trd, 4318153.443, 105
Trd, 4318153.993, 103
Trd, 4318154.843, 112
Trd, 4318155.093, 110
Trd, 4318155.243, 114
Trd, 4318156.743, 78
Trd, 4318156.793, 78
Trd, 4318159.643, 135
Trd, 4318160.943, 122
Trd, 4318162.193, 121
Trd, 4318162.243, 130
Trd, 4318162.293, 120
Trd, 4318163.893, 111
Trd, 4318165.743, 140
Trd, 4318166.693, 139
Trd, 4318166.793, 137
Trd, 4318166.993, 128
Trd, 4318167.143, 96
Trd, 4318167.843, 139
Trd, 4318169.193, 125
Trd, 4318169.393, 117
Trd, 4318170.643, 118
Trd, 4318172.243, 118
Trd, 4318172.443, 111
Trd, 4318173.443, 99
Trd, 4318174.443, 75
Trd, 4318175.093, 105
Trd, 4318175.193, 97
Trd, 4318175.943, 118
Trd, 4318177.293, 129
Trd, 4318177.793, 115
Trd, 4318177.993, 114
Trd, 4318178.043, 99
Trd, 4318178.893, 91
Trd, 4318179.343, 133
Trd, 4318179.393, 133
Trd, 4318181.493, 128
Trd, 4318181.893, 120
Trd, 4318182.443, 113
Trd, 4318183.193, 106
Trd, 4318184.243, 138
Trd, 4318184.643, 124
Trd, 4318186.293, 121
Trd, 4318186.393, 118
Trd, 4318186.993, 81
Trd, 4318187.593, 138
Trd, 4318187.793, 138
Trd, 4318188.543, 77
Trd, 4318190.043, 70
Trd, 4318190.893, 95
Trd, 4318191.743, 86
Trd, 4318193.043, 70
Trd, 4318193.993, 87
Trd, 4318194.293, 70
Trd, 4318194.443, 93
Trd, 4318195.193, 71
Trd, 4318196.543, 91
Trd, 4318196.993, 75
Trd, 4318197.793, 95
Trd, 4318197.893, 71
Trd, 4318201.343, 72
Trd, 4318201.493, 76
Trd, 4318202.893, 88
Trd, 4318203.693, 76
Trd, 4318204.643, 76
Trd, 4318204.993, 89
Trd, 4318205.993, 128
Trd, 4318206.193, 127
Trd, 4318206.693, 124
Trd, 4318206.943, 121
Trd, 4318207.293, 118
Trd, 4318208.493, 117
Trd, 4318209.343, 77
Trd, 4318210.143, 101
Trd, 4318210.843, 71
Trd, 4318211.743, 139
Trd, 4318212.943, 122
Trd, 4318214.743, 118
Trd, 4318214.943, 117
Trd, 4318215.393, 117
Trd, 4318215.643, 113
Trd, 4318216.293, 106
Trd, 4318217.193, 80
Trd, 4318217.543, 78
Trd, 4318218.193, 130
Trd, 4318219.393, 110
Trd, 4318220.743, 112
Trd, 4318220.793, 111
Trd, 4318221.643, 105
Trd, 4318223.543, 124
Trd, 4318223.693, 139
Trd, 4318223.793, 102
Trd, 4318224.843, 119
Trd, 4318224.993, 100
Trd, 4318226.043, 100
Trd, 4318226.393, 100
Trd, 4318227.343, 116
Trd, 4318228.543, 135
Trd, 4318229.543, 124
Trd, 4318230.593, 130
Trd, 4318231.693, 120
Trd, 4318231.993, 120
Trd, 4318232.793, 116
Trd, 4318232.843, 116
Trd, 4318234.343, 129
Trd, 4318235.143, 125
Trd, 4318235.743, 125
Trd, 4318236.743, 126
Trd, 4318238.843, 124
Trd, 4318239.343, 121
Trd, 4318239.593, 129
Trd, 4318239.943, 117
Trd, 4318241.343, 127
Trd, 4318241.543, 102
Trd, 4318244.343, 107
Trd, 4318245.443, 101
Trd, 4318246.043, 101
Trd, 4318247.093, 110
Trd, 4318247.143, 100
Trd, 4318247.643, 98
Trd, 4318247.843, 99
Trd, 4318248.193, 112
Trd, 4318249.043, 87
Trd, 4318250.593, 101
Trd, 4318251.693, 102
Trd, 4318253.093, 100
Trd, 4318253.843, 131
Trd, 4318254.143, 130
Trd, 4318256.443, 137
Trd, 4318256.493, 124
Trd, 4318256.743, 118
Trd, 4318257.393, 114
Trd, 4318257.743, 105
Trd, 4318257.943, 104
Trd, 4318259.643, 136
Trd, 4318260.893, 136
Trd, 4318261.493, 136
Trd, 4318261.543, 127
Trd, 4318262.493, 109
Trd, 4318262.543, 120
Trd, 4318263.293, 124
Trd, 4318265.043, 109
Trd, 4318266.293, 108
Trd, 4318267.093, 120
Trd, 4318267.443, 120
Trd, 4318269.993, 121
Trd, 4318270.793, 117
Trd, 4318271.093, 139
Trd, 4318271.493, 117
Trd, 4318272.643, 115
Trd, 4318274.643, 122
Trd, 4318274.893, 114
Trd, 4318275.693, 112
Trd, 4318276.693, 112
Trd, 4318276.843, 108
Trd, 4318277.243, 106
Trd, 4318277.743, 109
Trd, 4318278.193, 83
Trd, 4318280.443, 117
Trd, 4318280.693, 113
Trd, 4318281.993, 122
Trd, 4318283.393, 123
Trd, 4318283.943, 122
Trd, 4318285.043, 135
Trd, 4318285.343, 136
Trd, 4318285.493, 133
Trd, 4318286.543, 132
Trd, 4318287.043, 128
Trd, 4318287.243, 128
Trd, 4318288.043, 120
Trd, 4318288.593, 66
Trd, 4318289.643, 96
Trd, 4318290.193, 85
Trd, 4318293.293, 134
Trd, 4318294.093, 85
Trd, 4318294.143, 86
Trd, 4318294.343, 84
Trd, 4318295.343, 85
Trd, 4318295.643, 85
Trd, 4318295.943, 80
Trd, 4318298.993, 133
Trd, 4318299.043, 129
Trd, 4318299.943, 108
Trd, 4318300.493, 127
Trd, 4318301.943, 99
Trd, 4318303.143, 113
Trd, 4318304.943, 138
Trd, 4318305.343, 115
Trd, 4318305.393, 115
Trd, 4318305.793, 112
Trd, 4318306.043, 111
Trd, 4318306.443, 110
Trd, 4318306.643, 91
Trd, 4318307.893, 130
Trd, 4318308.393, 91
Trd, 4318311.243, 103
Trd, 4318312.093, 102
Trd, 4318312.243, 101
Trd, 4318313.343, 119
Trd, 4318313.593, 115
Trd, 4318314.443, 113
Trd, 4318314.493, 112
Trd, 4318316.793, 139
Trd, 4318317.593, 135
Trd, 4318317.693, 126
Trd, 4318319.493, 139
Trd, 4318320.293, 133
Trd, 4318320.643, 133
Trd, 4318320.943, 115
Trd, 4318321.543, 117
Trd, 4318321.843, 108
Trd, 4318322.543, 100
Trd, 4318323.843, 98
Trd, 4318324.543, 102
Trd, 4318325.893, 125
Trd, 4318326.993, 115
Trd, 4318327.693, 134
Trd, 4318327.793, 116
Trd, 4318327.943, 113
Trd, 4318329.743, 108
Trd, 4318329.793, 108
Trd, 4318329.943, 75
Trd, 4318330.893, 138
Trd, 4318331.243, 118
Trd, 4318331.293, 117
Trd, 4318333.593, 133
Trd, 4318334.243, 130
Trd, 4318334.443, 129
Trd, 4318334.943, 113
Trd, 4318335.643, 63
Trd, 4318335.743, 93
Trd, 4318338.143, 104
Trd, 4318338.743, 103
Trd, 4318339.093, 107
Trd, 4318339.843, 108
Trd, 4318340.193, 104
Trd, 4318342.293, 83
Trd, 4318343.193, 84
Trd, 4318343.443, 122
Trd, 4318344.643, 79
Trd, 4318345.093, 138
Trd, 4318345.643, 87
Trd, 4318346.893, 78
Trd, 4318347.493, 77
Trd, 4318347.593, 87
Trd, 4318350.843, 118
Trd, 4318351.793, 124
Trd, 4318352.143, 103
Trd, 4318352.743, 103
Trd, 4318353.743, 123
Trd, 4318354.243, 116
Trd, 4318356.393, 138
Trd, 4318356.443, 136
Trd, 4318356.893, 131
Trd, 4318358.193, 114
Trd, 4318358.993, 107
Trd, 4318359.743, 105
Trd, 4318359.843, 103
Trd, 4318360.293, 108
Trd, 4318361.643, 81
Trd, 4318362.443, 78
Trd, 4318363.143, 133
Trd, 4318367.243, 135
Trd, 4318367.693, 133
Trd, 4318368.943, 133
Trd, 4318370.393, 125
Trd, 4318370.593, 118
Trd, 4318371.243, 115
Trd, 4318371.693, 103
Trd, 4318373.543, 136
Trd, 4318373.843, 132
Trd, 4318374.043, 96
Trd, 4318374.793, 136
Trd, 4318375.543, 96
Trd, 4318376.443, 97
Trd, 4318377.893, 113
Trd, 4318380.143, 118
Trd, 4318380.243, 118
Trd, 4318380.643, 113
Trd, 4318381.093, 125
Trd, 4318382.343, 128
Trd, 4318382.943, 122
Trd, 4318383.243, 116
Trd, 4318384.843, 88
Trd, 4318385.543, 101
Trd, 4318385.793, 100
Trd, 4318386.393, 94
Trd, 4318386.543, 94
Trd, 4318389.043, 70
Trd, 4318391.743, 115
Trd, 4318392.243, 126
Trd, 4318392.443, 125
Trd, 4318393.443, 111
Trd, 4318393.693, 108
Trd, 4318394.893, 104
Trd, 4318396.593, 91
Trd, 4318397.193, 91
Trd, 4318397.693, 112
Trd, 4318398.543, 89
Trd, 4318398.993, 89
Trd, 4318399.693, 81
Trd, 4318400.893, 76
Trd, 4318401.393, 90
Trd, 4318401.943, 117
Trd, 4318402.143, 68
Trd, 4318402.993, 108
Trd, 4318404.743, 97
Trd, 4318405.643, 97
Trd, 4318407.393, 133
Trd, 4318408.443, 132
Trd, 4318408.743, 130
Trd, 4318409.443, 118
Trd, 4318410.343, 122
Trd, 4318410.493, 120
Trd, 4318411.743, 115
Trd, 4318412.693, 134
Trd, 4318413.443, 119
Trd, 4318414.443, 110
Trd, 4318415.843, 108
Trd, 4318416.143, 74
Trd, 4318416.993, 74
Trd, 4318418.043, 94
Trd, 4318419.443, 70
Trd, 4318420.643, 138
Trd, 4318420.693, 131
Trd, 4318421.293, 94
Trd, 4318422.643, 130
Trd, 4318423.593, 78
Trd, 4318425.343, 124
Trd, 4318425.593, 117
Trd, 4318426.893, 124
Trd, 4318427.143, 116
Trd, 4318427.243, 115
Trd, 4318428.743, 80
Trd, 4318429.793, 69
Trd, 4318431.993, 81
Trd, 4318432.993, 69
Trd, 4318433.243, 70
Trd, 4318433.343, 69
Trd, 4318435.193, 123
Trd, 4318436.843, 117
Trd, 4318437.093, 93
Trd, 4318437.143, 92
Trd, 4318437.243, 88
Trd, 4318440.293, 94
Trd, 4318440.543, 97
Trd, 4318440.793, 95
Trd, 4318441.293, 91
Trd, 4318441.643, 89
Trd, 4318442.293, 106
Trd, 4318442.443, 102
Trd, 4318443.643, 102
Trd, 4318443.693, 102
Trd, 4318444.893, 124
Trd, 4318445.893, 121
Trd, 4318448.543, 126
Trd, 4318448.793, 123
Trd, 4318449.243, 137
Trd, 4318451.493, 138
Trd, 4318451.643, 136
Trd, 4318452.243, 130
Trd, 4318452.793, 121
Trd, 4318455.243, 136
Trd, 4318455.293, 133
Trd, 4318455.593, 129
Trd, 4318456.193, 126
Trd, 4318457.293, 127
Trd, 4318457.743, 118
Trd, 4318459.393, 114
Trd, 4318460.993, 139
Trd, 4318462.043, 114
Trd, 4318462.243, 113
Trd, 4318462.293, 112
Trd, 4318462.843, 112
Trd, 4318464.843, 110
Trd, 4318466.443, 110
Trd, 4318466.793, 132
Trd, 4318467.343, 124
Trd, 4318467.893, 122
Trd, 4318468.493, 112
Trd, 4318468.943, 108
Trd, 4318469.043, 101
Trd, 4318470.493, 110
Trd, 4318470.543, 109
Trd, 4318473.143, 79
Trd, 4318473.493, 73
Trd, 4318473.543, 72
Trd, 4318475.993, 132
Trd, 4318476.793, 130
Trd, 4318477.093, 124
Trd, 4318477.143, 121
Trd, 4318477.493, 111
Trd, 4318477.843, 106
Trd, 4318478.943, 102
Trd, 4318480.393, 136
Trd, 4318480.743, 107
Trd, 4318481.143, 132
Trd, 4318482.843, 86
Trd, 4318484.193, 131
Trd, 4318485.393, 118
Trd, 4318485.643, 116
Trd, 4318486.643, 122
Trd, 4318487.343, 132
Trd, 4318487.943, 140
Trd, 4318488.243, 129
Trd, 4318490.743, 119
Trd, 4318490.793, 119
Trd, 4318491.393, 117
Trd, 4318492.193, 130
Trd, 4318492.543, 109
Trd, 4318493.043, 140
Trd, 4318494.193, 139
Trd, 4318495.193, 135
Trd, 4318497.143, 131
Trd, 4318497.343, 127
Trd, 4318497.843, 119
Trd, 4318497.943, 131
Trd, 4318499.343, 108
Trd, 4318500.343, 100
Trd, 4318501.393, 105
Trd, 4318502.393, 135
Trd, 4318502.443, 129
Trd, 4318503.643, 110
Trd, 4318504.793, 122
Trd, 4318506.093, 105
Trd, 4318506.243, 99
Trd, 4318506.643, 140
Trd, 4318507.743, 119
Trd, 4318508.693, 133
Trd, 4318508.993, 133
Trd, 4318510.143, 127
Trd, 4318511.343, 123
Trd, 4318512.093, 123
Trd, 4318512.843, 119
Trd, 4318513.243, 117
Trd, 4318513.993, 111
Trd, 4318514.893, 134
Trd, 4318515.943, 122
Trd, 4318518.393, 131
Trd, 4318519.043, 120
Trd, 4318519.443, 116
Trd, 4318519.693, 112
Trd, 4318520.193, 119
Trd, 4318521.393, 114
Trd, 4318521.793, 112
Trd, 4318522.343, 111
Trd, 4318522.793, 113
Trd, 4318523.143, 111
Trd, 4318525.243, 131
Trd, 4318525.393, 130
Trd, 4318526.843, 107
Trd, 4318526.943, 107
Trd, 4318527.243, 106
Trd, 4318527.343, 100
Trd, 4318529.093, 89
Trd, 4318529.593, 90
Trd, 4318530.843, 122
Trd, 4318532.743, 126
Trd, 4318533.043, 127
Trd, 4318533.243, 126
Trd, 4318533.693, 123
Trd, 4318534.993, 121
Trd, 4318536.143, 135
Trd, 4318536.843, 116
Trd, 4318536.893, 113
Trd, 4318537.343, 90
Trd, 4318538.243, 97
Trd, 4318538.643, 106
Trd, 4318539.193, 121
Trd, 4318539.493, 121
Trd, 4318539.843, 120
Trd, 4318542.243, 82
Trd, 4318543.693, 114
Trd, 4318544.393, 128
Trd, 4318544.993, 93
Trd, 4318545.393, 98
Trd, 4318545.893, 92
Trd, 4318546.193, 92
Trd, 4318547.693, 105
Trd, 4318547.843, 100
Trd, 4318547.893, 92
Trd, 4318549.943, 121
Trd, 4318550.193, 117
Trd, 4318550.443, 115
Trd, 4318550.643, 109
Trd, 4318552.893, 131
Trd, 4318554.143, 105
Trd, 4318554.593, 105
Trd, 4318555.293, 103
Trd, 4318555.393, 134
Trd, 4318555.893, 119
Trd, 4318556.343, 127
Trd, 4318557.243, 99
Trd, 4318558.043, 93
Trd, 4318561.093, 140
Trd, 4318561.243, 131
Trd, 4318561.643, 136
Trd, 4318561.993, 131
Trd, 4318564.593, 119
Trd, 4318565.543, 131
Trd, 4318565.893, 118
Trd, 4318566.643, 133
Trd, 4318567.043, 117
Trd, 4318567.993, 114
Trd, 4318568.193, 111
Trd, 4318568.343, 126
Trd, 4318569.543, 139
Trd, 4318570.193, 123
Trd, 4318571.093, 123
Trd, 4318571.343, 121
Trd, 4318572.493, 135
Trd, 4318572.543, 103
Trd, 4318572.993, 94
Trd, 4318575.293, 131
Trd, 4318575.793, 126
Trd, 4318577.143, 138
Trd, 4318577.493, 135
Trd, 4318578.093, 134
Trd, 4318578.143, 134
Trd, 4318578.393, 132
Trd, 4318578.893, 94
Trd, 4318579.243, 97
Trd, 4318579.943, 91
Trd, 4318582.293, 98
Trd, 4318582.543, 87
Trd, 4318582.693, 84
Trd, 4318583.443, 129
Trd, 4318584.693, 129
Trd, 4318587.993, 125
Trd, 4318588.043, 121
Trd, 4318588.143, 119
Trd, 4318589.393, 119
Trd, 4318589.893, 119
Trd, 4318590.893, 133
Trd, 4318590.943, 129
Trd, 4318592.443, 118
Trd, 4318592.793, 118
Trd, 4318593.043, 98
Trd, 4318593.593, 94
Trd, 4318593.693, 93
Trd, 4318594.843, 65
Trd, 4318594.893, 98
Trd, 4318595.893, 101
Trd, 4318596.793, 102
Trd, 4318597.193, 101
Trd, 4318598.143, 96
Trd, 4318598.343, 69
Trd, 4318599.443, 122
Trd, 4318599.693, 118
Trd, 4318600.943, 130
Trd, 4318602.693, 128
Trd, 4318602.893, 124
Trd, 4318604.243, 131
Trd, 4318604.293, 129
Trd, 4318605.043, 123
Trd, 4318605.693, 119
Trd, 4318606.393, 113
Trd, 4318607.243, 116
Trd, 4318607.943, 111
Trd, 4318608.793, 122
Trd, 4318609.293, 122
Trd, 4318610.593, 130
Trd, 4318610.743, 130
Trd, 4318611.843, 115
Trd, 4318611.943, 113
Trd, 4318612.543, 123
Trd, 4318612.743, 129
Trd, 4318613.143, 75
Trd, 4318613.243, 72
Trd, 4318614.943, 62
Trd, 4318616.643, 77
Trd, 4318617.943, 67
Trd, 4318618.043, 85
Trd, 4318618.693, 128
Trd, 4318619.643, 127
Trd, 4318620.293, 135
Trd, 4318620.543, 119
Trd, 4318621.093, 116
Trd, 4318621.543, 116
Trd, 4318622.393, 117
Trd, 4318622.843, 117
Trd, 4318623.693, 120
Trd, 4318624.643, 118
Trd, 4318626.393, 104
Trd, 4318626.443, 100
Trd, 4318628.243, 121
Trd, 4318628.693, 106
Trd, 4318629.293, 106
Trd, 4318629.443, 104
Trd, 4318630.293, 98
Trd, 4318630.943, 137
Trd, 4318631.493, 138
Trd, 4318631.793, 137
Trd, 4318633.493, 133
Trd, 4318633.993, 139
Trd, 4318635.143, 115
Trd, 4318635.543, 124
Trd, 4318636.893, 136
Trd, 4318637.043, 135
Trd, 4318637.793, 134
Trd, 4318638.043, 127
Trd, 4318638.643, 119
Trd, 4318639.093, 112
Trd, 4318640.693, 101
Trd, 4318641.193, 101
Trd, 4318642.343, 125
Trd, 4318642.993, 101
Trd, 4318643.543, 100
Trd, 4318644.493, 130
Trd, 4318644.643, 130
Trd, 4318646.243, 129
Trd, 4318646.693, 130
Trd, 4318648.393, 139
Trd, 4318649.443, 139
Trd, 4318649.593, 138
Trd, 4318650.493, 133
Trd, 4318650.943, 129
Trd, 4318650.993, 125
Trd, 4318651.443, 113
Trd, 4318652.243, 111
Trd, 4318653.343, 117
Trd, 4318653.443, 91
Trd, 4318654.143, 63
Trd, 4318656.493, 75
Trd, 4318657.493, 81
Trd, 4318658.393, 88
Trd, 4318658.893, 108
Trd, 4318659.043, 111
Trd, 4318660.343, 127
Trd, 4318663.043, 120
Trd, 4318663.643, 101
Trd, 4318664.843, 122
Trd, 4318665.393, 109
Trd, 4318665.743, 118
Trd, 4318665.893, 107
Trd, 4318666.243, 117
Trd, 4318667.993, 97
Trd, 4318668.393, 121
Trd, 4318670.443, 98
Trd, 4318670.893, 98
Trd, 4318670.943, 130
Trd, 4318674.543, 119
Trd, 4318675.143, 106
Trd, 4318675.343, 140
Trd, 4318676.193, 115
Trd, 4318676.293, 114
Trd, 4318678.043, 107
Trd, 4318678.143, 104
Trd, 4318678.443, 102
Trd, 4318678.493, 102
Trd, 4318679.593, 138
Trd, 4318681.643, 119
Trd, 4318682.543, 124
Trd, 4318682.843, 139
Trd, 4318684.393, 139
Trd, 4318685.193, 131
Trd, 4318685.743, 126
Trd, 4318687.693, 138
Trd, 4318687.793, 136
Trd, 4318688.343, 132
Trd, 4318689.043, 123
Trd, 4318689.143, 119
Trd, 4318690.443, 136
Trd, 4318691.493, 129
Trd, 4318691.893, 122
Trd, 4318693.043, 113
Trd, 4318693.493, 93
Trd, 4318695.693, 110
Trd, 4318695.993, 120
Trd, 4318696.193, 126
Trd, 4318697.293, 109
Trd, 4318699.143, 109
Trd, 4318699.543, 109
Trd, 4318700.043, 107
Trd, 4318700.093, 112
Trd, 4318704.043, 132
Trd, 4318704.243, 132
Trd, 4318704.393, 125
Trd, 4318704.693, 93
Trd, 4318704.993, 92
Trd, 4318706.693, 114
Trd, 4318706.943, 128
Trd, 4318707.543, 111
Trd, 4318707.943, 94
Trd, 4318708.893, 93
Trd, 4318710.543, 97
Trd, 4318710.893, 97
Trd, 4318712.043, 121
Trd, 4318712.643, 123
Trd, 4318712.743, 122
Trd, 4318713.593, 113
Trd, 4318714.643, 118
Trd, 4318716.393, 140
Trd, 4318716.493, 128
Trd, 4318717.493, 130
Trd, 4318720.843, 139
Trd, 4318721.993, 120
Trd, 4318722.193, 115
Trd, 4318722.343, 118
Trd, 4318725.143, 137
Trd, 4318725.393, 133
Trd, 4318726.193, 138
Trd, 4318726.393, 133
Trd, 4318726.893, 133
Trd, 4318727.093, 117
Trd, 4318727.593, 114
Trd, 4318729.293, 92
Trd, 4318729.993, 92
Trd, 4318730.843, 108
Trd, 4318731.043, 106
Trd, 4318732.143, 105
Trd, 4318733.443, 140
Trd, 4318733.893, 139
Trd, 4318734.243, 126
Trd, 4318735.843, 131
Trd, 4318735.943, 129
Trd, 4318736.293, 121
Trd, 4318737.393, 115
Trd, 4318739.093, 123
Trd, 4318739.143, 121
Trd, 4318740.143, 117
Trd, 4318740.993, 116
Trd, 4318742.143, 117
Trd, 4318742.293, 115
Trd, 4318743.043, 136
Trd, 4318744.043, 120
Trd, 4318744.593, 114
Trd, 4318745.593, 112
Trd, 4318746.093, 132
Trd, 4318750.293, 119
Trd, 4318750.743, 113
Trd, 4318750.793, 111
Trd, 4318750.843, 105
Trd, 4318751.843, 85
Trd, 4318752.343, 138
Trd, 4318753.093, 105
Trd, 4318753.743, 85
Trd, 4318754.243, 84
Trd, 4318755.493, 106
Trd, 4318756.093, 104
Trd, 4318756.643, 104
Trd, 4318756.693, 87
Trd, 4318758.893, 105
Trd, 4318759.993, 99
Trd, 4318762.293, 137
Trd, 4318763.093, 133
Trd, 4318763.543, 137
Trd, 4318763.743, 133
Trd, 4318763.793, 129
Trd, 4318763.843, 127
Trd, 4318765.193, 107
Trd, 4318766.443, 100
Trd, 4318766.793, 119
Trd, 4318767.093, 97
Trd, 4318767.143, 94
Trd, 4318767.543, 121
Trd, 4318769.043, 134
Trd, 4318769.143, 132
Trd, 4318769.293, 94
Trd, 4318769.893, 119
Trd, 4318772.093, 98
Trd, 4318772.643, 72
Trd, 4318773.693, 69
Trd, 4318775.243, 61
Trd, 4318775.643, 82
Trd, 4318776.493, 64
Trd, 4318778.043, 108
Trd, 4318778.393, 109
Trd, 4318778.643, 109
Trd, 4318779.443, 101
Trd, 4318780.543, 105
Trd, 4318782.043, 109
Trd, 4318782.293, 107
Trd, 4318782.943, 102
Trd, 4318783.043, 96
Trd, 4318784.243, 103
Trd, 4318785.243, 67
Trd, 4318785.343, 100
Trd, 4318785.993, 119
Trd, 4318786.643, 113
Trd, 4318787.393, 102
Trd, 4318788.393, 103
Trd, 4318789.643, 101
Trd, 4318790.743, 93
Trd, 4318792.393, 101
Trd, 4318793.743, 128
Trd, 4318794.843, 124
Trd, 4318795.593, 124
Trd, 4318795.893, 122
Trd, 4318796.743, 108
Trd, 4318796.793, 106
Trd, 4318797.343, 120
Trd, 4318797.843, 97
Trd, 4318800.243, 107
Trd, 4318800.943, 120
Trd, 4318801.543, 133
Trd, 4318802.143, 113
Trd, 4318802.393, 87
Trd, 4318802.593, 108
Trd, 4318802.743, 81
Trd, 4318803.893, 81
Trd, 4318806.093, 78
Trd, 4318806.493, 75
Trd, 4318808.243, 124
Trd, 4318809.093, 121
Trd, 4318810.393, 121
Trd, 4318811.043, 115
Trd, 4318813.743, 127
Trd, 4318814.693, 128
Trd, 4318814.843, 124
Trd, 4318815.893, 113
Trd, 4318815.943, 113
Trd, 4318816.543, 132
Trd, 4318817.593, 119
Trd, 4318817.793, 117
Trd, 4318818.843, 116
Trd, 4318819.393, 111
Trd, 4318819.643, 118
Trd, 4318819.993, 105
Trd, 4318820.493, 118
Trd, 4318821.593, 107
Trd, 4318821.893, 106
Trd, 4318822.693, 101
Trd, 4318823.643, 99
Trd, 4318823.693, 96
Trd, 4318824.543, 79
Trd, 4318826.393, 92
Trd, 4318826.543, 89
Trd, 4318827.643, 89
Trd, 4318828.543, 88
Trd, 4318831.043, 125
Trd, 4318832.343, 122
Trd, 4318832.693, 121
Trd, 4318834.193, 121
Trd, 4318835.043, 119
Trd, 4318835.343, 111
Trd, 4318835.493, 111
Trd, 4318835.743, 100
Trd, 4318837.243, 124
Trd, 4318837.793, 95
Trd, 4318838.093, 92
Trd, 4318838.543, 137
Trd, 4318839.293, 138
Trd, 4318839.793, 121
Trd, 4318840.093, 119
Trd, 4318841.293, 110
Trd, 4318841.493, 107
Trd, 4318842.943, 132
Trd, 4318844.643, 110
Trd, 4318846.993, 119
Trd, 4318847.443, 139
Trd, 4318847.843, 139
Trd, 4318848.893, 132
Trd, 4318849.143, 130
Trd, 4318851.993, 107
Trd, 4318852.143, 104
Trd, 4318852.993, 101
Trd, 4318853.043, 90
Trd, 4318854.743, 83
Trd, 4318855.043, 81
Trd, 4318855.943, 111
Trd, 4318856.793, 123
Trd, 4318856.893, 108
Trd, 4318858.043, 110
Trd, 4318858.293, 110
Trd, 4318859.493, 130
Trd, 4318860.243, 118
Trd, 4318860.843, 125
Trd, 4318861.643, 123
Trd, 4318863.493, 123
Trd, 4318864.493, 116
Trd, 4318865.143, 118
Trd, 4318867.293, 129
Trd, 4318867.743, 122
Trd, 4318868.343, 121
Trd, 4318868.393, 119
Trd, 4318869.693, 116
Trd, 4318869.893, 129
Trd, 4318871.093, 116
Trd, 4318871.393, 115
Trd, 4318872.593, 110
Trd, 4318872.893, 110
Trd, 4318873.493, 104
Trd, 4318874.593, 86
Trd, 4318876.243, 124
Trd, 4318877.243, 125
Trd, 4318878.043, 123
Trd, 4318880.093, 97
Trd, 4318880.593, 101
Trd, 4318882.143, 132
Trd, 4318883.093, 130
Trd, 4318883.243, 130
Trd, 4318883.693, 125
Trd, 4318884.793, 120
Trd, 4318884.843, 120
Trd, 4318886.493, 128
Trd, 4318888.493, 122
Trd, 4318889.293, 139
Trd, 4318890.493, 121
Trd, 4318891.493, 83
Trd, 4318892.143, 96
Trd, 4318892.193, 81
Trd, 4318893.293, 79
Trd, 4318894.943, 78
Trd, 4318895.143, 113
Trd, 4318895.393, 110
Trd, 4318897.743, 138
Trd, 4318898.293, 92
Trd, 4318898.893, 109
Trd, 4318899.893, 136
Trd, 4318900.293, 134
Trd, 4318901.093, 126
Trd, 4318901.193, 126
Trd, 4318901.693, 117
Trd, 4318903.343, 102
Trd, 4318904.293, 118
Trd, 4318904.743, 118
Trd, 4318904.793, 117
Trd, 4318906.193, 124
Trd, 4318906.543, 107
Trd, 4318907.493, 104
Trd, 4318909.243, 135
Trd, 4318909.493, 110
Trd, 4318910.343, 108
Trd, 4318912.143, 108
Trd, 4318912.993, 105
Trd, 4318914.143, 102
Trd, 4318915.143, 127
Trd, 4318915.643, 113
Trd, 4318916.743, 128
Trd, 4318917.043, 128
Trd, 4318920.243, 134
Trd, 4318920.293, 133
Trd, 4318920.543, 132
Trd, 4318920.643, 127
Trd, 4318920.693, 117
Trd, 4318920.893, 77
Trd, 4318923.093, 100
Trd, 4318923.143, 98
Trd, 4318923.943, 96
Trd, 4318924.293, 97
Trd, 4318924.443, 117
Trd, 4318924.693, 96
Trd, 4318925.343, 94
Trd, 4318927.143, 140
Trd, 4318927.243, 98
Trd, 4318928.293, 120
Trd, 4318929.093, 95
Trd, 4318929.793, 94
Trd, 4318930.943, 129
Trd, 4318931.193, 133
Trd, 4318931.593, 118
Trd, 4318931.843, 98
Trd, 4318932.593, 128
Trd, 4318932.743, 98
Trd, 4318934.443, 101
Trd, 4318934.943, 101
Trd, 4318935.693, 107
Trd, 4318937.193, 98
Trd, 4318938.893, 123
Trd, 4318938.993, 123
Trd, 4318939.293, 119
Trd, 4318940.893, 129
Trd, 4318941.043, 123
Trd, 4318941.393, 117
Trd, 4318942.943, 116
Trd, 4318943.243, 116
Trd, 4318944.543, 111
Trd, 4318945.593, 127
Trd, 4318947.693, 132
Trd, 4318947.993, 131
Trd, 4318948.093, 119
Trd, 4318948.193, 116
Trd, 4318949.993, 126
Trd, 4318952.193, 106
Trd, 4318952.293, 103
Trd, 4318952.543, 101
Trd, 4318952.743, 100
Trd, 4318954.543, 133
Trd, 4318955.543, 131
Trd, 4318955.793, 126
Trd, 4318955.993, 94
Trd, 4318957.943, 100
Trd, 4318958.143, 112
Trd, 4318959.043, 109
Trd, 4318959.393, 108
Trd, 4318960.143, 102
Trd, 4318960.643, 108
Trd, 4318960.693, 132
Trd, 4318961.893, 105
Trd, 4318962.043, 108
Trd, 4318963.793, 108
Trd, 4318965.693, 104
Trd, 4318966.393, 104
Trd, 4318968.093, 122
Trd, 4318968.743, 121
Trd, 4318969.793, 121
Trd, 4318970.243, 117
Trd, 4318970.393, 114
Trd, 4318970.743, 107
Trd, 4318971.893, 93
Trd, 4318972.993, 97
Trd, 4318973.293, 133
Trd, 4318974.743, 101
Trd, 4318975.793, 100
Trd, 4318976.443, 100
Trd, 4318978.143, 102
Trd, 4318980.693, 105
Trd, 4318981.643, 139
Trd, 4318982.593, 104
Trd, 4318984.493, 136
Trd, 4318986.493, 137
Trd, 4318987.693, 137
Trd, 4318987.843, 136
Trd, 4318990.443, 127
Trd, 4318990.743, 125
Trd, 4318991.343, 125
Trd, 4318992.393, 118
Trd, 4318992.943, 118
Trd, 4318993.893, 117
Trd, 4318996.743, 124
Trd, 4318997.093, 119
Trd, 4318997.193, 113
Trd, 4318998.193, 137
Trd, 4319001.443, 129
Trd, 4319001.893, 129
Trd, 4319001.993, 127
Trd, 4319002.143, 125
Trd, 4319003.393, 66
Trd, 4319004.493, 132
Trd, 4319004.743, 131
Trd, 4319004.993, 119
Trd, 4319006.793, 97
Trd, 4319006.993, 97
Trd, 4319007.443, 91
Trd, 4319007.893, 85
Trd, 4319009.993, 107
Trd, 4319010.043, 106
Trd, 4319010.593, 107
Trd, 4319011.243, 106
Trd, 4319011.493, 103
Trd, 4319012.793, 117
Trd, 4319012.893, 81
Trd, 4319014.993, 87
Trd, 4319016.093, 137
Trd, 4319016.243, 137
Trd, 4319016.543, 135
Trd, 4319017.643, 129
Trd, 4319018.293, 128
Trd, 4319021.143, 139
Trd, 4319021.343, 137
Trd, 4319021.443, 130
Trd, 4319021.893, 85
Trd, 4319022.193, 93
Trd, 4319023.743, 128
Trd, 4319025.343, 136
Trd, 4319026.093, 132
Trd, 4319026.693, 130
Trd, 4319026.993, 129
Trd, 4319027.493, 120
Trd, 4319027.693, 120
Trd, 4319027.993, 106
Trd, 4319028.693, 78
Trd, 4319029.393, 93
Trd, 4319030.093, 102
Trd, 4319030.943, 84
Trd, 4319031.893, 71
Trd, 4319032.743, 60
Trd, 4319032.993, 128
Trd, 4319035.343, 130
Trd, 4319035.593, 130
Trd, 4319035.693, 125
Trd, 4319038.043, 113
Trd, 4319038.443, 110
Trd, 4319039.393, 110
Trd, 4319039.943, 82
Trd, 4319040.243, 111
Trd, 4319040.843, 119
Trd, 4319041.193, 112
Trd, 4319041.693, 84
Trd, 4319041.843, 83
Trd, 4319042.893, 125
Trd, 4319043.293, 123
Trd, 4319043.743, 114
Trd, 4319044.943, 123
Trd, 4319046.743, 116
Trd, 4319047.693, 107
Trd, 4319049.143, 122
Trd, 4319050.093, 120
Trd, 4319050.343, 116
Trd, 4319050.443, 114
Trd, 4319051.343, 86
Trd, 4319051.443, 83
Trd, 4319051.643, 129
Trd, 4319052.093, 66
Trd, 4319054.093, 74
Trd, 4319055.193, 65
Trd, 4319057.643, 115
Trd, 4319057.893, 103
Trd, 4319059.243, 103
Trd, 4319059.743, 106
Trd, 4319060.593, 120
Trd, 4319060.643, 120
Trd, 4319061.243, 119
Trd, 4319062.093, 116
Trd, 4319062.443, 116
Trd, 4319063.443, 131
Trd, 4319064.343, 111
Trd, 4319065.543, 109
Trd, 4319066.543, 105
Trd, 4319067.493, 123
Trd, 4319067.593, 119
Trd, 4319067.793, 113
Trd, 4319068.143, 107
Trd, 4319070.793, 103
Trd, 4319071.343, 115
Trd, 4319072.543, 120
Trd, 4319072.593, 110
Trd, 4319072.643, 109
Trd, 4319074.443, 129
Trd, 4319074.643, 131
Trd, 4319075.193, 122
Trd, 4319077.343, 108
Trd, 4319077.693, 108
Trd, 4319077.893, 108
Trd, 4319078.193, 106
Trd, 4319080.143, 123
Trd, 4319081.193, 83
Trd, 4319081.243, 84
Trd, 4319081.393, 83
Trd, 4319081.943, 81
Trd, 4319083.243, 117
Trd, 4319084.343, 76
Trd, 4319084.393, 111
Trd, 4319084.843, 75
Trd, 4319086.643, 76
Trd, 4319087.193, 94
Trd, 4319087.843, 78
Trd, 4319088.543, 82
Trd, 4319088.743, 81
Trd, 4319089.093, 97
Trd, 4319089.543, 80
Trd, 4319089.843, 85
Trd, 4319091.443, 111
Trd, 4319092.543, 111
Trd, 4319093.993, 140
Trd, 4319096.493, 133
Trd, 4319096.843, 132
Trd, 4319097.793, 133
Trd, 4319098.293, 127
Trd, 4319098.643, 123
Trd, 4319099.743, 125
Trd, 4319099.943, 119
Trd, 4319100.443, 118
Trd, 4319103.793, 79
Trd, 4319104.343, 77
Trd, 4319104.643, 136
Trd, 4319106.143, 76
Trd, 4319106.893, 83
Trd, 4319109.593, 128
Trd, 4319110.343, 140
Trd, 4319110.543, 140
Trd, 4319110.743, 137
Trd, 4319111.493, 129
Trd, 4319111.693, 121
Trd, 4319112.993, 131
Trd, 4319113.543, 133
Trd, 4319113.593, 131
Trd, 4319115.143, 124
Trd, 4319116.143, 122
Trd, 4319118.293, 120
Trd, 4319118.343, 120
Trd, 4319118.443, 116
Trd, 4319119.143, 103
Trd, 4319120.443, 119
Trd, 4319120.743, 87
Trd, 4319121.793, 87
Trd, 4319122.343, 86
Trd, 4319124.143, 86
Trd, 4319124.793, 87
Trd, 4319125.693, 120
Trd, 4319125.793, 116
Trd, 4319126.593, 89
Trd, 4319127.443, 100
Trd, 4319127.643, 94
Trd, 4319128.443, 92
Trd, 4319129.243, 92
Trd, 4319130.693, 130
Trd, 4319130.743, 82
Trd, 4319132.943, 72
Trd, 4319133.093, 71
Trd, 4319133.943, 129
Trd, 4319134.793, 127
Trd, 4319135.893, 128
Trd, 4319136.393, 126
Trd, 4319137.193, 113
Trd, 4319137.593, 134
Trd, 4319138.793, 128
Trd, 4319139.943, 124
Trd, 4319140.043, 122
Trd, 4319140.793, 105
Trd, 4319142.443, 139
Trd, 4319142.943, 131
Trd, 4319144.243, 138
Trd, 4319145.043, 140
Trd, 4319145.143, 139
Trd, 4319145.543, 139
Trd, 4319146.743, 133
Trd, 4319146.843, 126
Trd, 4319147.293, 104
Trd, 4319149.243, 98
Trd, 4319149.543, 109
Trd, 4319149.843, 86
Trd, 4319150.493, 109
Trd, 4319153.543, 102
Trd, 4319153.643, 101
Trd, 4319154.043, 97
Trd, 4319154.943, 122
Trd, 4319155.093, 120
Trd, 4319155.543, 105
Trd, 4319157.843, 105
Trd, 4319159.293, 103
Trd, 4319160.443, 124
Trd, 4319161.093, 115
Trd, 4319161.393, 115
Trd, 4319163.743, 117
Trd, 4319165.293, 113
Trd, 4319165.543, 110
Trd, 4319165.943, 101
Trd, 4319166.043, 100
Trd, 4319166.243, 77
Trd, 4319166.443, 74
Trd, 4319168.443, 117
Trd, 4319168.993, 129
Trd, 4319169.193, 125
Trd, 4319169.893, 121
Trd, 4319171.243, 122
Trd, 4319172.243, 124
Trd, 4319172.393, 120
Trd, 4319172.493, 113
Trd, 4319173.643, 119
Trd, 4319176.293, 135
Trd, 4319176.643, 129
Trd, 4319176.843, 122
Trd, 4319177.393, 117
Trd, 4319177.593, 113
Trd, 4319178.993, 130
Trd, 4319179.693, 125
Trd, 4319180.043, 125
Trd, 4319181.143, 132
Trd, 4319181.493, 124
Trd, 4319182.593, 113
Trd, 4319183.793, 113
Trd, 4319184.243, 114
Trd, 4319185.543, 112
Trd, 4319185.593, 112
Trd, 4319186.543, 113
Trd, 4319187.093, 117
Trd, 4319187.743, 118
Trd, 4319188.193, 113
Trd, 4319188.243, 112
Trd, 4319188.693, 107
Trd, 4319189.443, 88
Trd, 4319190.843, 116
Trd, 4319191.643, 116
Trd, 4319191.743, 115
Trd, 4319192.043, 87
Trd, 4319193.743, 62
Trd, 4319194.643, 81
Trd, 4319194.743, 76
Trd, 4319195.543, 139
Trd, 4319196.393, 72
Trd, 4319197.693, 125
Trd, 4319198.693, 92
Trd, 4319199.193, 89
Trd, 4319199.543, 108
Trd, 4319199.643, 89
Trd, 4319200.443, 98
Trd, 4319202.493, 104
Trd, 4319202.993, 103
Trd, 4319204.743, 119
Trd, 4319205.193, 116
Trd, 4319205.893, 115
Trd, 4319205.943, 114
Trd, 4319207.043, 114
Trd, 4319208.393, 113
Trd, 4319208.843, 111
Trd, 4319209.343, 105
Trd, 4319210.343, 135
Trd, 4319210.443, 135
Trd, 4319212.543, 130
Trd, 4319213.993, 126
Trd, 4319214.643, 137
Trd, 4319217.193, 136
Trd, 4319217.243, 135
Trd, 4319217.993, 138
Trd, 4319218.243, 130
Trd, 4319220.693, 128
Trd, 4319221.143, 128
Trd, 4319221.593, 123
Trd, 4319222.893, 123
Trd, 4319223.343, 121
Trd, 4319224.393, 109
Trd, 4319224.943, 127
Trd, 4319226.993, 62
Trd, 4319227.393, 66
Trd, 4319228.243, 63
Trd, 4319228.293, 69
Trd, 4319228.543, 77
Trd, 4319228.893, 104
Trd, 4319230.843, 104
Trd, 4319231.843, 102
Trd, 4319231.943, 116
Trd, 4319232.143, 120
Trd, 4319232.993, 102
Trd, 4319234.143, 138
Trd, 4319234.443, 126
Trd, 4319235.393, 72
Trd, 4319235.943, 93
Trd, 4319236.243, 104
Trd, 4319236.993, 83
Trd, 4319238.343, 62
Trd, 4319239.043, 66
Trd, 4319240.343, 62
Trd, 4319240.443, 72
Trd, 4319242.343, 78
Trd, 4319242.943, 71
Trd, 4319243.093, 81
Trd, 4319243.943, 114
Trd, 4319244.443, 111
Trd, 4319244.643, 111
Trd, 4319246.193, 111
Trd, 4319246.343, 110
Trd, 4319246.443, 110
Trd, 4319247.443, 108
Trd, 4319250.393, 137
Trd, 4319251.293, 140
Trd, 4319251.393, 139
Trd, 4319251.693, 120
Trd, 4319252.793, 111
Trd, 4319253.793, 140
Trd, 4319253.993, 137
Trd, 4319255.093, 99
Trd, 4319255.543, 98
Trd, 4319256.493, 74
Trd, 4319256.693, 74
Trd, 4319257.793, 71
Trd, 4319260.343, 101
Trd, 4319260.993, 96
Trd, 4319261.893, 127
Trd, 4319262.043, 112
Trd, 4319263.243, 120
Trd, 4319263.343, 104
Trd, 4319264.093, 138
Trd, 4319264.193, 134
Trd, 4319265.293, 131
Trd, 4319265.393, 128
Trd, 4319265.443, 127
Trd, 4319265.893, 127
Trd, 4319265.993, 125
Trd, 4319267.443, 91
Trd, 4319270.043, 137
Trd, 4319270.593, 121
Trd, 4319271.343, 116
Trd, 4319273.143, 138
Trd, 4319275.043, 131
Trd, 4319275.343, 140
Trd, 4319275.643, 139
Trd, 4319276.343, 137
Trd, 4319276.693, 129
Trd, 4319276.743, 128
Trd, 4319278.893, 136
Trd, 4319279.643, 136
Trd, 4319280.693, 136
Trd, 4319281.193, 140
Trd, 4319281.593, 137
Trd, 4319281.693, 127
Trd, 4319283.693, 123
Trd, 4319284.493, 126
Trd, 4319285.193, 115
Trd, 4319287.043, 115
Trd, 4319287.593, 113
Trd, 4319287.643, 112
Trd, 4319287.793, 136
Trd, 4319287.843, 109
Trd, 4319289.393, 91
Trd, 4319290.093, 122
Trd, 4319291.293, 100
Trd, 4319291.943, 97
Trd, 4319293.643, 125
Trd, 4319294.893, 121
Trd, 4319295.193, 113
Trd, 4319295.693, 110
Trd, 4319297.893, 139
Trd, 4319299.293, 132
Trd, 4319299.493, 131
Trd, 4319299.893, 91
Trd, 4319300.343, 90
Trd, 4319300.743, 60
Trd, 4319302.043, 74
Trd, 4319303.043, 64
Trd, 4319303.793, 76
Trd, 4319304.193, 98
Trd, 4319304.943, 103
Trd, 4319305.893, 118
Trd, 4319306.143, 109
Trd, 4319306.693, 104
Trd, 4319308.243, 124
Trd, 4319308.693, 124
Trd, 4319308.993, 120
Trd, 4319311.043, 68
Trd, 4319311.293, 115
Trd, 4319313.493, 120
Trd, 4319313.943, 95
Trd, 4319314.893, 109
Trd, 4319314.993, 110
Trd, 4319315.243, 109
Trd, 4319315.993, 123
Trd, 4319316.793, 93
Trd, 4319318.243, 96
Trd, 4319318.643, 130
Trd, 4319319.643, 119
Trd, 4319321.493, 116
Trd, 4319321.743, 115
Trd, 4319322.593, 138
Trd, 4319324.493, 137
Trd, 4319325.893, 130
Trd, 4319326.493, 124
Trd, 4319326.843, 123
Trd, 4319327.093, 115
Trd, 4319328.043, 117
Trd, 4319328.393, 114
Trd, 4319328.693, 134
Trd, 4319329.093, 111
Trd, 4319329.943, 103
Trd, 4319330.793, 93
Trd, 4319331.243, 100
Trd, 4319332.443, 127
Trd, 4319332.643, 132
Trd, 4319333.543, 125
Trd, 4319334.893, 113
Trd, 4319334.943, 121
Trd, 4319334.993, 112
Trd, 4319335.093, 102
Trd, 4319335.743, 85
Trd, 4319335.793, 85
Trd, 4319336.743, 76
Trd, 4319339.543, 86
Trd, 4319339.993, 90
Trd, 4319340.343, 82
Trd, 4319341.593, 119
Trd, 4319342.343, 100
Trd, 4319343.093, 98
Trd, 4319344.843, 102
Trd, 4319344.893, 102
Trd, 4319345.093, 101
Trd, 4319347.243, 97
Trd, 4319347.393, 109
Trd, 4319347.543, 94
Trd, 4319348.743, 109
Trd, 4319350.293, 94
Trd, 4319350.693, 93
Trd, 4319351.093, 92
Trd, 4319352.143, 114
Trd, 4319353.343, 131
Trd, 4319354.243, 125
Trd, 4319354.293, 108
Trd, 4319355.243, 121
Trd, 4319355.943, 121
Trd, 4319357.343, 137
Trd, 4319357.743, 135
Trd, 4319359.093, 118
Trd, 4319360.343, 128
Trd, 4319360.793, 124
Trd, 4319361.293, 131
Trd, 4319361.393, 131
Trd, 4319362.743, 94
Trd, 4319363.743, 100
Trd, 4319364.343, 97
Trd, 4319364.893, 105
Trd, 4319365.143, 97
Trd, 4319367.693, 138
Trd, 4319368.393, 135
Trd, 4319368.493, 133
Trd, 4319369.293, 127
Trd, 4319370.143, 125
Trd, 4319370.293, 125
Trd, 4319371.793, 116
Trd, 4319371.943, 116
Trd, 4319372.993, 125
Trd, 4319374.643, 113
Trd, 4319375.093, 115
Trd, 4319375.943, 110
Trd, 4319376.243, 104
Trd, 4319376.293, 103
Trd, 4319377.393, 89
Trd, 4319377.443, 96
Trd, 4319377.993, 83
Trd, 4319381.143, 75
Trd, 4319382.693, 128
Trd, 4319383.043, 128
Trd, 4319383.443, 83
Trd, 4319384.193, 94
Trd, 4319384.843, 85
Trd, 4319385.043, 84
Trd, 4319386.593, 90
Trd, 4319387.543, 127
Trd, 4319387.993, 125
Trd, 4319388.193, 109
Trd, 4319388.943, 87
Trd, 4319392.043, 101
Trd, 4319392.393, 100
Trd, 4319392.593, 100
Trd, 4319393.343, 99
Trd, 4319393.593, 96
Trd, 4319394.093, 82
Trd, 4319394.443, 102
Trd, 4319395.743, 77
Trd, 4319396.193, 70
Trd, 4319396.443, 71
Trd, 4319397.693, 138
Trd, 4319397.793, 136
Trd, 4319399.643, 114
Trd, 4319400.293, 80
Trd, 4319401.643, 127
Trd, 4319401.843, 118
Trd, 4319401.893, 106
Trd, 4319402.793, 122
Trd, 4319403.343, 107
Trd, 4319404.243, 107
Trd, 4319406.543, 107
Trd, 4319406.593, 109
Trd, 4319406.993, 126
Trd, 4319408.293, 120
Trd, 4319408.743, 128
Trd, 4319408.893, 117
Trd, 4319409.043, 107
Trd, 4319409.543, 76
Trd, 4319410.543, 74
Trd, 4319411.493, 99
Trd, 4319412.743, 119
Trd, 4319413.043, 89
Trd, 4319414.243, 123
Trd, 4319414.643, 116
Trd, 4319414.693, 115
Trd, 4319414.843, 116
Trd, 4319415.893, 124
Trd, 4319418.693, 130
Trd, 4319419.443, 131
Trd, 4319420.543, 128
Trd, 4319420.643, 124
Trd, 4319420.793, 120
Trd, 4319421.393, 134
Trd, 4319422.343, 119
Trd, 4319422.643, 113
Trd, 4319423.393, 112
Trd, 4319426.543, 136
Trd, 4319427.643, 132
Trd, 4319427.693, 128
Trd, 4319428.393, 129
Trd, 4319430.143, 129
Trd, 4319430.243, 111
Trd, 4319431.593, 125
Trd, 4319431.743, 123
Trd, 4319431.993, 121
Trd, 4319433.743, 121
Trd, 4319433.843, 108
Trd, 4319434.143, 96
Trd, 4319434.893, 94
Trd, 4319436.093, 92
Trd, 4319436.893, 91
Trd, 4319437.143, 91
Trd, 4319438.393, 97
Trd, 4319439.193, 96
Trd, 4319440.593, 121
Trd, 4319441.043, 84
Trd, 4319442.893, 131
Trd, 4319442.993, 131
Trd, 4319443.293, 129
Trd, 4319443.693, 125
Trd, 4319444.143, 121
Trd, 4319445.643, 137
Trd, 4319446.043, 126
Trd, 4319446.993, 89
Trd, 4319448.543, 127
Trd, 4319448.893, 96
Trd, 4319450.143, 100
Trd, 4319450.843, 111
Trd, 4319452.493, 136
Trd, 4319453.943, 133
Trd, 4319454.043, 130
Trd, 4319454.943, 100
Trd, 4319455.843, 90
Trd, 4319455.993, 90
Trd, 4319458.093, 83
Trd, 4319458.843, 81
Trd, 4319459.343, 80
Trd, 4319459.843, 108
Trd, 4319461.643, 134
Trd, 4319461.843, 130
Trd, 4319462.443, 121
Trd, 4319464.793, 104
Trd, 4319465.043, 103
Trd, 4319465.243, 100
Trd, 4319467.493, 83
Trd, 4319469.043, 111
Trd, 4319469.843, 115
Trd, 4319470.643, 114
Trd, 4319471.343, 133
Trd, 4319471.593, 131
Trd, 4319472.043, 129
Trd, 4319472.093, 132
Trd, 4319472.543, 119
Trd, 4319472.893, 113
Trd, 4319473.543, 108
Trd, 4319477.193, 133
Trd, 4319477.443, 133
Trd, 4319478.243, 137
Trd, 4319478.993, 136
Trd, 4319479.143, 133
Trd, 4319480.293, 124
Trd, 4319481.693, 95
Trd, 4319481.793, 95
Trd, 4319482.393, 78
Trd, 4319482.443, 81
Trd, 4319484.693, 117
Trd, 4319485.693, 118
Trd, 4319486.393, 115
Trd, 4319486.543, 109
Trd, 4319487.743, 104
Trd, 4319488.093, 112
Trd, 4319488.793, 102
Trd, 4319489.093, 110
Trd, 4319490.493, 104
Trd, 4319491.243, 103
Trd, 4319492.043, 102
Trd, 4319493.243, 131
Trd, 4319493.593, 129
Trd, 4319493.993, 79
Trd, 4319494.693, 68
Trd, 4319494.793, 97
Trd, 4319497.243, 112
Trd, 4319497.943, 108
Trd, 4319498.443, 113
Trd, 4319498.693, 110
Trd, 4319499.843, 120
Trd, 4319501.193, 105
Trd, 4319503.493, 107
Trd, 4319503.743, 106
Trd, 4319503.993, 109
Trd, 4319504.893, 100
Trd, 4319505.143, 99
Trd, 4319506.993, 99
Trd, 4319507.393, 96
Trd, 4319508.843, 84
Trd, 4319509.693, 135
Trd, 4319509.743, 135
Trd, 4319509.793, 115
Trd, 4319511.243, 126
Trd, 4319512.793, 136
Trd, 4319513.243, 135
Trd, 4319513.293, 133
Trd, 4319514.243, 127
Trd, 4319515.493, 118
Trd, 4319515.893, 118
Trd, 4319516.243, 114
Trd, 4319517.843, 78
Trd, 4319517.893, 64
Trd, 4319518.943, 101
Trd, 4319519.443, 133
Trd, 4319520.543, 75
Trd, 4319520.843, 85
Trd, 4319522.793, 92
Trd, 4319523.993, 86
Trd, 4319527.093, 128
Trd, 4319527.343, 124
Trd, 4319527.843, 122
Trd, 4319528.343, 126
Trd, 4319528.743, 123
Trd, 4319530.043, 123
Trd, 4319530.543, 122
Trd, 4319532.243, 121
Trd, 4319532.643, 117
Trd, 4319533.043, 114
Trd, 4319533.543, 120
Trd, 4319534.443, 132
Trd, 4319535.493, 115
Trd, 4319536.243, 114
Trd, 4319536.743, 111
Trd, 4319537.843, 112
Trd, 4319538.343, 108
Trd, 4319538.893, 103
Trd, 4319539.043, 102
Trd, 4319539.643, 113
Trd, 4319540.343, 114
Trd, 4319541.793, 96
Trd, 4319541.893, 98
Trd, 4319542.193, 96
Trd, 4319544.243, 90
Trd, 4319545.043, 99
Trd, 4319545.443, 63
Trd, 4319548.243, 108
Trd, 4319549.743, 74
Trd, 4319550.293, 108
Trd, 4319551.343, 125
Trd, 4319551.493, 123
Trd, 4319552.543, 127
Trd, 4319554.293, 123
Trd, 4319554.743, 118
Trd, 4319555.993, 118
Trd, 4319556.393, 118
Trd, 4319557.493, 116
Trd, 4319558.393, 113
Trd, 4319558.593, 112
Trd, 4319558.693, 130
Trd, 4319559.793, 129
Trd, 4319560.193, 121
Trd, 4319561.343, 114
Trd, 4319561.793, 139
Trd, 4319561.843, 108
Trd, 4319561.893, 101
Trd, 4319563.443, 85
Trd, 4319564.093, 86
Trd, 4319565.993, 94
Trd, 4319566.943, 125
Trd, 4319567.393, 94
Trd, 4319570.843, 113
Trd, 4319571.193, 116
Trd, 4319571.493, 113
Trd, 4319572.543, 120
Trd, 4319573.643, 118
Trd, 4319574.343, 105
Trd, 4319574.593, 79
Trd, 4319576.193, 109
Trd, 4319578.443, 111
Trd, 4319579.243, 122
Trd, 4319579.943, 122
Trd, 4319581.043, 130
Trd, 4319581.593, 115
Trd, 4319581.643, 115
Trd, 4319581.843, 112
Trd, 4319582.093, 139
Trd, 4319584.243, 106
Trd, 4319584.393, 105
Trd, 4319585.843, 85
Trd, 4319586.593, 84
Trd, 4319587.043, 81
Trd, 4319587.343, 80
Trd, 4319588.343, 109
Trd, 4319590.643, 128
Trd, 4319591.243, 111
Trd, 4319592.793, 109
Trd, 4319593.043, 109
Trd, 4319594.743, 109
Trd, 4319595.843, 121
Trd, 4319597.443, 96
Trd, 4319598.643, 129
Trd, 4319599.243, 99
Trd, 4319600.143, 127
Trd, 4319601.693, 100
Trd, 4319602.443, 117
Trd, 4319602.793, 103
Trd, 4319603.293, 107
Trd, 4319605.343, 103
Trd, 4319605.593, 102
Trd, 4319606.143, 119
Trd, 4319606.693, 101
Trd, 4319607.193, 125
Trd, 4319607.343, 98
Trd, 4319607.743, 97
Trd, 4319608.143, 83
Trd, 4319609.793, 60
Trd, 4319610.243, 70
Trd, 4319610.993, 89
Trd, 4319611.743, 117
Trd, 4319614.393, 106
Trd, 4319614.693, 101
Trd, 4319614.743, 99
Trd, 4319615.143, 79
Trd, 4319616.093, 121
Trd, 4319616.593, 110
Trd, 4319616.843, 109
Trd, 4319618.493, 66
Trd, 4319620.543, 117
Trd, 4319620.843, 113
Trd, 4319623.643, 112
Trd, 4319624.043, 112
Trd, 4319624.093, 111
Trd, 4319624.743, 106
Trd, 4319625.293, 101
Trd, 4319626.843, 104
Trd, 4319627.043, 134
Trd, 4319628.043, 125
Trd, 4319628.643, 100
Trd, 4319630.293, 120
Trd, 4319630.493, 111
Trd, 4319631.093, 110
Trd, 4319631.543, 109
Trd, 4319632.143, 139
Trd, 4319632.693, 102
Trd, 4319634.743, 98
Trd, 4319634.943, 131
Trd, 4319635.043, 127
Trd, 4319638.643, 79
Trd, 4319640.193, 131
Trd, 4319640.993, 127
Trd, 4319641.543, 125
Trd, 4319642.693, 117
Trd, 4319643.043, 124
Trd, 4319643.943, 113
Trd, 4319644.093, 109
Trd, 4319645.193, 107
Trd, 4319645.543, 107
Trd, 4319645.743, 105
Trd, 4319648.843, 60
Trd, 4319649.593, 127
Trd, 4319650.593, 112
Trd, 4319650.893, 106
Trd, 4319652.043, 104
Trd, 4319654.993, 106
Trd, 4319655.093, 107
Trd, 4319655.443, 104
Trd, 4319655.843, 115
Trd, 4319655.893, 115
Trd, 4319656.993, 109
Trd, 4319659.293, 107
Trd, 4319659.393, 112
Trd, 4319659.643, 96
Trd, 4319659.893, 73
Trd, 4319661.543, 73
Trd, 4319661.793, 79
Trd, 4319662.493, 95
Trd, 4319662.743, 94
Trd, 4319663.743, 95
Trd, 4319664.543, 93
Trd, 4319665.193, 98
Trd, 4319665.643, 88
Trd, 4319665.943, 117
Trd, 4319667.593, 73
Trd, 4319668.593, 100
Trd, 4319669.043, 134
Trd, 4319669.243, 105
Trd, 4319670.343, 87
Trd, 4319672.093, 83
Trd, 4319673.043, 84
Trd, 4319673.943, 92
Trd, 4319674.593, 109
Trd, 4319674.743, 89
Trd, 4319676.493, 139
Trd, 4319676.843, 135
Trd, 4319677.443, 127
Trd, 4319678.493, 132
Trd, 4319678.643, 126
Trd, 4319679.043, 135
Trd, 4319679.493, 125
Trd, 4319682.293, 134
Trd, 4319682.493, 134
Trd, 4319682.793, 134
Trd, 4319683.843, 130
Trd, 4319685.393, 124
Trd, 4319685.893, 117
Trd, 4319687.843, 123
Trd, 4319688.493, 107
Trd, 4319689.293, 83
Trd, 4319689.593, 124
Trd, 4319689.893, 82
Trd, 4319693.043, 123
Trd, 4319693.543, 120
Trd, 4319694.293, 116
Trd, 4319695.693, 115
Trd, 4319696.993, 140
Trd, 4319697.393, 135
Trd, 4319697.893, 114
Trd, 4319697.943, 105
Trd, 4319699.293, 96
Trd, 4319699.793, 95
Trd, 4319700.593, 101
Trd, 4319701.543, 100
Trd, 4319702.793, 99
Trd, 4319703.893, 93
Trd, 4319704.793, 93
Trd, 4319706.543, 101
Trd, 4319707.143, 115
Trd, 4319707.593, 94
Trd, 4319707.693, 119
Trd, 4319708.093, 109
Trd, 4319708.143, 109
Trd, 4319708.693, 92
Trd, 4319709.293, 105
Trd, 4319710.193, 86
Trd, 4319710.993, 78
Trd, 4319711.843, 82
Trd, 4319713.693, 85
Trd, 4319715.643, 128
Trd, 4319716.493, 127
Trd, 4319716.693, 125
Trd, 4319717.543, 127
Trd, 4319718.793, 112
Trd, 4319719.393, 105
Trd, 4319720.443, 129
Trd, 4319720.693, 117
Trd, 4319721.143, 84
Trd, 4319723.493, 99
Trd, 4319724.143, 121
Trd, 4319724.943, 102
Trd, 4319725.743, 102
Trd, 4319725.993, 100
Trd, 4319726.243, 99
Trd, 4319727.593, 95
Trd, 4319727.643, 128
Trd, 4319728.493, 99
Trd, 4319729.293, 118
Trd, 4319730.693, 98
Trd, 4319731.143, 98
Trd, 4319732.993, 140
Trd, 4319733.093, 138
Trd, 4319733.793, 137
Trd, 4319733.943, 133
Trd, 4319736.093, 136
Trd, 4319736.893, 134
Trd, 4319737.093, 134
Trd, 4319737.593, 129
Trd, 4319738.243, 114
Trd, 4319739.393, 139
Trd, 4319740.193, 134
Trd, 4319740.343, 130
Trd, 4319740.393, 123
Trd, 4319740.593, 113
Trd, 4319741.193, 108
Trd, 4319742.693, 89
Trd, 4319742.793, 86
Trd, 4319744.943, 123
Trd, 4319745.743, 119
Trd, 4319745.843, 119
Trd, 4319746.093, 119
Trd, 4319746.293, 117
Trd, 4319747.293, 122
Trd, 4319747.443, 121
Trd, 4319748.643, 108
Trd, 4319748.693, 102
Trd, 4319750.343, 124
Trd, 4319750.593, 90
Trd, 4319751.093, 88
Trd, 4319751.643, 87
Trd, 4319752.543, 90
Trd, 4319754.343, 92
Trd, 4319755.493, 111
Trd, 4319755.943, 111
Trd, 4319756.193, 110
Trd, 4319756.893, 135
Trd, 4319757.193, 121
Trd, 4319759.043, 123
Trd, 4319760.443, 130
Trd, 4319760.493, 122
Trd, 4319760.943, 121
Trd, 4319761.793, 118
Trd, 4319761.843, 127
Trd, 4319762.343, 128
Trd, 4319763.593, 110
Trd, 4319764.293, 118
Trd, 4319764.843, 122
Trd, 4319765.243, 109
Trd, 4319766.043, 109
Trd, 4319766.293, 118
Trd, 4319767.043, 101
Trd, 4319767.993, 135
Trd, 4319769.093, 100
Trd, 4319769.243, 100
Trd, 4319771.493, 134
Trd, 4319772.243, 138
Trd, 4319772.493, 136
Trd, 4319772.993, 128
Trd, 4319773.593, 99
Trd, 4319774.343, 116
Trd, 4319774.993, 95
Trd, 4319776.293, 98
Trd, 4319777.443, 95
Trd, 4319777.893, 92
Trd, 4319777.943, 91
Trd, 4319778.143, 88
Trd, 4319780.843, 91
Trd, 4319783.593, 107
Trd, 4319785.243, 115
Trd, 4319785.293, 112
Trd, 4319786.043, 137
Trd, 4319786.443, 119
Trd, 4319787.043, 117
Trd, 4319787.993, 112
Trd, 4319788.293, 117
Trd, 4319788.543, 112
Trd, 4319788.943, 120
Trd, 4319791.443, 139
Trd, 4319791.493, 137
Trd, 4319791.993, 131
Trd, 4319792.693, 106
Trd, 4319792.743, 87
Trd, 4319793.393, 112
Trd, 4319793.943, 135
Trd, 4319794.193, 126
Trd, 4319795.093, 125
Trd, 4319795.393, 123
Trd, 4319797.093, 115
Trd, 4319797.643, 134
Trd, 4319797.893, 94
Trd, 4319798.993, 110
Trd, 4319800.743, 109
Trd, 4319801.793, 100
Trd, 4319802.343, 93
Trd, 4319802.893, 113
Trd, 4319802.993, 101
Trd, 4319803.243, 87
Trd, 4319806.643, 130
Trd, 4319806.993, 126
Trd, 4319807.193, 123
Trd, 4319807.743, 139
Trd, 4319808.093, 139
Trd, 4319808.143, 135
Trd, 4319808.693, 96
Trd, 4319809.293, 92
Trd, 4319811.143, 102
Trd, 4319812.043, 118
Trd, 4319812.943, 99
Trd, 4319814.143, 96
Trd, 4319814.293, 90
Trd, 4319815.643, 93
Trd, 4319816.243, 90
Trd, 4319816.493, 107
Trd, 4319817.593, 99
Trd, 4319818.643, 109
Trd, 4319818.743, 109
Trd, 4319819.393, 98
Trd, 4319820.443, 128
Trd, 4319821.293, 116
Trd, 4319821.643, 112
Trd, 4319823.193, 123
Trd, 4319823.543, 120
Trd, 4319824.243, 123
Trd, 4319825.193, 120
Trd, 4319826.893, 122
Trd, 4319827.293, 120
Trd, 4319827.393, 117
Trd, 4319828.193, 109
Trd, 4319828.543, 134
Trd, 4319828.843, 98
Trd, 4319830.643, 67
Trd, 4319833.593, 133
Trd, 4319833.643, 129
Trd, 4319835.543, 121
Trd, 4319835.893, 130
Trd, 4319836.143, 120
Trd, 4319836.193, 120
Trd, 4319838.093, 134
Trd, 4319838.193, 119
Trd, 4319838.793, 116
Trd, 4319839.893, 130
Trd, 4319840.693, 125
Trd, 4319841.693, 123
Trd, 4319842.393, 123
Trd, 4319842.543, 112
Trd, 4319844.343, 88
Trd, 4319844.893, 100
Trd, 4319845.843, 98
Trd, 4319846.193, 114
Trd, 4319847.493, 99
Trd, 4319847.943, 102
Trd, 4319847.993, 99
Trd, 4319849.493, 118
Trd, 4319850.993, 117
Trd, 4319851.593, 112
Trd, 4319851.793, 109
Trd, 4319852.343, 122
Trd, 4319852.993, 98
Trd, 4319853.593, 94
Trd, 4319854.143, 89
Trd, 4319854.193, 89
Trd, 4319856.593, 120
Trd, 4319857.243, 123
Trd, 4319857.343, 105
Trd, 4319857.793, 87
Trd, 4319858.693, 71
Trd, 4319859.293, 91
Trd, 4319859.893, 77
Trd, 4319860.893, 104
Trd, 4319861.193, 118
Trd, 4319862.243, 81
Trd, 4319862.843, 80
Trd, 4319863.343, 103
Trd, 4319863.493, 94
Trd, 4319864.793, 95
Trd, 4319865.593, 111
Trd, 4319865.643, 111
Trd, 4319865.993, 105
Trd, 4319867.493, 90
Trd, 4319867.693, 136
Trd, 4319868.343, 114
Trd, 4319870.593, 114
Trd, 4319872.443, 120
Trd, 4319872.893, 114
Trd, 4319873.393, 115
Trd, 4319875.143, 125
Trd, 4319875.193, 123
Trd, 4319875.393, 121
Trd, 4319877.043, 96
Trd, 4319877.643, 84
Trd, 4319879.093, 79
Trd, 4319879.693, 118
Trd, 4319880.693, 107
Trd, 4319880.993, 102
Trd, 4319881.643, 127
Trd, 4319882.443, 125
Trd, 4319884.043, 128
Trd, 4319884.843, 128
Trd, 4319885.243, 126
Trd, 4319885.743, 112
Trd, 4319887.143, 111
Trd, 4319887.493, 114
Trd, 4319889.743, 122
Trd, 4319890.143, 115
Trd, 4319892.343, 135
Trd, 4319893.593, 132
Trd, 4319893.993, 131
Trd, 4319894.243, 130
Trd, 4319894.343, 128
Trd, 4319895.243, 125
Trd, 4319895.443, 122
Trd, 4319895.693, 99
Trd, 4319898.093, 113
Trd, 4319898.193, 106
Trd, 4319898.293, 106
Trd, 4319902.993, 103
Trd, 4319903.193, 110
Trd, 4319903.493, 97
Trd, 4319904.043, 140
Trd, 4319904.343, 139
Trd, 4319905.293, 135
Trd, 4319905.393, 134
Trd, 4319906.543, 134
Trd, 4319906.593, 133
Trd, 4319907.793, 128
Trd, 4319908.493, 139
Trd, 4319909.243, 125
Trd, 4319910.343, 125
Trd, 4319910.393, 118
Trd, 4319910.693, 102
Trd, 4319910.993, 84
Trd, 4319911.793, 72
Trd, 4319915.393, 131
Trd, 4319917.443, 123
Trd, 4319917.743, 122
Trd, 4319918.593, 135
Trd, 4319920.543, 133
Trd, 4319920.743, 127
Trd, 4319921.293, 121
Trd, 4319921.743, 109
Trd, 4319924.443, 140
Trd, 4319924.593, 139
Trd, 4319924.643, 137
Trd, 4319925.543, 111
Trd, 4319925.993, 92
Trd, 4319926.643, 133
Trd, 4319926.893, 93
Trd, 4319928.143, 132
Trd, 4319928.743, 102
Trd, 4319929.443, 102
Trd, 4319929.593, 101
Trd, 4319930.843, 75
Trd, 4319931.893, 80
Trd, 4319933.393, 129
Trd, 4319933.693, 127
Trd, 4319936.093, 140
Trd, 4319937.093, 140
Trd, 4319937.243, 135
Trd, 4319937.893, 95
Trd, 4319938.043, 93
Trd, 4319938.243, 93
Trd, 4319940.043, 116
Trd, 4319940.093, 115
Trd, 4319942.393, 140
Trd, 4319942.693, 139
Trd, 4319943.143, 135
Trd, 4319943.443, 135
Trd, 4319944.743, 139
Trd, 4319945.493, 126
Trd, 4319945.743, 129
Trd, 4319947.093, 125
Trd, 4319948.293, 112
Trd, 4319951.943, 137
Trd, 4319952.493, 104
Trd, 4319952.743, 118
Trd, 4319953.893, 103
Trd, 4319954.443, 119
Trd, 4319954.593, 99
Trd, 4319955.043, 99
Trd, 4319955.743, 122
Trd, 4319956.043, 118
Trd, 4319959.643, 90
Trd, 4319959.993, 105
Trd, 4319960.693, 91
Trd, 4319961.143, 112
Trd, 4319961.543, 93
Trd, 4319962.693, 117
Trd, 4319962.793, 113
Trd, 4319963.743, 139
Trd, 4319964.093, 139
Trd, 4319967.393, 84
Trd, 4319967.493, 82
Trd, 4319968.743, 86
Trd, 4319968.793, 106
Trd, 4319969.293, 98
Trd, 4319969.493, 110
Trd, 4319970.293, 96
Trd, 4319970.343, 93
Trd, 4319972.893, 132
Trd, 4319972.943, 129
Trd, 4319974.093, 130
Trd, 4319974.793, 130
Trd, 4319975.843, 122
Trd, 4319975.993, 122
Trd, 4319976.043, 120
Trd, 4319977.093, 125
Trd, 4319977.693, 87
Trd, 4319978.543, 122
Trd, 4319979.093, 83
Trd, 4319979.793, 82
Trd, 4319980.193, 81
Trd, 4319980.643, 76
Trd, 4319981.443, 92
Trd, 4319981.693, 135
Trd, 4319982.743, 64
Trd, 4319983.493, 67
Trd, 4319983.893, 84
Trd, 4319985.193, 138
Trd, 4319986.443, 135
Trd, 4319986.593, 135
Trd, 4319987.193, 131
Trd, 4319987.743, 129
Trd, 4319988.243, 139
Trd, 4319990.043, 132
Trd, 4319990.793, 125
Trd, 4319991.193, 137
Trd, 4319991.393, 119
Trd, 4319991.643, 110
Trd, 4319994.693, 131
Trd, 4319994.943, 128
Trd, 4319995.093, 127
Trd, 4319995.643, 128
Trd, 4319996.193, 127
Trd, 4319996.493, 123
Trd, 4319997.893, 140
Trd, 4319998.093, 105
