Trd, 4318094.543, 136
Trd, 4318095.343, 123
Trd, 4318095.843, 99
Trd, 4318096.093, 105
Trd, 4318096.693, 94
Trd, 4318097.693, 140
Trd, 4318098.443, 124
Trd, 4318100.143, 127
Trd, 4318100.543, 139
Trd, 4318100.993, 134
Trd, 4318102.593, 93
Trd, 4318102.793, 88
Trd, 4318102.993, 76
Trd, 4318103.693, 79
Trd, 4318104.043, 123
Trd, 4318104.293, 95
Trd, 4318106.143, 110
Trd, 4318106.943, 90
Trd, 4318107.593, 121
Trd, 4318108.643, 85
Trd, 4318108.743, 81
Trd, 4318109.243, 105
Trd, 4318110.043, 121
Trd, 4318110.543, 130
Trd, 4318111.043, 124
Trd, 4318111.543, 104
Trd, 4318112.943, 126
Trd, 4318114.543, 125
Trd, 4318115.143, 90
Trd, 4318115.243, 106
Trd, 4318115.943, 72
Trd, 4318117.143, 132
Trd, 4318117.993, 128
Trd, 4318118.443, 104
Trd, 4318119.343, 138
Trd, 4318119.393, 127
Trd, 4318119.593, 100
Trd, 4318121.293, 137
Trd, 4318121.443, 122
Trd, 4318122.143, 93
Trd, 4318123.793, 134
Trd, 4318124.543, 139
Trd, 4318125.193, 123
Trd, 4318126.893, 131
Trd, 4318127.393, 120
Trd, 4318127.893, 117
Trd, 4318128.593, 86
Trd, 4318129.193, 124
Trd, 4318129.943, 122
Trd, 4318130.693, 99
Trd, 4318131.093, 116
Trd, 4318132.193, 107
Trd, 4318133.893, 135
Trd, 4318136.093, 138
Trd, 4318136.243, 129
Trd, 4318136.793, 117
Trd, 4318137.293, 101
Trd, 4318137.343, 93
Trd, 4318137.843, 98
Trd, 4318138.043, 108
Trd, 4318138.243, 121
Trd, 4318139.993, 135
Trd, 4318141.593, 139
Trd, 4318142.443, 115
Trd, 4318142.643, 123
Trd, 4318142.743, 115
Trd, 4318143.193, 109
Trd, 4318144.143, 140
Trd, 4318144.193, 111
Trd, 4318144.543, 127
Trd, 4318145.843, 120
Trd, 4318146.493, 139
Trd, 4318148.093, 102
Trd, 4318148.243, 115
Trd, 4318148.993, 112
Trd, 4318151.143, 138
Trd, 4318151.293, 136
Trd, 4318151.843, 123
Trd, 4318152.843, 102
Trd, 4318153.643, 76
Trd, 4318154.493, 137
Trd, 4318155.643, 118
Trd, 4318156.193, 115
Trd, 4318158.293, 100
Trd, 4318159.443, 139
Trd, 4318160.243, 122
Trd, 4318160.893, 123
Trd, 4318161.593, 121
Trd, 4318162.293, 91
Trd, 4318162.443, 92
Trd, 4318163.243, 77
Trd, 4318163.493, 133
Trd, 4318164.593, 125
Trd, 4318164.743, 114
Trd, 4318166.143, 110
Trd, 4318166.643, 105
Trd, 4318167.493, 89
Trd, 4318167.893, 98
Trd, 4318168.693, 120
Trd, 4318169.143, 130
Trd, 4318169.343, 116
Trd, 4318169.593, 83
Trd, 4318170.243, 89
Trd, 4318170.443, 131
Trd, 4318171.393, 87
Trd, 4318173.043, 73
Trd, 4318173.693, 85
Trd, 4318174.243, 93
Trd, 4318175.493, 114
Trd, 4318176.543, 130
Trd, 4318177.943, 137
Trd, 4318178.043, 135
Trd, 4318178.793, 139
Trd, 4318180.443, 135
Trd, 4318180.793, 113
Trd, 4318181.343, 88
Trd, 4318181.843, 101
Trd, 4318184.243, 134
Trd, 4318184.993, 99
Trd, 4318186.193, 108
Trd, 4318186.243, 95
Trd, 4318186.693, 124
Trd, 4318186.743, 109
Trd, 4318188.643, 112
Trd, 4318188.843, 107
Trd, 4318189.693, 105
Trd, 4318190.193, 104
Trd, 4318190.743, 136
Trd, 4318191.943, 103
Trd, 4318193.493, 134
Trd, 4318193.993, 98
Trd, 4318194.743, 129
Trd, 4318194.993, 112
Trd, 4318196.343, 128
Trd, 4318197.243, 138
Trd, 4318197.943, 93
Trd, 4318199.393, 138
Trd, 4318199.843, 96
Trd, 4318200.843, 135
Trd, 4318201.093, 106
Trd, 4318201.543, 63
Trd, 4318202.593, 62
Trd, 4318203.993, 92
Trd, 4318205.693, 136
Trd, 4318206.443, 128
Trd, 4318207.743, 99
Trd, 4318208.393, 106
Trd, 4318209.093, 106
Trd, 4318209.693, 136
Trd, 4318210.043, 105
Trd, 4318210.693, 114
Trd, 4318211.243, 112
Trd, 4318212.643, 117
Trd, 4318213.143, 113
Trd, 4318213.693, 96
Trd, 4318213.943, 116
Trd, 4318214.043, 125
Trd, 4318214.643, 83
Trd, 4318214.693, 85
Trd, 4318215.443, 104
Trd, 4318217.343, 127
Trd, 4318218.093, 124
Trd, 4318218.343, 75
Trd, 4318219.093, 82
Trd, 4318219.593, 93
Trd, 4318221.143, 139
Trd, 4318221.293, 138
Trd, 4318221.393, 133
Trd, 4318221.793, 103
Trd, 4318223.693, 119
Trd, 4318223.893, 140
Trd, 4318224.393, 123
Trd, 4318225.293, 96
Trd, 4318225.493, 137
Trd, 4318225.943, 107
Trd, 4318226.093, 100
Trd, 4318226.743, 77
Trd, 4318228.443, 124
Trd, 4318229.793, 114
Trd, 4318229.893, 102
Trd, 4318230.243, 115
Trd, 4318230.593, 123
Trd, 4318230.943, 139
Trd, 4318231.693, 80
Trd, 4318232.543, 82
Trd, 4318233.293, 95
Trd, 4318234.793, 113
Trd, 4318234.893, 108
Trd, 4318234.993, 134
Trd, 4318235.593, 138
Trd, 4318236.443, 99
Trd, 4318237.193, 102
Trd, 4318238.343, 137
Trd, 4318239.543, 123
Trd, 4318239.593, 121
Trd, 4318240.493, 106
Trd, 4318240.693, 97
Trd, 4318242.543, 140
Trd, 4318243.743, 135
Trd, 4318243.993, 111
Trd, 4318244.593, 140
Trd, 4318245.343, 117
Trd, 4318246.393, 118
Trd, 4318246.493, 110
Trd, 4318246.543, 135
Trd, 4318249.693, 93
Trd, 4318249.943, 109
Trd, 4318251.643, 126
Trd, 4318251.843, 118
Trd, 4318251.943, 111
Trd, 4318253.893, 116
Trd, 4318254.993, 132
Trd, 4318256.193, 109
Trd, 4318256.443, 108
Trd, 4318256.493, 123
Trd, 4318256.893, 106
Trd, 4318257.743, 121
Trd, 4318258.293, 128
Trd, 4318259.193, 118
Trd, 4318259.893, 140
Trd, 4318260.143, 117
Trd, 4318260.343, 104
Trd, 4318261.043, 81
Trd, 4318262.593, 79
Trd, 4318263.593, 94
Trd, 4318265.043, 99
Trd, 4318265.093, 96
Trd, 4318265.993, 128
Trd, 4318266.943, 135
Trd, 4318268.943, 135
Trd, 4318269.343, 132
Trd, 4318270.893, 133
Trd, 4318271.143, 109
Trd, 4318271.243, 103
Trd, 4318271.743, 110
Trd, 4318272.443, 79
Trd, 4318273.543, 72
Trd, 4318273.743, 81
Trd, 4318273.943, 64
Trd, 4318274.593, 90
Trd, 4318275.043, 101
Trd, 4318275.293, 82
Trd, 4318275.943, 73
Trd, 4318278.043, 132
Trd, 4318278.693, 106
Trd, 4318278.893, 108
Trd, 4318279.393, 78
Trd, 4318280.093, 104
Trd, 4318281.793, 132
Trd, 4318281.893, 119
Trd, 4318282.243, 132
Trd, 4318283.893, 139
Trd, 4318284.293, 134
Trd, 4318285.993, 126
Trd, 4318287.393, 124
Trd, 4318288.093, 105
Trd, 4318288.493, 107
Trd, 4318289.743, 108
Trd, 4318290.043, 101
Trd, 4318290.243, 107
Trd, 4318292.193, 125
Trd, 4318293.293, 124
Trd, 4318293.493, 126
Trd, 4318293.993, 112
Trd, 4318295.493, 112
Trd, 4318296.243, 139
Trd, 4318297.493, 132
Trd, 4318297.943, 132
Trd, 4318298.043, 123
Trd, 4318300.343, 135
Trd, 4318301.393, 139
Trd, 4318302.043, 93
Trd, 4318302.193, 99
Trd, 4318303.043, 84
Trd, 4318303.493, 82
Trd, 4318304.143, 123
Trd, 4318304.243, 110
Trd, 4318305.393, 126
Trd, 4318305.843, 136
Trd, 4318306.293, 132
Trd, 4318306.843, 138
Trd, 4318307.543, 118
Trd, 4318308.343, 89
Trd, 4318308.843, 112
Trd, 4318309.693, 89
Trd, 4318309.893, 129
Trd, 4318311.693, 133
Trd, 4318312.943, 100
Trd, 4318314.793, 132
Trd, 4318315.293, 130
Trd, 4318315.843, 117
Trd, 4318318.193, 133
Trd, 4318318.543, 133
Trd, 4318319.043, 129
Trd, 4318319.093, 129
Trd, 4318320.643, 133
Trd, 4318320.843, 130
Trd, 4318321.093, 122
Trd, 4318322.243, 139
Trd, 4318323.443, 127
Trd, 4318324.093, 110
Trd, 4318325.193, 86
Trd, 4318326.443, 132
Trd, 4318326.493, 137
Trd, 4318327.443, 107
Trd, 4318329.893, 77
Trd, 4318330.743, 135
Trd, 4318331.243, 131
Trd, 4318331.543, 114
Trd, 4318331.893, 100
Trd, 4318332.293, 139
Trd, 4318333.643, 131
Trd, 4318334.843, 106
Trd, 4318336.293, 118
Trd, 4318337.093, 138
Trd, 4318337.243, 116
Trd, 4318337.593, 92
Trd, 4318338.243, 108
Trd, 4318339.193, 93
Trd, 4318339.843, 63
Trd, 4318340.493, 125
Trd, 4318341.893, 139
Trd, 4318341.993, 110
Trd, 4318342.493, 119
Trd, 4318342.643, 101
Trd, 4318343.443, 95
Trd, 4318343.843, 92
Trd, 4318344.143, 129
Trd, 4318344.193, 121
Trd, 4318345.243, 105
Trd, 4318345.493, 77
Trd, 4318347.093, 121
Trd, 4318347.143, 120
Trd, 4318348.343, 134
Trd, 4318348.993, 99
Trd, 4318349.193, 122
Trd, 4318350.143, 121
Trd, 4318350.593, 136
Trd, 4318351.893, 140
Trd, 4318352.593, 125
Trd, 4318353.343, 129
Trd, 4318353.393, 107
Trd, 4318354.843, 139
Trd, 4318356.443, 130
Trd, 4318356.543, 128
Trd, 4318357.593, 136
Trd, 4318359.043, 135
Trd, 4318359.443, 133
Trd, 4318359.643, 128
Trd, 4318360.093, 122
Trd, 4318361.393, 128
Trd, 4318361.593, 128
Trd, 4318362.993, 124
Trd, 4318363.343, 103
Trd, 4318363.543, 121
Trd, 4318364.493, 107
Trd, 4318364.743, 128
Trd, 4318365.393, 95
Trd, 4318366.443, 131
Trd, 4318367.393, 130
Trd, 4318369.143, 127
Trd, 4318369.543, 133
Trd, 4318370.693, 108
Trd, 4318371.493, 134
Trd, 4318371.593, 127
Trd, 4318371.943, 108
Trd, 4318372.643, 107
Trd, 4318373.243, 73
Trd, 4318374.193, 109
Trd, 4318374.343, 110
Trd, 4318374.793, 73
Trd, 4318374.943, 71
Trd, 4318377.943, 136
Trd, 4318378.493, 120
Trd, 4318378.593, 95
Trd, 4318380.093, 96
Trd, 4318380.693, 80
Trd, 4318381.393, 106
Trd, 4318381.493, 74
Trd, 4318381.593, 101
Trd, 4318382.143, 73
Trd, 4318383.293, 99
Trd, 4318385.243, 140
Trd, 4318386.343, 124
Trd, 4318387.893, 137
Trd, 4318388.293, 134
Trd, 4318389.143, 100
Trd, 4318389.693, 110
Trd, 4318392.193, 135
Trd, 4318392.543, 134
Trd, 4318393.043, 136
Trd, 4318393.243, 129
Trd, 4318393.393, 127
Trd, 4318393.843, 95
Trd, 4318394.093, 113
Trd, 4318394.393, 79
Trd, 4318395.493, 133
Trd, 4318396.593, 140
Trd, 4318397.443, 126
Trd, 4318398.593, 124
Trd, 4318399.443, 134
Trd, 4318399.693, 118
Trd, 4318402.093, 109
Trd, 4318402.443, 129
Trd, 4318403.793, 132
Trd, 4318404.393, 89
Trd, 4318404.543, 118
Trd, 4318405.293, 134
Trd, 4318405.793, 100
Trd, 4318406.343, 73
Trd, 4318406.843, 102
Trd, 4318407.693, 97
Trd, 4318408.693, 107
Trd, 4318409.343, 113
Trd, 4318409.493, 127
Trd, 4318410.293, 78
Trd, 4318411.593, 129
Trd, 4318412.143, 88
Trd, 4318412.943, 125
Trd, 4318413.193, 94
Trd, 4318414.643, 139
Trd, 4318414.793, 121
Trd, 4318416.743, 131
Trd, 4318416.843, 128
Trd, 4318417.393, 98
Trd, 4318417.743, 98
Trd, 4318418.393, 89
Trd, 4318419.143, 119
Trd, 4318419.293, 116
Trd, 4318420.193, 84
Trd, 4318420.943, 128
Trd, 4318421.343, 124
Trd, 4318422.143, 109
Trd, 4318422.743, 88
Trd, 4318422.843, 71
Trd, 4318423.293, 94
Trd, 4318424.393, 70
Trd, 4318425.243, 130
Trd, 4318426.243, 117
Trd, 4318427.193, 137
Trd, 4318429.193, 138
Trd, 4318429.343, 123
Trd, 4318430.943, 136
Trd, 4318431.143, 135
Trd, 4318431.643, 132
Trd, 4318432.143, 113
Trd, 4318432.793, 137
Trd, 4318432.843, 111
Trd, 4318433.243, 104
Trd, 4318433.993, 77
Trd, 4318434.443, 85
Trd, 4318435.843, 130
Trd, 4318436.643, 137
Trd, 4318436.843, 97
Trd, 4318437.443, 116
Trd, 4318437.593, 104
Trd, 4318438.693, 112
Trd, 4318440.143, 95
Trd, 4318440.293, 83
Trd, 4318441.043, 88
Trd, 4318441.543, 99
Trd, 4318441.643, 89
Trd, 4318442.393, 138
Trd, 4318442.693, 134
Trd, 4318442.843, 115
Trd, 4318446.393, 140
Trd, 4318446.593, 135
Trd, 4318446.843, 116
Trd, 4318447.943, 82
Trd, 4318448.093, 78
Trd, 4318448.693, 101
Trd, 4318450.443, 117
Trd, 4318450.943, 99
Trd, 4318451.043, 105
Trd, 4318452.243, 139
Trd, 4318452.893, 132
Trd, 4318453.143, 110
Trd, 4318453.193, 105
Trd, 4318454.593, 131
Trd, 4318454.693, 90
Trd, 4318455.593, 131
Trd, 4318455.893, 98
Trd, 4318455.943, 106
Trd, 4318456.593, 113
Trd, 4318458.543, 91
Trd, 4318459.043, 140
Trd, 4318460.143, 137
Trd, 4318460.743, 129
Trd, 4318461.193, 123
Trd, 4318461.643, 126
Trd, 4318463.243, 140
Trd, 4318463.493, 119
Trd, 4318464.293, 101
Trd, 4318465.193, 104
Trd, 4318465.643, 101
Trd, 4318465.993, 105
Trd, 4318468.793, 139
Trd, 4318468.843, 121
Trd, 4318469.093, 95
Trd, 4318469.793, 114
Trd, 4318469.993, 89
Trd, 4318471.593, 131
Trd, 4318471.793, 118
Trd, 4318472.093, 137
Trd, 4318472.543, 126
Trd, 4318473.243, 115
Trd, 4318473.493, 110
Trd, 4318473.993, 100
Trd, 4318474.643, 107
Trd, 4318475.843, 133
Trd, 4318476.743, 90
Trd, 4318477.643, 128
Trd, 4318478.943, 98
Trd, 4318480.093, 129
Trd, 4318481.393, 123
Trd, 4318481.443, 124
Trd, 4318481.493, 111
Trd, 4318481.593, 84
Trd, 4318482.593, 106
Trd, 4318482.943, 93
Trd, 4318483.893, 64
Trd, 4318484.793, 134
Trd, 4318485.443, 113
Trd, 4318486.843, 134
Trd, 4318487.993, 84
Trd, 4318489.393, 129
Trd, 4318489.693, 134
Trd, 4318490.393, 109
Trd, 4318490.593, 137
Trd, 4318491.343, 103
Trd, 4318491.743, 86
Trd, 4318492.743, 96
Trd, 4318493.943, 107
Trd, 4318494.943, 132
Trd, 4318495.793, 132
Trd, 4318496.143, 117
Trd, 4318496.293, 87
Trd, 4318496.643, 126
Trd, 4318496.993, 124
Trd, 4318498.093, 96
Trd, 4318499.743, 101
Trd, 4318500.393, 138
Trd, 4318500.693, 131
Trd, 4318501.493, 138
Trd, 4318504.293, 140
Trd, 4318504.593, 140
Trd, 4318504.693, 137
Trd, 4318506.543, 140
Trd, 4318506.593, 124
Trd, 4318506.993, 103
Trd, 4318507.143, 96
Trd, 4318507.793, 87
Trd, 4318508.293, 107
Trd, 4318508.693, 80
Trd, 4318508.793, 138
Trd, 4318509.393, 117
Trd, 4318510.743, 110
Trd, 4318511.743, 124
Trd, 4318512.043, 117
Trd, 4318512.693, 74
Trd, 4318513.443, 140
Trd, 4318513.743, 123
Trd, 4318514.393, 111
Trd, 4318516.293, 139
Trd, 4318516.943, 112
Trd, 4318517.443, 121
Trd, 4318519.543, 121
Trd, 4318519.743, 113
Trd, 4318520.293, 135
Trd, 4318520.943, 120
Trd, 4318521.193, 79
Trd, 4318523.243, 126
Trd, 4318523.393, 116
Trd, 4318524.343, 123
Trd, 4318525.343, 137
Trd, 4318525.793, 75
Trd, 4318526.093, 84
Trd, 4318527.193, 114
Trd, 4318527.393, 101
Trd, 4318528.293, 109
Trd, 4318528.993, 112
Trd, 4318529.893, 113
Trd, 4318530.393, 128
Trd, 4318531.143, 107
Trd, 4318531.343, 132
Trd, 4318532.393, 127
Trd, 4318532.593, 110
Trd, 4318534.043, 103
Trd, 4318535.693, 140
Trd, 4318536.243, 136
Trd, 4318536.293, 130
Trd, 4318536.593, 110
Trd, 4318538.093, 136
Trd, 4318538.543, 125
Trd, 4318539.793, 140
Trd, 4318540.243, 120
Trd, 4318540.993, 100
Trd, 4318541.793, 130
Trd, 4318542.793, 133
Trd, 4318543.643, 118
Trd, 4318543.993, 95
Trd, 4318546.293, 137
Trd, 4318547.793, 140
Trd, 4318548.543, 119
Trd, 4318548.693, 100
Trd, 4318548.993, 91
Trd, 4318550.193, 124
Trd, 4318551.143, 113
Trd, 4318551.593, 125
Trd, 4318552.793, 133
Trd, 4318553.593, 101
Trd, 4318553.843, 125
Trd, 4318553.943, 134
Trd, 4318554.493, 135
Trd, 4318554.993, 113
Trd, 4318556.143, 106
Trd, 4318557.793, 125
Trd, 4318558.343, 123
Trd, 4318559.993, 133
Trd, 4318560.443, 132
Trd, 4318560.893, 127
Trd, 4318562.393, 139
Trd, 4318562.443, 118
Trd, 4318562.893, 126
Trd, 4318563.443, 106
Trd, 4318563.993, 137
Trd, 4318564.393, 108
Trd, 4318565.293, 137
Trd, 4318566.393, 90
Trd, 4318567.043, 135
Trd, 4318567.543, 97
Trd, 4318568.543, 126
Trd, 4318570.443, 95
Trd, 4318570.893, 86
Trd, 4318572.043, 85
Trd, 4318572.593, 88
Trd, 4318573.543, 93
Trd, 4318574.043, 93
Trd, 4318575.143, 121
Trd, 4318575.843, 136
Trd, 4318578.293, 91
Trd, 4318579.243, 99
Trd, 4318580.143, 83
Trd, 4318580.593, 63
Trd, 4318582.243, 140
Trd, 4318583.643, 123
Trd, 4318584.193, 122
Trd, 4318586.193, 126
Trd, 4318586.843, 122
Trd, 4318587.393, 136
Trd, 4318587.643, 127
Trd, 4318588.243, 108
Trd, 4318588.943, 100
Trd, 4318589.293, 131
Trd, 4318591.793, 139
Trd, 4318592.393, 120
Trd, 4318592.593, 133
Trd, 4318593.043, 104
Trd, 4318593.143, 95
Trd, 4318593.193, 93
Trd, 4318595.843, 117
Trd, 4318595.993, 115
Trd, 4318596.893, 123
Trd, 4318597.443, 101
Trd, 4318598.243, 122
Trd, 4318598.343, 118
Trd, 4318600.143, 105
Trd, 4318600.893, 126
Trd, 4318602.743, 135
Trd, 4318603.843, 128
Trd, 4318604.443, 134
Trd, 4318604.743, 121
Trd, 4318604.893, 115
Trd, 4318606.343, 117
Trd, 4318606.943, 102
Trd, 4318607.943, 134
Trd, 4318608.793, 123
Trd, 4318609.343, 134
Trd, 4318609.743, 133
Trd, 4318609.893, 103
Trd, 4318612.493, 130
Trd, 4318612.643, 123
Trd, 4318614.293, 119
Trd, 4318616.443, 139
Trd, 4318617.043, 112
Trd, 4318618.993, 139
Trd, 4318620.493, 120
Trd, 4318620.943, 125
Trd, 4318621.243, 112
Trd, 4318622.093, 104
Trd, 4318622.543, 112
Trd, 4318623.543, 134
Trd, 4318625.193, 140
Trd, 4318625.293, 127
Trd, 4318625.593, 122
Trd, 4318626.643, 121
Trd, 4318627.093, 118
Trd, 4318628.143, 98
Trd, 4318628.893, 63
Trd, 4318629.643, 79
Trd, 4318629.893, 97
Trd, 4318630.543, 105
Trd, 4318631.643, 123
Trd, 4318631.693, 115
Trd, 4318631.793, 102
Trd, 4318632.893, 140
Trd, 4318633.593, 83
Trd, 4318634.693, 99
Trd, 4318634.893, 69
Trd, 4318635.443, 97
Trd, 4318636.343, 111
Trd, 4318637.243, 67
Trd, 4318638.143, 86
Trd, 4318638.493, 90
Trd, 4318638.893, 104
Trd, 4318639.893, 131
Trd, 4318641.293, 130
Trd, 4318641.543, 111
Trd, 4318643.343, 128
Trd, 4318644.543, 102
Trd, 4318644.793, 92
Trd, 4318644.843, 86
Trd, 4318644.893, 105
Trd, 4318645.243, 71
Trd, 4318646.393, 135
Trd, 4318646.493, 129
Trd, 4318647.143, 136
Trd, 4318647.643, 65
Trd, 4318651.243, 111
Trd, 4318652.393, 132
Trd, 4318652.993, 131
Trd, 4318654.743, 136
Trd, 4318655.243, 113
Trd, 4318655.543, 138
Trd, 4318658.243, 136
Trd, 4318658.393, 125
Trd, 4318658.993, 133
Trd, 4318659.243, 106
Trd, 4318660.293, 122
Trd, 4318661.043, 98
Trd, 4318661.293, 99
Trd, 4318661.543, 85
Trd, 4318662.193, 111
Trd, 4318662.993, 128
Trd, 4318663.893, 140
Trd, 4318664.243, 118
Trd, 4318664.693, 88
Trd, 4318665.293, 131
Trd, 4318665.993, 118
Trd, 4318666.043, 82
Trd, 4318666.743, 67
Trd, 4318667.643, 97
Trd, 4318668.593, 127
Trd, 4318668.693, 136
Trd, 4318670.743, 98
Trd, 4318671.143, 114
Trd, 4318672.143, 122
Trd, 4318673.293, 107
Trd, 4318673.743, 118
Trd, 4318674.443, 140
Trd, 4318674.993, 119
Trd, 4318676.693, 136
Trd, 4318676.993, 118
Trd, 4318678.143, 138
Trd, 4318678.743, 123
Trd, 4318679.643, 100
Trd, 4318680.843, 78
Trd, 4318681.243, 117
Trd, 4318682.143, 139
Trd, 4318682.643, 128
Trd, 4318683.443, 123
Trd, 4318684.093, 133
Trd, 4318685.243, 134
Trd, 4318685.993, 117
Trd, 4318686.693, 130
Trd, 4318686.843, 80
Trd, 4318687.243, 77
Trd, 4318688.593, 117
Trd, 4318689.143, 79
Trd, 4318689.843, 115
Trd, 4318690.243, 99
Trd, 4318691.093, 138
Trd, 4318691.493, 115
Trd, 4318692.543, 101
Trd, 4318692.693, 94
Trd, 4318692.993, 104
Trd, 4318693.443, 88
Trd, 4318694.293, 97
Trd, 4318694.693, 91
Trd, 4318696.143, 75
Trd, 4318696.693, 83
Trd, 4318697.393, 126
Trd, 4318698.143, 117
Trd, 4318698.943, 133
Trd, 4318700.493, 140
Trd, 4318700.643, 138
Trd, 4318700.693, 103
Trd, 4318701.943, 139
Trd, 4318702.493, 115
Trd, 4318702.993, 105
Trd, 4318704.043, 99
Trd, 4318705.393, 138
Trd, 4318705.843, 107
Trd, 4318706.743, 101
Trd, 4318706.893, 107
Trd, 4318707.293, 115
Trd, 4318707.643, 88
Trd, 4318708.493, 68
Trd, 4318710.093, 113
Trd, 4318710.493, 125
Trd, 4318710.693, 118
Trd, 4318710.993, 101
Trd, 4318711.693, 134
Trd, 4318713.193, 136
Trd, 4318713.543, 133
Trd, 4318714.843, 137
Trd, 4318715.043, 106
Trd, 4318716.593, 121
Trd, 4318717.293, 123
Trd, 4318717.643, 103
Trd, 4318718.343, 78
Trd, 4318718.943, 122
Trd, 4318719.043, 92
Trd, 4318720.193, 136
Trd, 4318720.893, 104
Trd, 4318721.093, 132
Trd, 4318722.593, 101
Trd, 4318723.093, 96
Trd, 4318724.743, 116
Trd, 4318725.043, 98
Trd, 4318726.293, 122
Trd, 4318727.643, 124
Trd, 4318728.093, 130
Trd, 4318728.243, 109
Trd, 4318729.693, 138
Trd, 4318730.343, 132
Trd, 4318730.893, 116
Trd, 4318731.143, 110
Trd, 4318731.643, 85
Trd, 4318732.093, 100
Trd, 4318733.693, 96
Trd, 4318736.493, 125
Trd, 4318737.393, 139
Trd, 4318737.843, 133
Trd, 4318738.493, 117
Trd, 4318738.693, 126
Trd, 4318739.593, 124
Trd, 4318740.693, 134
Trd, 4318741.043, 126
Trd, 4318741.243, 122
Trd, 4318742.343, 107
Trd, 4318742.593, 99
Trd, 4318743.193, 85
Trd, 4318743.743, 116
Trd, 4318744.593, 128
Trd, 4318744.843, 103
Trd, 4318746.493, 135
Trd, 4318746.643, 110
Trd, 4318748.393, 138
Trd, 4318749.393, 135
Trd, 4318750.743, 138
Trd, 4318751.143, 139
Trd, 4318751.843, 118
Trd, 4318751.943, 116
Trd, 4318752.743, 138
Trd, 4318753.643, 92
Trd, 4318754.093, 128
Trd, 4318754.193, 114
Trd, 4318754.693, 74
Trd, 4318756.893, 138
Trd, 4318757.443, 116
Trd, 4318757.843, 112
Trd, 4318758.293, 93
Trd, 4318759.543, 124
Trd, 4318760.193, 134
Trd, 4318761.393, 140
Trd, 4318763.143, 126
Trd, 4318763.943, 123
Trd, 4318765.993, 134
Trd, 4318766.093, 121
Trd, 4318766.393, 125
Trd, 4318766.693, 118
Trd, 4318768.043, 133
Trd, 4318769.193, 135
Trd, 4318769.543, 95
Trd, 4318769.843, 105
Trd, 4318770.293, 95
Trd, 4318771.043, 118
Trd, 4318772.193, 120
Trd, 4318773.243, 140
Trd, 4318773.543, 124
Trd, 4318773.743, 115
Trd, 4318774.543, 112
Trd, 4318776.043, 91
Trd, 4318776.443, 78
Trd, 4318776.543, 69
Trd, 4318777.443, 135
Trd, 4318778.893, 138
Trd, 4318779.193, 132
Trd, 4318780.543, 124
Trd, 4318781.443, 95
Trd, 4318782.143, 81
Trd, 4318783.643, 133
Trd, 4318783.693, 113
Trd, 4318784.243, 92
Trd, 4318784.693, 107
Trd, 4318784.943, 99
Trd, 4318786.143, 109
Trd, 4318786.443, 105
Trd, 4318786.843, 120
Trd, 4318787.243, 90
Trd, 4318788.393, 137
Trd, 4318789.493, 136
Trd, 4318790.293, 121
Trd, 4318792.793, 111
Trd, 4318793.843, 99
Trd, 4318793.943, 86
Trd, 4318794.143, 129
Trd, 4318795.393, 129
Trd, 4318795.693, 140
Trd, 4318796.343, 127
Trd, 4318798.493, 107
Trd, 4318799.643, 128
Trd, 4318800.593, 99
Trd, 4318800.743, 98
Trd, 4318802.343, 124
Trd, 4318802.443, 120
Trd, 4318802.543, 137
Trd, 4318803.693, 116
Trd, 4318803.993, 105
Trd, 4318805.943, 130
Trd, 4318806.343, 107
Trd, 4318806.893, 115
Trd, 4318807.193, 89
Trd, 4318807.693, 107
Trd, 4318807.993, 86
Trd, 4318809.043, 119
Trd, 4318809.493, 101
Trd, 4318810.643, 89
Trd, 4318811.493, 127
Trd, 4318811.843, 109
Trd, 4318813.943, 136
Trd, 4318815.543, 132
Trd, 4318815.593, 119
Trd, 4318815.743, 133
Trd, 4318816.593, 110
Trd, 4318817.143, 122
Trd, 4318817.493, 106
Trd, 4318818.143, 133
Trd, 4318819.343, 98
Trd, 4318819.643, 132
Trd, 4318821.143, 91
Trd, 4318821.893, 116
Trd, 4318822.043, 94
Trd, 4318822.243, 126
Trd, 4318823.493, 115
Trd, 4318825.193, 105
Trd, 4318826.043, 100
Trd, 4318826.943, 75
Trd, 4318827.493, 94
Trd, 4318827.593, 131
Trd, 4318828.143, 75
Trd, 4318828.793, 100
Trd, 4318829.193, 139
Trd, 4318829.743, 115
Trd, 4318829.843, 86
Trd, 4318831.193, 134
Trd, 4318831.543, 105
Trd, 4318831.893, 123
Trd, 4318831.943, 127
Trd, 4318832.543, 81
Trd, 4318833.743, 78
Trd, 4318834.743, 83
Trd, 4318835.493, 111
Trd, 4318836.593, 119
Trd, 4318837.843, 107
Trd, 4318839.493, 121
Trd, 4318840.193, 75
Trd, 4318840.843, 84
Trd, 4318841.293, 124
Trd, 4318842.743, 117
Trd, 4318843.143, 128
Trd, 4318844.493, 138
Trd, 4318845.443, 136
Trd, 4318845.643, 133
Trd, 4318845.993, 131
Trd, 4318848.143, 124
Trd, 4318848.743, 101
Trd, 4318849.043, 97
Trd, 4318850.643, 116
Trd, 4318850.843, 107
Trd, 4318851.693, 118
Trd, 4318852.543, 120
Trd, 4318853.493, 98
Trd, 4318854.093, 81
Trd, 4318854.693, 140
Trd, 4318855.093, 73
Trd, 4318856.993, 119
Trd, 4318857.793, 137
Trd, 4318857.943, 118
Trd, 4318858.643, 131
Trd, 4318860.093, 117
Trd, 4318861.393, 130
Trd, 4318861.493, 122
Trd, 4318862.543, 117
Trd, 4318863.643, 115
Trd, 4318864.593, 101
Trd, 4318865.343, 93
Trd, 4318865.643, 91
Trd, 4318865.743, 89
Trd, 4318866.893, 125
Trd, 4318866.993, 114
Trd, 4318868.293, 92
Trd, 4318868.843, 95
Trd, 4318869.193, 106
Trd, 4318870.993, 120
Trd, 4318871.043, 114
Trd, 4318871.943, 85
Trd, 4318872.943, 62
Trd, 4318877.243, 127
Trd, 4318877.343, 126
Trd, 4318877.843, 111
Trd, 4318877.943, 108
Trd, 4318878.843, 97
Trd, 4318879.093, 95
Trd, 4318879.543, 139
Trd, 4318880.143, 126
Trd, 4318880.543, 112
Trd, 4318880.993, 135
Trd, 4318881.943, 130
Trd, 4318882.393, 123
Trd, 4318883.243, 114
Trd, 4318883.393, 130
Trd, 4318884.543, 112
Trd, 4318884.943, 127
Trd, 4318885.843, 69
Trd, 4318887.293, 72
Trd, 4318888.293, 106
Trd, 4318888.443, 96
Trd, 4318889.693, 61
Trd, 4318889.893, 62
Trd, 4318890.943, 63
Trd, 4318892.343, 126
Trd, 4318893.543, 131
Trd, 4318894.143, 130
Trd, 4318894.243, 128
Trd, 4318895.093, 98
Trd, 4318895.193, 97
Trd, 4318895.793, 115
Trd, 4318897.593, 125
Trd, 4318897.843, 122
Trd, 4318898.393, 119
Trd, 4318900.293, 136
Trd, 4318900.993, 137
Trd, 4318901.543, 131
Trd, 4318902.393, 111
Trd, 4318902.643, 125
Trd, 4318903.093, 136
Trd, 4318903.443, 109
Trd, 4318903.593, 98
Trd, 4318904.293, 136
Trd, 4318905.043, 115
Trd, 4318907.543, 136
Trd, 4318909.193, 110
Trd, 4318909.443, 108
Trd, 4318909.643, 104
Trd, 4318910.543, 90
Trd, 4318910.993, 65
Trd, 4318911.443, 103
Trd, 4318912.093, 102
Trd, 4318913.543, 71
Trd, 4318913.943, 132
Trd, 4318915.193, 123
Trd, 4318915.393, 107
Trd, 4318915.843, 111
Trd, 4318917.093, 124
Trd, 4318917.993, 75
Trd, 4318918.193, 95
Trd, 4318918.793, 108
Trd, 4318919.393, 89
Trd, 4318921.093, 116
Trd, 4318921.293, 132
Trd, 4318921.443, 106
Trd, 4318921.593, 72
Trd, 4318922.593, 139
Trd, 4318923.493, 94
Trd, 4318924.043, 73
Trd, 4318925.243, 96
Trd, 4318925.743, 90
Trd, 4318925.843, 111
Trd, 4318927.593, 123
Trd, 4318928.443, 111
Trd, 4318928.743, 140
Trd, 4318929.643, 135
Trd, 4318931.243, 115
Trd, 4318931.393, 100
Trd, 4318931.443, 86
Trd, 4318932.193, 91
Trd, 4318932.543, 72
Trd, 4318933.543, 110
Trd, 4318934.443, 124
Trd, 4318935.193, 138
Trd, 4318935.243, 136
Trd, 4318935.543, 85
Trd, 4318936.943, 81
Trd, 4318938.193, 93
Trd, 4318938.693, 94
Trd, 4318939.493, 100
Trd, 4318939.743, 76
Trd, 4318939.893, 87
Trd, 4318940.043, 102
Trd, 4318940.593, 77
Trd, 4318940.893, 130
Trd, 4318942.793, 102
Trd, 4318943.093, 94
Trd, 4318944.543, 126
Trd, 4318946.093, 118
Trd, 4318946.443, 138
Trd, 4318946.943, 130
Trd, 4318947.393, 114
Trd, 4318947.693, 76
Trd, 4318948.593, 132
Trd, 4318951.193, 112
Trd, 4318951.893, 91
Trd, 4318952.993, 134
Trd, 4318954.493, 86
Trd, 4318954.943, 136
Trd, 4318955.093, 123
Trd, 4318955.743, 117
Trd, 4318956.593, 109
Trd, 4318956.643, 101
Trd, 4318956.793, 92
Trd, 4318957.393, 118
Trd, 4318959.343, 104
Trd, 4318959.543, 87
Trd, 4318959.693, 97
Trd, 4318959.843, 128
Trd, 4318960.993, 112
Trd, 4318962.193, 129
Trd, 4318962.843, 112
Trd, 4318963.643, 122
Trd, 4318964.893, 125
Trd, 4318965.693, 137
Trd, 4318965.893, 120
Trd, 4318966.243, 123
Trd, 4318967.343, 101
Trd, 4318967.793, 116
Trd, 4318969.643, 130
Trd, 4318969.693, 82
Trd, 4318970.293, 70
Trd, 4318970.743, 102
Trd, 4318971.293, 118
Trd, 4318971.593, 104
Trd, 4318971.743, 116
Trd, 4318972.693, 91
Trd, 4318973.193, 137
Trd, 4318975.943, 137
Trd, 4318976.593, 122
Trd, 4318976.943, 121
Trd, 4318977.593, 109
Trd, 4318977.743, 110
Trd, 4318978.643, 133
Trd, 4318979.143, 105
Trd, 4318979.243, 103
Trd, 4318979.493, 100
Trd, 4318979.643, 100
Trd, 4318980.743, 73
Trd, 4318982.343, 114
Trd, 4318982.943, 68
Trd, 4318983.793, 62
Trd, 4318984.593, 109
Trd, 4318986.643, 135
Trd, 4318986.743, 134
Trd, 4318987.393, 113
Trd, 4318987.843, 131
Trd, 4318988.893, 99
Trd, 4318990.043, 139
Trd, 4318992.543, 89
Trd, 4318993.293, 107
Trd, 4318993.443, 119
Trd, 4318994.843, 120
Trd, 4318994.993, 113
Trd, 4318995.693, 106
Trd, 4318996.543, 93
Trd, 4318997.793, 120
Trd, 4318998.043, 84
Trd, 4318998.793, 90
Trd, 4318999.693, 98
Trd, 4319001.293, 121
Trd, 4319001.543, 123
Trd, 4319003.443, 136
Trd, 4319003.693, 96
Trd, 4319003.793, 94
Trd, 4319004.593, 120
Trd, 4319005.193, 140
Trd, 4319005.743, 83
Trd, 4319006.043, 126
Trd, 4319006.543, 125
Trd, 4319007.643, 117
Trd, 4319008.193, 85
Trd, 4319008.793, 96
Trd, 4319009.643, 120
Trd, 4319009.943, 117
Trd, 4319010.493, 108
Trd, 4319011.143, 108
Trd, 4319012.043, 122
Trd, 4319012.893, 135
Trd, 4319013.593, 120
Trd, 4319014.343, 96
Trd, 4319014.543, 108
Trd, 4319014.593, 81
Trd, 4319015.093, 80
Trd, 4319015.493, 131
Trd, 4319017.793, 65
Trd, 4319018.893, 90
Trd, 4319020.193, 113
Trd, 4319020.393, 109
Trd, 4319021.493, 110
Trd, 4319021.543, 117
Trd, 4319021.993, 120
Trd, 4319022.943, 128
Trd, 4319023.193, 93
Trd, 4319024.143, 116
Trd, 4319024.793, 94
Trd, 4319024.943, 104
Trd, 4319025.093, 91
Trd, 4319025.743, 135
Trd, 4319026.543, 118
Trd, 4319026.793, 108
Trd, 4319027.343, 106
Trd, 4319028.543, 99
Trd, 4319029.093, 104
Trd, 4319029.593, 72
Trd, 4319030.193, 60
Trd, 4319030.243, 76
Trd, 4319030.393, 102
Trd, 4319030.693, 130
Trd, 4319032.643, 129
Trd, 4319033.243, 103
Trd, 4319034.993, 122
Trd, 4319036.293, 115
Trd, 4319036.743, 123
Trd, 4319036.943, 89
Trd, 4319037.893, 140
Trd, 4319039.743, 137
Trd, 4319039.993, 116
Trd, 4319040.843, 104
Trd, 4319042.043, 136
Trd, 4319042.843, 105
Trd, 4319043.743, 116
Trd, 4319044.693, 89
Trd, 4319044.793, 119
Trd, 4319045.493, 135
Trd, 4319047.693, 137
Trd, 4319048.243, 91
Trd, 4319049.493, 128
Trd, 4319049.743, 112
Trd, 4319050.693, 136
Trd, 4319051.743, 119
Trd, 4319051.893, 100
Trd, 4319051.993, 121
Trd, 4319052.093, 92
Trd, 4319052.643, 83
Trd, 4319055.393, 136
Trd, 4319055.493, 132
Trd, 4319055.593, 122
Trd, 4319055.943, 128
Trd, 4319056.443, 126
Trd, 4319058.443, 128
Trd, 4319060.193, 138
Trd, 4319060.443, 137
Trd, 4319060.943, 133
Trd, 4319061.993, 101
Trd, 4319062.943, 140
Trd, 4319063.043, 139
Trd, 4319063.293, 131
Trd, 4319064.143, 125
Trd, 4319064.393, 100
Trd, 4319064.443, 116
Trd, 4319065.093, 92
Trd, 4319065.843, 84
Trd, 4319066.593, 75
Trd, 4319067.893, 138
Trd, 4319068.343, 100
Trd, 4319069.193, 96
Trd, 4319069.743, 131
Trd, 4319070.193, 119
Trd, 4319071.693, 89
Trd, 4319072.093, 109
Trd, 4319073.943, 114
Trd, 4319074.443, 140
Trd, 4319075.093, 106
Trd, 4319075.943, 102
Trd, 4319076.343, 134
Trd, 4319076.743, 128
Trd, 4319077.243, 122
Trd, 4319077.393, 140
Trd, 4319078.443, 90
Trd, 4319079.543, 118
Trd, 4319079.843, 128
Trd, 4319080.443, 110
Trd, 4319081.643, 108
Trd, 4319082.893, 87
Trd, 4319083.093, 95
Trd, 4319083.843, 134
Trd, 4319084.993, 131
Trd, 4319086.043, 136
Trd, 4319086.643, 140
Trd, 4319087.093, 126
Trd, 4319087.443, 77
Trd, 4319088.193, 83
Trd, 4319088.943, 112
Trd, 4319090.543, 88
Trd, 4319090.643, 73
Trd, 4319091.343, 130
Trd, 4319092.543, 126
Trd, 4319093.143, 134
Trd, 4319093.593, 90
Trd, 4319093.893, 109
Trd, 4319094.843, 86
Trd, 4319095.293, 97
Trd, 4319096.143, 140
Trd, 4319096.243, 132
Trd, 4319096.543, 131
Trd, 4319097.143, 128
Trd, 4319098.043, 115
Trd, 4319098.493, 97
Trd, 4319098.993, 89
Trd, 4319100.193, 102
Trd, 4319100.593, 90
Trd, 4319101.893, 92
Trd, 4319102.643, 83
Trd, 4319103.143, 81
Trd, 4319103.843, 79
Trd, 4319105.143, 136
Trd, 4319105.793, 127
Trd, 4319106.393, 132
Trd, 4319106.943, 128
Trd, 4319107.393, 111
Trd, 4319107.693, 107
Trd, 4319108.543, 135
Trd, 4319108.893, 97
Trd, 4319110.193, 114
Trd, 4319110.493, 135
Trd, 4319112.293, 120
Trd, 4319112.543, 117
Trd, 4319113.793, 115
Trd, 4319114.693, 108
Trd, 4319114.793, 103
Trd, 4319115.693, 100
Trd, 4319116.893, 122
Trd, 4319117.393, 109
Trd, 4319117.793, 118
Trd, 4319118.643, 98
Trd, 4319118.993, 120
Trd, 4319119.443, 112
Trd, 4319120.193, 119
Trd, 4319120.443, 94
Trd, 4319121.143, 131
Trd, 4319122.293, 127
Trd, 4319123.543, 112
Trd, 4319123.943, 125
Trd, 4319124.243, 119
Trd, 4319124.993, 126
Trd, 4319125.093, 92
Trd, 4319126.343, 128
Trd, 4319127.443, 123
Trd, 4319128.593, 103
Trd, 4319129.143, 130
Trd, 4319130.643, 129
Trd, 4319130.943, 97
Trd, 4319132.043, 115
Trd, 4319133.293, 97
Trd, 4319133.443, 116
Trd, 4319133.593, 78
Trd, 4319134.443, 140
Trd, 4319135.093, 136
Trd, 4319137.993, 132
Trd, 4319139.593, 128
Trd, 4319140.693, 140
Trd, 4319141.143, 134
Trd, 4319141.543, 131
Trd, 4319141.993, 139
Trd, 4319142.043, 109
Trd, 4319142.193, 101
Trd, 4319144.643, 122
Trd, 4319146.943, 135
Trd, 4319147.343, 118
Trd, 4319148.043, 108
Trd, 4319148.243, 128
Trd, 4319149.093, 116
Trd, 4319149.543, 104
Trd, 4319149.693, 124
Trd, 4319150.793, 139
Trd, 4319151.393, 104
Trd, 4319151.793, 121
Trd, 4319153.443, 139
Trd, 4319153.743, 108
Trd, 4319154.793, 136
Trd, 4319155.143, 119
Trd, 4319157.693, 102
Trd, 4319158.643, 107
Trd, 4319159.043, 108
Trd, 4319159.393, 98
Trd, 4319159.943, 140
Trd, 4319161.043, 124
Trd, 4319161.743, 133
Trd, 4319162.043, 118
Trd, 4319162.493, 111
Trd, 4319163.143, 99
Trd, 4319163.693, 110
Trd, 4319164.493, 102
Trd, 4319165.493, 109
Trd, 4319165.843, 127
Trd, 4319166.343, 121
Trd, 4319166.743, 140
Trd, 4319168.143, 101
Trd, 4319168.343, 140
Trd, 4319169.043, 79
Trd, 4319170.593, 119
Trd, 4319171.543, 122
Trd, 4319171.793, 129
Trd, 4319172.293, 109
Trd, 4319173.293, 116
Trd, 4319173.493, 104
Trd, 4319174.643, 106
Trd, 4319175.193, 86
Trd, 4319176.393, 112
Trd, 4319177.043, 118
Trd, 4319177.543, 97
Trd, 4319177.893, 110
Trd, 4319178.743, 115
Trd, 4319178.843, 124
Trd, 4319179.593, 108
Trd, 4319179.843, 97
Trd, 4319180.593, 85
Trd, 4319181.793, 98
Trd, 4319181.893, 89
Trd, 4319183.293, 76
Trd, 4319183.643, 126
Trd, 4319186.243, 136
Trd, 4319186.393, 125
Trd, 4319186.743, 111
Trd, 4319187.193, 109
Trd, 4319187.243, 98
Trd, 4319188.443, 88
Trd, 4319189.093, 84
Trd, 4319189.943, 74
Trd, 4319190.793, 77
Trd, 4319191.943, 72
Trd, 4319192.443, 140
Trd, 4319193.643, 107
Trd, 4319194.193, 122
Trd, 4319194.293, 92
Trd, 4319195.343, 124
Trd, 4319195.893, 117
Trd, 4319195.993, 97
Trd, 4319196.043, 89
Trd, 4319197.143, 63
Trd, 4319198.243, 121
Trd, 4319199.693, 136
Trd, 4319201.793, 133
Trd, 4319202.743, 131
Trd, 4319202.893, 122
Trd, 4319203.543, 119
Trd, 4319203.743, 115
Trd, 4319204.193, 99
Trd, 4319204.243, 94
Trd, 4319205.293, 120
Trd, 4319205.643, 125
Trd, 4319206.893, 119
Trd, 4319207.993, 116
Trd, 4319208.843, 128
Trd, 4319209.093, 88
Trd, 4319209.593, 81
Trd, 4319209.843, 121
Trd, 4319210.143, 99
Trd, 4319211.493, 117
Trd, 4319212.293, 116
Trd, 4319213.143, 124
Trd, 4319213.693, 124
Trd, 4319215.943, 140
Trd, 4319216.593, 129
Trd, 4319216.943, 126
Trd, 4319217.193, 129
Trd, 4319217.243, 125
Trd, 4319217.893, 121
Trd, 4319219.093, 100
Trd, 4319220.193, 130
Trd, 4319220.493, 122
Trd, 4319223.693, 116
Trd, 4319223.893, 107
Trd, 4319224.593, 102
Trd, 4319224.943, 95
Trd, 4319225.543, 138
Trd, 4319225.693, 112
Trd, 4319226.943, 138
Trd, 4319227.893, 136
Trd, 4319228.943, 136
Trd, 4319229.893, 113
Trd, 4319229.943, 106
Trd, 4319230.293, 99
Trd, 4319231.843, 110
Trd, 4319232.793, 137
Trd, 4319234.093, 118
Trd, 4319234.443, 132
Trd, 4319235.043, 136
Trd, 4319235.293, 113
Trd, 4319235.793, 118
Trd, 4319235.843, 107
Trd, 4319237.243, 131
Trd, 4319237.643, 117
Trd, 4319239.293, 62
Trd, 4319239.643, 88
Trd, 4319240.543, 114
Trd, 4319240.643, 77
Trd, 4319241.743, 109
Trd, 4319242.393, 68
Trd, 4319243.743, 117
Trd, 4319243.793, 116
Trd, 4319243.843, 89
Trd, 4319245.443, 97
Trd, 4319246.143, 99
Trd, 4319246.293, 89
Trd, 4319246.393, 68
Trd, 4319246.693, 113
Trd, 4319247.693, 100
Trd, 4319249.093, 140
Trd, 4319249.943, 69
Trd, 4319250.143, 96
Trd, 4319250.643, 100
Trd, 4319252.043, 124
Trd, 4319252.293, 118
Trd, 4319253.393, 128
Trd, 4319253.843, 125
Trd, 4319253.893, 125
Trd, 4319254.143, 106
Trd, 4319254.593, 123
Trd, 4319256.193, 121
Trd, 4319256.343, 130
Trd, 4319257.393, 133
Trd, 4319258.293, 93
Trd, 4319259.393, 106
Trd, 4319259.593, 113
Trd, 4319260.293, 81
Trd, 4319261.143, 105
Trd, 4319261.243, 85
Trd, 4319262.243, 120
Trd, 4319262.543, 71
Trd, 4319263.843, 132
Trd, 4319264.193, 85
Trd, 4319265.393, 139
Trd, 4319266.243, 76
Trd, 4319267.243, 110
Trd, 4319267.293, 116
Trd, 4319269.193, 126
Trd, 4319269.343, 125
Trd, 4319269.393, 104
Trd, 4319270.043, 72
Trd, 4319270.493, 67
Trd, 4319271.193, 70
Trd, 4319272.393, 119
Trd, 4319272.743, 133
Trd, 4319273.743, 109
Trd, 4319273.843, 102
Trd, 4319274.693, 89
Trd, 4319275.293, 138
Trd, 4319275.443, 130
Trd, 4319275.643, 96
Trd, 4319276.493, 132
Trd, 4319277.093, 139
Trd, 4319278.293, 137
Trd, 4319281.043, 126
Trd, 4319281.143, 117
Trd, 4319282.793, 89
Trd, 4319282.993, 99
Trd, 4319284.443, 84
Trd, 4319284.943, 101
Trd, 4319285.143, 75
Trd, 4319285.393, 110
Trd, 4319285.793, 140
Trd, 4319285.993, 131
Trd, 4319286.343, 99
Trd, 4319286.993, 104
Trd, 4319287.893, 123
Trd, 4319288.593, 122
Trd, 4319289.493, 139
Trd, 4319290.393, 113
Trd, 4319290.643, 94
Trd, 4319291.143, 63
Trd, 4319292.743, 84
Trd, 4319292.843, 109
Trd, 4319293.443, 109
Trd, 4319294.343, 127
Trd, 4319295.293, 137
Trd, 4319295.493, 132
Trd, 4319296.443, 122
Trd, 4319296.543, 114
Trd, 4319297.293, 108
Trd, 4319297.693, 87
Trd, 4319299.443, 93
Trd, 4319299.493, 75
Trd, 4319300.043, 137
Trd, 4319301.093, 133
Trd, 4319301.143, 127
Trd, 4319301.843, 136
Trd, 4319302.143, 136
Trd, 4319304.743, 79
Trd, 4319304.943, 72
Trd, 4319305.543, 137
Trd, 4319307.043, 125
Trd, 4319308.143, 127
Trd, 4319308.293, 115
Trd, 4319309.243, 104
Trd, 4319310.293, 140
Trd, 4319310.593, 123
Trd, 4319311.043, 122
Trd, 4319311.093, 99
Trd, 4319311.893, 102
Trd, 4319312.993, 114
Trd, 4319313.693, 133
Trd, 4319314.143, 85
Trd, 4319315.443, 126
Trd, 4319316.343, 121
Trd, 4319316.543, 134
Trd, 4319317.043, 84
Trd, 4319318.243, 102
Trd, 4319319.143, 87
Trd, 4319319.693, 66
Trd, 4319320.793, 100
Trd, 4319321.693, 131
Trd, 4319321.993, 128
Trd, 4319322.243, 128
Trd, 4319323.143, 132
Trd, 4319323.343, 118
Trd, 4319323.493, 117
Trd, 4319323.743, 105
Trd, 4319325.943, 113
Trd, 4319325.993, 102
Trd, 4319326.043, 119
Trd, 4319327.643, 131
Trd, 4319327.743, 89
Trd, 4319328.843, 136
Trd, 4319328.993, 89
Trd, 4319330.243, 128
Trd, 4319331.093, 134
Trd, 4319331.193, 104
Trd, 4319331.993, 104
Trd, 4319332.643, 96
Trd, 4319334.393, 139
Trd, 4319335.493, 128
Trd, 4319335.693, 101
Trd, 4319337.243, 98
Trd, 4319337.443, 138
Trd, 4319338.443, 136
Trd, 4319339.343, 140
Trd, 4319339.793, 136
Trd, 4319340.893, 114
Trd, 4319341.393, 111
Trd, 4319341.893, 92
Trd, 4319343.693, 106
Trd, 4319344.093, 81
Trd, 4319344.443, 74
Trd, 4319345.893, 140
Trd, 4319346.043, 119
Trd, 4319346.443, 96
Trd, 4319346.743, 96
Trd, 4319347.243, 105
Trd, 4319348.843, 108
Trd, 4319350.093, 103
Trd, 4319351.243, 107
Trd, 4319351.543, 119
Trd, 4319352.093, 121
Trd, 4319353.043, 94
Trd, 4319353.543, 116
Trd, 4319353.643, 106
Trd, 4319355.643, 89
Trd, 4319355.793, 112
Trd, 4319356.493, 86
Trd, 4319357.643, 133
Trd, 4319358.043, 87
Trd, 4319358.293, 84
Trd, 4319358.643, 72
Trd, 4319359.343, 129
Trd, 4319359.593, 94
Trd, 4319360.593, 125
Trd, 4319361.843, 136
Trd, 4319362.043, 140
Trd, 4319362.143, 116
Trd, 4319362.743, 139
Trd, 4319363.293, 122
Trd, 4319365.093, 126
Trd, 4319366.193, 139
Trd, 4319367.943, 128
Trd, 4319368.093, 126
Trd, 4319368.693, 139
Trd, 4319369.293, 136
Trd, 4319370.293, 103
Trd, 4319370.993, 121
Trd, 4319371.093, 103
Trd, 4319371.893, 119
Trd, 4319372.243, 133
Trd, 4319373.443, 134
Trd, 4319373.593, 116
Trd, 4319374.443, 124
Trd, 4319375.393, 113
Trd, 4319375.843, 126
Trd, 4319376.793, 117
Trd, 4319377.193, 116
Trd, 4319377.843, 124
Trd, 4319378.643, 73
Trd, 4319379.943, 136
Trd, 4319380.243, 76
Trd, 4319381.393, 73
Trd, 4319382.693, 105
Trd, 4319383.043, 81
Trd, 4319386.193, 139
Trd, 4319386.743, 137
Trd, 4319386.893, 130
Trd, 4319387.193, 119
Trd, 4319387.743, 98
Trd, 4319388.093, 101
Trd, 4319389.343, 103
Trd, 4319390.593, 140
Trd, 4319391.243, 113
Trd, 4319391.593, 107
Trd, 4319392.193, 119
Trd, 4319392.343, 118
Trd, 4319392.793, 107
Trd, 4319393.043, 105
Trd, 4319394.343, 120
Trd, 4319394.593, 92
Trd, 4319395.743, 124
Trd, 4319396.543, 119
Trd, 4319398.093, 123
Trd, 4319398.793, 140
Trd, 4319398.843, 118
Trd, 4319399.393, 140
Trd, 4319400.343, 116
Trd, 4319400.643, 114
Trd, 4319401.043, 105
Trd, 4319401.793, 128
Trd, 4319401.943, 103
Trd, 4319402.343, 103
Trd, 4319403.743, 132
Trd, 4319404.143, 131
Trd, 4319406.793, 82
Trd, 4319407.393, 75
Trd, 4319407.543, 79
Trd, 4319407.643, 86
Trd, 4319408.793, 60
Trd, 4319409.593, 72
Trd, 4319409.693, 83
Trd, 4319410.993, 73
Trd, 4319411.293, 77
Trd, 4319411.493, 116
Trd, 4319412.143, 99
Trd, 4319412.643, 101
Trd, 4319414.043, 107
Trd, 4319414.593, 115
Trd, 4319416.493, 122
Trd, 4319416.843, 132
Trd, 4319417.043, 96
Trd, 4319417.593, 89
Trd, 4319418.393, 116
Trd, 4319419.793, 121
Trd, 4319421.543, 125
Trd, 4319422.093, 109
Trd, 4319422.243, 104
Trd, 4319423.393, 90
Trd, 4319424.543, 110
Trd, 4319425.343, 113
Trd, 4319425.793, 127
Trd, 4319426.493, 98
Trd, 4319428.243, 117
Trd, 4319428.493, 118
Trd, 4319428.643, 107
Trd, 4319428.943, 123
Trd, 4319429.193, 123
Trd, 4319431.393, 94
Trd, 4319433.543, 136
Trd, 4319434.043, 109
Trd, 4319434.093, 106
Trd, 4319434.293, 85
Trd, 4319434.393, 87
Trd, 4319435.043, 115
Trd, 4319435.793, 126
Trd, 4319436.543, 112
Trd, 4319437.093, 111
Trd, 4319437.343, 123
Trd, 4319438.593, 132
Trd, 4319438.643, 121
Trd, 4319439.693, 103
Trd, 4319440.343, 90
Trd, 4319441.043, 137
Trd, 4319442.343, 133
Trd, 4319442.493, 107
Trd, 4319444.193, 102
Trd, 4319444.793, 98
Trd, 4319445.643, 127
Trd, 4319446.593, 118
Trd, 4319447.843, 120
Trd, 4319447.993, 106
Trd, 4319449.243, 133
Trd, 4319449.493, 104
Trd, 4319450.443, 139
Trd, 4319450.643, 138
Trd, 4319451.493, 140
Trd, 4319452.643, 112
Trd, 4319453.543, 106
Trd, 4319453.943, 97
Trd, 4319455.293, 127
Trd, 4319455.493, 84
Trd, 4319455.843, 108
Trd, 4319456.243, 111
Trd, 4319459.243, 139
Trd, 4319459.593, 138
Trd, 4319460.043, 123
Trd, 4319460.843, 135
Trd, 4319461.143, 119
Trd, 4319462.693, 135
Trd, 4319463.443, 119
Trd, 4319464.393, 115
Trd, 4319465.293, 140
Trd, 4319466.143, 138
Trd, 4319466.293, 137
Trd, 4319466.843, 101
Trd, 4319471.593, 139
Trd, 4319471.893, 133
Trd, 4319472.093, 112
Trd, 4319472.993, 127
Trd, 4319473.843, 118
Trd, 4319476.143, 124
Trd, 4319476.293, 96
Trd, 4319476.743, 132
Trd, 4319477.043, 134
Trd, 4319477.893, 87
Trd, 4319478.893, 90
Trd, 4319479.193, 131
Trd, 4319479.793, 136
Trd, 4319480.743, 137
Trd, 4319482.393, 137
Trd, 4319483.193, 96
Trd, 4319484.443, 132
Trd, 4319484.843, 107
Trd, 4319484.993, 125
Trd, 4319486.193, 109
Trd, 4319486.293, 137
Trd, 4319487.293, 84
Trd, 4319488.843, 71
Trd, 4319488.993, 69
Trd, 4319489.893, 140
Trd, 4319490.593, 138
Trd, 4319491.743, 92
Trd, 4319491.843, 97
Trd, 4319492.143, 84
Trd, 4319492.843, 95
Trd, 4319494.493, 134
Trd, 4319494.793, 118
Trd, 4319495.193, 133
Trd, 4319495.443, 118
Trd, 4319496.043, 106
Trd, 4319497.293, 116
Trd, 4319497.343, 92
Trd, 4319497.893, 133
Trd, 4319499.793, 114
Trd, 4319500.643, 104
Trd, 4319500.993, 89
Trd, 4319501.493, 84
Trd, 4319501.743, 82
Trd, 4319501.993, 102
Trd, 4319503.443, 138
Trd, 4319503.643, 116
Trd, 4319503.743, 98
Trd, 4319505.343, 138
Trd, 4319505.643, 130
Trd, 4319506.193, 117
Trd, 4319506.343, 111
Trd, 4319506.493, 110
Trd, 4319508.343, 138
Trd, 4319509.043, 139
Trd, 4319509.093, 119
Trd, 4319509.793, 140
Trd, 4319510.793, 129
Trd, 4319511.543, 96
Trd, 4319512.593, 132
Trd, 4319512.693, 91
Trd, 4319514.393, 128
Trd, 4319514.693, 127
Trd, 4319515.743, 128
Trd, 4319516.043, 92
Trd, 4319516.543, 94
Trd, 4319517.293, 134
Trd, 4319517.593, 76
Trd, 4319518.843, 108
Trd, 4319519.693, 83
Trd, 4319519.993, 85
Trd, 4319520.093, 84
Trd, 4319520.343, 83
Trd, 4319520.443, 80
Trd, 4319524.143, 139
Trd, 4319524.843, 133
Trd, 4319525.693, 123
Trd, 4319526.393, 133
Trd, 4319526.843, 133
Trd, 4319527.743, 134
Trd, 4319529.193, 101
Trd, 4319529.893, 113
Trd, 4319530.593, 107
Trd, 4319531.293, 124
Trd, 4319531.793, 106
Trd, 4319532.743, 66
Trd, 4319533.993, 79
Trd, 4319535.243, 85
Trd, 4319535.793, 82
Trd, 4319535.943, 71
Trd, 4319536.543, 128
Trd, 4319537.843, 113
Trd, 4319537.943, 105
Trd, 4319538.343, 97
Trd, 4319538.443, 83
Trd, 4319538.643, 95
Trd, 4319541.793, 109
Trd, 4319542.043, 108
Trd, 4319542.743, 115
Trd, 4319543.293, 120
Trd, 4319543.693, 119
Trd, 4319544.693, 121
Trd, 4319545.993, 103
Trd, 4319546.893, 80
Trd, 4319547.243, 69
Trd, 4319548.843, 89
Trd, 4319549.293, 87
Trd, 4319549.943, 108
Trd, 4319551.593, 137
Trd, 4319551.693, 136
Trd, 4319552.543, 135
Trd, 4319552.693, 121
Trd, 4319552.793, 112
Trd, 4319553.293, 138
Trd, 4319553.693, 120
Trd, 4319554.293, 122
Trd, 4319554.643, 103
Trd, 4319557.293, 132
Trd, 4319557.443, 116
Trd, 4319557.493, 106
Trd, 4319558.293, 139
Trd, 4319559.093, 95
Trd, 4319560.293, 134
Trd, 4319561.693, 137
Trd, 4319562.893, 100
Trd, 4319563.993, 132
Trd, 4319565.093, 79
Trd, 4319565.593, 112
Trd, 4319566.193, 95
Trd, 4319566.693, 111
Trd, 4319566.993, 107
Trd, 4319567.293, 113
Trd, 4319568.043, 110
Trd, 4319568.193, 71
Trd, 4319569.393, 64
Trd, 4319569.743, 139
Trd, 4319570.993, 96
Trd, 4319571.243, 97
Trd, 4319572.193, 133
Trd, 4319572.443, 127
Trd, 4319572.743, 104
Trd, 4319575.393, 108
Trd, 4319575.493, 88
Trd, 4319575.593, 81
Trd, 4319575.643, 118
Trd, 4319576.893, 118
Trd, 4319577.593, 106
Trd, 4319578.843, 98
Trd, 4319580.243, 120
Trd, 4319580.893, 90
Trd, 4319581.643, 106
Trd, 4319582.193, 86
Trd, 4319582.393, 108
Trd, 4319582.893, 138
Trd, 4319583.843, 107
Trd, 4319584.343, 97
Trd, 4319585.193, 112
Trd, 4319585.793, 90
Trd, 4319587.193, 78
Trd, 4319588.893, 87
Trd, 4319588.943, 94
Trd, 4319589.843, 110
Trd, 4319590.393, 107
Trd, 4319592.793, 126
Trd, 4319593.243, 135
Trd, 4319593.943, 117
Trd, 4319593.993, 109
Trd, 4319596.093, 131
Trd, 4319596.193, 128
Trd, 4319597.793, 138
Trd, 4319598.043, 116
Trd, 4319598.343, 138
Trd, 4319599.093, 131
Trd, 4319599.443, 71
Trd, 4319600.143, 108
Trd, 4319600.993, 65
Trd, 4319602.593, 102
Trd, 4319602.893, 130
Trd, 4319603.593, 135
Trd, 4319603.943, 85
Trd, 4319604.943, 124
Trd, 4319605.043, 138
Trd, 4319605.243, 111
Trd, 4319606.843, 125
Trd, 4319607.893, 102
Trd, 4319607.993, 111
Trd, 4319609.243, 130
Trd, 4319609.693, 112
Trd, 4319610.843, 136
Trd, 4319613.043, 131
Trd, 4319613.743, 128
Trd, 4319613.993, 120
Trd, 4319614.993, 129
Trd, 4319615.343, 110
Trd, 4319616.843, 88
Trd, 4319617.343, 98
Trd, 4319618.343, 120
Trd, 4319619.493, 138
Trd, 4319620.293, 106
Trd, 4319620.793, 117
Trd, 4319622.193, 131
Trd, 4319623.793, 134
Trd, 4319625.493, 136
Trd, 4319626.043, 131
Trd, 4319626.293, 133
Trd, 4319626.643, 115
Trd, 4319626.893, 114
Trd, 4319627.593, 133
Trd, 4319628.793, 134
Trd, 4319629.293, 134
Trd, 4319629.643, 115
Trd, 4319630.043, 138
Trd, 4319631.343, 119
Trd, 4319632.693, 134
Trd, 4319632.993, 131
Trd, 4319635.043, 119
Trd, 4319635.293, 96
Trd, 4319635.643, 132
Trd, 4319636.193, 139
Trd, 4319636.943, 116
Trd, 4319637.543, 91
Trd, 4319638.243, 79
Trd, 4319639.243, 124
Trd, 4319639.293, 118
Trd, 4319639.693, 108
Trd, 4319641.343, 78
Trd, 4319641.693, 118
Trd, 4319643.043, 64
Trd, 4319644.593, 133
Trd, 4319644.743, 135
Trd, 4319645.243, 109
Trd, 4319645.943, 92
Trd, 4319646.593, 126
Trd, 4319646.943, 106
Trd, 4319648.343, 133
Trd, 4319650.543, 117
Trd, 4319650.743, 126
Trd, 4319650.993, 70
Trd, 4319651.443, 93
Trd, 4319652.143, 131
Trd, 4319652.443, 122
Trd, 4319652.843, 119
Trd, 4319653.143, 104
Trd, 4319655.643, 130
Trd, 4319655.943, 130
Trd, 4319656.393, 133
Trd, 4319656.543, 107
Trd, 4319656.843, 102
Trd, 4319657.793, 106
Trd, 4319657.893, 87
Trd, 4319659.443, 120
Trd, 4319659.993, 87
Trd, 4319660.643, 121
Trd, 4319661.943, 88
Trd, 4319661.993, 75
Trd, 4319662.743, 138
Trd, 4319664.043, 122
Trd, 4319667.393, 132
Trd, 4319667.543, 129
Trd, 4319668.143, 113
Trd, 4319668.693, 117
Trd, 4319669.893, 101
Trd, 4319670.593, 99
Trd, 4319673.043, 76
Trd, 4319673.543, 84
Trd, 4319673.843, 101
Trd, 4319674.943, 138
Trd, 4319676.143, 139
Trd, 4319677.743, 118
Trd, 4319678.493, 123
Trd, 4319678.893, 121
Trd, 4319678.993, 119
Trd, 4319679.093, 135
Trd, 4319679.743, 74
Trd, 4319680.443, 138
Trd, 4319680.943, 101
Trd, 4319681.343, 122
Trd, 4319681.393, 83
Trd, 4319681.943, 88
Trd, 4319684.293, 101
Trd, 4319684.443, 101
Trd, 4319684.643, 86
Trd, 4319685.543, 94
Trd, 4319685.943, 121
Trd, 4319686.493, 104
Trd, 4319687.143, 103
Trd, 4319687.693, 130
Trd, 4319689.093, 120
Trd, 4319689.543, 117
Trd, 4319691.593, 131
Trd, 4319691.743, 88
Trd, 4319692.543, 108
Trd, 4319692.643, 127
Trd, 4319692.993, 94
Trd, 4319694.093, 138
Trd, 4319694.493, 132
Trd, 4319696.093, 107
Trd, 4319696.993, 139
Trd, 4319697.743, 122
Trd, 4319698.893, 103
Trd, 4319699.243, 127
Trd, 4319701.693, 125
Trd, 4319702.493, 113
Trd, 4319702.693, 118
Trd, 4319702.793, 113
Trd, 4319703.943, 140
Trd, 4319704.343, 129
Trd, 4319704.993, 128
Trd, 4319705.643, 116
Trd, 4319705.693, 110
Trd, 4319705.743, 82
Trd, 4319707.093, 105
Trd, 4319708.193, 106
Trd, 4319708.293, 124
Trd, 4319709.343, 118
Trd, 4319710.443, 78
Trd, 4319710.543, 122
Trd, 4319712.043, 134
Trd, 4319712.293, 105
Trd, 4319712.493, 86
Trd, 4319712.743, 82
Trd, 4319714.293, 86
Trd, 4319714.643, 118
Trd, 4319715.593, 102
Trd, 4319715.943, 104
Trd, 4319716.943, 80
Trd, 4319717.143, 91
Trd, 4319718.893, 116
Trd, 4319720.293, 122
Trd, 4319720.343, 120
Trd, 4319721.093, 133
Trd, 4319721.643, 113
Trd, 4319723.393, 113
Trd, 4319723.743, 130
Trd, 4319724.093, 122
Trd, 4319726.343, 138
Trd, 4319726.793, 138
Trd, 4319727.243, 134
Trd, 4319728.643, 123
Trd, 4319728.693, 112
Trd, 4319730.343, 136
Trd, 4319731.193, 127
Trd, 4319731.293, 124
Trd, 4319731.343, 105
Trd, 4319731.843, 136
Trd, 4319732.493, 110
Trd, 4319734.093, 140
Trd, 4319734.543, 131
Trd, 4319735.543, 127
Trd, 4319735.793, 123
Trd, 4319736.643, 131
Trd, 4319737.093, 94
Trd, 4319738.793, 133
Trd, 4319739.043, 132
Trd, 4319739.243, 128
Trd, 4319739.993, 130
Trd, 4319741.043, 117
Trd, 4319742.793, 127
Trd, 4319743.943, 120
Trd, 4319744.893, 109
Trd, 4319745.793, 120
Trd, 4319745.843, 117
Trd, 4319746.693, 114
Trd, 4319746.893, 114
Trd, 4319748.943, 103
Trd, 4319749.593, 127
Trd, 4319750.143, 107
Trd, 4319750.693, 122
Trd, 4319750.993, 116
Trd, 4319751.543, 114
Trd, 4319753.393, 133
Trd, 4319753.893, 103
Trd, 4319754.893, 118
Trd, 4319755.193, 115
Trd, 4319756.293, 136
Trd, 4319757.243, 118
Trd, 4319757.943, 79
Trd, 4319758.093, 81
Trd, 4319758.993, 61
Trd, 4319759.093, 79
Trd, 4319759.593, 101
Trd, 4319760.893, 83
Trd, 4319761.593, 107
Trd, 4319761.993, 134
Trd, 4319763.643, 137
Trd, 4319764.343, 138
Trd, 4319764.693, 134
Trd, 4319766.893, 131
Trd, 4319768.293, 140
Trd, 4319768.943, 138
Trd, 4319769.643, 122
Trd, 4319770.793, 137
Trd, 4319770.943, 115
Trd, 4319771.993, 113
Trd, 4319772.643, 107
Trd, 4319772.693, 118
Trd, 4319773.143, 89
Trd, 4319775.193, 104
Trd, 4319775.943, 99
Trd, 4319776.443, 136
Trd, 4319776.993, 124
Trd, 4319777.693, 123
Trd, 4319777.793, 117
Trd, 4319777.943, 114
Trd, 4319778.593, 123
Trd, 4319779.443, 109
Trd, 4319781.293, 117
Trd, 4319781.943, 125
Trd, 4319782.393, 123
Trd, 4319783.393, 133
Trd, 4319783.543, 112
Trd, 4319785.143, 110
Trd, 4319785.493, 107
Trd, 4319786.643, 117
Trd, 4319787.043, 139
Trd, 4319788.243, 131
Trd, 4319789.193, 125
Trd, 4319790.343, 115
Trd, 4319791.343, 139
Trd, 4319791.793, 139
Trd, 4319795.343, 129
Trd, 4319795.443, 126
Trd, 4319795.493, 111
Trd, 4319795.943, 130
Trd, 4319796.243, 115
Trd, 4319797.393, 103
Trd, 4319797.743, 134
Trd, 4319798.393, 110
Trd, 4319799.843, 110
Trd, 4319800.493, 113
Trd, 4319801.743, 113
Trd, 4319801.893, 105
Trd, 4319802.293, 101
Trd, 4319802.593, 85
Trd, 4319803.493, 103
Trd, 4319804.193, 115
Trd, 4319804.643, 123
Trd, 4319805.043, 112
Trd, 4319805.743, 110
Trd, 4319805.843, 118
Trd, 4319805.993, 128
Trd, 4319806.743, 135
Trd, 4319809.243, 112
Trd, 4319810.543, 116
Trd, 4319811.643, 107
Trd, 4319811.843, 100
Trd, 4319812.243, 115
Trd, 4319812.793, 95
Trd, 4319812.943, 80
Trd, 4319813.443, 67
Trd, 4319814.093, 100
Trd, 4319815.243, 97
Trd, 4319816.693, 78
Trd, 4319816.793, 84
Trd, 4319816.843, 93
Trd, 4319817.943, 110
Trd, 4319818.343, 122
Trd, 4319819.693, 93
Trd, 4319819.993, 99
Trd, 4319820.993, 132
Trd, 4319822.143, 116
Trd, 4319823.243, 117
Trd, 4319824.043, 112
Trd, 4319824.893, 113
Trd, 4319825.043, 106
Trd, 4319825.843, 97
Trd, 4319827.143, 121
Trd, 4319827.293, 123
Trd, 4319827.443, 107
Trd, 4319827.643, 93
Trd, 4319828.893, 135
Trd, 4319829.343, 126
Trd, 4319830.493, 123
Trd, 4319831.143, 131
Trd, 4319831.593, 97
Trd, 4319835.393, 139
Trd, 4319835.843, 140
Trd, 4319836.143, 132
Trd, 4319836.893, 117
Trd, 4319837.593, 116
Trd, 4319837.793, 113
Trd, 4319838.493, 129
Trd, 4319839.343, 90
Trd, 4319840.493, 123
Trd, 4319841.493, 136
Trd, 4319841.543, 104
Trd, 4319842.193, 98
Trd, 4319843.193, 68
Trd, 4319843.593, 85
Trd, 4319844.343, 115
Trd, 4319844.793, 102
Trd, 4319845.993, 82
Trd, 4319846.593, 97
Trd, 4319846.743, 119
Trd, 4319847.943, 101
Trd, 4319848.443, 126
Trd, 4319851.243, 129
Trd, 4319851.943, 116
Trd, 4319852.093, 106
Trd, 4319852.743, 140
Trd, 4319853.293, 119
Trd, 4319853.743, 139
Trd, 4319856.643, 113
Trd, 4319857.043, 111
Trd, 4319857.293, 123
Trd, 4319857.593, 92
Trd, 4319858.443, 138
Trd, 4319859.043, 138
Trd, 4319859.843, 110
Trd, 4319860.493, 104
Trd, 4319861.243, 88
Trd, 4319861.443, 81
Trd, 4319862.243, 118
Trd, 4319863.393, 130
Trd, 4319863.843, 132
Trd, 4319863.993, 91
Trd, 4319864.593, 96
Trd, 4319865.843, 132
Trd, 4319866.693, 139
Trd, 4319868.043, 139
Trd, 4319868.543, 114
Trd, 4319869.593, 137
Trd, 4319870.343, 128
Trd, 4319870.443, 104
Trd, 4319870.993, 99
Trd, 4319871.743, 129
Trd, 4319871.843, 125
Trd, 4319872.043, 109
Trd, 4319872.593, 135
Trd, 4319872.993, 109
Trd, 4319875.243, 122
Trd, 4319876.243, 119
Trd, 4319877.343, 127
Trd, 4319877.743, 120
Trd, 4319878.343, 131
Trd, 4319878.693, 112
Trd, 4319880.793, 94
Trd, 4319881.093, 104
Trd, 4319882.843, 129
Trd, 4319883.343, 130
Trd, 4319883.843, 93
Trd, 4319884.493, 126
Trd, 4319885.293, 132
Trd, 4319887.343, 99
Trd, 4319887.793, 88
Trd, 4319888.243, 110
Trd, 4319888.893, 126
Trd, 4319889.793, 105
Trd, 4319889.943, 111
Trd, 4319890.193, 112
Trd, 4319891.093, 92
Trd, 4319891.943, 112
Trd, 4319892.243, 111
Trd, 4319893.543, 134
Trd, 4319895.293, 128
Trd, 4319895.343, 108
Trd, 4319896.543, 131
Trd, 4319898.443, 124
Trd, 4319898.543, 138
Trd, 4319898.893, 122
Trd, 4319898.943, 109
Trd, 4319900.343, 136
Trd, 4319900.993, 113
Trd, 4319901.943, 126
Trd, 4319903.343, 128
Trd, 4319903.843, 122
Trd, 4319904.493, 112
Trd, 4319905.193, 88
Trd, 4319905.293, 76
Trd, 4319905.443, 63
Trd, 4319906.993, 135
Trd, 4319907.193, 136
Trd, 4319907.393, 94
Trd, 4319908.093, 93
Trd, 4319908.393, 87
Trd, 4319911.193, 126
Trd, 4319911.593, 133
Trd, 4319911.793, 115
Trd, 4319912.993, 124
Trd, 4319913.443, 101
Trd, 4319913.493, 92
Trd, 4319913.643, 113
Trd, 4319914.243, 121
Trd, 4319914.893, 119
Trd, 4319915.243, 89
Trd, 4319915.693, 75
Trd, 4319917.843, 129
Trd, 4319919.043, 136
Trd, 4319919.093, 134
Trd, 4319919.193, 113
Trd, 4319920.543, 130
Trd, 4319921.143, 128
Trd, 4319921.243, 124
Trd, 4319921.743, 109
Trd, 4319923.393, 120
Trd, 4319924.543, 136
Trd, 4319925.093, 128
Trd, 4319926.643, 138
Trd, 4319926.693, 136
Trd, 4319927.793, 115
Trd, 4319927.843, 105
Trd, 4319927.943, 92
Trd, 4319928.243, 79
Trd, 4319929.043, 129
Trd, 4319929.993, 139
Trd, 4319930.143, 104
Trd, 4319930.393, 83
Trd, 4319932.643, 140
Trd, 4319932.943, 115
Trd, 4319933.443, 110
Trd, 4319934.043, 114
Trd, 4319934.393, 89
Trd, 4319935.093, 135
Trd, 4319936.993, 135
Trd, 4319937.893, 136
Trd, 4319938.493, 124
Trd, 4319939.143, 104
Trd, 4319940.043, 134
Trd, 4319940.593, 140
Trd, 4319941.293, 140
Trd, 4319942.243, 105
Trd, 4319943.693, 123
Trd, 4319944.343, 138
Trd, 4319944.543, 119
Trd, 4319944.593, 105
Trd, 4319944.643, 91
Trd, 4319945.843, 73
Trd, 4319946.593, 99
Trd, 4319947.743, 139
Trd, 4319948.143, 121
Trd, 4319948.293, 69
Trd, 4319949.043, 116
Trd, 4319949.593, 70
Trd, 4319949.843, 77
Trd, 4319951.393, 87
Trd, 4319951.543, 119
Trd, 4319952.543, 91
Trd, 4319952.993, 125
Trd, 4319953.793, 83
Trd, 4319956.093, 139
Trd, 4319956.693, 132
Trd, 4319956.743, 125
Trd, 4319956.993, 106
Trd, 4319958.293, 105
Trd, 4319958.343, 87
Trd, 4319958.443, 72
Trd, 4319959.243, 68
Trd, 4319959.593, 80
Trd, 4319960.593, 140
Trd, 4319961.893, 137
Trd, 4319962.993, 91
Trd, 4319963.493, 100
Trd, 4319964.193, 124
Trd, 4319965.093, 109
Trd, 4319966.393, 102
Trd, 4319966.593, 127
Trd, 4319967.193, 97
Trd, 4319967.293, 80
Trd, 4319968.693, 122
Trd, 4319970.043, 100
Trd, 4319970.843, 121
Trd, 4319972.093, 118
Trd, 4319972.593, 112
Trd, 4319973.093, 116
Trd, 4319973.493, 113
Trd, 4319973.543, 109
Trd, 4319975.843, 115
Trd, 4319976.443, 107
Trd, 4319977.693, 138
Trd, 4319978.243, 139
Trd, 4319978.793, 114
Trd, 4319979.493, 121
Trd, 4319979.843, 104
Trd, 4319981.893, 119
Trd, 4319982.593, 82
Trd, 4319982.943, 88
Trd, 4319983.493, 83
Trd, 4319984.143, 68
Trd, 4319985.343, 84
Trd, 4319985.793, 106
Trd, 4319986.843, 116
Trd, 4319987.543, 86
Trd, 4319988.293, 96
Trd, 4319988.693, 84
Trd, 4319988.893, 87
Trd, 4319989.343, 87
Trd, 4319989.443, 112
Trd, 4319989.743, 85
Trd, 4319991.993, 137
Trd, 4319992.743, 116
Trd, 4319993.993, 139
Trd, 4319994.443, 131
Trd, 4319995.393, 138
Trd, 4319996.743, 99
Trd, 4319996.943, 110
Trd, 4319996.993, 82
Trd, 4319998.043, 123
Trd, 4319998.243, 114
Trd, 4319998.393, 76
Trd, 4319999.093, 108
Trd, 4319999.543, 98
Trd, 4319999.943, 97
