Trd, 4318159.993, 62
Trd, 4318160.093, 62
Trd, 4318160.193, 62
Trd, 4318160.543, 63
Trd, 4318160.943, 66
Trd, 4318161.593, 67
Trd, 4318162.243, 73
Trd, 4318162.293, 68
Trd, 4318163.593, 127
Trd, 4318163.893, 124
Trd, 4318164.493, 140
Trd, 4318164.593, 118
Trd, 4318165.093, 139
Trd, 4318165.243, 138
Trd, 4318166.143, 139
Trd, 4318166.543, 140
Trd, 4318166.793, 111
Trd, 4318167.693, 69
Trd, 4318168.243, 60
Trd, 4318168.743, 60
Trd, 4318170.043, 137
Trd, 4318170.143, 77
Trd, 4318170.593, 140
Trd, 4318171.293, 60
Trd, 4318172.143, 60
Trd, 4318172.443, 69
Trd, 4318173.043, 76
Trd, 4318174.743, 140
Trd, 4318175.193, 140
Trd, 4318175.543, 113
Trd, 4318175.743, 90
Trd, 4318176.693, 60
Trd, 4318177.343, 140
Trd, 4318177.843, 117
Trd, 4318178.093, 116
Trd, 4318178.243, 85
Trd, 4318179.543, 60
Trd, 4318180.293, 70
Trd, 4318180.743, 103
Trd, 4318181.193, 102
Trd, 4318182.443, 61
Trd, 4318182.643, 64
Trd, 4318184.193, 61
Trd, 4318184.443, 86
Trd, 4318186.093, 118
Trd, 4318186.393, 114
Trd, 4318187.093, 92
Trd, 4318187.843, 79
Trd, 4318187.893, 76
Trd, 4318188.693, 136
Trd, 4318188.993, 135
Trd, 4318189.493, 60
Trd, 4318190.393, 137
Trd, 4318191.493, 139
Trd, 4318191.943, 139
Trd, 4318192.293, 135
Trd, 4318192.843, 128
Trd, 4318192.993, 123
Trd, 4318193.493, 118
Trd, 4318194.643, 117
Trd, 4318195.143, 118
Trd, 4318195.943, 117
Trd, 4318196.943, 140
Trd, 4318198.043, 140
Trd, 4318198.593, 132
Trd, 4318200.343, 140
Trd, 4318200.643, 140
Trd, 4318200.893, 140
Trd, 4318201.343, 116
Trd, 4318201.793, 112
Trd, 4318202.993, 135
Trd, 4318203.693, 114
Trd, 4318203.793, 113
Trd, 4318205.093, 140
Trd, 4318205.493, 120
Trd, 4318205.543, 111
Trd, 4318205.593, 106
Trd, 4318206.693, 140
Trd, 4318206.793, 140
Trd, 4318208.093, 140
Trd, 4318208.443, 107
Trd, 4318208.943, 140
Trd, 4318209.543, 139
Trd, 4318209.793, 90
Trd, 4318211.043, 94
Trd, 4318212.793, 139
Trd, 4318213.693, 114
Trd, 4318214.043, 104
Trd, 4318214.293, 125
Trd, 4318215.693, 140
Trd, 4318216.493, 140
Trd, 4318216.793, 140
Trd, 4318217.193, 140
Trd, 4318218.343, 140
Trd, 4318218.843, 140
Trd, 4318218.993, 140
Trd, 4318219.693, 140
Trd, 4318219.893, 113
Trd, 4318219.943, 111
Trd, 4318220.793, 137
Trd, 4318221.793, 140
Trd, 4318222.343, 140
Trd, 4318222.743, 140
Trd, 4318223.593, 140
Trd, 4318223.643, 140
Trd, 4318223.843, 127
Trd, 4318224.093, 110
Trd, 4318224.393, 96
Trd, 4318226.193, 139
Trd, 4318226.643, 138
Trd, 4318226.743, 111
Trd, 4318227.443, 112
Trd, 4318228.093, 140
Trd, 4318229.093, 140
Trd, 4318229.143, 139
Trd, 4318229.343, 109
Trd, 4318230.893, 138
Trd, 4318231.793, 135
Trd, 4318231.943, 134
Trd, 4318232.643, 87
Trd, 4318233.893, 140
Trd, 4318234.043, 139
Trd, 4318234.143, 139
Trd, 4318234.393, 80
Trd, 4318236.293, 81
Trd, 4318237.143, 77
Trd, 4318237.893, 140
Trd, 4318238.293, 120
Trd, 4318239.493, 136
Trd, 4318239.943, 60
Trd, 4318240.943, 62
Trd, 4318241.293, 61
Trd, 4318242.243, 67
Trd, 4318242.443, 69
Trd, 4318243.243, 63
Trd, 4318244.443, 67
Trd, 4318244.743, 66
Trd, 4318245.743, 67
Trd, 4318247.393, 140
Trd, 4318247.693, 140
Trd, 4318247.743, 139
Trd, 4318249.093, 117
Trd, 4318249.693, 122
Trd, 4318249.893, 139
Trd, 4318249.943, 117
Trd, 4318250.593, 100
Trd, 4318250.793, 89
Trd, 4318251.143, 97
Trd, 4318251.393, 139
Trd, 4318252.093, 107
Trd, 4318252.193, 117
Trd, 4318253.593, 60
Trd, 4318255.143, 140
Trd, 4318257.043, 140
Trd, 4318257.193, 140
Trd, 4318257.743, 140
Trd, 4318258.493, 140
Trd, 4318259.043, 140
Trd, 4318259.593, 140
Trd, 4318259.943, 139
Trd, 4318260.393, 100
Trd, 4318261.443, 61
Trd, 4318261.893, 65
Trd, 4318264.593, 60
Trd, 4318264.943, 60
Trd, 4318265.093, 62
Trd, 4318265.643, 65
Trd, 4318266.343, 60
Trd, 4318266.743, 60
Trd, 4318267.793, 67
Trd, 4318268.193, 87
Trd, 4318269.643, 140
Trd, 4318269.843, 140
Trd, 4318270.193, 138
Trd, 4318270.593, 140
Trd, 4318270.693, 97
Trd, 4318271.543, 96
Trd, 4318272.293, 96
Trd, 4318272.543, 95
Trd, 4318274.043, 103
Trd, 4318274.343, 109
Trd, 4318274.943, 113
Trd, 4318276.493, 140
Trd, 4318276.843, 137
Trd, 4318277.143, 138
Trd, 4318277.943, 113
Trd, 4318278.043, 88
Trd, 4318278.993, 117
Trd, 4318279.843, 139
Trd, 4318281.243, 139
Trd, 4318281.443, 139
Trd, 4318282.443, 139
Trd, 4318282.593, 138
Trd, 4318283.343, 127
Trd, 4318283.893, 137
Trd, 4318284.093, 100
Trd, 4318285.643, 134
Trd, 4318285.993, 140
Trd, 4318286.393, 140
Trd, 4318286.943, 140
Trd, 4318287.743, 140
Trd, 4318288.043, 130
Trd, 4318288.793, 84
Trd, 4318289.493, 140
Trd, 4318289.693, 140
Trd, 4318290.293, 115
Trd, 4318291.143, 61
Trd, 4318292.993, 140
Trd, 4318293.593, 140
Trd, 4318294.093, 138
Trd, 4318294.193, 137
Trd, 4318294.693, 102
Trd, 4318295.143, 89
Trd, 4318295.193, 87
Trd, 4318297.043, 138
Trd, 4318298.643, 140
Trd, 4318298.943, 140
Trd, 4318299.093, 138
Trd, 4318300.293, 129
Trd, 4318300.643, 99
Trd, 4318301.193, 140
Trd, 4318301.493, 140
Trd, 4318301.843, 138
Trd, 4318303.043, 73
Trd, 4318303.843, 112
Trd, 4318304.493, 140
Trd, 4318304.993, 111
Trd, 4318305.143, 124
Trd, 4318305.743, 96
Trd, 4318306.443, 139
Trd, 4318306.843, 61
Trd, 4318308.243, 60
Trd, 4318308.443, 65
Trd, 4318309.743, 140
Trd, 4318310.393, 138
Trd, 4318310.593, 140
Trd, 4318311.093, 125
Trd, 4318311.543, 102
Trd, 4318312.293, 97
Trd, 4318312.743, 138
Trd, 4318312.893, 88
Trd, 4318315.143, 60
Trd, 4318315.843, 69
Trd, 4318316.693, 61
Trd, 4318316.993, 62
Trd, 4318317.193, 60
Trd, 4318317.793, 140
Trd, 4318317.993, 140
Trd, 4318318.743, 140
Trd, 4318318.993, 112
Trd, 4318320.293, 139
Trd, 4318320.593, 100
Trd, 4318320.693, 81
Trd, 4318323.393, 140
Trd, 4318323.593, 140
Trd, 4318323.693, 139
Trd, 4318324.093, 96
Trd, 4318324.343, 130
Trd, 4318325.043, 140
Trd, 4318325.193, 138
Trd, 4318326.393, 68
Trd, 4318327.243, 79
Trd, 4318327.543, 134
Trd, 4318328.593, 140
Trd, 4318329.693, 139
Trd, 4318330.943, 138
Trd, 4318331.843, 139
Trd, 4318332.493, 77
Trd, 4318332.643, 91
Trd, 4318334.643, 140
Trd, 4318334.893, 140
Trd, 4318334.993, 140
Trd, 4318335.243, 140
Trd, 4318335.543, 140
Trd, 4318336.193, 138
Trd, 4318336.343, 104
Trd, 4318337.043, 110
Trd, 4318337.943, 103
Trd, 4318338.493, 122
Trd, 4318340.043, 140
Trd, 4318341.393, 140
Trd, 4318342.693, 140
Trd, 4318343.643, 140
Trd, 4318344.093, 139
Trd, 4318344.443, 139
Trd, 4318344.493, 109
Trd, 4318345.743, 120
Trd, 4318345.843, 107
Trd, 4318346.593, 140
Trd, 4318347.743, 140
Trd, 4318348.393, 140
Trd, 4318349.093, 139
Trd, 4318349.893, 139
Trd, 4318350.143, 139
Trd, 4318350.593, 134
Trd, 4318351.193, 139
Trd, 4318352.143, 95
Trd, 4318352.743, 140
Trd, 4318353.793, 140
Trd, 4318354.393, 140
Trd, 4318354.693, 100
Trd, 4318355.393, 139
Trd, 4318355.943, 78
Trd, 4318356.193, 88
Trd, 4318357.543, 60
Trd, 4318357.893, 127
Trd, 4318358.243, 66
Trd, 4318359.193, 61
Trd, 4318360.143, 61
Trd, 4318360.743, 60
Trd, 4318361.643, 62
Trd, 4318361.743, 67
Trd, 4318362.293, 123
Trd, 4318362.543, 121
Trd, 4318362.843, 140
Trd, 4318363.643, 140
Trd, 4318364.093, 140
Trd, 4318364.643, 128
Trd, 4318366.243, 138
Trd, 4318366.293, 137
Trd, 4318366.593, 110
Trd, 4318366.843, 108
Trd, 4318368.893, 140
Trd, 4318369.593, 140
Trd, 4318370.543, 139
Trd, 4318370.593, 120
Trd, 4318370.893, 101
Trd, 4318370.993, 97
Trd, 4318372.543, 138
Trd, 4318372.843, 112
Trd, 4318373.493, 99
Trd, 4318374.743, 140
Trd, 4318374.843, 140
Trd, 4318375.143, 140
Trd, 4318376.093, 140
Trd, 4318376.393, 140
Trd, 4318376.893, 71
Trd, 4318377.793, 140
Trd, 4318378.693, 139
Trd, 4318379.193, 120
Trd, 4318380.643, 121
Trd, 4318380.993, 119
Trd, 4318381.243, 97
Trd, 4318382.043, 136
Trd, 4318383.243, 140
Trd, 4318383.793, 139
Trd, 4318384.043, 117
Trd, 4318384.093, 116
Trd, 4318384.543, 126
Trd, 4318386.043, 140
Trd, 4318386.093, 139
Trd, 4318386.643, 110
Trd, 4318387.543, 139
Trd, 4318388.493, 140
Trd, 4318388.543, 140
Trd, 4318388.993, 126
Trd, 4318390.393, 108
Trd, 4318390.793, 106
Trd, 4318390.993, 105
Trd, 4318392.893, 64
Trd, 4318393.093, 139
Trd, 4318393.543, 67
Trd, 4318394.693, 60
Trd, 4318394.993, 62
Trd, 4318395.643, 102
Trd, 4318396.393, 94
Trd, 4318396.793, 93
Trd, 4318397.443, 137
Trd, 4318397.693, 93
Trd, 4318397.993, 139
Trd, 4318399.893, 140
Trd, 4318402.143, 140
Trd, 4318402.443, 140
Trd, 4318402.493, 140
Trd, 4318403.193, 130
Trd, 4318403.393, 115
Trd, 4318403.893, 116
Trd, 4318404.793, 136
Trd, 4318405.893, 65
Trd, 4318406.443, 63
Trd, 4318407.143, 140
Trd, 4318407.993, 139
Trd, 4318408.243, 115
Trd, 4318408.293, 112
Trd, 4318408.493, 111
Trd, 4318409.243, 62
Trd, 4318411.693, 140
Trd, 4318411.993, 140
Trd, 4318412.093, 140
Trd, 4318413.443, 129
Trd, 4318414.243, 129
Trd, 4318415.293, 130
Trd, 4318415.743, 139
Trd, 4318416.143, 140
Trd, 4318416.643, 139
Trd, 4318416.993, 129
Trd, 4318417.293, 117
Trd, 4318417.343, 116
Trd, 4318420.193, 140
Trd, 4318420.943, 140
Trd, 4318421.093, 139
Trd, 4318421.293, 110
Trd, 4318422.243, 130
Trd, 4318423.443, 140
Trd, 4318423.743, 139
Trd, 4318424.093, 133
Trd, 4318424.843, 140
Trd, 4318425.393, 136
Trd, 4318425.993, 99
Trd, 4318426.193, 99
Trd, 4318426.543, 114
Trd, 4318427.543, 140
Trd, 4318428.093, 118
Trd, 4318429.593, 92
Trd, 4318429.643, 85
Trd, 4318430.093, 118
Trd, 4318430.693, 112
Trd, 4318431.543, 134
Trd, 4318432.493, 80
Trd, 4318432.643, 79
Trd, 4318434.593, 81
Trd, 4318434.793, 121
Trd, 4318434.943, 77
Trd, 4318436.343, 140
Trd, 4318437.343, 140
Trd, 4318437.443, 140
Trd, 4318438.293, 86
Trd, 4318438.693, 80
Trd, 4318439.343, 140
Trd, 4318440.093, 109
Trd, 4318440.443, 138
Trd, 4318441.993, 116
Trd, 4318443.493, 140
Trd, 4318443.643, 140
Trd, 4318444.293, 140
Trd, 4318444.743, 140
Trd, 4318445.843, 140
Trd, 4318446.043, 140
Trd, 4318446.743, 140
Trd, 4318446.893, 139
Trd, 4318447.093, 118
Trd, 4318447.293, 87
Trd, 4318448.643, 119
Trd, 4318449.743, 140
Trd, 4318450.543, 140
Trd, 4318451.543, 140
Trd, 4318451.943, 140
Trd, 4318452.493, 140
Trd, 4318453.993, 120
Trd, 4318454.093, 119
Trd, 4318454.643, 135
Trd, 4318455.693, 128
Trd, 4318456.493, 114
Trd, 4318457.043, 102
Trd, 4318457.643, 140
Trd, 4318458.093, 139
Trd, 4318459.193, 140
Trd, 4318459.593, 140
Trd, 4318459.843, 119
Trd, 4318460.893, 61
Trd, 4318461.093, 61
Trd, 4318461.643, 80
Trd, 4318465.093, 64
Trd, 4318465.993, 60
Trd, 4318466.243, 60
Trd, 4318466.443, 78
Trd, 4318466.543, 132
Trd, 4318467.093, 139
Trd, 4318467.593, 140
Trd, 4318467.743, 70
Trd, 4318468.243, 62
Trd, 4318468.743, 63
Trd, 4318469.493, 63
Trd, 4318470.043, 63
Trd, 4318471.443, 75
Trd, 4318471.793, 139
Trd, 4318473.543, 132
Trd, 4318474.443, 139
Trd, 4318474.943, 140
Trd, 4318474.993, 137
Trd, 4318475.243, 124
Trd, 4318475.993, 139
Trd, 4318476.693, 117
Trd, 4318477.343, 117
Trd, 4318478.343, 117
Trd, 4318479.093, 140
Trd, 4318479.293, 139
Trd, 4318479.743, 117
Trd, 4318479.893, 102
Trd, 4318480.143, 139
Trd, 4318480.243, 102
Trd, 4318482.343, 60
Trd, 4318482.843, 60
Trd, 4318483.293, 66
Trd, 4318483.843, 140
Trd, 4318483.993, 140
Trd, 4318485.393, 125
Trd, 4318485.893, 71
Trd, 4318486.593, 62
Trd, 4318486.643, 73
Trd, 4318488.343, 70
Trd, 4318488.993, 113
Trd, 4318489.593, 66
Trd, 4318490.393, 61
Trd, 4318490.693, 64
Trd, 4318490.993, 106
Trd, 4318491.643, 62
Trd, 4318492.043, 69
Trd, 4318493.743, 79
Trd, 4318494.343, 78
Trd, 4318494.443, 74
Trd, 4318495.543, 140
Trd, 4318496.893, 140
Trd, 4318497.143, 140
Trd, 4318497.193, 140
Trd, 4318498.893, 140
Trd, 4318499.493, 140
Trd, 4318499.643, 140
Trd, 4318499.693, 140
Trd, 4318500.093, 140
Trd, 4318501.193, 78
Trd, 4318501.543, 74
Trd, 4318503.193, 140
Trd, 4318503.493, 139
Trd, 4318505.693, 140
Trd, 4318505.943, 112
Trd, 4318506.143, 79
Trd, 4318507.193, 140
Trd, 4318507.393, 140
Trd, 4318507.593, 61
Trd, 4318507.893, 90
Trd, 4318509.243, 139
Trd, 4318509.493, 139
Trd, 4318510.343, 113
Trd, 4318511.143, 139
Trd, 4318511.393, 95
Trd, 4318512.943, 140
Trd, 4318514.093, 140
Trd, 4318515.043, 139
Trd, 4318515.793, 140
Trd, 4318515.843, 138
Trd, 4318516.743, 131
Trd, 4318518.043, 140
Trd, 4318518.443, 140
Trd, 4318518.993, 131
Trd, 4318519.393, 130
Trd, 4318521.343, 140
Trd, 4318521.443, 140
Trd, 4318522.143, 138
Trd, 4318522.993, 139
Trd, 4318523.093, 118
Trd, 4318524.343, 139
Trd, 4318524.693, 63
Trd, 4318525.243, 95
Trd, 4318525.643, 93
Trd, 4318526.943, 61
Trd, 4318528.743, 140
Trd, 4318529.543, 140
Trd, 4318529.843, 140
Trd, 4318530.093, 140
Trd, 4318530.643, 140
Trd, 4318530.693, 110
Trd, 4318531.043, 111
Trd, 4318531.693, 110
Trd, 4318532.243, 136
Trd, 4318533.393, 137
Trd, 4318533.593, 129
Trd, 4318534.593, 127
Trd, 4318535.143, 126
Trd, 4318535.393, 139
Trd, 4318536.243, 120
Trd, 4318536.343, 99
Trd, 4318537.843, 140
Trd, 4318537.943, 102
Trd, 4318538.293, 67
Trd, 4318539.293, 62
Trd, 4318540.143, 60
Trd, 4318540.843, 67
Trd, 4318541.693, 70
Trd, 4318542.793, 76
Trd, 4318543.043, 74
Trd, 4318543.843, 140
Trd, 4318544.993, 107
Trd, 4318545.793, 140
Trd, 4318545.993, 140
Trd, 4318546.443, 106
Trd, 4318546.693, 103
Trd, 4318546.793, 70
Trd, 4318548.443, 63
Trd, 4318548.893, 71
Trd, 4318549.093, 126
Trd, 4318550.343, 62
Trd, 4318550.843, 68
Trd, 4318551.593, 66
Trd, 4318551.793, 123
Trd, 4318552.393, 61
Trd, 4318553.993, 65
Trd, 4318554.593, 62
Trd, 4318555.393, 60
Trd, 4318555.493, 62
Trd, 4318555.793, 110
Trd, 4318556.093, 62
Trd, 4318557.243, 124
Trd, 4318558.443, 61
Trd, 4318558.993, 66
Trd, 4318559.793, 62
Trd, 4318560.443, 73
Trd, 4318561.193, 67
Trd, 4318561.943, 140
Trd, 4318562.543, 140
Trd, 4318562.743, 140
Trd, 4318563.743, 140
Trd, 4318565.093, 67
Trd, 4318566.143, 61
Trd, 4318566.343, 67
Trd, 4318566.993, 140
Trd, 4318568.443, 140
Trd, 4318568.543, 140
Trd, 4318568.693, 140
Trd, 4318570.093, 86
Trd, 4318571.243, 68
Trd, 4318571.493, 73
Trd, 4318572.443, 98
Trd, 4318573.743, 140
Trd, 4318574.343, 140
Trd, 4318574.643, 140
Trd, 4318575.243, 140
Trd, 4318576.593, 140
Trd, 4318576.843, 140
Trd, 4318577.043, 140
Trd, 4318578.193, 118
Trd, 4318578.743, 119
Trd, 4318578.793, 93
Trd, 4318579.593, 65
Trd, 4318580.243, 140
Trd, 4318581.043, 112
Trd, 4318581.343, 140
Trd, 4318582.943, 63
Trd, 4318584.243, 61
Trd, 4318585.243, 64
Trd, 4318585.443, 61
Trd, 4318586.093, 61
Trd, 4318586.243, 61
Trd, 4318586.493, 61
Trd, 4318587.343, 65
Trd, 4318588.293, 62
Trd, 4318588.943, 95
Trd, 4318589.093, 102
Trd, 4318590.393, 60
Trd, 4318590.993, 136
Trd, 4318592.243, 60
Trd, 4318593.843, 60
Trd, 4318594.293, 93
Trd, 4318595.043, 63
Trd, 4318595.343, 140
Trd, 4318595.943, 110
Trd, 4318596.543, 140
Trd, 4318597.693, 117
Trd, 4318597.993, 116
Trd, 4318598.643, 107
Trd, 4318599.093, 107
Trd, 4318599.443, 138
Trd, 4318599.943, 106
Trd, 4318601.693, 140
Trd, 4318602.293, 140
Trd, 4318602.993, 102
Trd, 4318603.043, 117
Trd, 4318603.093, 82
Trd, 4318603.893, 139
Trd, 4318604.743, 68
Trd, 4318605.293, 120
Trd, 4318606.493, 98
Trd, 4318606.693, 96
Trd, 4318606.893, 95
Trd, 4318607.743, 62
Trd, 4318608.843, 137
Trd, 4318608.993, 105
Trd, 4318609.593, 113
Trd, 4318610.093, 140
Trd, 4318610.893, 85
Trd, 4318612.043, 140
Trd, 4318612.493, 140
Trd, 4318613.443, 140
Trd, 4318613.843, 138
Trd, 4318613.943, 131
Trd, 4318614.043, 117
Trd, 4318615.493, 140
Trd, 4318616.343, 140
Trd, 4318617.093, 140
Trd, 4318617.843, 140
Trd, 4318619.193, 110
Trd, 4318619.293, 109
Trd, 4318619.543, 107
Trd, 4318621.193, 110
Trd, 4318621.393, 93
Trd, 4318621.443, 91
Trd, 4318621.543, 87
Trd, 4318622.293, 140
Trd, 4318623.493, 140
Trd, 4318623.643, 140
Trd, 4318624.043, 139
Trd, 4318624.493, 99
Trd, 4318625.393, 124
Trd, 4318626.343, 61
Trd, 4318626.693, 62
Trd, 4318627.093, 61
Trd, 4318628.993, 68
Trd, 4318629.293, 68
Trd, 4318629.343, 66
Trd, 4318629.443, 62
Trd, 4318631.193, 140
Trd, 4318631.543, 61
Trd, 4318632.143, 60
Trd, 4318632.943, 63
Trd, 4318633.493, 72
Trd, 4318633.843, 62
Trd, 4318634.743, 63
Trd, 4318635.543, 65
Trd, 4318636.093, 65
Trd, 4318636.793, 63
Trd, 4318637.943, 61
Trd, 4318638.343, 61
Trd, 4318638.743, 83
Trd, 4318639.393, 62
Trd, 4318640.443, 60
Trd, 4318641.093, 60
Trd, 4318641.493, 60
Trd, 4318643.243, 89
Trd, 4318643.543, 140
Trd, 4318643.943, 140
Trd, 4318644.243, 140
Trd, 4318644.293, 140
Trd, 4318644.443, 137
Trd, 4318645.293, 77
Trd, 4318645.743, 78
Trd, 4318647.893, 140
Trd, 4318648.243, 140
Trd, 4318649.093, 140
Trd, 4318649.393, 139
Trd, 4318649.443, 136
Trd, 4318650.493, 127
Trd, 4318650.893, 128
Trd, 4318650.993, 127
Trd, 4318651.343, 107
Trd, 4318652.093, 99
Trd, 4318652.893, 109
Trd, 4318654.443, 140
Trd, 4318654.793, 139
Trd, 4318655.143, 112
Trd, 4318655.743, 112
Trd, 4318656.493, 140
Trd, 4318656.743, 88
Trd, 4318657.143, 63
Trd, 4318657.843, 60
Trd, 4318658.593, 92
Trd, 4318658.893, 90
Trd, 4318660.443, 102
Trd, 4318660.993, 126
Trd, 4318661.793, 140
Trd, 4318662.843, 140
Trd, 4318663.543, 140
Trd, 4318663.693, 139
Trd, 4318663.743, 138
Trd, 4318664.143, 140
Trd, 4318664.293, 75
Trd, 4318665.093, 140
Trd, 4318666.643, 61
Trd, 4318667.243, 63
Trd, 4318667.693, 77
Trd, 4318668.043, 140
Trd, 4318668.893, 107
Trd, 4318670.043, 110
Trd, 4318670.193, 107
Trd, 4318670.843, 60
Trd, 4318671.893, 61
Trd, 4318672.693, 60
Trd, 4318672.993, 69
Trd, 4318674.793, 73
Trd, 4318674.843, 75
Trd, 4318675.343, 60
Trd, 4318675.593, 63
Trd, 4318675.943, 108
Trd, 4318677.743, 140
Trd, 4318678.743, 140
Trd, 4318678.943, 139
Trd, 4318679.193, 139
Trd, 4318679.393, 110
Trd, 4318679.593, 83
Trd, 4318680.193, 65
Trd, 4318681.493, 139
Trd, 4318683.393, 63
Trd, 4318683.643, 68
Trd, 4318684.793, 71
Trd, 4318685.043, 140
Trd, 4318685.343, 70
Trd, 4318685.393, 68
Trd, 4318686.093, 69
Trd, 4318686.593, 90
Trd, 4318687.993, 90
Trd, 4318688.293, 88
Trd, 4318688.793, 84
Trd, 4318689.493, 140
Trd, 4318689.843, 140
Trd, 4318691.043, 140
Trd, 4318692.343, 140
Trd, 4318693.143, 140
Trd, 4318693.343, 140
Trd, 4318693.443, 140
Trd, 4318694.043, 137
Trd, 4318694.493, 139
Trd, 4318694.993, 135
Trd, 4318695.193, 89
Trd, 4318695.493, 63
Trd, 4318697.093, 70
Trd, 4318699.093, 62
Trd, 4318699.543, 60
Trd, 4318700.043, 62
Trd, 4318700.343, 63
Trd, 4318701.693, 61
Trd, 4318701.793, 61
Trd, 4318701.893, 65
Trd, 4318702.293, 61
Trd, 4318702.443, 62
Trd, 4318703.793, 140
Trd, 4318704.193, 116
Trd, 4318704.893, 140
Trd, 4318705.793, 139
Trd, 4318705.943, 138
Trd, 4318706.893, 64
Trd, 4318708.043, 70
Trd, 4318708.643, 62
Trd, 4318709.443, 66
Trd, 4318710.793, 69
Trd, 4318710.943, 60
Trd, 4318711.493, 63
Trd, 4318712.193, 61
Trd, 4318712.443, 64
Trd, 4318712.693, 71
Trd, 4318714.343, 140
Trd, 4318714.743, 140
Trd, 4318715.493, 140
Trd, 4318715.943, 134
Trd, 4318715.993, 106
Trd, 4318716.793, 64
Trd, 4318717.993, 60
Trd, 4318719.293, 60
Trd, 4318720.393, 61
Trd, 4318720.543, 63
Trd, 4318721.293, 63
Trd, 4318722.693, 65
Trd, 4318723.093, 68
Trd, 4318724.293, 66
Trd, 4318724.793, 139
Trd, 4318724.943, 122
Trd, 4318725.543, 61
Trd, 4318726.243, 62
Trd, 4318727.093, 139
Trd, 4318727.743, 80
Trd, 4318728.793, 74
Trd, 4318729.143, 67
Trd, 4318731.043, 140
Trd, 4318731.343, 140
Trd, 4318732.093, 137
Trd, 4318732.193, 129
Trd, 4318732.643, 117
Trd, 4318733.243, 139
Trd, 4318734.443, 140
Trd, 4318735.143, 60
Trd, 4318735.843, 140
Trd, 4318735.993, 140
Trd, 4318736.143, 61
Trd, 4318737.243, 61
Trd, 4318737.443, 62
Trd, 4318738.693, 61
Trd, 4318739.843, 103
Trd, 4318740.143, 101
Trd, 4318740.443, 101
Trd, 4318740.843, 83
Trd, 4318741.193, 68
Trd, 4318742.943, 60
Trd, 4318743.543, 140
Trd, 4318744.243, 140
Trd, 4318744.443, 140
Trd, 4318744.743, 132
Trd, 4318744.843, 131
Trd, 4318745.093, 107
Trd, 4318745.493, 115
Trd, 4318746.293, 72
Trd, 4318746.843, 140
Trd, 4318747.643, 75
Trd, 4318748.443, 101
Trd, 4318749.443, 61
Trd, 4318749.993, 114
Trd, 4318750.193, 113
Trd, 4318750.293, 109
Trd, 4318751.243, 137
Trd, 4318752.343, 140
Trd, 4318752.543, 139
Trd, 4318753.293, 113
Trd, 4318753.493, 112
Trd, 4318754.093, 93
Trd, 4318754.243, 77
Trd, 4318756.493, 60
Trd, 4318756.743, 62
Trd, 4318757.493, 61
Trd, 4318758.243, 65
Trd, 4318758.693, 64
Trd, 4318759.193, 66
Trd, 4318759.993, 107
Trd, 4318761.093, 140
Trd, 4318761.543, 140
Trd, 4318762.693, 104
Trd, 4318762.793, 103
Trd, 4318762.993, 139
Trd, 4318763.293, 81
Trd, 4318764.643, 64
Trd, 4318766.893, 139
Trd, 4318767.143, 137
Trd, 4318767.393, 136
Trd, 4318767.643, 140
Trd, 4318767.743, 116
Trd, 4318767.893, 98
Trd, 4318769.043, 139
Trd, 4318769.093, 96
Trd, 4318769.843, 64
Trd, 4318770.643, 73
Trd, 4318771.393, 121
Trd, 4318771.993, 67
Trd, 4318772.743, 60
Trd, 4318773.793, 65
Trd, 4318774.043, 139
Trd, 4318774.693, 100
Trd, 4318775.393, 60
Trd, 4318776.293, 63
Trd, 4318776.443, 62
Trd, 4318777.293, 66
Trd, 4318778.393, 109
Trd, 4318778.443, 85
Trd, 4318779.993, 60
Trd, 4318781.043, 61
Trd, 4318781.543, 61
Trd, 4318781.693, 64
Trd, 4318783.543, 73
Trd, 4318783.993, 61
Trd, 4318784.243, 140
Trd, 4318784.743, 130
Trd, 4318786.743, 139
Trd, 4318786.943, 134
Trd, 4318787.093, 133
Trd, 4318787.743, 130
Trd, 4318787.943, 116
Trd, 4318788.693, 106
Trd, 4318790.043, 60
Trd, 4318790.443, 113
Trd, 4318791.293, 62
Trd, 4318791.543, 63
Trd, 4318792.593, 64
Trd, 4318793.843, 64
Trd, 4318794.293, 62
Trd, 4318794.393, 65
Trd, 4318795.093, 140
Trd, 4318795.593, 75
Trd, 4318796.243, 73
Trd, 4318796.693, 140
Trd, 4318797.343, 79
Trd, 4318797.593, 78
Trd, 4318798.243, 70
Trd, 4318798.743, 65
Trd, 4318799.643, 140
Trd, 4318800.243, 140
Trd, 4318800.693, 139
Trd, 4318801.393, 136
Trd, 4318803.443, 115
Trd, 4318804.393, 106
Trd, 4318805.393, 140
Trd, 4318805.993, 61
Trd, 4318807.193, 60
Trd, 4318807.793, 60
Trd, 4318808.643, 65
Trd, 4318809.343, 64
Trd, 4318810.293, 140
Trd, 4318810.743, 140
Trd, 4318811.743, 140
Trd, 4318811.943, 140
Trd, 4318812.843, 137
Trd, 4318813.193, 101
Trd, 4318813.243, 100
Trd, 4318813.693, 138
Trd, 4318814.093, 89
Trd, 4318816.043, 62
Trd, 4318816.743, 140
Trd, 4318817.193, 138
Trd, 4318817.643, 115
Trd, 4318818.093, 115
Trd, 4318819.143, 91
Trd, 4318819.643, 128
Trd, 4318820.843, 140
Trd, 4318821.043, 76
Trd, 4318822.143, 92
Trd, 4318823.543, 116
Trd, 4318824.143, 140
Trd, 4318824.793, 140
Trd, 4318825.993, 140
Trd, 4318826.193, 140
Trd, 4318826.243, 140
Trd, 4318826.693, 93
Trd, 4318827.343, 127
Trd, 4318827.443, 74
Trd, 4318828.043, 97
Trd, 4318829.043, 140
Trd, 4318829.343, 76
Trd, 4318829.643, 139
Trd, 4318830.043, 109
Trd, 4318830.643, 66
Trd, 4318831.993, 140
Trd, 4318832.643, 82
Trd, 4318833.093, 136
Trd, 4318833.193, 136
Trd, 4318833.843, 133
Trd, 4318833.943, 105
Trd, 4318834.243, 140
Trd, 4318835.043, 128
Trd, 4318836.143, 140
Trd, 4318836.793, 129
Trd, 4318837.093, 128
Trd, 4318837.643, 127
Trd, 4318838.443, 139
Trd, 4318838.943, 107
Trd, 4318839.093, 101
Trd, 4318839.643, 140
Trd, 4318841.293, 140
Trd, 4318841.593, 140
Trd, 4318841.943, 140
Trd, 4318842.543, 129
Trd, 4318843.143, 133
Trd, 4318844.593, 140
Trd, 4318844.743, 107
Trd, 4318845.043, 104
Trd, 4318845.143, 66
Trd, 4318845.443, 105
Trd, 4318846.943, 86
Trd, 4318848.093, 137
Trd, 4318848.193, 140
Trd, 4318848.293, 99
Trd, 4318848.743, 98
Trd, 4318849.693, 62
Trd, 4318851.043, 61
Trd, 4318851.493, 79
Trd, 4318852.043, 62
Trd, 4318853.643, 60
Trd, 4318853.943, 60
Trd, 4318854.443, 60
Trd, 4318855.343, 63
Trd, 4318856.043, 68
Trd, 4318856.643, 61
Trd, 4318856.943, 60
Trd, 4318857.593, 60
Trd, 4318857.843, 61
Trd, 4318859.193, 65
Trd, 4318859.493, 90
Trd, 4318859.793, 88
Trd, 4318860.893, 97
Trd, 4318861.393, 96
Trd, 4318861.743, 87
Trd, 4318861.793, 118
Trd, 4318862.143, 63
Trd, 4318863.593, 140
Trd, 4318864.243, 140
Trd, 4318864.493, 140
Trd, 4318864.793, 140
Trd, 4318864.993, 140
Trd, 4318865.743, 140
Trd, 4318865.943, 140
Trd, 4318867.443, 140
Trd, 4318867.993, 82
Trd, 4318869.243, 138
Trd, 4318869.393, 91
Trd, 4318871.393, 140
Trd, 4318871.893, 139
Trd, 4318871.993, 114
Trd, 4318872.793, 138
Trd, 4318872.943, 137
Trd, 4318873.843, 66
Trd, 4318874.193, 64
Trd, 4318874.293, 99
Trd, 4318875.893, 61
Trd, 4318876.793, 65
Trd, 4318878.193, 62
Trd, 4318878.943, 60
Trd, 4318878.993, 62
Trd, 4318879.693, 64
Trd, 4318880.043, 61
Trd, 4318880.193, 137
Trd, 4318881.043, 71
Trd, 4318882.693, 88
Trd, 4318883.393, 119
Trd, 4318884.393, 68
Trd, 4318884.593, 107
Trd, 4318884.693, 61
Trd, 4318884.993, 67
Trd, 4318885.493, 60
Trd, 4318886.043, 62
Trd, 4318886.643, 67
Trd, 4318887.643, 62
Trd, 4318888.293, 65
Trd, 4318888.643, 60
Trd, 4318889.043, 63
Trd, 4318891.393, 60
Trd, 4318891.843, 60
Trd, 4318892.593, 61
Trd, 4318893.693, 140
Trd, 4318894.293, 140
Trd, 4318894.443, 140
Trd, 4318894.793, 140
Trd, 4318895.343, 140
Trd, 4318895.493, 135
Trd, 4318896.293, 128
Trd, 4318896.843, 115
Trd, 4318897.693, 138
Trd, 4318898.893, 129
Trd, 4318898.943, 127
Trd, 4318899.543, 139
Trd, 4318899.693, 140
Trd, 4318899.993, 121
Trd, 4318900.893, 70
Trd, 4318901.793, 91
Trd, 4318902.443, 139
Trd, 4318903.343, 138
Trd, 4318903.643, 102
Trd, 4318904.693, 89
Trd, 4318905.843, 140
Trd, 4318906.993, 140
Trd, 4318908.343, 118
Trd, 4318909.343, 138
Trd, 4318909.693, 131
Trd, 4318910.143, 140
Trd, 4318910.393, 130
Trd, 4318910.493, 115
Trd, 4318911.543, 139
Trd, 4318911.843, 116
Trd, 4318911.893, 97
Trd, 4318912.043, 93
Trd, 4318913.443, 140
Trd, 4318913.593, 140
Trd, 4318914.093, 116
Trd, 4318914.593, 88
Trd, 4318915.343, 62
Trd, 4318916.243, 140
Trd, 4318917.943, 139
Trd, 4318918.393, 140
Trd, 4318918.493, 139
Trd, 4318919.643, 139
Trd, 4318919.743, 138
Trd, 4318920.593, 123
Trd, 4318921.143, 139
Trd, 4318921.443, 116
Trd, 4318922.243, 140
Trd, 4318922.593, 76
Trd, 4318923.843, 78
Trd, 4318924.893, 140
Trd, 4318925.093, 140
Trd, 4318925.143, 110
Trd, 4318926.093, 140
Trd, 4318926.443, 140
Trd, 4318927.343, 139
Trd, 4318927.393, 129
Trd, 4318928.243, 78
Trd, 4318930.143, 139
Trd, 4318931.293, 107
Trd, 4318931.743, 140
Trd, 4318932.443, 140
Trd, 4318932.693, 111
Trd, 4318933.993, 140
Trd, 4318934.043, 140
Trd, 4318934.343, 139
Trd, 4318934.543, 111
Trd, 4318936.293, 90
Trd, 4318936.743, 89
Trd, 4318936.843, 77
Trd, 4318937.793, 109
Trd, 4318938.793, 139
Trd, 4318938.943, 139
Trd, 4318939.043, 138
Trd, 4318939.993, 137
Trd, 4318940.993, 140
Trd, 4318941.093, 72
Trd, 4318941.143, 71
Trd, 4318942.393, 140
Trd, 4318943.193, 140
Trd, 4318943.943, 111
Trd, 4318943.993, 92
Trd, 4318944.443, 87
Trd, 4318944.993, 139
Trd, 4318945.143, 121
Trd, 4318945.743, 68
Trd, 4318948.193, 140
Trd, 4318948.693, 140
Trd, 4318948.743, 118
Trd, 4318948.993, 77
Trd, 4318949.443, 103
Trd, 4318950.193, 140
Trd, 4318950.493, 119
Trd, 4318950.643, 89
Trd, 4318950.943, 140
Trd, 4318951.193, 64
Trd, 4318952.593, 64
Trd, 4318953.843, 61
Trd, 4318955.143, 60
Trd, 4318955.943, 61
Trd, 4318957.443, 62
Trd, 4318958.693, 60
Trd, 4318959.093, 63
Trd, 4318959.393, 73
Trd, 4318960.093, 61
Trd, 4318960.193, 75
Trd, 4318960.643, 60
Trd, 4318961.093, 138
Trd, 4318961.343, 138
Trd, 4318962.343, 140
Trd, 4318962.593, 140
Trd, 4318962.693, 103
Trd, 4318963.943, 140
Trd, 4318964.143, 138
Trd, 4318964.343, 114
Trd, 4318965.543, 123
Trd, 4318967.793, 140
Trd, 4318967.893, 139
Trd, 4318968.243, 140
Trd, 4318968.693, 140
Trd, 4318968.993, 109
Trd, 4318969.993, 106
Trd, 4318970.443, 97
Trd, 4318970.893, 139
Trd, 4318971.393, 98
Trd, 4318972.693, 84
Trd, 4318972.993, 140
Trd, 4318973.493, 66
Trd, 4318975.843, 140
Trd, 4318975.893, 140
Trd, 4318976.043, 140
Trd, 4318976.393, 118
Trd, 4318978.043, 120
Trd, 4318978.993, 139
Trd, 4318979.643, 140
Trd, 4318979.943, 138
Trd, 4318980.243, 118
Trd, 4318981.143, 101
Trd, 4318981.643, 114
Trd, 4318981.743, 86
Trd, 4318981.793, 74
Trd, 4318982.493, 69
Trd, 4318984.593, 60
Trd, 4318985.043, 62
Trd, 4318985.743, 63
Trd, 4318985.843, 61
Trd, 4318986.393, 66
Trd, 4318986.893, 64
Trd, 4318986.943, 102
Trd, 4318987.743, 61
Trd, 4318988.493, 64
Trd, 4318989.593, 60
Trd, 4318990.643, 61
Trd, 4318990.993, 63
Trd, 4318991.493, 60
Trd, 4318992.293, 63
Trd, 4318992.893, 63
Trd, 4318993.593, 67
Trd, 4318994.043, 74
Trd, 4318994.543, 73
Trd, 4318995.943, 61
Trd, 4318996.543, 60
Trd, 4318996.893, 65
Trd, 4318997.393, 65
Trd, 4318997.943, 63
Trd, 4318998.443, 63
Trd, 4318999.793, 71
Trd, 4319001.293, 140
Trd, 4319001.543, 140
Trd, 4319002.193, 140
Trd, 4319003.593, 140
Trd, 4319004.143, 140
Trd, 4319004.193, 97
Trd, 4319005.093, 60
Trd, 4319005.343, 139
Trd, 4319005.993, 139
Trd, 4319006.893, 140
Trd, 4319007.093, 139
Trd, 4319007.243, 132
Trd, 4319008.543, 125
Trd, 4319009.143, 139
Trd, 4319009.743, 74
Trd, 4319010.043, 118
Trd, 4319011.493, 96
Trd, 4319011.893, 110
Trd, 4319012.043, 81
Trd, 4319012.693, 69
Trd, 4319014.293, 61
Trd, 4319014.843, 61
Trd, 4319016.093, 62
Trd, 4319016.443, 140
Trd, 4319016.493, 123
Trd, 4319017.243, 140
Trd, 4319017.793, 66
Trd, 4319018.193, 61
Trd, 4319019.343, 60
Trd, 4319019.393, 60
Trd, 4319020.643, 60
Trd, 4319021.543, 79
Trd, 4319023.343, 61
Trd, 4319024.743, 60
Trd, 4319024.993, 60
Trd, 4319025.443, 60
Trd, 4319025.743, 61
Trd, 4319026.093, 62
Trd, 4319027.593, 70
Trd, 4319028.443, 120
Trd, 4319028.893, 65
Trd, 4319029.443, 64
Trd, 4319029.793, 62
Trd, 4319030.443, 76
Trd, 4319031.343, 60
Trd, 4319031.493, 61
Trd, 4319032.093, 63
Trd, 4319032.543, 72
Trd, 4319033.593, 98
Trd, 4319033.893, 110
Trd, 4319035.793, 69
Trd, 4319036.593, 64
Trd, 4319036.843, 140
Trd, 4319037.593, 140
Trd, 4319037.793, 140
Trd, 4319038.043, 140
Trd, 4319038.543, 139
Trd, 4319038.993, 113
Trd, 4319039.793, 139
Trd, 4319040.093, 109
Trd, 4319041.293, 138
Trd, 4319041.893, 137
Trd, 4319043.743, 140
Trd, 4319043.893, 140
Trd, 4319044.093, 140
Trd, 4319044.643, 140
Trd, 4319046.643, 139
Trd, 4319046.793, 140
Trd, 4319046.993, 137
Trd, 4319047.093, 104
Trd, 4319048.193, 60
Trd, 4319048.743, 61
Trd, 4319048.843, 62
Trd, 4319050.643, 129
Trd, 4319050.793, 94
Trd, 4319051.243, 68
Trd, 4319052.593, 60
Trd, 4319052.993, 60
Trd, 4319053.443, 66
Trd, 4319053.943, 70
Trd, 4319054.243, 63
Trd, 4319056.593, 76
Trd, 4319057.393, 76
Trd, 4319057.743, 75
Trd, 4319057.893, 74
Trd, 4319058.243, 68
Trd, 4319058.593, 81
Trd, 4319059.343, 63
Trd, 4319059.393, 86
Trd, 4319060.293, 140
Trd, 4319060.793, 140
Trd, 4319060.993, 139
Trd, 4319061.543, 125
Trd, 4319062.993, 100
Trd, 4319063.293, 95
Trd, 4319063.593, 69
Trd, 4319065.143, 63
Trd, 4319065.693, 64
Trd, 4319066.393, 63
Trd, 4319067.293, 140
Trd, 4319068.043, 140
Trd, 4319068.143, 140
Trd, 4319068.493, 140
Trd, 4319068.793, 140
Trd, 4319069.493, 106
Trd, 4319071.043, 91
Trd, 4319071.243, 89
Trd, 4319071.293, 83
Trd, 4319072.143, 140
Trd, 4319072.793, 65
Trd, 4319073.293, 62
Trd, 4319074.043, 140
Trd, 4319075.743, 140
Trd, 4319076.693, 140
Trd, 4319077.993, 140
Trd, 4319078.093, 120
Trd, 4319078.393, 103
Trd, 4319079.543, 80
Trd, 4319080.043, 129
Trd, 4319080.493, 140
Trd, 4319081.193, 112
Trd, 4319081.243, 103
Trd, 4319081.543, 137
Trd, 4319083.043, 61
Trd, 4319083.993, 128
Trd, 4319084.493, 138
Trd, 4319084.593, 128
Trd, 4319084.643, 127
Trd, 4319085.493, 92
Trd, 4319085.693, 139
Trd, 4319086.993, 60
Trd, 4319087.493, 108
Trd, 4319088.193, 74
Trd, 4319088.793, 117
Trd, 4319089.393, 140
Trd, 4319090.243, 60
Trd, 4319090.543, 60
Trd, 4319091.493, 66
Trd, 4319092.293, 62
Trd, 4319092.793, 138
Trd, 4319093.893, 138
Trd, 4319094.243, 92
Trd, 4319095.143, 140
Trd, 4319095.893, 140
Trd, 4319096.293, 140
Trd, 4319096.793, 140
Trd, 4319096.993, 139
Trd, 4319097.543, 111
Trd, 4319098.893, 123
Trd, 4319099.143, 98
Trd, 4319099.243, 64
Trd, 4319100.193, 61
Trd, 4319101.893, 138
Trd, 4319102.243, 136
Trd, 4319102.943, 140
Trd, 4319103.743, 61
Trd, 4319104.993, 60
Trd, 4319106.093, 62
Trd, 4319107.293, 60
Trd, 4319107.943, 60
Trd, 4319108.193, 64
Trd, 4319108.743, 79
Trd, 4319109.593, 64
Trd, 4319110.043, 90
Trd, 4319110.243, 98
Trd, 4319110.643, 99
Trd, 4319111.093, 98
Trd, 4319111.693, 62
Trd, 4319112.493, 61
Trd, 4319113.243, 138
Trd, 4319114.093, 140
Trd, 4319114.343, 140
Trd, 4319115.243, 140
Trd, 4319115.393, 138
Trd, 4319116.493, 83
Trd, 4319117.043, 83
Trd, 4319117.593, 138
Trd, 4319117.643, 119
Trd, 4319117.893, 82
Trd, 4319120.243, 140
Trd, 4319120.293, 138
Trd, 4319120.493, 109
Trd, 4319120.843, 96
Trd, 4319121.493, 138
Trd, 4319121.793, 139
Trd, 4319122.343, 120
Trd, 4319123.693, 140
Trd, 4319124.443, 133
Trd, 4319125.293, 140
Trd, 4319126.043, 140
Trd, 4319126.393, 138
Trd, 4319127.493, 140
Trd, 4319127.643, 139
Trd, 4319128.643, 140
Trd, 4319129.293, 108
Trd, 4319129.443, 108
Trd, 4319129.893, 113
Trd, 4319130.243, 138
Trd, 4319131.593, 139
Trd, 4319132.343, 138
Trd, 4319133.143, 140
Trd, 4319133.843, 139
Trd, 4319135.243, 140
Trd, 4319136.543, 140
Trd, 4319136.643, 140
Trd, 4319137.643, 140
Trd, 4319138.243, 140
Trd, 4319138.393, 112
Trd, 4319139.893, 138
Trd, 4319140.493, 117
Trd, 4319140.593, 96
Trd, 4319141.343, 68
Trd, 4319142.493, 61
Trd, 4319143.293, 140
Trd, 4319144.193, 140
Trd, 4319144.743, 140
Trd, 4319144.993, 140
Trd, 4319145.093, 102
Trd, 4319147.143, 140
Trd, 4319147.243, 140
Trd, 4319148.093, 140
Trd, 4319148.743, 116
Trd, 4319148.943, 115
Trd, 4319151.493, 139
Trd, 4319151.993, 140
Trd, 4319152.843, 89
Trd, 4319153.293, 139
Trd, 4319153.493, 120
Trd, 4319153.843, 101
Trd, 4319154.243, 64
Trd, 4319154.693, 140
Trd, 4319154.993, 140
Trd, 4319155.593, 98
Trd, 4319156.493, 139
Trd, 4319158.493, 61
Trd, 4319158.893, 68
Trd, 4319159.493, 140
Trd, 4319159.743, 140
Trd, 4319160.043, 140
Trd, 4319160.593, 135
Trd, 4319162.393, 140
Trd, 4319163.243, 140
Trd, 4319163.393, 140
Trd, 4319164.193, 139
Trd, 4319164.293, 138
Trd, 4319164.543, 128
Trd, 4319165.143, 140
Trd, 4319165.393, 140
Trd, 4319165.893, 139
Trd, 4319166.343, 116
Trd, 4319167.543, 137
Trd, 4319167.843, 140
Trd, 4319168.143, 118
Trd, 4319169.393, 140
Trd, 4319169.543, 139
Trd, 4319169.943, 92
Trd, 4319170.043, 89
Trd, 4319171.443, 140
Trd, 4319172.193, 140
Trd, 4319173.243, 140
Trd, 4319175.043, 140
Trd, 4319175.193, 140
Trd, 4319175.293, 140
Trd, 4319175.443, 116
Trd, 4319176.843, 61
Trd, 4319177.793, 60
Trd, 4319177.893, 61
Trd, 4319178.493, 139
Trd, 4319178.893, 63
Trd, 4319179.943, 60
Trd, 4319180.993, 60
Trd, 4319181.093, 62
Trd, 4319183.143, 61
Trd, 4319183.543, 61
Trd, 4319184.743, 64
Trd, 4319185.043, 65
Trd, 4319185.493, 65
Trd, 4319186.343, 61
Trd, 4319186.393, 63
Trd, 4319186.943, 140
Trd, 4319188.043, 140
Trd, 4319188.343, 140
Trd, 4319188.693, 140
Trd, 4319189.243, 140
Trd, 4319189.493, 87
Trd, 4319190.193, 63
Trd, 4319191.193, 63
Trd, 4319191.493, 63
Trd, 4319191.593, 76
Trd, 4319192.343, 140
Trd, 4319193.843, 140
Trd, 4319194.393, 140
Trd, 4319195.243, 140
Trd, 4319195.293, 138
Trd, 4319195.593, 98
Trd, 4319196.443, 83
Trd, 4319197.443, 61
Trd, 4319198.293, 61
Trd, 4319198.343, 67
Trd, 4319200.543, 73
Trd, 4319200.843, 64
Trd, 4319201.443, 60
Trd, 4319201.693, 63
Trd, 4319202.643, 61
Trd, 4319202.743, 124
Trd, 4319203.043, 65
Trd, 4319203.943, 72
Trd, 4319204.593, 83
Trd, 4319205.493, 77
Trd, 4319206.993, 140
Trd, 4319207.393, 140
Trd, 4319207.443, 140
Trd, 4319208.093, 140
Trd, 4319208.243, 107
Trd, 4319209.043, 61
Trd, 4319209.943, 106
Trd, 4319210.293, 74
Trd, 4319211.343, 140
Trd, 4319212.643, 140
Trd, 4319213.293, 76
Trd, 4319213.343, 87
Trd, 4319213.593, 75
Trd, 4319214.693, 140
Trd, 4319214.893, 140
Trd, 4319215.943, 140
Trd, 4319216.243, 129
Trd, 4319216.843, 66
Trd, 4319218.293, 140
Trd, 4319218.743, 140
Trd, 4319218.943, 97
Trd, 4319219.293, 96
Trd, 4319219.943, 102
Trd, 4319220.843, 138
Trd, 4319221.643, 61
Trd, 4319223.043, 63
Trd, 4319223.343, 63
Trd, 4319224.593, 68
Trd, 4319225.393, 60
Trd, 4319225.593, 61
Trd, 4319226.193, 63
Trd, 4319227.493, 63
Trd, 4319228.043, 64
Trd, 4319228.343, 63
Trd, 4319228.693, 71
Trd, 4319229.543, 68
Trd, 4319230.443, 60
Trd, 4319230.943, 60
Trd, 4319231.193, 66
Trd, 4319232.493, 140
Trd, 4319232.643, 138
Trd, 4319233.043, 140
Trd, 4319233.693, 71
Trd, 4319234.343, 72
Trd, 4319235.143, 125
Trd, 4319237.093, 139
Trd, 4319237.743, 140
Trd, 4319238.193, 139
Trd, 4319239.343, 114
Trd, 4319240.093, 115
Trd, 4319240.343, 85
Trd, 4319241.793, 140
Trd, 4319241.893, 139
Trd, 4319243.743, 140
Trd, 4319243.793, 140
Trd, 4319244.943, 140
Trd, 4319245.193, 140
Trd, 4319245.393, 110
Trd, 4319245.743, 87
Trd, 4319247.093, 122
Trd, 4319247.443, 138
Trd, 4319247.943, 114
Trd, 4319248.893, 119
Trd, 4319250.143, 140
Trd, 4319250.193, 140
Trd, 4319250.393, 111
Trd, 4319250.743, 105
Trd, 4319251.643, 61
Trd, 4319252.793, 140
Trd, 4319253.143, 140
Trd, 4319254.093, 62
Trd, 4319255.543, 62
Trd, 4319256.293, 63
Trd, 4319257.243, 62
Trd, 4319258.543, 60
Trd, 4319260.193, 60
Trd, 4319260.243, 61
Trd, 4319260.843, 64
Trd, 4319260.993, 65
Trd, 4319263.093, 63
Trd, 4319263.143, 62
Trd, 4319264.743, 65
Trd, 4319265.443, 71
Trd, 4319265.543, 140
Trd, 4319265.843, 70
Trd, 4319266.343, 89
Trd, 4319266.643, 62
Trd, 4319266.743, 120
Trd, 4319267.843, 63
Trd, 4319268.843, 68
Trd, 4319268.893, 64
Trd, 4319269.593, 65
Trd, 4319270.243, 65
Trd, 4319270.493, 67
Trd, 4319271.743, 140
Trd, 4319271.893, 140
Trd, 4319272.793, 139
Trd, 4319274.143, 60
Trd, 4319274.693, 63
Trd, 4319275.443, 138
Trd, 4319276.593, 139
Trd, 4319277.043, 103
Trd, 4319277.193, 75
Trd, 4319279.193, 61
Trd, 4319280.843, 68
Trd, 4319281.193, 61
Trd, 4319281.543, 65
Trd, 4319281.993, 139
Trd, 4319282.193, 131
Trd, 4319282.643, 133
Trd, 4319283.343, 134
Trd, 4319285.393, 140
Trd, 4319285.643, 140
Trd, 4319285.793, 138
Trd, 4319286.193, 118
Trd, 4319286.243, 117
Trd, 4319287.093, 139
Trd, 4319287.343, 137
Trd, 4319288.093, 97
Trd, 4319288.743, 84
Trd, 4319288.993, 101
Trd, 4319290.193, 140
Trd, 4319291.043, 140
Trd, 4319291.593, 140
Trd, 4319292.393, 140
Trd, 4319292.793, 140
Trd, 4319293.493, 140
Trd, 4319293.743, 134
Trd, 4319294.243, 137
Trd, 4319295.093, 125
Trd, 4319295.393, 122
Trd, 4319295.793, 127
Trd, 4319297.243, 117
Trd, 4319297.343, 90
Trd, 4319298.043, 91
Trd, 4319298.593, 118
Trd, 4319299.093, 75
Trd, 4319299.443, 75
Trd, 4319301.743, 61
Trd, 4319301.993, 134
Trd, 4319302.443, 140
Trd, 4319303.543, 61
Trd, 4319303.843, 76
Trd, 4319305.643, 60
Trd, 4319305.743, 102
Trd, 4319306.493, 61
Trd, 4319307.343, 140
Trd, 4319307.493, 140
Trd, 4319307.643, 140
Trd, 4319308.193, 110
Trd, 4319308.893, 75
Trd, 4319310.743, 67
Trd, 4319310.843, 62
Trd, 4319312.243, 60
Trd, 4319312.543, 61
Trd, 4319313.243, 63
Trd, 4319313.343, 95
Trd, 4319313.893, 67
Trd, 4319315.043, 140
Trd, 4319316.043, 64
Trd, 4319316.293, 67
Trd, 4319317.493, 61
Trd, 4319319.693, 118
Trd, 4319319.943, 137
Trd, 4319320.793, 114
Trd, 4319320.893, 112
Trd, 4319321.393, 137
Trd, 4319321.743, 114
Trd, 4319321.943, 138
Trd, 4319323.293, 86
Trd, 4319323.943, 139
Trd, 4319324.293, 137
Trd, 4319324.843, 114
Trd, 4319325.593, 138
Trd, 4319325.643, 115
Trd, 4319326.793, 93
Trd, 4319327.343, 133
Trd, 4319328.943, 140
Trd, 4319329.293, 140
Trd, 4319329.393, 140
Trd, 4319329.693, 139
Trd, 4319331.293, 139
Trd, 4319331.943, 104
Trd, 4319332.043, 69
Trd, 4319332.893, 98
Trd, 4319334.043, 61
Trd, 4319334.143, 64
Trd, 4319334.493, 67
Trd, 4319336.993, 60
Trd, 4319337.443, 62
Trd, 4319337.543, 61
Trd, 4319337.593, 70
Trd, 4319337.643, 72
Trd, 4319338.343, 60
Trd, 4319338.393, 113
Trd, 4319339.343, 140
Trd, 4319339.493, 140
Trd, 4319341.493, 140
Trd, 4319341.743, 140
Trd, 4319341.793, 111
Trd, 4319343.143, 140
Trd, 4319344.593, 140
Trd, 4319345.143, 140
Trd, 4319345.743, 129
Trd, 4319345.843, 127
Trd, 4319346.293, 126
Trd, 4319346.693, 126
Trd, 4319348.043, 140
Trd, 4319348.193, 135
Trd, 4319348.343, 115
Trd, 4319350.043, 140
Trd, 4319351.143, 60
Trd, 4319351.293, 61
Trd, 4319351.993, 67
Trd, 4319352.843, 60
Trd, 4319353.943, 140
Trd, 4319354.943, 140
Trd, 4319355.293, 140
Trd, 4319356.343, 140
Trd, 4319356.543, 139
Trd, 4319356.793, 139
Trd, 4319356.993, 137
Trd, 4319358.993, 140
Trd, 4319359.943, 125
Trd, 4319360.443, 117
Trd, 4319361.293, 140
Trd, 4319362.343, 140
Trd, 4319362.443, 138
Trd, 4319363.493, 140
Trd, 4319363.793, 140
Trd, 4319363.893, 136
Trd, 4319364.993, 136
Trd, 4319366.293, 136
Trd, 4319366.643, 125
Trd, 4319366.693, 111
Trd, 4319366.993, 110
Trd, 4319367.293, 110
Trd, 4319368.343, 140
Trd, 4319369.443, 140
Trd, 4319369.543, 104
Trd, 4319371.643, 140
Trd, 4319372.093, 140
Trd, 4319372.243, 140
Trd, 4319372.693, 106
Trd, 4319373.743, 140
Trd, 4319373.943, 140
Trd, 4319374.793, 113
Trd, 4319375.643, 113
Trd, 4319377.193, 70
Trd, 4319377.643, 140
Trd, 4319378.393, 139
Trd, 4319378.593, 137
Trd, 4319379.343, 66
Trd, 4319379.543, 62
Trd, 4319380.843, 60
Trd, 4319381.693, 61
Trd, 4319382.893, 61
Trd, 4319383.093, 64
Trd, 4319384.193, 62
Trd, 4319384.643, 68
Trd, 4319385.343, 60
Trd, 4319385.893, 60
Trd, 4319386.493, 140
Trd, 4319387.493, 80
Trd, 4319389.293, 135
Trd, 4319389.593, 119
Trd, 4319389.693, 119
Trd, 4319390.843, 140
Trd, 4319390.893, 140
Trd, 4319391.693, 140
Trd, 4319391.893, 117
Trd, 4319392.793, 135
Trd, 4319393.743, 118
Trd, 4319394.243, 78
Trd, 4319394.443, 140
Trd, 4319395.793, 123
Trd, 4319395.843, 122
Trd, 4319396.143, 135
Trd, 4319397.043, 114
Trd, 4319398.743, 138
Trd, 4319399.243, 138
Trd, 4319400.493, 140
Trd, 4319401.793, 140
Trd, 4319401.993, 96
Trd, 4319403.043, 140
Trd, 4319403.793, 122
Trd, 4319404.993, 140
Trd, 4319405.343, 140
Trd, 4319405.693, 87
Trd, 4319406.393, 105
Trd, 4319406.943, 103
Trd, 4319406.993, 100
Trd, 4319407.743, 69
Trd, 4319408.143, 109
Trd, 4319408.943, 139
Trd, 4319410.143, 62
Trd, 4319410.693, 60
Trd, 4319410.793, 63
Trd, 4319411.643, 78
Trd, 4319411.843, 62
Trd, 4319412.943, 65
Trd, 4319413.743, 97
Trd, 4319414.043, 97
Trd, 4319414.343, 68
Trd, 4319415.843, 64
Trd, 4319417.643, 140
Trd, 4319417.993, 140
Trd, 4319419.043, 140
Trd, 4319419.093, 140
Trd, 4319419.443, 108
Trd, 4319419.493, 94
Trd, 4319421.043, 62
Trd, 4319421.493, 62
Trd, 4319422.343, 62
Trd, 4319423.043, 78
Trd, 4319424.143, 75
Trd, 4319424.643, 140
Trd, 4319425.993, 140
Trd, 4319426.293, 139
Trd, 4319426.743, 138
Trd, 4319427.343, 121
Trd, 4319428.093, 121
Trd, 4319428.243, 120
Trd, 4319428.693, 118
Trd, 4319429.043, 101
Trd, 4319430.193, 74
Trd, 4319430.443, 140
Trd, 4319431.893, 140
Trd, 4319432.443, 140
Trd, 4319433.693, 135
Trd, 4319434.243, 135
Trd, 4319434.993, 107
Trd, 4319435.243, 137
Trd, 4319435.593, 85
Trd, 4319436.143, 91
Trd, 4319437.193, 62
Trd, 4319437.393, 68
Trd, 4319437.743, 83
Trd, 4319437.943, 83
Trd, 4319438.093, 82
Trd, 4319440.593, 138
Trd, 4319441.893, 140
Trd, 4319442.743, 140
Trd, 4319443.593, 140
Trd, 4319444.293, 140
Trd, 4319444.543, 139
Trd, 4319444.993, 96
Trd, 4319445.093, 95
Trd, 4319445.693, 139
Trd, 4319445.743, 120
Trd, 4319445.893, 110
Trd, 4319446.093, 119
Trd, 4319446.943, 85
Trd, 4319450.493, 61
Trd, 4319450.843, 61
Trd, 4319451.843, 62
Trd, 4319452.493, 60
Trd, 4319452.543, 66
Trd, 4319453.093, 68
Trd, 4319453.493, 64
Trd, 4319453.793, 63
Trd, 4319454.843, 83
Trd, 4319456.743, 122
Trd, 4319456.943, 121
Trd, 4319457.193, 120
Trd, 4319457.293, 97
Trd, 4319458.493, 66
Trd, 4319460.093, 60
Trd, 4319461.843, 61
Trd, 4319462.643, 62
Trd, 4319462.943, 64
Trd, 4319464.043, 61
Trd, 4319465.493, 63
Trd, 4319465.593, 66
Trd, 4319466.093, 60
Trd, 4319466.493, 65
Trd, 4319467.393, 62
Trd, 4319469.043, 61
Trd, 4319469.893, 63
Trd, 4319470.543, 63
Trd, 4319470.593, 63
Trd, 4319471.243, 129
Trd, 4319471.393, 70
Trd, 4319471.893, 62
Trd, 4319472.993, 140
Trd, 4319473.143, 140
Trd, 4319474.093, 137
Trd, 4319475.143, 140
Trd, 4319476.693, 60
Trd, 4319477.293, 63
Trd, 4319477.393, 68
Trd, 4319477.593, 62
Trd, 4319478.693, 62
Trd, 4319479.743, 62
Trd, 4319480.093, 65
Trd, 4319480.543, 140
Trd, 4319480.893, 140
Trd, 4319481.943, 60
Trd, 4319482.243, 60
Trd, 4319482.893, 62
Trd, 4319484.743, 61
Trd, 4319484.993, 60
Trd, 4319485.143, 73
Trd, 4319486.143, 62
Trd, 4319486.493, 61
Trd, 4319486.693, 62
Trd, 4319487.043, 68
Trd, 4319487.293, 140
Trd, 4319487.943, 63
Trd, 4319488.643, 139
Trd, 4319489.943, 67
Trd, 4319490.443, 77
Trd, 4319490.593, 72
Trd, 4319491.443, 67
Trd, 4319491.893, 63
Trd, 4319493.543, 60
Trd, 4319493.593, 60
Trd, 4319493.643, 64
Trd, 4319495.693, 140
Trd, 4319495.743, 140
Trd, 4319495.943, 139
Trd, 4319496.593, 98
Trd, 4319496.943, 139
Trd, 4319498.643, 140
Trd, 4319499.493, 140
Trd, 4319499.593, 139
Trd, 4319500.093, 140
Trd, 4319500.193, 140
Trd, 4319500.793, 139
Trd, 4319501.393, 116
Trd, 4319501.493, 89
Trd, 4319502.793, 64
Trd, 4319504.093, 60
Trd, 4319504.393, 61
Trd, 4319505.793, 60
Trd, 4319507.493, 61
Trd, 4319507.943, 140
Trd, 4319508.043, 140
Trd, 4319508.193, 133
Trd, 4319508.493, 65
Trd, 4319509.593, 99
Trd, 4319510.243, 107
Trd, 4319510.293, 79
Trd, 4319511.843, 140
Trd, 4319512.893, 140
Trd, 4319513.193, 140
Trd, 4319513.493, 138
Trd, 4319516.393, 140
Trd, 4319516.493, 140
Trd, 4319517.193, 117
Trd, 4319517.393, 116
Trd, 4319517.593, 135
Trd, 4319517.793, 68
Trd, 4319518.693, 140
Trd, 4319518.993, 119
Trd, 4319520.393, 140
Trd, 4319521.693, 140
Trd, 4319521.943, 140
Trd, 4319521.993, 140
Trd, 4319523.893, 140
Trd, 4319524.043, 140
Trd, 4319524.493, 140
Trd, 4319524.643, 140
Trd, 4319524.693, 117
Trd, 4319524.943, 113
Trd, 4319526.093, 138
Trd, 4319527.293, 102
Trd, 4319528.543, 138
Trd, 4319528.693, 137
Trd, 4319529.093, 124
Trd, 4319529.793, 114
Trd, 4319529.993, 92
Trd, 4319530.443, 139
Trd, 4319531.743, 140
Trd, 4319531.843, 125
Trd, 4319533.543, 140
Trd, 4319534.343, 112
Trd, 4319535.193, 99
Trd, 4319535.593, 99
Trd, 4319535.643, 98
Trd, 4319535.693, 97
Trd, 4319536.793, 66
Trd, 4319538.693, 140
Trd, 4319539.843, 140
Trd, 4319540.143, 140
Trd, 4319540.293, 140
Trd, 4319541.493, 133
Trd, 4319541.593, 114
Trd, 4319542.043, 140
Trd, 4319542.793, 140
Trd, 4319543.143, 99
Trd, 4319545.093, 60
Trd, 4319545.693, 62
Trd, 4319546.343, 63
Trd, 4319547.043, 60
Trd, 4319547.893, 61
Trd, 4319548.393, 62
Trd, 4319548.493, 64
Trd, 4319549.593, 60
Trd, 4319550.043, 61
Trd, 4319550.743, 68
Trd, 4319551.193, 63
Trd, 4319551.893, 133
Trd, 4319552.393, 64
Trd, 4319553.393, 140
Trd, 4319553.743, 140
Trd, 4319553.793, 140
Trd, 4319554.543, 140
Trd, 4319554.793, 66
Trd, 4319555.693, 95
Trd, 4319556.943, 140
Trd, 4319557.593, 87
Trd, 4319557.993, 69
Trd, 4319558.743, 140
Trd, 4319560.693, 140
Trd, 4319561.043, 140
Trd, 4319561.193, 139
Trd, 4319562.493, 140
Trd, 4319562.843, 137
Trd, 4319564.193, 140
Trd, 4319564.643, 140
Trd, 4319565.193, 139
Trd, 4319565.843, 140
Trd, 4319566.743, 139
Trd, 4319566.893, 138
Trd, 4319567.593, 140
Trd, 4319567.993, 109
Trd, 4319569.193, 136
Trd, 4319569.293, 91
Trd, 4319569.843, 81
Trd, 4319571.743, 140
Trd, 4319572.093, 140
Trd, 4319572.843, 139
Trd, 4319573.293, 140
Trd, 4319573.993, 140
Trd, 4319575.843, 139
Trd, 4319575.943, 139
Trd, 4319575.993, 137
Trd, 4319576.543, 124
Trd, 4319576.993, 110
Trd, 4319577.743, 68
Trd, 4319579.543, 140
Trd, 4319579.743, 140
Trd, 4319580.343, 132
Trd, 4319580.543, 105
Trd, 4319581.293, 86
Trd, 4319582.493, 137
Trd, 4319582.843, 106
Trd, 4319583.043, 139
Trd, 4319583.743, 140
Trd, 4319584.143, 140
Trd, 4319584.193, 105
Trd, 4319585.193, 122
Trd, 4319587.293, 140
Trd, 4319587.843, 140
Trd, 4319588.393, 140
Trd, 4319589.243, 140
Trd, 4319589.693, 140
Trd, 4319591.243, 140
Trd, 4319591.493, 140
Trd, 4319591.543, 112
Trd, 4319592.093, 126
Trd, 4319594.043, 140
Trd, 4319594.093, 138
Trd, 4319594.393, 140
Trd, 4319594.793, 115
Trd, 4319595.143, 99
Trd, 4319596.743, 88
Trd, 4319597.393, 140
Trd, 4319598.693, 139
Trd, 4319599.193, 140
Trd, 4319599.293, 139
Trd, 4319599.343, 134
Trd, 4319599.393, 104
Trd, 4319599.593, 73
Trd, 4319601.143, 140
Trd, 4319602.293, 140
Trd, 4319603.543, 140
Trd, 4319603.643, 140
Trd, 4319605.643, 140
Trd, 4319606.093, 140
Trd, 4319606.693, 140
Trd, 4319606.993, 140
Trd, 4319607.143, 140
Trd, 4319607.743, 139
Trd, 4319607.893, 114
Trd, 4319608.493, 100
Trd, 4319609.243, 125
Trd, 4319610.293, 130
Trd, 4319611.193, 61
Trd, 4319611.293, 69
Trd, 4319612.593, 60
Trd, 4319612.693, 65
Trd, 4319614.143, 69
Trd, 4319614.193, 62
Trd, 4319614.493, 140
Trd, 4319615.243, 100
Trd, 4319616.393, 127
Trd, 4319617.143, 139
Trd, 4319617.543, 103
Trd, 4319618.293, 111
Trd, 4319618.343, 110
Trd, 4319618.643, 109
Trd, 4319618.793, 109
Trd, 4319619.743, 140
Trd, 4319619.993, 140
Trd, 4319620.793, 140
Trd, 4319620.943, 83
Trd, 4319623.293, 74
Trd, 4319623.443, 71
Trd, 4319624.343, 138
Trd, 4319624.493, 138
Trd, 4319624.643, 120
Trd, 4319625.293, 115
Trd, 4319626.693, 140
Trd, 4319626.743, 140
Trd, 4319627.193, 140
Trd, 4319627.693, 133
Trd, 4319628.843, 120
Trd, 4319629.443, 81
Trd, 4319629.743, 140
Trd, 4319631.293, 123
Trd, 4319631.693, 139
Trd, 4319632.443, 140
Trd, 4319633.793, 140
Trd, 4319633.843, 140
Trd, 4319633.893, 110
Trd, 4319634.843, 140
Trd, 4319635.943, 140
Trd, 4319636.093, 133
Trd, 4319636.643, 111
Trd, 4319636.993, 99
Trd, 4319637.543, 63
Trd, 4319638.693, 120
Trd, 4319638.743, 119
Trd, 4319639.493, 139
Trd, 4319640.243, 140
Trd, 4319640.343, 138
Trd, 4319640.393, 70
Trd, 4319640.643, 60
Trd, 4319641.843, 103
Trd, 4319642.143, 102
Trd, 4319643.293, 140
Trd, 4319644.343, 140
Trd, 4319644.393, 140
Trd, 4319645.743, 140
Trd, 4319646.943, 138
Trd, 4319647.193, 127
Trd, 4319647.443, 115
Trd, 4319647.943, 140
Trd, 4319647.993, 100
Trd, 4319648.643, 95
Trd, 4319650.443, 63
Trd, 4319651.193, 60
Trd, 4319651.693, 63
Trd, 4319652.543, 60
Trd, 4319653.093, 63
Trd, 4319653.943, 127
Trd, 4319654.043, 109
Trd, 4319654.343, 60
Trd, 4319654.793, 64
Trd, 4319655.143, 63
Trd, 4319655.943, 61
Trd, 4319656.643, 62
Trd, 4319657.793, 110
Trd, 4319658.093, 140
Trd, 4319658.443, 140
Trd, 4319659.593, 69
Trd, 4319659.943, 69
Trd, 4319660.393, 68
Trd, 4319660.643, 130
Trd, 4319661.243, 91
Trd, 4319661.843, 131
Trd, 4319662.193, 73
Trd, 4319662.543, 61
Trd, 4319663.843, 60
Trd, 4319664.343, 101
Trd, 4319665.693, 60
Trd, 4319666.593, 60
Trd, 4319666.843, 60
Trd, 4319667.643, 73
Trd, 4319668.943, 60
Trd, 4319669.943, 61
Trd, 4319670.593, 64
Trd, 4319671.093, 136
Trd, 4319671.343, 135
Trd, 4319672.043, 134
Trd, 4319672.143, 133
Trd, 4319672.443, 140
Trd, 4319672.843, 140
Trd, 4319673.793, 140
Trd, 4319673.943, 140
Trd, 4319674.843, 118
Trd, 4319675.693, 108
Trd, 4319675.743, 106
Trd, 4319675.893, 96
Trd, 4319678.243, 139
Trd, 4319678.393, 138
Trd, 4319678.643, 136
Trd, 4319678.943, 94
Trd, 4319679.593, 91
Trd, 4319680.443, 140
Trd, 4319681.293, 140
Trd, 4319681.493, 140
Trd, 4319681.793, 140
Trd, 4319682.943, 140
Trd, 4319683.543, 110
Trd, 4319683.843, 87
Trd, 4319684.493, 140
Trd, 4319684.843, 86
Trd, 4319685.693, 60
Trd, 4319685.793, 62
Trd, 4319687.043, 133
Trd, 4319688.293, 70
Trd, 4319689.743, 63
Trd, 4319690.093, 63
Trd, 4319692.343, 60
Trd, 4319692.843, 62
Trd, 4319693.193, 63
Trd, 4319693.343, 62
Trd, 4319693.643, 61
Trd, 4319694.293, 61
Trd, 4319694.593, 61
Trd, 4319695.143, 136
Trd, 4319695.343, 62
Trd, 4319695.843, 140
Trd, 4319696.093, 138
Trd, 4319696.893, 60
Trd, 4319698.793, 60
Trd, 4319699.543, 61
Trd, 4319700.493, 61
Trd, 4319701.493, 60
Trd, 4319701.543, 64
Trd, 4319701.943, 107
Trd, 4319703.543, 60
Trd, 4319703.793, 62
Trd, 4319704.093, 61
Trd, 4319704.243, 63
Trd, 4319705.343, 137
Trd, 4319706.393, 140
Trd, 4319706.443, 137
Trd, 4319706.993, 140
Trd, 4319708.943, 126
Trd, 4319709.043, 125
Trd, 4319709.543, 120
Trd, 4319709.843, 99
Trd, 4319710.393, 60
Trd, 4319711.293, 89
Trd, 4319712.993, 74
Trd, 4319713.493, 140
Trd, 4319714.043, 127
Trd, 4319714.393, 126
Trd, 4319714.643, 101
Trd, 4319715.493, 85
Trd, 4319716.493, 63
Trd, 4319716.693, 67
Trd, 4319717.993, 60
Trd, 4319718.093, 62
Trd, 4319718.143, 89
Trd, 4319719.143, 140
Trd, 4319719.343, 139
Trd, 4319719.643, 107
Trd, 4319720.893, 139
Trd, 4319721.043, 100
Trd, 4319721.843, 139
Trd, 4319721.993, 116
Trd, 4319722.293, 140
Trd, 4319723.643, 73
Trd, 4319724.993, 139
Trd, 4319725.543, 76
Trd, 4319726.143, 77
Trd, 4319726.843, 140
Trd, 4319727.493, 140
Trd, 4319728.243, 140
Trd, 4319728.993, 140
Trd, 4319729.693, 95
Trd, 4319730.943, 140
Trd, 4319731.393, 139
Trd, 4319731.693, 120
Trd, 4319732.593, 61
Trd, 4319733.043, 64
Trd, 4319733.093, 74
Trd, 4319733.743, 139
Trd, 4319734.693, 140
Trd, 4319736.243, 140
Trd, 4319736.593, 140
Trd, 4319736.893, 138
Trd, 4319737.893, 100
Trd, 4319738.093, 73
Trd, 4319738.643, 72
Trd, 4319739.243, 137
Trd, 4319740.893, 139
Trd, 4319741.443, 113
Trd, 4319741.593, 125
Trd, 4319742.143, 72
Trd, 4319743.343, 61
Trd, 4319743.743, 62
Trd, 4319744.093, 60
Trd, 4319744.843, 60
Trd, 4319745.393, 62
Trd, 4319745.993, 61
Trd, 4319746.643, 79
Trd, 4319747.243, 122
Trd, 4319749.293, 138
Trd, 4319749.493, 124
Trd, 4319749.543, 123
Trd, 4319749.893, 133
Trd, 4319750.093, 135
Trd, 4319750.543, 120
Trd, 4319751.643, 108
Trd, 4319751.843, 140
Trd, 4319752.893, 98
Trd, 4319752.943, 65
Trd, 4319754.693, 133
Trd, 4319755.143, 140
Trd, 4319756.293, 140
Trd, 4319756.793, 140
Trd, 4319757.393, 140
Trd, 4319757.593, 140
Trd, 4319758.243, 140
Trd, 4319758.293, 139
Trd, 4319759.793, 97
Trd, 4319759.893, 84
Trd, 4319762.193, 63
Trd, 4319762.493, 127
Trd, 4319763.493, 139
Trd, 4319764.193, 136
Trd, 4319764.293, 136
Trd, 4319765.293, 139
Trd, 4319765.343, 139
Trd, 4319765.443, 106
Trd, 4319765.693, 102
Trd, 4319766.143, 98
Trd, 4319767.143, 67
Trd, 4319767.793, 60
Trd, 4319767.943, 63
Trd, 4319768.843, 63
Trd, 4319769.043, 62
Trd, 4319769.493, 63
Trd, 4319770.643, 68
Trd, 4319771.193, 94
Trd, 4319771.393, 135
Trd, 4319771.743, 111
Trd, 4319774.093, 60
Trd, 4319774.393, 61
Trd, 4319775.343, 63
Trd, 4319775.693, 65
Trd, 4319776.293, 64
Trd, 4319776.443, 134
Trd, 4319777.393, 116
Trd, 4319778.293, 60
Trd, 4319778.493, 60
Trd, 4319779.143, 62
Trd, 4319779.693, 61
Trd, 4319779.893, 70
Trd, 4319780.993, 65
Trd, 4319781.343, 62
Trd, 4319781.493, 109
Trd, 4319782.493, 65
Trd, 4319783.493, 140
Trd, 4319784.043, 140
Trd, 4319784.443, 140
Trd, 4319784.943, 140
Trd, 4319785.293, 108
Trd, 4319786.693, 128
Trd, 4319787.193, 110
Trd, 4319787.943, 97
Trd, 4319788.093, 96
Trd, 4319788.543, 84
Trd, 4319789.043, 63
Trd, 4319791.093, 140
Trd, 4319791.593, 139
Trd, 4319791.793, 138
Trd, 4319793.393, 120
Trd, 4319793.643, 133
Trd, 4319794.043, 133
Trd, 4319795.143, 100
Trd, 4319795.193, 99
Trd, 4319795.843, 139
Trd, 4319795.943, 102
Trd, 4319796.193, 61
Trd, 4319797.243, 140
Trd, 4319797.743, 140
Trd, 4319797.893, 140
Trd, 4319798.543, 61
Trd, 4319799.943, 68
Trd, 4319800.693, 70
Trd, 4319800.743, 100
Trd, 4319801.493, 60
Trd, 4319801.643, 67
Trd, 4319802.893, 61
Trd, 4319803.993, 61
Trd, 4319804.543, 60
Trd, 4319804.943, 71
Trd, 4319805.493, 127
Trd, 4319806.043, 138
Trd, 4319806.093, 66
Trd, 4319807.043, 139
Trd, 4319807.393, 69
Trd, 4319808.593, 140
Trd, 4319809.643, 140
Trd, 4319810.743, 140
Trd, 4319810.993, 140
Trd, 4319811.093, 140
Trd, 4319811.643, 123
Trd, 4319812.293, 107
Trd, 4319813.043, 61
Trd, 4319813.193, 134
Trd, 4319814.593, 60
Trd, 4319815.193, 61
Trd, 4319816.093, 66
Trd, 4319817.193, 64
Trd, 4319817.293, 80
Trd, 4319817.543, 123
Trd, 4319817.643, 78
Trd, 4319818.593, 140
Trd, 4319819.043, 140
Trd, 4319819.143, 139
Trd, 4319820.393, 140
Trd, 4319821.443, 140
Trd, 4319821.743, 140
Trd, 4319822.093, 140
Trd, 4319822.843, 126
Trd, 4319822.893, 103
Trd, 4319823.593, 112
Trd, 4319824.193, 82
Trd, 4319824.293, 81
Trd, 4319824.343, 77
Trd, 4319826.143, 136
Trd, 4319826.193, 62
Trd, 4319826.993, 65
Trd, 4319828.593, 140
Trd, 4319829.393, 139
Trd, 4319829.943, 138
Trd, 4319830.943, 122
Trd, 4319831.193, 140
Trd, 4319831.943, 140
Trd, 4319831.993, 140
Trd, 4319832.043, 120
Trd, 4319833.143, 63
Trd, 4319833.593, 61
Trd, 4319834.193, 98
Trd, 4319835.243, 63
Trd, 4319836.643, 64
Trd, 4319837.143, 65
Trd, 4319837.543, 67
Trd, 4319837.743, 65
Trd, 4319838.993, 140
Trd, 4319840.243, 140
Trd, 4319840.693, 140
Trd, 4319841.743, 140
Trd, 4319841.793, 140
Trd, 4319842.843, 140
Trd, 4319843.243, 127
Trd, 4319843.343, 87
Trd, 4319844.093, 140
Trd, 4319844.643, 140
Trd, 4319844.943, 73
Trd, 4319845.943, 60
Trd, 4319846.193, 74
Trd, 4319846.593, 61
Trd, 4319847.693, 62
Trd, 4319848.143, 140
Trd, 4319848.293, 140
Trd, 4319849.743, 140
Trd, 4319850.543, 60
Trd, 4319850.743, 73
Trd, 4319852.193, 140
Trd, 4319852.543, 140
Trd, 4319853.193, 139
Trd, 4319854.043, 140
Trd, 4319854.343, 140
Trd, 4319854.643, 117
Trd, 4319855.643, 140
Trd, 4319855.993, 140
Trd, 4319856.543, 140
Trd, 4319857.743, 140
Trd, 4319858.043, 139
Trd, 4319858.743, 139
Trd, 4319858.893, 120
Trd, 4319858.993, 113
Trd, 4319859.643, 108
Trd, 4319860.443, 68
Trd, 4319861.043, 60
Trd, 4319862.693, 62
Trd, 4319862.743, 74
Trd, 4319862.793, 93
Trd, 4319863.743, 139
Trd, 4319863.793, 138
Trd, 4319864.443, 61
Trd, 4319864.543, 60
Trd, 4319865.493, 140
Trd, 4319866.393, 140
Trd, 4319869.693, 140
Trd, 4319869.843, 140
Trd, 4319869.893, 136
Trd, 4319870.643, 119
Trd, 4319871.143, 103
Trd, 4319871.743, 100
Trd, 4319871.843, 98
Trd, 4319871.943, 114
Trd, 4319872.193, 140
Trd, 4319873.143, 88
Trd, 4319873.543, 60
Trd, 4319876.993, 61
Trd, 4319877.043, 62
Trd, 4319877.293, 62
Trd, 4319877.843, 60
Trd, 4319877.893, 63
Trd, 4319878.243, 69
Trd, 4319879.143, 140
Trd, 4319879.843, 138
Trd, 4319879.943, 126
Trd, 4319880.693, 64
Trd, 4319880.843, 71
Trd, 4319881.893, 69
Trd, 4319882.393, 68
Trd, 4319882.993, 140
Trd, 4319883.243, 79
Trd, 4319883.593, 66
Trd, 4319885.143, 140
Trd, 4319885.993, 138
Trd, 4319886.993, 140
Trd, 4319887.693, 139
Trd, 4319887.793, 114
Trd, 4319888.293, 72
Trd, 4319889.393, 86
Trd, 4319889.943, 65
Trd, 4319890.193, 138
Trd, 4319892.293, 139
Trd, 4319892.993, 140
Trd, 4319893.043, 140
Trd, 4319893.943, 95
Trd, 4319894.043, 140
Trd, 4319894.943, 104
Trd, 4319895.393, 117
Trd, 4319895.843, 64
Trd, 4319896.043, 66
Trd, 4319897.643, 61
Trd, 4319898.793, 60
Trd, 4319899.493, 66
Trd, 4319900.043, 72
Trd, 4319900.193, 70
Trd, 4319901.043, 62
Trd, 4319902.043, 67
Trd, 4319902.943, 133
Trd, 4319903.093, 67
Trd, 4319903.193, 108
Trd, 4319903.493, 68
Trd, 4319904.593, 67
Trd, 4319905.343, 138
Trd, 4319906.243, 100
Trd, 4319906.393, 98
Trd, 4319906.443, 77
Trd, 4319906.593, 72
Trd, 4319908.443, 138
Trd, 4319909.043, 66
Trd, 4319910.043, 60
Trd, 4319910.393, 138
Trd, 4319911.393, 64
Trd, 4319911.893, 72
Trd, 4319912.893, 61
Trd, 4319913.493, 68
Trd, 4319915.543, 68
Trd, 4319916.193, 140
Trd, 4319916.293, 139
Trd, 4319916.743, 132
Trd, 4319916.843, 131
Trd, 4319917.793, 109
Trd, 4319918.843, 138
Trd, 4319918.993, 137
Trd, 4319919.643, 114
Trd, 4319920.393, 96
Trd, 4319921.493, 60
Trd, 4319922.743, 60
Trd, 4319922.793, 66
Trd, 4319922.993, 69
Trd, 4319923.443, 124
Trd, 4319923.743, 69
Trd, 4319925.693, 140
Trd, 4319925.793, 140
Trd, 4319926.043, 140
Trd, 4319927.543, 140
Trd, 4319927.593, 140
Trd, 4319928.343, 140
Trd, 4319928.993, 140
Trd, 4319929.693, 133
Trd, 4319929.993, 102
Trd, 4319930.493, 79
Trd, 4319931.293, 140
Trd, 4319932.093, 61
Trd, 4319932.843, 111
Trd, 4319934.193, 111
Trd, 4319935.243, 102
Trd, 4319935.443, 96
Trd, 4319935.943, 61
Trd, 4319936.493, 61
Trd, 4319936.643, 62
Trd, 4319938.243, 137
Trd, 4319938.693, 138
Trd, 4319939.693, 139
Trd, 4319939.743, 112
Trd, 4319939.843, 111
Trd, 4319941.093, 140
Trd, 4319941.743, 112
Trd, 4319942.393, 124
Trd, 4319943.193, 96
Trd, 4319943.393, 98
Trd, 4319943.743, 71
Trd, 4319944.493, 139
Trd, 4319945.893, 138
Trd, 4319946.393, 139
Trd, 4319947.393, 69
Trd, 4319948.293, 140
Trd, 4319948.493, 140
Trd, 4319948.993, 131
Trd, 4319949.843, 108
Trd, 4319950.043, 81
Trd, 4319950.393, 65
Trd, 4319951.443, 64
Trd, 4319952.593, 62
Trd, 4319953.193, 139
Trd, 4319954.693, 63
Trd, 4319955.943, 140
Trd, 4319956.193, 140
Trd, 4319956.393, 97
Trd, 4319956.993, 117
Trd, 4319957.693, 72
Trd, 4319957.943, 123
Trd, 4319958.293, 137
Trd, 4319958.493, 100
Trd, 4319959.293, 80
Trd, 4319960.393, 78
Trd, 4319960.793, 91
Trd, 4319961.093, 86
Trd, 4319961.143, 85
Trd, 4319961.293, 77
Trd, 4319963.043, 92
Trd, 4319963.893, 74
Trd, 4319964.193, 73
Trd, 4319964.293, 61
Trd, 4319964.493, 139
Trd, 4319965.893, 65
Trd, 4319966.293, 65
Trd, 4319967.343, 140
Trd, 4319968.243, 70
Trd, 4319968.393, 65
Trd, 4319969.193, 69
Trd, 4319969.293, 73
Trd, 4319970.643, 93
Trd, 4319971.093, 62
Trd, 4319971.443, 61
Trd, 4319972.643, 140
Trd, 4319972.893, 139
Trd, 4319973.993, 140
Trd, 4319974.093, 140
Trd, 4319974.643, 140
Trd, 4319974.993, 113
Trd, 4319975.793, 91
Trd, 4319977.593, 140
Trd, 4319977.643, 140
Trd, 4319977.793, 139
Trd, 4319977.943, 101
Trd, 4319978.693, 100
Trd, 4319978.743, 90
Trd, 4319980.193, 140
Trd, 4319980.743, 60
Trd, 4319982.343, 64
Trd, 4319982.793, 64
Trd, 4319983.493, 108
Trd, 4319983.943, 106
Trd, 4319984.943, 140
Trd, 4319985.093, 140
Trd, 4319985.693, 140
Trd, 4319986.043, 139
Trd, 4319987.593, 140
Trd, 4319988.543, 140
Trd, 4319989.393, 140
Trd, 4319989.543, 140
Trd, 4319990.293, 140
Trd, 4319990.343, 138
Trd, 4319990.843, 118
Trd, 4319991.143, 110
Trd, 4319992.493, 85
Trd, 4319992.693, 80
Trd, 4319993.443, 117
Trd, 4319993.993, 139
Trd, 4319994.693, 140
Trd, 4319995.793, 94
Trd, 4319996.593, 93
Trd, 4319996.693, 74
Trd, 4319997.193, 107
Trd, 4319999.093, 140
Trd, 4319999.693, 140
