Trd, 4318081.143, 136
Trd, 4318081.993, 117
Trd, 4318082.193, 108
Trd, 4318082.993, 107
Trd, 4318083.793, 125
Trd, 4318085.893, 110
Trd, 4318086.493, 106
Trd, 4318086.943, 103
Trd, 4318087.843, 93
Trd, 4318088.193, 138
Trd, 4318088.343, 120
Trd, 4318088.943, 135
Trd, 4318089.393, 98
Trd, 4318091.293, 120
Trd, 4318091.493, 127
Trd, 4318091.893, 133
Trd, 4318092.493, 104
Trd, 4318093.693, 113
Trd, 4318094.643, 98
Trd, 4318094.893, 97
Trd, 4318095.493, 132
Trd, 4318095.893, 86
Trd, 4318096.893, 124
Trd, 4318097.193, 136
Trd, 4318097.893, 133
Trd, 4318098.193, 110
Trd, 4318100.043, 108
Trd, 4318100.343, 106
Trd, 4318100.893, 138
Trd, 4318101.293, 136
Trd, 4318101.443, 135
Trd, 4318102.543, 130
Trd, 4318104.293, 118
Trd, 4318104.443, 113
Trd, 4318105.093, 106
Trd, 4318105.193, 119
Trd, 4318106.193, 63
Trd, 4318106.293, 76
Trd, 4318107.543, 114
Trd, 4318107.743, 112
Trd, 4318109.093, 118
Trd, 4318109.693, 73
Trd, 4318110.993, 121
Trd, 4318113.043, 134
Trd, 4318113.843, 137
Trd, 4318115.493, 136
Trd, 4318115.943, 115
Trd, 4318116.393, 102
Trd, 4318116.793, 68
Trd, 4318117.443, 63
Trd, 4318117.743, 81
Trd, 4318118.193, 78
Trd, 4318118.693, 82
Trd, 4318120.443, 117
Trd, 4318121.043, 89
Trd, 4318121.693, 132
Trd, 4318122.593, 89
Trd, 4318123.593, 87
Trd, 4318125.243, 110
Trd, 4318125.393, 107
Trd, 4318125.893, 104
Trd, 4318126.543, 108
Trd, 4318128.143, 99
Trd, 4318128.893, 97
Trd, 4318129.243, 137
Trd, 4318130.693, 124
Trd, 4318131.243, 125
Trd, 4318131.493, 114
Trd, 4318131.593, 106
Trd, 4318131.993, 91
Trd, 4318133.793, 112
Trd, 4318134.043, 105
Trd, 4318134.493, 85
Trd, 4318135.193, 111
Trd, 4318137.143, 96
Trd, 4318137.793, 93
Trd, 4318139.493, 91
Trd, 4318139.743, 108
Trd, 4318140.443, 132
Trd, 4318141.343, 102
Trd, 4318142.043, 113
Trd, 4318142.793, 96
Trd, 4318143.693, 89
Trd, 4318144.193, 118
Trd, 4318145.943, 126
Trd, 4318146.393, 114
Trd, 4318147.693, 99
Trd, 4318148.943, 108
Trd, 4318149.093, 92
Trd, 4318149.143, 93
Trd, 4318149.393, 114
Trd, 4318149.543, 77
Trd, 4318149.793, 78
Trd, 4318150.993, 127
Trd, 4318151.143, 108
Trd, 4318151.393, 123
Trd, 4318152.143, 114
Trd, 4318154.443, 77
Trd, 4318154.543, 73
Trd, 4318154.693, 64
Trd, 4318155.893, 86
Trd, 4318156.393, 86
Trd, 4318156.743, 84
Trd, 4318156.793, 108
Trd, 4318158.593, 62
Trd, 4318159.193, 84
Trd, 4318159.543, 87
Trd, 4318159.593, 108
Trd, 4318161.143, 97
Trd, 4318161.543, 114
Trd, 4318163.093, 129
Trd, 4318163.693, 111
Trd, 4318165.393, 101
Trd, 4318165.793, 109
Trd, 4318167.843, 117
Trd, 4318168.593, 106
Trd, 4318169.543, 139
Trd, 4318169.943, 130
Trd, 4318170.043, 126
Trd, 4318170.243, 99
Trd, 4318171.693, 105
Trd, 4318171.743, 100
Trd, 4318172.343, 138
Trd, 4318172.643, 135
Trd, 4318174.193, 97
Trd, 4318174.343, 101
Trd, 4318174.843, 108
Trd, 4318176.293, 103
Trd, 4318176.643, 92
Trd, 4318176.943, 104
Trd, 4318177.043, 87
Trd, 4318178.243, 83
Trd, 4318178.343, 91
Trd, 4318180.043, 125
Trd, 4318180.793, 128
Trd, 4318181.593, 136
Trd, 4318182.643, 125
Trd, 4318183.343, 121
Trd, 4318183.643, 127
Trd, 4318185.593, 125
Trd, 4318186.843, 130
Trd, 4318186.893, 123
Trd, 4318187.043, 133
Trd, 4318187.193, 120
Trd, 4318187.793, 115
Trd, 4318187.893, 105
Trd, 4318189.993, 118
Trd, 4318190.693, 101
Trd, 4318191.743, 121
Trd, 4318192.243, 114
Trd, 4318193.043, 103
Trd, 4318194.893, 139
Trd, 4318195.143, 123
Trd, 4318196.193, 104
Trd, 4318196.993, 127
Trd, 4318197.843, 135
Trd, 4318198.093, 126
Trd, 4318198.243, 124
Trd, 4318199.693, 115
Trd, 4318200.893, 112
Trd, 4318201.693, 108
Trd, 4318203.543, 138
Trd, 4318203.643, 108
Trd, 4318203.743, 89
Trd, 4318204.493, 97
Trd, 4318205.243, 63
Trd, 4318205.343, 66
Trd, 4318208.593, 118
Trd, 4318208.843, 116
Trd, 4318209.743, 102
Trd, 4318210.143, 112
Trd, 4318210.793, 97
Trd, 4318210.993, 116
Trd, 4318211.243, 95
Trd, 4318212.243, 127
Trd, 4318213.943, 118
Trd, 4318214.143, 118
Trd, 4318215.243, 117
Trd, 4318216.093, 96
Trd, 4318217.093, 97
Trd, 4318217.143, 105
Trd, 4318218.043, 118
Trd, 4318219.693, 104
Trd, 4318219.993, 99
Trd, 4318222.843, 139
Trd, 4318222.893, 136
Trd, 4318223.493, 118
Trd, 4318223.993, 138
Trd, 4318224.993, 109
Trd, 4318225.393, 101
Trd, 4318226.493, 112
Trd, 4318227.193, 128
Trd, 4318228.443, 110
Trd, 4318228.693, 96
Trd, 4318229.643, 116
Trd, 4318230.343, 103
Trd, 4318230.993, 92
Trd, 4318231.993, 92
Trd, 4318232.643, 90
Trd, 4318233.093, 114
Trd, 4318233.193, 81
Trd, 4318233.793, 125
Trd, 4318234.743, 136
Trd, 4318236.643, 122
Trd, 4318236.743, 120
Trd, 4318236.843, 117
Trd, 4318238.993, 140
Trd, 4318239.143, 130
Trd, 4318241.693, 130
Trd, 4318241.793, 125
Trd, 4318241.843, 123
Trd, 4318242.043, 116
Trd, 4318242.493, 114
Trd, 4318244.593, 124
Trd, 4318245.393, 75
Trd, 4318246.643, 137
Trd, 4318248.443, 131
Trd, 4318249.193, 118
Trd, 4318250.293, 139
Trd, 4318250.693, 118
Trd, 4318250.793, 114
Trd, 4318251.243, 132
Trd, 4318252.593, 96
Trd, 4318253.143, 99
Trd, 4318254.843, 94
Trd, 4318255.043, 127
Trd, 4318256.543, 92
Trd, 4318256.643, 116
Trd, 4318256.943, 88
Trd, 4318257.093, 86
Trd, 4318257.193, 89
Trd, 4318257.493, 63
Trd, 4318257.743, 135
Trd, 4318260.093, 100
Trd, 4318261.543, 73
Trd, 4318261.593, 120
Trd, 4318262.393, 121
Trd, 4318263.093, 119
Trd, 4318263.293, 115
Trd, 4318264.393, 99
Trd, 4318265.093, 83
Trd, 4318267.243, 108
Trd, 4318267.593, 99
Trd, 4318268.043, 107
Trd, 4318269.343, 135
Trd, 4318269.493, 128
Trd, 4318269.743, 124
Trd, 4318270.493, 106
Trd, 4318270.543, 104
Trd, 4318271.893, 76
Trd, 4318274.543, 104
Trd, 4318276.143, 140
Trd, 4318276.193, 136
Trd, 4318276.543, 129
Trd, 4318276.943, 137
Trd, 4318277.543, 118
Trd, 4318278.443, 109
Trd, 4318278.793, 103
Trd, 4318279.343, 129
Trd, 4318279.393, 101
Trd, 4318279.443, 99
Trd, 4318281.943, 140
Trd, 4318282.043, 128
Trd, 4318282.143, 124
Trd, 4318282.343, 92
Trd, 4318283.293, 90
Trd, 4318283.843, 89
Trd, 4318284.293, 91
Trd, 4318284.493, 121
Trd, 4318285.043, 87
Trd, 4318287.043, 132
Trd, 4318288.093, 133
Trd, 4318288.443, 126
Trd, 4318289.443, 123
Trd, 4318290.293, 113
Trd, 4318290.893, 113
Trd, 4318291.743, 119
Trd, 4318293.043, 116
Trd, 4318293.243, 88
Trd, 4318294.193, 140
Trd, 4318294.743, 129
Trd, 4318294.893, 120
Trd, 4318295.343, 111
Trd, 4318296.193, 113
Trd, 4318296.593, 138
Trd, 4318296.893, 116
Trd, 4318297.643, 106
Trd, 4318297.793, 102
Trd, 4318299.643, 117
Trd, 4318300.743, 111
Trd, 4318300.943, 97
Trd, 4318301.943, 113
Trd, 4318302.793, 140
Trd, 4318302.843, 110
Trd, 4318303.543, 78
Trd, 4318303.993, 121
Trd, 4318304.143, 104
Trd, 4318306.243, 82
Trd, 4318306.343, 78
Trd, 4318307.143, 67
Trd, 4318307.393, 68
Trd, 4318308.893, 122
Trd, 4318309.293, 130
Trd, 4318310.243, 124
Trd, 4318312.443, 126
Trd, 4318313.993, 114
Trd, 4318314.443, 118
Trd, 4318314.693, 127
Trd, 4318315.543, 114
Trd, 4318315.593, 114
Trd, 4318316.193, 137
Trd, 4318317.493, 122
Trd, 4318317.993, 125
Trd, 4318319.193, 128
Trd, 4318319.543, 100
Trd, 4318320.043, 106
Trd, 4318320.593, 84
Trd, 4318320.643, 84
Trd, 4318320.693, 121
Trd, 4318322.593, 122
Trd, 4318323.393, 74
Trd, 4318323.993, 137
Trd, 4318324.093, 122
Trd, 4318325.293, 105
Trd, 4318325.893, 88
Trd, 4318327.093, 139
Trd, 4318327.943, 134
Trd, 4318328.043, 131
Trd, 4318328.843, 128
Trd, 4318329.643, 120
Trd, 4318329.893, 119
Trd, 4318330.143, 70
Trd, 4318331.243, 138
Trd, 4318332.143, 124
Trd, 4318333.443, 112
Trd, 4318333.593, 109
Trd, 4318333.993, 123
Trd, 4318335.393, 122
Trd, 4318336.243, 112
Trd, 4318337.043, 128
Trd, 4318338.143, 110
Trd, 4318338.993, 109
Trd, 4318339.993, 128
Trd, 4318340.743, 104
Trd, 4318340.793, 99
Trd, 4318341.243, 136
Trd, 4318341.943, 97
Trd, 4318344.643, 67
Trd, 4318344.693, 73
Trd, 4318345.343, 133
Trd, 4318346.543, 137
Trd, 4318347.393, 131
Trd, 4318348.593, 125
Trd, 4318348.643, 123
Trd, 4318349.043, 115
Trd, 4318349.643, 110
Trd, 4318350.393, 103
Trd, 4318350.543, 95
Trd, 4318350.593, 65
Trd, 4318351.193, 77
Trd, 4318353.043, 132
Trd, 4318353.293, 125
Trd, 4318354.543, 134
Trd, 4318354.943, 128
Trd, 4318356.093, 107
Trd, 4318357.793, 121
Trd, 4318357.843, 119
Trd, 4318358.243, 114
Trd, 4318359.793, 62
Trd, 4318360.193, 112
Trd, 4318360.543, 66
Trd, 4318360.843, 114
Trd, 4318361.393, 88
Trd, 4318363.043, 82
Trd, 4318363.793, 94
Trd, 4318364.493, 84
Trd, 4318364.743, 84
Trd, 4318366.943, 125
Trd, 4318367.243, 121
Trd, 4318368.193, 102
Trd, 4318368.243, 103
Trd, 4318369.143, 134
Trd, 4318370.793, 132
Trd, 4318371.593, 99
Trd, 4318372.693, 118
Trd, 4318373.693, 138
Trd, 4318374.243, 131
Trd, 4318374.293, 121
Trd, 4318374.543, 121
Trd, 4318374.893, 95
Trd, 4318375.643, 96
Trd, 4318376.793, 114
Trd, 4318377.243, 135
Trd, 4318378.793, 114
Trd, 4318379.693, 81
Trd, 4318380.543, 90
Trd, 4318382.093, 105
Trd, 4318382.193, 103
Trd, 4318382.793, 97
Trd, 4318383.393, 139
Trd, 4318383.693, 121
Trd, 4318384.543, 114
Trd, 4318384.643, 108
Trd, 4318385.043, 129
Trd, 4318385.693, 104
Trd, 4318385.943, 88
Trd, 4318388.043, 105
Trd, 4318388.143, 98
Trd, 4318389.393, 113
Trd, 4318389.543, 104
Trd, 4318390.493, 83
Trd, 4318390.793, 96
Trd, 4318391.393, 119
Trd, 4318392.693, 101
Trd, 4318393.643, 100
Trd, 4318394.393, 98
Trd, 4318395.393, 78
Trd, 4318395.843, 68
Trd, 4318395.943, 69
Trd, 4318397.893, 64
Trd, 4318398.343, 82
Trd, 4318398.643, 128
Trd, 4318399.843, 76
Trd, 4318401.843, 92
Trd, 4318402.543, 79
Trd, 4318403.193, 112
Trd, 4318403.843, 128
Trd, 4318406.043, 119
Trd, 4318407.343, 108
Trd, 4318407.843, 132
Trd, 4318408.193, 100
Trd, 4318408.343, 96
Trd, 4318408.493, 114
Trd, 4318409.543, 88
Trd, 4318409.743, 93
Trd, 4318410.193, 82
Trd, 4318411.943, 78
Trd, 4318412.193, 116
Trd, 4318414.543, 116
Trd, 4318416.343, 130
Trd, 4318416.393, 127
Trd, 4318416.543, 123
Trd, 4318418.493, 133
Trd, 4318418.543, 120
Trd, 4318418.793, 106
Trd, 4318419.043, 93
Trd, 4318419.643, 85
Trd, 4318419.843, 76
Trd, 4318420.093, 73
Trd, 4318421.443, 75
Trd, 4318422.493, 67
Trd, 4318424.093, 134
Trd, 4318424.393, 123
Trd, 4318425.193, 118
Trd, 4318425.243, 116
Trd, 4318425.743, 103
Trd, 4318428.293, 131
Trd, 4318428.693, 137
Trd, 4318429.093, 129
Trd, 4318431.043, 115
Trd, 4318431.243, 104
Trd, 4318433.193, 127
Trd, 4318433.793, 122
Trd, 4318434.143, 117
Trd, 4318434.393, 81
Trd, 4318435.043, 134
Trd, 4318435.193, 118
Trd, 4318436.443, 128
Trd, 4318438.043, 136
Trd, 4318438.193, 125
Trd, 4318438.493, 117
Trd, 4318440.493, 111
Trd, 4318441.393, 135
Trd, 4318442.093, 122
Trd, 4318442.143, 86
Trd, 4318442.993, 80
Trd, 4318444.493, 79
Trd, 4318444.793, 68
Trd, 4318445.443, 116
Trd, 4318446.793, 105
Trd, 4318447.793, 137
Trd, 4318448.393, 93
Trd, 4318449.493, 89
Trd, 4318449.593, 86
Trd, 4318450.343, 79
Trd, 4318450.943, 81
Trd, 4318451.693, 90
Trd, 4318451.843, 69
Trd, 4318452.993, 68
Trd, 4318453.943, 125
Trd, 4318454.293, 123
Trd, 4318454.993, 71
Trd, 4318456.343, 89
Trd, 4318456.743, 109
Trd, 4318457.293, 88
Trd, 4318457.793, 121
Trd, 4318458.093, 119
Trd, 4318458.593, 115
Trd, 4318459.893, 78
Trd, 4318460.893, 71
Trd, 4318461.443, 102
Trd, 4318462.143, 78
Trd, 4318463.193, 83
Trd, 4318464.393, 61
Trd, 4318465.343, 134
Trd, 4318465.493, 120
Trd, 4318467.143, 119
Trd, 4318467.343, 110
Trd, 4318467.893, 136
Trd, 4318468.643, 96
Trd, 4318469.693, 94
Trd, 4318470.043, 94
Trd, 4318470.593, 94
Trd, 4318470.793, 123
Trd, 4318471.393, 91
Trd, 4318472.743, 118
Trd, 4318473.043, 112
Trd, 4318473.493, 107
Trd, 4318474.143, 103
Trd, 4318474.693, 102
Trd, 4318475.393, 133
Trd, 4318477.693, 121
Trd, 4318477.743, 114
Trd, 4318477.843, 96
Trd, 4318479.243, 102
Trd, 4318479.393, 127
Trd, 4318480.393, 125
Trd, 4318481.493, 112
Trd, 4318482.243, 108
Trd, 4318483.843, 100
Trd, 4318484.443, 100
Trd, 4318484.643, 134
Trd, 4318484.793, 97
Trd, 4318485.843, 113
Trd, 4318486.693, 80
Trd, 4318488.343, 86
Trd, 4318490.343, 79
Trd, 4318490.643, 78
Trd, 4318491.043, 86
Trd, 4318492.043, 134
Trd, 4318492.943, 134
Trd, 4318494.143, 116
Trd, 4318494.293, 104
Trd, 4318494.343, 102
Trd, 4318494.593, 116
Trd, 4318494.893, 102
Trd, 4318495.293, 80
Trd, 4318496.143, 99
Trd, 4318497.843, 65
Trd, 4318499.243, 79
Trd, 4318499.493, 82
Trd, 4318501.243, 103
Trd, 4318502.143, 112
Trd, 4318503.593, 75
Trd, 4318503.743, 92
Trd, 4318504.393, 70
Trd, 4318504.943, 87
Trd, 4318506.743, 77
Trd, 4318507.393, 104
Trd, 4318508.493, 136
Trd, 4318508.993, 130
Trd, 4318509.043, 84
Trd, 4318509.143, 75
Trd, 4318511.293, 133
Trd, 4318511.593, 122
Trd, 4318511.743, 119
Trd, 4318512.493, 114
Trd, 4318512.593, 114
Trd, 4318514.543, 123
Trd, 4318514.793, 92
Trd, 4318515.693, 96
Trd, 4318516.493, 127
Trd, 4318516.793, 120
Trd, 4318518.443, 129
Trd, 4318518.943, 140
Trd, 4318519.393, 136
Trd, 4318519.893, 123
Trd, 4318521.993, 99
Trd, 4318522.543, 95
Trd, 4318523.443, 99
Trd, 4318525.193, 117
Trd, 4318525.243, 111
Trd, 4318525.493, 105
Trd, 4318525.543, 104
Trd, 4318527.643, 140
Trd, 4318528.843, 136
Trd, 4318530.293, 122
Trd, 4318531.043, 134
Trd, 4318531.593, 137
Trd, 4318532.043, 117
Trd, 4318532.793, 100
Trd, 4318533.193, 72
Trd, 4318534.293, 96
Trd, 4318534.543, 121
Trd, 4318534.743, 131
Trd, 4318535.543, 99
Trd, 4318536.543, 106
Trd, 4318537.143, 129
Trd, 4318538.843, 115
Trd, 4318539.293, 113
Trd, 4318539.893, 113
Trd, 4318540.843, 87
Trd, 4318540.893, 80
Trd, 4318541.493, 122
Trd, 4318541.593, 115
Trd, 4318544.043, 125
Trd, 4318544.343, 97
Trd, 4318544.393, 95
Trd, 4318544.593, 107
Trd, 4318546.343, 84
Trd, 4318547.343, 95
Trd, 4318547.593, 91
Trd, 4318547.893, 85
Trd, 4318550.193, 139
Trd, 4318550.443, 136
Trd, 4318551.493, 103
Trd, 4318552.093, 109
Trd, 4318553.293, 136
Trd, 4318554.143, 125
Trd, 4318554.293, 123
Trd, 4318556.143, 120
Trd, 4318556.443, 138
Trd, 4318556.843, 127
Trd, 4318557.743, 97
Trd, 4318558.543, 96
Trd, 4318558.643, 85
Trd, 4318558.793, 76
Trd, 4318560.543, 89
Trd, 4318560.793, 97
Trd, 4318561.043, 113
Trd, 4318561.943, 106
Trd, 4318562.793, 128
Trd, 4318563.493, 94
Trd, 4318563.943, 99
Trd, 4318564.843, 103
Trd, 4318565.093, 71
Trd, 4318567.593, 112
Trd, 4318568.043, 113
Trd, 4318569.043, 72
Trd, 4318569.143, 73
Trd, 4318571.793, 103
Trd, 4318571.893, 74
Trd, 4318572.593, 73
Trd, 4318573.443, 88
Trd, 4318574.193, 76
Trd, 4318574.993, 136
Trd, 4318576.993, 75
Trd, 4318577.093, 86
Trd, 4318577.493, 139
Trd, 4318578.193, 106
Trd, 4318580.843, 116
Trd, 4318580.943, 109
Trd, 4318581.193, 105
Trd, 4318581.693, 119
Trd, 4318582.243, 125
Trd, 4318582.593, 110
Trd, 4318582.643, 130
Trd, 4318582.993, 101
Trd, 4318583.643, 97
Trd, 4318583.943, 89
Trd, 4318586.393, 104
Trd, 4318586.743, 118
Trd, 4318587.193, 66
Trd, 4318587.693, 107
Trd, 4318587.893, 98
Trd, 4318588.443, 108
Trd, 4318588.593, 119
Trd, 4318589.443, 108
Trd, 4318590.593, 109
Trd, 4318590.643, 109
Trd, 4318591.243, 107
Trd, 4318592.493, 99
Trd, 4318593.693, 95
Trd, 4318594.593, 93
Trd, 4318594.993, 89
Trd, 4318596.743, 140
Trd, 4318597.043, 138
Trd, 4318598.093, 136
Trd, 4318598.493, 131
Trd, 4318598.593, 122
Trd, 4318598.843, 118
Trd, 4318599.143, 124
Trd, 4318599.793, 97
Trd, 4318600.743, 135
Trd, 4318600.793, 128
Trd, 4318600.943, 97
Trd, 4318603.793, 135
Trd, 4318603.843, 117
Trd, 4318604.993, 120
Trd, 4318606.093, 121
Trd, 4318606.643, 116
Trd, 4318607.843, 109
Trd, 4318607.943, 108
Trd, 4318608.943, 106
Trd, 4318609.343, 95
Trd, 4318610.393, 82
Trd, 4318610.593, 122
Trd, 4318611.193, 139
Trd, 4318611.993, 139
Trd, 4318614.043, 118
Trd, 4318615.343, 125
Trd, 4318616.193, 111
Trd, 4318616.343, 109
Trd, 4318617.393, 120
Trd, 4318617.443, 110
Trd, 4318617.493, 104
Trd, 4318620.293, 68
Trd, 4318621.443, 64
Trd, 4318621.543, 83
Trd, 4318621.793, 87
Trd, 4318622.493, 91
Trd, 4318622.593, 97
Trd, 4318624.393, 125
Trd, 4318625.943, 100
Trd, 4318626.943, 81
Trd, 4318628.543, 125
Trd, 4318628.593, 136
Trd, 4318629.093, 132
Trd, 4318630.493, 130
Trd, 4318631.943, 124
Trd, 4318632.993, 120
Trd, 4318634.343, 112
Trd, 4318635.443, 111
Trd, 4318635.593, 114
Trd, 4318635.893, 107
Trd, 4318636.543, 124
Trd, 4318637.343, 97
Trd, 4318637.543, 91
Trd, 4318638.543, 134
Trd, 4318640.443, 131
Trd, 4318640.843, 118
Trd, 4318642.143, 139
Trd, 4318642.393, 128
Trd, 4318643.543, 111
Trd, 4318644.843, 105
Trd, 4318644.993, 116
Trd, 4318645.543, 119
Trd, 4318646.193, 125
Trd, 4318646.993, 125
Trd, 4318647.143, 115
Trd, 4318648.843, 131
Trd, 4318650.693, 94
Trd, 4318650.943, 89
Trd, 4318651.193, 134
Trd, 4318651.443, 122
Trd, 4318651.593, 96
Trd, 4318652.193, 95
Trd, 4318653.943, 90
Trd, 4318654.243, 116
Trd, 4318654.493, 97
Trd, 4318654.843, 126
Trd, 4318655.393, 109
Trd, 4318657.693, 70
Trd, 4318657.993, 80
Trd, 4318658.293, 72
Trd, 4318658.943, 93
Trd, 4318659.743, 74
Trd, 4318660.843, 82
Trd, 4318660.993, 80
Trd, 4318661.693, 136
Trd, 4318662.643, 136
Trd, 4318662.893, 135
Trd, 4318663.993, 77
Trd, 4318664.743, 90
Trd, 4318664.993, 74
Trd, 4318666.793, 97
Trd, 4318667.443, 87
Trd, 4318667.943, 79
Trd, 4318667.993, 98
Trd, 4318669.243, 137
Trd, 4318671.643, 104
Trd, 4318671.943, 107
Trd, 4318672.043, 103
Trd, 4318673.093, 136
Trd, 4318673.243, 135
Trd, 4318673.893, 98
Trd, 4318674.793, 104
Trd, 4318675.643, 102
Trd, 4318676.543, 135
Trd, 4318678.543, 109
Trd, 4318679.893, 135
Trd, 4318679.943, 124
Trd, 4318680.593, 98
Trd, 4318681.193, 124
Trd, 4318682.293, 130
Trd, 4318684.043, 115
Trd, 4318685.093, 97
Trd, 4318685.943, 133
Trd, 4318686.493, 123
Trd, 4318686.593, 113
Trd, 4318687.193, 99
Trd, 4318687.493, 121
Trd, 4318687.943, 119
Trd, 4318689.243, 98
Trd, 4318690.393, 120
Trd, 4318691.093, 95
Trd, 4318691.243, 94
Trd, 4318691.743, 98
Trd, 4318692.643, 65
Trd, 4318695.843, 105
Trd, 4318697.093, 85
Trd, 4318697.193, 81
Trd, 4318700.043, 138
Trd, 4318700.093, 112
Trd, 4318700.343, 88
Trd, 4318700.893, 139
Trd, 4318700.993, 97
Trd, 4318702.393, 79
Trd, 4318702.743, 82
Trd, 4318703.693, 127
Trd, 4318704.093, 77
Trd, 4318704.543, 84
Trd, 4318705.493, 86
Trd, 4318706.043, 92
Trd, 4318708.293, 64
Trd, 4318708.693, 122
Trd, 4318708.843, 108
Trd, 4318709.093, 92
Trd, 4318710.093, 138
Trd, 4318711.493, 139
Trd, 4318712.293, 133
Trd, 4318712.543, 131
Trd, 4318713.193, 125
Trd, 4318714.293, 113
Trd, 4318714.593, 138
Trd, 4318715.493, 127
Trd, 4318715.893, 134
Trd, 4318718.243, 128
Trd, 4318718.843, 116
Trd, 4318719.593, 93
Trd, 4318720.043, 89
Trd, 4318720.593, 106
Trd, 4318721.043, 74
Trd, 4318721.793, 130
Trd, 4318722.843, 86
Trd, 4318723.043, 135
Trd, 4318723.993, 105
Trd, 4318724.643, 98
Trd, 4318724.793, 97
Trd, 4318725.743, 117
Trd, 4318726.893, 97
Trd, 4318727.643, 137
Trd, 4318727.993, 126
Trd, 4318728.193, 112
Trd, 4318728.993, 102
Trd, 4318730.293, 88
Trd, 4318731.243, 139
Trd, 4318731.843, 138
Trd, 4318733.643, 126
Trd, 4318733.893, 121
Trd, 4318734.393, 117
Trd, 4318734.693, 98
Trd, 4318735.193, 108
Trd, 4318738.993, 135
Trd, 4318739.043, 132
Trd, 4318739.493, 126
Trd, 4318739.793, 111
Trd, 4318740.343, 128
Trd, 4318741.743, 90
Trd, 4318741.793, 93
Trd, 4318742.093, 89
Trd, 4318743.143, 117
Trd, 4318743.193, 113
Trd, 4318743.443, 87
Trd, 4318744.693, 83
Trd, 4318745.443, 76
Trd, 4318745.893, 85
Trd, 4318747.593, 119
Trd, 4318749.443, 119
Trd, 4318749.843, 110
Trd, 4318750.443, 77
Trd, 4318750.693, 92
Trd, 4318750.943, 135
Trd, 4318752.543, 136
Trd, 4318753.943, 130
Trd, 4318754.193, 125
Trd, 4318754.743, 121
Trd, 4318754.993, 116
Trd, 4318756.043, 112
Trd, 4318756.343, 115
Trd, 4318757.543, 98
Trd, 4318758.093, 96
Trd, 4318758.143, 92
Trd, 4318759.893, 82
Trd, 4318760.793, 113
Trd, 4318761.393, 75
Trd, 4318762.243, 126
Trd, 4318762.943, 95
Trd, 4318764.393, 71
Trd, 4318764.543, 72
Trd, 4318765.993, 82
Trd, 4318766.743, 124
Trd, 4318767.493, 79
Trd, 4318769.593, 134
Trd, 4318769.643, 122
Trd, 4318770.093, 102
Trd, 4318770.543, 89
Trd, 4318770.843, 87
Trd, 4318771.043, 81
Trd, 4318771.243, 126
Trd, 4318773.243, 139
Trd, 4318773.643, 124
Trd, 4318774.293, 117
Trd, 4318774.443, 108
Trd, 4318775.543, 135
Trd, 4318775.793, 119
Trd, 4318776.393, 116
Trd, 4318776.793, 122
Trd, 4318779.343, 69
Trd, 4318779.443, 76
Trd, 4318781.143, 103
Trd, 4318782.443, 82
Trd, 4318782.543, 102
Trd, 4318783.093, 82
Trd, 4318783.443, 81
Trd, 4318784.243, 105
Trd, 4318785.393, 120
Trd, 4318786.343, 80
Trd, 4318786.743, 133
Trd, 4318787.843, 78
Trd, 4318788.793, 127
Trd, 4318788.893, 118
Trd, 4318789.943, 131
Trd, 4318790.843, 120
Trd, 4318791.093, 112
Trd, 4318791.293, 96
Trd, 4318792.393, 93
Trd, 4318794.293, 83
Trd, 4318794.643, 81
Trd, 4318796.293, 129
Trd, 4318796.593, 127
Trd, 4318796.693, 123
Trd, 4318797.643, 112
Trd, 4318797.793, 111
Trd, 4318798.293, 88
Trd, 4318800.043, 124
Trd, 4318800.793, 127
Trd, 4318800.943, 118
Trd, 4318802.593, 136
Trd, 4318802.893, 133
Trd, 4318803.793, 98
Trd, 4318803.993, 117
Trd, 4318804.293, 68
Trd, 4318804.343, 69
Trd, 4318805.043, 60
Trd, 4318805.343, 90
Trd, 4318806.843, 72
Trd, 4318807.393, 75
Trd, 4318808.843, 77
Trd, 4318809.893, 70
Trd, 4318810.243, 70
Trd, 4318810.443, 84
Trd, 4318810.893, 124
Trd, 4318812.393, 79
Trd, 4318812.993, 140
Trd, 4318813.143, 131
Trd, 4318815.093, 84
Trd, 4318815.393, 97
Trd, 4318816.843, 102
Trd, 4318817.193, 135
Trd, 4318817.543, 133
Trd, 4318817.943, 120
Trd, 4318818.243, 110
Trd, 4318818.693, 137
Trd, 4318819.143, 134
Trd, 4318819.643, 102
Trd, 4318820.843, 121
Trd, 4318822.043, 122
Trd, 4318822.393, 132
Trd, 4318823.693, 117
Trd, 4318825.843, 138
Trd, 4318827.743, 113
Trd, 4318827.843, 110
Trd, 4318828.093, 106
Trd, 4318828.443, 110
Trd, 4318828.643, 100
Trd, 4318829.393, 69
Trd, 4318829.743, 101
Trd, 4318832.393, 134
Trd, 4318832.443, 131
Trd, 4318832.543, 124
Trd, 4318833.543, 118
Trd, 4318833.993, 113
Trd, 4318834.643, 75
Trd, 4318835.343, 134
Trd, 4318836.293, 124
Trd, 4318837.743, 121
Trd, 4318839.243, 99
Trd, 4318839.993, 123
Trd, 4318840.893, 95
Trd, 4318840.993, 96
Trd, 4318842.693, 133
Trd, 4318844.593, 122
Trd, 4318845.293, 121
Trd, 4318846.243, 138
Trd, 4318846.343, 117
Trd, 4318846.393, 108
Trd, 4318846.893, 87
Trd, 4318847.693, 122
Trd, 4318848.993, 108
Trd, 4318849.393, 76
Trd, 4318851.093, 103
Trd, 4318851.993, 93
Trd, 4318852.243, 115
Trd, 4318853.793, 130
Trd, 4318854.543, 130
Trd, 4318854.943, 102
Trd, 4318855.793, 100
Trd, 4318855.843, 91
Trd, 4318855.943, 91
Trd, 4318856.293, 132
Trd, 4318857.493, 137
Trd, 4318858.393, 88
Trd, 4318858.593, 107
Trd, 4318859.193, 85
Trd, 4318861.143, 112
Trd, 4318861.943, 106
Trd, 4318862.043, 104
Trd, 4318862.443, 113
Trd, 4318862.643, 131
Trd, 4318863.493, 129
Trd, 4318864.093, 78
Trd, 4318866.043, 132
Trd, 4318866.243, 122
Trd, 4318868.443, 137
Trd, 4318868.843, 134
Trd, 4318869.143, 123
Trd, 4318869.843, 104
Trd, 4318870.543, 81
Trd, 4318871.493, 89
Trd, 4318872.393, 78
Trd, 4318872.443, 78
Trd, 4318873.243, 94
Trd, 4318873.643, 95
Trd, 4318874.143, 91
Trd, 4318875.293, 79
Trd, 4318876.443, 81
Trd, 4318876.693, 82
Trd, 4318877.093, 133
Trd, 4318878.243, 139
Trd, 4318878.543, 140
Trd, 4318879.193, 119
Trd, 4318880.493, 140
Trd, 4318881.693, 105
Trd, 4318882.993, 121
Trd, 4318883.543, 114
Trd, 4318884.393, 127
Trd, 4318884.493, 109
Trd, 4318886.143, 137
Trd, 4318888.193, 127
Trd, 4318888.643, 125
Trd, 4318888.943, 128
Trd, 4318889.293, 122
Trd, 4318890.243, 133
Trd, 4318890.543, 127
Trd, 4318891.143, 117
Trd, 4318891.593, 140
Trd, 4318891.693, 128
Trd, 4318892.193, 111
Trd, 4318892.743, 116
Trd, 4318893.143, 94
Trd, 4318893.293, 81
Trd, 4318894.493, 66
Trd, 4318896.743, 126
Trd, 4318896.793, 124
Trd, 4318896.843, 124
Trd, 4318897.893, 106
Trd, 4318899.743, 96
Trd, 4318901.093, 98
Trd, 4318901.393, 137
Trd, 4318901.843, 118
Trd, 4318902.743, 93
Trd, 4318903.193, 115
Trd, 4318904.093, 91
Trd, 4318904.743, 103
Trd, 4318905.993, 95
Trd, 4318908.493, 122
Trd, 4318910.143, 113
Trd, 4318911.093, 108
Trd, 4318911.193, 102
Trd, 4318911.343, 102
Trd, 4318911.493, 122
Trd, 4318912.293, 100
Trd, 4318912.593, 138
Trd, 4318913.543, 128
Trd, 4318913.793, 140
Trd, 4318914.393, 126
Trd, 4318914.643, 116
Trd, 4318915.893, 92
Trd, 4318916.393, 98
Trd, 4318916.793, 88
Trd, 4318917.743, 84
Trd, 4318919.543, 64
Trd, 4318921.093, 68
Trd, 4318921.143, 124
Trd, 4318921.943, 137
Trd, 4318922.793, 78
Trd, 4318923.193, 84
Trd, 4318925.193, 111
Trd, 4318925.843, 130
Trd, 4318926.443, 95
Trd, 4318927.993, 119
Trd, 4318928.143, 90
Trd, 4318928.543, 88
Trd, 4318929.643, 107
Trd, 4318929.793, 83
Trd, 4318930.093, 79
Trd, 4318931.143, 73
Trd, 4318931.743, 81
Trd, 4318933.093, 67
Trd, 4318933.243, 90
Trd, 4318934.393, 84
Trd, 4318934.693, 136
Trd, 4318935.793, 92
Trd, 4318937.743, 128
Trd, 4318937.893, 132
Trd, 4318939.143, 139
Trd, 4318940.543, 126
Trd, 4318940.943, 139
Trd, 4318941.693, 138
Trd, 4318941.743, 135
Trd, 4318942.743, 106
Trd, 4318945.293, 129
Trd, 4318946.143, 120
Trd, 4318946.343, 111
Trd, 4318949.143, 126
Trd, 4318949.193, 124
Trd, 4318949.243, 123
Trd, 4318949.593, 120
Trd, 4318950.643, 129
Trd, 4318950.693, 128
Trd, 4318950.793, 111
Trd, 4318951.493, 106
Trd, 4318951.893, 104
Trd, 4318953.543, 72
Trd, 4318953.843, 113
Trd, 4318955.043, 80
Trd, 4318956.293, 87
Trd, 4318957.243, 82
Trd, 4318958.793, 115
Trd, 4318958.893, 108
Trd, 4318959.893, 113
Trd, 4318960.143, 106
Trd, 4318960.543, 119
Trd, 4318960.643, 110
Trd, 4318961.143, 117
Trd, 4318961.543, 97
Trd, 4318961.943, 113
Trd, 4318962.293, 139
Trd, 4318964.293, 125
Trd, 4318965.743, 87
Trd, 4318965.843, 86
Trd, 4318966.193, 122
Trd, 4318966.443, 73
Trd, 4318967.393, 118
Trd, 4318968.893, 114
Trd, 4318969.043, 108
Trd, 4318971.093, 136
Trd, 4318971.393, 135
Trd, 4318971.593, 126
Trd, 4318971.643, 99
Trd, 4318973.793, 129
Trd, 4318974.193, 132
Trd, 4318974.943, 120
Trd, 4318976.993, 122
Trd, 4318977.493, 112
Trd, 4318977.593, 109
Trd, 4318978.143, 93
Trd, 4318980.143, 94
Trd, 4318980.443, 91
Trd, 4318980.643, 94
Trd, 4318980.943, 125
Trd, 4318982.393, 87
Trd, 4318982.893, 104
Trd, 4318983.093, 98
Trd, 4318984.443, 104
Trd, 4318984.643, 86
Trd, 4318984.743, 85
Trd, 4318986.643, 138
Trd, 4318986.693, 107
Trd, 4318987.343, 117
Trd, 4318987.743, 117
Trd, 4318987.843, 111
Trd, 4318988.143, 78
Trd, 4318990.993, 137
Trd, 4318992.393, 134
Trd, 4318993.393, 116
Trd, 4318994.393, 135
Trd, 4318994.593, 126
Trd, 4318995.143, 122
Trd, 4318995.543, 87
Trd, 4318996.043, 115
Trd, 4318997.443, 134
Trd, 4318997.943, 140
Trd, 4318999.943, 113
Trd, 4319001.093, 106
Trd, 4319001.843, 92
Trd, 4319002.643, 108
Trd, 4319002.993, 106
Trd, 4319003.593, 108
Trd, 4319004.443, 101
Trd, 4319005.493, 79
Trd, 4319006.243, 136
Trd, 4319006.943, 124
Trd, 4319008.043, 134
Trd, 4319008.143, 128
Trd, 4319008.543, 118
Trd, 4319008.843, 120
Trd, 4319009.093, 117
Trd, 4319011.443, 90
Trd, 4319011.793, 136
Trd, 4319012.043, 86
Trd, 4319012.793, 62
Trd, 4319013.793, 76
Trd, 4319014.993, 83
Trd, 4319015.493, 93
Trd, 4319016.543, 73
Trd, 4319017.993, 98
Trd, 4319018.143, 110
Trd, 4319019.493, 86
Trd, 4319020.293, 110
Trd, 4319020.593, 81
Trd, 4319020.943, 109
Trd, 4319021.893, 60
Trd, 4319021.943, 100
Trd, 4319023.393, 78
Trd, 4319023.693, 79
Trd, 4319023.793, 89
Trd, 4319025.143, 79
Trd, 4319026.893, 140
Trd, 4319027.193, 136
Trd, 4319027.993, 117
Trd, 4319028.393, 105
Trd, 4319028.693, 101
Trd, 4319029.143, 126
Trd, 4319029.643, 109
Trd, 4319029.693, 100
Trd, 4319031.543, 68
Trd, 4319032.643, 73
Trd, 4319032.793, 79
Trd, 4319033.493, 96
Trd, 4319033.743, 122
Trd, 4319033.893, 77
Trd, 4319034.743, 89
Trd, 4319035.693, 89
Trd, 4319037.893, 137
Trd, 4319038.243, 126
Trd, 4319038.793, 124
Trd, 4319039.243, 82
Trd, 4319041.743, 134
Trd, 4319042.443, 131
Trd, 4319042.643, 120
Trd, 4319043.343, 80
Trd, 4319043.593, 103
Trd, 4319043.843, 75
Trd, 4319045.593, 103
Trd, 4319046.743, 89
Trd, 4319046.893, 115
Trd, 4319047.543, 92
Trd, 4319048.543, 77
Trd, 4319048.743, 77
Trd, 4319049.543, 83
Trd, 4319051.193, 119
Trd, 4319051.743, 107
Trd, 4319051.943, 96
Trd, 4319052.443, 114
Trd, 4319053.693, 102
Trd, 4319055.543, 135
Trd, 4319055.643, 134
Trd, 4319056.543, 112
Trd, 4319057.443, 138
Trd, 4319057.743, 103
Trd, 4319058.893, 102
Trd, 4319061.343, 127
Trd, 4319061.543, 118
Trd, 4319061.743, 116
Trd, 4319062.243, 102
Trd, 4319062.643, 126
Trd, 4319064.143, 114
Trd, 4319064.343, 112
Trd, 4319065.043, 109
Trd, 4319065.443, 95
Trd, 4319065.643, 102
Trd, 4319065.693, 105
Trd, 4319066.943, 99
Trd, 4319067.593, 126
Trd, 4319068.493, 96
Trd, 4319068.793, 78
Trd, 4319069.143, 130
Trd, 4319069.243, 75
Trd, 4319069.343, 133
Trd, 4319071.943, 73
Trd, 4319073.043, 81
Trd, 4319074.693, 84
Trd, 4319075.993, 84
Trd, 4319076.043, 132
Trd, 4319076.643, 132
Trd, 4319077.843, 108
Trd, 4319078.193, 75
Trd, 4319078.793, 75
Trd, 4319079.043, 113
Trd, 4319080.043, 68
Trd, 4319080.393, 116
Trd, 4319080.693, 105
Trd, 4319081.443, 93
Trd, 4319083.993, 119
Trd, 4319084.243, 92
Trd, 4319085.593, 130
Trd, 4319086.443, 121
Trd, 4319086.743, 125
Trd, 4319086.943, 106
Trd, 4319087.093, 101
Trd, 4319088.243, 117
Trd, 4319089.993, 85
Trd, 4319090.293, 67
Trd, 4319091.593, 93
Trd, 4319091.793, 74
Trd, 4319092.693, 109
Trd, 4319093.993, 137
Trd, 4319094.043, 129
Trd, 4319094.293, 105
Trd, 4319094.943, 98
Trd, 4319096.043, 95
Trd, 4319097.793, 99
Trd, 4319098.143, 104
Trd, 4319098.543, 130
Trd, 4319099.043, 101
Trd, 4319099.493, 139
Trd, 4319100.143, 112
Trd, 4319100.593, 112
Trd, 4319100.793, 77
Trd, 4319101.693, 113
Trd, 4319102.993, 82
Trd, 4319103.343, 74
Trd, 4319103.543, 133
Trd, 4319104.243, 71
Trd, 4319105.343, 93
Trd, 4319105.393, 90
Trd, 4319107.493, 86
Trd, 4319107.543, 104
Trd, 4319108.093, 88
Trd, 4319108.543, 102
Trd, 4319109.343, 138
Trd, 4319109.693, 122
Trd, 4319111.393, 81
Trd, 4319112.493, 129
Trd, 4319113.493, 115
Trd, 4319114.043, 108
Trd, 4319114.693, 117
Trd, 4319115.243, 105
Trd, 4319116.693, 97
Trd, 4319116.893, 100
Trd, 4319117.993, 115
Trd, 4319119.393, 131
Trd, 4319119.593, 122
Trd, 4319119.693, 123
Trd, 4319119.993, 98
Trd, 4319121.493, 136
Trd, 4319121.993, 127
Trd, 4319122.343, 121
Trd, 4319122.693, 114
Trd, 4319122.943, 140
Trd, 4319123.093, 111
Trd, 4319125.093, 139
Trd, 4319126.893, 108
Trd, 4319126.943, 106
Trd, 4319127.493, 125
Trd, 4319128.043, 103
Trd, 4319128.693, 76
Trd, 4319128.943, 80
Trd, 4319129.343, 63
Trd, 4319129.993, 85
Trd, 4319131.693, 133
Trd, 4319132.943, 136
Trd, 4319133.293, 123
Trd, 4319133.943, 113
Trd, 4319134.293, 111
Trd, 4319135.143, 80
Trd, 4319136.493, 138
Trd, 4319136.693, 131
Trd, 4319136.843, 127
Trd, 4319137.043, 121
Trd, 4319138.043, 129
Trd, 4319138.493, 110
Trd, 4319141.293, 132
Trd, 4319141.393, 131
Trd, 4319142.093, 129
Trd, 4319142.193, 121
Trd, 4319142.343, 97
Trd, 4319142.693, 115
Trd, 4319144.743, 122
Trd, 4319145.943, 114
Trd, 4319147.793, 117
Trd, 4319148.693, 123
Trd, 4319149.443, 117
Trd, 4319149.543, 115
Trd, 4319149.693, 107
Trd, 4319151.343, 133
Trd, 4319151.993, 115
Trd, 4319152.143, 108
Trd, 4319152.793, 107
Trd, 4319153.493, 124
Trd, 4319153.593, 97
Trd, 4319154.543, 84
Trd, 4319154.893, 80
Trd, 4319156.293, 91
Trd, 4319156.793, 97
Trd, 4319157.293, 114
Trd, 4319158.343, 110
Trd, 4319159.593, 121
Trd, 4319162.593, 115
Trd, 4319162.893, 104
Trd, 4319163.793, 89
Trd, 4319164.693, 99
Trd, 4319165.843, 100
Trd, 4319165.893, 95
Trd, 4319167.193, 140
Trd, 4319167.393, 88
Trd, 4319167.543, 88
Trd, 4319167.843, 95
Trd, 4319168.043, 119
Trd, 4319168.343, 74
Trd, 4319168.943, 70
Trd, 4319172.093, 82
Trd, 4319172.743, 95
Trd, 4319173.043, 101
Trd, 4319173.643, 103
Trd, 4319173.743, 110
Trd, 4319173.993, 102
Trd, 4319174.343, 72
Trd, 4319176.693, 113
Trd, 4319177.893, 138
Trd, 4319177.943, 126
Trd, 4319179.143, 136
Trd, 4319179.343, 133
Trd, 4319180.343, 140
Trd, 4319180.543, 134
Trd, 4319181.693, 95
Trd, 4319181.743, 91
Trd, 4319183.293, 87
Trd, 4319183.843, 91
Trd, 4319185.293, 140
Trd, 4319185.743, 139
Trd, 4319186.243, 117
Trd, 4319186.993, 103
Trd, 4319188.343, 110
Trd, 4319188.693, 114
Trd, 4319189.243, 127
Trd, 4319189.843, 107
Trd, 4319190.093, 102
Trd, 4319190.543, 109
Trd, 4319192.443, 82
Trd, 4319192.893, 122
Trd, 4319193.243, 78
Trd, 4319194.043, 113
Trd, 4319194.543, 112
Trd, 4319194.593, 112
Trd, 4319195.893, 121
Trd, 4319198.293, 114
Trd, 4319199.043, 82
Trd, 4319199.193, 80
Trd, 4319199.743, 87
Trd, 4319199.993, 128
Trd, 4319200.893, 96
Trd, 4319203.243, 138
Trd, 4319204.643, 127
Trd, 4319204.943, 135
Trd, 4319205.143, 138
Trd, 4319205.493, 120
Trd, 4319206.593, 124
Trd, 4319207.193, 112
Trd, 4319208.693, 113
Trd, 4319209.093, 104
Trd, 4319209.393, 107
Trd, 4319209.593, 107
Trd, 4319210.393, 114
Trd, 4319212.393, 116
Trd, 4319212.943, 113
Trd, 4319215.143, 131
Trd, 4319215.293, 128
Trd, 4319215.943, 131
Trd, 4319216.093, 123
Trd, 4319216.443, 120
Trd, 4319218.143, 98
Trd, 4319218.193, 94
Trd, 4319218.893, 114
Trd, 4319218.943, 103
Trd, 4319219.743, 132
Trd, 4319220.143, 134
Trd, 4319222.093, 120
Trd, 4319222.693, 123
Trd, 4319224.993, 131
Trd, 4319225.293, 114
Trd, 4319226.293, 112
Trd, 4319226.343, 111
Trd, 4319227.643, 125
Trd, 4319227.743, 117
Trd, 4319229.243, 124
Trd, 4319229.443, 116
Trd, 4319229.593, 98
Trd, 4319232.693, 90
Trd, 4319232.743, 86
Trd, 4319234.143, 134
Trd, 4319234.193, 127
Trd, 4319234.293, 126
Trd, 4319234.993, 124
Trd, 4319235.193, 117
Trd, 4319235.443, 99
Trd, 4319236.093, 131
Trd, 4319236.193, 115
Trd, 4319237.443, 119
Trd, 4319238.743, 137
Trd, 4319238.993, 115
Trd, 4319239.443, 74
Trd, 4319240.943, 96
Trd, 4319242.293, 74
Trd, 4319242.543, 73
Trd, 4319243.893, 80
Trd, 4319244.493, 104
Trd, 4319245.043, 76
Trd, 4319245.543, 83
Trd, 4319246.193, 111
Trd, 4319248.643, 86
Trd, 4319249.093, 127
Trd, 4319249.543, 116
Trd, 4319250.143, 111
Trd, 4319251.043, 86
Trd, 4319251.443, 77
Trd, 4319251.743, 77
Trd, 4319253.493, 84
Trd, 4319254.543, 134
Trd, 4319254.593, 118
Trd, 4319254.643, 98
Trd, 4319256.793, 111
Trd, 4319257.043, 135
Trd, 4319257.393, 131
Trd, 4319257.893, 103
Trd, 4319258.693, 107
Trd, 4319260.543, 119
Trd, 4319261.943, 103
Trd, 4319263.693, 94
Trd, 4319263.743, 90
Trd, 4319263.943, 86
Trd, 4319264.843, 138
Trd, 4319265.643, 103
Trd, 4319266.793, 60
Trd, 4319267.343, 72
Trd, 4319267.493, 77
Trd, 4319268.743, 122
Trd, 4319270.543, 102
Trd, 4319272.093, 114
Trd, 4319272.343, 103
Trd, 4319272.643, 101
Trd, 4319272.843, 93
Trd, 4319273.093, 118
Trd, 4319275.043, 88
Trd, 4319275.393, 86
Trd, 4319275.993, 87
Trd, 4319276.793, 91
Trd, 4319278.343, 92
Trd, 4319279.343, 103
Trd, 4319280.393, 110
Trd, 4319280.743, 109
Trd, 4319281.493, 117
Trd, 4319282.643, 115
Trd, 4319283.643, 132
Trd, 4319284.593, 93
Trd, 4319284.843, 92
Trd, 4319284.893, 90
Trd, 4319285.343, 104
Trd, 4319286.043, 97
Trd, 4319286.993, 78
Trd, 4319287.543, 96
Trd, 4319288.043, 72
Trd, 4319289.843, 71
Trd, 4319290.943, 108
Trd, 4319290.993, 76
Trd, 4319291.343, 72
Trd, 4319292.343, 97
Trd, 4319293.193, 94
Trd, 4319294.643, 118
Trd, 4319296.043, 90
Trd, 4319296.243, 87
Trd, 4319296.293, 86
Trd, 4319297.943, 110
Trd, 4319299.193, 106
Trd, 4319299.493, 98
Trd, 4319300.443, 109
Trd, 4319305.343, 113
Trd, 4319306.543, 127
Trd, 4319307.093, 124
Trd, 4319308.193, 124
Trd, 4319308.943, 117
Trd, 4319309.843, 117
Trd, 4319311.193, 103
Trd, 4319311.493, 103
Trd, 4319311.843, 133
Trd, 4319312.243, 117
Trd, 4319312.993, 138
Trd, 4319313.093, 98
Trd, 4319313.293, 86
Trd, 4319314.093, 99
Trd, 4319314.893, 64
Trd, 4319316.443, 75
Trd, 4319318.393, 74
Trd, 4319318.443, 85
Trd, 4319319.493, 85
Trd, 4319319.643, 90
Trd, 4319321.943, 86
Trd, 4319321.993, 76
Trd, 4319322.543, 106
Trd, 4319322.693, 74
Trd, 4319323.243, 98
Trd, 4319324.343, 67
Trd, 4319324.443, 92
Trd, 4319324.693, 81
Trd, 4319325.493, 93
Trd, 4319327.393, 101
Trd, 4319327.643, 98
Trd, 4319328.193, 97
Trd, 4319330.393, 112
Trd, 4319330.493, 95
Trd, 4319331.293, 132
Trd, 4319331.993, 120
Trd, 4319332.393, 126
Trd, 4319333.993, 112
Trd, 4319334.293, 123
Trd, 4319335.443, 111
Trd, 4319335.793, 109
Trd, 4319336.193, 90
Trd, 4319336.693, 114
Trd, 4319337.793, 125
Trd, 4319337.893, 108
Trd, 4319340.393, 114
Trd, 4319340.693, 117
Trd, 4319340.993, 111
Trd, 4319341.693, 133
Trd, 4319342.943, 135
Trd, 4319343.093, 124
Trd, 4319343.343, 101
Trd, 4319343.693, 99
Trd, 4319345.843, 68
Trd, 4319348.293, 92
Trd, 4319348.543, 108
Trd, 4319348.693, 104
Trd, 4319349.343, 134
Trd, 4319349.393, 125
Trd, 4319350.043, 109
Trd, 4319350.793, 122
Trd, 4319352.393, 100
Trd, 4319352.443, 91
Trd, 4319352.943, 93
Trd, 4319353.643, 118
Trd, 4319355.593, 107
Trd, 4319356.343, 140
Trd, 4319356.593, 128
Trd, 4319357.343, 133
Trd, 4319358.593, 131
Trd, 4319361.043, 123
Trd, 4319361.943, 138
Trd, 4319362.143, 127
Trd, 4319363.093, 116
Trd, 4319363.493, 109
Trd, 4319363.743, 103
Trd, 4319363.893, 82
Trd, 4319365.843, 117
Trd, 4319366.443, 107
Trd, 4319366.793, 81
Trd, 4319367.643, 89
Trd, 4319367.793, 74
Trd, 4319369.293, 111
Trd, 4319369.393, 102
Trd, 4319370.243, 92
Trd, 4319371.593, 124
Trd, 4319372.943, 117
Trd, 4319373.693, 114
Trd, 4319373.793, 109
Trd, 4319373.943, 99
Trd, 4319374.693, 127
Trd, 4319374.993, 115
Trd, 4319375.993, 104
Trd, 4319376.643, 103
Trd, 4319377.293, 105
Trd, 4319377.593, 124
Trd, 4319378.293, 101
Trd, 4319380.193, 104
Trd, 4319380.493, 103
Trd, 4319380.593, 94
Trd, 4319381.193, 138
Trd, 4319381.993, 125
Trd, 4319382.543, 134
Trd, 4319383.943, 81
Trd, 4319385.043, 119
Trd, 4319386.243, 86
Trd, 4319386.693, 78
Trd, 4319386.793, 97
Trd, 4319387.993, 91
Trd, 4319388.793, 117
Trd, 4319388.893, 113
Trd, 4319389.093, 112
Trd, 4319390.543, 131
Trd, 4319391.043, 111
Trd, 4319391.743, 128
Trd, 4319392.343, 134
Trd, 4319392.643, 131
Trd, 4319393.693, 100
Trd, 4319394.193, 120
Trd, 4319395.243, 87
Trd, 4319396.693, 121
Trd, 4319396.943, 118
Trd, 4319397.193, 118
Trd, 4319398.393, 112
Trd, 4319399.343, 135
Trd, 4319401.393, 120
Trd, 4319401.593, 121
Trd, 4319401.693, 108
Trd, 4319402.443, 104
Trd, 4319404.393, 100
Trd, 4319405.043, 94
Trd, 4319405.243, 138
Trd, 4319405.643, 133
Trd, 4319407.143, 85
Trd, 4319407.593, 84
Trd, 4319407.643, 83
Trd, 4319407.743, 114
Trd, 4319408.993, 91
Trd, 4319409.193, 78
Trd, 4319411.293, 120
Trd, 4319411.793, 112
Trd, 4319412.743, 131
Trd, 4319413.643, 117
Trd, 4319415.343, 137
Trd, 4319415.843, 134
Trd, 4319417.593, 123
Trd, 4319418.043, 131
Trd, 4319418.743, 117
Trd, 4319419.493, 115
Trd, 4319419.943, 104
Trd, 4319424.593, 121
Trd, 4319425.343, 113
Trd, 4319426.193, 107
Trd, 4319426.443, 107
Trd, 4319426.593, 98
Trd, 4319427.443, 136
Trd, 4319427.543, 124
Trd, 4319429.793, 112
Trd, 4319430.343, 121
Trd, 4319430.943, 114
Trd, 4319431.243, 107
Trd, 4319431.343, 102
Trd, 4319433.043, 124
Trd, 4319433.543, 106
Trd, 4319434.143, 131
Trd, 4319434.193, 107
Trd, 4319435.193, 140
Trd, 4319435.893, 80
Trd, 4319436.943, 109
Trd, 4319438.593, 109
Trd, 4319439.793, 137
Trd, 4319440.243, 129
Trd, 4319441.193, 115
Trd, 4319442.343, 124
Trd, 4319443.593, 102
Trd, 4319444.543, 114
Trd, 4319444.643, 101
Trd, 4319444.893, 133
Trd, 4319445.693, 82
Trd, 4319446.843, 74
Trd, 4319446.893, 72
Trd, 4319448.293, 114
Trd, 4319448.543, 99
Trd, 4319448.693, 98
Trd, 4319449.943, 101
Trd, 4319452.393, 97
Trd, 4319452.643, 113
Trd, 4319452.843, 137
Trd, 4319455.243, 128
Trd, 4319455.893, 136
Trd, 4319455.943, 133
Trd, 4319456.743, 128
Trd, 4319457.193, 118
Trd, 4319457.443, 117
Trd, 4319458.743, 115
Trd, 4319459.293, 107
Trd, 4319459.543, 95
Trd, 4319460.593, 131
Trd, 4319460.693, 131
Trd, 4319462.993, 135
Trd, 4319463.643, 136
Trd, 4319463.793, 125
Trd, 4319465.643, 107
Trd, 4319465.693, 101
Trd, 4319466.343, 100
Trd, 4319468.393, 114
Trd, 4319469.043, 120
Trd, 4319469.693, 130
Trd, 4319470.143, 104
Trd, 4319471.443, 128
Trd, 4319471.793, 127
Trd, 4319472.293, 124
Trd, 4319472.343, 102
Trd, 4319472.443, 72
Trd, 4319472.843, 119
Trd, 4319473.843, 137
Trd, 4319473.893, 112
Trd, 4319475.143, 108
Trd, 4319477.793, 125
Trd, 4319477.943, 115
Trd, 4319478.043, 107
Trd, 4319479.343, 128
Trd, 4319480.393, 128
Trd, 4319480.693, 118
Trd, 4319481.043, 116
Trd, 4319481.093, 92
Trd, 4319481.643, 89
Trd, 4319482.593, 70
Trd, 4319483.143, 131
Trd, 4319483.593, 110
Trd, 4319484.993, 80
Trd, 4319485.493, 111
Trd, 4319486.093, 62
Trd, 4319489.193, 110
Trd, 4319490.143, 103
Trd, 4319490.643, 117
Trd, 4319491.943, 97
Trd, 4319492.393, 102
Trd, 4319492.443, 99
Trd, 4319493.893, 93
Trd, 4319494.343, 116
Trd, 4319495.093, 106
Trd, 4319496.693, 128
Trd, 4319496.893, 130
Trd, 4319497.593, 116
Trd, 4319497.643, 104
Trd, 4319497.993, 89
Trd, 4319498.993, 126
Trd, 4319499.443, 124
Trd, 4319499.993, 102
Trd, 4319500.843, 95
Trd, 4319501.043, 121
Trd, 4319502.193, 72
Trd, 4319502.643, 122
Trd, 4319504.043, 75
Trd, 4319504.793, 64
Trd, 4319505.043, 97
Trd, 4319505.793, 133
Trd, 4319505.843, 130
Trd, 4319506.043, 103
Trd, 4319506.593, 95
Trd, 4319507.243, 80
Trd, 4319507.543, 101
Trd, 4319509.243, 100
Trd, 4319509.343, 118
Trd, 4319511.193, 115
Trd, 4319511.843, 110
Trd, 4319513.443, 131
Trd, 4319513.893, 122
Trd, 4319514.493, 126
Trd, 4319514.693, 131
Trd, 4319516.043, 132
Trd, 4319516.193, 94
Trd, 4319518.693, 118
Trd, 4319519.393, 133
Trd, 4319519.593, 116
Trd, 4319519.993, 108
Trd, 4319520.093, 104
Trd, 4319520.243, 104
Trd, 4319521.193, 86
Trd, 4319521.843, 65
Trd, 4319522.493, 64
Trd, 4319523.893, 97
Trd, 4319524.043, 98
Trd, 4319524.393, 76
Trd, 4319524.943, 123
Trd, 4319528.143, 138
Trd, 4319528.243, 135
Trd, 4319528.593, 127
Trd, 4319528.693, 101
Trd, 4319529.393, 100
Trd, 4319530.143, 79
Trd, 4319531.693, 114
Trd, 4319532.343, 113
Trd, 4319532.943, 91
Trd, 4319534.043, 89
Trd, 4319535.343, 126
Trd, 4319536.443, 137
Trd, 4319537.643, 134
Trd, 4319537.843, 126
Trd, 4319538.893, 140
Trd, 4319539.293, 128
Trd, 4319539.393, 103
Trd, 4319539.843, 82
Trd, 4319540.343, 84
Trd, 4319541.493, 106
Trd, 4319542.393, 114
Trd, 4319542.593, 112
Trd, 4319543.443, 105
Trd, 4319544.693, 124
Trd, 4319544.893, 117
Trd, 4319546.343, 133
Trd, 4319547.293, 124
Trd, 4319547.493, 116
Trd, 4319547.893, 127
Trd, 4319548.293, 129
Trd, 4319548.393, 101
Trd, 4319549.893, 83
Trd, 4319550.493, 112
Trd, 4319551.943, 98
Trd, 4319552.743, 100
Trd, 4319553.893, 92
Trd, 4319553.993, 83
Trd, 4319554.793, 109
Trd, 4319555.893, 140
Trd, 4319556.843, 138
Trd, 4319557.393, 133
Trd, 4319557.543, 101
Trd, 4319558.943, 80
Trd, 4319559.143, 83
Trd, 4319559.593, 75
Trd, 4319560.043, 130
Trd, 4319560.793, 74
Trd, 4319561.143, 66
Trd, 4319561.293, 69
Trd, 4319563.743, 117
Trd, 4319564.293, 137
Trd, 4319565.493, 116
Trd, 4319565.593, 89
Trd, 4319566.593, 99
Trd, 4319568.743, 106
Trd, 4319569.093, 104
Trd, 4319569.293, 99
Trd, 4319570.693, 125
Trd, 4319570.943, 123
Trd, 4319571.693, 91
Trd, 4319571.793, 88
Trd, 4319572.693, 108
Trd, 4319573.093, 90
Trd, 4319575.443, 139
Trd, 4319575.543, 108
Trd, 4319577.293, 139
Trd, 4319577.393, 138
Trd, 4319577.593, 136
Trd, 4319578.493, 132
Trd, 4319578.993, 129
Trd, 4319579.043, 123
Trd, 4319580.593, 98
Trd, 4319582.593, 135
Trd, 4319582.943, 134
Trd, 4319583.443, 130
Trd, 4319583.593, 127
Trd, 4319585.043, 95
Trd, 4319586.043, 115
Trd, 4319586.543, 109
Trd, 4319586.643, 120
Trd, 4319587.993, 111
Trd, 4319590.693, 139
Trd, 4319590.893, 136
Trd, 4319592.343, 130
Trd, 4319592.593, 120
Trd, 4319592.793, 107
Trd, 4319593.493, 102
Trd, 4319593.643, 93
Trd, 4319594.393, 89
Trd, 4319595.493, 115
Trd, 4319595.743, 136
Trd, 4319598.343, 84
Trd, 4319598.543, 84
Trd, 4319598.993, 102
Trd, 4319599.043, 82
Trd, 4319600.993, 104
Trd, 4319601.093, 113
Trd, 4319601.443, 105
Trd, 4319601.493, 97
Trd, 4319604.193, 140
Trd, 4319604.743, 136
Trd, 4319604.993, 129
Trd, 4319605.843, 137
Trd, 4319605.943, 127
Trd, 4319606.743, 126
Trd, 4319607.193, 124
Trd, 4319607.643, 122
Trd, 4319608.643, 131
Trd, 4319611.043, 106
Trd, 4319611.143, 100
Trd, 4319611.793, 124
Trd, 4319612.093, 110
Trd, 4319612.543, 140
Trd, 4319613.443, 134
Trd, 4319614.343, 120
Trd, 4319614.843, 96
Trd, 4319615.293, 89
Trd, 4319617.643, 64
Trd, 4319618.543, 124
Trd, 4319618.643, 93
Trd, 4319619.243, 138
Trd, 4319619.643, 134
Trd, 4319621.143, 108
Trd, 4319623.343, 107
Trd, 4319623.993, 108
Trd, 4319624.093, 129
Trd, 4319624.693, 139
Trd, 4319625.993, 129
Trd, 4319627.043, 127
Trd, 4319629.043, 135
Trd, 4319629.643, 133
Trd, 4319629.793, 123
Trd, 4319629.893, 137
Trd, 4319631.093, 130
Trd, 4319631.543, 109
Trd, 4319632.193, 95
Trd, 4319634.243, 86
Trd, 4319635.793, 134
Trd, 4319635.993, 119
Trd, 4319636.693, 113
Trd, 4319638.143, 95
Trd, 4319639.443, 120
Trd, 4319640.243, 108
Trd, 4319642.093, 125
Trd, 4319642.793, 136
Trd, 4319642.943, 108
Trd, 4319645.243, 117
Trd, 4319645.543, 103
Trd, 4319646.193, 138
Trd, 4319647.543, 116
Trd, 4319647.743, 109
Trd, 4319648.493, 139
Trd, 4319649.393, 106
Trd, 4319649.693, 113
Trd, 4319650.543, 87
Trd, 4319651.443, 83
Trd, 4319652.643, 95
Trd, 4319653.643, 91
Trd, 4319654.143, 97
Trd, 4319655.193, 84
Trd, 4319655.493, 112
Trd, 4319655.893, 80
Trd, 4319657.243, 130
Trd, 4319657.543, 139
Trd, 4319659.893, 111
Trd, 4319660.493, 102
Trd, 4319660.593, 100
Trd, 4319662.443, 138
Trd, 4319662.993, 126
Trd, 4319664.793, 120
Trd, 4319665.293, 128
Trd, 4319666.193, 126
Trd, 4319666.893, 118
Trd, 4319669.043, 132
Trd, 4319669.993, 127
Trd, 4319670.443, 140
Trd, 4319670.843, 128
Trd, 4319671.543, 123
Trd, 4319671.793, 110
Trd, 4319672.493, 75
Trd, 4319675.643, 71
Trd, 4319676.443, 66
Trd, 4319676.593, 62
Trd, 4319678.593, 119
Trd, 4319678.793, 101
Trd, 4319679.643, 124
Trd, 4319679.743, 113
Trd, 4319679.893, 104
Trd, 4319680.843, 83
Trd, 4319680.893, 83
Trd, 4319681.093, 75
Trd, 4319682.393, 83
Trd, 4319683.343, 114
Trd, 4319684.093, 106
Trd, 4319684.143, 102
Trd, 4319684.943, 112
Trd, 4319685.943, 127
Trd, 4319686.693, 133
Trd, 4319687.843, 127
Trd, 4319689.643, 115
Trd, 4319690.043, 110
Trd, 4319690.393, 109
Trd, 4319691.143, 129
Trd, 4319691.593, 113
Trd, 4319691.993, 103
Trd, 4319692.393, 95
Trd, 4319693.093, 114
Trd, 4319693.793, 127
Trd, 4319694.543, 115
Trd, 4319696.493, 128
Trd, 4319697.143, 96
Trd, 4319697.393, 103
Trd, 4319697.693, 88
Trd, 4319697.793, 129
Trd, 4319698.743, 73
Trd, 4319699.493, 66
Trd, 4319700.393, 86
Trd, 4319702.193, 69
Trd, 4319702.243, 77
Trd, 4319705.093, 99
Trd, 4319705.293, 85
Trd, 4319705.743, 83
Trd, 4319706.493, 80
Trd, 4319706.893, 134
Trd, 4319707.443, 109
Trd, 4319708.193, 104
Trd, 4319709.243, 95
Trd, 4319709.843, 93
Trd, 4319709.893, 113
Trd, 4319710.643, 72
Trd, 4319711.943, 98
Trd, 4319713.343, 118
Trd, 4319713.593, 113
Trd, 4319714.493, 103
Trd, 4319715.693, 119
Trd, 4319716.543, 126
Trd, 4319716.643, 122
Trd, 4319717.693, 98
Trd, 4319717.743, 95
Trd, 4319718.143, 108
Trd, 4319719.393, 92
Trd, 4319719.493, 82
Trd, 4319719.643, 97
Trd, 4319722.643, 81
Trd, 4319723.093, 98
Trd, 4319723.593, 101
Trd, 4319724.243, 79
Trd, 4319724.793, 110
Trd, 4319724.843, 98
Trd, 4319725.193, 77
Trd, 4319725.893, 101
Trd, 4319727.093, 110
Trd, 4319729.043, 129
Trd, 4319729.693, 104
Trd, 4319730.193, 74
Trd, 4319730.593, 85
Trd, 4319731.243, 79
Trd, 4319732.743, 138
Trd, 4319733.243, 140
Trd, 4319733.493, 126
Trd, 4319733.593, 118
Trd, 4319733.693, 116
Trd, 4319734.543, 96
Trd, 4319734.643, 90
Trd, 4319734.893, 83
Trd, 4319735.493, 62
Trd, 4319737.243, 73
Trd, 4319738.243, 61
Trd, 4319739.243, 81
Trd, 4319739.793, 76
Trd, 4319739.893, 66
Trd, 4319740.293, 115
Trd, 4319741.643, 79
Trd, 4319742.493, 73
Trd, 4319743.243, 82
Trd, 4319743.893, 122
Trd, 4319744.893, 103
Trd, 4319745.193, 127
Trd, 4319745.293, 102
Trd, 4319746.193, 99
Trd, 4319746.343, 98
Trd, 4319747.243, 88
Trd, 4319748.043, 102
Trd, 4319748.193, 102
Trd, 4319748.293, 113
Trd, 4319748.693, 124
Trd, 4319751.143, 73
Trd, 4319752.293, 94
Trd, 4319752.343, 94
Trd, 4319753.343, 86
Trd, 4319757.443, 138
Trd, 4319757.643, 135
Trd, 4319757.793, 134
Trd, 4319759.793, 110
Trd, 4319760.243, 97
Trd, 4319760.743, 91
Trd, 4319761.443, 98
Trd, 4319762.593, 84
Trd, 4319763.843, 122
Trd, 4319764.793, 135
Trd, 4319765.793, 124
Trd, 4319766.143, 131
Trd, 4319766.393, 120
Trd, 4319766.993, 113
Trd, 4319767.493, 80
Trd, 4319769.693, 115
Trd, 4319769.793, 105
Trd, 4319770.593, 128
Trd, 4319770.993, 130
Trd, 4319771.093, 94
Trd, 4319771.393, 123
Trd, 4319771.793, 89
Trd, 4319773.743, 132
Trd, 4319774.693, 122
Trd, 4319775.693, 122
Trd, 4319776.443, 135
Trd, 4319776.693, 111
Trd, 4319777.193, 109
Trd, 4319777.243, 87
Trd, 4319777.593, 136
Trd, 4319779.943, 94
Trd, 4319782.243, 111
Trd, 4319782.393, 105
Trd, 4319782.543, 115
Trd, 4319782.793, 110
Trd, 4319783.743, 95
Trd, 4319784.043, 88
Trd, 4319784.143, 86
Trd, 4319784.793, 101
Trd, 4319786.293, 139
Trd, 4319787.443, 128
Trd, 4319787.693, 137
Trd, 4319787.943, 119
Trd, 4319788.793, 84
Trd, 4319789.293, 74
Trd, 4319790.093, 131
Trd, 4319791.793, 66
Trd, 4319792.543, 69
Trd, 4319793.743, 107
Trd, 4319793.893, 105
Trd, 4319794.193, 70
Trd, 4319795.343, 138
Trd, 4319796.193, 98
Trd, 4319796.243, 96
Trd, 4319796.793, 101
Trd, 4319797.093, 88
Trd, 4319797.743, 115
Trd, 4319798.593, 114
Trd, 4319799.943, 78
Trd, 4319800.743, 79
Trd, 4319801.993, 70
Trd, 4319802.743, 76
Trd, 4319803.843, 122
Trd, 4319804.443, 126
Trd, 4319805.293, 124
Trd, 4319806.743, 123
Trd, 4319807.043, 112
Trd, 4319808.243, 105
Trd, 4319809.243, 110
Trd, 4319809.443, 100
Trd, 4319809.543, 99
Trd, 4319809.893, 95
Trd, 4319811.693, 104
Trd, 4319812.893, 130
Trd, 4319813.393, 131
Trd, 4319814.043, 133
Trd, 4319815.693, 125
Trd, 4319816.093, 116
Trd, 4319816.893, 99
Trd, 4319817.593, 114
Trd, 4319818.443, 129
Trd, 4319818.593, 99
Trd, 4319818.693, 98
Trd, 4319818.743, 95
Trd, 4319819.993, 104
Trd, 4319820.843, 71
Trd, 4319821.943, 79
Trd, 4319823.243, 79
Trd, 4319824.343, 116
Trd, 4319824.943, 81
Trd, 4319825.493, 83
Trd, 4319826.193, 116
Trd, 4319826.343, 89
Trd, 4319828.393, 95
Trd, 4319829.143, 94
Trd, 4319831.193, 105
Trd, 4319831.743, 102
Trd, 4319831.793, 97
Trd, 4319833.143, 111
Trd, 4319833.393, 107
Trd, 4319833.543, 104
Trd, 4319834.493, 113
Trd, 4319835.493, 114
Trd, 4319836.193, 105
Trd, 4319837.893, 81
Trd, 4319839.443, 90
Trd, 4319839.993, 136
Trd, 4319840.943, 108
Trd, 4319840.993, 76
Trd, 4319841.593, 134
Trd, 4319843.093, 131
Trd, 4319844.143, 86
Trd, 4319844.993, 114
Trd, 4319845.993, 96
Trd, 4319846.243, 115
Trd, 4319846.543, 96
Trd, 4319847.693, 134
Trd, 4319847.793, 133
Trd, 4319848.243, 130
Trd, 4319848.293, 117
Trd, 4319848.493, 95
Trd, 4319851.043, 82
Trd, 4319851.443, 88
Trd, 4319851.743, 72
Trd, 4319853.143, 84
Trd, 4319854.143, 126
Trd, 4319855.693, 111
Trd, 4319857.043, 123
Trd, 4319857.443, 113
Trd, 4319857.843, 103
Trd, 4319859.793, 138
Trd, 4319859.943, 127
Trd, 4319860.443, 128
Trd, 4319860.943, 60
Trd, 4319861.143, 68
Trd, 4319862.943, 70
Trd, 4319863.243, 73
Trd, 4319864.943, 85
Trd, 4319865.793, 127
Trd, 4319865.843, 120
Trd, 4319866.593, 94
Trd, 4319866.793, 92
Trd, 4319868.393, 90
Trd, 4319868.693, 95
Trd, 4319871.243, 138
Trd, 4319871.293, 128
Trd, 4319871.543, 132
Trd, 4319872.043, 102
Trd, 4319872.943, 96
Trd, 4319875.693, 130
Trd, 4319877.243, 127
Trd, 4319877.543, 122
Trd, 4319877.993, 117
Trd, 4319878.543, 114
Trd, 4319879.343, 110
Trd, 4319880.593, 123
Trd, 4319880.843, 113
Trd, 4319881.043, 107
Trd, 4319881.543, 96
Trd, 4319882.793, 136
Trd, 4319884.143, 127
Trd, 4319884.843, 118
Trd, 4319885.043, 100
Trd, 4319885.443, 77
Trd, 4319886.143, 97
Trd, 4319887.443, 134
Trd, 4319887.493, 96
Trd, 4319888.243, 119
Trd, 4319888.893, 123
Trd, 4319890.093, 82
Trd, 4319891.193, 88
Trd, 4319892.593, 90
Trd, 4319892.743, 86
Trd, 4319893.093, 136
Trd, 4319893.793, 86
Trd, 4319894.093, 74
Trd, 4319897.043, 87
Trd, 4319897.443, 89
Trd, 4319897.793, 126
Trd, 4319898.043, 91
Trd, 4319898.493, 130
Trd, 4319899.643, 133
Trd, 4319900.193, 122
Trd, 4319900.243, 115
Trd, 4319900.693, 81
Trd, 4319900.893, 115
Trd, 4319901.593, 77
Trd, 4319902.793, 129
Trd, 4319903.343, 126
Trd, 4319903.993, 115
Trd, 4319904.543, 137
Trd, 4319905.343, 128
Trd, 4319906.043, 108
Trd, 4319906.643, 109
Trd, 4319907.193, 120
Trd, 4319907.343, 81
Trd, 4319907.943, 67
Trd, 4319908.343, 139
Trd, 4319910.293, 104
Trd, 4319910.343, 99
Trd, 4319911.143, 95
Trd, 4319913.343, 113
Trd, 4319915.043, 110
Trd, 4319915.093, 104
Trd, 4319915.893, 138
Trd, 4319915.993, 128
Trd, 4319917.843, 99
Trd, 4319917.943, 98
Trd, 4319919.193, 139
Trd, 4319919.993, 112
Trd, 4319920.193, 130
Trd, 4319920.843, 127
Trd, 4319921.193, 115
Trd, 4319921.543, 107
Trd, 4319923.393, 106
Trd, 4319924.543, 116
Trd, 4319926.693, 76
Trd, 4319927.393, 120
Trd, 4319927.493, 77
Trd, 4319927.943, 76
Trd, 4319928.693, 72
Trd, 4319928.943, 80
Trd, 4319929.093, 82
Trd, 4319929.543, 111
Trd, 4319932.293, 119
Trd, 4319932.893, 116
Trd, 4319933.993, 120
Trd, 4319934.443, 120
Trd, 4319934.593, 140
Trd, 4319935.243, 139
Trd, 4319935.343, 136
Trd, 4319935.493, 126
Trd, 4319936.943, 128
Trd, 4319936.993, 113
Trd, 4319938.193, 92
Trd, 4319938.643, 137
Trd, 4319938.693, 126
Trd, 4319940.043, 128
Trd, 4319940.093, 112
Trd, 4319941.343, 138
Trd, 4319942.693, 133
Trd, 4319943.093, 125
Trd, 4319943.943, 115
Trd, 4319946.143, 133
Trd, 4319947.293, 124
Trd, 4319949.493, 110
Trd, 4319949.593, 108
Trd, 4319950.343, 106
Trd, 4319951.693, 128
Trd, 4319951.993, 123
Trd, 4319952.393, 110
Trd, 4319953.143, 136
Trd, 4319953.493, 137
Trd, 4319953.643, 125
Trd, 4319954.093, 107
Trd, 4319954.993, 116
Trd, 4319957.893, 132
Trd, 4319958.293, 132
Trd, 4319961.393, 140
Trd, 4319961.593, 128
Trd, 4319961.893, 117
Trd, 4319962.193, 129
Trd, 4319962.493, 126
Trd, 4319963.443, 140
Trd, 4319964.993, 128
Trd, 4319966.993, 110
Trd, 4319967.543, 140
Trd, 4319968.393, 114
Trd, 4319968.893, 111
Trd, 4319969.643, 106
Trd, 4319970.343, 133
Trd, 4319970.893, 97
Trd, 4319971.393, 114
Trd, 4319973.043, 79
Trd, 4319973.643, 119
Trd, 4319974.393, 117
Trd, 4319974.843, 115
Trd, 4319976.593, 123
Trd, 4319978.093, 85
Trd, 4319978.593, 91
Trd, 4319978.643, 117
Trd, 4319979.143, 112
Trd, 4319979.343, 106
Trd, 4319980.143, 120
Trd, 4319981.593, 110
Trd, 4319981.693, 90
Trd, 4319982.693, 63
Trd, 4319983.393, 97
Trd, 4319983.893, 66
Trd, 4319984.443, 104
Trd, 4319985.243, 105
Trd, 4319985.743, 74
Trd, 4319986.943, 125
Trd, 4319987.093, 88
Trd, 4319988.493, 137
Trd, 4319989.043, 134
Trd, 4319989.293, 127
Trd, 4319989.843, 133
Trd, 4319990.243, 116
Trd, 4319990.493, 114
Trd, 4319991.593, 119
Trd, 4319991.793, 117
Trd, 4319992.943, 103
Trd, 4319993.593, 139
Trd, 4319993.993, 116
Trd, 4319995.143, 76
Trd, 4319996.493, 137
Trd, 4319997.193, 131
Trd, 4319997.443, 129
Trd, 4319997.943, 113
Trd, 4319999.293, 89
