Trd, 4318196.043, 140
Trd, 4318196.843, 137
Trd, 4318197.293, 137
Trd, 4318197.843, 112
Trd, 4318199.043, 138
Trd, 4318199.393, 90
Trd, 4318199.543, 136
Trd, 4318200.493, 138
Trd, 4318201.743, 140
Trd, 4318201.893, 92
Trd, 4318202.693, 60
Trd, 4318203.043, 60
Trd, 4318205.393, 60
Trd, 4318205.593, 62
Trd, 4318205.743, 85
Trd, 4318205.993, 87
Trd, 4318206.243, 63
Trd, 4318206.543, 63
Trd, 4318207.043, 139
Trd, 4318207.693, 60
Trd, 4318210.593, 60
Trd, 4318210.993, 60
Trd, 4318211.393, 61
Trd, 4318212.343, 60
Trd, 4318212.743, 61
Trd, 4318212.893, 65
Trd, 4318213.143, 140
Trd, 4318213.593, 61
Trd, 4318213.943, 60
Trd, 4318215.543, 140
Trd, 4318215.643, 140
Trd, 4318216.093, 69
Trd, 4318216.793, 118
Trd, 4318216.993, 83
Trd, 4318219.193, 60
Trd, 4318219.443, 61
Trd, 4318219.843, 61
Trd, 4318219.893, 70
Trd, 4318220.193, 139
Trd, 4318220.893, 140
Trd, 4318222.893, 139
Trd, 4318223.543, 139
Trd, 4318224.243, 79
Trd, 4318224.893, 91
Trd, 4318225.093, 92
Trd, 4318225.343, 80
Trd, 4318225.693, 139
Trd, 4318226.443, 140
Trd, 4318226.543, 115
Trd, 4318227.393, 140
Trd, 4318227.643, 140
Trd, 4318227.893, 113
Trd, 4318228.793, 101
Trd, 4318229.043, 139
Trd, 4318229.643, 68
Trd, 4318231.343, 140
Trd, 4318231.493, 139
Trd, 4318232.843, 140
Trd, 4318233.243, 140
Trd, 4318233.543, 113
Trd, 4318233.843, 71
Trd, 4318234.743, 140
Trd, 4318235.043, 140
Trd, 4318235.643, 91
Trd, 4318236.093, 105
Trd, 4318236.643, 63
Trd, 4318237.493, 61
Trd, 4318238.043, 66
Trd, 4318239.943, 140
Trd, 4318241.293, 140
Trd, 4318241.443, 139
Trd, 4318242.793, 140
Trd, 4318243.293, 139
Trd, 4318243.843, 140
Trd, 4318244.493, 138
Trd, 4318245.343, 140
Trd, 4318245.393, 139
Trd, 4318246.293, 139
Trd, 4318246.343, 139
Trd, 4318247.443, 131
Trd, 4318248.143, 140
Trd, 4318248.843, 137
Trd, 4318249.443, 140
Trd, 4318250.593, 140
Trd, 4318250.643, 139
Trd, 4318251.243, 140
Trd, 4318251.393, 140
Trd, 4318252.943, 135
Trd, 4318253.193, 135
Trd, 4318253.243, 131
Trd, 4318253.693, 140
Trd, 4318254.043, 140
Trd, 4318254.793, 72
Trd, 4318255.243, 140
Trd, 4318256.343, 62
Trd, 4318256.793, 135
Trd, 4318258.043, 140
Trd, 4318258.793, 140
Trd, 4318259.793, 140
Trd, 4318260.043, 138
Trd, 4318260.743, 139
Trd, 4318261.093, 140
Trd, 4318261.493, 116
Trd, 4318262.543, 140
Trd, 4318262.793, 139
Trd, 4318263.543, 65
Trd, 4318263.793, 64
Trd, 4318263.893, 66
Trd, 4318264.443, 64
Trd, 4318265.593, 139
Trd, 4318265.743, 120
Trd, 4318266.443, 61
Trd, 4318267.193, 138
Trd, 4318268.243, 140
Trd, 4318268.993, 140
Trd, 4318269.743, 139
Trd, 4318270.693, 140
Trd, 4318271.293, 140
Trd, 4318271.643, 140
Trd, 4318271.743, 140
Trd, 4318272.743, 139
Trd, 4318273.893, 140
Trd, 4318274.643, 106
Trd, 4318275.043, 136
Trd, 4318275.243, 103
Trd, 4318276.043, 140
Trd, 4318276.243, 140
Trd, 4318277.243, 140
Trd, 4318278.693, 140
Trd, 4318278.943, 140
Trd, 4318279.393, 140
Trd, 4318279.543, 124
Trd, 4318280.693, 140
Trd, 4318281.993, 140
Trd, 4318282.643, 139
Trd, 4318282.843, 139
Trd, 4318283.693, 136
Trd, 4318283.793, 113
Trd, 4318284.843, 140
Trd, 4318285.943, 137
Trd, 4318286.593, 140
Trd, 4318286.793, 140
Trd, 4318287.493, 140
Trd, 4318287.593, 138
Trd, 4318287.843, 111
Trd, 4318289.493, 140
Trd, 4318289.993, 140
Trd, 4318290.243, 138
Trd, 4318290.743, 139
Trd, 4318291.193, 89
Trd, 4318291.693, 140
Trd, 4318291.893, 112
Trd, 4318293.243, 140
Trd, 4318293.693, 140
Trd, 4318293.943, 140
Trd, 4318294.793, 63
Trd, 4318295.543, 67
Trd, 4318296.443, 66
Trd, 4318296.693, 67
Trd, 4318296.743, 110
Trd, 4318297.193, 99
Trd, 4318298.343, 139
Trd, 4318298.793, 140
Trd, 4318299.093, 138
Trd, 4318299.293, 112
Trd, 4318300.343, 60
Trd, 4318301.293, 60
Trd, 4318301.543, 61
Trd, 4318302.593, 66
Trd, 4318302.943, 68
Trd, 4318303.393, 61
Trd, 4318303.993, 60
Trd, 4318305.043, 139
Trd, 4318305.093, 139
Trd, 4318305.343, 140
Trd, 4318306.243, 62
Trd, 4318306.593, 113
Trd, 4318307.693, 102
Trd, 4318308.443, 101
Trd, 4318308.943, 72
Trd, 4318309.343, 65
Trd, 4318309.543, 70
Trd, 4318311.693, 60
Trd, 4318311.793, 61
Trd, 4318311.893, 62
Trd, 4318312.143, 65
Trd, 4318312.193, 71
Trd, 4318312.943, 140
Trd, 4318313.843, 60
Trd, 4318314.943, 65
Trd, 4318315.193, 66
Trd, 4318315.893, 60
Trd, 4318316.243, 62
Trd, 4318316.493, 62
Trd, 4318317.493, 60
Trd, 4318317.593, 140
Trd, 4318319.443, 60
Trd, 4318319.493, 60
Trd, 4318320.093, 60
Trd, 4318320.393, 60
Trd, 4318320.593, 61
Trd, 4318321.943, 60
Trd, 4318322.093, 65
Trd, 4318323.343, 136
Trd, 4318323.893, 140
Trd, 4318323.943, 140
Trd, 4318324.643, 139
Trd, 4318324.943, 109
Trd, 4318325.143, 65
Trd, 4318325.343, 124
Trd, 4318326.293, 87
Trd, 4318327.193, 140
Trd, 4318329.143, 140
Trd, 4318329.943, 140
Trd, 4318330.293, 140
Trd, 4318330.993, 140
Trd, 4318331.693, 140
Trd, 4318332.693, 140
Trd, 4318333.693, 117
Trd, 4318334.643, 135
Trd, 4318335.393, 103
Trd, 4318336.043, 60
Trd, 4318336.243, 60
Trd, 4318336.293, 60
Trd, 4318336.693, 140
Trd, 4318336.893, 111
Trd, 4318338.093, 139
Trd, 4318338.493, 140
Trd, 4318338.693, 139
Trd, 4318339.643, 61
Trd, 4318340.143, 63
Trd, 4318340.343, 65
Trd, 4318341.993, 140
Trd, 4318342.493, 140
Trd, 4318342.693, 138
Trd, 4318342.893, 134
Trd, 4318343.143, 139
Trd, 4318344.493, 139
Trd, 4318344.593, 134
Trd, 4318344.643, 81
Trd, 4318345.943, 61
Trd, 4318346.643, 63
Trd, 4318347.543, 140
Trd, 4318348.093, 138
Trd, 4318349.743, 140
Trd, 4318350.143, 140
Trd, 4318350.743, 139
Trd, 4318350.793, 138
Trd, 4318351.343, 120
Trd, 4318351.993, 119
Trd, 4318353.143, 140
Trd, 4318354.793, 138
Trd, 4318355.343, 138
Trd, 4318355.743, 140
Trd, 4318355.943, 140
Trd, 4318356.493, 140
Trd, 4318357.443, 140
Trd, 4318359.343, 140
Trd, 4318359.893, 140
Trd, 4318360.093, 140
Trd, 4318361.543, 140
Trd, 4318361.593, 122
Trd, 4318361.943, 139
Trd, 4318362.043, 134
Trd, 4318362.393, 91
Trd, 4318363.793, 140
Trd, 4318363.843, 140
Trd, 4318365.493, 140
Trd, 4318366.243, 140
Trd, 4318367.343, 140
Trd, 4318367.743, 140
Trd, 4318368.343, 140
Trd, 4318368.443, 140
Trd, 4318368.593, 140
Trd, 4318368.843, 108
Trd, 4318369.993, 89
Trd, 4318370.093, 69
Trd, 4318370.543, 109
Trd, 4318371.243, 61
Trd, 4318371.343, 61
Trd, 4318372.493, 60
Trd, 4318372.643, 60
Trd, 4318372.993, 60
Trd, 4318373.893, 140
Trd, 4318374.093, 136
Trd, 4318374.343, 108
Trd, 4318374.843, 61
Trd, 4318375.443, 139
Trd, 4318376.293, 111
Trd, 4318377.093, 140
Trd, 4318377.843, 140
Trd, 4318378.393, 137
Trd, 4318379.193, 139
Trd, 4318379.243, 124
Trd, 4318379.843, 73
Trd, 4318381.443, 139
Trd, 4318381.693, 138
Trd, 4318381.943, 109
Trd, 4318382.193, 137
Trd, 4318383.993, 137
Trd, 4318384.493, 139
Trd, 4318385.243, 138
Trd, 4318385.993, 140
Trd, 4318386.043, 136
Trd, 4318386.443, 140
Trd, 4318387.743, 140
Trd, 4318388.143, 140
Trd, 4318388.843, 140
Trd, 4318389.193, 140
Trd, 4318389.293, 140
Trd, 4318389.543, 123
Trd, 4318390.043, 114
Trd, 4318392.143, 140
Trd, 4318392.743, 140
Trd, 4318392.943, 140
Trd, 4318393.143, 140
Trd, 4318393.393, 140
Trd, 4318394.143, 138
Trd, 4318395.543, 78
Trd, 4318396.493, 137
Trd, 4318397.193, 137
Trd, 4318397.543, 139
Trd, 4318397.793, 140
Trd, 4318398.843, 139
Trd, 4318399.093, 111
Trd, 4318399.743, 139
Trd, 4318401.243, 140
Trd, 4318401.493, 140
Trd, 4318401.743, 139
Trd, 4318402.493, 140
Trd, 4318402.593, 140
Trd, 4318402.743, 97
Trd, 4318403.643, 71
Trd, 4318403.793, 61
Trd, 4318404.593, 139
Trd, 4318405.543, 140
Trd, 4318405.943, 113
Trd, 4318406.943, 117
Trd, 4318407.043, 109
Trd, 4318407.293, 62
Trd, 4318407.943, 77
Trd, 4318409.243, 60
Trd, 4318409.993, 60
Trd, 4318410.093, 62
Trd, 4318410.343, 64
Trd, 4318410.543, 65
Trd, 4318410.893, 91
Trd, 4318411.893, 138
Trd, 4318412.193, 105
Trd, 4318413.443, 62
Trd, 4318413.993, 63
Trd, 4318414.643, 61
Trd, 4318415.493, 60
Trd, 4318416.543, 60
Trd, 4318417.793, 60
Trd, 4318418.293, 63
Trd, 4318418.343, 63
Trd, 4318418.793, 60
Trd, 4318420.143, 61
Trd, 4318420.943, 60
Trd, 4318421.393, 61
Trd, 4318422.093, 60
Trd, 4318422.243, 61
Trd, 4318422.293, 65
Trd, 4318423.043, 139
Trd, 4318424.393, 86
Trd, 4318424.593, 140
Trd, 4318424.993, 80
Trd, 4318425.143, 116
Trd, 4318425.293, 78
Trd, 4318426.443, 139
Trd, 4318426.843, 138
Trd, 4318427.493, 117
Trd, 4318428.243, 139
Trd, 4318428.643, 63
Trd, 4318430.143, 140
Trd, 4318430.443, 140
Trd, 4318431.143, 139
Trd, 4318432.493, 139
Trd, 4318432.643, 113
Trd, 4318433.993, 139
Trd, 4318434.243, 140
Trd, 4318434.693, 140
Trd, 4318434.893, 139
Trd, 4318435.493, 140
Trd, 4318435.793, 140
Trd, 4318436.093, 97
Trd, 4318437.643, 139
Trd, 4318437.843, 119
Trd, 4318438.093, 61
Trd, 4318438.743, 137
Trd, 4318439.893, 140
Trd, 4318440.393, 139
Trd, 4318440.943, 138
Trd, 4318441.193, 110
Trd, 4318441.743, 140
Trd, 4318442.293, 139
Trd, 4318443.043, 60
Trd, 4318443.343, 60
Trd, 4318444.693, 140
Trd, 4318445.043, 68
Trd, 4318445.493, 63
Trd, 4318445.893, 65
Trd, 4318446.043, 66
Trd, 4318446.593, 60
Trd, 4318446.893, 67
Trd, 4318447.693, 64
Trd, 4318448.093, 66
Trd, 4318449.143, 139
Trd, 4318450.243, 140
Trd, 4318450.393, 140
Trd, 4318450.893, 139
Trd, 4318451.493, 61
Trd, 4318451.893, 63
Trd, 4318452.493, 63
Trd, 4318453.293, 65
Trd, 4318453.843, 71
Trd, 4318454.243, 60
Trd, 4318454.693, 140
Trd, 4318456.193, 138
Trd, 4318456.943, 140
Trd, 4318457.193, 140
Trd, 4318457.293, 139
Trd, 4318457.943, 81
Trd, 4318458.043, 68
Trd, 4318460.093, 140
Trd, 4318460.143, 139
Trd, 4318460.493, 61
Trd, 4318460.793, 60
Trd, 4318461.293, 63
Trd, 4318462.393, 140
Trd, 4318462.843, 139
Trd, 4318463.843, 139
Trd, 4318463.943, 111
Trd, 4318464.443, 139
Trd, 4318466.043, 140
Trd, 4318466.943, 140
Trd, 4318467.593, 140
Trd, 4318468.093, 140
Trd, 4318468.543, 140
Trd, 4318468.693, 140
Trd, 4318469.643, 138
Trd, 4318470.443, 140
Trd, 4318471.043, 140
Trd, 4318471.143, 140
Trd, 4318471.643, 138
Trd, 4318472.293, 135
Trd, 4318472.593, 72
Trd, 4318473.443, 70
Trd, 4318474.243, 140
Trd, 4318475.043, 139
Trd, 4318476.293, 140
Trd, 4318476.793, 119
Trd, 4318477.993, 137
Trd, 4318478.293, 136
Trd, 4318478.843, 140
Trd, 4318478.993, 140
Trd, 4318480.043, 110
Trd, 4318481.093, 140
Trd, 4318481.843, 140
Trd, 4318481.943, 140
Trd, 4318483.843, 138
Trd, 4318484.193, 137
Trd, 4318484.743, 138
Trd, 4318485.843, 140
Trd, 4318486.093, 140
Trd, 4318486.643, 63
Trd, 4318487.243, 61
Trd, 4318487.793, 60
Trd, 4318488.943, 60
Trd, 4318489.243, 60
Trd, 4318489.343, 61
Trd, 4318489.493, 64
Trd, 4318490.143, 60
Trd, 4318490.793, 140
Trd, 4318492.043, 140
Trd, 4318492.743, 139
Trd, 4318492.993, 138
Trd, 4318493.143, 140
Trd, 4318493.693, 140
Trd, 4318494.693, 140
Trd, 4318494.943, 129
Trd, 4318496.143, 63
Trd, 4318496.993, 62
Trd, 4318497.043, 63
Trd, 4318497.443, 74
Trd, 4318497.993, 70
Trd, 4318498.793, 60
Trd, 4318499.143, 62
Trd, 4318499.743, 103
Trd, 4318500.243, 139
Trd, 4318500.743, 140
Trd, 4318501.593, 139
Trd, 4318502.593, 140
Trd, 4318502.743, 140
Trd, 4318503.143, 110
Trd, 4318504.893, 139
Trd, 4318505.093, 140
Trd, 4318506.093, 140
Trd, 4318506.443, 140
Trd, 4318506.543, 139
Trd, 4318506.743, 137
Trd, 4318507.193, 107
Trd, 4318507.493, 99
Trd, 4318507.693, 69
Trd, 4318509.393, 140
Trd, 4318510.443, 140
Trd, 4318510.693, 140
Trd, 4318510.893, 140
Trd, 4318511.443, 140
Trd, 4318512.643, 140
Trd, 4318513.593, 140
Trd, 4318514.443, 140
Trd, 4318514.893, 120
Trd, 4318515.343, 139
Trd, 4318516.393, 140
Trd, 4318516.893, 138
Trd, 4318517.143, 138
Trd, 4318517.193, 116
Trd, 4318517.643, 140
Trd, 4318518.043, 109
Trd, 4318519.343, 140
Trd, 4318520.043, 112
Trd, 4318520.193, 82
Trd, 4318520.543, 80
Trd, 4318520.993, 139
Trd, 4318521.943, 60
Trd, 4318522.543, 64
Trd, 4318523.293, 140
Trd, 4318523.993, 66
Trd, 4318524.893, 140
Trd, 4318525.743, 139
Trd, 4318525.843, 120
Trd, 4318526.543, 140
Trd, 4318527.993, 140
Trd, 4318528.143, 140
Trd, 4318529.493, 140
Trd, 4318529.693, 140
Trd, 4318531.243, 140
Trd, 4318531.693, 140
Trd, 4318531.793, 140
Trd, 4318532.393, 140
Trd, 4318533.293, 140
Trd, 4318533.343, 140
Trd, 4318533.993, 140
Trd, 4318534.243, 132
Trd, 4318534.793, 109
Trd, 4318535.443, 108
Trd, 4318535.943, 93
Trd, 4318536.943, 139
Trd, 4318537.143, 139
Trd, 4318538.543, 140
Trd, 4318539.843, 139
Trd, 4318540.093, 113
Trd, 4318540.193, 72
Trd, 4318540.293, 127
Trd, 4318540.893, 140
Trd, 4318541.493, 140
Trd, 4318542.793, 140
Trd, 4318543.043, 140
Trd, 4318543.193, 139
Trd, 4318543.993, 137
Trd, 4318544.643, 140
Trd, 4318545.643, 140
Trd, 4318546.393, 140
Trd, 4318546.543, 140
Trd, 4318547.543, 140
Trd, 4318547.693, 139
Trd, 4318548.143, 138
Trd, 4318548.243, 140
Trd, 4318549.093, 135
Trd, 4318549.593, 139
Trd, 4318549.643, 123
Trd, 4318550.743, 139
Trd, 4318551.393, 138
Trd, 4318551.593, 136
Trd, 4318554.043, 140
Trd, 4318555.043, 139
Trd, 4318555.743, 140
Trd, 4318556.093, 140
Trd, 4318556.193, 139
Trd, 4318556.343, 137
Trd, 4318556.743, 127
Trd, 4318557.693, 64
Trd, 4318557.843, 109
Trd, 4318558.443, 98
Trd, 4318559.993, 63
Trd, 4318560.143, 69
Trd, 4318561.843, 140
Trd, 4318561.893, 140
Trd, 4318562.043, 140
Trd, 4318562.293, 127
Trd, 4318562.993, 99
Trd, 4318563.443, 105
Trd, 4318563.993, 139
Trd, 4318565.093, 138
Trd, 4318565.143, 138
Trd, 4318565.793, 115
Trd, 4318566.343, 112
Trd, 4318566.843, 61
Trd, 4318567.593, 60
Trd, 4318567.943, 61
Trd, 4318569.493, 60
Trd, 4318569.643, 61
Trd, 4318569.943, 73
Trd, 4318571.293, 60
Trd, 4318572.143, 61
Trd, 4318572.193, 62
Trd, 4318572.543, 60
Trd, 4318572.593, 78
Trd, 4318572.793, 74
Trd, 4318573.793, 60
Trd, 4318575.493, 60
Trd, 4318576.793, 60
Trd, 4318576.843, 60
Trd, 4318577.193, 61
Trd, 4318577.593, 61
Trd, 4318577.643, 61
Trd, 4318578.393, 61
Trd, 4318579.093, 63
Trd, 4318579.943, 60
Trd, 4318581.293, 61
Trd, 4318581.343, 64
Trd, 4318581.543, 64
Trd, 4318582.193, 62
Trd, 4318582.393, 64
Trd, 4318583.443, 140
Trd, 4318583.893, 140
Trd, 4318584.593, 140
Trd, 4318584.893, 139
Trd, 4318585.943, 123
Trd, 4318587.443, 139
Trd, 4318587.943, 139
Trd, 4318588.043, 137
Trd, 4318588.443, 112
Trd, 4318588.493, 110
Trd, 4318589.093, 70
Trd, 4318590.693, 140
Trd, 4318591.243, 139
Trd, 4318591.343, 106
Trd, 4318592.193, 94
Trd, 4318592.693, 139
Trd, 4318592.943, 140
Trd, 4318593.693, 140
Trd, 4318594.943, 140
Trd, 4318594.993, 130
Trd, 4318596.143, 65
Trd, 4318596.543, 60
Trd, 4318597.893, 61
Trd, 4318597.993, 68
Trd, 4318598.393, 62
Trd, 4318598.943, 140
Trd, 4318599.343, 140
Trd, 4318600.143, 140
Trd, 4318601.093, 76
Trd, 4318601.243, 71
Trd, 4318603.343, 60
Trd, 4318603.493, 61
Trd, 4318603.593, 64
Trd, 4318603.893, 61
Trd, 4318604.243, 63
Trd, 4318604.543, 63
Trd, 4318605.043, 62
Trd, 4318605.893, 78
Trd, 4318606.543, 140
Trd, 4318607.443, 139
Trd, 4318607.793, 78
Trd, 4318608.343, 138
Trd, 4318608.993, 140
Trd, 4318609.193, 68
Trd, 4318609.943, 140
Trd, 4318610.143, 140
Trd, 4318610.293, 131
Trd, 4318611.243, 139
Trd, 4318611.643, 140
Trd, 4318611.893, 109
Trd, 4318614.293, 139
Trd, 4318614.393, 139
Trd, 4318614.443, 137
Trd, 4318615.043, 123
Trd, 4318615.543, 101
Trd, 4318616.693, 140
Trd, 4318616.893, 140
Trd, 4318617.243, 65
Trd, 4318618.193, 140
Trd, 4318618.393, 138
Trd, 4318619.743, 139
Trd, 4318620.793, 140
Trd, 4318621.543, 140
Trd, 4318621.643, 139
Trd, 4318621.993, 137
Trd, 4318622.393, 116
Trd, 4318623.743, 140
Trd, 4318623.943, 139
Trd, 4318625.243, 140
Trd, 4318625.393, 134
Trd, 4318625.993, 140
Trd, 4318626.193, 140
Trd, 4318626.893, 139
Trd, 4318627.143, 114
Trd, 4318627.293, 138
Trd, 4318628.443, 139
Trd, 4318629.993, 61
Trd, 4318630.143, 61
Trd, 4318630.293, 62
Trd, 4318630.993, 140
Trd, 4318631.243, 140
Trd, 4318631.443, 107
Trd, 4318631.893, 106
Trd, 4318632.343, 140
Trd, 4318632.393, 139
Trd, 4318632.943, 140
Trd, 4318633.843, 140
Trd, 4318634.443, 118
Trd, 4318634.743, 75
Trd, 4318635.793, 139
Trd, 4318635.843, 88
Trd, 4318636.693, 140
Trd, 4318636.893, 106
Trd, 4318637.943, 140
Trd, 4318639.043, 140
Trd, 4318639.793, 140
Trd, 4318640.193, 140
Trd, 4318640.243, 140
Trd, 4318640.593, 126
Trd, 4318641.843, 60
Trd, 4318642.693, 67
Trd, 4318642.943, 61
Trd, 4318643.643, 139
Trd, 4318644.193, 95
Trd, 4318644.943, 140
Trd, 4318645.643, 140
Trd, 4318645.693, 94
Trd, 4318645.743, 68
Trd, 4318646.743, 138
Trd, 4318647.193, 63
Trd, 4318648.143, 140
Trd, 4318648.893, 140
Trd, 4318649.093, 140
Trd, 4318649.693, 109
Trd, 4318650.243, 60
Trd, 4318651.443, 129
Trd, 4318652.443, 139
Trd, 4318652.993, 140
Trd, 4318653.243, 139
Trd, 4318653.793, 140
Trd, 4318654.043, 138
Trd, 4318655.493, 139
Trd, 4318656.043, 140
Trd, 4318657.243, 139
Trd, 4318657.493, 105
Trd, 4318657.743, 89
Trd, 4318657.993, 67
Trd, 4318658.593, 139
Trd, 4318658.643, 112
Trd, 4318658.693, 93
Trd, 4318660.043, 62
Trd, 4318661.993, 140
Trd, 4318662.093, 140
Trd, 4318662.143, 140
Trd, 4318662.293, 139
Trd, 4318663.693, 140
Trd, 4318663.793, 139
Trd, 4318664.493, 139
Trd, 4318664.543, 74
Trd, 4318665.093, 140
Trd, 4318665.193, 113
Trd, 4318665.743, 138
Trd, 4318667.643, 140
Trd, 4318667.943, 140
Trd, 4318668.693, 140
Trd, 4318668.843, 140
Trd, 4318669.943, 138
Trd, 4318670.443, 119
Trd, 4318671.093, 138
Trd, 4318671.693, 140
Trd, 4318672.743, 60
Trd, 4318672.793, 61
Trd, 4318673.993, 120
Trd, 4318674.543, 140
Trd, 4318675.243, 140
Trd, 4318675.743, 140
Trd, 4318676.193, 131
Trd, 4318676.943, 140
Trd, 4318677.943, 140
Trd, 4318678.993, 138
Trd, 4318679.243, 138
Trd, 4318680.293, 140
Trd, 4318680.593, 140
Trd, 4318681.243, 113
Trd, 4318682.393, 140
Trd, 4318682.493, 139
Trd, 4318683.193, 140
Trd, 4318683.843, 140
Trd, 4318684.493, 133
Trd, 4318685.293, 103
Trd, 4318685.443, 140
Trd, 4318686.393, 138
Trd, 4318686.493, 139
Trd, 4318687.943, 135
Trd, 4318689.143, 89
Trd, 4318689.343, 107
Trd, 4318689.393, 99
Trd, 4318690.293, 137
Trd, 4318690.393, 139
Trd, 4318691.343, 137
Trd, 4318692.443, 60
Trd, 4318693.043, 60
Trd, 4318693.443, 67
Trd, 4318694.393, 140
Trd, 4318694.443, 140
Trd, 4318695.443, 140
Trd, 4318695.793, 135
Trd, 4318696.943, 60
Trd, 4318697.843, 60
Trd, 4318697.893, 61
Trd, 4318699.143, 67
Trd, 4318699.593, 60
Trd, 4318700.343, 60
Trd, 4318700.493, 66
Trd, 4318700.693, 80
Trd, 4318701.943, 60
Trd, 4318702.193, 60
Trd, 4318703.593, 62
Trd, 4318703.643, 62
Trd, 4318704.243, 64
Trd, 4318704.943, 61
Trd, 4318705.093, 65
Trd, 4318705.643, 140
Trd, 4318707.143, 140
Trd, 4318707.393, 140
Trd, 4318707.793, 140
Trd, 4318708.093, 139
Trd, 4318708.393, 140
Trd, 4318708.843, 139
Trd, 4318709.893, 60
Trd, 4318709.943, 60
Trd, 4318710.293, 65
Trd, 4318711.993, 60
Trd, 4318712.643, 61
Trd, 4318713.493, 64
Trd, 4318714.793, 60
Trd, 4318715.943, 60
Trd, 4318716.143, 61
Trd, 4318716.693, 60
Trd, 4318716.893, 61
Trd, 4318717.193, 63
Trd, 4318718.393, 140
Trd, 4318718.543, 138
Trd, 4318719.293, 139
Trd, 4318719.393, 138
Trd, 4318719.793, 104
Trd, 4318720.743, 140
Trd, 4318721.443, 80
Trd, 4318723.043, 67
Trd, 4318723.293, 60
Trd, 4318723.693, 64
Trd, 4318725.143, 61
Trd, 4318725.343, 61
Trd, 4318725.793, 104
Trd, 4318726.343, 63
Trd, 4318726.693, 78
Trd, 4318727.143, 140
Trd, 4318728.343, 140
Trd, 4318728.643, 140
Trd, 4318728.743, 140
Trd, 4318729.843, 140
Trd, 4318729.893, 139
Trd, 4318729.943, 139
Trd, 4318730.693, 139
Trd, 4318732.343, 140
Trd, 4318732.793, 140
Trd, 4318733.593, 139
Trd, 4318733.693, 138
Trd, 4318733.793, 136
Trd, 4318735.343, 140
Trd, 4318735.493, 140
Trd, 4318736.893, 140
Trd, 4318736.993, 140
Trd, 4318737.393, 137
Trd, 4318737.793, 139
Trd, 4318738.793, 138
Trd, 4318738.843, 137
Trd, 4318739.143, 120
Trd, 4318740.593, 99
Trd, 4318740.743, 91
Trd, 4318741.293, 139
Trd, 4318741.893, 60
Trd, 4318742.343, 139
Trd, 4318743.593, 138
Trd, 4318744.393, 140
Trd, 4318744.693, 137
Trd, 4318745.643, 140
Trd, 4318745.993, 128
Trd, 4318746.993, 140
Trd, 4318747.543, 140
Trd, 4318748.243, 85
Trd, 4318748.693, 61
Trd, 4318749.143, 62
Trd, 4318749.943, 60
Trd, 4318750.193, 61
Trd, 4318750.893, 140
Trd, 4318751.643, 69
Trd, 4318752.893, 140
Trd, 4318753.893, 140
Trd, 4318754.093, 140
Trd, 4318754.593, 139
Trd, 4318754.643, 137
Trd, 4318756.443, 140
Trd, 4318756.593, 139
Trd, 4318757.043, 139
Trd, 4318757.443, 114
Trd, 4318757.593, 113
Trd, 4318759.843, 140
Trd, 4318760.843, 139
Trd, 4318761.493, 139
Trd, 4318762.093, 140
Trd, 4318762.743, 140
Trd, 4318763.043, 140
Trd, 4318763.393, 118
Trd, 4318763.943, 72
Trd, 4318764.393, 60
Trd, 4318764.543, 73
Trd, 4318764.943, 135
Trd, 4318766.343, 140
Trd, 4318766.993, 140
Trd, 4318767.143, 140
Trd, 4318767.643, 140
Trd, 4318768.693, 140
Trd, 4318769.643, 140
Trd, 4318771.843, 140
Trd, 4318772.243, 140
Trd, 4318772.893, 140
Trd, 4318773.093, 139
Trd, 4318774.143, 140
Trd, 4318774.543, 137
Trd, 4318775.343, 138
Trd, 4318775.543, 123
Trd, 4318775.693, 121
Trd, 4318776.243, 65
Trd, 4318777.243, 61
Trd, 4318777.643, 63
Trd, 4318778.593, 64
Trd, 4318779.193, 68
Trd, 4318779.843, 136
Trd, 4318780.743, 139
Trd, 4318781.243, 140
Trd, 4318782.143, 140
Trd, 4318782.243, 140
Trd, 4318782.493, 114
Trd, 4318783.543, 140
Trd, 4318783.643, 138
Trd, 4318784.593, 140
Trd, 4318784.943, 99
Trd, 4318786.643, 140
Trd, 4318787.143, 139
Trd, 4318787.293, 96
Trd, 4318787.393, 75
Trd, 4318788.343, 140
Trd, 4318788.993, 140
Trd, 4318789.793, 139
Trd, 4318790.943, 140
Trd, 4318791.493, 140
Trd, 4318792.543, 139
Trd, 4318792.943, 139
Trd, 4318793.143, 139
Trd, 4318793.443, 123
Trd, 4318794.093, 140
Trd, 4318794.543, 140
Trd, 4318794.643, 109
Trd, 4318795.843, 140
Trd, 4318796.543, 62
Trd, 4318798.243, 140
Trd, 4318798.493, 140
Trd, 4318798.693, 140
Trd, 4318799.793, 140
Trd, 4318801.293, 139
Trd, 4318801.493, 138
Trd, 4318802.293, 140
Trd, 4318802.893, 128
Trd, 4318803.043, 95
Trd, 4318803.493, 89
Trd, 4318803.793, 61
Trd, 4318804.893, 138
Trd, 4318805.093, 137
Trd, 4318805.643, 66
Trd, 4318805.993, 63
Trd, 4318806.793, 60
Trd, 4318808.293, 140
Trd, 4318808.693, 109
Trd, 4318809.343, 63
Trd, 4318809.643, 139
Trd, 4318810.543, 140
Trd, 4318811.093, 132
Trd, 4318812.693, 140
Trd, 4318813.343, 140
Trd, 4318813.543, 140
Trd, 4318814.043, 140
Trd, 4318815.093, 140
Trd, 4318815.393, 140
Trd, 4318816.193, 92
Trd, 4318817.993, 140
Trd, 4318818.193, 139
Trd, 4318818.343, 140
Trd, 4318818.443, 137
Trd, 4318819.043, 140
Trd, 4318819.293, 137
Trd, 4318819.643, 64
Trd, 4318821.043, 74
Trd, 4318821.093, 78
Trd, 4318821.243, 138
Trd, 4318821.793, 69
Trd, 4318821.943, 60
Trd, 4318823.193, 139
Trd, 4318823.743, 64
Trd, 4318824.143, 140
Trd, 4318825.043, 65
Trd, 4318825.443, 103
Trd, 4318826.543, 61
Trd, 4318827.143, 61
Trd, 4318827.793, 61
Trd, 4318828.193, 60
Trd, 4318828.643, 69
Trd, 4318829.193, 140
Trd, 4318830.043, 138
Trd, 4318830.443, 100
Trd, 4318830.993, 140
Trd, 4318832.643, 136
Trd, 4318832.693, 74
Trd, 4318832.843, 68
Trd, 4318833.943, 140
Trd, 4318834.043, 140
Trd, 4318834.493, 140
Trd, 4318834.543, 132
Trd, 4318835.943, 63
Trd, 4318836.243, 62
Trd, 4318837.443, 62
Trd, 4318837.643, 68
Trd, 4318838.193, 61
Trd, 4318838.743, 60
Trd, 4318838.793, 62
Trd, 4318839.043, 139
Trd, 4318840.793, 60
Trd, 4318841.243, 61
Trd, 4318841.793, 63
Trd, 4318842.993, 60
Trd, 4318843.493, 62
Trd, 4318843.843, 60
Trd, 4318844.843, 60
Trd, 4318845.093, 61
Trd, 4318847.393, 60
Trd, 4318848.093, 62
Trd, 4318848.143, 62
Trd, 4318848.243, 61
Trd, 4318848.343, 64
Trd, 4318848.493, 65
Trd, 4318848.743, 60
Trd, 4318849.593, 62
Trd, 4318850.543, 65
Trd, 4318850.643, 60
Trd, 4318851.693, 61
Trd, 4318851.893, 63
Trd, 4318852.043, 74
Trd, 4318852.543, 139
Trd, 4318853.393, 66
Trd, 4318854.543, 60
Trd, 4318854.593, 60
Trd, 4318855.143, 63
Trd, 4318856.393, 61
Trd, 4318857.693, 62
Trd, 4318858.193, 60
Trd, 4318858.243, 62
Trd, 4318858.293, 63
Trd, 4318858.343, 72
Trd, 4318858.993, 136
Trd, 4318859.393, 61
Trd, 4318859.943, 139
Trd, 4318860.693, 65
Trd, 4318863.093, 60
Trd, 4318863.593, 61
Trd, 4318864.293, 60
Trd, 4318864.593, 61
Trd, 4318865.943, 61
Trd, 4318866.293, 62
Trd, 4318866.543, 60
Trd, 4318867.293, 61
Trd, 4318867.993, 63
Trd, 4318869.143, 63
Trd, 4318869.893, 60
Trd, 4318870.543, 60
Trd, 4318871.193, 60
Trd, 4318871.893, 61
Trd, 4318872.043, 62
Trd, 4318872.143, 65
Trd, 4318872.943, 60
Trd, 4318873.593, 63
Trd, 4318874.143, 78
Trd, 4318874.493, 137
Trd, 4318875.893, 60
Trd, 4318876.293, 60
Trd, 4318876.493, 61
Trd, 4318876.993, 62
Trd, 4318878.143, 61
Trd, 4318879.243, 60
Trd, 4318879.393, 60
Trd, 4318879.643, 60
Trd, 4318880.743, 70
Trd, 4318881.293, 61
Trd, 4318882.443, 65
Trd, 4318882.843, 61
Trd, 4318883.543, 67
Trd, 4318883.593, 67
Trd, 4318884.843, 65
Trd, 4318884.993, 66
Trd, 4318885.243, 60
Trd, 4318886.093, 61
Trd, 4318886.693, 96
Trd, 4318886.743, 95
Trd, 4318887.093, 139
Trd, 4318887.943, 140
Trd, 4318888.743, 137
Trd, 4318888.893, 134
Trd, 4318889.343, 114
Trd, 4318889.993, 126
Trd, 4318891.393, 140
Trd, 4318891.693, 140
Trd, 4318892.443, 140
Trd, 4318894.043, 140
Trd, 4318894.243, 140
Trd, 4318894.343, 140
Trd, 4318895.493, 140
Trd, 4318895.593, 139
Trd, 4318896.243, 110
Trd, 4318896.393, 93
Trd, 4318897.893, 140
Trd, 4318898.493, 140
Trd, 4318899.743, 140
Trd, 4318899.793, 140
Trd, 4318899.893, 139
Trd, 4318900.543, 140
Trd, 4318901.193, 139
Trd, 4318902.293, 140
Trd, 4318902.593, 140
Trd, 4318903.293, 139
Trd, 4318903.743, 139
Trd, 4318905.493, 140
Trd, 4318905.993, 140
Trd, 4318906.193, 105
Trd, 4318907.143, 139
Trd, 4318907.293, 121
Trd, 4318908.543, 140
Trd, 4318908.743, 139
Trd, 4318908.943, 139
Trd, 4318909.243, 140
Trd, 4318909.643, 98
Trd, 4318910.193, 62
Trd, 4318910.743, 68
Trd, 4318911.443, 140
Trd, 4318912.693, 140
Trd, 4318913.543, 140
Trd, 4318913.893, 138
Trd, 4318914.643, 139
Trd, 4318915.243, 115
Trd, 4318915.343, 70
Trd, 4318915.493, 60
Trd, 4318916.943, 139
Trd, 4318917.793, 140
Trd, 4318918.743, 140
Trd, 4318919.143, 140
Trd, 4318919.493, 138
Trd, 4318919.593, 114
Trd, 4318919.743, 140
Trd, 4318920.093, 90
Trd, 4318921.593, 140
Trd, 4318921.993, 140
Trd, 4318922.693, 140
Trd, 4318922.743, 89
Trd, 4318923.043, 72
Trd, 4318924.743, 140
Trd, 4318925.743, 140
Trd, 4318926.193, 140
Trd, 4318926.343, 123
Trd, 4318926.943, 137
Trd, 4318927.843, 140
Trd, 4318928.343, 138
Trd, 4318930.393, 139
Trd, 4318930.693, 139
Trd, 4318930.843, 139
Trd, 4318931.443, 118
Trd, 4318931.593, 88
Trd, 4318932.143, 139
Trd, 4318932.643, 122
Trd, 4318933.243, 140
Trd, 4318934.193, 140
Trd, 4318934.393, 139
Trd, 4318935.693, 138
Trd, 4318936.243, 138
Trd, 4318936.793, 140
Trd, 4318937.843, 140
Trd, 4318938.243, 140
Trd, 4318938.693, 138
Trd, 4318939.693, 140
Trd, 4318939.893, 139
Trd, 4318940.343, 132
Trd, 4318941.143, 61
Trd, 4318941.693, 135
Trd, 4318942.243, 111
Trd, 4318944.093, 140
Trd, 4318944.193, 140
Trd, 4318945.493, 140
Trd, 4318945.543, 140
Trd, 4318945.893, 138
Trd, 4318945.993, 126
Trd, 4318946.393, 65
Trd, 4318947.293, 68
Trd, 4318947.593, 63
Trd, 4318947.943, 69
Trd, 4318948.693, 60
Trd, 4318949.493, 137
Trd, 4318950.143, 140
Trd, 4318950.993, 140
Trd, 4318952.093, 140
Trd, 4318953.193, 140
Trd, 4318953.393, 140
Trd, 4318953.643, 109
Trd, 4318953.943, 117
Trd, 4318954.193, 81
Trd, 4318954.593, 133
Trd, 4318955.193, 140
Trd, 4318955.943, 139
Trd, 4318956.893, 140
Trd, 4318957.043, 139
Trd, 4318957.593, 139
Trd, 4318957.693, 139
Trd, 4318958.143, 117
Trd, 4318958.443, 64
Trd, 4318959.293, 140
Trd, 4318959.743, 140
Trd, 4318960.393, 140
Trd, 4318961.193, 140
Trd, 4318961.693, 62
Trd, 4318962.443, 140
Trd, 4318962.843, 119
Trd, 4318963.643, 110
Trd, 4318963.993, 98
Trd, 4318964.793, 140
Trd, 4318965.143, 139
Trd, 4318966.593, 139
Trd, 4318966.943, 139
Trd, 4318967.143, 138
Trd, 4318967.293, 111
Trd, 4318968.743, 60
Trd, 4318969.193, 60
Trd, 4318969.593, 61
Trd, 4318969.893, 140
Trd, 4318970.693, 62
Trd, 4318970.893, 140
Trd, 4318971.493, 60
Trd, 4318973.193, 140
Trd, 4318973.493, 131
Trd, 4318974.093, 140
Trd, 4318974.643, 94
Trd, 4318975.793, 67
Trd, 4318976.293, 140
Trd, 4318977.143, 139
Trd, 4318977.343, 140
Trd, 4318978.393, 140
Trd, 4318978.493, 110
Trd, 4318978.593, 71
Trd, 4318978.843, 140
Trd, 4318979.143, 64
Trd, 4318981.743, 60
Trd, 4318982.243, 60
Trd, 4318982.743, 60
Trd, 4318983.243, 64
Trd, 4318983.693, 62
Trd, 4318985.193, 60
Trd, 4318985.293, 61
Trd, 4318986.993, 60
Trd, 4318987.393, 61
Trd, 4318987.693, 61
Trd, 4318987.993, 60
Trd, 4318988.193, 61
Trd, 4318989.293, 60
Trd, 4318989.593, 60
Trd, 4318989.793, 62
Trd, 4318989.843, 71
Trd, 4318991.043, 60
Trd, 4318991.693, 60
Trd, 4318992.743, 63
Trd, 4318992.993, 60
Trd, 4318993.793, 61
Trd, 4318993.893, 62
Trd, 4318994.393, 60
Trd, 4318994.693, 63
Trd, 4318996.893, 61
Trd, 4318997.643, 61
Trd, 4318997.893, 62
Trd, 4318998.293, 70
Trd, 4318999.043, 140
Trd, 4318999.643, 139
Trd, 4319000.343, 140
Trd, 4319000.543, 117
Trd, 4319000.993, 84
Trd, 4319001.643, 63
Trd, 4319001.693, 67
Trd, 4319002.143, 62
Trd, 4319002.443, 68
Trd, 4319004.043, 60
Trd, 4319004.293, 61
Trd, 4319004.493, 72
Trd, 4319005.643, 60
Trd, 4319006.143, 61
Trd, 4319007.493, 101
Trd, 4319007.943, 138
Trd, 4319008.393, 140
Trd, 4319008.893, 63
Trd, 4319009.993, 62
Trd, 4319010.393, 62
Trd, 4319011.243, 60
Trd, 4319011.393, 60
Trd, 4319011.493, 62
Trd, 4319012.843, 139
Trd, 4319013.693, 140
Trd, 4319013.743, 140
Trd, 4319014.193, 81
Trd, 4319014.993, 140
Trd, 4319015.193, 140
Trd, 4319015.293, 140
Trd, 4319016.143, 140
Trd, 4319016.393, 106
Trd, 4319017.993, 140
Trd, 4319018.743, 140
Trd, 4319018.893, 139
Trd, 4319019.993, 139
Trd, 4319020.243, 113
Trd, 4319020.493, 139
Trd, 4319021.643, 138
Trd, 4319022.343, 61
Trd, 4319023.293, 61
Trd, 4319023.343, 62
Trd, 4319023.593, 72
Trd, 4319024.343, 140
Trd, 4319025.143, 140
Trd, 4319025.343, 65
Trd, 4319025.943, 139
Trd, 4319026.243, 138
Trd, 4319026.843, 108
Trd, 4319027.993, 139
Trd, 4319028.143, 138
Trd, 4319029.393, 93
Trd, 4319029.943, 139
Trd, 4319031.543, 140
Trd, 4319031.693, 140
Trd, 4319031.993, 81
Trd, 4319032.343, 60
Trd, 4319032.743, 61
Trd, 4319033.093, 139
Trd, 4319033.693, 140
Trd, 4319034.293, 115
Trd, 4319035.243, 61
Trd, 4319035.493, 62
Trd, 4319036.243, 60
Trd, 4319037.093, 140
Trd, 4319037.343, 78
Trd, 4319037.693, 69
Trd, 4319038.893, 68
Trd, 4319039.143, 72
Trd, 4319039.893, 60
Trd, 4319040.343, 60
Trd, 4319041.193, 60
Trd, 4319042.993, 63
Trd, 4319043.043, 64
Trd, 4319043.393, 61
Trd, 4319043.793, 60
Trd, 4319045.393, 61
Trd, 4319045.893, 65
Trd, 4319045.943, 66
Trd, 4319046.493, 60
Trd, 4319047.993, 61
Trd, 4319048.343, 63
Trd, 4319048.843, 62
Trd, 4319049.393, 61
Trd, 4319049.993, 64
Trd, 4319051.493, 60
Trd, 4319052.043, 60
Trd, 4319052.293, 60
Trd, 4319052.393, 62
Trd, 4319052.743, 60
Trd, 4319052.893, 128
Trd, 4319053.443, 63
Trd, 4319054.643, 64
Trd, 4319054.843, 66
Trd, 4319056.343, 60
Trd, 4319056.543, 60
Trd, 4319056.943, 60
Trd, 4319057.693, 61
Trd, 4319057.943, 62
Trd, 4319059.593, 61
Trd, 4319059.893, 65
Trd, 4319060.193, 61
Trd, 4319060.493, 66
Trd, 4319060.693, 61
Trd, 4319060.793, 70
Trd, 4319061.943, 63
Trd, 4319062.443, 63
Trd, 4319064.143, 63
Trd, 4319065.343, 69
Trd, 4319065.743, 61
Trd, 4319065.993, 70
Trd, 4319066.343, 64
Trd, 4319067.143, 66
Trd, 4319067.693, 67
Trd, 4319067.943, 140
Trd, 4319068.243, 139
Trd, 4319068.693, 113
Trd, 4319069.243, 140
Trd, 4319069.543, 61
Trd, 4319070.593, 61
Trd, 4319071.293, 85
Trd, 4319071.743, 74
Trd, 4319072.993, 140
Trd, 4319073.043, 140
Trd, 4319073.893, 140
Trd, 4319074.093, 139
Trd, 4319074.743, 140
Trd, 4319076.193, 61
Trd, 4319076.543, 62
Trd, 4319076.693, 64
Trd, 4319076.943, 70
Trd, 4319077.193, 71
Trd, 4319077.993, 62
Trd, 4319078.443, 70
Trd, 4319079.993, 81
Trd, 4319080.443, 61
Trd, 4319081.143, 60
Trd, 4319081.443, 60
Trd, 4319082.093, 61
Trd, 4319083.943, 60
Trd, 4319084.543, 86
Trd, 4319085.193, 140
Trd, 4319085.543, 140
Trd, 4319087.343, 140
Trd, 4319087.593, 140
Trd, 4319087.943, 140
Trd, 4319088.343, 140
Trd, 4319088.593, 111
Trd, 4319089.193, 126
Trd, 4319090.343, 139
Trd, 4319090.543, 140
Trd, 4319090.643, 135
Trd, 4319091.193, 140
Trd, 4319091.993, 87
Trd, 4319092.343, 83
Trd, 4319092.743, 140
Trd, 4319093.693, 60
Trd, 4319093.993, 62
Trd, 4319094.793, 65
Trd, 4319095.993, 60
Trd, 4319096.093, 66
Trd, 4319096.793, 66
Trd, 4319098.843, 140
Trd, 4319099.043, 140
Trd, 4319100.243, 140
Trd, 4319101.393, 140
Trd, 4319101.443, 140
Trd, 4319101.943, 140
Trd, 4319102.493, 139
Trd, 4319102.993, 135
Trd, 4319103.143, 140
Trd, 4319103.243, 109
Trd, 4319104.293, 96
Trd, 4319106.143, 140
Trd, 4319106.643, 140
Trd, 4319106.793, 135
Trd, 4319106.843, 123
Trd, 4319107.043, 140
Trd, 4319107.543, 60
Trd, 4319108.843, 121
Trd, 4319109.643, 61
Trd, 4319110.593, 136
Trd, 4319110.643, 114
Trd, 4319111.243, 140
Trd, 4319111.543, 136
Trd, 4319111.993, 140
Trd, 4319112.593, 140
Trd, 4319113.593, 140
Trd, 4319113.793, 140
Trd, 4319114.343, 122
Trd, 4319114.893, 140
Trd, 4319115.543, 61
Trd, 4319116.743, 65
Trd, 4319117.493, 66
Trd, 4319118.443, 140
Trd, 4319118.793, 139
Trd, 4319119.343, 139
Trd, 4319119.893, 138
Trd, 4319120.743, 140
Trd, 4319121.143, 86
Trd, 4319122.393, 140
Trd, 4319122.893, 140
Trd, 4319122.993, 122
Trd, 4319123.343, 139
Trd, 4319123.493, 106
Trd, 4319123.743, 125
Trd, 4319124.793, 140
Trd, 4319125.543, 60
Trd, 4319125.993, 139
Trd, 4319126.893, 129
Trd, 4319127.593, 122
Trd, 4319128.243, 140
Trd, 4319129.143, 140
Trd, 4319129.343, 140
Trd, 4319130.693, 139
Trd, 4319130.893, 140
Trd, 4319130.993, 109
Trd, 4319131.493, 139
Trd, 4319131.693, 84
Trd, 4319132.393, 89
Trd, 4319133.193, 60
Trd, 4319133.293, 69
Trd, 4319134.293, 86
Trd, 4319134.593, 69
Trd, 4319134.993, 61
Trd, 4319135.243, 67
Trd, 4319136.493, 138
Trd, 4319137.943, 139
Trd, 4319138.343, 125
Trd, 4319138.393, 110
Trd, 4319139.143, 138
Trd, 4319139.393, 138
Trd, 4319140.043, 137
Trd, 4319141.593, 140
Trd, 4319141.943, 140
Trd, 4319143.493, 140
Trd, 4319143.843, 140
Trd, 4319144.343, 140
Trd, 4319145.543, 139
Trd, 4319145.743, 138
Trd, 4319145.993, 139
Trd, 4319147.643, 140
Trd, 4319147.693, 139
Trd, 4319147.893, 140
Trd, 4319148.793, 80
Trd, 4319148.943, 78
Trd, 4319150.343, 140
Trd, 4319150.743, 140
Trd, 4319150.793, 65
Trd, 4319151.843, 137
Trd, 4319153.043, 140
Trd, 4319153.293, 140
Trd, 4319153.843, 139
Trd, 4319154.993, 82
Trd, 4319155.443, 90
Trd, 4319156.343, 140
Trd, 4319158.243, 140
Trd, 4319158.393, 140
Trd, 4319158.593, 140
Trd, 4319158.643, 139
Trd, 4319158.743, 115
Trd, 4319159.443, 140
Trd, 4319159.843, 138
Trd, 4319161.293, 84
Trd, 4319161.993, 65
Trd, 4319162.543, 73
Trd, 4319163.793, 61
Trd, 4319164.043, 70
Trd, 4319164.543, 70
Trd, 4319164.693, 70
Trd, 4319164.893, 140
Trd, 4319165.343, 129
Trd, 4319165.943, 65
Trd, 4319166.243, 66
Trd, 4319166.543, 140
Trd, 4319169.143, 140
Trd, 4319169.243, 138
Trd, 4319169.493, 137
Trd, 4319169.693, 140
Trd, 4319169.743, 119
Trd, 4319170.843, 140
Trd, 4319170.993, 114
Trd, 4319171.793, 140
Trd, 4319173.493, 140
Trd, 4319173.593, 140
Trd, 4319174.393, 139
Trd, 4319175.143, 135
Trd, 4319175.493, 109
Trd, 4319175.593, 86
Trd, 4319176.943, 140
Trd, 4319177.493, 140
Trd, 4319178.893, 140
Trd, 4319179.493, 140
Trd, 4319179.793, 140
Trd, 4319179.943, 140
Trd, 4319180.693, 111
Trd, 4319180.993, 140
Trd, 4319181.543, 140
Trd, 4319181.593, 140
Trd, 4319181.943, 66
Trd, 4319182.793, 60
Trd, 4319184.293, 140
Trd, 4319184.443, 139
Trd, 4319184.493, 134
Trd, 4319184.993, 70
Trd, 4319185.493, 61
Trd, 4319186.893, 70
Trd, 4319186.993, 63
Trd, 4319187.543, 136
Trd, 4319188.343, 140
Trd, 4319188.843, 138
Trd, 4319188.993, 117
Trd, 4319190.043, 140
Trd, 4319191.443, 63
Trd, 4319192.243, 140
Trd, 4319193.593, 140
Trd, 4319193.993, 140
Trd, 4319194.093, 140
Trd, 4319194.243, 139
Trd, 4319194.793, 140
Trd, 4319196.043, 139
Trd, 4319196.143, 109
Trd, 4319197.393, 60
Trd, 4319199.293, 60
Trd, 4319199.343, 61
Trd, 4319199.843, 60
Trd, 4319199.943, 60
Trd, 4319200.093, 60
Trd, 4319200.193, 72
Trd, 4319201.293, 140
Trd, 4319201.443, 140
Trd, 4319202.343, 140
Trd, 4319202.693, 137
Trd, 4319203.143, 139
Trd, 4319204.043, 139
Trd, 4319204.593, 138
Trd, 4319204.793, 137
Trd, 4319204.943, 76
Trd, 4319205.343, 61
Trd, 4319207.293, 62
Trd, 4319207.693, 67
Trd, 4319208.793, 140
Trd, 4319208.843, 137
Trd, 4319208.993, 112
Trd, 4319210.093, 140
Trd, 4319210.243, 139
Trd, 4319210.493, 140
Trd, 4319211.293, 140
Trd, 4319212.143, 139
Trd, 4319212.893, 118
Trd, 4319212.993, 117
Trd, 4319213.143, 136
Trd, 4319213.693, 140
Trd, 4319214.493, 140
Trd, 4319216.043, 140
Trd, 4319216.543, 137
Trd, 4319217.443, 140
Trd, 4319218.443, 96
Trd, 4319218.943, 140
Trd, 4319219.443, 140
Trd, 4319219.543, 140
Trd, 4319220.343, 138
Trd, 4319221.343, 136
Trd, 4319221.743, 140
Trd, 4319221.843, 96
Trd, 4319223.943, 140
Trd, 4319224.243, 140
Trd, 4319224.593, 140
Trd, 4319224.643, 139
Trd, 4319225.093, 140
Trd, 4319225.493, 60
Trd, 4319226.343, 121
Trd, 4319226.893, 140
Trd, 4319227.993, 140
Trd, 4319228.843, 140
Trd, 4319229.343, 138
Trd, 4319230.643, 140
Trd, 4319230.843, 140
Trd, 4319231.193, 140
Trd, 4319231.393, 140
Trd, 4319231.693, 61
Trd, 4319232.393, 62
Trd, 4319233.043, 140
Trd, 4319234.243, 61
Trd, 4319235.543, 60
Trd, 4319235.943, 60
Trd, 4319236.293, 61
Trd, 4319236.543, 63
Trd, 4319237.193, 62
Trd, 4319238.293, 61
Trd, 4319238.893, 61
Trd, 4319238.943, 62
Trd, 4319239.743, 60
Trd, 4319240.293, 60
Trd, 4319240.493, 66
Trd, 4319240.893, 66
Trd, 4319241.143, 60
Trd, 4319241.843, 61
Trd, 4319242.443, 60
Trd, 4319243.243, 67
Trd, 4319243.543, 139
Trd, 4319245.193, 140
Trd, 4319245.243, 140
Trd, 4319245.593, 63
Trd, 4319246.243, 140
Trd, 4319247.543, 60
Trd, 4319248.143, 60
Trd, 4319248.843, 61
Trd, 4319248.993, 95
Trd, 4319249.643, 118
Trd, 4319250.343, 140
Trd, 4319250.693, 140
Trd, 4319251.293, 139
Trd, 4319251.743, 110
Trd, 4319251.793, 109
Trd, 4319253.643, 140
Trd, 4319253.743, 138
Trd, 4319254.693, 140
Trd, 4319254.793, 139
Trd, 4319255.143, 137
Trd, 4319255.793, 140
Trd, 4319256.243, 140
Trd, 4319257.393, 140
Trd, 4319257.643, 140
Trd, 4319258.843, 137
Trd, 4319259.143, 139
Trd, 4319259.643, 140
Trd, 4319260.543, 137
Trd, 4319260.993, 76
Trd, 4319261.243, 139
Trd, 4319262.843, 140
Trd, 4319263.743, 140
Trd, 4319264.193, 140
Trd, 4319264.293, 140
Trd, 4319264.793, 135
Trd, 4319264.943, 140
Trd, 4319265.643, 62
Trd, 4319266.143, 63
Trd, 4319268.143, 60
Trd, 4319268.943, 60
Trd, 4319269.143, 61
Trd, 4319269.243, 61
Trd, 4319269.843, 61
Trd, 4319270.793, 62
Trd, 4319271.143, 65
Trd, 4319271.543, 60
Trd, 4319271.793, 60
Trd, 4319271.843, 66
Trd, 4319273.243, 60
Trd, 4319273.643, 67
Trd, 4319274.143, 75
Trd, 4319274.743, 125
Trd, 4319275.493, 129
Trd, 4319276.193, 64
Trd, 4319276.543, 89
Trd, 4319276.743, 80
Trd, 4319277.043, 74
Trd, 4319278.343, 115
Trd, 4319279.293, 140
Trd, 4319279.543, 116
Trd, 4319279.593, 105
Trd, 4319279.943, 140
Trd, 4319280.393, 140
Trd, 4319280.693, 65
Trd, 4319281.443, 63
Trd, 4319282.493, 140
Trd, 4319283.343, 138
Trd, 4319284.843, 140
Trd, 4319284.993, 117
Trd, 4319285.743, 66
Trd, 4319285.793, 69
Trd, 4319286.193, 70
Trd, 4319287.093, 63
Trd, 4319287.293, 65
Trd, 4319287.693, 138
Trd, 4319290.093, 60
Trd, 4319290.843, 60
Trd, 4319290.893, 65
Trd, 4319291.243, 63
Trd, 4319292.543, 60
Trd, 4319294.093, 60
Trd, 4319294.343, 61
Trd, 4319294.443, 61
Trd, 4319295.293, 60
Trd, 4319295.593, 61
Trd, 4319296.293, 61
Trd, 4319297.143, 60
Trd, 4319297.393, 60
Trd, 4319297.493, 60
Trd, 4319298.943, 61
Trd, 4319299.643, 62
Trd, 4319299.893, 62
Trd, 4319300.493, 60
Trd, 4319301.043, 63
Trd, 4319301.593, 60
Trd, 4319303.093, 60
Trd, 4319303.493, 60
Trd, 4319304.343, 63
Trd, 4319305.693, 62
Trd, 4319306.293, 61
Trd, 4319306.543, 61
Trd, 4319306.943, 62
Trd, 4319307.493, 60
Trd, 4319307.543, 60
Trd, 4319309.293, 61
Trd, 4319310.093, 60
Trd, 4319310.443, 65
Trd, 4319311.293, 140
Trd, 4319311.443, 140
Trd, 4319311.793, 114
Trd, 4319312.593, 60
Trd, 4319312.693, 60
Trd, 4319313.643, 60
Trd, 4319314.543, 61
Trd, 4319314.893, 63
Trd, 4319316.143, 60
Trd, 4319316.493, 61
Trd, 4319316.943, 62
Trd, 4319317.943, 61
Trd, 4319319.143, 62
Trd, 4319320.793, 66
Trd, 4319321.093, 61
Trd, 4319321.593, 60
Trd, 4319321.993, 61
Trd, 4319322.443, 61
Trd, 4319323.043, 60
Trd, 4319323.143, 64
Trd, 4319323.493, 140
Trd, 4319324.043, 140
Trd, 4319324.243, 140
Trd, 4319324.793, 82
Trd, 4319324.943, 64
Trd, 4319326.093, 60
Trd, 4319327.243, 60
Trd, 4319327.893, 60
Trd, 4319329.443, 63
Trd, 4319329.643, 63
Trd, 4319329.693, 76
Trd, 4319329.843, 138
Trd, 4319331.443, 61
Trd, 4319331.593, 75
Trd, 4319331.793, 76
Trd, 4319333.743, 60
Trd, 4319334.943, 67
Trd, 4319335.743, 64
Trd, 4319336.043, 61
Trd, 4319336.143, 135
Trd, 4319336.643, 140
Trd, 4319337.543, 140
Trd, 4319338.193, 140
Trd, 4319338.243, 140
Trd, 4319339.493, 140
Trd, 4319340.093, 140
Trd, 4319340.143, 139
Trd, 4319340.343, 137
Trd, 4319341.743, 140
Trd, 4319342.593, 139
Trd, 4319342.743, 138
Trd, 4319343.243, 136
Trd, 4319343.443, 127
Trd, 4319344.443, 140
Trd, 4319345.543, 140
Trd, 4319346.043, 140
Trd, 4319347.093, 140
Trd, 4319347.143, 139
Trd, 4319347.793, 138
Trd, 4319348.493, 140
Trd, 4319349.293, 110
Trd, 4319351.243, 140
Trd, 4319352.243, 140
Trd, 4319352.793, 140
Trd, 4319352.993, 140
Trd, 4319353.293, 140
Trd, 4319353.343, 140
Trd, 4319353.943, 139
Trd, 4319354.143, 112
Trd, 4319354.193, 96
Trd, 4319355.493, 112
Trd, 4319356.793, 140
Trd, 4319356.893, 138
Trd, 4319358.043, 139
Trd, 4319358.443, 117
Trd, 4319358.593, 90
Trd, 4319360.243, 140
Trd, 4319360.393, 140
Trd, 4319361.443, 60
Trd, 4319361.543, 62
Trd, 4319362.493, 140
Trd, 4319362.593, 140
Trd, 4319362.993, 92
Trd, 4319363.543, 139
Trd, 4319364.343, 116
Trd, 4319365.793, 140
Trd, 4319366.693, 140
Trd, 4319366.993, 140
Trd, 4319367.393, 60
Trd, 4319367.743, 71
Trd, 4319368.143, 117
Trd, 4319368.543, 137
Trd, 4319369.793, 136
Trd, 4319369.993, 106
Trd, 4319370.593, 99
Trd, 4319371.493, 140
Trd, 4319371.993, 138
Trd, 4319372.693, 123
Trd, 4319372.943, 121
Trd, 4319374.143, 140
Trd, 4319374.393, 140
Trd, 4319375.243, 60
Trd, 4319375.343, 65
Trd, 4319376.443, 60
Trd, 4319376.893, 69
Trd, 4319377.043, 64
Trd, 4319377.743, 138
Trd, 4319378.643, 140
Trd, 4319378.993, 137
Trd, 4319379.493, 127
Trd, 4319379.743, 140
Trd, 4319380.793, 64
Trd, 4319381.193, 65
Trd, 4319381.943, 139
Trd, 4319383.393, 140
Trd, 4319383.493, 140
Trd, 4319383.643, 109
Trd, 4319384.443, 140
Trd, 4319384.893, 138
Trd, 4319387.343, 140
Trd, 4319387.743, 140
Trd, 4319387.993, 140
Trd, 4319388.043, 139
Trd, 4319388.643, 140
Trd, 4319388.993, 139
Trd, 4319389.293, 83
Trd, 4319389.943, 140
Trd, 4319391.043, 65
Trd, 4319392.243, 140
Trd, 4319392.343, 140
Trd, 4319392.393, 139
Trd, 4319392.793, 60
Trd, 4319394.243, 60
Trd, 4319395.843, 60
Trd, 4319396.043, 60
Trd, 4319396.143, 62
Trd, 4319396.993, 60
Trd, 4319397.343, 60
Trd, 4319397.493, 63
Trd, 4319397.693, 65
Trd, 4319398.943, 63
Trd, 4319399.493, 65
Trd, 4319399.943, 63
Trd, 4319400.293, 61
Trd, 4319401.093, 63
Trd, 4319401.693, 74
Trd, 4319402.493, 60
Trd, 4319402.643, 64
Trd, 4319402.993, 60
Trd, 4319403.493, 62
Trd, 4319404.493, 96
Trd, 4319405.643, 86
Trd, 4319405.893, 116
Trd, 4319406.293, 61
Trd, 4319408.143, 139
Trd, 4319408.643, 140
Trd, 4319408.693, 138
Trd, 4319409.243, 135
Trd, 4319409.293, 60
Trd, 4319410.343, 140
Trd, 4319410.443, 140
Trd, 4319410.793, 87
Trd, 4319412.693, 139
Trd, 4319412.843, 136
Trd, 4319414.193, 140
Trd, 4319414.643, 140
Trd, 4319415.293, 139
Trd, 4319415.343, 138
Trd, 4319416.143, 127
Trd, 4319417.443, 60
Trd, 4319418.393, 62
Trd, 4319418.593, 61
Trd, 4319418.793, 62
Trd, 4319419.343, 60
Trd, 4319419.693, 61
Trd, 4319420.293, 129
Trd, 4319420.593, 88
Trd, 4319420.893, 60
Trd, 4319421.293, 60
Trd, 4319421.993, 140
Trd, 4319422.243, 140
Trd, 4319423.293, 140
Trd, 4319424.093, 140
Trd, 4319424.193, 140
Trd, 4319424.393, 139
Trd, 4319425.143, 86
Trd, 4319425.643, 62
Trd, 4319425.793, 64
Trd, 4319427.093, 138
Trd, 4319427.493, 140
Trd, 4319427.643, 62
Trd, 4319428.493, 140
Trd, 4319429.243, 60
Trd, 4319429.893, 61
Trd, 4319430.093, 61
Trd, 4319431.193, 61
Trd, 4319431.443, 62
Trd, 4319432.793, 64
Trd, 4319433.293, 61
Trd, 4319433.993, 61
Trd, 4319434.193, 63
Trd, 4319434.693, 60
Trd, 4319435.543, 62
Trd, 4319435.793, 63
Trd, 4319436.593, 63
Trd, 4319437.893, 67
Trd, 4319438.693, 64
Trd, 4319438.843, 68
Trd, 4319438.993, 140
Trd, 4319439.343, 62
Trd, 4319440.043, 67
Trd, 4319442.193, 60
Trd, 4319442.443, 61
Trd, 4319443.043, 62
Trd, 4319443.293, 63
Trd, 4319443.743, 60
Trd, 4319444.493, 62
Trd, 4319445.043, 61
Trd, 4319445.193, 140
Trd, 4319445.543, 98
Trd, 4319446.093, 60
Trd, 4319446.943, 61
Trd, 4319447.293, 66
Trd, 4319448.093, 64
Trd, 4319449.243, 109
Trd, 4319449.893, 74
Trd, 4319450.193, 62
Trd, 4319451.593, 139
Trd, 4319451.843, 64
Trd, 4319452.993, 140
Trd, 4319453.043, 140
Trd, 4319453.943, 139
Trd, 4319454.143, 65
Trd, 4319455.393, 139
Trd, 4319455.993, 139
Trd, 4319456.393, 108
Trd, 4319457.443, 139
Trd, 4319457.643, 139
Trd, 4319458.193, 140
Trd, 4319459.643, 112
Trd, 4319459.993, 130
Trd, 4319460.593, 139
Trd, 4319460.643, 90
Trd, 4319461.943, 140
Trd, 4319462.443, 139
Trd, 4319462.843, 139
Trd, 4319462.943, 138
Trd, 4319463.193, 138
Trd, 4319464.243, 140
Trd, 4319464.543, 131
Trd, 4319465.593, 125
Trd, 4319466.193, 140
Trd, 4319467.293, 140
Trd, 4319467.393, 140
Trd, 4319468.343, 140
Trd, 4319468.793, 140
Trd, 4319468.843, 115
Trd, 4319469.043, 128
Trd, 4319469.843, 139
Trd, 4319470.643, 138
Trd, 4319471.543, 100
Trd, 4319471.643, 63
Trd, 4319472.543, 140
Trd, 4319472.893, 139
Trd, 4319473.093, 137
Trd, 4319474.543, 140
Trd, 4319474.993, 140
Trd, 4319475.193, 140
Trd, 4319476.193, 100
Trd, 4319477.043, 140
Trd, 4319477.893, 138
Trd, 4319478.543, 61
Trd, 4319478.643, 68
Trd, 4319478.793, 98
Trd, 4319479.593, 61
Trd, 4319480.293, 140
Trd, 4319480.443, 132
Trd, 4319481.143, 139
Trd, 4319482.693, 108
Trd, 4319482.993, 101
Trd, 4319483.493, 86
Trd, 4319484.243, 140
Trd, 4319484.593, 139
Trd, 4319485.293, 140
Trd, 4319485.893, 140
Trd, 4319486.743, 139
Trd, 4319488.493, 140
Trd, 4319488.743, 140
Trd, 4319489.593, 140
Trd, 4319489.693, 140
Trd, 4319489.943, 140
Trd, 4319490.643, 140
Trd, 4319491.643, 140
Trd, 4319491.793, 139
Trd, 4319492.143, 140
Trd, 4319492.943, 91
Trd, 4319493.943, 139
Trd, 4319494.993, 140
Trd, 4319495.093, 114
Trd, 4319495.143, 93
Trd, 4319495.993, 62
Trd, 4319497.043, 62
Trd, 4319497.193, 140
Trd, 4319497.943, 138
Trd, 4319498.893, 140
Trd, 4319499.693, 140
Trd, 4319500.193, 140
Trd, 4319500.493, 139
Trd, 4319500.793, 140
Trd, 4319502.193, 139
Trd, 4319502.393, 140
Trd, 4319502.893, 82
Trd, 4319503.593, 137
Trd, 4319504.793, 140
Trd, 4319505.243, 140
Trd, 4319505.443, 140
Trd, 4319507.943, 140
Trd, 4319508.193, 140
Trd, 4319508.493, 139
Trd, 4319508.543, 88
Trd, 4319509.243, 140
Trd, 4319509.493, 114
Trd, 4319509.843, 137
Trd, 4319510.143, 122
Trd, 4319510.393, 78
Trd, 4319511.993, 137
Trd, 4319512.743, 140
Trd, 4319513.393, 140
Trd, 4319513.893, 138
Trd, 4319514.243, 61
Trd, 4319515.043, 139
Trd, 4319516.093, 90
Trd, 4319516.243, 104
Trd, 4319516.793, 72
Trd, 4319517.443, 137
Trd, 4319518.843, 60
Trd, 4319518.993, 61
Trd, 4319520.493, 140
Trd, 4319520.743, 140
Trd, 4319521.693, 140
Trd, 4319522.543, 140
Trd, 4319522.943, 140
Trd, 4319522.993, 137
Trd, 4319523.693, 139
Trd, 4319524.493, 140
Trd, 4319525.343, 139
Trd, 4319526.093, 140
Trd, 4319526.143, 140
Trd, 4319526.393, 139
Trd, 4319526.643, 109
Trd, 4319527.493, 139
Trd, 4319528.343, 140
Trd, 4319529.243, 66
Trd, 4319530.293, 139
Trd, 4319530.843, 139
Trd, 4319531.443, 60
Trd, 4319532.043, 139
Trd, 4319532.393, 138
Trd, 4319532.943, 140
Trd, 4319533.393, 140
Trd, 4319533.743, 140
Trd, 4319533.893, 101
Trd, 4319534.193, 138
Trd, 4319534.443, 72
Trd, 4319535.043, 61
Trd, 4319537.043, 140
Trd, 4319537.093, 140
Trd, 4319537.793, 140
Trd, 4319537.843, 138
Trd, 4319538.043, 106
Trd, 4319538.143, 85
Trd, 4319539.443, 136
Trd, 4319541.293, 60
Trd, 4319541.593, 60
Trd, 4319542.143, 68
Trd, 4319543.193, 60
Trd, 4319543.543, 60
Trd, 4319544.043, 65
Trd, 4319545.693, 60
Trd, 4319545.793, 61
Trd, 4319546.693, 60
Trd, 4319547.743, 60
Trd, 4319548.143, 61
Trd, 4319548.543, 62
Trd, 4319548.693, 64
Trd, 4319549.943, 139
Trd, 4319550.643, 61
Trd, 4319551.543, 60
Trd, 4319551.943, 60
Trd, 4319552.043, 61
Trd, 4319552.693, 60
Trd, 4319552.793, 66
Trd, 4319553.543, 64
Trd, 4319553.893, 140
Trd, 4319554.793, 64
Trd, 4319554.943, 62
Trd, 4319555.093, 66
Trd, 4319556.193, 139
Trd, 4319557.043, 139
Trd, 4319557.793, 60
Trd, 4319558.443, 62
Trd, 4319560.443, 60
Trd, 4319561.093, 66
Trd, 4319561.593, 66
Trd, 4319562.343, 61
Trd, 4319562.993, 60
Trd, 4319563.343, 61
Trd, 4319563.393, 62
Trd, 4319563.493, 64
Trd, 4319563.993, 60
Trd, 4319564.943, 62
Trd, 4319565.293, 140
Trd, 4319565.893, 140
Trd, 4319566.193, 103
Trd, 4319567.193, 140
Trd, 4319567.793, 140
Trd, 4319568.293, 61
Trd, 4319568.893, 60
Trd, 4319570.093, 61
Trd, 4319570.193, 62
Trd, 4319571.293, 60
Trd, 4319571.593, 61
Trd, 4319572.193, 66
Trd, 4319572.643, 63
Trd, 4319573.943, 60
Trd, 4319574.943, 60
Trd, 4319575.093, 60
Trd, 4319575.943, 60
Trd, 4319576.843, 61
Trd, 4319577.093, 60
Trd, 4319577.693, 61
Trd, 4319577.743, 62
Trd, 4319578.843, 60
Trd, 4319579.543, 62
Trd, 4319580.343, 60
Trd, 4319580.743, 63
Trd, 4319581.143, 60
Trd, 4319582.143, 60
Trd, 4319582.843, 60
Trd, 4319583.543, 60
Trd, 4319584.643, 64
Trd, 4319585.093, 61
Trd, 4319585.243, 62
Trd, 4319586.193, 60
Trd, 4319586.243, 62
Trd, 4319586.293, 74
Trd, 4319588.193, 62
Trd, 4319588.243, 63
Trd, 4319588.693, 67
Trd, 4319588.843, 68
Trd, 4319589.793, 61
Trd, 4319589.893, 62
Trd, 4319591.193, 60
Trd, 4319591.643, 61
Trd, 4319592.043, 65
Trd, 4319592.393, 61
Trd, 4319593.743, 67
Trd, 4319594.693, 65
Trd, 4319595.243, 65
Trd, 4319595.793, 62
Trd, 4319596.543, 62
Trd, 4319597.493, 60
Trd, 4319597.593, 63
Trd, 4319598.943, 60
Trd, 4319600.843, 60
Trd, 4319601.093, 60
Trd, 4319601.143, 62
Trd, 4319601.243, 62
Trd, 4319602.493, 60
Trd, 4319602.743, 66
Trd, 4319603.043, 66
Trd, 4319603.093, 73
Trd, 4319603.743, 63
Trd, 4319604.593, 74
Trd, 4319605.043, 60
Trd, 4319606.643, 140
Trd, 4319606.693, 140
Trd, 4319607.193, 140
Trd, 4319607.393, 60
Trd, 4319609.143, 60
Trd, 4319609.593, 60
Trd, 4319609.843, 62
Trd, 4319610.043, 139
Trd, 4319611.093, 61
Trd, 4319611.593, 61
Trd, 4319612.043, 60
Trd, 4319612.843, 60
Trd, 4319613.643, 60
Trd, 4319613.793, 60
Trd, 4319615.043, 63
Trd, 4319615.243, 60
Trd, 4319615.843, 78
Trd, 4319616.293, 137
Trd, 4319617.443, 140
Trd, 4319617.593, 140
Trd, 4319617.743, 140
Trd, 4319617.943, 139
Trd, 4319619.943, 88
Trd, 4319620.243, 77
Trd, 4319620.943, 62
Trd, 4319621.593, 60
Trd, 4319621.693, 68
Trd, 4319622.993, 140
Trd, 4319623.843, 60
Trd, 4319624.493, 67
Trd, 4319624.993, 60
Trd, 4319625.543, 61
Trd, 4319626.143, 140
Trd, 4319627.493, 62
Trd, 4319628.093, 63
Trd, 4319628.193, 66
Trd, 4319628.893, 60
Trd, 4319629.393, 60
Trd, 4319630.093, 60
Trd, 4319630.693, 70
Trd, 4319631.493, 75
Trd, 4319631.593, 69
Trd, 4319631.993, 62
Trd, 4319632.543, 60
Trd, 4319632.793, 83
Trd, 4319633.493, 140
Trd, 4319633.693, 71
Trd, 4319635.593, 60
Trd, 4319635.843, 64
Trd, 4319636.093, 60
Trd, 4319637.043, 114
Trd, 4319637.643, 140
Trd, 4319638.093, 140
Trd, 4319639.793, 60
Trd, 4319640.193, 64
Trd, 4319640.493, 64
Trd, 4319641.193, 61
Trd, 4319641.893, 60
Trd, 4319642.093, 66
Trd, 4319642.143, 101
Trd, 4319642.593, 138
Trd, 4319642.743, 85
Trd, 4319643.493, 90
Trd, 4319645.343, 60
Trd, 4319645.993, 61
Trd, 4319646.343, 61
Trd, 4319646.743, 63
Trd, 4319646.893, 63
Trd, 4319647.493, 61
Trd, 4319648.093, 69
Trd, 4319648.943, 60
Trd, 4319649.443, 61
Trd, 4319650.643, 65
Trd, 4319651.343, 140
Trd, 4319651.593, 139
Trd, 4319652.393, 65
Trd, 4319652.443, 66
Trd, 4319653.093, 72
Trd, 4319653.843, 106
Trd, 4319654.093, 73
Trd, 4319655.093, 140
Trd, 4319655.793, 63
Trd, 4319656.743, 140
Trd, 4319656.893, 140
Trd, 4319658.343, 140
Trd, 4319658.843, 140
Trd, 4319659.493, 140
Trd, 4319660.043, 139
Trd, 4319660.543, 140
Trd, 4319661.393, 140
Trd, 4319662.293, 140
Trd, 4319662.693, 140
Trd, 4319663.093, 138
Trd, 4319663.543, 112
Trd, 4319664.043, 133
Trd, 4319664.443, 111
Trd, 4319665.593, 140
Trd, 4319666.143, 139
Trd, 4319666.493, 137
Trd, 4319667.293, 63
Trd, 4319667.643, 63
Trd, 4319669.043, 140
Trd, 4319669.193, 140
Trd, 4319671.043, 140
Trd, 4319671.243, 139
Trd, 4319671.293, 137
Trd, 4319671.543, 136
Trd, 4319672.493, 120
Trd, 4319672.993, 140
Trd, 4319673.793, 140
Trd, 4319674.243, 140
Trd, 4319674.293, 138
Trd, 4319675.243, 140
Trd, 4319676.243, 139
Trd, 4319676.343, 140
Trd, 4319676.993, 140
Trd, 4319677.393, 137
Trd, 4319677.693, 93
Trd, 4319678.693, 133
Trd, 4319679.093, 66
Trd, 4319679.343, 61
Trd, 4319680.093, 139
Trd, 4319680.843, 140
Trd, 4319680.893, 139
Trd, 4319683.443, 140
Trd, 4319683.843, 140
Trd, 4319684.393, 139
Trd, 4319684.443, 138
Trd, 4319684.543, 119
Trd, 4319685.393, 139
Trd, 4319685.643, 80
Trd, 4319686.693, 60
Trd, 4319687.643, 140
Trd, 4319687.943, 139
Trd, 4319688.693, 140
Trd, 4319688.743, 140
Trd, 4319689.693, 140
Trd, 4319689.893, 140
Trd, 4319690.443, 140
Trd, 4319691.443, 60
Trd, 4319691.943, 64
Trd, 4319692.643, 61
Trd, 4319693.193, 62
Trd, 4319693.593, 140
Trd, 4319694.993, 60
Trd, 4319695.143, 62
Trd, 4319695.193, 64
Trd, 4319695.693, 139
Trd, 4319696.443, 140
Trd, 4319696.993, 140
Trd, 4319697.543, 113
Trd, 4319697.943, 60
Trd, 4319698.393, 60
Trd, 4319700.043, 68
Trd, 4319700.343, 63
Trd, 4319700.993, 140
Trd, 4319701.043, 140
Trd, 4319702.143, 60
Trd, 4319702.643, 60
Trd, 4319703.143, 63
Trd, 4319703.943, 64
Trd, 4319704.543, 60
Trd, 4319704.893, 137
Trd, 4319705.293, 105
Trd, 4319705.793, 91
Trd, 4319706.043, 60
Trd, 4319706.393, 61
Trd, 4319708.143, 140
Trd, 4319708.243, 140
Trd, 4319708.693, 101
Trd, 4319709.443, 139
Trd, 4319711.093, 140
Trd, 4319712.043, 139
Trd, 4319712.143, 139
Trd, 4319712.743, 74
Trd, 4319713.193, 61
Trd, 4319713.393, 66
Trd, 4319713.443, 67
Trd, 4319713.843, 61
Trd, 4319714.143, 102
Trd, 4319714.543, 64
Trd, 4319715.293, 140
Trd, 4319715.793, 140
Trd, 4319716.143, 139
Trd, 4319717.293, 139
Trd, 4319718.043, 137
Trd, 4319718.993, 137
Trd, 4319719.093, 121
Trd, 4319720.393, 140
Trd, 4319720.493, 140
Trd, 4319720.693, 139
Trd, 4319722.393, 140
Trd, 4319722.643, 138
Trd, 4319722.793, 114
Trd, 4319723.793, 61
Trd, 4319723.893, 63
Trd, 4319724.743, 76
Trd, 4319726.293, 61
Trd, 4319726.343, 61
Trd, 4319726.793, 140
Trd, 4319726.893, 140
Trd, 4319727.093, 137
Trd, 4319728.193, 61
Trd, 4319729.393, 60
Trd, 4319729.443, 62
Trd, 4319729.993, 140
Trd, 4319731.193, 139
Trd, 4319731.443, 103
Trd, 4319732.543, 82
Trd, 4319732.993, 88
Trd, 4319733.593, 72
Trd, 4319734.093, 68
Trd, 4319735.293, 62
Trd, 4319735.643, 63
Trd, 4319735.743, 64
Trd, 4319736.643, 62
Trd, 4319736.993, 140
Trd, 4319737.143, 138
Trd, 4319738.843, 62
Trd, 4319739.043, 67
Trd, 4319740.393, 70
Trd, 4319740.593, 138
Trd, 4319740.843, 139
Trd, 4319741.543, 137
Trd, 4319741.943, 69
Trd, 4319742.993, 140
Trd, 4319743.843, 136
Trd, 4319743.943, 136
Trd, 4319744.293, 140
Trd, 4319744.493, 91
Trd, 4319745.193, 139
Trd, 4319746.443, 107
Trd, 4319746.743, 71
Trd, 4319746.993, 140
Trd, 4319748.793, 69
Trd, 4319749.193, 61
Trd, 4319749.343, 70
Trd, 4319749.993, 60
Trd, 4319750.293, 60
Trd, 4319750.793, 61
Trd, 4319752.093, 140
Trd, 4319753.243, 140
Trd, 4319753.943, 140
Trd, 4319754.643, 140
Trd, 4319754.743, 140
Trd, 4319754.943, 140
Trd, 4319755.343, 139
Trd, 4319756.393, 70
Trd, 4319756.543, 75
Trd, 4319758.593, 140
Trd, 4319759.293, 140
Trd, 4319759.443, 140
Trd, 4319759.493, 109
Trd, 4319759.693, 85
Trd, 4319760.493, 90
Trd, 4319761.393, 60
Trd, 4319761.593, 66
Trd, 4319762.993, 140
Trd, 4319763.593, 140
Trd, 4319764.093, 140
Trd, 4319765.793, 140
Trd, 4319765.843, 136
Trd, 4319766.893, 66
Trd, 4319767.043, 61
Trd, 4319767.643, 140
Trd, 4319768.193, 63
Trd, 4319768.393, 140
Trd, 4319768.493, 139
Trd, 4319769.243, 137
Trd, 4319769.693, 97
Trd, 4319771.343, 139
Trd, 4319771.593, 113
Trd, 4319772.343, 140
Trd, 4319772.843, 139
Trd, 4319772.943, 140
Trd, 4319773.393, 78
Trd, 4319774.643, 139
Trd, 4319774.893, 126
Trd, 4319775.093, 106
Trd, 4319775.493, 62
Trd, 4319775.793, 140
Trd, 4319776.193, 69
Trd, 4319777.593, 139
Trd, 4319778.443, 140
Trd, 4319778.693, 140
Trd, 4319779.693, 139
Trd, 4319780.493, 60
Trd, 4319781.143, 66
Trd, 4319781.193, 67
Trd, 4319781.893, 138
Trd, 4319782.393, 139
Trd, 4319782.493, 138
Trd, 4319784.143, 139
Trd, 4319784.443, 139
Trd, 4319784.993, 140
Trd, 4319785.193, 72
Trd, 4319785.743, 140
Trd, 4319785.843, 140
Trd, 4319786.743, 63
Trd, 4319786.893, 62
Trd, 4319787.393, 60
Trd, 4319788.193, 140
Trd, 4319788.843, 69
Trd, 4319789.193, 66
Trd, 4319790.293, 60
Trd, 4319791.293, 60
Trd, 4319791.893, 60
Trd, 4319792.093, 69
Trd, 4319792.893, 63
Trd, 4319793.243, 140
Trd, 4319795.093, 63
Trd, 4319795.143, 64
Trd, 4319795.593, 65
Trd, 4319796.243, 63
Trd, 4319797.743, 60
Trd, 4319797.893, 65
Trd, 4319798.643, 67
Trd, 4319798.993, 60
Trd, 4319799.593, 62
Trd, 4319800.343, 62
Trd, 4319800.543, 63
Trd, 4319801.593, 139
Trd, 4319802.043, 60
Trd, 4319803.543, 60
Trd, 4319804.443, 60
Trd, 4319804.793, 60
Trd, 4319804.893, 83
Trd, 4319805.393, 62
Trd, 4319805.543, 64
Trd, 4319806.793, 65
Trd, 4319806.943, 63
Trd, 4319807.943, 139
Trd, 4319808.093, 140
Trd, 4319808.393, 127
Trd, 4319809.493, 140
Trd, 4319809.793, 140
Trd, 4319810.443, 140
Trd, 4319811.043, 140
Trd, 4319811.193, 140
Trd, 4319811.593, 92
Trd, 4319812.393, 123
Trd, 4319813.043, 62
Trd, 4319813.893, 87
Trd, 4319814.443, 60
Trd, 4319814.693, 60
Trd, 4319815.093, 84
Trd, 4319816.593, 140
Trd, 4319817.243, 140
Trd, 4319817.443, 140
Trd, 4319817.843, 140
Trd, 4319818.093, 139
Trd, 4319818.693, 140
Trd, 4319819.043, 140
Trd, 4319821.343, 140
Trd, 4319821.393, 140
Trd, 4319822.043, 129
Trd, 4319822.093, 111
Trd, 4319822.893, 67
Trd, 4319823.343, 75
Trd, 4319823.493, 61
Trd, 4319824.043, 139
Trd, 4319825.093, 140
Trd, 4319825.643, 139
Trd, 4319825.793, 138
Trd, 4319826.293, 60
Trd, 4319826.593, 64
Trd, 4319826.943, 70
Trd, 4319827.993, 139
Trd, 4319829.043, 139
Trd, 4319829.093, 78
Trd, 4319830.243, 140
Trd, 4319830.393, 140
Trd, 4319831.043, 139
Trd, 4319831.443, 140
Trd, 4319832.893, 140
Trd, 4319833.643, 140
Trd, 4319834.393, 119
Trd, 4319834.493, 140
Trd, 4319835.793, 122
Trd, 4319836.193, 97
Trd, 4319836.693, 138
Trd, 4319836.743, 96
Trd, 4319837.293, 139
Trd, 4319837.593, 139
Trd, 4319837.943, 111
Trd, 4319839.243, 139
Trd, 4319840.593, 140
Trd, 4319841.493, 140
Trd, 4319841.743, 140
Trd, 4319842.443, 139
Trd, 4319843.093, 140
Trd, 4319843.593, 140
Trd, 4319845.343, 140
Trd, 4319845.443, 140
Trd, 4319845.893, 140
Trd, 4319845.993, 115
Trd, 4319847.493, 140
Trd, 4319848.193, 140
Trd, 4319848.493, 140
Trd, 4319849.393, 140
Trd, 4319850.093, 134
Trd, 4319850.293, 108
Trd, 4319850.843, 140
Trd, 4319851.843, 77
Trd, 4319853.443, 140
Trd, 4319853.843, 140
Trd, 4319853.893, 139
Trd, 4319853.993, 115
Trd, 4319855.043, 140
Trd, 4319856.443, 140
Trd, 4319856.493, 139
Trd, 4319856.993, 137
Trd, 4319857.393, 112
Trd, 4319857.843, 140
Trd, 4319859.643, 60
Trd, 4319859.793, 62
Trd, 4319861.093, 60
Trd, 4319861.293, 62
Trd, 4319862.343, 61
Trd, 4319862.993, 62
Trd, 4319863.343, 63
Trd, 4319863.543, 67
Trd, 4319863.693, 68
Trd, 4319863.943, 74
Trd, 4319865.543, 140
Trd, 4319866.643, 140
Trd, 4319866.793, 140
Trd, 4319867.143, 140
Trd, 4319867.393, 140
Trd, 4319867.943, 112
Trd, 4319868.493, 108
Trd, 4319869.393, 140
Trd, 4319869.893, 140
Trd, 4319870.643, 140
Trd, 4319870.893, 138
Trd, 4319871.093, 131
Trd, 4319873.243, 60
Trd, 4319873.343, 60
Trd, 4319874.343, 60
Trd, 4319874.893, 61
Trd, 4319874.993, 67
Trd, 4319876.843, 60
Trd, 4319876.893, 61
Trd, 4319877.443, 64
Trd, 4319878.143, 61
Trd, 4319879.143, 61
Trd, 4319879.793, 60
Trd, 4319880.443, 60
Trd, 4319881.143, 60
Trd, 4319881.243, 67
Trd, 4319881.293, 68
Trd, 4319882.043, 61
Trd, 4319883.243, 61
Trd, 4319883.643, 61
Trd, 4319884.043, 139
Trd, 4319884.893, 61
Trd, 4319885.443, 67
Trd, 4319886.343, 67
Trd, 4319887.443, 140
Trd, 4319888.543, 60
Trd, 4319888.943, 60
Trd, 4319889.043, 64
Trd, 4319889.893, 140
Trd, 4319890.693, 140
Trd, 4319891.793, 140
Trd, 4319891.893, 140
Trd, 4319892.393, 140
Trd, 4319892.743, 139
Trd, 4319893.343, 65
Trd, 4319894.093, 140
Trd, 4319894.993, 137
Trd, 4319895.543, 101
Trd, 4319896.043, 140
Trd, 4319896.593, 139
Trd, 4319896.993, 138
Trd, 4319897.943, 116
Trd, 4319898.593, 120
Trd, 4319899.543, 140
Trd, 4319899.943, 140
Trd, 4319900.693, 140
Trd, 4319901.293, 140
Trd, 4319901.443, 139
Trd, 4319901.793, 62
Trd, 4319902.843, 61
Trd, 4319903.093, 63
Trd, 4319903.543, 60
Trd, 4319903.793, 61
Trd, 4319903.943, 98
Trd, 4319904.793, 140
Trd, 4319906.243, 62
Trd, 4319907.143, 60
Trd, 4319907.193, 62
Trd, 4319908.343, 60
Trd, 4319908.443, 61
Trd, 4319908.943, 61
Trd, 4319909.043, 63
Trd, 4319909.493, 80
Trd, 4319910.343, 63
Trd, 4319911.543, 60
Trd, 4319911.893, 61
Trd, 4319911.943, 63
Trd, 4319912.593, 63
Trd, 4319913.193, 62
Trd, 4319913.393, 64
Trd, 4319914.243, 64
Trd, 4319915.343, 60
Trd, 4319916.043, 67
Trd, 4319916.643, 67
Trd, 4319916.893, 74
Trd, 4319917.593, 63
Trd, 4319917.993, 120
Trd, 4319918.193, 140
Trd, 4319918.543, 139
Trd, 4319919.343, 60
Trd, 4319920.043, 140
Trd, 4319920.893, 140
Trd, 4319920.943, 87
Trd, 4319921.393, 82
Trd, 4319922.043, 140
Trd, 4319923.693, 140
Trd, 4319923.793, 138
Trd, 4319924.593, 60
Trd, 4319924.993, 64
Trd, 4319925.593, 64
Trd, 4319926.493, 139
Trd, 4319926.993, 61
Trd, 4319928.293, 140
Trd, 4319929.743, 140
Trd, 4319930.143, 139
Trd, 4319931.643, 140
Trd, 4319932.243, 140
Trd, 4319932.343, 140
Trd, 4319932.543, 140
Trd, 4319933.143, 140
Trd, 4319933.393, 140
Trd, 4319933.993, 140
Trd, 4319934.693, 140
Trd, 4319935.043, 117
Trd, 4319936.443, 60
Trd, 4319936.543, 139
Trd, 4319937.743, 61
Trd, 4319937.843, 61
Trd, 4319938.643, 60
Trd, 4319938.943, 61
Trd, 4319939.293, 140
Trd, 4319939.743, 60
Trd, 4319940.043, 138
Trd, 4319941.493, 140
Trd, 4319942.493, 140
Trd, 4319942.643, 140
Trd, 4319942.893, 118
Trd, 4319944.093, 140
Trd, 4319944.393, 140
Trd, 4319944.793, 136
Trd, 4319945.793, 64
Trd, 4319946.393, 109
Trd, 4319946.743, 135
Trd, 4319948.793, 60
Trd, 4319948.943, 61
Trd, 4319949.793, 66
Trd, 4319949.893, 140
Trd, 4319950.443, 140
Trd, 4319951.193, 139
Trd, 4319951.693, 61
Trd, 4319952.043, 60
Trd, 4319952.893, 60
Trd, 4319953.243, 70
Trd, 4319953.393, 76
Trd, 4319954.543, 140
Trd, 4319954.993, 140
Trd, 4319955.893, 140
Trd, 4319957.743, 104
Trd, 4319958.643, 139
Trd, 4319958.693, 92
Trd, 4319958.793, 79
Trd, 4319959.393, 140
Trd, 4319959.543, 140
Trd, 4319961.393, 140
Trd, 4319961.943, 72
Trd, 4319962.243, 60
Trd, 4319963.143, 66
Trd, 4319963.643, 60
Trd, 4319964.093, 60
Trd, 4319964.443, 66
Trd, 4319964.693, 64
Trd, 4319964.943, 60
Trd, 4319966.093, 60
Trd, 4319966.393, 67
Trd, 4319966.793, 140
Trd, 4319967.093, 139
Trd, 4319968.343, 60
Trd, 4319968.743, 60
Trd, 4319969.843, 60
Trd, 4319970.193, 84
Trd, 4319970.343, 63
Trd, 4319970.893, 62
Trd, 4319971.993, 63
Trd, 4319972.043, 64
Trd, 4319972.843, 60
Trd, 4319973.393, 60
Trd, 4319973.943, 60
Trd, 4319974.193, 64
Trd, 4319975.743, 140
Trd, 4319975.843, 140
Trd, 4319976.193, 138
Trd, 4319977.293, 60
Trd, 4319977.343, 62
Trd, 4319977.593, 140
Trd, 4319978.093, 68
Trd, 4319979.593, 96
Trd, 4319979.743, 85
Trd, 4319981.793, 140
Trd, 4319982.193, 140
Trd, 4319982.243, 139
Trd, 4319982.543, 140
Trd, 4319982.593, 134
Trd, 4319983.343, 60
Trd, 4319984.143, 60
Trd, 4319984.293, 63
Trd, 4319984.493, 60
Trd, 4319985.643, 140
Trd, 4319985.743, 110
Trd, 4319987.143, 137
Trd, 4319987.893, 140
Trd, 4319988.543, 140
Trd, 4319988.843, 140
Trd, 4319989.293, 140
Trd, 4319989.493, 140
Trd, 4319989.943, 138
Trd, 4319989.993, 113
Trd, 4319991.943, 138
Trd, 4319992.093, 139
Trd, 4319993.743, 140
Trd, 4319993.943, 140
Trd, 4319993.993, 140
Trd, 4319994.043, 102
Trd, 4319994.693, 73
Trd, 4319995.843, 140
Trd, 4319997.693, 140
Trd, 4319997.743, 124
Trd, 4319997.793, 124
Trd, 4319999.293, 60
