Trd, 4318135.993, 90
Trd, 4318136.543, 74
Trd, 4318137.143, 75
Trd, 4318137.193, 81
Trd, 4318138.443, 95
Trd, 4318139.493, 113
Trd, 4318140.293, 120
Trd, 4318141.193, 110
Trd, 4318141.643, 140
Trd, 4318143.743, 138
Trd, 4318144.493, 116
Trd, 4318145.343, 120
Trd, 4318145.543, 91
Trd, 4318145.793, 84
Trd, 4318145.843, 87
Trd, 4318146.943, 92
Trd, 4318147.243, 101
Trd, 4318147.343, 79
Trd, 4318147.743, 68
Trd, 4318148.793, 113
Trd, 4318149.943, 94
Trd, 4318150.543, 60
Trd, 4318151.543, 78
Trd, 4318151.943, 73
Trd, 4318152.943, 103
Trd, 4318154.243, 130
Trd, 4318154.393, 126
Trd, 4318154.843, 92
Trd, 4318155.193, 134
Trd, 4318155.793, 104
Trd, 4318156.793, 106
Trd, 4318157.493, 115
Trd, 4318157.593, 115
Trd, 4318157.743, 102
Trd, 4318158.493, 101
Trd, 4318158.793, 92
Trd, 4318159.893, 91
Trd, 4318160.343, 108
Trd, 4318160.993, 87
Trd, 4318162.593, 109
Trd, 4318163.243, 113
Trd, 4318163.593, 117
Trd, 4318163.893, 103
Trd, 4318165.493, 134
Trd, 4318165.893, 105
Trd, 4318167.093, 65
Trd, 4318167.193, 80
Trd, 4318167.493, 107
Trd, 4318167.993, 78
Trd, 4318168.543, 123
Trd, 4318170.093, 133
Trd, 4318170.493, 121
Trd, 4318171.193, 108
Trd, 4318171.343, 86
Trd, 4318172.093, 112
Trd, 4318173.243, 140
Trd, 4318173.293, 132
Trd, 4318174.193, 138
Trd, 4318174.543, 124
Trd, 4318174.643, 115
Trd, 4318175.093, 101
Trd, 4318177.343, 93
Trd, 4318177.493, 140
Trd, 4318177.693, 82
Trd, 4318178.743, 140
Trd, 4318179.243, 126
Trd, 4318179.293, 126
Trd, 4318179.593, 124
Trd, 4318180.093, 100
Trd, 4318181.343, 123
Trd, 4318182.493, 94
Trd, 4318182.743, 108
Trd, 4318182.893, 75
Trd, 4318183.543, 81
Trd, 4318185.493, 62
Trd, 4318185.593, 72
Trd, 4318185.943, 78
Trd, 4318186.843, 71
Trd, 4318186.993, 124
Trd, 4318187.443, 72
Trd, 4318188.143, 95
Trd, 4318188.793, 75
Trd, 4318190.043, 138
Trd, 4318190.193, 98
Trd, 4318191.043, 72
Trd, 4318191.543, 74
Trd, 4318192.243, 72
Trd, 4318192.793, 104
Trd, 4318193.843, 121
Trd, 4318194.393, 137
Trd, 4318194.593, 75
Trd, 4318195.193, 75
Trd, 4318196.143, 120
Trd, 4318196.743, 63
Trd, 4318197.493, 97
Trd, 4318197.693, 66
Trd, 4318198.193, 120
Trd, 4318199.593, 89
Trd, 4318200.143, 96
Trd, 4318200.293, 78
Trd, 4318200.893, 79
Trd, 4318202.193, 62
Trd, 4318203.393, 107
Trd, 4318204.443, 116
Trd, 4318204.893, 117
Trd, 4318205.443, 138
Trd, 4318205.893, 98
Trd, 4318206.193, 115
Trd, 4318208.293, 107
Trd, 4318208.443, 121
Trd, 4318208.593, 94
Trd, 4318208.743, 76
Trd, 4318209.343, 94
Trd, 4318210.593, 101
Trd, 4318211.743, 72
Trd, 4318212.143, 77
Trd, 4318212.743, 82
Trd, 4318213.543, 107
Trd, 4318214.643, 68
Trd, 4318215.593, 90
Trd, 4318215.693, 99
Trd, 4318217.143, 79
Trd, 4318217.293, 119
Trd, 4318217.943, 117
Trd, 4318218.393, 117
Trd, 4318220.593, 90
Trd, 4318221.493, 67
Trd, 4318222.243, 99
Trd, 4318222.393, 100
Trd, 4318223.743, 123
Trd, 4318223.993, 101
Trd, 4318224.143, 101
Trd, 4318225.243, 79
Trd, 4318225.693, 123
Trd, 4318226.043, 100
Trd, 4318226.493, 80
Trd, 4318227.293, 68
Trd, 4318228.343, 76
Trd, 4318228.893, 64
Trd, 4318229.193, 62
Trd, 4318231.393, 132
Trd, 4318232.043, 124
Trd, 4318233.043, 111
Trd, 4318233.143, 104
Trd, 4318233.793, 62
Trd, 4318234.293, 79
Trd, 4318236.543, 110
Trd, 4318237.393, 110
Trd, 4318237.643, 89
Trd, 4318238.143, 73
Trd, 4318238.443, 125
Trd, 4318238.893, 100
Trd, 4318239.143, 111
Trd, 4318240.143, 84
Trd, 4318240.493, 91
Trd, 4318240.693, 77
Trd, 4318242.493, 88
Trd, 4318242.893, 89
Trd, 4318243.343, 131
Trd, 4318243.543, 103
Trd, 4318245.143, 120
Trd, 4318245.843, 120
Trd, 4318247.343, 72
Trd, 4318248.793, 116
Trd, 4318249.193, 131
Trd, 4318249.343, 105
Trd, 4318250.243, 129
Trd, 4318250.793, 105
Trd, 4318251.693, 85
Trd, 4318252.243, 103
Trd, 4318252.643, 96
Trd, 4318253.843, 125
Trd, 4318254.843, 102
Trd, 4318254.943, 92
Trd, 4318256.193, 130
Trd, 4318256.693, 96
Trd, 4318256.843, 90
Trd, 4318257.593, 90
Trd, 4318258.493, 91
Trd, 4318259.793, 90
Trd, 4318260.043, 91
Trd, 4318260.843, 137
Trd, 4318261.593, 102
Trd, 4318261.743, 112
Trd, 4318261.993, 88
Trd, 4318262.943, 115
Trd, 4318263.143, 115
Trd, 4318264.493, 135
Trd, 4318266.543, 137
Trd, 4318266.693, 128
Trd, 4318267.443, 64
Trd, 4318268.243, 119
Trd, 4318268.843, 102
Trd, 4318268.993, 99
Trd, 4318270.593, 93
Trd, 4318270.693, 103
Trd, 4318270.793, 118
Trd, 4318271.543, 122
Trd, 4318271.943, 125
Trd, 4318272.843, 102
Trd, 4318273.843, 121
Trd, 4318273.993, 108
Trd, 4318275.843, 106
Trd, 4318277.193, 99
Trd, 4318277.593, 96
Trd, 4318277.643, 76
Trd, 4318278.243, 116
Trd, 4318278.793, 89
Trd, 4318279.293, 129
Trd, 4318280.493, 124
Trd, 4318280.943, 123
Trd, 4318281.843, 139
Trd, 4318283.093, 96
Trd, 4318284.243, 89
Trd, 4318284.643, 91
Trd, 4318285.093, 98
Trd, 4318285.493, 98
Trd, 4318286.543, 132
Trd, 4318287.343, 131
Trd, 4318287.843, 134
Trd, 4318289.293, 109
Trd, 4318289.793, 92
Trd, 4318291.143, 97
Trd, 4318291.443, 98
Trd, 4318291.543, 104
Trd, 4318291.693, 99
Trd, 4318292.443, 84
Trd, 4318292.793, 94
Trd, 4318293.143, 84
Trd, 4318293.843, 139
Trd, 4318294.993, 112
Trd, 4318295.293, 95
Trd, 4318296.143, 89
Trd, 4318296.343, 136
Trd, 4318297.393, 139
Trd, 4318297.793, 90
Trd, 4318298.543, 111
Trd, 4318299.093, 105
Trd, 4318299.693, 137
Trd, 4318300.793, 140
Trd, 4318302.243, 119
Trd, 4318302.393, 118
Trd, 4318302.643, 98
Trd, 4318302.843, 106
Trd, 4318303.743, 96
Trd, 4318304.993, 80
Trd, 4318305.593, 73
Trd, 4318306.343, 68
Trd, 4318306.643, 116
Trd, 4318308.543, 108
Trd, 4318309.393, 71
Trd, 4318310.093, 76
Trd, 4318310.843, 88
Trd, 4318311.393, 122
Trd, 4318311.443, 87
Trd, 4318312.093, 111
Trd, 4318312.443, 95
Trd, 4318313.593, 86
Trd, 4318314.293, 64
Trd, 4318314.843, 71
Trd, 4318315.193, 63
Trd, 4318316.393, 78
Trd, 4318316.893, 83
Trd, 4318317.843, 104
Trd, 4318318.493, 82
Trd, 4318319.793, 113
Trd, 4318320.893, 134
Trd, 4318320.993, 137
Trd, 4318322.093, 106
Trd, 4318322.493, 125
Trd, 4318323.043, 102
Trd, 4318323.893, 114
Trd, 4318324.643, 114
Trd, 4318325.043, 77
Trd, 4318326.693, 119
Trd, 4318328.593, 102
Trd, 4318328.743, 125
Trd, 4318329.343, 100
Trd, 4318329.543, 104
Trd, 4318329.593, 78
Trd, 4318329.893, 86
Trd, 4318330.193, 77
Trd, 4318331.193, 116
Trd, 4318331.593, 60
Trd, 4318331.793, 109
Trd, 4318332.743, 84
Trd, 4318334.293, 119
Trd, 4318334.643, 61
Trd, 4318334.993, 79
Trd, 4318335.193, 98
Trd, 4318335.743, 107
Trd, 4318336.243, 64
Trd, 4318337.593, 64
Trd, 4318337.693, 71
Trd, 4318338.793, 132
Trd, 4318339.593, 127
Trd, 4318340.893, 116
Trd, 4318341.243, 111
Trd, 4318341.593, 84
Trd, 4318342.993, 140
Trd, 4318343.093, 126
Trd, 4318343.393, 91
Trd, 4318343.643, 111
Trd, 4318344.193, 80
Trd, 4318345.193, 67
Trd, 4318345.543, 94
Trd, 4318346.743, 88
Trd, 4318347.193, 102
Trd, 4318347.943, 138
Trd, 4318349.293, 81
Trd, 4318349.943, 79
Trd, 4318350.693, 84
Trd, 4318351.893, 80
Trd, 4318352.043, 116
Trd, 4318353.043, 103
Trd, 4318353.843, 106
Trd, 4318354.493, 106
Trd, 4318355.493, 107
Trd, 4318357.043, 129
Trd, 4318357.893, 137
Trd, 4318358.343, 139
Trd, 4318359.793, 137
Trd, 4318360.943, 104
Trd, 4318362.143, 100
Trd, 4318362.293, 95
Trd, 4318362.843, 134
Trd, 4318362.893, 118
Trd, 4318363.243, 86
Trd, 4318364.093, 124
Trd, 4318364.793, 79
Trd, 4318366.193, 94
Trd, 4318366.393, 94
Trd, 4318366.793, 140
Trd, 4318367.893, 93
Trd, 4318368.293, 119
Trd, 4318368.993, 99
Trd, 4318369.293, 69
Trd, 4318369.343, 63
Trd, 4318369.843, 121
Trd, 4318371.643, 70
Trd, 4318371.793, 110
Trd, 4318372.793, 77
Trd, 4318373.943, 72
Trd, 4318374.043, 74
Trd, 4318374.793, 87
Trd, 4318374.843, 76
Trd, 4318375.843, 85
Trd, 4318376.493, 80
Trd, 4318376.693, 117
Trd, 4318377.593, 60
Trd, 4318378.093, 67
Trd, 4318378.643, 84
Trd, 4318378.843, 70
Trd, 4318380.843, 99
Trd, 4318381.793, 135
Trd, 4318382.393, 103
Trd, 4318383.193, 118
Trd, 4318383.893, 105
Trd, 4318384.343, 95
Trd, 4318385.093, 73
Trd, 4318385.243, 112
Trd, 4318385.743, 104
Trd, 4318387.193, 114
Trd, 4318387.293, 97
Trd, 4318387.793, 140
Trd, 4318388.093, 113
Trd, 4318390.043, 88
Trd, 4318390.343, 93
Trd, 4318391.693, 140
Trd, 4318394.143, 114
Trd, 4318394.443, 112
Trd, 4318394.793, 104
Trd, 4318395.043, 97
Trd, 4318395.593, 73
Trd, 4318396.443, 83
Trd, 4318397.443, 90
Trd, 4318400.743, 117
Trd, 4318400.793, 87
Trd, 4318400.893, 81
Trd, 4318401.243, 110
Trd, 4318401.743, 74
Trd, 4318402.443, 109
Trd, 4318404.343, 109
Trd, 4318405.593, 117
Trd, 4318405.793, 108
Trd, 4318406.543, 119
Trd, 4318406.643, 113
Trd, 4318407.043, 113
Trd, 4318407.593, 128
Trd, 4318407.893, 103
Trd, 4318408.793, 136
Trd, 4318410.643, 136
Trd, 4318411.293, 140
Trd, 4318411.443, 130
Trd, 4318412.543, 98
Trd, 4318413.193, 96
Trd, 4318413.593, 106
Trd, 4318414.093, 134
Trd, 4318414.843, 92
Trd, 4318415.193, 89
Trd, 4318415.643, 130
Trd, 4318415.793, 130
Trd, 4318416.793, 130
Trd, 4318417.393, 99
Trd, 4318417.993, 94
Trd, 4318418.143, 104
Trd, 4318419.743, 119
Trd, 4318419.943, 75
Trd, 4318420.193, 76
Trd, 4318421.743, 64
Trd, 4318422.393, 121
Trd, 4318422.793, 123
Trd, 4318423.493, 114
Trd, 4318424.343, 96
Trd, 4318425.143, 91
Trd, 4318425.343, 71
Trd, 4318425.793, 64
Trd, 4318426.643, 75
Trd, 4318427.893, 61
Trd, 4318428.143, 80
Trd, 4318428.393, 78
Trd, 4318428.493, 103
Trd, 4318430.293, 88
Trd, 4318431.143, 133
Trd, 4318432.493, 108
Trd, 4318432.593, 134
Trd, 4318432.743, 108
Trd, 4318433.543, 114
Trd, 4318435.043, 117
Trd, 4318435.993, 92
Trd, 4318436.893, 113
Trd, 4318438.193, 121
Trd, 4318438.843, 94
Trd, 4318439.643, 109
Trd, 4318439.943, 94
Trd, 4318440.343, 88
Trd, 4318441.393, 103
Trd, 4318441.593, 118
Trd, 4318443.693, 87
Trd, 4318445.093, 106
Trd, 4318445.443, 120
Trd, 4318446.443, 111
Trd, 4318446.543, 84
Trd, 4318446.743, 106
Trd, 4318447.443, 133
Trd, 4318448.793, 92
Trd, 4318449.393, 107
Trd, 4318449.543, 92
Trd, 4318450.893, 82
Trd, 4318451.493, 97
Trd, 4318451.893, 120
Trd, 4318451.993, 101
Trd, 4318452.843, 83
Trd, 4318454.893, 131
Trd, 4318455.343, 131
Trd, 4318455.743, 109
Trd, 4318455.793, 103
Trd, 4318456.193, 127
Trd, 4318456.793, 102
Trd, 4318457.443, 60
Trd, 4318458.643, 113
Trd, 4318459.043, 116
Trd, 4318460.243, 107
Trd, 4318462.143, 99
Trd, 4318462.293, 93
Trd, 4318462.693, 86
Trd, 4318463.243, 97
Trd, 4318464.593, 133
Trd, 4318464.743, 100
Trd, 4318464.843, 92
Trd, 4318466.643, 112
Trd, 4318467.043, 129
Trd, 4318467.143, 100
Trd, 4318467.893, 109
Trd, 4318468.243, 80
Trd, 4318468.643, 132
Trd, 4318469.143, 71
Trd, 4318469.993, 100
Trd, 4318470.643, 106
Trd, 4318472.643, 86
Trd, 4318472.743, 109
Trd, 4318473.393, 61
Trd, 4318474.893, 104
Trd, 4318475.643, 81
Trd, 4318476.043, 75
Trd, 4318477.393, 60
Trd, 4318477.643, 72
Trd, 4318478.143, 79
Trd, 4318479.293, 119
Trd, 4318480.443, 134
Trd, 4318480.643, 134
Trd, 4318481.093, 121
Trd, 4318481.493, 116
Trd, 4318481.943, 92
Trd, 4318482.693, 133
Trd, 4318483.993, 140
Trd, 4318484.943, 134
Trd, 4318485.293, 109
Trd, 4318486.093, 118
Trd, 4318486.343, 109
Trd, 4318486.493, 96
Trd, 4318487.343, 131
Trd, 4318487.693, 113
Trd, 4318489.693, 76
Trd, 4318490.693, 136
Trd, 4318490.893, 138
Trd, 4318491.393, 137
Trd, 4318492.093, 127
Trd, 4318493.793, 136
Trd, 4318493.943, 109
Trd, 4318495.043, 111
Trd, 4318495.443, 115
Trd, 4318495.793, 121
Trd, 4318496.593, 98
Trd, 4318497.343, 131
Trd, 4318498.193, 126
Trd, 4318499.643, 117
Trd, 4318499.693, 117
Trd, 4318499.793, 135
Trd, 4318500.543, 137
Trd, 4318501.243, 130
Trd, 4318501.943, 105
Trd, 4318502.243, 121
Trd, 4318502.693, 87
Trd, 4318503.593, 124
Trd, 4318504.693, 104
Trd, 4318505.093, 127
Trd, 4318505.893, 121
Trd, 4318507.043, 67
Trd, 4318508.043, 97
Trd, 4318509.093, 77
Trd, 4318509.843, 76
Trd, 4318510.643, 132
Trd, 4318511.093, 137
Trd, 4318511.293, 127
Trd, 4318511.593, 110
Trd, 4318512.443, 100
Trd, 4318513.443, 128
Trd, 4318514.643, 117
Trd, 4318515.093, 110
Trd, 4318515.493, 131
Trd, 4318516.493, 133
Trd, 4318516.693, 133
Trd, 4318517.543, 137
Trd, 4318517.743, 123
Trd, 4318518.443, 137
Trd, 4318519.543, 96
Trd, 4318519.943, 112
Trd, 4318520.043, 94
Trd, 4318521.343, 100
Trd, 4318521.393, 92
Trd, 4318521.543, 98
Trd, 4318522.193, 89
Trd, 4318522.893, 78
Trd, 4318524.243, 134
Trd, 4318524.593, 100
Trd, 4318525.543, 135
Trd, 4318526.093, 129
Trd, 4318526.893, 108
Trd, 4318527.743, 101
Trd, 4318528.593, 105
Trd, 4318529.393, 113
Trd, 4318531.543, 79
Trd, 4318531.593, 77
Trd, 4318532.493, 120
Trd, 4318532.593, 103
Trd, 4318532.893, 97
Trd, 4318533.843, 99
Trd, 4318534.093, 98
Trd, 4318535.193, 91
Trd, 4318536.593, 99
Trd, 4318536.893, 128
Trd, 4318537.493, 93
Trd, 4318539.193, 127
Trd, 4318539.893, 134
Trd, 4318540.993, 107
Trd, 4318541.093, 107
Trd, 4318541.593, 89
Trd, 4318541.943, 86
Trd, 4318543.743, 124
Trd, 4318544.443, 130
Trd, 4318544.643, 117
Trd, 4318545.143, 139
Trd, 4318546.293, 98
Trd, 4318546.793, 95
Trd, 4318547.293, 134
Trd, 4318547.893, 109
Trd, 4318548.093, 101
Trd, 4318549.993, 129
Trd, 4318550.143, 120
Trd, 4318550.393, 105
Trd, 4318551.393, 140
Trd, 4318552.543, 122
Trd, 4318552.593, 78
Trd, 4318554.393, 107
Trd, 4318554.843, 116
Trd, 4318554.943, 116
Trd, 4318555.893, 80
Trd, 4318556.193, 83
Trd, 4318556.843, 109
Trd, 4318557.893, 63
Trd, 4318557.993, 64
Trd, 4318558.193, 66
Trd, 4318558.643, 65
Trd, 4318560.393, 92
Trd, 4318560.643, 102
Trd, 4318560.993, 91
Trd, 4318561.543, 132
Trd, 4318562.493, 97
Trd, 4318565.043, 109
Trd, 4318565.543, 118
Trd, 4318566.243, 129
Trd, 4318567.143, 104
Trd, 4318567.893, 101
Trd, 4318568.093, 97
Trd, 4318568.543, 85
Trd, 4318569.593, 111
Trd, 4318569.793, 114
Trd, 4318569.843, 96
Trd, 4318569.893, 93
Trd, 4318570.793, 83
Trd, 4318570.993, 77
Trd, 4318572.943, 127
Trd, 4318573.293, 134
Trd, 4318573.543, 130
Trd, 4318573.593, 120
Trd, 4318573.943, 120
Trd, 4318575.243, 119
Trd, 4318575.643, 122
Trd, 4318576.443, 98
Trd, 4318577.443, 124
Trd, 4318577.643, 100
Trd, 4318578.143, 112
Trd, 4318578.293, 92
Trd, 4318579.093, 109
Trd, 4318579.893, 99
Trd, 4318580.993, 70
Trd, 4318581.443, 73
Trd, 4318581.693, 82
Trd, 4318583.143, 99
Trd, 4318583.393, 67
Trd, 4318584.043, 106
Trd, 4318584.443, 122
Trd, 4318584.843, 105
Trd, 4318585.293, 105
Trd, 4318586.543, 136
Trd, 4318586.893, 112
Trd, 4318587.793, 86
Trd, 4318587.943, 117
Trd, 4318589.843, 140
Trd, 4318590.143, 111
Trd, 4318590.843, 92
Trd, 4318591.043, 114
Trd, 4318592.593, 134
Trd, 4318592.643, 100
Trd, 4318592.693, 100
Trd, 4318592.993, 137
Trd, 4318593.793, 135
Trd, 4318594.693, 115
Trd, 4318596.393, 75
Trd, 4318596.843, 66
Trd, 4318597.593, 61
Trd, 4318597.743, 67
Trd, 4318598.543, 113
Trd, 4318599.193, 132
Trd, 4318599.493, 75
Trd, 4318600.643, 134
Trd, 4318601.143, 99
Trd, 4318601.393, 98
Trd, 4318602.743, 136
Trd, 4318603.943, 103
Trd, 4318605.443, 134
Trd, 4318606.243, 135
Trd, 4318606.843, 135
Trd, 4318607.693, 127
Trd, 4318608.393, 106
Trd, 4318610.343, 133
Trd, 4318611.593, 128
Trd, 4318611.643, 128
Trd, 4318612.493, 103
Trd, 4318612.693, 76
Trd, 4318613.443, 69
Trd, 4318614.343, 68
Trd, 4318614.843, 110
Trd, 4318615.443, 132
Trd, 4318616.343, 134
Trd, 4318616.443, 105
Trd, 4318616.493, 96
Trd, 4318616.643, 80
Trd, 4318617.543, 91
Trd, 4318618.593, 130
Trd, 4318619.043, 105
Trd, 4318619.843, 119
Trd, 4318621.043, 120
Trd, 4318621.193, 132
Trd, 4318621.243, 120
Trd, 4318622.793, 103
Trd, 4318622.943, 102
Trd, 4318623.943, 102
Trd, 4318624.193, 136
Trd, 4318624.293, 113
Trd, 4318624.643, 93
Trd, 4318625.293, 133
Trd, 4318625.543, 124
Trd, 4318626.893, 103
Trd, 4318627.193, 126
Trd, 4318628.293, 123
Trd, 4318629.193, 117
Trd, 4318629.393, 113
Trd, 4318629.793, 96
Trd, 4318630.393, 123
Trd, 4318630.943, 129
Trd, 4318631.593, 69
Trd, 4318632.143, 82
Trd, 4318633.993, 140
Trd, 4318634.593, 128
Trd, 4318635.143, 122
Trd, 4318636.093, 95
Trd, 4318637.093, 135
Trd, 4318638.393, 140
Trd, 4318638.493, 112
Trd, 4318638.643, 112
Trd, 4318638.843, 108
Trd, 4318640.443, 73
Trd, 4318641.143, 71
Trd, 4318641.293, 83
Trd, 4318641.893, 119
Trd, 4318642.543, 79
Trd, 4318642.693, 78
Trd, 4318642.993, 99
Trd, 4318644.343, 119
Trd, 4318647.643, 104
Trd, 4318647.943, 92
Trd, 4318648.343, 88
Trd, 4318648.493, 83
Trd, 4318648.793, 63
Trd, 4318649.343, 61
Trd, 4318650.243, 64
Trd, 4318650.493, 81
Trd, 4318651.943, 125
Trd, 4318652.143, 77
Trd, 4318652.243, 74
Trd, 4318652.693, 68
Trd, 4318653.493, 124
Trd, 4318653.893, 117
Trd, 4318654.593, 98
Trd, 4318655.093, 85
Trd, 4318656.293, 110
Trd, 4318656.793, 88
Trd, 4318658.293, 125
Trd, 4318659.093, 97
Trd, 4318659.243, 97
Trd, 4318659.943, 79
Trd, 4318660.443, 85
Trd, 4318661.343, 83
Trd, 4318662.543, 123
Trd, 4318663.243, 81
Trd, 4318663.293, 78
Trd, 4318663.893, 140
Trd, 4318665.143, 90
Trd, 4318665.593, 104
Trd, 4318666.343, 125
Trd, 4318668.343, 100
Trd, 4318668.493, 97
Trd, 4318668.593, 109
Trd, 4318669.043, 81
Trd, 4318669.543, 74
Trd, 4318669.693, 75
Trd, 4318670.993, 95
Trd, 4318671.393, 98
Trd, 4318671.443, 84
Trd, 4318671.743, 72
Trd, 4318672.743, 62
Trd, 4318672.893, 69
Trd, 4318674.543, 81
Trd, 4318675.393, 76
Trd, 4318676.793, 132
Trd, 4318677.343, 131
Trd, 4318677.493, 105
Trd, 4318677.793, 101
Trd, 4318679.643, 118
Trd, 4318680.493, 108
Trd, 4318680.843, 130
Trd, 4318681.393, 108
Trd, 4318682.243, 118
Trd, 4318682.543, 108
Trd, 4318682.743, 129
Trd, 4318684.143, 125
Trd, 4318684.643, 137
Trd, 4318685.243, 134
Trd, 4318685.893, 138
Trd, 4318686.843, 125
Trd, 4318689.243, 79
Trd, 4318689.793, 107
Trd, 4318689.943, 121
Trd, 4318690.343, 122
Trd, 4318691.043, 86
Trd, 4318691.793, 134
Trd, 4318692.993, 88
Trd, 4318694.593, 88
Trd, 4318695.043, 82
Trd, 4318695.093, 92
Trd, 4318695.243, 66
Trd, 4318695.693, 128
Trd, 4318696.543, 135
Trd, 4318697.243, 132
Trd, 4318697.393, 110
Trd, 4318698.793, 123
Trd, 4318700.993, 136
Trd, 4318701.693, 123
Trd, 4318701.743, 107
Trd, 4318702.693, 111
Trd, 4318703.393, 125
Trd, 4318704.293, 111
Trd, 4318704.443, 129
Trd, 4318705.143, 111
Trd, 4318705.243, 125
Trd, 4318705.393, 89
Trd, 4318707.743, 122
Trd, 4318708.493, 120
Trd, 4318708.793, 120
Trd, 4318709.693, 112
Trd, 4318709.943, 110
Trd, 4318710.593, 114
Trd, 4318711.193, 96
Trd, 4318711.593, 129
Trd, 4318712.343, 129
Trd, 4318713.893, 129
Trd, 4318715.293, 129
Trd, 4318715.593, 104
Trd, 4318715.743, 110
Trd, 4318716.743, 98
Trd, 4318717.693, 99
Trd, 4318718.293, 122
Trd, 4318719.143, 139
Trd, 4318719.193, 139
Trd, 4318719.743, 118
Trd, 4318720.293, 133
Trd, 4318721.793, 110
Trd, 4318721.843, 109
Trd, 4318722.593, 106
Trd, 4318723.693, 121
Trd, 4318723.993, 118
Trd, 4318724.143, 117
Trd, 4318724.543, 67
Trd, 4318725.093, 78
Trd, 4318725.693, 125
Trd, 4318726.393, 98
Trd, 4318727.943, 135
Trd, 4318728.893, 130
Trd, 4318729.643, 124
Trd, 4318729.893, 118
Trd, 4318730.393, 107
Trd, 4318730.743, 103
Trd, 4318731.143, 126
Trd, 4318731.493, 116
Trd, 4318731.693, 73
Trd, 4318732.243, 116
Trd, 4318733.843, 105
Trd, 4318734.093, 130
Trd, 4318734.293, 128
Trd, 4318735.593, 69
Trd, 4318736.293, 125
Trd, 4318737.093, 65
Trd, 4318738.143, 132
Trd, 4318738.193, 132
Trd, 4318738.693, 97
Trd, 4318739.193, 93
Trd, 4318739.893, 111
Trd, 4318741.493, 122
Trd, 4318742.193, 138
Trd, 4318742.393, 122
Trd, 4318743.893, 134
Trd, 4318744.693, 137
Trd, 4318745.393, 134
Trd, 4318745.643, 127
Trd, 4318745.943, 125
Trd, 4318746.493, 121
Trd, 4318746.743, 96
Trd, 4318747.093, 110
Trd, 4318747.293, 108
Trd, 4318747.393, 108
Trd, 4318747.743, 109
Trd, 4318748.193, 65
Trd, 4318751.343, 117
Trd, 4318751.493, 117
Trd, 4318751.643, 101
Trd, 4318752.143, 104
Trd, 4318752.693, 100
Trd, 4318753.043, 107
Trd, 4318754.993, 71
Trd, 4318755.493, 107
Trd, 4318755.693, 125
Trd, 4318756.493, 88
Trd, 4318757.293, 108
Trd, 4318757.943, 98
Trd, 4318758.193, 98
Trd, 4318758.443, 93
Trd, 4318759.993, 101
Trd, 4318760.593, 62
Trd, 4318760.743, 77
Trd, 4318761.343, 91
Trd, 4318762.793, 66
Trd, 4318763.243, 80
Trd, 4318764.393, 83
Trd, 4318764.593, 91
Trd, 4318765.043, 68
Trd, 4318765.293, 119
Trd, 4318766.943, 140
Trd, 4318768.343, 110
Trd, 4318769.143, 87
Trd, 4318769.743, 96
Trd, 4318769.943, 86
Trd, 4318770.393, 101
Trd, 4318771.393, 114
Trd, 4318772.193, 106
Trd, 4318772.993, 103
Trd, 4318773.343, 116
Trd, 4318775.493, 138
Trd, 4318776.093, 119
Trd, 4318776.843, 97
Trd, 4318777.143, 130
Trd, 4318777.993, 131
Trd, 4318778.843, 124
Trd, 4318779.393, 110
Trd, 4318780.293, 136
Trd, 4318780.543, 87
Trd, 4318781.043, 122
Trd, 4318781.943, 129
Trd, 4318782.843, 103
Trd, 4318783.893, 93
Trd, 4318784.093, 118
Trd, 4318784.743, 130
Trd, 4318785.743, 106
Trd, 4318786.343, 98
Trd, 4318786.393, 87
Trd, 4318786.643, 106
Trd, 4318787.593, 63
Trd, 4318788.043, 68
Trd, 4318788.643, 67
Trd, 4318790.143, 86
Trd, 4318791.193, 132
Trd, 4318791.443, 112
Trd, 4318791.743, 112
Trd, 4318792.393, 115
Trd, 4318793.393, 108
Trd, 4318793.593, 77
Trd, 4318794.493, 99
Trd, 4318794.843, 115
Trd, 4318795.443, 76
Trd, 4318795.693, 129
Trd, 4318797.743, 125
Trd, 4318797.993, 102
Trd, 4318798.593, 70
Trd, 4318799.243, 101
Trd, 4318799.293, 66
Trd, 4318799.893, 60
Trd, 4318800.093, 126
Trd, 4318801.143, 114
Trd, 4318802.393, 90
Trd, 4318803.393, 127
Trd, 4318804.293, 127
Trd, 4318804.343, 116
Trd, 4318804.543, 99
Trd, 4318805.043, 128
Trd, 4318806.643, 111
Trd, 4318807.043, 97
Trd, 4318807.293, 88
Trd, 4318807.693, 88
Trd, 4318810.143, 128
Trd, 4318810.543, 128
Trd, 4318811.243, 110
Trd, 4318811.393, 100
Trd, 4318811.943, 133
Trd, 4318812.643, 137
Trd, 4318813.243, 118
Trd, 4318814.043, 123
Trd, 4318814.443, 125
Trd, 4318814.893, 107
Trd, 4318815.193, 115
Trd, 4318815.693, 106
Trd, 4318817.893, 133
Trd, 4318818.443, 129
Trd, 4318819.443, 135
Trd, 4318819.693, 139
Trd, 4318821.043, 123
Trd, 4318821.393, 138
Trd, 4318821.943, 71
Trd, 4318822.643, 81
Trd, 4318823.043, 72
Trd, 4318824.043, 60
Trd, 4318824.443, 62
Trd, 4318824.493, 100
Trd, 4318825.093, 99
Trd, 4318825.493, 95
Trd, 4318825.793, 140
Trd, 4318826.593, 125
Trd, 4318828.043, 122
Trd, 4318828.143, 122
Trd, 4318829.643, 69
Trd, 4318830.043, 65
Trd, 4318830.243, 61
Trd, 4318830.543, 105
Trd, 4318831.893, 109
Trd, 4318832.043, 93
Trd, 4318833.043, 123
Trd, 4318833.893, 88
Trd, 4318835.293, 82
Trd, 4318836.093, 124
Trd, 4318836.143, 124
Trd, 4318836.443, 103
Trd, 4318836.943, 76
Trd, 4318837.593, 98
Trd, 4318837.993, 88
Trd, 4318838.093, 129
Trd, 4318838.543, 73
Trd, 4318839.043, 133
Trd, 4318839.693, 73
Trd, 4318841.043, 76
Trd, 4318841.293, 64
Trd, 4318841.643, 77
Trd, 4318842.293, 103
Trd, 4318843.843, 107
Trd, 4318843.993, 101
Trd, 4318846.043, 133
Trd, 4318846.593, 130
Trd, 4318846.993, 127
Trd, 4318847.193, 122
Trd, 4318847.543, 135
Trd, 4318848.443, 114
Trd, 4318849.493, 95
Trd, 4318849.643, 92
Trd, 4318850.443, 91
Trd, 4318850.943, 120
Trd, 4318851.393, 128
Trd, 4318851.593, 95
Trd, 4318854.243, 113
Trd, 4318856.493, 112
Trd, 4318856.993, 110
Trd, 4318857.893, 105
Trd, 4318858.093, 98
Trd, 4318858.393, 79
Trd, 4318858.443, 105
Trd, 4318858.693, 86
Trd, 4318859.743, 91
Trd, 4318860.393, 107
Trd, 4318860.793, 84
Trd, 4318861.143, 90
Trd, 4318861.793, 117
Trd, 4318862.343, 79
Trd, 4318862.943, 87
Trd, 4318864.543, 133
Trd, 4318865.243, 81
Trd, 4318865.843, 72
Trd, 4318866.343, 65
Trd, 4318867.893, 115
Trd, 4318868.093, 115
Trd, 4318868.643, 127
Trd, 4318868.743, 118
Trd, 4318870.343, 90
Trd, 4318870.693, 110
Trd, 4318870.743, 73
Trd, 4318871.093, 67
Trd, 4318871.593, 62
Trd, 4318871.743, 104
Trd, 4318872.743, 132
Trd, 4318872.993, 73
Trd, 4318874.293, 104
Trd, 4318877.093, 94
Trd, 4318877.693, 139
Trd, 4318877.943, 117
Trd, 4318878.893, 80
Trd, 4318879.843, 120
Trd, 4318880.493, 115
Trd, 4318881.543, 135
Trd, 4318881.993, 135
Trd, 4318882.393, 126
Trd, 4318882.743, 121
Trd, 4318882.843, 97
Trd, 4318883.543, 91
Trd, 4318884.843, 79
Trd, 4318886.293, 66
Trd, 4318887.043, 69
Trd, 4318887.343, 68
Trd, 4318887.393, 76
Trd, 4318887.543, 95
Trd, 4318888.543, 116
Trd, 4318888.693, 94
Trd, 4318890.843, 140
Trd, 4318890.943, 103
Trd, 4318891.543, 98
Trd, 4318892.593, 98
Trd, 4318893.593, 108
Trd, 4318893.843, 120
Trd, 4318895.393, 127
Trd, 4318895.793, 126
Trd, 4318896.593, 86
Trd, 4318897.293, 110
Trd, 4318898.693, 70
Trd, 4318899.043, 63
Trd, 4318899.943, 82
Trd, 4318901.143, 68
Trd, 4318901.893, 117
Trd, 4318902.693, 105
Trd, 4318903.693, 139
Trd, 4318903.743, 132
Trd, 4318904.843, 136
Trd, 4318905.743, 138
Trd, 4318907.543, 126
Trd, 4318908.343, 124
Trd, 4318908.593, 124
Trd, 4318909.643, 137
Trd, 4318909.993, 126
Trd, 4318910.393, 127
Trd, 4318910.743, 115
Trd, 4318911.243, 98
Trd, 4318911.493, 95
Trd, 4318912.393, 117
Trd, 4318913.243, 122
Trd, 4318914.293, 123
Trd, 4318914.343, 94
Trd, 4318914.643, 92
Trd, 4318914.793, 77
Trd, 4318915.193, 96
Trd, 4318916.093, 101
Trd, 4318917.293, 89
Trd, 4318917.943, 71
Trd, 4318918.493, 105
Trd, 4318919.493, 120
Trd, 4318919.793, 111
Trd, 4318919.843, 92
Trd, 4318920.343, 102
Trd, 4318921.343, 73
Trd, 4318921.693, 73
Trd, 4318922.093, 117
Trd, 4318922.843, 140
Trd, 4318923.443, 136
Trd, 4318923.643, 136
Trd, 4318926.093, 130
Trd, 4318926.243, 135
Trd, 4318926.793, 110
Trd, 4318927.693, 139
Trd, 4318928.643, 138
Trd, 4318929.243, 128
Trd, 4318929.593, 129
Trd, 4318930.693, 60
Trd, 4318930.993, 76
Trd, 4318932.593, 109
Trd, 4318932.643, 106
Trd, 4318934.243, 138
Trd, 4318934.543, 135
Trd, 4318934.593, 131
Trd, 4318935.443, 128
Trd, 4318935.843, 89
Trd, 4318936.693, 122
Trd, 4318936.743, 106
Trd, 4318937.193, 70
Trd, 4318938.293, 67
Trd, 4318938.343, 89
Trd, 4318940.093, 132
Trd, 4318940.393, 119
Trd, 4318940.493, 112
Trd, 4318941.093, 109
Trd, 4318942.043, 99
Trd, 4318942.893, 77
Trd, 4318943.743, 136
Trd, 4318944.193, 111
Trd, 4318944.243, 111
Trd, 4318945.143, 81
Trd, 4318946.243, 135
Trd, 4318946.293, 133
Trd, 4318947.843, 85
Trd, 4318948.293, 106
Trd, 4318949.443, 116
Trd, 4318949.643, 110
Trd, 4318949.693, 94
Trd, 4318951.343, 93
Trd, 4318951.593, 98
Trd, 4318953.543, 105
Trd, 4318953.643, 105
Trd, 4318953.893, 89
Trd, 4318954.193, 84
Trd, 4318954.243, 77
Trd, 4318954.493, 60
Trd, 4318955.393, 101
Trd, 4318957.043, 72
Trd, 4318957.243, 93
Trd, 4318958.993, 61
Trd, 4318959.093, 100
Trd, 4318960.293, 134
Trd, 4318961.943, 132
Trd, 4318962.993, 131
Trd, 4318963.843, 130
Trd, 4318964.193, 108
Trd, 4318964.243, 104
Trd, 4318964.893, 139
Trd, 4318965.343, 74
Trd, 4318965.643, 90
Trd, 4318967.093, 119
Trd, 4318967.143, 119
Trd, 4318967.643, 99
Trd, 4318969.543, 136
Trd, 4318970.243, 115
Trd, 4318971.043, 111
Trd, 4318971.193, 93
Trd, 4318972.793, 114
Trd, 4318974.293, 132
Trd, 4318975.743, 114
Trd, 4318976.443, 98
Trd, 4318977.343, 88
Trd, 4318978.093, 140
Trd, 4318978.143, 119
Trd, 4318978.493, 92
Trd, 4318979.393, 85
Trd, 4318979.843, 65
Trd, 4318980.843, 94
Trd, 4318981.293, 98
Trd, 4318983.143, 124
Trd, 4318984.193, 124
Trd, 4318984.643, 111
Trd, 4318984.693, 99
Trd, 4318984.893, 109
Trd, 4318985.743, 114
Trd, 4318986.643, 125
Trd, 4318986.693, 90
Trd, 4318986.893, 88
Trd, 4318987.143, 83
Trd, 4318988.243, 98
Trd, 4318988.843, 120
Trd, 4318989.293, 78
Trd, 4318990.493, 105
Trd, 4318990.993, 126
Trd, 4318991.443, 98
Trd, 4318992.443, 86
Trd, 4318993.043, 80
Trd, 4318993.543, 89
Trd, 4318994.643, 129
Trd, 4318995.243, 138
Trd, 4318996.293, 97
Trd, 4318996.493, 112
Trd, 4318996.793, 129
Trd, 4318997.643, 92
Trd, 4318997.993, 92
Trd, 4318999.793, 124
Trd, 4318999.893, 114
Trd, 4319000.393, 98
Trd, 4319001.293, 129
Trd, 4319002.943, 98
Trd, 4319003.243, 93
Trd, 4319003.743, 130
Trd, 4319004.343, 105
Trd, 4319004.443, 98
Trd, 4319005.793, 92
Trd, 4319006.143, 74
Trd, 4319006.493, 89
Trd, 4319006.793, 107
Trd, 4319008.393, 129
Trd, 4319009.343, 129
Trd, 4319010.143, 126
Trd, 4319010.693, 123
Trd, 4319011.343, 123
Trd, 4319011.843, 123
Trd, 4319012.543, 113
Trd, 4319013.043, 93
Trd, 4319013.793, 88
Trd, 4319013.893, 140
Trd, 4319014.793, 85
Trd, 4319015.343, 72
Trd, 4319016.593, 86
Trd, 4319017.793, 135
Trd, 4319020.343, 125
Trd, 4319020.743, 125
Trd, 4319020.793, 123
Trd, 4319020.943, 119
Trd, 4319021.143, 135
Trd, 4319021.393, 132
Trd, 4319021.693, 82
Trd, 4319023.543, 110
Trd, 4319023.743, 80
Trd, 4319024.593, 125
Trd, 4319025.443, 130
Trd, 4319026.743, 85
Trd, 4319026.993, 79
Trd, 4319027.343, 121
Trd, 4319028.143, 124
Trd, 4319028.743, 115
Trd, 4319030.243, 128
Trd, 4319030.393, 117
Trd, 4319031.043, 115
Trd, 4319032.743, 108
Trd, 4319033.093, 87
Trd, 4319035.343, 138
Trd, 4319036.143, 136
Trd, 4319036.443, 119
Trd, 4319037.893, 105
Trd, 4319038.343, 75
Trd, 4319038.843, 106
Trd, 4319039.193, 108
Trd, 4319040.443, 83
Trd, 4319041.393, 91
Trd, 4319042.243, 78
Trd, 4319042.543, 107
Trd, 4319043.793, 67
Trd, 4319044.243, 63
Trd, 4319044.793, 67
Trd, 4319047.343, 110
Trd, 4319047.543, 110
Trd, 4319048.693, 137
Trd, 4319048.893, 111
Trd, 4319049.943, 95
Trd, 4319050.243, 105
Trd, 4319050.643, 113
Trd, 4319051.443, 92
Trd, 4319051.993, 74
Trd, 4319052.043, 85
Trd, 4319052.243, 92
Trd, 4319052.543, 73
Trd, 4319054.793, 124
Trd, 4319054.993, 119
Trd, 4319055.543, 130
Trd, 4319056.343, 99
Trd, 4319056.943, 110
Trd, 4319057.393, 84
Trd, 4319058.293, 60
Trd, 4319058.593, 114
Trd, 4319059.143, 89
Trd, 4319060.593, 90
Trd, 4319061.043, 91
Trd, 4319061.793, 114
Trd, 4319061.993, 131
Trd, 4319062.043, 104
Trd, 4319063.443, 106
Trd, 4319063.693, 114
Trd, 4319063.743, 123
Trd, 4319064.993, 104
Trd, 4319066.393, 136
Trd, 4319066.843, 110
Trd, 4319067.743, 97
Trd, 4319068.043, 70
Trd, 4319068.643, 61
Trd, 4319069.193, 110
Trd, 4319070.593, 137
Trd, 4319071.243, 126
Trd, 4319071.793, 129
Trd, 4319072.693, 125
Trd, 4319073.943, 121
Trd, 4319074.093, 113
Trd, 4319074.593, 99
Trd, 4319075.243, 82
Trd, 4319075.393, 65
Trd, 4319075.743, 76
Trd, 4319076.893, 62
Trd, 4319077.443, 66
Trd, 4319077.843, 78
Trd, 4319078.643, 61
Trd, 4319079.393, 72
Trd, 4319079.743, 117
Trd, 4319081.043, 62
Trd, 4319081.293, 77
Trd, 4319081.643, 85
Trd, 4319082.743, 112
Trd, 4319082.943, 65
Trd, 4319084.093, 106
Trd, 4319084.643, 83
Trd, 4319086.043, 73
Trd, 4319086.843, 132
Trd, 4319087.843, 111
Trd, 4319087.943, 103
Trd, 4319088.893, 87
Trd, 4319089.243, 92
Trd, 4319089.693, 75
Trd, 4319090.393, 95
Trd, 4319090.593, 63
Trd, 4319091.393, 132
Trd, 4319094.043, 132
Trd, 4319094.293, 99
Trd, 4319094.393, 97
Trd, 4319095.443, 104
Trd, 4319095.543, 102
Trd, 4319096.293, 126
Trd, 4319096.393, 126
Trd, 4319096.593, 128
Trd, 4319097.843, 123
Trd, 4319097.943, 112
Trd, 4319100.093, 94
Trd, 4319100.343, 120
Trd, 4319100.543, 112
Trd, 4319101.143, 121
Trd, 4319101.843, 94
Trd, 4319102.393, 61
Trd, 4319102.943, 68
Trd, 4319103.893, 65
Trd, 4319105.093, 114
Trd, 4319106.493, 81
Trd, 4319106.643, 74
Trd, 4319106.993, 98
Trd, 4319107.143, 76
Trd, 4319108.243, 99
Trd, 4319109.593, 111
Trd, 4319110.093, 112
Trd, 4319110.743, 114
Trd, 4319111.193, 108
Trd, 4319111.343, 89
Trd, 4319111.593, 103
Trd, 4319111.993, 94
Trd, 4319112.743, 134
Trd, 4319113.943, 107
Trd, 4319114.193, 133
Trd, 4319116.793, 139
Trd, 4319116.893, 124
Trd, 4319117.593, 133
Trd, 4319117.793, 130
Trd, 4319117.993, 97
Trd, 4319118.693, 100
Trd, 4319119.493, 125
Trd, 4319120.393, 79
Trd, 4319120.593, 77
Trd, 4319120.693, 75
Trd, 4319121.893, 109
Trd, 4319122.193, 116
Trd, 4319122.743, 123
Trd, 4319123.443, 109
Trd, 4319123.643, 94
Trd, 4319123.893, 126
Trd, 4319124.593, 91
Trd, 4319125.393, 82
Trd, 4319125.943, 78
Trd, 4319125.993, 91
Trd, 4319128.593, 80
Trd, 4319129.643, 111
Trd, 4319129.843, 107
Trd, 4319130.693, 60
Trd, 4319130.943, 97
Trd, 4319131.143, 103
Trd, 4319131.243, 77
Trd, 4319131.793, 73
Trd, 4319133.793, 96
Trd, 4319134.443, 70
Trd, 4319135.793, 112
Trd, 4319135.993, 89
Trd, 4319136.493, 101
Trd, 4319136.793, 75
Trd, 4319138.293, 82
Trd, 4319138.743, 70
Trd, 4319139.543, 83
Trd, 4319142.043, 90
Trd, 4319142.543, 84
Trd, 4319143.443, 117
Trd, 4319143.993, 70
Trd, 4319145.543, 101
Trd, 4319146.193, 62
Trd, 4319146.893, 105
Trd, 4319147.343, 108
Trd, 4319147.443, 103
Trd, 4319147.993, 73
Trd, 4319148.293, 111
Trd, 4319148.543, 120
Trd, 4319148.893, 97
Trd, 4319150.343, 135
Trd, 4319151.543, 106
Trd, 4319152.043, 106
Trd, 4319152.093, 121
Trd, 4319153.643, 90
Trd, 4319153.843, 111
Trd, 4319154.343, 85
Trd, 4319155.193, 107
Trd, 4319155.393, 81
Trd, 4319155.693, 98
Trd, 4319156.793, 108
Trd, 4319158.643, 133
Trd, 4319158.743, 133
Trd, 4319159.143, 100
Trd, 4319159.443, 120
Trd, 4319160.893, 114
Trd, 4319161.193, 130
Trd, 4319162.193, 127
Trd, 4319163.293, 118
Trd, 4319163.343, 111
Trd, 4319163.893, 134
Trd, 4319165.593, 98
Trd, 4319165.893, 72
Trd, 4319165.993, 105
Trd, 4319167.943, 108
Trd, 4319168.143, 128
Trd, 4319168.893, 78
Trd, 4319169.843, 73
Trd, 4319170.743, 73
Trd, 4319170.843, 115
Trd, 4319171.193, 79
Trd, 4319171.443, 69
Trd, 4319172.393, 135
Trd, 4319172.893, 81
Trd, 4319174.943, 124
Trd, 4319175.043, 124
Trd, 4319175.943, 102
Trd, 4319176.343, 71
Trd, 4319177.593, 66
Trd, 4319178.693, 61
Trd, 4319180.593, 75
Trd, 4319180.943, 89
Trd, 4319181.793, 89
Trd, 4319181.843, 91
Trd, 4319182.343, 73
Trd, 4319182.593, 69
Trd, 4319183.843, 105
Trd, 4319183.943, 125
Trd, 4319183.993, 95
Trd, 4319185.443, 114
Trd, 4319186.093, 112
Trd, 4319186.643, 98
Trd, 4319188.043, 68
Trd, 4319189.343, 65
Trd, 4319189.543, 65
Trd, 4319190.093, 116
Trd, 4319190.593, 117
Trd, 4319192.093, 87
Trd, 4319192.343, 119
Trd, 4319192.943, 70
Trd, 4319193.043, 119
Trd, 4319193.593, 69
Trd, 4319194.393, 88
Trd, 4319194.843, 112
Trd, 4319195.943, 100
Trd, 4319196.093, 122
Trd, 4319196.393, 99
Trd, 4319197.243, 123
Trd, 4319197.993, 115
Trd, 4319199.393, 70
Trd, 4319199.793, 109
Trd, 4319200.843, 138
Trd, 4319201.893, 140
Trd, 4319202.593, 98
Trd, 4319203.093, 95
Trd, 4319203.543, 123
Trd, 4319204.493, 95
Trd, 4319205.193, 140
Trd, 4319205.243, 139
Trd, 4319205.743, 109
Trd, 4319206.043, 108
Trd, 4319206.793, 106
Trd, 4319208.293, 77
Trd, 4319208.643, 91
Trd, 4319209.943, 127
Trd, 4319210.193, 139
Trd, 4319211.093, 86
Trd, 4319212.393, 127
Trd, 4319212.693, 109
Trd, 4319212.743, 94
Trd, 4319213.843, 139
Trd, 4319214.943, 131
Trd, 4319215.093, 115
Trd, 4319216.043, 106
Trd, 4319216.543, 82
Trd, 4319216.793, 93
Trd, 4319216.993, 117
Trd, 4319217.643, 61
Trd, 4319217.893, 100
Trd, 4319219.393, 133
Trd, 4319220.543, 91
Trd, 4319221.193, 81
Trd, 4319223.093, 136
Trd, 4319223.443, 121
Trd, 4319223.543, 140
Trd, 4319223.743, 117
Trd, 4319224.043, 101
Trd, 4319224.193, 114
Trd, 4319224.743, 97
Trd, 4319226.493, 112
Trd, 4319226.743, 123
Trd, 4319228.043, 122
Trd, 4319229.193, 99
Trd, 4319229.493, 80
Trd, 4319229.843, 67
Trd, 4319230.293, 80
Trd, 4319230.693, 64
Trd, 4319232.243, 79
Trd, 4319232.393, 83
Trd, 4319233.843, 96
Trd, 4319235.043, 128
Trd, 4319235.243, 136
Trd, 4319236.143, 128
Trd, 4319237.243, 129
Trd, 4319237.443, 131
Trd, 4319237.643, 118
Trd, 4319238.293, 118
Trd, 4319239.093, 100
Trd, 4319240.493, 83
Trd, 4319241.143, 112
Trd, 4319242.193, 120
Trd, 4319242.643, 124
Trd, 4319243.543, 124
Trd, 4319243.593, 103
Trd, 4319243.943, 91
Trd, 4319244.393, 118
Trd, 4319245.443, 120
Trd, 4319245.793, 116
Trd, 4319246.793, 132
Trd, 4319246.893, 123
Trd, 4319247.493, 89
Trd, 4319247.893, 116
Trd, 4319249.293, 64
Trd, 4319250.343, 69
Trd, 4319250.843, 98
Trd, 4319251.143, 81
Trd, 4319252.243, 76
Trd, 4319253.193, 63
Trd, 4319253.693, 83
Trd, 4319253.843, 67
Trd, 4319254.293, 83
Trd, 4319254.943, 106
Trd, 4319255.143, 92
Trd, 4319256.543, 131
Trd, 4319256.793, 131
Trd, 4319257.093, 129
Trd, 4319257.793, 127
Trd, 4319259.743, 125
Trd, 4319260.943, 125
Trd, 4319261.093, 127
Trd, 4319261.993, 139
Trd, 4319262.343, 116
Trd, 4319262.693, 113
Trd, 4319262.893, 88
Trd, 4319263.343, 97
Trd, 4319263.843, 101
Trd, 4319265.193, 139
Trd, 4319265.693, 130
Trd, 4319266.543, 136
Trd, 4319266.943, 103
Trd, 4319267.543, 140
Trd, 4319267.693, 139
Trd, 4319269.793, 100
Trd, 4319270.293, 82
Trd, 4319270.793, 71
Trd, 4319271.143, 66
Trd, 4319271.493, 80
Trd, 4319271.693, 105
Trd, 4319272.643, 64
Trd, 4319274.143, 60
Trd, 4319274.293, 60
Trd, 4319274.743, 108
Trd, 4319274.893, 108
Trd, 4319275.643, 101
Trd, 4319275.693, 99
Trd, 4319276.193, 87
Trd, 4319277.043, 117
Trd, 4319277.493, 84
Trd, 4319277.743, 105
Trd, 4319279.143, 122
Trd, 4319279.693, 113
Trd, 4319280.243, 93
Trd, 4319280.593, 131
Trd, 4319280.643, 82
Trd, 4319281.493, 72
Trd, 4319282.493, 72
Trd, 4319282.743, 76
Trd, 4319283.143, 60
Trd, 4319284.243, 89
Trd, 4319284.593, 128
Trd, 4319285.893, 137
Trd, 4319286.493, 137
Trd, 4319286.743, 135
Trd, 4319288.043, 113
Trd, 4319288.543, 92
Trd, 4319289.943, 112
Trd, 4319290.193, 72
Trd, 4319290.643, 74
Trd, 4319290.993, 77
Trd, 4319291.043, 71
Trd, 4319293.193, 93
Trd, 4319293.493, 110
Trd, 4319293.993, 123
Trd, 4319294.243, 118
Trd, 4319294.293, 103
Trd, 4319295.293, 103
Trd, 4319296.293, 113
Trd, 4319296.443, 109
Trd, 4319296.893, 105
Trd, 4319298.143, 100
Trd, 4319298.843, 126
Trd, 4319299.443, 104
Trd, 4319299.743, 82
Trd, 4319300.393, 103
Trd, 4319301.643, 135
Trd, 4319302.693, 123
Trd, 4319304.743, 112
Trd, 4319305.343, 112
Trd, 4319305.643, 112
Trd, 4319305.893, 107
Trd, 4319306.943, 139
Trd, 4319308.393, 132
Trd, 4319308.643, 103
Trd, 4319309.793, 100
Trd, 4319310.293, 105
Trd, 4319311.143, 90
Trd, 4319311.743, 87
Trd, 4319312.093, 117
Trd, 4319313.593, 134
Trd, 4319313.693, 122
Trd, 4319314.443, 108
Trd, 4319314.743, 85
Trd, 4319315.043, 104
Trd, 4319316.043, 85
Trd, 4319319.493, 140
Trd, 4319319.593, 129
Trd, 4319320.193, 117
Trd, 4319321.943, 122
Trd, 4319322.043, 122
Trd, 4319322.693, 114
Trd, 4319323.843, 130
Trd, 4319323.893, 115
Trd, 4319324.143, 131
Trd, 4319324.993, 133
Trd, 4319325.093, 115
Trd, 4319325.293, 115
Trd, 4319325.843, 109
Trd, 4319326.993, 90
Trd, 4319328.593, 134
Trd, 4319328.993, 121
Trd, 4319329.393, 121
Trd, 4319330.093, 106
Trd, 4319331.043, 96
Trd, 4319331.243, 79
Trd, 4319331.643, 102
Trd, 4319332.543, 128
Trd, 4319333.443, 134
Trd, 4319334.193, 124
Trd, 4319334.343, 134
Trd, 4319335.643, 109
Trd, 4319338.343, 128
Trd, 4319338.393, 113
Trd, 4319338.593, 104
Trd, 4319339.943, 122
Trd, 4319341.343, 122
Trd, 4319341.493, 96
Trd, 4319342.143, 92
Trd, 4319342.693, 75
Trd, 4319342.843, 132
Trd, 4319344.893, 134
Trd, 4319345.493, 134
Trd, 4319345.843, 134
Trd, 4319346.043, 107
Trd, 4319346.443, 69
Trd, 4319346.643, 107
Trd, 4319347.543, 124
Trd, 4319348.143, 135
Trd, 4319349.543, 116
Trd, 4319349.943, 107
Trd, 4319350.893, 125
Trd, 4319351.193, 130
Trd, 4319351.443, 122
Trd, 4319351.593, 82
Trd, 4319352.743, 83
Trd, 4319352.843, 86
Trd, 4319353.843, 61
Trd, 4319354.093, 121
Trd, 4319354.943, 62
Trd, 4319356.243, 93
Trd, 4319357.243, 88
Trd, 4319358.193, 138
Trd, 4319358.643, 138
Trd, 4319358.893, 121
Trd, 4319359.093, 111
Trd, 4319359.443, 93
Trd, 4319361.993, 115
Trd, 4319362.193, 67
Trd, 4319362.493, 91
Trd, 4319362.793, 75
Trd, 4319363.043, 67
Trd, 4319363.643, 71
Trd, 4319364.743, 69
Trd, 4319365.543, 133
Trd, 4319366.493, 138
Trd, 4319367.343, 132
Trd, 4319367.593, 108
Trd, 4319368.243, 111
Trd, 4319368.793, 96
Trd, 4319369.093, 96
Trd, 4319369.743, 95
Trd, 4319369.793, 112
Trd, 4319369.843, 86
Trd, 4319370.193, 83
Trd, 4319370.943, 77
Trd, 4319373.043, 114
Trd, 4319373.093, 109
Trd, 4319373.193, 96
Trd, 4319373.743, 111
Trd, 4319374.143, 95
Trd, 4319374.343, 131
Trd, 4319374.593, 101
Trd, 4319374.793, 80
Trd, 4319377.193, 95
Trd, 4319378.093, 122
Trd, 4319378.343, 82
Trd, 4319380.493, 129
Trd, 4319380.593, 128
Trd, 4319380.693, 102
Trd, 4319381.893, 126
Trd, 4319382.143, 126
Trd, 4319382.843, 98
Trd, 4319383.493, 96
Trd, 4319383.843, 92
Trd, 4319385.243, 125
Trd, 4319385.793, 111
Trd, 4319386.843, 71
Trd, 4319388.193, 78
Trd, 4319388.343, 71
Trd, 4319388.843, 66
Trd, 4319389.993, 106
Trd, 4319390.343, 119
Trd, 4319391.893, 111
Trd, 4319392.243, 111
Trd, 4319392.443, 95
Trd, 4319393.043, 103
Trd, 4319393.943, 111
Trd, 4319394.893, 111
Trd, 4319395.093, 127
Trd, 4319396.593, 92
Trd, 4319397.343, 90
Trd, 4319398.693, 112
Trd, 4319400.193, 130
Trd, 4319400.693, 137
Trd, 4319400.893, 110
Trd, 4319401.593, 105
Trd, 4319401.893, 89
Trd, 4319402.443, 64
Trd, 4319404.143, 137
Trd, 4319404.193, 112
Trd, 4319405.343, 85
Trd, 4319406.443, 114
Trd, 4319406.993, 101
Trd, 4319408.193, 122
Trd, 4319408.243, 119
Trd, 4319408.643, 136
Trd, 4319408.893, 80
Trd, 4319410.743, 99
Trd, 4319410.993, 99
Trd, 4319411.093, 120
Trd, 4319411.293, 69
Trd, 4319411.793, 116
Trd, 4319413.143, 133
Trd, 4319413.843, 70
Trd, 4319414.443, 139
Trd, 4319415.743, 138
Trd, 4319416.093, 131
Trd, 4319416.293, 117
Trd, 4319417.443, 99
Trd, 4319417.593, 98
Trd, 4319418.193, 92
Trd, 4319419.093, 82
Trd, 4319419.843, 118
Trd, 4319420.493, 102
Trd, 4319420.593, 102
Trd, 4319421.843, 93
Trd, 4319421.893, 106
Trd, 4319422.143, 100
Trd, 4319422.893, 72
Trd, 4319423.543, 85
Trd, 4319425.643, 122
Trd, 4319426.943, 139
Trd, 4319427.193, 128
Trd, 4319427.293, 108
Trd, 4319428.043, 84
Trd, 4319428.643, 125
Trd, 4319428.843, 107
Trd, 4319429.193, 73
Trd, 4319429.993, 71
Trd, 4319430.093, 84
Trd, 4319431.043, 111
Trd, 4319432.093, 139
Trd, 4319433.043, 94
Trd, 4319433.743, 123
Trd, 4319434.043, 123
Trd, 4319435.543, 71
Trd, 4319436.393, 125
Trd, 4319436.543, 71
Trd, 4319437.093, 91
Trd, 4319439.493, 112
Trd, 4319439.593, 107
Trd, 4319439.893, 116
Trd, 4319440.493, 113
Trd, 4319441.143, 99
Trd, 4319441.543, 97
Trd, 4319441.693, 96
Trd, 4319443.393, 66
Trd, 4319443.893, 77
Trd, 4319444.143, 85
Trd, 4319444.793, 113
Trd, 4319446.043, 131
Trd, 4319447.193, 108
Trd, 4319447.493, 109
Trd, 4319447.543, 108
Trd, 4319447.593, 108
Trd, 4319449.293, 126
Trd, 4319449.893, 108
Trd, 4319449.943, 108
Trd, 4319451.293, 123
Trd, 4319451.593, 110
Trd, 4319452.093, 80
Trd, 4319454.293, 97
Trd, 4319456.043, 97
Trd, 4319456.293, 131
Trd, 4319456.693, 106
Trd, 4319457.393, 73
Trd, 4319457.793, 117
Trd, 4319460.293, 108
Trd, 4319460.393, 107
Trd, 4319461.093, 130
Trd, 4319461.343, 84
Trd, 4319461.993, 69
Trd, 4319463.043, 134
Trd, 4319463.293, 126
Trd, 4319464.293, 121
Trd, 4319465.093, 124
Trd, 4319465.143, 112
Trd, 4319465.443, 112
Trd, 4319465.793, 79
Trd, 4319466.193, 94
Trd, 4319466.293, 76
Trd, 4319467.743, 118
Trd, 4319469.043, 70
Trd, 4319470.443, 135
Trd, 4319471.493, 125
Trd, 4319471.943, 109
Trd, 4319472.543, 113
Trd, 4319473.143, 104
Trd, 4319474.343, 90
Trd, 4319474.493, 88
Trd, 4319475.393, 70
Trd, 4319475.443, 65
Trd, 4319475.993, 92
Trd, 4319476.193, 60
Trd, 4319477.643, 120
Trd, 4319478.293, 112
Trd, 4319478.943, 60
Trd, 4319479.443, 60
Trd, 4319480.743, 61
Trd, 4319481.843, 64
Trd, 4319481.893, 102
Trd, 4319482.893, 65
Trd, 4319484.093, 83
Trd, 4319484.443, 86
Trd, 4319485.043, 82
Trd, 4319485.093, 89
Trd, 4319485.443, 84
Trd, 4319485.493, 73
Trd, 4319486.143, 99
Trd, 4319487.143, 95
Trd, 4319487.393, 110
Trd, 4319488.393, 134
Trd, 4319488.793, 105
Trd, 4319489.143, 113
Trd, 4319491.293, 118
Trd, 4319491.443, 80
Trd, 4319491.543, 79
Trd, 4319491.943, 113
Trd, 4319492.443, 133
Trd, 4319492.543, 84
Trd, 4319494.443, 102
Trd, 4319494.893, 92
Trd, 4319495.043, 85
Trd, 4319495.593, 80
Trd, 4319496.893, 121
Trd, 4319497.743, 88
Trd, 4319498.493, 121
Trd, 4319498.693, 119
Trd, 4319499.243, 97
Trd, 4319500.243, 128
Trd, 4319502.093, 111
Trd, 4319502.743, 132
Trd, 4319503.393, 119
Trd, 4319504.243, 93
Trd, 4319504.743, 93
Trd, 4319504.793, 102
Trd, 4319505.493, 128
Trd, 4319505.593, 100
Trd, 4319505.743, 95
Trd, 4319506.343, 93
Trd, 4319507.743, 129
Trd, 4319508.993, 104
Trd, 4319509.343, 133
Trd, 4319509.443, 115
Trd, 4319510.043, 123
Trd, 4319510.793, 128
Trd, 4319512.293, 126
Trd, 4319512.793, 123
Trd, 4319513.243, 104
Trd, 4319514.343, 71
Trd, 4319514.643, 69
Trd, 4319515.593, 108
Trd, 4319516.343, 134
Trd, 4319518.143, 122
Trd, 4319519.043, 130
Trd, 4319519.643, 110
Trd, 4319520.093, 103
Trd, 4319520.943, 124
Trd, 4319522.193, 102
Trd, 4319522.593, 102
Trd, 4319522.643, 105
Trd, 4319523.143, 97
Trd, 4319523.193, 97
Trd, 4319523.243, 130
Trd, 4319524.593, 121
Trd, 4319524.793, 112
Trd, 4319526.343, 94
Trd, 4319527.643, 92
Trd, 4319527.693, 95
Trd, 4319528.343, 132
Trd, 4319528.393, 117
Trd, 4319529.093, 117
Trd, 4319530.343, 97
Trd, 4319530.493, 121
Trd, 4319531.143, 77
Trd, 4319532.393, 121
Trd, 4319532.593, 111
Trd, 4319533.293, 106
Trd, 4319535.943, 121
Trd, 4319536.043, 107
Trd, 4319536.393, 84
Trd, 4319536.793, 122
Trd, 4319537.093, 79
Trd, 4319538.043, 88
Trd, 4319538.293, 76
Trd, 4319539.543, 62
Trd, 4319539.743, 74
Trd, 4319540.743, 133
Trd, 4319540.993, 129
Trd, 4319542.543, 84
Trd, 4319543.543, 113
Trd, 4319544.093, 95
Trd, 4319544.393, 76
Trd, 4319544.643, 118
Trd, 4319545.043, 91
Trd, 4319546.193, 93
Trd, 4319546.993, 129
Trd, 4319547.393, 120
Trd, 4319547.643, 120
Trd, 4319547.693, 108
Trd, 4319547.943, 102
Trd, 4319550.043, 139
Trd, 4319550.643, 123
Trd, 4319551.743, 106
Trd, 4319551.793, 79
Trd, 4319552.143, 120
Trd, 4319552.543, 118
Trd, 4319553.843, 78
Trd, 4319554.243, 102
Trd, 4319554.643, 88
Trd, 4319555.043, 82
Trd, 4319555.143, 88
Trd, 4319556.093, 62
Trd, 4319556.493, 112
Trd, 4319557.393, 127
Trd, 4319557.743, 64
Trd, 4319559.543, 102
Trd, 4319561.593, 95
Trd, 4319562.093, 130
Trd, 4319562.643, 107
Trd, 4319562.893, 91
Trd, 4319563.193, 108
Trd, 4319563.493, 75
Trd, 4319564.543, 96
Trd, 4319565.343, 129
Trd, 4319565.593, 116
Trd, 4319566.743, 122
Trd, 4319567.293, 87
Trd, 4319567.343, 77
Trd, 4319568.843, 77
Trd, 4319569.193, 122
Trd, 4319570.043, 127
Trd, 4319570.593, 122
Trd, 4319571.843, 108
Trd, 4319572.993, 122
Trd, 4319573.193, 122
Trd, 4319573.393, 116
Trd, 4319575.943, 136
Trd, 4319575.993, 136
Trd, 4319576.093, 117
Trd, 4319576.143, 111
Trd, 4319576.843, 127
Trd, 4319577.143, 120
Trd, 4319579.743, 138
Trd, 4319580.043, 135
Trd, 4319580.193, 118
Trd, 4319581.693, 106
Trd, 4319582.593, 84
Trd, 4319582.793, 70
Trd, 4319583.343, 80
Trd, 4319583.543, 121
Trd, 4319583.843, 134
Trd, 4319584.743, 126
Trd, 4319585.293, 136
Trd, 4319585.743, 136
Trd, 4319586.743, 121
Trd, 4319587.093, 109
Trd, 4319588.293, 103
Trd, 4319588.693, 117
Trd, 4319589.543, 126
Trd, 4319591.443, 118
Trd, 4319591.843, 132
Trd, 4319592.043, 113
Trd, 4319592.243, 123
Trd, 4319592.543, 88
Trd, 4319593.343, 92
Trd, 4319593.493, 107
Trd, 4319594.343, 68
Trd, 4319595.293, 74
Trd, 4319595.593, 70
Trd, 4319596.393, 92
Trd, 4319596.993, 74
Trd, 4319597.493, 69
Trd, 4319598.543, 68
Trd, 4319600.443, 89
Trd, 4319600.743, 98
Trd, 4319601.643, 134
Trd, 4319602.093, 98
Trd, 4319602.193, 98
Trd, 4319602.743, 140
Trd, 4319603.243, 104
Trd, 4319605.943, 119
Trd, 4319606.193, 124
Trd, 4319606.793, 136
Trd, 4319607.043, 125
Trd, 4319607.093, 116
Trd, 4319607.193, 101
Trd, 4319608.093, 135
Trd, 4319608.143, 110
Trd, 4319608.793, 97
Trd, 4319610.693, 73
Trd, 4319611.043, 76
Trd, 4319611.343, 89
Trd, 4319611.693, 61
Trd, 4319612.343, 60
Trd, 4319612.943, 123
Trd, 4319614.493, 125
Trd, 4319614.743, 125
Trd, 4319615.593, 120
Trd, 4319616.043, 71
Trd, 4319617.043, 85
Trd, 4319617.993, 79
Trd, 4319618.043, 62
Trd, 4319618.793, 77
Trd, 4319619.393, 62
Trd, 4319620.543, 67
Trd, 4319621.493, 66
Trd, 4319622.193, 87
Trd, 4319622.893, 89
Trd, 4319623.093, 88
Trd, 4319624.243, 129
Trd, 4319624.993, 123
Trd, 4319625.643, 80
Trd, 4319626.743, 84
Trd, 4319626.843, 122
Trd, 4319628.593, 104
Trd, 4319629.143, 95
Trd, 4319629.843, 80
Trd, 4319630.043, 106
Trd, 4319630.643, 98
Trd, 4319632.543, 136
Trd, 4319632.793, 108
Trd, 4319633.143, 91
Trd, 4319633.293, 66
Trd, 4319634.543, 81
Trd, 4319635.343, 123
Trd, 4319636.543, 123
Trd, 4319636.943, 114
Trd, 4319637.343, 127
Trd, 4319637.593, 117
Trd, 4319638.143, 126
Trd, 4319638.743, 83
Trd, 4319639.093, 101
Trd, 4319640.193, 76
Trd, 4319640.843, 77
Trd, 4319641.843, 128
Trd, 4319641.993, 113
Trd, 4319642.993, 90
Trd, 4319643.343, 67
Trd, 4319643.993, 95
Trd, 4319644.143, 76
Trd, 4319645.493, 102
Trd, 4319645.743, 94
Trd, 4319646.493, 123
Trd, 4319646.893, 131
Trd, 4319647.343, 111
Trd, 4319647.843, 121
Trd, 4319648.493, 101
Trd, 4319648.543, 92
Trd, 4319650.343, 119
Trd, 4319650.543, 102
Trd, 4319651.843, 131
Trd, 4319652.043, 99
Trd, 4319654.443, 107
Trd, 4319654.543, 133
Trd, 4319654.843, 93
Trd, 4319654.893, 91
Trd, 4319654.993, 83
Trd, 4319656.043, 117
Trd, 4319656.843, 73
Trd, 4319657.493, 125
Trd, 4319657.843, 98
Trd, 4319659.443, 131
Trd, 4319659.693, 107
Trd, 4319660.043, 136
Trd, 4319660.493, 83
Trd, 4319660.643, 125
Trd, 4319662.193, 108
Trd, 4319662.993, 112
Trd, 4319663.343, 136
Trd, 4319665.993, 112
Trd, 4319666.443, 93
Trd, 4319667.243, 100
Trd, 4319667.293, 90
Trd, 4319668.393, 70
Trd, 4319668.443, 72
Trd, 4319668.493, 119
Trd, 4319669.293, 115
Trd, 4319670.293, 83
Trd, 4319671.693, 113
Trd, 4319672.293, 129
Trd, 4319672.493, 97
Trd, 4319673.693, 120
Trd, 4319674.493, 130
Trd, 4319674.593, 100
Trd, 4319675.443, 100
Trd, 4319675.793, 110
Trd, 4319676.843, 86
Trd, 4319677.743, 113
Trd, 4319678.393, 64
Trd, 4319679.043, 117
Trd, 4319679.793, 100
Trd, 4319680.143, 107
Trd, 4319680.943, 121
Trd, 4319681.743, 113
Trd, 4319682.393, 115
Trd, 4319683.543, 113
Trd, 4319683.643, 119
Trd, 4319684.943, 110
Trd, 4319685.743, 86
Trd, 4319686.893, 103
Trd, 4319687.893, 118
Trd, 4319688.293, 118
Trd, 4319689.393, 137
Trd, 4319689.593, 78
Trd, 4319689.993, 120
Trd, 4319691.043, 117
Trd, 4319691.693, 68
Trd, 4319691.843, 78
Trd, 4319693.493, 82
Trd, 4319693.793, 115
Trd, 4319694.143, 117
Trd, 4319695.193, 123
Trd, 4319695.543, 84
Trd, 4319695.743, 122
Trd, 4319696.693, 133
Trd, 4319697.193, 100
Trd, 4319697.493, 120
Trd, 4319699.093, 94
Trd, 4319700.343, 94
Trd, 4319700.993, 102
Trd, 4319701.243, 76
Trd, 4319702.343, 113
Trd, 4319703.093, 114
Trd, 4319703.693, 112
Trd, 4319703.743, 113
Trd, 4319704.793, 137
Trd, 4319705.143, 137
Trd, 4319706.443, 119
Trd, 4319706.593, 118
Trd, 4319708.543, 112
Trd, 4319709.243, 112
Trd, 4319709.743, 125
Trd, 4319710.243, 102
Trd, 4319710.993, 106
Trd, 4319711.343, 127
Trd, 4319711.643, 104
Trd, 4319712.093, 96
Trd, 4319712.243, 87
Trd, 4319714.043, 133
Trd, 4319714.543, 133
Trd, 4319715.343, 116
Trd, 4319715.993, 108
Trd, 4319716.343, 95
Trd, 4319716.943, 117
Trd, 4319717.293, 125
Trd, 4319718.243, 119
Trd, 4319718.443, 113
Trd, 4319719.143, 122
Trd, 4319720.043, 111
Trd, 4319721.293, 118
Trd, 4319721.443, 66
Trd, 4319721.743, 83
Trd, 4319723.093, 135
Trd, 4319724.243, 105
Trd, 4319724.393, 127
Trd, 4319725.243, 137
Trd, 4319726.043, 131
Trd, 4319726.893, 111
Trd, 4319727.093, 108
Trd, 4319727.693, 118
Trd, 4319728.193, 69
Trd, 4319728.793, 77
Trd, 4319729.493, 62
Trd, 4319730.293, 77
Trd, 4319731.143, 120
Trd, 4319731.443, 119
Trd, 4319732.793, 97
Trd, 4319732.893, 79
Trd, 4319732.993, 97
Trd, 4319733.843, 92
Trd, 4319734.093, 113
Trd, 4319735.193, 117
Trd, 4319735.793, 102
Trd, 4319736.243, 107
Trd, 4319736.343, 98
Trd, 4319737.093, 65
Trd, 4319737.543, 90
Trd, 4319738.943, 127
Trd, 4319739.393, 120
Trd, 4319740.943, 120
Trd, 4319741.043, 96
Trd, 4319741.893, 123
Trd, 4319742.093, 103
Trd, 4319742.593, 122
Trd, 4319743.343, 111
Trd, 4319744.643, 101
Trd, 4319746.793, 128
Trd, 4319747.143, 128
Trd, 4319747.193, 116
Trd, 4319747.743, 130
Trd, 4319748.093, 101
Trd, 4319748.593, 74
Trd, 4319749.343, 131
Trd, 4319749.643, 101
Trd, 4319750.693, 90
Trd, 4319752.243, 130
Trd, 4319752.293, 92
Trd, 4319752.793, 95
Trd, 4319753.593, 139
Trd, 4319755.293, 135
Trd, 4319755.643, 124
Trd, 4319755.743, 115
Trd, 4319757.043, 118
Trd, 4319757.193, 107
Trd, 4319757.643, 93
Trd, 4319758.993, 123
Trd, 4319759.393, 121
Trd, 4319759.793, 110
Trd, 4319760.443, 126
Trd, 4319760.593, 126
Trd, 4319762.043, 130
Trd, 4319763.493, 110
Trd, 4319764.693, 125
Trd, 4319764.943, 125
Trd, 4319765.243, 125
Trd, 4319765.493, 108
Trd, 4319765.843, 88
Trd, 4319766.893, 85
Trd, 4319766.993, 128
Trd, 4319768.293, 114
Trd, 4319768.493, 124
Trd, 4319768.693, 105
Trd, 4319769.993, 132
Trd, 4319770.493, 102
Trd, 4319771.443, 88
Trd, 4319771.693, 125
Trd, 4319771.793, 67
Trd, 4319772.293, 109
Trd, 4319773.043, 71
Trd, 4319773.793, 123
Trd, 4319774.393, 66
Trd, 4319777.693, 127
Trd, 4319778.593, 127
Trd, 4319779.143, 127
Trd, 4319779.193, 107
Trd, 4319780.043, 113
Trd, 4319780.693, 78
Trd, 4319780.943, 96
Trd, 4319781.743, 113
Trd, 4319783.393, 112
Trd, 4319784.843, 120
Trd, 4319785.043, 97
Trd, 4319785.943, 93
Trd, 4319786.843, 80
Trd, 4319787.193, 75
Trd, 4319787.393, 106
Trd, 4319787.893, 70
Trd, 4319789.443, 109
Trd, 4319789.693, 83
Trd, 4319789.993, 68
Trd, 4319791.143, 100
Trd, 4319792.543, 98
Trd, 4319792.593, 107
Trd, 4319792.893, 126
Trd, 4319794.643, 90
Trd, 4319794.693, 89
Trd, 4319795.393, 92
Trd, 4319795.693, 87
Trd, 4319796.993, 87
Trd, 4319797.393, 106
Trd, 4319797.743, 109
Trd, 4319797.843, 82
Trd, 4319798.293, 136
Trd, 4319798.743, 72
Trd, 4319799.543, 74
Trd, 4319800.443, 119
Trd, 4319801.543, 127
Trd, 4319802.393, 99
Trd, 4319802.743, 130
Trd, 4319804.643, 107
Trd, 4319805.943, 117
Trd, 4319806.293, 136
Trd, 4319806.693, 111
Trd, 4319806.843, 111
Trd, 4319807.093, 107
Trd, 4319809.493, 96
Trd, 4319809.693, 94
Trd, 4319810.243, 136
Trd, 4319811.093, 125
Trd, 4319811.393, 134
Trd, 4319812.693, 93
Trd, 4319812.843, 67
Trd, 4319814.293, 83
Trd, 4319814.543, 99
Trd, 4319815.343, 110
Trd, 4319817.193, 92
Trd, 4319817.393, 91
Trd, 4319818.743, 125
Trd, 4319818.943, 116
Trd, 4319819.543, 132
Trd, 4319819.943, 101
Trd, 4319821.043, 122
Trd, 4319821.143, 118
Trd, 4319821.193, 101
Trd, 4319822.343, 116
Trd, 4319822.843, 138
Trd, 4319823.243, 114
Trd, 4319823.543, 114
Trd, 4319823.643, 82
Trd, 4319824.093, 66
Trd, 4319825.343, 85
Trd, 4319825.893, 91
Trd, 4319826.243, 92
Trd, 4319826.443, 72
Trd, 4319828.743, 70
Trd, 4319829.193, 63
Trd, 4319829.893, 65
Trd, 4319830.443, 110
Trd, 4319830.643, 92
Trd, 4319831.443, 137
Trd, 4319831.593, 70
Trd, 4319832.943, 107
Trd, 4319833.143, 107
Trd, 4319833.643, 67
Trd, 4319835.493, 126
Trd, 4319835.543, 102
Trd, 4319836.043, 119
Trd, 4319837.443, 137
Trd, 4319838.493, 131
Trd, 4319839.043, 131
Trd, 4319839.793, 132
Trd, 4319839.993, 93
Trd, 4319841.243, 95
Trd, 4319842.443, 77
Trd, 4319842.643, 127
Trd, 4319843.243, 65
Trd, 4319844.393, 62
Trd, 4319845.293, 96
Trd, 4319846.493, 109
Trd, 4319847.943, 113
Trd, 4319848.793, 123
Trd, 4319848.893, 117
Trd, 4319849.443, 138
Trd, 4319850.093, 120
Trd, 4319850.143, 120
Trd, 4319850.343, 100
Trd, 4319850.543, 112
Trd, 4319851.543, 123
Trd, 4319851.943, 98
Trd, 4319853.293, 129
Trd, 4319853.793, 131
Trd, 4319855.393, 137
Trd, 4319855.543, 137
Trd, 4319855.593, 126
Trd, 4319856.993, 103
Trd, 4319857.893, 106
Trd, 4319858.693, 129
Trd, 4319858.843, 124
Trd, 4319859.543, 110
Trd, 4319859.643, 92
Trd, 4319860.493, 138
Trd, 4319861.643, 122
Trd, 4319861.743, 96
Trd, 4319862.943, 100
Trd, 4319863.843, 89
Trd, 4319864.843, 82
Trd, 4319865.393, 105
Trd, 4319866.593, 69
Trd, 4319867.143, 78
Trd, 4319867.193, 102
Trd, 4319867.493, 63
Trd, 4319869.393, 121
Trd, 4319870.293, 113
Trd, 4319870.643, 119
Trd, 4319870.793, 123
Trd, 4319871.593, 119
Trd, 4319872.093, 114
Trd, 4319873.243, 86
Trd, 4319873.293, 101
Trd, 4319873.843, 120
Trd, 4319874.343, 118
Trd, 4319875.593, 133
Trd, 4319876.043, 116
Trd, 4319876.243, 104
Trd, 4319877.043, 89
Trd, 4319877.693, 66
Trd, 4319879.193, 137
Trd, 4319879.293, 98
Trd, 4319879.943, 105
Trd, 4319880.393, 135
Trd, 4319881.543, 98
Trd, 4319882.393, 105
Trd, 4319883.193, 84
Trd, 4319883.343, 80
Trd, 4319884.143, 98
Trd, 4319885.043, 96
Trd, 4319886.343, 90
Trd, 4319887.343, 122
Trd, 4319887.693, 98
Trd, 4319888.043, 127
Trd, 4319888.893, 137
Trd, 4319889.643, 135
Trd, 4319890.093, 111
Trd, 4319890.843, 121
Trd, 4319890.893, 119
Trd, 4319891.343, 120
Trd, 4319892.243, 133
Trd, 4319893.243, 132
Trd, 4319893.643, 108
Trd, 4319894.043, 134
Trd, 4319894.143, 91
Trd, 4319895.293, 111
Trd, 4319895.343, 82
Trd, 4319895.843, 66
Trd, 4319898.093, 127
Trd, 4319898.793, 109
Trd, 4319899.943, 101
Trd, 4319900.943, 120
Trd, 4319901.643, 125
Trd, 4319901.993, 116
Trd, 4319903.943, 89
Trd, 4319904.243, 90
Trd, 4319904.393, 99
Trd, 4319904.443, 73
Trd, 4319904.993, 74
Trd, 4319905.593, 140
Trd, 4319905.993, 114
Trd, 4319906.143, 71
Trd, 4319906.343, 79
Trd, 4319906.593, 133
Trd, 4319908.743, 64
Trd, 4319909.793, 76
Trd, 4319910.793, 136
Trd, 4319911.143, 109
Trd, 4319911.643, 84
Trd, 4319912.643, 135
Trd, 4319913.443, 106
Trd, 4319913.993, 92
Trd, 4319914.793, 93
Trd, 4319914.893, 92
Trd, 4319916.343, 136
Trd, 4319916.393, 128
Trd, 4319917.543, 122
Trd, 4319918.093, 75
Trd, 4319918.543, 88
Trd, 4319919.443, 108
Trd, 4319920.893, 94
Trd, 4319921.343, 120
Trd, 4319923.093, 137
Trd, 4319923.193, 137
Trd, 4319923.243, 131
Trd, 4319924.043, 115
Trd, 4319924.493, 115
Trd, 4319925.193, 124
Trd, 4319925.293, 122
Trd, 4319927.243, 120
Trd, 4319927.893, 130
Trd, 4319928.343, 120
Trd, 4319928.393, 118
Trd, 4319928.543, 117
Trd, 4319929.493, 126
Trd, 4319930.343, 118
Trd, 4319930.993, 99
Trd, 4319931.193, 99
Trd, 4319932.143, 80
Trd, 4319932.243, 103
Trd, 4319932.693, 77
Trd, 4319933.043, 80
Trd, 4319934.493, 125
Trd, 4319934.943, 91
Trd, 4319936.793, 140
Trd, 4319937.143, 116
Trd, 4319937.943, 115
Trd, 4319938.243, 119
Trd, 4319938.693, 118
Trd, 4319938.743, 114
Trd, 4319940.093, 98
Trd, 4319940.243, 134
Trd, 4319942.243, 96
Trd, 4319942.893, 114
Trd, 4319943.943, 105
Trd, 4319943.993, 92
Trd, 4319944.593, 100
Trd, 4319945.093, 115
Trd, 4319945.143, 79
Trd, 4319945.443, 119
Trd, 4319947.093, 128
Trd, 4319947.593, 87
Trd, 4319948.093, 67
Trd, 4319948.493, 105
Trd, 4319949.093, 76
Trd, 4319950.493, 96
Trd, 4319951.343, 122
Trd, 4319951.593, 81
Trd, 4319952.693, 123
Trd, 4319953.093, 97
Trd, 4319953.743, 128
Trd, 4319954.743, 87
Trd, 4319955.093, 125
Trd, 4319956.443, 110
Trd, 4319956.643, 110
Trd, 4319957.093, 99
Trd, 4319958.643, 111
Trd, 4319959.143, 83
Trd, 4319959.793, 104
Trd, 4319961.093, 117
Trd, 4319962.343, 125
Trd, 4319963.193, 124
Trd, 4319963.343, 100
Trd, 4319963.493, 99
Trd, 4319964.393, 122
Trd, 4319964.743, 100
Trd, 4319965.293, 88
Trd, 4319965.643, 126
Trd, 4319965.743, 95
Trd, 4319966.293, 84
Trd, 4319967.293, 88
Trd, 4319967.443, 68
Trd, 4319968.243, 85
Trd, 4319968.793, 67
Trd, 4319969.993, 106
Trd, 4319971.293, 60
Trd, 4319971.443, 75
Trd, 4319974.493, 91
Trd, 4319974.643, 97
Trd, 4319974.793, 93
Trd, 4319974.893, 80
Trd, 4319974.993, 79
Trd, 4319975.443, 93
Trd, 4319975.493, 74
Trd, 4319975.843, 78
Trd, 4319977.293, 133
Trd, 4319977.793, 138
Trd, 4319978.893, 66
Trd, 4319979.343, 74
Trd, 4319979.443, 81
Trd, 4319980.943, 117
Trd, 4319981.743, 77
Trd, 4319981.943, 108
Trd, 4319983.943, 124
Trd, 4319984.193, 87
Trd, 4319984.993, 94
Trd, 4319985.493, 77
Trd, 4319986.443, 75
Trd, 4319987.443, 83
Trd, 4319988.043, 69
Trd, 4319989.243, 114
Trd, 4319990.343, 72
Trd, 4319991.143, 62
Trd, 4319991.743, 63
Trd, 4319992.943, 86
Trd, 4319993.043, 103
Trd, 4319994.643, 139
Trd, 4319995.593, 136
Trd, 4319995.893, 106
Trd, 4319996.043, 102
Trd, 4319997.243, 93
Trd, 4319998.443, 73
Trd, 4319999.443, 102
Trd, 4319999.943, 131
