Trd, 4318164.893, 63
Trd, 4318166.993, 76
Trd, 4318167.043, 100
Trd, 4318167.243, 109
Trd, 4318168.743, 86
Trd, 4318168.843, 74
Trd, 4318169.293, 116
Trd, 4318169.593, 73
Trd, 4318170.043, 77
Trd, 4318170.593, 103
Trd, 4318171.143, 67
Trd, 4318172.593, 65
Trd, 4318173.343, 78
Trd, 4318173.743, 61
Trd, 4318174.693, 72
Trd, 4318174.793, 138
Trd, 4318174.893, 124
Trd, 4318175.843, 71
Trd, 4318176.393, 88
Trd, 4318176.643, 65
Trd, 4318176.893, 63
Trd, 4318178.443, 122
Trd, 4318178.593, 93
Trd, 4318179.543, 76
Trd, 4318180.193, 73
Trd, 4318180.643, 102
Trd, 4318180.743, 78
Trd, 4318181.343, 139
Trd, 4318182.443, 61
Trd, 4318183.393, 132
Trd, 4318183.743, 117
Trd, 4318184.493, 61
Trd, 4318185.693, 65
Trd, 4318186.293, 71
Trd, 4318186.493, 98
Trd, 4318187.493, 80
Trd, 4318187.843, 135
Trd, 4318188.443, 82
Trd, 4318188.543, 83
Trd, 4318188.593, 126
Trd, 4318188.643, 66
Trd, 4318189.593, 68
Trd, 4318189.693, 77
Trd, 4318190.793, 117
Trd, 4318192.543, 137
Trd, 4318192.943, 99
Trd, 4318193.243, 98
Trd, 4318193.843, 117
Trd, 4318194.293, 115
Trd, 4318195.093, 80
Trd, 4318195.693, 90
Trd, 4318197.043, 84
Trd, 4318197.343, 82
Trd, 4318197.843, 86
Trd, 4318198.243, 119
Trd, 4318199.193, 133
Trd, 4318199.393, 124
Trd, 4318199.693, 67
Trd, 4318200.243, 139
Trd, 4318200.543, 61
Trd, 4318201.743, 68
Trd, 4318202.643, 63
Trd, 4318202.793, 85
Trd, 4318203.543, 111
Trd, 4318204.393, 74
Trd, 4318206.093, 63
Trd, 4318207.293, 79
Trd, 4318207.493, 90
Trd, 4318207.593, 78
Trd, 4318209.043, 61
Trd, 4318209.243, 62
Trd, 4318209.693, 63
Trd, 4318209.893, 93
Trd, 4318210.393, 120
Trd, 4318210.943, 112
Trd, 4318211.193, 129
Trd, 4318211.343, 111
Trd, 4318211.743, 86
Trd, 4318212.993, 134
Trd, 4318214.343, 67
Trd, 4318214.493, 89
Trd, 4318215.493, 105
Trd, 4318215.743, 94
Trd, 4318216.643, 95
Trd, 4318217.843, 111
Trd, 4318217.893, 109
Trd, 4318219.193, 70
Trd, 4318219.293, 88
Trd, 4318220.643, 115
Trd, 4318220.943, 62
Trd, 4318221.493, 92
Trd, 4318222.093, 139
Trd, 4318223.243, 112
Trd, 4318223.743, 102
Trd, 4318224.093, 80
Trd, 4318225.293, 79
Trd, 4318225.693, 71
Trd, 4318226.193, 123
Trd, 4318226.243, 118
Trd, 4318226.393, 85
Trd, 4318226.693, 70
Trd, 4318227.943, 117
Trd, 4318228.943, 134
Trd, 4318229.943, 134
Trd, 4318230.343, 89
Trd, 4318231.043, 110
Trd, 4318231.943, 114
Trd, 4318232.643, 80
Trd, 4318233.543, 105
Trd, 4318233.593, 114
Trd, 4318235.193, 114
Trd, 4318235.343, 121
Trd, 4318236.843, 122
Trd, 4318237.343, 83
Trd, 4318237.743, 71
Trd, 4318238.193, 74
Trd, 4318238.343, 98
Trd, 4318240.093, 140
Trd, 4318240.243, 140
Trd, 4318240.393, 117
Trd, 4318241.293, 72
Trd, 4318241.593, 104
Trd, 4318241.743, 71
Trd, 4318242.693, 61
Trd, 4318243.593, 61
Trd, 4318243.643, 79
Trd, 4318244.393, 85
Trd, 4318244.643, 93
Trd, 4318244.743, 140
Trd, 4318247.443, 70
Trd, 4318247.893, 95
Trd, 4318248.793, 114
Trd, 4318248.893, 96
Trd, 4318249.193, 94
Trd, 4318249.993, 81
Trd, 4318250.593, 82
Trd, 4318250.993, 97
Trd, 4318251.593, 82
Trd, 4318251.993, 90
Trd, 4318252.393, 82
Trd, 4318254.193, 100
Trd, 4318254.343, 111
Trd, 4318254.593, 63
Trd, 4318255.243, 89
Trd, 4318255.743, 67
Trd, 4318256.593, 63
Trd, 4318257.643, 65
Trd, 4318258.443, 105
Trd, 4318259.393, 63
Trd, 4318260.293, 131
Trd, 4318260.593, 98
Trd, 4318260.643, 135
Trd, 4318260.893, 72
Trd, 4318261.293, 68
Trd, 4318262.493, 109
Trd, 4318263.193, 96
Trd, 4318264.793, 100
Trd, 4318265.193, 109
Trd, 4318265.543, 140
Trd, 4318266.093, 102
Trd, 4318266.243, 101
Trd, 4318267.493, 61
Trd, 4318268.443, 65
Trd, 4318269.543, 60
Trd, 4318269.743, 78
Trd, 4318270.293, 98
Trd, 4318271.243, 135
Trd, 4318271.393, 121
Trd, 4318271.843, 115
Trd, 4318272.743, 72
Trd, 4318272.843, 78
Trd, 4318273.593, 95
Trd, 4318273.893, 140
Trd, 4318275.443, 62
Trd, 4318275.893, 64
Trd, 4318276.893, 95
Trd, 4318277.543, 63
Trd, 4318278.593, 60
Trd, 4318278.793, 73
Trd, 4318280.043, 62
Trd, 4318280.793, 73
Trd, 4318281.143, 65
Trd, 4318283.493, 92
Trd, 4318283.693, 89
Trd, 4318283.793, 88
Trd, 4318284.193, 110
Trd, 4318284.893, 140
Trd, 4318285.093, 82
Trd, 4318286.293, 96
Trd, 4318286.893, 127
Trd, 4318287.443, 86
Trd, 4318288.443, 90
Trd, 4318290.293, 139
Trd, 4318290.843, 99
Trd, 4318291.043, 140
Trd, 4318291.393, 60
Trd, 4318291.643, 83
Trd, 4318293.043, 110
Trd, 4318293.293, 98
Trd, 4318294.243, 83
Trd, 4318294.743, 94
Trd, 4318294.993, 117
Trd, 4318295.743, 138
Trd, 4318295.943, 96
Trd, 4318296.143, 111
Trd, 4318297.393, 82
Trd, 4318298.093, 101
Trd, 4318298.893, 67
Trd, 4318299.743, 80
Trd, 4318300.993, 87
Trd, 4318302.293, 63
Trd, 4318303.193, 80
Trd, 4318303.543, 66
Trd, 4318304.093, 65
Trd, 4318304.193, 85
Trd, 4318304.793, 62
Trd, 4318305.493, 60
Trd, 4318305.643, 74
Trd, 4318306.643, 65
Trd, 4318307.743, 84
Trd, 4318307.793, 100
Trd, 4318309.043, 129
Trd, 4318309.343, 137
Trd, 4318309.593, 138
Trd, 4318309.643, 137
Trd, 4318311.793, 63
Trd, 4318311.943, 66
Trd, 4318312.643, 90
Trd, 4318312.793, 70
Trd, 4318313.693, 104
Trd, 4318314.293, 62
Trd, 4318315.093, 72
Trd, 4318315.643, 108
Trd, 4318316.043, 138
Trd, 4318316.743, 107
Trd, 4318317.593, 84
Trd, 4318318.343, 68
Trd, 4318318.443, 65
Trd, 4318319.493, 65
Trd, 4318320.393, 67
Trd, 4318321.393, 73
Trd, 4318321.643, 78
Trd, 4318322.393, 101
Trd, 4318322.593, 60
Trd, 4318322.993, 91
Trd, 4318323.493, 111
Trd, 4318324.093, 140
Trd, 4318324.243, 136
Trd, 4318324.993, 116
Trd, 4318325.493, 85
Trd, 4318325.693, 91
Trd, 4318327.093, 122
Trd, 4318328.393, 101
Trd, 4318329.043, 106
Trd, 4318329.193, 97
Trd, 4318329.843, 119
Trd, 4318330.343, 93
Trd, 4318331.993, 75
Trd, 4318332.493, 64
Trd, 4318332.693, 69
Trd, 4318333.543, 107
Trd, 4318333.743, 100
Trd, 4318335.593, 71
Trd, 4318336.293, 116
Trd, 4318336.943, 79
Trd, 4318337.143, 111
Trd, 4318337.543, 64
Trd, 4318338.143, 60
Trd, 4318338.643, 140
Trd, 4318338.893, 100
Trd, 4318339.243, 61
Trd, 4318340.943, 93
Trd, 4318341.293, 94
Trd, 4318341.493, 118
Trd, 4318342.243, 63
Trd, 4318342.693, 70
Trd, 4318343.093, 70
Trd, 4318343.993, 94
Trd, 4318344.643, 104
Trd, 4318344.743, 81
Trd, 4318344.843, 126
Trd, 4318345.593, 60
Trd, 4318346.743, 61
Trd, 4318347.243, 68
Trd, 4318347.493, 84
Trd, 4318348.143, 62
Trd, 4318349.493, 60
Trd, 4318350.343, 82
Trd, 4318351.443, 111
Trd, 4318351.743, 96
Trd, 4318352.743, 99
Trd, 4318353.093, 108
Trd, 4318353.193, 88
Trd, 4318353.893, 98
Trd, 4318354.243, 116
Trd, 4318354.743, 80
Trd, 4318355.793, 74
Trd, 4318355.993, 71
Trd, 4318356.243, 65
Trd, 4318356.993, 81
Trd, 4318357.043, 122
Trd, 4318357.293, 60
Trd, 4318357.593, 140
Trd, 4318358.893, 63
Trd, 4318360.143, 62
Trd, 4318360.893, 89
Trd, 4318361.743, 112
Trd, 4318361.943, 109
Trd, 4318362.593, 96
Trd, 4318363.293, 118
Trd, 4318363.993, 110
Trd, 4318364.193, 94
Trd, 4318364.943, 73
Trd, 4318366.043, 113
Trd, 4318366.843, 112
Trd, 4318367.193, 110
Trd, 4318367.893, 66
Trd, 4318368.893, 69
Trd, 4318370.193, 92
Trd, 4318370.693, 75
Trd, 4318371.743, 63
Trd, 4318372.393, 63
Trd, 4318372.743, 65
Trd, 4318373.643, 69
Trd, 4318373.893, 71
Trd, 4318374.293, 140
Trd, 4318375.643, 76
Trd, 4318375.993, 73
Trd, 4318376.993, 123
Trd, 4318377.193, 73
Trd, 4318377.293, 111
Trd, 4318378.443, 119
Trd, 4318378.743, 91
Trd, 4318379.293, 103
Trd, 4318379.843, 80
Trd, 4318381.343, 79
Trd, 4318382.043, 140
Trd, 4318382.243, 139
Trd, 4318382.343, 129
Trd, 4318383.293, 121
Trd, 4318383.843, 95
Trd, 4318383.943, 82
Trd, 4318385.993, 61
Trd, 4318386.143, 63
Trd, 4318387.093, 64
Trd, 4318387.793, 118
Trd, 4318388.593, 78
Trd, 4318389.143, 95
Trd, 4318389.193, 74
Trd, 4318389.343, 102
Trd, 4318389.993, 139
Trd, 4318390.393, 87
Trd, 4318391.693, 85
Trd, 4318392.843, 64
Trd, 4318393.543, 61
Trd, 4318394.443, 83
Trd, 4318395.543, 60
Trd, 4318396.893, 63
Trd, 4318397.293, 65
Trd, 4318397.593, 61
Trd, 4318398.793, 65
Trd, 4318399.293, 114
Trd, 4318401.543, 140
Trd, 4318401.593, 140
Trd, 4318401.743, 131
Trd, 4318402.093, 128
Trd, 4318402.343, 121
Trd, 4318403.293, 60
Trd, 4318403.843, 70
Trd, 4318405.343, 61
Trd, 4318406.093, 77
Trd, 4318406.693, 101
Trd, 4318406.793, 104
Trd, 4318407.593, 82
Trd, 4318407.693, 133
Trd, 4318408.193, 71
Trd, 4318409.393, 81
Trd, 4318410.093, 98
Trd, 4318410.393, 109
Trd, 4318411.043, 137
Trd, 4318411.093, 127
Trd, 4318411.993, 116
Trd, 4318412.093, 82
Trd, 4318413.343, 117
Trd, 4318414.593, 139
Trd, 4318415.193, 62
Trd, 4318416.393, 60
Trd, 4318416.793, 62
Trd, 4318417.093, 67
Trd, 4318418.343, 109
Trd, 4318418.893, 123
Trd, 4318419.143, 106
Trd, 4318419.493, 91
Trd, 4318419.793, 85
Trd, 4318419.893, 130
Trd, 4318420.893, 87
Trd, 4318421.193, 67
Trd, 4318422.943, 72
Trd, 4318423.543, 109
Trd, 4318424.743, 111
Trd, 4318424.793, 110
Trd, 4318424.893, 87
Trd, 4318426.093, 88
Trd, 4318428.193, 93
Trd, 4318428.293, 99
Trd, 4318428.543, 92
Trd, 4318429.543, 102
Trd, 4318430.643, 130
Trd, 4318430.943, 92
Trd, 4318431.243, 95
Trd, 4318431.393, 82
Trd, 4318432.643, 62
Trd, 4318432.893, 98
Trd, 4318432.943, 97
Trd, 4318434.293, 139
Trd, 4318435.393, 60
Trd, 4318435.593, 61
Trd, 4318436.043, 64
Trd, 4318436.443, 62
Trd, 4318437.143, 62
Trd, 4318437.993, 63
Trd, 4318438.893, 76
Trd, 4318439.943, 68
Trd, 4318439.993, 72
Trd, 4318440.093, 75
Trd, 4318440.643, 64
Trd, 4318441.343, 140
Trd, 4318441.443, 107
Trd, 4318442.443, 62
Trd, 4318443.393, 62
Trd, 4318443.693, 71
Trd, 4318444.493, 92
Trd, 4318445.043, 97
Trd, 4318446.443, 62
Trd, 4318446.543, 86
Trd, 4318447.993, 91
Trd, 4318448.393, 83
Trd, 4318449.143, 93
Trd, 4318449.693, 82
Trd, 4318449.943, 124
Trd, 4318450.393, 97
Trd, 4318450.893, 81
Trd, 4318451.143, 101
Trd, 4318452.493, 92
Trd, 4318452.793, 79
Trd, 4318453.893, 89
Trd, 4318454.093, 88
Trd, 4318454.593, 135
Trd, 4318455.193, 63
Trd, 4318455.793, 136
Trd, 4318457.493, 63
Trd, 4318457.593, 71
Trd, 4318458.993, 60
Trd, 4318459.543, 63
Trd, 4318460.343, 65
Trd, 4318460.393, 68
Trd, 4318460.493, 71
Trd, 4318461.243, 86
Trd, 4318462.343, 107
Trd, 4318462.543, 84
Trd, 4318463.743, 62
Trd, 4318464.093, 97
Trd, 4318464.143, 85
Trd, 4318466.043, 63
Trd, 4318466.143, 64
Trd, 4318466.193, 65
Trd, 4318466.643, 86
Trd, 4318467.693, 119
Trd, 4318467.893, 113
Trd, 4318469.443, 132
Trd, 4318469.543, 83
Trd, 4318470.493, 140
Trd, 4318471.043, 114
Trd, 4318471.143, 106
Trd, 4318471.843, 125
Trd, 4318472.243, 123
Trd, 4318473.093, 74
Trd, 4318474.043, 94
Trd, 4318474.293, 117
Trd, 4318474.343, 61
Trd, 4318475.093, 82
Trd, 4318477.443, 61
Trd, 4318477.843, 62
Trd, 4318478.243, 66
Trd, 4318478.743, 86
Trd, 4318478.993, 104
Trd, 4318479.693, 100
Trd, 4318479.843, 84
Trd, 4318480.093, 117
Trd, 4318481.393, 72
Trd, 4318483.243, 62
Trd, 4318484.243, 60
Trd, 4318484.393, 62
Trd, 4318484.443, 64
Trd, 4318485.543, 125
Trd, 4318486.193, 140
Trd, 4318486.493, 138
Trd, 4318486.693, 100
Trd, 4318487.843, 67
Trd, 4318488.243, 93
Trd, 4318489.243, 97
Trd, 4318489.543, 95
Trd, 4318490.143, 82
Trd, 4318490.243, 77
Trd, 4318490.943, 135
Trd, 4318491.343, 65
Trd, 4318493.593, 139
Trd, 4318495.543, 103
Trd, 4318496.293, 123
Trd, 4318496.693, 105
Trd, 4318497.143, 76
Trd, 4318497.343, 97
Trd, 4318497.643, 74
Trd, 4318498.793, 124
Trd, 4318499.043, 97
Trd, 4318499.143, 79
Trd, 4318501.943, 140
Trd, 4318502.143, 139
Trd, 4318503.243, 104
Trd, 4318503.743, 115
Trd, 4318503.993, 99
Trd, 4318504.343, 86
Trd, 4318505.243, 121
Trd, 4318505.643, 90
Trd, 4318505.843, 60
Trd, 4318509.093, 137
Trd, 4318509.293, 140
Trd, 4318509.593, 129
Trd, 4318510.643, 87
Trd, 4318510.693, 107
Trd, 4318511.143, 80
Trd, 4318512.843, 64
Trd, 4318512.993, 79
Trd, 4318513.443, 81
Trd, 4318514.293, 61
Trd, 4318514.443, 68
Trd, 4318515.293, 64
Trd, 4318515.343, 84
Trd, 4318515.593, 128
Trd, 4318516.243, 73
Trd, 4318517.243, 78
Trd, 4318517.593, 61
Trd, 4318518.893, 116
Trd, 4318519.243, 115
Trd, 4318519.293, 94
Trd, 4318520.193, 70
Trd, 4318521.693, 66
Trd, 4318522.393, 117
Trd, 4318523.693, 89
Trd, 4318524.493, 104
Trd, 4318524.793, 84
Trd, 4318524.843, 79
Trd, 4318525.343, 83
Trd, 4318525.943, 68
Trd, 4318526.393, 73
Trd, 4318527.493, 130
Trd, 4318528.693, 98
Trd, 4318528.993, 80
Trd, 4318529.893, 93
Trd, 4318530.243, 78
Trd, 4318531.343, 111
Trd, 4318531.443, 113
Trd, 4318532.493, 62
Trd, 4318533.443, 69
Trd, 4318533.543, 83
Trd, 4318535.143, 74
Trd, 4318535.293, 104
Trd, 4318535.493, 111
Trd, 4318536.143, 68
Trd, 4318536.793, 86
Trd, 4318537.243, 64
Trd, 4318537.293, 80
Trd, 4318537.443, 115
Trd, 4318538.993, 66
Trd, 4318540.193, 75
Trd, 4318540.843, 108
Trd, 4318541.093, 78
Trd, 4318541.843, 74
Trd, 4318541.993, 87
Trd, 4318542.593, 137
Trd, 4318544.193, 60
Trd, 4318544.593, 61
Trd, 4318545.093, 137
Trd, 4318545.643, 123
Trd, 4318545.693, 122
Trd, 4318546.043, 73
Trd, 4318547.043, 136
Trd, 4318547.593, 134
Trd, 4318548.393, 106
Trd, 4318549.993, 77
Trd, 4318550.493, 70
Trd, 4318550.543, 86
Trd, 4318550.643, 105
Trd, 4318551.593, 61
Trd, 4318552.143, 130
Trd, 4318552.943, 106
Trd, 4318553.143, 91
Trd, 4318554.393, 132
Trd, 4318554.643, 131
Trd, 4318554.693, 78
Trd, 4318555.393, 74
Trd, 4318556.043, 64
Trd, 4318556.693, 61
Trd, 4318557.143, 133
Trd, 4318558.393, 108
Trd, 4318558.593, 114
Trd, 4318560.143, 96
Trd, 4318560.593, 76
Trd, 4318561.743, 60
Trd, 4318561.943, 61
Trd, 4318562.643, 87
Trd, 4318563.493, 62
Trd, 4318564.093, 73
Trd, 4318564.493, 63
Trd, 4318564.993, 101
Trd, 4318566.193, 128
Trd, 4318566.543, 140
Trd, 4318567.443, 127
Trd, 4318567.843, 126
Trd, 4318568.293, 88
Trd, 4318569.543, 133
Trd, 4318569.693, 128
Trd, 4318569.843, 118
Trd, 4318569.993, 82
Trd, 4318570.743, 60
Trd, 4318571.293, 93
Trd, 4318572.643, 117
Trd, 4318573.443, 67
Trd, 4318573.593, 77
Trd, 4318575.093, 140
Trd, 4318576.093, 140
Trd, 4318576.993, 134
Trd, 4318578.493, 102
Trd, 4318578.993, 92
Trd, 4318579.343, 137
Trd, 4318579.493, 101
Trd, 4318579.893, 87
Trd, 4318580.893, 106
Trd, 4318581.843, 97
Trd, 4318581.993, 130
Trd, 4318582.243, 119
Trd, 4318582.643, 102
Trd, 4318584.043, 122
Trd, 4318584.693, 115
Trd, 4318584.793, 106
Trd, 4318585.143, 107
Trd, 4318585.943, 101
Trd, 4318586.393, 69
Trd, 4318587.543, 60
Trd, 4318588.243, 71
Trd, 4318588.743, 60
Trd, 4318589.943, 93
Trd, 4318590.043, 95
Trd, 4318590.743, 91
Trd, 4318591.693, 61
Trd, 4318592.143, 61
Trd, 4318593.093, 96
Trd, 4318593.143, 102
Trd, 4318593.693, 117
Trd, 4318594.093, 63
Trd, 4318594.543, 100
Trd, 4318597.043, 120
Trd, 4318597.843, 139
Trd, 4318598.493, 131
Trd, 4318598.593, 118
Trd, 4318599.293, 128
Trd, 4318599.393, 120
Trd, 4318600.093, 89
Trd, 4318600.243, 89
Trd, 4318600.643, 60
Trd, 4318601.393, 137
Trd, 4318602.793, 74
Trd, 4318603.793, 63
Trd, 4318604.293, 64
Trd, 4318604.743, 73
Trd, 4318605.443, 64
Trd, 4318606.343, 60
Trd, 4318606.893, 60
Trd, 4318607.743, 102
Trd, 4318608.793, 69
Trd, 4318609.143, 75
Trd, 4318609.793, 60
Trd, 4318610.493, 60
Trd, 4318611.393, 62
Trd, 4318611.493, 86
Trd, 4318612.493, 64
Trd, 4318613.943, 62
Trd, 4318614.493, 87
Trd, 4318614.643, 85
Trd, 4318615.743, 95
Trd, 4318616.293, 86
Trd, 4318616.993, 62
Trd, 4318617.693, 66
Trd, 4318617.793, 118
Trd, 4318619.893, 84
Trd, 4318621.693, 112
Trd, 4318622.193, 130
Trd, 4318622.743, 129
Trd, 4318623.143, 72
Trd, 4318623.493, 140
Trd, 4318624.643, 61
Trd, 4318624.743, 68
Trd, 4318625.393, 140
Trd, 4318625.943, 81
Trd, 4318626.543, 93
Trd, 4318627.193, 90
Trd, 4318627.393, 119
Trd, 4318629.193, 126
Trd, 4318629.743, 104
Trd, 4318631.093, 89
Trd, 4318631.743, 112
Trd, 4318632.043, 107
Trd, 4318632.093, 87
Trd, 4318632.293, 85
Trd, 4318632.693, 112
Trd, 4318634.043, 139
Trd, 4318634.843, 122
Trd, 4318635.843, 124
Trd, 4318636.093, 95
Trd, 4318636.543, 66
Trd, 4318637.443, 64
Trd, 4318638.243, 99
Trd, 4318638.693, 124
Trd, 4318639.193, 129
Trd, 4318639.693, 100
Trd, 4318640.443, 91
Trd, 4318640.593, 94
Trd, 4318641.243, 140
Trd, 4318642.343, 64
Trd, 4318642.393, 106
Trd, 4318644.043, 134
Trd, 4318644.143, 102
Trd, 4318645.843, 61
Trd, 4318646.843, 90
Trd, 4318647.043, 124
Trd, 4318647.693, 101
Trd, 4318648.343, 108
Trd, 4318648.743, 67
Trd, 4318649.543, 63
Trd, 4318649.793, 70
Trd, 4318650.193, 62
Trd, 4318650.443, 91
Trd, 4318652.443, 138
Trd, 4318653.293, 139
Trd, 4318653.443, 114
Trd, 4318653.743, 91
Trd, 4318654.443, 63
Trd, 4318654.693, 94
Trd, 4318655.243, 89
Trd, 4318655.793, 94
Trd, 4318657.343, 100
Trd, 4318658.043, 129
Trd, 4318658.343, 114
Trd, 4318659.743, 73
Trd, 4318660.743, 65
Trd, 4318661.343, 134
Trd, 4318661.743, 61
Trd, 4318661.943, 64
Trd, 4318662.493, 63
Trd, 4318662.793, 72
Trd, 4318663.393, 93
Trd, 4318663.643, 60
Trd, 4318664.793, 64
Trd, 4318666.093, 65
Trd, 4318667.143, 61
Trd, 4318667.493, 78
Trd, 4318667.793, 96
Trd, 4318668.343, 103
Trd, 4318669.693, 70
Trd, 4318670.393, 66
Trd, 4318670.843, 63
Trd, 4318672.493, 125
Trd, 4318673.293, 97
Trd, 4318674.193, 140
Trd, 4318674.293, 100
Trd, 4318675.243, 104
Trd, 4318675.543, 102
Trd, 4318675.893, 67
Trd, 4318676.993, 90
Trd, 4318677.193, 80
Trd, 4318677.493, 101
Trd, 4318678.043, 119
Trd, 4318678.293, 95
Trd, 4318678.593, 83
Trd, 4318679.043, 71
Trd, 4318680.493, 140
Trd, 4318680.793, 105
Trd, 4318681.343, 140
Trd, 4318681.893, 87
Trd, 4318681.993, 92
Trd, 4318682.393, 66
Trd, 4318682.693, 71
Trd, 4318684.493, 129
Trd, 4318684.943, 66
Trd, 4318686.693, 67
Trd, 4318687.193, 136
Trd, 4318687.593, 92
Trd, 4318688.193, 117
Trd, 4318688.743, 113
Trd, 4318689.443, 99
Trd, 4318690.643, 93
Trd, 4318691.743, 113
Trd, 4318692.643, 90
Trd, 4318692.893, 94
Trd, 4318693.543, 107
Trd, 4318694.093, 125
Trd, 4318694.143, 106
Trd, 4318695.243, 107
Trd, 4318695.343, 77
Trd, 4318695.493, 69
Trd, 4318697.093, 103
Trd, 4318697.493, 135
Trd, 4318697.843, 79
Trd, 4318697.893, 78
Trd, 4318699.143, 132
Trd, 4318699.593, 89
Trd, 4318700.743, 115
Trd, 4318701.743, 126
Trd, 4318703.093, 140
Trd, 4318703.493, 95
Trd, 4318704.393, 105
Trd, 4318705.093, 103
Trd, 4318705.293, 101
Trd, 4318706.093, 95
Trd, 4318706.443, 108
Trd, 4318706.593, 128
Trd, 4318707.893, 100
Trd, 4318708.093, 98
Trd, 4318709.743, 78
Trd, 4318709.793, 97
Trd, 4318710.143, 105
Trd, 4318710.393, 74
Trd, 4318710.693, 82
Trd, 4318711.743, 62
Trd, 4318712.743, 61
Trd, 4318713.643, 119
Trd, 4318713.843, 79
Trd, 4318713.893, 72
Trd, 4318713.943, 120
Trd, 4318715.693, 130
Trd, 4318716.243, 81
Trd, 4318716.643, 60
Trd, 4318717.093, 75
Trd, 4318717.643, 62
Trd, 4318718.593, 98
Trd, 4318718.893, 91
Trd, 4318720.193, 82
Trd, 4318720.593, 92
Trd, 4318720.993, 108
Trd, 4318721.193, 103
Trd, 4318722.143, 88
Trd, 4318722.493, 115
Trd, 4318723.093, 112
Trd, 4318724.193, 116
Trd, 4318724.743, 129
Trd, 4318725.043, 108
Trd, 4318727.543, 65
Trd, 4318728.193, 107
Trd, 4318728.893, 101
Trd, 4318729.193, 119
Trd, 4318729.343, 86
Trd, 4318730.843, 64
Trd, 4318731.193, 94
Trd, 4318731.293, 65
Trd, 4318732.543, 61
Trd, 4318733.043, 63
Trd, 4318733.843, 79
Trd, 4318735.493, 63
Trd, 4318735.643, 101
Trd, 4318736.143, 70
Trd, 4318736.243, 82
Trd, 4318736.743, 105
Trd, 4318737.943, 62
Trd, 4318738.043, 65
Trd, 4318738.493, 119
Trd, 4318739.343, 121
Trd, 4318740.243, 95
Trd, 4318740.543, 95
Trd, 4318740.893, 100
Trd, 4318741.143, 96
Trd, 4318741.443, 78
Trd, 4318743.343, 107
Trd, 4318743.593, 70
Trd, 4318744.393, 126
Trd, 4318744.643, 116
Trd, 4318744.893, 106
Trd, 4318746.343, 78
Trd, 4318746.893, 66
Trd, 4318746.943, 103
Trd, 4318747.493, 113
Trd, 4318748.043, 112
Trd, 4318748.843, 140
Trd, 4318749.293, 67
Trd, 4318749.493, 62
Trd, 4318749.843, 106
Trd, 4318751.293, 104
Trd, 4318752.093, 96
Trd, 4318752.643, 101
Trd, 4318753.193, 130
Trd, 4318753.743, 118
Trd, 4318754.893, 138
Trd, 4318755.293, 138
Trd, 4318755.993, 89
Trd, 4318756.443, 113
Trd, 4318756.643, 94
Trd, 4318758.543, 107
Trd, 4318759.243, 101
Trd, 4318759.943, 91
Trd, 4318760.643, 83
Trd, 4318761.443, 111
Trd, 4318762.093, 94
Trd, 4318762.193, 124
Trd, 4318762.493, 133
Trd, 4318762.843, 97
Trd, 4318763.443, 70
Trd, 4318764.743, 106
Trd, 4318765.043, 115
Trd, 4318765.593, 105
Trd, 4318766.693, 89
Trd, 4318766.743, 113
Trd, 4318767.243, 75
Trd, 4318767.593, 64
Trd, 4318767.643, 94
Trd, 4318767.843, 85
Trd, 4318769.143, 76
Trd, 4318770.343, 62
Trd, 4318771.293, 68
Trd, 4318771.743, 63
Trd, 4318771.943, 79
Trd, 4318772.343, 99
Trd, 4318772.943, 127
Trd, 4318773.443, 60
Trd, 4318774.343, 99
Trd, 4318774.843, 105
Trd, 4318776.343, 139
Trd, 4318776.443, 137
Trd, 4318776.893, 128
Trd, 4318777.143, 95
Trd, 4318777.193, 72
Trd, 4318777.793, 64
Trd, 4318779.293, 66
Trd, 4318779.943, 79
Trd, 4318780.043, 84
Trd, 4318780.393, 78
Trd, 4318781.243, 77
Trd, 4318781.893, 117
Trd, 4318782.593, 104
Trd, 4318782.843, 123
Trd, 4318783.493, 89
Trd, 4318784.193, 135
Trd, 4318784.993, 139
Trd, 4318785.543, 76
Trd, 4318786.543, 92
Trd, 4318787.093, 88
Trd, 4318787.693, 69
Trd, 4318787.893, 77
Trd, 4318788.043, 102
Trd, 4318788.493, 114
Trd, 4318789.693, 93
Trd, 4318789.793, 77
Trd, 4318790.093, 75
Trd, 4318791.093, 140
Trd, 4318792.243, 83
Trd, 4318792.543, 81
Trd, 4318793.393, 90
Trd, 4318793.493, 78
Trd, 4318794.943, 114
Trd, 4318796.293, 140
Trd, 4318796.643, 139
Trd, 4318796.843, 101
Trd, 4318797.943, 122
Trd, 4318798.093, 71
Trd, 4318798.393, 110
Trd, 4318798.593, 86
Trd, 4318801.493, 101
Trd, 4318802.143, 130
Trd, 4318802.293, 115
Trd, 4318803.193, 122
Trd, 4318803.493, 87
Trd, 4318803.893, 98
Trd, 4318805.293, 100
Trd, 4318805.343, 85
Trd, 4318806.493, 138
Trd, 4318807.093, 121
Trd, 4318807.343, 117
Trd, 4318808.443, 139
Trd, 4318808.743, 136
Trd, 4318809.593, 114
Trd, 4318809.893, 110
Trd, 4318810.043, 69
Trd, 4318810.943, 79
Trd, 4318812.243, 128
Trd, 4318812.843, 119
Trd, 4318813.793, 114
Trd, 4318814.143, 133
Trd, 4318815.893, 81
Trd, 4318816.493, 82
Trd, 4318816.593, 80
Trd, 4318816.893, 74
Trd, 4318817.643, 61
Trd, 4318819.193, 60
Trd, 4318819.543, 66
Trd, 4318820.093, 110
Trd, 4318820.593, 107
Trd, 4318821.343, 92
Trd, 4318821.643, 130
Trd, 4318822.193, 74
Trd, 4318822.593, 71
Trd, 4318823.243, 92
Trd, 4318824.943, 97
Trd, 4318825.693, 107
Trd, 4318825.743, 97
Trd, 4318826.493, 102
Trd, 4318827.593, 110
Trd, 4318827.643, 109
Trd, 4318827.693, 74
Trd, 4318828.893, 80
Trd, 4318829.443, 140
Trd, 4318829.693, 97
Trd, 4318832.343, 67
Trd, 4318833.343, 117
Trd, 4318833.793, 115
Trd, 4318833.893, 80
Trd, 4318834.143, 78
Trd, 4318834.793, 110
Trd, 4318836.143, 82
Trd, 4318836.893, 106
Trd, 4318836.943, 66
Trd, 4318838.293, 139
Trd, 4318838.543, 137
Trd, 4318839.293, 140
Trd, 4318839.743, 100
Trd, 4318840.093, 93
Trd, 4318840.293, 122
Trd, 4318840.843, 86
Trd, 4318843.343, 91
Trd, 4318843.443, 95
Trd, 4318844.193, 129
Trd, 4318844.743, 139
Trd, 4318845.093, 123
Trd, 4318845.543, 107
Trd, 4318845.993, 88
Trd, 4318846.193, 85
Trd, 4318846.493, 73
Trd, 4318847.693, 93
Trd, 4318849.493, 99
Trd, 4318849.543, 89
Trd, 4318850.243, 136
Trd, 4318850.443, 114
Trd, 4318852.443, 140
Trd, 4318852.893, 124
Trd, 4318853.543, 75
Trd, 4318854.293, 63
Trd, 4318855.143, 99
Trd, 4318855.443, 64
Trd, 4318856.693, 67
Trd, 4318857.343, 70
Trd, 4318857.743, 114
Trd, 4318858.643, 67
Trd, 4318859.493, 74
Trd, 4318859.693, 75
Trd, 4318860.743, 118
Trd, 4318860.893, 117
Trd, 4318861.543, 97
Trd, 4318862.293, 61
Trd, 4318863.393, 103
Trd, 4318863.643, 101
Trd, 4318864.743, 112
Trd, 4318865.993, 60
Trd, 4318866.243, 91
Trd, 4318867.043, 60
Trd, 4318868.093, 60
Trd, 4318869.743, 61
Trd, 4318869.843, 85
Trd, 4318869.943, 87
Trd, 4318870.293, 70
Trd, 4318870.443, 95
Trd, 4318870.843, 90
Trd, 4318872.243, 73
Trd, 4318872.893, 123
Trd, 4318873.993, 66
Trd, 4318874.393, 68
Trd, 4318874.693, 107
Trd, 4318875.093, 112
Trd, 4318875.943, 110
Trd, 4318875.993, 109
Trd, 4318876.293, 92
Trd, 4318877.043, 62
Trd, 4318877.893, 140
Trd, 4318878.593, 86
Trd, 4318878.843, 64
Trd, 4318879.443, 133
Trd, 4318881.093, 102
Trd, 4318881.593, 104
Trd, 4318881.793, 84
Trd, 4318883.343, 65
Trd, 4318883.393, 76
Trd, 4318885.143, 110
Trd, 4318885.193, 97
Trd, 4318885.993, 102
Trd, 4318886.143, 116
Trd, 4318886.743, 93
Trd, 4318887.743, 75
Trd, 4318888.693, 67
Trd, 4318889.143, 104
Trd, 4318890.243, 79
Trd, 4318890.993, 68
Trd, 4318891.193, 61
Trd, 4318893.693, 105
Trd, 4318893.793, 68
Trd, 4318893.993, 80
Trd, 4318894.343, 93
Trd, 4318894.843, 64
Trd, 4318895.043, 137
Trd, 4318895.793, 117
Trd, 4318896.593, 80
Trd, 4318896.893, 86
Trd, 4318897.143, 80
Trd, 4318897.643, 122
Trd, 4318898.293, 125
Trd, 4318898.893, 110
Trd, 4318899.393, 63
Trd, 4318900.393, 60
Trd, 4318901.393, 63
Trd, 4318903.493, 68
Trd, 4318903.643, 89
Trd, 4318904.643, 65
Trd, 4318904.843, 96
Trd, 4318904.893, 62
Trd, 4318905.493, 91
Trd, 4318906.343, 108
Trd, 4318906.643, 70
Trd, 4318907.293, 60
Trd, 4318907.643, 91
Trd, 4318907.893, 70
Trd, 4318909.443, 140
Trd, 4318909.843, 140
Trd, 4318909.993, 124
Trd, 4318911.143, 87
Trd, 4318912.093, 140
Trd, 4318913.293, 134
Trd, 4318913.693, 100
Trd, 4318914.343, 99
Trd, 4318914.443, 97
Trd, 4318915.943, 103
Trd, 4318915.993, 83
Trd, 4318916.193, 75
Trd, 4318917.443, 73
Trd, 4318917.593, 100
Trd, 4318917.943, 81
Trd, 4318918.493, 108
Trd, 4318919.293, 80
Trd, 4318919.843, 79
Trd, 4318920.193, 97
Trd, 4318920.543, 77
Trd, 4318922.693, 139
Trd, 4318923.243, 101
Trd, 4318923.293, 90
Trd, 4318923.343, 84
Trd, 4318924.843, 64
Trd, 4318925.293, 64
Trd, 4318925.393, 82
Trd, 4318925.743, 74
Trd, 4318926.693, 133
Trd, 4318927.443, 132
Trd, 4318927.693, 110
Trd, 4318928.993, 140
Trd, 4318929.493, 116
Trd, 4318929.843, 102
Trd, 4318930.493, 76
Trd, 4318931.293, 62
Trd, 4318931.743, 64
Trd, 4318931.893, 104
Trd, 4318932.643, 78
Trd, 4318933.843, 97
Trd, 4318934.393, 114
Trd, 4318934.493, 134
Trd, 4318934.893, 113
Trd, 4318935.643, 113
Trd, 4318936.393, 103
Trd, 4318937.193, 138
Trd, 4318937.893, 77
Trd, 4318938.693, 75
Trd, 4318939.143, 61
Trd, 4318939.343, 60
Trd, 4318939.893, 65
Trd, 4318941.143, 118
Trd, 4318941.843, 120
Trd, 4318942.243, 105
Trd, 4318942.793, 139
Trd, 4318943.743, 103
Trd, 4318944.243, 95
Trd, 4318944.843, 79
Trd, 4318945.743, 93
Trd, 4318946.243, 85
Trd, 4318946.593, 92
Trd, 4318946.643, 96
Trd, 4318949.193, 61
Trd, 4318949.343, 64
Trd, 4318949.443, 128
Trd, 4318949.593, 64
Trd, 4318952.593, 123
Trd, 4318952.693, 112
Trd, 4318953.143, 110
Trd, 4318953.893, 93
Trd, 4318953.993, 104
Trd, 4318954.593, 116
Trd, 4318956.193, 89
Trd, 4318956.243, 122
Trd, 4318957.443, 79
Trd, 4318958.793, 79
Trd, 4318960.093, 89
Trd, 4318960.193, 80
Trd, 4318960.643, 115
Trd, 4318961.293, 77
Trd, 4318961.943, 64
Trd, 4318963.743, 110
Trd, 4318964.443, 135
Trd, 4318964.743, 75
Trd, 4318964.993, 84
Trd, 4318965.543, 105
Trd, 4318965.793, 110
Trd, 4318966.393, 67
Trd, 4318967.543, 65
Trd, 4318967.943, 82
Trd, 4318968.593, 65
Trd, 4318970.093, 62
Trd, 4318970.193, 74
Trd, 4318970.443, 63
Trd, 4318970.493, 106
Trd, 4318972.193, 77
Trd, 4318972.943, 64
Trd, 4318972.993, 71
Trd, 4318973.193, 70
Trd, 4318973.993, 63
Trd, 4318974.043, 137
Trd, 4318974.993, 65
Trd, 4318976.343, 83
Trd, 4318976.393, 76
Trd, 4318977.893, 113
Trd, 4318978.293, 129
Trd, 4318978.493, 127
Trd, 4318978.743, 137
Trd, 4318979.493, 140
Trd, 4318979.793, 107
Trd, 4318980.443, 69
Trd, 4318980.993, 124
Trd, 4318981.293, 67
Trd, 4318982.393, 69
Trd, 4318984.093, 62
Trd, 4318984.393, 64
Trd, 4318985.543, 84
Trd, 4318986.243, 84
Trd, 4318986.443, 71
Trd, 4318986.993, 96
Trd, 4318987.893, 80
Trd, 4318988.193, 61
Trd, 4318989.393, 65
Trd, 4318990.293, 88
Trd, 4318991.243, 85
Trd, 4318991.343, 84
Trd, 4318991.643, 68
Trd, 4318992.143, 121
Trd, 4318993.043, 110
Trd, 4318993.693, 95
Trd, 4318994.693, 107
Trd, 4318995.543, 67
Trd, 4318996.193, 140
Trd, 4318996.343, 104
Trd, 4318997.093, 134
Trd, 4318997.193, 132
Trd, 4318997.843, 130
Trd, 4318998.243, 94
Trd, 4318999.693, 109
Trd, 4319000.293, 117
Trd, 4319000.393, 77
Trd, 4319001.243, 81
Trd, 4319002.193, 77
Trd, 4319002.743, 101
Trd, 4319003.843, 102
Trd, 4319004.743, 123
Trd, 4319005.093, 131
Trd, 4319005.143, 87
Trd, 4319006.343, 62
Trd, 4319007.643, 61
Trd, 4319008.193, 73
Trd, 4319008.593, 64
Trd, 4319009.243, 60
Trd, 4319010.243, 107
Trd, 4319010.793, 60
Trd, 4319011.243, 114
Trd, 4319012.293, 140
Trd, 4319012.393, 110
Trd, 4319012.843, 91
Trd, 4319014.743, 126
Trd, 4319015.293, 102
Trd, 4319015.593, 76
Trd, 4319016.543, 87
Trd, 4319016.843, 92
Trd, 4319017.043, 122
Trd, 4319017.743, 81
Trd, 4319018.393, 81
Trd, 4319018.943, 119
Trd, 4319019.043, 108
Trd, 4319019.443, 67
Trd, 4319020.693, 102
Trd, 4319020.793, 101
Trd, 4319022.793, 109
Trd, 4319023.393, 97
Trd, 4319023.843, 81
Trd, 4319024.343, 96
Trd, 4319024.843, 133
Trd, 4319026.043, 136
Trd, 4319026.843, 135
Trd, 4319027.393, 129
Trd, 4319028.693, 105
Trd, 4319028.943, 92
Trd, 4319029.143, 118
Trd, 4319029.243, 81
Trd, 4319030.293, 129
Trd, 4319030.343, 96
Trd, 4319030.793, 93
Trd, 4319031.793, 99
Trd, 4319032.793, 111
Trd, 4319032.843, 73
Trd, 4319033.193, 64
Trd, 4319034.193, 140
Trd, 4319034.443, 83
Trd, 4319035.693, 84
Trd, 4319035.893, 91
Trd, 4319036.893, 63
Trd, 4319037.843, 63
Trd, 4319038.143, 112
Trd, 4319038.943, 139
Trd, 4319039.293, 110
Trd, 4319039.943, 96
Trd, 4319040.093, 64
Trd, 4319040.893, 93
Trd, 4319041.893, 85
Trd, 4319042.243, 105
Trd, 4319042.543, 103
Trd, 4319043.843, 110
Trd, 4319044.493, 79
Trd, 4319044.793, 104
Trd, 4319045.743, 61
Trd, 4319046.493, 71
Trd, 4319047.443, 66
Trd, 4319047.543, 68
Trd, 4319048.143, 68
Trd, 4319049.893, 116
Trd, 4319050.893, 108
Trd, 4319050.993, 107
Trd, 4319051.143, 101
Trd, 4319051.943, 129
Trd, 4319052.093, 121
Trd, 4319053.543, 108
Trd, 4319054.343, 136
Trd, 4319054.593, 124
Trd, 4319054.943, 86
Trd, 4319055.593, 140
Trd, 4319056.543, 85
Trd, 4319056.893, 122
Trd, 4319057.493, 81
Trd, 4319057.943, 66
Trd, 4319058.093, 140
Trd, 4319059.043, 85
Trd, 4319059.593, 61
Trd, 4319060.743, 126
Trd, 4319061.343, 107
Trd, 4319062.293, 61
Trd, 4319063.643, 64
Trd, 4319064.243, 62
Trd, 4319065.343, 69
Trd, 4319066.493, 90
Trd, 4319066.943, 118
Trd, 4319067.443, 114
Trd, 4319068.193, 138
Trd, 4319069.343, 94
Trd, 4319069.643, 70
Trd, 4319069.693, 61
Trd, 4319070.793, 74
Trd, 4319071.493, 121
Trd, 4319072.643, 98
Trd, 4319072.793, 94
Trd, 4319073.743, 90
Trd, 4319074.043, 96
Trd, 4319074.443, 75
Trd, 4319075.743, 80
Trd, 4319075.843, 77
Trd, 4319076.743, 76
Trd, 4319077.193, 69
Trd, 4319077.293, 85
Trd, 4319079.143, 140
Trd, 4319079.593, 108
Trd, 4319079.743, 102
Trd, 4319079.943, 86
Trd, 4319080.893, 83
Trd, 4319080.943, 91
Trd, 4319080.993, 131
Trd, 4319082.343, 105
Trd, 4319083.393, 87
Trd, 4319083.843, 85
Trd, 4319084.693, 77
Trd, 4319086.243, 67
Trd, 4319087.093, 61
Trd, 4319087.343, 96
Trd, 4319087.593, 100
Trd, 4319088.293, 117
Trd, 4319088.593, 66
Trd, 4319089.343, 115
Trd, 4319089.493, 103
Trd, 4319091.093, 119
Trd, 4319091.243, 139
Trd, 4319091.393, 111
Trd, 4319092.343, 139
Trd, 4319093.193, 103
Trd, 4319093.593, 110
Trd, 4319093.893, 104
Trd, 4319095.793, 113
Trd, 4319096.093, 78
Trd, 4319096.293, 80
Trd, 4319097.693, 140
Trd, 4319097.793, 128
Trd, 4319098.393, 118
Trd, 4319098.943, 94
Trd, 4319099.493, 119
Trd, 4319100.143, 139
Trd, 4319100.893, 88
Trd, 4319101.193, 126
Trd, 4319101.343, 68
Trd, 4319102.493, 122
Trd, 4319102.543, 121
Trd, 4319103.043, 83
Trd, 4319103.693, 63
Trd, 4319104.193, 87
Trd, 4319105.743, 67
Trd, 4319106.493, 63
Trd, 4319106.643, 73
Trd, 4319107.393, 72
Trd, 4319108.993, 120
Trd, 4319109.443, 122
Trd, 4319109.943, 99
Trd, 4319110.993, 140
Trd, 4319111.743, 92
Trd, 4319112.243, 75
Trd, 4319112.443, 95
Trd, 4319113.493, 110
Trd, 4319116.193, 138
Trd, 4319116.493, 134
Trd, 4319116.643, 112
Trd, 4319116.793, 113
Trd, 4319117.643, 104
Trd, 4319118.243, 118
Trd, 4319118.543, 111
Trd, 4319118.743, 109
Trd, 4319119.243, 100
Trd, 4319119.343, 137
Trd, 4319121.193, 83
Trd, 4319121.893, 103
Trd, 4319122.443, 102
Trd, 4319122.543, 111
Trd, 4319122.643, 81
Trd, 4319122.843, 99
Trd, 4319123.993, 103
Trd, 4319124.093, 99
Trd, 4319124.943, 94
Trd, 4319126.093, 105
Trd, 4319126.393, 90
Trd, 4319128.143, 140
Trd, 4319128.543, 140
Trd, 4319128.743, 97
Trd, 4319129.043, 92
Trd, 4319129.993, 67
Trd, 4319130.943, 71
Trd, 4319131.843, 80
Trd, 4319131.893, 70
Trd, 4319132.443, 93
Trd, 4319132.693, 78
Trd, 4319134.843, 60
Trd, 4319134.943, 72
Trd, 4319135.443, 77
Trd, 4319135.643, 122
Trd, 4319135.843, 66
Trd, 4319137.393, 109
Trd, 4319137.693, 107
Trd, 4319137.993, 79
Trd, 4319138.393, 75
Trd, 4319139.093, 68
Trd, 4319139.143, 101
Trd, 4319141.043, 107
Trd, 4319141.693, 138
Trd, 4319141.943, 89
Trd, 4319142.593, 60
Trd, 4319143.293, 97
Trd, 4319143.693, 94
Trd, 4319144.393, 87
Trd, 4319145.143, 110
Trd, 4319145.893, 129
Trd, 4319146.793, 70
Trd, 4319147.493, 79
Trd, 4319148.743, 69
Trd, 4319149.243, 85
Trd, 4319150.243, 105
Trd, 4319150.893, 117
Trd, 4319150.993, 111
Trd, 4319151.343, 102
Trd, 4319152.493, 88
Trd, 4319153.243, 109
Trd, 4319153.593, 84
Trd, 4319153.643, 81
Trd, 4319154.193, 138
Trd, 4319154.293, 88
Trd, 4319155.293, 83
Trd, 4319155.443, 68
Trd, 4319156.743, 140
Trd, 4319157.243, 81
Trd, 4319157.643, 83
Trd, 4319157.743, 79
Trd, 4319157.993, 74
Trd, 4319159.093, 74
Trd, 4319160.143, 137
Trd, 4319160.943, 88
Trd, 4319162.043, 94
Trd, 4319162.893, 70
Trd, 4319163.393, 80
Trd, 4319163.543, 95
Trd, 4319164.843, 98
Trd, 4319165.493, 122
Trd, 4319165.843, 72
Trd, 4319167.193, 93
Trd, 4319168.443, 140
Trd, 4319168.693, 116
Trd, 4319169.043, 120
Trd, 4319169.943, 100
Trd, 4319170.193, 139
Trd, 4319170.343, 77
Trd, 4319170.793, 75
Trd, 4319171.843, 61
Trd, 4319172.243, 72
Trd, 4319172.593, 69
Trd, 4319173.143, 78
Trd, 4319173.943, 65
Trd, 4319174.493, 79
Trd, 4319175.193, 118
Trd, 4319175.293, 124
Trd, 4319176.743, 78
Trd, 4319177.393, 116
Trd, 4319177.893, 129
Trd, 4319178.643, 96
Trd, 4319180.543, 95
Trd, 4319182.343, 131
Trd, 4319183.343, 93
Trd, 4319183.493, 140
Trd, 4319184.143, 93
Trd, 4319185.593, 125
Trd, 4319185.893, 132
Trd, 4319186.543, 74
Trd, 4319186.893, 108
Trd, 4319187.293, 92
Trd, 4319187.443, 74
Trd, 4319188.243, 65
Trd, 4319189.293, 118
Trd, 4319189.893, 137
Trd, 4319190.193, 89
Trd, 4319190.943, 94
Trd, 4319191.593, 91
Trd, 4319192.593, 60
Trd, 4319192.693, 69
Trd, 4319193.543, 70
Trd, 4319193.843, 60
Trd, 4319194.293, 80
Trd, 4319194.643, 75
Trd, 4319194.793, 92
Trd, 4319194.993, 71
Trd, 4319195.993, 73
Trd, 4319196.193, 69
Trd, 4319197.043, 77
Trd, 4319198.543, 115
Trd, 4319199.993, 107
Trd, 4319200.243, 100
Trd, 4319200.893, 107
Trd, 4319201.093, 84
Trd, 4319201.193, 83
Trd, 4319201.393, 115
Trd, 4319202.193, 63
Trd, 4319202.793, 60
Trd, 4319203.993, 114
Trd, 4319204.193, 75
Trd, 4319204.993, 139
Trd, 4319206.843, 131
Trd, 4319206.993, 130
Trd, 4319207.193, 99
Trd, 4319207.693, 92
Trd, 4319207.793, 91
Trd, 4319208.243, 120
Trd, 4319208.343, 89
Trd, 4319209.093, 111
Trd, 4319209.943, 140
Trd, 4319210.743, 72
Trd, 4319211.193, 102
Trd, 4319211.643, 98
Trd, 4319211.993, 83
Trd, 4319213.493, 102
Trd, 4319214.043, 97
Trd, 4319215.043, 82
Trd, 4319215.393, 89
Trd, 4319216.293, 61
Trd, 4319217.993, 62
Trd, 4319218.043, 77
Trd, 4319218.543, 119
Trd, 4319218.743, 125
Trd, 4319219.393, 117
Trd, 4319219.493, 64
Trd, 4319220.193, 61
Trd, 4319221.143, 61
Trd, 4319222.143, 124
Trd, 4319222.743, 105
Trd, 4319223.643, 110
Trd, 4319224.393, 132
Trd, 4319224.443, 91
Trd, 4319224.993, 138
Trd, 4319227.293, 62
Trd, 4319227.843, 96
Trd, 4319228.243, 95
Trd, 4319228.593, 100
Trd, 4319228.843, 95
Trd, 4319229.543, 89
Trd, 4319229.893, 137
Trd, 4319230.093, 89
Trd, 4319231.993, 62
Trd, 4319232.943, 68
Trd, 4319233.993, 81
Trd, 4319234.193, 81
Trd, 4319234.693, 83
Trd, 4319235.193, 66
Trd, 4319236.343, 101
Trd, 4319237.793, 60
Trd, 4319238.093, 69
Trd, 4319238.693, 67
Trd, 4319239.393, 92
Trd, 4319240.993, 140
Trd, 4319241.143, 140
Trd, 4319241.943, 140
Trd, 4319242.243, 106
Trd, 4319243.443, 102
Trd, 4319243.593, 82
Trd, 4319244.343, 140
Trd, 4319244.643, 86
Trd, 4319245.543, 99
Trd, 4319246.343, 93
Trd, 4319247.193, 79
Trd, 4319247.243, 76
Trd, 4319248.093, 62
Trd, 4319249.693, 64
Trd, 4319249.843, 69
Trd, 4319251.043, 62
Trd, 4319251.093, 81
Trd, 4319251.493, 90
Trd, 4319251.743, 112
Trd, 4319251.843, 85
Trd, 4319252.193, 67
Trd, 4319252.343, 79
Trd, 4319254.043, 103
Trd, 4319255.143, 75
Trd, 4319255.543, 60
Trd, 4319256.743, 60
Trd, 4319257.943, 88
Trd, 4319258.643, 127
Trd, 4319258.993, 87
Trd, 4319259.193, 112
Trd, 4319259.343, 83
Trd, 4319260.993, 65
Trd, 4319262.343, 130
Trd, 4319262.793, 109
Trd, 4319262.893, 90
Trd, 4319263.793, 98
Trd, 4319264.343, 76
Trd, 4319264.693, 60
Trd, 4319265.043, 139
Trd, 4319265.643, 128
Trd, 4319265.693, 127
Trd, 4319266.393, 113
Trd, 4319266.543, 77
Trd, 4319267.543, 65
Trd, 4319268.893, 75
Trd, 4319269.843, 60
Trd, 4319270.493, 136
Trd, 4319271.943, 140
Trd, 4319272.093, 112
Trd, 4319272.243, 108
Trd, 4319272.443, 105
Trd, 4319272.693, 102
Trd, 4319274.543, 139
Trd, 4319276.243, 127
Trd, 4319276.293, 96
Trd, 4319276.343, 90
Trd, 4319276.843, 87
Trd, 4319277.143, 75
Trd, 4319277.543, 66
Trd, 4319278.393, 73
Trd, 4319278.893, 95
Trd, 4319279.393, 122
Trd, 4319281.043, 73
Trd, 4319281.243, 67
Trd, 4319281.743, 82
Trd, 4319282.943, 122
Trd, 4319283.993, 87
Trd, 4319284.143, 94
Trd, 4319284.643, 118
Trd, 4319284.793, 116
Trd, 4319286.393, 95
Trd, 4319286.543, 130
Trd, 4319286.843, 87
Trd, 4319287.043, 140
Trd, 4319288.043, 126
Trd, 4319288.343, 122
Trd, 4319289.443, 86
Trd, 4319290.593, 92
Trd, 4319290.843, 112
Trd, 4319291.493, 91
Trd, 4319292.443, 140
Trd, 4319293.393, 114
Trd, 4319293.743, 110
Trd, 4319294.093, 107
Trd, 4319294.893, 124
Trd, 4319295.093, 129
Trd, 4319295.543, 111
Trd, 4319295.793, 85
Trd, 4319296.343, 124
Trd, 4319296.643, 135
Trd, 4319297.393, 67
Trd, 4319298.443, 62
Trd, 4319299.193, 62
Trd, 4319300.893, 138
Trd, 4319300.943, 137
Trd, 4319301.593, 96
Trd, 4319301.943, 88
Trd, 4319302.143, 91
Trd, 4319302.193, 85
Trd, 4319302.243, 79
Trd, 4319303.393, 136
Trd, 4319304.143, 61
Trd, 4319304.893, 63
Trd, 4319307.043, 69
Trd, 4319307.893, 111
Trd, 4319308.493, 64
Trd, 4319309.393, 61
Trd, 4319309.493, 66
Trd, 4319310.193, 65
Trd, 4319310.543, 66
Trd, 4319311.193, 88
Trd, 4319311.593, 90
Trd, 4319313.043, 139
Trd, 4319313.393, 122
Trd, 4319314.843, 123
Trd, 4319315.793, 109
Trd, 4319315.943, 108
Trd, 4319316.743, 98
Trd, 4319316.843, 76
Trd, 4319317.093, 78
Trd, 4319317.693, 60
Trd, 4319319.293, 81
Trd, 4319319.893, 62
Trd, 4319320.293, 98
Trd, 4319320.643, 63
Trd, 4319321.643, 64
Trd, 4319321.843, 71
Trd, 4319322.193, 62
Trd, 4319322.793, 110
Trd, 4319323.993, 61
Trd, 4319324.743, 66
Trd, 4319325.243, 63
Trd, 4319327.393, 64
Trd, 4319327.793, 62
Trd, 4319328.043, 87
Trd, 4319328.393, 60
Trd, 4319328.543, 66
Trd, 4319329.093, 64
Trd, 4319329.943, 96
Trd, 4319330.843, 68
Trd, 4319331.043, 110
Trd, 4319331.243, 67
Trd, 4319332.893, 117
Trd, 4319333.793, 115
Trd, 4319334.593, 115
Trd, 4319335.093, 135
Trd, 4319335.343, 128
Trd, 4319335.943, 107
Trd, 4319336.343, 103
Trd, 4319337.393, 82
Trd, 4319338.243, 67
Trd, 4319338.493, 75
Trd, 4319339.743, 80
Trd, 4319341.343, 83
Trd, 4319341.393, 89
Trd, 4319341.993, 90
Trd, 4319342.943, 73
Trd, 4319343.243, 100
Trd, 4319344.093, 105
Trd, 4319344.243, 135
Trd, 4319344.893, 119
Trd, 4319344.943, 111
Trd, 4319345.893, 99
Trd, 4319345.943, 89
Trd, 4319346.143, 88
Trd, 4319347.293, 84
Trd, 4319348.493, 72
Trd, 4319348.743, 103
Trd, 4319349.193, 93
Trd, 4319349.593, 96
Trd, 4319351.493, 134
Trd, 4319351.643, 94
Trd, 4319352.543, 140
Trd, 4319352.843, 140
Trd, 4319353.043, 118
Trd, 4319353.643, 133
Trd, 4319354.643, 80
Trd, 4319355.043, 84
Trd, 4319355.193, 63
Trd, 4319356.143, 114
Trd, 4319356.693, 100
Trd, 4319357.293, 111
Trd, 4319358.293, 79
Trd, 4319358.593, 100
Trd, 4319359.243, 140
Trd, 4319361.293, 92
Trd, 4319361.493, 61
Trd, 4319361.843, 63
Trd, 4319362.493, 92
Trd, 4319362.693, 72
Trd, 4319363.793, 62
Trd, 4319364.143, 137
Trd, 4319365.243, 137
Trd, 4319365.493, 109
Trd, 4319366.443, 64
Trd, 4319366.493, 110
Trd, 4319367.643, 61
Trd, 4319368.943, 66
Trd, 4319369.843, 110
Trd, 4319370.493, 92
Trd, 4319371.043, 65
Trd, 4319372.243, 67
Trd, 4319372.993, 62
Trd, 4319373.293, 64
Trd, 4319373.443, 119
Trd, 4319374.643, 109
Trd, 4319375.293, 93
Trd, 4319375.443, 92
Trd, 4319375.693, 90
Trd, 4319375.843, 65
Trd, 4319376.243, 133
Trd, 4319377.693, 140
Trd, 4319377.843, 115
Trd, 4319378.793, 90
Trd, 4319378.943, 110
Trd, 4319379.143, 117
Trd, 4319380.193, 75
Trd, 4319380.443, 76
Trd, 4319380.643, 68
Trd, 4319380.693, 66
Trd, 4319381.643, 67
Trd, 4319381.993, 70
Trd, 4319383.143, 124
Trd, 4319383.343, 126
Trd, 4319384.493, 93
Trd, 4319384.543, 86
Trd, 4319386.043, 61
Trd, 4319386.143, 75
Trd, 4319387.393, 110
Trd, 4319388.243, 86
Trd, 4319389.243, 87
Trd, 4319389.893, 98
Trd, 4319389.993, 97
Trd, 4319390.293, 68
Trd, 4319390.393, 111
Trd, 4319391.093, 100
Trd, 4319393.343, 124
Trd, 4319393.843, 119
Trd, 4319394.143, 139
Trd, 4319395.643, 73
Trd, 4319396.043, 65
Trd, 4319398.243, 61
Trd, 4319398.693, 87
Trd, 4319399.193, 64
Trd, 4319399.643, 96
Trd, 4319400.443, 88
Trd, 4319401.643, 87
Trd, 4319401.743, 94
Trd, 4319401.993, 116
Trd, 4319402.793, 78
Trd, 4319402.943, 105
Trd, 4319403.893, 65
Trd, 4319404.393, 98
Trd, 4319404.493, 88
Trd, 4319404.543, 104
Trd, 4319405.943, 138
Trd, 4319406.943, 97
Trd, 4319406.993, 81
Trd, 4319408.093, 62
Trd, 4319408.843, 60
Trd, 4319409.193, 62
Trd, 4319409.893, 60
Trd, 4319410.993, 64
Trd, 4319411.543, 96
Trd, 4319411.893, 92
Trd, 4319412.243, 91
Trd, 4319414.143, 132
Trd, 4319414.443, 135
Trd, 4319414.793, 96
Trd, 4319416.093, 97
Trd, 4319416.843, 93
Trd, 4319417.593, 84
Trd, 4319418.443, 63
Trd, 4319419.443, 60
Trd, 4319419.943, 78
Trd, 4319421.543, 73
Trd, 4319422.393, 73
Trd, 4319422.943, 104
Trd, 4319423.293, 92
Trd, 4319423.493, 104
Trd, 4319423.593, 92
Trd, 4319424.043, 124
Trd, 4319424.993, 135
Trd, 4319425.843, 80
Trd, 4319426.493, 89
Trd, 4319427.593, 60
Trd, 4319427.893, 64
Trd, 4319428.643, 139
Trd, 4319428.943, 99
Trd, 4319429.293, 91
Trd, 4319430.293, 128
Trd, 4319431.193, 94
Trd, 4319431.493, 125
Trd, 4319432.943, 73
Trd, 4319433.193, 116
Trd, 4319433.343, 71
Trd, 4319433.393, 87
Trd, 4319433.643, 70
Trd, 4319435.493, 83
Trd, 4319436.093, 137
Trd, 4319436.243, 106
Trd, 4319436.643, 105
Trd, 4319437.443, 69
Trd, 4319438.593, 77
Trd, 4319438.643, 69
Trd, 4319438.943, 114
Trd, 4319439.193, 68
Trd, 4319439.793, 66
Trd, 4319440.343, 88
Trd, 4319440.543, 87
Trd, 4319442.243, 139
Trd, 4319443.643, 115
Trd, 4319443.793, 96
Trd, 4319444.643, 132
Trd, 4319445.593, 111
Trd, 4319445.743, 102
Trd, 4319447.493, 131
Trd, 4319448.543, 131
Trd, 4319448.793, 96
Trd, 4319449.243, 135
Trd, 4319449.293, 114
Trd, 4319449.393, 99
Trd, 4319450.743, 140
Trd, 4319451.043, 140
Trd, 4319451.493, 108
Trd, 4319451.643, 97
Trd, 4319452.693, 79
Trd, 4319452.843, 136
Trd, 4319454.343, 94
Trd, 4319455.393, 112
Trd, 4319455.593, 76
Trd, 4319457.893, 134
Trd, 4319457.943, 105
Trd, 4319458.143, 101
Trd, 4319458.743, 108
Trd, 4319458.993, 126
Trd, 4319459.893, 107
Trd, 4319460.393, 98
Trd, 4319460.893, 127
Trd, 4319461.543, 123
Trd, 4319461.643, 115
Trd, 4319462.943, 92
Trd, 4319463.393, 103
Trd, 4319463.443, 74
Trd, 4319464.043, 61
Trd, 4319466.743, 76
Trd, 4319466.893, 77
Trd, 4319466.993, 91
Trd, 4319467.043, 123
Trd, 4319467.593, 140
Trd, 4319468.293, 116
Trd, 4319468.643, 73
Trd, 4319469.143, 72
Trd, 4319470.043, 82
Trd, 4319470.443, 67
Trd, 4319472.393, 92
Trd, 4319472.793, 61
Trd, 4319473.843, 84
Trd, 4319473.993, 73
Trd, 4319474.643, 139
Trd, 4319474.743, 117
Trd, 4319475.293, 110
Trd, 4319475.343, 91
Trd, 4319476.493, 87
Trd, 4319477.893, 138
Trd, 4319478.493, 119
Trd, 4319478.543, 111
Trd, 4319479.293, 80
Trd, 4319479.993, 124
Trd, 4319480.493, 121
Trd, 4319481.793, 94
Trd, 4319482.693, 83
Trd, 4319483.193, 125
Trd, 4319483.293, 67
Trd, 4319483.493, 66
Trd, 4319484.193, 83
Trd, 4319484.693, 78
Trd, 4319484.943, 81
Trd, 4319485.193, 77
Trd, 4319487.393, 91
Trd, 4319487.643, 95
Trd, 4319488.543, 131
Trd, 4319489.943, 96
Trd, 4319490.143, 83
Trd, 4319490.343, 82
Trd, 4319490.643, 139
Trd, 4319491.693, 82
Trd, 4319492.393, 68
Trd, 4319492.543, 105
Trd, 4319493.243, 94
Trd, 4319494.043, 62
Trd, 4319495.043, 140
Trd, 4319495.343, 140
Trd, 4319495.393, 97
Trd, 4319496.143, 127
Trd, 4319497.143, 139
Trd, 4319498.493, 79
Trd, 4319499.393, 102
Trd, 4319500.343, 112
Trd, 4319501.193, 101
Trd, 4319501.293, 96
Trd, 4319501.393, 66
Trd, 4319502.643, 106
Trd, 4319503.193, 83
Trd, 4319503.543, 138
Trd, 4319503.593, 83
Trd, 4319504.393, 60
Trd, 4319505.843, 60
Trd, 4319506.243, 61
Trd, 4319506.493, 75
Trd, 4319506.643, 129
Trd, 4319507.493, 90
Trd, 4319507.943, 83
Trd, 4319508.943, 61
Trd, 4319509.693, 60
Trd, 4319510.593, 105
Trd, 4319510.843, 64
Trd, 4319511.843, 71
Trd, 4319512.643, 75
Trd, 4319513.093, 62
Trd, 4319514.193, 126
Trd, 4319514.493, 83
Trd, 4319515.493, 72
Trd, 4319515.993, 74
Trd, 4319516.843, 62
Trd, 4319517.043, 67
Trd, 4319517.493, 75
Trd, 4319517.943, 105
Trd, 4319518.843, 108
Trd, 4319519.693, 87
Trd, 4319519.793, 86
Trd, 4319519.993, 90
Trd, 4319520.393, 67
Trd, 4319521.293, 72
Trd, 4319522.293, 124
Trd, 4319523.543, 101
Trd, 4319524.043, 94
Trd, 4319524.393, 72
Trd, 4319524.943, 101
Trd, 4319525.443, 61
Trd, 4319526.193, 60
Trd, 4319526.843, 62
Trd, 4319527.843, 100
Trd, 4319529.893, 69
Trd, 4319530.293, 60
Trd, 4319530.443, 121
Trd, 4319531.043, 121
Trd, 4319531.143, 115
Trd, 4319532.243, 65
Trd, 4319533.493, 91
Trd, 4319533.693, 112
Trd, 4319534.343, 115
Trd, 4319534.943, 91
Trd, 4319536.343, 78
Trd, 4319536.593, 62
Trd, 4319537.893, 63
Trd, 4319538.243, 73
Trd, 4319538.293, 71
Trd, 4319538.443, 84
Trd, 4319538.893, 107
Trd, 4319539.143, 78
Trd, 4319539.393, 111
Trd, 4319539.893, 64
Trd, 4319540.343, 116
Trd, 4319541.443, 60
Trd, 4319541.793, 63
Trd, 4319542.093, 71
Trd, 4319543.793, 95
Trd, 4319544.293, 127
Trd, 4319544.743, 112
Trd, 4319545.793, 139
Trd, 4319546.293, 125
Trd, 4319546.893, 82
Trd, 4319547.043, 86
Trd, 4319547.293, 118
Trd, 4319547.643, 76
Trd, 4319548.893, 74
Trd, 4319549.743, 76
Trd, 4319550.393, 61
Trd, 4319552.343, 100
Trd, 4319553.193, 104
Trd, 4319553.843, 88
Trd, 4319554.393, 77
Trd, 4319556.043, 61
Trd, 4319556.743, 60
Trd, 4319557.143, 60
Trd, 4319557.293, 70
Trd, 4319557.493, 108
Trd, 4319557.993, 69
Trd, 4319558.893, 135
Trd, 4319559.093, 107
Trd, 4319559.443, 87
Trd, 4319559.693, 86
Trd, 4319560.343, 117
Trd, 4319561.093, 67
Trd, 4319562.793, 118
Trd, 4319563.043, 116
Trd, 4319563.543, 89
Trd, 4319563.593, 85
Trd, 4319564.343, 61
Trd, 4319565.143, 75
Trd, 4319566.343, 90
Trd, 4319566.493, 71
Trd, 4319567.443, 87
Trd, 4319568.143, 117
Trd, 4319569.093, 79
Trd, 4319569.693, 61
Trd, 4319570.493, 60
Trd, 4319571.393, 114
Trd, 4319572.143, 128
Trd, 4319572.393, 103
Trd, 4319572.943, 76
Trd, 4319573.893, 138
Trd, 4319574.393, 90
Trd, 4319574.643, 77
Trd, 4319575.393, 136
Trd, 4319575.643, 108
Trd, 4319576.793, 81
Trd, 4319577.443, 126
Trd, 4319578.293, 112
Trd, 4319579.193, 116
Trd, 4319579.793, 93
Trd, 4319580.543, 83
Trd, 4319580.793, 88
Trd, 4319581.043, 136
Trd, 4319581.593, 95
Trd, 4319582.093, 103
Trd, 4319582.393, 140
Trd, 4319582.743, 60
Trd, 4319583.643, 63
Trd, 4319584.793, 132
Trd, 4319585.543, 93
Trd, 4319585.743, 90
Trd, 4319585.793, 77
Trd, 4319586.193, 65
Trd, 4319587.293, 68
Trd, 4319587.893, 67
Trd, 4319589.343, 133
Trd, 4319590.043, 140
Trd, 4319590.143, 114
Trd, 4319590.343, 110
Trd, 4319590.893, 112
Trd, 4319591.143, 100
Trd, 4319591.693, 60
Trd, 4319592.193, 62
Trd, 4319593.443, 62
Trd, 4319594.993, 140
Trd, 4319595.043, 101
Trd, 4319596.143, 88
Trd, 4319596.643, 75
Trd, 4319597.843, 81
Trd, 4319597.943, 62
Trd, 4319598.993, 105
Trd, 4319599.743, 81
Trd, 4319600.043, 93
Trd, 4319600.143, 78
Trd, 4319600.493, 74
Trd, 4319600.993, 88
Trd, 4319601.143, 60
Trd, 4319602.643, 65
Trd, 4319603.193, 78
Trd, 4319604.243, 60
Trd, 4319604.293, 72
Trd, 4319604.743, 95
Trd, 4319604.943, 124
Trd, 4319605.143, 123
Trd, 4319607.243, 119
Trd, 4319607.593, 110
Trd, 4319608.043, 72
Trd, 4319608.993, 140
Trd, 4319609.393, 99
Trd, 4319610.143, 108
Trd, 4319610.643, 83
Trd, 4319611.093, 129
Trd, 4319611.793, 140
Trd, 4319613.243, 125
Trd, 4319613.843, 115
Trd, 4319615.293, 106
Trd, 4319615.343, 97
Trd, 4319615.593, 119
Trd, 4319616.343, 118
Trd, 4319616.443, 81
Trd, 4319617.843, 140
Trd, 4319618.043, 134
Trd, 4319618.893, 109
Trd, 4319618.943, 108
Trd, 4319619.793, 69
Trd, 4319620.843, 69
Trd, 4319620.943, 83
Trd, 4319621.543, 86
Trd, 4319623.593, 80
Trd, 4319624.343, 74
Trd, 4319624.493, 81
Trd, 4319625.043, 140
Trd, 4319625.493, 140
Trd, 4319625.593, 137
Trd, 4319625.843, 78
Trd, 4319626.343, 101
Trd, 4319627.543, 70
Trd, 4319628.643, 62
Trd, 4319628.943, 64
Trd, 4319629.893, 138
Trd, 4319629.943, 91
Trd, 4319630.593, 134
Trd, 4319631.193, 138
Trd, 4319631.693, 113
Trd, 4319633.293, 110
Trd, 4319634.393, 137
Trd, 4319634.793, 119
Trd, 4319636.043, 94
Trd, 4319636.993, 104
Trd, 4319637.393, 92
Trd, 4319637.743, 87
Trd, 4319637.943, 120
Trd, 4319638.493, 108
Trd, 4319638.643, 89
Trd, 4319639.793, 115
Trd, 4319640.343, 127
Trd, 4319641.193, 104
Trd, 4319641.443, 67
Trd, 4319641.693, 104
Trd, 4319642.693, 140
Trd, 4319643.093, 140
Trd, 4319644.593, 130
Trd, 4319645.543, 76
Trd, 4319645.843, 63
Trd, 4319645.993, 69
Trd, 4319646.293, 62
Trd, 4319646.893, 88
Trd, 4319647.193, 78
Trd, 4319647.293, 96
Trd, 4319649.143, 140
Trd, 4319649.243, 140
Trd, 4319649.743, 63
Trd, 4319650.443, 65
Trd, 4319651.143, 140
Trd, 4319651.993, 118
Trd, 4319652.293, 105
Trd, 4319652.543, 87
Trd, 4319652.993, 92
Trd, 4319653.793, 98
Trd, 4319654.393, 68
Trd, 4319655.493, 66
Trd, 4319656.293, 60
Trd, 4319657.143, 101
Trd, 4319657.893, 140
Trd, 4319657.943, 99
Trd, 4319658.143, 79
Trd, 4319658.243, 62
Trd, 4319659.143, 139
Trd, 4319660.643, 135
Trd, 4319660.893, 131
Trd, 4319661.343, 139
Trd, 4319661.893, 126
Trd, 4319662.743, 106
Trd, 4319663.193, 60
Trd, 4319663.893, 86
Trd, 4319664.043, 87
Trd, 4319664.893, 100
Trd, 4319665.043, 86
Trd, 4319666.443, 140
Trd, 4319666.643, 140
Trd, 4319667.693, 89
Trd, 4319669.343, 66
Trd, 4319669.593, 76
Trd, 4319670.243, 91
Trd, 4319671.593, 64
Trd, 4319671.943, 67
Trd, 4319672.593, 77
Trd, 4319672.743, 126
Trd, 4319674.293, 60
Trd, 4319674.893, 99
Trd, 4319676.093, 119
Trd, 4319676.293, 118
Trd, 4319676.843, 111
Trd, 4319677.493, 140
Trd, 4319679.243, 128
Trd, 4319679.393, 84
Trd, 4319680.293, 104
Trd, 4319680.643, 85
Trd, 4319680.893, 82
Trd, 4319681.143, 115
Trd, 4319681.843, 86
Trd, 4319682.593, 73
Trd, 4319683.493, 64
Trd, 4319684.793, 64
Trd, 4319684.943, 70
Trd, 4319685.043, 77
Trd, 4319686.893, 119
Trd, 4319686.943, 67
Trd, 4319687.043, 66
Trd, 4319687.593, 124
Trd, 4319688.793, 140
Trd, 4319688.843, 109
Trd, 4319689.643, 101
Trd, 4319690.243, 84
Trd, 4319691.193, 71
Trd, 4319691.443, 65
Trd, 4319692.093, 65
Trd, 4319693.243, 83
Trd, 4319693.443, 60
Trd, 4319693.843, 69
Trd, 4319694.443, 61
Trd, 4319694.693, 93
Trd, 4319695.143, 122
Trd, 4319697.143, 61
Trd, 4319698.043, 64
Trd, 4319698.693, 117
Trd, 4319699.643, 89
Trd, 4319699.793, 76
Trd, 4319700.293, 71
Trd, 4319701.293, 85
Trd, 4319701.943, 99
Trd, 4319702.743, 107
Trd, 4319702.893, 67
Trd, 4319703.993, 60
Trd, 4319704.343, 65
Trd, 4319705.293, 102
Trd, 4319705.543, 66
Trd, 4319706.243, 66
Trd, 4319707.293, 69
Trd, 4319708.193, 105
Trd, 4319709.293, 71
Trd, 4319709.543, 65
Trd, 4319710.593, 99
Trd, 4319710.943, 82
Trd, 4319711.193, 105
Trd, 4319711.993, 76
Trd, 4319712.543, 70
Trd, 4319713.243, 107
Trd, 4319713.543, 76
Trd, 4319714.193, 128
Trd, 4319714.493, 71
Trd, 4319715.593, 76
Trd, 4319716.643, 84
Trd, 4319717.243, 140
Trd, 4319718.893, 82
Trd, 4319719.193, 76
Trd, 4319719.693, 75
Trd, 4319720.843, 61
Trd, 4319720.943, 74
Trd, 4319723.143, 99
Trd, 4319724.793, 98
Trd, 4319725.293, 103
Trd, 4319725.843, 96
Trd, 4319725.893, 79
Trd, 4319726.143, 101
Trd, 4319727.043, 79
Trd, 4319728.293, 128
Trd, 4319728.343, 120
Trd, 4319729.543, 139
Trd, 4319729.893, 133
Trd, 4319729.943, 132
Trd, 4319730.943, 129
Trd, 4319731.043, 120
Trd, 4319731.643, 140
Trd, 4319731.893, 110
Trd, 4319732.243, 109
Trd, 4319732.843, 72
Trd, 4319733.443, 98
Trd, 4319733.693, 113
Trd, 4319735.343, 61
Trd, 4319736.543, 78
Trd, 4319737.593, 120
Trd, 4319738.493, 113
Trd, 4319739.593, 64
Trd, 4319740.443, 109
Trd, 4319741.193, 64
Trd, 4319741.593, 70
Trd, 4319743.093, 140
Trd, 4319743.443, 139
Trd, 4319743.693, 90
Trd, 4319744.443, 111
Trd, 4319744.693, 99
Trd, 4319744.993, 98
Trd, 4319745.793, 79
Trd, 4319746.543, 64
Trd, 4319747.593, 106
Trd, 4319747.943, 95
Trd, 4319748.443, 93
Trd, 4319748.943, 85
Trd, 4319749.893, 64
Trd, 4319750.193, 70
Trd, 4319750.643, 106
Trd, 4319751.193, 79
Trd, 4319753.143, 60
Trd, 4319753.943, 63
Trd, 4319754.593, 72
Trd, 4319755.043, 81
Trd, 4319755.643, 109
Trd, 4319756.143, 96
Trd, 4319757.393, 81
Trd, 4319757.493, 82
Trd, 4319757.793, 80
Trd, 4319758.993, 60
Trd, 4319759.293, 61
Trd, 4319759.393, 93
Trd, 4319760.443, 85
Trd, 4319762.793, 66
Trd, 4319763.043, 87
Trd, 4319763.143, 77
Trd, 4319763.693, 71
Trd, 4319764.393, 76
Trd, 4319764.893, 86
Trd, 4319765.793, 63
Trd, 4319766.843, 102
Trd, 4319768.093, 140
Trd, 4319768.393, 140
Trd, 4319768.843, 106
Trd, 4319769.543, 134
Trd, 4319769.593, 98
Trd, 4319769.693, 84
Trd, 4319770.443, 97
Trd, 4319770.743, 87
Trd, 4319771.843, 109
Trd, 4319772.093, 116
Trd, 4319773.443, 60
Trd, 4319774.243, 66
Trd, 4319774.593, 63
Trd, 4319774.893, 97
Trd, 4319776.043, 97
Trd, 4319776.543, 63
Trd, 4319776.793, 120
Trd, 4319777.543, 117
Trd, 4319777.793, 99
Trd, 4319778.993, 69
Trd, 4319780.093, 62
Trd, 4319780.293, 113
Trd, 4319780.643, 134
Trd, 4319781.093, 119
Trd, 4319781.343, 95
Trd, 4319782.043, 72
Trd, 4319782.743, 66
Trd, 4319783.743, 97
Trd, 4319784.643, 114
Trd, 4319785.543, 70
Trd, 4319786.593, 140
Trd, 4319786.943, 131
Trd, 4319787.593, 121
Trd, 4319787.993, 120
Trd, 4319788.043, 93
Trd, 4319788.293, 133
Trd, 4319789.593, 136
Trd, 4319790.693, 72
Trd, 4319791.243, 98
Trd, 4319791.743, 99
Trd, 4319791.893, 81
Trd, 4319792.193, 102
Trd, 4319792.993, 71
Trd, 4319793.643, 113
Trd, 4319794.243, 112
Trd, 4319794.743, 129
Trd, 4319794.893, 116
Trd, 4319796.143, 138
Trd, 4319796.643, 118
Trd, 4319797.843, 77
Trd, 4319798.643, 91
Trd, 4319798.843, 65
Trd, 4319801.293, 107
Trd, 4319801.643, 96
Trd, 4319801.993, 104
Trd, 4319802.093, 101
Trd, 4319802.193, 127
Trd, 4319802.343, 94
Trd, 4319803.893, 64
Trd, 4319804.093, 77
Trd, 4319804.243, 93
Trd, 4319805.393, 77
Trd, 4319805.443, 97
Trd, 4319806.643, 100
Trd, 4319807.943, 139
Trd, 4319808.393, 140
Trd, 4319808.593, 135
Trd, 4319808.793, 92
Trd, 4319810.293, 61
Trd, 4319810.643, 86
Trd, 4319810.893, 104
Trd, 4319811.593, 65
Trd, 4319812.393, 82
Trd, 4319812.443, 83
Trd, 4319814.493, 79
Trd, 4319815.093, 61
Trd, 4319815.593, 63
Trd, 4319816.043, 114
Trd, 4319817.443, 115
Trd, 4319817.793, 102
Trd, 4319818.193, 103
Trd, 4319819.293, 106
Trd, 4319819.343, 90
Trd, 4319819.693, 136
Trd, 4319819.993, 72
Trd, 4319820.743, 111
Trd, 4319822.443, 61
Trd, 4319822.543, 99
Trd, 4319823.393, 62
Trd, 4319823.643, 107
Trd, 4319824.443, 61
Trd, 4319825.593, 68
Trd, 4319826.693, 61
Trd, 4319826.893, 63
Trd, 4319827.443, 91
Trd, 4319828.043, 62
Trd, 4319829.343, 63
Trd, 4319829.543, 67
Trd, 4319829.893, 89
Trd, 4319830.393, 105
Trd, 4319832.093, 138
Trd, 4319832.293, 75
Trd, 4319833.393, 78
Trd, 4319834.643, 92
Trd, 4319836.043, 126
Trd, 4319836.293, 112
Trd, 4319836.393, 79
Trd, 4319836.643, 78
Trd, 4319836.943, 62
Trd, 4319837.293, 66
Trd, 4319837.393, 67
Trd, 4319837.793, 85
Trd, 4319838.493, 140
Trd, 4319839.743, 85
Trd, 4319840.243, 74
Trd, 4319841.043, 73
Trd, 4319841.693, 138
Trd, 4319841.793, 88
Trd, 4319841.993, 101
Trd, 4319842.543, 118
Trd, 4319843.093, 140
Trd, 4319843.493, 103
Trd, 4319845.193, 97
Trd, 4319845.243, 95
Trd, 4319846.193, 72
Trd, 4319846.743, 74
Trd, 4319847.593, 65
Trd, 4319847.793, 98
Trd, 4319848.943, 69
Trd, 4319849.493, 67
Trd, 4319849.993, 67
Trd, 4319850.193, 64
Trd, 4319850.343, 121
Trd, 4319851.343, 63
Trd, 4319852.243, 62
Trd, 4319852.493, 91
Trd, 4319853.393, 86
Trd, 4319853.743, 140
Trd, 4319854.193, 75
Trd, 4319855.393, 66
Trd, 4319855.443, 108
Trd, 4319856.893, 62
Trd, 4319857.393, 63
Trd, 4319858.643, 105
Trd, 4319858.893, 90
Trd, 4319860.793, 62
Trd, 4319861.743, 65
Trd, 4319861.943, 78
Trd, 4319862.443, 105
Trd, 4319862.943, 87
Trd, 4319863.293, 75
Trd, 4319863.793, 140
Trd, 4319863.943, 74
Trd, 4319864.743, 134
Trd, 4319865.293, 120
Trd, 4319865.793, 102
Trd, 4319866.293, 89
Trd, 4319866.593, 69
Trd, 4319866.893, 64
Trd, 4319867.843, 71
Trd, 4319868.443, 67
Trd, 4319868.493, 94
Trd, 4319869.643, 130
Trd, 4319871.193, 62
Trd, 4319871.343, 61
Trd, 4319871.993, 93
Trd, 4319872.043, 84
Trd, 4319872.443, 111
Trd, 4319872.993, 140
Trd, 4319873.193, 83
Trd, 4319873.293, 81
Trd, 4319873.393, 68
Trd, 4319874.543, 86
Trd, 4319875.543, 60
Trd, 4319876.343, 111
Trd, 4319877.443, 115
Trd, 4319877.643, 106
Trd, 4319878.243, 137
Trd, 4319878.343, 114
Trd, 4319878.993, 61
Trd, 4319880.193, 89
Trd, 4319880.643, 140
Trd, 4319880.843, 62
Trd, 4319882.093, 85
Trd, 4319882.843, 106
Trd, 4319883.443, 110
Trd, 4319883.793, 101
Trd, 4319884.693, 108
Trd, 4319885.043, 109
Trd, 4319885.143, 116
Trd, 4319885.543, 139
Trd, 4319886.643, 110
Trd, 4319887.143, 102
Trd, 4319888.193, 120
Trd, 4319888.393, 126
Trd, 4319888.943, 101
Trd, 4319889.343, 133
Trd, 4319889.893, 83
Trd, 4319891.543, 108
Trd, 4319891.893, 88
Trd, 4319892.693, 93
Trd, 4319892.893, 91
Trd, 4319893.793, 61
Trd, 4319894.093, 102
Trd, 4319894.643, 97
Trd, 4319894.693, 118
Trd, 4319895.093, 93
Trd, 4319895.543, 82
Trd, 4319897.093, 122
Trd, 4319897.493, 120
Trd, 4319898.293, 139
Trd, 4319898.993, 95
Trd, 4319899.093, 127
Trd, 4319900.593, 140
Trd, 4319902.143, 89
Trd, 4319902.193, 87
Trd, 4319902.893, 64
Trd, 4319903.393, 63
Trd, 4319903.843, 69
Trd, 4319905.393, 139
Trd, 4319905.643, 114
Trd, 4319905.743, 100
Trd, 4319906.793, 98
Trd, 4319908.193, 98
Trd, 4319909.243, 103
Trd, 4319909.993, 90
Trd, 4319910.443, 118
Trd, 4319912.793, 140
Trd, 4319913.343, 131
Trd, 4319914.443, 101
Trd, 4319914.943, 120
Trd, 4319915.443, 96
Trd, 4319915.493, 86
Trd, 4319916.143, 99
Trd, 4319917.993, 108
Trd, 4319918.593, 139
Trd, 4319919.743, 118
Trd, 4319920.243, 109
Trd, 4319921.543, 133
Trd, 4319921.843, 116
Trd, 4319921.993, 97
Trd, 4319922.893, 76
Trd, 4319923.343, 76
Trd, 4319923.893, 60
Trd, 4319924.243, 61
Trd, 4319925.343, 85
Trd, 4319925.543, 114
Trd, 4319926.793, 69
Trd, 4319926.943, 66
Trd, 4319927.193, 65
Trd, 4319927.393, 104
Trd, 4319927.593, 139
Trd, 4319928.543, 135
Trd, 4319928.793, 61
Trd, 4319930.093, 64
Trd, 4319930.693, 68
Trd, 4319931.093, 63
Trd, 4319932.093, 93
Trd, 4319932.443, 88
Trd, 4319933.243, 87
Trd, 4319934.593, 113
Trd, 4319935.643, 110
Trd, 4319936.293, 91
Trd, 4319936.743, 95
Trd, 4319937.593, 132
Trd, 4319937.993, 82
Trd, 4319938.393, 140
Trd, 4319938.793, 140
Trd, 4319939.793, 123
Trd, 4319940.193, 101
Trd, 4319941.893, 83
Trd, 4319942.043, 98
Trd, 4319942.993, 63
Trd, 4319943.543, 65
Trd, 4319944.343, 73
Trd, 4319944.993, 63
Trd, 4319945.243, 74
Trd, 4319945.543, 138
Trd, 4319946.393, 138
Trd, 4319946.993, 109
Trd, 4319948.093, 61
Trd, 4319949.543, 135
Trd, 4319950.243, 134
Trd, 4319950.393, 140
Trd, 4319950.693, 133
Trd, 4319951.243, 114
Trd, 4319952.043, 113
Trd, 4319952.893, 125
Trd, 4319953.043, 115
Trd, 4319953.143, 104
Trd, 4319953.893, 115
Trd, 4319954.443, 63
Trd, 4319955.243, 77
Trd, 4319955.943, 71
Trd, 4319956.243, 134
Trd, 4319956.293, 105
Trd, 4319958.943, 66
Trd, 4319958.993, 64
Trd, 4319959.043, 80
Trd, 4319960.093, 140
Trd, 4319960.443, 119
Trd, 4319960.943, 113
Trd, 4319962.093, 92
Trd, 4319962.593, 82
Trd, 4319963.143, 102
Trd, 4319963.693, 73
Trd, 4319965.793, 118
Trd, 4319966.043, 84
Trd, 4319967.343, 62
Trd, 4319968.593, 63
Trd, 4319968.943, 64
Trd, 4319969.243, 75
Trd, 4319969.443, 77
Trd, 4319969.693, 131
Trd, 4319971.343, 63
Trd, 4319971.393, 66
Trd, 4319971.943, 60
Trd, 4319972.943, 101
Trd, 4319973.543, 84
Trd, 4319973.943, 88
Trd, 4319974.643, 106
Trd, 4319975.943, 62
Trd, 4319976.343, 78
Trd, 4319976.443, 66
Trd, 4319977.543, 60
Trd, 4319977.743, 63
Trd, 4319978.593, 63
Trd, 4319978.993, 63
Trd, 4319980.143, 83
Trd, 4319980.243, 87
Trd, 4319981.993, 60
Trd, 4319982.843, 62
Trd, 4319983.093, 62
Trd, 4319985.193, 69
Trd, 4319985.643, 105
Trd, 4319986.043, 84
Trd, 4319986.143, 89
Trd, 4319987.793, 66
Trd, 4319988.143, 70
Trd, 4319988.343, 80
Trd, 4319989.993, 102
Trd, 4319990.193, 114
Trd, 4319991.743, 103
Trd, 4319992.693, 103
Trd, 4319992.893, 91
Trd, 4319993.443, 124
Trd, 4319993.593, 117
Trd, 4319994.543, 100
Trd, 4319995.343, 140
Trd, 4319995.493, 124
Trd, 4319995.643, 123
Trd, 4319995.793, 114
Trd, 4319996.843, 70
Trd, 4319997.993, 68
Trd, 4319998.743, 74
Trd, 4319999.243, 80
Trd, 4319999.443, 77
Trd, 4319999.843, 82
Trd, 4319999.943, 123
