Trd, 4318114.543, 139
Trd, 4318116.443, 115
Trd, 4318117.343, 137
Trd, 4318118.043, 135
Trd, 4318118.243, 108
Trd, 4318118.343, 105
Trd, 4318118.393, 98
Trd, 4318120.643, 78
Trd, 4318121.043, 96
Trd, 4318123.243, 99
Trd, 4318123.443, 91
Trd, 4318123.943, 113
Trd, 4318124.043, 117
Trd, 4318124.443, 67
Trd, 4318125.443, 64
Trd, 4318126.193, 134
Trd, 4318126.493, 134
Trd, 4318127.443, 77
Trd, 4318128.893, 92
Trd, 4318129.043, 110
Trd, 4318129.993, 85
Trd, 4318130.593, 134
Trd, 4318131.993, 136
Trd, 4318132.893, 77
Trd, 4318133.243, 90
Trd, 4318134.443, 105
Trd, 4318134.743, 109
Trd, 4318134.793, 102
Trd, 4318136.293, 127
Trd, 4318136.693, 117
Trd, 4318137.143, 108
Trd, 4318137.643, 96
Trd, 4318138.893, 83
Trd, 4318138.993, 97
Trd, 4318139.493, 96
Trd, 4318140.243, 83
Trd, 4318140.393, 131
Trd, 4318140.993, 104
Trd, 4318143.693, 92
Trd, 4318143.743, 99
Trd, 4318144.243, 124
Trd, 4318144.343, 87
Trd, 4318144.893, 95
Trd, 4318145.693, 105
Trd, 4318146.843, 134
Trd, 4318147.493, 107
Trd, 4318147.693, 120
Trd, 4318148.443, 108
Trd, 4318149.443, 112
Trd, 4318150.643, 94
Trd, 4318151.293, 125
Trd, 4318152.493, 136
Trd, 4318152.643, 91
Trd, 4318152.743, 85
Trd, 4318153.543, 108
Trd, 4318153.843, 113
Trd, 4318154.443, 135
Trd, 4318154.793, 110
Trd, 4318154.843, 104
Trd, 4318155.543, 112
Trd, 4318156.493, 106
Trd, 4318156.993, 71
Trd, 4318157.393, 83
Trd, 4318159.043, 93
Trd, 4318159.843, 117
Trd, 4318160.143, 98
Trd, 4318161.993, 110
Trd, 4318162.643, 111
Trd, 4318162.793, 109
Trd, 4318162.843, 109
Trd, 4318164.893, 125
Trd, 4318166.693, 125
Trd, 4318166.793, 81
Trd, 4318166.893, 75
Trd, 4318168.593, 101
Trd, 4318169.443, 96
Trd, 4318170.243, 139
Trd, 4318170.743, 113
Trd, 4318171.743, 100
Trd, 4318171.893, 87
Trd, 4318172.043, 107
Trd, 4318172.893, 92
Trd, 4318174.743, 83
Trd, 4318174.893, 72
Trd, 4318174.993, 65
Trd, 4318176.043, 137
Trd, 4318176.643, 111
Trd, 4318177.643, 84
Trd, 4318177.743, 81
Trd, 4318179.393, 94
Trd, 4318179.743, 99
Trd, 4318181.593, 89
Trd, 4318181.843, 83
Trd, 4318181.993, 136
Trd, 4318182.593, 105
Trd, 4318183.493, 135
Trd, 4318184.493, 96
Trd, 4318185.343, 108
Trd, 4318186.143, 100
Trd, 4318187.243, 80
Trd, 4318187.693, 68
Trd, 4318188.643, 63
Trd, 4318189.293, 64
Trd, 4318189.443, 71
Trd, 4318189.793, 99
Trd, 4318191.343, 135
Trd, 4318191.393, 100
Trd, 4318192.593, 112
Trd, 4318193.143, 102
Trd, 4318193.693, 96
Trd, 4318194.643, 126
Trd, 4318194.893, 114
Trd, 4318196.093, 125
Trd, 4318196.393, 131
Trd, 4318197.193, 106
Trd, 4318197.593, 83
Trd, 4318198.993, 97
Trd, 4318199.543, 138
Trd, 4318199.943, 96
Trd, 4318200.743, 103
Trd, 4318200.993, 79
Trd, 4318201.093, 106
Trd, 4318201.393, 101
Trd, 4318201.843, 106
Trd, 4318202.793, 70
Trd, 4318204.293, 66
Trd, 4318205.043, 66
Trd, 4318205.893, 133
Trd, 4318205.943, 121
Trd, 4318206.443, 102
Trd, 4318206.543, 101
Trd, 4318207.043, 120
Trd, 4318208.043, 139
Trd, 4318208.193, 90
Trd, 4318209.343, 96
Trd, 4318210.393, 67
Trd, 4318210.493, 100
Trd, 4318210.943, 111
Trd, 4318212.143, 122
Trd, 4318214.043, 67
Trd, 4318214.393, 108
Trd, 4318215.793, 134
Trd, 4318216.343, 133
Trd, 4318217.943, 126
Trd, 4318218.143, 112
Trd, 4318219.393, 126
Trd, 4318220.943, 119
Trd, 4318221.143, 114
Trd, 4318221.193, 102
Trd, 4318221.843, 137
Trd, 4318222.143, 84
Trd, 4318222.543, 102
Trd, 4318223.043, 84
Trd, 4318224.143, 139
Trd, 4318224.493, 106
Trd, 4318224.893, 118
Trd, 4318225.393, 110
Trd, 4318226.743, 103
Trd, 4318227.843, 119
Trd, 4318228.443, 78
Trd, 4318228.693, 95
Trd, 4318229.293, 112
Trd, 4318231.293, 132
Trd, 4318231.943, 90
Trd, 4318232.643, 119
Trd, 4318232.843, 107
Trd, 4318233.293, 105
Trd, 4318233.943, 95
Trd, 4318234.943, 81
Trd, 4318235.993, 92
Trd, 4318236.043, 127
Trd, 4318236.943, 70
Trd, 4318238.893, 91
Trd, 4318239.393, 67
Trd, 4318240.593, 138
Trd, 4318240.693, 106
Trd, 4318241.293, 125
Trd, 4318241.793, 131
Trd, 4318241.943, 108
Trd, 4318242.943, 84
Trd, 4318243.243, 103
Trd, 4318243.443, 105
Trd, 4318245.243, 126
Trd, 4318245.443, 137
Trd, 4318247.693, 69
Trd, 4318247.843, 73
Trd, 4318248.543, 98
Trd, 4318250.343, 103
Trd, 4318250.493, 87
Trd, 4318251.243, 107
Trd, 4318252.293, 82
Trd, 4318252.393, 123
Trd, 4318253.043, 135
Trd, 4318253.943, 136
Trd, 4318254.093, 100
Trd, 4318254.843, 102
Trd, 4318255.143, 118
Trd, 4318255.393, 93
Trd, 4318256.193, 64
Trd, 4318256.793, 121
Trd, 4318257.343, 86
Trd, 4318258.543, 131
Trd, 4318259.043, 127
Trd, 4318259.343, 120
Trd, 4318259.493, 95
Trd, 4318260.893, 82
Trd, 4318262.893, 116
Trd, 4318263.193, 97
Trd, 4318263.393, 77
Trd, 4318263.543, 79
Trd, 4318264.993, 93
Trd, 4318265.243, 84
Trd, 4318266.243, 74
Trd, 4318267.143, 62
Trd, 4318267.893, 72
Trd, 4318268.393, 69
Trd, 4318269.493, 87
Trd, 4318271.093, 124
Trd, 4318272.093, 85
Trd, 4318273.543, 115
Trd, 4318273.793, 117
Trd, 4318274.693, 70
Trd, 4318274.993, 83
Trd, 4318275.443, 85
Trd, 4318275.743, 86
Trd, 4318276.443, 119
Trd, 4318276.893, 81
Trd, 4318278.793, 138
Trd, 4318278.943, 122
Trd, 4318279.293, 129
Trd, 4318280.493, 133
Trd, 4318281.093, 99
Trd, 4318281.243, 87
Trd, 4318282.043, 78
Trd, 4318283.843, 115
Trd, 4318284.293, 87
Trd, 4318285.393, 139
Trd, 4318285.993, 139
Trd, 4318287.043, 96
Trd, 4318287.643, 102
Trd, 4318288.543, 116
Trd, 4318289.093, 104
Trd, 4318289.293, 77
Trd, 4318290.243, 138
Trd, 4318290.293, 129
Trd, 4318291.043, 99
Trd, 4318292.693, 96
Trd, 4318292.943, 92
Trd, 4318295.443, 99
Trd, 4318296.143, 84
Trd, 4318297.043, 85
Trd, 4318297.243, 88
Trd, 4318298.193, 105
Trd, 4318299.443, 72
Trd, 4318299.993, 81
Trd, 4318300.143, 101
Trd, 4318300.543, 79
Trd, 4318300.643, 104
Trd, 4318301.693, 99
Trd, 4318303.093, 62
Trd, 4318303.243, 84
Trd, 4318304.193, 119
Trd, 4318305.193, 104
Trd, 4318305.743, 130
Trd, 4318307.093, 80
Trd, 4318307.443, 98
Trd, 4318308.693, 111
Trd, 4318308.793, 115
Trd, 4318308.843, 85
Trd, 4318309.093, 79
Trd, 4318309.893, 98
Trd, 4318310.293, 112
Trd, 4318311.493, 86
Trd, 4318312.293, 72
Trd, 4318312.393, 69
Trd, 4318314.643, 136
Trd, 4318314.843, 115
Trd, 4318316.143, 111
Trd, 4318316.193, 96
Trd, 4318316.943, 101
Trd, 4318317.343, 82
Trd, 4318318.393, 100
Trd, 4318319.193, 115
Trd, 4318320.793, 108
Trd, 4318320.893, 100
Trd, 4318321.593, 139
Trd, 4318322.643, 131
Trd, 4318323.293, 124
Trd, 4318323.793, 100
Trd, 4318324.043, 103
Trd, 4318324.643, 100
Trd, 4318326.893, 121
Trd, 4318328.543, 123
Trd, 4318328.943, 131
Trd, 4318330.543, 97
Trd, 4318330.693, 85
Trd, 4318330.993, 132
Trd, 4318331.393, 108
Trd, 4318331.693, 106
Trd, 4318332.543, 97
Trd, 4318333.643, 118
Trd, 4318336.693, 127
Trd, 4318337.493, 118
Trd, 4318338.243, 109
Trd, 4318338.943, 114
Trd, 4318339.643, 124
Trd, 4318340.793, 115
Trd, 4318341.493, 97
Trd, 4318342.743, 92
Trd, 4318342.943, 78
Trd, 4318343.393, 132
Trd, 4318343.693, 112
Trd, 4318343.943, 105
Trd, 4318345.993, 140
Trd, 4318346.093, 114
Trd, 4318346.693, 109
Trd, 4318347.943, 139
Trd, 4318347.993, 117
Trd, 4318348.543, 116
Trd, 4318348.793, 107
Trd, 4318349.193, 92
Trd, 4318351.043, 117
Trd, 4318351.443, 115
Trd, 4318351.743, 120
Trd, 4318352.043, 109
Trd, 4318353.143, 137
Trd, 4318354.793, 121
Trd, 4318355.443, 112
Trd, 4318355.843, 129
Trd, 4318355.893, 89
Trd, 4318356.543, 76
Trd, 4318357.593, 88
Trd, 4318358.643, 132
Trd, 4318359.243, 112
Trd, 4318359.643, 89
Trd, 4318360.043, 65
Trd, 4318360.543, 88
Trd, 4318362.193, 65
Trd, 4318362.843, 85
Trd, 4318363.493, 72
Trd, 4318363.793, 60
Trd, 4318364.043, 102
Trd, 4318365.593, 97
Trd, 4318366.393, 139
Trd, 4318366.493, 132
Trd, 4318367.143, 131
Trd, 4318368.193, 92
Trd, 4318368.393, 76
Trd, 4318369.243, 69
Trd, 4318369.393, 71
Trd, 4318369.543, 79
Trd, 4318370.893, 63
Trd, 4318370.943, 124
Trd, 4318371.693, 97
Trd, 4318371.843, 62
Trd, 4318373.743, 77
Trd, 4318376.943, 73
Trd, 4318376.993, 96
Trd, 4318378.393, 135
Trd, 4318378.643, 109
Trd, 4318378.793, 108
Trd, 4318378.843, 91
Trd, 4318379.493, 129
Trd, 4318380.193, 116
Trd, 4318380.343, 124
Trd, 4318380.643, 104
Trd, 4318381.743, 133
Trd, 4318382.843, 103
Trd, 4318383.193, 90
Trd, 4318384.193, 91
Trd, 4318384.293, 98
Trd, 4318385.593, 85
Trd, 4318385.743, 87
Trd, 4318386.493, 139
Trd, 4318386.893, 134
Trd, 4318386.943, 113
Trd, 4318387.593, 99
Trd, 4318389.643, 84
Trd, 4318390.943, 132
Trd, 4318391.293, 121
Trd, 4318392.193, 89
Trd, 4318393.543, 94
Trd, 4318394.743, 119
Trd, 4318395.243, 87
Trd, 4318395.993, 72
Trd, 4318396.243, 82
Trd, 4318397.043, 96
Trd, 4318397.243, 102
Trd, 4318397.293, 83
Trd, 4318398.093, 89
Trd, 4318398.293, 96
Trd, 4318398.743, 65
Trd, 4318401.643, 63
Trd, 4318401.943, 73
Trd, 4318403.043, 97
Trd, 4318403.143, 113
Trd, 4318404.093, 68
Trd, 4318404.293, 140
Trd, 4318405.843, 86
Trd, 4318406.193, 118
Trd, 4318406.993, 124
Trd, 4318407.393, 136
Trd, 4318407.943, 135
Trd, 4318408.693, 107
Trd, 4318409.793, 119
Trd, 4318409.943, 106
Trd, 4318411.293, 79
Trd, 4318411.493, 67
Trd, 4318411.543, 62
Trd, 4318413.293, 113
Trd, 4318414.343, 117
Trd, 4318414.843, 113
Trd, 4318415.343, 103
Trd, 4318415.443, 92
Trd, 4318417.193, 134
Trd, 4318417.793, 72
Trd, 4318418.293, 79
Trd, 4318419.293, 126
Trd, 4318419.393, 101
Trd, 4318420.143, 126
Trd, 4318421.093, 116
Trd, 4318421.343, 137
Trd, 4318423.943, 94
Trd, 4318424.243, 94
Trd, 4318424.543, 84
Trd, 4318424.893, 101
Trd, 4318425.093, 72
Trd, 4318426.143, 131
Trd, 4318427.293, 116
Trd, 4318427.393, 104
Trd, 4318428.543, 131
Trd, 4318428.743, 100
Trd, 4318429.293, 138
Trd, 4318430.343, 134
Trd, 4318430.543, 112
Trd, 4318430.793, 107
Trd, 4318431.143, 114
Trd, 4318432.243, 79
Trd, 4318434.343, 111
Trd, 4318435.443, 129
Trd, 4318435.693, 109
Trd, 4318435.843, 105
Trd, 4318435.993, 97
Trd, 4318436.443, 109
Trd, 4318436.743, 80
Trd, 4318438.293, 68
Trd, 4318438.743, 93
Trd, 4318438.843, 120
Trd, 4318439.393, 72
Trd, 4318442.793, 65
Trd, 4318442.993, 67
Trd, 4318443.743, 62
Trd, 4318443.993, 80
Trd, 4318444.093, 107
Trd, 4318444.893, 83
Trd, 4318446.093, 95
Trd, 4318446.793, 88
Trd, 4318447.893, 85
Trd, 4318448.143, 107
Trd, 4318448.943, 124
Trd, 4318449.193, 99
Trd, 4318449.393, 132
Trd, 4318449.493, 116
Trd, 4318450.093, 65
Trd, 4318450.693, 114
Trd, 4318451.343, 131
Trd, 4318451.743, 105
Trd, 4318453.643, 60
Trd, 4318453.843, 101
Trd, 4318455.093, 85
Trd, 4318455.843, 83
Trd, 4318455.893, 116
Trd, 4318457.843, 118
Trd, 4318458.693, 137
Trd, 4318459.343, 140
Trd, 4318460.093, 105
Trd, 4318461.943, 115
Trd, 4318462.193, 105
Trd, 4318463.243, 110
Trd, 4318463.693, 118
Trd, 4318464.093, 81
Trd, 4318464.393, 133
Trd, 4318464.593, 97
Trd, 4318465.293, 109
Trd, 4318466.643, 98
Trd, 4318467.343, 74
Trd, 4318467.943, 74
Trd, 4318468.243, 119
Trd, 4318469.293, 139
Trd, 4318470.043, 80
Trd, 4318470.343, 93
Trd, 4318471.543, 123
Trd, 4318472.143, 89
Trd, 4318473.193, 131
Trd, 4318474.243, 118
Trd, 4318475.593, 106
Trd, 4318476.493, 137
Trd, 4318476.643, 92
Trd, 4318478.193, 116
Trd, 4318478.693, 108
Trd, 4318479.543, 85
Trd, 4318480.043, 89
Trd, 4318480.393, 63
Trd, 4318481.593, 127
Trd, 4318483.143, 128
Trd, 4318483.993, 95
Trd, 4318484.193, 85
Trd, 4318484.643, 79
Trd, 4318486.893, 64
Trd, 4318486.943, 66
Trd, 4318487.193, 92
Trd, 4318487.393, 94
Trd, 4318488.043, 86
Trd, 4318488.343, 111
Trd, 4318489.393, 130
Trd, 4318490.093, 127
Trd, 4318490.893, 128
Trd, 4318490.943, 106
Trd, 4318491.493, 87
Trd, 4318492.493, 90
Trd, 4318494.293, 86
Trd, 4318494.393, 88
Trd, 4318495.293, 120
Trd, 4318496.793, 121
Trd, 4318497.243, 136
Trd, 4318497.593, 109
Trd, 4318499.143, 117
Trd, 4318499.843, 98
Trd, 4318500.193, 89
Trd, 4318500.793, 80
Trd, 4318501.393, 76
Trd, 4318502.043, 72
Trd, 4318502.843, 139
Trd, 4318504.493, 138
Trd, 4318504.693, 99
Trd, 4318505.293, 71
Trd, 4318505.893, 110
Trd, 4318506.293, 91
Trd, 4318507.243, 99
Trd, 4318507.643, 111
Trd, 4318508.643, 135
Trd, 4318510.543, 120
Trd, 4318510.843, 114
Trd, 4318511.793, 102
Trd, 4318512.393, 137
Trd, 4318512.843, 124
Trd, 4318513.393, 106
Trd, 4318513.593, 76
Trd, 4318514.193, 127
Trd, 4318514.893, 96
Trd, 4318515.593, 124
Trd, 4318515.993, 94
Trd, 4318516.243, 89
Trd, 4318517.993, 134
Trd, 4318518.043, 107
Trd, 4318518.543, 92
Trd, 4318518.743, 88
Trd, 4318519.143, 140
Trd, 4318521.843, 111
Trd, 4318522.943, 132
Trd, 4318523.043, 123
Trd, 4318524.043, 126
Trd, 4318524.443, 117
Trd, 4318526.043, 135
Trd, 4318526.143, 134
Trd, 4318526.593, 120
Trd, 4318526.843, 107
Trd, 4318527.743, 111
Trd, 4318528.393, 138
Trd, 4318529.493, 121
Trd, 4318529.993, 68
Trd, 4318531.543, 130
Trd, 4318532.343, 98
Trd, 4318532.443, 98
Trd, 4318532.593, 82
Trd, 4318533.593, 117
Trd, 4318534.843, 106
Trd, 4318535.143, 111
Trd, 4318536.093, 135
Trd, 4318537.793, 140
Trd, 4318538.193, 121
Trd, 4318538.293, 98
Trd, 4318539.093, 128
Trd, 4318539.493, 94
Trd, 4318541.193, 120
Trd, 4318541.543, 90
Trd, 4318542.193, 114
Trd, 4318542.693, 134
Trd, 4318543.193, 74
Trd, 4318543.943, 70
Trd, 4318546.443, 136
Trd, 4318546.493, 112
Trd, 4318546.693, 102
Trd, 4318547.793, 99
Trd, 4318547.843, 79
Trd, 4318549.143, 137
Trd, 4318549.293, 131
Trd, 4318551.493, 109
Trd, 4318551.593, 92
Trd, 4318551.643, 82
Trd, 4318552.643, 73
Trd, 4318554.843, 95
Trd, 4318555.043, 103
Trd, 4318555.143, 112
Trd, 4318555.643, 101
Trd, 4318555.943, 93
Trd, 4318556.293, 124
Trd, 4318557.093, 94
Trd, 4318558.593, 65
Trd, 4318560.093, 95
Trd, 4318560.343, 119
Trd, 4318561.043, 104
Trd, 4318561.843, 93
Trd, 4318561.893, 95
Trd, 4318562.393, 78
Trd, 4318563.143, 118
Trd, 4318563.243, 77
Trd, 4318563.893, 107
Trd, 4318564.193, 90
Trd, 4318564.343, 89
Trd, 4318564.593, 115
Trd, 4318565.693, 110
Trd, 4318567.093, 130
Trd, 4318568.793, 137
Trd, 4318569.293, 116
Trd, 4318569.743, 118
Trd, 4318569.893, 94
Trd, 4318570.493, 106
Trd, 4318570.993, 127
Trd, 4318572.693, 114
Trd, 4318572.993, 107
Trd, 4318573.593, 109
Trd, 4318575.893, 136
Trd, 4318576.843, 137
Trd, 4318577.043, 134
Trd, 4318577.343, 101
Trd, 4318578.943, 112
Trd, 4318579.043, 101
Trd, 4318579.093, 135
Trd, 4318580.143, 105
Trd, 4318580.993, 86
Trd, 4318581.293, 128
Trd, 4318581.593, 85
Trd, 4318582.343, 102
Trd, 4318583.193, 72
Trd, 4318583.293, 87
Trd, 4318584.143, 66
Trd, 4318585.393, 81
Trd, 4318585.693, 78
Trd, 4318585.943, 97
Trd, 4318586.743, 140
Trd, 4318587.293, 120
Trd, 4318588.293, 105
Trd, 4318588.393, 117
Trd, 4318589.143, 88
Trd, 4318589.793, 120
Trd, 4318590.793, 87
Trd, 4318592.293, 122
Trd, 4318592.543, 108
Trd, 4318593.293, 125
Trd, 4318593.543, 103
Trd, 4318594.643, 75
Trd, 4318595.343, 100
Trd, 4318595.843, 129
Trd, 4318596.593, 130
Trd, 4318597.393, 62
Trd, 4318597.643, 93
Trd, 4318598.643, 125
Trd, 4318600.293, 101
Trd, 4318600.743, 108
Trd, 4318602.143, 107
Trd, 4318602.993, 78
Trd, 4318603.193, 139
Trd, 4318604.293, 66
Trd, 4318605.093, 74
Trd, 4318605.843, 98
Trd, 4318605.993, 117
Trd, 4318606.443, 62
Trd, 4318606.793, 138
Trd, 4318608.343, 136
Trd, 4318609.993, 133
Trd, 4318610.543, 98
Trd, 4318610.593, 120
Trd, 4318611.743, 140
Trd, 4318612.093, 108
Trd, 4318613.143, 130
Trd, 4318614.243, 108
Trd, 4318614.393, 97
Trd, 4318615.393, 127
Trd, 4318616.193, 105
Trd, 4318617.093, 126
Trd, 4318617.643, 131
Trd, 4318617.693, 122
Trd, 4318618.943, 115
Trd, 4318619.993, 122
Trd, 4318621.243, 70
Trd, 4318621.993, 76
Trd, 4318623.843, 105
Trd, 4318624.493, 132
Trd, 4318625.093, 121
Trd, 4318625.543, 121
Trd, 4318626.793, 85
Trd, 4318626.843, 96
Trd, 4318627.343, 72
Trd, 4318627.443, 78
Trd, 4318628.693, 103
Trd, 4318629.493, 108
Trd, 4318629.543, 101
Trd, 4318629.743, 139
Trd, 4318630.193, 77
Trd, 4318631.193, 111
Trd, 4318632.643, 130
Trd, 4318633.543, 94
Trd, 4318634.543, 137
Trd, 4318634.593, 106
Trd, 4318635.493, 116
Trd, 4318635.793, 138
Trd, 4318635.943, 115
Trd, 4318637.193, 92
Trd, 4318637.843, 117
Trd, 4318639.243, 87
Trd, 4318640.943, 105
Trd, 4318641.443, 98
Trd, 4318642.743, 93
Trd, 4318643.393, 69
Trd, 4318643.493, 74
Trd, 4318643.643, 75
Trd, 4318644.243, 128
Trd, 4318645.893, 107
Trd, 4318646.343, 106
Trd, 4318646.993, 140
Trd, 4318647.193, 114
Trd, 4318647.493, 137
Trd, 4318647.793, 81
Trd, 4318648.143, 74
Trd, 4318649.593, 134
Trd, 4318650.093, 107
Trd, 4318651.343, 100
Trd, 4318651.593, 84
Trd, 4318651.943, 84
Trd, 4318651.993, 79
Trd, 4318652.943, 78
Trd, 4318653.893, 114
Trd, 4318654.293, 89
Trd, 4318655.343, 134
Trd, 4318655.793, 120
Trd, 4318656.343, 88
Trd, 4318658.293, 79
Trd, 4318658.893, 85
Trd, 4318658.993, 97
Trd, 4318659.093, 116
Trd, 4318660.293, 77
Trd, 4318662.043, 140
Trd, 4318663.443, 117
Trd, 4318663.693, 101
Trd, 4318663.993, 81
Trd, 4318664.393, 126
Trd, 4318665.543, 105
Trd, 4318667.043, 96
Trd, 4318667.443, 134
Trd, 4318668.393, 140
Trd, 4318669.543, 136
Trd, 4318670.593, 133
Trd, 4318670.693, 107
Trd, 4318671.343, 128
Trd, 4318672.793, 112
Trd, 4318673.343, 140
Trd, 4318673.593, 135
Trd, 4318674.043, 122
Trd, 4318674.193, 118
Trd, 4318674.943, 101
Trd, 4318675.243, 114
Trd, 4318676.993, 98
Trd, 4318677.343, 91
Trd, 4318677.693, 139
Trd, 4318678.593, 120
Trd, 4318679.443, 108
Trd, 4318681.693, 120
Trd, 4318683.893, 134
Trd, 4318684.293, 108
Trd, 4318684.693, 138
Trd, 4318685.593, 101
Trd, 4318686.643, 109
Trd, 4318687.093, 95
Trd, 4318687.743, 111
Trd, 4318688.093, 133
Trd, 4318689.393, 111
Trd, 4318689.893, 93
Trd, 4318689.993, 104
Trd, 4318691.493, 137
Trd, 4318692.343, 131
Trd, 4318692.993, 109
Trd, 4318693.143, 107
Trd, 4318693.293, 129
Trd, 4318693.493, 106
Trd, 4318693.943, 97
Trd, 4318695.693, 96
Trd, 4318695.943, 89
Trd, 4318696.293, 105
Trd, 4318698.243, 78
Trd, 4318699.493, 80
Trd, 4318699.893, 88
Trd, 4318700.493, 137
Trd, 4318700.643, 124
Trd, 4318700.893, 132
Trd, 4318701.093, 116
Trd, 4318702.443, 106
Trd, 4318702.693, 96
Trd, 4318703.543, 139
Trd, 4318704.443, 105
Trd, 4318704.793, 104
Trd, 4318705.043, 96
Trd, 4318706.093, 94
Trd, 4318706.193, 64
Trd, 4318707.193, 113
Trd, 4318708.143, 119
Trd, 4318708.393, 101
Trd, 4318709.693, 116
Trd, 4318709.943, 124
Trd, 4318710.893, 98
Trd, 4318710.993, 92
Trd, 4318712.043, 138
Trd, 4318712.343, 64
Trd, 4318713.243, 140
Trd, 4318713.543, 128
Trd, 4318714.243, 79
Trd, 4318714.843, 82
Trd, 4318716.393, 115
Trd, 4318716.593, 113
Trd, 4318717.593, 130
Trd, 4318718.043, 135
Trd, 4318720.043, 104
Trd, 4318721.693, 123
Trd, 4318721.843, 127
Trd, 4318722.593, 138
Trd, 4318722.943, 115
Trd, 4318723.193, 88
Trd, 4318723.493, 88
Trd, 4318724.593, 93
Trd, 4318725.043, 88
Trd, 4318726.243, 117
Trd, 4318726.943, 132
Trd, 4318727.293, 130
Trd, 4318728.593, 131
Trd, 4318729.593, 122
Trd, 4318731.043, 139
Trd, 4318731.543, 127
Trd, 4318732.693, 130
Trd, 4318733.143, 120
Trd, 4318734.193, 126
Trd, 4318735.343, 134
Trd, 4318736.143, 140
Trd, 4318736.993, 98
Trd, 4318737.593, 99
Trd, 4318738.393, 114
Trd, 4318740.643, 136
Trd, 4318741.243, 109
Trd, 4318741.643, 88
Trd, 4318741.793, 94
Trd, 4318741.893, 87
Trd, 4318743.493, 135
Trd, 4318743.993, 83
Trd, 4318744.543, 98
Trd, 4318745.193, 90
Trd, 4318745.693, 79
Trd, 4318746.543, 96
Trd, 4318746.943, 112
Trd, 4318746.993, 121
Trd, 4318747.693, 103
Trd, 4318748.243, 112
Trd, 4318748.543, 92
Trd, 4318749.643, 65
Trd, 4318750.393, 70
Trd, 4318751.743, 140
Trd, 4318751.893, 133
Trd, 4318752.143, 106
Trd, 4318752.993, 95
Trd, 4318753.743, 76
Trd, 4318753.893, 83
Trd, 4318754.343, 132
Trd, 4318757.493, 127
Trd, 4318757.593, 131
Trd, 4318758.043, 111
Trd, 4318758.743, 94
Trd, 4318759.343, 94
Trd, 4318761.343, 97
Trd, 4318761.593, 133
Trd, 4318761.893, 74
Trd, 4318762.643, 105
Trd, 4318763.143, 103
Trd, 4318763.243, 68
Trd, 4318764.093, 133
Trd, 4318764.443, 114
Trd, 4318765.043, 79
Trd, 4318765.193, 86
Trd, 4318766.593, 134
Trd, 4318767.393, 137
Trd, 4318767.843, 124
Trd, 4318768.143, 94
Trd, 4318769.393, 92
Trd, 4318769.943, 85
Trd, 4318770.093, 77
Trd, 4318770.693, 83
Trd, 4318771.343, 95
Trd, 4318772.343, 131
Trd, 4318772.693, 92
Trd, 4318773.743, 88
Trd, 4318774.043, 79
Trd, 4318774.093, 100
Trd, 4318774.693, 78
Trd, 4318775.443, 92
Trd, 4318776.593, 82
Trd, 4318777.543, 74
Trd, 4318777.893, 87
Trd, 4318778.093, 112
Trd, 4318778.493, 95
Trd, 4318779.843, 100
Trd, 4318781.043, 125
Trd, 4318781.293, 111
Trd, 4318781.693, 126
Trd, 4318781.993, 134
Trd, 4318782.243, 87
Trd, 4318783.743, 123
Trd, 4318784.843, 103
Trd, 4318786.093, 131
Trd, 4318786.693, 112
Trd, 4318787.493, 111
Trd, 4318787.593, 117
Trd, 4318787.843, 129
Trd, 4318789.293, 112
Trd, 4318790.893, 131
Trd, 4318791.393, 123
Trd, 4318791.843, 96
Trd, 4318792.043, 95
Trd, 4318792.443, 75
Trd, 4318792.643, 86
Trd, 4318793.293, 121
Trd, 4318795.293, 69
Trd, 4318795.543, 72
Trd, 4318795.993, 132
Trd, 4318796.393, 140
Trd, 4318797.093, 117
Trd, 4318797.143, 114
Trd, 4318798.043, 84
Trd, 4318798.843, 71
Trd, 4318800.043, 100
Trd, 4318800.193, 115
Trd, 4318800.593, 96
Trd, 4318802.193, 102
Trd, 4318802.293, 83
Trd, 4318803.893, 134
Trd, 4318805.193, 110
Trd, 4318805.393, 98
Trd, 4318805.543, 66
Trd, 4318806.393, 83
Trd, 4318807.143, 97
Trd, 4318809.093, 89
Trd, 4318809.793, 103
Trd, 4318809.843, 120
Trd, 4318810.093, 90
Trd, 4318810.793, 132
Trd, 4318811.693, 113
Trd, 4318812.443, 82
Trd, 4318814.343, 80
Trd, 4318814.443, 113
Trd, 4318815.293, 131
Trd, 4318815.593, 106
Trd, 4318815.743, 89
Trd, 4318816.043, 87
Trd, 4318816.143, 73
Trd, 4318816.743, 130
Trd, 4318818.143, 97
Trd, 4318818.893, 114
Trd, 4318820.593, 124
Trd, 4318820.943, 92
Trd, 4318822.493, 115
Trd, 4318822.893, 106
Trd, 4318823.643, 98
Trd, 4318824.293, 110
Trd, 4318825.643, 105
Trd, 4318825.843, 131
Trd, 4318826.693, 130
Trd, 4318827.593, 136
Trd, 4318827.843, 117
Trd, 4318829.393, 92
Trd, 4318830.193, 83
Trd, 4318831.193, 73
Trd, 4318831.743, 61
Trd, 4318831.943, 72
Trd, 4318832.543, 61
Trd, 4318832.593, 102
Trd, 4318835.143, 108
Trd, 4318835.243, 138
Trd, 4318835.593, 91
Trd, 4318836.343, 108
Trd, 4318837.093, 110
Trd, 4318838.143, 97
Trd, 4318838.243, 90
Trd, 4318840.143, 138
Trd, 4318841.043, 131
Trd, 4318841.193, 129
Trd, 4318843.093, 114
Trd, 4318843.243, 115
Trd, 4318844.043, 111
Trd, 4318844.493, 118
Trd, 4318844.693, 125
Trd, 4318846.243, 134
Trd, 4318847.643, 130
Trd, 4318847.943, 121
Trd, 4318848.243, 121
Trd, 4318849.393, 116
Trd, 4318849.643, 94
Trd, 4318850.243, 78
Trd, 4318850.543, 67
Trd, 4318851.193, 137
Trd, 4318851.443, 118
Trd, 4318852.343, 75
Trd, 4318853.193, 86
Trd, 4318853.843, 96
Trd, 4318854.543, 87
Trd, 4318855.093, 140
Trd, 4318855.743, 122
Trd, 4318855.843, 77
Trd, 4318857.893, 120
Trd, 4318859.293, 121
Trd, 4318860.693, 139
Trd, 4318861.643, 95
Trd, 4318861.943, 106
Trd, 4318862.093, 114
Trd, 4318862.993, 90
Trd, 4318863.593, 92
Trd, 4318863.893, 135
Trd, 4318863.943, 63
Trd, 4318864.593, 140
Trd, 4318864.993, 131
Trd, 4318865.043, 97
Trd, 4318865.093, 86
Trd, 4318866.743, 139
Trd, 4318868.343, 106
Trd, 4318868.743, 106
Trd, 4318869.243, 89
Trd, 4318871.393, 114
Trd, 4318873.043, 135
Trd, 4318874.043, 118
Trd, 4318874.193, 117
Trd, 4318874.293, 103
Trd, 4318874.493, 103
Trd, 4318875.243, 136
Trd, 4318875.793, 131
Trd, 4318876.243, 113
Trd, 4318876.693, 105
Trd, 4318878.543, 99
Trd, 4318879.843, 104
Trd, 4318880.093, 92
Trd, 4318880.593, 129
Trd, 4318881.293, 123
Trd, 4318882.593, 133
Trd, 4318882.743, 118
Trd, 4318883.293, 120
Trd, 4318883.993, 101
Trd, 4318884.593, 85
Trd, 4318886.293, 100
Trd, 4318886.343, 90
Trd, 4318886.493, 136
Trd, 4318886.743, 84
Trd, 4318886.993, 83
Trd, 4318887.093, 107
Trd, 4318888.443, 93
Trd, 4318889.193, 116
Trd, 4318889.593, 132
Trd, 4318890.943, 83
Trd, 4318893.043, 67
Trd, 4318893.243, 75
Trd, 4318893.343, 106
Trd, 4318894.143, 134
Trd, 4318894.543, 97
Trd, 4318894.643, 123
Trd, 4318897.143, 63
Trd, 4318897.393, 92
Trd, 4318897.643, 96
Trd, 4318897.843, 115
Trd, 4318899.843, 117
Trd, 4318900.193, 137
Trd, 4318900.293, 109
Trd, 4318901.293, 100
Trd, 4318902.193, 100
Trd, 4318902.693, 129
Trd, 4318902.893, 87
Trd, 4318904.443, 100
Trd, 4318905.143, 118
Trd, 4318905.743, 121
Trd, 4318906.093, 101
Trd, 4318906.243, 90
Trd, 4318906.693, 77
Trd, 4318908.093, 139
Trd, 4318908.543, 130
Trd, 4318909.093, 96
Trd, 4318910.993, 94
Trd, 4318912.443, 88
Trd, 4318913.543, 73
Trd, 4318914.493, 68
Trd, 4318914.793, 66
Trd, 4318914.943, 72
Trd, 4318915.943, 108
Trd, 4318915.993, 100
Trd, 4318916.443, 115
Trd, 4318916.893, 126
Trd, 4318919.593, 134
Trd, 4318920.243, 129
Trd, 4318921.443, 127
Trd, 4318922.193, 70
Trd, 4318923.343, 82
Trd, 4318923.493, 83
Trd, 4318923.593, 73
Trd, 4318924.343, 83
Trd, 4318924.643, 110
Trd, 4318926.793, 73
Trd, 4318927.343, 132
Trd, 4318927.893, 89
Trd, 4318929.143, 130
Trd, 4318929.193, 93
Trd, 4318930.143, 139
Trd, 4318931.043, 100
Trd, 4318932.643, 79
Trd, 4318933.293, 134
Trd, 4318933.593, 132
Trd, 4318934.393, 131
Trd, 4318934.893, 77
Trd, 4318935.643, 92
Trd, 4318936.993, 130
Trd, 4318937.193, 133
Trd, 4318937.393, 104
Trd, 4318938.893, 84
Trd, 4318939.693, 70
Trd, 4318940.743, 129
Trd, 4318941.193, 136
Trd, 4318941.593, 104
Trd, 4318941.843, 115
Trd, 4318942.393, 114
Trd, 4318943.543, 130
Trd, 4318943.793, 101
Trd, 4318944.993, 118
Trd, 4318945.443, 139
Trd, 4318945.693, 134
Trd, 4318946.093, 90
Trd, 4318946.393, 138
Trd, 4318947.543, 77
Trd, 4318949.093, 122
Trd, 4318949.443, 108
Trd, 4318951.293, 100
Trd, 4318953.243, 84
Trd, 4318953.543, 81
Trd, 4318953.693, 98
Trd, 4318953.793, 70
Trd, 4318954.093, 69
Trd, 4318956.193, 117
Trd, 4318956.493, 107
Trd, 4318957.443, 104
Trd, 4318957.843, 108
Trd, 4318958.643, 138
Trd, 4318959.143, 100
Trd, 4318960.043, 70
Trd, 4318960.543, 68
Trd, 4318961.393, 72
Trd, 4318961.443, 82
Trd, 4318962.893, 112
Trd, 4318963.093, 111
Trd, 4318963.593, 136
Trd, 4318965.093, 125
Trd, 4318966.243, 94
Trd, 4318966.493, 114
Trd, 4318966.593, 84
Trd, 4318967.293, 125
Trd, 4318968.993, 113
Trd, 4318970.143, 121
Trd, 4318971.543, 138
Trd, 4318972.543, 114
Trd, 4318972.743, 107
Trd, 4318973.143, 95
Trd, 4318973.293, 84
Trd, 4318974.093, 135
Trd, 4318974.293, 98
Trd, 4318974.893, 96
Trd, 4318975.343, 91
Trd, 4318975.843, 122
Trd, 4318976.943, 61
Trd, 4318976.993, 67
Trd, 4318977.643, 89
Trd, 4318978.043, 134
Trd, 4318978.943, 66
Trd, 4318980.143, 62
Trd, 4318980.693, 97
Trd, 4318980.793, 111
Trd, 4318982.943, 94
Trd, 4318983.193, 107
Trd, 4318984.193, 78
Trd, 4318984.643, 95
Trd, 4318984.993, 109
Trd, 4318985.543, 113
Trd, 4318985.843, 111
Trd, 4318986.543, 134
Trd, 4318987.593, 109
Trd, 4318987.793, 101
Trd, 4318988.193, 105
Trd, 4318988.893, 104
Trd, 4318989.693, 77
Trd, 4318990.293, 95
Trd, 4318991.093, 72
Trd, 4318992.143, 70
Trd, 4318992.593, 68
Trd, 4318992.793, 89
Trd, 4318992.943, 111
Trd, 4318994.543, 106
Trd, 4318995.043, 83
Trd, 4318995.793, 97
Trd, 4318996.443, 119
Trd, 4318997.343, 131
Trd, 4318997.393, 87
Trd, 4318998.493, 70
Trd, 4318999.493, 73
Trd, 4318999.593, 74
Trd, 4319000.543, 102
Trd, 4319000.693, 104
Trd, 4319000.843, 66
Trd, 4319002.093, 140
Trd, 4319002.243, 110
Trd, 4319002.343, 90
Trd, 4319003.243, 89
Trd, 4319003.893, 88
Trd, 4319004.093, 95
Trd, 4319005.493, 139
Trd, 4319005.693, 121
Trd, 4319006.243, 114
Trd, 4319007.643, 99
Trd, 4319008.543, 96
Trd, 4319008.793, 104
Trd, 4319009.193, 103
Trd, 4319009.793, 83
Trd, 4319010.793, 122
Trd, 4319012.743, 95
Trd, 4319012.843, 82
Trd, 4319014.143, 82
Trd, 4319014.443, 83
Trd, 4319015.993, 93
Trd, 4319016.293, 97
Trd, 4319017.193, 98
Trd, 4319017.343, 90
Trd, 4319018.243, 64
Trd, 4319018.443, 74
Trd, 4319018.593, 131
Trd, 4319020.093, 67
Trd, 4319021.393, 94
Trd, 4319021.743, 82
Trd, 4319021.843, 63
Trd, 4319022.143, 98
Trd, 4319022.393, 102
Trd, 4319023.243, 107
Trd, 4319024.143, 138
Trd, 4319024.393, 74
Trd, 4319025.443, 110
Trd, 4319025.993, 93
Trd, 4319028.143, 130
Trd, 4319028.593, 133
Trd, 4319028.743, 114
Trd, 4319028.943, 113
Trd, 4319029.943, 94
Trd, 4319030.443, 64
Trd, 4319031.393, 129
Trd, 4319033.243, 90
Trd, 4319033.693, 60
Trd, 4319033.843, 63
Trd, 4319034.343, 76
Trd, 4319034.543, 77
Trd, 4319038.293, 91
Trd, 4319038.343, 97
Trd, 4319039.443, 91
Trd, 4319040.093, 103
Trd, 4319040.143, 79
Trd, 4319040.793, 100
Trd, 4319043.443, 83
Trd, 4319043.843, 89
Trd, 4319044.143, 69
Trd, 4319045.143, 133
Trd, 4319046.343, 131
Trd, 4319046.493, 109
Trd, 4319047.243, 119
Trd, 4319047.693, 121
Trd, 4319048.093, 99
Trd, 4319049.143, 120
Trd, 4319049.743, 103
Trd, 4319050.893, 140
Trd, 4319051.393, 115
Trd, 4319051.843, 88
Trd, 4319052.993, 105
Trd, 4319053.743, 93
Trd, 4319054.093, 116
Trd, 4319054.193, 69
Trd, 4319054.993, 117
Trd, 4319056.443, 135
Trd, 4319056.493, 120
Trd, 4319057.293, 95
Trd, 4319058.343, 131
Trd, 4319058.793, 134
Trd, 4319059.343, 130
Trd, 4319060.243, 122
Trd, 4319060.543, 114
Trd, 4319060.993, 136
Trd, 4319061.143, 91
Trd, 4319061.793, 100
Trd, 4319062.393, 108
Trd, 4319062.643, 116
Trd, 4319063.293, 87
Trd, 4319063.693, 106
Trd, 4319063.943, 137
Trd, 4319064.193, 101
Trd, 4319066.843, 108
Trd, 4319066.893, 66
Trd, 4319068.143, 60
Trd, 4319068.343, 63
Trd, 4319068.443, 77
Trd, 4319070.543, 112
Trd, 4319070.593, 134
Trd, 4319071.443, 73
Trd, 4319072.043, 127
Trd, 4319072.993, 81
Trd, 4319073.593, 73
Trd, 4319074.443, 88
Trd, 4319075.343, 106
Trd, 4319075.593, 131
Trd, 4319077.193, 135
Trd, 4319077.843, 115
Trd, 4319077.893, 112
Trd, 4319078.243, 97
Trd, 4319079.043, 69
Trd, 4319080.393, 138
Trd, 4319080.893, 105
Trd, 4319081.193, 84
Trd, 4319081.443, 81
Trd, 4319082.343, 132
Trd, 4319082.943, 95
Trd, 4319083.343, 112
Trd, 4319084.043, 72
Trd, 4319086.443, 92
Trd, 4319086.693, 77
Trd, 4319087.443, 114
Trd, 4319087.643, 79
Trd, 4319089.393, 88
Trd, 4319090.843, 137
Trd, 4319091.143, 135
Trd, 4319092.943, 120
Trd, 4319093.343, 96
Trd, 4319093.543, 101
Trd, 4319094.043, 93
Trd, 4319094.293, 92
Trd, 4319094.693, 63
Trd, 4319097.643, 91
Trd, 4319098.043, 89
Trd, 4319098.593, 133
Trd, 4319100.093, 106
Trd, 4319100.493, 110
Trd, 4319101.093, 106
Trd, 4319102.343, 127
Trd, 4319102.543, 128
Trd, 4319102.693, 118
Trd, 4319103.493, 88
Trd, 4319103.793, 108
Trd, 4319104.243, 137
Trd, 4319105.193, 99
Trd, 4319105.393, 99
Trd, 4319105.493, 73
Trd, 4319105.693, 104
Trd, 4319107.343, 110
Trd, 4319109.093, 136
Trd, 4319109.393, 106
Trd, 4319109.743, 89
Trd, 4319110.493, 124
Trd, 4319111.493, 138
Trd, 4319111.893, 102
Trd, 4319112.893, 120
Trd, 4319113.093, 105
Trd, 4319113.643, 128
Trd, 4319115.343, 121
Trd, 4319115.593, 104
Trd, 4319116.393, 70
Trd, 4319116.893, 62
Trd, 4319117.793, 82
Trd, 4319117.843, 93
Trd, 4319118.393, 83
Trd, 4319119.043, 126
Trd, 4319120.393, 138
Trd, 4319121.093, 89
Trd, 4319121.593, 68
Trd, 4319123.043, 129
Trd, 4319123.643, 111
Trd, 4319124.443, 107
Trd, 4319124.893, 84
Trd, 4319125.643, 87
Trd, 4319126.593, 129
Trd, 4319127.543, 132
Trd, 4319127.893, 101
Trd, 4319129.843, 115
Trd, 4319130.343, 107
Trd, 4319131.043, 87
Trd, 4319131.793, 97
Trd, 4319132.593, 109
Trd, 4319133.143, 140
Trd, 4319133.943, 114
Trd, 4319134.343, 102
Trd, 4319135.893, 136
Trd, 4319137.143, 105
Trd, 4319137.293, 97
Trd, 4319138.293, 104
Trd, 4319139.643, 79
Trd, 4319139.693, 72
Trd, 4319140.693, 135
Trd, 4319141.343, 78
Trd, 4319142.693, 113
Trd, 4319142.843, 102
Trd, 4319143.493, 81
Trd, 4319144.343, 74
Trd, 4319144.843, 64
Trd, 4319144.993, 77
Trd, 4319145.543, 130
Trd, 4319147.493, 108
Trd, 4319147.543, 118
Trd, 4319148.593, 119
Trd, 4319148.893, 103
Trd, 4319149.243, 73
Trd, 4319149.443, 103
Trd, 4319150.943, 97
Trd, 4319152.793, 137
Trd, 4319153.093, 126
Trd, 4319154.443, 99
Trd, 4319156.443, 69
Trd, 4319156.493, 77
Trd, 4319157.743, 78
Trd, 4319158.193, 94
Trd, 4319158.593, 97
Trd, 4319158.743, 78
Trd, 4319158.843, 94
Trd, 4319159.393, 126
Trd, 4319159.793, 136
Trd, 4319159.893, 79
Trd, 4319162.143, 72
Trd, 4319162.793, 129
Trd, 4319163.943, 136
Trd, 4319164.643, 129
Trd, 4319164.793, 111
Trd, 4319165.293, 121
Trd, 4319166.293, 125
Trd, 4319167.343, 126
Trd, 4319167.843, 68
Trd, 4319168.793, 87
Trd, 4319169.793, 129
Trd, 4319170.193, 100
Trd, 4319170.993, 131
Trd, 4319171.593, 98
Trd, 4319171.843, 92
Trd, 4319172.043, 92
Trd, 4319172.543, 87
Trd, 4319172.643, 84
Trd, 4319174.143, 130
Trd, 4319174.443, 113
Trd, 4319174.493, 102
Trd, 4319175.993, 90
Trd, 4319177.143, 95
Trd, 4319177.893, 93
Trd, 4319178.393, 98
Trd, 4319179.093, 73
Trd, 4319179.143, 77
Trd, 4319180.043, 60
Trd, 4319180.943, 124
Trd, 4319182.293, 73
Trd, 4319182.493, 131
Trd, 4319183.893, 93
Trd, 4319184.343, 99
Trd, 4319185.093, 94
Trd, 4319185.643, 85
Trd, 4319185.893, 114
Trd, 4319186.043, 87
Trd, 4319187.093, 97
Trd, 4319188.493, 80
Trd, 4319188.543, 122
Trd, 4319189.743, 99
Trd, 4319189.843, 94
Trd, 4319190.643, 105
Trd, 4319192.393, 89
Trd, 4319192.543, 81
Trd, 4319192.943, 91
Trd, 4319193.543, 98
Trd, 4319193.643, 87
Trd, 4319195.293, 121
Trd, 4319195.743, 119
Trd, 4319196.343, 79
Trd, 4319197.443, 66
Trd, 4319197.743, 79
Trd, 4319199.293, 71
Trd, 4319199.493, 76
Trd, 4319200.993, 137
Trd, 4319201.043, 121
Trd, 4319202.093, 131
Trd, 4319203.543, 113
Trd, 4319205.693, 111
Trd, 4319205.943, 111
Trd, 4319206.343, 99
Trd, 4319206.543, 104
Trd, 4319207.143, 122
Trd, 4319207.593, 122
Trd, 4319207.793, 89
Trd, 4319207.993, 74
Trd, 4319208.793, 112
Trd, 4319209.743, 140
Trd, 4319211.993, 137
Trd, 4319212.593, 140
Trd, 4319213.093, 92
Trd, 4319213.543, 97
Trd, 4319214.093, 81
Trd, 4319214.543, 102
Trd, 4319215.843, 98
Trd, 4319217.343, 78
Trd, 4319218.093, 78
Trd, 4319218.193, 88
Trd, 4319218.743, 75
Trd, 4319219.193, 136
Trd, 4319220.193, 128
Trd, 4319221.643, 132
Trd, 4319223.043, 107
Trd, 4319223.093, 97
Trd, 4319224.193, 118
Trd, 4319224.793, 91
Trd, 4319225.143, 134
Trd, 4319225.393, 128
Trd, 4319225.943, 115
Trd, 4319226.643, 140
Trd, 4319227.093, 129
Trd, 4319227.143, 103
Trd, 4319228.043, 130
Trd, 4319228.493, 88
Trd, 4319230.743, 129
Trd, 4319231.293, 127
Trd, 4319231.843, 127
Trd, 4319232.143, 140
Trd, 4319235.193, 76
Trd, 4319235.243, 73
Trd, 4319235.393, 113
Trd, 4319235.743, 121
Trd, 4319236.343, 94
Trd, 4319236.743, 120
Trd, 4319236.843, 92
Trd, 4319237.093, 124
Trd, 4319238.443, 128
Trd, 4319239.243, 130
Trd, 4319239.693, 114
Trd, 4319240.793, 78
Trd, 4319241.043, 116
Trd, 4319241.143, 83
Trd, 4319241.743, 89
Trd, 4319244.393, 103
Trd, 4319244.543, 114
Trd, 4319244.893, 125
Trd, 4319245.043, 89
Trd, 4319245.643, 92
Trd, 4319247.243, 96
Trd, 4319248.743, 67
Trd, 4319249.343, 111
Trd, 4319249.543, 138
Trd, 4319250.943, 140
Trd, 4319252.293, 100
Trd, 4319252.893, 95
Trd, 4319253.143, 92
Trd, 4319253.643, 101
Trd, 4319254.343, 75
Trd, 4319254.493, 74
Trd, 4319256.093, 107
Trd, 4319256.193, 93
Trd, 4319256.243, 109
Trd, 4319258.443, 116
Trd, 4319258.743, 124
Trd, 4319259.043, 116
Trd, 4319259.843, 125
Trd, 4319259.943, 91
Trd, 4319260.043, 88
Trd, 4319262.393, 140
Trd, 4319262.643, 123
Trd, 4319264.743, 75
Trd, 4319265.893, 85
Trd, 4319266.243, 80
Trd, 4319266.643, 78
Trd, 4319267.343, 71
Trd, 4319267.443, 85
Trd, 4319267.643, 68
Trd, 4319268.543, 102
Trd, 4319269.193, 87
Trd, 4319269.543, 119
Trd, 4319270.743, 85
Trd, 4319270.893, 71
Trd, 4319271.643, 118
Trd, 4319272.443, 137
Trd, 4319272.493, 129
Trd, 4319273.143, 101
Trd, 4319274.493, 92
Trd, 4319274.943, 123
Trd, 4319275.343, 87
Trd, 4319276.093, 88
Trd, 4319276.843, 81
Trd, 4319277.143, 84
Trd, 4319279.343, 133
Trd, 4319280.393, 87
Trd, 4319281.343, 85
Trd, 4319281.993, 130
Trd, 4319282.143, 97
Trd, 4319282.993, 135
Trd, 4319283.843, 140
Trd, 4319285.043, 107
Trd, 4319285.743, 101
Trd, 4319286.393, 97
Trd, 4319289.043, 69
Trd, 4319289.593, 101
Trd, 4319290.043, 139
Trd, 4319291.043, 137
Trd, 4319291.743, 128
Trd, 4319292.693, 135
Trd, 4319293.393, 102
Trd, 4319295.093, 133
Trd, 4319295.593, 97
Trd, 4319295.693, 97
Trd, 4319295.843, 108
Trd, 4319295.993, 96
Trd, 4319296.493, 140
Trd, 4319296.793, 89
Trd, 4319297.643, 123
Trd, 4319298.193, 106
Trd, 4319298.643, 125
Trd, 4319299.993, 126
Trd, 4319301.893, 115
Trd, 4319302.593, 127
Trd, 4319302.843, 104
Trd, 4319303.543, 137
Trd, 4319303.793, 136
Trd, 4319304.143, 131
Trd, 4319305.043, 115
Trd, 4319305.293, 118
Trd, 4319305.443, 125
Trd, 4319307.093, 96
Trd, 4319308.543, 139
Trd, 4319309.693, 93
Trd, 4319309.893, 88
Trd, 4319311.043, 130
Trd, 4319312.443, 123
Trd, 4319312.543, 100
Trd, 4319312.743, 75
Trd, 4319313.343, 88
Trd, 4319313.443, 90
Trd, 4319313.943, 80
Trd, 4319314.193, 113
Trd, 4319314.393, 130
Trd, 4319314.443, 109
Trd, 4319314.743, 85
Trd, 4319316.593, 106
Trd, 4319318.143, 102
Trd, 4319318.443, 106
Trd, 4319319.493, 138
Trd, 4319319.993, 76
Trd, 4319320.743, 72
Trd, 4319320.993, 71
Trd, 4319322.993, 128
Trd, 4319324.243, 128
Trd, 4319324.743, 129
Trd, 4319324.943, 127
Trd, 4319326.143, 112
Trd, 4319326.293, 98
Trd, 4319326.593, 140
Trd, 4319326.893, 136
Trd, 4319327.893, 78
Trd, 4319328.243, 99
Trd, 4319328.443, 71
Trd, 4319329.143, 61
Trd, 4319330.193, 97
Trd, 4319330.843, 97
Trd, 4319332.543, 131
Trd, 4319333.743, 133
Trd, 4319334.293, 126
Trd, 4319334.593, 67
Trd, 4319334.943, 75
Trd, 4319337.343, 70
Trd, 4319337.393, 74
Trd, 4319338.043, 111
Trd, 4319338.493, 140
Trd, 4319338.593, 140
Trd, 4319339.243, 131
Trd, 4319340.493, 81
Trd, 4319341.493, 132
Trd, 4319342.943, 88
Trd, 4319343.893, 74
Trd, 4319344.793, 73
Trd, 4319344.843, 107
Trd, 4319345.393, 66
Trd, 4319345.593, 114
Trd, 4319345.993, 85
Trd, 4319346.693, 72
Trd, 4319347.293, 135
Trd, 4319349.093, 105
Trd, 4319349.743, 94
Trd, 4319349.793, 86
Trd, 4319350.243, 96
Trd, 4319351.093, 69
Trd, 4319351.393, 79
Trd, 4319352.243, 75
Trd, 4319355.343, 78
Trd, 4319355.543, 123
Trd, 4319357.493, 140
Trd, 4319357.643, 114
Trd, 4319357.793, 107
Trd, 4319358.093, 121
Trd, 4319358.293, 119
Trd, 4319358.593, 139
Trd, 4319359.093, 135
Trd, 4319360.393, 98
Trd, 4319361.043, 96
Trd, 4319363.243, 131
Trd, 4319363.443, 100
Trd, 4319364.243, 75
Trd, 4319364.793, 71
Trd, 4319365.743, 69
Trd, 4319366.693, 106
Trd, 4319367.243, 107
Trd, 4319368.143, 109
Trd, 4319368.593, 82
Trd, 4319369.393, 100
Trd, 4319369.893, 68
Trd, 4319370.243, 113
Trd, 4319370.543, 86
Trd, 4319371.193, 132
Trd, 4319371.593, 96
Trd, 4319372.543, 113
Trd, 4319374.093, 140
Trd, 4319374.343, 130
Trd, 4319375.743, 132
Trd, 4319376.093, 132
Trd, 4319376.993, 123
Trd, 4319377.793, 77
Trd, 4319378.943, 101
Trd, 4319379.643, 104
Trd, 4319380.393, 93
Trd, 4319380.593, 124
Trd, 4319381.143, 101
Trd, 4319381.493, 64
Trd, 4319381.743, 140
Trd, 4319382.093, 72
Trd, 4319382.943, 62
Trd, 4319383.143, 76
Trd, 4319385.593, 126
Trd, 4319385.843, 120
Trd, 4319385.993, 116
Trd, 4319386.393, 101
Trd, 4319387.493, 104
Trd, 4319387.593, 127
Trd, 4319387.943, 120
Trd, 4319388.293, 107
Trd, 4319389.493, 137
Trd, 4319389.643, 117
Trd, 4319390.493, 101
Trd, 4319391.093, 103
Trd, 4319391.993, 117
Trd, 4319392.193, 95
Trd, 4319393.393, 129
Trd, 4319394.143, 104
Trd, 4319394.743, 106
Trd, 4319394.893, 128
Trd, 4319396.343, 97
Trd, 4319396.543, 89
Trd, 4319396.893, 130
Trd, 4319397.993, 139
Trd, 4319398.243, 109
Trd, 4319398.593, 105
Trd, 4319399.293, 132
Trd, 4319399.743, 117
Trd, 4319400.143, 129
Trd, 4319401.443, 81
Trd, 4319402.193, 99
Trd, 4319403.143, 103
Trd, 4319403.943, 123
Trd, 4319404.643, 107
Trd, 4319405.343, 91
Trd, 4319405.493, 98
Trd, 4319405.693, 81
Trd, 4319406.093, 112
Trd, 4319407.243, 140
Trd, 4319408.843, 122
Trd, 4319409.993, 135
Trd, 4319410.143, 131
Trd, 4319410.593, 126
Trd, 4319412.093, 119
Trd, 4319413.043, 90
Trd, 4319413.093, 74
Trd, 4319414.293, 80
Trd, 4319414.393, 94
Trd, 4319414.693, 124
Trd, 4319416.543, 131
Trd, 4319417.293, 111
Trd, 4319417.693, 124
Trd, 4319418.343, 91
Trd, 4319419.693, 116
Trd, 4319419.743, 106
Trd, 4319419.993, 97
Trd, 4319420.593, 104
Trd, 4319421.393, 136
Trd, 4319422.043, 107
Trd, 4319423.843, 104
Trd, 4319424.743, 133
Trd, 4319424.943, 98
Trd, 4319425.043, 93
Trd, 4319426.393, 87
Trd, 4319426.543, 82
Trd, 4319427.493, 122
Trd, 4319427.893, 77
Trd, 4319429.043, 87
Trd, 4319429.543, 94
Trd, 4319429.743, 121
Trd, 4319431.443, 61
Trd, 4319431.593, 125
Trd, 4319432.243, 76
Trd, 4319432.443, 127
Trd, 4319432.743, 67
Trd, 4319433.843, 106
Trd, 4319434.993, 131
Trd, 4319435.043, 106
Trd, 4319435.343, 89
Trd, 4319436.793, 74
Trd, 4319436.843, 115
Trd, 4319438.793, 86
Trd, 4319439.243, 121
Trd, 4319440.293, 95
Trd, 4319440.593, 105
Trd, 4319440.893, 98
Trd, 4319441.093, 87
Trd, 4319441.593, 130
Trd, 4319441.993, 118
Trd, 4319442.393, 100
Trd, 4319444.143, 83
Trd, 4319444.543, 87
Trd, 4319445.593, 82
Trd, 4319446.443, 100
Trd, 4319447.443, 138
Trd, 4319448.493, 115
Trd, 4319448.643, 104
Trd, 4319448.893, 123
Trd, 4319449.443, 88
Trd, 4319450.243, 106
Trd, 4319451.643, 64
Trd, 4319451.793, 123
Trd, 4319452.593, 115
Trd, 4319455.643, 116
Trd, 4319455.693, 115
Trd, 4319456.593, 109
Trd, 4319458.143, 129
Trd, 4319458.193, 127
Trd, 4319458.293, 133
Trd, 4319459.143, 128
Trd, 4319460.593, 108
Trd, 4319460.743, 119
Trd, 4319460.843, 88
Trd, 4319461.743, 80
Trd, 4319464.043, 126
Trd, 4319464.993, 134
Trd, 4319465.193, 129
Trd, 4319466.143, 84
Trd, 4319466.593, 96
Trd, 4319466.793, 91
Trd, 4319467.993, 81
Trd, 4319469.193, 131
Trd, 4319469.243, 86
Trd, 4319470.143, 80
Trd, 4319470.443, 78
Trd, 4319470.593, 98
Trd, 4319471.593, 71
Trd, 4319472.543, 96
Trd, 4319473.243, 118
Trd, 4319475.343, 122
Trd, 4319475.743, 110
Trd, 4319476.393, 134
Trd, 4319478.093, 125
Trd, 4319479.293, 105
Trd, 4319479.443, 103
Trd, 4319479.943, 82
Trd, 4319482.293, 140
Trd, 4319482.593, 137
Trd, 4319482.943, 137
Trd, 4319484.443, 119
Trd, 4319484.543, 118
Trd, 4319485.593, 137
Trd, 4319485.743, 130
Trd, 4319486.493, 111
Trd, 4319486.543, 106
Trd, 4319486.843, 97
Trd, 4319487.343, 96
Trd, 4319488.443, 133
Trd, 4319489.093, 123
Trd, 4319489.793, 112
Trd, 4319490.293, 78
Trd, 4319490.843, 77
Trd, 4319491.643, 127
Trd, 4319492.043, 92
Trd, 4319492.593, 134
Trd, 4319493.293, 139
Trd, 4319493.793, 97
Trd, 4319494.393, 98
Trd, 4319495.043, 96
Trd, 4319495.593, 104
Trd, 4319495.843, 84
Trd, 4319496.693, 91
Trd, 4319499.343, 108
Trd, 4319499.443, 103
Trd, 4319500.493, 125
Trd, 4319501.243, 104
Trd, 4319501.743, 82
Trd, 4319502.093, 89
Trd, 4319502.943, 102
Trd, 4319503.693, 83
Trd, 4319504.593, 95
Trd, 4319504.843, 113
Trd, 4319506.643, 95
Trd, 4319506.993, 130
Trd, 4319507.093, 109
Trd, 4319508.143, 134
Trd, 4319508.443, 111
Trd, 4319508.693, 85
Trd, 4319509.743, 82
Trd, 4319510.243, 83
Trd, 4319513.143, 98
Trd, 4319513.193, 99
Trd, 4319514.093, 80
Trd, 4319514.343, 79
Trd, 4319515.243, 138
Trd, 4319515.293, 122
Trd, 4319515.393, 120
Trd, 4319515.543, 91
Trd, 4319515.843, 138
Trd, 4319516.993, 102
Trd, 4319517.293, 106
Trd, 4319517.343, 83
Trd, 4319518.393, 88
Trd, 4319518.793, 122
Trd, 4319519.543, 78
Trd, 4319520.593, 118
Trd, 4319522.543, 79
Trd, 4319524.143, 107
Trd, 4319524.743, 107
Trd, 4319525.293, 134
Trd, 4319525.793, 125
Trd, 4319526.793, 130
Trd, 4319527.243, 123
Trd, 4319528.843, 119
Trd, 4319529.043, 100
Trd, 4319529.643, 100
Trd, 4319531.843, 72
Trd, 4319532.143, 84
Trd, 4319532.343, 121
Trd, 4319532.743, 127
Trd, 4319534.993, 132
Trd, 4319536.593, 119
Trd, 4319536.643, 130
Trd, 4319537.143, 94
Trd, 4319537.693, 125
Trd, 4319537.793, 113
Trd, 4319538.893, 87
Trd, 4319539.293, 93
Trd, 4319540.393, 93
Trd, 4319541.743, 102
Trd, 4319541.843, 104
Trd, 4319541.893, 108
Trd, 4319542.143, 93
Trd, 4319544.193, 87
Trd, 4319544.243, 112
Trd, 4319544.843, 124
Trd, 4319545.443, 83
Trd, 4319546.493, 116
Trd, 4319547.243, 86
Trd, 4319550.943, 140
Trd, 4319551.243, 132
Trd, 4319551.343, 120
Trd, 4319551.743, 107
Trd, 4319552.143, 104
Trd, 4319552.493, 97
Trd, 4319552.593, 86
Trd, 4319552.993, 87
Trd, 4319553.793, 106
Trd, 4319555.393, 129
Trd, 4319555.693, 85
Trd, 4319556.493, 128
Trd, 4319557.843, 121
Trd, 4319558.493, 75
Trd, 4319559.393, 138
Trd, 4319559.943, 92
Trd, 4319560.743, 96
Trd, 4319561.643, 118
Trd, 4319562.043, 120
Trd, 4319562.143, 105
Trd, 4319562.693, 108
Trd, 4319564.043, 78
Trd, 4319565.043, 75
Trd, 4319565.143, 67
Trd, 4319565.343, 136
Trd, 4319567.493, 112
Trd, 4319567.893, 123
Trd, 4319568.593, 106
Trd, 4319569.143, 137
Trd, 4319569.593, 118
Trd, 4319570.493, 81
Trd, 4319572.393, 137
Trd, 4319572.943, 140
Trd, 4319573.093, 119
Trd, 4319573.793, 121
Trd, 4319574.193, 96
Trd, 4319576.743, 89
Trd, 4319576.843, 76
Trd, 4319576.943, 129
Trd, 4319577.793, 115
Trd, 4319578.943, 93
Trd, 4319579.293, 82
Trd, 4319579.393, 106
Trd, 4319580.143, 88
Trd, 4319581.193, 97
Trd, 4319582.293, 126
Trd, 4319582.493, 94
Trd, 4319582.643, 112
Trd, 4319582.943, 125
Trd, 4319584.643, 121
Trd, 4319585.993, 111
Trd, 4319586.143, 112
Trd, 4319586.393, 112
Trd, 4319586.643, 103
Trd, 4319587.693, 86
Trd, 4319588.243, 73
Trd, 4319588.643, 114
Trd, 4319589.493, 97
Trd, 4319590.843, 79
Trd, 4319591.093, 96
Trd, 4319591.543, 92
Trd, 4319592.093, 83
Trd, 4319592.393, 77
Trd, 4319593.193, 94
Trd, 4319593.643, 74
Trd, 4319593.793, 93
Trd, 4319595.343, 67
Trd, 4319595.643, 87
Trd, 4319596.543, 133
Trd, 4319596.643, 93
Trd, 4319597.443, 75
Trd, 4319598.643, 60
Trd, 4319599.993, 88
Trd, 4319600.443, 102
Trd, 4319600.693, 90
Trd, 4319601.043, 85
Trd, 4319601.593, 63
Trd, 4319602.993, 107
Trd, 4319605.193, 92
Trd, 4319605.243, 94
Trd, 4319605.343, 88
Trd, 4319606.443, 140
Trd, 4319606.993, 123
Trd, 4319607.943, 111
Trd, 4319608.043, 103
Trd, 4319608.243, 140
Trd, 4319608.793, 94
Trd, 4319609.743, 80
Trd, 4319609.793, 68
Trd, 4319610.443, 125
Trd, 4319612.543, 80
Trd, 4319613.193, 88
Trd, 4319613.793, 134
Trd, 4319613.843, 102
Trd, 4319614.643, 131
Trd, 4319615.843, 101
Trd, 4319616.793, 85
Trd, 4319617.393, 117
Trd, 4319618.493, 115
Trd, 4319619.143, 118
Trd, 4319619.543, 101
Trd, 4319619.593, 86
Trd, 4319620.643, 130
Trd, 4319621.143, 131
Trd, 4319621.843, 83
Trd, 4319622.043, 66
Trd, 4319622.743, 84
Trd, 4319623.293, 103
Trd, 4319623.593, 129
Trd, 4319624.193, 86
Trd, 4319625.243, 114
Trd, 4319625.543, 124
Trd, 4319625.793, 127
Trd, 4319627.643, 114
Trd, 4319627.943, 76
Trd, 4319628.143, 99
Trd, 4319630.193, 94
Trd, 4319630.443, 83
Trd, 4319632.193, 130
Trd, 4319632.443, 81
Trd, 4319632.593, 90
Trd, 4319632.793, 80
Trd, 4319633.243, 110
Trd, 4319635.193, 139
Trd, 4319635.343, 94
Trd, 4319636.293, 113
Trd, 4319637.093, 125
Trd, 4319638.043, 107
Trd, 4319638.093, 92
Trd, 4319638.893, 94
Trd, 4319639.893, 129
Trd, 4319640.543, 130
Trd, 4319640.893, 135
Trd, 4319642.043, 121
Trd, 4319642.943, 133
Trd, 4319643.993, 99
Trd, 4319644.143, 130
Trd, 4319644.843, 102
Trd, 4319644.943, 86
Trd, 4319646.693, 121
Trd, 4319647.943, 124
Trd, 4319648.743, 133
Trd, 4319649.293, 137
Trd, 4319650.243, 86
Trd, 4319650.543, 129
Trd, 4319650.993, 101
Trd, 4319651.493, 88
Trd, 4319652.543, 80
Trd, 4319652.793, 110
Trd, 4319654.243, 119
Trd, 4319654.593, 87
Trd, 4319655.843, 89
Trd, 4319657.343, 99
Trd, 4319657.843, 104
Trd, 4319658.543, 94
Trd, 4319658.743, 103
Trd, 4319659.343, 125
Trd, 4319659.443, 104
Trd, 4319660.593, 70
Trd, 4319661.293, 103
Trd, 4319661.643, 80
Trd, 4319662.093, 137
Trd, 4319663.443, 132
Trd, 4319663.893, 125
Trd, 4319663.993, 109
Trd, 4319664.793, 102
Trd, 4319666.393, 107
Trd, 4319666.543, 103
Trd, 4319666.793, 76
Trd, 4319666.943, 74
Trd, 4319667.793, 68
Trd, 4319668.693, 133
Trd, 4319669.243, 84
Trd, 4319669.393, 119
Trd, 4319670.743, 68
Trd, 4319672.043, 66
Trd, 4319672.543, 69
Trd, 4319673.693, 138
Trd, 4319673.893, 110
Trd, 4319674.143, 127
Trd, 4319674.193, 103
Trd, 4319675.843, 117
Trd, 4319676.593, 111
Trd, 4319677.293, 99
Trd, 4319678.743, 137
Trd, 4319680.043, 127
Trd, 4319680.243, 118
Trd, 4319680.393, 107
Trd, 4319680.993, 123
Trd, 4319682.843, 116
Trd, 4319682.943, 117
Trd, 4319683.393, 122
Trd, 4319683.743, 104
Trd, 4319685.243, 91
Trd, 4319685.293, 83
Trd, 4319685.843, 100
Trd, 4319686.093, 113
Trd, 4319686.343, 119
Trd, 4319686.793, 98
Trd, 4319689.243, 94
Trd, 4319689.343, 91
Trd, 4319689.843, 137
Trd, 4319690.843, 77
Trd, 4319691.343, 105
Trd, 4319691.643, 108
Trd, 4319692.143, 115
Trd, 4319694.243, 71
Trd, 4319694.743, 66
Trd, 4319695.443, 90
Trd, 4319695.793, 140
Trd, 4319696.343, 87
Trd, 4319696.793, 74
Trd, 4319698.143, 123
Trd, 4319698.343, 108
Trd, 4319698.443, 92
Trd, 4319699.793, 137
Trd, 4319700.193, 111
Trd, 4319700.343, 127
Trd, 4319701.243, 132
Trd, 4319702.493, 83
Trd, 4319703.143, 75
Trd, 4319703.243, 104
Trd, 4319704.643, 119
Trd, 4319704.793, 102
Trd, 4319706.243, 124
Trd, 4319706.993, 111
Trd, 4319708.243, 114
Trd, 4319708.543, 137
Trd, 4319708.693, 107
Trd, 4319709.143, 132
Trd, 4319709.243, 100
Trd, 4319709.543, 87
Trd, 4319710.093, 86
Trd, 4319710.943, 135
Trd, 4319711.893, 104
Trd, 4319711.943, 92
Trd, 4319712.693, 128
Trd, 4319712.943, 103
Trd, 4319714.143, 138
Trd, 4319714.443, 116
Trd, 4319715.843, 90
Trd, 4319716.243, 85
Trd, 4319716.293, 73
Trd, 4319716.643, 84
Trd, 4319718.493, 140
Trd, 4319718.543, 125
Trd, 4319718.843, 109
Trd, 4319719.643, 115
Trd, 4319722.993, 123
Trd, 4319723.043, 90
Trd, 4319723.543, 102
Trd, 4319723.643, 68
Trd, 4319725.143, 140
Trd, 4319726.093, 139
Trd, 4319726.193, 125
Trd, 4319727.243, 115
Trd, 4319727.893, 90
Trd, 4319728.043, 139
Trd, 4319728.193, 79
Trd, 4319729.493, 133
Trd, 4319729.743, 97
Trd, 4319730.343, 100
Trd, 4319730.843, 95
Trd, 4319731.493, 73
Trd, 4319732.593, 88
Trd, 4319733.193, 80
Trd, 4319734.243, 137
Trd, 4319735.743, 136
Trd, 4319736.143, 98
Trd, 4319737.543, 88
Trd, 4319737.593, 99
Trd, 4319738.943, 96
Trd, 4319739.293, 125
Trd, 4319740.043, 112
Trd, 4319740.943, 127
Trd, 4319742.093, 94
Trd, 4319742.293, 92
Trd, 4319743.093, 109
Trd, 4319743.693, 85
Trd, 4319743.893, 82
Trd, 4319744.393, 103
Trd, 4319745.143, 136
Trd, 4319746.893, 118
Trd, 4319747.293, 116
Trd, 4319747.443, 101
Trd, 4319748.343, 115
Trd, 4319748.893, 121
Trd, 4319749.293, 67
Trd, 4319750.293, 101
Trd, 4319750.843, 67
Trd, 4319751.893, 84
Trd, 4319753.993, 118
Trd, 4319754.843, 106
Trd, 4319754.943, 86
Trd, 4319755.693, 131
Trd, 4319756.093, 99
Trd, 4319756.393, 134
Trd, 4319757.143, 92
Trd, 4319757.593, 132
Trd, 4319758.843, 119
Trd, 4319759.693, 93
Trd, 4319759.993, 101
Trd, 4319760.293, 82
Trd, 4319760.743, 101
Trd, 4319762.293, 91
Trd, 4319762.593, 89
Trd, 4319764.543, 139
Trd, 4319764.943, 138
Trd, 4319765.543, 140
Trd, 4319765.793, 108
Trd, 4319766.893, 75
Trd, 4319767.343, 119
Trd, 4319768.193, 73
Trd, 4319769.543, 70
Trd, 4319769.643, 119
Trd, 4319770.793, 113
Trd, 4319771.943, 88
Trd, 4319771.993, 89
Trd, 4319772.793, 84
Trd, 4319773.843, 64
Trd, 4319774.043, 108
Trd, 4319774.643, 88
Trd, 4319776.243, 112
Trd, 4319776.493, 100
Trd, 4319776.643, 106
Trd, 4319777.643, 92
Trd, 4319777.693, 77
Trd, 4319777.943, 124
Trd, 4319779.093, 121
Trd, 4319780.443, 126
Trd, 4319780.843, 95
Trd, 4319781.593, 100
Trd, 4319782.393, 109
Trd, 4319782.893, 80
Trd, 4319784.693, 107
Trd, 4319784.743, 98
Trd, 4319784.893, 115
Trd, 4319787.343, 138
Trd, 4319787.493, 137
Trd, 4319787.743, 140
Trd, 4319788.293, 127
Trd, 4319788.543, 101
Trd, 4319789.093, 125
Trd, 4319789.193, 100
Trd, 4319790.243, 68
Trd, 4319791.343, 94
Trd, 4319793.543, 134
Trd, 4319794.343, 99
Trd, 4319794.943, 119
Trd, 4319795.243, 80
Trd, 4319796.693, 138
Trd, 4319797.193, 98
Trd, 4319798.293, 122
Trd, 4319798.593, 102
Trd, 4319798.793, 84
Trd, 4319802.343, 108
Trd, 4319803.243, 132
Trd, 4319803.343, 128
Trd, 4319803.443, 138
Trd, 4319803.743, 100
Trd, 4319805.143, 115
Trd, 4319806.843, 134
Trd, 4319807.843, 114
Trd, 4319808.593, 111
Trd, 4319809.643, 123
Trd, 4319810.093, 99
Trd, 4319810.243, 76
Trd, 4319810.643, 117
Trd, 4319812.293, 137
Trd, 4319812.593, 133
Trd, 4319812.793, 115
Trd, 4319814.193, 136
Trd, 4319815.643, 103
Trd, 4319816.993, 105
Trd, 4319818.843, 139
Trd, 4319819.493, 132
Trd, 4319820.693, 138
Trd, 4319822.043, 87
Trd, 4319822.193, 78
Trd, 4319822.993, 92
Trd, 4319823.193, 118
Trd, 4319823.843, 117
Trd, 4319824.193, 110
Trd, 4319824.343, 109
Trd, 4319825.543, 79
Trd, 4319826.743, 123
Trd, 4319827.293, 113
Trd, 4319828.343, 67
Trd, 4319829.243, 112
Trd, 4319829.443, 90
Trd, 4319830.593, 89
Trd, 4319831.293, 73
Trd, 4319831.493, 73
Trd, 4319831.993, 64
Trd, 4319834.293, 93
Trd, 4319834.393, 103
Trd, 4319834.843, 92
Trd, 4319835.893, 85
Trd, 4319836.293, 123
Trd, 4319836.943, 124
Trd, 4319838.043, 91
Trd, 4319838.643, 113
Trd, 4319839.143, 101
Trd, 4319840.393, 129
Trd, 4319840.743, 77
Trd, 4319840.943, 86
Trd, 4319842.143, 89
Trd, 4319842.493, 140
Trd, 4319842.793, 84
Trd, 4319843.043, 101
Trd, 4319844.043, 72
Trd, 4319844.243, 85
Trd, 4319845.443, 77
Trd, 4319847.243, 84
Trd, 4319847.343, 93
Trd, 4319847.593, 64
Trd, 4319848.243, 63
Trd, 4319848.793, 72
Trd, 4319849.393, 109
Trd, 4319849.543, 78
Trd, 4319851.843, 127
Trd, 4319852.093, 63
Trd, 4319852.793, 73
Trd, 4319854.593, 103
Trd, 4319855.543, 121
Trd, 4319856.143, 114
Trd, 4319856.843, 100
Trd, 4319856.943, 116
Trd, 4319857.793, 68
Trd, 4319857.893, 67
Trd, 4319859.493, 91
Trd, 4319860.293, 98
Trd, 4319862.643, 88
Trd, 4319862.793, 104
Trd, 4319863.043, 98
Trd, 4319863.293, 93
Trd, 4319864.893, 82
Trd, 4319866.043, 112
Trd, 4319866.293, 107
Trd, 4319866.543, 93
Trd, 4319866.893, 96
Trd, 4319867.393, 83
Trd, 4319868.293, 72
Trd, 4319868.343, 126
Trd, 4319868.493, 133
Trd, 4319868.943, 90
Trd, 4319869.743, 72
Trd, 4319869.993, 81
Trd, 4319872.343, 121
Trd, 4319873.093, 88
Trd, 4319874.193, 123
Trd, 4319874.543, 105
Trd, 4319875.743, 102
Trd, 4319876.843, 105
Trd, 4319877.043, 115
Trd, 4319877.793, 101
Trd, 4319878.743, 119
Trd, 4319879.493, 116
Trd, 4319879.893, 102
Trd, 4319880.293, 87
Trd, 4319880.743, 83
Trd, 4319881.343, 81
Trd, 4319881.793, 135
Trd, 4319883.043, 102
Trd, 4319883.443, 121
Trd, 4319883.843, 69
Trd, 4319884.943, 139
Trd, 4319885.143, 107
Trd, 4319886.693, 91
Trd, 4319887.143, 136
Trd, 4319887.393, 124
Trd, 4319888.143, 120
Trd, 4319889.743, 76
Trd, 4319890.493, 70
Trd, 4319890.943, 83
Trd, 4319891.193, 85
Trd, 4319892.193, 72
Trd, 4319892.293, 78
Trd, 4319892.443, 98
Trd, 4319893.643, 86
Trd, 4319894.443, 74
Trd, 4319894.543, 127
Trd, 4319895.343, 90
Trd, 4319896.443, 118
Trd, 4319896.593, 138
Trd, 4319897.343, 126
Trd, 4319898.893, 80
Trd, 4319899.193, 67
Trd, 4319901.543, 104
Trd, 4319901.743, 88
Trd, 4319902.043, 94
Trd, 4319902.693, 118
Trd, 4319904.843, 113
Trd, 4319905.393, 120
Trd, 4319906.843, 138
Trd, 4319907.893, 121
Trd, 4319909.943, 138
Trd, 4319910.143, 130
Trd, 4319910.443, 115
Trd, 4319911.043, 137
Trd, 4319912.393, 110
Trd, 4319913.193, 134
Trd, 4319913.393, 118
Trd, 4319913.693, 105
Trd, 4319914.743, 98
Trd, 4319915.193, 106
Trd, 4319916.243, 93
Trd, 4319917.293, 94
Trd, 4319918.043, 123
Trd, 4319918.143, 83
Trd, 4319918.893, 116
Trd, 4319920.443, 130
Trd, 4319922.543, 138
Trd, 4319922.843, 108
Trd, 4319923.243, 124
Trd, 4319923.993, 81
Trd, 4319925.493, 111
Trd, 4319926.593, 112
Trd, 4319927.443, 112
Trd, 4319928.593, 99
Trd, 4319928.993, 80
Trd, 4319929.643, 110
Trd, 4319929.793, 101
Trd, 4319930.793, 99
Trd, 4319931.243, 111
Trd, 4319931.443, 140
Trd, 4319932.993, 111
Trd, 4319933.393, 121
Trd, 4319933.493, 120
Trd, 4319934.743, 133
Trd, 4319935.643, 103
Trd, 4319935.743, 88
Trd, 4319936.543, 69
Trd, 4319936.793, 66
Trd, 4319938.493, 135
Trd, 4319938.893, 132
Trd, 4319939.393, 134
Trd, 4319940.393, 75
Trd, 4319942.043, 106
Trd, 4319942.643, 127
Trd, 4319943.093, 139
Trd, 4319943.343, 114
Trd, 4319943.493, 81
Trd, 4319943.593, 81
Trd, 4319943.743, 134
Trd, 4319945.143, 127
Trd, 4319945.793, 88
Trd, 4319946.843, 128
Trd, 4319947.093, 93
Trd, 4319947.643, 66
Trd, 4319948.193, 80
Trd, 4319948.243, 79
Trd, 4319948.543, 138
Trd, 4319948.793, 97
Trd, 4319950.793, 134
Trd, 4319950.843, 95
Trd, 4319951.093, 76
Trd, 4319951.593, 93
Trd, 4319952.893, 82
Trd, 4319953.843, 138
Trd, 4319954.343, 102
Trd, 4319955.043, 97
Trd, 4319955.893, 70
Trd, 4319955.993, 97
Trd, 4319957.993, 82
Trd, 4319958.443, 78
Trd, 4319960.543, 71
Trd, 4319960.843, 115
Trd, 4319961.143, 77
Trd, 4319961.843, 81
Trd, 4319962.243, 94
Trd, 4319962.943, 82
Trd, 4319963.743, 60
Trd, 4319965.193, 78
Trd, 4319965.293, 104
Trd, 4319966.793, 72
Trd, 4319967.043, 116
Trd, 4319967.593, 110
Trd, 4319969.043, 107
Trd, 4319969.293, 101
Trd, 4319970.843, 110
Trd, 4319971.793, 95
Trd, 4319972.243, 135
Trd, 4319973.893, 132
Trd, 4319974.493, 112
Trd, 4319975.843, 127
Trd, 4319976.043, 107
Trd, 4319976.193, 91
Trd, 4319977.293, 128
Trd, 4319977.593, 94
Trd, 4319978.043, 106
Trd, 4319979.043, 100
Trd, 4319980.643, 111
Trd, 4319980.993, 128
Trd, 4319981.593, 88
Trd, 4319982.693, 106
Trd, 4319982.743, 84
Trd, 4319982.893, 78
Trd, 4319984.643, 139
Trd, 4319984.693, 127
Trd, 4319985.643, 136
Trd, 4319985.743, 132
Trd, 4319985.793, 96
Trd, 4319986.193, 137
Trd, 4319987.643, 127
Trd, 4319989.043, 136
Trd, 4319989.743, 105
Trd, 4319989.843, 88
Trd, 4319989.993, 65
Trd, 4319990.793, 134
Trd, 4319991.143, 80
Trd, 4319992.043, 80
Trd, 4319992.993, 95
Trd, 4319994.193, 135
Trd, 4319994.293, 96
Trd, 4319995.243, 82
Trd, 4319995.643, 84
Trd, 4319995.943, 103
Trd, 4319996.843, 127
Trd, 4319997.193, 133
Trd, 4319998.293, 122
Trd, 4319998.993, 81
