Trd, 4318099.893, 104
Trd, 4318100.093, 102
Trd, 4318100.293, 116
Trd, 4318101.293, 98
Trd, 4318101.393, 97
Trd, 4318102.143, 85
Trd, 4318103.393, 92
Trd, 4318103.443, 111
Trd, 4318103.543, 91
Trd, 4318104.493, 114
Trd, 4318105.943, 90
Trd, 4318106.243, 92
Trd, 4318106.743, 137
Trd, 4318107.193, 93
Trd, 4318107.443, 93
Trd, 4318108.143, 83
Trd, 4318109.893, 139
Trd, 4318110.743, 122
Trd, 4318111.993, 102
Trd, 4318112.293, 87
Trd, 4318112.793, 83
Trd, 4318113.443, 85
Trd, 4318116.093, 60
Trd, 4318116.593, 60
Trd, 4318116.643, 60
Trd, 4318116.993, 61
Trd, 4318117.143, 61
Trd, 4318117.593, 61
Trd, 4318118.393, 66
Trd, 4318118.493, 63
Trd, 4318120.293, 66
Trd, 4318120.943, 60
Trd, 4318121.143, 60
Trd, 4318122.293, 61
Trd, 4318124.193, 60
Trd, 4318125.193, 60
Trd, 4318125.293, 63
Trd, 4318125.443, 66
Trd, 4318126.393, 62
Trd, 4318127.193, 64
Trd, 4318127.643, 140
Trd, 4318128.343, 91
Trd, 4318128.543, 80
Trd, 4318129.793, 107
Trd, 4318130.343, 109
Trd, 4318130.993, 113
Trd, 4318131.993, 110
Trd, 4318132.043, 103
Trd, 4318132.693, 139
Trd, 4318132.943, 138
Trd, 4318133.393, 134
Trd, 4318135.543, 137
Trd, 4318135.793, 135
Trd, 4318137.243, 134
Trd, 4318137.893, 133
Trd, 4318138.143, 123
Trd, 4318138.743, 120
Trd, 4318140.893, 140
Trd, 4318141.393, 135
Trd, 4318141.493, 132
Trd, 4318141.743, 125
Trd, 4318142.243, 121
Trd, 4318143.593, 72
Trd, 4318145.993, 136
Trd, 4318146.543, 124
Trd, 4318147.493, 98
Trd, 4318147.643, 95
Trd, 4318148.443, 96
Trd, 4318148.493, 95
Trd, 4318149.343, 93
Trd, 4318150.243, 112
Trd, 4318150.393, 112
Trd, 4318151.093, 101
Trd, 4318151.243, 99
Trd, 4318151.543, 114
Trd, 4318153.093, 100
Trd, 4318153.643, 99
Trd, 4318155.443, 94
Trd, 4318155.843, 93
Trd, 4318156.743, 68
Trd, 4318156.993, 108
Trd, 4318157.643, 100
Trd, 4318158.293, 125
Trd, 4318159.443, 107
Trd, 4318160.043, 107
Trd, 4318160.143, 106
Trd, 4318161.743, 131
Trd, 4318162.743, 125
Trd, 4318163.043, 120
Trd, 4318164.043, 134
Trd, 4318164.243, 134
Trd, 4318166.093, 139
Trd, 4318166.493, 137
Trd, 4318168.193, 136
Trd, 4318168.343, 128
Trd, 4318169.343, 128
Trd, 4318169.793, 115
Trd, 4318170.243, 114
Trd, 4318170.493, 109
Trd, 4318171.943, 110
Trd, 4318172.393, 109
Trd, 4318173.293, 109
Trd, 4318175.543, 140
Trd, 4318175.993, 140
Trd, 4318176.493, 125
Trd, 4318177.943, 101
Trd, 4318178.293, 136
Trd, 4318178.993, 133
Trd, 4318179.593, 126
Trd, 4318179.643, 108
Trd, 4318181.293, 105
Trd, 4318181.793, 113
Trd, 4318182.493, 101
Trd, 4318183.643, 102
Trd, 4318184.843, 138
Trd, 4318185.643, 123
Trd, 4318185.693, 122
Trd, 4318186.143, 104
Trd, 4318186.493, 102
Trd, 4318186.643, 101
Trd, 4318188.443, 139
Trd, 4318189.493, 77
Trd, 4318189.543, 121
Trd, 4318190.043, 88
Trd, 4318191.143, 108
Trd, 4318192.493, 88
Trd, 4318193.093, 92
Trd, 4318193.393, 91
Trd, 4318193.493, 114
Trd, 4318193.843, 87
Trd, 4318193.943, 85
Trd, 4318195.393, 112
Trd, 4318197.243, 60
Trd, 4318198.143, 60
Trd, 4318198.593, 60
Trd, 4318199.843, 63
Trd, 4318200.243, 63
Trd, 4318200.543, 63
Trd, 4318201.093, 62
Trd, 4318201.293, 62
Trd, 4318202.043, 62
Trd, 4318202.393, 61
Trd, 4318203.143, 60
Trd, 4318204.443, 61
Trd, 4318204.543, 62
Trd, 4318205.393, 60
Trd, 4318207.043, 60
Trd, 4318207.993, 61
Trd, 4318208.793, 62
Trd, 4318209.793, 61
Trd, 4318209.943, 61
Trd, 4318210.393, 62
Trd, 4318210.593, 64
Trd, 4318210.893, 61
Trd, 4318211.643, 70
Trd, 4318212.443, 61
Trd, 4318213.193, 63
Trd, 4318215.093, 60
Trd, 4318215.493, 60
Trd, 4318216.393, 61
Trd, 4318217.093, 70
Trd, 4318217.643, 68
Trd, 4318218.443, 61
Trd, 4318218.643, 60
Trd, 4318218.693, 68
Trd, 4318219.643, 127
Trd, 4318222.493, 60
Trd, 4318223.043, 61
Trd, 4318223.143, 62
Trd, 4318223.193, 67
Trd, 4318223.643, 61
Trd, 4318224.393, 78
Trd, 4318224.693, 64
Trd, 4318226.343, 133
Trd, 4318226.693, 134
Trd, 4318227.893, 128
Trd, 4318227.993, 127
Trd, 4318228.043, 126
Trd, 4318229.743, 130
Trd, 4318229.793, 129
Trd, 4318231.143, 120
Trd, 4318231.393, 135
Trd, 4318231.643, 119
Trd, 4318234.043, 113
Trd, 4318234.593, 112
Trd, 4318235.443, 109
Trd, 4318236.443, 110
Trd, 4318237.243, 112
Trd, 4318238.843, 126
Trd, 4318239.193, 115
Trd, 4318239.343, 116
Trd, 4318239.543, 107
Trd, 4318240.543, 106
Trd, 4318240.743, 93
Trd, 4318241.993, 129
Trd, 4318242.543, 128
Trd, 4318242.893, 116
Trd, 4318242.943, 109
Trd, 4318244.943, 91
Trd, 4318245.343, 115
Trd, 4318245.543, 114
Trd, 4318246.593, 107
Trd, 4318246.843, 102
Trd, 4318247.293, 140
Trd, 4318247.793, 101
Trd, 4318249.493, 94
Trd, 4318249.743, 64
Trd, 4318250.543, 64
Trd, 4318250.993, 64
Trd, 4318251.493, 69
Trd, 4318252.643, 72
Trd, 4318252.843, 67
Trd, 4318253.393, 67
Trd, 4318253.743, 71
Trd, 4318255.043, 63
Trd, 4318255.293, 61
Trd, 4318255.393, 105
Trd, 4318256.193, 64
Trd, 4318256.643, 62
Trd, 4318257.093, 62
Trd, 4318258.093, 64
Trd, 4318258.593, 65
Trd, 4318259.293, 61
Trd, 4318259.893, 60
Trd, 4318261.293, 65
Trd, 4318261.393, 69
Trd, 4318262.293, 70
Trd, 4318262.693, 68
Trd, 4318262.993, 69
Trd, 4318263.443, 66
Trd, 4318263.593, 63
Trd, 4318265.143, 60
Trd, 4318265.193, 64
Trd, 4318265.893, 67
Trd, 4318266.943, 64
Trd, 4318268.993, 61
Trd, 4318270.393, 60
Trd, 4318270.893, 60
Trd, 4318270.943, 60
Trd, 4318271.243, 60
Trd, 4318273.343, 62
Trd, 4318273.893, 61
Trd, 4318274.093, 74
Trd, 4318274.693, 138
Trd, 4318275.693, 140
Trd, 4318275.893, 140
Trd, 4318276.443, 73
Trd, 4318278.243, 136
Trd, 4318278.743, 109
Trd, 4318279.393, 103
Trd, 4318279.543, 98
Trd, 4318281.043, 140
Trd, 4318283.043, 140
Trd, 4318283.443, 140
Trd, 4318283.943, 140
Trd, 4318284.593, 140
Trd, 4318285.293, 129
Trd, 4318285.593, 113
Trd, 4318286.143, 110
Trd, 4318286.743, 131
Trd, 4318287.443, 116
Trd, 4318287.793, 106
Trd, 4318288.143, 105
Trd, 4318289.143, 92
Trd, 4318291.043, 101
Trd, 4318291.393, 123
Trd, 4318291.593, 102
Trd, 4318292.243, 99
Trd, 4318292.993, 121
Trd, 4318293.943, 110
Trd, 4318294.343, 96
Trd, 4318294.493, 83
Trd, 4318295.043, 97
Trd, 4318296.843, 92
Trd, 4318296.943, 86
Trd, 4318299.143, 60
Trd, 4318299.393, 62
Trd, 4318299.843, 85
Trd, 4318300.093, 86
Trd, 4318301.443, 90
Trd, 4318302.393, 91
Trd, 4318302.893, 138
Trd, 4318303.243, 138
Trd, 4318303.593, 68
Trd, 4318304.393, 69
Trd, 4318305.643, 80
Trd, 4318305.743, 87
Trd, 4318306.043, 91
Trd, 4318306.593, 62
Trd, 4318306.943, 65
Trd, 4318307.993, 61
Trd, 4318308.593, 63
Trd, 4318308.743, 62
Trd, 4318309.293, 95
Trd, 4318310.443, 126
Trd, 4318311.093, 118
Trd, 4318311.843, 118
Trd, 4318312.493, 112
Trd, 4318314.243, 107
Trd, 4318314.543, 103
Trd, 4318315.443, 97
Trd, 4318315.993, 82
Trd, 4318316.943, 78
Trd, 4318317.693, 137
Trd, 4318318.143, 130
Trd, 4318318.593, 86
Trd, 4318320.893, 93
Trd, 4318322.643, 103
Trd, 4318323.343, 99
Trd, 4318324.793, 102
Trd, 4318325.243, 131
Trd, 4318326.143, 104
Trd, 4318326.893, 123
Trd, 4318327.493, 109
Trd, 4318328.093, 120
Trd, 4318328.843, 119
Trd, 4318328.993, 109
Trd, 4318330.943, 111
Trd, 4318331.193, 111
Trd, 4318331.543, 102
Trd, 4318331.943, 94
Trd, 4318332.893, 63
Trd, 4318332.943, 65
Trd, 4318335.243, 140
Trd, 4318335.343, 140
Trd, 4318335.393, 140
Trd, 4318335.693, 119
Trd, 4318336.143, 140
Trd, 4318337.843, 126
Trd, 4318337.943, 124
Trd, 4318338.043, 124
Trd, 4318339.993, 105
Trd, 4318340.443, 104
Trd, 4318340.843, 73
Trd, 4318340.893, 129
Trd, 4318341.493, 71
Trd, 4318342.243, 131
Trd, 4318342.593, 105
Trd, 4318343.093, 105
Trd, 4318345.243, 86
Trd, 4318345.443, 126
Trd, 4318345.843, 86
Trd, 4318346.243, 122
Trd, 4318346.693, 85
Trd, 4318346.843, 66
Trd, 4318348.893, 60
Trd, 4318351.393, 60
Trd, 4318352.743, 60
Trd, 4318353.043, 60
Trd, 4318353.393, 60
Trd, 4318353.593, 61
Trd, 4318353.793, 62
Trd, 4318354.993, 63
Trd, 4318355.093, 61
Trd, 4318355.743, 62
Trd, 4318356.843, 65
Trd, 4318357.443, 66
Trd, 4318357.893, 69
Trd, 4318357.943, 65
Trd, 4318358.443, 64
Trd, 4318359.493, 73
Trd, 4318360.043, 73
Trd, 4318361.493, 140
Trd, 4318361.943, 136
Trd, 4318363.743, 138
Trd, 4318363.793, 136
Trd, 4318363.843, 133
Trd, 4318364.443, 131
Trd, 4318365.043, 130
Trd, 4318365.143, 122
Trd, 4318366.543, 119
Trd, 4318367.743, 108
Trd, 4318369.343, 138
Trd, 4318369.443, 118
Trd, 4318370.543, 118
Trd, 4318371.343, 138
Trd, 4318371.793, 137
Trd, 4318372.593, 123
Trd, 4318372.643, 112
Trd, 4318373.393, 106
Trd, 4318373.793, 91
Trd, 4318375.893, 103
Trd, 4318376.393, 123
Trd, 4318376.793, 117
Trd, 4318377.043, 116
Trd, 4318377.243, 114
Trd, 4318379.693, 60
Trd, 4318380.093, 61
Trd, 4318380.693, 61
Trd, 4318381.493, 60
Trd, 4318381.893, 60
Trd, 4318383.243, 60
Trd, 4318383.843, 63
Trd, 4318384.043, 62
Trd, 4318384.093, 64
Trd, 4318384.493, 71
Trd, 4318385.493, 62
Trd, 4318386.643, 106
Trd, 4318386.893, 65
Trd, 4318387.243, 64
Trd, 4318388.143, 65
Trd, 4318388.993, 70
Trd, 4318389.643, 125
Trd, 4318390.143, 75
Trd, 4318390.593, 66
Trd, 4318392.843, 138
Trd, 4318393.993, 140
Trd, 4318394.543, 140
Trd, 4318395.443, 140
Trd, 4318395.743, 140
Trd, 4318396.543, 118
Trd, 4318398.043, 121
Trd, 4318398.193, 118
Trd, 4318399.043, 107
Trd, 4318399.243, 103
Trd, 4318400.043, 139
Trd, 4318400.793, 133
Trd, 4318401.793, 124
Trd, 4318402.043, 118
Trd, 4318402.943, 114
Trd, 4318403.743, 118
Trd, 4318405.293, 138
Trd, 4318405.543, 119
Trd, 4318405.743, 140
Trd, 4318405.893, 118
Trd, 4318406.943, 106
Trd, 4318407.343, 105
Trd, 4318407.993, 102
Trd, 4318409.393, 96
Trd, 4318409.543, 74
Trd, 4318410.293, 99
Trd, 4318411.143, 98
Trd, 4318411.693, 95
Trd, 4318412.093, 79
Trd, 4318412.593, 73
Trd, 4318413.543, 125
Trd, 4318415.093, 115
Trd, 4318415.693, 112
Trd, 4318416.293, 110
Trd, 4318417.243, 114
Trd, 4318417.993, 108
Trd, 4318418.043, 107
Trd, 4318418.993, 140
Trd, 4318419.993, 136
Trd, 4318420.243, 126
Trd, 4318420.443, 139
Trd, 4318421.393, 114
Trd, 4318422.443, 117
Trd, 4318422.893, 117
Trd, 4318423.893, 118
Trd, 4318424.193, 125
Trd, 4318424.743, 100
Trd, 4318425.043, 101
Trd, 4318426.543, 111
Trd, 4318426.743, 118
Trd, 4318428.443, 106
Trd, 4318428.493, 100
Trd, 4318431.793, 140
Trd, 4318431.843, 140
Trd, 4318432.393, 120
Trd, 4318433.943, 140
Trd, 4318434.243, 140
Trd, 4318435.593, 140
Trd, 4318435.643, 103
Trd, 4318437.293, 120
Trd, 4318438.893, 134
Trd, 4318439.043, 133
Trd, 4318439.993, 129
Trd, 4318440.543, 129
Trd, 4318440.643, 127
Trd, 4318441.043, 135
Trd, 4318441.143, 120
Trd, 4318441.593, 112
Trd, 4318441.743, 102
Trd, 4318443.043, 63
Trd, 4318444.793, 60
Trd, 4318446.293, 60
Trd, 4318446.343, 60
Trd, 4318446.993, 62
Trd, 4318447.343, 61
Trd, 4318448.343, 61
Trd, 4318448.793, 63
Trd, 4318448.893, 66
Trd, 4318449.243, 61
Trd, 4318449.693, 75
Trd, 4318451.843, 60
Trd, 4318451.993, 60
Trd, 4318452.243, 60
Trd, 4318452.293, 61
Trd, 4318453.893, 67
Trd, 4318454.593, 69
Trd, 4318454.893, 71
Trd, 4318455.693, 75
Trd, 4318456.543, 72
Trd, 4318457.593, 127
Trd, 4318458.143, 128
Trd, 4318458.393, 120
Trd, 4318458.843, 96
Trd, 4318459.743, 122
Trd, 4318460.693, 114
Trd, 4318461.493, 115
Trd, 4318462.693, 118
Trd, 4318464.093, 123
Trd, 4318464.243, 122
Trd, 4318464.593, 137
Trd, 4318464.943, 132
Trd, 4318465.443, 129
Trd, 4318465.643, 123
Trd, 4318466.243, 124
Trd, 4318468.093, 106
Trd, 4318468.193, 99
Trd, 4318470.093, 94
Trd, 4318472.143, 104
Trd, 4318472.993, 104
Trd, 4318473.293, 103
Trd, 4318473.393, 99
Trd, 4318474.943, 119
Trd, 4318475.993, 113
Trd, 4318476.443, 128
Trd, 4318476.593, 108
Trd, 4318477.143, 139
Trd, 4318478.143, 104
Trd, 4318479.543, 125
Trd, 4318479.643, 124
Trd, 4318479.793, 134
Trd, 4318481.043, 112
Trd, 4318481.843, 108
Trd, 4318481.943, 134
Trd, 4318482.593, 93
Trd, 4318483.843, 65
Trd, 4318484.243, 66
Trd, 4318484.643, 65
Trd, 4318485.893, 116
Trd, 4318486.143, 115
Trd, 4318487.093, 112
Trd, 4318487.743, 114
Trd, 4318487.893, 111
Trd, 4318489.393, 135
Trd, 4318490.893, 121
Trd, 4318491.043, 120
Trd, 4318491.543, 116
Trd, 4318492.393, 109
Trd, 4318492.593, 100
Trd, 4318493.643, 119
Trd, 4318494.543, 124
Trd, 4318496.343, 130
Trd, 4318496.393, 128
Trd, 4318496.643, 133
Trd, 4318496.893, 124
Trd, 4318498.293, 119
Trd, 4318499.143, 121
Trd, 4318499.693, 121
Trd, 4318501.843, 136
Trd, 4318502.593, 132
Trd, 4318503.043, 123
Trd, 4318504.643, 134
Trd, 4318504.843, 131
Trd, 4318505.293, 126
Trd, 4318506.793, 133
Trd, 4318507.293, 132
Trd, 4318508.143, 125
Trd, 4318508.393, 137
Trd, 4318509.893, 115
Trd, 4318509.993, 109
Trd, 4318510.143, 122
Trd, 4318511.593, 109
Trd, 4318512.143, 109
Trd, 4318512.893, 112
Trd, 4318513.043, 110
Trd, 4318513.143, 106
Trd, 4318513.293, 105
Trd, 4318513.993, 113
Trd, 4318515.143, 95
Trd, 4318515.943, 60
Trd, 4318516.293, 60
Trd, 4318517.843, 69
Trd, 4318518.493, 69
Trd, 4318518.743, 67
Trd, 4318518.793, 66
Trd, 4318520.793, 119
Trd, 4318521.443, 69
Trd, 4318521.743, 74
Trd, 4318521.893, 67
Trd, 4318522.743, 70
Trd, 4318525.793, 129
Trd, 4318525.893, 127
Trd, 4318526.343, 119
Trd, 4318527.293, 117
Trd, 4318528.693, 112
Trd, 4318528.993, 118
Trd, 4318530.093, 121
Trd, 4318530.443, 122
Trd, 4318530.643, 122
Trd, 4318531.543, 121
Trd, 4318533.643, 125
Trd, 4318534.293, 131
Trd, 4318534.693, 126
Trd, 4318535.143, 125
Trd, 4318535.293, 119
Trd, 4318535.843, 108
Trd, 4318537.443, 124
Trd, 4318537.793, 120
Trd, 4318538.143, 112
Trd, 4318538.993, 99
Trd, 4318539.043, 98
Trd, 4318540.493, 75
Trd, 4318541.843, 127
Trd, 4318542.693, 107
Trd, 4318542.993, 64
Trd, 4318545.093, 126
Trd, 4318545.143, 125
Trd, 4318546.193, 140
Trd, 4318547.793, 126
Trd, 4318550.193, 60
Trd, 4318550.693, 62
Trd, 4318550.743, 64
Trd, 4318551.293, 60
Trd, 4318551.543, 61
Trd, 4318551.943, 62
Trd, 4318552.143, 61
Trd, 4318552.893, 112
Trd, 4318552.993, 110
Trd, 4318553.243, 63
Trd, 4318557.393, 60
Trd, 4318557.493, 60
Trd, 4318558.893, 60
Trd, 4318559.093, 60
Trd, 4318559.543, 60
Trd, 4318559.993, 63
Trd, 4318560.793, 68
Trd, 4318561.743, 67
Trd, 4318562.193, 68
Trd, 4318562.243, 64
Trd, 4318562.793, 63
Trd, 4318563.493, 61
Trd, 4318564.693, 112
Trd, 4318564.943, 79
Trd, 4318565.443, 80
Trd, 4318566.643, 126
Trd, 4318566.893, 107
Trd, 4318570.093, 140
Trd, 4318570.843, 140
Trd, 4318571.343, 125
Trd, 4318571.743, 122
Trd, 4318572.143, 140
Trd, 4318572.443, 123
Trd, 4318573.743, 107
Trd, 4318574.693, 126
Trd, 4318575.693, 140
Trd, 4318576.693, 140
Trd, 4318577.043, 140
Trd, 4318577.593, 131
Trd, 4318577.893, 102
Trd, 4318578.893, 96
Trd, 4318578.943, 95
Trd, 4318580.993, 60
Trd, 4318581.293, 60
Trd, 4318581.393, 61
Trd, 4318582.493, 62
Trd, 4318582.943, 61
Trd, 4318583.843, 67
Trd, 4318584.143, 66
Trd, 4318584.293, 122
Trd, 4318585.343, 68
Trd, 4318585.593, 74
Trd, 4318587.293, 113
Trd, 4318587.793, 135
Trd, 4318588.443, 136
Trd, 4318589.593, 136
Trd, 4318589.793, 126
Trd, 4318590.493, 123
Trd, 4318592.043, 113
Trd, 4318593.093, 140
Trd, 4318593.693, 113
Trd, 4318594.593, 115
Trd, 4318595.193, 127
Trd, 4318595.343, 132
Trd, 4318595.943, 115
Trd, 4318597.443, 118
Trd, 4318597.643, 113
Trd, 4318599.193, 122
Trd, 4318600.293, 117
Trd, 4318600.643, 115
Trd, 4318602.193, 139
Trd, 4318602.793, 140
Trd, 4318603.293, 140
Trd, 4318603.493, 138
Trd, 4318605.993, 115
Trd, 4318607.143, 134
Trd, 4318607.843, 134
Trd, 4318607.993, 131
Trd, 4318608.343, 127
Trd, 4318608.593, 134
Trd, 4318610.343, 123
Trd, 4318610.493, 123
Trd, 4318611.143, 111
Trd, 4318611.393, 97
Trd, 4318611.493, 97
Trd, 4318612.943, 140
Trd, 4318615.443, 140
Trd, 4318616.043, 140
Trd, 4318616.393, 140
Trd, 4318616.943, 140
Trd, 4318618.643, 116
Trd, 4318619.543, 136
Trd, 4318619.743, 110
Trd, 4318619.793, 94
Trd, 4318621.343, 117
Trd, 4318622.243, 83
Trd, 4318622.793, 85
Trd, 4318623.643, 116
Trd, 4318624.093, 97
Trd, 4318624.543, 133
Trd, 4318625.643, 94
Trd, 4318626.343, 94
Trd, 4318626.943, 97
Trd, 4318627.993, 131
Trd, 4318628.143, 97
Trd, 4318629.293, 97
Trd, 4318629.343, 93
Trd, 4318629.393, 92
Trd, 4318629.643, 119
Trd, 4318631.493, 123
Trd, 4318631.843, 123
Trd, 4318632.893, 126
Trd, 4318633.793, 108
Trd, 4318634.043, 85
Trd, 4318634.943, 60
Trd, 4318636.793, 61
Trd, 4318637.743, 60
Trd, 4318638.193, 60
Trd, 4318638.493, 60
Trd, 4318638.693, 60
Trd, 4318639.243, 62
Trd, 4318640.093, 61
Trd, 4318640.343, 63
Trd, 4318641.243, 140
Trd, 4318641.693, 140
Trd, 4318642.043, 103
Trd, 4318644.043, 60
Trd, 4318644.193, 64
Trd, 4318645.043, 65
Trd, 4318645.643, 69
Trd, 4318645.993, 65
Trd, 4318646.443, 120
Trd, 4318648.243, 105
Trd, 4318648.343, 103
Trd, 4318648.943, 97
Trd, 4318649.243, 98
Trd, 4318650.243, 94
Trd, 4318650.293, 93
Trd, 4318651.693, 64
Trd, 4318652.443, 61
Trd, 4318653.293, 62
Trd, 4318654.243, 60
Trd, 4318654.343, 60
Trd, 4318654.893, 63
Trd, 4318655.393, 65
Trd, 4318655.543, 61
Trd, 4318656.443, 61
Trd, 4318657.093, 70
Trd, 4318657.843, 66
Trd, 4318658.043, 93
Trd, 4318660.243, 73
Trd, 4318661.293, 127
Trd, 4318661.443, 126
Trd, 4318661.493, 117
Trd, 4318662.393, 110
Trd, 4318664.093, 137
Trd, 4318664.543, 114
Trd, 4318664.693, 109
Trd, 4318666.993, 109
Trd, 4318667.093, 107
Trd, 4318667.893, 102
Trd, 4318668.193, 95
Trd, 4318669.143, 91
Trd, 4318670.093, 111
Trd, 4318671.093, 89
Trd, 4318672.143, 94
Trd, 4318673.093, 92
Trd, 4318673.393, 122
Trd, 4318673.743, 123
Trd, 4318673.993, 87
Trd, 4318675.093, 87
Trd, 4318675.143, 86
Trd, 4318675.193, 82
Trd, 4318675.893, 133
Trd, 4318676.943, 74
Trd, 4318677.993, 83
Trd, 4318678.243, 121
Trd, 4318679.093, 85
Trd, 4318679.943, 84
Trd, 4318680.443, 87
Trd, 4318680.493, 82
Trd, 4318681.393, 126
Trd, 4318682.543, 61
Trd, 4318682.593, 62
Trd, 4318683.793, 63
Trd, 4318683.893, 63
Trd, 4318685.343, 75
Trd, 4318686.343, 90
Trd, 4318686.493, 91
Trd, 4318686.593, 76
Trd, 4318686.943, 75
Trd, 4318688.043, 77
Trd, 4318689.343, 101
Trd, 4318690.293, 108
Trd, 4318690.643, 107
Trd, 4318690.943, 98
Trd, 4318692.243, 131
Trd, 4318693.743, 131
Trd, 4318694.093, 137
Trd, 4318694.243, 132
Trd, 4318695.943, 135
Trd, 4318697.193, 136
Trd, 4318697.743, 135
Trd, 4318698.843, 140
Trd, 4318699.493, 133
Trd, 4318699.643, 126
Trd, 4318699.843, 127
Trd, 4318699.943, 126
Trd, 4318701.543, 126
Trd, 4318701.793, 111
Trd, 4318702.393, 135
Trd, 4318703.743, 135
Trd, 4318705.043, 135
Trd, 4318705.643, 135
Trd, 4318705.743, 133
Trd, 4318706.543, 128
Trd, 4318706.693, 127
Trd, 4318707.843, 121
Trd, 4318708.393, 118
Trd, 4318708.943, 104
Trd, 4318708.993, 98
Trd, 4318710.743, 133
Trd, 4318711.993, 137
Trd, 4318713.143, 133
Trd, 4318715.093, 134
Trd, 4318715.443, 121
Trd, 4318715.643, 120
Trd, 4318716.493, 94
Trd, 4318717.443, 131
Trd, 4318718.693, 110
Trd, 4318719.043, 104
Trd, 4318719.443, 108
Trd, 4318720.143, 109
Trd, 4318721.143, 108
Trd, 4318722.043, 115
Trd, 4318723.843, 138
Trd, 4318724.493, 138
Trd, 4318724.743, 128
Trd, 4318725.043, 140
Trd, 4318725.443, 123
Trd, 4318725.993, 125
Trd, 4318727.293, 140
Trd, 4318728.943, 140
Trd, 4318729.093, 140
Trd, 4318729.493, 124
Trd, 4318730.493, 121
Trd, 4318731.993, 138
Trd, 4318732.343, 116
Trd, 4318734.243, 119
Trd, 4318734.393, 117
Trd, 4318735.493, 119
Trd, 4318736.393, 118
Trd, 4318736.793, 133
Trd, 4318737.293, 103
Trd, 4318737.393, 122
Trd, 4318739.743, 108
Trd, 4318741.143, 102
Trd, 4318741.443, 97
Trd, 4318741.993, 119
Trd, 4318742.043, 114
Trd, 4318742.493, 113
Trd, 4318746.093, 134
Trd, 4318746.543, 133
Trd, 4318747.043, 131
Trd, 4318748.243, 123
Trd, 4318748.543, 117
Trd, 4318749.543, 137
Trd, 4318749.743, 136
Trd, 4318751.543, 126
Trd, 4318751.793, 125
Trd, 4318752.343, 125
Trd, 4318753.593, 106
Trd, 4318754.443, 106
Trd, 4318754.993, 105
Trd, 4318755.393, 127
Trd, 4318757.043, 110
Trd, 4318757.743, 135
Trd, 4318757.793, 133
Trd, 4318758.243, 129
Trd, 4318759.043, 123
Trd, 4318759.343, 121
Trd, 4318762.193, 60
Trd, 4318763.593, 60
Trd, 4318763.893, 61
Trd, 4318763.993, 61
Trd, 4318764.143, 60
Trd, 4318767.893, 60
Trd, 4318768.093, 60
Trd, 4318768.243, 60
Trd, 4318768.343, 60
Trd, 4318769.493, 65
Trd, 4318769.993, 62
Trd, 4318771.393, 60
Trd, 4318774.943, 60
Trd, 4318775.043, 62
Trd, 4318775.493, 62
Trd, 4318776.093, 64
Trd, 4318776.293, 64
Trd, 4318776.443, 63
Trd, 4318776.843, 69
Trd, 4318777.343, 73
Trd, 4318778.143, 63
Trd, 4318778.593, 64
Trd, 4318778.943, 62
Trd, 4318780.143, 130
Trd, 4318780.493, 111
Trd, 4318780.693, 100
Trd, 4318782.243, 130
Trd, 4318782.343, 84
Trd, 4318783.043, 78
Trd, 4318783.343, 80
Trd, 4318784.443, 90
Trd, 4318785.493, 128
Trd, 4318785.793, 121
Trd, 4318787.293, 83
Trd, 4318787.993, 85
Trd, 4318789.193, 115
Trd, 4318790.143, 91
Trd, 4318790.343, 90
Trd, 4318791.543, 105
Trd, 4318791.993, 92
Trd, 4318794.143, 132
Trd, 4318794.443, 114
Trd, 4318795.243, 90
Trd, 4318796.193, 88
Trd, 4318796.893, 138
Trd, 4318798.193, 132
Trd, 4318799.243, 129
Trd, 4318799.293, 127
Trd, 4318800.193, 112
Trd, 4318800.743, 135
Trd, 4318801.093, 78
Trd, 4318803.993, 60
Trd, 4318805.943, 60
Trd, 4318807.043, 60
Trd, 4318807.343, 60
Trd, 4318808.043, 60
Trd, 4318808.393, 60
Trd, 4318808.993, 60
Trd, 4318809.143, 63
Trd, 4318809.693, 61
Trd, 4318811.243, 60
Trd, 4318813.493, 60
Trd, 4318813.743, 60
Trd, 4318814.843, 60
Trd, 4318814.993, 62
Trd, 4318815.443, 61
Trd, 4318817.443, 61
Trd, 4318817.643, 63
Trd, 4318817.893, 62
Trd, 4318818.643, 62
Trd, 4318819.093, 67
Trd, 4318819.443, 65
Trd, 4318819.643, 72
Trd, 4318821.893, 140
Trd, 4318822.443, 119
Trd, 4318822.643, 118
Trd, 4318824.293, 118
Trd, 4318825.593, 121
Trd, 4318825.993, 121
Trd, 4318827.543, 100
Trd, 4318827.693, 97
Trd, 4318828.143, 135
Trd, 4318829.543, 91
Trd, 4318829.793, 88
Trd, 4318830.543, 132
Trd, 4318830.593, 123
Trd, 4318832.993, 60
Trd, 4318834.143, 60
Trd, 4318834.543, 60
Trd, 4318835.043, 66
Trd, 4318836.043, 68
Trd, 4318836.143, 67
Trd, 4318836.343, 68
Trd, 4318836.393, 67
Trd, 4318836.993, 135
Trd, 4318837.943, 69
Trd, 4318838.593, 68
Trd, 4318839.043, 68
Trd, 4318839.393, 83
Trd, 4318840.393, 84
Trd, 4318840.643, 73
Trd, 4318840.943, 72
Trd, 4318843.243, 122
Trd, 4318844.793, 114
Trd, 4318845.143, 112
Trd, 4318846.293, 140
Trd, 4318847.043, 140
Trd, 4318847.293, 136
Trd, 4318847.493, 127
Trd, 4318847.793, 122
Trd, 4318848.293, 76
Trd, 4318848.893, 72
Trd, 4318850.593, 60
Trd, 4318850.993, 60
Trd, 4318851.043, 62
Trd, 4318851.843, 63
Trd, 4318852.093, 62
Trd, 4318852.643, 60
Trd, 4318853.293, 65
Trd, 4318853.743, 76
Trd, 4318854.893, 69
Trd, 4318855.943, 71
Trd, 4318856.243, 68
Trd, 4318856.343, 66
Trd, 4318859.493, 60
Trd, 4318859.543, 60
Trd, 4318859.793, 61
Trd, 4318860.093, 61
Trd, 4318860.243, 62
Trd, 4318860.693, 100
Trd, 4318861.543, 60
Trd, 4318862.143, 60
Trd, 4318862.243, 61
Trd, 4318862.643, 60
Trd, 4318863.193, 61
Trd, 4318864.543, 75
Trd, 4318866.143, 65
Trd, 4318868.343, 60
Trd, 4318868.693, 60
Trd, 4318868.843, 60
Trd, 4318869.493, 61
Trd, 4318869.543, 62
Trd, 4318870.043, 61
Trd, 4318870.493, 61
Trd, 4318871.893, 62
Trd, 4318872.543, 60
Trd, 4318874.443, 60
Trd, 4318874.543, 60
Trd, 4318874.843, 60
Trd, 4318875.243, 60
Trd, 4318877.543, 60
Trd, 4318877.643, 60
Trd, 4318878.043, 60
Trd, 4318878.393, 63
Trd, 4318879.193, 60
Trd, 4318879.343, 62
Trd, 4318880.443, 60
Trd, 4318880.793, 61
Trd, 4318881.443, 63
Trd, 4318882.543, 69
Trd, 4318883.993, 60
Trd, 4318884.393, 60
Trd, 4318884.893, 60
Trd, 4318885.093, 62
Trd, 4318885.643, 60
Trd, 4318885.893, 62
Trd, 4318886.343, 66
Trd, 4318887.493, 69
Trd, 4318889.543, 60
Trd, 4318889.943, 60
Trd, 4318889.993, 60
Trd, 4318892.193, 60
Trd, 4318892.693, 63
Trd, 4318893.493, 64
Trd, 4318893.743, 65
Trd, 4318893.843, 64
Trd, 4318894.443, 63
Trd, 4318894.943, 61
Trd, 4318897.393, 60
Trd, 4318897.493, 60
Trd, 4318897.693, 61
Trd, 4318897.993, 61
Trd, 4318898.143, 60
Trd, 4318898.793, 139
Trd, 4318899.993, 67
Trd, 4318900.293, 66
Trd, 4318901.693, 61
Trd, 4318901.993, 62
Trd, 4318902.143, 61
Trd, 4318902.193, 66
Trd, 4318903.593, 63
Trd, 4318904.293, 130
Trd, 4318906.093, 76
Trd, 4318907.343, 100
Trd, 4318907.493, 100
Trd, 4318908.593, 112
Trd, 4318909.143, 104
Trd, 4318909.293, 103
Trd, 4318910.243, 101
Trd, 4318912.643, 113
Trd, 4318913.243, 109
Trd, 4318913.293, 123
Trd, 4318914.393, 118
Trd, 4318914.443, 117
Trd, 4318914.743, 110
Trd, 4318916.293, 102
Trd, 4318916.443, 100
Trd, 4318916.493, 98
Trd, 4318917.493, 94
Trd, 4318919.893, 120
Trd, 4318922.193, 140
Trd, 4318922.243, 140
Trd, 4318923.143, 140
Trd, 4318923.193, 132
Trd, 4318923.693, 136
Trd, 4318923.743, 132
Trd, 4318923.893, 130
Trd, 4318924.793, 111
Trd, 4318925.993, 95
Trd, 4318928.343, 93
Trd, 4318928.643, 89
Trd, 4318928.993, 87
Trd, 4318929.993, 105
Trd, 4318930.143, 100
Trd, 4318930.193, 93
Trd, 4318930.293, 86
Trd, 4318930.643, 85
Trd, 4318932.893, 139
Trd, 4318933.943, 129
Trd, 4318934.043, 128
Trd, 4318935.243, 120
Trd, 4318935.743, 119
Trd, 4318935.893, 117
Trd, 4318935.993, 113
Trd, 4318936.393, 137
Trd, 4318936.893, 93
Trd, 4318937.993, 64
Trd, 4318938.593, 72
Trd, 4318940.893, 60
Trd, 4318941.043, 60
Trd, 4318941.843, 71
Trd, 4318941.943, 69
Trd, 4318942.093, 64
Trd, 4318944.743, 110
Trd, 4318945.643, 104
Trd, 4318946.243, 104
Trd, 4318946.743, 102
Trd, 4318947.093, 127
Trd, 4318947.393, 93
Trd, 4318948.743, 128
Trd, 4318950.193, 134
Trd, 4318950.543, 127
Trd, 4318951.843, 129
Trd, 4318951.993, 128
Trd, 4318952.693, 116
Trd, 4318952.843, 129
Trd, 4318954.693, 138
Trd, 4318955.143, 128
Trd, 4318955.293, 124
Trd, 4318956.293, 120
Trd, 4318956.393, 119
Trd, 4318956.493, 118
Trd, 4318956.643, 112
Trd, 4318958.643, 68
Trd, 4318959.393, 103
Trd, 4318960.893, 92
Trd, 4318961.543, 95
Trd, 4318962.743, 103
Trd, 4318963.693, 100
Trd, 4318963.843, 90
Trd, 4318964.743, 128
Trd, 4318966.093, 108
Trd, 4318966.343, 107
Trd, 4318966.543, 106
Trd, 4318967.643, 127
Trd, 4318968.443, 120
Trd, 4318971.343, 140
Trd, 4318971.443, 140
Trd, 4318973.193, 140
Trd, 4318973.443, 140
Trd, 4318974.743, 134
Trd, 4318975.143, 137
Trd, 4318975.243, 134
Trd, 4318976.243, 139
Trd, 4318976.543, 127
Trd, 4318976.643, 126
Trd, 4318977.243, 124
Trd, 4318979.093, 130
Trd, 4318979.443, 128
Trd, 4318980.143, 99
Trd, 4318980.443, 92
Trd, 4318981.393, 86
Trd, 4318982.443, 100
Trd, 4318983.543, 60
Trd, 4318984.393, 60
Trd, 4318985.693, 60
Trd, 4318986.593, 60
Trd, 4318986.993, 63
Trd, 4318987.293, 60
Trd, 4318987.793, 62
Trd, 4318988.843, 62
Trd, 4318988.943, 65
Trd, 4318989.743, 63
Trd, 4318990.393, 116
Trd, 4318990.943, 67
Trd, 4318991.343, 67
Trd, 4318992.143, 129
Trd, 4318992.843, 123
Trd, 4318994.143, 122
Trd, 4318994.793, 138
Trd, 4318994.993, 137
Trd, 4318996.693, 139
Trd, 4318997.093, 129
Trd, 4318998.893, 123
Trd, 4318999.043, 122
Trd, 4318999.843, 127
Trd, 4319000.043, 121
Trd, 4319000.093, 120
Trd, 4319001.993, 129
Trd, 4319002.243, 123
Trd, 4319002.493, 120
Trd, 4319003.543, 116
Trd, 4319004.793, 101
Trd, 4319005.493, 99
Trd, 4319005.543, 98
Trd, 4319006.743, 123
Trd, 4319009.043, 138
Trd, 4319009.293, 137
Trd, 4319010.693, 134
Trd, 4319011.343, 140
Trd, 4319012.543, 132
Trd, 4319013.093, 127
Trd, 4319014.043, 126
Trd, 4319014.743, 140
Trd, 4319015.143, 120
Trd, 4319015.593, 120
Trd, 4319015.843, 119
Trd, 4319016.693, 115
Trd, 4319017.293, 116
Trd, 4319017.543, 114
Trd, 4319017.993, 108
Trd, 4319019.693, 84
Trd, 4319020.043, 75
Trd, 4319020.743, 101
Trd, 4319020.993, 101
Trd, 4319021.343, 109
Trd, 4319021.393, 97
Trd, 4319021.743, 70
Trd, 4319023.343, 65
Trd, 4319025.443, 60
Trd, 4319025.693, 60
Trd, 4319026.493, 60
Trd, 4319027.543, 62
Trd, 4319028.043, 64
Trd, 4319028.193, 64
Trd, 4319028.393, 70
Trd, 4319028.443, 75
Trd, 4319028.843, 73
Trd, 4319028.993, 74
Trd, 4319030.593, 70
Trd, 4319031.693, 68
Trd, 4319031.793, 74
Trd, 4319031.893, 75
Trd, 4319032.343, 77
Trd, 4319033.243, 68
Trd, 4319033.693, 65
Trd, 4319034.843, 60
Trd, 4319037.043, 60
Trd, 4319037.843, 60
Trd, 4319039.493, 61
Trd, 4319040.843, 61
Trd, 4319041.993, 65
Trd, 4319042.243, 60
Trd, 4319042.593, 66
Trd, 4319042.943, 66
Trd, 4319043.293, 92
Trd, 4319043.543, 139
Trd, 4319044.643, 95
Trd, 4319045.143, 92
Trd, 4319045.293, 90
Trd, 4319046.693, 140
Trd, 4319046.843, 140
Trd, 4319048.443, 82
Trd, 4319048.593, 81
Trd, 4319048.843, 80
Trd, 4319049.693, 87
Trd, 4319050.343, 77
Trd, 4319050.743, 90
Trd, 4319052.643, 133
Trd, 4319053.143, 139
Trd, 4319054.143, 132
Trd, 4319054.293, 126
Trd, 4319054.843, 128
Trd, 4319055.243, 124
Trd, 4319056.093, 106
Trd, 4319058.893, 117
Trd, 4319059.243, 114
Trd, 4319059.793, 124
Trd, 4319060.493, 130
Trd, 4319061.293, 124
Trd, 4319061.543, 118
Trd, 4319062.243, 117
Trd, 4319063.643, 108
Trd, 4319065.143, 140
Trd, 4319065.493, 140
Trd, 4319066.193, 129
Trd, 4319067.993, 136
Trd, 4319068.393, 133
Trd, 4319068.743, 128
Trd, 4319068.993, 121
Trd, 4319072.343, 139
Trd, 4319072.443, 138
Trd, 4319073.043, 140
Trd, 4319073.843, 140
Trd, 4319074.143, 140
Trd, 4319074.843, 140
Trd, 4319076.093, 140
Trd, 4319076.693, 140
Trd, 4319077.393, 139
Trd, 4319077.543, 131
Trd, 4319078.143, 125
Trd, 4319078.993, 139
Trd, 4319079.793, 107
Trd, 4319080.243, 115
Trd, 4319081.393, 109
Trd, 4319081.443, 103
Trd, 4319082.093, 94
Trd, 4319082.493, 93
Trd, 4319083.293, 94
Trd, 4319083.593, 100
Trd, 4319083.993, 97
Trd, 4319085.643, 136
Trd, 4319087.193, 134
Trd, 4319087.893, 132
Trd, 4319089.743, 133
Trd, 4319089.893, 126
Trd, 4319090.593, 126
Trd, 4319090.943, 140
Trd, 4319091.693, 126
Trd, 4319091.843, 125
Trd, 4319093.643, 110
Trd, 4319093.693, 107
Trd, 4319094.643, 102
Trd, 4319095.443, 104
Trd, 4319095.493, 97
Trd, 4319096.293, 87
Trd, 4319097.443, 125
Trd, 4319098.843, 70
Trd, 4319099.443, 73
Trd, 4319099.893, 69
Trd, 4319099.943, 68
Trd, 4319101.543, 70
Trd, 4319101.593, 71
Trd, 4319101.743, 69
Trd, 4319103.493, 65
Trd, 4319103.643, 68
Trd, 4319105.543, 60
Trd, 4319105.893, 63
Trd, 4319106.993, 62
Trd, 4319107.343, 63
Trd, 4319108.293, 63
Trd, 4319108.743, 65
Trd, 4319108.943, 61
Trd, 4319110.193, 63
Trd, 4319110.643, 62
Trd, 4319110.743, 61
Trd, 4319110.843, 63
Trd, 4319111.743, 65
Trd, 4319111.893, 66
Trd, 4319113.993, 62
Trd, 4319114.293, 61
Trd, 4319115.643, 65
Trd, 4319117.093, 111
Trd, 4319118.393, 114
Trd, 4319118.543, 113
Trd, 4319118.643, 111
Trd, 4319118.843, 108
Trd, 4319119.443, 100
Trd, 4319119.893, 133
Trd, 4319120.543, 132
Trd, 4319121.493, 124
Trd, 4319121.543, 123
Trd, 4319123.743, 123
Trd, 4319124.243, 123
Trd, 4319124.943, 122
Trd, 4319125.043, 129
Trd, 4319125.343, 119
Trd, 4319125.593, 114
Trd, 4319126.293, 103
Trd, 4319127.043, 102
Trd, 4319128.243, 139
Trd, 4319128.543, 130
Trd, 4319128.993, 130
Trd, 4319131.593, 129
Trd, 4319131.743, 127
Trd, 4319132.543, 132
Trd, 4319133.193, 124
Trd, 4319134.393, 124
Trd, 4319134.743, 126
Trd, 4319135.743, 124
Trd, 4319136.043, 123
Trd, 4319136.843, 117
Trd, 4319136.993, 114
Trd, 4319138.443, 112
Trd, 4319138.943, 108
Trd, 4319140.643, 119
Trd, 4319140.893, 122
Trd, 4319141.143, 111
Trd, 4319141.343, 109
Trd, 4319142.743, 60
Trd, 4319142.993, 60
Trd, 4319144.693, 93
Trd, 4319144.793, 79
Trd, 4319145.893, 62
Trd, 4319146.843, 60
Trd, 4319147.043, 60
Trd, 4319148.393, 60
Trd, 4319150.543, 61
Trd, 4319151.693, 60
Trd, 4319152.093, 60
Trd, 4319152.543, 61
Trd, 4319153.393, 61
Trd, 4319153.893, 61
Trd, 4319154.343, 63
Trd, 4319154.993, 60
Trd, 4319155.093, 60
Trd, 4319155.693, 63
Trd, 4319156.443, 80
Trd, 4319157.743, 63
Trd, 4319157.943, 63
Trd, 4319158.543, 66
Trd, 4319159.193, 63
Trd, 4319159.943, 64
Trd, 4319161.493, 110
Trd, 4319162.843, 138
Trd, 4319163.143, 124
Trd, 4319163.593, 125
Trd, 4319164.193, 123
Trd, 4319164.793, 117
Trd, 4319165.543, 117
Trd, 4319166.993, 92
Trd, 4319167.093, 91
Trd, 4319169.043, 137
Trd, 4319169.393, 98
Trd, 4319170.693, 104
Trd, 4319170.893, 103
Trd, 4319172.093, 108
Trd, 4319172.293, 108
Trd, 4319174.243, 134
Trd, 4319174.593, 133
Trd, 4319175.093, 136
Trd, 4319175.543, 136
Trd, 4319176.593, 135
Trd, 4319176.743, 116
Trd, 4319176.993, 133
Trd, 4319178.843, 130
Trd, 4319178.893, 114
Trd, 4319180.043, 109
Trd, 4319180.093, 84
Trd, 4319180.893, 62
Trd, 4319181.643, 89
Trd, 4319181.893, 84
Trd, 4319182.243, 80
Trd, 4319184.693, 138
Trd, 4319184.943, 130
Trd, 4319185.943, 123
Trd, 4319186.393, 116
Trd, 4319186.543, 127
Trd, 4319186.993, 118
Trd, 4319189.243, 119
Trd, 4319189.743, 118
Trd, 4319190.543, 116
Trd, 4319190.843, 139
Trd, 4319192.493, 130
Trd, 4319192.993, 130
Trd, 4319194.643, 136
Trd, 4319194.793, 128
Trd, 4319195.193, 119
Trd, 4319195.243, 118
Trd, 4319195.693, 140
Trd, 4319195.993, 122
Trd, 4319196.443, 140
Trd, 4319198.293, 120
Trd, 4319198.493, 111
Trd, 4319198.943, 100
Trd, 4319200.893, 117
Trd, 4319201.793, 117
Trd, 4319201.843, 116
Trd, 4319201.943, 99
Trd, 4319204.093, 113
Trd, 4319204.443, 112
Trd, 4319205.143, 111
Trd, 4319206.443, 118
Trd, 4319207.293, 139
Trd, 4319207.393, 138
Trd, 4319208.143, 137
Trd, 4319209.193, 125
Trd, 4319210.043, 106
Trd, 4319210.943, 107
Trd, 4319213.243, 60
Trd, 4319213.393, 60
Trd, 4319213.793, 60
Trd, 4319213.843, 60
Trd, 4319214.493, 62
Trd, 4319216.443, 62
Trd, 4319217.043, 64
Trd, 4319217.243, 64
Trd, 4319217.443, 65
Trd, 4319218.193, 65
Trd, 4319218.493, 64
Trd, 4319218.543, 62
Trd, 4319219.093, 76
Trd, 4319221.343, 61
Trd, 4319221.643, 61
Trd, 4319222.493, 62
Trd, 4319222.593, 63
Trd, 4319223.343, 72
Trd, 4319223.593, 70
Trd, 4319224.493, 125
Trd, 4319225.893, 138
Trd, 4319226.393, 138
Trd, 4319226.993, 136
Trd, 4319228.293, 127
Trd, 4319228.743, 126
Trd, 4319230.393, 119
Trd, 4319230.493, 113
Trd, 4319231.393, 66
Trd, 4319232.243, 64
Trd, 4319232.293, 61
Trd, 4319234.143, 60
Trd, 4319234.743, 60
Trd, 4319236.443, 60
Trd, 4319236.493, 60
Trd, 4319236.843, 60
Trd, 4319237.143, 60
Trd, 4319237.743, 63
Trd, 4319238.243, 64
Trd, 4319239.293, 66
Trd, 4319239.993, 67
Trd, 4319240.343, 69
Trd, 4319240.993, 68
Trd, 4319241.693, 99
Trd, 4319242.293, 67
Trd, 4319244.943, 60
Trd, 4319245.793, 60
Trd, 4319245.893, 61
Trd, 4319245.993, 67
Trd, 4319246.793, 79
Trd, 4319247.393, 77
Trd, 4319248.843, 87
Trd, 4319249.393, 85
Trd, 4319249.693, 83
Trd, 4319250.243, 88
Trd, 4319251.743, 94
Trd, 4319252.093, 89
Trd, 4319252.593, 88
Trd, 4319252.693, 118
Trd, 4319255.493, 114
Trd, 4319255.743, 74
Trd, 4319255.993, 73
Trd, 4319256.243, 67
Trd, 4319257.593, 105
Trd, 4319259.143, 83
Trd, 4319260.493, 86
Trd, 4319260.793, 85
Trd, 4319260.993, 105
Trd, 4319261.143, 86
Trd, 4319261.693, 132
Trd, 4319262.843, 79
Trd, 4319263.543, 90
Trd, 4319264.243, 90
Trd, 4319266.093, 135
Trd, 4319267.193, 137
Trd, 4319268.693, 126
Trd, 4319268.743, 114
Trd, 4319269.193, 111
Trd, 4319269.793, 130
Trd, 4319270.693, 129
Trd, 4319271.943, 107
Trd, 4319272.343, 135
Trd, 4319273.043, 68
Trd, 4319274.393, 68
Trd, 4319274.593, 64
Trd, 4319274.743, 60
Trd, 4319276.443, 66
Trd, 4319276.643, 69
Trd, 4319277.743, 62
Trd, 4319278.443, 63
Trd, 4319278.493, 64
Trd, 4319280.593, 60
Trd, 4319280.943, 61
Trd, 4319282.093, 61
Trd, 4319282.293, 62
Trd, 4319284.293, 60
Trd, 4319284.343, 60
Trd, 4319284.543, 60
Trd, 4319284.693, 60
Trd, 4319284.993, 60
Trd, 4319285.343, 60
Trd, 4319286.443, 68
Trd, 4319287.743, 125
Trd, 4319288.193, 124
Trd, 4319288.693, 116
Trd, 4319289.343, 108
Trd, 4319290.693, 109
Trd, 4319290.993, 102
Trd, 4319291.543, 97
Trd, 4319292.193, 95
Trd, 4319292.943, 92
Trd, 4319293.743, 85
Trd, 4319295.293, 90
Trd, 4319295.343, 108
Trd, 4319296.493, 78
Trd, 4319297.593, 140
Trd, 4319298.393, 140
Trd, 4319298.443, 140
Trd, 4319298.693, 133
Trd, 4319298.893, 133
Trd, 4319300.743, 133
Trd, 4319301.243, 125
Trd, 4319302.243, 138
Trd, 4319302.893, 130
Trd, 4319302.943, 123
Trd, 4319303.343, 113
Trd, 4319304.943, 138
Trd, 4319305.743, 134
Trd, 4319305.843, 132
Trd, 4319306.893, 67
Trd, 4319308.193, 61
Trd, 4319308.793, 61
Trd, 4319309.293, 60
Trd, 4319310.493, 60
Trd, 4319310.693, 61
Trd, 4319311.793, 60
Trd, 4319312.043, 61
Trd, 4319312.993, 61
Trd, 4319313.693, 63
Trd, 4319314.093, 64
Trd, 4319314.143, 63
Trd, 4319314.443, 65
Trd, 4319315.243, 65
Trd, 4319315.593, 61
Trd, 4319317.193, 61
Trd, 4319318.643, 60
Trd, 4319318.793, 62
Trd, 4319321.193, 140
Trd, 4319321.293, 130
Trd, 4319321.793, 122
Trd, 4319322.593, 111
Trd, 4319323.043, 106
Trd, 4319324.993, 140
Trd, 4319325.193, 138
Trd, 4319326.743, 128
Trd, 4319327.343, 130
Trd, 4319327.443, 126
Trd, 4319327.493, 81
Trd, 4319327.893, 64
Trd, 4319328.593, 86
Trd, 4319329.443, 140
Trd, 4319329.943, 140
Trd, 4319330.543, 133
Trd, 4319331.943, 138
Trd, 4319333.493, 135
Trd, 4319334.243, 134
Trd, 4319334.593, 120
Trd, 4319334.943, 119
Trd, 4319335.993, 140
Trd, 4319336.943, 140
Trd, 4319338.043, 130
Trd, 4319338.493, 129
Trd, 4319338.693, 129
Trd, 4319339.643, 135
Trd, 4319339.993, 134
Trd, 4319340.393, 95
Trd, 4319342.643, 61
Trd, 4319343.293, 60
Trd, 4319344.743, 60
Trd, 4319345.493, 60
Trd, 4319345.693, 60
Trd, 4319346.893, 65
Trd, 4319346.993, 66
Trd, 4319347.093, 62
Trd, 4319347.893, 60
Trd, 4319348.243, 140
Trd, 4319349.793, 123
Trd, 4319349.943, 120
Trd, 4319352.243, 121
Trd, 4319352.343, 120
Trd, 4319352.793, 119
Trd, 4319353.593, 112
Trd, 4319356.043, 140
Trd, 4319356.143, 139
Trd, 4319356.243, 131
Trd, 4319357.043, 140
Trd, 4319359.743, 140
Trd, 4319359.793, 129
Trd, 4319359.993, 118
Trd, 4319361.193, 138
Trd, 4319361.393, 108
Trd, 4319362.293, 79
Trd, 4319363.743, 86
Trd, 4319363.793, 82
Trd, 4319364.093, 78
Trd, 4319366.193, 60
Trd, 4319366.993, 63
Trd, 4319368.043, 62
Trd, 4319368.393, 60
Trd, 4319368.693, 60
Trd, 4319370.093, 60
Trd, 4319371.143, 62
Trd, 4319371.193, 66
Trd, 4319371.843, 62
Trd, 4319372.393, 68
Trd, 4319373.043, 69
Trd, 4319373.243, 65
Trd, 4319373.543, 66
Trd, 4319373.843, 65
Trd, 4319373.893, 64
Trd, 4319375.193, 69
Trd, 4319377.393, 60
Trd, 4319378.243, 60
Trd, 4319379.443, 62
Trd, 4319379.693, 64
Trd, 4319379.743, 65
Trd, 4319380.493, 65
Trd, 4319381.293, 67
Trd, 4319381.943, 116
Trd, 4319382.043, 64
Trd, 4319382.843, 120
Trd, 4319383.143, 88
Trd, 4319383.493, 84
Trd, 4319384.543, 101
Trd, 4319385.393, 93
Trd, 4319386.343, 93
Trd, 4319386.843, 112
Trd, 4319387.843, 93
Trd, 4319388.343, 93
Trd, 4319388.643, 99
Trd, 4319389.043, 105
Trd, 4319389.493, 105
Trd, 4319390.543, 114
Trd, 4319391.043, 106
Trd, 4319392.093, 115
Trd, 4319392.293, 103
Trd, 4319392.443, 96
Trd, 4319393.043, 124
Trd, 4319394.143, 63
Trd, 4319394.893, 64
Trd, 4319394.943, 65
Trd, 4319395.693, 63
Trd, 4319396.343, 98
Trd, 4319396.393, 74
Trd, 4319396.443, 65
Trd, 4319397.143, 62
Trd, 4319397.743, 71
Trd, 4319400.793, 60
Trd, 4319401.893, 60
Trd, 4319402.343, 60
Trd, 4319402.493, 60
Trd, 4319403.143, 60
Trd, 4319405.793, 60
Trd, 4319406.293, 60
Trd, 4319407.143, 60
Trd, 4319408.043, 61
Trd, 4319408.793, 60
Trd, 4319409.293, 60
Trd, 4319409.493, 61
Trd, 4319409.693, 62
Trd, 4319410.193, 76
Trd, 4319411.193, 68
Trd, 4319411.943, 71
Trd, 4319412.593, 67
Trd, 4319412.743, 90
Trd, 4319413.743, 71
Trd, 4319415.593, 61
Trd, 4319416.693, 60
Trd, 4319419.043, 60
Trd, 4319420.793, 60
Trd, 4319420.943, 60
Trd, 4319421.343, 60
Trd, 4319421.443, 78
Trd, 4319422.593, 62
Trd, 4319422.993, 63
Trd, 4319423.143, 60
Trd, 4319424.293, 62
Trd, 4319424.443, 61
Trd, 4319425.243, 91
Trd, 4319426.493, 133
Trd, 4319427.293, 130
Trd, 4319427.843, 124
Trd, 4319429.593, 121
Trd, 4319429.893, 120
Trd, 4319430.093, 114
Trd, 4319433.143, 131
Trd, 4319433.893, 128
Trd, 4319434.343, 128
Trd, 4319434.743, 128
Trd, 4319435.293, 128
Trd, 4319435.543, 116
Trd, 4319435.593, 115
Trd, 4319435.693, 109
Trd, 4319436.193, 121
Trd, 4319436.543, 100
Trd, 4319436.943, 60
Trd, 4319439.493, 90
Trd, 4319439.993, 88
Trd, 4319440.293, 99
Trd, 4319440.793, 83
Trd, 4319441.143, 98
Trd, 4319441.243, 71
Trd, 4319443.093, 60
Trd, 4319443.493, 64
Trd, 4319444.943, 70
Trd, 4319445.343, 73
Trd, 4319446.443, 123
Trd, 4319447.493, 122
Trd, 4319447.593, 120
Trd, 4319448.443, 122
Trd, 4319448.543, 118
Trd, 4319448.593, 117
Trd, 4319449.043, 113
Trd, 4319449.793, 112
Trd, 4319450.843, 100
Trd, 4319452.143, 101
Trd, 4319452.743, 95
Trd, 4319452.793, 87
Trd, 4319454.843, 140
Trd, 4319456.043, 125
Trd, 4319456.393, 124
Trd, 4319456.643, 118
Trd, 4319457.793, 96
Trd, 4319457.943, 93
Trd, 4319458.243, 91
Trd, 4319460.593, 98
Trd, 4319461.143, 139
Trd, 4319461.743, 118
Trd, 4319462.293, 112
Trd, 4319462.343, 110
Trd, 4319463.893, 98
Trd, 4319464.493, 97
Trd, 4319467.043, 140
Trd, 4319467.293, 132
Trd, 4319468.543, 131
Trd, 4319468.993, 130
Trd, 4319469.643, 130
Trd, 4319469.843, 129
Trd, 4319470.143, 109
Trd, 4319470.693, 116
Trd, 4319471.193, 90
Trd, 4319471.993, 68
Trd, 4319473.093, 62
Trd, 4319474.743, 60
Trd, 4319474.993, 63
Trd, 4319475.643, 65
Trd, 4319476.393, 65
Trd, 4319476.843, 61
Trd, 4319477.043, 62
Trd, 4319477.343, 66
Trd, 4319477.393, 67
Trd, 4319478.043, 124
Trd, 4319478.893, 128
Trd, 4319478.993, 114
Trd, 4319483.743, 60
Trd, 4319484.693, 60
Trd, 4319484.943, 61
Trd, 4319485.243, 62
Trd, 4319485.693, 61
Trd, 4319485.793, 64
Trd, 4319486.143, 61
Trd, 4319486.293, 63
Trd, 4319487.993, 60
Trd, 4319488.743, 61
Trd, 4319488.893, 60
Trd, 4319489.993, 64
Trd, 4319490.093, 61
Trd, 4319490.643, 63
Trd, 4319491.293, 62
Trd, 4319492.343, 68
Trd, 4319492.943, 73
Trd, 4319493.493, 125
Trd, 4319493.743, 124
Trd, 4319494.943, 130
Trd, 4319495.543, 115
Trd, 4319496.143, 115
Trd, 4319496.843, 114
Trd, 4319498.843, 121
Trd, 4319499.943, 123
Trd, 4319499.993, 122
Trd, 4319501.943, 125
Trd, 4319502.293, 127
Trd, 4319502.693, 119
Trd, 4319502.743, 116
Trd, 4319503.793, 111
Trd, 4319503.893, 106
Trd, 4319504.643, 106
Trd, 4319505.943, 103
Trd, 4319506.993, 137
Trd, 4319507.893, 123
Trd, 4319507.943, 122
Trd, 4319508.643, 124
Trd, 4319509.093, 108
Trd, 4319509.193, 93
Trd, 4319510.143, 134
Trd, 4319511.093, 136
Trd, 4319511.943, 139
Trd, 4319512.993, 113
Trd, 4319514.293, 115
Trd, 4319514.893, 110
Trd, 4319515.243, 109
Trd, 4319516.743, 110
Trd, 4319517.543, 106
Trd, 4319518.593, 137
Trd, 4319519.043, 130
Trd, 4319519.693, 134
Trd, 4319520.643, 120
Trd, 4319520.743, 110
Trd, 4319522.593, 101
Trd, 4319522.893, 99
Trd, 4319523.293, 97
Trd, 4319523.893, 124
Trd, 4319524.193, 61
Trd, 4319526.193, 60
Trd, 4319527.693, 60
Trd, 4319528.343, 60
Trd, 4319528.443, 60
Trd, 4319528.543, 61
Trd, 4319529.043, 64
Trd, 4319529.093, 63
Trd, 4319531.043, 116
Trd, 4319531.443, 115
Trd, 4319532.693, 111
Trd, 4319533.693, 107
Trd, 4319534.943, 109
Trd, 4319535.793, 137
Trd, 4319536.143, 107
Trd, 4319536.443, 101
Trd, 4319536.493, 98
Trd, 4319538.493, 140
Trd, 4319538.593, 140
Trd, 4319539.043, 131
Trd, 4319539.693, 111
Trd, 4319540.143, 110
Trd, 4319541.643, 60
Trd, 4319542.093, 61
Trd, 4319543.193, 60
Trd, 4319543.843, 61
Trd, 4319544.043, 64
Trd, 4319545.043, 61
Trd, 4319545.243, 62
Trd, 4319546.693, 135
Trd, 4319547.193, 129
Trd, 4319547.393, 128
Trd, 4319547.543, 123
Trd, 4319548.543, 93
Trd, 4319548.643, 92
Trd, 4319550.043, 134
Trd, 4319551.743, 140
Trd, 4319552.243, 140
Trd, 4319552.893, 140
Trd, 4319553.693, 140
Trd, 4319555.143, 140
Trd, 4319555.193, 140
Trd, 4319555.843, 140
Trd, 4319556.743, 140
Trd, 4319556.843, 131
Trd, 4319559.193, 137
Trd, 4319559.893, 130
Trd, 4319560.693, 125
Trd, 4319560.743, 120
Trd, 4319560.843, 112
Trd, 4319563.693, 139
Trd, 4319564.243, 140
Trd, 4319564.893, 136
Trd, 4319565.093, 133
Trd, 4319565.943, 131
Trd, 4319566.443, 130
Trd, 4319566.743, 125
Trd, 4319566.843, 123
Trd, 4319567.143, 112
Trd, 4319568.143, 121
Trd, 4319569.343, 112
Trd, 4319569.943, 110
Trd, 4319570.093, 106
Trd, 4319571.443, 92
Trd, 4319571.493, 91
Trd, 4319571.743, 108
Trd, 4319572.193, 109
Trd, 4319573.693, 140
Trd, 4319574.293, 140
Trd, 4319575.793, 140
Trd, 4319577.193, 140
Trd, 4319577.493, 140
Trd, 4319578.093, 139
Trd, 4319578.293, 131
Trd, 4319578.543, 121
Trd, 4319579.893, 130
Trd, 4319580.243, 112
Trd, 4319580.643, 109
Trd, 4319582.343, 125
Trd, 4319582.893, 114
Trd, 4319583.543, 130
Trd, 4319583.693, 130
Trd, 4319585.143, 105
Trd, 4319586.793, 132
Trd, 4319586.843, 122
Trd, 4319588.043, 110
Trd, 4319588.143, 108
Trd, 4319588.793, 108
Trd, 4319589.143, 123
Trd, 4319590.043, 125
Trd, 4319590.593, 124
Trd, 4319591.843, 123
Trd, 4319592.643, 113
Trd, 4319592.743, 112
Trd, 4319593.343, 105
Trd, 4319594.443, 131
Trd, 4319594.493, 124
Trd, 4319595.743, 100
Trd, 4319595.893, 99
Trd, 4319598.243, 106
Trd, 4319599.693, 134
Trd, 4319599.893, 123
Trd, 4319600.193, 122
Trd, 4319601.843, 115
Trd, 4319602.143, 114
Trd, 4319602.943, 93
Trd, 4319604.993, 90
Trd, 4319605.393, 138
Trd, 4319605.793, 82
Trd, 4319606.193, 88
Trd, 4319607.793, 124
Trd, 4319607.843, 123
Trd, 4319607.943, 121
Trd, 4319609.293, 119
Trd, 4319610.393, 120
Trd, 4319611.993, 128
Trd, 4319612.143, 126
Trd, 4319612.243, 119
Trd, 4319612.693, 120
Trd, 4319615.243, 134
Trd, 4319615.443, 129
Trd, 4319615.693, 137
Trd, 4319616.843, 135
Trd, 4319617.343, 134
Trd, 4319617.943, 135
Trd, 4319618.243, 74
Trd, 4319619.393, 120
Trd, 4319619.943, 60
Trd, 4319620.243, 78
Trd, 4319621.093, 60
Trd, 4319622.143, 61
Trd, 4319622.793, 66
Trd, 4319622.993, 70
Trd, 4319624.343, 85
Trd, 4319624.643, 85
Trd, 4319625.143, 81
Trd, 4319626.943, 128
Trd, 4319627.043, 126
Trd, 4319628.393, 124
Trd, 4319629.443, 124
Trd, 4319629.893, 112
Trd, 4319630.393, 102
Trd, 4319632.093, 62
Trd, 4319632.593, 63
Trd, 4319633.493, 78
Trd, 4319634.043, 64
Trd, 4319634.593, 64
Trd, 4319636.293, 60
Trd, 4319637.343, 60
Trd, 4319637.543, 60
Trd, 4319638.393, 60
Trd, 4319638.443, 60
Trd, 4319638.493, 62
Trd, 4319638.743, 64
Trd, 4319639.093, 65
Trd, 4319640.243, 65
Trd, 4319640.293, 64
Trd, 4319640.943, 67
Trd, 4319641.643, 70
Trd, 4319644.893, 60
Trd, 4319644.993, 60
Trd, 4319645.943, 60
Trd, 4319646.443, 60
Trd, 4319646.643, 60
Trd, 4319649.393, 62
Trd, 4319649.593, 63
Trd, 4319649.893, 69
Trd, 4319650.393, 138
Trd, 4319651.443, 128
Trd, 4319652.843, 137
Trd, 4319653.243, 136
Trd, 4319653.943, 129
Trd, 4319654.943, 132
Trd, 4319655.693, 125
Trd, 4319655.843, 124
Trd, 4319655.993, 108
Trd, 4319657.393, 61
Trd, 4319657.943, 60
Trd, 4319658.393, 60
Trd, 4319658.443, 60
Trd, 4319658.543, 63
Trd, 4319658.793, 71
Trd, 4319660.393, 140
Trd, 4319661.543, 129
Trd, 4319662.743, 128
Trd, 4319662.943, 114
Trd, 4319663.893, 128
Trd, 4319664.793, 124
Trd, 4319665.643, 125
Trd, 4319666.243, 117
Trd, 4319667.493, 140
Trd, 4319667.743, 71
Trd, 4319669.743, 60
Trd, 4319669.843, 60
Trd, 4319670.243, 61
Trd, 4319670.293, 65
Trd, 4319670.743, 61
Trd, 4319672.043, 64
Trd, 4319672.093, 62
Trd, 4319672.143, 66
Trd, 4319672.943, 62
Trd, 4319673.343, 64
Trd, 4319677.093, 66
Trd, 4319679.093, 60
Trd, 4319679.143, 60
Trd, 4319679.193, 61
Trd, 4319679.293, 64
Trd, 4319679.543, 62
Trd, 4319679.943, 62
Trd, 4319680.293, 65
Trd, 4319680.393, 101
Trd, 4319681.093, 62
Trd, 4319681.493, 62
Trd, 4319681.993, 61
Trd, 4319682.543, 62
Trd, 4319685.043, 60
Trd, 4319685.743, 62
Trd, 4319685.893, 63
Trd, 4319686.043, 63
Trd, 4319686.193, 64
Trd, 4319686.393, 66
Trd, 4319686.743, 67
Trd, 4319687.093, 67
Trd, 4319689.393, 112
Trd, 4319689.793, 125
Trd, 4319689.893, 111
Trd, 4319690.793, 77
Trd, 4319693.443, 123
Trd, 4319693.643, 122
Trd, 4319694.193, 133
Trd, 4319694.793, 105
Trd, 4319694.993, 98
Trd, 4319696.243, 60
Trd, 4319697.893, 128
Trd, 4319698.143, 123
Trd, 4319698.393, 114
Trd, 4319698.993, 114
Trd, 4319701.043, 126
Trd, 4319702.193, 140
Trd, 4319702.643, 117
Trd, 4319702.843, 111
Trd, 4319704.243, 105
Trd, 4319704.743, 105
Trd, 4319704.893, 100
Trd, 4319705.343, 98
Trd, 4319705.543, 97
Trd, 4319706.493, 96
Trd, 4319706.643, 94
Trd, 4319707.693, 77
Trd, 4319708.193, 77
Trd, 4319708.643, 61
Trd, 4319710.043, 139
Trd, 4319711.043, 66
Trd, 4319711.593, 67
Trd, 4319711.993, 66
Trd, 4319712.043, 67
Trd, 4319712.893, 125
Trd, 4319714.093, 66
Trd, 4319714.493, 65
Trd, 4319714.743, 71
Trd, 4319716.593, 66
Trd, 4319717.693, 84
Trd, 4319717.743, 83
Trd, 4319718.543, 128
Trd, 4319718.943, 87
Trd, 4319719.693, 84
Trd, 4319720.093, 83
Trd, 4319722.443, 132
Trd, 4319722.593, 132
Trd, 4319723.143, 121
Trd, 4319723.293, 120
Trd, 4319724.243, 140
Trd, 4319725.443, 140
Trd, 4319725.893, 138
Trd, 4319726.893, 138
Trd, 4319727.043, 137
Trd, 4319727.993, 133
Trd, 4319728.793, 126
Trd, 4319729.743, 124
Trd, 4319730.143, 122
Trd, 4319730.643, 133
Trd, 4319731.043, 112
Trd, 4319731.693, 136
Trd, 4319732.993, 105
Trd, 4319733.543, 104
Trd, 4319733.693, 102
Trd, 4319733.993, 100
Trd, 4319735.143, 113
Trd, 4319736.593, 102
Trd, 4319737.443, 113
Trd, 4319737.643, 100
Trd, 4319738.243, 97
Trd, 4319739.143, 94
Trd, 4319739.193, 93
Trd, 4319741.143, 139
Trd, 4319741.993, 127
Trd, 4319743.493, 131
Trd, 4319745.093, 140
Trd, 4319745.343, 139
Trd, 4319745.893, 137
Trd, 4319746.193, 130
Trd, 4319746.493, 125
Trd, 4319746.993, 118
Trd, 4319748.593, 117
Trd, 4319748.893, 107
Trd, 4319750.393, 80
Trd, 4319750.643, 138
Trd, 4319752.593, 113
Trd, 4319752.793, 138
Trd, 4319753.143, 113
Trd, 4319754.393, 115
Trd, 4319755.743, 102
Trd, 4319756.943, 134
Trd, 4319757.243, 91
Trd, 4319758.543, 87
Trd, 4319759.143, 79
Trd, 4319759.393, 93
Trd, 4319759.793, 79
Trd, 4319760.143, 79
Trd, 4319760.193, 104
Trd, 4319761.343, 82
Trd, 4319763.043, 65
Trd, 4319763.843, 68
Trd, 4319765.143, 68
Trd, 4319766.543, 82
Trd, 4319766.643, 99
Trd, 4319767.843, 84
Trd, 4319768.693, 99
Trd, 4319768.743, 84
Trd, 4319769.593, 97
Trd, 4319770.643, 129
Trd, 4319771.243, 111
Trd, 4319773.043, 111
Trd, 4319773.693, 114
Trd, 4319773.793, 110
Trd, 4319774.393, 104
Trd, 4319776.393, 137
Trd, 4319777.093, 135
Trd, 4319778.993, 129
Trd, 4319779.343, 135
Trd, 4319779.893, 125
Trd, 4319780.243, 134
Trd, 4319780.643, 123
Trd, 4319780.693, 122
Trd, 4319781.543, 116
Trd, 4319783.043, 114
Trd, 4319783.793, 108
Trd, 4319783.843, 107
Trd, 4319784.143, 107
Trd, 4319785.743, 108
Trd, 4319786.643, 125
Trd, 4319787.593, 121
Trd, 4319787.643, 119
Trd, 4319787.693, 118
Trd, 4319788.793, 93
Trd, 4319788.893, 92
Trd, 4319789.343, 119
Trd, 4319792.543, 61
Trd, 4319793.043, 60
Trd, 4319793.593, 61
Trd, 4319795.393, 113
Trd, 4319795.693, 107
Trd, 4319795.993, 99
Trd, 4319796.693, 111
Trd, 4319797.293, 110
Trd, 4319797.743, 100
Trd, 4319798.193, 101
Trd, 4319800.843, 140
Trd, 4319801.843, 136
Trd, 4319803.043, 138
Trd, 4319803.243, 136
Trd, 4319803.443, 135
Trd, 4319803.693, 125
Trd, 4319804.443, 126
Trd, 4319806.143, 118
Trd, 4319806.443, 113
Trd, 4319806.693, 112
Trd, 4319807.293, 123
Trd, 4319807.743, 124
Trd, 4319809.243, 126
Trd, 4319809.343, 120
Trd, 4319809.993, 129
Trd, 4319810.343, 94
Trd, 4319811.893, 137
Trd, 4319813.293, 140
Trd, 4319813.543, 140
Trd, 4319814.843, 140
Trd, 4319815.243, 140
Trd, 4319816.143, 140
Trd, 4319816.343, 131
Trd, 4319817.443, 140
Trd, 4319817.493, 84
Trd, 4319817.793, 78
Trd, 4319818.293, 126
Trd, 4319820.243, 139
Trd, 4319820.643, 139
Trd, 4319821.243, 132
Trd, 4319822.143, 124
Trd, 4319823.843, 114
Trd, 4319824.193, 111
Trd, 4319824.393, 111
Trd, 4319825.593, 113
Trd, 4319825.693, 118
Trd, 4319826.293, 107
Trd, 4319826.993, 113
Trd, 4319827.643, 101
Trd, 4319827.693, 116
Trd, 4319828.193, 96
Trd, 4319828.293, 118
Trd, 4319830.993, 62
Trd, 4319831.343, 64
Trd, 4319832.393, 63
Trd, 4319835.193, 60
Trd, 4319835.393, 60
Trd, 4319835.593, 61
Trd, 4319835.843, 61
Trd, 4319837.093, 60
Trd, 4319837.993, 60
Trd, 4319838.143, 61
Trd, 4319838.643, 64
Trd, 4319839.293, 62
Trd, 4319839.593, 69
Trd, 4319841.543, 139
Trd, 4319841.843, 139
Trd, 4319843.043, 140
Trd, 4319843.793, 140
Trd, 4319843.993, 138
Trd, 4319844.343, 131
Trd, 4319845.893, 121
Trd, 4319846.593, 113
Trd, 4319847.643, 137
Trd, 4319847.743, 137
Trd, 4319847.993, 136
Trd, 4319848.743, 136
Trd, 4319850.043, 122
Trd, 4319850.843, 109
Trd, 4319851.543, 128
Trd, 4319851.843, 97
Trd, 4319853.543, 124
Trd, 4319853.943, 103
Trd, 4319855.243, 100
Trd, 4319855.443, 99
Trd, 4319857.743, 138
Trd, 4319858.043, 137
Trd, 4319858.243, 128
Trd, 4319858.693, 116
Trd, 4319860.943, 140
Trd, 4319861.443, 137
Trd, 4319861.593, 136
Trd, 4319863.693, 140
Trd, 4319863.893, 139
Trd, 4319864.343, 129
Trd, 4319864.543, 117
Trd, 4319865.143, 88
Trd, 4319868.043, 134
Trd, 4319868.743, 137
Trd, 4319869.343, 137
Trd, 4319869.743, 128
Trd, 4319869.893, 127
Trd, 4319871.043, 136
Trd, 4319871.993, 124
Trd, 4319872.943, 115
Trd, 4319873.693, 114
Trd, 4319874.093, 108
Trd, 4319875.693, 101
Trd, 4319876.643, 98
Trd, 4319877.093, 128
Trd, 4319878.893, 120
Trd, 4319880.593, 128
Trd, 4319881.493, 129
Trd, 4319881.593, 128
Trd, 4319882.493, 121
Trd, 4319882.543, 116
Trd, 4319883.193, 118
Trd, 4319884.193, 111
Trd, 4319884.843, 80
Trd, 4319885.243, 79
Trd, 4319885.593, 78
Trd, 4319886.193, 120
Trd, 4319886.693, 118
Trd, 4319886.743, 113
Trd, 4319889.193, 126
Trd, 4319889.493, 123
Trd, 4319889.643, 116
Trd, 4319890.193, 70
Trd, 4319892.343, 64
Trd, 4319893.643, 60
Trd, 4319893.893, 63
Trd, 4319894.743, 65
Trd, 4319897.193, 60
Trd, 4319897.543, 60
Trd, 4319898.393, 62
Trd, 4319898.593, 63
Trd, 4319899.043, 61
Trd, 4319899.593, 64
Trd, 4319899.793, 60
Trd, 4319899.843, 65
Trd, 4319900.693, 122
Trd, 4319901.543, 122
Trd, 4319901.893, 102
Trd, 4319902.293, 89
Trd, 4319902.593, 84
Trd, 4319903.043, 123
Trd, 4319905.393, 80
Trd, 4319906.293, 78
Trd, 4319906.693, 79
Trd, 4319906.843, 74
Trd, 4319906.893, 118
Trd, 4319908.793, 122
Trd, 4319909.043, 121
Trd, 4319910.343, 120
Trd, 4319911.293, 121
Trd, 4319911.593, 124
Trd, 4319911.893, 113
Trd, 4319912.393, 109
Trd, 4319914.393, 140
Trd, 4319914.993, 132
Trd, 4319915.143, 131
Trd, 4319915.543, 130
Trd, 4319915.643, 125
Trd, 4319917.943, 130
Trd, 4319918.443, 118
Trd, 4319918.843, 119
Trd, 4319918.993, 118
Trd, 4319920.493, 120
Trd, 4319920.643, 117
Trd, 4319920.943, 111
Trd, 4319922.093, 106
Trd, 4319922.843, 105
Trd, 4319923.093, 103
Trd, 4319923.993, 103
Trd, 4319924.743, 101
Trd, 4319925.193, 133
Trd, 4319926.693, 118
Trd, 4319927.493, 118
Trd, 4319928.493, 110
Trd, 4319928.793, 105
Trd, 4319929.043, 117
Trd, 4319929.943, 106
Trd, 4319930.043, 105
Trd, 4319931.743, 76
Trd, 4319933.043, 78
Trd, 4319934.343, 75
Trd, 4319934.743, 126
Trd, 4319934.993, 75
Trd, 4319935.543, 73
Trd, 4319935.593, 71
Trd, 4319936.443, 136
Trd, 4319936.643, 115
Trd, 4319937.293, 67
Trd, 4319938.743, 68
Trd, 4319939.943, 104
Trd, 4319940.493, 63
Trd, 4319941.543, 69
Trd, 4319942.343, 64
Trd, 4319943.093, 68
Trd, 4319943.993, 67
Trd, 4319944.243, 98
Trd, 4319944.593, 97
Trd, 4319945.093, 140
Trd, 4319945.593, 98
Trd, 4319947.043, 92
Trd, 4319948.493, 137
Trd, 4319949.343, 97
Trd, 4319949.693, 95
Trd, 4319950.343, 92
Trd, 4319950.493, 91
Trd, 4319951.543, 63
Trd, 4319952.793, 140
Trd, 4319953.793, 140
Trd, 4319954.643, 133
Trd, 4319955.743, 130
Trd, 4319957.043, 129
Trd, 4319957.243, 122
Trd, 4319958.293, 122
Trd, 4319958.593, 121
Trd, 4319958.743, 117
Trd, 4319959.643, 124
Trd, 4319959.993, 126
Trd, 4319961.343, 115
Trd, 4319961.493, 114
Trd, 4319962.143, 103
Trd, 4319963.093, 97
Trd, 4319964.193, 92
Trd, 4319964.543, 127
Trd, 4319964.793, 92
Trd, 4319965.093, 91
Trd, 4319966.593, 101
Trd, 4319966.643, 91
Trd, 4319967.043, 123
Trd, 4319967.193, 87
Trd, 4319968.543, 61
Trd, 4319968.993, 60
Trd, 4319970.943, 60
Trd, 4319971.143, 60
Trd, 4319972.143, 60
Trd, 4319972.443, 60
Trd, 4319972.993, 60
Trd, 4319974.193, 60
Trd, 4319974.293, 60
Trd, 4319974.943, 61
Trd, 4319975.893, 67
Trd, 4319977.093, 60
Trd, 4319977.143, 66
Trd, 4319977.443, 66
Trd, 4319978.893, 74
Trd, 4319979.593, 78
Trd, 4319979.943, 76
Trd, 4319980.093, 74
Trd, 4319980.393, 73
Trd, 4319982.243, 132
Trd, 4319982.443, 131
Trd, 4319982.493, 128
Trd, 4319985.193, 139
Trd, 4319985.293, 138
Trd, 4319985.443, 127
Trd, 4319986.243, 131
Trd, 4319986.293, 125
Trd, 4319988.543, 60
Trd, 4319990.743, 60
Trd, 4319991.743, 60
Trd, 4319991.893, 66
Trd, 4319993.093, 65
Trd, 4319993.393, 67
Trd, 4319993.443, 66
Trd, 4319993.593, 65
Trd, 4319993.993, 66
Trd, 4319994.943, 70
Trd, 4319995.493, 67
Trd, 4319996.543, 100
Trd, 4319996.693, 99
Trd, 4319997.993, 131
Trd, 4319998.593, 129
