Trd, 4318157.893, 140
Trd, 4318158.143, 140
Trd, 4318158.793, 139
Trd, 4318158.993, 116
Trd, 4318160.593, 140
Trd, 4318161.193, 138
Trd, 4318161.443, 138
Trd, 4318161.593, 94
Trd, 4318162.093, 136
Trd, 4318162.143, 98
Trd, 4318163.643, 107
Trd, 4318163.993, 140
Trd, 4318165.043, 140
Trd, 4318165.343, 140
Trd, 4318165.843, 139
Trd, 4318167.143, 140
Trd, 4318167.393, 140
Trd, 4318167.593, 140
Trd, 4318168.993, 140
Trd, 4318170.443, 140
Trd, 4318170.793, 140
Trd, 4318170.843, 122
Trd, 4318171.443, 71
Trd, 4318172.093, 70
Trd, 4318173.043, 133
Trd, 4318174.743, 140
Trd, 4318174.793, 140
Trd, 4318175.393, 140
Trd, 4318175.993, 140
Trd, 4318177.843, 140
Trd, 4318178.243, 140
Trd, 4318178.293, 136
Trd, 4318178.393, 106
Trd, 4318178.943, 93
Trd, 4318179.343, 140
Trd, 4318181.043, 139
Trd, 4318181.543, 61
Trd, 4318181.943, 65
Trd, 4318182.593, 64
Trd, 4318182.743, 66
Trd, 4318183.593, 76
Trd, 4318184.543, 116
Trd, 4318184.743, 75
Trd, 4318184.843, 73
Trd, 4318185.943, 140
Trd, 4318185.993, 140
Trd, 4318186.593, 138
Trd, 4318186.743, 89
Trd, 4318189.043, 140
Trd, 4318189.593, 140
Trd, 4318190.043, 140
Trd, 4318190.543, 140
Trd, 4318190.643, 140
Trd, 4318191.293, 138
Trd, 4318191.793, 111
Trd, 4318192.393, 138
Trd, 4318193.143, 99
Trd, 4318193.243, 98
Trd, 4318194.743, 140
Trd, 4318195.393, 138
Trd, 4318196.743, 140
Trd, 4318196.893, 138
Trd, 4318196.993, 137
Trd, 4318197.793, 122
Trd, 4318200.593, 140
Trd, 4318200.743, 140
Trd, 4318200.893, 140
Trd, 4318201.093, 140
Trd, 4318201.893, 140
Trd, 4318203.593, 140
Trd, 4318203.993, 140
Trd, 4318204.243, 140
Trd, 4318204.443, 140
Trd, 4318204.793, 140
Trd, 4318205.493, 139
Trd, 4318205.643, 117
Trd, 4318206.143, 138
Trd, 4318206.443, 101
Trd, 4318208.393, 61
Trd, 4318209.443, 60
Trd, 4318209.643, 61
Trd, 4318210.843, 60
Trd, 4318210.893, 61
Trd, 4318210.993, 70
Trd, 4318211.643, 114
Trd, 4318214.393, 60
Trd, 4318214.643, 60
Trd, 4318214.993, 60
Trd, 4318215.293, 60
Trd, 4318215.493, 60
Trd, 4318215.893, 60
Trd, 4318217.343, 61
Trd, 4318217.493, 60
Trd, 4318217.693, 61
Trd, 4318218.093, 60
Trd, 4318219.243, 66
Trd, 4318220.443, 60
Trd, 4318220.643, 62
Trd, 4318221.143, 62
Trd, 4318221.643, 64
Trd, 4318222.543, 60
Trd, 4318222.593, 61
Trd, 4318224.243, 61
Trd, 4318224.593, 62
Trd, 4318226.243, 60
Trd, 4318226.693, 62
Trd, 4318227.393, 60
Trd, 4318228.443, 60
Trd, 4318228.893, 60
Trd, 4318229.543, 64
Trd, 4318230.343, 71
Trd, 4318230.943, 139
Trd, 4318231.343, 140
Trd, 4318233.593, 137
Trd, 4318233.893, 138
Trd, 4318234.893, 139
Trd, 4318235.243, 138
Trd, 4318236.493, 137
Trd, 4318236.693, 105
Trd, 4318237.043, 99
Trd, 4318238.743, 140
Trd, 4318239.093, 140
Trd, 4318239.793, 140
Trd, 4318240.143, 140
Trd, 4318241.143, 131
Trd, 4318241.743, 82
Trd, 4318242.293, 107
Trd, 4318244.243, 60
Trd, 4318245.193, 61
Trd, 4318245.243, 62
Trd, 4318245.993, 69
Trd, 4318246.843, 64
Trd, 4318246.943, 68
Trd, 4318247.443, 69
Trd, 4318248.993, 140
Trd, 4318249.043, 139
Trd, 4318249.143, 138
Trd, 4318249.993, 80
Trd, 4318250.643, 139
Trd, 4318251.943, 140
Trd, 4318252.193, 119
Trd, 4318252.493, 140
Trd, 4318253.143, 77
Trd, 4318253.593, 139
Trd, 4318254.443, 75
Trd, 4318254.593, 140
Trd, 4318256.043, 62
Trd, 4318256.993, 140
Trd, 4318257.343, 140
Trd, 4318257.943, 140
Trd, 4318258.193, 140
Trd, 4318258.793, 121
Trd, 4318259.243, 125
Trd, 4318259.993, 140
Trd, 4318261.243, 140
Trd, 4318261.943, 140
Trd, 4318262.593, 140
Trd, 4318262.643, 137
Trd, 4318263.993, 139
Trd, 4318264.393, 139
Trd, 4318264.693, 99
Trd, 4318265.393, 62
Trd, 4318266.493, 64
Trd, 4318267.043, 70
Trd, 4318267.643, 71
Trd, 4318268.143, 116
Trd, 4318268.993, 139
Trd, 4318269.593, 140
Trd, 4318270.043, 140
Trd, 4318270.943, 140
Trd, 4318272.393, 140
Trd, 4318272.793, 140
Trd, 4318273.393, 140
Trd, 4318273.593, 140
Trd, 4318273.743, 140
Trd, 4318273.843, 139
Trd, 4318275.493, 139
Trd, 4318276.243, 139
Trd, 4318277.743, 140
Trd, 4318277.943, 140
Trd, 4318278.693, 140
Trd, 4318279.093, 139
Trd, 4318280.193, 140
Trd, 4318281.493, 140
Trd, 4318281.843, 140
Trd, 4318282.393, 140
Trd, 4318283.343, 140
Trd, 4318283.743, 83
Trd, 4318284.043, 61
Trd, 4318284.493, 140
Trd, 4318285.343, 140
Trd, 4318285.893, 140
Trd, 4318285.993, 140
Trd, 4318286.843, 140
Trd, 4318287.243, 139
Trd, 4318287.943, 140
Trd, 4318288.243, 100
Trd, 4318290.343, 140
Trd, 4318290.543, 138
Trd, 4318290.943, 140
Trd, 4318291.693, 140
Trd, 4318291.943, 140
Trd, 4318293.893, 140
Trd, 4318294.043, 140
Trd, 4318294.293, 140
Trd, 4318296.043, 138
Trd, 4318296.143, 135
Trd, 4318296.693, 139
Trd, 4318297.743, 140
Trd, 4318297.993, 138
Trd, 4318298.343, 137
Trd, 4318300.293, 132
Trd, 4318300.393, 131
Trd, 4318300.593, 117
Trd, 4318301.093, 99
Trd, 4318301.343, 96
Trd, 4318302.743, 140
Trd, 4318303.993, 140
Trd, 4318304.143, 139
Trd, 4318304.493, 136
Trd, 4318304.793, 136
Trd, 4318305.993, 137
Trd, 4318307.193, 111
Trd, 4318307.693, 139
Trd, 4318307.843, 140
Trd, 4318308.693, 97
Trd, 4318310.143, 140
Trd, 4318310.793, 140
Trd, 4318311.143, 139
Trd, 4318312.143, 140
Trd, 4318312.493, 140
Trd, 4318313.143, 139
Trd, 4318313.293, 138
Trd, 4318314.093, 138
Trd, 4318315.193, 111
Trd, 4318315.693, 65
Trd, 4318316.243, 139
Trd, 4318318.243, 140
Trd, 4318318.593, 140
Trd, 4318319.243, 140
Trd, 4318319.493, 136
Trd, 4318319.843, 140
Trd, 4318320.643, 139
Trd, 4318321.493, 140
Trd, 4318321.843, 139
Trd, 4318322.793, 109
Trd, 4318323.643, 140
Trd, 4318324.143, 139
Trd, 4318324.343, 84
Trd, 4318325.343, 61
Trd, 4318326.393, 60
Trd, 4318326.593, 64
Trd, 4318326.743, 66
Trd, 4318327.193, 63
Trd, 4318328.293, 140
Trd, 4318329.393, 140
Trd, 4318329.693, 140
Trd, 4318329.893, 139
Trd, 4318330.093, 80
Trd, 4318330.843, 96
Trd, 4318331.993, 75
Trd, 4318333.043, 139
Trd, 4318333.193, 138
Trd, 4318333.493, 139
Trd, 4318333.593, 119
Trd, 4318333.793, 102
Trd, 4318335.443, 61
Trd, 4318336.143, 60
Trd, 4318337.393, 60
Trd, 4318337.443, 61
Trd, 4318339.393, 60
Trd, 4318339.493, 61
Trd, 4318339.743, 60
Trd, 4318340.343, 111
Trd, 4318340.593, 109
Trd, 4318341.943, 60
Trd, 4318343.293, 60
Trd, 4318343.693, 64
Trd, 4318344.343, 60
Trd, 4318345.293, 61
Trd, 4318346.543, 65
Trd, 4318346.643, 60
Trd, 4318347.393, 60
Trd, 4318347.493, 61
Trd, 4318347.943, 63
Trd, 4318348.893, 140
Trd, 4318349.043, 140
Trd, 4318349.893, 140
Trd, 4318351.043, 140
Trd, 4318352.143, 140
Trd, 4318352.443, 139
Trd, 4318352.493, 137
Trd, 4318352.843, 140
Trd, 4318354.043, 136
Trd, 4318354.493, 140
Trd, 4318354.743, 135
Trd, 4318356.243, 140
Trd, 4318356.493, 97
Trd, 4318357.143, 96
Trd, 4318357.843, 140
Trd, 4318358.043, 95
Trd, 4318358.393, 137
Trd, 4318358.593, 91
Trd, 4318359.193, 64
Trd, 4318359.743, 139
Trd, 4318360.443, 72
Trd, 4318360.893, 138
Trd, 4318361.393, 138
Trd, 4318362.293, 116
Trd, 4318363.193, 111
Trd, 4318363.793, 140
Trd, 4318365.393, 140
Trd, 4318365.943, 105
Trd, 4318366.843, 140
Trd, 4318367.043, 140
Trd, 4318367.843, 140
Trd, 4318368.143, 140
Trd, 4318368.943, 140
Trd, 4318369.043, 117
Trd, 4318370.293, 140
Trd, 4318370.543, 140
Trd, 4318372.543, 140
Trd, 4318372.643, 140
Trd, 4318373.343, 140
Trd, 4318373.543, 139
Trd, 4318374.793, 135
Trd, 4318375.243, 135
Trd, 4318375.543, 138
Trd, 4318376.193, 139
Trd, 4318376.493, 140
Trd, 4318377.093, 140
Trd, 4318377.593, 77
Trd, 4318378.743, 60
Trd, 4318379.143, 64
Trd, 4318379.193, 66
Trd, 4318380.593, 60
Trd, 4318381.343, 60
Trd, 4318381.393, 60
Trd, 4318381.743, 60
Trd, 4318382.543, 60
Trd, 4318383.493, 60
Trd, 4318384.893, 60
Trd, 4318385.343, 60
Trd, 4318385.493, 60
Trd, 4318386.443, 62
Trd, 4318386.493, 68
Trd, 4318387.743, 62
Trd, 4318388.743, 63
Trd, 4318388.893, 62
Trd, 4318389.143, 67
Trd, 4318390.043, 140
Trd, 4318390.093, 140
Trd, 4318390.393, 90
Trd, 4318391.943, 140
Trd, 4318391.993, 133
Trd, 4318392.543, 103
Trd, 4318394.193, 140
Trd, 4318394.643, 140
Trd, 4318394.843, 140
Trd, 4318397.143, 140
Trd, 4318398.343, 140
Trd, 4318398.443, 140
Trd, 4318399.043, 140
Trd, 4318399.343, 140
Trd, 4318399.693, 139
Trd, 4318399.993, 138
Trd, 4318401.443, 140
Trd, 4318401.543, 140
Trd, 4318402.143, 128
Trd, 4318403.093, 128
Trd, 4318403.743, 127
Trd, 4318404.693, 70
Trd, 4318405.993, 140
Trd, 4318406.043, 140
Trd, 4318406.543, 140
Trd, 4318407.043, 140
Trd, 4318408.443, 140
Trd, 4318408.743, 105
Trd, 4318409.793, 139
Trd, 4318410.143, 140
Trd, 4318411.193, 128
Trd, 4318411.943, 139
Trd, 4318412.893, 140
Trd, 4318414.443, 140
Trd, 4318414.693, 140
Trd, 4318415.093, 140
Trd, 4318415.193, 140
Trd, 4318415.793, 102
Trd, 4318416.043, 101
Trd, 4318416.443, 60
Trd, 4318417.093, 61
Trd, 4318418.093, 60
Trd, 4318419.443, 60
Trd, 4318419.893, 60
Trd, 4318420.443, 71
Trd, 4318421.393, 61
Trd, 4318422.443, 66
Trd, 4318422.893, 63
Trd, 4318423.393, 66
Trd, 4318424.343, 139
Trd, 4318424.693, 140
Trd, 4318426.293, 140
Trd, 4318426.343, 140
Trd, 4318426.643, 138
Trd, 4318427.243, 138
Trd, 4318427.643, 137
Trd, 4318427.943, 127
Trd, 4318428.793, 76
Trd, 4318430.893, 61
Trd, 4318431.793, 138
Trd, 4318432.043, 137
Trd, 4318433.143, 136
Trd, 4318433.543, 96
Trd, 4318434.043, 137
Trd, 4318435.143, 140
Trd, 4318435.343, 97
Trd, 4318435.743, 71
Trd, 4318436.143, 138
Trd, 4318436.593, 70
Trd, 4318437.193, 61
Trd, 4318437.693, 61
Trd, 4318437.793, 63
Trd, 4318439.043, 62
Trd, 4318439.243, 63
Trd, 4318440.393, 62
Trd, 4318441.743, 61
Trd, 4318442.643, 61
Trd, 4318442.843, 63
Trd, 4318442.993, 65
Trd, 4318443.543, 64
Trd, 4318443.993, 140
Trd, 4318445.243, 135
Trd, 4318445.443, 128
Trd, 4318446.493, 60
Trd, 4318446.843, 60
Trd, 4318448.093, 60
Trd, 4318450.043, 60
Trd, 4318450.643, 60
Trd, 4318450.843, 60
Trd, 4318452.643, 61
Trd, 4318453.293, 61
Trd, 4318453.893, 60
Trd, 4318454.243, 61
Trd, 4318455.243, 61
Trd, 4318457.143, 60
Trd, 4318457.243, 60
Trd, 4318457.493, 61
Trd, 4318458.343, 60
Trd, 4318458.593, 60
Trd, 4318459.243, 60
Trd, 4318459.893, 60
Trd, 4318460.043, 61
Trd, 4318460.343, 62
Trd, 4318461.493, 67
Trd, 4318462.993, 64
Trd, 4318463.843, 60
Trd, 4318464.043, 68
Trd, 4318464.393, 63
Trd, 4318465.693, 60
Trd, 4318465.743, 60
Trd, 4318466.543, 60
Trd, 4318467.193, 60
Trd, 4318467.993, 63
Trd, 4318468.643, 64
Trd, 4318468.843, 138
Trd, 4318469.443, 62
Trd, 4318471.443, 60
Trd, 4318471.793, 60
Trd, 4318472.043, 60
Trd, 4318472.193, 61
Trd, 4318472.893, 61
Trd, 4318473.843, 60
Trd, 4318475.743, 60
Trd, 4318476.843, 60
Trd, 4318477.093, 61
Trd, 4318477.993, 60
Trd, 4318478.343, 64
Trd, 4318479.293, 61
Trd, 4318481.393, 60
Trd, 4318481.443, 61
Trd, 4318482.193, 61
Trd, 4318482.243, 63
Trd, 4318482.493, 63
Trd, 4318482.943, 64
Trd, 4318483.043, 63
Trd, 4318483.743, 60
Trd, 4318485.343, 60
Trd, 4318485.793, 63
Trd, 4318486.343, 60
Trd, 4318486.993, 63
Trd, 4318487.693, 60
Trd, 4318487.993, 60
Trd, 4318488.193, 63
Trd, 4318488.643, 64
Trd, 4318488.693, 72
Trd, 4318490.893, 60
Trd, 4318491.643, 67
Trd, 4318492.593, 75
Trd, 4318492.893, 67
Trd, 4318493.193, 69
Trd, 4318494.393, 60
Trd, 4318495.343, 60
Trd, 4318496.043, 61
Trd, 4318496.893, 60
Trd, 4318497.993, 60
Trd, 4318498.193, 60
Trd, 4318499.193, 65
Trd, 4318499.493, 65
Trd, 4318499.693, 61
Trd, 4318499.843, 66
Trd, 4318501.493, 61
Trd, 4318501.793, 62
Trd, 4318502.193, 61
Trd, 4318502.543, 71
Trd, 4318503.043, 121
Trd, 4318503.293, 114
Trd, 4318503.993, 115
Trd, 4318505.043, 129
Trd, 4318505.393, 119
Trd, 4318507.843, 140
Trd, 4318508.343, 139
Trd, 4318508.543, 139
Trd, 4318508.843, 140
Trd, 4318509.643, 140
Trd, 4318509.943, 134
Trd, 4318510.143, 133
Trd, 4318511.143, 140
Trd, 4318512.443, 140
Trd, 4318512.993, 140
Trd, 4318513.143, 140
Trd, 4318513.293, 104
Trd, 4318514.143, 139
Trd, 4318515.493, 98
Trd, 4318516.643, 123
Trd, 4318516.893, 137
Trd, 4318516.943, 100
Trd, 4318517.893, 140
Trd, 4318518.093, 140
Trd, 4318518.293, 81
Trd, 4318518.743, 136
Trd, 4318519.843, 82
Trd, 4318520.393, 140
Trd, 4318521.043, 140
Trd, 4318521.743, 115
Trd, 4318522.143, 66
Trd, 4318522.393, 139
Trd, 4318524.393, 60
Trd, 4318524.443, 60
Trd, 4318525.543, 63
Trd, 4318526.843, 60
Trd, 4318527.393, 61
Trd, 4318527.443, 61
Trd, 4318528.043, 61
Trd, 4318528.443, 60
Trd, 4318528.743, 71
Trd, 4318529.193, 97
Trd, 4318529.743, 137
Trd, 4318530.793, 99
Trd, 4318531.043, 93
Trd, 4318531.943, 140
Trd, 4318533.793, 140
Trd, 4318534.093, 140
Trd, 4318534.293, 140
Trd, 4318534.493, 138
Trd, 4318535.043, 114
Trd, 4318535.643, 138
Trd, 4318536.543, 138
Trd, 4318536.793, 60
Trd, 4318537.843, 60
Trd, 4318538.443, 60
Trd, 4318538.743, 60
Trd, 4318539.793, 60
Trd, 4318540.043, 61
Trd, 4318540.293, 61
Trd, 4318540.343, 65
Trd, 4318541.443, 140
Trd, 4318542.243, 140
Trd, 4318543.243, 140
Trd, 4318543.293, 140
Trd, 4318544.143, 64
Trd, 4318544.843, 65
Trd, 4318545.193, 73
Trd, 4318545.543, 64
Trd, 4318545.843, 83
Trd, 4318547.143, 140
Trd, 4318547.493, 139
Trd, 4318547.693, 140
Trd, 4318548.493, 66
Trd, 4318549.693, 140
Trd, 4318550.493, 140
Trd, 4318550.543, 103
Trd, 4318550.943, 138
Trd, 4318551.393, 138
Trd, 4318551.743, 140
Trd, 4318553.893, 140
Trd, 4318553.993, 139
Trd, 4318554.143, 126
Trd, 4318554.943, 136
Trd, 4318556.043, 131
Trd, 4318556.193, 109
Trd, 4318556.343, 119
Trd, 4318557.193, 115
Trd, 4318559.043, 138
Trd, 4318559.793, 139
Trd, 4318560.643, 140
Trd, 4318561.343, 140
Trd, 4318562.243, 140
Trd, 4318562.693, 140
Trd, 4318563.143, 140
Trd, 4318563.243, 127
Trd, 4318563.793, 140
Trd, 4318563.893, 122
Trd, 4318564.343, 125
Trd, 4318564.543, 126
Trd, 4318565.493, 60
Trd, 4318565.893, 62
Trd, 4318567.593, 62
Trd, 4318569.893, 60
Trd, 4318570.593, 60
Trd, 4318570.743, 61
Trd, 4318570.843, 62
Trd, 4318572.093, 61
Trd, 4318572.343, 61
Trd, 4318573.343, 60
Trd, 4318573.543, 61
Trd, 4318573.643, 61
Trd, 4318574.543, 63
Trd, 4318575.693, 61
Trd, 4318576.043, 63
Trd, 4318577.493, 63
Trd, 4318577.843, 61
Trd, 4318578.293, 71
Trd, 4318578.543, 140
Trd, 4318578.843, 140
Trd, 4318579.543, 139
Trd, 4318580.543, 140
Trd, 4318581.943, 140
Trd, 4318582.143, 139
Trd, 4318582.543, 140
Trd, 4318582.743, 136
Trd, 4318583.793, 76
Trd, 4318584.393, 61
Trd, 4318584.793, 66
Trd, 4318585.293, 66
Trd, 4318585.693, 69
Trd, 4318587.093, 140
Trd, 4318587.893, 140
Trd, 4318588.243, 139
Trd, 4318588.593, 87
Trd, 4318589.593, 80
Trd, 4318589.643, 82
Trd, 4318591.093, 64
Trd, 4318591.743, 60
Trd, 4318592.243, 61
Trd, 4318592.943, 65
Trd, 4318593.593, 62
Trd, 4318593.793, 61
Trd, 4318594.443, 63
Trd, 4318595.343, 73
Trd, 4318596.443, 60
Trd, 4318596.543, 60
Trd, 4318596.743, 61
Trd, 4318597.193, 62
Trd, 4318597.593, 71
Trd, 4318598.693, 62
Trd, 4318599.043, 61
Trd, 4318599.343, 60
Trd, 4318599.593, 61
Trd, 4318599.843, 101
Trd, 4318600.793, 140
Trd, 4318601.343, 140
Trd, 4318601.543, 140
Trd, 4318602.443, 65
Trd, 4318605.293, 60
Trd, 4318606.043, 60
Trd, 4318606.443, 60
Trd, 4318607.393, 62
Trd, 4318607.593, 60
Trd, 4318607.643, 62
Trd, 4318608.943, 140
Trd, 4318609.193, 140
Trd, 4318609.443, 140
Trd, 4318609.493, 140
Trd, 4318610.193, 140
Trd, 4318610.293, 140
Trd, 4318610.543, 109
Trd, 4318611.793, 118
Trd, 4318613.793, 140
Trd, 4318614.443, 140
Trd, 4318614.493, 140
Trd, 4318615.343, 140
Trd, 4318615.643, 140
Trd, 4318615.993, 139
Trd, 4318617.093, 140
Trd, 4318617.343, 140
Trd, 4318618.043, 123
Trd, 4318619.243, 137
Trd, 4318620.243, 140
Trd, 4318620.493, 138
Trd, 4318622.193, 139
Trd, 4318622.543, 86
Trd, 4318623.243, 140
Trd, 4318623.593, 124
Trd, 4318625.093, 140
Trd, 4318625.393, 112
Trd, 4318625.443, 101
Trd, 4318627.193, 140
Trd, 4318628.193, 140
Trd, 4318628.443, 140
Trd, 4318628.793, 140
Trd, 4318628.993, 140
Trd, 4318629.143, 137
Trd, 4318629.393, 135
Trd, 4318630.093, 140
Trd, 4318630.493, 140
Trd, 4318633.043, 140
Trd, 4318633.593, 140
Trd, 4318633.993, 140
Trd, 4318634.343, 140
Trd, 4318634.643, 138
Trd, 4318634.943, 138
Trd, 4318635.343, 80
Trd, 4318635.643, 95
Trd, 4318637.243, 140
Trd, 4318637.593, 127
Trd, 4318638.243, 140
Trd, 4318639.493, 140
Trd, 4318640.993, 140
Trd, 4318641.893, 140
Trd, 4318642.193, 140
Trd, 4318642.593, 139
Trd, 4318644.143, 140
Trd, 4318644.193, 129
Trd, 4318644.793, 128
Trd, 4318645.343, 136
Trd, 4318645.493, 109
Trd, 4318645.993, 73
Trd, 4318647.393, 140
Trd, 4318648.543, 140
Trd, 4318648.943, 140
Trd, 4318649.193, 139
Trd, 4318649.693, 140
Trd, 4318649.993, 140
Trd, 4318651.093, 138
Trd, 4318652.293, 140
Trd, 4318652.793, 140
Trd, 4318654.293, 60
Trd, 4318655.243, 60
Trd, 4318655.643, 60
Trd, 4318655.743, 61
Trd, 4318655.793, 64
Trd, 4318657.093, 64
Trd, 4318657.243, 67
Trd, 4318657.843, 140
Trd, 4318657.943, 140
Trd, 4318658.343, 63
Trd, 4318659.243, 140
Trd, 4318659.593, 140
Trd, 4318659.893, 140
Trd, 4318660.343, 138
Trd, 4318661.943, 140
Trd, 4318663.093, 140
Trd, 4318663.693, 138
Trd, 4318663.743, 137
Trd, 4318664.393, 140
Trd, 4318665.393, 140
Trd, 4318665.443, 140
Trd, 4318666.093, 109
Trd, 4318666.943, 139
Trd, 4318667.093, 96
Trd, 4318667.843, 135
Trd, 4318668.293, 140
Trd, 4318668.443, 138
Trd, 4318670.043, 140
Trd, 4318670.543, 140
Trd, 4318670.643, 138
Trd, 4318671.143, 137
Trd, 4318672.493, 140
Trd, 4318672.593, 139
Trd, 4318673.193, 133
Trd, 4318673.393, 134
Trd, 4318674.943, 134
Trd, 4318675.693, 87
Trd, 4318675.993, 73
Trd, 4318676.943, 60
Trd, 4318677.093, 60
Trd, 4318677.543, 63
Trd, 4318679.893, 60
Trd, 4318680.843, 60
Trd, 4318680.993, 62
Trd, 4318681.593, 60
Trd, 4318683.243, 60
Trd, 4318684.393, 60
Trd, 4318684.893, 60
Trd, 4318684.943, 60
Trd, 4318685.393, 60
Trd, 4318685.643, 61
Trd, 4318685.743, 61
Trd, 4318685.943, 61
Trd, 4318687.393, 60
Trd, 4318688.443, 60
Trd, 4318688.943, 60
Trd, 4318689.643, 65
Trd, 4318689.793, 68
Trd, 4318690.193, 62
Trd, 4318691.493, 61
Trd, 4318691.743, 66
Trd, 4318692.543, 139
Trd, 4318692.693, 138
Trd, 4318693.393, 110
Trd, 4318693.593, 90
Trd, 4318694.143, 140
Trd, 4318694.693, 60
Trd, 4318694.743, 62
Trd, 4318696.793, 64
Trd, 4318697.343, 60
Trd, 4318698.393, 60
Trd, 4318699.043, 61
Trd, 4318699.493, 61
Trd, 4318699.893, 63
Trd, 4318700.043, 67
Trd, 4318701.343, 68
Trd, 4318701.843, 60
Trd, 4318702.593, 89
Trd, 4318702.893, 91
Trd, 4318703.293, 65
Trd, 4318703.793, 65
Trd, 4318704.543, 63
Trd, 4318705.693, 64
Trd, 4318706.743, 60
Trd, 4318708.343, 62
Trd, 4318708.443, 60
Trd, 4318708.943, 64
Trd, 4318710.193, 69
Trd, 4318710.893, 62
Trd, 4318711.143, 61
Trd, 4318712.093, 61
Trd, 4318712.243, 66
Trd, 4318712.793, 67
Trd, 4318712.943, 60
Trd, 4318712.993, 85
Trd, 4318713.643, 67
Trd, 4318714.293, 76
Trd, 4318715.493, 60
Trd, 4318716.193, 60
Trd, 4318716.743, 60
Trd, 4318716.943, 61
Trd, 4318717.543, 106
Trd, 4318718.343, 112
Trd, 4318718.593, 110
Trd, 4318719.493, 98
Trd, 4318719.693, 64
Trd, 4318720.943, 140
Trd, 4318721.143, 140
Trd, 4318721.543, 130
Trd, 4318721.843, 140
Trd, 4318724.043, 140
Trd, 4318724.543, 140
Trd, 4318724.793, 140
Trd, 4318725.693, 140
Trd, 4318725.893, 140
Trd, 4318725.993, 140
Trd, 4318726.943, 112
Trd, 4318728.493, 140
Trd, 4318729.043, 140
Trd, 4318729.443, 138
Trd, 4318729.693, 80
Trd, 4318730.643, 125
Trd, 4318731.043, 103
Trd, 4318731.143, 101
Trd, 4318732.543, 140
Trd, 4318732.993, 140
Trd, 4318733.043, 140
Trd, 4318735.043, 140
Trd, 4318735.293, 140
Trd, 4318736.493, 140
Trd, 4318736.543, 139
Trd, 4318736.643, 135
Trd, 4318737.393, 107
Trd, 4318737.443, 96
Trd, 4318738.393, 140
Trd, 4318738.643, 140
Trd, 4318739.793, 140
Trd, 4318740.393, 140
Trd, 4318741.843, 140
Trd, 4318742.043, 134
Trd, 4318742.393, 103
Trd, 4318743.643, 139
Trd, 4318744.293, 140
Trd, 4318744.493, 140
Trd, 4318745.093, 140
Trd, 4318745.643, 140
Trd, 4318746.393, 140
Trd, 4318746.993, 135
Trd, 4318748.943, 140
Trd, 4318749.543, 140
Trd, 4318750.293, 140
Trd, 4318750.443, 140
Trd, 4318751.543, 140
Trd, 4318751.693, 140
Trd, 4318752.543, 140
Trd, 4318752.943, 139
Trd, 4318752.993, 132
Trd, 4318753.793, 94
Trd, 4318754.393, 139
Trd, 4318754.893, 77
Trd, 4318754.943, 67
Trd, 4318755.693, 140
Trd, 4318757.543, 140
Trd, 4318757.593, 140
Trd, 4318758.693, 139
Trd, 4318760.443, 140
Trd, 4318760.493, 140
Trd, 4318761.293, 140
Trd, 4318762.393, 140
Trd, 4318762.543, 140
Trd, 4318762.993, 139
Trd, 4318763.343, 139
Trd, 4318764.293, 140
Trd, 4318765.343, 60
Trd, 4318765.643, 67
Trd, 4318766.993, 60
Trd, 4318767.343, 60
Trd, 4318768.493, 60
Trd, 4318768.993, 60
Trd, 4318770.293, 60
Trd, 4318770.543, 60
Trd, 4318770.693, 61
Trd, 4318771.593, 62
Trd, 4318772.893, 63
Trd, 4318772.993, 67
Trd, 4318773.793, 61
Trd, 4318773.943, 70
Trd, 4318774.993, 60
Trd, 4318776.643, 60
Trd, 4318777.193, 60
Trd, 4318778.093, 62
Trd, 4318778.843, 62
Trd, 4318779.093, 62
Trd, 4318779.693, 64
Trd, 4318780.093, 67
Trd, 4318781.793, 60
Trd, 4318781.993, 61
Trd, 4318783.793, 61
Trd, 4318783.993, 60
Trd, 4318784.193, 62
Trd, 4318784.443, 63
Trd, 4318785.843, 140
Trd, 4318785.893, 139
Trd, 4318787.193, 63
Trd, 4318787.293, 64
Trd, 4318790.143, 60
Trd, 4318790.193, 60
Trd, 4318790.743, 61
Trd, 4318792.493, 61
Trd, 4318792.643, 61
Trd, 4318793.393, 61
Trd, 4318793.543, 62
Trd, 4318794.543, 60
Trd, 4318794.843, 61
Trd, 4318795.143, 62
Trd, 4318795.693, 60
Trd, 4318795.943, 62
Trd, 4318797.493, 63
Trd, 4318797.943, 63
Trd, 4318798.043, 65
Trd, 4318798.693, 60
Trd, 4318799.043, 62
Trd, 4318799.743, 62
Trd, 4318800.393, 61
Trd, 4318800.643, 63
Trd, 4318802.243, 60
Trd, 4318802.393, 60
Trd, 4318803.643, 60
Trd, 4318803.743, 61
Trd, 4318805.243, 60
Trd, 4318805.643, 60
Trd, 4318806.043, 60
Trd, 4318806.243, 61
Trd, 4318806.643, 62
Trd, 4318806.843, 61
Trd, 4318807.843, 70
Trd, 4318808.443, 64
Trd, 4318808.843, 72
Trd, 4318809.443, 61
Trd, 4318810.943, 62
Trd, 4318810.993, 64
Trd, 4318812.343, 140
Trd, 4318812.493, 140
Trd, 4318812.743, 140
Trd, 4318812.993, 140
Trd, 4318813.143, 139
Trd, 4318813.793, 139
Trd, 4318814.543, 67
Trd, 4318814.693, 66
Trd, 4318815.693, 65
Trd, 4318816.693, 62
Trd, 4318818.293, 99
Trd, 4318818.343, 100
Trd, 4318818.543, 92
Trd, 4318818.643, 91
Trd, 4318819.543, 100
Trd, 4318820.643, 140
Trd, 4318820.943, 132
Trd, 4318821.093, 101
Trd, 4318822.843, 60
Trd, 4318822.943, 60
Trd, 4318824.143, 61
Trd, 4318825.193, 65
Trd, 4318826.543, 60
Trd, 4318826.893, 60
Trd, 4318827.243, 61
Trd, 4318827.293, 63
Trd, 4318827.743, 60
Trd, 4318828.993, 60
Trd, 4318829.693, 60
Trd, 4318830.043, 61
Trd, 4318830.343, 60
Trd, 4318830.893, 61
Trd, 4318830.943, 62
Trd, 4318831.393, 60
Trd, 4318833.593, 60
Trd, 4318833.843, 60
Trd, 4318834.543, 60
Trd, 4318835.043, 61
Trd, 4318836.593, 60
Trd, 4318836.643, 60
Trd, 4318836.793, 60
Trd, 4318837.643, 64
Trd, 4318837.943, 62
Trd, 4318838.193, 71
Trd, 4318838.743, 62
Trd, 4318839.643, 63
Trd, 4318839.743, 61
Trd, 4318840.793, 139
Trd, 4318841.243, 67
Trd, 4318842.493, 126
Trd, 4318842.893, 64
Trd, 4318844.043, 64
Trd, 4318844.193, 66
Trd, 4318844.443, 68
Trd, 4318844.493, 71
Trd, 4318845.593, 68
Trd, 4318845.893, 68
Trd, 4318846.293, 73
Trd, 4318846.693, 73
Trd, 4318847.343, 128
Trd, 4318848.343, 139
Trd, 4318848.693, 80
Trd, 4318850.843, 60
Trd, 4318851.643, 61
Trd, 4318852.343, 61
Trd, 4318852.943, 60
Trd, 4318853.443, 60
Trd, 4318854.193, 60
Trd, 4318855.493, 60
Trd, 4318855.743, 60
Trd, 4318856.793, 60
Trd, 4318857.193, 60
Trd, 4318857.893, 61
Trd, 4318858.143, 62
Trd, 4318858.243, 60
Trd, 4318858.893, 62
Trd, 4318859.543, 62
Trd, 4318860.443, 62
Trd, 4318861.393, 64
Trd, 4318861.893, 61
Trd, 4318862.643, 61
Trd, 4318863.543, 61
Trd, 4318863.743, 62
Trd, 4318864.693, 67
Trd, 4318865.993, 63
Trd, 4318867.543, 60
Trd, 4318868.593, 62
Trd, 4318869.093, 63
Trd, 4318869.493, 60
Trd, 4318869.693, 60
Trd, 4318870.193, 60
Trd, 4318870.393, 60
Trd, 4318870.843, 60
Trd, 4318871.193, 60
Trd, 4318871.443, 62
Trd, 4318872.443, 62
Trd, 4318872.643, 66
Trd, 4318873.143, 60
Trd, 4318873.443, 65
Trd, 4318874.993, 60
Trd, 4318875.143, 61
Trd, 4318875.493, 62
Trd, 4318877.443, 61
Trd, 4318878.443, 61
Trd, 4318879.143, 65
Trd, 4318880.643, 61
Trd, 4318880.943, 62
Trd, 4318881.193, 64
Trd, 4318881.943, 63
Trd, 4318882.143, 64
Trd, 4318882.543, 61
Trd, 4318883.593, 62
Trd, 4318883.893, 62
Trd, 4318883.943, 61
Trd, 4318886.493, 60
Trd, 4318888.143, 60
Trd, 4318888.643, 63
Trd, 4318888.893, 62
Trd, 4318889.743, 61
Trd, 4318890.543, 62
Trd, 4318890.593, 63
Trd, 4318890.843, 69
Trd, 4318891.443, 66
Trd, 4318891.593, 65
Trd, 4318891.993, 62
Trd, 4318892.393, 114
Trd, 4318893.343, 139
Trd, 4318894.943, 60
Trd, 4318896.043, 60
Trd, 4318896.193, 61
Trd, 4318896.493, 61
Trd, 4318897.493, 140
Trd, 4318897.893, 137
Trd, 4318898.193, 139
Trd, 4318899.343, 60
Trd, 4318900.143, 60
Trd, 4318901.243, 61
Trd, 4318902.793, 60
Trd, 4318902.843, 61
Trd, 4318903.043, 62
Trd, 4318903.193, 69
Trd, 4318904.093, 60
Trd, 4318906.143, 60
Trd, 4318907.393, 67
Trd, 4318907.643, 63
Trd, 4318908.193, 63
Trd, 4318909.293, 61
Trd, 4318910.443, 62
Trd, 4318910.493, 62
Trd, 4318912.943, 60
Trd, 4318912.993, 61
Trd, 4318913.043, 61
Trd, 4318913.693, 62
Trd, 4318913.993, 62
Trd, 4318914.393, 63
Trd, 4318914.693, 62
Trd, 4318915.243, 139
Trd, 4318915.493, 63
Trd, 4318916.093, 62
Trd, 4318918.243, 140
Trd, 4318918.293, 140
Trd, 4318918.343, 140
Trd, 4318918.443, 104
Trd, 4318919.643, 108
Trd, 4318921.543, 140
Trd, 4318922.043, 140
Trd, 4318922.393, 138
Trd, 4318922.893, 140
Trd, 4318923.693, 129
Trd, 4318923.893, 108
Trd, 4318924.443, 72
Trd, 4318925.243, 74
Trd, 4318925.893, 64
Trd, 4318926.993, 140
Trd, 4318927.593, 140
Trd, 4318928.043, 140
Trd, 4318928.193, 140
Trd, 4318930.493, 140
Trd, 4318930.693, 140
Trd, 4318930.893, 139
Trd, 4318932.593, 135
Trd, 4318933.693, 140
Trd, 4318934.043, 140
Trd, 4318934.393, 140
Trd, 4318934.943, 140
Trd, 4318935.243, 139
Trd, 4318935.343, 83
Trd, 4318935.943, 60
Trd, 4318936.593, 137
Trd, 4318938.743, 68
Trd, 4318939.093, 72
Trd, 4318939.143, 75
Trd, 4318939.743, 60
Trd, 4318940.093, 60
Trd, 4318941.243, 139
Trd, 4318942.093, 60
Trd, 4318942.743, 61
Trd, 4318943.293, 62
Trd, 4318944.493, 140
Trd, 4318945.343, 64
Trd, 4318946.343, 60
Trd, 4318947.143, 63
Trd, 4318947.593, 60
Trd, 4318947.893, 63
Trd, 4318948.593, 64
Trd, 4318949.043, 63
Trd, 4318949.593, 71
Trd, 4318950.343, 60
Trd, 4318950.443, 65
Trd, 4318951.243, 65
Trd, 4318952.293, 61
Trd, 4318952.793, 66
Trd, 4318953.043, 67
Trd, 4318954.843, 60
Trd, 4318955.143, 60
Trd, 4318956.543, 60
Trd, 4318956.593, 62
Trd, 4318956.693, 62
Trd, 4318956.793, 69
Trd, 4318957.593, 60
Trd, 4318959.243, 62
Trd, 4318959.593, 67
Trd, 4318960.443, 66
Trd, 4318962.693, 62
Trd, 4318963.443, 60
Trd, 4318964.843, 60
Trd, 4318964.893, 60
Trd, 4318965.293, 60
Trd, 4318965.443, 60
Trd, 4318965.743, 61
Trd, 4318966.343, 60
Trd, 4318967.493, 62
Trd, 4318967.643, 68
Trd, 4318968.193, 63
Trd, 4318968.393, 69
Trd, 4318969.093, 67
Trd, 4318970.293, 136
Trd, 4318970.543, 135
Trd, 4318971.443, 61
Trd, 4318973.093, 60
Trd, 4318973.293, 61
Trd, 4318974.543, 60
Trd, 4318974.643, 60
Trd, 4318975.793, 60
Trd, 4318975.993, 60
Trd, 4318976.243, 60
Trd, 4318977.293, 61
Trd, 4318977.343, 62
Trd, 4318977.593, 66
Trd, 4318978.993, 61
Trd, 4318979.193, 64
Trd, 4318980.193, 63
Trd, 4318980.793, 64
Trd, 4318980.893, 64
Trd, 4318981.793, 89
Trd, 4318983.393, 138
Trd, 4318983.693, 101
Trd, 4318983.893, 91
Trd, 4318986.093, 140
Trd, 4318986.493, 140
Trd, 4318986.743, 140
Trd, 4318986.843, 139
Trd, 4318987.693, 140
Trd, 4318988.043, 140
Trd, 4318988.443, 135
Trd, 4318989.643, 140
Trd, 4318989.843, 129
Trd, 4318990.693, 140
Trd, 4318991.643, 120
Trd, 4318992.393, 105
Trd, 4318992.943, 140
Trd, 4318993.693, 140
Trd, 4318993.743, 140
Trd, 4318994.443, 140
Trd, 4318995.843, 136
Trd, 4318995.993, 136
Trd, 4318996.443, 102
Trd, 4318997.543, 60
Trd, 4318997.693, 60
Trd, 4318998.293, 60
Trd, 4318999.193, 60
Trd, 4318999.243, 60
Trd, 4318999.593, 60
Trd, 4319000.143, 61
Trd, 4319000.893, 134
Trd, 4319001.043, 133
Trd, 4319001.793, 138
Trd, 4319002.243, 139
Trd, 4319003.343, 95
Trd, 4319004.093, 111
Trd, 4319005.293, 67
Trd, 4319005.343, 66
Trd, 4319005.543, 70
Trd, 4319006.143, 65
Trd, 4319006.793, 68
Trd, 4319006.943, 73
Trd, 4319007.993, 60
Trd, 4319008.243, 61
Trd, 4319008.543, 65
Trd, 4319010.743, 60
Trd, 4319011.143, 60
Trd, 4319011.843, 61
Trd, 4319012.043, 62
Trd, 4319012.493, 62
Trd, 4319012.943, 65
Trd, 4319014.443, 140
Trd, 4319014.743, 136
Trd, 4319014.943, 135
Trd, 4319015.293, 140
Trd, 4319015.493, 106
Trd, 4319016.493, 105
Trd, 4319017.393, 129
Trd, 4319019.193, 60
Trd, 4319019.293, 60
Trd, 4319019.893, 60
Trd, 4319020.593, 61
Trd, 4319021.993, 60
Trd, 4319023.143, 60
Trd, 4319023.543, 61
Trd, 4319024.443, 61
Trd, 4319025.793, 64
Trd, 4319025.893, 64
Trd, 4319026.493, 65
Trd, 4319027.093, 63
Trd, 4319028.543, 64
Trd, 4319029.543, 66
Trd, 4319029.793, 65
Trd, 4319029.843, 64
Trd, 4319031.243, 60
Trd, 4319031.743, 60
Trd, 4319032.343, 60
Trd, 4319032.593, 61
Trd, 4319032.943, 62
Trd, 4319033.043, 64
Trd, 4319034.793, 64
Trd, 4319034.843, 62
Trd, 4319035.393, 70
Trd, 4319036.243, 62
Trd, 4319036.293, 63
Trd, 4319036.593, 63
Trd, 4319037.643, 140
Trd, 4319038.493, 140
Trd, 4319039.043, 140
Trd, 4319040.193, 60
Trd, 4319040.343, 60
Trd, 4319041.793, 105
Trd, 4319041.843, 104
Trd, 4319042.293, 138
Trd, 4319042.743, 140
Trd, 4319042.793, 140
Trd, 4319043.643, 140
Trd, 4319043.843, 68
Trd, 4319045.643, 140
Trd, 4319045.843, 140
Trd, 4319046.443, 140
Trd, 4319046.693, 137
Trd, 4319047.643, 137
Trd, 4319048.343, 136
Trd, 4319049.243, 140
Trd, 4319050.043, 140
Trd, 4319051.293, 140
Trd, 4319051.493, 139
Trd, 4319051.843, 138
Trd, 4319052.293, 138
Trd, 4319052.543, 121
Trd, 4319054.143, 140
Trd, 4319055.043, 140
Trd, 4319055.193, 140
Trd, 4319056.693, 140
Trd, 4319056.843, 101
Trd, 4319057.343, 140
Trd, 4319058.193, 140
Trd, 4319058.543, 140
Trd, 4319058.693, 131
Trd, 4319059.643, 96
Trd, 4319060.243, 138
Trd, 4319061.193, 140
Trd, 4319061.443, 140
Trd, 4319061.843, 140
Trd, 4319062.193, 139
Trd, 4319062.443, 140
Trd, 4319063.393, 140
Trd, 4319064.143, 140
Trd, 4319064.443, 140
Trd, 4319065.643, 139
Trd, 4319065.743, 129
Trd, 4319067.043, 140
Trd, 4319067.143, 136
Trd, 4319067.543, 102
Trd, 4319068.493, 140
Trd, 4319069.893, 140
Trd, 4319070.843, 140
Trd, 4319072.643, 140
Trd, 4319072.793, 140
Trd, 4319072.843, 140
Trd, 4319073.143, 117
Trd, 4319074.893, 140
Trd, 4319075.543, 140
Trd, 4319076.343, 137
Trd, 4319076.793, 136
Trd, 4319077.543, 115
Trd, 4319078.293, 120
Trd, 4319079.743, 140
Trd, 4319080.643, 140
Trd, 4319080.793, 140
Trd, 4319081.643, 138
Trd, 4319081.943, 138
Trd, 4319082.343, 114
Trd, 4319083.493, 139
Trd, 4319084.543, 140
Trd, 4319084.743, 140
Trd, 4319085.443, 140
Trd, 4319085.543, 140
Trd, 4319085.893, 105
Trd, 4319087.143, 137
Trd, 4319089.543, 140
Trd, 4319089.693, 139
Trd, 4319090.193, 137
Trd, 4319090.893, 140
Trd, 4319090.943, 140
Trd, 4319091.693, 140
Trd, 4319091.743, 111
Trd, 4319093.093, 140
Trd, 4319094.193, 132
Trd, 4319095.543, 140
Trd, 4319096.093, 140
Trd, 4319096.343, 140
Trd, 4319096.393, 139
Trd, 4319096.793, 138
Trd, 4319097.093, 105
Trd, 4319098.393, 140
Trd, 4319099.493, 140
Trd, 4319100.393, 140
Trd, 4319100.893, 139
Trd, 4319101.793, 140
Trd, 4319102.943, 138
Trd, 4319103.293, 140
Trd, 4319103.693, 106
Trd, 4319103.993, 140
Trd, 4319104.893, 140
Trd, 4319105.143, 139
Trd, 4319106.493, 139
Trd, 4319106.643, 138
Trd, 4319106.693, 133
Trd, 4319107.093, 63
Trd, 4319107.593, 63
Trd, 4319108.293, 140
Trd, 4319109.393, 140
Trd, 4319110.343, 140
Trd, 4319110.843, 140
Trd, 4319111.243, 140
Trd, 4319112.193, 139
Trd, 4319112.243, 138
Trd, 4319114.543, 140
Trd, 4319114.593, 139
Trd, 4319115.093, 140
Trd, 4319115.143, 140
Trd, 4319116.243, 139
Trd, 4319117.793, 139
Trd, 4319117.843, 137
Trd, 4319118.043, 134
Trd, 4319119.743, 140
Trd, 4319121.843, 140
Trd, 4319122.293, 140
Trd, 4319122.893, 140
Trd, 4319123.143, 139
Trd, 4319123.593, 139
Trd, 4319123.643, 103
Trd, 4319123.693, 60
Trd, 4319124.093, 133
Trd, 4319125.793, 140
Trd, 4319126.943, 139
Trd, 4319127.643, 140
Trd, 4319127.693, 139
Trd, 4319127.943, 140
Trd, 4319128.443, 139
Trd, 4319128.643, 138
Trd, 4319128.843, 102
Trd, 4319129.493, 140
Trd, 4319130.593, 135
Trd, 4319130.893, 140
Trd, 4319133.443, 136
Trd, 4319133.543, 93
Trd, 4319134.443, 95
Trd, 4319134.843, 94
Trd, 4319135.993, 140
Trd, 4319136.143, 140
Trd, 4319136.693, 140
Trd, 4319138.393, 140
Trd, 4319139.143, 140
Trd, 4319139.193, 140
Trd, 4319139.693, 140
Trd, 4319140.543, 136
Trd, 4319141.093, 100
Trd, 4319141.293, 99
Trd, 4319143.043, 140
Trd, 4319143.693, 138
Trd, 4319143.993, 92
Trd, 4319144.343, 138
Trd, 4319145.893, 140
Trd, 4319146.193, 140
Trd, 4319146.543, 140
Trd, 4319148.043, 140
Trd, 4319148.693, 140
Trd, 4319149.243, 138
Trd, 4319149.393, 121
Trd, 4319149.493, 114
Trd, 4319150.743, 140
Trd, 4319150.793, 140
Trd, 4319151.243, 113
Trd, 4319152.393, 140
Trd, 4319152.793, 101
Trd, 4319154.293, 132
Trd, 4319154.793, 140
Trd, 4319155.043, 140
Trd, 4319155.343, 139
Trd, 4319155.443, 109
Trd, 4319157.493, 115
Trd, 4319158.493, 140
Trd, 4319159.193, 139
Trd, 4319159.543, 139
Trd, 4319159.893, 127
Trd, 4319160.443, 139
Trd, 4319160.843, 121
Trd, 4319162.043, 120
Trd, 4319162.093, 118
Trd, 4319163.493, 60
Trd, 4319163.743, 62
Trd, 4319163.843, 60
Trd, 4319163.943, 63
Trd, 4319164.293, 65
Trd, 4319165.593, 75
Trd, 4319166.093, 72
Trd, 4319167.743, 140
Trd, 4319168.243, 140
Trd, 4319168.443, 140
Trd, 4319169.193, 140
Trd, 4319169.843, 138
Trd, 4319169.893, 136
Trd, 4319171.693, 65
Trd, 4319172.093, 60
Trd, 4319172.793, 140
Trd, 4319173.743, 140
Trd, 4319174.643, 140
Trd, 4319175.643, 140
Trd, 4319176.243, 138
Trd, 4319176.293, 100
Trd, 4319177.293, 77
Trd, 4319178.393, 137
Trd, 4319178.493, 136
Trd, 4319179.193, 67
Trd, 4319180.343, 61
Trd, 4319181.843, 60
Trd, 4319182.293, 60
Trd, 4319182.943, 60
Trd, 4319183.143, 63
Trd, 4319183.493, 61
Trd, 4319184.943, 63
Trd, 4319185.243, 64
Trd, 4319187.343, 62
Trd, 4319187.693, 62
Trd, 4319187.893, 64
Trd, 4319187.993, 66
Trd, 4319188.893, 60
Trd, 4319188.993, 64
Trd, 4319189.993, 63
Trd, 4319190.143, 61
Trd, 4319191.943, 111
Trd, 4319193.943, 60
Trd, 4319193.993, 61
Trd, 4319194.493, 61
Trd, 4319194.793, 68
Trd, 4319195.093, 62
Trd, 4319195.893, 75
Trd, 4319196.193, 78
Trd, 4319196.443, 63
Trd, 4319197.793, 140
Trd, 4319198.243, 140
Trd, 4319198.443, 140
Trd, 4319199.193, 127
Trd, 4319199.793, 76
Trd, 4319200.043, 68
Trd, 4319200.593, 130
Trd, 4319202.143, 61
Trd, 4319202.593, 63
Trd, 4319202.643, 67
Trd, 4319203.743, 61
Trd, 4319203.943, 70
Trd, 4319205.393, 60
Trd, 4319205.743, 60
Trd, 4319208.193, 60
Trd, 4319208.593, 61
Trd, 4319209.943, 61
Trd, 4319212.093, 60
Trd, 4319212.293, 62
Trd, 4319212.393, 66
Trd, 4319212.643, 65
Trd, 4319213.193, 67
Trd, 4319213.343, 63
Trd, 4319213.543, 62
Trd, 4319214.193, 60
Trd, 4319214.693, 63
Trd, 4319214.943, 63
Trd, 4319216.793, 138
Trd, 4319218.393, 60
Trd, 4319218.993, 64
Trd, 4319219.443, 61
Trd, 4319220.093, 60
Trd, 4319221.043, 60
Trd, 4319221.843, 60
Trd, 4319222.143, 62
Trd, 4319222.393, 66
Trd, 4319223.943, 61
Trd, 4319224.443, 60
Trd, 4319225.343, 62
Trd, 4319225.593, 61
Trd, 4319226.143, 60
Trd, 4319226.443, 61
Trd, 4319229.243, 60
Trd, 4319229.343, 60
Trd, 4319229.493, 66
Trd, 4319230.393, 61
Trd, 4319231.193, 62
Trd, 4319231.593, 60
Trd, 4319232.693, 60
Trd, 4319232.743, 60
Trd, 4319232.943, 61
Trd, 4319233.793, 62
Trd, 4319233.993, 63
Trd, 4319234.743, 67
Trd, 4319236.293, 60
Trd, 4319236.543, 61
Trd, 4319236.693, 61
Trd, 4319237.093, 140
Trd, 4319237.893, 140
Trd, 4319238.293, 140
Trd, 4319239.043, 136
Trd, 4319240.093, 116
Trd, 4319240.143, 115
Trd, 4319240.193, 114
Trd, 4319241.043, 87
Trd, 4319241.143, 115
Trd, 4319241.443, 86
Trd, 4319242.393, 85
Trd, 4319243.843, 140
Trd, 4319246.093, 140
Trd, 4319246.293, 140
Trd, 4319246.543, 140
Trd, 4319247.943, 140
Trd, 4319249.043, 140
Trd, 4319249.093, 140
Trd, 4319249.243, 138
Trd, 4319250.543, 135
Trd, 4319250.843, 140
Trd, 4319252.593, 140
Trd, 4319252.993, 140
Trd, 4319254.843, 140
Trd, 4319254.893, 139
Trd, 4319255.193, 139
Trd, 4319255.893, 140
Trd, 4319255.943, 140
Trd, 4319256.993, 139
Trd, 4319258.243, 140
Trd, 4319259.143, 140
Trd, 4319259.643, 138
Trd, 4319260.193, 140
Trd, 4319260.643, 82
Trd, 4319262.543, 140
Trd, 4319262.593, 140
Trd, 4319263.393, 140
Trd, 4319263.643, 140
Trd, 4319264.193, 140
Trd, 4319265.043, 139
Trd, 4319265.493, 128
Trd, 4319265.793, 96
Trd, 4319267.143, 140
Trd, 4319267.893, 140
Trd, 4319268.393, 140
Trd, 4319268.593, 140
Trd, 4319269.393, 140
Trd, 4319270.193, 139
Trd, 4319270.643, 79
Trd, 4319271.743, 103
Trd, 4319272.543, 61
Trd, 4319272.643, 68
Trd, 4319273.393, 61
Trd, 4319273.843, 139
Trd, 4319273.993, 138
Trd, 4319276.143, 137
Trd, 4319276.593, 140
Trd, 4319276.893, 140
Trd, 4319277.393, 140
Trd, 4319278.193, 140
Trd, 4319278.243, 120
Trd, 4319279.093, 139
Trd, 4319279.593, 139
Trd, 4319279.693, 138
Trd, 4319279.993, 124
Trd, 4319280.643, 82
Trd, 4319283.493, 140
Trd, 4319284.493, 140
Trd, 4319285.393, 140
Trd, 4319285.593, 140
Trd, 4319286.243, 139
Trd, 4319286.643, 140
Trd, 4319286.843, 140
Trd, 4319286.943, 102
Trd, 4319287.793, 104
Trd, 4319289.993, 140
Trd, 4319291.393, 136
Trd, 4319291.593, 136
Trd, 4319291.893, 128
Trd, 4319292.093, 127
Trd, 4319293.343, 138
Trd, 4319293.693, 138
Trd, 4319293.993, 140
Trd, 4319296.143, 140
Trd, 4319296.443, 140
Trd, 4319296.743, 140
Trd, 4319297.043, 106
Trd, 4319298.193, 139
Trd, 4319298.993, 140
Trd, 4319299.293, 137
Trd, 4319300.743, 124
Trd, 4319300.893, 122
Trd, 4319301.043, 139
Trd, 4319301.593, 139
Trd, 4319301.993, 138
Trd, 4319302.493, 107
Trd, 4319303.093, 140
Trd, 4319303.293, 139
Trd, 4319303.593, 65
Trd, 4319303.843, 135
Trd, 4319304.843, 62
Trd, 4319307.043, 61
Trd, 4319307.093, 61
Trd, 4319307.693, 62
Trd, 4319308.643, 64
Trd, 4319309.143, 60
Trd, 4319310.043, 60
Trd, 4319311.693, 61
Trd, 4319311.743, 62
Trd, 4319312.643, 60
Trd, 4319313.743, 60
Trd, 4319314.793, 60
Trd, 4319315.743, 60
Trd, 4319315.993, 60
Trd, 4319316.893, 60
Trd, 4319317.293, 60
Trd, 4319318.093, 60
Trd, 4319318.343, 61
Trd, 4319318.543, 60
Trd, 4319319.143, 62
Trd, 4319319.393, 61
Trd, 4319320.143, 63
Trd, 4319321.093, 96
Trd, 4319322.093, 65
Trd, 4319322.193, 62
Trd, 4319322.643, 128
Trd, 4319323.993, 60
Trd, 4319325.493, 61
Trd, 4319325.943, 60
Trd, 4319326.593, 61
Trd, 4319326.693, 62
Trd, 4319326.893, 66
Trd, 4319326.993, 67
Trd, 4319327.293, 67
Trd, 4319327.343, 62
Trd, 4319327.893, 78
Trd, 4319328.193, 61
Trd, 4319329.593, 128
Trd, 4319329.843, 119
Trd, 4319331.643, 74
Trd, 4319331.793, 126
Trd, 4319331.893, 67
Trd, 4319331.993, 66
Trd, 4319332.293, 127
Trd, 4319332.443, 140
Trd, 4319333.343, 140
Trd, 4319333.643, 140
Trd, 4319334.443, 140
Trd, 4319335.693, 97
Trd, 4319335.743, 96
Trd, 4319335.843, 95
Trd, 4319337.043, 140
Trd, 4319337.243, 140
Trd, 4319337.493, 139
Trd, 4319337.843, 108
Trd, 4319339.943, 140
Trd, 4319340.093, 140
Trd, 4319340.393, 140
Trd, 4319340.693, 103
Trd, 4319341.493, 138
Trd, 4319342.543, 140
Trd, 4319343.993, 140
Trd, 4319344.243, 140
Trd, 4319344.593, 140
Trd, 4319345.143, 128
Trd, 4319345.493, 140
Trd, 4319345.593, 139
Trd, 4319346.943, 109
Trd, 4319348.293, 139
Trd, 4319349.543, 140
Trd, 4319349.843, 139
Trd, 4319350.393, 108
Trd, 4319351.693, 140
Trd, 4319351.843, 140
Trd, 4319351.893, 140
Trd, 4319353.393, 140
Trd, 4319353.793, 138
Trd, 4319353.943, 106
Trd, 4319354.493, 72
Trd, 4319354.793, 97
Trd, 4319355.043, 113
Trd, 4319356.743, 140
Trd, 4319357.643, 140
Trd, 4319357.893, 139
Trd, 4319357.943, 139
Trd, 4319358.643, 138
Trd, 4319358.843, 137
Trd, 4319359.093, 76
Trd, 4319361.093, 81
Trd, 4319361.893, 81
Trd, 4319362.793, 136
Trd, 4319363.193, 140
Trd, 4319363.543, 107
Trd, 4319364.043, 140
Trd, 4319364.993, 140
Trd, 4319365.643, 140
Trd, 4319367.293, 140
Trd, 4319367.543, 140
Trd, 4319368.593, 140
Trd, 4319369.193, 140
Trd, 4319370.093, 140
Trd, 4319370.943, 140
Trd, 4319371.443, 140
Trd, 4319371.743, 140
Trd, 4319371.943, 117
Trd, 4319372.593, 121
Trd, 4319374.293, 140
Trd, 4319374.993, 140
Trd, 4319375.193, 139
Trd, 4319375.643, 138
Trd, 4319376.743, 138
Trd, 4319377.143, 138
Trd, 4319378.443, 140
Trd, 4319378.843, 140
Trd, 4319379.093, 140
Trd, 4319380.093, 140
Trd, 4319381.543, 140
Trd, 4319381.593, 140
Trd, 4319382.643, 140
Trd, 4319382.943, 140
Trd, 4319383.293, 139
Trd, 4319383.443, 138
Trd, 4319384.793, 140
Trd, 4319385.593, 139
Trd, 4319386.943, 139
Trd, 4319387.293, 112
Trd, 4319387.343, 111
Trd, 4319387.393, 109
Trd, 4319388.393, 88
Trd, 4319388.743, 87
Trd, 4319389.243, 140
Trd, 4319389.293, 140
Trd, 4319389.593, 140
Trd, 4319389.693, 94
Trd, 4319392.093, 140
Trd, 4319392.443, 140
Trd, 4319393.293, 140
Trd, 4319394.793, 140
Trd, 4319395.293, 140
Trd, 4319395.493, 140
Trd, 4319396.893, 140
Trd, 4319397.793, 139
Trd, 4319398.343, 140
Trd, 4319398.643, 140
Trd, 4319399.243, 140
Trd, 4319399.693, 140
Trd, 4319401.793, 140
Trd, 4319402.093, 140
Trd, 4319402.443, 140
Trd, 4319403.343, 140
Trd, 4319404.543, 140
Trd, 4319404.743, 140
Trd, 4319405.143, 140
Trd, 4319405.643, 139
Trd, 4319405.843, 138
Trd, 4319406.343, 139
Trd, 4319408.943, 140
Trd, 4319409.593, 140
Trd, 4319410.293, 139
Trd, 4319410.443, 139
Trd, 4319410.743, 138
Trd, 4319412.193, 140
Trd, 4319413.193, 140
Trd, 4319414.093, 111
Trd, 4319414.293, 110
Trd, 4319415.043, 140
Trd, 4319415.343, 105
Trd, 4319415.643, 137
Trd, 4319416.993, 140
Trd, 4319418.293, 140
Trd, 4319418.693, 140
Trd, 4319418.793, 139
Trd, 4319419.193, 138
Trd, 4319420.093, 131
Trd, 4319420.193, 97
Trd, 4319420.993, 139
Trd, 4319421.893, 106
Trd, 4319422.143, 100
Trd, 4319423.093, 87
Trd, 4319423.943, 133
Trd, 4319424.293, 139
Trd, 4319424.493, 77
Trd, 4319425.743, 140
Trd, 4319425.843, 140
Trd, 4319426.143, 140
Trd, 4319426.943, 140
Trd, 4319427.393, 140
Trd, 4319428.493, 140
Trd, 4319428.893, 135
Trd, 4319429.743, 74
Trd, 4319430.593, 60
Trd, 4319430.793, 61
Trd, 4319430.843, 61
Trd, 4319431.693, 60
Trd, 4319432.293, 60
Trd, 4319433.393, 60
Trd, 4319434.993, 60
Trd, 4319436.593, 60
Trd, 4319436.893, 60
Trd, 4319437.143, 61
Trd, 4319437.543, 60
Trd, 4319437.943, 60
Trd, 4319437.993, 62
Trd, 4319438.993, 61
Trd, 4319440.193, 60
Trd, 4319442.343, 60
Trd, 4319442.893, 60
Trd, 4319443.243, 63
Trd, 4319443.443, 61
Trd, 4319443.743, 66
Trd, 4319444.093, 139
Trd, 4319444.643, 104
Trd, 4319445.393, 140
Trd, 4319445.543, 138
Trd, 4319447.143, 96
Trd, 4319447.443, 95
Trd, 4319448.443, 136
Trd, 4319448.893, 139
Trd, 4319450.243, 140
Trd, 4319451.743, 109
Trd, 4319452.593, 140
Trd, 4319453.143, 139
Trd, 4319453.493, 140
Trd, 4319454.443, 140
Trd, 4319454.493, 140
Trd, 4319454.843, 136
Trd, 4319455.693, 131
Trd, 4319456.793, 140
Trd, 4319457.143, 135
Trd, 4319457.343, 140
Trd, 4319457.693, 105
Trd, 4319457.843, 67
Trd, 4319459.643, 140
Trd, 4319459.893, 74
Trd, 4319460.843, 140
Trd, 4319461.543, 140
Trd, 4319461.843, 140
Trd, 4319462.993, 139
Trd, 4319464.343, 140
Trd, 4319464.593, 139
Trd, 4319465.093, 140
Trd, 4319465.593, 140
Trd, 4319465.893, 138
Trd, 4319466.843, 140
Trd, 4319466.943, 139
Trd, 4319467.593, 140
Trd, 4319467.843, 136
Trd, 4319468.643, 109
Trd, 4319469.393, 108
Trd, 4319470.793, 140
Trd, 4319471.393, 140
Trd, 4319471.593, 111
Trd, 4319473.443, 140
Trd, 4319474.993, 139
Trd, 4319475.493, 140
Trd, 4319475.943, 138
Trd, 4319476.193, 138
Trd, 4319476.243, 137
Trd, 4319476.643, 121
Trd, 4319478.343, 140
Trd, 4319478.443, 140
Trd, 4319479.393, 140
Trd, 4319480.293, 140
Trd, 4319480.493, 138
Trd, 4319481.193, 140
Trd, 4319481.293, 100
Trd, 4319483.043, 140
Trd, 4319483.543, 138
Trd, 4319483.743, 137
Trd, 4319484.943, 138
Trd, 4319485.043, 137
Trd, 4319485.343, 140
Trd, 4319485.843, 128
Trd, 4319487.043, 140
Trd, 4319487.243, 138
Trd, 4319488.343, 81
Trd, 4319489.793, 140
Trd, 4319489.993, 140
Trd, 4319490.543, 117
Trd, 4319491.143, 138
Trd, 4319492.643, 140
Trd, 4319494.143, 140
Trd, 4319494.543, 140
Trd, 4319494.993, 140
Trd, 4319495.043, 140
Trd, 4319495.093, 139
Trd, 4319495.693, 140
Trd, 4319495.893, 138
Trd, 4319497.443, 75
Trd, 4319498.193, 88
Trd, 4319499.243, 140
Trd, 4319500.993, 140
Trd, 4319501.043, 140
Trd, 4319501.393, 140
Trd, 4319501.643, 140
Trd, 4319502.693, 140
Trd, 4319503.343, 140
Trd, 4319504.093, 140
Trd, 4319504.193, 140
Trd, 4319505.893, 140
Trd, 4319505.993, 138
Trd, 4319506.393, 139
Trd, 4319506.493, 117
Trd, 4319506.993, 89
Trd, 4319508.243, 66
Trd, 4319508.993, 61
Trd, 4319510.243, 61
Trd, 4319510.743, 62
Trd, 4319510.793, 64
Trd, 4319511.243, 64
Trd, 4319512.643, 60
Trd, 4319512.843, 61
Trd, 4319513.393, 60
Trd, 4319513.543, 66
Trd, 4319514.443, 64
Trd, 4319515.843, 62
Trd, 4319516.943, 60
Trd, 4319517.493, 60
Trd, 4319517.643, 60
Trd, 4319518.993, 63
Trd, 4319519.143, 63
Trd, 4319519.593, 64
Trd, 4319520.043, 60
Trd, 4319520.693, 65
Trd, 4319521.293, 66
Trd, 4319522.243, 61
Trd, 4319523.443, 60
Trd, 4319524.293, 60
Trd, 4319525.343, 60
Trd, 4319525.743, 60
Trd, 4319526.043, 61
Trd, 4319526.193, 140
Trd, 4319527.243, 60
Trd, 4319528.893, 60
Trd, 4319529.943, 60
Trd, 4319530.693, 60
Trd, 4319530.743, 63
Trd, 4319530.843, 60
Trd, 4319531.643, 61
Trd, 4319532.093, 61
Trd, 4319532.393, 62
Trd, 4319532.493, 63
Trd, 4319532.743, 73
Trd, 4319533.993, 65
Trd, 4319534.243, 67
Trd, 4319535.643, 140
Trd, 4319536.193, 68
Trd, 4319536.593, 65
Trd, 4319538.043, 74
Trd, 4319538.643, 76
Trd, 4319538.943, 75
Trd, 4319538.993, 87
Trd, 4319539.793, 140
Trd, 4319540.643, 140
Trd, 4319540.893, 140
Trd, 4319541.593, 127
Trd, 4319543.793, 99
Trd, 4319544.193, 117
Trd, 4319544.943, 101
Trd, 4319544.993, 100
Trd, 4319545.143, 61
Trd, 4319545.743, 102
Trd, 4319547.743, 60
Trd, 4319548.893, 64
Trd, 4319549.693, 62
Trd, 4319549.793, 63
Trd, 4319550.293, 61
Trd, 4319550.793, 60
Trd, 4319551.293, 61
Trd, 4319551.543, 64
Trd, 4319551.643, 67
Trd, 4319552.243, 140
Trd, 4319553.143, 103
Trd, 4319553.243, 101
Trd, 4319554.093, 60
Trd, 4319554.493, 60
Trd, 4319554.643, 140
Trd, 4319556.093, 140
Trd, 4319556.393, 92
Trd, 4319558.393, 133
Trd, 4319558.993, 140
Trd, 4319559.043, 139
Trd, 4319559.743, 140
Trd, 4319560.743, 140
Trd, 4319561.293, 138
Trd, 4319562.693, 139
Trd, 4319562.893, 140
Trd, 4319563.243, 105
Trd, 4319564.043, 105
Trd, 4319564.243, 140
Trd, 4319564.293, 78
Trd, 4319565.843, 113
Trd, 4319566.293, 139
Trd, 4319567.293, 64
Trd, 4319568.143, 60
Trd, 4319568.443, 60
Trd, 4319568.793, 68
Trd, 4319569.743, 140
Trd, 4319569.793, 140
Trd, 4319570.593, 63
Trd, 4319571.693, 60
Trd, 4319572.243, 72
Trd, 4319572.843, 118
Trd, 4319573.493, 140
Trd, 4319573.693, 140
Trd, 4319574.943, 140
Trd, 4319575.443, 67
Trd, 4319576.893, 60
Trd, 4319576.993, 62
Trd, 4319577.343, 60
Trd, 4319577.793, 63
Trd, 4319577.993, 63
Trd, 4319578.643, 122
Trd, 4319580.343, 60
Trd, 4319580.693, 61
Trd, 4319582.143, 60
Trd, 4319582.743, 60
Trd, 4319582.793, 60
Trd, 4319583.143, 60
Trd, 4319583.293, 61
Trd, 4319583.893, 66
Trd, 4319584.593, 60
Trd, 4319586.993, 60
Trd, 4319588.143, 60
Trd, 4319589.043, 61
Trd, 4319589.143, 68
Trd, 4319589.293, 71
Trd, 4319589.693, 139
Trd, 4319590.293, 138
Trd, 4319590.693, 67
Trd, 4319591.793, 60
Trd, 4319591.943, 60
Trd, 4319593.893, 65
Trd, 4319594.093, 65
Trd, 4319594.493, 67
Trd, 4319595.743, 73
Trd, 4319596.143, 67
Trd, 4319596.643, 60
Trd, 4319598.893, 60
Trd, 4319598.993, 61
Trd, 4319599.143, 60
Trd, 4319599.743, 60
Trd, 4319600.693, 60
Trd, 4319602.543, 60
Trd, 4319603.093, 61
Trd, 4319603.243, 60
Trd, 4319603.893, 60
Trd, 4319604.093, 60
Trd, 4319604.493, 60
Trd, 4319606.293, 62
Trd, 4319608.093, 60
Trd, 4319608.343, 60
Trd, 4319608.493, 61
Trd, 4319608.593, 65
Trd, 4319609.593, 61
Trd, 4319610.093, 62
Trd, 4319610.443, 72
Trd, 4319611.193, 66
Trd, 4319611.293, 61
Trd, 4319611.443, 82
Trd, 4319611.943, 62
Trd, 4319612.093, 65
Trd, 4319614.243, 60
Trd, 4319615.393, 60
Trd, 4319615.743, 60
Trd, 4319616.993, 60
Trd, 4319617.343, 62
Trd, 4319617.993, 61
Trd, 4319618.693, 61
Trd, 4319619.943, 60
Trd, 4319620.093, 60
Trd, 4319621.143, 61
Trd, 4319621.243, 61
Trd, 4319622.193, 60
Trd, 4319623.043, 60
Trd, 4319623.093, 60
Trd, 4319623.693, 63
Trd, 4319624.093, 65
Trd, 4319624.293, 75
Trd, 4319625.093, 140
Trd, 4319625.943, 136
Trd, 4319626.343, 140
Trd, 4319626.693, 113
Trd, 4319627.243, 77
Trd, 4319627.693, 125
Trd, 4319629.643, 60
Trd, 4319629.793, 60
Trd, 4319630.493, 68
Trd, 4319630.893, 62
Trd, 4319631.643, 61
Trd, 4319632.043, 71
Trd, 4319632.493, 67
Trd, 4319632.893, 69
Trd, 4319633.543, 61
Trd, 4319634.043, 62
Trd, 4319634.493, 91
Trd, 4319635.393, 62
Trd, 4319636.193, 65
Trd, 4319637.943, 60
Trd, 4319637.993, 61
Trd, 4319638.643, 64
Trd, 4319638.843, 71
Trd, 4319639.193, 77
Trd, 4319640.343, 60
Trd, 4319641.043, 62
Trd, 4319641.893, 62
Trd, 4319642.893, 60
Trd, 4319643.593, 60
Trd, 4319643.693, 60
Trd, 4319643.893, 108
Trd, 4319644.043, 94
Trd, 4319644.793, 94
Trd, 4319644.893, 93
Trd, 4319646.843, 60
Trd, 4319646.943, 61
Trd, 4319647.143, 65
Trd, 4319647.993, 114
Trd, 4319648.343, 140
Trd, 4319651.393, 60
Trd, 4319651.493, 60
Trd, 4319651.743, 61
Trd, 4319651.993, 60
Trd, 4319652.343, 62
Trd, 4319652.493, 60
Trd, 4319652.943, 63
Trd, 4319654.193, 61
Trd, 4319654.443, 61
Trd, 4319654.693, 62
Trd, 4319654.893, 140
Trd, 4319657.243, 60
Trd, 4319657.943, 60
Trd, 4319658.193, 61
Trd, 4319658.593, 61
Trd, 4319661.593, 60
Trd, 4319661.643, 60
Trd, 4319662.343, 60
Trd, 4319662.393, 70
Trd, 4319662.743, 61
Trd, 4319663.093, 61
Trd, 4319663.343, 62
Trd, 4319664.293, 60
Trd, 4319664.443, 71
Trd, 4319664.793, 140
Trd, 4319666.343, 60
Trd, 4319667.043, 60
Trd, 4319667.743, 60
Trd, 4319667.793, 61
Trd, 4319668.193, 60
Trd, 4319668.293, 61
Trd, 4319669.043, 61
Trd, 4319669.243, 61
Trd, 4319669.643, 64
Trd, 4319669.943, 65
Trd, 4319670.543, 63
Trd, 4319672.993, 60
Trd, 4319673.243, 60
Trd, 4319673.793, 60
Trd, 4319674.843, 60
Trd, 4319674.893, 61
Trd, 4319675.593, 60
Trd, 4319676.043, 79
Trd, 4319676.393, 127
Trd, 4319677.993, 140
Trd, 4319678.643, 140
Trd, 4319678.943, 97
Trd, 4319679.343, 140
Trd, 4319680.843, 61
Trd, 4319681.443, 108
Trd, 4319682.343, 140
Trd, 4319683.093, 140
Trd, 4319683.193, 140
Trd, 4319683.893, 111
Trd, 4319685.043, 140
Trd, 4319685.143, 138
Trd, 4319685.543, 131
Trd, 4319685.993, 139
Trd, 4319687.043, 140
Trd, 4319688.343, 140
Trd, 4319688.493, 115
Trd, 4319689.643, 140
Trd, 4319690.143, 140
Trd, 4319691.743, 140
Trd, 4319691.793, 140
Trd, 4319691.893, 138
Trd, 4319693.343, 132
Trd, 4319693.393, 123
Trd, 4319694.493, 137
Trd, 4319694.843, 88
Trd, 4319695.193, 140
Trd, 4319695.693, 86
Trd, 4319696.693, 60
Trd, 4319697.293, 62
Trd, 4319697.993, 61
Trd, 4319698.193, 62
Trd, 4319698.493, 61
Trd, 4319699.443, 64
Trd, 4319700.593, 64
Trd, 4319700.743, 64
Trd, 4319700.843, 65
Trd, 4319701.343, 61
Trd, 4319701.393, 63
Trd, 4319701.693, 138
Trd, 4319702.693, 62
Trd, 4319703.743, 140
Trd, 4319705.343, 130
Trd, 4319705.543, 130
Trd, 4319705.693, 118
Trd, 4319707.143, 118
Trd, 4319707.343, 119
Trd, 4319707.493, 85
Trd, 4319707.543, 83
Trd, 4319710.093, 140
Trd, 4319710.643, 140
Trd, 4319710.743, 140
Trd, 4319711.093, 140
Trd, 4319711.943, 140
Trd, 4319713.543, 140
Trd, 4319713.893, 140
Trd, 4319714.493, 140
Trd, 4319715.293, 140
Trd, 4319715.643, 140
Trd, 4319715.693, 138
Trd, 4319715.843, 130
Trd, 4319717.043, 140
Trd, 4319718.693, 140
Trd, 4319718.993, 138
Trd, 4319719.243, 140
Trd, 4319720.143, 140
Trd, 4319720.443, 115
Trd, 4319721.193, 105
Trd, 4319721.793, 138
Trd, 4319722.193, 87
Trd, 4319722.693, 64
Trd, 4319723.593, 60
Trd, 4319724.593, 137
Trd, 4319725.193, 137
Trd, 4319726.543, 140
Trd, 4319726.743, 140
Trd, 4319727.193, 140
Trd, 4319727.743, 140
Trd, 4319727.793, 140
Trd, 4319728.093, 139
Trd, 4319728.943, 140
Trd, 4319729.293, 140
Trd, 4319729.393, 139
Trd, 4319731.643, 140
Trd, 4319731.693, 140
Trd, 4319731.943, 111
Trd, 4319732.643, 138
Trd, 4319733.693, 62
Trd, 4319733.743, 63
Trd, 4319734.543, 104
Trd, 4319734.643, 103
Trd, 4319735.443, 81
Trd, 4319736.443, 140
Trd, 4319736.793, 140
Trd, 4319737.543, 140
Trd, 4319737.693, 119
Trd, 4319738.293, 63
Trd, 4319740.043, 60
Trd, 4319740.443, 63
Trd, 4319740.693, 67
Trd, 4319741.243, 73
Trd, 4319741.993, 62
Trd, 4319743.393, 60
Trd, 4319743.443, 65
Trd, 4319744.493, 68
Trd, 4319745.193, 62
Trd, 4319745.743, 60
Trd, 4319745.943, 61
Trd, 4319746.343, 63
Trd, 4319746.543, 65
Trd, 4319746.693, 63
Trd, 4319748.243, 64
Trd, 4319748.993, 60
Trd, 4319749.993, 60
Trd, 4319750.643, 63
Trd, 4319752.543, 61
Trd, 4319753.143, 63
Trd, 4319753.693, 63
Trd, 4319753.893, 66
Trd, 4319754.043, 62
Trd, 4319754.493, 62
Trd, 4319754.743, 64
Trd, 4319754.993, 60
Trd, 4319755.593, 138
Trd, 4319755.893, 73
Trd, 4319756.943, 140
Trd, 4319757.093, 86
Trd, 4319757.693, 140
Trd, 4319758.093, 140
Trd, 4319759.443, 63
Trd, 4319759.993, 72
Trd, 4319760.143, 73
Trd, 4319760.593, 65
Trd, 4319761.043, 131
Trd, 4319761.543, 129
Trd, 4319762.593, 140
Trd, 4319762.693, 140
Trd, 4319762.793, 91
Trd, 4319763.443, 140
Trd, 4319764.743, 140
Trd, 4319764.943, 78
Trd, 4319765.393, 140
Trd, 4319765.943, 62
Trd, 4319766.293, 100
Trd, 4319766.493, 99
Trd, 4319768.943, 60
Trd, 4319769.643, 60
Trd, 4319770.243, 60
Trd, 4319770.543, 60
Trd, 4319772.243, 60
Trd, 4319772.493, 62
Trd, 4319773.243, 61
Trd, 4319773.443, 63
Trd, 4319773.543, 64
Trd, 4319773.793, 70
Trd, 4319775.143, 102
Trd, 4319775.393, 101
Trd, 4319776.093, 140
Trd, 4319776.343, 140
Trd, 4319778.543, 137
Trd, 4319779.193, 140
Trd, 4319779.293, 140
Trd, 4319779.793, 115
Trd, 4319780.093, 112
Trd, 4319780.393, 61
Trd, 4319781.893, 63
Trd, 4319782.193, 69
Trd, 4319783.593, 140
Trd, 4319783.993, 140
Trd, 4319785.743, 140
Trd, 4319786.293, 140
Trd, 4319786.443, 140
Trd, 4319787.393, 115
Trd, 4319788.493, 140
Trd, 4319788.843, 140
Trd, 4319789.493, 140
Trd, 4319790.593, 140
Trd, 4319790.793, 95
Trd, 4319791.143, 138
Trd, 4319791.743, 140
Trd, 4319792.143, 111
Trd, 4319793.543, 140
Trd, 4319793.743, 140
Trd, 4319794.793, 140
Trd, 4319796.243, 140
Trd, 4319796.743, 140
Trd, 4319797.893, 140
Trd, 4319798.593, 127
Trd, 4319800.193, 140
Trd, 4319800.243, 140
Trd, 4319800.343, 139
Trd, 4319800.743, 137
Trd, 4319801.643, 139
Trd, 4319802.193, 135
Trd, 4319803.093, 140
Trd, 4319804.343, 140
Trd, 4319804.743, 108
Trd, 4319805.493, 61
Trd, 4319805.643, 60
Trd, 4319805.943, 139
Trd, 4319806.243, 140
Trd, 4319806.943, 60
Trd, 4319807.443, 139
Trd, 4319807.693, 139
Trd, 4319808.793, 69
Trd, 4319810.793, 60
Trd, 4319811.643, 60
Trd, 4319812.593, 60
Trd, 4319813.043, 61
Trd, 4319813.293, 62
Trd, 4319813.793, 62
Trd, 4319814.043, 61
Trd, 4319814.393, 67
Trd, 4319816.293, 139
Trd, 4319816.643, 138
Trd, 4319816.893, 112
Trd, 4319818.343, 139
Trd, 4319818.793, 101
Trd, 4319819.693, 136
Trd, 4319820.193, 135
Trd, 4319820.543, 123
Trd, 4319820.693, 93
Trd, 4319821.743, 140
Trd, 4319822.893, 140
Trd, 4319823.043, 140
Trd, 4319824.693, 138
Trd, 4319825.043, 140
Trd, 4319825.543, 140
Trd, 4319826.643, 139
Trd, 4319827.343, 140
Trd, 4319827.793, 112
Trd, 4319827.843, 111
Trd, 4319828.493, 140
Trd, 4319828.643, 136
Trd, 4319828.843, 106
Trd, 4319830.293, 80
Trd, 4319830.643, 80
Trd, 4319831.643, 140
Trd, 4319832.143, 140
Trd, 4319832.343, 140
Trd, 4319833.693, 138
Trd, 4319834.043, 75
Trd, 4319835.293, 140
Trd, 4319835.443, 140
Trd, 4319836.343, 140
Trd, 4319837.093, 140
Trd, 4319837.143, 124
Trd, 4319837.593, 136
Trd, 4319839.293, 140
Trd, 4319839.643, 140
Trd, 4319841.193, 140
Trd, 4319841.743, 140
Trd, 4319842.143, 140
Trd, 4319842.243, 140
Trd, 4319842.693, 112
Trd, 4319843.443, 140
Trd, 4319844.943, 140
Trd, 4319846.593, 140
Trd, 4319846.793, 140
Trd, 4319847.243, 140
Trd, 4319847.743, 139
Trd, 4319847.893, 135
Trd, 4319848.043, 113
Trd, 4319848.893, 72
Trd, 4319849.793, 140
Trd, 4319850.793, 104
Trd, 4319852.143, 140
Trd, 4319852.843, 131
Trd, 4319852.993, 140
Trd, 4319853.743, 131
Trd, 4319854.743, 136
Trd, 4319855.793, 137
Trd, 4319856.093, 117
Trd, 4319856.393, 136
Trd, 4319857.243, 82
Trd, 4319857.393, 80
Trd, 4319857.543, 135
Trd, 4319858.393, 66
Trd, 4319858.793, 70
Trd, 4319859.043, 66
Trd, 4319860.643, 140
Trd, 4319860.893, 139
Trd, 4319862.493, 140
Trd, 4319862.693, 140
Trd, 4319863.143, 140
Trd, 4319863.343, 120
Trd, 4319863.793, 140
Trd, 4319864.843, 140
Trd, 4319865.893, 140
Trd, 4319866.793, 105
Trd, 4319867.143, 100
Trd, 4319867.293, 102
Trd, 4319868.093, 140
Trd, 4319869.843, 140
Trd, 4319870.343, 132
Trd, 4319870.393, 102
Trd, 4319872.243, 140
Trd, 4319872.693, 140
Trd, 4319873.093, 140
Trd, 4319873.843, 140
Trd, 4319874.593, 140
Trd, 4319876.143, 140
Trd, 4319876.743, 136
Trd, 4319877.443, 140
Trd, 4319878.393, 140
Trd, 4319878.693, 140
Trd, 4319878.893, 136
Trd, 4319880.193, 140
Trd, 4319882.343, 140
Trd, 4319882.493, 140
Trd, 4319882.893, 140
Trd, 4319883.543, 140
Trd, 4319884.043, 140
Trd, 4319884.093, 129
Trd, 4319885.143, 140
Trd, 4319885.293, 138
Trd, 4319886.393, 138
Trd, 4319886.593, 139
Trd, 4319886.943, 138
Trd, 4319887.693, 71
Trd, 4319888.343, 126
Trd, 4319890.093, 140
Trd, 4319890.993, 140
Trd, 4319891.943, 140
Trd, 4319892.643, 140
Trd, 4319892.943, 140
Trd, 4319893.243, 137
Trd, 4319893.443, 113
Trd, 4319894.843, 140
Trd, 4319895.393, 140
Trd, 4319895.593, 115
Trd, 4319896.143, 138
Trd, 4319897.543, 140
Trd, 4319898.593, 140
Trd, 4319899.243, 140
Trd, 4319899.393, 116
Trd, 4319899.643, 115
Trd, 4319899.793, 97
Trd, 4319900.593, 137
Trd, 4319901.793, 60
Trd, 4319902.493, 61
Trd, 4319902.643, 65
Trd, 4319902.893, 69
Trd, 4319904.343, 61
Trd, 4319904.993, 70
Trd, 4319905.293, 63
Trd, 4319906.443, 112
Trd, 4319906.943, 63
Trd, 4319907.193, 111
Trd, 4319907.243, 62
Trd, 4319907.693, 138
Trd, 4319909.643, 65
Trd, 4319910.593, 60
Trd, 4319911.493, 62
Trd, 4319912.243, 61
Trd, 4319913.193, 63
Trd, 4319913.293, 63
Trd, 4319913.693, 65
Trd, 4319914.743, 124
Trd, 4319915.693, 106
Trd, 4319915.793, 105
Trd, 4319917.593, 139
Trd, 4319917.893, 140
Trd, 4319917.993, 102
Trd, 4319918.343, 140
Trd, 4319918.393, 74
Trd, 4319919.743, 137
Trd, 4319919.943, 140
Trd, 4319921.043, 140
Trd, 4319921.143, 140
Trd, 4319922.943, 139
Trd, 4319923.993, 140
Trd, 4319924.293, 140
Trd, 4319924.943, 140
Trd, 4319925.343, 139
Trd, 4319925.593, 140
Trd, 4319926.143, 137
Trd, 4319926.843, 140
Trd, 4319927.143, 140
Trd, 4319928.843, 140
Trd, 4319929.243, 140
Trd, 4319929.443, 139
Trd, 4319929.593, 101
Trd, 4319930.993, 140
Trd, 4319931.243, 69
Trd, 4319933.493, 140
Trd, 4319933.543, 140
Trd, 4319934.293, 139
Trd, 4319934.443, 132
Trd, 4319935.393, 137
Trd, 4319936.293, 140
Trd, 4319936.793, 140
Trd, 4319937.443, 137
Trd, 4319939.593, 140
Trd, 4319939.893, 138
Trd, 4319939.943, 138
Trd, 4319940.443, 140
Trd, 4319941.293, 139
Trd, 4319941.393, 105
Trd, 4319941.443, 101
Trd, 4319942.393, 60
Trd, 4319942.893, 60
Trd, 4319944.843, 62
Trd, 4319946.443, 60
Trd, 4319947.043, 62
Trd, 4319948.193, 60
Trd, 4319948.543, 60
Trd, 4319948.693, 60
Trd, 4319949.593, 60
Trd, 4319949.693, 61
Trd, 4319950.293, 61
Trd, 4319951.243, 63
Trd, 4319951.843, 64
Trd, 4319953.043, 61
Trd, 4319953.593, 61
Trd, 4319953.943, 63
Trd, 4319954.643, 65
Trd, 4319954.693, 75
Trd, 4319954.843, 63
Trd, 4319955.593, 68
Trd, 4319957.843, 62
Trd, 4319958.593, 60
Trd, 4319959.093, 60
Trd, 4319959.843, 61
Trd, 4319960.293, 66
Trd, 4319960.743, 61
Trd, 4319962.293, 61
Trd, 4319962.993, 61
Trd, 4319963.643, 60
Trd, 4319964.243, 60
Trd, 4319964.843, 60
Trd, 4319966.543, 60
Trd, 4319966.843, 60
Trd, 4319966.943, 60
Trd, 4319969.493, 60
Trd, 4319969.643, 61
Trd, 4319969.793, 62
Trd, 4319970.093, 63
Trd, 4319970.243, 63
Trd, 4319970.393, 61
Trd, 4319970.643, 71
Trd, 4319971.093, 61
Trd, 4319972.093, 140
Trd, 4319973.493, 140
Trd, 4319973.593, 140
Trd, 4319973.943, 138
Trd, 4319974.593, 104
Trd, 4319975.893, 140
Trd, 4319976.043, 140
Trd, 4319976.193, 140
Trd, 4319978.393, 60
Trd, 4319978.443, 60
Trd, 4319978.993, 60
Trd, 4319979.893, 62
Trd, 4319980.443, 64
Trd, 4319980.793, 63
Trd, 4319981.043, 64
Trd, 4319981.793, 60
Trd, 4319982.943, 140
Trd, 4319983.943, 140
Trd, 4319984.293, 140
Trd, 4319984.593, 140
Trd, 4319984.643, 139
Trd, 4319985.393, 140
Trd, 4319986.893, 140
Trd, 4319987.343, 120
Trd, 4319987.443, 119
Trd, 4319988.243, 140
Trd, 4319989.193, 76
Trd, 4319989.843, 67
Trd, 4319991.393, 140
Trd, 4319991.543, 124
Trd, 4319993.343, 60
Trd, 4319993.543, 61
Trd, 4319993.593, 62
Trd, 4319993.743, 62
Trd, 4319994.093, 62
Trd, 4319994.643, 65
Trd, 4319994.943, 70
Trd, 4319995.043, 69
Trd, 4319996.043, 67
Trd, 4319996.493, 67
Trd, 4319997.643, 60
Trd, 4319998.043, 60
Trd, 4319999.243, 60
Trd, 4319999.643, 60
