Trd, 4317845.943, 95
Trd, 4317848.393, 95
Trd, 4317850.393, 94
Trd, 4317854.043, 93
Trd, 4317855.343, 95
Trd, 4317855.943, 95
Trd, 4317858.243, 95
Trd, 4317859.793, 96
Trd, 4317860.793, 91
Trd, 4317860.993, 92
Trd, 4317861.493, 94
Trd, 4317862.893, 95
Trd, 4317864.693, 95
Trd, 4317865.743, 95
Trd, 4317867.393, 94
Trd, 4317868.393, 95
Trd, 4317869.093, 108
Trd, 4317869.693, 90
Trd, 4317870.543, 96
Trd, 4317871.893, 97
Trd, 4317872.293, 111
Trd, 4317875.193, 96
Trd, 4317876.893, 113
Trd, 4317877.193, 102
Trd, 4317878.593, 102
Trd, 4317881.143, 105
Trd, 4317885.543, 103
Trd, 4317888.443, 103
Trd, 4317889.043, 104
Trd, 4317891.443, 104
Trd, 4317894.093, 100
Trd, 4317895.293, 103
Trd, 4317895.493, 94
Trd, 4317898.243, 93
Trd, 4317899.843, 103
Trd, 4317901.843, 104
Trd, 4317901.943, 107
Trd, 4317904.493, 105
Trd, 4317908.243, 104
Trd, 4317909.793, 102
Trd, 4317910.343, 104
Trd, 4317911.693, 102
Trd, 4317913.593, 103
Trd, 4317915.093, 103
Trd, 4317920.643, 103
Trd, 4317921.243, 101
Trd, 4317922.043, 100
Trd, 4317923.443, 99
Trd, 4317924.543, 100
Trd, 4317924.693, 101
Trd, 4317926.843, 95
Trd, 4317926.893, 94
Trd, 4317928.193, 106
Trd, 4317928.393, 103
Trd, 4317930.793, 92
Trd, 4317931.343, 99
Trd, 4317934.143, 96
Trd, 4317934.843, 95
Trd, 4317935.793, 113
Trd, 4317935.993, 93
Trd, 4317936.243, 98
Trd, 4317937.843, 108
Trd, 4317939.643, 93
Trd, 4317940.793, 100
Trd, 4317944.993, 97
Trd, 4317946.793, 100
Trd, 4317947.743, 98
Trd, 4317948.493, 100
Trd, 4317948.593, 100
Trd, 4317950.743, 94
Trd, 4317951.293, 100
Trd, 4317952.743, 100
Trd, 4317953.843, 97
Trd, 4317954.643, 97
Trd, 4317954.693, 113
Trd, 4317956.893, 95
Trd, 4317957.843, 99
Trd, 4317959.393, 94
Trd, 4317960.343, 93
Trd, 4317960.743, 92
Trd, 4317961.693, 95
Trd, 4317963.143, 107
Trd, 4317966.293, 95
Trd, 4317966.343, 95
Trd, 4317966.393, 92
Trd, 4317966.843, 96
Trd, 4317970.693, 95
Trd, 4317972.043, 95
Trd, 4317972.793, 96
Trd, 4317973.443, 104
Trd, 4317974.843, 101
Trd, 4317978.343, 95
Trd, 4317979.743, 96
Trd, 4317981.143, 99
Trd, 4317982.843, 99
Trd, 4317983.643, 93
Trd, 4317984.043, 97
Trd, 4317986.793, 95
Trd, 4317991.143, 95
Trd, 4317991.193, 95
Trd, 4317992.143, 94
Trd, 4317994.993, 93
Trd, 4317995.743, 95
Trd, 4317997.243, 95
Trd, 4317999.193, 92
Trd, 4317999.543, 95
Trd, 4318001.043, 95
Trd, 4318002.543, 95
Trd, 4318003.143, 92
Trd, 4318004.743, 95
Trd, 4318005.143, 98
Trd, 4318005.543, 91
Trd, 4318005.643, 97
Trd, 4318007.393, 114
Trd, 4318009.693, 102
Trd, 4318010.793, 98
Trd, 4318014.543, 95
Trd, 4318014.643, 98
Trd, 4318017.493, 97
Trd, 4318018.993, 92
Trd, 4318022.893, 94
Trd, 4318023.193, 95
Trd, 4318023.443, 93
Trd, 4318025.243, 100
Trd, 4318025.693, 97
Trd, 4318027.943, 85
Trd, 4318028.243, 100
Trd, 4318029.093, 107
Trd, 4318029.943, 98
Trd, 4318030.693, 92
Trd, 4318032.243, 104
Trd, 4318033.743, 105
Trd, 4318034.893, 99
Trd, 4318035.193, 96
Trd, 4318041.043, 99
Trd, 4318043.493, 98
Trd, 4318044.393, 94
Trd, 4318045.043, 98
Trd, 4318046.243, 100
Trd, 4318047.443, 99
Trd, 4318051.693, 94
Trd, 4318051.893, 99
Trd, 4318052.243, 104
Trd, 4318052.943, 97
Trd, 4318054.143, 100
Trd, 4318055.893, 89
Trd, 4318058.443, 96
Trd, 4318059.843, 94
Trd, 4318060.693, 91
Trd, 4318061.493, 94
Trd, 4318063.593, 96
Trd, 4318063.743, 90
Trd, 4318064.043, 90
Trd, 4318066.193, 95
Trd, 4318067.793, 95
Trd, 4318072.243, 95
Trd, 4318073.043, 95
Trd, 4318074.093, 96
Trd, 4318074.493, 85
Trd, 4318075.343, 89
Trd, 4318075.743, 85
Trd, 4318076.243, 93
Trd, 4318077.993, 92
Trd, 4318078.593, 106
Trd, 4318079.393, 105
Trd, 4318080.493, 98
Trd, 4318081.143, 85
Trd, 4318083.293, 101
Trd, 4318086.593, 98
Trd, 4318087.793, 97
Trd, 4318087.893, 95
Trd, 4318087.993, 98
Trd, 4318088.843, 105
Trd, 4318091.393, 94
Trd, 4318093.243, 96
Trd, 4318094.543, 98
Trd, 4318095.493, 93
Trd, 4318096.943, 97
Trd, 4318097.393, 110
Trd, 4318098.743, 101
Trd, 4318102.193, 101
Trd, 4318103.443, 99
Trd, 4318103.543, 92
Trd, 4318103.693, 100
Trd, 4318107.243, 99
Trd, 4318107.593, 100
Trd, 4318110.043, 100
Trd, 4318110.443, 99
Trd, 4318112.843, 95
Trd, 4318114.893, 94
Trd, 4318116.593, 86
Trd, 4318116.693, 90
Trd, 4318117.393, 95
Trd, 4318118.093, 95
Trd, 4318122.093, 93
Trd, 4318123.343, 94
Trd, 4318123.593, 95
Trd, 4318125.843, 94
Trd, 4318128.293, 93
Trd, 4318129.593, 92
Trd, 4318130.293, 91
Trd, 4318133.993, 94
Trd, 4318134.843, 94
Trd, 4318135.493, 91
Trd, 4318138.893, 94
Trd, 4318140.143, 90
Trd, 4318140.993, 95
Trd, 4318141.793, 95
Trd, 4318143.243, 95
Trd, 4318144.543, 96
Trd, 4318146.293, 95
Trd, 4318146.743, 95
Trd, 4318151.043, 89
Trd, 4318151.343, 96
Trd, 4318155.293, 94
Trd, 4318156.043, 98
Trd, 4318157.143, 94
Trd, 4318157.743, 113
Trd, 4318159.093, 113
Trd, 4318159.443, 111
Trd, 4318161.493, 85
Trd, 4318163.143, 92
Trd, 4318163.743, 95
Trd, 4318164.993, 102
Trd, 4318166.843, 100
Trd, 4318169.943, 99
Trd, 4318170.243, 94
Trd, 4318170.743, 113
Trd, 4318171.743, 96
Trd, 4318171.993, 100
Trd, 4318172.343, 104
Trd, 4318173.643, 104
Trd, 4318175.043, 94
Trd, 4318175.093, 102
Trd, 4318179.643, 104
Trd, 4318183.093, 100
Trd, 4318185.393, 96
Trd, 4318186.643, 85
Trd, 4318186.943, 99
Trd, 4318187.243, 99
Trd, 4318187.443, 101
Trd, 4318190.543, 101
Trd, 4318192.793, 94
Trd, 4318194.443, 97
Trd, 4318195.043, 99
Trd, 4318196.793, 94
Trd, 4318199.243, 96
Trd, 4318199.443, 97
Trd, 4318199.993, 104
Trd, 4318201.843, 104
Trd, 4318202.843, 104
Trd, 4318203.043, 101
Trd, 4318203.693, 100
Trd, 4318204.543, 100
Trd, 4318205.443, 94
Trd, 4318207.143, 104
Trd, 4318207.193, 113
Trd, 4318207.543, 72
Trd, 4318209.843, 98
Trd, 4318211.843, 96
Trd, 4318212.943, 89
Trd, 4318213.643, 95
Trd, 4318214.743, 97
Trd, 4318215.343, 107
Trd, 4318215.643, 98
Trd, 4318217.043, 93
Trd, 4318217.093, 113
Trd, 4318221.443, 97
Trd, 4318224.193, 97
Trd, 4318224.593, 96
Trd, 4318225.193, 95
Trd, 4318225.943, 98
Trd, 4318228.493, 96
Trd, 4318229.993, 94
Trd, 4318230.293, 97
Trd, 4318231.343, 93
Trd, 4318231.643, 97
Trd, 4318232.543, 97
Trd, 4318234.743, 98
Trd, 4318238.443, 98
Trd, 4318238.743, 96
Trd, 4318240.393, 98
Trd, 4318240.793, 94
Trd, 4318243.543, 97
Trd, 4318245.193, 95
Trd, 4318247.143, 97
Trd, 4318248.343, 97
Trd, 4318250.843, 94
Trd, 4318252.293, 97
Trd, 4318252.693, 97
Trd, 4318254.493, 104
Trd, 4318254.743, 100
Trd, 4318255.143, 106
Trd, 4318255.593, 85
Trd, 4318258.493, 93
Trd, 4318259.243, 92
Trd, 4318259.793, 114
Trd, 4318264.293, 97
Trd, 4318264.943, 97
Trd, 4318266.093, 97
Trd, 4318267.893, 91
Trd, 4318268.293, 97
Trd, 4318268.443, 107
Trd, 4318270.393, 108
Trd, 4318274.193, 97
Trd, 4318274.493, 99
Trd, 4318275.943, 101
Trd, 4318276.743, 99
Trd, 4318277.293, 101
Trd, 4318278.243, 101
Trd, 4318282.343, 99
Trd, 4318282.493, 96
Trd, 4318283.693, 109
Trd, 4318284.993, 94
Trd, 4318287.593, 94
Trd, 4318287.993, 97
Trd, 4318288.443, 98
Trd, 4318288.743, 93
Trd, 4318290.693, 94
Trd, 4318291.793, 95
Trd, 4318291.843, 96
Trd, 4318293.343, 94
Trd, 4318294.793, 94
Trd, 4318295.693, 95
Trd, 4318298.643, 95
Trd, 4318300.893, 96
Trd, 4318302.543, 95
Trd, 4318302.943, 91
Trd, 4318304.493, 95
Trd, 4318304.643, 92
Trd, 4318306.243, 106
Trd, 4318308.393, 96
Trd, 4318308.443, 99
Trd, 4318310.293, 97
Trd, 4318310.793, 99
Trd, 4318310.843, 104
Trd, 4318313.543, 95
Trd, 4318315.193, 99
Trd, 4318315.493, 99
Trd, 4318317.493, 98
Trd, 4318318.343, 97
Trd, 4318320.143, 105
Trd, 4318320.443, 106
Trd, 4318321.493, 103
Trd, 4318325.943, 102
Trd, 4318326.243, 103
Trd, 4318326.393, 103
Trd, 4318327.043, 100
Trd, 4318327.293, 111
Trd, 4318329.643, 108
Trd, 4318331.793, 98
Trd, 4318332.943, 101
Trd, 4318335.493, 103
Trd, 4318336.393, 114
Trd, 4318336.993, 93
Trd, 4318337.843, 98
Trd, 4318340.943, 110
Trd, 4318342.093, 105
Trd, 4318342.943, 101
Trd, 4318345.093, 99
Trd, 4318345.793, 103
Trd, 4318346.593, 103
Trd, 4318349.793, 104
Trd, 4318350.493, 104
Trd, 4318350.543, 97
Trd, 4318352.343, 104
Trd, 4318357.943, 102
Trd, 4318358.243, 96
Trd, 4318359.343, 102
Trd, 4318359.443, 101
Trd, 4318359.843, 102
Trd, 4318362.343, 106
Trd, 4318363.243, 105
Trd, 4318364.743, 101
Trd, 4318365.493, 100
Trd, 4318365.743, 85
Trd, 4318367.043, 102
Trd, 4318367.993, 103
Trd, 4318371.243, 101
Trd, 4318373.943, 101
Trd, 4318374.543, 100
Trd, 4318375.293, 104
Trd, 4318375.593, 93
Trd, 4318379.293, 100
Trd, 4318379.593, 72
Trd, 4318380.393, 95
Trd, 4318383.893, 95
Trd, 4318384.193, 95
Trd, 4318384.843, 95
Trd, 4318385.143, 91
Trd, 4318386.793, 95
Trd, 4318388.743, 107
Trd, 4318388.993, 99
Trd, 4318389.943, 95
Trd, 4318390.093, 93
Trd, 4318393.393, 87
Trd, 4318393.943, 95
Trd, 4318394.543, 106
Trd, 4318397.393, 97
Trd, 4318397.593, 91
Trd, 4318399.143, 98
Trd, 4318402.243, 95
Trd, 4318402.493, 95
Trd, 4318405.943, 90
Trd, 4318406.443, 104
Trd, 4318406.943, 101
Trd, 4318408.543, 101
Trd, 4318409.143, 103
Trd, 4318411.493, 104
Trd, 4318411.993, 110
Trd, 4318412.993, 107
Trd, 4318416.593, 100
Trd, 4318417.993, 103
Trd, 4318418.643, 94
Trd, 4318420.793, 113
Trd, 4318420.993, 85
Trd, 4318421.693, 105
Trd, 4318422.293, 115
Trd, 4318424.993, 104
Trd, 4318425.093, 108
Trd, 4318425.593, 114
Trd, 4318429.393, 107
Trd, 4318430.093, 105
Trd, 4318430.693, 102
Trd, 4318432.893, 85
Trd, 4318433.693, 87
Trd, 4318435.243, 92
Trd, 4318435.293, 95
Trd, 4318436.793, 84
Trd, 4318437.343, 88
Trd, 4318440.393, 89
Trd, 4318440.893, 88
Trd, 4318441.093, 102
Trd, 4318447.343, 89
Trd, 4318447.693, 90
Trd, 4318449.193, 89
Trd, 4318451.293, 104
Trd, 4318451.543, 93
Trd, 4318452.743, 97
Trd, 4318455.793, 94
Trd, 4318457.293, 97
Trd, 4318458.493, 101
Trd, 4318459.893, 96
Trd, 4318464.943, 96
Trd, 4318465.293, 94
Trd, 4318467.143, 95
Trd, 4318467.293, 95
Trd, 4318470.043, 94
Trd, 4318471.193, 95
Trd, 4318471.793, 94
Trd, 4318472.993, 93
Trd, 4318473.243, 93
Trd, 4318475.143, 95
Trd, 4318476.043, 98
Trd, 4318476.293, 114
Trd, 4318480.343, 98
Trd, 4318480.793, 103
Trd, 4318481.293, 99
Trd, 4318481.693, 97
Trd, 4318483.493, 98
Trd, 4318483.543, 105
Trd, 4318483.643, 85
Trd, 4318485.143, 91
Trd, 4318485.993, 100
Trd, 4318486.493, 96
Trd, 4318488.443, 91
Trd, 4318489.493, 98
Trd, 4318490.243, 100
Trd, 4318490.593, 114
Trd, 4318494.143, 92
Trd, 4318495.743, 97
Trd, 4318496.443, 91
Trd, 4318499.343, 96
Trd, 4318500.043, 95
Trd, 4318500.443, 90
Trd, 4318503.393, 93
Trd, 4318503.993, 88
Trd, 4318504.843, 95
Trd, 4318505.393, 95
Trd, 4318505.543, 85
Trd, 4318507.193, 93
Trd, 4318509.743, 85
Trd, 4318510.693, 95
Trd, 4318512.093, 91
Trd, 4318513.893, 91
Trd, 4318514.993, 96
Trd, 4318517.493, 92
Trd, 4318519.443, 93
Trd, 4318520.443, 92
Trd, 4318524.893, 90
Trd, 4318525.393, 95
Trd, 4318527.043, 92
Trd, 4318527.743, 93
Trd, 4318529.243, 93
Trd, 4318531.993, 92
Trd, 4318532.593, 89
Trd, 4318536.393, 88
Trd, 4318536.643, 92
Trd, 4318536.693, 92
Trd, 4318537.493, 95
Trd, 4318540.243, 96
Trd, 4318540.893, 114
Trd, 4318541.643, 96
Trd, 4318544.093, 92
Trd, 4318545.193, 95
Trd, 4318545.343, 95
Trd, 4318546.143, 95
Trd, 4318547.343, 92
Trd, 4318548.043, 95
Trd, 4318550.143, 88
Trd, 4318551.543, 91
Trd, 4318552.193, 93
Trd, 4318552.243, 95
Trd, 4318554.193, 97
Trd, 4318554.793, 95
Trd, 4318555.393, 93
Trd, 4318556.793, 97
Trd, 4318559.593, 98
Trd, 4318560.593, 99
Trd, 4318560.743, 94
Trd, 4318561.443, 109
Trd, 4318561.993, 102
Trd, 4318565.093, 102
Trd, 4318565.643, 93
Trd, 4318566.143, 110
Trd, 4318568.493, 94
Trd, 4318568.693, 101
Trd, 4318570.343, 102
Trd, 4318570.893, 101
Trd, 4318571.843, 101
Trd, 4318575.443, 93
Trd, 4318578.343, 93
Trd, 4318578.793, 95
Trd, 4318580.093, 95
Trd, 4318581.143, 105
Trd, 4318582.443, 97
Trd, 4318585.393, 97
Trd, 4318587.393, 97
Trd, 4318588.043, 97
Trd, 4318591.643, 93
Trd, 4318592.343, 96
Trd, 4318593.943, 95
Trd, 4318597.043, 95
Trd, 4318598.193, 95
Trd, 4318598.543, 93
Trd, 4318598.993, 105
Trd, 4318599.443, 109
Trd, 4318599.643, 113
Trd, 4318600.393, 104
Trd, 4318604.693, 100
Trd, 4318607.693, 101
Trd, 4318607.943, 100
Trd, 4318609.843, 94
Trd, 4318610.643, 98
Trd, 4318611.093, 100
Trd, 4318611.893, 110
Trd, 4318612.443, 107
Trd, 4318613.943, 105
Trd, 4318617.443, 104
Trd, 4318617.793, 94
Trd, 4318622.143, 98
Trd, 4318624.643, 98
Trd, 4318627.093, 97
Trd, 4318628.043, 98
Trd, 4318628.793, 95
Trd, 4318630.643, 96
Trd, 4318631.293, 94
Trd, 4318631.993, 96
Trd, 4318632.443, 113
Trd, 4318633.993, 97
Trd, 4318636.793, 94
Trd, 4318638.543, 94
Trd, 4318639.393, 96
Trd, 4318639.443, 94
Trd, 4318640.493, 95
Trd, 4318640.843, 108
Trd, 4318641.193, 100
Trd, 4318642.543, 110
Trd, 4318647.893, 89
Trd, 4318648.393, 98
Trd, 4318648.793, 99
Trd, 4318649.793, 95
Trd, 4318651.393, 97
Trd, 4318651.743, 97
Trd, 4318652.593, 113
Trd, 4318653.943, 106
Trd, 4318654.093, 108
Trd, 4318655.643, 113
Trd, 4318655.893, 94
Trd, 4318657.093, 94
Trd, 4318660.593, 102
Trd, 4318660.793, 103
Trd, 4318662.193, 102
Trd, 4318662.743, 97
Trd, 4318664.193, 102
Trd, 4318664.843, 102
Trd, 4318667.343, 102
Trd, 4318670.443, 100
Trd, 4318671.793, 86
Trd, 4318672.443, 93
Trd, 4318676.493, 93
Trd, 4318677.493, 92
Trd, 4318678.043, 94
Trd, 4318678.293, 91
Trd, 4318679.793, 94
Trd, 4318681.343, 94
Trd, 4318686.293, 90
Trd, 4318687.193, 94
Trd, 4318687.693, 95
Trd, 4318689.693, 90
Trd, 4318691.593, 94
Trd, 4318691.643, 89
Trd, 4318692.243, 94
Trd, 4318693.493, 95
Trd, 4318694.243, 95
Trd, 4318695.643, 96
Trd, 4318697.943, 94
Trd, 4318698.443, 90
Trd, 4318700.093, 95
Trd, 4318701.593, 95
Trd, 4318703.093, 89
Trd, 4318703.443, 108
Trd, 4318707.943, 88
Trd, 4318708.043, 96
Trd, 4318711.443, 95
Trd, 4318711.693, 95
Trd, 4318712.493, 96
Trd, 4318713.393, 99
Trd, 4318715.443, 98
Trd, 4318717.243, 99
Trd, 4318717.393, 113
Trd, 4318718.093, 97
Trd, 4318720.893, 99
Trd, 4318721.243, 101
Trd, 4318721.843, 95
Trd, 4318724.943, 99
Trd, 4318726.193, 94
Trd, 4318726.543, 99
Trd, 4318727.093, 106
Trd, 4318727.293, 102
Trd, 4318729.843, 103
Trd, 4318734.293, 115
Trd, 4318735.443, 103
Trd, 4318739.543, 103
Trd, 4318739.843, 99
Trd, 4318740.643, 104
Trd, 4318742.043, 94
Trd, 4318743.693, 101
Trd, 4318744.043, 107
Trd, 4318744.443, 95
Trd, 4318747.093, 104
Trd, 4318748.693, 102
Trd, 4318750.043, 93
Trd, 4318754.043, 102
Trd, 4318754.343, 97
Trd, 4318755.993, 99
Trd, 4318758.293, 100
Trd, 4318758.393, 100
Trd, 4318761.093, 99
Trd, 4318761.743, 100
Trd, 4318765.793, 99
Trd, 4318766.043, 100
Trd, 4318766.443, 100
Trd, 4318767.843, 100
Trd, 4318768.543, 94
Trd, 4318770.093, 102
Trd, 4318770.993, 104
Trd, 4318772.543, 103
Trd, 4318775.043, 102
Trd, 4318776.243, 102
Trd, 4318776.893, 107
Trd, 4318779.443, 106
Trd, 4318780.643, 85
Trd, 4318786.193, 102
Trd, 4318786.243, 96
Trd, 4318786.443, 102
Trd, 4318787.793, 101
Trd, 4318790.543, 94
Trd, 4318790.693, 108
Trd, 4318791.243, 113
Trd, 4318792.343, 85
Trd, 4318793.393, 103
Trd, 4318795.393, 99
Trd, 4318795.743, 99
Trd, 4318798.293, 93
Trd, 4318798.593, 97
Trd, 4318799.343, 98
Trd, 4318801.793, 93
Trd, 4318806.193, 96
Trd, 4318807.393, 94
Trd, 4318810.043, 96
Trd, 4318812.693, 96
Trd, 4318815.493, 93
Trd, 4318818.743, 95
Trd, 4318818.893, 96
Trd, 4318821.843, 97
Trd, 4318822.093, 97
Trd, 4318822.243, 94
Trd, 4318826.093, 96
Trd, 4318827.543, 96
Trd, 4318828.943, 96
Trd, 4318829.493, 95
Trd, 4318829.843, 94
Trd, 4318830.993, 85
Trd, 4318831.993, 97
Trd, 4318835.643, 97
Trd, 4318836.293, 96
Trd, 4318837.193, 95
Trd, 4318838.043, 103
Trd, 4318839.993, 98
Trd, 4318840.943, 94
Trd, 4318842.493, 98
Trd, 4318842.993, 95
Trd, 4318846.293, 98
Trd, 4318847.043, 98
Trd, 4318850.143, 95
Trd, 4318851.493, 98
Trd, 4318852.843, 98
Trd, 4318855.193, 98
Trd, 4318855.243, 94
Trd, 4318858.493, 98
Trd, 4318859.293, 98
Trd, 4318859.593, 104
Trd, 4318860.943, 113
Trd, 4318861.793, 94
Trd, 4318862.593, 102
Trd, 4318863.243, 104
Trd, 4318866.493, 94
Trd, 4318867.043, 96
Trd, 4318867.843, 98
Trd, 4318868.793, 113
Trd, 4318869.093, 99
Trd, 4318870.143, 99
Trd, 4318870.893, 97
Trd, 4318873.943, 96
Trd, 4318875.143, 95
Trd, 4318876.643, 104
Trd, 4318877.243, 97
Trd, 4318878.993, 97
Trd, 4318881.093, 94
Trd, 4318882.143, 97
Trd, 4318883.593, 97
Trd, 4318884.793, 95
Trd, 4318885.543, 93
Trd, 4318887.643, 96
Trd, 4318888.243, 96
Trd, 4318888.693, 97
Trd, 4318889.243, 104
Trd, 4318892.893, 95
Trd, 4318893.093, 93
Trd, 4318896.093, 95
Trd, 4318897.243, 93
Trd, 4318897.543, 97
Trd, 4318900.893, 104
Trd, 4318900.943, 102
Trd, 4318902.543, 103
Trd, 4318903.843, 71
Trd, 4318904.893, 113
Trd, 4318905.893, 92
Trd, 4318906.243, 94
Trd, 4318906.593, 106
Trd, 4318908.393, 93
Trd, 4318910.343, 95
Trd, 4318913.193, 92
Trd, 4318914.543, 94
Trd, 4318915.093, 94
Trd, 4318917.643, 103
Trd, 4318918.793, 96
Trd, 4318919.043, 95
Trd, 4318922.643, 97
Trd, 4318922.943, 95
Trd, 4318923.643, 89
Trd, 4318925.343, 91
Trd, 4318927.693, 93
Trd, 4318929.693, 94
Trd, 4318929.843, 93
Trd, 4318930.993, 92
Trd, 4318932.543, 90
Trd, 4318933.993, 92
Trd, 4318935.143, 92
Trd, 4318937.393, 92
Trd, 4318937.743, 95
Trd, 4318939.943, 93
Trd, 4318940.043, 96
Trd, 4318940.693, 91
Trd, 4318941.393, 99
Trd, 4318944.293, 93
Trd, 4318944.493, 94
Trd, 4318944.993, 96
Trd, 4318945.293, 93
Trd, 4318945.843, 96
Trd, 4318945.993, 106
Trd, 4318950.793, 92
Trd, 4318950.993, 94
Trd, 4318955.143, 94
Trd, 4318956.243, 92
Trd, 4318956.943, 92
Trd, 4318957.393, 85
Trd, 4318960.843, 92
Trd, 4318962.743, 95
Trd, 4318964.143, 95
Trd, 4318964.593, 90
Trd, 4318966.643, 90
Trd, 4318968.493, 93
Trd, 4318971.943, 93
Trd, 4318972.193, 89
Trd, 4318972.393, 95
Trd, 4318974.443, 93
Trd, 4318977.693, 93
Trd, 4318977.993, 94
Trd, 4318979.643, 93
Trd, 4318981.343, 90
Trd, 4318981.793, 96
Trd, 4318985.093, 95
Trd, 4318987.893, 94
Trd, 4318989.393, 94
Trd, 4318991.943, 93
Trd, 4318992.193, 91
Trd, 4318992.293, 95
Trd, 4318993.593, 95
Trd, 4318993.943, 113
Trd, 4318994.293, 85
Trd, 4318995.393, 97
Trd, 4318999.543, 90
Trd, 4319000.243, 96
Trd, 4319000.493, 96
Trd, 4319000.993, 110
Trd, 4319001.693, 103
Trd, 4319003.943, 109
Trd, 4319004.793, 100
Trd, 4319006.143, 94
Trd, 4319008.243, 103
Trd, 4319009.493, 102
Trd, 4319009.893, 85
Trd, 4319013.093, 100
Trd, 4319013.993, 101
Trd, 4319014.843, 113
Trd, 4319015.293, 94
Trd, 4319015.943, 95
Trd, 4319017.593, 97
Trd, 4319018.793, 96
Trd, 4319020.293, 99
Trd, 4319021.393, 98
Trd, 4319023.493, 93
Trd, 4319023.943, 110
Trd, 4319025.593, 95
Trd, 4319029.493, 98
Trd, 4319029.893, 99
Trd, 4319032.693, 94
Trd, 4319033.743, 99
Trd, 4319034.143, 91
Trd, 4319034.593, 99
Trd, 4319036.693, 92
Trd, 4319037.693, 104
Trd, 4319038.143, 102
Trd, 4319039.493, 113
Trd, 4319039.643, 102
Trd, 4319041.693, 93
Trd, 4319042.743, 101
Trd, 4319044.093, 95
Trd, 4319044.793, 95
Trd, 4319045.393, 103
Trd, 4319046.693, 92
Trd, 4319046.793, 120
Trd, 4319048.143, 101
Trd, 4319049.293, 103
Trd, 4319049.993, 106
Trd, 4319051.643, 105
Trd, 4319052.593, 111
Trd, 4319054.893, 102
Trd, 4319057.543, 99
Trd, 4319059.543, 104
Trd, 4319059.843, 94
Trd, 4319059.943, 101
Trd, 4319062.193, 101
Trd, 4319065.193, 101
Trd, 4319065.593, 105
Trd, 4319067.293, 97
Trd, 4319068.043, 85
Trd, 4319069.893, 100
Trd, 4319071.343, 97
Trd, 4319077.443, 93
Trd, 4319078.993, 91
Trd, 4319079.693, 88
Trd, 4319080.093, 91
Trd, 4319080.593, 95
Trd, 4319082.543, 92
Trd, 4319084.443, 95
Trd, 4319086.843, 90
Trd, 4319087.693, 92
Trd, 4319087.993, 93
Trd, 4319089.593, 96
Trd, 4319089.643, 114
Trd, 4319091.843, 97
Trd, 4319095.443, 96
Trd, 4319095.743, 96
Trd, 4319096.243, 91
Trd, 4319098.343, 85
Trd, 4319100.093, 71
Trd, 4319101.943, 96
Trd, 4319102.693, 96
Trd, 4319105.093, 105
Trd, 4319106.243, 99
Trd, 4319107.693, 102
Trd, 4319110.093, 99
Trd, 4319111.643, 104
Trd, 4319112.443, 99
Trd, 4319113.193, 99
Trd, 4319113.843, 100
Trd, 4319113.943, 94
Trd, 4319117.193, 113
Trd, 4319121.743, 100
Trd, 4319122.293, 93
Trd, 4319123.493, 100
Trd, 4319124.093, 100
Trd, 4319125.543, 95
Trd, 4319129.343, 98
Trd, 4319129.993, 98
Trd, 4319132.243, 104
Trd, 4319133.793, 100
Trd, 4319134.843, 99
Trd, 4319135.393, 94
Trd, 4319137.693, 99
Trd, 4319138.043, 99
Trd, 4319138.893, 100
Trd, 4319141.043, 100
Trd, 4319143.293, 94
Trd, 4319146.243, 93
Trd, 4319146.793, 97
Trd, 4319147.593, 97
Trd, 4319149.143, 97
Trd, 4319150.743, 97
Trd, 4319152.593, 92
Trd, 4319154.343, 95
Trd, 4319155.243, 95
Trd, 4319155.343, 106
Trd, 4319156.243, 105
Trd, 4319159.243, 98
Trd, 4319159.643, 94
Trd, 4319160.543, 99
Trd, 4319164.443, 97
Trd, 4319164.793, 98
Trd, 4319164.893, 97
Trd, 4319166.843, 97
Trd, 4319166.893, 105
Trd, 4319167.943, 96
Trd, 4319172.343, 97
Trd, 4319173.743, 95
Trd, 4319173.943, 97
Trd, 4319173.993, 94
Trd, 4319176.543, 97
Trd, 4319179.693, 94
Trd, 4319179.993, 97
Trd, 4319180.693, 97
Trd, 4319181.393, 96
Trd, 4319182.843, 97
Trd, 4319186.343, 97
Trd, 4319186.893, 98
Trd, 4319188.443, 95
Trd, 4319188.793, 96
Trd, 4319189.643, 97
Trd, 4319192.043, 107
Trd, 4319192.443, 98
Trd, 4319193.393, 86
Trd, 4319195.343, 95
Trd, 4319195.993, 83
Trd, 4319196.443, 85
Trd, 4319198.343, 109
Trd, 4319199.043, 113
Trd, 4319200.243, 96
Trd, 4319200.493, 98
Trd, 4319201.943, 103
Trd, 4319203.393, 97
Trd, 4319204.293, 97
Trd, 4319204.943, 94
Trd, 4319207.993, 112
Trd, 4319210.193, 97
Trd, 4319213.593, 95
Trd, 4319214.443, 95
Trd, 4319215.193, 95
Trd, 4319217.543, 95
Trd, 4319218.693, 93
Trd, 4319218.993, 95
Trd, 4319221.043, 99
Trd, 4319221.093, 104
Trd, 4319221.943, 124
Trd, 4319223.793, 110
Trd, 4319224.093, 94
Trd, 4319226.743, 100
Trd, 4319230.793, 95
Trd, 4319232.143, 101
Trd, 4319233.843, 103
Trd, 4319236.143, 100
Trd, 4319236.743, 95
Trd, 4319238.143, 100
Trd, 4319241.043, 99
Trd, 4319243.393, 99
Trd, 4319244.743, 99
Trd, 4319244.943, 96
Trd, 4319245.843, 99
Trd, 4319248.493, 99
Trd, 4319248.943, 95
Trd, 4319253.143, 97
Trd, 4319253.543, 97
Trd, 4319255.793, 97
Trd, 4319256.243, 97
Trd, 4319258.193, 104
Trd, 4319259.343, 96
Trd, 4319260.293, 97
Trd, 4319261.093, 97
Trd, 4319263.593, 97
Trd, 4319263.743, 104
Trd, 4319266.443, 96
Trd, 4319268.343, 94
Trd, 4319273.093, 95
Trd, 4319275.143, 95
Trd, 4319276.093, 95
Trd, 4319277.093, 93
Trd, 4319277.693, 95
Trd, 4319279.643, 92
Trd, 4319281.393, 96
Trd, 4319282.043, 95
Trd, 4319285.993, 95
Trd, 4319287.243, 94
Trd, 4319288.093, 96
Trd, 4319288.543, 94
Trd, 4319288.693, 96
Trd, 4319289.293, 96
Trd, 4319292.443, 95
Trd, 4319293.393, 97
Trd, 4319293.793, 110
Trd, 4319298.993, 98
Trd, 4319300.493, 95
Trd, 4319300.993, 93
Trd, 4319302.543, 95
Trd, 4319302.943, 95
Trd, 4319303.893, 95
Trd, 4319304.193, 98
Trd, 4319305.743, 95
Trd, 4319308.143, 95
Trd, 4319310.793, 92
Trd, 4319311.393, 94
Trd, 4319313.743, 92
Trd, 4319315.043, 94
Trd, 4319315.193, 91
Trd, 4319317.143, 94
Trd, 4319318.693, 95
Trd, 4319319.693, 91
Trd, 4319320.543, 94
Trd, 4319323.243, 93
Trd, 4319323.393, 95
Trd, 4319323.793, 95
Trd, 4319325.443, 96
Trd, 4319326.593, 104
Trd, 4319326.893, 101
Trd, 4319330.293, 97
Trd, 4319332.793, 95
Trd, 4319333.593, 94
Trd, 4319337.293, 94
Trd, 4319337.493, 95
Trd, 4319338.393, 95
Trd, 4319340.543, 95
Trd, 4319341.543, 94
Trd, 4319342.093, 93
Trd, 4319342.893, 95
Trd, 4319344.493, 94
Trd, 4319345.143, 91
Trd, 4319346.343, 91
Trd, 4319348.293, 85
Trd, 4319349.893, 95
Trd, 4319350.043, 88
Trd, 4319351.693, 89
Trd, 4319355.243, 112
Trd, 4319356.193, 96
Trd, 4319356.343, 97
Trd, 4319358.443, 96
Trd, 4319359.843, 97
Trd, 4319360.893, 96
Trd, 4319363.293, 94
Trd, 4319364.193, 94
Trd, 4319364.343, 98
Trd, 4319365.893, 99
Trd, 4319367.193, 98
Trd, 4319371.243, 99
Trd, 4319372.293, 96
Trd, 4319373.493, 98
Trd, 4319375.893, 97
Trd, 4319376.093, 97
Trd, 4319376.193, 107
Trd, 4319377.493, 96
Trd, 4319377.893, 93
Trd, 4319378.243, 102
Trd, 4319379.643, 103
Trd, 4319381.793, 97
Trd, 4319382.543, 100
Trd, 4319383.143, 94
Trd, 4319384.543, 90
Trd, 4319387.743, 99
Trd, 4319388.643, 97
Trd, 4319389.143, 108
Trd, 4319389.343, 117
Trd, 4319389.393, 98
Trd, 4319393.943, 99
Trd, 4319395.343, 99
Trd, 4319397.643, 99
Trd, 4319400.093, 94
Trd, 4319403.443, 98
Trd, 4319404.043, 97
Trd, 4319404.693, 94
Trd, 4319408.993, 96
Trd, 4319409.143, 93
Trd, 4319409.943, 96
Trd, 4319412.143, 95
Trd, 4319412.493, 94
Trd, 4319413.393, 93
Trd, 4319413.643, 104
Trd, 4319416.143, 96
Trd, 4319417.893, 93
Trd, 4319419.143, 95
Trd, 4319422.243, 90
Trd, 4319424.493, 95
Trd, 4319424.893, 96
Trd, 4319426.793, 96
Trd, 4319427.543, 91
Trd, 4319428.093, 101
Trd, 4319429.043, 99
Trd, 4319431.243, 85
Trd, 4319434.343, 100
Trd, 4319434.793, 92
Trd, 4319434.893, 108
Trd, 4319435.093, 81
Trd, 4319436.043, 104
Trd, 4319436.643, 74
Trd, 4319438.443, 91
Trd, 4319439.943, 89
Trd, 4319440.093, 92
Trd, 4319441.943, 97
Trd, 4319444.043, 102
Trd, 4319444.643, 99
Trd, 4319445.743, 99
Trd, 4319445.943, 99
Trd, 4319447.493, 98
Trd, 4319448.243, 96
Trd, 4319450.743, 97
Trd, 4319451.943, 105
Trd, 4319452.743, 103
Trd, 4319453.793, 102
Trd, 4319456.593, 99
Trd, 4319456.893, 105
Trd, 4319457.793, 99
Trd, 4319459.243, 94
Trd, 4319461.043, 103
Trd, 4319462.393, 108
Trd, 4319463.643, 102
Trd, 4319463.843, 106
Trd, 4319466.993, 93
Trd, 4319467.193, 100
Trd, 4319467.743, 85
Trd, 4319469.093, 96
Trd, 4319470.643, 95
Trd, 4319475.393, 94
Trd, 4319476.393, 94
Trd, 4319476.643, 95
Trd, 4319476.843, 91
Trd, 4319477.243, 95
Trd, 4319477.843, 90
Trd, 4319478.343, 94
Trd, 4319481.093, 93
Trd, 4319481.943, 106
Trd, 4319483.493, 98
Trd, 4319485.943, 99
Trd, 4319486.043, 96
Trd, 4319486.593, 108
Trd, 4319489.143, 103
Trd, 4319490.843, 96
Trd, 4319493.893, 94
Trd, 4319494.543, 102
Trd, 4319495.993, 109
Trd, 4319497.093, 106
Trd, 4319497.943, 107
Trd, 4319498.043, 93
Trd, 4319503.243, 102
Trd, 4319503.543, 105
Trd, 4319505.393, 103
Trd, 4319506.493, 96
Trd, 4319508.443, 102
Trd, 4319508.793, 98
Trd, 4319512.043, 102
Trd, 4319512.593, 102
Trd, 4319514.193, 102
Trd, 4319514.643, 100
Trd, 4319516.843, 97
Trd, 4319517.093, 101
Trd, 4319517.693, 94
Trd, 4319520.993, 99
Trd, 4319521.393, 98
Trd, 4319522.543, 98
Trd, 4319523.043, 99
Trd, 4319524.843, 106
Trd, 4319525.993, 102
Trd, 4319526.343, 103
Trd, 4319527.543, 102
Trd, 4319529.193, 113
Trd, 4319529.543, 89
Trd, 4319531.843, 96
Trd, 4319534.293, 102
Trd, 4319535.143, 102
Trd, 4319537.443, 97
Trd, 4319537.993, 101
Trd, 4319538.293, 113
Trd, 4319544.293, 103
Trd, 4319544.543, 99
Trd, 4319545.343, 102
Trd, 4319546.693, 95
Trd, 4319547.593, 94
Trd, 4319549.393, 96
Trd, 4319550.893, 96
Trd, 4319552.443, 96
Trd, 4319553.093, 113
Trd, 4319553.443, 130
Trd, 4319553.943, 112
Trd, 4319556.943, 104
Trd, 4319557.143, 105
Trd, 4319557.543, 92
Trd, 4319558.493, 99
Trd, 4319559.893, 102
Trd, 4319562.143, 101
Trd, 4319563.743, 98
Trd, 4319564.943, 99
Trd, 4319567.543, 100
Trd, 4319568.193, 94
Trd, 4319569.593, 98
Trd, 4319569.793, 99
Trd, 4319571.043, 99
Trd, 4319571.393, 107
Trd, 4319572.443, 114
Trd, 4319573.643, 102
Trd, 4319574.593, 105
Trd, 4319575.443, 103
Trd, 4319578.093, 111
Trd, 4319578.343, 101
Trd, 4319579.243, 101
Trd, 4319580.193, 105
Trd, 4319584.143, 99
Trd, 4319584.293, 94
Trd, 4319584.743, 98
Trd, 4319586.493, 93
Trd, 4319586.643, 96
Trd, 4319588.993, 85
Trd, 4319591.043, 95
Trd, 4319591.693, 95
Trd, 4319592.043, 114
Trd, 4319596.093, 91
Trd, 4319596.793, 95
Trd, 4319597.143, 95
Trd, 4319597.243, 96
Trd, 4319600.793, 90
Trd, 4319601.293, 94
Trd, 4319601.543, 95
Trd, 4319602.793, 104
Trd, 4319603.093, 85
Trd, 4319605.443, 89
Trd, 4319605.843, 99
Trd, 4319607.993, 91
Trd, 4319609.693, 93
Trd, 4319611.743, 93
Trd, 4319614.743, 93
Trd, 4319615.593, 91
Trd, 4319615.643, 95
Trd, 4319617.493, 90
Trd, 4319620.193, 93
Trd, 4319621.293, 96
Trd, 4319621.793, 113
Trd, 4319622.593, 99
Trd, 4319623.793, 95
Trd, 4319624.693, 96
Trd, 4319626.893, 96
Trd, 4319627.543, 89
Trd, 4319627.593, 93
Trd, 4319629.793, 90
Trd, 4319630.393, 99
Trd, 4319630.643, 104
Trd, 4319633.643, 93
Trd, 4319634.093, 96
Trd, 4319637.643, 95
Trd, 4319638.043, 96
Trd, 4319638.543, 92
Trd, 4319642.193, 94
Trd, 4319642.343, 95
Trd, 4319642.943, 95
Trd, 4319643.643, 99
Trd, 4319646.343, 107
Trd, 4319647.993, 97
Trd, 4319648.793, 100
Trd, 4319650.093, 94
Trd, 4319651.693, 95
Trd, 4319653.093, 101
Trd, 4319655.743, 97
Trd, 4319656.143, 98
Trd, 4319657.893, 96
Trd, 4319658.243, 94
Trd, 4319659.043, 96
Trd, 4319660.643, 93
Trd, 4319661.393, 85
Trd, 4319662.643, 93
Trd, 4319662.943, 96
Trd, 4319663.643, 113
Trd, 4319667.743, 98
Trd, 4319669.293, 93
Trd, 4319669.993, 96
Trd, 4319670.143, 98
Trd, 4319671.743, 92
Trd, 4319673.093, 97
Trd, 4319673.943, 97
Trd, 4319675.343, 96
Trd, 4319676.343, 91
Trd, 4319677.243, 96
Trd, 4319677.943, 110
Trd, 4319679.393, 104
Trd, 4319679.793, 105
Trd, 4319682.043, 85
Trd, 4319682.343, 99
Trd, 4319682.943, 102
Trd, 4319683.093, 103
Trd, 4319683.543, 94
Trd, 4319687.593, 84
Trd, 4319687.743, 113
Trd, 4319693.193, 103
Trd, 4319693.793, 83
Trd, 4319693.843, 103
Trd, 4319694.393, 103
Trd, 4319699.343, 100
Trd, 4319700.293, 94
Trd, 4319701.543, 90
Trd, 4319702.593, 98
Trd, 4319703.193, 98
Trd, 4319705.193, 109
Trd, 4319705.993, 106
Trd, 4319706.593, 94
Trd, 4319708.043, 100
Trd, 4319710.293, 104
Trd, 4319711.543, 101
Trd, 4319713.793, 97
Trd, 4319715.143, 101
Trd, 4319715.693, 85
Trd, 4319718.193, 93
Trd, 4319718.693, 101
Trd, 4319721.343, 89
Trd, 4319722.193, 93
Trd, 4319723.693, 96
Trd, 4319725.243, 96
Trd, 4319725.793, 95
Trd, 4319728.893, 94
Trd, 4319729.343, 93
Trd, 4319729.843, 91
Trd, 4319730.043, 94
Trd, 4319730.543, 95
Trd, 4319731.493, 95
Trd, 4319734.993, 94
Trd, 4319737.393, 95
Trd, 4319738.243, 96
Trd, 4319740.543, 96
Trd, 4319741.043, 94
Trd, 4319742.593, 95
Trd, 4319743.743, 94
Trd, 4319746.393, 95
Trd, 4319747.393, 96
Trd, 4319750.243, 93
Trd, 4319750.943, 96
Trd, 4319753.643, 96
Trd, 4319754.643, 96
Trd, 4319756.643, 95
Trd, 4319757.943, 106
Trd, 4319758.543, 92
Trd, 4319759.893, 99
Trd, 4319762.393, 100
Trd, 4319763.193, 102
Trd, 4319764.043, 98
Trd, 4319766.943, 103
Trd, 4319767.193, 102
Trd, 4319767.743, 101
Trd, 4319769.143, 102
Trd, 4319769.443, 119
Trd, 4319770.243, 85
Trd, 4319770.893, 105
Trd, 4319773.193, 99
Trd, 4319773.943, 100
Trd, 4319779.743, 101
Trd, 4319781.893, 102
Trd, 4319782.093, 94
Trd, 4319782.143, 101
Trd, 4319783.493, 106
Trd, 4319784.143, 106
Trd, 4319784.893, 95
Trd, 4319785.943, 108
Trd, 4319789.743, 102
Trd, 4319790.343, 100
Trd, 4319791.243, 96
Trd, 4319791.843, 95
Trd, 4319794.543, 96
Trd, 4319795.693, 113
Trd, 4319796.143, 108
Trd, 4319797.793, 102
Trd, 4319798.443, 101
Trd, 4319799.443, 101
Trd, 4319799.593, 105
Trd, 4319800.193, 94
Trd, 4319802.043, 85
Trd, 4319802.743, 92
Trd, 4319806.693, 101
Trd, 4319807.193, 101
Trd, 4319809.393, 100
Trd, 4319809.793, 101
Trd, 4319810.343, 94
Trd, 4319813.943, 101
Trd, 4319815.193, 96
Trd, 4319817.293, 101
Trd, 4319817.593, 101
Trd, 4319817.993, 109
Trd, 4319821.643, 94
Trd, 4319822.093, 100
Trd, 4319823.193, 98
Trd, 4319826.043, 97
Trd, 4319827.293, 97
Trd, 4319829.143, 93
Trd, 4319830.893, 97
Trd, 4319831.243, 97
Trd, 4319832.643, 98
Trd, 4319833.693, 94
Trd, 4319833.993, 97
Trd, 4319835.793, 96
Trd, 4319836.893, 98
Trd, 4319838.443, 99
Trd, 4319838.993, 106
Trd, 4319839.643, 93
Trd, 4319841.043, 115
Trd, 4319841.643, 101
Trd, 4319842.143, 108
Trd, 4319842.693, 103
Trd, 4319844.443, 102
Trd, 4319845.843, 104
Trd, 4319847.293, 82
Trd, 4319850.443, 103
Trd, 4319851.143, 100
Trd, 4319852.693, 92
Trd, 4319854.643, 96
Trd, 4319855.043, 98
Trd, 4319856.143, 92
Trd, 4319859.393, 96
Trd, 4319859.993, 96
Trd, 4319860.243, 90
Trd, 4319860.943, 101
Trd, 4319862.443, 97
Trd, 4319863.843, 94
Trd, 4319864.193, 97
Trd, 4319865.093, 97
Trd, 4319866.543, 98
Trd, 4319868.593, 99
Trd, 4319870.343, 98
Trd, 4319870.493, 97
Trd, 4319873.593, 94
Trd, 4319877.393, 97
Trd, 4319878.493, 97
Trd, 4319878.893, 97
Trd, 4319879.743, 98
Trd, 4319881.043, 99
Trd, 4319882.843, 99
Trd, 4319882.993, 100
Trd, 4319885.543, 113
Trd, 4319887.593, 99
Trd, 4319889.593, 100
Trd, 4319890.043, 100
Trd, 4319891.493, 98
Trd, 4319891.843, 94
Trd, 4319895.043, 98
Trd, 4319896.743, 94
Trd, 4319896.943, 98
Trd, 4319898.093, 99
Trd, 4319899.043, 98
Trd, 4319901.493, 96
Trd, 4319904.193, 95
Trd, 4319905.443, 97
Trd, 4319908.093, 96
Trd, 4319908.243, 94
Trd, 4319908.943, 97
Trd, 4319910.393, 94
Trd, 4319913.843, 97
Trd, 4319915.893, 94
Trd, 4319916.243, 95
Trd, 4319917.793, 93
Trd, 4319918.093, 96
Trd, 4319918.843, 111
Trd, 4319919.743, 101
Trd, 4319923.043, 106
Trd, 4319923.993, 113
Trd, 4319924.843, 105
Trd, 4319925.043, 93
Trd, 4319928.193, 105
Trd, 4319929.493, 99
Trd, 4319930.093, 93
Trd, 4319932.593, 99
Trd, 4319934.693, 93
Trd, 4319934.993, 99
Trd, 4319935.693, 99
Trd, 4319935.993, 100
Trd, 4319937.243, 100
Trd, 4319937.593, 101
Trd, 4319943.493, 98
Trd, 4319944.743, 101
Trd, 4319947.093, 101
Trd, 4319949.193, 98
Trd, 4319949.993, 96
Trd, 4319951.493, 100
Trd, 4319952.393, 113
Trd, 4319954.543, 104
Trd, 4319954.793, 98
Trd, 4319954.843, 104
Trd, 4319957.193, 117
Trd, 4319959.043, 109
Trd, 4319959.493, 98
Trd, 4319959.543, 94
Trd, 4319960.243, 103
Trd, 4319963.293, 100
Trd, 4319963.993, 104
Trd, 4319964.243, 104
Trd, 4319965.543, 101
Trd, 4319965.593, 102
Trd, 4319966.543, 105
Trd, 4319967.843, 101
Trd, 4319970.593, 97
Trd, 4319972.393, 94
Trd, 4319972.693, 101
Trd, 4319974.393, 101
Trd, 4319976.243, 101
Trd, 4319978.643, 96
Trd, 4319980.343, 101
Trd, 4319980.643, 99
Trd, 4319984.393, 98
Trd, 4319985.043, 108
Trd, 4319985.243, 96
Trd, 4319986.043, 100
Trd, 4319986.193, 94
Trd, 4319986.743, 100
Trd, 4319988.693, 108
Trd, 4319993.743, 97
Trd, 4319995.993, 96
Trd, 4319996.593, 93
Trd, 4319998.943, 96
Trd, 4319998.993, 91
Trd, 4319999.343, 96
Trd, 4319999.543, 101
