Trd, 4317846.243, 99
Trd, 4317847.243, 98
Trd, 4317848.243, 98
Trd, 4317849.743, 97
Trd, 4317851.593, 96
Trd, 4317852.793, 99
Trd, 4317853.443, 99
Trd, 4317853.493, 99
Trd, 4317854.643, 104
Trd, 4317854.743, 95
Trd, 4317860.643, 99
Trd, 4317860.993, 95
Trd, 4317861.093, 99
Trd, 4317862.393, 99
Trd, 4317865.493, 98
Trd, 4317865.693, 97
Trd, 4317868.993, 97
Trd, 4317869.343, 96
Trd, 4317870.793, 96
Trd, 4317874.593, 95
Trd, 4317874.743, 96
Trd, 4317875.943, 96
Trd, 4317880.243, 96
Trd, 4317881.793, 93
Trd, 4317883.843, 95
Trd, 4317884.543, 95
Trd, 4317885.843, 95
Trd, 4317887.443, 95
Trd, 4317887.593, 94
Trd, 4317889.293, 95
Trd, 4317889.793, 96
Trd, 4317890.243, 93
Trd, 4317893.593, 96
Trd, 4317893.993, 95
Trd, 4317894.293, 96
Trd, 4317897.743, 101
Trd, 4317898.043, 101
Trd, 4317898.793, 100
Trd, 4317899.893, 99
Trd, 4317900.343, 102
Trd, 4317901.243, 100
Trd, 4317902.843, 113
Trd, 4317905.543, 103
Trd, 4317907.593, 98
Trd, 4317909.193, 90
Trd, 4317909.493, 92
Trd, 4317912.043, 97
Trd, 4317912.693, 95
Trd, 4317913.993, 97
Trd, 4317915.193, 96
Trd, 4317915.893, 88
Trd, 4317916.593, 96
Trd, 4317918.543, 96
Trd, 4317919.193, 93
Trd, 4317920.043, 94
Trd, 4317921.243, 94
Trd, 4317923.243, 95
Trd, 4317925.593, 96
Trd, 4317925.993, 94
Trd, 4317927.443, 95
Trd, 4317928.043, 95
Trd, 4317928.143, 97
Trd, 4317928.193, 93
Trd, 4317930.243, 105
Trd, 4317931.643, 101
Trd, 4317935.093, 98
Trd, 4317935.593, 98
Trd, 4317936.493, 98
Trd, 4317938.743, 96
Trd, 4317941.193, 97
Trd, 4317941.593, 97
Trd, 4317941.843, 96
Trd, 4317941.943, 93
Trd, 4317943.093, 98
Trd, 4317944.393, 98
Trd, 4317945.443, 98
Trd, 4317947.443, 98
Trd, 4317947.993, 97
Trd, 4317951.893, 98
Trd, 4317954.843, 97
Trd, 4317955.043, 95
Trd, 4317957.043, 97
Trd, 4317957.743, 97
Trd, 4317959.543, 95
Trd, 4317961.643, 97
Trd, 4317963.193, 98
Trd, 4317965.343, 98
Trd, 4317965.493, 98
Trd, 4317966.093, 96
Trd, 4317966.443, 96
Trd, 4317969.093, 97
Trd, 4317970.543, 97
Trd, 4317971.343, 95
Trd, 4317971.743, 97
Trd, 4317972.243, 98
Trd, 4317974.543, 98
Trd, 4317977.393, 98
Trd, 4317980.643, 97
Trd, 4317981.993, 98
Trd, 4317983.243, 96
Trd, 4317984.693, 97
Trd, 4317985.393, 97
Trd, 4317985.893, 95
Trd, 4317987.943, 96
Trd, 4317992.293, 96
Trd, 4317995.843, 97
Trd, 4317995.943, 97
Trd, 4317997.293, 96
Trd, 4317999.093, 97
Trd, 4317999.393, 95
Trd, 4318000.843, 97
Trd, 4318001.543, 94
Trd, 4318002.043, 97
Trd, 4318005.193, 96
Trd, 4318006.243, 95
Trd, 4318006.443, 95
Trd, 4318007.693, 93
Trd, 4318009.693, 94
Trd, 4318009.943, 94
Trd, 4318011.793, 96
Trd, 4318015.093, 87
Trd, 4318015.293, 86
Trd, 4318016.093, 86
Trd, 4318016.193, 89
Trd, 4318018.193, 88
Trd, 4318021.293, 88
Trd, 4318021.793, 87
Trd, 4318023.043, 88
Trd, 4318025.343, 88
Trd, 4318026.043, 87
Trd, 4318030.643, 87
Trd, 4318031.043, 87
Trd, 4318032.643, 94
Trd, 4318033.593, 96
Trd, 4318035.143, 93
Trd, 4318035.943, 92
Trd, 4318036.843, 94
Trd, 4318039.343, 90
Trd, 4318041.143, 90
Trd, 4318041.443, 89
Trd, 4318041.943, 91
Trd, 4318045.443, 91
Trd, 4318045.593, 89
Trd, 4318046.843, 91
Trd, 4318048.243, 88
Trd, 4318048.743, 92
Trd, 4318048.893, 95
Trd, 4318051.043, 89
Trd, 4318052.043, 88
Trd, 4318052.443, 88
Trd, 4318053.543, 94
Trd, 4318054.043, 89
Trd, 4318055.793, 92
Trd, 4318056.943, 97
Trd, 4318057.943, 96
Trd, 4318058.393, 96
Trd, 4318060.943, 96
Trd, 4318060.993, 97
Trd, 4318063.893, 94
Trd, 4318064.193, 95
Trd, 4318064.743, 95
Trd, 4318066.643, 100
Trd, 4318067.843, 97
Trd, 4318068.843, 113
Trd, 4318070.393, 98
Trd, 4318073.393, 86
Trd, 4318073.593, 88
Trd, 4318074.543, 89
Trd, 4318075.193, 96
Trd, 4318075.443, 94
Trd, 4318077.393, 91
Trd, 4318080.593, 92
Trd, 4318080.693, 92
Trd, 4318081.393, 98
Trd, 4318081.593, 88
Trd, 4318081.743, 94
Trd, 4318082.493, 94
Trd, 4318084.693, 93
Trd, 4318085.043, 107
Trd, 4318087.243, 99
Trd, 4318088.743, 104
Trd, 4318090.443, 95
Trd, 4318091.143, 98
Trd, 4318093.343, 97
Trd, 4318095.593, 96
Trd, 4318095.693, 95
Trd, 4318096.493, 95
Trd, 4318098.143, 94
Trd, 4318099.093, 92
Trd, 4318100.393, 97
Trd, 4318100.643, 97
Trd, 4318101.793, 97
Trd, 4318103.643, 96
Trd, 4318105.743, 95
Trd, 4318107.893, 94
Trd, 4318108.343, 96
Trd, 4318109.093, 97
Trd, 4318110.493, 95
Trd, 4318113.093, 96
Trd, 4318113.643, 95
Trd, 4318115.843, 95
Trd, 4318116.993, 96
Trd, 4318118.493, 96
Trd, 4318120.043, 95
Trd, 4318121.293, 96
Trd, 4318121.943, 95
Trd, 4318122.193, 94
Trd, 4318123.743, 99
Trd, 4318124.993, 99
Trd, 4318127.943, 99
Trd, 4318129.193, 98
Trd, 4318131.393, 100
Trd, 4318134.293, 99
Trd, 4318137.193, 100
Trd, 4318137.343, 99
Trd, 4318139.343, 98
Trd, 4318139.543, 95
Trd, 4318140.593, 95
Trd, 4318144.693, 97
Trd, 4318144.993, 97
Trd, 4318146.293, 97
Trd, 4318147.143, 95
Trd, 4318148.893, 97
Trd, 4318152.193, 96
Trd, 4318153.443, 95
Trd, 4318155.393, 93
Trd, 4318156.043, 96
Trd, 4318156.343, 95
Trd, 4318157.243, 95
Trd, 4318160.543, 96
Trd, 4318161.443, 95
Trd, 4318161.793, 94
Trd, 4318163.293, 91
Trd, 4318164.843, 91
Trd, 4318166.193, 93
Trd, 4318169.243, 93
Trd, 4318169.393, 92
Trd, 4318169.943, 93
Trd, 4318171.093, 94
Trd, 4318172.943, 95
Trd, 4318173.843, 97
Trd, 4318174.143, 96
Trd, 4318174.443, 98
Trd, 4318176.493, 97
Trd, 4318177.643, 96
Trd, 4318177.693, 96
Trd, 4318179.393, 95
Trd, 4318180.643, 94
Trd, 4318180.993, 93
Trd, 4318182.793, 87
Trd, 4318183.193, 93
Trd, 4318184.893, 88
Trd, 4318184.993, 108
Trd, 4318186.693, 89
Trd, 4318187.843, 93
Trd, 4318188.343, 95
Trd, 4318191.943, 93
Trd, 4318192.293, 91
Trd, 4318193.843, 92
Trd, 4318195.943, 92
Trd, 4318196.893, 95
Trd, 4318197.693, 93
Trd, 4318198.943, 93
Trd, 4318201.143, 92
Trd, 4318202.543, 94
Trd, 4318203.743, 94
Trd, 4318205.293, 105
Trd, 4318205.343, 91
Trd, 4318205.893, 113
Trd, 4318210.193, 100
Trd, 4318213.643, 100
Trd, 4318214.793, 97
Trd, 4318216.193, 99
Trd, 4318217.243, 98
Trd, 4318218.243, 99
Trd, 4318221.493, 99
Trd, 4318223.143, 99
Trd, 4318224.393, 97
Trd, 4318224.743, 99
Trd, 4318225.493, 98
Trd, 4318227.293, 98
Trd, 4318230.343, 97
Trd, 4318231.093, 98
Trd, 4318231.793, 98
Trd, 4318233.893, 95
Trd, 4318236.343, 98
Trd, 4318237.043, 98
Trd, 4318237.593, 101
Trd, 4318239.543, 99
Trd, 4318241.393, 108
Trd, 4318243.243, 98
Trd, 4318248.343, 101
Trd, 4318248.693, 101
Trd, 4318249.693, 98
Trd, 4318251.293, 101
Trd, 4318252.643, 101
Trd, 4318254.143, 98
Trd, 4318255.943, 99
Trd, 4318259.043, 96
Trd, 4318260.593, 98
Trd, 4318260.793, 98
Trd, 4318261.143, 97
Trd, 4318261.543, 98
Trd, 4318262.243, 93
Trd, 4318262.743, 97
Trd, 4318266.893, 97
Trd, 4318269.343, 95
Trd, 4318269.943, 97
Trd, 4318270.393, 97
Trd, 4318272.343, 97
Trd, 4318273.293, 97
Trd, 4318274.643, 96
Trd, 4318275.043, 96
Trd, 4318279.793, 97
Trd, 4318279.893, 95
Trd, 4318282.293, 97
Trd, 4318283.493, 94
Trd, 4318283.893, 95
Trd, 4318285.043, 86
Trd, 4318286.493, 89
Trd, 4318287.043, 95
Trd, 4318288.843, 92
Trd, 4318289.443, 92
Trd, 4318292.093, 92
Trd, 4318292.543, 92
Trd, 4318293.193, 93
Trd, 4318293.643, 95
Trd, 4318295.093, 95
Trd, 4318296.693, 96
Trd, 4318297.493, 96
Trd, 4318297.543, 95
Trd, 4318298.743, 96
Trd, 4318301.193, 94
Trd, 4318304.543, 96
Trd, 4318305.443, 95
Trd, 4318305.493, 92
Trd, 4318305.693, 97
Trd, 4318308.843, 91
Trd, 4318310.793, 95
Trd, 4318312.043, 94
Trd, 4318312.193, 95
Trd, 4318313.743, 94
Trd, 4318314.643, 96
Trd, 4318314.793, 96
Trd, 4318318.793, 95
Trd, 4318319.493, 96
Trd, 4318320.893, 95
Trd, 4318321.843, 97
Trd, 4318322.943, 95
Trd, 4318323.793, 96
Trd, 4318326.943, 96
Trd, 4318327.143, 96
Trd, 4318327.943, 96
Trd, 4318330.493, 96
Trd, 4318330.943, 95
Trd, 4318332.393, 96
Trd, 4318333.093, 96
Trd, 4318334.793, 95
Trd, 4318335.893, 96
Trd, 4318336.143, 96
Trd, 4318338.043, 94
Trd, 4318339.843, 92
Trd, 4318341.293, 90
Trd, 4318341.643, 91
Trd, 4318342.943, 87
Trd, 4318343.843, 88
Trd, 4318345.043, 91
Trd, 4318346.543, 89
Trd, 4318349.793, 87
Trd, 4318350.493, 89
Trd, 4318350.993, 89
Trd, 4318351.543, 95
Trd, 4318354.543, 91
Trd, 4318356.793, 92
Trd, 4318357.143, 96
Trd, 4318357.243, 95
Trd, 4318358.893, 94
Trd, 4318359.043, 92
Trd, 4318361.793, 94
Trd, 4318362.193, 91
Trd, 4318364.443, 94
Trd, 4318365.093, 94
Trd, 4318365.593, 93
Trd, 4318366.543, 91
Trd, 4318371.193, 90
Trd, 4318371.593, 93
Trd, 4318373.743, 94
Trd, 4318374.893, 94
Trd, 4318375.143, 94
Trd, 4318375.343, 92
Trd, 4318379.243, 95
Trd, 4318380.543, 99
Trd, 4318381.243, 95
Trd, 4318382.193, 112
Trd, 4318384.993, 104
Trd, 4318385.893, 102
Trd, 4318386.493, 97
Trd, 4318387.443, 100
Trd, 4318392.043, 99
Trd, 4318394.643, 98
Trd, 4318395.043, 98
Trd, 4318395.643, 96
Trd, 4318396.543, 98
Trd, 4318398.543, 98
Trd, 4318399.493, 97
Trd, 4318402.043, 95
Trd, 4318404.793, 98
Trd, 4318407.443, 96
Trd, 4318408.243, 98
Trd, 4318412.293, 98
Trd, 4318413.193, 97
Trd, 4318413.343, 98
Trd, 4318415.493, 98
Trd, 4318417.193, 98
Trd, 4318419.293, 98
Trd, 4318422.243, 97
Trd, 4318422.643, 96
Trd, 4318425.343, 97
Trd, 4318425.793, 96
Trd, 4318426.743, 95
Trd, 4318426.943, 98
Trd, 4318429.093, 98
Trd, 4318430.493, 98
Trd, 4318431.293, 107
Trd, 4318431.893, 96
Trd, 4318435.093, 95
Trd, 4318436.843, 96
Trd, 4318439.543, 98
Trd, 4318441.593, 98
Trd, 4318441.843, 98
Trd, 4318443.543, 100
Trd, 4318444.543, 99
Trd, 4318444.843, 97
Trd, 4318445.393, 100
Trd, 4318447.343, 98
Trd, 4318451.093, 97
Trd, 4318455.093, 99
Trd, 4318455.343, 99
Trd, 4318456.943, 99
Trd, 4318458.793, 97
Trd, 4318461.543, 99
Trd, 4318463.893, 98
Trd, 4318464.143, 97
Trd, 4318464.293, 96
Trd, 4318467.843, 95
Trd, 4318469.643, 98
Trd, 4318470.393, 97
Trd, 4318473.293, 98
Trd, 4318474.943, 99
Trd, 4318475.393, 98
Trd, 4318475.943, 95
Trd, 4318478.243, 104
Trd, 4318479.143, 102
Trd, 4318480.793, 94
Trd, 4318481.943, 98
Trd, 4318482.293, 109
Trd, 4318485.243, 100
Trd, 4318487.093, 98
Trd, 4318488.443, 97
Trd, 4318488.943, 94
Trd, 4318490.443, 98
Trd, 4318491.943, 99
Trd, 4318493.043, 96
Trd, 4318493.793, 95
Trd, 4318497.243, 97
Trd, 4318500.593, 98
Trd, 4318501.443, 97
Trd, 4318502.393, 98
Trd, 4318503.293, 96
Trd, 4318506.543, 97
Trd, 4318506.793, 95
Trd, 4318509.193, 96
Trd, 4318510.493, 95
Trd, 4318510.593, 95
Trd, 4318512.393, 93
Trd, 4318513.543, 95
Trd, 4318515.993, 95
Trd, 4318517.143, 95
Trd, 4318519.243, 95
Trd, 4318521.743, 94
Trd, 4318522.043, 94
Trd, 4318525.443, 94
Trd, 4318526.943, 94
Trd, 4318527.093, 94
Trd, 4318528.393, 93
Trd, 4318528.793, 94
Trd, 4318529.743, 95
Trd, 4318531.693, 95
Trd, 4318532.443, 95
Trd, 4318535.243, 95
Trd, 4318535.393, 95
Trd, 4318535.593, 92
Trd, 4318536.943, 95
Trd, 4318538.293, 95
Trd, 4318539.243, 95
Trd, 4318540.843, 96
Trd, 4318541.093, 96
Trd, 4318541.893, 97
Trd, 4318544.793, 95
Trd, 4318546.243, 96
Trd, 4318546.543, 94
Trd, 4318547.943, 96
Trd, 4318548.593, 95
Trd, 4318550.143, 95
Trd, 4318551.193, 96
Trd, 4318552.643, 98
Trd, 4318554.593, 95
Trd, 4318554.843, 96
Trd, 4318557.543, 96
Trd, 4318559.043, 94
Trd, 4318562.243, 95
Trd, 4318562.343, 96
Trd, 4318562.943, 96
Trd, 4318564.193, 95
Trd, 4318565.993, 97
Trd, 4318567.193, 96
Trd, 4318571.043, 96
Trd, 4318571.193, 95
Trd, 4318571.993, 94
Trd, 4318572.043, 96
Trd, 4318575.143, 96
Trd, 4318575.443, 93
Trd, 4318576.393, 95
Trd, 4318577.193, 95
Trd, 4318579.493, 95
Trd, 4318579.943, 94
Trd, 4318581.743, 95
Trd, 4318582.193, 93
Trd, 4318582.643, 96
Trd, 4318585.543, 97
Trd, 4318589.343, 95
Trd, 4318591.543, 96
Trd, 4318593.543, 97
Trd, 4318594.843, 95
Trd, 4318595.093, 97
Trd, 4318598.593, 98
Trd, 4318598.893, 98
Trd, 4318601.643, 94
Trd, 4318603.843, 95
Trd, 4318606.893, 96
Trd, 4318607.143, 95
Trd, 4318607.243, 93
Trd, 4318608.593, 95
Trd, 4318608.793, 95
Trd, 4318610.143, 112
Trd, 4318610.543, 92
Trd, 4318613.743, 99
Trd, 4318615.893, 99
Trd, 4318616.793, 103
Trd, 4318620.793, 99
Trd, 4318621.193, 100
Trd, 4318623.043, 98
Trd, 4318623.343, 98
Trd, 4318625.693, 99
Trd, 4318625.743, 98
Trd, 4318626.293, 104
Trd, 4318627.343, 100
Trd, 4318629.943, 99
Trd, 4318633.843, 100
Trd, 4318633.943, 102
Trd, 4318636.293, 101
Trd, 4318637.343, 98
Trd, 4318640.243, 99
Trd, 4318640.643, 100
Trd, 4318642.043, 99
Trd, 4318642.743, 99
Trd, 4318643.493, 99
Trd, 4318644.343, 99
Trd, 4318647.793, 99
Trd, 4318648.443, 99
Trd, 4318649.493, 97
Trd, 4318651.093, 98
Trd, 4318651.243, 97
Trd, 4318655.243, 96
Trd, 4318655.743, 98
Trd, 4318657.443, 95
Trd, 4318657.943, 98
Trd, 4318660.243, 98
Trd, 4318660.643, 98
Trd, 4318663.243, 97
Trd, 4318663.293, 96
Trd, 4318665.043, 97
Trd, 4318665.243, 95
Trd, 4318666.243, 96
Trd, 4318667.293, 95
Trd, 4318669.543, 97
Trd, 4318670.393, 94
Trd, 4318671.043, 97
Trd, 4318671.143, 94
Trd, 4318674.443, 97
Trd, 4318674.893, 96
Trd, 4318676.743, 97
Trd, 4318677.243, 96
Trd, 4318679.743, 97
Trd, 4318684.143, 95
Trd, 4318684.243, 94
Trd, 4318684.693, 96
Trd, 4318686.493, 95
Trd, 4318687.993, 96
Trd, 4318688.693, 104
Trd, 4318688.793, 94
Trd, 4318689.643, 93
Trd, 4318691.093, 93
Trd, 4318692.193, 94
Trd, 4318692.993, 94
Trd, 4318696.743, 99
Trd, 4318696.793, 95
Trd, 4318698.393, 97
Trd, 4318698.493, 97
Trd, 4318698.643, 96
Trd, 4318700.893, 106
Trd, 4318701.143, 95
Trd, 4318706.393, 96
Trd, 4318706.743, 95
Trd, 4318707.043, 95
Trd, 4318709.893, 96
Trd, 4318710.393, 113
Trd, 4318711.793, 99
Trd, 4318713.793, 98
Trd, 4318715.643, 97
Trd, 4318717.643, 98
Trd, 4318718.943, 100
Trd, 4318719.443, 99
Trd, 4318722.293, 99
Trd, 4318722.643, 94
Trd, 4318722.693, 99
Trd, 4318726.893, 98
Trd, 4318727.843, 94
Trd, 4318730.093, 96
Trd, 4318730.743, 96
Trd, 4318730.893, 96
Trd, 4318732.443, 94
Trd, 4318733.643, 96
Trd, 4318736.293, 95
Trd, 4318737.093, 94
Trd, 4318738.193, 96
Trd, 4318739.143, 95
Trd, 4318739.943, 96
Trd, 4318740.793, 93
Trd, 4318741.043, 93
Trd, 4318744.243, 95
Trd, 4318746.293, 95
Trd, 4318747.093, 96
Trd, 4318747.443, 95
Trd, 4318750.193, 95
Trd, 4318750.443, 94
Trd, 4318750.993, 93
Trd, 4318752.793, 95
Trd, 4318753.593, 95
Trd, 4318754.693, 92
Trd, 4318756.393, 95
Trd, 4318757.343, 95
Trd, 4318758.093, 95
Trd, 4318758.443, 104
Trd, 4318760.043, 96
Trd, 4318762.993, 96
Trd, 4318763.093, 95
Trd, 4318765.393, 96
Trd, 4318767.343, 96
Trd, 4318768.643, 96
Trd, 4318770.093, 97
Trd, 4318773.093, 95
Trd, 4318774.643, 95
Trd, 4318775.893, 96
Trd, 4318776.193, 96
Trd, 4318779.043, 95
Trd, 4318780.793, 96
Trd, 4318781.143, 96
Trd, 4318781.743, 95
Trd, 4318784.643, 94
Trd, 4318786.193, 95
Trd, 4318786.943, 95
Trd, 4318787.493, 96
Trd, 4318787.893, 96
Trd, 4318788.443, 95
Trd, 4318788.943, 98
Trd, 4318790.893, 99
Trd, 4318792.643, 98
Trd, 4318796.143, 98
Trd, 4318797.443, 99
Trd, 4318797.793, 99
Trd, 4318799.093, 98
Trd, 4318800.743, 98
Trd, 4318801.343, 97
Trd, 4318803.893, 98
Trd, 4318805.993, 99
Trd, 4318806.893, 99
Trd, 4318806.943, 100
Trd, 4318807.393, 107
Trd, 4318807.993, 97
Trd, 4318810.693, 103
Trd, 4318811.293, 99
Trd, 4318813.593, 103
Trd, 4318816.043, 98
Trd, 4318819.693, 103
Trd, 4318821.643, 103
Trd, 4318822.843, 98
Trd, 4318823.143, 103
Trd, 4318826.193, 103
Trd, 4318827.993, 100
Trd, 4318832.143, 101
Trd, 4318832.593, 100
Trd, 4318833.893, 100
Trd, 4318836.293, 101
Trd, 4318838.193, 101
Trd, 4318838.643, 101
Trd, 4318841.293, 100
Trd, 4318843.293, 100
Trd, 4318843.693, 99
Trd, 4318843.743, 101
Trd, 4318846.843, 101
Trd, 4318847.043, 102
Trd, 4318847.693, 104
Trd, 4318848.643, 98
Trd, 4318849.493, 103
Trd, 4318852.643, 103
Trd, 4318854.993, 103
Trd, 4318855.643, 99
Trd, 4318860.643, 101
Trd, 4318861.943, 100
Trd, 4318862.393, 99
Trd, 4318864.693, 98
Trd, 4318864.743, 98
Trd, 4318866.843, 99
Trd, 4318867.343, 113
Trd, 4318870.443, 103
Trd, 4318870.893, 100
Trd, 4318870.993, 103
Trd, 4318871.143, 103
Trd, 4318872.293, 99
Trd, 4318873.893, 98
Trd, 4318874.893, 94
Trd, 4318875.643, 95
Trd, 4318877.493, 95
Trd, 4318877.993, 104
Trd, 4318878.943, 86
Trd, 4318880.843, 95
Trd, 4318881.243, 95
Trd, 4318882.543, 96
Trd, 4318884.393, 97
Trd, 4318885.893, 96
Trd, 4318887.193, 97
Trd, 4318887.693, 97
Trd, 4318888.943, 95
Trd, 4318890.293, 96
Trd, 4318892.893, 95
Trd, 4318893.343, 94
Trd, 4318893.893, 96
Trd, 4318894.493, 97
Trd, 4318894.893, 97
Trd, 4318897.293, 97
Trd, 4318898.593, 98
Trd, 4318900.143, 96
Trd, 4318901.293, 98
Trd, 4318902.293, 100
Trd, 4318903.443, 99
Trd, 4318904.243, 100
Trd, 4318905.643, 100
Trd, 4318906.743, 99
Trd, 4318908.793, 100
Trd, 4318910.543, 99
Trd, 4318911.843, 99
Trd, 4318912.093, 99
Trd, 4318913.243, 97
Trd, 4318913.893, 98
Trd, 4318916.443, 105
Trd, 4318919.193, 96
Trd, 4318921.193, 97
Trd, 4318921.843, 99
Trd, 4318924.793, 99
Trd, 4318926.143, 99
Trd, 4318927.743, 100
Trd, 4318928.193, 98
Trd, 4318932.043, 97
Trd, 4318932.843, 97
Trd, 4318935.143, 96
Trd, 4318937.793, 96
Trd, 4318938.343, 95
Trd, 4318939.343, 95
Trd, 4318939.393, 94
Trd, 4318939.593, 94
Trd, 4318941.793, 91
Trd, 4318942.393, 91
Trd, 4318944.443, 91
Trd, 4318945.793, 95
Trd, 4318946.093, 91
Trd, 4318946.993, 94
Trd, 4318949.043, 109
Trd, 4318952.093, 97
Trd, 4318952.243, 91
Trd, 4318954.043, 95
Trd, 4318955.793, 94
Trd, 4318956.943, 87
Trd, 4318957.993, 88
Trd, 4318959.993, 88
Trd, 4318960.693, 96
Trd, 4318962.843, 91
Trd, 4318963.343, 91
Trd, 4318965.393, 91
Trd, 4318965.843, 104
Trd, 4318967.043, 94
Trd, 4318967.643, 91
Trd, 4318969.193, 98
Trd, 4318970.693, 96
Trd, 4318971.643, 97
Trd, 4318973.543, 96
Trd, 4318973.643, 95
Trd, 4318974.943, 96
Trd, 4318976.493, 95
Trd, 4318978.493, 97
Trd, 4318979.093, 96
Trd, 4318979.593, 96
Trd, 4318981.843, 95
Trd, 4318982.493, 96
Trd, 4318983.493, 95
Trd, 4318984.493, 97
Trd, 4318985.793, 105
Trd, 4318987.043, 98
Trd, 4318989.843, 94
Trd, 4318989.993, 93
Trd, 4318990.293, 92
Trd, 4318991.943, 94
Trd, 4318993.343, 96
Trd, 4318993.593, 93
Trd, 4318995.893, 96
Trd, 4319000.593, 96
Trd, 4319001.043, 97
Trd, 4319001.343, 93
Trd, 4319002.193, 111
Trd, 4319002.243, 103
Trd, 4319005.243, 104
Trd, 4319005.293, 101
Trd, 4319006.693, 100
Trd, 4319008.393, 101
Trd, 4319008.893, 99
Trd, 4319010.543, 101
Trd, 4319014.393, 98
Trd, 4319016.493, 101
Trd, 4319017.893, 102
Trd, 4319019.943, 98
Trd, 4319021.043, 101
Trd, 4319022.243, 100
Trd, 4319023.793, 100
Trd, 4319024.243, 100
Trd, 4319025.293, 97
Trd, 4319026.643, 99
Trd, 4319026.793, 100
Trd, 4319030.193, 97
Trd, 4319030.593, 98
Trd, 4319031.593, 98
Trd, 4319033.493, 96
Trd, 4319035.793, 99
Trd, 4319036.043, 97
Trd, 4319036.943, 98
Trd, 4319037.993, 96
Trd, 4319040.343, 98
Trd, 4319040.893, 97
Trd, 4319042.693, 95
Trd, 4319043.243, 95
Trd, 4319044.293, 96
Trd, 4319044.643, 96
Trd, 4319045.993, 95
Trd, 4319050.193, 97
Trd, 4319051.993, 94
Trd, 4319054.243, 97
Trd, 4319055.593, 96
Trd, 4319060.843, 95
Trd, 4319063.593, 97
Trd, 4319068.043, 94
Trd, 4319069.043, 97
Trd, 4319070.243, 96
Trd, 4319070.443, 95
Trd, 4319073.193, 96
Trd, 4319073.343, 96
Trd, 4319074.793, 96
Trd, 4319075.193, 94
Trd, 4319079.443, 95
Trd, 4319079.993, 95
Trd, 4319080.493, 94
Trd, 4319082.893, 95
Trd, 4319084.343, 95
Trd, 4319086.243, 95
Trd, 4319086.343, 95
Trd, 4319086.543, 94
Trd, 4319088.793, 94
Trd, 4319089.093, 95
Trd, 4319089.543, 95
Trd, 4319089.643, 93
Trd, 4319094.493, 95
Trd, 4319094.893, 94
Trd, 4319094.993, 95
Trd, 4319096.743, 94
Trd, 4319097.543, 93
Trd, 4319099.393, 88
Trd, 4319099.543, 92
Trd, 4319100.693, 91
Trd, 4319101.393, 90
Trd, 4319102.593, 91
Trd, 4319103.943, 91
Trd, 4319104.843, 91
Trd, 4319105.393, 95
Trd, 4319107.893, 94
Trd, 4319109.043, 92
Trd, 4319109.693, 91
Trd, 4319112.043, 92
Trd, 4319112.093, 92
Trd, 4319113.643, 92
Trd, 4319116.193, 91
Trd, 4319117.543, 90
Trd, 4319119.443, 92
Trd, 4319120.143, 92
Trd, 4319120.393, 93
Trd, 4319123.643, 95
Trd, 4319123.843, 94
Trd, 4319124.743, 91
Trd, 4319127.143, 94
Trd, 4319127.643, 95
Trd, 4319128.893, 112
Trd, 4319132.943, 98
Trd, 4319134.793, 99
Trd, 4319135.293, 98
Trd, 4319138.593, 99
Trd, 4319138.643, 99
Trd, 4319140.593, 93
Trd, 4319141.543, 98
Trd, 4319142.343, 97
Trd, 4319145.093, 96
Trd, 4319145.743, 95
Trd, 4319148.193, 96
Trd, 4319148.843, 95
Trd, 4319152.093, 93
Trd, 4319152.293, 92
Trd, 4319152.543, 91
Trd, 4319153.993, 95
Trd, 4319156.193, 95
Trd, 4319158.193, 92
Trd, 4319158.693, 93
Trd, 4319161.443, 94
Trd, 4319162.393, 91
Trd, 4319162.443, 95
Trd, 4319165.993, 95
Trd, 4319166.593, 93
Trd, 4319170.243, 95
Trd, 4319170.543, 95
Trd, 4319171.393, 95
Trd, 4319172.093, 93
Trd, 4319177.543, 94
Trd, 4319177.843, 92
Trd, 4319179.593, 94
Trd, 4319179.793, 94
Trd, 4319179.943, 94
Trd, 4319179.993, 91
Trd, 4319182.243, 95
Trd, 4319182.743, 94
Trd, 4319185.293, 95
Trd, 4319185.943, 95
Trd, 4319187.793, 97
Trd, 4319189.243, 97
Trd, 4319190.293, 97
Trd, 4319192.093, 94
Trd, 4319192.243, 97
Trd, 4319194.743, 97
Trd, 4319196.493, 97
Trd, 4319197.643, 97
Trd, 4319199.443, 97
Trd, 4319200.193, 96
Trd, 4319201.143, 95
Trd, 4319205.893, 96
Trd, 4319208.393, 96
Trd, 4319209.393, 95
Trd, 4319211.793, 96
Trd, 4319213.893, 96
Trd, 4319215.093, 96
Trd, 4319215.293, 95
Trd, 4319217.443, 96
Trd, 4319217.643, 95
Trd, 4319218.493, 97
Trd, 4319219.543, 96
Trd, 4319220.443, 97
Trd, 4319223.943, 98
Trd, 4319224.143, 95
Trd, 4319227.643, 95
Trd, 4319229.693, 97
Trd, 4319230.443, 95
Trd, 4319230.593, 97
Trd, 4319231.143, 98
Trd, 4319233.493, 97
Trd, 4319234.443, 97
Trd, 4319235.793, 97
Trd, 4319238.093, 96
Trd, 4319239.293, 96
Trd, 4319239.493, 95
Trd, 4319240.593, 94
Trd, 4319241.043, 97
Trd, 4319241.993, 96
Trd, 4319243.693, 96
Trd, 4319243.993, 95
Trd, 4319245.193, 95
Trd, 4319247.443, 95
Trd, 4319249.143, 93
Trd, 4319250.743, 95
Trd, 4319251.193, 96
Trd, 4319251.743, 96
Trd, 4319253.193, 95
Trd, 4319254.643, 93
Trd, 4319256.293, 95
Trd, 4319256.993, 95
Trd, 4319258.893, 96
Trd, 4319259.843, 96
Trd, 4319259.993, 96
Trd, 4319260.293, 91
Trd, 4319262.143, 96
Trd, 4319262.543, 93
Trd, 4319263.993, 110
Trd, 4319265.493, 100
Trd, 4319266.493, 100
Trd, 4319268.293, 99
Trd, 4319269.393, 98
Trd, 4319272.093, 96
Trd, 4319272.493, 95
Trd, 4319274.743, 98
Trd, 4319274.943, 95
Trd, 4319275.343, 97
Trd, 4319276.693, 96
Trd, 4319279.893, 97
Trd, 4319282.843, 97
Trd, 4319283.043, 95
Trd, 4319283.643, 95
Trd, 4319287.343, 97
Trd, 4319287.843, 97
Trd, 4319289.593, 102
Trd, 4319289.743, 101
Trd, 4319290.193, 98
Trd, 4319292.443, 97
Trd, 4319295.343, 98
Trd, 4319295.893, 97
Trd, 4319296.043, 96
Trd, 4319297.943, 109
Trd, 4319299.793, 96
Trd, 4319302.793, 95
Trd, 4319305.843, 96
Trd, 4319307.993, 96
Trd, 4319308.493, 95
Trd, 4319309.243, 95
Trd, 4319310.143, 95
Trd, 4319311.393, 97
Trd, 4319311.693, 104
Trd, 4319312.593, 96
Trd, 4319313.493, 97
Trd, 4319314.093, 96
Trd, 4319316.393, 90
Trd, 4319316.843, 91
Trd, 4319320.393, 91
Trd, 4319321.443, 91
Trd, 4319322.043, 91
Trd, 4319323.043, 95
Trd, 4319324.793, 95
Trd, 4319325.343, 94
Trd, 4319326.493, 93
Trd, 4319326.743, 104
Trd, 4319330.093, 95
Trd, 4319331.093, 94
Trd, 4319331.893, 95
Trd, 4319333.493, 95
Trd, 4319334.543, 94
Trd, 4319334.693, 93
Trd, 4319337.343, 95
Trd, 4319337.593, 94
Trd, 4319337.693, 95
Trd, 4319339.243, 86
Trd, 4319339.793, 92
Trd, 4319340.343, 92
Trd, 4319341.393, 101
Trd, 4319344.993, 95
Trd, 4319346.993, 96
Trd, 4319347.543, 94
Trd, 4319348.293, 95
Trd, 4319348.343, 96
Trd, 4319350.043, 97
Trd, 4319350.943, 96
Trd, 4319351.543, 97
Trd, 4319353.293, 97
Trd, 4319353.893, 95
Trd, 4319355.543, 93
Trd, 4319355.593, 94
Trd, 4319358.243, 93
Trd, 4319360.093, 89
Trd, 4319361.743, 87
Trd, 4319362.193, 90
Trd, 4319362.843, 97
Trd, 4319364.343, 92
Trd, 4319366.243, 92
Trd, 4319366.393, 91
Trd, 4319366.793, 95
Trd, 4319370.343, 94
Trd, 4319371.293, 104
Trd, 4319371.393, 102
Trd, 4319374.343, 101
Trd, 4319375.293, 102
Trd, 4319375.693, 98
Trd, 4319377.243, 100
Trd, 4319379.343, 99
Trd, 4319381.443, 98
Trd, 4319383.443, 99
Trd, 4319383.743, 97
Trd, 4319384.743, 98
Trd, 4319387.143, 95
Trd, 4319387.343, 98
Trd, 4319389.043, 97
Trd, 4319389.593, 99
Trd, 4319390.143, 99
Trd, 4319393.943, 98
Trd, 4319397.843, 99
Trd, 4319399.093, 98
Trd, 4319401.393, 98
Trd, 4319401.793, 97
Trd, 4319403.193, 98
Trd, 4319403.393, 96
Trd, 4319404.743, 95
Trd, 4319408.043, 98
Trd, 4319408.993, 96
Trd, 4319410.393, 96
Trd, 4319412.493, 95
Trd, 4319414.843, 96
Trd, 4319415.343, 95
Trd, 4319418.543, 96
Trd, 4319418.593, 96
Trd, 4319418.693, 95
Trd, 4319419.393, 94
Trd, 4319421.243, 91
Trd, 4319421.293, 91
Trd, 4319423.343, 89
Trd, 4319423.693, 88
Trd, 4319424.093, 95
Trd, 4319426.643, 87
Trd, 4319427.093, 91
Trd, 4319427.643, 91
Trd, 4319430.043, 92
Trd, 4319430.643, 111
Trd, 4319431.643, 95
Trd, 4319432.943, 95
Trd, 4319434.543, 97
Trd, 4319434.643, 99
Trd, 4319438.393, 99
Trd, 4319438.693, 99
Trd, 4319439.093, 96
Trd, 4319441.643, 97
Trd, 4319442.893, 96
Trd, 4319445.793, 97
Trd, 4319446.343, 95
Trd, 4319446.843, 96
Trd, 4319446.943, 96
Trd, 4319453.143, 95
Trd, 4319453.243, 95
Trd, 4319453.443, 97
Trd, 4319455.343, 94
Trd, 4319456.693, 95
Trd, 4319457.843, 95
Trd, 4319459.543, 94
Trd, 4319464.243, 94
Trd, 4319464.493, 95
Trd, 4319464.793, 94
Trd, 4319465.343, 95
Trd, 4319466.593, 96
Trd, 4319467.993, 97
Trd, 4319469.043, 93
Trd, 4319471.293, 96
Trd, 4319472.793, 96
Trd, 4319473.243, 95
Trd, 4319474.243, 96
Trd, 4319475.393, 97
Trd, 4319477.743, 97
Trd, 4319480.743, 97
Trd, 4319482.493, 98
Trd, 4319483.993, 98
Trd, 4319486.093, 97
Trd, 4319490.243, 96
Trd, 4319491.393, 98
Trd, 4319493.043, 98
Trd, 4319493.343, 96
Trd, 4319495.943, 96
Trd, 4319496.543, 95
Trd, 4319497.043, 96
Trd, 4319501.393, 96
Trd, 4319502.543, 96
Trd, 4319503.793, 101
Trd, 4319504.143, 113
Trd, 4319506.243, 101
Trd, 4319507.143, 100
Trd, 4319507.943, 101
Trd, 4319508.343, 100
Trd, 4319513.893, 99
Trd, 4319514.093, 98
Trd, 4319514.343, 98
Trd, 4319516.043, 98
Trd, 4319516.893, 97
Trd, 4319517.593, 96
Trd, 4319517.993, 96
Trd, 4319519.143, 95
Trd, 4319519.193, 96
Trd, 4319524.493, 94
Trd, 4319527.793, 96
Trd, 4319529.043, 95
Trd, 4319529.793, 96
Trd, 4319529.943, 95
Trd, 4319531.093, 96
Trd, 4319532.393, 96
Trd, 4319533.093, 94
Trd, 4319534.793, 96
Trd, 4319536.543, 96
Trd, 4319538.793, 96
Trd, 4319539.993, 95
Trd, 4319540.543, 97
Trd, 4319544.943, 97
Trd, 4319545.343, 97
Trd, 4319546.893, 94
Trd, 4319550.393, 96
Trd, 4319550.443, 95
Trd, 4319552.443, 96
Trd, 4319552.593, 94
Trd, 4319552.943, 96
Trd, 4319555.043, 94
Trd, 4319556.243, 93
Trd, 4319558.443, 95
Trd, 4319558.943, 95
Trd, 4319559.843, 95
Trd, 4319560.193, 94
Trd, 4319561.293, 95
Trd, 4319563.493, 95
Trd, 4319564.243, 96
Trd, 4319565.243, 95
Trd, 4319566.743, 94
Trd, 4319568.443, 96
Trd, 4319572.643, 94
Trd, 4319573.293, 95
Trd, 4319573.393, 96
Trd, 4319576.243, 95
Trd, 4319576.743, 96
Trd, 4319577.643, 96
Trd, 4319577.843, 93
Trd, 4319579.943, 96
Trd, 4319581.143, 96
Trd, 4319581.193, 95
Trd, 4319581.893, 113
Trd, 4319583.943, 99
Trd, 4319585.393, 100
Trd, 4319588.843, 98
Trd, 4319590.043, 99
Trd, 4319591.743, 111
Trd, 4319593.443, 103
Trd, 4319593.493, 102
Trd, 4319594.943, 100
Trd, 4319597.593, 101
Trd, 4319598.193, 101
Trd, 4319598.243, 106
Trd, 4319599.193, 100
Trd, 4319602.193, 99
Trd, 4319603.743, 95
Trd, 4319606.243, 93
Trd, 4319606.293, 92
Trd, 4319606.693, 93
Trd, 4319607.593, 93
Trd, 4319609.593, 94
Trd, 4319610.543, 94
Trd, 4319611.843, 96
Trd, 4319612.193, 95
Trd, 4319615.143, 95
Trd, 4319616.993, 95
Trd, 4319617.843, 96
Trd, 4319618.493, 94
Trd, 4319621.893, 95
Trd, 4319623.143, 94
Trd, 4319623.443, 93
Trd, 4319623.643, 95
Trd, 4319624.443, 96
Trd, 4319625.343, 106
Trd, 4319628.793, 97
Trd, 4319628.993, 95
Trd, 4319630.993, 95
Trd, 4319633.443, 96
Trd, 4319634.443, 96
Trd, 4319636.643, 96
Trd, 4319638.743, 95
Trd, 4319640.043, 94
Trd, 4319641.893, 96
Trd, 4319642.893, 95
Trd, 4319643.443, 95
Trd, 4319644.243, 94
Trd, 4319646.043, 95
Trd, 4319649.093, 95
Trd, 4319651.643, 96
Trd, 4319651.993, 94
Trd, 4319653.793, 95
Trd, 4319654.493, 95
Trd, 4319655.293, 95
Trd, 4319656.593, 95
Trd, 4319657.293, 113
Trd, 4319658.793, 103
Trd, 4319660.743, 98
Trd, 4319660.793, 104
Trd, 4319664.243, 99
Trd, 4319665.493, 95
Trd, 4319665.793, 98
Trd, 4319667.443, 96
Trd, 4319668.093, 98
Trd, 4319668.143, 104
Trd, 4319672.843, 101
Trd, 4319673.093, 102
Trd, 4319673.293, 102
Trd, 4319673.443, 99
Trd, 4319675.493, 103
Trd, 4319675.843, 94
Trd, 4319675.893, 104
Trd, 4319677.893, 102
Trd, 4319678.343, 102
Trd, 4319680.093, 98
Trd, 4319681.693, 101
Trd, 4319681.993, 101
Trd, 4319686.743, 101
Trd, 4319687.943, 102
Trd, 4319689.143, 101
Trd, 4319689.793, 100
Trd, 4319692.893, 100
Trd, 4319693.193, 101
Trd, 4319694.843, 99
Trd, 4319698.093, 101
Trd, 4319699.343, 99
Trd, 4319700.543, 101
Trd, 4319701.093, 99
Trd, 4319702.043, 95
Trd, 4319704.843, 100
Trd, 4319705.293, 100
Trd, 4319710.593, 98
Trd, 4319710.643, 97
Trd, 4319711.493, 98
Trd, 4319713.343, 96
Trd, 4319714.593, 98
Trd, 4319715.343, 95
Trd, 4319716.693, 99
Trd, 4319717.793, 99
Trd, 4319721.743, 98
Trd, 4319724.193, 98
Trd, 4319724.843, 95
Trd, 4319726.593, 96
Trd, 4319728.643, 96
Trd, 4319729.993, 96
Trd, 4319731.593, 96
Trd, 4319732.743, 96
Trd, 4319732.943, 97
Trd, 4319734.193, 95
Trd, 4319734.693, 97
Trd, 4319738.993, 96
Trd, 4319739.543, 94
Trd, 4319739.843, 96
Trd, 4319741.993, 95
Trd, 4319744.743, 95
Trd, 4319744.943, 93
Trd, 4319746.143, 95
Trd, 4319747.943, 89
Trd, 4319748.143, 93
Trd, 4319749.393, 95
Trd, 4319750.443, 93
Trd, 4319752.943, 94
Trd, 4319755.093, 94
Trd, 4319755.943, 93
Trd, 4319756.643, 93
Trd, 4319758.493, 94
Trd, 4319758.643, 95
Trd, 4319759.693, 94
Trd, 4319760.043, 95
Trd, 4319761.543, 96
Trd, 4319762.193, 95
Trd, 4319765.493, 91
Trd, 4319766.443, 94
Trd, 4319767.693, 95
Trd, 4319770.393, 94
Trd, 4319771.043, 93
Trd, 4319772.343, 92
Trd, 4319775.543, 93
Trd, 4319775.643, 93
Trd, 4319776.343, 92
Trd, 4319776.443, 95
Trd, 4319778.043, 95
Trd, 4319779.693, 109
Trd, 4319780.993, 98
Trd, 4319781.593, 98
Trd, 4319781.793, 97
Trd, 4319781.993, 104
Trd, 4319783.993, 108
Trd, 4319785.193, 101
Trd, 4319785.493, 104
Trd, 4319786.593, 105
Trd, 4319788.643, 106
Trd, 4319789.743, 103
Trd, 4319790.593, 106
Trd, 4319792.893, 104
Trd, 4319794.243, 106
Trd, 4319795.293, 103
Trd, 4319797.693, 101
Trd, 4319798.393, 99
Trd, 4319798.993, 95
Trd, 4319800.043, 99
Trd, 4319802.243, 99
Trd, 4319803.143, 95
Trd, 4319803.393, 95
Trd, 4319804.643, 95
Trd, 4319806.243, 95
Trd, 4319806.743, 97
Trd, 4319807.893, 94
Trd, 4319809.143, 96
Trd, 4319813.293, 96
Trd, 4319815.193, 95
Trd, 4319816.793, 96
Trd, 4319817.643, 96
Trd, 4319818.393, 96
Trd, 4319819.393, 95
Trd, 4319820.543, 95
Trd, 4319821.943, 95
Trd, 4319822.293, 94
Trd, 4319823.843, 94
Trd, 4319826.593, 94
Trd, 4319827.893, 93
Trd, 4319828.993, 105
Trd, 4319830.443, 99
Trd, 4319830.493, 100
Trd, 4319831.143, 98
Trd, 4319834.143, 97
Trd, 4319835.343, 97
Trd, 4319837.193, 98
Trd, 4319839.843, 88
Trd, 4319839.893, 90
Trd, 4319841.143, 92
Trd, 4319843.943, 94
Trd, 4319844.443, 95
Trd, 4319845.343, 97
Trd, 4319845.643, 95
Trd, 4319848.693, 95
Trd, 4319849.193, 97
Trd, 4319851.493, 97
Trd, 4319852.693, 95
Trd, 4319854.043, 96
Trd, 4319855.093, 96
Trd, 4319856.993, 96
Trd, 4319857.643, 95
Trd, 4319859.993, 96
Trd, 4319860.893, 95
Trd, 4319861.943, 96
Trd, 4319863.643, 97
Trd, 4319864.593, 96
Trd, 4319865.743, 97
Trd, 4319867.293, 95
Trd, 4319868.843, 97
Trd, 4319869.793, 97
Trd, 4319872.443, 97
Trd, 4319873.693, 97
Trd, 4319874.293, 97
Trd, 4319876.693, 97
Trd, 4319878.993, 95
Trd, 4319879.043, 97
Trd, 4319881.493, 97
Trd, 4319881.793, 96
Trd, 4319883.793, 94
Trd, 4319884.443, 92
Trd, 4319885.743, 91
Trd, 4319887.043, 90
Trd, 4319890.343, 90
Trd, 4319891.193, 89
Trd, 4319891.643, 90
Trd, 4319893.493, 91
Trd, 4319894.843, 108
Trd, 4319896.293, 89
Trd, 4319898.193, 92
Trd, 4319898.643, 95
Trd, 4319899.943, 93
Trd, 4319902.193, 92
Trd, 4319902.243, 93
Trd, 4319903.843, 104
Trd, 4319903.943, 102
Trd, 4319906.093, 104
Trd, 4319907.643, 103
Trd, 4319908.743, 101
Trd, 4319909.243, 103
Trd, 4319910.243, 101
Trd, 4319910.693, 103
Trd, 4319912.543, 100
Trd, 4319914.543, 101
Trd, 4319914.893, 101
Trd, 4319915.243, 99
Trd, 4319915.793, 100
Trd, 4319917.343, 99
Trd, 4319919.693, 99
Trd, 4319919.843, 99
Trd, 4319922.943, 99
Trd, 4319923.343, 98
Trd, 4319924.543, 114
Trd, 4319924.593, 113
Trd, 4319925.393, 103
Trd, 4319929.493, 99
Trd, 4319929.593, 99
Trd, 4319930.093, 100
Trd, 4319933.443, 97
Trd, 4319933.993, 97
Trd, 4319934.843, 95
Trd, 4319936.493, 96
Trd, 4319939.593, 95
Trd, 4319939.793, 96
Trd, 4319940.243, 96
Trd, 4319941.143, 99
Trd, 4319943.393, 95
Trd, 4319944.743, 97
Trd, 4319946.093, 94
Trd, 4319948.543, 96
Trd, 4319950.143, 96
Trd, 4319950.743, 96
Trd, 4319950.993, 96
Trd, 4319953.593, 95
Trd, 4319954.043, 96
Trd, 4319955.793, 94
Trd, 4319958.843, 93
Trd, 4319959.043, 93
Trd, 4319959.193, 95
Trd, 4319961.293, 91
Trd, 4319962.443, 88
Trd, 4319962.693, 89
Trd, 4319963.993, 88
Trd, 4319965.043, 89
Trd, 4319967.043, 91
Trd, 4319968.943, 90
Trd, 4319971.343, 91
Trd, 4319971.743, 88
Trd, 4319972.993, 90
Trd, 4319974.643, 89
Trd, 4319975.193, 90
Trd, 4319976.693, 104
Trd, 4319978.193, 114
Trd, 4319978.293, 113
Trd, 4319981.043, 102
Trd, 4319981.093, 95
Trd, 4319981.843, 101
Trd, 4319983.793, 96
Trd, 4319984.293, 96
Trd, 4319984.843, 107
Trd, 4319986.343, 96
Trd, 4319990.193, 99
Trd, 4319990.243, 100
Trd, 4319994.043, 98
Trd, 4319994.343, 98
Trd, 4319994.593, 97
Trd, 4319995.193, 96
Trd, 4319996.343, 99
Trd, 4319996.743, 98
Trd, 4319998.893, 111
Trd, 4319999.193, 110
