Trd, 4317879.193, 99
Trd, 4317879.493, 98
Trd, 4317881.393, 97
Trd, 4317881.593, 99
Trd, 4317882.493, 98
Trd, 4317883.043, 103
Trd, 4317886.793, 99
Trd, 4317887.393, 98
Trd, 4317887.493, 99
Trd, 4317888.593, 99
Trd, 4317889.993, 99
Trd, 4317892.693, 98
Trd, 4317895.843, 98
Trd, 4317896.843, 98
Trd, 4317897.993, 98
Trd, 4317898.893, 98
Trd, 4317900.243, 98
Trd, 4317901.593, 97
Trd, 4317901.943, 98
Trd, 4317905.093, 97
Trd, 4317908.193, 97
Trd, 4317908.543, 96
Trd, 4317909.943, 96
Trd, 4317910.243, 97
Trd, 4317911.643, 96
Trd, 4317912.293, 95
Trd, 4317913.443, 96
Trd, 4317914.343, 96
Trd, 4317915.493, 96
Trd, 4317917.343, 98
Trd, 4317918.293, 97
Trd, 4317920.343, 99
Trd, 4317921.593, 99
Trd, 4317923.093, 103
Trd, 4317923.993, 102
Trd, 4317925.143, 101
Trd, 4317927.343, 104
Trd, 4317928.443, 103
Trd, 4317929.543, 104
Trd, 4317930.743, 104
Trd, 4317932.393, 104
Trd, 4317932.493, 104
Trd, 4317934.193, 103
Trd, 4317936.743, 103
Trd, 4317937.543, 102
Trd, 4317937.993, 104
Trd, 4317940.693, 102
Trd, 4317940.993, 101
Trd, 4317943.893, 102
Trd, 4317944.993, 101
Trd, 4317945.443, 101
Trd, 4317945.593, 100
Trd, 4317946.643, 100
Trd, 4317948.393, 100
Trd, 4317948.593, 100
Trd, 4317948.693, 100
Trd, 4317951.543, 96
Trd, 4317951.843, 98
Trd, 4317953.943, 104
Trd, 4317955.493, 99
Trd, 4317956.943, 101
Trd, 4317957.493, 101
Trd, 4317959.043, 101
Trd, 4317959.593, 100
Trd, 4317960.743, 101
Trd, 4317961.293, 102
Trd, 4317961.843, 102
Trd, 4317964.843, 103
Trd, 4317965.993, 103
Trd, 4317966.743, 101
Trd, 4317969.743, 95
Trd, 4317969.843, 95
Trd, 4317970.843, 96
Trd, 4317970.993, 94
Trd, 4317973.093, 95
Trd, 4317973.693, 97
Trd, 4317975.143, 95
Trd, 4317975.443, 95
Trd, 4317977.893, 96
Trd, 4317978.743, 97
Trd, 4317980.143, 98
Trd, 4317981.593, 97
Trd, 4317982.743, 91
Trd, 4317983.893, 90
Trd, 4317984.793, 94
Trd, 4317987.843, 107
Trd, 4317988.093, 106
Trd, 4317988.693, 106
Trd, 4317988.993, 103
Trd, 4317989.793, 103
Trd, 4317991.493, 103
Trd, 4317994.593, 101
Trd, 4317996.193, 100
Trd, 4317996.393, 101
Trd, 4317996.543, 101
Trd, 4317998.643, 96
Trd, 4317999.543, 97
Trd, 4318000.143, 96
Trd, 4318002.693, 96
Trd, 4318003.693, 95
Trd, 4318005.643, 93
Trd, 4318007.343, 90
Trd, 4318008.093, 95
Trd, 4318008.743, 96
Trd, 4318010.393, 105
Trd, 4318010.743, 104
Trd, 4318012.343, 103
Trd, 4318013.793, 102
Trd, 4318015.193, 101
Trd, 4318015.493, 100
Trd, 4318016.393, 101
Trd, 4318018.393, 101
Trd, 4318019.693, 99
Trd, 4318021.193, 96
Trd, 4318021.643, 96
Trd, 4318022.043, 96
Trd, 4318024.293, 96
Trd, 4318026.193, 96
Trd, 4318026.943, 96
Trd, 4318027.493, 95
Trd, 4318028.643, 96
Trd, 4318030.543, 98
Trd, 4318030.893, 97
Trd, 4318031.193, 103
Trd, 4318031.443, 101
Trd, 4318034.193, 99
Trd, 4318034.343, 100
Trd, 4318035.943, 100
Trd, 4318038.093, 100
Trd, 4318039.493, 101
Trd, 4318041.393, 100
Trd, 4318045.543, 101
Trd, 4318048.193, 98
Trd, 4318048.693, 98
Trd, 4318048.993, 99
Trd, 4318050.793, 97
Trd, 4318051.193, 97
Trd, 4318051.393, 97
Trd, 4318053.593, 97
Trd, 4318056.443, 97
Trd, 4318057.093, 95
Trd, 4318058.393, 96
Trd, 4318059.543, 95
Trd, 4318061.143, 96
Trd, 4318061.293, 104
Trd, 4318063.743, 96
Trd, 4318063.843, 97
Trd, 4318067.043, 96
Trd, 4318067.243, 97
Trd, 4318070.043, 97
Trd, 4318071.793, 97
Trd, 4318072.243, 96
Trd, 4318075.393, 95
Trd, 4318075.743, 95
Trd, 4318077.343, 96
Trd, 4318078.043, 96
Trd, 4318078.343, 96
Trd, 4318079.893, 104
Trd, 4318081.093, 98
Trd, 4318081.493, 97
Trd, 4318083.443, 97
Trd, 4318083.943, 96
Trd, 4318084.193, 95
Trd, 4318087.093, 95
Trd, 4318087.543, 94
Trd, 4318088.393, 95
Trd, 4318090.093, 95
Trd, 4318092.593, 95
Trd, 4318093.093, 96
Trd, 4318093.543, 94
Trd, 4318094.043, 94
Trd, 4318095.593, 95
Trd, 4318095.793, 95
Trd, 4318097.493, 94
Trd, 4318099.193, 104
Trd, 4318100.743, 100
Trd, 4318101.293, 97
Trd, 4318102.843, 97
Trd, 4318102.993, 96
Trd, 4318104.743, 97
Trd, 4318106.093, 97
Trd, 4318108.443, 96
Trd, 4318110.243, 97
Trd, 4318110.593, 97
Trd, 4318111.143, 97
Trd, 4318114.743, 97
Trd, 4318115.393, 97
Trd, 4318116.843, 96
Trd, 4318117.593, 95
Trd, 4318119.343, 96
Trd, 4318120.643, 95
Trd, 4318121.843, 95
Trd, 4318122.543, 95
Trd, 4318122.943, 96
Trd, 4318124.143, 96
Trd, 4318124.743, 96
Trd, 4318127.343, 95
Trd, 4318128.543, 96
Trd, 4318129.043, 96
Trd, 4318131.643, 96
Trd, 4318132.343, 96
Trd, 4318132.793, 96
Trd, 4318134.743, 96
Trd, 4318135.193, 97
Trd, 4318136.393, 95
Trd, 4318139.243, 96
Trd, 4318139.743, 95
Trd, 4318140.193, 96
Trd, 4318141.893, 103
Trd, 4318142.643, 105
Trd, 4318143.293, 104
Trd, 4318144.293, 101
Trd, 4318147.393, 99
Trd, 4318148.543, 97
Trd, 4318149.093, 98
Trd, 4318149.443, 98
Trd, 4318152.393, 98
Trd, 4318153.243, 99
Trd, 4318156.793, 98
Trd, 4318157.043, 99
Trd, 4318157.343, 99
Trd, 4318161.993, 99
Trd, 4318164.493, 97
Trd, 4318164.993, 96
Trd, 4318165.193, 96
Trd, 4318168.293, 94
Trd, 4318168.543, 94
Trd, 4318169.293, 93
Trd, 4318169.743, 93
Trd, 4318170.043, 95
Trd, 4318170.843, 104
Trd, 4318171.743, 98
Trd, 4318174.393, 99
Trd, 4318175.743, 99
Trd, 4318178.493, 100
Trd, 4318179.943, 96
Trd, 4318179.993, 95
Trd, 4318180.293, 98
Trd, 4318180.943, 98
Trd, 4318181.343, 98
Trd, 4318182.543, 97
Trd, 4318186.343, 96
Trd, 4318187.293, 96
Trd, 4318188.243, 96
Trd, 4318188.293, 97
Trd, 4318190.693, 97
Trd, 4318192.743, 96
Trd, 4318193.443, 96
Trd, 4318194.243, 95
Trd, 4318194.643, 94
Trd, 4318197.143, 95
Trd, 4318198.843, 94
Trd, 4318199.343, 95
Trd, 4318200.293, 96
Trd, 4318201.193, 95
Trd, 4318201.343, 95
Trd, 4318202.693, 95
Trd, 4318204.593, 101
Trd, 4318205.243, 100
Trd, 4318207.543, 105
Trd, 4318208.593, 102
Trd, 4318209.693, 101
Trd, 4318210.793, 102
Trd, 4318211.743, 102
Trd, 4318213.493, 101
Trd, 4318214.443, 102
Trd, 4318216.793, 102
Trd, 4318218.193, 102
Trd, 4318220.193, 102
Trd, 4318220.893, 101
Trd, 4318221.343, 101
Trd, 4318222.393, 101
Trd, 4318224.143, 101
Trd, 4318224.693, 101
Trd, 4318226.643, 100
Trd, 4318227.693, 100
Trd, 4318228.193, 98
Trd, 4318228.843, 99
Trd, 4318234.493, 99
Trd, 4318235.243, 99
Trd, 4318235.893, 100
Trd, 4318236.443, 100
Trd, 4318238.943, 100
Trd, 4318239.193, 100
Trd, 4318241.493, 99
Trd, 4318242.493, 94
Trd, 4318243.443, 92
Trd, 4318245.743, 96
Trd, 4318246.143, 99
Trd, 4318247.193, 106
Trd, 4318247.593, 108
Trd, 4318247.843, 107
Trd, 4318250.493, 105
Trd, 4318251.743, 105
Trd, 4318254.393, 104
Trd, 4318254.443, 104
Trd, 4318256.293, 94
Trd, 4318256.793, 95
Trd, 4318257.493, 95
Trd, 4318258.693, 96
Trd, 4318259.193, 103
Trd, 4318262.193, 98
Trd, 4318263.043, 99
Trd, 4318263.943, 98
Trd, 4318267.443, 98
Trd, 4318267.543, 97
Trd, 4318267.593, 98
Trd, 4318270.243, 98
Trd, 4318270.343, 97
Trd, 4318272.143, 98
Trd, 4318272.893, 98
Trd, 4318274.043, 98
Trd, 4318274.993, 100
Trd, 4318275.793, 98
Trd, 4318277.993, 99
Trd, 4318279.443, 97
Trd, 4318280.543, 98
Trd, 4318281.343, 97
Trd, 4318282.493, 96
Trd, 4318282.843, 96
Trd, 4318286.443, 91
Trd, 4318286.493, 92
Trd, 4318287.293, 94
Trd, 4318287.993, 96
Trd, 4318289.693, 103
Trd, 4318290.343, 104
Trd, 4318291.943, 103
Trd, 4318292.593, 103
Trd, 4318294.093, 103
Trd, 4318295.743, 102
Trd, 4318296.693, 104
Trd, 4318297.843, 104
Trd, 4318298.693, 103
Trd, 4318299.843, 106
Trd, 4318300.393, 106
Trd, 4318303.643, 105
Trd, 4318305.143, 106
Trd, 4318306.793, 104
Trd, 4318309.543, 104
Trd, 4318309.743, 103
Trd, 4318310.093, 104
Trd, 4318312.443, 103
Trd, 4318312.793, 104
Trd, 4318312.893, 104
Trd, 4318313.693, 103
Trd, 4318314.693, 102
Trd, 4318315.693, 102
Trd, 4318316.743, 102
Trd, 4318316.993, 103
Trd, 4318318.343, 102
Trd, 4318318.743, 102
Trd, 4318322.743, 101
Trd, 4318323.243, 102
Trd, 4318326.643, 101
Trd, 4318327.193, 100
Trd, 4318328.743, 101
Trd, 4318329.643, 100
Trd, 4318330.993, 98
Trd, 4318331.593, 99
Trd, 4318332.693, 98
Trd, 4318333.493, 98
Trd, 4318334.893, 91
Trd, 4318335.243, 98
Trd, 4318336.043, 93
Trd, 4318338.093, 93
Trd, 4318338.643, 93
Trd, 4318339.593, 95
Trd, 4318340.093, 95
Trd, 4318341.093, 94
Trd, 4318344.243, 90
Trd, 4318344.593, 95
Trd, 4318345.343, 92
Trd, 4318347.643, 94
Trd, 4318348.993, 95
Trd, 4318349.743, 95
Trd, 4318353.393, 102
Trd, 4318353.593, 101
Trd, 4318354.893, 96
Trd, 4318355.193, 98
Trd, 4318358.743, 97
Trd, 4318359.143, 97
Trd, 4318359.293, 97
Trd, 4318361.093, 97
Trd, 4318361.493, 100
Trd, 4318363.443, 103
Trd, 4318363.693, 100
Trd, 4318365.693, 101
Trd, 4318366.993, 104
Trd, 4318368.043, 104
Trd, 4318369.993, 102
Trd, 4318370.393, 101
Trd, 4318373.243, 102
Trd, 4318375.943, 101
Trd, 4318376.193, 100
Trd, 4318377.343, 99
Trd, 4318377.743, 99
Trd, 4318379.293, 93
Trd, 4318380.043, 91
Trd, 4318381.093, 92
Trd, 4318382.543, 91
Trd, 4318385.193, 103
Trd, 4318385.743, 101
Trd, 4318388.543, 102
Trd, 4318390.343, 105
Trd, 4318390.743, 102
Trd, 4318392.093, 104
Trd, 4318394.143, 104
Trd, 4318394.793, 104
Trd, 4318395.143, 104
Trd, 4318396.893, 104
Trd, 4318398.893, 104
Trd, 4318399.643, 103
Trd, 4318400.993, 104
Trd, 4318403.543, 102
Trd, 4318405.143, 101
Trd, 4318405.293, 101
Trd, 4318405.443, 101
Trd, 4318406.693, 101
Trd, 4318409.043, 101
Trd, 4318410.743, 99
Trd, 4318411.043, 98
Trd, 4318412.393, 96
Trd, 4318412.843, 95
Trd, 4318413.243, 96
Trd, 4318414.193, 97
Trd, 4318415.493, 99
Trd, 4318418.343, 98
Trd, 4318419.443, 98
Trd, 4318420.143, 98
Trd, 4318421.243, 104
Trd, 4318422.343, 103
Trd, 4318423.293, 101
Trd, 4318426.393, 102
Trd, 4318427.593, 103
Trd, 4318428.843, 102
Trd, 4318431.393, 102
Trd, 4318432.193, 101
Trd, 4318436.643, 102
Trd, 4318437.043, 102
Trd, 4318438.643, 101
Trd, 4318439.493, 101
Trd, 4318440.343, 101
Trd, 4318443.843, 100
Trd, 4318445.643, 101
Trd, 4318448.193, 97
Trd, 4318448.793, 98
Trd, 4318449.343, 96
Trd, 4318451.493, 97
Trd, 4318453.593, 97
Trd, 4318453.993, 96
Trd, 4318458.043, 97
Trd, 4318458.643, 96
Trd, 4318459.893, 97
Trd, 4318460.093, 97
Trd, 4318461.043, 96
Trd, 4318462.143, 96
Trd, 4318465.743, 103
Trd, 4318467.443, 98
Trd, 4318467.893, 99
Trd, 4318468.243, 98
Trd, 4318469.843, 99
Trd, 4318471.743, 97
Trd, 4318472.193, 95
Trd, 4318473.843, 92
Trd, 4318474.643, 95
Trd, 4318476.643, 99
Trd, 4318478.543, 99
Trd, 4318480.043, 102
Trd, 4318480.593, 103
Trd, 4318481.343, 102
Trd, 4318482.993, 100
Trd, 4318484.343, 105
Trd, 4318484.943, 104
Trd, 4318486.493, 103
Trd, 4318488.243, 105
Trd, 4318489.393, 105
Trd, 4318492.893, 105
Trd, 4318494.193, 105
Trd, 4318496.493, 103
Trd, 4318496.943, 102
Trd, 4318497.043, 104
Trd, 4318497.793, 102
Trd, 4318500.493, 101
Trd, 4318501.393, 101
Trd, 4318501.843, 100
Trd, 4318503.343, 99
Trd, 4318505.093, 98
Trd, 4318505.543, 97
Trd, 4318506.293, 104
Trd, 4318508.343, 99
Trd, 4318509.343, 95
Trd, 4318510.193, 88
Trd, 4318511.443, 87
Trd, 4318512.793, 86
Trd, 4318513.693, 87
Trd, 4318514.893, 90
Trd, 4318517.543, 96
Trd, 4318518.893, 93
Trd, 4318519.943, 92
Trd, 4318521.243, 93
Trd, 4318522.443, 92
Trd, 4318523.443, 92
Trd, 4318523.593, 92
Trd, 4318525.093, 92
Trd, 4318525.793, 95
Trd, 4318527.293, 93
Trd, 4318529.943, 97
Trd, 4318529.993, 95
Trd, 4318530.943, 95
Trd, 4318531.843, 96
Trd, 4318533.143, 95
Trd, 4318534.093, 96
Trd, 4318535.143, 89
Trd, 4318535.493, 91
Trd, 4318537.793, 90
Trd, 4318538.943, 91
Trd, 4318540.693, 89
Trd, 4318540.793, 90
Trd, 4318541.193, 95
Trd, 4318542.593, 93
Trd, 4318543.243, 95
Trd, 4318546.193, 96
Trd, 4318547.493, 95
Trd, 4318549.293, 94
Trd, 4318549.943, 94
Trd, 4318550.143, 95
Trd, 4318551.693, 95
Trd, 4318555.243, 93
Trd, 4318555.793, 95
Trd, 4318558.893, 93
Trd, 4318559.493, 94
Trd, 4318562.243, 93
Trd, 4318563.393, 93
Trd, 4318564.343, 93
Trd, 4318566.443, 104
Trd, 4318566.793, 96
Trd, 4318567.843, 95
Trd, 4318568.543, 91
Trd, 4318570.143, 92
Trd, 4318570.443, 97
Trd, 4318572.843, 93
Trd, 4318573.593, 92
Trd, 4318574.043, 95
Trd, 4318575.493, 96
Trd, 4318578.193, 95
Trd, 4318579.193, 96
Trd, 4318579.643, 96
Trd, 4318580.393, 97
Trd, 4318581.543, 104
Trd, 4318582.893, 101
Trd, 4318583.743, 102
Trd, 4318584.493, 101
Trd, 4318585.043, 100
Trd, 4318585.543, 99
Trd, 4318587.343, 98
Trd, 4318588.743, 98
Trd, 4318590.043, 99
Trd, 4318591.193, 99
Trd, 4318592.743, 100
Trd, 4318593.543, 100
Trd, 4318595.243, 100
Trd, 4318596.043, 97
Trd, 4318596.343, 96
Trd, 4318598.193, 95
Trd, 4318598.793, 96
Trd, 4318602.243, 95
Trd, 4318602.693, 94
Trd, 4318604.443, 105
Trd, 4318605.893, 106
Trd, 4318606.693, 104
Trd, 4318607.043, 104
Trd, 4318609.643, 98
Trd, 4318609.843, 97
Trd, 4318612.393, 105
Trd, 4318612.843, 104
Trd, 4318614.343, 102
Trd, 4318614.893, 101
Trd, 4318616.193, 100
Trd, 4318616.743, 100
Trd, 4318617.143, 98
Trd, 4318618.793, 99
Trd, 4318623.043, 96
Trd, 4318623.443, 98
Trd, 4318624.293, 98
Trd, 4318624.693, 97
Trd, 4318628.193, 98
Trd, 4318628.743, 98
Trd, 4318628.793, 99
Trd, 4318630.243, 98
Trd, 4318630.293, 98
Trd, 4318632.143, 103
Trd, 4318632.293, 104
Trd, 4318634.193, 100
Trd, 4318635.643, 102
Trd, 4318636.943, 104
Trd, 4318637.443, 102
Trd, 4318637.543, 103
Trd, 4318640.143, 102
Trd, 4318641.743, 104
Trd, 4318643.693, 104
Trd, 4318646.293, 104
Trd, 4318647.143, 103
Trd, 4318648.043, 104
Trd, 4318649.343, 102
Trd, 4318651.343, 98
Trd, 4318651.993, 98
Trd, 4318652.093, 98
Trd, 4318654.043, 98
Trd, 4318654.643, 98
Trd, 4318656.743, 99
Trd, 4318657.843, 100
Trd, 4318659.293, 100
Trd, 4318660.743, 100
Trd, 4318661.143, 99
Trd, 4318663.493, 99
Trd, 4318664.293, 100
Trd, 4318666.393, 99
Trd, 4318667.343, 100
Trd, 4318669.543, 100
Trd, 4318670.043, 101
Trd, 4318671.093, 102
Trd, 4318672.843, 101
Trd, 4318673.593, 98
Trd, 4318674.943, 98
Trd, 4318675.543, 99
Trd, 4318676.493, 98
Trd, 4318677.143, 103
Trd, 4318680.843, 98
Trd, 4318681.193, 98
Trd, 4318681.843, 97
Trd, 4318683.093, 96
Trd, 4318683.593, 95
Trd, 4318685.193, 96
Trd, 4318687.543, 101
Trd, 4318688.093, 97
Trd, 4318688.593, 97
Trd, 4318689.443, 97
Trd, 4318691.143, 96
Trd, 4318693.193, 96
Trd, 4318693.693, 95
Trd, 4318694.643, 97
Trd, 4318696.643, 96
Trd, 4318698.843, 96
Trd, 4318699.443, 95
Trd, 4318700.893, 94
Trd, 4318701.443, 94
Trd, 4318701.643, 93
Trd, 4318703.343, 95
Trd, 4318704.343, 93
Trd, 4318705.343, 103
Trd, 4318706.593, 104
Trd, 4318707.643, 105
Trd, 4318708.193, 105
Trd, 4318708.843, 108
Trd, 4318710.043, 106
Trd, 4318710.693, 108
Trd, 4318713.193, 109
Trd, 4318714.243, 110
Trd, 4318715.393, 108
Trd, 4318715.843, 108
Trd, 4318716.293, 108
Trd, 4318718.793, 105
Trd, 4318720.393, 99
Trd, 4318720.743, 99
Trd, 4318720.793, 101
Trd, 4318724.093, 95
Trd, 4318724.193, 96
Trd, 4318725.993, 96
Trd, 4318726.293, 95
Trd, 4318727.743, 94
Trd, 4318729.443, 96
Trd, 4318730.193, 104
Trd, 4318731.043, 103
Trd, 4318731.743, 103
Trd, 4318733.643, 101
Trd, 4318734.443, 104
Trd, 4318735.093, 103
Trd, 4318735.743, 104
Trd, 4318737.293, 104
Trd, 4318737.643, 104
Trd, 4318739.443, 106
Trd, 4318739.793, 105
Trd, 4318741.693, 106
Trd, 4318742.593, 104
Trd, 4318744.443, 104
Trd, 4318745.543, 103
Trd, 4318746.643, 104
Trd, 4318747.343, 104
Trd, 4318749.543, 104
Trd, 4318750.093, 104
Trd, 4318750.343, 104
Trd, 4318751.693, 104
Trd, 4318752.943, 104
Trd, 4318754.293, 103
Trd, 4318756.193, 102
Trd, 4318756.593, 102
Trd, 4318756.743, 103
Trd, 4318759.093, 103
Trd, 4318760.293, 104
Trd, 4318761.743, 103
Trd, 4318762.993, 102
Trd, 4318764.743, 101
Trd, 4318765.693, 102
Trd, 4318767.893, 102
Trd, 4318769.743, 102
Trd, 4318769.793, 102
Trd, 4318769.943, 102
Trd, 4318773.393, 102
Trd, 4318773.543, 101
Trd, 4318774.843, 102
Trd, 4318777.643, 103
Trd, 4318779.493, 94
Trd, 4318779.643, 97
Trd, 4318780.793, 96
Trd, 4318781.993, 97
Trd, 4318783.193, 97
Trd, 4318784.093, 97
Trd, 4318785.093, 96
Trd, 4318786.343, 97
Trd, 4318787.543, 96
Trd, 4318788.443, 104
Trd, 4318788.893, 101
Trd, 4318791.743, 98
Trd, 4318792.743, 98
Trd, 4318793.043, 97
Trd, 4318796.093, 105
Trd, 4318796.993, 102
Trd, 4318798.393, 102
Trd, 4318798.743, 104
Trd, 4318798.993, 103
Trd, 4318799.543, 103
Trd, 4318800.993, 103
Trd, 4318802.443, 102
Trd, 4318803.943, 103
Trd, 4318804.993, 104
Trd, 4318809.093, 104
Trd, 4318809.643, 104
Trd, 4318811.943, 103
Trd, 4318812.443, 103
Trd, 4318813.143, 102
Trd, 4318813.993, 103
Trd, 4318814.643, 104
Trd, 4318816.993, 103
Trd, 4318817.393, 102
Trd, 4318817.893, 101
Trd, 4318819.193, 99
Trd, 4318820.743, 99
Trd, 4318822.743, 99
Trd, 4318823.043, 99
Trd, 4318825.193, 99
Trd, 4318828.793, 99
Trd, 4318830.093, 98
Trd, 4318831.543, 98
Trd, 4318831.843, 99
Trd, 4318834.243, 98
Trd, 4318836.443, 97
Trd, 4318836.593, 99
Trd, 4318837.993, 97
Trd, 4318839.043, 98
Trd, 4318841.793, 98
Trd, 4318843.093, 98
Trd, 4318843.143, 97
Trd, 4318845.993, 96
Trd, 4318847.893, 97
Trd, 4318850.243, 97
Trd, 4318850.943, 97
Trd, 4318851.993, 96
Trd, 4318852.143, 95
Trd, 4318852.193, 96
Trd, 4318855.993, 97
Trd, 4318856.093, 96
Trd, 4318859.693, 104
Trd, 4318859.993, 100
Trd, 4318861.043, 99
Trd, 4318861.093, 98
Trd, 4318863.193, 98
Trd, 4318863.493, 97
Trd, 4318865.643, 104
Trd, 4318865.893, 103
Trd, 4318867.793, 103
Trd, 4318868.493, 104
Trd, 4318870.693, 103
Trd, 4318871.293, 102
Trd, 4318872.443, 103
Trd, 4318873.293, 104
Trd, 4318875.843, 106
Trd, 4318875.893, 107
Trd, 4318878.293, 106
Trd, 4318882.293, 106
Trd, 4318882.393, 104
Trd, 4318882.493, 104
Trd, 4318885.943, 100
Trd, 4318886.843, 101
Trd, 4318887.293, 100
Trd, 4318889.243, 102
Trd, 4318891.993, 103
Trd, 4318892.843, 102
Trd, 4318894.593, 103
Trd, 4318895.693, 103
Trd, 4318896.593, 106
Trd, 4318897.443, 104
Trd, 4318899.593, 104
Trd, 4318899.893, 106
Trd, 4318900.743, 106
Trd, 4318902.143, 107
Trd, 4318903.893, 106
Trd, 4318905.793, 106
Trd, 4318906.993, 106
Trd, 4318907.393, 106
Trd, 4318909.543, 105
Trd, 4318912.493, 102
Trd, 4318913.843, 99
Trd, 4318913.993, 100
Trd, 4318914.943, 102
Trd, 4318915.743, 101
Trd, 4318916.193, 99
Trd, 4318916.543, 98
Trd, 4318918.093, 98
Trd, 4318919.893, 98
Trd, 4318921.343, 97
Trd, 4318922.343, 95
Trd, 4318923.343, 96
Trd, 4318924.643, 96
Trd, 4318924.793, 97
Trd, 4318925.543, 98
Trd, 4318929.293, 98
Trd, 4318929.893, 97
Trd, 4318932.343, 97
Trd, 4318935.743, 96
Trd, 4318938.193, 97
Trd, 4318938.743, 97
Trd, 4318939.493, 96
Trd, 4318942.543, 96
Trd, 4318942.693, 96
Trd, 4318944.343, 95
Trd, 4318945.443, 96
Trd, 4318947.093, 101
Trd, 4318948.743, 102
Trd, 4318949.893, 102
Trd, 4318949.943, 103
Trd, 4318951.543, 101
Trd, 4318951.693, 103
Trd, 4318954.243, 100
Trd, 4318955.493, 99
Trd, 4318958.193, 100
Trd, 4318958.843, 100
Trd, 4318960.593, 99
Trd, 4318961.593, 101
Trd, 4318962.893, 98
Trd, 4318962.943, 98
Trd, 4318965.393, 98
Trd, 4318965.543, 97
Trd, 4318967.593, 99
Trd, 4318968.893, 98
Trd, 4318969.693, 99
Trd, 4318971.193, 96
Trd, 4318972.643, 97
Trd, 4318973.993, 96
Trd, 4318974.043, 95
Trd, 4318975.493, 96
Trd, 4318977.543, 97
Trd, 4318980.093, 96
Trd, 4318980.943, 97
Trd, 4318983.393, 98
Trd, 4318984.643, 97
Trd, 4318985.643, 96
Trd, 4318986.543, 95
Trd, 4318987.143, 96
Trd, 4318987.343, 96
Trd, 4318987.793, 99
Trd, 4318989.293, 100
Trd, 4318990.043, 98
Trd, 4318991.543, 85
Trd, 4318992.443, 94
Trd, 4318993.893, 94
Trd, 4318994.443, 94
Trd, 4318995.343, 96
Trd, 4318995.943, 97
Trd, 4318999.593, 92
Trd, 4318999.893, 92
Trd, 4319000.643, 96
Trd, 4319001.293, 105
Trd, 4319002.543, 104
Trd, 4319004.093, 104
Trd, 4319004.293, 105
Trd, 4319004.543, 103
Trd, 4319007.893, 100
Trd, 4319008.743, 100
Trd, 4319009.343, 100
Trd, 4319011.393, 100
Trd, 4319012.843, 100
Trd, 4319013.143, 101
Trd, 4319013.593, 100
Trd, 4319014.843, 100
Trd, 4319016.593, 100
Trd, 4319017.543, 101
Trd, 4319018.193, 103
Trd, 4319020.893, 96
Trd, 4319021.243, 96
Trd, 4319022.193, 98
Trd, 4319023.643, 108
Trd, 4319024.993, 104
Trd, 4319026.543, 105
Trd, 4319026.843, 105
Trd, 4319027.893, 105
Trd, 4319028.593, 105
Trd, 4319029.643, 101
Trd, 4319030.993, 101
Trd, 4319031.793, 100
Trd, 4319034.543, 97
Trd, 4319035.093, 95
Trd, 4319035.743, 96
Trd, 4319036.343, 95
Trd, 4319038.393, 93
Trd, 4319038.643, 93
Trd, 4319041.293, 96
Trd, 4319041.893, 95
Trd, 4319043.193, 95
Trd, 4319045.443, 96
Trd, 4319045.793, 96
Trd, 4319047.593, 97
Trd, 4319048.493, 97
Trd, 4319048.793, 104
Trd, 4319049.593, 97
Trd, 4319050.243, 97
Trd, 4319052.843, 98
Trd, 4319052.893, 98
Trd, 4319053.743, 97
Trd, 4319054.293, 98
Trd, 4319058.793, 97
Trd, 4319059.093, 96
Trd, 4319059.493, 97
Trd, 4319059.843, 96
Trd, 4319061.143, 97
Trd, 4319062.743, 97
Trd, 4319065.343, 97
Trd, 4319065.393, 97
Trd, 4319065.693, 97
Trd, 4319070.343, 95
Trd, 4319070.843, 97
Trd, 4319071.093, 95
Trd, 4319074.543, 94
Trd, 4319074.893, 96
Trd, 4319075.943, 97
Trd, 4319075.993, 96
Trd, 4319077.593, 97
Trd, 4319079.593, 103
Trd, 4319079.693, 100
Trd, 4319081.343, 98
Trd, 4319081.793, 98
Trd, 4319086.193, 96
Trd, 4319086.493, 96
Trd, 4319087.043, 97
Trd, 4319088.093, 96
Trd, 4319091.793, 96
Trd, 4319093.643, 97
Trd, 4319094.693, 97
Trd, 4319094.943, 96
Trd, 4319097.393, 95
Trd, 4319098.193, 96
Trd, 4319098.593, 96
Trd, 4319101.293, 96
Trd, 4319102.543, 96
Trd, 4319104.493, 98
Trd, 4319106.193, 100
Trd, 4319106.243, 99
Trd, 4319108.343, 98
Trd, 4319110.743, 97
Trd, 4319111.243, 97
Trd, 4319115.093, 96
Trd, 4319115.843, 95
Trd, 4319115.943, 95
Trd, 4319116.343, 95
Trd, 4319118.343, 96
Trd, 4319118.843, 96
Trd, 4319122.093, 96
Trd, 4319123.043, 99
Trd, 4319123.493, 98
Trd, 4319125.343, 102
Trd, 4319126.943, 104
Trd, 4319127.743, 98
Trd, 4319128.293, 97
Trd, 4319129.293, 99
Trd, 4319129.743, 99
Trd, 4319130.743, 95
Trd, 4319131.593, 95
Trd, 4319132.093, 95
Trd, 4319135.143, 99
Trd, 4319137.193, 100
Trd, 4319137.593, 103
Trd, 4319138.543, 101
Trd, 4319139.643, 100
Trd, 4319140.893, 101
Trd, 4319141.593, 102
Trd, 4319143.643, 104
Trd, 4319145.093, 102
Trd, 4319145.943, 101
Trd, 4319145.993, 100
Trd, 4319148.543, 100
Trd, 4319150.493, 99
Trd, 4319150.593, 101
Trd, 4319152.793, 101
Trd, 4319154.393, 100
Trd, 4319154.893, 102
Trd, 4319155.843, 101
Trd, 4319155.993, 103
Trd, 4319159.093, 99
Trd, 4319159.443, 98
Trd, 4319160.143, 97
Trd, 4319162.243, 99
Trd, 4319163.793, 103
Trd, 4319164.043, 102
Trd, 4319165.143, 101
Trd, 4319166.493, 100
Trd, 4319168.093, 99
Trd, 4319172.293, 99
Trd, 4319172.493, 99
Trd, 4319172.743, 99
Trd, 4319173.693, 97
Trd, 4319175.493, 97
Trd, 4319176.143, 98
Trd, 4319178.143, 98
Trd, 4319179.343, 98
Trd, 4319181.793, 97
Trd, 4319184.543, 97
Trd, 4319185.593, 96
Trd, 4319187.043, 97
Trd, 4319188.543, 95
Trd, 4319188.943, 96
Trd, 4319189.543, 96
Trd, 4319189.593, 97
Trd, 4319191.143, 100
Trd, 4319193.093, 103
Trd, 4319193.193, 101
Trd, 4319193.593, 101
Trd, 4319194.843, 98
Trd, 4319195.593, 104
Trd, 4319197.693, 106
Trd, 4319198.143, 103
Trd, 4319199.843, 103
Trd, 4319199.993, 102
Trd, 4319201.993, 99
Trd, 4319203.043, 99
Trd, 4319203.143, 99
Trd, 4319204.493, 99
Trd, 4319205.393, 99
Trd, 4319205.593, 98
Trd, 4319209.743, 97
Trd, 4319210.293, 97
Trd, 4319210.943, 100
Trd, 4319212.743, 100
Trd, 4319214.243, 99
Trd, 4319215.793, 99
Trd, 4319215.843, 99
Trd, 4319216.843, 98
Trd, 4319219.243, 97
Trd, 4319220.343, 98
Trd, 4319223.293, 98
Trd, 4319223.843, 96
Trd, 4319224.543, 97
Trd, 4319226.193, 97
Trd, 4319226.593, 96
Trd, 4319226.993, 97
Trd, 4319227.943, 97
Trd, 4319229.743, 97
Trd, 4319230.593, 96
Trd, 4319230.793, 97
Trd, 4319230.843, 97
Trd, 4319232.143, 96
Trd, 4319233.793, 97
Trd, 4319239.843, 97
Trd, 4319240.093, 96
Trd, 4319240.993, 97
Trd, 4319245.443, 97
Trd, 4319246.393, 96
Trd, 4319246.693, 95
Trd, 4319247.343, 95
Trd, 4319247.743, 97
Trd, 4319249.543, 104
Trd, 4319251.443, 103
Trd, 4319253.993, 99
Trd, 4319255.093, 101
Trd, 4319255.793, 99
Trd, 4319255.993, 98
Trd, 4319258.593, 105
Trd, 4319258.743, 104
Trd, 4319260.043, 104
Trd, 4319262.093, 103
Trd, 4319263.843, 104
Trd, 4319264.393, 103
Trd, 4319265.493, 102
Trd, 4319265.593, 103
Trd, 4319266.693, 103
Trd, 4319269.793, 100
Trd, 4319270.043, 100
Trd, 4319271.393, 100
Trd, 4319272.593, 102
Trd, 4319275.093, 102
Trd, 4319276.043, 101
Trd, 4319276.343, 103
Trd, 4319277.993, 98
Trd, 4319278.943, 98
Trd, 4319279.893, 105
Trd, 4319280.243, 104
Trd, 4319281.743, 104
Trd, 4319284.393, 105
Trd, 4319286.093, 105
Trd, 4319288.443, 104
Trd, 4319288.793, 103
Trd, 4319290.093, 96
Trd, 4319290.643, 97
Trd, 4319290.893, 99
Trd, 4319292.493, 99
Trd, 4319294.893, 99
Trd, 4319295.593, 100
Trd, 4319297.643, 98
Trd, 4319299.543, 100
Trd, 4319300.693, 99
Trd, 4319301.443, 100
Trd, 4319301.543, 101
Trd, 4319304.043, 105
Trd, 4319305.043, 104
Trd, 4319306.843, 106
Trd, 4319308.543, 105
Trd, 4319308.693, 105
Trd, 4319312.093, 105
Trd, 4319313.093, 106
Trd, 4319313.693, 106
Trd, 4319315.093, 105
Trd, 4319316.493, 103
Trd, 4319316.643, 102
Trd, 4319318.193, 104
Trd, 4319319.793, 102
Trd, 4319322.093, 101
Trd, 4319322.143, 101
Trd, 4319322.493, 102
Trd, 4319324.193, 100
Trd, 4319326.593, 99
Trd, 4319326.943, 101
Trd, 4319328.843, 103
Trd, 4319329.793, 100
Trd, 4319331.193, 100
Trd, 4319332.443, 101
Trd, 4319334.943, 100
Trd, 4319336.543, 101
Trd, 4319337.993, 99
Trd, 4319338.793, 100
Trd, 4319339.443, 100
Trd, 4319340.093, 98
Trd, 4319340.293, 98
Trd, 4319342.343, 95
Trd, 4319344.293, 91
Trd, 4319346.293, 87
Trd, 4319346.343, 87
Trd, 4319346.593, 87
Trd, 4319348.443, 87
Trd, 4319349.743, 93
Trd, 4319350.843, 94
Trd, 4319352.893, 91
Trd, 4319354.293, 96
Trd, 4319354.593, 95
Trd, 4319355.893, 95
Trd, 4319356.793, 96
Trd, 4319358.243, 95
Trd, 4319360.143, 95
Trd, 4319360.643, 94
Trd, 4319362.443, 95
Trd, 4319363.193, 95
Trd, 4319363.843, 95
Trd, 4319364.643, 100
Trd, 4319368.293, 93
Trd, 4319370.143, 93
Trd, 4319372.093, 93
Trd, 4319372.693, 92
Trd, 4319372.793, 91
Trd, 4319372.843, 93
Trd, 4319373.293, 95
Trd, 4319375.093, 94
Trd, 4319375.843, 95
Trd, 4319378.143, 103
Trd, 4319379.393, 101
Trd, 4319380.093, 104
Trd, 4319380.393, 102
Trd, 4319381.643, 102
Trd, 4319382.593, 102
Trd, 4319382.993, 102
Trd, 4319385.443, 102
Trd, 4319386.893, 102
Trd, 4319388.193, 102
Trd, 4319388.843, 101
Trd, 4319390.493, 101
Trd, 4319392.493, 101
Trd, 4319393.243, 101
Trd, 4319395.093, 102
Trd, 4319395.793, 101
Trd, 4319398.293, 99
Trd, 4319398.843, 100
Trd, 4319399.343, 100
Trd, 4319401.543, 101
Trd, 4319401.843, 95
Trd, 4319402.193, 94
Trd, 4319403.943, 95
Trd, 4319404.393, 96
Trd, 4319405.293, 96
Trd, 4319405.493, 96
Trd, 4319407.143, 97
Trd, 4319408.443, 98
Trd, 4319409.893, 96
Trd, 4319410.143, 97
Trd, 4319411.943, 96
Trd, 4319412.543, 97
Trd, 4319414.443, 96
Trd, 4319416.693, 97
Trd, 4319417.493, 95
Trd, 4319419.493, 90
Trd, 4319419.593, 90
Trd, 4319420.293, 89
Trd, 4319422.043, 89
Trd, 4319422.143, 89
Trd, 4319424.743, 91
Trd, 4319425.793, 92
Trd, 4319426.693, 95
Trd, 4319427.293, 104
Trd, 4319428.243, 95
Trd, 4319428.393, 96
Trd, 4319431.043, 95
Trd, 4319431.343, 95
Trd, 4319431.843, 95
Trd, 4319434.443, 94
Trd, 4319435.893, 93
Trd, 4319436.893, 95
Trd, 4319437.393, 97
Trd, 4319438.793, 101
Trd, 4319440.943, 99
Trd, 4319442.393, 96
Trd, 4319442.493, 97
Trd, 4319443.843, 96
Trd, 4319446.093, 97
Trd, 4319447.393, 99
Trd, 4319448.893, 97
Trd, 4319449.143, 97
Trd, 4319451.293, 97
Trd, 4319452.143, 96
Trd, 4319453.843, 96
Trd, 4319454.193, 95
Trd, 4319455.543, 96
Trd, 4319456.293, 97
Trd, 4319457.693, 108
Trd, 4319459.093, 100
Trd, 4319460.393, 98
Trd, 4319460.943, 100
Trd, 4319461.843, 99
Trd, 4319463.793, 98
Trd, 4319465.393, 96
Trd, 4319466.393, 96
Trd, 4319467.393, 96
Trd, 4319469.343, 96
Trd, 4319470.143, 96
Trd, 4319470.793, 96
Trd, 4319471.993, 96
Trd, 4319472.443, 95
Trd, 4319474.893, 95
Trd, 4319475.143, 95
Trd, 4319476.643, 96
Trd, 4319477.343, 104
Trd, 4319479.093, 98
Trd, 4319480.793, 100
Trd, 4319481.893, 101
Trd, 4319484.343, 106
Trd, 4319484.943, 107
Trd, 4319485.593, 105
Trd, 4319487.293, 100
Trd, 4319489.543, 97
Trd, 4319489.843, 97
Trd, 4319493.193, 95
Trd, 4319493.643, 96
Trd, 4319493.793, 96
Trd, 4319495.593, 104
Trd, 4319495.893, 104
Trd, 4319496.593, 102
Trd, 4319497.543, 104
Trd, 4319498.993, 103
Trd, 4319500.543, 103
Trd, 4319504.743, 103
Trd, 4319505.843, 103
Trd, 4319505.893, 103
Trd, 4319507.243, 104
Trd, 4319509.893, 102
Trd, 4319510.193, 102
Trd, 4319512.243, 95
Trd, 4319513.043, 95
Trd, 4319513.293, 96
Trd, 4319513.643, 96
Trd, 4319514.693, 98
Trd, 4319515.893, 97
Trd, 4319517.343, 97
Trd, 4319519.443, 98
Trd, 4319521.843, 96
Trd, 4319523.743, 97
Trd, 4319524.043, 97
Trd, 4319524.593, 97
Trd, 4319526.793, 95
Trd, 4319528.293, 94
Trd, 4319528.643, 96
Trd, 4319532.193, 94
Trd, 4319532.843, 95
Trd, 4319533.143, 94
Trd, 4319533.193, 95
Trd, 4319534.293, 94
Trd, 4319536.443, 94
Trd, 4319537.243, 95
Trd, 4319537.593, 95
Trd, 4319540.143, 95
Trd, 4319540.943, 96
Trd, 4319544.343, 97
Trd, 4319545.043, 96
Trd, 4319546.543, 95
Trd, 4319546.793, 96
Trd, 4319549.893, 96
Trd, 4319550.043, 95
Trd, 4319550.143, 97
Trd, 4319552.593, 97
Trd, 4319552.993, 97
Trd, 4319553.643, 104
Trd, 4319555.593, 105
Trd, 4319557.693, 104
Trd, 4319559.443, 103
Trd, 4319559.593, 102
Trd, 4319560.743, 102
Trd, 4319562.143, 98
Trd, 4319563.293, 98
Trd, 4319565.343, 98
Trd, 4319565.593, 97
Trd, 4319566.743, 93
Trd, 4319567.243, 96
Trd, 4319567.693, 95
Trd, 4319571.093, 95
Trd, 4319571.793, 95
Trd, 4319572.243, 96
Trd, 4319572.393, 104
Trd, 4319575.493, 96
Trd, 4319575.693, 95
Trd, 4319576.493, 95
Trd, 4319576.943, 97
Trd, 4319578.643, 97
Trd, 4319580.143, 98
Trd, 4319580.893, 98
Trd, 4319582.893, 98
Trd, 4319585.743, 98
Trd, 4319586.193, 98
Trd, 4319587.743, 98
Trd, 4319588.243, 97
Trd, 4319588.443, 98
Trd, 4319591.093, 97
Trd, 4319591.543, 96
Trd, 4319592.893, 97
Trd, 4319593.143, 97
Trd, 4319594.293, 97
Trd, 4319595.993, 97
Trd, 4319597.143, 98
Trd, 4319598.243, 98
Trd, 4319598.843, 97
Trd, 4319601.593, 97
Trd, 4319601.943, 96
Trd, 4319602.143, 100
Trd, 4319602.793, 100
Trd, 4319605.193, 103
Trd, 4319605.543, 105
Trd, 4319605.643, 104
Trd, 4319607.243, 103
Trd, 4319608.693, 101
Trd, 4319609.743, 101
Trd, 4319610.693, 101
Trd, 4319612.143, 103
Trd, 4319613.943, 102
Trd, 4319614.893, 102
Trd, 4319616.093, 102
Trd, 4319617.043, 101
Trd, 4319620.043, 101
Trd, 4319621.593, 101
Trd, 4319623.043, 100
Trd, 4319623.543, 101
Trd, 4319625.943, 101
Trd, 4319626.443, 100
Trd, 4319628.293, 103
Trd, 4319629.843, 100
Trd, 4319630.343, 100
Trd, 4319630.443, 99
Trd, 4319631.943, 100
Trd, 4319633.343, 100
Trd, 4319634.343, 99
Trd, 4319635.643, 99
Trd, 4319635.843, 98
Trd, 4319637.293, 104
Trd, 4319640.143, 101
Trd, 4319640.693, 100
Trd, 4319643.443, 99
Trd, 4319644.943, 99
Trd, 4319645.593, 100
Trd, 4319646.343, 99
Trd, 4319649.043, 98
Trd, 4319651.193, 99
Trd, 4319651.443, 99
Trd, 4319651.743, 100
Trd, 4319653.993, 94
Trd, 4319654.193, 93
Trd, 4319654.393, 100
Trd, 4319659.243, 95
Trd, 4319659.593, 94
Trd, 4319660.143, 98
Trd, 4319661.693, 95
Trd, 4319662.693, 100
Trd, 4319663.943, 96
Trd, 4319664.143, 97
Trd, 4319664.243, 99
Trd, 4319666.843, 97
Trd, 4319668.543, 96
Trd, 4319669.143, 95
Trd, 4319670.493, 95
Trd, 4319671.993, 95
Trd, 4319672.043, 94
Trd, 4319674.543, 94
Trd, 4319674.843, 94
Trd, 4319676.343, 94
Trd, 4319679.543, 95
Trd, 4319680.993, 95
Trd, 4319682.543, 95
Trd, 4319683.693, 95
Trd, 4319684.543, 94
Trd, 4319686.293, 93
Trd, 4319687.843, 95
Trd, 4319688.943, 96
Trd, 4319689.443, 96
Trd, 4319690.743, 97
Trd, 4319692.443, 98
Trd, 4319694.643, 102
Trd, 4319694.993, 101
Trd, 4319695.843, 101
Trd, 4319698.243, 99
Trd, 4319698.343, 100
Trd, 4319698.793, 100
Trd, 4319701.343, 105
Trd, 4319701.393, 104
Trd, 4319701.843, 104
Trd, 4319703.243, 104
Trd, 4319706.193, 102
Trd, 4319706.493, 103
Trd, 4319707.043, 104
Trd, 4319707.743, 104
Trd, 4319709.243, 104
Trd, 4319710.343, 103
Trd, 4319712.543, 102
Trd, 4319712.793, 103
Trd, 4319713.793, 104
Trd, 4319715.443, 103
Trd, 4319716.843, 104
Trd, 4319717.343, 104
Trd, 4319720.143, 104
Trd, 4319721.993, 104
Trd, 4319722.343, 103
Trd, 4319725.043, 102
Trd, 4319725.443, 103
Trd, 4319726.893, 103
Trd, 4319727.893, 102
Trd, 4319729.493, 103
Trd, 4319731.093, 104
Trd, 4319731.743, 104
Trd, 4319733.593, 110
Trd, 4319734.243, 109
Trd, 4319735.393, 108
Trd, 4319736.593, 106
Trd, 4319737.943, 107
Trd, 4319739.693, 107
Trd, 4319740.843, 107
Trd, 4319744.843, 104
Trd, 4319745.043, 104
Trd, 4319745.543, 103
Trd, 4319748.143, 104
Trd, 4319749.793, 104
Trd, 4319750.493, 104
Trd, 4319750.643, 104
Trd, 4319750.693, 104
Trd, 4319752.693, 104
Trd, 4319754.693, 105
Trd, 4319755.143, 104
Trd, 4319755.743, 103
Trd, 4319758.943, 104
Trd, 4319759.143, 104
Trd, 4319759.243, 105
Trd, 4319760.093, 105
Trd, 4319762.743, 104
Trd, 4319763.093, 104
Trd, 4319764.893, 100
Trd, 4319765.343, 100
Trd, 4319765.393, 101
Trd, 4319767.043, 101
Trd, 4319767.443, 101
Trd, 4319769.143, 102
Trd, 4319771.793, 102
Trd, 4319772.893, 102
Trd, 4319775.193, 100
Trd, 4319775.493, 104
Trd, 4319777.143, 103
Trd, 4319778.043, 102
Trd, 4319778.793, 103
Trd, 4319779.743, 103
Trd, 4319779.943, 103
Trd, 4319781.593, 103
Trd, 4319782.843, 104
Trd, 4319784.943, 105
Trd, 4319786.893, 106
Trd, 4319787.043, 106
Trd, 4319790.043, 106
Trd, 4319790.843, 105
Trd, 4319792.343, 104
Trd, 4319794.393, 103
Trd, 4319794.593, 104
Trd, 4319795.243, 104
Trd, 4319797.643, 104
Trd, 4319799.293, 104
Trd, 4319801.543, 103
Trd, 4319802.793, 103
Trd, 4319803.193, 104
Trd, 4319805.293, 102
Trd, 4319806.143, 101
Trd, 4319806.593, 102
Trd, 4319807.543, 102
Trd, 4319810.193, 100
Trd, 4319810.593, 101
Trd, 4319811.743, 101
Trd, 4319814.293, 102
Trd, 4319814.943, 102
Trd, 4319816.793, 101
Trd, 4319817.143, 100
Trd, 4319817.943, 100
Trd, 4319818.043, 102
Trd, 4319819.743, 99
Trd, 4319819.793, 98
Trd, 4319822.643, 97
Trd, 4319824.043, 96
Trd, 4319824.793, 97
Trd, 4319825.743, 98
Trd, 4319828.393, 99
Trd, 4319828.443, 99
Trd, 4319830.493, 98
Trd, 4319831.993, 97
Trd, 4319832.093, 96
Trd, 4319833.493, 97
Trd, 4319834.843, 96
Trd, 4319838.143, 97
Trd, 4319838.743, 96
Trd, 4319838.993, 97
Trd, 4319841.243, 98
Trd, 4319842.693, 96
Trd, 4319844.493, 96
Trd, 4319846.043, 97
Trd, 4319847.893, 96
Trd, 4319848.393, 98
Trd, 4319849.793, 96
Trd, 4319850.893, 96
Trd, 4319852.843, 97
Trd, 4319853.193, 96
Trd, 4319853.293, 98
Trd, 4319856.143, 98
Trd, 4319856.743, 97
Trd, 4319859.143, 96
Trd, 4319860.743, 95
Trd, 4319861.043, 94
Trd, 4319861.243, 94
Trd, 4319862.943, 95
Trd, 4319864.093, 96
Trd, 4319864.593, 96
Trd, 4319865.293, 96
Trd, 4319866.643, 96
Trd, 4319867.993, 102
Trd, 4319868.793, 99
Trd, 4319870.543, 100
Trd, 4319873.093, 98
Trd, 4319873.693, 98
Trd, 4319874.993, 99
Trd, 4319875.993, 99
Trd, 4319876.543, 99
Trd, 4319879.493, 99
Trd, 4319880.493, 98
Trd, 4319881.743, 97
Trd, 4319882.893, 97
Trd, 4319883.243, 98
Trd, 4319886.643, 104
Trd, 4319887.993, 99
Trd, 4319888.743, 100
Trd, 4319890.193, 99
Trd, 4319891.943, 100
Trd, 4319893.743, 100
Trd, 4319894.243, 100
Trd, 4319895.243, 100
Trd, 4319896.393, 100
Trd, 4319898.093, 99
Trd, 4319898.493, 99
Trd, 4319900.093, 98
Trd, 4319900.943, 99
Trd, 4319901.043, 98
Trd, 4319902.443, 100
Trd, 4319904.293, 99
Trd, 4319904.493, 98
Trd, 4319907.293, 100
Trd, 4319909.393, 97
Trd, 4319910.043, 98
Trd, 4319910.943, 98
Trd, 4319913.043, 96
Trd, 4319913.493, 95
Trd, 4319914.793, 97
Trd, 4319916.193, 95
Trd, 4319917.643, 95
Trd, 4319918.943, 95
Trd, 4319920.593, 95
Trd, 4319923.343, 95
Trd, 4319924.143, 95
Trd, 4319925.293, 95
Trd, 4319925.443, 94
Trd, 4319925.993, 93
Trd, 4319927.593, 94
Trd, 4319929.393, 91
Trd, 4319929.943, 91
Trd, 4319932.043, 93
Trd, 4319932.593, 92
Trd, 4319933.293, 93
Trd, 4319933.993, 95
Trd, 4319935.343, 94
Trd, 4319936.693, 95
Trd, 4319938.093, 97
Trd, 4319938.893, 103
Trd, 4319939.593, 100
Trd, 4319943.493, 104
Trd, 4319944.393, 103
Trd, 4319944.493, 102
Trd, 4319944.843, 102
Trd, 4319948.293, 102
Trd, 4319948.743, 103
Trd, 4319949.093, 104
Trd, 4319950.393, 103
Trd, 4319951.143, 104
Trd, 4319951.293, 104
Trd, 4319952.593, 104
Trd, 4319953.643, 103
Trd, 4319953.893, 102
Trd, 4319956.893, 104
Trd, 4319959.293, 105
Trd, 4319959.643, 105
Trd, 4319959.943, 104
Trd, 4319963.143, 100
Trd, 4319964.143, 100
Trd, 4319964.893, 100
Trd, 4319965.493, 101
Trd, 4319966.193, 100
Trd, 4319967.643, 98
Trd, 4319969.693, 98
Trd, 4319972.593, 98
Trd, 4319972.693, 97
Trd, 4319973.443, 97
Trd, 4319974.043, 96
Trd, 4319975.893, 97
Trd, 4319976.793, 97
Trd, 4319978.243, 97
Trd, 4319980.343, 97
Trd, 4319980.593, 96
Trd, 4319981.493, 96
Trd, 4319982.193, 97
Trd, 4319984.743, 96
Trd, 4319984.943, 97
Trd, 4319985.643, 97
Trd, 4319986.093, 97
Trd, 4319987.093, 97
Trd, 4319991.643, 96
Trd, 4319992.993, 96
Trd, 4319994.143, 105
Trd, 4319994.393, 105
Trd, 4319994.493, 103
Trd, 4319996.493, 104
Trd, 4319997.343, 103
Trd, 4319998.543, 104
