Trd, 4317925.093, 91
Trd, 4317925.543, 96
Trd, 4317927.743, 91
Trd, 4317927.993, 97
Trd, 4317928.693, 83
Trd, 4317928.993, 95
Trd, 4317930.443, 101
Trd, 4317931.093, 88
Trd, 4317932.443, 87
Trd, 4317932.943, 90
Trd, 4317933.293, 96
Trd, 4317939.243, 92
Trd, 4317939.443, 89
Trd, 4317940.293, 92
Trd, 4317942.393, 91
Trd, 4317942.443, 92
Trd, 4317943.093, 90
Trd, 4317944.543, 89
Trd, 4317946.093, 92
Trd, 4317947.043, 104
Trd, 4317949.043, 94
Trd, 4317949.643, 95
Trd, 4317950.693, 88
Trd, 4317951.793, 89
Trd, 4317954.343, 91
Trd, 4317954.593, 93
Trd, 4317955.293, 87
Trd, 4317957.843, 92
Trd, 4317959.443, 92
Trd, 4317961.343, 95
Trd, 4317962.193, 86
Trd, 4317964.643, 75
Trd, 4317965.093, 92
Trd, 4317965.543, 92
Trd, 4317967.243, 92
Trd, 4317968.843, 104
Trd, 4317972.293, 83
Trd, 4317972.743, 83
Trd, 4317973.843, 86
Trd, 4317975.243, 90
Trd, 4317975.493, 95
Trd, 4317977.593, 84
Trd, 4317979.093, 83
Trd, 4317980.743, 86
Trd, 4317981.743, 88
Trd, 4317982.093, 84
Trd, 4317982.643, 86
Trd, 4317983.843, 86
Trd, 4317986.193, 122
Trd, 4317987.493, 87
Trd, 4317988.143, 103
Trd, 4317989.643, 96
Trd, 4317990.143, 92
Trd, 4317991.143, 90
Trd, 4317991.943, 89
Trd, 4317991.993, 91
Trd, 4317993.793, 98
Trd, 4317995.143, 93
Trd, 4317996.343, 116
Trd, 4317998.693, 102
Trd, 4317999.243, 94
Trd, 4317999.443, 101
Trd, 4317999.493, 104
Trd, 4318000.393, 94
Trd, 4318002.993, 93
Trd, 4318004.393, 99
Trd, 4318006.143, 93
Trd, 4318006.493, 99
Trd, 4318007.593, 95
Trd, 4318008.743, 92
Trd, 4318009.693, 87
Trd, 4318010.143, 87
Trd, 4318010.843, 104
Trd, 4318011.843, 76
Trd, 4318012.393, 104
Trd, 4318015.293, 93
Trd, 4318015.343, 91
Trd, 4318016.693, 98
Trd, 4318017.093, 94
Trd, 4318018.543, 95
Trd, 4318019.093, 95
Trd, 4318021.393, 103
Trd, 4318021.693, 94
Trd, 4318022.143, 93
Trd, 4318022.943, 104
Trd, 4318025.193, 95
Trd, 4318026.343, 101
Trd, 4318028.543, 97
Trd, 4318029.443, 114
Trd, 4318029.693, 112
Trd, 4318030.193, 101
Trd, 4318030.443, 100
Trd, 4318031.943, 102
Trd, 4318032.643, 76
Trd, 4318033.093, 100
Trd, 4318036.743, 87
Trd, 4318038.093, 95
Trd, 4318038.193, 95
Trd, 4318038.493, 94
Trd, 4318038.843, 104
Trd, 4318039.193, 76
Trd, 4318041.843, 98
Trd, 4318044.343, 96
Trd, 4318044.743, 96
Trd, 4318045.543, 91
Trd, 4318046.693, 91
Trd, 4318047.743, 90
Trd, 4318049.193, 104
Trd, 4318049.793, 99
Trd, 4318051.793, 90
Trd, 4318052.493, 97
Trd, 4318053.343, 89
Trd, 4318054.493, 88
Trd, 4318055.643, 104
Trd, 4318057.193, 111
Trd, 4318057.293, 113
Trd, 4318057.843, 122
Trd, 4318060.093, 107
Trd, 4318060.793, 76
Trd, 4318061.843, 96
Trd, 4318063.243, 100
Trd, 4318063.493, 97
Trd, 4318063.893, 70
Trd, 4318065.043, 95
Trd, 4318067.493, 101
Trd, 4318068.043, 94
Trd, 4318068.693, 104
Trd, 4318069.793, 96
Trd, 4318071.893, 93
Trd, 4318072.393, 95
Trd, 4318073.043, 95
Trd, 4318074.693, 83
Trd, 4318075.093, 87
Trd, 4318075.593, 81
Trd, 4318077.643, 88
Trd, 4318078.993, 87
Trd, 4318081.843, 88
Trd, 4318082.543, 95
Trd, 4318082.643, 76
Trd, 4318082.893, 104
Trd, 4318084.993, 87
Trd, 4318085.643, 84
Trd, 4318087.193, 88
Trd, 4318089.343, 88
Trd, 4318090.443, 95
Trd, 4318090.593, 83
Trd, 4318091.293, 87
Trd, 4318092.843, 104
Trd, 4318093.643, 98
Trd, 4318095.193, 90
Trd, 4318095.543, 86
Trd, 4318097.343, 95
Trd, 4318097.543, 96
Trd, 4318098.593, 114
Trd, 4318098.743, 93
Trd, 4318099.793, 105
Trd, 4318100.893, 95
Trd, 4318101.693, 97
Trd, 4318102.543, 96
Trd, 4318102.993, 94
Trd, 4318103.043, 104
Trd, 4318104.193, 95
Trd, 4318105.493, 94
Trd, 4318105.843, 96
Trd, 4318107.793, 84
Trd, 4318109.243, 87
Trd, 4318110.293, 69
Trd, 4318110.693, 86
Trd, 4318112.943, 94
Trd, 4318113.493, 104
Trd, 4318115.293, 122
Trd, 4318116.493, 115
Trd, 4318116.593, 99
Trd, 4318117.443, 107
Trd, 4318117.893, 100
Trd, 4318118.543, 102
Trd, 4318119.793, 99
Trd, 4318121.293, 100
Trd, 4318121.793, 107
Trd, 4318122.143, 106
Trd, 4318122.543, 107
Trd, 4318123.943, 102
Trd, 4318125.443, 114
Trd, 4318127.443, 101
Trd, 4318127.843, 76
Trd, 4318129.793, 97
Trd, 4318130.393, 100
Trd, 4318132.293, 96
Trd, 4318132.443, 103
Trd, 4318132.993, 104
Trd, 4318134.893, 87
Trd, 4318135.443, 89
Trd, 4318136.243, 76
Trd, 4318137.993, 86
Trd, 4318138.593, 90
Trd, 4318138.693, 104
Trd, 4318139.643, 113
Trd, 4318141.043, 104
Trd, 4318142.593, 79
Trd, 4318143.743, 87
Trd, 4318144.543, 90
Trd, 4318145.443, 88
Trd, 4318145.543, 95
Trd, 4318147.743, 86
Trd, 4318148.993, 85
Trd, 4318149.243, 86
Trd, 4318149.793, 80
Trd, 4318151.093, 85
Trd, 4318152.193, 106
Trd, 4318153.393, 89
Trd, 4318154.593, 105
Trd, 4318156.343, 93
Trd, 4318156.393, 110
Trd, 4318158.393, 93
Trd, 4318159.743, 96
Trd, 4318160.493, 100
Trd, 4318161.093, 104
Trd, 4318161.843, 123
Trd, 4318162.493, 92
Trd, 4318163.493, 110
Trd, 4318164.343, 92
Trd, 4318165.343, 91
Trd, 4318165.843, 106
Trd, 4318167.343, 96
Trd, 4318170.243, 102
Trd, 4318170.893, 102
Trd, 4318171.643, 95
Trd, 4318172.843, 102
Trd, 4318172.893, 104
Trd, 4318172.943, 94
Trd, 4318175.893, 114
Trd, 4318176.593, 94
Trd, 4318176.793, 103
Trd, 4318180.193, 99
Trd, 4318180.293, 93
Trd, 4318182.993, 93
Trd, 4318183.293, 68
Trd, 4318183.543, 99
Trd, 4318184.093, 91
Trd, 4318185.043, 104
Trd, 4318188.793, 88
Trd, 4318189.193, 92
Trd, 4318189.543, 93
Trd, 4318189.943, 88
Trd, 4318190.993, 103
Trd, 4318191.893, 87
Trd, 4318192.043, 91
Trd, 4318195.793, 93
Trd, 4318195.993, 94
Trd, 4318197.293, 86
Trd, 4318199.143, 93
Trd, 4318199.693, 89
Trd, 4318200.493, 91
Trd, 4318202.093, 85
Trd, 4318205.043, 88
Trd, 4318205.693, 104
Trd, 4318206.793, 92
Trd, 4318206.993, 114
Trd, 4318209.193, 86
Trd, 4318210.093, 115
Trd, 4318210.443, 94
Trd, 4318210.793, 106
Trd, 4318211.743, 99
Trd, 4318213.243, 96
Trd, 4318214.543, 94
Trd, 4318215.093, 88
Trd, 4318215.993, 93
Trd, 4318218.793, 91
Trd, 4318219.543, 99
Trd, 4318220.643, 94
Trd, 4318220.993, 104
Trd, 4318221.943, 101
Trd, 4318224.543, 102
Trd, 4318224.893, 98
Trd, 4318224.943, 98
Trd, 4318225.043, 104
Trd, 4318226.543, 76
Trd, 4318227.893, 87
Trd, 4318228.293, 95
Trd, 4318230.343, 92
Trd, 4318230.693, 103
Trd, 4318231.343, 96
Trd, 4318232.943, 104
Trd, 4318234.143, 86
Trd, 4318234.693, 75
Trd, 4318235.543, 93
Trd, 4318236.943, 95
Trd, 4318238.843, 104
Trd, 4318239.043, 99
Trd, 4318239.543, 90
Trd, 4318240.943, 90
Trd, 4318241.793, 104
Trd, 4318243.543, 95
Trd, 4318245.743, 89
Trd, 4318246.443, 89
Trd, 4318249.793, 89
Trd, 4318250.093, 88
Trd, 4318250.343, 90
Trd, 4318250.743, 88
Trd, 4318254.693, 90
Trd, 4318254.743, 95
Trd, 4318255.743, 88
Trd, 4318256.643, 89
Trd, 4318258.193, 89
Trd, 4318258.693, 87
Trd, 4318260.193, 89
Trd, 4318260.993, 91
Trd, 4318262.293, 86
Trd, 4318263.943, 89
Trd, 4318266.343, 89
Trd, 4318266.393, 95
Trd, 4318266.943, 95
Trd, 4318267.643, 91
Trd, 4318268.793, 93
Trd, 4318269.493, 102
Trd, 4318270.893, 90
Trd, 4318271.543, 122
Trd, 4318273.693, 108
Trd, 4318274.693, 96
Trd, 4318276.693, 100
Trd, 4318277.093, 103
Trd, 4318277.443, 103
Trd, 4318279.043, 95
Trd, 4318279.193, 76
Trd, 4318281.193, 101
Trd, 4318282.543, 99
Trd, 4318283.193, 98
Trd, 4318285.843, 96
Trd, 4318286.143, 91
Trd, 4318286.943, 96
Trd, 4318287.193, 93
Trd, 4318287.893, 90
Trd, 4318289.593, 94
Trd, 4318289.843, 92
Trd, 4318291.393, 94
Trd, 4318293.093, 93
Trd, 4318293.493, 93
Trd, 4318294.493, 104
Trd, 4318296.043, 91
Trd, 4318296.143, 90
Trd, 4318298.643, 116
Trd, 4318299.343, 110
Trd, 4318301.193, 97
Trd, 4318301.743, 121
Trd, 4318303.093, 97
Trd, 4318304.043, 104
Trd, 4318306.043, 88
Trd, 4318306.393, 94
Trd, 4318306.943, 94
Trd, 4318307.643, 93
Trd, 4318308.993, 111
Trd, 4318309.143, 93
Trd, 4318310.093, 113
Trd, 4318312.493, 98
Trd, 4318312.993, 92
Trd, 4318314.493, 93
Trd, 4318315.593, 76
Trd, 4318315.643, 87
Trd, 4318317.043, 95
Trd, 4318317.393, 90
Trd, 4318318.843, 90
Trd, 4318320.293, 90
Trd, 4318320.793, 104
Trd, 4318321.643, 88
Trd, 4318322.443, 92
Trd, 4318323.043, 88
Trd, 4318324.593, 79
Trd, 4318325.743, 89
Trd, 4318329.193, 88
Trd, 4318329.393, 88
Trd, 4318331.543, 94
Trd, 4318333.393, 85
Trd, 4318333.593, 95
Trd, 4318334.293, 90
Trd, 4318335.393, 104
Trd, 4318339.093, 89
Trd, 4318340.793, 89
Trd, 4318340.843, 89
Trd, 4318341.993, 86
Trd, 4318342.493, 89
Trd, 4318342.743, 95
Trd, 4318347.043, 88
Trd, 4318347.393, 85
Trd, 4318347.593, 89
Trd, 4318349.443, 89
Trd, 4318350.143, 103
Trd, 4318351.843, 87
Trd, 4318353.993, 91
Trd, 4318356.193, 84
Trd, 4318356.843, 76
Trd, 4318358.493, 89
Trd, 4318359.043, 87
Trd, 4318360.243, 89
Trd, 4318361.193, 88
Trd, 4318361.593, 103
Trd, 4318362.993, 92
Trd, 4318364.693, 86
Trd, 4318365.043, 90
Trd, 4318365.093, 104
Trd, 4318366.593, 103
Trd, 4318368.493, 88
Trd, 4318368.593, 94
Trd, 4318369.993, 89
Trd, 4318371.293, 94
Trd, 4318371.943, 94
Trd, 4318373.343, 112
Trd, 4318374.393, 103
Trd, 4318375.043, 91
Trd, 4318375.993, 104
Trd, 4318376.043, 91
Trd, 4318377.643, 90
Trd, 4318378.393, 98
Trd, 4318379.643, 89
Trd, 4318381.243, 96
Trd, 4318381.543, 96
Trd, 4318382.243, 88
Trd, 4318383.043, 92
Trd, 4318386.043, 89
Trd, 4318387.293, 88
Trd, 4318387.643, 89
Trd, 4318388.793, 90
Trd, 4318389.643, 69
Trd, 4318390.343, 95
Trd, 4318392.893, 86
Trd, 4318393.943, 87
Trd, 4318394.693, 84
Trd, 4318394.843, 87
Trd, 4318395.693, 86
Trd, 4318399.443, 85
Trd, 4318400.393, 86
Trd, 4318401.793, 86
Trd, 4318402.243, 84
Trd, 4318403.143, 91
Trd, 4318403.493, 102
Trd, 4318405.093, 103
Trd, 4318406.393, 104
Trd, 4318407.993, 93
Trd, 4318408.343, 91
Trd, 4318408.593, 95
Trd, 4318411.493, 84
Trd, 4318411.893, 76
Trd, 4318412.443, 86
Trd, 4318413.443, 87
Trd, 4318413.793, 95
Trd, 4318414.293, 104
Trd, 4318418.293, 89
Trd, 4318418.543, 113
Trd, 4318418.943, 102
Trd, 4318419.293, 122
Trd, 4318419.543, 93
Trd, 4318421.943, 90
Trd, 4318422.143, 76
Trd, 4318422.243, 93
Trd, 4318423.893, 88
Trd, 4318425.043, 95
Trd, 4318427.293, 93
Trd, 4318428.243, 89
Trd, 4318428.393, 91
Trd, 4318429.193, 95
Trd, 4318430.593, 103
Trd, 4318431.443, 99
Trd, 4318432.243, 92
Trd, 4318434.693, 116
Trd, 4318435.593, 94
Trd, 4318436.443, 105
Trd, 4318436.543, 78
Trd, 4318438.043, 94
Trd, 4318439.793, 95
Trd, 4318441.043, 97
Trd, 4318441.393, 93
Trd, 4318442.993, 89
Trd, 4318443.793, 94
Trd, 4318444.093, 94
Trd, 4318445.293, 93
Trd, 4318446.993, 94
Trd, 4318448.343, 93
Trd, 4318449.043, 94
Trd, 4318449.693, 95
Trd, 4318451.793, 94
Trd, 4318452.743, 92
Trd, 4318453.043, 92
Trd, 4318453.943, 94
Trd, 4318454.293, 87
Trd, 4318455.693, 95
Trd, 4318456.043, 104
Trd, 4318458.243, 68
Trd, 4318458.493, 76
Trd, 4318459.343, 94
Trd, 4318460.243, 85
Trd, 4318464.793, 84
Trd, 4318465.293, 90
Trd, 4318465.393, 95
Trd, 4318467.243, 87
Trd, 4318467.993, 87
Trd, 4318469.693, 87
Trd, 4318470.843, 83
Trd, 4318472.443, 87
Trd, 4318473.193, 88
Trd, 4318475.693, 85
Trd, 4318476.443, 86
Trd, 4318476.493, 87
Trd, 4318477.193, 90
Trd, 4318477.493, 102
Trd, 4318480.293, 87
Trd, 4318480.693, 87
Trd, 4318482.343, 92
Trd, 4318482.943, 86
Trd, 4318484.543, 89
Trd, 4318486.093, 104
Trd, 4318486.443, 88
Trd, 4318487.543, 103
Trd, 4318488.043, 94
Trd, 4318489.143, 99
Trd, 4318490.743, 104
Trd, 4318491.093, 97
Trd, 4318492.393, 97
Trd, 4318492.443, 114
Trd, 4318494.293, 140
Trd, 4318495.443, 97
Trd, 4318497.843, 104
Trd, 4318498.093, 108
Trd, 4318498.543, 97
Trd, 4318500.693, 106
Trd, 4318501.593, 86
Trd, 4318502.043, 94
Trd, 4318504.543, 86
Trd, 4318505.143, 96
Trd, 4318505.993, 104
Trd, 4318506.943, 86
Trd, 4318509.593, 95
Trd, 4318509.643, 91
Trd, 4318509.993, 95
Trd, 4318512.043, 102
Trd, 4318513.843, 96
Trd, 4318513.893, 98
Trd, 4318515.043, 96
Trd, 4318516.093, 91
Trd, 4318516.943, 104
Trd, 4318516.993, 90
Trd, 4318520.393, 90
Trd, 4318520.443, 96
Trd, 4318521.543, 90
Trd, 4318522.643, 104
Trd, 4318523.443, 116
Trd, 4318524.043, 97
Trd, 4318525.243, 94
Trd, 4318527.443, 90
Trd, 4318527.893, 93
Trd, 4318529.743, 94
Trd, 4318531.293, 86
Trd, 4318531.493, 91
Trd, 4318532.993, 91
Trd, 4318534.543, 90
Trd, 4318534.843, 76
Trd, 4318535.393, 88
Trd, 4318535.943, 104
Trd, 4318537.393, 96
Trd, 4318538.293, 104
Trd, 4318539.343, 117
Trd, 4318541.143, 103
Trd, 4318541.493, 103
Trd, 4318542.293, 105
Trd, 4318543.993, 102
Trd, 4318544.343, 110
Trd, 4318546.893, 97
Trd, 4318546.943, 102
Trd, 4318547.893, 104
Trd, 4318549.093, 90
Trd, 4318550.893, 91
Trd, 4318552.143, 91
Trd, 4318552.743, 95
Trd, 4318553.593, 88
Trd, 4318554.243, 86
Trd, 4318554.593, 92
Trd, 4318555.993, 113
Trd, 4318557.493, 91
Trd, 4318558.793, 95
Trd, 4318559.843, 91
Trd, 4318561.893, 93
Trd, 4318563.293, 95
Trd, 4318564.193, 93
Trd, 4318564.943, 90
Trd, 4318566.043, 89
Trd, 4318566.793, 93
Trd, 4318567.843, 95
Trd, 4318569.143, 88
Trd, 4318569.643, 94
Trd, 4318570.843, 88
Trd, 4318572.493, 98
Trd, 4318573.193, 104
Trd, 4318575.193, 87
Trd, 4318575.493, 97
Trd, 4318575.943, 71
Trd, 4318577.693, 93
Trd, 4318578.593, 85
Trd, 4318579.243, 95
Trd, 4318580.793, 89
Trd, 4318581.043, 88
Trd, 4318581.793, 98
Trd, 4318582.943, 89
Trd, 4318583.943, 92
Trd, 4318584.243, 107
Trd, 4318585.093, 110
Trd, 4318585.843, 75
Trd, 4318586.693, 94
Trd, 4318586.943, 113
Trd, 4318590.193, 91
Trd, 4318590.743, 104
Trd, 4318591.593, 105
Trd, 4318592.693, 94
Trd, 4318592.793, 101
Trd, 4318593.293, 69
Trd, 4318593.543, 96
Trd, 4318595.993, 104
Trd, 4318596.993, 97
Trd, 4318597.793, 91
Trd, 4318598.543, 95
Trd, 4318599.243, 75
Trd, 4318601.093, 69
Trd, 4318601.393, 95
Trd, 4318602.543, 104
Trd, 4318602.743, 93
Trd, 4318605.093, 90
Trd, 4318605.493, 89
Trd, 4318606.593, 94
Trd, 4318608.243, 89
Trd, 4318608.493, 92
Trd, 4318608.993, 95
Trd, 4318611.093, 93
Trd, 4318611.943, 102
Trd, 4318615.043, 88
Trd, 4318615.193, 88
Trd, 4318615.893, 76
Trd, 4318616.243, 94
Trd, 4318618.293, 95
Trd, 4318618.393, 104
Trd, 4318619.043, 91
Trd, 4318619.593, 113
Trd, 4318620.093, 87
Trd, 4318620.493, 105
Trd, 4318621.593, 87
Trd, 4318622.193, 91
Trd, 4318623.993, 86
Trd, 4318624.493, 92
Trd, 4318625.143, 87
Trd, 4318625.293, 95
Trd, 4318629.143, 91
Trd, 4318629.893, 89
Trd, 4318633.693, 86
Trd, 4318633.793, 88
Trd, 4318634.643, 89
Trd, 4318634.843, 85
Trd, 4318634.893, 90
Trd, 4318638.493, 88
Trd, 4318639.193, 86
Trd, 4318639.293, 91
Trd, 4318640.893, 87
Trd, 4318641.743, 104
Trd, 4318642.293, 86
Trd, 4318642.643, 103
Trd, 4318642.693, 104
Trd, 4318645.093, 85
Trd, 4318648.893, 86
Trd, 4318649.543, 85
Trd, 4318649.743, 85
Trd, 4318650.243, 89
Trd, 4318652.143, 104
Trd, 4318653.393, 91
Trd, 4318654.693, 109
Trd, 4318655.793, 94
Trd, 4318656.143, 92
Trd, 4318657.993, 95
Trd, 4318658.843, 91
Trd, 4318659.443, 90
Trd, 4318660.693, 95
Trd, 4318661.893, 104
Trd, 4318663.143, 112
Trd, 4318663.593, 92
Trd, 4318666.143, 90
Trd, 4318666.393, 94
Trd, 4318667.743, 91
Trd, 4318669.793, 91
Trd, 4318670.593, 90
Trd, 4318672.393, 91
Trd, 4318673.543, 90
Trd, 4318674.043, 113
Trd, 4318674.793, 106
Trd, 4318676.943, 88
Trd, 4318677.343, 97
Trd, 4318679.143, 94
Trd, 4318679.243, 88
Trd, 4318681.093, 94
Trd, 4318681.943, 104
Trd, 4318682.843, 103
Trd, 4318683.493, 87
Trd, 4318685.993, 95
Trd, 4318686.043, 95
Trd, 4318687.443, 105
Trd, 4318688.093, 112
Trd, 4318689.093, 102
Trd, 4318689.793, 94
Trd, 4318691.393, 87
Trd, 4318693.143, 90
Trd, 4318693.443, 91
Trd, 4318694.043, 88
Trd, 4318696.243, 92
Trd, 4318697.293, 76
Trd, 4318697.743, 86
Trd, 4318698.693, 86
Trd, 4318698.893, 95
Trd, 4318699.543, 104
Trd, 4318700.093, 87
Trd, 4318700.743, 104
Trd, 4318701.893, 97
Trd, 4318705.843, 93
Trd, 4318707.693, 91
Trd, 4318709.143, 89
Trd, 4318709.443, 94
Trd, 4318709.493, 104
Trd, 4318710.643, 95
Trd, 4318713.193, 105
Trd, 4318713.793, 102
Trd, 4318715.643, 101
Trd, 4318715.843, 99
Trd, 4318718.493, 100
Trd, 4318718.793, 101
Trd, 4318719.393, 104
Trd, 4318719.693, 99
Trd, 4318720.393, 104
Trd, 4318721.743, 86
Trd, 4318721.793, 95
Trd, 4318723.593, 90
Trd, 4318724.793, 98
Trd, 4318725.443, 88
Trd, 4318727.693, 95
Trd, 4318728.793, 104
Trd, 4318729.993, 96
Trd, 4318730.893, 94
Trd, 4318731.043, 95
Trd, 4318731.643, 104
Trd, 4318732.693, 93
Trd, 4318733.193, 93
Trd, 4318734.743, 98
Trd, 4318735.643, 104
Trd, 4318736.593, 94
Trd, 4318738.443, 88
Trd, 4318738.893, 95
Trd, 4318738.993, 76
Trd, 4318740.093, 90
Trd, 4318741.443, 88
Trd, 4318741.643, 76
Trd, 4318744.393, 88
Trd, 4318744.543, 104
Trd, 4318745.093, 113
Trd, 4318746.293, 86
Trd, 4318748.043, 93
Trd, 4318748.793, 95
Trd, 4318749.493, 105
Trd, 4318751.943, 96
Trd, 4318752.243, 99
Trd, 4318753.143, 91
Trd, 4318754.343, 94
Trd, 4318755.593, 87
Trd, 4318756.443, 95
Trd, 4318756.743, 87
Trd, 4318756.993, 76
Trd, 4318757.743, 87
Trd, 4318758.843, 104
Trd, 4318759.943, 114
Trd, 4318761.993, 102
Trd, 4318764.943, 123
Trd, 4318765.093, 91
Trd, 4318765.493, 122
Trd, 4318766.343, 101
Trd, 4318767.143, 108
Trd, 4318768.093, 114
Trd, 4318769.143, 106
Trd, 4318770.643, 87
Trd, 4318771.443, 99
Trd, 4318772.243, 102
Trd, 4318772.993, 91
Trd, 4318774.243, 69
Trd, 4318775.193, 90
Trd, 4318776.493, 91
Trd, 4318777.693, 95
Trd, 4318778.593, 91
Trd, 4318779.493, 76
Trd, 4318780.343, 104
Trd, 4318780.493, 113
Trd, 4318782.393, 100
Trd, 4318782.893, 95
Trd, 4318783.793, 90
Trd, 4318783.843, 95
Trd, 4318785.293, 89
Trd, 4318786.343, 90
Trd, 4318789.043, 90
Trd, 4318789.893, 95
Trd, 4318790.593, 90
Trd, 4318792.443, 92
Trd, 4318792.493, 104
Trd, 4318793.043, 90
Trd, 4318795.343, 95
Trd, 4318796.043, 95
Trd, 4318798.343, 94
Trd, 4318799.943, 89
Trd, 4318799.993, 94
Trd, 4318800.693, 89
Trd, 4318801.943, 104
Trd, 4318803.393, 86
Trd, 4318803.943, 76
Trd, 4318805.793, 91
Trd, 4318808.143, 90
Trd, 4318808.843, 85
Trd, 4318809.493, 90
Trd, 4318810.993, 90
Trd, 4318813.743, 76
Trd, 4318816.093, 86
Trd, 4318816.643, 88
Trd, 4318816.793, 95
Trd, 4318818.093, 87
Trd, 4318819.443, 87
Trd, 4318821.043, 84
Trd, 4318821.393, 89
Trd, 4318822.993, 86
Trd, 4318823.193, 95
Trd, 4318824.043, 84
Trd, 4318826.843, 87
Trd, 4318827.293, 95
Trd, 4318827.443, 90
Trd, 4318829.343, 85
Trd, 4318830.993, 90
Trd, 4318831.793, 88
Trd, 4318832.043, 95
Trd, 4318834.543, 91
Trd, 4318836.793, 87
Trd, 4318837.793, 87
Trd, 4318838.043, 85
Trd, 4318838.993, 88
Trd, 4318841.843, 89
Trd, 4318844.043, 87
Trd, 4318844.193, 84
Trd, 4318845.493, 84
Trd, 4318846.043, 87
Trd, 4318846.143, 90
Trd, 4318846.243, 95
Trd, 4318849.243, 103
Trd, 4318850.143, 91
Trd, 4318852.143, 92
Trd, 4318852.243, 86
Trd, 4318853.843, 104
Trd, 4318854.593, 86
Trd, 4318857.643, 89
Trd, 4318857.793, 86
Trd, 4318858.243, 92
Trd, 4318860.243, 94
Trd, 4318860.893, 76
Trd, 4318861.143, 88
Trd, 4318861.943, 88
Trd, 4318862.493, 98
Trd, 4318865.043, 104
Trd, 4318865.093, 86
Trd, 4318866.743, 98
Trd, 4318867.243, 94
Trd, 4318869.093, 87
Trd, 4318870.293, 94
Trd, 4318872.293, 93
Trd, 4318873.693, 88
Trd, 4318874.293, 93
Trd, 4318875.393, 95
Trd, 4318876.243, 94
Trd, 4318877.993, 87
Trd, 4318878.443, 103
Trd, 4318880.193, 92
Trd, 4318882.393, 92
Trd, 4318883.043, 92
Trd, 4318884.093, 86
Trd, 4318886.093, 93
Trd, 4318887.493, 68
Trd, 4318887.943, 82
Trd, 4318888.243, 74
Trd, 4318888.393, 95
Trd, 4318889.843, 104
Trd, 4318891.543, 87
Trd, 4318892.743, 86
Trd, 4318894.543, 82
Trd, 4318897.943, 86
Trd, 4318898.543, 86
Trd, 4318899.293, 91
Trd, 4318900.343, 89
Trd, 4318900.993, 81
Trd, 4318903.493, 92
Trd, 4318905.043, 90
Trd, 4318905.293, 85
Trd, 4318908.893, 90
Trd, 4318909.743, 87
Trd, 4318909.893, 85
Trd, 4318911.043, 95
Trd, 4318913.243, 88
Trd, 4318913.343, 95
Trd, 4318913.543, 87
Trd, 4318914.643, 89
Trd, 4318915.393, 89
Trd, 4318916.293, 91
Trd, 4318917.693, 97
Trd, 4318918.893, 85
Trd, 4318920.843, 103
Trd, 4318921.093, 104
Trd, 4318923.593, 86
Trd, 4318925.693, 92
Trd, 4318925.943, 92
Trd, 4318928.293, 88
Trd, 4318928.543, 76
Trd, 4318929.593, 88
Trd, 4318930.943, 95
Trd, 4318932.043, 89
Trd, 4318933.893, 87
Trd, 4318934.943, 86
Trd, 4318937.093, 86
Trd, 4318937.343, 87
Trd, 4318939.743, 86
Trd, 4318941.393, 86
Trd, 4318942.343, 86
Trd, 4318943.193, 85
Trd, 4318943.593, 84
Trd, 4318947.193, 85
Trd, 4318948.543, 84
Trd, 4318949.293, 86
Trd, 4318950.193, 88
Trd, 4318951.543, 104
Trd, 4318951.643, 89
Trd, 4318952.593, 110
Trd, 4318953.943, 100
Trd, 4318955.143, 88
Trd, 4318956.343, 93
Trd, 4318956.393, 88
Trd, 4318957.243, 76
Trd, 4318960.143, 96
Trd, 4318960.293, 97
Trd, 4318963.543, 92
Trd, 4318964.693, 87
Trd, 4318965.493, 90
Trd, 4318965.743, 86
Trd, 4318967.193, 102
Trd, 4318967.443, 104
Trd, 4318970.043, 85
Trd, 4318970.943, 86
Trd, 4318972.243, 84
Trd, 4318974.393, 87
Trd, 4318977.643, 86
Trd, 4318977.893, 88
Trd, 4318978.643, 83
Trd, 4318979.643, 104
Trd, 4318982.443, 91
Trd, 4318982.743, 89
Trd, 4318984.343, 82
Trd, 4318985.593, 91
Trd, 4318987.443, 95
Trd, 4318987.893, 84
Trd, 4318988.843, 104
Trd, 4318991.093, 92
Trd, 4318991.443, 91
Trd, 4318992.043, 89
Trd, 4318992.493, 95
Trd, 4318994.043, 84
Trd, 4318997.743, 91
Trd, 4318998.343, 83
Trd, 4318998.893, 91
Trd, 4319002.243, 87
Trd, 4319004.343, 87
Trd, 4319004.943, 76
Trd, 4319006.393, 88
Trd, 4319009.093, 83
Trd, 4319009.743, 104
Trd, 4319011.293, 90
Trd, 4319012.043, 85
Trd, 4319013.343, 86
Trd, 4319014.193, 86
Trd, 4319016.893, 87
Trd, 4319017.193, 95
Trd, 4319017.893, 88
Trd, 4319018.343, 82
Trd, 4319020.993, 87
Trd, 4319021.293, 85
Trd, 4319022.493, 87
Trd, 4319023.293, 95
Trd, 4319025.243, 86
Trd, 4319025.743, 87
Trd, 4319027.393, 82
Trd, 4319027.443, 97
Trd, 4319029.943, 91
Trd, 4319031.443, 89
Trd, 4319031.493, 82
Trd, 4319032.943, 84
Trd, 4319034.643, 86
Trd, 4319036.143, 87
Trd, 4319036.943, 95
Trd, 4319039.043, 70
Trd, 4319040.843, 76
Trd, 4319041.843, 85
Trd, 4319042.443, 90
Trd, 4319042.593, 104
Trd, 4319045.243, 91
Trd, 4319045.393, 86
Trd, 4319047.993, 86
Trd, 4319051.093, 86
Trd, 4319052.243, 86
Trd, 4319052.943, 87
Trd, 4319053.393, 83
Trd, 4319054.643, 86
Trd, 4319054.893, 83
Trd, 4319057.643, 82
Trd, 4319060.193, 84
Trd, 4319062.643, 81
Trd, 4319062.893, 83
Trd, 4319062.993, 95
Trd, 4319065.493, 87
Trd, 4319066.393, 85
Trd, 4319067.143, 84
Trd, 4319067.743, 83
Trd, 4319070.043, 86
Trd, 4319071.443, 86
Trd, 4319071.593, 91
Trd, 4319073.093, 91
Trd, 4319073.943, 90
Trd, 4319076.143, 91
Trd, 4319076.793, 95
Trd, 4319077.843, 91
Trd, 4319078.093, 103
Trd, 4319079.393, 90
Trd, 4319082.193, 80
Trd, 4319083.093, 94
Trd, 4319085.293, 92
Trd, 4319085.943, 87
Trd, 4319086.993, 86
Trd, 4319087.293, 92
Trd, 4319088.093, 95
Trd, 4319089.493, 92
Trd, 4319089.893, 88
Trd, 4319091.043, 73
Trd, 4319092.643, 95
Trd, 4319093.443, 87
Trd, 4319094.843, 104
Trd, 4319095.793, 89
Trd, 4319097.543, 90
Trd, 4319098.143, 89
Trd, 4319099.793, 93
Trd, 4319100.143, 87
Trd, 4319100.493, 95
Trd, 4319102.993, 89
Trd, 4319103.143, 76
Trd, 4319104.193, 104
Trd, 4319106.643, 86
Trd, 4319107.743, 91
Trd, 4319108.543, 89
Trd, 4319111.043, 90
Trd, 4319112.343, 89
Trd, 4319112.593, 85
Trd, 4319114.643, 85
Trd, 4319115.043, 84
Trd, 4319115.993, 95
Trd, 4319116.343, 123
Trd, 4319116.643, 107
Trd, 4319120.143, 86
Trd, 4319120.643, 76
Trd, 4319121.793, 87
Trd, 4319122.443, 86
Trd, 4319122.543, 88
Trd, 4319123.943, 95
Trd, 4319124.593, 97
Trd, 4319125.643, 104
Trd, 4319129.043, 92
Trd, 4319129.143, 92
Trd, 4319130.393, 109
Trd, 4319130.493, 114
Trd, 4319131.943, 106
Trd, 4319132.443, 87
Trd, 4319133.893, 96
Trd, 4319135.193, 75
Trd, 4319135.993, 93
Trd, 4319137.193, 103
Trd, 4319137.593, 113
Trd, 4319138.843, 93
Trd, 4319139.143, 105
Trd, 4319139.543, 93
Trd, 4319141.193, 102
Trd, 4319141.893, 101
Trd, 4319143.293, 99
Trd, 4319144.243, 94
Trd, 4319145.543, 113
Trd, 4319145.893, 100
Trd, 4319146.343, 111
Trd, 4319147.943, 94
Trd, 4319150.793, 93
Trd, 4319152.843, 101
Trd, 4319153.493, 99
Trd, 4319154.693, 98
Trd, 4319154.843, 94
Trd, 4319156.593, 94
Trd, 4319157.443, 98
Trd, 4319157.543, 104
Trd, 4319157.693, 75
Trd, 4319159.993, 99
Trd, 4319162.243, 90
Trd, 4319162.293, 90
Trd, 4319162.343, 95
Trd, 4319162.393, 99
Trd, 4319162.893, 113
Trd, 4319165.143, 88
Trd, 4319166.043, 91
Trd, 4319166.993, 76
Trd, 4319168.093, 94
Trd, 4319169.443, 103
Trd, 4319171.143, 105
Trd, 4319173.793, 95
Trd, 4319173.843, 91
Trd, 4319174.943, 95
Trd, 4319176.293, 95
Trd, 4319178.243, 95
Trd, 4319178.893, 91
Trd, 4319179.143, 81
Trd, 4319181.143, 89
Trd, 4319183.393, 94
Trd, 4319184.143, 92
Trd, 4319184.943, 92
Trd, 4319187.243, 91
Trd, 4319189.593, 88
Trd, 4319190.543, 89
Trd, 4319190.593, 90
Trd, 4319192.643, 95
Trd, 4319193.043, 89
Trd, 4319193.243, 104
Trd, 4319194.743, 97
Trd, 4319195.393, 88
Trd, 4319195.943, 91
Trd, 4319197.043, 113
Trd, 4319198.293, 88
Trd, 4319199.243, 92
Trd, 4319200.743, 92
Trd, 4319202.843, 92
Trd, 4319204.293, 93
Trd, 4319205.343, 87
Trd, 4319206.943, 89
Trd, 4319208.893, 86
Trd, 4319209.593, 88
Trd, 4319210.393, 89
Trd, 4319210.893, 85
Trd, 4319212.443, 92
Trd, 4319214.043, 95
Trd, 4319214.593, 99
Trd, 4319217.043, 91
Trd, 4319218.293, 90
Trd, 4319218.943, 86
Trd, 4319221.043, 89
Trd, 4319221.593, 89
Trd, 4319221.843, 90
Trd, 4319225.293, 85
Trd, 4319226.943, 89
Trd, 4319227.143, 89
Trd, 4319227.643, 90
Trd, 4319228.193, 84
Trd, 4319229.093, 95
Trd, 4319232.093, 90
Trd, 4319233.243, 90
Trd, 4319234.493, 86
Trd, 4319235.393, 90
Trd, 4319235.693, 85
Trd, 4319236.643, 95
Trd, 4319238.743, 90
Trd, 4319239.693, 92
Trd, 4319243.693, 86
Trd, 4319243.943, 95
Trd, 4319244.543, 86
Trd, 4319245.743, 105
Trd, 4319248.243, 85
Trd, 4319248.543, 90
Trd, 4319250.043, 90
Trd, 4319250.493, 91
Trd, 4319252.643, 89
Trd, 4319252.693, 85
Trd, 4319253.043, 94
Trd, 4319255.743, 102
Trd, 4319256.093, 91
Trd, 4319258.243, 89
Trd, 4319258.293, 94
Trd, 4319258.643, 95
Trd, 4319259.343, 92
Trd, 4319261.793, 90
Trd, 4319262.093, 104
Trd, 4319262.643, 90
Trd, 4319263.693, 113
Trd, 4319264.543, 105
Trd, 4319266.193, 98
Trd, 4319268.493, 92
Trd, 4319269.043, 98
Trd, 4319270.993, 100
Trd, 4319271.243, 91
Trd, 4319272.443, 99
Trd, 4319274.043, 102
Trd, 4319274.343, 113
Trd, 4319274.643, 76
Trd, 4319275.843, 94
Trd, 4319279.443, 100
Trd, 4319279.743, 91
Trd, 4319280.243, 88
Trd, 4319280.643, 93
Trd, 4319280.743, 91
Trd, 4319282.693, 92
Trd, 4319284.243, 76
Trd, 4319286.743, 91
Trd, 4319287.443, 90
Trd, 4319288.243, 95
Trd, 4319290.393, 88
Trd, 4319291.343, 91
Trd, 4319292.093, 103
Trd, 4319292.343, 86
Trd, 4319293.193, 104
Trd, 4319294.293, 93
Trd, 4319297.243, 86
Trd, 4319297.843, 86
Trd, 4319300.093, 95
Trd, 4319300.443, 104
Trd, 4319301.743, 91
Trd, 4319302.593, 86
Trd, 4319303.593, 102
Trd, 4319304.393, 86
Trd, 4319304.793, 76
Trd, 4319305.843, 104
Trd, 4319306.743, 113
Trd, 4319308.693, 97
Trd, 4319308.893, 100
Trd, 4319309.643, 87
Trd, 4319310.643, 89
Trd, 4319312.393, 95
Trd, 4319313.943, 79
Trd, 4319314.393, 93
Trd, 4319315.243, 92
Trd, 4319315.543, 92
Trd, 4319318.243, 93
Trd, 4319318.793, 87
Trd, 4319319.593, 95
Trd, 4319322.993, 90
Trd, 4319323.593, 93
Trd, 4319326.093, 92
Trd, 4319327.893, 93
Trd, 4319327.943, 89
Trd, 4319328.243, 95
Trd, 4319329.593, 105
Trd, 4319331.143, 89
Trd, 4319332.943, 94
Trd, 4319333.493, 91
Trd, 4319333.793, 95
Trd, 4319335.293, 90
Trd, 4319336.143, 105
Trd, 4319338.893, 95
Trd, 4319340.293, 110
Trd, 4319341.093, 90
Trd, 4319341.643, 97
Trd, 4319343.243, 87
Trd, 4319344.043, 89
Trd, 4319346.343, 96
Trd, 4319347.193, 103
Trd, 4319347.543, 104
Trd, 4319347.643, 91
Trd, 4319349.893, 94
Trd, 4319350.793, 90
Trd, 4319351.043, 104
Trd, 4319353.193, 87
Trd, 4319353.643, 90
Trd, 4319353.693, 93
Trd, 4319354.543, 94
Trd, 4319357.743, 91
Trd, 4319358.743, 90
Trd, 4319360.293, 90
Trd, 4319361.043, 89
Trd, 4319363.043, 90
Trd, 4319363.793, 90
Trd, 4319364.793, 104
Trd, 4319367.243, 97
Trd, 4319367.943, 95
Trd, 4319368.593, 95
Trd, 4319368.693, 89
Trd, 4319369.543, 110
Trd, 4319370.493, 95
Trd, 4319370.893, 113
Trd, 4319371.593, 94
Trd, 4319372.193, 86
Trd, 4319373.843, 89
Trd, 4319374.943, 106
Trd, 4319376.243, 91
Trd, 4319376.393, 94
Trd, 4319376.743, 113
Trd, 4319377.143, 91
Trd, 4319378.543, 91
Trd, 4319380.543, 113
Trd, 4319381.343, 90
Trd, 4319382.793, 89
Trd, 4319383.443, 94
Trd, 4319384.893, 91
Trd, 4319385.843, 88
Trd, 4319387.743, 88
Trd, 4319387.893, 103
Trd, 4319389.843, 91
Trd, 4319389.943, 76
Trd, 4319390.443, 94
Trd, 4319393.093, 89
Trd, 4319393.143, 92
Trd, 4319394.643, 95
Trd, 4319396.193, 94
Trd, 4319398.293, 88
Trd, 4319398.343, 87
Trd, 4319398.693, 93
Trd, 4319398.843, 95
Trd, 4319399.393, 104
Trd, 4319399.543, 82
Trd, 4319401.693, 99
Trd, 4319402.643, 88
Trd, 4319404.993, 95
Trd, 4319406.393, 87
Trd, 4319409.143, 87
Trd, 4319409.793, 94
Trd, 4319410.143, 94
Trd, 4319410.743, 103
Trd, 4319413.643, 95
Trd, 4319414.343, 95
Trd, 4319415.493, 91
Trd, 4319416.693, 112
Trd, 4319418.643, 97
Trd, 4319419.043, 98
Trd, 4319419.093, 105
Trd, 4319420.593, 96
Trd, 4319421.343, 101
Trd, 4319421.893, 96
Trd, 4319422.143, 76
Trd, 4319423.293, 96
Trd, 4319424.693, 104
Trd, 4319425.043, 97
Trd, 4319425.743, 76
Trd, 4319426.493, 92
Trd, 4319428.943, 110
Trd, 4319429.693, 99
Trd, 4319431.993, 104
Trd, 4319433.043, 102
Trd, 4319433.443, 94
Trd, 4319433.943, 113
Trd, 4319435.043, 95
Trd, 4319436.893, 93
Trd, 4319437.043, 93
Trd, 4319437.293, 95
Trd, 4319437.343, 76
Trd, 4319438.543, 97
Trd, 4319439.243, 104
Trd, 4319440.143, 113
Trd, 4319442.993, 105
Trd, 4319444.643, 95
Trd, 4319444.743, 92
Trd, 4319445.593, 99
Trd, 4319446.393, 105
Trd, 4319446.443, 113
Trd, 4319447.143, 92
Trd, 4319450.193, 91
Trd, 4319452.343, 92
Trd, 4319454.293, 93
Trd, 4319454.693, 93
Trd, 4319454.793, 91
Trd, 4319456.393, 105
Trd, 4319457.543, 95
Trd, 4319460.393, 95
Trd, 4319460.843, 92
Trd, 4319461.043, 91
Trd, 4319462.093, 87
Trd, 4319462.543, 76
Trd, 4319462.993, 89
Trd, 4319465.943, 87
Trd, 4319466.043, 89
Trd, 4319468.993, 90
Trd, 4319470.543, 86
Trd, 4319470.793, 93
Trd, 4319470.843, 86
Trd, 4319475.093, 92
Trd, 4319475.243, 95
Trd, 4319476.843, 90
Trd, 4319477.193, 105
Trd, 4319477.443, 112
Trd, 4319478.693, 96
Trd, 4319479.543, 77
Trd, 4319481.543, 92
Trd, 4319481.593, 95
Trd, 4319483.243, 92
Trd, 4319485.593, 103
Trd, 4319486.193, 91
Trd, 4319486.693, 113
Trd, 4319486.943, 76
Trd, 4319487.543, 112
Trd, 4319489.593, 97
Trd, 4319490.693, 97
Trd, 4319490.943, 97
Trd, 4319491.393, 93
Trd, 4319492.293, 93
Trd, 4319493.893, 87
Trd, 4319495.843, 88
Trd, 4319496.143, 104
Trd, 4319498.093, 96
Trd, 4319498.743, 104
Trd, 4319500.193, 96
Trd, 4319500.693, 75
Trd, 4319500.743, 95
Trd, 4319501.643, 108
Trd, 4319501.743, 95
Trd, 4319503.693, 93
Trd, 4319504.343, 99
Trd, 4319505.543, 97
Trd, 4319506.743, 95
Trd, 4319508.293, 95
Trd, 4319508.593, 95
Trd, 4319510.393, 95
Trd, 4319510.743, 94
Trd, 4319511.693, 94
Trd, 4319512.243, 93
Trd, 4319513.893, 95
Trd, 4319515.793, 92
Trd, 4319516.143, 95
Trd, 4319519.743, 91
Trd, 4319519.793, 101
Trd, 4319520.243, 91
Trd, 4319520.293, 104
Trd, 4319521.243, 100
Trd, 4319522.093, 98
Trd, 4319522.393, 76
Trd, 4319523.093, 95
Trd, 4319526.943, 95
Trd, 4319528.093, 88
Trd, 4319529.993, 93
Trd, 4319530.193, 94
Trd, 4319532.543, 93
Trd, 4319533.143, 95
Trd, 4319533.993, 88
Trd, 4319535.843, 88
Trd, 4319536.343, 93
Trd, 4319537.143, 92
Trd, 4319540.343, 87
Trd, 4319541.043, 89
Trd, 4319541.193, 92
Trd, 4319542.293, 103
Trd, 4319543.143, 104
Trd, 4319546.243, 89
Trd, 4319546.943, 95
Trd, 4319548.293, 95
Trd, 4319548.693, 95
Trd, 4319549.693, 88
Trd, 4319549.993, 90
Trd, 4319551.143, 87
Trd, 4319552.293, 90
Trd, 4319553.193, 90
Trd, 4319554.443, 86
Trd, 4319555.843, 78
Trd, 4319556.043, 104
Trd, 4319556.393, 87
Trd, 4319557.543, 95
Trd, 4319558.543, 104
Trd, 4319559.443, 73
Trd, 4319561.093, 84
Trd, 4319562.393, 86
Trd, 4319562.893, 89
Trd, 4319565.743, 88
Trd, 4319566.243, 111
Trd, 4319567.443, 90
Trd, 4319568.893, 91
Trd, 4319570.093, 88
Trd, 4319570.443, 91
Trd, 4319570.943, 89
Trd, 4319572.643, 92
Trd, 4319574.643, 85
Trd, 4319575.193, 88
Trd, 4319575.293, 95
Trd, 4319576.743, 76
Trd, 4319577.243, 87
Trd, 4319577.543, 104
Trd, 4319577.893, 105
Trd, 4319579.993, 107
Trd, 4319580.293, 103
Trd, 4319581.193, 75
Trd, 4319583.043, 98
Trd, 4319584.943, 102
Trd, 4319585.293, 98
Trd, 4319586.843, 97
Trd, 4319587.493, 86
Trd, 4319588.043, 98
Trd, 4319589.493, 105
Trd, 4319589.743, 113
Trd, 4319590.693, 97
Trd, 4319593.293, 100
Trd, 4319593.693, 105
Trd, 4319594.143, 97
Trd, 4319595.693, 122
Trd, 4319597.393, 96
Trd, 4319598.243, 98
Trd, 4319601.943, 95
Trd, 4319602.943, 97
Trd, 4319603.043, 94
Trd, 4319604.043, 104
Trd, 4319604.343, 98
Trd, 4319605.443, 120
Trd, 4319609.593, 103
Trd, 4319610.093, 99
Trd, 4319611.093, 102
Trd, 4319611.643, 77
Trd, 4319611.793, 101
Trd, 4319613.943, 75
Trd, 4319614.593, 100
Trd, 4319614.843, 91
Trd, 4319615.843, 98
Trd, 4319617.493, 99
Trd, 4319620.143, 99
Trd, 4319620.343, 90
Trd, 4319620.443, 99
Trd, 4319622.193, 104
Trd, 4319624.543, 95
Trd, 4319626.093, 93
Trd, 4319626.193, 100
Trd, 4319626.893, 100
Trd, 4319628.143, 101
Trd, 4319628.593, 103
Trd, 4319631.843, 103
Trd, 4319632.193, 76
Trd, 4319633.643, 104
Trd, 4319634.593, 91
Trd, 4319635.093, 103
Trd, 4319635.843, 104
Trd, 4319636.043, 90
Trd, 4319637.193, 102
Trd, 4319639.993, 88
Trd, 4319640.093, 91
Trd, 4319640.443, 76
Trd, 4319641.393, 94
Trd, 4319644.243, 108
Trd, 4319644.343, 113
Trd, 4319645.793, 94
Trd, 4319646.543, 98
Trd, 4319647.543, 92
Trd, 4319649.643, 94
Trd, 4319650.243, 92
Trd, 4319651.593, 102
Trd, 4319652.593, 98
Trd, 4319653.743, 91
Trd, 4319654.343, 102
Trd, 4319654.793, 113
Trd, 4319658.293, 96
Trd, 4319659.343, 99
Trd, 4319660.293, 104
Trd, 4319661.893, 102
Trd, 4319662.693, 99
Trd, 4319663.143, 98
Trd, 4319664.143, 98
Trd, 4319664.293, 100
Trd, 4319666.293, 103
Trd, 4319666.893, 104
Trd, 4319667.293, 97
Trd, 4319668.043, 87
Trd, 4319670.443, 93
Trd, 4319671.243, 93
Trd, 4319672.093, 95
Trd, 4319672.793, 79
Trd, 4319673.593, 87
Trd, 4319674.593, 104
Trd, 4319675.543, 91
Trd, 4319676.543, 88
Trd, 4319677.943, 102
Trd, 4319677.993, 76
Trd, 4319679.193, 95
Trd, 4319682.093, 92
Trd, 4319682.193, 93
Trd, 4319683.593, 88
Trd, 4319683.943, 104
Trd, 4319684.443, 86
Trd, 4319686.443, 85
Trd, 4319686.893, 93
Trd, 4319690.243, 84
Trd, 4319690.543, 89
Trd, 4319690.843, 91
Trd, 4319693.043, 112
Trd, 4319693.593, 98
Trd, 4319694.643, 95
Trd, 4319695.993, 89
Trd, 4319697.243, 89
Trd, 4319699.193, 103
Trd, 4319699.593, 68
Trd, 4319701.293, 85
Trd, 4319702.543, 95
Trd, 4319704.143, 88
Trd, 4319706.293, 86
Trd, 4319707.543, 95
Trd, 4319707.793, 87
Trd, 4319708.143, 85
Trd, 4319708.393, 104
Trd, 4319710.843, 84
Trd, 4319714.043, 90
Trd, 4319714.243, 90
Trd, 4319716.143, 87
Trd, 4319717.393, 88
Trd, 4319719.193, 88
Trd, 4319719.793, 83
Trd, 4319720.993, 87
Trd, 4319722.843, 86
Trd, 4319723.843, 104
Trd, 4319725.793, 93
Trd, 4319726.093, 82
Trd, 4319729.993, 88
Trd, 4319731.193, 95
Trd, 4319731.343, 82
Trd, 4319732.643, 90
Trd, 4319732.893, 90
Trd, 4319733.593, 89
Trd, 4319734.993, 104
Trd, 4319735.343, 113
Trd, 4319736.993, 103
Trd, 4319737.993, 102
Trd, 4319738.293, 103
Trd, 4319740.343, 94
Trd, 4319740.993, 94
Trd, 4319741.693, 76
Trd, 4319742.393, 98
Trd, 4319743.343, 90
Trd, 4319746.093, 98
Trd, 4319746.893, 98
Trd, 4319748.143, 104
Trd, 4319748.593, 86
Trd, 4319750.793, 88
Trd, 4319751.393, 102
Trd, 4319752.393, 87
Trd, 4319752.793, 88
Trd, 4319754.343, 90
Trd, 4319755.143, 91
Trd, 4319757.693, 86
Trd, 4319757.793, 103
Trd, 4319759.693, 92
Trd, 4319759.743, 88
Trd, 4319762.093, 91
Trd, 4319762.593, 104
Trd, 4319763.393, 97
Trd, 4319763.443, 87
Trd, 4319767.493, 94
Trd, 4319768.743, 93
Trd, 4319769.143, 94
Trd, 4319769.693, 92
Trd, 4319769.993, 97
Trd, 4319771.843, 91
Trd, 4319772.543, 101
Trd, 4319773.143, 104
Trd, 4319776.043, 97
Trd, 4319777.093, 95
Trd, 4319777.643, 94
Trd, 4319777.693, 93
Trd, 4319778.293, 93
Trd, 4319779.543, 92
Trd, 4319783.193, 94
Trd, 4319785.793, 92
Trd, 4319786.293, 94
Trd, 4319786.893, 95
Trd, 4319786.943, 91
Trd, 4319788.943, 104
Trd, 4319789.793, 96
Trd, 4319790.393, 92
Trd, 4319791.493, 96
Trd, 4319792.793, 95
Trd, 4319792.993, 110
Trd, 4319794.293, 101
Trd, 4319795.293, 103
Trd, 4319795.593, 97
Trd, 4319799.093, 96
Trd, 4319799.893, 86
Trd, 4319800.943, 85
Trd, 4319800.993, 86
Trd, 4319801.443, 86
Trd, 4319803.543, 91
Trd, 4319803.693, 104
Trd, 4319805.543, 113
Trd, 4319806.193, 94
Trd, 4319806.343, 92
Trd, 4319807.993, 88
Trd, 4319809.443, 76
Trd, 4319810.493, 92
Trd, 4319811.293, 95
Trd, 4319811.943, 105
Trd, 4319812.993, 114
Trd, 4319813.293, 104
Trd, 4319814.793, 105
Trd, 4319817.043, 102
Trd, 4319817.643, 98
Trd, 4319819.193, 96
Trd, 4319819.893, 100
Trd, 4319821.143, 77
Trd, 4319822.093, 85
Trd, 4319822.393, 95
Trd, 4319822.993, 92
Trd, 4319824.993, 91
Trd, 4319825.393, 93
Trd, 4319826.393, 95
Trd, 4319828.043, 86
Trd, 4319828.693, 84
Trd, 4319829.443, 89
Trd, 4319829.843, 104
Trd, 4319831.043, 87
Trd, 4319833.243, 87
Trd, 4319833.543, 91
Trd, 4319835.643, 89
Trd, 4319836.193, 90
Trd, 4319836.693, 86
Trd, 4319838.243, 85
Trd, 4319838.343, 103
Trd, 4319839.743, 104
Trd, 4319840.143, 106
Trd, 4319841.893, 89
Trd, 4319842.593, 112
Trd, 4319843.693, 96
Trd, 4319844.043, 91
Trd, 4319845.643, 90
Trd, 4319846.243, 104
Trd, 4319847.793, 113
Trd, 4319849.293, 102
Trd, 4319850.393, 95
Trd, 4319850.593, 77
Trd, 4319852.593, 94
Trd, 4319854.143, 87
Trd, 4319855.193, 87
Trd, 4319856.143, 87
Trd, 4319856.843, 87
Trd, 4319856.993, 95
Trd, 4319857.543, 76
Trd, 4319858.543, 88
Trd, 4319860.193, 82
Trd, 4319860.243, 95
Trd, 4319862.493, 86
Trd, 4319863.143, 105
Trd, 4319863.393, 87
Trd, 4319865.043, 89
Trd, 4319866.493, 89
Trd, 4319867.193, 88
Trd, 4319867.243, 95
Trd, 4319869.943, 87
Trd, 4319871.343, 86
Trd, 4319871.993, 92
Trd, 4319872.043, 95
Trd, 4319874.193, 87
Trd, 4319876.093, 104
Trd, 4319877.393, 90
Trd, 4319878.243, 86
Trd, 4319879.043, 86
Trd, 4319879.093, 95
Trd, 4319880.993, 90
Trd, 4319881.243, 113
Trd, 4319881.643, 85
Trd, 4319884.643, 88
Trd, 4319884.693, 91
Trd, 4319886.693, 86
Trd, 4319887.043, 103
Trd, 4319887.593, 94
Trd, 4319888.493, 87
Trd, 4319891.443, 91
Trd, 4319893.193, 91
Trd, 4319894.843, 91
Trd, 4319895.093, 88
Trd, 4319895.793, 95
Trd, 4319896.043, 104
Trd, 4319896.493, 88
Trd, 4319898.843, 87
Trd, 4319899.693, 87
Trd, 4319901.243, 89
Trd, 4319903.443, 95
Trd, 4319903.693, 86
Trd, 4319904.393, 76
Trd, 4319904.643, 89
Trd, 4319905.743, 87
Trd, 4319907.943, 86
Trd, 4319909.393, 85
Trd, 4319911.693, 83
Trd, 4319911.743, 85
Trd, 4319911.843, 95
Trd, 4319914.143, 86
Trd, 4319914.743, 95
Trd, 4319915.343, 86
Trd, 4319916.093, 104
Trd, 4319916.143, 85
Trd, 4319919.243, 105
Trd, 4319920.043, 104
Trd, 4319921.143, 113
Trd, 4319921.743, 90
Trd, 4319922.443, 113
Trd, 4319923.793, 97
Trd, 4319925.093, 98
Trd, 4319925.843, 96
Trd, 4319927.893, 94
Trd, 4319928.293, 94
Trd, 4319930.093, 94
Trd, 4319931.393, 101
Trd, 4319931.993, 93
Trd, 4319932.143, 104
Trd, 4319933.743, 76
Trd, 4319934.493, 97
Trd, 4319934.643, 104
Trd, 4319936.893, 113
Trd, 4319938.143, 112
Trd, 4319939.493, 104
Trd, 4319941.993, 103
Trd, 4319943.193, 102
Trd, 4319943.293, 100
Trd, 4319943.693, 98
Trd, 4319944.593, 91
Trd, 4319945.643, 97
Trd, 4319946.243, 75
Trd, 4319947.643, 104
Trd, 4319949.293, 104
Trd, 4319949.593, 100
Trd, 4319950.543, 74
Trd, 4319952.793, 94
Trd, 4319954.043, 94
Trd, 4319954.393, 93
Trd, 4319954.743, 93
Trd, 4319955.043, 95
Trd, 4319956.293, 104
Trd, 4319957.443, 90
Trd, 4319960.293, 95
Trd, 4319961.643, 95
Trd, 4319961.693, 91
Trd, 4319962.343, 88
Trd, 4319962.943, 76
Trd, 4319964.443, 90
Trd, 4319964.493, 95
Trd, 4319968.693, 91
Trd, 4319969.293, 87
Trd, 4319969.593, 86
Trd, 4319970.343, 91
Trd, 4319971.243, 95
Trd, 4319973.543, 89
Trd, 4319974.593, 91
Trd, 4319974.643, 86
Trd, 4319978.943, 91
Trd, 4319980.193, 91
Trd, 4319980.243, 85
Trd, 4319980.993, 93
Trd, 4319981.643, 95
Trd, 4319982.643, 89
Trd, 4319982.843, 104
Trd, 4319983.043, 87
Trd, 4319984.343, 112
Trd, 4319986.343, 97
Trd, 4319988.043, 91
Trd, 4319988.793, 89
Trd, 4319989.443, 95
Trd, 4319990.693, 95
Trd, 4319991.943, 88
Trd, 4319993.643, 95
Trd, 4319993.843, 95
Trd, 4319994.843, 105
Trd, 4319995.943, 91
Trd, 4319996.893, 105
Trd, 4319999.643, 94
