Trd, 4317778.193, 92
Trd, 4317779.843, 92
Trd, 4317780.743, 92
Trd, 4317781.043, 95
Trd, 4317783.193, 92
Trd, 4317786.143, 92
Trd, 4317786.843, 95
Trd, 4317789.443, 93
Trd, 4317790.393, 94
Trd, 4317794.343, 93
Trd, 4317797.593, 93
Trd, 4317797.893, 95
Trd, 4317801.093, 93
Trd, 4317801.343, 92
Trd, 4317804.593, 93
Trd, 4317804.943, 93
Trd, 4317807.343, 94
Trd, 4317809.493, 94
Trd, 4317809.943, 95
Trd, 4317812.693, 94
Trd, 4317813.193, 93
Trd, 4317814.893, 92
Trd, 4317817.143, 93
Trd, 4317822.093, 93
Trd, 4317822.393, 92
Trd, 4317823.393, 93
Trd, 4317824.643, 92
Trd, 4317827.693, 93
Trd, 4317827.843, 94
Trd, 4317831.643, 93
Trd, 4317833.143, 94
Trd, 4317836.893, 93
Trd, 4317836.943, 113
Trd, 4317843.493, 95
Trd, 4317843.843, 94
Trd, 4317844.043, 96
Trd, 4317845.043, 96
Trd, 4317846.593, 95
Trd, 4317849.243, 103
Trd, 4317849.393, 105
Trd, 4317855.193, 97
Trd, 4317857.693, 94
Trd, 4317857.993, 96
Trd, 4317860.993, 93
Trd, 4317861.043, 93
Trd, 4317862.243, 93
Trd, 4317865.193, 95
Trd, 4317865.443, 95
Trd, 4317866.743, 93
Trd, 4317866.993, 93
Trd, 4317868.143, 95
Trd, 4317869.793, 93
Trd, 4317870.293, 93
Trd, 4317874.093, 92
Trd, 4317874.643, 93
Trd, 4317876.593, 93
Trd, 4317878.243, 92
Trd, 4317883.543, 92
Trd, 4317885.243, 92
Trd, 4317886.693, 92
Trd, 4317892.643, 91
Trd, 4317892.693, 91
Trd, 4317892.943, 92
Trd, 4317893.093, 105
Trd, 4317895.943, 93
Trd, 4317902.343, 92
Trd, 4317903.193, 93
Trd, 4317904.543, 93
Trd, 4317905.993, 91
Trd, 4317908.643, 92
Trd, 4317908.793, 92
Trd, 4317911.893, 94
Trd, 4317913.993, 93
Trd, 4317914.943, 92
Trd, 4317915.293, 92
Trd, 4317915.343, 91
Trd, 4317916.843, 94
Trd, 4317917.493, 92
Trd, 4317919.643, 91
Trd, 4317923.643, 91
Trd, 4317924.343, 92
Trd, 4317925.093, 91
Trd, 4317927.943, 92
Trd, 4317930.843, 92
Trd, 4317934.643, 92
Trd, 4317935.443, 92
Trd, 4317935.643, 95
Trd, 4317937.543, 91
Trd, 4317937.643, 92
Trd, 4317941.143, 95
Trd, 4317943.543, 93
Trd, 4317945.843, 91
Trd, 4317946.843, 90
Trd, 4317949.493, 91
Trd, 4317949.643, 95
Trd, 4317951.343, 90
Trd, 4317953.943, 89
Trd, 4317955.493, 94
Trd, 4317956.543, 92
Trd, 4317958.393, 88
Trd, 4317962.043, 89
Trd, 4317966.643, 89
Trd, 4317969.643, 88
Trd, 4317971.693, 88
Trd, 4317974.893, 88
Trd, 4317978.493, 88
Trd, 4317979.293, 88
Trd, 4317980.693, 87
Trd, 4317981.243, 86
Trd, 4317982.543, 88
Trd, 4317984.793, 88
Trd, 4317989.093, 87
Trd, 4317989.193, 88
Trd, 4317989.293, 87
Trd, 4317990.193, 88
Trd, 4317990.643, 87
Trd, 4317992.743, 95
Trd, 4317995.993, 88
Trd, 4317996.343, 88
Trd, 4317996.743, 88
Trd, 4317999.793, 89
Trd, 4318000.443, 87
Trd, 4318003.193, 88
Trd, 4318005.843, 87
Trd, 4318005.893, 88
Trd, 4318008.593, 88
Trd, 4318011.393, 87
Trd, 4318011.443, 88
Trd, 4318011.893, 87
Trd, 4318017.093, 90
Trd, 4318017.993, 93
Trd, 4318020.143, 91
Trd, 4318022.393, 90
Trd, 4318024.593, 90
Trd, 4318030.593, 90
Trd, 4318032.293, 90
Trd, 4318032.593, 89
Trd, 4318036.543, 94
Trd, 4318037.943, 92
Trd, 4318039.693, 92
Trd, 4318041.243, 91
Trd, 4318043.993, 91
Trd, 4318044.143, 90
Trd, 4318045.093, 91
Trd, 4318046.793, 91
Trd, 4318048.793, 95
Trd, 4318050.343, 94
Trd, 4318050.943, 94
Trd, 4318056.093, 94
Trd, 4318057.393, 95
Trd, 4318058.343, 95
Trd, 4318062.443, 94
Trd, 4318062.643, 94
Trd, 4318062.943, 94
Trd, 4318066.993, 94
Trd, 4318070.693, 93
Trd, 4318071.043, 93
Trd, 4318071.693, 93
Trd, 4318071.743, 95
Trd, 4318072.543, 95
Trd, 4318072.943, 95
Trd, 4318076.093, 94
Trd, 4318076.343, 94
Trd, 4318077.243, 93
Trd, 4318077.543, 96
Trd, 4318079.343, 93
Trd, 4318083.393, 95
Trd, 4318086.543, 94
Trd, 4318087.293, 94
Trd, 4318088.093, 95
Trd, 4318089.893, 94
Trd, 4318090.743, 94
Trd, 4318091.743, 94
Trd, 4318093.843, 93
Trd, 4318096.443, 94
Trd, 4318097.893, 95
Trd, 4318099.243, 95
Trd, 4318103.493, 94
Trd, 4318103.593, 93
Trd, 4318104.393, 94
Trd, 4318106.443, 93
Trd, 4318107.193, 93
Trd, 4318108.493, 93
Trd, 4318109.193, 92
Trd, 4318111.943, 91
Trd, 4318112.693, 92
Trd, 4318114.193, 94
Trd, 4318118.893, 94
Trd, 4318121.143, 94
Trd, 4318122.293, 92
Trd, 4318123.393, 92
Trd, 4318124.993, 95
Trd, 4318126.143, 93
Trd, 4318128.343, 107
Trd, 4318131.043, 95
Trd, 4318131.443, 96
Trd, 4318136.793, 97
Trd, 4318137.893, 96
Trd, 4318140.193, 97
Trd, 4318141.893, 97
Trd, 4318143.393, 95
Trd, 4318148.193, 94
Trd, 4318148.343, 94
Trd, 4318148.493, 95
Trd, 4318154.243, 93
Trd, 4318154.293, 94
Trd, 4318155.043, 95
Trd, 4318155.543, 95
Trd, 4318156.693, 96
Trd, 4318159.093, 95
Trd, 4318160.143, 95
Trd, 4318160.893, 103
Trd, 4318164.193, 98
Trd, 4318164.443, 96
Trd, 4318167.793, 99
Trd, 4318168.043, 98
Trd, 4318168.543, 98
Trd, 4318170.793, 99
Trd, 4318172.393, 99
Trd, 4318174.193, 99
Trd, 4318174.793, 100
Trd, 4318176.043, 98
Trd, 4318176.243, 100
Trd, 4318179.793, 98
Trd, 4318180.943, 98
Trd, 4318185.593, 98
Trd, 4318185.843, 97
Trd, 4318186.693, 98
Trd, 4318187.743, 96
Trd, 4318187.893, 96
Trd, 4318189.193, 96
Trd, 4318190.743, 96
Trd, 4318193.143, 97
Trd, 4318194.393, 97
Trd, 4318196.293, 95
Trd, 4318196.593, 95
Trd, 4318197.393, 94
Trd, 4318199.543, 95
Trd, 4318202.193, 95
Trd, 4318203.443, 94
Trd, 4318203.793, 95
Trd, 4318204.843, 95
Trd, 4318207.743, 96
Trd, 4318208.543, 95
Trd, 4318211.893, 94
Trd, 4318212.193, 94
Trd, 4318213.543, 95
Trd, 4318214.993, 96
Trd, 4318216.193, 94
Trd, 4318217.443, 93
Trd, 4318217.993, 93
Trd, 4318219.993, 93
Trd, 4318222.243, 92
Trd, 4318222.443, 95
Trd, 4318226.593, 94
Trd, 4318227.093, 95
Trd, 4318229.993, 93
Trd, 4318231.343, 94
Trd, 4318232.693, 93
Trd, 4318234.743, 92
Trd, 4318236.443, 94
Trd, 4318240.143, 92
Trd, 4318240.743, 93
Trd, 4318242.843, 95
Trd, 4318243.493, 94
Trd, 4318244.393, 92
Trd, 4318244.943, 92
Trd, 4318245.793, 92
Trd, 4318246.443, 95
Trd, 4318248.743, 91
Trd, 4318249.893, 92
Trd, 4318250.093, 91
Trd, 4318251.043, 95
Trd, 4318253.243, 94
Trd, 4318254.343, 102
Trd, 4318254.693, 98
Trd, 4318256.693, 99
Trd, 4318258.343, 97
Trd, 4318260.293, 98
Trd, 4318262.543, 98
Trd, 4318264.793, 98
Trd, 4318267.293, 96
Trd, 4318267.393, 96
Trd, 4318267.743, 97
Trd, 4318268.693, 96
Trd, 4318271.693, 96
Trd, 4318273.943, 96
Trd, 4318274.193, 95
Trd, 4318276.443, 105
Trd, 4318278.693, 97
Trd, 4318283.643, 98
Trd, 4318285.143, 96
Trd, 4318290.093, 95
Trd, 4318291.543, 95
Trd, 4318291.893, 94
Trd, 4318293.043, 96
Trd, 4318294.393, 94
Trd, 4318295.143, 93
Trd, 4318296.793, 93
Trd, 4318298.043, 95
Trd, 4318299.093, 106
Trd, 4318299.143, 113
Trd, 4318302.893, 94
Trd, 4318307.343, 95
Trd, 4318307.693, 95
Trd, 4318307.793, 94
Trd, 4318308.443, 98
Trd, 4318309.993, 94
Trd, 4318315.193, 94
Trd, 4318315.643, 94
Trd, 4318319.343, 94
Trd, 4318321.193, 94
Trd, 4318322.743, 93
Trd, 4318323.393, 93
Trd, 4318324.393, 92
Trd, 4318325.193, 92
Trd, 4318326.393, 93
Trd, 4318327.943, 93
Trd, 4318330.143, 92
Trd, 4318331.543, 94
Trd, 4318334.893, 92
Trd, 4318335.343, 95
Trd, 4318337.393, 94
Trd, 4318338.393, 94
Trd, 4318340.993, 93
Trd, 4318344.693, 94
Trd, 4318345.893, 94
Trd, 4318346.743, 92
Trd, 4318347.193, 94
Trd, 4318349.893, 91
Trd, 4318350.343, 91
Trd, 4318352.843, 92
Trd, 4318354.093, 93
Trd, 4318357.243, 92
Trd, 4318357.643, 91
Trd, 4318361.043, 91
Trd, 4318363.043, 90
Trd, 4318363.743, 92
Trd, 4318364.943, 92
Trd, 4318366.043, 92
Trd, 4318367.793, 91
Trd, 4318370.393, 90
Trd, 4318371.443, 92
Trd, 4318373.943, 91
Trd, 4318377.093, 92
Trd, 4318381.343, 92
Trd, 4318384.793, 91
Trd, 4318386.243, 91
Trd, 4318389.293, 90
Trd, 4318390.343, 91
Trd, 4318390.893, 89
Trd, 4318391.793, 88
Trd, 4318396.693, 92
Trd, 4318398.293, 95
Trd, 4318399.643, 91
Trd, 4318400.293, 92
Trd, 4318402.293, 93
Trd, 4318402.843, 93
Trd, 4318403.643, 106
Trd, 4318404.393, 98
Trd, 4318404.843, 97
Trd, 4318407.693, 97
Trd, 4318408.543, 96
Trd, 4318408.593, 97
Trd, 4318411.443, 98
Trd, 4318412.993, 97
Trd, 4318413.893, 99
Trd, 4318415.143, 97
Trd, 4318416.593, 97
Trd, 4318416.693, 98
Trd, 4318419.243, 97
Trd, 4318421.893, 96
Trd, 4318422.443, 95
Trd, 4318423.343, 94
Trd, 4318423.593, 95
Trd, 4318428.493, 95
Trd, 4318429.043, 94
Trd, 4318429.743, 95
Trd, 4318431.243, 93
Trd, 4318431.293, 95
Trd, 4318434.543, 92
Trd, 4318434.793, 92
Trd, 4318437.593, 95
Trd, 4318437.943, 95
Trd, 4318439.543, 93
Trd, 4318440.343, 95
Trd, 4318442.043, 94
Trd, 4318442.743, 95
Trd, 4318442.943, 95
Trd, 4318449.093, 95
Trd, 4318449.843, 95
Trd, 4318450.593, 94
Trd, 4318453.343, 95
Trd, 4318454.993, 94
Trd, 4318458.893, 94
Trd, 4318458.993, 111
Trd, 4318460.743, 93
Trd, 4318464.193, 93
Trd, 4318464.343, 94
Trd, 4318467.143, 92
Trd, 4318469.093, 94
Trd, 4318469.693, 93
Trd, 4318471.743, 95
Trd, 4318472.943, 95
Trd, 4318474.893, 95
Trd, 4318475.243, 113
Trd, 4318476.743, 97
Trd, 4318477.743, 102
Trd, 4318478.743, 104
Trd, 4318480.943, 102
Trd, 4318481.393, 101
Trd, 4318481.793, 113
Trd, 4318483.643, 102
Trd, 4318485.043, 103
Trd, 4318486.443, 101
Trd, 4318488.693, 103
Trd, 4318492.343, 102
Trd, 4318496.643, 103
Trd, 4318499.443, 101
Trd, 4318500.643, 102
Trd, 4318500.693, 103
Trd, 4318501.993, 103
Trd, 4318507.893, 102
Trd, 4318510.443, 101
Trd, 4318511.943, 101
Trd, 4318512.143, 101
Trd, 4318512.943, 100
Trd, 4318513.743, 100
Trd, 4318516.693, 100
Trd, 4318517.443, 100
Trd, 4318520.793, 99
Trd, 4318521.693, 100
Trd, 4318525.443, 98
Trd, 4318525.743, 99
Trd, 4318526.243, 99
Trd, 4318527.743, 98
Trd, 4318529.793, 99
Trd, 4318530.393, 100
Trd, 4318533.393, 100
Trd, 4318534.243, 100
Trd, 4318537.593, 100
Trd, 4318538.893, 99
Trd, 4318540.043, 98
Trd, 4318540.643, 100
Trd, 4318545.543, 99
Trd, 4318546.993, 99
Trd, 4318547.193, 98
Trd, 4318547.693, 96
Trd, 4318548.193, 97
Trd, 4318550.793, 98
Trd, 4318552.093, 98
Trd, 4318552.493, 98
Trd, 4318553.893, 111
Trd, 4318557.893, 100
Trd, 4318559.143, 97
Trd, 4318559.293, 98
Trd, 4318560.843, 98
Trd, 4318562.143, 98
Trd, 4318564.643, 99
Trd, 4318566.993, 98
Trd, 4318569.093, 99
Trd, 4318571.443, 99
Trd, 4318571.743, 100
Trd, 4318573.343, 97
Trd, 4318574.843, 98
Trd, 4318575.993, 97
Trd, 4318576.643, 96
Trd, 4318581.543, 97
Trd, 4318582.893, 95
Trd, 4318583.093, 95
Trd, 4318584.193, 95
Trd, 4318586.843, 95
Trd, 4318587.743, 95
Trd, 4318590.143, 95
Trd, 4318592.293, 95
Trd, 4318592.993, 94
Trd, 4318593.793, 94
Trd, 4318593.893, 95
Trd, 4318597.143, 95
Trd, 4318597.343, 94
Trd, 4318601.443, 93
Trd, 4318601.593, 95
Trd, 4318604.243, 94
Trd, 4318606.943, 93
Trd, 4318608.143, 94
Trd, 4318608.893, 98
Trd, 4318609.443, 98
Trd, 4318611.793, 101
Trd, 4318612.893, 100
Trd, 4318612.993, 118
Trd, 4318613.693, 99
Trd, 4318615.293, 99
Trd, 4318616.443, 101
Trd, 4318618.993, 101
Trd, 4318620.243, 101
Trd, 4318623.643, 100
Trd, 4318624.393, 99
Trd, 4318626.543, 99
Trd, 4318629.643, 99
Trd, 4318630.193, 99
Trd, 4318633.043, 98
Trd, 4318634.443, 98
Trd, 4318635.843, 95
Trd, 4318635.943, 96
Trd, 4318637.643, 95
Trd, 4318638.193, 96
Trd, 4318638.943, 98
Trd, 4318639.243, 86
Trd, 4318642.693, 97
Trd, 4318644.643, 94
Trd, 4318647.293, 95
Trd, 4318649.393, 96
Trd, 4318651.443, 95
Trd, 4318652.343, 94
Trd, 4318653.743, 95
Trd, 4318654.943, 95
Trd, 4318658.993, 93
Trd, 4318659.393, 96
Trd, 4318661.293, 95
Trd, 4318661.343, 95
Trd, 4318662.193, 94
Trd, 4318664.193, 93
Trd, 4318666.243, 93
Trd, 4318666.643, 93
Trd, 4318668.043, 94
Trd, 4318669.243, 94
Trd, 4318669.843, 113
Trd, 4318672.143, 95
Trd, 4318672.943, 98
Trd, 4318674.243, 100
Trd, 4318676.243, 99
Trd, 4318677.793, 99
Trd, 4318678.243, 103
Trd, 4318680.843, 105
Trd, 4318681.143, 103
Trd, 4318684.193, 101
Trd, 4318684.293, 102
Trd, 4318686.493, 103
Trd, 4318688.843, 103
Trd, 4318690.043, 102
Trd, 4318690.893, 101
Trd, 4318692.343, 100
Trd, 4318692.393, 102
Trd, 4318695.293, 101
Trd, 4318697.193, 100
Trd, 4318697.993, 103
Trd, 4318700.343, 100
Trd, 4318700.843, 99
Trd, 4318701.943, 101
Trd, 4318703.243, 100
Trd, 4318703.943, 99
Trd, 4318709.593, 100
Trd, 4318709.993, 98
Trd, 4318710.943, 97
Trd, 4318712.693, 98
Trd, 4318713.593, 98
Trd, 4318716.443, 98
Trd, 4318717.093, 97
Trd, 4318720.093, 98
Trd, 4318721.543, 96
Trd, 4318721.743, 96
Trd, 4318721.843, 97
Trd, 4318725.143, 95
Trd, 4318725.843, 96
Trd, 4318727.293, 96
Trd, 4318731.293, 94
Trd, 4318731.393, 94
Trd, 4318731.543, 94
Trd, 4318731.643, 95
Trd, 4318734.393, 93
Trd, 4318734.693, 94
Trd, 4318738.043, 92
Trd, 4318738.193, 93
Trd, 4318738.693, 95
Trd, 4318739.993, 96
Trd, 4318741.093, 99
Trd, 4318742.643, 98
Trd, 4318744.493, 99
Trd, 4318745.243, 109
Trd, 4318746.393, 98
Trd, 4318749.843, 99
Trd, 4318750.843, 98
Trd, 4318751.793, 97
Trd, 4318755.343, 98
Trd, 4318756.543, 97
Trd, 4318757.293, 99
Trd, 4318760.443, 96
Trd, 4318761.193, 95
Trd, 4318761.343, 95
Trd, 4318761.543, 94
Trd, 4318763.043, 94
Trd, 4318764.793, 94
Trd, 4318766.243, 93
Trd, 4318767.393, 94
Trd, 4318767.543, 92
Trd, 4318768.493, 94
Trd, 4318772.243, 94
Trd, 4318773.043, 93
Trd, 4318773.943, 92
Trd, 4318775.093, 93
Trd, 4318776.643, 95
Trd, 4318778.843, 96
Trd, 4318779.893, 94
Trd, 4318780.293, 96
Trd, 4318781.893, 104
Trd, 4318782.743, 112
Trd, 4318786.593, 98
Trd, 4318789.393, 97
Trd, 4318790.093, 96
Trd, 4318791.743, 96
Trd, 4318793.443, 95
Trd, 4318794.493, 95
Trd, 4318795.743, 95
Trd, 4318796.593, 94
Trd, 4318797.443, 95
Trd, 4318799.643, 95
Trd, 4318801.343, 94
Trd, 4318802.293, 96
Trd, 4318803.243, 96
Trd, 4318805.493, 94
Trd, 4318807.543, 94
Trd, 4318808.193, 93
Trd, 4318808.493, 94
Trd, 4318812.693, 92
Trd, 4318813.843, 93
Trd, 4318815.693, 91
Trd, 4318819.893, 92
Trd, 4318820.493, 93
Trd, 4318825.443, 94
Trd, 4318826.893, 92
Trd, 4318829.743, 94
Trd, 4318831.543, 91
Trd, 4318832.593, 91
Trd, 4318837.643, 91
Trd, 4318838.243, 95
Trd, 4318840.043, 91
Trd, 4318840.693, 90
Trd, 4318842.493, 93
Trd, 4318845.143, 91
Trd, 4318847.793, 92
Trd, 4318848.893, 96
Trd, 4318850.693, 100
Trd, 4318851.943, 104
Trd, 4318852.393, 100
Trd, 4318855.793, 100
Trd, 4318857.293, 100
Trd, 4318859.093, 99
Trd, 4318860.143, 99
Trd, 4318864.193, 101
Trd, 4318864.693, 101
Trd, 4318866.193, 99
Trd, 4318866.443, 100
Trd, 4318869.793, 101
Trd, 4318872.443, 100
Trd, 4318873.643, 99
Trd, 4318874.843, 100
Trd, 4318875.993, 99
Trd, 4318877.093, 100
Trd, 4318877.843, 99
Trd, 4318880.243, 100
Trd, 4318883.443, 99
Trd, 4318884.043, 100
Trd, 4318887.043, 99
Trd, 4318888.243, 98
Trd, 4318888.443, 98
Trd, 4318889.093, 97
Trd, 4318891.243, 94
Trd, 4318892.043, 96
Trd, 4318892.443, 98
Trd, 4318895.743, 96
Trd, 4318899.993, 96
Trd, 4318900.743, 96
Trd, 4318904.193, 96
Trd, 4318904.793, 96
Trd, 4318908.743, 97
Trd, 4318911.543, 97
Trd, 4318912.793, 97
Trd, 4318915.293, 97
Trd, 4318915.843, 96
Trd, 4318916.743, 98
Trd, 4318917.493, 96
Trd, 4318920.193, 95
Trd, 4318921.993, 96
Trd, 4318922.643, 113
Trd, 4318924.043, 94
Trd, 4318926.643, 93
Trd, 4318927.143, 93
Trd, 4318927.893, 93
Trd, 4318930.093, 93
Trd, 4318931.443, 92
Trd, 4318932.443, 93
Trd, 4318934.743, 94
Trd, 4318935.893, 95
Trd, 4318937.343, 94
Trd, 4318938.493, 95
Trd, 4318941.043, 96
Trd, 4318943.343, 95
Trd, 4318944.893, 105
Trd, 4318946.393, 97
Trd, 4318946.493, 94
Trd, 4318947.843, 96
Trd, 4318951.243, 94
Trd, 4318953.493, 95
Trd, 4318954.193, 95
Trd, 4318954.393, 94
Trd, 4318954.443, 92
Trd, 4318957.543, 95
Trd, 4318959.343, 95
Trd, 4318960.593, 95
Trd, 4318963.443, 94
Trd, 4318964.193, 94
Trd, 4318965.643, 95
Trd, 4318966.893, 94
Trd, 4318968.443, 94
Trd, 4318970.843, 93
Trd, 4318972.193, 94
Trd, 4318973.243, 95
Trd, 4318975.693, 93
Trd, 4318976.843, 94
Trd, 4318977.543, 95
Trd, 4318979.893, 94
Trd, 4318981.043, 95
Trd, 4318982.943, 95
Trd, 4318985.393, 94
Trd, 4318985.743, 94
Trd, 4318988.243, 93
Trd, 4318990.843, 94
Trd, 4318991.543, 95
Trd, 4318993.643, 93
Trd, 4318994.243, 94
Trd, 4318996.493, 94
Trd, 4318999.343, 92
Trd, 4318999.593, 95
Trd, 4319001.043, 94
Trd, 4319002.293, 93
Trd, 4319002.943, 105
Trd, 4319005.993, 97
Trd, 4319008.743, 94
Trd, 4319009.093, 96
Trd, 4319010.743, 94
Trd, 4319011.793, 95
Trd, 4319012.793, 94
Trd, 4319016.343, 95
Trd, 4319019.343, 93
Trd, 4319020.043, 95
Trd, 4319020.693, 95
Trd, 4319023.693, 94
Trd, 4319026.143, 94
Trd, 4319027.293, 94
Trd, 4319029.293, 93
Trd, 4319030.693, 94
Trd, 4319031.493, 94
Trd, 4319035.393, 93
Trd, 4319037.343, 94
Trd, 4319040.043, 93
Trd, 4319042.043, 93
Trd, 4319043.143, 92
Trd, 4319044.193, 92
Trd, 4319044.293, 93
Trd, 4319048.693, 93
Trd, 4319049.043, 103
Trd, 4319052.393, 96
Trd, 4319055.543, 92
Trd, 4319058.493, 92
Trd, 4319060.543, 92
Trd, 4319061.743, 91
Trd, 4319062.643, 91
Trd, 4319064.543, 90
Trd, 4319064.943, 90
Trd, 4319066.593, 91
Trd, 4319069.143, 92
Trd, 4319070.543, 104
Trd, 4319071.843, 107
Trd, 4319075.243, 97
Trd, 4319075.443, 97
Trd, 4319076.243, 97
Trd, 4319078.293, 96
Trd, 4319078.643, 97
Trd, 4319080.743, 95
Trd, 4319082.493, 96
Trd, 4319084.293, 95
Trd, 4319087.193, 94
Trd, 4319087.543, 97
Trd, 4319088.843, 98
Trd, 4319089.493, 99
Trd, 4319089.543, 105
Trd, 4319092.343, 97
Trd, 4319092.743, 98
Trd, 4319093.293, 97
Trd, 4319096.243, 101
Trd, 4319096.943, 102
Trd, 4319099.293, 99
Trd, 4319101.693, 101
Trd, 4319101.993, 100
Trd, 4319108.543, 100
Trd, 4319110.093, 98
Trd, 4319110.443, 98
Trd, 4319111.043, 99
Trd, 4319111.943, 98
Trd, 4319114.193, 98
Trd, 4319116.443, 94
Trd, 4319119.043, 97
Trd, 4319120.543, 95
Trd, 4319121.343, 103
Trd, 4319123.143, 99
Trd, 4319125.993, 99
Trd, 4319126.843, 96
Trd, 4319127.693, 99
Trd, 4319129.843, 96
Trd, 4319132.343, 96
Trd, 4319132.793, 96
Trd, 4319133.793, 95
Trd, 4319136.893, 95
Trd, 4319139.243, 95
Trd, 4319139.343, 96
Trd, 4319142.043, 94
Trd, 4319146.393, 94
Trd, 4319148.493, 95
Trd, 4319150.543, 93
Trd, 4319151.193, 93
Trd, 4319151.943, 94
Trd, 4319152.393, 94
Trd, 4319157.043, 95
Trd, 4319157.393, 92
Trd, 4319159.343, 93
Trd, 4319161.193, 92
Trd, 4319162.693, 93
Trd, 4319164.493, 93
Trd, 4319167.643, 93
Trd, 4319168.993, 93
Trd, 4319171.443, 93
Trd, 4319173.943, 92
Trd, 4319174.043, 91
Trd, 4319175.993, 90
Trd, 4319176.243, 91
Trd, 4319179.193, 94
Trd, 4319180.843, 93
Trd, 4319183.193, 93
Trd, 4319184.443, 95
Trd, 4319186.143, 95
Trd, 4319188.743, 96
Trd, 4319189.243, 96
Trd, 4319191.643, 96
Trd, 4319193.493, 99
Trd, 4319193.843, 104
Trd, 4319195.343, 98
Trd, 4319195.843, 97
Trd, 4319198.643, 98
Trd, 4319199.293, 99
Trd, 4319203.193, 98
Trd, 4319203.843, 98
Trd, 4319205.993, 97
Trd, 4319206.143, 96
Trd, 4319207.593, 95
Trd, 4319209.393, 96
Trd, 4319211.243, 95
Trd, 4319211.793, 96
Trd, 4319214.693, 96
Trd, 4319217.893, 97
Trd, 4319219.943, 94
Trd, 4319222.543, 94
Trd, 4319223.643, 94
Trd, 4319227.243, 94
Trd, 4319228.343, 95
Trd, 4319231.693, 96
Trd, 4319233.793, 94
Trd, 4319238.943, 95
Trd, 4319241.093, 94
Trd, 4319243.093, 94
Trd, 4319244.393, 93
Trd, 4319244.843, 93
Trd, 4319245.393, 95
Trd, 4319248.493, 92
Trd, 4319248.793, 95
Trd, 4319251.343, 94
Trd, 4319256.343, 93
Trd, 4319256.543, 94
Trd, 4319260.193, 93
Trd, 4319261.443, 94
Trd, 4319263.043, 93
Trd, 4319264.743, 93
Trd, 4319270.043, 93
Trd, 4319271.393, 93
Trd, 4319272.943, 91
Trd, 4319274.293, 93
Trd, 4319275.393, 92
Trd, 4319276.843, 94
Trd, 4319279.543, 94
Trd, 4319282.343, 94
Trd, 4319283.193, 94
Trd, 4319284.293, 92
Trd, 4319286.843, 92
Trd, 4319287.643, 94
Trd, 4319290.243, 94
Trd, 4319293.893, 94
Trd, 4319294.793, 94
Trd, 4319296.693, 93
Trd, 4319297.393, 94
Trd, 4319300.193, 95
Trd, 4319305.093, 92
Trd, 4319305.893, 92
Trd, 4319308.193, 93
Trd, 4319308.243, 94
Trd, 4319311.243, 93
Trd, 4319315.293, 93
Trd, 4319317.293, 92
Trd, 4319318.643, 92
Trd, 4319320.243, 93
Trd, 4319322.093, 95
Trd, 4319322.343, 112
Trd, 4319322.693, 97
Trd, 4319326.293, 96
Trd, 4319328.343, 97
Trd, 4319328.693, 97
Trd, 4319329.943, 95
Trd, 4319331.943, 95
Trd, 4319333.443, 96
Trd, 4319335.493, 95
Trd, 4319337.493, 94
Trd, 4319338.693, 95
Trd, 4319338.943, 94
Trd, 4319339.293, 95
Trd, 4319340.893, 95
Trd, 4319341.543, 94
Trd, 4319343.143, 95
Trd, 4319344.593, 94
Trd, 4319347.593, 95
Trd, 4319347.693, 95
Trd, 4319350.343, 93
Trd, 4319352.643, 94
Trd, 4319354.693, 95
Trd, 4319355.193, 94
Trd, 4319356.393, 95
Trd, 4319359.093, 95
Trd, 4319359.893, 94
Trd, 4319362.143, 94
Trd, 4319362.243, 93
Trd, 4319362.643, 95
Trd, 4319363.393, 95
Trd, 4319367.243, 93
Trd, 4319368.243, 94
Trd, 4319369.943, 93
Trd, 4319371.593, 95
Trd, 4319374.193, 95
Trd, 4319374.593, 93
Trd, 4319376.493, 93
Trd, 4319378.093, 96
Trd, 4319378.143, 113
Trd, 4319378.643, 95
Trd, 4319383.543, 97
Trd, 4319383.593, 98
Trd, 4319387.543, 98
Trd, 4319388.643, 96
Trd, 4319389.793, 98
Trd, 4319392.293, 95
Trd, 4319395.843, 97
Trd, 4319397.443, 95
Trd, 4319398.993, 95
Trd, 4319399.093, 94
Trd, 4319402.043, 96
Trd, 4319402.843, 96
Trd, 4319404.243, 97
Trd, 4319405.793, 104
Trd, 4319406.843, 100
Trd, 4319407.243, 100
Trd, 4319407.393, 99
Trd, 4319408.693, 98
Trd, 4319410.893, 105
Trd, 4319411.893, 101
Trd, 4319412.743, 99
Trd, 4319416.843, 98
Trd, 4319419.143, 100
Trd, 4319419.893, 101
Trd, 4319420.243, 101
Trd, 4319423.843, 101
Trd, 4319426.043, 100
Trd, 4319428.643, 101
Trd, 4319429.143, 100
Trd, 4319431.093, 100
Trd, 4319432.493, 110
Trd, 4319436.193, 99
Trd, 4319436.593, 101
Trd, 4319438.893, 101
Trd, 4319440.793, 99
Trd, 4319441.393, 98
Trd, 4319443.393, 98
Trd, 4319445.793, 97
Trd, 4319448.593, 98
Trd, 4319449.243, 99
Trd, 4319451.043, 96
Trd, 4319452.493, 98
Trd, 4319453.693, 98
Trd, 4319453.943, 96
Trd, 4319456.993, 96
Trd, 4319458.693, 95
Trd, 4319459.543, 96
Trd, 4319462.393, 95
Trd, 4319464.043, 96
Trd, 4319467.143, 95
Trd, 4319468.743, 95
Trd, 4319471.393, 94
Trd, 4319472.243, 93
Trd, 4319472.693, 93
Trd, 4319474.693, 94
Trd, 4319475.243, 93
Trd, 4319475.943, 94
Trd, 4319478.493, 95
Trd, 4319479.693, 95
Trd, 4319480.743, 108
Trd, 4319480.893, 93
Trd, 4319485.493, 95
Trd, 4319485.793, 95
Trd, 4319487.493, 95
Trd, 4319489.293, 96
Trd, 4319490.843, 96
Trd, 4319491.043, 95
Trd, 4319491.493, 94
Trd, 4319492.043, 94
Trd, 4319493.993, 95
Trd, 4319494.243, 95
Trd, 4319498.843, 96
Trd, 4319499.743, 94
Trd, 4319501.193, 93
Trd, 4319502.443, 96
Trd, 4319506.143, 94
Trd, 4319509.293, 95
Trd, 4319509.493, 94
Trd, 4319511.843, 94
Trd, 4319515.043, 94
Trd, 4319515.293, 94
Trd, 4319517.393, 93
Trd, 4319518.443, 93
Trd, 4319520.643, 94
Trd, 4319521.293, 93
Trd, 4319525.793, 93
Trd, 4319526.693, 93
Trd, 4319526.793, 94
Trd, 4319527.993, 92
Trd, 4319529.193, 94
Trd, 4319530.893, 94
Trd, 4319532.343, 95
Trd, 4319534.193, 95
Trd, 4319534.243, 92
Trd, 4319536.993, 94
Trd, 4319539.443, 95
Trd, 4319541.693, 95
Trd, 4319543.493, 95
Trd, 4319546.143, 95
Trd, 4319547.243, 94
Trd, 4319548.043, 95
Trd, 4319551.193, 95
Trd, 4319552.043, 93
Trd, 4319554.043, 95
Trd, 4319554.193, 96
Trd, 4319558.543, 92
Trd, 4319560.143, 93
Trd, 4319561.593, 92
Trd, 4319562.093, 93
Trd, 4319564.643, 93
Trd, 4319565.893, 91
Trd, 4319566.693, 92
Trd, 4319567.893, 90
Trd, 4319569.793, 94
Trd, 4319572.243, 93
Trd, 4319572.893, 91
Trd, 4319574.193, 92
Trd, 4319574.993, 92
Trd, 4319575.643, 90
Trd, 4319581.443, 91
Trd, 4319582.743, 91
Trd, 4319582.893, 90
Trd, 4319583.343, 90
Trd, 4319588.393, 90
Trd, 4319589.443, 89
Trd, 4319592.793, 88
Trd, 4319593.143, 88
Trd, 4319593.593, 95
Trd, 4319597.143, 88
Trd, 4319598.843, 88
Trd, 4319601.693, 87
Trd, 4319602.243, 88
Trd, 4319604.893, 87
Trd, 4319608.543, 88
Trd, 4319611.393, 88
Trd, 4319611.843, 94
Trd, 4319616.543, 90
Trd, 4319617.443, 90
Trd, 4319621.243, 88
Trd, 4319623.043, 89
Trd, 4319624.343, 89
Trd, 4319626.393, 90
Trd, 4319628.693, 90
Trd, 4319629.743, 95
Trd, 4319634.143, 88
Trd, 4319635.793, 91
Trd, 4319637.193, 90
Trd, 4319638.843, 89
Trd, 4319641.243, 89
Trd, 4319642.643, 89
Trd, 4319646.493, 88
Trd, 4319646.693, 92
Trd, 4319650.893, 90
Trd, 4319651.343, 89
Trd, 4319652.393, 89
Trd, 4319655.193, 90
Trd, 4319655.743, 89
Trd, 4319656.543, 95
Trd, 4319660.643, 92
Trd, 4319662.193, 93
Trd, 4319665.793, 91
Trd, 4319669.293, 91
Trd, 4319674.093, 91
Trd, 4319674.243, 95
Trd, 4319675.493, 94
Trd, 4319676.043, 93
Trd, 4319676.843, 92
Trd, 4319679.393, 94
Trd, 4319681.193, 93
Trd, 4319682.093, 93
Trd, 4319683.893, 94
Trd, 4319685.593, 92
Trd, 4319686.243, 92
Trd, 4319687.993, 95
Trd, 4319688.543, 93
Trd, 4319691.693, 92
Trd, 4319693.493, 93
Trd, 4319693.993, 93
Trd, 4319698.643, 92
Trd, 4319699.493, 91
Trd, 4319699.543, 91
Trd, 4319699.893, 94
Trd, 4319700.193, 92
Trd, 4319703.293, 92
Trd, 4319705.493, 91
Trd, 4319705.543, 95
Trd, 4319707.693, 91
Trd, 4319708.043, 91
Trd, 4319712.593, 94
Trd, 4319713.793, 93
Trd, 4319718.093, 94
Trd, 4319719.143, 92
Trd, 4319719.493, 91
Trd, 4319720.943, 92
Trd, 4319723.543, 92
Trd, 4319725.043, 91
Trd, 4319725.093, 90
Trd, 4319725.393, 93
Trd, 4319728.743, 90
Trd, 4319731.243, 91
Trd, 4319731.643, 90
Trd, 4319734.243, 90
Trd, 4319735.043, 90
Trd, 4319739.143, 89
Trd, 4319739.693, 90
Trd, 4319741.843, 90
Trd, 4319743.243, 89
Trd, 4319745.843, 88
Trd, 4319745.943, 89
Trd, 4319748.543, 89
Trd, 4319752.143, 89
Trd, 4319756.293, 90
Trd, 4319757.643, 89
Trd, 4319759.743, 90
Trd, 4319763.943, 91
Trd, 4319767.443, 91
Trd, 4319771.343, 92
Trd, 4319773.993, 92
Trd, 4319775.693, 91
Trd, 4319777.143, 91
Trd, 4319781.043, 92
Trd, 4319781.293, 92
Trd, 4319784.543, 93
Trd, 4319785.693, 93
Trd, 4319787.993, 93
Trd, 4319789.843, 113
Trd, 4319791.943, 98
Trd, 4319795.193, 92
Trd, 4319798.093, 92
Trd, 4319799.093, 91
Trd, 4319799.493, 91
Trd, 4319805.043, 90
Trd, 4319805.293, 90
Trd, 4319806.543, 91
Trd, 4319808.143, 91
Trd, 4319811.943, 91
Trd, 4319813.743, 91
Trd, 4319816.643, 91
Trd, 4319818.343, 90
Trd, 4319818.443, 92
Trd, 4319818.993, 90
Trd, 4319821.343, 91
Trd, 4319827.143, 91
Trd, 4319829.493, 91
Trd, 4319831.743, 91
Trd, 4319835.743, 91
Trd, 4319836.343, 91
Trd, 4319840.993, 91
Trd, 4319841.893, 91
Trd, 4319846.693, 91
Trd, 4319846.843, 91
Trd, 4319850.093, 91
Trd, 4319852.143, 92
Trd, 4319853.193, 91
Trd, 4319858.643, 91
Trd, 4319859.343, 92
Trd, 4319861.343, 91
Trd, 4319865.993, 91
Trd, 4319866.343, 91
Trd, 4319871.593, 91
Trd, 4319874.043, 90
Trd, 4319875.193, 90
Trd, 4319875.493, 89
Trd, 4319876.593, 88
Trd, 4319878.043, 89
Trd, 4319879.093, 90
Trd, 4319880.343, 91
Trd, 4319882.593, 90
Trd, 4319883.343, 90
Trd, 4319886.143, 89
Trd, 4319886.493, 90
Trd, 4319889.093, 90
Trd, 4319891.943, 90
Trd, 4319892.243, 89
Trd, 4319894.443, 89
Trd, 4319894.793, 91
Trd, 4319898.443, 90
Trd, 4319899.943, 89
Trd, 4319901.543, 90
Trd, 4319901.943, 91
Trd, 4319902.243, 91
Trd, 4319903.793, 92
Trd, 4319906.443, 92
Trd, 4319908.793, 111
Trd, 4319911.293, 97
Trd, 4319913.043, 95
Trd, 4319916.343, 94
Trd, 4319917.293, 93
Trd, 4319919.543, 92
Trd, 4319919.743, 93
Trd, 4319921.893, 93
Trd, 4319923.993, 94
Trd, 4319924.993, 95
Trd, 4319925.143, 93
Trd, 4319929.843, 93
Trd, 4319931.643, 92
Trd, 4319931.893, 93
Trd, 4319933.993, 92
Trd, 4319934.843, 92
Trd, 4319938.193, 92
Trd, 4319938.893, 95
Trd, 4319940.793, 93
Trd, 4319941.743, 91
Trd, 4319943.743, 92
Trd, 4319947.293, 91
Trd, 4319947.693, 91
Trd, 4319948.143, 91
Trd, 4319951.693, 91
Trd, 4319953.493, 92
Trd, 4319954.143, 94
Trd, 4319954.793, 90
Trd, 4319955.893, 95
Trd, 4319957.793, 94
Trd, 4319959.943, 93
Trd, 4319964.743, 93
Trd, 4319965.493, 92
Trd, 4319965.843, 93
Trd, 4319965.993, 94
Trd, 4319968.243, 92
Trd, 4319970.693, 93
Trd, 4319972.343, 94
Trd, 4319974.193, 93
Trd, 4319976.543, 94
Trd, 4319977.743, 92
Trd, 4319978.843, 92
Trd, 4319978.943, 91
Trd, 4319980.593, 92
Trd, 4319982.493, 95
Trd, 4319984.693, 92
Trd, 4319986.543, 92
Trd, 4319987.243, 91
Trd, 4319989.693, 92
Trd, 4319990.993, 91
Trd, 4319992.993, 90
Trd, 4319994.893, 91
Trd, 4319998.243, 92
