Trd, 4317898.843, 99
Trd, 4317902.093, 99
Trd, 4317902.243, 98
Trd, 4317904.093, 99
Trd, 4317904.243, 104
Trd, 4317904.343, 95
Trd, 4317904.943, 94
Trd, 4317907.143, 96
Trd, 4317909.393, 98
Trd, 4317911.693, 94
Trd, 4317912.843, 98
Trd, 4317913.243, 104
Trd, 4317913.293, 98
Trd, 4317914.993, 99
Trd, 4317915.993, 98
Trd, 4317916.093, 114
Trd, 4317916.243, 94
Trd, 4317917.093, 103
Trd, 4317920.043, 107
Trd, 4317921.343, 106
Trd, 4317922.993, 104
Trd, 4317924.443, 104
Trd, 4317926.243, 95
Trd, 4317926.993, 94
Trd, 4317927.343, 102
Trd, 4317927.443, 102
Trd, 4317928.443, 93
Trd, 4317930.843, 100
Trd, 4317932.693, 97
Trd, 4317933.993, 99
Trd, 4317934.543, 104
Trd, 4317936.093, 99
Trd, 4317936.493, 116
Trd, 4317938.243, 110
Trd, 4317938.393, 94
Trd, 4317938.593, 85
Trd, 4317941.793, 105
Trd, 4317942.193, 102
Trd, 4317943.643, 103
Trd, 4317944.593, 99
Trd, 4317944.993, 114
Trd, 4317945.593, 94
Trd, 4317946.593, 103
Trd, 4317946.643, 99
Trd, 4317947.793, 86
Trd, 4317949.943, 103
Trd, 4317950.993, 93
Trd, 4317952.193, 103
Trd, 4317952.393, 85
Trd, 4317954.043, 94
Trd, 4317956.243, 103
Trd, 4317956.343, 104
Trd, 4317957.243, 93
Trd, 4317960.243, 95
Trd, 4317960.593, 97
Trd, 4317961.793, 99
Trd, 4317962.693, 100
Trd, 4317963.693, 96
Trd, 4317968.343, 96
Trd, 4317968.643, 100
Trd, 4317969.143, 95
Trd, 4317969.243, 100
Trd, 4317969.393, 100
Trd, 4317970.443, 94
Trd, 4317972.143, 104
Trd, 4317974.843, 98
Trd, 4317975.293, 98
Trd, 4317975.493, 97
Trd, 4317977.743, 114
Trd, 4317979.043, 105
Trd, 4317979.793, 104
Trd, 4317979.843, 101
Trd, 4317980.443, 104
Trd, 4317981.593, 94
Trd, 4317984.793, 105
Trd, 4317984.993, 113
Trd, 4317987.043, 104
Trd, 4317989.893, 106
Trd, 4317990.493, 107
Trd, 4317991.593, 101
Trd, 4317992.293, 106
Trd, 4317993.143, 100
Trd, 4317994.493, 105
Trd, 4317994.693, 94
Trd, 4317997.393, 105
Trd, 4317998.743, 104
Trd, 4317999.043, 104
Trd, 4317999.593, 100
Trd, 4317999.643, 100
Trd, 4318002.743, 101
Trd, 4318004.743, 104
Trd, 4318005.543, 102
Trd, 4318008.493, 104
Trd, 4318008.793, 99
Trd, 4318009.043, 96
Trd, 4318009.893, 105
Trd, 4318012.693, 94
Trd, 4318012.993, 104
Trd, 4318015.793, 104
Trd, 4318016.693, 98
Trd, 4318016.793, 97
Trd, 4318017.443, 95
Trd, 4318017.743, 93
Trd, 4318019.143, 97
Trd, 4318019.643, 97
Trd, 4318020.393, 96
Trd, 4318020.943, 104
Trd, 4318022.793, 113
Trd, 4318023.793, 99
Trd, 4318025.243, 100
Trd, 4318026.643, 100
Trd, 4318026.993, 99
Trd, 4318031.043, 100
Trd, 4318031.243, 100
Trd, 4318031.493, 100
Trd, 4318031.593, 113
Trd, 4318032.693, 94
Trd, 4318033.593, 108
Trd, 4318033.943, 85
Trd, 4318035.993, 104
Trd, 4318036.943, 85
Trd, 4318037.293, 93
Trd, 4318039.593, 94
Trd, 4318040.493, 104
Trd, 4318040.793, 93
Trd, 4318041.243, 105
Trd, 4318042.743, 86
Trd, 4318045.643, 95
Trd, 4318046.493, 91
Trd, 4318046.593, 95
Trd, 4318047.843, 91
Trd, 4318048.393, 92
Trd, 4318048.793, 106
Trd, 4318049.193, 90
Trd, 4318050.943, 98
Trd, 4318053.343, 92
Trd, 4318053.843, 96
Trd, 4318055.343, 98
Trd, 4318057.343, 103
Trd, 4318059.293, 98
Trd, 4318060.493, 104
Trd, 4318062.543, 100
Trd, 4318063.043, 96
Trd, 4318064.493, 100
Trd, 4318065.293, 97
Trd, 4318068.043, 96
Trd, 4318068.193, 97
Trd, 4318068.643, 94
Trd, 4318070.143, 85
Trd, 4318071.343, 82
Trd, 4318072.943, 96
Trd, 4318073.243, 104
Trd, 4318074.993, 94
Trd, 4318075.593, 126
Trd, 4318075.793, 93
Trd, 4318078.893, 104
Trd, 4318079.393, 95
Trd, 4318080.693, 95
Trd, 4318082.393, 96
Trd, 4318084.343, 102
Trd, 4318085.293, 102
Trd, 4318085.743, 95
Trd, 4318086.093, 94
Trd, 4318086.643, 105
Trd, 4318089.343, 94
Trd, 4318090.193, 98
Trd, 4318090.493, 101
Trd, 4318090.543, 85
Trd, 4318092.893, 98
Trd, 4318093.493, 94
Trd, 4318094.443, 113
Trd, 4318096.893, 94
Trd, 4318097.343, 102
Trd, 4318098.643, 101
Trd, 4318098.943, 94
Trd, 4318100.293, 109
Trd, 4318101.143, 93
Trd, 4318103.143, 103
Trd, 4318103.743, 109
Trd, 4318105.643, 102
Trd, 4318106.593, 102
Trd, 4318108.243, 105
Trd, 4318109.543, 94
Trd, 4318112.043, 104
Trd, 4318113.443, 98
Trd, 4318114.543, 95
Trd, 4318114.593, 93
Trd, 4318116.043, 104
Trd, 4318118.143, 96
Trd, 4318118.693, 95
Trd, 4318120.893, 104
Trd, 4318123.793, 96
Trd, 4318124.393, 101
Trd, 4318125.893, 101
Trd, 4318126.393, 94
Trd, 4318126.643, 101
Trd, 4318127.443, 95
Trd, 4318130.293, 97
Trd, 4318131.543, 97
Trd, 4318131.693, 97
Trd, 4318132.593, 100
Trd, 4318133.043, 104
Trd, 4318135.343, 98
Trd, 4318136.293, 98
Trd, 4318138.143, 99
Trd, 4318139.693, 97
Trd, 4318141.293, 96
Trd, 4318142.343, 95
Trd, 4318143.193, 94
Trd, 4318143.643, 96
Trd, 4318147.393, 104
Trd, 4318147.493, 104
Trd, 4318148.593, 105
Trd, 4318149.793, 107
Trd, 4318151.643, 100
Trd, 4318153.043, 102
Trd, 4318154.893, 99
Trd, 4318155.193, 94
Trd, 4318155.343, 102
Trd, 4318156.243, 104
Trd, 4318159.593, 99
Trd, 4318161.293, 94
Trd, 4318162.393, 103
Trd, 4318164.193, 103
Trd, 4318165.093, 99
Trd, 4318166.843, 104
Trd, 4318166.993, 113
Trd, 4318167.343, 100
Trd, 4318167.993, 105
Trd, 4318169.293, 100
Trd, 4318171.243, 105
Trd, 4318171.443, 105
Trd, 4318172.043, 104
Trd, 4318172.443, 113
Trd, 4318173.193, 94
Trd, 4318173.443, 76
Trd, 4318175.293, 97
Trd, 4318177.243, 104
Trd, 4318177.793, 104
Trd, 4318178.193, 93
Trd, 4318178.793, 95
Trd, 4318182.343, 82
Trd, 4318183.393, 91
Trd, 4318184.743, 91
Trd, 4318187.493, 96
Trd, 4318187.693, 93
Trd, 4318187.743, 91
Trd, 4318189.493, 94
Trd, 4318189.593, 104
Trd, 4318191.493, 103
Trd, 4318191.643, 113
Trd, 4318194.293, 101
Trd, 4318194.893, 94
Trd, 4318196.493, 97
Trd, 4318196.793, 97
Trd, 4318199.193, 105
Trd, 4318199.743, 104
Trd, 4318200.593, 101
Trd, 4318202.443, 96
Trd, 4318203.343, 100
Trd, 4318205.843, 98
Trd, 4318207.743, 99
Trd, 4318207.993, 100
Trd, 4318208.193, 94
Trd, 4318208.243, 100
Trd, 4318210.093, 100
Trd, 4318211.293, 96
Trd, 4318211.943, 100
Trd, 4318212.093, 106
Trd, 4318215.593, 95
Trd, 4318215.743, 95
Trd, 4318216.093, 94
Trd, 4318218.393, 98
Trd, 4318219.043, 94
Trd, 4318219.493, 77
Trd, 4318221.093, 97
Trd, 4318221.793, 91
Trd, 4318222.743, 90
Trd, 4318223.543, 97
Trd, 4318224.293, 85
Trd, 4318225.543, 93
Trd, 4318226.793, 93
Trd, 4318226.893, 96
Trd, 4318228.593, 92
Trd, 4318229.143, 92
Trd, 4318229.543, 107
Trd, 4318231.293, 96
Trd, 4318233.893, 99
Trd, 4318235.893, 107
Trd, 4318236.593, 96
Trd, 4318238.243, 96
Trd, 4318240.393, 107
Trd, 4318241.343, 94
Trd, 4318243.293, 92
Trd, 4318245.043, 101
Trd, 4318245.143, 102
Trd, 4318246.293, 101
Trd, 4318247.443, 101
Trd, 4318250.543, 101
Trd, 4318251.193, 107
Trd, 4318252.293, 101
Trd, 4318252.643, 105
Trd, 4318254.393, 97
Trd, 4318255.593, 101
Trd, 4318255.893, 104
Trd, 4318257.343, 93
Trd, 4318260.243, 97
Trd, 4318262.193, 105
Trd, 4318262.443, 99
Trd, 4318263.343, 104
Trd, 4318264.193, 100
Trd, 4318264.593, 113
Trd, 4318265.143, 100
Trd, 4318266.443, 94
Trd, 4318267.093, 104
Trd, 4318270.043, 103
Trd, 4318270.193, 104
Trd, 4318271.993, 99
Trd, 4318272.143, 94
Trd, 4318273.143, 104
Trd, 4318273.893, 105
Trd, 4318276.793, 104
Trd, 4318276.843, 97
Trd, 4318277.143, 96
Trd, 4318280.543, 96
Trd, 4318283.593, 102
Trd, 4318285.743, 102
Trd, 4318286.643, 94
Trd, 4318286.693, 102
Trd, 4318287.093, 85
Trd, 4318287.393, 93
Trd, 4318287.443, 104
Trd, 4318289.693, 93
Trd, 4318292.843, 96
Trd, 4318293.243, 96
Trd, 4318293.743, 93
Trd, 4318295.593, 103
Trd, 4318295.943, 105
Trd, 4318298.843, 99
Trd, 4318299.193, 132
Trd, 4318299.993, 97
Trd, 4318301.243, 97
Trd, 4318302.293, 101
Trd, 4318305.143, 100
Trd, 4318305.343, 103
Trd, 4318305.443, 85
Trd, 4318306.543, 93
Trd, 4318306.993, 113
Trd, 4318307.993, 102
Trd, 4318311.693, 101
Trd, 4318311.743, 105
Trd, 4318313.643, 105
Trd, 4318316.943, 100
Trd, 4318317.493, 97
Trd, 4318318.343, 103
Trd, 4318318.993, 103
Trd, 4318320.543, 94
Trd, 4318321.693, 94
Trd, 4318322.743, 103
Trd, 4318325.993, 103
Trd, 4318326.493, 98
Trd, 4318326.643, 97
Trd, 4318327.093, 113
Trd, 4318329.393, 104
Trd, 4318331.593, 101
Trd, 4318331.693, 101
Trd, 4318332.593, 100
Trd, 4318332.943, 94
Trd, 4318334.343, 86
Trd, 4318334.643, 104
Trd, 4318335.793, 105
Trd, 4318338.243, 97
Trd, 4318338.643, 95
Trd, 4318338.693, 97
Trd, 4318339.793, 106
Trd, 4318343.293, 85
Trd, 4318343.493, 114
Trd, 4318345.843, 97
Trd, 4318347.993, 94
Trd, 4318349.293, 94
Trd, 4318349.493, 93
Trd, 4318350.593, 97
Trd, 4318351.843, 104
Trd, 4318352.393, 96
Trd, 4318355.193, 99
Trd, 4318355.893, 98
Trd, 4318356.043, 99
Trd, 4318358.793, 94
Trd, 4318361.693, 95
Trd, 4318364.593, 99
Trd, 4318365.693, 105
Trd, 4318367.393, 101
Trd, 4318367.593, 100
Trd, 4318369.493, 100
Trd, 4318370.143, 99
Trd, 4318372.643, 100
Trd, 4318373.843, 97
Trd, 4318373.993, 85
Trd, 4318374.643, 93
Trd, 4318376.743, 98
Trd, 4318379.493, 98
Trd, 4318379.993, 98
Trd, 4318380.243, 94
Trd, 4318381.793, 96
Trd, 4318382.443, 94
Trd, 4318383.443, 96
Trd, 4318384.043, 85
Trd, 4318386.643, 91
Trd, 4318389.993, 91
Trd, 4318390.243, 96
Trd, 4318391.193, 92
Trd, 4318392.843, 94
Trd, 4318395.693, 90
Trd, 4318396.093, 89
Trd, 4318396.493, 90
Trd, 4318399.443, 91
Trd, 4318399.893, 95
Trd, 4318402.093, 105
Trd, 4318403.493, 107
Trd, 4318403.893, 104
Trd, 4318405.793, 106
Trd, 4318406.243, 97
Trd, 4318406.643, 101
Trd, 4318407.343, 102
Trd, 4318407.693, 114
Trd, 4318408.643, 96
Trd, 4318409.843, 106
Trd, 4318411.443, 94
Trd, 4318412.143, 104
Trd, 4318413.193, 105
Trd, 4318413.493, 99
Trd, 4318414.543, 101
Trd, 4318414.843, 96
Trd, 4318417.843, 85
Trd, 4318418.893, 102
Trd, 4318421.593, 95
Trd, 4318422.943, 93
Trd, 4318424.493, 97
Trd, 4318424.893, 86
Trd, 4318425.143, 97
Trd, 4318426.093, 104
Trd, 4318426.843, 82
Trd, 4318427.943, 126
Trd, 4318428.993, 82
Trd, 4318431.593, 95
Trd, 4318432.743, 91
Trd, 4318433.693, 95
Trd, 4318433.993, 90
Trd, 4318436.593, 95
Trd, 4318436.743, 89
Trd, 4318437.293, 95
Trd, 4318437.843, 85
Trd, 4318438.693, 88
Trd, 4318438.893, 95
Trd, 4318441.193, 85
Trd, 4318442.843, 104
Trd, 4318443.243, 98
Trd, 4318443.393, 87
Trd, 4318444.493, 96
Trd, 4318448.643, 94
Trd, 4318448.893, 95
Trd, 4318449.843, 92
Trd, 4318450.043, 92
Trd, 4318450.143, 96
Trd, 4318450.243, 105
Trd, 4318452.593, 110
Trd, 4318453.243, 107
Trd, 4318455.693, 113
Trd, 4318456.443, 106
Trd, 4318456.643, 103
Trd, 4318457.743, 105
Trd, 4318457.993, 102
Trd, 4318459.293, 95
Trd, 4318460.993, 101
Trd, 4318461.743, 94
Trd, 4318462.443, 105
Trd, 4318462.893, 105
Trd, 4318464.143, 105
Trd, 4318465.843, 99
Trd, 4318466.093, 85
Trd, 4318468.593, 103
Trd, 4318469.843, 95
Trd, 4318470.293, 94
Trd, 4318471.843, 101
Trd, 4318472.743, 85
Trd, 4318473.943, 86
Trd, 4318474.893, 95
Trd, 4318476.393, 96
Trd, 4318476.593, 92
Trd, 4318478.193, 93
Trd, 4318478.343, 95
Trd, 4318480.343, 105
Trd, 4318480.943, 114
Trd, 4318482.543, 101
Trd, 4318483.393, 104
Trd, 4318486.143, 99
Trd, 4318486.193, 94
Trd, 4318487.543, 103
Trd, 4318487.693, 94
Trd, 4318489.093, 85
Trd, 4318491.493, 103
Trd, 4318491.893, 80
Trd, 4318492.943, 85
Trd, 4318493.693, 90
Trd, 4318494.093, 103
Trd, 4318496.293, 98
Trd, 4318496.443, 94
Trd, 4318498.343, 89
Trd, 4318499.093, 105
Trd, 4318499.743, 89
Trd, 4318501.943, 88
Trd, 4318502.743, 102
Trd, 4318503.043, 97
Trd, 4318503.593, 94
Trd, 4318505.643, 98
Trd, 4318505.843, 113
Trd, 4318507.793, 85
Trd, 4318508.643, 94
Trd, 4318509.793, 99
Trd, 4318510.743, 108
Trd, 4318512.193, 94
Trd, 4318512.243, 102
Trd, 4318514.543, 87
Trd, 4318515.243, 102
Trd, 4318517.693, 104
Trd, 4318517.843, 94
Trd, 4318521.493, 100
Trd, 4318522.593, 105
Trd, 4318523.443, 100
Trd, 4318524.293, 93
Trd, 4318525.793, 91
Trd, 4318525.943, 102
Trd, 4318527.843, 95
Trd, 4318529.093, 96
Trd, 4318530.293, 86
Trd, 4318532.643, 94
Trd, 4318532.693, 95
Trd, 4318532.993, 95
Trd, 4318533.593, 106
Trd, 4318534.193, 113
Trd, 4318535.643, 93
Trd, 4318539.443, 97
Trd, 4318539.643, 99
Trd, 4318541.643, 99
Trd, 4318542.543, 97
Trd, 4318543.543, 98
Trd, 4318544.243, 94
Trd, 4318546.543, 98
Trd, 4318550.343, 98
Trd, 4318550.393, 98
Trd, 4318550.443, 95
Trd, 4318550.643, 104
Trd, 4318553.143, 95
Trd, 4318556.743, 99
Trd, 4318557.443, 94
Trd, 4318558.093, 99
Trd, 4318558.643, 99
Trd, 4318559.343, 94
Trd, 4318561.093, 104
Trd, 4318561.243, 93
Trd, 4318563.743, 90
Trd, 4318564.243, 96
Trd, 4318565.443, 82
Trd, 4318566.093, 89
Trd, 4318566.543, 82
Trd, 4318567.093, 89
Trd, 4318568.043, 96
Trd, 4318568.293, 113
Trd, 4318572.893, 95
Trd, 4318573.893, 95
Trd, 4318574.543, 93
Trd, 4318575.493, 93
Trd, 4318575.543, 97
Trd, 4318576.143, 113
Trd, 4318576.643, 104
Trd, 4318578.643, 103
Trd, 4318581.443, 98
Trd, 4318582.193, 97
Trd, 4318582.343, 104
Trd, 4318583.043, 104
Trd, 4318584.293, 95
Trd, 4318587.143, 103
Trd, 4318587.193, 96
Trd, 4318589.793, 102
Trd, 4318590.493, 100
Trd, 4318591.843, 103
Trd, 4318592.643, 105
Trd, 4318595.493, 103
Trd, 4318596.343, 100
Trd, 4318598.493, 94
Trd, 4318598.543, 103
Trd, 4318599.493, 103
Trd, 4318599.643, 104
Trd, 4318600.493, 94
Trd, 4318600.543, 85
Trd, 4318601.993, 94
Trd, 4318603.943, 100
Trd, 4318604.193, 93
Trd, 4318605.193, 92
Trd, 4318606.793, 92
Trd, 4318608.243, 100
Trd, 4318609.493, 100
Trd, 4318611.143, 104
Trd, 4318612.043, 98
Trd, 4318612.943, 102
Trd, 4318615.493, 112
Trd, 4318617.243, 104
Trd, 4318617.743, 94
Trd, 4318617.993, 85
Trd, 4318619.093, 97
Trd, 4318620.093, 105
Trd, 4318622.743, 104
Trd, 4318622.843, 104
Trd, 4318623.293, 102
Trd, 4318623.493, 96
Trd, 4318624.443, 104
Trd, 4318624.893, 94
Trd, 4318625.393, 84
Trd, 4318626.793, 113
Trd, 4318628.693, 98
Trd, 4318629.893, 93
Trd, 4318633.043, 101
Trd, 4318633.693, 93
Trd, 4318633.793, 101
Trd, 4318633.843, 92
Trd, 4318634.443, 104
Trd, 4318638.693, 100
Trd, 4318640.293, 98
Trd, 4318641.293, 95
Trd, 4318642.843, 94
Trd, 4318643.493, 94
Trd, 4318644.393, 96
Trd, 4318644.543, 99
Trd, 4318644.993, 93
Trd, 4318645.493, 104
Trd, 4318645.893, 107
Trd, 4318647.143, 102
Trd, 4318647.593, 97
Trd, 4318648.493, 92
Trd, 4318651.643, 101
Trd, 4318654.043, 99
Trd, 4318654.543, 98
Trd, 4318655.393, 99
Trd, 4318657.693, 99
Trd, 4318659.043, 100
Trd, 4318659.293, 98
Trd, 4318659.743, 113
Trd, 4318661.693, 99
Trd, 4318662.543, 101
Trd, 4318662.643, 94
Trd, 4318664.393, 102
Trd, 4318664.843, 97
Trd, 4318667.493, 94
Trd, 4318667.793, 102
Trd, 4318670.243, 94
Trd, 4318672.443, 95
Trd, 4318673.093, 96
Trd, 4318673.893, 88
Trd, 4318674.593, 110
Trd, 4318675.593, 96
Trd, 4318677.743, 99
Trd, 4318678.393, 108
Trd, 4318678.543, 100
Trd, 4318681.143, 99
Trd, 4318681.593, 85
Trd, 4318681.943, 100
Trd, 4318682.743, 92
Trd, 4318683.593, 85
Trd, 4318684.943, 79
Trd, 4318685.093, 104
Trd, 4318686.293, 97
Trd, 4318688.793, 89
Trd, 4318689.893, 92
Trd, 4318691.493, 88
Trd, 4318692.393, 95
Trd, 4318692.893, 89
Trd, 4318693.393, 87
Trd, 4318693.543, 87
Trd, 4318696.443, 93
Trd, 4318699.893, 93
Trd, 4318700.743, 89
Trd, 4318702.443, 104
Trd, 4318702.693, 96
Trd, 4318703.793, 96
Trd, 4318705.993, 92
Trd, 4318707.443, 95
Trd, 4318707.793, 93
Trd, 4318708.393, 104
Trd, 4318708.643, 113
Trd, 4318709.343, 91
Trd, 4318709.793, 91
Trd, 4318710.993, 102
Trd, 4318714.793, 91
Trd, 4318716.243, 95
Trd, 4318716.293, 90
Trd, 4318718.693, 95
Trd, 4318718.793, 95
Trd, 4318719.093, 92
Trd, 4318720.393, 112
Trd, 4318721.343, 98
Trd, 4318722.093, 94
Trd, 4318722.393, 99
Trd, 4318724.593, 99
Trd, 4318725.493, 97
Trd, 4318725.543, 94
Trd, 4318725.993, 85
Trd, 4318726.243, 104
Trd, 4318728.043, 99
Trd, 4318728.193, 113
Trd, 4318728.743, 96
Trd, 4318731.943, 103
Trd, 4318732.743, 99
Trd, 4318733.443, 107
Trd, 4318734.143, 104
Trd, 4318734.293, 94
Trd, 4318735.393, 104
Trd, 4318737.743, 97
Trd, 4318740.493, 97
Trd, 4318740.593, 102
Trd, 4318741.143, 102
Trd, 4318742.293, 94
Trd, 4318742.843, 101
Trd, 4318743.243, 107
Trd, 4318743.743, 95
Trd, 4318748.143, 103
Trd, 4318748.593, 101
Trd, 4318748.943, 95
Trd, 4318751.943, 101
Trd, 4318754.293, 101
Trd, 4318755.443, 101
Trd, 4318755.593, 101
Trd, 4318756.993, 104
Trd, 4318757.793, 94
Trd, 4318758.493, 103
Trd, 4318759.543, 102
Trd, 4318761.593, 98
Trd, 4318762.543, 102
Trd, 4318762.843, 102
Trd, 4318763.693, 104
Trd, 4318766.093, 96
Trd, 4318766.543, 103
Trd, 4318767.743, 98
Trd, 4318769.043, 98
Trd, 4318770.593, 100
Trd, 4318770.943, 97
Trd, 4318772.543, 99
Trd, 4318775.343, 96
Trd, 4318775.693, 98
Trd, 4318776.643, 89
Trd, 4318777.393, 98
Trd, 4318778.193, 95
Trd, 4318781.243, 98
Trd, 4318781.343, 97
Trd, 4318781.943, 104
Trd, 4318782.943, 98
Trd, 4318784.193, 99
Trd, 4318786.493, 100
Trd, 4318789.543, 99
Trd, 4318789.593, 98
Trd, 4318790.743, 100
Trd, 4318791.943, 102
Trd, 4318792.193, 106
Trd, 4318792.793, 95
Trd, 4318794.943, 112
Trd, 4318795.593, 113
Trd, 4318798.693, 106
Trd, 4318799.593, 112
Trd, 4318800.443, 104
Trd, 4318802.493, 107
Trd, 4318802.543, 105
Trd, 4318802.793, 108
Trd, 4318805.393, 110
Trd, 4318805.893, 104
Trd, 4318806.043, 94
Trd, 4318806.193, 85
Trd, 4318807.043, 108
Trd, 4318808.093, 98
Trd, 4318810.843, 108
Trd, 4318811.293, 101
Trd, 4318814.193, 105
Trd, 4318814.293, 108
Trd, 4318815.993, 103
Trd, 4318816.343, 102
Trd, 4318818.293, 104
Trd, 4318821.193, 94
Trd, 4318823.493, 96
Trd, 4318824.293, 94
Trd, 4318825.293, 97
Trd, 4318825.693, 96
Trd, 4318826.993, 94
Trd, 4318830.443, 87
Trd, 4318832.743, 92
Trd, 4318834.093, 95
Trd, 4318834.843, 95
Trd, 4318835.093, 91
Trd, 4318835.143, 104
Trd, 4318835.343, 85
Trd, 4318837.143, 97
Trd, 4318840.343, 97
Trd, 4318841.193, 92
Trd, 4318841.593, 91
Trd, 4318841.693, 91
Trd, 4318842.643, 97
Trd, 4318846.343, 103
Trd, 4318846.593, 91
Trd, 4318847.343, 96
Trd, 4318849.393, 95
Trd, 4318850.293, 93
Trd, 4318852.043, 88
Trd, 4318852.143, 105
Trd, 4318855.343, 96
Trd, 4318857.293, 96
Trd, 4318859.393, 105
Trd, 4318860.793, 85
Trd, 4318863.843, 98
Trd, 4318863.943, 113
Trd, 4318864.343, 96
Trd, 4318864.393, 94
Trd, 4318866.493, 87
Trd, 4318869.693, 100
Trd, 4318869.793, 99
Trd, 4318870.393, 102
Trd, 4318872.643, 96
Trd, 4318873.793, 94
Trd, 4318874.393, 101
Trd, 4318875.693, 104
Trd, 4318876.143, 86
Trd, 4318878.943, 98
Trd, 4318879.743, 94
Trd, 4318880.043, 99
Trd, 4318881.293, 107
Trd, 4318884.693, 97
Trd, 4318885.193, 101
Trd, 4318885.243, 95
Trd, 4318886.343, 97
Trd, 4318890.043, 96
Trd, 4318890.193, 96
Trd, 4318890.743, 94
Trd, 4318893.393, 87
Trd, 4318894.543, 95
Trd, 4318894.743, 95
Trd, 4318896.443, 101
Trd, 4318896.543, 107
Trd, 4318898.143, 99
Trd, 4318898.993, 98
Trd, 4318899.343, 85
Trd, 4318902.143, 108
Trd, 4318902.793, 97
Trd, 4318903.993, 95
Trd, 4318904.293, 94
Trd, 4318904.443, 101
Trd, 4318904.993, 113
Trd, 4318906.693, 94
Trd, 4318909.393, 87
Trd, 4318910.493, 105
Trd, 4318910.593, 105
Trd, 4318910.743, 113
Trd, 4318911.843, 94
Trd, 4318912.693, 108
Trd, 4318914.443, 104
Trd, 4318916.393, 104
Trd, 4318919.943, 106
Trd, 4318920.543, 103
Trd, 4318920.743, 106
Trd, 4318921.493, 108
Trd, 4318922.643, 95
Trd, 4318923.543, 94
Trd, 4318924.343, 99
Trd, 4318924.993, 76
Trd, 4318926.943, 87
Trd, 4318927.043, 99
Trd, 4318928.043, 86
Trd, 4318928.893, 95
Trd, 4318932.843, 92
Trd, 4318932.943, 95
Trd, 4318933.343, 90
Trd, 4318936.643, 95
Trd, 4318936.843, 104
Trd, 4318937.343, 90
Trd, 4318939.243, 95
Trd, 4318940.043, 95
Trd, 4318940.293, 93
Trd, 4318940.443, 93
Trd, 4318940.543, 98
Trd, 4318942.093, 89
Trd, 4318942.593, 92
Trd, 4318943.043, 96
Trd, 4318947.493, 96
Trd, 4318949.943, 104
Trd, 4318950.693, 98
Trd, 4318951.193, 114
Trd, 4318951.993, 94
Trd, 4318953.693, 102
Trd, 4318955.443, 85
Trd, 4318956.193, 81
Trd, 4318956.993, 92
Trd, 4318957.243, 113
Trd, 4318957.443, 91
Trd, 4318958.543, 111
Trd, 4318960.693, 104
Trd, 4318961.093, 100
Trd, 4318962.593, 105
Trd, 4318963.343, 107
Trd, 4318964.943, 99
Trd, 4318965.843, 95
Trd, 4318967.393, 94
Trd, 4318968.593, 102
Trd, 4318969.293, 102
Trd, 4318970.343, 94
Trd, 4318972.193, 99
Trd, 4318972.393, 96
Trd, 4318972.793, 102
Trd, 4318975.643, 95
Trd, 4318976.693, 101
Trd, 4318977.093, 94
Trd, 4318977.143, 106
Trd, 4318979.443, 102
Trd, 4318980.293, 96
Trd, 4318980.543, 102
Trd, 4318981.793, 95
Trd, 4318982.793, 94
Trd, 4318985.993, 97
Trd, 4318987.543, 96
Trd, 4318989.243, 96
Trd, 4318989.793, 95
Trd, 4318990.643, 96
Trd, 4318991.443, 99
Trd, 4318993.943, 98
Trd, 4318994.193, 106
Trd, 4318996.043, 113
Trd, 4318997.293, 107
Trd, 4318999.343, 101
Trd, 4318999.393, 94
Trd, 4319001.443, 85
Trd, 4319003.643, 96
Trd, 4319003.993, 92
Trd, 4319005.093, 90
Trd, 4319006.143, 96
Trd, 4319010.293, 94
Trd, 4319011.193, 95
Trd, 4319012.243, 93
Trd, 4319012.393, 95
Trd, 4319014.293, 104
Trd, 4319014.593, 91
Trd, 4319015.043, 104
Trd, 4319018.843, 98
Trd, 4319020.893, 99
Trd, 4319021.943, 97
Trd, 4319022.343, 114
Trd, 4319024.143, 102
Trd, 4319024.843, 94
Trd, 4319028.643, 102
Trd, 4319029.993, 96
Trd, 4319030.193, 100
Trd, 4319032.043, 103
Trd, 4319034.693, 94
Trd, 4319036.893, 96
Trd, 4319037.993, 96
Trd, 4319038.893, 87
Trd, 4319039.993, 95
Trd, 4319042.543, 98
Trd, 4319043.843, 95
Trd, 4319044.743, 104
Trd, 4319046.093, 98
Trd, 4319049.793, 101
Trd, 4319050.493, 100
Trd, 4319050.643, 105
Trd, 4319050.943, 100
Trd, 4319052.243, 105
Trd, 4319053.293, 94
Trd, 4319055.643, 102
Trd, 4319056.993, 95
Trd, 4319057.393, 93
Trd, 4319057.943, 100
Trd, 4319059.693, 100
Trd, 4319060.643, 97
Trd, 4319063.893, 100
Trd, 4319063.993, 97
Trd, 4319065.093, 105
Trd, 4319066.643, 94
Trd, 4319067.493, 88
Trd, 4319068.593, 85
Trd, 4319069.793, 101
Trd, 4319072.943, 96
Trd, 4319072.993, 95
Trd, 4319073.093, 104
Trd, 4319074.893, 98
Trd, 4319076.543, 105
Trd, 4319077.893, 113
Trd, 4319078.243, 96
Trd, 4319078.443, 95
Trd, 4319079.143, 104
Trd, 4319079.393, 124
Trd, 4319081.793, 97
Trd, 4319084.193, 94
Trd, 4319084.593, 99
Trd, 4319085.343, 100
Trd, 4319087.093, 102
Trd, 4319087.293, 107
Trd, 4319090.443, 102
Trd, 4319091.193, 106
Trd, 4319092.843, 106
Trd, 4319094.393, 103
Trd, 4319096.093, 106
Trd, 4319096.443, 102
Trd, 4319098.743, 106
Trd, 4319098.943, 94
Trd, 4319099.743, 103
Trd, 4319101.393, 99
Trd, 4319105.443, 100
Trd, 4319106.343, 99
Trd, 4319106.843, 101
Trd, 4319107.193, 98
Trd, 4319110.893, 100
Trd, 4319111.143, 98
Trd, 4319111.493, 104
Trd, 4319111.943, 113
Trd, 4319112.093, 96
Trd, 4319112.143, 94
Trd, 4319113.743, 105
Trd, 4319117.493, 104
Trd, 4319118.443, 105
Trd, 4319118.493, 105
Trd, 4319120.043, 99
Trd, 4319120.743, 114
Trd, 4319121.293, 102
Trd, 4319121.943, 96
Trd, 4319123.393, 98
Trd, 4319125.193, 103
Trd, 4319125.793, 94
Trd, 4319125.893, 104
Trd, 4319127.393, 97
Trd, 4319128.243, 105
Trd, 4319128.893, 85
Trd, 4319129.193, 101
Trd, 4319131.043, 87
Trd, 4319131.243, 98
Trd, 4319131.343, 98
Trd, 4319133.593, 92
Trd, 4319134.843, 97
Trd, 4319135.343, 98
Trd, 4319136.393, 91
Trd, 4319138.243, 97
Trd, 4319140.043, 107
Trd, 4319140.843, 92
Trd, 4319141.693, 99
Trd, 4319142.693, 102
Trd, 4319144.843, 95
Trd, 4319147.143, 107
Trd, 4319148.243, 95
Trd, 4319148.293, 101
Trd, 4319148.893, 94
Trd, 4319149.993, 93
Trd, 4319152.243, 107
Trd, 4319152.993, 102
Trd, 4319153.143, 92
Trd, 4319154.493, 101
Trd, 4319155.893, 93
Trd, 4319157.093, 108
Trd, 4319157.543, 94
Trd, 4319158.743, 91
Trd, 4319159.243, 103
Trd, 4319159.893, 104
Trd, 4319160.843, 110
Trd, 4319162.193, 105
Trd, 4319165.093, 99
Trd, 4319167.493, 101
Trd, 4319167.593, 100
Trd, 4319169.293, 100
Trd, 4319171.743, 102
Trd, 4319172.393, 103
Trd, 4319173.043, 97
Trd, 4319173.593, 94
Trd, 4319174.593, 103
Trd, 4319175.443, 103
Trd, 4319176.143, 85
Trd, 4319177.843, 95
Trd, 4319182.043, 95
Trd, 4319182.493, 94
Trd, 4319184.093, 94
Trd, 4319184.293, 96
Trd, 4319186.993, 106
Trd, 4319187.893, 109
Trd, 4319188.893, 100
Trd, 4319191.193, 94
Trd, 4319191.843, 100
Trd, 4319192.443, 102
Trd, 4319192.793, 105
Trd, 4319193.893, 93
Trd, 4319194.643, 102
Trd, 4319195.593, 102
Trd, 4319196.493, 101
Trd, 4319197.893, 100
Trd, 4319199.843, 95
Trd, 4319202.193, 101
Trd, 4319203.343, 98
Trd, 4319203.943, 104
Trd, 4319204.493, 94
Trd, 4319204.843, 85
Trd, 4319205.543, 94
Trd, 4319206.343, 94
Trd, 4319208.393, 94
Trd, 4319208.443, 93
Trd, 4319209.493, 96
Trd, 4319211.743, 114
Trd, 4319212.393, 109
Trd, 4319212.593, 92
Trd, 4319214.343, 94
Trd, 4319214.743, 92
Trd, 4319219.293, 94
Trd, 4319219.693, 97
Trd, 4319219.793, 92
Trd, 4319220.293, 95
Trd, 4319220.393, 97
Trd, 4319223.693, 104
Trd, 4319224.193, 93
Trd, 4319224.893, 117
Trd, 4319226.943, 95
Trd, 4319228.043, 101
Trd, 4319228.293, 105
Trd, 4319230.093, 101
Trd, 4319230.193, 102
Trd, 4319232.143, 124
Trd, 4319232.793, 99
Trd, 4319234.993, 107
Trd, 4319235.643, 98
Trd, 4319237.593, 95
Trd, 4319238.143, 107
Trd, 4319238.393, 114
Trd, 4319241.343, 104
Trd, 4319241.843, 97
Trd, 4319242.393, 104
Trd, 4319245.393, 99
Trd, 4319246.143, 98
Trd, 4319246.193, 104
Trd, 4319247.593, 104
Trd, 4319247.943, 94
Trd, 4319248.693, 86
Trd, 4319250.893, 94
Trd, 4319251.093, 96
Trd, 4319251.543, 93
Trd, 4319251.993, 93
Trd, 4319253.843, 96
Trd, 4319254.993, 100
Trd, 4319256.093, 97
Trd, 4319257.493, 97
Trd, 4319258.793, 96
Trd, 4319259.593, 94
Trd, 4319260.143, 97
Trd, 4319261.143, 104
Trd, 4319263.793, 99
Trd, 4319265.943, 98
Trd, 4319266.793, 94
Trd, 4319267.243, 105
Trd, 4319267.893, 110
Trd, 4319268.943, 94
Trd, 4319269.893, 102
Trd, 4319272.243, 95
Trd, 4319272.693, 101
Trd, 4319273.493, 104
Trd, 4319276.593, 102
Trd, 4319276.893, 97
Trd, 4319279.143, 98
Trd, 4319279.593, 96
Trd, 4319280.143, 102
Trd, 4319280.793, 94
Trd, 4319281.193, 102
Trd, 4319283.043, 95
Trd, 4319285.143, 97
Trd, 4319286.043, 104
Trd, 4319286.193, 96
Trd, 4319286.993, 95
Trd, 4319289.693, 99
Trd, 4319289.943, 104
Trd, 4319290.843, 100
Trd, 4319291.093, 97
Trd, 4319292.143, 109
Trd, 4319293.593, 97
Trd, 4319293.793, 105
Trd, 4319296.743, 95
Trd, 4319298.043, 100
Trd, 4319298.093, 96
Trd, 4319300.093, 99
Trd, 4319300.843, 94
Trd, 4319303.093, 104
Trd, 4319304.593, 95
Trd, 4319307.293, 95
Trd, 4319307.393, 96
Trd, 4319309.493, 96
Trd, 4319310.593, 94
Trd, 4319312.343, 97
Trd, 4319312.393, 105
Trd, 4319312.443, 93
Trd, 4319312.743, 93
Trd, 4319316.243, 100
Trd, 4319317.593, 100
Trd, 4319318.343, 94
Trd, 4319318.743, 92
Trd, 4319319.493, 104
Trd, 4319319.643, 140
Trd, 4319320.993, 116
Trd, 4319322.243, 86
Trd, 4319323.643, 102
Trd, 4319323.793, 111
Trd, 4319325.043, 94
Trd, 4319326.093, 97
Trd, 4319326.893, 102
Trd, 4319327.393, 97
Trd, 4319328.343, 94
Trd, 4319330.693, 100
Trd, 4319331.543, 101
Trd, 4319334.643, 98
Trd, 4319334.843, 101
Trd, 4319337.243, 98
Trd, 4319337.493, 104
Trd, 4319338.343, 103
Trd, 4319338.393, 96
Trd, 4319339.093, 94
Trd, 4319341.343, 103
Trd, 4319342.293, 100
Trd, 4319344.843, 99
Trd, 4319347.393, 100
Trd, 4319348.393, 103
Trd, 4319348.643, 105
Trd, 4319349.943, 94
Trd, 4319351.543, 85
Trd, 4319351.843, 102
Trd, 4319354.643, 94
Trd, 4319356.293, 102
Trd, 4319356.893, 106
Trd, 4319356.943, 93
Trd, 4319359.693, 121
Trd, 4319360.693, 92
Trd, 4319361.243, 106
Trd, 4319363.593, 102
Trd, 4319365.293, 103
Trd, 4319365.893, 105
Trd, 4319366.793, 102
Trd, 4319366.993, 101
Trd, 4319371.143, 100
Trd, 4319371.293, 105
Trd, 4319371.493, 105
Trd, 4319374.343, 98
Trd, 4319374.693, 94
Trd, 4319375.043, 97
Trd, 4319375.593, 105
Trd, 4319378.543, 103
Trd, 4319378.943, 102
Trd, 4319381.293, 100
Trd, 4319382.043, 104
Trd, 4319383.543, 99
Trd, 4319383.593, 94
Trd, 4319386.143, 85
Trd, 4319387.593, 97
Trd, 4319388.243, 97
Trd, 4319388.443, 95
Trd, 4319389.993, 97
Trd, 4319390.393, 95
Trd, 4319393.093, 95
Trd, 4319393.743, 97
Trd, 4319394.143, 113
Trd, 4319395.193, 100
Trd, 4319396.493, 94
Trd, 4319397.493, 86
Trd, 4319399.893, 100
Trd, 4319402.443, 100
Trd, 4319402.843, 99
Trd, 4319403.743, 98
Trd, 4319405.643, 104
Trd, 4319408.193, 109
Trd, 4319409.193, 104
Trd, 4319409.643, 102
Trd, 4319412.993, 96
Trd, 4319413.793, 103
Trd, 4319414.143, 105
Trd, 4319415.943, 99
Trd, 4319415.993, 104
Trd, 4319418.493, 96
Trd, 4319419.843, 97
Trd, 4319420.343, 94
Trd, 4319423.993, 104
Trd, 4319424.843, 104
Trd, 4319425.693, 101
Trd, 4319426.743, 104
Trd, 4319427.593, 101
Trd, 4319428.343, 101
Trd, 4319429.793, 104
Trd, 4319430.693, 94
Trd, 4319430.943, 97
Trd, 4319430.993, 85
Trd, 4319432.443, 124
Trd, 4319436.093, 97
Trd, 4319436.443, 98
Trd, 4319436.893, 97
Trd, 4319438.793, 96
Trd, 4319440.543, 105
Trd, 4319440.693, 98
Trd, 4319441.243, 97
Trd, 4319442.243, 124
Trd, 4319444.243, 102
Trd, 4319447.843, 104
Trd, 4319449.793, 104
Trd, 4319450.643, 95
Trd, 4319450.743, 94
Trd, 4319451.293, 104
Trd, 4319452.743, 104
Trd, 4319452.793, 95
Trd, 4319453.643, 96
Trd, 4319454.593, 105
Trd, 4319455.243, 94
Trd, 4319456.543, 105
Trd, 4319457.193, 94
Trd, 4319459.243, 93
Trd, 4319459.443, 107
Trd, 4319463.843, 98
Trd, 4319464.793, 96
Trd, 4319465.593, 98
Trd, 4319466.343, 107
Trd, 4319467.443, 100
Trd, 4319470.643, 100
Trd, 4319470.693, 105
Trd, 4319471.393, 99
Trd, 4319472.093, 113
Trd, 4319472.993, 97
Trd, 4319474.393, 97
Trd, 4319474.843, 100
Trd, 4319476.193, 100
Trd, 4319480.093, 100
Trd, 4319481.693, 101
Trd, 4319484.693, 98
Trd, 4319485.643, 95
Trd, 4319486.493, 97
Trd, 4319486.893, 97
Trd, 4319487.343, 94
Trd, 4319487.793, 104
Trd, 4319488.493, 113
Trd, 4319489.393, 93
Trd, 4319491.243, 107
Trd, 4319491.343, 112
Trd, 4319491.543, 113
Trd, 4319496.993, 104
Trd, 4319497.043, 105
Trd, 4319497.193, 113
Trd, 4319498.643, 102
Trd, 4319500.293, 102
Trd, 4319501.293, 107
Trd, 4319501.843, 100
Trd, 4319505.443, 104
Trd, 4319505.943, 95
Trd, 4319506.793, 100
Trd, 4319507.193, 104
Trd, 4319508.743, 104
Trd, 4319508.993, 99
Trd, 4319510.193, 104
Trd, 4319512.993, 102
Trd, 4319513.893, 94
Trd, 4319514.843, 113
Trd, 4319515.293, 99
Trd, 4319515.743, 105
Trd, 4319516.543, 86
Trd, 4319518.843, 97
Trd, 4319519.893, 94
Trd, 4319520.043, 93
Trd, 4319521.293, 101
Trd, 4319522.493, 101
Trd, 4319525.393, 99
Trd, 4319526.393, 101
Trd, 4319527.843, 104
Trd, 4319528.393, 98
Trd, 4319531.443, 95
Trd, 4319532.093, 94
Trd, 4319532.493, 101
Trd, 4319532.643, 113
Trd, 4319536.443, 103
Trd, 4319537.793, 102
Trd, 4319538.543, 99
Trd, 4319539.643, 107
Trd, 4319540.093, 99
Trd, 4319540.643, 98
Trd, 4319543.743, 102
Trd, 4319543.793, 102
Trd, 4319545.143, 101
Trd, 4319545.543, 107
Trd, 4319546.543, 113
Trd, 4319548.793, 101
Trd, 4319550.843, 94
Trd, 4319551.093, 99
Trd, 4319551.443, 85
Trd, 4319553.593, 94
Trd, 4319553.693, 96
Trd, 4319555.093, 92
Trd, 4319555.543, 96
Trd, 4319556.193, 96
Trd, 4319556.393, 113
Trd, 4319560.793, 97
Trd, 4319561.343, 93
Trd, 4319561.693, 92
Trd, 4319562.493, 96
Trd, 4319562.993, 77
Trd, 4319564.493, 97
Trd, 4319565.543, 84
Trd, 4319566.643, 102
Trd, 4319567.643, 98
Trd, 4319568.393, 94
Trd, 4319568.893, 93
Trd, 4319569.393, 98
Trd, 4319570.693, 101
Trd, 4319573.393, 104
Trd, 4319576.143, 98
Trd, 4319576.593, 98
Trd, 4319577.093, 100
Trd, 4319578.893, 97
Trd, 4319579.593, 99
Trd, 4319580.843, 98
Trd, 4319581.643, 99
Trd, 4319584.093, 103
Trd, 4319585.193, 100
Trd, 4319586.243, 99
Trd, 4319587.893, 100
Trd, 4319588.693, 94
Trd, 4319590.793, 97
Trd, 4319592.093, 101
Trd, 4319595.093, 99
Trd, 4319595.643, 101
Trd, 4319598.343, 99
Trd, 4319599.643, 101
Trd, 4319600.643, 97
Trd, 4319600.693, 101
Trd, 4319602.443, 104
Trd, 4319605.043, 125
Trd, 4319607.943, 104
Trd, 4319609.293, 106
Trd, 4319610.943, 96
Trd, 4319611.243, 107
Trd, 4319611.343, 94
Trd, 4319611.393, 85
Trd, 4319613.693, 107
Trd, 4319614.543, 106
Trd, 4319614.693, 100
Trd, 4319615.193, 99
Trd, 4319617.093, 99
Trd, 4319617.743, 106
Trd, 4319618.243, 106
Trd, 4319619.843, 94
Trd, 4319619.993, 85
Trd, 4319620.193, 99
Trd, 4319623.443, 104
Trd, 4319625.293, 96
Trd, 4319626.743, 104
Trd, 4319627.993, 104
Trd, 4319629.743, 99
Trd, 4319630.943, 96
Trd, 4319631.043, 94
Trd, 4319632.043, 88
Trd, 4319632.493, 96
Trd, 4319633.793, 95
Trd, 4319637.443, 94
Trd, 4319637.593, 105
Trd, 4319639.143, 96
Trd, 4319639.293, 97
Trd, 4319639.543, 98
Trd, 4319642.693, 97
Trd, 4319643.293, 97
Trd, 4319644.493, 97
Trd, 4319645.093, 96
Trd, 4319645.493, 97
Trd, 4319647.293, 97
Trd, 4319650.243, 106
Trd, 4319650.643, 96
Trd, 4319652.193, 94
Trd, 4319652.393, 99
Trd, 4319654.793, 101
Trd, 4319655.593, 107
Trd, 4319656.593, 104
Trd, 4319657.343, 105
Trd, 4319658.043, 103
Trd, 4319659.793, 104
Trd, 4319659.993, 102
Trd, 4319661.393, 100
Trd, 4319663.643, 101
Trd, 4319663.993, 97
Trd, 4319664.793, 91
Trd, 4319666.493, 94
Trd, 4319667.493, 95
Trd, 4319669.343, 95
Trd, 4319669.643, 104
Trd, 4319669.943, 94
Trd, 4319674.993, 93
Trd, 4319677.193, 95
Trd, 4319677.393, 97
Trd, 4319679.743, 96
Trd, 4319679.793, 97
Trd, 4319682.043, 95
Trd, 4319682.843, 96
Trd, 4319683.043, 96
Trd, 4319683.543, 105
Trd, 4319684.193, 94
Trd, 4319685.993, 108
Trd, 4319686.893, 109
Trd, 4319690.793, 114
Trd, 4319691.943, 104
Trd, 4319692.493, 101
Trd, 4319694.743, 104
Trd, 4319695.093, 104
Trd, 4319698.443, 103
Trd, 4319699.093, 104
Trd, 4319699.843, 104
Trd, 4319699.993, 102
Trd, 4319700.843, 101
Trd, 4319701.943, 105
Trd, 4319705.043, 101
Trd, 4319706.593, 100
Trd, 4319708.943, 101
Trd, 4319709.793, 103
Trd, 4319710.693, 94
Trd, 4319711.293, 77
Trd, 4319712.043, 103
Trd, 4319713.343, 95
Trd, 4319715.243, 91
Trd, 4319715.343, 97
Trd, 4319718.293, 97
Trd, 4319718.343, 94
Trd, 4319722.443, 93
Trd, 4319723.543, 97
Trd, 4319724.943, 94
Trd, 4319725.143, 97
Trd, 4319725.743, 93
Trd, 4319727.693, 105
Trd, 4319727.743, 115
Trd, 4319728.693, 94
Trd, 4319733.393, 102
Trd, 4319734.093, 94
Trd, 4319735.393, 102
Trd, 4319735.793, 93
Trd, 4319736.943, 102
Trd, 4319736.993, 94
Trd, 4319738.943, 102
Trd, 4319741.643, 100
Trd, 4319741.793, 102
Trd, 4319742.893, 105
Trd, 4319743.643, 125
Trd, 4319743.693, 96
Trd, 4319745.593, 106
Trd, 4319746.843, 127
Trd, 4319747.093, 113
Trd, 4319748.093, 104
Trd, 4319749.143, 104
Trd, 4319750.543, 100
Trd, 4319751.643, 105
Trd, 4319752.593, 105
Trd, 4319754.293, 97
Trd, 4319755.343, 102
Trd, 4319755.543, 104
Trd, 4319756.343, 94
Trd, 4319756.393, 113
Trd, 4319760.393, 104
Trd, 4319760.443, 108
Trd, 4319761.843, 103
Trd, 4319764.243, 102
Trd, 4319764.593, 104
Trd, 4319764.693, 94
Trd, 4319765.193, 113
Trd, 4319765.443, 104
Trd, 4319768.893, 102
Trd, 4319769.093, 86
Trd, 4319770.993, 96
Trd, 4319771.043, 95
Trd, 4319772.393, 100
Trd, 4319773.693, 100
Trd, 4319773.893, 96
Trd, 4319774.943, 95
Trd, 4319778.493, 100
Trd, 4319779.943, 100
Trd, 4319781.093, 99
Trd, 4319781.693, 97
Trd, 4319781.793, 106
Trd, 4319784.143, 94
Trd, 4319784.593, 100
Trd, 4319785.393, 94
Trd, 4319785.743, 93
Trd, 4319785.943, 87
Trd, 4319786.793, 101
Trd, 4319786.893, 85
Trd, 4319789.293, 98
Trd, 4319791.093, 91
Trd, 4319791.393, 98
Trd, 4319792.143, 106
Trd, 4319796.843, 99
Trd, 4319797.643, 100
Trd, 4319798.293, 107
Trd, 4319799.393, 98
Trd, 4319799.943, 103
Trd, 4319801.193, 113
Trd, 4319801.743, 97
Trd, 4319802.393, 95
Trd, 4319803.043, 82
Trd, 4319804.393, 92
Trd, 4319805.593, 105
Trd, 4319807.843, 85
Trd, 4319808.093, 94
Trd, 4319808.593, 97
Trd, 4319809.343, 96
Trd, 4319809.943, 98
Trd, 4319812.243, 86
Trd, 4319814.443, 92
Trd, 4319814.543, 105
Trd, 4319815.643, 113
Trd, 4319817.293, 102
Trd, 4319818.143, 99
Trd, 4319818.493, 102
Trd, 4319821.143, 102
Trd, 4319823.143, 99
Trd, 4319825.043, 104
Trd, 4319826.143, 94
Trd, 4319827.793, 94
Trd, 4319828.943, 86
Trd, 4319829.143, 96
Trd, 4319830.543, 85
Trd, 4319831.743, 94
Trd, 4319831.793, 104
Trd, 4319835.593, 97
Trd, 4319835.693, 98
Trd, 4319835.893, 94
Trd, 4319835.993, 104
Trd, 4319838.943, 98
Trd, 4319840.793, 98
Trd, 4319842.693, 93
Trd, 4319842.943, 85
Trd, 4319845.343, 97
Trd, 4319845.843, 86
Trd, 4319845.943, 76
Trd, 4319846.593, 98
Trd, 4319847.793, 93
Trd, 4319849.093, 96
Trd, 4319850.543, 98
Trd, 4319851.843, 97
Trd, 4319852.093, 97
Trd, 4319853.593, 94
Trd, 4319855.543, 93
Trd, 4319856.093, 95
Trd, 4319858.943, 104
Trd, 4319860.593, 97
Trd, 4319860.693, 113
Trd, 4319863.543, 99
Trd, 4319864.243, 94
Trd, 4319864.393, 100
Trd, 4319867.293, 99
Trd, 4319867.643, 97
Trd, 4319868.093, 96
Trd, 4319869.343, 98
Trd, 4319869.543, 104
Trd, 4319871.243, 95
Trd, 4319873.193, 94
Trd, 4319873.343, 98
Trd, 4319876.843, 95
Trd, 4319880.643, 97
Trd, 4319881.193, 104
Trd, 4319881.943, 98
Trd, 4319881.993, 94
Trd, 4319882.493, 93
Trd, 4319884.143, 87
Trd, 4319884.993, 85
Trd, 4319886.143, 95
Trd, 4319886.893, 92
Trd, 4319889.493, 91
Trd, 4319889.643, 95
Trd, 4319890.193, 95
Trd, 4319890.343, 90
Trd, 4319891.493, 105
Trd, 4319892.893, 79
Trd, 4319893.243, 93
Trd, 4319894.843, 105
Trd, 4319896.893, 99
Trd, 4319897.143, 98
Trd, 4319897.743, 100
Trd, 4319900.743, 99
Trd, 4319902.193, 100
Trd, 4319903.193, 104
Trd, 4319903.343, 94
Trd, 4319903.843, 79
Trd, 4319905.593, 87
Trd, 4319906.843, 91
Trd, 4319908.993, 100
Trd, 4319909.193, 98
Trd, 4319911.143, 97
Trd, 4319911.443, 105
Trd, 4319912.243, 84
Trd, 4319914.643, 103
Trd, 4319914.843, 104
Trd, 4319915.443, 106
Trd, 4319917.343, 101
Trd, 4319917.443, 101
Trd, 4319920.093, 101
Trd, 4319921.043, 94
Trd, 4319921.943, 85
Trd, 4319922.043, 84
Trd, 4319922.193, 97
Trd, 4319922.943, 113
Trd, 4319924.043, 89
Trd, 4319926.493, 89
Trd, 4319928.243, 108
Trd, 4319928.343, 91
Trd, 4319931.893, 103
Trd, 4319932.893, 85
Trd, 4319933.343, 77
Trd, 4319934.093, 90
Trd, 4319935.093, 95
Trd, 4319935.343, 107
Trd, 4319935.393, 91
Trd, 4319936.243, 92
Trd, 4319937.293, 80
Trd, 4319939.393, 88
Trd, 4319940.643, 96
Trd, 4319940.893, 85
Trd, 4319943.143, 80
Trd, 4319945.593, 88
Trd, 4319946.293, 87
Trd, 4319946.743, 96
Trd, 4319948.943, 91
Trd, 4319949.193, 96
Trd, 4319949.593, 90
Trd, 4319951.043, 92
Trd, 4319954.843, 93
Trd, 4319955.943, 93
Trd, 4319956.843, 92
Trd, 4319956.993, 91
Trd, 4319957.493, 87
Trd, 4319958.593, 95
Trd, 4319959.793, 107
Trd, 4319961.293, 113
Trd, 4319963.593, 98
Trd, 4319964.293, 96
Trd, 4319966.493, 96
Trd, 4319968.393, 98
Trd, 4319969.343, 99
Trd, 4319970.243, 95
Trd, 4319970.843, 98
Trd, 4319971.793, 98
Trd, 4319973.043, 99
Trd, 4319975.643, 99
Trd, 4319977.943, 99
Trd, 4319977.993, 104
Trd, 4319979.843, 99
Trd, 4319981.993, 96
Trd, 4319982.293, 100
Trd, 4319983.093, 96
Trd, 4319983.343, 95
Trd, 4319984.143, 105
Trd, 4319985.593, 102
Trd, 4319989.343, 102
Trd, 4319989.893, 94
Trd, 4319990.193, 94
Trd, 4319990.793, 80
Trd, 4319992.793, 93
Trd, 4319994.243, 93
Trd, 4319994.293, 90
Trd, 4319997.993, 90
Trd, 4319998.593, 93
Trd, 4319998.893, 95
Trd, 4319999.593, 95
