Trd, 4317850.443, 89
Trd, 4317851.893, 93
Trd, 4317852.043, 91
Trd, 4317852.893, 92
Trd, 4317853.193, 95
Trd, 4317854.443, 112
Trd, 4317855.443, 80
Trd, 4317855.943, 80
Trd, 4317858.243, 104
Trd, 4317858.843, 98
Trd, 4317859.943, 94
Trd, 4317861.693, 106
Trd, 4317862.193, 95
Trd, 4317863.443, 93
Trd, 4317864.843, 98
Trd, 4317866.943, 92
Trd, 4317868.493, 94
Trd, 4317869.793, 86
Trd, 4317872.043, 92
Trd, 4317872.443, 91
Trd, 4317873.443, 91
Trd, 4317873.743, 104
Trd, 4317875.193, 100
Trd, 4317877.093, 96
Trd, 4317877.643, 88
Trd, 4317877.993, 97
Trd, 4317878.693, 100
Trd, 4317881.393, 103
Trd, 4317881.443, 101
Trd, 4317882.393, 101
Trd, 4317882.543, 102
Trd, 4317885.043, 85
Trd, 4317885.093, 89
Trd, 4317885.893, 125
Trd, 4317889.993, 96
Trd, 4317890.693, 100
Trd, 4317892.243, 97
Trd, 4317895.293, 100
Trd, 4317895.543, 100
Trd, 4317896.493, 100
Trd, 4317896.693, 96
Trd, 4317899.893, 98
Trd, 4317900.143, 98
Trd, 4317901.093, 98
Trd, 4317903.293, 96
Trd, 4317903.543, 97
Trd, 4317905.643, 78
Trd, 4317906.393, 86
Trd, 4317908.293, 91
Trd, 4317910.493, 89
Trd, 4317910.893, 89
Trd, 4317910.943, 91
Trd, 4317912.643, 87
Trd, 4317915.293, 89
Trd, 4317916.693, 88
Trd, 4317919.093, 87
Trd, 4317919.593, 89
Trd, 4317920.593, 89
Trd, 4317922.893, 86
Trd, 4317922.943, 89
Trd, 4317925.693, 89
Trd, 4317926.793, 95
Trd, 4317928.843, 86
Trd, 4317932.043, 91
Trd, 4317933.193, 90
Trd, 4317933.893, 85
Trd, 4317936.893, 90
Trd, 4317937.243, 85
Trd, 4317939.793, 90
Trd, 4317939.993, 90
Trd, 4317942.193, 90
Trd, 4317943.443, 90
Trd, 4317945.393, 84
Trd, 4317947.343, 88
Trd, 4317947.993, 89
Trd, 4317952.193, 90
Trd, 4317952.393, 90
Trd, 4317953.593, 83
Trd, 4317955.643, 83
Trd, 4317958.693, 84
Trd, 4317959.193, 90
Trd, 4317960.843, 90
Trd, 4317962.143, 90
Trd, 4317962.643, 90
Trd, 4317964.843, 90
Trd, 4317965.793, 86
Trd, 4317966.193, 90
Trd, 4317968.043, 90
Trd, 4317968.193, 85
Trd, 4317970.893, 89
Trd, 4317972.293, 87
Trd, 4317973.343, 88
Trd, 4317974.093, 95
Trd, 4317976.993, 91
Trd, 4317977.343, 84
Trd, 4317979.693, 89
Trd, 4317980.493, 90
Trd, 4317982.243, 88
Trd, 4317982.993, 88
Trd, 4317986.293, 83
Trd, 4317987.543, 83
Trd, 4317989.193, 88
Trd, 4317991.743, 88
Trd, 4317992.743, 83
Trd, 4317993.093, 95
Trd, 4317995.543, 101
Trd, 4317995.793, 98
Trd, 4317997.143, 98
Trd, 4317997.193, 100
Trd, 4317998.643, 97
Trd, 4317999.243, 98
Trd, 4318000.343, 93
Trd, 4318001.443, 98
Trd, 4318002.493, 99
Trd, 4318003.443, 96
Trd, 4318004.093, 93
Trd, 4318006.143, 98
Trd, 4318007.593, 97
Trd, 4318008.943, 94
Trd, 4318009.693, 95
Trd, 4318011.393, 95
Trd, 4318015.893, 94
Trd, 4318016.193, 95
Trd, 4318017.393, 94
Trd, 4318018.043, 95
Trd, 4318019.193, 94
Trd, 4318020.743, 95
Trd, 4318023.343, 95
Trd, 4318023.693, 93
Trd, 4318025.393, 94
Trd, 4318025.743, 95
Trd, 4318027.943, 94
Trd, 4318028.243, 92
Trd, 4318028.793, 95
Trd, 4318032.393, 91
Trd, 4318034.243, 93
Trd, 4318035.793, 93
Trd, 4318036.893, 93
Trd, 4318037.293, 93
Trd, 4318038.593, 90
Trd, 4318038.743, 92
Trd, 4318041.143, 88
Trd, 4318044.143, 92
Trd, 4318046.293, 92
Trd, 4318047.543, 88
Trd, 4318049.543, 90
Trd, 4318051.343, 92
Trd, 4318051.893, 90
Trd, 4318052.693, 89
Trd, 4318053.743, 92
Trd, 4318057.393, 92
Trd, 4318059.793, 92
Trd, 4318061.343, 92
Trd, 4318063.143, 90
Trd, 4318066.143, 92
Trd, 4318067.143, 92
Trd, 4318067.193, 90
Trd, 4318069.743, 92
Trd, 4318070.993, 92
Trd, 4318071.793, 89
Trd, 4318072.743, 95
Trd, 4318073.443, 99
Trd, 4318074.243, 104
Trd, 4318075.393, 101
Trd, 4318077.393, 136
Trd, 4318077.743, 124
Trd, 4318079.643, 101
Trd, 4318080.743, 102
Trd, 4318081.293, 86
Trd, 4318083.043, 93
Trd, 4318083.443, 90
Trd, 4318085.443, 95
Trd, 4318086.993, 94
Trd, 4318088.093, 94
Trd, 4318088.693, 95
Trd, 4318090.043, 94
Trd, 4318090.443, 93
Trd, 4318091.443, 95
Trd, 4318094.893, 95
Trd, 4318095.093, 95
Trd, 4318096.493, 93
Trd, 4318097.743, 100
Trd, 4318098.493, 96
Trd, 4318099.743, 95
Trd, 4318100.943, 92
Trd, 4318101.243, 93
Trd, 4318101.443, 92
Trd, 4318104.043, 131
Trd, 4318104.943, 98
Trd, 4318106.643, 77
Trd, 4318107.593, 91
Trd, 4318108.743, 92
Trd, 4318108.993, 121
Trd, 4318110.193, 96
Trd, 4318110.493, 95
Trd, 4318112.093, 102
Trd, 4318114.793, 93
Trd, 4318119.143, 100
Trd, 4318120.893, 99
Trd, 4318122.693, 95
Trd, 4318125.493, 94
Trd, 4318125.593, 97
Trd, 4318127.443, 97
Trd, 4318128.543, 97
Trd, 4318129.743, 96
Trd, 4318132.293, 95
Trd, 4318132.393, 94
Trd, 4318135.043, 95
Trd, 4318135.143, 95
Trd, 4318135.693, 94
Trd, 4318136.343, 93
Trd, 4318137.693, 95
Trd, 4318140.693, 95
Trd, 4318143.093, 95
Trd, 4318144.043, 94
Trd, 4318145.693, 96
Trd, 4318148.093, 93
Trd, 4318148.443, 96
Trd, 4318149.793, 96
Trd, 4318151.093, 96
Trd, 4318153.343, 94
Trd, 4318154.943, 95
Trd, 4318155.443, 93
Trd, 4318159.443, 95
Trd, 4318159.493, 95
Trd, 4318161.143, 95
Trd, 4318163.543, 93
Trd, 4318164.343, 95
Trd, 4318169.993, 95
Trd, 4318170.393, 94
Trd, 4318170.643, 93
Trd, 4318173.993, 94
Trd, 4318176.993, 94
Trd, 4318177.693, 94
Trd, 4318178.593, 104
Trd, 4318178.943, 104
Trd, 4318179.793, 104
Trd, 4318181.193, 106
Trd, 4318183.043, 93
Trd, 4318183.793, 98
Trd, 4318184.393, 102
Trd, 4318184.943, 116
Trd, 4318186.393, 106
Trd, 4318187.743, 103
Trd, 4318188.743, 105
Trd, 4318189.943, 107
Trd, 4318190.543, 107
Trd, 4318191.693, 92
Trd, 4318193.743, 98
Trd, 4318194.693, 107
Trd, 4318195.993, 94
Trd, 4318196.743, 97
Trd, 4318199.793, 98
Trd, 4318199.993, 100
Trd, 4318201.593, 99
Trd, 4318202.493, 99
Trd, 4318208.443, 98
Trd, 4318208.943, 98
Trd, 4318210.293, 95
Trd, 4318210.493, 98
Trd, 4318211.193, 96
Trd, 4318212.693, 98
Trd, 4318214.443, 97
Trd, 4318215.993, 94
Trd, 4318216.293, 97
Trd, 4318223.693, 94
Trd, 4318223.943, 97
Trd, 4318226.743, 97
Trd, 4318227.143, 97
Trd, 4318228.743, 97
Trd, 4318230.143, 96
Trd, 4318230.943, 96
Trd, 4318232.193, 99
Trd, 4318232.643, 95
Trd, 4318233.343, 97
Trd, 4318236.593, 97
Trd, 4318236.843, 98
Trd, 4318238.893, 94
Trd, 4318239.743, 95
Trd, 4318241.943, 95
Trd, 4318244.393, 94
Trd, 4318244.893, 95
Trd, 4318247.293, 95
Trd, 4318248.643, 95
Trd, 4318249.443, 102
Trd, 4318249.943, 100
Trd, 4318251.293, 99
Trd, 4318251.643, 104
Trd, 4318252.543, 100
Trd, 4318254.543, 92
Trd, 4318254.843, 95
Trd, 4318255.343, 96
Trd, 4318256.193, 97
Trd, 4318257.343, 101
Trd, 4318258.443, 83
Trd, 4318259.643, 100
Trd, 4318259.893, 108
Trd, 4318261.243, 104
Trd, 4318263.993, 106
Trd, 4318264.193, 119
Trd, 4318265.893, 106
Trd, 4318267.193, 87
Trd, 4318268.043, 105
Trd, 4318269.243, 106
Trd, 4318271.593, 104
Trd, 4318275.243, 103
Trd, 4318275.393, 105
Trd, 4318279.343, 105
Trd, 4318280.493, 105
Trd, 4318282.443, 103
Trd, 4318284.243, 104
Trd, 4318284.443, 104
Trd, 4318285.693, 103
Trd, 4318289.743, 93
Trd, 4318291.993, 103
Trd, 4318293.393, 103
Trd, 4318295.443, 103
Trd, 4318296.593, 103
Trd, 4318298.093, 99
Trd, 4318299.993, 98
Trd, 4318301.493, 94
Trd, 4318302.843, 98
Trd, 4318304.443, 98
Trd, 4318305.793, 80
Trd, 4318307.643, 79
Trd, 4318308.743, 80
Trd, 4318309.393, 86
Trd, 4318311.593, 87
Trd, 4318311.793, 86
Trd, 4318312.993, 86
Trd, 4318313.193, 98
Trd, 4318316.143, 86
Trd, 4318317.293, 85
Trd, 4318317.793, 85
Trd, 4318318.243, 97
Trd, 4318321.093, 85
Trd, 4318321.443, 87
Trd, 4318322.243, 91
Trd, 4318323.943, 84
Trd, 4318326.393, 88
Trd, 4318327.143, 88
Trd, 4318328.493, 97
Trd, 4318329.943, 88
Trd, 4318330.593, 91
Trd, 4318331.443, 90
Trd, 4318332.993, 90
Trd, 4318334.293, 87
Trd, 4318335.243, 95
Trd, 4318336.743, 90
Trd, 4318337.643, 91
Trd, 4318340.543, 94
Trd, 4318341.543, 94
Trd, 4318342.193, 95
Trd, 4318344.293, 90
Trd, 4318345.243, 94
Trd, 4318346.243, 93
Trd, 4318348.443, 92
Trd, 4318351.493, 91
Trd, 4318352.243, 92
Trd, 4318353.893, 93
Trd, 4318354.743, 92
Trd, 4318356.443, 89
Trd, 4318357.043, 91
Trd, 4318357.893, 91
Trd, 4318359.643, 91
Trd, 4318361.143, 90
Trd, 4318363.343, 91
Trd, 4318364.643, 95
Trd, 4318367.243, 92
Trd, 4318367.793, 92
Trd, 4318372.743, 91
Trd, 4318372.943, 92
Trd, 4318373.593, 91
Trd, 4318374.293, 95
Trd, 4318374.893, 91
Trd, 4318375.393, 91
Trd, 4318376.593, 93
Trd, 4318378.993, 95
Trd, 4318379.793, 95
Trd, 4318381.693, 95
Trd, 4318383.843, 90
Trd, 4318387.293, 94
Trd, 4318387.643, 89
Trd, 4318389.293, 94
Trd, 4318389.793, 88
Trd, 4318392.793, 95
Trd, 4318392.843, 95
Trd, 4318396.843, 91
Trd, 4318398.243, 88
Trd, 4318398.493, 91
Trd, 4318400.543, 91
Trd, 4318402.293, 91
Trd, 4318403.943, 87
Trd, 4318406.693, 86
Trd, 4318408.293, 90
Trd, 4318409.143, 90
Trd, 4318413.343, 90
Trd, 4318413.843, 86
Trd, 4318415.793, 90
Trd, 4318418.243, 85
Trd, 4318420.043, 90
Trd, 4318423.193, 85
Trd, 4318423.943, 90
Trd, 4318425.393, 89
Trd, 4318427.493, 89
Trd, 4318428.193, 89
Trd, 4318430.943, 89
Trd, 4318431.393, 87
Trd, 4318434.143, 84
Trd, 4318434.493, 80
Trd, 4318436.143, 77
Trd, 4318437.043, 78
Trd, 4318438.143, 86
Trd, 4318439.993, 86
Trd, 4318440.093, 80
Trd, 4318441.993, 95
Trd, 4318446.193, 85
Trd, 4318447.243, 80
Trd, 4318447.943, 81
Trd, 4318449.493, 79
Trd, 4318451.243, 80
Trd, 4318453.743, 80
Trd, 4318456.343, 79
Trd, 4318458.393, 79
Trd, 4318460.693, 79
Trd, 4318460.843, 78
Trd, 4318461.393, 82
Trd, 4318461.693, 86
Trd, 4318462.493, 95
Trd, 4318469.243, 80
Trd, 4318469.593, 83
Trd, 4318470.693, 81
Trd, 4318472.043, 97
Trd, 4318472.243, 96
Trd, 4318472.793, 95
Trd, 4318474.793, 96
Trd, 4318476.043, 94
Trd, 4318476.493, 91
Trd, 4318477.593, 91
Trd, 4318477.893, 86
Trd, 4318478.343, 87
Trd, 4318481.543, 96
Trd, 4318481.743, 113
Trd, 4318482.343, 93
Trd, 4318483.493, 86
Trd, 4318484.843, 103
Trd, 4318485.143, 102
Trd, 4318488.993, 93
Trd, 4318489.643, 95
Trd, 4318489.793, 96
Trd, 4318490.293, 93
Trd, 4318491.743, 93
Trd, 4318495.543, 93
Trd, 4318495.743, 93
Trd, 4318495.993, 93
Trd, 4318496.343, 92
Trd, 4318498.893, 93
Trd, 4318499.543, 95
Trd, 4318500.693, 94
Trd, 4318502.243, 94
Trd, 4318502.443, 87
Trd, 4318503.143, 92
Trd, 4318505.293, 95
Trd, 4318506.443, 91
Trd, 4318507.543, 95
Trd, 4318508.093, 92
Trd, 4318508.693, 97
Trd, 4318509.893, 97
Trd, 4318513.543, 96
Trd, 4318516.043, 112
Trd, 4318516.393, 106
Trd, 4318517.193, 108
Trd, 4318517.393, 93
Trd, 4318519.043, 102
Trd, 4318519.443, 105
Trd, 4318520.543, 102
Trd, 4318522.693, 101
Trd, 4318524.993, 93
Trd, 4318526.693, 95
Trd, 4318527.493, 89
Trd, 4318528.643, 95
Trd, 4318529.493, 96
Trd, 4318532.343, 93
Trd, 4318532.843, 92
Trd, 4318533.943, 93
Trd, 4318535.543, 92
Trd, 4318536.493, 93
Trd, 4318536.743, 93
Trd, 4318538.293, 91
Trd, 4318539.693, 90
Trd, 4318540.443, 92
Trd, 4318543.043, 92
Trd, 4318543.593, 112
Trd, 4318543.693, 104
Trd, 4318545.343, 104
Trd, 4318545.743, 102
Trd, 4318546.943, 102
Trd, 4318548.093, 107
Trd, 4318550.043, 100
Trd, 4318550.743, 100
Trd, 4318550.993, 89
Trd, 4318552.143, 102
Trd, 4318554.843, 101
Trd, 4318556.043, 101
Trd, 4318556.543, 101
Trd, 4318556.843, 98
Trd, 4318562.443, 98
Trd, 4318564.193, 101
Trd, 4318565.143, 84
Trd, 4318567.243, 99
Trd, 4318569.043, 93
Trd, 4318570.193, 98
Trd, 4318571.893, 98
Trd, 4318575.543, 93
Trd, 4318575.893, 98
Trd, 4318577.593, 97
Trd, 4318579.443, 97
Trd, 4318580.543, 91
Trd, 4318581.643, 96
Trd, 4318585.493, 91
Trd, 4318589.043, 94
Trd, 4318589.593, 94
Trd, 4318590.193, 95
Trd, 4318591.143, 101
Trd, 4318592.643, 95
Trd, 4318593.643, 96
Trd, 4318593.843, 97
Trd, 4318594.693, 91
Trd, 4318597.443, 94
Trd, 4318597.693, 95
Trd, 4318601.143, 93
Trd, 4318601.293, 97
Trd, 4318602.543, 96
Trd, 4318604.593, 93
Trd, 4318605.343, 97
Trd, 4318606.293, 104
Trd, 4318609.043, 91
Trd, 4318609.393, 95
Trd, 4318609.443, 98
Trd, 4318612.393, 91
Trd, 4318613.693, 90
Trd, 4318615.443, 91
Trd, 4318615.493, 91
Trd, 4318616.543, 89
Trd, 4318618.443, 84
Trd, 4318619.843, 87
Trd, 4318622.843, 85
Trd, 4318623.643, 83
Trd, 4318625.093, 83
Trd, 4318626.343, 83
Trd, 4318627.343, 83
Trd, 4318629.293, 86
Trd, 4318629.593, 86
Trd, 4318629.743, 85
Trd, 4318632.293, 95
Trd, 4318632.693, 87
Trd, 4318633.643, 89
Trd, 4318638.493, 87
Trd, 4318639.243, 88
Trd, 4318640.593, 88
Trd, 4318641.043, 85
Trd, 4318641.843, 87
Trd, 4318645.543, 86
Trd, 4318645.843, 85
Trd, 4318647.143, 86
Trd, 4318647.693, 86
Trd, 4318649.393, 87
Trd, 4318650.443, 87
Trd, 4318651.293, 87
Trd, 4318651.793, 93
Trd, 4318654.493, 90
Trd, 4318655.093, 95
Trd, 4318655.393, 89
Trd, 4318655.793, 109
Trd, 4318658.143, 108
Trd, 4318659.093, 109
Trd, 4318660.443, 108
Trd, 4318661.543, 107
Trd, 4318664.193, 105
Trd, 4318665.443, 105
Trd, 4318665.893, 106
Trd, 4318667.293, 105
Trd, 4318667.743, 107
Trd, 4318670.493, 100
Trd, 4318672.443, 99
Trd, 4318672.843, 99
Trd, 4318672.893, 99
Trd, 4318673.193, 94
Trd, 4318675.343, 89
Trd, 4318676.793, 90
Trd, 4318678.843, 95
Trd, 4318680.493, 93
Trd, 4318680.793, 93
Trd, 4318681.243, 92
Trd, 4318682.043, 93
Trd, 4318682.843, 95
Trd, 4318685.043, 90
Trd, 4318686.193, 88
Trd, 4318686.543, 90
Trd, 4318688.093, 96
Trd, 4318688.593, 86
Trd, 4318689.093, 87
Trd, 4318692.343, 96
Trd, 4318693.243, 92
Trd, 4318694.193, 105
Trd, 4318694.993, 93
Trd, 4318695.143, 104
Trd, 4318696.993, 101
Trd, 4318697.993, 113
Trd, 4318699.743, 107
Trd, 4318700.243, 100
Trd, 4318700.993, 101
Trd, 4318701.743, 98
Trd, 4318703.343, 102
Trd, 4318705.293, 99
Trd, 4318706.543, 99
Trd, 4318708.443, 99
Trd, 4318710.793, 98
Trd, 4318713.293, 88
Trd, 4318716.143, 99
Trd, 4318718.743, 99
Trd, 4318719.443, 99
Trd, 4318720.943, 96
Trd, 4318722.093, 94
Trd, 4318722.443, 99
Trd, 4318722.843, 98
Trd, 4318727.193, 96
Trd, 4318728.343, 96
Trd, 4318728.893, 95
Trd, 4318729.543, 95
Trd, 4318730.443, 94
Trd, 4318731.593, 99
Trd, 4318732.893, 104
Trd, 4318734.293, 100
Trd, 4318735.293, 101
Trd, 4318737.943, 99
Trd, 4318740.593, 97
Trd, 4318740.943, 97
Trd, 4318741.393, 98
Trd, 4318741.943, 98
Trd, 4318742.793, 97
Trd, 4318748.043, 98
Trd, 4318749.043, 96
Trd, 4318749.893, 98
Trd, 4318750.993, 98
Trd, 4318753.693, 97
Trd, 4318754.093, 95
Trd, 4318756.693, 97
Trd, 4318757.643, 97
Trd, 4318759.843, 95
Trd, 4318760.043, 94
Trd, 4318761.043, 95
Trd, 4318762.693, 95
Trd, 4318763.593, 95
Trd, 4318765.993, 93
Trd, 4318767.443, 95
Trd, 4318772.393, 93
Trd, 4318773.093, 95
Trd, 4318775.993, 93
Trd, 4318776.993, 95
Trd, 4318777.143, 95
Trd, 4318778.393, 95
Trd, 4318780.043, 80
Trd, 4318780.793, 90
Trd, 4318780.893, 88
Trd, 4318782.993, 88
Trd, 4318785.193, 88
Trd, 4318785.443, 95
Trd, 4318786.293, 86
Trd, 4318786.993, 88
Trd, 4318788.943, 88
Trd, 4318791.243, 83
Trd, 4318793.543, 90
Trd, 4318793.743, 95
Trd, 4318794.593, 90
Trd, 4318795.293, 90
Trd, 4318796.443, 92
Trd, 4318799.143, 94
Trd, 4318799.643, 95
Trd, 4318801.793, 96
Trd, 4318802.293, 94
Trd, 4318802.643, 93
Trd, 4318803.993, 87
Trd, 4318804.393, 95
Trd, 4318806.443, 78
Trd, 4318806.993, 87
Trd, 4318807.293, 88
Trd, 4318807.343, 95
Trd, 4318811.293, 89
Trd, 4318811.443, 90
Trd, 4318813.343, 91
Trd, 4318814.443, 91
Trd, 4318816.443, 77
Trd, 4318816.843, 88
Trd, 4318820.693, 95
Trd, 4318820.843, 89
Trd, 4318821.643, 105
Trd, 4318822.893, 99
Trd, 4318823.843, 93
Trd, 4318824.343, 93
Trd, 4318825.443, 93
Trd, 4318826.143, 95
Trd, 4318826.343, 88
Trd, 4318829.693, 92
Trd, 4318830.243, 93
Trd, 4318830.843, 91
Trd, 4318833.293, 93
Trd, 4318835.243, 92
Trd, 4318835.693, 90
Trd, 4318836.843, 93
Trd, 4318840.243, 92
Trd, 4318840.943, 91
Trd, 4318842.793, 90
Trd, 4318843.643, 89
Trd, 4318846.693, 90
Trd, 4318846.893, 88
Trd, 4318848.093, 89
Trd, 4318850.393, 81
Trd, 4318851.543, 87
Trd, 4318852.343, 88
Trd, 4318854.593, 87
Trd, 4318856.243, 87
Trd, 4318857.093, 88
Trd, 4318858.393, 86
Trd, 4318861.643, 87
Trd, 4318862.043, 86
Trd, 4318862.943, 87
Trd, 4318863.393, 87
Trd, 4318866.443, 85
Trd, 4318866.993, 86
Trd, 4318867.743, 87
Trd, 4318869.093, 87
Trd, 4318869.743, 87
Trd, 4318873.493, 95
Trd, 4318873.893, 94
Trd, 4318874.193, 88
Trd, 4318874.493, 92
Trd, 4318875.543, 81
Trd, 4318875.693, 87
Trd, 4318877.693, 87
Trd, 4318878.493, 87
Trd, 4318881.293, 95
Trd, 4318883.343, 88
Trd, 4318883.793, 86
Trd, 4318885.893, 87
Trd, 4318886.793, 85
Trd, 4318887.443, 88
Trd, 4318887.943, 102
Trd, 4318888.443, 90
Trd, 4318891.243, 84
Trd, 4318891.593, 87
Trd, 4318893.193, 80
Trd, 4318894.443, 80
Trd, 4318895.693, 87
Trd, 4318897.143, 85
Trd, 4318897.293, 85
Trd, 4318898.743, 85
Trd, 4318899.793, 77
Trd, 4318900.943, 79
Trd, 4318901.343, 79
Trd, 4318902.943, 86
Trd, 4318904.093, 96
Trd, 4318906.543, 86
Trd, 4318908.843, 87
Trd, 4318909.843, 86
Trd, 4318910.943, 96
Trd, 4318911.993, 88
Trd, 4318914.643, 88
Trd, 4318914.743, 85
Trd, 4318917.143, 85
Trd, 4318917.343, 88
Trd, 4318917.393, 89
Trd, 4318920.143, 88
Trd, 4318920.693, 89
Trd, 4318923.293, 89
Trd, 4318923.893, 112
Trd, 4318924.643, 100
Trd, 4318926.443, 99
Trd, 4318927.743, 107
Trd, 4318928.943, 102
Trd, 4318929.393, 100
Trd, 4318929.443, 92
Trd, 4318933.343, 98
Trd, 4318933.443, 99
Trd, 4318933.843, 98
Trd, 4318934.693, 96
Trd, 4318936.093, 99
Trd, 4318936.693, 118
Trd, 4318937.293, 106
Trd, 4318937.593, 105
Trd, 4318939.043, 106
Trd, 4318942.093, 104
Trd, 4318944.993, 104
Trd, 4318947.443, 104
Trd, 4318947.643, 103
Trd, 4318950.193, 101
Trd, 4318951.993, 96
Trd, 4318953.093, 100
Trd, 4318953.293, 100
Trd, 4318955.443, 100
Trd, 4318957.393, 99
Trd, 4318959.193, 99
Trd, 4318959.993, 99
Trd, 4318960.093, 100
Trd, 4318963.893, 98
Trd, 4318964.993, 97
Trd, 4318966.893, 98
Trd, 4318967.543, 97
Trd, 4318970.243, 98
Trd, 4318971.393, 98
Trd, 4318972.893, 98
Trd, 4318974.293, 96
Trd, 4318978.493, 98
Trd, 4318979.093, 97
Trd, 4318979.293, 98
Trd, 4318982.193, 97
Trd, 4318982.943, 97
Trd, 4318983.043, 95
Trd, 4318985.043, 98
Trd, 4318991.693, 97
Trd, 4318991.943, 94
Trd, 4318993.943, 97
Trd, 4318996.843, 95
Trd, 4318998.343, 96
Trd, 4319000.343, 96
Trd, 4319000.843, 94
Trd, 4319002.243, 96
Trd, 4319004.043, 93
Trd, 4319005.393, 96
Trd, 4319009.293, 91
Trd, 4319010.593, 96
Trd, 4319012.693, 94
Trd, 4319012.793, 91
Trd, 4319013.643, 95
Trd, 4319016.293, 93
Trd, 4319016.593, 93
Trd, 4319019.493, 91
Trd, 4319020.643, 91
Trd, 4319021.993, 90
Trd, 4319025.193, 95
Trd, 4319026.143, 90
Trd, 4319027.043, 92
Trd, 4319027.893, 91
Trd, 4319028.393, 90
Trd, 4319031.093, 89
Trd, 4319031.543, 104
Trd, 4319035.543, 84
Trd, 4319036.143, 90
Trd, 4319036.593, 83
Trd, 4319037.093, 87
Trd, 4319037.843, 95
Trd, 4319039.043, 87
Trd, 4319039.193, 90
Trd, 4319040.843, 88
Trd, 4319042.893, 88
Trd, 4319043.993, 89
Trd, 4319046.543, 88
Trd, 4319047.943, 94
Trd, 4319049.793, 92
Trd, 4319050.093, 94
Trd, 4319050.393, 95
Trd, 4319051.043, 93
Trd, 4319052.543, 78
Trd, 4319052.643, 95
Trd, 4319053.943, 88
Trd, 4319054.393, 105
Trd, 4319055.593, 96
Trd, 4319057.893, 101
Trd, 4319058.593, 100
Trd, 4319060.093, 104
Trd, 4319060.393, 102
Trd, 4319061.493, 104
Trd, 4319061.993, 99
Trd, 4319063.743, 100
Trd, 4319064.793, 99
Trd, 4319065.893, 87
Trd, 4319066.543, 89
Trd, 4319068.793, 88
Trd, 4319070.493, 87
Trd, 4319070.793, 92
Trd, 4319072.093, 91
Trd, 4319073.293, 106
Trd, 4319076.843, 97
Trd, 4319077.143, 96
Trd, 4319078.043, 90
Trd, 4319078.243, 93
Trd, 4319079.093, 91
Trd, 4319080.793, 106
Trd, 4319082.293, 108
Trd, 4319082.693, 108
Trd, 4319082.743, 89
Trd, 4319083.943, 98
Trd, 4319085.693, 96
Trd, 4319086.793, 97
Trd, 4319087.193, 119
Trd, 4319088.343, 96
Trd, 4319090.193, 99
Trd, 4319091.143, 98
Trd, 4319092.943, 89
Trd, 4319093.843, 87
Trd, 4319096.143, 93
Trd, 4319096.793, 90
Trd, 4319097.843, 102
Trd, 4319097.893, 99
Trd, 4319099.643, 97
Trd, 4319101.093, 78
Trd, 4319102.243, 91
Trd, 4319104.543, 90
Trd, 4319105.843, 91
Trd, 4319107.143, 91
Trd, 4319108.793, 85
Trd, 4319109.843, 85
Trd, 4319111.143, 86
Trd, 4319111.993, 79
Trd, 4319112.693, 77
Trd, 4319115.393, 82
Trd, 4319116.343, 86
Trd, 4319116.593, 82
Trd, 4319118.993, 95
Trd, 4319120.143, 94
Trd, 4319120.793, 90
Trd, 4319122.043, 95
Trd, 4319122.093, 90
Trd, 4319123.893, 95
Trd, 4319124.543, 101
Trd, 4319127.093, 108
Trd, 4319127.393, 107
Trd, 4319130.143, 90
Trd, 4319132.093, 98
Trd, 4319132.493, 100
Trd, 4319132.993, 95
Trd, 4319133.893, 93
Trd, 4319135.043, 94
Trd, 4319135.943, 93
Trd, 4319137.243, 95
Trd, 4319137.393, 92
Trd, 4319139.193, 95
Trd, 4319140.793, 96
Trd, 4319143.243, 95
Trd, 4319144.493, 96
Trd, 4319145.293, 99
Trd, 4319146.043, 94
Trd, 4319146.643, 98
Trd, 4319147.793, 98
Trd, 4319149.093, 121
Trd, 4319149.193, 102
Trd, 4319150.543, 103
Trd, 4319150.893, 93
Trd, 4319152.693, 106
Trd, 4319155.193, 104
Trd, 4319155.343, 99
Trd, 4319156.543, 106
Trd, 4319159.143, 104
Trd, 4319160.443, 103
Trd, 4319163.593, 103
Trd, 4319163.743, 103
Trd, 4319164.293, 103
Trd, 4319166.293, 102
Trd, 4319167.393, 101
Trd, 4319170.043, 101
Trd, 4319170.743, 100
Trd, 4319173.043, 98
Trd, 4319173.393, 101
Trd, 4319173.643, 101
Trd, 4319175.893, 101
Trd, 4319179.893, 99
Trd, 4319180.793, 101
Trd, 4319181.493, 101
Trd, 4319183.693, 97
Trd, 4319186.243, 99
Trd, 4319189.343, 96
Trd, 4319190.193, 98
Trd, 4319190.293, 99
Trd, 4319191.693, 98
Trd, 4319195.793, 95
Trd, 4319197.343, 98
Trd, 4319198.143, 94
Trd, 4319199.393, 98
Trd, 4319199.593, 97
Trd, 4319201.243, 97
Trd, 4319203.543, 94
Trd, 4319205.793, 96
Trd, 4319206.343, 95
Trd, 4319209.943, 94
Trd, 4319211.293, 95
Trd, 4319212.893, 94
Trd, 4319214.293, 94
Trd, 4319215.043, 93
Trd, 4319215.893, 94
Trd, 4319217.343, 93
Trd, 4319218.393, 92
Trd, 4319222.893, 94
Trd, 4319222.993, 95
Trd, 4319226.193, 91
Trd, 4319230.093, 91
Trd, 4319230.693, 94
Trd, 4319231.443, 93
Trd, 4319232.293, 94
Trd, 4319234.443, 94
Trd, 4319237.893, 92
Trd, 4319238.843, 93
Trd, 4319240.643, 92
Trd, 4319243.743, 91
Trd, 4319244.593, 92
Trd, 4319245.243, 91
Trd, 4319248.243, 92
Trd, 4319250.043, 92
Trd, 4319251.843, 90
Trd, 4319253.843, 92
Trd, 4319256.443, 90
Trd, 4319257.043, 92
Trd, 4319257.843, 93
Trd, 4319260.493, 93
Trd, 4319260.593, 89
Trd, 4319261.243, 93
Trd, 4319263.493, 93
Trd, 4319265.593, 94
Trd, 4319265.943, 95
Trd, 4319267.293, 91
Trd, 4319271.693, 93
Trd, 4319271.743, 93
Trd, 4319272.993, 90
Trd, 4319276.443, 89
Trd, 4319276.943, 92
Trd, 4319277.193, 92
Trd, 4319280.593, 91
Trd, 4319281.943, 90
Trd, 4319283.543, 91
Trd, 4319285.993, 90
Trd, 4319286.443, 89
Trd, 4319288.393, 90
Trd, 4319291.343, 89
Trd, 4319293.043, 90
Trd, 4319294.293, 88
Trd, 4319295.143, 89
Trd, 4319296.093, 95
Trd, 4319296.943, 93
Trd, 4319299.043, 93
Trd, 4319299.093, 88
Trd, 4319299.293, 115
Trd, 4319300.593, 103
Trd, 4319303.643, 110
Trd, 4319305.143, 100
Trd, 4319307.493, 99
Trd, 4319307.643, 94
Trd, 4319308.843, 92
Trd, 4319309.543, 92
Trd, 4319310.643, 92
Trd, 4319314.243, 93
Trd, 4319315.293, 103
Trd, 4319316.443, 92
Trd, 4319317.093, 97
Trd, 4319317.443, 97
Trd, 4319318.543, 97
Trd, 4319320.843, 96
Trd, 4319321.393, 97
Trd, 4319322.093, 93
Trd, 4319325.893, 96
Trd, 4319325.943, 97
Trd, 4319326.343, 83
Trd, 4319327.593, 90
Trd, 4319327.743, 89
Trd, 4319328.293, 95
Trd, 4319329.943, 87
Trd, 4319330.343, 95
Trd, 4319331.993, 93
Trd, 4319333.743, 91
Trd, 4319334.293, 90
Trd, 4319336.393, 89
Trd, 4319337.543, 90
Trd, 4319337.993, 91
Trd, 4319340.593, 91
Trd, 4319341.043, 90
Trd, 4319341.693, 91
Trd, 4319342.343, 90
Trd, 4319344.143, 92
Trd, 4319345.093, 89
Trd, 4319345.143, 95
Trd, 4319346.393, 91
Trd, 4319347.193, 92
Trd, 4319351.643, 100
Trd, 4319352.443, 102
Trd, 4319353.093, 97
Trd, 4319353.293, 99
Trd, 4319356.043, 95
Trd, 4319357.293, 94
Trd, 4319358.793, 95
Trd, 4319359.943, 95
Trd, 4319360.643, 95
Trd, 4319360.893, 93
Trd, 4319361.643, 94
Trd, 4319362.843, 87
Trd, 4319363.493, 103
Trd, 4319364.043, 85
Trd, 4319365.993, 89
Trd, 4319367.243, 91
Trd, 4319367.993, 91
Trd, 4319368.243, 96
Trd, 4319371.143, 86
Trd, 4319372.143, 91
Trd, 4319372.593, 92
Trd, 4319373.193, 94
Trd, 4319373.693, 94
Trd, 4319376.043, 95
Trd, 4319376.643, 94
Trd, 4319383.143, 94
Trd, 4319384.043, 94
Trd, 4319386.343, 94
Trd, 4319387.493, 94
Trd, 4319388.693, 93
Trd, 4319389.043, 92
Trd, 4319391.443, 91
Trd, 4319391.793, 94
Trd, 4319392.593, 94
Trd, 4319393.143, 95
Trd, 4319395.293, 95
Trd, 4319396.993, 95
Trd, 4319398.393, 94
Trd, 4319399.693, 94
Trd, 4319401.093, 93
Trd, 4319404.843, 92
Trd, 4319406.793, 91
Trd, 4319408.743, 91
Trd, 4319410.093, 91
Trd, 4319411.293, 95
Trd, 4319411.593, 102
Trd, 4319411.893, 97
Trd, 4319413.293, 108
Trd, 4319414.543, 102
Trd, 4319417.343, 97
Trd, 4319419.743, 95
Trd, 4319421.493, 97
Trd, 4319421.693, 97
Trd, 4319421.893, 97
Trd, 4319423.493, 96
Trd, 4319423.843, 97
Trd, 4319424.443, 97
Trd, 4319431.693, 95
Trd, 4319431.993, 96
Trd, 4319432.793, 96
Trd, 4319433.093, 97
Trd, 4319434.343, 107
Trd, 4319434.393, 99
Trd, 4319435.293, 97
Trd, 4319435.593, 99
Trd, 4319436.793, 100
Trd, 4319437.043, 94
Trd, 4319438.093, 101
Trd, 4319441.043, 93
Trd, 4319441.343, 99
Trd, 4319441.993, 98
Trd, 4319443.593, 98
Trd, 4319443.643, 97
Trd, 4319446.393, 95
Trd, 4319447.793, 95
Trd, 4319448.143, 93
Trd, 4319448.343, 95
Trd, 4319449.993, 96
Trd, 4319450.343, 93
Trd, 4319450.543, 106
Trd, 4319451.143, 104
Trd, 4319451.893, 84
Trd, 4319453.343, 97
Trd, 4319453.843, 111
Trd, 4319456.343, 107
Trd, 4319458.193, 77
Trd, 4319458.543, 102
Trd, 4319459.493, 94
Trd, 4319459.793, 93
Trd, 4319461.643, 86
Trd, 4319462.243, 87
Trd, 4319463.543, 88
Trd, 4319466.043, 88
Trd, 4319467.993, 88
Trd, 4319468.343, 86
Trd, 4319470.493, 88
Trd, 4319470.943, 87
Trd, 4319471.443, 95
Trd, 4319473.093, 100
Trd, 4319473.693, 96
Trd, 4319475.943, 92
Trd, 4319476.293, 93
Trd, 4319478.593, 90
Trd, 4319480.043, 93
Trd, 4319480.443, 92
Trd, 4319481.593, 91
Trd, 4319481.993, 93
Trd, 4319483.393, 92
Trd, 4319487.293, 93
Trd, 4319487.443, 92
Trd, 4319490.443, 92
Trd, 4319490.743, 91
Trd, 4319490.793, 93
Trd, 4319490.993, 93
Trd, 4319495.243, 93
Trd, 4319497.243, 90
Trd, 4319498.793, 93
Trd, 4319500.793, 93
Trd, 4319500.893, 93
Trd, 4319501.093, 92
Trd, 4319503.243, 90
Trd, 4319503.543, 92
Trd, 4319505.143, 92
Trd, 4319507.043, 89
Trd, 4319508.443, 90
Trd, 4319512.643, 92
Trd, 4319513.543, 92
Trd, 4319513.943, 89
Trd, 4319518.793, 90
Trd, 4319518.993, 91
Trd, 4319521.693, 90
Trd, 4319522.393, 89
Trd, 4319524.893, 91
Trd, 4319525.143, 89
Trd, 4319529.743, 90
Trd, 4319530.543, 90
Trd, 4319530.793, 88
Trd, 4319532.693, 90
Trd, 4319535.893, 88
Trd, 4319536.343, 90
Trd, 4319536.693, 90
Trd, 4319537.493, 95
Trd, 4319538.743, 109
Trd, 4319538.993, 100
Trd, 4319539.843, 94
Trd, 4319541.743, 99
Trd, 4319542.443, 92
Trd, 4319542.793, 101
Trd, 4319543.893, 92
Trd, 4319544.293, 95
Trd, 4319544.593, 92
Trd, 4319549.143, 101
Trd, 4319550.693, 113
Trd, 4319551.193, 114
Trd, 4319551.743, 105
Trd, 4319552.693, 109
Trd, 4319555.393, 103
Trd, 4319555.543, 103
Trd, 4319557.043, 92
Trd, 4319557.593, 102
Trd, 4319558.643, 89
Trd, 4319560.643, 89
Trd, 4319561.493, 86
Trd, 4319563.543, 91
Trd, 4319563.943, 96
Trd, 4319564.043, 90
Trd, 4319565.693, 92
Trd, 4319566.093, 122
Trd, 4319568.493, 99
Trd, 4319569.493, 96
Trd, 4319571.243, 96
Trd, 4319572.393, 96
Trd, 4319573.393, 96
Trd, 4319574.293, 94
Trd, 4319576.343, 96
Trd, 4319576.943, 93
Trd, 4319578.443, 96
Trd, 4319581.243, 95
Trd, 4319581.543, 93
Trd, 4319585.293, 93
Trd, 4319587.593, 93
Trd, 4319587.743, 94
Trd, 4319592.593, 94
Trd, 4319593.143, 92
Trd, 4319593.443, 94
Trd, 4319594.493, 94
Trd, 4319595.243, 90
Trd, 4319596.293, 94
Trd, 4319597.943, 90
Trd, 4319599.093, 90
Trd, 4319600.893, 93
Trd, 4319601.143, 91
Trd, 4319601.743, 95
Trd, 4319603.493, 94
Trd, 4319605.543, 80
Trd, 4319606.343, 87
Trd, 4319606.943, 85
Trd, 4319607.993, 86
Trd, 4319608.743, 95
Trd, 4319610.443, 90
Trd, 4319611.493, 101
Trd, 4319612.093, 99
Trd, 4319614.243, 96
Trd, 4319614.293, 98
Trd, 4319615.993, 98
Trd, 4319616.043, 97
Trd, 4319617.293, 103
Trd, 4319618.243, 102
Trd, 4319619.193, 105
Trd, 4319619.293, 103
Trd, 4319621.143, 104
Trd, 4319625.293, 102
Trd, 4319625.643, 95
Trd, 4319626.843, 98
Trd, 4319627.743, 95
Trd, 4319630.243, 95
Trd, 4319631.143, 94
Trd, 4319631.943, 95
Trd, 4319633.693, 96
Trd, 4319634.643, 95
Trd, 4319635.493, 95
Trd, 4319637.393, 96
Trd, 4319637.593, 96
Trd, 4319639.643, 97
Trd, 4319640.543, 101
Trd, 4319641.043, 100
Trd, 4319642.743, 107
Trd, 4319643.443, 108
Trd, 4319643.893, 119
Trd, 4319645.643, 110
Trd, 4319646.193, 111
Trd, 4319647.343, 113
Trd, 4319648.593, 94
Trd, 4319649.593, 108
Trd, 4319651.843, 107
Trd, 4319653.693, 106
Trd, 4319654.243, 109
Trd, 4319655.693, 83
Trd, 4319656.493, 99
Trd, 4319657.843, 99
Trd, 4319658.643, 98
Trd, 4319658.693, 100
Trd, 4319660.643, 92
Trd, 4319662.543, 90
Trd, 4319663.793, 92
Trd, 4319664.093, 91
Trd, 4319664.393, 89
Trd, 4319665.043, 95
Trd, 4319667.093, 93
Trd, 4319667.843, 91
Trd, 4319668.493, 95
Trd, 4319669.393, 90
Trd, 4319672.843, 88
Trd, 4319674.043, 89
Trd, 4319674.593, 94
Trd, 4319675.493, 95
Trd, 4319676.993, 85
Trd, 4319678.693, 87
Trd, 4319679.343, 87
Trd, 4319680.243, 88
Trd, 4319681.793, 86
Trd, 4319682.393, 87
Trd, 4319683.443, 87
Trd, 4319687.443, 86
Trd, 4319688.743, 87
Trd, 4319689.593, 87
Trd, 4319693.093, 87
Trd, 4319694.293, 95
Trd, 4319694.593, 90
Trd, 4319694.743, 89
Trd, 4319695.693, 98
Trd, 4319697.643, 95
Trd, 4319698.643, 96
Trd, 4319700.743, 92
Trd, 4319701.843, 84
Trd, 4319702.843, 90
Trd, 4319706.443, 91
Trd, 4319707.093, 91
Trd, 4319707.243, 96
Trd, 4319708.993, 94
Trd, 4319709.143, 89
Trd, 4319711.093, 89
Trd, 4319711.743, 93
Trd, 4319712.143, 115
Trd, 4319716.843, 97
Trd, 4319719.643, 95
Trd, 4319721.093, 95
Trd, 4319722.143, 94
Trd, 4319723.343, 93
Trd, 4319724.443, 95
Trd, 4319726.193, 95
Trd, 4319726.843, 95
Trd, 4319727.093, 92
Trd, 4319728.693, 94
Trd, 4319731.543, 94
Trd, 4319733.143, 94
Trd, 4319733.743, 92
Trd, 4319735.093, 93
Trd, 4319736.343, 93
Trd, 4319739.393, 93
Trd, 4319740.993, 94
Trd, 4319741.793, 92
Trd, 4319743.043, 95
Trd, 4319745.643, 91
Trd, 4319746.993, 93
Trd, 4319749.193, 92
Trd, 4319749.593, 93
Trd, 4319750.993, 91
Trd, 4319753.543, 93
Trd, 4319754.393, 92
Trd, 4319755.543, 91
Trd, 4319756.493, 92
Trd, 4319757.543, 90
Trd, 4319757.593, 91
Trd, 4319758.193, 95
Trd, 4319761.443, 93
Trd, 4319764.293, 89
Trd, 4319765.343, 92
Trd, 4319767.993, 91
Trd, 4319768.843, 91
Trd, 4319770.393, 88
Trd, 4319770.743, 91
Trd, 4319772.093, 88
Trd, 4319777.093, 91
Trd, 4319777.143, 91
Trd, 4319779.743, 88
Trd, 4319781.243, 91
Trd, 4319782.293, 92
Trd, 4319783.193, 103
Trd, 4319783.943, 96
Trd, 4319786.493, 94
Trd, 4319786.793, 94
Trd, 4319789.093, 88
Trd, 4319789.993, 92
Trd, 4319791.093, 91
Trd, 4319792.093, 93
Trd, 4319794.093, 92
Trd, 4319794.693, 95
Trd, 4319795.043, 91
Trd, 4319797.643, 93
Trd, 4319798.193, 94
Trd, 4319799.443, 93
Trd, 4319800.643, 78
Trd, 4319802.043, 89
Trd, 4319803.043, 95
Trd, 4319805.443, 88
Trd, 4319807.793, 89
Trd, 4319809.193, 90
Trd, 4319811.343, 87
Trd, 4319812.543, 88
Trd, 4319812.693, 89
Trd, 4319813.593, 85
Trd, 4319815.393, 95
Trd, 4319817.193, 90
Trd, 4319817.843, 90
Trd, 4319821.143, 90
Trd, 4319822.343, 90
Trd, 4319825.443, 87
Trd, 4319825.993, 89
Trd, 4319826.543, 89
Trd, 4319827.793, 88
Trd, 4319829.493, 89
Trd, 4319829.843, 90
Trd, 4319832.993, 91
Trd, 4319833.893, 90
Trd, 4319835.143, 86
Trd, 4319836.093, 90
Trd, 4319840.743, 86
Trd, 4319841.093, 89
Trd, 4319842.193, 89
Trd, 4319843.143, 89
Trd, 4319844.743, 89
Trd, 4319847.543, 87
Trd, 4319850.693, 89
Trd, 4319851.743, 89
Trd, 4319852.343, 85
Trd, 4319853.143, 90
Trd, 4319855.943, 98
Trd, 4319856.493, 94
Trd, 4319857.893, 102
Trd, 4319858.843, 103
Trd, 4319859.293, 92
Trd, 4319860.643, 87
Trd, 4319863.693, 98
Trd, 4319865.793, 98
Trd, 4319865.993, 99
Trd, 4319867.493, 96
Trd, 4319868.793, 95
Trd, 4319870.693, 94
Trd, 4319872.343, 94
Trd, 4319873.343, 92
Trd, 4319874.093, 92
Trd, 4319875.543, 93
Trd, 4319876.043, 85
Trd, 4319876.493, 104
Trd, 4319877.393, 100
Trd, 4319879.193, 110
Trd, 4319880.893, 108
Trd, 4319882.443, 106
Trd, 4319882.893, 107
Trd, 4319885.543, 111
Trd, 4319886.643, 103
Trd, 4319886.693, 94
Trd, 4319888.293, 104
Trd, 4319890.193, 93
Trd, 4319891.193, 95
Trd, 4319891.343, 100
Trd, 4319891.543, 100
Trd, 4319892.343, 89
Trd, 4319892.593, 122
Trd, 4319897.443, 98
Trd, 4319898.443, 99
Trd, 4319899.293, 99
Trd, 4319901.543, 99
Trd, 4319902.593, 98
Trd, 4319903.743, 99
Trd, 4319905.493, 99
Trd, 4319908.193, 98
Trd, 4319908.393, 97
Trd, 4319910.293, 98
Trd, 4319910.793, 98
Trd, 4319912.443, 83
Trd, 4319912.843, 86
Trd, 4319913.493, 95
Trd, 4319913.843, 89
Trd, 4319917.393, 90
Trd, 4319918.743, 95
Trd, 4319919.043, 90
Trd, 4319919.593, 100
Trd, 4319922.093, 104
Trd, 4319922.793, 105
Trd, 4319923.793, 112
Trd, 4319924.293, 104
Trd, 4319924.943, 80
Trd, 4319925.993, 99
Trd, 4319927.493, 98
Trd, 4319929.443, 97
Trd, 4319929.993, 98
Trd, 4319931.843, 88
Trd, 4319933.193, 98
Trd, 4319934.993, 95
Trd, 4319939.193, 97
Trd, 4319939.543, 97
Trd, 4319939.843, 96
Trd, 4319940.243, 97
Trd, 4319941.243, 97
Trd, 4319941.543, 94
Trd, 4319944.093, 101
Trd, 4319945.643, 98
Trd, 4319947.943, 101
Trd, 4319949.343, 102
Trd, 4319949.743, 101
Trd, 4319951.443, 94
Trd, 4319953.943, 97
Trd, 4319954.793, 101
Trd, 4319954.943, 100
Trd, 4319955.893, 103
Trd, 4319957.093, 99
Trd, 4319958.243, 94
Trd, 4319958.693, 93
Trd, 4319959.143, 96
Trd, 4319959.443, 113
Trd, 4319963.443, 98
Trd, 4319964.643, 95
Trd, 4319964.993, 94
Trd, 4319965.293, 95
Trd, 4319968.693, 96
Trd, 4319968.993, 93
Trd, 4319969.743, 93
Trd, 4319970.443, 96
Trd, 4319971.593, 96
Trd, 4319972.443, 96
Trd, 4319972.543, 93
Trd, 4319975.693, 96
Trd, 4319979.093, 94
Trd, 4319981.493, 93
Trd, 4319983.143, 94
Trd, 4319984.293, 95
Trd, 4319985.043, 94
Trd, 4319985.243, 92
Trd, 4319989.343, 91
Trd, 4319989.793, 94
Trd, 4319991.543, 90
Trd, 4319992.143, 94
Trd, 4319992.743, 94
Trd, 4319995.893, 94
Trd, 4319996.043, 89
Trd, 4319997.193, 94
Trd, 4319998.093, 93
Trd, 4319999.293, 93
