Trd, 4317829.643, 97
Trd, 4317829.793, 95
Trd, 4317831.543, 94
Trd, 4317832.643, 94
Trd, 4317833.143, 93
Trd, 4317834.143, 96
Trd, 4317834.493, 96
Trd, 4317837.043, 96
Trd, 4317837.393, 95
Trd, 4317838.043, 95
Trd, 4317839.043, 94
Trd, 4317841.543, 96
Trd, 4317841.943, 96
Trd, 4317846.043, 95
Trd, 4317848.193, 96
Trd, 4317848.843, 96
Trd, 4317849.243, 96
Trd, 4317849.443, 95
Trd, 4317853.193, 96
Trd, 4317854.293, 96
Trd, 4317855.093, 93
Trd, 4317858.193, 95
Trd, 4317858.843, 95
Trd, 4317860.043, 95
Trd, 4317861.043, 95
Trd, 4317861.643, 94
Trd, 4317862.643, 94
Trd, 4317865.943, 95
Trd, 4317866.193, 95
Trd, 4317867.343, 94
Trd, 4317868.043, 91
Trd, 4317869.893, 97
Trd, 4317870.543, 95
Trd, 4317872.643, 96
Trd, 4317873.693, 97
Trd, 4317873.743, 95
Trd, 4317875.543, 97
Trd, 4317875.643, 96
Trd, 4317878.893, 98
Trd, 4317882.143, 98
Trd, 4317882.243, 97
Trd, 4317888.843, 98
Trd, 4317889.293, 96
Trd, 4317890.293, 97
Trd, 4317892.843, 97
Trd, 4317894.293, 97
Trd, 4317894.493, 96
Trd, 4317898.693, 95
Trd, 4317899.293, 96
Trd, 4317899.693, 95
Trd, 4317901.243, 97
Trd, 4317903.493, 101
Trd, 4317904.393, 101
Trd, 4317905.493, 99
Trd, 4317906.693, 100
Trd, 4317909.593, 100
Trd, 4317910.243, 100
Trd, 4317911.243, 100
Trd, 4317912.443, 101
Trd, 4317914.493, 100
Trd, 4317914.793, 101
Trd, 4317916.643, 100
Trd, 4317918.693, 101
Trd, 4317920.893, 101
Trd, 4317922.043, 101
Trd, 4317924.193, 100
Trd, 4317926.843, 101
Trd, 4317927.043, 101
Trd, 4317928.243, 100
Trd, 4317929.993, 100
Trd, 4317931.443, 98
Trd, 4317932.293, 99
Trd, 4317934.643, 98
Trd, 4317936.143, 98
Trd, 4317938.693, 100
Trd, 4317939.393, 99
Trd, 4317941.493, 98
Trd, 4317943.443, 100
Trd, 4317945.743, 99
Trd, 4317945.893, 97
Trd, 4317947.393, 98
Trd, 4317949.643, 98
Trd, 4317950.893, 98
Trd, 4317952.593, 97
Trd, 4317953.743, 98
Trd, 4317955.493, 96
Trd, 4317959.343, 97
Trd, 4317960.793, 98
Trd, 4317962.043, 98
Trd, 4317963.193, 97
Trd, 4317964.793, 96
Trd, 4317967.243, 98
Trd, 4317968.293, 98
Trd, 4317968.843, 98
Trd, 4317970.093, 98
Trd, 4317971.193, 96
Trd, 4317974.643, 99
Trd, 4317975.393, 100
Trd, 4317975.643, 98
Trd, 4317978.493, 100
Trd, 4317978.993, 97
Trd, 4317983.093, 99
Trd, 4317983.693, 98
Trd, 4317983.943, 97
Trd, 4317984.193, 97
Trd, 4317984.493, 96
Trd, 4317985.543, 96
Trd, 4317987.143, 97
Trd, 4317988.293, 96
Trd, 4317990.393, 94
Trd, 4317991.943, 92
Trd, 4317992.393, 86
Trd, 4317994.993, 88
Trd, 4317995.343, 88
Trd, 4317996.093, 88
Trd, 4317997.393, 92
Trd, 4317997.893, 92
Trd, 4317999.693, 100
Trd, 4318000.393, 99
Trd, 4318000.793, 99
Trd, 4318002.493, 97
Trd, 4318005.493, 98
Trd, 4318005.893, 97
Trd, 4318007.343, 98
Trd, 4318009.443, 97
Trd, 4318010.343, 98
Trd, 4318013.743, 97
Trd, 4318014.443, 97
Trd, 4318016.043, 96
Trd, 4318016.343, 91
Trd, 4318017.393, 94
Trd, 4318018.443, 94
Trd, 4318018.843, 93
Trd, 4318019.843, 95
Trd, 4318020.843, 95
Trd, 4318021.743, 96
Trd, 4318023.943, 96
Trd, 4318025.843, 98
Trd, 4318026.843, 97
Trd, 4318027.043, 96
Trd, 4318027.993, 97
Trd, 4318029.693, 96
Trd, 4318029.943, 95
Trd, 4318030.243, 88
Trd, 4318031.693, 92
Trd, 4318033.743, 93
Trd, 4318035.693, 96
Trd, 4318037.443, 98
Trd, 4318037.843, 97
Trd, 4318038.243, 96
Trd, 4318041.243, 96
Trd, 4318041.293, 97
Trd, 4318041.943, 97
Trd, 4318045.243, 96
Trd, 4318046.293, 96
Trd, 4318046.843, 95
Trd, 4318047.043, 95
Trd, 4318047.243, 95
Trd, 4318049.443, 95
Trd, 4318051.893, 94
Trd, 4318054.093, 95
Trd, 4318054.243, 95
Trd, 4318057.143, 95
Trd, 4318057.493, 93
Trd, 4318059.493, 93
Trd, 4318060.493, 94
Trd, 4318061.343, 95
Trd, 4318064.143, 95
Trd, 4318064.543, 94
Trd, 4318067.093, 95
Trd, 4318067.993, 95
Trd, 4318068.893, 94
Trd, 4318070.643, 96
Trd, 4318070.693, 96
Trd, 4318071.693, 97
Trd, 4318072.293, 99
Trd, 4318076.293, 106
Trd, 4318076.593, 106
Trd, 4318076.743, 105
Trd, 4318079.193, 105
Trd, 4318079.793, 105
Trd, 4318081.593, 104
Trd, 4318081.643, 104
Trd, 4318084.543, 102
Trd, 4318087.293, 103
Trd, 4318089.943, 103
Trd, 4318090.293, 102
Trd, 4318091.743, 103
Trd, 4318098.143, 102
Trd, 4318098.793, 103
Trd, 4318099.143, 102
Trd, 4318099.743, 101
Trd, 4318101.093, 100
Trd, 4318104.443, 102
Trd, 4318106.143, 101
Trd, 4318107.843, 101
Trd, 4318108.193, 100
Trd, 4318110.343, 101
Trd, 4318110.393, 102
Trd, 4318110.893, 102
Trd, 4318111.593, 100
Trd, 4318113.143, 110
Trd, 4318114.543, 107
Trd, 4318116.493, 107
Trd, 4318116.893, 106
Trd, 4318118.643, 105
Trd, 4318119.293, 104
Trd, 4318122.443, 102
Trd, 4318122.893, 102
Trd, 4318123.443, 101
Trd, 4318124.193, 97
Trd, 4318127.243, 101
Trd, 4318127.893, 100
Trd, 4318128.243, 99
Trd, 4318130.743, 98
Trd, 4318133.043, 99
Trd, 4318135.093, 99
Trd, 4318136.593, 98
Trd, 4318136.893, 97
Trd, 4318137.643, 99
Trd, 4318138.793, 99
Trd, 4318139.893, 100
Trd, 4318141.643, 90
Trd, 4318142.543, 99
Trd, 4318143.593, 95
Trd, 4318143.693, 96
Trd, 4318146.543, 97
Trd, 4318146.593, 89
Trd, 4318148.243, 96
Trd, 4318149.343, 97
Trd, 4318151.543, 96
Trd, 4318151.893, 95
Trd, 4318152.943, 97
Trd, 4318154.443, 97
Trd, 4318155.393, 97
Trd, 4318158.243, 96
Trd, 4318159.793, 95
Trd, 4318165.043, 97
Trd, 4318165.843, 96
Trd, 4318165.943, 95
Trd, 4318167.443, 96
Trd, 4318167.843, 94
Trd, 4318170.593, 96
Trd, 4318173.493, 96
Trd, 4318176.793, 95
Trd, 4318179.143, 96
Trd, 4318180.193, 94
Trd, 4318183.293, 96
Trd, 4318183.943, 95
Trd, 4318186.143, 94
Trd, 4318187.493, 96
Trd, 4318188.043, 96
Trd, 4318192.643, 93
Trd, 4318192.993, 94
Trd, 4318193.843, 96
Trd, 4318195.243, 97
Trd, 4318198.143, 96
Trd, 4318198.343, 95
Trd, 4318199.343, 96
Trd, 4318200.693, 95
Trd, 4318201.443, 95
Trd, 4318201.993, 95
Trd, 4318203.543, 95
Trd, 4318204.143, 96
Trd, 4318204.893, 95
Trd, 4318206.393, 101
Trd, 4318207.043, 99
Trd, 4318207.843, 100
Trd, 4318209.893, 94
Trd, 4318210.743, 88
Trd, 4318212.593, 91
Trd, 4318212.843, 90
Trd, 4318214.493, 93
Trd, 4318216.743, 95
Trd, 4318216.893, 94
Trd, 4318220.743, 95
Trd, 4318220.893, 95
Trd, 4318221.543, 95
Trd, 4318222.543, 95
Trd, 4318222.693, 94
Trd, 4318223.493, 95
Trd, 4318227.093, 95
Trd, 4318227.793, 96
Trd, 4318227.993, 93
Trd, 4318229.593, 94
Trd, 4318231.543, 96
Trd, 4318234.543, 95
Trd, 4318235.393, 96
Trd, 4318237.293, 96
Trd, 4318237.343, 95
Trd, 4318237.593, 94
Trd, 4318240.443, 95
Trd, 4318241.643, 93
Trd, 4318242.043, 93
Trd, 4318243.693, 95
Trd, 4318244.043, 95
Trd, 4318245.543, 96
Trd, 4318246.393, 96
Trd, 4318247.243, 96
Trd, 4318249.293, 96
Trd, 4318250.343, 97
Trd, 4318251.243, 98
Trd, 4318253.443, 97
Trd, 4318256.593, 98
Trd, 4318257.593, 98
Trd, 4318258.243, 97
Trd, 4318258.793, 98
Trd, 4318261.943, 98
Trd, 4318263.943, 97
Trd, 4318266.043, 98
Trd, 4318267.643, 97
Trd, 4318268.943, 98
Trd, 4318269.643, 98
Trd, 4318271.693, 95
Trd, 4318274.043, 98
Trd, 4318276.443, 98
Trd, 4318276.643, 97
Trd, 4318280.893, 96
Trd, 4318281.143, 97
Trd, 4318283.643, 96
Trd, 4318284.593, 97
Trd, 4318285.693, 97
Trd, 4318288.243, 98
Trd, 4318289.293, 99
Trd, 4318289.993, 96
Trd, 4318293.743, 99
Trd, 4318294.193, 99
Trd, 4318295.093, 97
Trd, 4318299.843, 99
Trd, 4318301.943, 98
Trd, 4318304.243, 99
Trd, 4318306.443, 97
Trd, 4318307.043, 99
Trd, 4318307.843, 99
Trd, 4318309.393, 99
Trd, 4318311.193, 99
Trd, 4318311.293, 99
Trd, 4318311.593, 95
Trd, 4318314.393, 98
Trd, 4318315.093, 99
Trd, 4318316.343, 99
Trd, 4318318.093, 98
Trd, 4318320.243, 96
Trd, 4318323.343, 99
Trd, 4318324.743, 98
Trd, 4318325.243, 99
Trd, 4318326.793, 98
Trd, 4318329.793, 99
Trd, 4318330.443, 97
Trd, 4318332.943, 98
Trd, 4318332.993, 97
Trd, 4318333.043, 96
Trd, 4318333.693, 97
Trd, 4318335.993, 98
Trd, 4318337.843, 96
Trd, 4318338.443, 98
Trd, 4318342.093, 96
Trd, 4318344.993, 98
Trd, 4318345.893, 97
Trd, 4318346.243, 95
Trd, 4318349.243, 95
Trd, 4318351.293, 97
Trd, 4318353.043, 98
Trd, 4318354.743, 98
Trd, 4318355.493, 98
Trd, 4318356.043, 97
Trd, 4318356.693, 97
Trd, 4318359.993, 97
Trd, 4318362.593, 98
Trd, 4318366.743, 97
Trd, 4318369.543, 98
Trd, 4318370.193, 97
Trd, 4318374.593, 98
Trd, 4318376.893, 98
Trd, 4318377.493, 97
Trd, 4318378.643, 98
Trd, 4318379.193, 97
Trd, 4318380.393, 96
Trd, 4318385.543, 96
Trd, 4318386.943, 97
Trd, 4318387.093, 96
Trd, 4318389.343, 95
Trd, 4318389.643, 96
Trd, 4318389.693, 95
Trd, 4318391.943, 94
Trd, 4318392.993, 95
Trd, 4318393.493, 95
Trd, 4318394.143, 95
Trd, 4318395.593, 94
Trd, 4318398.493, 95
Trd, 4318399.643, 95
Trd, 4318401.093, 95
Trd, 4318403.493, 95
Trd, 4318403.743, 94
Trd, 4318405.443, 96
Trd, 4318406.643, 96
Trd, 4318407.093, 96
Trd, 4318407.643, 95
Trd, 4318409.743, 95
Trd, 4318411.893, 96
Trd, 4318412.793, 95
Trd, 4318416.393, 96
Trd, 4318416.543, 97
Trd, 4318417.243, 98
Trd, 4318417.543, 97
Trd, 4318420.193, 99
Trd, 4318421.993, 97
Trd, 4318423.993, 98
Trd, 4318424.193, 98
Trd, 4318428.593, 97
Trd, 4318428.893, 96
Trd, 4318428.993, 95
Trd, 4318429.443, 95
Trd, 4318432.743, 96
Trd, 4318433.943, 96
Trd, 4318434.043, 97
Trd, 4318435.293, 97
Trd, 4318436.293, 98
Trd, 4318437.093, 99
Trd, 4318437.393, 98
Trd, 4318438.693, 98
Trd, 4318441.093, 97
Trd, 4318442.593, 99
Trd, 4318443.343, 99
Trd, 4318445.193, 99
Trd, 4318448.043, 98
Trd, 4318449.843, 97
Trd, 4318451.193, 98
Trd, 4318451.743, 96
Trd, 4318454.343, 98
Trd, 4318455.193, 98
Trd, 4318455.693, 98
Trd, 4318457.343, 98
Trd, 4318458.343, 97
Trd, 4318458.643, 95
Trd, 4318459.493, 96
Trd, 4318462.593, 87
Trd, 4318464.393, 92
Trd, 4318464.793, 92
Trd, 4318467.093, 92
Trd, 4318468.693, 92
Trd, 4318469.393, 93
Trd, 4318471.143, 94
Trd, 4318473.593, 94
Trd, 4318474.293, 93
Trd, 4318478.593, 94
Trd, 4318479.193, 94
Trd, 4318479.593, 94
Trd, 4318480.893, 93
Trd, 4318482.043, 94
Trd, 4318482.243, 94
Trd, 4318482.943, 95
Trd, 4318482.993, 95
Trd, 4318485.343, 96
Trd, 4318485.893, 96
Trd, 4318488.893, 94
Trd, 4318490.243, 94
Trd, 4318491.343, 94
Trd, 4318493.843, 94
Trd, 4318493.943, 93
Trd, 4318497.293, 93
Trd, 4318499.643, 92
Trd, 4318500.943, 93
Trd, 4318501.243, 93
Trd, 4318503.993, 94
Trd, 4318505.693, 92
Trd, 4318506.243, 93
Trd, 4318508.843, 93
Trd, 4318509.143, 93
Trd, 4318512.193, 93
Trd, 4318512.293, 92
Trd, 4318512.593, 92
Trd, 4318514.343, 94
Trd, 4318515.193, 93
Trd, 4318516.693, 95
Trd, 4318516.943, 95
Trd, 4318517.243, 95
Trd, 4318518.793, 96
Trd, 4318519.593, 96
Trd, 4318520.543, 95
Trd, 4318521.443, 96
Trd, 4318525.643, 96
Trd, 4318526.593, 95
Trd, 4318526.693, 94
Trd, 4318527.093, 95
Trd, 4318527.243, 94
Trd, 4318528.443, 94
Trd, 4318529.093, 93
Trd, 4318531.343, 94
Trd, 4318531.743, 93
Trd, 4318532.593, 95
Trd, 4318534.843, 93
Trd, 4318537.693, 94
Trd, 4318539.643, 94
Trd, 4318540.193, 94
Trd, 4318540.643, 95
Trd, 4318541.093, 95
Trd, 4318541.243, 96
Trd, 4318544.593, 105
Trd, 4318544.693, 104
Trd, 4318545.293, 104
Trd, 4318547.293, 105
Trd, 4318549.693, 106
Trd, 4318549.943, 105
Trd, 4318550.243, 105
Trd, 4318551.743, 104
Trd, 4318554.293, 100
Trd, 4318555.743, 99
Trd, 4318556.443, 100
Trd, 4318557.743, 90
Trd, 4318558.443, 95
Trd, 4318559.193, 96
Trd, 4318559.893, 96
Trd, 4318561.643, 96
Trd, 4318562.893, 96
Trd, 4318563.493, 95
Trd, 4318565.243, 95
Trd, 4318565.743, 95
Trd, 4318566.243, 96
Trd, 4318568.643, 96
Trd, 4318570.743, 96
Trd, 4318572.093, 94
Trd, 4318575.893, 97
Trd, 4318576.643, 96
Trd, 4318580.343, 97
Trd, 4318581.093, 97
Trd, 4318581.293, 96
Trd, 4318582.543, 95
Trd, 4318583.843, 97
Trd, 4318584.043, 96
Trd, 4318588.943, 97
Trd, 4318590.143, 96
Trd, 4318590.343, 94
Trd, 4318591.343, 95
Trd, 4318591.443, 94
Trd, 4318592.043, 93
Trd, 4318594.193, 93
Trd, 4318596.043, 97
Trd, 4318597.343, 100
Trd, 4318598.043, 99
Trd, 4318599.043, 98
Trd, 4318601.743, 97
Trd, 4318603.443, 98
Trd, 4318604.543, 97
Trd, 4318607.843, 98
Trd, 4318608.493, 97
Trd, 4318608.993, 98
Trd, 4318610.693, 97
Trd, 4318611.093, 98
Trd, 4318611.143, 99
Trd, 4318614.043, 100
Trd, 4318615.293, 99
Trd, 4318615.943, 99
Trd, 4318618.393, 102
Trd, 4318618.493, 100
Trd, 4318622.093, 98
Trd, 4318622.793, 100
Trd, 4318622.943, 99
Trd, 4318626.043, 98
Trd, 4318626.343, 97
Trd, 4318628.743, 98
Trd, 4318629.493, 96
Trd, 4318631.393, 97
Trd, 4318631.743, 96
Trd, 4318631.993, 95
Trd, 4318633.443, 102
Trd, 4318633.943, 101
Trd, 4318634.343, 101
Trd, 4318635.343, 99
Trd, 4318639.543, 100
Trd, 4318639.843, 100
Trd, 4318640.643, 100
Trd, 4318643.593, 100
Trd, 4318643.943, 99
Trd, 4318645.343, 99
Trd, 4318646.943, 99
Trd, 4318647.843, 99
Trd, 4318649.843, 98
Trd, 4318652.543, 99
Trd, 4318652.743, 98
Trd, 4318653.543, 97
Trd, 4318654.443, 95
Trd, 4318656.443, 94
Trd, 4318658.493, 97
Trd, 4318659.393, 97
Trd, 4318661.293, 97
Trd, 4318661.643, 96
Trd, 4318665.443, 95
Trd, 4318666.393, 95
Trd, 4318667.393, 95
Trd, 4318667.593, 94
Trd, 4318670.693, 93
Trd, 4318671.943, 95
Trd, 4318672.843, 96
Trd, 4318673.543, 94
Trd, 4318676.093, 96
Trd, 4318677.693, 94
Trd, 4318678.093, 96
Trd, 4318679.593, 96
Trd, 4318680.043, 95
Trd, 4318681.343, 96
Trd, 4318683.543, 95
Trd, 4318687.643, 94
Trd, 4318688.593, 96
Trd, 4318688.943, 95
Trd, 4318689.693, 94
Trd, 4318690.143, 94
Trd, 4318691.693, 95
Trd, 4318692.843, 93
Trd, 4318695.093, 95
Trd, 4318695.193, 95
Trd, 4318698.943, 95
Trd, 4318699.043, 95
Trd, 4318700.193, 93
Trd, 4318702.093, 94
Trd, 4318702.743, 94
Trd, 4318708.093, 94
Trd, 4318710.493, 93
Trd, 4318712.093, 94
Trd, 4318713.743, 95
Trd, 4318714.293, 93
Trd, 4318716.493, 94
Trd, 4318718.743, 95
Trd, 4318718.843, 95
Trd, 4318721.193, 95
Trd, 4318722.243, 96
Trd, 4318723.393, 95
Trd, 4318725.593, 95
Trd, 4318726.093, 95
Trd, 4318726.793, 95
Trd, 4318727.593, 95
Trd, 4318729.543, 94
Trd, 4318731.343, 94
Trd, 4318731.693, 94
Trd, 4318732.343, 93
Trd, 4318735.843, 96
Trd, 4318737.193, 95
Trd, 4318738.093, 96
Trd, 4318739.493, 96
Trd, 4318740.443, 97
Trd, 4318740.993, 95
Trd, 4318744.743, 97
Trd, 4318744.793, 95
Trd, 4318745.443, 94
Trd, 4318748.243, 97
Trd, 4318749.543, 97
Trd, 4318750.193, 97
Trd, 4318750.443, 98
Trd, 4318752.993, 98
Trd, 4318754.843, 98
Trd, 4318757.943, 99
Trd, 4318758.593, 99
Trd, 4318759.943, 98
Trd, 4318762.993, 99
Trd, 4318763.393, 99
Trd, 4318764.343, 98
Trd, 4318767.343, 97
Trd, 4318769.343, 98
Trd, 4318770.493, 98
Trd, 4318771.643, 98
Trd, 4318774.143, 97
Trd, 4318775.293, 99
Trd, 4318777.043, 99
Trd, 4318777.093, 96
Trd, 4318783.343, 99
Trd, 4318783.843, 99
Trd, 4318785.393, 98
Trd, 4318785.643, 98
Trd, 4318787.293, 98
Trd, 4318787.943, 97
Trd, 4318791.893, 99
Trd, 4318794.393, 98
Trd, 4318794.643, 97
Trd, 4318794.893, 97
Trd, 4318797.493, 96
Trd, 4318798.343, 97
Trd, 4318799.093, 97
Trd, 4318800.443, 96
Trd, 4318804.143, 97
Trd, 4318804.943, 96
Trd, 4318805.393, 95
Trd, 4318807.893, 95
Trd, 4318808.493, 96
Trd, 4318810.643, 96
Trd, 4318811.643, 95
Trd, 4318816.093, 95
Trd, 4318816.943, 95
Trd, 4318818.643, 94
Trd, 4318820.643, 95
Trd, 4318821.243, 95
Trd, 4318821.493, 94
Trd, 4318822.093, 92
Trd, 4318823.693, 94
Trd, 4318827.293, 95
Trd, 4318828.693, 95
Trd, 4318829.343, 95
Trd, 4318830.243, 96
Trd, 4318831.843, 97
Trd, 4318832.493, 93
Trd, 4318834.593, 96
Trd, 4318834.743, 96
Trd, 4318835.093, 95
Trd, 4318836.993, 92
Trd, 4318842.193, 95
Trd, 4318842.693, 95
Trd, 4318843.093, 95
Trd, 4318847.543, 95
Trd, 4318847.943, 95
Trd, 4318849.193, 95
Trd, 4318850.393, 95
Trd, 4318854.843, 95
Trd, 4318855.543, 95
Trd, 4318856.693, 95
Trd, 4318856.843, 94
Trd, 4318861.793, 94
Trd, 4318862.843, 95
Trd, 4318863.143, 95
Trd, 4318865.343, 94
Trd, 4318869.493, 95
Trd, 4318869.793, 95
Trd, 4318871.243, 95
Trd, 4318871.843, 96
Trd, 4318873.143, 95
Trd, 4318874.793, 95
Trd, 4318875.643, 94
Trd, 4318876.593, 93
Trd, 4318878.743, 93
Trd, 4318879.093, 92
Trd, 4318882.793, 93
Trd, 4318883.143, 92
Trd, 4318884.293, 93
Trd, 4318885.443, 94
Trd, 4318886.993, 94
Trd, 4318889.943, 94
Trd, 4318890.143, 94
Trd, 4318892.343, 94
Trd, 4318892.593, 93
Trd, 4318893.243, 93
Trd, 4318894.593, 95
Trd, 4318895.493, 94
Trd, 4318898.243, 94
Trd, 4318898.343, 93
Trd, 4318900.943, 95
Trd, 4318901.243, 96
Trd, 4318904.293, 103
Trd, 4318905.343, 102
Trd, 4318905.793, 99
Trd, 4318907.893, 95
Trd, 4318907.993, 96
Trd, 4318910.543, 97
Trd, 4318912.043, 96
Trd, 4318912.393, 96
Trd, 4318914.443, 97
Trd, 4318914.593, 96
Trd, 4318917.893, 97
Trd, 4318918.543, 97
Trd, 4318920.293, 95
Trd, 4318924.043, 96
Trd, 4318924.943, 95
Trd, 4318925.693, 95
Trd, 4318926.093, 96
Trd, 4318927.793, 96
Trd, 4318928.043, 95
Trd, 4318929.743, 95
Trd, 4318930.843, 96
Trd, 4318933.543, 95
Trd, 4318934.443, 96
Trd, 4318934.693, 95
Trd, 4318935.543, 95
Trd, 4318938.843, 95
Trd, 4318940.343, 95
Trd, 4318941.093, 96
Trd, 4318941.843, 96
Trd, 4318942.093, 92
Trd, 4318942.593, 93
Trd, 4318946.993, 96
Trd, 4318947.893, 94
Trd, 4318952.143, 96
Trd, 4318953.043, 96
Trd, 4318953.993, 95
Trd, 4318954.793, 95
Trd, 4318955.543, 93
Trd, 4318959.143, 96
Trd, 4318961.393, 95
Trd, 4318962.943, 96
Trd, 4318963.343, 96
Trd, 4318965.343, 95
Trd, 4318966.743, 95
Trd, 4318967.843, 94
Trd, 4318968.643, 95
Trd, 4318970.293, 95
Trd, 4318971.043, 96
Trd, 4318971.343, 96
Trd, 4318972.343, 95
Trd, 4318978.093, 96
Trd, 4318978.843, 96
Trd, 4318979.293, 95
Trd, 4318980.493, 93
Trd, 4318980.893, 93
Trd, 4318981.393, 92
Trd, 4318984.243, 94
Trd, 4318985.893, 95
Trd, 4318988.593, 95
Trd, 4318988.843, 95
Trd, 4318989.293, 96
Trd, 4318989.943, 95
Trd, 4318990.443, 94
Trd, 4318991.343, 93
Trd, 4318991.993, 95
Trd, 4318995.643, 94
Trd, 4318996.193, 94
Trd, 4318999.593, 94
Trd, 4318999.993, 93
Trd, 4319000.143, 94
Trd, 4319000.943, 93
Trd, 4319002.943, 93
Trd, 4319003.393, 94
Trd, 4319005.293, 94
Trd, 4319009.393, 94
Trd, 4319009.943, 93
Trd, 4319010.993, 94
Trd, 4319011.593, 94
Trd, 4319012.393, 95
Trd, 4319013.243, 95
Trd, 4319014.093, 95
Trd, 4319015.793, 95
Trd, 4319016.893, 94
Trd, 4319018.993, 96
Trd, 4319019.293, 96
Trd, 4319020.193, 96
Trd, 4319022.043, 96
Trd, 4319024.143, 96
Trd, 4319026.293, 95
Trd, 4319027.443, 96
Trd, 4319029.593, 95
Trd, 4319031.493, 96
Trd, 4319033.593, 94
Trd, 4319036.043, 96
Trd, 4319037.593, 97
Trd, 4319037.693, 95
Trd, 4319038.543, 96
Trd, 4319042.743, 97
Trd, 4319043.143, 97
Trd, 4319044.393, 95
Trd, 4319049.693, 96
Trd, 4319051.543, 96
Trd, 4319052.643, 95
Trd, 4319053.193, 95
Trd, 4319055.143, 96
Trd, 4319055.293, 96
Trd, 4319056.193, 95
Trd, 4319056.843, 95
Trd, 4319058.443, 95
Trd, 4319059.193, 95
Trd, 4319060.493, 95
Trd, 4319062.943, 99
Trd, 4319062.993, 97
Trd, 4319064.193, 96
Trd, 4319066.243, 86
Trd, 4319066.543, 87
Trd, 4319067.243, 88
Trd, 4319067.393, 88
Trd, 4319069.943, 88
Trd, 4319070.493, 88
Trd, 4319071.843, 96
Trd, 4319072.293, 95
Trd, 4319073.293, 97
Trd, 4319074.343, 96
Trd, 4319074.693, 96
Trd, 4319078.693, 102
Trd, 4319078.943, 100
Trd, 4319079.743, 99
Trd, 4319080.043, 97
Trd, 4319082.393, 99
Trd, 4319082.943, 99
Trd, 4319085.343, 99
Trd, 4319085.543, 98
Trd, 4319085.993, 98
Trd, 4319086.843, 97
Trd, 4319089.643, 96
Trd, 4319089.943, 96
Trd, 4319091.643, 95
Trd, 4319091.893, 96
Trd, 4319095.543, 96
Trd, 4319098.093, 96
Trd, 4319098.843, 96
Trd, 4319100.543, 97
Trd, 4319102.393, 97
Trd, 4319103.043, 97
Trd, 4319103.143, 97
Trd, 4319105.293, 91
Trd, 4319107.593, 90
Trd, 4319108.443, 92
Trd, 4319109.443, 95
Trd, 4319111.443, 99
Trd, 4319112.543, 98
Trd, 4319113.243, 97
Trd, 4319113.743, 97
Trd, 4319113.843, 97
Trd, 4319114.643, 97
Trd, 4319114.693, 97
Trd, 4319116.843, 97
Trd, 4319118.693, 96
Trd, 4319119.693, 96
Trd, 4319123.193, 97
Trd, 4319123.543, 98
Trd, 4319125.393, 96
Trd, 4319127.993, 98
Trd, 4319129.793, 98
Trd, 4319130.193, 98
Trd, 4319130.743, 99
Trd, 4319132.593, 99
Trd, 4319133.393, 98
Trd, 4319136.793, 98
Trd, 4319137.643, 97
Trd, 4319139.743, 97
Trd, 4319143.793, 98
Trd, 4319144.793, 98
Trd, 4319145.743, 98
Trd, 4319145.893, 97
Trd, 4319146.493, 96
Trd, 4319147.493, 98
Trd, 4319151.243, 98
Trd, 4319151.643, 97
Trd, 4319153.693, 99
Trd, 4319154.293, 97
Trd, 4319156.793, 99
Trd, 4319157.693, 98
Trd, 4319158.093, 99
Trd, 4319162.193, 99
Trd, 4319162.893, 99
Trd, 4319163.093, 98
Trd, 4319165.393, 98
Trd, 4319166.343, 98
Trd, 4319167.043, 97
Trd, 4319168.643, 96
Trd, 4319170.893, 97
Trd, 4319171.093, 96
Trd, 4319173.243, 97
Trd, 4319178.393, 97
Trd, 4319179.143, 95
Trd, 4319179.893, 97
Trd, 4319180.743, 96
Trd, 4319182.443, 97
Trd, 4319183.243, 97
Trd, 4319183.943, 96
Trd, 4319184.793, 96
Trd, 4319185.543, 95
Trd, 4319187.743, 97
Trd, 4319187.893, 95
Trd, 4319189.443, 98
Trd, 4319192.343, 101
Trd, 4319192.893, 99
Trd, 4319193.093, 98
Trd, 4319193.393, 95
Trd, 4319196.143, 98
Trd, 4319196.393, 97
Trd, 4319199.143, 98
Trd, 4319199.643, 97
Trd, 4319200.293, 98
Trd, 4319202.243, 98
Trd, 4319204.993, 98
Trd, 4319205.643, 97
Trd, 4319206.893, 98
Trd, 4319210.443, 99
Trd, 4319211.293, 98
Trd, 4319213.743, 99
Trd, 4319214.193, 99
Trd, 4319215.543, 98
Trd, 4319217.543, 99
Trd, 4319220.193, 97
Trd, 4319221.343, 99
Trd, 4319221.793, 99
Trd, 4319224.593, 98
Trd, 4319226.143, 99
Trd, 4319228.793, 99
Trd, 4319228.843, 98
Trd, 4319232.943, 99
Trd, 4319233.043, 98
Trd, 4319233.943, 97
Trd, 4319238.993, 99
Trd, 4319239.693, 98
Trd, 4319241.743, 99
Trd, 4319242.343, 99
Trd, 4319242.443, 95
Trd, 4319244.193, 99
Trd, 4319246.243, 97
Trd, 4319249.143, 99
Trd, 4319249.243, 98
Trd, 4319249.793, 99
Trd, 4319252.043, 96
Trd, 4319252.443, 97
Trd, 4319252.593, 96
Trd, 4319255.843, 96
Trd, 4319256.043, 95
Trd, 4319257.843, 96
Trd, 4319259.943, 96
Trd, 4319260.393, 95
Trd, 4319262.043, 97
Trd, 4319262.543, 97
Trd, 4319262.943, 97
Trd, 4319263.443, 95
Trd, 4319265.643, 96
Trd, 4319266.493, 96
Trd, 4319269.643, 97
Trd, 4319271.143, 97
Trd, 4319273.293, 97
Trd, 4319274.293, 97
Trd, 4319274.943, 96
Trd, 4319275.843, 96
Trd, 4319278.643, 97
Trd, 4319280.443, 97
Trd, 4319282.743, 97
Trd, 4319283.393, 97
Trd, 4319286.993, 98
Trd, 4319288.393, 98
Trd, 4319289.693, 98
Trd, 4319291.543, 98
Trd, 4319291.593, 98
Trd, 4319292.393, 98
Trd, 4319294.893, 99
Trd, 4319295.993, 98
Trd, 4319297.393, 99
Trd, 4319300.143, 98
Trd, 4319303.543, 100
Trd, 4319305.543, 100
Trd, 4319307.143, 99
Trd, 4319309.493, 99
Trd, 4319310.693, 100
Trd, 4319312.643, 98
Trd, 4319312.993, 98
Trd, 4319313.593, 98
Trd, 4319314.043, 98
Trd, 4319316.643, 97
Trd, 4319317.043, 97
Trd, 4319320.793, 97
Trd, 4319321.543, 97
Trd, 4319322.943, 96
Trd, 4319325.843, 96
Trd, 4319328.293, 97
Trd, 4319328.943, 96
Trd, 4319328.993, 97
Trd, 4319330.443, 95
Trd, 4319331.843, 97
Trd, 4319336.043, 96
Trd, 4319336.143, 97
Trd, 4319338.443, 96
Trd, 4319340.993, 99
Trd, 4319341.643, 100
Trd, 4319342.743, 101
Trd, 4319343.943, 100
Trd, 4319344.593, 101
Trd, 4319347.343, 100
Trd, 4319351.443, 100
Trd, 4319351.793, 99
Trd, 4319352.793, 100
Trd, 4319354.743, 99
Trd, 4319355.993, 100
Trd, 4319356.893, 99
Trd, 4319360.643, 100
Trd, 4319361.543, 99
Trd, 4319362.493, 99
Trd, 4319364.693, 100
Trd, 4319367.693, 100
Trd, 4319368.243, 99
Trd, 4319370.893, 99
Trd, 4319371.893, 99
Trd, 4319373.243, 97
Trd, 4319376.443, 98
Trd, 4319379.443, 98
Trd, 4319380.143, 99
Trd, 4319380.543, 98
Trd, 4319383.943, 97
Trd, 4319384.393, 98
Trd, 4319386.393, 98
Trd, 4319386.643, 98
Trd, 4319390.593, 98
Trd, 4319390.943, 97
Trd, 4319391.243, 96
Trd, 4319394.243, 95
Trd, 4319394.693, 93
Trd, 4319394.943, 93
Trd, 4319395.593, 93
Trd, 4319398.343, 94
Trd, 4319400.393, 94
Trd, 4319401.243, 93
Trd, 4319402.443, 94
Trd, 4319403.293, 94
Trd, 4319406.243, 93
Trd, 4319406.593, 94
Trd, 4319409.793, 95
Trd, 4319410.793, 96
Trd, 4319411.143, 96
Trd, 4319413.143, 94
Trd, 4319415.743, 96
Trd, 4319416.343, 95
Trd, 4319418.243, 94
Trd, 4319419.193, 94
Trd, 4319419.493, 94
Trd, 4319421.643, 93
Trd, 4319423.443, 92
Trd, 4319425.593, 94
Trd, 4319427.443, 93
Trd, 4319428.993, 92
Trd, 4319429.643, 93
Trd, 4319430.193, 94
Trd, 4319430.943, 94
Trd, 4319431.743, 93
Trd, 4319434.043, 94
Trd, 4319434.943, 95
Trd, 4319437.143, 96
Trd, 4319438.743, 95
Trd, 4319439.143, 96
Trd, 4319439.543, 95
Trd, 4319441.593, 95
Trd, 4319442.093, 96
Trd, 4319443.443, 97
Trd, 4319445.243, 96
Trd, 4319447.043, 97
Trd, 4319447.393, 96
Trd, 4319450.493, 101
Trd, 4319451.393, 100
Trd, 4319452.693, 100
Trd, 4319453.193, 101
Trd, 4319455.943, 102
Trd, 4319458.093, 103
Trd, 4319458.843, 101
Trd, 4319460.893, 102
Trd, 4319461.493, 101
Trd, 4319466.343, 102
Trd, 4319468.393, 102
Trd, 4319468.643, 101
Trd, 4319470.993, 102
Trd, 4319473.793, 101
Trd, 4319474.043, 102
Trd, 4319474.593, 101
Trd, 4319476.693, 103
Trd, 4319477.143, 100
Trd, 4319479.893, 102
Trd, 4319482.043, 101
Trd, 4319483.243, 101
Trd, 4319485.093, 100
Trd, 4319485.993, 99
Trd, 4319491.693, 100
Trd, 4319494.093, 101
Trd, 4319494.393, 100
Trd, 4319496.793, 101
Trd, 4319497.293, 100
Trd, 4319498.143, 102
Trd, 4319498.843, 102
Trd, 4319501.343, 102
Trd, 4319501.443, 101
Trd, 4319502.443, 101
Trd, 4319502.993, 100
Trd, 4319504.843, 86
Trd, 4319505.843, 91
Trd, 4319506.443, 91
Trd, 4319507.443, 93
Trd, 4319509.043, 96
Trd, 4319510.193, 96
Trd, 4319511.743, 97
Trd, 4319512.893, 97
Trd, 4319515.493, 97
Trd, 4319516.593, 96
Trd, 4319518.443, 95
Trd, 4319519.943, 91
Trd, 4319521.893, 91
Trd, 4319522.243, 92
Trd, 4319522.793, 92
Trd, 4319524.543, 91
Trd, 4319525.543, 92
Trd, 4319530.793, 93
Trd, 4319531.193, 93
Trd, 4319532.393, 93
Trd, 4319532.493, 92
Trd, 4319533.643, 95
Trd, 4319533.793, 93
Trd, 4319535.493, 94
Trd, 4319536.843, 94
Trd, 4319539.243, 92
Trd, 4319540.243, 92
Trd, 4319542.493, 92
Trd, 4319543.843, 92
Trd, 4319545.443, 92
Trd, 4319546.143, 92
Trd, 4319550.743, 92
Trd, 4319550.993, 91
Trd, 4319551.393, 92
Trd, 4319552.193, 92
Trd, 4319553.993, 93
Trd, 4319554.093, 91
Trd, 4319555.893, 92
Trd, 4319556.843, 92
Trd, 4319558.293, 92
Trd, 4319559.543, 95
Trd, 4319559.693, 94
Trd, 4319562.843, 94
Trd, 4319564.193, 95
Trd, 4319567.343, 95
Trd, 4319567.493, 95
Trd, 4319568.743, 94
Trd, 4319569.643, 94
Trd, 4319571.093, 93
Trd, 4319572.543, 94
Trd, 4319572.693, 94
Trd, 4319576.493, 93
Trd, 4319576.793, 94
Trd, 4319578.593, 94
Trd, 4319579.393, 93
Trd, 4319581.793, 94
Trd, 4319583.443, 94
Trd, 4319583.643, 91
Trd, 4319584.093, 91
Trd, 4319588.243, 94
Trd, 4319588.743, 95
Trd, 4319589.793, 95
Trd, 4319590.443, 95
Trd, 4319592.593, 95
Trd, 4319593.443, 95
Trd, 4319594.893, 95
Trd, 4319596.193, 100
Trd, 4319596.843, 100
Trd, 4319598.443, 102
Trd, 4319598.943, 102
Trd, 4319600.493, 107
Trd, 4319600.793, 103
Trd, 4319602.443, 107
Trd, 4319604.393, 107
Trd, 4319606.343, 107
Trd, 4319609.893, 106
Trd, 4319611.443, 105
Trd, 4319613.093, 106
Trd, 4319614.393, 105
Trd, 4319616.943, 106
Trd, 4319617.743, 105
Trd, 4319618.693, 104
Trd, 4319619.693, 104
Trd, 4319620.343, 105
Trd, 4319622.393, 103
Trd, 4319623.643, 104
Trd, 4319625.443, 95
Trd, 4319629.193, 104
Trd, 4319629.243, 104
Trd, 4319629.393, 102
Trd, 4319631.543, 107
Trd, 4319631.693, 106
Trd, 4319631.743, 103
Trd, 4319634.743, 98
Trd, 4319635.343, 98
Trd, 4319636.993, 94
Trd, 4319638.893, 97
Trd, 4319640.693, 95
Trd, 4319640.843, 95
Trd, 4319641.493, 96
Trd, 4319642.393, 96
Trd, 4319643.393, 97
Trd, 4319644.443, 98
Trd, 4319648.993, 97
Trd, 4319650.643, 96
Trd, 4319653.793, 98
Trd, 4319654.793, 98
Trd, 4319655.793, 95
Trd, 4319659.293, 97
Trd, 4319660.543, 97
Trd, 4319662.393, 95
Trd, 4319664.843, 96
Trd, 4319665.743, 95
Trd, 4319667.543, 96
Trd, 4319667.643, 96
Trd, 4319670.243, 96
Trd, 4319671.643, 96
Trd, 4319671.843, 95
Trd, 4319674.443, 96
Trd, 4319676.693, 95
Trd, 4319676.843, 94
Trd, 4319678.643, 95
Trd, 4319681.993, 95
Trd, 4319682.793, 94
Trd, 4319682.843, 93
Trd, 4319684.793, 95
Trd, 4319685.193, 95
Trd, 4319685.793, 92
Trd, 4319687.943, 95
Trd, 4319689.243, 97
Trd, 4319689.993, 96
Trd, 4319690.493, 97
Trd, 4319691.043, 100
Trd, 4319694.443, 99
Trd, 4319694.593, 99
Trd, 4319697.243, 98
Trd, 4319699.743, 97
Trd, 4319701.193, 99
Trd, 4319703.243, 99
Trd, 4319705.143, 99
Trd, 4319705.993, 99
Trd, 4319706.143, 100
Trd, 4319706.743, 97
Trd, 4319708.543, 97
Trd, 4319710.593, 100
Trd, 4319711.493, 100
Trd, 4319711.943, 99
Trd, 4319713.393, 98
Trd, 4319713.893, 97
Trd, 4319716.443, 99
Trd, 4319718.243, 99
Trd, 4319718.643, 100
Trd, 4319718.943, 99
Trd, 4319720.943, 101
Trd, 4319721.643, 101
Trd, 4319722.093, 100
Trd, 4319724.793, 99
Trd, 4319726.293, 99
Trd, 4319726.493, 98
Trd, 4319727.343, 99
Trd, 4319732.193, 98
Trd, 4319734.693, 99
Trd, 4319734.943, 98
Trd, 4319735.393, 97
Trd, 4319739.243, 98
Trd, 4319739.443, 96
Trd, 4319742.543, 98
Trd, 4319743.743, 97
Trd, 4319743.943, 96
Trd, 4319745.693, 98
Trd, 4319746.943, 96
Trd, 4319751.193, 98
Trd, 4319752.393, 98
Trd, 4319752.543, 97
Trd, 4319754.493, 96
Trd, 4319756.093, 99
Trd, 4319756.743, 99
Trd, 4319757.243, 99
Trd, 4319759.193, 100
Trd, 4319759.493, 99
Trd, 4319760.043, 98
Trd, 4319762.343, 99
Trd, 4319763.393, 98
Trd, 4319765.443, 99
Trd, 4319767.493, 99
Trd, 4319767.643, 98
Trd, 4319768.843, 99
Trd, 4319769.643, 99
Trd, 4319771.043, 99
Trd, 4319771.843, 98
Trd, 4319773.293, 99
Trd, 4319775.493, 99
Trd, 4319777.193, 100
Trd, 4319779.943, 101
Trd, 4319782.443, 101
Trd, 4319784.293, 99
Trd, 4319788.793, 101
Trd, 4319788.843, 101
Trd, 4319789.293, 101
Trd, 4319789.943, 99
Trd, 4319793.093, 99
Trd, 4319796.843, 101
Trd, 4319797.743, 100
Trd, 4319800.393, 101
Trd, 4319801.643, 99
Trd, 4319806.343, 100
Trd, 4319807.843, 101
Trd, 4319808.493, 101
Trd, 4319810.443, 101
Trd, 4319810.993, 101
Trd, 4319812.193, 101
Trd, 4319812.843, 101
Trd, 4319813.043, 99
Trd, 4319815.743, 100
Trd, 4319818.193, 102
Trd, 4319818.293, 99
Trd, 4319820.893, 101
Trd, 4319822.443, 101
Trd, 4319825.343, 100
Trd, 4319826.243, 99
Trd, 4319828.343, 101
Trd, 4319829.293, 100
Trd, 4319830.743, 100
Trd, 4319832.793, 98
Trd, 4319836.693, 101
Trd, 4319836.793, 98
Trd, 4319841.793, 99
Trd, 4319843.993, 101
Trd, 4319844.143, 100
Trd, 4319847.193, 101
Trd, 4319848.243, 101
Trd, 4319848.343, 99
Trd, 4319851.193, 101
Trd, 4319851.593, 101
Trd, 4319856.843, 101
Trd, 4319857.643, 101
Trd, 4319857.843, 98
Trd, 4319860.493, 100
Trd, 4319861.393, 100
Trd, 4319861.943, 100
Trd, 4319862.243, 99
Trd, 4319867.193, 99
Trd, 4319868.393, 99
Trd, 4319870.043, 100
Trd, 4319870.193, 100
Trd, 4319871.143, 99
Trd, 4319875.093, 98
Trd, 4319877.993, 98
Trd, 4319880.843, 97
Trd, 4319881.193, 98
Trd, 4319881.343, 98
Trd, 4319883.243, 97
Trd, 4319883.443, 95
Trd, 4319884.193, 97
Trd, 4319886.393, 98
Trd, 4319886.793, 98
Trd, 4319886.893, 96
Trd, 4319893.493, 97
Trd, 4319893.993, 98
Trd, 4319894.093, 97
Trd, 4319894.293, 97
Trd, 4319897.293, 98
Trd, 4319897.443, 96
Trd, 4319900.543, 96
Trd, 4319903.743, 98
Trd, 4319903.793, 98
Trd, 4319905.743, 98
Trd, 4319906.043, 97
Trd, 4319908.493, 97
Trd, 4319910.443, 98
Trd, 4319912.793, 99
Trd, 4319912.843, 95
Trd, 4319916.993, 97
Trd, 4319919.593, 97
Trd, 4319924.743, 99
Trd, 4319926.643, 97
Trd, 4319929.093, 99
Trd, 4319929.243, 99
Trd, 4319929.943, 98
Trd, 4319931.443, 97
Trd, 4319931.793, 96
Trd, 4319932.643, 97
Trd, 4319932.893, 96
Trd, 4319936.593, 97
Trd, 4319937.343, 97
Trd, 4319937.543, 96
Trd, 4319939.393, 95
Trd, 4319941.093, 97
Trd, 4319941.393, 94
Trd, 4319942.593, 95
Trd, 4319943.193, 94
Trd, 4319943.493, 93
Trd, 4319946.343, 90
Trd, 4319946.693, 90
Trd, 4319947.893, 91
Trd, 4319950.293, 91
Trd, 4319951.143, 91
Trd, 4319951.643, 90
Trd, 4319953.943, 90
Trd, 4319954.643, 90
Trd, 4319955.593, 90
Trd, 4319958.193, 91
Trd, 4319959.693, 90
Trd, 4319961.943, 89
Trd, 4319965.043, 90
Trd, 4319967.243, 91
Trd, 4319968.393, 92
Trd, 4319969.493, 92
Trd, 4319970.793, 93
Trd, 4319972.043, 93
Trd, 4319974.293, 94
Trd, 4319975.293, 94
Trd, 4319977.343, 94
Trd, 4319979.843, 94
Trd, 4319980.143, 94
Trd, 4319980.793, 95
Trd, 4319981.143, 95
Trd, 4319982.143, 95
Trd, 4319982.743, 94
Trd, 4319983.543, 94
Trd, 4319986.143, 94
Trd, 4319988.193, 93
Trd, 4319988.593, 94
Trd, 4319989.743, 94
Trd, 4319990.643, 95
Trd, 4319992.643, 96
Trd, 4319993.143, 95
Trd, 4319995.693, 96
Trd, 4319996.743, 96
Trd, 4319999.293, 95
