Trd, 4317886.443, 99
Trd, 4317887.343, 96
Trd, 4317887.993, 91
Trd, 4317894.243, 95
Trd, 4317896.143, 90
Trd, 4317897.843, 89
Trd, 4317898.743, 94
Trd, 4317899.993, 94
Trd, 4317901.843, 94
Trd, 4317901.993, 94
Trd, 4317903.643, 89
Trd, 4317904.043, 94
Trd, 4317904.193, 103
Trd, 4317905.143, 88
Trd, 4317907.893, 95
Trd, 4317909.043, 93
Trd, 4317909.643, 95
Trd, 4317910.343, 95
Trd, 4317913.943, 95
Trd, 4317914.993, 94
Trd, 4317915.793, 89
Trd, 4317915.993, 95
Trd, 4317920.843, 93
Trd, 4317922.093, 93
Trd, 4317922.643, 89
Trd, 4317922.943, 92
Trd, 4317927.343, 92
Trd, 4317930.043, 92
Trd, 4317930.643, 92
Trd, 4317930.693, 91
Trd, 4317931.193, 92
Trd, 4317932.543, 92
Trd, 4317935.143, 89
Trd, 4317935.593, 92
Trd, 4317938.543, 92
Trd, 4317938.893, 92
Trd, 4317939.493, 88
Trd, 4317939.743, 92
Trd, 4317941.793, 87
Trd, 4317944.943, 92
Trd, 4317945.693, 92
Trd, 4317946.793, 92
Trd, 4317948.543, 92
Trd, 4317949.993, 92
Trd, 4317951.943, 92
Trd, 4317952.293, 91
Trd, 4317952.543, 90
Trd, 4317952.643, 108
Trd, 4317953.793, 90
Trd, 4317954.393, 96
Trd, 4317955.793, 90
Trd, 4317957.743, 89
Trd, 4317959.693, 96
Trd, 4317960.043, 93
Trd, 4317961.393, 106
Trd, 4317962.693, 98
Trd, 4317962.943, 97
Trd, 4317965.343, 95
Trd, 4317965.593, 94
Trd, 4317965.893, 94
Trd, 4317967.143, 97
Trd, 4317969.893, 96
Trd, 4317971.043, 103
Trd, 4317971.893, 100
Trd, 4317972.143, 100
Trd, 4317975.643, 109
Trd, 4317975.843, 108
Trd, 4317975.993, 103
Trd, 4317977.243, 100
Trd, 4317977.843, 97
Trd, 4317978.243, 94
Trd, 4317979.743, 97
Trd, 4317980.043, 94
Trd, 4317984.043, 92
Trd, 4317985.543, 94
Trd, 4317986.043, 95
Trd, 4317989.643, 92
Trd, 4317990.143, 95
Trd, 4317992.293, 92
Trd, 4317994.893, 94
Trd, 4317995.693, 93
Trd, 4317996.543, 93
Trd, 4317997.143, 93
Trd, 4317998.343, 93
Trd, 4318000.293, 93
Trd, 4318002.343, 93
Trd, 4318002.943, 92
Trd, 4318003.893, 94
Trd, 4318005.843, 91
Trd, 4318006.693, 94
Trd, 4318006.743, 95
Trd, 4318009.193, 93
Trd, 4318011.443, 90
Trd, 4318011.493, 92
Trd, 4318013.293, 93
Trd, 4318014.593, 94
Trd, 4318014.893, 89
Trd, 4318016.143, 92
Trd, 4318017.393, 100
Trd, 4318018.693, 96
Trd, 4318019.393, 103
Trd, 4318020.043, 102
Trd, 4318021.593, 101
Trd, 4318022.643, 100
Trd, 4318024.793, 96
Trd, 4318026.643, 107
Trd, 4318027.193, 108
Trd, 4318027.543, 109
Trd, 4318027.993, 100
Trd, 4318028.293, 98
Trd, 4318029.343, 103
Trd, 4318029.493, 94
Trd, 4318029.943, 103
Trd, 4318030.693, 104
Trd, 4318033.993, 95
Trd, 4318034.743, 104
Trd, 4318036.093, 101
Trd, 4318038.393, 101
Trd, 4318038.743, 102
Trd, 4318040.343, 93
Trd, 4318041.393, 98
Trd, 4318041.493, 96
Trd, 4318041.893, 99
Trd, 4318043.543, 95
Trd, 4318044.393, 92
Trd, 4318044.593, 98
Trd, 4318047.443, 98
Trd, 4318049.993, 95
Trd, 4318050.693, 95
Trd, 4318051.443, 103
Trd, 4318051.743, 94
Trd, 4318052.143, 97
Trd, 4318054.593, 95
Trd, 4318054.643, 96
Trd, 4318055.793, 105
Trd, 4318057.993, 101
Trd, 4318058.493, 116
Trd, 4318059.543, 105
Trd, 4318059.893, 101
Trd, 4318061.693, 100
Trd, 4318062.243, 102
Trd, 4318063.993, 102
Trd, 4318065.343, 102
Trd, 4318065.993, 95
Trd, 4318067.493, 99
Trd, 4318067.693, 94
Trd, 4318069.043, 94
Trd, 4318070.793, 99
Trd, 4318072.893, 96
Trd, 4318074.693, 100
Trd, 4318075.793, 100
Trd, 4318077.143, 100
Trd, 4318077.193, 105
Trd, 4318081.343, 99
Trd, 4318081.543, 94
Trd, 4318082.393, 100
Trd, 4318083.543, 104
Trd, 4318085.443, 100
Trd, 4318086.093, 99
Trd, 4318086.143, 100
Trd, 4318088.843, 99
Trd, 4318089.193, 97
Trd, 4318090.793, 105
Trd, 4318091.143, 95
Trd, 4318092.593, 101
Trd, 4318093.293, 94
Trd, 4318094.293, 112
Trd, 4318095.393, 105
Trd, 4318097.743, 103
Trd, 4318098.643, 102
Trd, 4318099.993, 100
Trd, 4318102.393, 103
Trd, 4318102.793, 101
Trd, 4318102.943, 103
Trd, 4318104.543, 96
Trd, 4318105.593, 98
Trd, 4318106.143, 94
Trd, 4318106.593, 97
Trd, 4318107.243, 95
Trd, 4318107.293, 98
Trd, 4318109.193, 96
Trd, 4318111.593, 95
Trd, 4318113.193, 96
Trd, 4318114.043, 94
Trd, 4318118.243, 96
Trd, 4318119.793, 95
Trd, 4318121.943, 95
Trd, 4318122.393, 95
Trd, 4318122.943, 99
Trd, 4318124.393, 103
Trd, 4318125.443, 101
Trd, 4318126.193, 100
Trd, 4318127.643, 98
Trd, 4318128.343, 101
Trd, 4318129.443, 98
Trd, 4318131.993, 97
Trd, 4318134.143, 95
Trd, 4318134.343, 95
Trd, 4318134.943, 97
Trd, 4318135.243, 94
Trd, 4318135.543, 97
Trd, 4318138.243, 100
Trd, 4318138.993, 99
Trd, 4318140.743, 99
Trd, 4318141.593, 94
Trd, 4318142.293, 99
Trd, 4318144.443, 98
Trd, 4318144.543, 97
Trd, 4318146.243, 97
Trd, 4318146.393, 99
Trd, 4318148.293, 92
Trd, 4318149.143, 94
Trd, 4318149.793, 93
Trd, 4318150.293, 92
Trd, 4318153.193, 93
Trd, 4318153.443, 105
Trd, 4318155.293, 93
Trd, 4318156.443, 92
Trd, 4318158.243, 93
Trd, 4318161.143, 93
Trd, 4318161.793, 93
Trd, 4318164.243, 91
Trd, 4318165.693, 93
Trd, 4318165.843, 91
Trd, 4318166.893, 92
Trd, 4318169.643, 93
Trd, 4318172.643, 90
Trd, 4318174.193, 92
Trd, 4318174.643, 91
Trd, 4318177.193, 90
Trd, 4318177.493, 91
Trd, 4318179.143, 98
Trd, 4318179.593, 89
Trd, 4318180.743, 88
Trd, 4318182.993, 92
Trd, 4318183.093, 92
Trd, 4318186.293, 92
Trd, 4318188.643, 88
Trd, 4318189.443, 92
Trd, 4318189.943, 92
Trd, 4318190.243, 95
Trd, 4318191.793, 93
Trd, 4318193.693, 94
Trd, 4318193.793, 94
Trd, 4318195.443, 95
Trd, 4318195.843, 106
Trd, 4318197.643, 93
Trd, 4318197.993, 97
Trd, 4318201.143, 95
Trd, 4318201.293, 93
Trd, 4318202.543, 95
Trd, 4318203.543, 92
Trd, 4318207.693, 91
Trd, 4318209.093, 95
Trd, 4318209.143, 95
Trd, 4318209.893, 98
Trd, 4318213.293, 91
Trd, 4318213.993, 94
Trd, 4318214.143, 95
Trd, 4318216.193, 95
Trd, 4318216.843, 100
Trd, 4318217.393, 90
Trd, 4318218.943, 95
Trd, 4318220.843, 94
Trd, 4318223.493, 94
Trd, 4318224.343, 94
Trd, 4318225.093, 89
Trd, 4318225.543, 93
Trd, 4318227.643, 93
Trd, 4318228.593, 98
Trd, 4318231.893, 94
Trd, 4318232.043, 89
Trd, 4318232.093, 95
Trd, 4318233.643, 88
Trd, 4318235.193, 93
Trd, 4318236.393, 93
Trd, 4318239.193, 93
Trd, 4318239.643, 88
Trd, 4318239.893, 93
Trd, 4318242.943, 93
Trd, 4318243.743, 93
Trd, 4318245.893, 90
Trd, 4318246.493, 93
Trd, 4318247.093, 89
Trd, 4318247.393, 93
Trd, 4318249.843, 93
Trd, 4318253.293, 92
Trd, 4318254.343, 92
Trd, 4318255.443, 98
Trd, 4318256.543, 95
Trd, 4318256.743, 93
Trd, 4318257.193, 92
Trd, 4318259.143, 91
Trd, 4318259.393, 95
Trd, 4318259.993, 112
Trd, 4318261.043, 107
Trd, 4318262.243, 94
Trd, 4318262.593, 99
Trd, 4318263.093, 93
Trd, 4318265.943, 95
Trd, 4318265.993, 97
Trd, 4318267.743, 98
Trd, 4318271.093, 96
Trd, 4318271.593, 95
Trd, 4318271.843, 96
Trd, 4318272.243, 98
Trd, 4318277.643, 94
Trd, 4318278.793, 96
Trd, 4318279.693, 96
Trd, 4318280.193, 97
Trd, 4318281.843, 96
Trd, 4318282.943, 98
Trd, 4318284.893, 97
Trd, 4318285.043, 94
Trd, 4318286.643, 97
Trd, 4318288.843, 98
Trd, 4318289.493, 98
Trd, 4318290.393, 97
Trd, 4318291.343, 96
Trd, 4318291.593, 98
Trd, 4318294.093, 104
Trd, 4318294.393, 100
Trd, 4318296.093, 100
Trd, 4318297.893, 105
Trd, 4318299.543, 99
Trd, 4318301.143, 94
Trd, 4318303.043, 95
Trd, 4318303.343, 97
Trd, 4318305.243, 93
Trd, 4318305.843, 97
Trd, 4318306.793, 107
Trd, 4318308.543, 93
Trd, 4318310.243, 88
Trd, 4318310.743, 87
Trd, 4318310.993, 89
Trd, 4318312.943, 87
Trd, 4318313.743, 88
Trd, 4318314.443, 109
Trd, 4318317.193, 94
Trd, 4318317.843, 97
Trd, 4318318.443, 99
Trd, 4318318.793, 94
Trd, 4318318.993, 95
Trd, 4318320.993, 105
Trd, 4318321.593, 93
Trd, 4318324.443, 94
Trd, 4318325.193, 94
Trd, 4318325.443, 93
Trd, 4318325.793, 99
Trd, 4318326.643, 98
Trd, 4318326.793, 97
Trd, 4318328.343, 94
Trd, 4318329.693, 96
Trd, 4318330.593, 94
Trd, 4318332.843, 96
Trd, 4318333.143, 96
Trd, 4318333.343, 94
Trd, 4318333.543, 95
Trd, 4318336.793, 95
Trd, 4318336.993, 94
Trd, 4318337.643, 109
Trd, 4318338.943, 107
Trd, 4318339.693, 102
Trd, 4318339.793, 107
Trd, 4318340.893, 98
Trd, 4318341.693, 105
Trd, 4318343.043, 104
Trd, 4318343.393, 108
Trd, 4318344.893, 99
Trd, 4318347.643, 99
Trd, 4318348.843, 94
Trd, 4318350.393, 98
Trd, 4318351.543, 95
Trd, 4318352.493, 97
Trd, 4318353.793, 98
Trd, 4318354.243, 98
Trd, 4318355.893, 98
Trd, 4318356.793, 95
Trd, 4318358.193, 97
Trd, 4318359.843, 94
Trd, 4318360.743, 90
Trd, 4318361.093, 77
Trd, 4318362.043, 88
Trd, 4318364.293, 88
Trd, 4318365.993, 86
Trd, 4318367.293, 98
Trd, 4318367.543, 94
Trd, 4318369.243, 97
Trd, 4318369.943, 96
Trd, 4318371.043, 95
Trd, 4318372.393, 96
Trd, 4318372.893, 94
Trd, 4318373.493, 94
Trd, 4318374.343, 93
Trd, 4318374.843, 117
Trd, 4318377.343, 110
Trd, 4318377.843, 112
Trd, 4318378.193, 98
Trd, 4318380.493, 101
Trd, 4318381.493, 110
Trd, 4318382.843, 102
Trd, 4318383.193, 101
Trd, 4318383.543, 105
Trd, 4318384.943, 102
Trd, 4318386.393, 108
Trd, 4318386.443, 105
Trd, 4318387.343, 103
Trd, 4318388.943, 97
Trd, 4318389.743, 95
Trd, 4318391.293, 94
Trd, 4318391.993, 105
Trd, 4318392.643, 111
Trd, 4318395.693, 98
Trd, 4318395.893, 102
Trd, 4318396.993, 102
Trd, 4318398.193, 101
Trd, 4318400.443, 102
Trd, 4318401.343, 100
Trd, 4318403.193, 102
Trd, 4318404.793, 95
Trd, 4318406.243, 95
Trd, 4318406.943, 97
Trd, 4318409.993, 96
Trd, 4318410.743, 96
Trd, 4318413.093, 96
Trd, 4318413.743, 96
Trd, 4318414.593, 95
Trd, 4318417.293, 96
Trd, 4318418.743, 96
Trd, 4318419.643, 96
Trd, 4318420.143, 94
Trd, 4318424.343, 96
Trd, 4318424.593, 96
Trd, 4318426.193, 96
Trd, 4318426.893, 93
Trd, 4318427.093, 96
Trd, 4318430.743, 96
Trd, 4318431.193, 96
Trd, 4318431.493, 96
Trd, 4318431.743, 93
Trd, 4318435.143, 95
Trd, 4318435.893, 94
Trd, 4318436.243, 96
Trd, 4318438.293, 94
Trd, 4318439.143, 95
Trd, 4318440.193, 92
Trd, 4318441.693, 92
Trd, 4318442.793, 94
Trd, 4318443.343, 91
Trd, 4318444.043, 95
Trd, 4318445.043, 94
Trd, 4318446.843, 100
Trd, 4318449.543, 91
Trd, 4318450.043, 94
Trd, 4318451.593, 94
Trd, 4318452.243, 92
Trd, 4318453.743, 94
Trd, 4318455.043, 95
Trd, 4318456.993, 95
Trd, 4318458.143, 95
Trd, 4318459.193, 95
Trd, 4318460.543, 95
Trd, 4318460.693, 93
Trd, 4318463.843, 95
Trd, 4318464.143, 93
Trd, 4318465.693, 95
Trd, 4318465.843, 94
Trd, 4318467.643, 99
Trd, 4318468.843, 96
Trd, 4318469.443, 97
Trd, 4318470.593, 97
Trd, 4318472.393, 96
Trd, 4318472.443, 94
Trd, 4318476.443, 96
Trd, 4318479.543, 95
Trd, 4318479.593, 95
Trd, 4318479.943, 94
Trd, 4318481.343, 95
Trd, 4318484.293, 99
Trd, 4318484.993, 101
Trd, 4318485.793, 100
Trd, 4318485.843, 91
Trd, 4318487.393, 100
Trd, 4318488.543, 94
Trd, 4318490.893, 98
Trd, 4318491.243, 93
Trd, 4318493.093, 79
Trd, 4318494.793, 91
Trd, 4318495.743, 89
Trd, 4318496.043, 92
Trd, 4318496.343, 95
Trd, 4318497.093, 104
Trd, 4318497.893, 97
Trd, 4318499.093, 96
Trd, 4318500.293, 98
Trd, 4318500.693, 95
Trd, 4318501.943, 96
Trd, 4318503.393, 95
Trd, 4318503.993, 93
Trd, 4318505.543, 95
Trd, 4318506.043, 97
Trd, 4318508.843, 97
Trd, 4318509.993, 94
Trd, 4318513.943, 70
Trd, 4318514.193, 96
Trd, 4318515.593, 86
Trd, 4318516.943, 86
Trd, 4318517.293, 84
Trd, 4318518.843, 86
Trd, 4318519.293, 96
Trd, 4318520.743, 87
Trd, 4318520.843, 89
Trd, 4318524.593, 87
Trd, 4318526.343, 87
Trd, 4318527.243, 86
Trd, 4318527.843, 87
Trd, 4318528.493, 85
Trd, 4318529.843, 87
Trd, 4318531.193, 95
Trd, 4318532.193, 90
Trd, 4318535.243, 88
Trd, 4318536.093, 85
Trd, 4318536.643, 88
Trd, 4318537.143, 88
Trd, 4318540.093, 88
Trd, 4318540.443, 88
Trd, 4318541.493, 84
Trd, 4318542.343, 88
Trd, 4318543.943, 83
Trd, 4318544.293, 97
Trd, 4318545.193, 105
Trd, 4318549.393, 91
Trd, 4318549.743, 92
Trd, 4318552.643, 82
Trd, 4318552.943, 87
Trd, 4318553.243, 89
Trd, 4318554.093, 108
Trd, 4318555.543, 81
Trd, 4318557.043, 90
Trd, 4318561.343, 83
Trd, 4318561.593, 83
Trd, 4318562.143, 80
Trd, 4318564.193, 84
Trd, 4318565.693, 84
Trd, 4318567.293, 86
Trd, 4318568.193, 82
Trd, 4318568.443, 86
Trd, 4318569.593, 85
Trd, 4318571.643, 82
Trd, 4318572.693, 86
Trd, 4318574.393, 96
Trd, 4318575.043, 100
Trd, 4318576.593, 93
Trd, 4318577.293, 97
Trd, 4318577.943, 91
Trd, 4318579.843, 89
Trd, 4318581.193, 89
Trd, 4318581.743, 90
Trd, 4318582.943, 91
Trd, 4318583.893, 89
Trd, 4318586.193, 89
Trd, 4318586.993, 89
Trd, 4318588.143, 91
Trd, 4318588.993, 91
Trd, 4318589.793, 97
Trd, 4318590.593, 89
Trd, 4318590.743, 94
Trd, 4318592.243, 91
Trd, 4318593.143, 95
Trd, 4318595.093, 89
Trd, 4318596.243, 104
Trd, 4318597.593, 101
Trd, 4318597.693, 98
Trd, 4318599.193, 97
Trd, 4318600.343, 99
Trd, 4318602.143, 98
Trd, 4318603.043, 97
Trd, 4318603.193, 95
Trd, 4318603.793, 104
Trd, 4318606.043, 102
Trd, 4318608.193, 95
Trd, 4318608.543, 98
Trd, 4318608.693, 103
Trd, 4318609.543, 102
Trd, 4318609.993, 104
Trd, 4318610.343, 101
Trd, 4318611.743, 104
Trd, 4318613.343, 94
Trd, 4318613.493, 95
Trd, 4318615.143, 93
Trd, 4318617.593, 95
Trd, 4318617.743, 95
Trd, 4318618.093, 93
Trd, 4318618.493, 95
Trd, 4318621.143, 101
Trd, 4318621.193, 102
Trd, 4318622.843, 91
Trd, 4318623.393, 92
Trd, 4318624.343, 103
Trd, 4318625.443, 95
Trd, 4318625.543, 106
Trd, 4318626.143, 99
Trd, 4318627.943, 96
Trd, 4318629.643, 94
Trd, 4318633.243, 95
Trd, 4318633.493, 93
Trd, 4318634.443, 94
Trd, 4318634.993, 94
Trd, 4318637.593, 94
Trd, 4318638.893, 93
Trd, 4318639.143, 95
Trd, 4318639.693, 97
Trd, 4318641.993, 96
Trd, 4318643.143, 95
Trd, 4318644.843, 93
Trd, 4318646.943, 95
Trd, 4318648.793, 95
Trd, 4318650.143, 95
Trd, 4318650.493, 92
Trd, 4318652.893, 94
Trd, 4318658.093, 94
Trd, 4318658.843, 94
Trd, 4318659.843, 91
Trd, 4318660.193, 94
Trd, 4318660.343, 95
Trd, 4318663.343, 90
Trd, 4318664.993, 94
Trd, 4318668.943, 94
Trd, 4318668.993, 95
Trd, 4318669.043, 92
Trd, 4318670.043, 95
Trd, 4318670.343, 91
Trd, 4318672.943, 95
Trd, 4318673.743, 94
Trd, 4318675.843, 95
Trd, 4318676.743, 96
Trd, 4318678.543, 92
Trd, 4318680.193, 94
Trd, 4318681.993, 95
Trd, 4318682.993, 95
Trd, 4318683.993, 95
Trd, 4318686.643, 92
Trd, 4318686.793, 95
Trd, 4318689.143, 96
Trd, 4318691.743, 95
Trd, 4318691.943, 92
Trd, 4318698.043, 94
Trd, 4318698.393, 91
Trd, 4318700.143, 94
Trd, 4318702.343, 91
Trd, 4318702.443, 94
Trd, 4318702.893, 94
Trd, 4318705.543, 94
Trd, 4318706.643, 96
Trd, 4318707.043, 91
Trd, 4318707.693, 96
Trd, 4318709.443, 95
Trd, 4318711.493, 90
Trd, 4318712.543, 95
Trd, 4318714.343, 95
Trd, 4318715.743, 95
Trd, 4318717.293, 100
Trd, 4318717.693, 97
Trd, 4318718.193, 98
Trd, 4318720.143, 95
Trd, 4318721.943, 95
Trd, 4318725.343, 96
Trd, 4318725.793, 96
Trd, 4318726.093, 95
Trd, 4318727.693, 98
Trd, 4318729.943, 95
Trd, 4318730.943, 95
Trd, 4318731.393, 95
Trd, 4318732.443, 94
Trd, 4318733.343, 96
Trd, 4318734.443, 97
Trd, 4318734.693, 93
Trd, 4318735.543, 97
Trd, 4318737.643, 113
Trd, 4318739.543, 100
Trd, 4318741.193, 95
Trd, 4318743.793, 95
Trd, 4318745.393, 96
Trd, 4318745.643, 93
Trd, 4318747.493, 94
Trd, 4318750.393, 94
Trd, 4318750.943, 94
Trd, 4318751.243, 97
Trd, 4318752.593, 92
Trd, 4318754.093, 94
Trd, 4318755.043, 94
Trd, 4318756.143, 91
Trd, 4318756.593, 95
Trd, 4318758.743, 95
Trd, 4318760.193, 98
Trd, 4318760.543, 92
Trd, 4318762.093, 95
Trd, 4318763.243, 95
Trd, 4318763.993, 94
Trd, 4318764.093, 95
Trd, 4318765.243, 91
Trd, 4318767.093, 107
Trd, 4318768.443, 93
Trd, 4318769.593, 93
Trd, 4318770.293, 94
Trd, 4318771.043, 93
Trd, 4318775.293, 94
Trd, 4318775.893, 92
Trd, 4318776.293, 93
Trd, 4318780.943, 93
Trd, 4318781.193, 100
Trd, 4318781.243, 91
Trd, 4318783.643, 94
Trd, 4318784.943, 93
Trd, 4318785.593, 90
Trd, 4318785.943, 92
Trd, 4318787.393, 93
Trd, 4318787.493, 97
Trd, 4318790.993, 93
Trd, 4318792.593, 91
Trd, 4318794.493, 93
Trd, 4318795.093, 93
Trd, 4318795.893, 93
Trd, 4318800.793, 92
Trd, 4318801.043, 95
Trd, 4318801.443, 93
Trd, 4318801.793, 89
Trd, 4318804.493, 93
Trd, 4318806.243, 88
Trd, 4318807.343, 92
Trd, 4318807.943, 92
Trd, 4318810.293, 92
Trd, 4318810.893, 92
Trd, 4318811.543, 105
Trd, 4318812.293, 87
Trd, 4318816.143, 92
Trd, 4318816.743, 89
Trd, 4318819.843, 92
Trd, 4318820.293, 88
Trd, 4318820.343, 96
Trd, 4318824.043, 94
Trd, 4318824.443, 95
Trd, 4318824.993, 93
Trd, 4318827.393, 93
Trd, 4318827.443, 87
Trd, 4318827.593, 86
Trd, 4318829.393, 95
Trd, 4318832.093, 94
Trd, 4318832.743, 95
Trd, 4318833.443, 102
Trd, 4318834.843, 99
Trd, 4318835.043, 99
Trd, 4318837.343, 95
Trd, 4318837.843, 77
Trd, 4318838.493, 97
Trd, 4318839.143, 96
Trd, 4318839.493, 107
Trd, 4318840.793, 97
Trd, 4318841.243, 91
Trd, 4318844.543, 96
Trd, 4318845.593, 93
Trd, 4318845.793, 95
Trd, 4318848.843, 95
Trd, 4318849.093, 91
Trd, 4318852.093, 95
Trd, 4318852.643, 95
Trd, 4318854.793, 95
Trd, 4318856.093, 95
Trd, 4318858.643, 95
Trd, 4318859.143, 91
Trd, 4318860.193, 94
Trd, 4318860.693, 94
Trd, 4318862.193, 90
Trd, 4318863.393, 89
Trd, 4318864.343, 94
Trd, 4318865.693, 94
Trd, 4318867.693, 94
Trd, 4318868.543, 94
Trd, 4318870.593, 95
Trd, 4318872.943, 93
Trd, 4318873.043, 95
Trd, 4318874.693, 94
Trd, 4318876.293, 93
Trd, 4318876.393, 92
Trd, 4318879.343, 93
Trd, 4318879.643, 92
Trd, 4318882.193, 92
Trd, 4318882.343, 97
Trd, 4318884.793, 91
Trd, 4318885.843, 94
Trd, 4318887.593, 94
Trd, 4318888.693, 104
Trd, 4318889.543, 104
Trd, 4318889.693, 104
Trd, 4318890.743, 94
Trd, 4318891.343, 98
Trd, 4318894.693, 103
Trd, 4318894.993, 90
Trd, 4318895.243, 98
Trd, 4318897.193, 95
Trd, 4318900.543, 95
Trd, 4318900.943, 95
Trd, 4318902.343, 92
Trd, 4318902.743, 95
Trd, 4318903.293, 98
Trd, 4318904.143, 106
Trd, 4318906.093, 100
Trd, 4318907.543, 92
Trd, 4318911.093, 97
Trd, 4318911.543, 97
Trd, 4318913.393, 91
Trd, 4318914.143, 95
Trd, 4318915.943, 96
Trd, 4318917.643, 95
Trd, 4318919.393, 95
Trd, 4318919.593, 90
Trd, 4318922.943, 89
Trd, 4318923.043, 95
Trd, 4318923.793, 95
Trd, 4318927.643, 95
Trd, 4318929.493, 89
Trd, 4318931.343, 93
Trd, 4318933.243, 94
Trd, 4318933.843, 88
Trd, 4318934.743, 95
Trd, 4318934.893, 108
Trd, 4318936.943, 98
Trd, 4318937.443, 101
Trd, 4318938.493, 100
Trd, 4318939.093, 110
Trd, 4318939.943, 99
Trd, 4318941.393, 105
Trd, 4318941.543, 105
Trd, 4318941.693, 102
Trd, 4318943.693, 104
Trd, 4318945.143, 103
Trd, 4318947.143, 102
Trd, 4318947.743, 101
Trd, 4318948.993, 106
Trd, 4318949.243, 112
Trd, 4318950.393, 100
Trd, 4318952.393, 94
Trd, 4318953.293, 101
Trd, 4318955.643, 100
Trd, 4318956.193, 99
Trd, 4318957.843, 107
Trd, 4318958.793, 100
Trd, 4318959.293, 102
Trd, 4318959.393, 103
Trd, 4318960.493, 103
Trd, 4318960.743, 94
Trd, 4318963.093, 98
Trd, 4318964.393, 102
Trd, 4318964.793, 98
Trd, 4318967.093, 102
Trd, 4318967.843, 102
Trd, 4318968.943, 96
Trd, 4318970.093, 100
Trd, 4318970.643, 96
Trd, 4318973.093, 98
Trd, 4318975.043, 95
Trd, 4318975.343, 97
Trd, 4318976.243, 106
Trd, 4318978.343, 98
Trd, 4318980.793, 95
Trd, 4318981.193, 98
Trd, 4318981.743, 94
Trd, 4318982.893, 98
Trd, 4318984.893, 99
Trd, 4318986.343, 95
Trd, 4318987.543, 98
Trd, 4318989.443, 94
Trd, 4318991.293, 96
Trd, 4318992.593, 93
Trd, 4318993.393, 96
Trd, 4318993.543, 96
Trd, 4318997.093, 97
Trd, 4318997.443, 97
Trd, 4318998.393, 96
Trd, 4319000.293, 96
Trd, 4319000.943, 97
Trd, 4319004.393, 96
Trd, 4319005.493, 95
Trd, 4319006.643, 96
Trd, 4319009.443, 96
Trd, 4319010.143, 96
Trd, 4319012.243, 94
Trd, 4319015.893, 95
Trd, 4319016.193, 95
Trd, 4319016.693, 98
Trd, 4319020.043, 95
Trd, 4319020.943, 93
Trd, 4319021.243, 95
Trd, 4319021.943, 96
Trd, 4319022.243, 96
Trd, 4319024.593, 93
Trd, 4319024.893, 96
Trd, 4319027.193, 94
Trd, 4319027.343, 96
Trd, 4319029.993, 96
Trd, 4319030.343, 96
Trd, 4319034.143, 96
Trd, 4319035.043, 96
Trd, 4319036.043, 96
Trd, 4319036.343, 95
Trd, 4319036.643, 102
Trd, 4319039.293, 103
Trd, 4319039.893, 98
Trd, 4319040.593, 99
Trd, 4319041.143, 104
Trd, 4319041.693, 95
Trd, 4319042.693, 98
Trd, 4319042.993, 72
Trd, 4319044.143, 97
Trd, 4319045.193, 95
Trd, 4319045.643, 97
Trd, 4319047.393, 97
Trd, 4319048.043, 101
Trd, 4319050.043, 98
Trd, 4319050.993, 77
Trd, 4319051.543, 99
Trd, 4319052.543, 98
Trd, 4319053.693, 91
Trd, 4319055.243, 96
Trd, 4319056.393, 95
Trd, 4319056.643, 96
Trd, 4319058.243, 96
Trd, 4319060.993, 96
Trd, 4319061.793, 95
Trd, 4319061.993, 96
Trd, 4319064.193, 93
Trd, 4319066.443, 103
Trd, 4319066.893, 98
Trd, 4319067.693, 114
Trd, 4319068.993, 107
Trd, 4319070.093, 101
Trd, 4319071.343, 95
Trd, 4319072.643, 113
Trd, 4319073.593, 106
Trd, 4319074.793, 103
Trd, 4319075.343, 103
Trd, 4319076.393, 104
Trd, 4319078.593, 103
Trd, 4319078.843, 103
Trd, 4319079.493, 98
Trd, 4319081.843, 98
Trd, 4319082.493, 95
Trd, 4319082.543, 108
Trd, 4319083.543, 94
Trd, 4319085.843, 101
Trd, 4319087.093, 98
Trd, 4319089.143, 99
Trd, 4319090.043, 99
Trd, 4319090.843, 97
Trd, 4319091.643, 99
Trd, 4319094.393, 94
Trd, 4319094.443, 99
Trd, 4319097.093, 99
Trd, 4319098.643, 99
Trd, 4319099.043, 98
Trd, 4319099.743, 99
Trd, 4319102.343, 99
Trd, 4319103.293, 99
Trd, 4319104.543, 99
Trd, 4319105.593, 97
Trd, 4319105.893, 99
Trd, 4319106.893, 97
Trd, 4319107.893, 98
Trd, 4319110.243, 96
Trd, 4319112.093, 98
Trd, 4319114.493, 98
Trd, 4319115.443, 98
Trd, 4319115.643, 98
Trd, 4319117.143, 98
Trd, 4319117.843, 107
Trd, 4319118.393, 97
Trd, 4319118.793, 94
Trd, 4319118.843, 99
Trd, 4319120.893, 102
Trd, 4319124.093, 96
Trd, 4319124.793, 98
Trd, 4319125.293, 99
Trd, 4319126.193, 102
Trd, 4319126.293, 110
Trd, 4319127.243, 94
Trd, 4319127.443, 95
Trd, 4319130.393, 94
Trd, 4319130.593, 96
Trd, 4319134.243, 94
Trd, 4319134.693, 98
Trd, 4319135.043, 104
Trd, 4319136.293, 92
Trd, 4319136.343, 93
Trd, 4319137.143, 102
Trd, 4319137.543, 93
Trd, 4319138.893, 100
Trd, 4319139.993, 112
Trd, 4319141.543, 103
Trd, 4319141.793, 98
Trd, 4319142.293, 100
Trd, 4319143.693, 99
Trd, 4319146.343, 98
Trd, 4319147.193, 99
Trd, 4319148.393, 99
Trd, 4319150.243, 99
Trd, 4319150.293, 98
Trd, 4319151.443, 94
Trd, 4319154.043, 96
Trd, 4319154.593, 96
Trd, 4319155.843, 96
Trd, 4319156.993, 104
Trd, 4319160.193, 97
Trd, 4319160.543, 95
Trd, 4319163.343, 91
Trd, 4319163.943, 92
Trd, 4319164.993, 91
Trd, 4319166.043, 97
Trd, 4319166.143, 90
Trd, 4319167.593, 91
Trd, 4319169.043, 104
Trd, 4319169.343, 96
Trd, 4319171.793, 95
Trd, 4319172.693, 96
Trd, 4319172.943, 94
Trd, 4319174.393, 93
Trd, 4319175.543, 92
Trd, 4319175.843, 96
Trd, 4319178.343, 104
Trd, 4319178.643, 101
Trd, 4319178.943, 100
Trd, 4319181.293, 101
Trd, 4319181.643, 101
Trd, 4319182.293, 100
Trd, 4319182.693, 108
Trd, 4319184.543, 93
Trd, 4319184.743, 97
Trd, 4319185.643, 98
Trd, 4319186.643, 95
Trd, 4319190.593, 97
Trd, 4319191.743, 97
Trd, 4319193.493, 97
Trd, 4319194.393, 97
Trd, 4319194.993, 94
Trd, 4319195.943, 98
Trd, 4319196.693, 93
Trd, 4319198.193, 97
Trd, 4319198.743, 97
Trd, 4319201.143, 97
Trd, 4319203.943, 97
Trd, 4319205.393, 92
Trd, 4319207.743, 94
Trd, 4319207.993, 96
Trd, 4319208.293, 91
Trd, 4319208.993, 95
Trd, 4319211.593, 95
Trd, 4319212.293, 95
Trd, 4319213.443, 90
Trd, 4319216.043, 95
Trd, 4319216.893, 94
Trd, 4319217.543, 94
Trd, 4319218.193, 95
Trd, 4319219.693, 90
Trd, 4319222.993, 94
Trd, 4319224.393, 89
Trd, 4319224.743, 94
Trd, 4319225.693, 88
Trd, 4319229.443, 96
Trd, 4319229.843, 94
Trd, 4319231.443, 93
Trd, 4319232.993, 94
Trd, 4319234.643, 93
Trd, 4319235.893, 89
Trd, 4319236.743, 94
Trd, 4319237.193, 89
Trd, 4319237.593, 94
Trd, 4319238.443, 102
Trd, 4319241.843, 95
Trd, 4319242.393, 94
Trd, 4319244.543, 101
Trd, 4319244.793, 101
Trd, 4319246.093, 98
Trd, 4319246.543, 96
Trd, 4319247.543, 109
Trd, 4319248.393, 109
Trd, 4319248.993, 104
Trd, 4319251.793, 104
Trd, 4319252.793, 84
Trd, 4319255.243, 105
Trd, 4319256.293, 101
Trd, 4319257.443, 104
Trd, 4319258.293, 104
Trd, 4319258.493, 105
Trd, 4319258.743, 102
Trd, 4319260.743, 101
Trd, 4319261.593, 101
Trd, 4319262.993, 95
Trd, 4319264.193, 98
Trd, 4319265.043, 98
Trd, 4319266.893, 98
Trd, 4319268.643, 95
Trd, 4319269.793, 99
Trd, 4319271.043, 99
Trd, 4319272.093, 100
Trd, 4319273.443, 99
Trd, 4319274.493, 99
Trd, 4319274.693, 96
Trd, 4319276.243, 97
Trd, 4319277.793, 96
Trd, 4319280.143, 97
Trd, 4319280.593, 98
Trd, 4319281.093, 98
Trd, 4319281.243, 95
Trd, 4319283.993, 106
Trd, 4319284.243, 96
Trd, 4319284.643, 89
Trd, 4319286.643, 98
Trd, 4319288.393, 102
Trd, 4319289.743, 99
Trd, 4319289.793, 94
Trd, 4319290.543, 99
Trd, 4319291.143, 98
Trd, 4319292.193, 99
Trd, 4319294.293, 97
Trd, 4319294.793, 99
Trd, 4319296.593, 97
Trd, 4319301.193, 97
Trd, 4319301.843, 98
Trd, 4319301.993, 96
Trd, 4319302.793, 99
Trd, 4319303.093, 97
Trd, 4319304.843, 96
Trd, 4319305.143, 94
Trd, 4319305.693, 96
Trd, 4319310.593, 96
Trd, 4319311.693, 96
Trd, 4319312.693, 96
Trd, 4319313.043, 96
Trd, 4319313.593, 95
Trd, 4319313.993, 105
Trd, 4319314.293, 101
Trd, 4319315.693, 94
Trd, 4319316.043, 101
Trd, 4319316.543, 98
Trd, 4319317.343, 94
Trd, 4319318.543, 93
Trd, 4319320.543, 93
Trd, 4319321.343, 104
Trd, 4319322.543, 101
Trd, 4319324.343, 98
Trd, 4319324.643, 99
Trd, 4319324.843, 106
Trd, 4319325.793, 104
Trd, 4319327.843, 99
Trd, 4319329.993, 103
Trd, 4319330.243, 102
Trd, 4319330.793, 101
Trd, 4319333.143, 101
Trd, 4319334.593, 108
Trd, 4319334.693, 104
Trd, 4319336.493, 102
Trd, 4319336.793, 94
Trd, 4319337.243, 98
Trd, 4319338.643, 101
Trd, 4319341.793, 97
Trd, 4319341.893, 101
Trd, 4319342.143, 100
Trd, 4319343.943, 101
Trd, 4319343.993, 104
Trd, 4319345.493, 100
Trd, 4319345.943, 104
Trd, 4319347.293, 96
Trd, 4319349.393, 98
Trd, 4319351.143, 94
Trd, 4319352.343, 94
Trd, 4319352.893, 97
Trd, 4319354.243, 95
Trd, 4319355.993, 93
Trd, 4319356.843, 94
Trd, 4319358.043, 92
Trd, 4319358.143, 95
Trd, 4319360.443, 95
Trd, 4319362.643, 96
Trd, 4319363.043, 93
Trd, 4319364.393, 95
Trd, 4319364.643, 96
Trd, 4319366.143, 93
Trd, 4319368.393, 95
Trd, 4319369.143, 95
Trd, 4319370.693, 95
Trd, 4319371.343, 95
Trd, 4319372.293, 92
Trd, 4319376.393, 95
Trd, 4319377.993, 96
Trd, 4319378.843, 92
Trd, 4319379.543, 94
Trd, 4319382.343, 94
Trd, 4319382.893, 95
Trd, 4319383.343, 91
Trd, 4319383.443, 106
Trd, 4319385.093, 102
Trd, 4319385.643, 103
Trd, 4319386.943, 101
Trd, 4319388.843, 103
Trd, 4319390.343, 94
Trd, 4319390.393, 101
Trd, 4319391.743, 97
Trd, 4319392.143, 101
Trd, 4319392.693, 101
Trd, 4319394.893, 96
Trd, 4319395.643, 104
Trd, 4319396.743, 101
Trd, 4319397.393, 94
Trd, 4319398.043, 111
Trd, 4319398.593, 111
Trd, 4319400.993, 95
Trd, 4319401.793, 97
Trd, 4319401.943, 94
Trd, 4319403.643, 100
Trd, 4319404.893, 97
Trd, 4319406.843, 96
Trd, 4319409.043, 97
Trd, 4319409.493, 96
Trd, 4319409.793, 98
Trd, 4319411.593, 97
Trd, 4319412.143, 94
Trd, 4319413.993, 93
Trd, 4319414.593, 91
Trd, 4319415.543, 92
Trd, 4319415.893, 91
Trd, 4319417.943, 95
Trd, 4319419.093, 101
Trd, 4319419.243, 104
Trd, 4319420.393, 107
Trd, 4319421.443, 97
Trd, 4319423.793, 95
Trd, 4319424.343, 94
Trd, 4319424.643, 96
Trd, 4319426.443, 97
Trd, 4319427.393, 101
Trd, 4319427.643, 96
Trd, 4319429.843, 98
Trd, 4319430.293, 98
Trd, 4319431.443, 98
Trd, 4319433.943, 96
Trd, 4319434.343, 95
Trd, 4319434.843, 94
Trd, 4319435.193, 100
Trd, 4319437.043, 104
Trd, 4319437.343, 110
Trd, 4319438.243, 111
Trd, 4319438.593, 111
Trd, 4319440.443, 99
Trd, 4319440.493, 100
Trd, 4319440.893, 104
Trd, 4319442.843, 101
Trd, 4319443.193, 106
Trd, 4319445.493, 96
Trd, 4319445.593, 104
Trd, 4319445.693, 94
Trd, 4319448.543, 98
Trd, 4319449.243, 112
Trd, 4319451.043, 103
Trd, 4319453.743, 97
Trd, 4319454.693, 98
Trd, 4319454.793, 104
Trd, 4319455.293, 100
Trd, 4319456.343, 107
Trd, 4319456.593, 103
Trd, 4319458.593, 100
Trd, 4319459.993, 113
Trd, 4319460.093, 107
Trd, 4319461.843, 106
Trd, 4319462.043, 98
Trd, 4319463.293, 112
Trd, 4319465.543, 94
Trd, 4319466.643, 101
Trd, 4319468.043, 101
Trd, 4319468.243, 103
Trd, 4319468.743, 98
Trd, 4319470.593, 99
Trd, 4319470.743, 102
Trd, 4319471.643, 96
Trd, 4319472.893, 99
Trd, 4319474.543, 100
Trd, 4319475.743, 97
Trd, 4319478.143, 98
Trd, 4319479.293, 96
Trd, 4319479.793, 94
Trd, 4319482.743, 98
Trd, 4319483.243, 94
Trd, 4319483.693, 98
Trd, 4319484.743, 104
Trd, 4319485.643, 103
Trd, 4319486.193, 103
Trd, 4319487.793, 73
Trd, 4319488.893, 87
Trd, 4319490.893, 108
Trd, 4319491.443, 96
Trd, 4319493.093, 94
Trd, 4319493.443, 96
Trd, 4319494.843, 94
Trd, 4319495.343, 106
Trd, 4319499.193, 95
Trd, 4319500.743, 94
Trd, 4319501.993, 94
Trd, 4319502.393, 96
Trd, 4319503.643, 96
Trd, 4319505.243, 92
Trd, 4319505.993, 98
Trd, 4319507.743, 94
Trd, 4319507.793, 97
Trd, 4319508.843, 105
Trd, 4319509.393, 101
Trd, 4319510.393, 98
Trd, 4319515.243, 95
Trd, 4319515.593, 94
Trd, 4319515.793, 95
Trd, 4319516.143, 97
Trd, 4319516.243, 97
Trd, 4319517.643, 105
Trd, 4319519.343, 102
Trd, 4319519.543, 95
Trd, 4319521.043, 102
Trd, 4319524.643, 99
Trd, 4319526.343, 98
Trd, 4319527.343, 99
Trd, 4319527.893, 98
Trd, 4319528.193, 95
Trd, 4319529.843, 96
Trd, 4319530.893, 108
Trd, 4319531.243, 106
Trd, 4319532.293, 105
Trd, 4319532.893, 94
Trd, 4319533.393, 104
Trd, 4319535.193, 98
Trd, 4319536.743, 99
Trd, 4319537.293, 98
Trd, 4319538.643, 99
Trd, 4319540.493, 98
Trd, 4319542.143, 92
Trd, 4319542.693, 95
Trd, 4319543.993, 94
Trd, 4319545.093, 93
Trd, 4319545.343, 95
Trd, 4319547.543, 94
Trd, 4319547.893, 98
Trd, 4319552.243, 92
Trd, 4319552.943, 95
Trd, 4319554.143, 95
Trd, 4319555.043, 91
Trd, 4319555.293, 101
Trd, 4319556.243, 105
Trd, 4319558.343, 102
Trd, 4319559.943, 108
Trd, 4319561.293, 104
Trd, 4319562.143, 96
Trd, 4319562.343, 99
Trd, 4319562.693, 99
Trd, 4319564.193, 99
Trd, 4319566.943, 98
Trd, 4319567.043, 99
Trd, 4319567.893, 95
Trd, 4319568.043, 94
Trd, 4319570.393, 95
Trd, 4319571.093, 105
Trd, 4319572.593, 94
Trd, 4319574.543, 92
Trd, 4319574.793, 95
Trd, 4319576.693, 84
Trd, 4319577.493, 87
Trd, 4319578.193, 83
Trd, 4319579.343, 95
Trd, 4319579.693, 86
Trd, 4319580.293, 96
Trd, 4319580.843, 94
Trd, 4319582.343, 95
Trd, 4319582.643, 94
Trd, 4319583.893, 78
Trd, 4319584.243, 96
Trd, 4319585.743, 111
Trd, 4319588.193, 101
Trd, 4319588.293, 100
Trd, 4319588.493, 105
Trd, 4319589.893, 102
Trd, 4319592.543, 101
Trd, 4319593.043, 103
Trd, 4319593.693, 100
Trd, 4319594.443, 98
Trd, 4319594.843, 102
Trd, 4319596.943, 98
Trd, 4319599.743, 103
Trd, 4319600.243, 97
Trd, 4319600.443, 103
Trd, 4319601.043, 100
Trd, 4319603.143, 109
Trd, 4319603.393, 102
Trd, 4319605.093, 101
Trd, 4319605.393, 100
Trd, 4319609.043, 104
Trd, 4319609.893, 103
Trd, 4319612.643, 103
Trd, 4319612.793, 104
Trd, 4319613.093, 102
Trd, 4319616.193, 100
Trd, 4319617.943, 102
Trd, 4319618.043, 94
Trd, 4319618.193, 102
Trd, 4319618.693, 95
Trd, 4319618.943, 94
Trd, 4319619.893, 104
Trd, 4319621.193, 67
Trd, 4319622.493, 83
Trd, 4319624.043, 79
Trd, 4319625.293, 83
Trd, 4319626.243, 86
Trd, 4319627.243, 83
Trd, 4319627.743, 84
Trd, 4319628.543, 108
Trd, 4319629.043, 82
Trd, 4319629.693, 102
Trd, 4319632.193, 94
Trd, 4319632.443, 95
Trd, 4319633.993, 92
Trd, 4319635.743, 92
Trd, 4319637.743, 90
Trd, 4319639.743, 92
Trd, 4319640.243, 92
Trd, 4319643.093, 92
Trd, 4319643.393, 93
Trd, 4319643.693, 100
Trd, 4319644.343, 93
Trd, 4319645.093, 89
Trd, 4319646.193, 92
Trd, 4319647.793, 93
Trd, 4319648.693, 93
Trd, 4319650.943, 100
Trd, 4319652.093, 94
Trd, 4319652.443, 94
Trd, 4319653.143, 92
Trd, 4319653.443, 108
Trd, 4319656.593, 103
Trd, 4319656.793, 105
Trd, 4319657.443, 104
Trd, 4319658.043, 101
Trd, 4319659.743, 102
Trd, 4319660.343, 99
Trd, 4319661.143, 94
Trd, 4319662.393, 107
Trd, 4319665.143, 99
Trd, 4319667.993, 98
Trd, 4319668.393, 96
Trd, 4319668.643, 98
Trd, 4319672.543, 96
Trd, 4319673.143, 95
Trd, 4319673.443, 96
Trd, 4319673.593, 99
Trd, 4319674.193, 98
Trd, 4319676.393, 97
Trd, 4319676.493, 96
Trd, 4319677.643, 95
Trd, 4319678.543, 95
Trd, 4319679.943, 100
Trd, 4319680.593, 99
Trd, 4319683.743, 100
Trd, 4319684.893, 97
Trd, 4319685.343, 98
Trd, 4319686.343, 97
Trd, 4319686.393, 94
Trd, 4319689.443, 97
Trd, 4319689.793, 95
Trd, 4319689.843, 116
Trd, 4319690.893, 96
Trd, 4319694.343, 102
Trd, 4319695.143, 99
Trd, 4319696.293, 99
Trd, 4319697.193, 98
Trd, 4319697.943, 98
Trd, 4319699.143, 97
Trd, 4319700.193, 99
Trd, 4319703.593, 96
Trd, 4319704.043, 98
Trd, 4319705.643, 95
Trd, 4319706.343, 98
Trd, 4319707.743, 96
Trd, 4319708.743, 89
Trd, 4319710.043, 92
Trd, 4319711.743, 82
Trd, 4319712.093, 78
Trd, 4319712.393, 82
Trd, 4319714.193, 109
Trd, 4319715.043, 88
Trd, 4319716.143, 93
Trd, 4319718.293, 87
Trd, 4319718.643, 86
Trd, 4319719.393, 88
Trd, 4319720.343, 87
Trd, 4319721.543, 97
Trd, 4319722.943, 89
Trd, 4319726.193, 90
Trd, 4319726.843, 88
Trd, 4319726.893, 77
Trd, 4319727.093, 91
Trd, 4319728.893, 91
Trd, 4319730.343, 91
Trd, 4319731.143, 98
Trd, 4319731.643, 85
Trd, 4319733.143, 94
Trd, 4319734.043, 90
Trd, 4319735.643, 93
Trd, 4319736.893, 90
Trd, 4319737.643, 93
Trd, 4319739.243, 96
Trd, 4319739.743, 93
Trd, 4319742.443, 93
Trd, 4319742.843, 94
Trd, 4319745.593, 92
Trd, 4319746.393, 90
Trd, 4319746.443, 95
Trd, 4319747.493, 105
Trd, 4319748.043, 94
Trd, 4319748.993, 95
Trd, 4319749.843, 95
Trd, 4319749.993, 95
Trd, 4319750.243, 107
Trd, 4319755.443, 96
Trd, 4319755.643, 98
Trd, 4319755.793, 94
Trd, 4319757.743, 95
Trd, 4319757.843, 103
Trd, 4319759.543, 93
Trd, 4319762.543, 98
Trd, 4319764.043, 98
Trd, 4319764.843, 94
Trd, 4319764.943, 98
Trd, 4319767.043, 94
Trd, 4319769.993, 97
Trd, 4319771.893, 97
Trd, 4319772.143, 97
Trd, 4319773.443, 96
Trd, 4319774.593, 95
Trd, 4319774.993, 97
Trd, 4319777.343, 96
Trd, 4319777.743, 94
Trd, 4319780.043, 95
Trd, 4319780.543, 95
Trd, 4319782.893, 95
Trd, 4319785.293, 94
Trd, 4319785.543, 93
Trd, 4319785.693, 95
Trd, 4319786.093, 92
Trd, 4319787.693, 94
Trd, 4319788.093, 91
Trd, 4319789.743, 94
Trd, 4319793.543, 94
Trd, 4319796.743, 93
Trd, 4319797.043, 94
Trd, 4319797.343, 94
Trd, 4319799.593, 92
Trd, 4319801.193, 94
Trd, 4319801.293, 95
Trd, 4319802.493, 94
Trd, 4319805.093, 94
Trd, 4319807.443, 94
Trd, 4319808.593, 92
Trd, 4319809.793, 94
Trd, 4319812.243, 94
Trd, 4319815.093, 94
Trd, 4319815.593, 92
Trd, 4319816.193, 94
Trd, 4319817.243, 95
Trd, 4319819.693, 94
Trd, 4319820.543, 104
Trd, 4319821.343, 103
Trd, 4319822.043, 97
Trd, 4319823.893, 105
Trd, 4319825.643, 99
Trd, 4319826.793, 96
Trd, 4319827.693, 97
Trd, 4319828.643, 96
Trd, 4319830.993, 98
Trd, 4319833.743, 96
Trd, 4319835.843, 95
Trd, 4319837.093, 96
Trd, 4319838.043, 95
Trd, 4319838.393, 94
Trd, 4319840.843, 95
Trd, 4319842.443, 95
Trd, 4319842.643, 93
Trd, 4319844.193, 100
Trd, 4319847.543, 96
Trd, 4319848.593, 96
Trd, 4319851.643, 95
Trd, 4319851.743, 96
Trd, 4319852.643, 96
Trd, 4319854.943, 96
Trd, 4319856.343, 96
Trd, 4319857.293, 94
Trd, 4319858.443, 94
Trd, 4319859.843, 96
Trd, 4319860.193, 108
Trd, 4319860.643, 96
Trd, 4319863.343, 97
Trd, 4319863.693, 96
Trd, 4319864.943, 95
Trd, 4319865.693, 94
Trd, 4319866.343, 96
Trd, 4319868.043, 95
Trd, 4319868.093, 96
Trd, 4319870.943, 94
Trd, 4319871.043, 96
Trd, 4319875.843, 96
Trd, 4319877.093, 94
Trd, 4319878.193, 96
Trd, 4319878.643, 96
Trd, 4319878.743, 97
Trd, 4319881.593, 96
Trd, 4319882.293, 94
Trd, 4319885.193, 95
Trd, 4319885.493, 95
Trd, 4319887.043, 93
Trd, 4319888.143, 95
Trd, 4319890.043, 95
Trd, 4319890.943, 94
Trd, 4319891.593, 95
Trd, 4319893.443, 94
Trd, 4319894.943, 93
Trd, 4319896.243, 92
Trd, 4319897.343, 94
Trd, 4319898.643, 92
Trd, 4319899.493, 101
Trd, 4319900.693, 109
Trd, 4319901.493, 96
Trd, 4319902.643, 95
Trd, 4319904.043, 95
Trd, 4319904.493, 95
Trd, 4319907.643, 94
Trd, 4319908.793, 95
Trd, 4319910.993, 94
Trd, 4319912.243, 96
Trd, 4319913.143, 94
Trd, 4319915.443, 95
Trd, 4319916.343, 95
Trd, 4319916.493, 93
Trd, 4319919.993, 95
Trd, 4319920.343, 95
Trd, 4319920.643, 95
Trd, 4319922.993, 95
Trd, 4319924.593, 93
Trd, 4319925.693, 95
Trd, 4319926.343, 95
Trd, 4319926.993, 95
Trd, 4319927.793, 93
Trd, 4319929.743, 94
Trd, 4319931.043, 92
Trd, 4319932.443, 91
Trd, 4319936.443, 91
Trd, 4319936.643, 92
Trd, 4319938.043, 92
Trd, 4319938.493, 92
Trd, 4319938.893, 91
Trd, 4319941.193, 93
Trd, 4319943.043, 97
Trd, 4319943.993, 91
Trd, 4319945.293, 92
Trd, 4319945.693, 99
Trd, 4319947.443, 93
Trd, 4319950.193, 89
Trd, 4319951.393, 102
Trd, 4319951.743, 105
Trd, 4319954.443, 91
Trd, 4319956.743, 90
Trd, 4319958.093, 96
Trd, 4319959.043, 96
Trd, 4319960.293, 94
Trd, 4319961.893, 94
Trd, 4319963.943, 90
Trd, 4319966.443, 93
Trd, 4319966.593, 95
Trd, 4319969.143, 94
Trd, 4319970.193, 94
Trd, 4319971.343, 95
Trd, 4319971.393, 89
Trd, 4319973.243, 85
Trd, 4319973.893, 91
Trd, 4319975.193, 95
Trd, 4319976.243, 104
Trd, 4319976.993, 97
Trd, 4319978.693, 98
Trd, 4319979.093, 97
Trd, 4319979.643, 94
Trd, 4319980.043, 97
Trd, 4319981.243, 118
Trd, 4319981.343, 93
Trd, 4319983.193, 99
Trd, 4319984.193, 101
Trd, 4319984.343, 105
Trd, 4319987.543, 96
Trd, 4319989.343, 93
Trd, 4319991.043, 93
Trd, 4319991.843, 94
Trd, 4319991.943, 98
Trd, 4319992.643, 92
Trd, 4319993.593, 95
Trd, 4319995.893, 104
Trd, 4319996.443, 97
Trd, 4319997.993, 91
Trd, 4319998.543, 95
