Trd, 4317881.343, 94
Trd, 4317881.843, 94
Trd, 4317884.143, 94
Trd, 4317884.243, 95
Trd, 4317886.943, 96
Trd, 4317887.843, 96
Trd, 4317888.643, 113
Trd, 4317888.743, 123
Trd, 4317890.843, 110
Trd, 4317893.343, 101
Trd, 4317895.543, 99
Trd, 4317896.643, 95
Trd, 4317897.943, 95
Trd, 4317899.093, 97
Trd, 4317899.493, 98
Trd, 4317900.643, 96
Trd, 4317901.943, 97
Trd, 4317903.093, 97
Trd, 4317903.743, 97
Trd, 4317904.043, 96
Trd, 4317907.343, 105
Trd, 4317908.893, 97
Trd, 4317909.093, 98
Trd, 4317909.443, 106
Trd, 4317911.243, 102
Trd, 4317913.543, 98
Trd, 4317915.943, 98
Trd, 4317916.543, 98
Trd, 4317917.193, 98
Trd, 4317919.193, 98
Trd, 4317920.043, 97
Trd, 4317920.843, 97
Trd, 4317922.893, 97
Trd, 4317923.793, 97
Trd, 4317924.143, 101
Trd, 4317927.093, 96
Trd, 4317927.293, 95
Trd, 4317927.993, 96
Trd, 4317929.143, 96
Trd, 4317931.593, 95
Trd, 4317931.743, 94
Trd, 4317932.593, 95
Trd, 4317934.743, 95
Trd, 4317935.643, 95
Trd, 4317937.943, 102
Trd, 4317938.043, 97
Trd, 4317939.043, 99
Trd, 4317939.643, 96
Trd, 4317942.343, 96
Trd, 4317942.743, 98
Trd, 4317944.843, 96
Trd, 4317946.793, 101
Trd, 4317949.293, 104
Trd, 4317950.543, 95
Trd, 4317950.943, 95
Trd, 4317951.743, 93
Trd, 4317951.893, 93
Trd, 4317955.993, 92
Trd, 4317956.793, 93
Trd, 4317957.493, 92
Trd, 4317958.593, 95
Trd, 4317960.743, 104
Trd, 4317960.893, 98
Trd, 4317963.143, 97
Trd, 4317963.643, 99
Trd, 4317964.393, 101
Trd, 4317966.193, 100
Trd, 4317967.293, 99
Trd, 4317967.493, 103
Trd, 4317969.493, 99
Trd, 4317970.693, 99
Trd, 4317971.493, 99
Trd, 4317974.243, 98
Trd, 4317975.943, 98
Trd, 4317976.093, 97
Trd, 4317977.043, 99
Trd, 4317978.043, 103
Trd, 4317979.543, 100
Trd, 4317979.793, 104
Trd, 4317981.543, 98
Trd, 4317982.243, 98
Trd, 4317983.843, 98
Trd, 4317985.443, 99
Trd, 4317988.043, 104
Trd, 4317988.093, 105
Trd, 4317990.243, 107
Trd, 4317990.543, 107
Trd, 4317991.743, 113
Trd, 4317992.543, 103
Trd, 4317993.843, 103
Trd, 4317994.793, 101
Trd, 4317997.843, 100
Trd, 4317998.043, 99
Trd, 4317998.593, 102
Trd, 4318001.193, 101
Trd, 4318001.543, 100
Trd, 4318002.943, 95
Trd, 4318003.543, 104
Trd, 4318004.993, 101
Trd, 4318006.043, 102
Trd, 4318007.993, 100
Trd, 4318009.593, 100
Trd, 4318009.943, 100
Trd, 4318012.143, 100
Trd, 4318013.793, 100
Trd, 4318014.843, 100
Trd, 4318016.443, 98
Trd, 4318016.993, 97
Trd, 4318017.993, 99
Trd, 4318019.243, 97
Trd, 4318021.743, 98
Trd, 4318023.593, 97
Trd, 4318023.743, 98
Trd, 4318023.943, 114
Trd, 4318029.593, 98
Trd, 4318029.743, 98
Trd, 4318030.643, 98
Trd, 4318032.343, 104
Trd, 4318032.493, 113
Trd, 4318032.893, 96
Trd, 4318035.093, 105
Trd, 4318036.743, 97
Trd, 4318038.493, 95
Trd, 4318038.543, 97
Trd, 4318039.143, 96
Trd, 4318040.043, 95
Trd, 4318040.343, 98
Trd, 4318043.593, 95
Trd, 4318044.343, 96
Trd, 4318046.893, 100
Trd, 4318047.193, 112
Trd, 4318047.843, 98
Trd, 4318049.693, 103
Trd, 4318050.893, 102
Trd, 4318051.893, 99
Trd, 4318053.893, 99
Trd, 4318053.943, 102
Trd, 4318055.293, 104
Trd, 4318058.243, 103
Trd, 4318058.493, 101
Trd, 4318060.393, 102
Trd, 4318061.443, 102
Trd, 4318062.393, 101
Trd, 4318064.293, 99
Trd, 4318064.843, 104
Trd, 4318065.993, 97
Trd, 4318067.143, 101
Trd, 4318067.943, 97
Trd, 4318068.143, 99
Trd, 4318071.893, 96
Trd, 4318072.643, 98
Trd, 4318074.093, 96
Trd, 4318075.743, 97
Trd, 4318076.293, 96
Trd, 4318077.193, 96
Trd, 4318079.593, 97
Trd, 4318080.143, 96
Trd, 4318082.093, 96
Trd, 4318083.443, 94
Trd, 4318085.793, 94
Trd, 4318087.243, 96
Trd, 4318087.493, 104
Trd, 4318088.593, 95
Trd, 4318089.343, 106
Trd, 4318090.443, 97
Trd, 4318091.893, 96
Trd, 4318092.243, 89
Trd, 4318094.643, 92
Trd, 4318095.793, 94
Trd, 4318096.543, 95
Trd, 4318096.843, 113
Trd, 4318101.193, 104
Trd, 4318102.293, 97
Trd, 4318103.293, 97
Trd, 4318104.393, 96
Trd, 4318105.243, 97
Trd, 4318105.993, 95
Trd, 4318107.893, 94
Trd, 4318108.343, 95
Trd, 4318110.443, 96
Trd, 4318111.043, 103
Trd, 4318111.243, 104
Trd, 4318113.093, 97
Trd, 4318114.343, 97
Trd, 4318114.893, 102
Trd, 4318117.443, 96
Trd, 4318119.643, 99
Trd, 4318119.893, 103
Trd, 4318120.193, 104
Trd, 4318121.143, 113
Trd, 4318124.443, 99
Trd, 4318127.693, 97
Trd, 4318127.993, 100
Trd, 4318128.943, 98
Trd, 4318129.693, 104
Trd, 4318130.643, 98
Trd, 4318132.543, 97
Trd, 4318132.943, 98
Trd, 4318134.693, 98
Trd, 4318137.793, 101
Trd, 4318137.843, 99
Trd, 4318137.993, 104
Trd, 4318138.093, 99
Trd, 4318141.443, 109
Trd, 4318143.643, 113
Trd, 4318146.393, 109
Trd, 4318146.693, 107
Trd, 4318146.743, 103
Trd, 4318148.743, 108
Trd, 4318149.693, 110
Trd, 4318151.543, 102
Trd, 4318152.693, 106
Trd, 4318154.043, 102
Trd, 4318154.443, 95
Trd, 4318155.443, 103
Trd, 4318157.743, 102
Trd, 4318160.693, 100
Trd, 4318160.843, 100
Trd, 4318163.093, 104
Trd, 4318164.593, 101
Trd, 4318164.793, 99
Trd, 4318165.543, 99
Trd, 4318168.593, 106
Trd, 4318168.893, 113
Trd, 4318169.443, 104
Trd, 4318171.193, 103
Trd, 4318171.393, 104
Trd, 4318174.093, 103
Trd, 4318174.343, 104
Trd, 4318174.693, 105
Trd, 4318176.793, 102
Trd, 4318177.043, 103
Trd, 4318179.493, 108
Trd, 4318180.243, 103
Trd, 4318180.293, 104
Trd, 4318181.893, 107
Trd, 4318185.293, 112
Trd, 4318185.943, 108
Trd, 4318187.143, 111
Trd, 4318187.343, 109
Trd, 4318190.793, 107
Trd, 4318191.343, 106
Trd, 4318192.543, 105
Trd, 4318193.793, 98
Trd, 4318193.893, 100
Trd, 4318194.493, 100
Trd, 4318196.043, 100
Trd, 4318197.893, 98
Trd, 4318199.143, 96
Trd, 4318199.643, 98
Trd, 4318199.793, 99
Trd, 4318202.293, 98
Trd, 4318202.843, 97
Trd, 4318203.243, 97
Trd, 4318205.893, 95
Trd, 4318206.993, 97
Trd, 4318208.493, 95
Trd, 4318209.743, 95
Trd, 4318210.843, 95
Trd, 4318211.243, 95
Trd, 4318211.743, 94
Trd, 4318213.493, 98
Trd, 4318214.943, 99
Trd, 4318217.993, 99
Trd, 4318218.193, 97
Trd, 4318218.593, 104
Trd, 4318221.743, 101
Trd, 4318222.193, 97
Trd, 4318223.443, 100
Trd, 4318224.843, 100
Trd, 4318226.643, 98
Trd, 4318227.243, 98
Trd, 4318227.893, 104
Trd, 4318229.493, 104
Trd, 4318230.943, 96
Trd, 4318231.643, 96
Trd, 4318233.493, 97
Trd, 4318236.643, 97
Trd, 4318236.893, 95
Trd, 4318237.643, 95
Trd, 4318238.143, 92
Trd, 4318238.793, 96
Trd, 4318240.593, 95
Trd, 4318241.343, 93
Trd, 4318242.293, 95
Trd, 4318242.543, 104
Trd, 4318246.543, 96
Trd, 4318246.843, 95
Trd, 4318247.193, 95
Trd, 4318247.243, 96
Trd, 4318248.143, 103
Trd, 4318249.493, 95
Trd, 4318252.143, 96
Trd, 4318252.293, 97
Trd, 4318252.643, 97
Trd, 4318254.543, 104
Trd, 4318254.843, 101
Trd, 4318259.993, 97
Trd, 4318261.743, 97
Trd, 4318262.643, 96
Trd, 4318262.943, 104
Trd, 4318266.243, 98
Trd, 4318266.793, 97
Trd, 4318266.993, 97
Trd, 4318267.943, 97
Trd, 4318268.343, 96
Trd, 4318268.793, 97
Trd, 4318269.593, 104
Trd, 4318271.493, 95
Trd, 4318272.443, 95
Trd, 4318273.993, 96
Trd, 4318274.293, 95
Trd, 4318276.693, 97
Trd, 4318278.293, 96
Trd, 4318279.143, 104
Trd, 4318279.343, 113
Trd, 4318281.543, 105
Trd, 4318284.193, 100
Trd, 4318284.993, 101
Trd, 4318285.643, 100
Trd, 4318286.443, 100
Trd, 4318286.593, 104
Trd, 4318288.343, 100
Trd, 4318290.843, 99
Trd, 4318291.793, 96
Trd, 4318292.893, 95
Trd, 4318294.043, 98
Trd, 4318295.643, 98
Trd, 4318297.793, 98
Trd, 4318298.043, 98
Trd, 4318299.593, 100
Trd, 4318299.943, 101
Trd, 4318301.193, 100
Trd, 4318302.793, 105
Trd, 4318304.443, 105
Trd, 4318304.543, 112
Trd, 4318305.793, 104
Trd, 4318307.243, 108
Trd, 4318308.193, 106
Trd, 4318311.093, 104
Trd, 4318311.643, 113
Trd, 4318313.893, 103
Trd, 4318314.643, 100
Trd, 4318315.793, 100
Trd, 4318318.243, 98
Trd, 4318321.243, 98
Trd, 4318321.843, 103
Trd, 4318323.293, 98
Trd, 4318324.193, 98
Trd, 4318324.393, 97
Trd, 4318326.443, 96
Trd, 4318327.093, 97
Trd, 4318330.743, 100
Trd, 4318331.393, 99
Trd, 4318331.743, 103
Trd, 4318334.093, 99
Trd, 4318335.093, 99
Trd, 4318335.493, 99
Trd, 4318337.143, 99
Trd, 4318337.493, 99
Trd, 4318339.693, 99
Trd, 4318339.843, 100
Trd, 4318340.293, 103
Trd, 4318340.893, 95
Trd, 4318341.593, 104
Trd, 4318345.093, 99
Trd, 4318346.193, 99
Trd, 4318347.343, 99
Trd, 4318348.643, 100
Trd, 4318349.143, 104
Trd, 4318351.243, 102
Trd, 4318352.993, 106
Trd, 4318353.993, 105
Trd, 4318354.893, 103
Trd, 4318355.543, 104
Trd, 4318357.193, 101
Trd, 4318359.193, 98
Trd, 4318362.643, 89
Trd, 4318362.743, 89
Trd, 4318363.443, 92
Trd, 4318363.843, 95
Trd, 4318367.393, 95
Trd, 4318368.543, 95
Trd, 4318369.193, 96
Trd, 4318369.943, 96
Trd, 4318369.993, 98
Trd, 4318372.493, 95
Trd, 4318373.293, 95
Trd, 4318375.043, 95
Trd, 4318376.193, 94
Trd, 4318376.843, 95
Trd, 4318377.343, 87
Trd, 4318379.843, 93
Trd, 4318380.993, 94
Trd, 4318381.843, 93
Trd, 4318382.093, 95
Trd, 4318386.293, 107
Trd, 4318387.143, 106
Trd, 4318387.343, 111
Trd, 4318388.543, 107
Trd, 4318389.143, 107
Trd, 4318389.993, 105
Trd, 4318390.943, 105
Trd, 4318391.243, 102
Trd, 4318391.693, 113
Trd, 4318394.143, 117
Trd, 4318396.043, 114
Trd, 4318397.243, 111
Trd, 4318400.493, 101
Trd, 4318401.643, 100
Trd, 4318401.943, 101
Trd, 4318402.143, 104
Trd, 4318404.843, 99
Trd, 4318405.793, 100
Trd, 4318407.843, 98
Trd, 4318408.243, 99
Trd, 4318409.793, 98
Trd, 4318410.343, 96
Trd, 4318412.643, 94
Trd, 4318412.743, 97
Trd, 4318413.943, 95
Trd, 4318414.893, 95
Trd, 4318415.493, 97
Trd, 4318417.893, 104
Trd, 4318418.843, 100
Trd, 4318419.443, 109
Trd, 4318421.443, 109
Trd, 4318422.293, 105
Trd, 4318422.793, 107
Trd, 4318423.393, 113
Trd, 4318424.743, 105
Trd, 4318425.193, 104
Trd, 4318425.693, 109
Trd, 4318428.793, 103
Trd, 4318429.193, 106
Trd, 4318429.693, 104
Trd, 4318431.893, 104
Trd, 4318432.643, 104
Trd, 4318433.943, 103
Trd, 4318435.493, 98
Trd, 4318437.543, 97
Trd, 4318439.743, 96
Trd, 4318440.143, 96
Trd, 4318440.243, 95
Trd, 4318440.493, 95
Trd, 4318441.843, 105
Trd, 4318442.293, 73
Trd, 4318444.943, 94
Trd, 4318446.143, 92
Trd, 4318446.743, 93
Trd, 4318446.793, 95
Trd, 4318449.543, 100
Trd, 4318450.093, 98
Trd, 4318451.443, 103
Trd, 4318452.343, 104
Trd, 4318452.843, 114
Trd, 4318453.593, 100
Trd, 4318456.093, 101
Trd, 4318456.993, 122
Trd, 4318457.543, 95
Trd, 4318457.693, 96
Trd, 4318460.193, 101
Trd, 4318461.893, 98
Trd, 4318462.043, 116
Trd, 4318463.793, 101
Trd, 4318465.293, 103
Trd, 4318465.643, 100
Trd, 4318468.693, 99
Trd, 4318469.793, 101
Trd, 4318471.343, 101
Trd, 4318473.043, 101
Trd, 4318473.643, 100
Trd, 4318476.393, 99
Trd, 4318476.593, 98
Trd, 4318478.343, 104
Trd, 4318479.493, 99
Trd, 4318480.443, 103
Trd, 4318481.193, 99
Trd, 4318483.093, 113
Trd, 4318484.093, 97
Trd, 4318486.693, 99
Trd, 4318487.443, 106
Trd, 4318488.193, 106
Trd, 4318491.093, 101
Trd, 4318491.293, 103
Trd, 4318491.693, 100
Trd, 4318493.343, 103
Trd, 4318496.393, 102
Trd, 4318498.293, 103
Trd, 4318498.393, 102
Trd, 4318499.143, 101
Trd, 4318500.393, 101
Trd, 4318501.143, 110
Trd, 4318502.393, 113
Trd, 4318503.243, 100
Trd, 4318504.993, 90
Trd, 4318507.843, 93
Trd, 4318510.143, 94
Trd, 4318510.993, 95
Trd, 4318511.993, 113
Trd, 4318512.293, 122
Trd, 4318512.343, 94
Trd, 4318515.543, 96
Trd, 4318516.743, 98
Trd, 4318516.893, 114
Trd, 4318520.543, 97
Trd, 4318520.743, 97
Trd, 4318522.443, 96
Trd, 4318524.243, 95
Trd, 4318524.393, 96
Trd, 4318525.843, 104
Trd, 4318526.293, 98
Trd, 4318527.043, 99
Trd, 4318527.093, 96
Trd, 4318528.243, 97
Trd, 4318528.443, 112
Trd, 4318529.793, 103
Trd, 4318532.543, 97
Trd, 4318532.843, 98
Trd, 4318534.393, 97
Trd, 4318535.193, 97
Trd, 4318535.793, 104
Trd, 4318536.643, 99
Trd, 4318538.293, 104
Trd, 4318539.593, 100
Trd, 4318541.543, 100
Trd, 4318542.393, 100
Trd, 4318542.743, 100
Trd, 4318543.643, 99
Trd, 4318545.943, 109
Trd, 4318548.243, 106
Trd, 4318548.493, 104
Trd, 4318548.793, 106
Trd, 4318550.393, 106
Trd, 4318552.293, 109
Trd, 4318553.143, 102
Trd, 4318554.293, 85
Trd, 4318557.593, 98
Trd, 4318557.743, 99
Trd, 4318559.093, 98
Trd, 4318559.693, 97
Trd, 4318559.843, 95
Trd, 4318562.943, 113
Trd, 4318563.893, 100
Trd, 4318564.443, 105
Trd, 4318567.243, 98
Trd, 4318567.893, 94
Trd, 4318570.343, 93
Trd, 4318571.293, 94
Trd, 4318572.093, 95
Trd, 4318573.093, 93
Trd, 4318573.643, 94
Trd, 4318576.243, 105
Trd, 4318576.343, 102
Trd, 4318577.993, 104
Trd, 4318578.893, 112
Trd, 4318578.993, 104
Trd, 4318581.793, 105
Trd, 4318582.843, 104
Trd, 4318582.893, 105
Trd, 4318585.743, 99
Trd, 4318586.293, 101
Trd, 4318586.893, 101
Trd, 4318587.093, 105
Trd, 4318589.243, 112
Trd, 4318591.493, 103
Trd, 4318591.943, 101
Trd, 4318592.593, 102
Trd, 4318593.043, 103
Trd, 4318595.893, 103
Trd, 4318596.043, 101
Trd, 4318596.243, 105
Trd, 4318597.643, 111
Trd, 4318599.843, 100
Trd, 4318601.493, 97
Trd, 4318601.993, 101
Trd, 4318602.243, 102
Trd, 4318605.393, 104
Trd, 4318606.643, 101
Trd, 4318607.243, 102
Trd, 4318608.293, 100
Trd, 4318609.093, 102
Trd, 4318609.493, 101
Trd, 4318611.343, 102
Trd, 4318612.343, 104
Trd, 4318614.543, 101
Trd, 4318614.593, 101
Trd, 4318615.593, 102
Trd, 4318616.193, 101
Trd, 4318617.893, 102
Trd, 4318618.643, 102
Trd, 4318620.043, 102
Trd, 4318621.993, 103
Trd, 4318624.043, 102
Trd, 4318625.293, 104
Trd, 4318627.893, 111
Trd, 4318628.143, 108
Trd, 4318629.843, 106
Trd, 4318631.093, 107
Trd, 4318632.443, 102
Trd, 4318633.793, 104
Trd, 4318633.843, 113
Trd, 4318636.643, 105
Trd, 4318637.043, 104
Trd, 4318638.193, 102
Trd, 4318638.593, 103
Trd, 4318640.493, 105
Trd, 4318642.143, 102
Trd, 4318642.393, 101
Trd, 4318643.543, 102
Trd, 4318647.493, 102
Trd, 4318647.893, 99
Trd, 4318649.293, 98
Trd, 4318649.643, 99
Trd, 4318652.843, 98
Trd, 4318653.943, 96
Trd, 4318654.393, 97
Trd, 4318656.043, 95
Trd, 4318656.443, 98
Trd, 4318656.643, 114
Trd, 4318657.193, 98
Trd, 4318660.893, 102
Trd, 4318661.543, 101
Trd, 4318661.893, 103
Trd, 4318664.243, 104
Trd, 4318664.743, 100
Trd, 4318664.943, 113
Trd, 4318666.343, 100
Trd, 4318667.593, 98
Trd, 4318670.743, 97
Trd, 4318671.193, 104
Trd, 4318672.543, 98
Trd, 4318673.693, 97
Trd, 4318676.093, 98
Trd, 4318676.893, 97
Trd, 4318677.693, 97
Trd, 4318679.893, 99
Trd, 4318681.393, 104
Trd, 4318682.993, 102
Trd, 4318684.943, 106
Trd, 4318685.293, 113
Trd, 4318685.993, 104
Trd, 4318687.193, 120
Trd, 4318690.493, 104
Trd, 4318693.343, 103
Trd, 4318694.193, 101
Trd, 4318694.643, 101
Trd, 4318695.643, 98
Trd, 4318695.793, 101
Trd, 4318698.043, 104
Trd, 4318699.943, 99
Trd, 4318700.343, 100
Trd, 4318701.143, 99
Trd, 4318701.243, 98
Trd, 4318702.743, 97
Trd, 4318704.543, 98
Trd, 4318706.343, 98
Trd, 4318706.693, 96
Trd, 4318708.093, 98
Trd, 4318709.893, 96
Trd, 4318710.193, 96
Trd, 4318711.143, 95
Trd, 4318713.043, 96
Trd, 4318713.743, 104
Trd, 4318713.843, 113
Trd, 4318715.693, 112
Trd, 4318717.443, 108
Trd, 4318718.643, 99
Trd, 4318721.143, 102
Trd, 4318723.193, 102
Trd, 4318725.043, 100
Trd, 4318726.393, 98
Trd, 4318726.843, 98
Trd, 4318729.393, 97
Trd, 4318729.493, 96
Trd, 4318729.943, 103
Trd, 4318732.543, 95
Trd, 4318732.793, 100
Trd, 4318734.793, 99
Trd, 4318736.643, 98
Trd, 4318738.993, 98
Trd, 4318739.393, 97
Trd, 4318740.793, 97
Trd, 4318741.493, 98
Trd, 4318742.743, 97
Trd, 4318743.943, 97
Trd, 4318744.893, 96
Trd, 4318747.043, 95
Trd, 4318748.893, 113
Trd, 4318750.893, 100
Trd, 4318751.193, 101
Trd, 4318751.743, 102
Trd, 4318754.443, 103
Trd, 4318755.893, 99
Trd, 4318757.843, 98
Trd, 4318758.693, 99
Trd, 4318760.443, 96
Trd, 4318760.943, 97
Trd, 4318760.993, 104
Trd, 4318762.343, 99
Trd, 4318764.993, 97
Trd, 4318765.593, 98
Trd, 4318766.643, 95
Trd, 4318767.093, 99
Trd, 4318770.043, 97
Trd, 4318770.143, 97
Trd, 4318771.893, 102
Trd, 4318774.493, 97
Trd, 4318774.893, 95
Trd, 4318775.193, 80
Trd, 4318776.243, 91
Trd, 4318777.843, 90
Trd, 4318777.943, 96
Trd, 4318778.793, 113
Trd, 4318779.193, 93
Trd, 4318780.343, 93
Trd, 4318782.893, 97
Trd, 4318783.943, 95
Trd, 4318784.493, 95
Trd, 4318785.893, 95
Trd, 4318786.293, 113
Trd, 4318787.443, 103
Trd, 4318789.693, 122
Trd, 4318789.793, 108
Trd, 4318791.443, 99
Trd, 4318791.943, 98
Trd, 4318792.493, 99
Trd, 4318794.643, 104
Trd, 4318796.943, 102
Trd, 4318797.043, 103
Trd, 4318797.093, 115
Trd, 4318797.893, 133
Trd, 4318799.093, 118
Trd, 4318802.193, 105
Trd, 4318802.243, 105
Trd, 4318803.943, 104
Trd, 4318804.243, 103
Trd, 4318805.693, 99
Trd, 4318806.843, 98
Trd, 4318808.043, 98
Trd, 4318809.593, 98
Trd, 4318811.143, 97
Trd, 4318812.493, 98
Trd, 4318813.043, 97
Trd, 4318814.293, 96
Trd, 4318815.093, 97
Trd, 4318815.943, 96
Trd, 4318817.043, 97
Trd, 4318819.093, 97
Trd, 4318821.143, 99
Trd, 4318821.943, 101
Trd, 4318823.943, 97
Trd, 4318824.393, 97
Trd, 4318825.793, 97
Trd, 4318826.293, 96
Trd, 4318827.643, 97
Trd, 4318829.193, 96
Trd, 4318829.393, 96
Trd, 4318830.093, 104
Trd, 4318830.543, 94
Trd, 4318831.393, 94
Trd, 4318832.893, 95
Trd, 4318834.843, 99
Trd, 4318835.493, 105
Trd, 4318835.843, 113
Trd, 4318839.493, 101
Trd, 4318839.593, 103
Trd, 4318840.693, 101
Trd, 4318842.443, 100
Trd, 4318843.193, 100
Trd, 4318844.093, 101
Trd, 4318846.093, 99
Trd, 4318846.843, 100
Trd, 4318848.343, 104
Trd, 4318848.543, 113
Trd, 4318850.393, 103
Trd, 4318851.543, 108
Trd, 4318852.643, 108
Trd, 4318853.843, 110
Trd, 4318855.943, 112
Trd, 4318856.893, 112
Trd, 4318858.043, 111
Trd, 4318858.493, 106
Trd, 4318859.543, 104
Trd, 4318860.043, 102
Trd, 4318863.193, 104
Trd, 4318863.593, 102
Trd, 4318865.343, 104
Trd, 4318865.493, 113
Trd, 4318866.593, 108
Trd, 4318867.243, 104
Trd, 4318869.293, 104
Trd, 4318870.443, 105
Trd, 4318871.143, 104
Trd, 4318872.493, 103
Trd, 4318873.493, 104
Trd, 4318874.693, 104
Trd, 4318875.543, 103
Trd, 4318877.993, 108
Trd, 4318880.093, 102
Trd, 4318880.693, 102
Trd, 4318883.143, 101
Trd, 4318883.643, 99
Trd, 4318884.193, 104
Trd, 4318886.543, 101
Trd, 4318887.943, 102
Trd, 4318890.093, 101
Trd, 4318891.643, 99
Trd, 4318892.593, 99
Trd, 4318893.243, 85
Trd, 4318893.693, 98
Trd, 4318896.493, 100
Trd, 4318896.993, 98
Trd, 4318898.843, 96
Trd, 4318898.893, 104
Trd, 4318900.043, 111
Trd, 4318901.893, 106
Trd, 4318903.793, 111
Trd, 4318903.943, 103
Trd, 4318905.943, 103
Trd, 4318906.193, 106
Trd, 4318908.793, 102
Trd, 4318909.743, 102
Trd, 4318910.593, 102
Trd, 4318910.943, 119
Trd, 4318911.993, 104
Trd, 4318914.493, 106
Trd, 4318914.643, 128
Trd, 4318915.843, 105
Trd, 4318917.843, 105
Trd, 4318919.093, 105
Trd, 4318919.343, 106
Trd, 4318920.343, 103
Trd, 4318921.743, 102
Trd, 4318922.593, 102
Trd, 4318925.443, 101
Trd, 4318925.693, 98
Trd, 4318926.743, 102
Trd, 4318930.793, 100
Trd, 4318930.943, 99
Trd, 4318931.043, 102
Trd, 4318932.143, 101
Trd, 4318933.143, 98
Trd, 4318934.993, 89
Trd, 4318935.243, 90
Trd, 4318935.893, 95
Trd, 4318937.543, 95
Trd, 4318939.993, 97
Trd, 4318941.243, 101
Trd, 4318943.943, 97
Trd, 4318945.093, 96
Trd, 4318948.243, 103
Trd, 4318948.293, 104
Trd, 4318950.843, 97
Trd, 4318951.693, 97
Trd, 4318953.443, 97
Trd, 4318954.693, 104
Trd, 4318955.043, 112
Trd, 4318956.493, 96
Trd, 4318958.443, 97
Trd, 4318959.843, 97
Trd, 4318959.993, 99
Trd, 4318961.993, 98
Trd, 4318962.043, 98
Trd, 4318963.043, 96
Trd, 4318963.993, 97
Trd, 4318967.493, 96
Trd, 4318967.843, 97
Trd, 4318969.793, 97
Trd, 4318970.343, 96
Trd, 4318970.893, 97
Trd, 4318973.243, 100
Trd, 4318973.343, 102
Trd, 4318973.443, 99
Trd, 4318976.193, 101
Trd, 4318978.493, 101
Trd, 4318979.193, 98
Trd, 4318980.293, 99
Trd, 4318980.893, 98
Trd, 4318981.493, 104
Trd, 4318982.643, 99
Trd, 4318984.593, 97
Trd, 4318985.093, 98
Trd, 4318985.693, 95
Trd, 4318987.043, 105
Trd, 4318987.743, 113
Trd, 4318992.043, 101
Trd, 4318992.493, 100
Trd, 4318993.193, 99
Trd, 4318994.443, 100
Trd, 4318994.593, 100
Trd, 4318997.743, 101
Trd, 4318998.043, 113
Trd, 4318999.043, 124
Trd, 4319001.843, 101
Trd, 4319003.243, 101
Trd, 4319003.743, 101
Trd, 4319005.593, 102
Trd, 4319005.693, 104
Trd, 4319007.993, 100
Trd, 4319009.293, 99
Trd, 4319010.343, 99
Trd, 4319011.093, 100
Trd, 4319012.093, 100
Trd, 4319013.693, 93
Trd, 4319015.543, 99
Trd, 4319015.593, 98
Trd, 4319016.543, 98
Trd, 4319017.943, 98
Trd, 4319019.193, 99
Trd, 4319022.243, 98
Trd, 4319023.393, 99
Trd, 4319024.343, 99
Trd, 4319026.693, 98
Trd, 4319026.943, 98
Trd, 4319027.643, 100
Trd, 4319029.093, 98
Trd, 4319029.193, 96
Trd, 4319030.593, 96
Trd, 4319032.093, 97
Trd, 4319033.793, 98
Trd, 4319037.043, 100
Trd, 4319037.193, 102
Trd, 4319037.393, 104
Trd, 4319039.443, 100
Trd, 4319041.093, 100
Trd, 4319041.993, 107
Trd, 4319042.643, 107
Trd, 4319044.043, 104
Trd, 4319046.243, 102
Trd, 4319047.793, 102
Trd, 4319048.543, 101
Trd, 4319049.443, 104
Trd, 4319050.693, 102
Trd, 4319052.143, 103
Trd, 4319054.493, 103
Trd, 4319055.443, 102
Trd, 4319056.493, 103
Trd, 4319057.043, 113
Trd, 4319057.543, 125
Trd, 4319059.743, 102
Trd, 4319059.993, 104
Trd, 4319061.193, 101
Trd, 4319063.943, 104
Trd, 4319064.493, 104
Trd, 4319065.093, 104
Trd, 4319066.143, 102
Trd, 4319069.143, 102
Trd, 4319069.743, 101
Trd, 4319070.743, 122
Trd, 4319072.443, 116
Trd, 4319072.943, 115
Trd, 4319073.043, 113
Trd, 4319074.143, 112
Trd, 4319074.243, 113
Trd, 4319074.443, 100
Trd, 4319078.793, 102
Trd, 4319080.193, 102
Trd, 4319081.893, 102
Trd, 4319084.343, 104
Trd, 4319086.193, 104
Trd, 4319087.843, 102
Trd, 4319088.243, 101
Trd, 4319088.743, 103
Trd, 4319091.143, 102
Trd, 4319091.743, 101
Trd, 4319092.843, 102
Trd, 4319096.093, 101
Trd, 4319097.243, 101
Trd, 4319098.343, 101
Trd, 4319098.793, 113
Trd, 4319099.093, 99
Trd, 4319101.693, 98
Trd, 4319101.993, 97
Trd, 4319102.593, 99
Trd, 4319103.293, 99
Trd, 4319107.293, 97
Trd, 4319108.493, 96
Trd, 4319108.643, 97
Trd, 4319111.493, 96
Trd, 4319112.143, 103
Trd, 4319115.143, 96
Trd, 4319115.643, 96
Trd, 4319117.643, 104
Trd, 4319118.443, 95
Trd, 4319120.093, 94
Trd, 4319121.393, 95
Trd, 4319122.493, 95
Trd, 4319124.793, 111
Trd, 4319127.593, 99
Trd, 4319128.843, 103
Trd, 4319131.243, 104
Trd, 4319131.793, 105
Trd, 4319133.343, 103
Trd, 4319133.843, 101
Trd, 4319134.343, 103
Trd, 4319135.393, 104
Trd, 4319138.693, 101
Trd, 4319140.693, 101
Trd, 4319141.293, 100
Trd, 4319143.243, 96
Trd, 4319143.793, 98
Trd, 4319144.543, 96
Trd, 4319145.293, 93
Trd, 4319145.593, 98
Trd, 4319148.193, 97
Trd, 4319149.143, 96
Trd, 4319149.843, 97
Trd, 4319150.593, 104
Trd, 4319152.293, 98
Trd, 4319155.043, 102
Trd, 4319156.143, 98
Trd, 4319158.393, 97
Trd, 4319158.543, 100
Trd, 4319159.243, 98
Trd, 4319159.893, 97
Trd, 4319161.893, 97
Trd, 4319162.593, 96
Trd, 4319162.743, 98
Trd, 4319164.643, 101
Trd, 4319167.293, 96
Trd, 4319167.743, 98
Trd, 4319170.193, 97
Trd, 4319170.343, 96
Trd, 4319171.793, 121
Trd, 4319172.243, 115
Trd, 4319173.793, 99
Trd, 4319173.843, 101
Trd, 4319176.293, 99
Trd, 4319177.443, 100
Trd, 4319179.793, 101
Trd, 4319180.093, 113
Trd, 4319184.543, 102
Trd, 4319186.393, 103
Trd, 4319187.143, 103
Trd, 4319187.593, 102
Trd, 4319188.393, 102
Trd, 4319189.343, 103
Trd, 4319190.193, 95
Trd, 4319191.093, 102
Trd, 4319194.293, 101
Trd, 4319194.993, 100
Trd, 4319196.443, 100
Trd, 4319199.143, 100
Trd, 4319200.643, 100
Trd, 4319200.743, 99
Trd, 4319201.843, 99
Trd, 4319203.693, 99
Trd, 4319203.993, 99
Trd, 4319205.393, 95
Trd, 4319206.993, 97
Trd, 4319209.743, 97
Trd, 4319209.793, 95
Trd, 4319211.093, 98
Trd, 4319212.993, 97
Trd, 4319213.993, 97
Trd, 4319214.143, 99
Trd, 4319214.843, 97
Trd, 4319216.943, 99
Trd, 4319217.093, 98
Trd, 4319217.493, 100
Trd, 4319217.543, 104
Trd, 4319222.043, 97
Trd, 4319222.443, 98
Trd, 4319222.993, 96
Trd, 4319225.443, 97
Trd, 4319225.643, 97
Trd, 4319228.143, 96
Trd, 4319229.343, 100
Trd, 4319230.493, 95
Trd, 4319231.493, 95
Trd, 4319232.393, 96
Trd, 4319234.943, 94
Trd, 4319235.343, 94
Trd, 4319236.293, 96
Trd, 4319238.293, 103
Trd, 4319239.643, 104
Trd, 4319239.893, 103
Trd, 4319240.693, 111
Trd, 4319242.443, 107
Trd, 4319244.043, 106
Trd, 4319244.343, 107
Trd, 4319245.343, 113
Trd, 4319246.593, 105
Trd, 4319248.443, 103
Trd, 4319248.843, 104
Trd, 4319249.993, 103
Trd, 4319252.093, 102
Trd, 4319252.893, 102
Trd, 4319253.443, 101
Trd, 4319255.043, 100
Trd, 4319255.343, 100
Trd, 4319257.643, 101
Trd, 4319259.493, 101
Trd, 4319260.293, 101
Trd, 4319261.743, 100
Trd, 4319262.293, 101
Trd, 4319264.593, 100
Trd, 4319266.293, 102
Trd, 4319268.293, 101
Trd, 4319268.743, 100
Trd, 4319269.943, 101
Trd, 4319271.693, 100
Trd, 4319272.493, 99
Trd, 4319273.543, 95
Trd, 4319273.643, 86
Trd, 4319274.943, 98
Trd, 4319275.343, 102
Trd, 4319278.893, 99
Trd, 4319279.793, 99
Trd, 4319280.043, 99
Trd, 4319281.093, 104
Trd, 4319281.943, 99
Trd, 4319283.343, 97
Trd, 4319285.993, 92
Trd, 4319286.693, 93
Trd, 4319288.093, 93
Trd, 4319288.793, 94
Trd, 4319290.593, 93
Trd, 4319292.143, 95
Trd, 4319292.293, 104
Trd, 4319295.343, 95
Trd, 4319295.493, 95
Trd, 4319295.543, 94
Trd, 4319295.693, 97
Trd, 4319297.193, 87
Trd, 4319297.443, 99
Trd, 4319298.743, 98
Trd, 4319299.593, 104
Trd, 4319303.593, 100
Trd, 4319303.643, 95
Trd, 4319304.893, 101
Trd, 4319307.143, 98
Trd, 4319307.493, 99
Trd, 4319309.643, 104
Trd, 4319310.943, 98
Trd, 4319312.243, 97
Trd, 4319313.543, 100
Trd, 4319316.193, 96
Trd, 4319316.293, 97
Trd, 4319317.493, 96
Trd, 4319318.293, 95
Trd, 4319319.793, 96
Trd, 4319320.043, 104
Trd, 4319320.793, 113
Trd, 4319322.193, 106
Trd, 4319322.643, 107
Trd, 4319324.743, 109
Trd, 4319326.593, 108
Trd, 4319327.093, 109
Trd, 4319328.093, 109
Trd, 4319330.893, 107
Trd, 4319330.943, 106
Trd, 4319331.443, 107
Trd, 4319333.243, 105
Trd, 4319335.693, 104
Trd, 4319336.793, 105
Trd, 4319337.843, 106
Trd, 4319341.193, 105
Trd, 4319342.893, 102
Trd, 4319343.543, 100
Trd, 4319344.243, 99
Trd, 4319345.943, 93
Trd, 4319345.993, 98
Trd, 4319347.643, 97
Trd, 4319350.343, 97
Trd, 4319351.143, 105
Trd, 4319352.443, 96
Trd, 4319352.793, 96
Trd, 4319352.843, 99
Trd, 4319353.443, 104
Trd, 4319355.793, 102
Trd, 4319358.643, 96
Trd, 4319359.293, 96
Trd, 4319360.193, 97
Trd, 4319360.943, 105
Trd, 4319360.993, 113
Trd, 4319364.243, 96
Trd, 4319364.893, 96
Trd, 4319366.093, 96
Trd, 4319366.993, 94
Trd, 4319368.793, 94
Trd, 4319369.343, 94
Trd, 4319371.193, 94
Trd, 4319371.543, 94
Trd, 4319372.743, 92
Trd, 4319374.893, 94
Trd, 4319375.943, 95
Trd, 4319376.093, 90
Trd, 4319380.393, 95
Trd, 4319380.843, 96
Trd, 4319381.143, 95
Trd, 4319383.043, 95
Trd, 4319383.543, 95
Trd, 4319386.243, 99
Trd, 4319386.543, 99
Trd, 4319388.443, 97
Trd, 4319388.643, 114
Trd, 4319389.143, 97
Trd, 4319390.093, 104
Trd, 4319391.293, 100
Trd, 4319392.193, 97
Trd, 4319393.243, 96
Trd, 4319394.243, 97
Trd, 4319396.443, 96
Trd, 4319396.543, 96
Trd, 4319397.743, 95
Trd, 4319399.043, 96
Trd, 4319402.393, 95
Trd, 4319402.843, 96
Trd, 4319403.143, 96
Trd, 4319404.643, 102
Trd, 4319406.193, 104
Trd, 4319406.693, 101
Trd, 4319407.993, 114
Trd, 4319409.543, 100
Trd, 4319413.343, 100
Trd, 4319413.393, 106
Trd, 4319413.943, 98
Trd, 4319414.693, 103
Trd, 4319414.893, 103
Trd, 4319416.493, 101
Trd, 4319417.793, 97
Trd, 4319419.143, 98
Trd, 4319419.943, 98
Trd, 4319421.843, 104
Trd, 4319422.243, 112
Trd, 4319423.543, 103
Trd, 4319423.643, 102
Trd, 4319426.593, 102
Trd, 4319426.993, 101
Trd, 4319429.193, 90
Trd, 4319431.443, 95
Trd, 4319432.543, 96
Trd, 4319433.093, 96
Trd, 4319433.793, 103
Trd, 4319434.393, 98
Trd, 4319435.243, 98
Trd, 4319438.843, 99
Trd, 4319439.593, 100
Trd, 4319439.943, 98
Trd, 4319440.043, 104
Trd, 4319442.693, 102
Trd, 4319444.343, 98
Trd, 4319445.043, 99
Trd, 4319448.493, 103
Trd, 4319449.143, 102
Trd, 4319452.093, 113
Trd, 4319453.443, 102
Trd, 4319454.143, 102
Trd, 4319454.993, 103
Trd, 4319456.693, 102
Trd, 4319456.893, 103
Trd, 4319457.343, 103
Trd, 4319460.193, 109
Trd, 4319460.243, 107
Trd, 4319461.043, 109
Trd, 4319463.443, 104
Trd, 4319464.993, 102
Trd, 4319465.193, 104
Trd, 4319466.793, 100
Trd, 4319468.293, 99
Trd, 4319469.543, 88
Trd, 4319470.843, 92
Trd, 4319471.493, 94
Trd, 4319472.493, 93
Trd, 4319472.893, 95
Trd, 4319474.993, 91
Trd, 4319476.993, 97
Trd, 4319478.243, 98
Trd, 4319478.543, 99
Trd, 4319479.393, 105
Trd, 4319480.293, 98
Trd, 4319481.543, 113
Trd, 4319482.793, 104
Trd, 4319485.493, 105
Trd, 4319485.643, 106
Trd, 4319486.993, 104
Trd, 4319487.643, 105
Trd, 4319488.093, 103
Trd, 4319488.143, 132
Trd, 4319493.843, 102
Trd, 4319494.043, 101
Trd, 4319494.743, 103
Trd, 4319496.543, 99
Trd, 4319499.193, 102
Trd, 4319499.243, 104
Trd, 4319501.043, 98
Trd, 4319502.143, 98
Trd, 4319503.993, 95
Trd, 4319505.943, 97
Trd, 4319506.343, 95
Trd, 4319507.043, 96
Trd, 4319508.943, 98
Trd, 4319509.543, 98
Trd, 4319509.993, 104
Trd, 4319510.293, 98
Trd, 4319511.043, 112
Trd, 4319512.093, 99
Trd, 4319513.043, 103
Trd, 4319517.293, 104
Trd, 4319517.693, 104
Trd, 4319519.493, 102
Trd, 4319520.993, 104
Trd, 4319523.343, 91
Trd, 4319523.793, 90
Trd, 4319524.143, 92
Trd, 4319524.443, 95
Trd, 4319525.993, 95
Trd, 4319527.843, 96
Trd, 4319528.343, 98
Trd, 4319529.543, 104
Trd, 4319531.543, 102
Trd, 4319532.793, 104
Trd, 4319532.943, 109
Trd, 4319535.593, 111
Trd, 4319535.993, 108
Trd, 4319536.393, 107
Trd, 4319538.543, 106
Trd, 4319539.943, 105
Trd, 4319540.143, 107
Trd, 4319542.293, 103
Trd, 4319542.493, 95
Trd, 4319546.593, 101
Trd, 4319547.993, 99
Trd, 4319549.193, 98
Trd, 4319549.693, 99
Trd, 4319550.643, 97
Trd, 4319552.543, 99
Trd, 4319553.143, 97
Trd, 4319553.943, 96
Trd, 4319554.193, 97
Trd, 4319555.643, 97
Trd, 4319559.943, 103
Trd, 4319560.043, 104
Trd, 4319562.943, 104
Trd, 4319563.093, 111
Trd, 4319564.493, 103
Trd, 4319565.593, 109
Trd, 4319567.593, 107
Trd, 4319569.943, 105
Trd, 4319570.693, 104
Trd, 4319571.243, 103
Trd, 4319571.293, 104
Trd, 4319573.893, 104
Trd, 4319574.643, 105
Trd, 4319574.793, 113
Trd, 4319575.393, 104
Trd, 4319578.693, 103
Trd, 4319578.893, 103
Trd, 4319582.343, 102
Trd, 4319582.693, 103
Trd, 4319584.093, 113
Trd, 4319585.293, 105
Trd, 4319585.743, 126
Trd, 4319590.593, 104
Trd, 4319591.343, 104
Trd, 4319591.393, 106
Trd, 4319592.993, 105
Trd, 4319593.093, 106
Trd, 4319594.043, 107
Trd, 4319597.693, 100
Trd, 4319597.993, 99
Trd, 4319598.943, 100
Trd, 4319599.993, 100
Trd, 4319602.793, 100
Trd, 4319604.193, 100
Trd, 4319606.193, 97
Trd, 4319606.493, 97
Trd, 4319607.293, 100
Trd, 4319608.293, 99
Trd, 4319608.443, 97
Trd, 4319609.693, 100
Trd, 4319611.793, 98
Trd, 4319612.043, 102
Trd, 4319613.993, 99
Trd, 4319615.843, 103
Trd, 4319615.943, 104
Trd, 4319617.343, 105
Trd, 4319618.393, 102
Trd, 4319619.493, 104
Trd, 4319620.193, 104
Trd, 4319622.343, 103
Trd, 4319623.143, 103
Trd, 4319623.843, 104
Trd, 4319626.093, 103
Trd, 4319627.043, 101
Trd, 4319627.743, 101
Trd, 4319628.443, 102
Trd, 4319630.293, 101
Trd, 4319630.843, 100
Trd, 4319632.093, 86
Trd, 4319633.793, 101
Trd, 4319635.193, 113
Trd, 4319635.893, 107
Trd, 4319637.643, 112
Trd, 4319637.993, 107
Trd, 4319639.043, 109
Trd, 4319641.593, 104
Trd, 4319641.993, 104
Trd, 4319643.493, 101
Trd, 4319644.193, 101
Trd, 4319645.243, 101
Trd, 4319647.143, 100
Trd, 4319649.343, 100
Trd, 4319649.493, 104
Trd, 4319649.843, 99
Trd, 4319651.043, 100
Trd, 4319653.693, 99
Trd, 4319654.643, 98
Trd, 4319655.543, 99
Trd, 4319657.143, 102
Trd, 4319658.793, 101
Trd, 4319659.243, 101
Trd, 4319660.443, 101
Trd, 4319661.443, 102
Trd, 4319663.893, 100
Trd, 4319664.243, 103
Trd, 4319667.143, 103
Trd, 4319667.643, 104
Trd, 4319670.593, 101
Trd, 4319670.793, 101
Trd, 4319671.243, 113
Trd, 4319671.393, 99
Trd, 4319673.343, 97
Trd, 4319674.593, 103
Trd, 4319677.443, 99
Trd, 4319677.693, 99
Trd, 4319678.493, 98
Trd, 4319678.643, 101
Trd, 4319679.493, 104
Trd, 4319681.143, 102
Trd, 4319683.043, 95
Trd, 4319684.743, 105
Trd, 4319685.243, 104
Trd, 4319686.393, 103
Trd, 4319687.293, 104
Trd, 4319689.693, 97
Trd, 4319690.493, 99
Trd, 4319692.193, 99
Trd, 4319694.193, 97
Trd, 4319694.493, 96
Trd, 4319694.993, 95
Trd, 4319697.443, 91
Trd, 4319697.643, 95
Trd, 4319699.343, 94
Trd, 4319699.893, 93
Trd, 4319701.693, 94
Trd, 4319702.893, 93
Trd, 4319704.343, 91
Trd, 4319704.943, 95
Trd, 4319706.043, 104
Trd, 4319706.693, 95
Trd, 4319708.643, 100
Trd, 4319708.943, 101
Trd, 4319709.043, 103
Trd, 4319709.993, 104
Trd, 4319712.093, 110
Trd, 4319713.893, 99
Trd, 4319714.593, 99
Trd, 4319715.593, 100
Trd, 4319716.593, 99
Trd, 4319716.693, 98
Trd, 4319718.143, 95
Trd, 4319719.993, 96
Trd, 4319720.493, 95
Trd, 4319721.493, 96
Trd, 4319723.443, 95
Trd, 4319725.243, 95
Trd, 4319725.593, 96
Trd, 4319726.443, 96
Trd, 4319727.043, 103
Trd, 4319727.093, 99
Trd, 4319731.293, 99
Trd, 4319732.993, 99
Trd, 4319735.043, 98
Trd, 4319735.193, 95
Trd, 4319737.243, 95
Trd, 4319738.393, 96
Trd, 4319740.193, 95
Trd, 4319740.393, 97
Trd, 4319740.543, 102
Trd, 4319741.843, 104
Trd, 4319743.443, 103
Trd, 4319743.893, 104
Trd, 4319744.643, 103
Trd, 4319746.093, 109
Trd, 4319749.393, 107
Trd, 4319749.693, 101
Trd, 4319752.743, 106
Trd, 4319754.843, 103
Trd, 4319755.593, 103
Trd, 4319755.693, 104
Trd, 4319756.593, 103
Trd, 4319756.643, 104
Trd, 4319757.593, 101
Trd, 4319757.743, 95
Trd, 4319759.743, 97
Trd, 4319763.093, 96
Trd, 4319763.443, 95
Trd, 4319763.743, 95
Trd, 4319764.193, 96
Trd, 4319765.143, 102
Trd, 4319767.243, 99
Trd, 4319768.543, 94
Trd, 4319771.543, 97
Trd, 4319771.993, 97
Trd, 4319773.293, 97
Trd, 4319774.093, 96
Trd, 4319774.693, 95
Trd, 4319778.543, 97
Trd, 4319779.243, 97
Trd, 4319779.793, 102
Trd, 4319782.843, 97
Trd, 4319783.293, 97
Trd, 4319783.543, 104
Trd, 4319783.643, 113
Trd, 4319787.593, 118
Trd, 4319789.193, 100
Trd, 4319789.893, 102
Trd, 4319791.543, 101
Trd, 4319792.993, 100
Trd, 4319796.093, 100
Trd, 4319796.493, 100
Trd, 4319797.193, 110
Trd, 4319800.293, 102
Trd, 4319801.743, 100
Trd, 4319802.593, 99
Trd, 4319802.643, 100
Trd, 4319804.193, 96
Trd, 4319806.343, 99
Trd, 4319808.093, 99
Trd, 4319809.043, 98
Trd, 4319811.843, 97
Trd, 4319812.493, 97
Trd, 4319814.643, 97
Trd, 4319815.093, 97
Trd, 4319815.693, 96
Trd, 4319815.993, 102
Trd, 4319818.893, 97
Trd, 4319820.143, 96
Trd, 4319820.643, 96
Trd, 4319822.143, 97
Trd, 4319823.443, 96
Trd, 4319825.093, 94
Trd, 4319825.843, 94
Trd, 4319826.193, 95
Trd, 4319828.693, 96
Trd, 4319831.393, 98
Trd, 4319831.443, 97
Trd, 4319832.043, 99
Trd, 4319832.393, 104
Trd, 4319834.843, 97
Trd, 4319836.943, 97
Trd, 4319837.343, 97
Trd, 4319839.393, 103
Trd, 4319840.243, 102
Trd, 4319841.093, 101
Trd, 4319842.343, 100
Trd, 4319842.743, 102
Trd, 4319843.343, 86
Trd, 4319844.193, 104
Trd, 4319847.343, 95
Trd, 4319849.243, 92
Trd, 4319849.293, 93
Trd, 4319850.043, 95
Trd, 4319851.893, 95
Trd, 4319853.643, 91
Trd, 4319855.543, 90
Trd, 4319855.743, 89
Trd, 4319858.243, 89
Trd, 4319859.643, 88
Trd, 4319860.643, 87
Trd, 4319861.193, 89
Trd, 4319861.893, 96
Trd, 4319865.043, 89
Trd, 4319865.793, 95
Trd, 4319866.143, 89
Trd, 4319868.943, 101
Trd, 4319870.043, 97
Trd, 4319870.593, 96
Trd, 4319872.043, 97
Trd, 4319873.493, 89
Trd, 4319873.793, 98
Trd, 4319875.193, 93
Trd, 4319877.493, 92
Trd, 4319877.843, 92
Trd, 4319878.493, 105
Trd, 4319879.493, 100
Trd, 4319880.343, 94
Trd, 4319881.393, 96
Trd, 4319883.293, 96
Trd, 4319883.893, 95
Trd, 4319884.043, 94
Trd, 4319885.543, 105
Trd, 4319887.643, 97
Trd, 4319888.343, 96
Trd, 4319888.743, 96
Trd, 4319890.143, 97
Trd, 4319890.693, 95
Trd, 4319891.593, 92
Trd, 4319894.093, 96
Trd, 4319894.693, 96
Trd, 4319894.943, 96
Trd, 4319894.993, 97
Trd, 4319898.093, 96
Trd, 4319899.693, 97
Trd, 4319900.493, 96
Trd, 4319902.143, 104
Trd, 4319904.443, 102
Trd, 4319906.693, 115
Trd, 4319906.993, 113
Trd, 4319907.393, 100
Trd, 4319907.993, 95
Trd, 4319908.743, 111
Trd, 4319913.393, 102
Trd, 4319914.293, 102
Trd, 4319915.843, 102
Trd, 4319917.043, 101
Trd, 4319917.193, 102
Trd, 4319917.243, 100
Trd, 4319918.843, 103
Trd, 4319920.393, 101
Trd, 4319921.443, 101
Trd, 4319922.443, 100
Trd, 4319924.543, 101
Trd, 4319927.393, 100
Trd, 4319927.443, 101
Trd, 4319928.343, 99
Trd, 4319929.093, 102
Trd, 4319930.943, 101
Trd, 4319932.243, 101
Trd, 4319932.593, 100
Trd, 4319934.943, 98
Trd, 4319935.493, 97
Trd, 4319937.393, 94
Trd, 4319938.043, 95
Trd, 4319939.243, 97
Trd, 4319940.443, 104
Trd, 4319941.993, 100
Trd, 4319943.743, 101
Trd, 4319944.693, 95
Trd, 4319944.843, 100
Trd, 4319944.893, 101
Trd, 4319946.993, 97
Trd, 4319947.643, 96
Trd, 4319948.993, 95
Trd, 4319950.643, 96
Trd, 4319952.943, 98
Trd, 4319954.393, 98
Trd, 4319955.093, 102
Trd, 4319955.643, 104
Trd, 4319956.593, 98
Trd, 4319959.043, 103
Trd, 4319959.143, 104
Trd, 4319962.343, 105
Trd, 4319962.493, 106
Trd, 4319962.693, 103
Trd, 4319963.793, 95
Trd, 4319965.193, 86
Trd, 4319966.893, 96
Trd, 4319967.593, 95
Trd, 4319968.543, 96
Trd, 4319969.543, 97
Trd, 4319970.043, 97
Trd, 4319971.743, 88
Trd, 4319973.543, 90
Trd, 4319974.743, 91
Trd, 4319975.193, 88
Trd, 4319976.993, 94
Trd, 4319979.693, 91
Trd, 4319980.743, 91
Trd, 4319980.993, 92
Trd, 4319982.343, 95
Trd, 4319983.843, 99
Trd, 4319986.393, 101
Trd, 4319986.843, 100
Trd, 4319988.093, 104
Trd, 4319988.343, 111
Trd, 4319989.043, 104
Trd, 4319993.693, 107
Trd, 4319993.743, 108
Trd, 4319995.393, 112
Trd, 4319995.793, 104
Trd, 4319995.993, 103
Trd, 4319999.043, 103
Trd, 4319999.493, 103
