Trd, 4317794.343, 95
Trd, 4317796.093, 94
Trd, 4317797.243, 93
Trd, 4317799.693, 95
Trd, 4317800.443, 95
Trd, 4317801.893, 96
Trd, 4317802.043, 95
Trd, 4317804.393, 95
Trd, 4317805.343, 95
Trd, 4317805.543, 95
Trd, 4317807.893, 95
Trd, 4317809.143, 97
Trd, 4317810.593, 96
Trd, 4317812.043, 99
Trd, 4317813.943, 85
Trd, 4317814.093, 95
Trd, 4317814.393, 96
Trd, 4317816.243, 96
Trd, 4317818.393, 95
Trd, 4317818.843, 96
Trd, 4317821.443, 95
Trd, 4317825.343, 96
Trd, 4317825.893, 96
Trd, 4317825.993, 95
Trd, 4317827.843, 94
Trd, 4317828.893, 95
Trd, 4317830.243, 93
Trd, 4317831.643, 94
Trd, 4317832.693, 93
Trd, 4317832.943, 94
Trd, 4317835.743, 92
Trd, 4317837.293, 85
Trd, 4317837.393, 93
Trd, 4317837.643, 93
Trd, 4317840.093, 90
Trd, 4317840.993, 94
Trd, 4317842.443, 93
Trd, 4317844.993, 92
Trd, 4317848.943, 92
Trd, 4317849.743, 98
Trd, 4317851.643, 95
Trd, 4317852.743, 94
Trd, 4317853.093, 96
Trd, 4317853.293, 92
Trd, 4317858.293, 95
Trd, 4317858.743, 94
Trd, 4317859.793, 96
Trd, 4317859.993, 98
Trd, 4317860.493, 94
Trd, 4317861.143, 95
Trd, 4317864.493, 96
Trd, 4317865.893, 94
Trd, 4317866.243, 97
Trd, 4317867.293, 96
Trd, 4317869.343, 95
Trd, 4317871.543, 95
Trd, 4317873.543, 95
Trd, 4317877.243, 94
Trd, 4317878.843, 94
Trd, 4317880.043, 93
Trd, 4317880.243, 94
Trd, 4317883.243, 94
Trd, 4317883.393, 95
Trd, 4317883.543, 92
Trd, 4317885.793, 98
Trd, 4317887.093, 91
Trd, 4317887.643, 98
Trd, 4317892.243, 95
Trd, 4317892.893, 95
Trd, 4317895.243, 91
Trd, 4317895.943, 94
Trd, 4317896.143, 94
Trd, 4317898.143, 94
Trd, 4317902.093, 90
Trd, 4317902.993, 94
Trd, 4317904.143, 94
Trd, 4317906.893, 93
Trd, 4317907.743, 89
Trd, 4317908.993, 94
Trd, 4317911.993, 89
Trd, 4317914.543, 91
Trd, 4317915.643, 92
Trd, 4317916.893, 91
Trd, 4317919.393, 91
Trd, 4317920.543, 91
Trd, 4317923.593, 92
Trd, 4317925.443, 90
Trd, 4317928.443, 91
Trd, 4317930.993, 90
Trd, 4317931.743, 89
Trd, 4317933.293, 89
Trd, 4317933.943, 88
Trd, 4317935.643, 90
Trd, 4317937.793, 90
Trd, 4317938.193, 90
Trd, 4317938.743, 100
Trd, 4317940.193, 93
Trd, 4317940.943, 93
Trd, 4317942.093, 91
Trd, 4317943.243, 91
Trd, 4317946.343, 101
Trd, 4317948.693, 94
Trd, 4317948.893, 99
Trd, 4317949.443, 96
Trd, 4317951.893, 98
Trd, 4317952.243, 98
Trd, 4317953.743, 99
Trd, 4317954.093, 95
Trd, 4317954.693, 104
Trd, 4317958.643, 97
Trd, 4317959.293, 95
Trd, 4317959.693, 100
Trd, 4317961.843, 100
Trd, 4317962.093, 96
Trd, 4317963.343, 112
Trd, 4317964.893, 100
Trd, 4317965.193, 97
Trd, 4317967.293, 99
Trd, 4317969.093, 96
Trd, 4317969.243, 99
Trd, 4317969.343, 100
Trd, 4317971.943, 104
Trd, 4317973.493, 104
Trd, 4317974.593, 99
Trd, 4317976.243, 98
Trd, 4317976.893, 99
Trd, 4317979.593, 99
Trd, 4317980.443, 97
Trd, 4317984.743, 97
Trd, 4317984.993, 96
Trd, 4317985.093, 94
Trd, 4317989.093, 92
Trd, 4317989.493, 69
Trd, 4317989.843, 84
Trd, 4317990.393, 89
Trd, 4317992.343, 89
Trd, 4317994.693, 106
Trd, 4317996.093, 97
Trd, 4317996.843, 100
Trd, 4317998.243, 92
Trd, 4318002.143, 92
Trd, 4318004.043, 92
Trd, 4318004.993, 92
Trd, 4318006.043, 91
Trd, 4318006.893, 93
Trd, 4318011.143, 92
Trd, 4318011.643, 93
Trd, 4318011.943, 90
Trd, 4318014.993, 93
Trd, 4318015.893, 92
Trd, 4318018.643, 92
Trd, 4318018.993, 88
Trd, 4318020.493, 111
Trd, 4318023.243, 88
Trd, 4318025.043, 93
Trd, 4318027.943, 87
Trd, 4318028.643, 91
Trd, 4318029.543, 90
Trd, 4318034.793, 88
Trd, 4318035.593, 89
Trd, 4318041.243, 89
Trd, 4318042.093, 89
Trd, 4318047.543, 89
Trd, 4318048.593, 88
Trd, 4318050.293, 88
Trd, 4318051.993, 87
Trd, 4318053.693, 88
Trd, 4318054.643, 86
Trd, 4318060.693, 88
Trd, 4318061.993, 87
Trd, 4318063.493, 88
Trd, 4318066.043, 88
Trd, 4318066.293, 88
Trd, 4318069.443, 88
Trd, 4318069.643, 88
Trd, 4318074.593, 88
Trd, 4318074.793, 98
Trd, 4318075.943, 87
Trd, 4318078.743, 89
Trd, 4318081.893, 89
Trd, 4318082.193, 89
Trd, 4318084.393, 89
Trd, 4318085.493, 87
Trd, 4318085.993, 89
Trd, 4318090.143, 86
Trd, 4318091.493, 89
Trd, 4318092.893, 88
Trd, 4318094.443, 88
Trd, 4318095.543, 101
Trd, 4318096.093, 90
Trd, 4318097.543, 103
Trd, 4318099.393, 94
Trd, 4318099.593, 98
Trd, 4318101.443, 85
Trd, 4318103.293, 97
Trd, 4318103.693, 96
Trd, 4318105.093, 107
Trd, 4318107.343, 100
Trd, 4318107.693, 96
Trd, 4318108.643, 99
Trd, 4318110.493, 100
Trd, 4318110.643, 98
Trd, 4318112.643, 94
Trd, 4318112.793, 97
Trd, 4318113.793, 96
Trd, 4318114.943, 96
Trd, 4318115.393, 95
Trd, 4318117.843, 96
Trd, 4318118.643, 96
Trd, 4318121.193, 95
Trd, 4318123.143, 96
Trd, 4318123.343, 94
Trd, 4318128.193, 95
Trd, 4318129.343, 94
Trd, 4318132.893, 94
Trd, 4318134.493, 93
Trd, 4318135.893, 92
Trd, 4318137.193, 94
Trd, 4318139.993, 94
Trd, 4318142.093, 94
Trd, 4318144.043, 94
Trd, 4318145.743, 94
Trd, 4318146.343, 95
Trd, 4318149.493, 94
Trd, 4318151.993, 94
Trd, 4318153.893, 93
Trd, 4318154.293, 94
Trd, 4318157.443, 93
Trd, 4318157.493, 94
Trd, 4318159.193, 94
Trd, 4318159.493, 94
Trd, 4318159.943, 95
Trd, 4318162.193, 94
Trd, 4318162.543, 96
Trd, 4318164.393, 93
Trd, 4318166.493, 94
Trd, 4318166.693, 93
Trd, 4318166.843, 96
Trd, 4318168.793, 94
Trd, 4318172.043, 96
Trd, 4318172.393, 99
Trd, 4318172.493, 103
Trd, 4318178.093, 96
Trd, 4318181.293, 96
Trd, 4318181.843, 94
Trd, 4318183.193, 94
Trd, 4318184.293, 93
Trd, 4318184.743, 95
Trd, 4318185.643, 96
Trd, 4318186.193, 101
Trd, 4318186.493, 100
Trd, 4318189.693, 94
Trd, 4318193.093, 97
Trd, 4318195.693, 96
Trd, 4318197.243, 96
Trd, 4318197.593, 93
Trd, 4318199.793, 96
Trd, 4318203.143, 95
Trd, 4318204.743, 95
Trd, 4318207.093, 95
Trd, 4318210.193, 92
Trd, 4318211.243, 94
Trd, 4318211.543, 95
Trd, 4318215.043, 94
Trd, 4318217.193, 91
Trd, 4318218.143, 94
Trd, 4318220.743, 90
Trd, 4318221.443, 93
Trd, 4318226.693, 92
Trd, 4318229.443, 89
Trd, 4318231.343, 92
Trd, 4318232.993, 92
Trd, 4318233.193, 93
Trd, 4318233.343, 93
Trd, 4318233.843, 95
Trd, 4318234.493, 89
Trd, 4318234.843, 104
Trd, 4318238.443, 93
Trd, 4318240.143, 93
Trd, 4318243.743, 92
Trd, 4318245.693, 92
Trd, 4318245.793, 92
Trd, 4318247.893, 94
Trd, 4318248.393, 93
Trd, 4318248.993, 97
Trd, 4318249.193, 92
Trd, 4318249.893, 93
Trd, 4318253.843, 92
Trd, 4318255.093, 94
Trd, 4318256.643, 92
Trd, 4318257.143, 93
Trd, 4318261.643, 93
Trd, 4318263.143, 93
Trd, 4318264.293, 94
Trd, 4318264.443, 91
Trd, 4318264.893, 95
Trd, 4318269.243, 94
Trd, 4318269.543, 90
Trd, 4318271.493, 93
Trd, 4318272.293, 93
Trd, 4318273.543, 92
Trd, 4318275.743, 93
Trd, 4318277.143, 92
Trd, 4318279.943, 92
Trd, 4318281.993, 93
Trd, 4318283.693, 90
Trd, 4318284.243, 94
Trd, 4318284.743, 94
Trd, 4318285.543, 106
Trd, 4318289.193, 95
Trd, 4318292.193, 96
Trd, 4318295.693, 95
Trd, 4318297.843, 94
Trd, 4318298.193, 93
Trd, 4318299.393, 92
Trd, 4318302.043, 92
Trd, 4318302.693, 94
Trd, 4318303.043, 95
Trd, 4318304.343, 93
Trd, 4318309.193, 93
Trd, 4318315.843, 93
Trd, 4318317.293, 92
Trd, 4318321.593, 93
Trd, 4318324.393, 92
Trd, 4318328.693, 92
Trd, 4318328.993, 92
Trd, 4318329.693, 100
Trd, 4318332.543, 96
Trd, 4318333.643, 93
Trd, 4318336.193, 94
Trd, 4318340.843, 93
Trd, 4318340.993, 93
Trd, 4318341.093, 90
Trd, 4318344.943, 90
Trd, 4318346.443, 92
Trd, 4318348.143, 91
Trd, 4318349.943, 91
Trd, 4318351.493, 91
Trd, 4318356.943, 91
Trd, 4318357.643, 91
Trd, 4318358.593, 91
Trd, 4318359.293, 104
Trd, 4318364.293, 92
Trd, 4318365.593, 93
Trd, 4318365.743, 93
Trd, 4318368.843, 92
Trd, 4318371.593, 91
Trd, 4318372.143, 90
Trd, 4318374.943, 89
Trd, 4318377.043, 88
Trd, 4318378.793, 90
Trd, 4318380.293, 91
Trd, 4318380.943, 91
Trd, 4318383.443, 90
Trd, 4318389.593, 90
Trd, 4318389.843, 87
Trd, 4318390.693, 89
Trd, 4318391.493, 98
Trd, 4318393.293, 93
Trd, 4318394.193, 92
Trd, 4318396.243, 92
Trd, 4318397.293, 92
Trd, 4318399.893, 90
Trd, 4318400.993, 92
Trd, 4318401.593, 92
Trd, 4318404.743, 94
Trd, 4318404.793, 96
Trd, 4318408.593, 93
Trd, 4318409.343, 89
Trd, 4318409.443, 92
Trd, 4318412.943, 96
Trd, 4318413.243, 91
Trd, 4318415.593, 94
Trd, 4318419.843, 93
Trd, 4318420.243, 93
Trd, 4318421.843, 94
Trd, 4318424.393, 93
Trd, 4318424.743, 91
Trd, 4318425.593, 93
Trd, 4318427.643, 93
Trd, 4318429.543, 98
Trd, 4318430.643, 93
Trd, 4318432.943, 107
Trd, 4318434.693, 92
Trd, 4318438.543, 94
Trd, 4318438.843, 92
Trd, 4318438.993, 96
Trd, 4318440.193, 97
Trd, 4318446.993, 95
Trd, 4318447.443, 94
Trd, 4318448.943, 95
Trd, 4318449.293, 93
Trd, 4318450.993, 94
Trd, 4318451.343, 94
Trd, 4318455.493, 94
Trd, 4318456.743, 94
Trd, 4318457.743, 93
Trd, 4318460.043, 92
Trd, 4318460.943, 93
Trd, 4318462.643, 94
Trd, 4318463.643, 95
Trd, 4318465.693, 94
Trd, 4318468.843, 93
Trd, 4318469.193, 94
Trd, 4318469.343, 93
Trd, 4318470.743, 93
Trd, 4318471.943, 94
Trd, 4318474.243, 94
Trd, 4318476.093, 95
Trd, 4318476.743, 93
Trd, 4318477.043, 95
Trd, 4318477.743, 101
Trd, 4318481.293, 97
Trd, 4318482.843, 93
Trd, 4318483.693, 94
Trd, 4318485.193, 94
Trd, 4318486.293, 93
Trd, 4318486.493, 95
Trd, 4318487.493, 97
Trd, 4318489.093, 94
Trd, 4318489.993, 96
Trd, 4318490.343, 94
Trd, 4318491.393, 94
Trd, 4318493.643, 94
Trd, 4318494.293, 113
Trd, 4318494.993, 96
Trd, 4318497.343, 94
Trd, 4318497.993, 96
Trd, 4318499.593, 95
Trd, 4318500.693, 93
Trd, 4318502.893, 95
Trd, 4318506.243, 95
Trd, 4318507.943, 92
Trd, 4318508.143, 94
Trd, 4318510.893, 94
Trd, 4318512.993, 94
Trd, 4318517.643, 93
Trd, 4318517.793, 94
Trd, 4318518.093, 91
Trd, 4318520.993, 95
Trd, 4318521.043, 98
Trd, 4318522.543, 97
Trd, 4318523.343, 90
Trd, 4318526.943, 94
Trd, 4318530.143, 89
Trd, 4318532.843, 93
Trd, 4318534.343, 93
Trd, 4318535.243, 93
Trd, 4318536.643, 92
Trd, 4318541.843, 93
Trd, 4318542.543, 93
Trd, 4318542.893, 93
Trd, 4318545.293, 93
Trd, 4318547.393, 93
Trd, 4318547.443, 92
Trd, 4318548.543, 93
Trd, 4318549.693, 100
Trd, 4318551.143, 94
Trd, 4318553.843, 96
Trd, 4318557.643, 94
Trd, 4318557.743, 95
Trd, 4318559.193, 93
Trd, 4318560.543, 94
Trd, 4318565.343, 93
Trd, 4318566.593, 92
Trd, 4318566.643, 95
Trd, 4318566.843, 91
Trd, 4318568.893, 94
Trd, 4318569.643, 90
Trd, 4318572.443, 91
Trd, 4318574.793, 92
Trd, 4318576.243, 93
Trd, 4318578.593, 93
Trd, 4318578.843, 93
Trd, 4318580.693, 92
Trd, 4318581.293, 93
Trd, 4318583.143, 100
Trd, 4318583.593, 93
Trd, 4318584.443, 96
Trd, 4318585.143, 105
Trd, 4318588.293, 106
Trd, 4318588.593, 95
Trd, 4318590.393, 95
Trd, 4318591.443, 99
Trd, 4318594.893, 94
Trd, 4318595.893, 95
Trd, 4318595.943, 93
Trd, 4318596.443, 85
Trd, 4318597.043, 94
Trd, 4318598.743, 92
Trd, 4318599.793, 99
Trd, 4318603.343, 94
Trd, 4318603.843, 94
Trd, 4318603.993, 95
Trd, 4318605.943, 93
Trd, 4318606.543, 94
Trd, 4318610.093, 92
Trd, 4318613.093, 93
Trd, 4318614.793, 91
Trd, 4318615.643, 92
Trd, 4318617.093, 92
Trd, 4318620.093, 92
Trd, 4318620.793, 93
Trd, 4318622.093, 94
Trd, 4318622.193, 90
Trd, 4318623.093, 90
Trd, 4318624.693, 86
Trd, 4318625.343, 92
Trd, 4318628.093, 91
Trd, 4318629.543, 91
Trd, 4318631.393, 89
Trd, 4318631.743, 91
Trd, 4318635.643, 91
Trd, 4318637.193, 91
Trd, 4318637.543, 91
Trd, 4318640.943, 92
Trd, 4318643.743, 91
Trd, 4318645.743, 91
Trd, 4318647.543, 91
Trd, 4318652.543, 91
Trd, 4318654.343, 91
Trd, 4318654.393, 89
Trd, 4318655.593, 91
Trd, 4318656.943, 105
Trd, 4318657.843, 93
Trd, 4318660.243, 94
Trd, 4318662.143, 94
Trd, 4318663.893, 93
Trd, 4318664.143, 93
Trd, 4318664.193, 95
Trd, 4318665.843, 100
Trd, 4318668.293, 94
Trd, 4318668.543, 95
Trd, 4318670.343, 93
Trd, 4318671.993, 95
Trd, 4318675.293, 94
Trd, 4318676.843, 94
Trd, 4318680.843, 93
Trd, 4318684.743, 94
Trd, 4318685.643, 92
Trd, 4318686.443, 94
Trd, 4318686.493, 94
Trd, 4318693.693, 93
Trd, 4318694.243, 94
Trd, 4318694.493, 98
Trd, 4318695.343, 91
Trd, 4318697.793, 90
Trd, 4318697.893, 95
Trd, 4318698.093, 96
Trd, 4318703.193, 94
Trd, 4318703.393, 94
Trd, 4318704.193, 90
Trd, 4318704.693, 94
Trd, 4318706.893, 95
Trd, 4318709.193, 94
Trd, 4318710.293, 94
Trd, 4318713.993, 93
Trd, 4318719.493, 93
Trd, 4318720.193, 91
Trd, 4318724.843, 93
Trd, 4318724.943, 90
Trd, 4318726.843, 93
Trd, 4318728.543, 93
Trd, 4318732.643, 90
Trd, 4318733.343, 92
Trd, 4318733.643, 93
Trd, 4318734.943, 93
Trd, 4318736.293, 93
Trd, 4318739.543, 91
Trd, 4318740.343, 89
Trd, 4318743.943, 92
Trd, 4318744.393, 90
Trd, 4318745.993, 89
Trd, 4318746.943, 104
Trd, 4318747.343, 106
Trd, 4318748.893, 92
Trd, 4318750.493, 93
Trd, 4318752.043, 92
Trd, 4318752.593, 91
Trd, 4318752.993, 89
Trd, 4318754.793, 91
Trd, 4318755.093, 91
Trd, 4318755.293, 108
Trd, 4318758.393, 92
Trd, 4318760.843, 92
Trd, 4318761.543, 91
Trd, 4318762.093, 104
Trd, 4318763.443, 98
Trd, 4318765.093, 95
Trd, 4318765.343, 98
Trd, 4318766.543, 100
Trd, 4318769.493, 95
Trd, 4318770.543, 96
Trd, 4318770.693, 102
Trd, 4318771.543, 97
Trd, 4318772.393, 99
Trd, 4318774.143, 96
Trd, 4318775.293, 100
Trd, 4318777.743, 96
Trd, 4318778.343, 95
Trd, 4318778.543, 95
Trd, 4318781.293, 98
Trd, 4318783.593, 100
Trd, 4318789.043, 96
Trd, 4318789.093, 95
Trd, 4318790.193, 100
Trd, 4318791.893, 96
Trd, 4318792.193, 97
Trd, 4318793.093, 97
Trd, 4318793.843, 95
Trd, 4318795.893, 96
Trd, 4318797.243, 96
Trd, 4318798.643, 95
Trd, 4318800.043, 93
Trd, 4318800.443, 94
Trd, 4318802.143, 85
Trd, 4318802.743, 94
Trd, 4318804.343, 97
Trd, 4318805.393, 101
Trd, 4318806.293, 98
Trd, 4318809.293, 96
Trd, 4318809.443, 96
Trd, 4318811.793, 96
Trd, 4318812.943, 96
Trd, 4318813.993, 104
Trd, 4318816.293, 100
Trd, 4318818.643, 96
Trd, 4318821.493, 97
Trd, 4318822.243, 98
Trd, 4318823.193, 97
Trd, 4318824.843, 95
Trd, 4318825.143, 99
Trd, 4318825.693, 99
Trd, 4318828.893, 95
Trd, 4318830.343, 97
Trd, 4318832.793, 94
Trd, 4318833.493, 96
Trd, 4318833.593, 104
Trd, 4318835.443, 98
Trd, 4318835.493, 93
Trd, 4318838.543, 101
Trd, 4318839.793, 98
Trd, 4318843.343, 97
Trd, 4318845.093, 93
Trd, 4318846.293, 97
Trd, 4318848.593, 97
Trd, 4318851.143, 97
Trd, 4318852.643, 97
Trd, 4318852.793, 93
Trd, 4318853.743, 96
Trd, 4318854.343, 92
Trd, 4318858.093, 92
Trd, 4318859.793, 93
Trd, 4318861.093, 93
Trd, 4318864.943, 91
Trd, 4318865.543, 93
Trd, 4318867.493, 94
Trd, 4318871.143, 93
Trd, 4318873.393, 93
Trd, 4318873.543, 90
Trd, 4318875.093, 94
Trd, 4318875.493, 93
Trd, 4318879.393, 94
Trd, 4318879.693, 94
Trd, 4318880.193, 106
Trd, 4318881.793, 95
Trd, 4318884.643, 95
Trd, 4318884.793, 94
Trd, 4318885.343, 94
Trd, 4318887.293, 96
Trd, 4318887.943, 95
Trd, 4318889.393, 93
Trd, 4318889.993, 106
Trd, 4318893.793, 95
Trd, 4318894.493, 94
Trd, 4318902.643, 95
Trd, 4318903.193, 94
Trd, 4318904.043, 95
Trd, 4318906.443, 93
Trd, 4318908.643, 95
Trd, 4318910.943, 92
Trd, 4318914.343, 94
Trd, 4318918.043, 95
Trd, 4318920.443, 95
Trd, 4318923.593, 92
Trd, 4318924.143, 94
Trd, 4318924.793, 94
Trd, 4318925.443, 94
Trd, 4318926.993, 94
Trd, 4318929.143, 93
Trd, 4318929.893, 97
Trd, 4318931.143, 91
Trd, 4318931.743, 109
Trd, 4318933.343, 95
Trd, 4318934.593, 91
Trd, 4318936.943, 95
Trd, 4318939.193, 90
Trd, 4318939.993, 91
Trd, 4318944.193, 89
Trd, 4318945.043, 91
Trd, 4318945.643, 94
Trd, 4318946.443, 96
Trd, 4318948.643, 93
Trd, 4318949.693, 92
Trd, 4318952.843, 89
Trd, 4318953.793, 88
Trd, 4318954.293, 88
Trd, 4318956.593, 88
Trd, 4318958.643, 87
Trd, 4318959.193, 88
Trd, 4318960.543, 88
Trd, 4318964.543, 88
Trd, 4318964.643, 85
Trd, 4318965.893, 88
Trd, 4318966.893, 87
Trd, 4318969.793, 87
Trd, 4318970.043, 88
Trd, 4318971.493, 99
Trd, 4318972.443, 98
Trd, 4318972.793, 92
Trd, 4318975.343, 97
Trd, 4318978.193, 94
Trd, 4318978.393, 96
Trd, 4318978.493, 105
Trd, 4318982.593, 95
Trd, 4318983.293, 95
Trd, 4318984.343, 97
Trd, 4318985.393, 94
Trd, 4318986.193, 88
Trd, 4318986.643, 91
Trd, 4318987.443, 104
Trd, 4318991.093, 97
Trd, 4318991.593, 92
Trd, 4318992.093, 94
Trd, 4318996.793, 93
Trd, 4318997.443, 93
Trd, 4318998.393, 94
Trd, 4319000.143, 103
Trd, 4319000.943, 91
Trd, 4319003.043, 94
Trd, 4319005.393, 93
Trd, 4319008.493, 93
Trd, 4319010.543, 93
Trd, 4319012.443, 93
Trd, 4319015.143, 93
Trd, 4319018.993, 93
Trd, 4319019.293, 101
Trd, 4319020.493, 95
Trd, 4319022.743, 94
Trd, 4319022.893, 113
Trd, 4319023.493, 93
Trd, 4319028.643, 95
Trd, 4319032.093, 95
Trd, 4319032.443, 93
Trd, 4319033.743, 95
Trd, 4319043.193, 95
Trd, 4319043.743, 95
Trd, 4319043.843, 97
Trd, 4319045.143, 92
Trd, 4319046.743, 95
Trd, 4319049.793, 95
Trd, 4319050.193, 95
Trd, 4319052.593, 93
Trd, 4319052.843, 91
Trd, 4319052.993, 94
Trd, 4319057.393, 94
Trd, 4319057.593, 90
Trd, 4319058.593, 90
Trd, 4319062.243, 93
Trd, 4319063.493, 93
Trd, 4319064.393, 107
Trd, 4319064.893, 99
Trd, 4319066.093, 98
Trd, 4319067.293, 98
Trd, 4319070.443, 94
Trd, 4319072.993, 96
Trd, 4319074.493, 95
Trd, 4319075.243, 75
Trd, 4319075.643, 95
Trd, 4319076.893, 89
Trd, 4319077.443, 93
Trd, 4319078.493, 90
Trd, 4319080.443, 91
Trd, 4319082.493, 91
Trd, 4319085.043, 91
Trd, 4319085.293, 91
Trd, 4319088.993, 90
Trd, 4319089.243, 91
Trd, 4319093.243, 91
Trd, 4319096.193, 90
Trd, 4319097.743, 90
Trd, 4319097.893, 107
Trd, 4319099.993, 95
Trd, 4319102.743, 92
Trd, 4319103.993, 92
Trd, 4319104.443, 92
Trd, 4319106.393, 107
Trd, 4319109.093, 91
Trd, 4319109.943, 91
Trd, 4319110.193, 92
Trd, 4319110.943, 91
Trd, 4319113.443, 90
Trd, 4319117.193, 92
Trd, 4319118.443, 92
Trd, 4319118.593, 90
Trd, 4319119.493, 93
Trd, 4319122.993, 92
Trd, 4319128.593, 92
Trd, 4319129.193, 92
Trd, 4319130.493, 89
Trd, 4319130.793, 92
Trd, 4319135.893, 91
Trd, 4319137.393, 91
Trd, 4319138.143, 91
Trd, 4319138.943, 88
Trd, 4319141.243, 91
Trd, 4319142.743, 108
Trd, 4319144.443, 92
Trd, 4319145.243, 92
Trd, 4319146.043, 87
Trd, 4319147.993, 93
Trd, 4319152.343, 90
Trd, 4319156.043, 90
Trd, 4319158.543, 90
Trd, 4319160.243, 88
Trd, 4319161.393, 87
Trd, 4319164.243, 87
Trd, 4319165.493, 87
Trd, 4319168.943, 86
Trd, 4319169.893, 96
Trd, 4319170.493, 91
Trd, 4319171.293, 90
Trd, 4319173.793, 91
Trd, 4319174.843, 90
Trd, 4319175.343, 89
Trd, 4319177.393, 99
Trd, 4319179.093, 96
Trd, 4319179.243, 95
Trd, 4319180.493, 85
Trd, 4319180.693, 97
Trd, 4319185.193, 94
Trd, 4319186.443, 98
Trd, 4319187.043, 94
Trd, 4319189.543, 97
Trd, 4319190.343, 95
Trd, 4319191.243, 94
Trd, 4319195.393, 97
Trd, 4319195.593, 104
Trd, 4319197.793, 97
Trd, 4319197.843, 99
Trd, 4319198.393, 97
Trd, 4319200.143, 95
Trd, 4319204.243, 95
Trd, 4319204.343, 96
Trd, 4319204.443, 93
Trd, 4319205.193, 97
Trd, 4319205.843, 113
Trd, 4319209.343, 98
Trd, 4319210.243, 94
Trd, 4319211.493, 98
Trd, 4319213.043, 96
Trd, 4319213.193, 97
Trd, 4319216.543, 94
Trd, 4319217.943, 97
Trd, 4319218.843, 101
Trd, 4319222.843, 96
Trd, 4319222.893, 95
Trd, 4319223.793, 95
Trd, 4319224.893, 95
Trd, 4319225.143, 97
Trd, 4319227.343, 95
Trd, 4319228.843, 94
Trd, 4319230.743, 96
Trd, 4319231.093, 97
Trd, 4319235.193, 95
Trd, 4319235.543, 94
Trd, 4319239.493, 95
Trd, 4319241.343, 95
Trd, 4319243.543, 94
Trd, 4319244.443, 95
Trd, 4319246.293, 95
Trd, 4319247.043, 93
Trd, 4319247.943, 96
Trd, 4319248.243, 109
Trd, 4319248.643, 92
Trd, 4319251.243, 94
Trd, 4319256.943, 92
Trd, 4319257.043, 93
Trd, 4319258.043, 91
Trd, 4319259.243, 93
Trd, 4319259.693, 93
Trd, 4319261.743, 93
Trd, 4319263.193, 95
Trd, 4319264.743, 93
Trd, 4319268.243, 92
Trd, 4319268.543, 91
Trd, 4319272.443, 92
Trd, 4319275.893, 92
Trd, 4319276.193, 90
Trd, 4319276.243, 92
Trd, 4319277.543, 93
Trd, 4319277.993, 90
Trd, 4319279.093, 92
Trd, 4319280.493, 93
Trd, 4319281.243, 95
Trd, 4319285.293, 93
Trd, 4319286.943, 89
Trd, 4319287.093, 92
Trd, 4319287.493, 94
Trd, 4319288.393, 93
Trd, 4319288.843, 98
Trd, 4319289.543, 94
Trd, 4319291.643, 92
Trd, 4319293.793, 94
Trd, 4319298.243, 94
Trd, 4319299.443, 93
Trd, 4319301.493, 94
Trd, 4319302.793, 92
Trd, 4319304.393, 90
Trd, 4319306.993, 95
Trd, 4319309.193, 94
Trd, 4319310.543, 91
Trd, 4319311.093, 93
Trd, 4319311.393, 94
Trd, 4319311.743, 92
Trd, 4319313.993, 99
Trd, 4319317.043, 99
Trd, 4319317.243, 98
Trd, 4319318.443, 96
Trd, 4319320.043, 110
Trd, 4319322.543, 102
Trd, 4319323.993, 95
Trd, 4319325.143, 97
Trd, 4319325.243, 95
Trd, 4319327.043, 94
Trd, 4319327.593, 96
Trd, 4319328.393, 105
Trd, 4319331.643, 98
Trd, 4319334.143, 98
Trd, 4319335.393, 98
Trd, 4319336.543, 97
Trd, 4319336.693, 96
Trd, 4319337.043, 98
Trd, 4319341.293, 98
Trd, 4319342.943, 98
Trd, 4319345.143, 98
Trd, 4319346.143, 96
Trd, 4319348.393, 95
Trd, 4319350.643, 96
Trd, 4319350.993, 95
Trd, 4319351.243, 94
Trd, 4319353.343, 94
Trd, 4319353.943, 95
Trd, 4319354.543, 93
Trd, 4319355.093, 96
Trd, 4319358.143, 96
Trd, 4319358.843, 96
Trd, 4319361.793, 97
Trd, 4319362.243, 105
Trd, 4319363.093, 97
Trd, 4319363.443, 99
Trd, 4319363.543, 95
Trd, 4319364.493, 99
Trd, 4319364.943, 94
Trd, 4319368.243, 95
Trd, 4319369.543, 96
Trd, 4319377.393, 96
Trd, 4319377.893, 96
Trd, 4319378.993, 95
Trd, 4319380.443, 96
Trd, 4319384.093, 95
Trd, 4319387.493, 95
Trd, 4319388.893, 95
Trd, 4319389.843, 92
Trd, 4319391.243, 95
Trd, 4319393.443, 95
Trd, 4319394.143, 94
Trd, 4319394.943, 96
Trd, 4319395.193, 93
Trd, 4319401.943, 94
Trd, 4319403.743, 92
Trd, 4319403.893, 94
Trd, 4319403.993, 94
Trd, 4319407.243, 93
Trd, 4319410.393, 92
Trd, 4319410.893, 91
Trd, 4319410.943, 93
Trd, 4319412.093, 93
Trd, 4319415.793, 93
Trd, 4319415.843, 91
Trd, 4319416.493, 104
Trd, 4319418.143, 94
Trd, 4319420.543, 99
Trd, 4319424.943, 94
Trd, 4319425.293, 97
Trd, 4319426.143, 94
Trd, 4319426.543, 96
Trd, 4319428.593, 97
Trd, 4319432.743, 95
Trd, 4319434.093, 94
Trd, 4319434.543, 95
Trd, 4319437.743, 96
Trd, 4319439.643, 94
Trd, 4319442.443, 94
Trd, 4319442.643, 93
Trd, 4319442.693, 93
Trd, 4319445.093, 94
Trd, 4319448.043, 94
Trd, 4319449.543, 94
Trd, 4319452.093, 94
Trd, 4319454.593, 91
Trd, 4319454.893, 94
Trd, 4319458.293, 91
Trd, 4319459.043, 94
Trd, 4319460.393, 93
Trd, 4319464.143, 93
Trd, 4319465.793, 90
Trd, 4319468.043, 93
Trd, 4319468.693, 93
Trd, 4319473.993, 93
Trd, 4319476.193, 93
Trd, 4319480.043, 93
Trd, 4319480.793, 93
Trd, 4319485.093, 94
Trd, 4319485.293, 95
Trd, 4319487.743, 93
Trd, 4319488.543, 89
Trd, 4319489.393, 94
Trd, 4319490.593, 93
Trd, 4319496.093, 93
Trd, 4319497.143, 93
Trd, 4319500.293, 93
Trd, 4319501.543, 88
Trd, 4319503.343, 93
Trd, 4319505.693, 92
Trd, 4319506.793, 93
Trd, 4319507.043, 94
Trd, 4319508.993, 90
Trd, 4319510.893, 90
Trd, 4319512.593, 90
Trd, 4319514.543, 89
Trd, 4319515.043, 90
Trd, 4319515.693, 89
Trd, 4319517.593, 89
Trd, 4319521.143, 89
Trd, 4319521.493, 97
Trd, 4319521.893, 97
Trd, 4319522.743, 91
Trd, 4319523.843, 92
Trd, 4319525.293, 95
Trd, 4319527.793, 95
Trd, 4319529.193, 92
Trd, 4319529.943, 91
Trd, 4319532.293, 102
Trd, 4319532.343, 100
Trd, 4319532.843, 94
Trd, 4319533.993, 95
Trd, 4319534.743, 99
Trd, 4319536.443, 96
Trd, 4319540.093, 96
Trd, 4319540.543, 100
Trd, 4319543.293, 95
Trd, 4319544.043, 98
Trd, 4319544.443, 104
Trd, 4319544.893, 98
Trd, 4319547.543, 94
Trd, 4319549.793, 96
Trd, 4319550.643, 95
Trd, 4319551.943, 98
Trd, 4319552.593, 94
Trd, 4319553.143, 93
Trd, 4319553.243, 98
Trd, 4319556.093, 101
Trd, 4319560.793, 97
Trd, 4319560.893, 97
Trd, 4319561.693, 97
Trd, 4319565.093, 94
Trd, 4319566.093, 97
Trd, 4319571.093, 97
Trd, 4319571.443, 98
Trd, 4319575.193, 93
Trd, 4319577.293, 94
Trd, 4319577.343, 94
Trd, 4319577.543, 93
Trd, 4319578.693, 94
Trd, 4319580.343, 92
Trd, 4319581.993, 94
Trd, 4319582.043, 92
Trd, 4319584.893, 104
Trd, 4319586.843, 98
Trd, 4319588.393, 95
Trd, 4319588.593, 93
Trd, 4319588.993, 95
Trd, 4319592.643, 93
Trd, 4319594.543, 94
Trd, 4319596.443, 95
Trd, 4319596.843, 94
Trd, 4319598.943, 95
Trd, 4319599.043, 94
Trd, 4319599.793, 95
Trd, 4319601.893, 95
Trd, 4319605.043, 93
Trd, 4319606.243, 92
Trd, 4319606.443, 94
Trd, 4319607.893, 94
Trd, 4319611.243, 92
Trd, 4319611.693, 92
Trd, 4319612.193, 91
Trd, 4319613.793, 91
Trd, 4319614.343, 91
Trd, 4319614.943, 91
Trd, 4319615.393, 99
Trd, 4319619.493, 90
Trd, 4319623.593, 89
Trd, 4319629.643, 92
Trd, 4319629.843, 92
Trd, 4319630.993, 91
Trd, 4319633.993, 88
Trd, 4319634.143, 90
Trd, 4319636.093, 91
Trd, 4319638.193, 91
Trd, 4319638.443, 87
Trd, 4319641.893, 91
Trd, 4319642.593, 92
Trd, 4319647.793, 89
Trd, 4319648.243, 88
Trd, 4319652.293, 88
Trd, 4319653.443, 87
Trd, 4319654.593, 88
Trd, 4319654.843, 86
Trd, 4319655.693, 89
Trd, 4319657.593, 88
Trd, 4319661.493, 88
Trd, 4319664.493, 88
Trd, 4319668.293, 88
Trd, 4319668.343, 88
Trd, 4319669.393, 88
Trd, 4319670.493, 98
Trd, 4319671.143, 91
Trd, 4319674.243, 89
Trd, 4319674.293, 92
Trd, 4319676.143, 88
Trd, 4319676.543, 89
Trd, 4319676.843, 92
Trd, 4319682.693, 89
Trd, 4319682.793, 88
Trd, 4319684.993, 87
Trd, 4319685.393, 96
Trd, 4319686.493, 96
Trd, 4319688.943, 95
Trd, 4319688.993, 93
Trd, 4319691.043, 110
Trd, 4319691.143, 93
Trd, 4319694.193, 97
Trd, 4319694.243, 96
Trd, 4319696.093, 99
Trd, 4319696.493, 96
Trd, 4319697.193, 101
Trd, 4319698.693, 96
Trd, 4319699.293, 105
Trd, 4319703.243, 95
Trd, 4319703.543, 99
Trd, 4319703.843, 96
Trd, 4319705.543, 96
Trd, 4319707.393, 95
Trd, 4319710.093, 97
Trd, 4319711.993, 96
Trd, 4319716.043, 94
Trd, 4319718.793, 96
Trd, 4319719.443, 96
Trd, 4319722.143, 96
Trd, 4319724.843, 93
Trd, 4319725.293, 95
Trd, 4319727.243, 95
Trd, 4319728.093, 92
Trd, 4319728.443, 94
Trd, 4319731.293, 93
Trd, 4319731.943, 91
Trd, 4319736.943, 93
Trd, 4319737.093, 93
Trd, 4319739.043, 93
Trd, 4319740.343, 90
Trd, 4319744.343, 93
Trd, 4319744.693, 93
Trd, 4319745.593, 92
Trd, 4319749.893, 92
Trd, 4319752.193, 92
Trd, 4319757.493, 91
Trd, 4319758.043, 91
Trd, 4319758.393, 90
Trd, 4319760.193, 91
Trd, 4319760.543, 92
Trd, 4319762.643, 91
Trd, 4319765.193, 91
Trd, 4319765.443, 90
Trd, 4319766.093, 107
Trd, 4319767.093, 95
Trd, 4319768.593, 102
Trd, 4319769.593, 95
Trd, 4319773.493, 96
Trd, 4319774.843, 96
Trd, 4319777.293, 95
Trd, 4319778.693, 95
Trd, 4319783.143, 96
Trd, 4319783.393, 96
Trd, 4319783.493, 94
Trd, 4319784.843, 96
Trd, 4319786.993, 93
Trd, 4319787.443, 94
Trd, 4319788.743, 96
Trd, 4319791.743, 93
Trd, 4319793.893, 94
Trd, 4319796.043, 93
Trd, 4319797.393, 92
Trd, 4319801.743, 93
Trd, 4319801.893, 91
Trd, 4319802.043, 93
Trd, 4319806.743, 92
Trd, 4319806.843, 96
Trd, 4319807.343, 90
Trd, 4319808.743, 93
Trd, 4319809.143, 94
Trd, 4319811.593, 93
Trd, 4319814.243, 93
Trd, 4319815.693, 93
Trd, 4319818.743, 94
Trd, 4319821.243, 93
Trd, 4319821.943, 92
Trd, 4319822.743, 93
Trd, 4319824.243, 91
Trd, 4319824.293, 93
Trd, 4319826.843, 103
Trd, 4319828.643, 94
Trd, 4319829.943, 94
Trd, 4319830.293, 102
Trd, 4319830.793, 95
Trd, 4319834.343, 97
Trd, 4319836.443, 94
Trd, 4319837.843, 95
Trd, 4319841.093, 94
Trd, 4319841.693, 94
Trd, 4319843.143, 93
Trd, 4319844.043, 94
Trd, 4319844.093, 92
Trd, 4319845.093, 96
Trd, 4319848.143, 94
Trd, 4319849.693, 95
Trd, 4319850.443, 94
Trd, 4319850.743, 93
Trd, 4319853.093, 94
Trd, 4319854.443, 94
Trd, 4319855.743, 95
Trd, 4319855.843, 96
Trd, 4319858.393, 95
Trd, 4319861.893, 93
Trd, 4319863.793, 95
Trd, 4319864.543, 93
Trd, 4319867.493, 92
Trd, 4319869.043, 93
Trd, 4319870.793, 93
Trd, 4319872.693, 93
Trd, 4319873.543, 93
Trd, 4319873.693, 91
Trd, 4319876.093, 93
Trd, 4319876.343, 93
Trd, 4319877.793, 103
Trd, 4319882.343, 106
Trd, 4319882.743, 103
Trd, 4319883.243, 96
Trd, 4319884.543, 96
Trd, 4319887.043, 96
Trd, 4319888.693, 95
Trd, 4319888.843, 97
Trd, 4319890.393, 99
Trd, 4319892.943, 97
Trd, 4319894.143, 96
Trd, 4319898.943, 95
Trd, 4319898.993, 94
Trd, 4319902.543, 95
Trd, 4319906.143, 95
Trd, 4319906.793, 95
Trd, 4319907.443, 93
Trd, 4319908.193, 96
Trd, 4319909.643, 95
Trd, 4319912.443, 94
Trd, 4319913.493, 94
Trd, 4319916.043, 94
Trd, 4319918.993, 92
Trd, 4319919.743, 94
Trd, 4319922.143, 92
Trd, 4319928.293, 91
Trd, 4319928.593, 93
Trd, 4319929.893, 93
Trd, 4319930.143, 94
Trd, 4319932.543, 98
Trd, 4319934.393, 93
Trd, 4319935.093, 92
Trd, 4319937.693, 92
Trd, 4319937.993, 95
Trd, 4319939.293, 93
Trd, 4319940.543, 93
Trd, 4319941.543, 93
Trd, 4319943.693, 94
Trd, 4319943.743, 92
Trd, 4319944.893, 95
Trd, 4319948.393, 95
Trd, 4319949.843, 93
Trd, 4319950.243, 91
Trd, 4319952.043, 93
Trd, 4319954.793, 92
Trd, 4319957.143, 91
Trd, 4319957.893, 92
Trd, 4319961.393, 93
Trd, 4319962.593, 92
Trd, 4319964.043, 105
Trd, 4319965.243, 99
Trd, 4319965.493, 94
Trd, 4319968.493, 97
Trd, 4319968.593, 94
Trd, 4319968.993, 97
Trd, 4319969.393, 97
Trd, 4319971.093, 94
Trd, 4319971.643, 95
Trd, 4319973.843, 97
Trd, 4319976.593, 102
Trd, 4319978.093, 97
Trd, 4319978.693, 96
Trd, 4319978.943, 100
Trd, 4319980.993, 94
Trd, 4319982.143, 96
Trd, 4319983.043, 95
Trd, 4319983.293, 99
Trd, 4319984.743, 105
Trd, 4319985.943, 98
Trd, 4319986.993, 94
Trd, 4319988.643, 101
Trd, 4319989.143, 97
Trd, 4319989.993, 104
Trd, 4319990.743, 95
Trd, 4319994.043, 96
Trd, 4319994.493, 96
Trd, 4319995.943, 95
Trd, 4319996.843, 93
Trd, 4319997.893, 94
