Trd, 4317902.293, 92
Trd, 4317903.643, 102
Trd, 4317905.943, 94
Trd, 4317906.243, 96
Trd, 4317907.693, 92
Trd, 4317910.643, 94
Trd, 4317911.943, 96
Trd, 4317912.493, 92
Trd, 4317913.393, 98
Trd, 4317913.543, 104
Trd, 4317914.493, 91
Trd, 4317916.043, 95
Trd, 4317916.993, 98
Trd, 4317917.293, 97
Trd, 4317918.293, 121
Trd, 4317919.343, 110
Trd, 4317922.443, 108
Trd, 4317923.293, 104
Trd, 4317923.443, 102
Trd, 4317924.143, 111
Trd, 4317925.843, 110
Trd, 4317925.893, 103
Trd, 4317926.843, 107
Trd, 4317927.093, 104
Trd, 4317930.843, 104
Trd, 4317930.993, 103
Trd, 4317932.493, 93
Trd, 4317933.793, 99
Trd, 4317934.643, 96
Trd, 4317934.993, 102
Trd, 4317936.693, 95
Trd, 4317938.143, 101
Trd, 4317940.343, 99
Trd, 4317940.543, 97
Trd, 4317941.393, 95
Trd, 4317942.693, 97
Trd, 4317944.543, 96
Trd, 4317944.943, 102
Trd, 4317947.093, 95
Trd, 4317947.293, 105
Trd, 4317949.343, 95
Trd, 4317949.743, 95
Trd, 4317950.543, 96
Trd, 4317951.443, 94
Trd, 4317951.643, 95
Trd, 4317953.943, 94
Trd, 4317954.043, 76
Trd, 4317955.493, 88
Trd, 4317957.193, 93
Trd, 4317959.143, 91
Trd, 4317960.093, 93
Trd, 4317961.993, 92
Trd, 4317962.593, 93
Trd, 4317962.743, 92
Trd, 4317963.493, 100
Trd, 4317966.843, 92
Trd, 4317968.693, 92
Trd, 4317969.093, 91
Trd, 4317970.943, 94
Trd, 4317971.343, 94
Trd, 4317972.343, 92
Trd, 4317972.893, 93
Trd, 4317973.893, 91
Trd, 4317974.643, 106
Trd, 4317976.643, 96
Trd, 4317977.043, 92
Trd, 4317980.393, 92
Trd, 4317983.043, 93
Trd, 4317983.343, 92
Trd, 4317984.393, 92
Trd, 4317984.543, 91
Trd, 4317987.493, 90
Trd, 4317987.543, 90
Trd, 4317988.843, 89
Trd, 4317989.993, 107
Trd, 4317991.543, 94
Trd, 4317992.243, 86
Trd, 4317993.643, 91
Trd, 4317993.743, 90
Trd, 4317994.243, 88
Trd, 4317994.693, 97
Trd, 4317995.493, 93
Trd, 4317998.543, 89
Trd, 4318000.343, 90
Trd, 4318000.443, 91
Trd, 4318000.943, 88
Trd, 4318002.843, 89
Trd, 4318003.393, 99
Trd, 4318006.843, 88
Trd, 4318007.443, 90
Trd, 4318008.993, 90
Trd, 4318010.693, 88
Trd, 4318011.193, 87
Trd, 4318013.993, 87
Trd, 4318015.243, 87
Trd, 4318016.093, 98
Trd, 4318017.443, 90
Trd, 4318018.243, 89
Trd, 4318022.093, 91
Trd, 4318024.143, 91
Trd, 4318026.193, 90
Trd, 4318027.493, 89
Trd, 4318027.693, 95
Trd, 4318028.343, 96
Trd, 4318029.393, 122
Trd, 4318029.943, 92
Trd, 4318032.243, 104
Trd, 4318033.143, 104
Trd, 4318033.243, 94
Trd, 4318034.743, 107
Trd, 4318036.593, 87
Trd, 4318037.543, 86
Trd, 4318038.093, 78
Trd, 4318038.143, 98
Trd, 4318039.793, 98
Trd, 4318040.943, 102
Trd, 4318042.943, 101
Trd, 4318043.393, 102
Trd, 4318044.843, 102
Trd, 4318046.743, 101
Trd, 4318047.793, 101
Trd, 4318047.843, 99
Trd, 4318047.893, 95
Trd, 4318048.293, 94
Trd, 4318050.343, 99
Trd, 4318050.443, 101
Trd, 4318052.743, 94
Trd, 4318055.693, 97
Trd, 4318056.043, 95
Trd, 4318056.293, 96
Trd, 4318058.343, 95
Trd, 4318058.593, 93
Trd, 4318060.343, 113
Trd, 4318061.893, 121
Trd, 4318063.343, 110
Trd, 4318063.993, 116
Trd, 4318065.643, 115
Trd, 4318067.343, 108
Trd, 4318067.943, 110
Trd, 4318069.093, 104
Trd, 4318069.743, 107
Trd, 4318070.593, 95
Trd, 4318071.343, 96
Trd, 4318073.193, 106
Trd, 4318073.893, 94
Trd, 4318073.993, 107
Trd, 4318076.893, 102
Trd, 4318077.143, 101
Trd, 4318077.343, 101
Trd, 4318077.543, 113
Trd, 4318079.343, 86
Trd, 4318079.743, 94
Trd, 4318080.293, 92
Trd, 4318081.793, 93
Trd, 4318084.143, 93
Trd, 4318087.143, 94
Trd, 4318087.743, 93
Trd, 4318087.993, 92
Trd, 4318088.193, 95
Trd, 4318090.143, 95
Trd, 4318090.443, 104
Trd, 4318092.643, 98
Trd, 4318093.243, 94
Trd, 4318093.843, 99
Trd, 4318094.793, 96
Trd, 4318095.393, 109
Trd, 4318097.043, 97
Trd, 4318097.743, 94
Trd, 4318098.843, 95
Trd, 4318102.143, 98
Trd, 4318102.943, 98
Trd, 4318103.243, 96
Trd, 4318103.993, 94
Trd, 4318105.293, 101
Trd, 4318105.843, 104
Trd, 4318109.493, 99
Trd, 4318109.593, 97
Trd, 4318110.643, 96
Trd, 4318112.043, 95
Trd, 4318113.543, 96
Trd, 4318115.293, 96
Trd, 4318115.393, 94
Trd, 4318117.143, 101
Trd, 4318117.343, 95
Trd, 4318117.493, 104
Trd, 4318119.443, 98
Trd, 4318120.293, 97
Trd, 4318122.643, 99
Trd, 4318122.893, 104
Trd, 4318123.843, 97
Trd, 4318124.993, 96
Trd, 4318127.343, 97
Trd, 4318128.443, 98
Trd, 4318128.743, 96
Trd, 4318130.193, 94
Trd, 4318131.443, 103
Trd, 4318132.693, 99
Trd, 4318132.793, 96
Trd, 4318134.143, 101
Trd, 4318134.843, 94
Trd, 4318137.843, 100
Trd, 4318138.743, 102
Trd, 4318138.843, 98
Trd, 4318140.293, 101
Trd, 4318141.943, 96
Trd, 4318142.543, 96
Trd, 4318142.993, 94
Trd, 4318145.043, 96
Trd, 4318145.943, 95
Trd, 4318146.493, 94
Trd, 4318147.243, 95
Trd, 4318147.843, 103
Trd, 4318149.843, 94
Trd, 4318151.643, 89
Trd, 4318151.943, 92
Trd, 4318155.493, 96
Trd, 4318155.593, 92
Trd, 4318155.893, 95
Trd, 4318156.993, 104
Trd, 4318157.643, 87
Trd, 4318160.343, 94
Trd, 4318161.043, 93
Trd, 4318161.343, 92
Trd, 4318162.243, 95
Trd, 4318163.693, 95
Trd, 4318164.943, 94
Trd, 4318165.443, 96
Trd, 4318166.593, 96
Trd, 4318168.443, 95
Trd, 4318168.593, 94
Trd, 4318170.093, 96
Trd, 4318170.343, 93
Trd, 4318171.193, 96
Trd, 4318173.943, 93
Trd, 4318175.043, 93
Trd, 4318176.143, 92
Trd, 4318176.743, 94
Trd, 4318177.793, 92
Trd, 4318181.693, 93
Trd, 4318182.093, 92
Trd, 4318183.693, 99
Trd, 4318184.393, 97
Trd, 4318184.643, 91
Trd, 4318185.793, 91
Trd, 4318187.843, 91
Trd, 4318189.443, 96
Trd, 4318191.043, 97
Trd, 4318191.993, 110
Trd, 4318192.893, 97
Trd, 4318195.193, 100
Trd, 4318195.643, 97
Trd, 4318195.893, 104
Trd, 4318197.043, 98
Trd, 4318197.193, 94
Trd, 4318199.593, 97
Trd, 4318201.143, 98
Trd, 4318202.843, 86
Trd, 4318204.093, 94
Trd, 4318204.393, 99
Trd, 4318207.493, 93
Trd, 4318208.293, 92
Trd, 4318209.093, 92
Trd, 4318209.843, 104
Trd, 4318210.443, 86
Trd, 4318211.293, 97
Trd, 4318212.193, 94
Trd, 4318213.893, 92
Trd, 4318214.293, 96
Trd, 4318215.693, 94
Trd, 4318216.693, 95
Trd, 4318216.793, 105
Trd, 4318217.493, 93
Trd, 4318220.693, 92
Trd, 4318221.143, 97
Trd, 4318221.743, 77
Trd, 4318222.043, 90
Trd, 4318222.893, 76
Trd, 4318223.643, 92
Trd, 4318224.193, 95
Trd, 4318225.493, 90
Trd, 4318227.443, 95
Trd, 4318229.293, 106
Trd, 4318229.793, 105
Trd, 4318230.093, 112
Trd, 4318231.643, 111
Trd, 4318232.093, 102
Trd, 4318233.343, 100
Trd, 4318233.993, 100
Trd, 4318234.243, 97
Trd, 4318236.743, 106
Trd, 4318238.243, 98
Trd, 4318238.443, 98
Trd, 4318240.643, 96
Trd, 4318241.193, 98
Trd, 4318241.243, 94
Trd, 4318243.193, 97
Trd, 4318244.543, 97
Trd, 4318244.693, 96
Trd, 4318245.293, 94
Trd, 4318246.593, 104
Trd, 4318246.893, 101
Trd, 4318247.493, 97
Trd, 4318249.443, 98
Trd, 4318249.643, 101
Trd, 4318251.043, 113
Trd, 4318252.643, 104
Trd, 4318254.743, 105
Trd, 4318255.693, 104
Trd, 4318256.343, 103
Trd, 4318259.043, 96
Trd, 4318259.493, 97
Trd, 4318261.243, 94
Trd, 4318262.243, 86
Trd, 4318262.443, 94
Trd, 4318263.393, 82
Trd, 4318264.443, 90
Trd, 4318266.043, 96
Trd, 4318266.593, 104
Trd, 4318267.093, 92
Trd, 4318267.243, 86
Trd, 4318268.693, 99
Trd, 4318269.343, 122
Trd, 4318270.493, 103
Trd, 4318272.643, 104
Trd, 4318273.093, 103
Trd, 4318275.893, 102
Trd, 4318276.793, 105
Trd, 4318279.493, 102
Trd, 4318281.243, 102
Trd, 4318281.493, 104
Trd, 4318281.593, 101
Trd, 4318281.943, 94
Trd, 4318282.493, 87
Trd, 4318283.443, 93
Trd, 4318283.793, 114
Trd, 4318284.643, 92
Trd, 4318288.993, 96
Trd, 4318289.093, 98
Trd, 4318290.693, 98
Trd, 4318290.743, 95
Trd, 4318291.293, 97
Trd, 4318292.343, 96
Trd, 4318294.593, 94
Trd, 4318295.393, 95
Trd, 4318295.793, 104
Trd, 4318298.643, 95
Trd, 4318299.293, 94
Trd, 4318300.343, 103
Trd, 4318302.443, 94
Trd, 4318303.093, 94
Trd, 4318304.393, 97
Trd, 4318305.693, 97
Trd, 4318305.943, 105
Trd, 4318306.993, 95
Trd, 4318308.943, 95
Trd, 4318309.693, 95
Trd, 4318309.943, 94
Trd, 4318310.593, 95
Trd, 4318311.943, 93
Trd, 4318313.043, 93
Trd, 4318315.143, 94
Trd, 4318317.243, 92
Trd, 4318317.943, 94
Trd, 4318318.043, 95
Trd, 4318318.243, 93
Trd, 4318320.793, 96
Trd, 4318322.743, 95
Trd, 4318323.943, 94
Trd, 4318324.093, 104
Trd, 4318324.543, 93
Trd, 4318326.843, 96
Trd, 4318327.943, 95
Trd, 4318328.743, 94
Trd, 4318329.343, 92
Trd, 4318331.293, 94
Trd, 4318331.643, 92
Trd, 4318332.243, 95
Trd, 4318335.743, 96
Trd, 4318335.893, 96
Trd, 4318337.843, 101
Trd, 4318338.393, 96
Trd, 4318338.743, 103
Trd, 4318341.193, 98
Trd, 4318342.943, 101
Trd, 4318343.493, 105
Trd, 4318343.693, 98
Trd, 4318345.293, 96
Trd, 4318347.143, 97
Trd, 4318347.543, 97
Trd, 4318350.793, 96
Trd, 4318351.893, 95
Trd, 4318352.293, 99
Trd, 4318353.693, 98
Trd, 4318353.993, 94
Trd, 4318356.143, 95
Trd, 4318356.443, 94
Trd, 4318357.593, 94
Trd, 4318358.643, 94
Trd, 4318359.493, 105
Trd, 4318360.843, 95
Trd, 4318362.193, 99
Trd, 4318362.493, 96
Trd, 4318365.693, 97
Trd, 4318367.543, 97
Trd, 4318367.693, 94
Trd, 4318368.443, 96
Trd, 4318370.043, 94
Trd, 4318370.893, 97
Trd, 4318372.843, 105
Trd, 4318373.143, 104
Trd, 4318373.843, 106
Trd, 4318374.243, 96
Trd, 4318376.593, 91
Trd, 4318376.693, 93
Trd, 4318377.243, 92
Trd, 4318378.243, 91
Trd, 4318380.993, 95
Trd, 4318381.293, 114
Trd, 4318381.743, 94
Trd, 4318384.093, 96
Trd, 4318387.393, 97
Trd, 4318387.593, 96
Trd, 4318387.943, 98
Trd, 4318388.993, 95
Trd, 4318390.243, 94
Trd, 4318391.543, 96
Trd, 4318393.293, 104
Trd, 4318393.693, 95
Trd, 4318395.193, 99
Trd, 4318396.143, 97
Trd, 4318397.143, 99
Trd, 4318397.243, 94
Trd, 4318398.743, 97
Trd, 4318400.393, 97
Trd, 4318400.443, 96
Trd, 4318403.343, 95
Trd, 4318403.793, 95
Trd, 4318404.243, 96
Trd, 4318406.193, 96
Trd, 4318406.993, 95
Trd, 4318407.643, 95
Trd, 4318409.243, 95
Trd, 4318409.343, 94
Trd, 4318410.293, 93
Trd, 4318410.443, 104
Trd, 4318410.593, 98
Trd, 4318413.143, 99
Trd, 4318413.593, 98
Trd, 4318415.943, 94
Trd, 4318417.043, 94
Trd, 4318417.993, 102
Trd, 4318418.593, 97
Trd, 4318420.943, 99
Trd, 4318421.143, 97
Trd, 4318422.293, 99
Trd, 4318423.793, 100
Trd, 4318425.743, 98
Trd, 4318426.193, 101
Trd, 4318426.443, 98
Trd, 4318428.843, 98
Trd, 4318429.893, 100
Trd, 4318430.093, 96
Trd, 4318431.843, 97
Trd, 4318433.293, 98
Trd, 4318434.293, 95
Trd, 4318435.393, 105
Trd, 4318435.943, 94
Trd, 4318436.993, 93
Trd, 4318438.043, 105
Trd, 4318439.293, 100
Trd, 4318441.193, 102
Trd, 4318442.943, 99
Trd, 4318443.343, 102
Trd, 4318445.143, 98
Trd, 4318445.993, 94
Trd, 4318446.293, 103
Trd, 4318448.293, 97
Trd, 4318448.543, 94
Trd, 4318450.543, 94
Trd, 4318451.143, 95
Trd, 4318453.293, 99
Trd, 4318453.543, 93
Trd, 4318453.643, 86
Trd, 4318457.993, 94
Trd, 4318458.143, 93
Trd, 4318458.443, 95
Trd, 4318459.043, 94
Trd, 4318461.893, 95
Trd, 4318462.193, 94
Trd, 4318462.343, 104
Trd, 4318464.293, 98
Trd, 4318466.093, 97
Trd, 4318467.593, 97
Trd, 4318469.843, 97
Trd, 4318470.143, 95
Trd, 4318470.693, 95
Trd, 4318471.243, 94
Trd, 4318472.693, 96
Trd, 4318473.543, 93
Trd, 4318475.593, 97
Trd, 4318476.543, 96
Trd, 4318478.343, 96
Trd, 4318479.443, 95
Trd, 4318479.493, 97
Trd, 4318479.793, 105
Trd, 4318480.343, 93
Trd, 4318482.093, 102
Trd, 4318484.193, 101
Trd, 4318486.043, 101
Trd, 4318486.693, 102
Trd, 4318486.843, 100
Trd, 4318487.743, 103
Trd, 4318488.393, 100
Trd, 4318489.743, 99
Trd, 4318491.093, 99
Trd, 4318493.143, 98
Trd, 4318495.543, 99
Trd, 4318496.793, 98
Trd, 4318497.943, 98
Trd, 4318498.693, 98
Trd, 4318499.493, 97
Trd, 4318501.043, 97
Trd, 4318503.543, 94
Trd, 4318504.893, 85
Trd, 4318505.943, 83
Trd, 4318506.443, 90
Trd, 4318507.643, 87
Trd, 4318508.543, 88
Trd, 4318509.543, 92
Trd, 4318511.943, 90
Trd, 4318512.393, 91
Trd, 4318512.443, 105
Trd, 4318514.443, 100
Trd, 4318516.943, 93
Trd, 4318517.393, 92
Trd, 4318520.093, 99
Trd, 4318521.443, 94
Trd, 4318522.693, 95
Trd, 4318523.893, 94
Trd, 4318525.193, 93
Trd, 4318525.693, 95
Trd, 4318526.193, 92
Trd, 4318526.543, 100
Trd, 4318530.693, 98
Trd, 4318530.743, 99
Trd, 4318530.993, 96
Trd, 4318532.393, 94
Trd, 4318534.193, 98
Trd, 4318535.343, 95
Trd, 4318535.843, 97
Trd, 4318537.593, 94
Trd, 4318537.943, 95
Trd, 4318538.043, 106
Trd, 4318539.443, 93
Trd, 4318540.643, 101
Trd, 4318540.893, 76
Trd, 4318542.843, 75
Trd, 4318543.993, 98
Trd, 4318545.143, 88
Trd, 4318545.243, 93
Trd, 4318549.393, 93
Trd, 4318550.493, 100
Trd, 4318551.743, 106
Trd, 4318552.643, 92
Trd, 4318553.193, 93
Trd, 4318554.393, 102
Trd, 4318556.293, 97
Trd, 4318557.893, 95
Trd, 4318559.043, 102
Trd, 4318559.093, 94
Trd, 4318562.293, 94
Trd, 4318564.893, 97
Trd, 4318565.393, 101
Trd, 4318565.643, 96
Trd, 4318567.543, 96
Trd, 4318570.043, 96
Trd, 4318570.693, 97
Trd, 4318570.793, 97
Trd, 4318571.143, 94
Trd, 4318573.093, 89
Trd, 4318575.943, 95
Trd, 4318575.993, 94
Trd, 4318576.143, 92
Trd, 4318577.193, 91
Trd, 4318578.443, 95
Trd, 4318580.243, 89
Trd, 4318581.193, 83
Trd, 4318581.443, 81
Trd, 4318581.943, 98
Trd, 4318582.093, 106
Trd, 4318582.343, 88
Trd, 4318584.143, 96
Trd, 4318587.293, 95
Trd, 4318587.643, 95
Trd, 4318589.643, 95
Trd, 4318591.243, 97
Trd, 4318591.443, 94
Trd, 4318592.593, 93
Trd, 4318593.043, 86
Trd, 4318594.693, 95
Trd, 4318595.543, 93
Trd, 4318599.643, 92
Trd, 4318599.893, 93
Trd, 4318600.293, 91
Trd, 4318601.443, 90
Trd, 4318603.043, 98
Trd, 4318605.093, 91
Trd, 4318606.243, 92
Trd, 4318607.193, 90
Trd, 4318608.943, 89
Trd, 4318609.693, 90
Trd, 4318609.843, 89
Trd, 4318611.843, 90
Trd, 4318612.693, 88
Trd, 4318613.593, 105
Trd, 4318614.743, 90
Trd, 4318616.093, 88
Trd, 4318618.443, 104
Trd, 4318619.593, 96
Trd, 4318622.143, 89
Trd, 4318623.393, 94
Trd, 4318623.993, 98
Trd, 4318625.043, 89
Trd, 4318627.443, 91
Trd, 4318628.743, 90
Trd, 4318629.493, 89
Trd, 4318630.243, 91
Trd, 4318630.593, 86
Trd, 4318631.043, 88
Trd, 4318631.993, 91
Trd, 4318635.193, 88
Trd, 4318636.393, 89
Trd, 4318638.093, 87
Trd, 4318639.393, 89
Trd, 4318639.593, 88
Trd, 4318640.343, 95
Trd, 4318642.493, 87
Trd, 4318643.343, 90
Trd, 4318643.893, 88
Trd, 4318645.593, 90
Trd, 4318645.893, 87
Trd, 4318649.393, 88
Trd, 4318650.193, 88
Trd, 4318651.243, 89
Trd, 4318651.643, 95
Trd, 4318653.243, 87
Trd, 4318655.243, 87
Trd, 4318656.943, 88
Trd, 4318659.643, 91
Trd, 4318659.843, 92
Trd, 4318662.293, 99
Trd, 4318663.143, 98
Trd, 4318663.643, 98
Trd, 4318667.593, 97
Trd, 4318667.643, 96
Trd, 4318667.693, 99
Trd, 4318670.143, 98
Trd, 4318670.343, 94
Trd, 4318670.893, 78
Trd, 4318672.893, 88
Trd, 4318674.743, 89
Trd, 4318677.393, 93
Trd, 4318677.793, 91
Trd, 4318677.843, 97
Trd, 4318679.293, 92
Trd, 4318680.693, 94
Trd, 4318681.343, 94
Trd, 4318683.693, 96
Trd, 4318684.693, 92
Trd, 4318686.993, 92
Trd, 4318687.493, 93
Trd, 4318689.493, 93
Trd, 4318689.593, 92
Trd, 4318691.143, 93
Trd, 4318693.593, 95
Trd, 4318694.943, 94
Trd, 4318695.393, 93
Trd, 4318697.193, 92
Trd, 4318697.493, 86
Trd, 4318699.693, 88
Trd, 4318701.943, 90
Trd, 4318702.843, 89
Trd, 4318703.593, 91
Trd, 4318705.293, 92
Trd, 4318707.043, 93
Trd, 4318707.143, 91
Trd, 4318707.693, 88
Trd, 4318708.793, 89
Trd, 4318709.593, 114
Trd, 4318711.493, 103
Trd, 4318713.143, 91
Trd, 4318714.343, 95
Trd, 4318715.543, 104
Trd, 4318716.143, 95
Trd, 4318716.693, 87
Trd, 4318718.043, 76
Trd, 4318719.793, 96
Trd, 4318720.943, 95
Trd, 4318721.493, 97
Trd, 4318722.193, 94
Trd, 4318724.693, 93
Trd, 4318725.093, 92
Trd, 4318726.443, 91
Trd, 4318727.893, 105
Trd, 4318729.793, 108
Trd, 4318730.893, 105
Trd, 4318733.593, 100
Trd, 4318734.593, 107
Trd, 4318735.943, 100
Trd, 4318736.143, 97
Trd, 4318738.093, 94
Trd, 4318738.443, 96
Trd, 4318739.043, 98
Trd, 4318739.193, 101
Trd, 4318741.593, 99
Trd, 4318743.343, 96
Trd, 4318744.343, 95
Trd, 4318745.593, 95
Trd, 4318747.193, 88
Trd, 4318747.343, 92
Trd, 4318749.893, 92
Trd, 4318750.593, 93
Trd, 4318751.243, 93
Trd, 4318752.343, 91
Trd, 4318752.493, 98
Trd, 4318752.893, 104
Trd, 4318754.093, 89
Trd, 4318756.093, 92
Trd, 4318757.393, 91
Trd, 4318758.693, 94
Trd, 4318759.093, 95
Trd, 4318759.243, 86
Trd, 4318762.043, 95
Trd, 4318765.343, 90
Trd, 4318766.343, 94
Trd, 4318769.043, 94
Trd, 4318769.193, 95
Trd, 4318769.593, 91
Trd, 4318770.893, 91
Trd, 4318772.643, 93
Trd, 4318773.543, 94
Trd, 4318774.493, 104
Trd, 4318776.193, 93
Trd, 4318776.893, 92
Trd, 4318777.893, 96
Trd, 4318779.043, 93
Trd, 4318780.043, 95
Trd, 4318780.943, 94
Trd, 4318781.793, 93
Trd, 4318783.243, 95
Trd, 4318784.593, 93
Trd, 4318784.993, 104
Trd, 4318786.093, 96
Trd, 4318788.243, 94
Trd, 4318789.593, 97
Trd, 4318789.743, 95
Trd, 4318791.693, 97
Trd, 4318792.893, 94
Trd, 4318793.043, 96
Trd, 4318793.593, 93
Trd, 4318794.843, 97
Trd, 4318797.693, 97
Trd, 4318797.743, 104
Trd, 4318801.043, 99
Trd, 4318801.993, 99
Trd, 4318803.593, 98
Trd, 4318806.693, 97
Trd, 4318806.943, 94
Trd, 4318807.793, 94
Trd, 4318809.443, 93
Trd, 4318809.943, 94
Trd, 4318810.593, 95
Trd, 4318811.793, 100
Trd, 4318814.943, 95
Trd, 4318815.643, 94
Trd, 4318816.943, 98
Trd, 4318817.193, 97
Trd, 4318818.043, 96
Trd, 4318819.293, 103
Trd, 4318821.193, 98
Trd, 4318821.643, 96
Trd, 4318822.793, 94
Trd, 4318824.093, 95
Trd, 4318824.193, 105
Trd, 4318825.393, 114
Trd, 4318828.093, 95
Trd, 4318830.093, 96
Trd, 4318831.293, 100
Trd, 4318832.093, 95
Trd, 4318832.893, 96
Trd, 4318833.343, 95
Trd, 4318833.993, 94
Trd, 4318834.593, 97
Trd, 4318835.543, 97
Trd, 4318837.093, 96
Trd, 4318838.043, 95
Trd, 4318838.543, 96
Trd, 4318840.343, 94
Trd, 4318840.943, 94
Trd, 4318843.193, 95
Trd, 4318844.543, 96
Trd, 4318846.143, 95
Trd, 4318846.193, 93
Trd, 4318846.743, 104
Trd, 4318849.643, 97
Trd, 4318851.493, 97
Trd, 4318852.093, 96
Trd, 4318852.843, 94
Trd, 4318853.343, 99
Trd, 4318854.943, 95
Trd, 4318855.093, 94
Trd, 4318855.643, 104
Trd, 4318857.043, 102
Trd, 4318859.693, 96
Trd, 4318861.243, 104
Trd, 4318861.343, 97
Trd, 4318862.243, 96
Trd, 4318862.843, 94
Trd, 4318865.593, 100
Trd, 4318865.643, 101
Trd, 4318867.043, 97
Trd, 4318867.493, 96
Trd, 4318869.843, 94
Trd, 4318869.993, 100
Trd, 4318872.693, 95
Trd, 4318873.743, 95
Trd, 4318873.793, 93
Trd, 4318874.543, 93
Trd, 4318876.443, 102
Trd, 4318876.743, 93
Trd, 4318877.193, 104
Trd, 4318879.093, 94
Trd, 4318880.143, 93
Trd, 4318882.043, 90
Trd, 4318882.343, 92
Trd, 4318883.643, 100
Trd, 4318884.893, 91
Trd, 4318886.593, 95
Trd, 4318887.993, 96
Trd, 4318888.893, 94
Trd, 4318889.093, 104
Trd, 4318890.293, 98
Trd, 4318891.043, 96
Trd, 4318891.343, 96
Trd, 4318892.793, 92
Trd, 4318894.343, 88
Trd, 4318894.793, 80
Trd, 4318895.893, 96
Trd, 4318896.693, 89
Trd, 4318900.993, 94
Trd, 4318901.193, 89
Trd, 4318903.193, 90
Trd, 4318904.443, 89
Trd, 4318906.843, 94
Trd, 4318907.293, 97
Trd, 4318909.393, 96
Trd, 4318909.993, 103
Trd, 4318912.043, 100
Trd, 4318913.843, 99
Trd, 4318914.093, 98
Trd, 4318915.193, 99
Trd, 4318915.343, 97
Trd, 4318917.293, 99
Trd, 4318919.293, 98
Trd, 4318920.543, 101
Trd, 4318920.943, 97
Trd, 4318923.643, 96
Trd, 4318923.743, 98
Trd, 4318923.843, 100
Trd, 4318926.893, 97
Trd, 4318926.993, 99
Trd, 4318927.793, 99
Trd, 4318928.843, 96
Trd, 4318929.493, 96
Trd, 4318931.993, 100
Trd, 4318932.393, 95
Trd, 4318932.993, 95
Trd, 4318934.443, 94
Trd, 4318934.893, 86
Trd, 4318935.743, 78
Trd, 4318937.093, 95
Trd, 4318939.243, 91
Trd, 4318940.743, 89
Trd, 4318941.193, 90
Trd, 4318943.793, 88
Trd, 4318944.343, 90
Trd, 4318944.793, 87
Trd, 4318946.143, 88
Trd, 4318946.243, 87
Trd, 4318947.193, 87
Trd, 4318949.243, 89
Trd, 4318951.443, 103
Trd, 4318952.493, 93
Trd, 4318952.543, 94
Trd, 4318955.643, 97
Trd, 4318956.793, 96
Trd, 4318959.643, 96
Trd, 4318960.193, 95
Trd, 4318960.893, 94
Trd, 4318961.643, 100
Trd, 4318964.393, 96
Trd, 4318964.693, 95
Trd, 4318965.293, 97
Trd, 4318965.993, 94
Trd, 4318967.843, 92
Trd, 4318967.993, 104
Trd, 4318968.543, 95
Trd, 4318968.643, 114
Trd, 4318973.743, 96
Trd, 4318973.843, 101
Trd, 4318975.743, 98
Trd, 4318976.043, 97
Trd, 4318977.543, 97
Trd, 4318977.893, 98
Trd, 4318978.243, 104
Trd, 4318979.043, 96
Trd, 4318980.843, 94
Trd, 4318981.893, 96
Trd, 4318982.643, 96
Trd, 4318985.643, 98
Trd, 4318986.493, 97
Trd, 4318987.943, 100
Trd, 4318989.793, 102
Trd, 4318990.443, 100
Trd, 4318991.943, 98
Trd, 4318992.293, 94
Trd, 4318993.243, 97
Trd, 4318994.143, 98
Trd, 4318994.443, 97
Trd, 4318996.293, 99
Trd, 4318998.393, 97
Trd, 4318998.693, 96
Trd, 4319000.243, 103
Trd, 4319001.593, 96
Trd, 4319001.793, 96
Trd, 4319003.243, 95
Trd, 4319006.193, 98
Trd, 4319006.743, 96
Trd, 4319009.093, 99
Trd, 4319012.243, 97
Trd, 4319012.493, 95
Trd, 4319012.893, 94
Trd, 4319014.443, 90
Trd, 4319014.993, 91
Trd, 4319015.793, 93
Trd, 4319016.343, 95
Trd, 4319016.443, 86
Trd, 4319017.143, 76
Trd, 4319019.193, 103
Trd, 4319019.393, 86
Trd, 4319021.743, 94
Trd, 4319023.343, 89
Trd, 4319025.293, 94
Trd, 4319026.793, 103
Trd, 4319027.393, 102
Trd, 4319027.693, 104
Trd, 4319028.643, 96
Trd, 4319030.043, 86
Trd, 4319030.643, 90
Trd, 4319030.943, 90
Trd, 4319034.393, 100
Trd, 4319034.893, 90
Trd, 4319035.593, 89
Trd, 4319036.093, 94
Trd, 4319037.493, 88
Trd, 4319040.593, 93
Trd, 4319041.643, 93
Trd, 4319042.193, 93
Trd, 4319043.343, 100
Trd, 4319043.643, 92
Trd, 4319045.793, 94
Trd, 4319047.593, 95
Trd, 4319049.693, 94
Trd, 4319049.793, 95
Trd, 4319050.443, 96
Trd, 4319051.943, 94
Trd, 4319053.193, 105
Trd, 4319053.693, 93
Trd, 4319057.193, 100
Trd, 4319057.243, 104
Trd, 4319058.443, 103
Trd, 4319058.843, 99
Trd, 4319060.493, 99
Trd, 4319061.343, 100
Trd, 4319062.793, 97
Trd, 4319063.393, 98
Trd, 4319063.993, 94
Trd, 4319064.843, 113
Trd, 4319067.143, 105
Trd, 4319067.243, 104
Trd, 4319068.443, 100
Trd, 4319070.343, 99
Trd, 4319070.843, 104
Trd, 4319070.893, 93
Trd, 4319071.293, 86
Trd, 4319072.593, 96
Trd, 4319074.043, 98
Trd, 4319074.843, 98
Trd, 4319075.643, 100
Trd, 4319075.793, 97
Trd, 4319077.593, 94
Trd, 4319079.143, 102
Trd, 4319080.293, 104
Trd, 4319081.693, 102
Trd, 4319082.293, 102
Trd, 4319082.443, 101
Trd, 4319082.893, 94
Trd, 4319085.193, 96
Trd, 4319086.643, 104
Trd, 4319087.443, 113
Trd, 4319087.593, 100
Trd, 4319088.393, 100
Trd, 4319089.343, 109
Trd, 4319090.043, 99
Trd, 4319092.093, 95
Trd, 4319093.243, 97
Trd, 4319093.743, 94
Trd, 4319095.343, 94
Trd, 4319096.893, 108
Trd, 4319099.193, 96
Trd, 4319099.393, 95
Trd, 4319100.343, 102
Trd, 4319101.893, 97
Trd, 4319102.993, 95
Trd, 4319103.943, 95
Trd, 4319105.593, 95
Trd, 4319106.393, 97
Trd, 4319107.093, 94
Trd, 4319110.093, 99
Trd, 4319110.943, 104
Trd, 4319111.193, 96
Trd, 4319111.493, 95
Trd, 4319113.943, 95
Trd, 4319116.293, 95
Trd, 4319117.593, 98
Trd, 4319118.943, 95
Trd, 4319119.193, 99
Trd, 4319119.893, 95
Trd, 4319122.393, 94
Trd, 4319122.893, 95
Trd, 4319122.943, 86
Trd, 4319125.143, 93
Trd, 4319125.493, 94
Trd, 4319126.943, 92
Trd, 4319128.993, 93
Trd, 4319130.593, 92
Trd, 4319133.643, 100
Trd, 4319134.643, 93
Trd, 4319136.993, 93
Trd, 4319138.143, 94
Trd, 4319138.293, 93
Trd, 4319140.143, 91
Trd, 4319140.743, 86
Trd, 4319141.793, 94
Trd, 4319143.893, 104
Trd, 4319144.443, 113
Trd, 4319145.293, 94
Trd, 4319147.793, 101
Trd, 4319148.243, 99
Trd, 4319149.543, 97
Trd, 4319150.293, 97
Trd, 4319151.343, 97
Trd, 4319154.043, 100
Trd, 4319154.543, 98
Trd, 4319155.093, 102
Trd, 4319155.643, 113
Trd, 4319156.793, 97
Trd, 4319158.893, 97
Trd, 4319159.143, 104
Trd, 4319160.343, 96
Trd, 4319160.543, 113
Trd, 4319160.593, 94
Trd, 4319163.393, 94
Trd, 4319163.893, 93
Trd, 4319165.343, 93
Trd, 4319166.843, 93
Trd, 4319167.343, 96
Trd, 4319168.993, 97
Trd, 4319171.093, 103
Trd, 4319172.743, 93
Trd, 4319174.943, 93
Trd, 4319175.143, 96
Trd, 4319175.193, 97
Trd, 4319177.293, 93
Trd, 4319179.093, 93
Trd, 4319183.043, 93
Trd, 4319183.643, 92
Trd, 4319184.893, 93
Trd, 4319184.993, 92
Trd, 4319185.893, 98
Trd, 4319187.843, 96
Trd, 4319188.093, 93
Trd, 4319189.543, 94
Trd, 4319189.793, 104
Trd, 4319189.993, 92
Trd, 4319193.743, 92
Trd, 4319194.093, 91
Trd, 4319196.793, 104
Trd, 4319197.593, 92
Trd, 4319197.943, 98
Trd, 4319198.493, 91
Trd, 4319199.893, 97
Trd, 4319203.743, 97
Trd, 4319204.343, 98
Trd, 4319204.843, 95
Trd, 4319205.893, 96
Trd, 4319207.043, 94
Trd, 4319208.693, 96
Trd, 4319209.593, 95
Trd, 4319211.143, 103
Trd, 4319213.443, 97
Trd, 4319215.543, 96
Trd, 4319217.193, 98
Trd, 4319217.393, 96
Trd, 4319218.693, 95
Trd, 4319219.243, 94
Trd, 4319221.343, 95
Trd, 4319222.293, 95
Trd, 4319223.043, 89
Trd, 4319224.143, 86
Trd, 4319224.443, 90
Trd, 4319225.693, 90
Trd, 4319227.243, 95
Trd, 4319227.643, 96
Trd, 4319228.243, 93
Trd, 4319231.643, 95
Trd, 4319233.843, 96
Trd, 4319234.843, 94
Trd, 4319235.493, 95
Trd, 4319236.793, 95
Trd, 4319237.793, 93
Trd, 4319239.193, 95
Trd, 4319239.393, 92
Trd, 4319242.593, 93
Trd, 4319242.993, 93
Trd, 4319243.793, 92
Trd, 4319244.593, 91
Trd, 4319246.593, 91
Trd, 4319248.643, 95
Trd, 4319249.793, 96
Trd, 4319251.693, 93
Trd, 4319252.643, 96
Trd, 4319253.643, 92
Trd, 4319257.543, 93
Trd, 4319257.743, 94
Trd, 4319258.093, 93
Trd, 4319258.393, 86
Trd, 4319259.043, 95
Trd, 4319261.093, 96
Trd, 4319261.843, 105
Trd, 4319262.793, 108
Trd, 4319264.543, 103
Trd, 4319265.093, 102
Trd, 4319266.793, 103
Trd, 4319267.143, 103
Trd, 4319267.793, 103
Trd, 4319268.293, 102
Trd, 4319270.543, 101
Trd, 4319270.993, 100
Trd, 4319271.543, 99
Trd, 4319272.343, 99
Trd, 4319273.893, 95
Trd, 4319273.993, 94
Trd, 4319274.493, 96
Trd, 4319277.343, 96
Trd, 4319278.243, 97
Trd, 4319281.193, 95
Trd, 4319282.343, 89
Trd, 4319282.393, 78
Trd, 4319282.993, 90
Trd, 4319284.593, 87
Trd, 4319285.693, 113
Trd, 4319288.993, 94
Trd, 4319289.893, 92
Trd, 4319290.893, 92
Trd, 4319290.943, 94
Trd, 4319292.143, 95
Trd, 4319293.243, 91
Trd, 4319294.743, 95
Trd, 4319296.643, 91
Trd, 4319297.843, 108
Trd, 4319300.043, 90
Trd, 4319300.343, 90
Trd, 4319300.893, 94
Trd, 4319303.593, 92
Trd, 4319303.943, 91
Trd, 4319304.393, 86
Trd, 4319305.493, 100
Trd, 4319306.743, 107
Trd, 4319307.993, 101
Trd, 4319312.043, 96
Trd, 4319312.743, 95
Trd, 4319313.943, 94
Trd, 4319314.543, 98
Trd, 4319316.943, 94
Trd, 4319317.293, 95
Trd, 4319317.543, 93
Trd, 4319318.993, 93
Trd, 4319321.793, 96
Trd, 4319322.443, 92
Trd, 4319322.543, 91
Trd, 4319324.193, 91
Trd, 4319325.143, 90
Trd, 4319328.993, 100
Trd, 4319329.393, 95
Trd, 4319330.543, 94
Trd, 4319331.243, 94
Trd, 4319331.393, 103
Trd, 4319334.793, 95
Trd, 4319335.993, 94
Trd, 4319337.443, 94
Trd, 4319338.693, 93
Trd, 4319338.843, 94
Trd, 4319341.843, 95
Trd, 4319342.043, 95
Trd, 4319343.443, 94
Trd, 4319345.093, 93
Trd, 4319346.593, 93
Trd, 4319346.793, 94
Trd, 4319347.843, 89
Trd, 4319348.993, 95
Trd, 4319350.643, 103
Trd, 4319352.543, 96
Trd, 4319354.293, 93
Trd, 4319355.193, 96
Trd, 4319355.943, 96
Trd, 4319356.743, 94
Trd, 4319356.793, 94
Trd, 4319357.443, 95
Trd, 4319361.693, 96
Trd, 4319362.093, 96
Trd, 4319366.993, 95
Trd, 4319367.243, 96
Trd, 4319368.793, 95
Trd, 4319368.943, 94
Trd, 4319369.193, 97
Trd, 4319371.543, 94
Trd, 4319374.193, 94
Trd, 4319374.243, 93
Trd, 4319376.843, 103
Trd, 4319377.143, 104
Trd, 4319377.443, 96
Trd, 4319377.943, 100
Trd, 4319378.043, 98
Trd, 4319381.243, 103
Trd, 4319381.943, 99
Trd, 4319383.243, 94
Trd, 4319383.843, 95
Trd, 4319384.793, 98
Trd, 4319387.943, 102
Trd, 4319388.293, 99
Trd, 4319388.643, 105
Trd, 4319389.143, 99
Trd, 4319391.443, 104
Trd, 4319392.193, 99
Trd, 4319392.343, 98
Trd, 4319393.943, 97
Trd, 4319395.293, 86
Trd, 4319397.593, 96
Trd, 4319398.793, 98
Trd, 4319399.093, 94
Trd, 4319399.893, 94
Trd, 4319400.243, 97
Trd, 4319401.893, 93
Trd, 4319402.743, 94
Trd, 4319404.693, 95
Trd, 4319406.193, 96
Trd, 4319407.543, 95
Trd, 4319407.743, 96
Trd, 4319408.943, 94
Trd, 4319409.743, 94
Trd, 4319410.443, 97
Trd, 4319410.593, 92
Trd, 4319410.993, 86
Trd, 4319412.843, 98
Trd, 4319415.193, 96
Trd, 4319415.443, 93
Trd, 4319417.143, 92
Trd, 4319417.893, 113
Trd, 4319418.793, 103
Trd, 4319421.143, 100
Trd, 4319421.693, 104
Trd, 4319423.743, 99
Trd, 4319424.843, 97
Trd, 4319425.993, 98
Trd, 4319426.493, 96
Trd, 4319427.643, 96
Trd, 4319428.693, 94
Trd, 4319429.793, 97
Trd, 4319433.443, 95
Trd, 4319434.293, 96
Trd, 4319434.543, 94
Trd, 4319437.193, 94
Trd, 4319438.543, 94
Trd, 4319438.693, 94
Trd, 4319438.943, 93
Trd, 4319442.243, 94
Trd, 4319443.993, 103
Trd, 4319444.593, 96
Trd, 4319445.343, 95
Trd, 4319446.693, 97
Trd, 4319449.643, 95
Trd, 4319450.293, 95
Trd, 4319451.043, 95
Trd, 4319451.893, 96
Trd, 4319453.693, 94
Trd, 4319453.743, 103
Trd, 4319454.743, 86
Trd, 4319456.293, 104
Trd, 4319457.093, 97
Trd, 4319458.993, 101
Trd, 4319459.693, 97
Trd, 4319461.193, 96
Trd, 4319461.343, 94
Trd, 4319461.793, 100
Trd, 4319465.293, 99
Trd, 4319465.793, 100
Trd, 4319465.993, 97
Trd, 4319466.693, 96
Trd, 4319468.893, 100
Trd, 4319469.143, 96
Trd, 4319471.493, 113
Trd, 4319471.743, 96
Trd, 4319473.193, 98
Trd, 4319473.893, 86
Trd, 4319476.493, 97
Trd, 4319476.793, 95
Trd, 4319478.793, 97
Trd, 4319480.143, 98
Trd, 4319480.543, 95
Trd, 4319483.093, 94
Trd, 4319483.193, 95
Trd, 4319484.843, 95
Trd, 4319485.093, 93
Trd, 4319486.043, 99
Trd, 4319488.193, 95
Trd, 4319488.843, 93
Trd, 4319490.843, 96
Trd, 4319490.993, 98
Trd, 4319492.443, 94
Trd, 4319494.143, 94
Trd, 4319494.893, 96
Trd, 4319495.143, 93
Trd, 4319496.543, 92
Trd, 4319497.893, 94
Trd, 4319499.543, 97
Trd, 4319502.543, 101
Trd, 4319502.743, 98
Trd, 4319503.493, 97
Trd, 4319504.743, 98
Trd, 4319505.843, 96
Trd, 4319506.943, 102
Trd, 4319507.743, 94
Trd, 4319508.343, 94
Trd, 4319511.543, 95
Trd, 4319511.593, 96
Trd, 4319513.143, 92
Trd, 4319514.793, 93
Trd, 4319515.593, 93
Trd, 4319516.393, 92
Trd, 4319516.993, 94
Trd, 4319517.843, 97
Trd, 4319518.493, 93
Trd, 4319518.743, 105
Trd, 4319521.143, 101
Trd, 4319521.493, 116
Trd, 4319522.743, 103
Trd, 4319523.893, 112
Trd, 4319524.543, 102
Trd, 4319524.743, 102
Trd, 4319528.793, 103
Trd, 4319530.243, 94
Trd, 4319531.243, 97
Trd, 4319532.343, 97
Trd, 4319534.093, 98
Trd, 4319535.243, 98
Trd, 4319536.693, 96
Trd, 4319537.243, 96
Trd, 4319537.593, 104
Trd, 4319539.293, 96
Trd, 4319540.943, 94
Trd, 4319541.843, 96
Trd, 4319542.993, 94
Trd, 4319545.443, 95
Trd, 4319546.743, 96
Trd, 4319547.343, 95
Trd, 4319548.443, 96
Trd, 4319548.693, 102
Trd, 4319551.143, 100
Trd, 4319551.343, 98
Trd, 4319551.993, 94
Trd, 4319553.143, 102
Trd, 4319556.293, 99
Trd, 4319556.843, 98
Trd, 4319558.593, 96
Trd, 4319558.943, 93
Trd, 4319560.243, 108
Trd, 4319560.843, 122
Trd, 4319562.843, 108
Trd, 4319562.943, 105
Trd, 4319563.893, 78
Trd, 4319564.793, 97
Trd, 4319566.293, 95
Trd, 4319567.243, 106
Trd, 4319567.843, 104
Trd, 4319569.343, 103
Trd, 4319569.693, 104
Trd, 4319572.143, 99
Trd, 4319572.843, 100
Trd, 4319573.443, 102
Trd, 4319574.393, 99
Trd, 4319574.543, 90
Trd, 4319575.043, 86
Trd, 4319578.793, 94
Trd, 4319580.143, 93
Trd, 4319580.193, 99
Trd, 4319581.993, 95
Trd, 4319582.543, 93
Trd, 4319582.843, 104
Trd, 4319585.893, 96
Trd, 4319587.943, 94
Trd, 4319588.093, 93
Trd, 4319590.793, 95
Trd, 4319591.443, 96
Trd, 4319593.443, 95
Trd, 4319594.243, 94
Trd, 4319594.943, 93
Trd, 4319597.093, 92
Trd, 4319597.693, 93
Trd, 4319599.993, 92
Trd, 4319600.593, 92
Trd, 4319600.643, 91
Trd, 4319600.693, 104
Trd, 4319603.443, 91
Trd, 4319604.793, 89
Trd, 4319605.843, 102
Trd, 4319606.543, 92
Trd, 4319607.393, 88
Trd, 4319609.593, 95
Trd, 4319610.993, 92
Trd, 4319611.643, 92
Trd, 4319612.843, 93
Trd, 4319615.143, 93
Trd, 4319616.143, 96
Trd, 4319617.043, 94
Trd, 4319617.593, 93
Trd, 4319617.693, 102
Trd, 4319619.893, 104
Trd, 4319621.193, 95
Trd, 4319623.143, 98
Trd, 4319623.943, 100
Trd, 4319624.493, 97
Trd, 4319624.543, 98
Trd, 4319625.793, 96
Trd, 4319626.493, 95
Trd, 4319628.843, 95
Trd, 4319630.193, 94
Trd, 4319630.443, 95
Trd, 4319631.493, 93
Trd, 4319631.843, 96
Trd, 4319632.893, 86
Trd, 4319634.593, 94
Trd, 4319635.993, 103
Trd, 4319636.043, 94
Trd, 4319637.043, 105
Trd, 4319638.543, 93
Trd, 4319641.293, 100
Trd, 4319642.643, 97
Trd, 4319643.143, 95
Trd, 4319643.643, 96
Trd, 4319645.343, 95
Trd, 4319647.843, 97
Trd, 4319648.893, 100
Trd, 4319649.193, 103
Trd, 4319650.693, 105
Trd, 4319650.843, 96
Trd, 4319652.193, 103
Trd, 4319652.893, 100
Trd, 4319653.693, 99
Trd, 4319657.043, 98
Trd, 4319657.593, 96
Trd, 4319658.543, 100
Trd, 4319658.943, 97
Trd, 4319660.293, 97
Trd, 4319661.293, 95
Trd, 4319661.593, 94
Trd, 4319662.243, 105
Trd, 4319663.543, 86
Trd, 4319663.593, 76
Trd, 4319664.143, 95
Trd, 4319666.643, 92
Trd, 4319667.843, 96
Trd, 4319668.693, 93
Trd, 4319670.793, 93
Trd, 4319672.093, 94
Trd, 4319672.293, 95
Trd, 4319674.693, 92
Trd, 4319675.793, 92
Trd, 4319677.943, 92
Trd, 4319678.943, 91
Trd, 4319679.393, 95
Trd, 4319679.593, 99
Trd, 4319682.943, 106
Trd, 4319683.093, 101
Trd, 4319684.193, 101
Trd, 4319684.693, 100
Trd, 4319686.093, 99
Trd, 4319687.793, 99
Trd, 4319688.743, 94
Trd, 4319689.043, 96
Trd, 4319690.243, 105
Trd, 4319691.443, 105
Trd, 4319693.593, 94
Trd, 4319693.893, 95
Trd, 4319694.743, 94
Trd, 4319695.293, 95
Trd, 4319695.443, 96
Trd, 4319695.993, 86
Trd, 4319699.793, 94
Trd, 4319700.843, 95
Trd, 4319700.993, 94
Trd, 4319702.043, 95
Trd, 4319703.543, 93
Trd, 4319703.843, 96
Trd, 4319705.043, 95
Trd, 4319706.693, 92
Trd, 4319707.043, 91
Trd, 4319707.093, 113
Trd, 4319710.343, 91
Trd, 4319710.843, 92
Trd, 4319711.093, 90
Trd, 4319713.793, 98
Trd, 4319715.693, 93
Trd, 4319716.943, 94
Trd, 4319717.493, 95
Trd, 4319717.693, 92
Trd, 4319719.243, 122
Trd, 4319720.243, 103
Trd, 4319721.543, 104
Trd, 4319721.893, 101
Trd, 4319721.993, 91
Trd, 4319723.043, 105
Trd, 4319724.143, 88
Trd, 4319724.993, 123
Trd, 4319728.193, 98
Trd, 4319728.243, 96
Trd, 4319729.693, 95
Trd, 4319730.143, 95
Trd, 4319730.943, 93
Trd, 4319731.393, 98
Trd, 4319733.743, 89
Trd, 4319734.643, 98
Trd, 4319735.943, 93
Trd, 4319736.543, 94
Trd, 4319736.793, 92
Trd, 4319737.593, 91
Trd, 4319739.243, 95
Trd, 4319742.693, 95
Trd, 4319744.343, 95
Trd, 4319745.093, 92
Trd, 4319746.393, 92
Trd, 4319748.643, 91
Trd, 4319748.993, 91
Trd, 4319750.243, 90
Trd, 4319751.443, 91
Trd, 4319753.343, 90
Trd, 4319753.843, 97
Trd, 4319754.943, 97
Trd, 4319757.393, 92
Trd, 4319757.443, 91
Trd, 4319758.493, 96
Trd, 4319760.543, 95
Trd, 4319761.393, 92
Trd, 4319764.043, 95
Trd, 4319764.793, 93
Trd, 4319766.343, 92
Trd, 4319768.293, 94
Trd, 4319768.543, 93
Trd, 4319769.743, 95
Trd, 4319770.443, 92
Trd, 4319770.793, 103
Trd, 4319772.643, 92
Trd, 4319772.993, 95
Trd, 4319775.843, 92
Trd, 4319775.993, 95
Trd, 4319779.093, 94
Trd, 4319779.443, 94
Trd, 4319781.393, 92
Trd, 4319781.943, 93
Trd, 4319782.743, 94
Trd, 4319784.643, 91
Trd, 4319785.693, 100
Trd, 4319788.293, 93
Trd, 4319789.193, 92
Trd, 4319789.443, 91
Trd, 4319789.893, 91
Trd, 4319790.343, 104
Trd, 4319792.393, 90
Trd, 4319794.243, 89
Trd, 4319795.243, 91
Trd, 4319796.193, 92
Trd, 4319796.443, 92
Trd, 4319798.693, 96
Trd, 4319799.393, 92
Trd, 4319800.193, 94
Trd, 4319801.093, 96
Trd, 4319802.143, 95
Trd, 4319802.443, 113
Trd, 4319802.693, 98
Trd, 4319803.943, 96
Trd, 4319806.243, 88
Trd, 4319808.343, 94
Trd, 4319808.443, 98
Trd, 4319809.593, 94
Trd, 4319810.793, 99
Trd, 4319810.843, 101
Trd, 4319812.193, 95
Trd, 4319814.043, 94
Trd, 4319814.443, 108
Trd, 4319815.893, 94
Trd, 4319815.943, 86
Trd, 4319817.143, 89
Trd, 4319818.243, 92
Trd, 4319820.843, 92
Trd, 4319822.193, 93
Trd, 4319823.093, 92
Trd, 4319825.543, 92
Trd, 4319825.593, 91
Trd, 4319826.693, 92
Trd, 4319827.293, 91
Trd, 4319829.893, 92
Trd, 4319830.343, 91
Trd, 4319831.293, 92
Trd, 4319831.943, 91
Trd, 4319835.293, 95
Trd, 4319835.543, 104
Trd, 4319836.543, 95
Trd, 4319837.143, 95
Trd, 4319841.093, 94
Trd, 4319841.293, 95
Trd, 4319841.343, 99
Trd, 4319842.093, 104
Trd, 4319843.793, 100
Trd, 4319845.093, 93
Trd, 4319845.143, 93
Trd, 4319845.593, 92
Trd, 4319849.393, 87
Trd, 4319849.543, 90
Trd, 4319849.693, 91
Trd, 4319851.743, 90
Trd, 4319852.893, 89
Trd, 4319853.743, 89
Trd, 4319853.793, 88
Trd, 4319854.693, 87
Trd, 4319856.043, 101
Trd, 4319857.243, 86
Trd, 4319859.593, 102
Trd, 4319861.843, 97
Trd, 4319862.693, 95
Trd, 4319863.393, 99
Trd, 4319863.893, 94
Trd, 4319865.643, 93
Trd, 4319865.993, 94
Trd, 4319867.393, 93
Trd, 4319867.793, 95
Trd, 4319870.543, 97
Trd, 4319872.343, 97
Trd, 4319872.843, 100
Trd, 4319874.793, 95
Trd, 4319874.993, 99
Trd, 4319875.393, 95
Trd, 4319876.443, 100
Trd, 4319877.993, 95
Trd, 4319878.743, 96
Trd, 4319879.793, 94
Trd, 4319881.043, 93
Trd, 4319881.643, 77
Trd, 4319881.893, 102
Trd, 4319885.943, 91
Trd, 4319886.343, 105
Trd, 4319886.493, 90
Trd, 4319890.043, 92
Trd, 4319891.293, 90
Trd, 4319891.843, 91
Trd, 4319893.993, 100
Trd, 4319894.193, 91
Trd, 4319894.543, 104
Trd, 4319896.343, 104
Trd, 4319897.443, 97
Trd, 4319898.793, 94
Trd, 4319901.243, 92
Trd, 4319901.493, 90
Trd, 4319902.343, 92
Trd, 4319902.793, 105
Trd, 4319908.143, 104
Trd, 4319908.293, 93
Trd, 4319910.243, 92
Trd, 4319912.293, 92
Trd, 4319913.293, 91
Trd, 4319913.993, 92
Trd, 4319914.293, 97
Trd, 4319917.193, 94
Trd, 4319917.593, 91
Trd, 4319917.943, 91
Trd, 4319919.493, 94
Trd, 4319920.143, 102
Trd, 4319922.593, 94
Trd, 4319923.043, 93
Trd, 4319924.293, 91
Trd, 4319926.193, 96
Trd, 4319926.793, 95
Trd, 4319927.743, 94
Trd, 4319928.143, 101
Trd, 4319929.593, 93
Trd, 4319930.443, 97
Trd, 4319931.093, 93
Trd, 4319931.993, 89
Trd, 4319933.543, 103
Trd, 4319934.693, 104
Trd, 4319938.143, 100
Trd, 4319939.243, 98
Trd, 4319939.393, 96
Trd, 4319940.343, 95
Trd, 4319940.993, 93
Trd, 4319941.493, 94
Trd, 4319942.393, 93
Trd, 4319944.543, 104
Trd, 4319946.293, 97
Trd, 4319947.543, 96
Trd, 4319947.743, 99
Trd, 4319948.543, 95
Trd, 4319949.793, 94
Trd, 4319952.293, 93
Trd, 4319952.593, 98
Trd, 4319955.593, 98
Trd, 4319956.643, 101
Trd, 4319958.643, 96
Trd, 4319959.793, 97
Trd, 4319959.893, 96
Trd, 4319960.293, 96
Trd, 4319960.943, 95
Trd, 4319962.493, 95
Trd, 4319964.043, 95
Trd, 4319965.693, 94
Trd, 4319967.043, 87
Trd, 4319967.393, 93
Trd, 4319969.093, 113
Trd, 4319971.043, 121
Trd, 4319971.343, 114
Trd, 4319972.943, 107
Trd, 4319972.993, 115
Trd, 4319975.543, 109
Trd, 4319976.093, 114
Trd, 4319977.493, 104
Trd, 4319978.493, 88
Trd, 4319980.743, 98
Trd, 4319981.093, 87
Trd, 4319982.343, 86
Trd, 4319982.543, 108
Trd, 4319985.243, 96
Trd, 4319989.543, 94
Trd, 4319990.443, 96
Trd, 4319991.043, 96
Trd, 4319991.143, 97
Trd, 4319991.993, 94
Trd, 4319992.893, 99
Trd, 4319996.493, 96
Trd, 4319998.043, 105
Trd, 4319998.943, 98
Trd, 4319999.293, 97
