Trd, 4317816.243, 105
Trd, 4317818.443, 101
Trd, 4317819.193, 105
Trd, 4317819.493, 103
Trd, 4317821.393, 111
Trd, 4317822.493, 108
Trd, 4317822.943, 108
Trd, 4317824.093, 102
Trd, 4317826.943, 106
Trd, 4317827.293, 105
Trd, 4317827.393, 108
Trd, 4317828.393, 104
Trd, 4317831.243, 103
Trd, 4317833.393, 104
Trd, 4317833.993, 103
Trd, 4317835.043, 94
Trd, 4317835.793, 104
Trd, 4317837.393, 104
Trd, 4317840.643, 99
Trd, 4317842.893, 104
Trd, 4317843.343, 104
Trd, 4317846.793, 101
Trd, 4317847.593, 101
Trd, 4317847.943, 100
Trd, 4317848.143, 103
Trd, 4317850.893, 104
Trd, 4317853.143, 99
Trd, 4317854.193, 98
Trd, 4317854.893, 100
Trd, 4317856.293, 100
Trd, 4317857.843, 101
Trd, 4317858.143, 102
Trd, 4317858.993, 102
Trd, 4317859.093, 101
Trd, 4317861.343, 122
Trd, 4317861.493, 104
Trd, 4317863.193, 108
Trd, 4317863.693, 94
Trd, 4317864.443, 99
Trd, 4317865.643, 99
Trd, 4317867.543, 99
Trd, 4317868.193, 98
Trd, 4317870.043, 96
Trd, 4317871.543, 98
Trd, 4317872.443, 97
Trd, 4317873.393, 111
Trd, 4317875.393, 101
Trd, 4317876.893, 101
Trd, 4317878.843, 101
Trd, 4317879.143, 100
Trd, 4317881.993, 100
Trd, 4317884.893, 99
Trd, 4317885.393, 100
Trd, 4317886.693, 100
Trd, 4317887.143, 98
Trd, 4317890.993, 98
Trd, 4317891.493, 100
Trd, 4317891.643, 97
Trd, 4317894.893, 97
Trd, 4317895.243, 97
Trd, 4317895.343, 97
Trd, 4317896.793, 100
Trd, 4317897.693, 100
Trd, 4317901.193, 100
Trd, 4317901.443, 96
Trd, 4317902.243, 100
Trd, 4317903.843, 95
Trd, 4317904.693, 100
Trd, 4317906.593, 96
Trd, 4317908.393, 100
Trd, 4317912.493, 99
Trd, 4317917.643, 98
Trd, 4317919.393, 95
Trd, 4317919.493, 98
Trd, 4317925.893, 97
Trd, 4317926.293, 97
Trd, 4317926.643, 94
Trd, 4317929.493, 97
Trd, 4317932.293, 97
Trd, 4317934.043, 97
Trd, 4317934.993, 94
Trd, 4317936.293, 93
Trd, 4317936.843, 97
Trd, 4317938.593, 95
Trd, 4317941.543, 93
Trd, 4317942.043, 95
Trd, 4317945.393, 95
Trd, 4317947.143, 95
Trd, 4317948.393, 93
Trd, 4317950.393, 95
Trd, 4317954.543, 95
Trd, 4317956.643, 93
Trd, 4317957.143, 96
Trd, 4317957.743, 103
Trd, 4317957.843, 99
Trd, 4317958.643, 100
Trd, 4317960.543, 98
Trd, 4317962.543, 98
Trd, 4317963.593, 97
Trd, 4317964.593, 99
Trd, 4317965.393, 94
Trd, 4317965.993, 98
Trd, 4317968.843, 95
Trd, 4317969.243, 97
Trd, 4317969.943, 96
Trd, 4317972.243, 94
Trd, 4317972.543, 94
Trd, 4317974.393, 98
Trd, 4317976.243, 119
Trd, 4317978.493, 113
Trd, 4317979.393, 112
Trd, 4317979.543, 110
Trd, 4317980.093, 109
Trd, 4317981.693, 107
Trd, 4317981.893, 107
Trd, 4317983.943, 106
Trd, 4317984.293, 103
Trd, 4317985.843, 105
Trd, 4317985.943, 106
Trd, 4317987.743, 105
Trd, 4317988.943, 104
Trd, 4317991.193, 107
Trd, 4317991.993, 106
Trd, 4317995.193, 106
Trd, 4317996.143, 105
Trd, 4317996.843, 103
Trd, 4317997.393, 105
Trd, 4317997.543, 104
Trd, 4317999.993, 104
Trd, 4318002.943, 105
Trd, 4318006.393, 104
Trd, 4318008.693, 104
Trd, 4318009.693, 104
Trd, 4318009.843, 103
Trd, 4318010.293, 103
Trd, 4318011.343, 105
Trd, 4318011.693, 122
Trd, 4318014.493, 102
Trd, 4318015.493, 93
Trd, 4318016.693, 104
Trd, 4318017.243, 103
Trd, 4318017.293, 104
Trd, 4318018.093, 102
Trd, 4318019.343, 102
Trd, 4318022.943, 99
Trd, 4318023.493, 100
Trd, 4318024.293, 99
Trd, 4318025.193, 110
Trd, 4318025.993, 99
Trd, 4318029.093, 98
Trd, 4318031.343, 116
Trd, 4318031.493, 112
Trd, 4318031.643, 97
Trd, 4318033.143, 105
Trd, 4318035.393, 102
Trd, 4318036.593, 102
Trd, 4318037.543, 105
Trd, 4318038.443, 105
Trd, 4318039.443, 105
Trd, 4318039.743, 103
Trd, 4318040.443, 103
Trd, 4318043.643, 102
Trd, 4318044.293, 101
Trd, 4318046.093, 103
Trd, 4318046.193, 104
Trd, 4318051.193, 100
Trd, 4318051.393, 102
Trd, 4318051.893, 100
Trd, 4318054.293, 100
Trd, 4318054.393, 100
Trd, 4318056.093, 100
Trd, 4318057.543, 99
Trd, 4318058.743, 98
Trd, 4318061.393, 99
Trd, 4318061.493, 97
Trd, 4318061.893, 100
Trd, 4318062.943, 96
Trd, 4318066.343, 95
Trd, 4318066.543, 98
Trd, 4318069.893, 94
Trd, 4318073.943, 97
Trd, 4318073.993, 97
Trd, 4318075.143, 97
Trd, 4318076.843, 97
Trd, 4318078.193, 92
Trd, 4318081.193, 97
Trd, 4318083.393, 91
Trd, 4318085.043, 96
Trd, 4318086.543, 96
Trd, 4318086.993, 91
Trd, 4318089.043, 96
Trd, 4318089.643, 96
Trd, 4318091.193, 90
Trd, 4318093.243, 95
Trd, 4318093.893, 96
Trd, 4318097.843, 90
Trd, 4318098.443, 93
Trd, 4318101.543, 93
Trd, 4318101.643, 90
Trd, 4318102.293, 92
Trd, 4318103.693, 93
Trd, 4318107.493, 89
Trd, 4318109.043, 92
Trd, 4318111.943, 92
Trd, 4318112.543, 88
Trd, 4318113.343, 92
Trd, 4318114.193, 88
Trd, 4318116.043, 92
Trd, 4318117.043, 92
Trd, 4318121.043, 92
Trd, 4318123.093, 88
Trd, 4318123.293, 92
Trd, 4318125.093, 91
Trd, 4318125.143, 92
Trd, 4318128.943, 87
Trd, 4318130.793, 91
Trd, 4318132.343, 91
Trd, 4318135.943, 89
Trd, 4318136.043, 91
Trd, 4318138.493, 91
Trd, 4318142.393, 88
Trd, 4318145.793, 91
Trd, 4318146.093, 91
Trd, 4318147.793, 88
Trd, 4318148.943, 91
Trd, 4318153.893, 90
Trd, 4318153.993, 91
Trd, 4318154.243, 88
Trd, 4318156.243, 90
Trd, 4318157.443, 87
Trd, 4318160.793, 90
Trd, 4318161.243, 89
Trd, 4318165.593, 86
Trd, 4318167.143, 89
Trd, 4318168.443, 89
Trd, 4318172.143, 85
Trd, 4318173.843, 88
Trd, 4318174.193, 88
Trd, 4318174.543, 84
Trd, 4318178.443, 86
Trd, 4318178.693, 86
Trd, 4318183.993, 86
Trd, 4318184.643, 86
Trd, 4318184.743, 85
Trd, 4318185.993, 85
Trd, 4318187.043, 86
Trd, 4318187.393, 89
Trd, 4318187.993, 87
Trd, 4318190.693, 101
Trd, 4318193.043, 109
Trd, 4318193.943, 107
Trd, 4318194.893, 106
Trd, 4318195.393, 105
Trd, 4318196.043, 104
Trd, 4318196.643, 108
Trd, 4318197.443, 103
Trd, 4318198.743, 104
Trd, 4318199.443, 105
Trd, 4318204.243, 116
Trd, 4318204.393, 112
Trd, 4318204.643, 111
Trd, 4318204.943, 103
Trd, 4318205.593, 95
Trd, 4318207.843, 96
Trd, 4318208.493, 99
Trd, 4318209.793, 94
Trd, 4318210.143, 98
Trd, 4318211.493, 97
Trd, 4318211.693, 96
Trd, 4318213.843, 115
Trd, 4318215.543, 101
Trd, 4318217.093, 102
Trd, 4318219.493, 101
Trd, 4318219.643, 100
Trd, 4318219.793, 102
Trd, 4318221.743, 103
Trd, 4318223.893, 101
Trd, 4318224.693, 103
Trd, 4318226.443, 101
Trd, 4318228.393, 102
Trd, 4318228.993, 99
Trd, 4318231.343, 102
Trd, 4318231.743, 98
Trd, 4318237.643, 101
Trd, 4318237.943, 101
Trd, 4318237.993, 98
Trd, 4318242.593, 100
Trd, 4318243.693, 97
Trd, 4318244.443, 98
Trd, 4318247.543, 97
Trd, 4318249.293, 98
Trd, 4318249.493, 100
Trd, 4318251.893, 97
Trd, 4318254.543, 96
Trd, 4318255.493, 99
Trd, 4318256.743, 99
Trd, 4318258.943, 99
Trd, 4318259.093, 99
Trd, 4318259.143, 95
Trd, 4318259.593, 95
Trd, 4318262.293, 95
Trd, 4318262.393, 95
Trd, 4318263.443, 100
Trd, 4318267.243, 94
Trd, 4318267.493, 96
Trd, 4318271.593, 96
Trd, 4318271.693, 94
Trd, 4318274.193, 93
Trd, 4318274.893, 95
Trd, 4318278.443, 92
Trd, 4318280.343, 94
Trd, 4318281.393, 94
Trd, 4318283.143, 94
Trd, 4318286.493, 92
Trd, 4318290.093, 92
Trd, 4318292.693, 93
Trd, 4318294.493, 92
Trd, 4318294.743, 93
Trd, 4318295.993, 93
Trd, 4318297.543, 93
Trd, 4318299.543, 92
Trd, 4318301.093, 93
Trd, 4318303.043, 93
Trd, 4318304.643, 91
Trd, 4318306.543, 93
Trd, 4318308.443, 93
Trd, 4318308.943, 92
Trd, 4318309.493, 92
Trd, 4318309.843, 92
Trd, 4318311.193, 93
Trd, 4318314.543, 103
Trd, 4318314.743, 102
Trd, 4318315.443, 101
Trd, 4318316.793, 99
Trd, 4318317.743, 102
Trd, 4318319.643, 100
Trd, 4318320.993, 99
Trd, 4318322.293, 97
Trd, 4318323.893, 99
Trd, 4318325.793, 102
Trd, 4318325.943, 101
Trd, 4318326.543, 100
Trd, 4318327.343, 102
Trd, 4318327.743, 101
Trd, 4318328.243, 99
Trd, 4318329.893, 100
Trd, 4318331.193, 100
Trd, 4318332.293, 98
Trd, 4318334.043, 101
Trd, 4318334.343, 122
Trd, 4318336.243, 108
Trd, 4318336.443, 106
Trd, 4318336.993, 109
Trd, 4318338.243, 103
Trd, 4318339.443, 108
Trd, 4318340.093, 103
Trd, 4318343.143, 112
Trd, 4318343.793, 112
Trd, 4318345.493, 117
Trd, 4318345.743, 116
Trd, 4318346.893, 120
Trd, 4318347.843, 114
Trd, 4318350.193, 94
Trd, 4318352.543, 112
Trd, 4318353.993, 112
Trd, 4318354.893, 98
Trd, 4318356.393, 114
Trd, 4318356.993, 107
Trd, 4318361.293, 114
Trd, 4318362.843, 110
Trd, 4318363.343, 108
Trd, 4318364.043, 103
Trd, 4318366.543, 108
Trd, 4318367.543, 101
Trd, 4318367.843, 114
Trd, 4318370.943, 106
Trd, 4318371.993, 106
Trd, 4318373.043, 105
Trd, 4318374.093, 106
Trd, 4318375.193, 102
Trd, 4318376.393, 98
Trd, 4318376.943, 104
Trd, 4318378.843, 101
Trd, 4318382.493, 101
Trd, 4318383.293, 104
Trd, 4318385.043, 103
Trd, 4318385.893, 103
Trd, 4318386.443, 100
Trd, 4318387.243, 100
Trd, 4318393.793, 103
Trd, 4318394.043, 99
Trd, 4318394.443, 86
Trd, 4318396.193, 102
Trd, 4318397.243, 102
Trd, 4318398.493, 100
Trd, 4318399.243, 101
Trd, 4318399.793, 100
Trd, 4318400.393, 98
Trd, 4318401.193, 96
Trd, 4318401.243, 100
Trd, 4318402.843, 98
Trd, 4318408.093, 98
Trd, 4318410.043, 97
Trd, 4318411.743, 98
Trd, 4318412.793, 97
Trd, 4318413.643, 96
Trd, 4318413.943, 94
Trd, 4318413.993, 98
Trd, 4318417.793, 99
Trd, 4318418.643, 99
Trd, 4318419.643, 100
Trd, 4318420.343, 94
Trd, 4318421.693, 93
Trd, 4318423.343, 99
Trd, 4318427.343, 92
Trd, 4318428.193, 96
Trd, 4318428.343, 96
Trd, 4318431.393, 96
Trd, 4318436.093, 96
Trd, 4318437.343, 92
Trd, 4318439.093, 96
Trd, 4318439.243, 91
Trd, 4318443.893, 95
Trd, 4318445.693, 91
Trd, 4318450.443, 95
Trd, 4318450.643, 95
Trd, 4318453.043, 91
Trd, 4318453.343, 94
Trd, 4318453.993, 94
Trd, 4318455.743, 94
Trd, 4318457.443, 92
Trd, 4318461.743, 94
Trd, 4318463.643, 92
Trd, 4318465.193, 94
Trd, 4318466.343, 94
Trd, 4318467.993, 92
Trd, 4318470.443, 94
Trd, 4318471.243, 93
Trd, 4318472.593, 94
Trd, 4318474.643, 92
Trd, 4318478.943, 94
Trd, 4318480.293, 91
Trd, 4318481.293, 94
Trd, 4318482.193, 100
Trd, 4318483.443, 91
Trd, 4318486.093, 96
Trd, 4318486.343, 96
Trd, 4318489.943, 95
Trd, 4318491.943, 91
Trd, 4318492.193, 95
Trd, 4318496.143, 95
Trd, 4318496.243, 95
Trd, 4318496.893, 91
Trd, 4318500.293, 95
Trd, 4318500.643, 90
Trd, 4318504.243, 94
Trd, 4318505.093, 90
Trd, 4318505.493, 95
Trd, 4318509.493, 93
Trd, 4318510.643, 90
Trd, 4318512.793, 89
Trd, 4318513.193, 92
Trd, 4318514.343, 92
Trd, 4318519.243, 88
Trd, 4318520.843, 91
Trd, 4318522.893, 90
Trd, 4318522.993, 90
Trd, 4318525.343, 90
Trd, 4318525.643, 88
Trd, 4318527.293, 90
Trd, 4318529.293, 88
Trd, 4318533.343, 90
Trd, 4318534.143, 88
Trd, 4318535.643, 88
Trd, 4318536.393, 87
Trd, 4318536.893, 119
Trd, 4318539.693, 89
Trd, 4318539.943, 86
Trd, 4318539.993, 91
Trd, 4318542.893, 89
Trd, 4318543.593, 89
Trd, 4318547.393, 87
Trd, 4318548.743, 89
Trd, 4318549.643, 89
Trd, 4318551.543, 87
Trd, 4318555.143, 89
Trd, 4318556.393, 89
Trd, 4318557.493, 87
Trd, 4318558.543, 88
Trd, 4318562.593, 89
Trd, 4318563.293, 90
Trd, 4318563.343, 87
Trd, 4318563.443, 104
Trd, 4318564.093, 91
Trd, 4318567.043, 92
Trd, 4318569.843, 91
Trd, 4318570.993, 92
Trd, 4318574.593, 89
Trd, 4318575.293, 92
Trd, 4318580.843, 87
Trd, 4318580.993, 91
Trd, 4318583.243, 90
Trd, 4318585.893, 90
Trd, 4318587.243, 88
Trd, 4318589.993, 90
Trd, 4318590.993, 107
Trd, 4318591.093, 97
Trd, 4318591.543, 96
Trd, 4318592.493, 97
Trd, 4318596.043, 96
Trd, 4318596.693, 97
Trd, 4318599.593, 95
Trd, 4318600.143, 94
Trd, 4318600.693, 94
Trd, 4318600.993, 93
Trd, 4318601.693, 102
Trd, 4318602.743, 108
Trd, 4318603.193, 76
Trd, 4318605.043, 105
Trd, 4318606.243, 99
Trd, 4318606.893, 120
Trd, 4318610.293, 107
Trd, 4318610.393, 107
Trd, 4318611.543, 104
Trd, 4318611.593, 107
Trd, 4318612.643, 99
Trd, 4318613.593, 100
Trd, 4318615.593, 102
Trd, 4318617.393, 101
Trd, 4318619.893, 101
Trd, 4318621.143, 100
Trd, 4318621.943, 109
Trd, 4318622.593, 103
Trd, 4318623.793, 104
Trd, 4318624.343, 103
Trd, 4318627.143, 102
Trd, 4318627.393, 101
Trd, 4318629.693, 99
Trd, 4318630.193, 100
Trd, 4318632.443, 99
Trd, 4318632.743, 100
Trd, 4318636.043, 100
Trd, 4318637.093, 98
Trd, 4318638.743, 97
Trd, 4318638.843, 100
Trd, 4318640.843, 96
Trd, 4318640.943, 99
Trd, 4318641.593, 97
Trd, 4318642.793, 96
Trd, 4318645.843, 97
Trd, 4318648.843, 97
Trd, 4318651.043, 97
Trd, 4318652.843, 97
Trd, 4318652.943, 95
Trd, 4318654.643, 94
Trd, 4318654.843, 94
Trd, 4318654.993, 101
Trd, 4318655.793, 97
Trd, 4318655.943, 93
Trd, 4318662.043, 94
Trd, 4318662.093, 97
Trd, 4318666.043, 97
Trd, 4318668.893, 95
Trd, 4318671.043, 97
Trd, 4318673.893, 96
Trd, 4318674.643, 94
Trd, 4318674.843, 95
Trd, 4318675.793, 94
Trd, 4318677.993, 97
Trd, 4318678.843, 94
Trd, 4318680.143, 95
Trd, 4318682.443, 93
Trd, 4318682.943, 96
Trd, 4318688.093, 95
Trd, 4318688.543, 94
Trd, 4318688.893, 94
Trd, 4318690.243, 92
Trd, 4318690.543, 114
Trd, 4318692.993, 97
Trd, 4318693.093, 111
Trd, 4318693.193, 101
Trd, 4318695.093, 105
Trd, 4318695.643, 104
Trd, 4318696.143, 108
Trd, 4318700.143, 104
Trd, 4318701.293, 103
Trd, 4318701.993, 103
Trd, 4318702.293, 103
Trd, 4318702.393, 116
Trd, 4318703.643, 101
Trd, 4318705.793, 102
Trd, 4318709.943, 101
Trd, 4318711.693, 100
Trd, 4318712.043, 104
Trd, 4318713.443, 103
Trd, 4318714.043, 104
Trd, 4318714.843, 100
Trd, 4318719.143, 99
Trd, 4318721.043, 102
Trd, 4318721.343, 85
Trd, 4318721.793, 80
Trd, 4318722.943, 102
Trd, 4318723.993, 97
Trd, 4318729.143, 96
Trd, 4318731.243, 95
Trd, 4318733.843, 95
Trd, 4318734.543, 95
Trd, 4318735.243, 94
Trd, 4318736.143, 94
Trd, 4318737.993, 95
Trd, 4318739.243, 94
Trd, 4318740.993, 95
Trd, 4318741.993, 94
Trd, 4318744.343, 93
Trd, 4318744.743, 94
Trd, 4318748.993, 93
Trd, 4318750.043, 94
Trd, 4318751.543, 94
Trd, 4318755.393, 94
Trd, 4318756.243, 92
Trd, 4318756.343, 94
Trd, 4318759.893, 94
Trd, 4318762.193, 92
Trd, 4318762.393, 94
Trd, 4318765.043, 94
Trd, 4318766.143, 92
Trd, 4318767.743, 94
Trd, 4318769.243, 96
Trd, 4318772.343, 92
Trd, 4318775.393, 92
Trd, 4318776.243, 91
Trd, 4318776.943, 91
Trd, 4318778.443, 91
Trd, 4318778.493, 91
Trd, 4318779.143, 118
Trd, 4318781.043, 98
Trd, 4318781.643, 100
Trd, 4318782.943, 97
Trd, 4318784.643, 121
Trd, 4318785.143, 110
Trd, 4318787.143, 99
Trd, 4318788.893, 105
Trd, 4318791.143, 105
Trd, 4318793.093, 107
Trd, 4318794.943, 105
Trd, 4318797.843, 105
Trd, 4318798.043, 104
Trd, 4318798.293, 102
Trd, 4318798.393, 105
Trd, 4318801.893, 105
Trd, 4318802.643, 103
Trd, 4318804.143, 102
Trd, 4318806.043, 94
Trd, 4318808.593, 100
Trd, 4318808.793, 99
Trd, 4318809.493, 102
Trd, 4318810.993, 101
Trd, 4318811.493, 102
Trd, 4318812.643, 101
Trd, 4318813.493, 101
Trd, 4318815.243, 103
Trd, 4318815.343, 103
Trd, 4318818.993, 117
Trd, 4318819.043, 114
Trd, 4318820.243, 110
Trd, 4318820.843, 113
Trd, 4318822.693, 112
Trd, 4318823.643, 103
Trd, 4318823.893, 109
Trd, 4318828.593, 110
Trd, 4318829.093, 109
Trd, 4318829.493, 110
Trd, 4318830.243, 103
Trd, 4318833.793, 109
Trd, 4318834.043, 106
Trd, 4318834.743, 109
Trd, 4318837.843, 106
Trd, 4318838.243, 105
Trd, 4318839.293, 96
Trd, 4318840.193, 100
Trd, 4318844.293, 102
Trd, 4318844.793, 102
Trd, 4318845.243, 76
Trd, 4318846.493, 101
Trd, 4318848.293, 104
Trd, 4318849.593, 106
Trd, 4318849.693, 101
Trd, 4318851.243, 112
Trd, 4318852.193, 102
Trd, 4318853.093, 94
Trd, 4318853.193, 103
Trd, 4318854.343, 103
Trd, 4318854.993, 103
Trd, 4318857.743, 119
Trd, 4318858.943, 113
Trd, 4318859.043, 102
Trd, 4318859.893, 106
Trd, 4318860.593, 106
Trd, 4318861.293, 85
Trd, 4318862.393, 99
Trd, 4318865.293, 104
Trd, 4318865.743, 105
Trd, 4318866.793, 106
Trd, 4318868.093, 103
Trd, 4318869.093, 102
Trd, 4318869.393, 103
Trd, 4318869.693, 94
Trd, 4318872.293, 99
Trd, 4318872.593, 98
Trd, 4318873.993, 102
Trd, 4318876.093, 100
Trd, 4318876.693, 98
Trd, 4318876.793, 99
Trd, 4318878.843, 100
Trd, 4318880.293, 113
Trd, 4318880.493, 76
Trd, 4318883.943, 101
Trd, 4318885.143, 100
Trd, 4318889.193, 99
Trd, 4318889.693, 96
Trd, 4318891.293, 99
Trd, 4318892.043, 100
Trd, 4318893.793, 113
Trd, 4318894.093, 107
Trd, 4318895.743, 100
Trd, 4318897.143, 104
Trd, 4318897.893, 105
Trd, 4318898.343, 119
Trd, 4318898.943, 112
Trd, 4318899.543, 100
Trd, 4318900.893, 100
Trd, 4318902.543, 100
Trd, 4318902.593, 101
Trd, 4318903.093, 84
Trd, 4318905.743, 97
Trd, 4318907.993, 100
Trd, 4318909.243, 106
Trd, 4318909.443, 105
Trd, 4318911.293, 101
Trd, 4318911.643, 101
Trd, 4318913.043, 102
Trd, 4318913.343, 101
Trd, 4318914.793, 100
Trd, 4318917.993, 101
Trd, 4318918.193, 98
Trd, 4318918.293, 94
Trd, 4318919.343, 102
Trd, 4318921.043, 102
Trd, 4318924.093, 97
Trd, 4318924.693, 101
Trd, 4318926.943, 101
Trd, 4318927.593, 101
Trd, 4318931.193, 101
Trd, 4318933.093, 99
Trd, 4318934.643, 97
Trd, 4318934.693, 99
Trd, 4318935.493, 98
Trd, 4318936.743, 98
Trd, 4318937.993, 96
Trd, 4318938.193, 98
Trd, 4318941.343, 96
Trd, 4318943.093, 98
Trd, 4318944.493, 98
Trd, 4318948.043, 97
Trd, 4318948.193, 98
Trd, 4318950.093, 96
Trd, 4318951.693, 97
Trd, 4318952.593, 95
Trd, 4318953.843, 97
Trd, 4318960.093, 97
Trd, 4318960.593, 97
Trd, 4318961.043, 96
Trd, 4318961.443, 95
Trd, 4318961.493, 97
Trd, 4318964.143, 96
Trd, 4318964.643, 96
Trd, 4318967.043, 95
Trd, 4318968.143, 96
Trd, 4318969.393, 94
Trd, 4318971.793, 96
Trd, 4318972.893, 96
Trd, 4318973.993, 102
Trd, 4318974.343, 94
Trd, 4318975.493, 97
Trd, 4318978.893, 96
Trd, 4318980.243, 93
Trd, 4318980.593, 76
Trd, 4318984.143, 96
Trd, 4318985.443, 95
Trd, 4318988.743, 88
Trd, 4318990.593, 115
Trd, 4318990.943, 99
Trd, 4318991.093, 101
Trd, 4318991.243, 96
Trd, 4318993.343, 100
Trd, 4318994.143, 101
Trd, 4318994.343, 99
Trd, 4318994.743, 97
Trd, 4318998.593, 112
Trd, 4318999.293, 103
Trd, 4319001.343, 95
Trd, 4319002.443, 101
Trd, 4319003.143, 102
Trd, 4319005.243, 113
Trd, 4319005.593, 121
Trd, 4319006.443, 113
Trd, 4319007.493, 107
Trd, 4319008.293, 110
Trd, 4319008.643, 106
Trd, 4319012.043, 103
Trd, 4319014.893, 106
Trd, 4319015.993, 105
Trd, 4319018.543, 108
Trd, 4319020.243, 108
Trd, 4319021.743, 107
Trd, 4319022.093, 106
Trd, 4319022.493, 103
Trd, 4319023.093, 105
Trd, 4319024.693, 97
Trd, 4319026.043, 101
Trd, 4319027.543, 101
Trd, 4319030.293, 100
Trd, 4319031.843, 99
Trd, 4319032.643, 101
Trd, 4319033.143, 101
Trd, 4319033.443, 102
Trd, 4319035.293, 98
Trd, 4319035.693, 98
Trd, 4319036.993, 100
Trd, 4319037.493, 104
Trd, 4319038.893, 97
Trd, 4319041.393, 102
Trd, 4319044.993, 99
Trd, 4319046.043, 101
Trd, 4319046.543, 101
Trd, 4319046.743, 97
Trd, 4319047.443, 94
Trd, 4319048.043, 101
Trd, 4319051.843, 101
Trd, 4319055.093, 101
Trd, 4319055.793, 95
Trd, 4319057.193, 101
Trd, 4319059.993, 97
Trd, 4319060.543, 95
Trd, 4319063.243, 98
Trd, 4319066.093, 98
Trd, 4319067.093, 94
Trd, 4319072.543, 98
Trd, 4319072.743, 93
Trd, 4319074.643, 92
Trd, 4319076.793, 96
Trd, 4319078.943, 96
Trd, 4319081.943, 91
Trd, 4319082.243, 95
Trd, 4319083.543, 95
Trd, 4319087.493, 95
Trd, 4319087.543, 94
Trd, 4319091.343, 94
Trd, 4319091.993, 95
Trd, 4319093.543, 95
Trd, 4319095.893, 95
Trd, 4319096.543, 94
Trd, 4319097.193, 95
Trd, 4319101.193, 95
Trd, 4319101.593, 94
Trd, 4319105.443, 95
Trd, 4319105.943, 98
Trd, 4319106.543, 96
Trd, 4319107.943, 96
Trd, 4319108.843, 102
Trd, 4319109.293, 101
Trd, 4319111.493, 107
Trd, 4319112.193, 102
Trd, 4319113.043, 110
Trd, 4319113.593, 112
Trd, 4319115.793, 111
Trd, 4319116.043, 110
Trd, 4319116.093, 76
Trd, 4319119.843, 100
Trd, 4319121.093, 94
Trd, 4319121.243, 97
Trd, 4319122.393, 97
Trd, 4319123.893, 97
Trd, 4319126.343, 97
Trd, 4319126.843, 96
Trd, 4319128.593, 96
Trd, 4319129.943, 96
Trd, 4319130.893, 95
Trd, 4319132.143, 96
Trd, 4319135.393, 96
Trd, 4319136.243, 96
Trd, 4319137.543, 94
Trd, 4319140.693, 96
Trd, 4319142.393, 93
Trd, 4319144.043, 96
Trd, 4319146.943, 96
Trd, 4319147.543, 96
Trd, 4319149.543, 92
Trd, 4319150.893, 96
Trd, 4319151.943, 92
Trd, 4319152.243, 96
Trd, 4319154.143, 99
Trd, 4319154.943, 98
Trd, 4319156.693, 98
Trd, 4319157.593, 96
Trd, 4319157.893, 100
Trd, 4319158.543, 101
Trd, 4319159.043, 79
Trd, 4319159.593, 94
Trd, 4319160.993, 94
Trd, 4319162.343, 91
Trd, 4319162.543, 88
Trd, 4319163.143, 93
Trd, 4319163.293, 105
Trd, 4319165.093, 97
Trd, 4319167.343, 93
Trd, 4319170.243, 94
Trd, 4319170.643, 92
Trd, 4319171.193, 105
Trd, 4319171.543, 100
Trd, 4319171.893, 100
Trd, 4319173.393, 101
Trd, 4319175.393, 103
Trd, 4319176.343, 103
Trd, 4319180.093, 113
Trd, 4319180.243, 116
Trd, 4319181.993, 99
Trd, 4319183.993, 110
Trd, 4319184.393, 110
Trd, 4319185.843, 105
Trd, 4319186.043, 94
Trd, 4319188.793, 104
Trd, 4319189.493, 104
Trd, 4319190.793, 102
Trd, 4319191.293, 122
Trd, 4319193.093, 108
Trd, 4319194.893, 107
Trd, 4319195.393, 106
Trd, 4319196.293, 101
Trd, 4319197.343, 105
Trd, 4319198.043, 104
Trd, 4319199.093, 94
Trd, 4319199.443, 103
Trd, 4319199.743, 99
Trd, 4319203.143, 97
Trd, 4319203.743, 97
Trd, 4319205.793, 98
Trd, 4319208.393, 97
Trd, 4319209.743, 98
Trd, 4319213.893, 96
Trd, 4319213.943, 98
Trd, 4319214.993, 96
Trd, 4319215.393, 98
Trd, 4319216.043, 98
Trd, 4319217.993, 95
Trd, 4319220.643, 98
Trd, 4319221.393, 98
Trd, 4319225.193, 97
Trd, 4319227.843, 95
Trd, 4319229.543, 97
Trd, 4319230.493, 97
Trd, 4319232.043, 94
Trd, 4319233.843, 96
Trd, 4319234.543, 96
Trd, 4319237.893, 93
Trd, 4319238.543, 96
Trd, 4319240.093, 96
Trd, 4319243.843, 96
Trd, 4319244.493, 92
Trd, 4319247.343, 91
Trd, 4319247.493, 96
Trd, 4319250.443, 95
Trd, 4319251.693, 95
Trd, 4319252.243, 95
Trd, 4319254.843, 90
Trd, 4319258.543, 94
Trd, 4319259.843, 94
Trd, 4319260.993, 90
Trd, 4319261.893, 94
Trd, 4319262.393, 90
Trd, 4319267.093, 90
Trd, 4319267.843, 94
Trd, 4319270.993, 92
Trd, 4319271.593, 89
Trd, 4319272.543, 92
Trd, 4319274.693, 92
Trd, 4319275.543, 95
Trd, 4319278.093, 91
Trd, 4319279.943, 88
Trd, 4319282.293, 88
Trd, 4319282.593, 91
Trd, 4319285.593, 90
Trd, 4319286.993, 90
Trd, 4319289.493, 90
Trd, 4319291.243, 90
Trd, 4319292.943, 88
Trd, 4319294.493, 88
Trd, 4319296.193, 90
Trd, 4319297.293, 90
Trd, 4319299.143, 90
Trd, 4319299.243, 90
Trd, 4319300.593, 90
Trd, 4319301.543, 88
Trd, 4319302.293, 87
Trd, 4319304.543, 90
Trd, 4319310.643, 90
Trd, 4319313.043, 90
Trd, 4319314.143, 87
Trd, 4319314.793, 90
Trd, 4319314.843, 90
Trd, 4319316.193, 86
Trd, 4319318.243, 86
Trd, 4319319.343, 90
Trd, 4319322.543, 89
Trd, 4319323.643, 89
Trd, 4319326.293, 86
Trd, 4319326.943, 89
Trd, 4319331.293, 89
Trd, 4319331.643, 87
Trd, 4319332.343, 89
Trd, 4319338.343, 89
Trd, 4319338.393, 89
Trd, 4319340.543, 87
Trd, 4319342.543, 89
Trd, 4319345.693, 87
Trd, 4319346.393, 89
Trd, 4319348.743, 86
Trd, 4319349.043, 87
Trd, 4319349.143, 86
Trd, 4319349.443, 89
Trd, 4319353.993, 88
Trd, 4319355.143, 86
Trd, 4319356.543, 88
Trd, 4319362.493, 88
Trd, 4319362.593, 88
Trd, 4319363.743, 88
Trd, 4319364.143, 85
Trd, 4319367.893, 101
Trd, 4319368.593, 101
Trd, 4319368.893, 97
Trd, 4319369.543, 113
Trd, 4319371.893, 97
Trd, 4319372.093, 94
Trd, 4319372.643, 100
Trd, 4319374.743, 107
Trd, 4319375.943, 103
Trd, 4319378.443, 114
Trd, 4319378.843, 113
Trd, 4319378.893, 109
Trd, 4319381.093, 109
Trd, 4319381.843, 102
Trd, 4319383.143, 98
Trd, 4319383.193, 108
Trd, 4319385.243, 104
Trd, 4319385.943, 98
Trd, 4319386.943, 94
Trd, 4319388.093, 99
Trd, 4319388.393, 98
Trd, 4319390.293, 99
Trd, 4319390.343, 94
Trd, 4319394.793, 99
Trd, 4319395.693, 99
Trd, 4319398.393, 99
Trd, 4319399.143, 96
Trd, 4319400.193, 98
Trd, 4319400.693, 95
Trd, 4319402.293, 98
Trd, 4319404.443, 94
Trd, 4319405.343, 97
Trd, 4319409.743, 97
Trd, 4319410.093, 97
Trd, 4319411.493, 93
Trd, 4319414.093, 96
Trd, 4319415.843, 92
Trd, 4319417.493, 95
Trd, 4319418.793, 95
Trd, 4319420.293, 95
Trd, 4319420.493, 91
Trd, 4319425.393, 94
Trd, 4319427.443, 90
Trd, 4319429.743, 94
Trd, 4319429.893, 94
Trd, 4319433.293, 89
Trd, 4319434.343, 94
Trd, 4319434.943, 94
Trd, 4319436.893, 91
Trd, 4319438.543, 94
Trd, 4319439.443, 94
Trd, 4319441.143, 91
Trd, 4319442.193, 94
Trd, 4319444.593, 94
Trd, 4319447.643, 94
Trd, 4319447.893, 91
Trd, 4319448.743, 94
Trd, 4319453.543, 94
Trd, 4319454.393, 91
Trd, 4319456.393, 93
Trd, 4319456.643, 91
Trd, 4319459.943, 93
Trd, 4319460.743, 93
Trd, 4319463.593, 91
Trd, 4319465.393, 93
Trd, 4319467.793, 90
Trd, 4319471.143, 93
Trd, 4319472.693, 93
Trd, 4319474.643, 93
Trd, 4319474.793, 90
Trd, 4319475.943, 93
Trd, 4319476.493, 89
Trd, 4319478.243, 103
Trd, 4319481.493, 88
Trd, 4319484.093, 95
Trd, 4319486.493, 93
Trd, 4319488.993, 87
Trd, 4319490.043, 93
Trd, 4319491.393, 93
Trd, 4319494.343, 93
Trd, 4319495.743, 86
Trd, 4319499.593, 89
Trd, 4319499.743, 90
Trd, 4319501.193, 85
Trd, 4319503.093, 90
Trd, 4319503.343, 85
Trd, 4319505.393, 90
Trd, 4319508.343, 90
Trd, 4319514.893, 89
Trd, 4319516.693, 85
Trd, 4319517.693, 88
Trd, 4319520.393, 88
Trd, 4319521.693, 88
Trd, 4319522.343, 84
Trd, 4319525.793, 83
Trd, 4319527.193, 88
Trd, 4319530.093, 88
Trd, 4319532.993, 83
Trd, 4319533.143, 83
Trd, 4319535.993, 88
Trd, 4319538.443, 87
Trd, 4319538.643, 87
Trd, 4319541.043, 82
Trd, 4319541.593, 86
Trd, 4319543.243, 98
Trd, 4319543.543, 82
Trd, 4319545.693, 89
Trd, 4319546.443, 92
Trd, 4319546.793, 90
Trd, 4319548.093, 91
Trd, 4319549.143, 111
Trd, 4319550.193, 99
Trd, 4319551.443, 99
Trd, 4319552.043, 106
Trd, 4319552.843, 106
Trd, 4319553.343, 106
Trd, 4319556.143, 122
Trd, 4319557.243, 113
Trd, 4319559.743, 113
Trd, 4319561.343, 113
Trd, 4319565.193, 111
Trd, 4319565.593, 110
Trd, 4319568.093, 103
Trd, 4319568.793, 109
Trd, 4319571.793, 110
Trd, 4319573.893, 107
Trd, 4319575.143, 110
Trd, 4319575.993, 106
Trd, 4319579.643, 109
Trd, 4319580.143, 106
Trd, 4319582.043, 121
Trd, 4319582.443, 120
Trd, 4319584.293, 110
Trd, 4319584.443, 94
Trd, 4319585.493, 111
Trd, 4319587.593, 109
Trd, 4319587.743, 111
Trd, 4319590.993, 103
Trd, 4319592.043, 106
Trd, 4319592.993, 109
Trd, 4319593.143, 109
Trd, 4319595.443, 108
Trd, 4319596.493, 107
Trd, 4319596.743, 106
Trd, 4319598.093, 108
Trd, 4319598.493, 112
Trd, 4319601.343, 100
Trd, 4319602.543, 100
Trd, 4319602.993, 100
Trd, 4319603.093, 102
Trd, 4319603.393, 76
Trd, 4319604.393, 120
Trd, 4319606.493, 105
Trd, 4319606.543, 94
Trd, 4319608.993, 101
Trd, 4319610.343, 104
Trd, 4319611.593, 101
Trd, 4319613.243, 104
Trd, 4319613.393, 101
Trd, 4319614.943, 103
Trd, 4319617.143, 100
Trd, 4319618.943, 100
Trd, 4319619.293, 102
Trd, 4319620.243, 99
Trd, 4319620.793, 102
Trd, 4319625.443, 102
Trd, 4319625.643, 99
Trd, 4319627.193, 98
Trd, 4319628.243, 101
Trd, 4319631.193, 100
Trd, 4319632.343, 98
Trd, 4319635.543, 100
Trd, 4319635.993, 98
Trd, 4319637.343, 97
Trd, 4319638.593, 100
Trd, 4319638.943, 100
Trd, 4319640.293, 97
Trd, 4319643.093, 100
Trd, 4319648.843, 97
Trd, 4319649.093, 99
Trd, 4319649.543, 99
Trd, 4319650.393, 96
Trd, 4319650.543, 100
Trd, 4319652.943, 99
Trd, 4319656.243, 98
Trd, 4319658.543, 95
Trd, 4319658.743, 95
Trd, 4319658.843, 94
Trd, 4319661.243, 95
Trd, 4319661.693, 94
Trd, 4319661.743, 95
Trd, 4319663.843, 103
Trd, 4319663.893, 107
Trd, 4319665.693, 101
Trd, 4319666.343, 101
Trd, 4319667.293, 101
Trd, 4319667.443, 122
Trd, 4319668.793, 94
Trd, 4319670.793, 102
Trd, 4319671.943, 102
Trd, 4319672.043, 98
Trd, 4319676.643, 102
Trd, 4319678.293, 99
Trd, 4319679.793, 98
Trd, 4319679.843, 102
Trd, 4319682.393, 101
Trd, 4319683.593, 98
Trd, 4319683.893, 96
Trd, 4319687.293, 97
Trd, 4319687.393, 101
Trd, 4319690.493, 96
Trd, 4319690.793, 100
Trd, 4319693.943, 95
Trd, 4319694.743, 96
Trd, 4319696.043, 97
Trd, 4319698.343, 96
Trd, 4319700.693, 96
Trd, 4319700.743, 94
Trd, 4319703.943, 96
Trd, 4319705.643, 94
Trd, 4319706.343, 96
Trd, 4319708.793, 94
Trd, 4319710.843, 96
Trd, 4319712.243, 96
Trd, 4319713.093, 94
Trd, 4319716.593, 96
Trd, 4319717.543, 96
Trd, 4319717.593, 94
Trd, 4319722.293, 95
Trd, 4319722.693, 94
Trd, 4319723.793, 93
Trd, 4319727.243, 95
Trd, 4319728.943, 91
Trd, 4319729.343, 115
Trd, 4319734.193, 98
Trd, 4319734.843, 98
Trd, 4319736.193, 98
Trd, 4319737.143, 91
Trd, 4319742.293, 95
Trd, 4319743.093, 93
Trd, 4319746.193, 95
Trd, 4319748.093, 93
Trd, 4319750.843, 95
Trd, 4319751.093, 95
Trd, 4319753.493, 94
Trd, 4319754.793, 93
Trd, 4319758.443, 94
Trd, 4319759.443, 93
Trd, 4319759.693, 93
Trd, 4319761.393, 81
Trd, 4319762.143, 111
Trd, 4319763.093, 103
Trd, 4319764.643, 109
Trd, 4319765.293, 106
Trd, 4319766.193, 107
Trd, 4319767.093, 104
Trd, 4319768.693, 108
Trd, 4319768.843, 105
Trd, 4319770.043, 103
Trd, 4319771.843, 94
Trd, 4319773.293, 102
Trd, 4319775.893, 102
Trd, 4319776.043, 101
Trd, 4319778.743, 102
Trd, 4319779.393, 102
Trd, 4319780.143, 99
Trd, 4319781.343, 99
Trd, 4319781.443, 102
Trd, 4319785.093, 93
Trd, 4319785.843, 99
Trd, 4319788.593, 101
Trd, 4319791.443, 99
Trd, 4319792.543, 99
Trd, 4319792.893, 101
Trd, 4319793.743, 100
Trd, 4319793.943, 99
Trd, 4319800.643, 100
Trd, 4319800.793, 98
Trd, 4319803.793, 99
Trd, 4319804.743, 100
Trd, 4319804.893, 100
Trd, 4319806.943, 97
Trd, 4319807.743, 96
Trd, 4319809.543, 100
Trd, 4319812.693, 99
Trd, 4319812.943, 99
Trd, 4319813.793, 100
Trd, 4319815.243, 98
Trd, 4319816.693, 96
Trd, 4319816.843, 99
Trd, 4319818.143, 113
Trd, 4319820.793, 104
Trd, 4319821.493, 105
Trd, 4319821.743, 104
Trd, 4319822.393, 103
Trd, 4319823.543, 102
Trd, 4319824.043, 117
Trd, 4319824.593, 106
Trd, 4319824.793, 94
Trd, 4319825.643, 106
Trd, 4319827.693, 93
Trd, 4319831.443, 104
Trd, 4319831.893, 104
Trd, 4319832.043, 103
Trd, 4319833.493, 103
Trd, 4319836.393, 103
Trd, 4319837.043, 105
Trd, 4319837.243, 97
Trd, 4319838.993, 105
Trd, 4319839.793, 105
Trd, 4319840.693, 100
Trd, 4319840.743, 100
Trd, 4319843.193, 100
Trd, 4319844.493, 105
Trd, 4319846.993, 99
Trd, 4319849.393, 101
Trd, 4319849.843, 102
Trd, 4319851.243, 99
Trd, 4319855.193, 98
Trd, 4319855.943, 101
Trd, 4319859.043, 98
Trd, 4319860.793, 98
Trd, 4319860.943, 97
Trd, 4319861.443, 98
Trd, 4319864.943, 97
Trd, 4319866.343, 98
Trd, 4319870.743, 98
Trd, 4319872.193, 96
Trd, 4319872.593, 98
Trd, 4319875.443, 95
Trd, 4319875.843, 96
Trd, 4319878.843, 94
Trd, 4319879.293, 96
Trd, 4319880.093, 96
Trd, 4319881.093, 96
Trd, 4319883.343, 93
Trd, 4319884.193, 96
Trd, 4319888.143, 96
Trd, 4319889.443, 96
Trd, 4319891.243, 92
Trd, 4319891.743, 96
Trd, 4319894.393, 92
Trd, 4319894.993, 95
Trd, 4319897.443, 95
Trd, 4319899.143, 94
Trd, 4319902.193, 92
Trd, 4319902.893, 95
Trd, 4319906.743, 92
Trd, 4319909.393, 93
Trd, 4319909.693, 93
Trd, 4319910.743, 93
Trd, 4319912.793, 91
Trd, 4319915.793, 93
Trd, 4319916.393, 90
Trd, 4319919.293, 93
Trd, 4319921.093, 89
Trd, 4319922.793, 93
Trd, 4319924.293, 88
Trd, 4319925.143, 93
Trd, 4319926.543, 94
Trd, 4319928.243, 93
Trd, 4319931.643, 91
Trd, 4319934.093, 88
Trd, 4319935.693, 91
Trd, 4319936.793, 91
Trd, 4319939.493, 87
Trd, 4319939.993, 91
Trd, 4319941.343, 91
Trd, 4319943.543, 86
Trd, 4319945.293, 88
Trd, 4319946.493, 85
Trd, 4319947.343, 88
Trd, 4319952.743, 87
Trd, 4319953.793, 87
Trd, 4319956.843, 87
Trd, 4319958.443, 84
Trd, 4319961.443, 84
Trd, 4319962.293, 87
Trd, 4319964.843, 87
Trd, 4319968.393, 84
Trd, 4319968.543, 87
Trd, 4319968.943, 97
Trd, 4319970.393, 88
Trd, 4319973.793, 84
Trd, 4319975.343, 88
Trd, 4319977.743, 87
Trd, 4319978.793, 83
Trd, 4319982.543, 87
Trd, 4319983.693, 87
Trd, 4319985.043, 85
Trd, 4319987.843, 84
Trd, 4319988.893, 87
Trd, 4319989.393, 87
Trd, 4319994.343, 87
Trd, 4319995.443, 84
Trd, 4319996.493, 87
Trd, 4319997.793, 87
Trd, 4319998.643, 83
