Trd, 4317861.843, 102
Trd, 4317862.443, 101
Trd, 4317862.843, 100
Trd, 4317864.343, 103
Trd, 4317865.693, 98
Trd, 4317867.543, 103
Trd, 4317868.943, 106
Trd, 4317870.143, 110
Trd, 4317870.493, 113
Trd, 4317870.543, 111
Trd, 4317872.443, 111
Trd, 4317873.793, 110
Trd, 4317875.843, 98
Trd, 4317876.843, 94
Trd, 4317877.043, 98
Trd, 4317877.443, 99
Trd, 4317877.893, 85
Trd, 4317880.043, 110
Trd, 4317880.793, 113
Trd, 4317882.593, 103
Trd, 4317884.743, 103
Trd, 4317885.093, 103
Trd, 4317886.593, 103
Trd, 4317887.143, 85
Trd, 4317888.193, 89
Trd, 4317888.693, 91
Trd, 4317890.093, 98
Trd, 4317892.343, 98
Trd, 4317892.443, 107
Trd, 4317893.693, 96
Trd, 4317895.393, 95
Trd, 4317897.093, 95
Trd, 4317898.493, 96
Trd, 4317899.993, 106
Trd, 4317900.593, 95
Trd, 4317900.893, 95
Trd, 4317901.443, 96
Trd, 4317903.593, 95
Trd, 4317905.993, 95
Trd, 4317906.393, 95
Trd, 4317907.393, 94
Trd, 4317907.443, 94
Trd, 4317911.943, 95
Trd, 4317912.343, 94
Trd, 4317912.543, 96
Trd, 4317913.093, 107
Trd, 4317915.743, 104
Trd, 4317916.243, 111
Trd, 4317916.793, 103
Trd, 4317917.643, 103
Trd, 4317919.893, 104
Trd, 4317920.043, 102
Trd, 4317920.143, 101
Trd, 4317922.093, 103
Trd, 4317923.143, 100
Trd, 4317923.893, 101
Trd, 4317925.743, 94
Trd, 4317926.343, 84
Trd, 4317927.443, 95
Trd, 4317929.443, 95
Trd, 4317930.743, 96
Trd, 4317931.643, 98
Trd, 4317932.543, 98
Trd, 4317932.993, 111
Trd, 4317935.543, 103
Trd, 4317936.993, 103
Trd, 4317938.043, 100
Trd, 4317938.943, 99
Trd, 4317940.443, 98
Trd, 4317941.443, 90
Trd, 4317943.493, 95
Trd, 4317943.793, 95
Trd, 4317945.543, 95
Trd, 4317947.293, 94
Trd, 4317950.643, 95
Trd, 4317950.893, 95
Trd, 4317952.493, 94
Trd, 4317953.593, 95
Trd, 4317953.893, 94
Trd, 4317955.543, 95
Trd, 4317955.943, 95
Trd, 4317956.143, 94
Trd, 4317958.443, 94
Trd, 4317960.693, 94
Trd, 4317961.443, 93
Trd, 4317961.693, 95
Trd, 4317963.393, 94
Trd, 4317964.043, 94
Trd, 4317969.643, 93
Trd, 4317971.593, 94
Trd, 4317971.693, 94
Trd, 4317972.293, 93
Trd, 4317974.143, 93
Trd, 4317974.643, 92
Trd, 4317974.743, 92
Trd, 4317975.193, 93
Trd, 4317976.643, 106
Trd, 4317978.493, 111
Trd, 4317980.443, 104
Trd, 4317981.243, 99
Trd, 4317981.443, 101
Trd, 4317982.543, 99
Trd, 4317984.693, 95
Trd, 4317985.593, 96
Trd, 4317988.793, 96
Trd, 4317989.643, 96
Trd, 4317990.643, 96
Trd, 4317991.743, 96
Trd, 4317994.843, 75
Trd, 4317995.793, 83
Trd, 4317995.893, 86
Trd, 4317996.393, 95
Trd, 4317998.143, 103
Trd, 4317998.543, 101
Trd, 4318001.093, 100
Trd, 4318001.893, 98
Trd, 4318002.493, 81
Trd, 4318002.593, 101
Trd, 4318004.393, 102
Trd, 4318005.593, 89
Trd, 4318006.743, 92
Trd, 4318007.043, 91
Trd, 4318007.193, 104
Trd, 4318009.143, 103
Trd, 4318009.393, 100
Trd, 4318010.243, 93
Trd, 4318013.393, 101
Trd, 4318014.143, 100
Trd, 4318015.643, 99
Trd, 4318016.793, 101
Trd, 4318017.093, 112
Trd, 4318017.793, 103
Trd, 4318017.993, 94
Trd, 4318021.693, 99
Trd, 4318021.943, 97
Trd, 4318023.143, 99
Trd, 4318023.943, 99
Trd, 4318026.093, 96
Trd, 4318026.593, 99
Trd, 4318028.393, 105
Trd, 4318029.593, 95
Trd, 4318030.943, 100
Trd, 4318032.743, 100
Trd, 4318033.443, 102
Trd, 4318036.293, 95
Trd, 4318037.343, 101
Trd, 4318041.293, 94
Trd, 4318041.793, 100
Trd, 4318042.943, 98
Trd, 4318044.693, 99
Trd, 4318045.143, 116
Trd, 4318045.843, 93
Trd, 4318046.993, 101
Trd, 4318047.693, 100
Trd, 4318049.393, 100
Trd, 4318049.893, 99
Trd, 4318050.443, 112
Trd, 4318052.243, 101
Trd, 4318053.593, 98
Trd, 4318055.043, 100
Trd, 4318056.143, 99
Trd, 4318058.893, 99
Trd, 4318060.193, 99
Trd, 4318060.543, 97
Trd, 4318061.293, 104
Trd, 4318062.093, 104
Trd, 4318063.493, 101
Trd, 4318064.893, 94
Trd, 4318065.093, 83
Trd, 4318065.393, 91
Trd, 4318065.743, 95
Trd, 4318066.343, 113
Trd, 4318069.043, 97
Trd, 4318070.843, 103
Trd, 4318071.193, 98
Trd, 4318071.743, 102
Trd, 4318072.393, 104
Trd, 4318075.293, 91
Trd, 4318075.393, 99
Trd, 4318077.093, 68
Trd, 4318077.143, 87
Trd, 4318077.493, 90
Trd, 4318078.843, 109
Trd, 4318079.343, 113
Trd, 4318079.443, 84
Trd, 4318081.593, 104
Trd, 4318082.843, 100
Trd, 4318085.993, 96
Trd, 4318087.193, 98
Trd, 4318088.543, 98
Trd, 4318088.693, 96
Trd, 4318090.243, 94
Trd, 4318090.343, 98
Trd, 4318092.393, 102
Trd, 4318093.943, 105
Trd, 4318094.293, 102
Trd, 4318094.543, 109
Trd, 4318096.443, 102
Trd, 4318097.193, 103
Trd, 4318097.943, 104
Trd, 4318098.493, 104
Trd, 4318099.993, 104
Trd, 4318101.093, 93
Trd, 4318103.643, 101
Trd, 4318105.593, 100
Trd, 4318106.593, 100
Trd, 4318107.243, 100
Trd, 4318109.443, 97
Trd, 4318109.993, 92
Trd, 4318110.943, 95
Trd, 4318111.193, 96
Trd, 4318113.043, 91
Trd, 4318114.993, 94
Trd, 4318115.943, 94
Trd, 4318116.243, 92
Trd, 4318117.743, 95
Trd, 4318118.993, 94
Trd, 4318119.593, 90
Trd, 4318119.693, 104
Trd, 4318121.043, 95
Trd, 4318124.843, 94
Trd, 4318124.893, 95
Trd, 4318126.543, 91
Trd, 4318127.393, 95
Trd, 4318128.393, 95
Trd, 4318130.293, 91
Trd, 4318132.893, 95
Trd, 4318134.043, 95
Trd, 4318135.993, 95
Trd, 4318136.043, 90
Trd, 4318138.693, 95
Trd, 4318140.643, 95
Trd, 4318141.343, 89
Trd, 4318141.793, 95
Trd, 4318144.543, 95
Trd, 4318145.243, 94
Trd, 4318145.393, 96
Trd, 4318148.543, 88
Trd, 4318153.243, 94
Trd, 4318155.043, 87
Trd, 4318155.643, 93
Trd, 4318158.093, 86
Trd, 4318158.993, 93
Trd, 4318162.093, 92
Trd, 4318162.493, 89
Trd, 4318167.043, 91
Trd, 4318167.093, 90
Trd, 4318168.043, 89
Trd, 4318168.743, 88
Trd, 4318170.593, 89
Trd, 4318171.693, 89
Trd, 4318173.993, 89
Trd, 4318175.043, 88
Trd, 4318175.993, 90
Trd, 4318178.993, 95
Trd, 4318180.843, 90
Trd, 4318183.293, 89
Trd, 4318183.593, 87
Trd, 4318184.643, 89
Trd, 4318186.693, 89
Trd, 4318186.893, 86
Trd, 4318187.643, 95
Trd, 4318191.593, 90
Trd, 4318193.593, 85
Trd, 4318193.893, 90
Trd, 4318196.093, 90
Trd, 4318197.743, 90
Trd, 4318199.293, 84
Trd, 4318200.993, 90
Trd, 4318202.593, 90
Trd, 4318202.993, 83
Trd, 4318203.043, 110
Trd, 4318207.593, 93
Trd, 4318207.643, 82
Trd, 4318209.893, 92
Trd, 4318211.493, 90
Trd, 4318211.643, 82
Trd, 4318212.443, 95
Trd, 4318215.093, 91
Trd, 4318217.793, 89
Trd, 4318221.193, 87
Trd, 4318221.643, 85
Trd, 4318222.143, 89
Trd, 4318224.943, 89
Trd, 4318225.143, 89
Trd, 4318229.293, 89
Trd, 4318230.343, 85
Trd, 4318230.443, 89
Trd, 4318231.643, 108
Trd, 4318231.693, 104
Trd, 4318234.793, 100
Trd, 4318235.393, 99
Trd, 4318235.743, 104
Trd, 4318236.743, 99
Trd, 4318240.093, 98
Trd, 4318240.593, 99
Trd, 4318241.643, 111
Trd, 4318242.343, 100
Trd, 4318244.043, 99
Trd, 4318244.293, 99
Trd, 4318246.643, 108
Trd, 4318246.793, 112
Trd, 4318247.193, 104
Trd, 4318247.843, 103
Trd, 4318251.293, 94
Trd, 4318251.393, 95
Trd, 4318251.493, 97
Trd, 4318251.743, 98
Trd, 4318253.943, 100
Trd, 4318254.093, 99
Trd, 4318257.143, 98
Trd, 4318258.693, 98
Trd, 4318260.443, 98
Trd, 4318260.493, 97
Trd, 4318263.193, 97
Trd, 4318264.293, 97
Trd, 4318265.193, 94
Trd, 4318265.393, 97
Trd, 4318266.043, 102
Trd, 4318267.343, 97
Trd, 4318268.993, 96
Trd, 4318269.093, 97
Trd, 4318269.443, 98
Trd, 4318270.093, 94
Trd, 4318271.793, 98
Trd, 4318275.743, 97
Trd, 4318276.943, 94
Trd, 4318277.193, 97
Trd, 4318280.393, 94
Trd, 4318280.843, 95
Trd, 4318281.543, 93
Trd, 4318281.843, 94
Trd, 4318283.943, 95
Trd, 4318284.243, 105
Trd, 4318286.543, 101
Trd, 4318287.393, 97
Trd, 4318288.543, 96
Trd, 4318288.743, 97
Trd, 4318289.093, 99
Trd, 4318289.543, 94
Trd, 4318294.393, 96
Trd, 4318294.543, 98
Trd, 4318294.793, 94
Trd, 4318295.643, 96
Trd, 4318299.093, 96
Trd, 4318301.793, 95
Trd, 4318302.493, 93
Trd, 4318302.593, 95
Trd, 4318305.743, 94
Trd, 4318306.193, 94
Trd, 4318307.443, 92
Trd, 4318308.943, 94
Trd, 4318309.643, 94
Trd, 4318312.093, 91
Trd, 4318312.143, 94
Trd, 4318315.043, 94
Trd, 4318315.093, 95
Trd, 4318316.393, 104
Trd, 4318318.243, 95
Trd, 4318320.793, 90
Trd, 4318321.743, 95
Trd, 4318321.993, 95
Trd, 4318322.693, 88
Trd, 4318323.993, 89
Trd, 4318324.593, 94
Trd, 4318326.193, 94
Trd, 4318329.293, 88
Trd, 4318332.843, 92
Trd, 4318332.993, 93
Trd, 4318335.293, 91
Trd, 4318335.343, 92
Trd, 4318337.943, 87
Trd, 4318338.293, 92
Trd, 4318339.993, 96
Trd, 4318340.243, 104
Trd, 4318341.893, 87
Trd, 4318342.543, 96
Trd, 4318342.893, 72
Trd, 4318345.343, 88
Trd, 4318345.943, 99
Trd, 4318346.943, 104
Trd, 4318347.493, 103
Trd, 4318349.593, 101
Trd, 4318350.043, 111
Trd, 4318351.143, 108
Trd, 4318353.493, 105
Trd, 4318353.893, 104
Trd, 4318356.743, 103
Trd, 4318357.393, 102
Trd, 4318358.343, 101
Trd, 4318359.243, 100
Trd, 4318359.543, 94
Trd, 4318359.993, 100
Trd, 4318360.193, 105
Trd, 4318366.293, 97
Trd, 4318367.393, 94
Trd, 4318367.443, 98
Trd, 4318369.293, 98
Trd, 4318369.443, 98
Trd, 4318370.143, 99
Trd, 4318371.893, 95
Trd, 4318372.093, 93
Trd, 4318372.393, 96
Trd, 4318374.293, 95
Trd, 4318374.393, 96
Trd, 4318378.193, 95
Trd, 4318378.393, 95
Trd, 4318379.643, 92
Trd, 4318381.543, 95
Trd, 4318383.943, 92
Trd, 4318384.693, 94
Trd, 4318385.993, 93
Trd, 4318386.543, 93
Trd, 4318387.243, 91
Trd, 4318389.143, 92
Trd, 4318389.243, 91
Trd, 4318390.193, 106
Trd, 4318390.893, 107
Trd, 4318390.943, 98
Trd, 4318391.393, 92
Trd, 4318395.293, 97
Trd, 4318396.043, 94
Trd, 4318397.893, 92
Trd, 4318398.843, 93
Trd, 4318399.843, 95
Trd, 4318402.693, 94
Trd, 4318403.193, 91
Trd, 4318405.093, 109
Trd, 4318405.593, 108
Trd, 4318406.093, 97
Trd, 4318407.693, 101
Trd, 4318408.643, 98
Trd, 4318410.593, 110
Trd, 4318412.143, 99
Trd, 4318412.593, 94
Trd, 4318412.643, 100
Trd, 4318415.543, 97
Trd, 4318416.943, 99
Trd, 4318418.093, 95
Trd, 4318419.443, 98
Trd, 4318420.793, 99
Trd, 4318421.193, 107
Trd, 4318422.843, 93
Trd, 4318422.993, 100
Trd, 4318424.293, 100
Trd, 4318425.143, 92
Trd, 4318426.943, 99
Trd, 4318428.443, 98
Trd, 4318431.143, 96
Trd, 4318433.793, 95
Trd, 4318434.393, 92
Trd, 4318437.893, 94
Trd, 4318438.043, 95
Trd, 4318438.693, 92
Trd, 4318440.343, 95
Trd, 4318440.893, 112
Trd, 4318445.343, 95
Trd, 4318446.243, 92
Trd, 4318449.343, 94
Trd, 4318449.493, 94
Trd, 4318450.893, 93
Trd, 4318451.343, 94
Trd, 4318451.693, 91
Trd, 4318453.793, 93
Trd, 4318455.593, 93
Trd, 4318455.643, 90
Trd, 4318456.293, 93
Trd, 4318460.243, 93
Trd, 4318465.243, 93
Trd, 4318465.593, 93
Trd, 4318465.893, 90
Trd, 4318467.093, 89
Trd, 4318467.743, 95
Trd, 4318470.043, 94
Trd, 4318470.143, 93
Trd, 4318470.443, 92
Trd, 4318471.843, 92
Trd, 4318471.943, 95
Trd, 4318472.493, 89
Trd, 4318475.543, 93
Trd, 4318477.693, 92
Trd, 4318479.893, 88
Trd, 4318481.093, 92
Trd, 4318483.293, 88
Trd, 4318483.593, 92
Trd, 4318485.743, 92
Trd, 4318486.843, 106
Trd, 4318487.193, 115
Trd, 4318487.643, 102
Trd, 4318488.243, 102
Trd, 4318490.043, 102
Trd, 4318490.393, 100
Trd, 4318490.843, 94
Trd, 4318492.143, 105
Trd, 4318493.743, 100
Trd, 4318494.443, 101
Trd, 4318495.193, 102
Trd, 4318495.643, 95
Trd, 4318500.643, 95
Trd, 4318500.793, 96
Trd, 4318502.093, 95
Trd, 4318502.693, 96
Trd, 4318503.943, 94
Trd, 4318506.543, 96
Trd, 4318508.543, 95
Trd, 4318510.193, 93
Trd, 4318513.293, 94
Trd, 4318513.393, 95
Trd, 4318514.043, 92
Trd, 4318515.243, 94
Trd, 4318516.943, 94
Trd, 4318517.943, 96
Trd, 4318519.543, 95
Trd, 4318519.643, 104
Trd, 4318520.243, 105
Trd, 4318522.493, 98
Trd, 4318522.693, 94
Trd, 4318524.293, 96
Trd, 4318526.393, 95
Trd, 4318528.193, 94
Trd, 4318529.693, 85
Trd, 4318530.193, 95
Trd, 4318532.043, 95
Trd, 4318532.193, 91
Trd, 4318532.293, 95
Trd, 4318536.793, 93
Trd, 4318536.993, 93
Trd, 4318537.843, 90
Trd, 4318539.643, 93
Trd, 4318543.693, 93
Trd, 4318545.493, 90
Trd, 4318545.793, 93
Trd, 4318549.793, 89
Trd, 4318550.193, 93
Trd, 4318550.693, 93
Trd, 4318550.743, 105
Trd, 4318552.143, 95
Trd, 4318554.743, 95
Trd, 4318556.343, 94
Trd, 4318557.693, 95
Trd, 4318557.893, 95
Trd, 4318558.443, 110
Trd, 4318559.643, 93
Trd, 4318559.843, 104
Trd, 4318560.593, 113
Trd, 4318563.693, 97
Trd, 4318564.543, 94
Trd, 4318566.793, 97
Trd, 4318568.743, 94
Trd, 4318569.543, 96
Trd, 4318570.943, 93
Trd, 4318572.093, 94
Trd, 4318572.343, 95
Trd, 4318574.443, 95
Trd, 4318576.543, 94
Trd, 4318576.793, 93
Trd, 4318579.393, 95
Trd, 4318579.993, 92
Trd, 4318581.243, 95
Trd, 4318584.793, 92
Trd, 4318585.743, 94
Trd, 4318586.743, 93
Trd, 4318588.193, 93
Trd, 4318589.593, 91
Trd, 4318589.743, 94
Trd, 4318595.143, 93
Trd, 4318595.943, 93
Trd, 4318598.543, 93
Trd, 4318598.843, 90
Trd, 4318599.593, 113
Trd, 4318600.843, 103
Trd, 4318601.043, 89
Trd, 4318604.043, 102
Trd, 4318604.343, 103
Trd, 4318605.143, 98
Trd, 4318605.843, 97
Trd, 4318609.293, 96
Trd, 4318609.493, 95
Trd, 4318610.743, 96
Trd, 4318612.393, 112
Trd, 4318613.093, 94
Trd, 4318613.643, 113
Trd, 4318615.693, 103
Trd, 4318617.293, 92
Trd, 4318618.393, 96
Trd, 4318618.793, 95
Trd, 4318620.693, 93
Trd, 4318622.243, 91
Trd, 4318623.543, 104
Trd, 4318624.743, 95
Trd, 4318624.793, 96
Trd, 4318625.793, 90
Trd, 4318626.243, 95
Trd, 4318626.643, 95
Trd, 4318628.643, 95
Trd, 4318631.543, 94
Trd, 4318632.043, 89
Trd, 4318632.493, 94
Trd, 4318633.893, 95
Trd, 4318635.543, 106
Trd, 4318637.393, 98
Trd, 4318637.593, 98
Trd, 4318639.643, 99
Trd, 4318640.343, 94
Trd, 4318641.293, 95
Trd, 4318642.543, 98
Trd, 4318644.043, 97
Trd, 4318645.093, 98
Trd, 4318645.893, 105
Trd, 4318646.093, 113
Trd, 4318649.293, 104
Trd, 4318650.343, 109
Trd, 4318650.893, 104
Trd, 4318651.193, 102
Trd, 4318653.343, 102
Trd, 4318654.293, 101
Trd, 4318654.643, 100
Trd, 4318654.743, 101
Trd, 4318654.843, 93
Trd, 4318655.893, 101
Trd, 4318659.593, 101
Trd, 4318660.543, 101
Trd, 4318660.943, 97
Trd, 4318663.243, 97
Trd, 4318663.493, 98
Trd, 4318666.293, 94
Trd, 4318668.843, 95
Trd, 4318669.043, 94
Trd, 4318669.343, 96
Trd, 4318669.893, 92
Trd, 4318670.293, 96
Trd, 4318673.743, 96
Trd, 4318674.443, 96
Trd, 4318676.143, 96
Trd, 4318677.593, 96
Trd, 4318678.343, 96
Trd, 4318679.093, 92
Trd, 4318681.043, 95
Trd, 4318682.143, 93
Trd, 4318682.893, 95
Trd, 4318685.493, 96
Trd, 4318687.993, 92
Trd, 4318688.543, 95
Trd, 4318689.293, 108
Trd, 4318690.143, 102
Trd, 4318691.593, 102
Trd, 4318693.193, 91
Trd, 4318696.193, 101
Trd, 4318698.693, 98
Trd, 4318698.943, 99
Trd, 4318699.093, 93
Trd, 4318700.543, 100
Trd, 4318703.793, 98
Trd, 4318704.393, 97
Trd, 4318704.593, 98
Trd, 4318705.293, 97
Trd, 4318706.993, 98
Trd, 4318708.093, 97
Trd, 4318708.143, 95
Trd, 4318708.843, 96
Trd, 4318711.293, 101
Trd, 4318712.893, 98
Trd, 4318712.993, 97
Trd, 4318713.543, 98
Trd, 4318716.343, 97
Trd, 4318718.443, 97
Trd, 4318719.293, 96
Trd, 4318720.593, 97
Trd, 4318721.143, 97
Trd, 4318722.243, 98
Trd, 4318722.493, 95
Trd, 4318723.893, 93
Trd, 4318724.893, 95
Trd, 4318728.443, 94
Trd, 4318729.843, 94
Trd, 4318730.743, 93
Trd, 4318731.043, 95
Trd, 4318732.393, 92
Trd, 4318734.643, 94
Trd, 4318736.593, 94
Trd, 4318737.493, 94
Trd, 4318739.993, 92
Trd, 4318742.043, 94
Trd, 4318742.843, 93
Trd, 4318744.343, 93
Trd, 4318746.893, 93
Trd, 4318747.743, 92
Trd, 4318748.443, 93
Trd, 4318755.143, 90
Trd, 4318755.243, 93
Trd, 4318755.793, 93
Trd, 4318756.193, 94
Trd, 4318758.543, 93
Trd, 4318759.493, 94
Trd, 4318762.143, 91
Trd, 4318764.793, 93
Trd, 4318766.643, 95
Trd, 4318767.443, 95
Trd, 4318768.793, 90
Trd, 4318769.443, 94
Trd, 4318769.593, 94
Trd, 4318771.843, 94
Trd, 4318771.943, 95
Trd, 4318775.993, 94
Trd, 4318776.693, 90
Trd, 4318778.043, 89
Trd, 4318779.043, 94
Trd, 4318781.393, 92
Trd, 4318783.743, 90
Trd, 4318784.143, 88
Trd, 4318786.143, 90
Trd, 4318786.593, 95
Trd, 4318786.943, 106
Trd, 4318789.893, 95
Trd, 4318790.243, 87
Trd, 4318791.743, 95
Trd, 4318793.843, 95
Trd, 4318795.593, 94
Trd, 4318795.943, 94
Trd, 4318797.293, 112
Trd, 4318797.843, 90
Trd, 4318799.993, 97
Trd, 4318801.493, 94
Trd, 4318804.943, 94
Trd, 4318806.843, 94
Trd, 4318807.093, 89
Trd, 4318807.243, 94
Trd, 4318809.193, 94
Trd, 4318810.093, 91
Trd, 4318812.343, 94
Trd, 4318816.893, 94
Trd, 4318816.943, 94
Trd, 4318817.893, 95
Trd, 4318818.943, 94
Trd, 4318821.343, 91
Trd, 4318822.243, 95
Trd, 4318822.693, 91
Trd, 4318825.143, 92
Trd, 4318826.493, 90
Trd, 4318827.793, 91
Trd, 4318829.293, 91
Trd, 4318829.343, 95
Trd, 4318831.743, 90
Trd, 4318832.143, 93
Trd, 4318833.743, 92
Trd, 4318835.993, 92
Trd, 4318836.543, 92
Trd, 4318836.693, 91
Trd, 4318838.643, 90
Trd, 4318839.243, 91
Trd, 4318840.593, 105
Trd, 4318842.043, 95
Trd, 4318842.193, 94
Trd, 4318844.143, 99
Trd, 4318844.893, 103
Trd, 4318846.043, 98
Trd, 4318847.643, 94
Trd, 4318847.893, 95
Trd, 4318848.893, 97
Trd, 4318849.293, 85
Trd, 4318850.943, 100
Trd, 4318855.643, 95
Trd, 4318856.693, 95
Trd, 4318859.193, 92
Trd, 4318859.393, 95
Trd, 4318861.043, 95
Trd, 4318861.193, 96
Trd, 4318862.043, 113
Trd, 4318863.543, 91
Trd, 4318864.793, 96
Trd, 4318865.393, 96
Trd, 4318867.093, 90
Trd, 4318868.343, 92
Trd, 4318871.793, 89
Trd, 4318871.893, 93
Trd, 4318873.193, 93
Trd, 4318874.693, 93
Trd, 4318876.493, 93
Trd, 4318877.793, 95
Trd, 4318878.993, 88
Trd, 4318879.343, 95
Trd, 4318882.493, 87
Trd, 4318883.043, 93
Trd, 4318883.993, 93
Trd, 4318884.893, 86
Trd, 4318885.193, 93
Trd, 4318886.693, 95
Trd, 4318887.793, 94
Trd, 4318889.193, 102
Trd, 4318889.693, 100
Trd, 4318890.643, 97
Trd, 4318891.743, 94
Trd, 4318892.043, 106
Trd, 4318894.943, 100
Trd, 4318898.193, 96
Trd, 4318898.843, 99
Trd, 4318899.793, 99
Trd, 4318901.643, 96
Trd, 4318903.393, 97
Trd, 4318903.993, 95
Trd, 4318904.243, 104
Trd, 4318909.093, 96
Trd, 4318910.093, 96
Trd, 4318911.293, 95
Trd, 4318912.293, 96
Trd, 4318912.593, 96
Trd, 4318913.093, 94
Trd, 4318915.493, 94
Trd, 4318916.593, 95
Trd, 4318918.293, 95
Trd, 4318919.093, 95
Trd, 4318921.793, 95
Trd, 4318923.743, 95
Trd, 4318924.193, 93
Trd, 4318926.143, 94
Trd, 4318927.293, 92
Trd, 4318927.593, 95
Trd, 4318929.993, 94
Trd, 4318931.093, 91
Trd, 4318932.943, 94
Trd, 4318933.443, 94
Trd, 4318937.093, 94
Trd, 4318940.243, 94
Trd, 4318940.643, 94
Trd, 4318941.293, 90
Trd, 4318942.243, 94
Trd, 4318942.893, 89
Trd, 4318943.743, 104
Trd, 4318947.043, 99
Trd, 4318950.393, 91
Trd, 4318951.793, 94
Trd, 4318952.943, 90
Trd, 4318953.443, 95
Trd, 4318954.443, 95
Trd, 4318957.343, 89
Trd, 4318957.893, 95
Trd, 4318958.093, 95
Trd, 4318961.843, 94
Trd, 4318964.493, 94
Trd, 4318964.643, 88
Trd, 4318965.593, 94
Trd, 4318968.543, 94
Trd, 4318969.893, 94
Trd, 4318970.293, 87
Trd, 4318972.943, 87
Trd, 4318973.343, 95
Trd, 4318973.393, 95
Trd, 4318974.793, 104
Trd, 4318977.693, 96
Trd, 4318978.193, 95
Trd, 4318978.443, 96
Trd, 4318980.643, 96
Trd, 4318980.893, 96
Trd, 4318982.743, 96
Trd, 4318982.893, 94
Trd, 4318985.393, 95
Trd, 4318987.243, 93
Trd, 4318987.443, 95
Trd, 4318990.943, 95
Trd, 4318992.393, 95
Trd, 4318993.743, 94
Trd, 4318993.893, 95
Trd, 4318994.693, 85
Trd, 4318995.693, 95
Trd, 4318996.593, 95
Trd, 4319000.893, 90
Trd, 4319001.393, 95
Trd, 4319001.593, 95
Trd, 4319005.943, 89
Trd, 4319006.693, 92
Trd, 4319006.743, 95
Trd, 4319007.393, 94
Trd, 4319008.393, 94
Trd, 4319012.443, 94
Trd, 4319013.993, 88
Trd, 4319015.593, 107
Trd, 4319016.893, 87
Trd, 4319018.043, 92
Trd, 4319018.743, 93
Trd, 4319023.843, 87
Trd, 4319025.793, 91
Trd, 4319026.193, 90
Trd, 4319026.793, 89
Trd, 4319028.693, 86
Trd, 4319030.243, 89
Trd, 4319031.943, 89
Trd, 4319034.793, 86
Trd, 4319036.043, 88
Trd, 4319036.793, 88
Trd, 4319037.843, 87
Trd, 4319038.093, 88
Trd, 4319041.193, 86
Trd, 4319043.993, 87
Trd, 4319044.743, 85
Trd, 4319045.293, 86
Trd, 4319046.893, 86
Trd, 4319048.393, 87
Trd, 4319049.893, 94
Trd, 4319051.143, 93
Trd, 4319051.393, 93
Trd, 4319051.543, 103
Trd, 4319053.393, 95
Trd, 4319054.393, 92
Trd, 4319054.943, 74
Trd, 4319056.193, 84
Trd, 4319057.143, 95
Trd, 4319058.743, 113
Trd, 4319059.093, 108
Trd, 4319060.793, 94
Trd, 4319061.193, 95
Trd, 4319061.593, 93
Trd, 4319062.643, 96
Trd, 4319064.993, 96
Trd, 4319065.793, 92
Trd, 4319067.243, 95
Trd, 4319070.593, 95
Trd, 4319072.343, 95
Trd, 4319072.943, 95
Trd, 4319073.393, 93
Trd, 4319074.093, 96
Trd, 4319075.493, 95
Trd, 4319079.493, 93
Trd, 4319080.843, 95
Trd, 4319081.243, 95
Trd, 4319083.293, 93
Trd, 4319083.993, 94
Trd, 4319087.393, 94
Trd, 4319087.543, 93
Trd, 4319088.343, 95
Trd, 4319089.293, 111
Trd, 4319090.743, 104
Trd, 4319090.843, 93
Trd, 4319092.193, 100
Trd, 4319092.593, 103
Trd, 4319094.843, 83
Trd, 4319095.243, 95
Trd, 4319096.293, 98
Trd, 4319096.393, 101
Trd, 4319096.943, 96
Trd, 4319098.093, 93
Trd, 4319098.443, 107
Trd, 4319100.993, 97
Trd, 4319103.143, 99
Trd, 4319104.643, 98
Trd, 4319105.543, 97
Trd, 4319105.943, 98
Trd, 4319108.293, 98
Trd, 4319111.093, 98
Trd, 4319111.243, 96
Trd, 4319112.393, 112
Trd, 4319113.693, 102
Trd, 4319115.343, 105
Trd, 4319116.993, 102
Trd, 4319118.343, 103
Trd, 4319120.743, 103
Trd, 4319124.443, 102
Trd, 4319124.993, 101
Trd, 4319125.143, 103
Trd, 4319127.593, 100
Trd, 4319130.743, 101
Trd, 4319131.343, 102
Trd, 4319131.643, 102
Trd, 4319133.443, 103
Trd, 4319134.243, 98
Trd, 4319134.443, 104
Trd, 4319136.693, 96
Trd, 4319137.593, 96
Trd, 4319138.043, 96
Trd, 4319138.843, 111
Trd, 4319140.543, 104
Trd, 4319140.893, 94
Trd, 4319141.593, 108
Trd, 4319141.843, 113
Trd, 4319144.093, 97
Trd, 4319145.993, 105
Trd, 4319147.243, 104
Trd, 4319148.043, 105
Trd, 4319150.293, 104
Trd, 4319150.793, 100
Trd, 4319153.293, 103
Trd, 4319154.793, 103
Trd, 4319155.393, 103
Trd, 4319156.743, 100
Trd, 4319160.043, 100
Trd, 4319160.643, 99
Trd, 4319161.043, 94
Trd, 4319163.093, 98
Trd, 4319164.093, 97
Trd, 4319164.793, 97
Trd, 4319166.993, 96
Trd, 4319169.343, 95
Trd, 4319169.493, 96
Trd, 4319172.443, 94
Trd, 4319173.243, 95
Trd, 4319174.293, 95
Trd, 4319176.343, 93
Trd, 4319177.043, 95
Trd, 4319178.443, 95
Trd, 4319181.543, 92
Trd, 4319182.093, 95
Trd, 4319184.843, 95
Trd, 4319187.193, 93
Trd, 4319188.043, 90
Trd, 4319189.443, 93
Trd, 4319189.793, 93
Trd, 4319191.043, 93
Trd, 4319194.243, 91
Trd, 4319194.343, 93
Trd, 4319194.743, 94
Trd, 4319196.293, 94
Trd, 4319196.393, 91
Trd, 4319196.693, 105
Trd, 4319197.343, 113
Trd, 4319200.593, 97
Trd, 4319204.193, 90
Trd, 4319205.043, 96
Trd, 4319205.843, 90
Trd, 4319206.093, 95
Trd, 4319210.743, 93
Trd, 4319212.643, 93
Trd, 4319212.943, 90
Trd, 4319213.743, 93
Trd, 4319216.393, 93
Trd, 4319216.543, 91
Trd, 4319217.843, 93
Trd, 4319219.193, 90
Trd, 4319219.243, 93
Trd, 4319220.243, 95
Trd, 4319221.043, 112
Trd, 4319221.293, 107
Trd, 4319223.943, 103
Trd, 4319224.893, 113
Trd, 4319228.293, 101
Trd, 4319228.393, 100
Trd, 4319229.343, 94
Trd, 4319231.093, 98
Trd, 4319231.243, 100
Trd, 4319234.093, 98
Trd, 4319234.693, 98
Trd, 4319235.093, 94
Trd, 4319235.593, 112
Trd, 4319237.693, 101
Trd, 4319238.943, 99
Trd, 4319239.243, 98
Trd, 4319241.293, 97
Trd, 4319243.443, 96
Trd, 4319244.743, 98
Trd, 4319244.943, 97
Trd, 4319248.643, 98
Trd, 4319249.343, 97
Trd, 4319249.743, 98
Trd, 4319249.943, 99
Trd, 4319251.143, 98
Trd, 4319251.693, 97
Trd, 4319253.793, 96
Trd, 4319254.993, 97
Trd, 4319257.693, 96
Trd, 4319260.393, 94
Trd, 4319263.093, 95
Trd, 4319263.493, 94
Trd, 4319264.593, 92
Trd, 4319267.493, 95
Trd, 4319268.993, 95
Trd, 4319270.343, 92
Trd, 4319270.793, 94
Trd, 4319270.943, 95
Trd, 4319271.743, 102
Trd, 4319272.893, 111
Trd, 4319274.093, 98
Trd, 4319277.093, 104
Trd, 4319279.393, 105
Trd, 4319281.043, 101
Trd, 4319281.543, 94
Trd, 4319284.693, 100
Trd, 4319285.293, 98
Trd, 4319288.043, 99
Trd, 4319289.393, 96
Trd, 4319289.643, 99
Trd, 4319290.993, 98
Trd, 4319291.893, 95
Trd, 4319291.993, 97
Trd, 4319292.043, 105
Trd, 4319294.743, 100
Trd, 4319295.243, 100
Trd, 4319297.893, 99
Trd, 4319298.893, 96
Trd, 4319301.543, 99
Trd, 4319301.993, 98
Trd, 4319303.993, 96
Trd, 4319304.893, 97
Trd, 4319306.793, 95
Trd, 4319307.043, 98
Trd, 4319307.393, 100
Trd, 4319309.593, 98
Trd, 4319309.843, 97
Trd, 4319312.343, 97
Trd, 4319314.793, 97
Trd, 4319315.893, 97
Trd, 4319316.443, 97
Trd, 4319317.393, 96
Trd, 4319318.093, 97
Trd, 4319320.093, 104
Trd, 4319321.043, 94
Trd, 4319322.543, 102
Trd, 4319324.093, 101
Trd, 4319325.193, 99
Trd, 4319326.643, 99
Trd, 4319327.293, 99
Trd, 4319328.243, 99
Trd, 4319332.593, 95
Trd, 4319332.893, 94
Trd, 4319333.293, 93
Trd, 4319333.643, 95
Trd, 4319333.743, 95
Trd, 4319335.343, 108
Trd, 4319336.643, 97
Trd, 4319337.393, 100
Trd, 4319338.093, 98
Trd, 4319338.343, 110
Trd, 4319340.993, 97
Trd, 4319341.043, 101
Trd, 4319341.393, 102
Trd, 4319343.543, 102
Trd, 4319344.693, 94
Trd, 4319345.193, 101
Trd, 4319345.993, 104
Trd, 4319351.493, 99
Trd, 4319352.243, 99
Trd, 4319353.443, 99
Trd, 4319353.993, 108
Trd, 4319354.593, 96
Trd, 4319355.143, 96
Trd, 4319358.393, 99
Trd, 4319359.943, 96
Trd, 4319359.993, 95
Trd, 4319360.493, 97
Trd, 4319362.043, 94
Trd, 4319362.493, 111
Trd, 4319364.843, 99
Trd, 4319364.943, 100
Trd, 4319366.293, 92
Trd, 4319368.043, 95
Trd, 4319369.943, 95
Trd, 4319370.693, 95
Trd, 4319374.043, 95
Trd, 4319374.393, 95
Trd, 4319374.743, 85
Trd, 4319378.643, 94
Trd, 4319380.193, 94
Trd, 4319383.943, 91
Trd, 4319384.193, 94
Trd, 4319384.993, 94
Trd, 4319387.093, 90
Trd, 4319388.043, 91
Trd, 4319388.193, 89
Trd, 4319390.093, 91
Trd, 4319392.543, 90
Trd, 4319393.093, 90
Trd, 4319393.643, 88
Trd, 4319395.593, 87
Trd, 4319396.393, 90
Trd, 4319401.293, 90
Trd, 4319402.743, 90
Trd, 4319402.943, 87
Trd, 4319403.443, 90
Trd, 4319405.493, 90
Trd, 4319405.843, 87
Trd, 4319406.143, 95
Trd, 4319407.743, 92
Trd, 4319409.343, 91
Trd, 4319410.493, 102
Trd, 4319411.743, 96
Trd, 4319413.843, 95
Trd, 4319413.993, 97
Trd, 4319416.643, 97
Trd, 4319417.393, 95
Trd, 4319417.543, 95
Trd, 4319419.193, 94
Trd, 4319419.793, 112
Trd, 4319419.893, 104
Trd, 4319421.793, 97
Trd, 4319423.693, 98
Trd, 4319423.943, 99
Trd, 4319425.743, 99
Trd, 4319428.243, 102
Trd, 4319428.543, 99
Trd, 4319431.043, 99
Trd, 4319431.143, 100
Trd, 4319433.293, 100
Trd, 4319434.493, 97
Trd, 4319435.243, 94
Trd, 4319435.293, 95
Trd, 4319436.293, 93
Trd, 4319437.293, 93
Trd, 4319438.893, 94
Trd, 4319440.293, 93
Trd, 4319441.693, 93
Trd, 4319444.043, 94
Trd, 4319446.293, 95
Trd, 4319450.293, 92
Trd, 4319451.493, 92
Trd, 4319451.543, 94
Trd, 4319452.143, 94
Trd, 4319452.993, 93
Trd, 4319454.243, 93
Trd, 4319455.443, 91
Trd, 4319455.693, 94
Trd, 4319457.993, 94
Trd, 4319459.743, 93
Trd, 4319460.443, 94
Trd, 4319461.593, 93
Trd, 4319462.943, 90
Trd, 4319463.493, 110
Trd, 4319466.943, 96
Trd, 4319468.343, 90
Trd, 4319470.293, 94
Trd, 4319472.093, 94
Trd, 4319474.643, 94
Trd, 4319475.193, 94
Trd, 4319477.193, 91
Trd, 4319478.193, 94
Trd, 4319478.543, 90
Trd, 4319481.643, 94
Trd, 4319484.193, 94
Trd, 4319485.343, 90
Trd, 4319487.943, 89
Trd, 4319487.993, 94
Trd, 4319488.543, 109
Trd, 4319492.493, 95
Trd, 4319493.543, 95
Trd, 4319494.493, 94
Trd, 4319494.893, 95
Trd, 4319497.043, 95
Trd, 4319497.893, 93
Trd, 4319498.443, 95
Trd, 4319499.493, 95
Trd, 4319502.143, 95
Trd, 4319504.593, 92
Trd, 4319504.993, 95
Trd, 4319507.443, 95
Trd, 4319508.143, 96
Trd, 4319508.643, 91
Trd, 4319512.293, 93
Trd, 4319514.293, 90
Trd, 4319515.293, 92
Trd, 4319515.943, 93
Trd, 4319518.893, 109
Trd, 4319519.643, 101
Trd, 4319520.993, 99
Trd, 4319521.593, 98
Trd, 4319522.443, 98
Trd, 4319524.143, 97
Trd, 4319525.493, 100
Trd, 4319526.693, 102
Trd, 4319527.593, 94
Trd, 4319528.643, 103
Trd, 4319528.893, 105
Trd, 4319532.593, 93
Trd, 4319534.093, 97
Trd, 4319534.893, 97
Trd, 4319535.143, 96
Trd, 4319536.143, 99
Trd, 4319539.243, 113
Trd, 4319539.293, 107
Trd, 4319541.893, 103
Trd, 4319542.293, 104
Trd, 4319542.943, 93
Trd, 4319545.443, 99
Trd, 4319545.693, 100
Trd, 4319547.843, 98
Trd, 4319548.193, 99
Trd, 4319548.393, 93
Trd, 4319548.993, 98
Trd, 4319550.143, 100
Trd, 4319551.193, 99
Trd, 4319551.293, 100
Trd, 4319552.793, 100
Trd, 4319554.543, 113
Trd, 4319556.943, 100
Trd, 4319558.943, 100
Trd, 4319561.293, 100
Trd, 4319561.893, 100
Trd, 4319562.943, 94
Trd, 4319565.893, 99
Trd, 4319566.193, 97
Trd, 4319567.843, 96
Trd, 4319568.193, 113
Trd, 4319568.793, 99
Trd, 4319571.443, 95
Trd, 4319572.343, 96
Trd, 4319572.393, 95
Trd, 4319573.193, 103
Trd, 4319574.893, 106
Trd, 4319577.293, 98
Trd, 4319577.893, 99
Trd, 4319579.243, 98
Trd, 4319580.143, 97
Trd, 4319581.093, 94
Trd, 4319582.243, 97
Trd, 4319582.693, 97
Trd, 4319583.043, 98
Trd, 4319583.293, 96
Trd, 4319583.993, 95
Trd, 4319585.743, 103
Trd, 4319587.943, 102
Trd, 4319590.493, 97
Trd, 4319590.843, 94
Trd, 4319591.143, 104
Trd, 4319592.543, 99
Trd, 4319593.793, 99
Trd, 4319594.743, 99
Trd, 4319597.543, 99
Trd, 4319597.643, 98
Trd, 4319599.743, 94
Trd, 4319602.443, 98
Trd, 4319603.443, 96
Trd, 4319603.993, 95
Trd, 4319604.843, 96
Trd, 4319605.343, 96
Trd, 4319607.043, 104
Trd, 4319607.393, 99
Trd, 4319607.743, 109
Trd, 4319608.343, 101
Trd, 4319609.843, 102
Trd, 4319611.993, 94
Trd, 4319612.043, 96
Trd, 4319613.543, 95
Trd, 4319613.693, 97
Trd, 4319614.493, 85
Trd, 4319616.893, 96
Trd, 4319617.243, 95
Trd, 4319618.893, 93
Trd, 4319620.293, 92
Trd, 4319622.393, 93
Trd, 4319622.493, 93
Trd, 4319625.943, 93
Trd, 4319625.993, 91
Trd, 4319628.493, 92
Trd, 4319629.593, 92
Trd, 4319631.393, 95
Trd, 4319633.693, 93
Trd, 4319634.143, 90
Trd, 4319635.443, 91
Trd, 4319638.093, 91
Trd, 4319639.143, 90
Trd, 4319639.693, 92
Trd, 4319641.093, 104
Trd, 4319642.693, 104
Trd, 4319643.343, 103
Trd, 4319644.443, 102
Trd, 4319644.793, 94
Trd, 4319644.893, 111
Trd, 4319647.193, 102
Trd, 4319649.493, 101
Trd, 4319649.793, 103
Trd, 4319653.143, 102
Trd, 4319653.693, 110
Trd, 4319654.193, 103
Trd, 4319655.593, 104
Trd, 4319655.943, 103
Trd, 4319656.943, 104
Trd, 4319657.243, 102
Trd, 4319659.243, 104
Trd, 4319659.793, 85
Trd, 4319661.843, 105
Trd, 4319663.893, 104
Trd, 4319666.493, 101
Trd, 4319666.843, 102
Trd, 4319668.043, 101
Trd, 4319668.343, 103
Trd, 4319668.993, 106
Trd, 4319671.743, 101
Trd, 4319672.493, 100
Trd, 4319673.593, 99
Trd, 4319673.743, 94
Trd, 4319675.243, 98
Trd, 4319675.843, 85
Trd, 4319678.643, 95
Trd, 4319679.843, 95
Trd, 4319681.993, 95
Trd, 4319683.993, 93
Trd, 4319684.093, 95
Trd, 4319685.493, 95
Trd, 4319686.093, 93
Trd, 4319686.943, 94
Trd, 4319687.193, 93
Trd, 4319689.793, 110
Trd, 4319690.643, 103
Trd, 4319691.093, 95
Trd, 4319693.943, 103
Trd, 4319695.893, 100
Trd, 4319696.543, 101
Trd, 4319696.693, 102
Trd, 4319697.943, 102
Trd, 4319699.143, 107
Trd, 4319699.393, 98
Trd, 4319702.543, 103
Trd, 4319704.893, 104
Trd, 4319705.893, 94
Trd, 4319706.793, 101
Trd, 4319708.443, 102
Trd, 4319708.843, 98
Trd, 4319711.343, 99
Trd, 4319712.193, 99
Trd, 4319713.893, 101
Trd, 4319714.643, 98
Trd, 4319715.543, 98
Trd, 4319716.043, 99
Trd, 4319716.443, 94
Trd, 4319719.943, 99
Trd, 4319720.093, 100
Trd, 4319724.093, 95
Trd, 4319724.593, 95
Trd, 4319725.193, 96
Trd, 4319725.443, 98
Trd, 4319728.243, 97
Trd, 4319729.593, 111
Trd, 4319730.993, 97
Trd, 4319732.593, 98
Trd, 4319734.043, 97
Trd, 4319734.343, 96
Trd, 4319735.393, 96
Trd, 4319735.493, 94
Trd, 4319736.793, 103
Trd, 4319738.393, 98
Trd, 4319740.043, 98
Trd, 4319741.793, 96
Trd, 4319744.493, 96
Trd, 4319744.543, 95
Trd, 4319744.743, 97
Trd, 4319746.843, 94
Trd, 4319747.393, 96
Trd, 4319748.943, 95
Trd, 4319753.393, 95
Trd, 4319754.443, 95
Trd, 4319755.393, 93
Trd, 4319756.143, 95
Trd, 4319757.043, 92
Trd, 4319757.743, 96
Trd, 4319760.993, 95
Trd, 4319761.893, 95
Trd, 4319762.143, 96
Trd, 4319763.593, 91
Trd, 4319767.343, 95
Trd, 4319767.943, 90
Trd, 4319768.093, 95
Trd, 4319772.143, 95
Trd, 4319775.493, 91
Trd, 4319776.143, 95
Trd, 4319777.043, 95
Trd, 4319777.243, 96
Trd, 4319779.193, 90
Trd, 4319780.243, 95
Trd, 4319781.493, 95
Trd, 4319782.293, 93
Trd, 4319782.543, 95
Trd, 4319785.143, 94
Trd, 4319785.343, 89
Trd, 4319790.443, 93
Trd, 4319792.143, 93
Trd, 4319793.793, 93
Trd, 4319793.943, 89
Trd, 4319795.343, 96
Trd, 4319796.843, 95
Trd, 4319797.993, 96
Trd, 4319798.243, 104
Trd, 4319800.143, 100
Trd, 4319802.643, 97
Trd, 4319804.893, 99
Trd, 4319805.443, 112
Trd, 4319808.443, 99
Trd, 4319808.543, 98
Trd, 4319809.493, 97
Trd, 4319810.293, 98
Trd, 4319811.343, 98
Trd, 4319814.193, 97
Trd, 4319815.143, 96
Trd, 4319816.543, 94
Trd, 4319817.943, 95
Trd, 4319820.993, 95
Trd, 4319822.993, 93
Trd, 4319823.143, 95
Trd, 4319826.893, 95
Trd, 4319827.493, 95
Trd, 4319828.343, 95
Trd, 4319830.443, 92
Trd, 4319830.643, 95
Trd, 4319831.693, 94
Trd, 4319832.743, 94
Trd, 4319832.793, 108
Trd, 4319835.743, 92
Trd, 4319838.543, 94
Trd, 4319841.443, 91
Trd, 4319842.443, 93
Trd, 4319843.243, 95
Trd, 4319844.243, 95
Trd, 4319847.143, 94
Trd, 4319850.043, 93
Trd, 4319850.993, 91
Trd, 4319851.143, 93
Trd, 4319852.593, 93
Trd, 4319854.743, 93
Trd, 4319855.293, 93
Trd, 4319855.493, 90
Trd, 4319856.893, 94
Trd, 4319858.143, 90
Trd, 4319859.593, 94
Trd, 4319861.743, 94
Trd, 4319863.793, 93
Trd, 4319865.843, 93
Trd, 4319868.193, 89
Trd, 4319868.593, 93
Trd, 4319871.443, 92
Trd, 4319872.043, 93
Trd, 4319872.493, 93
Trd, 4319875.743, 93
Trd, 4319876.143, 89
Trd, 4319878.293, 92
Trd, 4319879.993, 92
Trd, 4319882.743, 88
Trd, 4319884.343, 91
Trd, 4319884.443, 92
Trd, 4319884.743, 88
Trd, 4319888.543, 91
Trd, 4319888.693, 87
Trd, 4319889.393, 91
Trd, 4319893.643, 90
Trd, 4319893.693, 90
Trd, 4319896.893, 90
Trd, 4319899.443, 86
Trd, 4319899.693, 86
Trd, 4319900.393, 90
Trd, 4319900.493, 91
Trd, 4319901.743, 103
Trd, 4319902.743, 94
Trd, 4319906.443, 86
Trd, 4319908.293, 92
Trd, 4319908.693, 103
Trd, 4319909.943, 98
Trd, 4319909.993, 95
Trd, 4319911.543, 112
Trd, 4319912.043, 111
Trd, 4319913.743, 104
Trd, 4319914.443, 103
Trd, 4319914.843, 103
Trd, 4319917.643, 94
Trd, 4319917.793, 98
Trd, 4319918.693, 100
Trd, 4319919.693, 98
Trd, 4319920.893, 96
Trd, 4319922.443, 98
Trd, 4319924.143, 96
Trd, 4319924.243, 95
Trd, 4319925.093, 95
Trd, 4319926.743, 94
Trd, 4319929.943, 95
Trd, 4319930.643, 94
Trd, 4319930.893, 95
Trd, 4319932.143, 95
Trd, 4319932.843, 95
Trd, 4319932.943, 95
Trd, 4319934.293, 93
Trd, 4319935.693, 93
Trd, 4319936.043, 113
Trd, 4319937.393, 104
Trd, 4319938.143, 108
Trd, 4319938.643, 108
Trd, 4319939.393, 106
Trd, 4319940.243, 103
Trd, 4319940.843, 85
Trd, 4319942.393, 99
Trd, 4319944.693, 97
Trd, 4319944.793, 100
Trd, 4319949.893, 97
Trd, 4319950.343, 96
Trd, 4319951.743, 97
Trd, 4319953.943, 96
Trd, 4319953.993, 96
Trd, 4319954.793, 97
Trd, 4319955.243, 93
Trd, 4319958.893, 95
Trd, 4319959.193, 95
Trd, 4319959.393, 95
Trd, 4319959.593, 94
Trd, 4319963.643, 93
Trd, 4319964.943, 95
Trd, 4319964.993, 95
Trd, 4319967.393, 94
Trd, 4319969.143, 94
Trd, 4319970.443, 93
Trd, 4319970.943, 95
Trd, 4319971.393, 95
Trd, 4319972.393, 92
Trd, 4319973.243, 96
Trd, 4319975.843, 95
Trd, 4319977.293, 95
Trd, 4319978.693, 95
Trd, 4319980.343, 92
Trd, 4319982.593, 92
Trd, 4319982.843, 95
Trd, 4319983.843, 95
Trd, 4319985.793, 92
Trd, 4319987.193, 95
Trd, 4319987.393, 95
Trd, 4319988.343, 95
Trd, 4319992.843, 91
Trd, 4319993.393, 94
Trd, 4319996.393, 94
Trd, 4319996.793, 94
Trd, 4319999.493, 91
Trd, 4319999.543, 94
