Trd, 4317897.893, 95
Trd, 4317898.293, 96
Trd, 4317898.743, 104
Trd, 4317899.743, 112
Trd, 4317900.093, 113
Trd, 4317902.393, 109
Trd, 4317904.093, 101
Trd, 4317905.843, 103
Trd, 4317907.043, 102
Trd, 4317908.593, 102
Trd, 4317909.593, 100
Trd, 4317910.343, 98
Trd, 4317911.743, 97
Trd, 4317911.893, 98
Trd, 4317913.343, 103
Trd, 4317915.893, 98
Trd, 4317916.293, 99
Trd, 4317918.393, 97
Trd, 4317918.793, 99
Trd, 4317920.393, 96
Trd, 4317921.243, 95
Trd, 4317921.543, 96
Trd, 4317923.843, 95
Trd, 4317923.943, 94
Trd, 4317924.943, 96
Trd, 4317925.543, 102
Trd, 4317926.593, 102
Trd, 4317928.743, 99
Trd, 4317931.193, 98
Trd, 4317931.693, 97
Trd, 4317932.193, 98
Trd, 4317932.243, 99
Trd, 4317935.343, 101
Trd, 4317936.493, 100
Trd, 4317937.343, 100
Trd, 4317939.393, 99
Trd, 4317939.693, 98
Trd, 4317940.043, 113
Trd, 4317941.293, 105
Trd, 4317944.093, 102
Trd, 4317944.943, 103
Trd, 4317946.293, 100
Trd, 4317948.743, 102
Trd, 4317949.093, 101
Trd, 4317949.293, 113
Trd, 4317951.143, 100
Trd, 4317951.843, 97
Trd, 4317952.243, 98
Trd, 4317952.343, 122
Trd, 4317954.193, 115
Trd, 4317955.843, 105
Trd, 4317958.143, 98
Trd, 4317959.843, 97
Trd, 4317960.293, 97
Trd, 4317960.493, 103
Trd, 4317961.093, 122
Trd, 4317962.943, 98
Trd, 4317963.993, 97
Trd, 4317964.693, 95
Trd, 4317966.643, 94
Trd, 4317967.643, 95
Trd, 4317969.943, 107
Trd, 4317971.143, 101
Trd, 4317972.493, 102
Trd, 4317973.993, 101
Trd, 4317974.343, 102
Trd, 4317975.643, 103
Trd, 4317977.143, 100
Trd, 4317977.543, 99
Trd, 4317977.593, 100
Trd, 4317979.943, 104
Trd, 4317982.543, 106
Trd, 4317983.693, 113
Trd, 4317984.693, 105
Trd, 4317986.343, 103
Trd, 4317987.693, 102
Trd, 4317988.943, 97
Trd, 4317990.243, 93
Trd, 4317990.993, 97
Trd, 4317992.193, 95
Trd, 4317993.793, 95
Trd, 4317994.993, 95
Trd, 4317995.643, 95
Trd, 4317995.743, 96
Trd, 4317999.543, 94
Trd, 4317999.793, 94
Trd, 4317999.843, 95
Trd, 4318000.343, 97
Trd, 4318000.693, 104
Trd, 4318002.593, 110
Trd, 4318006.343, 93
Trd, 4318007.243, 92
Trd, 4318007.693, 95
Trd, 4318009.093, 94
Trd, 4318009.693, 96
Trd, 4318011.593, 111
Trd, 4318013.693, 107
Trd, 4318015.143, 103
Trd, 4318015.493, 103
Trd, 4318016.593, 99
Trd, 4318017.293, 98
Trd, 4318019.243, 94
Trd, 4318019.843, 95
Trd, 4318020.893, 111
Trd, 4318022.043, 101
Trd, 4318023.643, 96
Trd, 4318026.343, 95
Trd, 4318026.493, 94
Trd, 4318026.793, 95
Trd, 4318028.143, 94
Trd, 4318030.043, 95
Trd, 4318030.493, 95
Trd, 4318032.043, 95
Trd, 4318032.093, 94
Trd, 4318033.343, 95
Trd, 4318033.393, 104
Trd, 4318033.893, 111
Trd, 4318036.743, 112
Trd, 4318038.943, 109
Trd, 4318040.543, 103
Trd, 4318042.093, 102
Trd, 4318043.093, 103
Trd, 4318044.893, 102
Trd, 4318045.743, 103
Trd, 4318046.343, 111
Trd, 4318049.143, 105
Trd, 4318049.343, 113
Trd, 4318051.443, 109
Trd, 4318052.043, 118
Trd, 4318053.193, 119
Trd, 4318054.943, 108
Trd, 4318056.093, 107
Trd, 4318056.893, 104
Trd, 4318057.543, 103
Trd, 4318060.643, 102
Trd, 4318061.143, 103
Trd, 4318061.193, 104
Trd, 4318061.743, 111
Trd, 4318062.743, 110
Trd, 4318066.343, 105
Trd, 4318066.493, 104
Trd, 4318066.643, 107
Trd, 4318067.393, 108
Trd, 4318068.493, 106
Trd, 4318069.443, 104
Trd, 4318070.543, 103
Trd, 4318070.793, 104
Trd, 4318074.893, 96
Trd, 4318075.643, 97
Trd, 4318076.793, 94
Trd, 4318077.643, 93
Trd, 4318078.193, 91
Trd, 4318078.243, 95
Trd, 4318080.743, 91
Trd, 4318080.793, 95
Trd, 4318081.743, 93
Trd, 4318083.143, 92
Trd, 4318084.493, 93
Trd, 4318085.993, 95
Trd, 4318086.293, 113
Trd, 4318089.893, 98
Trd, 4318092.343, 94
Trd, 4318093.343, 95
Trd, 4318093.493, 94
Trd, 4318094.793, 94
Trd, 4318095.343, 94
Trd, 4318096.393, 93
Trd, 4318097.193, 91
Trd, 4318097.843, 91
Trd, 4318100.043, 96
Trd, 4318101.643, 93
Trd, 4318102.893, 94
Trd, 4318104.143, 92
Trd, 4318104.193, 94
Trd, 4318106.593, 94
Trd, 4318108.343, 91
Trd, 4318108.693, 90
Trd, 4318108.743, 91
Trd, 4318110.543, 92
Trd, 4318111.693, 91
Trd, 4318112.593, 92
Trd, 4318114.743, 91
Trd, 4318115.543, 91
Trd, 4318117.343, 90
Trd, 4318117.443, 92
Trd, 4318118.943, 94
Trd, 4318120.393, 94
Trd, 4318120.593, 94
Trd, 4318120.643, 95
Trd, 4318124.693, 92
Trd, 4318125.393, 93
Trd, 4318127.443, 93
Trd, 4318127.643, 93
Trd, 4318128.793, 92
Trd, 4318129.793, 92
Trd, 4318131.643, 91
Trd, 4318132.943, 92
Trd, 4318133.543, 90
Trd, 4318135.093, 93
Trd, 4318136.343, 93
Trd, 4318139.143, 94
Trd, 4318140.543, 94
Trd, 4318141.443, 94
Trd, 4318143.543, 91
Trd, 4318143.843, 93
Trd, 4318144.493, 104
Trd, 4318146.043, 108
Trd, 4318147.643, 102
Trd, 4318148.893, 100
Trd, 4318149.193, 98
Trd, 4318150.193, 98
Trd, 4318150.793, 94
Trd, 4318151.093, 97
Trd, 4318151.843, 96
Trd, 4318153.493, 109
Trd, 4318155.093, 105
Trd, 4318155.893, 106
Trd, 4318156.493, 104
Trd, 4318157.993, 106
Trd, 4318158.993, 103
Trd, 4318161.093, 98
Trd, 4318161.843, 95
Trd, 4318162.443, 96
Trd, 4318163.093, 96
Trd, 4318163.643, 97
Trd, 4318164.493, 98
Trd, 4318165.543, 106
Trd, 4318165.593, 108
Trd, 4318169.393, 103
Trd, 4318170.743, 102
Trd, 4318170.843, 101
Trd, 4318171.093, 103
Trd, 4318173.343, 99
Trd, 4318174.643, 99
Trd, 4318175.643, 98
Trd, 4318176.943, 97
Trd, 4318178.043, 109
Trd, 4318178.943, 101
Trd, 4318180.093, 99
Trd, 4318182.343, 98
Trd, 4318182.593, 98
Trd, 4318184.393, 98
Trd, 4318185.543, 97
Trd, 4318186.893, 99
Trd, 4318188.493, 106
Trd, 4318189.143, 98
Trd, 4318190.393, 98
Trd, 4318190.943, 99
Trd, 4318192.793, 99
Trd, 4318193.293, 100
Trd, 4318193.543, 101
Trd, 4318194.443, 101
Trd, 4318195.693, 102
Trd, 4318197.293, 103
Trd, 4318197.793, 104
Trd, 4318200.693, 102
Trd, 4318202.393, 99
Trd, 4318203.343, 98
Trd, 4318203.943, 95
Trd, 4318204.743, 96
Trd, 4318205.193, 98
Trd, 4318205.593, 104
Trd, 4318207.243, 112
Trd, 4318208.893, 105
Trd, 4318211.643, 105
Trd, 4318211.843, 106
Trd, 4318212.143, 104
Trd, 4318213.793, 102
Trd, 4318215.043, 102
Trd, 4318216.043, 103
Trd, 4318217.693, 101
Trd, 4318217.793, 102
Trd, 4318219.193, 101
Trd, 4318221.193, 104
Trd, 4318223.243, 102
Trd, 4318223.343, 101
Trd, 4318223.743, 100
Trd, 4318226.393, 100
Trd, 4318226.643, 101
Trd, 4318227.643, 112
Trd, 4318229.043, 111
Trd, 4318231.043, 105
Trd, 4318233.893, 102
Trd, 4318234.043, 101
Trd, 4318234.093, 102
Trd, 4318234.293, 102
Trd, 4318234.593, 105
Trd, 4318239.743, 110
Trd, 4318240.193, 112
Trd, 4318241.643, 108
Trd, 4318244.143, 102
Trd, 4318244.793, 99
Trd, 4318245.243, 100
Trd, 4318246.643, 99
Trd, 4318248.443, 94
Trd, 4318248.943, 95
Trd, 4318249.043, 96
Trd, 4318250.693, 96
Trd, 4318250.843, 95
Trd, 4318251.343, 94
Trd, 4318253.643, 95
Trd, 4318254.993, 93
Trd, 4318255.943, 93
Trd, 4318257.143, 94
Trd, 4318257.243, 95
Trd, 4318259.393, 95
Trd, 4318260.393, 103
Trd, 4318262.243, 97
Trd, 4318263.293, 96
Trd, 4318264.193, 98
Trd, 4318264.393, 98
Trd, 4318266.443, 104
Trd, 4318267.693, 97
Trd, 4318268.943, 94
Trd, 4318269.143, 96
Trd, 4318269.193, 97
Trd, 4318272.643, 94
Trd, 4318273.143, 96
Trd, 4318273.543, 96
Trd, 4318273.743, 103
Trd, 4318276.643, 93
Trd, 4318277.093, 94
Trd, 4318278.393, 93
Trd, 4318279.243, 92
Trd, 4318279.293, 94
Trd, 4318280.593, 104
Trd, 4318281.143, 113
Trd, 4318283.693, 122
Trd, 4318284.143, 110
Trd, 4318287.343, 107
Trd, 4318287.443, 108
Trd, 4318287.643, 110
Trd, 4318288.543, 108
Trd, 4318289.043, 109
Trd, 4318291.443, 107
Trd, 4318291.543, 108
Trd, 4318292.943, 108
Trd, 4318294.343, 107
Trd, 4318297.093, 104
Trd, 4318298.143, 102
Trd, 4318298.843, 98
Trd, 4318300.593, 94
Trd, 4318300.793, 96
Trd, 4318301.543, 103
Trd, 4318303.893, 94
Trd, 4318305.343, 92
Trd, 4318306.743, 91
Trd, 4318307.293, 95
Trd, 4318308.143, 94
Trd, 4318311.093, 102
Trd, 4318312.443, 96
Trd, 4318312.493, 95
Trd, 4318315.593, 103
Trd, 4318315.793, 104
Trd, 4318319.093, 101
Trd, 4318319.143, 101
Trd, 4318320.643, 110
Trd, 4318322.643, 108
Trd, 4318323.893, 102
Trd, 4318325.893, 101
Trd, 4318327.393, 100
Trd, 4318327.493, 101
Trd, 4318328.943, 99
Trd, 4318330.043, 99
Trd, 4318331.393, 97
Trd, 4318333.343, 95
Trd, 4318334.093, 96
Trd, 4318334.493, 96
Trd, 4318335.043, 95
Trd, 4318335.943, 96
Trd, 4318337.243, 103
Trd, 4318337.543, 123
Trd, 4318340.893, 106
Trd, 4318342.893, 104
Trd, 4318343.093, 104
Trd, 4318343.443, 104
Trd, 4318344.593, 105
Trd, 4318344.643, 106
Trd, 4318345.993, 102
Trd, 4318346.543, 105
Trd, 4318348.843, 103
Trd, 4318349.193, 102
Trd, 4318349.893, 104
Trd, 4318350.143, 104
Trd, 4318352.193, 109
Trd, 4318355.993, 102
Trd, 4318356.343, 103
Trd, 4318357.593, 101
Trd, 4318358.843, 97
Trd, 4318360.243, 96
Trd, 4318360.293, 94
Trd, 4318362.143, 102
Trd, 4318362.493, 103
Trd, 4318365.043, 102
Trd, 4318368.043, 99
Trd, 4318368.393, 100
Trd, 4318369.343, 97
Trd, 4318370.643, 96
Trd, 4318370.693, 96
Trd, 4318371.143, 124
Trd, 4318373.743, 110
Trd, 4318375.943, 99
Trd, 4318377.043, 97
Trd, 4318378.043, 97
Trd, 4318378.393, 96
Trd, 4318381.343, 95
Trd, 4318381.443, 95
Trd, 4318381.893, 94
Trd, 4318382.543, 95
Trd, 4318384.093, 103
Trd, 4318387.043, 109
Trd, 4318387.143, 103
Trd, 4318388.943, 101
Trd, 4318390.693, 95
Trd, 4318391.043, 95
Trd, 4318391.443, 98
Trd, 4318393.793, 96
Trd, 4318394.093, 97
Trd, 4318394.443, 113
Trd, 4318396.693, 100
Trd, 4318397.443, 104
Trd, 4318397.993, 102
Trd, 4318399.943, 101
Trd, 4318402.343, 97
Trd, 4318402.743, 98
Trd, 4318404.343, 96
Trd, 4318404.593, 98
Trd, 4318406.643, 98
Trd, 4318406.893, 104
Trd, 4318407.643, 99
Trd, 4318408.493, 99
Trd, 4318409.393, 100
Trd, 4318412.443, 111
Trd, 4318413.093, 104
Trd, 4318414.693, 103
Trd, 4318415.493, 105
Trd, 4318416.143, 112
Trd, 4318418.743, 105
Trd, 4318420.143, 102
Trd, 4318420.443, 102
Trd, 4318422.243, 98
Trd, 4318422.443, 99
Trd, 4318423.393, 99
Trd, 4318423.443, 98
Trd, 4318424.843, 104
Trd, 4318425.343, 111
Trd, 4318427.843, 98
Trd, 4318428.193, 98
Trd, 4318428.693, 97
Trd, 4318429.443, 99
Trd, 4318430.043, 99
Trd, 4318432.893, 98
Trd, 4318435.293, 91
Trd, 4318435.543, 92
Trd, 4318435.593, 93
Trd, 4318437.593, 92
Trd, 4318438.593, 92
Trd, 4318440.443, 91
Trd, 4318440.593, 92
Trd, 4318441.593, 92
Trd, 4318441.993, 92
Trd, 4318443.393, 92
Trd, 4318443.493, 95
Trd, 4318446.293, 92
Trd, 4318447.043, 92
Trd, 4318448.443, 122
Trd, 4318450.043, 104
Trd, 4318450.343, 117
Trd, 4318453.143, 99
Trd, 4318454.293, 94
Trd, 4318454.793, 86
Trd, 4318454.943, 93
Trd, 4318457.243, 92
Trd, 4318458.843, 91
Trd, 4318459.393, 92
Trd, 4318460.143, 104
Trd, 4318460.943, 98
Trd, 4318464.143, 98
Trd, 4318465.743, 94
Trd, 4318466.043, 94
Trd, 4318466.593, 93
Trd, 4318467.393, 104
Trd, 4318469.643, 98
Trd, 4318470.643, 94
Trd, 4318471.343, 95
Trd, 4318472.193, 93
Trd, 4318472.743, 94
Trd, 4318474.493, 92
Trd, 4318474.943, 91
Trd, 4318475.943, 94
Trd, 4318478.293, 94
Trd, 4318478.693, 95
Trd, 4318480.743, 98
Trd, 4318481.743, 102
Trd, 4318481.893, 104
Trd, 4318484.643, 117
Trd, 4318485.993, 109
Trd, 4318487.193, 108
Trd, 4318487.593, 107
Trd, 4318488.243, 105
Trd, 4318489.093, 104
Trd, 4318492.143, 99
Trd, 4318492.543, 99
Trd, 4318492.993, 100
Trd, 4318494.143, 112
Trd, 4318495.893, 92
Trd, 4318496.093, 91
Trd, 4318498.093, 97
Trd, 4318498.943, 104
Trd, 4318500.543, 99
Trd, 4318501.043, 99
Trd, 4318503.193, 104
Trd, 4318504.943, 104
Trd, 4318505.893, 102
Trd, 4318506.293, 101
Trd, 4318507.243, 102
Trd, 4318507.993, 103
Trd, 4318508.693, 102
Trd, 4318509.843, 102
Trd, 4318512.493, 101
Trd, 4318513.443, 101
Trd, 4318514.243, 99
Trd, 4318515.093, 95
Trd, 4318515.543, 95
Trd, 4318515.693, 104
Trd, 4318517.143, 112
Trd, 4318519.793, 107
Trd, 4318522.193, 103
Trd, 4318522.443, 103
Trd, 4318524.493, 99
Trd, 4318524.943, 98
Trd, 4318525.643, 100
Trd, 4318527.293, 96
Trd, 4318527.793, 104
Trd, 4318528.993, 99
Trd, 4318531.393, 96
Trd, 4318531.693, 97
Trd, 4318532.443, 96
Trd, 4318533.493, 95
Trd, 4318534.743, 96
Trd, 4318535.043, 95
Trd, 4318536.043, 95
Trd, 4318537.193, 113
Trd, 4318537.893, 102
Trd, 4318539.843, 113
Trd, 4318540.843, 105
Trd, 4318541.643, 106
Trd, 4318543.943, 121
Trd, 4318544.443, 121
Trd, 4318546.893, 110
Trd, 4318548.143, 107
Trd, 4318548.343, 110
Trd, 4318551.543, 101
Trd, 4318554.543, 96
Trd, 4318556.093, 94
Trd, 4318556.493, 95
Trd, 4318557.043, 94
Trd, 4318558.093, 94
Trd, 4318559.193, 93
Trd, 4318559.393, 95
Trd, 4318560.343, 103
Trd, 4318562.293, 101
Trd, 4318562.393, 102
Trd, 4318564.143, 103
Trd, 4318565.893, 100
Trd, 4318568.993, 99
Trd, 4318569.093, 100
Trd, 4318569.943, 98
Trd, 4318571.843, 96
Trd, 4318572.643, 96
Trd, 4318573.143, 96
Trd, 4318573.743, 96
Trd, 4318574.493, 104
Trd, 4318576.493, 111
Trd, 4318578.093, 110
Trd, 4318580.443, 103
Trd, 4318582.643, 99
Trd, 4318584.043, 99
Trd, 4318584.093, 100
Trd, 4318585.593, 91
Trd, 4318586.643, 91
Trd, 4318587.043, 98
Trd, 4318587.843, 107
Trd, 4318590.043, 103
Trd, 4318591.243, 101
Trd, 4318593.243, 98
Trd, 4318593.593, 99
Trd, 4318594.193, 98
Trd, 4318596.743, 95
Trd, 4318596.993, 94
Trd, 4318598.193, 93
Trd, 4318598.693, 92
Trd, 4318599.743, 91
Trd, 4318600.193, 92
Trd, 4318601.943, 89
Trd, 4318603.943, 91
Trd, 4318604.343, 92
Trd, 4318605.843, 95
Trd, 4318608.793, 91
Trd, 4318608.893, 92
Trd, 4318609.143, 95
Trd, 4318611.193, 95
Trd, 4318612.043, 95
Trd, 4318612.943, 95
Trd, 4318614.893, 94
Trd, 4318614.943, 93
Trd, 4318617.343, 104
Trd, 4318617.943, 105
Trd, 4318618.543, 100
Trd, 4318621.843, 95
Trd, 4318622.443, 94
Trd, 4318622.843, 94
Trd, 4318623.993, 94
Trd, 4318624.193, 93
Trd, 4318625.593, 95
Trd, 4318625.793, 104
Trd, 4318628.343, 96
Trd, 4318629.693, 98
Trd, 4318631.593, 108
Trd, 4318633.293, 105
Trd, 4318635.643, 96
Trd, 4318636.943, 96
Trd, 4318637.143, 96
Trd, 4318637.493, 97
Trd, 4318637.893, 113
Trd, 4318640.393, 105
Trd, 4318643.043, 102
Trd, 4318644.043, 99
Trd, 4318644.393, 102
Trd, 4318645.343, 100
Trd, 4318646.593, 101
Trd, 4318647.443, 100
Trd, 4318650.393, 101
Trd, 4318652.443, 97
Trd, 4318652.493, 98
Trd, 4318653.843, 94
Trd, 4318654.943, 93
Trd, 4318655.543, 93
Trd, 4318656.993, 93
Trd, 4318657.943, 95
Trd, 4318661.093, 99
Trd, 4318661.843, 97
Trd, 4318662.193, 96
Trd, 4318662.593, 97
Trd, 4318663.543, 98
Trd, 4318664.643, 98
Trd, 4318665.743, 110
Trd, 4318666.893, 103
Trd, 4318668.443, 97
Trd, 4318668.643, 97
Trd, 4318669.893, 97
Trd, 4318671.643, 94
Trd, 4318672.443, 95
Trd, 4318672.593, 95
Trd, 4318675.093, 95
Trd, 4318675.493, 95
Trd, 4318676.593, 113
Trd, 4318680.293, 96
Trd, 4318680.643, 95
Trd, 4318680.743, 98
Trd, 4318682.143, 94
Trd, 4318682.993, 90
Trd, 4318684.043, 87
Trd, 4318684.343, 87
Trd, 4318684.693, 96
Trd, 4318685.843, 103
Trd, 4318688.943, 91
Trd, 4318689.743, 92
Trd, 4318690.043, 95
Trd, 4318691.593, 92
Trd, 4318692.843, 91
Trd, 4318693.593, 90
Trd, 4318693.643, 91
Trd, 4318694.193, 95
Trd, 4318697.043, 105
Trd, 4318699.743, 101
Trd, 4318700.043, 100
Trd, 4318701.493, 100
Trd, 4318702.493, 101
Trd, 4318704.493, 101
Trd, 4318705.493, 102
Trd, 4318706.693, 101
Trd, 4318709.543, 96
Trd, 4318710.043, 95
Trd, 4318710.293, 98
Trd, 4318711.193, 95
Trd, 4318711.943, 95
Trd, 4318713.443, 95
Trd, 4318715.293, 99
Trd, 4318715.943, 100
Trd, 4318717.243, 98
Trd, 4318717.793, 99
Trd, 4318719.643, 102
Trd, 4318720.243, 102
Trd, 4318722.993, 99
Trd, 4318723.593, 99
Trd, 4318725.893, 112
Trd, 4318725.943, 113
Trd, 4318728.943, 111
Trd, 4318729.843, 104
Trd, 4318729.893, 105
Trd, 4318731.193, 104
Trd, 4318731.443, 104
Trd, 4318732.843, 103
Trd, 4318734.593, 97
Trd, 4318735.393, 94
Trd, 4318735.843, 96
Trd, 4318738.093, 103
Trd, 4318740.093, 99
Trd, 4318741.243, 100
Trd, 4318741.443, 99
Trd, 4318742.143, 99
Trd, 4318745.743, 98
Trd, 4318745.893, 97
Trd, 4318747.643, 82
Trd, 4318748.493, 78
Trd, 4318748.843, 77
Trd, 4318749.643, 88
Trd, 4318750.993, 107
Trd, 4318752.293, 101
Trd, 4318753.743, 98
Trd, 4318756.043, 95
Trd, 4318756.593, 94
Trd, 4318757.493, 94
Trd, 4318759.393, 94
Trd, 4318760.143, 94
Trd, 4318761.893, 93
Trd, 4318762.543, 93
Trd, 4318764.743, 93
Trd, 4318765.543, 92
Trd, 4318765.993, 95
Trd, 4318766.293, 104
Trd, 4318769.093, 95
Trd, 4318769.843, 95
Trd, 4318770.393, 93
Trd, 4318771.093, 93
Trd, 4318771.893, 91
Trd, 4318772.793, 90
Trd, 4318773.943, 90
Trd, 4318774.643, 99
Trd, 4318776.143, 97
Trd, 4318777.093, 96
Trd, 4318778.093, 93
Trd, 4318779.393, 92
Trd, 4318781.243, 95
Trd, 4318783.993, 95
Trd, 4318784.643, 99
Trd, 4318785.293, 100
Trd, 4318788.393, 99
Trd, 4318788.943, 100
Trd, 4318789.693, 99
Trd, 4318790.593, 100
Trd, 4318791.743, 101
Trd, 4318794.393, 104
Trd, 4318794.943, 104
Trd, 4318796.693, 105
Trd, 4318796.943, 113
Trd, 4318798.043, 108
Trd, 4318800.693, 99
Trd, 4318800.943, 98
Trd, 4318802.093, 94
Trd, 4318802.193, 95
Trd, 4318804.243, 94
Trd, 4318804.843, 92
Trd, 4318805.143, 93
Trd, 4318805.893, 92
Trd, 4318808.043, 95
Trd, 4318809.843, 91
Trd, 4318810.593, 91
Trd, 4318811.643, 90
Trd, 4318812.343, 104
Trd, 4318813.493, 111
Trd, 4318815.643, 97
Trd, 4318817.493, 96
Trd, 4318818.843, 93
Trd, 4318819.043, 93
Trd, 4318819.993, 95
Trd, 4318820.493, 103
Trd, 4318822.243, 95
Trd, 4318823.893, 95
Trd, 4318824.943, 95
Trd, 4318825.743, 94
Trd, 4318826.043, 94
Trd, 4318828.243, 96
Trd, 4318829.293, 95
Trd, 4318830.693, 93
Trd, 4318830.893, 93
Trd, 4318833.643, 92
Trd, 4318834.143, 91
Trd, 4318835.643, 94
Trd, 4318835.993, 94
Trd, 4318837.643, 94
Trd, 4318838.693, 95
Trd, 4318838.893, 113
Trd, 4318839.443, 121
Trd, 4318841.143, 122
Trd, 4318843.793, 104
Trd, 4318844.043, 104
Trd, 4318845.943, 105
Trd, 4318847.243, 110
Trd, 4318848.543, 104
Trd, 4318850.043, 100
Trd, 4318851.843, 98
Trd, 4318853.693, 94
Trd, 4318853.843, 95
Trd, 4318854.343, 113
Trd, 4318855.593, 102
Trd, 4318859.793, 96
Trd, 4318860.693, 94
Trd, 4318861.743, 93
Trd, 4318861.943, 94
Trd, 4318862.393, 92
Trd, 4318863.193, 95
Trd, 4318864.493, 104
Trd, 4318865.793, 108
Trd, 4318865.943, 109
Trd, 4318869.143, 96
Trd, 4318869.593, 97
Trd, 4318869.643, 97
Trd, 4318869.943, 98
Trd, 4318873.543, 94
Trd, 4318874.293, 93
Trd, 4318874.993, 94
Trd, 4318876.043, 93
Trd, 4318877.543, 93
Trd, 4318879.443, 94
Trd, 4318881.093, 92
Trd, 4318881.393, 93
Trd, 4318882.393, 92
Trd, 4318883.843, 92
Trd, 4318884.093, 95
Trd, 4318884.643, 104
Trd, 4318886.843, 107
Trd, 4318887.943, 121
Trd, 4318890.793, 104
Trd, 4318890.843, 103
Trd, 4318891.093, 106
Trd, 4318892.893, 103
Trd, 4318894.643, 111
Trd, 4318895.643, 105
Trd, 4318897.843, 101
Trd, 4318899.143, 101
Trd, 4318899.393, 101
Trd, 4318900.243, 100
Trd, 4318902.143, 98
Trd, 4318902.543, 99
Trd, 4318902.893, 104
Trd, 4318905.843, 95
Trd, 4318906.393, 94
Trd, 4318907.193, 92
Trd, 4318907.793, 92
Trd, 4318908.043, 97
Trd, 4318908.293, 104
Trd, 4318911.643, 121
Trd, 4318913.343, 103
Trd, 4318915.893, 97
Trd, 4318916.143, 99
Trd, 4318917.243, 97
Trd, 4318917.593, 97
Trd, 4318917.743, 98
Trd, 4318919.543, 123
Trd, 4318920.293, 108
Trd, 4318920.943, 122
Trd, 4318922.343, 108
Trd, 4318922.593, 112
Trd, 4318926.943, 107
Trd, 4318927.343, 104
Trd, 4318928.843, 96
Trd, 4318928.943, 98
Trd, 4318929.593, 98
Trd, 4318932.343, 96
Trd, 4318934.143, 94
Trd, 4318934.293, 97
Trd, 4318934.443, 97
Trd, 4318934.743, 99
Trd, 4318934.793, 104
Trd, 4318936.843, 100
Trd, 4318940.693, 95
Trd, 4318941.193, 95
Trd, 4318942.793, 96
Trd, 4318943.843, 95
Trd, 4318944.393, 94
Trd, 4318944.843, 97
Trd, 4318946.643, 96
Trd, 4318947.793, 97
Trd, 4318949.843, 102
Trd, 4318950.193, 103
Trd, 4318951.893, 112
Trd, 4318952.393, 106
Trd, 4318953.543, 124
Trd, 4318955.843, 107
Trd, 4318957.193, 102
Trd, 4318958.643, 100
Trd, 4318960.093, 97
Trd, 4318960.543, 95
Trd, 4318961.093, 96
Trd, 4318961.893, 104
Trd, 4318964.543, 96
Trd, 4318964.843, 96
Trd, 4318965.293, 96
Trd, 4318967.843, 96
Trd, 4318969.343, 99
Trd, 4318971.593, 98
Trd, 4318973.043, 96
Trd, 4318974.493, 94
Trd, 4318974.793, 94
Trd, 4318975.393, 93
Trd, 4318975.443, 96
Trd, 4318978.693, 98
Trd, 4318980.593, 98
Trd, 4318982.043, 98
Trd, 4318983.793, 96
Trd, 4318984.293, 99
Trd, 4318986.193, 97
Trd, 4318986.593, 103
Trd, 4318987.493, 101
Trd, 4318988.043, 101
Trd, 4318991.893, 99
Trd, 4318992.093, 102
Trd, 4318993.943, 99
Trd, 4318994.843, 98
Trd, 4318997.243, 97
Trd, 4318997.793, 98
Trd, 4318998.643, 94
Trd, 4318999.293, 93
Trd, 4319001.843, 104
Trd, 4319003.143, 110
Trd, 4319004.993, 101
Trd, 4319005.343, 102
Trd, 4319006.393, 102
Trd, 4319008.293, 104
Trd, 4319008.943, 102
Trd, 4319011.143, 100
Trd, 4319011.993, 99
Trd, 4319012.293, 99
Trd, 4319013.043, 98
Trd, 4319014.893, 97
Trd, 4319015.743, 98
Trd, 4319016.993, 95
Trd, 4319018.493, 95
Trd, 4319018.993, 96
Trd, 4319019.043, 97
Trd, 4319022.193, 98
Trd, 4319024.343, 98
Trd, 4319024.493, 101
Trd, 4319026.893, 99
Trd, 4319027.743, 97
Trd, 4319027.843, 98
Trd, 4319028.593, 96
Trd, 4319029.543, 104
Trd, 4319030.893, 100
Trd, 4319032.843, 94
Trd, 4319032.893, 95
Trd, 4319033.993, 93
Trd, 4319035.093, 93
Trd, 4319036.693, 96
Trd, 4319037.643, 101
Trd, 4319040.843, 96
Trd, 4319041.893, 95
Trd, 4319042.843, 95
Trd, 4319043.493, 94
Trd, 4319043.893, 95
Trd, 4319045.543, 95
Trd, 4319045.893, 95
Trd, 4319047.743, 98
Trd, 4319048.743, 104
Trd, 4319048.943, 113
Trd, 4319050.793, 108
Trd, 4319051.293, 120
Trd, 4319053.143, 115
Trd, 4319057.543, 104
Trd, 4319057.893, 103
Trd, 4319059.043, 100
Trd, 4319060.293, 96
Trd, 4319062.043, 95
Trd, 4319062.293, 96
Trd, 4319063.343, 104
Trd, 4319067.243, 97
Trd, 4319067.743, 97
Trd, 4319067.893, 96
Trd, 4319068.993, 95
Trd, 4319069.293, 94
Trd, 4319070.743, 94
Trd, 4319071.643, 96
Trd, 4319074.993, 109
Trd, 4319076.043, 105
Trd, 4319078.493, 96
Trd, 4319078.943, 93
Trd, 4319079.893, 92
Trd, 4319080.443, 93
Trd, 4319082.443, 87
Trd, 4319083.143, 95
Trd, 4319085.793, 89
Trd, 4319086.043, 89
Trd, 4319089.793, 94
Trd, 4319091.443, 93
Trd, 4319091.943, 95
Trd, 4319092.493, 95
Trd, 4319094.293, 93
Trd, 4319094.693, 94
Trd, 4319094.793, 95
Trd, 4319096.293, 113
Trd, 4319099.543, 99
Trd, 4319099.843, 102
Trd, 4319101.443, 100
Trd, 4319102.943, 99
Trd, 4319103.593, 97
Trd, 4319103.893, 97
Trd, 4319105.043, 96
Trd, 4319108.093, 95
Trd, 4319108.593, 95
Trd, 4319110.043, 94
Trd, 4319110.543, 104
Trd, 4319111.243, 98
Trd, 4319113.343, 96
Trd, 4319113.593, 96
Trd, 4319115.843, 104
Trd, 4319116.243, 114
Trd, 4319117.693, 117
Trd, 4319119.543, 104
Trd, 4319119.593, 105
Trd, 4319120.543, 101
Trd, 4319122.093, 98
Trd, 4319122.843, 96
Trd, 4319123.493, 97
Trd, 4319126.043, 98
Trd, 4319127.443, 100
Trd, 4319128.593, 99
Trd, 4319129.193, 98
Trd, 4319131.993, 96
Trd, 4319132.043, 97
Trd, 4319132.893, 96
Trd, 4319133.993, 92
Trd, 4319134.893, 92
Trd, 4319135.643, 89
Trd, 4319136.893, 87
Trd, 4319138.093, 89
Trd, 4319138.743, 89
Trd, 4319140.493, 89
Trd, 4319141.343, 89
Trd, 4319142.193, 95
Trd, 4319143.693, 94
Trd, 4319144.093, 94
Trd, 4319144.793, 95
Trd, 4319144.993, 104
Trd, 4319148.643, 101
Trd, 4319149.243, 98
Trd, 4319149.743, 98
Trd, 4319150.143, 100
Trd, 4319152.543, 96
Trd, 4319154.043, 94
Trd, 4319154.743, 97
Trd, 4319155.343, 96
Trd, 4319156.793, 95
Trd, 4319157.643, 94
Trd, 4319158.593, 93
Trd, 4319161.493, 95
Trd, 4319162.343, 94
Trd, 4319163.143, 93
Trd, 4319163.293, 97
Trd, 4319165.693, 97
Trd, 4319166.093, 99
Trd, 4319167.143, 95
Trd, 4319167.893, 95
Trd, 4319170.143, 91
Trd, 4319171.743, 88
Trd, 4319171.943, 104
Trd, 4319172.393, 113
Trd, 4319173.143, 107
Trd, 4319176.093, 93
Trd, 4319176.243, 92
Trd, 4319178.243, 90
Trd, 4319178.943, 90
Trd, 4319179.343, 95
Trd, 4319181.943, 91
Trd, 4319182.793, 91
Trd, 4319183.993, 95
Trd, 4319185.193, 91
Trd, 4319185.493, 91
Trd, 4319186.443, 102
Trd, 4319192.443, 113
Trd, 4319192.593, 114
Trd, 4319193.343, 115
Trd, 4319195.293, 106
Trd, 4319196.093, 107
Trd, 4319198.193, 104
Trd, 4319198.543, 104
Trd, 4319199.243, 104
Trd, 4319200.243, 105
Trd, 4319201.193, 112
Trd, 4319202.693, 107
Trd, 4319203.843, 105
Trd, 4319204.793, 103
Trd, 4319205.693, 106
Trd, 4319207.943, 100
Trd, 4319208.293, 99
Trd, 4319208.893, 100
Trd, 4319210.193, 95
Trd, 4319210.993, 99
Trd, 4319211.343, 113
Trd, 4319215.493, 100
Trd, 4319215.793, 100
Trd, 4319216.393, 101
Trd, 4319216.843, 99
Trd, 4319217.643, 100
Trd, 4319218.793, 120
Trd, 4319221.343, 91
Trd, 4319221.543, 95
Trd, 4319223.393, 95
Trd, 4319224.443, 93
Trd, 4319225.193, 94
Trd, 4319227.193, 94
Trd, 4319228.193, 94
Trd, 4319228.843, 94
Trd, 4319231.193, 92
Trd, 4319232.693, 93
Trd, 4319234.393, 101
Trd, 4319234.443, 99
Trd, 4319236.043, 97
Trd, 4319238.143, 97
Trd, 4319238.843, 96
Trd, 4319240.293, 96
Trd, 4319241.893, 96
Trd, 4319242.543, 96
Trd, 4319243.093, 104
Trd, 4319244.943, 96
Trd, 4319245.393, 96
Trd, 4319248.043, 95
Trd, 4319249.193, 95
Trd, 4319249.543, 95
Trd, 4319250.143, 95
Trd, 4319250.943, 95
Trd, 4319252.743, 94
Trd, 4319253.493, 94
Trd, 4319253.893, 95
Trd, 4319254.543, 96
Trd, 4319259.143, 93
Trd, 4319259.193, 94
Trd, 4319260.043, 95
Trd, 4319260.543, 96
Trd, 4319262.893, 101
Trd, 4319264.243, 98
Trd, 4319265.343, 95
Trd, 4319265.443, 95
Trd, 4319265.643, 96
Trd, 4319268.293, 96
Trd, 4319269.493, 94
Trd, 4319269.843, 96
Trd, 4319272.493, 109
Trd, 4319272.793, 111
Trd, 4319274.993, 107
Trd, 4319276.693, 102
Trd, 4319277.643, 98
Trd, 4319278.243, 98
Trd, 4319278.793, 114
Trd, 4319282.643, 101
Trd, 4319283.143, 100
Trd, 4319283.643, 102
Trd, 4319285.143, 102
Trd, 4319286.993, 104
Trd, 4319287.743, 103
Trd, 4319287.943, 104
Trd, 4319289.593, 98
Trd, 4319290.493, 97
Trd, 4319291.093, 96
Trd, 4319291.393, 97
Trd, 4319295.243, 97
Trd, 4319295.693, 96
Trd, 4319296.843, 99
Trd, 4319298.993, 98
Trd, 4319299.093, 99
Trd, 4319301.243, 106
Trd, 4319302.343, 100
Trd, 4319302.493, 100
Trd, 4319303.543, 94
Trd, 4319303.643, 95
Trd, 4319304.943, 96
Trd, 4319306.843, 94
Trd, 4319306.943, 94
Trd, 4319307.443, 94
Trd, 4319309.243, 90
Trd, 4319311.443, 95
Trd, 4319312.143, 95
Trd, 4319314.493, 111
Trd, 4319314.643, 103
Trd, 4319315.093, 110
Trd, 4319316.593, 108
Trd, 4319318.393, 104
Trd, 4319319.243, 103
Trd, 4319319.393, 104
Trd, 4319322.143, 103
Trd, 4319322.693, 103
Trd, 4319323.243, 102
Trd, 4319326.193, 99
Trd, 4319326.293, 100
Trd, 4319328.893, 99
Trd, 4319330.743, 94
Trd, 4319331.243, 95
Trd, 4319331.843, 97
Trd, 4319332.393, 113
Trd, 4319333.393, 111
Trd, 4319334.243, 101
Trd, 4319335.343, 100
Trd, 4319337.593, 96
Trd, 4319338.493, 97
Trd, 4319340.093, 96
Trd, 4319342.743, 94
Trd, 4319343.643, 93
Trd, 4319345.493, 92
Trd, 4319345.793, 96
Trd, 4319346.393, 104
Trd, 4319348.343, 98
Trd, 4319348.643, 99
Trd, 4319350.693, 97
Trd, 4319351.393, 95
Trd, 4319352.093, 94
Trd, 4319353.143, 91
Trd, 4319355.193, 95
Trd, 4319355.543, 96
Trd, 4319358.343, 96
Trd, 4319361.793, 101
Trd, 4319361.943, 107
Trd, 4319362.393, 107
Trd, 4319364.243, 102
Trd, 4319364.493, 101
Trd, 4319364.643, 101
Trd, 4319367.143, 98
Trd, 4319367.943, 95
Trd, 4319368.293, 96
Trd, 4319368.443, 96
Trd, 4319369.893, 100
Trd, 4319372.093, 100
Trd, 4319372.743, 99
Trd, 4319373.943, 98
Trd, 4319374.693, 97
Trd, 4319376.343, 100
Trd, 4319377.943, 100
Trd, 4319378.943, 103
Trd, 4319380.043, 103
Trd, 4319381.443, 98
Trd, 4319381.493, 97
Trd, 4319382.143, 96
Trd, 4319383.493, 95
Trd, 4319383.893, 95
Trd, 4319384.943, 95
Trd, 4319386.743, 96
Trd, 4319388.843, 105
Trd, 4319389.743, 104
Trd, 4319389.793, 105
Trd, 4319392.693, 104
Trd, 4319394.743, 105
Trd, 4319395.493, 106
Trd, 4319397.143, 104
Trd, 4319398.143, 104
Trd, 4319399.493, 103
Trd, 4319400.443, 101
Trd, 4319400.493, 102
Trd, 4319403.793, 98
Trd, 4319403.993, 101
Trd, 4319404.793, 101
Trd, 4319405.493, 102
Trd, 4319409.593, 101
Trd, 4319410.743, 99
Trd, 4319410.943, 98
Trd, 4319411.693, 99
Trd, 4319411.893, 99
Trd, 4319412.543, 111
Trd, 4319414.693, 112
Trd, 4319416.243, 113
Trd, 4319418.543, 100
Trd, 4319419.693, 99
Trd, 4319421.293, 97
Trd, 4319421.593, 97
Trd, 4319423.043, 96
Trd, 4319424.693, 95
Trd, 4319424.993, 97
Trd, 4319425.793, 104
Trd, 4319428.093, 98
Trd, 4319428.843, 97
Trd, 4319429.543, 100
Trd, 4319429.893, 102
Trd, 4319431.443, 102
Trd, 4319431.643, 103
Trd, 4319434.643, 103
Trd, 4319434.993, 102
Trd, 4319435.843, 102
Trd, 4319436.993, 104
Trd, 4319438.093, 99
Trd, 4319438.793, 99
Trd, 4319439.893, 98
Trd, 4319440.043, 96
Trd, 4319440.593, 97
Trd, 4319442.393, 108
Trd, 4319445.743, 100
Trd, 4319446.093, 95
Trd, 4319447.493, 104
Trd, 4319448.093, 101
Trd, 4319449.593, 109
Trd, 4319451.993, 103
Trd, 4319452.493, 103
Trd, 4319453.493, 102
Trd, 4319453.893, 103
Trd, 4319455.493, 107
Trd, 4319456.043, 109
Trd, 4319457.993, 103
Trd, 4319458.793, 101
Trd, 4319459.393, 99
Trd, 4319459.993, 98
Trd, 4319460.793, 98
Trd, 4319462.743, 96
Trd, 4319465.093, 96
Trd, 4319465.993, 94
Trd, 4319466.243, 95
Trd, 4319467.643, 95
Trd, 4319470.093, 97
Trd, 4319472.243, 96
Trd, 4319472.593, 96
Trd, 4319473.793, 96
Trd, 4319475.143, 95
Trd, 4319476.293, 95
Trd, 4319476.543, 94
Trd, 4319478.543, 93
Trd, 4319479.443, 92
Trd, 4319480.143, 93
Trd, 4319481.293, 94
Trd, 4319481.643, 95
Trd, 4319485.043, 93
Trd, 4319485.343, 93
Trd, 4319485.843, 92
Trd, 4319486.893, 94
Trd, 4319488.193, 92
Trd, 4319490.043, 94
Trd, 4319491.093, 92
Trd, 4319492.393, 92
Trd, 4319495.043, 92
Trd, 4319495.593, 95
Trd, 4319496.743, 94
Trd, 4319497.443, 104
Trd, 4319500.093, 97
Trd, 4319500.343, 98
Trd, 4319502.743, 99
Trd, 4319503.793, 100
Trd, 4319505.293, 99
Trd, 4319506.893, 96
Trd, 4319507.393, 98
Trd, 4319510.393, 94
Trd, 4319512.493, 95
Trd, 4319512.793, 97
Trd, 4319512.893, 104
Trd, 4319515.993, 94
Trd, 4319516.343, 94
Trd, 4319517.493, 94
Trd, 4319519.043, 93
Trd, 4319519.493, 94
Trd, 4319519.943, 92
Trd, 4319520.093, 93
Trd, 4319522.393, 92
Trd, 4319522.443, 95
Trd, 4319523.043, 104
Trd, 4319523.593, 112
Trd, 4319526.243, 104
Trd, 4319530.093, 95
Trd, 4319531.043, 94
Trd, 4319532.293, 93
Trd, 4319533.093, 94
Trd, 4319533.193, 95
Trd, 4319535.193, 95
Trd, 4319535.743, 101
Trd, 4319540.093, 95
Trd, 4319540.793, 94
Trd, 4319541.143, 95
Trd, 4319542.543, 94
Trd, 4319546.893, 95
Trd, 4319547.643, 93
Trd, 4319547.843, 92
Trd, 4319548.743, 91
Trd, 4319548.843, 92
Trd, 4319551.443, 94
Trd, 4319551.693, 95
Trd, 4319552.893, 106
Trd, 4319555.393, 107
Trd, 4319556.093, 104
Trd, 4319556.393, 108
Trd, 4319558.993, 105
Trd, 4319560.043, 99
Trd, 4319561.443, 97
Trd, 4319561.593, 98
Trd, 4319562.293, 95
Trd, 4319563.043, 95
Trd, 4319563.643, 96
Trd, 4319564.393, 98
Trd, 4319566.243, 96
Trd, 4319567.593, 94
Trd, 4319567.793, 94
Trd, 4319568.993, 93
Trd, 4319570.143, 86
Trd, 4319571.843, 94
Trd, 4319573.043, 89
Trd, 4319573.943, 89
Trd, 4319574.893, 89
Trd, 4319575.143, 95
Trd, 4319576.843, 95
Trd, 4319578.093, 92
Trd, 4319578.543, 87
Trd, 4319578.993, 88
Trd, 4319581.693, 88
Trd, 4319581.893, 91
Trd, 4319584.893, 94
Trd, 4319585.793, 95
Trd, 4319587.243, 102
Trd, 4319590.443, 92
Trd, 4319590.993, 91
Trd, 4319591.693, 90
Trd, 4319592.643, 95
Trd, 4319593.843, 103
Trd, 4319594.143, 104
Trd, 4319595.443, 113
Trd, 4319597.943, 101
Trd, 4319599.743, 97
Trd, 4319601.493, 94
Trd, 4319601.843, 95
Trd, 4319602.893, 97
Trd, 4319604.993, 104
Trd, 4319605.343, 99
Trd, 4319606.843, 108
Trd, 4319608.693, 101
Trd, 4319609.893, 100
Trd, 4319610.993, 97
Trd, 4319611.793, 97
Trd, 4319612.893, 95
Trd, 4319613.393, 96
Trd, 4319615.393, 99
Trd, 4319616.293, 94
Trd, 4319617.143, 93
Trd, 4319618.393, 92
Trd, 4319618.993, 91
Trd, 4319621.693, 91
Trd, 4319622.193, 91
Trd, 4319622.743, 92
Trd, 4319624.643, 95
Trd, 4319625.443, 103
Trd, 4319626.493, 96
Trd, 4319627.693, 94
Trd, 4319629.493, 120
Trd, 4319631.243, 104
Trd, 4319631.943, 105
Trd, 4319633.943, 102
Trd, 4319635.393, 99
Trd, 4319635.893, 101
Trd, 4319638.093, 101
Trd, 4319639.543, 92
Trd, 4319640.043, 94
Trd, 4319641.193, 92
Trd, 4319641.693, 92
Trd, 4319641.893, 95
Trd, 4319642.193, 116
Trd, 4319644.843, 99
Trd, 4319646.093, 96
Trd, 4319647.843, 94
Trd, 4319649.493, 92
Trd, 4319650.243, 90
Trd, 4319650.993, 89
Trd, 4319651.493, 95
Trd, 4319654.593, 92
Trd, 4319655.593, 107
Trd, 4319657.943, 103
Trd, 4319658.443, 103
Trd, 4319658.643, 104
Trd, 4319659.893, 96
Trd, 4319661.393, 94
Trd, 4319662.293, 94
Trd, 4319664.143, 91
Trd, 4319665.243, 94
Trd, 4319666.093, 103
Trd, 4319668.643, 91
Trd, 4319669.243, 92
Trd, 4319669.293, 96
Trd, 4319670.493, 95
Trd, 4319672.143, 94
Trd, 4319673.143, 93
Trd, 4319673.643, 95
Trd, 4319678.093, 103
Trd, 4319678.793, 96
Trd, 4319678.893, 95
Trd, 4319678.993, 104
Trd, 4319681.493, 95
Trd, 4319683.143, 90
Trd, 4319683.743, 86
Trd, 4319683.843, 87
Trd, 4319684.643, 88
Trd, 4319685.343, 103
Trd, 4319687.543, 96
Trd, 4319690.493, 94
Trd, 4319692.243, 94
Trd, 4319692.793, 93
Trd, 4319695.393, 95
Trd, 4319695.443, 112
Trd, 4319696.893, 109
Trd, 4319699.593, 99
Trd, 4319701.293, 97
Trd, 4319701.893, 96
Trd, 4319702.843, 97
Trd, 4319703.393, 102
Trd, 4319704.193, 100
Trd, 4319705.993, 98
Trd, 4319706.243, 99
Trd, 4319706.893, 99
Trd, 4319708.843, 98
Trd, 4319711.193, 95
Trd, 4319711.843, 94
Trd, 4319712.393, 96
Trd, 4319714.393, 95
Trd, 4319714.893, 94
Trd, 4319716.443, 93
Trd, 4319717.543, 94
Trd, 4319718.393, 95
Trd, 4319719.493, 111
Trd, 4319720.043, 101
Trd, 4319721.693, 100
Trd, 4319722.943, 101
Trd, 4319723.593, 112
Trd, 4319724.943, 110
Trd, 4319726.943, 100
Trd, 4319728.493, 100
Trd, 4319729.593, 97
Trd, 4319730.293, 97
Trd, 4319731.493, 95
Trd, 4319733.143, 94
Trd, 4319733.643, 95
Trd, 4319734.193, 95
Trd, 4319737.193, 104
Trd, 4319739.043, 99
Trd, 4319741.043, 100
Trd, 4319741.093, 100
Trd, 4319742.243, 110
Trd, 4319743.643, 105
Trd, 4319745.543, 101
Trd, 4319746.093, 101
Trd, 4319746.543, 104
Trd, 4319746.643, 113
Trd, 4319750.793, 96
Trd, 4319751.143, 96
Trd, 4319751.693, 97
Trd, 4319751.743, 104
Trd, 4319752.943, 111
Trd, 4319755.643, 100
Trd, 4319756.543, 100
Trd, 4319757.543, 110
Trd, 4319759.943, 110
Trd, 4319760.743, 104
Trd, 4319763.193, 94
Trd, 4319764.043, 92
Trd, 4319765.643, 90
Trd, 4319765.743, 96
Trd, 4319766.493, 103
Trd, 4319767.243, 104
Trd, 4319770.943, 98
Trd, 4319772.093, 93
Trd, 4319772.243, 104
Trd, 4319773.643, 110
Trd, 4319774.993, 93
Trd, 4319775.843, 93
Trd, 4319777.943, 92
Trd, 4319778.693, 93
Trd, 4319779.893, 96
Trd, 4319781.093, 101
Trd, 4319784.043, 97
Trd, 4319784.443, 97
Trd, 4319784.993, 97
Trd, 4319785.143, 98
Trd, 4319786.893, 99
Trd, 4319787.843, 109
Trd, 4319788.143, 109
Trd, 4319790.893, 107
Trd, 4319793.193, 100
Trd, 4319793.593, 101
Trd, 4319794.043, 100
Trd, 4319794.293, 102
Trd, 4319794.643, 104
Trd, 4319799.143, 100
Trd, 4319799.893, 98
Trd, 4319800.743, 97
Trd, 4319801.143, 97
Trd, 4319802.343, 95
Trd, 4319803.143, 95
Trd, 4319804.343, 94
Trd, 4319806.593, 92
Trd, 4319807.593, 93
Trd, 4319808.043, 96
Trd, 4319809.943, 95
Trd, 4319810.343, 95
Trd, 4319811.443, 92
Trd, 4319811.993, 93
Trd, 4319813.093, 94
Trd, 4319814.743, 100
Trd, 4319815.543, 97
Trd, 4319818.343, 92
Trd, 4319818.393, 94
Trd, 4319820.043, 96
Trd, 4319820.243, 104
Trd, 4319821.693, 100
Trd, 4319822.693, 101
Trd, 4319824.743, 96
Trd, 4319824.993, 96
Trd, 4319825.393, 94
Trd, 4319826.443, 93
Trd, 4319829.043, 93
Trd, 4319829.293, 122
Trd, 4319833.493, 86
Trd, 4319833.793, 86
Trd, 4319834.143, 86
Trd, 4319834.493, 87
Trd, 4319835.993, 93
Trd, 4319838.993, 89
Trd, 4319841.243, 88
Trd, 4319841.893, 87
Trd, 4319842.493, 88
Trd, 4319843.043, 91
Trd, 4319845.143, 95
Trd, 4319845.293, 104
Trd, 4319848.443, 98
Trd, 4319850.193, 98
Trd, 4319851.243, 95
Trd, 4319851.343, 96
Trd, 4319853.143, 96
Trd, 4319853.743, 103
Trd, 4319853.993, 114
Trd, 4319855.193, 119
Trd, 4319858.743, 102
Trd, 4319859.043, 102
Trd, 4319859.543, 103
Trd, 4319859.593, 104
Trd, 4319861.293, 105
Trd, 4319861.443, 115
Trd, 4319863.343, 109
Trd, 4319864.993, 106
Trd, 4319865.793, 106
Trd, 4319868.043, 99
Trd, 4319868.143, 98
Trd, 4319869.643, 99
Trd, 4319869.843, 99
Trd, 4319870.443, 99
Trd, 4319872.093, 98
Trd, 4319874.093, 97
Trd, 4319874.593, 95
Trd, 4319876.493, 96
Trd, 4319877.343, 97
Trd, 4319878.543, 113
Trd, 4319878.593, 120
Trd, 4319881.593, 111
Trd, 4319884.293, 105
Trd, 4319885.543, 103
Trd, 4319887.643, 103
Trd, 4319887.693, 103
Trd, 4319888.843, 102
Trd, 4319891.393, 101
Trd, 4319891.643, 102
Trd, 4319892.893, 102
Trd, 4319894.743, 101
Trd, 4319897.743, 99
Trd, 4319898.843, 98
Trd, 4319898.943, 98
Trd, 4319900.043, 94
Trd, 4319900.843, 103
Trd, 4319901.343, 104
Trd, 4319904.643, 96
Trd, 4319905.193, 96
Trd, 4319906.493, 94
Trd, 4319906.643, 94
Trd, 4319908.643, 91
Trd, 4319908.843, 92
Trd, 4319909.493, 95
Trd, 4319911.393, 92
Trd, 4319912.343, 92
Trd, 4319912.493, 91
Trd, 4319912.543, 93
Trd, 4319913.193, 104
Trd, 4319913.493, 113
Trd, 4319914.293, 106
Trd, 4319917.393, 101
Trd, 4319919.593, 98
Trd, 4319920.293, 98
Trd, 4319920.993, 97
Trd, 4319922.393, 94
Trd, 4319922.743, 96
Trd, 4319923.693, 112
Trd, 4319925.143, 110
Trd, 4319926.143, 106
Trd, 4319928.443, 96
Trd, 4319928.943, 96
Trd, 4319929.193, 96
Trd, 4319929.843, 108
Trd, 4319931.143, 100
Trd, 4319934.193, 99
Trd, 4319934.793, 99
Trd, 4319935.243, 97
Trd, 4319936.693, 98
Trd, 4319938.943, 97
Trd, 4319938.993, 98
Trd, 4319940.893, 97
Trd, 4319941.193, 98
Trd, 4319941.243, 104
Trd, 4319944.643, 95
Trd, 4319944.793, 94
Trd, 4319944.843, 95
Trd, 4319947.093, 94
Trd, 4319948.643, 95
Trd, 4319948.893, 94
Trd, 4319949.943, 104
Trd, 4319951.093, 100
Trd, 4319951.843, 108
Trd, 4319952.743, 104
Trd, 4319954.543, 99
Trd, 4319955.093, 98
Trd, 4319956.393, 97
Trd, 4319959.343, 97
Trd, 4319959.943, 98
Trd, 4319960.393, 98
Trd, 4319961.543, 97
Trd, 4319962.543, 95
Trd, 4319963.743, 96
Trd, 4319965.693, 95
Trd, 4319966.293, 95
Trd, 4319968.743, 93
Trd, 4319970.543, 92
Trd, 4319970.593, 93
Trd, 4319971.743, 92
Trd, 4319972.393, 91
Trd, 4319972.693, 92
Trd, 4319974.443, 91
Trd, 4319976.743, 88
Trd, 4319977.143, 86
Trd, 4319977.493, 87
Trd, 4319979.243, 87
Trd, 4319979.393, 95
Trd, 4319981.243, 92
Trd, 4319981.593, 102
Trd, 4319984.143, 95
Trd, 4319985.143, 92
Trd, 4319985.693, 93
Trd, 4319986.843, 113
Trd, 4319989.993, 100
Trd, 4319991.543, 97
Trd, 4319991.843, 96
Trd, 4319992.943, 96
Trd, 4319993.793, 92
Trd, 4319994.993, 93
Trd, 4319995.343, 95
Trd, 4319997.293, 92
Trd, 4319998.143, 93
