Trd, 4317908.093, 108
Trd, 4317908.493, 104
Trd, 4317909.693, 93
Trd, 4317911.293, 101
Trd, 4317912.143, 104
Trd, 4317913.643, 99
Trd, 4317914.493, 96
Trd, 4317916.443, 78
Trd, 4317917.543, 95
Trd, 4317918.943, 93
Trd, 4317919.293, 96
Trd, 4317919.593, 94
Trd, 4317920.593, 97
Trd, 4317923.193, 97
Trd, 4317923.543, 95
Trd, 4317924.593, 95
Trd, 4317925.243, 96
Trd, 4317925.893, 105
Trd, 4317929.243, 97
Trd, 4317929.593, 98
Trd, 4317930.193, 99
Trd, 4317930.393, 96
Trd, 4317930.893, 94
Trd, 4317934.493, 93
Trd, 4317935.843, 92
Trd, 4317935.943, 87
Trd, 4317937.743, 92
Trd, 4317938.043, 96
Trd, 4317938.143, 91
Trd, 4317938.693, 85
Trd, 4317940.943, 104
Trd, 4317942.793, 111
Trd, 4317944.243, 82
Trd, 4317945.143, 98
Trd, 4317945.493, 97
Trd, 4317946.093, 99
Trd, 4317948.243, 100
Trd, 4317949.543, 98
Trd, 4317950.293, 96
Trd, 4317951.243, 104
Trd, 4317951.293, 97
Trd, 4317954.393, 99
Trd, 4317955.043, 102
Trd, 4317955.993, 101
Trd, 4317957.043, 102
Trd, 4317957.193, 100
Trd, 4317959.293, 87
Trd, 4317959.443, 84
Trd, 4317959.543, 78
Trd, 4317962.043, 94
Trd, 4317962.443, 95
Trd, 4317963.243, 94
Trd, 4317966.193, 94
Trd, 4317966.743, 95
Trd, 4317967.943, 93
Trd, 4317969.293, 90
Trd, 4317969.343, 86
Trd, 4317969.593, 112
Trd, 4317974.193, 95
Trd, 4317976.243, 91
Trd, 4317977.543, 92
Trd, 4317978.543, 91
Trd, 4317979.193, 96
Trd, 4317979.693, 92
Trd, 4317981.543, 97
Trd, 4317982.543, 91
Trd, 4317983.893, 90
Trd, 4317985.343, 90
Trd, 4317985.493, 93
Trd, 4317986.243, 78
Trd, 4317988.343, 89
Trd, 4317990.093, 90
Trd, 4317990.143, 95
Trd, 4317990.993, 104
Trd, 4317991.043, 91
Trd, 4317992.093, 89
Trd, 4317995.143, 95
Trd, 4317995.993, 95
Trd, 4317996.043, 110
Trd, 4317997.193, 89
Trd, 4317997.343, 84
Trd, 4317997.793, 96
Trd, 4317999.343, 94
Trd, 4318000.543, 93
Trd, 4318000.643, 112
Trd, 4318003.443, 87
Trd, 4318003.843, 76
Trd, 4318005.643, 96
Trd, 4318006.193, 92
Trd, 4318007.193, 93
Trd, 4318008.643, 96
Trd, 4318011.043, 97
Trd, 4318011.643, 94
Trd, 4318014.793, 98
Trd, 4318015.243, 100
Trd, 4318015.593, 98
Trd, 4318016.143, 106
Trd, 4318017.593, 101
Trd, 4318018.443, 102
Trd, 4318019.143, 101
Trd, 4318020.793, 88
Trd, 4318020.843, 83
Trd, 4318021.243, 104
Trd, 4318022.843, 123
Trd, 4318023.943, 115
Trd, 4318024.493, 98
Trd, 4318024.593, 96
Trd, 4318028.493, 103
Trd, 4318028.543, 99
Trd, 4318028.643, 97
Trd, 4318031.593, 103
Trd, 4318032.743, 98
Trd, 4318033.043, 103
Trd, 4318034.243, 104
Trd, 4318035.793, 97
Trd, 4318037.393, 90
Trd, 4318037.743, 76
Trd, 4318038.743, 91
Trd, 4318038.943, 95
Trd, 4318040.843, 91
Trd, 4318043.293, 96
Trd, 4318044.643, 97
Trd, 4318044.993, 104
Trd, 4318045.593, 93
Trd, 4318045.893, 93
Trd, 4318047.843, 87
Trd, 4318048.393, 98
Trd, 4318048.443, 86
Trd, 4318052.143, 94
Trd, 4318052.493, 104
Trd, 4318055.943, 94
Trd, 4318056.243, 90
Trd, 4318057.143, 95
Trd, 4318057.493, 93
Trd, 4318058.443, 96
Trd, 4318058.593, 115
Trd, 4318058.743, 92
Trd, 4318059.143, 92
Trd, 4318064.793, 101
Trd, 4318065.893, 98
Trd, 4318066.793, 96
Trd, 4318067.093, 95
Trd, 4318069.093, 92
Trd, 4318069.593, 76
Trd, 4318072.043, 95
Trd, 4318072.893, 94
Trd, 4318073.493, 91
Trd, 4318073.993, 90
Trd, 4318074.893, 80
Trd, 4318076.393, 95
Trd, 4318076.643, 95
Trd, 4318079.543, 97
Trd, 4318079.693, 97
Trd, 4318080.393, 94
Trd, 4318080.993, 115
Trd, 4318084.593, 101
Trd, 4318085.943, 97
Trd, 4318086.343, 83
Trd, 4318087.043, 115
Trd, 4318088.443, 98
Trd, 4318088.643, 81
Trd, 4318090.743, 98
Trd, 4318091.643, 93
Trd, 4318091.993, 92
Trd, 4318095.393, 98
Trd, 4318096.393, 92
Trd, 4318096.543, 98
Trd, 4318098.993, 93
Trd, 4318099.443, 92
Trd, 4318100.043, 76
Trd, 4318103.943, 92
Trd, 4318104.843, 98
Trd, 4318106.493, 92
Trd, 4318107.693, 92
Trd, 4318108.493, 95
Trd, 4318110.593, 90
Trd, 4318112.243, 94
Trd, 4318112.543, 90
Trd, 4318114.043, 104
Trd, 4318115.293, 89
Trd, 4318115.843, 95
Trd, 4318116.593, 94
Trd, 4318117.543, 93
Trd, 4318119.143, 104
Trd, 4318120.543, 100
Trd, 4318122.043, 96
Trd, 4318123.143, 100
Trd, 4318124.193, 99
Trd, 4318125.693, 99
Trd, 4318127.043, 99
Trd, 4318127.843, 101
Trd, 4318128.693, 98
Trd, 4318128.943, 93
Trd, 4318129.693, 98
Trd, 4318129.793, 104
Trd, 4318130.893, 90
Trd, 4318133.543, 102
Trd, 4318133.743, 99
Trd, 4318135.193, 97
Trd, 4318136.193, 102
Trd, 4318138.493, 100
Trd, 4318139.393, 99
Trd, 4318139.543, 103
Trd, 4318141.993, 97
Trd, 4318143.843, 96
Trd, 4318144.193, 102
Trd, 4318145.343, 97
Trd, 4318145.643, 96
Trd, 4318146.093, 102
Trd, 4318147.243, 96
Trd, 4318149.493, 102
Trd, 4318150.893, 92
Trd, 4318151.143, 104
Trd, 4318152.893, 87
Trd, 4318154.893, 96
Trd, 4318155.593, 114
Trd, 4318155.993, 96
Trd, 4318156.943, 95
Trd, 4318157.443, 99
Trd, 4318157.593, 95
Trd, 4318161.443, 102
Trd, 4318161.743, 94
Trd, 4318163.143, 103
Trd, 4318164.743, 100
Trd, 4318164.843, 97
Trd, 4318165.893, 100
Trd, 4318165.943, 104
Trd, 4318167.343, 97
Trd, 4318167.443, 76
Trd, 4318171.243, 86
Trd, 4318172.043, 76
Trd, 4318172.093, 89
Trd, 4318174.943, 95
Trd, 4318175.343, 89
Trd, 4318177.043, 88
Trd, 4318178.443, 94
Trd, 4318179.193, 91
Trd, 4318179.793, 95
Trd, 4318183.143, 97
Trd, 4318183.293, 96
Trd, 4318184.093, 96
Trd, 4318185.093, 88
Trd, 4318185.443, 113
Trd, 4318185.943, 105
Trd, 4318186.893, 99
Trd, 4318187.843, 101
Trd, 4318188.693, 120
Trd, 4318190.843, 103
Trd, 4318195.343, 107
Trd, 4318196.093, 102
Trd, 4318196.143, 95
Trd, 4318197.643, 105
Trd, 4318198.793, 102
Trd, 4318201.393, 103
Trd, 4318201.993, 101
Trd, 4318202.343, 102
Trd, 4318202.393, 101
Trd, 4318203.343, 85
Trd, 4318204.793, 104
Trd, 4318209.393, 101
Trd, 4318209.893, 102
Trd, 4318210.243, 90
Trd, 4318211.093, 113
Trd, 4318212.593, 99
Trd, 4318212.893, 86
Trd, 4318214.393, 90
Trd, 4318216.793, 91
Trd, 4318217.793, 81
Trd, 4318218.643, 90
Trd, 4318219.643, 86
Trd, 4318220.943, 87
Trd, 4318222.643, 88
Trd, 4318224.343, 89
Trd, 4318224.793, 99
Trd, 4318226.743, 90
Trd, 4318227.343, 92
Trd, 4318227.943, 91
Trd, 4318230.343, 82
Trd, 4318230.743, 89
Trd, 4318231.543, 99
Trd, 4318231.843, 104
Trd, 4318233.243, 90
Trd, 4318235.093, 91
Trd, 4318235.793, 92
Trd, 4318236.443, 94
Trd, 4318236.793, 90
Trd, 4318238.043, 97
Trd, 4318240.943, 95
Trd, 4318241.493, 99
Trd, 4318242.693, 96
Trd, 4318244.743, 94
Trd, 4318244.993, 97
Trd, 4318245.743, 93
Trd, 4318246.793, 95
Trd, 4318249.693, 96
Trd, 4318250.293, 98
Trd, 4318250.393, 104
Trd, 4318252.043, 101
Trd, 4318253.593, 104
Trd, 4318254.893, 94
Trd, 4318256.243, 93
Trd, 4318256.493, 93
Trd, 4318259.193, 96
Trd, 4318259.893, 97
Trd, 4318260.243, 94
Trd, 4318261.043, 93
Trd, 4318263.393, 99
Trd, 4318264.743, 99
Trd, 4318265.043, 93
Trd, 4318266.693, 92
Trd, 4318266.793, 97
Trd, 4318267.943, 96
Trd, 4318268.043, 95
Trd, 4318269.193, 96
Trd, 4318271.793, 95
Trd, 4318273.543, 97
Trd, 4318274.143, 98
Trd, 4318274.793, 95
Trd, 4318275.293, 94
Trd, 4318276.143, 85
Trd, 4318279.293, 94
Trd, 4318279.743, 76
Trd, 4318281.843, 97
Trd, 4318282.843, 97
Trd, 4318283.393, 91
Trd, 4318285.493, 90
Trd, 4318286.243, 92
Trd, 4318286.893, 95
Trd, 4318290.243, 95
Trd, 4318291.143, 92
Trd, 4318291.743, 104
Trd, 4318292.343, 93
Trd, 4318292.743, 92
Trd, 4318292.793, 97
Trd, 4318296.243, 93
Trd, 4318297.093, 93
Trd, 4318297.993, 96
Trd, 4318298.943, 97
Trd, 4318299.693, 97
Trd, 4318302.193, 94
Trd, 4318302.343, 96
Trd, 4318304.943, 94
Trd, 4318305.293, 97
Trd, 4318305.393, 93
Trd, 4318307.443, 96
Trd, 4318308.593, 93
Trd, 4318309.043, 86
Trd, 4318309.943, 113
Trd, 4318310.643, 91
Trd, 4318311.093, 104
Trd, 4318312.893, 99
Trd, 4318315.693, 97
Trd, 4318315.993, 96
Trd, 4318317.443, 99
Trd, 4318318.343, 97
Trd, 4318318.593, 96
Trd, 4318321.393, 99
Trd, 4318322.293, 95
Trd, 4318322.943, 86
Trd, 4318323.143, 92
Trd, 4318324.993, 92
Trd, 4318326.093, 90
Trd, 4318326.243, 87
Trd, 4318327.293, 77
Trd, 4318328.143, 104
Trd, 4318330.743, 112
Trd, 4318331.793, 108
Trd, 4318332.443, 104
Trd, 4318333.743, 101
Trd, 4318334.093, 108
Trd, 4318335.093, 100
Trd, 4318337.993, 100
Trd, 4318338.293, 103
Trd, 4318338.643, 99
Trd, 4318338.693, 99
Trd, 4318340.543, 112
Trd, 4318341.293, 86
Trd, 4318342.393, 96
Trd, 4318344.043, 97
Trd, 4318344.243, 96
Trd, 4318345.793, 89
Trd, 4318345.943, 93
Trd, 4318348.043, 93
Trd, 4318349.393, 84
Trd, 4318349.443, 97
Trd, 4318350.393, 97
Trd, 4318350.793, 91
Trd, 4318352.193, 87
Trd, 4318354.343, 93
Trd, 4318355.743, 99
Trd, 4318356.793, 98
Trd, 4318356.993, 113
Trd, 4318358.793, 100
Trd, 4318359.643, 105
Trd, 4318360.793, 99
Trd, 4318362.843, 98
Trd, 4318363.893, 104
Trd, 4318363.993, 97
Trd, 4318365.793, 97
Trd, 4318367.843, 100
Trd, 4318367.993, 98
Trd, 4318370.493, 94
Trd, 4318372.593, 99
Trd, 4318374.743, 99
Trd, 4318374.893, 98
Trd, 4318375.193, 96
Trd, 4318375.543, 104
Trd, 4318376.193, 87
Trd, 4318376.493, 93
Trd, 4318378.693, 97
Trd, 4318380.243, 98
Trd, 4318380.393, 94
Trd, 4318381.693, 104
Trd, 4318381.993, 96
Trd, 4318385.493, 99
Trd, 4318386.293, 90
Trd, 4318388.893, 97
Trd, 4318391.693, 95
Trd, 4318392.293, 94
Trd, 4318393.293, 98
Trd, 4318393.493, 97
Trd, 4318394.193, 95
Trd, 4318394.343, 93
Trd, 4318395.943, 96
Trd, 4318397.793, 100
Trd, 4318398.893, 99
Trd, 4318399.093, 109
Trd, 4318399.593, 88
Trd, 4318399.843, 113
Trd, 4318404.143, 101
Trd, 4318404.443, 99
Trd, 4318404.593, 103
Trd, 4318405.293, 104
Trd, 4318406.443, 104
Trd, 4318406.593, 98
Trd, 4318408.593, 112
Trd, 4318410.443, 80
Trd, 4318411.893, 89
Trd, 4318411.993, 91
Trd, 4318413.393, 94
Trd, 4318413.793, 96
Trd, 4318414.393, 95
Trd, 4318415.793, 95
Trd, 4318416.793, 94
Trd, 4318416.943, 94
Trd, 4318418.943, 86
Trd, 4318419.143, 96
Trd, 4318421.343, 94
Trd, 4318421.593, 97
Trd, 4318424.043, 94
Trd, 4318424.093, 76
Trd, 4318426.393, 88
Trd, 4318427.343, 78
Trd, 4318428.543, 96
Trd, 4318428.793, 104
Trd, 4318431.893, 104
Trd, 4318431.943, 96
Trd, 4318432.243, 93
Trd, 4318434.393, 106
Trd, 4318434.793, 98
Trd, 4318434.943, 111
Trd, 4318436.393, 106
Trd, 4318436.543, 94
Trd, 4318436.943, 107
Trd, 4318437.293, 78
Trd, 4318439.343, 96
Trd, 4318440.643, 96
Trd, 4318442.443, 104
Trd, 4318443.393, 112
Trd, 4318444.443, 99
Trd, 4318444.493, 99
Trd, 4318447.043, 82
Trd, 4318447.843, 100
Trd, 4318449.293, 95
Trd, 4318450.693, 104
Trd, 4318451.493, 95
Trd, 4318452.143, 112
Trd, 4318452.343, 109
Trd, 4318455.243, 105
Trd, 4318456.493, 102
Trd, 4318456.993, 101
Trd, 4318460.893, 101
Trd, 4318461.543, 105
Trd, 4318462.643, 112
Trd, 4318463.043, 92
Trd, 4318465.243, 100
Trd, 4318465.293, 99
Trd, 4318467.243, 100
Trd, 4318468.293, 104
Trd, 4318469.293, 99
Trd, 4318469.843, 101
Trd, 4318470.893, 100
Trd, 4318472.193, 100
Trd, 4318475.843, 110
Trd, 4318475.993, 104
Trd, 4318476.343, 113
Trd, 4318479.043, 104
Trd, 4318479.693, 102
Trd, 4318479.993, 89
Trd, 4318481.143, 103
Trd, 4318483.243, 104
Trd, 4318483.893, 104
Trd, 4318484.043, 103
Trd, 4318485.793, 105
Trd, 4318487.543, 103
Trd, 4318489.793, 102
Trd, 4318489.843, 104
Trd, 4318490.593, 90
Trd, 4318493.393, 100
Trd, 4318493.643, 104
Trd, 4318494.343, 99
Trd, 4318494.593, 92
Trd, 4318497.343, 97
Trd, 4318497.643, 104
Trd, 4318501.993, 98
Trd, 4318502.093, 104
Trd, 4318503.043, 98
Trd, 4318503.443, 103
Trd, 4318504.693, 103
Trd, 4318505.393, 97
Trd, 4318507.143, 97
Trd, 4318508.493, 98
Trd, 4318508.793, 99
Trd, 4318510.443, 96
Trd, 4318511.793, 104
Trd, 4318512.543, 101
Trd, 4318513.093, 95
Trd, 4318513.943, 95
Trd, 4318514.943, 96
Trd, 4318516.843, 90
Trd, 4318517.893, 101
Trd, 4318518.993, 113
Trd, 4318520.393, 101
Trd, 4318523.093, 102
Trd, 4318523.343, 104
Trd, 4318523.643, 102
Trd, 4318525.793, 85
Trd, 4318526.243, 103
Trd, 4318528.593, 103
Trd, 4318529.343, 104
Trd, 4318532.093, 101
Trd, 4318532.193, 100
Trd, 4318532.793, 94
Trd, 4318534.293, 101
Trd, 4318536.593, 103
Trd, 4318536.843, 107
Trd, 4318537.093, 102
Trd, 4318538.093, 131
Trd, 4318538.743, 102
Trd, 4318541.493, 103
Trd, 4318543.043, 94
Trd, 4318544.293, 101
Trd, 4318545.393, 102
Trd, 4318545.843, 100
Trd, 4318546.343, 99
Trd, 4318547.543, 101
Trd, 4318547.943, 101
Trd, 4318549.043, 84
Trd, 4318549.793, 96
Trd, 4318551.293, 96
Trd, 4318552.543, 102
Trd, 4318554.393, 91
Trd, 4318554.543, 113
Trd, 4318555.643, 103
Trd, 4318557.443, 90
Trd, 4318558.243, 97
Trd, 4318559.693, 100
Trd, 4318561.943, 96
Trd, 4318563.093, 98
Trd, 4318563.393, 87
Trd, 4318566.693, 96
Trd, 4318566.793, 99
Trd, 4318567.343, 96
Trd, 4318567.593, 96
Trd, 4318569.293, 82
Trd, 4318569.693, 92
Trd, 4318570.343, 91
Trd, 4318574.143, 110
Trd, 4318575.393, 96
Trd, 4318576.243, 95
Trd, 4318577.893, 95
Trd, 4318578.693, 102
Trd, 4318579.293, 76
Trd, 4318580.443, 86
Trd, 4318582.343, 89
Trd, 4318583.243, 88
Trd, 4318584.493, 111
Trd, 4318584.693, 92
Trd, 4318586.443, 93
Trd, 4318589.243, 89
Trd, 4318589.293, 86
Trd, 4318589.393, 104
Trd, 4318591.243, 99
Trd, 4318591.993, 92
Trd, 4318593.393, 92
Trd, 4318594.793, 96
Trd, 4318597.693, 93
Trd, 4318598.193, 92
Trd, 4318599.343, 95
Trd, 4318599.493, 92
Trd, 4318599.543, 104
Trd, 4318600.743, 91
Trd, 4318602.493, 92
Trd, 4318605.443, 91
Trd, 4318605.893, 93
Trd, 4318606.543, 97
Trd, 4318607.093, 92
Trd, 4318607.993, 93
Trd, 4318608.293, 104
Trd, 4318610.543, 91
Trd, 4318611.543, 96
Trd, 4318611.843, 91
Trd, 4318613.393, 97
Trd, 4318614.043, 92
Trd, 4318615.293, 91
Trd, 4318618.793, 93
Trd, 4318620.643, 90
Trd, 4318621.343, 93
Trd, 4318621.943, 104
Trd, 4318622.143, 90
Trd, 4318625.193, 88
Trd, 4318625.293, 75
Trd, 4318625.793, 78
Trd, 4318626.093, 99
Trd, 4318629.143, 88
Trd, 4318629.343, 97
Trd, 4318630.293, 96
Trd, 4318632.143, 95
Trd, 4318633.143, 95
Trd, 4318634.943, 94
Trd, 4318635.493, 93
Trd, 4318637.193, 105
Trd, 4318637.993, 97
Trd, 4318640.993, 97
Trd, 4318641.643, 98
Trd, 4318641.693, 104
Trd, 4318644.193, 111
Trd, 4318645.393, 98
Trd, 4318645.543, 113
Trd, 4318648.393, 99
Trd, 4318649.493, 99
Trd, 4318650.693, 90
Trd, 4318650.743, 102
Trd, 4318653.193, 91
Trd, 4318653.643, 101
Trd, 4318654.743, 85
Trd, 4318655.543, 93
Trd, 4318656.193, 93
Trd, 4318656.993, 95
Trd, 4318658.043, 77
Trd, 4318660.443, 92
Trd, 4318660.593, 91
Trd, 4318662.143, 112
Trd, 4318664.993, 94
Trd, 4318665.393, 95
Trd, 4318666.543, 87
Trd, 4318666.643, 99
Trd, 4318668.293, 92
Trd, 4318669.393, 93
Trd, 4318669.943, 101
Trd, 4318670.443, 96
Trd, 4318672.243, 85
Trd, 4318672.693, 121
Trd, 4318673.743, 94
Trd, 4318675.993, 109
Trd, 4318678.793, 94
Trd, 4318679.293, 89
Trd, 4318680.493, 95
Trd, 4318680.693, 94
Trd, 4318681.693, 104
Trd, 4318681.993, 93
Trd, 4318683.943, 95
Trd, 4318686.693, 96
Trd, 4318688.143, 93
Trd, 4318688.343, 97
Trd, 4318689.793, 104
Trd, 4318689.893, 98
Trd, 4318691.043, 99
Trd, 4318692.043, 111
Trd, 4318692.693, 99
Trd, 4318695.593, 102
Trd, 4318696.743, 99
Trd, 4318696.793, 112
Trd, 4318697.543, 122
Trd, 4318700.743, 101
Trd, 4318701.293, 107
Trd, 4318701.693, 100
Trd, 4318701.843, 86
Trd, 4318702.743, 98
Trd, 4318704.943, 104
Trd, 4318708.443, 100
Trd, 4318708.643, 104
Trd, 4318710.693, 88
Trd, 4318710.843, 86
Trd, 4318711.893, 99
Trd, 4318713.343, 98
Trd, 4318714.443, 98
Trd, 4318714.693, 96
Trd, 4318717.643, 96
Trd, 4318718.893, 98
Trd, 4318719.693, 98
Trd, 4318720.793, 105
Trd, 4318720.993, 96
Trd, 4318722.043, 95
Trd, 4318723.543, 86
Trd, 4318723.993, 104
Trd, 4318725.743, 91
Trd, 4318726.393, 104
Trd, 4318728.443, 93
Trd, 4318731.493, 97
Trd, 4318733.293, 92
Trd, 4318734.643, 98
Trd, 4318734.793, 93
Trd, 4318735.443, 92
Trd, 4318736.143, 98
Trd, 4318736.993, 88
Trd, 4318739.343, 99
Trd, 4318739.493, 93
Trd, 4318740.293, 95
Trd, 4318740.893, 101
Trd, 4318743.093, 97
Trd, 4318744.193, 90
Trd, 4318744.393, 99
Trd, 4318746.293, 95
Trd, 4318746.743, 88
Trd, 4318747.793, 100
Trd, 4318749.343, 96
Trd, 4318749.743, 95
Trd, 4318753.993, 96
Trd, 4318754.743, 96
Trd, 4318756.093, 97
Trd, 4318756.393, 97
Trd, 4318758.693, 96
Trd, 4318759.993, 96
Trd, 4318761.593, 95
Trd, 4318761.993, 87
Trd, 4318762.793, 113
Trd, 4318764.443, 113
Trd, 4318764.593, 99
Trd, 4318765.793, 101
Trd, 4318766.693, 102
Trd, 4318768.093, 101
Trd, 4318768.593, 102
Trd, 4318770.493, 102
Trd, 4318770.993, 101
Trd, 4318772.343, 91
Trd, 4318772.543, 90
Trd, 4318773.943, 99
Trd, 4318774.193, 97
Trd, 4318775.643, 87
Trd, 4318778.943, 96
Trd, 4318778.993, 99
Trd, 4318779.843, 95
Trd, 4318782.343, 95
Trd, 4318783.393, 94
Trd, 4318783.893, 94
Trd, 4318786.143, 95
Trd, 4318787.493, 95
Trd, 4318787.593, 95
Trd, 4318789.243, 93
Trd, 4318790.793, 76
Trd, 4318791.443, 95
Trd, 4318792.293, 90
Trd, 4318794.793, 94
Trd, 4318796.393, 96
Trd, 4318796.793, 93
Trd, 4318798.143, 94
Trd, 4318798.743, 95
Trd, 4318799.643, 104
Trd, 4318800.993, 97
Trd, 4318801.843, 95
Trd, 4318802.793, 97
Trd, 4318803.593, 97
Trd, 4318804.243, 95
Trd, 4318804.893, 95
Trd, 4318805.193, 87
Trd, 4318809.143, 97
Trd, 4318809.393, 96
Trd, 4318809.593, 95
Trd, 4318810.643, 87
Trd, 4318812.993, 95
Trd, 4318813.093, 94
Trd, 4318813.793, 104
Trd, 4318815.193, 93
Trd, 4318816.143, 113
Trd, 4318818.643, 99
Trd, 4318819.443, 98
Trd, 4318821.593, 100
Trd, 4318822.943, 99
Trd, 4318824.293, 98
Trd, 4318825.493, 100
Trd, 4318826.043, 99
Trd, 4318826.993, 96
Trd, 4318827.793, 96
Trd, 4318830.793, 101
Trd, 4318831.093, 101
Trd, 4318831.943, 102
Trd, 4318832.843, 101
Trd, 4318834.493, 101
Trd, 4318834.893, 109
Trd, 4318835.093, 90
Trd, 4318835.593, 104
Trd, 4318837.443, 100
Trd, 4318839.993, 112
Trd, 4318840.143, 106
Trd, 4318840.993, 113
Trd, 4318843.493, 108
Trd, 4318843.643, 105
Trd, 4318848.343, 104
Trd, 4318848.793, 104
Trd, 4318849.943, 105
Trd, 4318850.193, 103
Trd, 4318851.943, 96
Trd, 4318852.243, 80
Trd, 4318853.443, 88
Trd, 4318854.493, 104
Trd, 4318856.643, 90
Trd, 4318857.193, 94
Trd, 4318857.343, 99
Trd, 4318857.943, 94
Trd, 4318860.643, 104
Trd, 4318862.543, 94
Trd, 4318862.693, 97
Trd, 4318865.493, 92
Trd, 4318865.693, 92
Trd, 4318866.693, 96
Trd, 4318868.143, 109
Trd, 4318868.343, 104
Trd, 4318870.893, 96
Trd, 4318870.943, 95
Trd, 4318871.493, 101
Trd, 4318872.493, 95
Trd, 4318877.693, 96
Trd, 4318878.143, 96
Trd, 4318879.143, 94
Trd, 4318880.293, 93
Trd, 4318880.843, 93
Trd, 4318881.543, 104
Trd, 4318884.193, 104
Trd, 4318884.293, 95
Trd, 4318885.343, 95
Trd, 4318886.393, 99
Trd, 4318887.643, 99
Trd, 4318889.793, 97
Trd, 4318890.243, 99
Trd, 4318891.043, 99
Trd, 4318891.293, 95
Trd, 4318893.093, 96
Trd, 4318894.793, 99
Trd, 4318894.943, 97
Trd, 4318896.043, 97
Trd, 4318897.543, 93
Trd, 4318897.943, 98
Trd, 4318900.843, 98
Trd, 4318901.093, 92
Trd, 4318902.943, 101
Trd, 4318903.643, 97
Trd, 4318905.843, 97
Trd, 4318907.093, 96
Trd, 4318907.143, 99
Trd, 4318908.793, 99
Trd, 4318911.843, 98
Trd, 4318912.293, 96
Trd, 4318914.893, 99
Trd, 4318915.843, 96
Trd, 4318916.593, 99
Trd, 4318916.793, 95
Trd, 4318918.143, 99
Trd, 4318918.643, 95
Trd, 4318920.743, 95
Trd, 4318920.993, 94
Trd, 4318921.743, 98
Trd, 4318922.043, 113
Trd, 4318926.743, 99
Trd, 4318927.043, 96
Trd, 4318927.093, 100
Trd, 4318928.293, 96
Trd, 4318928.643, 104
Trd, 4318931.993, 95
Trd, 4318932.443, 96
Trd, 4318932.543, 95
Trd, 4318933.543, 96
Trd, 4318933.993, 94
Trd, 4318934.943, 97
Trd, 4318936.143, 92
Trd, 4318936.893, 96
Trd, 4318938.493, 94
Trd, 4318938.593, 96
Trd, 4318939.993, 72
Trd, 4318940.043, 113
Trd, 4318941.493, 89
Trd, 4318944.193, 95
Trd, 4318945.343, 93
Trd, 4318947.543, 104
Trd, 4318948.043, 86
Trd, 4318949.493, 91
Trd, 4318951.043, 92
Trd, 4318951.143, 93
Trd, 4318951.843, 95
Trd, 4318952.593, 91
Trd, 4318952.893, 87
Trd, 4318955.693, 90
Trd, 4318955.893, 94
Trd, 4318957.193, 95
Trd, 4318957.343, 91
Trd, 4318958.243, 91
Trd, 4318959.843, 91
Trd, 4318961.593, 93
Trd, 4318962.143, 99
Trd, 4318964.393, 95
Trd, 4318965.393, 91
Trd, 4318965.443, 112
Trd, 4318965.643, 79
Trd, 4318966.243, 92
Trd, 4318969.093, 98
Trd, 4318969.393, 97
Trd, 4318969.643, 97
Trd, 4318972.293, 98
Trd, 4318972.393, 97
Trd, 4318972.843, 113
Trd, 4318972.893, 96
Trd, 4318975.943, 115
Trd, 4318976.443, 95
Trd, 4318977.643, 94
Trd, 4318978.743, 100
Trd, 4318980.143, 95
Trd, 4318981.543, 94
Trd, 4318982.743, 81
Trd, 4318983.893, 92
Trd, 4318986.243, 92
Trd, 4318987.093, 91
Trd, 4318987.543, 91
Trd, 4318988.793, 93
Trd, 4318991.293, 94
Trd, 4318991.343, 95
Trd, 4318991.443, 113
Trd, 4318991.643, 91
Trd, 4318993.593, 91
Trd, 4318995.543, 90
Trd, 4318996.093, 94
Trd, 4318997.143, 77
Trd, 4318998.243, 88
Trd, 4318999.693, 104
Trd, 4319000.143, 91
Trd, 4319002.693, 104
Trd, 4319003.593, 86
Trd, 4319003.893, 102
Trd, 4319007.493, 90
Trd, 4319008.893, 91
Trd, 4319009.293, 89
Trd, 4319009.743, 92
Trd, 4319011.043, 92
Trd, 4319011.893, 89
Trd, 4319012.543, 92
Trd, 4319014.893, 92
Trd, 4319015.443, 96
Trd, 4319016.993, 93
Trd, 4319017.043, 93
Trd, 4319017.943, 92
Trd, 4319018.493, 97
Trd, 4319018.943, 76
Trd, 4319020.443, 93
Trd, 4319021.343, 87
Trd, 4319022.493, 89
Trd, 4319022.793, 111
Trd, 4319025.243, 92
Trd, 4319026.943, 87
Trd, 4319027.543, 92
Trd, 4319029.243, 76
Trd, 4319029.743, 99
Trd, 4319030.143, 104
Trd, 4319033.293, 96
Trd, 4319034.743, 96
Trd, 4319035.043, 93
Trd, 4319036.893, 97
Trd, 4319037.543, 95
Trd, 4319038.543, 94
Trd, 4319040.293, 87
Trd, 4319041.893, 97
Trd, 4319043.643, 104
Trd, 4319043.743, 113
Trd, 4319044.243, 105
Trd, 4319044.293, 97
Trd, 4319045.143, 97
Trd, 4319046.293, 97
Trd, 4319049.043, 102
Trd, 4319049.343, 87
Trd, 4319051.443, 94
Trd, 4319051.693, 75
Trd, 4319053.543, 99
Trd, 4319053.993, 103
Trd, 4319057.543, 97
Trd, 4319058.543, 93
Trd, 4319059.793, 94
Trd, 4319060.043, 93
Trd, 4319060.193, 100
Trd, 4319064.093, 96
Trd, 4319064.543, 99
Trd, 4319065.643, 99
Trd, 4319067.593, 95
Trd, 4319068.243, 95
Trd, 4319068.293, 99
Trd, 4319069.243, 104
Trd, 4319072.393, 96
Trd, 4319073.193, 95
Trd, 4319076.343, 94
Trd, 4319077.593, 100
Trd, 4319077.843, 96
Trd, 4319078.393, 95
Trd, 4319078.693, 100
Trd, 4319081.843, 98
Trd, 4319083.093, 99
Trd, 4319083.393, 97
Trd, 4319084.293, 100
Trd, 4319086.043, 96
Trd, 4319087.693, 96
Trd, 4319089.643, 94
Trd, 4319089.943, 100
Trd, 4319091.143, 96
Trd, 4319092.543, 80
Trd, 4319092.993, 109
Trd, 4319094.193, 95
Trd, 4319095.443, 89
Trd, 4319098.593, 94
Trd, 4319099.843, 101
Trd, 4319101.543, 95
Trd, 4319101.893, 95
Trd, 4319103.343, 94
Trd, 4319103.993, 101
Trd, 4319104.143, 93
Trd, 4319105.343, 75
Trd, 4319107.193, 100
Trd, 4319107.493, 94
Trd, 4319109.143, 104
Trd, 4319110.393, 93
Trd, 4319113.593, 96
Trd, 4319114.143, 95
Trd, 4319114.843, 98
Trd, 4319116.493, 92
Trd, 4319117.193, 93
Trd, 4319118.343, 97
Trd, 4319118.543, 93
Trd, 4319119.443, 92
Trd, 4319120.143, 90
Trd, 4319121.893, 95
Trd, 4319122.843, 91
Trd, 4319127.243, 97
Trd, 4319127.593, 96
Trd, 4319127.693, 95
Trd, 4319127.793, 95
Trd, 4319128.043, 113
Trd, 4319130.243, 97
Trd, 4319130.393, 107
Trd, 4319131.993, 94
Trd, 4319135.043, 94
Trd, 4319136.893, 97
Trd, 4319139.843, 94
Trd, 4319140.393, 90
Trd, 4319141.293, 104
Trd, 4319141.643, 92
Trd, 4319141.793, 101
Trd, 4319143.643, 91
Trd, 4319145.243, 99
Trd, 4319145.993, 78
Trd, 4319148.443, 91
Trd, 4319149.543, 90
Trd, 4319149.793, 97
Trd, 4319152.243, 97
Trd, 4319152.643, 98
Trd, 4319153.143, 86
Trd, 4319154.093, 89
Trd, 4319155.143, 91
Trd, 4319155.843, 90
Trd, 4319157.793, 104
Trd, 4319157.943, 95
Trd, 4319158.143, 93
Trd, 4319162.343, 104
Trd, 4319162.643, 109
Trd, 4319163.093, 100
Trd, 4319164.143, 100
Trd, 4319164.243, 100
Trd, 4319164.993, 94
Trd, 4319166.593, 97
Trd, 4319166.743, 87
Trd, 4319168.343, 80
Trd, 4319169.143, 91
Trd, 4319170.343, 104
Trd, 4319170.643, 92
Trd, 4319172.243, 100
Trd, 4319174.493, 96
Trd, 4319174.543, 95
Trd, 4319175.343, 112
Trd, 4319177.793, 95
Trd, 4319178.443, 98
Trd, 4319180.043, 96
Trd, 4319182.243, 96
Trd, 4319183.143, 95
Trd, 4319183.843, 97
Trd, 4319184.943, 94
Trd, 4319186.293, 94
Trd, 4319186.793, 97
Trd, 4319188.943, 98
Trd, 4319190.493, 98
Trd, 4319192.843, 98
Trd, 4319193.543, 96
Trd, 4319193.843, 92
Trd, 4319195.293, 94
Trd, 4319196.093, 104
Trd, 4319198.293, 94
Trd, 4319199.493, 96
Trd, 4319200.043, 95
Trd, 4319200.293, 99
Trd, 4319202.243, 96
Trd, 4319202.843, 99
Trd, 4319203.593, 93
Trd, 4319204.993, 95
Trd, 4319208.193, 90
Trd, 4319209.043, 96
Trd, 4319210.193, 93
Trd, 4319210.943, 98
Trd, 4319211.143, 104
Trd, 4319212.143, 92
Trd, 4319214.493, 100
Trd, 4319216.393, 94
Trd, 4319217.543, 99
Trd, 4319217.793, 113
Trd, 4319218.943, 99
Trd, 4319219.943, 97
Trd, 4319223.843, 99
Trd, 4319224.743, 101
Trd, 4319225.293, 102
Trd, 4319226.493, 101
Trd, 4319226.593, 99
Trd, 4319229.143, 100
Trd, 4319229.343, 98
Trd, 4319231.243, 100
Trd, 4319233.243, 98
Trd, 4319233.543, 100
Trd, 4319236.543, 100
Trd, 4319236.593, 104
Trd, 4319236.843, 99
Trd, 4319236.893, 113
Trd, 4319237.843, 122
Trd, 4319239.593, 76
Trd, 4319240.993, 86
Trd, 4319241.993, 92
Trd, 4319243.993, 93
Trd, 4319244.693, 107
Trd, 4319245.293, 94
Trd, 4319245.393, 92
Trd, 4319245.493, 111
Trd, 4319247.743, 95
Trd, 4319249.393, 98
Trd, 4319250.143, 95
Trd, 4319250.843, 103
Trd, 4319252.593, 99
Trd, 4319254.093, 100
Trd, 4319254.393, 92
Trd, 4319255.143, 100
Trd, 4319256.593, 112
Trd, 4319256.693, 98
Trd, 4319258.343, 97
Trd, 4319259.543, 96
Trd, 4319261.843, 103
Trd, 4319263.943, 103
Trd, 4319265.293, 99
Trd, 4319265.993, 97
Trd, 4319267.493, 104
Trd, 4319269.643, 100
Trd, 4319270.343, 98
Trd, 4319271.193, 102
Trd, 4319272.243, 97
Trd, 4319272.743, 88
Trd, 4319273.993, 102
Trd, 4319275.443, 96
Trd, 4319276.893, 95
Trd, 4319277.393, 101
Trd, 4319278.643, 94
Trd, 4319280.893, 95
Trd, 4319281.793, 101
Trd, 4319282.393, 82
Trd, 4319283.793, 93
Trd, 4319285.643, 94
Trd, 4319286.043, 93
Trd, 4319286.293, 99
Trd, 4319288.943, 97
Trd, 4319289.093, 104
Trd, 4319289.543, 95
Trd, 4319291.443, 94
Trd, 4319291.693, 100
Trd, 4319292.093, 100
Trd, 4319294.193, 93
Trd, 4319294.743, 82
Trd, 4319295.643, 92
Trd, 4319298.093, 104
Trd, 4319299.193, 103
Trd, 4319299.393, 102
Trd, 4319300.393, 103
Trd, 4319301.593, 102
Trd, 4319301.643, 95
Trd, 4319305.193, 101
Trd, 4319306.293, 100
Trd, 4319306.843, 104
Trd, 4319306.993, 104
Trd, 4319307.743, 99
Trd, 4319309.443, 98
Trd, 4319310.143, 83
Trd, 4319310.793, 90
Trd, 4319313.343, 94
Trd, 4319314.243, 103
Trd, 4319315.143, 95
Trd, 4319317.293, 95
Trd, 4319319.093, 98
Trd, 4319320.693, 94
Trd, 4319321.543, 94
Trd, 4319322.593, 96
Trd, 4319323.393, 104
Trd, 4319323.993, 96
Trd, 4319324.643, 113
Trd, 4319326.393, 95
Trd, 4319327.343, 95
Trd, 4319329.043, 87
Trd, 4319329.743, 80
Trd, 4319331.143, 95
Trd, 4319333.393, 88
Trd, 4319334.093, 86
Trd, 4319334.193, 76
Trd, 4319335.143, 90
Trd, 4319338.143, 91
Trd, 4319338.193, 95
Trd, 4319339.543, 91
Trd, 4319339.893, 92
Trd, 4319341.993, 95
Trd, 4319343.993, 87
Trd, 4319345.443, 91
Trd, 4319346.893, 93
Trd, 4319348.143, 95
Trd, 4319349.043, 91
Trd, 4319349.243, 104
Trd, 4319349.343, 91
Trd, 4319352.643, 91
Trd, 4319353.693, 90
Trd, 4319354.793, 91
Trd, 4319355.543, 92
Trd, 4319355.893, 93
Trd, 4319357.943, 95
Trd, 4319358.443, 92
Trd, 4319360.243, 95
Trd, 4319362.293, 93
Trd, 4319365.843, 95
Trd, 4319366.393, 92
Trd, 4319367.043, 95
Trd, 4319367.393, 97
Trd, 4319368.593, 93
Trd, 4319370.343, 95
Trd, 4319370.743, 98
Trd, 4319372.993, 97
Trd, 4319373.243, 95
Trd, 4319376.343, 98
Trd, 4319376.493, 93
Trd, 4319376.543, 93
Trd, 4319377.593, 113
Trd, 4319379.843, 93
Trd, 4319381.993, 92
Trd, 4319383.793, 92
Trd, 4319384.193, 98
Trd, 4319384.343, 99
Trd, 4319387.993, 96
Trd, 4319388.693, 98
Trd, 4319390.243, 95
Trd, 4319390.993, 104
Trd, 4319391.043, 91
Trd, 4319392.143, 82
Trd, 4319396.543, 98
Trd, 4319396.743, 94
Trd, 4319397.193, 98
Trd, 4319398.993, 94
Trd, 4319401.343, 98
Trd, 4319401.593, 97
Trd, 4319402.943, 96
Trd, 4319403.343, 98
Trd, 4319406.643, 96
Trd, 4319407.393, 96
Trd, 4319409.893, 96
Trd, 4319410.193, 97
Trd, 4319412.143, 112
Trd, 4319413.293, 95
Trd, 4319414.193, 75
Trd, 4319415.943, 100
Trd, 4319418.593, 94
Trd, 4319420.193, 93
Trd, 4319422.993, 93
Trd, 4319423.993, 95
Trd, 4319425.443, 102
Trd, 4319425.693, 101
Trd, 4319427.493, 101
Trd, 4319429.143, 95
Trd, 4319429.843, 86
Trd, 4319431.893, 93
Trd, 4319431.943, 104
Trd, 4319432.443, 122
Trd, 4319432.893, 92
Trd, 4319434.243, 99
Trd, 4319435.393, 89
Trd, 4319435.743, 93
Trd, 4319438.543, 94
Trd, 4319438.793, 92
Trd, 4319439.193, 95
Trd, 4319440.393, 94
Trd, 4319444.793, 93
Trd, 4319445.993, 95
Trd, 4319446.493, 93
Trd, 4319446.693, 91
Trd, 4319447.193, 96
Trd, 4319448.893, 107
Trd, 4319451.743, 96
Trd, 4319454.593, 94
Trd, 4319454.693, 94
Trd, 4319456.743, 98
Trd, 4319456.993, 99
Trd, 4319458.243, 97
Trd, 4319458.393, 97
Trd, 4319458.843, 113
Trd, 4319460.743, 113
Trd, 4319460.943, 99
Trd, 4319462.593, 99
Trd, 4319462.993, 80
Trd, 4319464.793, 97
Trd, 4319466.143, 99
Trd, 4319466.993, 95
Trd, 4319468.493, 104
Trd, 4319469.793, 95
Trd, 4319470.743, 100
Trd, 4319470.993, 94
Trd, 4319473.443, 95
Trd, 4319474.693, 95
Trd, 4319475.143, 94
Trd, 4319476.093, 94
Trd, 4319477.693, 99
Trd, 4319478.043, 99
Trd, 4319479.643, 100
Trd, 4319480.543, 97
Trd, 4319481.443, 99
Trd, 4319481.593, 122
Trd, 4319484.043, 102
Trd, 4319484.843, 99
Trd, 4319485.143, 98
Trd, 4319486.043, 96
Trd, 4319487.693, 97
Trd, 4319487.893, 103
Trd, 4319490.193, 102
Trd, 4319491.293, 97
Trd, 4319493.743, 100
Trd, 4319495.093, 96
Trd, 4319495.593, 84
Trd, 4319495.943, 100
Trd, 4319495.993, 76
Trd, 4319497.343, 84
Trd, 4319499.243, 90
Trd, 4319500.493, 91
Trd, 4319501.093, 95
Trd, 4319504.093, 94
Trd, 4319504.243, 95
Trd, 4319504.443, 115
Trd, 4319504.943, 91
Trd, 4319505.993, 112
Trd, 4319506.343, 91
Trd, 4319507.943, 86
Trd, 4319508.993, 95
Trd, 4319510.743, 96
Trd, 4319510.893, 94
Trd, 4319513.693, 87
Trd, 4319514.843, 93
Trd, 4319515.693, 96
Trd, 4319516.093, 95
Trd, 4319518.593, 95
Trd, 4319518.943, 94
Trd, 4319519.343, 96
Trd, 4319520.543, 96
Trd, 4319522.843, 95
Trd, 4319523.343, 96
Trd, 4319523.643, 94
Trd, 4319523.943, 104
Trd, 4319526.993, 94
Trd, 4319527.593, 100
Trd, 4319528.493, 115
Trd, 4319531.143, 95
Trd, 4319531.443, 93
Trd, 4319534.043, 94
Trd, 4319534.643, 93
Trd, 4319534.843, 97
Trd, 4319536.893, 97
Trd, 4319538.093, 97
Trd, 4319538.343, 93
Trd, 4319539.043, 97
Trd, 4319539.893, 95
Trd, 4319540.493, 110
Trd, 4319542.143, 99
Trd, 4319543.593, 98
Trd, 4319544.793, 99
Trd, 4319548.193, 99
Trd, 4319548.393, 98
Trd, 4319549.693, 97
Trd, 4319551.743, 97
Trd, 4319551.943, 100
Trd, 4319552.543, 99
Trd, 4319552.993, 97
Trd, 4319553.443, 104
Trd, 4319555.143, 96
Trd, 4319556.893, 96
Trd, 4319559.943, 95
Trd, 4319560.643, 95
Trd, 4319561.493, 97
Trd, 4319561.743, 96
Trd, 4319562.243, 95
Trd, 4319562.993, 86
Trd, 4319564.593, 95
Trd, 4319565.743, 95
Trd, 4319565.993, 112
Trd, 4319568.943, 92
Trd, 4319569.993, 87
Trd, 4319570.743, 93
Trd, 4319572.243, 84
Trd, 4319572.843, 90
Trd, 4319574.043, 80
Trd, 4319574.393, 92
Trd, 4319576.443, 95
Trd, 4319577.693, 89
Trd, 4319578.443, 90
Trd, 4319581.993, 96
Trd, 4319582.443, 92
Trd, 4319582.543, 91
Trd, 4319585.343, 107
Trd, 4319585.493, 104
Trd, 4319585.743, 101
Trd, 4319587.693, 113
Trd, 4319587.843, 100
Trd, 4319591.143, 101
Trd, 4319591.493, 100
Trd, 4319592.843, 99
Trd, 4319594.243, 90
Trd, 4319594.893, 95
Trd, 4319596.493, 98
Trd, 4319596.643, 96
Trd, 4319597.293, 99
Trd, 4319597.843, 95
Trd, 4319599.093, 86
Trd, 4319601.343, 98
Trd, 4319601.693, 84
Trd, 4319604.143, 102
Trd, 4319604.493, 101
Trd, 4319605.643, 104
Trd, 4319607.093, 97
Trd, 4319610.943, 102
Trd, 4319611.993, 104
Trd, 4319612.343, 99
Trd, 4319612.393, 98
Trd, 4319613.243, 98
Trd, 4319614.793, 102
Trd, 4319615.043, 83
Trd, 4319616.993, 112
Trd, 4319617.493, 78
Trd, 4319619.843, 86
Trd, 4319620.693, 95
Trd, 4319624.043, 91
Trd, 4319624.193, 90
Trd, 4319624.443, 95
Trd, 4319624.993, 104
Trd, 4319625.993, 82
Trd, 4319626.843, 106
Trd, 4319627.343, 99
Trd, 4319628.593, 97
Trd, 4319629.393, 96
Trd, 4319631.843, 87
Trd, 4319632.493, 104
Trd, 4319633.593, 96
Trd, 4319634.043, 122
Trd, 4319636.143, 95
Trd, 4319638.243, 94
Trd, 4319638.343, 81
Trd, 4319638.993, 101
Trd, 4319639.893, 104
Trd, 4319640.643, 103
Trd, 4319642.743, 94
Trd, 4319643.693, 103
Trd, 4319644.843, 93
Trd, 4319646.393, 78
Trd, 4319646.993, 77
Trd, 4319647.443, 96
Trd, 4319648.693, 90
Trd, 4319649.793, 93
Trd, 4319651.793, 79
Trd, 4319652.743, 87
Trd, 4319653.143, 88
Trd, 4319654.643, 95
Trd, 4319654.743, 92
Trd, 4319655.293, 76
Trd, 4319655.893, 78
Trd, 4319656.443, 95
Trd, 4319657.193, 87
Trd, 4319658.493, 91
Trd, 4319658.893, 87
Trd, 4319659.443, 75
Trd, 4319661.943, 96
Trd, 4319663.343, 107
Trd, 4319664.193, 93
Trd, 4319664.343, 92
Trd, 4319667.243, 94
Trd, 4319667.943, 95
Trd, 4319669.643, 94
Trd, 4319670.193, 95
Trd, 4319672.143, 99
Trd, 4319673.543, 98
Trd, 4319674.093, 113
Trd, 4319674.693, 120
Trd, 4319676.243, 99
Trd, 4319676.593, 111
Trd, 4319677.443, 98
Trd, 4319678.343, 89
Trd, 4319678.743, 103
Trd, 4319680.143, 86
Trd, 4319681.543, 96
Trd, 4319681.643, 81
Trd, 4319685.743, 89
Trd, 4319686.143, 96
Trd, 4319686.443, 104
Trd, 4319687.643, 122
Trd, 4319688.893, 97
Trd, 4319689.693, 98
Trd, 4319692.043, 98
Trd, 4319693.193, 99
Trd, 4319693.493, 97
Trd, 4319695.243, 101
Trd, 4319696.593, 86
Trd, 4319698.243, 95
Trd, 4319701.193, 101
Trd, 4319701.693, 101
Trd, 4319705.793, 98
Trd, 4319706.143, 94
Trd, 4319706.893, 94
Trd, 4319707.443, 90
Trd, 4319708.343, 94
Trd, 4319708.643, 93
Trd, 4319710.093, 76
Trd, 4319712.293, 75
Trd, 4319713.093, 94
Trd, 4319713.493, 88
Trd, 4319714.143, 95
Trd, 4319715.843, 104
Trd, 4319716.493, 87
Trd, 4319718.693, 88
Trd, 4319720.043, 97
Trd, 4319721.343, 96
Trd, 4319722.343, 95
Trd, 4319723.243, 90
Trd, 4319724.293, 96
Trd, 4319725.793, 97
Trd, 4319730.093, 91
Trd, 4319730.543, 91
Trd, 4319730.893, 95
Trd, 4319732.093, 92
Trd, 4319732.693, 102
Trd, 4319732.843, 100
Trd, 4319733.143, 96
Trd, 4319734.143, 104
Trd, 4319736.443, 96
Trd, 4319736.893, 78
Trd, 4319739.243, 102
Trd, 4319740.593, 87
Trd, 4319742.043, 87
Trd, 4319742.793, 104
Trd, 4319743.593, 89
Trd, 4319743.643, 85
Trd, 4319745.443, 95
Trd, 4319746.143, 96
Trd, 4319746.693, 76
Trd, 4319748.893, 93
Trd, 4319751.593, 87
Trd, 4319751.993, 89
Trd, 4319752.843, 89
Trd, 4319754.343, 104
Trd, 4319754.543, 122
Trd, 4319755.293, 95
Trd, 4319755.593, 89
Trd, 4319757.743, 92
Trd, 4319759.443, 96
Trd, 4319760.143, 92
Trd, 4319760.693, 91
Trd, 4319762.343, 92
Trd, 4319763.543, 96
Trd, 4319764.193, 101
Trd, 4319765.793, 99
Trd, 4319766.543, 106
Trd, 4319770.693, 96
Trd, 4319770.943, 83
Trd, 4319771.243, 100
Trd, 4319772.993, 94
Trd, 4319775.093, 97
Trd, 4319775.243, 94
Trd, 4319775.843, 98
Trd, 4319777.693, 97
Trd, 4319778.393, 98
Trd, 4319779.443, 94
Trd, 4319781.243, 94
Trd, 4319781.393, 86
Trd, 4319782.993, 122
Trd, 4319784.143, 96
Trd, 4319785.593, 104
Trd, 4319786.493, 96
Trd, 4319787.143, 95
Trd, 4319787.543, 105
Trd, 4319789.693, 98
Trd, 4319792.393, 98
Trd, 4319793.593, 103
Trd, 4319794.693, 88
Trd, 4319796.693, 92
Trd, 4319798.293, 95
Trd, 4319798.793, 95
Trd, 4319799.243, 94
Trd, 4319800.843, 88
Trd, 4319800.993, 83
Trd, 4319803.793, 93
Trd, 4319805.293, 91
Trd, 4319805.743, 104
Trd, 4319806.543, 97
Trd, 4319808.293, 96
Trd, 4319808.593, 92
Trd, 4319810.293, 94
Trd, 4319810.643, 88
Trd, 4319812.393, 93
Trd, 4319813.343, 97
Trd, 4319814.093, 97
Trd, 4319815.343, 81
Trd, 4319816.443, 97
Trd, 4319819.443, 93
Trd, 4319819.493, 93
Trd, 4319819.843, 96
Trd, 4319820.293, 92
Trd, 4319821.093, 92
Trd, 4319822.443, 91
Trd, 4319822.543, 95
Trd, 4319824.043, 91
Trd, 4319824.893, 95
Trd, 4319825.293, 86
Trd, 4319830.043, 84
Trd, 4319830.593, 95
Trd, 4319831.643, 89
Trd, 4319831.843, 104
Trd, 4319833.093, 88
Trd, 4319834.693, 88
Trd, 4319835.293, 87
Trd, 4319835.343, 98
Trd, 4319837.393, 76
Trd, 4319837.493, 90
Trd, 4319839.193, 88
Trd, 4319840.443, 87
Trd, 4319841.293, 88
Trd, 4319842.193, 92
Trd, 4319842.493, 85
Trd, 4319843.443, 92
Trd, 4319846.243, 99
Trd, 4319847.393, 92
Trd, 4319847.443, 90
Trd, 4319848.193, 90
Trd, 4319850.393, 97
Trd, 4319852.693, 96
Trd, 4319853.043, 111
Trd, 4319853.843, 98
Trd, 4319854.293, 98
Trd, 4319855.643, 99
Trd, 4319856.193, 97
Trd, 4319858.443, 99
Trd, 4319858.543, 94
Trd, 4319859.493, 80
Trd, 4319860.593, 90
Trd, 4319861.393, 86
Trd, 4319862.143, 94
Trd, 4319863.343, 97
Trd, 4319864.643, 98
Trd, 4319865.543, 95
Trd, 4319867.843, 97
Trd, 4319868.393, 98
Trd, 4319869.143, 96
Trd, 4319870.243, 96
Trd, 4319870.743, 104
Trd, 4319871.843, 95
Trd, 4319873.293, 94
Trd, 4319875.493, 88
Trd, 4319876.943, 93
Trd, 4319877.693, 96
Trd, 4319878.393, 91
Trd, 4319880.543, 91
Trd, 4319880.993, 98
Trd, 4319881.943, 113
Trd, 4319883.893, 93
Trd, 4319884.693, 94
Trd, 4319886.993, 96
Trd, 4319887.093, 97
Trd, 4319888.093, 93
Trd, 4319888.743, 92
Trd, 4319891.493, 94
Trd, 4319891.793, 94
Trd, 4319893.243, 97
Trd, 4319893.893, 96
Trd, 4319894.093, 98
Trd, 4319895.543, 87
Trd, 4319896.443, 93
Trd, 4319898.393, 87
Trd, 4319898.493, 89
Trd, 4319899.593, 99
Trd, 4319900.693, 81
Trd, 4319901.393, 87
Trd, 4319901.443, 104
Trd, 4319903.543, 94
Trd, 4319904.993, 101
Trd, 4319905.493, 90
Trd, 4319906.493, 112
Trd, 4319907.893, 95
Trd, 4319908.893, 96
Trd, 4319910.393, 98
Trd, 4319911.093, 102
Trd, 4319913.343, 97
Trd, 4319914.043, 97
Trd, 4319914.493, 95
Trd, 4319915.943, 75
Trd, 4319917.693, 93
Trd, 4319918.343, 99
Trd, 4319919.493, 93
Trd, 4319919.793, 91
Trd, 4319921.343, 99
Trd, 4319922.293, 94
Trd, 4319926.393, 98
Trd, 4319926.593, 99
Trd, 4319927.643, 95
Trd, 4319930.643, 94
Trd, 4319932.093, 98
Trd, 4319933.243, 95
Trd, 4319933.893, 95
Trd, 4319934.193, 94
Trd, 4319936.293, 93
Trd, 4319936.693, 92
Trd, 4319939.393, 98
Trd, 4319939.593, 98
Trd, 4319940.293, 104
Trd, 4319940.593, 94
Trd, 4319942.493, 98
Trd, 4319942.543, 96
Trd, 4319943.493, 87
Trd, 4319944.043, 84
Trd, 4319944.343, 104
Trd, 4319944.993, 113
Trd, 4319945.743, 93
Trd, 4319946.693, 95
Trd, 4319950.243, 94
Trd, 4319951.693, 101
Trd, 4319953.593, 102
Trd, 4319953.793, 99
Trd, 4319955.743, 96
Trd, 4319955.893, 97
Trd, 4319956.993, 102
Trd, 4319957.793, 97
Trd, 4319959.893, 105
Trd, 4319962.743, 101
Trd, 4319964.443, 101
Trd, 4319965.593, 101
Trd, 4319965.843, 103
Trd, 4319967.543, 103
Trd, 4319968.443, 100
Trd, 4319969.893, 104
Trd, 4319972.443, 102
Trd, 4319973.743, 102
Trd, 4319974.593, 101
Trd, 4319975.093, 104
Trd, 4319976.143, 104
Trd, 4319977.093, 102
Trd, 4319977.693, 104
Trd, 4319978.943, 101
Trd, 4319980.343, 100
Trd, 4319981.543, 104
Trd, 4319982.243, 104
Trd, 4319985.143, 101
Trd, 4319985.593, 100
Trd, 4319985.643, 75
Trd, 4319986.993, 94
Trd, 4319988.593, 104
Trd, 4319988.693, 104
Trd, 4319992.493, 97
Trd, 4319992.843, 98
Trd, 4319992.893, 96
Trd, 4319995.593, 94
Trd, 4319997.343, 75
Trd, 4319997.693, 99
