Trd, 4317945.793, 92
Trd, 4317947.143, 92
Trd, 4317947.743, 92
Trd, 4317948.143, 88
Trd, 4317948.293, 106
Trd, 4317949.443, 122
Trd, 4317949.543, 108
Trd, 4317949.593, 86
Trd, 4317950.443, 95
Trd, 4317952.243, 115
Trd, 4317952.293, 113
Trd, 4317954.243, 95
Trd, 4317954.293, 97
Trd, 4317955.743, 97
Trd, 4317958.493, 82
Trd, 4317959.193, 82
Trd, 4317959.593, 85
Trd, 4317959.643, 87
Trd, 4317961.293, 102
Trd, 4317963.193, 101
Trd, 4317963.543, 92
Trd, 4317965.193, 105
Trd, 4317965.743, 106
Trd, 4317965.993, 90
Trd, 4317967.143, 94
Trd, 4317968.693, 106
Trd, 4317970.293, 102
Trd, 4317971.093, 94
Trd, 4317972.543, 95
Trd, 4317972.643, 97
Trd, 4317973.443, 96
Trd, 4317974.743, 96
Trd, 4317975.193, 93
Trd, 4317976.443, 94
Trd, 4317976.743, 86
Trd, 4317979.193, 94
Trd, 4317981.643, 92
Trd, 4317982.693, 91
Trd, 4317984.593, 93
Trd, 4317984.743, 101
Trd, 4317984.843, 78
Trd, 4317985.993, 94
Trd, 4317988.243, 97
Trd, 4317989.293, 105
Trd, 4317989.843, 105
Trd, 4317990.543, 97
Trd, 4317992.893, 79
Trd, 4317993.093, 123
Trd, 4317995.193, 93
Trd, 4317995.543, 82
Trd, 4317995.993, 101
Trd, 4317997.843, 96
Trd, 4317999.443, 97
Trd, 4318000.043, 89
Trd, 4318000.493, 97
Trd, 4318001.643, 88
Trd, 4318001.843, 99
Trd, 4318002.743, 97
Trd, 4318004.193, 93
Trd, 4318004.643, 91
Trd, 4318007.343, 95
Trd, 4318007.543, 96
Trd, 4318009.043, 91
Trd, 4318011.443, 95
Trd, 4318011.593, 90
Trd, 4318012.793, 84
Trd, 4318013.343, 95
Trd, 4318014.143, 96
Trd, 4318014.793, 104
Trd, 4318017.243, 96
Trd, 4318017.393, 88
Trd, 4318018.043, 89
Trd, 4318021.343, 88
Trd, 4318021.543, 95
Trd, 4318022.743, 94
Trd, 4318024.093, 78
Trd, 4318024.143, 92
Trd, 4318025.143, 87
Trd, 4318025.443, 93
Trd, 4318029.743, 93
Trd, 4318030.143, 95
Trd, 4318032.493, 89
Trd, 4318032.543, 89
Trd, 4318032.893, 92
Trd, 4318034.043, 96
Trd, 4318035.743, 104
Trd, 4318036.593, 90
Trd, 4318037.393, 80
Trd, 4318037.493, 94
Trd, 4318038.493, 96
Trd, 4318039.743, 79
Trd, 4318040.593, 101
Trd, 4318042.093, 92
Trd, 4318043.943, 104
Trd, 4318045.343, 81
Trd, 4318046.143, 76
Trd, 4318047.693, 86
Trd, 4318048.043, 86
Trd, 4318048.993, 89
Trd, 4318049.943, 87
Trd, 4318050.743, 105
Trd, 4318051.293, 96
Trd, 4318052.643, 96
Trd, 4318053.543, 92
Trd, 4318054.543, 95
Trd, 4318056.443, 91
Trd, 4318057.143, 94
Trd, 4318057.443, 97
Trd, 4318057.943, 104
Trd, 4318058.543, 94
Trd, 4318058.993, 92
Trd, 4318060.693, 92
Trd, 4318063.093, 94
Trd, 4318065.193, 84
Trd, 4318065.793, 91
Trd, 4318066.543, 98
Trd, 4318066.893, 89
Trd, 4318067.593, 93
Trd, 4318069.243, 104
Trd, 4318070.343, 93
Trd, 4318071.243, 83
Trd, 4318073.793, 93
Trd, 4318073.893, 95
Trd, 4318073.943, 89
Trd, 4318077.643, 88
Trd, 4318078.693, 94
Trd, 4318079.243, 93
Trd, 4318080.443, 93
Trd, 4318080.593, 98
Trd, 4318080.643, 88
Trd, 4318082.993, 108
Trd, 4318083.443, 92
Trd, 4318084.743, 101
Trd, 4318085.493, 105
Trd, 4318085.693, 96
Trd, 4318086.443, 90
Trd, 4318087.293, 110
Trd, 4318088.193, 103
Trd, 4318088.343, 83
Trd, 4318090.793, 76
Trd, 4318091.293, 96
Trd, 4318091.993, 97
Trd, 4318092.043, 93
Trd, 4318093.443, 105
Trd, 4318094.193, 98
Trd, 4318094.443, 107
Trd, 4318095.293, 113
Trd, 4318095.943, 100
Trd, 4318097.243, 109
Trd, 4318097.293, 74
Trd, 4318098.043, 89
Trd, 4318099.143, 101
Trd, 4318100.643, 76
Trd, 4318102.243, 84
Trd, 4318103.293, 94
Trd, 4318103.393, 94
Trd, 4318104.493, 104
Trd, 4318105.243, 95
Trd, 4318107.293, 87
Trd, 4318107.743, 86
Trd, 4318109.193, 95
Trd, 4318109.743, 109
Trd, 4318110.293, 85
Trd, 4318112.593, 92
Trd, 4318113.543, 92
Trd, 4318114.093, 96
Trd, 4318114.593, 95
Trd, 4318116.843, 89
Trd, 4318117.393, 104
Trd, 4318118.143, 94
Trd, 4318118.343, 86
Trd, 4318119.293, 94
Trd, 4318120.043, 81
Trd, 4318121.343, 98
Trd, 4318123.743, 94
Trd, 4318124.393, 90
Trd, 4318124.643, 89
Trd, 4318128.143, 110
Trd, 4318128.493, 94
Trd, 4318128.943, 98
Trd, 4318129.193, 107
Trd, 4318130.893, 96
Trd, 4318131.193, 96
Trd, 4318131.493, 95
Trd, 4318131.993, 98
Trd, 4318132.343, 114
Trd, 4318132.743, 95
Trd, 4318135.543, 98
Trd, 4318136.543, 112
Trd, 4318137.993, 105
Trd, 4318138.993, 113
Trd, 4318140.243, 101
Trd, 4318140.643, 104
Trd, 4318140.693, 86
Trd, 4318144.043, 95
Trd, 4318145.043, 95
Trd, 4318145.143, 104
Trd, 4318145.493, 81
Trd, 4318146.193, 96
Trd, 4318146.793, 123
Trd, 4318147.193, 100
Trd, 4318149.043, 99
Trd, 4318149.143, 113
Trd, 4318149.993, 98
Trd, 4318151.593, 100
Trd, 4318153.493, 104
Trd, 4318153.843, 118
Trd, 4318153.993, 98
Trd, 4318154.193, 97
Trd, 4318156.243, 89
Trd, 4318156.493, 78
Trd, 4318156.543, 108
Trd, 4318158.493, 99
Trd, 4318160.993, 93
Trd, 4318162.543, 98
Trd, 4318163.993, 81
Trd, 4318164.493, 88
Trd, 4318165.093, 97
Trd, 4318165.593, 97
Trd, 4318168.093, 91
Trd, 4318168.343, 104
Trd, 4318169.193, 90
Trd, 4318170.043, 98
Trd, 4318170.643, 89
Trd, 4318171.493, 95
Trd, 4318172.993, 104
Trd, 4318173.643, 89
Trd, 4318174.493, 95
Trd, 4318175.293, 95
Trd, 4318175.943, 114
Trd, 4318177.893, 92
Trd, 4318178.593, 95
Trd, 4318178.943, 102
Trd, 4318179.493, 98
Trd, 4318181.243, 95
Trd, 4318184.343, 96
Trd, 4318184.643, 97
Trd, 4318185.193, 96
Trd, 4318185.593, 95
Trd, 4318187.943, 83
Trd, 4318189.343, 95
Trd, 4318190.243, 81
Trd, 4318191.343, 101
Trd, 4318192.143, 94
Trd, 4318192.243, 106
Trd, 4318194.243, 94
Trd, 4318194.343, 95
Trd, 4318196.093, 95
Trd, 4318196.943, 94
Trd, 4318198.393, 94
Trd, 4318198.593, 95
Trd, 4318200.393, 104
Trd, 4318201.093, 94
Trd, 4318203.293, 93
Trd, 4318203.693, 96
Trd, 4318204.593, 100
Trd, 4318204.843, 88
Trd, 4318208.743, 96
Trd, 4318208.993, 96
Trd, 4318209.893, 92
Trd, 4318210.993, 94
Trd, 4318211.593, 97
Trd, 4318211.793, 104
Trd, 4318215.293, 93
Trd, 4318215.593, 97
Trd, 4318215.643, 92
Trd, 4318216.393, 97
Trd, 4318217.143, 116
Trd, 4318217.843, 104
Trd, 4318218.893, 87
Trd, 4318220.043, 97
Trd, 4318220.543, 108
Trd, 4318221.743, 96
Trd, 4318221.943, 76
Trd, 4318222.293, 102
Trd, 4318223.543, 105
Trd, 4318224.593, 113
Trd, 4318226.493, 92
Trd, 4318228.793, 96
Trd, 4318229.193, 92
Trd, 4318229.943, 77
Trd, 4318230.143, 94
Trd, 4318230.793, 104
Trd, 4318231.243, 80
Trd, 4318233.493, 93
Trd, 4318233.843, 92
Trd, 4318234.343, 99
Trd, 4318235.793, 90
Trd, 4318236.993, 93
Trd, 4318237.593, 89
Trd, 4318240.193, 93
Trd, 4318240.293, 104
Trd, 4318241.243, 88
Trd, 4318241.743, 94
Trd, 4318244.093, 87
Trd, 4318244.793, 94
Trd, 4318246.443, 94
Trd, 4318246.793, 90
Trd, 4318247.343, 94
Trd, 4318249.493, 94
Trd, 4318250.443, 94
Trd, 4318250.843, 97
Trd, 4318250.893, 93
Trd, 4318256.143, 92
Trd, 4318256.243, 94
Trd, 4318257.143, 94
Trd, 4318257.993, 105
Trd, 4318259.893, 90
Trd, 4318260.593, 95
Trd, 4318261.043, 82
Trd, 4318261.643, 95
Trd, 4318263.293, 91
Trd, 4318263.943, 88
Trd, 4318265.043, 95
Trd, 4318266.643, 100
Trd, 4318267.993, 96
Trd, 4318268.843, 98
Trd, 4318272.043, 115
Trd, 4318272.343, 113
Trd, 4318273.043, 100
Trd, 4318274.443, 91
Trd, 4318274.743, 83
Trd, 4318276.593, 96
Trd, 4318278.043, 95
Trd, 4318280.693, 99
Trd, 4318281.593, 94
Trd, 4318282.243, 99
Trd, 4318282.543, 104
Trd, 4318285.143, 93
Trd, 4318285.343, 100
Trd, 4318288.143, 99
Trd, 4318288.343, 92
Trd, 4318290.793, 82
Trd, 4318291.693, 94
Trd, 4318292.143, 93
Trd, 4318292.393, 89
Trd, 4318294.443, 88
Trd, 4318296.093, 93
Trd, 4318296.343, 93
Trd, 4318297.143, 102
Trd, 4318297.193, 87
Trd, 4318298.843, 75
Trd, 4318299.093, 79
Trd, 4318299.193, 90
Trd, 4318301.543, 89
Trd, 4318302.393, 96
Trd, 4318304.193, 105
Trd, 4318305.493, 91
Trd, 4318306.793, 88
Trd, 4318307.193, 91
Trd, 4318307.893, 87
Trd, 4318309.243, 98
Trd, 4318310.293, 91
Trd, 4318310.543, 83
Trd, 4318313.343, 88
Trd, 4318314.943, 91
Trd, 4318315.693, 87
Trd, 4318316.993, 91
Trd, 4318319.093, 101
Trd, 4318319.443, 106
Trd, 4318322.343, 87
Trd, 4318322.393, 86
Trd, 4318323.543, 93
Trd, 4318324.393, 93
Trd, 4318324.793, 81
Trd, 4318327.043, 84
Trd, 4318327.943, 93
Trd, 4318328.743, 104
Trd, 4318329.343, 85
Trd, 4318333.343, 92
Trd, 4318334.693, 91
Trd, 4318334.943, 94
Trd, 4318335.043, 95
Trd, 4318335.443, 93
Trd, 4318337.393, 90
Trd, 4318337.843, 97
Trd, 4318338.793, 93
Trd, 4318340.643, 93
Trd, 4318342.693, 93
Trd, 4318344.093, 92
Trd, 4318344.243, 75
Trd, 4318345.293, 93
Trd, 4318345.343, 93
Trd, 4318349.993, 93
Trd, 4318350.743, 92
Trd, 4318350.843, 102
Trd, 4318351.193, 93
Trd, 4318353.693, 94
Trd, 4318353.743, 104
Trd, 4318354.093, 93
Trd, 4318354.793, 111
Trd, 4318355.543, 114
Trd, 4318356.593, 111
Trd, 4318356.893, 108
Trd, 4318359.143, 103
Trd, 4318359.443, 102
Trd, 4318361.893, 80
Trd, 4318363.043, 102
Trd, 4318363.543, 88
Trd, 4318363.843, 100
Trd, 4318367.143, 96
Trd, 4318367.243, 93
Trd, 4318367.793, 105
Trd, 4318368.493, 100
Trd, 4318370.443, 93
Trd, 4318370.993, 92
Trd, 4318372.493, 97
Trd, 4318372.643, 93
Trd, 4318373.393, 101
Trd, 4318373.893, 105
Trd, 4318375.893, 99
Trd, 4318376.493, 95
Trd, 4318376.743, 99
Trd, 4318379.043, 99
Trd, 4318379.093, 106
Trd, 4318379.293, 95
Trd, 4318381.793, 99
Trd, 4318382.143, 99
Trd, 4318383.093, 94
Trd, 4318384.993, 93
Trd, 4318385.743, 96
Trd, 4318387.193, 91
Trd, 4318387.993, 96
Trd, 4318388.293, 92
Trd, 4318389.693, 86
Trd, 4318393.243, 101
Trd, 4318393.343, 95
Trd, 4318393.443, 104
Trd, 4318393.993, 92
Trd, 4318394.493, 100
Trd, 4318395.193, 96
Trd, 4318395.793, 85
Trd, 4318396.943, 89
Trd, 4318397.843, 96
Trd, 4318397.993, 96
Trd, 4318401.843, 92
Trd, 4318403.243, 96
Trd, 4318403.693, 96
Trd, 4318404.293, 90
Trd, 4318405.493, 104
Trd, 4318406.743, 97
Trd, 4318407.693, 91
Trd, 4318408.843, 95
Trd, 4318409.593, 96
Trd, 4318410.593, 104
Trd, 4318411.993, 91
Trd, 4318414.243, 96
Trd, 4318414.793, 91
Trd, 4318415.743, 104
Trd, 4318416.493, 85
Trd, 4318418.643, 90
Trd, 4318419.643, 86
Trd, 4318419.793, 90
Trd, 4318421.393, 99
Trd, 4318421.643, 89
Trd, 4318422.043, 91
Trd, 4318423.393, 105
Trd, 4318423.843, 89
Trd, 4318426.393, 92
Trd, 4318426.543, 90
Trd, 4318427.593, 95
Trd, 4318428.293, 93
Trd, 4318429.643, 92
Trd, 4318431.693, 91
Trd, 4318432.043, 98
Trd, 4318433.893, 90
Trd, 4318434.043, 93
Trd, 4318435.643, 93
Trd, 4318438.393, 98
Trd, 4318439.043, 100
Trd, 4318440.043, 99
Trd, 4318440.143, 97
Trd, 4318442.543, 83
Trd, 4318442.743, 92
Trd, 4318443.593, 76
Trd, 4318444.593, 92
Trd, 4318445.793, 98
Trd, 4318445.893, 116
Trd, 4318447.943, 95
Trd, 4318448.393, 90
Trd, 4318448.993, 104
Trd, 4318449.343, 89
Trd, 4318451.143, 97
Trd, 4318452.393, 96
Trd, 4318452.993, 95
Trd, 4318453.843, 95
Trd, 4318453.943, 91
Trd, 4318456.743, 91
Trd, 4318457.243, 86
Trd, 4318457.843, 88
Trd, 4318457.943, 95
Trd, 4318459.393, 95
Trd, 4318460.243, 105
Trd, 4318460.893, 109
Trd, 4318461.943, 94
Trd, 4318464.643, 109
Trd, 4318465.243, 116
Trd, 4318465.793, 99
Trd, 4318466.593, 106
Trd, 4318467.743, 110
Trd, 4318467.843, 102
Trd, 4318468.343, 112
Trd, 4318469.943, 103
Trd, 4318471.993, 101
Trd, 4318472.243, 101
Trd, 4318473.593, 86
Trd, 4318474.093, 116
Trd, 4318475.843, 101
Trd, 4318475.893, 104
Trd, 4318477.043, 105
Trd, 4318478.093, 83
Trd, 4318479.393, 102
Trd, 4318481.793, 98
Trd, 4318482.293, 99
Trd, 4318484.743, 97
Trd, 4318485.893, 98
Trd, 4318486.343, 99
Trd, 4318489.393, 97
Trd, 4318489.593, 96
Trd, 4318489.993, 76
Trd, 4318491.193, 104
Trd, 4318492.493, 88
Trd, 4318494.193, 78
Trd, 4318496.943, 94
Trd, 4318497.693, 94
Trd, 4318497.943, 105
Trd, 4318498.293, 89
Trd, 4318498.393, 87
Trd, 4318498.693, 113
Trd, 4318500.743, 97
Trd, 4318501.493, 95
Trd, 4318503.293, 95
Trd, 4318503.693, 97
Trd, 4318503.993, 97
Trd, 4318507.343, 93
Trd, 4318508.393, 95
Trd, 4318509.243, 95
Trd, 4318510.393, 95
Trd, 4318511.593, 93
Trd, 4318513.093, 77
Trd, 4318514.193, 86
Trd, 4318515.643, 95
Trd, 4318516.793, 104
Trd, 4318518.843, 92
Trd, 4318519.043, 93
Trd, 4318521.843, 91
Trd, 4318522.543, 98
Trd, 4318523.043, 90
Trd, 4318523.343, 90
Trd, 4318523.693, 92
Trd, 4318524.143, 105
Trd, 4318526.743, 97
Trd, 4318527.493, 98
Trd, 4318528.143, 106
Trd, 4318528.693, 95
Trd, 4318529.693, 96
Trd, 4318529.943, 79
Trd, 4318530.593, 105
Trd, 4318531.693, 88
Trd, 4318532.343, 112
Trd, 4318533.243, 94
Trd, 4318535.543, 96
Trd, 4318535.943, 99
Trd, 4318537.893, 98
Trd, 4318538.843, 105
Trd, 4318539.593, 73
Trd, 4318543.943, 89
Trd, 4318544.493, 92
Trd, 4318545.343, 79
Trd, 4318546.043, 81
Trd, 4318546.693, 87
Trd, 4318547.443, 87
Trd, 4318547.843, 87
Trd, 4318550.993, 84
Trd, 4318551.393, 87
Trd, 4318551.893, 84
Trd, 4318554.693, 95
Trd, 4318555.093, 93
Trd, 4318556.043, 79
Trd, 4318556.693, 76
Trd, 4318557.443, 114
Trd, 4318557.943, 109
Trd, 4318558.093, 94
Trd, 4318558.593, 94
Trd, 4318559.193, 101
Trd, 4318561.193, 75
Trd, 4318561.293, 79
Trd, 4318561.793, 92
Trd, 4318562.743, 115
Trd, 4318562.993, 112
Trd, 4318563.943, 78
Trd, 4318566.343, 93
Trd, 4318566.893, 105
Trd, 4318567.743, 92
Trd, 4318568.793, 94
Trd, 4318569.943, 93
Trd, 4318571.643, 93
Trd, 4318572.443, 104
Trd, 4318572.643, 92
Trd, 4318573.443, 97
Trd, 4318573.893, 104
Trd, 4318577.343, 91
Trd, 4318578.543, 96
Trd, 4318579.443, 83
Trd, 4318581.043, 96
Trd, 4318581.293, 86
Trd, 4318582.393, 96
Trd, 4318584.143, 104
Trd, 4318585.843, 87
Trd, 4318586.343, 96
Trd, 4318586.743, 76
Trd, 4318587.293, 117
Trd, 4318591.693, 93
Trd, 4318591.843, 94
Trd, 4318592.743, 95
Trd, 4318593.143, 95
Trd, 4318594.243, 95
Trd, 4318594.693, 93
Trd, 4318596.843, 95
Trd, 4318597.443, 91
Trd, 4318598.193, 95
Trd, 4318599.643, 91
Trd, 4318600.893, 82
Trd, 4318601.693, 95
Trd, 4318603.743, 88
Trd, 4318604.243, 96
Trd, 4318605.893, 94
Trd, 4318607.493, 94
Trd, 4318607.643, 87
Trd, 4318608.443, 96
Trd, 4318611.043, 93
Trd, 4318611.093, 104
Trd, 4318612.393, 96
Trd, 4318612.643, 95
Trd, 4318614.843, 95
Trd, 4318615.593, 95
Trd, 4318617.743, 95
Trd, 4318618.693, 94
Trd, 4318619.243, 95
Trd, 4318619.843, 89
Trd, 4318620.193, 101
Trd, 4318620.693, 79
Trd, 4318621.693, 95
Trd, 4318622.843, 86
Trd, 4318624.393, 96
Trd, 4318628.043, 93
Trd, 4318630.093, 93
Trd, 4318632.143, 95
Trd, 4318632.443, 96
Trd, 4318632.993, 92
Trd, 4318633.643, 85
Trd, 4318635.343, 113
Trd, 4318636.093, 105
Trd, 4318636.993, 107
Trd, 4318638.143, 111
Trd, 4318638.793, 106
Trd, 4318639.543, 103
Trd, 4318640.843, 101
Trd, 4318641.693, 92
Trd, 4318643.393, 97
Trd, 4318643.593, 100
Trd, 4318644.893, 97
Trd, 4318645.443, 99
Trd, 4318646.193, 104
Trd, 4318646.693, 95
Trd, 4318648.193, 82
Trd, 4318651.243, 96
Trd, 4318653.393, 96
Trd, 4318653.793, 93
Trd, 4318653.993, 93
Trd, 4318654.293, 99
Trd, 4318656.493, 96
Trd, 4318656.593, 92
Trd, 4318658.143, 95
Trd, 4318659.143, 94
Trd, 4318661.693, 94
Trd, 4318662.543, 92
Trd, 4318663.293, 84
Trd, 4318663.343, 92
Trd, 4318664.343, 89
Trd, 4318664.643, 101
Trd, 4318665.343, 113
Trd, 4318667.693, 90
Trd, 4318668.093, 95
Trd, 4318669.593, 106
Trd, 4318670.893, 97
Trd, 4318671.493, 96
Trd, 4318673.443, 96
Trd, 4318674.193, 97
Trd, 4318675.693, 95
Trd, 4318676.443, 95
Trd, 4318677.443, 104
Trd, 4318679.843, 75
Trd, 4318679.893, 94
Trd, 4318680.143, 99
Trd, 4318680.643, 105
Trd, 4318682.243, 92
Trd, 4318684.193, 93
Trd, 4318686.693, 95
Trd, 4318689.093, 93
Trd, 4318689.143, 95
Trd, 4318689.693, 79
Trd, 4318690.143, 95
Trd, 4318690.543, 75
Trd, 4318691.193, 95
Trd, 4318691.793, 91
Trd, 4318692.643, 111
Trd, 4318694.143, 104
Trd, 4318694.843, 98
Trd, 4318696.043, 101
Trd, 4318697.043, 107
Trd, 4318697.743, 90
Trd, 4318699.243, 100
Trd, 4318699.493, 84
Trd, 4318699.593, 107
Trd, 4318701.193, 100
Trd, 4318702.443, 102
Trd, 4318703.843, 100
Trd, 4318704.293, 116
Trd, 4318704.743, 85
Trd, 4318706.743, 101
Trd, 4318706.843, 97
Trd, 4318709.093, 110
Trd, 4318709.293, 109
Trd, 4318709.793, 106
Trd, 4318710.293, 103
Trd, 4318710.743, 86
Trd, 4318713.843, 98
Trd, 4318714.393, 98
Trd, 4318715.043, 103
Trd, 4318716.293, 103
Trd, 4318717.143, 94
Trd, 4318717.543, 104
Trd, 4318718.643, 96
Trd, 4318720.043, 102
Trd, 4318721.243, 102
Trd, 4318722.693, 102
Trd, 4318722.943, 100
Trd, 4318724.593, 104
Trd, 4318724.993, 99
Trd, 4318725.193, 108
Trd, 4318725.843, 92
Trd, 4318729.043, 98
Trd, 4318729.693, 98
Trd, 4318730.043, 106
Trd, 4318730.243, 83
Trd, 4318732.343, 96
Trd, 4318733.443, 94
Trd, 4318735.793, 98
Trd, 4318736.143, 93
Trd, 4318737.393, 92
Trd, 4318739.143, 98
Trd, 4318739.793, 98
Trd, 4318739.993, 104
Trd, 4318740.443, 95
Trd, 4318741.443, 92
Trd, 4318742.193, 96
Trd, 4318742.943, 96
Trd, 4318744.643, 95
Trd, 4318745.793, 84
Trd, 4318746.593, 96
Trd, 4318747.193, 104
Trd, 4318747.843, 96
Trd, 4318748.143, 91
Trd, 4318748.943, 108
Trd, 4318749.843, 97
Trd, 4318753.193, 84
Trd, 4318753.293, 97
Trd, 4318755.393, 96
Trd, 4318756.593, 92
Trd, 4318756.993, 95
Trd, 4318757.693, 96
Trd, 4318759.543, 92
Trd, 4318762.543, 91
Trd, 4318764.643, 90
Trd, 4318764.793, 95
Trd, 4318766.343, 95
Trd, 4318768.593, 90
Trd, 4318769.793, 95
Trd, 4318770.093, 95
Trd, 4318771.843, 89
Trd, 4318772.643, 88
Trd, 4318773.193, 97
Trd, 4318774.243, 98
Trd, 4318775.093, 85
Trd, 4318777.993, 95
Trd, 4318778.043, 91
Trd, 4318778.793, 97
Trd, 4318780.193, 95
Trd, 4318780.493, 91
Trd, 4318781.093, 105
Trd, 4318783.443, 91
Trd, 4318783.593, 95
Trd, 4318786.293, 95
Trd, 4318786.593, 96
Trd, 4318786.643, 105
Trd, 4318787.593, 91
Trd, 4318788.593, 90
Trd, 4318789.893, 92
Trd, 4318790.293, 95
Trd, 4318792.093, 95
Trd, 4318792.843, 105
Trd, 4318793.443, 97
Trd, 4318796.443, 95
Trd, 4318797.343, 90
Trd, 4318797.493, 93
Trd, 4318797.593, 103
Trd, 4318798.643, 100
Trd, 4318800.893, 105
Trd, 4318801.043, 105
Trd, 4318802.343, 113
Trd, 4318803.243, 104
Trd, 4318803.943, 103
Trd, 4318804.693, 103
Trd, 4318805.243, 81
Trd, 4318808.143, 100
Trd, 4318808.943, 100
Trd, 4318809.093, 97
Trd, 4318809.593, 105
Trd, 4318810.293, 95
Trd, 4318812.693, 90
Trd, 4318813.293, 77
Trd, 4318813.443, 100
Trd, 4318815.443, 98
Trd, 4318817.943, 95
Trd, 4318819.243, 95
Trd, 4318819.943, 95
Trd, 4318819.993, 89
Trd, 4318822.043, 92
Trd, 4318822.493, 92
Trd, 4318827.093, 94
Trd, 4318827.693, 91
Trd, 4318827.793, 91
Trd, 4318828.943, 93
Trd, 4318829.743, 97
Trd, 4318830.943, 91
Trd, 4318831.793, 93
Trd, 4318832.743, 104
Trd, 4318833.343, 83
Trd, 4318833.593, 95
Trd, 4318834.343, 97
Trd, 4318835.543, 90
Trd, 4318835.643, 116
Trd, 4318835.793, 82
Trd, 4318839.743, 90
Trd, 4318841.093, 96
Trd, 4318841.593, 90
Trd, 4318843.593, 95
Trd, 4318845.093, 89
Trd, 4318845.843, 95
Trd, 4318846.593, 97
Trd, 4318847.443, 88
Trd, 4318850.643, 95
Trd, 4318851.043, 95
Trd, 4318852.393, 89
Trd, 4318852.693, 81
Trd, 4318855.443, 86
Trd, 4318856.293, 91
Trd, 4318857.143, 93
Trd, 4318857.443, 93
Trd, 4318858.543, 101
Trd, 4318859.843, 104
Trd, 4318860.643, 99
Trd, 4318861.243, 94
Trd, 4318861.493, 83
Trd, 4318864.793, 97
Trd, 4318864.993, 96
Trd, 4318866.943, 96
Trd, 4318867.343, 93
Trd, 4318868.893, 87
Trd, 4318869.093, 95
Trd, 4318869.893, 95
Trd, 4318870.593, 78
Trd, 4318871.593, 98
Trd, 4318872.043, 95
Trd, 4318873.443, 104
Trd, 4318875.793, 96
Trd, 4318877.843, 85
Trd, 4318878.243, 89
Trd, 4318878.743, 90
Trd, 4318879.393, 89
Trd, 4318880.343, 96
Trd, 4318880.393, 104
Trd, 4318882.093, 95
Trd, 4318882.193, 89
Trd, 4318883.893, 92
Trd, 4318884.393, 93
Trd, 4318885.793, 95
Trd, 4318885.993, 92
Trd, 4318887.943, 92
Trd, 4318889.043, 92
Trd, 4318890.843, 96
Trd, 4318893.343, 92
Trd, 4318894.443, 91
Trd, 4318894.543, 93
Trd, 4318894.743, 91
Trd, 4318897.343, 104
Trd, 4318897.943, 107
Trd, 4318899.193, 110
Trd, 4318899.243, 100
Trd, 4318900.143, 103
Trd, 4318900.343, 82
Trd, 4318901.093, 98
Trd, 4318902.543, 94
Trd, 4318903.943, 99
Trd, 4318904.093, 97
Trd, 4318905.293, 97
Trd, 4318907.143, 87
Trd, 4318907.693, 95
Trd, 4318908.943, 79
Trd, 4318909.193, 96
Trd, 4318909.393, 107
Trd, 4318910.893, 102
Trd, 4318911.593, 91
Trd, 4318913.093, 94
Trd, 4318915.093, 94
Trd, 4318916.743, 94
Trd, 4318918.093, 85
Trd, 4318918.793, 95
Trd, 4318919.293, 92
Trd, 4318921.193, 92
Trd, 4318922.193, 92
Trd, 4318922.643, 102
Trd, 4318924.593, 90
Trd, 4318924.793, 93
Trd, 4318924.893, 90
Trd, 4318927.593, 93
Trd, 4318928.043, 93
Trd, 4318928.643, 104
Trd, 4318928.993, 91
Trd, 4318930.343, 90
Trd, 4318932.093, 96
Trd, 4318932.693, 94
Trd, 4318932.893, 78
Trd, 4318932.943, 94
Trd, 4318935.243, 104
Trd, 4318935.893, 108
Trd, 4318937.793, 103
Trd, 4318938.443, 102
Trd, 4318939.543, 98
Trd, 4318940.843, 83
Trd, 4318941.343, 93
Trd, 4318941.843, 76
Trd, 4318941.943, 95
Trd, 4318942.093, 107
Trd, 4318944.693, 95
Trd, 4318945.093, 90
Trd, 4318945.693, 89
Trd, 4318947.693, 94
Trd, 4318947.793, 93
Trd, 4318948.743, 107
Trd, 4318950.843, 95
Trd, 4318952.243, 115
Trd, 4318952.793, 92
Trd, 4318953.343, 81
Trd, 4318954.243, 97
Trd, 4318956.743, 95
Trd, 4318956.793, 97
Trd, 4318959.743, 91
Trd, 4318960.193, 97
Trd, 4318960.343, 90
Trd, 4318960.893, 97
Trd, 4318963.243, 81
Trd, 4318965.393, 67
Trd, 4318966.043, 87
Trd, 4318966.593, 89
Trd, 4318966.843, 102
Trd, 4318967.243, 86
Trd, 4318967.643, 83
Trd, 4318971.143, 86
Trd, 4318971.793, 89
Trd, 4318973.043, 89
Trd, 4318973.593, 98
Trd, 4318974.393, 84
Trd, 4318976.043, 98
Trd, 4318978.193, 84
Trd, 4318978.843, 98
Trd, 4318978.993, 105
Trd, 4318979.643, 92
Trd, 4318981.943, 91
Trd, 4318982.893, 92
Trd, 4318983.443, 92
Trd, 4318983.493, 95
Trd, 4318985.593, 90
Trd, 4318985.843, 92
Trd, 4318989.743, 77
Trd, 4318990.293, 86
Trd, 4318990.493, 86
Trd, 4318990.693, 82
Trd, 4318992.743, 79
Trd, 4318993.043, 86
Trd, 4318993.393, 95
Trd, 4318993.543, 105
Trd, 4318996.093, 86
Trd, 4318997.593, 95
Trd, 4318997.893, 105
Trd, 4319000.393, 90
Trd, 4319000.793, 90
Trd, 4319000.943, 95
Trd, 4319003.043, 89
Trd, 4319004.143, 98
Trd, 4319005.743, 92
Trd, 4319005.843, 88
Trd, 4319006.093, 92
Trd, 4319007.443, 91
Trd, 4319007.543, 105
Trd, 4319008.993, 96
Trd, 4319010.793, 94
Trd, 4319011.143, 94
Trd, 4319012.743, 97
Trd, 4319012.943, 96
Trd, 4319013.443, 110
Trd, 4319016.693, 99
Trd, 4319016.743, 99
Trd, 4319018.793, 94
Trd, 4319019.043, 98
Trd, 4319019.393, 96
Trd, 4319020.343, 78
Trd, 4319022.993, 83
Trd, 4319023.443, 85
Trd, 4319023.993, 99
Trd, 4319024.993, 94
Trd, 4319027.193, 93
Trd, 4319028.343, 93
Trd, 4319028.693, 93
Trd, 4319030.593, 88
Trd, 4319031.143, 98
Trd, 4319031.243, 76
Trd, 4319032.843, 85
Trd, 4319033.093, 104
Trd, 4319034.243, 114
Trd, 4319035.243, 98
Trd, 4319036.143, 103
Trd, 4319036.343, 113
Trd, 4319036.993, 100
Trd, 4319038.493, 79
Trd, 4319040.043, 99
Trd, 4319040.143, 101
Trd, 4319040.643, 101
Trd, 4319042.743, 101
Trd, 4319044.443, 98
Trd, 4319044.493, 99
Trd, 4319045.743, 97
Trd, 4319047.093, 99
Trd, 4319048.343, 92
Trd, 4319048.493, 104
Trd, 4319050.593, 95
Trd, 4319052.893, 98
Trd, 4319054.193, 95
Trd, 4319055.843, 94
Trd, 4319056.893, 96
Trd, 4319058.643, 96
Trd, 4319059.043, 93
Trd, 4319059.193, 96
Trd, 4319061.893, 95
Trd, 4319062.193, 96
Trd, 4319062.893, 92
Trd, 4319064.143, 76
Trd, 4319064.643, 96
Trd, 4319065.943, 100
Trd, 4319067.693, 96
Trd, 4319067.943, 95
Trd, 4319068.693, 90
Trd, 4319069.193, 105
Trd, 4319069.593, 96
Trd, 4319070.793, 105
Trd, 4319073.043, 98
Trd, 4319073.143, 93
Trd, 4319073.593, 98
Trd, 4319077.443, 97
Trd, 4319077.543, 97
Trd, 4319078.093, 93
Trd, 4319079.043, 96
Trd, 4319079.143, 84
Trd, 4319079.893, 91
Trd, 4319081.343, 97
Trd, 4319083.043, 97
Trd, 4319083.943, 105
Trd, 4319085.893, 92
Trd, 4319086.193, 99
Trd, 4319086.893, 83
Trd, 4319086.993, 95
Trd, 4319088.893, 95
Trd, 4319089.693, 96
Trd, 4319090.043, 91
Trd, 4319091.943, 96
Trd, 4319093.243, 91
Trd, 4319093.393, 105
Trd, 4319095.043, 116
Trd, 4319095.293, 105
Trd, 4319096.193, 103
Trd, 4319096.443, 97
Trd, 4319097.893, 98
Trd, 4319098.693, 82
Trd, 4319099.343, 94
Trd, 4319099.993, 80
Trd, 4319101.243, 90
Trd, 4319101.993, 104
Trd, 4319104.343, 89
Trd, 4319105.543, 95
Trd, 4319106.343, 97
Trd, 4319106.843, 89
Trd, 4319107.093, 105
Trd, 4319111.343, 96
Trd, 4319112.243, 105
Trd, 4319112.793, 88
Trd, 4319113.943, 97
Trd, 4319114.643, 87
Trd, 4319116.993, 87
Trd, 4319117.143, 81
Trd, 4319117.793, 95
Trd, 4319119.943, 95
Trd, 4319120.493, 86
Trd, 4319122.343, 96
Trd, 4319123.793, 94
Trd, 4319124.493, 85
Trd, 4319124.543, 83
Trd, 4319126.943, 87
Trd, 4319127.843, 92
Trd, 4319128.293, 93
Trd, 4319129.493, 101
Trd, 4319129.543, 89
Trd, 4319132.543, 94
Trd, 4319132.993, 97
Trd, 4319133.793, 87
Trd, 4319134.143, 103
Trd, 4319134.393, 104
Trd, 4319136.743, 95
Trd, 4319137.493, 90
Trd, 4319140.243, 77
Trd, 4319140.993, 94
Trd, 4319141.643, 97
Trd, 4319141.693, 88
Trd, 4319142.993, 91
Trd, 4319143.543, 91
Trd, 4319146.743, 84
Trd, 4319148.093, 91
Trd, 4319148.543, 88
Trd, 4319149.593, 91
Trd, 4319151.493, 104
Trd, 4319152.043, 99
Trd, 4319152.293, 93
Trd, 4319153.393, 105
Trd, 4319154.143, 114
Trd, 4319156.093, 75
Trd, 4319156.593, 78
Trd, 4319158.193, 90
Trd, 4319158.893, 90
Trd, 4319158.943, 86
Trd, 4319161.243, 96
Trd, 4319161.343, 104
Trd, 4319163.343, 92
Trd, 4319163.893, 85
Trd, 4319164.443, 92
Trd, 4319165.843, 119
Trd, 4319166.393, 104
Trd, 4319166.543, 80
Trd, 4319166.893, 96
Trd, 4319169.293, 94
Trd, 4319169.493, 95
Trd, 4319170.793, 96
Trd, 4319171.593, 75
Trd, 4319173.493, 95
Trd, 4319174.793, 89
Trd, 4319176.343, 94
Trd, 4319176.793, 88
Trd, 4319178.193, 94
Trd, 4319179.143, 103
Trd, 4319179.893, 90
Trd, 4319180.543, 84
Trd, 4319180.893, 105
Trd, 4319182.693, 95
Trd, 4319184.443, 95
Trd, 4319185.543, 90
Trd, 4319187.993, 95
Trd, 4319189.343, 98
Trd, 4319189.843, 90
Trd, 4319190.443, 95
Trd, 4319191.593, 89
Trd, 4319191.943, 105
Trd, 4319194.043, 93
Trd, 4319194.293, 96
Trd, 4319195.193, 95
Trd, 4319195.643, 103
Trd, 4319196.843, 104
Trd, 4319197.693, 98
Trd, 4319198.093, 94
Trd, 4319200.593, 92
Trd, 4319202.843, 97
Trd, 4319204.243, 97
Trd, 4319206.143, 95
Trd, 4319206.493, 96
Trd, 4319206.743, 94
Trd, 4319207.143, 93
Trd, 4319208.693, 95
Trd, 4319209.693, 79
Trd, 4319210.443, 95
Trd, 4319211.293, 104
Trd, 4319213.893, 92
Trd, 4319213.993, 92
Trd, 4319215.393, 79
Trd, 4319216.493, 80
Trd, 4319217.843, 76
Trd, 4319219.043, 86
Trd, 4319219.793, 95
Trd, 4319220.293, 95
Trd, 4319220.693, 92
Trd, 4319221.293, 92
Trd, 4319222.743, 79
Trd, 4319223.393, 89
Trd, 4319224.693, 99
Trd, 4319225.843, 91
Trd, 4319226.793, 111
Trd, 4319227.293, 114
Trd, 4319227.943, 105
Trd, 4319228.893, 105
Trd, 4319229.643, 103
Trd, 4319231.993, 98
Trd, 4319233.993, 97
Trd, 4319234.693, 79
Trd, 4319235.993, 91
Trd, 4319236.543, 94
Trd, 4319237.143, 94
Trd, 4319237.543, 105
Trd, 4319239.193, 79
Trd, 4319239.493, 75
Trd, 4319240.543, 91
Trd, 4319241.543, 88
Trd, 4319243.493, 89
Trd, 4319244.593, 99
Trd, 4319245.193, 92
Trd, 4319246.143, 104
Trd, 4319246.843, 105
Trd, 4319247.193, 78
Trd, 4319250.493, 94
Trd, 4319250.943, 95
Trd, 4319251.943, 92
Trd, 4319252.143, 105
Trd, 4319253.493, 95
Trd, 4319254.943, 93
Trd, 4319256.143, 90
Trd, 4319257.093, 78
Trd, 4319259.793, 94
Trd, 4319260.693, 95
Trd, 4319262.193, 95
Trd, 4319263.493, 95
Trd, 4319263.643, 98
Trd, 4319264.293, 91
Trd, 4319265.793, 86
Trd, 4319266.743, 91
Trd, 4319267.743, 84
Trd, 4319269.493, 97
Trd, 4319270.393, 90
Trd, 4319271.243, 98
Trd, 4319272.693, 112
Trd, 4319273.393, 93
Trd, 4319274.593, 101
Trd, 4319275.893, 95
Trd, 4319275.993, 108
Trd, 4319276.443, 84
Trd, 4319276.743, 92
Trd, 4319280.643, 96
Trd, 4319280.743, 95
Trd, 4319281.343, 94
Trd, 4319282.543, 97
Trd, 4319282.693, 100
Trd, 4319283.093, 81
Trd, 4319284.593, 98
Trd, 4319287.193, 91
Trd, 4319288.043, 96
Trd, 4319290.293, 95
Trd, 4319292.293, 97
Trd, 4319294.793, 92
Trd, 4319295.143, 96
Trd, 4319295.393, 98
Trd, 4319297.193, 104
Trd, 4319297.243, 91
Trd, 4319300.043, 95
Trd, 4319300.093, 95
Trd, 4319300.243, 90
Trd, 4319300.543, 98
Trd, 4319301.343, 92
Trd, 4319303.543, 79
Trd, 4319304.493, 126
Trd, 4319304.543, 114
Trd, 4319304.843, 110
Trd, 4319306.043, 69
Trd, 4319307.343, 94
Trd, 4319308.243, 94
Trd, 4319311.643, 93
Trd, 4319312.293, 92
Trd, 4319313.593, 93
Trd, 4319314.593, 101
Trd, 4319315.043, 91
Trd, 4319316.893, 94
Trd, 4319318.543, 94
Trd, 4319319.993, 94
Trd, 4319320.993, 98
Trd, 4319322.843, 91
Trd, 4319323.493, 94
Trd, 4319323.693, 79
Trd, 4319324.743, 88
Trd, 4319327.943, 94
Trd, 4319328.193, 91
Trd, 4319328.943, 94
Trd, 4319330.043, 94
Trd, 4319330.793, 91
Trd, 4319332.743, 91
Trd, 4319333.743, 98
Trd, 4319335.093, 94
Trd, 4319335.393, 98
Trd, 4319337.593, 113
Trd, 4319337.943, 93
Trd, 4319338.293, 102
Trd, 4319338.543, 113
Trd, 4319338.793, 82
Trd, 4319339.693, 98
Trd, 4319340.843, 114
Trd, 4319343.593, 101
Trd, 4319344.493, 101
Trd, 4319344.693, 105
Trd, 4319344.893, 75
Trd, 4319345.343, 78
Trd, 4319346.143, 95
Trd, 4319347.793, 95
Trd, 4319349.293, 95
Trd, 4319349.893, 81
Trd, 4319350.543, 104
Trd, 4319352.543, 74
Trd, 4319353.043, 91
Trd, 4319355.093, 82
Trd, 4319355.493, 88
Trd, 4319355.743, 81
Trd, 4319357.343, 104
Trd, 4319358.343, 89
Trd, 4319359.543, 82
Trd, 4319361.143, 95
Trd, 4319361.743, 82
Trd, 4319362.393, 88
Trd, 4319362.843, 97
Trd, 4319364.543, 83
Trd, 4319365.943, 87
Trd, 4319367.393, 104
Trd, 4319367.593, 89
Trd, 4319367.843, 85
Trd, 4319370.393, 88
Trd, 4319371.643, 88
Trd, 4319372.393, 89
Trd, 4319373.093, 77
Trd, 4319375.543, 92
Trd, 4319375.643, 104
Trd, 4319376.243, 90
Trd, 4319376.443, 101
Trd, 4319376.893, 120
Trd, 4319377.793, 95
Trd, 4319379.643, 90
Trd, 4319380.893, 95
Trd, 4319382.043, 96
Trd, 4319382.993, 93
Trd, 4319386.093, 95
Trd, 4319386.643, 92
Trd, 4319386.693, 95
Trd, 4319388.593, 95
Trd, 4319388.843, 92
Trd, 4319390.693, 90
Trd, 4319391.343, 95
Trd, 4319391.793, 94
Trd, 4319394.693, 91
Trd, 4319394.843, 98
Trd, 4319396.193, 80
Trd, 4319396.743, 91
Trd, 4319397.493, 94
Trd, 4319398.743, 94
Trd, 4319400.043, 87
Trd, 4319404.093, 89
Trd, 4319404.243, 94
Trd, 4319404.493, 94
Trd, 4319406.493, 96
Trd, 4319407.493, 113
Trd, 4319408.793, 95
Trd, 4319409.393, 93
Trd, 4319412.043, 96
Trd, 4319412.193, 94
Trd, 4319412.943, 96
Trd, 4319413.493, 104
Trd, 4319414.143, 122
Trd, 4319415.893, 97
Trd, 4319419.793, 97
Trd, 4319420.093, 97
Trd, 4319420.543, 95
Trd, 4319420.693, 93
Trd, 4319421.143, 97
Trd, 4319423.443, 92
Trd, 4319423.543, 97
Trd, 4319424.543, 97
Trd, 4319425.093, 105
Trd, 4319426.793, 95
Trd, 4319427.093, 97
Trd, 4319429.243, 105
Trd, 4319429.293, 95
Trd, 4319430.593, 95
Trd, 4319430.693, 98
Trd, 4319432.293, 98
Trd, 4319433.093, 95
Trd, 4319433.743, 83
Trd, 4319435.843, 90
Trd, 4319438.193, 95
Trd, 4319438.243, 95
Trd, 4319439.793, 91
Trd, 4319441.443, 91
Trd, 4319442.893, 94
Trd, 4319444.543, 94
Trd, 4319444.793, 98
Trd, 4319446.393, 96
Trd, 4319447.193, 91
Trd, 4319448.943, 86
Trd, 4319449.143, 105
Trd, 4319449.393, 111
Trd, 4319451.043, 94
Trd, 4319452.843, 95
Trd, 4319455.893, 96
Trd, 4319456.793, 95
Trd, 4319457.643, 93
Trd, 4319458.243, 95
Trd, 4319458.743, 95
Trd, 4319458.793, 92
Trd, 4319459.843, 95
Trd, 4319460.993, 76
Trd, 4319463.393, 95
Trd, 4319463.793, 95
Trd, 4319464.693, 89
Trd, 4319465.093, 97
Trd, 4319465.693, 80
Trd, 4319467.343, 100
Trd, 4319468.093, 100
Trd, 4319470.043, 97
Trd, 4319470.143, 104
Trd, 4319470.893, 106
Trd, 4319471.493, 115
Trd, 4319473.743, 96
Trd, 4319473.893, 83
Trd, 4319475.793, 96
Trd, 4319475.843, 97
Trd, 4319477.143, 104
Trd, 4319479.543, 97
Trd, 4319479.643, 95
Trd, 4319481.143, 94
Trd, 4319481.493, 96
Trd, 4319481.593, 84
Trd, 4319482.943, 86
Trd, 4319483.143, 95
Trd, 4319485.443, 91
Trd, 4319485.593, 97
Trd, 4319486.193, 99
Trd, 4319487.793, 102
Trd, 4319488.293, 98
Trd, 4319488.993, 97
Trd, 4319489.893, 97
Trd, 4319489.943, 104
Trd, 4319491.543, 111
Trd, 4319493.743, 95
Trd, 4319494.293, 100
Trd, 4319495.493, 103
Trd, 4319496.043, 101
Trd, 4319497.793, 100
Trd, 4319498.493, 101
Trd, 4319499.043, 104
Trd, 4319499.443, 100
Trd, 4319499.493, 99
Trd, 4319500.843, 100
Trd, 4319501.843, 105
Trd, 4319502.443, 87
Trd, 4319503.093, 86
Trd, 4319506.843, 105
Trd, 4319506.993, 99
Trd, 4319507.343, 99
Trd, 4319508.043, 99
Trd, 4319509.293, 98
Trd, 4319510.443, 98
Trd, 4319510.593, 99
Trd, 4319511.243, 106
Trd, 4319511.593, 85
Trd, 4319512.543, 99
Trd, 4319515.743, 98
Trd, 4319516.893, 97
Trd, 4319517.143, 95
Trd, 4319517.243, 97
Trd, 4319517.643, 94
Trd, 4319519.293, 93
Trd, 4319520.143, 92
Trd, 4319520.243, 96
Trd, 4319521.693, 83
Trd, 4319522.043, 106
Trd, 4319523.743, 91
Trd, 4319524.543, 97
Trd, 4319526.943, 90
Trd, 4319528.193, 95
Trd, 4319529.443, 95
Trd, 4319530.143, 91
Trd, 4319530.543, 105
Trd, 4319533.543, 92
Trd, 4319535.643, 95
Trd, 4319535.893, 91
Trd, 4319535.943, 96
Trd, 4319538.643, 105
Trd, 4319540.443, 90
Trd, 4319540.993, 89
Trd, 4319542.643, 95
Trd, 4319543.593, 95
Trd, 4319543.993, 95
Trd, 4319545.393, 93
Trd, 4319546.943, 95
Trd, 4319547.193, 97
Trd, 4319547.893, 93
Trd, 4319548.493, 117
Trd, 4319550.193, 97
Trd, 4319550.593, 98
Trd, 4319552.193, 96
Trd, 4319554.543, 97
Trd, 4319555.343, 96
Trd, 4319556.193, 97
Trd, 4319556.543, 94
Trd, 4319557.143, 84
Trd, 4319558.893, 97
Trd, 4319559.593, 84
Trd, 4319561.293, 95
Trd, 4319561.343, 89
Trd, 4319563.793, 95
Trd, 4319566.043, 94
Trd, 4319566.743, 89
Trd, 4319567.143, 88
Trd, 4319569.743, 75
Trd, 4319570.693, 94
Trd, 4319571.493, 94
Trd, 4319571.743, 98
Trd, 4319572.793, 86
Trd, 4319572.993, 99
Trd, 4319574.643, 85
Trd, 4319575.143, 95
Trd, 4319578.793, 95
Trd, 4319578.893, 89
Trd, 4319580.193, 88
Trd, 4319580.693, 95
Trd, 4319580.943, 95
Trd, 4319582.593, 95
Trd, 4319584.893, 87
Trd, 4319586.743, 103
Trd, 4319587.743, 96
Trd, 4319589.943, 96
Trd, 4319590.143, 96
Trd, 4319590.693, 96
Trd, 4319590.993, 90
Trd, 4319591.993, 79
Trd, 4319593.793, 113
Trd, 4319594.393, 123
Trd, 4319595.093, 101
Trd, 4319596.793, 95
Trd, 4319596.993, 104
Trd, 4319597.493, 84
Trd, 4319598.443, 77
Trd, 4319598.493, 75
Trd, 4319599.393, 95
Trd, 4319599.543, 97
Trd, 4319599.843, 105
Trd, 4319601.543, 98
Trd, 4319603.093, 98
Trd, 4319606.193, 97
Trd, 4319606.593, 103
Trd, 4319606.843, 96
Trd, 4319607.493, 98
Trd, 4319607.643, 91
Trd, 4319609.993, 78
Trd, 4319611.143, 98
Trd, 4319612.443, 98
Trd, 4319614.143, 90
Trd, 4319614.943, 99
Trd, 4319617.193, 92
Trd, 4319617.943, 98
Trd, 4319618.743, 96
Trd, 4319619.443, 104
Trd, 4319622.893, 91
Trd, 4319623.043, 95
Trd, 4319623.893, 90
Trd, 4319625.543, 90
Trd, 4319626.043, 95
Trd, 4319627.293, 90
Trd, 4319627.343, 95
Trd, 4319628.343, 97
Trd, 4319631.643, 94
Trd, 4319632.093, 94
Trd, 4319632.443, 89
Trd, 4319632.993, 88
Trd, 4319633.693, 81
Trd, 4319636.643, 94
Trd, 4319637.793, 94
Trd, 4319638.843, 85
Trd, 4319639.093, 112
Trd, 4319640.243, 102
Trd, 4319641.043, 105
Trd, 4319641.243, 110
Trd, 4319642.093, 102
Trd, 4319643.593, 107
Trd, 4319644.443, 109
Trd, 4319645.643, 108
Trd, 4319646.093, 123
Trd, 4319646.893, 113
Trd, 4319647.793, 81
Trd, 4319649.243, 96
Trd, 4319651.243, 83
Trd, 4319652.793, 94
Trd, 4319653.093, 93
Trd, 4319654.343, 93
Trd, 4319655.243, 106
Trd, 4319655.893, 92
Trd, 4319657.293, 101
Trd, 4319658.493, 96
Trd, 4319659.793, 79
Trd, 4319661.443, 92
Trd, 4319661.843, 76
Trd, 4319662.393, 106
Trd, 4319662.843, 95
Trd, 4319667.993, 94
Trd, 4319668.343, 101
Trd, 4319668.943, 89
Trd, 4319669.543, 88
Trd, 4319669.893, 82
Trd, 4319672.043, 94
Trd, 4319672.943, 94
Trd, 4319673.093, 92
Trd, 4319675.843, 94
Trd, 4319677.193, 98
Trd, 4319678.493, 89
Trd, 4319680.293, 79
Trd, 4319680.543, 76
Trd, 4319680.743, 93
Trd, 4319682.743, 84
Trd, 4319683.093, 97
Trd, 4319686.143, 94
Trd, 4319686.243, 106
Trd, 4319687.993, 93
Trd, 4319689.293, 104
Trd, 4319689.393, 95
Trd, 4319690.443, 93
Trd, 4319690.943, 94
Trd, 4319693.043, 94
Trd, 4319693.593, 93
Trd, 4319694.293, 92
Trd, 4319694.743, 92
Trd, 4319697.643, 92
Trd, 4319698.093, 87
Trd, 4319699.543, 98
Trd, 4319700.443, 92
Trd, 4319702.193, 104
Trd, 4319703.393, 99
Trd, 4319703.643, 77
Trd, 4319705.443, 92
Trd, 4319705.593, 93
Trd, 4319706.543, 90
Trd, 4319708.843, 92
Trd, 4319710.393, 95
Trd, 4319710.443, 92
Trd, 4319712.793, 92
Trd, 4319713.043, 93
Trd, 4319714.743, 91
Trd, 4319715.293, 93
Trd, 4319716.293, 95
Trd, 4319716.793, 104
Trd, 4319716.843, 76
Trd, 4319717.593, 110
Trd, 4319719.143, 91
Trd, 4319721.493, 91
Trd, 4319722.393, 91
Trd, 4319722.643, 92
Trd, 4319724.043, 91
Trd, 4319724.293, 90
Trd, 4319725.393, 80
Trd, 4319726.543, 115
Trd, 4319726.743, 113
Trd, 4319727.693, 106
Trd, 4319728.743, 99
Trd, 4319729.593, 94
Trd, 4319731.193, 96
Trd, 4319731.943, 106
Trd, 4319732.243, 97
Trd, 4319735.143, 97
Trd, 4319735.493, 96
Trd, 4319735.893, 95
Trd, 4319737.443, 86
Trd, 4319737.493, 97
Trd, 4319740.043, 95
Trd, 4319741.643, 82
Trd, 4319742.393, 95
Trd, 4319743.293, 90
Trd, 4319743.943, 95
Trd, 4319744.843, 92
Trd, 4319745.593, 98
Trd, 4319747.593, 113
Trd, 4319747.943, 96
Trd, 4319748.943, 83
Trd, 4319749.243, 114
Trd, 4319750.543, 96
Trd, 4319751.593, 96
Trd, 4319752.243, 95
Trd, 4319753.843, 95
Trd, 4319755.843, 95
Trd, 4319756.443, 80
Trd, 4319757.493, 90
Trd, 4319759.043, 113
Trd, 4319759.343, 81
Trd, 4319759.493, 123
Trd, 4319759.643, 92
Trd, 4319760.343, 110
Trd, 4319761.193, 107
Trd, 4319764.193, 99
Trd, 4319764.893, 101
Trd, 4319765.293, 96
Trd, 4319765.943, 97
Trd, 4319766.693, 102
Trd, 4319768.493, 107
Trd, 4319769.143, 96
Trd, 4319769.693, 87
Trd, 4319771.493, 94
Trd, 4319772.093, 94
Trd, 4319773.943, 102
Trd, 4319774.893, 93
Trd, 4319776.093, 92
Trd, 4319776.343, 77
Trd, 4319777.943, 88
Trd, 4319777.993, 76
Trd, 4319778.243, 96
Trd, 4319779.143, 88
Trd, 4319779.543, 88
Trd, 4319780.593, 85
Trd, 4319782.843, 96
Trd, 4319783.243, 89
Trd, 4319783.343, 104
Trd, 4319784.043, 75
Trd, 4319784.093, 96
Trd, 4319787.493, 84
Trd, 4319788.643, 92
Trd, 4319790.893, 86
Trd, 4319791.943, 89
Trd, 4319792.093, 89
Trd, 4319792.943, 95
Trd, 4319793.943, 87
Trd, 4319794.293, 113
Trd, 4319795.393, 92
Trd, 4319796.643, 84
Trd, 4319797.493, 87
Trd, 4319797.993, 95
Trd, 4319798.443, 104
Trd, 4319799.793, 77
Trd, 4319804.193, 88
Trd, 4319804.693, 87
Trd, 4319807.443, 106
Trd, 4319807.643, 87
Trd, 4319808.493, 90
Trd, 4319809.993, 94
Trd, 4319811.193, 90
Trd, 4319811.393, 90
Trd, 4319811.893, 87
Trd, 4319812.043, 106
Trd, 4319815.043, 96
Trd, 4319815.193, 92
Trd, 4319815.643, 106
Trd, 4319817.093, 91
Trd, 4319817.393, 90
Trd, 4319819.443, 105
Trd, 4319820.243, 95
Trd, 4319821.093, 95
Trd, 4319821.893, 96
Trd, 4319822.893, 84
Trd, 4319824.293, 84
Trd, 4319825.043, 84
Trd, 4319827.243, 88
Trd, 4319828.293, 87
Trd, 4319829.093, 88
Trd, 4319829.593, 96
Trd, 4319829.843, 86
Trd, 4319830.243, 89
Trd, 4319832.043, 96
Trd, 4319834.193, 86
Trd, 4319836.043, 85
Trd, 4319836.743, 90
Trd, 4319837.443, 90
Trd, 4319837.493, 97
Trd, 4319838.443, 106
Trd, 4319839.843, 93
Trd, 4319840.593, 91
Trd, 4319840.793, 93
Trd, 4319841.293, 87
Trd, 4319844.693, 84
Trd, 4319845.243, 93
Trd, 4319845.543, 95
Trd, 4319846.443, 90
Trd, 4319848.043, 100
Trd, 4319850.293, 92
Trd, 4319851.793, 89
Trd, 4319852.243, 88
Trd, 4319854.193, 80
Trd, 4319854.843, 92
Trd, 4319855.993, 92
Trd, 4319857.543, 92
Trd, 4319858.193, 88
Trd, 4319860.343, 95
Trd, 4319861.593, 90
Trd, 4319862.043, 94
Trd, 4319862.443, 96
Trd, 4319863.193, 104
Trd, 4319863.343, 92
Trd, 4319865.943, 93
Trd, 4319867.793, 95
Trd, 4319868.093, 91
Trd, 4319868.243, 103
Trd, 4319868.643, 95
Trd, 4319871.243, 90
Trd, 4319871.543, 86
Trd, 4319871.643, 95
Trd, 4319872.643, 105
Trd, 4319875.643, 96
Trd, 4319876.793, 88
Trd, 4319877.043, 78
Trd, 4319878.243, 96
Trd, 4319878.393, 105
Trd, 4319879.693, 97
Trd, 4319880.093, 96
Trd, 4319882.843, 95
Trd, 4319883.893, 93
Trd, 4319883.943, 97
Trd, 4319885.093, 94
Trd, 4319886.643, 92
Trd, 4319888.543, 100
Trd, 4319889.943, 92
Trd, 4319890.443, 95
Trd, 4319891.293, 95
Trd, 4319891.593, 93
Trd, 4319892.593, 92
Trd, 4319893.543, 95
Trd, 4319894.493, 83
Trd, 4319897.043, 95
Trd, 4319898.143, 95
Trd, 4319898.343, 106
Trd, 4319900.343, 120
Trd, 4319900.543, 108
Trd, 4319901.043, 102
Trd, 4319901.443, 110
Trd, 4319902.193, 105
Trd, 4319902.893, 102
Trd, 4319906.743, 77
Trd, 4319906.943, 86
Trd, 4319907.493, 97
Trd, 4319908.193, 98
Trd, 4319910.043, 94
Trd, 4319910.743, 104
Trd, 4319911.793, 96
Trd, 4319912.993, 97
Trd, 4319913.343, 83
Trd, 4319915.193, 93
Trd, 4319915.293, 76
Trd, 4319915.893, 94
Trd, 4319916.493, 97
Trd, 4319917.343, 105
Trd, 4319918.393, 94
Trd, 4319920.243, 92
Trd, 4319920.593, 76
Trd, 4319920.993, 93
Trd, 4319923.243, 83
Trd, 4319926.693, 90
Trd, 4319929.143, 90
Trd, 4319929.493, 85
Trd, 4319929.743, 85
Trd, 4319929.893, 90
Trd, 4319930.493, 90
Trd, 4319931.043, 90
Trd, 4319932.093, 85
Trd, 4319933.093, 105
Trd, 4319933.893, 107
Trd, 4319934.593, 90
Trd, 4319934.993, 113
Trd, 4319936.243, 105
Trd, 4319936.543, 87
Trd, 4319937.143, 113
Trd, 4319939.743, 99
Trd, 4319941.643, 95
Trd, 4319943.443, 96
Trd, 4319944.343, 96
Trd, 4319944.543, 84
Trd, 4319944.693, 83
Trd, 4319945.293, 105
Trd, 4319947.543, 96
Trd, 4319947.593, 89
Trd, 4319948.793, 96
Trd, 4319948.943, 113
Trd, 4319950.793, 89
Trd, 4319951.543, 98
Trd, 4319953.093, 98
Trd, 4319954.193, 93
Trd, 4319956.543, 93
Trd, 4319958.343, 98
Trd, 4319959.343, 96
Trd, 4319959.443, 93
Trd, 4319959.793, 93
Trd, 4319960.543, 97
Trd, 4319961.393, 104
Trd, 4319963.793, 95
Trd, 4319964.243, 97
Trd, 4319964.843, 93
Trd, 4319965.693, 96
Trd, 4319966.593, 82
Trd, 4319967.893, 89
Trd, 4319971.993, 95
Trd, 4319972.643, 89
Trd, 4319972.893, 89
Trd, 4319973.643, 94
Trd, 4319974.393, 97
Trd, 4319975.043, 117
Trd, 4319976.693, 97
Trd, 4319977.593, 105
Trd, 4319978.893, 96
Trd, 4319979.243, 97
Trd, 4319979.843, 95
Trd, 4319980.343, 95
Trd, 4319980.943, 86
Trd, 4319983.593, 98
Trd, 4319983.693, 92
Trd, 4319983.993, 91
Trd, 4319984.343, 97
Trd, 4319985.443, 105
Trd, 4319985.893, 99
Trd, 4319988.393, 95
Trd, 4319988.643, 94
Trd, 4319989.193, 106
Trd, 4319990.843, 96
Trd, 4319992.543, 94
Trd, 4319993.293, 95
Trd, 4319994.343, 76
Trd, 4319994.643, 78
Trd, 4319995.543, 99
Trd, 4319998.093, 97
Trd, 4319998.393, 94
Trd, 4319998.993, 95
Trd, 4319999.193, 79
