Trd, 4317709.843, 87
Trd, 4317710.393, 86
Trd, 4317710.793, 86
Trd, 4317711.693, 97
Trd, 4317715.643, 86
Trd, 4317716.493, 87
Trd, 4317717.243, 85
Trd, 4317718.143, 86
Trd, 4317725.143, 85
Trd, 4317726.243, 86
Trd, 4317726.493, 86
Trd, 4317729.093, 85
Trd, 4317729.743, 86
Trd, 4317731.293, 86
Trd, 4317732.393, 104
Trd, 4317732.993, 90
Trd, 4317737.743, 93
Trd, 4317737.943, 91
Trd, 4317738.193, 99
Trd, 4317739.843, 91
Trd, 4317742.643, 104
Trd, 4317743.443, 95
Trd, 4317744.143, 94
Trd, 4317746.643, 104
Trd, 4317749.843, 95
Trd, 4317752.393, 95
Trd, 4317752.643, 95
Trd, 4317754.393, 95
Trd, 4317756.993, 93
Trd, 4317760.393, 93
Trd, 4317764.843, 92
Trd, 4317766.093, 93
Trd, 4317766.643, 93
Trd, 4317767.343, 93
Trd, 4317772.193, 92
Trd, 4317773.143, 93
Trd, 4317774.693, 92
Trd, 4317779.843, 91
Trd, 4317783.943, 91
Trd, 4317784.743, 90
Trd, 4317785.543, 91
Trd, 4317789.793, 91
Trd, 4317792.443, 89
Trd, 4317792.493, 90
Trd, 4317794.293, 105
Trd, 4317800.243, 88
Trd, 4317801.943, 89
Trd, 4317802.543, 90
Trd, 4317808.443, 87
Trd, 4317808.493, 89
Trd, 4317812.593, 89
Trd, 4317817.243, 86
Trd, 4317818.243, 87
Trd, 4317822.643, 85
Trd, 4317822.843, 86
Trd, 4317824.793, 88
Trd, 4317825.593, 85
Trd, 4317826.093, 86
Trd, 4317827.993, 96
Trd, 4317828.793, 98
Trd, 4317830.293, 97
Trd, 4317830.443, 105
Trd, 4317832.143, 93
Trd, 4317834.043, 99
Trd, 4317834.643, 105
Trd, 4317838.293, 103
Trd, 4317841.193, 103
Trd, 4317841.443, 105
Trd, 4317844.543, 102
Trd, 4317845.693, 102
Trd, 4317845.893, 102
Trd, 4317847.393, 101
Trd, 4317849.593, 119
Trd, 4317850.443, 100
Trd, 4317856.943, 100
Trd, 4317860.593, 99
Trd, 4317861.293, 100
Trd, 4317866.393, 98
Trd, 4317867.193, 99
Trd, 4317871.093, 104
Trd, 4317874.043, 98
Trd, 4317876.143, 98
Trd, 4317879.143, 97
Trd, 4317881.393, 98
Trd, 4317881.543, 97
Trd, 4317887.293, 102
Trd, 4317894.643, 97
Trd, 4317897.143, 97
Trd, 4317897.293, 98
Trd, 4317900.943, 104
Trd, 4317903.643, 96
Trd, 4317909.193, 97
Trd, 4317911.443, 95
Trd, 4317911.643, 96
Trd, 4317915.843, 94
Trd, 4317916.043, 95
Trd, 4317918.443, 93
Trd, 4317920.943, 94
Trd, 4317925.293, 93
Trd, 4317928.943, 94
Trd, 4317931.693, 93
Trd, 4317932.743, 94
Trd, 4317938.143, 92
Trd, 4317938.793, 92
Trd, 4317938.843, 94
Trd, 4317945.793, 92
Trd, 4317947.143, 102
Trd, 4317952.543, 94
Trd, 4317955.893, 91
Trd, 4317956.293, 91
Trd, 4317956.743, 91
Trd, 4317957.993, 92
Trd, 4317963.093, 92
Trd, 4317965.143, 92
Trd, 4317965.243, 91
Trd, 4317966.043, 92
Trd, 4317969.143, 90
Trd, 4317970.393, 91
Trd, 4317975.443, 91
Trd, 4317979.343, 89
Trd, 4317980.593, 90
Trd, 4317986.593, 90
Trd, 4317986.943, 90
Trd, 4317988.393, 89
Trd, 4317990.743, 88
Trd, 4317990.893, 90
Trd, 4317993.893, 88
Trd, 4317995.693, 89
Trd, 4317996.743, 90
Trd, 4318001.043, 91
Trd, 4318001.293, 102
Trd, 4318001.543, 95
Trd, 4318004.543, 104
Trd, 4318005.543, 94
Trd, 4318007.493, 94
Trd, 4318010.093, 95
Trd, 4318016.143, 93
Trd, 4318017.643, 93
Trd, 4318018.493, 92
Trd, 4318018.743, 104
Trd, 4318020.043, 94
Trd, 4318022.443, 94
Trd, 4318027.293, 91
Trd, 4318030.293, 92
Trd, 4318030.693, 92
Trd, 4318033.693, 103
Trd, 4318036.543, 90
Trd, 4318037.593, 91
Trd, 4318038.043, 90
Trd, 4318043.293, 90
Trd, 4318043.743, 91
Trd, 4318046.843, 90
Trd, 4318048.793, 89
Trd, 4318049.043, 89
Trd, 4318049.093, 104
Trd, 4318052.543, 89
Trd, 4318054.443, 89
Trd, 4318054.743, 104
Trd, 4318060.343, 88
Trd, 4318060.693, 88
Trd, 4318061.643, 90
Trd, 4318065.143, 88
Trd, 4318068.293, 87
Trd, 4318069.393, 87
Trd, 4318070.543, 89
Trd, 4318071.293, 104
Trd, 4318072.843, 89
Trd, 4318075.143, 90
Trd, 4318077.443, 97
Trd, 4318078.893, 97
Trd, 4318079.743, 96
Trd, 4318081.943, 122
Trd, 4318084.593, 96
Trd, 4318087.543, 94
Trd, 4318087.693, 94
Trd, 4318090.893, 94
Trd, 4318091.643, 93
Trd, 4318093.193, 129
Trd, 4318094.593, 111
Trd, 4318094.643, 104
Trd, 4318097.043, 115
Trd, 4318097.693, 108
Trd, 4318099.093, 107
Trd, 4318100.293, 105
Trd, 4318101.093, 106
Trd, 4318102.693, 104
Trd, 4318103.793, 103
Trd, 4318104.093, 103
Trd, 4318106.243, 106
Trd, 4318106.643, 105
Trd, 4318107.093, 105
Trd, 4318109.493, 122
Trd, 4318111.993, 104
Trd, 4318113.943, 104
Trd, 4318114.093, 106
Trd, 4318116.543, 104
Trd, 4318123.643, 104
Trd, 4318123.943, 103
Trd, 4318125.543, 104
Trd, 4318129.843, 103
Trd, 4318130.743, 103
Trd, 4318131.793, 104
Trd, 4318135.243, 102
Trd, 4318137.043, 103
Trd, 4318138.743, 101
Trd, 4318141.643, 102
Trd, 4318146.443, 100
Trd, 4318150.543, 101
Trd, 4318152.843, 99
Trd, 4318159.543, 99
Trd, 4318159.693, 98
Trd, 4318165.243, 98
Trd, 4318165.493, 97
Trd, 4318166.793, 97
Trd, 4318168.743, 96
Trd, 4318169.443, 96
Trd, 4318174.293, 97
Trd, 4318175.593, 101
Trd, 4318175.893, 96
Trd, 4318177.393, 104
Trd, 4318178.343, 98
Trd, 4318179.843, 98
Trd, 4318181.943, 97
Trd, 4318182.293, 104
Trd, 4318188.143, 97
Trd, 4318189.393, 99
Trd, 4318194.293, 98
Trd, 4318196.243, 97
Trd, 4318198.593, 96
Trd, 4318204.843, 96
Trd, 4318206.743, 95
Trd, 4318208.943, 96
Trd, 4318210.893, 96
Trd, 4318216.743, 94
Trd, 4318217.093, 96
Trd, 4318224.743, 95
Trd, 4318227.343, 94
Trd, 4318228.693, 93
Trd, 4318234.893, 94
Trd, 4318237.093, 94
Trd, 4318237.843, 93
Trd, 4318243.843, 91
Trd, 4318245.993, 90
Trd, 4318246.943, 90
Trd, 4318247.143, 90
Trd, 4318248.093, 90
Trd, 4318249.993, 104
Trd, 4318252.893, 99
Trd, 4318253.393, 104
Trd, 4318254.093, 102
Trd, 4318256.743, 103
Trd, 4318257.043, 101
Trd, 4318258.793, 99
Trd, 4318259.293, 102
Trd, 4318261.443, 99
Trd, 4318265.343, 99
Trd, 4318266.093, 100
Trd, 4318267.693, 98
Trd, 4318268.643, 101
Trd, 4318270.193, 98
Trd, 4318272.743, 98
Trd, 4318272.793, 101
Trd, 4318278.193, 97
Trd, 4318282.193, 99
Trd, 4318285.643, 99
Trd, 4318285.943, 97
Trd, 4318288.793, 97
Trd, 4318288.843, 98
Trd, 4318293.293, 96
Trd, 4318294.243, 98
Trd, 4318294.943, 96
Trd, 4318299.593, 96
Trd, 4318299.843, 97
Trd, 4318303.893, 96
Trd, 4318311.593, 96
Trd, 4318312.793, 95
Trd, 4318314.793, 96
Trd, 4318317.343, 95
Trd, 4318319.843, 95
Trd, 4318323.293, 96
Trd, 4318326.343, 96
Trd, 4318330.043, 96
Trd, 4318330.643, 96
Trd, 4318335.343, 100
Trd, 4318337.293, 94
Trd, 4318339.593, 95
Trd, 4318340.143, 94
Trd, 4318340.243, 94
Trd, 4318342.293, 94
Trd, 4318345.793, 93
Trd, 4318346.343, 95
Trd, 4318353.443, 93
Trd, 4318357.043, 93
Trd, 4318357.643, 92
Trd, 4318360.993, 93
Trd, 4318362.893, 91
Trd, 4318364.693, 92
Trd, 4318370.793, 91
Trd, 4318373.543, 91
Trd, 4318377.143, 90
Trd, 4318377.243, 91
Trd, 4318380.943, 91
Trd, 4318381.943, 91
Trd, 4318388.093, 89
Trd, 4318388.243, 89
Trd, 4318388.493, 89
Trd, 4318390.343, 88
Trd, 4318396.643, 89
Trd, 4318399.943, 87
Trd, 4318402.143, 87
Trd, 4318405.393, 86
Trd, 4318405.893, 86
Trd, 4318407.193, 87
Trd, 4318408.943, 104
Trd, 4318414.043, 86
Trd, 4318414.093, 89
Trd, 4318415.943, 89
Trd, 4318417.643, 86
Trd, 4318423.693, 87
Trd, 4318424.843, 85
Trd, 4318424.943, 85
Trd, 4318426.543, 87
Trd, 4318426.693, 123
Trd, 4318430.043, 97
Trd, 4318431.393, 99
Trd, 4318431.843, 105
Trd, 4318431.893, 98
Trd, 4318433.243, 98
Trd, 4318434.693, 102
Trd, 4318436.143, 101
Trd, 4318437.843, 104
Trd, 4318438.943, 101
Trd, 4318439.993, 104
Trd, 4318442.643, 104
Trd, 4318444.143, 103
Trd, 4318444.293, 101
Trd, 4318445.243, 101
Trd, 4318446.593, 101
Trd, 4318447.293, 100
Trd, 4318449.493, 104
Trd, 4318453.043, 101
Trd, 4318456.093, 100
Trd, 4318458.293, 100
Trd, 4318461.843, 100
Trd, 4318462.243, 99
Trd, 4318466.643, 100
Trd, 4318468.743, 99
Trd, 4318469.743, 98
Trd, 4318471.193, 99
Trd, 4318478.693, 97
Trd, 4318479.693, 98
Trd, 4318485.493, 98
Trd, 4318485.743, 97
Trd, 4318488.593, 96
Trd, 4318489.393, 96
Trd, 4318489.443, 97
Trd, 4318493.693, 96
Trd, 4318496.993, 95
Trd, 4318497.393, 96
Trd, 4318500.243, 95
Trd, 4318506.343, 94
Trd, 4318507.093, 95
Trd, 4318510.843, 95
Trd, 4318516.543, 93
Trd, 4318516.793, 93
Trd, 4318516.943, 96
Trd, 4318522.743, 94
Trd, 4318527.343, 95
Trd, 4318530.393, 92
Trd, 4318535.693, 93
Trd, 4318539.693, 92
Trd, 4318540.843, 92
Trd, 4318544.043, 92
Trd, 4318545.393, 91
Trd, 4318547.793, 90
Trd, 4318551.243, 91
Trd, 4318553.543, 89
Trd, 4318553.993, 90
Trd, 4318555.043, 93
Trd, 4318556.143, 93
Trd, 4318559.093, 104
Trd, 4318562.343, 92
Trd, 4318563.893, 92
Trd, 4318564.143, 94
Trd, 4318567.793, 91
Trd, 4318570.393, 92
Trd, 4318572.693, 104
Trd, 4318578.593, 92
Trd, 4318582.343, 92
Trd, 4318585.193, 90
Trd, 4318586.793, 90
Trd, 4318587.293, 91
Trd, 4318590.843, 91
Trd, 4318594.893, 90
Trd, 4318597.893, 90
Trd, 4318598.293, 89
Trd, 4318598.893, 90
Trd, 4318601.143, 105
Trd, 4318605.343, 89
Trd, 4318607.443, 90
Trd, 4318610.443, 105
Trd, 4318613.043, 89
Trd, 4318614.643, 92
Trd, 4318617.443, 88
Trd, 4318620.093, 88
Trd, 4318623.793, 87
Trd, 4318626.093, 88
Trd, 4318627.593, 123
Trd, 4318630.993, 91
Trd, 4318634.293, 90
Trd, 4318636.743, 90
Trd, 4318639.793, 88
Trd, 4318642.743, 86
Trd, 4318643.443, 86
Trd, 4318645.443, 95
Trd, 4318647.843, 95
Trd, 4318648.693, 93
Trd, 4318650.993, 122
Trd, 4318651.643, 103
Trd, 4318653.543, 99
Trd, 4318653.843, 95
Trd, 4318656.443, 95
Trd, 4318656.843, 97
Trd, 4318658.993, 96
Trd, 4318661.443, 95
Trd, 4318664.043, 95
Trd, 4318664.793, 95
Trd, 4318668.343, 103
Trd, 4318672.993, 94
Trd, 4318673.343, 95
Trd, 4318677.543, 93
Trd, 4318677.693, 93
Trd, 4318678.243, 95
Trd, 4318681.043, 93
Trd, 4318684.493, 92
Trd, 4318684.943, 93
Trd, 4318685.693, 93
Trd, 4318687.643, 92
Trd, 4318692.793, 91
Trd, 4318692.943, 91
Trd, 4318695.293, 92
Trd, 4318699.443, 102
Trd, 4318699.643, 97
Trd, 4318700.843, 97
Trd, 4318701.493, 97
Trd, 4318703.993, 99
Trd, 4318706.993, 97
Trd, 4318707.343, 96
Trd, 4318709.543, 96
Trd, 4318711.293, 95
Trd, 4318712.893, 104
Trd, 4318720.793, 94
Trd, 4318721.293, 95
Trd, 4318724.593, 94
Trd, 4318726.143, 94
Trd, 4318727.143, 95
Trd, 4318732.743, 95
Trd, 4318735.793, 95
Trd, 4318736.843, 93
Trd, 4318738.593, 94
Trd, 4318740.743, 92
Trd, 4318742.193, 92
Trd, 4318746.093, 100
Trd, 4318746.693, 100
Trd, 4318749.643, 99
Trd, 4318749.993, 99
Trd, 4318750.243, 104
Trd, 4318752.693, 99
Trd, 4318753.293, 104
Trd, 4318755.543, 104
Trd, 4318757.293, 99
Trd, 4318760.443, 102
Trd, 4318761.443, 102
Trd, 4318763.743, 101
Trd, 4318766.443, 100
Trd, 4318768.143, 102
Trd, 4318769.143, 100
Trd, 4318771.993, 100
Trd, 4318774.143, 100
Trd, 4318775.793, 99
Trd, 4318777.693, 99
Trd, 4318778.643, 99
Trd, 4318778.943, 103
Trd, 4318783.193, 98
Trd, 4318786.693, 99
Trd, 4318788.493, 99
Trd, 4318793.093, 97
Trd, 4318796.243, 97
Trd, 4318796.593, 104
Trd, 4318799.193, 97
Trd, 4318799.793, 97
Trd, 4318802.193, 96
Trd, 4318806.843, 97
Trd, 4318810.093, 97
Trd, 4318811.843, 96
Trd, 4318813.943, 97
Trd, 4318817.893, 96
Trd, 4318818.043, 95
Trd, 4318821.893, 94
Trd, 4318823.943, 95
Trd, 4318826.743, 93
Trd, 4318833.593, 93
Trd, 4318833.743, 104
Trd, 4318835.893, 94
Trd, 4318838.593, 93
Trd, 4318840.193, 93
Trd, 4318847.393, 93
Trd, 4318849.693, 92
Trd, 4318852.993, 93
Trd, 4318856.893, 91
Trd, 4318858.593, 92
Trd, 4318861.043, 92
Trd, 4318867.643, 92
Trd, 4318869.893, 90
Trd, 4318870.193, 92
Trd, 4318874.943, 89
Trd, 4318875.293, 89
Trd, 4318876.493, 90
Trd, 4318878.193, 90
Trd, 4318880.893, 90
Trd, 4318881.393, 90
Trd, 4318882.143, 90
Trd, 4318886.843, 89
Trd, 4318888.143, 90
Trd, 4318891.043, 90
Trd, 4318893.743, 92
Trd, 4318894.643, 93
Trd, 4318896.043, 92
Trd, 4318898.743, 103
Trd, 4318899.043, 92
Trd, 4318902.643, 94
Trd, 4318904.093, 93
Trd, 4318904.543, 92
Trd, 4318905.693, 97
Trd, 4318906.793, 95
Trd, 4318909.343, 102
Trd, 4318911.843, 94
Trd, 4318913.443, 98
Trd, 4318916.093, 104
Trd, 4318920.093, 93
Trd, 4318921.793, 93
Trd, 4318921.943, 94
Trd, 4318926.093, 93
Trd, 4318932.043, 92
Trd, 4318935.743, 92
Trd, 4318935.793, 91
Trd, 4318938.443, 105
Trd, 4318943.093, 93
Trd, 4318946.593, 91
Trd, 4318948.943, 92
Trd, 4318955.243, 105
Trd, 4318955.493, 94
Trd, 4318956.843, 103
Trd, 4318957.093, 95
Trd, 4318962.043, 94
Trd, 4318963.343, 94
Trd, 4318964.143, 96
Trd, 4318967.243, 102
Trd, 4318967.793, 101
Trd, 4318969.293, 123
Trd, 4318971.443, 101
Trd, 4318972.943, 104
Trd, 4318973.943, 101
Trd, 4318975.943, 100
Trd, 4318976.393, 104
Trd, 4318982.643, 99
Trd, 4318982.843, 100
Trd, 4318986.643, 107
Trd, 4318986.893, 102
Trd, 4318987.393, 101
Trd, 4318988.643, 123
Trd, 4318990.393, 103
Trd, 4318991.793, 103
Trd, 4318992.193, 101
Trd, 4318994.543, 102
Trd, 4318994.743, 104
Trd, 4319000.043, 101
Trd, 4319000.093, 102
Trd, 4319001.893, 111
Trd, 4319006.693, 101
Trd, 4319007.443, 101
Trd, 4319010.293, 100
Trd, 4319010.543, 100
Trd, 4319010.893, 102
Trd, 4319012.293, 104
Trd, 4319018.043, 99
Trd, 4319020.443, 100
Trd, 4319024.143, 98
Trd, 4319024.193, 99
Trd, 4319027.693, 97
Trd, 4319030.343, 97
Trd, 4319030.393, 99
Trd, 4319035.343, 99
Trd, 4319036.343, 96
Trd, 4319038.993, 98
Trd, 4319042.193, 97
Trd, 4319045.043, 95
Trd, 4319047.793, 95
Trd, 4319054.293, 95
Trd, 4319056.093, 94
Trd, 4319061.293, 104
Trd, 4319064.343, 94
Trd, 4319066.843, 93
Trd, 4319069.193, 93
Trd, 4319073.743, 94
Trd, 4319073.943, 93
Trd, 4319078.143, 94
Trd, 4319084.693, 92
Trd, 4319085.143, 93
Trd, 4319090.593, 93
Trd, 4319093.943, 91
Trd, 4319096.243, 104
Trd, 4319101.193, 92
Trd, 4319101.843, 91
Trd, 4319104.343, 92
Trd, 4319110.093, 90
Trd, 4319111.643, 89
Trd, 4319111.943, 90
Trd, 4319114.643, 91
Trd, 4319116.943, 89
Trd, 4319118.543, 90
Trd, 4319124.793, 88
Trd, 4319126.343, 87
Trd, 4319129.343, 88
Trd, 4319130.343, 88
Trd, 4319131.193, 105
Trd, 4319132.743, 91
Trd, 4319137.193, 87
Trd, 4319137.543, 89
Trd, 4319140.443, 88
Trd, 4319141.693, 86
Trd, 4319144.093, 87
Trd, 4319144.343, 87
Trd, 4319148.743, 85
Trd, 4319149.693, 86
Trd, 4319150.843, 94
Trd, 4319151.543, 91
Trd, 4319155.643, 91
Trd, 4319158.393, 104
Trd, 4319158.943, 93
Trd, 4319160.343, 90
Trd, 4319165.493, 90
Trd, 4319165.593, 92
Trd, 4319166.543, 90
Trd, 4319169.143, 105
Trd, 4319172.493, 92
Trd, 4319172.993, 92
Trd, 4319173.843, 94
Trd, 4319175.843, 99
Trd, 4319179.993, 92
Trd, 4319185.643, 92
Trd, 4319187.243, 91
Trd, 4319189.443, 90
Trd, 4319190.093, 91
Trd, 4319196.043, 89
Trd, 4319196.943, 89
Trd, 4319197.343, 91
Trd, 4319197.843, 105
Trd, 4319200.643, 91
Trd, 4319204.293, 91
Trd, 4319207.543, 88
Trd, 4319207.643, 88
Trd, 4319208.093, 88
Trd, 4319209.843, 102
Trd, 4319213.143, 89
Trd, 4319213.643, 89
Trd, 4319215.693, 87
Trd, 4319216.043, 89
Trd, 4319217.543, 89
Trd, 4319219.843, 98
Trd, 4319223.993, 98
Trd, 4319224.143, 96
Trd, 4319224.443, 104
Trd, 4319226.343, 95
Trd, 4319227.993, 96
Trd, 4319230.593, 95
Trd, 4319231.793, 95
Trd, 4319235.393, 96
Trd, 4319235.543, 94
Trd, 4319236.243, 94
Trd, 4319239.843, 94
Trd, 4319239.893, 96
Trd, 4319242.843, 95
Trd, 4319245.393, 95
Trd, 4319248.343, 94
Trd, 4319249.093, 95
Trd, 4319251.393, 94
Trd, 4319254.543, 94
Trd, 4319254.993, 94
Trd, 4319255.743, 93
Trd, 4319255.793, 94
Trd, 4319257.943, 92
Trd, 4319257.993, 93
Trd, 4319262.893, 96
Trd, 4319263.843, 95
Trd, 4319265.543, 95
Trd, 4319265.993, 104
Trd, 4319267.043, 95
Trd, 4319268.493, 94
Trd, 4319268.843, 95
Trd, 4319270.393, 101
Trd, 4319271.843, 99
Trd, 4319273.593, 101
Trd, 4319274.843, 99
Trd, 4319277.693, 98
Trd, 4319278.843, 99
Trd, 4319279.793, 98
Trd, 4319282.193, 99
Trd, 4319286.093, 98
Trd, 4319289.943, 98
Trd, 4319291.143, 97
Trd, 4319293.193, 97
Trd, 4319294.593, 98
Trd, 4319297.743, 98
Trd, 4319298.293, 97
Trd, 4319301.243, 96
Trd, 4319302.843, 96
Trd, 4319304.093, 104
Trd, 4319304.193, 96
Trd, 4319308.893, 98
Trd, 4319315.293, 95
Trd, 4319315.843, 95
Trd, 4319317.043, 95
Trd, 4319322.243, 94
Trd, 4319324.543, 95
Trd, 4319325.693, 94
Trd, 4319330.193, 123
Trd, 4319338.843, 97
Trd, 4319341.743, 96
Trd, 4319345.193, 93
Trd, 4319347.493, 95
Trd, 4319348.493, 105
Trd, 4319349.343, 97
Trd, 4319350.393, 99
Trd, 4319350.743, 98
Trd, 4319352.693, 98
Trd, 4319354.143, 99
Trd, 4319354.943, 97
Trd, 4319360.443, 97
Trd, 4319361.393, 123
Trd, 4319361.743, 96
Trd, 4319366.543, 100
Trd, 4319370.493, 96
Trd, 4319371.493, 96
Trd, 4319377.793, 95
Trd, 4319379.143, 96
Trd, 4319382.593, 96
Trd, 4319383.793, 95
Trd, 4319385.493, 96
Trd, 4319388.243, 95
Trd, 4319390.493, 95
Trd, 4319393.693, 95
Trd, 4319393.843, 94
Trd, 4319395.793, 95
Trd, 4319400.793, 93
Trd, 4319401.743, 94
Trd, 4319405.043, 93
Trd, 4319405.643, 93
Trd, 4319406.793, 104
Trd, 4319407.793, 93
Trd, 4319410.793, 94
Trd, 4319417.343, 93
Trd, 4319418.993, 94
Trd, 4319419.893, 94
Trd, 4319422.293, 94
Trd, 4319423.643, 93
Trd, 4319426.193, 104
Trd, 4319426.943, 92
Trd, 4319432.343, 92
Trd, 4319433.443, 92
Trd, 4319433.793, 92
Trd, 4319434.643, 104
Trd, 4319436.993, 105
Trd, 4319440.693, 92
Trd, 4319441.443, 91
Trd, 4319447.343, 92
Trd, 4319451.543, 90
Trd, 4319452.993, 91
Trd, 4319454.193, 91
Trd, 4319459.493, 89
Trd, 4319459.893, 91
Trd, 4319462.343, 90
Trd, 4319466.443, 90
Trd, 4319467.793, 88
Trd, 4319473.943, 89
Trd, 4319477.743, 89
Trd, 4319478.393, 87
Trd, 4319479.743, 88
Trd, 4319482.343, 88
Trd, 4319484.943, 87
Trd, 4319485.793, 106
Trd, 4319491.293, 88
Trd, 4319493.793, 86
Trd, 4319496.243, 87
Trd, 4319497.693, 87
Trd, 4319499.493, 86
Trd, 4319503.243, 86
Trd, 4319504.893, 86
Trd, 4319506.843, 85
Trd, 4319508.793, 86
Trd, 4319510.543, 86
Trd, 4319512.143, 93
Trd, 4319512.843, 106
Trd, 4319517.893, 92
Trd, 4319519.643, 98
Trd, 4319519.693, 91
Trd, 4319523.843, 91
Trd, 4319524.643, 103
Trd, 4319528.343, 96
Trd, 4319529.793, 96
Trd, 4319530.693, 97
Trd, 4319531.243, 103
Trd, 4319534.143, 96
Trd, 4319534.593, 118
Trd, 4319539.743, 102
Trd, 4319544.743, 95
Trd, 4319545.293, 99
Trd, 4319548.193, 98
Trd, 4319553.793, 97
Trd, 4319557.543, 94
Trd, 4319557.743, 97
Trd, 4319563.343, 95
Trd, 4319563.543, 95
Trd, 4319566.643, 94
Trd, 4319567.993, 95
Trd, 4319571.943, 93
Trd, 4319573.393, 93
Trd, 4319575.543, 103
Trd, 4319581.743, 93
Trd, 4319581.893, 92
Trd, 4319584.793, 95
Trd, 4319586.743, 93
Trd, 4319588.743, 92
Trd, 4319591.143, 91
Trd, 4319592.593, 92
Trd, 4319594.943, 91
Trd, 4319596.643, 92
Trd, 4319598.743, 90
Trd, 4319601.293, 91
Trd, 4319601.843, 91
Trd, 4319605.443, 102
Trd, 4319610.043, 90
Trd, 4319613.393, 91
Trd, 4319614.593, 91
Trd, 4319619.593, 89
Trd, 4319625.343, 90
Trd, 4319627.793, 89
Trd, 4319628.943, 89
Trd, 4319632.093, 88
Trd, 4319636.843, 88
Trd, 4319642.493, 87
Trd, 4319642.693, 88
Trd, 4319642.843, 88
Trd, 4319644.893, 131
Trd, 4319646.643, 113
Trd, 4319649.343, 110
Trd, 4319650.893, 123
Trd, 4319653.193, 109
Trd, 4319654.043, 103
Trd, 4319654.843, 108
Trd, 4319657.593, 109
Trd, 4319659.593, 106
Trd, 4319660.393, 106
Trd, 4319660.643, 103
Trd, 4319664.243, 116
Trd, 4319665.643, 107
Trd, 4319666.593, 122
Trd, 4319670.093, 107
Trd, 4319672.543, 107
Trd, 4319672.793, 106
Trd, 4319678.043, 105
Trd, 4319678.293, 105
Trd, 4319678.743, 106
Trd, 4319680.693, 104
Trd, 4319682.943, 103
Trd, 4319687.043, 103
Trd, 4319687.543, 104
Trd, 4319689.793, 104
Trd, 4319693.043, 103
Trd, 4319693.593, 104
Trd, 4319697.143, 102
Trd, 4319698.143, 103
Trd, 4319700.493, 103
Trd, 4319703.443, 101
Trd, 4319705.543, 101
Trd, 4319706.793, 102
Trd, 4319708.043, 101
Trd, 4319709.693, 102
Trd, 4319715.243, 101
Trd, 4319715.943, 100
Trd, 4319716.543, 101
Trd, 4319721.693, 99
Trd, 4319724.593, 100
Trd, 4319727.093, 99
Trd, 4319733.643, 99
Trd, 4319738.343, 98
Trd, 4319739.743, 99
Trd, 4319743.743, 98
Trd, 4319744.243, 103
Trd, 4319749.493, 97
Trd, 4319749.743, 97
Trd, 4319751.093, 97
Trd, 4319751.843, 96
Trd, 4319752.393, 118
Trd, 4319761.893, 98
Trd, 4319763.693, 95
Trd, 4319767.193, 94
Trd, 4319769.043, 100
Trd, 4319772.143, 94
Trd, 4319773.193, 96
Trd, 4319774.893, 96
Trd, 4319779.243, 96
Trd, 4319780.693, 94
Trd, 4319784.643, 94
Trd, 4319789.243, 95
Trd, 4319790.393, 94
Trd, 4319791.593, 95
Trd, 4319795.443, 94
Trd, 4319795.643, 95
Trd, 4319799.293, 95
Trd, 4319801.893, 94
Trd, 4319802.943, 93
Trd, 4319803.493, 95
Trd, 4319809.793, 92
Trd, 4319811.043, 93
Trd, 4319812.743, 93
Trd, 4319817.193, 94
Trd, 4319819.093, 92
Trd, 4319821.893, 94
Trd, 4319822.193, 94
Trd, 4319825.543, 94
Trd, 4319825.893, 104
Trd, 4319827.493, 94
Trd, 4319828.643, 105
Trd, 4319831.093, 101
Trd, 4319831.193, 99
Trd, 4319831.393, 98
Trd, 4319834.043, 99
Trd, 4319836.243, 105
Trd, 4319838.143, 103
Trd, 4319838.893, 102
Trd, 4319839.593, 123
Trd, 4319840.943, 102
Trd, 4319845.493, 105
Trd, 4319845.893, 102
Trd, 4319849.593, 101
Trd, 4319850.293, 102
Trd, 4319855.393, 101
Trd, 4319856.443, 102
Trd, 4319859.343, 102
Trd, 4319864.443, 101
Trd, 4319869.693, 101
Trd, 4319872.543, 101
Trd, 4319873.643, 100
Trd, 4319874.243, 99
Trd, 4319876.593, 99
Trd, 4319878.593, 100
Trd, 4319880.893, 98
Trd, 4319881.793, 99
Trd, 4319887.243, 99
Trd, 4319889.143, 99
Trd, 4319892.143, 97
Trd, 4319894.843, 96
Trd, 4319896.193, 96
Trd, 4319896.593, 96
Trd, 4319898.193, 103
Trd, 4319901.643, 95
Trd, 4319904.493, 96
Trd, 4319907.943, 94
Trd, 4319908.293, 95
Trd, 4319908.843, 94
Trd, 4319913.593, 94
Trd, 4319915.493, 94
Trd, 4319919.393, 96
Trd, 4319919.443, 96
Trd, 4319919.993, 95
Trd, 4319920.193, 98
Trd, 4319922.643, 94
Trd, 4319924.093, 104
Trd, 4319925.993, 120
Trd, 4319928.893, 94
Trd, 4319931.043, 101
Trd, 4319932.343, 100
Trd, 4319934.093, 102
Trd, 4319934.343, 100
Trd, 4319936.893, 104
Trd, 4319938.593, 99
Trd, 4319941.293, 99
Trd, 4319943.843, 97
Trd, 4319944.893, 100
Trd, 4319945.993, 102
Trd, 4319951.843, 99
Trd, 4319954.643, 98
Trd, 4319957.393, 98
Trd, 4319957.993, 99
Trd, 4319963.693, 98
Trd, 4319965.043, 104
Trd, 4319969.143, 99
Trd, 4319971.543, 97
Trd, 4319972.443, 97
Trd, 4319973.343, 98
Trd, 4319976.393, 97
Trd, 4319981.443, 96
Trd, 4319985.193, 97
Trd, 4319985.293, 98
Trd, 4319990.143, 96
Trd, 4319992.443, 96
Trd, 4319992.693, 96
Trd, 4319993.843, 96
Trd, 4319996.693, 96
