Trd, 4317901.243, 102
Trd, 4317902.093, 94
Trd, 4317903.243, 93
Trd, 4317904.293, 98
Trd, 4317904.593, 97
Trd, 4317906.293, 95
Trd, 4317908.793, 96
Trd, 4317909.643, 97
Trd, 4317910.043, 102
Trd, 4317911.243, 94
Trd, 4317911.893, 100
Trd, 4317912.093, 100
Trd, 4317914.393, 99
Trd, 4317918.043, 101
Trd, 4317918.493, 97
Trd, 4317920.593, 99
Trd, 4317921.693, 101
Trd, 4317923.343, 103
Trd, 4317924.193, 103
Trd, 4317924.593, 104
Trd, 4317926.343, 105
Trd, 4317927.443, 106
Trd, 4317927.693, 104
Trd, 4317928.143, 111
Trd, 4317929.393, 103
Trd, 4317929.693, 94
Trd, 4317930.043, 108
Trd, 4317932.743, 97
Trd, 4317935.093, 99
Trd, 4317935.743, 103
Trd, 4317938.043, 100
Trd, 4317939.493, 101
Trd, 4317940.443, 100
Trd, 4317941.893, 99
Trd, 4317942.643, 104
Trd, 4317943.443, 94
Trd, 4317947.243, 97
Trd, 4317947.543, 97
Trd, 4317947.643, 94
Trd, 4317948.943, 105
Trd, 4317949.443, 94
Trd, 4317953.143, 95
Trd, 4317953.593, 94
Trd, 4317954.493, 93
Trd, 4317955.443, 88
Trd, 4317956.743, 92
Trd, 4317957.493, 90
Trd, 4317957.743, 89
Trd, 4317960.343, 100
Trd, 4317960.543, 91
Trd, 4317962.593, 98
Trd, 4317962.993, 98
Trd, 4317964.493, 98
Trd, 4317965.293, 98
Trd, 4317966.643, 96
Trd, 4317968.393, 104
Trd, 4317970.243, 102
Trd, 4317971.193, 102
Trd, 4317971.443, 102
Trd, 4317973.443, 100
Trd, 4317973.693, 99
Trd, 4317975.743, 100
Trd, 4317976.793, 100
Trd, 4317977.493, 100
Trd, 4317978.443, 99
Trd, 4317979.693, 99
Trd, 4317981.343, 100
Trd, 4317982.143, 99
Trd, 4317983.193, 97
Trd, 4317984.043, 98
Trd, 4317985.793, 97
Trd, 4317988.843, 95
Trd, 4317989.743, 94
Trd, 4317990.243, 94
Trd, 4317992.993, 96
Trd, 4317993.693, 93
Trd, 4317994.393, 96
Trd, 4317995.743, 97
Trd, 4317996.693, 101
Trd, 4317997.093, 104
Trd, 4317997.843, 97
Trd, 4318000.543, 100
Trd, 4318001.393, 101
Trd, 4318001.793, 101
Trd, 4318002.643, 94
Trd, 4318002.743, 98
Trd, 4318004.493, 98
Trd, 4318005.443, 97
Trd, 4318006.093, 99
Trd, 4318006.743, 97
Trd, 4318008.743, 97
Trd, 4318009.443, 98
Trd, 4318010.243, 94
Trd, 4318010.893, 98
Trd, 4318011.093, 93
Trd, 4318013.143, 91
Trd, 4318015.843, 95
Trd, 4318015.993, 93
Trd, 4318018.093, 96
Trd, 4318019.393, 96
Trd, 4318019.943, 95
Trd, 4318021.293, 94
Trd, 4318021.943, 95
Trd, 4318023.643, 96
Trd, 4318024.893, 104
Trd, 4318025.493, 95
Trd, 4318029.043, 95
Trd, 4318030.443, 96
Trd, 4318031.593, 96
Trd, 4318031.993, 97
Trd, 4318032.693, 94
Trd, 4318033.843, 93
Trd, 4318034.243, 96
Trd, 4318037.493, 94
Trd, 4318037.943, 93
Trd, 4318039.093, 92
Trd, 4318039.993, 94
Trd, 4318042.443, 93
Trd, 4318043.343, 94
Trd, 4318043.493, 95
Trd, 4318043.893, 95
Trd, 4318046.093, 95
Trd, 4318046.943, 95
Trd, 4318047.843, 96
Trd, 4318047.993, 105
Trd, 4318049.593, 96
Trd, 4318051.943, 88
Trd, 4318053.893, 89
Trd, 4318055.343, 95
Trd, 4318055.893, 87
Trd, 4318058.393, 87
Trd, 4318059.043, 88
Trd, 4318059.443, 87
Trd, 4318061.693, 87
Trd, 4318062.293, 87
Trd, 4318064.293, 87
Trd, 4318066.193, 87
Trd, 4318066.893, 88
Trd, 4318066.993, 86
Trd, 4318069.593, 86
Trd, 4318071.043, 90
Trd, 4318073.043, 93
Trd, 4318073.443, 92
Trd, 4318073.743, 91
Trd, 4318075.293, 104
Trd, 4318075.593, 90
Trd, 4318076.443, 94
Trd, 4318078.243, 104
Trd, 4318080.043, 97
Trd, 4318080.743, 99
Trd, 4318082.993, 98
Trd, 4318084.243, 96
Trd, 4318085.743, 86
Trd, 4318087.193, 96
Trd, 4318089.493, 97
Trd, 4318090.393, 97
Trd, 4318090.743, 93
Trd, 4318092.643, 98
Trd, 4318093.043, 94
Trd, 4318094.443, 95
Trd, 4318094.843, 97
Trd, 4318096.293, 102
Trd, 4318098.393, 94
Trd, 4318101.393, 97
Trd, 4318101.943, 97
Trd, 4318102.493, 98
Trd, 4318103.393, 96
Trd, 4318105.393, 98
Trd, 4318106.643, 99
Trd, 4318107.293, 99
Trd, 4318107.693, 104
Trd, 4318110.193, 104
Trd, 4318110.943, 112
Trd, 4318111.393, 104
Trd, 4318111.793, 104
Trd, 4318112.793, 103
Trd, 4318115.343, 108
Trd, 4318116.493, 103
Trd, 4318117.843, 103
Trd, 4318118.693, 103
Trd, 4318120.043, 102
Trd, 4318121.743, 104
Trd, 4318123.293, 102
Trd, 4318126.193, 102
Trd, 4318127.143, 103
Trd, 4318127.693, 102
Trd, 4318128.243, 103
Trd, 4318128.343, 101
Trd, 4318129.393, 101
Trd, 4318130.443, 104
Trd, 4318132.143, 99
Trd, 4318134.443, 99
Trd, 4318135.593, 99
Trd, 4318135.843, 98
Trd, 4318137.593, 99
Trd, 4318137.693, 98
Trd, 4318139.043, 99
Trd, 4318139.643, 94
Trd, 4318140.493, 96
Trd, 4318141.243, 97
Trd, 4318141.693, 96
Trd, 4318142.543, 98
Trd, 4318145.293, 96
Trd, 4318146.843, 96
Trd, 4318147.093, 95
Trd, 4318149.393, 95
Trd, 4318150.743, 94
Trd, 4318151.043, 97
Trd, 4318151.543, 104
Trd, 4318153.693, 96
Trd, 4318153.893, 97
Trd, 4318154.943, 87
Trd, 4318156.143, 90
Trd, 4318156.543, 99
Trd, 4318158.043, 92
Trd, 4318158.893, 97
Trd, 4318159.443, 96
Trd, 4318160.843, 104
Trd, 4318161.593, 94
Trd, 4318163.293, 99
Trd, 4318163.593, 98
Trd, 4318167.193, 98
Trd, 4318167.443, 99
Trd, 4318168.493, 98
Trd, 4318168.793, 97
Trd, 4318169.743, 98
Trd, 4318170.593, 104
Trd, 4318171.243, 97
Trd, 4318172.943, 97
Trd, 4318176.193, 99
Trd, 4318176.443, 98
Trd, 4318178.943, 100
Trd, 4318179.943, 104
Trd, 4318181.743, 104
Trd, 4318181.893, 103
Trd, 4318182.143, 103
Trd, 4318183.793, 102
Trd, 4318183.993, 94
Trd, 4318186.693, 100
Trd, 4318186.743, 102
Trd, 4318189.093, 103
Trd, 4318190.193, 103
Trd, 4318191.493, 102
Trd, 4318193.593, 102
Trd, 4318194.643, 103
Trd, 4318195.843, 103
Trd, 4318197.493, 102
Trd, 4318199.143, 104
Trd, 4318199.243, 104
Trd, 4318199.893, 86
Trd, 4318201.793, 102
Trd, 4318203.393, 96
Trd, 4318203.893, 94
Trd, 4318204.093, 96
Trd, 4318206.643, 98
Trd, 4318207.693, 99
Trd, 4318208.043, 114
Trd, 4318209.043, 105
Trd, 4318209.793, 103
Trd, 4318210.843, 103
Trd, 4318211.393, 102
Trd, 4318213.343, 104
Trd, 4318214.793, 103
Trd, 4318214.943, 101
Trd, 4318216.143, 103
Trd, 4318219.293, 103
Trd, 4318219.393, 103
Trd, 4318220.193, 101
Trd, 4318220.843, 100
Trd, 4318223.543, 100
Trd, 4318224.693, 100
Trd, 4318225.243, 102
Trd, 4318227.743, 103
Trd, 4318227.993, 99
Trd, 4318229.043, 103
Trd, 4318229.093, 102
Trd, 4318231.443, 100
Trd, 4318231.743, 100
Trd, 4318233.093, 103
Trd, 4318234.143, 95
Trd, 4318236.243, 103
Trd, 4318236.443, 98
Trd, 4318237.393, 97
Trd, 4318240.093, 102
Trd, 4318241.293, 100
Trd, 4318243.943, 102
Trd, 4318245.443, 102
Trd, 4318245.493, 101
Trd, 4318246.193, 102
Trd, 4318246.993, 102
Trd, 4318247.093, 86
Trd, 4318247.593, 104
Trd, 4318248.543, 92
Trd, 4318249.693, 91
Trd, 4318253.293, 97
Trd, 4318253.643, 93
Trd, 4318253.993, 93
Trd, 4318256.293, 95
Trd, 4318256.793, 96
Trd, 4318259.193, 95
Trd, 4318260.393, 96
Trd, 4318261.593, 98
Trd, 4318261.993, 96
Trd, 4318263.643, 95
Trd, 4318264.193, 96
Trd, 4318264.393, 94
Trd, 4318266.543, 94
Trd, 4318268.893, 96
Trd, 4318269.993, 94
Trd, 4318271.193, 95
Trd, 4318272.093, 102
Trd, 4318272.543, 102
Trd, 4318272.943, 101
Trd, 4318274.293, 87
Trd, 4318275.793, 95
Trd, 4318277.843, 94
Trd, 4318277.993, 94
Trd, 4318278.493, 94
Trd, 4318279.793, 95
Trd, 4318281.443, 95
Trd, 4318284.143, 99
Trd, 4318284.243, 103
Trd, 4318286.243, 101
Trd, 4318287.693, 101
Trd, 4318288.793, 100
Trd, 4318290.643, 103
Trd, 4318290.693, 101
Trd, 4318293.143, 112
Trd, 4318293.243, 105
Trd, 4318294.393, 104
Trd, 4318294.543, 103
Trd, 4318297.793, 97
Trd, 4318298.993, 101
Trd, 4318300.743, 101
Trd, 4318301.243, 100
Trd, 4318301.893, 99
Trd, 4318302.593, 94
Trd, 4318303.893, 97
Trd, 4318304.543, 101
Trd, 4318306.793, 100
Trd, 4318307.193, 101
Trd, 4318309.093, 103
Trd, 4318310.393, 103
Trd, 4318312.293, 101
Trd, 4318312.443, 101
Trd, 4318312.743, 103
Trd, 4318314.593, 101
Trd, 4318314.693, 101
Trd, 4318315.993, 88
Trd, 4318317.543, 92
Trd, 4318317.893, 88
Trd, 4318318.943, 90
Trd, 4318320.293, 91
Trd, 4318322.143, 91
Trd, 4318324.143, 93
Trd, 4318325.693, 93
Trd, 4318326.943, 93
Trd, 4318328.443, 92
Trd, 4318329.593, 93
Trd, 4318330.193, 92
Trd, 4318330.393, 91
Trd, 4318333.293, 93
Trd, 4318335.443, 91
Trd, 4318336.843, 95
Trd, 4318337.993, 93
Trd, 4318338.793, 94
Trd, 4318340.043, 94
Trd, 4318340.193, 93
Trd, 4318343.293, 94
Trd, 4318346.493, 94
Trd, 4318347.293, 94
Trd, 4318347.693, 94
Trd, 4318348.093, 94
Trd, 4318350.093, 86
Trd, 4318351.443, 103
Trd, 4318351.543, 96
Trd, 4318353.443, 97
Trd, 4318354.543, 98
Trd, 4318355.243, 99
Trd, 4318357.543, 100
Trd, 4318358.393, 100
Trd, 4318359.243, 99
Trd, 4318361.493, 96
Trd, 4318361.693, 95
Trd, 4318363.193, 95
Trd, 4318364.593, 96
Trd, 4318365.543, 97
Trd, 4318367.693, 113
Trd, 4318367.793, 102
Trd, 4318368.493, 102
Trd, 4318370.843, 100
Trd, 4318371.693, 101
Trd, 4318372.993, 100
Trd, 4318373.543, 100
Trd, 4318374.593, 99
Trd, 4318375.043, 97
Trd, 4318378.143, 94
Trd, 4318378.943, 98
Trd, 4318380.643, 96
Trd, 4318381.543, 98
Trd, 4318382.743, 96
Trd, 4318384.693, 101
Trd, 4318384.793, 99
Trd, 4318386.393, 99
Trd, 4318386.993, 101
Trd, 4318388.393, 98
Trd, 4318388.643, 95
Trd, 4318390.093, 97
Trd, 4318390.193, 100
Trd, 4318392.093, 97
Trd, 4318394.093, 99
Trd, 4318394.343, 97
Trd, 4318394.543, 94
Trd, 4318395.943, 94
Trd, 4318397.993, 96
Trd, 4318399.193, 95
Trd, 4318399.493, 96
Trd, 4318399.643, 94
Trd, 4318401.793, 94
Trd, 4318401.943, 93
Trd, 4318405.493, 95
Trd, 4318405.793, 96
Trd, 4318405.893, 93
Trd, 4318406.043, 93
Trd, 4318410.943, 94
Trd, 4318411.143, 94
Trd, 4318411.793, 95
Trd, 4318412.143, 93
Trd, 4318412.193, 94
Trd, 4318412.643, 92
Trd, 4318415.143, 95
Trd, 4318417.943, 100
Trd, 4318418.043, 100
Trd, 4318418.643, 100
Trd, 4318419.643, 101
Trd, 4318419.693, 98
Trd, 4318420.743, 94
Trd, 4318421.393, 97
Trd, 4318423.893, 96
Trd, 4318424.143, 97
Trd, 4318424.193, 95
Trd, 4318425.343, 95
Trd, 4318427.293, 96
Trd, 4318428.843, 95
Trd, 4318430.193, 95
Trd, 4318430.993, 94
Trd, 4318433.443, 87
Trd, 4318434.843, 92
Trd, 4318437.193, 95
Trd, 4318437.643, 95
Trd, 4318438.293, 76
Trd, 4318439.893, 88
Trd, 4318442.293, 95
Trd, 4318442.443, 93
Trd, 4318444.943, 94
Trd, 4318445.493, 95
Trd, 4318445.793, 104
Trd, 4318446.293, 96
Trd, 4318446.393, 86
Trd, 4318449.193, 100
Trd, 4318449.293, 94
Trd, 4318449.593, 93
Trd, 4318451.393, 94
Trd, 4318452.793, 99
Trd, 4318453.343, 108
Trd, 4318453.593, 122
Trd, 4318453.693, 107
Trd, 4318458.043, 106
Trd, 4318458.493, 103
Trd, 4318460.043, 103
Trd, 4318460.443, 104
Trd, 4318462.193, 101
Trd, 4318463.343, 102
Trd, 4318464.893, 102
Trd, 4318465.993, 103
Trd, 4318468.343, 87
Trd, 4318468.443, 95
Trd, 4318469.393, 94
Trd, 4318470.843, 94
Trd, 4318471.743, 104
Trd, 4318473.393, 97
Trd, 4318474.343, 97
Trd, 4318475.293, 96
Trd, 4318476.793, 97
Trd, 4318476.993, 95
Trd, 4318480.043, 94
Trd, 4318481.193, 95
Trd, 4318482.843, 93
Trd, 4318484.043, 103
Trd, 4318486.693, 95
Trd, 4318487.043, 96
Trd, 4318490.293, 97
Trd, 4318490.943, 97
Trd, 4318491.493, 97
Trd, 4318492.593, 103
Trd, 4318493.343, 98
Trd, 4318495.043, 97
Trd, 4318497.493, 95
Trd, 4318497.843, 97
Trd, 4318500.193, 95
Trd, 4318501.293, 95
Trd, 4318502.193, 95
Trd, 4318503.243, 94
Trd, 4318504.093, 99
Trd, 4318505.893, 102
Trd, 4318507.193, 101
Trd, 4318509.243, 101
Trd, 4318509.793, 100
Trd, 4318510.643, 101
Trd, 4318512.993, 100
Trd, 4318513.393, 99
Trd, 4318514.343, 94
Trd, 4318516.443, 97
Trd, 4318516.693, 98
Trd, 4318518.243, 100
Trd, 4318518.593, 96
Trd, 4318518.943, 104
Trd, 4318520.593, 99
Trd, 4318522.843, 99
Trd, 4318523.493, 100
Trd, 4318523.743, 104
Trd, 4318526.493, 101
Trd, 4318527.243, 101
Trd, 4318527.543, 94
Trd, 4318528.643, 98
Trd, 4318531.743, 99
Trd, 4318532.793, 98
Trd, 4318532.943, 99
Trd, 4318533.693, 94
Trd, 4318534.343, 95
Trd, 4318536.543, 96
Trd, 4318537.243, 99
Trd, 4318540.343, 99
Trd, 4318540.993, 95
Trd, 4318541.893, 98
Trd, 4318542.343, 97
Trd, 4318544.243, 104
Trd, 4318544.943, 99
Trd, 4318546.143, 101
Trd, 4318547.093, 101
Trd, 4318550.093, 86
Trd, 4318552.043, 98
Trd, 4318552.093, 97
Trd, 4318552.593, 98
Trd, 4318553.543, 98
Trd, 4318555.193, 98
Trd, 4318556.643, 98
Trd, 4318557.093, 98
Trd, 4318557.593, 98
Trd, 4318558.493, 95
Trd, 4318561.293, 97
Trd, 4318561.843, 98
Trd, 4318563.643, 97
Trd, 4318564.393, 97
Trd, 4318564.593, 98
Trd, 4318565.393, 98
Trd, 4318565.943, 94
Trd, 4318566.893, 104
Trd, 4318567.893, 99
Trd, 4318568.743, 99
Trd, 4318569.293, 113
Trd, 4318571.193, 101
Trd, 4318573.243, 102
Trd, 4318574.093, 102
Trd, 4318576.043, 101
Trd, 4318576.293, 95
Trd, 4318576.893, 100
Trd, 4318577.943, 100
Trd, 4318578.343, 98
Trd, 4318578.593, 98
Trd, 4318580.943, 100
Trd, 4318581.543, 100
Trd, 4318584.793, 101
Trd, 4318585.343, 100
Trd, 4318587.043, 101
Trd, 4318587.743, 101
Trd, 4318590.043, 101
Trd, 4318590.293, 100
Trd, 4318590.593, 99
Trd, 4318591.443, 98
Trd, 4318593.293, 100
Trd, 4318594.193, 100
Trd, 4318596.593, 100
Trd, 4318597.993, 99
Trd, 4318598.093, 98
Trd, 4318598.143, 97
Trd, 4318599.493, 100
Trd, 4318601.843, 97
Trd, 4318603.793, 98
Trd, 4318604.793, 98
Trd, 4318607.243, 99
Trd, 4318608.443, 99
Trd, 4318609.493, 98
Trd, 4318610.343, 97
Trd, 4318611.593, 96
Trd, 4318612.643, 95
Trd, 4318612.793, 95
Trd, 4318613.593, 94
Trd, 4318616.093, 94
Trd, 4318616.643, 95
Trd, 4318616.693, 104
Trd, 4318617.643, 94
Trd, 4318618.293, 95
Trd, 4318619.943, 95
Trd, 4318619.993, 93
Trd, 4318620.693, 67
Trd, 4318621.493, 95
Trd, 4318625.993, 95
Trd, 4318626.393, 90
Trd, 4318626.543, 90
Trd, 4318629.143, 95
Trd, 4318629.243, 95
Trd, 4318629.993, 95
Trd, 4318632.293, 101
Trd, 4318633.093, 113
Trd, 4318633.193, 101
Trd, 4318634.243, 99
Trd, 4318634.843, 98
Trd, 4318635.543, 94
Trd, 4318636.843, 89
Trd, 4318637.143, 99
Trd, 4318641.093, 97
Trd, 4318641.993, 98
Trd, 4318643.093, 98
Trd, 4318643.993, 97
Trd, 4318644.143, 97
Trd, 4318644.693, 96
Trd, 4318646.993, 95
Trd, 4318647.293, 98
Trd, 4318650.593, 97
Trd, 4318651.943, 98
Trd, 4318652.143, 99
Trd, 4318653.543, 97
Trd, 4318654.343, 96
Trd, 4318655.393, 97
Trd, 4318655.993, 97
Trd, 4318658.093, 97
Trd, 4318659.693, 98
Trd, 4318660.493, 97
Trd, 4318662.693, 98
Trd, 4318663.143, 96
Trd, 4318663.343, 95
Trd, 4318665.243, 96
Trd, 4318666.743, 97
Trd, 4318669.343, 96
Trd, 4318669.443, 94
Trd, 4318671.043, 94
Trd, 4318672.743, 96
Trd, 4318672.893, 96
Trd, 4318674.893, 102
Trd, 4318675.943, 102
Trd, 4318676.993, 103
Trd, 4318677.443, 102
Trd, 4318678.543, 104
Trd, 4318678.593, 94
Trd, 4318682.043, 98
Trd, 4318683.243, 99
Trd, 4318683.343, 104
Trd, 4318684.343, 98
Trd, 4318686.993, 102
Trd, 4318687.093, 101
Trd, 4318687.593, 101
Trd, 4318687.793, 102
Trd, 4318689.843, 101
Trd, 4318692.343, 93
Trd, 4318693.993, 97
Trd, 4318694.593, 100
Trd, 4318694.993, 99
Trd, 4318695.743, 104
Trd, 4318696.293, 94
Trd, 4318699.143, 96
Trd, 4318699.243, 95
Trd, 4318700.443, 95
Trd, 4318700.643, 94
Trd, 4318702.143, 93
Trd, 4318703.793, 92
Trd, 4318707.543, 95
Trd, 4318708.093, 95
Trd, 4318709.693, 93
Trd, 4318710.493, 92
Trd, 4318710.893, 94
Trd, 4318712.693, 93
Trd, 4318714.393, 95
Trd, 4318715.493, 96
Trd, 4318715.893, 95
Trd, 4318716.243, 94
Trd, 4318716.593, 96
Trd, 4318718.893, 98
Trd, 4318720.543, 99
Trd, 4318722.393, 104
Trd, 4318722.843, 100
Trd, 4318723.993, 100
Trd, 4318724.443, 93
Trd, 4318725.443, 88
Trd, 4318728.443, 95
Trd, 4318729.443, 98
Trd, 4318730.093, 96
Trd, 4318731.293, 96
Trd, 4318733.443, 100
Trd, 4318734.543, 99
Trd, 4318735.693, 99
Trd, 4318735.843, 100
Trd, 4318735.943, 97
Trd, 4318737.493, 102
Trd, 4318738.593, 104
Trd, 4318739.343, 103
Trd, 4318740.943, 102
Trd, 4318741.443, 86
Trd, 4318743.043, 90
Trd, 4318743.443, 90
Trd, 4318743.693, 95
Trd, 4318747.693, 93
Trd, 4318747.743, 90
Trd, 4318748.493, 92
Trd, 4318749.493, 103
Trd, 4318750.943, 94
Trd, 4318752.993, 96
Trd, 4318753.743, 97
Trd, 4318754.343, 97
Trd, 4318755.943, 100
Trd, 4318757.543, 98
Trd, 4318758.093, 92
Trd, 4318758.393, 92
Trd, 4318760.443, 93
Trd, 4318761.193, 95
Trd, 4318763.243, 95
Trd, 4318763.943, 94
Trd, 4318764.243, 95
Trd, 4318766.443, 95
Trd, 4318767.393, 93
Trd, 4318767.493, 104
Trd, 4318770.143, 95
Trd, 4318770.243, 93
Trd, 4318772.943, 96
Trd, 4318772.993, 97
Trd, 4318774.143, 96
Trd, 4318774.643, 97
Trd, 4318775.593, 94
Trd, 4318780.843, 95
Trd, 4318781.543, 94
Trd, 4318781.793, 95
Trd, 4318782.193, 94
Trd, 4318782.993, 96
Trd, 4318784.443, 104
Trd, 4318784.893, 95
Trd, 4318786.493, 97
Trd, 4318787.643, 99
Trd, 4318788.243, 100
Trd, 4318788.593, 99
Trd, 4318791.343, 100
Trd, 4318791.593, 94
Trd, 4318792.843, 99
Trd, 4318792.993, 97
Trd, 4318795.043, 99
Trd, 4318795.143, 98
Trd, 4318796.643, 99
Trd, 4318797.293, 96
Trd, 4318800.043, 96
Trd, 4318800.343, 96
Trd, 4318802.543, 96
Trd, 4318804.893, 95
Trd, 4318806.193, 97
Trd, 4318806.293, 97
Trd, 4318808.993, 98
Trd, 4318809.493, 104
Trd, 4318810.093, 98
Trd, 4318810.543, 97
Trd, 4318812.343, 96
Trd, 4318813.243, 97
Trd, 4318813.493, 114
Trd, 4318814.343, 94
Trd, 4318815.793, 94
Trd, 4318820.143, 94
Trd, 4318820.343, 93
Trd, 4318822.193, 94
Trd, 4318822.493, 95
Trd, 4318825.743, 94
Trd, 4318826.693, 94
Trd, 4318827.393, 93
Trd, 4318827.443, 95
Trd, 4318829.443, 98
Trd, 4318829.843, 96
Trd, 4318831.993, 95
Trd, 4318832.693, 94
Trd, 4318833.993, 95
Trd, 4318835.243, 94
Trd, 4318836.893, 95
Trd, 4318838.093, 95
Trd, 4318838.193, 94
Trd, 4318840.643, 94
Trd, 4318842.293, 95
Trd, 4318843.193, 104
Trd, 4318844.143, 94
Trd, 4318847.293, 100
Trd, 4318847.593, 97
Trd, 4318848.343, 97
Trd, 4318849.143, 94
Trd, 4318850.293, 88
Trd, 4318853.093, 94
Trd, 4318853.443, 94
Trd, 4318856.043, 93
Trd, 4318856.243, 92
Trd, 4318857.193, 91
Trd, 4318858.543, 93
Trd, 4318859.093, 86
Trd, 4318860.693, 94
Trd, 4318862.143, 94
Trd, 4318863.343, 110
Trd, 4318863.743, 99
Trd, 4318864.993, 106
Trd, 4318866.243, 107
Trd, 4318867.643, 105
Trd, 4318869.393, 109
Trd, 4318869.543, 105
Trd, 4318870.693, 101
Trd, 4318871.443, 102
Trd, 4318872.493, 101
Trd, 4318873.393, 104
Trd, 4318875.043, 102
Trd, 4318876.393, 103
Trd, 4318876.993, 104
Trd, 4318877.293, 103
Trd, 4318877.543, 100
Trd, 4318880.693, 95
Trd, 4318882.393, 98
Trd, 4318883.193, 98
Trd, 4318884.593, 99
Trd, 4318885.743, 99
Trd, 4318886.143, 103
Trd, 4318886.943, 100
Trd, 4318887.393, 100
Trd, 4318888.193, 88
Trd, 4318890.693, 97
Trd, 4318891.143, 96
Trd, 4318891.743, 99
Trd, 4318892.843, 95
Trd, 4318895.293, 95
Trd, 4318896.993, 95
Trd, 4318897.193, 97
Trd, 4318899.093, 100
Trd, 4318900.193, 99
Trd, 4318901.243, 98
Trd, 4318901.793, 129
Trd, 4318903.943, 97
Trd, 4318906.243, 101
Trd, 4318907.293, 100
Trd, 4318907.393, 99
Trd, 4318908.843, 100
Trd, 4318910.043, 102
Trd, 4318911.793, 101
Trd, 4318913.043, 101
Trd, 4318915.193, 99
Trd, 4318915.243, 99
Trd, 4318915.793, 100
Trd, 4318917.943, 94
Trd, 4318920.343, 100
Trd, 4318922.643, 99
Trd, 4318923.443, 97
Trd, 4318924.993, 98
Trd, 4318925.093, 100
Trd, 4318926.943, 98
Trd, 4318928.393, 97
Trd, 4318928.493, 94
Trd, 4318930.043, 96
Trd, 4318933.893, 99
Trd, 4318934.443, 104
Trd, 4318935.693, 98
Trd, 4318937.743, 99
Trd, 4318938.343, 98
Trd, 4318938.543, 94
Trd, 4318940.393, 95
Trd, 4318940.993, 88
Trd, 4318941.643, 99
Trd, 4318944.093, 93
Trd, 4318945.393, 96
Trd, 4318946.343, 97
Trd, 4318946.943, 98
Trd, 4318947.743, 96
Trd, 4318949.243, 97
Trd, 4318949.643, 96
Trd, 4318951.393, 98
Trd, 4318953.193, 97
Trd, 4318953.993, 95
Trd, 4318954.843, 94
Trd, 4318957.393, 96
Trd, 4318957.893, 95
Trd, 4318960.643, 95
Trd, 4318961.993, 96
Trd, 4318962.743, 96
Trd, 4318964.993, 95
Trd, 4318965.543, 95
Trd, 4318966.193, 94
Trd, 4318967.393, 96
Trd, 4318967.743, 95
Trd, 4318968.793, 95
Trd, 4318969.393, 94
Trd, 4318971.243, 93
Trd, 4318971.743, 96
Trd, 4318972.893, 97
Trd, 4318974.993, 101
Trd, 4318975.693, 100
Trd, 4318975.993, 100
Trd, 4318976.693, 99
Trd, 4318977.093, 113
Trd, 4318979.793, 96
Trd, 4318981.143, 94
Trd, 4318983.993, 96
Trd, 4318986.343, 98
Trd, 4318987.243, 98
Trd, 4318987.443, 98
Trd, 4318987.743, 94
Trd, 4318988.743, 96
Trd, 4318990.643, 96
Trd, 4318991.193, 97
Trd, 4318992.793, 104
Trd, 4318993.293, 97
Trd, 4318993.743, 95
Trd, 4318996.343, 98
Trd, 4318997.943, 99
Trd, 4318999.043, 97
Trd, 4319000.143, 98
Trd, 4319000.343, 98
Trd, 4319001.143, 99
Trd, 4319002.043, 100
Trd, 4319002.193, 94
Trd, 4319003.343, 104
Trd, 4319004.393, 99
Trd, 4319005.993, 99
Trd, 4319008.343, 98
Trd, 4319008.893, 97
Trd, 4319009.693, 96
Trd, 4319010.893, 95
Trd, 4319011.193, 94
Trd, 4319011.693, 95
Trd, 4319012.443, 95
Trd, 4319013.743, 95
Trd, 4319014.443, 95
Trd, 4319014.643, 86
Trd, 4319017.743, 94
Trd, 4319020.193, 95
Trd, 4319020.243, 92
Trd, 4319022.393, 95
Trd, 4319022.543, 95
Trd, 4319023.493, 101
Trd, 4319023.793, 98
Trd, 4319024.643, 98
Trd, 4319026.243, 100
Trd, 4319026.343, 99
Trd, 4319028.593, 97
Trd, 4319028.993, 97
Trd, 4319032.643, 97
Trd, 4319032.943, 96
Trd, 4319033.593, 97
Trd, 4319034.793, 95
Trd, 4319036.193, 95
Trd, 4319036.543, 94
Trd, 4319036.743, 95
Trd, 4319038.193, 104
Trd, 4319040.293, 109
Trd, 4319041.243, 108
Trd, 4319041.493, 107
Trd, 4319042.793, 94
Trd, 4319044.543, 102
Trd, 4319044.743, 93
Trd, 4319045.643, 103
Trd, 4319045.993, 102
Trd, 4319047.493, 101
Trd, 4319049.693, 102
Trd, 4319050.943, 99
Trd, 4319051.443, 100
Trd, 4319051.943, 99
Trd, 4319054.043, 100
Trd, 4319056.193, 100
Trd, 4319056.443, 98
Trd, 4319056.493, 98
Trd, 4319059.043, 87
Trd, 4319061.543, 96
Trd, 4319062.193, 96
Trd, 4319062.443, 97
Trd, 4319064.343, 97
Trd, 4319065.293, 93
Trd, 4319067.443, 93
Trd, 4319067.943, 95
Trd, 4319068.193, 95
Trd, 4319069.393, 95
Trd, 4319070.043, 92
Trd, 4319072.193, 96
Trd, 4319072.543, 95
Trd, 4319073.843, 95
Trd, 4319074.593, 104
Trd, 4319075.993, 95
Trd, 4319078.043, 95
Trd, 4319078.493, 93
Trd, 4319078.643, 93
Trd, 4319082.143, 96
Trd, 4319082.893, 96
Trd, 4319084.143, 94
Trd, 4319085.743, 97
Trd, 4319087.693, 97
Trd, 4319087.993, 99
Trd, 4319088.793, 100
Trd, 4319089.793, 102
Trd, 4319092.493, 105
Trd, 4319093.193, 101
Trd, 4319093.743, 101
Trd, 4319094.393, 104
Trd, 4319097.293, 103
Trd, 4319097.943, 102
Trd, 4319100.743, 101
Trd, 4319101.693, 101
Trd, 4319102.543, 94
Trd, 4319102.843, 101
Trd, 4319104.693, 97
Trd, 4319105.093, 89
Trd, 4319106.193, 100
Trd, 4319107.593, 97
Trd, 4319111.043, 99
Trd, 4319112.343, 97
Trd, 4319112.793, 99
Trd, 4319113.293, 96
Trd, 4319115.893, 98
Trd, 4319116.143, 98
Trd, 4319116.393, 104
Trd, 4319116.643, 95
Trd, 4319118.943, 94
Trd, 4319120.393, 94
Trd, 4319123.093, 95
Trd, 4319123.693, 98
Trd, 4319125.743, 96
Trd, 4319126.193, 97
Trd, 4319126.293, 96
Trd, 4319127.043, 98
Trd, 4319128.843, 97
Trd, 4319129.443, 97
Trd, 4319130.593, 96
Trd, 4319132.293, 99
Trd, 4319133.193, 99
Trd, 4319133.893, 104
Trd, 4319134.743, 95
Trd, 4319136.293, 94
Trd, 4319139.493, 95
Trd, 4319139.593, 94
Trd, 4319140.843, 95
Trd, 4319141.193, 93
Trd, 4319141.643, 95
Trd, 4319142.643, 95
Trd, 4319146.343, 98
Trd, 4319146.393, 104
Trd, 4319148.143, 102
Trd, 4319148.893, 104
Trd, 4319149.443, 98
Trd, 4319150.143, 103
Trd, 4319151.143, 100
Trd, 4319151.293, 86
Trd, 4319154.793, 102
Trd, 4319155.343, 98
Trd, 4319156.343, 101
Trd, 4319158.343, 102
Trd, 4319158.893, 104
Trd, 4319159.893, 102
Trd, 4319163.193, 102
Trd, 4319163.443, 101
Trd, 4319164.643, 102
Trd, 4319164.793, 101
Trd, 4319166.443, 102
Trd, 4319169.243, 102
Trd, 4319169.443, 102
Trd, 4319169.543, 101
Trd, 4319169.693, 94
Trd, 4319174.093, 100
Trd, 4319174.343, 101
Trd, 4319174.843, 99
Trd, 4319175.093, 97
Trd, 4319175.393, 104
Trd, 4319177.543, 98
Trd, 4319177.843, 99
Trd, 4319179.043, 98
Trd, 4319179.943, 89
Trd, 4319180.393, 93
Trd, 4319182.243, 94
Trd, 4319183.393, 104
Trd, 4319184.793, 96
Trd, 4319185.793, 95
Trd, 4319185.943, 94
Trd, 4319186.643, 94
Trd, 4319186.943, 96
Trd, 4319189.643, 93
Trd, 4319190.793, 95
Trd, 4319190.893, 93
Trd, 4319194.493, 95
Trd, 4319195.543, 94
Trd, 4319196.143, 94
Trd, 4319196.893, 93
Trd, 4319199.293, 96
Trd, 4319200.693, 97
Trd, 4319202.143, 98
Trd, 4319202.493, 98
Trd, 4319203.443, 96
Trd, 4319203.543, 95
Trd, 4319204.943, 102
Trd, 4319209.143, 95
Trd, 4319209.643, 96
Trd, 4319210.243, 97
Trd, 4319210.493, 95
Trd, 4319211.743, 97
Trd, 4319213.693, 100
Trd, 4319214.193, 99
Trd, 4319215.743, 104
Trd, 4319217.843, 99
Trd, 4319218.493, 95
Trd, 4319219.243, 96
Trd, 4319221.193, 96
Trd, 4319221.543, 99
Trd, 4319222.943, 98
Trd, 4319224.843, 95
Trd, 4319225.743, 95
Trd, 4319225.843, 94
Trd, 4319227.743, 93
Trd, 4319228.643, 94
Trd, 4319229.843, 94
Trd, 4319230.643, 95
Trd, 4319232.093, 98
Trd, 4319233.593, 97
Trd, 4319234.693, 94
Trd, 4319236.093, 100
Trd, 4319236.243, 103
Trd, 4319237.643, 98
Trd, 4319240.493, 101
Trd, 4319240.793, 101
Trd, 4319241.043, 100
Trd, 4319241.643, 99
Trd, 4319242.943, 100
Trd, 4319244.193, 100
Trd, 4319245.593, 97
Trd, 4319248.193, 101
Trd, 4319248.343, 100
Trd, 4319250.593, 100
Trd, 4319250.743, 99
Trd, 4319251.793, 96
Trd, 4319253.093, 106
Trd, 4319255.693, 101
Trd, 4319255.843, 104
Trd, 4319256.593, 94
Trd, 4319258.443, 98
Trd, 4319258.993, 97
Trd, 4319259.243, 104
Trd, 4319260.293, 96
Trd, 4319261.443, 86
Trd, 4319261.843, 97
Trd, 4319263.193, 96
Trd, 4319263.943, 94
Trd, 4319266.143, 96
Trd, 4319266.443, 94
Trd, 4319269.393, 100
Trd, 4319270.093, 98
Trd, 4319271.493, 94
Trd, 4319271.743, 100
Trd, 4319273.393, 95
Trd, 4319274.293, 98
Trd, 4319277.143, 103
Trd, 4319277.943, 102
Trd, 4319278.493, 104
Trd, 4319278.843, 100
Trd, 4319281.643, 101
Trd, 4319282.843, 101
Trd, 4319283.893, 100
Trd, 4319284.893, 99
Trd, 4319286.093, 100
Trd, 4319288.993, 99
Trd, 4319289.043, 99
Trd, 4319289.093, 98
Trd, 4319290.543, 98
Trd, 4319290.743, 97
Trd, 4319293.493, 102
Trd, 4319294.493, 96
Trd, 4319294.643, 94
Trd, 4319296.543, 99
Trd, 4319298.093, 100
Trd, 4319298.793, 100
Trd, 4319299.393, 103
Trd, 4319301.443, 116
Trd, 4319301.843, 119
Trd, 4319302.143, 100
Trd, 4319304.993, 95
Trd, 4319305.543, 102
Trd, 4319306.443, 100
Trd, 4319308.243, 97
Trd, 4319308.843, 97
Trd, 4319309.193, 100
Trd, 4319312.993, 99
Trd, 4319314.543, 98
Trd, 4319315.593, 99
Trd, 4319316.043, 97
Trd, 4319317.893, 99
Trd, 4319318.093, 86
Trd, 4319320.243, 104
Trd, 4319321.993, 99
Trd, 4319322.793, 98
Trd, 4319323.743, 100
Trd, 4319324.043, 99
Trd, 4319325.143, 95
Trd, 4319327.843, 100
Trd, 4319330.093, 101
Trd, 4319330.193, 103
Trd, 4319330.693, 100
Trd, 4319330.793, 99
Trd, 4319333.343, 99
Trd, 4319335.693, 94
Trd, 4319335.743, 99
Trd, 4319337.443, 98
Trd, 4319339.243, 98
Trd, 4319340.043, 98
Trd, 4319340.193, 97
Trd, 4319341.043, 98
Trd, 4319343.143, 97
Trd, 4319343.643, 96
Trd, 4319344.293, 97
Trd, 4319344.993, 96
Trd, 4319346.243, 97
Trd, 4319347.993, 86
Trd, 4319350.893, 90
Trd, 4319351.993, 91
Trd, 4319352.193, 91
Trd, 4319353.493, 92
Trd, 4319354.593, 95
Trd, 4319356.093, 96
Trd, 4319357.343, 95
Trd, 4319357.493, 100
Trd, 4319359.543, 92
Trd, 4319361.493, 93
Trd, 4319362.293, 94
Trd, 4319362.893, 93
Trd, 4319365.193, 94
Trd, 4319366.543, 94
Trd, 4319368.093, 93
Trd, 4319370.543, 92
Trd, 4319371.243, 94
Trd, 4319372.143, 95
Trd, 4319372.543, 94
Trd, 4319375.293, 95
Trd, 4319375.843, 93
Trd, 4319377.493, 95
Trd, 4319377.593, 95
Trd, 4319379.093, 94
Trd, 4319380.143, 94
Trd, 4319381.243, 94
Trd, 4319381.293, 95
Trd, 4319382.243, 93
Trd, 4319383.693, 96
Trd, 4319386.643, 93
Trd, 4319387.543, 93
Trd, 4319389.593, 95
Trd, 4319391.793, 92
Trd, 4319392.243, 95
Trd, 4319394.143, 95
Trd, 4319394.243, 94
Trd, 4319396.443, 95
Trd, 4319396.643, 95
Trd, 4319396.793, 94
Trd, 4319397.843, 92
Trd, 4319399.043, 92
Trd, 4319402.243, 95
Trd, 4319402.543, 95
Trd, 4319402.593, 94
Trd, 4319403.293, 117
Trd, 4319405.943, 94
Trd, 4319406.393, 94
Trd, 4319407.693, 97
Trd, 4319409.693, 97
Trd, 4319410.293, 96
Trd, 4319410.493, 97
Trd, 4319412.193, 96
Trd, 4319412.743, 96
Trd, 4319414.843, 98
Trd, 4319415.143, 97
Trd, 4319417.243, 99
Trd, 4319417.543, 104
Trd, 4319420.143, 98
Trd, 4319420.493, 98
Trd, 4319421.593, 87
Trd, 4319423.443, 93
Trd, 4319425.843, 96
Trd, 4319426.693, 96
Trd, 4319428.943, 96
Trd, 4319429.093, 93
Trd, 4319429.543, 92
Trd, 4319430.143, 95
Trd, 4319430.893, 94
Trd, 4319433.343, 93
Trd, 4319434.093, 95
Trd, 4319434.693, 95
Trd, 4319436.043, 98
Trd, 4319436.293, 96
Trd, 4319436.743, 96
Trd, 4319438.793, 95
Trd, 4319441.443, 94
Trd, 4319443.643, 97
Trd, 4319443.843, 97
Trd, 4319444.493, 97
Trd, 4319444.593, 101
Trd, 4319447.143, 100
Trd, 4319447.243, 99
Trd, 4319447.943, 95
Trd, 4319449.193, 99
Trd, 4319450.593, 102
Trd, 4319453.093, 96
Trd, 4319453.993, 96
Trd, 4319456.393, 97
Trd, 4319457.393, 94
Trd, 4319459.293, 96
Trd, 4319459.443, 95
Trd, 4319460.243, 95
Trd, 4319460.443, 94
Trd, 4319461.593, 93
Trd, 4319463.093, 88
Trd, 4319463.893, 89
Trd, 4319465.293, 97
Trd, 4319466.893, 92
Trd, 4319467.393, 92
Trd, 4319467.993, 91
Trd, 4319469.993, 92
Trd, 4319470.993, 92
Trd, 4319471.093, 95
Trd, 4319471.243, 91
Trd, 4319473.993, 88
Trd, 4319477.443, 92
Trd, 4319479.093, 92
Trd, 4319479.543, 91
Trd, 4319481.343, 90
Trd, 4319483.093, 92
Trd, 4319484.443, 91
Trd, 4319486.293, 91
Trd, 4319486.893, 90
Trd, 4319489.343, 91
Trd, 4319491.443, 92
Trd, 4319491.643, 90
Trd, 4319492.843, 91
Trd, 4319493.193, 90
Trd, 4319493.543, 95
Trd, 4319496.243, 92
Trd, 4319497.193, 89
Trd, 4319498.443, 92
Trd, 4319501.993, 92
Trd, 4319502.793, 91
Trd, 4319503.593, 93
Trd, 4319504.843, 95
Trd, 4319505.043, 92
Trd, 4319506.393, 93
Trd, 4319506.943, 91
Trd, 4319508.043, 94
Trd, 4319509.893, 93
Trd, 4319510.043, 92
Trd, 4319513.493, 95
Trd, 4319513.743, 91
Trd, 4319513.793, 91
Trd, 4319516.793, 93
Trd, 4319516.843, 95
Trd, 4319518.143, 92
Trd, 4319520.093, 93
Trd, 4319520.193, 91
Trd, 4319521.393, 93
Trd, 4319522.643, 95
Trd, 4319523.193, 96
Trd, 4319523.543, 95
Trd, 4319525.293, 99
Trd, 4319527.743, 101
Trd, 4319528.443, 103
Trd, 4319531.093, 100
Trd, 4319531.793, 104
Trd, 4319531.993, 118
Trd, 4319532.243, 101
Trd, 4319535.093, 101
Trd, 4319537.693, 99
Trd, 4319538.343, 98
Trd, 4319539.293, 95
Trd, 4319539.443, 95
Trd, 4319539.993, 96
Trd, 4319542.543, 96
Trd, 4319542.993, 97
Trd, 4319544.793, 96
Trd, 4319547.793, 96
Trd, 4319548.143, 94
Trd, 4319548.193, 97
Trd, 4319549.243, 94
Trd, 4319552.943, 93
Trd, 4319554.843, 95
Trd, 4319554.943, 92
Trd, 4319556.743, 94
Trd, 4319557.843, 94
Trd, 4319558.143, 93
Trd, 4319560.093, 94
Trd, 4319561.193, 95
Trd, 4319561.993, 95
Trd, 4319562.343, 112
Trd, 4319565.343, 97
Trd, 4319565.493, 97
Trd, 4319566.693, 98
Trd, 4319566.843, 105
Trd, 4319569.343, 97
Trd, 4319569.943, 99
Trd, 4319570.493, 94
Trd, 4319573.293, 97
Trd, 4319574.143, 113
Trd, 4319574.793, 96
Trd, 4319577.193, 95
Trd, 4319578.093, 100
Trd, 4319580.743, 96
Trd, 4319581.393, 97
Trd, 4319582.443, 96
Trd, 4319585.743, 98
Trd, 4319585.843, 98
Trd, 4319586.493, 96
Trd, 4319587.693, 97
Trd, 4319587.843, 95
Trd, 4319590.593, 95
Trd, 4319591.643, 94
Trd, 4319591.793, 95
Trd, 4319592.443, 93
Trd, 4319594.193, 93
Trd, 4319594.443, 94
Trd, 4319594.993, 91
Trd, 4319596.193, 92
Trd, 4319597.543, 91
Trd, 4319597.693, 92
Trd, 4319599.493, 90
Trd, 4319600.543, 101
Trd, 4319602.893, 94
Trd, 4319603.393, 91
Trd, 4319603.943, 91
Trd, 4319604.893, 95
Trd, 4319605.893, 89
Trd, 4319607.243, 92
Trd, 4319608.293, 93
Trd, 4319609.793, 93
Trd, 4319610.693, 92
Trd, 4319610.793, 92
Trd, 4319612.643, 91
Trd, 4319613.543, 91
Trd, 4319613.593, 95
Trd, 4319617.043, 85
Trd, 4319618.043, 86
Trd, 4319618.743, 87
Trd, 4319619.293, 95
Trd, 4319619.543, 93
Trd, 4319620.693, 93
Trd, 4319622.993, 93
Trd, 4319623.293, 95
Trd, 4319623.893, 97
Trd, 4319623.993, 94
Trd, 4319624.843, 105
Trd, 4319626.793, 96
Trd, 4319626.993, 95
Trd, 4319629.193, 95
Trd, 4319632.593, 94
Trd, 4319633.293, 95
Trd, 4319633.443, 94
Trd, 4319634.393, 94
Trd, 4319634.693, 101
Trd, 4319636.043, 104
Trd, 4319636.743, 103
Trd, 4319637.293, 99
Trd, 4319639.643, 102
Trd, 4319640.293, 113
Trd, 4319640.543, 100
Trd, 4319644.393, 104
Trd, 4319645.793, 103
Trd, 4319647.093, 114
Trd, 4319649.293, 99
Trd, 4319650.143, 101
Trd, 4319651.093, 101
Trd, 4319652.793, 99
Trd, 4319652.993, 100
Trd, 4319656.693, 100
Trd, 4319657.443, 98
Trd, 4319658.843, 97
Trd, 4319659.043, 96
Trd, 4319659.643, 105
Trd, 4319662.043, 98
Trd, 4319663.643, 97
Trd, 4319664.493, 94
Trd, 4319666.143, 96
Trd, 4319667.743, 98
Trd, 4319669.443, 98
Trd, 4319671.943, 97
Trd, 4319673.543, 96
Trd, 4319674.043, 96
Trd, 4319674.743, 95
Trd, 4319675.743, 96
Trd, 4319676.793, 97
Trd, 4319676.943, 96
Trd, 4319679.443, 98
Trd, 4319679.493, 123
Trd, 4319680.543, 108
Trd, 4319680.693, 98
Trd, 4319681.943, 94
Trd, 4319683.493, 86
Trd, 4319684.393, 83
Trd, 4319684.793, 87
Trd, 4319686.493, 92
Trd, 4319687.893, 92
Trd, 4319688.743, 106
Trd, 4319691.593, 100
Trd, 4319692.343, 117
Trd, 4319694.143, 105
Trd, 4319695.193, 106
Trd, 4319695.343, 105
Trd, 4319697.293, 107
Trd, 4319698.543, 108
Trd, 4319698.693, 107
Trd, 4319698.993, 103
Trd, 4319699.943, 94
Trd, 4319700.693, 100
Trd, 4319701.993, 99
Trd, 4319702.993, 100
Trd, 4319704.943, 101
Trd, 4319705.543, 98
Trd, 4319707.143, 104
Trd, 4319708.343, 103
Trd, 4319709.493, 102
Trd, 4319709.643, 101
Trd, 4319711.243, 100
Trd, 4319713.693, 102
Trd, 4319713.793, 103
Trd, 4319716.943, 103
Trd, 4319717.293, 103
Trd, 4319718.093, 104
Trd, 4319718.443, 103
Trd, 4319718.543, 101
Trd, 4319720.793, 103
Trd, 4319721.993, 101
Trd, 4319724.893, 100
Trd, 4319726.043, 100
Trd, 4319728.043, 100
Trd, 4319728.943, 99
Trd, 4319729.393, 113
Trd, 4319732.293, 100
Trd, 4319734.293, 102
Trd, 4319734.343, 100
Trd, 4319735.543, 101
Trd, 4319735.993, 100
Trd, 4319736.593, 94
Trd, 4319737.843, 95
Trd, 4319738.643, 89
Trd, 4319742.993, 96
Trd, 4319743.843, 96
Trd, 4319745.693, 98
Trd, 4319747.643, 101
Trd, 4319748.193, 102
Trd, 4319748.443, 100
Trd, 4319749.143, 101
Trd, 4319749.993, 94
Trd, 4319752.493, 97
Trd, 4319753.043, 98
Trd, 4319754.693, 88
Trd, 4319754.743, 99
Trd, 4319758.693, 131
Trd, 4319759.443, 100
Trd, 4319759.793, 105
Trd, 4319760.393, 101
Trd, 4319761.643, 96
Trd, 4319761.993, 94
Trd, 4319764.043, 97
Trd, 4319765.243, 100
Trd, 4319766.843, 98
Trd, 4319766.993, 96
Trd, 4319769.893, 99
Trd, 4319770.593, 97
Trd, 4319772.793, 98
Trd, 4319773.243, 98
Trd, 4319773.393, 98
Trd, 4319774.543, 97
Trd, 4319775.593, 97
Trd, 4319777.693, 96
Trd, 4319780.643, 98
Trd, 4319781.393, 98
Trd, 4319783.093, 99
Trd, 4319783.693, 87
Trd, 4319786.143, 97
Trd, 4319786.443, 94
Trd, 4319786.843, 95
Trd, 4319788.943, 96
Trd, 4319790.393, 94
Trd, 4319791.243, 95
Trd, 4319791.643, 94
Trd, 4319791.893, 94
Trd, 4319792.843, 95
Trd, 4319793.043, 93
Trd, 4319795.543, 92
Trd, 4319796.243, 95
Trd, 4319797.793, 97
Trd, 4319798.243, 96
Trd, 4319798.293, 104
Trd, 4319799.043, 96
Trd, 4319802.443, 98
Trd, 4319803.293, 95
Trd, 4319806.043, 97
Trd, 4319806.593, 97
Trd, 4319806.793, 97
Trd, 4319807.593, 97
Trd, 4319808.393, 97
Trd, 4319809.043, 98
Trd, 4319809.443, 94
Trd, 4319809.593, 104
Trd, 4319811.393, 95
Trd, 4319812.993, 94
Trd, 4319814.343, 93
Trd, 4319816.643, 102
Trd, 4319817.693, 99
Trd, 4319820.043, 102
Trd, 4319820.443, 101
Trd, 4319821.543, 101
Trd, 4319821.743, 104
Trd, 4319821.843, 95
Trd, 4319824.043, 98
Trd, 4319827.293, 97
Trd, 4319827.443, 100
Trd, 4319829.443, 97
Trd, 4319830.193, 96
Trd, 4319831.393, 95
Trd, 4319831.443, 96
Trd, 4319832.243, 95
Trd, 4319835.093, 104
Trd, 4319835.643, 98
Trd, 4319837.043, 98
Trd, 4319837.093, 97
Trd, 4319838.493, 95
Trd, 4319838.743, 95
Trd, 4319841.193, 99
Trd, 4319841.643, 96
Trd, 4319842.743, 102
Trd, 4319844.293, 94
Trd, 4319845.393, 98
Trd, 4319846.843, 97
Trd, 4319848.343, 95
Trd, 4319849.243, 98
Trd, 4319849.343, 95
Trd, 4319850.743, 97
Trd, 4319853.093, 96
Trd, 4319854.143, 96
Trd, 4319854.443, 96
Trd, 4319856.243, 97
Trd, 4319856.443, 96
Trd, 4319859.843, 99
Trd, 4319860.243, 97
Trd, 4319861.293, 101
Trd, 4319862.043, 100
Trd, 4319863.343, 102
Trd, 4319864.543, 100
Trd, 4319866.393, 95
Trd, 4319867.493, 114
Trd, 4319868.843, 103
Trd, 4319869.843, 107
Trd, 4319870.743, 103
Trd, 4319870.993, 95
Trd, 4319872.743, 78
Trd, 4319873.343, 94
Trd, 4319874.843, 103
Trd, 4319875.393, 94
Trd, 4319876.893, 93
Trd, 4319878.843, 100
Trd, 4319880.593, 105
Trd, 4319880.743, 104
Trd, 4319880.893, 105
Trd, 4319883.643, 106
Trd, 4319884.293, 105
Trd, 4319886.293, 103
Trd, 4319887.543, 93
Trd, 4319888.593, 100
Trd, 4319889.143, 98
Trd, 4319890.293, 99
Trd, 4319892.443, 98
Trd, 4319893.143, 99
Trd, 4319894.843, 100
Trd, 4319895.943, 103
Trd, 4319897.343, 103
Trd, 4319897.743, 101
Trd, 4319898.443, 114
Trd, 4319900.693, 106
Trd, 4319900.893, 104
Trd, 4319902.043, 105
Trd, 4319904.893, 102
Trd, 4319905.193, 86
Trd, 4319906.993, 97
Trd, 4319907.093, 101
Trd, 4319908.443, 103
Trd, 4319908.843, 114
Trd, 4319909.843, 100
Trd, 4319910.593, 94
Trd, 4319912.993, 99
Trd, 4319914.343, 99
Trd, 4319917.393, 99
Trd, 4319917.943, 100
Trd, 4319918.143, 102
Trd, 4319918.493, 98
Trd, 4319920.993, 99
Trd, 4319921.643, 98
Trd, 4319923.993, 104
Trd, 4319924.493, 99
Trd, 4319924.743, 102
Trd, 4319927.193, 94
Trd, 4319927.693, 96
Trd, 4319929.043, 95
Trd, 4319929.693, 96
Trd, 4319931.193, 94
Trd, 4319931.443, 96
Trd, 4319933.793, 104
Trd, 4319933.943, 103
Trd, 4319935.643, 100
Trd, 4319935.993, 112
Trd, 4319938.043, 94
Trd, 4319938.843, 98
Trd, 4319940.493, 102
Trd, 4319941.043, 102
Trd, 4319941.293, 100
Trd, 4319943.843, 94
Trd, 4319945.443, 102
Trd, 4319945.843, 98
Trd, 4319947.193, 97
Trd, 4319948.643, 95
Trd, 4319948.943, 101
Trd, 4319949.843, 100
Trd, 4319950.993, 99
Trd, 4319952.843, 98
Trd, 4319955.343, 98
Trd, 4319955.893, 97
Trd, 4319956.143, 96
Trd, 4319956.643, 98
Trd, 4319956.893, 94
Trd, 4319959.043, 94
Trd, 4319961.093, 96
Trd, 4319962.743, 95
Trd, 4319964.743, 97
Trd, 4319964.793, 98
Trd, 4319965.543, 98
Trd, 4319967.593, 102
Trd, 4319968.093, 101
Trd, 4319968.543, 102
Trd, 4319969.393, 104
Trd, 4319969.893, 101
Trd, 4319971.393, 107
Trd, 4319971.593, 100
Trd, 4319973.993, 98
Trd, 4319974.843, 98
Trd, 4319976.043, 100
Trd, 4319976.743, 98
Trd, 4319976.793, 104
Trd, 4319977.143, 96
Trd, 4319980.793, 83
Trd, 4319981.493, 91
Trd, 4319981.993, 89
Trd, 4319982.793, 88
Trd, 4319985.443, 112
Trd, 4319985.893, 95
Trd, 4319986.343, 94
Trd, 4319987.843, 94
Trd, 4319989.593, 95
Trd, 4319989.693, 104
Trd, 4319991.493, 96
Trd, 4319993.943, 97
Trd, 4319994.343, 98
Trd, 4319995.943, 98
Trd, 4319996.243, 97
Trd, 4319996.543, 104
