Trd, 4317824.243, 96
Trd, 4317825.893, 97
Trd, 4317827.393, 96
Trd, 4317828.393, 104
Trd, 4317828.443, 95
Trd, 4317828.843, 95
Trd, 4317829.843, 93
Trd, 4317831.743, 114
Trd, 4317833.443, 98
Trd, 4317834.043, 94
Trd, 4317838.543, 104
Trd, 4317839.193, 99
Trd, 4317839.443, 97
Trd, 4317842.693, 97
Trd, 4317843.593, 96
Trd, 4317843.743, 95
Trd, 4317845.293, 96
Trd, 4317846.593, 95
Trd, 4317850.693, 99
Trd, 4317851.443, 95
Trd, 4317853.793, 95
Trd, 4317854.343, 94
Trd, 4317855.243, 95
Trd, 4317856.593, 94
Trd, 4317858.143, 93
Trd, 4317858.943, 93
Trd, 4317859.493, 92
Trd, 4317862.743, 96
Trd, 4317863.093, 91
Trd, 4317863.293, 91
Trd, 4317869.693, 92
Trd, 4317872.793, 95
Trd, 4317875.093, 96
Trd, 4317875.543, 104
Trd, 4317875.893, 95
Trd, 4317876.743, 86
Trd, 4317878.943, 92
Trd, 4317880.393, 91
Trd, 4317886.393, 91
Trd, 4317887.693, 91
Trd, 4317888.193, 94
Trd, 4317888.743, 90
Trd, 4317890.643, 92
Trd, 4317893.343, 91
Trd, 4317894.593, 94
Trd, 4317895.293, 100
Trd, 4317896.743, 94
Trd, 4317897.843, 94
Trd, 4317898.843, 94
Trd, 4317898.993, 93
Trd, 4317900.193, 94
Trd, 4317902.743, 106
Trd, 4317903.893, 104
Trd, 4317904.543, 103
Trd, 4317905.693, 103
Trd, 4317907.793, 102
Trd, 4317908.393, 101
Trd, 4317910.543, 100
Trd, 4317911.093, 89
Trd, 4317912.693, 98
Trd, 4317914.543, 97
Trd, 4317915.143, 97
Trd, 4317918.343, 96
Trd, 4317921.443, 96
Trd, 4317922.043, 95
Trd, 4317922.693, 95
Trd, 4317925.093, 94
Trd, 4317925.993, 94
Trd, 4317927.143, 97
Trd, 4317928.943, 93
Trd, 4317930.593, 93
Trd, 4317934.943, 93
Trd, 4317937.043, 95
Trd, 4317938.093, 95
Trd, 4317938.243, 96
Trd, 4317939.293, 95
Trd, 4317941.693, 94
Trd, 4317945.193, 94
Trd, 4317946.743, 94
Trd, 4317947.443, 104
Trd, 4317948.043, 93
Trd, 4317952.243, 93
Trd, 4317952.943, 93
Trd, 4317955.593, 93
Trd, 4317957.993, 92
Trd, 4317958.343, 93
Trd, 4317959.243, 92
Trd, 4317960.143, 93
Trd, 4317963.793, 92
Trd, 4317964.193, 94
Trd, 4317964.393, 91
Trd, 4317968.743, 94
Trd, 4317970.343, 91
Trd, 4317972.693, 91
Trd, 4317975.543, 93
Trd, 4317976.193, 91
Trd, 4317976.593, 94
Trd, 4317978.293, 91
Trd, 4317978.443, 91
Trd, 4317982.193, 90
Trd, 4317983.243, 89
Trd, 4317986.793, 93
Trd, 4317986.843, 91
Trd, 4317987.443, 91
Trd, 4317989.243, 95
Trd, 4317990.493, 94
Trd, 4317991.343, 93
Trd, 4317991.493, 93
Trd, 4317994.743, 92
Trd, 4317995.043, 91
Trd, 4317996.793, 93
Trd, 4317998.893, 91
Trd, 4318000.393, 91
Trd, 4318000.643, 104
Trd, 4318000.743, 91
Trd, 4318005.393, 90
Trd, 4318006.743, 89
Trd, 4318006.943, 89
Trd, 4318007.493, 93
Trd, 4318012.843, 101
Trd, 4318013.793, 98
Trd, 4318014.143, 98
Trd, 4318015.943, 100
Trd, 4318017.793, 99
Trd, 4318017.893, 98
Trd, 4318018.643, 96
Trd, 4318022.543, 98
Trd, 4318023.193, 98
Trd, 4318025.343, 99
Trd, 4318026.743, 98
Trd, 4318027.293, 98
Trd, 4318027.843, 97
Trd, 4318028.393, 97
Trd, 4318029.893, 96
Trd, 4318031.393, 95
Trd, 4318032.743, 94
Trd, 4318036.293, 94
Trd, 4318041.393, 93
Trd, 4318043.093, 92
Trd, 4318043.493, 92
Trd, 4318047.743, 98
Trd, 4318050.493, 92
Trd, 4318050.893, 92
Trd, 4318052.743, 92
Trd, 4318053.243, 91
Trd, 4318054.943, 90
Trd, 4318055.493, 95
Trd, 4318058.143, 92
Trd, 4318059.193, 95
Trd, 4318059.293, 104
Trd, 4318060.193, 99
Trd, 4318064.593, 103
Trd, 4318064.893, 98
Trd, 4318066.293, 98
Trd, 4318067.443, 97
Trd, 4318067.543, 97
Trd, 4318069.343, 96
Trd, 4318070.243, 86
Trd, 4318072.543, 93
Trd, 4318074.043, 92
Trd, 4318075.293, 95
Trd, 4318076.093, 93
Trd, 4318076.843, 93
Trd, 4318078.143, 105
Trd, 4318078.543, 92
Trd, 4318079.743, 92
Trd, 4318080.693, 94
Trd, 4318082.543, 105
Trd, 4318084.143, 98
Trd, 4318084.543, 96
Trd, 4318085.743, 117
Trd, 4318086.593, 107
Trd, 4318087.243, 107
Trd, 4318087.543, 106
Trd, 4318089.243, 106
Trd, 4318090.643, 104
Trd, 4318090.693, 103
Trd, 4318093.143, 102
Trd, 4318093.993, 87
Trd, 4318098.043, 97
Trd, 4318098.593, 96
Trd, 4318099.043, 97
Trd, 4318099.743, 96
Trd, 4318100.843, 96
Trd, 4318104.843, 90
Trd, 4318105.693, 93
Trd, 4318107.893, 95
Trd, 4318108.593, 86
Trd, 4318110.943, 92
Trd, 4318113.043, 92
Trd, 4318113.493, 92
Trd, 4318114.243, 73
Trd, 4318117.493, 90
Trd, 4318117.843, 87
Trd, 4318118.043, 87
Trd, 4318122.043, 88
Trd, 4318125.393, 87
Trd, 4318129.393, 89
Trd, 4318129.693, 86
Trd, 4318131.143, 86
Trd, 4318132.893, 93
Trd, 4318133.943, 92
Trd, 4318135.093, 92
Trd, 4318136.693, 91
Trd, 4318138.043, 91
Trd, 4318139.043, 104
Trd, 4318139.443, 104
Trd, 4318139.943, 91
Trd, 4318142.293, 89
Trd, 4318143.093, 98
Trd, 4318144.093, 96
Trd, 4318144.343, 95
Trd, 4318144.543, 73
Trd, 4318148.643, 99
Trd, 4318149.293, 95
Trd, 4318150.043, 94
Trd, 4318153.043, 93
Trd, 4318154.093, 93
Trd, 4318155.943, 92
Trd, 4318156.543, 95
Trd, 4318159.593, 104
Trd, 4318160.043, 98
Trd, 4318161.043, 98
Trd, 4318161.493, 98
Trd, 4318164.443, 98
Trd, 4318167.543, 97
Trd, 4318168.043, 96
Trd, 4318169.193, 103
Trd, 4318169.943, 96
Trd, 4318170.043, 96
Trd, 4318170.843, 95
Trd, 4318173.243, 79
Trd, 4318174.293, 74
Trd, 4318176.793, 88
Trd, 4318179.643, 96
Trd, 4318180.793, 96
Trd, 4318181.443, 94
Trd, 4318181.793, 94
Trd, 4318182.743, 97
Trd, 4318183.893, 96
Trd, 4318184.743, 95
Trd, 4318185.393, 93
Trd, 4318187.243, 70
Trd, 4318187.743, 109
Trd, 4318189.593, 95
Trd, 4318190.093, 96
Trd, 4318191.093, 104
Trd, 4318192.143, 95
Trd, 4318193.493, 94
Trd, 4318194.093, 79
Trd, 4318195.343, 99
Trd, 4318195.493, 102
Trd, 4318198.193, 101
Trd, 4318199.293, 86
Trd, 4318199.393, 97
Trd, 4318201.093, 98
Trd, 4318202.593, 97
Trd, 4318203.893, 95
Trd, 4318205.843, 94
Trd, 4318208.043, 95
Trd, 4318209.243, 94
Trd, 4318211.693, 93
Trd, 4318211.843, 97
Trd, 4318213.493, 91
Trd, 4318213.893, 95
Trd, 4318218.043, 94
Trd, 4318220.243, 94
Trd, 4318220.943, 93
Trd, 4318223.693, 93
Trd, 4318223.943, 92
Trd, 4318224.893, 95
Trd, 4318228.893, 92
Trd, 4318231.393, 95
Trd, 4318233.243, 92
Trd, 4318237.543, 92
Trd, 4318238.393, 93
Trd, 4318238.843, 92
Trd, 4318239.493, 95
Trd, 4318241.393, 92
Trd, 4318243.693, 91
Trd, 4318244.343, 90
Trd, 4318245.543, 89
Trd, 4318246.743, 95
Trd, 4318248.893, 91
Trd, 4318250.793, 80
Trd, 4318250.943, 88
Trd, 4318252.793, 122
Trd, 4318254.143, 107
Trd, 4318255.043, 103
Trd, 4318256.743, 103
Trd, 4318258.243, 102
Trd, 4318258.593, 92
Trd, 4318259.843, 96
Trd, 4318261.343, 95
Trd, 4318262.093, 98
Trd, 4318262.493, 92
Trd, 4318263.043, 100
Trd, 4318263.243, 95
Trd, 4318264.043, 96
Trd, 4318267.093, 96
Trd, 4318268.493, 98
Trd, 4318270.543, 94
Trd, 4318270.993, 85
Trd, 4318272.893, 102
Trd, 4318274.443, 88
Trd, 4318274.843, 91
Trd, 4318278.143, 86
Trd, 4318279.493, 88
Trd, 4318280.493, 89
Trd, 4318283.343, 96
Trd, 4318283.693, 100
Trd, 4318285.593, 97
Trd, 4318286.693, 97
Trd, 4318288.943, 98
Trd, 4318289.643, 98
Trd, 4318291.593, 97
Trd, 4318291.893, 104
Trd, 4318292.443, 96
Trd, 4318292.893, 96
Trd, 4318294.293, 98
Trd, 4318297.093, 95
Trd, 4318297.343, 72
Trd, 4318298.343, 101
Trd, 4318300.943, 95
Trd, 4318301.293, 104
Trd, 4318302.343, 96
Trd, 4318305.043, 100
Trd, 4318306.443, 99
Trd, 4318307.693, 98
Trd, 4318307.893, 104
Trd, 4318308.793, 97
Trd, 4318309.193, 96
Trd, 4318311.243, 94
Trd, 4318311.443, 83
Trd, 4318313.593, 93
Trd, 4318317.393, 93
Trd, 4318318.993, 95
Trd, 4318321.093, 93
Trd, 4318321.443, 95
Trd, 4318322.193, 104
Trd, 4318323.643, 101
Trd, 4318324.743, 101
Trd, 4318326.693, 100
Trd, 4318327.243, 100
Trd, 4318328.393, 100
Trd, 4318328.643, 99
Trd, 4318330.093, 98
Trd, 4318333.093, 97
Trd, 4318337.293, 98
Trd, 4318338.993, 96
Trd, 4318339.293, 96
Trd, 4318339.343, 96
Trd, 4318343.593, 96
Trd, 4318346.793, 95
Trd, 4318347.693, 95
Trd, 4318348.143, 95
Trd, 4318348.593, 94
Trd, 4318348.643, 97
Trd, 4318350.843, 97
Trd, 4318352.143, 94
Trd, 4318354.543, 93
Trd, 4318354.743, 93
Trd, 4318361.793, 92
Trd, 4318364.643, 91
Trd, 4318365.193, 109
Trd, 4318365.643, 105
Trd, 4318366.743, 104
Trd, 4318368.893, 103
Trd, 4318370.543, 102
Trd, 4318371.293, 101
Trd, 4318372.943, 100
Trd, 4318373.143, 93
Trd, 4318373.843, 99
Trd, 4318374.293, 87
Trd, 4318376.693, 85
Trd, 4318378.743, 87
Trd, 4318378.943, 88
Trd, 4318379.793, 91
Trd, 4318382.693, 92
Trd, 4318383.093, 107
Trd, 4318385.043, 99
Trd, 4318385.893, 101
Trd, 4318386.643, 102
Trd, 4318388.143, 101
Trd, 4318390.443, 110
Trd, 4318390.693, 108
Trd, 4318391.093, 102
Trd, 4318392.343, 103
Trd, 4318392.643, 69
Trd, 4318393.693, 86
Trd, 4318393.743, 119
Trd, 4318397.543, 95
Trd, 4318401.093, 94
Trd, 4318401.543, 95
Trd, 4318402.243, 96
Trd, 4318402.593, 94
Trd, 4318402.743, 99
Trd, 4318404.843, 95
Trd, 4318405.893, 93
Trd, 4318407.593, 94
Trd, 4318408.093, 93
Trd, 4318408.643, 85
Trd, 4318408.793, 83
Trd, 4318410.843, 103
Trd, 4318414.443, 91
Trd, 4318415.243, 91
Trd, 4318415.443, 94
Trd, 4318417.043, 90
Trd, 4318417.243, 89
Trd, 4318419.293, 95
Trd, 4318419.593, 88
Trd, 4318421.543, 90
Trd, 4318423.493, 90
Trd, 4318424.343, 94
Trd, 4318425.443, 95
Trd, 4318428.443, 92
Trd, 4318428.543, 91
Trd, 4318429.243, 94
Trd, 4318429.793, 91
Trd, 4318433.643, 90
Trd, 4318434.393, 90
Trd, 4318438.593, 90
Trd, 4318438.793, 90
Trd, 4318439.893, 89
Trd, 4318441.943, 92
Trd, 4318442.993, 89
Trd, 4318444.093, 92
Trd, 4318444.993, 95
Trd, 4318446.943, 95
Trd, 4318447.693, 92
Trd, 4318447.793, 91
Trd, 4318449.143, 102
Trd, 4318450.693, 93
Trd, 4318453.843, 95
Trd, 4318455.393, 96
Trd, 4318455.743, 95
Trd, 4318456.043, 83
Trd, 4318457.493, 87
Trd, 4318459.593, 92
Trd, 4318462.843, 90
Trd, 4318466.093, 92
Trd, 4318466.793, 90
Trd, 4318467.543, 89
Trd, 4318468.593, 92
Trd, 4318470.743, 94
Trd, 4318471.593, 93
Trd, 4318471.893, 91
Trd, 4318473.193, 90
Trd, 4318474.643, 90
Trd, 4318475.093, 104
Trd, 4318476.693, 95
Trd, 4318480.243, 104
Trd, 4318480.593, 102
Trd, 4318480.993, 94
Trd, 4318483.243, 100
Trd, 4318483.293, 99
Trd, 4318486.043, 92
Trd, 4318487.243, 93
Trd, 4318489.343, 95
Trd, 4318489.643, 93
Trd, 4318490.743, 87
Trd, 4318493.393, 92
Trd, 4318494.293, 92
Trd, 4318495.843, 91
Trd, 4318496.743, 91
Trd, 4318499.743, 100
Trd, 4318503.593, 101
Trd, 4318503.893, 100
Trd, 4318504.493, 105
Trd, 4318504.593, 100
Trd, 4318505.693, 99
Trd, 4318506.343, 65
Trd, 4318507.793, 93
Trd, 4318508.793, 92
Trd, 4318510.293, 92
Trd, 4318514.193, 92
Trd, 4318515.143, 93
Trd, 4318517.243, 91
Trd, 4318518.943, 94
Trd, 4318520.843, 96
Trd, 4318521.493, 94
Trd, 4318522.493, 94
Trd, 4318522.993, 93
Trd, 4318523.343, 76
Trd, 4318527.743, 90
Trd, 4318527.943, 90
Trd, 4318528.493, 89
Trd, 4318532.393, 92
Trd, 4318534.293, 89
Trd, 4318535.993, 94
Trd, 4318536.143, 104
Trd, 4318537.193, 94
Trd, 4318537.493, 93
Trd, 4318539.793, 92
Trd, 4318545.743, 91
Trd, 4318546.693, 91
Trd, 4318547.493, 94
Trd, 4318550.393, 104
Trd, 4318551.993, 98
Trd, 4318552.993, 100
Trd, 4318553.743, 99
Trd, 4318554.443, 98
Trd, 4318555.793, 97
Trd, 4318557.793, 97
Trd, 4318558.693, 96
Trd, 4318560.243, 71
Trd, 4318560.393, 84
Trd, 4318566.943, 90
Trd, 4318568.193, 89
Trd, 4318568.543, 93
Trd, 4318569.093, 89
Trd, 4318571.893, 88
Trd, 4318574.693, 102
Trd, 4318577.143, 92
Trd, 4318577.743, 90
Trd, 4318581.043, 90
Trd, 4318583.943, 90
Trd, 4318585.793, 89
Trd, 4318585.993, 93
Trd, 4318586.543, 89
Trd, 4318588.893, 104
Trd, 4318591.293, 95
Trd, 4318591.593, 92
Trd, 4318591.843, 90
Trd, 4318592.643, 91
Trd, 4318595.443, 93
Trd, 4318595.893, 104
Trd, 4318596.693, 93
Trd, 4318599.093, 82
Trd, 4318599.393, 72
Trd, 4318599.743, 80
Trd, 4318603.943, 92
Trd, 4318606.893, 90
Trd, 4318607.493, 89
Trd, 4318609.543, 89
Trd, 4318609.843, 94
Trd, 4318612.793, 92
Trd, 4318613.643, 91
Trd, 4318617.293, 91
Trd, 4318618.743, 91
Trd, 4318620.093, 94
Trd, 4318622.143, 93
Trd, 4318622.193, 93
Trd, 4318622.693, 92
Trd, 4318623.143, 94
Trd, 4318625.093, 92
Trd, 4318625.793, 87
Trd, 4318631.243, 91
Trd, 4318631.943, 91
Trd, 4318632.643, 91
Trd, 4318634.043, 91
Trd, 4318636.393, 101
Trd, 4318637.293, 98
Trd, 4318639.193, 96
Trd, 4318639.543, 95
Trd, 4318640.793, 104
Trd, 4318641.393, 95
Trd, 4318642.193, 77
Trd, 4318643.543, 96
Trd, 4318644.343, 94
Trd, 4318644.593, 94
Trd, 4318646.093, 93
Trd, 4318648.493, 95
Trd, 4318651.493, 96
Trd, 4318652.493, 94
Trd, 4318653.993, 96
Trd, 4318655.343, 96
Trd, 4318656.943, 95
Trd, 4318657.343, 95
Trd, 4318657.643, 95
Trd, 4318659.043, 94
Trd, 4318663.893, 93
Trd, 4318664.293, 96
Trd, 4318665.093, 92
Trd, 4318666.443, 93
Trd, 4318668.693, 92
Trd, 4318671.293, 93
Trd, 4318672.893, 92
Trd, 4318673.293, 91
Trd, 4318673.843, 90
Trd, 4318675.343, 89
Trd, 4318676.443, 92
Trd, 4318677.643, 88
Trd, 4318680.143, 90
Trd, 4318681.443, 91
Trd, 4318684.693, 89
Trd, 4318686.893, 92
Trd, 4318688.793, 90
Trd, 4318689.743, 93
Trd, 4318690.643, 92
Trd, 4318692.543, 95
Trd, 4318692.593, 94
Trd, 4318693.643, 93
Trd, 4318694.443, 99
Trd, 4318697.043, 95
Trd, 4318698.093, 95
Trd, 4318699.793, 95
Trd, 4318700.543, 93
Trd, 4318700.793, 92
Trd, 4318700.993, 85
Trd, 4318705.643, 93
Trd, 4318707.043, 93
Trd, 4318709.093, 92
Trd, 4318709.993, 92
Trd, 4318710.443, 92
Trd, 4318711.793, 91
Trd, 4318712.993, 102
Trd, 4318713.243, 91
Trd, 4318714.143, 92
Trd, 4318715.793, 90
Trd, 4318717.943, 104
Trd, 4318719.643, 104
Trd, 4318720.293, 107
Trd, 4318720.443, 103
Trd, 4318721.543, 104
Trd, 4318723.343, 102
Trd, 4318723.893, 102
Trd, 4318724.543, 100
Trd, 4318725.343, 78
Trd, 4318729.493, 96
Trd, 4318730.293, 95
Trd, 4318732.993, 94
Trd, 4318733.343, 97
Trd, 4318736.943, 95
Trd, 4318738.043, 94
Trd, 4318738.693, 94
Trd, 4318743.943, 94
Trd, 4318744.393, 93
Trd, 4318747.143, 92
Trd, 4318748.593, 91
Trd, 4318750.643, 90
Trd, 4318751.343, 90
Trd, 4318755.943, 89
Trd, 4318756.393, 89
Trd, 4318756.843, 104
Trd, 4318759.993, 88
Trd, 4318761.543, 88
Trd, 4318763.643, 104
Trd, 4318763.793, 88
Trd, 4318764.393, 89
Trd, 4318771.043, 92
Trd, 4318771.593, 90
Trd, 4318772.943, 93
Trd, 4318773.293, 92
Trd, 4318774.543, 93
Trd, 4318776.193, 91
Trd, 4318779.143, 93
Trd, 4318780.343, 91
Trd, 4318780.893, 106
Trd, 4318781.293, 97
Trd, 4318783.043, 101
Trd, 4318785.343, 107
Trd, 4318786.443, 104
Trd, 4318786.743, 104
Trd, 4318787.043, 103
Trd, 4318789.843, 85
Trd, 4318789.943, 95
Trd, 4318790.443, 96
Trd, 4318792.193, 97
Trd, 4318793.993, 96
Trd, 4318794.093, 96
Trd, 4318795.343, 95
Trd, 4318796.243, 94
Trd, 4318798.743, 95
Trd, 4318798.893, 93
Trd, 4318801.593, 93
Trd, 4318805.543, 100
Trd, 4318805.843, 93
Trd, 4318807.293, 93
Trd, 4318809.193, 92
Trd, 4318811.143, 94
Trd, 4318811.893, 93
Trd, 4318812.893, 104
Trd, 4318814.743, 92
Trd, 4318816.443, 91
Trd, 4318819.093, 96
Trd, 4318819.443, 90
Trd, 4318821.043, 89
Trd, 4318821.543, 88
Trd, 4318823.343, 87
Trd, 4318823.693, 94
Trd, 4318826.593, 109
Trd, 4318826.943, 108
Trd, 4318826.993, 101
Trd, 4318828.093, 87
Trd, 4318828.793, 102
Trd, 4318830.743, 89
Trd, 4318830.993, 97
Trd, 4318833.943, 99
Trd, 4318834.793, 99
Trd, 4318836.393, 95
Trd, 4318838.343, 97
Trd, 4318838.493, 97
Trd, 4318838.843, 96
Trd, 4318841.793, 95
Trd, 4318841.893, 95
Trd, 4318842.743, 104
Trd, 4318844.543, 95
Trd, 4318846.993, 92
Trd, 4318848.643, 95
Trd, 4318850.393, 93
Trd, 4318854.793, 94
Trd, 4318858.243, 93
Trd, 4318860.843, 95
Trd, 4318861.243, 98
Trd, 4318862.743, 101
Trd, 4318863.293, 97
Trd, 4318863.743, 91
Trd, 4318864.443, 97
Trd, 4318866.293, 96
Trd, 4318867.643, 69
Trd, 4318869.443, 95
Trd, 4318870.693, 109
Trd, 4318871.693, 109
Trd, 4318872.293, 110
Trd, 4318873.743, 93
Trd, 4318873.943, 87
Trd, 4318874.993, 101
Trd, 4318876.893, 100
Trd, 4318878.893, 100
Trd, 4318879.593, 101
Trd, 4318879.943, 99
Trd, 4318881.943, 99
Trd, 4318882.543, 99
Trd, 4318886.543, 99
Trd, 4318887.193, 98
Trd, 4318888.043, 97
Trd, 4318888.443, 95
Trd, 4318889.243, 80
Trd, 4318891.993, 93
Trd, 4318892.643, 93
Trd, 4318896.793, 92
Trd, 4318897.843, 91
Trd, 4318898.093, 98
Trd, 4318899.393, 90
Trd, 4318900.993, 95
Trd, 4318901.143, 104
Trd, 4318903.293, 103
Trd, 4318905.043, 105
Trd, 4318905.343, 103
Trd, 4318906.943, 103
Trd, 4318907.043, 103
Trd, 4318909.243, 103
Trd, 4318909.643, 104
Trd, 4318910.743, 103
Trd, 4318911.743, 102
Trd, 4318913.143, 105
Trd, 4318914.593, 106
Trd, 4318917.293, 106
Trd, 4318918.043, 99
Trd, 4318918.243, 102
Trd, 4318919.693, 103
Trd, 4318919.793, 102
Trd, 4318923.143, 102
Trd, 4318923.793, 102
Trd, 4318924.243, 104
Trd, 4318925.093, 99
Trd, 4318926.993, 104
Trd, 4318927.543, 103
Trd, 4318928.793, 104
Trd, 4318930.143, 102
Trd, 4318931.593, 100
Trd, 4318931.943, 100
Trd, 4318932.943, 77
Trd, 4318933.643, 88
Trd, 4318938.043, 95
Trd, 4318938.393, 94
Trd, 4318941.143, 99
Trd, 4318942.793, 93
Trd, 4318943.343, 93
Trd, 4318945.493, 92
Trd, 4318947.593, 94
Trd, 4318950.443, 94
Trd, 4318952.243, 93
Trd, 4318954.593, 93
Trd, 4318956.943, 92
Trd, 4318958.893, 91
Trd, 4318962.093, 91
Trd, 4318962.343, 96
Trd, 4318964.893, 93
Trd, 4318965.143, 104
Trd, 4318965.493, 92
Trd, 4318966.943, 91
Trd, 4318969.643, 95
Trd, 4318971.093, 96
Trd, 4318972.493, 94
Trd, 4318974.343, 95
Trd, 4318976.093, 94
Trd, 4318979.993, 96
Trd, 4318984.843, 94
Trd, 4318986.143, 94
Trd, 4318986.843, 93
Trd, 4318990.093, 92
Trd, 4318994.343, 92
Trd, 4318994.843, 92
Trd, 4318995.593, 94
Trd, 4318995.643, 91
Trd, 4318998.243, 90
Trd, 4318999.343, 89
Trd, 4318999.893, 93
Trd, 4319005.593, 92
Trd, 4319008.893, 93
Trd, 4319008.943, 89
Trd, 4319009.593, 90
Trd, 4319009.993, 95
Trd, 4319013.443, 94
Trd, 4319014.593, 94
Trd, 4319015.143, 94
Trd, 4319015.943, 96
Trd, 4319016.193, 90
Trd, 4319016.793, 91
Trd, 4319020.943, 93
Trd, 4319021.793, 94
Trd, 4319022.243, 92
Trd, 4319027.093, 94
Trd, 4319027.693, 91
Trd, 4319027.843, 94
Trd, 4319030.543, 91
Trd, 4319030.643, 113
Trd, 4319031.543, 107
Trd, 4319032.343, 104
Trd, 4319033.943, 103
Trd, 4319035.093, 103
Trd, 4319035.743, 102
Trd, 4319037.643, 102
Trd, 4319038.043, 101
Trd, 4319038.993, 85
Trd, 4319040.043, 97
Trd, 4319045.093, 96
Trd, 4319045.193, 96
Trd, 4319046.693, 95
Trd, 4319047.293, 96
Trd, 4319047.793, 95
Trd, 4319048.243, 94
Trd, 4319054.743, 94
Trd, 4319055.393, 95
Trd, 4319056.943, 93
Trd, 4319057.943, 93
Trd, 4319058.143, 92
Trd, 4319059.193, 91
Trd, 4319062.643, 94
Trd, 4319062.743, 92
Trd, 4319068.493, 95
Trd, 4319068.843, 92
Trd, 4319069.793, 91
Trd, 4319070.093, 91
Trd, 4319070.593, 95
Trd, 4319072.543, 90
Trd, 4319075.393, 91
Trd, 4319075.743, 91
Trd, 4319076.843, 95
Trd, 4319078.493, 90
Trd, 4319081.343, 91
Trd, 4319081.993, 91
Trd, 4319083.843, 93
Trd, 4319084.943, 93
Trd, 4319086.193, 92
Trd, 4319088.693, 91
Trd, 4319089.193, 93
Trd, 4319089.293, 91
Trd, 4319091.143, 90
Trd, 4319091.743, 93
Trd, 4319097.393, 92
Trd, 4319097.693, 92
Trd, 4319098.343, 93
Trd, 4319101.643, 94
Trd, 4319102.693, 92
Trd, 4319103.193, 91
Trd, 4319103.943, 86
Trd, 4319106.743, 97
Trd, 4319106.793, 104
Trd, 4319106.843, 95
Trd, 4319108.893, 95
Trd, 4319109.443, 95
Trd, 4319111.893, 97
Trd, 4319112.293, 94
Trd, 4319114.793, 80
Trd, 4319116.293, 93
Trd, 4319121.443, 95
Trd, 4319123.093, 95
Trd, 4319124.043, 94
Trd, 4319125.093, 94
Trd, 4319125.643, 93
Trd, 4319126.943, 94
Trd, 4319128.043, 93
Trd, 4319130.143, 78
Trd, 4319131.293, 81
Trd, 4319133.493, 88
Trd, 4319135.343, 93
Trd, 4319136.543, 91
Trd, 4319137.293, 91
Trd, 4319137.843, 91
Trd, 4319139.093, 101
Trd, 4319139.343, 95
Trd, 4319140.643, 94
Trd, 4319142.493, 94
Trd, 4319144.043, 94
Trd, 4319147.593, 96
Trd, 4319148.443, 97
Trd, 4319149.143, 95
Trd, 4319149.443, 66
Trd, 4319152.293, 91
Trd, 4319152.593, 93
Trd, 4319154.693, 97
Trd, 4319155.893, 98
Trd, 4319156.743, 97
Trd, 4319157.143, 96
Trd, 4319158.543, 96
Trd, 4319161.243, 95
Trd, 4319163.943, 85
Trd, 4319164.243, 93
Trd, 4319165.443, 92
Trd, 4319166.143, 94
Trd, 4319168.443, 86
Trd, 4319169.193, 81
Trd, 4319170.643, 104
Trd, 4319170.993, 88
Trd, 4319173.593, 88
Trd, 4319174.993, 88
Trd, 4319178.443, 87
Trd, 4319182.343, 87
Trd, 4319182.443, 87
Trd, 4319184.143, 92
Trd, 4319184.693, 93
Trd, 4319185.843, 93
Trd, 4319185.993, 92
Trd, 4319188.493, 104
Trd, 4319188.843, 99
Trd, 4319189.643, 96
Trd, 4319190.093, 95
Trd, 4319192.743, 95
Trd, 4319193.993, 94
Trd, 4319195.743, 94
Trd, 4319196.043, 94
Trd, 4319201.043, 95
Trd, 4319204.293, 104
Trd, 4319204.543, 102
Trd, 4319204.943, 103
Trd, 4319205.293, 101
Trd, 4319206.293, 92
Trd, 4319208.393, 95
Trd, 4319211.043, 98
Trd, 4319215.293, 97
Trd, 4319215.343, 97
Trd, 4319216.093, 82
Trd, 4319217.393, 94
Trd, 4319217.743, 93
Trd, 4319218.943, 84
Trd, 4319223.443, 88
Trd, 4319224.543, 92
Trd, 4319225.193, 91
Trd, 4319226.993, 91
Trd, 4319227.843, 90
Trd, 4319228.993, 90
Trd, 4319229.193, 88
Trd, 4319229.393, 97
Trd, 4319233.443, 94
Trd, 4319234.393, 97
Trd, 4319236.943, 99
Trd, 4319237.343, 96
Trd, 4319237.693, 94
Trd, 4319241.993, 95
Trd, 4319242.043, 94
Trd, 4319243.943, 95
Trd, 4319244.943, 98
Trd, 4319246.493, 97
Trd, 4319247.993, 96
Trd, 4319249.543, 95
Trd, 4319250.293, 95
Trd, 4319252.743, 94
Trd, 4319254.043, 99
Trd, 4319257.943, 94
Trd, 4319258.143, 94
Trd, 4319263.843, 93
Trd, 4319265.543, 95
Trd, 4319266.043, 92
Trd, 4319267.293, 93
Trd, 4319267.643, 91
Trd, 4319269.443, 99
Trd, 4319274.143, 92
Trd, 4319276.793, 91
Trd, 4319278.393, 90
Trd, 4319279.343, 94
Trd, 4319280.893, 89
Trd, 4319284.243, 88
Trd, 4319285.393, 89
Trd, 4319285.493, 88
Trd, 4319289.593, 87
Trd, 4319293.793, 92
Trd, 4319296.593, 86
Trd, 4319300.693, 92
Trd, 4319300.743, 92
Trd, 4319301.743, 92
Trd, 4319302.493, 93
Trd, 4319303.743, 86
Trd, 4319304.043, 91
Trd, 4319305.843, 89
Trd, 4319306.643, 91
Trd, 4319309.593, 90
Trd, 4319312.193, 91
Trd, 4319312.993, 91
Trd, 4319314.493, 74
Trd, 4319316.693, 89
Trd, 4319317.993, 88
Trd, 4319318.993, 94
Trd, 4319319.593, 87
Trd, 4319320.793, 90
Trd, 4319322.143, 89
Trd, 4319325.793, 94
Trd, 4319326.143, 98
Trd, 4319326.743, 94
Trd, 4319328.943, 93
Trd, 4319329.143, 92
Trd, 4319329.293, 90
Trd, 4319331.143, 91
Trd, 4319332.843, 104
Trd, 4319333.343, 91
Trd, 4319333.393, 84
Trd, 4319334.993, 79
Trd, 4319336.893, 91
Trd, 4319339.343, 87
Trd, 4319340.143, 87
Trd, 4319342.293, 90
Trd, 4319342.343, 86
Trd, 4319346.393, 89
Trd, 4319348.193, 86
Trd, 4319349.793, 86
Trd, 4319350.143, 85
Trd, 4319351.893, 89
Trd, 4319355.243, 92
Trd, 4319358.393, 91
Trd, 4319358.693, 91
Trd, 4319360.293, 91
Trd, 4319360.593, 90
Trd, 4319360.643, 89
Trd, 4319361.693, 96
Trd, 4319363.093, 93
Trd, 4319367.393, 94
Trd, 4319369.393, 93
Trd, 4319369.493, 93
Trd, 4319369.893, 93
Trd, 4319373.193, 92
Trd, 4319373.693, 92
Trd, 4319376.193, 95
Trd, 4319379.893, 91
Trd, 4319380.243, 92
Trd, 4319381.593, 90
Trd, 4319381.643, 90
Trd, 4319386.893, 89
Trd, 4319387.193, 89
Trd, 4319389.093, 92
Trd, 4319391.793, 89
Trd, 4319391.843, 103
Trd, 4319392.493, 95
Trd, 4319393.043, 91
Trd, 4319397.043, 91
Trd, 4319399.643, 90
Trd, 4319400.493, 90
Trd, 4319400.793, 89
Trd, 4319401.493, 88
Trd, 4319402.343, 93
Trd, 4319403.243, 87
Trd, 4319406.193, 89
Trd, 4319407.793, 93
Trd, 4319411.293, 94
Trd, 4319412.493, 94
Trd, 4319413.093, 93
Trd, 4319415.043, 109
Trd, 4319415.293, 104
Trd, 4319415.993, 99
Trd, 4319417.843, 98
Trd, 4319418.593, 82
Trd, 4319419.993, 94
Trd, 4319420.043, 93
Trd, 4319421.943, 104
Trd, 4319423.893, 95
Trd, 4319425.593, 95
Trd, 4319426.793, 94
Trd, 4319428.343, 104
Trd, 4319430.043, 98
Trd, 4319433.193, 97
Trd, 4319434.143, 97
Trd, 4319434.693, 97
Trd, 4319438.493, 96
Trd, 4319439.793, 96
Trd, 4319442.043, 95
Trd, 4319442.543, 98
Trd, 4319444.693, 98
Trd, 4319445.443, 104
Trd, 4319445.693, 95
Trd, 4319449.593, 94
Trd, 4319449.693, 94
Trd, 4319454.093, 93
Trd, 4319454.343, 93
Trd, 4319454.593, 92
Trd, 4319454.893, 98
Trd, 4319458.943, 93
Trd, 4319460.843, 95
Trd, 4319462.243, 94
Trd, 4319463.993, 94
Trd, 4319466.493, 93
Trd, 4319467.943, 105
Trd, 4319468.443, 105
Trd, 4319469.593, 108
Trd, 4319469.643, 107
Trd, 4319471.693, 103
Trd, 4319471.943, 99
Trd, 4319472.293, 104
Trd, 4319472.343, 86
Trd, 4319475.443, 99
Trd, 4319475.493, 100
Trd, 4319477.193, 98
Trd, 4319479.193, 97
Trd, 4319480.393, 97
Trd, 4319481.193, 96
Trd, 4319482.443, 95
Trd, 4319483.193, 95
Trd, 4319485.643, 93
Trd, 4319485.693, 85
Trd, 4319487.193, 89
Trd, 4319489.193, 90
Trd, 4319490.843, 89
Trd, 4319493.143, 93
Trd, 4319493.943, 88
Trd, 4319496.493, 93
Trd, 4319497.143, 94
Trd, 4319497.343, 93
Trd, 4319501.043, 95
Trd, 4319501.443, 93
Trd, 4319502.843, 93
Trd, 4319503.693, 94
Trd, 4319503.843, 93
Trd, 4319507.043, 96
Trd, 4319507.943, 96
Trd, 4319508.443, 95
Trd, 4319508.843, 95
Trd, 4319511.543, 95
Trd, 4319514.143, 94
Trd, 4319514.643, 93
Trd, 4319517.943, 93
Trd, 4319520.043, 93
Trd, 4319522.193, 95
Trd, 4319524.043, 93
Trd, 4319524.943, 95
Trd, 4319526.193, 92
Trd, 4319526.493, 91
Trd, 4319527.143, 89
Trd, 4319529.643, 90
Trd, 4319531.943, 89
Trd, 4319532.793, 93
Trd, 4319533.293, 89
Trd, 4319534.543, 89
Trd, 4319535.843, 93
Trd, 4319536.393, 93
Trd, 4319538.943, 93
Trd, 4319540.093, 93
Trd, 4319540.993, 92
Trd, 4319541.443, 91
Trd, 4319542.393, 93
Trd, 4319544.843, 90
Trd, 4319546.043, 90
Trd, 4319549.243, 93
Trd, 4319550.793, 93
Trd, 4319551.243, 92
Trd, 4319553.993, 92
Trd, 4319556.143, 93
Trd, 4319556.893, 92
Trd, 4319558.893, 92
Trd, 4319559.843, 91
Trd, 4319561.243, 80
Trd, 4319561.343, 95
Trd, 4319563.393, 88
Trd, 4319564.793, 90
Trd, 4319564.993, 91
Trd, 4319566.893, 94
Trd, 4319567.693, 94
Trd, 4319570.743, 99
Trd, 4319571.543, 96
Trd, 4319572.343, 92
Trd, 4319574.593, 95
Trd, 4319575.193, 95
Trd, 4319576.843, 94
Trd, 4319578.293, 105
Trd, 4319579.443, 99
Trd, 4319579.943, 96
Trd, 4319581.043, 94
Trd, 4319581.593, 83
Trd, 4319585.193, 95
Trd, 4319585.443, 94
Trd, 4319587.343, 93
Trd, 4319587.493, 93
Trd, 4319590.793, 93
Trd, 4319591.993, 97
Trd, 4319592.693, 92
Trd, 4319592.743, 95
Trd, 4319592.893, 85
Trd, 4319594.643, 95
Trd, 4319596.443, 94
Trd, 4319599.043, 93
Trd, 4319599.993, 92
Trd, 4319600.793, 73
Trd, 4319600.943, 81
Trd, 4319606.093, 89
Trd, 4319606.593, 87
Trd, 4319607.543, 86
Trd, 4319609.093, 92
Trd, 4319610.293, 96
Trd, 4319610.843, 96
Trd, 4319611.693, 99
Trd, 4319613.293, 96
Trd, 4319613.743, 95
Trd, 4319615.393, 94
Trd, 4319616.193, 104
Trd, 4319617.143, 93
Trd, 4319617.993, 92
Trd, 4319618.643, 104
Trd, 4319621.943, 111
Trd, 4319621.993, 109
Trd, 4319622.143, 107
Trd, 4319622.593, 101
Trd, 4319625.243, 105
Trd, 4319626.293, 102
Trd, 4319626.393, 102
Trd, 4319626.993, 74
Trd, 4319628.393, 104
Trd, 4319632.643, 99
Trd, 4319634.343, 98
Trd, 4319635.593, 98
Trd, 4319636.043, 97
Trd, 4319636.443, 96
Trd, 4319637.493, 96
Trd, 4319640.993, 100
Trd, 4319642.993, 95
Trd, 4319643.093, 102
Trd, 4319643.143, 95
Trd, 4319643.993, 94
Trd, 4319645.943, 93
Trd, 4319646.693, 94
Trd, 4319647.093, 104
Trd, 4319649.493, 97
Trd, 4319649.743, 95
Trd, 4319650.743, 96
Trd, 4319652.193, 96
Trd, 4319653.793, 99
Trd, 4319654.643, 96
Trd, 4319655.243, 92
Trd, 4319657.043, 94
Trd, 4319658.093, 94
Trd, 4319660.143, 104
Trd, 4319662.493, 93
Trd, 4319664.493, 93
Trd, 4319665.093, 96
Trd, 4319665.393, 92
Trd, 4319665.593, 92
Trd, 4319666.643, 93
Trd, 4319668.793, 95
Trd, 4319671.143, 95
Trd, 4319674.543, 95
Trd, 4319674.643, 94
Trd, 4319675.793, 95
Trd, 4319678.343, 94
Trd, 4319678.393, 93
Trd, 4319680.443, 93
Trd, 4319682.943, 94
Trd, 4319682.993, 95
Trd, 4319683.693, 93
Trd, 4319684.393, 104
Trd, 4319688.193, 94
Trd, 4319689.093, 93
Trd, 4319689.143, 93
Trd, 4319691.943, 92
Trd, 4319693.093, 92
Trd, 4319693.443, 96
Trd, 4319693.743, 91
Trd, 4319694.643, 70
Trd, 4319696.743, 93
Trd, 4319697.993, 89
Trd, 4319701.643, 94
Trd, 4319701.693, 94
Trd, 4319702.393, 93
Trd, 4319705.543, 96
Trd, 4319705.793, 92
Trd, 4319706.543, 92
Trd, 4319709.143, 95
Trd, 4319709.293, 92
Trd, 4319710.993, 95
Trd, 4319712.443, 94
Trd, 4319712.943, 93
Trd, 4319715.693, 92
Trd, 4319716.643, 95
Trd, 4319718.743, 92
Trd, 4319721.893, 93
Trd, 4319723.993, 93
Trd, 4319724.293, 95
Trd, 4319726.143, 101
Trd, 4319726.793, 97
Trd, 4319727.993, 97
Trd, 4319728.343, 104
Trd, 4319728.693, 97
Trd, 4319728.943, 96
Trd, 4319731.393, 96
Trd, 4319735.243, 95
Trd, 4319735.693, 94
Trd, 4319736.043, 94
Trd, 4319736.543, 67
Trd, 4319736.943, 97
Trd, 4319739.993, 92
Trd, 4319742.993, 92
Trd, 4319743.293, 91
Trd, 4319744.893, 96
Trd, 4319748.743, 93
Trd, 4319750.293, 96
Trd, 4319750.343, 93
Trd, 4319755.493, 92
Trd, 4319755.693, 91
Trd, 4319757.293, 93
Trd, 4319758.543, 91
Trd, 4319759.793, 92
Trd, 4319761.743, 92
Trd, 4319762.993, 91
Trd, 4319768.743, 90
Trd, 4319772.093, 90
Trd, 4319773.143, 89
Trd, 4319775.493, 88
Trd, 4319776.443, 88
Trd, 4319776.493, 91
Trd, 4319777.993, 87
Trd, 4319779.443, 88
Trd, 4319783.043, 87
Trd, 4319785.943, 86
Trd, 4319789.293, 86
Trd, 4319790.343, 89
Trd, 4319790.393, 85
Trd, 4319791.593, 104
Trd, 4319793.143, 92
Trd, 4319796.343, 103
Trd, 4319797.393, 95
Trd, 4319799.093, 97
Trd, 4319800.293, 96
Trd, 4319803.793, 95
Trd, 4319803.993, 95
Trd, 4319804.643, 95
Trd, 4319806.143, 96
Trd, 4319808.743, 95
Trd, 4319811.293, 96
Trd, 4319811.393, 95
Trd, 4319813.643, 95
Trd, 4319814.543, 103
Trd, 4319815.393, 94
Trd, 4319815.843, 92
Trd, 4319816.993, 89
Trd, 4319819.443, 93
Trd, 4319820.643, 93
Trd, 4319820.943, 92
Trd, 4319822.743, 91
Trd, 4319823.893, 83
Trd, 4319825.693, 94
Trd, 4319826.143, 92
Trd, 4319827.343, 91
Trd, 4319829.643, 93
Trd, 4319830.143, 92
Trd, 4319830.693, 104
Trd, 4319831.143, 94
Trd, 4319832.593, 100
Trd, 4319834.793, 98
Trd, 4319835.943, 97
Trd, 4319836.993, 95
Trd, 4319837.393, 95
Trd, 4319837.793, 93
Trd, 4319839.043, 94
Trd, 4319839.693, 95
Trd, 4319840.643, 92
Trd, 4319846.143, 94
Trd, 4319848.893, 93
Trd, 4319850.243, 93
Trd, 4319852.143, 92
Trd, 4319852.743, 92
Trd, 4319854.143, 95
Trd, 4319854.343, 92
Trd, 4319854.993, 91
Trd, 4319859.343, 94
Trd, 4319859.743, 104
Trd, 4319860.093, 93
Trd, 4319862.593, 93
Trd, 4319864.543, 92
Trd, 4319866.293, 93
Trd, 4319866.693, 95
Trd, 4319866.943, 90
Trd, 4319870.343, 97
Trd, 4319870.693, 96
Trd, 4319871.443, 95
Trd, 4319871.493, 94
Trd, 4319872.793, 95
Trd, 4319872.993, 95
Trd, 4319873.893, 93
Trd, 4319875.743, 84
Trd, 4319879.143, 93
Trd, 4319880.243, 93
Trd, 4319880.743, 90
Trd, 4319882.893, 95
Trd, 4319886.043, 96
Trd, 4319887.043, 96
Trd, 4319887.943, 96
Trd, 4319888.293, 95
Trd, 4319889.193, 100
Trd, 4319890.043, 98
Trd, 4319891.143, 93
Trd, 4319892.043, 95
Trd, 4319893.693, 84
Trd, 4319895.393, 90
Trd, 4319899.143, 92
Trd, 4319901.343, 90
Trd, 4319903.743, 90
Trd, 4319908.593, 91
Trd, 4319909.743, 90
Trd, 4319914.793, 90
Trd, 4319915.093, 89
Trd, 4319915.143, 89
Trd, 4319917.793, 90
Trd, 4319919.693, 96
Trd, 4319920.043, 92
Trd, 4319921.843, 92
Trd, 4319921.893, 104
Trd, 4319925.093, 94
Trd, 4319927.693, 92
Trd, 4319929.993, 93
Trd, 4319930.193, 91
Trd, 4319931.593, 93
Trd, 4319932.343, 92
Trd, 4319932.743, 92
Trd, 4319933.793, 92
Trd, 4319936.643, 93
Trd, 4319937.293, 90
Trd, 4319937.943, 69
Trd, 4319942.043, 87
Trd, 4319942.193, 90
Trd, 4319943.143, 95
Trd, 4319944.393, 87
Trd, 4319944.443, 90
Trd, 4319945.443, 86
Trd, 4319949.843, 87
Trd, 4319954.343, 86
Trd, 4319955.493, 88
Trd, 4319958.543, 86
Trd, 4319959.743, 85
Trd, 4319961.093, 94
Trd, 4319965.943, 86
Trd, 4319969.493, 86
Trd, 4319971.393, 88
Trd, 4319971.843, 85
Trd, 4319973.193, 85
Trd, 4319974.143, 93
Trd, 4319976.293, 84
Trd, 4319977.893, 86
Trd, 4319978.843, 87
Trd, 4319980.993, 86
Trd, 4319981.993, 86
Trd, 4319982.293, 87
Trd, 4319987.493, 87
Trd, 4319989.143, 93
Trd, 4319989.643, 94
Trd, 4319989.943, 92
Trd, 4319991.293, 93
Trd, 4319992.243, 92
Trd, 4319992.493, 93
Trd, 4319992.743, 76
Trd, 4319996.443, 91
Trd, 4319996.593, 90
Trd, 4319999.893, 90
