Trd, 4317900.543, 96
Trd, 4317901.043, 95
Trd, 4317902.693, 100
Trd, 4317903.593, 100
Trd, 4317905.743, 99
Trd, 4317906.043, 100
Trd, 4317906.693, 104
Trd, 4317907.493, 98
Trd, 4317907.943, 94
Trd, 4317909.343, 119
Trd, 4317910.143, 130
Trd, 4317911.693, 113
Trd, 4317913.443, 111
Trd, 4317915.193, 111
Trd, 4317916.093, 111
Trd, 4317916.793, 110
Trd, 4317919.743, 109
Trd, 4317920.493, 107
Trd, 4317921.243, 108
Trd, 4317921.543, 107
Trd, 4317922.593, 108
Trd, 4317923.143, 104
Trd, 4317925.593, 103
Trd, 4317928.193, 108
Trd, 4317928.543, 105
Trd, 4317931.143, 104
Trd, 4317932.143, 104
Trd, 4317933.993, 108
Trd, 4317935.343, 107
Trd, 4317936.243, 104
Trd, 4317938.043, 106
Trd, 4317938.293, 103
Trd, 4317942.143, 106
Trd, 4317943.093, 105
Trd, 4317944.293, 106
Trd, 4317944.993, 102
Trd, 4317945.993, 106
Trd, 4317948.893, 105
Trd, 4317948.993, 104
Trd, 4317950.093, 102
Trd, 4317953.043, 105
Trd, 4317953.093, 103
Trd, 4317954.193, 99
Trd, 4317954.943, 103
Trd, 4317955.043, 99
Trd, 4317957.493, 101
Trd, 4317958.343, 93
Trd, 4317959.293, 103
Trd, 4317959.993, 102
Trd, 4317960.643, 102
Trd, 4317961.343, 78
Trd, 4317962.493, 95
Trd, 4317963.043, 102
Trd, 4317965.893, 102
Trd, 4317968.493, 99
Trd, 4317969.143, 101
Trd, 4317969.193, 99
Trd, 4317970.043, 100
Trd, 4317971.343, 94
Trd, 4317972.493, 104
Trd, 4317972.743, 96
Trd, 4317973.993, 101
Trd, 4317974.393, 90
Trd, 4317976.843, 93
Trd, 4317977.993, 100
Trd, 4317978.443, 104
Trd, 4317979.943, 94
Trd, 4317982.843, 96
Trd, 4317983.943, 98
Trd, 4317984.493, 94
Trd, 4317986.643, 94
Trd, 4317986.943, 97
Trd, 4317989.843, 94
Trd, 4317991.143, 94
Trd, 4317991.843, 94
Trd, 4317992.843, 93
Trd, 4317994.393, 96
Trd, 4317996.743, 95
Trd, 4317996.843, 92
Trd, 4317998.793, 95
Trd, 4317999.243, 92
Trd, 4318002.943, 95
Trd, 4318003.093, 91
Trd, 4318004.493, 104
Trd, 4318006.193, 96
Trd, 4318006.793, 91
Trd, 4318007.843, 95
Trd, 4318008.643, 95
Trd, 4318008.943, 91
Trd, 4318010.493, 90
Trd, 4318011.943, 104
Trd, 4318012.393, 99
Trd, 4318015.243, 102
Trd, 4318015.393, 97
Trd, 4318015.493, 93
Trd, 4318018.193, 94
Trd, 4318018.393, 97
Trd, 4318020.893, 97
Trd, 4318021.593, 96
Trd, 4318022.293, 97
Trd, 4318023.943, 97
Trd, 4318024.543, 96
Trd, 4318026.743, 94
Trd, 4318027.293, 97
Trd, 4318029.043, 96
Trd, 4318029.193, 104
Trd, 4318032.193, 99
Trd, 4318032.743, 96
Trd, 4318033.143, 93
Trd, 4318034.893, 97
Trd, 4318035.543, 99
Trd, 4318037.643, 96
Trd, 4318039.493, 99
Trd, 4318039.693, 104
Trd, 4318041.193, 98
Trd, 4318042.493, 100
Trd, 4318042.593, 100
Trd, 4318044.843, 104
Trd, 4318046.893, 103
Trd, 4318047.793, 102
Trd, 4318048.693, 104
Trd, 4318049.343, 101
Trd, 4318050.643, 99
Trd, 4318050.943, 103
Trd, 4318054.643, 103
Trd, 4318054.693, 100
Trd, 4318056.243, 103
Trd, 4318057.143, 99
Trd, 4318057.843, 103
Trd, 4318058.443, 99
Trd, 4318059.443, 96
Trd, 4318059.593, 103
Trd, 4318062.843, 103
Trd, 4318063.643, 104
Trd, 4318065.093, 104
Trd, 4318065.493, 99
Trd, 4318067.693, 100
Trd, 4318069.093, 100
Trd, 4318069.243, 104
Trd, 4318069.743, 86
Trd, 4318070.793, 104
Trd, 4318073.943, 102
Trd, 4318076.343, 98
Trd, 4318076.793, 97
Trd, 4318077.793, 101
Trd, 4318079.993, 101
Trd, 4318080.493, 101
Trd, 4318082.493, 95
Trd, 4318082.543, 94
Trd, 4318083.943, 95
Trd, 4318086.543, 101
Trd, 4318088.143, 98
Trd, 4318089.343, 101
Trd, 4318091.393, 99
Trd, 4318092.343, 97
Trd, 4318093.443, 101
Trd, 4318093.493, 101
Trd, 4318094.943, 96
Trd, 4318097.093, 96
Trd, 4318098.193, 99
Trd, 4318098.793, 94
Trd, 4318098.843, 99
Trd, 4318101.543, 99
Trd, 4318102.943, 99
Trd, 4318105.343, 99
Trd, 4318105.593, 96
Trd, 4318105.843, 100
Trd, 4318107.393, 96
Trd, 4318109.043, 95
Trd, 4318109.943, 104
Trd, 4318110.593, 93
Trd, 4318110.793, 100
Trd, 4318111.893, 79
Trd, 4318112.643, 100
Trd, 4318113.943, 101
Trd, 4318114.943, 94
Trd, 4318115.693, 95
Trd, 4318116.943, 101
Trd, 4318117.243, 104
Trd, 4318120.793, 100
Trd, 4318121.093, 96
Trd, 4318122.043, 101
Trd, 4318124.193, 101
Trd, 4318125.293, 96
Trd, 4318126.143, 101
Trd, 4318126.493, 104
Trd, 4318129.093, 96
Trd, 4318130.143, 95
Trd, 4318131.643, 104
Trd, 4318132.243, 107
Trd, 4318132.693, 106
Trd, 4318135.093, 102
Trd, 4318136.443, 99
Trd, 4318136.593, 102
Trd, 4318137.593, 102
Trd, 4318138.993, 103
Trd, 4318141.143, 104
Trd, 4318141.343, 105
Trd, 4318141.693, 100
Trd, 4318143.793, 100
Trd, 4318145.193, 100
Trd, 4318146.093, 101
Trd, 4318148.343, 101
Trd, 4318149.343, 100
Trd, 4318149.743, 101
Trd, 4318152.743, 100
Trd, 4318152.793, 100
Trd, 4318153.593, 99
Trd, 4318154.343, 100
Trd, 4318155.443, 98
Trd, 4318155.893, 94
Trd, 4318155.993, 101
Trd, 4318156.093, 104
Trd, 4318158.093, 92
Trd, 4318162.643, 98
Trd, 4318162.793, 96
Trd, 4318163.043, 98
Trd, 4318163.843, 98
Trd, 4318164.293, 94
Trd, 4318166.643, 81
Trd, 4318167.293, 80
Trd, 4318168.743, 97
Trd, 4318169.393, 96
Trd, 4318172.193, 96
Trd, 4318172.443, 97
Trd, 4318172.943, 92
Trd, 4318173.843, 104
Trd, 4318176.193, 95
Trd, 4318176.543, 100
Trd, 4318176.893, 104
Trd, 4318178.043, 95
Trd, 4318179.443, 97
Trd, 4318181.243, 97
Trd, 4318182.193, 99
Trd, 4318182.943, 94
Trd, 4318184.143, 99
Trd, 4318184.943, 96
Trd, 4318188.543, 96
Trd, 4318188.693, 97
Trd, 4318189.043, 96
Trd, 4318190.193, 104
Trd, 4318190.393, 95
Trd, 4318190.793, 94
Trd, 4318192.143, 98
Trd, 4318195.043, 95
Trd, 4318195.293, 97
Trd, 4318195.493, 93
Trd, 4318196.043, 97
Trd, 4318196.093, 93
Trd, 4318198.793, 94
Trd, 4318198.943, 97
Trd, 4318201.843, 94
Trd, 4318203.343, 96
Trd, 4318204.743, 96
Trd, 4318205.343, 94
Trd, 4318208.243, 96
Trd, 4318208.543, 94
Trd, 4318209.393, 96
Trd, 4318209.643, 94
Trd, 4318213.743, 96
Trd, 4318213.893, 96
Trd, 4318214.093, 93
Trd, 4318214.943, 96
Trd, 4318215.143, 93
Trd, 4318216.993, 95
Trd, 4318217.743, 94
Trd, 4318217.943, 92
Trd, 4318219.493, 91
Trd, 4318222.943, 94
Trd, 4318224.043, 95
Trd, 4318224.993, 94
Trd, 4318225.093, 95
Trd, 4318227.193, 92
Trd, 4318227.993, 96
Trd, 4318229.843, 95
Trd, 4318230.643, 91
Trd, 4318231.143, 90
Trd, 4318231.843, 96
Trd, 4318232.543, 96
Trd, 4318234.293, 95
Trd, 4318235.493, 96
Trd, 4318235.743, 86
Trd, 4318236.993, 97
Trd, 4318238.393, 96
Trd, 4318238.893, 93
Trd, 4318239.693, 97
Trd, 4318240.943, 86
Trd, 4318242.443, 78
Trd, 4318243.943, 91
Trd, 4318244.743, 97
Trd, 4318246.193, 97
Trd, 4318247.493, 97
Trd, 4318249.643, 105
Trd, 4318250.243, 103
Trd, 4318250.993, 103
Trd, 4318251.693, 102
Trd, 4318251.893, 101
Trd, 4318252.443, 94
Trd, 4318252.993, 103
Trd, 4318255.093, 99
Trd, 4318257.993, 99
Trd, 4318259.443, 103
Trd, 4318260.343, 102
Trd, 4318261.593, 94
Trd, 4318261.643, 106
Trd, 4318261.943, 125
Trd, 4318262.293, 88
Trd, 4318263.493, 77
Trd, 4318265.693, 102
Trd, 4318267.743, 100
Trd, 4318269.843, 100
Trd, 4318270.593, 100
Trd, 4318272.793, 99
Trd, 4318273.543, 94
Trd, 4318275.593, 100
Trd, 4318275.693, 97
Trd, 4318275.743, 100
Trd, 4318276.993, 97
Trd, 4318280.093, 100
Trd, 4318281.143, 100
Trd, 4318281.643, 99
Trd, 4318282.993, 100
Trd, 4318284.143, 105
Trd, 4318284.193, 104
Trd, 4318286.793, 101
Trd, 4318288.193, 100
Trd, 4318289.543, 103
Trd, 4318289.893, 97
Trd, 4318291.293, 86
Trd, 4318292.343, 101
Trd, 4318294.243, 99
Trd, 4318296.343, 98
Trd, 4318296.393, 97
Trd, 4318297.543, 96
Trd, 4318297.643, 98
Trd, 4318297.843, 93
Trd, 4318299.693, 95
Trd, 4318300.843, 104
Trd, 4318303.193, 99
Trd, 4318303.743, 99
Trd, 4318304.043, 99
Trd, 4318304.093, 96
Trd, 4318304.243, 94
Trd, 4318305.843, 100
Trd, 4318307.993, 93
Trd, 4318310.493, 99
Trd, 4318310.793, 93
Trd, 4318312.943, 99
Trd, 4318313.593, 100
Trd, 4318315.593, 96
Trd, 4318315.743, 101
Trd, 4318315.843, 95
Trd, 4318319.593, 100
Trd, 4318321.843, 99
Trd, 4318322.043, 98
Trd, 4318322.093, 100
Trd, 4318322.893, 100
Trd, 4318324.893, 97
Trd, 4318326.143, 86
Trd, 4318326.543, 100
Trd, 4318328.443, 100
Trd, 4318331.843, 99
Trd, 4318332.493, 94
Trd, 4318332.643, 99
Trd, 4318334.243, 95
Trd, 4318334.943, 104
Trd, 4318336.343, 100
Trd, 4318336.843, 101
Trd, 4318339.043, 93
Trd, 4318340.593, 101
Trd, 4318340.793, 94
Trd, 4318342.043, 87
Trd, 4318342.993, 101
Trd, 4318344.593, 86
Trd, 4318346.193, 93
Trd, 4318346.393, 93
Trd, 4318346.443, 89
Trd, 4318348.393, 95
Trd, 4318349.343, 90
Trd, 4318350.743, 89
Trd, 4318352.243, 92
Trd, 4318354.193, 92
Trd, 4318354.443, 95
Trd, 4318355.043, 89
Trd, 4318356.593, 92
Trd, 4318357.443, 104
Trd, 4318358.693, 104
Trd, 4318359.343, 97
Trd, 4318359.993, 97
Trd, 4318361.593, 94
Trd, 4318362.993, 98
Trd, 4318363.143, 95
Trd, 4318364.793, 96
Trd, 4318366.393, 98
Trd, 4318367.893, 95
Trd, 4318367.993, 97
Trd, 4318371.493, 94
Trd, 4318372.593, 94
Trd, 4318372.793, 97
Trd, 4318374.543, 96
Trd, 4318374.793, 93
Trd, 4318375.993, 96
Trd, 4318376.493, 96
Trd, 4318378.043, 96
Trd, 4318378.643, 96
Trd, 4318380.893, 94
Trd, 4318382.643, 96
Trd, 4318383.343, 95
Trd, 4318383.943, 96
Trd, 4318383.993, 97
Trd, 4318385.043, 104
Trd, 4318387.593, 95
Trd, 4318389.693, 99
Trd, 4318390.593, 99
Trd, 4318391.093, 95
Trd, 4318392.493, 99
Trd, 4318393.293, 95
Trd, 4318397.643, 94
Trd, 4318397.693, 97
Trd, 4318399.293, 97
Trd, 4318399.443, 94
Trd, 4318400.893, 94
Trd, 4318402.043, 97
Trd, 4318402.343, 104
Trd, 4318404.593, 93
Trd, 4318406.193, 98
Trd, 4318406.643, 94
Trd, 4318406.843, 98
Trd, 4318407.243, 98
Trd, 4318407.693, 95
Trd, 4318409.143, 104
Trd, 4318409.793, 100
Trd, 4318410.293, 93
Trd, 4318410.843, 104
Trd, 4318411.843, 97
Trd, 4318414.743, 101
Trd, 4318414.943, 101
Trd, 4318415.393, 101
Trd, 4318415.593, 98
Trd, 4318416.693, 101
Trd, 4318417.793, 96
Trd, 4318420.143, 101
Trd, 4318421.643, 101
Trd, 4318421.993, 101
Trd, 4318423.093, 100
Trd, 4318424.693, 96
Trd, 4318426.093, 96
Trd, 4318426.843, 94
Trd, 4318428.143, 100
Trd, 4318429.393, 100
Trd, 4318430.993, 96
Trd, 4318432.293, 95
Trd, 4318433.093, 100
Trd, 4318434.243, 100
Trd, 4318435.743, 94
Trd, 4318437.593, 100
Trd, 4318438.793, 100
Trd, 4318439.743, 97
Trd, 4318441.493, 101
Trd, 4318441.593, 101
Trd, 4318442.043, 98
Trd, 4318443.143, 97
Trd, 4318446.843, 100
Trd, 4318447.393, 99
Trd, 4318448.493, 97
Trd, 4318450.443, 96
Trd, 4318451.543, 99
Trd, 4318453.793, 97
Trd, 4318455.493, 99
Trd, 4318455.643, 96
Trd, 4318457.693, 95
Trd, 4318458.643, 94
Trd, 4318460.593, 98
Trd, 4318462.393, 98
Trd, 4318462.743, 99
Trd, 4318462.793, 105
Trd, 4318463.093, 98
Trd, 4318463.443, 94
Trd, 4318464.643, 102
Trd, 4318466.943, 97
Trd, 4318467.043, 94
Trd, 4318467.493, 102
Trd, 4318468.793, 101
Trd, 4318472.493, 100
Trd, 4318475.193, 98
Trd, 4318475.843, 100
Trd, 4318476.843, 100
Trd, 4318477.843, 106
Trd, 4318479.043, 103
Trd, 4318480.343, 103
Trd, 4318480.543, 102
Trd, 4318481.893, 103
Trd, 4318485.143, 103
Trd, 4318485.693, 103
Trd, 4318485.793, 101
Trd, 4318486.143, 100
Trd, 4318486.243, 94
Trd, 4318487.193, 103
Trd, 4318489.093, 98
Trd, 4318490.243, 94
Trd, 4318490.343, 98
Trd, 4318492.243, 98
Trd, 4318493.593, 94
Trd, 4318495.843, 97
Trd, 4318495.943, 95
Trd, 4318496.843, 95
Trd, 4318498.943, 97
Trd, 4318499.243, 96
Trd, 4318500.793, 95
Trd, 4318501.893, 97
Trd, 4318502.443, 94
Trd, 4318504.193, 104
Trd, 4318505.393, 93
Trd, 4318506.993, 98
Trd, 4318507.243, 91
Trd, 4318507.943, 99
Trd, 4318508.443, 91
Trd, 4318508.593, 97
Trd, 4318513.093, 96
Trd, 4318513.693, 97
Trd, 4318515.843, 98
Trd, 4318516.043, 95
Trd, 4318517.043, 94
Trd, 4318517.393, 93
Trd, 4318521.093, 97
Trd, 4318521.593, 97
Trd, 4318522.043, 97
Trd, 4318522.093, 95
Trd, 4318525.543, 97
Trd, 4318525.993, 94
Trd, 4318526.943, 94
Trd, 4318529.443, 104
Trd, 4318530.043, 98
Trd, 4318531.293, 93
Trd, 4318531.943, 97
Trd, 4318532.543, 92
Trd, 4318533.943, 92
Trd, 4318534.643, 91
Trd, 4318539.343, 95
Trd, 4318539.993, 95
Trd, 4318540.093, 93
Trd, 4318540.143, 97
Trd, 4318541.993, 91
Trd, 4318543.043, 96
Trd, 4318543.343, 91
Trd, 4318544.043, 95
Trd, 4318546.493, 91
Trd, 4318547.593, 95
Trd, 4318549.243, 93
Trd, 4318550.243, 95
Trd, 4318550.993, 95
Trd, 4318551.893, 96
Trd, 4318552.443, 94
Trd, 4318553.093, 92
Trd, 4318556.093, 95
Trd, 4318556.943, 94
Trd, 4318558.143, 96
Trd, 4318559.093, 104
Trd, 4318559.493, 139
Trd, 4318560.643, 127
Trd, 4318560.893, 109
Trd, 4318565.243, 108
Trd, 4318566.993, 100
Trd, 4318567.493, 92
Trd, 4318568.343, 91
Trd, 4318568.493, 86
Trd, 4318568.643, 100
Trd, 4318569.343, 104
Trd, 4318570.243, 69
Trd, 4318573.893, 95
Trd, 4318574.543, 88
Trd, 4318576.443, 92
Trd, 4318578.293, 95
Trd, 4318580.293, 95
Trd, 4318581.543, 95
Trd, 4318581.593, 93
Trd, 4318582.743, 94
Trd, 4318584.743, 95
Trd, 4318585.993, 95
Trd, 4318586.493, 95
Trd, 4318587.193, 93
Trd, 4318588.443, 105
Trd, 4318590.143, 111
Trd, 4318592.293, 113
Trd, 4318592.643, 111
Trd, 4318592.893, 101
Trd, 4318594.143, 103
Trd, 4318595.493, 94
Trd, 4318595.643, 103
Trd, 4318595.743, 86
Trd, 4318598.393, 103
Trd, 4318598.843, 103
Trd, 4318598.993, 94
Trd, 4318599.543, 124
Trd, 4318602.393, 103
Trd, 4318604.193, 101
Trd, 4318605.493, 103
Trd, 4318607.593, 105
Trd, 4318607.693, 105
Trd, 4318609.543, 101
Trd, 4318613.093, 104
Trd, 4318613.443, 104
Trd, 4318614.193, 104
Trd, 4318616.243, 104
Trd, 4318616.443, 105
Trd, 4318616.743, 103
Trd, 4318616.893, 101
Trd, 4318618.543, 103
Trd, 4318620.143, 103
Trd, 4318620.543, 102
Trd, 4318621.943, 103
Trd, 4318623.443, 103
Trd, 4318624.493, 101
Trd, 4318626.393, 94
Trd, 4318627.493, 101
Trd, 4318628.843, 98
Trd, 4318629.293, 100
Trd, 4318630.393, 97
Trd, 4318630.893, 100
Trd, 4318632.543, 94
Trd, 4318633.643, 100
Trd, 4318635.293, 99
Trd, 4318637.043, 100
Trd, 4318639.293, 98
Trd, 4318640.143, 101
Trd, 4318640.493, 97
Trd, 4318642.293, 101
Trd, 4318642.393, 97
Trd, 4318643.943, 101
Trd, 4318644.943, 98
Trd, 4318645.393, 100
Trd, 4318647.643, 101
Trd, 4318648.343, 96
Trd, 4318650.643, 99
Trd, 4318652.043, 98
Trd, 4318652.493, 101
Trd, 4318654.043, 100
Trd, 4318655.443, 97
Trd, 4318656.193, 99
Trd, 4318656.793, 99
Trd, 4318660.243, 99
Trd, 4318660.843, 98
Trd, 4318663.093, 99
Trd, 4318663.443, 99
Trd, 4318664.593, 98
Trd, 4318665.093, 94
Trd, 4318666.143, 94
Trd, 4318668.243, 98
Trd, 4318668.793, 83
Trd, 4318669.943, 98
Trd, 4318672.693, 97
Trd, 4318674.443, 91
Trd, 4318675.393, 93
Trd, 4318677.193, 94
Trd, 4318677.943, 95
Trd, 4318677.993, 97
Trd, 4318679.993, 94
Trd, 4318681.693, 97
Trd, 4318682.893, 94
Trd, 4318683.893, 97
Trd, 4318685.443, 97
Trd, 4318687.393, 103
Trd, 4318687.593, 99
Trd, 4318688.343, 98
Trd, 4318690.293, 100
Trd, 4318691.443, 101
Trd, 4318692.143, 101
Trd, 4318692.243, 104
Trd, 4318694.193, 102
Trd, 4318694.843, 102
Trd, 4318697.643, 103
Trd, 4318698.093, 101
Trd, 4318698.743, 103
Trd, 4318699.043, 104
Trd, 4318699.393, 125
Trd, 4318701.243, 138
Trd, 4318701.393, 100
Trd, 4318701.893, 107
Trd, 4318705.593, 101
Trd, 4318705.693, 97
Trd, 4318707.943, 100
Trd, 4318708.193, 100
Trd, 4318708.793, 105
Trd, 4318709.043, 98
Trd, 4318709.893, 103
Trd, 4318713.343, 100
Trd, 4318713.843, 100
Trd, 4318714.093, 101
Trd, 4318714.243, 94
Trd, 4318715.693, 101
Trd, 4318715.893, 98
Trd, 4318718.093, 60
Trd, 4318719.543, 82
Trd, 4318720.043, 104
Trd, 4318720.443, 102
Trd, 4318721.993, 100
Trd, 4318722.993, 102
Trd, 4318723.893, 101
Trd, 4318724.393, 105
Trd, 4318724.493, 100
Trd, 4318725.843, 99
Trd, 4318727.993, 96
Trd, 4318729.243, 99
Trd, 4318729.643, 94
Trd, 4318730.843, 103
Trd, 4318731.243, 103
Trd, 4318734.493, 103
Trd, 4318734.593, 102
Trd, 4318734.993, 103
Trd, 4318735.293, 101
Trd, 4318735.693, 105
Trd, 4318736.443, 104
Trd, 4318737.193, 93
Trd, 4318737.343, 86
Trd, 4318740.043, 97
Trd, 4318741.493, 98
Trd, 4318741.843, 99
Trd, 4318741.993, 97
Trd, 4318745.093, 98
Trd, 4318746.143, 97
Trd, 4318747.243, 78
Trd, 4318747.693, 99
Trd, 4318747.993, 100
Trd, 4318750.143, 98
Trd, 4318751.093, 93
Trd, 4318753.293, 96
Trd, 4318753.793, 96
Trd, 4318755.193, 94
Trd, 4318759.693, 95
Trd, 4318760.843, 96
Trd, 4318761.743, 94
Trd, 4318761.943, 96
Trd, 4318762.043, 104
Trd, 4318764.693, 122
Trd, 4318764.743, 108
Trd, 4318765.043, 99
Trd, 4318765.393, 102
Trd, 4318766.293, 104
Trd, 4318767.293, 77
Trd, 4318769.193, 98
Trd, 4318769.293, 100
Trd, 4318769.843, 105
Trd, 4318771.893, 96
Trd, 4318772.693, 97
Trd, 4318773.593, 96
Trd, 4318773.643, 93
Trd, 4318774.293, 99
Trd, 4318778.843, 98
Trd, 4318780.093, 98
Trd, 4318780.543, 97
Trd, 4318781.643, 98
Trd, 4318781.893, 94
Trd, 4318783.243, 98
Trd, 4318783.443, 95
Trd, 4318784.243, 96
Trd, 4318787.143, 94
Trd, 4318787.293, 96
Trd, 4318790.893, 95
Trd, 4318791.543, 94
Trd, 4318791.943, 95
Trd, 4318792.043, 93
Trd, 4318794.493, 92
Trd, 4318795.243, 91
Trd, 4318796.943, 95
Trd, 4318799.743, 95
Trd, 4318800.443, 95
Trd, 4318800.993, 94
Trd, 4318801.893, 95
Trd, 4318802.243, 94
Trd, 4318802.543, 95
Trd, 4318803.193, 104
Trd, 4318803.793, 124
Trd, 4318804.243, 93
Trd, 4318807.343, 92
Trd, 4318809.393, 94
Trd, 4318810.043, 93
Trd, 4318810.193, 91
Trd, 4318811.443, 94
Trd, 4318813.193, 94
Trd, 4318813.593, 94
Trd, 4318813.893, 92
Trd, 4318816.443, 95
Trd, 4318817.693, 104
Trd, 4318818.893, 97
Trd, 4318820.243, 97
Trd, 4318820.643, 96
Trd, 4318820.793, 105
Trd, 4318822.043, 101
Trd, 4318822.143, 94
Trd, 4318825.643, 93
Trd, 4318826.243, 94
Trd, 4318828.093, 94
Trd, 4318828.143, 99
Trd, 4318828.593, 99
Trd, 4318830.393, 104
Trd, 4318830.793, 100
Trd, 4318832.893, 100
Trd, 4318835.293, 100
Trd, 4318838.593, 99
Trd, 4318839.043, 100
Trd, 4318839.143, 94
Trd, 4318839.693, 96
Trd, 4318840.193, 86
Trd, 4318840.393, 96
Trd, 4318841.193, 77
Trd, 4318844.743, 128
Trd, 4318846.143, 126
Trd, 4318846.643, 122
Trd, 4318846.943, 110
Trd, 4318847.393, 86
Trd, 4318849.343, 104
Trd, 4318851.293, 96
Trd, 4318851.593, 111
Trd, 4318852.343, 99
Trd, 4318855.093, 105
Trd, 4318856.093, 103
Trd, 4318858.293, 105
Trd, 4318858.643, 105
Trd, 4318860.293, 104
Trd, 4318862.143, 106
Trd, 4318862.293, 106
Trd, 4318862.493, 106
Trd, 4318862.943, 105
Trd, 4318865.143, 97
Trd, 4318866.093, 103
Trd, 4318869.343, 102
Trd, 4318869.543, 106
Trd, 4318870.793, 105
Trd, 4318872.143, 107
Trd, 4318872.293, 101
Trd, 4318876.493, 106
Trd, 4318877.493, 102
Trd, 4318880.293, 105
Trd, 4318881.343, 101
Trd, 4318882.343, 105
Trd, 4318885.843, 105
Trd, 4318886.193, 105
Trd, 4318887.943, 104
Trd, 4318888.493, 102
Trd, 4318890.193, 104
Trd, 4318890.993, 105
Trd, 4318891.093, 101
Trd, 4318893.643, 105
Trd, 4318895.793, 105
Trd, 4318897.243, 104
Trd, 4318897.943, 105
Trd, 4318899.043, 94
Trd, 4318899.343, 105
Trd, 4318900.143, 104
Trd, 4318902.293, 102
Trd, 4318902.543, 104
Trd, 4318904.093, 102
Trd, 4318906.593, 104
Trd, 4318906.993, 103
Trd, 4318907.243, 101
Trd, 4318907.343, 124
Trd, 4318909.043, 100
Trd, 4318910.593, 103
Trd, 4318912.743, 99
Trd, 4318913.843, 101
Trd, 4318914.143, 102
Trd, 4318914.393, 102
Trd, 4318915.043, 98
Trd, 4318916.893, 94
Trd, 4318916.993, 101
Trd, 4318917.393, 102
Trd, 4318920.243, 102
Trd, 4318920.593, 97
Trd, 4318924.593, 100
Trd, 4318924.993, 101
Trd, 4318927.093, 100
Trd, 4318927.743, 101
Trd, 4318928.193, 94
Trd, 4318929.293, 101
Trd, 4318932.043, 96
Trd, 4318932.393, 100
Trd, 4318934.893, 100
Trd, 4318935.393, 99
Trd, 4318936.593, 98
Trd, 4318936.993, 100
Trd, 4318938.943, 94
Trd, 4318940.443, 98
Trd, 4318941.693, 96
Trd, 4318941.993, 97
Trd, 4318942.843, 96
Trd, 4318943.093, 97
Trd, 4318946.543, 95
Trd, 4318946.593, 94
Trd, 4318949.593, 97
Trd, 4318949.893, 104
Trd, 4318950.793, 99
Trd, 4318951.393, 99
Trd, 4318952.343, 99
Trd, 4318952.843, 99
Trd, 4318952.993, 98
Trd, 4318957.793, 99
Trd, 4318958.743, 99
Trd, 4318959.193, 104
Trd, 4318959.343, 98
Trd, 4318959.843, 95
Trd, 4318962.143, 102
Trd, 4318962.593, 97
Trd, 4318964.843, 101
Trd, 4318965.293, 87
Trd, 4318968.593, 101
Trd, 4318969.643, 104
Trd, 4318970.193, 103
Trd, 4318972.343, 100
Trd, 4318973.093, 101
Trd, 4318976.593, 100
Trd, 4318976.693, 99
Trd, 4318976.993, 97
Trd, 4318978.693, 105
Trd, 4318978.843, 98
Trd, 4318980.943, 86
Trd, 4318982.093, 100
Trd, 4318984.443, 95
Trd, 4318984.743, 100
Trd, 4318984.993, 95
Trd, 4318987.893, 94
Trd, 4318990.343, 99
Trd, 4318990.793, 94
Trd, 4318990.943, 99
Trd, 4318992.043, 93
Trd, 4318992.143, 92
Trd, 4318992.993, 99
Trd, 4318996.893, 97
Trd, 4318998.543, 94
Trd, 4318998.993, 98
Trd, 4318999.293, 94
Trd, 4319000.393, 104
Trd, 4319000.993, 103
Trd, 4319001.893, 102
Trd, 4319003.793, 101
Trd, 4319004.993, 104
Trd, 4319005.093, 101
Trd, 4319006.143, 87
Trd, 4319007.743, 87
Trd, 4319009.793, 103
Trd, 4319010.693, 103
Trd, 4319012.943, 103
Trd, 4319014.493, 111
Trd, 4319015.993, 106
Trd, 4319016.393, 106
Trd, 4319018.343, 104
Trd, 4319020.193, 105
Trd, 4319021.243, 106
Trd, 4319021.993, 107
Trd, 4319022.243, 104
Trd, 4319022.793, 106
Trd, 4319026.243, 105
Trd, 4319029.393, 105
Trd, 4319030.093, 106
Trd, 4319031.243, 105
Trd, 4319032.643, 105
Trd, 4319036.093, 104
Trd, 4319036.293, 102
Trd, 4319036.743, 104
Trd, 4319037.693, 88
Trd, 4319038.793, 100
Trd, 4319040.143, 95
Trd, 4319042.043, 98
Trd, 4319043.243, 98
Trd, 4319043.843, 94
Trd, 4319044.193, 103
Trd, 4319045.193, 97
Trd, 4319047.393, 97
Trd, 4319047.993, 97
Trd, 4319048.193, 96
Trd, 4319048.593, 136
Trd, 4319052.743, 106
Trd, 4319054.743, 103
Trd, 4319057.393, 105
Trd, 4319057.643, 104
Trd, 4319058.693, 105
Trd, 4319059.893, 102
Trd, 4319060.943, 104
Trd, 4319061.493, 103
Trd, 4319062.243, 104
Trd, 4319063.243, 101
Trd, 4319063.843, 94
Trd, 4319066.143, 104
Trd, 4319068.593, 104
Trd, 4319069.043, 99
Trd, 4319071.043, 103
Trd, 4319072.893, 100
Trd, 4319073.843, 94
Trd, 4319074.243, 86
Trd, 4319077.443, 104
Trd, 4319078.043, 104
Trd, 4319078.693, 103
Trd, 4319080.493, 104
Trd, 4319080.693, 104
Trd, 4319084.343, 103
Trd, 4319084.593, 104
Trd, 4319086.793, 103
Trd, 4319087.893, 103
Trd, 4319088.293, 104
Trd, 4319089.493, 104
Trd, 4319090.243, 101
Trd, 4319091.293, 104
Trd, 4319092.793, 96
Trd, 4319097.143, 100
Trd, 4319098.543, 104
Trd, 4319098.693, 104
Trd, 4319098.943, 103
Trd, 4319099.893, 109
Trd, 4319100.493, 107
Trd, 4319101.593, 128
Trd, 4319103.393, 107
Trd, 4319105.443, 110
Trd, 4319105.843, 107
Trd, 4319106.543, 108
Trd, 4319108.893, 104
Trd, 4319108.993, 109
Trd, 4319113.093, 106
Trd, 4319114.693, 107
Trd, 4319115.343, 105
Trd, 4319118.793, 107
Trd, 4319118.993, 107
Trd, 4319119.093, 107
Trd, 4319119.593, 121
Trd, 4319120.793, 105
Trd, 4319122.343, 104
Trd, 4319124.693, 104
Trd, 4319124.993, 103
Trd, 4319127.943, 107
Trd, 4319130.793, 105
Trd, 4319132.493, 104
Trd, 4319136.293, 103
Trd, 4319137.843, 105
Trd, 4319138.143, 107
Trd, 4319139.643, 107
Trd, 4319140.093, 105
Trd, 4319143.043, 104
Trd, 4319143.693, 103
Trd, 4319143.993, 101
Trd, 4319145.093, 104
Trd, 4319146.693, 104
Trd, 4319147.493, 104
Trd, 4319149.093, 95
Trd, 4319149.143, 103
Trd, 4319149.793, 103
Trd, 4319152.193, 101
Trd, 4319155.043, 102
Trd, 4319156.593, 103
Trd, 4319157.393, 102
Trd, 4319159.643, 103
Trd, 4319160.693, 100
Trd, 4319162.543, 100
Trd, 4319163.143, 100
Trd, 4319163.343, 99
Trd, 4319164.143, 100
Trd, 4319164.493, 86
Trd, 4319165.293, 78
Trd, 4319165.893, 100
Trd, 4319167.493, 100
Trd, 4319170.493, 100
Trd, 4319170.543, 94
Trd, 4319173.343, 90
Trd, 4319173.793, 100
Trd, 4319174.843, 95
Trd, 4319178.543, 99
Trd, 4319179.193, 100
Trd, 4319180.393, 100
Trd, 4319180.443, 100
Trd, 4319180.843, 99
Trd, 4319182.543, 97
Trd, 4319184.343, 100
Trd, 4319184.793, 100
Trd, 4319185.193, 101
Trd, 4319186.293, 95
Trd, 4319189.393, 98
Trd, 4319189.793, 95
Trd, 4319190.743, 95
Trd, 4319192.743, 86
Trd, 4319193.293, 98
Trd, 4319193.443, 99
Trd, 4319195.643, 92
Trd, 4319196.643, 100
Trd, 4319198.843, 94
Trd, 4319200.793, 98
Trd, 4319201.643, 98
Trd, 4319202.743, 98
Trd, 4319204.843, 96
Trd, 4319206.393, 97
Trd, 4319206.493, 98
Trd, 4319207.493, 96
Trd, 4319209.343, 95
Trd, 4319210.693, 98
Trd, 4319214.193, 95
Trd, 4319214.643, 95
Trd, 4319215.293, 98
Trd, 4319215.743, 98
Trd, 4319218.643, 97
Trd, 4319219.793, 95
Trd, 4319220.543, 94
Trd, 4319220.593, 97
Trd, 4319223.193, 93
Trd, 4319223.693, 97
Trd, 4319224.843, 97
Trd, 4319226.243, 94
Trd, 4319226.793, 97
Trd, 4319227.743, 93
Trd, 4319229.243, 96
Trd, 4319231.293, 93
Trd, 4319232.643, 93
Trd, 4319234.343, 96
Trd, 4319236.443, 96
Trd, 4319236.993, 104
Trd, 4319238.143, 96
Trd, 4319238.743, 94
Trd, 4319240.793, 99
Trd, 4319241.193, 96
Trd, 4319243.443, 98
Trd, 4319244.293, 96
Trd, 4319245.343, 101
Trd, 4319245.693, 100
Trd, 4319246.693, 94
Trd, 4319246.743, 104
Trd, 4319248.843, 102
Trd, 4319248.943, 116
Trd, 4319249.243, 105
Trd, 4319252.743, 104
Trd, 4319255.843, 107
Trd, 4319256.843, 103
Trd, 4319258.643, 103
Trd, 4319259.643, 104
Trd, 4319262.743, 105
Trd, 4319262.943, 106
Trd, 4319264.143, 104
Trd, 4319264.743, 105
Trd, 4319264.893, 102
Trd, 4319265.943, 105
Trd, 4319267.793, 100
Trd, 4319270.343, 95
Trd, 4319270.493, 102
Trd, 4319272.193, 101
Trd, 4319272.643, 100
Trd, 4319274.193, 101
Trd, 4319275.393, 103
Trd, 4319275.793, 99
Trd, 4319277.343, 102
Trd, 4319280.243, 102
Trd, 4319280.943, 101
Trd, 4319281.643, 99
Trd, 4319282.343, 86
Trd, 4319282.893, 92
Trd, 4319283.243, 101
Trd, 4319283.643, 90
Trd, 4319286.193, 99
Trd, 4319287.393, 96
Trd, 4319289.993, 100
Trd, 4319290.993, 96
Trd, 4319292.943, 103
Trd, 4319293.693, 101
Trd, 4319294.143, 123
Trd, 4319294.593, 111
Trd, 4319295.043, 104
Trd, 4319296.043, 107
Trd, 4319297.493, 107
Trd, 4319297.693, 104
Trd, 4319300.793, 104
Trd, 4319302.043, 104
Trd, 4319303.243, 103
Trd, 4319304.643, 103
Trd, 4319305.443, 101
Trd, 4319307.043, 103
Trd, 4319309.043, 101
Trd, 4319310.143, 103
Trd, 4319312.443, 102
Trd, 4319312.543, 103
Trd, 4319314.293, 104
Trd, 4319314.443, 102
Trd, 4319315.293, 103
Trd, 4319317.343, 101
Trd, 4319317.743, 102
Trd, 4319317.843, 95
Trd, 4319318.843, 94
Trd, 4319319.393, 104
Trd, 4319321.393, 102
Trd, 4319324.643, 98
Trd, 4319325.393, 101
Trd, 4319326.943, 101
Trd, 4319327.393, 101
Trd, 4319328.593, 100
Trd, 4319330.143, 101
Trd, 4319330.443, 102
Trd, 4319330.743, 99
Trd, 4319334.043, 98
Trd, 4319334.143, 101
Trd, 4319334.593, 95
Trd, 4319334.993, 94
Trd, 4319336.543, 97
Trd, 4319338.743, 96
Trd, 4319338.893, 96
Trd, 4319339.193, 86
Trd, 4319339.593, 77
Trd, 4319340.443, 96
Trd, 4319341.943, 93
Trd, 4319343.643, 104
Trd, 4319345.343, 100
Trd, 4319345.993, 119
Trd, 4319347.243, 103
Trd, 4319348.243, 110
Trd, 4319348.893, 104
Trd, 4319349.193, 104
Trd, 4319351.243, 103
Trd, 4319351.793, 86
Trd, 4319352.793, 102
Trd, 4319355.093, 93
Trd, 4319355.143, 100
Trd, 4319356.593, 100
Trd, 4319357.093, 92
Trd, 4319360.643, 100
Trd, 4319361.093, 106
Trd, 4319362.093, 96
Trd, 4319363.793, 97
Trd, 4319366.093, 97
Trd, 4319366.243, 98
Trd, 4319368.393, 101
Trd, 4319368.543, 101
Trd, 4319370.493, 101
Trd, 4319370.743, 103
Trd, 4319373.493, 99
Trd, 4319375.193, 100
Trd, 4319375.243, 101
Trd, 4319375.793, 101
Trd, 4319380.893, 99
Trd, 4319381.043, 101
Trd, 4319382.593, 101
Trd, 4319382.793, 98
Trd, 4319384.693, 96
Trd, 4319384.843, 100
Trd, 4319386.493, 99
Trd, 4319387.143, 94
Trd, 4319388.943, 99
Trd, 4319389.393, 97
Trd, 4319389.993, 99
Trd, 4319391.093, 95
Trd, 4319393.093, 95
Trd, 4319393.343, 96
Trd, 4319395.093, 94
Trd, 4319395.243, 97
Trd, 4319397.193, 97
Trd, 4319397.593, 93
Trd, 4319398.043, 94
Trd, 4319399.393, 95
Trd, 4319402.493, 97
Trd, 4319402.693, 98
Trd, 4319403.093, 95
Trd, 4319404.793, 98
Trd, 4319404.843, 94
Trd, 4319405.543, 96
Trd, 4319407.993, 103
Trd, 4319409.093, 104
Trd, 4319409.443, 101
Trd, 4319410.743, 102
Trd, 4319410.793, 93
Trd, 4319412.543, 102
Trd, 4319412.743, 80
Trd, 4319414.743, 99
Trd, 4319417.043, 98
Trd, 4319417.393, 101
Trd, 4319418.143, 97
Trd, 4319420.843, 98
Trd, 4319421.943, 97
Trd, 4319422.143, 96
Trd, 4319422.693, 105
Trd, 4319423.693, 94
Trd, 4319425.493, 104
Trd, 4319425.743, 86
Trd, 4319428.143, 105
Trd, 4319428.893, 102
Trd, 4319429.393, 107
Trd, 4319429.493, 106
Trd, 4319431.243, 104
Trd, 4319431.693, 97
Trd, 4319432.493, 104
Trd, 4319433.193, 105
Trd, 4319437.093, 103
Trd, 4319438.193, 97
Trd, 4319439.443, 104
Trd, 4319439.843, 104
Trd, 4319440.293, 86
Trd, 4319441.293, 92
Trd, 4319441.793, 104
Trd, 4319444.943, 104
Trd, 4319446.193, 100
Trd, 4319446.443, 104
Trd, 4319447.493, 99
Trd, 4319451.393, 98
Trd, 4319452.443, 100
Trd, 4319453.243, 97
Trd, 4319453.693, 104
Trd, 4319454.593, 96
Trd, 4319455.393, 100
Trd, 4319456.893, 96
Trd, 4319458.693, 98
Trd, 4319458.743, 94
Trd, 4319459.093, 99
Trd, 4319461.543, 96
Trd, 4319461.993, 97
Trd, 4319462.493, 98
Trd, 4319464.643, 95
Trd, 4319465.843, 96
Trd, 4319466.143, 98
Trd, 4319466.693, 94
Trd, 4319467.643, 96
Trd, 4319471.243, 97
Trd, 4319471.393, 96
Trd, 4319473.493, 96
Trd, 4319473.743, 94
Trd, 4319474.293, 104
Trd, 4319474.493, 93
Trd, 4319477.243, 96
Trd, 4319477.343, 96
Trd, 4319478.943, 96
Trd, 4319479.293, 96
Trd, 4319480.293, 92
Trd, 4319481.193, 101
Trd, 4319482.043, 97
Trd, 4319482.543, 104
Trd, 4319484.443, 96
Trd, 4319485.593, 99
Trd, 4319486.043, 96
Trd, 4319486.493, 97
Trd, 4319487.343, 104
Trd, 4319488.193, 101
Trd, 4319489.393, 96
Trd, 4319491.843, 101
Trd, 4319493.793, 101
Trd, 4319494.193, 98
Trd, 4319494.493, 97
Trd, 4319496.243, 96
Trd, 4319496.643, 94
Trd, 4319497.493, 102
Trd, 4319499.543, 102
Trd, 4319502.943, 102
Trd, 4319503.343, 98
Trd, 4319505.543, 102
Trd, 4319505.843, 102
Trd, 4319506.643, 104
Trd, 4319507.893, 98
Trd, 4319508.643, 102
Trd, 4319508.693, 97
Trd, 4319511.043, 97
Trd, 4319512.343, 101
Trd, 4319512.493, 96
Trd, 4319514.693, 101
Trd, 4319517.243, 101
Trd, 4319517.843, 96
Trd, 4319518.243, 101
Trd, 4319520.143, 95
Trd, 4319521.393, 95
Trd, 4319521.993, 95
Trd, 4319523.043, 99
Trd, 4319523.743, 94
Trd, 4319527.293, 100
Trd, 4319527.443, 94
Trd, 4319528.143, 99
Trd, 4319529.493, 99
Trd, 4319531.493, 96
Trd, 4319532.193, 94
Trd, 4319533.093, 99
Trd, 4319535.643, 99
Trd, 4319537.293, 97
Trd, 4319537.643, 99
Trd, 4319540.443, 100
Trd, 4319540.643, 97
Trd, 4319542.393, 97
Trd, 4319543.293, 95
Trd, 4319545.793, 99
Trd, 4319547.043, 95
Trd, 4319547.093, 99
Trd, 4319547.493, 94
Trd, 4319550.243, 99
Trd, 4319551.643, 99
Trd, 4319552.393, 97
Trd, 4319552.993, 99
Trd, 4319554.793, 97
Trd, 4319555.343, 95
Trd, 4319558.043, 99
Trd, 4319560.543, 100
Trd, 4319562.043, 94
Trd, 4319562.243, 99
Trd, 4319562.693, 95
Trd, 4319564.993, 99
Trd, 4319565.643, 93
Trd, 4319566.593, 93
Trd, 4319570.093, 100
Trd, 4319570.943, 95
Trd, 4319571.343, 94
Trd, 4319572.793, 97
Trd, 4319573.843, 92
Trd, 4319574.743, 97
Trd, 4319575.393, 92
Trd, 4319578.143, 95
Trd, 4319578.593, 93
Trd, 4319579.093, 95
Trd, 4319583.343, 95
Trd, 4319583.593, 93
Trd, 4319583.643, 95
Trd, 4319584.443, 95
Trd, 4319585.143, 95
Trd, 4319585.793, 93
Trd, 4319586.743, 92
Trd, 4319591.493, 95
Trd, 4319591.593, 95
Trd, 4319592.693, 96
Trd, 4319592.793, 95
Trd, 4319593.393, 92
Trd, 4319595.093, 104
Trd, 4319595.743, 103
Trd, 4319597.943, 99
Trd, 4319599.793, 99
Trd, 4319601.693, 99
Trd, 4319601.893, 128
Trd, 4319602.043, 99
Trd, 4319602.793, 104
Trd, 4319605.643, 108
Trd, 4319607.043, 104
Trd, 4319607.243, 103
Trd, 4319608.743, 104
Trd, 4319613.243, 105
Trd, 4319613.593, 104
Trd, 4319613.693, 102
Trd, 4319614.593, 105
Trd, 4319614.693, 101
Trd, 4319617.693, 104
Trd, 4319618.043, 103
Trd, 4319619.643, 101
Trd, 4319621.443, 104
Trd, 4319623.193, 104
Trd, 4319624.643, 102
Trd, 4319625.493, 77
Trd, 4319626.293, 104
Trd, 4319627.843, 104
Trd, 4319628.893, 101
Trd, 4319629.293, 100
Trd, 4319629.493, 94
Trd, 4319631.843, 104
Trd, 4319634.393, 104
Trd, 4319635.093, 104
Trd, 4319638.143, 102
Trd, 4319638.693, 103
Trd, 4319640.043, 104
Trd, 4319640.393, 104
Trd, 4319640.693, 104
Trd, 4319642.143, 101
Trd, 4319642.243, 104
Trd, 4319643.793, 101
Trd, 4319645.643, 104
Trd, 4319646.843, 100
Trd, 4319647.693, 104
Trd, 4319648.693, 100
Trd, 4319649.593, 96
Trd, 4319649.943, 104
Trd, 4319651.543, 99
Trd, 4319654.443, 99
Trd, 4319657.043, 97
Trd, 4319657.443, 99
Trd, 4319657.743, 99
Trd, 4319658.343, 99
Trd, 4319658.943, 98
Trd, 4319660.393, 86
Trd, 4319660.443, 99
Trd, 4319661.793, 105
Trd, 4319663.443, 94
Trd, 4319666.793, 98
Trd, 4319668.593, 97
Trd, 4319668.843, 94
Trd, 4319669.243, 95
Trd, 4319671.293, 97
Trd, 4319671.343, 105
Trd, 4319673.943, 97
Trd, 4319674.893, 97
Trd, 4319675.743, 94
Trd, 4319676.793, 98
Trd, 4319678.793, 97
Trd, 4319682.143, 97
Trd, 4319682.543, 98
Trd, 4319682.993, 95
Trd, 4319683.493, 98
Trd, 4319684.343, 97
Trd, 4319684.943, 106
Trd, 4319687.093, 103
Trd, 4319688.093, 95
Trd, 4319689.443, 101
Trd, 4319691.293, 99
Trd, 4319692.393, 96
Trd, 4319693.393, 96
Trd, 4319693.943, 101
Trd, 4319695.243, 101
Trd, 4319695.443, 101
Trd, 4319697.143, 96
Trd, 4319697.843, 106
Trd, 4319698.043, 102
Trd, 4319700.343, 99
Trd, 4319701.043, 96
Trd, 4319704.843, 98
Trd, 4319704.893, 101
Trd, 4319705.743, 101
Trd, 4319706.643, 98
Trd, 4319710.143, 94
Trd, 4319711.893, 101
Trd, 4319713.693, 101
Trd, 4319713.843, 95
Trd, 4319713.943, 94
Trd, 4319714.293, 102
Trd, 4319715.843, 93
Trd, 4319717.043, 93
Trd, 4319718.343, 102
Trd, 4319719.093, 104
Trd, 4319721.643, 95
Trd, 4319721.993, 101
Trd, 4319722.443, 94
Trd, 4319725.893, 101
Trd, 4319726.293, 101
Trd, 4319727.243, 100
Trd, 4319730.593, 101
Trd, 4319730.793, 100
Trd, 4319731.193, 98
Trd, 4319731.393, 97
Trd, 4319731.593, 78
Trd, 4319733.893, 100
Trd, 4319734.293, 104
Trd, 4319736.093, 103
Trd, 4319736.493, 95
Trd, 4319737.743, 100
Trd, 4319738.093, 101
Trd, 4319739.343, 96
Trd, 4319741.643, 96
Trd, 4319741.993, 97
Trd, 4319743.893, 95
Trd, 4319744.493, 95
Trd, 4319744.843, 96
Trd, 4319748.443, 97
Trd, 4319749.343, 95
Trd, 4319750.043, 96
Trd, 4319752.343, 94
Trd, 4319752.393, 97
Trd, 4319752.443, 97
Trd, 4319753.243, 86
Trd, 4319754.743, 104
Trd, 4319755.793, 98
Trd, 4319756.393, 95
Trd, 4319758.143, 95
Trd, 4319758.593, 100
Trd, 4319760.193, 99
Trd, 4319763.743, 99
Trd, 4319764.343, 94
Trd, 4319765.193, 99
Trd, 4319765.993, 96
Trd, 4319767.543, 96
Trd, 4319769.643, 99
Trd, 4319769.993, 96
Trd, 4319771.243, 99
Trd, 4319772.393, 99
Trd, 4319772.993, 98
Trd, 4319774.993, 98
Trd, 4319776.093, 96
Trd, 4319776.193, 94
Trd, 4319776.693, 94
Trd, 4319776.943, 99
Trd, 4319778.693, 98
Trd, 4319780.243, 95
Trd, 4319781.993, 95
Trd, 4319782.093, 98
Trd, 4319783.043, 97
Trd, 4319783.343, 97
Trd, 4319785.293, 93
Trd, 4319785.343, 105
Trd, 4319785.593, 95
Trd, 4319786.243, 100
Trd, 4319787.443, 92
Trd, 4319787.743, 101
Trd, 4319789.093, 74
Trd, 4319790.343, 95
Trd, 4319792.993, 95
Trd, 4319794.593, 97
Trd, 4319795.743, 96
Trd, 4319796.493, 94
Trd, 4319796.793, 92
Trd, 4319797.393, 96
Trd, 4319798.193, 96
Trd, 4319799.693, 96
Trd, 4319799.793, 96
Trd, 4319800.643, 94
Trd, 4319802.593, 97
Trd, 4319804.243, 105
Trd, 4319804.993, 86
Trd, 4319805.693, 99
Trd, 4319806.693, 94
Trd, 4319806.943, 99
Trd, 4319808.293, 94
Trd, 4319809.493, 104
Trd, 4319812.043, 95
Trd, 4319814.443, 98
Trd, 4319815.243, 94
Trd, 4319815.693, 101
Trd, 4319817.393, 100
Trd, 4319818.643, 98
Trd, 4319819.693, 99
Trd, 4319820.443, 99
Trd, 4319821.243, 99
Trd, 4319821.643, 96
Trd, 4319822.043, 103
Trd, 4319824.593, 96
Trd, 4319825.293, 86
Trd, 4319826.393, 96
Trd, 4319827.143, 100
Trd, 4319827.893, 95
Trd, 4319828.793, 96
Trd, 4319830.243, 96
Trd, 4319832.343, 94
Trd, 4319833.193, 95
Trd, 4319834.193, 96
Trd, 4319836.343, 106
Trd, 4319836.793, 103
Trd, 4319837.443, 102
Trd, 4319838.393, 103
Trd, 4319838.543, 101
Trd, 4319839.093, 101
Trd, 4319839.493, 103
Trd, 4319840.693, 105
Trd, 4319843.343, 103
Trd, 4319845.643, 101
Trd, 4319846.493, 77
Trd, 4319847.943, 87
Trd, 4319848.393, 94
Trd, 4319848.643, 97
Trd, 4319848.743, 94
Trd, 4319849.943, 95
Trd, 4319851.893, 95
Trd, 4319854.593, 94
Trd, 4319855.443, 95
Trd, 4319856.293, 93
Trd, 4319857.843, 96
Trd, 4319858.393, 95
Trd, 4319860.943, 104
Trd, 4319861.493, 100
Trd, 4319862.893, 95
Trd, 4319863.743, 99
Trd, 4319866.543, 94
Trd, 4319866.943, 99
Trd, 4319867.793, 93
Trd, 4319869.043, 99
Trd, 4319870.893, 94
Trd, 4319872.793, 99
Trd, 4319873.343, 94
Trd, 4319874.843, 98
Trd, 4319876.643, 102
Trd, 4319877.793, 99
Trd, 4319878.793, 105
Trd, 4319878.943, 99
Trd, 4319880.643, 100
Trd, 4319880.793, 101
Trd, 4319882.043, 104
Trd, 4319882.543, 101
Trd, 4319883.643, 86
Trd, 4319885.093, 103
Trd, 4319885.493, 100
Trd, 4319885.843, 98
Trd, 4319889.193, 101
Trd, 4319892.343, 101
Trd, 4319892.843, 101
Trd, 4319893.143, 99
Trd, 4319893.943, 101
Trd, 4319894.843, 98
Trd, 4319895.593, 104
Trd, 4319896.093, 104
Trd, 4319898.093, 104
Trd, 4319898.693, 104
Trd, 4319899.443, 102
Trd, 4319901.643, 103
Trd, 4319902.293, 97
Trd, 4319902.393, 104
Trd, 4319906.793, 120
Trd, 4319906.843, 119
Trd, 4319907.993, 103
Trd, 4319908.293, 111
Trd, 4319908.743, 131
Trd, 4319910.443, 106
Trd, 4319910.993, 106
Trd, 4319911.993, 102
Trd, 4319913.393, 106
Trd, 4319914.143, 96
Trd, 4319914.793, 106
Trd, 4319916.543, 104
Trd, 4319917.643, 102
Trd, 4319917.693, 100
Trd, 4319920.293, 99
Trd, 4319920.543, 102
Trd, 4319921.143, 102
Trd, 4319921.293, 94
Trd, 4319923.593, 99
Trd, 4319923.893, 102
Trd, 4319926.293, 99
Trd, 4319926.593, 102
Trd, 4319928.443, 102
Trd, 4319928.893, 98
Trd, 4319931.993, 100
Trd, 4319932.093, 99
Trd, 4319932.393, 100
Trd, 4319933.543, 104
Trd, 4319934.643, 100
Trd, 4319936.543, 100
Trd, 4319938.093, 94
Trd, 4319938.643, 100
Trd, 4319939.393, 99
Trd, 4319939.543, 101
Trd, 4319941.393, 98
Trd, 4319943.793, 95
Trd, 4319944.093, 99
Trd, 4319945.543, 97
Trd, 4319945.793, 98
Trd, 4319947.293, 93
Trd, 4319950.493, 98
Trd, 4319950.793, 98
Trd, 4319951.843, 98
Trd, 4319953.043, 98
Trd, 4319953.143, 98
Trd, 4319954.343, 97
Trd, 4319954.693, 105
Trd, 4319955.593, 94
Trd, 4319955.843, 104
Trd, 4319958.093, 100
Trd, 4319959.843, 93
Trd, 4319960.543, 95
Trd, 4319960.593, 98
Trd, 4319961.643, 98
Trd, 4319961.843, 97
Trd, 4319964.543, 96
Trd, 4319964.943, 97
Trd, 4319965.243, 93
Trd, 4319966.593, 95
Trd, 4319968.893, 97
Trd, 4319971.043, 92
Trd, 4319971.743, 105
Trd, 4319971.893, 103
Trd, 4319972.193, 102
Trd, 4319973.093, 94
Trd, 4319976.843, 101
Trd, 4319978.643, 105
Trd, 4319978.693, 104
Trd, 4319979.343, 105
Trd, 4319979.593, 93
Trd, 4319979.643, 127
Trd, 4319983.493, 103
Trd, 4319984.093, 111
Trd, 4319984.793, 93
Trd, 4319986.743, 104
Trd, 4319987.043, 104
Trd, 4319987.643, 103
Trd, 4319989.843, 99
Trd, 4319990.543, 100
Trd, 4319992.643, 97
Trd, 4319993.993, 104
Trd, 4319994.593, 104
Trd, 4319997.493, 102
Trd, 4319997.843, 100
Trd, 4319998.493, 102
Trd, 4319998.843, 102
Trd, 4319999.093, 94
