Trd, 4317886.493, 100
Trd, 4317888.193, 96
Trd, 4317889.443, 97
Trd, 4317890.743, 96
Trd, 4317894.493, 96
Trd, 4317895.543, 98
Trd, 4317896.343, 98
Trd, 4317897.943, 98
Trd, 4317898.593, 97
Trd, 4317898.893, 98
Trd, 4317899.493, 97
Trd, 4317900.193, 96
Trd, 4317902.093, 98
Trd, 4317903.243, 105
Trd, 4317904.643, 100
Trd, 4317905.643, 101
Trd, 4317906.343, 107
Trd, 4317906.893, 101
Trd, 4317908.993, 104
Trd, 4317909.543, 105
Trd, 4317910.943, 113
Trd, 4317911.743, 112
Trd, 4317912.843, 105
Trd, 4317913.843, 108
Trd, 4317915.043, 97
Trd, 4317916.143, 109
Trd, 4317918.443, 109
Trd, 4317919.793, 108
Trd, 4317920.243, 95
Trd, 4317922.043, 108
Trd, 4317924.143, 106
Trd, 4317926.993, 106
Trd, 4317929.093, 105
Trd, 4317930.043, 106
Trd, 4317930.743, 104
Trd, 4317931.493, 104
Trd, 4317932.593, 103
Trd, 4317934.393, 102
Trd, 4317935.043, 106
Trd, 4317936.843, 105
Trd, 4317937.143, 106
Trd, 4317939.343, 100
Trd, 4317940.893, 101
Trd, 4317941.443, 101
Trd, 4317941.693, 100
Trd, 4317941.743, 95
Trd, 4317943.243, 99
Trd, 4317944.093, 101
Trd, 4317946.743, 97
Trd, 4317947.493, 101
Trd, 4317948.143, 101
Trd, 4317948.843, 101
Trd, 4317950.493, 103
Trd, 4317952.093, 113
Trd, 4317952.143, 101
Trd, 4317953.793, 103
Trd, 4317954.993, 106
Trd, 4317957.443, 105
Trd, 4317957.893, 103
Trd, 4317957.993, 101
Trd, 4317959.893, 104
Trd, 4317961.493, 104
Trd, 4317963.993, 101
Trd, 4317965.243, 102
Trd, 4317965.543, 102
Trd, 4317966.243, 103
Trd, 4317969.293, 103
Trd, 4317969.993, 103
Trd, 4317970.843, 102
Trd, 4317975.043, 102
Trd, 4317975.493, 103
Trd, 4317976.493, 95
Trd, 4317976.843, 86
Trd, 4317976.993, 101
Trd, 4317977.443, 95
Trd, 4317978.743, 113
Trd, 4317980.843, 114
Trd, 4317982.293, 104
Trd, 4317982.443, 111
Trd, 4317983.893, 95
Trd, 4317985.693, 96
Trd, 4317986.243, 101
Trd, 4317987.393, 104
Trd, 4317987.793, 103
Trd, 4317990.693, 104
Trd, 4317991.443, 103
Trd, 4317991.543, 95
Trd, 4317992.893, 108
Trd, 4317994.893, 99
Trd, 4317995.493, 85
Trd, 4317999.543, 92
Trd, 4318000.643, 91
Trd, 4318000.793, 92
Trd, 4318001.693, 95
Trd, 4318003.443, 95
Trd, 4318004.643, 94
Trd, 4318004.793, 108
Trd, 4318008.093, 98
Trd, 4318008.293, 91
Trd, 4318009.993, 98
Trd, 4318010.293, 99
Trd, 4318010.893, 98
Trd, 4318012.543, 104
Trd, 4318013.193, 99
Trd, 4318013.843, 113
Trd, 4318015.243, 102
Trd, 4318015.593, 99
Trd, 4318018.043, 100
Trd, 4318020.293, 100
Trd, 4318022.143, 102
Trd, 4318022.793, 101
Trd, 4318024.043, 102
Trd, 4318025.993, 101
Trd, 4318026.943, 102
Trd, 4318028.743, 102
Trd, 4318029.043, 104
Trd, 4318029.293, 104
Trd, 4318029.593, 104
Trd, 4318029.843, 103
Trd, 4318032.843, 91
Trd, 4318033.743, 100
Trd, 4318034.743, 102
Trd, 4318035.993, 102
Trd, 4318037.693, 103
Trd, 4318038.093, 104
Trd, 4318039.493, 103
Trd, 4318041.143, 103
Trd, 4318041.543, 104
Trd, 4318042.293, 102
Trd, 4318043.493, 104
Trd, 4318044.143, 99
Trd, 4318045.243, 102
Trd, 4318045.993, 101
Trd, 4318046.793, 104
Trd, 4318049.493, 104
Trd, 4318050.093, 105
Trd, 4318052.443, 103
Trd, 4318052.493, 95
Trd, 4318053.293, 104
Trd, 4318055.243, 99
Trd, 4318055.343, 98
Trd, 4318057.593, 100
Trd, 4318057.993, 100
Trd, 4318060.193, 97
Trd, 4318061.193, 96
Trd, 4318064.493, 96
Trd, 4318064.693, 95
Trd, 4318067.143, 99
Trd, 4318067.643, 100
Trd, 4318070.243, 99
Trd, 4318071.393, 99
Trd, 4318071.743, 101
Trd, 4318072.043, 98
Trd, 4318074.043, 101
Trd, 4318075.193, 95
Trd, 4318076.743, 96
Trd, 4318079.543, 97
Trd, 4318079.993, 96
Trd, 4318082.293, 97
Trd, 4318082.543, 96
Trd, 4318085.493, 95
Trd, 4318085.593, 95
Trd, 4318086.343, 105
Trd, 4318086.493, 95
Trd, 4318091.193, 97
Trd, 4318091.593, 94
Trd, 4318093.393, 94
Trd, 4318093.543, 97
Trd, 4318094.693, 86
Trd, 4318095.243, 97
Trd, 4318097.843, 88
Trd, 4318101.893, 93
Trd, 4318102.093, 92
Trd, 4318102.843, 94
Trd, 4318104.193, 93
Trd, 4318104.643, 93
Trd, 4318106.143, 94
Trd, 4318106.743, 92
Trd, 4318107.943, 96
Trd, 4318108.093, 95
Trd, 4318111.093, 95
Trd, 4318111.593, 95
Trd, 4318112.693, 96
Trd, 4318114.493, 97
Trd, 4318116.093, 102
Trd, 4318116.743, 105
Trd, 4318118.593, 105
Trd, 4318119.843, 104
Trd, 4318120.693, 106
Trd, 4318121.843, 104
Trd, 4318122.943, 102
Trd, 4318124.343, 103
Trd, 4318124.843, 104
Trd, 4318127.893, 105
Trd, 4318128.093, 104
Trd, 4318130.943, 106
Trd, 4318131.143, 106
Trd, 4318133.093, 87
Trd, 4318133.493, 87
Trd, 4318135.843, 91
Trd, 4318135.993, 92
Trd, 4318137.693, 97
Trd, 4318139.143, 93
Trd, 4318141.543, 93
Trd, 4318142.943, 93
Trd, 4318143.793, 93
Trd, 4318144.743, 99
Trd, 4318145.493, 95
Trd, 4318147.143, 96
Trd, 4318148.093, 101
Trd, 4318150.193, 101
Trd, 4318151.443, 106
Trd, 4318152.943, 86
Trd, 4318154.693, 94
Trd, 4318156.593, 95
Trd, 4318157.493, 97
Trd, 4318159.593, 94
Trd, 4318160.493, 97
Trd, 4318160.693, 95
Trd, 4318163.443, 98
Trd, 4318164.743, 106
Trd, 4318165.543, 99
Trd, 4318165.793, 95
Trd, 4318166.493, 87
Trd, 4318168.093, 93
Trd, 4318169.793, 99
Trd, 4318170.393, 99
Trd, 4318170.943, 98
Trd, 4318172.293, 97
Trd, 4318174.243, 97
Trd, 4318176.043, 101
Trd, 4318176.293, 111
Trd, 4318177.193, 100
Trd, 4318178.193, 99
Trd, 4318179.943, 96
Trd, 4318181.393, 102
Trd, 4318182.893, 101
Trd, 4318182.943, 101
Trd, 4318183.243, 95
Trd, 4318184.843, 88
Trd, 4318185.743, 111
Trd, 4318186.943, 98
Trd, 4318189.093, 100
Trd, 4318189.243, 86
Trd, 4318190.143, 91
Trd, 4318191.443, 100
Trd, 4318193.843, 96
Trd, 4318194.993, 98
Trd, 4318197.043, 99
Trd, 4318197.993, 100
Trd, 4318198.043, 99
Trd, 4318199.293, 104
Trd, 4318200.793, 98
Trd, 4318202.643, 100
Trd, 4318204.143, 101
Trd, 4318204.193, 99
Trd, 4318206.643, 100
Trd, 4318206.993, 99
Trd, 4318208.743, 98
Trd, 4318208.943, 101
Trd, 4318211.043, 101
Trd, 4318212.043, 98
Trd, 4318213.593, 101
Trd, 4318213.643, 99
Trd, 4318214.243, 98
Trd, 4318214.893, 98
Trd, 4318218.543, 102
Trd, 4318219.243, 100
Trd, 4318220.093, 96
Trd, 4318221.143, 98
Trd, 4318221.943, 98
Trd, 4318223.493, 97
Trd, 4318225.543, 98
Trd, 4318227.593, 96
Trd, 4318228.293, 97
Trd, 4318229.093, 97
Trd, 4318229.293, 97
Trd, 4318229.343, 104
Trd, 4318232.493, 99
Trd, 4318233.143, 97
Trd, 4318234.593, 101
Trd, 4318234.943, 100
Trd, 4318236.143, 101
Trd, 4318237.043, 104
Trd, 4318237.393, 99
Trd, 4318241.443, 99
Trd, 4318243.693, 98
Trd, 4318245.193, 102
Trd, 4318245.543, 97
Trd, 4318247.793, 97
Trd, 4318250.893, 100
Trd, 4318250.943, 100
Trd, 4318251.793, 99
Trd, 4318251.843, 98
Trd, 4318253.593, 104
Trd, 4318255.043, 97
Trd, 4318256.943, 100
Trd, 4318257.143, 95
Trd, 4318258.543, 97
Trd, 4318259.743, 95
Trd, 4318260.393, 97
Trd, 4318261.193, 94
Trd, 4318261.843, 96
Trd, 4318262.793, 96
Trd, 4318264.243, 97
Trd, 4318265.593, 99
Trd, 4318266.793, 104
Trd, 4318267.143, 99
Trd, 4318269.193, 99
Trd, 4318270.493, 99
Trd, 4318271.793, 100
Trd, 4318272.193, 100
Trd, 4318272.293, 100
Trd, 4318273.693, 100
Trd, 4318273.893, 98
Trd, 4318274.393, 100
Trd, 4318277.493, 100
Trd, 4318280.643, 112
Trd, 4318280.843, 110
Trd, 4318281.243, 108
Trd, 4318282.293, 107
Trd, 4318283.293, 97
Trd, 4318287.393, 111
Trd, 4318287.843, 110
Trd, 4318289.243, 108
Trd, 4318289.893, 107
Trd, 4318294.243, 96
Trd, 4318294.593, 101
Trd, 4318294.993, 103
Trd, 4318295.993, 97
Trd, 4318296.393, 102
Trd, 4318298.843, 96
Trd, 4318298.993, 102
Trd, 4318302.243, 91
Trd, 4318305.293, 95
Trd, 4318305.943, 97
Trd, 4318306.243, 97
Trd, 4318307.943, 96
Trd, 4318308.543, 94
Trd, 4318311.693, 95
Trd, 4318312.043, 95
Trd, 4318312.843, 112
Trd, 4318313.043, 109
Trd, 4318314.543, 104
Trd, 4318315.443, 104
Trd, 4318317.043, 104
Trd, 4318317.493, 106
Trd, 4318318.243, 109
Trd, 4318319.843, 106
Trd, 4318321.643, 106
Trd, 4318322.093, 97
Trd, 4318324.493, 104
Trd, 4318325.043, 102
Trd, 4318327.643, 104
Trd, 4318328.143, 105
Trd, 4318329.143, 104
Trd, 4318329.693, 103
Trd, 4318329.943, 103
Trd, 4318330.843, 113
Trd, 4318331.543, 108
Trd, 4318333.643, 87
Trd, 4318335.193, 88
Trd, 4318337.893, 97
Trd, 4318339.243, 96
Trd, 4318339.293, 95
Trd, 4318339.393, 96
Trd, 4318340.843, 96
Trd, 4318343.893, 90
Trd, 4318346.543, 97
Trd, 4318346.893, 96
Trd, 4318348.193, 86
Trd, 4318349.093, 90
Trd, 4318350.943, 87
Trd, 4318351.493, 88
Trd, 4318352.493, 92
Trd, 4318352.693, 104
Trd, 4318354.343, 94
Trd, 4318355.293, 104
Trd, 4318357.243, 96
Trd, 4318358.393, 97
Trd, 4318358.843, 95
Trd, 4318358.993, 97
Trd, 4318361.693, 95
Trd, 4318362.393, 95
Trd, 4318364.043, 97
Trd, 4318364.443, 97
Trd, 4318365.393, 97
Trd, 4318367.143, 96
Trd, 4318367.343, 95
Trd, 4318367.693, 96
Trd, 4318370.243, 87
Trd, 4318372.243, 88
Trd, 4318372.643, 89
Trd, 4318373.643, 96
Trd, 4318375.393, 105
Trd, 4318376.293, 93
Trd, 4318376.443, 94
Trd, 4318378.243, 97
Trd, 4318379.843, 103
Trd, 4318380.193, 98
Trd, 4318381.093, 86
Trd, 4318382.243, 96
Trd, 4318383.793, 97
Trd, 4318384.843, 101
Trd, 4318388.093, 97
Trd, 4318389.293, 97
Trd, 4318390.393, 96
Trd, 4318391.693, 98
Trd, 4318391.793, 104
Trd, 4318391.943, 97
Trd, 4318396.543, 100
Trd, 4318397.793, 100
Trd, 4318398.343, 100
Trd, 4318398.843, 96
Trd, 4318398.893, 95
Trd, 4318401.593, 105
Trd, 4318401.743, 104
Trd, 4318402.843, 104
Trd, 4318403.493, 103
Trd, 4318405.093, 103
Trd, 4318405.493, 103
Trd, 4318405.843, 104
Trd, 4318407.993, 99
Trd, 4318411.193, 97
Trd, 4318412.043, 96
Trd, 4318412.093, 95
Trd, 4318412.543, 96
Trd, 4318414.143, 95
Trd, 4318414.393, 104
Trd, 4318415.043, 97
Trd, 4318417.093, 99
Trd, 4318417.393, 98
Trd, 4318419.643, 100
Trd, 4318420.843, 113
Trd, 4318421.543, 112
Trd, 4318421.793, 106
Trd, 4318422.993, 113
Trd, 4318424.043, 104
Trd, 4318426.393, 111
Trd, 4318427.693, 109
Trd, 4318429.443, 108
Trd, 4318430.293, 107
Trd, 4318431.743, 107
Trd, 4318432.543, 106
Trd, 4318433.593, 106
Trd, 4318434.743, 106
Trd, 4318435.393, 106
Trd, 4318435.543, 104
Trd, 4318435.893, 95
Trd, 4318437.493, 106
Trd, 4318439.193, 100
Trd, 4318441.393, 103
Trd, 4318442.743, 101
Trd, 4318442.843, 100
Trd, 4318443.093, 105
Trd, 4318446.743, 102
Trd, 4318447.143, 100
Trd, 4318448.743, 103
Trd, 4318450.343, 103
Trd, 4318451.793, 103
Trd, 4318452.893, 102
Trd, 4318455.093, 101
Trd, 4318455.843, 100
Trd, 4318456.443, 95
Trd, 4318459.393, 99
Trd, 4318460.143, 100
Trd, 4318460.543, 100
Trd, 4318461.093, 99
Trd, 4318461.493, 113
Trd, 4318463.743, 113
Trd, 4318464.443, 111
Trd, 4318466.293, 110
Trd, 4318467.293, 109
Trd, 4318469.393, 108
Trd, 4318470.593, 113
Trd, 4318471.293, 105
Trd, 4318474.343, 108
Trd, 4318474.643, 109
Trd, 4318475.243, 106
Trd, 4318477.293, 109
Trd, 4318477.443, 105
Trd, 4318477.543, 105
Trd, 4318482.093, 107
Trd, 4318485.343, 106
Trd, 4318486.293, 106
Trd, 4318488.143, 105
Trd, 4318489.843, 109
Trd, 4318490.643, 108
Trd, 4318491.643, 105
Trd, 4318492.643, 104
Trd, 4318494.993, 95
Trd, 4318495.143, 91
Trd, 4318495.593, 100
Trd, 4318497.893, 98
Trd, 4318497.943, 95
Trd, 4318498.593, 95
Trd, 4318499.843, 113
Trd, 4318500.943, 100
Trd, 4318502.793, 102
Trd, 4318504.193, 100
Trd, 4318504.693, 96
Trd, 4318507.093, 99
Trd, 4318510.393, 99
Trd, 4318511.093, 99
Trd, 4318512.543, 99
Trd, 4318512.993, 98
Trd, 4318513.993, 97
Trd, 4318514.893, 99
Trd, 4318515.993, 99
Trd, 4318516.893, 99
Trd, 4318518.693, 99
Trd, 4318520.693, 99
Trd, 4318520.793, 99
Trd, 4318520.893, 104
Trd, 4318521.343, 98
Trd, 4318521.443, 95
Trd, 4318522.893, 96
Trd, 4318525.143, 103
Trd, 4318525.243, 102
Trd, 4318525.893, 101
Trd, 4318526.493, 113
Trd, 4318529.593, 112
Trd, 4318529.793, 109
Trd, 4318530.693, 107
Trd, 4318532.193, 107
Trd, 4318532.643, 107
Trd, 4318533.193, 111
Trd, 4318534.393, 85
Trd, 4318535.293, 86
Trd, 4318537.793, 94
Trd, 4318538.693, 93
Trd, 4318540.393, 97
Trd, 4318540.843, 96
Trd, 4318540.943, 95
Trd, 4318544.243, 90
Trd, 4318544.843, 94
Trd, 4318547.793, 94
Trd, 4318548.043, 91
Trd, 4318548.193, 94
Trd, 4318549.443, 97
Trd, 4318552.343, 95
Trd, 4318552.443, 93
Trd, 4318553.643, 95
Trd, 4318555.043, 96
Trd, 4318556.293, 98
Trd, 4318559.293, 95
Trd, 4318559.393, 96
Trd, 4318559.843, 96
Trd, 4318559.893, 96
Trd, 4318561.493, 104
Trd, 4318563.443, 95
Trd, 4318565.393, 98
Trd, 4318565.943, 96
Trd, 4318568.093, 96
Trd, 4318568.143, 105
Trd, 4318569.193, 95
Trd, 4318570.693, 97
Trd, 4318571.893, 99
Trd, 4318573.143, 96
Trd, 4318573.793, 97
Trd, 4318576.493, 96
Trd, 4318577.493, 97
Trd, 4318577.793, 97
Trd, 4318577.843, 106
Trd, 4318577.943, 95
Trd, 4318581.543, 99
Trd, 4318581.643, 99
Trd, 4318582.043, 96
Trd, 4318583.943, 106
Trd, 4318584.443, 95
Trd, 4318584.593, 95
Trd, 4318586.593, 87
Trd, 4318588.493, 94
Trd, 4318590.593, 97
Trd, 4318591.943, 97
Trd, 4318591.993, 95
Trd, 4318594.743, 97
Trd, 4318596.043, 99
Trd, 4318596.193, 98
Trd, 4318596.593, 97
Trd, 4318596.943, 107
Trd, 4318598.943, 100
Trd, 4318599.243, 99
Trd, 4318600.393, 111
Trd, 4318603.093, 102
Trd, 4318603.893, 103
Trd, 4318605.443, 98
Trd, 4318607.493, 103
Trd, 4318607.743, 102
Trd, 4318611.093, 102
Trd, 4318612.093, 100
Trd, 4318613.593, 103
Trd, 4318615.693, 97
Trd, 4318617.693, 100
Trd, 4318618.493, 99
Trd, 4318619.343, 95
Trd, 4318621.793, 103
Trd, 4318623.343, 101
Trd, 4318624.593, 100
Trd, 4318626.293, 101
Trd, 4318626.543, 101
Trd, 4318626.693, 100
Trd, 4318628.443, 99
Trd, 4318630.443, 101
Trd, 4318630.543, 99
Trd, 4318631.343, 96
Trd, 4318636.643, 98
Trd, 4318637.293, 97
Trd, 4318638.043, 98
Trd, 4318638.843, 99
Trd, 4318641.943, 102
Trd, 4318642.143, 99
Trd, 4318643.693, 113
Trd, 4318644.093, 104
Trd, 4318644.143, 100
Trd, 4318646.093, 103
Trd, 4318646.743, 102
Trd, 4318649.043, 102
Trd, 4318651.493, 100
Trd, 4318652.843, 105
Trd, 4318653.893, 95
Trd, 4318654.693, 113
Trd, 4318654.843, 95
Trd, 4318656.993, 100
Trd, 4318657.093, 100
Trd, 4318660.393, 100
Trd, 4318660.593, 99
Trd, 4318663.643, 97
Trd, 4318666.193, 96
Trd, 4318667.393, 96
Trd, 4318667.993, 94
Trd, 4318668.243, 95
Trd, 4318669.143, 95
Trd, 4318671.743, 95
Trd, 4318672.143, 95
Trd, 4318674.043, 95
Trd, 4318674.343, 95
Trd, 4318674.743, 104
Trd, 4318675.243, 94
Trd, 4318675.943, 113
Trd, 4318677.243, 71
Trd, 4318679.993, 94
Trd, 4318680.043, 93
Trd, 4318681.093, 93
Trd, 4318682.043, 99
Trd, 4318682.443, 96
Trd, 4318685.243, 96
Trd, 4318685.393, 95
Trd, 4318688.643, 95
Trd, 4318689.443, 96
Trd, 4318691.093, 94
Trd, 4318691.243, 96
Trd, 4318693.493, 96
Trd, 4318694.043, 96
Trd, 4318695.543, 95
Trd, 4318696.493, 95
Trd, 4318697.793, 96
Trd, 4318698.343, 95
Trd, 4318699.493, 95
Trd, 4318702.043, 96
Trd, 4318703.893, 96
Trd, 4318705.243, 95
Trd, 4318706.793, 104
Trd, 4318706.993, 95
Trd, 4318709.943, 97
Trd, 4318710.543, 98
Trd, 4318712.443, 103
Trd, 4318712.793, 103
Trd, 4318713.593, 99
Trd, 4318714.093, 104
Trd, 4318716.443, 88
Trd, 4318716.643, 90
Trd, 4318718.393, 88
Trd, 4318720.093, 94
Trd, 4318721.993, 92
Trd, 4318722.493, 92
Trd, 4318724.293, 92
Trd, 4318726.343, 96
Trd, 4318726.943, 100
Trd, 4318727.143, 96
Trd, 4318728.893, 96
Trd, 4318729.843, 95
Trd, 4318733.193, 97
Trd, 4318733.593, 96
Trd, 4318734.443, 97
Trd, 4318735.793, 95
Trd, 4318737.443, 97
Trd, 4318737.893, 95
Trd, 4318738.943, 95
Trd, 4318740.093, 105
Trd, 4318743.693, 99
Trd, 4318744.543, 103
Trd, 4318744.643, 103
Trd, 4318745.443, 103
Trd, 4318746.943, 102
Trd, 4318749.393, 103
Trd, 4318750.143, 103
Trd, 4318750.643, 102
Trd, 4318752.293, 101
Trd, 4318754.693, 101
Trd, 4318756.193, 101
Trd, 4318757.393, 100
Trd, 4318758.593, 98
Trd, 4318759.593, 86
Trd, 4318759.993, 85
Trd, 4318761.293, 90
Trd, 4318762.293, 91
Trd, 4318765.643, 99
Trd, 4318765.743, 98
Trd, 4318766.793, 97
Trd, 4318768.043, 104
Trd, 4318768.493, 97
Trd, 4318768.693, 96
Trd, 4318771.993, 98
Trd, 4318774.743, 100
Trd, 4318775.243, 99
Trd, 4318775.993, 99
Trd, 4318777.493, 99
Trd, 4318778.093, 98
Trd, 4318778.143, 105
Trd, 4318780.793, 99
Trd, 4318782.393, 98
Trd, 4318784.493, 100
Trd, 4318785.743, 98
Trd, 4318786.143, 98
Trd, 4318789.393, 100
Trd, 4318789.443, 98
Trd, 4318792.093, 99
Trd, 4318792.743, 100
Trd, 4318793.243, 98
Trd, 4318793.743, 98
Trd, 4318794.793, 105
Trd, 4318794.993, 98
Trd, 4318795.743, 85
Trd, 4318798.443, 95
Trd, 4318799.743, 98
Trd, 4318800.043, 97
Trd, 4318800.693, 96
Trd, 4318801.193, 97
Trd, 4318804.493, 96
Trd, 4318806.043, 95
Trd, 4318806.593, 97
Trd, 4318807.243, 96
Trd, 4318809.343, 96
Trd, 4318810.543, 97
Trd, 4318813.443, 97
Trd, 4318813.593, 94
Trd, 4318815.893, 95
Trd, 4318816.093, 95
Trd, 4318816.343, 95
Trd, 4318816.893, 105
Trd, 4318817.643, 94
Trd, 4318819.843, 103
Trd, 4318822.093, 92
Trd, 4318822.193, 95
Trd, 4318823.443, 96
Trd, 4318825.343, 96
Trd, 4318825.743, 95
Trd, 4318827.343, 94
Trd, 4318829.443, 94
Trd, 4318829.793, 106
Trd, 4318830.843, 97
Trd, 4318832.493, 96
Trd, 4318834.943, 96
Trd, 4318835.393, 97
Trd, 4318838.393, 95
Trd, 4318840.193, 95
Trd, 4318840.293, 96
Trd, 4318842.293, 96
Trd, 4318842.643, 96
Trd, 4318843.293, 104
Trd, 4318845.093, 96
Trd, 4318846.043, 95
Trd, 4318848.043, 94
Trd, 4318849.243, 98
Trd, 4318850.043, 98
Trd, 4318853.493, 98
Trd, 4318853.893, 98
Trd, 4318855.743, 98
Trd, 4318855.843, 95
Trd, 4318857.943, 90
Trd, 4318858.893, 95
Trd, 4318859.243, 94
Trd, 4318859.943, 95
Trd, 4318861.443, 97
Trd, 4318861.843, 87
Trd, 4318862.393, 96
Trd, 4318864.893, 105
Trd, 4318865.043, 99
Trd, 4318866.493, 98
Trd, 4318869.793, 108
Trd, 4318869.843, 97
Trd, 4318871.493, 99
Trd, 4318871.743, 101
Trd, 4318873.543, 113
Trd, 4318873.593, 104
Trd, 4318875.993, 108
Trd, 4318876.293, 104
Trd, 4318877.743, 104
Trd, 4318878.143, 95
Trd, 4318882.193, 100
Trd, 4318882.993, 98
Trd, 4318883.243, 95
Trd, 4318883.943, 103
Trd, 4318885.543, 99
Trd, 4318888.193, 104
Trd, 4318888.493, 101
Trd, 4318889.893, 101
Trd, 4318889.943, 101
Trd, 4318891.393, 103
Trd, 4318892.093, 105
Trd, 4318892.543, 101
Trd, 4318895.093, 102
Trd, 4318897.193, 103
Trd, 4318898.443, 106
Trd, 4318898.893, 104
Trd, 4318900.793, 104
Trd, 4318900.943, 104
Trd, 4318901.193, 104
Trd, 4318903.543, 104
Trd, 4318904.593, 102
Trd, 4318904.843, 95
Trd, 4318905.043, 103
Trd, 4318906.593, 93
Trd, 4318907.093, 95
Trd, 4318909.393, 97
Trd, 4318910.143, 94
Trd, 4318910.893, 94
Trd, 4318913.543, 88
Trd, 4318915.143, 94
Trd, 4318915.943, 95
Trd, 4318916.243, 95
Trd, 4318916.793, 94
Trd, 4318919.593, 87
Trd, 4318921.793, 104
Trd, 4318922.843, 93
Trd, 4318923.393, 96
Trd, 4318923.443, 94
Trd, 4318925.293, 94
Trd, 4318926.093, 100
Trd, 4318926.343, 99
Trd, 4318927.293, 101
Trd, 4318929.043, 104
Trd, 4318929.843, 99
Trd, 4318933.393, 100
Trd, 4318934.193, 99
Trd, 4318934.893, 113
Trd, 4318935.443, 102
Trd, 4318935.543, 109
Trd, 4318936.143, 105
Trd, 4318937.493, 104
Trd, 4318939.643, 96
Trd, 4318940.743, 102
Trd, 4318942.093, 103
Trd, 4318943.443, 103
Trd, 4318945.193, 104
Trd, 4318945.543, 105
Trd, 4318946.743, 104
Trd, 4318947.893, 104
Trd, 4318948.193, 101
Trd, 4318949.893, 101
Trd, 4318953.043, 89
Trd, 4318954.043, 92
Trd, 4318954.293, 93
Trd, 4318954.993, 86
Trd, 4318955.943, 94
Trd, 4318959.543, 105
Trd, 4318959.843, 96
Trd, 4318960.893, 96
Trd, 4318961.843, 96
Trd, 4318962.943, 95
Trd, 4318963.443, 106
Trd, 4318965.493, 98
Trd, 4318967.193, 98
Trd, 4318967.343, 95
Trd, 4318968.743, 98
Trd, 4318968.993, 98
Trd, 4318969.193, 97
Trd, 4318971.743, 97
Trd, 4318972.293, 97
Trd, 4318973.043, 96
Trd, 4318973.543, 97
Trd, 4318978.743, 96
Trd, 4318979.393, 96
Trd, 4318980.143, 96
Trd, 4318983.093, 95
Trd, 4318983.943, 95
Trd, 4318984.543, 95
Trd, 4318985.893, 94
Trd, 4318986.343, 96
Trd, 4318986.693, 93
Trd, 4318991.343, 95
Trd, 4318992.143, 94
Trd, 4318992.943, 95
Trd, 4318994.293, 98
Trd, 4318995.443, 97
Trd, 4318996.093, 97
Trd, 4318996.443, 95
Trd, 4318998.093, 102
Trd, 4318998.493, 93
Trd, 4318999.593, 112
Trd, 4318999.993, 104
Trd, 4319001.193, 103
Trd, 4319001.443, 102
Trd, 4319003.543, 101
Trd, 4319007.143, 103
Trd, 4319007.743, 101
Trd, 4319008.843, 102
Trd, 4319009.143, 89
Trd, 4319011.143, 99
Trd, 4319011.993, 98
Trd, 4319013.893, 97
Trd, 4319015.793, 101
Trd, 4319017.293, 97
Trd, 4319018.343, 99
Trd, 4319019.193, 101
Trd, 4319019.443, 100
Trd, 4319020.793, 101
Trd, 4319020.943, 100
Trd, 4319021.293, 104
Trd, 4319023.543, 88
Trd, 4319024.343, 102
Trd, 4319025.543, 102
Trd, 4319027.143, 104
Trd, 4319027.693, 95
Trd, 4319030.043, 103
Trd, 4319030.343, 102
Trd, 4319031.193, 103
Trd, 4319033.193, 102
Trd, 4319033.393, 101
Trd, 4319034.943, 103
Trd, 4319035.593, 104
Trd, 4319035.893, 101
Trd, 4319038.443, 98
Trd, 4319041.693, 102
Trd, 4319042.043, 103
Trd, 4319042.443, 100
Trd, 4319043.393, 103
Trd, 4319044.493, 101
Trd, 4319047.293, 101
Trd, 4319047.993, 102
Trd, 4319048.293, 100
Trd, 4319050.043, 99
Trd, 4319052.643, 99
Trd, 4319053.693, 100
Trd, 4319053.993, 99
Trd, 4319054.893, 97
Trd, 4319055.993, 98
Trd, 4319057.493, 99
Trd, 4319059.693, 99
Trd, 4319060.193, 99
Trd, 4319060.593, 98
Trd, 4319061.443, 104
Trd, 4319063.043, 99
Trd, 4319064.693, 104
Trd, 4319065.243, 102
Trd, 4319066.393, 102
Trd, 4319069.243, 104
Trd, 4319069.843, 101
Trd, 4319069.993, 89
Trd, 4319070.943, 90
Trd, 4319073.343, 95
Trd, 4319075.593, 93
Trd, 4319076.943, 95
Trd, 4319078.043, 95
Trd, 4319078.443, 95
Trd, 4319079.793, 95
Trd, 4319080.243, 94
Trd, 4319082.243, 95
Trd, 4319082.543, 105
Trd, 4319084.543, 99
Trd, 4319086.943, 114
Trd, 4319087.393, 111
Trd, 4319088.243, 110
Trd, 4319088.693, 104
Trd, 4319089.343, 95
Trd, 4319091.293, 87
Trd, 4319091.943, 96
Trd, 4319092.343, 96
Trd, 4319094.193, 96
Trd, 4319095.093, 95
Trd, 4319095.343, 109
Trd, 4319097.543, 101
Trd, 4319098.493, 100
Trd, 4319098.643, 100
Trd, 4319099.443, 89
Trd, 4319101.593, 97
Trd, 4319102.743, 98
Trd, 4319103.293, 97
Trd, 4319103.693, 98
Trd, 4319104.043, 107
Trd, 4319104.643, 88
Trd, 4319107.093, 101
Trd, 4319108.043, 100
Trd, 4319108.943, 100
Trd, 4319109.493, 99
Trd, 4319110.093, 105
Trd, 4319110.143, 99
Trd, 4319111.493, 96
Trd, 4319114.443, 98
Trd, 4319115.143, 96
Trd, 4319117.593, 106
Trd, 4319120.393, 97
Trd, 4319121.443, 96
Trd, 4319123.393, 99
Trd, 4319125.943, 95
Trd, 4319126.093, 99
Trd, 4319126.143, 95
Trd, 4319127.943, 96
Trd, 4319128.593, 95
Trd, 4319130.693, 96
Trd, 4319132.393, 95
Trd, 4319132.693, 96
Trd, 4319135.843, 95
Trd, 4319135.993, 96
Trd, 4319139.693, 95
Trd, 4319141.193, 96
Trd, 4319141.643, 96
Trd, 4319142.893, 96
Trd, 4319142.943, 95
Trd, 4319143.743, 95
Trd, 4319144.293, 106
Trd, 4319145.393, 113
Trd, 4319146.943, 101
Trd, 4319148.943, 101
Trd, 4319149.793, 104
Trd, 4319151.993, 104
Trd, 4319152.643, 105
Trd, 4319153.393, 104
Trd, 4319157.643, 103
Trd, 4319157.843, 104
Trd, 4319158.393, 103
Trd, 4319158.693, 101
Trd, 4319159.393, 102
Trd, 4319160.493, 96
Trd, 4319160.993, 95
Trd, 4319164.393, 99
Trd, 4319164.743, 99
Trd, 4319167.093, 99
Trd, 4319167.893, 100
Trd, 4319168.593, 100
Trd, 4319170.143, 100
Trd, 4319173.243, 98
Trd, 4319173.893, 100
Trd, 4319174.843, 99
Trd, 4319175.643, 101
Trd, 4319176.793, 101
Trd, 4319176.893, 100
Trd, 4319179.243, 99
Trd, 4319180.593, 98
Trd, 4319181.493, 100
Trd, 4319182.043, 97
Trd, 4319184.193, 88
Trd, 4319185.143, 87
Trd, 4319186.643, 95
Trd, 4319186.893, 95
Trd, 4319187.593, 94
Trd, 4319188.593, 104
Trd, 4319190.843, 96
Trd, 4319191.193, 95
Trd, 4319192.143, 86
Trd, 4319193.693, 94
Trd, 4319195.343, 96
Trd, 4319196.493, 95
Trd, 4319197.093, 94
Trd, 4319197.943, 87
Trd, 4319200.393, 94
Trd, 4319200.643, 92
Trd, 4319201.043, 97
Trd, 4319203.193, 94
Trd, 4319204.593, 92
Trd, 4319206.443, 95
Trd, 4319207.343, 98
Trd, 4319207.793, 97
Trd, 4319207.943, 97
Trd, 4319209.293, 113
Trd, 4319211.643, 101
Trd, 4319212.493, 100
Trd, 4319213.543, 102
Trd, 4319215.343, 105
Trd, 4319216.343, 103
Trd, 4319216.443, 102
Trd, 4319217.043, 87
Trd, 4319217.643, 113
Trd, 4319218.693, 86
Trd, 4319220.693, 98
Trd, 4319220.743, 97
Trd, 4319223.243, 97
Trd, 4319224.443, 100
Trd, 4319225.593, 98
Trd, 4319226.343, 103
Trd, 4319226.843, 101
Trd, 4319226.993, 96
Trd, 4319231.193, 99
Trd, 4319231.493, 106
Trd, 4319233.493, 88
Trd, 4319234.493, 114
Trd, 4319234.593, 113
Trd, 4319235.243, 112
Trd, 4319236.893, 105
Trd, 4319239.043, 96
Trd, 4319240.093, 97
Trd, 4319240.743, 101
Trd, 4319242.343, 101
Trd, 4319243.243, 112
Trd, 4319243.793, 113
Trd, 4319244.143, 108
Trd, 4319246.543, 104
Trd, 4319246.843, 108
Trd, 4319250.143, 105
Trd, 4319252.043, 105
Trd, 4319254.493, 107
Trd, 4319255.893, 106
Trd, 4319257.443, 107
Trd, 4319259.843, 107
Trd, 4319260.043, 106
Trd, 4319261.893, 104
Trd, 4319262.793, 103
Trd, 4319264.643, 104
Trd, 4319265.993, 107
Trd, 4319267.693, 106
Trd, 4319267.843, 104
Trd, 4319269.743, 106
Trd, 4319271.793, 104
Trd, 4319274.693, 105
Trd, 4319275.143, 104
Trd, 4319276.193, 106
Trd, 4319276.843, 103
Trd, 4319278.343, 95
Trd, 4319280.143, 105
Trd, 4319281.043, 103
Trd, 4319282.393, 105
Trd, 4319286.343, 102
Trd, 4319286.793, 102
Trd, 4319288.693, 103
Trd, 4319289.293, 102
Trd, 4319291.843, 103
Trd, 4319292.543, 104
Trd, 4319294.193, 102
Trd, 4319295.843, 99
Trd, 4319297.293, 102
Trd, 4319297.493, 103
Trd, 4319297.543, 100
Trd, 4319297.843, 100
Trd, 4319300.143, 104
Trd, 4319301.443, 100
Trd, 4319303.693, 101
Trd, 4319304.343, 101
Trd, 4319304.693, 100
Trd, 4319304.743, 99
Trd, 4319305.943, 95
Trd, 4319307.643, 95
Trd, 4319309.793, 96
Trd, 4319310.743, 101
Trd, 4319312.093, 98
Trd, 4319313.193, 97
Trd, 4319314.043, 87
Trd, 4319314.193, 94
Trd, 4319316.243, 97
Trd, 4319317.993, 97
Trd, 4319319.693, 98
Trd, 4319320.093, 98
Trd, 4319321.393, 98
Trd, 4319321.693, 97
Trd, 4319322.443, 95
Trd, 4319323.193, 104
Trd, 4319325.293, 99
Trd, 4319328.793, 96
Trd, 4319331.993, 98
Trd, 4319332.343, 96
Trd, 4319332.843, 97
Trd, 4319333.243, 95
Trd, 4319337.543, 104
Trd, 4319338.143, 102
Trd, 4319338.393, 100
Trd, 4319338.443, 100
Trd, 4319339.293, 100
Trd, 4319339.843, 98
Trd, 4319342.293, 103
Trd, 4319343.493, 103
Trd, 4319343.893, 102
Trd, 4319345.743, 97
Trd, 4319346.993, 98
Trd, 4319347.443, 102
Trd, 4319348.493, 99
Trd, 4319350.993, 102
Trd, 4319351.093, 98
Trd, 4319352.543, 101
Trd, 4319356.193, 100
Trd, 4319357.043, 104
Trd, 4319357.293, 101
Trd, 4319358.293, 103
Trd, 4319358.593, 95
Trd, 4319360.743, 91
Trd, 4319362.343, 91
Trd, 4319363.693, 104
Trd, 4319364.043, 94
Trd, 4319364.743, 95
Trd, 4319364.893, 95
Trd, 4319366.743, 92
Trd, 4319369.393, 95
Trd, 4319371.093, 92
Trd, 4319372.243, 95
Trd, 4319372.943, 95
Trd, 4319374.443, 95
Trd, 4319375.493, 96
Trd, 4319375.893, 95
Trd, 4319376.293, 104
Trd, 4319377.543, 95
Trd, 4319378.643, 98
Trd, 4319379.993, 98
Trd, 4319380.093, 95
Trd, 4319381.843, 94
Trd, 4319383.793, 95
Trd, 4319384.093, 97
Trd, 4319385.943, 100
Trd, 4319387.443, 100
Trd, 4319387.943, 99
Trd, 4319387.993, 104
Trd, 4319390.293, 104
Trd, 4319393.043, 105
Trd, 4319393.493, 104
Trd, 4319394.193, 105
Trd, 4319395.393, 104
Trd, 4319397.643, 105
Trd, 4319399.393, 106
Trd, 4319400.443, 105
Trd, 4319402.593, 105
Trd, 4319403.443, 104
Trd, 4319403.643, 106
Trd, 4319404.043, 104
Trd, 4319404.893, 104
Trd, 4319406.893, 103
Trd, 4319407.943, 106
Trd, 4319410.743, 104
Trd, 4319412.743, 104
Trd, 4319413.793, 105
Trd, 4319415.693, 104
Trd, 4319417.993, 113
Trd, 4319418.343, 115
Trd, 4319418.693, 115
Trd, 4319419.443, 112
Trd, 4319419.943, 104
Trd, 4319420.993, 110
Trd, 4319425.143, 110
Trd, 4319425.743, 111
Trd, 4319426.493, 110
Trd, 4319427.493, 108
Trd, 4319429.093, 109
Trd, 4319431.543, 108
Trd, 4319432.093, 107
Trd, 4319433.643, 95
Trd, 4319434.693, 110
Trd, 4319438.093, 89
Trd, 4319439.493, 97
Trd, 4319440.143, 97
Trd, 4319441.843, 97
Trd, 4319442.243, 99
Trd, 4319443.093, 98
Trd, 4319443.243, 95
Trd, 4319444.743, 96
Trd, 4319445.743, 104
Trd, 4319447.643, 87
Trd, 4319449.543, 92
Trd, 4319451.443, 92
Trd, 4319451.693, 92
Trd, 4319451.743, 98
Trd, 4319455.043, 107
Trd, 4319455.693, 105
Trd, 4319456.143, 106
Trd, 4319456.593, 104
Trd, 4319457.243, 104
Trd, 4319459.493, 104
Trd, 4319459.993, 105
Trd, 4319460.043, 104
Trd, 4319461.193, 92
Trd, 4319462.443, 113
Trd, 4319463.143, 110
Trd, 4319465.393, 97
Trd, 4319467.543, 103
Trd, 4319468.693, 100
Trd, 4319469.693, 95
Trd, 4319470.693, 96
Trd, 4319471.943, 90
Trd, 4319472.293, 91
Trd, 4319474.693, 103
Trd, 4319475.793, 103
Trd, 4319476.143, 101
Trd, 4319476.493, 100
Trd, 4319477.693, 104
Trd, 4319479.943, 92
Trd, 4319481.343, 101
Trd, 4319482.443, 101
Trd, 4319483.693, 101
Trd, 4319484.093, 100
Trd, 4319485.843, 99
Trd, 4319486.293, 101
Trd, 4319487.293, 99
Trd, 4319488.843, 99
Trd, 4319490.593, 98
Trd, 4319493.743, 99
Trd, 4319493.993, 99
Trd, 4319494.693, 101
Trd, 4319495.443, 102
Trd, 4319497.093, 104
Trd, 4319498.093, 105
Trd, 4319498.743, 104
Trd, 4319498.843, 104
Trd, 4319499.893, 96
Trd, 4319500.943, 104
Trd, 4319501.093, 95
Trd, 4319504.493, 101
Trd, 4319505.943, 98
Trd, 4319506.293, 97
Trd, 4319508.543, 99
Trd, 4319511.343, 104
Trd, 4319511.443, 100
Trd, 4319511.993, 103
Trd, 4319512.993, 100
Trd, 4319513.693, 98
Trd, 4319518.293, 99
Trd, 4319519.493, 98
Trd, 4319519.793, 97
Trd, 4319520.443, 102
Trd, 4319522.243, 101
Trd, 4319523.643, 102
Trd, 4319525.793, 107
Trd, 4319526.043, 104
Trd, 4319526.243, 104
Trd, 4319526.343, 103
Trd, 4319528.993, 103
Trd, 4319530.043, 104
Trd, 4319530.943, 105
Trd, 4319531.893, 113
Trd, 4319532.193, 104
Trd, 4319533.093, 106
Trd, 4319533.593, 96
Trd, 4319535.793, 96
Trd, 4319536.743, 103
Trd, 4319537.643, 100
Trd, 4319540.143, 100
Trd, 4319541.093, 95
Trd, 4319541.893, 87
Trd, 4319543.343, 98
Trd, 4319545.943, 103
Trd, 4319547.243, 97
Trd, 4319547.443, 98
Trd, 4319548.793, 103
Trd, 4319549.043, 104
Trd, 4319550.143, 101
Trd, 4319551.043, 100
Trd, 4319554.343, 99
Trd, 4319554.493, 98
Trd, 4319554.543, 103
Trd, 4319558.843, 98
Trd, 4319559.193, 103
Trd, 4319561.643, 98
Trd, 4319564.393, 101
Trd, 4319564.643, 100
Trd, 4319566.743, 98
Trd, 4319567.193, 101
Trd, 4319567.243, 98
Trd, 4319567.893, 95
Trd, 4319569.293, 97
Trd, 4319569.443, 95
Trd, 4319572.393, 97
Trd, 4319572.943, 97
Trd, 4319575.293, 97
Trd, 4319575.643, 104
Trd, 4319578.993, 97
Trd, 4319579.093, 96
Trd, 4319579.643, 98
Trd, 4319581.593, 98
Trd, 4319582.193, 113
Trd, 4319583.193, 102
Trd, 4319584.093, 104
Trd, 4319584.893, 88
Trd, 4319586.043, 109
Trd, 4319587.393, 90
Trd, 4319589.093, 97
Trd, 4319590.293, 93
Trd, 4319590.993, 97
Trd, 4319591.093, 92
Trd, 4319592.093, 97
Trd, 4319594.143, 97
Trd, 4319596.443, 97
Trd, 4319597.943, 97
Trd, 4319598.493, 96
Trd, 4319600.143, 107
Trd, 4319603.743, 97
Trd, 4319606.143, 97
Trd, 4319606.293, 95
Trd, 4319606.393, 97
Trd, 4319607.943, 96
Trd, 4319608.243, 95
Trd, 4319609.593, 96
Trd, 4319611.143, 98
Trd, 4319612.343, 97
Trd, 4319612.943, 98
Trd, 4319616.743, 99
Trd, 4319616.893, 98
Trd, 4319617.243, 112
Trd, 4319619.943, 106
Trd, 4319620.843, 104
Trd, 4319622.143, 104
Trd, 4319622.243, 105
Trd, 4319623.343, 95
Trd, 4319623.543, 99
Trd, 4319624.343, 105
Trd, 4319625.193, 95
Trd, 4319628.593, 103
Trd, 4319629.393, 104
Trd, 4319629.543, 104
Trd, 4319631.093, 113
Trd, 4319632.543, 108
Trd, 4319632.793, 104
Trd, 4319634.093, 107
Trd, 4319635.393, 87
Trd, 4319637.093, 88
Trd, 4319637.493, 100
Trd, 4319638.543, 105
Trd, 4319639.993, 98
Trd, 4319640.193, 97
Trd, 4319641.893, 86
Trd, 4319642.293, 96
Trd, 4319645.343, 90
Trd, 4319646.643, 96
Trd, 4319649.343, 96
Trd, 4319649.843, 95
Trd, 4319650.793, 96
Trd, 4319653.143, 94
Trd, 4319653.793, 96
Trd, 4319656.343, 99
Trd, 4319656.393, 104
Trd, 4319656.643, 99
Trd, 4319658.143, 99
Trd, 4319659.993, 99
Trd, 4319661.743, 99
Trd, 4319662.893, 99
Trd, 4319663.693, 100
Trd, 4319664.843, 100
Trd, 4319664.993, 98
Trd, 4319666.043, 99
Trd, 4319667.193, 99
Trd, 4319671.843, 95
Trd, 4319673.393, 100
Trd, 4319674.343, 99
Trd, 4319675.143, 100
Trd, 4319676.243, 99
Trd, 4319678.193, 96
Trd, 4319679.143, 96
Trd, 4319680.443, 100
Trd, 4319682.593, 96
Trd, 4319683.293, 95
Trd, 4319687.593, 100
Trd, 4319689.993, 96
Trd, 4319690.593, 96
Trd, 4319690.693, 100
Trd, 4319692.293, 95
Trd, 4319693.143, 104
Trd, 4319695.793, 101
Trd, 4319697.593, 105
Trd, 4319697.993, 102
Trd, 4319698.843, 101
Trd, 4319700.743, 102
Trd, 4319701.743, 101
Trd, 4319702.393, 102
Trd, 4319705.493, 103
Trd, 4319708.643, 102
Trd, 4319710.193, 101
Trd, 4319711.393, 104
Trd, 4319712.443, 103
Trd, 4319713.993, 96
Trd, 4319715.143, 102
Trd, 4319715.393, 95
Trd, 4319716.193, 98
Trd, 4319716.593, 86
Trd, 4319718.943, 96
Trd, 4319721.193, 100
Trd, 4319721.343, 100
Trd, 4319722.143, 100
Trd, 4319722.943, 98
Trd, 4319723.193, 104
Trd, 4319724.543, 96
Trd, 4319725.593, 96
Trd, 4319727.643, 102
Trd, 4319728.693, 103
Trd, 4319729.293, 98
Trd, 4319731.043, 99
Trd, 4319732.343, 103
Trd, 4319733.343, 98
Trd, 4319735.043, 100
Trd, 4319735.993, 100
Trd, 4319736.143, 87
Trd, 4319739.143, 96
Trd, 4319739.993, 97
Trd, 4319740.643, 96
Trd, 4319741.143, 85
Trd, 4319743.243, 87
Trd, 4319744.493, 90
Trd, 4319745.143, 92
Trd, 4319745.743, 113
Trd, 4319746.243, 109
Trd, 4319746.593, 99
Trd, 4319748.193, 95
Trd, 4319748.593, 95
Trd, 4319749.843, 95
Trd, 4319751.093, 97
Trd, 4319751.643, 95
Trd, 4319753.643, 97
Trd, 4319754.043, 105
Trd, 4319755.343, 96
Trd, 4319755.843, 97
Trd, 4319757.893, 98
Trd, 4319760.843, 99
Trd, 4319760.893, 98
Trd, 4319761.343, 100
Trd, 4319762.143, 95
Trd, 4319763.193, 99
Trd, 4319765.393, 99
Trd, 4319766.593, 101
Trd, 4319767.593, 97
Trd, 4319767.743, 95
Trd, 4319768.943, 96
Trd, 4319769.643, 99
Trd, 4319771.043, 100
Trd, 4319774.243, 99
Trd, 4319774.843, 97
Trd, 4319776.343, 99
Trd, 4319776.393, 99
Trd, 4319776.893, 105
Trd, 4319780.943, 98
Trd, 4319783.493, 100
Trd, 4319783.943, 97
Trd, 4319786.193, 99
Trd, 4319787.643, 98
Trd, 4319787.793, 106
Trd, 4319788.743, 97
Trd, 4319790.643, 96
Trd, 4319791.443, 96
Trd, 4319792.943, 95
Trd, 4319794.443, 96
Trd, 4319794.943, 96
Trd, 4319795.043, 97
Trd, 4319796.143, 85
Trd, 4319797.593, 94
Trd, 4319800.193, 97
Trd, 4319800.793, 97
Trd, 4319801.293, 95
Trd, 4319802.243, 96
Trd, 4319805.593, 96
Trd, 4319805.793, 95
Trd, 4319807.843, 96
Trd, 4319807.943, 96
Trd, 4319809.093, 95
Trd, 4319810.543, 100
Trd, 4319811.193, 98
Trd, 4319811.743, 104
Trd, 4319813.143, 101
Trd, 4319813.593, 100
Trd, 4319814.643, 95
Trd, 4319814.743, 88
Trd, 4319815.493, 95
Trd, 4319816.743, 95
Trd, 4319818.693, 105
Trd, 4319819.193, 95
Trd, 4319819.693, 113
Trd, 4319820.343, 107
Trd, 4319821.093, 101
Trd, 4319824.543, 97
Trd, 4319825.643, 99
Trd, 4319828.093, 98
Trd, 4319828.643, 99
Trd, 4319828.693, 99
Trd, 4319830.843, 99
Trd, 4319831.593, 99
Trd, 4319832.293, 98
Trd, 4319833.543, 90
Trd, 4319833.793, 97
Trd, 4319837.193, 96
Trd, 4319837.243, 95
Trd, 4319837.593, 95
Trd, 4319838.393, 95
Trd, 4319838.593, 75
Trd, 4319840.843, 90
Trd, 4319842.343, 92
Trd, 4319842.443, 95
Trd, 4319844.243, 92
Trd, 4319844.443, 92
Trd, 4319846.843, 104
Trd, 4319848.043, 93
Trd, 4319848.843, 95
Trd, 4319849.793, 96
Trd, 4319850.443, 95
Trd, 4319851.493, 94
Trd, 4319852.743, 104
Trd, 4319856.843, 96
Trd, 4319857.293, 97
Trd, 4319857.793, 96
Trd, 4319859.693, 99
Trd, 4319860.343, 95
Trd, 4319862.343, 97
Trd, 4319862.643, 97
Trd, 4319863.893, 97
Trd, 4319865.443, 96
Trd, 4319866.443, 96
Trd, 4319867.693, 95
Trd, 4319869.643, 96
Trd, 4319870.043, 97
Trd, 4319871.843, 97
Trd, 4319872.093, 97
Trd, 4319872.443, 96
Trd, 4319873.593, 96
Trd, 4319873.943, 104
Trd, 4319875.393, 95
Trd, 4319878.943, 96
Trd, 4319880.293, 98
Trd, 4319880.943, 95
Trd, 4319882.193, 93
Trd, 4319884.943, 98
Trd, 4319886.443, 98
Trd, 4319886.743, 97
Trd, 4319888.843, 96
Trd, 4319890.643, 97
Trd, 4319892.843, 95
Trd, 4319893.193, 97
Trd, 4319893.693, 96
Trd, 4319896.543, 96
Trd, 4319897.293, 94
Trd, 4319897.893, 96
Trd, 4319900.593, 95
Trd, 4319900.993, 96
Trd, 4319903.793, 98
Trd, 4319903.943, 97
Trd, 4319904.693, 104
Trd, 4319905.443, 97
Trd, 4319906.493, 96
Trd, 4319910.193, 97
Trd, 4319911.643, 95
Trd, 4319913.093, 98
Trd, 4319913.493, 97
Trd, 4319913.743, 98
Trd, 4319917.293, 98
Trd, 4319917.793, 97
Trd, 4319918.043, 105
Trd, 4319919.243, 97
Trd, 4319922.493, 100
Trd, 4319922.693, 100
Trd, 4319924.043, 101
Trd, 4319924.543, 98
Trd, 4319924.893, 95
Trd, 4319926.193, 112
Trd, 4319927.243, 104
Trd, 4319929.043, 104
Trd, 4319929.643, 103
Trd, 4319931.093, 104
Trd, 4319933.693, 103
Trd, 4319933.993, 102
Trd, 4319934.993, 105
Trd, 4319935.143, 104
Trd, 4319937.243, 98
Trd, 4319938.193, 86
Trd, 4319939.343, 102
Trd, 4319939.893, 97
Trd, 4319943.493, 99
Trd, 4319943.843, 102
Trd, 4319944.043, 99
Trd, 4319948.043, 102
Trd, 4319949.243, 99
Trd, 4319949.743, 98
Trd, 4319950.243, 95
Trd, 4319952.543, 102
Trd, 4319953.893, 101
Trd, 4319954.043, 104
Trd, 4319954.143, 101
Trd, 4319955.943, 99
Trd, 4319956.743, 103
Trd, 4319958.193, 99
Trd, 4319960.743, 92
Trd, 4319960.793, 90
Trd, 4319960.993, 103
Trd, 4319964.593, 97
Trd, 4319965.693, 97
Trd, 4319966.193, 96
Trd, 4319966.393, 97
Trd, 4319967.243, 95
Trd, 4319969.893, 97
Trd, 4319970.293, 97
Trd, 4319973.443, 95
Trd, 4319973.743, 95
Trd, 4319973.793, 94
Trd, 4319976.093, 97
Trd, 4319979.543, 96
Trd, 4319981.193, 95
Trd, 4319982.743, 97
Trd, 4319984.893, 101
Trd, 4319985.243, 100
Trd, 4319985.543, 99
Trd, 4319986.593, 96
Trd, 4319987.443, 98
Trd, 4319989.693, 113
Trd, 4319989.743, 92
Trd, 4319990.293, 98
Trd, 4319991.393, 94
Trd, 4319992.793, 99
Trd, 4319993.343, 96
Trd, 4319995.093, 99
Trd, 4319995.293, 99
Trd, 4319996.893, 105
Trd, 4319997.743, 95
Trd, 4319998.343, 95
