Trd, 4317893.693, 94
Trd, 4317893.893, 104
Trd, 4317898.393, 97
Trd, 4317899.043, 98
Trd, 4317900.243, 100
Trd, 4317901.693, 102
Trd, 4317902.343, 100
Trd, 4317902.943, 99
Trd, 4317903.243, 94
Trd, 4317906.143, 98
Trd, 4317907.393, 97
Trd, 4317908.693, 96
Trd, 4317908.793, 97
Trd, 4317908.943, 98
Trd, 4317910.043, 96
Trd, 4317910.843, 104
Trd, 4317913.993, 97
Trd, 4317914.143, 99
Trd, 4317914.993, 96
Trd, 4317916.243, 95
Trd, 4317916.443, 95
Trd, 4317917.143, 95
Trd, 4317919.993, 98
Trd, 4317920.043, 95
Trd, 4317922.293, 96
Trd, 4317923.043, 94
Trd, 4317925.143, 95
Trd, 4317926.043, 95
Trd, 4317926.393, 96
Trd, 4317928.993, 95
Trd, 4317929.593, 95
Trd, 4317930.093, 94
Trd, 4317934.093, 93
Trd, 4317934.643, 95
Trd, 4317935.343, 95
Trd, 4317935.593, 92
Trd, 4317937.493, 91
Trd, 4317937.993, 91
Trd, 4317940.293, 94
Trd, 4317941.443, 93
Trd, 4317942.243, 101
Trd, 4317942.393, 101
Trd, 4317944.593, 97
Trd, 4317946.993, 98
Trd, 4317947.843, 97
Trd, 4317948.443, 98
Trd, 4317950.793, 99
Trd, 4317951.793, 97
Trd, 4317952.243, 99
Trd, 4317952.443, 94
Trd, 4317953.343, 85
Trd, 4317956.043, 95
Trd, 4317956.093, 94
Trd, 4317957.693, 102
Trd, 4317958.243, 101
Trd, 4317958.293, 100
Trd, 4317963.243, 101
Trd, 4317964.693, 101
Trd, 4317965.943, 102
Trd, 4317966.093, 99
Trd, 4317967.493, 94
Trd, 4317967.893, 84
Trd, 4317968.543, 102
Trd, 4317969.093, 95
Trd, 4317972.093, 99
Trd, 4317972.843, 99
Trd, 4317973.843, 94
Trd, 4317975.843, 89
Trd, 4317976.343, 88
Trd, 4317976.543, 88
Trd, 4317977.943, 88
Trd, 4317979.343, 86
Trd, 4317980.293, 86
Trd, 4317980.443, 85
Trd, 4317981.393, 77
Trd, 4317983.943, 90
Trd, 4317985.193, 87
Trd, 4317986.893, 87
Trd, 4317987.143, 95
Trd, 4317987.243, 86
Trd, 4317990.043, 87
Trd, 4317990.893, 87
Trd, 4317993.493, 102
Trd, 4317995.093, 88
Trd, 4317995.293, 95
Trd, 4317996.993, 96
Trd, 4317998.193, 94
Trd, 4317998.693, 93
Trd, 4318001.093, 94
Trd, 4318001.293, 94
Trd, 4318002.193, 93
Trd, 4318004.693, 96
Trd, 4318005.293, 92
Trd, 4318006.843, 92
Trd, 4318008.143, 93
Trd, 4318008.593, 90
Trd, 4318009.193, 95
Trd, 4318010.693, 94
Trd, 4318010.893, 93
Trd, 4318012.143, 92
Trd, 4318015.643, 93
Trd, 4318016.143, 95
Trd, 4318016.793, 95
Trd, 4318016.943, 104
Trd, 4318017.643, 100
Trd, 4318019.393, 97
Trd, 4318019.943, 97
Trd, 4318020.293, 94
Trd, 4318021.793, 96
Trd, 4318022.543, 87
Trd, 4318023.243, 104
Trd, 4318024.593, 90
Trd, 4318026.043, 92
Trd, 4318026.643, 85
Trd, 4318027.343, 85
Trd, 4318027.643, 85
Trd, 4318028.343, 95
Trd, 4318030.293, 91
Trd, 4318032.743, 98
Trd, 4318035.193, 93
Trd, 4318035.793, 94
Trd, 4318036.293, 94
Trd, 4318037.393, 89
Trd, 4318039.343, 104
Trd, 4318040.743, 93
Trd, 4318042.043, 95
Trd, 4318042.593, 93
Trd, 4318044.293, 96
Trd, 4318046.593, 94
Trd, 4318047.143, 95
Trd, 4318048.043, 94
Trd, 4318048.843, 93
Trd, 4318049.093, 92
Trd, 4318051.893, 95
Trd, 4318051.993, 104
Trd, 4318052.293, 94
Trd, 4318052.393, 91
Trd, 4318055.193, 96
Trd, 4318055.743, 93
Trd, 4318055.893, 98
Trd, 4318059.143, 98
Trd, 4318059.293, 98
Trd, 4318060.243, 93
Trd, 4318061.993, 92
Trd, 4318062.743, 92
Trd, 4318064.043, 93
Trd, 4318064.343, 95
Trd, 4318067.093, 86
Trd, 4318067.543, 85
Trd, 4318068.443, 90
Trd, 4318069.493, 89
Trd, 4318070.743, 87
Trd, 4318072.893, 94
Trd, 4318073.843, 103
Trd, 4318074.493, 94
Trd, 4318076.743, 100
Trd, 4318078.643, 101
Trd, 4318079.043, 100
Trd, 4318080.143, 100
Trd, 4318080.193, 97
Trd, 4318081.743, 95
Trd, 4318082.993, 97
Trd, 4318083.043, 97
Trd, 4318084.243, 95
Trd, 4318085.243, 96
Trd, 4318087.293, 93
Trd, 4318087.793, 93
Trd, 4318089.593, 90
Trd, 4318091.193, 94
Trd, 4318092.193, 94
Trd, 4318095.343, 94
Trd, 4318095.743, 96
Trd, 4318095.993, 95
Trd, 4318097.543, 92
Trd, 4318099.543, 104
Trd, 4318100.293, 93
Trd, 4318100.893, 96
Trd, 4318103.993, 97
Trd, 4318105.193, 97
Trd, 4318105.293, 93
Trd, 4318106.043, 96
Trd, 4318107.593, 98
Trd, 4318108.643, 98
Trd, 4318109.843, 98
Trd, 4318110.993, 89
Trd, 4318111.643, 89
Trd, 4318112.143, 89
Trd, 4318113.493, 95
Trd, 4318114.943, 89
Trd, 4318117.343, 91
Trd, 4318118.143, 91
Trd, 4318119.043, 92
Trd, 4318119.393, 95
Trd, 4318119.493, 90
Trd, 4318121.493, 94
Trd, 4318122.043, 92
Trd, 4318122.793, 90
Trd, 4318125.493, 93
Trd, 4318125.643, 92
Trd, 4318128.343, 94
Trd, 4318129.093, 96
Trd, 4318130.543, 96
Trd, 4318131.543, 96
Trd, 4318133.543, 96
Trd, 4318134.493, 95
Trd, 4318136.043, 104
Trd, 4318136.743, 118
Trd, 4318138.243, 94
Trd, 4318139.743, 97
Trd, 4318141.443, 99
Trd, 4318141.593, 98
Trd, 4318141.843, 99
Trd, 4318142.343, 97
Trd, 4318147.193, 101
Trd, 4318147.693, 101
Trd, 4318147.893, 94
Trd, 4318148.393, 85
Trd, 4318149.943, 97
Trd, 4318151.643, 97
Trd, 4318152.193, 103
Trd, 4318154.443, 99
Trd, 4318157.293, 99
Trd, 4318157.593, 98
Trd, 4318157.643, 95
Trd, 4318157.793, 100
Trd, 4318160.593, 86
Trd, 4318161.243, 97
Trd, 4318161.593, 95
Trd, 4318164.543, 98
Trd, 4318165.893, 97
Trd, 4318166.343, 97
Trd, 4318167.643, 94
Trd, 4318168.093, 97
Trd, 4318169.743, 104
Trd, 4318171.843, 103
Trd, 4318172.143, 99
Trd, 4318173.793, 102
Trd, 4318174.793, 103
Trd, 4318175.693, 102
Trd, 4318177.093, 102
Trd, 4318179.943, 104
Trd, 4318181.793, 103
Trd, 4318182.843, 101
Trd, 4318183.543, 95
Trd, 4318184.243, 99
Trd, 4318185.393, 96
Trd, 4318187.343, 96
Trd, 4318187.743, 94
Trd, 4318188.693, 101
Trd, 4318190.143, 104
Trd, 4318191.093, 99
Trd, 4318193.043, 100
Trd, 4318193.493, 100
Trd, 4318194.493, 100
Trd, 4318195.693, 101
Trd, 4318198.193, 101
Trd, 4318199.493, 101
Trd, 4318200.193, 101
Trd, 4318201.393, 99
Trd, 4318201.843, 100
Trd, 4318203.093, 85
Trd, 4318205.293, 93
Trd, 4318208.743, 88
Trd, 4318209.293, 90
Trd, 4318210.043, 91
Trd, 4318210.643, 95
Trd, 4318211.593, 93
Trd, 4318211.943, 89
Trd, 4318213.193, 93
Trd, 4318213.593, 104
Trd, 4318216.243, 93
Trd, 4318218.743, 93
Trd, 4318219.743, 94
Trd, 4318219.893, 104
Trd, 4318222.793, 93
Trd, 4318223.093, 92
Trd, 4318223.293, 95
Trd, 4318227.943, 93
Trd, 4318228.543, 94
Trd, 4318229.643, 93
Trd, 4318231.043, 94
Trd, 4318234.243, 103
Trd, 4318235.243, 95
Trd, 4318235.593, 94
Trd, 4318237.393, 98
Trd, 4318238.093, 98
Trd, 4318239.993, 97
Trd, 4318240.543, 95
Trd, 4318241.593, 94
Trd, 4318243.443, 101
Trd, 4318245.143, 94
Trd, 4318246.493, 93
Trd, 4318246.843, 93
Trd, 4318247.343, 98
Trd, 4318249.943, 94
Trd, 4318250.343, 92
Trd, 4318251.893, 94
Trd, 4318254.443, 91
Trd, 4318254.893, 94
Trd, 4318254.993, 93
Trd, 4318256.743, 104
Trd, 4318258.393, 94
Trd, 4318258.793, 115
Trd, 4318260.343, 94
Trd, 4318262.043, 102
Trd, 4318262.343, 93
Trd, 4318262.793, 88
Trd, 4318266.593, 94
Trd, 4318267.843, 93
Trd, 4318268.393, 95
Trd, 4318268.893, 104
Trd, 4318271.993, 102
Trd, 4318272.593, 102
Trd, 4318272.793, 101
Trd, 4318274.043, 101
Trd, 4318274.093, 102
Trd, 4318274.193, 96
Trd, 4318274.693, 104
Trd, 4318278.793, 94
Trd, 4318279.193, 99
Trd, 4318280.443, 89
Trd, 4318281.493, 88
Trd, 4318282.793, 88
Trd, 4318284.343, 89
Trd, 4318284.893, 104
Trd, 4318286.493, 93
Trd, 4318287.343, 92
Trd, 4318289.743, 89
Trd, 4318291.743, 93
Trd, 4318291.893, 92
Trd, 4318292.393, 91
Trd, 4318293.443, 104
Trd, 4318295.843, 119
Trd, 4318297.393, 110
Trd, 4318297.443, 98
Trd, 4318298.793, 95
Trd, 4318302.443, 97
Trd, 4318304.643, 100
Trd, 4318305.343, 98
Trd, 4318307.243, 96
Trd, 4318308.393, 104
Trd, 4318308.593, 95
Trd, 4318309.043, 101
Trd, 4318310.043, 94
Trd, 4318311.593, 91
Trd, 4318313.643, 91
Trd, 4318313.893, 104
Trd, 4318314.493, 90
Trd, 4318315.743, 89
Trd, 4318316.243, 91
Trd, 4318319.593, 91
Trd, 4318319.893, 91
Trd, 4318321.743, 93
Trd, 4318323.043, 92
Trd, 4318324.593, 103
Trd, 4318325.293, 96
Trd, 4318328.043, 87
Trd, 4318328.843, 87
Trd, 4318329.143, 87
Trd, 4318330.893, 87
Trd, 4318331.943, 89
Trd, 4318332.743, 90
Trd, 4318333.543, 92
Trd, 4318335.443, 104
Trd, 4318337.243, 94
Trd, 4318339.193, 95
Trd, 4318339.743, 93
Trd, 4318340.793, 92
Trd, 4318341.293, 92
Trd, 4318342.693, 95
Trd, 4318344.293, 92
Trd, 4318345.593, 92
Trd, 4318345.793, 92
Trd, 4318346.293, 92
Trd, 4318349.293, 95
Trd, 4318350.893, 98
Trd, 4318351.243, 94
Trd, 4318352.243, 93
Trd, 4318353.843, 96
Trd, 4318355.293, 94
Trd, 4318355.393, 93
Trd, 4318356.193, 96
Trd, 4318359.793, 95
Trd, 4318360.043, 95
Trd, 4318361.393, 95
Trd, 4318362.643, 94
Trd, 4318362.943, 94
Trd, 4318363.293, 92
Trd, 4318365.643, 94
Trd, 4318366.243, 93
Trd, 4318368.293, 94
Trd, 4318370.193, 95
Trd, 4318371.593, 95
Trd, 4318372.043, 93
Trd, 4318372.443, 92
Trd, 4318373.793, 121
Trd, 4318375.943, 98
Trd, 4318376.643, 96
Trd, 4318378.193, 100
Trd, 4318379.043, 98
Trd, 4318379.293, 95
Trd, 4318379.843, 98
Trd, 4318380.093, 85
Trd, 4318381.293, 92
Trd, 4318381.643, 98
Trd, 4318382.293, 104
Trd, 4318384.243, 94
Trd, 4318386.393, 102
Trd, 4318387.693, 96
Trd, 4318388.693, 94
Trd, 4318391.593, 96
Trd, 4318392.043, 96
Trd, 4318393.343, 95
Trd, 4318393.793, 97
Trd, 4318394.643, 96
Trd, 4318395.143, 96
Trd, 4318396.693, 97
Trd, 4318398.643, 94
Trd, 4318399.343, 97
Trd, 4318400.893, 93
Trd, 4318401.643, 95
Trd, 4318402.993, 95
Trd, 4318404.043, 93
Trd, 4318405.493, 86
Trd, 4318406.493, 91
Trd, 4318408.743, 101
Trd, 4318409.943, 94
Trd, 4318410.843, 77
Trd, 4318411.443, 80
Trd, 4318412.543, 80
Trd, 4318412.993, 91
Trd, 4318416.993, 93
Trd, 4318417.893, 99
Trd, 4318419.343, 101
Trd, 4318419.443, 104
Trd, 4318420.193, 99
Trd, 4318422.693, 100
Trd, 4318423.093, 102
Trd, 4318423.143, 103
Trd, 4318423.443, 99
Trd, 4318426.393, 86
Trd, 4318427.793, 94
Trd, 4318428.943, 95
Trd, 4318429.043, 95
Trd, 4318429.293, 94
Trd, 4318429.343, 92
Trd, 4318431.643, 93
Trd, 4318431.893, 93
Trd, 4318433.543, 95
Trd, 4318433.693, 92
Trd, 4318435.793, 91
Trd, 4318436.193, 88
Trd, 4318438.893, 104
Trd, 4318440.793, 97
Trd, 4318441.943, 97
Trd, 4318442.893, 98
Trd, 4318443.693, 95
Trd, 4318445.543, 97
Trd, 4318447.293, 98
Trd, 4318447.393, 97
Trd, 4318449.193, 98
Trd, 4318450.043, 104
Trd, 4318453.443, 100
Trd, 4318454.343, 103
Trd, 4318454.493, 98
Trd, 4318454.793, 104
Trd, 4318456.143, 100
Trd, 4318457.443, 99
Trd, 4318458.193, 102
Trd, 4318459.943, 94
Trd, 4318460.793, 76
Trd, 4318463.543, 84
Trd, 4318464.343, 85
Trd, 4318465.643, 104
Trd, 4318466.143, 95
Trd, 4318467.293, 102
Trd, 4318467.793, 103
Trd, 4318468.943, 103
Trd, 4318470.943, 97
Trd, 4318472.193, 101
Trd, 4318473.743, 100
Trd, 4318474.443, 99
Trd, 4318475.943, 100
Trd, 4318477.093, 100
Trd, 4318478.343, 101
Trd, 4318478.493, 100
Trd, 4318479.743, 104
Trd, 4318480.193, 94
Trd, 4318481.493, 102
Trd, 4318481.593, 96
Trd, 4318483.693, 86
Trd, 4318485.443, 83
Trd, 4318486.193, 89
Trd, 4318486.543, 86
Trd, 4318487.443, 95
Trd, 4318489.593, 96
Trd, 4318489.793, 94
Trd, 4318490.493, 95
Trd, 4318493.193, 96
Trd, 4318493.793, 97
Trd, 4318495.643, 102
Trd, 4318496.393, 98
Trd, 4318497.793, 101
Trd, 4318498.693, 97
Trd, 4318501.143, 94
Trd, 4318501.943, 86
Trd, 4318503.043, 94
Trd, 4318503.343, 95
Trd, 4318505.593, 90
Trd, 4318505.843, 90
Trd, 4318508.343, 88
Trd, 4318508.993, 85
Trd, 4318510.493, 88
Trd, 4318510.543, 87
Trd, 4318510.643, 95
Trd, 4318512.093, 91
Trd, 4318512.243, 91
Trd, 4318512.693, 91
Trd, 4318514.943, 94
Trd, 4318515.843, 104
Trd, 4318517.793, 94
Trd, 4318519.793, 86
Trd, 4318520.393, 91
Trd, 4318522.043, 93
Trd, 4318523.693, 94
Trd, 4318525.243, 94
Trd, 4318526.993, 94
Trd, 4318530.493, 84
Trd, 4318530.743, 95
Trd, 4318531.793, 92
Trd, 4318533.093, 95
Trd, 4318533.293, 90
Trd, 4318534.193, 95
Trd, 4318536.343, 92
Trd, 4318536.393, 90
Trd, 4318538.543, 90
Trd, 4318538.743, 83
Trd, 4318539.293, 92
Trd, 4318542.243, 92
Trd, 4318542.893, 93
Trd, 4318543.193, 91
Trd, 4318545.693, 89
Trd, 4318546.993, 94
Trd, 4318547.543, 88
Trd, 4318549.243, 93
Trd, 4318550.443, 94
Trd, 4318551.843, 104
Trd, 4318553.843, 93
Trd, 4318556.043, 93
Trd, 4318556.193, 90
Trd, 4318556.843, 90
Trd, 4318558.493, 91
Trd, 4318559.593, 89
Trd, 4318561.893, 91
Trd, 4318561.993, 90
Trd, 4318562.743, 91
Trd, 4318563.643, 90
Trd, 4318565.893, 89
Trd, 4318566.893, 92
Trd, 4318567.493, 95
Trd, 4318567.893, 91
Trd, 4318567.993, 95
Trd, 4318572.493, 90
Trd, 4318573.793, 94
Trd, 4318575.743, 93
Trd, 4318577.493, 94
Trd, 4318578.043, 90
Trd, 4318578.393, 88
Trd, 4318581.593, 93
Trd, 4318582.343, 89
Trd, 4318583.243, 89
Trd, 4318583.593, 88
Trd, 4318584.143, 88
Trd, 4318584.443, 87
Trd, 4318584.543, 95
Trd, 4318585.443, 85
Trd, 4318587.893, 93
Trd, 4318589.793, 93
Trd, 4318590.293, 93
Trd, 4318593.043, 89
Trd, 4318593.643, 90
Trd, 4318594.543, 89
Trd, 4318596.043, 91
Trd, 4318598.193, 90
Trd, 4318600.193, 91
Trd, 4318601.343, 92
Trd, 4318602.293, 91
Trd, 4318603.393, 91
Trd, 4318603.743, 90
Trd, 4318605.443, 92
Trd, 4318605.693, 104
Trd, 4318605.743, 91
Trd, 4318607.393, 98
Trd, 4318607.743, 90
Trd, 4318608.893, 94
Trd, 4318609.393, 121
Trd, 4318612.843, 105
Trd, 4318613.793, 103
Trd, 4318614.493, 103
Trd, 4318614.643, 101
Trd, 4318616.043, 104
Trd, 4318617.293, 119
Trd, 4318618.493, 112
Trd, 4318619.843, 110
Trd, 4318621.643, 109
Trd, 4318622.243, 104
Trd, 4318624.443, 105
Trd, 4318625.493, 94
Trd, 4318625.593, 105
Trd, 4318627.893, 95
Trd, 4318629.343, 98
Trd, 4318629.443, 104
Trd, 4318631.843, 97
Trd, 4318633.393, 97
Trd, 4318634.043, 99
Trd, 4318635.543, 93
Trd, 4318635.943, 89
Trd, 4318636.393, 93
Trd, 4318637.143, 97
Trd, 4318638.593, 89
Trd, 4318639.343, 104
Trd, 4318639.543, 88
Trd, 4318642.643, 93
Trd, 4318644.043, 97
Trd, 4318644.143, 94
Trd, 4318646.093, 93
Trd, 4318646.943, 94
Trd, 4318649.093, 95
Trd, 4318650.443, 95
Trd, 4318650.643, 92
Trd, 4318651.843, 96
Trd, 4318653.943, 94
Trd, 4318654.493, 104
Trd, 4318655.043, 93
Trd, 4318658.543, 95
Trd, 4318659.293, 95
Trd, 4318660.193, 95
Trd, 4318663.893, 94
Trd, 4318664.143, 93
Trd, 4318667.243, 95
Trd, 4318667.493, 95
Trd, 4318667.943, 94
Trd, 4318668.493, 93
Trd, 4318668.843, 92
Trd, 4318670.743, 104
Trd, 4318672.593, 98
Trd, 4318672.843, 99
Trd, 4318674.793, 99
Trd, 4318675.743, 101
Trd, 4318675.893, 98
Trd, 4318676.243, 94
Trd, 4318677.393, 87
Trd, 4318679.693, 95
Trd, 4318680.943, 92
Trd, 4318682.593, 95
Trd, 4318684.743, 95
Trd, 4318685.343, 94
Trd, 4318686.743, 96
Trd, 4318687.443, 96
Trd, 4318689.793, 97
Trd, 4318690.693, 93
Trd, 4318690.843, 95
Trd, 4318692.543, 94
Trd, 4318695.193, 94
Trd, 4318695.343, 90
Trd, 4318697.793, 104
Trd, 4318699.143, 93
Trd, 4318700.943, 97
Trd, 4318701.843, 95
Trd, 4318702.343, 95
Trd, 4318703.343, 94
Trd, 4318704.543, 96
Trd, 4318704.893, 94
Trd, 4318706.993, 122
Trd, 4318707.693, 98
Trd, 4318710.593, 101
Trd, 4318711.243, 97
Trd, 4318714.143, 100
Trd, 4318714.793, 101
Trd, 4318715.593, 103
Trd, 4318716.493, 98
Trd, 4318717.193, 104
Trd, 4318718.693, 94
Trd, 4318720.093, 97
Trd, 4318720.393, 100
Trd, 4318720.843, 91
Trd, 4318724.643, 103
Trd, 4318724.843, 95
Trd, 4318725.193, 93
Trd, 4318725.643, 103
Trd, 4318727.943, 97
Trd, 4318728.943, 94
Trd, 4318732.393, 98
Trd, 4318732.443, 94
Trd, 4318735.093, 102
Trd, 4318737.043, 98
Trd, 4318737.743, 97
Trd, 4318739.743, 98
Trd, 4318740.793, 97
Trd, 4318741.043, 96
Trd, 4318742.193, 103
Trd, 4318743.243, 94
Trd, 4318744.193, 97
Trd, 4318744.843, 99
Trd, 4318749.493, 100
Trd, 4318749.793, 98
Trd, 4318750.593, 98
Trd, 4318751.643, 97
Trd, 4318753.543, 96
Trd, 4318754.343, 98
Trd, 4318754.693, 97
Trd, 4318755.893, 97
Trd, 4318756.243, 96
Trd, 4318757.043, 104
Trd, 4318757.193, 95
Trd, 4318758.293, 95
Trd, 4318762.943, 95
Trd, 4318764.493, 94
Trd, 4318764.693, 94
Trd, 4318764.793, 95
Trd, 4318766.343, 95
Trd, 4318768.393, 85
Trd, 4318769.143, 94
Trd, 4318771.143, 86
Trd, 4318771.793, 78
Trd, 4318772.343, 82
Trd, 4318773.393, 84
Trd, 4318774.343, 82
Trd, 4318774.893, 85
Trd, 4318775.143, 89
Trd, 4318779.343, 85
Trd, 4318779.993, 85
Trd, 4318780.593, 84
Trd, 4318781.893, 90
Trd, 4318783.343, 95
Trd, 4318783.793, 88
Trd, 4318783.993, 84
Trd, 4318788.043, 87
Trd, 4318789.143, 86
Trd, 4318789.743, 86
Trd, 4318791.293, 87
Trd, 4318792.793, 89
Trd, 4318795.393, 102
Trd, 4318795.493, 101
Trd, 4318796.243, 94
Trd, 4318796.643, 91
Trd, 4318799.543, 96
Trd, 4318800.943, 93
Trd, 4318801.493, 94
Trd, 4318802.093, 93
Trd, 4318803.993, 93
Trd, 4318805.793, 94
Trd, 4318805.843, 93
Trd, 4318806.143, 93
Trd, 4318809.893, 95
Trd, 4318810.043, 104
Trd, 4318810.443, 99
Trd, 4318811.993, 97
Trd, 4318812.743, 96
Trd, 4318813.943, 96
Trd, 4318815.643, 95
Trd, 4318815.893, 95
Trd, 4318816.443, 95
Trd, 4318816.743, 94
Trd, 4318818.143, 93
Trd, 4318819.593, 89
Trd, 4318820.643, 93
Trd, 4318820.943, 95
Trd, 4318821.193, 93
Trd, 4318821.293, 104
Trd, 4318823.243, 103
Trd, 4318824.043, 97
Trd, 4318825.643, 102
Trd, 4318826.893, 104
Trd, 4318829.243, 104
Trd, 4318830.793, 94
Trd, 4318832.193, 103
Trd, 4318833.193, 104
Trd, 4318833.943, 102
Trd, 4318835.593, 99
Trd, 4318835.943, 94
Trd, 4318837.743, 98
Trd, 4318837.893, 101
Trd, 4318838.893, 100
Trd, 4318839.193, 98
Trd, 4318839.743, 99
Trd, 4318841.143, 95
Trd, 4318841.393, 98
Trd, 4318844.093, 102
Trd, 4318846.193, 94
Trd, 4318846.893, 91
Trd, 4318847.893, 88
Trd, 4318848.393, 89
Trd, 4318849.093, 88
Trd, 4318850.343, 95
Trd, 4318851.793, 93
Trd, 4318853.243, 94
Trd, 4318854.243, 95
Trd, 4318855.093, 95
Trd, 4318856.343, 91
Trd, 4318856.893, 90
Trd, 4318858.443, 95
Trd, 4318858.943, 96
Trd, 4318860.393, 93
Trd, 4318861.093, 91
Trd, 4318864.993, 91
Trd, 4318865.143, 92
Trd, 4318865.293, 95
Trd, 4318866.693, 94
Trd, 4318866.993, 92
Trd, 4318867.993, 92
Trd, 4318869.443, 94
Trd, 4318870.393, 94
Trd, 4318870.693, 93
Trd, 4318871.693, 85
Trd, 4318872.793, 94
Trd, 4318874.043, 100
Trd, 4318876.193, 95
Trd, 4318877.293, 96
Trd, 4318878.693, 94
Trd, 4318879.143, 93
Trd, 4318880.993, 92
Trd, 4318881.593, 95
Trd, 4318882.243, 95
Trd, 4318883.743, 95
Trd, 4318885.293, 95
Trd, 4318887.193, 96
Trd, 4318887.593, 104
Trd, 4318889.143, 94
Trd, 4318891.193, 93
Trd, 4318891.243, 97
Trd, 4318893.443, 87
Trd, 4318894.193, 92
Trd, 4318894.693, 104
Trd, 4318896.543, 84
Trd, 4318897.743, 90
Trd, 4318899.143, 90
Trd, 4318900.343, 91
Trd, 4318901.193, 91
Trd, 4318902.843, 92
Trd, 4318904.793, 93
Trd, 4318905.893, 91
Trd, 4318908.093, 102
Trd, 4318910.743, 92
Trd, 4318911.693, 98
Trd, 4318913.843, 98
Trd, 4318914.193, 97
Trd, 4318914.993, 97
Trd, 4318916.193, 94
Trd, 4318917.143, 99
Trd, 4318919.193, 95
Trd, 4318919.493, 94
Trd, 4318920.943, 93
Trd, 4318921.693, 95
Trd, 4318922.493, 93
Trd, 4318924.793, 85
Trd, 4318926.493, 92
Trd, 4318927.943, 95
Trd, 4318929.193, 95
Trd, 4318933.343, 94
Trd, 4318934.893, 93
Trd, 4318935.143, 94
Trd, 4318936.093, 93
Trd, 4318936.893, 92
Trd, 4318939.693, 92
Trd, 4318940.093, 94
Trd, 4318942.343, 94
Trd, 4318942.643, 95
Trd, 4318943.743, 91
Trd, 4318944.193, 95
Trd, 4318946.793, 86
Trd, 4318946.843, 89
Trd, 4318946.943, 93
Trd, 4318947.443, 104
Trd, 4318950.243, 86
Trd, 4318951.643, 92
Trd, 4318952.993, 91
Trd, 4318955.193, 95
Trd, 4318955.743, 95
Trd, 4318958.143, 92
Trd, 4318958.793, 95
Trd, 4318959.393, 95
Trd, 4318960.293, 95
Trd, 4318961.093, 95
Trd, 4318962.543, 92
Trd, 4318963.493, 92
Trd, 4318964.793, 93
Trd, 4318965.693, 92
Trd, 4318966.593, 89
Trd, 4318968.443, 93
Trd, 4318969.193, 96
Trd, 4318969.943, 95
Trd, 4318970.343, 104
Trd, 4318972.343, 95
Trd, 4318974.843, 88
Trd, 4318976.143, 87
Trd, 4318976.793, 87
Trd, 4318976.993, 84
Trd, 4318978.043, 95
Trd, 4318978.843, 99
Trd, 4318981.793, 96
Trd, 4318981.993, 95
Trd, 4318982.093, 92
Trd, 4318985.143, 96
Trd, 4318985.293, 104
Trd, 4318987.743, 97
Trd, 4318988.143, 97
Trd, 4318988.443, 95
Trd, 4318989.743, 95
Trd, 4318989.843, 85
Trd, 4318990.843, 96
Trd, 4318991.243, 104
Trd, 4318993.193, 94
Trd, 4318994.943, 95
Trd, 4318996.193, 98
Trd, 4318999.143, 95
Trd, 4318999.293, 93
Trd, 4318999.943, 95
Trd, 4319000.543, 90
Trd, 4319002.293, 94
Trd, 4319003.543, 95
Trd, 4319003.943, 92
Trd, 4319005.043, 115
Trd, 4319006.343, 93
Trd, 4319007.443, 91
Trd, 4319008.493, 92
Trd, 4319009.693, 95
Trd, 4319011.243, 89
Trd, 4319012.643, 86
Trd, 4319012.843, 91
Trd, 4319014.043, 92
Trd, 4319017.543, 95
Trd, 4319017.743, 104
Trd, 4319020.593, 91
Trd, 4319020.893, 90
Trd, 4319021.093, 90
Trd, 4319023.843, 86
Trd, 4319024.943, 87
Trd, 4319025.543, 86
Trd, 4319025.943, 89
Trd, 4319028.443, 87
Trd, 4319028.493, 86
Trd, 4319029.093, 87
Trd, 4319029.693, 85
Trd, 4319031.293, 103
Trd, 4319033.743, 103
Trd, 4319033.943, 89
Trd, 4319034.093, 88
Trd, 4319037.643, 88
Trd, 4319039.243, 84
Trd, 4319039.593, 84
Trd, 4319041.593, 86
Trd, 4319041.893, 86
Trd, 4319043.643, 95
Trd, 4319045.243, 87
Trd, 4319045.993, 91
Trd, 4319046.343, 86
Trd, 4319049.343, 91
Trd, 4319050.043, 91
Trd, 4319051.193, 92
Trd, 4319051.693, 95
Trd, 4319052.993, 93
Trd, 4319054.593, 92
Trd, 4319054.743, 94
Trd, 4319055.943, 95
Trd, 4319058.443, 97
Trd, 4319058.843, 120
Trd, 4319061.143, 98
Trd, 4319062.293, 96
Trd, 4319065.093, 102
Trd, 4319065.643, 97
Trd, 4319066.193, 96
Trd, 4319069.043, 97
Trd, 4319069.643, 86
Trd, 4319071.343, 98
Trd, 4319072.843, 104
Trd, 4319073.443, 95
Trd, 4319075.643, 94
Trd, 4319078.093, 98
Trd, 4319078.793, 99
Trd, 4319078.943, 97
Trd, 4319082.643, 102
Trd, 4319083.543, 101
Trd, 4319083.793, 100
Trd, 4319084.543, 86
Trd, 4319086.943, 94
Trd, 4319089.743, 95
Trd, 4319090.093, 94
Trd, 4319090.543, 94
Trd, 4319091.243, 87
Trd, 4319093.493, 91
Trd, 4319093.893, 104
Trd, 4319095.493, 118
Trd, 4319096.343, 92
Trd, 4319096.543, 89
Trd, 4319098.493, 93
Trd, 4319098.943, 95
Trd, 4319100.643, 86
Trd, 4319101.593, 91
Trd, 4319103.993, 92
Trd, 4319105.193, 91
Trd, 4319106.493, 95
Trd, 4319107.243, 91
Trd, 4319107.843, 93
Trd, 4319108.343, 90
Trd, 4319110.093, 92
Trd, 4319111.843, 93
Trd, 4319112.693, 89
Trd, 4319113.493, 101
Trd, 4319114.793, 93
Trd, 4319118.343, 97
Trd, 4319118.843, 97
Trd, 4319119.893, 98
Trd, 4319120.393, 122
Trd, 4319122.643, 101
Trd, 4319123.793, 98
Trd, 4319124.493, 99
Trd, 4319124.993, 99
Trd, 4319127.093, 98
Trd, 4319127.343, 104
Trd, 4319127.493, 97
Trd, 4319131.943, 97
Trd, 4319133.643, 95
Trd, 4319134.293, 95
Trd, 4319134.343, 96
Trd, 4319134.393, 96
Trd, 4319136.943, 101
Trd, 4319137.393, 104
Trd, 4319137.543, 100
Trd, 4319138.043, 94
Trd, 4319140.543, 95
Trd, 4319141.793, 86
Trd, 4319142.443, 101
Trd, 4319146.293, 104
Trd, 4319148.393, 96
Trd, 4319149.393, 96
Trd, 4319149.943, 97
Trd, 4319150.243, 96
Trd, 4319150.593, 93
Trd, 4319151.743, 95
Trd, 4319152.793, 95
Trd, 4319152.993, 94
Trd, 4319156.943, 95
Trd, 4319157.643, 93
Trd, 4319157.743, 95
Trd, 4319159.743, 95
Trd, 4319160.593, 96
Trd, 4319161.493, 92
Trd, 4319163.543, 93
Trd, 4319163.893, 95
Trd, 4319164.693, 121
Trd, 4319167.693, 104
Trd, 4319168.393, 109
Trd, 4319168.793, 105
Trd, 4319171.743, 105
Trd, 4319172.343, 105
Trd, 4319172.393, 94
Trd, 4319175.193, 91
Trd, 4319175.243, 93
Trd, 4319178.143, 93
Trd, 4319179.093, 122
Trd, 4319180.093, 91
Trd, 4319181.593, 90
Trd, 4319182.643, 96
Trd, 4319183.343, 87
Trd, 4319183.643, 93
Trd, 4319185.893, 122
Trd, 4319187.793, 102
Trd, 4319188.743, 102
Trd, 4319190.443, 104
Trd, 4319191.543, 103
Trd, 4319191.643, 102
Trd, 4319194.043, 98
Trd, 4319194.093, 98
Trd, 4319194.293, 96
Trd, 4319195.293, 98
Trd, 4319196.343, 94
Trd, 4319198.043, 103
Trd, 4319199.443, 101
Trd, 4319199.843, 101
Trd, 4319201.693, 84
Trd, 4319202.193, 89
Trd, 4319204.143, 88
Trd, 4319204.693, 82
Trd, 4319205.293, 83
Trd, 4319207.843, 86
Trd, 4319208.093, 86
Trd, 4319208.693, 83
Trd, 4319212.243, 87
Trd, 4319213.993, 88
Trd, 4319215.443, 88
Trd, 4319215.943, 92
Trd, 4319218.643, 90
Trd, 4319219.643, 88
Trd, 4319220.743, 89
Trd, 4319220.793, 87
Trd, 4319221.493, 90
Trd, 4319222.193, 88
Trd, 4319224.043, 104
Trd, 4319224.443, 122
Trd, 4319225.793, 87
Trd, 4319228.343, 87
Trd, 4319229.443, 90
Trd, 4319231.293, 90
Trd, 4319231.543, 87
Trd, 4319235.543, 90
Trd, 4319236.193, 89
Trd, 4319237.643, 90
Trd, 4319237.743, 91
Trd, 4319239.943, 89
Trd, 4319241.043, 91
Trd, 4319243.293, 89
Trd, 4319244.343, 86
Trd, 4319245.193, 87
Trd, 4319245.793, 88
Trd, 4319246.993, 88
Trd, 4319250.793, 94
Trd, 4319251.093, 101
Trd, 4319251.543, 93
Trd, 4319252.743, 96
Trd, 4319253.543, 104
Trd, 4319255.893, 95
Trd, 4319257.293, 86
Trd, 4319257.893, 86
Trd, 4319258.343, 86
Trd, 4319258.543, 122
Trd, 4319259.343, 89
Trd, 4319260.643, 90
Trd, 4319262.343, 90
Trd, 4319264.543, 92
Trd, 4319264.843, 89
Trd, 4319266.293, 92
Trd, 4319266.493, 86
Trd, 4319267.993, 91
Trd, 4319268.893, 90
Trd, 4319270.243, 91
Trd, 4319272.793, 93
Trd, 4319273.143, 104
Trd, 4319273.843, 93
Trd, 4319276.093, 96
Trd, 4319276.593, 97
Trd, 4319277.743, 104
Trd, 4319280.693, 96
Trd, 4319282.743, 96
Trd, 4319283.343, 95
Trd, 4319284.193, 96
Trd, 4319284.943, 94
Trd, 4319285.043, 85
Trd, 4319285.793, 93
Trd, 4319286.193, 96
Trd, 4319289.193, 94
Trd, 4319289.393, 93
Trd, 4319290.993, 104
Trd, 4319291.943, 95
Trd, 4319292.793, 122
Trd, 4319292.993, 96
Trd, 4319296.193, 101
Trd, 4319297.043, 100
Trd, 4319297.843, 101
Trd, 4319299.793, 98
Trd, 4319300.043, 96
Trd, 4319300.743, 100
Trd, 4319302.493, 100
Trd, 4319305.343, 100
Trd, 4319305.643, 98
Trd, 4319307.143, 96
Trd, 4319307.593, 94
Trd, 4319310.093, 96
Trd, 4319311.793, 95
Trd, 4319311.943, 97
Trd, 4319313.443, 94
Trd, 4319315.543, 99
Trd, 4319315.693, 95
Trd, 4319317.043, 102
Trd, 4319317.743, 97
Trd, 4319317.993, 94
Trd, 4319320.143, 101
Trd, 4319321.643, 97
Trd, 4319322.143, 122
Trd, 4319325.093, 104
Trd, 4319325.493, 104
Trd, 4319326.643, 99
Trd, 4319328.693, 103
Trd, 4319329.443, 101
Trd, 4319331.493, 95
Trd, 4319331.743, 104
Trd, 4319335.893, 98
Trd, 4319336.093, 104
Trd, 4319337.193, 95
Trd, 4319337.743, 97
Trd, 4319340.093, 96
Trd, 4319340.943, 97
Trd, 4319341.443, 96
Trd, 4319342.243, 94
Trd, 4319345.393, 92
Trd, 4319346.893, 91
Trd, 4319348.193, 96
Trd, 4319348.543, 104
Trd, 4319349.293, 97
Trd, 4319350.243, 96
Trd, 4319351.543, 94
Trd, 4319351.893, 87
Trd, 4319352.293, 94
Trd, 4319356.193, 95
Trd, 4319357.193, 94
Trd, 4319357.593, 93
Trd, 4319360.543, 95
Trd, 4319360.793, 94
Trd, 4319361.743, 91
Trd, 4319361.943, 94
Trd, 4319364.693, 92
Trd, 4319368.293, 92
Trd, 4319368.393, 91
Trd, 4319368.643, 94
Trd, 4319368.943, 95
Trd, 4319372.593, 95
Trd, 4319372.893, 100
Trd, 4319373.543, 95
Trd, 4319373.743, 98
Trd, 4319374.893, 92
Trd, 4319375.593, 79
Trd, 4319376.193, 91
Trd, 4319376.843, 89
Trd, 4319380.393, 96
Trd, 4319380.893, 94
Trd, 4319382.493, 87
Trd, 4319383.843, 92
Trd, 4319384.393, 85
Trd, 4319385.843, 95
Trd, 4319386.743, 94
Trd, 4319387.143, 93
Trd, 4319388.093, 104
Trd, 4319389.793, 99
Trd, 4319390.443, 100
Trd, 4319390.543, 99
Trd, 4319392.843, 102
Trd, 4319394.293, 100
Trd, 4319394.443, 102
Trd, 4319397.543, 102
Trd, 4319398.443, 99
Trd, 4319399.493, 94
Trd, 4319402.093, 87
Trd, 4319404.193, 89
Trd, 4319404.493, 89
Trd, 4319404.893, 89
Trd, 4319406.093, 95
Trd, 4319406.493, 92
Trd, 4319407.743, 94
Trd, 4319410.493, 95
Trd, 4319411.193, 93
Trd, 4319413.543, 94
Trd, 4319415.343, 103
Trd, 4319415.493, 104
Trd, 4319417.493, 100
Trd, 4319417.993, 97
Trd, 4319421.843, 100
Trd, 4319422.693, 97
Trd, 4319424.093, 94
Trd, 4319424.443, 98
Trd, 4319425.393, 104
Trd, 4319426.543, 101
Trd, 4319427.743, 121
Trd, 4319428.693, 104
Trd, 4319429.743, 98
Trd, 4319430.593, 99
Trd, 4319430.943, 101
Trd, 4319432.093, 88
Trd, 4319432.393, 92
Trd, 4319433.143, 92
Trd, 4319436.443, 97
Trd, 4319437.943, 95
Trd, 4319439.243, 97
Trd, 4319439.443, 94
Trd, 4319440.293, 92
Trd, 4319441.843, 95
Trd, 4319442.043, 94
Trd, 4319442.943, 104
Trd, 4319444.643, 95
Trd, 4319444.843, 92
Trd, 4319445.943, 104
Trd, 4319449.643, 100
Trd, 4319449.743, 100
Trd, 4319452.143, 99
Trd, 4319452.543, 98
Trd, 4319454.293, 119
Trd, 4319456.393, 100
Trd, 4319456.943, 105
Trd, 4319458.143, 94
Trd, 4319459.993, 98
Trd, 4319461.793, 94
Trd, 4319461.943, 97
Trd, 4319463.093, 91
Trd, 4319463.893, 90
Trd, 4319467.293, 91
Trd, 4319467.993, 91
Trd, 4319468.093, 90
Trd, 4319469.043, 92
Trd, 4319469.893, 88
Trd, 4319470.893, 121
Trd, 4319472.193, 104
Trd, 4319474.843, 96
Trd, 4319475.293, 96
Trd, 4319475.493, 95
Trd, 4319477.493, 94
Trd, 4319478.543, 104
Trd, 4319479.393, 102
Trd, 4319480.043, 94
Trd, 4319482.543, 100
Trd, 4319482.793, 98
Trd, 4319482.893, 98
Trd, 4319483.443, 101
Trd, 4319486.643, 102
Trd, 4319488.593, 102
Trd, 4319490.043, 102
Trd, 4319490.193, 99
Trd, 4319490.593, 86
Trd, 4319491.343, 102
Trd, 4319493.593, 104
Trd, 4319493.943, 98
Trd, 4319495.593, 103
Trd, 4319496.543, 99
Trd, 4319497.143, 100
Trd, 4319499.143, 96
Trd, 4319500.843, 96
Trd, 4319501.193, 97
Trd, 4319502.293, 96
Trd, 4319503.193, 96
Trd, 4319503.343, 117
Trd, 4319504.443, 93
Trd, 4319505.643, 94
Trd, 4319507.393, 94
Trd, 4319510.093, 98
Trd, 4319510.243, 104
Trd, 4319510.843, 99
Trd, 4319511.543, 98
Trd, 4319513.043, 97
Trd, 4319513.943, 96
Trd, 4319515.143, 98
Trd, 4319516.043, 85
Trd, 4319517.293, 98
Trd, 4319517.393, 104
Trd, 4319517.543, 96
Trd, 4319518.643, 101
Trd, 4319519.143, 96
Trd, 4319523.643, 96
Trd, 4319524.043, 95
Trd, 4319524.243, 95
Trd, 4319524.493, 94
Trd, 4319526.443, 96
Trd, 4319527.493, 103
Trd, 4319527.743, 94
Trd, 4319528.743, 93
Trd, 4319531.093, 94
Trd, 4319532.993, 94
Trd, 4319533.293, 95
Trd, 4319533.643, 95
Trd, 4319534.343, 93
Trd, 4319539.593, 95
Trd, 4319540.643, 92
Trd, 4319541.143, 95
Trd, 4319541.643, 94
Trd, 4319544.693, 92
Trd, 4319545.593, 91
Trd, 4319547.093, 93
Trd, 4319547.893, 92
Trd, 4319550.743, 89
Trd, 4319550.993, 88
Trd, 4319551.143, 90
Trd, 4319551.393, 95
Trd, 4319551.843, 85
Trd, 4319553.643, 88
Trd, 4319556.193, 93
Trd, 4319556.943, 92
Trd, 4319558.593, 93
Trd, 4319558.743, 90
Trd, 4319558.893, 94
Trd, 4319562.043, 98
Trd, 4319562.793, 97
Trd, 4319564.293, 120
Trd, 4319565.793, 106
Trd, 4319566.093, 104
Trd, 4319570.393, 107
Trd, 4319570.743, 105
Trd, 4319570.793, 108
Trd, 4319572.793, 102
Trd, 4319573.993, 104
Trd, 4319574.993, 120
Trd, 4319576.043, 104
Trd, 4319576.643, 94
Trd, 4319579.193, 96
Trd, 4319581.493, 99
Trd, 4319582.143, 100
Trd, 4319582.593, 101
Trd, 4319583.543, 101
Trd, 4319584.243, 94
Trd, 4319585.143, 91
Trd, 4319585.943, 91
Trd, 4319586.743, 87
Trd, 4319592.043, 92
Trd, 4319592.143, 92
Trd, 4319592.643, 95
Trd, 4319592.743, 91
Trd, 4319593.293, 93
Trd, 4319594.193, 95
Trd, 4319594.943, 93
Trd, 4319597.193, 95
Trd, 4319597.693, 95
Trd, 4319599.843, 103
Trd, 4319600.243, 95
Trd, 4319602.143, 96
Trd, 4319603.593, 94
Trd, 4319605.443, 93
Trd, 4319607.093, 90
Trd, 4319607.943, 89
Trd, 4319608.043, 95
Trd, 4319610.643, 94
Trd, 4319610.743, 94
Trd, 4319610.843, 92
Trd, 4319610.943, 122
Trd, 4319614.043, 104
Trd, 4319614.343, 94
Trd, 4319615.143, 90
Trd, 4319616.593, 91
Trd, 4319617.893, 103
Trd, 4319618.893, 94
Trd, 4319620.243, 101
Trd, 4319621.043, 99
Trd, 4319621.343, 100
Trd, 4319622.793, 96
Trd, 4319624.243, 97
Trd, 4319625.693, 95
Trd, 4319628.343, 95
Trd, 4319629.193, 96
Trd, 4319629.593, 94
Trd, 4319629.893, 85
Trd, 4319630.943, 101
Trd, 4319631.793, 99
Trd, 4319632.243, 94
Trd, 4319635.343, 96
Trd, 4319636.193, 100
Trd, 4319636.443, 95
Trd, 4319638.393, 96
Trd, 4319639.243, 97
Trd, 4319641.793, 95
Trd, 4319643.093, 91
Trd, 4319643.793, 91
Trd, 4319644.143, 91
Trd, 4319644.393, 86
Trd, 4319646.543, 90
Trd, 4319646.843, 88
Trd, 4319648.693, 104
Trd, 4319649.443, 95
Trd, 4319649.993, 94
Trd, 4319651.543, 91
Trd, 4319653.143, 96
Trd, 4319653.693, 104
Trd, 4319655.443, 94
Trd, 4319656.993, 99
Trd, 4319659.193, 94
Trd, 4319659.593, 94
Trd, 4319660.043, 93
Trd, 4319660.093, 95
Trd, 4319660.693, 96
Trd, 4319663.243, 94
Trd, 4319664.543, 95
Trd, 4319665.143, 95
Trd, 4319666.843, 94
Trd, 4319667.243, 95
Trd, 4319667.643, 95
Trd, 4319668.143, 104
Trd, 4319671.093, 95
Trd, 4319671.343, 94
Trd, 4319672.143, 95
Trd, 4319673.893, 93
Trd, 4319674.743, 93
Trd, 4319675.193, 95
Trd, 4319677.943, 95
Trd, 4319678.093, 93
Trd, 4319679.243, 96
Trd, 4319679.893, 95
Trd, 4319683.693, 96
Trd, 4319684.343, 95
Trd, 4319684.493, 96
Trd, 4319684.993, 99
Trd, 4319686.093, 95
Trd, 4319688.043, 94
Trd, 4319690.043, 96
Trd, 4319690.393, 96
Trd, 4319691.393, 95
Trd, 4319693.243, 121
Trd, 4319693.493, 95
Trd, 4319696.693, 106
Trd, 4319697.043, 100
Trd, 4319699.543, 103
Trd, 4319701.143, 102
Trd, 4319701.843, 102
Trd, 4319702.443, 101
Trd, 4319702.993, 105
Trd, 4319703.843, 96
Trd, 4319706.693, 96
Trd, 4319706.893, 95
Trd, 4319707.143, 95
Trd, 4319708.643, 95
Trd, 4319709.743, 94
Trd, 4319710.643, 95
Trd, 4319711.193, 93
Trd, 4319712.043, 86
Trd, 4319713.743, 86
Trd, 4319714.143, 87
Trd, 4319715.543, 87
Trd, 4319717.143, 89
Trd, 4319717.293, 89
Trd, 4319721.093, 88
Trd, 4319722.143, 95
Trd, 4319722.743, 96
Trd, 4319722.843, 87
Trd, 4319724.443, 89
Trd, 4319724.843, 105
Trd, 4319726.493, 105
Trd, 4319726.693, 94
Trd, 4319730.793, 98
Trd, 4319732.093, 101
Trd, 4319732.743, 96
Trd, 4319735.343, 96
Trd, 4319737.293, 96
Trd, 4319738.193, 95
Trd, 4319738.293, 97
Trd, 4319740.043, 97
Trd, 4319740.193, 94
Trd, 4319740.343, 78
Trd, 4319741.543, 104
Trd, 4319742.693, 99
Trd, 4319744.793, 96
Trd, 4319746.443, 96
Trd, 4319747.593, 96
Trd, 4319747.993, 94
Trd, 4319748.393, 94
Trd, 4319751.543, 95
Trd, 4319751.693, 94
Trd, 4319752.143, 96
Trd, 4319752.443, 96
Trd, 4319756.593, 95
Trd, 4319756.693, 95
Trd, 4319757.043, 118
Trd, 4319758.993, 101
Trd, 4319762.593, 94
Trd, 4319762.743, 101
Trd, 4319763.993, 101
Trd, 4319764.993, 99
Trd, 4319766.193, 99
Trd, 4319767.143, 97
Trd, 4319769.593, 96
Trd, 4319769.743, 96
Trd, 4319770.193, 82
Trd, 4319770.893, 89
Trd, 4319773.293, 80
Trd, 4319773.793, 83
Trd, 4319773.893, 92
Trd, 4319776.243, 88
Trd, 4319777.343, 85
Trd, 4319778.993, 86
Trd, 4319779.743, 87
Trd, 4319779.793, 90
Trd, 4319780.943, 95
Trd, 4319783.443, 86
Trd, 4319787.043, 91
Trd, 4319787.493, 92
Trd, 4319788.593, 95
Trd, 4319789.493, 88
Trd, 4319789.993, 89
Trd, 4319793.193, 94
Trd, 4319794.293, 91
Trd, 4319794.993, 91
Trd, 4319798.343, 95
Trd, 4319799.843, 101
Trd, 4319800.843, 104
Trd, 4319800.893, 101
Trd, 4319801.793, 101
Trd, 4319802.243, 100
Trd, 4319804.443, 99
Trd, 4319804.993, 97
Trd, 4319805.743, 101
Trd, 4319806.093, 104
Trd, 4319807.893, 95
Trd, 4319809.343, 98
Trd, 4319809.543, 85
Trd, 4319810.793, 89
Trd, 4319811.843, 95
Trd, 4319812.643, 93
Trd, 4319813.993, 87
Trd, 4319815.393, 88
Trd, 4319815.643, 89
Trd, 4319816.893, 90
Trd, 4319819.543, 88
Trd, 4319819.843, 86
Trd, 4319821.143, 88
Trd, 4319821.943, 95
Trd, 4319822.393, 90
Trd, 4319824.143, 95
Trd, 4319824.393, 88
Trd, 4319829.143, 95
Trd, 4319829.293, 95
Trd, 4319830.993, 91
Trd, 4319833.093, 91
Trd, 4319836.493, 91
Trd, 4319836.843, 95
Trd, 4319836.993, 90
Trd, 4319839.843, 95
Trd, 4319841.543, 95
Trd, 4319841.743, 94
Trd, 4319842.843, 104
Trd, 4319844.893, 87
Trd, 4319845.143, 90
Trd, 4319845.893, 89
Trd, 4319846.443, 91
Trd, 4319846.943, 95
Trd, 4319849.343, 104
Trd, 4319849.443, 90
Trd, 4319850.093, 87
Trd, 4319853.343, 94
Trd, 4319855.093, 97
Trd, 4319856.093, 103
Trd, 4319857.643, 99
Trd, 4319857.843, 96
Trd, 4319860.793, 99
Trd, 4319861.093, 99
Trd, 4319861.393, 97
Trd, 4319863.243, 98
Trd, 4319864.043, 98
Trd, 4319866.043, 99
Trd, 4319866.143, 97
Trd, 4319869.993, 97
Trd, 4319870.893, 96
Trd, 4319872.093, 95
Trd, 4319873.093, 95
Trd, 4319873.693, 94
Trd, 4319875.893, 95
Trd, 4319877.243, 95
Trd, 4319878.543, 95
Trd, 4319878.843, 94
Trd, 4319879.343, 93
Trd, 4319879.393, 96
Trd, 4319882.143, 92
Trd, 4319882.743, 91
Trd, 4319883.343, 90
Trd, 4319883.943, 91
Trd, 4319885.643, 93
Trd, 4319886.443, 104
Trd, 4319888.743, 94
Trd, 4319889.693, 98
Trd, 4319890.693, 100
Trd, 4319891.543, 100
Trd, 4319892.843, 104
Trd, 4319894.243, 100
Trd, 4319894.693, 94
Trd, 4319896.593, 104
Trd, 4319897.943, 96
Trd, 4319899.593, 95
Trd, 4319900.593, 97
Trd, 4319901.993, 98
Trd, 4319902.993, 99
Trd, 4319904.043, 100
Trd, 4319905.793, 100
Trd, 4319906.093, 99
Trd, 4319907.193, 97
Trd, 4319910.793, 99
Trd, 4319911.193, 99
Trd, 4319911.293, 97
Trd, 4319914.643, 99
Trd, 4319914.893, 97
Trd, 4319915.643, 87
Trd, 4319917.543, 100
Trd, 4319918.493, 93
Trd, 4319919.893, 96
Trd, 4319919.943, 95
Trd, 4319922.393, 93
Trd, 4319923.593, 89
Trd, 4319923.943, 94
Trd, 4319926.293, 95
Trd, 4319926.793, 91
Trd, 4319927.793, 97
Trd, 4319928.393, 93
Trd, 4319929.043, 96
Trd, 4319930.343, 104
Trd, 4319930.693, 95
Trd, 4319931.793, 96
Trd, 4319933.993, 101
Trd, 4319935.693, 101
Trd, 4319935.743, 100
Trd, 4319935.793, 94
Trd, 4319937.243, 87
Trd, 4319938.393, 102
Trd, 4319942.243, 100
Trd, 4319942.343, 103
Trd, 4319943.343, 103
Trd, 4319945.743, 100
Trd, 4319945.943, 103
Trd, 4319948.543, 99
Trd, 4319948.993, 98
Trd, 4319949.543, 99
Trd, 4319950.643, 94
Trd, 4319953.743, 103
Trd, 4319954.043, 99
Trd, 4319955.343, 97
Trd, 4319956.543, 95
Trd, 4319956.843, 94
Trd, 4319957.643, 104
Trd, 4319958.243, 99
Trd, 4319961.293, 99
Trd, 4319961.393, 98
Trd, 4319962.543, 122
Trd, 4319964.493, 94
Trd, 4319965.643, 95
Trd, 4319965.843, 93
Trd, 4319966.543, 122
Trd, 4319970.393, 97
Trd, 4319973.543, 93
Trd, 4319973.893, 94
Trd, 4319974.243, 94
Trd, 4319975.193, 104
Trd, 4319975.943, 93
Trd, 4319978.143, 96
Trd, 4319979.243, 95
Trd, 4319979.643, 121
Trd, 4319982.943, 100
Trd, 4319983.643, 100
Trd, 4319984.993, 101
Trd, 4319985.193, 94
Trd, 4319987.043, 104
Trd, 4319987.443, 95
Trd, 4319988.093, 93
Trd, 4319989.943, 104
Trd, 4319992.193, 100
Trd, 4319994.293, 94
Trd, 4319994.843, 95
Trd, 4319995.593, 95
Trd, 4319995.693, 85
Trd, 4319996.243, 97
Trd, 4319997.393, 93
Trd, 4319998.293, 92
