Trd, 4317840.543, 91
Trd, 4317844.593, 95
Trd, 4317845.393, 95
Trd, 4317846.593, 105
Trd, 4317846.943, 98
Trd, 4317847.643, 99
Trd, 4317848.393, 97
Trd, 4317849.893, 104
Trd, 4317850.293, 97
Trd, 4317851.343, 101
Trd, 4317851.993, 73
Trd, 4317856.643, 95
Trd, 4317856.893, 85
Trd, 4317860.693, 86
Trd, 4317860.943, 88
Trd, 4317862.343, 86
Trd, 4317862.843, 86
Trd, 4317864.293, 87
Trd, 4317866.843, 87
Trd, 4317870.593, 84
Trd, 4317870.993, 87
Trd, 4317871.743, 87
Trd, 4317874.043, 87
Trd, 4317874.443, 87
Trd, 4317875.193, 93
Trd, 4317875.543, 90
Trd, 4317877.543, 94
Trd, 4317879.343, 97
Trd, 4317879.443, 94
Trd, 4317879.793, 92
Trd, 4317879.893, 105
Trd, 4317882.943, 91
Trd, 4317883.793, 90
Trd, 4317884.893, 93
Trd, 4317888.543, 94
Trd, 4317893.143, 97
Trd, 4317893.793, 92
Trd, 4317895.043, 92
Trd, 4317896.893, 95
Trd, 4317897.143, 91
Trd, 4317898.243, 94
Trd, 4317900.293, 94
Trd, 4317902.443, 114
Trd, 4317902.793, 103
Trd, 4317903.093, 93
Trd, 4317904.993, 96
Trd, 4317905.143, 96
Trd, 4317906.093, 88
Trd, 4317906.343, 130
Trd, 4317908.743, 108
Trd, 4317910.493, 107
Trd, 4317912.943, 108
Trd, 4317914.793, 106
Trd, 4317915.043, 108
Trd, 4317918.843, 106
Trd, 4317919.293, 106
Trd, 4317919.443, 105
Trd, 4317924.443, 104
Trd, 4317924.943, 106
Trd, 4317925.343, 104
Trd, 4317925.993, 105
Trd, 4317926.443, 103
Trd, 4317929.643, 104
Trd, 4317930.193, 101
Trd, 4317933.743, 103
Trd, 4317934.143, 100
Trd, 4317934.643, 103
Trd, 4317935.343, 101
Trd, 4317940.243, 102
Trd, 4317940.443, 103
Trd, 4317941.393, 103
Trd, 4317941.843, 101
Trd, 4317942.893, 104
Trd, 4317947.743, 104
Trd, 4317948.643, 104
Trd, 4317949.793, 100
Trd, 4317950.343, 99
Trd, 4317953.643, 98
Trd, 4317955.693, 98
Trd, 4317955.743, 100
Trd, 4317957.043, 97
Trd, 4317959.193, 95
Trd, 4317960.543, 95
Trd, 4317960.793, 97
Trd, 4317962.293, 95
Trd, 4317965.443, 95
Trd, 4317965.993, 94
Trd, 4317966.043, 93
Trd, 4317968.493, 92
Trd, 4317971.593, 94
Trd, 4317972.293, 93
Trd, 4317974.643, 94
Trd, 4317975.943, 93
Trd, 4317977.643, 95
Trd, 4317979.743, 105
Trd, 4317979.893, 92
Trd, 4317986.843, 94
Trd, 4317987.093, 97
Trd, 4317987.343, 97
Trd, 4317987.893, 93
Trd, 4317988.243, 92
Trd, 4317988.893, 96
Trd, 4317990.343, 92
Trd, 4317992.643, 90
Trd, 4317993.693, 96
Trd, 4317995.093, 89
Trd, 4317998.543, 94
Trd, 4317998.793, 93
Trd, 4317999.793, 93
Trd, 4318002.643, 95
Trd, 4318003.143, 92
Trd, 4318003.293, 105
Trd, 4318004.343, 92
Trd, 4318006.343, 95
Trd, 4318006.743, 95
Trd, 4318007.393, 105
Trd, 4318008.043, 99
Trd, 4318009.993, 93
Trd, 4318015.243, 97
Trd, 4318016.343, 95
Trd, 4318016.543, 96
Trd, 4318017.443, 95
Trd, 4318018.143, 97
Trd, 4318018.343, 94
Trd, 4318022.393, 96
Trd, 4318024.693, 93
Trd, 4318025.843, 95
Trd, 4318026.393, 93
Trd, 4318027.293, 95
Trd, 4318029.043, 95
Trd, 4318030.843, 94
Trd, 4318031.443, 95
Trd, 4318031.693, 95
Trd, 4318032.293, 104
Trd, 4318033.043, 98
Trd, 4318033.843, 94
Trd, 4318035.093, 99
Trd, 4318040.943, 98
Trd, 4318042.293, 98
Trd, 4318044.793, 98
Trd, 4318045.243, 97
Trd, 4318045.693, 105
Trd, 4318046.593, 99
Trd, 4318047.443, 97
Trd, 4318049.843, 99
Trd, 4318050.243, 95
Trd, 4318051.243, 99
Trd, 4318051.843, 95
Trd, 4318057.093, 98
Trd, 4318057.293, 95
Trd, 4318057.943, 95
Trd, 4318059.093, 98
Trd, 4318060.093, 98
Trd, 4318064.543, 94
Trd, 4318065.243, 98
Trd, 4318069.943, 95
Trd, 4318071.093, 96
Trd, 4318072.893, 95
Trd, 4318075.693, 94
Trd, 4318077.193, 93
Trd, 4318077.693, 96
Trd, 4318077.743, 96
Trd, 4318082.393, 95
Trd, 4318082.843, 92
Trd, 4318083.143, 94
Trd, 4318086.493, 92
Trd, 4318086.543, 95
Trd, 4318090.493, 93
Trd, 4318090.993, 93
Trd, 4318094.093, 94
Trd, 4318094.643, 95
Trd, 4318094.943, 94
Trd, 4318095.793, 96
Trd, 4318098.543, 95
Trd, 4318099.293, 97
Trd, 4318100.793, 98
Trd, 4318101.893, 104
Trd, 4318102.293, 98
Trd, 4318102.393, 95
Trd, 4318105.493, 99
Trd, 4318106.443, 86
Trd, 4318106.493, 96
Trd, 4318107.493, 89
Trd, 4318108.443, 87
Trd, 4318110.293, 85
Trd, 4318111.193, 85
Trd, 4318113.943, 85
Trd, 4318115.193, 85
Trd, 4318117.193, 91
Trd, 4318118.293, 96
Trd, 4318119.293, 92
Trd, 4318119.993, 94
Trd, 4318120.543, 96
Trd, 4318125.493, 93
Trd, 4318126.743, 91
Trd, 4318131.143, 93
Trd, 4318131.293, 90
Trd, 4318132.793, 89
Trd, 4318133.843, 93
Trd, 4318137.793, 88
Trd, 4318137.843, 91
Trd, 4318138.993, 88
Trd, 4318140.343, 91
Trd, 4318140.743, 88
Trd, 4318142.043, 89
Trd, 4318144.543, 90
Trd, 4318145.043, 89
Trd, 4318146.143, 95
Trd, 4318147.893, 92
Trd, 4318152.343, 88
Trd, 4318152.493, 88
Trd, 4318154.243, 92
Trd, 4318154.543, 92
Trd, 4318155.293, 95
Trd, 4318156.893, 96
Trd, 4318158.293, 97
Trd, 4318158.693, 97
Trd, 4318159.043, 96
Trd, 4318160.493, 95
Trd, 4318162.593, 84
Trd, 4318162.843, 88
Trd, 4318165.793, 90
Trd, 4318166.743, 94
Trd, 4318166.893, 90
Trd, 4318167.993, 91
Trd, 4318169.343, 88
Trd, 4318171.543, 97
Trd, 4318172.293, 104
Trd, 4318174.243, 88
Trd, 4318176.793, 86
Trd, 4318179.843, 90
Trd, 4318180.543, 89
Trd, 4318181.493, 88
Trd, 4318182.443, 85
Trd, 4318184.893, 87
Trd, 4318187.693, 88
Trd, 4318188.143, 88
Trd, 4318191.443, 85
Trd, 4318193.393, 87
Trd, 4318193.743, 88
Trd, 4318194.093, 85
Trd, 4318196.243, 87
Trd, 4318196.643, 91
Trd, 4318197.543, 90
Trd, 4318197.893, 97
Trd, 4318198.093, 89
Trd, 4318198.793, 104
Trd, 4318200.293, 92
Trd, 4318203.193, 95
Trd, 4318203.293, 95
Trd, 4318204.393, 99
Trd, 4318205.093, 98
Trd, 4318206.693, 97
Trd, 4318208.943, 99
Trd, 4318209.793, 97
Trd, 4318209.893, 99
Trd, 4318210.493, 78
Trd, 4318211.943, 87
Trd, 4318213.493, 93
Trd, 4318213.543, 88
Trd, 4318214.993, 95
Trd, 4318215.843, 90
Trd, 4318219.343, 89
Trd, 4318220.693, 89
Trd, 4318220.793, 92
Trd, 4318222.993, 93
Trd, 4318223.993, 88
Trd, 4318224.343, 94
Trd, 4318224.543, 73
Trd, 4318225.143, 96
Trd, 4318227.793, 89
Trd, 4318231.243, 86
Trd, 4318233.343, 90
Trd, 4318234.393, 88
Trd, 4318235.293, 88
Trd, 4318235.843, 97
Trd, 4318236.443, 104
Trd, 4318237.343, 87
Trd, 4318240.343, 95
Trd, 4318241.743, 86
Trd, 4318242.093, 86
Trd, 4318246.293, 92
Trd, 4318246.643, 91
Trd, 4318248.493, 97
Trd, 4318249.693, 92
Trd, 4318250.393, 87
Trd, 4318252.043, 87
Trd, 4318252.343, 93
Trd, 4318253.843, 91
Trd, 4318254.893, 91
Trd, 4318256.993, 97
Trd, 4318258.043, 89
Trd, 4318259.443, 90
Trd, 4318259.493, 78
Trd, 4318262.693, 93
Trd, 4318263.393, 92
Trd, 4318263.843, 88
Trd, 4318265.793, 94
Trd, 4318266.593, 95
Trd, 4318268.093, 123
Trd, 4318268.793, 106
Trd, 4318269.943, 99
Trd, 4318272.093, 100
Trd, 4318272.343, 91
Trd, 4318273.343, 96
Trd, 4318273.693, 96
Trd, 4318274.543, 95
Trd, 4318276.543, 95
Trd, 4318277.043, 94
Trd, 4318279.543, 96
Trd, 4318282.093, 94
Trd, 4318282.193, 93
Trd, 4318282.493, 95
Trd, 4318283.543, 93
Trd, 4318286.493, 95
Trd, 4318287.893, 92
Trd, 4318288.493, 95
Trd, 4318290.593, 96
Trd, 4318294.443, 92
Trd, 4318296.493, 91
Trd, 4318296.943, 95
Trd, 4318297.693, 95
Trd, 4318298.043, 91
Trd, 4318301.793, 90
Trd, 4318301.993, 95
Trd, 4318303.793, 90
Trd, 4318303.843, 96
Trd, 4318303.993, 90
Trd, 4318305.093, 96
Trd, 4318306.293, 96
Trd, 4318309.043, 93
Trd, 4318309.943, 96
Trd, 4318312.543, 96
Trd, 4318312.643, 95
Trd, 4318316.193, 88
Trd, 4318316.343, 90
Trd, 4318317.493, 91
Trd, 4318318.793, 95
Trd, 4318319.743, 97
Trd, 4318320.043, 104
Trd, 4318321.493, 96
Trd, 4318324.093, 95
Trd, 4318324.293, 95
Trd, 4318325.293, 69
Trd, 4318326.893, 99
Trd, 4318327.543, 88
Trd, 4318332.893, 88
Trd, 4318334.143, 88
Trd, 4318334.443, 98
Trd, 4318335.593, 88
Trd, 4318337.543, 87
Trd, 4318341.443, 86
Trd, 4318341.843, 87
Trd, 4318342.743, 85
Trd, 4318345.243, 86
Trd, 4318348.343, 86
Trd, 4318348.793, 85
Trd, 4318349.293, 85
Trd, 4318350.693, 86
Trd, 4318350.893, 98
Trd, 4318354.593, 89
Trd, 4318357.493, 87
Trd, 4318357.543, 85
Trd, 4318358.293, 85
Trd, 4318359.643, 86
Trd, 4318364.793, 86
Trd, 4318365.493, 88
Trd, 4318366.043, 98
Trd, 4318367.693, 100
Trd, 4318368.643, 101
Trd, 4318369.293, 100
Trd, 4318370.243, 100
Trd, 4318371.493, 101
Trd, 4318372.593, 89
Trd, 4318373.443, 88
Trd, 4318374.243, 87
Trd, 4318374.893, 88
Trd, 4318376.043, 101
Trd, 4318377.793, 94
Trd, 4318378.943, 95
Trd, 4318380.893, 95
Trd, 4318381.843, 97
Trd, 4318381.943, 105
Trd, 4318383.243, 118
Trd, 4318384.093, 116
Trd, 4318385.093, 110
Trd, 4318387.143, 111
Trd, 4318388.193, 110
Trd, 4318389.643, 102
Trd, 4318393.743, 107
Trd, 4318393.943, 107
Trd, 4318394.993, 104
Trd, 4318397.493, 106
Trd, 4318399.493, 103
Trd, 4318399.593, 106
Trd, 4318402.493, 102
Trd, 4318407.943, 102
Trd, 4318409.843, 102
Trd, 4318410.543, 104
Trd, 4318413.793, 101
Trd, 4318415.443, 102
Trd, 4318415.643, 105
Trd, 4318417.193, 101
Trd, 4318417.243, 106
Trd, 4318417.893, 101
Trd, 4318418.493, 107
Trd, 4318419.543, 106
Trd, 4318421.843, 105
Trd, 4318422.293, 105
Trd, 4318422.993, 108
Trd, 4318425.143, 107
Trd, 4318425.893, 103
Trd, 4318428.043, 92
Trd, 4318428.693, 97
Trd, 4318429.793, 95
Trd, 4318430.843, 96
Trd, 4318430.943, 104
Trd, 4318431.743, 95
Trd, 4318434.493, 95
Trd, 4318435.143, 99
Trd, 4318437.243, 94
Trd, 4318438.893, 94
Trd, 4318439.643, 93
Trd, 4318440.243, 100
Trd, 4318445.043, 91
Trd, 4318448.343, 92
Trd, 4318448.593, 95
Trd, 4318448.793, 91
Trd, 4318449.893, 95
Trd, 4318450.343, 89
Trd, 4318450.443, 93
Trd, 4318454.093, 92
Trd, 4318454.193, 93
Trd, 4318454.393, 88
Trd, 4318454.593, 95
Trd, 4318458.393, 90
Trd, 4318459.393, 91
Trd, 4318459.543, 93
Trd, 4318460.293, 100
Trd, 4318460.793, 89
Trd, 4318461.893, 92
Trd, 4318463.743, 93
Trd, 4318464.193, 102
Trd, 4318466.243, 100
Trd, 4318469.343, 98
Trd, 4318469.693, 98
Trd, 4318470.443, 97
Trd, 4318471.693, 95
Trd, 4318473.293, 93
Trd, 4318474.643, 98
Trd, 4318475.443, 104
Trd, 4318476.443, 100
Trd, 4318477.143, 99
Trd, 4318477.743, 102
Trd, 4318479.643, 97
Trd, 4318480.393, 95
Trd, 4318483.843, 97
Trd, 4318486.693, 95
Trd, 4318486.843, 96
Trd, 4318486.893, 95
Trd, 4318490.593, 95
Trd, 4318491.893, 96
Trd, 4318491.943, 93
Trd, 4318492.593, 97
Trd, 4318494.843, 91
Trd, 4318498.793, 94
Trd, 4318500.443, 91
Trd, 4318501.393, 90
Trd, 4318502.643, 94
Trd, 4318504.343, 90
Trd, 4318506.043, 93
Trd, 4318512.243, 90
Trd, 4318513.293, 90
Trd, 4318514.043, 93
Trd, 4318515.043, 88
Trd, 4318516.443, 93
Trd, 4318517.643, 89
Trd, 4318518.443, 95
Trd, 4318519.343, 96
Trd, 4318520.793, 96
Trd, 4318521.293, 96
Trd, 4318523.193, 96
Trd, 4318525.343, 96
Trd, 4318525.793, 95
Trd, 4318526.593, 94
Trd, 4318529.593, 93
Trd, 4318529.693, 91
Trd, 4318532.043, 97
Trd, 4318533.193, 90
Trd, 4318534.343, 95
Trd, 4318535.193, 90
Trd, 4318536.993, 96
Trd, 4318537.493, 89
Trd, 4318539.293, 94
Trd, 4318539.593, 95
Trd, 4318542.443, 91
Trd, 4318545.393, 90
Trd, 4318547.443, 89
Trd, 4318548.393, 92
Trd, 4318549.543, 88
Trd, 4318551.043, 93
Trd, 4318552.843, 95
Trd, 4318555.643, 94
Trd, 4318556.393, 92
Trd, 4318558.493, 92
Trd, 4318558.743, 94
Trd, 4318562.693, 91
Trd, 4318562.943, 94
Trd, 4318563.293, 94
Trd, 4318564.293, 93
Trd, 4318566.893, 92
Trd, 4318569.293, 95
Trd, 4318571.343, 93
Trd, 4318572.143, 95
Trd, 4318572.843, 96
Trd, 4318574.493, 96
Trd, 4318575.793, 93
Trd, 4318576.493, 95
Trd, 4318579.293, 92
Trd, 4318580.693, 92
Trd, 4318582.343, 94
Trd, 4318583.293, 94
Trd, 4318587.343, 93
Trd, 4318587.893, 94
Trd, 4318591.493, 92
Trd, 4318593.543, 95
Trd, 4318593.943, 94
Trd, 4318594.093, 95
Trd, 4318594.893, 93
Trd, 4318597.043, 92
Trd, 4318597.243, 94
Trd, 4318598.893, 90
Trd, 4318599.093, 95
Trd, 4318599.393, 128
Trd, 4318602.193, 99
Trd, 4318604.543, 96
Trd, 4318607.443, 96
Trd, 4318607.943, 95
Trd, 4318608.393, 97
Trd, 4318609.643, 99
Trd, 4318610.593, 93
Trd, 4318612.243, 97
Trd, 4318613.093, 97
Trd, 4318613.143, 104
Trd, 4318613.893, 99
Trd, 4318614.543, 96
Trd, 4318617.643, 99
Trd, 4318619.293, 96
Trd, 4318620.493, 99
Trd, 4318621.993, 95
Trd, 4318623.693, 98
Trd, 4318624.243, 99
Trd, 4318625.843, 99
Trd, 4318626.893, 96
Trd, 4318627.643, 85
Trd, 4318630.793, 104
Trd, 4318631.493, 97
Trd, 4318633.743, 97
Trd, 4318636.193, 99
Trd, 4318637.093, 96
Trd, 4318638.893, 99
Trd, 4318640.043, 96
Trd, 4318642.043, 100
Trd, 4318643.793, 100
Trd, 4318645.643, 99
Trd, 4318647.693, 96
Trd, 4318650.143, 95
Trd, 4318651.043, 99
Trd, 4318651.343, 94
Trd, 4318651.693, 99
Trd, 4318657.593, 97
Trd, 4318657.843, 93
Trd, 4318658.343, 97
Trd, 4318662.393, 92
Trd, 4318664.493, 95
Trd, 4318664.843, 95
Trd, 4318665.393, 95
Trd, 4318666.143, 93
Trd, 4318666.793, 92
Trd, 4318668.643, 94
Trd, 4318673.843, 92
Trd, 4318673.893, 92
Trd, 4318673.993, 95
Trd, 4318675.893, 95
Trd, 4318676.193, 104
Trd, 4318677.843, 89
Trd, 4318678.343, 99
Trd, 4318680.443, 92
Trd, 4318682.343, 90
Trd, 4318683.943, 95
Trd, 4318684.693, 88
Trd, 4318688.693, 86
Trd, 4318689.043, 90
Trd, 4318689.293, 86
Trd, 4318689.643, 90
Trd, 4318692.343, 85
Trd, 4318694.043, 86
Trd, 4318695.843, 86
Trd, 4318697.293, 104
Trd, 4318697.943, 95
Trd, 4318698.243, 91
Trd, 4318699.893, 92
Trd, 4318703.543, 93
Trd, 4318704.843, 91
Trd, 4318704.943, 94
Trd, 4318708.043, 90
Trd, 4318708.643, 94
Trd, 4318710.243, 90
Trd, 4318714.393, 94
Trd, 4318714.643, 89
Trd, 4318716.293, 95
Trd, 4318716.693, 89
Trd, 4318718.393, 93
Trd, 4318718.843, 94
Trd, 4318721.043, 91
Trd, 4318723.893, 94
Trd, 4318724.843, 93
Trd, 4318725.793, 93
Trd, 4318726.293, 95
Trd, 4318727.043, 93
Trd, 4318727.793, 95
Trd, 4318728.093, 95
Trd, 4318730.343, 94
Trd, 4318731.043, 96
Trd, 4318732.393, 93
Trd, 4318732.893, 93
Trd, 4318733.993, 96
Trd, 4318737.043, 96
Trd, 4318739.593, 93
Trd, 4318740.393, 95
Trd, 4318743.493, 95
Trd, 4318744.493, 93
Trd, 4318745.143, 95
Trd, 4318745.593, 94
Trd, 4318746.093, 93
Trd, 4318748.293, 94
Trd, 4318748.743, 92
Trd, 4318750.893, 96
Trd, 4318752.443, 93
Trd, 4318753.193, 93
Trd, 4318755.243, 95
Trd, 4318756.143, 105
Trd, 4318756.243, 94
Trd, 4318757.193, 78
Trd, 4318760.443, 99
Trd, 4318761.543, 98
Trd, 4318761.593, 95
Trd, 4318761.893, 93
Trd, 4318764.493, 99
Trd, 4318765.193, 105
Trd, 4318767.243, 103
Trd, 4318770.243, 99
Trd, 4318770.893, 104
Trd, 4318771.843, 98
Trd, 4318772.843, 91
Trd, 4318777.443, 102
Trd, 4318778.043, 98
Trd, 4318778.643, 97
Trd, 4318779.193, 97
Trd, 4318779.493, 101
Trd, 4318781.793, 102
Trd, 4318784.643, 99
Trd, 4318785.493, 102
Trd, 4318785.893, 98
Trd, 4318788.193, 103
Trd, 4318790.593, 98
Trd, 4318793.093, 99
Trd, 4318794.293, 103
Trd, 4318796.443, 100
Trd, 4318799.593, 100
Trd, 4318800.843, 103
Trd, 4318800.993, 103
Trd, 4318803.493, 100
Trd, 4318803.843, 99
Trd, 4318806.243, 101
Trd, 4318806.843, 100
Trd, 4318808.593, 100
Trd, 4318808.943, 99
Trd, 4318811.493, 100
Trd, 4318812.893, 99
Trd, 4318813.643, 98
Trd, 4318813.943, 100
Trd, 4318814.043, 102
Trd, 4318815.043, 97
Trd, 4318817.643, 102
Trd, 4318820.243, 100
Trd, 4318821.293, 99
Trd, 4318821.693, 97
Trd, 4318822.643, 97
Trd, 4318823.893, 99
Trd, 4318826.093, 97
Trd, 4318827.843, 97
Trd, 4318830.693, 95
Trd, 4318833.793, 94
Trd, 4318835.293, 96
Trd, 4318837.793, 94
Trd, 4318840.743, 95
Trd, 4318840.943, 94
Trd, 4318841.643, 95
Trd, 4318843.793, 94
Trd, 4318844.593, 93
Trd, 4318844.893, 94
Trd, 4318845.243, 87
Trd, 4318846.393, 95
Trd, 4318848.143, 94
Trd, 4318849.293, 92
Trd, 4318851.693, 87
Trd, 4318851.943, 86
Trd, 4318852.993, 90
Trd, 4318854.443, 95
Trd, 4318857.643, 91
Trd, 4318857.693, 104
Trd, 4318858.493, 88
Trd, 4318859.293, 87
Trd, 4318861.393, 85
Trd, 4318862.243, 93
Trd, 4318864.493, 88
Trd, 4318866.043, 91
Trd, 4318866.993, 92
Trd, 4318867.443, 88
Trd, 4318869.293, 92
Trd, 4318871.093, 95
Trd, 4318871.593, 93
Trd, 4318872.143, 93
Trd, 4318872.443, 94
Trd, 4318874.193, 92
Trd, 4318875.743, 95
Trd, 4318876.243, 93
Trd, 4318877.193, 95
Trd, 4318879.643, 95
Trd, 4318880.043, 94
Trd, 4318880.793, 93
Trd, 4318882.693, 93
Trd, 4318883.893, 96
Trd, 4318886.593, 97
Trd, 4318886.793, 92
Trd, 4318888.343, 97
Trd, 4318888.593, 90
Trd, 4318889.743, 90
Trd, 4318894.093, 93
Trd, 4318894.243, 97
Trd, 4318895.143, 94
Trd, 4318895.893, 95
Trd, 4318896.893, 93
Trd, 4318898.843, 94
Trd, 4318900.993, 96
Trd, 4318901.793, 93
Trd, 4318902.243, 96
Trd, 4318903.393, 98
Trd, 4318903.893, 104
Trd, 4318904.693, 113
Trd, 4318906.293, 98
Trd, 4318911.993, 102
Trd, 4318912.243, 103
Trd, 4318913.643, 103
Trd, 4318913.693, 104
Trd, 4318913.843, 91
Trd, 4318916.393, 96
Trd, 4318916.993, 103
Trd, 4318917.193, 104
Trd, 4318919.043, 100
Trd, 4318919.343, 99
Trd, 4318922.593, 98
Trd, 4318924.193, 100
Trd, 4318924.493, 101
Trd, 4318926.043, 98
Trd, 4318928.443, 100
Trd, 4318932.193, 98
Trd, 4318933.143, 97
Trd, 4318933.543, 97
Trd, 4318934.343, 99
Trd, 4318935.243, 97
Trd, 4318935.693, 104
Trd, 4318938.193, 96
Trd, 4318939.293, 102
Trd, 4318939.993, 97
Trd, 4318940.143, 104
Trd, 4318943.243, 97
Trd, 4318946.043, 96
Trd, 4318946.193, 99
Trd, 4318947.793, 98
Trd, 4318950.793, 98
Trd, 4318953.043, 97
Trd, 4318953.443, 97
Trd, 4318956.093, 99
Trd, 4318956.343, 99
Trd, 4318957.543, 97
Trd, 4318957.593, 95
Trd, 4318959.043, 105
Trd, 4318959.593, 94
Trd, 4318960.843, 95
Trd, 4318962.143, 86
Trd, 4318962.743, 92
Trd, 4318964.143, 92
Trd, 4318964.843, 101
Trd, 4318967.143, 94
Trd, 4318967.593, 96
Trd, 4318968.493, 99
Trd, 4318969.693, 93
Trd, 4318971.343, 97
Trd, 4318974.893, 95
Trd, 4318978.093, 94
Trd, 4318978.193, 93
Trd, 4318979.093, 95
Trd, 4318983.293, 95
Trd, 4318984.893, 95
Trd, 4318985.443, 93
Trd, 4318987.093, 95
Trd, 4318988.393, 105
Trd, 4318990.743, 99
Trd, 4318991.543, 93
Trd, 4318991.893, 93
Trd, 4318992.043, 98
Trd, 4318993.643, 91
Trd, 4318994.543, 90
Trd, 4318996.843, 90
Trd, 4318997.943, 98
Trd, 4318998.793, 89
Trd, 4319001.293, 93
Trd, 4319003.743, 87
Trd, 4319004.493, 93
Trd, 4319007.493, 89
Trd, 4319007.593, 98
Trd, 4319007.993, 95
Trd, 4319010.443, 95
Trd, 4319010.943, 93
Trd, 4319014.143, 93
Trd, 4319014.643, 95
Trd, 4319015.243, 95
Trd, 4319015.693, 93
Trd, 4319018.593, 92
Trd, 4319021.843, 95
Trd, 4319023.293, 96
Trd, 4319023.593, 91
Trd, 4319024.793, 98
Trd, 4319025.493, 92
Trd, 4319027.743, 97
Trd, 4319028.793, 106
Trd, 4319030.293, 91
Trd, 4319032.143, 95
Trd, 4319033.693, 95
Trd, 4319034.843, 93
Trd, 4319035.143, 101
Trd, 4319037.793, 87
Trd, 4319038.143, 86
Trd, 4319039.393, 95
Trd, 4319044.043, 86
Trd, 4319044.443, 88
Trd, 4319045.693, 95
Trd, 4319047.443, 92
Trd, 4319048.243, 92
Trd, 4319048.843, 89
Trd, 4319049.293, 107
Trd, 4319052.943, 96
Trd, 4319056.943, 94
Trd, 4319058.843, 93
Trd, 4319059.893, 93
Trd, 4319061.443, 95
Trd, 4319064.393, 92
Trd, 4319065.393, 90
Trd, 4319065.793, 93
Trd, 4319068.743, 93
Trd, 4319069.343, 93
Trd, 4319072.293, 94
Trd, 4319072.343, 95
Trd, 4319072.643, 107
Trd, 4319072.693, 89
Trd, 4319075.043, 99
Trd, 4319075.293, 97
Trd, 4319077.093, 99
Trd, 4319078.043, 97
Trd, 4319078.443, 102
Trd, 4319078.543, 97
Trd, 4319080.643, 101
Trd, 4319083.393, 99
Trd, 4319086.743, 96
Trd, 4319086.993, 99
Trd, 4319087.043, 96
Trd, 4319090.243, 97
Trd, 4319090.793, 99
Trd, 4319091.293, 99
Trd, 4319093.743, 98
Trd, 4319094.143, 97
Trd, 4319095.793, 97
Trd, 4319097.493, 97
Trd, 4319098.693, 98
Trd, 4319100.643, 96
Trd, 4319102.543, 97
Trd, 4319102.893, 95
Trd, 4319103.393, 97
Trd, 4319106.393, 96
Trd, 4319107.643, 97
Trd, 4319109.093, 98
Trd, 4319111.743, 97
Trd, 4319112.293, 96
Trd, 4319112.893, 94
Trd, 4319115.193, 98
Trd, 4319116.943, 105
Trd, 4319117.593, 104
Trd, 4319117.943, 118
Trd, 4319118.293, 96
Trd, 4319121.893, 88
Trd, 4319122.093, 89
Trd, 4319122.793, 92
Trd, 4319124.993, 96
Trd, 4319125.943, 105
Trd, 4319127.493, 98
Trd, 4319128.643, 95
Trd, 4319129.193, 94
Trd, 4319132.243, 99
Trd, 4319134.293, 93
Trd, 4319134.443, 99
Trd, 4319136.093, 99
Trd, 4319138.693, 92
Trd, 4319138.743, 92
Trd, 4319140.093, 96
Trd, 4319140.843, 92
Trd, 4319143.393, 96
Trd, 4319144.593, 92
Trd, 4319144.693, 92
Trd, 4319147.743, 95
Trd, 4319152.593, 96
Trd, 4319152.793, 96
Trd, 4319152.943, 93
Trd, 4319154.093, 96
Trd, 4319154.543, 94
Trd, 4319158.693, 95
Trd, 4319159.943, 93
Trd, 4319160.243, 93
Trd, 4319160.293, 95
Trd, 4319162.193, 95
Trd, 4319162.843, 92
Trd, 4319164.543, 83
Trd, 4319164.843, 95
Trd, 4319165.843, 93
Trd, 4319167.743, 87
Trd, 4319172.743, 86
Trd, 4319175.093, 91
Trd, 4319175.593, 87
Trd, 4319175.643, 91
Trd, 4319176.543, 86
Trd, 4319177.893, 97
Trd, 4319178.743, 90
Trd, 4319180.193, 87
Trd, 4319182.543, 88
Trd, 4319183.893, 88
Trd, 4319185.543, 90
Trd, 4319188.143, 88
Trd, 4319191.293, 90
Trd, 4319192.143, 90
Trd, 4319192.593, 88
Trd, 4319195.143, 91
Trd, 4319196.093, 90
Trd, 4319199.943, 92
Trd, 4319200.093, 90
Trd, 4319200.993, 95
Trd, 4319202.843, 90
Trd, 4319203.843, 92
Trd, 4319204.293, 92
Trd, 4319204.493, 91
Trd, 4319205.793, 92
Trd, 4319206.043, 93
Trd, 4319207.143, 90
Trd, 4319209.243, 91
Trd, 4319211.843, 90
Trd, 4319212.793, 92
Trd, 4319213.043, 91
Trd, 4319214.593, 95
Trd, 4319216.743, 95
Trd, 4319217.993, 90
Trd, 4319219.193, 95
Trd, 4319222.143, 90
Trd, 4319223.693, 89
Trd, 4319224.793, 96
Trd, 4319225.943, 96
Trd, 4319228.893, 96
Trd, 4319229.443, 97
Trd, 4319230.093, 96
Trd, 4319233.243, 97
Trd, 4319234.393, 97
Trd, 4319234.943, 94
Trd, 4319237.193, 95
Trd, 4319238.293, 95
Trd, 4319238.943, 94
Trd, 4319239.343, 95
Trd, 4319241.093, 93
Trd, 4319242.043, 93
Trd, 4319242.543, 99
Trd, 4319244.043, 97
Trd, 4319246.793, 97
Trd, 4319246.993, 96
Trd, 4319247.743, 96
Trd, 4319254.043, 96
Trd, 4319255.693, 95
Trd, 4319260.593, 94
Trd, 4319261.643, 95
Trd, 4319262.793, 95
Trd, 4319263.293, 96
Trd, 4319265.593, 93
Trd, 4319265.793, 92
Trd, 4319266.443, 97
Trd, 4319267.093, 97
Trd, 4319268.343, 92
Trd, 4319268.993, 97
Trd, 4319273.993, 96
Trd, 4319274.543, 96
Trd, 4319275.943, 92
Trd, 4319277.743, 96
Trd, 4319278.393, 97
Trd, 4319279.093, 98
Trd, 4319280.193, 96
Trd, 4319280.643, 96
Trd, 4319280.943, 99
Trd, 4319282.243, 95
Trd, 4319284.243, 99
Trd, 4319285.043, 104
Trd, 4319285.543, 108
Trd, 4319286.993, 108
Trd, 4319289.643, 107
Trd, 4319290.293, 106
Trd, 4319292.643, 104
Trd, 4319294.743, 107
Trd, 4319298.093, 103
Trd, 4319299.743, 106
Trd, 4319301.443, 104
Trd, 4319301.493, 104
Trd, 4319302.643, 105
Trd, 4319303.243, 104
Trd, 4319304.793, 93
Trd, 4319304.993, 94
Trd, 4319305.693, 98
Trd, 4319306.293, 104
Trd, 4319307.993, 100
Trd, 4319310.643, 92
Trd, 4319311.793, 90
Trd, 4319313.593, 96
Trd, 4319313.743, 91
Trd, 4319315.343, 90
Trd, 4319317.143, 92
Trd, 4319317.893, 91
Trd, 4319318.393, 88
Trd, 4319320.443, 91
Trd, 4319320.793, 91
Trd, 4319321.593, 91
Trd, 4319325.743, 92
Trd, 4319327.343, 76
Trd, 4319327.593, 89
Trd, 4319328.143, 90
Trd, 4319330.593, 90
Trd, 4319333.143, 91
Trd, 4319334.493, 90
Trd, 4319337.143, 91
Trd, 4319338.143, 89
Trd, 4319338.593, 97
Trd, 4319340.793, 83
Trd, 4319341.293, 86
Trd, 4319342.243, 97
Trd, 4319343.643, 86
Trd, 4319345.693, 84
Trd, 4319345.843, 89
Trd, 4319347.243, 89
Trd, 4319352.743, 89
Trd, 4319354.393, 85
Trd, 4319356.543, 89
Trd, 4319356.843, 98
Trd, 4319358.543, 95
Trd, 4319359.193, 95
Trd, 4319360.993, 94
Trd, 4319362.393, 102
Trd, 4319362.943, 96
Trd, 4319363.543, 96
Trd, 4319363.693, 118
Trd, 4319365.643, 87
Trd, 4319367.793, 86
Trd, 4319368.443, 85
Trd, 4319369.643, 95
Trd, 4319370.043, 119
Trd, 4319374.493, 89
Trd, 4319374.993, 90
Trd, 4319376.693, 88
Trd, 4319377.893, 89
Trd, 4319379.643, 88
Trd, 4319380.293, 88
Trd, 4319382.593, 90
Trd, 4319383.043, 95
Trd, 4319383.843, 93
Trd, 4319384.143, 105
Trd, 4319386.493, 102
Trd, 4319386.743, 102
Trd, 4319387.093, 105
Trd, 4319389.993, 87
Trd, 4319390.143, 87
Trd, 4319393.443, 95
Trd, 4319393.743, 91
Trd, 4319394.393, 106
Trd, 4319396.043, 103
Trd, 4319396.143, 99
Trd, 4319396.693, 131
Trd, 4319397.793, 100
Trd, 4319398.893, 87
Trd, 4319399.693, 105
Trd, 4319401.043, 88
Trd, 4319402.543, 90
Trd, 4319403.443, 91
Trd, 4319404.243, 89
Trd, 4319405.193, 90
Trd, 4319406.293, 90
Trd, 4319406.393, 98
Trd, 4319407.743, 94
Trd, 4319409.093, 88
Trd, 4319410.593, 112
Trd, 4319414.093, 101
Trd, 4319415.143, 98
Trd, 4319416.093, 100
Trd, 4319417.393, 99
Trd, 4319418.493, 95
Trd, 4319421.943, 97
Trd, 4319423.643, 97
Trd, 4319424.743, 97
Trd, 4319425.593, 99
Trd, 4319427.943, 86
Trd, 4319429.993, 94
Trd, 4319431.543, 93
Trd, 4319432.343, 95
Trd, 4319434.093, 95
Trd, 4319434.743, 95
Trd, 4319438.593, 96
Trd, 4319439.393, 93
Trd, 4319439.643, 92
Trd, 4319442.743, 92
Trd, 4319442.993, 95
Trd, 4319444.743, 95
Trd, 4319448.543, 91
Trd, 4319449.143, 92
Trd, 4319450.043, 93
Trd, 4319451.693, 95
Trd, 4319451.743, 91
Trd, 4319452.293, 90
Trd, 4319452.893, 103
Trd, 4319453.743, 101
Trd, 4319457.443, 99
Trd, 4319459.643, 99
Trd, 4319461.093, 100
Trd, 4319461.193, 99
Trd, 4319461.743, 100
Trd, 4319463.543, 97
Trd, 4319463.793, 96
Trd, 4319466.143, 94
Trd, 4319467.393, 93
Trd, 4319469.093, 93
Trd, 4319470.843, 94
Trd, 4319471.793, 95
Trd, 4319472.043, 95
Trd, 4319474.543, 91
Trd, 4319475.693, 96
Trd, 4319476.443, 96
Trd, 4319476.743, 90
Trd, 4319476.943, 104
Trd, 4319477.043, 90
Trd, 4319481.393, 90
Trd, 4319483.043, 93
Trd, 4319483.643, 90
Trd, 4319485.793, 93
Trd, 4319486.243, 89
Trd, 4319486.643, 95
Trd, 4319489.343, 105
Trd, 4319490.243, 105
Trd, 4319491.493, 104
Trd, 4319492.243, 104
Trd, 4319494.043, 103
Trd, 4319498.693, 104
Trd, 4319499.243, 102
Trd, 4319499.743, 104
Trd, 4319500.193, 103
Trd, 4319501.193, 103
Trd, 4319503.893, 102
Trd, 4319503.993, 105
Trd, 4319504.193, 102
Trd, 4319507.543, 111
Trd, 4319508.143, 110
Trd, 4319508.193, 100
Trd, 4319509.593, 103
Trd, 4319509.893, 104
Trd, 4319514.393, 103
Trd, 4319517.793, 102
Trd, 4319517.843, 101
Trd, 4319518.093, 100
Trd, 4319518.993, 103
Trd, 4319521.643, 91
Trd, 4319524.143, 96
Trd, 4319524.793, 94
Trd, 4319524.943, 94
Trd, 4319527.793, 95
Trd, 4319528.143, 104
Trd, 4319529.493, 93
Trd, 4319530.143, 93
Trd, 4319534.793, 92
Trd, 4319535.943, 92
Trd, 4319536.793, 95
Trd, 4319536.893, 104
Trd, 4319537.693, 99
Trd, 4319538.693, 99
Trd, 4319539.993, 99
Trd, 4319541.843, 98
Trd, 4319542.043, 122
Trd, 4319543.043, 85
Trd, 4319544.893, 87
Trd, 4319545.743, 97
Trd, 4319548.443, 90
Trd, 4319550.543, 92
Trd, 4319551.093, 92
Trd, 4319551.743, 95
Trd, 4319553.143, 90
Trd, 4319554.143, 94
Trd, 4319555.143, 94
Trd, 4319555.643, 93
Trd, 4319556.443, 95
Trd, 4319557.393, 94
Trd, 4319559.443, 92
Trd, 4319561.993, 94
Trd, 4319562.393, 92
Trd, 4319565.193, 92
Trd, 4319565.293, 93
Trd, 4319565.943, 94
Trd, 4319566.493, 92
Trd, 4319568.293, 93
Trd, 4319568.793, 95
Trd, 4319571.743, 91
Trd, 4319571.793, 91
Trd, 4319574.043, 94
Trd, 4319574.793, 92
Trd, 4319577.193, 94
Trd, 4319579.243, 95
Trd, 4319582.143, 95
Trd, 4319583.493, 92
Trd, 4319583.743, 91
Trd, 4319583.793, 95
Trd, 4319586.343, 92
Trd, 4319587.543, 92
Trd, 4319589.943, 95
Trd, 4319589.993, 91
Trd, 4319590.943, 95
Trd, 4319592.593, 93
Trd, 4319592.943, 90
Trd, 4319594.693, 96
Trd, 4319595.243, 90
Trd, 4319595.993, 104
Trd, 4319601.843, 92
Trd, 4319602.243, 96
Trd, 4319604.043, 95
Trd, 4319604.093, 96
Trd, 4319604.743, 95
Trd, 4319607.693, 94
Trd, 4319608.743, 96
Trd, 4319608.793, 93
Trd, 4319610.743, 95
Trd, 4319611.643, 93
Trd, 4319612.593, 97
Trd, 4319614.493, 96
Trd, 4319616.243, 96
Trd, 4319617.293, 93
Trd, 4319621.993, 93
Trd, 4319623.643, 96
Trd, 4319625.193, 93
Trd, 4319628.393, 95
Trd, 4319628.443, 95
Trd, 4319629.193, 95
Trd, 4319629.643, 92
Trd, 4319630.943, 96
Trd, 4319633.393, 96
Trd, 4319634.143, 94
Trd, 4319635.293, 95
Trd, 4319636.993, 96
Trd, 4319637.093, 95
Trd, 4319638.643, 90
Trd, 4319640.943, 92
Trd, 4319642.693, 92
Trd, 4319643.193, 104
Trd, 4319644.393, 111
Trd, 4319644.693, 108
Trd, 4319645.143, 107
Trd, 4319649.443, 103
Trd, 4319650.993, 103
Trd, 4319651.443, 107
Trd, 4319655.893, 107
Trd, 4319655.993, 102
Trd, 4319658.193, 104
Trd, 4319659.293, 101
Trd, 4319660.293, 102
Trd, 4319660.593, 100
Trd, 4319661.543, 100
Trd, 4319663.643, 100
Trd, 4319664.593, 104
Trd, 4319666.143, 98
Trd, 4319666.293, 100
Trd, 4319667.993, 98
Trd, 4319669.593, 100
Trd, 4319669.843, 100
Trd, 4319670.343, 100
Trd, 4319673.093, 100
Trd, 4319674.943, 98
Trd, 4319677.043, 101
Trd, 4319677.593, 96
Trd, 4319683.093, 101
Trd, 4319683.243, 96
Trd, 4319684.193, 105
Trd, 4319691.393, 100
Trd, 4319691.493, 95
Trd, 4319692.343, 100
Trd, 4319693.593, 95
Trd, 4319694.443, 94
Trd, 4319694.593, 100
Trd, 4319694.793, 100
Trd, 4319696.793, 95
Trd, 4319699.743, 99
Trd, 4319700.793, 95
Trd, 4319701.943, 94
Trd, 4319702.543, 98
Trd, 4319709.293, 93
Trd, 4319711.393, 98
Trd, 4319711.843, 92
Trd, 4319712.243, 98
Trd, 4319713.693, 94
Trd, 4319716.893, 97
Trd, 4319718.243, 95
Trd, 4319719.843, 97
Trd, 4319720.693, 94
Trd, 4319724.343, 96
Trd, 4319724.643, 93
Trd, 4319725.993, 96
Trd, 4319726.293, 97
Trd, 4319726.493, 92
Trd, 4319728.543, 97
Trd, 4319729.043, 91
Trd, 4319733.393, 96
Trd, 4319735.793, 92
Trd, 4319736.443, 92
Trd, 4319736.643, 95
Trd, 4319740.243, 94
Trd, 4319740.843, 92
Trd, 4319743.443, 95
Trd, 4319744.893, 95
Trd, 4319745.143, 95
Trd, 4319746.893, 91
Trd, 4319746.993, 91
Trd, 4319748.993, 89
Trd, 4319750.443, 89
Trd, 4319750.693, 91
Trd, 4319752.543, 92
Trd, 4319752.743, 88
Trd, 4319754.343, 95
Trd, 4319755.543, 105
Trd, 4319756.493, 93
Trd, 4319757.793, 93
Trd, 4319759.943, 96
Trd, 4319760.193, 94
Trd, 4319762.393, 93
Trd, 4319763.043, 96
Trd, 4319763.593, 91
Trd, 4319764.043, 97
Trd, 4319764.693, 105
Trd, 4319766.543, 93
Trd, 4319767.343, 92
Trd, 4319769.243, 94
Trd, 4319769.693, 91
Trd, 4319770.093, 95
Trd, 4319772.643, 95
Trd, 4319773.993, 93
Trd, 4319775.093, 89
Trd, 4319777.993, 94
Trd, 4319778.243, 90
Trd, 4319781.143, 92
Trd, 4319781.293, 92
Trd, 4319784.543, 90
Trd, 4319785.393, 92
Trd, 4319785.743, 90
Trd, 4319787.493, 93
Trd, 4319789.293, 90
Trd, 4319790.793, 90
Trd, 4319791.143, 90
Trd, 4319793.893, 89
Trd, 4319793.943, 90
Trd, 4319797.593, 91
Trd, 4319798.943, 90
Trd, 4319799.593, 89
Trd, 4319802.243, 92
Trd, 4319803.643, 89
Trd, 4319805.593, 92
Trd, 4319805.943, 95
Trd, 4319806.943, 94
Trd, 4319808.243, 93
Trd, 4319811.493, 92
Trd, 4319812.643, 95
Trd, 4319814.093, 99
Trd, 4319814.143, 96
Trd, 4319814.443, 97
Trd, 4319815.193, 105
Trd, 4319815.843, 96
Trd, 4319819.393, 99
Trd, 4319820.643, 95
Trd, 4319822.943, 94
Trd, 4319824.043, 94
Trd, 4319825.543, 86
Trd, 4319826.443, 83
Trd, 4319826.793, 98
Trd, 4319827.793, 105
Trd, 4319828.093, 95
Trd, 4319828.893, 111
Trd, 4319831.343, 100
Trd, 4319832.043, 91
Trd, 4319832.893, 86
Trd, 4319834.043, 90
Trd, 4319835.293, 90
Trd, 4319835.843, 98
Trd, 4319837.843, 101
Trd, 4319838.193, 101
Trd, 4319840.293, 99
Trd, 4319840.993, 101
Trd, 4319842.343, 91
Trd, 4319843.093, 104
Trd, 4319844.793, 97
Trd, 4319846.043, 99
Trd, 4319848.093, 98
Trd, 4319849.243, 104
Trd, 4319849.493, 95
Trd, 4319852.243, 94
Trd, 4319853.743, 93
Trd, 4319854.393, 94
Trd, 4319857.943, 95
Trd, 4319858.693, 93
Trd, 4319859.943, 92
Trd, 4319863.443, 93
Trd, 4319863.493, 95
Trd, 4319863.793, 92
Trd, 4319864.243, 95
Trd, 4319864.793, 101
Trd, 4319869.793, 91
Trd, 4319871.943, 96
Trd, 4319873.043, 96
Trd, 4319873.893, 91
Trd, 4319874.243, 96
Trd, 4319878.543, 91
Trd, 4319878.643, 90
Trd, 4319880.593, 92
Trd, 4319881.693, 93
Trd, 4319882.443, 89
Trd, 4319883.293, 93
Trd, 4319886.293, 92
Trd, 4319886.893, 92
Trd, 4319886.993, 90
Trd, 4319887.543, 95
Trd, 4319890.493, 94
Trd, 4319891.343, 104
Trd, 4319891.993, 89
Trd, 4319892.593, 87
Trd, 4319896.643, 91
Trd, 4319898.493, 87
Trd, 4319900.043, 91
Trd, 4319902.193, 91
Trd, 4319905.093, 90
Trd, 4319905.743, 90
Trd, 4319906.993, 91
Trd, 4319909.593, 91
Trd, 4319910.143, 104
Trd, 4319911.143, 105
Trd, 4319913.143, 106
Trd, 4319913.243, 104
Trd, 4319916.743, 103
Trd, 4319917.343, 88
Trd, 4319917.793, 76
Trd, 4319919.293, 84
Trd, 4319919.743, 91
Trd, 4319921.293, 87
Trd, 4319921.543, 95
Trd, 4319922.343, 87
Trd, 4319925.943, 89
Trd, 4319926.343, 91
Trd, 4319926.943, 90
Trd, 4319928.293, 105
Trd, 4319930.243, 95
Trd, 4319931.143, 93
Trd, 4319932.093, 95
Trd, 4319935.043, 93
Trd, 4319936.693, 94
Trd, 4319936.793, 93
Trd, 4319936.993, 88
Trd, 4319939.293, 96
Trd, 4319939.593, 89
Trd, 4319942.843, 91
Trd, 4319943.243, 89
Trd, 4319944.493, 88
Trd, 4319949.293, 89
Trd, 4319949.543, 90
Trd, 4319950.543, 88
Trd, 4319952.793, 89
Trd, 4319953.293, 90
Trd, 4319955.043, 91
Trd, 4319955.543, 96
Trd, 4319956.143, 91
Trd, 4319956.343, 90
Trd, 4319960.243, 94
Trd, 4319961.543, 94
Trd, 4319961.743, 93
Trd, 4319965.243, 92
Trd, 4319967.093, 92
Trd, 4319968.443, 93
Trd, 4319968.993, 95
Trd, 4319972.643, 95
Trd, 4319973.343, 105
Trd, 4319974.193, 94
Trd, 4319974.943, 100
Trd, 4319975.493, 101
Trd, 4319977.793, 98
Trd, 4319978.993, 94
Trd, 4319979.293, 101
Trd, 4319982.093, 95
Trd, 4319983.993, 94
Trd, 4319985.443, 94
Trd, 4319986.893, 91
Trd, 4319987.193, 105
Trd, 4319989.443, 91
Trd, 4319990.693, 96
Trd, 4319992.343, 97
Trd, 4319992.743, 97
Trd, 4319994.443, 105
Trd, 4319994.593, 95
Trd, 4319996.093, 101
Trd, 4319996.693, 95
Trd, 4319999.893, 94
