Trd, 4317881.893, 94
Trd, 4317882.243, 95
Trd, 4317884.443, 100
Trd, 4317885.393, 99
Trd, 4317887.093, 97
Trd, 4317887.193, 97
Trd, 4317888.193, 98
Trd, 4317888.643, 98
Trd, 4317891.393, 98
Trd, 4317892.243, 98
Trd, 4317893.843, 100
Trd, 4317896.193, 104
Trd, 4317896.343, 103
Trd, 4317896.493, 102
Trd, 4317899.793, 102
Trd, 4317902.993, 102
Trd, 4317903.593, 101
Trd, 4317903.843, 102
Trd, 4317907.093, 101
Trd, 4317907.643, 101
Trd, 4317910.093, 101
Trd, 4317910.843, 101
Trd, 4317911.543, 100
Trd, 4317913.143, 100
Trd, 4317914.393, 101
Trd, 4317914.443, 101
Trd, 4317915.193, 102
Trd, 4317916.893, 101
Trd, 4317918.343, 102
Trd, 4317919.593, 102
Trd, 4317919.943, 102
Trd, 4317921.443, 102
Trd, 4317922.743, 96
Trd, 4317924.093, 94
Trd, 4317925.743, 95
Trd, 4317926.793, 95
Trd, 4317927.543, 96
Trd, 4317927.593, 114
Trd, 4317932.743, 98
Trd, 4317933.743, 99
Trd, 4317935.443, 99
Trd, 4317936.143, 99
Trd, 4317939.543, 96
Trd, 4317939.593, 96
Trd, 4317940.793, 94
Trd, 4317941.893, 94
Trd, 4317942.293, 94
Trd, 4317942.843, 95
Trd, 4317943.293, 110
Trd, 4317945.393, 101
Trd, 4317947.043, 101
Trd, 4317948.693, 102
Trd, 4317949.493, 102
Trd, 4317950.893, 101
Trd, 4317951.193, 100
Trd, 4317953.343, 97
Trd, 4317953.743, 96
Trd, 4317954.343, 97
Trd, 4317955.893, 96
Trd, 4317958.593, 96
Trd, 4317958.793, 96
Trd, 4317959.093, 96
Trd, 4317961.093, 94
Trd, 4317961.193, 104
Trd, 4317963.293, 94
Trd, 4317963.643, 94
Trd, 4317964.193, 93
Trd, 4317964.843, 93
Trd, 4317967.043, 91
Trd, 4317967.643, 93
Trd, 4317969.243, 93
Trd, 4317970.943, 95
Trd, 4317972.143, 107
Trd, 4317974.193, 96
Trd, 4317975.693, 96
Trd, 4317975.743, 95
Trd, 4317977.343, 94
Trd, 4317977.443, 93
Trd, 4317978.843, 93
Trd, 4317978.943, 94
Trd, 4317979.793, 95
Trd, 4317982.493, 94
Trd, 4317984.243, 94
Trd, 4317984.493, 95
Trd, 4317985.843, 108
Trd, 4317987.243, 98
Trd, 4317987.993, 98
Trd, 4317989.893, 98
Trd, 4317990.393, 96
Trd, 4317991.493, 96
Trd, 4317992.143, 97
Trd, 4317992.993, 97
Trd, 4317993.343, 109
Trd, 4317994.443, 102
Trd, 4317996.693, 103
Trd, 4317997.243, 102
Trd, 4317999.043, 104
Trd, 4318000.943, 104
Trd, 4318001.143, 112
Trd, 4318002.343, 106
Trd, 4318005.393, 105
Trd, 4318005.493, 106
Trd, 4318008.243, 105
Trd, 4318009.193, 103
Trd, 4318010.443, 105
Trd, 4318011.143, 105
Trd, 4318012.393, 105
Trd, 4318012.893, 106
Trd, 4318014.143, 105
Trd, 4318015.943, 104
Trd, 4318017.143, 103
Trd, 4318017.793, 103
Trd, 4318018.993, 103
Trd, 4318019.093, 103
Trd, 4318021.893, 102
Trd, 4318024.243, 100
Trd, 4318024.543, 99
Trd, 4318024.943, 100
Trd, 4318025.643, 100
Trd, 4318026.543, 100
Trd, 4318027.643, 105
Trd, 4318028.943, 98
Trd, 4318030.593, 99
Trd, 4318032.593, 100
Trd, 4318033.493, 101
Trd, 4318034.443, 101
Trd, 4318036.443, 101
Trd, 4318036.843, 102
Trd, 4318038.543, 101
Trd, 4318039.943, 99
Trd, 4318041.443, 99
Trd, 4318042.143, 99
Trd, 4318044.043, 99
Trd, 4318044.593, 100
Trd, 4318046.143, 103
Trd, 4318048.643, 98
Trd, 4318048.893, 99
Trd, 4318048.993, 98
Trd, 4318050.343, 105
Trd, 4318051.243, 100
Trd, 4318053.693, 98
Trd, 4318055.543, 96
Trd, 4318057.143, 97
Trd, 4318057.443, 97
Trd, 4318058.443, 96
Trd, 4318059.093, 97
Trd, 4318061.693, 97
Trd, 4318061.743, 96
Trd, 4318063.243, 95
Trd, 4318066.793, 96
Trd, 4318067.293, 95
Trd, 4318067.793, 96
Trd, 4318067.993, 96
Trd, 4318069.593, 97
Trd, 4318070.043, 104
Trd, 4318074.343, 97
Trd, 4318075.143, 96
Trd, 4318077.693, 94
Trd, 4318077.993, 94
Trd, 4318078.943, 94
Trd, 4318082.543, 94
Trd, 4318083.243, 95
Trd, 4318083.843, 93
Trd, 4318085.393, 94
Trd, 4318085.643, 94
Trd, 4318086.643, 95
Trd, 4318089.143, 93
Trd, 4318089.893, 94
Trd, 4318090.393, 95
Trd, 4318093.393, 96
Trd, 4318093.593, 96
Trd, 4318094.393, 96
Trd, 4318096.593, 95
Trd, 4318096.643, 95
Trd, 4318097.493, 95
Trd, 4318098.493, 106
Trd, 4318099.543, 98
Trd, 4318102.243, 95
Trd, 4318103.243, 95
Trd, 4318103.893, 95
Trd, 4318104.143, 96
Trd, 4318106.293, 97
Trd, 4318107.143, 98
Trd, 4318108.643, 96
Trd, 4318109.043, 97
Trd, 4318111.793, 98
Trd, 4318112.043, 99
Trd, 4318112.793, 99
Trd, 4318114.243, 100
Trd, 4318114.293, 99
Trd, 4318118.243, 101
Trd, 4318119.643, 100
Trd, 4318120.143, 100
Trd, 4318121.293, 101
Trd, 4318124.043, 101
Trd, 4318124.693, 104
Trd, 4318125.843, 100
Trd, 4318126.543, 101
Trd, 4318126.943, 114
Trd, 4318129.193, 103
Trd, 4318129.343, 104
Trd, 4318129.843, 103
Trd, 4318129.993, 102
Trd, 4318133.243, 101
Trd, 4318134.393, 102
Trd, 4318135.693, 103
Trd, 4318139.443, 103
Trd, 4318139.593, 103
Trd, 4318139.693, 103
Trd, 4318141.493, 102
Trd, 4318141.693, 102
Trd, 4318143.293, 101
Trd, 4318145.193, 100
Trd, 4318147.093, 94
Trd, 4318150.443, 89
Trd, 4318152.243, 88
Trd, 4318152.543, 89
Trd, 4318152.643, 95
Trd, 4318154.843, 93
Trd, 4318155.943, 93
Trd, 4318156.043, 104
Trd, 4318156.943, 94
Trd, 4318157.393, 94
Trd, 4318159.743, 94
Trd, 4318161.243, 94
Trd, 4318163.893, 96
Trd, 4318163.993, 96
Trd, 4318165.143, 96
Trd, 4318167.443, 96
Trd, 4318167.743, 96
Trd, 4318169.293, 95
Trd, 4318169.943, 95
Trd, 4318172.193, 95
Trd, 4318172.693, 95
Trd, 4318174.643, 95
Trd, 4318176.543, 95
Trd, 4318177.393, 95
Trd, 4318177.993, 95
Trd, 4318181.493, 95
Trd, 4318181.743, 93
Trd, 4318182.893, 94
Trd, 4318183.793, 93
Trd, 4318184.693, 93
Trd, 4318185.293, 94
Trd, 4318187.343, 94
Trd, 4318188.393, 94
Trd, 4318189.843, 92
Trd, 4318190.893, 95
Trd, 4318192.693, 95
Trd, 4318196.343, 95
Trd, 4318197.343, 95
Trd, 4318197.593, 94
Trd, 4318198.893, 94
Trd, 4318199.093, 94
Trd, 4318199.293, 95
Trd, 4318202.743, 94
Trd, 4318203.143, 95
Trd, 4318204.343, 95
Trd, 4318204.943, 94
Trd, 4318207.943, 93
Trd, 4318209.743, 94
Trd, 4318209.993, 95
Trd, 4318210.393, 95
Trd, 4318211.693, 96
Trd, 4318212.943, 96
Trd, 4318215.093, 94
Trd, 4318215.843, 92
Trd, 4318215.893, 95
Trd, 4318216.843, 95
Trd, 4318220.993, 94
Trd, 4318221.943, 93
Trd, 4318222.143, 93
Trd, 4318223.293, 93
Trd, 4318223.743, 93
Trd, 4318225.293, 112
Trd, 4318226.843, 101
Trd, 4318228.043, 102
Trd, 4318228.193, 101
Trd, 4318230.843, 100
Trd, 4318233.743, 95
Trd, 4318233.843, 95
Trd, 4318234.093, 96
Trd, 4318234.893, 95
Trd, 4318235.643, 96
Trd, 4318237.843, 96
Trd, 4318239.943, 96
Trd, 4318240.393, 96
Trd, 4318241.943, 96
Trd, 4318242.293, 104
Trd, 4318244.393, 99
Trd, 4318245.793, 95
Trd, 4318246.093, 95
Trd, 4318246.343, 95
Trd, 4318249.043, 94
Trd, 4318249.693, 94
Trd, 4318252.743, 95
Trd, 4318254.443, 96
Trd, 4318254.693, 96
Trd, 4318255.743, 96
Trd, 4318256.343, 96
Trd, 4318259.293, 94
Trd, 4318259.843, 96
Trd, 4318259.993, 96
Trd, 4318260.343, 95
Trd, 4318262.643, 95
Trd, 4318263.793, 96
Trd, 4318264.343, 95
Trd, 4318265.893, 96
Trd, 4318269.493, 97
Trd, 4318270.843, 97
Trd, 4318271.543, 97
Trd, 4318272.493, 96
Trd, 4318272.643, 96
Trd, 4318273.243, 105
Trd, 4318275.943, 97
Trd, 4318276.893, 95
Trd, 4318278.143, 95
Trd, 4318280.143, 94
Trd, 4318280.493, 93
Trd, 4318280.593, 95
Trd, 4318283.443, 93
Trd, 4318284.393, 93
Trd, 4318285.193, 93
Trd, 4318286.843, 92
Trd, 4318287.243, 94
Trd, 4318288.393, 91
Trd, 4318289.393, 92
Trd, 4318289.793, 92
Trd, 4318291.793, 92
Trd, 4318293.693, 93
Trd, 4318294.193, 94
Trd, 4318294.643, 95
Trd, 4318298.043, 103
Trd, 4318298.193, 105
Trd, 4318299.693, 103
Trd, 4318299.943, 100
Trd, 4318301.243, 92
Trd, 4318302.293, 91
Trd, 4318303.543, 91
Trd, 4318304.643, 92
Trd, 4318305.243, 91
Trd, 4318306.443, 104
Trd, 4318308.493, 97
Trd, 4318308.593, 98
Trd, 4318309.043, 98
Trd, 4318310.443, 97
Trd, 4318312.743, 97
Trd, 4318315.093, 98
Trd, 4318316.293, 98
Trd, 4318318.393, 97
Trd, 4318318.493, 98
Trd, 4318320.193, 99
Trd, 4318321.443, 98
Trd, 4318323.443, 96
Trd, 4318324.793, 97
Trd, 4318325.143, 96
Trd, 4318326.443, 97
Trd, 4318327.943, 96
Trd, 4318328.643, 97
Trd, 4318330.543, 98
Trd, 4318331.193, 97
Trd, 4318333.493, 99
Trd, 4318335.193, 100
Trd, 4318335.543, 100
Trd, 4318336.843, 100
Trd, 4318339.343, 98
Trd, 4318342.343, 96
Trd, 4318342.893, 98
Trd, 4318343.843, 96
Trd, 4318344.443, 97
Trd, 4318345.743, 95
Trd, 4318346.793, 96
Trd, 4318347.943, 96
Trd, 4318348.693, 95
Trd, 4318351.093, 95
Trd, 4318351.443, 96
Trd, 4318352.043, 95
Trd, 4318353.093, 98
Trd, 4318354.493, 98
Trd, 4318355.793, 96
Trd, 4318357.293, 97
Trd, 4318358.393, 97
Trd, 4318359.593, 97
Trd, 4318360.193, 99
Trd, 4318361.393, 98
Trd, 4318363.543, 96
Trd, 4318366.393, 95
Trd, 4318366.993, 95
Trd, 4318367.443, 95
Trd, 4318370.243, 95
Trd, 4318371.343, 95
Trd, 4318371.893, 97
Trd, 4318373.793, 98
Trd, 4318374.793, 100
Trd, 4318375.693, 97
Trd, 4318376.143, 96
Trd, 4318376.993, 96
Trd, 4318378.593, 96
Trd, 4318381.293, 96
Trd, 4318381.793, 95
Trd, 4318382.043, 94
Trd, 4318383.593, 95
Trd, 4318385.443, 93
Trd, 4318385.893, 95
Trd, 4318387.443, 94
Trd, 4318387.643, 94
Trd, 4318390.093, 97
Trd, 4318392.493, 100
Trd, 4318393.543, 105
Trd, 4318394.643, 102
Trd, 4318395.143, 102
Trd, 4318395.393, 101
Trd, 4318396.393, 101
Trd, 4318398.643, 101
Trd, 4318400.743, 102
Trd, 4318402.793, 102
Trd, 4318403.443, 100
Trd, 4318405.243, 100
Trd, 4318405.393, 99
Trd, 4318411.343, 96
Trd, 4318411.843, 96
Trd, 4318412.593, 96
Trd, 4318414.043, 96
Trd, 4318414.443, 96
Trd, 4318414.893, 97
Trd, 4318416.543, 97
Trd, 4318417.193, 95
Trd, 4318417.793, 95
Trd, 4318417.993, 107
Trd, 4318421.143, 97
Trd, 4318421.493, 97
Trd, 4318422.043, 96
Trd, 4318423.793, 97
Trd, 4318426.843, 97
Trd, 4318429.493, 96
Trd, 4318430.743, 96
Trd, 4318430.943, 97
Trd, 4318432.093, 96
Trd, 4318433.093, 95
Trd, 4318434.143, 97
Trd, 4318436.143, 94
Trd, 4318436.743, 96
Trd, 4318438.443, 96
Trd, 4318442.043, 96
Trd, 4318442.393, 96
Trd, 4318443.543, 96
Trd, 4318444.093, 97
Trd, 4318446.643, 96
Trd, 4318446.893, 96
Trd, 4318447.843, 95
Trd, 4318448.143, 94
Trd, 4318449.743, 95
Trd, 4318449.793, 95
Trd, 4318450.993, 96
Trd, 4318453.543, 93
Trd, 4318454.043, 93
Trd, 4318456.243, 93
Trd, 4318456.393, 94
Trd, 4318458.443, 93
Trd, 4318459.143, 94
Trd, 4318461.093, 94
Trd, 4318462.093, 95
Trd, 4318463.343, 97
Trd, 4318463.793, 98
Trd, 4318463.843, 97
Trd, 4318465.043, 105
Trd, 4318468.243, 96
Trd, 4318468.843, 97
Trd, 4318469.743, 96
Trd, 4318470.343, 97
Trd, 4318473.193, 95
Trd, 4318473.643, 94
Trd, 4318473.943, 95
Trd, 4318475.993, 95
Trd, 4318477.693, 94
Trd, 4318479.593, 94
Trd, 4318480.193, 94
Trd, 4318480.893, 94
Trd, 4318481.943, 95
Trd, 4318483.443, 95
Trd, 4318483.743, 95
Trd, 4318484.193, 94
Trd, 4318484.493, 95
Trd, 4318487.593, 95
Trd, 4318488.193, 94
Trd, 4318488.743, 95
Trd, 4318489.693, 95
Trd, 4318492.293, 96
Trd, 4318493.293, 96
Trd, 4318494.093, 105
Trd, 4318497.193, 98
Trd, 4318497.693, 97
Trd, 4318499.693, 99
Trd, 4318501.143, 101
Trd, 4318502.743, 102
Trd, 4318502.993, 101
Trd, 4318503.393, 102
Trd, 4318506.043, 98
Trd, 4318506.093, 97
Trd, 4318507.643, 98
Trd, 4318508.943, 105
Trd, 4318509.193, 100
Trd, 4318510.943, 101
Trd, 4318511.743, 102
Trd, 4318512.043, 101
Trd, 4318514.193, 101
Trd, 4318516.493, 101
Trd, 4318516.743, 100
Trd, 4318517.193, 99
Trd, 4318518.993, 97
Trd, 4318521.893, 97
Trd, 4318522.393, 97
Trd, 4318522.743, 96
Trd, 4318523.993, 97
Trd, 4318526.043, 97
Trd, 4318527.693, 97
Trd, 4318528.093, 98
Trd, 4318528.843, 98
Trd, 4318531.343, 97
Trd, 4318531.593, 97
Trd, 4318535.393, 96
Trd, 4318535.793, 95
Trd, 4318536.443, 95
Trd, 4318537.093, 97
Trd, 4318537.493, 99
Trd, 4318538.093, 98
Trd, 4318541.743, 97
Trd, 4318542.243, 97
Trd, 4318544.543, 111
Trd, 4318545.093, 103
Trd, 4318545.643, 103
Trd, 4318546.593, 104
Trd, 4318547.793, 100
Trd, 4318548.743, 100
Trd, 4318550.743, 96
Trd, 4318553.493, 97
Trd, 4318553.593, 98
Trd, 4318553.793, 98
Trd, 4318554.093, 98
Trd, 4318557.443, 95
Trd, 4318557.893, 96
Trd, 4318558.693, 98
Trd, 4318560.393, 97
Trd, 4318560.743, 96
Trd, 4318561.193, 96
Trd, 4318562.443, 95
Trd, 4318563.493, 96
Trd, 4318565.393, 98
Trd, 4318565.893, 98
Trd, 4318567.743, 105
Trd, 4318570.243, 97
Trd, 4318572.443, 98
Trd, 4318572.493, 97
Trd, 4318573.143, 96
Trd, 4318574.493, 97
Trd, 4318575.643, 96
Trd, 4318576.343, 96
Trd, 4318576.543, 95
Trd, 4318578.493, 94
Trd, 4318580.143, 95
Trd, 4318580.643, 95
Trd, 4318581.793, 96
Trd, 4318583.843, 94
Trd, 4318584.143, 95
Trd, 4318585.693, 95
Trd, 4318588.143, 94
Trd, 4318588.243, 94
Trd, 4318590.593, 95
Trd, 4318591.643, 94
Trd, 4318592.393, 94
Trd, 4318594.543, 94
Trd, 4318595.593, 94
Trd, 4318596.493, 94
Trd, 4318596.693, 94
Trd, 4318597.443, 95
Trd, 4318599.293, 94
Trd, 4318600.643, 94
Trd, 4318602.143, 94
Trd, 4318602.493, 94
Trd, 4318604.343, 95
Trd, 4318604.393, 95
Trd, 4318606.343, 94
Trd, 4318607.693, 93
Trd, 4318611.793, 94
Trd, 4318612.743, 95
Trd, 4318613.543, 97
Trd, 4318614.393, 99
Trd, 4318615.093, 95
Trd, 4318615.843, 95
Trd, 4318616.543, 95
Trd, 4318617.443, 95
Trd, 4318618.643, 96
Trd, 4318619.793, 95
Trd, 4318621.343, 91
Trd, 4318622.593, 96
Trd, 4318623.743, 92
Trd, 4318625.943, 90
Trd, 4318626.343, 92
Trd, 4318627.743, 92
Trd, 4318628.643, 92
Trd, 4318631.443, 92
Trd, 4318631.743, 95
Trd, 4318633.493, 93
Trd, 4318633.893, 93
Trd, 4318636.293, 94
Trd, 4318637.093, 93
Trd, 4318638.543, 94
Trd, 4318639.493, 94
Trd, 4318639.693, 93
Trd, 4318640.943, 95
Trd, 4318643.643, 92
Trd, 4318644.393, 93
Trd, 4318644.443, 93
Trd, 4318645.393, 93
Trd, 4318647.743, 93
Trd, 4318647.943, 92
Trd, 4318648.693, 95
Trd, 4318650.293, 93
Trd, 4318650.493, 93
Trd, 4318653.093, 93
Trd, 4318653.343, 94
Trd, 4318657.793, 93
Trd, 4318659.543, 93
Trd, 4318659.693, 92
Trd, 4318662.543, 93
Trd, 4318664.093, 93
Trd, 4318665.293, 91
Trd, 4318665.743, 93
Trd, 4318667.193, 93
Trd, 4318667.393, 95
Trd, 4318668.343, 95
Trd, 4318669.843, 94
Trd, 4318671.043, 94
Trd, 4318671.293, 94
Trd, 4318672.043, 94
Trd, 4318672.343, 95
Trd, 4318674.493, 97
Trd, 4318674.743, 106
Trd, 4318676.043, 98
Trd, 4318677.593, 98
Trd, 4318678.843, 96
Trd, 4318679.343, 97
Trd, 4318680.893, 97
Trd, 4318682.993, 98
Trd, 4318684.443, 98
Trd, 4318685.843, 99
Trd, 4318686.393, 100
Trd, 4318687.993, 99
Trd, 4318688.543, 99
Trd, 4318688.893, 100
Trd, 4318693.443, 96
Trd, 4318693.743, 96
Trd, 4318695.093, 97
Trd, 4318696.093, 97
Trd, 4318698.093, 97
Trd, 4318700.543, 96
Trd, 4318701.343, 97
Trd, 4318701.543, 96
Trd, 4318703.593, 96
Trd, 4318704.993, 95
Trd, 4318705.693, 97
Trd, 4318706.343, 98
Trd, 4318707.243, 105
Trd, 4318709.893, 98
Trd, 4318711.343, 97
Trd, 4318713.993, 96
Trd, 4318714.043, 96
Trd, 4318714.643, 96
Trd, 4318715.193, 95
Trd, 4318717.893, 94
Trd, 4318718.643, 96
Trd, 4318718.943, 96
Trd, 4318719.193, 96
Trd, 4318721.443, 95
Trd, 4318724.393, 95
Trd, 4318724.793, 94
Trd, 4318725.693, 95
Trd, 4318727.393, 95
Trd, 4318728.543, 95
Trd, 4318729.943, 95
Trd, 4318730.343, 96
Trd, 4318730.843, 96
Trd, 4318733.243, 99
Trd, 4318733.693, 100
Trd, 4318735.343, 102
Trd, 4318735.693, 111
Trd, 4318738.043, 104
Trd, 4318738.193, 103
Trd, 4318738.593, 115
Trd, 4318739.743, 103
Trd, 4318741.893, 101
Trd, 4318742.293, 100
Trd, 4318743.343, 101
Trd, 4318744.043, 100
Trd, 4318745.243, 99
Trd, 4318747.893, 97
Trd, 4318748.593, 97
Trd, 4318750.543, 95
Trd, 4318751.343, 95
Trd, 4318751.543, 96
Trd, 4318753.543, 96
Trd, 4318754.293, 97
Trd, 4318755.693, 101
Trd, 4318756.093, 102
Trd, 4318756.993, 99
Trd, 4318757.243, 101
Trd, 4318759.293, 99
Trd, 4318760.293, 99
Trd, 4318761.343, 99
Trd, 4318761.793, 98
Trd, 4318762.193, 99
Trd, 4318764.393, 98
Trd, 4318765.843, 99
Trd, 4318766.443, 99
Trd, 4318766.693, 99
Trd, 4318768.543, 98
Trd, 4318769.993, 99
Trd, 4318774.743, 99
Trd, 4318776.043, 98
Trd, 4318776.343, 99
Trd, 4318776.543, 99
Trd, 4318776.893, 100
Trd, 4318778.993, 102
Trd, 4318780.343, 101
Trd, 4318781.293, 101
Trd, 4318782.893, 100
Trd, 4318785.143, 100
Trd, 4318785.543, 100
Trd, 4318789.043, 99
Trd, 4318789.743, 99
Trd, 4318789.993, 98
Trd, 4318792.393, 97
Trd, 4318792.793, 97
Trd, 4318795.693, 95
Trd, 4318796.643, 96
Trd, 4318797.243, 97
Trd, 4318797.393, 96
Trd, 4318799.543, 96
Trd, 4318801.543, 96
Trd, 4318801.743, 96
Trd, 4318803.243, 96
Trd, 4318806.143, 95
Trd, 4318806.293, 96
Trd, 4318807.043, 96
Trd, 4318807.693, 95
Trd, 4318810.143, 95
Trd, 4318811.893, 95
Trd, 4318812.543, 95
Trd, 4318812.793, 96
Trd, 4318815.643, 99
Trd, 4318815.993, 99
Trd, 4318816.443, 98
Trd, 4318817.193, 97
Trd, 4318821.793, 98
Trd, 4318821.943, 96
Trd, 4318822.943, 96
Trd, 4318823.193, 96
Trd, 4318823.293, 95
Trd, 4318824.893, 96
Trd, 4318824.943, 104
Trd, 4318829.243, 97
Trd, 4318830.593, 97
Trd, 4318830.793, 97
Trd, 4318834.343, 96
Trd, 4318834.493, 97
Trd, 4318836.043, 95
Trd, 4318836.893, 94
Trd, 4318836.993, 95
Trd, 4318838.093, 94
Trd, 4318838.893, 94
Trd, 4318840.093, 97
Trd, 4318841.243, 97
Trd, 4318843.093, 94
Trd, 4318843.843, 94
Trd, 4318844.393, 94
Trd, 4318844.693, 93
Trd, 4318845.793, 93
Trd, 4318848.493, 94
Trd, 4318849.043, 93
Trd, 4318849.893, 93
Trd, 4318851.443, 92
Trd, 4318851.643, 93
Trd, 4318854.793, 95
Trd, 4318856.593, 87
Trd, 4318857.743, 84
Trd, 4318858.143, 85
Trd, 4318861.393, 85
Trd, 4318862.143, 84
Trd, 4318862.593, 86
Trd, 4318862.793, 95
Trd, 4318863.643, 87
Trd, 4318866.793, 92
Trd, 4318868.193, 91
Trd, 4318868.693, 95
Trd, 4318869.493, 92
Trd, 4318871.243, 95
Trd, 4318872.293, 95
Trd, 4318873.193, 95
Trd, 4318873.693, 99
Trd, 4318874.593, 95
Trd, 4318875.443, 95
Trd, 4318876.243, 96
Trd, 4318877.943, 97
Trd, 4318879.293, 104
Trd, 4318881.343, 101
Trd, 4318881.843, 100
Trd, 4318882.643, 115
Trd, 4318885.943, 102
Trd, 4318887.093, 102
Trd, 4318887.243, 102
Trd, 4318887.843, 100
Trd, 4318888.043, 101
Trd, 4318890.293, 100
Trd, 4318892.793, 101
Trd, 4318893.343, 101
Trd, 4318894.593, 100
Trd, 4318896.343, 99
Trd, 4318896.943, 98
Trd, 4318899.193, 99
Trd, 4318899.893, 100
Trd, 4318901.743, 100
Trd, 4318902.443, 100
Trd, 4318903.093, 99
Trd, 4318905.693, 99
Trd, 4318906.543, 97
Trd, 4318907.343, 98
Trd, 4318907.793, 97
Trd, 4318910.143, 97
Trd, 4318910.593, 96
Trd, 4318913.143, 96
Trd, 4318913.393, 96
Trd, 4318917.593, 95
Trd, 4318918.843, 96
Trd, 4318919.543, 97
Trd, 4318921.093, 97
Trd, 4318921.793, 96
Trd, 4318924.343, 96
Trd, 4318924.593, 96
Trd, 4318926.093, 96
Trd, 4318927.093, 102
Trd, 4318930.693, 98
Trd, 4318931.093, 98
Trd, 4318933.343, 94
Trd, 4318933.393, 93
Trd, 4318935.393, 93
Trd, 4318935.643, 93
Trd, 4318936.593, 94
Trd, 4318938.193, 93
Trd, 4318940.093, 95
Trd, 4318941.193, 97
Trd, 4318942.293, 96
Trd, 4318942.743, 96
Trd, 4318943.743, 95
Trd, 4318944.543, 96
Trd, 4318945.843, 97
Trd, 4318949.593, 97
Trd, 4318950.643, 96
Trd, 4318951.993, 95
Trd, 4318952.493, 96
Trd, 4318953.543, 97
Trd, 4318954.093, 97
Trd, 4318958.193, 95
Trd, 4318959.493, 96
Trd, 4318960.343, 95
Trd, 4318960.993, 96
Trd, 4318963.543, 96
Trd, 4318964.943, 103
Trd, 4318965.393, 98
Trd, 4318967.943, 99
Trd, 4318968.693, 100
Trd, 4318970.543, 100
Trd, 4318971.843, 101
Trd, 4318973.093, 103
Trd, 4318973.343, 105
Trd, 4318974.643, 103
Trd, 4318975.443, 102
Trd, 4318979.193, 98
Trd, 4318979.343, 97
Trd, 4318980.193, 101
Trd, 4318980.843, 100
Trd, 4318981.493, 104
Trd, 4318983.493, 99
Trd, 4318983.543, 101
Trd, 4318985.893, 100
Trd, 4318986.443, 99
Trd, 4318987.243, 97
Trd, 4318988.643, 96
Trd, 4318989.443, 98
Trd, 4318991.243, 98
Trd, 4318991.293, 98
Trd, 4318992.343, 98
Trd, 4318992.593, 98
Trd, 4318993.043, 98
Trd, 4318996.393, 104
Trd, 4318997.343, 101
Trd, 4318998.543, 101
Trd, 4318999.593, 100
Trd, 4319003.043, 98
Trd, 4319004.543, 108
Trd, 4319004.893, 101
Trd, 4319006.243, 101
Trd, 4319008.943, 95
Trd, 4319009.893, 96
Trd, 4319011.393, 95
Trd, 4319011.993, 96
Trd, 4319012.393, 97
Trd, 4319013.693, 97
Trd, 4319014.893, 94
Trd, 4319015.243, 96
Trd, 4319018.543, 95
Trd, 4319020.293, 95
Trd, 4319020.593, 95
Trd, 4319021.543, 95
Trd, 4319023.193, 95
Trd, 4319024.493, 95
Trd, 4319025.093, 95
Trd, 4319025.543, 95
Trd, 4319026.993, 95
Trd, 4319027.043, 116
Trd, 4319030.743, 97
Trd, 4319031.043, 97
Trd, 4319031.393, 95
Trd, 4319031.543, 94
Trd, 4319032.793, 96
Trd, 4319033.043, 95
Trd, 4319035.943, 96
Trd, 4319036.843, 96
Trd, 4319037.593, 95
Trd, 4319039.293, 96
Trd, 4319041.193, 96
Trd, 4319041.443, 96
Trd, 4319041.943, 96
Trd, 4319043.643, 95
Trd, 4319043.993, 96
Trd, 4319044.843, 96
Trd, 4319045.243, 96
Trd, 4319047.893, 95
Trd, 4319050.143, 95
Trd, 4319050.543, 95
Trd, 4319052.893, 95
Trd, 4319054.443, 94
Trd, 4319054.993, 95
Trd, 4319055.143, 105
Trd, 4319060.243, 96
Trd, 4319060.543, 96
Trd, 4319063.193, 98
Trd, 4319064.443, 97
Trd, 4319066.293, 96
Trd, 4319067.193, 97
Trd, 4319068.843, 99
Trd, 4319069.193, 102
Trd, 4319071.393, 100
Trd, 4319072.293, 100
Trd, 4319072.693, 100
Trd, 4319074.343, 101
Trd, 4319076.793, 101
Trd, 4319077.343, 101
Trd, 4319078.143, 101
Trd, 4319080.743, 101
Trd, 4319082.643, 101
Trd, 4319083.293, 101
Trd, 4319083.343, 108
Trd, 4319083.743, 113
Trd, 4319086.843, 105
Trd, 4319086.993, 103
Trd, 4319087.143, 103
Trd, 4319087.793, 103
Trd, 4319089.493, 103
Trd, 4319090.043, 102
Trd, 4319091.793, 102
Trd, 4319094.193, 102
Trd, 4319095.793, 100
Trd, 4319096.243, 102
Trd, 4319098.293, 101
Trd, 4319099.493, 100
Trd, 4319100.543, 100
Trd, 4319103.443, 100
Trd, 4319105.743, 100
Trd, 4319106.143, 100
Trd, 4319107.093, 100
Trd, 4319108.093, 101
Trd, 4319109.493, 100
Trd, 4319111.543, 99
Trd, 4319112.543, 100
Trd, 4319113.243, 99
Trd, 4319115.343, 100
Trd, 4319115.943, 100
Trd, 4319120.643, 99
Trd, 4319121.143, 98
Trd, 4319121.293, 98
Trd, 4319122.193, 99
Trd, 4319122.793, 100
Trd, 4319124.243, 103
Trd, 4319125.793, 104
Trd, 4319126.943, 102
Trd, 4319128.193, 100
Trd, 4319128.693, 100
Trd, 4319128.743, 99
Trd, 4319130.093, 100
Trd, 4319130.893, 100
Trd, 4319131.643, 115
Trd, 4319136.043, 101
Trd, 4319136.593, 101
Trd, 4319137.893, 102
Trd, 4319138.343, 102
Trd, 4319139.293, 102
Trd, 4319141.893, 102
Trd, 4319143.093, 101
Trd, 4319143.243, 102
Trd, 4319145.743, 103
Trd, 4319146.143, 103
Trd, 4319148.043, 102
Trd, 4319148.743, 101
Trd, 4319148.893, 104
Trd, 4319150.493, 101
Trd, 4319151.693, 102
Trd, 4319152.493, 101
Trd, 4319153.743, 101
Trd, 4319155.643, 101
Trd, 4319156.143, 101
Trd, 4319156.893, 101
Trd, 4319157.393, 101
Trd, 4319160.993, 99
Trd, 4319162.493, 99
Trd, 4319163.193, 97
Trd, 4319163.343, 97
Trd, 4319163.643, 97
Trd, 4319164.393, 97
Trd, 4319166.143, 98
Trd, 4319168.743, 97
Trd, 4319169.643, 98
Trd, 4319170.193, 99
Trd, 4319171.543, 111
Trd, 4319173.243, 105
Trd, 4319173.993, 104
Trd, 4319175.493, 105
Trd, 4319178.743, 108
Trd, 4319178.893, 114
Trd, 4319180.093, 107
Trd, 4319181.893, 110
Trd, 4319182.243, 110
Trd, 4319184.393, 107
Trd, 4319184.943, 107
Trd, 4319189.743, 103
Trd, 4319190.693, 103
Trd, 4319190.893, 103
Trd, 4319191.943, 103
Trd, 4319192.893, 101
Trd, 4319193.643, 100
Trd, 4319195.143, 105
Trd, 4319195.693, 104
Trd, 4319195.743, 103
Trd, 4319196.543, 103
Trd, 4319199.543, 103
Trd, 4319200.093, 104
Trd, 4319201.943, 103
Trd, 4319202.743, 103
Trd, 4319202.943, 102
Trd, 4319205.643, 101
Trd, 4319206.593, 101
Trd, 4319207.093, 101
Trd, 4319207.143, 101
Trd, 4319207.543, 101
Trd, 4319210.043, 99
Trd, 4319211.243, 99
Trd, 4319212.693, 99
Trd, 4319213.393, 99
Trd, 4319215.593, 98
Trd, 4319216.293, 98
Trd, 4319216.843, 95
Trd, 4319218.393, 97
Trd, 4319219.243, 98
Trd, 4319220.243, 98
Trd, 4319222.693, 98
Trd, 4319222.893, 98
Trd, 4319223.143, 104
Trd, 4319225.043, 100
Trd, 4319226.793, 100
Trd, 4319227.793, 100
Trd, 4319230.043, 100
Trd, 4319231.793, 100
Trd, 4319232.093, 99
Trd, 4319234.043, 101
Trd, 4319236.143, 101
Trd, 4319236.493, 101
Trd, 4319238.893, 101
Trd, 4319239.493, 102
Trd, 4319240.693, 100
Trd, 4319241.543, 99
Trd, 4319242.643, 99
Trd, 4319245.843, 99
Trd, 4319246.693, 98
Trd, 4319246.943, 99
Trd, 4319247.043, 99
Trd, 4319248.693, 99
Trd, 4319248.743, 115
Trd, 4319250.343, 101
Trd, 4319252.543, 101
Trd, 4319252.593, 108
Trd, 4319256.693, 102
Trd, 4319257.093, 102
Trd, 4319259.143, 100
Trd, 4319261.993, 100
Trd, 4319263.193, 100
Trd, 4319263.543, 100
Trd, 4319264.143, 99
Trd, 4319266.443, 100
Trd, 4319266.643, 99
Trd, 4319268.293, 100
Trd, 4319269.093, 99
Trd, 4319272.143, 98
Trd, 4319272.543, 97
Trd, 4319273.593, 93
Trd, 4319274.843, 97
Trd, 4319275.443, 97
Trd, 4319276.293, 96
Trd, 4319277.043, 94
Trd, 4319279.143, 93
Trd, 4319280.393, 91
Trd, 4319281.243, 91
Trd, 4319282.843, 93
Trd, 4319284.343, 95
Trd, 4319285.543, 94
Trd, 4319285.893, 92
Trd, 4319287.243, 93
Trd, 4319289.493, 92
Trd, 4319290.593, 93
Trd, 4319292.193, 95
Trd, 4319293.443, 96
Trd, 4319295.043, 97
Trd, 4319295.293, 110
Trd, 4319297.643, 98
Trd, 4319298.843, 97
Trd, 4319299.793, 98
Trd, 4319301.143, 96
Trd, 4319301.743, 96
Trd, 4319303.993, 96
Trd, 4319304.793, 96
Trd, 4319305.243, 96
Trd, 4319308.643, 96
Trd, 4319309.193, 95
Trd, 4319311.543, 95
Trd, 4319313.093, 95
Trd, 4319314.193, 95
Trd, 4319315.393, 93
Trd, 4319317.443, 91
Trd, 4319317.693, 91
Trd, 4319320.243, 91
Trd, 4319320.343, 95
Trd, 4319322.943, 91
Trd, 4319323.393, 92
Trd, 4319324.043, 92
Trd, 4319325.943, 92
Trd, 4319326.593, 91
Trd, 4319327.293, 91
Trd, 4319327.443, 93
Trd, 4319328.243, 95
Trd, 4319331.243, 92
Trd, 4319332.893, 92
Trd, 4319333.943, 92
Trd, 4319334.593, 93
Trd, 4319335.243, 92
Trd, 4319336.843, 92
Trd, 4319337.193, 95
Trd, 4319339.493, 92
Trd, 4319340.793, 91
Trd, 4319343.043, 92
Trd, 4319345.243, 92
Trd, 4319346.093, 95
Trd, 4319346.893, 92
Trd, 4319350.943, 94
Trd, 4319351.293, 95
Trd, 4319352.543, 98
Trd, 4319354.043, 104
Trd, 4319354.193, 103
Trd, 4319354.743, 111
Trd, 4319357.043, 97
Trd, 4319357.643, 96
Trd, 4319359.843, 95
Trd, 4319360.243, 96
Trd, 4319360.293, 95
Trd, 4319361.393, 95
Trd, 4319362.043, 97
Trd, 4319363.743, 97
Trd, 4319365.143, 97
Trd, 4319366.443, 96
Trd, 4319368.093, 96
Trd, 4319368.543, 96
Trd, 4319370.543, 96
Trd, 4319370.743, 102
Trd, 4319376.593, 98
Trd, 4319377.043, 99
Trd, 4319379.443, 97
Trd, 4319380.793, 96
Trd, 4319382.243, 96
Trd, 4319383.343, 97
Trd, 4319383.393, 97
Trd, 4319385.243, 97
Trd, 4319385.993, 97
Trd, 4319386.793, 95
Trd, 4319389.143, 94
Trd, 4319389.493, 96
Trd, 4319390.793, 96
Trd, 4319391.543, 96
Trd, 4319392.193, 97
Trd, 4319394.043, 96
Trd, 4319394.493, 97
Trd, 4319398.143, 97
Trd, 4319398.293, 97
Trd, 4319399.893, 96
Trd, 4319400.393, 96
Trd, 4319400.493, 97
Trd, 4319403.793, 96
Trd, 4319404.593, 96
Trd, 4319405.093, 95
Trd, 4319405.443, 112
Trd, 4319409.993, 101
Trd, 4319411.393, 101
Trd, 4319413.943, 100
Trd, 4319414.143, 99
Trd, 4319414.193, 101
Trd, 4319416.043, 100
Trd, 4319416.343, 101
Trd, 4319417.993, 100
Trd, 4319418.993, 101
Trd, 4319421.593, 101
Trd, 4319423.493, 100
Trd, 4319424.593, 101
Trd, 4319424.943, 101
Trd, 4319426.143, 99
Trd, 4319428.693, 100
Trd, 4319430.993, 100
Trd, 4319431.243, 99
Trd, 4319431.693, 100
Trd, 4319431.993, 105
Trd, 4319436.493, 95
Trd, 4319436.843, 95
Trd, 4319436.993, 95
Trd, 4319438.493, 96
Trd, 4319439.343, 96
Trd, 4319441.993, 97
Trd, 4319443.793, 96
Trd, 4319444.593, 95
Trd, 4319444.843, 96
Trd, 4319445.193, 97
Trd, 4319446.793, 95
Trd, 4319448.343, 96
Trd, 4319448.593, 96
Trd, 4319451.093, 96
Trd, 4319452.443, 94
Trd, 4319452.643, 95
Trd, 4319452.743, 96
Trd, 4319454.993, 95
Trd, 4319456.643, 96
Trd, 4319457.693, 97
Trd, 4319458.643, 96
Trd, 4319460.343, 96
Trd, 4319461.993, 96
Trd, 4319463.443, 96
Trd, 4319463.593, 95
Trd, 4319465.193, 96
Trd, 4319466.543, 94
Trd, 4319466.643, 95
Trd, 4319467.293, 96
Trd, 4319470.343, 96
Trd, 4319470.493, 105
Trd, 4319473.593, 98
Trd, 4319474.493, 97
Trd, 4319474.543, 98
Trd, 4319476.193, 98
Trd, 4319476.893, 98
Trd, 4319477.143, 97
Trd, 4319477.593, 96
Trd, 4319478.793, 96
Trd, 4319479.143, 95
Trd, 4319482.343, 95
Trd, 4319482.943, 95
Trd, 4319483.793, 96
Trd, 4319487.643, 98
Trd, 4319489.693, 97
Trd, 4319489.793, 96
Trd, 4319490.343, 97
Trd, 4319491.893, 97
Trd, 4319494.493, 100
Trd, 4319494.543, 99
Trd, 4319494.743, 106
Trd, 4319496.693, 99
Trd, 4319496.793, 99
Trd, 4319497.743, 99
Trd, 4319498.393, 98
Trd, 4319500.743, 93
Trd, 4319502.443, 91
Trd, 4319502.943, 94
Trd, 4319504.343, 93
Trd, 4319505.093, 93
Trd, 4319506.743, 92
Trd, 4319507.993, 94
Trd, 4319510.393, 95
Trd, 4319510.893, 94
Trd, 4319511.443, 95
Trd, 4319511.493, 105
Trd, 4319513.643, 98
Trd, 4319514.693, 98
Trd, 4319514.893, 98
Trd, 4319518.593, 98
Trd, 4319521.143, 97
Trd, 4319521.293, 98
Trd, 4319521.643, 95
Trd, 4319523.293, 97
Trd, 4319523.693, 97
Trd, 4319525.043, 97
Trd, 4319525.943, 98
Trd, 4319526.893, 99
Trd, 4319528.693, 97
Trd, 4319528.893, 98
Trd, 4319529.243, 98
Trd, 4319529.793, 98
Trd, 4319533.093, 97
Trd, 4319533.243, 98
Trd, 4319535.393, 98
Trd, 4319538.793, 98
Trd, 4319540.293, 98
Trd, 4319540.593, 98
Trd, 4319543.843, 96
Trd, 4319544.293, 97
Trd, 4319545.843, 97
Trd, 4319546.493, 96
Trd, 4319547.643, 96
Trd, 4319547.993, 96
Trd, 4319548.043, 97
Trd, 4319550.693, 98
Trd, 4319551.993, 99
Trd, 4319553.993, 100
Trd, 4319554.193, 107
Trd, 4319556.243, 101
Trd, 4319560.143, 100
Trd, 4319560.293, 104
Trd, 4319562.043, 106
Trd, 4319562.193, 105
Trd, 4319564.693, 103
Trd, 4319565.693, 103
Trd, 4319566.793, 103
Trd, 4319566.943, 104
Trd, 4319568.243, 104
Trd, 4319570.643, 104
Trd, 4319571.243, 103
Trd, 4319574.493, 104
Trd, 4319574.943, 103
Trd, 4319576.393, 104
Trd, 4319578.393, 104
Trd, 4319579.093, 103
Trd, 4319582.593, 104
Trd, 4319582.843, 103
Trd, 4319585.793, 97
Trd, 4319586.593, 95
Trd, 4319587.393, 95
Trd, 4319587.543, 95
Trd, 4319587.643, 96
Trd, 4319589.343, 95
Trd, 4319591.443, 95
Trd, 4319592.893, 97
Trd, 4319593.843, 96
Trd, 4319595.743, 110
Trd, 4319598.393, 98
Trd, 4319598.693, 97
Trd, 4319600.543, 98
Trd, 4319601.243, 98
Trd, 4319603.493, 97
Trd, 4319604.393, 97
Trd, 4319605.593, 98
Trd, 4319606.043, 98
Trd, 4319608.543, 98
Trd, 4319612.043, 97
Trd, 4319613.143, 97
Trd, 4319614.593, 97
Trd, 4319614.693, 97
Trd, 4319615.593, 97
Trd, 4319618.043, 96
Trd, 4319618.643, 96
Trd, 4319618.893, 96
Trd, 4319619.443, 95
Trd, 4319620.443, 96
Trd, 4319622.493, 94
Trd, 4319622.893, 95
Trd, 4319624.693, 95
Trd, 4319625.443, 95
Trd, 4319626.193, 95
Trd, 4319628.393, 94
Trd, 4319629.543, 96
Trd, 4319631.243, 94
Trd, 4319632.043, 95
Trd, 4319632.343, 94
Trd, 4319635.893, 95
Trd, 4319636.343, 94
Trd, 4319636.743, 95
Trd, 4319637.143, 95
Trd, 4319637.693, 117
Trd, 4319640.093, 98
Trd, 4319640.443, 97
Trd, 4319642.943, 97
Trd, 4319644.093, 97
Trd, 4319644.793, 97
Trd, 4319644.943, 105
Trd, 4319647.243, 97
Trd, 4319648.693, 96
Trd, 4319650.043, 96
Trd, 4319651.593, 96
Trd, 4319652.543, 95
Trd, 4319653.493, 96
Trd, 4319654.943, 96
Trd, 4319655.243, 94
Trd, 4319656.593, 105
Trd, 4319658.693, 98
Trd, 4319659.243, 99
Trd, 4319660.393, 98
Trd, 4319661.893, 97
Trd, 4319663.593, 98
Trd, 4319664.293, 98
Trd, 4319664.843, 114
Trd, 4319667.343, 101
Trd, 4319669.243, 103
Trd, 4319669.493, 103
Trd, 4319669.893, 104
Trd, 4319672.543, 103
Trd, 4319673.343, 103
Trd, 4319674.493, 101
Trd, 4319677.943, 102
Trd, 4319678.043, 101
Trd, 4319678.193, 102
Trd, 4319680.293, 102
Trd, 4319680.893, 102
Trd, 4319683.193, 102
Trd, 4319683.393, 103
Trd, 4319684.893, 101
Trd, 4319685.993, 116
Trd, 4319687.493, 100
Trd, 4319689.443, 99
Trd, 4319690.743, 100
Trd, 4319691.093, 100
Trd, 4319692.343, 104
Trd, 4319693.443, 102
Trd, 4319694.543, 102
Trd, 4319695.393, 102
Trd, 4319697.943, 103
Trd, 4319698.693, 103
Trd, 4319700.193, 103
Trd, 4319700.293, 102
Trd, 4319701.443, 103
Trd, 4319701.843, 101
Trd, 4319703.993, 100
Trd, 4319704.143, 99
Trd, 4319704.543, 98
Trd, 4319707.743, 96
Trd, 4319708.243, 97
Trd, 4319708.593, 97
Trd, 4319709.393, 98
Trd, 4319712.293, 95
Trd, 4319713.793, 93
Trd, 4319714.343, 93
Trd, 4319714.693, 94
Trd, 4319715.293, 94
Trd, 4319715.943, 95
Trd, 4319716.393, 105
Trd, 4319720.343, 98
Trd, 4319720.893, 96
Trd, 4319720.993, 95
Trd, 4319721.393, 94
Trd, 4319723.593, 94
Trd, 4319724.743, 95
Trd, 4319727.293, 94
Trd, 4319727.393, 94
Trd, 4319728.193, 94
Trd, 4319729.343, 94
Trd, 4319732.143, 94
Trd, 4319732.443, 94
Trd, 4319733.243, 95
Trd, 4319734.143, 95
Trd, 4319734.843, 96
Trd, 4319737.993, 97
Trd, 4319738.143, 103
Trd, 4319740.243, 99
Trd, 4319742.193, 100
Trd, 4319742.993, 99
Trd, 4319744.893, 99
Trd, 4319745.943, 98
Trd, 4319746.143, 99
Trd, 4319748.543, 98
Trd, 4319748.943, 99
Trd, 4319749.493, 97
Trd, 4319751.543, 98
Trd, 4319751.843, 97
Trd, 4319752.993, 98
Trd, 4319754.443, 97
Trd, 4319756.893, 100
Trd, 4319756.943, 99
Trd, 4319757.443, 99
Trd, 4319759.343, 100
Trd, 4319760.343, 100
Trd, 4319760.643, 99
Trd, 4319762.693, 97
Trd, 4319763.343, 97
Trd, 4319763.693, 97
Trd, 4319765.643, 98
Trd, 4319766.493, 98
Trd, 4319767.843, 99
Trd, 4319769.293, 98
Trd, 4319770.943, 99
Trd, 4319771.943, 108
Trd, 4319774.243, 101
Trd, 4319776.293, 101
Trd, 4319776.343, 101
Trd, 4319777.843, 101
Trd, 4319781.093, 99
Trd, 4319781.843, 101
Trd, 4319782.893, 101
Trd, 4319783.393, 101
Trd, 4319784.493, 103
Trd, 4319786.743, 103
Trd, 4319787.243, 104
Trd, 4319787.993, 103
Trd, 4319790.343, 104
Trd, 4319791.743, 102
Trd, 4319792.043, 103
Trd, 4319793.643, 104
Trd, 4319794.843, 102
Trd, 4319796.343, 99
Trd, 4319797.243, 98
Trd, 4319797.393, 97
Trd, 4319798.843, 103
Trd, 4319799.593, 104
Trd, 4319799.643, 102
Trd, 4319800.543, 102
Trd, 4319803.293, 122
Trd, 4319805.093, 107
Trd, 4319805.393, 106
Trd, 4319808.593, 107
Trd, 4319810.143, 106
Trd, 4319810.843, 105
Trd, 4319811.043, 106
Trd, 4319811.443, 105
Trd, 4319812.993, 104
Trd, 4319815.343, 101
Trd, 4319816.943, 101
Trd, 4319817.143, 100
Trd, 4319817.443, 101
Trd, 4319818.993, 104
Trd, 4319819.293, 101
Trd, 4319822.593, 102
Trd, 4319822.743, 101
Trd, 4319824.193, 104
Trd, 4319825.993, 99
Trd, 4319826.993, 98
Trd, 4319827.243, 97
Trd, 4319827.943, 96
Trd, 4319829.893, 95
Trd, 4319831.643, 93
Trd, 4319833.393, 92
Trd, 4319833.993, 92
Trd, 4319834.493, 96
Trd, 4319834.693, 95
Trd, 4319837.143, 111
Trd, 4319841.143, 102
Trd, 4319842.193, 102
Trd, 4319842.443, 103
Trd, 4319843.893, 103
Trd, 4319846.793, 102
Trd, 4319846.993, 101
Trd, 4319848.043, 102
Trd, 4319848.093, 101
Trd, 4319851.143, 102
Trd, 4319851.943, 103
Trd, 4319852.543, 103
Trd, 4319853.643, 103
Trd, 4319855.393, 107
Trd, 4319857.343, 103
Trd, 4319858.043, 102
Trd, 4319859.743, 103
Trd, 4319860.543, 103
Trd, 4319861.893, 103
Trd, 4319863.593, 103
Trd, 4319863.743, 102
Trd, 4319864.443, 123
Trd, 4319866.843, 102
Trd, 4319867.793, 101
Trd, 4319867.993, 101
Trd, 4319870.143, 100
Trd, 4319870.493, 99
Trd, 4319872.193, 100
Trd, 4319872.993, 101
Trd, 4319873.393, 100
Trd, 4319874.643, 100
Trd, 4319875.193, 102
Trd, 4319877.393, 102
Trd, 4319878.293, 104
Trd, 4319880.093, 103
Trd, 4319880.143, 102
Trd, 4319883.743, 101
Trd, 4319884.343, 100
Trd, 4319884.493, 101
Trd, 4319886.443, 101
Trd, 4319888.043, 103
Trd, 4319888.543, 103
Trd, 4319889.093, 104
Trd, 4319890.993, 103
Trd, 4319892.843, 104
Trd, 4319893.643, 104
Trd, 4319894.493, 104
Trd, 4319894.943, 104
Trd, 4319897.793, 102
Trd, 4319898.893, 99
Trd, 4319899.043, 99
Trd, 4319899.443, 99
Trd, 4319901.543, 97
Trd, 4319903.043, 99
Trd, 4319904.243, 95
Trd, 4319904.793, 95
Trd, 4319905.443, 95
Trd, 4319907.043, 96
Trd, 4319907.443, 103
Trd, 4319909.693, 99
Trd, 4319913.343, 99
Trd, 4319913.543, 98
Trd, 4319914.293, 99
Trd, 4319916.293, 99
Trd, 4319917.193, 100
Trd, 4319917.493, 100
Trd, 4319919.943, 100
Trd, 4319920.193, 100
Trd, 4319922.943, 104
Trd, 4319924.643, 98
Trd, 4319925.393, 98
Trd, 4319926.493, 98
Trd, 4319926.743, 99
Trd, 4319928.243, 101
Trd, 4319930.793, 101
Trd, 4319931.393, 100
Trd, 4319933.143, 98
Trd, 4319933.543, 98
Trd, 4319934.243, 98
Trd, 4319936.243, 99
Trd, 4319937.143, 104
Trd, 4319937.493, 101
Trd, 4319938.243, 101
Trd, 4319939.393, 101
Trd, 4319942.093, 101
Trd, 4319943.193, 100
Trd, 4319943.443, 100
Trd, 4319943.993, 100
Trd, 4319948.543, 99
Trd, 4319948.993, 100
Trd, 4319950.993, 100
Trd, 4319951.093, 99
Trd, 4319952.143, 99
Trd, 4319952.993, 98
Trd, 4319954.893, 98
Trd, 4319955.343, 99
Trd, 4319957.193, 100
Trd, 4319957.593, 99
Trd, 4319958.293, 100
Trd, 4319961.193, 101
Trd, 4319962.593, 100
Trd, 4319962.793, 99
Trd, 4319963.393, 106
Trd, 4319964.493, 101
Trd, 4319965.093, 101
Trd, 4319967.043, 101
Trd, 4319968.343, 100
Trd, 4319972.093, 99
Trd, 4319972.193, 99
Trd, 4319975.193, 97
Trd, 4319975.393, 97
Trd, 4319976.593, 97
Trd, 4319977.593, 98
Trd, 4319978.643, 96
Trd, 4319978.693, 98
Trd, 4319980.843, 99
Trd, 4319981.143, 99
Trd, 4319983.043, 99
Trd, 4319984.593, 99
Trd, 4319985.343, 99
Trd, 4319986.043, 99
Trd, 4319987.993, 99
Trd, 4319989.593, 100
Trd, 4319991.093, 100
Trd, 4319992.093, 99
Trd, 4319993.043, 100
Trd, 4319993.393, 99
Trd, 4319995.293, 98
Trd, 4319995.343, 97
Trd, 4319997.493, 97
Trd, 4319998.043, 94
