Trd, 4317851.343, 96
Trd, 4317852.093, 96
Trd, 4317852.593, 95
Trd, 4317854.743, 96
Trd, 4317857.993, 94
Trd, 4317858.643, 97
Trd, 4317858.743, 98
Trd, 4317859.043, 97
Trd, 4317860.243, 97
Trd, 4317862.493, 96
Trd, 4317863.793, 97
Trd, 4317865.043, 96
Trd, 4317865.693, 97
Trd, 4317865.893, 97
Trd, 4317869.493, 95
Trd, 4317869.843, 95
Trd, 4317870.743, 95
Trd, 4317870.943, 94
Trd, 4317873.543, 95
Trd, 4317874.143, 96
Trd, 4317878.093, 96
Trd, 4317878.343, 104
Trd, 4317878.543, 94
Trd, 4317880.443, 100
Trd, 4317880.543, 100
Trd, 4317881.843, 99
Trd, 4317882.143, 104
Trd, 4317883.643, 101
Trd, 4317884.243, 99
Trd, 4317886.693, 101
Trd, 4317888.243, 100
Trd, 4317889.643, 99
Trd, 4317891.543, 94
Trd, 4317894.093, 100
Trd, 4317894.793, 100
Trd, 4317896.693, 100
Trd, 4317897.343, 99
Trd, 4317898.243, 100
Trd, 4317899.193, 101
Trd, 4317899.893, 94
Trd, 4317900.493, 104
Trd, 4317900.793, 122
Trd, 4317902.543, 104
Trd, 4317904.343, 105
Trd, 4317906.443, 102
Trd, 4317908.793, 100
Trd, 4317909.443, 104
Trd, 4317911.193, 101
Trd, 4317911.793, 104
Trd, 4317912.993, 100
Trd, 4317913.093, 104
Trd, 4317918.493, 101
Trd, 4317918.843, 104
Trd, 4317920.043, 104
Trd, 4317921.893, 102
Trd, 4317923.693, 104
Trd, 4317924.193, 102
Trd, 4317924.743, 104
Trd, 4317925.793, 104
Trd, 4317926.393, 102
Trd, 4317928.943, 104
Trd, 4317930.343, 101
Trd, 4317932.693, 99
Trd, 4317932.893, 103
Trd, 4317933.543, 93
Trd, 4317934.193, 96
Trd, 4317935.193, 104
Trd, 4317936.593, 97
Trd, 4317937.993, 97
Trd, 4317939.393, 97
Trd, 4317940.093, 96
Trd, 4317941.643, 104
Trd, 4317942.993, 99
Trd, 4317944.643, 95
Trd, 4317945.543, 96
Trd, 4317945.593, 98
Trd, 4317947.043, 98
Trd, 4317948.893, 95
Trd, 4317950.193, 96
Trd, 4317952.893, 96
Trd, 4317953.543, 96
Trd, 4317955.093, 96
Trd, 4317956.393, 95
Trd, 4317957.843, 96
Trd, 4317958.443, 96
Trd, 4317960.043, 94
Trd, 4317960.743, 95
Trd, 4317963.943, 95
Trd, 4317965.243, 96
Trd, 4317967.243, 104
Trd, 4317968.043, 102
Trd, 4317968.643, 103
Trd, 4317969.943, 102
Trd, 4317970.643, 86
Trd, 4317971.593, 101
Trd, 4317971.993, 97
Trd, 4317972.493, 104
Trd, 4317975.543, 95
Trd, 4317975.643, 98
Trd, 4317976.643, 98
Trd, 4317978.093, 98
Trd, 4317978.543, 96
Trd, 4317981.293, 98
Trd, 4317982.493, 95
Trd, 4317982.893, 98
Trd, 4317986.443, 97
Trd, 4317986.493, 95
Trd, 4317986.693, 98
Trd, 4317989.493, 97
Trd, 4317989.543, 104
Trd, 4317993.293, 97
Trd, 4317994.743, 96
Trd, 4317996.793, 97
Trd, 4317999.143, 97
Trd, 4318000.093, 95
Trd, 4318004.043, 97
Trd, 4318004.243, 94
Trd, 4318006.043, 96
Trd, 4318008.943, 96
Trd, 4318009.893, 97
Trd, 4318012.093, 96
Trd, 4318012.993, 96
Trd, 4318014.293, 96
Trd, 4318014.843, 104
Trd, 4318016.143, 95
Trd, 4318019.743, 95
Trd, 4318020.193, 95
Trd, 4318020.793, 95
Trd, 4318024.593, 94
Trd, 4318024.643, 95
Trd, 4318025.743, 104
Trd, 4318028.093, 97
Trd, 4318029.993, 94
Trd, 4318030.843, 97
Trd, 4318032.093, 97
Trd, 4318035.393, 97
Trd, 4318036.793, 97
Trd, 4318037.493, 97
Trd, 4318037.643, 97
Trd, 4318037.843, 104
Trd, 4318039.593, 95
Trd, 4318039.693, 104
Trd, 4318042.443, 97
Trd, 4318044.793, 98
Trd, 4318046.093, 99
Trd, 4318046.693, 97
Trd, 4318048.443, 99
Trd, 4318050.593, 99
Trd, 4318052.493, 97
Trd, 4318053.843, 97
Trd, 4318054.493, 99
Trd, 4318054.843, 99
Trd, 4318058.593, 98
Trd, 4318059.393, 99
Trd, 4318060.793, 98
Trd, 4318063.243, 95
Trd, 4318065.143, 98
Trd, 4318067.893, 95
Trd, 4318069.543, 96
Trd, 4318069.693, 96
Trd, 4318073.043, 96
Trd, 4318073.793, 96
Trd, 4318074.993, 104
Trd, 4318077.243, 98
Trd, 4318077.893, 98
Trd, 4318078.543, 97
Trd, 4318081.793, 98
Trd, 4318082.543, 98
Trd, 4318085.593, 98
Trd, 4318085.693, 97
Trd, 4318086.593, 98
Trd, 4318087.243, 95
Trd, 4318088.193, 96
Trd, 4318088.643, 98
Trd, 4318090.943, 98
Trd, 4318093.043, 96
Trd, 4318093.543, 96
Trd, 4318096.293, 96
Trd, 4318096.343, 104
Trd, 4318098.843, 97
Trd, 4318098.893, 95
Trd, 4318100.993, 97
Trd, 4318102.243, 94
Trd, 4318104.893, 97
Trd, 4318106.343, 93
Trd, 4318107.893, 97
Trd, 4318110.443, 97
Trd, 4318110.893, 97
Trd, 4318111.193, 96
Trd, 4318114.193, 97
Trd, 4318115.193, 93
Trd, 4318117.193, 94
Trd, 4318117.393, 97
Trd, 4318118.343, 96
Trd, 4318118.943, 96
Trd, 4318120.493, 96
Trd, 4318121.943, 96
Trd, 4318124.043, 98
Trd, 4318124.193, 104
Trd, 4318126.693, 97
Trd, 4318128.443, 98
Trd, 4318129.393, 97
Trd, 4318129.793, 98
Trd, 4318130.493, 96
Trd, 4318131.793, 98
Trd, 4318132.693, 98
Trd, 4318133.693, 97
Trd, 4318134.343, 99
Trd, 4318136.643, 99
Trd, 4318137.893, 99
Trd, 4318137.943, 95
Trd, 4318138.843, 97
Trd, 4318143.643, 98
Trd, 4318145.193, 96
Trd, 4318147.943, 98
Trd, 4318148.243, 98
Trd, 4318148.993, 96
Trd, 4318149.793, 96
Trd, 4318152.593, 98
Trd, 4318152.743, 96
Trd, 4318154.093, 98
Trd, 4318156.193, 94
Trd, 4318157.393, 98
Trd, 4318157.493, 98
Trd, 4318158.943, 96
Trd, 4318160.593, 96
Trd, 4318161.293, 98
Trd, 4318162.193, 104
Trd, 4318163.043, 97
Trd, 4318164.393, 99
Trd, 4318165.793, 99
Trd, 4318167.543, 99
Trd, 4318170.743, 98
Trd, 4318171.393, 99
Trd, 4318173.943, 99
Trd, 4318175.193, 97
Trd, 4318175.243, 99
Trd, 4318176.343, 101
Trd, 4318179.693, 100
Trd, 4318179.793, 100
Trd, 4318182.093, 99
Trd, 4318183.643, 100
Trd, 4318185.193, 100
Trd, 4318185.443, 98
Trd, 4318188.093, 100
Trd, 4318189.643, 97
Trd, 4318190.293, 97
Trd, 4318190.343, 100
Trd, 4318191.693, 100
Trd, 4318192.393, 100
Trd, 4318193.243, 97
Trd, 4318194.893, 96
Trd, 4318197.043, 99
Trd, 4318198.093, 104
Trd, 4318200.243, 97
Trd, 4318201.893, 96
Trd, 4318203.293, 100
Trd, 4318203.443, 99
Trd, 4318204.143, 101
Trd, 4318206.343, 96
Trd, 4318208.443, 100
Trd, 4318209.443, 97
Trd, 4318210.693, 100
Trd, 4318212.743, 96
Trd, 4318213.443, 100
Trd, 4318215.993, 97
Trd, 4318216.043, 96
Trd, 4318216.293, 100
Trd, 4318217.343, 104
Trd, 4318218.643, 100
Trd, 4318218.893, 102
Trd, 4318220.443, 101
Trd, 4318220.993, 102
Trd, 4318222.793, 94
Trd, 4318224.593, 98
Trd, 4318225.893, 98
Trd, 4318226.943, 96
Trd, 4318227.743, 99
Trd, 4318229.393, 98
Trd, 4318232.343, 94
Trd, 4318236.143, 97
Trd, 4318236.193, 97
Trd, 4318236.843, 97
Trd, 4318237.443, 96
Trd, 4318240.343, 96
Trd, 4318240.843, 96
Trd, 4318242.643, 97
Trd, 4318243.743, 97
Trd, 4318246.793, 97
Trd, 4318247.043, 97
Trd, 4318248.343, 98
Trd, 4318249.943, 96
Trd, 4318250.893, 104
Trd, 4318253.593, 96
Trd, 4318254.893, 97
Trd, 4318255.293, 97
Trd, 4318257.193, 97
Trd, 4318258.993, 96
Trd, 4318259.143, 95
Trd, 4318260.093, 96
Trd, 4318263.493, 96
Trd, 4318263.743, 96
Trd, 4318266.143, 96
Trd, 4318266.343, 104
Trd, 4318268.443, 96
Trd, 4318271.193, 98
Trd, 4318272.143, 98
Trd, 4318272.943, 98
Trd, 4318273.193, 106
Trd, 4318276.143, 97
Trd, 4318278.843, 100
Trd, 4318280.293, 101
Trd, 4318280.693, 97
Trd, 4318281.993, 102
Trd, 4318284.343, 99
Trd, 4318285.993, 100
Trd, 4318286.143, 100
Trd, 4318287.193, 99
Trd, 4318287.943, 98
Trd, 4318288.443, 94
Trd, 4318289.243, 118
Trd, 4318289.843, 104
Trd, 4318291.293, 85
Trd, 4318293.793, 96
Trd, 4318296.243, 100
Trd, 4318297.443, 97
Trd, 4318298.193, 98
Trd, 4318299.343, 99
Trd, 4318299.893, 104
Trd, 4318300.843, 97
Trd, 4318301.243, 95
Trd, 4318303.943, 97
Trd, 4318304.643, 99
Trd, 4318309.143, 99
Trd, 4318309.993, 99
Trd, 4318310.393, 97
Trd, 4318311.543, 98
Trd, 4318316.143, 99
Trd, 4318316.543, 99
Trd, 4318316.693, 98
Trd, 4318317.243, 97
Trd, 4318319.593, 97
Trd, 4318321.443, 97
Trd, 4318321.743, 97
Trd, 4318323.293, 97
Trd, 4318324.343, 96
Trd, 4318324.893, 94
Trd, 4318325.643, 96
Trd, 4318326.193, 97
Trd, 4318327.143, 97
Trd, 4318330.793, 97
Trd, 4318331.043, 97
Trd, 4318331.193, 96
Trd, 4318336.293, 97
Trd, 4318338.393, 97
Trd, 4318339.543, 96
Trd, 4318340.993, 95
Trd, 4318341.543, 96
Trd, 4318341.593, 96
Trd, 4318342.543, 95
Trd, 4318345.143, 95
Trd, 4318347.243, 94
Trd, 4318347.593, 95
Trd, 4318347.643, 96
Trd, 4318350.343, 93
Trd, 4318351.243, 95
Trd, 4318351.743, 102
Trd, 4318353.893, 92
Trd, 4318356.493, 96
Trd, 4318357.243, 96
Trd, 4318358.293, 96
Trd, 4318359.293, 97
Trd, 4318362.843, 95
Trd, 4318363.493, 96
Trd, 4318365.693, 95
Trd, 4318366.493, 97
Trd, 4318369.143, 95
Trd, 4318370.743, 94
Trd, 4318372.093, 97
Trd, 4318372.293, 113
Trd, 4318373.993, 99
Trd, 4318374.793, 104
Trd, 4318375.143, 100
Trd, 4318377.593, 100
Trd, 4318378.693, 100
Trd, 4318379.043, 97
Trd, 4318381.343, 97
Trd, 4318381.693, 99
Trd, 4318383.893, 98
Trd, 4318385.343, 98
Trd, 4318386.693, 98
Trd, 4318388.343, 98
Trd, 4318389.343, 98
Trd, 4318391.543, 96
Trd, 4318392.243, 96
Trd, 4318393.493, 95
Trd, 4318394.643, 96
Trd, 4318394.843, 99
Trd, 4318396.043, 95
Trd, 4318397.293, 94
Trd, 4318398.393, 97
Trd, 4318403.493, 97
Trd, 4318403.693, 97
Trd, 4318404.493, 96
Trd, 4318405.043, 94
Trd, 4318406.143, 96
Trd, 4318406.693, 104
Trd, 4318409.443, 93
Trd, 4318411.993, 98
Trd, 4318414.593, 98
Trd, 4318416.493, 95
Trd, 4318416.543, 92
Trd, 4318417.043, 98
Trd, 4318417.693, 98
Trd, 4318421.293, 97
Trd, 4318424.543, 97
Trd, 4318425.343, 94
Trd, 4318426.493, 97
Trd, 4318427.743, 97
Trd, 4318428.893, 96
Trd, 4318432.843, 97
Trd, 4318434.543, 97
Trd, 4318434.643, 104
Trd, 4318440.693, 95
Trd, 4318440.843, 98
Trd, 4318441.393, 96
Trd, 4318442.343, 98
Trd, 4318444.693, 98
Trd, 4318444.893, 104
Trd, 4318445.893, 99
Trd, 4318446.743, 97
Trd, 4318450.143, 99
Trd, 4318451.893, 99
Trd, 4318451.943, 97
Trd, 4318452.593, 97
Trd, 4318454.143, 99
Trd, 4318455.543, 97
Trd, 4318456.193, 99
Trd, 4318457.193, 99
Trd, 4318459.793, 98
Trd, 4318461.743, 98
Trd, 4318462.493, 98
Trd, 4318463.193, 104
Trd, 4318466.093, 83
Trd, 4318468.443, 99
Trd, 4318470.193, 99
Trd, 4318472.243, 98
Trd, 4318473.443, 98
Trd, 4318475.093, 98
Trd, 4318476.693, 96
Trd, 4318477.343, 97
Trd, 4318478.093, 94
Trd, 4318479.343, 97
Trd, 4318483.393, 97
Trd, 4318484.743, 97
Trd, 4318486.443, 97
Trd, 4318489.843, 97
Trd, 4318491.443, 96
Trd, 4318493.493, 97
Trd, 4318496.243, 97
Trd, 4318496.343, 94
Trd, 4318498.243, 97
Trd, 4318501.643, 97
Trd, 4318503.843, 95
Trd, 4318505.593, 97
Trd, 4318506.243, 97
Trd, 4318506.843, 94
Trd, 4318507.093, 94
Trd, 4318507.893, 96
Trd, 4318508.093, 96
Trd, 4318510.193, 102
Trd, 4318511.643, 95
Trd, 4318514.393, 98
Trd, 4318514.543, 98
Trd, 4318516.993, 104
Trd, 4318519.193, 98
Trd, 4318520.343, 99
Trd, 4318520.493, 100
Trd, 4318521.793, 100
Trd, 4318524.243, 100
Trd, 4318526.743, 99
Trd, 4318527.893, 100
Trd, 4318527.943, 100
Trd, 4318529.343, 98
Trd, 4318530.493, 98
Trd, 4318534.493, 100
Trd, 4318535.143, 97
Trd, 4318536.193, 100
Trd, 4318536.293, 96
Trd, 4318538.443, 100
Trd, 4318542.143, 100
Trd, 4318542.293, 96
Trd, 4318545.193, 100
Trd, 4318545.693, 100
Trd, 4318546.743, 99
Trd, 4318548.343, 100
Trd, 4318550.143, 97
Trd, 4318553.043, 100
Trd, 4318554.293, 100
Trd, 4318555.793, 100
Trd, 4318557.343, 98
Trd, 4318557.893, 100
Trd, 4318559.793, 100
Trd, 4318560.043, 100
Trd, 4318561.543, 96
Trd, 4318565.293, 96
Trd, 4318565.343, 97
Trd, 4318566.593, 98
Trd, 4318567.393, 98
Trd, 4318569.193, 98
Trd, 4318569.293, 97
Trd, 4318570.743, 114
Trd, 4318572.593, 101
Trd, 4318574.343, 98
Trd, 4318574.843, 101
Trd, 4318577.493, 101
Trd, 4318578.243, 99
Trd, 4318582.593, 101
Trd, 4318584.543, 98
Trd, 4318584.793, 100
Trd, 4318585.593, 100
Trd, 4318588.243, 100
Trd, 4318590.193, 99
Trd, 4318590.793, 100
Trd, 4318594.143, 100
Trd, 4318595.893, 100
Trd, 4318596.093, 98
Trd, 4318596.843, 97
Trd, 4318597.093, 98
Trd, 4318598.893, 95
Trd, 4318599.043, 99
Trd, 4318601.243, 99
Trd, 4318603.493, 98
Trd, 4318606.743, 96
Trd, 4318607.393, 98
Trd, 4318608.043, 98
Trd, 4318610.243, 98
Trd, 4318610.793, 95
Trd, 4318611.543, 94
Trd, 4318615.243, 98
Trd, 4318615.643, 98
Trd, 4318616.243, 96
Trd, 4318617.143, 104
Trd, 4318618.393, 99
Trd, 4318621.593, 104
Trd, 4318621.743, 99
Trd, 4318623.443, 99
Trd, 4318624.643, 100
Trd, 4318625.243, 100
Trd, 4318625.793, 101
Trd, 4318626.793, 94
Trd, 4318627.593, 97
Trd, 4318628.943, 96
Trd, 4318630.043, 95
Trd, 4318630.243, 96
Trd, 4318632.343, 95
Trd, 4318633.643, 94
Trd, 4318634.293, 96
Trd, 4318635.743, 96
Trd, 4318637.343, 94
Trd, 4318638.093, 95
Trd, 4318639.793, 96
Trd, 4318642.843, 96
Trd, 4318643.143, 96
Trd, 4318643.843, 103
Trd, 4318644.193, 97
Trd, 4318646.393, 97
Trd, 4318647.393, 95
Trd, 4318648.343, 94
Trd, 4318648.493, 97
Trd, 4318648.943, 96
Trd, 4318649.693, 99
Trd, 4318651.393, 97
Trd, 4318651.893, 104
Trd, 4318653.743, 96
Trd, 4318654.093, 99
Trd, 4318656.043, 99
Trd, 4318656.893, 99
Trd, 4318657.443, 114
Trd, 4318659.593, 102
Trd, 4318660.293, 119
Trd, 4318660.343, 103
Trd, 4318660.493, 106
Trd, 4318662.943, 106
Trd, 4318663.443, 102
Trd, 4318664.643, 102
Trd, 4318665.843, 106
Trd, 4318668.193, 101
Trd, 4318668.743, 102
Trd, 4318671.043, 103
Trd, 4318675.293, 104
Trd, 4318676.893, 103
Trd, 4318677.643, 103
Trd, 4318678.943, 102
Trd, 4318680.143, 102
Trd, 4318682.343, 103
Trd, 4318682.443, 100
Trd, 4318684.593, 102
Trd, 4318684.693, 103
Trd, 4318685.993, 102
Trd, 4318687.793, 101
Trd, 4318688.093, 102
Trd, 4318689.343, 102
Trd, 4318690.543, 102
Trd, 4318692.743, 101
Trd, 4318696.993, 96
Trd, 4318697.143, 102
Trd, 4318698.793, 102
Trd, 4318699.343, 102
Trd, 4318700.243, 99
Trd, 4318702.343, 97
Trd, 4318703.893, 98
Trd, 4318704.243, 97
Trd, 4318704.743, 98
Trd, 4318707.143, 94
Trd, 4318707.343, 98
Trd, 4318710.693, 98
Trd, 4318710.793, 98
Trd, 4318712.743, 96
Trd, 4318714.043, 97
Trd, 4318715.993, 97
Trd, 4318716.893, 97
Trd, 4318717.093, 96
Trd, 4318721.143, 95
Trd, 4318723.243, 97
Trd, 4318724.793, 94
Trd, 4318724.943, 97
Trd, 4318727.493, 96
Trd, 4318727.893, 96
Trd, 4318729.593, 95
Trd, 4318730.793, 96
Trd, 4318732.093, 96
Trd, 4318732.243, 96
Trd, 4318734.843, 95
Trd, 4318736.643, 95
Trd, 4318738.993, 104
Trd, 4318740.043, 96
Trd, 4318740.393, 97
Trd, 4318742.193, 97
Trd, 4318742.693, 98
Trd, 4318744.393, 96
Trd, 4318744.693, 95
Trd, 4318746.843, 96
Trd, 4318748.293, 95
Trd, 4318749.143, 95
Trd, 4318749.343, 96
Trd, 4318749.893, 104
Trd, 4318750.293, 94
Trd, 4318753.343, 96
Trd, 4318755.193, 96
Trd, 4318756.493, 94
Trd, 4318757.293, 96
Trd, 4318759.293, 95
Trd, 4318760.893, 93
Trd, 4318761.093, 96
Trd, 4318761.543, 96
Trd, 4318762.043, 96
Trd, 4318763.743, 97
Trd, 4318765.243, 97
Trd, 4318766.543, 96
Trd, 4318766.943, 102
Trd, 4318767.593, 95
Trd, 4318767.993, 104
Trd, 4318770.343, 100
Trd, 4318771.543, 100
Trd, 4318772.393, 96
Trd, 4318772.793, 100
Trd, 4318773.993, 95
Trd, 4318777.443, 99
Trd, 4318779.843, 99
Trd, 4318780.243, 99
Trd, 4318782.393, 98
Trd, 4318783.493, 98
Trd, 4318784.893, 98
Trd, 4318784.993, 102
Trd, 4318785.393, 98
Trd, 4318786.343, 94
Trd, 4318788.243, 98
Trd, 4318788.643, 98
Trd, 4318789.043, 96
Trd, 4318791.643, 98
Trd, 4318792.043, 99
Trd, 4318793.793, 95
Trd, 4318796.493, 99
Trd, 4318796.843, 99
Trd, 4318797.993, 100
Trd, 4318799.193, 99
Trd, 4318800.793, 99
Trd, 4318801.543, 98
Trd, 4318805.093, 99
Trd, 4318805.443, 97
Trd, 4318807.343, 98
Trd, 4318807.693, 104
Trd, 4318809.793, 100
Trd, 4318810.993, 97
Trd, 4318811.943, 95
Trd, 4318813.493, 99
Trd, 4318815.093, 104
Trd, 4318815.643, 99
Trd, 4318816.593, 101
Trd, 4318817.193, 100
Trd, 4318817.593, 101
Trd, 4318820.343, 101
Trd, 4318821.893, 101
Trd, 4318823.443, 100
Trd, 4318826.243, 101
Trd, 4318826.843, 104
Trd, 4318828.293, 102
Trd, 4318829.143, 100
Trd, 4318831.743, 102
Trd, 4318833.793, 102
Trd, 4318834.793, 102
Trd, 4318835.393, 102
Trd, 4318836.593, 105
Trd, 4318837.993, 102
Trd, 4318840.093, 101
Trd, 4318840.243, 103
Trd, 4318841.893, 100
Trd, 4318843.143, 102
Trd, 4318843.893, 102
Trd, 4318844.893, 101
Trd, 4318845.543, 102
Trd, 4318848.343, 94
Trd, 4318850.193, 101
Trd, 4318854.193, 100
Trd, 4318854.293, 101
Trd, 4318854.493, 101
Trd, 4318855.443, 100
Trd, 4318859.393, 101
Trd, 4318860.693, 100
Trd, 4318861.443, 98
Trd, 4318862.393, 100
Trd, 4318865.293, 100
Trd, 4318865.793, 98
Trd, 4318867.443, 100
Trd, 4318868.543, 100
Trd, 4318870.793, 100
Trd, 4318870.943, 104
Trd, 4318871.693, 101
Trd, 4318873.793, 99
Trd, 4318874.243, 101
Trd, 4318875.343, 99
Trd, 4318877.943, 98
Trd, 4318880.743, 101
Trd, 4318881.293, 101
Trd, 4318881.893, 101
Trd, 4318883.393, 104
Trd, 4318884.293, 98
Trd, 4318884.743, 102
Trd, 4318885.143, 98
Trd, 4318888.843, 97
Trd, 4318889.193, 97
Trd, 4318890.493, 97
Trd, 4318892.243, 95
Trd, 4318892.343, 97
Trd, 4318894.593, 97
Trd, 4318896.693, 98
Trd, 4318896.843, 97
Trd, 4318897.493, 104
Trd, 4318898.443, 94
Trd, 4318902.043, 98
Trd, 4318902.093, 99
Trd, 4318902.993, 95
Trd, 4318904.293, 99
Trd, 4318907.243, 98
Trd, 4318910.843, 96
Trd, 4318913.393, 98
Trd, 4318915.443, 96
Trd, 4318915.643, 76
Trd, 4318916.443, 96
Trd, 4318917.893, 95
Trd, 4318920.993, 95
Trd, 4318921.793, 95
Trd, 4318922.843, 99
Trd, 4318923.393, 98
Trd, 4318924.993, 104
Trd, 4318927.743, 102
Trd, 4318929.293, 104
Trd, 4318929.993, 100
Trd, 4318930.043, 94
Trd, 4318931.043, 96
Trd, 4318932.793, 100
Trd, 4318933.393, 99
Trd, 4318933.543, 100
Trd, 4318936.443, 101
Trd, 4318938.793, 101
Trd, 4318939.093, 101
Trd, 4318940.793, 101
Trd, 4318941.293, 104
Trd, 4318942.043, 104
Trd, 4318942.493, 100
Trd, 4318943.143, 100
Trd, 4318946.843, 103
Trd, 4318948.943, 103
Trd, 4318949.693, 101
Trd, 4318951.693, 101
Trd, 4318953.243, 101
Trd, 4318953.993, 101
Trd, 4318954.393, 101
Trd, 4318954.943, 101
Trd, 4318956.443, 101
Trd, 4318958.493, 100
Trd, 4318958.943, 99
Trd, 4318958.993, 101
Trd, 4318959.793, 101
Trd, 4318960.643, 94
Trd, 4318962.843, 101
Trd, 4318965.243, 98
Trd, 4318965.793, 98
Trd, 4318965.843, 97
Trd, 4318966.793, 98
Trd, 4318967.143, 97
Trd, 4318967.693, 98
Trd, 4318970.693, 98
Trd, 4318970.993, 99
Trd, 4318972.293, 104
Trd, 4318976.043, 100
Trd, 4318976.393, 98
Trd, 4318980.093, 99
Trd, 4318980.343, 97
Trd, 4318981.693, 99
Trd, 4318982.093, 100
Trd, 4318983.043, 104
Trd, 4318984.943, 98
Trd, 4318986.193, 97
Trd, 4318989.693, 99
Trd, 4318989.893, 101
Trd, 4318991.893, 104
Trd, 4318991.943, 102
Trd, 4318992.743, 101
Trd, 4318995.843, 98
Trd, 4318996.443, 101
Trd, 4318998.693, 99
Trd, 4319000.043, 101
Trd, 4319000.393, 101
Trd, 4319001.393, 101
Trd, 4319001.793, 97
Trd, 4319005.643, 97
Trd, 4319006.643, 98
Trd, 4319011.093, 98
Trd, 4319011.193, 98
Trd, 4319011.493, 98
Trd, 4319012.543, 96
Trd, 4319015.393, 96
Trd, 4319016.293, 97
Trd, 4319016.693, 96
Trd, 4319016.943, 97
Trd, 4319017.093, 101
Trd, 4319020.143, 97
Trd, 4319020.993, 98
Trd, 4319024.093, 97
Trd, 4319024.943, 97
Trd, 4319026.543, 95
Trd, 4319027.843, 94
Trd, 4319029.193, 97
Trd, 4319029.293, 97
Trd, 4319031.193, 97
Trd, 4319032.893, 103
Trd, 4319033.043, 98
Trd, 4319035.393, 98
Trd, 4319036.543, 98
Trd, 4319037.393, 98
Trd, 4319038.943, 95
Trd, 4319041.243, 98
Trd, 4319042.193, 98
Trd, 4319042.443, 98
Trd, 4319043.043, 99
Trd, 4319045.093, 98
Trd, 4319050.993, 99
Trd, 4319052.043, 99
Trd, 4319053.843, 99
Trd, 4319055.143, 96
Trd, 4319057.393, 95
Trd, 4319058.093, 97
Trd, 4319059.793, 97
Trd, 4319063.793, 96
Trd, 4319064.943, 96
Trd, 4319065.393, 96
Trd, 4319066.893, 96
Trd, 4319068.393, 94
Trd, 4319071.993, 96
Trd, 4319073.093, 96
Trd, 4319073.143, 104
Trd, 4319073.993, 98
Trd, 4319076.543, 96
Trd, 4319076.893, 97
Trd, 4319077.593, 104
Trd, 4319081.493, 97
Trd, 4319082.493, 96
Trd, 4319086.293, 97
Trd, 4319086.943, 96
Trd, 4319087.093, 97
Trd, 4319088.443, 96
Trd, 4319089.443, 95
Trd, 4319089.593, 96
Trd, 4319093.343, 96
Trd, 4319094.043, 96
Trd, 4319095.243, 101
Trd, 4319096.743, 97
Trd, 4319097.193, 97
Trd, 4319097.593, 98
Trd, 4319099.793, 95
Trd, 4319099.943, 104
Trd, 4319103.243, 98
Trd, 4319104.993, 98
Trd, 4319105.793, 98
Trd, 4319110.093, 98
Trd, 4319110.743, 97
Trd, 4319110.993, 98
Trd, 4319111.593, 97
Trd, 4319112.393, 104
Trd, 4319115.593, 99
Trd, 4319116.393, 99
Trd, 4319117.293, 100
Trd, 4319118.043, 100
Trd, 4319120.843, 111
Trd, 4319122.093, 101
Trd, 4319123.443, 105
Trd, 4319123.943, 113
Trd, 4319126.293, 103
Trd, 4319128.143, 104
Trd, 4319129.793, 104
Trd, 4319130.143, 104
Trd, 4319132.543, 103
Trd, 4319132.793, 102
Trd, 4319132.893, 102
Trd, 4319133.993, 102
Trd, 4319134.793, 94
Trd, 4319137.093, 96
Trd, 4319137.843, 95
Trd, 4319138.143, 100
Trd, 4319140.243, 94
Trd, 4319141.243, 104
Trd, 4319141.393, 96
Trd, 4319143.593, 96
Trd, 4319144.993, 99
Trd, 4319146.093, 97
Trd, 4319147.693, 99
Trd, 4319148.443, 104
Trd, 4319150.143, 99
Trd, 4319150.343, 99
Trd, 4319151.693, 97
Trd, 4319152.843, 100
Trd, 4319154.243, 99
Trd, 4319154.643, 96
Trd, 4319155.693, 100
Trd, 4319157.443, 94
Trd, 4319161.143, 96
Trd, 4319162.093, 100
Trd, 4319165.593, 96
Trd, 4319165.843, 95
Trd, 4319166.793, 97
Trd, 4319169.593, 96
Trd, 4319169.643, 104
Trd, 4319170.043, 94
Trd, 4319172.893, 97
Trd, 4319174.193, 96
Trd, 4319175.593, 95
Trd, 4319178.193, 95
Trd, 4319178.243, 96
Trd, 4319178.443, 94
Trd, 4319179.543, 96
Trd, 4319181.543, 94
Trd, 4319183.743, 96
Trd, 4319186.943, 96
Trd, 4319188.343, 96
Trd, 4319188.793, 95
Trd, 4319190.793, 96
Trd, 4319192.093, 104
Trd, 4319196.993, 98
Trd, 4319197.443, 98
Trd, 4319197.593, 97
Trd, 4319198.493, 95
Trd, 4319201.893, 94
Trd, 4319202.543, 96
Trd, 4319202.843, 98
Trd, 4319205.793, 98
Trd, 4319206.293, 99
Trd, 4319207.943, 97
Trd, 4319208.093, 98
Trd, 4319208.893, 98
Trd, 4319210.493, 98
Trd, 4319211.343, 104
Trd, 4319213.143, 99
Trd, 4319214.093, 97
Trd, 4319215.343, 97
Trd, 4319218.143, 97
Trd, 4319218.693, 99
Trd, 4319219.143, 99
Trd, 4319220.093, 104
Trd, 4319221.343, 100
Trd, 4319221.543, 99
Trd, 4319223.693, 98
Trd, 4319224.043, 99
Trd, 4319225.493, 100
Trd, 4319227.093, 99
Trd, 4319230.943, 99
Trd, 4319231.143, 100
Trd, 4319231.443, 99
Trd, 4319232.143, 99
Trd, 4319234.243, 101
Trd, 4319234.443, 104
Trd, 4319236.743, 101
Trd, 4319237.243, 99
Trd, 4319237.593, 101
Trd, 4319238.743, 97
Trd, 4319239.493, 94
Trd, 4319240.593, 101
Trd, 4319243.893, 101
Trd, 4319244.043, 101
Trd, 4319246.043, 94
Trd, 4319247.143, 101
Trd, 4319249.243, 101
Trd, 4319249.743, 100
Trd, 4319249.843, 99
Trd, 4319250.443, 100
Trd, 4319251.093, 100
Trd, 4319254.543, 99
Trd, 4319254.793, 100
Trd, 4319257.243, 100
Trd, 4319258.093, 103
Trd, 4319260.243, 102
Trd, 4319261.893, 101
Trd, 4319262.443, 102
Trd, 4319262.893, 102
Trd, 4319264.493, 97
Trd, 4319266.143, 102
Trd, 4319266.993, 102
Trd, 4319267.243, 104
Trd, 4319267.543, 100
Trd, 4319269.493, 76
Trd, 4319269.643, 97
Trd, 4319270.593, 93
Trd, 4319272.093, 95
Trd, 4319274.693, 92
Trd, 4319274.743, 104
Trd, 4319275.243, 107
Trd, 4319275.643, 94
Trd, 4319276.993, 98
Trd, 4319277.643, 95
Trd, 4319279.443, 96
Trd, 4319279.943, 97
Trd, 4319281.393, 96
Trd, 4319281.493, 97
Trd, 4319283.693, 96
Trd, 4319284.693, 104
Trd, 4319286.443, 98
Trd, 4319286.793, 95
Trd, 4319289.643, 98
Trd, 4319289.943, 98
Trd, 4319292.743, 97
Trd, 4319293.793, 95
Trd, 4319295.443, 97
Trd, 4319296.143, 97
Trd, 4319297.893, 95
Trd, 4319299.843, 104
Trd, 4319301.893, 96
Trd, 4319303.093, 95
Trd, 4319303.343, 97
Trd, 4319306.543, 96
Trd, 4319306.943, 96
Trd, 4319309.143, 95
Trd, 4319312.243, 96
Trd, 4319312.543, 96
Trd, 4319314.443, 96
Trd, 4319314.843, 96
Trd, 4319315.393, 95
Trd, 4319319.643, 96
Trd, 4319321.443, 96
Trd, 4319321.893, 96
Trd, 4319323.493, 94
Trd, 4319327.443, 96
Trd, 4319327.493, 94
Trd, 4319329.043, 96
Trd, 4319330.193, 96
Trd, 4319332.843, 96
Trd, 4319333.343, 96
Trd, 4319336.443, 94
Trd, 4319336.993, 96
Trd, 4319338.243, 95
Trd, 4319341.243, 95
Trd, 4319342.093, 95
Trd, 4319344.743, 95
Trd, 4319345.293, 95
Trd, 4319345.793, 94
Trd, 4319348.293, 96
Trd, 4319351.343, 97
Trd, 4319352.343, 96
Trd, 4319353.193, 95
Trd, 4319353.543, 95
Trd, 4319353.693, 104
Trd, 4319354.143, 94
Trd, 4319356.743, 96
Trd, 4319357.593, 96
Trd, 4319360.043, 97
Trd, 4319360.743, 97
Trd, 4319360.893, 95
Trd, 4319362.243, 96
Trd, 4319364.243, 96
Trd, 4319366.293, 95
Trd, 4319367.543, 96
Trd, 4319368.393, 96
Trd, 4319368.843, 102
Trd, 4319372.143, 97
Trd, 4319373.193, 94
Trd, 4319376.043, 97
Trd, 4319376.543, 97
Trd, 4319378.493, 96
Trd, 4319381.893, 96
Trd, 4319383.343, 96
Trd, 4319385.293, 95
Trd, 4319385.743, 95
Trd, 4319387.693, 95
Trd, 4319392.643, 98
Trd, 4319392.943, 104
Trd, 4319393.593, 101
Trd, 4319393.793, 98
Trd, 4319394.993, 98
Trd, 4319397.143, 98
Trd, 4319398.443, 97
Trd, 4319398.993, 98
Trd, 4319400.493, 95
Trd, 4319402.243, 98
Trd, 4319403.943, 98
Trd, 4319405.593, 98
Trd, 4319406.193, 97
Trd, 4319407.443, 96
Trd, 4319409.293, 98
Trd, 4319409.543, 98
Trd, 4319410.943, 94
Trd, 4319413.743, 98
Trd, 4319414.193, 97
Trd, 4319414.293, 98
Trd, 4319414.493, 98
Trd, 4319417.593, 96
Trd, 4319419.393, 98
Trd, 4319419.893, 97
Trd, 4319420.593, 95
Trd, 4319422.893, 97
Trd, 4319425.393, 96
Trd, 4319425.643, 97
Trd, 4319428.993, 95
Trd, 4319429.643, 96
Trd, 4319432.543, 96
Trd, 4319432.893, 97
Trd, 4319433.893, 94
Trd, 4319434.943, 96
Trd, 4319435.593, 96
Trd, 4319435.943, 94
Trd, 4319439.293, 95
Trd, 4319440.393, 96
Trd, 4319440.743, 96
Trd, 4319442.893, 96
Trd, 4319445.893, 96
Trd, 4319447.843, 96
Trd, 4319447.943, 94
Trd, 4319449.043, 96
Trd, 4319451.693, 93
Trd, 4319454.843, 96
Trd, 4319455.243, 96
Trd, 4319456.693, 96
Trd, 4319459.093, 96
Trd, 4319459.343, 96
Trd, 4319460.243, 94
Trd, 4319460.493, 104
Trd, 4319462.443, 98
Trd, 4319465.393, 96
Trd, 4319465.543, 98
Trd, 4319468.393, 97
Trd, 4319469.093, 96
Trd, 4319470.743, 97
Trd, 4319472.193, 97
Trd, 4319472.543, 98
Trd, 4319477.493, 97
Trd, 4319479.393, 97
Trd, 4319480.093, 96
Trd, 4319480.693, 97
Trd, 4319480.793, 98
Trd, 4319482.843, 95
Trd, 4319483.143, 104
Trd, 4319487.243, 97
Trd, 4319487.743, 98
Trd, 4319487.793, 98
Trd, 4319491.043, 98
Trd, 4319491.193, 96
Trd, 4319491.743, 104
Trd, 4319494.693, 99
Trd, 4319495.993, 100
Trd, 4319498.443, 100
Trd, 4319499.543, 101
Trd, 4319499.693, 104
Trd, 4319500.093, 100
Trd, 4319501.743, 99
Trd, 4319502.793, 95
Trd, 4319504.993, 101
Trd, 4319506.543, 98
Trd, 4319507.993, 104
Trd, 4319510.743, 100
Trd, 4319510.793, 101
Trd, 4319511.593, 101
Trd, 4319516.043, 98
Trd, 4319516.543, 101
Trd, 4319516.743, 101
Trd, 4319517.893, 101
Trd, 4319518.743, 102
Trd, 4319521.493, 102
Trd, 4319521.993, 102
Trd, 4319522.193, 101
Trd, 4319524.243, 94
Trd, 4319525.343, 102
Trd, 4319525.393, 104
Trd, 4319527.893, 103
Trd, 4319530.093, 99
Trd, 4319531.493, 103
Trd, 4319533.993, 100
Trd, 4319534.343, 101
Trd, 4319538.593, 101
Trd, 4319538.743, 99
Trd, 4319541.693, 101
Trd, 4319542.543, 98
Trd, 4319543.143, 101
Trd, 4319544.143, 101
Trd, 4319545.293, 96
Trd, 4319546.243, 94
Trd, 4319547.343, 89
Trd, 4319548.643, 95
Trd, 4319548.943, 94
Trd, 4319549.743, 104
Trd, 4319552.043, 95
Trd, 4319552.193, 96
Trd, 4319554.143, 96
Trd, 4319554.843, 100
Trd, 4319556.693, 97
Trd, 4319557.243, 100
Trd, 4319558.243, 99
Trd, 4319560.243, 98
Trd, 4319561.593, 104
Trd, 4319562.643, 100
Trd, 4319563.093, 106
Trd, 4319565.793, 98
Trd, 4319566.293, 97
Trd, 4319566.493, 98
Trd, 4319567.143, 93
Trd, 4319568.293, 98
Trd, 4319569.643, 95
Trd, 4319570.993, 95
Trd, 4319572.443, 104
Trd, 4319574.293, 98
Trd, 4319574.843, 100
Trd, 4319574.943, 104
Trd, 4319577.093, 99
Trd, 4319577.393, 99
Trd, 4319580.493, 98
Trd, 4319581.043, 97
Trd, 4319582.943, 97
Trd, 4319584.193, 97
Trd, 4319584.693, 96
Trd, 4319585.193, 97
Trd, 4319585.243, 95
Trd, 4319589.343, 97
Trd, 4319591.243, 97
Trd, 4319591.343, 97
Trd, 4319591.843, 96
Trd, 4319593.093, 97
Trd, 4319596.943, 97
Trd, 4319598.143, 96
Trd, 4319599.543, 96
Trd, 4319599.593, 94
Trd, 4319602.193, 95
Trd, 4319603.193, 95
Trd, 4319603.543, 95
Trd, 4319604.943, 94
Trd, 4319606.043, 94
Trd, 4319606.343, 95
Trd, 4319607.393, 95
Trd, 4319609.643, 95
Trd, 4319610.643, 95
Trd, 4319612.193, 97
Trd, 4319613.143, 96
Trd, 4319614.293, 104
Trd, 4319614.543, 95
Trd, 4319614.943, 97
Trd, 4319615.543, 94
Trd, 4319618.593, 93
Trd, 4319619.043, 94
Trd, 4319621.043, 92
Trd, 4319621.993, 94
Trd, 4319623.393, 100
Trd, 4319625.343, 95
Trd, 4319625.493, 96
Trd, 4319626.893, 104
Trd, 4319627.393, 99
Trd, 4319628.043, 99
Trd, 4319629.393, 105
Trd, 4319630.843, 108
Trd, 4319631.543, 102
Trd, 4319633.643, 104
Trd, 4319633.693, 104
Trd, 4319634.093, 100
Trd, 4319635.093, 104
Trd, 4319637.093, 99
Trd, 4319638.993, 98
Trd, 4319642.093, 99
Trd, 4319644.143, 100
Trd, 4319645.243, 98
Trd, 4319645.893, 100
Trd, 4319646.693, 97
Trd, 4319647.343, 100
Trd, 4319648.093, 99
Trd, 4319650.543, 99
Trd, 4319651.693, 97
Trd, 4319652.043, 102
Trd, 4319653.643, 96
Trd, 4319654.393, 100
Trd, 4319655.043, 100
Trd, 4319657.593, 99
Trd, 4319657.793, 98
Trd, 4319660.093, 96
Trd, 4319661.693, 95
Trd, 4319662.693, 99
Trd, 4319663.393, 99
Trd, 4319663.993, 97
Trd, 4319665.693, 99
Trd, 4319666.743, 98
Trd, 4319667.293, 99
Trd, 4319670.943, 99
Trd, 4319671.893, 99
Trd, 4319673.693, 98
Trd, 4319676.843, 98
Trd, 4319676.943, 94
Trd, 4319679.843, 97
Trd, 4319680.193, 97
Trd, 4319681.843, 97
Trd, 4319682.243, 97
Trd, 4319683.093, 96
Trd, 4319686.193, 96
Trd, 4319689.243, 96
Trd, 4319689.493, 93
Trd, 4319691.643, 96
Trd, 4319694.043, 95
Trd, 4319694.393, 95
Trd, 4319695.043, 96
Trd, 4319695.143, 96
Trd, 4319696.443, 95
Trd, 4319699.093, 95
Trd, 4319699.993, 95
Trd, 4319700.043, 95
Trd, 4319700.693, 92
Trd, 4319701.743, 104
Trd, 4319704.643, 96
Trd, 4319705.643, 95
Trd, 4319707.993, 95
Trd, 4319710.143, 94
Trd, 4319711.193, 92
Trd, 4319711.643, 95
Trd, 4319713.843, 95
Trd, 4319714.493, 95
Trd, 4319716.693, 96
Trd, 4319718.943, 114
Trd, 4319719.593, 103
Trd, 4319719.643, 102
Trd, 4319720.443, 101
Trd, 4319720.743, 94
Trd, 4319721.593, 102
Trd, 4319723.293, 121
Trd, 4319723.593, 101
Trd, 4319725.993, 97
Trd, 4319728.443, 105
Trd, 4319728.943, 105
Trd, 4319729.043, 100
Trd, 4319731.893, 103
Trd, 4319732.043, 105
Trd, 4319733.343, 101
Trd, 4319734.093, 101
Trd, 4319736.043, 101
Trd, 4319736.993, 97
Trd, 4319739.843, 99
Trd, 4319740.793, 98
Trd, 4319741.093, 99
Trd, 4319742.793, 97
Trd, 4319742.893, 99
Trd, 4319742.993, 94
Trd, 4319746.243, 97
Trd, 4319746.593, 96
Trd, 4319746.743, 98
Trd, 4319747.543, 98
Trd, 4319753.093, 98
Trd, 4319754.443, 97
Trd, 4319754.993, 96
Trd, 4319755.593, 95
Trd, 4319756.193, 97
Trd, 4319759.243, 97
Trd, 4319760.243, 97
Trd, 4319761.243, 95
Trd, 4319763.443, 96
Trd, 4319763.793, 94
Trd, 4319766.493, 97
Trd, 4319768.143, 97
Trd, 4319770.143, 97
Trd, 4319771.193, 95
Trd, 4319772.093, 97
Trd, 4319772.293, 95
Trd, 4319774.593, 97
Trd, 4319775.193, 97
Trd, 4319775.243, 95
Trd, 4319776.293, 97
Trd, 4319776.693, 104
Trd, 4319779.793, 98
Trd, 4319780.643, 97
Trd, 4319781.043, 96
Trd, 4319781.943, 94
Trd, 4319784.193, 96
Trd, 4319784.743, 97
Trd, 4319787.043, 95
Trd, 4319788.493, 94
Trd, 4319790.993, 95
Trd, 4319792.243, 96
Trd, 4319792.793, 101
Trd, 4319793.793, 94
Trd, 4319795.393, 97
Trd, 4319798.993, 97
Trd, 4319800.943, 95
Trd, 4319802.993, 97
Trd, 4319803.143, 97
Trd, 4319808.093, 97
Trd, 4319808.543, 97
Trd, 4319808.593, 97
Trd, 4319810.143, 99
Trd, 4319810.393, 98
Trd, 4319811.543, 97
Trd, 4319813.993, 98
Trd, 4319815.093, 98
Trd, 4319815.743, 97
Trd, 4319817.093, 95
Trd, 4319817.143, 98
Trd, 4319820.643, 98
Trd, 4319821.943, 98
Trd, 4319826.443, 103
Trd, 4319827.143, 103
Trd, 4319828.393, 101
Trd, 4319829.493, 95
Trd, 4319830.043, 98
Trd, 4319830.843, 98
Trd, 4319830.993, 104
Trd, 4319832.193, 98
Trd, 4319832.943, 101
Trd, 4319835.143, 101
Trd, 4319836.043, 95
Trd, 4319838.143, 97
Trd, 4319838.343, 101
Trd, 4319838.893, 101
Trd, 4319840.143, 99
Trd, 4319842.293, 99
Trd, 4319842.593, 101
Trd, 4319844.543, 97
Trd, 4319845.143, 101
Trd, 4319846.943, 101
Trd, 4319848.893, 98
Trd, 4319849.893, 101
Trd, 4319856.093, 97
Trd, 4319857.693, 98
Trd, 4319857.993, 101
Trd, 4319858.893, 98
Trd, 4319859.693, 97
Trd, 4319860.143, 101
Trd, 4319861.443, 101
Trd, 4319865.343, 100
Trd, 4319865.593, 101
Trd, 4319866.193, 99
Trd, 4319866.893, 101
Trd, 4319867.543, 101
Trd, 4319868.543, 101
Trd, 4319870.993, 104
Trd, 4319873.193, 102
Trd, 4319874.193, 100
Trd, 4319874.743, 102
Trd, 4319877.593, 100
Trd, 4319880.143, 102
Trd, 4319881.443, 102
Trd, 4319882.193, 103
Trd, 4319883.743, 102
Trd, 4319885.193, 101
Trd, 4319886.543, 100
Trd, 4319888.293, 102
Trd, 4319888.743, 103
Trd, 4319890.143, 100
Trd, 4319890.793, 104
Trd, 4319892.243, 103
Trd, 4319892.543, 101
Trd, 4319894.393, 103
Trd, 4319897.243, 103
Trd, 4319897.843, 103
Trd, 4319898.343, 102
Trd, 4319899.093, 100
Trd, 4319900.843, 100
Trd, 4319901.543, 100
Trd, 4319901.693, 103
Trd, 4319903.743, 100
Trd, 4319905.143, 101
Trd, 4319908.493, 100
Trd, 4319908.843, 99
Trd, 4319909.993, 100
Trd, 4319910.743, 98
Trd, 4319912.693, 98
Trd, 4319913.043, 98
Trd, 4319913.393, 118
Trd, 4319915.843, 101
Trd, 4319916.543, 101
Trd, 4319918.093, 100
Trd, 4319922.593, 99
Trd, 4319924.143, 99
Trd, 4319924.793, 99
Trd, 4319924.993, 100
Trd, 4319927.193, 98
Trd, 4319929.743, 99
Trd, 4319931.243, 100
Trd, 4319931.593, 104
Trd, 4319932.643, 97
Trd, 4319934.593, 98
Trd, 4319935.043, 97
Trd, 4319937.043, 98
Trd, 4319938.793, 98
Trd, 4319939.643, 99
Trd, 4319940.043, 104
Trd, 4319940.943, 97
Trd, 4319942.243, 97
Trd, 4319943.543, 96
Trd, 4319944.393, 95
Trd, 4319945.943, 95
Trd, 4319946.143, 104
Trd, 4319949.293, 97
Trd, 4319949.543, 97
Trd, 4319951.043, 93
Trd, 4319953.493, 93
Trd, 4319955.993, 95
Trd, 4319957.443, 96
Trd, 4319957.943, 96
Trd, 4319959.443, 96
Trd, 4319959.943, 99
Trd, 4319960.643, 96
Trd, 4319962.093, 96
Trd, 4319962.843, 96
Trd, 4319964.143, 101
Trd, 4319964.243, 100
Trd, 4319968.043, 104
Trd, 4319969.493, 100
Trd, 4319970.693, 99
Trd, 4319971.893, 98
Trd, 4319972.643, 116
Trd, 4319972.843, 99
Trd, 4319974.593, 97
Trd, 4319977.443, 98
Trd, 4319979.193, 97
Trd, 4319979.743, 98
Trd, 4319984.143, 97
Trd, 4319984.943, 98
Trd, 4319985.593, 97
Trd, 4319986.143, 97
Trd, 4319987.393, 98
Trd, 4319988.143, 98
Trd, 4319989.293, 115
Trd, 4319989.793, 97
Trd, 4319991.393, 102
Trd, 4319991.643, 104
Trd, 4319994.593, 101
Trd, 4319994.693, 97
Trd, 4319997.143, 101
Trd, 4319998.643, 100
