Trd, 4317861.143, 102
Trd, 4317861.643, 100
Trd, 4317863.393, 95
Trd, 4317863.893, 96
Trd, 4317865.193, 95
Trd, 4317866.743, 96
Trd, 4317867.043, 96
Trd, 4317867.993, 96
Trd, 4317870.293, 97
Trd, 4317872.843, 97
Trd, 4317876.393, 97
Trd, 4317876.943, 97
Trd, 4317877.193, 96
Trd, 4317877.893, 94
Trd, 4317881.693, 95
Trd, 4317882.243, 95
Trd, 4317882.993, 94
Trd, 4317883.693, 95
Trd, 4317885.193, 93
Trd, 4317886.243, 93
Trd, 4317888.343, 94
Trd, 4317888.793, 94
Trd, 4317889.443, 96
Trd, 4317891.293, 96
Trd, 4317892.693, 96
Trd, 4317893.343, 94
Trd, 4317898.243, 96
Trd, 4317898.743, 95
Trd, 4317899.093, 95
Trd, 4317899.493, 94
Trd, 4317900.093, 95
Trd, 4317904.293, 95
Trd, 4317906.093, 95
Trd, 4317906.343, 95
Trd, 4317907.343, 94
Trd, 4317908.093, 94
Trd, 4317910.943, 93
Trd, 4317911.043, 94
Trd, 4317914.893, 95
Trd, 4317915.693, 92
Trd, 4317916.243, 92
Trd, 4317916.693, 93
Trd, 4317919.393, 93
Trd, 4317919.943, 92
Trd, 4317922.493, 93
Trd, 4317923.143, 93
Trd, 4317923.343, 92
Trd, 4317923.843, 91
Trd, 4317925.243, 95
Trd, 4317925.343, 113
Trd, 4317926.543, 87
Trd, 4317927.243, 103
Trd, 4317934.393, 98
Trd, 4317934.793, 98
Trd, 4317936.843, 96
Trd, 4317938.693, 98
Trd, 4317941.293, 97
Trd, 4317941.893, 96
Trd, 4317941.943, 95
Trd, 4317944.393, 97
Trd, 4317946.743, 98
Trd, 4317947.543, 97
Trd, 4317948.593, 97
Trd, 4317951.793, 96
Trd, 4317954.143, 97
Trd, 4317954.643, 97
Trd, 4317955.293, 97
Trd, 4317955.643, 95
Trd, 4317955.843, 94
Trd, 4317956.243, 93
Trd, 4317959.793, 94
Trd, 4317960.143, 93
Trd, 4317960.993, 95
Trd, 4317961.893, 105
Trd, 4317962.943, 92
Trd, 4317964.843, 94
Trd, 4317966.093, 95
Trd, 4317966.193, 93
Trd, 4317968.743, 95
Trd, 4317969.543, 96
Trd, 4317971.443, 95
Trd, 4317972.393, 95
Trd, 4317973.993, 96
Trd, 4317975.593, 96
Trd, 4317976.043, 93
Trd, 4317976.493, 96
Trd, 4317976.793, 94
Trd, 4317978.443, 96
Trd, 4317978.693, 107
Trd, 4317981.143, 102
Trd, 4317981.743, 99
Trd, 4317981.893, 100
Trd, 4317984.993, 100
Trd, 4317985.993, 100
Trd, 4317987.843, 100
Trd, 4317990.393, 100
Trd, 4317990.893, 98
Trd, 4317994.743, 100
Trd, 4317996.493, 98
Trd, 4317996.643, 100
Trd, 4317999.343, 98
Trd, 4318000.093, 99
Trd, 4318001.043, 98
Trd, 4318001.643, 104
Trd, 4318003.193, 99
Trd, 4318005.593, 99
Trd, 4318007.043, 99
Trd, 4318007.843, 96
Trd, 4318009.393, 96
Trd, 4318010.443, 99
Trd, 4318014.093, 99
Trd, 4318015.343, 97
Trd, 4318016.393, 97
Trd, 4318017.793, 97
Trd, 4318017.843, 99
Trd, 4318021.193, 98
Trd, 4318021.743, 97
Trd, 4318022.093, 97
Trd, 4318024.343, 97
Trd, 4318025.893, 97
Trd, 4318027.893, 96
Trd, 4318028.193, 97
Trd, 4318029.093, 97
Trd, 4318030.843, 97
Trd, 4318031.593, 96
Trd, 4318032.393, 98
Trd, 4318035.143, 99
Trd, 4318035.493, 96
Trd, 4318036.993, 97
Trd, 4318041.393, 96
Trd, 4318041.493, 97
Trd, 4318042.693, 95
Trd, 4318042.993, 98
Trd, 4318043.993, 98
Trd, 4318045.043, 106
Trd, 4318045.543, 94
Trd, 4318047.993, 99
Trd, 4318051.693, 99
Trd, 4318053.993, 98
Trd, 4318054.493, 98
Trd, 4318054.593, 96
Trd, 4318055.543, 94
Trd, 4318055.793, 98
Trd, 4318059.093, 94
Trd, 4318059.393, 98
Trd, 4318059.643, 98
Trd, 4318061.643, 98
Trd, 4318062.443, 98
Trd, 4318066.193, 98
Trd, 4318066.243, 96
Trd, 4318066.343, 99
Trd, 4318069.193, 99
Trd, 4318069.593, 106
Trd, 4318070.093, 100
Trd, 4318070.743, 99
Trd, 4318072.793, 100
Trd, 4318075.643, 99
Trd, 4318076.393, 99
Trd, 4318076.893, 99
Trd, 4318078.293, 99
Trd, 4318079.293, 99
Trd, 4318079.793, 96
Trd, 4318082.593, 96
Trd, 4318082.843, 99
Trd, 4318083.593, 95
Trd, 4318084.093, 97
Trd, 4318087.093, 98
Trd, 4318088.193, 99
Trd, 4318090.243, 99
Trd, 4318091.493, 98
Trd, 4318092.943, 99
Trd, 4318095.143, 98
Trd, 4318096.243, 100
Trd, 4318096.643, 99
Trd, 4318103.293, 99
Trd, 4318103.443, 98
Trd, 4318103.493, 94
Trd, 4318106.443, 98
Trd, 4318106.843, 97
Trd, 4318107.193, 98
Trd, 4318108.443, 99
Trd, 4318111.043, 98
Trd, 4318113.793, 98
Trd, 4318113.893, 99
Trd, 4318114.443, 96
Trd, 4318115.893, 96
Trd, 4318117.293, 99
Trd, 4318118.793, 100
Trd, 4318118.893, 99
Trd, 4318119.493, 99
Trd, 4318121.343, 94
Trd, 4318122.993, 90
Trd, 4318123.393, 88
Trd, 4318124.043, 89
Trd, 4318124.693, 95
Trd, 4318124.843, 86
Trd, 4318126.293, 109
Trd, 4318132.043, 92
Trd, 4318134.093, 93
Trd, 4318134.493, 91
Trd, 4318137.943, 95
Trd, 4318138.443, 94
Trd, 4318139.243, 96
Trd, 4318139.293, 95
Trd, 4318141.343, 95
Trd, 4318142.643, 96
Trd, 4318144.343, 97
Trd, 4318146.143, 96
Trd, 4318147.043, 97
Trd, 4318147.593, 96
Trd, 4318149.493, 97
Trd, 4318149.993, 94
Trd, 4318151.693, 97
Trd, 4318152.693, 94
Trd, 4318154.593, 97
Trd, 4318156.493, 97
Trd, 4318156.593, 94
Trd, 4318158.043, 96
Trd, 4318158.243, 96
Trd, 4318160.593, 96
Trd, 4318160.893, 93
Trd, 4318163.643, 92
Trd, 4318164.843, 91
Trd, 4318165.993, 92
Trd, 4318167.593, 92
Trd, 4318167.743, 91
Trd, 4318168.793, 90
Trd, 4318170.543, 95
Trd, 4318172.993, 95
Trd, 4318173.043, 104
Trd, 4318174.893, 92
Trd, 4318176.193, 97
Trd, 4318178.843, 97
Trd, 4318180.443, 93
Trd, 4318181.893, 97
Trd, 4318183.193, 96
Trd, 4318184.093, 98
Trd, 4318186.393, 98
Trd, 4318188.543, 97
Trd, 4318189.393, 98
Trd, 4318191.043, 97
Trd, 4318192.243, 97
Trd, 4318193.543, 96
Trd, 4318194.943, 98
Trd, 4318195.443, 98
Trd, 4318198.893, 95
Trd, 4318199.093, 98
Trd, 4318202.793, 99
Trd, 4318202.843, 111
Trd, 4318203.643, 95
Trd, 4318204.193, 101
Trd, 4318205.193, 101
Trd, 4318207.693, 99
Trd, 4318208.943, 98
Trd, 4318209.243, 97
Trd, 4318210.293, 96
Trd, 4318210.343, 94
Trd, 4318213.093, 91
Trd, 4318213.793, 91
Trd, 4318214.393, 88
Trd, 4318216.143, 90
Trd, 4318216.843, 89
Trd, 4318218.343, 90
Trd, 4318220.443, 95
Trd, 4318220.743, 89
Trd, 4318223.193, 89
Trd, 4318224.243, 92
Trd, 4318226.393, 91
Trd, 4318227.743, 88
Trd, 4318228.393, 91
Trd, 4318231.793, 91
Trd, 4318231.993, 91
Trd, 4318233.243, 95
Trd, 4318234.043, 93
Trd, 4318235.093, 93
Trd, 4318235.193, 95
Trd, 4318239.643, 92
Trd, 4318241.993, 94
Trd, 4318243.993, 95
Trd, 4318244.193, 95
Trd, 4318245.243, 95
Trd, 4318246.943, 94
Trd, 4318247.293, 95
Trd, 4318248.743, 94
Trd, 4318249.243, 95
Trd, 4318249.393, 96
Trd, 4318252.343, 96
Trd, 4318252.593, 94
Trd, 4318253.293, 96
Trd, 4318259.393, 93
Trd, 4318259.643, 94
Trd, 4318260.843, 97
Trd, 4318263.193, 96
Trd, 4318263.793, 96
Trd, 4318264.393, 95
Trd, 4318265.443, 95
Trd, 4318265.943, 96
Trd, 4318266.793, 97
Trd, 4318269.393, 97
Trd, 4318270.693, 92
Trd, 4318272.093, 94
Trd, 4318275.693, 95
Trd, 4318275.843, 94
Trd, 4318277.093, 95
Trd, 4318277.393, 95
Trd, 4318280.393, 95
Trd, 4318280.793, 95
Trd, 4318281.293, 95
Trd, 4318281.393, 94
Trd, 4318282.543, 91
Trd, 4318283.243, 89
Trd, 4318283.343, 91
Trd, 4318284.743, 92
Trd, 4318285.893, 77
Trd, 4318286.493, 93
Trd, 4318286.843, 104
Trd, 4318288.843, 97
Trd, 4318289.793, 94
Trd, 4318292.793, 88
Trd, 4318296.293, 93
Trd, 4318300.093, 92
Trd, 4318300.443, 95
Trd, 4318301.293, 93
Trd, 4318303.093, 94
Trd, 4318304.993, 94
Trd, 4318305.593, 94
Trd, 4318305.643, 104
Trd, 4318306.093, 93
Trd, 4318311.343, 96
Trd, 4318311.493, 95
Trd, 4318313.343, 93
Trd, 4318314.943, 96
Trd, 4318315.043, 96
Trd, 4318318.843, 92
Trd, 4318320.143, 95
Trd, 4318321.043, 95
Trd, 4318323.343, 94
Trd, 4318324.743, 95
Trd, 4318325.893, 95
Trd, 4318329.243, 95
Trd, 4318330.993, 93
Trd, 4318331.143, 95
Trd, 4318331.343, 95
Trd, 4318331.793, 94
Trd, 4318333.193, 94
Trd, 4318336.143, 95
Trd, 4318336.393, 95
Trd, 4318336.843, 95
Trd, 4318337.743, 96
Trd, 4318339.643, 96
Trd, 4318339.693, 97
Trd, 4318339.843, 104
Trd, 4318342.143, 99
Trd, 4318343.793, 99
Trd, 4318345.493, 96
Trd, 4318347.593, 100
Trd, 4318348.393, 99
Trd, 4318349.993, 100
Trd, 4318351.693, 99
Trd, 4318352.093, 98
Trd, 4318353.193, 97
Trd, 4318354.393, 94
Trd, 4318354.493, 97
Trd, 4318356.843, 95
Trd, 4318357.943, 97
Trd, 4318358.693, 97
Trd, 4318363.143, 97
Trd, 4318363.193, 97
Trd, 4318363.293, 95
Trd, 4318364.543, 97
Trd, 4318364.993, 96
Trd, 4318366.093, 93
Trd, 4318366.643, 95
Trd, 4318367.143, 95
Trd, 4318371.493, 93
Trd, 4318371.543, 97
Trd, 4318373.143, 96
Trd, 4318375.193, 94
Trd, 4318380.493, 95
Trd, 4318380.993, 95
Trd, 4318384.493, 94
Trd, 4318386.393, 95
Trd, 4318387.543, 96
Trd, 4318387.843, 92
Trd, 4318389.293, 95
Trd, 4318390.793, 95
Trd, 4318392.043, 95
Trd, 4318393.243, 95
Trd, 4318393.693, 95
Trd, 4318394.293, 94
Trd, 4318395.793, 94
Trd, 4318398.043, 94
Trd, 4318398.243, 94
Trd, 4318399.543, 94
Trd, 4318402.693, 93
Trd, 4318404.043, 93
Trd, 4318404.393, 94
Trd, 4318407.043, 94
Trd, 4318407.943, 76
Trd, 4318409.043, 94
Trd, 4318411.643, 94
Trd, 4318413.093, 95
Trd, 4318413.693, 94
Trd, 4318414.843, 109
Trd, 4318415.843, 99
Trd, 4318416.293, 94
Trd, 4318420.543, 99
Trd, 4318421.243, 95
Trd, 4318423.243, 98
Trd, 4318424.343, 96
Trd, 4318425.743, 94
Trd, 4318426.393, 96
Trd, 4318427.943, 95
Trd, 4318428.093, 104
Trd, 4318432.893, 94
Trd, 4318433.143, 97
Trd, 4318433.943, 98
Trd, 4318435.843, 96
Trd, 4318436.643, 96
Trd, 4318437.893, 105
Trd, 4318439.693, 117
Trd, 4318440.443, 102
Trd, 4318441.043, 103
Trd, 4318441.343, 93
Trd, 4318441.543, 108
Trd, 4318443.393, 100
Trd, 4318444.443, 99
Trd, 4318447.443, 100
Trd, 4318447.793, 95
Trd, 4318449.243, 99
Trd, 4318452.293, 99
Trd, 4318452.843, 99
Trd, 4318454.943, 98
Trd, 4318458.593, 96
Trd, 4318458.843, 99
Trd, 4318459.093, 99
Trd, 4318461.043, 99
Trd, 4318461.493, 98
Trd, 4318462.543, 99
Trd, 4318463.143, 104
Trd, 4318464.943, 100
Trd, 4318465.293, 97
Trd, 4318466.943, 100
Trd, 4318469.243, 97
Trd, 4318470.843, 96
Trd, 4318470.893, 97
Trd, 4318472.693, 96
Trd, 4318473.093, 84
Trd, 4318473.993, 89
Trd, 4318476.293, 92
Trd, 4318476.743, 94
Trd, 4318476.993, 95
Trd, 4318478.843, 93
Trd, 4318482.493, 94
Trd, 4318483.293, 95
Trd, 4318484.943, 95
Trd, 4318485.393, 94
Trd, 4318486.443, 94
Trd, 4318486.743, 93
Trd, 4318488.043, 93
Trd, 4318489.843, 93
Trd, 4318490.993, 95
Trd, 4318492.893, 94
Trd, 4318493.043, 92
Trd, 4318493.443, 93
Trd, 4318493.843, 106
Trd, 4318497.443, 93
Trd, 4318497.543, 92
Trd, 4318497.993, 91
Trd, 4318501.293, 93
Trd, 4318502.693, 93
Trd, 4318503.193, 91
Trd, 4318503.443, 95
Trd, 4318508.493, 93
Trd, 4318510.693, 93
Trd, 4318511.793, 92
Trd, 4318512.443, 93
Trd, 4318512.743, 95
Trd, 4318513.643, 95
Trd, 4318513.893, 95
Trd, 4318514.593, 92
Trd, 4318519.093, 91
Trd, 4318519.393, 96
Trd, 4318523.293, 94
Trd, 4318523.943, 94
Trd, 4318524.693, 94
Trd, 4318526.043, 95
Trd, 4318527.443, 95
Trd, 4318529.943, 93
Trd, 4318530.243, 94
Trd, 4318532.343, 95
Trd, 4318535.193, 93
Trd, 4318537.793, 94
Trd, 4318538.893, 93
Trd, 4318540.043, 92
Trd, 4318544.093, 93
Trd, 4318545.843, 93
Trd, 4318546.743, 94
Trd, 4318548.243, 92
Trd, 4318548.793, 95
Trd, 4318549.943, 95
Trd, 4318551.493, 106
Trd, 4318554.893, 101
Trd, 4318556.793, 99
Trd, 4318556.993, 101
Trd, 4318557.393, 95
Trd, 4318557.793, 96
Trd, 4318559.543, 99
Trd, 4318562.393, 98
Trd, 4318563.143, 98
Trd, 4318564.943, 98
Trd, 4318565.493, 97
Trd, 4318565.643, 95
Trd, 4318566.243, 96
Trd, 4318567.493, 98
Trd, 4318571.143, 98
Trd, 4318572.543, 96
Trd, 4318573.993, 99
Trd, 4318575.293, 99
Trd, 4318576.993, 97
Trd, 4318577.243, 98
Trd, 4318578.493, 95
Trd, 4318579.643, 98
Trd, 4318581.243, 100
Trd, 4318582.093, 99
Trd, 4318584.143, 100
Trd, 4318585.193, 98
Trd, 4318585.943, 98
Trd, 4318586.343, 97
Trd, 4318586.393, 104
Trd, 4318587.043, 102
Trd, 4318589.143, 95
Trd, 4318591.293, 100
Trd, 4318592.993, 96
Trd, 4318593.043, 100
Trd, 4318595.443, 100
Trd, 4318596.293, 99
Trd, 4318596.593, 94
Trd, 4318600.443, 97
Trd, 4318601.993, 97
Trd, 4318602.393, 96
Trd, 4318602.493, 97
Trd, 4318602.893, 97
Trd, 4318605.793, 97
Trd, 4318606.043, 97
Trd, 4318607.443, 95
Trd, 4318608.643, 96
Trd, 4318609.293, 94
Trd, 4318611.493, 96
Trd, 4318613.043, 94
Trd, 4318613.443, 96
Trd, 4318615.243, 96
Trd, 4318615.893, 96
Trd, 4318617.493, 96
Trd, 4318618.493, 95
Trd, 4318618.543, 93
Trd, 4318619.993, 96
Trd, 4318620.093, 94
Trd, 4318622.493, 96
Trd, 4318625.093, 96
Trd, 4318626.543, 97
Trd, 4318632.043, 97
Trd, 4318632.643, 97
Trd, 4318632.993, 96
Trd, 4318635.393, 95
Trd, 4318638.843, 97
Trd, 4318639.243, 97
Trd, 4318640.243, 96
Trd, 4318641.693, 96
Trd, 4318643.993, 95
Trd, 4318644.293, 96
Trd, 4318646.243, 98
Trd, 4318647.593, 95
Trd, 4318648.543, 97
Trd, 4318651.893, 97
Trd, 4318652.093, 94
Trd, 4318652.143, 97
Trd, 4318656.243, 96
Trd, 4318656.443, 96
Trd, 4318659.393, 95
Trd, 4318659.443, 94
Trd, 4318660.893, 95
Trd, 4318662.793, 95
Trd, 4318663.043, 94
Trd, 4318663.643, 94
Trd, 4318664.693, 93
Trd, 4318665.593, 94
Trd, 4318666.393, 95
Trd, 4318667.993, 95
Trd, 4318668.093, 112
Trd, 4318668.543, 93
Trd, 4318669.943, 93
Trd, 4318672.143, 91
Trd, 4318673.443, 91
Trd, 4318675.143, 94
Trd, 4318676.743, 94
Trd, 4318677.593, 93
Trd, 4318677.743, 96
Trd, 4318680.593, 92
Trd, 4318681.493, 93
Trd, 4318682.543, 95
Trd, 4318684.193, 95
Trd, 4318686.043, 96
Trd, 4318686.643, 93
Trd, 4318688.943, 95
Trd, 4318691.643, 95
Trd, 4318691.993, 95
Trd, 4318692.143, 96
Trd, 4318694.043, 96
Trd, 4318694.693, 95
Trd, 4318696.093, 96
Trd, 4318697.043, 93
Trd, 4318698.143, 107
Trd, 4318699.193, 105
Trd, 4318699.893, 98
Trd, 4318702.443, 104
Trd, 4318703.193, 104
Trd, 4318703.593, 103
Trd, 4318705.643, 103
Trd, 4318705.693, 101
Trd, 4318708.243, 94
Trd, 4318709.643, 94
Trd, 4318710.143, 96
Trd, 4318710.243, 97
Trd, 4318711.243, 105
Trd, 4318711.993, 85
Trd, 4318713.493, 92
Trd, 4318714.543, 91
Trd, 4318718.193, 92
Trd, 4318719.193, 90
Trd, 4318719.993, 92
Trd, 4318720.943, 91
Trd, 4318721.193, 90
Trd, 4318724.243, 91
Trd, 4318724.693, 91
Trd, 4318725.793, 95
Trd, 4318726.693, 90
Trd, 4318730.043, 94
Trd, 4318730.143, 95
Trd, 4318732.993, 95
Trd, 4318733.143, 94
Trd, 4318733.793, 100
Trd, 4318734.193, 98
Trd, 4318735.693, 98
Trd, 4318736.193, 100
Trd, 4318736.293, 85
Trd, 4318737.293, 98
Trd, 4318738.943, 96
Trd, 4318740.093, 96
Trd, 4318742.193, 96
Trd, 4318742.793, 98
Trd, 4318745.193, 97
Trd, 4318747.243, 97
Trd, 4318748.093, 97
Trd, 4318748.693, 96
Trd, 4318751.293, 96
Trd, 4318752.393, 95
Trd, 4318753.493, 96
Trd, 4318753.793, 96
Trd, 4318755.843, 94
Trd, 4318757.343, 96
Trd, 4318760.593, 95
Trd, 4318763.093, 96
Trd, 4318763.643, 95
Trd, 4318765.393, 95
Trd, 4318766.293, 94
Trd, 4318766.843, 95
Trd, 4318768.143, 95
Trd, 4318768.893, 95
Trd, 4318770.243, 94
Trd, 4318774.293, 95
Trd, 4318774.693, 93
Trd, 4318775.893, 94
Trd, 4318777.093, 93
Trd, 4318777.293, 92
Trd, 4318777.543, 95
Trd, 4318778.543, 121
Trd, 4318779.693, 119
Trd, 4318780.443, 111
Trd, 4318780.943, 110
Trd, 4318782.843, 104
Trd, 4318786.193, 108
Trd, 4318787.943, 108
Trd, 4318788.793, 105
Trd, 4318789.393, 108
Trd, 4318790.793, 107
Trd, 4318791.343, 108
Trd, 4318791.843, 93
Trd, 4318792.043, 109
Trd, 4318793.193, 103
Trd, 4318794.343, 109
Trd, 4318800.293, 107
Trd, 4318801.093, 105
Trd, 4318801.243, 103
Trd, 4318803.093, 105
Trd, 4318803.793, 104
Trd, 4318804.793, 105
Trd, 4318809.143, 103
Trd, 4318809.893, 102
Trd, 4318812.143, 99
Trd, 4318812.593, 99
Trd, 4318813.543, 99
Trd, 4318815.243, 98
Trd, 4318815.693, 99
Trd, 4318816.043, 99
Trd, 4318817.443, 100
Trd, 4318819.843, 99
Trd, 4318820.193, 100
Trd, 4318820.843, 100
Trd, 4318821.593, 99
Trd, 4318824.393, 104
Trd, 4318824.743, 98
Trd, 4318826.193, 103
Trd, 4318828.993, 99
Trd, 4318831.093, 99
Trd, 4318833.093, 99
Trd, 4318833.343, 98
Trd, 4318834.693, 99
Trd, 4318835.693, 94
Trd, 4318835.843, 98
Trd, 4318839.143, 97
Trd, 4318839.993, 95
Trd, 4318843.243, 97
Trd, 4318844.443, 98
Trd, 4318847.043, 98
Trd, 4318847.443, 96
Trd, 4318848.693, 98
Trd, 4318851.293, 98
Trd, 4318851.593, 98
Trd, 4318851.743, 95
Trd, 4318855.243, 98
Trd, 4318856.043, 95
Trd, 4318857.243, 97
Trd, 4318859.093, 96
Trd, 4318860.393, 95
Trd, 4318860.493, 94
Trd, 4318864.743, 95
Trd, 4318866.843, 93
Trd, 4318867.643, 95
Trd, 4318869.693, 94
Trd, 4318871.443, 93
Trd, 4318871.593, 92
Trd, 4318872.943, 95
Trd, 4318873.843, 95
Trd, 4318874.043, 94
Trd, 4318875.293, 93
Trd, 4318877.343, 93
Trd, 4318879.193, 94
Trd, 4318880.943, 95
Trd, 4318881.293, 94
Trd, 4318883.393, 93
Trd, 4318883.993, 96
Trd, 4318887.493, 96
Trd, 4318888.043, 93
Trd, 4318891.293, 96
Trd, 4318893.843, 95
Trd, 4318894.643, 94
Trd, 4318895.143, 93
Trd, 4318895.743, 104
Trd, 4318895.943, 93
Trd, 4318897.543, 93
Trd, 4318898.343, 97
Trd, 4318901.593, 96
Trd, 4318901.793, 97
Trd, 4318903.193, 96
Trd, 4318904.793, 96
Trd, 4318906.093, 94
Trd, 4318907.293, 94
Trd, 4318908.493, 96
Trd, 4318910.193, 95
Trd, 4318912.293, 94
Trd, 4318913.443, 94
Trd, 4318914.593, 95
Trd, 4318915.093, 93
Trd, 4318916.443, 94
Trd, 4318918.193, 92
Trd, 4318919.693, 94
Trd, 4318920.343, 94
Trd, 4318920.843, 93
Trd, 4318921.543, 95
Trd, 4318923.593, 93
Trd, 4318924.393, 94
Trd, 4318924.693, 94
Trd, 4318927.093, 94
Trd, 4318927.243, 93
Trd, 4318927.343, 95
Trd, 4318930.193, 95
Trd, 4318931.243, 94
Trd, 4318932.543, 95
Trd, 4318933.693, 95
Trd, 4318935.043, 95
Trd, 4318935.793, 93
Trd, 4318937.343, 94
Trd, 4318939.243, 95
Trd, 4318941.093, 95
Trd, 4318942.243, 95
Trd, 4318943.043, 93
Trd, 4318943.543, 95
Trd, 4318945.693, 94
Trd, 4318946.743, 94
Trd, 4318947.043, 94
Trd, 4318948.893, 93
Trd, 4318950.243, 96
Trd, 4318954.593, 95
Trd, 4318955.793, 93
Trd, 4318957.743, 93
Trd, 4318959.543, 95
Trd, 4318961.393, 95
Trd, 4318961.993, 95
Trd, 4318962.443, 96
Trd, 4318965.393, 96
Trd, 4318966.143, 96
Trd, 4318967.143, 95
Trd, 4318968.793, 96
Trd, 4318971.293, 96
Trd, 4318972.193, 96
Trd, 4318973.193, 94
Trd, 4318976.043, 95
Trd, 4318976.343, 95
Trd, 4318976.943, 91
Trd, 4318977.393, 92
Trd, 4318978.043, 91
Trd, 4318978.643, 75
Trd, 4318978.693, 91
Trd, 4318981.643, 89
Trd, 4318982.843, 88
Trd, 4318983.093, 87
Trd, 4318983.743, 95
Trd, 4318984.893, 104
Trd, 4318987.893, 95
Trd, 4318988.893, 94
Trd, 4318989.593, 97
Trd, 4318993.843, 96
Trd, 4318994.043, 93
Trd, 4318994.593, 96
Trd, 4318996.493, 94
Trd, 4318997.293, 95
Trd, 4318997.393, 96
Trd, 4319001.293, 95
Trd, 4319001.443, 95
Trd, 4319001.993, 94
Trd, 4319002.793, 96
Trd, 4319004.643, 95
Trd, 4319006.443, 96
Trd, 4319006.793, 94
Trd, 4319007.193, 95
Trd, 4319007.443, 95
Trd, 4319008.143, 96
Trd, 4319015.293, 95
Trd, 4319016.243, 95
Trd, 4319016.493, 94
Trd, 4319016.843, 94
Trd, 4319018.093, 94
Trd, 4319019.193, 92
Trd, 4319019.493, 94
Trd, 4319021.493, 95
Trd, 4319026.243, 94
Trd, 4319026.643, 93
Trd, 4319026.693, 95
Trd, 4319027.093, 96
Trd, 4319027.493, 96
Trd, 4319029.393, 97
Trd, 4319030.443, 97
Trd, 4319033.043, 98
Trd, 4319033.643, 95
Trd, 4319034.743, 98
Trd, 4319035.993, 98
Trd, 4319036.443, 96
Trd, 4319037.343, 98
Trd, 4319040.593, 96
Trd, 4319040.743, 97
Trd, 4319040.793, 97
Trd, 4319043.993, 97
Trd, 4319044.193, 96
Trd, 4319044.443, 108
Trd, 4319044.593, 94
Trd, 4319047.243, 99
Trd, 4319049.793, 94
Trd, 4319052.443, 96
Trd, 4319052.893, 96
Trd, 4319052.993, 96
Trd, 4319056.743, 96
Trd, 4319056.793, 95
Trd, 4319057.743, 94
Trd, 4319059.193, 95
Trd, 4319059.843, 93
Trd, 4319060.843, 96
Trd, 4319064.193, 96
Trd, 4319064.743, 95
Trd, 4319066.793, 96
Trd, 4319068.093, 94
Trd, 4319068.493, 96
Trd, 4319068.843, 97
Trd, 4319072.393, 96
Trd, 4319074.943, 96
Trd, 4319075.143, 110
Trd, 4319076.443, 100
Trd, 4319077.443, 94
Trd, 4319078.293, 93
Trd, 4319079.193, 95
Trd, 4319080.843, 92
Trd, 4319081.393, 92
Trd, 4319084.443, 93
Trd, 4319085.493, 90
Trd, 4319087.043, 93
Trd, 4319088.593, 94
Trd, 4319088.843, 95
Trd, 4319090.243, 97
Trd, 4319090.643, 97
Trd, 4319091.993, 97
Trd, 4319092.343, 98
Trd, 4319093.043, 106
Trd, 4319096.543, 97
Trd, 4319096.693, 97
Trd, 4319096.993, 96
Trd, 4319099.493, 96
Trd, 4319100.343, 95
Trd, 4319102.193, 95
Trd, 4319102.793, 95
Trd, 4319103.293, 95
Trd, 4319104.193, 96
Trd, 4319104.843, 102
Trd, 4319105.643, 97
Trd, 4319108.943, 98
Trd, 4319109.743, 98
Trd, 4319109.943, 97
Trd, 4319112.643, 99
Trd, 4319114.493, 100
Trd, 4319115.743, 100
Trd, 4319116.593, 96
Trd, 4319117.343, 99
Trd, 4319120.393, 97
Trd, 4319122.093, 99
Trd, 4319122.443, 100
Trd, 4319122.743, 99
Trd, 4319125.193, 98
Trd, 4319126.443, 104
Trd, 4319127.793, 101
Trd, 4319128.343, 103
Trd, 4319128.693, 102
Trd, 4319130.193, 100
Trd, 4319130.793, 103
Trd, 4319131.693, 103
Trd, 4319136.593, 103
Trd, 4319139.793, 103
Trd, 4319140.193, 103
Trd, 4319141.243, 103
Trd, 4319141.643, 99
Trd, 4319143.993, 101
Trd, 4319144.393, 100
Trd, 4319146.243, 100
Trd, 4319146.793, 101
Trd, 4319148.643, 99
Trd, 4319149.743, 100
Trd, 4319152.693, 101
Trd, 4319152.793, 101
Trd, 4319155.993, 99
Trd, 4319158.193, 101
Trd, 4319160.393, 89
Trd, 4319162.093, 101
Trd, 4319163.643, 98
Trd, 4319163.843, 97
Trd, 4319165.393, 96
Trd, 4319165.743, 96
Trd, 4319166.443, 96
Trd, 4319167.643, 95
Trd, 4319167.843, 85
Trd, 4319169.043, 96
Trd, 4319170.593, 96
Trd, 4319170.693, 89
Trd, 4319174.793, 96
Trd, 4319174.893, 96
Trd, 4319177.243, 96
Trd, 4319177.743, 96
Trd, 4319178.443, 94
Trd, 4319179.593, 96
Trd, 4319182.143, 95
Trd, 4319182.593, 94
Trd, 4319184.193, 93
Trd, 4319185.043, 93
Trd, 4319186.493, 97
Trd, 4319186.993, 105
Trd, 4319187.843, 93
Trd, 4319190.493, 94
Trd, 4319190.843, 93
Trd, 4319191.293, 99
Trd, 4319193.793, 91
Trd, 4319194.693, 96
Trd, 4319194.843, 96
Trd, 4319194.943, 92
Trd, 4319197.343, 94
Trd, 4319200.143, 94
Trd, 4319200.243, 92
Trd, 4319201.643, 95
Trd, 4319203.343, 93
Trd, 4319203.393, 92
Trd, 4319203.593, 91
Trd, 4319207.293, 93
Trd, 4319207.993, 92
Trd, 4319210.343, 91
Trd, 4319210.543, 90
Trd, 4319212.293, 91
Trd, 4319213.743, 90
Trd, 4319213.893, 89
Trd, 4319214.293, 104
Trd, 4319216.293, 96
Trd, 4319218.243, 96
Trd, 4319219.943, 95
Trd, 4319220.593, 94
Trd, 4319220.643, 93
Trd, 4319222.893, 96
Trd, 4319224.593, 95
Trd, 4319226.443, 95
Trd, 4319228.093, 96
Trd, 4319228.193, 93
Trd, 4319230.943, 96
Trd, 4319230.993, 96
Trd, 4319233.643, 95
Trd, 4319234.993, 95
Trd, 4319236.543, 94
Trd, 4319238.593, 95
Trd, 4319239.693, 94
Trd, 4319240.293, 93
Trd, 4319241.693, 92
Trd, 4319242.143, 96
Trd, 4319242.493, 105
Trd, 4319243.143, 97
Trd, 4319246.343, 97
Trd, 4319247.993, 97
Trd, 4319248.893, 98
Trd, 4319249.443, 99
Trd, 4319250.393, 95
Trd, 4319250.943, 94
Trd, 4319254.393, 97
Trd, 4319255.843, 98
Trd, 4319256.893, 98
Trd, 4319258.243, 99
Trd, 4319258.393, 98
Trd, 4319260.743, 97
Trd, 4319263.743, 97
Trd, 4319264.593, 97
Trd, 4319265.743, 97
Trd, 4319265.943, 97
Trd, 4319266.043, 95
Trd, 4319267.193, 99
Trd, 4319268.293, 101
Trd, 4319268.843, 100
Trd, 4319270.143, 100
Trd, 4319270.893, 98
Trd, 4319274.343, 97
Trd, 4319275.093, 100
Trd, 4319276.243, 99
Trd, 4319276.293, 98
Trd, 4319277.943, 99
Trd, 4319279.893, 96
Trd, 4319280.943, 98
Trd, 4319281.293, 97
Trd, 4319281.993, 98
Trd, 4319283.543, 98
Trd, 4319286.393, 97
Trd, 4319286.893, 98
Trd, 4319287.543, 96
Trd, 4319288.543, 98
Trd, 4319292.193, 98
Trd, 4319293.193, 98
Trd, 4319293.843, 95
Trd, 4319294.593, 98
Trd, 4319296.693, 99
Trd, 4319298.143, 98
Trd, 4319298.993, 97
Trd, 4319300.743, 104
Trd, 4319301.843, 99
Trd, 4319302.943, 94
Trd, 4319303.893, 100
Trd, 4319305.243, 94
Trd, 4319305.643, 98
Trd, 4319305.943, 93
Trd, 4319307.243, 93
Trd, 4319308.543, 97
Trd, 4319310.293, 96
Trd, 4319312.293, 94
Trd, 4319312.393, 92
Trd, 4319312.793, 92
Trd, 4319314.343, 93
Trd, 4319316.543, 94
Trd, 4319318.693, 94
Trd, 4319319.643, 95
Trd, 4319320.243, 93
Trd, 4319320.693, 105
Trd, 4319323.943, 98
Trd, 4319325.743, 100
Trd, 4319326.093, 99
Trd, 4319327.093, 97
Trd, 4319327.593, 100
Trd, 4319327.843, 108
Trd, 4319330.443, 103
Trd, 4319330.693, 98
Trd, 4319331.643, 105
Trd, 4319333.543, 104
Trd, 4319333.693, 104
Trd, 4319335.343, 104
Trd, 4319337.593, 99
Trd, 4319339.193, 104
Trd, 4319339.343, 102
Trd, 4319342.643, 103
Trd, 4319343.993, 102
Trd, 4319344.843, 102
Trd, 4319345.293, 100
Trd, 4319345.643, 101
Trd, 4319348.293, 99
Trd, 4319351.343, 98
Trd, 4319351.443, 99
Trd, 4319352.143, 99
Trd, 4319354.043, 100
Trd, 4319356.443, 97
Trd, 4319358.093, 99
Trd, 4319358.743, 98
Trd, 4319359.293, 94
Trd, 4319361.793, 98
Trd, 4319363.793, 98
Trd, 4319364.143, 98
Trd, 4319366.293, 97
Trd, 4319369.693, 98
Trd, 4319370.193, 98
Trd, 4319370.393, 99
Trd, 4319371.843, 101
Trd, 4319373.043, 101
Trd, 4319373.693, 84
Trd, 4319376.393, 99
Trd, 4319377.093, 99
Trd, 4319377.993, 99
Trd, 4319379.343, 98
Trd, 4319382.493, 100
Trd, 4319382.543, 99
Trd, 4319383.793, 98
Trd, 4319385.493, 96
Trd, 4319385.843, 97
Trd, 4319386.293, 96
Trd, 4319389.243, 95
Trd, 4319390.343, 96
Trd, 4319391.993, 95
Trd, 4319392.093, 95
Trd, 4319392.343, 95
Trd, 4319395.093, 95
Trd, 4319396.393, 94
Trd, 4319397.043, 95
Trd, 4319399.143, 95
Trd, 4319400.643, 95
Trd, 4319401.193, 94
Trd, 4319402.343, 96
Trd, 4319402.843, 106
Trd, 4319404.243, 93
Trd, 4319405.093, 97
Trd, 4319405.993, 97
Trd, 4319407.293, 97
Trd, 4319407.893, 96
Trd, 4319408.493, 97
Trd, 4319412.493, 96
Trd, 4319413.843, 95
Trd, 4319413.993, 95
Trd, 4319414.343, 95
Trd, 4319414.543, 95
Trd, 4319415.043, 94
Trd, 4319416.093, 96
Trd, 4319416.343, 83
Trd, 4319418.693, 94
Trd, 4319419.293, 94
Trd, 4319420.043, 109
Trd, 4319421.793, 91
Trd, 4319423.293, 102
Trd, 4319425.293, 90
Trd, 4319427.343, 94
Trd, 4319428.093, 94
Trd, 4319428.243, 95
Trd, 4319430.443, 95
Trd, 4319432.793, 94
Trd, 4319436.793, 95
Trd, 4319437.543, 95
Trd, 4319438.243, 94
Trd, 4319439.793, 95
Trd, 4319442.043, 95
Trd, 4319442.743, 92
Trd, 4319443.993, 95
Trd, 4319448.193, 95
Trd, 4319449.293, 92
Trd, 4319450.843, 94
Trd, 4319451.543, 92
Trd, 4319452.793, 93
Trd, 4319453.593, 92
Trd, 4319454.243, 95
Trd, 4319458.393, 95
Trd, 4319459.493, 95
Trd, 4319460.793, 93
Trd, 4319461.693, 91
Trd, 4319462.143, 95
Trd, 4319464.143, 95
Trd, 4319468.143, 95
Trd, 4319468.493, 93
Trd, 4319469.643, 94
Trd, 4319471.093, 94
Trd, 4319471.893, 93
Trd, 4319473.993, 94
Trd, 4319474.243, 93
Trd, 4319475.943, 94
Trd, 4319478.943, 94
Trd, 4319479.593, 93
Trd, 4319480.243, 92
Trd, 4319483.293, 92
Trd, 4319484.493, 93
Trd, 4319485.793, 93
Trd, 4319486.243, 94
Trd, 4319486.543, 105
Trd, 4319489.343, 94
Trd, 4319489.643, 95
Trd, 4319490.843, 93
Trd, 4319495.293, 93
Trd, 4319495.943, 95
Trd, 4319496.193, 96
Trd, 4319499.493, 95
Trd, 4319499.643, 96
Trd, 4319500.543, 108
Trd, 4319502.243, 96
Trd, 4319503.843, 99
Trd, 4319504.993, 97
Trd, 4319506.793, 99
Trd, 4319508.493, 99
Trd, 4319508.543, 98
Trd, 4319509.193, 94
Trd, 4319510.143, 104
Trd, 4319511.493, 100
Trd, 4319511.943, 94
Trd, 4319513.643, 101
Trd, 4319519.093, 101
Trd, 4319519.593, 99
Trd, 4319519.843, 100
Trd, 4319520.093, 101
Trd, 4319521.443, 101
Trd, 4319522.693, 101
Trd, 4319523.543, 100
Trd, 4319524.343, 98
Trd, 4319524.693, 97
Trd, 4319525.043, 101
Trd, 4319526.143, 104
Trd, 4319527.593, 94
Trd, 4319529.443, 93
Trd, 4319529.943, 95
Trd, 4319529.993, 95
Trd, 4319531.543, 113
Trd, 4319533.843, 104
Trd, 4319533.893, 94
Trd, 4319534.793, 108
Trd, 4319537.393, 98
Trd, 4319539.293, 100
Trd, 4319541.893, 97
Trd, 4319542.043, 99
Trd, 4319542.843, 98
Trd, 4319544.093, 99
Trd, 4319546.743, 98
Trd, 4319548.243, 99
Trd, 4319548.693, 99
Trd, 4319548.743, 100
Trd, 4319549.843, 98
Trd, 4319553.593, 99
Trd, 4319554.393, 96
Trd, 4319557.043, 97
Trd, 4319557.593, 97
Trd, 4319558.293, 97
Trd, 4319561.743, 98
Trd, 4319562.043, 98
Trd, 4319562.893, 98
Trd, 4319564.793, 99
Trd, 4319565.693, 99
Trd, 4319567.793, 98
Trd, 4319568.793, 99
Trd, 4319569.343, 99
Trd, 4319570.043, 98
Trd, 4319571.943, 99
Trd, 4319574.393, 98
Trd, 4319574.493, 97
Trd, 4319575.843, 95
Trd, 4319576.643, 95
Trd, 4319578.643, 94
Trd, 4319579.243, 93
Trd, 4319580.093, 101
Trd, 4319581.293, 97
Trd, 4319582.543, 113
Trd, 4319583.793, 100
Trd, 4319587.443, 95
Trd, 4319589.343, 97
Trd, 4319592.893, 99
Trd, 4319593.743, 99
Trd, 4319593.893, 100
Trd, 4319596.793, 99
Trd, 4319597.093, 98
Trd, 4319597.243, 99
Trd, 4319598.993, 98
Trd, 4319600.243, 97
Trd, 4319602.693, 97
Trd, 4319602.893, 98
Trd, 4319604.593, 97
Trd, 4319606.943, 98
Trd, 4319607.693, 96
Trd, 4319608.243, 97
Trd, 4319609.443, 95
Trd, 4319614.093, 96
Trd, 4319614.143, 95
Trd, 4319615.793, 95
Trd, 4319616.693, 94
Trd, 4319617.393, 94
Trd, 4319619.943, 95
Trd, 4319620.343, 95
Trd, 4319621.543, 93
Trd, 4319622.043, 96
Trd, 4319624.543, 91
Trd, 4319626.293, 96
Trd, 4319627.993, 95
Trd, 4319628.443, 95
Trd, 4319632.293, 95
Trd, 4319633.293, 95
Trd, 4319634.343, 94
Trd, 4319634.893, 94
Trd, 4319637.593, 95
Trd, 4319638.693, 95
Trd, 4319639.293, 93
Trd, 4319640.543, 93
Trd, 4319641.093, 94
Trd, 4319641.793, 94
Trd, 4319644.993, 94
Trd, 4319645.043, 92
Trd, 4319646.843, 94
Trd, 4319648.393, 95
Trd, 4319649.193, 96
Trd, 4319649.993, 96
Trd, 4319650.693, 96
Trd, 4319651.193, 97
Trd, 4319652.393, 96
Trd, 4319653.843, 97
Trd, 4319655.593, 98
Trd, 4319655.693, 96
Trd, 4319659.293, 97
Trd, 4319660.843, 96
Trd, 4319661.943, 96
Trd, 4319662.443, 94
Trd, 4319665.893, 96
Trd, 4319667.693, 95
Trd, 4319669.143, 94
Trd, 4319670.643, 95
Trd, 4319671.343, 94
Trd, 4319672.743, 95
Trd, 4319672.993, 96
Trd, 4319674.493, 94
Trd, 4319676.893, 95
Trd, 4319678.943, 95
Trd, 4319679.043, 95
Trd, 4319679.343, 95
Trd, 4319681.443, 95
Trd, 4319681.943, 95
Trd, 4319683.793, 94
Trd, 4319684.543, 95
Trd, 4319684.643, 94
Trd, 4319686.243, 104
Trd, 4319687.593, 94
Trd, 4319690.143, 96
Trd, 4319691.193, 98
Trd, 4319695.693, 97
Trd, 4319697.093, 97
Trd, 4319697.393, 97
Trd, 4319697.443, 95
Trd, 4319698.543, 96
Trd, 4319699.243, 96
Trd, 4319700.293, 97
Trd, 4319706.143, 95
Trd, 4319706.593, 94
Trd, 4319707.693, 95
Trd, 4319708.043, 94
Trd, 4319710.093, 95
Trd, 4319712.493, 92
Trd, 4319713.343, 94
Trd, 4319713.693, 95
Trd, 4319714.843, 96
Trd, 4319716.843, 93
Trd, 4319717.593, 97
Trd, 4319720.043, 97
Trd, 4319721.443, 98
Trd, 4319721.693, 94
Trd, 4319725.393, 97
Trd, 4319726.093, 97
Trd, 4319727.693, 97
Trd, 4319729.493, 96
Trd, 4319729.593, 97
Trd, 4319730.443, 95
Trd, 4319731.593, 97
Trd, 4319732.343, 94
Trd, 4319732.993, 97
Trd, 4319733.293, 104
Trd, 4319734.293, 100
Trd, 4319738.043, 98
Trd, 4319738.693, 98
Trd, 4319740.593, 98
Trd, 4319741.193, 97
Trd, 4319742.043, 97
Trd, 4319742.393, 112
Trd, 4319742.943, 94
Trd, 4319745.993, 92
Trd, 4319746.793, 91
Trd, 4319747.743, 92
Trd, 4319748.243, 92
Trd, 4319749.493, 95
Trd, 4319750.093, 95
Trd, 4319752.593, 94
Trd, 4319752.793, 93
Trd, 4319753.743, 98
Trd, 4319754.543, 95
Trd, 4319755.693, 113
Trd, 4319755.843, 99
Trd, 4319757.643, 87
Trd, 4319760.893, 98
Trd, 4319761.293, 98
Trd, 4319763.643, 99
Trd, 4319765.993, 98
Trd, 4319766.143, 99
Trd, 4319766.443, 95
Trd, 4319766.693, 85
Trd, 4319767.593, 95
Trd, 4319770.543, 93
Trd, 4319770.693, 97
Trd, 4319772.093, 96
Trd, 4319773.593, 105
Trd, 4319774.493, 104
Trd, 4319775.543, 96
Trd, 4319777.343, 100
Trd, 4319780.093, 99
Trd, 4319781.043, 99
Trd, 4319781.493, 99
Trd, 4319781.693, 98
Trd, 4319781.843, 94
Trd, 4319785.443, 98
Trd, 4319786.143, 98
Trd, 4319788.643, 98
Trd, 4319790.693, 99
Trd, 4319794.443, 99
Trd, 4319794.943, 98
Trd, 4319797.243, 97
Trd, 4319798.293, 98
Trd, 4319799.443, 97
Trd, 4319800.143, 96
Trd, 4319800.843, 96
Trd, 4319801.943, 95
Trd, 4319803.093, 95
Trd, 4319804.593, 95
Trd, 4319805.043, 94
Trd, 4319805.893, 94
Trd, 4319807.493, 94
Trd, 4319808.543, 92
Trd, 4319809.743, 91
Trd, 4319810.993, 91
Trd, 4319811.043, 90
Trd, 4319811.243, 95
Trd, 4319813.593, 94
Trd, 4319813.793, 113
Trd, 4319815.043, 92
Trd, 4319816.043, 99
Trd, 4319817.793, 98
Trd, 4319820.343, 98
Trd, 4319821.593, 97
Trd, 4319822.193, 94
Trd, 4319825.643, 96
Trd, 4319827.093, 95
Trd, 4319827.693, 95
Trd, 4319829.143, 94
Trd, 4319831.193, 92
Trd, 4319832.693, 92
Trd, 4319832.993, 91
Trd, 4319833.193, 91
Trd, 4319833.593, 95
Trd, 4319834.443, 113
Trd, 4319835.993, 101
Trd, 4319838.193, 94
Trd, 4319840.143, 93
Trd, 4319840.943, 93
Trd, 4319840.993, 92
Trd, 4319841.593, 95
Trd, 4319842.043, 96
Trd, 4319844.743, 103
Trd, 4319846.943, 102
Trd, 4319847.043, 102
Trd, 4319847.843, 102
Trd, 4319849.693, 101
Trd, 4319849.843, 103
Trd, 4319852.643, 104
Trd, 4319853.543, 104
Trd, 4319853.793, 107
Trd, 4319855.593, 107
Trd, 4319856.543, 105
Trd, 4319857.743, 106
Trd, 4319859.943, 106
Trd, 4319860.343, 105
Trd, 4319861.043, 104
Trd, 4319861.193, 106
Trd, 4319862.693, 91
Trd, 4319863.243, 97
Trd, 4319863.393, 105
Trd, 4319865.893, 94
Trd, 4319867.093, 95
Trd, 4319867.643, 95
Trd, 4319868.793, 95
Trd, 4319870.593, 108
Trd, 4319871.343, 91
Trd, 4319873.393, 99
Trd, 4319874.993, 99
Trd, 4319875.243, 100
Trd, 4319876.743, 94
Trd, 4319880.843, 99
Trd, 4319881.593, 96
Trd, 4319883.693, 97
Trd, 4319884.243, 95
Trd, 4319885.693, 97
Trd, 4319886.443, 97
Trd, 4319887.493, 94
Trd, 4319889.693, 95
Trd, 4319890.243, 94
Trd, 4319891.093, 95
Trd, 4319893.693, 95
Trd, 4319894.193, 95
Trd, 4319896.393, 94
Trd, 4319896.793, 95
Trd, 4319897.993, 95
Trd, 4319898.393, 95
Trd, 4319899.393, 94
Trd, 4319900.293, 95
Trd, 4319901.343, 95
Trd, 4319903.193, 94
Trd, 4319905.593, 96
Trd, 4319906.293, 94
Trd, 4319907.143, 96
Trd, 4319908.743, 96
Trd, 4319909.643, 96
Trd, 4319913.193, 96
Trd, 4319913.893, 95
Trd, 4319913.943, 96
Trd, 4319914.143, 110
Trd, 4319916.643, 98
Trd, 4319916.693, 96
Trd, 4319922.143, 97
Trd, 4319923.243, 97
Trd, 4319924.043, 97
Trd, 4319924.193, 96
Trd, 4319924.293, 94
Trd, 4319925.493, 97
Trd, 4319927.843, 96
Trd, 4319928.393, 97
Trd, 4319931.743, 95
Trd, 4319933.293, 97
Trd, 4319934.993, 97
Trd, 4319935.443, 93
Trd, 4319935.943, 97
Trd, 4319937.093, 96
Trd, 4319941.893, 95
Trd, 4319943.393, 93
Trd, 4319945.843, 95
Trd, 4319946.243, 93
Trd, 4319946.893, 93
Trd, 4319948.543, 94
Trd, 4319952.043, 95
Trd, 4319952.193, 92
Trd, 4319953.143, 95
Trd, 4319953.543, 96
Trd, 4319956.143, 95
Trd, 4319956.393, 95
Trd, 4319957.243, 94
Trd, 4319957.893, 95
Trd, 4319959.643, 95
Trd, 4319962.693, 95
Trd, 4319963.593, 95
Trd, 4319964.093, 94
Trd, 4319965.843, 94
Trd, 4319968.743, 95
Trd, 4319969.393, 95
Trd, 4319969.893, 95
Trd, 4319970.993, 96
Trd, 4319974.093, 95
Trd, 4319974.793, 96
Trd, 4319975.543, 95
Trd, 4319975.893, 96
Trd, 4319977.243, 96
Trd, 4319977.393, 113
Trd, 4319978.043, 108
Trd, 4319979.743, 94
Trd, 4319980.943, 102
Trd, 4319981.443, 102
Trd, 4319981.543, 97
Trd, 4319987.993, 101
Trd, 4319988.793, 100
Trd, 4319988.943, 101
Trd, 4319989.893, 100
Trd, 4319990.493, 97
Trd, 4319992.793, 99
Trd, 4319993.393, 98
Trd, 4319994.093, 98
Trd, 4319994.943, 97
Trd, 4319997.293, 98
Trd, 4319997.993, 97
