Trd, 4317859.543, 91
Trd, 4317861.643, 94
Trd, 4317864.293, 92
Trd, 4317864.893, 91
Trd, 4317865.943, 90
Trd, 4317866.043, 92
Trd, 4317870.343, 92
Trd, 4317872.143, 93
Trd, 4317873.143, 92
Trd, 4317873.793, 89
Trd, 4317876.143, 93
Trd, 4317877.543, 94
Trd, 4317878.693, 92
Trd, 4317879.693, 88
Trd, 4317880.643, 95
Trd, 4317880.693, 87
Trd, 4317883.993, 91
Trd, 4317886.193, 90
Trd, 4317887.243, 85
Trd, 4317887.643, 90
Trd, 4317888.743, 90
Trd, 4317889.143, 95
Trd, 4317892.293, 86
Trd, 4317893.193, 90
Trd, 4317895.393, 90
Trd, 4317896.193, 90
Trd, 4317896.543, 87
Trd, 4317897.293, 95
Trd, 4317897.893, 93
Trd, 4317899.993, 93
Trd, 4317901.493, 108
Trd, 4317902.793, 96
Trd, 4317904.093, 94
Trd, 4317906.743, 91
Trd, 4317907.243, 93
Trd, 4317907.643, 93
Trd, 4317909.043, 92
Trd, 4317909.993, 94
Trd, 4317910.243, 95
Trd, 4317911.143, 108
Trd, 4317912.193, 92
Trd, 4317913.793, 94
Trd, 4317918.543, 92
Trd, 4317919.193, 94
Trd, 4317921.293, 94
Trd, 4317921.493, 94
Trd, 4317925.293, 93
Trd, 4317925.993, 92
Trd, 4317927.343, 92
Trd, 4317928.443, 93
Trd, 4317928.843, 93
Trd, 4317930.243, 95
Trd, 4317933.443, 91
Trd, 4317935.893, 93
Trd, 4317936.243, 93
Trd, 4317940.443, 92
Trd, 4317940.543, 92
Trd, 4317940.643, 93
Trd, 4317940.843, 91
Trd, 4317942.343, 91
Trd, 4317943.493, 92
Trd, 4317947.143, 92
Trd, 4317947.893, 92
Trd, 4317949.893, 93
Trd, 4317950.643, 91
Trd, 4317952.643, 92
Trd, 4317953.043, 93
Trd, 4317954.193, 92
Trd, 4317954.593, 91
Trd, 4317956.243, 91
Trd, 4317956.843, 92
Trd, 4317957.343, 90
Trd, 4317958.293, 92
Trd, 4317960.043, 95
Trd, 4317961.493, 107
Trd, 4317961.843, 112
Trd, 4317962.793, 105
Trd, 4317963.493, 103
Trd, 4317965.693, 100
Trd, 4317966.243, 94
Trd, 4317967.343, 99
Trd, 4317969.043, 78
Trd, 4317970.293, 96
Trd, 4317971.843, 93
Trd, 4317972.493, 93
Trd, 4317972.593, 93
Trd, 4317973.143, 94
Trd, 4317974.943, 95
Trd, 4317976.393, 110
Trd, 4317976.743, 103
Trd, 4317977.893, 99
Trd, 4317978.943, 93
Trd, 4317980.243, 111
Trd, 4317980.993, 103
Trd, 4317982.343, 106
Trd, 4317983.593, 105
Trd, 4317984.943, 99
Trd, 4317985.893, 93
Trd, 4317988.393, 100
Trd, 4317989.943, 98
Trd, 4317991.493, 100
Trd, 4317992.393, 101
Trd, 4317992.593, 101
Trd, 4317996.243, 98
Trd, 4317998.043, 99
Trd, 4317998.143, 100
Trd, 4318000.643, 97
Trd, 4318002.943, 96
Trd, 4318004.993, 99
Trd, 4318005.843, 99
Trd, 4318006.793, 95
Trd, 4318007.993, 98
Trd, 4318008.293, 99
Trd, 4318008.943, 98
Trd, 4318013.343, 97
Trd, 4318013.593, 94
Trd, 4318014.343, 98
Trd, 4318021.243, 97
Trd, 4318021.393, 97
Trd, 4318021.943, 94
Trd, 4318022.543, 97
Trd, 4318023.043, 108
Trd, 4318024.443, 101
Trd, 4318025.243, 99
Trd, 4318025.693, 113
Trd, 4318025.743, 93
Trd, 4318027.443, 99
Trd, 4318028.093, 93
Trd, 4318030.193, 98
Trd, 4318031.043, 97
Trd, 4318032.243, 113
Trd, 4318032.893, 103
Trd, 4318033.443, 102
Trd, 4318035.593, 101
Trd, 4318035.893, 101
Trd, 4318039.843, 104
Trd, 4318040.543, 102
Trd, 4318041.343, 103
Trd, 4318041.643, 114
Trd, 4318043.593, 100
Trd, 4318045.143, 104
Trd, 4318046.343, 102
Trd, 4318048.243, 100
Trd, 4318048.443, 102
Trd, 4318049.443, 103
Trd, 4318051.443, 102
Trd, 4318055.743, 101
Trd, 4318056.243, 99
Trd, 4318057.443, 101
Trd, 4318058.543, 101
Trd, 4318058.943, 104
Trd, 4318059.943, 113
Trd, 4318061.393, 103
Trd, 4318062.943, 105
Trd, 4318064.593, 101
Trd, 4318068.593, 102
Trd, 4318068.793, 103
Trd, 4318070.343, 103
Trd, 4318075.643, 103
Trd, 4318076.093, 103
Trd, 4318077.593, 101
Trd, 4318078.293, 100
Trd, 4318080.443, 94
Trd, 4318080.493, 101
Trd, 4318081.643, 98
Trd, 4318082.743, 97
Trd, 4318083.493, 112
Trd, 4318084.543, 104
Trd, 4318085.543, 103
Trd, 4318087.593, 109
Trd, 4318087.693, 108
Trd, 4318088.243, 118
Trd, 4318088.693, 85
Trd, 4318090.493, 101
Trd, 4318091.943, 91
Trd, 4318092.393, 98
Trd, 4318093.793, 97
Trd, 4318094.443, 101
Trd, 4318095.043, 92
Trd, 4318096.543, 111
Trd, 4318096.843, 114
Trd, 4318098.943, 104
Trd, 4318099.643, 103
Trd, 4318101.143, 106
Trd, 4318103.293, 102
Trd, 4318106.693, 103
Trd, 4318106.993, 101
Trd, 4318109.893, 105
Trd, 4318110.143, 104
Trd, 4318111.443, 101
Trd, 4318112.043, 103
Trd, 4318112.693, 103
Trd, 4318114.293, 103
Trd, 4318114.593, 100
Trd, 4318115.043, 100
Trd, 4318118.543, 101
Trd, 4318119.993, 101
Trd, 4318121.493, 99
Trd, 4318123.143, 101
Trd, 4318127.143, 99
Trd, 4318127.193, 101
Trd, 4318129.743, 101
Trd, 4318132.643, 100
Trd, 4318133.493, 99
Trd, 4318133.693, 97
Trd, 4318135.443, 99
Trd, 4318137.143, 99
Trd, 4318139.743, 77
Trd, 4318139.793, 86
Trd, 4318140.793, 88
Trd, 4318140.943, 91
Trd, 4318142.643, 111
Trd, 4318143.093, 87
Trd, 4318144.343, 95
Trd, 4318146.743, 86
Trd, 4318147.043, 88
Trd, 4318148.443, 88
Trd, 4318153.893, 88
Trd, 4318155.693, 86
Trd, 4318155.893, 88
Trd, 4318156.743, 88
Trd, 4318157.193, 89
Trd, 4318158.593, 76
Trd, 4318159.493, 84
Trd, 4318160.493, 95
Trd, 4318160.893, 82
Trd, 4318162.643, 89
Trd, 4318163.793, 87
Trd, 4318164.343, 90
Trd, 4318164.593, 95
Trd, 4318165.743, 88
Trd, 4318167.293, 93
Trd, 4318168.143, 89
Trd, 4318170.093, 90
Trd, 4318170.293, 104
Trd, 4318170.893, 87
Trd, 4318174.143, 92
Trd, 4318177.793, 90
Trd, 4318179.543, 90
Trd, 4318179.893, 87
Trd, 4318180.893, 91
Trd, 4318181.943, 91
Trd, 4318182.993, 92
Trd, 4318183.693, 95
Trd, 4318185.193, 86
Trd, 4318185.793, 92
Trd, 4318186.443, 95
Trd, 4318187.843, 95
Trd, 4318188.443, 85
Trd, 4318188.743, 104
Trd, 4318190.993, 94
Trd, 4318191.643, 97
Trd, 4318192.543, 85
Trd, 4318194.543, 92
Trd, 4318196.693, 92
Trd, 4318197.693, 85
Trd, 4318198.293, 91
Trd, 4318202.243, 88
Trd, 4318202.643, 85
Trd, 4318205.593, 90
Trd, 4318206.793, 89
Trd, 4318207.943, 89
Trd, 4318209.093, 104
Trd, 4318211.193, 98
Trd, 4318212.643, 97
Trd, 4318212.743, 100
Trd, 4318214.743, 100
Trd, 4318215.593, 96
Trd, 4318215.693, 106
Trd, 4318216.943, 94
Trd, 4318218.093, 113
Trd, 4318221.543, 102
Trd, 4318221.743, 101
Trd, 4318223.843, 101
Trd, 4318223.993, 102
Trd, 4318224.293, 101
Trd, 4318225.993, 100
Trd, 4318226.743, 101
Trd, 4318226.793, 100
Trd, 4318228.393, 94
Trd, 4318229.443, 100
Trd, 4318231.393, 99
Trd, 4318233.443, 77
Trd, 4318235.143, 94
Trd, 4318235.843, 95
Trd, 4318236.593, 93
Trd, 4318238.893, 91
Trd, 4318240.893, 93
Trd, 4318241.243, 93
Trd, 4318244.193, 90
Trd, 4318244.293, 92
Trd, 4318246.043, 92
Trd, 4318247.143, 93
Trd, 4318249.343, 92
Trd, 4318249.693, 93
Trd, 4318250.743, 90
Trd, 4318254.443, 93
Trd, 4318254.543, 89
Trd, 4318255.893, 93
Trd, 4318256.593, 93
Trd, 4318259.643, 94
Trd, 4318261.293, 91
Trd, 4318261.993, 93
Trd, 4318266.043, 93
Trd, 4318266.593, 93
Trd, 4318267.993, 93
Trd, 4318268.643, 111
Trd, 4318269.993, 97
Trd, 4318270.293, 90
Trd, 4318275.193, 85
Trd, 4318276.843, 95
Trd, 4318278.343, 95
Trd, 4318279.593, 94
Trd, 4318279.943, 96
Trd, 4318280.593, 88
Trd, 4318281.793, 95
Trd, 4318282.693, 87
Trd, 4318285.243, 93
Trd, 4318286.393, 91
Trd, 4318286.443, 91
Trd, 4318290.193, 90
Trd, 4318290.793, 91
Trd, 4318290.893, 91
Trd, 4318292.343, 91
Trd, 4318293.243, 95
Trd, 4318294.143, 109
Trd, 4318294.693, 98
Trd, 4318296.793, 95
Trd, 4318297.693, 93
Trd, 4318298.093, 97
Trd, 4318298.943, 85
Trd, 4318305.443, 93
Trd, 4318305.693, 93
Trd, 4318306.193, 94
Trd, 4318307.493, 93
Trd, 4318308.143, 92
Trd, 4318309.193, 95
Trd, 4318313.193, 94
Trd, 4318315.443, 93
Trd, 4318315.493, 93
Trd, 4318315.993, 92
Trd, 4318316.893, 94
Trd, 4318317.193, 95
Trd, 4318318.543, 95
Trd, 4318322.343, 93
Trd, 4318322.843, 92
Trd, 4318323.643, 92
Trd, 4318323.993, 93
Trd, 4318327.343, 91
Trd, 4318327.393, 93
Trd, 4318328.193, 92
Trd, 4318328.843, 92
Trd, 4318329.093, 95
Trd, 4318330.593, 93
Trd, 4318332.543, 90
Trd, 4318333.193, 94
Trd, 4318335.593, 95
Trd, 4318337.643, 95
Trd, 4318337.893, 89
Trd, 4318338.343, 94
Trd, 4318338.993, 89
Trd, 4318341.293, 107
Trd, 4318341.443, 109
Trd, 4318343.243, 98
Trd, 4318348.193, 97
Trd, 4318348.543, 96
Trd, 4318349.293, 97
Trd, 4318350.743, 97
Trd, 4318350.793, 99
Trd, 4318351.543, 109
Trd, 4318353.243, 100
Trd, 4318354.993, 95
Trd, 4318358.943, 98
Trd, 4318360.693, 97
Trd, 4318361.093, 94
Trd, 4318361.693, 97
Trd, 4318362.693, 97
Trd, 4318364.343, 98
Trd, 4318365.093, 98
Trd, 4318366.193, 98
Trd, 4318367.693, 95
Trd, 4318368.443, 98
Trd, 4318369.993, 97
Trd, 4318371.443, 97
Trd, 4318374.143, 94
Trd, 4318374.993, 96
Trd, 4318375.693, 95
Trd, 4318376.443, 95
Trd, 4318380.393, 95
Trd, 4318380.543, 95
Trd, 4318382.143, 94
Trd, 4318383.143, 94
Trd, 4318385.093, 95
Trd, 4318385.743, 95
Trd, 4318386.593, 94
Trd, 4318387.143, 85
Trd, 4318390.593, 95
Trd, 4318390.993, 95
Trd, 4318391.243, 95
Trd, 4318393.743, 95
Trd, 4318396.493, 94
Trd, 4318398.193, 95
Trd, 4318398.443, 95
Trd, 4318400.693, 94
Trd, 4318401.993, 95
Trd, 4318404.243, 94
Trd, 4318407.793, 94
Trd, 4318408.143, 93
Trd, 4318408.543, 95
Trd, 4318409.093, 92
Trd, 4318409.793, 110
Trd, 4318411.243, 101
Trd, 4318413.143, 97
Trd, 4318413.393, 91
Trd, 4318414.793, 98
Trd, 4318417.543, 92
Trd, 4318417.793, 97
Trd, 4318420.593, 97
Trd, 4318421.843, 97
Trd, 4318423.243, 85
Trd, 4318427.143, 97
Trd, 4318427.293, 97
Trd, 4318428.743, 91
Trd, 4318432.093, 97
Trd, 4318432.193, 97
Trd, 4318432.443, 98
Trd, 4318434.793, 91
Trd, 4318439.143, 96
Trd, 4318439.293, 96
Trd, 4318439.643, 91
Trd, 4318442.043, 95
Trd, 4318442.393, 94
Trd, 4318443.543, 94
Trd, 4318443.843, 91
Trd, 4318446.893, 94
Trd, 4318449.143, 94
Trd, 4318451.393, 94
Trd, 4318451.793, 90
Trd, 4318452.093, 94
Trd, 4318452.443, 94
Trd, 4318452.693, 89
Trd, 4318455.593, 95
Trd, 4318456.543, 95
Trd, 4318456.743, 89
Trd, 4318457.243, 95
Trd, 4318459.643, 95
Trd, 4318465.093, 94
Trd, 4318465.343, 94
Trd, 4318466.043, 94
Trd, 4318466.143, 92
Trd, 4318467.143, 95
Trd, 4318470.543, 94
Trd, 4318471.043, 95
Trd, 4318471.093, 93
Trd, 4318472.543, 95
Trd, 4318474.893, 93
Trd, 4318476.793, 93
Trd, 4318477.393, 92
Trd, 4318478.443, 94
Trd, 4318479.693, 93
Trd, 4318480.593, 95
Trd, 4318483.643, 94
Trd, 4318485.293, 93
Trd, 4318485.593, 95
Trd, 4318486.493, 95
Trd, 4318487.393, 95
Trd, 4318488.243, 92
Trd, 4318488.493, 95
Trd, 4318491.893, 95
Trd, 4318493.443, 95
Trd, 4318494.193, 91
Trd, 4318496.793, 93
Trd, 4318498.243, 94
Trd, 4318499.643, 94
Trd, 4318504.693, 94
Trd, 4318505.293, 94
Trd, 4318506.143, 95
Trd, 4318506.443, 95
Trd, 4318507.043, 92
Trd, 4318510.793, 94
Trd, 4318510.843, 95
Trd, 4318513.393, 90
Trd, 4318514.193, 95
Trd, 4318515.093, 95
Trd, 4318516.093, 94
Trd, 4318517.193, 94
Trd, 4318517.643, 90
Trd, 4318519.043, 94
Trd, 4318519.693, 89
Trd, 4318523.043, 94
Trd, 4318523.843, 88
Trd, 4318525.643, 93
Trd, 4318527.443, 93
Trd, 4318529.693, 92
Trd, 4318530.693, 92
Trd, 4318531.143, 92
Trd, 4318531.243, 88
Trd, 4318534.493, 88
Trd, 4318535.843, 91
Trd, 4318536.693, 91
Trd, 4318537.493, 90
Trd, 4318541.543, 91
Trd, 4318542.193, 90
Trd, 4318542.793, 70
Trd, 4318543.193, 95
Trd, 4318543.893, 83
Trd, 4318545.743, 102
Trd, 4318546.693, 99
Trd, 4318546.993, 119
Trd, 4318547.393, 104
Trd, 4318549.393, 112
Trd, 4318550.143, 108
Trd, 4318551.893, 102
Trd, 4318553.193, 101
Trd, 4318554.393, 101
Trd, 4318555.543, 97
Trd, 4318555.743, 98
Trd, 4318559.093, 92
Trd, 4318559.493, 97
Trd, 4318560.243, 97
Trd, 4318561.393, 84
Trd, 4318561.793, 92
Trd, 4318562.443, 94
Trd, 4318564.793, 91
Trd, 4318566.943, 92
Trd, 4318567.043, 93
Trd, 4318570.443, 92
Trd, 4318571.543, 90
Trd, 4318573.493, 90
Trd, 4318573.793, 92
Trd, 4318574.893, 91
Trd, 4318578.193, 91
Trd, 4318578.643, 90
Trd, 4318579.243, 90
Trd, 4318579.393, 89
Trd, 4318581.243, 95
Trd, 4318582.343, 93
Trd, 4318584.393, 91
Trd, 4318586.093, 92
Trd, 4318587.843, 92
Trd, 4318587.893, 91
Trd, 4318589.293, 92
Trd, 4318591.093, 90
Trd, 4318593.693, 92
Trd, 4318597.393, 91
Trd, 4318598.143, 91
Trd, 4318599.093, 90
Trd, 4318599.543, 91
Trd, 4318601.443, 95
Trd, 4318601.743, 95
Trd, 4318602.693, 93
Trd, 4318603.493, 95
Trd, 4318603.993, 95
Trd, 4318604.543, 92
Trd, 4318604.943, 104
Trd, 4318605.893, 113
Trd, 4318608.593, 93
Trd, 4318609.043, 95
Trd, 4318609.243, 91
Trd, 4318612.643, 91
Trd, 4318614.493, 92
Trd, 4318615.243, 93
Trd, 4318616.493, 90
Trd, 4318618.343, 94
Trd, 4318620.243, 93
Trd, 4318621.893, 92
Trd, 4318623.993, 90
Trd, 4318625.643, 91
Trd, 4318628.593, 89
Trd, 4318629.043, 91
Trd, 4318629.493, 104
Trd, 4318629.793, 113
Trd, 4318630.443, 100
Trd, 4318630.693, 102
Trd, 4318632.793, 100
Trd, 4318632.943, 101
Trd, 4318634.043, 101
Trd, 4318634.393, 100
Trd, 4318636.243, 101
Trd, 4318636.793, 99
Trd, 4318638.143, 99
Trd, 4318639.843, 98
Trd, 4318640.143, 98
Trd, 4318642.643, 98
Trd, 4318642.693, 98
Trd, 4318644.143, 97
Trd, 4318644.693, 98
Trd, 4318645.993, 98
Trd, 4318647.143, 95
Trd, 4318648.493, 97
Trd, 4318649.593, 96
Trd, 4318650.293, 94
Trd, 4318650.543, 97
Trd, 4318650.993, 109
Trd, 4318655.743, 96
Trd, 4318656.243, 96
Trd, 4318656.493, 96
Trd, 4318658.743, 96
Trd, 4318660.743, 94
Trd, 4318661.243, 95
Trd, 4318661.493, 95
Trd, 4318662.443, 99
Trd, 4318662.743, 96
Trd, 4318665.193, 97
Trd, 4318666.993, 99
Trd, 4318667.843, 97
Trd, 4318669.593, 98
Trd, 4318669.743, 94
Trd, 4318671.393, 93
Trd, 4318671.793, 93
Trd, 4318672.743, 95
Trd, 4318673.043, 95
Trd, 4318673.693, 85
Trd, 4318675.293, 95
Trd, 4318675.943, 105
Trd, 4318678.793, 94
Trd, 4318679.143, 90
Trd, 4318680.243, 92
Trd, 4318680.593, 92
Trd, 4318681.093, 112
Trd, 4318681.243, 102
Trd, 4318681.693, 94
Trd, 4318686.093, 100
Trd, 4318687.843, 96
Trd, 4318687.993, 100
Trd, 4318690.743, 97
Trd, 4318690.793, 96
Trd, 4318691.243, 98
Trd, 4318691.593, 99
Trd, 4318692.693, 95
Trd, 4318696.293, 97
Trd, 4318696.493, 97
Trd, 4318699.743, 95
Trd, 4318699.793, 96
Trd, 4318704.143, 95
Trd, 4318704.293, 96
Trd, 4318705.943, 94
Trd, 4318709.693, 95
Trd, 4318710.243, 94
Trd, 4318710.543, 95
Trd, 4318711.143, 95
Trd, 4318714.743, 93
Trd, 4318715.943, 95
Trd, 4318718.243, 95
Trd, 4318720.393, 92
Trd, 4318721.643, 94
Trd, 4318722.193, 94
Trd, 4318722.943, 95
Trd, 4318724.693, 94
Trd, 4318725.193, 93
Trd, 4318727.243, 103
Trd, 4318727.543, 113
Trd, 4318728.093, 100
Trd, 4318728.343, 92
Trd, 4318729.593, 104
Trd, 4318732.143, 100
Trd, 4318733.543, 102
Trd, 4318734.643, 99
Trd, 4318735.143, 102
Trd, 4318736.843, 104
Trd, 4318739.093, 103
Trd, 4318739.443, 109
Trd, 4318740.143, 103
Trd, 4318742.393, 101
Trd, 4318747.893, 104
Trd, 4318748.943, 103
Trd, 4318749.243, 101
Trd, 4318750.993, 103
Trd, 4318752.343, 100
Trd, 4318753.093, 101
Trd, 4318756.693, 100
Trd, 4318756.993, 99
Trd, 4318757.143, 100
Trd, 4318757.643, 108
Trd, 4318758.293, 101
Trd, 4318760.193, 103
Trd, 4318760.343, 94
Trd, 4318762.193, 95
Trd, 4318763.543, 94
Trd, 4318764.393, 94
Trd, 4318765.743, 95
Trd, 4318766.193, 106
Trd, 4318770.493, 95
Trd, 4318770.743, 95
Trd, 4318771.093, 94
Trd, 4318772.043, 93
Trd, 4318773.293, 93
Trd, 4318774.393, 95
Trd, 4318775.393, 101
Trd, 4318776.993, 100
Trd, 4318777.143, 97
Trd, 4318777.443, 97
Trd, 4318779.343, 97
Trd, 4318780.343, 97
Trd, 4318782.243, 97
Trd, 4318782.693, 93
Trd, 4318783.093, 112
Trd, 4318784.643, 95
Trd, 4318784.993, 96
Trd, 4318785.793, 98
Trd, 4318787.193, 95
Trd, 4318787.543, 92
Trd, 4318788.243, 96
Trd, 4318790.243, 91
Trd, 4318791.143, 97
Trd, 4318793.243, 95
Trd, 4318796.043, 92
Trd, 4318797.193, 95
Trd, 4318797.843, 93
Trd, 4318798.443, 94
Trd, 4318800.593, 91
Trd, 4318801.343, 93
Trd, 4318802.243, 93
Trd, 4318803.393, 91
Trd, 4318803.743, 94
Trd, 4318806.143, 94
Trd, 4318807.293, 94
Trd, 4318808.843, 90
Trd, 4318811.343, 93
Trd, 4318811.843, 93
Trd, 4318811.993, 94
Trd, 4318813.693, 93
Trd, 4318816.893, 104
Trd, 4318816.993, 96
Trd, 4318817.643, 96
Trd, 4318819.793, 100
Trd, 4318820.343, 110
Trd, 4318820.443, 99
Trd, 4318820.593, 109
Trd, 4318822.243, 100
Trd, 4318823.293, 94
Trd, 4318823.943, 103
Trd, 4318828.193, 101
Trd, 4318828.393, 108
Trd, 4318830.293, 101
Trd, 4318832.743, 102
Trd, 4318833.693, 102
Trd, 4318835.643, 102
Trd, 4318836.743, 100
Trd, 4318837.493, 101
Trd, 4318842.193, 100
Trd, 4318844.293, 100
Trd, 4318845.143, 99
Trd, 4318846.793, 100
Trd, 4318847.493, 98
Trd, 4318848.143, 100
Trd, 4318848.393, 100
Trd, 4318852.093, 97
Trd, 4318853.143, 99
Trd, 4318854.793, 97
Trd, 4318855.193, 99
Trd, 4318858.143, 99
Trd, 4318859.093, 98
Trd, 4318860.993, 96
Trd, 4318863.243, 97
Trd, 4318863.843, 96
Trd, 4318864.893, 97
Trd, 4318868.443, 96
Trd, 4318868.843, 96
Trd, 4318869.143, 110
Trd, 4318870.443, 99
Trd, 4318871.543, 100
Trd, 4318871.793, 102
Trd, 4318874.843, 100
Trd, 4318878.443, 100
Trd, 4318878.693, 100
Trd, 4318878.743, 98
Trd, 4318880.543, 100
Trd, 4318884.393, 100
Trd, 4318886.093, 100
Trd, 4318888.093, 97
Trd, 4318888.243, 99
Trd, 4318889.793, 96
Trd, 4318890.993, 99
Trd, 4318892.493, 99
Trd, 4318893.493, 97
Trd, 4318893.743, 99
Trd, 4318896.693, 99
Trd, 4318899.143, 96
Trd, 4318900.443, 98
Trd, 4318900.843, 99
Trd, 4318900.893, 94
Trd, 4318901.843, 98
Trd, 4318904.693, 96
Trd, 4318904.893, 97
Trd, 4318907.943, 96
Trd, 4318908.943, 95
Trd, 4318909.693, 96
Trd, 4318912.143, 96
Trd, 4318913.343, 94
Trd, 4318913.593, 95
Trd, 4318918.043, 94
Trd, 4318918.493, 93
Trd, 4318918.993, 95
Trd, 4318919.643, 95
Trd, 4318919.793, 95
Trd, 4318922.593, 95
Trd, 4318923.843, 95
Trd, 4318923.943, 95
Trd, 4318924.343, 95
Trd, 4318925.743, 93
Trd, 4318926.093, 113
Trd, 4318928.343, 97
Trd, 4318930.493, 94
Trd, 4318931.043, 93
Trd, 4318931.243, 94
Trd, 4318933.443, 94
Trd, 4318934.043, 94
Trd, 4318936.543, 93
Trd, 4318938.043, 94
Trd, 4318938.943, 95
Trd, 4318941.793, 94
Trd, 4318943.093, 94
Trd, 4318943.593, 95
Trd, 4318944.243, 94
Trd, 4318944.343, 92
Trd, 4318948.843, 94
Trd, 4318950.243, 92
Trd, 4318950.993, 90
Trd, 4318951.693, 93
Trd, 4318952.793, 92
Trd, 4318953.993, 95
Trd, 4318954.043, 108
Trd, 4318954.943, 98
Trd, 4318955.493, 99
Trd, 4318956.193, 112
Trd, 4318957.793, 99
Trd, 4318961.393, 97
Trd, 4318962.793, 96
Trd, 4318963.893, 96
Trd, 4318964.093, 97
Trd, 4318965.643, 85
Trd, 4318966.443, 95
Trd, 4318967.493, 96
Trd, 4318970.493, 89
Trd, 4318970.793, 84
Trd, 4318972.293, 94
Trd, 4318972.593, 94
Trd, 4318975.543, 94
Trd, 4318976.643, 93
Trd, 4318977.843, 105
Trd, 4318979.793, 89
Trd, 4318980.743, 94
Trd, 4318983.043, 94
Trd, 4318983.243, 88
Trd, 4318984.493, 92
Trd, 4318987.393, 92
Trd, 4318987.943, 87
Trd, 4318990.043, 92
Trd, 4318991.093, 95
Trd, 4318993.643, 86
Trd, 4318994.093, 92
Trd, 4318994.543, 93
Trd, 4318996.593, 92
Trd, 4318997.493, 89
Trd, 4318999.793, 85
Trd, 4319000.943, 88
Trd, 4319001.993, 89
Trd, 4319003.693, 85
Trd, 4319003.743, 88
Trd, 4319007.093, 87
Trd, 4319010.093, 85
Trd, 4319010.143, 87
Trd, 4319013.543, 88
Trd, 4319013.893, 95
Trd, 4319015.293, 89
Trd, 4319015.843, 91
Trd, 4319016.743, 85
Trd, 4319020.043, 88
Trd, 4319020.243, 89
Trd, 4319021.293, 85
Trd, 4319021.743, 95
Trd, 4319022.193, 93
Trd, 4319022.693, 89
Trd, 4319026.043, 97
Trd, 4319026.493, 106
Trd, 4319027.243, 95
Trd, 4319028.543, 94
Trd, 4319031.043, 94
Trd, 4319031.993, 96
Trd, 4319032.993, 96
Trd, 4319033.443, 96
Trd, 4319035.843, 95
Trd, 4319036.793, 93
Trd, 4319037.993, 95
Trd, 4319040.593, 93
Trd, 4319040.843, 95
Trd, 4319042.343, 91
Trd, 4319044.393, 94
Trd, 4319044.543, 95
Trd, 4319047.043, 94
Trd, 4319047.793, 94
Trd, 4319050.143, 93
Trd, 4319050.793, 93
Trd, 4319051.143, 90
Trd, 4319052.743, 93
Trd, 4319054.493, 89
Trd, 4319059.343, 91
Trd, 4319059.893, 91
Trd, 4319060.393, 91
Trd, 4319062.393, 95
Trd, 4319063.843, 88
Trd, 4319064.843, 95
Trd, 4319066.193, 92
Trd, 4319068.693, 90
Trd, 4319069.193, 91
Trd, 4319069.593, 90
Trd, 4319070.043, 91
Trd, 4319072.693, 91
Trd, 4319073.593, 89
Trd, 4319074.743, 90
Trd, 4319076.193, 90
Trd, 4319079.943, 90
Trd, 4319080.243, 91
Trd, 4319081.243, 88
Trd, 4319085.493, 88
Trd, 4319085.593, 92
Trd, 4319088.393, 90
Trd, 4319090.893, 90
Trd, 4319090.993, 87
Trd, 4319092.343, 90
Trd, 4319092.593, 90
Trd, 4319093.043, 91
Trd, 4319093.343, 86
Trd, 4319095.643, 91
Trd, 4319096.893, 95
Trd, 4319098.243, 90
Trd, 4319098.893, 90
Trd, 4319100.293, 91
Trd, 4319103.243, 85
Trd, 4319104.193, 85
Trd, 4319104.593, 90
Trd, 4319106.443, 91
Trd, 4319106.493, 95
Trd, 4319110.043, 95
Trd, 4319110.943, 95
Trd, 4319113.143, 92
Trd, 4319114.043, 93
Trd, 4319115.193, 92
Trd, 4319115.243, 91
Trd, 4319116.743, 92
Trd, 4319117.093, 92
Trd, 4319121.643, 92
Trd, 4319122.643, 91
Trd, 4319122.693, 92
Trd, 4319122.943, 92
Trd, 4319127.043, 92
Trd, 4319127.443, 93
Trd, 4319127.843, 91
Trd, 4319129.743, 93
Trd, 4319131.843, 90
Trd, 4319133.093, 92
Trd, 4319133.943, 93
Trd, 4319135.743, 89
Trd, 4319136.593, 92
Trd, 4319138.093, 95
Trd, 4319141.393, 94
Trd, 4319142.543, 93
Trd, 4319143.143, 94
Trd, 4319144.043, 95
Trd, 4319145.393, 110
Trd, 4319146.093, 85
Trd, 4319146.393, 111
Trd, 4319148.543, 102
Trd, 4319148.743, 106
Trd, 4319149.243, 101
Trd, 4319151.893, 96
Trd, 4319153.093, 90
Trd, 4319153.393, 96
Trd, 4319154.443, 96
Trd, 4319157.343, 96
Trd, 4319157.943, 95
Trd, 4319158.443, 95
Trd, 4319159.343, 95
Trd, 4319160.543, 95
Trd, 4319160.593, 95
Trd, 4319161.193, 104
Trd, 4319162.643, 93
Trd, 4319165.793, 93
Trd, 4319167.143, 96
Trd, 4319169.893, 94
Trd, 4319170.043, 94
Trd, 4319171.543, 92
Trd, 4319172.793, 95
Trd, 4319174.843, 94
Trd, 4319176.193, 91
Trd, 4319176.493, 94
Trd, 4319178.093, 95
Trd, 4319180.093, 94
Trd, 4319181.043, 90
Trd, 4319183.293, 94
Trd, 4319183.543, 94
Trd, 4319184.193, 95
Trd, 4319184.543, 95
Trd, 4319184.893, 104
Trd, 4319186.193, 97
Trd, 4319187.143, 94
Trd, 4319189.593, 97
Trd, 4319193.193, 95
Trd, 4319194.093, 93
Trd, 4319194.543, 95
Trd, 4319194.743, 95
Trd, 4319195.393, 95
Trd, 4319196.093, 93
Trd, 4319197.043, 95
Trd, 4319200.093, 94
Trd, 4319201.493, 95
Trd, 4319202.093, 94
Trd, 4319203.743, 93
Trd, 4319204.093, 95
Trd, 4319205.743, 91
Trd, 4319208.343, 86
Trd, 4319210.043, 89
Trd, 4319210.693, 89
Trd, 4319211.393, 90
Trd, 4319213.193, 95
Trd, 4319213.843, 112
Trd, 4319214.643, 107
Trd, 4319215.093, 121
Trd, 4319215.393, 94
Trd, 4319216.543, 98
Trd, 4319219.493, 97
Trd, 4319219.693, 97
Trd, 4319221.093, 95
Trd, 4319221.343, 97
Trd, 4319224.443, 96
Trd, 4319226.793, 96
Trd, 4319226.943, 95
Trd, 4319229.193, 95
Trd, 4319230.543, 96
Trd, 4319231.143, 96
Trd, 4319231.643, 96
Trd, 4319232.943, 97
Trd, 4319234.093, 98
Trd, 4319236.343, 94
Trd, 4319238.493, 96
Trd, 4319240.643, 94
Trd, 4319241.993, 96
Trd, 4319242.843, 96
Trd, 4319244.443, 95
Trd, 4319244.593, 94
Trd, 4319246.543, 94
Trd, 4319248.643, 93
Trd, 4319248.743, 95
Trd, 4319249.043, 96
Trd, 4319251.843, 95
Trd, 4319254.893, 93
Trd, 4319255.643, 95
Trd, 4319257.743, 95
Trd, 4319258.843, 93
Trd, 4319259.043, 94
Trd, 4319260.493, 94
Trd, 4319261.793, 93
Trd, 4319262.393, 95
Trd, 4319263.843, 94
Trd, 4319264.643, 92
Trd, 4319266.643, 93
Trd, 4319269.843, 92
Trd, 4319270.493, 94
Trd, 4319272.593, 93
Trd, 4319273.593, 93
Trd, 4319274.393, 92
Trd, 4319277.193, 93
Trd, 4319277.393, 85
Trd, 4319277.843, 93
Trd, 4319279.393, 93
Trd, 4319282.293, 93
Trd, 4319282.893, 95
Trd, 4319283.443, 89
Trd, 4319283.693, 93
Trd, 4319285.493, 94
Trd, 4319286.893, 94
Trd, 4319287.893, 93
Trd, 4319288.693, 89
Trd, 4319291.293, 113
Trd, 4319291.993, 96
Trd, 4319293.943, 94
Trd, 4319296.743, 89
Trd, 4319298.593, 94
Trd, 4319299.343, 94
Trd, 4319302.443, 93
Trd, 4319302.593, 95
Trd, 4319302.843, 88
Trd, 4319304.343, 88
Trd, 4319304.543, 92
Trd, 4319305.593, 93
Trd, 4319307.193, 95
Trd, 4319308.793, 93
Trd, 4319310.693, 91
Trd, 4319311.493, 88
Trd, 4319312.693, 93
Trd, 4319314.543, 87
Trd, 4319314.843, 92
Trd, 4319315.343, 95
Trd, 4319317.343, 94
Trd, 4319319.993, 94
Trd, 4319322.543, 88
Trd, 4319322.793, 91
Trd, 4319324.443, 91
Trd, 4319324.793, 92
Trd, 4319326.093, 93
Trd, 4319326.143, 88
Trd, 4319327.643, 91
Trd, 4319328.043, 92
Trd, 4319331.443, 89
Trd, 4319332.343, 86
Trd, 4319333.243, 85
Trd, 4319334.793, 89
Trd, 4319336.243, 89
Trd, 4319338.393, 87
Trd, 4319338.843, 89
Trd, 4319339.843, 95
Trd, 4319342.743, 85
Trd, 4319343.193, 87
Trd, 4319345.093, 88
Trd, 4319346.743, 84
Trd, 4319347.243, 87
Trd, 4319350.943, 86
Trd, 4319351.743, 86
Trd, 4319351.843, 95
Trd, 4319353.293, 84
Trd, 4319356.893, 87
Trd, 4319358.393, 83
Trd, 4319361.093, 86
Trd, 4319362.343, 86
Trd, 4319362.843, 86
Trd, 4319364.993, 83
Trd, 4319367.293, 85
Trd, 4319367.443, 85
Trd, 4319368.543, 86
Trd, 4319371.543, 83
Trd, 4319373.193, 85
Trd, 4319373.243, 85
Trd, 4319373.493, 86
Trd, 4319376.043, 82
Trd, 4319376.193, 86
Trd, 4319377.093, 85
Trd, 4319378.293, 86
Trd, 4319379.593, 86
Trd, 4319379.743, 95
Trd, 4319380.693, 92
Trd, 4319383.193, 90
Trd, 4319383.993, 95
Trd, 4319387.743, 86
Trd, 4319388.193, 90
Trd, 4319388.843, 90
Trd, 4319390.643, 85
Trd, 4319391.793, 87
Trd, 4319391.843, 88
Trd, 4319394.343, 89
Trd, 4319395.393, 85
Trd, 4319395.693, 89
Trd, 4319398.743, 89
Trd, 4319400.543, 85
Trd, 4319401.793, 95
Trd, 4319402.693, 89
Trd, 4319404.393, 84
Trd, 4319405.993, 89
Trd, 4319406.243, 95
Trd, 4319408.893, 89
Trd, 4319410.293, 84
Trd, 4319413.393, 89
Trd, 4319413.543, 105
Trd, 4319414.793, 94
Trd, 4319415.893, 95
Trd, 4319416.743, 97
Trd, 4319416.943, 94
Trd, 4319418.043, 96
Trd, 4319418.143, 108
Trd, 4319418.993, 94
Trd, 4319421.243, 100
Trd, 4319422.243, 100
Trd, 4319423.643, 97
Trd, 4319425.443, 94
Trd, 4319427.393, 97
Trd, 4319428.543, 97
Trd, 4319429.293, 97
Trd, 4319430.593, 97
Trd, 4319431.093, 95
Trd, 4319431.493, 97
Trd, 4319432.093, 94
Trd, 4319434.643, 97
Trd, 4319434.943, 96
Trd, 4319437.493, 97
Trd, 4319437.743, 97
Trd, 4319438.193, 94
Trd, 4319440.243, 96
Trd, 4319441.543, 118
Trd, 4319441.743, 111
Trd, 4319444.393, 101
Trd, 4319444.543, 101
Trd, 4319447.793, 97
Trd, 4319448.243, 97
Trd, 4319448.493, 100
Trd, 4319449.093, 122
Trd, 4319449.693, 97
Trd, 4319455.543, 101
Trd, 4319455.893, 102
Trd, 4319456.093, 101
Trd, 4319458.643, 98
Trd, 4319459.243, 94
Trd, 4319460.143, 101
Trd, 4319461.043, 85
Trd, 4319463.243, 102
Trd, 4319464.643, 102
Trd, 4319465.943, 98
Trd, 4319466.393, 98
Trd, 4319468.093, 97
Trd, 4319469.193, 92
Trd, 4319469.493, 97
Trd, 4319469.893, 97
Trd, 4319470.493, 92
Trd, 4319474.393, 97
Trd, 4319474.593, 97
Trd, 4319475.443, 95
Trd, 4319475.893, 96
Trd, 4319477.943, 92
Trd, 4319480.743, 95
Trd, 4319481.443, 95
Trd, 4319481.943, 95
Trd, 4319483.343, 95
Trd, 4319485.293, 92
Trd, 4319485.993, 92
Trd, 4319486.993, 95
Trd, 4319490.693, 93
Trd, 4319492.143, 94
Trd, 4319493.193, 92
Trd, 4319494.493, 94
Trd, 4319496.093, 94
Trd, 4319496.343, 95
Trd, 4319496.943, 95
Trd, 4319501.493, 94
Trd, 4319501.693, 92
Trd, 4319502.643, 94
Trd, 4319503.243, 94
Trd, 4319503.293, 95
Trd, 4319505.293, 95
Trd, 4319508.243, 95
Trd, 4319510.793, 94
Trd, 4319510.993, 94
Trd, 4319511.393, 91
Trd, 4319514.443, 92
Trd, 4319515.793, 91
Trd, 4319515.993, 90
Trd, 4319517.643, 95
Trd, 4319517.743, 111
Trd, 4319518.393, 90
Trd, 4319519.393, 95
Trd, 4319519.843, 98
Trd, 4319521.193, 97
Trd, 4319523.393, 96
Trd, 4319523.743, 93
Trd, 4319526.143, 96
Trd, 4319526.793, 96
Trd, 4319527.343, 93
Trd, 4319529.943, 96
Trd, 4319531.043, 96
Trd, 4319534.193, 96
Trd, 4319536.793, 95
Trd, 4319538.143, 93
Trd, 4319540.343, 94
Trd, 4319540.693, 94
Trd, 4319540.843, 93
Trd, 4319542.693, 92
Trd, 4319543.993, 94
Trd, 4319545.493, 94
Trd, 4319545.893, 95
Trd, 4319546.843, 95
Trd, 4319550.243, 95
Trd, 4319550.443, 95
Trd, 4319552.543, 95
Trd, 4319552.593, 92
Trd, 4319555.943, 95
Trd, 4319556.043, 92
Trd, 4319556.543, 96
Trd, 4319558.043, 91
Trd, 4319558.743, 95
Trd, 4319560.193, 94
Trd, 4319561.743, 94
Trd, 4319562.393, 95
Trd, 4319565.743, 90
Trd, 4319566.443, 94
Trd, 4319568.543, 95
Trd, 4319569.493, 95
Trd, 4319570.093, 95
Trd, 4319571.593, 94
Trd, 4319573.793, 91
Trd, 4319574.893, 107
Trd, 4319578.293, 91
Trd, 4319578.493, 96
Trd, 4319578.593, 96
Trd, 4319579.743, 96
Trd, 4319579.893, 90
Trd, 4319580.443, 97
Trd, 4319582.543, 96
Trd, 4319584.893, 91
Trd, 4319585.143, 93
Trd, 4319586.893, 95
Trd, 4319589.393, 93
Trd, 4319591.193, 95
Trd, 4319592.693, 94
Trd, 4319592.743, 94
Trd, 4319593.843, 111
Trd, 4319595.943, 97
Trd, 4319597.143, 96
Trd, 4319598.543, 92
Trd, 4319599.493, 95
Trd, 4319602.043, 91
Trd, 4319602.393, 95
Trd, 4319603.643, 95
Trd, 4319604.343, 95
Trd, 4319607.493, 95
Trd, 4319608.593, 90
Trd, 4319610.743, 95
Trd, 4319613.393, 95
Trd, 4319615.493, 95
Trd, 4319617.243, 95
Trd, 4319618.143, 95
Trd, 4319619.693, 89
Trd, 4319620.043, 93
Trd, 4319623.443, 93
Trd, 4319623.493, 95
Trd, 4319625.143, 110
Trd, 4319625.493, 100
Trd, 4319625.643, 101
Trd, 4319626.043, 98
Trd, 4319628.743, 99
Trd, 4319629.543, 97
Trd, 4319629.743, 99
Trd, 4319633.193, 98
Trd, 4319634.143, 97
Trd, 4319637.893, 96
Trd, 4319638.543, 97
Trd, 4319640.793, 95
Trd, 4319641.193, 96
Trd, 4319641.993, 97
Trd, 4319642.143, 107
Trd, 4319643.643, 97
Trd, 4319646.593, 97
Trd, 4319647.243, 97
Trd, 4319648.343, 98
Trd, 4319649.143, 97
Trd, 4319649.493, 99
Trd, 4319650.143, 115
Trd, 4319651.193, 101
Trd, 4319654.143, 96
Trd, 4319654.743, 101
Trd, 4319656.093, 100
Trd, 4319656.493, 100
Trd, 4319660.243, 100
Trd, 4319660.293, 100
Trd, 4319663.293, 96
Trd, 4319665.793, 100
Trd, 4319668.393, 100
Trd, 4319670.993, 100
Trd, 4319671.343, 100
Trd, 4319672.943, 95
Trd, 4319674.993, 100
Trd, 4319676.243, 100
Trd, 4319677.793, 100
Trd, 4319679.243, 98
Trd, 4319681.343, 96
Trd, 4319684.943, 98
Trd, 4319685.593, 98
Trd, 4319686.143, 98
Trd, 4319687.043, 98
Trd, 4319687.343, 95
Trd, 4319689.643, 98
Trd, 4319689.993, 98
Trd, 4319692.593, 98
Trd, 4319692.793, 98
Trd, 4319693.793, 94
Trd, 4319695.093, 99
Trd, 4319695.393, 104
Trd, 4319697.643, 99
Trd, 4319700.093, 93
Trd, 4319700.343, 99
Trd, 4319700.693, 99
Trd, 4319701.293, 93
Trd, 4319703.693, 95
Trd, 4319704.293, 95
Trd, 4319707.893, 95
Trd, 4319707.993, 92
Trd, 4319708.893, 95
Trd, 4319708.943, 96
Trd, 4319714.993, 91
Trd, 4319715.443, 95
Trd, 4319715.993, 95
Trd, 4319716.443, 95
Trd, 4319717.493, 91
Trd, 4319719.043, 94
Trd, 4319720.243, 95
Trd, 4319721.693, 90
Trd, 4319724.243, 95
Trd, 4319724.443, 95
Trd, 4319730.543, 93
Trd, 4319731.393, 93
Trd, 4319731.643, 90
Trd, 4319734.143, 92
Trd, 4319735.343, 90
Trd, 4319735.493, 92
Trd, 4319736.143, 92
Trd, 4319738.793, 95
Trd, 4319740.043, 92
Trd, 4319740.893, 91
Trd, 4319741.343, 93
Trd, 4319744.643, 92
Trd, 4319745.293, 91
Trd, 4319745.843, 90
Trd, 4319745.993, 85
Trd, 4319746.343, 113
Trd, 4319746.593, 115
Trd, 4319748.543, 87
Trd, 4319750.043, 97
Trd, 4319751.543, 92
Trd, 4319752.193, 93
Trd, 4319755.543, 89
Trd, 4319756.043, 94
Trd, 4319756.593, 94
Trd, 4319757.793, 88
Trd, 4319758.143, 92
Trd, 4319761.243, 88
Trd, 4319762.493, 89
Trd, 4319764.343, 87
Trd, 4319764.743, 89
Trd, 4319766.493, 89
Trd, 4319768.743, 89
Trd, 4319769.743, 86
Trd, 4319770.743, 89
Trd, 4319773.143, 89
Trd, 4319773.443, 85
Trd, 4319773.643, 89
Trd, 4319774.543, 89
Trd, 4319778.243, 84
Trd, 4319779.193, 89
Trd, 4319779.993, 89
Trd, 4319783.043, 88
Trd, 4319784.993, 87
Trd, 4319785.793, 84
Trd, 4319786.693, 86
Trd, 4319786.993, 95
Trd, 4319788.593, 87
Trd, 4319791.793, 84
Trd, 4319793.643, 87
Trd, 4319794.543, 87
Trd, 4319795.243, 84
Trd, 4319796.943, 86
Trd, 4319796.993, 84
Trd, 4319799.543, 86
Trd, 4319801.543, 86
Trd, 4319802.393, 86
Trd, 4319802.443, 95
Trd, 4319805.493, 87
Trd, 4319806.743, 83
Trd, 4319807.843, 95
Trd, 4319809.043, 90
Trd, 4319810.543, 88
Trd, 4319811.343, 82
Trd, 4319812.193, 88
Trd, 4319814.193, 107
Trd, 4319816.293, 81
Trd, 4319816.993, 95
Trd, 4319818.543, 90
Trd, 4319820.693, 80
Trd, 4319821.343, 80
Trd, 4319825.493, 85
Trd, 4319826.993, 83
Trd, 4319830.193, 84
Trd, 4319830.243, 84
Trd, 4319830.593, 82
Trd, 4319834.493, 81
Trd, 4319834.543, 86
Trd, 4319835.243, 85
Trd, 4319836.293, 87
Trd, 4319837.443, 95
Trd, 4319837.543, 90
Trd, 4319839.843, 90
Trd, 4319841.543, 111
Trd, 4319842.693, 92
Trd, 4319843.093, 89
Trd, 4319843.593, 96
Trd, 4319845.493, 95
Trd, 4319845.543, 92
Trd, 4319846.343, 105
Trd, 4319849.643, 95
Trd, 4319850.343, 95
Trd, 4319851.643, 95
Trd, 4319854.343, 91
Trd, 4319854.593, 111
Trd, 4319855.243, 98
Trd, 4319856.643, 98
Trd, 4319857.643, 98
Trd, 4319858.193, 122
Trd, 4319858.543, 93
Trd, 4319859.293, 114
Trd, 4319860.193, 107
Trd, 4319860.793, 104
Trd, 4319861.493, 104
Trd, 4319864.443, 98
Trd, 4319865.793, 104
Trd, 4319866.143, 98
Trd, 4319866.543, 104
Trd, 4319869.693, 104
Trd, 4319870.543, 102
Trd, 4319871.793, 117
Trd, 4319872.793, 97
Trd, 4319874.343, 105
Trd, 4319875.893, 97
Trd, 4319877.543, 101
Trd, 4319877.593, 102
Trd, 4319878.443, 96
Trd, 4319880.793, 102
Trd, 4319883.143, 102
Trd, 4319885.143, 94
Trd, 4319885.243, 102
Trd, 4319885.493, 102
Trd, 4319888.093, 102
Trd, 4319890.293, 100
Trd, 4319890.593, 100
Trd, 4319890.843, 94
Trd, 4319895.443, 99
Trd, 4319895.643, 99
Trd, 4319898.093, 93
Trd, 4319898.843, 93
Trd, 4319899.343, 99
Trd, 4319900.843, 99
Trd, 4319904.093, 95
Trd, 4319905.093, 95
Trd, 4319908.093, 95
Trd, 4319908.443, 92
Trd, 4319908.643, 112
Trd, 4319910.643, 98
Trd, 4319911.543, 103
Trd, 4319912.843, 105
Trd, 4319913.493, 91
Trd, 4319915.243, 100
Trd, 4319917.343, 102
Trd, 4319917.893, 102
Trd, 4319918.893, 109
Trd, 4319920.443, 108
Trd, 4319922.243, 106
Trd, 4319923.543, 102
Trd, 4319924.743, 104
Trd, 4319926.543, 103
Trd, 4319926.643, 104
Trd, 4319927.693, 94
Trd, 4319928.293, 98
Trd, 4319930.193, 98
Trd, 4319932.743, 95
Trd, 4319933.493, 97
Trd, 4319935.393, 97
Trd, 4319935.493, 97
Trd, 4319937.893, 95
Trd, 4319939.893, 97
Trd, 4319941.093, 97
Trd, 4319943.193, 97
Trd, 4319944.343, 94
Trd, 4319945.743, 97
Trd, 4319946.993, 96
Trd, 4319948.793, 96
Trd, 4319949.293, 94
Trd, 4319950.443, 95
Trd, 4319952.193, 95
Trd, 4319954.293, 95
Trd, 4319954.543, 94
Trd, 4319955.293, 94
Trd, 4319955.443, 95
Trd, 4319956.693, 117
Trd, 4319957.393, 104
Trd, 4319958.793, 94
Trd, 4319960.443, 99
Trd, 4319961.093, 96
Trd, 4319961.543, 97
Trd, 4319963.543, 97
Trd, 4319966.143, 98
Trd, 4319966.743, 98
Trd, 4319968.043, 97
Trd, 4319970.093, 95
Trd, 4319970.243, 96
Trd, 4319972.693, 96
Trd, 4319974.993, 94
Trd, 4319975.193, 96
Trd, 4319975.743, 94
Trd, 4319977.943, 95
Trd, 4319979.893, 95
Trd, 4319979.943, 95
Trd, 4319983.893, 95
Trd, 4319984.393, 93
Trd, 4319985.893, 95
Trd, 4319988.393, 95
Trd, 4319988.993, 95
Trd, 4319990.393, 94
Trd, 4319990.593, 95
Trd, 4319990.843, 92
Trd, 4319993.893, 93
Trd, 4319994.543, 95
Trd, 4319995.293, 94
Trd, 4319998.193, 94
Trd, 4319998.243, 92
Trd, 4319999.643, 94
