Trd, 4317886.493, 97
Trd, 4317887.643, 95
Trd, 4317889.143, 97
Trd, 4317890.043, 96
Trd, 4317893.293, 95
Trd, 4317893.643, 96
Trd, 4317895.493, 92
Trd, 4317895.593, 85
Trd, 4317897.043, 104
Trd, 4317898.493, 94
Trd, 4317898.693, 95
Trd, 4317898.993, 97
Trd, 4317901.443, 96
Trd, 4317901.693, 116
Trd, 4317901.843, 94
Trd, 4317901.943, 124
Trd, 4317906.343, 99
Trd, 4317909.493, 94
Trd, 4317909.943, 96
Trd, 4317911.143, 93
Trd, 4317911.743, 92
Trd, 4317914.193, 93
Trd, 4317914.243, 95
Trd, 4317915.343, 95
Trd, 4317917.243, 95
Trd, 4317917.793, 94
Trd, 4317919.793, 92
Trd, 4317921.393, 92
Trd, 4317922.893, 91
Trd, 4317925.043, 92
Trd, 4317925.143, 91
Trd, 4317926.393, 92
Trd, 4317927.843, 90
Trd, 4317928.393, 95
Trd, 4317930.543, 93
Trd, 4317930.993, 95
Trd, 4317932.743, 94
Trd, 4317934.993, 92
Trd, 4317936.493, 94
Trd, 4317936.843, 95
Trd, 4317937.843, 95
Trd, 4317938.043, 94
Trd, 4317938.543, 106
Trd, 4317941.043, 99
Trd, 4317942.493, 96
Trd, 4317944.393, 93
Trd, 4317944.843, 93
Trd, 4317945.093, 93
Trd, 4317947.293, 92
Trd, 4317948.643, 92
Trd, 4317949.043, 93
Trd, 4317949.493, 91
Trd, 4317951.243, 91
Trd, 4317951.693, 92
Trd, 4317952.243, 94
Trd, 4317956.793, 94
Trd, 4317960.093, 94
Trd, 4317960.593, 92
Trd, 4317962.093, 92
Trd, 4317962.643, 93
Trd, 4317964.043, 92
Trd, 4317964.643, 91
Trd, 4317965.143, 90
Trd, 4317966.993, 95
Trd, 4317969.593, 92
Trd, 4317970.243, 92
Trd, 4317970.443, 93
Trd, 4317971.593, 91
Trd, 4317973.693, 106
Trd, 4317975.043, 97
Trd, 4317978.043, 97
Trd, 4317979.443, 96
Trd, 4317980.443, 97
Trd, 4317982.393, 96
Trd, 4317982.993, 96
Trd, 4317983.393, 97
Trd, 4317984.843, 96
Trd, 4317987.393, 97
Trd, 4317989.293, 97
Trd, 4317989.693, 95
Trd, 4317989.993, 94
Trd, 4317991.593, 96
Trd, 4317992.193, 97
Trd, 4317994.243, 99
Trd, 4317995.793, 99
Trd, 4317996.143, 104
Trd, 4317996.343, 113
Trd, 4317998.143, 104
Trd, 4317999.643, 103
Trd, 4318000.493, 101
Trd, 4318001.043, 103
Trd, 4318001.593, 94
Trd, 4318003.193, 104
Trd, 4318005.193, 99
Trd, 4318005.843, 100
Trd, 4318006.043, 99
Trd, 4318006.093, 101
Trd, 4318006.993, 100
Trd, 4318007.993, 101
Trd, 4318009.293, 94
Trd, 4318012.393, 100
Trd, 4318012.943, 100
Trd, 4318013.243, 100
Trd, 4318014.593, 100
Trd, 4318017.493, 100
Trd, 4318018.043, 99
Trd, 4318020.893, 95
Trd, 4318021.143, 95
Trd, 4318021.693, 94
Trd, 4318021.743, 98
Trd, 4318023.293, 93
Trd, 4318025.243, 93
Trd, 4318026.643, 93
Trd, 4318026.843, 94
Trd, 4318027.543, 93
Trd, 4318028.593, 95
Trd, 4318030.643, 95
Trd, 4318032.843, 94
Trd, 4318033.393, 94
Trd, 4318034.993, 92
Trd, 4318036.143, 93
Trd, 4318036.743, 92
Trd, 4318037.593, 93
Trd, 4318037.793, 95
Trd, 4318038.243, 104
Trd, 4318039.093, 92
Trd, 4318041.093, 97
Trd, 4318041.193, 99
Trd, 4318045.843, 96
Trd, 4318046.293, 95
Trd, 4318046.543, 94
Trd, 4318047.343, 96
Trd, 4318049.643, 95
Trd, 4318050.443, 94
Trd, 4318050.693, 95
Trd, 4318052.093, 93
Trd, 4318053.293, 95
Trd, 4318056.443, 95
Trd, 4318058.343, 94
Trd, 4318058.793, 95
Trd, 4318059.293, 95
Trd, 4318059.793, 97
Trd, 4318062.893, 96
Trd, 4318063.343, 96
Trd, 4318064.843, 96
Trd, 4318065.493, 95
Trd, 4318069.743, 94
Trd, 4318070.293, 96
Trd, 4318070.443, 96
Trd, 4318070.993, 94
Trd, 4318074.993, 95
Trd, 4318076.793, 94
Trd, 4318076.843, 96
Trd, 4318078.393, 94
Trd, 4318079.843, 93
Trd, 4318080.443, 94
Trd, 4318080.743, 104
Trd, 4318081.293, 85
Trd, 4318084.793, 94
Trd, 4318086.843, 93
Trd, 4318087.993, 93
Trd, 4318089.043, 92
Trd, 4318089.293, 93
Trd, 4318089.893, 91
Trd, 4318089.993, 95
Trd, 4318090.893, 104
Trd, 4318095.393, 91
Trd, 4318096.943, 92
Trd, 4318097.043, 95
Trd, 4318097.643, 93
Trd, 4318100.543, 91
Trd, 4318102.643, 92
Trd, 4318103.143, 93
Trd, 4318103.443, 95
Trd, 4318105.043, 94
Trd, 4318105.193, 104
Trd, 4318108.743, 96
Trd, 4318109.143, 96
Trd, 4318111.343, 97
Trd, 4318112.393, 94
Trd, 4318113.093, 96
Trd, 4318113.243, 93
Trd, 4318113.643, 86
Trd, 4318115.393, 95
Trd, 4318116.343, 95
Trd, 4318119.893, 91
Trd, 4318120.943, 94
Trd, 4318123.393, 92
Trd, 4318123.943, 92
Trd, 4318124.943, 91
Trd, 4318126.543, 95
Trd, 4318126.843, 104
Trd, 4318127.743, 97
Trd, 4318129.843, 100
Trd, 4318131.043, 103
Trd, 4318131.743, 103
Trd, 4318132.543, 102
Trd, 4318133.843, 104
Trd, 4318133.893, 105
Trd, 4318135.943, 104
Trd, 4318136.843, 101
Trd, 4318137.593, 101
Trd, 4318137.993, 100
Trd, 4318139.243, 99
Trd, 4318141.993, 99
Trd, 4318142.093, 97
Trd, 4318144.493, 97
Trd, 4318144.543, 96
Trd, 4318146.743, 96
Trd, 4318148.143, 96
Trd, 4318148.543, 95
Trd, 4318151.193, 94
Trd, 4318151.843, 92
Trd, 4318151.893, 95
Trd, 4318152.143, 104
Trd, 4318154.093, 94
Trd, 4318157.293, 96
Trd, 4318158.193, 96
Trd, 4318160.593, 96
Trd, 4318161.193, 95
Trd, 4318162.493, 104
Trd, 4318162.843, 113
Trd, 4318164.843, 100
Trd, 4318165.443, 100
Trd, 4318167.243, 97
Trd, 4318168.543, 97
Trd, 4318169.843, 97
Trd, 4318170.893, 96
Trd, 4318171.843, 97
Trd, 4318172.943, 97
Trd, 4318175.243, 95
Trd, 4318176.543, 94
Trd, 4318176.893, 96
Trd, 4318178.693, 95
Trd, 4318179.243, 96
Trd, 4318179.843, 96
Trd, 4318180.843, 94
Trd, 4318184.143, 94
Trd, 4318184.293, 95
Trd, 4318185.343, 95
Trd, 4318187.393, 95
Trd, 4318188.943, 93
Trd, 4318190.143, 95
Trd, 4318191.943, 94
Trd, 4318192.693, 92
Trd, 4318194.893, 92
Trd, 4318194.993, 91
Trd, 4318197.093, 91
Trd, 4318199.193, 91
Trd, 4318200.093, 91
Trd, 4318200.843, 105
Trd, 4318203.343, 93
Trd, 4318204.843, 93
Trd, 4318205.143, 93
Trd, 4318205.443, 90
Trd, 4318207.743, 89
Trd, 4318210.243, 92
Trd, 4318210.843, 93
Trd, 4318212.043, 93
Trd, 4318212.093, 95
Trd, 4318212.943, 105
Trd, 4318213.943, 95
Trd, 4318216.243, 94
Trd, 4318216.343, 93
Trd, 4318219.593, 93
Trd, 4318219.693, 95
Trd, 4318220.643, 92
Trd, 4318222.493, 93
Trd, 4318224.243, 92
Trd, 4318224.293, 93
Trd, 4318224.943, 95
Trd, 4318226.893, 105
Trd, 4318227.893, 91
Trd, 4318231.343, 92
Trd, 4318232.143, 92
Trd, 4318233.543, 92
Trd, 4318234.793, 92
Trd, 4318235.993, 90
Trd, 4318237.543, 89
Trd, 4318239.343, 91
Trd, 4318239.593, 91
Trd, 4318242.293, 89
Trd, 4318242.443, 90
Trd, 4318242.543, 93
Trd, 4318243.993, 90
Trd, 4318244.593, 91
Trd, 4318247.293, 97
Trd, 4318247.393, 96
Trd, 4318247.993, 105
Trd, 4318248.843, 95
Trd, 4318250.143, 113
Trd, 4318251.843, 94
Trd, 4318254.493, 94
Trd, 4318254.893, 95
Trd, 4318255.243, 96
Trd, 4318257.143, 97
Trd, 4318257.643, 104
Trd, 4318259.093, 95
Trd, 4318263.343, 96
Trd, 4318263.993, 96
Trd, 4318264.893, 105
Trd, 4318266.593, 95
Trd, 4318268.093, 96
Trd, 4318269.343, 96
Trd, 4318270.043, 94
Trd, 4318270.593, 96
Trd, 4318271.093, 94
Trd, 4318273.443, 96
Trd, 4318276.343, 93
Trd, 4318276.393, 94
Trd, 4318276.893, 93
Trd, 4318278.193, 94
Trd, 4318279.093, 94
Trd, 4318280.743, 96
Trd, 4318283.393, 95
Trd, 4318283.893, 95
Trd, 4318284.593, 93
Trd, 4318284.943, 92
Trd, 4318285.493, 91
Trd, 4318288.743, 90
Trd, 4318291.193, 91
Trd, 4318291.593, 92
Trd, 4318292.693, 95
Trd, 4318292.843, 106
Trd, 4318294.593, 98
Trd, 4318295.893, 92
Trd, 4318295.993, 92
Trd, 4318297.443, 88
Trd, 4318297.643, 91
Trd, 4318298.693, 85
Trd, 4318300.543, 90
Trd, 4318302.743, 94
Trd, 4318303.193, 91
Trd, 4318303.743, 92
Trd, 4318303.793, 95
Trd, 4318305.993, 94
Trd, 4318306.493, 93
Trd, 4318308.243, 94
Trd, 4318309.743, 94
Trd, 4318310.143, 94
Trd, 4318313.243, 94
Trd, 4318315.793, 94
Trd, 4318316.293, 94
Trd, 4318316.943, 94
Trd, 4318317.143, 93
Trd, 4318319.993, 95
Trd, 4318320.293, 93
Trd, 4318320.743, 95
Trd, 4318321.793, 92
Trd, 4318322.093, 95
Trd, 4318324.393, 92
Trd, 4318325.093, 95
Trd, 4318327.643, 95
Trd, 4318329.293, 95
Trd, 4318329.993, 105
Trd, 4318333.143, 96
Trd, 4318335.743, 96
Trd, 4318336.643, 97
Trd, 4318337.043, 97
Trd, 4318337.693, 97
Trd, 4318338.343, 95
Trd, 4318339.243, 94
Trd, 4318339.943, 95
Trd, 4318341.643, 95
Trd, 4318344.943, 94
Trd, 4318345.893, 95
Trd, 4318346.143, 96
Trd, 4318348.193, 95
Trd, 4318348.693, 94
Trd, 4318349.343, 93
Trd, 4318349.393, 93
Trd, 4318352.343, 95
Trd, 4318352.593, 94
Trd, 4318355.593, 94
Trd, 4318355.643, 95
Trd, 4318357.743, 93
Trd, 4318357.843, 95
Trd, 4318360.043, 94
Trd, 4318360.493, 95
Trd, 4318361.843, 95
Trd, 4318362.793, 96
Trd, 4318363.143, 94
Trd, 4318365.593, 96
Trd, 4318365.993, 93
Trd, 4318369.193, 95
Trd, 4318370.443, 93
Trd, 4318370.893, 92
Trd, 4318371.543, 95
Trd, 4318372.193, 92
Trd, 4318374.243, 91
Trd, 4318376.493, 94
Trd, 4318377.643, 95
Trd, 4318377.743, 105
Trd, 4318377.843, 91
Trd, 4318381.593, 94
Trd, 4318382.593, 93
Trd, 4318383.743, 94
Trd, 4318384.143, 91
Trd, 4318387.643, 94
Trd, 4318387.793, 93
Trd, 4318387.843, 95
Trd, 4318389.943, 93
Trd, 4318391.393, 93
Trd, 4318392.693, 92
Trd, 4318393.693, 104
Trd, 4318395.093, 99
Trd, 4318395.243, 98
Trd, 4318396.893, 95
Trd, 4318397.543, 96
Trd, 4318398.343, 95
Trd, 4318398.693, 105
Trd, 4318400.343, 112
Trd, 4318400.393, 95
Trd, 4318403.243, 100
Trd, 4318404.593, 100
Trd, 4318407.443, 97
Trd, 4318408.543, 96
Trd, 4318408.943, 97
Trd, 4318411.143, 97
Trd, 4318411.343, 94
Trd, 4318412.493, 96
Trd, 4318412.743, 97
Trd, 4318415.393, 97
Trd, 4318415.943, 95
Trd, 4318416.293, 96
Trd, 4318417.393, 96
Trd, 4318418.443, 95
Trd, 4318420.493, 96
Trd, 4318421.793, 96
Trd, 4318422.443, 96
Trd, 4318423.693, 94
Trd, 4318426.243, 90
Trd, 4318426.593, 92
Trd, 4318427.643, 92
Trd, 4318427.693, 91
Trd, 4318428.393, 105
Trd, 4318431.393, 95
Trd, 4318434.393, 93
Trd, 4318435.443, 93
Trd, 4318437.793, 93
Trd, 4318438.043, 93
Trd, 4318438.343, 91
Trd, 4318440.693, 93
Trd, 4318441.443, 91
Trd, 4318443.593, 93
Trd, 4318444.993, 93
Trd, 4318447.443, 94
Trd, 4318447.643, 92
Trd, 4318449.293, 91
Trd, 4318450.293, 92
Trd, 4318451.093, 93
Trd, 4318451.893, 91
Trd, 4318452.143, 92
Trd, 4318453.043, 92
Trd, 4318456.193, 95
Trd, 4318456.443, 94
Trd, 4318457.843, 95
Trd, 4318458.593, 93
Trd, 4318461.493, 94
Trd, 4318461.693, 95
Trd, 4318461.993, 106
Trd, 4318465.743, 97
Trd, 4318466.393, 96
Trd, 4318467.093, 97
Trd, 4318469.943, 97
Trd, 4318470.193, 96
Trd, 4318470.693, 95
Trd, 4318471.493, 95
Trd, 4318471.643, 107
Trd, 4318472.693, 93
Trd, 4318477.143, 95
Trd, 4318477.243, 96
Trd, 4318478.993, 95
Trd, 4318479.043, 95
Trd, 4318479.843, 95
Trd, 4318481.343, 100
Trd, 4318481.993, 104
Trd, 4318483.443, 101
Trd, 4318483.543, 99
Trd, 4318484.893, 114
Trd, 4318486.643, 98
Trd, 4318488.643, 97
Trd, 4318490.043, 95
Trd, 4318490.593, 95
Trd, 4318491.293, 94
Trd, 4318491.593, 95
Trd, 4318492.593, 104
Trd, 4318495.093, 94
Trd, 4318495.943, 96
Trd, 4318496.443, 94
Trd, 4318496.843, 93
Trd, 4318497.943, 92
Trd, 4318499.443, 95
Trd, 4318500.793, 94
Trd, 4318503.093, 94
Trd, 4318503.293, 95
Trd, 4318504.643, 94
Trd, 4318508.043, 91
Trd, 4318508.793, 92
Trd, 4318508.943, 93
Trd, 4318510.593, 92
Trd, 4318510.743, 91
Trd, 4318514.893, 93
Trd, 4318516.393, 93
Trd, 4318516.493, 92
Trd, 4318516.593, 91
Trd, 4318516.893, 95
Trd, 4318517.243, 105
Trd, 4318519.043, 111
Trd, 4318523.293, 93
Trd, 4318523.893, 94
Trd, 4318524.543, 94
Trd, 4318526.543, 94
Trd, 4318528.893, 93
Trd, 4318531.343, 92
Trd, 4318531.393, 91
Trd, 4318532.143, 92
Trd, 4318532.443, 95
Trd, 4318534.943, 90
Trd, 4318536.193, 89
Trd, 4318538.093, 90
Trd, 4318538.293, 89
Trd, 4318539.393, 90
Trd, 4318540.493, 95
Trd, 4318542.343, 112
Trd, 4318544.193, 95
Trd, 4318546.043, 91
Trd, 4318546.543, 88
Trd, 4318548.643, 89
Trd, 4318550.493, 89
Trd, 4318550.943, 95
Trd, 4318551.343, 86
Trd, 4318552.043, 104
Trd, 4318553.943, 86
Trd, 4318554.193, 97
Trd, 4318555.543, 113
Trd, 4318557.443, 85
Trd, 4318561.993, 86
Trd, 4318562.643, 87
Trd, 4318562.843, 88
Trd, 4318564.843, 86
Trd, 4318566.543, 91
Trd, 4318568.443, 89
Trd, 4318569.443, 90
Trd, 4318571.693, 90
Trd, 4318572.943, 89
Trd, 4318573.143, 90
Trd, 4318573.593, 95
Trd, 4318575.393, 95
Trd, 4318575.643, 88
Trd, 4318579.043, 90
Trd, 4318580.443, 89
Trd, 4318581.593, 90
Trd, 4318583.793, 87
Trd, 4318584.293, 90
Trd, 4318585.943, 90
Trd, 4318588.693, 90
Trd, 4318588.793, 95
Trd, 4318589.393, 88
Trd, 4318592.243, 90
Trd, 4318592.493, 92
Trd, 4318592.743, 89
Trd, 4318594.243, 89
Trd, 4318594.843, 92
Trd, 4318596.993, 92
Trd, 4318599.993, 91
Trd, 4318600.593, 90
Trd, 4318601.143, 89
Trd, 4318603.143, 95
Trd, 4318604.243, 107
Trd, 4318605.293, 96
Trd, 4318606.093, 97
Trd, 4318608.243, 97
Trd, 4318610.893, 97
Trd, 4318611.443, 95
Trd, 4318611.743, 105
Trd, 4318615.443, 99
Trd, 4318617.293, 99
Trd, 4318617.943, 98
Trd, 4318619.893, 96
Trd, 4318620.593, 99
Trd, 4318621.443, 95
Trd, 4318622.593, 97
Trd, 4318624.893, 95
Trd, 4318625.793, 97
Trd, 4318627.693, 96
Trd, 4318628.093, 97
Trd, 4318630.943, 95
Trd, 4318631.543, 96
Trd, 4318632.593, 95
Trd, 4318633.843, 96
Trd, 4318635.893, 93
Trd, 4318636.443, 94
Trd, 4318636.993, 95
Trd, 4318638.543, 95
Trd, 4318639.893, 94
Trd, 4318640.643, 93
Trd, 4318641.493, 93
Trd, 4318641.843, 94
Trd, 4318642.393, 95
Trd, 4318642.543, 92
Trd, 4318646.043, 103
Trd, 4318646.443, 91
Trd, 4318646.943, 99
Trd, 4318652.093, 97
Trd, 4318653.443, 93
Trd, 4318655.293, 93
Trd, 4318656.743, 93
Trd, 4318657.993, 93
Trd, 4318658.793, 93
Trd, 4318659.293, 93
Trd, 4318661.593, 93
Trd, 4318661.643, 92
Trd, 4318663.493, 93
Trd, 4318665.193, 91
Trd, 4318665.293, 92
Trd, 4318665.443, 91
Trd, 4318666.293, 95
Trd, 4318668.693, 101
Trd, 4318669.643, 100
Trd, 4318670.743, 102
Trd, 4318673.543, 100
Trd, 4318673.643, 101
Trd, 4318673.893, 101
Trd, 4318674.793, 100
Trd, 4318675.893, 94
Trd, 4318676.843, 101
Trd, 4318678.343, 93
Trd, 4318678.543, 94
Trd, 4318679.493, 94
Trd, 4318681.093, 95
Trd, 4318682.743, 112
Trd, 4318683.343, 95
Trd, 4318684.393, 100
Trd, 4318687.643, 99
Trd, 4318688.143, 99
Trd, 4318688.893, 94
Trd, 4318691.493, 97
Trd, 4318692.893, 96
Trd, 4318694.693, 95
Trd, 4318695.293, 96
Trd, 4318695.993, 94
Trd, 4318697.743, 97
Trd, 4318699.143, 95
Trd, 4318700.343, 97
Trd, 4318700.593, 95
Trd, 4318701.493, 96
Trd, 4318701.843, 97
Trd, 4318704.193, 95
Trd, 4318704.543, 95
Trd, 4318704.843, 94
Trd, 4318707.243, 93
Trd, 4318707.343, 89
Trd, 4318710.243, 91
Trd, 4318711.443, 92
Trd, 4318712.493, 91
Trd, 4318713.043, 95
Trd, 4318713.843, 90
Trd, 4318715.443, 95
Trd, 4318715.943, 106
Trd, 4318716.443, 96
Trd, 4318718.243, 95
Trd, 4318719.143, 96
Trd, 4318719.993, 106
Trd, 4318721.193, 94
Trd, 4318725.193, 98
Trd, 4318726.793, 97
Trd, 4318727.743, 96
Trd, 4318727.793, 94
Trd, 4318729.693, 93
Trd, 4318729.943, 94
Trd, 4318731.243, 94
Trd, 4318733.943, 95
Trd, 4318733.993, 93
Trd, 4318735.043, 94
Trd, 4318736.543, 93
Trd, 4318737.093, 93
Trd, 4318737.493, 93
Trd, 4318738.243, 95
Trd, 4318739.993, 93
Trd, 4318740.243, 93
Trd, 4318741.993, 94
Trd, 4318743.393, 94
Trd, 4318745.293, 104
Trd, 4318745.793, 94
Trd, 4318745.893, 126
Trd, 4318747.493, 103
Trd, 4318750.043, 99
Trd, 4318750.343, 98
Trd, 4318752.043, 100
Trd, 4318752.893, 95
Trd, 4318753.843, 101
Trd, 4318755.593, 102
Trd, 4318757.093, 101
Trd, 4318758.093, 100
Trd, 4318760.593, 99
Trd, 4318761.193, 100
Trd, 4318764.493, 100
Trd, 4318765.143, 99
Trd, 4318765.393, 100
Trd, 4318767.143, 98
Trd, 4318767.193, 100
Trd, 4318768.093, 98
Trd, 4318769.293, 94
Trd, 4318770.143, 96
Trd, 4318770.293, 78
Trd, 4318771.693, 94
Trd, 4318776.143, 92
Trd, 4318776.193, 91
Trd, 4318777.093, 90
Trd, 4318777.593, 91
Trd, 4318778.093, 90
Trd, 4318778.693, 95
Trd, 4318781.743, 96
Trd, 4318782.343, 94
Trd, 4318784.693, 96
Trd, 4318785.993, 99
Trd, 4318786.743, 96
Trd, 4318787.143, 97
Trd, 4318788.143, 104
Trd, 4318792.693, 98
Trd, 4318793.743, 96
Trd, 4318794.693, 96
Trd, 4318794.793, 97
Trd, 4318796.893, 96
Trd, 4318797.193, 97
Trd, 4318798.943, 97
Trd, 4318799.393, 85
Trd, 4318802.193, 94
Trd, 4318802.393, 95
Trd, 4318803.743, 93
Trd, 4318804.893, 94
Trd, 4318806.043, 94
Trd, 4318809.093, 94
Trd, 4318809.393, 95
Trd, 4318809.643, 95
Trd, 4318810.543, 93
Trd, 4318812.143, 94
Trd, 4318815.543, 94
Trd, 4318816.443, 92
Trd, 4318816.593, 94
Trd, 4318820.743, 92
Trd, 4318821.343, 93
Trd, 4318823.093, 92
Trd, 4318823.893, 93
Trd, 4318824.443, 95
Trd, 4318825.893, 104
Trd, 4318828.493, 94
Trd, 4318830.843, 96
Trd, 4318831.493, 94
Trd, 4318831.843, 96
Trd, 4318832.793, 95
Trd, 4318833.593, 93
Trd, 4318837.843, 93
Trd, 4318838.093, 94
Trd, 4318838.543, 94
Trd, 4318841.193, 92
Trd, 4318841.443, 94
Trd, 4318842.793, 79
Trd, 4318847.093, 92
Trd, 4318847.143, 95
Trd, 4318848.043, 89
Trd, 4318848.443, 93
Trd, 4318849.543, 88
Trd, 4318852.943, 92
Trd, 4318853.693, 92
Trd, 4318855.793, 93
Trd, 4318856.243, 94
Trd, 4318857.693, 93
Trd, 4318860.543, 94
Trd, 4318860.593, 92
Trd, 4318861.043, 95
Trd, 4318862.693, 95
Trd, 4318864.543, 94
Trd, 4318865.943, 95
Trd, 4318866.643, 95
Trd, 4318867.743, 104
Trd, 4318870.143, 103
Trd, 4318871.143, 102
Trd, 4318872.143, 94
Trd, 4318873.043, 103
Trd, 4318874.043, 102
Trd, 4318874.643, 98
Trd, 4318878.293, 102
Trd, 4318878.743, 102
Trd, 4318879.893, 102
Trd, 4318880.493, 102
Trd, 4318881.293, 101
Trd, 4318884.093, 102
Trd, 4318884.193, 102
Trd, 4318886.543, 99
Trd, 4318889.843, 100
Trd, 4318892.293, 100
Trd, 4318892.793, 98
Trd, 4318894.843, 100
Trd, 4318896.943, 100
Trd, 4318897.543, 103
Trd, 4318897.693, 101
Trd, 4318897.893, 104
Trd, 4318899.743, 116
Trd, 4318902.893, 102
Trd, 4318903.493, 103
Trd, 4318903.593, 102
Trd, 4318905.843, 101
Trd, 4318906.043, 102
Trd, 4318906.543, 104
Trd, 4318907.143, 101
Trd, 4318910.543, 102
Trd, 4318910.843, 101
Trd, 4318912.843, 105
Trd, 4318912.993, 105
Trd, 4318914.393, 101
Trd, 4318915.993, 105
Trd, 4318918.793, 105
Trd, 4318919.093, 99
Trd, 4318921.343, 100
Trd, 4318922.643, 100
Trd, 4318922.743, 98
Trd, 4318923.243, 99
Trd, 4318924.893, 99
Trd, 4318926.543, 114
Trd, 4318927.343, 102
Trd, 4318930.093, 102
Trd, 4318932.093, 102
Trd, 4318932.243, 101
Trd, 4318934.693, 94
Trd, 4318934.743, 98
Trd, 4318935.743, 98
Trd, 4318936.993, 97
Trd, 4318937.093, 97
Trd, 4318938.143, 114
Trd, 4318938.793, 96
Trd, 4318939.693, 104
Trd, 4318943.293, 101
Trd, 4318943.443, 101
Trd, 4318943.593, 96
Trd, 4318945.343, 100
Trd, 4318947.443, 100
Trd, 4318948.293, 95
Trd, 4318949.743, 96
Trd, 4318950.143, 96
Trd, 4318951.893, 97
Trd, 4318954.343, 97
Trd, 4318954.593, 105
Trd, 4318956.693, 95
Trd, 4318956.743, 97
Trd, 4318957.243, 94
Trd, 4318958.193, 93
Trd, 4318958.643, 95
Trd, 4318961.243, 99
Trd, 4318961.593, 104
Trd, 4318963.093, 101
Trd, 4318963.993, 100
Trd, 4318964.243, 104
Trd, 4318965.343, 100
Trd, 4318966.743, 99
Trd, 4318969.143, 99
Trd, 4318970.993, 98
Trd, 4318972.143, 97
Trd, 4318972.693, 98
Trd, 4318972.943, 98
Trd, 4318973.643, 97
Trd, 4318974.343, 98
Trd, 4318977.193, 99
Trd, 4318978.043, 98
Trd, 4318978.643, 99
Trd, 4318979.393, 99
Trd, 4318980.793, 104
Trd, 4318982.943, 98
Trd, 4318983.393, 99
Trd, 4318985.593, 98
Trd, 4318985.943, 97
Trd, 4318988.443, 96
Trd, 4318990.443, 97
Trd, 4318990.943, 99
Trd, 4318992.343, 98
Trd, 4318994.243, 96
Trd, 4318994.293, 98
Trd, 4318995.743, 98
Trd, 4318999.943, 98
Trd, 4319000.193, 105
Trd, 4319000.243, 96
Trd, 4319003.493, 98
Trd, 4319003.543, 99
Trd, 4319005.493, 95
Trd, 4319006.743, 105
Trd, 4319008.693, 101
Trd, 4319010.193, 100
Trd, 4319010.493, 101
Trd, 4319012.193, 99
Trd, 4319012.993, 96
Trd, 4319014.093, 97
Trd, 4319014.843, 95
Trd, 4319016.393, 97
Trd, 4319018.343, 98
Trd, 4319018.893, 104
Trd, 4319020.193, 96
Trd, 4319021.793, 95
Trd, 4319022.693, 96
Trd, 4319023.193, 94
Trd, 4319023.343, 95
Trd, 4319023.893, 96
Trd, 4319024.243, 92
Trd, 4319029.043, 92
Trd, 4319029.293, 94
Trd, 4319030.093, 91
Trd, 4319030.943, 91
Trd, 4319031.643, 92
Trd, 4319033.493, 95
Trd, 4319033.843, 93
Trd, 4319036.943, 93
Trd, 4319037.043, 104
Trd, 4319038.043, 99
Trd, 4319041.643, 96
Trd, 4319041.793, 96
Trd, 4319041.893, 94
Trd, 4319042.243, 93
Trd, 4319043.393, 95
Trd, 4319043.493, 95
Trd, 4319044.893, 93
Trd, 4319045.943, 93
Trd, 4319048.743, 93
Trd, 4319050.143, 92
Trd, 4319050.193, 91
Trd, 4319050.743, 95
Trd, 4319051.693, 95
Trd, 4319052.743, 114
Trd, 4319052.993, 91
Trd, 4319055.893, 97
Trd, 4319057.743, 95
Trd, 4319059.243, 95
Trd, 4319059.593, 96
Trd, 4319059.643, 96
Trd, 4319060.993, 97
Trd, 4319062.043, 94
Trd, 4319062.943, 94
Trd, 4319063.893, 94
Trd, 4319064.943, 93
Trd, 4319065.193, 95
Trd, 4319068.543, 100
Trd, 4319068.743, 99
Trd, 4319069.143, 107
Trd, 4319070.093, 100
Trd, 4319070.143, 98
Trd, 4319073.743, 99
Trd, 4319073.943, 99
Trd, 4319074.693, 98
Trd, 4319075.893, 97
Trd, 4319076.593, 97
Trd, 4319077.543, 96
Trd, 4319078.793, 99
Trd, 4319079.643, 97
Trd, 4319080.393, 99
Trd, 4319081.143, 114
Trd, 4319085.143, 99
Trd, 4319086.443, 99
Trd, 4319087.493, 99
Trd, 4319087.543, 97
Trd, 4319087.993, 99
Trd, 4319089.893, 98
Trd, 4319091.043, 95
Trd, 4319093.943, 96
Trd, 4319094.143, 97
Trd, 4319094.293, 99
Trd, 4319095.793, 95
Trd, 4319097.893, 97
Trd, 4319098.093, 98
Trd, 4319100.993, 97
Trd, 4319101.343, 103
Trd, 4319104.893, 97
Trd, 4319105.793, 100
Trd, 4319106.193, 115
Trd, 4319107.943, 98
Trd, 4319109.593, 97
Trd, 4319110.793, 97
Trd, 4319111.843, 97
Trd, 4319112.593, 96
Trd, 4319114.343, 97
Trd, 4319114.993, 97
Trd, 4319116.393, 101
Trd, 4319117.793, 96
Trd, 4319118.093, 98
Trd, 4319121.243, 97
Trd, 4319121.643, 98
Trd, 4319122.093, 98
Trd, 4319122.643, 94
Trd, 4319124.493, 101
Trd, 4319125.643, 104
Trd, 4319125.943, 95
Trd, 4319128.643, 98
Trd, 4319129.343, 96
Trd, 4319130.143, 96
Trd, 4319130.893, 96
Trd, 4319131.293, 95
Trd, 4319131.343, 96
Trd, 4319133.943, 96
Trd, 4319135.493, 96
Trd, 4319137.143, 96
Trd, 4319137.193, 102
Trd, 4319137.943, 96
Trd, 4319139.593, 97
Trd, 4319140.043, 105
Trd, 4319142.343, 95
Trd, 4319144.443, 98
Trd, 4319144.543, 95
Trd, 4319145.043, 99
Trd, 4319147.893, 99
Trd, 4319148.643, 98
Trd, 4319150.843, 99
Trd, 4319151.993, 97
Trd, 4319152.193, 99
Trd, 4319154.843, 98
Trd, 4319155.693, 94
Trd, 4319157.093, 92
Trd, 4319157.543, 94
Trd, 4319158.393, 98
Trd, 4319158.843, 95
Trd, 4319161.043, 115
Trd, 4319162.443, 98
Trd, 4319163.243, 102
Trd, 4319165.443, 100
Trd, 4319166.443, 100
Trd, 4319166.543, 96
Trd, 4319168.793, 98
Trd, 4319170.243, 97
Trd, 4319170.293, 96
Trd, 4319170.493, 98
Trd, 4319172.643, 96
Trd, 4319173.243, 95
Trd, 4319174.193, 98
Trd, 4319176.593, 98
Trd, 4319178.193, 98
Trd, 4319179.943, 94
Trd, 4319181.743, 95
Trd, 4319182.893, 95
Trd, 4319183.993, 94
Trd, 4319184.343, 96
Trd, 4319186.393, 96
Trd, 4319188.543, 93
Trd, 4319189.693, 93
Trd, 4319190.343, 94
Trd, 4319191.793, 95
Trd, 4319193.443, 99
Trd, 4319193.793, 96
Trd, 4319195.743, 97
Trd, 4319197.343, 96
Trd, 4319198.393, 96
Trd, 4319199.443, 104
Trd, 4319200.693, 100
Trd, 4319200.843, 96
Trd, 4319201.043, 104
Trd, 4319201.193, 94
Trd, 4319201.693, 105
Trd, 4319205.843, 99
Trd, 4319206.643, 98
Trd, 4319208.243, 99
Trd, 4319208.893, 98
Trd, 4319209.343, 98
Trd, 4319209.943, 100
Trd, 4319211.493, 97
Trd, 4319214.143, 99
Trd, 4319214.743, 99
Trd, 4319216.893, 100
Trd, 4319219.143, 98
Trd, 4319219.443, 98
Trd, 4319220.043, 97
Trd, 4319221.793, 96
Trd, 4319223.143, 96
Trd, 4319223.943, 96
Trd, 4319224.943, 95
Trd, 4319225.443, 104
Trd, 4319225.493, 94
Trd, 4319225.943, 85
Trd, 4319226.943, 115
Trd, 4319227.693, 109
Trd, 4319231.993, 101
Trd, 4319232.493, 101
Trd, 4319233.993, 100
Trd, 4319234.693, 101
Trd, 4319235.543, 99
Trd, 4319235.593, 101
Trd, 4319237.343, 99
Trd, 4319238.543, 100
Trd, 4319239.493, 99
Trd, 4319239.893, 97
Trd, 4319240.543, 104
Trd, 4319243.193, 99
Trd, 4319243.893, 99
Trd, 4319244.093, 100
Trd, 4319245.543, 98
Trd, 4319246.793, 97
Trd, 4319247.493, 99
Trd, 4319248.193, 95
Trd, 4319251.393, 94
Trd, 4319252.443, 96
Trd, 4319252.743, 96
Trd, 4319254.543, 116
Trd, 4319255.843, 101
Trd, 4319256.293, 95
Trd, 4319258.093, 99
Trd, 4319258.693, 99
Trd, 4319259.793, 99
Trd, 4319260.143, 99
Trd, 4319261.393, 97
Trd, 4319262.543, 96
Trd, 4319262.743, 97
Trd, 4319264.643, 95
Trd, 4319264.893, 98
Trd, 4319266.893, 94
Trd, 4319267.543, 96
Trd, 4319267.643, 104
Trd, 4319270.393, 93
Trd, 4319272.293, 97
Trd, 4319273.143, 96
Trd, 4319274.243, 95
Trd, 4319274.793, 94
Trd, 4319275.793, 93
Trd, 4319275.993, 93
Trd, 4319279.143, 92
Trd, 4319280.693, 92
Trd, 4319281.743, 92
Trd, 4319281.893, 94
Trd, 4319285.843, 94
Trd, 4319285.943, 94
Trd, 4319286.393, 91
Trd, 4319287.693, 93
Trd, 4319289.343, 94
Trd, 4319291.293, 91
Trd, 4319291.743, 94
Trd, 4319292.893, 94
Trd, 4319294.043, 95
Trd, 4319295.043, 101
Trd, 4319295.443, 117
Trd, 4319297.043, 107
Trd, 4319297.493, 107
Trd, 4319299.443, 104
Trd, 4319299.793, 106
Trd, 4319300.193, 105
Trd, 4319300.443, 104
Trd, 4319301.093, 103
Trd, 4319303.993, 103
Trd, 4319305.893, 104
Trd, 4319307.093, 104
Trd, 4319308.143, 103
Trd, 4319308.793, 104
Trd, 4319309.893, 103
Trd, 4319312.043, 103
Trd, 4319312.593, 104
Trd, 4319315.193, 103
Trd, 4319315.993, 101
Trd, 4319318.543, 102
Trd, 4319319.593, 102
Trd, 4319321.393, 101
Trd, 4319322.043, 102
Trd, 4319323.143, 100
Trd, 4319324.093, 102
Trd, 4319325.493, 102
Trd, 4319327.743, 99
Trd, 4319328.043, 99
Trd, 4319329.743, 99
Trd, 4319330.343, 104
Trd, 4319331.593, 110
Trd, 4319332.693, 99
Trd, 4319334.943, 100
Trd, 4319335.943, 100
Trd, 4319336.643, 100
Trd, 4319337.143, 97
Trd, 4319339.093, 103
Trd, 4319341.493, 97
Trd, 4319343.243, 99
Trd, 4319344.743, 99
Trd, 4319345.343, 97
Trd, 4319346.493, 99
Trd, 4319348.243, 98
Trd, 4319350.343, 98
Trd, 4319352.343, 97
Trd, 4319352.893, 104
Trd, 4319353.043, 96
Trd, 4319354.743, 99
Trd, 4319356.343, 96
Trd, 4319357.643, 96
Trd, 4319359.093, 96
Trd, 4319360.143, 95
Trd, 4319361.893, 94
Trd, 4319362.443, 96
Trd, 4319362.693, 96
Trd, 4319363.443, 96
Trd, 4319367.043, 96
Trd, 4319367.543, 95
Trd, 4319367.593, 97
Trd, 4319368.893, 96
Trd, 4319371.043, 94
Trd, 4319372.543, 95
Trd, 4319373.043, 95
Trd, 4319373.743, 96
Trd, 4319374.793, 96
Trd, 4319376.543, 101
Trd, 4319377.343, 99
Trd, 4319378.693, 98
Trd, 4319379.443, 96
Trd, 4319379.693, 104
Trd, 4319379.893, 96
Trd, 4319381.243, 100
Trd, 4319382.443, 100
Trd, 4319383.293, 98
Trd, 4319383.493, 96
Trd, 4319385.443, 99
Trd, 4319386.093, 100
Trd, 4319386.493, 98
Trd, 4319387.643, 105
Trd, 4319391.143, 100
Trd, 4319391.193, 94
Trd, 4319392.843, 100
Trd, 4319394.343, 98
Trd, 4319396.043, 100
Trd, 4319397.343, 104
Trd, 4319398.793, 98
Trd, 4319399.243, 98
Trd, 4319399.493, 98
Trd, 4319400.093, 95
Trd, 4319400.993, 98
Trd, 4319402.393, 98
Trd, 4319406.093, 97
Trd, 4319407.043, 96
Trd, 4319407.243, 95
Trd, 4319407.543, 95
Trd, 4319409.093, 95
Trd, 4319409.893, 95
Trd, 4319411.043, 94
Trd, 4319412.593, 83
Trd, 4319412.993, 84
Trd, 4319413.443, 86
Trd, 4319414.393, 83
Trd, 4319415.943, 95
Trd, 4319418.993, 91
Trd, 4319419.343, 113
Trd, 4319420.143, 97
Trd, 4319421.593, 103
Trd, 4319422.093, 103
Trd, 4319423.443, 103
Trd, 4319423.493, 104
Trd, 4319425.293, 105
Trd, 4319427.493, 102
Trd, 4319429.343, 103
Trd, 4319430.243, 103
Trd, 4319430.493, 102
Trd, 4319432.043, 104
Trd, 4319432.293, 102
Trd, 4319434.993, 103
Trd, 4319436.593, 102
Trd, 4319436.643, 100
Trd, 4319436.843, 99
Trd, 4319436.993, 94
Trd, 4319440.593, 99
Trd, 4319441.443, 96
Trd, 4319441.493, 104
Trd, 4319444.993, 99
Trd, 4319445.893, 98
Trd, 4319446.293, 100
Trd, 4319449.943, 99
Trd, 4319451.693, 99
Trd, 4319451.943, 97
Trd, 4319452.443, 96
Trd, 4319452.793, 100
Trd, 4319455.943, 98
Trd, 4319456.343, 96
Trd, 4319459.893, 95
Trd, 4319459.943, 98
Trd, 4319459.993, 95
Trd, 4319461.943, 98
Trd, 4319464.143, 94
Trd, 4319464.643, 94
Trd, 4319465.143, 94
Trd, 4319465.593, 97
Trd, 4319467.393, 95
Trd, 4319467.893, 96
Trd, 4319469.243, 105
Trd, 4319470.243, 98
Trd, 4319470.543, 95
Trd, 4319472.393, 96
Trd, 4319473.793, 95
Trd, 4319474.543, 96
Trd, 4319475.943, 96
Trd, 4319477.593, 94
Trd, 4319479.743, 96
Trd, 4319480.293, 96
Trd, 4319481.743, 95
Trd, 4319483.543, 92
Trd, 4319484.543, 92
Trd, 4319484.793, 94
Trd, 4319486.393, 92
Trd, 4319486.543, 95
Trd, 4319488.493, 92
Trd, 4319488.993, 94
Trd, 4319492.893, 94
Trd, 4319493.093, 93
Trd, 4319493.193, 94
Trd, 4319496.143, 92
Trd, 4319499.193, 92
Trd, 4319499.543, 93
Trd, 4319500.843, 91
Trd, 4319501.143, 91
Trd, 4319502.343, 92
Trd, 4319504.143, 90
Trd, 4319504.643, 89
Trd, 4319506.343, 90
Trd, 4319507.193, 91
Trd, 4319509.293, 89
Trd, 4319509.993, 91
Trd, 4319512.293, 91
Trd, 4319513.593, 93
Trd, 4319514.293, 95
Trd, 4319514.943, 94
Trd, 4319516.443, 99
Trd, 4319518.343, 100
Trd, 4319519.393, 99
Trd, 4319519.943, 104
Trd, 4319520.543, 105
Trd, 4319523.293, 103
Trd, 4319523.643, 131
Trd, 4319524.893, 110
Trd, 4319526.743, 102
Trd, 4319528.093, 101
Trd, 4319529.093, 100
Trd, 4319531.243, 101
Trd, 4319531.743, 102
Trd, 4319532.543, 104
Trd, 4319533.293, 99
Trd, 4319535.493, 102
Trd, 4319536.593, 100
Trd, 4319537.143, 99
Trd, 4319539.243, 100
Trd, 4319541.143, 99
Trd, 4319541.343, 98
Trd, 4319542.393, 97
Trd, 4319543.293, 104
Trd, 4319543.693, 96
Trd, 4319545.443, 100
Trd, 4319546.543, 98
Trd, 4319548.543, 99
Trd, 4319549.443, 99
Trd, 4319550.043, 98
Trd, 4319551.743, 98
Trd, 4319552.043, 98
Trd, 4319552.243, 97
Trd, 4319554.593, 98
Trd, 4319554.843, 96
Trd, 4319555.743, 95
Trd, 4319556.793, 94
Trd, 4319557.893, 85
Trd, 4319559.493, 91
Trd, 4319560.943, 93
Trd, 4319561.793, 95
Trd, 4319561.843, 105
Trd, 4319563.443, 99
Trd, 4319564.893, 91
Trd, 4319568.693, 93
Trd, 4319569.293, 93
Trd, 4319569.443, 92
Trd, 4319570.193, 95
Trd, 4319571.643, 91
Trd, 4319572.793, 91
Trd, 4319573.293, 91
Trd, 4319575.743, 90
Trd, 4319577.493, 91
Trd, 4319579.443, 91
Trd, 4319580.093, 91
Trd, 4319581.893, 94
Trd, 4319583.293, 90
Trd, 4319584.343, 93
Trd, 4319587.093, 90
Trd, 4319587.593, 93
Trd, 4319588.343, 91
Trd, 4319590.343, 92
Trd, 4319590.393, 95
Trd, 4319593.543, 91
Trd, 4319594.043, 92
Trd, 4319596.143, 90
Trd, 4319596.893, 91
Trd, 4319597.543, 92
Trd, 4319599.443, 92
Trd, 4319601.243, 91
Trd, 4319602.293, 93
Trd, 4319603.043, 95
Trd, 4319605.893, 93
Trd, 4319606.543, 93
Trd, 4319607.343, 91
Trd, 4319608.643, 93
Trd, 4319610.043, 92
Trd, 4319610.793, 93
Trd, 4319611.493, 95
Trd, 4319613.393, 91
Trd, 4319614.793, 115
Trd, 4319615.343, 99
Trd, 4319617.543, 99
Trd, 4319618.693, 104
Trd, 4319620.293, 100
Trd, 4319621.143, 101
Trd, 4319621.193, 104
Trd, 4319623.193, 96
Trd, 4319623.793, 102
Trd, 4319627.143, 100
Trd, 4319627.643, 100
Trd, 4319627.693, 100
Trd, 4319627.843, 104
Trd, 4319628.693, 116
Trd, 4319628.793, 94
Trd, 4319630.743, 106
Trd, 4319632.193, 106
Trd, 4319633.943, 100
Trd, 4319635.493, 103
Trd, 4319637.293, 103
Trd, 4319637.393, 99
Trd, 4319641.343, 98
Trd, 4319641.693, 97
Trd, 4319642.193, 98
Trd, 4319644.493, 95
Trd, 4319645.543, 95
Trd, 4319645.893, 97
Trd, 4319646.293, 96
Trd, 4319647.393, 98
Trd, 4319650.243, 97
Trd, 4319651.493, 94
Trd, 4319653.393, 96
Trd, 4319654.193, 96
Trd, 4319654.893, 95
Trd, 4319656.093, 95
Trd, 4319657.543, 96
Trd, 4319658.243, 96
Trd, 4319659.593, 95
Trd, 4319659.843, 94
Trd, 4319660.243, 96
Trd, 4319660.543, 97
Trd, 4319663.343, 94
Trd, 4319664.843, 98
Trd, 4319665.493, 97
Trd, 4319666.393, 95
Trd, 4319667.193, 96
Trd, 4319668.943, 95
Trd, 4319670.443, 95
Trd, 4319671.393, 96
Trd, 4319672.843, 94
Trd, 4319674.943, 96
Trd, 4319676.693, 94
Trd, 4319677.093, 95
Trd, 4319678.893, 94
Trd, 4319680.693, 96
Trd, 4319681.593, 93
Trd, 4319683.193, 96
Trd, 4319683.593, 97
Trd, 4319685.093, 93
Trd, 4319686.543, 93
Trd, 4319686.893, 95
Trd, 4319688.443, 92
Trd, 4319688.643, 95
Trd, 4319691.393, 94
Trd, 4319691.593, 95
Trd, 4319692.443, 95
Trd, 4319692.493, 93
Trd, 4319694.993, 95
Trd, 4319696.293, 77
Trd, 4319697.143, 101
Trd, 4319697.793, 100
Trd, 4319701.843, 93
Trd, 4319703.043, 94
Trd, 4319703.943, 104
Trd, 4319704.943, 92
Trd, 4319707.643, 91
Trd, 4319707.743, 94
Trd, 4319710.693, 94
Trd, 4319711.343, 94
Trd, 4319713.143, 95
Trd, 4319714.193, 96
Trd, 4319714.693, 103
Trd, 4319715.343, 98
Trd, 4319716.293, 100
Trd, 4319717.693, 98
Trd, 4319717.893, 103
Trd, 4319722.393, 101
Trd, 4319723.043, 101
Trd, 4319724.943, 99
Trd, 4319726.093, 74
Trd, 4319726.143, 92
Trd, 4319726.993, 91
Trd, 4319727.643, 97
Trd, 4319728.443, 104
Trd, 4319729.643, 96
Trd, 4319731.093, 115
Trd, 4319732.043, 105
Trd, 4319735.693, 103
Trd, 4319737.593, 103
Trd, 4319737.793, 101
Trd, 4319739.793, 100
Trd, 4319740.593, 94
Trd, 4319741.193, 101
Trd, 4319743.043, 101
Trd, 4319743.193, 101
Trd, 4319746.343, 99
Trd, 4319747.693, 98
Trd, 4319748.543, 100
Trd, 4319750.493, 100
Trd, 4319751.593, 100
Trd, 4319751.843, 99
Trd, 4319753.543, 99
Trd, 4319753.793, 100
Trd, 4319754.543, 100
Trd, 4319759.293, 94
Trd, 4319759.743, 96
Trd, 4319760.143, 96
Trd, 4319760.343, 95
Trd, 4319761.843, 95
Trd, 4319762.793, 97
Trd, 4319764.543, 102
Trd, 4319765.593, 102
Trd, 4319765.993, 102
Trd, 4319766.393, 104
Trd, 4319766.593, 101
Trd, 4319767.593, 114
Trd, 4319770.993, 100
Trd, 4319771.043, 104
Trd, 4319772.043, 103
Trd, 4319773.993, 101
Trd, 4319774.293, 101
Trd, 4319775.143, 99
Trd, 4319775.393, 100
Trd, 4319776.043, 85
Trd, 4319776.693, 101
Trd, 4319780.093, 97
Trd, 4319780.493, 97
Trd, 4319782.693, 96
Trd, 4319785.893, 96
Trd, 4319786.143, 97
Trd, 4319788.143, 96
Trd, 4319788.493, 95
Trd, 4319789.293, 96
Trd, 4319791.893, 96
Trd, 4319792.493, 94
Trd, 4319794.493, 95
Trd, 4319794.643, 95
Trd, 4319795.393, 104
Trd, 4319795.693, 122
Trd, 4319797.093, 112
Trd, 4319798.093, 95
Trd, 4319802.243, 103
Trd, 4319805.393, 101
Trd, 4319806.243, 103
Trd, 4319806.393, 102
Trd, 4319806.643, 100
Trd, 4319807.093, 102
Trd, 4319809.443, 131
Trd, 4319810.293, 104
Trd, 4319811.293, 111
Trd, 4319814.293, 109
Trd, 4319815.293, 103
Trd, 4319817.843, 105
Trd, 4319818.443, 106
Trd, 4319820.543, 103
Trd, 4319822.243, 105
Trd, 4319823.943, 104
Trd, 4319824.843, 103
Trd, 4319825.843, 102
Trd, 4319826.343, 95
Trd, 4319830.593, 101
Trd, 4319831.393, 97
Trd, 4319831.693, 100
Trd, 4319833.143, 101
Trd, 4319834.693, 101
Trd, 4319835.393, 101
Trd, 4319836.093, 101
Trd, 4319836.893, 94
Trd, 4319838.443, 95
Trd, 4319838.793, 100
Trd, 4319841.593, 99
Trd, 4319842.343, 98
Trd, 4319843.243, 98
Trd, 4319843.543, 99
Trd, 4319844.643, 98
Trd, 4319845.643, 95
Trd, 4319848.043, 94
Trd, 4319850.243, 98
Trd, 4319851.243, 97
Trd, 4319853.593, 97
Trd, 4319854.243, 97
Trd, 4319855.343, 102
Trd, 4319856.543, 98
Trd, 4319857.793, 85
Trd, 4319859.193, 98
Trd, 4319862.293, 96
Trd, 4319862.693, 97
Trd, 4319863.093, 95
Trd, 4319864.993, 96
Trd, 4319866.293, 97
Trd, 4319867.793, 95
Trd, 4319869.693, 97
Trd, 4319870.143, 113
Trd, 4319872.493, 96
Trd, 4319872.893, 94
Trd, 4319874.343, 94
Trd, 4319874.643, 96
Trd, 4319875.893, 89
Trd, 4319877.093, 88
Trd, 4319878.343, 92
Trd, 4319879.593, 91
Trd, 4319880.143, 96
Trd, 4319882.143, 104
Trd, 4319882.193, 98
Trd, 4319883.093, 98
Trd, 4319883.543, 98
Trd, 4319885.243, 99
Trd, 4319886.243, 97
Trd, 4319887.393, 98
Trd, 4319889.293, 98
Trd, 4319891.093, 97
Trd, 4319892.743, 96
Trd, 4319893.843, 96
Trd, 4319893.993, 98
Trd, 4319896.393, 96
Trd, 4319897.093, 96
Trd, 4319898.443, 96
Trd, 4319898.743, 96
Trd, 4319900.093, 95
Trd, 4319901.443, 94
Trd, 4319902.793, 95
Trd, 4319905.093, 94
Trd, 4319905.443, 95
Trd, 4319906.193, 93
Trd, 4319906.943, 95
Trd, 4319907.543, 95
Trd, 4319909.143, 95
Trd, 4319909.743, 93
Trd, 4319912.143, 112
Trd, 4319914.793, 98
Trd, 4319916.093, 97
Trd, 4319916.793, 97
Trd, 4319919.143, 98
Trd, 4319919.393, 98
Trd, 4319919.493, 113
Trd, 4319920.743, 96
Trd, 4319921.693, 107
Trd, 4319923.393, 102
Trd, 4319923.943, 100
Trd, 4319925.593, 100
Trd, 4319925.893, 103
Trd, 4319926.543, 113
Trd, 4319926.993, 98
Trd, 4319929.943, 101
Trd, 4319930.643, 101
Trd, 4319932.793, 99
Trd, 4319934.343, 99
Trd, 4319935.643, 100
Trd, 4319936.493, 104
Trd, 4319937.643, 99
Trd, 4319938.343, 101
Trd, 4319941.543, 101
Trd, 4319941.693, 94
Trd, 4319944.593, 101
Trd, 4319944.693, 101
Trd, 4319945.493, 101
Trd, 4319946.443, 105
Trd, 4319948.343, 100
Trd, 4319949.443, 100
Trd, 4319951.793, 100
Trd, 4319952.243, 99
Trd, 4319952.893, 99
Trd, 4319954.893, 99
Trd, 4319955.543, 98
Trd, 4319955.793, 99
Trd, 4319958.543, 98
Trd, 4319960.343, 97
Trd, 4319960.593, 98
Trd, 4319962.493, 98
Trd, 4319963.643, 97
Trd, 4319964.593, 99
Trd, 4319965.743, 99
Trd, 4319965.793, 104
Trd, 4319966.443, 102
Trd, 4319968.993, 102
Trd, 4319969.793, 101
Trd, 4319970.393, 100
Trd, 4319971.643, 99
Trd, 4319972.943, 99
Trd, 4319974.143, 98
Trd, 4319974.643, 99
Trd, 4319974.743, 97
Trd, 4319976.993, 99
Trd, 4319978.443, 96
Trd, 4319978.843, 103
Trd, 4319978.943, 104
Trd, 4319980.993, 113
Trd, 4319982.343, 103
Trd, 4319983.043, 100
Trd, 4319983.993, 98
Trd, 4319985.493, 98
Trd, 4319986.093, 97
Trd, 4319986.443, 94
Trd, 4319987.043, 99
Trd, 4319989.693, 96
Trd, 4319990.193, 96
Trd, 4319990.893, 96
Trd, 4319991.643, 95
Trd, 4319991.843, 104
Trd, 4319995.343, 100
Trd, 4319996.943, 97
Trd, 4319998.393, 101
Trd, 4319998.693, 99
Trd, 4319999.593, 103
