Trd, 4317885.093, 103
Trd, 4317885.893, 98
Trd, 4317886.393, 96
Trd, 4317888.293, 99
Trd, 4317890.943, 98
Trd, 4317891.043, 98
Trd, 4317893.043, 98
Trd, 4317893.693, 99
Trd, 4317894.293, 98
Trd, 4317896.743, 97
Trd, 4317897.143, 104
Trd, 4317897.893, 102
Trd, 4317899.893, 102
Trd, 4317900.993, 101
Trd, 4317902.293, 101
Trd, 4317903.243, 104
Trd, 4317903.293, 112
Trd, 4317903.593, 102
Trd, 4317906.543, 99
Trd, 4317907.343, 103
Trd, 4317907.943, 102
Trd, 4317908.943, 101
Trd, 4317911.043, 104
Trd, 4317911.793, 101
Trd, 4317915.543, 100
Trd, 4317915.593, 100
Trd, 4317915.943, 94
Trd, 4317917.343, 97
Trd, 4317917.393, 82
Trd, 4317920.143, 95
Trd, 4317921.143, 94
Trd, 4317921.793, 94
Trd, 4317922.993, 93
Trd, 4317923.443, 93
Trd, 4317924.743, 94
Trd, 4317925.243, 94
Trd, 4317927.593, 94
Trd, 4317929.993, 94
Trd, 4317930.193, 93
Trd, 4317930.643, 100
Trd, 4317932.193, 96
Trd, 4317933.593, 96
Trd, 4317934.393, 97
Trd, 4317935.543, 94
Trd, 4317936.543, 96
Trd, 4317936.943, 96
Trd, 4317938.093, 93
Trd, 4317938.593, 104
Trd, 4317940.393, 93
Trd, 4317941.543, 92
Trd, 4317944.393, 92
Trd, 4317945.293, 92
Trd, 4317945.693, 91
Trd, 4317945.993, 93
Trd, 4317946.443, 90
Trd, 4317947.943, 98
Trd, 4317951.093, 92
Trd, 4317953.343, 91
Trd, 4317954.243, 95
Trd, 4317954.593, 90
Trd, 4317956.293, 89
Trd, 4317957.743, 89
Trd, 4317959.793, 89
Trd, 4317961.593, 92
Trd, 4317962.343, 91
Trd, 4317963.193, 91
Trd, 4317963.743, 90
Trd, 4317964.793, 91
Trd, 4317966.893, 102
Trd, 4317968.793, 97
Trd, 4317971.793, 95
Trd, 4317972.293, 95
Trd, 4317972.893, 94
Trd, 4317975.943, 94
Trd, 4317976.093, 95
Trd, 4317978.143, 101
Trd, 4317979.543, 98
Trd, 4317980.943, 98
Trd, 4317980.993, 96
Trd, 4317982.143, 99
Trd, 4317983.543, 100
Trd, 4317984.543, 97
Trd, 4317986.193, 97
Trd, 4317986.893, 96
Trd, 4317987.943, 96
Trd, 4317988.093, 95
Trd, 4317989.393, 95
Trd, 4317990.893, 97
Trd, 4317992.043, 96
Trd, 4317992.593, 94
Trd, 4317996.193, 98
Trd, 4317996.293, 97
Trd, 4317996.643, 97
Trd, 4317998.443, 95
Trd, 4317999.493, 94
Trd, 4318000.343, 94
Trd, 4318001.643, 95
Trd, 4318002.943, 95
Trd, 4318003.393, 93
Trd, 4318003.843, 93
Trd, 4318004.493, 92
Trd, 4318005.393, 93
Trd, 4318006.993, 93
Trd, 4318009.143, 95
Trd, 4318010.393, 95
Trd, 4318012.043, 94
Trd, 4318012.693, 95
Trd, 4318013.143, 94
Trd, 4318014.293, 104
Trd, 4318016.643, 95
Trd, 4318018.493, 95
Trd, 4318018.643, 94
Trd, 4318019.593, 93
Trd, 4318020.443, 95
Trd, 4318022.143, 94
Trd, 4318022.293, 92
Trd, 4318024.743, 93
Trd, 4318024.843, 100
Trd, 4318028.543, 99
Trd, 4318030.393, 98
Trd, 4318030.743, 98
Trd, 4318030.793, 94
Trd, 4318031.993, 95
Trd, 4318032.343, 77
Trd, 4318034.043, 87
Trd, 4318035.093, 86
Trd, 4318037.193, 87
Trd, 4318037.643, 86
Trd, 4318039.243, 89
Trd, 4318040.643, 89
Trd, 4318042.443, 92
Trd, 4318042.643, 90
Trd, 4318043.243, 94
Trd, 4318045.493, 90
Trd, 4318047.593, 94
Trd, 4318048.543, 89
Trd, 4318049.293, 95
Trd, 4318049.593, 94
Trd, 4318050.693, 97
Trd, 4318053.143, 95
Trd, 4318053.393, 95
Trd, 4318055.193, 94
Trd, 4318055.243, 96
Trd, 4318058.843, 95
Trd, 4318059.093, 95
Trd, 4318062.693, 94
Trd, 4318063.343, 94
Trd, 4318063.693, 95
Trd, 4318064.093, 93
Trd, 4318064.993, 95
Trd, 4318067.143, 97
Trd, 4318068.193, 97
Trd, 4318069.693, 96
Trd, 4318070.343, 95
Trd, 4318072.643, 96
Trd, 4318073.143, 95
Trd, 4318073.393, 104
Trd, 4318074.243, 95
Trd, 4318074.493, 95
Trd, 4318077.193, 95
Trd, 4318077.543, 96
Trd, 4318078.643, 93
Trd, 4318079.493, 96
Trd, 4318080.593, 94
Trd, 4318081.743, 93
Trd, 4318085.643, 99
Trd, 4318086.193, 97
Trd, 4318086.343, 100
Trd, 4318086.993, 94
Trd, 4318088.143, 95
Trd, 4318089.493, 94
Trd, 4318092.293, 98
Trd, 4318094.743, 95
Trd, 4318094.943, 95
Trd, 4318096.343, 94
Trd, 4318096.793, 95
Trd, 4318097.343, 96
Trd, 4318098.343, 94
Trd, 4318100.293, 93
Trd, 4318101.343, 94
Trd, 4318102.543, 95
Trd, 4318104.393, 93
Trd, 4318105.943, 95
Trd, 4318106.993, 94
Trd, 4318107.693, 94
Trd, 4318108.593, 93
Trd, 4318109.493, 95
Trd, 4318112.043, 99
Trd, 4318113.443, 98
Trd, 4318114.043, 96
Trd, 4318114.193, 99
Trd, 4318114.793, 97
Trd, 4318116.643, 94
Trd, 4318116.993, 95
Trd, 4318117.493, 95
Trd, 4318118.893, 95
Trd, 4318118.943, 94
Trd, 4318122.643, 95
Trd, 4318123.293, 94
Trd, 4318123.843, 93
Trd, 4318124.193, 104
Trd, 4318126.493, 93
Trd, 4318127.743, 101
Trd, 4318127.893, 95
Trd, 4318128.143, 94
Trd, 4318130.393, 99
Trd, 4318133.043, 97
Trd, 4318133.393, 95
Trd, 4318136.093, 95
Trd, 4318136.943, 94
Trd, 4318137.743, 95
Trd, 4318138.093, 94
Trd, 4318140.393, 97
Trd, 4318140.693, 93
Trd, 4318142.243, 93
Trd, 4318145.293, 95
Trd, 4318147.493, 93
Trd, 4318149.643, 93
Trd, 4318149.943, 92
Trd, 4318151.643, 93
Trd, 4318151.843, 91
Trd, 4318154.243, 92
Trd, 4318156.943, 91
Trd, 4318157.143, 92
Trd, 4318158.293, 94
Trd, 4318159.293, 95
Trd, 4318160.993, 95
Trd, 4318162.643, 98
Trd, 4318163.893, 96
Trd, 4318165.293, 100
Trd, 4318165.743, 95
Trd, 4318166.293, 95
Trd, 4318168.943, 99
Trd, 4318169.193, 100
Trd, 4318173.193, 96
Trd, 4318173.393, 97
Trd, 4318174.793, 96
Trd, 4318175.993, 98
Trd, 4318176.693, 102
Trd, 4318179.643, 98
Trd, 4318180.643, 96
Trd, 4318180.993, 97
Trd, 4318181.193, 95
Trd, 4318182.493, 96
Trd, 4318184.493, 96
Trd, 4318185.093, 101
Trd, 4318186.243, 94
Trd, 4318187.543, 95
Trd, 4318188.793, 99
Trd, 4318192.093, 99
Trd, 4318193.693, 97
Trd, 4318195.243, 97
Trd, 4318195.743, 94
Trd, 4318195.843, 98
Trd, 4318197.293, 95
Trd, 4318197.843, 93
Trd, 4318200.193, 93
Trd, 4318200.793, 95
Trd, 4318200.993, 92
Trd, 4318201.343, 91
Trd, 4318204.193, 94
Trd, 4318208.143, 96
Trd, 4318208.493, 97
Trd, 4318208.693, 95
Trd, 4318210.743, 96
Trd, 4318211.793, 95
Trd, 4318212.093, 95
Trd, 4318215.143, 95
Trd, 4318216.593, 95
Trd, 4318217.243, 95
Trd, 4318217.493, 94
Trd, 4318220.143, 93
Trd, 4318220.593, 95
Trd, 4318221.943, 94
Trd, 4318225.393, 92
Trd, 4318227.493, 94
Trd, 4318227.543, 92
Trd, 4318229.843, 94
Trd, 4318233.793, 94
Trd, 4318234.293, 92
Trd, 4318235.293, 91
Trd, 4318235.593, 90
Trd, 4318236.493, 95
Trd, 4318237.493, 91
Trd, 4318239.293, 94
Trd, 4318239.493, 92
Trd, 4318239.943, 94
Trd, 4318242.443, 92
Trd, 4318243.943, 92
Trd, 4318244.143, 91
Trd, 4318246.843, 93
Trd, 4318248.793, 93
Trd, 4318249.643, 94
Trd, 4318251.993, 94
Trd, 4318252.043, 93
Trd, 4318252.593, 95
Trd, 4318253.243, 94
Trd, 4318254.343, 95
Trd, 4318257.593, 94
Trd, 4318257.943, 94
Trd, 4318260.293, 95
Trd, 4318261.693, 96
Trd, 4318262.493, 102
Trd, 4318264.743, 98
Trd, 4318266.493, 96
Trd, 4318266.543, 95
Trd, 4318267.793, 95
Trd, 4318268.043, 94
Trd, 4318268.943, 103
Trd, 4318270.543, 94
Trd, 4318272.043, 94
Trd, 4318273.893, 103
Trd, 4318276.093, 99
Trd, 4318277.843, 99
Trd, 4318279.493, 98
Trd, 4318279.693, 101
Trd, 4318282.243, 102
Trd, 4318284.643, 98
Trd, 4318285.793, 98
Trd, 4318286.193, 97
Trd, 4318287.793, 96
Trd, 4318288.393, 95
Trd, 4318288.943, 96
Trd, 4318290.643, 94
Trd, 4318292.693, 95
Trd, 4318293.493, 97
Trd, 4318294.143, 97
Trd, 4318295.743, 96
Trd, 4318296.643, 98
Trd, 4318298.693, 95
Trd, 4318299.493, 94
Trd, 4318301.543, 95
Trd, 4318302.043, 96
Trd, 4318302.793, 96
Trd, 4318305.493, 100
Trd, 4318306.343, 101
Trd, 4318307.993, 100
Trd, 4318308.193, 98
Trd, 4318310.093, 98
Trd, 4318311.343, 97
Trd, 4318313.243, 98
Trd, 4318315.493, 95
Trd, 4318315.893, 96
Trd, 4318316.243, 95
Trd, 4318316.493, 96
Trd, 4318317.393, 94
Trd, 4318318.393, 94
Trd, 4318318.793, 93
Trd, 4318321.643, 102
Trd, 4318322.443, 99
Trd, 4318322.493, 100
Trd, 4318326.043, 102
Trd, 4318326.593, 99
Trd, 4318327.893, 100
Trd, 4318329.293, 99
Trd, 4318329.443, 97
Trd, 4318331.243, 98
Trd, 4318332.043, 98
Trd, 4318332.793, 96
Trd, 4318332.943, 97
Trd, 4318334.843, 94
Trd, 4318335.643, 85
Trd, 4318338.943, 96
Trd, 4318341.743, 95
Trd, 4318342.343, 93
Trd, 4318342.743, 96
Trd, 4318344.993, 93
Trd, 4318346.193, 95
Trd, 4318346.893, 96
Trd, 4318350.593, 95
Trd, 4318350.893, 96
Trd, 4318352.343, 94
Trd, 4318352.493, 94
Trd, 4318353.293, 94
Trd, 4318355.893, 93
Trd, 4318356.343, 93
Trd, 4318358.993, 92
Trd, 4318360.293, 94
Trd, 4318360.743, 94
Trd, 4318363.243, 92
Trd, 4318364.593, 94
Trd, 4318365.743, 93
Trd, 4318366.493, 92
Trd, 4318368.293, 92
Trd, 4318368.893, 91
Trd, 4318370.893, 90
Trd, 4318371.643, 92
Trd, 4318371.693, 90
Trd, 4318373.743, 90
Trd, 4318374.343, 91
Trd, 4318378.243, 95
Trd, 4318378.493, 95
Trd, 4318379.243, 94
Trd, 4318379.843, 94
Trd, 4318380.143, 95
Trd, 4318381.093, 95
Trd, 4318384.143, 94
Trd, 4318385.693, 93
Trd, 4318386.393, 94
Trd, 4318387.493, 102
Trd, 4318389.893, 94
Trd, 4318392.193, 104
Trd, 4318395.143, 97
Trd, 4318395.693, 96
Trd, 4318396.443, 95
Trd, 4318397.193, 95
Trd, 4318397.893, 94
Trd, 4318399.093, 95
Trd, 4318400.293, 104
Trd, 4318402.293, 96
Trd, 4318402.693, 95
Trd, 4318402.793, 94
Trd, 4318404.243, 93
Trd, 4318406.143, 91
Trd, 4318406.843, 94
Trd, 4318409.093, 94
Trd, 4318409.843, 93
Trd, 4318412.343, 93
Trd, 4318412.743, 95
Trd, 4318413.693, 93
Trd, 4318415.943, 94
Trd, 4318416.293, 96
Trd, 4318419.443, 94
Trd, 4318419.843, 93
Trd, 4318421.143, 95
Trd, 4318423.593, 92
Trd, 4318425.843, 93
Trd, 4318425.893, 92
Trd, 4318426.743, 95
Trd, 4318427.593, 94
Trd, 4318428.193, 90
Trd, 4318432.143, 91
Trd, 4318433.593, 91
Trd, 4318434.743, 95
Trd, 4318435.643, 95
Trd, 4318437.993, 102
Trd, 4318438.743, 94
Trd, 4318440.143, 94
Trd, 4318441.793, 93
Trd, 4318444.193, 94
Trd, 4318444.593, 93
Trd, 4318444.893, 93
Trd, 4318444.993, 95
Trd, 4318446.543, 92
Trd, 4318447.843, 95
Trd, 4318448.293, 96
Trd, 4318449.743, 103
Trd, 4318450.543, 103
Trd, 4318451.693, 95
Trd, 4318452.993, 100
Trd, 4318453.943, 98
Trd, 4318455.943, 100
Trd, 4318457.193, 99
Trd, 4318459.143, 98
Trd, 4318459.943, 97
Trd, 4318460.043, 97
Trd, 4318461.043, 97
Trd, 4318462.643, 98
Trd, 4318463.343, 95
Trd, 4318465.693, 96
Trd, 4318467.443, 95
Trd, 4318468.993, 95
Trd, 4318469.843, 93
Trd, 4318470.143, 93
Trd, 4318471.093, 111
Trd, 4318471.293, 99
Trd, 4318471.493, 97
Trd, 4318474.743, 102
Trd, 4318475.593, 101
Trd, 4318476.143, 101
Trd, 4318476.293, 102
Trd, 4318477.593, 99
Trd, 4318477.943, 100
Trd, 4318480.043, 98
Trd, 4318482.143, 100
Trd, 4318482.693, 100
Trd, 4318485.243, 100
Trd, 4318485.993, 94
Trd, 4318486.393, 83
Trd, 4318487.543, 91
Trd, 4318488.493, 94
Trd, 4318490.843, 95
Trd, 4318491.843, 96
Trd, 4318492.993, 94
Trd, 4318495.643, 94
Trd, 4318495.993, 93
Trd, 4318497.043, 93
Trd, 4318498.343, 94
Trd, 4318500.393, 92
Trd, 4318501.793, 94
Trd, 4318501.993, 93
Trd, 4318502.643, 92
Trd, 4318503.943, 91
Trd, 4318504.543, 91
Trd, 4318505.143, 104
Trd, 4318508.893, 95
Trd, 4318509.093, 93
Trd, 4318509.293, 103
Trd, 4318511.743, 96
Trd, 4318513.143, 100
Trd, 4318513.993, 96
Trd, 4318515.793, 95
Trd, 4318518.793, 94
Trd, 4318519.093, 93
Trd, 4318519.393, 94
Trd, 4318519.693, 93
Trd, 4318520.493, 93
Trd, 4318520.893, 95
Trd, 4318521.743, 113
Trd, 4318523.993, 92
Trd, 4318525.793, 92
Trd, 4318528.543, 96
Trd, 4318529.543, 96
Trd, 4318529.643, 95
Trd, 4318530.343, 93
Trd, 4318531.093, 94
Trd, 4318532.393, 102
Trd, 4318535.593, 100
Trd, 4318536.193, 95
Trd, 4318536.243, 94
Trd, 4318539.143, 103
Trd, 4318540.793, 99
Trd, 4318542.193, 98
Trd, 4318542.843, 99
Trd, 4318544.793, 99
Trd, 4318545.893, 98
Trd, 4318546.343, 97
Trd, 4318548.343, 97
Trd, 4318549.393, 96
Trd, 4318551.543, 94
Trd, 4318553.193, 84
Trd, 4318554.993, 90
Trd, 4318555.093, 93
Trd, 4318555.443, 92
Trd, 4318557.343, 95
Trd, 4318558.593, 94
Trd, 4318561.543, 94
Trd, 4318562.593, 95
Trd, 4318564.743, 93
Trd, 4318566.143, 94
Trd, 4318566.593, 95
Trd, 4318567.543, 94
Trd, 4318567.593, 93
Trd, 4318569.643, 93
Trd, 4318571.193, 94
Trd, 4318573.893, 94
Trd, 4318574.143, 94
Trd, 4318575.193, 93
Trd, 4318577.093, 95
Trd, 4318578.243, 95
Trd, 4318578.843, 92
Trd, 4318579.993, 103
Trd, 4318582.943, 99
Trd, 4318584.193, 99
Trd, 4318584.243, 99
Trd, 4318584.593, 96
Trd, 4318585.643, 95
Trd, 4318586.843, 103
Trd, 4318587.243, 95
Trd, 4318589.293, 104
Trd, 4318590.793, 105
Trd, 4318592.093, 105
Trd, 4318592.343, 104
Trd, 4318593.843, 104
Trd, 4318594.993, 102
Trd, 4318595.043, 104
Trd, 4318595.693, 94
Trd, 4318597.893, 101
Trd, 4318598.943, 104
Trd, 4318599.693, 105
Trd, 4318600.393, 104
Trd, 4318601.893, 103
Trd, 4318604.193, 103
Trd, 4318605.493, 103
Trd, 4318607.593, 101
Trd, 4318608.293, 101
Trd, 4318609.893, 101
Trd, 4318610.043, 102
Trd, 4318610.993, 94
Trd, 4318613.593, 99
Trd, 4318614.993, 98
Trd, 4318616.443, 104
Trd, 4318617.143, 98
Trd, 4318618.343, 94
Trd, 4318618.743, 97
Trd, 4318619.643, 96
Trd, 4318621.393, 98
Trd, 4318622.293, 84
Trd, 4318622.793, 80
Trd, 4318626.393, 92
Trd, 4318626.843, 92
Trd, 4318626.993, 91
Trd, 4318627.743, 92
Trd, 4318628.593, 92
Trd, 4318629.593, 92
Trd, 4318632.093, 99
Trd, 4318632.193, 102
Trd, 4318633.893, 94
Trd, 4318636.193, 99
Trd, 4318636.993, 95
Trd, 4318638.493, 95
Trd, 4318639.043, 95
Trd, 4318640.093, 95
Trd, 4318641.693, 94
Trd, 4318643.243, 93
Trd, 4318645.393, 92
Trd, 4318646.243, 93
Trd, 4318646.793, 92
Trd, 4318647.443, 91
Trd, 4318648.243, 95
Trd, 4318650.893, 96
Trd, 4318651.243, 94
Trd, 4318651.293, 91
Trd, 4318654.593, 94
Trd, 4318657.893, 93
Trd, 4318658.393, 93
Trd, 4318659.393, 93
Trd, 4318660.593, 95
Trd, 4318661.593, 111
Trd, 4318664.443, 102
Trd, 4318664.593, 101
Trd, 4318666.443, 101
Trd, 4318666.743, 101
Trd, 4318669.193, 102
Trd, 4318669.693, 100
Trd, 4318671.093, 98
Trd, 4318671.493, 94
Trd, 4318671.543, 99
Trd, 4318674.193, 96
Trd, 4318676.343, 97
Trd, 4318677.543, 101
Trd, 4318680.943, 97
Trd, 4318682.493, 96
Trd, 4318682.543, 97
Trd, 4318682.893, 98
Trd, 4318683.843, 96
Trd, 4318686.093, 85
Trd, 4318686.693, 98
Trd, 4318690.293, 98
Trd, 4318691.593, 98
Trd, 4318692.893, 98
Trd, 4318693.393, 97
Trd, 4318693.893, 96
Trd, 4318695.743, 95
Trd, 4318696.643, 94
Trd, 4318698.543, 95
Trd, 4318698.793, 96
Trd, 4318699.393, 96
Trd, 4318699.793, 94
Trd, 4318703.243, 95
Trd, 4318703.793, 97
Trd, 4318704.493, 95
Trd, 4318705.543, 100
Trd, 4318706.793, 101
Trd, 4318707.943, 100
Trd, 4318708.693, 102
Trd, 4318710.043, 94
Trd, 4318711.593, 97
Trd, 4318712.243, 85
Trd, 4318715.143, 101
Trd, 4318717.493, 98
Trd, 4318717.743, 97
Trd, 4318719.493, 97
Trd, 4318720.343, 95
Trd, 4318722.443, 99
Trd, 4318723.893, 97
Trd, 4318724.743, 101
Trd, 4318725.693, 96
Trd, 4318728.243, 95
Trd, 4318728.493, 95
Trd, 4318730.243, 96
Trd, 4318730.993, 94
Trd, 4318732.693, 97
Trd, 4318733.143, 96
Trd, 4318735.793, 96
Trd, 4318736.043, 95
Trd, 4318736.393, 94
Trd, 4318737.593, 94
Trd, 4318738.143, 95
Trd, 4318741.693, 93
Trd, 4318743.643, 92
Trd, 4318745.493, 94
Trd, 4318746.343, 94
Trd, 4318746.543, 94
Trd, 4318750.543, 93
Trd, 4318750.593, 92
Trd, 4318750.793, 94
Trd, 4318752.293, 91
Trd, 4318754.143, 95
Trd, 4318756.143, 92
Trd, 4318756.793, 89
Trd, 4318758.243, 91
Trd, 4318758.543, 91
Trd, 4318759.143, 89
Trd, 4318760.543, 90
Trd, 4318763.693, 103
Trd, 4318765.943, 89
Trd, 4318767.093, 90
Trd, 4318768.443, 93
Trd, 4318769.793, 90
Trd, 4318770.843, 89
Trd, 4318771.193, 88
Trd, 4318773.493, 87
Trd, 4318773.943, 86
Trd, 4318774.843, 90
Trd, 4318774.943, 95
Trd, 4318778.593, 98
Trd, 4318781.793, 99
Trd, 4318782.393, 98
Trd, 4318782.793, 96
Trd, 4318782.943, 99
Trd, 4318785.043, 103
Trd, 4318785.843, 102
Trd, 4318788.393, 102
Trd, 4318788.493, 104
Trd, 4318789.743, 101
Trd, 4318792.393, 100
Trd, 4318793.043, 100
Trd, 4318794.243, 99
Trd, 4318795.293, 99
Trd, 4318795.793, 98
Trd, 4318797.193, 96
Trd, 4318800.793, 100
Trd, 4318801.843, 99
Trd, 4318802.643, 98
Trd, 4318803.043, 99
Trd, 4318803.193, 98
Trd, 4318805.393, 99
Trd, 4318806.343, 98
Trd, 4318807.393, 99
Trd, 4318807.993, 99
Trd, 4318808.993, 100
Trd, 4318811.093, 99
Trd, 4318812.893, 100
Trd, 4318813.493, 99
Trd, 4318814.743, 102
Trd, 4318815.543, 102
Trd, 4318816.843, 102
Trd, 4318817.393, 100
Trd, 4318818.493, 99
Trd, 4318819.143, 104
Trd, 4318820.743, 94
Trd, 4318823.293, 98
Trd, 4318823.593, 98
Trd, 4318823.843, 98
Trd, 4318824.793, 86
Trd, 4318825.293, 104
Trd, 4318828.493, 96
Trd, 4318829.393, 96
Trd, 4318830.693, 96
Trd, 4318831.543, 96
Trd, 4318833.893, 95
Trd, 4318836.293, 94
Trd, 4318836.443, 95
Trd, 4318838.193, 93
Trd, 4318839.043, 96
Trd, 4318839.543, 104
Trd, 4318839.843, 93
Trd, 4318842.393, 104
Trd, 4318844.193, 100
Trd, 4318845.193, 101
Trd, 4318845.243, 103
Trd, 4318846.943, 100
Trd, 4318848.093, 100
Trd, 4318848.193, 94
Trd, 4318849.593, 97
Trd, 4318850.893, 96
Trd, 4318852.493, 97
Trd, 4318853.593, 96
Trd, 4318854.143, 97
Trd, 4318856.193, 97
Trd, 4318856.793, 98
Trd, 4318858.343, 96
Trd, 4318859.393, 96
Trd, 4318859.893, 95
Trd, 4318861.743, 96
Trd, 4318863.643, 98
Trd, 4318865.043, 99
Trd, 4318865.093, 100
Trd, 4318866.093, 97
Trd, 4318868.343, 97
Trd, 4318868.543, 96
Trd, 4318869.893, 96
Trd, 4318870.293, 94
Trd, 4318870.643, 96
Trd, 4318874.393, 96
Trd, 4318874.893, 97
Trd, 4318874.943, 98
Trd, 4318878.143, 94
Trd, 4318878.743, 94
Trd, 4318879.993, 93
Trd, 4318882.493, 99
Trd, 4318884.443, 97
Trd, 4318884.593, 96
Trd, 4318885.493, 96
Trd, 4318888.193, 97
Trd, 4318888.443, 97
Trd, 4318888.943, 94
Trd, 4318889.243, 98
Trd, 4318892.343, 103
Trd, 4318892.743, 103
Trd, 4318893.793, 101
Trd, 4318894.293, 99
Trd, 4318895.243, 98
Trd, 4318896.493, 99
Trd, 4318898.643, 97
Trd, 4318899.143, 94
Trd, 4318899.743, 96
Trd, 4318901.493, 86
Trd, 4318901.643, 85
Trd, 4318903.293, 97
Trd, 4318905.943, 97
Trd, 4318907.543, 97
Trd, 4318908.743, 97
Trd, 4318909.443, 98
Trd, 4318910.193, 95
Trd, 4318913.293, 95
Trd, 4318913.743, 94
Trd, 4318913.993, 95
Trd, 4318914.143, 94
Trd, 4318917.793, 95
Trd, 4318918.343, 99
Trd, 4318919.393, 95
Trd, 4318919.843, 96
Trd, 4318920.593, 95
Trd, 4318922.693, 94
Trd, 4318923.093, 94
Trd, 4318924.193, 95
Trd, 4318925.693, 94
Trd, 4318927.993, 95
Trd, 4318928.443, 96
Trd, 4318929.693, 94
Trd, 4318930.493, 94
Trd, 4318932.993, 94
Trd, 4318933.443, 94
Trd, 4318934.393, 96
Trd, 4318935.593, 95
Trd, 4318936.393, 101
Trd, 4318938.243, 95
Trd, 4318939.793, 98
Trd, 4318940.393, 97
Trd, 4318942.543, 96
Trd, 4318943.043, 96
Trd, 4318944.793, 97
Trd, 4318944.943, 104
Trd, 4318946.043, 112
Trd, 4318946.393, 93
Trd, 4318946.693, 83
Trd, 4318950.193, 94
Trd, 4318950.393, 94
Trd, 4318951.293, 93
Trd, 4318952.993, 94
Trd, 4318954.143, 92
Trd, 4318956.543, 93
Trd, 4318957.193, 93
Trd, 4318958.843, 92
Trd, 4318959.243, 94
Trd, 4318963.893, 91
Trd, 4318964.143, 101
Trd, 4318965.693, 97
Trd, 4318966.443, 96
Trd, 4318967.193, 95
Trd, 4318968.543, 95
Trd, 4318970.993, 96
Trd, 4318972.093, 101
Trd, 4318974.293, 104
Trd, 4318974.343, 97
Trd, 4318976.243, 97
Trd, 4318976.543, 97
Trd, 4318977.993, 96
Trd, 4318978.393, 94
Trd, 4318980.193, 90
Trd, 4318982.093, 103
Trd, 4318984.043, 99
Trd, 4318985.143, 99
Trd, 4318986.343, 97
Trd, 4318989.593, 96
Trd, 4318990.143, 97
Trd, 4318991.043, 95
Trd, 4318991.593, 98
Trd, 4318991.743, 95
Trd, 4318992.243, 85
Trd, 4318993.443, 91
Trd, 4318993.843, 98
Trd, 4318996.043, 98
Trd, 4318996.793, 97
Trd, 4318999.443, 100
Trd, 4318999.893, 101
Trd, 4319000.193, 102
Trd, 4319001.843, 103
Trd, 4319002.893, 102
Trd, 4319004.143, 100
Trd, 4319004.993, 101
Trd, 4319005.143, 102
Trd, 4319008.243, 104
Trd, 4319008.943, 101
Trd, 4319011.193, 105
Trd, 4319012.043, 105
Trd, 4319012.593, 104
Trd, 4319013.293, 102
Trd, 4319014.293, 97
Trd, 4319015.243, 94
Trd, 4319015.593, 96
Trd, 4319017.593, 97
Trd, 4319018.743, 105
Trd, 4319019.693, 100
Trd, 4319020.793, 100
Trd, 4319025.343, 101
Trd, 4319025.643, 99
Trd, 4319026.143, 98
Trd, 4319027.143, 100
Trd, 4319027.643, 98
Trd, 4319027.793, 98
Trd, 4319030.493, 97
Trd, 4319031.693, 95
Trd, 4319031.943, 94
Trd, 4319033.093, 96
Trd, 4319033.543, 94
Trd, 4319035.193, 94
Trd, 4319036.543, 95
Trd, 4319037.393, 94
Trd, 4319038.543, 95
Trd, 4319039.493, 95
Trd, 4319039.593, 100
Trd, 4319043.743, 98
Trd, 4319046.693, 98
Trd, 4319046.793, 96
Trd, 4319046.843, 99
Trd, 4319047.593, 103
Trd, 4319048.293, 95
Trd, 4319051.293, 94
Trd, 4319052.743, 95
Trd, 4319053.893, 95
Trd, 4319055.343, 95
Trd, 4319056.243, 104
Trd, 4319057.043, 96
Trd, 4319058.043, 99
Trd, 4319059.543, 98
Trd, 4319059.643, 96
Trd, 4319059.993, 96
Trd, 4319061.443, 95
Trd, 4319061.493, 94
Trd, 4319065.093, 93
Trd, 4319065.243, 93
Trd, 4319066.343, 92
Trd, 4319067.143, 93
Trd, 4319069.593, 94
Trd, 4319072.843, 100
Trd, 4319072.893, 97
Trd, 4319073.993, 97
Trd, 4319074.043, 102
Trd, 4319076.893, 97
Trd, 4319078.793, 97
Trd, 4319078.993, 98
Trd, 4319080.193, 97
Trd, 4319080.693, 96
Trd, 4319080.993, 94
Trd, 4319083.193, 92
Trd, 4319084.143, 85
Trd, 4319084.843, 91
Trd, 4319086.993, 90
Trd, 4319087.043, 92
Trd, 4319088.893, 88
Trd, 4319089.943, 91
Trd, 4319091.443, 93
Trd, 4319093.643, 92
Trd, 4319094.593, 91
Trd, 4319094.693, 94
Trd, 4319097.343, 90
Trd, 4319099.293, 94
Trd, 4319099.943, 92
Trd, 4319100.243, 95
Trd, 4319102.943, 91
Trd, 4319105.043, 92
Trd, 4319106.293, 91
Trd, 4319107.043, 96
Trd, 4319109.593, 97
Trd, 4319110.393, 99
Trd, 4319111.193, 98
Trd, 4319112.693, 99
Trd, 4319113.643, 98
Trd, 4319115.593, 96
Trd, 4319115.843, 97
Trd, 4319116.543, 94
Trd, 4319118.093, 97
Trd, 4319119.093, 96
Trd, 4319120.543, 96
Trd, 4319121.793, 131
Trd, 4319125.143, 97
Trd, 4319127.443, 98
Trd, 4319127.693, 98
Trd, 4319129.043, 97
Trd, 4319130.193, 104
Trd, 4319132.543, 103
Trd, 4319133.643, 104
Trd, 4319134.893, 104
Trd, 4319134.943, 102
Trd, 4319136.593, 110
Trd, 4319136.793, 102
Trd, 4319141.393, 102
Trd, 4319141.943, 101
Trd, 4319142.493, 94
Trd, 4319144.293, 100
Trd, 4319144.493, 101
Trd, 4319145.443, 102
Trd, 4319145.543, 98
Trd, 4319147.743, 101
Trd, 4319149.143, 100
Trd, 4319150.743, 99
Trd, 4319153.993, 100
Trd, 4319154.243, 101
Trd, 4319154.543, 98
Trd, 4319155.243, 98
Trd, 4319158.493, 97
Trd, 4319158.693, 95
Trd, 4319159.493, 98
Trd, 4319160.343, 98
Trd, 4319162.343, 97
Trd, 4319162.943, 94
Trd, 4319163.893, 95
Trd, 4319164.493, 95
Trd, 4319165.693, 94
Trd, 4319166.193, 93
Trd, 4319166.993, 93
Trd, 4319168.493, 95
Trd, 4319169.443, 95
Trd, 4319172.193, 97
Trd, 4319172.443, 100
Trd, 4319174.893, 96
Trd, 4319174.943, 96
Trd, 4319176.943, 95
Trd, 4319177.993, 94
Trd, 4319180.693, 104
Trd, 4319182.693, 99
Trd, 4319183.243, 103
Trd, 4319183.693, 104
Trd, 4319184.893, 104
Trd, 4319186.243, 104
Trd, 4319188.643, 104
Trd, 4319189.193, 102
Trd, 4319189.643, 102
Trd, 4319190.393, 100
Trd, 4319190.493, 104
Trd, 4319190.843, 94
Trd, 4319191.943, 79
Trd, 4319194.243, 90
Trd, 4319195.893, 89
Trd, 4319196.593, 90
Trd, 4319197.193, 95
Trd, 4319198.643, 95
Trd, 4319200.643, 97
Trd, 4319201.293, 101
Trd, 4319202.593, 95
Trd, 4319204.043, 95
Trd, 4319206.393, 95
Trd, 4319206.543, 95
Trd, 4319207.443, 94
Trd, 4319208.893, 93
Trd, 4319209.893, 92
Trd, 4319211.643, 99
Trd, 4319212.793, 96
Trd, 4319213.743, 97
Trd, 4319214.043, 96
Trd, 4319215.043, 94
Trd, 4319218.743, 93
Trd, 4319219.243, 93
Trd, 4319219.643, 91
Trd, 4319220.043, 94
Trd, 4319220.693, 96
Trd, 4319222.843, 113
Trd, 4319224.943, 102
Trd, 4319225.093, 98
Trd, 4319225.243, 85
Trd, 4319228.743, 100
Trd, 4319229.143, 98
Trd, 4319230.693, 97
Trd, 4319231.393, 99
Trd, 4319231.843, 104
Trd, 4319232.843, 97
Trd, 4319234.393, 97
Trd, 4319234.593, 96
Trd, 4319237.993, 101
Trd, 4319239.193, 96
Trd, 4319239.443, 96
Trd, 4319241.543, 95
Trd, 4319241.643, 94
Trd, 4319244.493, 97
Trd, 4319245.143, 97
Trd, 4319246.093, 97
Trd, 4319246.193, 96
Trd, 4319247.543, 94
Trd, 4319248.093, 113
Trd, 4319250.893, 101
Trd, 4319251.093, 102
Trd, 4319251.143, 96
Trd, 4319253.193, 93
Trd, 4319254.243, 96
Trd, 4319255.343, 96
Trd, 4319255.943, 98
Trd, 4319257.243, 97
Trd, 4319259.093, 96
Trd, 4319261.393, 95
Trd, 4319263.243, 95
Trd, 4319263.743, 95
Trd, 4319263.943, 94
Trd, 4319266.043, 94
Trd, 4319267.443, 95
Trd, 4319268.643, 96
Trd, 4319269.943, 85
Trd, 4319271.293, 92
Trd, 4319272.043, 93
Trd, 4319272.793, 92
Trd, 4319274.543, 91
Trd, 4319275.993, 91
Trd, 4319277.543, 104
Trd, 4319277.693, 90
Trd, 4319281.293, 92
Trd, 4319283.743, 92
Trd, 4319285.293, 91
Trd, 4319285.693, 91
Trd, 4319285.943, 91
Trd, 4319286.543, 95
Trd, 4319290.143, 95
Trd, 4319290.193, 95
Trd, 4319290.693, 96
Trd, 4319291.143, 92
Trd, 4319292.093, 95
Trd, 4319295.293, 96
Trd, 4319296.043, 95
Trd, 4319297.693, 96
Trd, 4319298.543, 95
Trd, 4319299.143, 95
Trd, 4319301.093, 96
Trd, 4319301.793, 96
Trd, 4319302.393, 96
Trd, 4319303.243, 95
Trd, 4319303.843, 94
Trd, 4319305.793, 99
Trd, 4319308.243, 96
Trd, 4319308.293, 95
Trd, 4319309.043, 97
Trd, 4319312.193, 95
Trd, 4319313.343, 97
Trd, 4319314.193, 98
Trd, 4319314.493, 101
Trd, 4319316.943, 96
Trd, 4319319.143, 97
Trd, 4319320.493, 96
Trd, 4319320.943, 95
Trd, 4319321.743, 94
Trd, 4319324.693, 94
Trd, 4319325.393, 94
Trd, 4319325.493, 97
Trd, 4319327.093, 96
Trd, 4319327.843, 99
Trd, 4319329.493, 103
Trd, 4319331.193, 104
Trd, 4319332.443, 102
Trd, 4319332.643, 102
Trd, 4319335.543, 100
Trd, 4319336.093, 94
Trd, 4319336.293, 99
Trd, 4319338.043, 100
Trd, 4319338.743, 97
Trd, 4319339.393, 95
Trd, 4319341.843, 102
Trd, 4319341.993, 99
Trd, 4319343.893, 102
Trd, 4319345.243, 98
Trd, 4319347.243, 94
Trd, 4319348.593, 102
Trd, 4319349.243, 101
Trd, 4319350.693, 101
Trd, 4319351.143, 113
Trd, 4319351.993, 100
Trd, 4319352.943, 84
Trd, 4319353.243, 97
Trd, 4319356.393, 97
Trd, 4319356.993, 103
Trd, 4319359.843, 100
Trd, 4319360.343, 98
Trd, 4319360.993, 97
Trd, 4319362.243, 96
Trd, 4319363.793, 94
Trd, 4319366.693, 94
Trd, 4319367.443, 93
Trd, 4319367.843, 95
Trd, 4319368.193, 94
Trd, 4319368.443, 93
Trd, 4319368.643, 131
Trd, 4319372.843, 95
Trd, 4319373.493, 95
Trd, 4319374.843, 95
Trd, 4319376.093, 94
Trd, 4319376.643, 94
Trd, 4319378.093, 96
Trd, 4319379.443, 96
Trd, 4319380.793, 96
Trd, 4319381.093, 95
Trd, 4319381.143, 97
Trd, 4319383.593, 104
Trd, 4319384.443, 96
Trd, 4319384.643, 96
Trd, 4319387.443, 96
Trd, 4319389.093, 95
Trd, 4319390.193, 96
Trd, 4319390.893, 95
Trd, 4319391.193, 94
Trd, 4319397.443, 93
Trd, 4319397.543, 93
Trd, 4319397.993, 91
Trd, 4319398.493, 93
Trd, 4319399.293, 92
Trd, 4319399.343, 93
Trd, 4319401.193, 92
Trd, 4319402.843, 94
Trd, 4319405.593, 92
Trd, 4319408.393, 94
Trd, 4319410.143, 95
Trd, 4319410.993, 92
Trd, 4319412.693, 92
Trd, 4319413.493, 91
Trd, 4319413.843, 91
Trd, 4319413.943, 95
Trd, 4319415.293, 104
Trd, 4319416.343, 101
Trd, 4319418.993, 100
Trd, 4319419.843, 100
Trd, 4319420.343, 99
Trd, 4319421.393, 100
Trd, 4319422.143, 99
Trd, 4319423.543, 101
Trd, 4319427.193, 98
Trd, 4319427.393, 99
Trd, 4319427.743, 85
Trd, 4319428.543, 93
Trd, 4319430.243, 95
Trd, 4319430.693, 95
Trd, 4319431.543, 91
Trd, 4319433.843, 91
Trd, 4319434.593, 94
Trd, 4319436.593, 95
Trd, 4319437.593, 93
Trd, 4319439.193, 97
Trd, 4319440.593, 95
Trd, 4319440.843, 95
Trd, 4319442.343, 95
Trd, 4319443.593, 94
Trd, 4319443.793, 102
Trd, 4319444.743, 93
Trd, 4319446.693, 97
Trd, 4319448.243, 103
Trd, 4319450.643, 96
Trd, 4319452.243, 97
Trd, 4319452.743, 98
Trd, 4319453.143, 96
Trd, 4319455.593, 95
Trd, 4319456.443, 96
Trd, 4319458.193, 98
Trd, 4319458.993, 97
Trd, 4319459.293, 102
Trd, 4319463.193, 97
Trd, 4319463.393, 96
Trd, 4319463.593, 95
Trd, 4319463.843, 94
Trd, 4319465.693, 94
Trd, 4319465.943, 97
Trd, 4319466.093, 93
Trd, 4319468.593, 103
Trd, 4319472.393, 101
Trd, 4319473.643, 99
Trd, 4319473.743, 98
Trd, 4319475.893, 99
Trd, 4319476.893, 97
Trd, 4319476.943, 104
Trd, 4319479.843, 98
Trd, 4319480.443, 98
Trd, 4319480.543, 96
Trd, 4319480.993, 97
Trd, 4319482.593, 98
Trd, 4319484.093, 103
Trd, 4319484.743, 95
Trd, 4319485.743, 96
Trd, 4319487.593, 96
Trd, 4319489.143, 98
Trd, 4319490.493, 99
Trd, 4319490.843, 96
Trd, 4319493.443, 97
Trd, 4319494.193, 96
Trd, 4319494.543, 99
Trd, 4319496.493, 96
Trd, 4319497.893, 95
Trd, 4319498.343, 96
Trd, 4319498.693, 98
Trd, 4319499.993, 95
Trd, 4319501.593, 94
Trd, 4319501.893, 93
Trd, 4319503.393, 92
Trd, 4319504.343, 92
Trd, 4319505.593, 102
Trd, 4319506.743, 106
Trd, 4319507.443, 98
Trd, 4319509.343, 101
Trd, 4319510.093, 104
Trd, 4319512.393, 99
Trd, 4319513.193, 99
Trd, 4319513.693, 98
Trd, 4319515.143, 97
Trd, 4319516.043, 97
Trd, 4319516.293, 96
Trd, 4319519.543, 100
Trd, 4319519.793, 99
Trd, 4319521.743, 98
Trd, 4319523.793, 99
Trd, 4319525.343, 98
Trd, 4319526.243, 97
Trd, 4319527.943, 96
Trd, 4319528.293, 96
Trd, 4319529.043, 95
Trd, 4319530.793, 103
Trd, 4319533.343, 96
Trd, 4319535.043, 99
Trd, 4319535.243, 95
Trd, 4319536.043, 95
Trd, 4319536.743, 104
Trd, 4319538.643, 96
Trd, 4319540.143, 95
Trd, 4319540.593, 95
Trd, 4319541.643, 94
Trd, 4319542.193, 95
Trd, 4319545.043, 93
Trd, 4319546.593, 93
Trd, 4319547.043, 92
Trd, 4319547.343, 91
Trd, 4319549.993, 93
Trd, 4319550.143, 92
Trd, 4319550.343, 92
Trd, 4319550.993, 95
Trd, 4319552.893, 96
Trd, 4319552.943, 104
Trd, 4319554.843, 98
Trd, 4319554.993, 95
Trd, 4319557.643, 95
Trd, 4319559.593, 94
Trd, 4319560.293, 94
Trd, 4319562.343, 95
Trd, 4319564.293, 95
Trd, 4319564.543, 96
Trd, 4319564.593, 94
Trd, 4319567.643, 100
Trd, 4319568.093, 100
Trd, 4319569.843, 99
Trd, 4319571.143, 100
Trd, 4319572.243, 97
Trd, 4319572.493, 100
Trd, 4319574.993, 97
Trd, 4319575.493, 98
Trd, 4319575.693, 96
Trd, 4319578.743, 95
Trd, 4319580.093, 97
Trd, 4319580.343, 96
Trd, 4319581.293, 98
Trd, 4319585.143, 95
Trd, 4319585.393, 94
Trd, 4319585.643, 95
Trd, 4319587.443, 97
Trd, 4319589.793, 98
Trd, 4319590.493, 97
Trd, 4319591.393, 98
Trd, 4319592.093, 96
Trd, 4319593.893, 95
Trd, 4319594.643, 84
Trd, 4319595.793, 92
Trd, 4319596.343, 98
Trd, 4319598.893, 97
Trd, 4319600.093, 97
Trd, 4319600.443, 95
Trd, 4319601.343, 94
Trd, 4319603.793, 94
Trd, 4319606.143, 94
Trd, 4319606.193, 92
Trd, 4319607.193, 103
Trd, 4319607.543, 93
Trd, 4319609.593, 104
Trd, 4319610.793, 93
Trd, 4319612.043, 94
Trd, 4319612.643, 93
Trd, 4319614.093, 95
Trd, 4319615.243, 95
Trd, 4319616.043, 112
Trd, 4319616.393, 93
Trd, 4319616.793, 93
Trd, 4319620.493, 94
Trd, 4319621.893, 94
Trd, 4319622.643, 95
Trd, 4319623.793, 92
Trd, 4319625.793, 92
Trd, 4319628.193, 92
Trd, 4319629.093, 93
Trd, 4319631.093, 91
Trd, 4319631.143, 90
Trd, 4319631.293, 90
Trd, 4319633.043, 92
Trd, 4319635.993, 94
Trd, 4319637.893, 95
Trd, 4319638.843, 96
Trd, 4319639.243, 96
Trd, 4319640.543, 96
Trd, 4319643.043, 94
Trd, 4319643.793, 94
Trd, 4319644.093, 96
Trd, 4319645.243, 93
Trd, 4319647.243, 93
Trd, 4319647.593, 95
Trd, 4319648.593, 92
Trd, 4319650.443, 91
Trd, 4319652.493, 91
Trd, 4319653.993, 93
Trd, 4319654.293, 94
Trd, 4319656.193, 94
Trd, 4319657.793, 93
Trd, 4319659.043, 96
Trd, 4319659.793, 103
Trd, 4319662.943, 96
Trd, 4319663.543, 100
Trd, 4319663.893, 96
Trd, 4319665.293, 96
Trd, 4319665.743, 102
Trd, 4319669.593, 96
Trd, 4319671.343, 98
Trd, 4319672.893, 102
Trd, 4319673.343, 99
Trd, 4319675.593, 98
Trd, 4319675.843, 97
Trd, 4319676.143, 97
Trd, 4319677.093, 104
Trd, 4319678.943, 96
Trd, 4319680.093, 97
Trd, 4319681.193, 97
Trd, 4319681.793, 96
Trd, 4319682.993, 96
Trd, 4319683.843, 95
Trd, 4319685.393, 96
Trd, 4319687.893, 97
Trd, 4319689.493, 97
Trd, 4319690.143, 95
Trd, 4319690.543, 94
Trd, 4319692.193, 97
Trd, 4319692.343, 104
Trd, 4319695.943, 98
Trd, 4319696.243, 99
Trd, 4319698.093, 98
Trd, 4319698.743, 99
Trd, 4319699.543, 94
Trd, 4319700.843, 96
Trd, 4319702.493, 95
Trd, 4319704.143, 94
Trd, 4319704.493, 104
Trd, 4319704.593, 94
Trd, 4319706.793, 80
Trd, 4319707.593, 94
Trd, 4319708.143, 93
Trd, 4319711.543, 91
Trd, 4319714.143, 92
Trd, 4319714.193, 95
Trd, 4319715.393, 91
Trd, 4319716.793, 91
Trd, 4319717.493, 94
Trd, 4319718.643, 95
Trd, 4319721.043, 96
Trd, 4319721.843, 95
Trd, 4319722.043, 94
Trd, 4319723.243, 94
Trd, 4319723.743, 95
Trd, 4319725.243, 92
Trd, 4319725.993, 93
Trd, 4319726.693, 95
Trd, 4319729.043, 94
Trd, 4319731.743, 95
Trd, 4319732.593, 95
Trd, 4319734.593, 94
Trd, 4319736.493, 94
Trd, 4319737.293, 93
Trd, 4319739.093, 95
Trd, 4319739.443, 93
Trd, 4319739.643, 91
Trd, 4319741.393, 96
Trd, 4319741.493, 91
Trd, 4319742.893, 94
Trd, 4319745.393, 96
Trd, 4319746.843, 100
Trd, 4319749.243, 97
Trd, 4319750.343, 95
Trd, 4319750.493, 95
Trd, 4319751.043, 95
Trd, 4319751.493, 94
Trd, 4319752.643, 94
Trd, 4319753.093, 100
Trd, 4319753.543, 94
Trd, 4319756.493, 94
Trd, 4319758.543, 98
Trd, 4319758.893, 93
Trd, 4319760.893, 97
Trd, 4319762.143, 103
Trd, 4319763.493, 97
Trd, 4319765.443, 97
Trd, 4319765.843, 96
Trd, 4319766.493, 95
Trd, 4319766.693, 95
Trd, 4319767.893, 94
Trd, 4319769.243, 94
Trd, 4319771.593, 93
Trd, 4319772.993, 93
Trd, 4319775.593, 102
Trd, 4319776.343, 98
Trd, 4319778.193, 100
Trd, 4319779.443, 100
Trd, 4319781.393, 102
Trd, 4319783.643, 100
Trd, 4319785.343, 100
Trd, 4319786.343, 98
Trd, 4319788.293, 97
Trd, 4319789.493, 104
Trd, 4319790.243, 99
Trd, 4319791.243, 96
Trd, 4319792.243, 96
Trd, 4319792.843, 104
Trd, 4319795.243, 96
Trd, 4319795.493, 97
Trd, 4319795.943, 96
Trd, 4319797.043, 95
Trd, 4319797.493, 97
Trd, 4319797.693, 94
Trd, 4319799.193, 95
Trd, 4319802.643, 102
Trd, 4319803.393, 102
Trd, 4319803.443, 103
Trd, 4319804.143, 97
Trd, 4319805.593, 94
Trd, 4319806.993, 94
Trd, 4319807.243, 95
Trd, 4319809.793, 104
Trd, 4319809.893, 95
Trd, 4319810.193, 83
Trd, 4319812.593, 110
Trd, 4319813.393, 95
Trd, 4319817.493, 96
Trd, 4319818.593, 95
Trd, 4319819.043, 95
Trd, 4319819.743, 95
Trd, 4319820.743, 94
Trd, 4319822.343, 104
Trd, 4319822.493, 94
Trd, 4319825.693, 94
Trd, 4319827.093, 96
Trd, 4319827.493, 96
Trd, 4319828.043, 97
Trd, 4319829.293, 96
Trd, 4319830.793, 98
Trd, 4319832.593, 100
Trd, 4319833.593, 99
Trd, 4319835.293, 98
Trd, 4319835.643, 97
Trd, 4319836.693, 97
Trd, 4319836.743, 96
Trd, 4319837.493, 94
Trd, 4319839.843, 99
Trd, 4319840.293, 95
Trd, 4319842.093, 97
Trd, 4319842.543, 94
Trd, 4319846.193, 100
Trd, 4319846.543, 95
Trd, 4319847.743, 94
Trd, 4319848.343, 100
Trd, 4319849.343, 96
Trd, 4319850.943, 95
Trd, 4319851.993, 95
Trd, 4319853.643, 96
Trd, 4319854.543, 95
Trd, 4319854.643, 97
Trd, 4319855.543, 97
Trd, 4319857.743, 96
Trd, 4319858.593, 95
Trd, 4319858.893, 94
Trd, 4319859.393, 93
Trd, 4319859.543, 95
Trd, 4319860.643, 83
Trd, 4319862.393, 89
Trd, 4319862.743, 104
Trd, 4319865.193, 99
Trd, 4319865.743, 98
Trd, 4319866.093, 98
Trd, 4319867.243, 97
Trd, 4319869.793, 98
Trd, 4319869.993, 95
Trd, 4319872.093, 95
Trd, 4319872.593, 95
Trd, 4319873.043, 96
Trd, 4319875.393, 104
Trd, 4319876.943, 95
Trd, 4319878.943, 95
Trd, 4319879.493, 94
Trd, 4319879.693, 94
Trd, 4319879.993, 94
Trd, 4319883.643, 93
Trd, 4319883.793, 93
Trd, 4319883.943, 95
Trd, 4319885.143, 94
Trd, 4319887.893, 95
Trd, 4319888.443, 96
Trd, 4319888.993, 98
Trd, 4319889.093, 95
Trd, 4319892.693, 96
Trd, 4319893.343, 97
Trd, 4319893.793, 95
Trd, 4319895.093, 94
Trd, 4319897.293, 101
Trd, 4319898.993, 99
Trd, 4319899.543, 99
Trd, 4319900.593, 96
Trd, 4319902.243, 96
Trd, 4319902.443, 94
Trd, 4319904.493, 96
Trd, 4319906.443, 96
Trd, 4319906.993, 95
Trd, 4319907.693, 96
Trd, 4319907.993, 98
Trd, 4319910.993, 102
Trd, 4319911.493, 100
Trd, 4319912.693, 98
Trd, 4319914.093, 94
Trd, 4319914.393, 83
Trd, 4319916.393, 103
Trd, 4319919.043, 97
Trd, 4319919.493, 98
Trd, 4319920.993, 100
Trd, 4319923.043, 98
Trd, 4319923.243, 98
Trd, 4319926.143, 97
Trd, 4319927.943, 100
Trd, 4319928.493, 100
Trd, 4319930.043, 100
Trd, 4319931.443, 99
Trd, 4319931.743, 98
Trd, 4319933.693, 97
Trd, 4319935.543, 97
Trd, 4319936.243, 96
Trd, 4319936.443, 97
Trd, 4319936.943, 103
Trd, 4319938.443, 96
Trd, 4319939.993, 95
Trd, 4319941.393, 113
Trd, 4319944.843, 98
Trd, 4319945.643, 99
Trd, 4319946.943, 98
Trd, 4319948.143, 98
Trd, 4319948.193, 99
Trd, 4319948.343, 97
Trd, 4319950.793, 97
Trd, 4319951.893, 98
Trd, 4319952.743, 96
Trd, 4319953.743, 95
Trd, 4319955.043, 93
Trd, 4319956.043, 93
Trd, 4319956.243, 93
Trd, 4319956.843, 95
Trd, 4319957.243, 95
Trd, 4319957.693, 93
Trd, 4319962.243, 94
Trd, 4319962.693, 92
Trd, 4319962.943, 92
Trd, 4319964.493, 91
Trd, 4319966.643, 89
Trd, 4319967.793, 91
Trd, 4319968.543, 104
Trd, 4319970.643, 96
Trd, 4319971.343, 97
Trd, 4319972.843, 99
Trd, 4319974.143, 99
Trd, 4319975.143, 100
Trd, 4319977.143, 101
Trd, 4319978.293, 100
Trd, 4319978.793, 99
Trd, 4319978.843, 94
Trd, 4319980.143, 102
Trd, 4319982.443, 102
Trd, 4319983.793, 100
Trd, 4319985.793, 99
Trd, 4319986.143, 99
Trd, 4319986.193, 103
Trd, 4319989.193, 98
Trd, 4319989.293, 102
Trd, 4319990.793, 97
Trd, 4319992.643, 97
Trd, 4319993.893, 96
Trd, 4319995.043, 95
Trd, 4319995.743, 97
Trd, 4319995.943, 94
Trd, 4319997.443, 95
Trd, 4319997.943, 93
Trd, 4319998.893, 96
