Trd, 4317937.043, 91
Trd, 4317938.543, 88
Trd, 4317939.843, 95
Trd, 4317940.043, 88
Trd, 4317940.943, 87
Trd, 4317942.743, 87
Trd, 4317943.893, 87
Trd, 4317945.143, 93
Trd, 4317945.693, 100
Trd, 4317947.743, 86
Trd, 4317950.143, 91
Trd, 4317950.743, 93
Trd, 4317951.493, 95
Trd, 4317951.593, 86
Trd, 4317953.293, 104
Trd, 4317955.143, 86
Trd, 4317955.343, 86
Trd, 4317958.243, 88
Trd, 4317959.743, 88
Trd, 4317961.343, 87
Trd, 4317961.493, 90
Trd, 4317962.593, 115
Trd, 4317964.943, 86
Trd, 4317965.143, 86
Trd, 4317965.843, 101
Trd, 4317970.843, 89
Trd, 4317972.543, 95
Trd, 4317972.643, 88
Trd, 4317973.043, 87
Trd, 4317973.293, 86
Trd, 4317975.193, 92
Trd, 4317975.593, 97
Trd, 4317976.843, 89
Trd, 4317976.893, 88
Trd, 4317977.143, 86
Trd, 4317977.943, 104
Trd, 4317978.593, 88
Trd, 4317979.893, 95
Trd, 4317981.943, 88
Trd, 4317983.593, 93
Trd, 4317983.943, 93
Trd, 4317984.143, 115
Trd, 4317985.943, 97
Trd, 4317987.493, 109
Trd, 4317987.543, 92
Trd, 4317989.893, 95
Trd, 4317990.993, 93
Trd, 4317991.943, 92
Trd, 4317992.393, 97
Trd, 4317993.443, 97
Trd, 4317995.443, 92
Trd, 4317996.293, 104
Trd, 4317996.943, 98
Trd, 4317997.493, 91
Trd, 4317999.993, 91
Trd, 4318000.443, 101
Trd, 4318001.543, 91
Trd, 4318003.193, 97
Trd, 4318004.093, 90
Trd, 4318004.443, 95
Trd, 4318006.043, 90
Trd, 4318008.543, 90
Trd, 4318009.043, 90
Trd, 4318011.343, 93
Trd, 4318011.993, 89
Trd, 4318012.593, 88
Trd, 4318013.193, 104
Trd, 4318015.243, 92
Trd, 4318018.143, 89
Trd, 4318018.393, 89
Trd, 4318019.443, 88
Trd, 4318019.693, 92
Trd, 4318019.843, 96
Trd, 4318021.643, 88
Trd, 4318021.893, 100
Trd, 4318024.743, 87
Trd, 4318025.643, 86
Trd, 4318028.093, 88
Trd, 4318028.443, 87
Trd, 4318029.893, 86
Trd, 4318029.993, 91
Trd, 4318030.843, 86
Trd, 4318032.043, 91
Trd, 4318034.293, 86
Trd, 4318035.893, 87
Trd, 4318037.193, 97
Trd, 4318037.343, 91
Trd, 4318037.643, 86
Trd, 4318039.343, 91
Trd, 4318039.393, 85
Trd, 4318042.893, 91
Trd, 4318042.993, 86
Trd, 4318044.243, 97
Trd, 4318045.493, 91
Trd, 4318046.893, 92
Trd, 4318047.993, 115
Trd, 4318049.893, 95
Trd, 4318051.293, 91
Trd, 4318053.093, 110
Trd, 4318053.343, 90
Trd, 4318053.493, 89
Trd, 4318054.293, 112
Trd, 4318054.893, 115
Trd, 4318054.943, 92
Trd, 4318057.343, 101
Trd, 4318058.393, 107
Trd, 4318059.943, 102
Trd, 4318060.843, 100
Trd, 4318061.743, 99
Trd, 4318062.093, 98
Trd, 4318063.043, 97
Trd, 4318064.543, 95
Trd, 4318065.693, 105
Trd, 4318066.293, 97
Trd, 4318066.493, 95
Trd, 4318066.743, 102
Trd, 4318069.643, 99
Trd, 4318071.393, 102
Trd, 4318071.893, 95
Trd, 4318072.443, 95
Trd, 4318073.243, 89
Trd, 4318074.393, 93
Trd, 4318075.843, 100
Trd, 4318077.443, 104
Trd, 4318078.543, 93
Trd, 4318078.993, 92
Trd, 4318079.893, 114
Trd, 4318081.543, 92
Trd, 4318083.143, 91
Trd, 4318083.393, 96
Trd, 4318084.093, 100
Trd, 4318085.143, 90
Trd, 4318085.243, 86
Trd, 4318086.393, 90
Trd, 4318089.193, 97
Trd, 4318089.993, 98
Trd, 4318090.043, 96
Trd, 4318090.493, 95
Trd, 4318091.243, 104
Trd, 4318093.443, 94
Trd, 4318097.143, 95
Trd, 4318097.543, 93
Trd, 4318097.743, 92
Trd, 4318098.243, 98
Trd, 4318098.843, 93
Trd, 4318099.243, 91
Trd, 4318099.993, 86
Trd, 4318102.093, 87
Trd, 4318102.293, 113
Trd, 4318103.593, 93
Trd, 4318103.693, 96
Trd, 4318105.043, 93
Trd, 4318105.493, 93
Trd, 4318105.693, 74
Trd, 4318107.343, 113
Trd, 4318107.643, 96
Trd, 4318108.343, 136
Trd, 4318109.343, 113
Trd, 4318109.943, 109
Trd, 4318112.343, 106
Trd, 4318112.393, 115
Trd, 4318113.093, 94
Trd, 4318113.593, 102
Trd, 4318114.643, 101
Trd, 4318116.093, 113
Trd, 4318116.393, 106
Trd, 4318116.743, 107
Trd, 4318119.293, 102
Trd, 4318120.443, 104
Trd, 4318120.593, 102
Trd, 4318121.243, 94
Trd, 4318121.543, 93
Trd, 4318123.093, 99
Trd, 4318123.293, 107
Trd, 4318124.043, 98
Trd, 4318125.693, 106
Trd, 4318125.893, 94
Trd, 4318128.943, 106
Trd, 4318129.243, 95
Trd, 4318130.093, 94
Trd, 4318131.393, 93
Trd, 4318133.443, 95
Trd, 4318135.443, 104
Trd, 4318135.543, 96
Trd, 4318137.393, 101
Trd, 4318139.143, 98
Trd, 4318139.343, 96
Trd, 4318142.043, 98
Trd, 4318143.843, 95
Trd, 4318144.093, 101
Trd, 4318145.143, 94
Trd, 4318145.443, 78
Trd, 4318146.993, 101
Trd, 4318148.293, 94
Trd, 4318148.793, 92
Trd, 4318149.043, 97
Trd, 4318149.443, 91
Trd, 4318151.093, 104
Trd, 4318152.143, 95
Trd, 4318152.193, 113
Trd, 4318154.343, 92
Trd, 4318155.343, 93
Trd, 4318156.843, 98
Trd, 4318159.443, 96
Trd, 4318159.993, 92
Trd, 4318160.043, 98
Trd, 4318160.293, 92
Trd, 4318160.943, 91
Trd, 4318163.193, 89
Trd, 4318163.493, 96
Trd, 4318165.443, 91
Trd, 4318165.693, 91
Trd, 4318167.493, 96
Trd, 4318169.043, 104
Trd, 4318169.643, 93
Trd, 4318171.593, 96
Trd, 4318172.093, 97
Trd, 4318174.493, 100
Trd, 4318174.993, 97
Trd, 4318175.293, 86
Trd, 4318176.593, 92
Trd, 4318177.143, 91
Trd, 4318177.793, 92
Trd, 4318179.593, 97
Trd, 4318180.043, 91
Trd, 4318180.143, 105
Trd, 4318181.693, 97
Trd, 4318184.043, 94
Trd, 4318184.393, 93
Trd, 4318185.243, 92
Trd, 4318187.093, 94
Trd, 4318187.293, 97
Trd, 4318188.743, 93
Trd, 4318190.143, 99
Trd, 4318191.593, 93
Trd, 4318192.293, 104
Trd, 4318192.493, 93
Trd, 4318193.093, 92
Trd, 4318193.443, 113
Trd, 4318194.493, 91
Trd, 4318197.843, 94
Trd, 4318198.693, 92
Trd, 4318199.143, 94
Trd, 4318201.093, 92
Trd, 4318201.443, 114
Trd, 4318202.343, 91
Trd, 4318203.143, 90
Trd, 4318204.843, 96
Trd, 4318205.243, 97
Trd, 4318206.093, 113
Trd, 4318207.393, 90
Trd, 4318207.993, 90
Trd, 4318209.593, 113
Trd, 4318211.093, 112
Trd, 4318211.393, 103
Trd, 4318211.793, 102
Trd, 4318213.393, 100
Trd, 4318213.643, 78
Trd, 4318214.693, 95
Trd, 4318215.543, 103
Trd, 4318216.693, 108
Trd, 4318217.543, 93
Trd, 4318218.793, 97
Trd, 4318221.243, 102
Trd, 4318221.593, 95
Trd, 4318221.643, 108
Trd, 4318221.993, 86
Trd, 4318224.543, 101
Trd, 4318224.593, 94
Trd, 4318225.343, 103
Trd, 4318226.293, 94
Trd, 4318227.643, 103
Trd, 4318228.443, 94
Trd, 4318228.543, 116
Trd, 4318229.293, 95
Trd, 4318230.843, 82
Trd, 4318232.593, 105
Trd, 4318233.743, 107
Trd, 4318234.543, 97
Trd, 4318235.893, 96
Trd, 4318236.943, 89
Trd, 4318237.743, 93
Trd, 4318237.843, 92
Trd, 4318239.793, 106
Trd, 4318240.793, 112
Trd, 4318240.943, 90
Trd, 4318241.643, 98
Trd, 4318244.793, 110
Trd, 4318245.243, 96
Trd, 4318245.993, 94
Trd, 4318246.693, 95
Trd, 4318247.143, 95
Trd, 4318247.693, 78
Trd, 4318249.493, 86
Trd, 4318250.543, 83
Trd, 4318251.393, 105
Trd, 4318252.093, 82
Trd, 4318253.293, 80
Trd, 4318255.443, 96
Trd, 4318256.443, 87
Trd, 4318258.443, 88
Trd, 4318258.543, 86
Trd, 4318259.193, 86
Trd, 4318259.993, 109
Trd, 4318260.443, 96
Trd, 4318261.143, 97
Trd, 4318261.543, 117
Trd, 4318263.593, 94
Trd, 4318264.993, 96
Trd, 4318265.043, 123
Trd, 4318265.543, 95
Trd, 4318266.743, 94
Trd, 4318267.343, 96
Trd, 4318268.643, 105
Trd, 4318269.143, 94
Trd, 4318270.243, 93
Trd, 4318272.743, 97
Trd, 4318273.343, 93
Trd, 4318273.743, 93
Trd, 4318275.043, 93
Trd, 4318275.443, 95
Trd, 4318276.093, 93
Trd, 4318276.743, 97
Trd, 4318278.143, 77
Trd, 4318279.293, 84
Trd, 4318280.993, 96
Trd, 4318282.243, 104
Trd, 4318282.843, 92
Trd, 4318284.293, 126
Trd, 4318285.793, 113
Trd, 4318286.493, 97
Trd, 4318286.993, 98
Trd, 4318287.843, 95
Trd, 4318288.793, 94
Trd, 4318290.443, 97
Trd, 4318291.043, 107
Trd, 4318291.893, 96
Trd, 4318292.143, 79
Trd, 4318293.543, 90
Trd, 4318295.393, 95
Trd, 4318295.893, 96
Trd, 4318296.293, 92
Trd, 4318297.343, 92
Trd, 4318299.193, 96
Trd, 4318301.693, 95
Trd, 4318302.393, 94
Trd, 4318302.943, 94
Trd, 4318305.393, 95
Trd, 4318305.693, 93
Trd, 4318306.543, 104
Trd, 4318309.193, 92
Trd, 4318310.543, 95
Trd, 4318311.293, 93
Trd, 4318312.943, 94
Trd, 4318313.593, 104
Trd, 4318313.793, 113
Trd, 4318315.193, 102
Trd, 4318315.343, 93
Trd, 4318315.743, 98
Trd, 4318317.443, 110
Trd, 4318319.943, 105
Trd, 4318320.343, 102
Trd, 4318320.893, 82
Trd, 4318322.793, 93
Trd, 4318323.193, 97
Trd, 4318325.293, 98
Trd, 4318325.893, 98
Trd, 4318326.493, 99
Trd, 4318328.843, 94
Trd, 4318329.943, 104
Trd, 4318330.993, 93
Trd, 4318332.193, 95
Trd, 4318332.443, 94
Trd, 4318332.643, 98
Trd, 4318332.993, 86
Trd, 4318335.793, 98
Trd, 4318336.643, 101
Trd, 4318337.443, 91
Trd, 4318341.543, 91
Trd, 4318342.343, 95
Trd, 4318343.093, 95
Trd, 4318343.493, 114
Trd, 4318345.843, 101
Trd, 4318346.543, 94
Trd, 4318346.643, 91
Trd, 4318347.093, 98
Trd, 4318348.093, 91
Trd, 4318348.143, 86
Trd, 4318349.993, 89
Trd, 4318351.193, 98
Trd, 4318354.243, 92
Trd, 4318354.843, 94
Trd, 4318355.193, 103
Trd, 4318356.493, 91
Trd, 4318358.443, 91
Trd, 4318358.793, 99
Trd, 4318358.843, 100
Trd, 4318358.943, 90
Trd, 4318360.393, 89
Trd, 4318362.893, 99
Trd, 4318364.043, 105
Trd, 4318366.193, 95
Trd, 4318368.043, 93
Trd, 4318368.093, 92
Trd, 4318368.293, 114
Trd, 4318368.743, 92
Trd, 4318371.093, 100
Trd, 4318371.543, 91
Trd, 4318372.643, 97
Trd, 4318373.393, 91
Trd, 4318373.643, 90
Trd, 4318375.193, 90
Trd, 4318375.343, 97
Trd, 4318376.293, 110
Trd, 4318377.093, 93
Trd, 4318378.793, 95
Trd, 4318380.393, 93
Trd, 4318382.543, 95
Trd, 4318383.343, 93
Trd, 4318383.893, 97
Trd, 4318384.293, 93
Trd, 4318385.443, 92
Trd, 4318386.543, 104
Trd, 4318389.643, 99
Trd, 4318390.143, 94
Trd, 4318390.343, 104
Trd, 4318390.443, 94
Trd, 4318393.393, 93
Trd, 4318393.443, 93
Trd, 4318396.743, 98
Trd, 4318397.693, 92
Trd, 4318397.993, 92
Trd, 4318398.993, 91
Trd, 4318399.193, 86
Trd, 4318399.743, 96
Trd, 4318400.693, 105
Trd, 4318402.193, 92
Trd, 4318405.293, 92
Trd, 4318405.593, 99
Trd, 4318406.743, 91
Trd, 4318407.643, 97
Trd, 4318407.693, 91
Trd, 4318409.743, 105
Trd, 4318411.143, 103
Trd, 4318411.243, 113
Trd, 4318411.943, 101
Trd, 4318413.293, 100
Trd, 4318414.093, 101
Trd, 4318414.193, 94
Trd, 4318415.393, 116
Trd, 4318416.293, 112
Trd, 4318419.343, 110
Trd, 4318419.493, 107
Trd, 4318419.843, 103
Trd, 4318421.643, 105
Trd, 4318423.093, 101
Trd, 4318423.743, 95
Trd, 4318424.693, 93
Trd, 4318425.743, 95
Trd, 4318425.843, 100
Trd, 4318425.993, 86
Trd, 4318427.543, 96
Trd, 4318428.093, 79
Trd, 4318429.093, 107
Trd, 4318429.393, 91
Trd, 4318432.143, 98
Trd, 4318432.843, 94
Trd, 4318433.293, 114
Trd, 4318433.443, 93
Trd, 4318434.393, 98
Trd, 4318434.443, 77
Trd, 4318437.793, 96
Trd, 4318437.993, 92
Trd, 4318439.043, 95
Trd, 4318440.293, 93
Trd, 4318440.443, 104
Trd, 4318441.443, 96
Trd, 4318442.643, 87
Trd, 4318444.493, 92
Trd, 4318445.393, 95
Trd, 4318446.093, 93
Trd, 4318446.693, 95
Trd, 4318448.993, 92
Trd, 4318449.643, 92
Trd, 4318450.893, 87
Trd, 4318452.843, 93
Trd, 4318453.093, 90
Trd, 4318454.043, 93
Trd, 4318455.843, 90
Trd, 4318457.393, 105
Trd, 4318458.393, 90
Trd, 4318459.843, 93
Trd, 4318461.543, 93
Trd, 4318462.243, 96
Trd, 4318464.543, 92
Trd, 4318466.643, 90
Trd, 4318467.343, 92
Trd, 4318468.243, 90
Trd, 4318469.843, 96
Trd, 4318469.993, 90
Trd, 4318470.743, 89
Trd, 4318473.843, 93
Trd, 4318474.193, 104
Trd, 4318474.693, 89
Trd, 4318475.693, 86
Trd, 4318476.243, 87
Trd, 4318476.493, 89
Trd, 4318477.043, 97
Trd, 4318477.843, 115
Trd, 4318479.643, 87
Trd, 4318480.043, 86
Trd, 4318483.343, 93
Trd, 4318483.643, 91
Trd, 4318485.593, 95
Trd, 4318485.993, 92
Trd, 4318487.343, 95
Trd, 4318488.693, 90
Trd, 4318490.693, 89
Trd, 4318491.043, 95
Trd, 4318491.293, 88
Trd, 4318493.393, 98
Trd, 4318496.093, 95
Trd, 4318496.293, 88
Trd, 4318499.043, 113
Trd, 4318499.393, 105
Trd, 4318499.793, 102
Trd, 4318500.143, 113
Trd, 4318503.093, 98
Trd, 4318503.243, 94
Trd, 4318504.943, 101
Trd, 4318505.093, 105
Trd, 4318508.293, 101
Trd, 4318509.243, 97
Trd, 4318509.693, 96
Trd, 4318511.393, 95
Trd, 4318511.443, 95
Trd, 4318511.793, 104
Trd, 4318513.943, 100
Trd, 4318514.943, 95
Trd, 4318515.393, 94
Trd, 4318515.693, 93
Trd, 4318516.693, 93
Trd, 4318517.843, 88
Trd, 4318518.693, 89
Trd, 4318521.343, 104
Trd, 4318523.393, 91
Trd, 4318523.493, 95
Trd, 4318525.293, 90
Trd, 4318527.643, 95
Trd, 4318527.893, 90
Trd, 4318529.793, 89
Trd, 4318530.693, 88
Trd, 4318532.093, 93
Trd, 4318532.543, 88
Trd, 4318533.343, 92
Trd, 4318535.893, 90
Trd, 4318536.343, 87
Trd, 4318537.093, 96
Trd, 4318537.643, 89
Trd, 4318540.593, 104
Trd, 4318540.893, 90
Trd, 4318541.243, 89
Trd, 4318543.593, 105
Trd, 4318545.193, 95
Trd, 4318546.343, 89
Trd, 4318546.993, 88
Trd, 4318547.793, 87
Trd, 4318548.243, 86
Trd, 4318549.193, 97
Trd, 4318551.143, 95
Trd, 4318552.393, 95
Trd, 4318552.793, 96
Trd, 4318553.843, 88
Trd, 4318554.043, 88
Trd, 4318555.143, 88
Trd, 4318559.943, 105
Trd, 4318561.293, 87
Trd, 4318561.493, 87
Trd, 4318562.943, 86
Trd, 4318563.043, 86
Trd, 4318563.093, 96
Trd, 4318564.843, 76
Trd, 4318564.943, 97
Trd, 4318567.843, 88
Trd, 4318568.093, 88
Trd, 4318568.993, 94
Trd, 4318569.043, 87
Trd, 4318569.893, 92
Trd, 4318570.793, 86
Trd, 4318574.243, 91
Trd, 4318574.693, 86
Trd, 4318574.843, 95
Trd, 4318578.893, 87
Trd, 4318581.793, 91
Trd, 4318582.543, 89
Trd, 4318582.743, 87
Trd, 4318583.493, 86
Trd, 4318584.493, 102
Trd, 4318585.443, 91
Trd, 4318586.343, 90
Trd, 4318587.443, 90
Trd, 4318588.793, 91
Trd, 4318590.193, 92
Trd, 4318591.293, 92
Trd, 4318593.293, 89
Trd, 4318593.743, 90
Trd, 4318594.693, 89
Trd, 4318597.443, 88
Trd, 4318597.693, 89
Trd, 4318600.093, 87
Trd, 4318601.843, 93
Trd, 4318602.843, 86
Trd, 4318604.143, 91
Trd, 4318605.543, 92
Trd, 4318605.743, 85
Trd, 4318609.293, 96
Trd, 4318610.743, 89
Trd, 4318613.093, 87
Trd, 4318613.243, 87
Trd, 4318614.643, 86
Trd, 4318616.043, 84
Trd, 4318616.243, 95
Trd, 4318616.643, 91
Trd, 4318620.943, 91
Trd, 4318621.343, 90
Trd, 4318623.093, 95
Trd, 4318623.143, 106
Trd, 4318623.643, 90
Trd, 4318623.993, 93
Trd, 4318626.493, 99
Trd, 4318626.593, 96
Trd, 4318627.293, 89
Trd, 4318628.293, 113
Trd, 4318629.643, 92
Trd, 4318631.043, 91
Trd, 4318631.943, 109
Trd, 4318632.843, 91
Trd, 4318633.693, 95
Trd, 4318634.243, 97
Trd, 4318635.943, 92
Trd, 4318637.193, 95
Trd, 4318639.093, 91
Trd, 4318639.843, 109
Trd, 4318640.093, 91
Trd, 4318640.793, 108
Trd, 4318641.243, 90
Trd, 4318642.993, 99
Trd, 4318643.393, 95
Trd, 4318645.193, 99
Trd, 4318645.393, 95
Trd, 4318645.493, 86
Trd, 4318646.693, 93
Trd, 4318647.943, 92
Trd, 4318648.543, 97
Trd, 4318650.593, 102
Trd, 4318653.343, 91
Trd, 4318653.843, 97
Trd, 4318654.293, 90
Trd, 4318654.593, 114
Trd, 4318656.793, 89
Trd, 4318658.743, 94
Trd, 4318659.243, 89
Trd, 4318660.943, 89
Trd, 4318663.893, 95
Trd, 4318664.193, 88
Trd, 4318664.443, 113
Trd, 4318665.043, 102
Trd, 4318665.593, 101
Trd, 4318666.343, 95
Trd, 4318667.993, 94
Trd, 4318668.493, 94
Trd, 4318668.743, 112
Trd, 4318669.343, 113
Trd, 4318671.993, 101
Trd, 4318672.743, 102
Trd, 4318673.543, 113
Trd, 4318674.393, 113
Trd, 4318675.043, 103
Trd, 4318675.343, 98
Trd, 4318675.743, 75
Trd, 4318678.593, 103
Trd, 4318680.493, 99
Trd, 4318680.843, 96
Trd, 4318681.193, 104
Trd, 4318684.093, 98
Trd, 4318686.293, 101
Trd, 4318686.593, 97
Trd, 4318687.893, 98
Trd, 4318688.443, 98
Trd, 4318690.143, 97
Trd, 4318690.343, 94
Trd, 4318690.893, 100
Trd, 4318693.393, 94
Trd, 4318693.793, 95
Trd, 4318695.543, 94
Trd, 4318696.343, 94
Trd, 4318696.843, 99
Trd, 4318696.893, 113
Trd, 4318697.743, 86
Trd, 4318701.193, 92
Trd, 4318702.143, 95
Trd, 4318703.043, 92
Trd, 4318703.843, 91
Trd, 4318703.993, 98
Trd, 4318704.093, 91
Trd, 4318706.793, 90
Trd, 4318707.293, 96
Trd, 4318710.743, 96
Trd, 4318712.393, 96
Trd, 4318713.693, 93
Trd, 4318714.293, 95
Trd, 4318715.293, 92
Trd, 4318716.343, 91
Trd, 4318718.443, 95
Trd, 4318718.893, 113
Trd, 4318719.993, 92
Trd, 4318720.493, 96
Trd, 4318720.793, 93
Trd, 4318721.143, 92
Trd, 4318721.793, 91
Trd, 4318722.293, 111
Trd, 4318725.843, 93
Trd, 4318727.093, 93
Trd, 4318728.993, 92
Trd, 4318730.393, 97
Trd, 4318732.693, 92
Trd, 4318733.093, 92
Trd, 4318733.743, 104
Trd, 4318734.043, 91
Trd, 4318735.343, 96
Trd, 4318735.893, 91
Trd, 4318737.043, 91
Trd, 4318739.543, 96
Trd, 4318740.343, 90
Trd, 4318740.393, 98
Trd, 4318740.943, 104
Trd, 4318741.743, 90
Trd, 4318742.393, 104
Trd, 4318744.593, 94
Trd, 4318748.643, 92
Trd, 4318749.343, 98
Trd, 4318750.243, 93
Trd, 4318751.743, 96
Trd, 4318754.043, 95
Trd, 4318754.543, 95
Trd, 4318755.943, 93
Trd, 4318756.243, 94
Trd, 4318757.193, 95
Trd, 4318757.443, 93
Trd, 4318758.393, 113
Trd, 4318758.993, 93
Trd, 4318761.993, 91
Trd, 4318762.743, 90
Trd, 4318763.093, 82
Trd, 4318766.043, 91
Trd, 4318769.493, 91
Trd, 4318769.543, 90
Trd, 4318770.443, 95
Trd, 4318770.643, 112
Trd, 4318772.943, 89
Trd, 4318773.543, 89
Trd, 4318773.643, 94
Trd, 4318774.193, 89
Trd, 4318776.143, 95
Trd, 4318777.443, 91
Trd, 4318779.143, 88
Trd, 4318779.943, 88
Trd, 4318780.093, 111
Trd, 4318780.693, 87
Trd, 4318781.543, 96
Trd, 4318783.943, 86
Trd, 4318784.193, 96
Trd, 4318785.043, 87
Trd, 4318786.343, 86
Trd, 4318786.393, 96
Trd, 4318788.493, 97
Trd, 4318789.193, 94
Trd, 4318789.593, 104
Trd, 4318790.293, 86
Trd, 4318792.593, 90
Trd, 4318793.393, 88
Trd, 4318794.693, 89
Trd, 4318797.043, 89
Trd, 4318801.193, 93
Trd, 4318801.293, 104
Trd, 4318801.743, 105
Trd, 4318803.043, 92
Trd, 4318804.543, 88
Trd, 4318806.443, 96
Trd, 4318807.193, 87
Trd, 4318807.243, 87
Trd, 4318810.143, 99
Trd, 4318811.743, 89
Trd, 4318812.593, 115
Trd, 4318812.993, 92
Trd, 4318813.943, 92
Trd, 4318814.193, 91
Trd, 4318815.493, 89
Trd, 4318815.993, 96
Trd, 4318816.793, 104
Trd, 4318818.343, 91
Trd, 4318819.993, 91
Trd, 4318820.793, 94
Trd, 4318822.993, 97
Trd, 4318823.243, 104
Trd, 4318824.643, 111
Trd, 4318825.093, 109
Trd, 4318825.143, 99
Trd, 4318828.093, 100
Trd, 4318828.993, 98
Trd, 4318829.943, 99
Trd, 4318831.543, 112
Trd, 4318832.543, 102
Trd, 4318832.843, 96
Trd, 4318833.493, 94
Trd, 4318833.693, 109
Trd, 4318834.243, 113
Trd, 4318834.293, 99
Trd, 4318834.643, 77
Trd, 4318838.643, 100
Trd, 4318840.143, 94
Trd, 4318842.093, 94
Trd, 4318842.293, 101
Trd, 4318843.243, 96
Trd, 4318843.443, 93
Trd, 4318845.493, 98
Trd, 4318845.843, 94
Trd, 4318847.343, 96
Trd, 4318849.793, 94
Trd, 4318849.843, 94
Trd, 4318850.343, 99
Trd, 4318851.543, 95
Trd, 4318852.093, 94
Trd, 4318853.143, 97
Trd, 4318853.643, 104
Trd, 4318854.443, 123
Trd, 4318854.793, 112
Trd, 4318855.943, 104
Trd, 4318857.143, 104
Trd, 4318857.443, 99
Trd, 4318859.343, 106
Trd, 4318860.043, 101
Trd, 4318861.893, 94
Trd, 4318862.143, 113
Trd, 4318863.093, 104
Trd, 4318863.643, 86
Trd, 4318865.493, 88
Trd, 4318865.743, 97
Trd, 4318867.393, 99
Trd, 4318867.843, 104
Trd, 4318868.343, 99
Trd, 4318869.793, 104
Trd, 4318870.693, 113
Trd, 4318870.993, 106
Trd, 4318872.043, 111
Trd, 4318872.943, 101
Trd, 4318873.193, 94
Trd, 4318873.743, 104
Trd, 4318874.143, 102
Trd, 4318877.793, 101
Trd, 4318877.943, 101
Trd, 4318878.693, 104
Trd, 4318878.843, 100
Trd, 4318880.693, 100
Trd, 4318880.793, 98
Trd, 4318881.843, 96
Trd, 4318882.443, 86
Trd, 4318883.143, 104
Trd, 4318884.193, 100
Trd, 4318885.093, 100
Trd, 4318887.043, 95
Trd, 4318888.143, 93
Trd, 4318890.743, 99
Trd, 4318891.893, 92
Trd, 4318892.693, 95
Trd, 4318893.293, 99
Trd, 4318893.793, 95
Trd, 4318893.943, 95
Trd, 4318894.443, 105
Trd, 4318896.443, 93
Trd, 4318897.593, 88
Trd, 4318899.143, 99
Trd, 4318899.543, 93
Trd, 4318899.793, 92
Trd, 4318899.943, 86
Trd, 4318900.043, 107
Trd, 4318903.093, 89
Trd, 4318903.393, 100
Trd, 4318904.543, 89
Trd, 4318906.543, 95
Trd, 4318907.643, 98
Trd, 4318907.893, 90
Trd, 4318909.843, 95
Trd, 4318912.843, 95
Trd, 4318913.393, 90
Trd, 4318914.093, 89
Trd, 4318914.393, 89
Trd, 4318915.743, 88
Trd, 4318917.493, 93
Trd, 4318917.693, 86
Trd, 4318917.943, 95
Trd, 4318920.293, 94
Trd, 4318920.443, 109
Trd, 4318921.143, 91
Trd, 4318921.943, 92
Trd, 4318922.743, 100
Trd, 4318924.643, 92
Trd, 4318925.493, 92
Trd, 4318925.743, 91
Trd, 4318927.393, 97
Trd, 4318927.843, 102
Trd, 4318930.143, 90
Trd, 4318931.243, 97
Trd, 4318931.593, 96
Trd, 4318931.993, 108
Trd, 4318932.943, 96
Trd, 4318933.443, 95
Trd, 4318935.543, 93
Trd, 4318936.293, 101
Trd, 4318938.943, 95
Trd, 4318939.893, 96
Trd, 4318940.543, 96
Trd, 4318942.693, 99
Trd, 4318944.743, 95
Trd, 4318945.093, 95
Trd, 4318945.843, 99
Trd, 4318947.343, 96
Trd, 4318948.043, 94
Trd, 4318949.743, 98
Trd, 4318949.843, 93
Trd, 4318950.293, 104
Trd, 4318951.143, 92
Trd, 4318951.793, 91
Trd, 4318954.493, 91
Trd, 4318955.543, 96
Trd, 4318956.093, 90
Trd, 4318958.443, 96
Trd, 4318959.593, 103
Trd, 4318960.543, 97
Trd, 4318961.693, 91
Trd, 4318963.293, 90
Trd, 4318964.493, 91
Trd, 4318965.943, 90
Trd, 4318968.993, 96
Trd, 4318969.843, 90
Trd, 4318969.943, 95
Trd, 4318971.443, 89
Trd, 4318971.943, 101
Trd, 4318972.293, 88
Trd, 4318973.543, 87
Trd, 4318974.793, 96
Trd, 4318977.943, 93
Trd, 4318978.043, 92
Trd, 4318978.143, 96
Trd, 4318981.043, 92
Trd, 4318981.543, 96
Trd, 4318982.843, 91
Trd, 4318986.743, 91
Trd, 4318986.843, 90
Trd, 4318987.193, 95
Trd, 4318988.043, 90
Trd, 4318990.243, 97
Trd, 4318991.343, 92
Trd, 4318992.493, 113
Trd, 4318993.193, 100
Trd, 4318993.693, 110
Trd, 4318994.193, 99
Trd, 4318994.343, 100
Trd, 4318996.443, 98
Trd, 4318997.743, 94
Trd, 4318998.643, 86
Trd, 4318999.943, 97
Trd, 4319000.093, 102
Trd, 4319001.293, 107
Trd, 4319002.243, 96
Trd, 4319005.543, 98
Trd, 4319005.693, 97
Trd, 4319006.543, 96
Trd, 4319007.193, 100
Trd, 4319009.293, 96
Trd, 4319009.593, 95
Trd, 4319010.543, 94
Trd, 4319012.243, 96
Trd, 4319014.593, 99
Trd, 4319014.693, 107
Trd, 4319015.043, 96
Trd, 4319015.743, 108
Trd, 4319016.293, 95
Trd, 4319016.543, 94
Trd, 4319017.643, 102
Trd, 4319017.793, 92
Trd, 4319018.643, 88
Trd, 4319019.193, 78
Trd, 4319019.443, 97
Trd, 4319021.093, 86
Trd, 4319021.643, 109
Trd, 4319023.293, 95
Trd, 4319024.693, 95
Trd, 4319025.443, 94
Trd, 4319027.543, 91
Trd, 4319028.343, 95
Trd, 4319029.743, 95
Trd, 4319030.043, 91
Trd, 4319032.293, 90
Trd, 4319034.143, 93
Trd, 4319034.193, 90
Trd, 4319034.693, 100
Trd, 4319035.893, 90
Trd, 4319036.543, 86
Trd, 4319039.193, 89
Trd, 4319040.143, 92
Trd, 4319041.093, 89
Trd, 4319042.093, 88
Trd, 4319042.793, 109
Trd, 4319044.843, 88
Trd, 4319046.343, 87
Trd, 4319046.643, 94
Trd, 4319048.843, 88
Trd, 4319050.293, 92
Trd, 4319051.193, 86
Trd, 4319051.343, 86
Trd, 4319051.643, 101
Trd, 4319052.693, 87
Trd, 4319054.443, 87
Trd, 4319054.543, 106
Trd, 4319056.093, 87
Trd, 4319056.593, 106
Trd, 4319057.543, 88
Trd, 4319058.243, 97
Trd, 4319061.393, 95
Trd, 4319061.493, 88
Trd, 4319064.343, 87
Trd, 4319064.893, 94
Trd, 4319066.293, 86
Trd, 4319068.893, 88
Trd, 4319071.243, 87
Trd, 4319071.293, 91
Trd, 4319071.443, 96
Trd, 4319073.193, 86
Trd, 4319075.143, 90
Trd, 4319075.493, 88
Trd, 4319076.293, 87
Trd, 4319076.443, 87
Trd, 4319077.843, 98
Trd, 4319079.343, 86
Trd, 4319079.393, 91
Trd, 4319079.693, 86
Trd, 4319081.893, 93
Trd, 4319083.093, 97
Trd, 4319083.893, 96
Trd, 4319084.643, 107
Trd, 4319085.093, 113
Trd, 4319086.293, 95
Trd, 4319087.593, 95
Trd, 4319087.643, 94
Trd, 4319088.543, 90
Trd, 4319089.693, 93
Trd, 4319090.443, 105
Trd, 4319090.943, 109
Trd, 4319093.693, 98
Trd, 4319094.993, 98
Trd, 4319096.393, 95
Trd, 4319098.243, 94
Trd, 4319098.693, 98
Trd, 4319098.793, 109
Trd, 4319098.843, 93
Trd, 4319100.993, 92
Trd, 4319104.843, 94
Trd, 4319105.393, 93
Trd, 4319108.243, 97
Trd, 4319108.893, 98
Trd, 4319110.393, 115
Trd, 4319110.443, 92
Trd, 4319110.493, 92
Trd, 4319110.743, 100
Trd, 4319112.043, 91
Trd, 4319114.443, 91
Trd, 4319115.893, 90
Trd, 4319116.793, 97
Trd, 4319117.243, 105
Trd, 4319117.743, 89
Trd, 4319119.693, 98
Trd, 4319120.443, 102
Trd, 4319121.943, 98
Trd, 4319122.493, 99
Trd, 4319123.693, 98
Trd, 4319123.993, 101
Trd, 4319124.193, 94
Trd, 4319126.043, 97
Trd, 4319127.093, 97
Trd, 4319127.193, 99
Trd, 4319128.093, 104
Trd, 4319131.893, 100
Trd, 4319132.093, 98
Trd, 4319132.993, 105
Trd, 4319133.093, 116
Trd, 4319133.593, 98
Trd, 4319133.793, 112
Trd, 4319134.693, 96
Trd, 4319137.643, 101
Trd, 4319137.893, 97
Trd, 4319139.143, 95
Trd, 4319139.193, 95
Trd, 4319139.843, 97
Trd, 4319140.143, 103
Trd, 4319142.093, 96
Trd, 4319143.993, 94
Trd, 4319144.593, 95
Trd, 4319144.793, 101
Trd, 4319147.093, 94
Trd, 4319147.493, 96
Trd, 4319148.343, 93
Trd, 4319149.393, 86
Trd, 4319151.393, 92
Trd, 4319154.343, 100
Trd, 4319154.743, 105
Trd, 4319155.143, 96
Trd, 4319155.193, 93
Trd, 4319157.193, 106
Trd, 4319157.893, 92
Trd, 4319160.693, 98
Trd, 4319163.193, 91
Trd, 4319163.293, 97
Trd, 4319164.843, 97
Trd, 4319165.243, 105
Trd, 4319165.593, 94
Trd, 4319166.993, 86
Trd, 4319168.443, 97
Trd, 4319168.493, 92
Trd, 4319171.043, 104
Trd, 4319171.943, 113
Trd, 4319172.043, 97
Trd, 4319174.193, 99
Trd, 4319174.893, 99
Trd, 4319176.443, 99
Trd, 4319179.093, 100
Trd, 4319179.393, 98
Trd, 4319179.643, 105
Trd, 4319179.943, 97
Trd, 4319180.093, 96
Trd, 4319180.493, 94
Trd, 4319181.043, 77
Trd, 4319182.843, 125
Trd, 4319183.943, 113
Trd, 4319184.743, 102
Trd, 4319185.843, 113
Trd, 4319186.243, 104
Trd, 4319187.543, 105
Trd, 4319188.593, 99
Trd, 4319188.893, 94
Trd, 4319190.993, 95
Trd, 4319191.343, 106
Trd, 4319192.943, 99
Trd, 4319194.093, 94
Trd, 4319194.193, 101
Trd, 4319195.893, 98
Trd, 4319196.393, 100
Trd, 4319198.143, 97
Trd, 4319198.793, 107
Trd, 4319199.443, 97
Trd, 4319200.093, 96
Trd, 4319202.143, 99
Trd, 4319203.193, 100
Trd, 4319203.793, 95
Trd, 4319205.343, 95
Trd, 4319206.293, 98
Trd, 4319206.593, 94
Trd, 4319206.993, 96
Trd, 4319210.543, 95
Trd, 4319211.343, 93
Trd, 4319212.693, 109
Trd, 4319214.443, 92
Trd, 4319215.443, 92
Trd, 4319216.343, 91
Trd, 4319217.943, 96
Trd, 4319219.693, 97
Trd, 4319220.643, 93
Trd, 4319222.343, 96
Trd, 4319222.793, 105
Trd, 4319223.243, 94
Trd, 4319224.943, 97
Trd, 4319225.043, 93
Trd, 4319226.493, 104
Trd, 4319227.793, 92
Trd, 4319228.943, 96
Trd, 4319229.293, 95
Trd, 4319230.243, 98
Trd, 4319232.793, 96
Trd, 4319232.843, 95
Trd, 4319234.093, 106
Trd, 4319234.293, 77
Trd, 4319236.393, 96
Trd, 4319237.793, 95
Trd, 4319237.843, 95
Trd, 4319238.193, 107
Trd, 4319238.743, 93
Trd, 4319240.943, 94
Trd, 4319241.043, 92
Trd, 4319242.943, 93
Trd, 4319245.043, 96
Trd, 4319245.143, 109
Trd, 4319245.793, 93
Trd, 4319246.893, 93
Trd, 4319247.793, 87
Trd, 4319249.043, 100
Trd, 4319251.693, 94
Trd, 4319251.893, 92
Trd, 4319254.993, 93
Trd, 4319255.343, 92
Trd, 4319256.093, 95
Trd, 4319256.143, 97
Trd, 4319258.543, 91
Trd, 4319258.643, 80
Trd, 4319259.393, 87
Trd, 4319260.143, 92
Trd, 4319260.743, 95
Trd, 4319263.093, 89
Trd, 4319263.693, 110
Trd, 4319265.893, 111
Trd, 4319265.993, 93
Trd, 4319266.643, 86
Trd, 4319268.143, 97
Trd, 4319268.943, 93
Trd, 4319269.893, 92
Trd, 4319270.493, 82
Trd, 4319270.743, 92
Trd, 4319271.393, 100
Trd, 4319273.993, 91
Trd, 4319274.043, 90
Trd, 4319275.143, 91
Trd, 4319279.693, 97
Trd, 4319279.843, 90
Trd, 4319279.943, 89
Trd, 4319279.993, 89
Trd, 4319280.893, 93
Trd, 4319282.293, 86
Trd, 4319283.893, 90
Trd, 4319284.393, 98
Trd, 4319284.643, 105
Trd, 4319287.943, 91
Trd, 4319288.893, 93
Trd, 4319290.393, 89
Trd, 4319293.843, 89
Trd, 4319296.243, 89
Trd, 4319296.693, 91
Trd, 4319296.893, 88
Trd, 4319297.693, 105
Trd, 4319297.893, 86
Trd, 4319298.393, 85
Trd, 4319298.493, 97
Trd, 4319299.393, 110
Trd, 4319302.493, 113
Trd, 4319303.093, 100
Trd, 4319303.793, 113
Trd, 4319306.093, 110
Trd, 4319307.143, 109
Trd, 4319308.043, 106
Trd, 4319309.443, 103
Trd, 4319309.593, 113
Trd, 4319310.193, 94
Trd, 4319310.343, 86
Trd, 4319311.593, 95
Trd, 4319312.293, 93
Trd, 4319312.893, 113
Trd, 4319314.093, 103
Trd, 4319314.193, 114
Trd, 4319316.793, 102
Trd, 4319317.843, 101
Trd, 4319320.093, 94
Trd, 4319321.393, 100
Trd, 4319321.443, 105
Trd, 4319322.343, 108
Trd, 4319324.443, 99
Trd, 4319325.843, 106
Trd, 4319326.143, 107
Trd, 4319326.843, 98
Trd, 4319326.893, 98
Trd, 4319328.843, 97
Trd, 4319330.693, 97
Trd, 4319331.443, 96
Trd, 4319331.493, 100
Trd, 4319332.493, 104
Trd, 4319333.893, 94
Trd, 4319334.243, 95
Trd, 4319336.093, 99
Trd, 4319336.743, 93
Trd, 4319336.793, 86
Trd, 4319338.743, 98
Trd, 4319340.293, 96
Trd, 4319340.743, 96
Trd, 4319341.193, 104
Trd, 4319342.143, 110
Trd, 4319342.193, 95
Trd, 4319343.043, 101
Trd, 4319344.193, 96
Trd, 4319344.843, 93
Trd, 4319345.143, 104
Trd, 4319346.393, 96
Trd, 4319346.593, 96
Trd, 4319348.543, 115
Trd, 4319348.643, 94
Trd, 4319350.143, 95
Trd, 4319352.543, 100
Trd, 4319353.843, 97
Trd, 4319354.493, 97
Trd, 4319354.893, 96
Trd, 4319355.093, 95
Trd, 4319358.243, 100
Trd, 4319358.693, 94
Trd, 4319359.293, 94
Trd, 4319359.993, 93
Trd, 4319360.293, 100
Trd, 4319362.143, 92
Trd, 4319363.293, 104
Trd, 4319366.193, 93
Trd, 4319367.093, 92
Trd, 4319367.693, 95
Trd, 4319367.893, 91
Trd, 4319368.093, 98
Trd, 4319368.393, 77
Trd, 4319368.993, 94
Trd, 4319370.893, 89
Trd, 4319371.843, 88
Trd, 4319373.543, 96
Trd, 4319375.193, 89
Trd, 4319376.893, 89
Trd, 4319378.143, 93
Trd, 4319379.793, 94
Trd, 4319380.793, 94
Trd, 4319381.093, 90
Trd, 4319381.243, 90
Trd, 4319383.793, 89
Trd, 4319383.993, 103
Trd, 4319385.893, 88
Trd, 4319387.643, 91
Trd, 4319388.293, 88
Trd, 4319388.743, 104
Trd, 4319390.743, 87
Trd, 4319392.593, 86
Trd, 4319392.743, 94
Trd, 4319393.043, 86
Trd, 4319394.843, 104
Trd, 4319396.343, 84
Trd, 4319396.743, 102
Trd, 4319398.693, 84
Trd, 4319401.893, 94
Trd, 4319402.643, 85
Trd, 4319402.943, 95
Trd, 4319403.243, 84
Trd, 4319404.593, 100
Trd, 4319405.093, 96
Trd, 4319406.093, 106
Trd, 4319407.343, 94
Trd, 4319408.693, 96
Trd, 4319409.043, 95
Trd, 4319410.143, 93
Trd, 4319410.943, 92
Trd, 4319411.193, 95
Trd, 4319412.743, 95
Trd, 4319415.793, 94
Trd, 4319416.243, 92
Trd, 4319418.093, 95
Trd, 4319419.193, 108
Trd, 4319419.743, 93
Trd, 4319421.093, 97
Trd, 4319421.493, 93
Trd, 4319423.943, 92
Trd, 4319424.243, 91
Trd, 4319424.343, 96
Trd, 4319425.943, 89
Trd, 4319426.743, 87
Trd, 4319429.443, 94
Trd, 4319429.793, 96
Trd, 4319429.993, 90
Trd, 4319431.493, 100
Trd, 4319431.793, 89
Trd, 4319434.893, 97
Trd, 4319435.193, 108
Trd, 4319435.543, 92
Trd, 4319436.943, 97
Trd, 4319437.593, 96
Trd, 4319437.843, 94
Trd, 4319439.843, 93
Trd, 4319442.493, 95
Trd, 4319444.093, 94
Trd, 4319444.593, 103
Trd, 4319445.043, 93
Trd, 4319447.693, 92
Trd, 4319448.193, 96
Trd, 4319449.693, 91
Trd, 4319449.993, 92
Trd, 4319452.893, 107
Trd, 4319452.943, 91
Trd, 4319454.243, 93
Trd, 4319455.193, 95
Trd, 4319455.943, 91
Trd, 4319456.343, 95
Trd, 4319458.843, 107
Trd, 4319459.893, 89
Trd, 4319460.393, 89
Trd, 4319462.893, 97
Trd, 4319463.093, 89
Trd, 4319465.243, 95
Trd, 4319465.743, 88
Trd, 4319466.793, 88
Trd, 4319466.893, 129
Trd, 4319467.693, 88
Trd, 4319468.943, 89
Trd, 4319470.793, 95
Trd, 4319471.343, 99
Trd, 4319474.893, 94
Trd, 4319474.993, 90
Trd, 4319475.693, 96
Trd, 4319476.043, 92
Trd, 4319477.043, 102
Trd, 4319477.293, 86
Trd, 4319477.543, 77
Trd, 4319477.743, 98
Trd, 4319481.243, 90
Trd, 4319482.343, 104
Trd, 4319483.843, 89
Trd, 4319485.993, 98
Trd, 4319487.193, 104
Trd, 4319487.243, 88
Trd, 4319488.093, 110
Trd, 4319488.643, 102
Trd, 4319489.293, 95
Trd, 4319491.443, 96
Trd, 4319493.343, 99
Trd, 4319493.393, 109
Trd, 4319494.943, 94
Trd, 4319495.443, 93
Trd, 4319496.093, 93
Trd, 4319496.643, 96
Trd, 4319498.893, 93
Trd, 4319501.543, 95
Trd, 4319502.643, 97
Trd, 4319503.143, 92
Trd, 4319503.793, 95
Trd, 4319504.393, 95
Trd, 4319505.093, 94
Trd, 4319505.943, 93
Trd, 4319507.093, 96
Trd, 4319508.493, 79
Trd, 4319509.493, 105
Trd, 4319509.643, 92
Trd, 4319511.043, 93
Trd, 4319511.543, 112
Trd, 4319511.643, 90
Trd, 4319513.443, 97
Trd, 4319514.043, 97
Trd, 4319515.293, 97
Trd, 4319517.093, 97
Trd, 4319517.343, 95
Trd, 4319517.393, 110
Trd, 4319519.493, 94
Trd, 4319521.293, 98
Trd, 4319522.893, 113
Trd, 4319523.993, 102
Trd, 4319524.793, 105
Trd, 4319525.993, 103
Trd, 4319526.093, 107
Trd, 4319526.393, 102
Trd, 4319527.393, 109
Trd, 4319528.543, 102
Trd, 4319530.993, 94
Trd, 4319531.343, 95
Trd, 4319531.893, 103
Trd, 4319533.893, 105
Trd, 4319534.093, 98
Trd, 4319534.393, 94
Trd, 4319535.093, 103
Trd, 4319536.193, 94
Trd, 4319537.243, 86
Trd, 4319537.793, 131
Trd, 4319538.293, 79
Trd, 4319539.743, 111
Trd, 4319540.593, 107
Trd, 4319540.993, 102
Trd, 4319543.243, 100
Trd, 4319544.293, 105
Trd, 4319544.593, 101
Trd, 4319546.393, 94
Trd, 4319546.693, 97
Trd, 4319547.193, 105
Trd, 4319547.843, 97
Trd, 4319549.693, 96
Trd, 4319550.043, 86
Trd, 4319551.693, 105
Trd, 4319552.343, 116
Trd, 4319552.543, 94
Trd, 4319555.493, 96
Trd, 4319556.993, 93
Trd, 4319558.293, 103
Trd, 4319559.193, 92
Trd, 4319559.843, 91
Trd, 4319560.993, 92
Trd, 4319561.043, 98
Trd, 4319561.443, 91
Trd, 4319565.543, 90
Trd, 4319565.693, 90
Trd, 4319565.743, 97
Trd, 4319566.043, 89
Trd, 4319566.343, 99
Trd, 4319568.693, 90
Trd, 4319568.843, 90
Trd, 4319569.843, 97
Trd, 4319572.043, 95
Trd, 4319573.643, 89
Trd, 4319574.893, 104
Trd, 4319575.243, 104
Trd, 4319575.743, 93
Trd, 4319577.293, 92
Trd, 4319579.143, 98
Trd, 4319581.243, 93
Trd, 4319582.043, 97
Trd, 4319582.743, 93
Trd, 4319583.243, 92
Trd, 4319583.293, 92
Trd, 4319585.443, 91
Trd, 4319586.143, 90
Trd, 4319586.443, 95
Trd, 4319588.043, 96
Trd, 4319589.693, 98
Trd, 4319591.093, 104
Trd, 4319591.393, 96
Trd, 4319591.593, 92
Trd, 4319595.543, 94
Trd, 4319596.393, 105
Trd, 4319597.093, 94
Trd, 4319598.543, 100
Trd, 4319598.943, 94
Trd, 4319599.343, 100
Trd, 4319602.693, 94
Trd, 4319602.893, 94
Trd, 4319603.193, 102
Trd, 4319606.443, 93
Trd, 4319607.243, 105
Trd, 4319607.743, 92
Trd, 4319609.343, 92
Trd, 4319611.693, 107
Trd, 4319612.993, 92
Trd, 4319613.593, 117
Trd, 4319613.843, 111
Trd, 4319614.793, 112
Trd, 4319617.093, 102
Trd, 4319617.193, 102
Trd, 4319620.343, 113
Trd, 4319620.393, 103
Trd, 4319620.743, 107
Trd, 4319620.793, 114
Trd, 4319623.693, 94
Trd, 4319623.843, 100
Trd, 4319623.993, 115
Trd, 4319624.793, 97
Trd, 4319625.443, 86
Trd, 4319626.693, 95
Trd, 4319628.143, 97
Trd, 4319629.643, 94
Trd, 4319630.193, 87
Trd, 4319631.943, 98
Trd, 4319631.993, 111
Trd, 4319632.343, 94
Trd, 4319636.693, 97
Trd, 4319638.043, 109
Trd, 4319638.393, 94
Trd, 4319638.593, 93
Trd, 4319639.293, 99
Trd, 4319639.493, 93
Trd, 4319641.343, 93
Trd, 4319642.393, 95
Trd, 4319645.093, 93
Trd, 4319645.543, 92
Trd, 4319646.743, 111
Trd, 4319647.443, 112
Trd, 4319649.143, 101
Trd, 4319650.093, 100
Trd, 4319650.143, 98
Trd, 4319653.193, 104
Trd, 4319653.793, 103
Trd, 4319654.543, 102
Trd, 4319655.443, 97
Trd, 4319656.093, 100
Trd, 4319656.143, 115
Trd, 4319656.943, 94
Trd, 4319659.843, 113
Trd, 4319660.393, 111
Trd, 4319660.993, 103
Trd, 4319661.843, 95
Trd, 4319662.393, 105
Trd, 4319663.493, 97
Trd, 4319663.843, 94
Trd, 4319664.993, 106
Trd, 4319667.693, 100
Trd, 4319668.193, 100
Trd, 4319668.743, 100
Trd, 4319668.893, 102
Trd, 4319670.543, 105
Trd, 4319671.343, 113
Trd, 4319671.393, 99
Trd, 4319673.843, 94
Trd, 4319674.293, 86
Trd, 4319675.293, 97
Trd, 4319675.543, 94
Trd, 4319675.793, 103
Trd, 4319677.343, 100
Trd, 4319678.493, 104
Trd, 4319679.493, 101
Trd, 4319680.093, 99
Trd, 4319680.143, 93
Trd, 4319681.293, 96
Trd, 4319682.143, 117
Trd, 4319682.643, 95
Trd, 4319682.743, 81
Trd, 4319684.393, 92
Trd, 4319684.593, 103
Trd, 4319686.543, 104
Trd, 4319687.293, 92
Trd, 4319688.393, 90
Trd, 4319689.493, 82
Trd, 4319691.493, 99
Trd, 4319692.093, 113
Trd, 4319692.293, 103
Trd, 4319694.293, 101
Trd, 4319694.393, 119
Trd, 4319694.643, 101
Trd, 4319694.943, 92
Trd, 4319696.943, 113
Trd, 4319699.193, 108
Trd, 4319699.443, 105
Trd, 4319699.743, 115
Trd, 4319700.193, 103
Trd, 4319700.943, 104
Trd, 4319701.693, 94
Trd, 4319702.843, 86
Trd, 4319703.893, 108
Trd, 4319705.843, 111
Trd, 4319707.243, 102
Trd, 4319708.043, 112
Trd, 4319708.843, 101
Trd, 4319709.343, 97
Trd, 4319709.793, 109
Trd, 4319710.043, 100
Trd, 4319710.843, 94
Trd, 4319711.543, 95
Trd, 4319711.893, 97
Trd, 4319713.643, 78
Trd, 4319714.193, 111
Trd, 4319715.943, 97
Trd, 4319716.193, 97
Trd, 4319718.643, 113
Trd, 4319719.393, 105
Trd, 4319719.843, 103
Trd, 4319722.393, 104
Trd, 4319723.443, 103
Trd, 4319723.593, 105
Trd, 4319723.793, 94
Trd, 4319724.293, 100
Trd, 4319726.943, 98
Trd, 4319728.743, 95
Trd, 4319728.943, 104
Trd, 4319729.693, 104
Trd, 4319730.093, 94
Trd, 4319732.093, 103
Trd, 4319732.393, 104
Trd, 4319733.243, 99
Trd, 4319734.043, 96
Trd, 4319734.493, 95
Trd, 4319734.843, 94
Trd, 4319736.793, 89
Trd, 4319738.943, 81
Trd, 4319738.993, 95
Trd, 4319740.243, 91
Trd, 4319741.793, 91
Trd, 4319741.943, 94
Trd, 4319742.393, 105
Trd, 4319744.193, 95
Trd, 4319744.443, 90
Trd, 4319746.693, 90
Trd, 4319747.243, 89
Trd, 4319747.343, 100
Trd, 4319747.643, 89
Trd, 4319750.643, 89
Trd, 4319753.093, 92
Trd, 4319753.593, 100
Trd, 4319754.593, 88
Trd, 4319755.193, 88
Trd, 4319756.043, 88
Trd, 4319756.893, 88
Trd, 4319757.293, 93
Trd, 4319757.993, 93
Trd, 4319759.993, 90
Trd, 4319761.443, 107
Trd, 4319763.143, 91
Trd, 4319764.593, 92
Trd, 4319766.343, 96
Trd, 4319766.693, 91
Trd, 4319766.743, 96
Trd, 4319768.993, 91
Trd, 4319769.293, 89
Trd, 4319769.443, 107
Trd, 4319769.693, 86
Trd, 4319772.293, 96
Trd, 4319773.943, 89
Trd, 4319776.793, 96
Trd, 4319777.043, 88
Trd, 4319777.393, 88
Trd, 4319778.193, 99
Trd, 4319778.243, 87
Trd, 4319778.593, 109
Trd, 4319781.643, 88
Trd, 4319781.793, 89
Trd, 4319782.643, 96
Trd, 4319784.493, 87
Trd, 4319784.893, 96
Trd, 4319785.193, 87
Trd, 4319788.593, 89
Trd, 4319788.843, 96
Trd, 4319789.343, 89
Trd, 4319789.893, 95
Trd, 4319790.793, 88
Trd, 4319794.293, 91
Trd, 4319796.493, 87
Trd, 4319796.943, 87
Trd, 4319798.343, 95
Trd, 4319798.643, 87
Trd, 4319798.693, 86
Trd, 4319799.743, 87
Trd, 4319801.293, 92
Trd, 4319802.243, 95
Trd, 4319803.243, 86
Trd, 4319804.743, 96
Trd, 4319806.393, 88
Trd, 4319806.593, 96
Trd, 4319808.793, 94
Trd, 4319810.793, 99
Trd, 4319811.243, 89
Trd, 4319812.143, 90
Trd, 4319813.643, 91
Trd, 4319814.143, 91
Trd, 4319814.793, 93
Trd, 4319816.493, 90
Trd, 4319821.393, 93
Trd, 4319821.643, 90
Trd, 4319821.793, 89
Trd, 4319821.993, 97
Trd, 4319823.293, 89
Trd, 4319823.693, 85
Trd, 4319825.443, 92
Trd, 4319826.693, 88
Trd, 4319828.193, 88
Trd, 4319829.443, 87
Trd, 4319829.793, 91
Trd, 4319830.643, 98
Trd, 4319832.293, 87
Trd, 4319832.743, 86
Trd, 4319833.443, 101
Trd, 4319834.843, 89
Trd, 4319835.193, 104
Trd, 4319838.843, 90
Trd, 4319839.343, 89
Trd, 4319839.543, 89
Trd, 4319839.743, 95
Trd, 4319842.293, 95
Trd, 4319842.493, 94
Trd, 4319842.593, 105
Trd, 4319843.243, 94
Trd, 4319844.643, 96
Trd, 4319845.943, 105
Trd, 4319846.943, 93
Trd, 4319847.593, 92
Trd, 4319847.893, 89
Trd, 4319849.743, 96
Trd, 4319850.343, 97
Trd, 4319851.493, 91
Trd, 4319852.693, 91
Trd, 4319852.893, 91
Trd, 4319854.693, 90
Trd, 4319856.143, 95
Trd, 4319856.343, 90
Trd, 4319856.393, 90
Trd, 4319857.743, 94
Trd, 4319858.143, 95
Trd, 4319859.743, 89
Trd, 4319859.993, 89
Trd, 4319861.893, 94
Trd, 4319864.143, 90
Trd, 4319864.793, 90
Trd, 4319865.293, 88
Trd, 4319865.543, 103
Trd, 4319867.143, 95
Trd, 4319871.893, 95
Trd, 4319872.293, 91
Trd, 4319873.243, 90
Trd, 4319873.693, 105
Trd, 4319873.943, 89
Trd, 4319874.593, 78
Trd, 4319878.393, 96
Trd, 4319878.893, 99
Trd, 4319879.593, 104
Trd, 4319880.643, 111
Trd, 4319880.843, 131
Trd, 4319883.243, 102
Trd, 4319883.443, 101
Trd, 4319883.493, 93
Trd, 4319884.393, 95
Trd, 4319886.343, 87
Trd, 4319887.143, 99
Trd, 4319887.443, 91
Trd, 4319888.893, 97
Trd, 4319891.143, 96
Trd, 4319891.493, 96
Trd, 4319892.593, 95
Trd, 4319892.843, 97
Trd, 4319893.643, 105
Trd, 4319894.143, 104
Trd, 4319896.143, 95
Trd, 4319897.043, 105
Trd, 4319897.893, 95
Trd, 4319901.543, 93
Trd, 4319903.743, 106
Trd, 4319904.243, 93
Trd, 4319904.393, 93
Trd, 4319904.443, 114
Trd, 4319905.043, 100
Trd, 4319907.143, 95
Trd, 4319907.893, 113
Trd, 4319907.943, 93
Trd, 4319909.243, 92
Trd, 4319910.293, 92
Trd, 4319912.793, 86
Trd, 4319913.693, 89
Trd, 4319914.143, 87
Trd, 4319914.443, 80
Trd, 4319917.893, 88
Trd, 4319918.493, 89
Trd, 4319918.893, 100
Trd, 4319919.693, 109
Trd, 4319921.593, 87
Trd, 4319924.093, 86
Trd, 4319924.393, 93
Trd, 4319924.443, 86
Trd, 4319927.393, 92
Trd, 4319927.643, 85
Trd, 4319927.793, 96
Trd, 4319928.443, 85
Trd, 4319929.893, 93
Trd, 4319930.893, 91
Trd, 4319932.893, 104
Trd, 4319934.143, 91
Trd, 4319934.343, 89
Trd, 4319934.893, 90
Trd, 4319937.893, 104
Trd, 4319940.143, 90
Trd, 4319941.593, 89
Trd, 4319942.043, 96
Trd, 4319943.593, 89
Trd, 4319945.193, 95
Trd, 4319946.493, 95
Trd, 4319948.393, 105
Trd, 4319949.493, 89
Trd, 4319950.443, 88
Trd, 4319950.543, 95
Trd, 4319951.493, 88
Trd, 4319952.593, 87
Trd, 4319952.643, 87
Trd, 4319953.043, 94
Trd, 4319955.443, 87
Trd, 4319956.593, 98
Trd, 4319957.493, 76
Trd, 4319958.393, 78
Trd, 4319960.493, 86
Trd, 4319962.143, 86
Trd, 4319962.793, 86
Trd, 4319963.943, 87
Trd, 4319965.593, 89
Trd, 4319967.293, 86
Trd, 4319967.643, 99
Trd, 4319969.293, 89
Trd, 4319970.843, 90
Trd, 4319972.093, 100
Trd, 4319973.193, 89
Trd, 4319974.093, 88
Trd, 4319974.893, 88
Trd, 4319976.493, 105
Trd, 4319977.543, 89
Trd, 4319977.943, 86
Trd, 4319978.893, 92
Trd, 4319981.693, 87
Trd, 4319983.793, 89
Trd, 4319985.793, 92
Trd, 4319986.743, 89
Trd, 4319987.043, 92
Trd, 4319987.893, 88
Trd, 4319988.143, 86
Trd, 4319990.943, 91
Trd, 4319991.593, 88
Trd, 4319991.843, 97
Trd, 4319994.043, 92
Trd, 4319994.493, 107
Trd, 4319996.293, 91
Trd, 4319997.343, 95
Trd, 4319998.593, 90
