Trd, 4317868.843, 100
Trd, 4317869.143, 99
Trd, 4317872.243, 101
Trd, 4317872.893, 101
Trd, 4317874.693, 100
Trd, 4317875.293, 100
Trd, 4317876.443, 100
Trd, 4317878.243, 99
Trd, 4317878.493, 98
Trd, 4317880.543, 100
Trd, 4317881.493, 98
Trd, 4317881.743, 94
Trd, 4317883.043, 95
Trd, 4317885.843, 98
Trd, 4317886.243, 99
Trd, 4317887.543, 100
Trd, 4317887.943, 97
Trd, 4317889.343, 100
Trd, 4317889.943, 100
Trd, 4317892.643, 100
Trd, 4317892.793, 99
Trd, 4317893.893, 101
Trd, 4317894.243, 97
Trd, 4317897.293, 97
Trd, 4317897.343, 100
Trd, 4317900.393, 100
Trd, 4317901.693, 98
Trd, 4317902.943, 100
Trd, 4317904.043, 100
Trd, 4317905.343, 101
Trd, 4317906.293, 98
Trd, 4317907.793, 101
Trd, 4317908.393, 99
Trd, 4317910.693, 98
Trd, 4317913.843, 100
Trd, 4317915.093, 100
Trd, 4317915.643, 101
Trd, 4317915.743, 104
Trd, 4317916.143, 101
Trd, 4317916.493, 99
Trd, 4317916.893, 100
Trd, 4317918.843, 95
Trd, 4317920.443, 99
Trd, 4317921.693, 100
Trd, 4317922.743, 100
Trd, 4317924.743, 96
Trd, 4317926.443, 99
Trd, 4317926.993, 99
Trd, 4317927.593, 99
Trd, 4317928.293, 98
Trd, 4317928.843, 97
Trd, 4317930.393, 98
Trd, 4317930.793, 94
Trd, 4317933.743, 97
Trd, 4317933.843, 96
Trd, 4317935.093, 96
Trd, 4317936.593, 96
Trd, 4317936.993, 96
Trd, 4317939.193, 104
Trd, 4317941.593, 96
Trd, 4317944.243, 100
Trd, 4317945.143, 100
Trd, 4317945.293, 100
Trd, 4317945.543, 99
Trd, 4317946.843, 99
Trd, 4317947.293, 98
Trd, 4317948.543, 104
Trd, 4317948.993, 97
Trd, 4317951.543, 97
Trd, 4317952.693, 98
Trd, 4317953.543, 98
Trd, 4317953.693, 122
Trd, 4317954.093, 96
Trd, 4317959.843, 101
Trd, 4317961.543, 101
Trd, 4317962.393, 102
Trd, 4317962.743, 100
Trd, 4317964.993, 94
Trd, 4317966.643, 97
Trd, 4317968.843, 101
Trd, 4317969.693, 100
Trd, 4317970.243, 99
Trd, 4317971.843, 98
Trd, 4317972.843, 98
Trd, 4317973.443, 97
Trd, 4317975.793, 98
Trd, 4317976.093, 97
Trd, 4317976.943, 99
Trd, 4317979.743, 97
Trd, 4317980.643, 97
Trd, 4317980.943, 98
Trd, 4317981.093, 93
Trd, 4317984.943, 96
Trd, 4317985.843, 94
Trd, 4317988.693, 95
Trd, 4317990.143, 96
Trd, 4317992.043, 96
Trd, 4317994.693, 96
Trd, 4317994.843, 94
Trd, 4317995.793, 95
Trd, 4317996.843, 96
Trd, 4317997.593, 96
Trd, 4317997.993, 95
Trd, 4317998.593, 96
Trd, 4317999.593, 93
Trd, 4318002.543, 95
Trd, 4318003.243, 95
Trd, 4318004.393, 95
Trd, 4318004.843, 96
Trd, 4318005.243, 94
Trd, 4318010.043, 95
Trd, 4318010.543, 94
Trd, 4318010.943, 96
Trd, 4318012.243, 94
Trd, 4318013.093, 95
Trd, 4318013.293, 94
Trd, 4318014.693, 93
Trd, 4318015.243, 94
Trd, 4318018.143, 95
Trd, 4318018.543, 95
Trd, 4318018.793, 93
Trd, 4318021.593, 95
Trd, 4318021.843, 96
Trd, 4318022.943, 94
Trd, 4318024.293, 96
Trd, 4318025.893, 93
Trd, 4318026.943, 96
Trd, 4318027.743, 95
Trd, 4318028.443, 93
Trd, 4318030.943, 95
Trd, 4318031.743, 96
Trd, 4318032.093, 96
Trd, 4318033.243, 96
Trd, 4318033.543, 95
Trd, 4318034.793, 96
Trd, 4318036.543, 96
Trd, 4318037.593, 96
Trd, 4318038.793, 96
Trd, 4318042.143, 96
Trd, 4318042.293, 95
Trd, 4318042.893, 95
Trd, 4318044.643, 96
Trd, 4318046.493, 95
Trd, 4318046.693, 96
Trd, 4318046.893, 96
Trd, 4318049.043, 96
Trd, 4318051.593, 96
Trd, 4318052.093, 96
Trd, 4318053.093, 96
Trd, 4318054.443, 97
Trd, 4318055.793, 97
Trd, 4318056.193, 96
Trd, 4318058.343, 96
Trd, 4318058.843, 104
Trd, 4318060.943, 95
Trd, 4318062.443, 100
Trd, 4318064.593, 98
Trd, 4318065.993, 99
Trd, 4318067.093, 98
Trd, 4318067.743, 100
Trd, 4318068.093, 100
Trd, 4318070.943, 100
Trd, 4318071.043, 99
Trd, 4318072.543, 100
Trd, 4318073.143, 100
Trd, 4318073.843, 94
Trd, 4318076.843, 100
Trd, 4318077.343, 100
Trd, 4318077.993, 101
Trd, 4318079.593, 101
Trd, 4318081.193, 101
Trd, 4318081.593, 101
Trd, 4318082.493, 100
Trd, 4318086.543, 101
Trd, 4318086.593, 99
Trd, 4318087.643, 97
Trd, 4318089.293, 99
Trd, 4318091.093, 99
Trd, 4318091.943, 99
Trd, 4318093.693, 98
Trd, 4318095.793, 99
Trd, 4318096.843, 100
Trd, 4318099.493, 100
Trd, 4318101.043, 99
Trd, 4318101.743, 99
Trd, 4318102.093, 98
Trd, 4318102.793, 97
Trd, 4318104.493, 95
Trd, 4318104.643, 94
Trd, 4318106.493, 93
Trd, 4318108.193, 93
Trd, 4318111.143, 93
Trd, 4318111.843, 93
Trd, 4318113.643, 94
Trd, 4318114.743, 94
Trd, 4318115.243, 94
Trd, 4318117.843, 95
Trd, 4318119.543, 95
Trd, 4318120.693, 94
Trd, 4318122.293, 95
Trd, 4318123.243, 94
Trd, 4318123.943, 95
Trd, 4318124.443, 94
Trd, 4318125.943, 94
Trd, 4318126.993, 94
Trd, 4318128.493, 93
Trd, 4318129.393, 95
Trd, 4318130.143, 92
Trd, 4318132.793, 95
Trd, 4318133.993, 96
Trd, 4318135.443, 96
Trd, 4318135.643, 93
Trd, 4318137.543, 96
Trd, 4318139.943, 95
Trd, 4318140.693, 95
Trd, 4318142.743, 93
Trd, 4318144.093, 95
Trd, 4318146.243, 95
Trd, 4318146.943, 94
Trd, 4318148.093, 94
Trd, 4318149.193, 93
Trd, 4318149.843, 92
Trd, 4318150.293, 94
Trd, 4318151.743, 94
Trd, 4318152.593, 120
Trd, 4318154.143, 93
Trd, 4318154.843, 100
Trd, 4318156.493, 97
Trd, 4318156.893, 99
Trd, 4318159.443, 99
Trd, 4318159.593, 99
Trd, 4318159.643, 98
Trd, 4318161.243, 94
Trd, 4318161.643, 86
Trd, 4318165.293, 95
Trd, 4318166.243, 95
Trd, 4318166.343, 94
Trd, 4318166.743, 104
Trd, 4318170.143, 97
Trd, 4318171.193, 95
Trd, 4318172.493, 97
Trd, 4318172.893, 97
Trd, 4318173.143, 97
Trd, 4318175.793, 97
Trd, 4318176.543, 97
Trd, 4318178.543, 97
Trd, 4318179.143, 98
Trd, 4318179.493, 99
Trd, 4318180.543, 99
Trd, 4318180.893, 93
Trd, 4318181.643, 92
Trd, 4318182.943, 91
Trd, 4318183.693, 91
Trd, 4318185.543, 92
Trd, 4318188.343, 92
Trd, 4318189.093, 91
Trd, 4318189.643, 90
Trd, 4318192.143, 92
Trd, 4318192.693, 92
Trd, 4318194.093, 93
Trd, 4318195.193, 93
Trd, 4318195.693, 94
Trd, 4318196.443, 95
Trd, 4318197.043, 92
Trd, 4318201.343, 94
Trd, 4318201.693, 91
Trd, 4318202.943, 94
Trd, 4318203.643, 93
Trd, 4318207.293, 94
Trd, 4318207.593, 94
Trd, 4318211.093, 94
Trd, 4318211.893, 94
Trd, 4318212.043, 93
Trd, 4318213.243, 95
Trd, 4318214.193, 93
Trd, 4318215.443, 94
Trd, 4318216.043, 95
Trd, 4318216.093, 104
Trd, 4318220.593, 95
Trd, 4318221.743, 95
Trd, 4318222.493, 97
Trd, 4318223.043, 96
Trd, 4318223.393, 94
Trd, 4318224.493, 93
Trd, 4318225.343, 90
Trd, 4318226.643, 90
Trd, 4318227.643, 92
Trd, 4318228.943, 90
Trd, 4318231.393, 90
Trd, 4318233.343, 91
Trd, 4318233.993, 91
Trd, 4318235.193, 91
Trd, 4318235.293, 92
Trd, 4318237.743, 94
Trd, 4318238.993, 93
Trd, 4318241.643, 93
Trd, 4318242.443, 95
Trd, 4318243.743, 94
Trd, 4318244.143, 93
Trd, 4318245.443, 94
Trd, 4318247.093, 93
Trd, 4318247.593, 95
Trd, 4318250.243, 95
Trd, 4318250.693, 94
Trd, 4318251.993, 93
Trd, 4318253.093, 104
Trd, 4318258.243, 97
Trd, 4318259.693, 97
Trd, 4318261.993, 98
Trd, 4318262.093, 96
Trd, 4318263.743, 98
Trd, 4318267.243, 99
Trd, 4318268.693, 98
Trd, 4318269.343, 99
Trd, 4318270.893, 99
Trd, 4318272.493, 99
Trd, 4318273.493, 99
Trd, 4318273.993, 100
Trd, 4318274.993, 99
Trd, 4318275.393, 98
Trd, 4318277.393, 99
Trd, 4318277.893, 98
Trd, 4318279.393, 98
Trd, 4318281.093, 98
Trd, 4318283.243, 97
Trd, 4318284.243, 98
Trd, 4318284.343, 96
Trd, 4318285.043, 96
Trd, 4318286.043, 96
Trd, 4318286.293, 104
Trd, 4318289.643, 96
Trd, 4318291.393, 96
Trd, 4318292.043, 99
Trd, 4318294.293, 98
Trd, 4318295.893, 98
Trd, 4318295.993, 100
Trd, 4318298.293, 100
Trd, 4318298.993, 99
Trd, 4318299.593, 100
Trd, 4318301.593, 100
Trd, 4318301.943, 99
Trd, 4318302.443, 91
Trd, 4318304.293, 95
Trd, 4318308.143, 96
Trd, 4318308.543, 96
Trd, 4318308.943, 98
Trd, 4318309.943, 98
Trd, 4318310.593, 98
Trd, 4318311.243, 98
Trd, 4318312.643, 100
Trd, 4318314.393, 87
Trd, 4318314.693, 93
Trd, 4318315.793, 88
Trd, 4318316.043, 113
Trd, 4318317.693, 104
Trd, 4318322.093, 99
Trd, 4318322.143, 98
Trd, 4318323.493, 99
Trd, 4318324.543, 98
Trd, 4318325.493, 99
Trd, 4318326.743, 97
Trd, 4318328.343, 97
Trd, 4318329.143, 99
Trd, 4318331.843, 98
Trd, 4318332.293, 97
Trd, 4318335.243, 99
Trd, 4318336.093, 98
Trd, 4318336.743, 98
Trd, 4318336.893, 104
Trd, 4318338.393, 94
Trd, 4318339.793, 99
Trd, 4318341.843, 99
Trd, 4318342.093, 98
Trd, 4318343.393, 112
Trd, 4318343.693, 98
Trd, 4318347.043, 104
Trd, 4318349.693, 104
Trd, 4318349.843, 104
Trd, 4318351.093, 103
Trd, 4318351.393, 103
Trd, 4318354.443, 104
Trd, 4318355.243, 103
Trd, 4318355.793, 105
Trd, 4318357.943, 102
Trd, 4318359.643, 102
Trd, 4318360.443, 101
Trd, 4318360.893, 103
Trd, 4318364.793, 103
Trd, 4318365.543, 102
Trd, 4318367.643, 101
Trd, 4318369.393, 101
Trd, 4318370.793, 103
Trd, 4318372.743, 103
Trd, 4318373.043, 102
Trd, 4318373.643, 103
Trd, 4318374.993, 103
Trd, 4318376.043, 102
Trd, 4318377.893, 103
Trd, 4318378.793, 102
Trd, 4318380.493, 101
Trd, 4318381.793, 101
Trd, 4318383.393, 101
Trd, 4318384.093, 100
Trd, 4318387.243, 102
Trd, 4318388.343, 102
Trd, 4318389.143, 103
Trd, 4318389.243, 103
Trd, 4318390.943, 103
Trd, 4318394.293, 104
Trd, 4318395.243, 105
Trd, 4318395.693, 104
Trd, 4318397.343, 103
Trd, 4318398.393, 104
Trd, 4318402.593, 104
Trd, 4318403.693, 103
Trd, 4318403.793, 102
Trd, 4318404.043, 103
Trd, 4318406.093, 102
Trd, 4318406.443, 101
Trd, 4318407.093, 101
Trd, 4318407.843, 102
Trd, 4318407.943, 101
Trd, 4318412.793, 102
Trd, 4318413.043, 102
Trd, 4318413.193, 103
Trd, 4318413.443, 100
Trd, 4318416.343, 103
Trd, 4318417.693, 100
Trd, 4318419.343, 101
Trd, 4318420.143, 101
Trd, 4318420.643, 100
Trd, 4318422.293, 98
Trd, 4318423.893, 101
Trd, 4318425.143, 100
Trd, 4318426.693, 99
Trd, 4318427.293, 100
Trd, 4318427.493, 98
Trd, 4318430.393, 100
Trd, 4318430.793, 100
Trd, 4318432.593, 99
Trd, 4318434.393, 100
Trd, 4318434.643, 98
Trd, 4318437.743, 101
Trd, 4318438.693, 98
Trd, 4318439.443, 102
Trd, 4318444.343, 102
Trd, 4318444.743, 102
Trd, 4318445.193, 98
Trd, 4318446.593, 103
Trd, 4318448.243, 99
Trd, 4318450.093, 101
Trd, 4318450.293, 100
Trd, 4318450.993, 101
Trd, 4318451.193, 100
Trd, 4318451.543, 99
Trd, 4318455.043, 99
Trd, 4318455.493, 109
Trd, 4318455.993, 101
Trd, 4318457.643, 104
Trd, 4318458.743, 103
Trd, 4318459.293, 103
Trd, 4318461.393, 104
Trd, 4318461.893, 104
Trd, 4318463.893, 103
Trd, 4318463.943, 104
Trd, 4318465.593, 104
Trd, 4318466.243, 102
Trd, 4318468.393, 96
Trd, 4318470.693, 104
Trd, 4318472.643, 102
Trd, 4318473.643, 104
Trd, 4318474.143, 103
Trd, 4318474.693, 99
Trd, 4318475.393, 99
Trd, 4318477.493, 98
Trd, 4318480.343, 97
Trd, 4318480.793, 98
Trd, 4318481.293, 97
Trd, 4318481.343, 99
Trd, 4318483.543, 99
Trd, 4318485.743, 99
Trd, 4318485.793, 98
Trd, 4318487.343, 99
Trd, 4318487.643, 97
Trd, 4318489.093, 98
Trd, 4318490.493, 99
Trd, 4318492.843, 99
Trd, 4318493.343, 99
Trd, 4318493.543, 98
Trd, 4318495.843, 97
Trd, 4318497.793, 96
Trd, 4318498.493, 98
Trd, 4318500.293, 97
Trd, 4318501.143, 96
Trd, 4318505.143, 97
Trd, 4318506.893, 98
Trd, 4318507.393, 98
Trd, 4318509.743, 98
Trd, 4318509.943, 98
Trd, 4318510.643, 94
Trd, 4318511.643, 100
Trd, 4318514.193, 99
Trd, 4318515.493, 100
Trd, 4318517.243, 100
Trd, 4318517.343, 99
Trd, 4318520.543, 98
Trd, 4318521.693, 99
Trd, 4318525.793, 100
Trd, 4318526.493, 101
Trd, 4318526.643, 101
Trd, 4318527.593, 101
Trd, 4318529.493, 95
Trd, 4318530.593, 94
Trd, 4318532.393, 95
Trd, 4318533.343, 95
Trd, 4318534.343, 95
Trd, 4318534.993, 95
Trd, 4318535.143, 94
Trd, 4318537.093, 93
Trd, 4318539.293, 92
Trd, 4318540.693, 93
Trd, 4318541.293, 94
Trd, 4318542.443, 92
Trd, 4318543.793, 95
Trd, 4318544.343, 93
Trd, 4318545.543, 95
Trd, 4318548.193, 93
Trd, 4318549.293, 95
Trd, 4318550.143, 95
Trd, 4318552.493, 95
Trd, 4318552.643, 94
Trd, 4318552.793, 96
Trd, 4318553.693, 96
Trd, 4318553.743, 94
Trd, 4318558.393, 96
Trd, 4318559.043, 96
Trd, 4318562.893, 96
Trd, 4318563.843, 95
Trd, 4318565.643, 95
Trd, 4318566.093, 97
Trd, 4318566.393, 94
Trd, 4318569.243, 98
Trd, 4318571.693, 96
Trd, 4318572.643, 98
Trd, 4318573.243, 99
Trd, 4318573.993, 97
Trd, 4318574.493, 97
Trd, 4318575.493, 97
Trd, 4318575.593, 96
Trd, 4318576.993, 86
Trd, 4318577.643, 90
Trd, 4318578.393, 121
Trd, 4318581.893, 99
Trd, 4318584.793, 101
Trd, 4318586.443, 100
Trd, 4318587.893, 99
Trd, 4318589.393, 100
Trd, 4318591.193, 100
Trd, 4318591.793, 95
Trd, 4318594.993, 99
Trd, 4318595.143, 99
Trd, 4318596.543, 99
Trd, 4318596.693, 97
Trd, 4318598.993, 98
Trd, 4318599.943, 98
Trd, 4318601.993, 98
Trd, 4318602.193, 97
Trd, 4318602.243, 96
Trd, 4318605.093, 97
Trd, 4318605.143, 97
Trd, 4318605.743, 96
Trd, 4318608.143, 97
Trd, 4318608.893, 98
Trd, 4318609.743, 99
Trd, 4318611.693, 99
Trd, 4318612.943, 100
Trd, 4318614.893, 100
Trd, 4318615.443, 99
Trd, 4318617.143, 100
Trd, 4318618.043, 99
Trd, 4318618.393, 101
Trd, 4318622.193, 96
Trd, 4318622.643, 96
Trd, 4318623.893, 96
Trd, 4318624.643, 95
Trd, 4318625.493, 94
Trd, 4318626.893, 87
Trd, 4318626.993, 86
Trd, 4318627.443, 92
Trd, 4318630.243, 89
Trd, 4318631.793, 93
Trd, 4318632.243, 93
Trd, 4318632.543, 93
Trd, 4318633.243, 92
Trd, 4318635.643, 94
Trd, 4318636.793, 93
Trd, 4318637.993, 94
Trd, 4318641.293, 94
Trd, 4318641.543, 93
Trd, 4318642.443, 94
Trd, 4318647.293, 94
Trd, 4318647.893, 95
Trd, 4318649.243, 95
Trd, 4318651.643, 95
Trd, 4318651.693, 94
Trd, 4318651.943, 94
Trd, 4318654.593, 95
Trd, 4318656.243, 95
Trd, 4318656.643, 95
Trd, 4318659.043, 96
Trd, 4318659.093, 96
Trd, 4318661.093, 95
Trd, 4318663.093, 97
Trd, 4318663.793, 96
Trd, 4318664.393, 97
Trd, 4318665.443, 97
Trd, 4318665.593, 98
Trd, 4318666.243, 96
Trd, 4318672.893, 97
Trd, 4318672.943, 97
Trd, 4318674.643, 95
Trd, 4318676.343, 96
Trd, 4318677.143, 95
Trd, 4318677.843, 94
Trd, 4318680.243, 96
Trd, 4318681.193, 95
Trd, 4318681.793, 96
Trd, 4318685.743, 96
Trd, 4318686.493, 95
Trd, 4318686.593, 94
Trd, 4318687.843, 93
Trd, 4318690.843, 96
Trd, 4318693.143, 96
Trd, 4318693.693, 95
Trd, 4318694.243, 94
Trd, 4318694.343, 95
Trd, 4318695.243, 112
Trd, 4318697.193, 121
Trd, 4318698.843, 110
Trd, 4318699.693, 110
Trd, 4318703.193, 110
Trd, 4318703.943, 110
Trd, 4318704.293, 103
Trd, 4318705.543, 109
Trd, 4318707.243, 95
Trd, 4318709.143, 101
Trd, 4318712.493, 101
Trd, 4318712.743, 101
Trd, 4318712.943, 100
Trd, 4318713.993, 97
Trd, 4318715.393, 97
Trd, 4318716.243, 96
Trd, 4318719.643, 96
Trd, 4318719.743, 96
Trd, 4318720.993, 95
Trd, 4318721.793, 95
Trd, 4318723.343, 97
Trd, 4318724.893, 95
Trd, 4318726.243, 95
Trd, 4318726.693, 95
Trd, 4318726.993, 104
Trd, 4318728.693, 94
Trd, 4318732.093, 96
Trd, 4318734.843, 96
Trd, 4318734.993, 95
Trd, 4318735.343, 95
Trd, 4318736.493, 96
Trd, 4318737.443, 96
Trd, 4318738.693, 96
Trd, 4318740.743, 101
Trd, 4318740.943, 101
Trd, 4318741.243, 101
Trd, 4318743.393, 102
Trd, 4318744.143, 95
Trd, 4318746.143, 100
Trd, 4318747.743, 98
Trd, 4318749.893, 99
Trd, 4318749.993, 100
Trd, 4318750.993, 100
Trd, 4318752.593, 99
Trd, 4318753.343, 98
Trd, 4318753.893, 100
Trd, 4318755.943, 98
Trd, 4318760.143, 97
Trd, 4318760.293, 97
Trd, 4318760.393, 97
Trd, 4318762.193, 98
Trd, 4318762.693, 113
Trd, 4318762.993, 99
Trd, 4318766.243, 100
Trd, 4318769.793, 104
Trd, 4318770.193, 104
Trd, 4318771.143, 103
Trd, 4318771.793, 102
Trd, 4318772.443, 103
Trd, 4318773.243, 103
Trd, 4318774.343, 101
Trd, 4318775.893, 102
Trd, 4318776.343, 102
Trd, 4318778.093, 102
Trd, 4318778.143, 101
Trd, 4318780.693, 104
Trd, 4318782.193, 104
Trd, 4318782.543, 105
Trd, 4318783.443, 102
Trd, 4318785.493, 102
Trd, 4318788.593, 101
Trd, 4318789.043, 101
Trd, 4318790.743, 99
Trd, 4318790.893, 99
Trd, 4318791.043, 99
Trd, 4318791.843, 98
Trd, 4318792.043, 97
Trd, 4318793.393, 87
Trd, 4318793.793, 91
Trd, 4318796.943, 93
Trd, 4318797.443, 94
Trd, 4318797.843, 93
Trd, 4318799.143, 97
Trd, 4318801.043, 95
Trd, 4318801.743, 96
Trd, 4318804.793, 93
Trd, 4318806.193, 96
Trd, 4318809.193, 95
Trd, 4318809.343, 95
Trd, 4318810.093, 95
Trd, 4318810.343, 95
Trd, 4318811.243, 94
Trd, 4318813.243, 94
Trd, 4318813.543, 95
Trd, 4318816.143, 95
Trd, 4318816.343, 94
Trd, 4318817.393, 95
Trd, 4318818.243, 95
Trd, 4318819.493, 94
Trd, 4318819.593, 93
Trd, 4318820.043, 104
Trd, 4318824.393, 99
Trd, 4318825.293, 94
Trd, 4318826.993, 97
Trd, 4318827.093, 98
Trd, 4318828.493, 103
Trd, 4318829.343, 101
Trd, 4318829.543, 100
Trd, 4318831.743, 100
Trd, 4318834.143, 102
Trd, 4318834.243, 103
Trd, 4318837.093, 101
Trd, 4318837.393, 103
Trd, 4318840.243, 103
Trd, 4318840.643, 103
Trd, 4318843.193, 104
Trd, 4318843.943, 103
Trd, 4318847.443, 104
Trd, 4318847.543, 104
Trd, 4318848.443, 104
Trd, 4318849.193, 104
Trd, 4318851.343, 104
Trd, 4318851.843, 103
Trd, 4318852.243, 102
Trd, 4318856.443, 102
Trd, 4318857.643, 101
Trd, 4318857.893, 100
Trd, 4318858.593, 102
Trd, 4318859.143, 101
Trd, 4318860.493, 102
Trd, 4318861.393, 103
Trd, 4318863.343, 100
Trd, 4318865.643, 103
Trd, 4318865.893, 103
Trd, 4318866.593, 99
Trd, 4318868.943, 103
Trd, 4318869.343, 104
Trd, 4318871.193, 104
Trd, 4318871.243, 104
Trd, 4318872.043, 101
Trd, 4318875.643, 98
Trd, 4318875.893, 98
Trd, 4318876.443, 99
Trd, 4318878.943, 100
Trd, 4318880.343, 100
Trd, 4318881.243, 100
Trd, 4318881.843, 98
Trd, 4318883.293, 97
Trd, 4318883.943, 97
Trd, 4318886.143, 98
Trd, 4318887.043, 99
Trd, 4318887.643, 98
Trd, 4318893.193, 99
Trd, 4318893.693, 98
Trd, 4318895.593, 97
Trd, 4318896.493, 99
Trd, 4318897.043, 98
Trd, 4318898.393, 98
Trd, 4318901.443, 97
Trd, 4318901.493, 99
Trd, 4318902.193, 98
Trd, 4318902.743, 98
Trd, 4318904.493, 97
Trd, 4318906.243, 97
Trd, 4318906.693, 104
Trd, 4318907.943, 96
Trd, 4318910.943, 96
Trd, 4318912.343, 98
Trd, 4318912.643, 98
Trd, 4318912.793, 97
Trd, 4318914.743, 96
Trd, 4318915.343, 98
Trd, 4318917.943, 99
Trd, 4318919.893, 99
Trd, 4318921.543, 100
Trd, 4318921.993, 101
Trd, 4318924.893, 98
Trd, 4318927.143, 101
Trd, 4318927.543, 99
Trd, 4318928.743, 100
Trd, 4318931.993, 100
Trd, 4318932.643, 100
Trd, 4318933.643, 99
Trd, 4318934.643, 98
Trd, 4318934.943, 94
Trd, 4318935.843, 98
Trd, 4318936.143, 98
Trd, 4318936.293, 97
Trd, 4318938.793, 99
Trd, 4318939.543, 99
Trd, 4318941.643, 99
Trd, 4318942.893, 100
Trd, 4318943.243, 96
Trd, 4318945.143, 99
Trd, 4318945.943, 98
Trd, 4318948.993, 99
Trd, 4318952.443, 99
Trd, 4318953.293, 100
Trd, 4318953.493, 98
Trd, 4318953.993, 97
Trd, 4318954.343, 101
Trd, 4318956.293, 101
Trd, 4318956.643, 101
Trd, 4318957.093, 101
Trd, 4318958.393, 100
Trd, 4318960.693, 101
Trd, 4318963.493, 101
Trd, 4318965.193, 101
Trd, 4318965.243, 99
Trd, 4318965.593, 101
Trd, 4318968.293, 101
Trd, 4318969.293, 101
Trd, 4318970.793, 101
Trd, 4318971.543, 100
Trd, 4318972.193, 99
Trd, 4318973.193, 104
Trd, 4318974.943, 99
Trd, 4318978.243, 101
Trd, 4318979.393, 97
Trd, 4318980.893, 95
Trd, 4318983.143, 91
Trd, 4318983.593, 91
Trd, 4318984.043, 92
Trd, 4318984.493, 91
Trd, 4318986.193, 104
Trd, 4318989.043, 94
Trd, 4318989.343, 94
Trd, 4318989.393, 95
Trd, 4318990.443, 95
Trd, 4318991.793, 95
Trd, 4318994.143, 94
Trd, 4318995.393, 95
Trd, 4318995.543, 96
Trd, 4318998.493, 95
Trd, 4318999.293, 96
Trd, 4318999.893, 94
Trd, 4319000.693, 95
Trd, 4319001.143, 97
Trd, 4319001.393, 97
Trd, 4319004.743, 96
Trd, 4319005.593, 97
Trd, 4319005.743, 97
Trd, 4319005.943, 98
Trd, 4319007.243, 96
Trd, 4319007.993, 98
Trd, 4319013.743, 98
Trd, 4319016.043, 98
Trd, 4319016.793, 97
Trd, 4319018.343, 98
Trd, 4319020.643, 97
Trd, 4319021.143, 98
Trd, 4319021.343, 98
Trd, 4319021.793, 98
Trd, 4319026.243, 98
Trd, 4319026.443, 98
Trd, 4319026.543, 97
Trd, 4319029.993, 97
Trd, 4319030.443, 99
Trd, 4319032.343, 97
Trd, 4319034.543, 99
Trd, 4319034.793, 100
Trd, 4319035.693, 99
Trd, 4319038.743, 100
Trd, 4319039.143, 99
Trd, 4319039.393, 98
Trd, 4319041.693, 97
Trd, 4319042.093, 98
Trd, 4319044.193, 98
Trd, 4319044.743, 98
Trd, 4319044.843, 97
Trd, 4319047.143, 98
Trd, 4319048.943, 98
Trd, 4319048.993, 98
Trd, 4319049.643, 104
Trd, 4319049.893, 97
Trd, 4319053.743, 100
Trd, 4319056.393, 100
Trd, 4319056.743, 99
Trd, 4319058.493, 99
Trd, 4319058.743, 98
Trd, 4319062.093, 98
Trd, 4319063.093, 98
Trd, 4319063.493, 97
Trd, 4319064.243, 98
Trd, 4319066.943, 98
Trd, 4319067.393, 98
Trd, 4319068.243, 94
Trd, 4319070.243, 98
Trd, 4319070.593, 95
Trd, 4319071.593, 97
Trd, 4319072.593, 97
Trd, 4319072.893, 97
Trd, 4319074.793, 101
Trd, 4319075.443, 99
Trd, 4319077.693, 100
Trd, 4319077.793, 100
Trd, 4319079.643, 100
Trd, 4319082.593, 100
Trd, 4319082.893, 101
Trd, 4319084.193, 100
Trd, 4319087.543, 100
Trd, 4319088.493, 101
Trd, 4319090.293, 100
Trd, 4319091.643, 101
Trd, 4319092.493, 100
Trd, 4319093.193, 100
Trd, 4319095.443, 96
Trd, 4319096.743, 95
Trd, 4319097.293, 95
Trd, 4319098.093, 96
Trd, 4319098.593, 96
Trd, 4319099.993, 97
Trd, 4319101.443, 96
Trd, 4319102.193, 95
Trd, 4319102.843, 95
Trd, 4319102.943, 94
Trd, 4319103.643, 96
Trd, 4319106.993, 95
Trd, 4319109.443, 95
Trd, 4319110.093, 96
Trd, 4319110.843, 96
Trd, 4319110.893, 96
Trd, 4319112.643, 97
Trd, 4319114.393, 94
Trd, 4319115.743, 97
Trd, 4319117.393, 97
Trd, 4319117.943, 97
Trd, 4319118.793, 96
Trd, 4319119.743, 96
Trd, 4319120.743, 95
Trd, 4319123.443, 113
Trd, 4319126.243, 98
Trd, 4319127.243, 100
Trd, 4319127.943, 100
Trd, 4319130.743, 100
Trd, 4319131.943, 99
Trd, 4319132.743, 100
Trd, 4319137.193, 100
Trd, 4319137.293, 100
Trd, 4319137.593, 101
Trd, 4319141.793, 101
Trd, 4319142.843, 101
Trd, 4319143.993, 101
Trd, 4319144.943, 100
Trd, 4319147.393, 101
Trd, 4319148.343, 100
Trd, 4319148.743, 101
Trd, 4319150.043, 101
Trd, 4319150.393, 101
Trd, 4319152.193, 101
Trd, 4319152.793, 100
Trd, 4319153.893, 99
Trd, 4319155.143, 98
Trd, 4319158.593, 98
Trd, 4319158.943, 99
Trd, 4319162.343, 97
Trd, 4319163.043, 98
Trd, 4319163.393, 97
Trd, 4319164.193, 98
Trd, 4319166.843, 104
Trd, 4319167.993, 100
Trd, 4319168.443, 101
Trd, 4319170.043, 102
Trd, 4319171.793, 101
Trd, 4319173.493, 102
Trd, 4319175.593, 100
Trd, 4319176.843, 101
Trd, 4319176.893, 100
Trd, 4319177.493, 100
Trd, 4319178.343, 100
Trd, 4319179.443, 100
Trd, 4319180.943, 100
Trd, 4319181.893, 101
Trd, 4319182.293, 101
Trd, 4319182.893, 101
Trd, 4319186.943, 101
Trd, 4319187.093, 101
Trd, 4319187.493, 101
Trd, 4319187.943, 87
Trd, 4319189.543, 95
Trd, 4319190.093, 122
Trd, 4319190.593, 91
Trd, 4319192.943, 96
Trd, 4319193.043, 95
Trd, 4319193.743, 96
Trd, 4319197.243, 96
Trd, 4319197.893, 97
Trd, 4319198.343, 98
Trd, 4319200.843, 97
Trd, 4319200.943, 98
Trd, 4319203.293, 98
Trd, 4319204.593, 97
Trd, 4319205.643, 97
Trd, 4319207.193, 97
Trd, 4319207.543, 97
Trd, 4319208.143, 98
Trd, 4319209.243, 95
Trd, 4319212.893, 98
Trd, 4319213.693, 97
Trd, 4319214.393, 96
Trd, 4319216.943, 96
Trd, 4319217.393, 96
Trd, 4319218.093, 97
Trd, 4319218.943, 97
Trd, 4319220.543, 98
Trd, 4319221.143, 98
Trd, 4319224.193, 102
Trd, 4319225.343, 99
Trd, 4319225.493, 93
Trd, 4319225.843, 99
Trd, 4319227.843, 100
Trd, 4319228.993, 100
Trd, 4319231.043, 100
Trd, 4319234.393, 99
Trd, 4319234.743, 100
Trd, 4319235.343, 99
Trd, 4319236.343, 98
Trd, 4319237.193, 97
Trd, 4319237.493, 112
Trd, 4319240.243, 98
Trd, 4319241.893, 100
Trd, 4319242.893, 100
Trd, 4319243.793, 99
Trd, 4319244.243, 100
Trd, 4319244.743, 104
Trd, 4319246.093, 99
Trd, 4319247.443, 100
Trd, 4319247.493, 99
Trd, 4319247.893, 97
Trd, 4319251.493, 97
Trd, 4319251.693, 97
Trd, 4319253.043, 96
Trd, 4319255.093, 97
Trd, 4319255.943, 97
Trd, 4319256.093, 98
Trd, 4319256.443, 93
Trd, 4319257.293, 122
Trd, 4319263.293, 99
Trd, 4319265.243, 101
Trd, 4319265.893, 101
Trd, 4319267.043, 101
Trd, 4319268.043, 101
Trd, 4319268.943, 102
Trd, 4319269.343, 101
Trd, 4319270.793, 102
Trd, 4319271.943, 101
Trd, 4319274.943, 102
Trd, 4319275.793, 102
Trd, 4319276.143, 103
Trd, 4319277.993, 102
Trd, 4319279.543, 104
Trd, 4319280.843, 105
Trd, 4319281.543, 105
Trd, 4319282.293, 105
Trd, 4319283.993, 104
Trd, 4319285.043, 104
Trd, 4319286.393, 103
Trd, 4319288.543, 104
Trd, 4319291.143, 102
Trd, 4319293.543, 104
Trd, 4319293.943, 104
Trd, 4319294.343, 103
Trd, 4319298.293, 101
Trd, 4319300.243, 102
Trd, 4319301.393, 101
Trd, 4319301.993, 102
Trd, 4319302.643, 101
Trd, 4319303.743, 101
Trd, 4319304.943, 102
Trd, 4319306.393, 100
Trd, 4319309.543, 101
Trd, 4319309.943, 99
Trd, 4319310.143, 100
Trd, 4319310.843, 99
Trd, 4319312.043, 94
Trd, 4319314.343, 97
Trd, 4319315.693, 96
Trd, 4319316.093, 95
Trd, 4319317.393, 99
Trd, 4319320.993, 97
Trd, 4319321.743, 97
Trd, 4319322.143, 96
Trd, 4319322.243, 94
Trd, 4319325.143, 95
Trd, 4319328.943, 95
Trd, 4319329.543, 95
Trd, 4319330.343, 104
Trd, 4319333.593, 96
Trd, 4319335.243, 99
Trd, 4319336.093, 98
Trd, 4319336.643, 96
Trd, 4319338.693, 96
Trd, 4319338.793, 97
Trd, 4319338.993, 96
Trd, 4319343.693, 97
Trd, 4319344.543, 95
Trd, 4319345.393, 97
Trd, 4319348.043, 97
Trd, 4319348.293, 96
Trd, 4319349.893, 97
Trd, 4319350.593, 99
Trd, 4319351.543, 99
Trd, 4319351.693, 99
Trd, 4319354.843, 99
Trd, 4319356.043, 98
Trd, 4319357.093, 96
Trd, 4319357.293, 99
Trd, 4319358.643, 99
Trd, 4319359.993, 99
Trd, 4319361.293, 99
Trd, 4319362.493, 99
Trd, 4319362.793, 104
Trd, 4319366.443, 102
Trd, 4319367.043, 101
Trd, 4319367.493, 101
Trd, 4319367.743, 99
Trd, 4319371.143, 100
Trd, 4319371.893, 99
Trd, 4319372.793, 99
Trd, 4319375.193, 99
Trd, 4319375.493, 100
Trd, 4319376.843, 100
Trd, 4319377.143, 100
Trd, 4319377.343, 99
Trd, 4319380.193, 99
Trd, 4319382.593, 99
Trd, 4319384.143, 97
Trd, 4319385.493, 100
Trd, 4319385.743, 96
Trd, 4319388.993, 94
Trd, 4319389.293, 93
Trd, 4319390.493, 88
Trd, 4319391.093, 88
Trd, 4319391.243, 95
Trd, 4319393.393, 92
Trd, 4319394.643, 89
Trd, 4319396.743, 89
Trd, 4319397.643, 89
Trd, 4319398.393, 90
Trd, 4319400.993, 90
Trd, 4319401.943, 95
Trd, 4319402.893, 91
Trd, 4319404.293, 91
Trd, 4319405.043, 92
Trd, 4319407.393, 91
Trd, 4319408.293, 92
Trd, 4319409.243, 92
Trd, 4319409.493, 91
Trd, 4319410.993, 92
Trd, 4319413.643, 93
Trd, 4319415.293, 93
Trd, 4319417.543, 95
Trd, 4319418.343, 95
Trd, 4319418.643, 94
Trd, 4319421.193, 95
Trd, 4319421.393, 94
Trd, 4319421.593, 129
Trd, 4319423.593, 109
Trd, 4319423.643, 108
Trd, 4319424.593, 109
Trd, 4319428.043, 106
Trd, 4319429.493, 105
Trd, 4319430.743, 104
Trd, 4319430.793, 103
Trd, 4319433.843, 103
Trd, 4319433.943, 103
Trd, 4319434.393, 102
Trd, 4319435.843, 102
Trd, 4319438.293, 101
Trd, 4319438.843, 102
Trd, 4319440.093, 103
Trd, 4319441.843, 103
Trd, 4319442.593, 106
Trd, 4319443.143, 104
Trd, 4319444.093, 105
Trd, 4319444.743, 103
Trd, 4319446.693, 94
Trd, 4319447.543, 104
Trd, 4319453.443, 104
Trd, 4319453.743, 104
Trd, 4319454.493, 104
Trd, 4319454.593, 103
Trd, 4319455.793, 102
Trd, 4319457.443, 103
Trd, 4319458.393, 103
Trd, 4319458.593, 94
Trd, 4319459.743, 107
Trd, 4319461.193, 100
Trd, 4319461.743, 99
Trd, 4319461.993, 101
Trd, 4319465.393, 102
Trd, 4319467.443, 102
Trd, 4319468.393, 102
Trd, 4319468.443, 102
Trd, 4319471.193, 103
Trd, 4319471.493, 93
Trd, 4319474.943, 101
Trd, 4319475.143, 101
Trd, 4319475.693, 100
Trd, 4319476.393, 101
Trd, 4319476.643, 100
Trd, 4319477.793, 92
Trd, 4319478.943, 96
Trd, 4319482.243, 97
Trd, 4319482.593, 95
Trd, 4319482.893, 94
Trd, 4319484.643, 91
Trd, 4319486.543, 91
Trd, 4319487.893, 98
Trd, 4319489.193, 99
Trd, 4319489.443, 93
Trd, 4319490.543, 97
Trd, 4319492.743, 98
Trd, 4319493.693, 97
Trd, 4319495.093, 98
Trd, 4319496.093, 98
Trd, 4319498.893, 96
Trd, 4319500.643, 98
Trd, 4319501.843, 98
Trd, 4319503.743, 96
Trd, 4319504.143, 99
Trd, 4319505.943, 100
Trd, 4319506.693, 100
Trd, 4319507.643, 95
Trd, 4319511.443, 97
Trd, 4319511.843, 98
Trd, 4319512.543, 98
Trd, 4319513.543, 97
Trd, 4319514.343, 96
Trd, 4319516.493, 98
Trd, 4319517.843, 98
Trd, 4319520.493, 97
Trd, 4319521.193, 99
Trd, 4319522.693, 99
Trd, 4319523.993, 99
Trd, 4319525.093, 98
Trd, 4319526.643, 97
Trd, 4319527.793, 98
Trd, 4319529.043, 97
Trd, 4319531.343, 95
Trd, 4319531.493, 97
Trd, 4319532.293, 95
Trd, 4319533.693, 94
Trd, 4319534.543, 95
Trd, 4319534.693, 94
Trd, 4319537.743, 95
Trd, 4319537.943, 95
Trd, 4319540.043, 94
Trd, 4319542.143, 95
Trd, 4319543.043, 94
Trd, 4319543.593, 95
Trd, 4319544.343, 94
Trd, 4319548.693, 95
Trd, 4319549.043, 94
Trd, 4319549.493, 93
Trd, 4319549.993, 89
Trd, 4319550.843, 91
Trd, 4319553.093, 99
Trd, 4319553.843, 116
Trd, 4319553.893, 104
Trd, 4319556.043, 98
Trd, 4319557.143, 94
Trd, 4319557.843, 95
Trd, 4319558.693, 97
Trd, 4319558.793, 95
Trd, 4319560.243, 97
Trd, 4319563.843, 98
Trd, 4319564.493, 98
Trd, 4319566.143, 99
Trd, 4319566.293, 99
Trd, 4319568.643, 100
Trd, 4319570.443, 100
Trd, 4319571.643, 98
Trd, 4319573.943, 100
Trd, 4319575.293, 100
Trd, 4319575.893, 100
Trd, 4319576.993, 99
Trd, 4319582.043, 101
Trd, 4319582.393, 99
Trd, 4319585.993, 100
Trd, 4319586.293, 100
Trd, 4319586.693, 99
Trd, 4319590.193, 100
Trd, 4319590.993, 98
Trd, 4319592.143, 100
Trd, 4319592.243, 100
Trd, 4319592.343, 100
Trd, 4319593.593, 99
Trd, 4319595.093, 99
Trd, 4319595.593, 99
Trd, 4319596.593, 99
Trd, 4319597.143, 98
Trd, 4319599.693, 98
Trd, 4319602.243, 96
Trd, 4319603.993, 97
Trd, 4319604.093, 96
Trd, 4319604.243, 94
Trd, 4319604.543, 87
Trd, 4319607.793, 98
Trd, 4319608.043, 96
Trd, 4319608.543, 97
Trd, 4319610.843, 98
Trd, 4319611.193, 99
Trd, 4319611.893, 99
Trd, 4319614.093, 98
Trd, 4319614.993, 97
Trd, 4319615.443, 98
Trd, 4319615.593, 99
Trd, 4319617.593, 96
Trd, 4319620.443, 94
Trd, 4319622.393, 96
Trd, 4319622.693, 95
Trd, 4319622.793, 94
Trd, 4319623.543, 96
Trd, 4319624.893, 96
Trd, 4319626.293, 93
Trd, 4319627.843, 96
Trd, 4319628.143, 96
Trd, 4319628.643, 94
Trd, 4319630.293, 95
Trd, 4319630.993, 95
Trd, 4319633.593, 95
Trd, 4319634.343, 95
Trd, 4319635.493, 94
Trd, 4319635.743, 95
Trd, 4319637.643, 95
Trd, 4319638.793, 94
Trd, 4319639.793, 95
Trd, 4319639.893, 93
Trd, 4319642.443, 95
Trd, 4319644.493, 95
Trd, 4319645.593, 95
Trd, 4319646.043, 96
Trd, 4319647.943, 113
Trd, 4319649.943, 100
Trd, 4319650.943, 104
Trd, 4319651.443, 103
Trd, 4319654.693, 104
Trd, 4319655.193, 103
Trd, 4319656.343, 103
Trd, 4319658.793, 104
Trd, 4319658.893, 103
Trd, 4319660.643, 104
Trd, 4319661.343, 102
Trd, 4319662.793, 103
Trd, 4319663.143, 102
Trd, 4319665.243, 104
Trd, 4319665.793, 102
Trd, 4319666.543, 104
Trd, 4319666.693, 104
Trd, 4319667.243, 104
Trd, 4319668.743, 103
Trd, 4319670.693, 104
Trd, 4319671.343, 104
Trd, 4319673.593, 104
Trd, 4319677.893, 103
Trd, 4319678.043, 102
Trd, 4319678.243, 96
Trd, 4319679.493, 98
Trd, 4319682.743, 98
Trd, 4319683.543, 97
Trd, 4319684.493, 99
Trd, 4319687.293, 99
Trd, 4319687.343, 99
Trd, 4319688.243, 98
Trd, 4319689.393, 96
Trd, 4319690.143, 96
Trd, 4319690.493, 95
Trd, 4319692.543, 96
Trd, 4319694.993, 96
Trd, 4319695.243, 97
Trd, 4319695.293, 95
Trd, 4319696.943, 94
Trd, 4319697.843, 94
Trd, 4319699.843, 94
Trd, 4319701.243, 96
Trd, 4319702.643, 95
Trd, 4319703.693, 93
Trd, 4319705.443, 95
Trd, 4319706.243, 95
Trd, 4319707.293, 95
Trd, 4319707.693, 94
Trd, 4319708.743, 96
Trd, 4319709.443, 94
Trd, 4319712.443, 96
Trd, 4319713.843, 95
Trd, 4319714.393, 95
Trd, 4319715.543, 94
Trd, 4319716.543, 99
Trd, 4319717.843, 97
Trd, 4319719.193, 98
Trd, 4319719.943, 100
Trd, 4319721.993, 100
Trd, 4319723.793, 100
Trd, 4319725.543, 100
Trd, 4319726.443, 99
Trd, 4319727.893, 100
Trd, 4319729.943, 99
Trd, 4319730.993, 98
Trd, 4319731.943, 99
Trd, 4319732.143, 98
Trd, 4319733.493, 98
Trd, 4319734.693, 98
Trd, 4319735.543, 94
Trd, 4319737.043, 97
Trd, 4319737.343, 95
Trd, 4319740.143, 97
Trd, 4319740.893, 96
Trd, 4319743.693, 97
Trd, 4319744.643, 97
Trd, 4319746.193, 96
Trd, 4319747.393, 96
Trd, 4319747.843, 97
Trd, 4319747.943, 93
Trd, 4319750.343, 99
Trd, 4319752.243, 103
Trd, 4319752.643, 104
Trd, 4319754.393, 104
Trd, 4319754.493, 104
Trd, 4319757.343, 104
Trd, 4319757.643, 102
Trd, 4319757.993, 101
Trd, 4319759.043, 103
Trd, 4319761.893, 99
Trd, 4319762.693, 99
Trd, 4319764.443, 92
Trd, 4319764.793, 92
Trd, 4319765.193, 91
Trd, 4319766.093, 95
Trd, 4319767.693, 94
Trd, 4319769.543, 94
Trd, 4319770.593, 95
Trd, 4319770.793, 93
Trd, 4319772.743, 95
Trd, 4319773.043, 95
Trd, 4319775.493, 95
Trd, 4319776.043, 94
Trd, 4319777.193, 95
Trd, 4319778.293, 95
Trd, 4319779.043, 94
Trd, 4319779.193, 95
Trd, 4319784.393, 95
Trd, 4319784.443, 94
Trd, 4319785.493, 95
Trd, 4319786.643, 92
Trd, 4319787.293, 93
Trd, 4319789.793, 94
Trd, 4319790.193, 94
Trd, 4319790.943, 94
Trd, 4319791.893, 94
Trd, 4319792.343, 93
Trd, 4319793.893, 95
Trd, 4319796.893, 92
Trd, 4319800.743, 94
Trd, 4319801.143, 94
Trd, 4319801.843, 94
Trd, 4319802.143, 95
Trd, 4319804.793, 92
Trd, 4319805.493, 95
Trd, 4319806.993, 93
Trd, 4319808.293, 94
Trd, 4319809.593, 94
Trd, 4319809.693, 93
Trd, 4319810.793, 113
Trd, 4319815.043, 97
Trd, 4319815.593, 94
Trd, 4319817.793, 97
Trd, 4319818.643, 97
Trd, 4319821.043, 97
Trd, 4319821.193, 98
Trd, 4319822.243, 96
Trd, 4319825.243, 99
Trd, 4319825.543, 98
Trd, 4319827.943, 99
Trd, 4319828.543, 99
Trd, 4319829.093, 100
Trd, 4319830.293, 99
Trd, 4319833.543, 96
Trd, 4319833.743, 96
Trd, 4319834.643, 97
Trd, 4319836.193, 97
Trd, 4319837.443, 96
Trd, 4319837.993, 93
Trd, 4319838.893, 97
Trd, 4319840.043, 95
Trd, 4319842.393, 97
Trd, 4319844.193, 97
Trd, 4319844.343, 96
Trd, 4319846.993, 97
Trd, 4319847.193, 97
Trd, 4319847.393, 96
Trd, 4319848.343, 97
Trd, 4319848.843, 94
Trd, 4319849.943, 95
Trd, 4319851.993, 113
Trd, 4319853.843, 102
Trd, 4319855.893, 100
Trd, 4319856.243, 101
Trd, 4319856.493, 101
Trd, 4319857.093, 100
Trd, 4319859.143, 95
Trd, 4319860.293, 93
Trd, 4319861.993, 88
Trd, 4319862.093, 91
Trd, 4319865.143, 90
Trd, 4319866.243, 90
Trd, 4319866.643, 90
Trd, 4319868.493, 94
Trd, 4319869.693, 96
Trd, 4319870.093, 95
Trd, 4319870.143, 104
Trd, 4319872.043, 97
Trd, 4319872.493, 99
Trd, 4319875.093, 100
Trd, 4319876.743, 104
Trd, 4319876.993, 113
Trd, 4319877.493, 107
Trd, 4319878.143, 105
Trd, 4319880.693, 104
Trd, 4319881.743, 106
Trd, 4319882.443, 103
Trd, 4319883.393, 103
Trd, 4319884.043, 102
Trd, 4319884.493, 94
Trd, 4319888.343, 91
Trd, 4319888.443, 93
Trd, 4319889.443, 95
Trd, 4319889.593, 96
Trd, 4319890.493, 95
Trd, 4319891.243, 95
Trd, 4319892.443, 96
Trd, 4319894.193, 96
Trd, 4319897.093, 94
Trd, 4319899.193, 96
Trd, 4319899.693, 95
Trd, 4319899.943, 94
Trd, 4319900.593, 97
Trd, 4319906.343, 97
Trd, 4319907.693, 96
Trd, 4319910.293, 95
Trd, 4319910.793, 96
Trd, 4319912.593, 95
Trd, 4319913.443, 93
Trd, 4319916.493, 96
Trd, 4319917.593, 96
Trd, 4319918.643, 95
Trd, 4319919.393, 86
Trd, 4319920.493, 89
Trd, 4319923.843, 92
Trd, 4319925.193, 93
Trd, 4319925.843, 93
Trd, 4319926.943, 93
Trd, 4319928.193, 93
Trd, 4319929.093, 94
Trd, 4319929.193, 95
Trd, 4319930.043, 94
Trd, 4319930.243, 95
Trd, 4319931.943, 96
Trd, 4319932.043, 104
Trd, 4319934.943, 97
Trd, 4319935.693, 99
Trd, 4319936.243, 95
Trd, 4319938.193, 100
Trd, 4319939.193, 100
Trd, 4319940.093, 99
Trd, 4319942.093, 98
Trd, 4319942.143, 100
Trd, 4319943.343, 98
Trd, 4319948.543, 99
Trd, 4319950.043, 100
Trd, 4319950.393, 99
Trd, 4319950.843, 101
Trd, 4319951.443, 101
Trd, 4319952.643, 102
Trd, 4319953.043, 104
Trd, 4319953.593, 100
Trd, 4319957.743, 102
Trd, 4319958.243, 101
Trd, 4319958.943, 99
Trd, 4319959.643, 101
Trd, 4319960.243, 102
Trd, 4319961.793, 95
Trd, 4319965.593, 100
Trd, 4319966.193, 99
Trd, 4319966.493, 99
Trd, 4319970.393, 100
Trd, 4319971.093, 100
Trd, 4319971.693, 99
Trd, 4319972.043, 100
Trd, 4319975.393, 101
Trd, 4319976.243, 101
Trd, 4319979.993, 101
Trd, 4319980.043, 98
Trd, 4319981.693, 100
Trd, 4319982.343, 99
Trd, 4319983.493, 99
Trd, 4319984.793, 95
Trd, 4319986.643, 98
Trd, 4319986.993, 99
Trd, 4319989.643, 99
Trd, 4319994.243, 99
Trd, 4319994.843, 99
Trd, 4319995.393, 99
Trd, 4319997.043, 99
Trd, 4319998.543, 100
Trd, 4319999.893, 100
