Trd, 4317810.493, 94
Trd, 4317812.143, 94
Trd, 4317813.193, 95
Trd, 4317813.593, 91
Trd, 4317819.393, 93
Trd, 4317819.443, 95
Trd, 4317819.943, 94
Trd, 4317826.043, 94
Trd, 4317826.343, 95
Trd, 4317827.393, 95
Trd, 4317829.843, 95
Trd, 4317830.293, 96
Trd, 4317830.493, 94
Trd, 4317830.793, 94
Trd, 4317833.143, 95
Trd, 4317836.093, 87
Trd, 4317836.843, 94
Trd, 4317837.343, 118
Trd, 4317838.943, 106
Trd, 4317840.443, 93
Trd, 4317844.043, 92
Trd, 4317844.343, 94
Trd, 4317844.793, 94
Trd, 4317844.943, 96
Trd, 4317847.443, 96
Trd, 4317848.893, 95
Trd, 4317849.743, 93
Trd, 4317851.393, 92
Trd, 4317853.893, 94
Trd, 4317856.693, 95
Trd, 4317861.143, 94
Trd, 4317862.393, 93
Trd, 4317863.493, 93
Trd, 4317865.293, 93
Trd, 4317865.543, 91
Trd, 4317867.643, 90
Trd, 4317869.493, 93
Trd, 4317869.693, 92
Trd, 4317871.243, 93
Trd, 4317871.643, 91
Trd, 4317873.093, 93
Trd, 4317875.443, 93
Trd, 4317875.893, 91
Trd, 4317876.643, 94
Trd, 4317877.943, 93
Trd, 4317878.743, 92
Trd, 4317880.893, 93
Trd, 4317882.393, 91
Trd, 4317883.843, 93
Trd, 4317883.993, 90
Trd, 4317884.443, 85
Trd, 4317885.643, 93
Trd, 4317888.343, 91
Trd, 4317890.193, 93
Trd, 4317893.593, 93
Trd, 4317894.693, 93
Trd, 4317896.943, 93
Trd, 4317899.143, 92
Trd, 4317899.593, 95
Trd, 4317899.643, 91
Trd, 4317900.593, 93
Trd, 4317901.693, 93
Trd, 4317903.043, 106
Trd, 4317903.993, 91
Trd, 4317907.193, 102
Trd, 4317909.393, 101
Trd, 4317910.093, 100
Trd, 4317910.243, 99
Trd, 4317910.543, 102
Trd, 4317912.343, 104
Trd, 4317915.093, 99
Trd, 4317915.893, 102
Trd, 4317916.493, 99
Trd, 4317916.893, 98
Trd, 4317917.993, 102
Trd, 4317919.843, 93
Trd, 4317921.043, 104
Trd, 4317922.193, 96
Trd, 4317924.893, 95
Trd, 4317924.993, 99
Trd, 4317928.393, 95
Trd, 4317929.943, 98
Trd, 4317931.343, 98
Trd, 4317933.893, 98
Trd, 4317935.343, 96
Trd, 4317940.293, 95
Trd, 4317941.843, 95
Trd, 4317943.893, 97
Trd, 4317944.843, 97
Trd, 4317947.493, 97
Trd, 4317948.743, 97
Trd, 4317952.443, 97
Trd, 4317952.843, 95
Trd, 4317952.893, 97
Trd, 4317953.443, 85
Trd, 4317955.493, 95
Trd, 4317957.743, 96
Trd, 4317959.543, 93
Trd, 4317960.143, 95
Trd, 4317961.793, 96
Trd, 4317963.093, 95
Trd, 4317965.293, 95
Trd, 4317966.943, 96
Trd, 4317969.643, 95
Trd, 4317970.543, 95
Trd, 4317971.893, 95
Trd, 4317972.843, 94
Trd, 4317975.843, 93
Trd, 4317977.993, 92
Trd, 4317979.293, 96
Trd, 4317981.493, 95
Trd, 4317982.993, 93
Trd, 4317983.243, 95
Trd, 4317985.043, 95
Trd, 4317987.843, 94
Trd, 4317988.443, 95
Trd, 4317990.043, 95
Trd, 4317991.243, 93
Trd, 4317991.743, 95
Trd, 4317992.993, 95
Trd, 4317996.693, 94
Trd, 4317997.493, 94
Trd, 4317999.943, 95
Trd, 4318003.543, 96
Trd, 4318003.643, 94
Trd, 4318003.843, 92
Trd, 4318004.443, 95
Trd, 4318005.393, 103
Trd, 4318005.943, 101
Trd, 4318010.543, 101
Trd, 4318011.443, 98
Trd, 4318012.993, 98
Trd, 4318014.393, 96
Trd, 4318014.843, 98
Trd, 4318015.593, 99
Trd, 4318016.693, 97
Trd, 4318019.743, 95
Trd, 4318022.043, 95
Trd, 4318022.493, 85
Trd, 4318023.093, 97
Trd, 4318025.243, 93
Trd, 4318027.643, 96
Trd, 4318029.093, 97
Trd, 4318035.093, 96
Trd, 4318036.493, 95
Trd, 4318038.643, 95
Trd, 4318042.393, 94
Trd, 4318042.443, 95
Trd, 4318043.143, 95
Trd, 4318043.293, 104
Trd, 4318044.543, 94
Trd, 4318046.843, 94
Trd, 4318047.243, 96
Trd, 4318049.643, 93
Trd, 4318049.943, 92
Trd, 4318053.393, 94
Trd, 4318053.943, 92
Trd, 4318054.443, 93
Trd, 4318055.043, 94
Trd, 4318056.393, 95
Trd, 4318058.493, 93
Trd, 4318059.293, 94
Trd, 4318061.793, 94
Trd, 4318062.143, 95
Trd, 4318063.093, 95
Trd, 4318063.593, 93
Trd, 4318065.893, 95
Trd, 4318066.343, 86
Trd, 4318066.543, 95
Trd, 4318067.093, 95
Trd, 4318070.043, 125
Trd, 4318071.143, 93
Trd, 4318075.193, 98
Trd, 4318077.793, 98
Trd, 4318081.843, 97
Trd, 4318083.193, 93
Trd, 4318084.293, 93
Trd, 4318086.843, 95
Trd, 4318088.093, 95
Trd, 4318088.293, 93
Trd, 4318094.243, 95
Trd, 4318096.243, 94
Trd, 4318096.293, 94
Trd, 4318096.543, 93
Trd, 4318100.143, 95
Trd, 4318100.193, 105
Trd, 4318100.943, 94
Trd, 4318104.143, 94
Trd, 4318105.293, 98
Trd, 4318106.843, 95
Trd, 4318109.093, 95
Trd, 4318109.743, 96
Trd, 4318111.243, 95
Trd, 4318111.393, 94
Trd, 4318111.543, 94
Trd, 4318112.893, 93
Trd, 4318116.593, 92
Trd, 4318117.043, 94
Trd, 4318120.693, 91
Trd, 4318121.393, 94
Trd, 4318121.443, 94
Trd, 4318127.793, 94
Trd, 4318128.543, 94
Trd, 4318131.493, 95
Trd, 4318131.843, 95
Trd, 4318133.743, 93
Trd, 4318135.843, 92
Trd, 4318137.293, 93
Trd, 4318137.493, 93
Trd, 4318138.443, 96
Trd, 4318141.443, 91
Trd, 4318141.593, 94
Trd, 4318144.593, 91
Trd, 4318144.693, 94
Trd, 4318145.793, 94
Trd, 4318148.143, 90
Trd, 4318151.693, 94
Trd, 4318151.743, 89
Trd, 4318153.793, 94
Trd, 4318154.893, 91
Trd, 4318155.543, 94
Trd, 4318155.993, 89
Trd, 4318157.443, 94
Trd, 4318160.293, 94
Trd, 4318161.693, 94
Trd, 4318161.793, 94
Trd, 4318163.693, 93
Trd, 4318165.493, 101
Trd, 4318166.193, 95
Trd, 4318167.643, 96
Trd, 4318168.743, 95
Trd, 4318173.743, 95
Trd, 4318174.243, 94
Trd, 4318175.243, 95
Trd, 4318175.793, 106
Trd, 4318180.543, 95
Trd, 4318181.193, 93
Trd, 4318181.343, 95
Trd, 4318183.143, 94
Trd, 4318187.893, 94
Trd, 4318188.443, 94
Trd, 4318190.693, 93
Trd, 4318192.493, 94
Trd, 4318194.493, 95
Trd, 4318195.543, 95
Trd, 4318195.693, 94
Trd, 4318196.843, 93
Trd, 4318198.943, 92
Trd, 4318200.143, 94
Trd, 4318201.243, 93
Trd, 4318204.293, 93
Trd, 4318205.893, 95
Trd, 4318207.143, 93
Trd, 4318207.643, 94
Trd, 4318209.043, 95
Trd, 4318209.143, 92
Trd, 4318209.893, 105
Trd, 4318210.043, 91
Trd, 4318213.593, 90
Trd, 4318215.443, 90
Trd, 4318215.593, 97
Trd, 4318216.243, 90
Trd, 4318217.343, 94
Trd, 4318219.093, 94
Trd, 4318219.243, 91
Trd, 4318221.943, 96
Trd, 4318223.843, 95
Trd, 4318224.293, 96
Trd, 4318226.193, 85
Trd, 4318226.543, 89
Trd, 4318226.893, 93
Trd, 4318228.593, 98
Trd, 4318228.943, 91
Trd, 4318229.293, 92
Trd, 4318232.793, 92
Trd, 4318234.193, 91
Trd, 4318234.993, 91
Trd, 4318235.243, 95
Trd, 4318237.793, 90
Trd, 4318237.993, 96
Trd, 4318240.743, 89
Trd, 4318242.943, 93
Trd, 4318243.593, 93
Trd, 4318245.043, 93
Trd, 4318245.893, 91
Trd, 4318246.443, 95
Trd, 4318248.793, 93
Trd, 4318250.643, 93
Trd, 4318252.343, 93
Trd, 4318253.843, 95
Trd, 4318256.843, 92
Trd, 4318257.193, 89
Trd, 4318259.543, 91
Trd, 4318260.943, 90
Trd, 4318262.143, 92
Trd, 4318264.293, 95
Trd, 4318267.643, 90
Trd, 4318269.943, 89
Trd, 4318270.793, 89
Trd, 4318271.693, 93
Trd, 4318272.593, 95
Trd, 4318273.493, 94
Trd, 4318274.843, 88
Trd, 4318275.243, 85
Trd, 4318275.743, 91
Trd, 4318276.443, 105
Trd, 4318278.793, 92
Trd, 4318279.043, 90
Trd, 4318281.293, 88
Trd, 4318282.143, 93
Trd, 4318285.093, 92
Trd, 4318286.643, 88
Trd, 4318286.743, 93
Trd, 4318290.243, 87
Trd, 4318292.043, 92
Trd, 4318292.593, 91
Trd, 4318293.043, 95
Trd, 4318295.893, 86
Trd, 4318298.143, 91
Trd, 4318298.593, 90
Trd, 4318298.793, 91
Trd, 4318299.143, 85
Trd, 4318300.293, 96
Trd, 4318302.393, 94
Trd, 4318306.143, 91
Trd, 4318306.893, 93
Trd, 4318309.393, 95
Trd, 4318310.993, 97
Trd, 4318311.093, 95
Trd, 4318311.393, 94
Trd, 4318313.243, 121
Trd, 4318313.343, 94
Trd, 4318319.443, 98
Trd, 4318320.293, 95
Trd, 4318321.243, 93
Trd, 4318324.243, 97
Trd, 4318327.943, 94
Trd, 4318331.743, 93
Trd, 4318332.443, 95
Trd, 4318334.543, 94
Trd, 4318335.143, 95
Trd, 4318336.293, 93
Trd, 4318337.943, 96
Trd, 4318339.193, 95
Trd, 4318340.793, 96
Trd, 4318340.943, 95
Trd, 4318341.443, 93
Trd, 4318343.293, 93
Trd, 4318343.993, 96
Trd, 4318348.143, 95
Trd, 4318349.643, 96
Trd, 4318352.893, 94
Trd, 4318357.493, 96
Trd, 4318359.443, 96
Trd, 4318360.043, 94
Trd, 4318360.443, 96
Trd, 4318362.543, 94
Trd, 4318366.693, 94
Trd, 4318368.043, 96
Trd, 4318370.793, 93
Trd, 4318375.343, 96
Trd, 4318376.593, 95
Trd, 4318377.143, 93
Trd, 4318378.993, 95
Trd, 4318383.343, 95
Trd, 4318383.893, 96
Trd, 4318385.893, 95
Trd, 4318386.193, 95
Trd, 4318386.343, 93
Trd, 4318392.993, 95
Trd, 4318395.893, 94
Trd, 4318396.343, 95
Trd, 4318396.943, 98
Trd, 4318403.893, 94
Trd, 4318404.293, 95
Trd, 4318407.293, 95
Trd, 4318408.393, 96
Trd, 4318411.743, 95
Trd, 4318413.093, 95
Trd, 4318413.543, 93
Trd, 4318414.993, 94
Trd, 4318416.693, 94
Trd, 4318418.893, 92
Trd, 4318419.443, 91
Trd, 4318420.143, 91
Trd, 4318421.143, 92
Trd, 4318424.343, 91
Trd, 4318424.943, 91
Trd, 4318426.893, 90
Trd, 4318428.243, 90
Trd, 4318428.793, 91
Trd, 4318434.343, 91
Trd, 4318436.743, 91
Trd, 4318439.543, 91
Trd, 4318441.143, 90
Trd, 4318443.743, 90
Trd, 4318446.343, 89
Trd, 4318446.793, 90
Trd, 4318447.043, 90
Trd, 4318450.893, 89
Trd, 4318451.293, 90
Trd, 4318451.343, 90
Trd, 4318451.793, 95
Trd, 4318454.493, 97
Trd, 4318455.243, 95
Trd, 4318455.993, 96
Trd, 4318458.093, 94
Trd, 4318458.493, 97
Trd, 4318458.743, 88
Trd, 4318460.943, 98
Trd, 4318461.193, 92
Trd, 4318463.443, 91
Trd, 4318466.493, 92
Trd, 4318466.943, 94
Trd, 4318469.643, 94
Trd, 4318470.693, 94
Trd, 4318472.643, 94
Trd, 4318473.993, 95
Trd, 4318478.093, 95
Trd, 4318478.293, 93
Trd, 4318479.493, 92
Trd, 4318480.843, 94
Trd, 4318482.993, 94
Trd, 4318483.793, 92
Trd, 4318484.443, 94
Trd, 4318486.543, 103
Trd, 4318488.643, 96
Trd, 4318491.193, 95
Trd, 4318491.743, 97
Trd, 4318491.893, 95
Trd, 4318492.843, 104
Trd, 4318494.193, 94
Trd, 4318497.943, 94
Trd, 4318499.093, 97
Trd, 4318501.493, 94
Trd, 4318502.393, 93
Trd, 4318503.443, 96
Trd, 4318504.743, 96
Trd, 4318506.643, 92
Trd, 4318509.943, 92
Trd, 4318511.243, 96
Trd, 4318516.043, 93
Trd, 4318517.893, 96
Trd, 4318518.993, 96
Trd, 4318520.493, 96
Trd, 4318520.993, 96
Trd, 4318524.293, 96
Trd, 4318524.793, 96
Trd, 4318525.443, 105
Trd, 4318527.193, 95
Trd, 4318529.393, 98
Trd, 4318532.693, 94
Trd, 4318533.393, 93
Trd, 4318534.143, 96
Trd, 4318537.593, 96
Trd, 4318538.693, 95
Trd, 4318540.493, 95
Trd, 4318541.493, 95
Trd, 4318542.893, 94
Trd, 4318545.193, 92
Trd, 4318545.643, 85
Trd, 4318545.993, 93
Trd, 4318546.843, 93
Trd, 4318546.943, 93
Trd, 4318549.043, 95
Trd, 4318551.193, 95
Trd, 4318552.243, 92
Trd, 4318552.843, 94
Trd, 4318553.343, 91
Trd, 4318553.943, 94
Trd, 4318555.293, 95
Trd, 4318559.843, 94
Trd, 4318560.293, 92
Trd, 4318563.093, 94
Trd, 4318566.593, 92
Trd, 4318566.743, 93
Trd, 4318568.343, 94
Trd, 4318570.793, 95
Trd, 4318570.843, 94
Trd, 4318572.643, 94
Trd, 4318574.743, 94
Trd, 4318579.843, 92
Trd, 4318580.193, 94
Trd, 4318581.243, 92
Trd, 4318582.793, 94
Trd, 4318586.393, 95
Trd, 4318586.443, 98
Trd, 4318589.043, 92
Trd, 4318590.043, 95
Trd, 4318591.743, 91
Trd, 4318592.243, 95
Trd, 4318595.793, 115
Trd, 4318595.993, 107
Trd, 4318598.093, 99
Trd, 4318598.993, 100
Trd, 4318599.143, 101
Trd, 4318600.993, 99
Trd, 4318603.793, 100
Trd, 4318603.843, 98
Trd, 4318605.643, 94
Trd, 4318607.093, 96
Trd, 4318608.393, 98
Trd, 4318608.843, 95
Trd, 4318610.943, 94
Trd, 4318611.093, 99
Trd, 4318611.393, 90
Trd, 4318611.843, 105
Trd, 4318613.593, 97
Trd, 4318618.843, 97
Trd, 4318619.093, 96
Trd, 4318619.343, 97
Trd, 4318619.693, 88
Trd, 4318623.893, 95
Trd, 4318623.993, 93
Trd, 4318626.143, 94
Trd, 4318626.743, 92
Trd, 4318627.343, 94
Trd, 4318628.043, 95
Trd, 4318630.193, 95
Trd, 4318630.643, 92
Trd, 4318634.093, 95
Trd, 4318634.993, 93
Trd, 4318638.793, 94
Trd, 4318639.743, 94
Trd, 4318640.443, 95
Trd, 4318640.793, 91
Trd, 4318641.993, 91
Trd, 4318645.593, 94
Trd, 4318649.593, 93
Trd, 4318650.943, 92
Trd, 4318651.593, 93
Trd, 4318653.143, 91
Trd, 4318653.393, 93
Trd, 4318654.593, 92
Trd, 4318655.543, 90
Trd, 4318658.143, 92
Trd, 4318659.243, 95
Trd, 4318659.793, 89
Trd, 4318660.443, 89
Trd, 4318663.993, 92
Trd, 4318664.993, 92
Trd, 4318665.343, 88
Trd, 4318665.993, 92
Trd, 4318667.343, 95
Trd, 4318669.843, 91
Trd, 4318670.643, 90
Trd, 4318674.443, 91
Trd, 4318674.693, 92
Trd, 4318675.493, 96
Trd, 4318676.143, 95
Trd, 4318676.643, 103
Trd, 4318677.593, 110
Trd, 4318679.393, 97
Trd, 4318681.743, 91
Trd, 4318682.443, 94
Trd, 4318682.893, 97
Trd, 4318686.143, 103
Trd, 4318687.493, 100
Trd, 4318687.593, 102
Trd, 4318690.193, 85
Trd, 4318690.293, 93
Trd, 4318691.793, 95
Trd, 4318692.693, 95
Trd, 4318694.843, 95
Trd, 4318695.843, 95
Trd, 4318697.143, 102
Trd, 4318697.393, 104
Trd, 4318704.943, 97
Trd, 4318706.243, 96
Trd, 4318707.743, 97
Trd, 4318710.243, 97
Trd, 4318711.843, 96
Trd, 4318712.243, 95
Trd, 4318714.943, 96
Trd, 4318715.593, 95
Trd, 4318715.743, 97
Trd, 4318720.743, 97
Trd, 4318723.193, 95
Trd, 4318724.493, 94
Trd, 4318726.193, 97
Trd, 4318726.993, 93
Trd, 4318728.343, 95
Trd, 4318729.543, 96
Trd, 4318730.243, 92
Trd, 4318731.643, 96
Trd, 4318732.893, 92
Trd, 4318734.693, 95
Trd, 4318734.843, 96
Trd, 4318737.493, 95
Trd, 4318740.293, 94
Trd, 4318740.393, 95
Trd, 4318741.093, 94
Trd, 4318741.993, 97
Trd, 4318744.393, 93
Trd, 4318745.593, 95
Trd, 4318746.393, 96
Trd, 4318747.893, 97
Trd, 4318748.193, 94
Trd, 4318752.843, 93
Trd, 4318755.393, 95
Trd, 4318756.743, 95
Trd, 4318758.743, 95
Trd, 4318760.993, 94
Trd, 4318761.343, 95
Trd, 4318761.393, 95
Trd, 4318764.993, 93
Trd, 4318765.243, 95
Trd, 4318765.543, 93
Trd, 4318766.093, 96
Trd, 4318767.093, 94
Trd, 4318768.493, 96
Trd, 4318770.243, 96
Trd, 4318777.743, 97
Trd, 4318779.793, 93
Trd, 4318780.943, 97
Trd, 4318781.693, 95
Trd, 4318784.843, 95
Trd, 4318785.343, 93
Trd, 4318785.543, 95
Trd, 4318787.743, 91
Trd, 4318788.643, 94
Trd, 4318790.543, 95
Trd, 4318791.143, 93
Trd, 4318794.843, 95
Trd, 4318795.993, 92
Trd, 4318796.643, 95
Trd, 4318796.893, 92
Trd, 4318799.793, 95
Trd, 4318802.793, 93
Trd, 4318804.943, 91
Trd, 4318805.743, 93
Trd, 4318807.493, 93
Trd, 4318807.643, 104
Trd, 4318811.493, 94
Trd, 4318813.593, 94
Trd, 4318814.743, 91
Trd, 4318816.393, 94
Trd, 4318818.593, 92
Trd, 4318819.193, 91
Trd, 4318821.293, 97
Trd, 4318821.393, 104
Trd, 4318822.243, 100
Trd, 4318823.143, 99
Trd, 4318823.493, 100
Trd, 4318825.093, 104
Trd, 4318825.543, 120
Trd, 4318827.193, 105
Trd, 4318828.193, 106
Trd, 4318828.443, 104
Trd, 4318831.293, 102
Trd, 4318832.543, 101
Trd, 4318833.243, 100
Trd, 4318834.143, 90
Trd, 4318834.193, 102
Trd, 4318834.593, 104
Trd, 4318837.643, 96
Trd, 4318838.143, 98
Trd, 4318841.293, 99
Trd, 4318842.343, 99
Trd, 4318842.493, 97
Trd, 4318843.593, 97
Trd, 4318845.443, 99
Trd, 4318847.893, 99
Trd, 4318848.493, 95
Trd, 4318850.393, 99
Trd, 4318851.643, 95
Trd, 4318854.093, 99
Trd, 4318856.493, 92
Trd, 4318859.243, 94
Trd, 4318860.343, 94
Trd, 4318862.543, 99
Trd, 4318863.493, 99
Trd, 4318864.893, 93
Trd, 4318865.543, 137
Trd, 4318868.243, 104
Trd, 4318869.793, 107
Trd, 4318870.293, 111
Trd, 4318872.143, 103
Trd, 4318872.543, 107
Trd, 4318873.743, 102
Trd, 4318876.393, 108
Trd, 4318878.743, 102
Trd, 4318882.343, 104
Trd, 4318883.193, 101
Trd, 4318884.543, 101
Trd, 4318888.343, 102
Trd, 4318890.493, 103
Trd, 4318892.993, 100
Trd, 4318893.193, 103
Trd, 4318894.193, 100
Trd, 4318894.793, 99
Trd, 4318896.843, 102
Trd, 4318897.593, 101
Trd, 4318898.293, 98
Trd, 4318904.043, 102
Trd, 4318904.943, 97
Trd, 4318906.043, 96
Trd, 4318906.143, 101
Trd, 4318911.193, 95
Trd, 4318911.793, 98
Trd, 4318914.293, 94
Trd, 4318915.793, 98
Trd, 4318917.093, 97
Trd, 4318917.243, 95
Trd, 4318917.993, 95
Trd, 4318922.043, 97
Trd, 4318922.843, 94
Trd, 4318925.193, 94
Trd, 4318926.993, 96
Trd, 4318927.093, 97
Trd, 4318933.043, 96
Trd, 4318933.143, 98
Trd, 4318935.743, 96
Trd, 4318939.693, 95
Trd, 4318939.843, 97
Trd, 4318941.593, 95
Trd, 4318944.443, 95
Trd, 4318944.593, 96
Trd, 4318945.993, 96
Trd, 4318946.943, 96
Trd, 4318949.143, 97
Trd, 4318950.143, 94
Trd, 4318952.043, 95
Trd, 4318954.093, 96
Trd, 4318955.693, 111
Trd, 4318956.493, 95
Trd, 4318959.643, 94
Trd, 4318965.243, 97
Trd, 4318966.243, 93
Trd, 4318967.143, 92
Trd, 4318967.993, 96
Trd, 4318974.193, 95
Trd, 4318974.293, 95
Trd, 4318978.093, 95
Trd, 4318978.793, 94
Trd, 4318979.893, 93
Trd, 4318980.893, 95
Trd, 4318982.243, 95
Trd, 4318982.993, 95
Trd, 4318986.493, 94
Trd, 4318988.143, 95
Trd, 4318989.443, 96
Trd, 4318991.143, 96
Trd, 4318992.393, 95
Trd, 4318997.643, 96
Trd, 4318999.293, 93
Trd, 4319001.643, 94
Trd, 4319001.793, 95
Trd, 4319004.693, 92
Trd, 4319006.193, 92
Trd, 4319007.493, 91
Trd, 4319008.193, 95
Trd, 4319009.593, 91
Trd, 4319009.893, 95
Trd, 4319011.893, 96
Trd, 4319014.543, 96
Trd, 4319015.043, 107
Trd, 4319015.893, 95
Trd, 4319016.543, 95
Trd, 4319017.293, 95
Trd, 4319021.843, 96
Trd, 4319021.893, 96
Trd, 4319025.293, 95
Trd, 4319025.743, 97
Trd, 4319026.843, 98
Trd, 4319029.343, 108
Trd, 4319031.043, 94
Trd, 4319031.943, 98
Trd, 4319032.593, 98
Trd, 4319036.993, 94
Trd, 4319038.593, 94
Trd, 4319040.393, 96
Trd, 4319041.743, 93
Trd, 4319042.593, 96
Trd, 4319044.343, 92
Trd, 4319046.943, 95
Trd, 4319048.243, 92
Trd, 4319050.843, 95
Trd, 4319052.543, 92
Trd, 4319053.193, 95
Trd, 4319053.343, 95
Trd, 4319055.643, 91
Trd, 4319056.643, 95
Trd, 4319058.743, 92
Trd, 4319060.893, 95
Trd, 4319061.143, 95
Trd, 4319066.393, 94
Trd, 4319066.443, 93
Trd, 4319067.293, 94
Trd, 4319068.093, 94
Trd, 4319071.893, 94
Trd, 4319072.493, 95
Trd, 4319072.943, 94
Trd, 4319073.243, 95
Trd, 4319074.043, 93
Trd, 4319074.543, 94
Trd, 4319077.593, 95
Trd, 4319078.493, 96
Trd, 4319081.543, 93
Trd, 4319084.143, 95
Trd, 4319084.593, 94
Trd, 4319085.193, 92
Trd, 4319086.443, 95
Trd, 4319086.543, 94
Trd, 4319089.793, 94
Trd, 4319090.843, 92
Trd, 4319091.393, 92
Trd, 4319094.493, 92
Trd, 4319096.143, 93
Trd, 4319096.843, 95
Trd, 4319098.443, 92
Trd, 4319098.543, 94
Trd, 4319101.193, 94
Trd, 4319103.543, 94
Trd, 4319104.143, 95
Trd, 4319105.943, 94
Trd, 4319107.343, 91
Trd, 4319109.993, 94
Trd, 4319110.293, 90
Trd, 4319110.893, 95
Trd, 4319112.393, 89
Trd, 4319115.943, 95
Trd, 4319116.243, 95
Trd, 4319117.943, 95
Trd, 4319119.293, 92
Trd, 4319119.343, 92
Trd, 4319120.393, 95
Trd, 4319121.143, 96
Trd, 4319122.493, 91
Trd, 4319122.743, 96
Trd, 4319125.893, 95
Trd, 4319126.293, 95
Trd, 4319126.693, 90
Trd, 4319127.793, 95
Trd, 4319130.143, 107
Trd, 4319130.343, 99
Trd, 4319130.793, 97
Trd, 4319133.443, 110
Trd, 4319133.593, 99
Trd, 4319134.093, 99
Trd, 4319135.393, 105
Trd, 4319135.543, 107
Trd, 4319136.343, 108
Trd, 4319139.543, 98
Trd, 4319139.743, 101
Trd, 4319140.643, 93
Trd, 4319141.243, 97
Trd, 4319142.543, 99
Trd, 4319145.093, 99
Trd, 4319145.143, 100
Trd, 4319145.793, 99
Trd, 4319146.093, 122
Trd, 4319149.393, 98
Trd, 4319150.493, 102
Trd, 4319154.093, 99
Trd, 4319155.043, 99
Trd, 4319155.793, 98
Trd, 4319156.343, 103
Trd, 4319158.543, 100
Trd, 4319161.293, 97
Trd, 4319163.643, 96
Trd, 4319165.843, 95
Trd, 4319165.993, 99
Trd, 4319166.543, 93
Trd, 4319168.793, 97
Trd, 4319170.443, 98
Trd, 4319176.743, 95
Trd, 4319176.943, 97
Trd, 4319179.943, 94
Trd, 4319180.943, 97
Trd, 4319182.243, 97
Trd, 4319184.043, 94
Trd, 4319186.193, 97
Trd, 4319187.493, 96
Trd, 4319190.293, 94
Trd, 4319191.143, 93
Trd, 4319192.043, 96
Trd, 4319194.343, 96
Trd, 4319195.543, 96
Trd, 4319196.693, 92
Trd, 4319198.993, 96
Trd, 4319199.693, 91
Trd, 4319202.143, 95
Trd, 4319202.743, 90
Trd, 4319205.843, 93
Trd, 4319206.193, 95
Trd, 4319206.693, 90
Trd, 4319209.293, 93
Trd, 4319213.543, 90
Trd, 4319215.843, 93
Trd, 4319217.843, 94
Trd, 4319219.793, 94
Trd, 4319220.343, 94
Trd, 4319221.143, 93
Trd, 4319221.443, 95
Trd, 4319223.593, 94
Trd, 4319223.743, 93
Trd, 4319225.293, 95
Trd, 4319226.943, 96
Trd, 4319227.593, 94
Trd, 4319229.443, 93
Trd, 4319231.193, 96
Trd, 4319232.093, 105
Trd, 4319234.943, 98
Trd, 4319236.493, 98
Trd, 4319237.743, 98
Trd, 4319237.993, 95
Trd, 4319238.643, 98
Trd, 4319244.443, 97
Trd, 4319244.543, 96
Trd, 4319246.493, 96
Trd, 4319247.793, 95
Trd, 4319251.393, 96
Trd, 4319251.743, 96
Trd, 4319253.393, 94
Trd, 4319255.093, 94
Trd, 4319255.293, 96
Trd, 4319256.943, 94
Trd, 4319260.143, 96
Trd, 4319261.793, 96
Trd, 4319262.943, 105
Trd, 4319263.743, 94
Trd, 4319265.693, 99
Trd, 4319266.093, 95
Trd, 4319269.643, 95
Trd, 4319270.243, 97
Trd, 4319271.943, 99
Trd, 4319276.893, 97
Trd, 4319277.743, 95
Trd, 4319278.593, 97
Trd, 4319279.643, 97
Trd, 4319283.343, 95
Trd, 4319285.543, 94
Trd, 4319285.643, 96
Trd, 4319287.043, 95
Trd, 4319288.843, 95
Trd, 4319290.093, 95
Trd, 4319292.993, 95
Trd, 4319293.143, 94
Trd, 4319294.793, 87
Trd, 4319296.843, 92
Trd, 4319297.443, 91
Trd, 4319298.393, 89
Trd, 4319299.393, 92
Trd, 4319301.093, 92
Trd, 4319302.543, 92
Trd, 4319306.393, 91
Trd, 4319307.193, 92
Trd, 4319309.943, 90
Trd, 4319310.443, 89
Trd, 4319311.043, 92
Trd, 4319311.793, 95
Trd, 4319314.343, 94
Trd, 4319315.043, 94
Trd, 4319316.843, 95
Trd, 4319317.643, 94
Trd, 4319318.443, 94
Trd, 4319320.493, 94
Trd, 4319320.693, 93
Trd, 4319322.293, 94
Trd, 4319325.243, 95
Trd, 4319325.643, 105
Trd, 4319326.343, 93
Trd, 4319326.593, 93
Trd, 4319331.593, 95
Trd, 4319332.893, 95
Trd, 4319333.443, 95
Trd, 4319334.593, 94
Trd, 4319336.143, 95
Trd, 4319336.243, 93
Trd, 4319340.193, 95
Trd, 4319340.943, 96
Trd, 4319342.893, 95
Trd, 4319344.143, 92
Trd, 4319344.343, 92
Trd, 4319346.143, 95
Trd, 4319350.243, 92
Trd, 4319351.793, 95
Trd, 4319352.243, 96
Trd, 4319355.693, 95
Trd, 4319356.343, 93
Trd, 4319356.893, 96
Trd, 4319358.143, 95
Trd, 4319358.543, 95
Trd, 4319362.443, 93
Trd, 4319362.893, 93
Trd, 4319364.393, 95
Trd, 4319365.593, 95
Trd, 4319367.243, 93
Trd, 4319369.993, 95
Trd, 4319371.043, 93
Trd, 4319371.293, 92
Trd, 4319373.693, 95
Trd, 4319377.893, 96
Trd, 4319378.443, 93
Trd, 4319380.793, 93
Trd, 4319381.543, 95
Trd, 4319383.493, 95
Trd, 4319383.893, 96
Trd, 4319386.643, 96
Trd, 4319389.243, 92
Trd, 4319392.043, 92
Trd, 4319393.693, 95
Trd, 4319397.243, 93
Trd, 4319399.043, 93
Trd, 4319399.693, 92
Trd, 4319400.643, 95
Trd, 4319401.143, 92
Trd, 4319404.943, 93
Trd, 4319405.793, 94
Trd, 4319408.793, 93
Trd, 4319409.543, 93
Trd, 4319411.993, 92
Trd, 4319412.193, 85
Trd, 4319413.393, 95
Trd, 4319414.293, 93
Trd, 4319415.793, 88
Trd, 4319417.243, 95
Trd, 4319418.243, 95
Trd, 4319419.293, 113
Trd, 4319419.343, 112
Trd, 4319419.993, 99
Trd, 4319422.493, 100
Trd, 4319422.793, 104
Trd, 4319423.843, 118
Trd, 4319424.693, 103
Trd, 4319426.743, 100
Trd, 4319428.343, 103
Trd, 4319430.143, 100
Trd, 4319432.993, 100
Trd, 4319433.443, 100
Trd, 4319433.843, 99
Trd, 4319435.143, 98
Trd, 4319435.393, 100
Trd, 4319439.193, 99
Trd, 4319439.493, 93
Trd, 4319440.593, 99
Trd, 4319441.593, 97
Trd, 4319443.343, 99
Trd, 4319446.293, 99
Trd, 4319448.643, 97
Trd, 4319449.743, 99
Trd, 4319450.493, 97
Trd, 4319450.643, 104
Trd, 4319452.793, 108
Trd, 4319454.343, 103
Trd, 4319455.843, 105
Trd, 4319457.293, 105
Trd, 4319457.893, 100
Trd, 4319459.193, 101
Trd, 4319460.393, 99
Trd, 4319460.793, 101
Trd, 4319463.343, 83
Trd, 4319464.243, 90
Trd, 4319465.343, 94
Trd, 4319466.043, 100
Trd, 4319466.443, 98
Trd, 4319468.993, 98
Trd, 4319470.393, 94
Trd, 4319470.893, 96
Trd, 4319472.843, 97
Trd, 4319474.643, 101
Trd, 4319475.243, 94
Trd, 4319475.493, 106
Trd, 4319476.593, 97
Trd, 4319478.793, 102
Trd, 4319479.893, 96
Trd, 4319480.493, 102
Trd, 4319481.143, 95
Trd, 4319481.793, 99
Trd, 4319482.743, 101
Trd, 4319486.193, 97
Trd, 4319486.643, 100
Trd, 4319489.193, 97
Trd, 4319492.943, 100
Trd, 4319494.543, 96
Trd, 4319495.193, 100
Trd, 4319496.293, 95
Trd, 4319499.293, 94
Trd, 4319500.643, 99
Trd, 4319502.943, 106
Trd, 4319505.243, 100
Trd, 4319506.343, 90
Trd, 4319506.643, 94
Trd, 4319508.743, 96
Trd, 4319508.843, 105
Trd, 4319509.443, 95
Trd, 4319512.343, 94
Trd, 4319515.093, 97
Trd, 4319516.893, 97
Trd, 4319518.743, 95
Trd, 4319521.293, 97
Trd, 4319522.693, 91
Trd, 4319523.243, 93
Trd, 4319524.843, 97
Trd, 4319525.543, 92
Trd, 4319526.893, 94
Trd, 4319528.643, 95
Trd, 4319528.693, 96
Trd, 4319532.493, 94
Trd, 4319533.443, 94
Trd, 4319534.743, 95
Trd, 4319536.443, 92
Trd, 4319538.893, 94
Trd, 4319539.393, 94
Trd, 4319540.543, 93
Trd, 4319543.443, 92
Trd, 4319543.743, 94
Trd, 4319546.443, 93
Trd, 4319546.593, 91
Trd, 4319546.793, 91
Trd, 4319550.393, 92
Trd, 4319550.943, 92
Trd, 4319552.893, 95
Trd, 4319555.243, 95
Trd, 4319555.743, 94
Trd, 4319555.943, 91
Trd, 4319556.793, 89
Trd, 4319557.493, 94
Trd, 4319559.843, 93
Trd, 4319561.943, 95
Trd, 4319563.743, 95
Trd, 4319563.943, 91
Trd, 4319565.793, 93
Trd, 4319566.343, 92
Trd, 4319568.043, 94
Trd, 4319570.443, 90
Trd, 4319570.793, 92
Trd, 4319574.893, 93
Trd, 4319576.193, 93
Trd, 4319579.543, 93
Trd, 4319579.643, 91
Trd, 4319579.793, 95
Trd, 4319582.343, 94
Trd, 4319583.593, 93
Trd, 4319588.743, 94
Trd, 4319589.993, 94
Trd, 4319592.243, 95
Trd, 4319592.643, 93
Trd, 4319596.293, 94
Trd, 4319598.143, 94
Trd, 4319598.193, 92
Trd, 4319601.793, 91
Trd, 4319603.393, 94
Trd, 4319603.493, 96
Trd, 4319603.893, 103
Trd, 4319606.243, 97
Trd, 4319607.643, 95
Trd, 4319609.343, 95
Trd, 4319611.293, 96
Trd, 4319612.193, 96
Trd, 4319616.243, 95
Trd, 4319616.693, 96
Trd, 4319616.993, 95
Trd, 4319617.143, 96
Trd, 4319619.693, 95
Trd, 4319619.993, 105
Trd, 4319622.493, 94
Trd, 4319623.143, 98
Trd, 4319626.843, 97
Trd, 4319628.343, 93
Trd, 4319630.893, 94
Trd, 4319632.843, 97
Trd, 4319633.543, 93
Trd, 4319634.893, 93
Trd, 4319636.843, 95
Trd, 4319639.493, 95
Trd, 4319641.293, 93
Trd, 4319642.193, 95
Trd, 4319643.343, 87
Trd, 4319644.293, 89
Trd, 4319645.043, 90
Trd, 4319645.943, 95
Trd, 4319647.343, 91
Trd, 4319649.593, 91
Trd, 4319649.793, 93
Trd, 4319652.693, 96
Trd, 4319654.143, 90
Trd, 4319655.293, 92
Trd, 4319655.343, 94
Trd, 4319657.593, 96
Trd, 4319661.343, 94
Trd, 4319664.043, 93
Trd, 4319665.343, 91
Trd, 4319666.543, 93
Trd, 4319667.193, 93
Trd, 4319668.993, 95
Trd, 4319670.593, 94
Trd, 4319670.893, 90
Trd, 4319673.843, 93
Trd, 4319676.043, 94
Trd, 4319677.693, 94
Trd, 4319679.893, 91
Trd, 4319680.743, 95
Trd, 4319683.593, 94
Trd, 4319684.043, 94
Trd, 4319684.293, 93
Trd, 4319685.543, 104
Trd, 4319686.393, 105
Trd, 4319687.143, 96
Trd, 4319688.343, 97
Trd, 4319688.493, 97
Trd, 4319689.843, 92
Trd, 4319693.543, 96
Trd, 4319694.643, 96
Trd, 4319695.543, 96
Trd, 4319697.793, 95
Trd, 4319698.543, 126
Trd, 4319702.143, 100
Trd, 4319704.993, 97
Trd, 4319705.393, 100
Trd, 4319705.543, 100
Trd, 4319706.393, 96
Trd, 4319707.393, 96
Trd, 4319711.793, 99
Trd, 4319711.843, 96
Trd, 4319713.093, 95
Trd, 4319713.543, 99
Trd, 4319715.993, 99
Trd, 4319717.093, 94
Trd, 4319723.893, 98
Trd, 4319725.043, 93
Trd, 4319726.193, 92
Trd, 4319728.493, 97
Trd, 4319729.843, 92
Trd, 4319731.643, 96
Trd, 4319735.593, 107
Trd, 4319736.293, 95
Trd, 4319737.243, 94
Trd, 4319739.493, 97
Trd, 4319740.443, 97
Trd, 4319743.943, 96
Trd, 4319745.243, 94
Trd, 4319747.343, 96
Trd, 4319750.143, 94
Trd, 4319751.593, 97
Trd, 4319753.843, 96
Trd, 4319755.593, 95
Trd, 4319757.593, 94
Trd, 4319757.943, 95
Trd, 4319760.143, 93
Trd, 4319761.443, 92
Trd, 4319762.943, 95
Trd, 4319765.693, 92
Trd, 4319768.143, 93
Trd, 4319769.993, 95
Trd, 4319770.493, 95
Trd, 4319772.293, 93
Trd, 4319773.293, 95
Trd, 4319775.843, 94
Trd, 4319775.893, 92
Trd, 4319776.643, 94
Trd, 4319776.743, 91
Trd, 4319779.243, 95
Trd, 4319780.443, 95
Trd, 4319783.693, 95
Trd, 4319786.943, 91
Trd, 4319787.293, 91
Trd, 4319789.093, 95
Trd, 4319792.043, 95
Trd, 4319792.943, 90
Trd, 4319794.593, 94
Trd, 4319796.043, 95
Trd, 4319797.643, 93
Trd, 4319797.993, 92
Trd, 4319798.893, 92
Trd, 4319800.493, 94
Trd, 4319802.243, 91
Trd, 4319803.893, 107
Trd, 4319805.743, 98
Trd, 4319806.743, 102
Trd, 4319807.293, 106
Trd, 4319808.293, 98
Trd, 4319809.093, 98
Trd, 4319811.143, 98
Trd, 4319811.293, 97
Trd, 4319812.393, 95
Trd, 4319814.293, 100
Trd, 4319815.393, 108
Trd, 4319816.943, 107
Trd, 4319817.593, 102
Trd, 4319818.093, 103
Trd, 4319820.393, 102
Trd, 4319820.893, 103
Trd, 4319821.993, 103
Trd, 4319823.593, 103
Trd, 4319824.093, 94
Trd, 4319825.343, 98
Trd, 4319826.493, 97
Trd, 4319827.543, 96
Trd, 4319830.243, 96
Trd, 4319830.843, 96
Trd, 4319831.893, 97
Trd, 4319832.243, 96
Trd, 4319832.843, 95
Trd, 4319836.143, 95
Trd, 4319836.593, 95
Trd, 4319838.193, 94
Trd, 4319839.343, 94
Trd, 4319840.743, 95
Trd, 4319841.043, 94
Trd, 4319842.293, 95
Trd, 4319843.093, 95
Trd, 4319846.143, 95
Trd, 4319846.793, 93
Trd, 4319847.193, 93
Trd, 4319849.543, 95
Trd, 4319851.743, 94
Trd, 4319854.143, 96
Trd, 4319854.693, 96
Trd, 4319856.793, 92
Trd, 4319858.343, 94
Trd, 4319859.843, 92
Trd, 4319860.143, 91
Trd, 4319860.943, 93
Trd, 4319862.443, 93
Trd, 4319865.893, 93
Trd, 4319866.643, 94
Trd, 4319870.943, 94
Trd, 4319871.793, 95
Trd, 4319872.343, 91
Trd, 4319873.243, 93
Trd, 4319873.493, 94
Trd, 4319874.793, 92
Trd, 4319875.593, 92
Trd, 4319875.643, 93
Trd, 4319881.443, 93
Trd, 4319881.593, 91
Trd, 4319882.993, 91
Trd, 4319883.893, 93
Trd, 4319886.993, 95
Trd, 4319888.593, 90
Trd, 4319889.043, 92
Trd, 4319893.543, 92
Trd, 4319894.293, 92
Trd, 4319895.543, 92
Trd, 4319897.293, 90
Trd, 4319898.643, 91
Trd, 4319899.493, 90
Trd, 4319901.243, 95
Trd, 4319902.343, 121
Trd, 4319902.943, 89
Trd, 4319904.893, 103
Trd, 4319906.793, 97
Trd, 4319907.643, 92
Trd, 4319910.693, 97
Trd, 4319913.193, 92
Trd, 4319915.043, 91
Trd, 4319917.043, 93
Trd, 4319917.393, 93
Trd, 4319917.943, 94
Trd, 4319918.343, 95
Trd, 4319918.593, 94
Trd, 4319919.393, 104
Trd, 4319924.743, 95
Trd, 4319925.043, 95
Trd, 4319926.343, 95
Trd, 4319927.243, 94
Trd, 4319928.593, 95
Trd, 4319931.143, 93
Trd, 4319932.743, 95
Trd, 4319935.543, 95
Trd, 4319936.043, 94
Trd, 4319937.243, 95
Trd, 4319937.943, 95
Trd, 4319938.143, 104
Trd, 4319938.393, 106
Trd, 4319940.543, 97
Trd, 4319943.443, 95
Trd, 4319944.193, 93
Trd, 4319944.343, 97
Trd, 4319945.493, 98
Trd, 4319945.643, 93
Trd, 4319946.343, 96
Trd, 4319948.143, 95
Trd, 4319951.093, 96
Trd, 4319951.943, 95
Trd, 4319954.593, 96
Trd, 4319956.393, 95
Trd, 4319956.493, 94
Trd, 4319957.143, 96
Trd, 4319957.693, 96
Trd, 4319962.043, 94
Trd, 4319962.843, 96
Trd, 4319963.743, 95
Trd, 4319964.093, 93
Trd, 4319964.343, 95
Trd, 4319966.243, 96
Trd, 4319966.993, 94
Trd, 4319967.443, 96
Trd, 4319968.093, 98
Trd, 4319970.043, 97
Trd, 4319972.293, 97
Trd, 4319972.443, 98
Trd, 4319973.093, 96
Trd, 4319977.543, 95
Trd, 4319978.143, 96
Trd, 4319980.093, 95
Trd, 4319981.593, 97
Trd, 4319982.443, 102
Trd, 4319983.143, 97
Trd, 4319983.593, 90
Trd, 4319984.443, 127
Trd, 4319988.443, 104
Trd, 4319990.443, 94
Trd, 4319990.593, 103
Trd, 4319991.543, 103
Trd, 4319992.443, 93
Trd, 4319992.943, 103
Trd, 4319996.043, 92
Trd, 4319997.493, 103
Trd, 4319997.643, 91
