Trd, 4317892.543, 97
Trd, 4317893.743, 96
Trd, 4317895.843, 99
Trd, 4317897.243, 99
Trd, 4317898.593, 99
Trd, 4317898.743, 97
Trd, 4317899.493, 70
Trd, 4317902.293, 88
Trd, 4317903.143, 88
Trd, 4317903.893, 90
Trd, 4317904.393, 89
Trd, 4317908.293, 96
Trd, 4317909.193, 97
Trd, 4317910.093, 98
Trd, 4317912.243, 99
Trd, 4317914.593, 99
Trd, 4317914.693, 99
Trd, 4317916.743, 103
Trd, 4317917.343, 102
Trd, 4317918.193, 95
Trd, 4317919.743, 97
Trd, 4317920.143, 96
Trd, 4317920.993, 95
Trd, 4317923.493, 96
Trd, 4317924.093, 97
Trd, 4317924.943, 97
Trd, 4317925.093, 95
Trd, 4317927.543, 103
Trd, 4317927.943, 101
Trd, 4317928.043, 100
Trd, 4317930.493, 99
Trd, 4317930.743, 98
Trd, 4317934.243, 99
Trd, 4317934.343, 98
Trd, 4317934.993, 99
Trd, 4317936.793, 98
Trd, 4317938.143, 100
Trd, 4317938.593, 97
Trd, 4317939.043, 97
Trd, 4317940.493, 101
Trd, 4317942.143, 100
Trd, 4317945.193, 103
Trd, 4317945.693, 103
Trd, 4317946.493, 103
Trd, 4317946.693, 102
Trd, 4317948.343, 100
Trd, 4317948.543, 95
Trd, 4317950.093, 86
Trd, 4317950.843, 90
Trd, 4317955.143, 97
Trd, 4317955.743, 98
Trd, 4317958.493, 98
Trd, 4317958.743, 97
Trd, 4317958.943, 97
Trd, 4317961.693, 88
Trd, 4317961.893, 87
Trd, 4317963.743, 85
Trd, 4317966.443, 97
Trd, 4317967.043, 89
Trd, 4317967.493, 84
Trd, 4317969.293, 88
Trd, 4317970.843, 92
Trd, 4317971.793, 95
Trd, 4317973.693, 97
Trd, 4317976.743, 99
Trd, 4317976.843, 98
Trd, 4317977.593, 99
Trd, 4317977.993, 97
Trd, 4317978.193, 95
Trd, 4317981.893, 96
Trd, 4317982.193, 97
Trd, 4317982.443, 96
Trd, 4317983.793, 98
Trd, 4317984.793, 100
Trd, 4317987.593, 98
Trd, 4317988.893, 96
Trd, 4317989.643, 95
Trd, 4317991.693, 103
Trd, 4317992.543, 103
Trd, 4317992.643, 102
Trd, 4317993.993, 101
Trd, 4317994.443, 101
Trd, 4317995.593, 102
Trd, 4317995.743, 102
Trd, 4317996.343, 99
Trd, 4317999.693, 100
Trd, 4318001.393, 101
Trd, 4318001.593, 100
Trd, 4318001.943, 101
Trd, 4318002.143, 101
Trd, 4318004.093, 95
Trd, 4318005.193, 98
Trd, 4318009.043, 101
Trd, 4318009.143, 100
Trd, 4318010.193, 101
Trd, 4318010.693, 101
Trd, 4318013.943, 102
Trd, 4318015.393, 101
Trd, 4318015.843, 101
Trd, 4318016.793, 100
Trd, 4318018.843, 101
Trd, 4318020.643, 99
Trd, 4318020.943, 97
Trd, 4318023.243, 99
Trd, 4318023.793, 98
Trd, 4318023.893, 97
Trd, 4318026.443, 97
Trd, 4318026.543, 98
Trd, 4318026.943, 97
Trd, 4318029.243, 99
Trd, 4318031.293, 98
Trd, 4318031.343, 97
Trd, 4318032.843, 98
Trd, 4318033.943, 99
Trd, 4318034.943, 97
Trd, 4318036.043, 95
Trd, 4318036.143, 84
Trd, 4318038.393, 90
Trd, 4318039.793, 92
Trd, 4318040.593, 95
Trd, 4318040.693, 93
Trd, 4318042.343, 96
Trd, 4318042.443, 93
Trd, 4318044.393, 98
Trd, 4318045.293, 97
Trd, 4318046.193, 96
Trd, 4318048.893, 101
Trd, 4318050.743, 100
Trd, 4318051.693, 99
Trd, 4318052.293, 98
Trd, 4318053.493, 100
Trd, 4318053.793, 100
Trd, 4318054.193, 97
Trd, 4318054.793, 96
Trd, 4318058.593, 98
Trd, 4318059.843, 97
Trd, 4318060.093, 97
Trd, 4318061.493, 98
Trd, 4318063.193, 101
Trd, 4318063.293, 101
Trd, 4318063.693, 95
Trd, 4318064.343, 96
Trd, 4318066.393, 84
Trd, 4318066.443, 83
Trd, 4318068.793, 84
Trd, 4318069.443, 89
Trd, 4318071.193, 95
Trd, 4318071.643, 95
Trd, 4318072.943, 94
Trd, 4318073.893, 95
Trd, 4318075.693, 94
Trd, 4318076.693, 95
Trd, 4318079.543, 95
Trd, 4318080.443, 95
Trd, 4318081.943, 97
Trd, 4318082.143, 97
Trd, 4318082.293, 96
Trd, 4318083.143, 95
Trd, 4318086.893, 103
Trd, 4318086.993, 102
Trd, 4318089.593, 101
Trd, 4318091.093, 99
Trd, 4318091.443, 100
Trd, 4318093.243, 103
Trd, 4318093.343, 104
Trd, 4318093.493, 103
Trd, 4318094.193, 86
Trd, 4318095.293, 95
Trd, 4318095.793, 94
Trd, 4318098.793, 95
Trd, 4318099.393, 95
Trd, 4318099.593, 94
Trd, 4318101.943, 94
Trd, 4318102.443, 94
Trd, 4318104.593, 97
Trd, 4318104.943, 96
Trd, 4318107.843, 95
Trd, 4318108.893, 95
Trd, 4318109.343, 95
Trd, 4318112.093, 102
Trd, 4318113.043, 100
Trd, 4318113.993, 100
Trd, 4318114.193, 98
Trd, 4318115.893, 98
Trd, 4318116.043, 95
Trd, 4318117.993, 95
Trd, 4318121.443, 99
Trd, 4318122.943, 101
Trd, 4318124.193, 102
Trd, 4318124.393, 97
Trd, 4318126.693, 98
Trd, 4318128.743, 97
Trd, 4318130.343, 97
Trd, 4318130.993, 99
Trd, 4318131.143, 96
Trd, 4318133.343, 96
Trd, 4318133.393, 96
Trd, 4318135.243, 99
Trd, 4318135.643, 98
Trd, 4318137.343, 99
Trd, 4318138.143, 99
Trd, 4318138.543, 98
Trd, 4318141.643, 97
Trd, 4318141.743, 98
Trd, 4318142.393, 96
Trd, 4318144.143, 97
Trd, 4318144.443, 95
Trd, 4318146.443, 95
Trd, 4318147.143, 98
Trd, 4318147.443, 97
Trd, 4318148.293, 97
Trd, 4318148.693, 95
Trd, 4318152.143, 93
Trd, 4318152.393, 95
Trd, 4318153.443, 96
Trd, 4318154.993, 96
Trd, 4318155.243, 96
Trd, 4318156.493, 95
Trd, 4318158.393, 72
Trd, 4318160.993, 92
Trd, 4318161.743, 95
Trd, 4318163.093, 94
Trd, 4318163.343, 90
Trd, 4318165.493, 95
Trd, 4318166.443, 96
Trd, 4318166.693, 95
Trd, 4318168.493, 108
Trd, 4318169.143, 107
Trd, 4318169.743, 106
Trd, 4318170.793, 104
Trd, 4318171.543, 105
Trd, 4318172.393, 104
Trd, 4318172.443, 104
Trd, 4318175.393, 97
Trd, 4318175.643, 87
Trd, 4318177.343, 97
Trd, 4318177.943, 96
Trd, 4318178.643, 96
Trd, 4318179.843, 96
Trd, 4318181.193, 101
Trd, 4318181.393, 101
Trd, 4318183.443, 101
Trd, 4318184.443, 99
Trd, 4318186.843, 99
Trd, 4318187.793, 98
Trd, 4318189.293, 97
Trd, 4318189.593, 95
Trd, 4318190.793, 94
Trd, 4318192.343, 87
Trd, 4318192.443, 88
Trd, 4318195.793, 91
Trd, 4318198.093, 91
Trd, 4318198.243, 90
Trd, 4318198.443, 89
Trd, 4318202.093, 94
Trd, 4318202.293, 95
Trd, 4318203.543, 95
Trd, 4318203.993, 90
Trd, 4318205.993, 93
Trd, 4318207.543, 96
Trd, 4318209.143, 96
Trd, 4318210.993, 95
Trd, 4318211.943, 95
Trd, 4318213.043, 95
Trd, 4318213.193, 94
Trd, 4318214.493, 97
Trd, 4318216.793, 102
Trd, 4318218.893, 95
Trd, 4318219.243, 91
Trd, 4318220.543, 95
Trd, 4318221.243, 93
Trd, 4318221.943, 92
Trd, 4318224.993, 97
Trd, 4318225.393, 97
Trd, 4318227.043, 98
Trd, 4318227.493, 98
Trd, 4318230.493, 99
Trd, 4318231.343, 101
Trd, 4318231.543, 101
Trd, 4318232.193, 101
Trd, 4318234.043, 102
Trd, 4318234.543, 102
Trd, 4318238.443, 101
Trd, 4318238.643, 101
Trd, 4318240.193, 99
Trd, 4318240.393, 99
Trd, 4318242.393, 97
Trd, 4318243.243, 96
Trd, 4318247.693, 99
Trd, 4318247.993, 99
Trd, 4318249.343, 98
Trd, 4318250.293, 86
Trd, 4318251.143, 93
Trd, 4318252.993, 96
Trd, 4318253.193, 95
Trd, 4318255.393, 99
Trd, 4318257.793, 98
Trd, 4318257.893, 98
Trd, 4318258.843, 87
Trd, 4318261.193, 94
Trd, 4318261.643, 94
Trd, 4318262.693, 92
Trd, 4318264.593, 94
Trd, 4318267.443, 95
Trd, 4318267.643, 95
Trd, 4318267.993, 93
Trd, 4318269.293, 93
Trd, 4318270.393, 93
Trd, 4318272.643, 95
Trd, 4318273.093, 95
Trd, 4318273.993, 95
Trd, 4318276.043, 95
Trd, 4318277.893, 97
Trd, 4318279.043, 85
Trd, 4318279.493, 93
Trd, 4318280.793, 95
Trd, 4318280.893, 95
Trd, 4318282.493, 97
Trd, 4318284.593, 100
Trd, 4318285.843, 102
Trd, 4318286.593, 102
Trd, 4318288.893, 101
Trd, 4318290.443, 102
Trd, 4318291.493, 103
Trd, 4318291.593, 102
Trd, 4318291.993, 103
Trd, 4318293.343, 103
Trd, 4318293.593, 104
Trd, 4318294.393, 103
Trd, 4318295.893, 97
Trd, 4318296.543, 96
Trd, 4318298.093, 97
Trd, 4318299.443, 96
Trd, 4318299.593, 95
Trd, 4318302.293, 95
Trd, 4318303.793, 98
Trd, 4318304.243, 97
Trd, 4318305.143, 97
Trd, 4318307.293, 96
Trd, 4318309.843, 96
Trd, 4318310.793, 96
Trd, 4318313.043, 98
Trd, 4318313.543, 98
Trd, 4318314.493, 95
Trd, 4318315.043, 95
Trd, 4318316.993, 86
Trd, 4318317.743, 87
Trd, 4318320.193, 91
Trd, 4318320.293, 89
Trd, 4318322.293, 90
Trd, 4318324.643, 99
Trd, 4318325.343, 99
Trd, 4318326.743, 100
Trd, 4318327.693, 100
Trd, 4318328.593, 99
Trd, 4318329.193, 98
Trd, 4318330.593, 97
Trd, 4318333.293, 100
Trd, 4318333.343, 100
Trd, 4318333.643, 99
Trd, 4318335.843, 99
Trd, 4318336.543, 98
Trd, 4318337.643, 102
Trd, 4318338.093, 99
Trd, 4318339.543, 107
Trd, 4318339.943, 95
Trd, 4318340.943, 102
Trd, 4318343.393, 105
Trd, 4318343.843, 105
Trd, 4318345.943, 105
Trd, 4318346.043, 106
Trd, 4318346.893, 104
Trd, 4318348.343, 98
Trd, 4318349.293, 99
Trd, 4318350.543, 97
Trd, 4318352.243, 98
Trd, 4318353.543, 97
Trd, 4318354.643, 87
Trd, 4318354.793, 86
Trd, 4318357.493, 89
Trd, 4318360.143, 93
Trd, 4318361.293, 91
Trd, 4318363.593, 100
Trd, 4318364.093, 100
Trd, 4318364.193, 98
Trd, 4318366.043, 97
Trd, 4318368.243, 98
Trd, 4318369.293, 100
Trd, 4318369.343, 99
Trd, 4318369.493, 98
Trd, 4318372.793, 98
Trd, 4318373.643, 97
Trd, 4318374.043, 98
Trd, 4318374.943, 96
Trd, 4318376.843, 97
Trd, 4318377.943, 97
Trd, 4318378.993, 96
Trd, 4318380.293, 97
Trd, 4318380.593, 95
Trd, 4318381.093, 94
Trd, 4318382.393, 94
Trd, 4318383.993, 95
Trd, 4318384.993, 96
Trd, 4318385.693, 96
Trd, 4318387.593, 96
Trd, 4318387.693, 95
Trd, 4318388.543, 96
Trd, 4318389.043, 95
Trd, 4318390.243, 94
Trd, 4318393.643, 96
Trd, 4318394.343, 97
Trd, 4318394.443, 96
Trd, 4318396.893, 95
Trd, 4318398.543, 91
Trd, 4318400.143, 94
Trd, 4318401.593, 93
Trd, 4318401.943, 92
Trd, 4318403.143, 93
Trd, 4318403.993, 94
Trd, 4318405.443, 93
Trd, 4318407.193, 96
Trd, 4318408.243, 96
Trd, 4318409.743, 99
Trd, 4318409.893, 99
Trd, 4318410.593, 97
Trd, 4318410.643, 95
Trd, 4318413.943, 100
Trd, 4318414.793, 99
Trd, 4318415.293, 98
Trd, 4318415.643, 97
Trd, 4318415.793, 96
Trd, 4318416.643, 95
Trd, 4318418.243, 95
Trd, 4318420.043, 92
Trd, 4318424.393, 97
Trd, 4318424.793, 96
Trd, 4318425.093, 95
Trd, 4318426.343, 95
Trd, 4318427.993, 95
Trd, 4318428.343, 96
Trd, 4318429.693, 98
Trd, 4318430.643, 96
Trd, 4318432.893, 99
Trd, 4318433.793, 98
Trd, 4318433.993, 98
Trd, 4318434.093, 98
Trd, 4318436.843, 98
Trd, 4318437.743, 98
Trd, 4318438.293, 98
Trd, 4318441.093, 97
Trd, 4318441.643, 96
Trd, 4318443.943, 97
Trd, 4318444.343, 96
Trd, 4318445.293, 95
Trd, 4318446.293, 95
Trd, 4318446.593, 95
Trd, 4318449.193, 92
Trd, 4318450.243, 93
Trd, 4318452.293, 94
Trd, 4318453.493, 93
Trd, 4318455.143, 92
Trd, 4318456.993, 95
Trd, 4318457.243, 95
Trd, 4318457.943, 96
Trd, 4318458.743, 95
Trd, 4318461.293, 104
Trd, 4318461.343, 95
Trd, 4318464.293, 103
Trd, 4318464.693, 98
Trd, 4318467.293, 98
Trd, 4318468.543, 96
Trd, 4318469.743, 96
Trd, 4318471.993, 95
Trd, 4318472.343, 95
Trd, 4318474.693, 97
Trd, 4318475.343, 98
Trd, 4318476.293, 97
Trd, 4318476.643, 95
Trd, 4318479.143, 98
Trd, 4318479.343, 96
Trd, 4318481.043, 96
Trd, 4318482.243, 96
Trd, 4318482.443, 95
Trd, 4318484.393, 95
Trd, 4318484.843, 96
Trd, 4318484.943, 95
Trd, 4318486.393, 95
Trd, 4318486.593, 95
Trd, 4318488.443, 98
Trd, 4318490.993, 101
Trd, 4318491.943, 100
Trd, 4318492.393, 100
Trd, 4318493.393, 101
Trd, 4318496.093, 102
Trd, 4318496.543, 102
Trd, 4318497.793, 104
Trd, 4318499.593, 107
Trd, 4318499.743, 108
Trd, 4318499.793, 106
Trd, 4318500.043, 86
Trd, 4318501.093, 85
Trd, 4318503.043, 92
Trd, 4318506.043, 101
Trd, 4318506.243, 102
Trd, 4318507.643, 102
Trd, 4318510.043, 105
Trd, 4318510.643, 105
Trd, 4318512.193, 104
Trd, 4318512.243, 104
Trd, 4318512.493, 103
Trd, 4318515.343, 98
Trd, 4318516.843, 96
Trd, 4318517.893, 97
Trd, 4318519.343, 97
Trd, 4318520.043, 95
Trd, 4318521.693, 97
Trd, 4318523.143, 98
Trd, 4318523.543, 97
Trd, 4318525.943, 96
Trd, 4318526.993, 88
Trd, 4318528.093, 92
Trd, 4318528.993, 91
Trd, 4318530.093, 91
Trd, 4318532.843, 90
Trd, 4318533.793, 92
Trd, 4318536.093, 91
Trd, 4318536.593, 92
Trd, 4318537.793, 91
Trd, 4318538.393, 91
Trd, 4318540.343, 97
Trd, 4318542.893, 101
Trd, 4318543.143, 100
Trd, 4318543.293, 100
Trd, 4318543.593, 101
Trd, 4318544.543, 85
Trd, 4318545.593, 94
Trd, 4318547.043, 99
Trd, 4318548.943, 97
Trd, 4318550.593, 99
Trd, 4318551.243, 98
Trd, 4318551.493, 96
Trd, 4318553.743, 98
Trd, 4318554.043, 97
Trd, 4318556.793, 97
Trd, 4318558.143, 97
Trd, 4318559.793, 99
Trd, 4318561.843, 97
Trd, 4318562.693, 96
Trd, 4318564.543, 96
Trd, 4318564.593, 94
Trd, 4318565.193, 87
Trd, 4318568.843, 91
Trd, 4318570.843, 90
Trd, 4318572.293, 95
Trd, 4318572.343, 93
Trd, 4318572.743, 90
Trd, 4318574.343, 92
Trd, 4318574.843, 85
Trd, 4318577.593, 95
Trd, 4318579.743, 101
Trd, 4318580.143, 102
Trd, 4318580.443, 100
Trd, 4318580.593, 99
Trd, 4318583.243, 100
Trd, 4318584.843, 100
Trd, 4318585.643, 100
Trd, 4318586.893, 96
Trd, 4318587.093, 97
Trd, 4318590.993, 102
Trd, 4318591.343, 102
Trd, 4318592.993, 103
Trd, 4318593.293, 105
Trd, 4318593.843, 104
Trd, 4318594.743, 103
Trd, 4318597.043, 101
Trd, 4318599.193, 104
Trd, 4318599.293, 103
Trd, 4318600.293, 104
Trd, 4318600.593, 103
Trd, 4318600.893, 103
Trd, 4318604.643, 104
Trd, 4318604.993, 96
Trd, 4318606.543, 99
Trd, 4318608.493, 100
Trd, 4318610.093, 101
Trd, 4318611.393, 99
Trd, 4318612.293, 84
Trd, 4318614.993, 94
Trd, 4318615.893, 94
Trd, 4318616.893, 93
Trd, 4318619.043, 94
Trd, 4318619.793, 95
Trd, 4318621.993, 94
Trd, 4318622.893, 95
Trd, 4318623.093, 92
Trd, 4318623.143, 92
Trd, 4318627.243, 91
Trd, 4318627.593, 75
Trd, 4318629.443, 85
Trd, 4318629.693, 84
Trd, 4318632.743, 88
Trd, 4318634.193, 95
Trd, 4318634.693, 95
Trd, 4318636.043, 97
Trd, 4318636.093, 96
Trd, 4318639.443, 98
Trd, 4318639.943, 98
Trd, 4318640.743, 95
Trd, 4318641.793, 95
Trd, 4318641.993, 95
Trd, 4318644.093, 96
Trd, 4318646.293, 99
Trd, 4318646.493, 98
Trd, 4318649.193, 97
Trd, 4318649.693, 97
Trd, 4318650.543, 98
Trd, 4318651.843, 85
Trd, 4318653.093, 93
Trd, 4318654.543, 88
Trd, 4318656.943, 92
Trd, 4318658.443, 96
Trd, 4318659.293, 97
Trd, 4318659.643, 96
Trd, 4318660.243, 96
Trd, 4318661.793, 95
Trd, 4318663.293, 95
Trd, 4318664.893, 93
Trd, 4318666.143, 86
Trd, 4318667.193, 89
Trd, 4318667.893, 81
Trd, 4318669.293, 84
Trd, 4318669.943, 82
Trd, 4318670.593, 81
Trd, 4318674.293, 98
Trd, 4318674.893, 99
Trd, 4318675.793, 99
Trd, 4318676.543, 95
Trd, 4318677.193, 85
Trd, 4318677.793, 89
Trd, 4318678.443, 89
Trd, 4318680.843, 96
Trd, 4318681.243, 95
Trd, 4318683.293, 98
Trd, 4318684.443, 98
Trd, 4318686.643, 97
Trd, 4318686.943, 95
Trd, 4318687.743, 96
Trd, 4318689.743, 102
Trd, 4318691.943, 103
Trd, 4318692.293, 101
Trd, 4318692.793, 100
Trd, 4318693.143, 99
Trd, 4318694.393, 98
Trd, 4318696.743, 99
Trd, 4318696.943, 97
Trd, 4318698.993, 87
Trd, 4318701.443, 97
Trd, 4318701.693, 96
Trd, 4318702.843, 97
Trd, 4318703.143, 96
Trd, 4318704.393, 99
Trd, 4318704.593, 98
Trd, 4318709.093, 98
Trd, 4318709.293, 97
Trd, 4318709.393, 96
Trd, 4318710.893, 96
Trd, 4318712.593, 97
Trd, 4318712.843, 97
Trd, 4318713.393, 95
Trd, 4318714.493, 95
Trd, 4318715.293, 96
Trd, 4318715.443, 94
Trd, 4318716.993, 93
Trd, 4318717.643, 92
Trd, 4318719.493, 90
Trd, 4318720.393, 92
Trd, 4318723.093, 91
Trd, 4318724.743, 96
Trd, 4318725.443, 94
Trd, 4318726.743, 93
Trd, 4318728.143, 95
Trd, 4318728.243, 94
Trd, 4318729.743, 97
Trd, 4318730.743, 97
Trd, 4318730.843, 95
Trd, 4318733.443, 94
Trd, 4318734.293, 95
Trd, 4318734.743, 94
Trd, 4318738.443, 95
Trd, 4318738.493, 95
Trd, 4318739.093, 96
Trd, 4318739.193, 95
Trd, 4318741.593, 96
Trd, 4318743.993, 96
Trd, 4318745.193, 95
Trd, 4318746.443, 95
Trd, 4318747.693, 93
Trd, 4318748.943, 95
Trd, 4318749.193, 95
Trd, 4318751.243, 96
Trd, 4318751.943, 94
Trd, 4318753.393, 98
Trd, 4318753.443, 97
Trd, 4318754.443, 97
Trd, 4318757.093, 97
Trd, 4318757.893, 98
Trd, 4318758.593, 97
Trd, 4318762.443, 97
Trd, 4318762.893, 96
Trd, 4318763.193, 96
Trd, 4318763.793, 97
Trd, 4318764.843, 95
Trd, 4318765.693, 96
Trd, 4318767.593, 95
Trd, 4318769.093, 96
Trd, 4318769.643, 95
Trd, 4318770.143, 96
Trd, 4318770.693, 95
Trd, 4318770.993, 87
Trd, 4318773.843, 101
Trd, 4318774.593, 102
Trd, 4318774.943, 101
Trd, 4318775.343, 100
Trd, 4318777.843, 98
Trd, 4318778.093, 98
Trd, 4318778.443, 99
Trd, 4318780.293, 87
Trd, 4318781.693, 94
Trd, 4318783.993, 96
Trd, 4318786.393, 97
Trd, 4318786.693, 96
Trd, 4318787.243, 96
Trd, 4318787.443, 96
Trd, 4318789.143, 85
Trd, 4318790.193, 89
Trd, 4318792.543, 93
Trd, 4318794.193, 99
Trd, 4318794.443, 99
Trd, 4318794.543, 97
Trd, 4318797.743, 100
Trd, 4318798.543, 99
Trd, 4318798.643, 98
Trd, 4318799.893, 97
Trd, 4318801.943, 98
Trd, 4318802.793, 96
Trd, 4318804.643, 100
Trd, 4318806.643, 100
Trd, 4318808.193, 100
Trd, 4318808.343, 99
Trd, 4318810.043, 90
Trd, 4318812.243, 98
Trd, 4318812.593, 97
Trd, 4318813.493, 97
Trd, 4318814.343, 98
Trd, 4318815.243, 98
Trd, 4318816.143, 96
Trd, 4318816.643, 95
Trd, 4318818.743, 96
Trd, 4318820.293, 96
Trd, 4318821.593, 97
Trd, 4318822.043, 96
Trd, 4318823.993, 95
Trd, 4318824.393, 95
Trd, 4318825.143, 95
Trd, 4318828.543, 97
Trd, 4318829.443, 96
Trd, 4318830.143, 95
Trd, 4318832.593, 95
Trd, 4318832.893, 96
Trd, 4318834.393, 96
Trd, 4318834.793, 95
Trd, 4318835.443, 97
Trd, 4318837.943, 101
Trd, 4318837.993, 100
Trd, 4318839.343, 100
Trd, 4318840.893, 104
Trd, 4318841.143, 103
Trd, 4318841.193, 100
Trd, 4318843.793, 100
Trd, 4318844.693, 102
Trd, 4318846.343, 105
Trd, 4318846.493, 104
Trd, 4318847.243, 95
Trd, 4318849.943, 100
Trd, 4318850.543, 88
Trd, 4318850.693, 87
Trd, 4318856.243, 97
Trd, 4318857.293, 95
Trd, 4318857.943, 97
Trd, 4318858.343, 96
Trd, 4318858.493, 95
Trd, 4318859.793, 95
Trd, 4318860.543, 95
Trd, 4318861.643, 96
Trd, 4318862.293, 97
Trd, 4318864.893, 100
Trd, 4318867.493, 99
Trd, 4318867.543, 99
Trd, 4318868.143, 87
Trd, 4318870.943, 93
Trd, 4318871.843, 91
Trd, 4318874.143, 96
Trd, 4318875.643, 102
Trd, 4318876.043, 102
Trd, 4318876.243, 100
Trd, 4318877.493, 99
Trd, 4318878.343, 95
Trd, 4318879.843, 96
Trd, 4318880.493, 95
Trd, 4318882.793, 95
Trd, 4318885.193, 96
Trd, 4318886.143, 96
Trd, 4318886.893, 95
Trd, 4318887.093, 95
Trd, 4318888.493, 95
Trd, 4318890.993, 102
Trd, 4318891.043, 101
Trd, 4318891.743, 95
Trd, 4318892.343, 95
Trd, 4318895.993, 96
Trd, 4318896.793, 97
Trd, 4318899.593, 99
Trd, 4318900.093, 100
Trd, 4318902.543, 103
Trd, 4318903.343, 102
Trd, 4318904.143, 103
Trd, 4318905.043, 103
Trd, 4318905.743, 102
Trd, 4318907.893, 101
Trd, 4318908.493, 100
Trd, 4318911.043, 98
Trd, 4318912.893, 98
Trd, 4318914.193, 97
Trd, 4318914.493, 97
Trd, 4318916.393, 97
Trd, 4318917.943, 97
Trd, 4318918.243, 97
Trd, 4318918.743, 96
Trd, 4318919.093, 96
Trd, 4318919.693, 96
Trd, 4318922.143, 95
Trd, 4318922.893, 97
Trd, 4318923.993, 98
Trd, 4318925.343, 99
Trd, 4318925.943, 99
Trd, 4318926.843, 98
Trd, 4318928.793, 99
Trd, 4318929.193, 98
Trd, 4318929.893, 95
Trd, 4318930.993, 95
Trd, 4318933.093, 96
Trd, 4318934.943, 99
Trd, 4318935.343, 99
Trd, 4318935.943, 98
Trd, 4318939.493, 103
Trd, 4318939.643, 101
Trd, 4318939.993, 99
Trd, 4318941.243, 99
Trd, 4318941.693, 99
Trd, 4318941.743, 95
Trd, 4318941.993, 85
Trd, 4318944.843, 100
Trd, 4318945.943, 101
Trd, 4318947.393, 86
Trd, 4318948.743, 90
Trd, 4318949.043, 87
Trd, 4318952.093, 90
Trd, 4318952.743, 90
Trd, 4318953.143, 89
Trd, 4318956.093, 89
Trd, 4318958.343, 89
Trd, 4318959.293, 92
Trd, 4318959.693, 93
Trd, 4318960.793, 96
Trd, 4318963.243, 96
Trd, 4318963.443, 95
Trd, 4318964.193, 85
Trd, 4318966.843, 86
Trd, 4318969.493, 94
Trd, 4318969.943, 95
Trd, 4318970.243, 94
Trd, 4318970.493, 94
Trd, 4318973.493, 96
Trd, 4318973.593, 95
Trd, 4318975.093, 98
Trd, 4318975.193, 98
Trd, 4318977.243, 100
Trd, 4318979.593, 104
Trd, 4318980.443, 104
Trd, 4318981.593, 103
Trd, 4318982.193, 102
Trd, 4318982.993, 104
Trd, 4318983.143, 102
Trd, 4318984.843, 103
Trd, 4318985.193, 102
Trd, 4318986.543, 102
Trd, 4318987.143, 102
Trd, 4318987.793, 102
Trd, 4318987.943, 97
Trd, 4318991.143, 99
Trd, 4318991.643, 101
Trd, 4318994.493, 101
Trd, 4318995.143, 100
Trd, 4318996.643, 100
Trd, 4318996.893, 99
Trd, 4318998.343, 95
Trd, 4319001.093, 99
Trd, 4319002.443, 100
Trd, 4319002.693, 100
Trd, 4319002.793, 97
Trd, 4319003.893, 99
Trd, 4319005.043, 99
Trd, 4319006.643, 99
Trd, 4319009.493, 98
Trd, 4319010.043, 99
Trd, 4319010.093, 97
Trd, 4319012.193, 88
Trd, 4319013.093, 86
Trd, 4319015.443, 92
Trd, 4319016.343, 94
Trd, 4319016.743, 95
Trd, 4319018.393, 95
Trd, 4319019.893, 95
Trd, 4319020.243, 94
Trd, 4319020.443, 94
Trd, 4319022.793, 70
Trd, 4319023.143, 78
Trd, 4319026.443, 87
Trd, 4319028.193, 95
Trd, 4319028.493, 96
Trd, 4319028.793, 95
Trd, 4319029.743, 97
Trd, 4319031.543, 100
Trd, 4319033.543, 99
Trd, 4319034.343, 99
Trd, 4319034.893, 98
Trd, 4319035.743, 97
Trd, 4319037.043, 86
Trd, 4319038.693, 89
Trd, 4319040.643, 92
Trd, 4319042.143, 93
Trd, 4319043.493, 92
Trd, 4319043.693, 92
Trd, 4319045.443, 91
Trd, 4319047.143, 95
Trd, 4319047.893, 95
Trd, 4319048.443, 95
Trd, 4319048.843, 95
Trd, 4319050.293, 98
Trd, 4319052.193, 98
Trd, 4319052.793, 99
Trd, 4319053.693, 97
Trd, 4319053.843, 85
Trd, 4319057.043, 101
Trd, 4319058.543, 104
Trd, 4319059.793, 103
Trd, 4319060.593, 103
Trd, 4319062.343, 103
Trd, 4319062.843, 103
Trd, 4319063.093, 102
Trd, 4319063.293, 102
Trd, 4319066.193, 103
Trd, 4319066.343, 104
Trd, 4319066.943, 103
Trd, 4319069.343, 92
Trd, 4319070.943, 100
Trd, 4319071.093, 100
Trd, 4319074.693, 101
Trd, 4319074.793, 100
Trd, 4319074.993, 100
Trd, 4319076.943, 96
Trd, 4319078.593, 97
Trd, 4319079.043, 99
Trd, 4319081.093, 100
Trd, 4319081.343, 99
Trd, 4319083.343, 98
Trd, 4319083.543, 98
Trd, 4319084.743, 97
Trd, 4319086.093, 97
Trd, 4319086.293, 97
Trd, 4319086.543, 95
Trd, 4319089.093, 89
Trd, 4319090.243, 92
Trd, 4319091.793, 93
Trd, 4319093.093, 92
Trd, 4319094.693, 90
Trd, 4319097.143, 95
Trd, 4319098.243, 98
Trd, 4319099.243, 99
Trd, 4319099.743, 98
Trd, 4319100.443, 97
Trd, 4319101.493, 96
Trd, 4319103.443, 95
Trd, 4319104.143, 96
Trd, 4319105.293, 95
Trd, 4319107.743, 95
Trd, 4319107.943, 95
Trd, 4319109.343, 96
Trd, 4319110.743, 95
Trd, 4319111.493, 95
Trd, 4319112.643, 95
Trd, 4319113.793, 96
Trd, 4319116.193, 99
Trd, 4319116.993, 103
Trd, 4319117.793, 104
Trd, 4319118.393, 103
Trd, 4319118.443, 102
Trd, 4319118.643, 83
Trd, 4319120.743, 113
Trd, 4319121.493, 111
Trd, 4319124.043, 110
Trd, 4319124.093, 108
Trd, 4319124.543, 104
Trd, 4319125.993, 83
Trd, 4319126.093, 83
Trd, 4319127.993, 88
Trd, 4319132.043, 99
Trd, 4319132.793, 99
Trd, 4319134.393, 100
Trd, 4319134.643, 98
Trd, 4319135.543, 100
Trd, 4319135.943, 101
Trd, 4319137.893, 100
Trd, 4319138.043, 99
Trd, 4319138.143, 98
Trd, 4319140.193, 89
Trd, 4319140.993, 85
Trd, 4319145.143, 94
Trd, 4319145.793, 95
Trd, 4319147.543, 96
Trd, 4319148.943, 97
Trd, 4319149.443, 97
Trd, 4319150.143, 87
Trd, 4319151.343, 97
Trd, 4319152.893, 101
Trd, 4319153.843, 102
Trd, 4319154.393, 95
Trd, 4319154.993, 85
Trd, 4319156.943, 91
Trd, 4319158.393, 95
Trd, 4319159.493, 96
Trd, 4319161.193, 95
Trd, 4319163.593, 98
Trd, 4319163.893, 98
Trd, 4319165.493, 97
Trd, 4319166.043, 95
Trd, 4319166.943, 95
Trd, 4319167.993, 96
Trd, 4319170.543, 95
Trd, 4319172.193, 95
Trd, 4319173.693, 100
Trd, 4319175.143, 100
Trd, 4319175.193, 100
Trd, 4319175.293, 100
Trd, 4319177.443, 99
Trd, 4319178.593, 102
Trd, 4319179.143, 101
Trd, 4319179.493, 100
Trd, 4319180.843, 99
Trd, 4319182.493, 104
Trd, 4319182.643, 103
Trd, 4319183.043, 98
Trd, 4319183.893, 98
Trd, 4319187.093, 97
Trd, 4319188.293, 97
Trd, 4319189.243, 98
Trd, 4319189.793, 97
Trd, 4319191.493, 98
Trd, 4319192.893, 104
Trd, 4319193.343, 105
Trd, 4319194.293, 103
Trd, 4319194.343, 95
Trd, 4319194.843, 98
Trd, 4319196.143, 100
Trd, 4319196.893, 99
Trd, 4319199.443, 89
Trd, 4319200.393, 95
Trd, 4319200.593, 94
Trd, 4319202.193, 96
Trd, 4319202.643, 94
Trd, 4319204.843, 97
Trd, 4319205.243, 96
Trd, 4319205.843, 95
Trd, 4319208.343, 101
Trd, 4319209.443, 101
Trd, 4319210.143, 100
Trd, 4319210.693, 98
Trd, 4319211.793, 96
Trd, 4319214.543, 91
Trd, 4319214.893, 91
Trd, 4319215.643, 90
Trd, 4319218.443, 92
Trd, 4319219.993, 94
Trd, 4319220.493, 93
Trd, 4319222.093, 91
Trd, 4319223.893, 95
Trd, 4319224.693, 94
Trd, 4319225.043, 94
Trd, 4319225.643, 94
Trd, 4319227.143, 95
Trd, 4319229.943, 99
Trd, 4319231.643, 99
Trd, 4319231.893, 98
Trd, 4319233.493, 101
Trd, 4319235.243, 103
Trd, 4319236.393, 103
Trd, 4319236.593, 100
Trd, 4319238.093, 103
Trd, 4319239.593, 104
Trd, 4319240.493, 104
Trd, 4319240.693, 103
Trd, 4319240.893, 77
Trd, 4319241.643, 89
Trd, 4319244.143, 87
Trd, 4319246.093, 98
Trd, 4319246.593, 98
Trd, 4319248.193, 100
Trd, 4319249.043, 98
Trd, 4319250.093, 98
Trd, 4319252.593, 101
Trd, 4319252.643, 101
Trd, 4319253.493, 101
Trd, 4319255.493, 100
Trd, 4319256.543, 95
Trd, 4319257.193, 70
Trd, 4319258.593, 85
Trd, 4319261.043, 90
Trd, 4319261.643, 94
Trd, 4319262.243, 94
Trd, 4319263.393, 92
Trd, 4319265.843, 95
Trd, 4319266.893, 95
Trd, 4319269.143, 96
Trd, 4319269.693, 95
Trd, 4319271.743, 95
Trd, 4319271.993, 94
Trd, 4319272.443, 94
Trd, 4319273.443, 93
Trd, 4319274.593, 93
Trd, 4319276.293, 95
Trd, 4319276.643, 95
Trd, 4319280.143, 94
Trd, 4319280.193, 95
Trd, 4319280.343, 94
Trd, 4319282.093, 93
Trd, 4319283.393, 92
Trd, 4319285.393, 97
Trd, 4319285.593, 97
Trd, 4319285.893, 96
Trd, 4319289.343, 103
Trd, 4319289.593, 104
Trd, 4319290.193, 99
Trd, 4319291.593, 100
Trd, 4319291.793, 99
Trd, 4319291.843, 95
Trd, 4319292.243, 94
Trd, 4319295.643, 98
Trd, 4319296.793, 97
Trd, 4319298.143, 96
Trd, 4319299.743, 97
Trd, 4319301.343, 99
Trd, 4319302.543, 100
Trd, 4319303.893, 102
Trd, 4319305.193, 99
Trd, 4319305.393, 98
Trd, 4319306.593, 98
Trd, 4319306.893, 98
Trd, 4319308.093, 99
Trd, 4319308.993, 97
Trd, 4319310.443, 98
Trd, 4319311.243, 96
Trd, 4319312.243, 96
Trd, 4319312.543, 94
Trd, 4319314.643, 99
Trd, 4319315.843, 100
Trd, 4319316.243, 99
Trd, 4319318.243, 101
Trd, 4319318.493, 95
Trd, 4319319.643, 100
Trd, 4319322.193, 102
Trd, 4319322.443, 101
Trd, 4319323.043, 101
Trd, 4319325.043, 102
Trd, 4319327.243, 100
Trd, 4319328.643, 100
Trd, 4319330.093, 100
Trd, 4319331.293, 85
Trd, 4319332.893, 81
Trd, 4319334.443, 84
Trd, 4319336.643, 92
Trd, 4319336.793, 90
Trd, 4319339.843, 92
Trd, 4319341.093, 93
Trd, 4319341.543, 92
Trd, 4319343.293, 97
Trd, 4319343.593, 95
Trd, 4319344.543, 94
Trd, 4319346.243, 98
Trd, 4319347.443, 89
Trd, 4319350.993, 99
Trd, 4319352.093, 101
Trd, 4319352.743, 100
Trd, 4319353.243, 99
Trd, 4319354.343, 91
Trd, 4319356.593, 99
Trd, 4319357.093, 97
Trd, 4319357.543, 86
Trd, 4319358.243, 84
Trd, 4319359.293, 88
Trd, 4319361.693, 98
Trd, 4319362.243, 97
Trd, 4319363.993, 97
Trd, 4319365.293, 97
Trd, 4319366.643, 99
Trd, 4319367.643, 100
Trd, 4319368.293, 100
Trd, 4319369.893, 100
Trd, 4319370.043, 100
Trd, 4319371.893, 101
Trd, 4319372.293, 100
Trd, 4319373.443, 101
Trd, 4319376.343, 102
Trd, 4319376.543, 101
Trd, 4319377.643, 100
Trd, 4319378.743, 100
Trd, 4319379.643, 99
Trd, 4319382.393, 102
Trd, 4319382.543, 101
Trd, 4319384.093, 99
Trd, 4319384.143, 99
Trd, 4319386.343, 99
Trd, 4319388.543, 100
Trd, 4319389.493, 102
Trd, 4319390.393, 101
Trd, 4319391.843, 101
Trd, 4319392.043, 102
Trd, 4319392.943, 102
Trd, 4319393.543, 100
Trd, 4319395.493, 99
Trd, 4319396.593, 93
Trd, 4319397.143, 83
Trd, 4319398.643, 91
Trd, 4319399.643, 95
Trd, 4319400.943, 95
Trd, 4319401.793, 100
Trd, 4319404.143, 101
Trd, 4319404.793, 100
Trd, 4319405.143, 96
Trd, 4319406.343, 95
Trd, 4319407.593, 93
Trd, 4319410.593, 97
Trd, 4319410.893, 98
Trd, 4319411.693, 98
Trd, 4319413.593, 99
Trd, 4319414.143, 99
Trd, 4319414.593, 100
Trd, 4319415.593, 99
Trd, 4319415.693, 95
Trd, 4319419.193, 100
Trd, 4319419.243, 98
Trd, 4319421.293, 90
Trd, 4319421.593, 94
Trd, 4319421.743, 85
Trd, 4319425.443, 100
Trd, 4319425.793, 100
Trd, 4319426.193, 99
Trd, 4319428.643, 104
Trd, 4319429.293, 100
Trd, 4319430.243, 103
Trd, 4319430.843, 102
Trd, 4319431.943, 104
Trd, 4319432.443, 102
Trd, 4319434.043, 96
Trd, 4319437.243, 102
Trd, 4319438.493, 104
Trd, 4319438.643, 103
Trd, 4319438.893, 100
Trd, 4319439.493, 100
Trd, 4319442.593, 90
Trd, 4319442.893, 93
Trd, 4319443.643, 91
Trd, 4319444.693, 94
Trd, 4319445.093, 95
Trd, 4319446.993, 97
Trd, 4319449.793, 102
Trd, 4319450.593, 103
Trd, 4319451.393, 104
Trd, 4319451.743, 101
Trd, 4319452.743, 102
Trd, 4319454.343, 100
Trd, 4319455.343, 103
Trd, 4319455.893, 100
Trd, 4319456.293, 95
Trd, 4319457.743, 103
Trd, 4319459.043, 104
Trd, 4319459.893, 104
Trd, 4319460.543, 104
Trd, 4319461.493, 104
Trd, 4319463.993, 104
Trd, 4319464.143, 104
Trd, 4319465.443, 103
Trd, 4319468.343, 104
Trd, 4319468.443, 103
Trd, 4319470.443, 102
Trd, 4319470.893, 103
Trd, 4319471.543, 101
Trd, 4319473.493, 104
Trd, 4319473.893, 104
Trd, 4319474.943, 105
Trd, 4319475.093, 101
Trd, 4319476.393, 104
Trd, 4319477.343, 101
Trd, 4319478.543, 101
Trd, 4319479.693, 96
Trd, 4319481.293, 95
Trd, 4319483.293, 96
Trd, 4319483.993, 96
Trd, 4319485.493, 96
Trd, 4319488.643, 101
Trd, 4319488.893, 100
Trd, 4319490.743, 100
Trd, 4319492.293, 103
Trd, 4319492.743, 102
Trd, 4319493.043, 100
Trd, 4319495.693, 98
Trd, 4319499.593, 108
Trd, 4319499.693, 106
Trd, 4319500.593, 106
Trd, 4319500.743, 104
Trd, 4319502.443, 104
Trd, 4319503.293, 104
Trd, 4319505.843, 104
Trd, 4319506.743, 103
Trd, 4319507.643, 104
Trd, 4319510.643, 103
Trd, 4319511.893, 103
Trd, 4319513.993, 101
Trd, 4319514.793, 100
Trd, 4319515.093, 95
Trd, 4319517.393, 102
Trd, 4319518.443, 102
Trd, 4319518.993, 102
Trd, 4319519.993, 100
Trd, 4319522.543, 104
Trd, 4319522.693, 103
Trd, 4319523.093, 102
Trd, 4319524.393, 102
Trd, 4319525.343, 100
Trd, 4319527.393, 95
Trd, 4319530.393, 98
Trd, 4319531.743, 97
Trd, 4319532.093, 97
Trd, 4319532.893, 97
Trd, 4319534.043, 96
Trd, 4319534.793, 96
Trd, 4319535.393, 95
Trd, 4319537.943, 96
Trd, 4319539.193, 95
Trd, 4319539.593, 95
Trd, 4319540.193, 96
Trd, 4319540.543, 79
Trd, 4319541.943, 87
Trd, 4319545.143, 98
Trd, 4319545.243, 97
Trd, 4319545.743, 97
Trd, 4319546.293, 96
Trd, 4319547.943, 95
Trd, 4319548.593, 95
Trd, 4319549.543, 95
Trd, 4319550.693, 96
Trd, 4319552.343, 101
Trd, 4319553.193, 102
Trd, 4319554.243, 101
Trd, 4319554.493, 99
Trd, 4319556.743, 100
Trd, 4319556.893, 99
Trd, 4319558.293, 104
Trd, 4319558.793, 102
Trd, 4319559.193, 95
Trd, 4319560.493, 85
Trd, 4319560.543, 84
Trd, 4319562.993, 96
Trd, 4319563.743, 94
Trd, 4319566.843, 98
Trd, 4319568.043, 97
Trd, 4319569.443, 97
Trd, 4319570.093, 95
Trd, 4319570.193, 95
Trd, 4319570.793, 95
Trd, 4319572.543, 95
Trd, 4319572.843, 86
Trd, 4319575.093, 91
Trd, 4319575.643, 92
Trd, 4319578.793, 95
Trd, 4319580.093, 93
Trd, 4319580.943, 94
Trd, 4319581.443, 95
Trd, 4319581.693, 96
Trd, 4319583.643, 96
Trd, 4319586.743, 97
Trd, 4319587.293, 97
Trd, 4319588.693, 100
Trd, 4319588.893, 98
Trd, 4319590.743, 103
Trd, 4319591.743, 102
Trd, 4319592.693, 103
Trd, 4319593.143, 101
Trd, 4319593.393, 95
Trd, 4319593.793, 85
Trd, 4319596.893, 94
Trd, 4319596.943, 95
Trd, 4319596.993, 92
Trd, 4319598.493, 93
Trd, 4319600.943, 95
Trd, 4319602.943, 99
Trd, 4319603.293, 99
Trd, 4319603.493, 98
Trd, 4319604.943, 96
Trd, 4319605.593, 97
Trd, 4319606.593, 99
Trd, 4319608.643, 99
Trd, 4319608.993, 99
Trd, 4319612.343, 97
Trd, 4319612.593, 98
Trd, 4319613.243, 96
Trd, 4319613.393, 95
Trd, 4319614.793, 93
Trd, 4319615.443, 84
Trd, 4319618.693, 83
Trd, 4319619.193, 86
Trd, 4319621.943, 85
Trd, 4319623.143, 89
Trd, 4319624.343, 90
Trd, 4319624.543, 89
Trd, 4319625.693, 91
Trd, 4319626.993, 97
Trd, 4319628.043, 97
Trd, 4319630.443, 100
Trd, 4319632.543, 100
Trd, 4319633.243, 100
Trd, 4319634.093, 100
Trd, 4319634.243, 98
Trd, 4319636.343, 89
Trd, 4319637.893, 94
Trd, 4319638.443, 93
Trd, 4319639.243, 93
Trd, 4319640.193, 96
Trd, 4319640.943, 95
Trd, 4319642.143, 95
Trd, 4319645.493, 95
Trd, 4319646.293, 95
Trd, 4319646.593, 94
Trd, 4319646.743, 85
Trd, 4319648.293, 87
Trd, 4319649.743, 92
Trd, 4319651.343, 91
Trd, 4319652.993, 92
Trd, 4319654.543, 95
Trd, 4319655.093, 95
Trd, 4319655.143, 94
Trd, 4319656.243, 92
Trd, 4319657.643, 86
Trd, 4319660.043, 91
Trd, 4319660.093, 88
Trd, 4319663.993, 93
Trd, 4319664.343, 91
Trd, 4319667.743, 93
Trd, 4319668.843, 95
Trd, 4319669.043, 94
Trd, 4319669.293, 93
Trd, 4319672.493, 97
Trd, 4319673.793, 104
Trd, 4319673.993, 103
Trd, 4319674.543, 112
Trd, 4319674.643, 113
Trd, 4319676.143, 111
Trd, 4319677.243, 111
Trd, 4319677.593, 104
Trd, 4319679.743, 106
Trd, 4319679.993, 96
Trd, 4319682.393, 102
Trd, 4319682.693, 101
Trd, 4319685.043, 104
Trd, 4319686.593, 104
Trd, 4319686.793, 104
Trd, 4319687.043, 104
Trd, 4319689.143, 103
Trd, 4319689.993, 102
Trd, 4319692.843, 101
Trd, 4319693.843, 97
Trd, 4319694.693, 99
Trd, 4319696.493, 98
Trd, 4319699.693, 98
Trd, 4319700.093, 98
Trd, 4319700.293, 99
Trd, 4319701.893, 97
Trd, 4319703.493, 98
Trd, 4319703.643, 98
Trd, 4319708.793, 97
Trd, 4319709.293, 99
Trd, 4319709.493, 98
Trd, 4319710.993, 98
Trd, 4319711.193, 97
Trd, 4319712.193, 95
Trd, 4319714.193, 71
Trd, 4319715.893, 85
Trd, 4319717.043, 85
Trd, 4319718.693, 88
Trd, 4319720.993, 90
Trd, 4319722.243, 93
Trd, 4319725.043, 106
Trd, 4319725.543, 108
Trd, 4319725.993, 107
Trd, 4319727.393, 107
Trd, 4319728.493, 106
Trd, 4319731.943, 113
Trd, 4319732.193, 110
Trd, 4319732.543, 110
Trd, 4319733.193, 104
Trd, 4319735.143, 105
Trd, 4319735.343, 95
Trd, 4319736.793, 107
Trd, 4319737.993, 107
Trd, 4319738.143, 102
Trd, 4319739.493, 84
Trd, 4319740.343, 97
Trd, 4319741.843, 98
Trd, 4319745.043, 98
Trd, 4319746.393, 98
Trd, 4319747.343, 98
Trd, 4319747.943, 96
Trd, 4319749.293, 98
Trd, 4319751.193, 97
Trd, 4319752.443, 96
Trd, 4319754.943, 97
Trd, 4319756.243, 97
Trd, 4319756.643, 98
Trd, 4319757.293, 99
Trd, 4319759.393, 97
Trd, 4319759.993, 97
Trd, 4319760.643, 98
Trd, 4319761.143, 96
Trd, 4319763.343, 96
Trd, 4319764.343, 96
Trd, 4319764.793, 98
Trd, 4319765.993, 96
Trd, 4319766.843, 96
Trd, 4319768.143, 98
Trd, 4319769.993, 97
Trd, 4319771.043, 95
Trd, 4319771.593, 94
Trd, 4319773.593, 95
Trd, 4319773.743, 94
Trd, 4319775.143, 94
Trd, 4319775.293, 93
Trd, 4319777.493, 95
Trd, 4319778.143, 95
Trd, 4319780.493, 95
Trd, 4319781.243, 94
Trd, 4319781.943, 96
Trd, 4319784.093, 97
Trd, 4319784.393, 95
Trd, 4319787.143, 89
Trd, 4319787.293, 85
Trd, 4319787.893, 85
Trd, 4319790.193, 89
Trd, 4319791.193, 92
Trd, 4319793.293, 96
Trd, 4319793.343, 96
Trd, 4319794.593, 97
Trd, 4319797.293, 97
Trd, 4319800.293, 97
Trd, 4319801.193, 97
Trd, 4319802.193, 96
Trd, 4319802.293, 95
Trd, 4319803.693, 95
Trd, 4319804.343, 95
Trd, 4319804.593, 93
Trd, 4319807.493, 95
Trd, 4319808.143, 98
Trd, 4319809.993, 103
Trd, 4319810.093, 102
Trd, 4319811.093, 103
Trd, 4319812.743, 103
Trd, 4319812.843, 104
Trd, 4319814.543, 103
Trd, 4319817.043, 105
Trd, 4319817.143, 104
Trd, 4319817.893, 96
Trd, 4319819.493, 106
Trd, 4319822.243, 104
Trd, 4319822.743, 104
Trd, 4319824.093, 103
Trd, 4319824.193, 95
Trd, 4319824.643, 86
Trd, 4319824.893, 85
Trd, 4319830.043, 96
Trd, 4319830.343, 95
Trd, 4319830.593, 96
Trd, 4319831.293, 96
Trd, 4319834.093, 95
Trd, 4319834.243, 94
Trd, 4319837.543, 98
Trd, 4319837.843, 97
Trd, 4319839.143, 96
Trd, 4319840.093, 96
Trd, 4319840.293, 97
Trd, 4319841.443, 97
Trd, 4319842.993, 96
Trd, 4319843.443, 95
Trd, 4319845.593, 95
Trd, 4319846.543, 95
Trd, 4319849.543, 96
Trd, 4319850.193, 95
Trd, 4319850.343, 95
Trd, 4319852.143, 97
Trd, 4319853.343, 100
Trd, 4319854.793, 102
Trd, 4319854.943, 101
Trd, 4319856.293, 103
Trd, 4319856.843, 103
Trd, 4319858.743, 102
Trd, 4319861.743, 102
Trd, 4319861.993, 101
Trd, 4319863.193, 99
Trd, 4319865.143, 99
Trd, 4319866.093, 98
Trd, 4319867.293, 102
Trd, 4319868.193, 103
Trd, 4319869.643, 102
Trd, 4319870.243, 102
Trd, 4319870.843, 101
Trd, 4319874.093, 100
Trd, 4319874.593, 99
Trd, 4319875.343, 95
Trd, 4319878.643, 99
Trd, 4319879.093, 100
Trd, 4319879.343, 98
Trd, 4319879.693, 96
Trd, 4319881.943, 96
Trd, 4319884.043, 99
Trd, 4319885.493, 100
Trd, 4319885.943, 98
Trd, 4319886.743, 97
Trd, 4319888.993, 99
Trd, 4319889.543, 99
Trd, 4319889.943, 99
Trd, 4319891.893, 99
Trd, 4319892.293, 100
Trd, 4319892.843, 95
Trd, 4319893.793, 86
Trd, 4319894.293, 88
Trd, 4319896.343, 87
Trd, 4319900.943, 95
Trd, 4319901.593, 95
Trd, 4319904.643, 94
Trd, 4319905.893, 95
Trd, 4319908.243, 95
Trd, 4319909.243, 94
Trd, 4319910.893, 95
Trd, 4319911.593, 95
Trd, 4319912.143, 96
Trd, 4319912.293, 94
Trd, 4319913.043, 90
Trd, 4319918.343, 85
Trd, 4319919.343, 86
Trd, 4319919.593, 85
Trd, 4319919.893, 86
Trd, 4319920.793, 85
Trd, 4319922.793, 85
Trd, 4319923.343, 87
Trd, 4319923.443, 85
Trd, 4319925.643, 93
Trd, 4319927.543, 94
Trd, 4319928.893, 94
Trd, 4319929.493, 95
Trd, 4319930.293, 95
Trd, 4319933.143, 97
Trd, 4319933.543, 98
Trd, 4319934.243, 98
Trd, 4319936.793, 99
Trd, 4319936.893, 99
Trd, 4319937.293, 98
Trd, 4319938.993, 97
Trd, 4319939.593, 96
Trd, 4319940.043, 95
Trd, 4319943.443, 97
Trd, 4319943.943, 97
Trd, 4319944.293, 98
Trd, 4319945.293, 97
Trd, 4319947.793, 96
Trd, 4319947.993, 96
Trd, 4319948.243, 95
Trd, 4319949.643, 97
Trd, 4319952.743, 96
Trd, 4319952.843, 96
Trd, 4319954.343, 96
Trd, 4319954.893, 95
Trd, 4319955.493, 95
Trd, 4319956.993, 96
Trd, 4319958.943, 97
Trd, 4319961.293, 96
Trd, 4319962.293, 97
Trd, 4319963.243, 97
Trd, 4319964.293, 97
Trd, 4319964.993, 96
Trd, 4319967.893, 97
Trd, 4319968.043, 96
Trd, 4319968.493, 95
Trd, 4319970.543, 97
Trd, 4319972.443, 96
Trd, 4319972.943, 96
Trd, 4319974.193, 96
Trd, 4319974.393, 95
Trd, 4319975.243, 97
Trd, 4319977.893, 101
Trd, 4319978.643, 99
Trd, 4319979.443, 99
Trd, 4319980.693, 86
Trd, 4319980.743, 84
Trd, 4319982.593, 88
Trd, 4319984.143, 97
Trd, 4319984.693, 96
Trd, 4319985.143, 97
Trd, 4319987.243, 95
Trd, 4319988.093, 95
Trd, 4319988.693, 95
Trd, 4319991.143, 98
Trd, 4319992.743, 98
Trd, 4319994.993, 98
Trd, 4319995.493, 98
Trd, 4319996.843, 99
Trd, 4319997.893, 98
Trd, 4319997.943, 97
