Trd, 4317715.643, 84
Trd, 4317715.993, 85
Trd, 4317720.543, 84
Trd, 4317722.793, 84
Trd, 4317727.343, 84
Trd, 4317732.393, 84
Trd, 4317733.793, 84
Trd, 4317736.593, 84
Trd, 4317742.943, 84
Trd, 4317744.243, 84
Trd, 4317747.843, 84
Trd, 4317750.043, 84
Trd, 4317752.693, 84
Trd, 4317753.743, 84
Trd, 4317758.993, 84
Trd, 4317760.343, 83
Trd, 4317760.943, 83
Trd, 4317763.143, 84
Trd, 4317763.793, 84
Trd, 4317768.293, 84
Trd, 4317772.443, 84
Trd, 4317773.043, 84
Trd, 4317775.893, 84
Trd, 4317776.293, 83
Trd, 4317778.893, 83
Trd, 4317778.943, 82
Trd, 4317779.443, 86
Trd, 4317781.293, 83
Trd, 4317786.743, 83
Trd, 4317788.143, 83
Trd, 4317788.793, 83
Trd, 4317793.893, 83
Trd, 4317794.643, 83
Trd, 4317801.443, 83
Trd, 4317802.293, 83
Trd, 4317808.843, 83
Trd, 4317809.143, 83
Trd, 4317810.593, 82
Trd, 4317810.643, 83
Trd, 4317811.943, 86
Trd, 4317812.743, 83
Trd, 4317813.543, 83
Trd, 4317816.843, 84
Trd, 4317817.293, 84
Trd, 4317818.193, 86
Trd, 4317818.443, 85
Trd, 4317822.993, 85
Trd, 4317823.243, 86
Trd, 4317825.093, 86
Trd, 4317826.343, 87
Trd, 4317832.143, 85
Trd, 4317833.343, 85
Trd, 4317835.593, 85
Trd, 4317838.793, 85
Trd, 4317844.143, 85
Trd, 4317845.843, 85
Trd, 4317852.443, 85
Trd, 4317853.193, 85
Trd, 4317855.893, 85
Trd, 4317859.943, 85
Trd, 4317863.443, 85
Trd, 4317863.743, 85
Trd, 4317866.243, 85
Trd, 4317871.843, 85
Trd, 4317873.843, 85
Trd, 4317875.493, 85
Trd, 4317880.143, 85
Trd, 4317882.393, 85
Trd, 4317882.743, 84
Trd, 4317882.793, 86
Trd, 4317885.543, 85
Trd, 4317890.893, 85
Trd, 4317894.893, 85
Trd, 4317895.793, 85
Trd, 4317896.243, 84
Trd, 4317896.993, 87
Trd, 4317902.093, 85
Trd, 4317902.343, 86
Trd, 4317903.843, 85
Trd, 4317904.143, 86
Trd, 4317907.943, 85
Trd, 4317908.693, 84
Trd, 4317910.143, 84
Trd, 4317911.193, 86
Trd, 4317913.293, 84
Trd, 4317917.693, 84
Trd, 4317918.843, 86
Trd, 4317919.843, 100
Trd, 4317925.993, 85
Trd, 4317928.193, 85
Trd, 4317930.793, 86
Trd, 4317933.793, 85
Trd, 4317935.193, 85
Trd, 4317942.393, 85
Trd, 4317943.693, 85
Trd, 4317944.543, 85
Trd, 4317945.243, 84
Trd, 4317946.543, 87
Trd, 4317949.843, 85
Trd, 4317954.793, 85
Trd, 4317956.243, 85
Trd, 4317959.243, 85
Trd, 4317961.243, 85
Trd, 4317963.993, 85
Trd, 4317968.243, 85
Trd, 4317968.643, 85
Trd, 4317969.393, 85
Trd, 4317970.793, 86
Trd, 4317973.243, 85
Trd, 4317974.693, 85
Trd, 4317978.243, 85
Trd, 4317979.443, 85
Trd, 4317980.243, 85
Trd, 4317985.343, 85
Trd, 4317985.593, 84
Trd, 4317986.293, 99
Trd, 4317990.743, 86
Trd, 4317991.293, 86
Trd, 4317994.243, 86
Trd, 4317995.443, 86
Trd, 4317998.343, 86
Trd, 4318001.693, 86
Trd, 4318005.893, 85
Trd, 4318009.293, 85
Trd, 4318011.593, 85
Trd, 4318013.793, 85
Trd, 4318016.743, 85
Trd, 4318017.343, 85
Trd, 4318019.493, 85
Trd, 4318023.093, 85
Trd, 4318030.343, 85
Trd, 4318030.843, 85
Trd, 4318034.893, 85
Trd, 4318035.393, 85
Trd, 4318040.293, 85
Trd, 4318040.943, 86
Trd, 4318046.143, 85
Trd, 4318046.193, 85
Trd, 4318050.593, 85
Trd, 4318052.593, 84
Trd, 4318054.293, 84
Trd, 4318056.793, 84
Trd, 4318057.543, 84
Trd, 4318061.593, 84
Trd, 4318063.043, 84
Trd, 4318069.293, 84
Trd, 4318071.943, 84
Trd, 4318072.693, 84
Trd, 4318073.593, 84
Trd, 4318079.243, 84
Trd, 4318079.393, 84
Trd, 4318082.843, 83
Trd, 4318084.093, 84
Trd, 4318087.693, 84
Trd, 4318088.693, 84
Trd, 4318091.693, 84
Trd, 4318092.993, 84
Trd, 4318097.843, 84
Trd, 4318099.493, 84
Trd, 4318103.343, 84
Trd, 4318108.143, 84
Trd, 4318110.193, 84
Trd, 4318112.843, 84
Trd, 4318116.843, 84
Trd, 4318118.793, 84
Trd, 4318119.493, 84
Trd, 4318119.643, 86
Trd, 4318126.093, 83
Trd, 4318128.693, 83
Trd, 4318132.493, 83
Trd, 4318133.293, 83
Trd, 4318139.143, 83
Trd, 4318139.343, 86
Trd, 4318143.093, 83
Trd, 4318145.093, 82
Trd, 4318145.343, 86
Trd, 4318146.143, 84
Trd, 4318151.543, 83
Trd, 4318155.793, 82
Trd, 4318156.593, 83
Trd, 4318158.143, 83
Trd, 4318160.343, 83
Trd, 4318161.743, 83
Trd, 4318164.543, 83
Trd, 4318168.693, 83
Trd, 4318172.643, 83
Trd, 4318173.793, 83
Trd, 4318175.193, 83
Trd, 4318178.293, 83
Trd, 4318186.643, 83
Trd, 4318190.443, 83
Trd, 4318192.793, 83
Trd, 4318195.443, 83
Trd, 4318198.343, 84
Trd, 4318199.693, 83
Trd, 4318201.693, 83
Trd, 4318205.793, 83
Trd, 4318209.193, 83
Trd, 4318214.193, 83
Trd, 4318214.243, 86
Trd, 4318220.593, 83
Trd, 4318221.293, 83
Trd, 4318221.393, 86
Trd, 4318222.543, 86
Trd, 4318224.343, 86
Trd, 4318228.143, 85
Trd, 4318232.143, 85
Trd, 4318233.393, 85
Trd, 4318236.993, 85
Trd, 4318244.693, 85
Trd, 4318245.593, 84
Trd, 4318249.543, 84
Trd, 4318250.643, 85
Trd, 4318254.143, 84
Trd, 4318257.193, 84
Trd, 4318257.843, 84
Trd, 4318258.143, 84
Trd, 4318260.493, 84
Trd, 4318266.193, 84
Trd, 4318267.943, 84
Trd, 4318271.493, 84
Trd, 4318272.793, 84
Trd, 4318277.493, 84
Trd, 4318278.443, 84
Trd, 4318278.543, 84
Trd, 4318281.243, 83
Trd, 4318283.043, 83
Trd, 4318283.743, 83
Trd, 4318285.643, 83
Trd, 4318287.243, 84
Trd, 4318288.593, 83
Trd, 4318289.143, 86
Trd, 4318293.243, 85
Trd, 4318294.193, 84
Trd, 4318298.893, 84
Trd, 4318300.743, 84
Trd, 4318302.843, 84
Trd, 4318304.543, 84
Trd, 4318308.443, 84
Trd, 4318309.343, 84
Trd, 4318312.243, 83
Trd, 4318312.793, 84
Trd, 4318317.893, 84
Trd, 4318322.693, 84
Trd, 4318323.443, 84
Trd, 4318328.643, 84
Trd, 4318333.893, 84
Trd, 4318335.593, 84
Trd, 4318338.893, 84
Trd, 4318342.743, 84
Trd, 4318346.193, 84
Trd, 4318347.443, 84
Trd, 4318349.843, 84
Trd, 4318351.043, 84
Trd, 4318352.293, 84
Trd, 4318353.693, 83
Trd, 4318354.893, 86
Trd, 4318356.193, 86
Trd, 4318358.193, 85
Trd, 4318362.793, 85
Trd, 4318364.193, 85
Trd, 4318365.043, 85
Trd, 4318365.893, 86
Trd, 4318371.093, 85
Trd, 4318371.343, 85
Trd, 4318376.643, 85
Trd, 4318379.043, 85
Trd, 4318380.793, 85
Trd, 4318381.243, 84
Trd, 4318382.093, 85
Trd, 4318386.343, 87
Trd, 4318391.893, 85
Trd, 4318392.793, 85
Trd, 4318395.793, 85
Trd, 4318396.343, 85
Trd, 4318397.993, 85
Trd, 4318401.843, 86
Trd, 4318406.293, 85
Trd, 4318407.893, 85
Trd, 4318410.293, 85
Trd, 4318414.043, 85
Trd, 4318416.793, 85
Trd, 4318418.843, 85
Trd, 4318422.843, 85
Trd, 4318425.343, 85
Trd, 4318429.143, 86
Trd, 4318433.443, 85
Trd, 4318434.893, 85
Trd, 4318436.143, 85
Trd, 4318439.743, 85
Trd, 4318441.443, 85
Trd, 4318448.843, 84
Trd, 4318451.293, 84
Trd, 4318454.793, 84
Trd, 4318455.943, 83
Trd, 4318459.143, 83
Trd, 4318461.093, 83
Trd, 4318464.443, 83
Trd, 4318465.643, 83
Trd, 4318468.143, 83
Trd, 4318471.243, 82
Trd, 4318473.243, 83
Trd, 4318475.243, 83
Trd, 4318478.243, 86
Trd, 4318479.243, 83
Trd, 4318481.243, 83
Trd, 4318485.243, 83
Trd, 4318488.443, 83
Trd, 4318489.693, 84
Trd, 4318495.693, 83
Trd, 4318496.093, 83
Trd, 4318496.393, 83
Trd, 4318500.043, 82
Trd, 4318502.143, 83
Trd, 4318502.743, 83
Trd, 4318503.793, 83
Trd, 4318504.493, 83
Trd, 4318509.843, 84
Trd, 4318510.143, 86
Trd, 4318514.043, 84
Trd, 4318514.393, 85
Trd, 4318514.793, 86
Trd, 4318515.143, 99
Trd, 4318515.843, 89
Trd, 4318516.293, 88
Trd, 4318519.793, 87
Trd, 4318521.393, 88
Trd, 4318521.793, 87
Trd, 4318522.793, 85
Trd, 4318523.893, 85
Trd, 4318524.293, 84
Trd, 4318525.293, 86
Trd, 4318527.543, 86
Trd, 4318527.743, 85
Trd, 4318528.443, 99
Trd, 4318532.793, 89
Trd, 4318532.843, 86
Trd, 4318533.143, 97
Trd, 4318534.593, 94
Trd, 4318535.243, 100
Trd, 4318535.943, 92
Trd, 4318538.143, 94
Trd, 4318539.343, 93
Trd, 4318541.493, 92
Trd, 4318545.093, 94
Trd, 4318545.893, 92
Trd, 4318546.543, 93
Trd, 4318547.643, 93
Trd, 4318550.143, 93
Trd, 4318553.243, 92
Trd, 4318554.943, 92
Trd, 4318555.643, 92
Trd, 4318557.993, 91
Trd, 4318558.943, 92
Trd, 4318568.093, 91
Trd, 4318569.143, 90
Trd, 4318570.593, 103
Trd, 4318576.493, 93
Trd, 4318578.043, 91
Trd, 4318580.193, 91
Trd, 4318583.693, 91
Trd, 4318585.643, 91
Trd, 4318586.643, 91
Trd, 4318593.393, 91
Trd, 4318597.943, 90
Trd, 4318598.343, 89
Trd, 4318600.093, 90
Trd, 4318602.143, 89
Trd, 4318602.443, 90
Trd, 4318605.543, 95
Trd, 4318609.693, 90
Trd, 4318612.243, 89
Trd, 4318617.793, 89
Trd, 4318622.243, 89
Trd, 4318623.543, 89
Trd, 4318624.393, 88
Trd, 4318627.493, 88
Trd, 4318628.393, 88
Trd, 4318630.543, 88
Trd, 4318630.643, 88
Trd, 4318631.493, 87
Trd, 4318631.593, 87
Trd, 4318634.093, 87
Trd, 4318636.093, 87
Trd, 4318637.543, 88
Trd, 4318640.893, 88
Trd, 4318642.543, 87
Trd, 4318648.493, 87
Trd, 4318649.693, 87
Trd, 4318650.843, 87
Trd, 4318655.193, 87
Trd, 4318658.393, 87
Trd, 4318658.543, 87
Trd, 4318664.543, 87
Trd, 4318669.843, 87
Trd, 4318671.593, 87
Trd, 4318673.543, 87
Trd, 4318673.643, 86
Trd, 4318678.743, 87
Trd, 4318680.543, 87
Trd, 4318683.743, 86
Trd, 4318684.893, 85
Trd, 4318688.443, 85
Trd, 4318688.793, 85
Trd, 4318690.943, 86
Trd, 4318691.193, 98
Trd, 4318694.393, 86
Trd, 4318698.593, 86
Trd, 4318700.493, 86
Trd, 4318702.293, 86
Trd, 4318702.993, 86
Trd, 4318705.343, 86
Trd, 4318710.393, 86
Trd, 4318712.493, 86
Trd, 4318720.743, 86
Trd, 4318721.443, 86
Trd, 4318721.893, 86
Trd, 4318725.543, 86
Trd, 4318728.093, 86
Trd, 4318731.843, 86
Trd, 4318732.243, 86
Trd, 4318734.243, 86
Trd, 4318736.093, 86
Trd, 4318738.793, 86
Trd, 4318740.693, 86
Trd, 4318741.893, 86
Trd, 4318750.643, 86
Trd, 4318753.243, 86
Trd, 4318755.443, 86
Trd, 4318760.693, 86
Trd, 4318761.093, 86
Trd, 4318762.393, 86
Trd, 4318766.243, 86
Trd, 4318768.593, 86
Trd, 4318768.643, 86
Trd, 4318775.693, 86
Trd, 4318777.543, 85
Trd, 4318778.943, 85
Trd, 4318783.893, 85
Trd, 4318787.143, 85
Trd, 4318788.043, 85
Trd, 4318793.693, 85
Trd, 4318795.143, 85
Trd, 4318796.293, 84
Trd, 4318797.193, 85
Trd, 4318800.343, 84
Trd, 4318800.693, 84
Trd, 4318800.793, 86
Trd, 4318805.193, 87
Trd, 4318805.943, 86
Trd, 4318808.543, 84
Trd, 4318810.293, 84
Trd, 4318813.793, 84
Trd, 4318817.443, 84
Trd, 4318818.543, 84
Trd, 4318820.093, 84
Trd, 4318826.443, 84
Trd, 4318832.643, 84
Trd, 4318833.293, 84
Trd, 4318835.793, 84
Trd, 4318841.543, 84
Trd, 4318846.343, 84
Trd, 4318847.093, 84
Trd, 4318853.743, 83
Trd, 4318853.943, 82
Trd, 4318854.243, 84
Trd, 4318855.143, 86
Trd, 4318856.293, 87
Trd, 4318857.693, 104
Trd, 4318858.293, 98
Trd, 4318858.393, 90
Trd, 4318858.843, 92
Trd, 4318859.643, 96
Trd, 4318862.043, 90
Trd, 4318862.693, 90
Trd, 4318864.243, 95
Trd, 4318865.293, 94
Trd, 4318865.493, 94
Trd, 4318866.443, 93
Trd, 4318869.193, 93
Trd, 4318870.943, 89
Trd, 4318871.593, 91
Trd, 4318872.693, 90
Trd, 4318875.843, 104
Trd, 4318875.893, 99
Trd, 4318876.443, 97
Trd, 4318878.093, 97
Trd, 4318878.993, 102
Trd, 4318880.993, 104
Trd, 4318881.793, 105
Trd, 4318882.843, 104
Trd, 4318885.193, 105
Trd, 4318886.743, 104
Trd, 4318887.593, 103
Trd, 4318887.843, 102
Trd, 4318888.843, 107
Trd, 4318889.143, 104
Trd, 4318891.643, 108
Trd, 4318892.243, 109
Trd, 4318895.143, 104
Trd, 4318897.593, 105
Trd, 4318898.293, 97
Trd, 4318899.643, 96
Trd, 4318901.293, 104
Trd, 4318902.443, 101
Trd, 4318902.693, 103
Trd, 4318904.293, 101
Trd, 4318907.693, 94
Trd, 4318909.293, 100
Trd, 4318909.943, 101
Trd, 4318910.543, 100
Trd, 4318912.893, 96
Trd, 4318913.093, 101
Trd, 4318914.093, 102
Trd, 4318915.393, 100
Trd, 4318917.793, 99
Trd, 4318918.343, 102
Trd, 4318918.843, 101
Trd, 4318921.543, 100
Trd, 4318923.893, 98
Trd, 4318924.343, 99
Trd, 4318925.193, 95
Trd, 4318925.543, 94
Trd, 4318925.693, 96
Trd, 4318927.793, 92
Trd, 4318929.043, 93
Trd, 4318929.843, 91
Trd, 4318930.793, 107
Trd, 4318931.293, 96
Trd, 4318932.193, 96
Trd, 4318933.393, 97
Trd, 4318936.793, 95
Trd, 4318937.043, 95
Trd, 4318938.193, 95
Trd, 4318938.743, 95
Trd, 4318939.093, 94
Trd, 4318941.793, 95
Trd, 4318943.093, 96
Trd, 4318943.693, 94
Trd, 4318945.643, 95
Trd, 4318946.293, 95
Trd, 4318948.243, 98
Trd, 4318949.893, 104
Trd, 4318950.393, 107
Trd, 4318951.343, 97
Trd, 4318952.143, 101
Trd, 4318952.543, 103
Trd, 4318954.593, 106
Trd, 4318955.893, 103
Trd, 4318957.943, 104
Trd, 4318959.543, 106
Trd, 4318959.643, 105
Trd, 4318960.193, 102
Trd, 4318962.443, 102
Trd, 4318965.143, 95
Trd, 4318966.043, 95
Trd, 4318966.393, 95
Trd, 4318966.993, 96
Trd, 4318967.893, 95
Trd, 4318968.793, 104
Trd, 4318970.743, 101
Trd, 4318971.443, 100
Trd, 4318972.593, 98
Trd, 4318973.093, 98
Trd, 4318975.693, 95
Trd, 4318975.943, 94
Trd, 4318976.193, 94
Trd, 4318980.643, 95
Trd, 4318981.093, 96
Trd, 4318986.793, 96
Trd, 4318987.893, 95
Trd, 4318990.943, 96
Trd, 4318991.293, 96
Trd, 4319000.393, 95
Trd, 4319000.643, 96
Trd, 4319005.293, 96
Trd, 4319006.493, 96
Trd, 4319007.643, 95
Trd, 4319008.043, 94
Trd, 4319009.193, 93
Trd, 4319010.293, 93
Trd, 4319012.843, 94
Trd, 4319017.443, 94
Trd, 4319019.143, 93
Trd, 4319020.693, 94
Trd, 4319022.293, 94
Trd, 4319026.493, 94
Trd, 4319029.593, 93
Trd, 4319030.943, 93
Trd, 4319033.093, 92
Trd, 4319039.743, 92
Trd, 4319042.993, 93
Trd, 4319043.543, 93
Trd, 4319043.993, 104
Trd, 4319044.443, 112
Trd, 4319045.643, 111
Trd, 4319046.193, 111
Trd, 4319046.493, 107
Trd, 4319050.593, 108
Trd, 4319051.493, 100
Trd, 4319051.893, 101
Trd, 4319052.943, 102
Trd, 4319053.293, 96
Trd, 4319053.793, 99
Trd, 4319054.893, 94
Trd, 4319055.543, 99
Trd, 4319056.443, 99
Trd, 4319058.793, 97
Trd, 4319059.893, 97
Trd, 4319061.443, 99
Trd, 4319061.493, 99
Trd, 4319063.093, 101
Trd, 4319063.493, 99
Trd, 4319064.593, 100
Trd, 4319065.893, 103
Trd, 4319066.493, 102
Trd, 4319067.593, 102
Trd, 4319069.443, 102
Trd, 4319071.393, 101
Trd, 4319071.793, 101
Trd, 4319071.993, 102
Trd, 4319072.743, 104
Trd, 4319073.943, 99
Trd, 4319074.993, 102
Trd, 4319077.143, 100
Trd, 4319079.243, 99
Trd, 4319080.593, 98
Trd, 4319081.093, 101
Trd, 4319081.493, 101
Trd, 4319083.993, 100
Trd, 4319085.843, 97
Trd, 4319087.393, 100
Trd, 4319091.243, 97
Trd, 4319094.243, 97
Trd, 4319095.393, 96
Trd, 4319095.893, 98
Trd, 4319097.293, 98
Trd, 4319099.743, 96
Trd, 4319101.793, 97
Trd, 4319103.143, 97
Trd, 4319104.493, 95
Trd, 4319107.893, 97
Trd, 4319109.393, 95
Trd, 4319109.593, 97
Trd, 4319112.893, 97
Trd, 4319116.743, 97
Trd, 4319118.543, 97
Trd, 4319119.043, 95
Trd, 4319122.243, 96
Trd, 4319123.243, 96
Trd, 4319128.893, 96
Trd, 4319129.193, 96
Trd, 4319129.643, 96
Trd, 4319135.593, 96
Trd, 4319137.693, 95
Trd, 4319137.793, 94
Trd, 4319138.993, 94
Trd, 4319147.993, 94
Trd, 4319150.493, 94
Trd, 4319152.243, 95
Trd, 4319156.943, 95
Trd, 4319158.593, 93
Trd, 4319161.943, 94
Trd, 4319164.793, 93
Trd, 4319165.143, 95
Trd, 4319166.343, 94
Trd, 4319173.443, 93
Trd, 4319175.443, 93
Trd, 4319177.593, 93
Trd, 4319177.843, 92
Trd, 4319182.943, 93
Trd, 4319186.693, 93
Trd, 4319187.193, 92
Trd, 4319191.743, 92
Trd, 4319195.743, 92
Trd, 4319198.943, 92
Trd, 4319203.193, 92
Trd, 4319206.043, 92
Trd, 4319206.843, 91
Trd, 4319210.443, 92
Trd, 4319213.593, 92
Trd, 4319215.193, 91
Trd, 4319215.893, 90
Trd, 4319216.443, 92
Trd, 4319219.393, 92
Trd, 4319223.593, 92
Trd, 4319223.893, 92
Trd, 4319226.743, 91
Trd, 4319235.693, 91
Trd, 4319239.343, 91
Trd, 4319242.093, 91
Trd, 4319244.793, 90
Trd, 4319245.993, 90
Trd, 4319249.893, 90
Trd, 4319251.393, 90
Trd, 4319252.343, 89
Trd, 4319252.943, 90
Trd, 4319256.743, 90
Trd, 4319259.643, 90
Trd, 4319262.643, 90
Trd, 4319265.243, 90
Trd, 4319267.043, 90
Trd, 4319272.943, 90
Trd, 4319278.443, 89
Trd, 4319280.443, 88
Trd, 4319286.043, 88
Trd, 4319286.293, 87
Trd, 4319287.093, 88
Trd, 4319292.793, 87
Trd, 4319293.343, 87
Trd, 4319299.343, 87
Trd, 4319301.743, 87
Trd, 4319302.043, 86
Trd, 4319303.393, 87
Trd, 4319308.743, 87
Trd, 4319312.943, 87
Trd, 4319313.143, 87
Trd, 4319314.293, 87
Trd, 4319318.393, 87
Trd, 4319318.643, 87
Trd, 4319319.693, 88
Trd, 4319326.843, 87
Trd, 4319327.093, 86
Trd, 4319328.293, 87
Trd, 4319330.743, 87
Trd, 4319332.843, 87
Trd, 4319340.943, 86
Trd, 4319342.343, 86
Trd, 4319345.443, 86
Trd, 4319347.443, 86
Trd, 4319349.743, 86
Trd, 4319356.893, 86
Trd, 4319356.943, 85
Trd, 4319357.193, 85
Trd, 4319360.193, 86
Trd, 4319364.293, 97
Trd, 4319367.943, 87
Trd, 4319369.893, 87
Trd, 4319376.243, 87
Trd, 4319380.443, 87
Trd, 4319382.693, 87
Trd, 4319386.543, 86
Trd, 4319391.143, 86
Trd, 4319392.143, 86
Trd, 4319394.443, 86
Trd, 4319400.443, 85
Trd, 4319400.893, 84
Trd, 4319402.693, 85
Trd, 4319407.043, 84
Trd, 4319407.643, 84
Trd, 4319412.643, 84
Trd, 4319412.793, 85
Trd, 4319415.493, 84
Trd, 4319416.193, 84
Trd, 4319416.693, 84
Trd, 4319420.193, 84
Trd, 4319424.193, 84
Trd, 4319430.043, 84
Trd, 4319430.843, 84
Trd, 4319432.843, 84
Trd, 4319435.143, 84
Trd, 4319435.893, 86
Trd, 4319436.243, 97
Trd, 4319440.343, 85
Trd, 4319442.193, 85
Trd, 4319444.543, 85
Trd, 4319446.543, 85
Trd, 4319448.893, 85
Trd, 4319452.793, 85
Trd, 4319454.693, 85
Trd, 4319456.893, 85
Trd, 4319459.393, 85
Trd, 4319459.543, 85
Trd, 4319460.743, 88
Trd, 4319461.443, 90
Trd, 4319462.043, 95
Trd, 4319465.243, 91
Trd, 4319467.743, 92
Trd, 4319469.793, 90
Trd, 4319470.193, 91
Trd, 4319471.243, 89
Trd, 4319474.193, 89
Trd, 4319475.193, 90
Trd, 4319477.543, 89
Trd, 4319477.743, 88
Trd, 4319478.893, 89
Trd, 4319482.993, 89
Trd, 4319484.643, 89
Trd, 4319486.393, 89
Trd, 4319488.743, 89
Trd, 4319491.193, 89
Trd, 4319491.443, 89
Trd, 4319492.593, 89
Trd, 4319492.993, 88
Trd, 4319498.343, 87
Trd, 4319499.493, 89
Trd, 4319500.443, 89
Trd, 4319502.743, 90
Trd, 4319504.293, 89
Trd, 4319511.393, 88
Trd, 4319511.793, 89
Trd, 4319513.393, 88
Trd, 4319517.443, 88
Trd, 4319519.743, 88
Trd, 4319523.093, 87
Trd, 4319526.243, 87
Trd, 4319527.343, 88
Trd, 4319529.393, 87
Trd, 4319533.293, 88
Trd, 4319534.143, 88
Trd, 4319536.843, 88
Trd, 4319537.043, 87
Trd, 4319539.443, 88
Trd, 4319539.493, 89
Trd, 4319543.793, 88
Trd, 4319544.043, 88
Trd, 4319549.343, 87
Trd, 4319552.093, 87
Trd, 4319555.193, 87
Trd, 4319555.593, 86
Trd, 4319556.493, 100
Trd, 4319556.793, 95
Trd, 4319557.093, 89
Trd, 4319559.443, 89
Trd, 4319560.643, 89
Trd, 4319561.493, 90
Trd, 4319561.793, 101
Trd, 4319562.643, 93
Trd, 4319563.443, 92
Trd, 4319564.793, 104
Trd, 4319565.093, 104
Trd, 4319566.343, 107
Trd, 4319567.343, 104
Trd, 4319568.293, 101
Trd, 4319570.793, 96
Trd, 4319571.393, 98
Trd, 4319573.693, 98
Trd, 4319575.193, 98
Trd, 4319576.393, 99
Trd, 4319578.193, 97
Trd, 4319578.643, 97
Trd, 4319579.193, 97
Trd, 4319580.043, 104
Trd, 4319581.943, 100
Trd, 4319582.543, 106
Trd, 4319586.093, 88
Trd, 4319586.893, 88
Trd, 4319587.143, 88
Trd, 4319587.893, 89
Trd, 4319589.043, 91
Trd, 4319590.793, 100
Trd, 4319591.293, 98
Trd, 4319592.093, 94
Trd, 4319592.843, 92
Trd, 4319593.543, 95
Trd, 4319595.843, 102
Trd, 4319597.493, 100
Trd, 4319597.943, 99
Trd, 4319598.893, 100
Trd, 4319601.193, 104
Trd, 4319602.843, 102
Trd, 4319603.043, 102
Trd, 4319605.543, 97
Trd, 4319606.043, 97
Trd, 4319607.443, 97
Trd, 4319607.793, 96
Trd, 4319608.643, 92
Trd, 4319610.793, 93
Trd, 4319612.393, 93
Trd, 4319612.893, 93
Trd, 4319614.543, 93
Trd, 4319615.993, 92
Trd, 4319616.143, 93
Trd, 4319618.843, 93
Trd, 4319620.793, 95
Trd, 4319623.093, 93
Trd, 4319623.393, 91
Trd, 4319624.843, 92
Trd, 4319630.193, 92
Trd, 4319631.843, 92
Trd, 4319634.043, 91
Trd, 4319634.443, 91
Trd, 4319637.743, 91
Trd, 4319638.043, 90
Trd, 4319641.393, 90
Trd, 4319644.543, 90
Trd, 4319644.943, 89
Trd, 4319645.493, 90
Trd, 4319647.443, 89
Trd, 4319650.843, 90
Trd, 4319653.643, 90
Trd, 4319655.443, 90
Trd, 4319658.843, 90
Trd, 4319659.643, 90
Trd, 4319661.343, 88
Trd, 4319665.293, 89
Trd, 4319666.943, 89
Trd, 4319667.943, 89
Trd, 4319670.043, 89
Trd, 4319673.793, 88
Trd, 4319676.393, 88
Trd, 4319680.443, 87
Trd, 4319680.593, 87
Trd, 4319681.143, 88
Trd, 4319683.193, 88
Trd, 4319684.243, 88
Trd, 4319686.743, 88
Trd, 4319689.743, 88
Trd, 4319693.093, 87
Trd, 4319693.443, 88
Trd, 4319696.793, 88
Trd, 4319702.043, 88
Trd, 4319704.193, 87
Trd, 4319704.593, 86
Trd, 4319706.843, 87
Trd, 4319709.143, 86
Trd, 4319710.543, 86
Trd, 4319715.293, 86
Trd, 4319717.643, 86
Trd, 4319718.243, 85
Trd, 4319720.093, 86
Trd, 4319720.893, 88
Trd, 4319722.743, 86
Trd, 4319728.343, 85
Trd, 4319729.793, 85
Trd, 4319730.993, 85
Trd, 4319731.043, 95
Trd, 4319732.943, 87
Trd, 4319735.843, 85
Trd, 4319737.693, 85
Trd, 4319738.193, 84
Trd, 4319741.643, 84
Trd, 4319742.393, 85
Trd, 4319744.193, 85
Trd, 4319748.993, 85
Trd, 4319753.693, 85
Trd, 4319753.743, 85
Trd, 4319754.443, 86
Trd, 4319759.543, 85
Trd, 4319759.843, 85
Trd, 4319765.293, 85
Trd, 4319769.643, 85
Trd, 4319772.893, 85
Trd, 4319776.093, 85
Trd, 4319777.443, 85
Trd, 4319779.443, 85
Trd, 4319782.243, 85
Trd, 4319784.593, 84
Trd, 4319785.693, 84
Trd, 4319790.843, 84
Trd, 4319791.793, 84
Trd, 4319793.643, 84
Trd, 4319793.943, 86
Trd, 4319801.643, 84
Trd, 4319802.743, 84
Trd, 4319806.743, 84
Trd, 4319808.043, 84
Trd, 4319808.243, 86
Trd, 4319809.393, 85
Trd, 4319813.693, 86
Trd, 4319816.793, 84
Trd, 4319821.943, 84
Trd, 4319822.943, 84
Trd, 4319824.193, 84
Trd, 4319825.793, 83
Trd, 4319826.593, 83
Trd, 4319830.143, 83
Trd, 4319833.143, 83
Trd, 4319834.043, 82
Trd, 4319837.293, 83
Trd, 4319838.093, 83
Trd, 4319839.193, 83
Trd, 4319840.743, 97
Trd, 4319841.743, 95
Trd, 4319842.043, 94
Trd, 4319842.493, 93
Trd, 4319842.893, 107
Trd, 4319844.693, 93
Trd, 4319847.643, 95
Trd, 4319850.893, 93
Trd, 4319851.893, 94
Trd, 4319852.843, 94
Trd, 4319855.093, 95
Trd, 4319857.893, 93
Trd, 4319861.893, 94
Trd, 4319863.543, 95
Trd, 4319864.893, 92
Trd, 4319870.293, 94
Trd, 4319873.693, 92
Trd, 4319873.743, 91
Trd, 4319874.443, 91
Trd, 4319875.093, 91
Trd, 4319875.243, 92
Trd, 4319876.843, 93
Trd, 4319881.643, 91
Trd, 4319881.843, 103
Trd, 4319884.093, 92
Trd, 4319891.893, 92
Trd, 4319892.243, 92
Trd, 4319894.943, 92
Trd, 4319896.193, 92
Trd, 4319902.193, 92
Trd, 4319906.143, 92
Trd, 4319908.693, 91
Trd, 4319910.443, 91
Trd, 4319914.543, 91
Trd, 4319914.593, 90
Trd, 4319915.843, 91
Trd, 4319923.843, 90
Trd, 4319925.793, 90
Trd, 4319927.693, 91
Trd, 4319929.343, 92
Trd, 4319930.793, 92
Trd, 4319934.193, 91
Trd, 4319938.793, 91
Trd, 4319940.643, 91
Trd, 4319941.293, 91
Trd, 4319945.993, 91
Trd, 4319946.693, 90
Trd, 4319947.693, 90
Trd, 4319948.943, 90
Trd, 4319949.493, 96
Trd, 4319954.343, 90
Trd, 4319955.243, 89
Trd, 4319955.843, 90
Trd, 4319956.993, 90
Trd, 4319958.543, 90
Trd, 4319963.343, 90
Trd, 4319966.893, 90
Trd, 4319968.543, 90
Trd, 4319974.093, 89
Trd, 4319977.043, 89
Trd, 4319977.493, 89
Trd, 4319984.243, 89
Trd, 4319986.043, 89
Trd, 4319989.993, 89
Trd, 4319991.893, 89
Trd, 4319992.193, 89
Trd, 4319999.493, 89
