Trd, 4317908.293, 90
Trd, 4317909.043, 94
Trd, 4317910.293, 94
Trd, 4317910.343, 93
Trd, 4317911.243, 99
Trd, 4317913.643, 95
Trd, 4317914.093, 95
Trd, 4317915.443, 95
Trd, 4317917.643, 99
Trd, 4317918.243, 98
Trd, 4317918.393, 99
Trd, 4317919.693, 97
Trd, 4317919.743, 102
Trd, 4317920.093, 106
Trd, 4317922.493, 96
Trd, 4317924.293, 94
Trd, 4317925.893, 96
Trd, 4317926.093, 95
Trd, 4317926.743, 93
Trd, 4317928.393, 94
Trd, 4317930.393, 93
Trd, 4317932.093, 95
Trd, 4317933.143, 94
Trd, 4317933.193, 92
Trd, 4317933.793, 95
Trd, 4317934.293, 95
Trd, 4317937.093, 95
Trd, 4317938.293, 95
Trd, 4317939.193, 94
Trd, 4317941.843, 94
Trd, 4317941.993, 94
Trd, 4317943.543, 90
Trd, 4317943.693, 87
Trd, 4317945.093, 99
Trd, 4317945.843, 103
Trd, 4317948.443, 88
Trd, 4317948.993, 98
Trd, 4317949.443, 98
Trd, 4317952.243, 94
Trd, 4317954.293, 95
Trd, 4317954.543, 95
Trd, 4317954.793, 113
Trd, 4317956.493, 97
Trd, 4317957.943, 97
Trd, 4317960.093, 96
Trd, 4317960.593, 95
Trd, 4317961.443, 96
Trd, 4317963.693, 96
Trd, 4317964.193, 98
Trd, 4317964.343, 95
Trd, 4317966.793, 98
Trd, 4317970.393, 95
Trd, 4317970.443, 96
Trd, 4317971.193, 95
Trd, 4317971.543, 94
Trd, 4317971.593, 95
Trd, 4317972.543, 98
Trd, 4317975.343, 96
Trd, 4317976.193, 95
Trd, 4317977.543, 94
Trd, 4317980.693, 93
Trd, 4317980.743, 93
Trd, 4317980.993, 95
Trd, 4317983.143, 94
Trd, 4317985.593, 94
Trd, 4317985.893, 93
Trd, 4317985.943, 95
Trd, 4317986.843, 95
Trd, 4317987.593, 96
Trd, 4317989.393, 95
Trd, 4317990.043, 95
Trd, 4317990.093, 94
Trd, 4317992.143, 104
Trd, 4317994.543, 104
Trd, 4317994.893, 103
Trd, 4317996.493, 101
Trd, 4317997.543, 84
Trd, 4317998.443, 91
Trd, 4317999.193, 96
Trd, 4317999.343, 100
Trd, 4318000.143, 106
Trd, 4318002.243, 96
Trd, 4318004.293, 97
Trd, 4318004.393, 98
Trd, 4318005.493, 97
Trd, 4318006.143, 95
Trd, 4318006.693, 98
Trd, 4318008.793, 113
Trd, 4318009.893, 94
Trd, 4318010.993, 101
Trd, 4318012.693, 94
Trd, 4318013.343, 99
Trd, 4318014.643, 98
Trd, 4318014.893, 105
Trd, 4318016.393, 100
Trd, 4318018.293, 98
Trd, 4318019.793, 97
Trd, 4318020.493, 98
Trd, 4318023.643, 98
Trd, 4318023.693, 94
Trd, 4318024.943, 98
Trd, 4318026.093, 95
Trd, 4318026.643, 101
Trd, 4318030.043, 99
Trd, 4318030.793, 104
Trd, 4318030.893, 97
Trd, 4318031.843, 96
Trd, 4318031.993, 97
Trd, 4318034.193, 97
Trd, 4318034.793, 109
Trd, 4318035.743, 97
Trd, 4318036.593, 94
Trd, 4318036.643, 95
Trd, 4318036.893, 113
Trd, 4318039.043, 88
Trd, 4318040.593, 93
Trd, 4318041.193, 96
Trd, 4318041.943, 93
Trd, 4318043.993, 93
Trd, 4318044.893, 86
Trd, 4318045.393, 87
Trd, 4318047.043, 86
Trd, 4318047.193, 96
Trd, 4318049.843, 91
Trd, 4318050.693, 89
Trd, 4318051.543, 89
Trd, 4318053.793, 89
Trd, 4318056.193, 88
Trd, 4318058.243, 88
Trd, 4318058.443, 89
Trd, 4318060.643, 89
Trd, 4318061.343, 88
Trd, 4318061.543, 90
Trd, 4318063.093, 89
Trd, 4318065.393, 90
Trd, 4318067.193, 90
Trd, 4318067.693, 89
Trd, 4318067.943, 88
Trd, 4318068.393, 88
Trd, 4318070.193, 89
Trd, 4318073.193, 88
Trd, 4318073.593, 88
Trd, 4318073.993, 100
Trd, 4318074.643, 89
Trd, 4318075.193, 92
Trd, 4318076.993, 105
Trd, 4318079.043, 113
Trd, 4318079.243, 99
Trd, 4318080.743, 96
Trd, 4318083.093, 102
Trd, 4318083.743, 110
Trd, 4318085.493, 95
Trd, 4318087.993, 99
Trd, 4318089.143, 97
Trd, 4318089.993, 99
Trd, 4318091.193, 97
Trd, 4318092.243, 97
Trd, 4318092.693, 102
Trd, 4318092.843, 94
Trd, 4318094.243, 95
Trd, 4318094.443, 98
Trd, 4318095.243, 98
Trd, 4318097.693, 95
Trd, 4318098.943, 96
Trd, 4318099.993, 94
Trd, 4318100.643, 96
Trd, 4318104.193, 95
Trd, 4318104.743, 94
Trd, 4318105.893, 95
Trd, 4318108.393, 94
Trd, 4318108.793, 95
Trd, 4318109.143, 95
Trd, 4318111.443, 95
Trd, 4318112.543, 94
Trd, 4318114.043, 95
Trd, 4318114.743, 96
Trd, 4318115.893, 97
Trd, 4318117.693, 95
Trd, 4318119.743, 95
Trd, 4318120.193, 95
Trd, 4318120.693, 94
Trd, 4318120.743, 93
Trd, 4318124.093, 93
Trd, 4318124.243, 92
Trd, 4318124.443, 94
Trd, 4318126.343, 93
Trd, 4318129.043, 95
Trd, 4318129.143, 93
Trd, 4318131.643, 93
Trd, 4318132.793, 94
Trd, 4318132.843, 102
Trd, 4318133.643, 93
Trd, 4318134.843, 98
Trd, 4318136.443, 94
Trd, 4318138.143, 96
Trd, 4318140.193, 94
Trd, 4318140.643, 94
Trd, 4318142.643, 94
Trd, 4318142.943, 93
Trd, 4318143.543, 91
Trd, 4318144.893, 104
Trd, 4318145.493, 91
Trd, 4318146.793, 96
Trd, 4318147.793, 96
Trd, 4318148.943, 97
Trd, 4318149.493, 95
Trd, 4318154.193, 96
Trd, 4318154.243, 95
Trd, 4318155.193, 96
Trd, 4318155.993, 102
Trd, 4318157.343, 94
Trd, 4318158.543, 92
Trd, 4318159.993, 91
Trd, 4318160.893, 76
Trd, 4318163.643, 90
Trd, 4318164.593, 91
Trd, 4318167.993, 91
Trd, 4318168.143, 88
Trd, 4318169.343, 91
Trd, 4318170.193, 92
Trd, 4318172.793, 96
Trd, 4318173.543, 98
Trd, 4318174.843, 96
Trd, 4318175.293, 112
Trd, 4318177.193, 96
Trd, 4318178.393, 103
Trd, 4318179.343, 96
Trd, 4318182.443, 103
Trd, 4318183.043, 100
Trd, 4318183.993, 99
Trd, 4318184.443, 100
Trd, 4318185.943, 98
Trd, 4318186.793, 98
Trd, 4318187.343, 94
Trd, 4318189.593, 99
Trd, 4318190.593, 98
Trd, 4318192.993, 97
Trd, 4318193.043, 99
Trd, 4318193.743, 104
Trd, 4318197.293, 97
Trd, 4318198.093, 100
Trd, 4318199.193, 97
Trd, 4318199.893, 99
Trd, 4318201.943, 99
Trd, 4318202.443, 99
Trd, 4318202.693, 98
Trd, 4318204.743, 99
Trd, 4318205.093, 98
Trd, 4318206.343, 100
Trd, 4318206.843, 90
Trd, 4318207.393, 108
Trd, 4318209.393, 77
Trd, 4318210.643, 84
Trd, 4318211.243, 85
Trd, 4318212.893, 68
Trd, 4318214.393, 85
Trd, 4318217.043, 84
Trd, 4318217.843, 86
Trd, 4318218.093, 85
Trd, 4318220.893, 94
Trd, 4318223.893, 89
Trd, 4318224.043, 88
Trd, 4318226.243, 90
Trd, 4318226.293, 91
Trd, 4318229.193, 90
Trd, 4318230.643, 91
Trd, 4318230.743, 89
Trd, 4318231.143, 90
Trd, 4318232.943, 90
Trd, 4318234.993, 92
Trd, 4318235.193, 92
Trd, 4318235.243, 95
Trd, 4318235.843, 98
Trd, 4318237.493, 96
Trd, 4318239.343, 96
Trd, 4318240.093, 93
Trd, 4318242.343, 100
Trd, 4318242.993, 98
Trd, 4318244.343, 96
Trd, 4318245.293, 94
Trd, 4318245.743, 95
Trd, 4318246.943, 104
Trd, 4318249.543, 98
Trd, 4318250.493, 97
Trd, 4318250.893, 96
Trd, 4318251.043, 105
Trd, 4318253.243, 96
Trd, 4318253.493, 99
Trd, 4318254.393, 98
Trd, 4318255.893, 95
Trd, 4318256.493, 104
Trd, 4318257.943, 99
Trd, 4318258.893, 97
Trd, 4318260.043, 79
Trd, 4318260.793, 88
Trd, 4318261.193, 88
Trd, 4318263.243, 89
Trd, 4318263.343, 87
Trd, 4318265.893, 87
Trd, 4318266.843, 87
Trd, 4318267.043, 101
Trd, 4318267.243, 108
Trd, 4318269.743, 92
Trd, 4318271.843, 90
Trd, 4318272.193, 88
Trd, 4318272.843, 92
Trd, 4318274.943, 88
Trd, 4318276.193, 86
Trd, 4318279.093, 86
Trd, 4318279.193, 88
Trd, 4318280.993, 96
Trd, 4318281.693, 96
Trd, 4318282.943, 94
Trd, 4318284.443, 96
Trd, 4318285.043, 94
Trd, 4318287.443, 94
Trd, 4318289.343, 112
Trd, 4318289.693, 108
Trd, 4318290.593, 104
Trd, 4318291.343, 106
Trd, 4318292.093, 104
Trd, 4318294.193, 113
Trd, 4318296.243, 106
Trd, 4318297.143, 103
Trd, 4318297.793, 105
Trd, 4318298.943, 93
Trd, 4318299.243, 94
Trd, 4318300.543, 71
Trd, 4318300.893, 94
Trd, 4318302.243, 85
Trd, 4318303.743, 86
Trd, 4318305.493, 78
Trd, 4318306.393, 87
Trd, 4318308.093, 92
Trd, 4318310.143, 81
Trd, 4318311.293, 89
Trd, 4318311.443, 88
Trd, 4318311.693, 88
Trd, 4318314.643, 96
Trd, 4318315.493, 107
Trd, 4318315.593, 87
Trd, 4318315.893, 113
Trd, 4318319.043, 98
Trd, 4318319.643, 98
Trd, 4318320.543, 96
Trd, 4318321.443, 96
Trd, 4318322.693, 97
Trd, 4318324.593, 96
Trd, 4318324.993, 96
Trd, 4318327.443, 94
Trd, 4318331.343, 95
Trd, 4318332.093, 93
Trd, 4318332.143, 95
Trd, 4318334.443, 96
Trd, 4318334.693, 95
Trd, 4318335.093, 95
Trd, 4318335.493, 106
Trd, 4318335.993, 94
Trd, 4318336.293, 113
Trd, 4318338.093, 94
Trd, 4318340.093, 102
Trd, 4318342.143, 97
Trd, 4318343.193, 93
Trd, 4318344.543, 99
Trd, 4318344.743, 96
Trd, 4318345.443, 102
Trd, 4318346.543, 97
Trd, 4318347.743, 93
Trd, 4318349.393, 92
Trd, 4318350.943, 90
Trd, 4318351.543, 102
Trd, 4318352.093, 97
Trd, 4318352.743, 89
Trd, 4318354.793, 92
Trd, 4318356.843, 95
Trd, 4318357.143, 96
Trd, 4318357.793, 99
Trd, 4318359.543, 99
Trd, 4318360.893, 95
Trd, 4318362.843, 98
Trd, 4318362.893, 97
Trd, 4318363.443, 109
Trd, 4318364.093, 103
Trd, 4318365.193, 100
Trd, 4318365.793, 95
Trd, 4318368.343, 97
Trd, 4318368.743, 98
Trd, 4318369.393, 101
Trd, 4318372.243, 98
Trd, 4318372.493, 101
Trd, 4318373.943, 96
Trd, 4318373.993, 94
Trd, 4318378.043, 95
Trd, 4318378.743, 95
Trd, 4318379.043, 96
Trd, 4318379.943, 94
Trd, 4318381.593, 96
Trd, 4318383.143, 95
Trd, 4318383.293, 96
Trd, 4318386.893, 105
Trd, 4318387.093, 102
Trd, 4318387.443, 103
Trd, 4318389.443, 102
Trd, 4318389.793, 104
Trd, 4318390.993, 101
Trd, 4318391.293, 98
Trd, 4318391.943, 97
Trd, 4318394.843, 97
Trd, 4318395.193, 97
Trd, 4318395.743, 105
Trd, 4318397.043, 96
Trd, 4318398.193, 100
Trd, 4318399.293, 94
Trd, 4318400.293, 94
Trd, 4318400.743, 112
Trd, 4318404.093, 96
Trd, 4318404.943, 96
Trd, 4318406.543, 94
Trd, 4318406.743, 95
Trd, 4318406.943, 95
Trd, 4318407.093, 94
Trd, 4318408.193, 94
Trd, 4318409.293, 107
Trd, 4318411.343, 92
Trd, 4318413.443, 93
Trd, 4318414.693, 108
Trd, 4318415.493, 96
Trd, 4318416.443, 95
Trd, 4318416.893, 94
Trd, 4318417.243, 78
Trd, 4318419.043, 87
Trd, 4318419.993, 90
Trd, 4318421.093, 113
Trd, 4318421.143, 86
Trd, 4318423.443, 94
Trd, 4318423.793, 95
Trd, 4318424.243, 97
Trd, 4318425.993, 103
Trd, 4318426.793, 104
Trd, 4318429.143, 102
Trd, 4318430.343, 103
Trd, 4318430.443, 113
Trd, 4318431.443, 101
Trd, 4318432.543, 100
Trd, 4318434.293, 77
Trd, 4318435.943, 102
Trd, 4318438.543, 98
Trd, 4318439.743, 99
Trd, 4318440.043, 98
Trd, 4318441.443, 97
Trd, 4318441.643, 98
Trd, 4318442.993, 100
Trd, 4318443.593, 99
Trd, 4318444.643, 93
Trd, 4318447.443, 96
Trd, 4318448.793, 95
Trd, 4318450.143, 95
Trd, 4318450.193, 95
Trd, 4318450.843, 94
Trd, 4318451.193, 96
Trd, 4318451.343, 106
Trd, 4318455.293, 104
Trd, 4318455.543, 93
Trd, 4318460.243, 94
Trd, 4318460.643, 93
Trd, 4318460.993, 93
Trd, 4318461.293, 93
Trd, 4318461.993, 97
Trd, 4318464.193, 98
Trd, 4318465.493, 96
Trd, 4318466.393, 93
Trd, 4318467.743, 95
Trd, 4318468.143, 95
Trd, 4318469.343, 87
Trd, 4318469.493, 88
Trd, 4318470.443, 95
Trd, 4318471.993, 89
Trd, 4318472.493, 92
Trd, 4318473.843, 114
Trd, 4318474.293, 99
Trd, 4318474.993, 113
Trd, 4318475.143, 94
Trd, 4318477.843, 91
Trd, 4318478.193, 89
Trd, 4318478.943, 88
Trd, 4318479.293, 83
Trd, 4318480.193, 96
Trd, 4318482.393, 85
Trd, 4318483.693, 91
Trd, 4318485.593, 91
Trd, 4318487.043, 90
Trd, 4318488.493, 95
Trd, 4318489.293, 94
Trd, 4318489.593, 90
Trd, 4318491.393, 93
Trd, 4318492.893, 107
Trd, 4318493.093, 113
Trd, 4318493.643, 93
Trd, 4318496.193, 99
Trd, 4318496.843, 98
Trd, 4318497.743, 95
Trd, 4318498.243, 96
Trd, 4318500.393, 96
Trd, 4318500.543, 108
Trd, 4318503.193, 113
Trd, 4318503.293, 123
Trd, 4318503.343, 105
Trd, 4318504.743, 96
Trd, 4318505.243, 97
Trd, 4318507.843, 98
Trd, 4318508.993, 96
Trd, 4318509.643, 96
Trd, 4318510.193, 107
Trd, 4318511.793, 76
Trd, 4318513.093, 93
Trd, 4318515.643, 93
Trd, 4318516.193, 93
Trd, 4318516.793, 96
Trd, 4318518.793, 93
Trd, 4318518.893, 92
Trd, 4318519.143, 105
Trd, 4318521.493, 98
Trd, 4318522.843, 96
Trd, 4318523.643, 97
Trd, 4318524.043, 96
Trd, 4318526.593, 95
Trd, 4318527.843, 95
Trd, 4318529.393, 95
Trd, 4318530.993, 94
Trd, 4318532.043, 96
Trd, 4318533.443, 96
Trd, 4318534.943, 95
Trd, 4318535.093, 97
Trd, 4318535.143, 93
Trd, 4318538.943, 97
Trd, 4318538.993, 104
Trd, 4318539.043, 104
Trd, 4318540.243, 96
Trd, 4318540.443, 94
Trd, 4318542.593, 101
Trd, 4318543.043, 101
Trd, 4318543.493, 102
Trd, 4318545.443, 100
Trd, 4318546.343, 99
Trd, 4318548.043, 92
Trd, 4318548.943, 95
Trd, 4318549.243, 96
Trd, 4318549.643, 112
Trd, 4318550.043, 94
Trd, 4318550.343, 113
Trd, 4318553.193, 98
Trd, 4318554.443, 94
Trd, 4318556.393, 97
Trd, 4318558.043, 95
Trd, 4318558.593, 94
Trd, 4318559.243, 96
Trd, 4318562.543, 88
Trd, 4318562.693, 89
Trd, 4318562.793, 95
Trd, 4318563.293, 98
Trd, 4318564.543, 95
Trd, 4318566.343, 98
Trd, 4318566.643, 95
Trd, 4318570.543, 96
Trd, 4318570.993, 96
Trd, 4318571.043, 109
Trd, 4318572.493, 113
Trd, 4318574.393, 104
Trd, 4318575.293, 100
Trd, 4318576.993, 95
Trd, 4318577.693, 95
Trd, 4318578.043, 94
Trd, 4318578.493, 86
Trd, 4318580.143, 96
Trd, 4318582.143, 97
Trd, 4318584.393, 94
Trd, 4318585.193, 103
Trd, 4318586.493, 97
Trd, 4318588.643, 96
Trd, 4318588.993, 92
Trd, 4318590.393, 94
Trd, 4318591.293, 93
Trd, 4318591.643, 92
Trd, 4318592.243, 76
Trd, 4318593.993, 97
Trd, 4318594.843, 98
Trd, 4318596.793, 106
Trd, 4318598.443, 99
Trd, 4318598.643, 98
Trd, 4318599.093, 99
Trd, 4318600.843, 99
Trd, 4318601.893, 99
Trd, 4318602.243, 98
Trd, 4318604.343, 96
Trd, 4318605.593, 96
Trd, 4318606.743, 93
Trd, 4318607.843, 96
Trd, 4318608.593, 95
Trd, 4318609.043, 97
Trd, 4318611.393, 94
Trd, 4318612.593, 97
Trd, 4318614.243, 94
Trd, 4318615.643, 97
Trd, 4318616.593, 97
Trd, 4318616.793, 95
Trd, 4318618.493, 95
Trd, 4318619.743, 96
Trd, 4318620.393, 94
Trd, 4318620.993, 114
Trd, 4318622.693, 97
Trd, 4318623.793, 100
Trd, 4318624.493, 97
Trd, 4318626.993, 98
Trd, 4318627.343, 95
Trd, 4318627.993, 96
Trd, 4318628.143, 106
Trd, 4318628.743, 94
Trd, 4318631.443, 105
Trd, 4318632.093, 106
Trd, 4318632.193, 93
Trd, 4318635.593, 97
Trd, 4318635.843, 100
Trd, 4318636.793, 97
Trd, 4318636.993, 98
Trd, 4318638.743, 97
Trd, 4318639.543, 106
Trd, 4318641.693, 100
Trd, 4318642.193, 100
Trd, 4318644.393, 94
Trd, 4318646.143, 92
Trd, 4318646.243, 90
Trd, 4318646.493, 97
Trd, 4318648.443, 95
Trd, 4318649.793, 97
Trd, 4318653.893, 96
Trd, 4318654.293, 104
Trd, 4318655.093, 95
Trd, 4318655.393, 102
Trd, 4318656.443, 104
Trd, 4318656.493, 94
Trd, 4318658.043, 97
Trd, 4318659.293, 95
Trd, 4318662.093, 96
Trd, 4318662.493, 95
Trd, 4318664.643, 94
Trd, 4318665.543, 94
Trd, 4318667.243, 95
Trd, 4318667.793, 96
Trd, 4318669.043, 94
Trd, 4318670.693, 96
Trd, 4318671.043, 96
Trd, 4318672.193, 94
Trd, 4318672.243, 95
Trd, 4318672.993, 95
Trd, 4318673.193, 93
Trd, 4318675.543, 96
Trd, 4318676.043, 95
Trd, 4318676.693, 94
Trd, 4318678.093, 94
Trd, 4318678.443, 93
Trd, 4318682.593, 91
Trd, 4318682.743, 106
Trd, 4318683.793, 112
Trd, 4318684.343, 107
Trd, 4318685.543, 102
Trd, 4318686.243, 89
Trd, 4318687.743, 98
Trd, 4318687.993, 102
Trd, 4318689.493, 113
Trd, 4318690.793, 113
Trd, 4318691.243, 113
Trd, 4318692.243, 109
Trd, 4318693.243, 95
Trd, 4318694.793, 93
Trd, 4318694.893, 106
Trd, 4318696.193, 98
Trd, 4318696.793, 109
Trd, 4318697.993, 114
Trd, 4318699.093, 108
Trd, 4318700.443, 101
Trd, 4318702.243, 101
Trd, 4318703.743, 100
Trd, 4318704.493, 101
Trd, 4318705.093, 98
Trd, 4318706.593, 101
Trd, 4318708.193, 100
Trd, 4318708.543, 101
Trd, 4318708.943, 102
Trd, 4318709.993, 99
Trd, 4318711.793, 103
Trd, 4318712.343, 112
Trd, 4318713.893, 98
Trd, 4318714.243, 97
Trd, 4318715.293, 76
Trd, 4318717.943, 111
Trd, 4318718.443, 106
Trd, 4318719.393, 106
Trd, 4318719.943, 103
Trd, 4318720.443, 113
Trd, 4318721.893, 94
Trd, 4318722.843, 93
Trd, 4318724.093, 91
Trd, 4318724.793, 78
Trd, 4318726.543, 91
Trd, 4318727.893, 106
Trd, 4318727.943, 87
Trd, 4318729.193, 123
Trd, 4318731.893, 97
Trd, 4318733.743, 93
Trd, 4318734.043, 93
Trd, 4318734.593, 107
Trd, 4318735.543, 95
Trd, 4318735.743, 97
Trd, 4318738.493, 93
Trd, 4318738.543, 94
Trd, 4318738.743, 77
Trd, 4318740.143, 101
Trd, 4318742.243, 95
Trd, 4318744.943, 92
Trd, 4318745.193, 92
Trd, 4318748.243, 91
Trd, 4318748.793, 92
Trd, 4318749.993, 93
Trd, 4318751.743, 97
Trd, 4318753.193, 96
Trd, 4318753.943, 94
Trd, 4318755.043, 95
Trd, 4318756.243, 96
Trd, 4318757.093, 98
Trd, 4318760.593, 98
Trd, 4318760.843, 97
Trd, 4318761.143, 95
Trd, 4318761.693, 97
Trd, 4318762.843, 103
Trd, 4318764.243, 98
Trd, 4318765.493, 99
Trd, 4318765.693, 100
Trd, 4318769.593, 99
Trd, 4318770.543, 96
Trd, 4318770.593, 100
Trd, 4318772.693, 98
Trd, 4318773.793, 96
Trd, 4318774.393, 97
Trd, 4318774.793, 97
Trd, 4318776.543, 94
Trd, 4318776.793, 99
Trd, 4318777.393, 112
Trd, 4318779.293, 96
Trd, 4318780.093, 105
Trd, 4318783.043, 98
Trd, 4318784.993, 98
Trd, 4318785.043, 100
Trd, 4318785.843, 97
Trd, 4318786.093, 70
Trd, 4318786.293, 83
Trd, 4318789.093, 103
Trd, 4318789.943, 100
Trd, 4318790.943, 88
Trd, 4318794.043, 93
Trd, 4318795.193, 92
Trd, 4318796.693, 93
Trd, 4318797.293, 94
Trd, 4318798.093, 95
Trd, 4318798.693, 104
Trd, 4318798.793, 99
Trd, 4318799.543, 105
Trd, 4318800.343, 102
Trd, 4318802.343, 101
Trd, 4318803.093, 103
Trd, 4318805.093, 102
Trd, 4318805.943, 108
Trd, 4318806.143, 115
Trd, 4318807.493, 102
Trd, 4318808.443, 106
Trd, 4318810.943, 100
Trd, 4318811.193, 101
Trd, 4318812.143, 101
Trd, 4318815.093, 101
Trd, 4318816.043, 94
Trd, 4318816.393, 95
Trd, 4318816.943, 77
Trd, 4318818.243, 94
Trd, 4318819.843, 89
Trd, 4318823.243, 94
Trd, 4318823.643, 94
Trd, 4318824.143, 95
Trd, 4318824.443, 95
Trd, 4318825.293, 103
Trd, 4318826.693, 104
Trd, 4318827.593, 106
Trd, 4318831.243, 80
Trd, 4318831.393, 89
Trd, 4318831.593, 90
Trd, 4318833.093, 93
Trd, 4318834.493, 88
Trd, 4318835.943, 93
Trd, 4318839.743, 97
Trd, 4318840.393, 95
Trd, 4318843.043, 98
Trd, 4318845.193, 98
Trd, 4318846.143, 98
Trd, 4318846.193, 97
Trd, 4318846.893, 102
Trd, 4318848.193, 70
Trd, 4318848.343, 107
Trd, 4318848.843, 96
Trd, 4318851.193, 93
Trd, 4318852.493, 87
Trd, 4318857.443, 87
Trd, 4318857.793, 88
Trd, 4318858.443, 89
Trd, 4318858.943, 100
Trd, 4318860.793, 90
Trd, 4318861.043, 88
Trd, 4318862.993, 86
Trd, 4318863.793, 88
Trd, 4318865.993, 87
Trd, 4318868.493, 88
Trd, 4318869.243, 87
Trd, 4318870.843, 86
Trd, 4318870.943, 87
Trd, 4318872.093, 87
Trd, 4318874.093, 90
Trd, 4318875.593, 98
Trd, 4318876.243, 95
Trd, 4318877.393, 94
Trd, 4318878.993, 94
Trd, 4318879.643, 96
Trd, 4318881.443, 94
Trd, 4318882.643, 96
Trd, 4318882.943, 97
Trd, 4318884.093, 96
Trd, 4318884.193, 97
Trd, 4318884.443, 115
Trd, 4318886.443, 96
Trd, 4318890.143, 96
Trd, 4318891.743, 96
Trd, 4318893.093, 96
Trd, 4318893.443, 94
Trd, 4318894.993, 96
Trd, 4318897.543, 96
Trd, 4318898.143, 94
Trd, 4318898.543, 95
Trd, 4318898.593, 93
Trd, 4318899.493, 112
Trd, 4318900.393, 109
Trd, 4318900.993, 87
Trd, 4318901.243, 94
Trd, 4318901.843, 83
Trd, 4318904.693, 105
Trd, 4318904.993, 114
Trd, 4318905.593, 89
Trd, 4318907.043, 98
Trd, 4318907.193, 96
Trd, 4318909.793, 94
Trd, 4318911.193, 94
Trd, 4318911.843, 93
Trd, 4318912.093, 95
Trd, 4318912.793, 94
Trd, 4318914.293, 91
Trd, 4318914.493, 83
Trd, 4318916.193, 95
Trd, 4318918.143, 93
Trd, 4318920.243, 92
Trd, 4318920.793, 90
Trd, 4318923.243, 93
Trd, 4318924.493, 96
Trd, 4318924.593, 106
Trd, 4318926.943, 113
Trd, 4318927.343, 109
Trd, 4318928.693, 108
Trd, 4318929.143, 114
Trd, 4318929.693, 102
Trd, 4318931.743, 92
Trd, 4318932.193, 99
Trd, 4318933.093, 103
Trd, 4318935.043, 101
Trd, 4318935.143, 97
Trd, 4318938.743, 96
Trd, 4318941.393, 95
Trd, 4318942.343, 96
Trd, 4318944.043, 95
Trd, 4318945.093, 93
Trd, 4318945.143, 102
Trd, 4318947.043, 101
Trd, 4318948.693, 101
Trd, 4318948.943, 97
Trd, 4318951.443, 97
Trd, 4318953.093, 98
Trd, 4318953.343, 97
Trd, 4318954.343, 111
Trd, 4318954.993, 93
Trd, 4318957.493, 96
Trd, 4318958.543, 98
Trd, 4318959.643, 94
Trd, 4318959.843, 94
Trd, 4318961.343, 95
Trd, 4318961.393, 104
Trd, 4318962.793, 97
Trd, 4318964.843, 99
Trd, 4318965.093, 100
Trd, 4318965.893, 113
Trd, 4318966.143, 98
Trd, 4318967.793, 113
Trd, 4318968.343, 100
Trd, 4318969.293, 94
Trd, 4318970.543, 102
Trd, 4318971.393, 100
Trd, 4318971.593, 100
Trd, 4318972.143, 98
Trd, 4318976.843, 97
Trd, 4318978.193, 96
Trd, 4318978.643, 95
Trd, 4318981.343, 96
Trd, 4318982.293, 95
Trd, 4318982.943, 96
Trd, 4318983.343, 95
Trd, 4318984.043, 94
Trd, 4318986.043, 94
Trd, 4318987.543, 95
Trd, 4318987.593, 93
Trd, 4318991.143, 95
Trd, 4318991.593, 96
Trd, 4318991.893, 93
Trd, 4318994.493, 93
Trd, 4318994.643, 93
Trd, 4318998.193, 100
Trd, 4318999.093, 96
Trd, 4319000.193, 97
Trd, 4319001.243, 98
Trd, 4319003.593, 97
Trd, 4319004.143, 89
Trd, 4319004.843, 92
Trd, 4319006.293, 93
Trd, 4319006.793, 96
Trd, 4319009.743, 94
Trd, 4319010.993, 97
Trd, 4319011.343, 94
Trd, 4319011.893, 111
Trd, 4319012.343, 103
Trd, 4319013.193, 113
Trd, 4319013.743, 103
Trd, 4319015.893, 102
Trd, 4319018.143, 104
Trd, 4319019.043, 102
Trd, 4319019.693, 104
Trd, 4319020.393, 104
Trd, 4319020.593, 103
Trd, 4319021.343, 94
Trd, 4319022.843, 96
Trd, 4319023.243, 96
Trd, 4319023.993, 95
Trd, 4319024.393, 122
Trd, 4319025.893, 94
Trd, 4319026.943, 84
Trd, 4319027.743, 82
Trd, 4319030.693, 94
Trd, 4319031.793, 93
Trd, 4319033.443, 91
Trd, 4319035.043, 92
Trd, 4319036.843, 92
Trd, 4319040.393, 91
Trd, 4319040.893, 90
Trd, 4319041.193, 92
Trd, 4319041.343, 98
Trd, 4319042.543, 89
Trd, 4319045.393, 93
Trd, 4319045.943, 92
Trd, 4319046.193, 91
Trd, 4319046.893, 94
Trd, 4319048.793, 97
Trd, 4319051.743, 98
Trd, 4319051.993, 101
Trd, 4319052.543, 101
Trd, 4319054.593, 99
Trd, 4319054.793, 100
Trd, 4319055.343, 112
Trd, 4319056.443, 114
Trd, 4319058.293, 116
Trd, 4319059.043, 103
Trd, 4319060.743, 99
Trd, 4319061.093, 99
Trd, 4319061.393, 76
Trd, 4319062.493, 87
Trd, 4319063.743, 98
Trd, 4319066.343, 95
Trd, 4319067.243, 92
Trd, 4319069.693, 94
Trd, 4319071.043, 92
Trd, 4319071.393, 94
Trd, 4319072.093, 93
Trd, 4319073.843, 93
Trd, 4319074.543, 93
Trd, 4319075.393, 91
Trd, 4319076.743, 113
Trd, 4319077.793, 94
Trd, 4319078.293, 114
Trd, 4319082.343, 100
Trd, 4319083.493, 102
Trd, 4319083.743, 101
Trd, 4319083.793, 104
Trd, 4319084.893, 98
Trd, 4319085.593, 102
Trd, 4319087.243, 101
Trd, 4319087.993, 102
Trd, 4319088.893, 105
Trd, 4319089.943, 102
Trd, 4319090.243, 99
Trd, 4319091.143, 122
Trd, 4319095.243, 103
Trd, 4319095.293, 104
Trd, 4319095.593, 100
Trd, 4319095.893, 105
Trd, 4319098.743, 101
Trd, 4319099.093, 105
Trd, 4319102.443, 99
Trd, 4319104.093, 100
Trd, 4319104.193, 100
Trd, 4319104.793, 100
Trd, 4319105.043, 99
Trd, 4319106.493, 94
Trd, 4319107.043, 96
Trd, 4319108.493, 95
Trd, 4319109.343, 94
Trd, 4319111.193, 113
Trd, 4319111.693, 77
Trd, 4319113.093, 93
Trd, 4319116.043, 87
Trd, 4319116.243, 87
Trd, 4319116.893, 87
Trd, 4319117.143, 88
Trd, 4319117.543, 104
Trd, 4319119.893, 89
Trd, 4319122.093, 93
Trd, 4319123.543, 92
Trd, 4319124.143, 93
Trd, 4319125.793, 93
Trd, 4319127.393, 96
Trd, 4319127.993, 95
Trd, 4319128.993, 105
Trd, 4319129.993, 100
Trd, 4319130.243, 100
Trd, 4319130.343, 94
Trd, 4319133.093, 97
Trd, 4319133.943, 99
Trd, 4319135.193, 96
Trd, 4319136.393, 98
Trd, 4319136.743, 99
Trd, 4319138.943, 98
Trd, 4319140.043, 94
Trd, 4319140.793, 99
Trd, 4319141.093, 108
Trd, 4319142.793, 104
Trd, 4319144.493, 103
Trd, 4319145.593, 104
Trd, 4319146.343, 105
Trd, 4319148.043, 107
Trd, 4319149.393, 106
Trd, 4319149.443, 105
Trd, 4319149.843, 113
Trd, 4319150.193, 103
Trd, 4319150.693, 93
Trd, 4319153.243, 103
Trd, 4319154.643, 102
Trd, 4319155.393, 101
Trd, 4319156.693, 102
Trd, 4319159.243, 101
Trd, 4319159.943, 103
Trd, 4319161.443, 103
Trd, 4319161.993, 101
Trd, 4319162.193, 104
Trd, 4319164.143, 101
Trd, 4319164.343, 104
Trd, 4319166.093, 102
Trd, 4319166.443, 94
Trd, 4319170.093, 98
Trd, 4319170.293, 101
Trd, 4319171.543, 101
Trd, 4319171.743, 105
Trd, 4319172.543, 101
Trd, 4319175.093, 104
Trd, 4319175.643, 104
Trd, 4319175.843, 113
Trd, 4319176.293, 108
Trd, 4319176.793, 102
Trd, 4319179.343, 100
Trd, 4319180.243, 108
Trd, 4319180.693, 99
Trd, 4319182.543, 98
Trd, 4319182.943, 97
Trd, 4319184.643, 99
Trd, 4319186.093, 97
Trd, 4319187.593, 97
Trd, 4319187.643, 96
Trd, 4319189.893, 97
Trd, 4319191.293, 96
Trd, 4319191.693, 95
Trd, 4319195.343, 97
Trd, 4319196.693, 99
Trd, 4319197.093, 106
Trd, 4319197.743, 100
Trd, 4319200.043, 97
Trd, 4319200.443, 94
Trd, 4319201.043, 96
Trd, 4319201.993, 92
Trd, 4319203.993, 95
Trd, 4319205.693, 105
Trd, 4319206.843, 100
Trd, 4319207.143, 100
Trd, 4319208.793, 108
Trd, 4319209.043, 101
Trd, 4319211.343, 102
Trd, 4319212.993, 102
Trd, 4319213.193, 103
Trd, 4319213.243, 94
Trd, 4319213.943, 111
Trd, 4319217.493, 97
Trd, 4319218.393, 96
Trd, 4319218.743, 98
Trd, 4319219.243, 97
Trd, 4319219.293, 96
Trd, 4319220.143, 97
Trd, 4319221.793, 98
Trd, 4319222.443, 94
Trd, 4319223.593, 98
Trd, 4319225.343, 103
Trd, 4319227.893, 98
Trd, 4319229.043, 97
Trd, 4319229.743, 97
Trd, 4319229.943, 94
Trd, 4319231.343, 95
Trd, 4319233.043, 97
Trd, 4319235.393, 94
Trd, 4319236.043, 95
Trd, 4319237.393, 96
Trd, 4319237.693, 96
Trd, 4319238.393, 97
Trd, 4319239.443, 96
Trd, 4319241.193, 97
Trd, 4319241.993, 98
Trd, 4319242.893, 112
Trd, 4319243.843, 98
Trd, 4319245.643, 98
Trd, 4319246.593, 99
Trd, 4319248.543, 98
Trd, 4319249.093, 97
Trd, 4319252.093, 97
Trd, 4319253.743, 96
Trd, 4319254.743, 97
Trd, 4319255.493, 97
Trd, 4319255.843, 102
Trd, 4319256.193, 96
Trd, 4319256.893, 99
Trd, 4319258.193, 113
Trd, 4319258.343, 97
Trd, 4319259.593, 98
Trd, 4319262.143, 101
Trd, 4319264.143, 99
Trd, 4319264.793, 98
Trd, 4319265.093, 102
Trd, 4319266.343, 97
Trd, 4319266.743, 95
Trd, 4319267.143, 95
Trd, 4319267.993, 96
Trd, 4319268.893, 94
Trd, 4319269.843, 96
Trd, 4319272.593, 94
Trd, 4319272.693, 101
Trd, 4319274.243, 99
Trd, 4319276.343, 96
Trd, 4319277.143, 98
Trd, 4319278.693, 96
Trd, 4319278.793, 96
Trd, 4319279.593, 97
Trd, 4319280.443, 95
Trd, 4319282.643, 97
Trd, 4319283.343, 99
Trd, 4319284.193, 99
Trd, 4319285.343, 98
Trd, 4319287.243, 98
Trd, 4319287.343, 97
Trd, 4319288.443, 112
Trd, 4319290.343, 111
Trd, 4319290.843, 108
Trd, 4319291.143, 100
Trd, 4319292.193, 95
Trd, 4319295.043, 98
Trd, 4319295.593, 103
Trd, 4319296.793, 102
Trd, 4319297.243, 104
Trd, 4319298.243, 99
Trd, 4319298.493, 113
Trd, 4319301.743, 101
Trd, 4319301.943, 100
Trd, 4319302.043, 98
Trd, 4319304.493, 95
Trd, 4319304.993, 99
Trd, 4319305.093, 99
Trd, 4319308.543, 98
Trd, 4319308.743, 99
Trd, 4319308.843, 96
Trd, 4319310.693, 99
Trd, 4319311.243, 98
Trd, 4319314.593, 97
Trd, 4319314.693, 98
Trd, 4319316.093, 90
Trd, 4319317.393, 95
Trd, 4319317.943, 92
Trd, 4319318.243, 107
Trd, 4319320.593, 99
Trd, 4319322.393, 96
Trd, 4319322.643, 96
Trd, 4319323.093, 95
Trd, 4319324.443, 96
Trd, 4319324.793, 107
Trd, 4319325.493, 76
Trd, 4319326.043, 88
Trd, 4319328.193, 89
Trd, 4319330.443, 90
Trd, 4319331.193, 89
Trd, 4319332.493, 90
Trd, 4319333.593, 89
Trd, 4319335.043, 91
Trd, 4319336.543, 90
Trd, 4319336.993, 92
Trd, 4319337.293, 97
Trd, 4319338.093, 96
Trd, 4319341.143, 113
Trd, 4319341.243, 112
Trd, 4319341.293, 119
Trd, 4319343.043, 96
Trd, 4319343.943, 99
Trd, 4319344.793, 118
Trd, 4319345.543, 100
Trd, 4319346.243, 106
Trd, 4319349.943, 103
Trd, 4319350.443, 103
Trd, 4319353.493, 101
Trd, 4319353.743, 102
Trd, 4319354.493, 102
Trd, 4319355.193, 123
Trd, 4319358.593, 103
Trd, 4319359.243, 102
Trd, 4319360.643, 92
Trd, 4319361.293, 97
Trd, 4319361.593, 94
Trd, 4319361.843, 100
Trd, 4319362.843, 76
Trd, 4319364.593, 82
Trd, 4319365.043, 86
Trd, 4319366.143, 107
Trd, 4319368.493, 94
Trd, 4319368.793, 84
Trd, 4319371.393, 91
Trd, 4319371.493, 90
Trd, 4319371.943, 92
Trd, 4319373.643, 94
Trd, 4319373.893, 103
Trd, 4319375.893, 104
Trd, 4319376.893, 103
Trd, 4319377.393, 104
Trd, 4319379.393, 103
Trd, 4319380.943, 103
Trd, 4319381.043, 102
Trd, 4319381.743, 103
Trd, 4319382.243, 102
Trd, 4319383.093, 104
Trd, 4319383.293, 101
Trd, 4319383.843, 131
Trd, 4319386.393, 96
Trd, 4319386.843, 113
Trd, 4319388.843, 102
Trd, 4319389.943, 100
Trd, 4319392.343, 88
Trd, 4319392.443, 93
Trd, 4319393.143, 90
Trd, 4319393.893, 95
Trd, 4319395.243, 89
Trd, 4319396.993, 93
Trd, 4319397.593, 88
Trd, 4319398.493, 93
Trd, 4319398.643, 89
Trd, 4319399.693, 88
Trd, 4319401.443, 105
Trd, 4319401.543, 115
Trd, 4319406.293, 89
Trd, 4319407.043, 89
Trd, 4319408.993, 89
Trd, 4319411.393, 89
Trd, 4319412.693, 90
Trd, 4319413.993, 94
Trd, 4319414.293, 93
Trd, 4319415.443, 106
Trd, 4319417.143, 104
Trd, 4319418.393, 94
Trd, 4319420.543, 99
Trd, 4319421.243, 98
Trd, 4319422.043, 96
Trd, 4319422.293, 113
Trd, 4319424.743, 94
Trd, 4319426.843, 93
Trd, 4319428.493, 100
Trd, 4319429.343, 97
Trd, 4319430.743, 95
Trd, 4319431.343, 93
Trd, 4319431.443, 93
Trd, 4319432.243, 94
Trd, 4319432.343, 95
Trd, 4319433.543, 100
Trd, 4319435.693, 89
Trd, 4319436.143, 90
Trd, 4319438.293, 92
Trd, 4319438.393, 104
Trd, 4319438.543, 110
Trd, 4319438.943, 91
Trd, 4319440.243, 102
Trd, 4319441.543, 97
Trd, 4319443.943, 90
Trd, 4319445.643, 91
Trd, 4319447.543, 85
Trd, 4319448.693, 84
Trd, 4319449.693, 85
Trd, 4319450.793, 84
Trd, 4319451.093, 86
Trd, 4319451.443, 96
Trd, 4319453.193, 93
Trd, 4319455.543, 94
Trd, 4319456.343, 94
Trd, 4319457.893, 95
Trd, 4319459.893, 92
Trd, 4319462.143, 94
Trd, 4319464.043, 94
Trd, 4319465.043, 92
Trd, 4319465.693, 95
Trd, 4319466.793, 92
Trd, 4319469.493, 95
Trd, 4319469.643, 95
Trd, 4319469.943, 95
Trd, 4319470.543, 107
Trd, 4319470.943, 94
Trd, 4319474.243, 98
Trd, 4319474.343, 95
Trd, 4319475.793, 97
Trd, 4319475.943, 98
Trd, 4319476.993, 98
Trd, 4319478.093, 96
Trd, 4319478.143, 94
Trd, 4319478.593, 105
Trd, 4319480.393, 98
Trd, 4319482.843, 122
Trd, 4319483.393, 112
Trd, 4319483.693, 98
Trd, 4319484.893, 103
Trd, 4319488.393, 101
Trd, 4319488.443, 106
Trd, 4319490.143, 104
Trd, 4319490.543, 94
Trd, 4319490.843, 104
Trd, 4319493.893, 96
Trd, 4319495.543, 90
Trd, 4319496.393, 78
Trd, 4319496.543, 86
Trd, 4319497.443, 96
Trd, 4319497.543, 104
Trd, 4319499.093, 87
Trd, 4319499.593, 86
Trd, 4319500.093, 86
Trd, 4319502.743, 87
Trd, 4319503.793, 113
Trd, 4319504.393, 86
Trd, 4319506.993, 86
Trd, 4319507.093, 93
Trd, 4319511.143, 87
Trd, 4319511.593, 87
Trd, 4319513.293, 88
Trd, 4319513.993, 87
Trd, 4319514.243, 108
Trd, 4319514.943, 108
Trd, 4319516.393, 105
Trd, 4319518.143, 86
Trd, 4319519.993, 88
Trd, 4319520.693, 87
Trd, 4319521.593, 89
Trd, 4319523.343, 113
Trd, 4319524.493, 86
Trd, 4319525.243, 93
Trd, 4319526.493, 92
Trd, 4319527.143, 93
Trd, 4319529.993, 93
Trd, 4319530.543, 94
Trd, 4319531.443, 102
Trd, 4319532.943, 92
Trd, 4319533.443, 98
Trd, 4319534.543, 96
Trd, 4319534.643, 98
Trd, 4319536.343, 101
Trd, 4319538.343, 99
Trd, 4319538.493, 76
Trd, 4319538.643, 109
Trd, 4319540.893, 104
Trd, 4319540.943, 103
Trd, 4319542.793, 102
Trd, 4319543.443, 103
Trd, 4319544.143, 113
Trd, 4319544.743, 98
Trd, 4319546.543, 93
Trd, 4319547.493, 79
Trd, 4319548.893, 88
Trd, 4319550.843, 89
Trd, 4319552.293, 92
Trd, 4319552.543, 92
Trd, 4319554.093, 103
Trd, 4319556.693, 94
Trd, 4319560.543, 95
Trd, 4319562.343, 95
Trd, 4319562.843, 93
Trd, 4319563.493, 76
Trd, 4319563.693, 94
Trd, 4319564.493, 87
Trd, 4319565.693, 93
Trd, 4319565.843, 105
Trd, 4319566.843, 98
Trd, 4319568.193, 98
Trd, 4319568.643, 106
Trd, 4319568.743, 102
Trd, 4319570.393, 97
Trd, 4319573.343, 96
Trd, 4319573.693, 97
Trd, 4319573.993, 102
Trd, 4319574.543, 113
Trd, 4319574.993, 96
Trd, 4319579.243, 98
Trd, 4319579.493, 101
Trd, 4319579.743, 94
Trd, 4319581.693, 95
Trd, 4319583.093, 95
Trd, 4319583.393, 94
Trd, 4319584.243, 95
Trd, 4319584.743, 106
Trd, 4319585.643, 93
Trd, 4319588.043, 86
Trd, 4319590.243, 90
Trd, 4319590.693, 89
Trd, 4319592.643, 79
Trd, 4319594.093, 93
Trd, 4319595.893, 89
Trd, 4319597.543, 87
Trd, 4319598.393, 87
Trd, 4319599.243, 95
Trd, 4319602.443, 87
Trd, 4319603.593, 89
Trd, 4319603.943, 86
Trd, 4319607.093, 87
Trd, 4319607.743, 88
Trd, 4319608.193, 89
Trd, 4319609.743, 87
Trd, 4319610.293, 90
Trd, 4319611.143, 97
Trd, 4319613.043, 92
Trd, 4319614.993, 101
Trd, 4319615.343, 97
Trd, 4319617.193, 101
Trd, 4319618.493, 104
Trd, 4319619.393, 102
Trd, 4319620.093, 101
Trd, 4319620.293, 104
Trd, 4319621.043, 105
Trd, 4319622.393, 100
Trd, 4319623.243, 100
Trd, 4319624.593, 98
Trd, 4319626.193, 96
Trd, 4319626.493, 101
Trd, 4319626.893, 94
Trd, 4319628.993, 98
Trd, 4319630.543, 98
Trd, 4319631.143, 99
Trd, 4319632.193, 98
Trd, 4319634.393, 97
Trd, 4319634.643, 99
Trd, 4319635.093, 98
Trd, 4319635.443, 103
Trd, 4319638.593, 97
Trd, 4319638.643, 101
Trd, 4319639.893, 100
Trd, 4319643.793, 96
Trd, 4319644.293, 95
Trd, 4319645.243, 95
Trd, 4319645.843, 97
Trd, 4319646.093, 96
Trd, 4319648.293, 96
Trd, 4319649.393, 95
Trd, 4319650.593, 94
Trd, 4319652.043, 96
Trd, 4319652.893, 97
Trd, 4319653.493, 94
Trd, 4319653.793, 94
Trd, 4319655.543, 96
Trd, 4319656.443, 93
Trd, 4319657.993, 98
Trd, 4319658.843, 105
Trd, 4319659.793, 102
Trd, 4319661.593, 95
Trd, 4319663.643, 99
Trd, 4319664.393, 101
Trd, 4319664.543, 96
Trd, 4319666.293, 95
Trd, 4319667.743, 96
Trd, 4319668.193, 94
Trd, 4319668.543, 93
Trd, 4319669.693, 107
Trd, 4319672.893, 92
Trd, 4319673.943, 92
Trd, 4319674.243, 93
Trd, 4319675.143, 104
Trd, 4319675.593, 111
Trd, 4319677.093, 97
Trd, 4319677.993, 96
Trd, 4319679.243, 94
Trd, 4319681.943, 103
Trd, 4319682.743, 103
Trd, 4319682.993, 106
Trd, 4319683.443, 103
Trd, 4319685.093, 103
Trd, 4319686.343, 100
Trd, 4319686.693, 102
Trd, 4319687.143, 98
Trd, 4319687.843, 110
Trd, 4319692.643, 103
Trd, 4319693.093, 102
Trd, 4319693.193, 94
Trd, 4319693.493, 101
Trd, 4319694.843, 94
Trd, 4319695.443, 106
Trd, 4319697.043, 104
Trd, 4319697.393, 103
Trd, 4319697.743, 76
Trd, 4319697.893, 108
Trd, 4319700.093, 89
Trd, 4319701.093, 106
Trd, 4319703.043, 106
Trd, 4319705.593, 101
Trd, 4319706.943, 100
Trd, 4319707.343, 102
Trd, 4319709.593, 102
Trd, 4319710.043, 103
Trd, 4319710.543, 101
Trd, 4319711.293, 100
Trd, 4319712.643, 95
Trd, 4319712.843, 96
Trd, 4319715.293, 97
Trd, 4319715.943, 96
Trd, 4319717.743, 95
Trd, 4319717.793, 104
Trd, 4319720.143, 94
Trd, 4319722.443, 95
Trd, 4319724.693, 95
Trd, 4319725.193, 95
Trd, 4319725.343, 96
Trd, 4319725.843, 99
Trd, 4319726.943, 108
Trd, 4319726.993, 76
Trd, 4319729.343, 96
Trd, 4319729.493, 98
Trd, 4319729.943, 98
Trd, 4319731.043, 97
Trd, 4319732.343, 95
Trd, 4319733.743, 97
Trd, 4319735.093, 98
Trd, 4319735.993, 96
Trd, 4319739.093, 99
Trd, 4319739.243, 95
Trd, 4319740.893, 105
Trd, 4319743.743, 102
Trd, 4319744.443, 94
Trd, 4319746.793, 97
Trd, 4319747.093, 96
Trd, 4319748.393, 96
Trd, 4319748.843, 95
Trd, 4319750.743, 94
Trd, 4319750.793, 96
Trd, 4319752.643, 97
Trd, 4319752.693, 106
Trd, 4319754.343, 100
Trd, 4319756.943, 96
Trd, 4319758.243, 95
Trd, 4319758.943, 95
Trd, 4319759.293, 94
Trd, 4319759.743, 96
Trd, 4319761.793, 102
Trd, 4319762.743, 104
Trd, 4319763.143, 102
Trd, 4319763.393, 101
Trd, 4319764.343, 113
Trd, 4319765.893, 95
Trd, 4319767.793, 98
Trd, 4319767.993, 97
Trd, 4319768.743, 96
Trd, 4319768.993, 106
Trd, 4319771.243, 103
Trd, 4319771.893, 102
Trd, 4319773.043, 95
Trd, 4319773.343, 97
Trd, 4319774.793, 108
Trd, 4319776.093, 94
Trd, 4319776.543, 103
Trd, 4319778.493, 100
Trd, 4319780.743, 98
Trd, 4319781.993, 96
Trd, 4319782.093, 95
Trd, 4319783.993, 103
Trd, 4319784.893, 93
Trd, 4319788.143, 97
Trd, 4319788.793, 92
Trd, 4319789.843, 98
Trd, 4319793.393, 96
Trd, 4319793.943, 95
Trd, 4319795.493, 96
Trd, 4319797.143, 93
Trd, 4319798.193, 97
Trd, 4319798.543, 95
Trd, 4319799.693, 98
Trd, 4319801.743, 102
Trd, 4319801.943, 100
Trd, 4319803.093, 100
Trd, 4319803.143, 106
Trd, 4319803.643, 94
Trd, 4319804.543, 104
Trd, 4319807.893, 88
Trd, 4319809.893, 85
Trd, 4319810.343, 86
Trd, 4319810.893, 87
Trd, 4319811.143, 76
Trd, 4319812.443, 86
Trd, 4319813.743, 88
Trd, 4319815.043, 97
Trd, 4319815.643, 92
Trd, 4319816.843, 99
Trd, 4319817.543, 111
Trd, 4319818.443, 97
Trd, 4319818.643, 113
Trd, 4319819.243, 96
Trd, 4319824.793, 100
Trd, 4319824.893, 100
Trd, 4319825.493, 98
Trd, 4319826.093, 95
Trd, 4319826.793, 109
Trd, 4319829.343, 96
Trd, 4319829.793, 113
Trd, 4319830.243, 120
Trd, 4319832.293, 101
Trd, 4319832.993, 100
Trd, 4319835.593, 98
Trd, 4319835.793, 101
Trd, 4319835.843, 101
Trd, 4319838.143, 104
Trd, 4319838.843, 103
Trd, 4319839.043, 105
Trd, 4319840.643, 105
Trd, 4319840.793, 108
Trd, 4319843.143, 103
Trd, 4319844.043, 109
Trd, 4319845.293, 102
Trd, 4319845.943, 108
Trd, 4319848.793, 101
Trd, 4319849.943, 102
Trd, 4319850.393, 103
Trd, 4319851.643, 102
Trd, 4319852.543, 101
Trd, 4319853.743, 102
Trd, 4319854.243, 100
Trd, 4319854.393, 105
Trd, 4319855.293, 113
Trd, 4319857.243, 97
Trd, 4319857.893, 94
Trd, 4319860.243, 75
Trd, 4319860.543, 89
Trd, 4319862.643, 88
Trd, 4319863.793, 90
Trd, 4319864.243, 89
Trd, 4319865.343, 97
Trd, 4319866.993, 94
Trd, 4319867.893, 92
Trd, 4319868.443, 91
Trd, 4319869.393, 76
Trd, 4319870.043, 106
Trd, 4319872.693, 98
Trd, 4319873.043, 92
Trd, 4319874.543, 104
Trd, 4319877.843, 95
Trd, 4319877.893, 96
Trd, 4319877.993, 95
Trd, 4319880.193, 97
Trd, 4319880.593, 112
Trd, 4319881.493, 99
Trd, 4319882.293, 111
Trd, 4319883.743, 122
Trd, 4319884.493, 108
Trd, 4319886.643, 107
Trd, 4319887.393, 105
Trd, 4319888.593, 103
Trd, 4319888.993, 104
Trd, 4319892.543, 104
Trd, 4319892.743, 103
Trd, 4319893.643, 102
Trd, 4319895.043, 104
Trd, 4319895.293, 115
Trd, 4319896.043, 101
Trd, 4319898.243, 100
Trd, 4319899.193, 96
Trd, 4319899.843, 99
Trd, 4319900.143, 93
Trd, 4319902.493, 93
Trd, 4319903.643, 94
Trd, 4319905.993, 97
Trd, 4319906.593, 98
Trd, 4319906.743, 95
Trd, 4319908.243, 95
Trd, 4319908.893, 94
Trd, 4319911.093, 95
Trd, 4319911.543, 94
Trd, 4319911.643, 95
Trd, 4319913.043, 95
Trd, 4319917.343, 94
Trd, 4319917.743, 95
Trd, 4319918.093, 94
Trd, 4319918.743, 97
Trd, 4319922.193, 101
Trd, 4319922.493, 102
Trd, 4319922.593, 104
Trd, 4319923.093, 100
Trd, 4319926.143, 114
Trd, 4319926.193, 113
Trd, 4319926.293, 99
Trd, 4319928.143, 94
Trd, 4319928.243, 95
Trd, 4319928.443, 107
Trd, 4319928.493, 75
Trd, 4319931.143, 114
Trd, 4319932.243, 107
Trd, 4319933.043, 96
Trd, 4319933.893, 98
Trd, 4319934.893, 95
Trd, 4319937.143, 94
Trd, 4319938.793, 95
Trd, 4319940.243, 92
Trd, 4319943.143, 94
Trd, 4319943.543, 94
Trd, 4319944.343, 93
Trd, 4319944.943, 104
Trd, 4319946.893, 92
Trd, 4319946.943, 95
Trd, 4319948.293, 95
Trd, 4319948.493, 95
Trd, 4319951.443, 94
Trd, 4319952.493, 96
Trd, 4319953.293, 95
Trd, 4319953.893, 95
Trd, 4319955.443, 97
Trd, 4319956.143, 94
Trd, 4319956.793, 114
Trd, 4319957.643, 111
Trd, 4319958.843, 106
Trd, 4319960.993, 103
Trd, 4319961.593, 102
Trd, 4319961.843, 101
Trd, 4319964.393, 101
Trd, 4319964.593, 95
Trd, 4319965.593, 73
Trd, 4319966.693, 86
Trd, 4319967.743, 83
Trd, 4319968.443, 83
Trd, 4319970.343, 86
Trd, 4319972.743, 84
Trd, 4319974.193, 83
Trd, 4319974.693, 87
Trd, 4319975.493, 87
Trd, 4319977.043, 96
Trd, 4319980.243, 92
Trd, 4319982.593, 92
Trd, 4319983.993, 92
Trd, 4319984.693, 93
Trd, 4319985.893, 93
Trd, 4319985.993, 92
Trd, 4319987.693, 94
Trd, 4319988.593, 95
Trd, 4319990.493, 96
Trd, 4319991.743, 94
Trd, 4319992.793, 93
Trd, 4319995.993, 95
Trd, 4319996.143, 96
Trd, 4319997.043, 96
Trd, 4319998.443, 96
Trd, 4319999.093, 96
