Trd, 4317908.493, 95
Trd, 4317909.343, 95
Trd, 4317911.443, 96
Trd, 4317911.493, 95
Trd, 4317911.943, 103
Trd, 4317912.793, 85
Trd, 4317917.193, 98
Trd, 4317918.043, 99
Trd, 4317919.043, 98
Trd, 4317919.293, 100
Trd, 4317920.393, 107
Trd, 4317921.493, 96
Trd, 4317925.093, 95
Trd, 4317926.893, 97
Trd, 4317928.743, 98
Trd, 4317928.793, 97
Trd, 4317929.143, 97
Trd, 4317929.343, 96
Trd, 4317931.843, 95
Trd, 4317933.793, 93
Trd, 4317934.543, 94
Trd, 4317935.143, 95
Trd, 4317936.043, 94
Trd, 4317936.643, 95
Trd, 4317937.793, 94
Trd, 4317938.593, 109
Trd, 4317940.193, 93
Trd, 4317943.943, 98
Trd, 4317944.493, 96
Trd, 4317944.643, 96
Trd, 4317945.493, 95
Trd, 4317945.993, 95
Trd, 4317947.393, 96
Trd, 4317948.143, 96
Trd, 4317948.243, 95
Trd, 4317948.893, 94
Trd, 4317950.593, 96
Trd, 4317952.143, 90
Trd, 4317953.393, 95
Trd, 4317953.843, 94
Trd, 4317955.043, 97
Trd, 4317957.143, 113
Trd, 4317957.543, 113
Trd, 4317958.443, 85
Trd, 4317958.693, 86
Trd, 4317960.343, 86
Trd, 4317962.043, 88
Trd, 4317962.443, 89
Trd, 4317963.193, 94
Trd, 4317963.443, 68
Trd, 4317965.193, 79
Trd, 4317967.693, 89
Trd, 4317968.043, 94
Trd, 4317968.843, 91
Trd, 4317969.993, 99
Trd, 4317970.743, 102
Trd, 4317970.993, 100
Trd, 4317972.993, 106
Trd, 4317973.393, 105
Trd, 4317973.793, 112
Trd, 4317975.093, 103
Trd, 4317977.543, 107
Trd, 4317978.493, 107
Trd, 4317979.443, 103
Trd, 4317981.043, 108
Trd, 4317982.243, 97
Trd, 4317982.543, 96
Trd, 4317982.943, 104
Trd, 4317983.943, 100
Trd, 4317984.543, 104
Trd, 4317987.643, 102
Trd, 4317987.793, 102
Trd, 4317987.843, 103
Trd, 4317990.243, 97
Trd, 4317991.293, 99
Trd, 4317992.243, 104
Trd, 4317994.593, 93
Trd, 4317995.743, 95
Trd, 4317996.143, 96
Trd, 4317998.143, 95
Trd, 4317999.843, 88
Trd, 4318000.093, 95
Trd, 4318001.543, 87
Trd, 4318002.093, 85
Trd, 4318003.793, 86
Trd, 4318005.443, 88
Trd, 4318005.543, 87
Trd, 4318007.243, 104
Trd, 4318008.043, 97
Trd, 4318008.243, 96
Trd, 4318008.943, 96
Trd, 4318009.543, 111
Trd, 4318012.193, 112
Trd, 4318013.193, 113
Trd, 4318014.693, 111
Trd, 4318016.643, 102
Trd, 4318016.893, 97
Trd, 4318017.443, 106
Trd, 4318018.793, 95
Trd, 4318020.393, 96
Trd, 4318020.543, 95
Trd, 4318021.593, 93
Trd, 4318022.543, 93
Trd, 4318022.593, 85
Trd, 4318024.293, 91
Trd, 4318026.543, 94
Trd, 4318026.893, 93
Trd, 4318027.393, 95
Trd, 4318028.693, 95
Trd, 4318028.793, 93
Trd, 4318028.943, 110
Trd, 4318030.743, 90
Trd, 4318032.143, 93
Trd, 4318034.143, 107
Trd, 4318035.593, 107
Trd, 4318036.443, 104
Trd, 4318037.093, 111
Trd, 4318037.243, 103
Trd, 4318038.893, 103
Trd, 4318039.193, 105
Trd, 4318041.143, 102
Trd, 4318041.643, 95
Trd, 4318042.643, 105
Trd, 4318043.593, 106
Trd, 4318043.993, 85
Trd, 4318045.643, 105
Trd, 4318046.493, 102
Trd, 4318047.393, 101
Trd, 4318049.043, 102
Trd, 4318050.043, 102
Trd, 4318050.093, 101
Trd, 4318050.893, 95
Trd, 4318051.843, 102
Trd, 4318052.943, 96
Trd, 4318055.143, 102
Trd, 4318056.743, 100
Trd, 4318057.343, 97
Trd, 4318059.693, 113
Trd, 4318060.043, 102
Trd, 4318061.043, 104
Trd, 4318062.193, 102
Trd, 4318062.293, 102
Trd, 4318064.943, 104
Trd, 4318065.143, 102
Trd, 4318066.843, 91
Trd, 4318068.293, 103
Trd, 4318069.943, 99
Trd, 4318070.443, 100
Trd, 4318070.493, 99
Trd, 4318072.593, 113
Trd, 4318073.243, 109
Trd, 4318075.193, 112
Trd, 4318075.743, 109
Trd, 4318077.743, 107
Trd, 4318079.893, 105
Trd, 4318080.493, 102
Trd, 4318080.593, 106
Trd, 4318081.693, 103
Trd, 4318084.843, 93
Trd, 4318085.543, 93
Trd, 4318085.643, 95
Trd, 4318085.943, 91
Trd, 4318085.993, 97
Trd, 4318089.493, 96
Trd, 4318090.143, 96
Trd, 4318091.743, 96
Trd, 4318092.643, 86
Trd, 4318093.943, 92
Trd, 4318095.843, 98
Trd, 4318096.393, 99
Trd, 4318096.743, 104
Trd, 4318097.093, 101
Trd, 4318098.543, 106
Trd, 4318100.193, 101
Trd, 4318102.693, 102
Trd, 4318102.743, 101
Trd, 4318105.493, 101
Trd, 4318105.643, 101
Trd, 4318107.293, 103
Trd, 4318109.193, 100
Trd, 4318110.293, 98
Trd, 4318111.443, 99
Trd, 4318112.843, 97
Trd, 4318114.193, 98
Trd, 4318114.693, 98
Trd, 4318115.293, 99
Trd, 4318117.043, 98
Trd, 4318118.043, 90
Trd, 4318121.343, 95
Trd, 4318121.793, 95
Trd, 4318122.743, 95
Trd, 4318124.943, 95
Trd, 4318125.743, 94
Trd, 4318126.893, 96
Trd, 4318127.593, 95
Trd, 4318129.643, 96
Trd, 4318130.093, 95
Trd, 4318132.043, 95
Trd, 4318132.243, 94
Trd, 4318133.993, 107
Trd, 4318134.743, 101
Trd, 4318135.393, 103
Trd, 4318138.143, 89
Trd, 4318138.593, 96
Trd, 4318139.743, 88
Trd, 4318140.793, 88
Trd, 4318141.593, 91
Trd, 4318142.643, 93
Trd, 4318143.643, 93
Trd, 4318144.243, 95
Trd, 4318146.243, 95
Trd, 4318147.943, 94
Trd, 4318149.193, 94
Trd, 4318151.443, 95
Trd, 4318151.593, 94
Trd, 4318152.993, 94
Trd, 4318153.493, 93
Trd, 4318154.743, 113
Trd, 4318156.943, 102
Trd, 4318157.143, 104
Trd, 4318158.143, 103
Trd, 4318158.343, 104
Trd, 4318159.243, 102
Trd, 4318160.693, 96
Trd, 4318161.843, 101
Trd, 4318162.243, 95
Trd, 4318166.493, 100
Trd, 4318166.993, 100
Trd, 4318167.343, 101
Trd, 4318167.393, 99
Trd, 4318169.493, 98
Trd, 4318170.043, 96
Trd, 4318170.893, 95
Trd, 4318173.943, 96
Trd, 4318174.643, 97
Trd, 4318175.243, 97
Trd, 4318176.093, 97
Trd, 4318176.193, 95
Trd, 4318178.543, 100
Trd, 4318179.293, 100
Trd, 4318179.443, 108
Trd, 4318181.443, 102
Trd, 4318183.443, 87
Trd, 4318185.793, 98
Trd, 4318186.393, 97
Trd, 4318186.643, 98
Trd, 4318187.043, 105
Trd, 4318187.193, 96
Trd, 4318189.793, 85
Trd, 4318190.993, 76
Trd, 4318191.243, 88
Trd, 4318191.743, 86
Trd, 4318192.893, 87
Trd, 4318195.043, 90
Trd, 4318195.943, 95
Trd, 4318197.793, 97
Trd, 4318199.593, 96
Trd, 4318199.793, 96
Trd, 4318200.043, 96
Trd, 4318200.193, 95
Trd, 4318201.693, 113
Trd, 4318202.343, 107
Trd, 4318203.193, 109
Trd, 4318206.593, 107
Trd, 4318207.193, 106
Trd, 4318207.393, 105
Trd, 4318209.543, 102
Trd, 4318211.543, 103
Trd, 4318212.093, 105
Trd, 4318213.543, 105
Trd, 4318214.293, 106
Trd, 4318215.043, 104
Trd, 4318215.693, 104
Trd, 4318217.093, 113
Trd, 4318219.293, 103
Trd, 4318220.543, 102
Trd, 4318222.343, 90
Trd, 4318222.793, 93
Trd, 4318223.493, 91
Trd, 4318224.343, 93
Trd, 4318224.693, 93
Trd, 4318226.143, 93
Trd, 4318227.793, 91
Trd, 4318228.443, 93
Trd, 4318231.943, 92
Trd, 4318233.643, 91
Trd, 4318235.393, 93
Trd, 4318236.293, 95
Trd, 4318237.793, 97
Trd, 4318238.943, 96
Trd, 4318239.593, 97
Trd, 4318239.743, 113
Trd, 4318242.243, 100
Trd, 4318244.293, 103
Trd, 4318245.493, 103
Trd, 4318245.643, 95
Trd, 4318246.393, 90
Trd, 4318247.093, 98
Trd, 4318250.743, 95
Trd, 4318251.243, 95
Trd, 4318252.343, 95
Trd, 4318253.593, 95
Trd, 4318255.543, 96
Trd, 4318255.943, 96
Trd, 4318255.993, 95
Trd, 4318257.643, 97
Trd, 4318259.493, 96
Trd, 4318261.393, 95
Trd, 4318262.993, 95
Trd, 4318263.293, 94
Trd, 4318263.793, 95
Trd, 4318263.843, 91
Trd, 4318265.993, 96
Trd, 4318266.043, 91
Trd, 4318269.393, 89
Trd, 4318270.393, 97
Trd, 4318270.943, 93
Trd, 4318272.593, 93
Trd, 4318274.693, 98
Trd, 4318275.743, 99
Trd, 4318276.093, 113
Trd, 4318276.893, 111
Trd, 4318277.043, 102
Trd, 4318281.443, 102
Trd, 4318281.843, 101
Trd, 4318282.493, 103
Trd, 4318282.943, 105
Trd, 4318284.643, 104
Trd, 4318284.793, 103
Trd, 4318288.193, 103
Trd, 4318290.043, 105
Trd, 4318291.743, 101
Trd, 4318293.593, 104
Trd, 4318295.343, 104
Trd, 4318296.293, 104
Trd, 4318296.593, 95
Trd, 4318296.693, 105
Trd, 4318297.343, 85
Trd, 4318299.993, 92
Trd, 4318301.393, 92
Trd, 4318301.543, 85
Trd, 4318302.043, 95
Trd, 4318304.343, 85
Trd, 4318304.543, 86
Trd, 4318304.743, 84
Trd, 4318306.593, 87
Trd, 4318308.843, 95
Trd, 4318309.743, 94
Trd, 4318310.743, 94
Trd, 4318311.193, 94
Trd, 4318312.043, 95
Trd, 4318313.493, 104
Trd, 4318316.193, 98
Trd, 4318317.693, 97
Trd, 4318317.893, 95
Trd, 4318318.243, 96
Trd, 4318320.843, 106
Trd, 4318321.493, 98
Trd, 4318321.743, 95
Trd, 4318323.593, 97
Trd, 4318325.593, 96
Trd, 4318327.443, 100
Trd, 4318327.543, 97
Trd, 4318328.293, 99
Trd, 4318329.643, 94
Trd, 4318332.193, 89
Trd, 4318333.243, 88
Trd, 4318333.543, 91
Trd, 4318334.093, 97
Trd, 4318334.543, 107
Trd, 4318335.443, 87
Trd, 4318336.143, 87
Trd, 4318338.843, 89
Trd, 4318339.593, 96
Trd, 4318339.993, 87
Trd, 4318342.293, 99
Trd, 4318342.343, 98
Trd, 4318344.843, 99
Trd, 4318345.943, 98
Trd, 4318347.243, 108
Trd, 4318347.943, 97
Trd, 4318348.443, 95
Trd, 4318351.793, 101
Trd, 4318352.093, 99
Trd, 4318352.643, 100
Trd, 4318353.993, 99
Trd, 4318355.243, 100
Trd, 4318355.543, 100
Trd, 4318357.143, 101
Trd, 4318357.543, 97
Trd, 4318357.943, 95
Trd, 4318359.893, 101
Trd, 4318361.793, 100
Trd, 4318362.643, 101
Trd, 4318363.393, 100
Trd, 4318365.243, 100
Trd, 4318365.443, 101
Trd, 4318368.643, 101
Trd, 4318368.943, 103
Trd, 4318369.193, 101
Trd, 4318370.693, 100
Trd, 4318372.893, 103
Trd, 4318373.443, 103
Trd, 4318375.143, 103
Trd, 4318376.093, 102
Trd, 4318377.193, 102
Trd, 4318377.693, 101
Trd, 4318379.743, 111
Trd, 4318380.443, 101
Trd, 4318381.093, 100
Trd, 4318383.743, 102
Trd, 4318386.193, 102
Trd, 4318386.443, 101
Trd, 4318386.543, 99
Trd, 4318387.193, 98
Trd, 4318388.693, 98
Trd, 4318390.093, 103
Trd, 4318390.643, 97
Trd, 4318393.243, 98
Trd, 4318394.743, 98
Trd, 4318395.843, 98
Trd, 4318396.443, 96
Trd, 4318396.743, 95
Trd, 4318396.893, 97
Trd, 4318400.993, 96
Trd, 4318401.543, 95
Trd, 4318402.793, 96
Trd, 4318402.843, 96
Trd, 4318403.293, 105
Trd, 4318403.693, 96
Trd, 4318404.793, 95
Trd, 4318407.643, 94
Trd, 4318408.293, 95
Trd, 4318409.093, 95
Trd, 4318409.793, 95
Trd, 4318410.993, 97
Trd, 4318411.393, 86
Trd, 4318413.043, 94
Trd, 4318413.743, 94
Trd, 4318413.943, 112
Trd, 4318417.293, 96
Trd, 4318417.493, 95
Trd, 4318420.743, 100
Trd, 4318420.793, 100
Trd, 4318420.943, 97
Trd, 4318423.093, 99
Trd, 4318424.893, 101
Trd, 4318425.243, 100
Trd, 4318426.193, 104
Trd, 4318427.443, 103
Trd, 4318429.143, 103
Trd, 4318430.093, 102
Trd, 4318431.243, 100
Trd, 4318432.043, 103
Trd, 4318434.943, 100
Trd, 4318435.293, 102
Trd, 4318435.393, 98
Trd, 4318435.843, 107
Trd, 4318438.193, 95
Trd, 4318439.393, 86
Trd, 4318440.793, 96
Trd, 4318441.443, 95
Trd, 4318441.543, 96
Trd, 4318443.643, 101
Trd, 4318444.393, 100
Trd, 4318444.493, 99
Trd, 4318446.093, 101
Trd, 4318448.193, 106
Trd, 4318448.643, 103
Trd, 4318449.343, 103
Trd, 4318450.143, 101
Trd, 4318450.943, 102
Trd, 4318452.343, 91
Trd, 4318454.243, 89
Trd, 4318455.143, 89
Trd, 4318455.193, 85
Trd, 4318455.243, 113
Trd, 4318457.493, 99
Trd, 4318459.893, 99
Trd, 4318460.043, 101
Trd, 4318462.393, 98
Trd, 4318462.993, 98
Trd, 4318463.893, 99
Trd, 4318465.543, 99
Trd, 4318468.743, 105
Trd, 4318469.243, 104
Trd, 4318470.193, 103
Trd, 4318471.293, 104
Trd, 4318471.593, 104
Trd, 4318473.793, 103
Trd, 4318473.943, 102
Trd, 4318474.093, 85
Trd, 4318475.543, 94
Trd, 4318476.493, 109
Trd, 4318477.843, 94
Trd, 4318479.343, 95
Trd, 4318479.943, 97
Trd, 4318480.693, 102
Trd, 4318481.343, 99
Trd, 4318484.443, 100
Trd, 4318485.143, 99
Trd, 4318486.193, 100
Trd, 4318487.443, 100
Trd, 4318488.293, 99
Trd, 4318490.593, 98
Trd, 4318491.293, 100
Trd, 4318492.193, 98
Trd, 4318492.243, 99
Trd, 4318493.093, 100
Trd, 4318493.843, 101
Trd, 4318495.443, 103
Trd, 4318496.243, 103
Trd, 4318498.393, 104
Trd, 4318499.193, 109
Trd, 4318500.443, 102
Trd, 4318502.693, 109
Trd, 4318504.243, 108
Trd, 4318505.193, 107
Trd, 4318505.293, 109
Trd, 4318506.693, 103
Trd, 4318508.493, 88
Trd, 4318509.643, 88
Trd, 4318511.643, 93
Trd, 4318511.893, 89
Trd, 4318512.943, 91
Trd, 4318514.043, 92
Trd, 4318516.643, 98
Trd, 4318517.493, 102
Trd, 4318519.243, 98
Trd, 4318519.793, 109
Trd, 4318520.293, 100
Trd, 4318520.493, 99
Trd, 4318522.693, 106
Trd, 4318522.943, 99
Trd, 4318524.343, 102
Trd, 4318527.943, 102
Trd, 4318528.393, 102
Trd, 4318529.743, 103
Trd, 4318531.143, 102
Trd, 4318531.393, 112
Trd, 4318532.793, 102
Trd, 4318532.993, 103
Trd, 4318535.643, 103
Trd, 4318536.243, 102
Trd, 4318537.543, 101
Trd, 4318537.593, 103
Trd, 4318538.093, 95
Trd, 4318540.493, 96
Trd, 4318542.593, 95
Trd, 4318543.143, 95
Trd, 4318543.493, 94
Trd, 4318544.793, 94
Trd, 4318546.643, 95
Trd, 4318546.993, 94
Trd, 4318548.593, 93
Trd, 4318550.093, 94
Trd, 4318551.143, 95
Trd, 4318551.943, 95
Trd, 4318552.843, 113
Trd, 4318553.093, 112
Trd, 4318554.293, 113
Trd, 4318554.443, 112
Trd, 4318555.393, 113
Trd, 4318557.843, 111
Trd, 4318558.243, 109
Trd, 4318560.243, 105
Trd, 4318560.793, 95
Trd, 4318563.843, 100
Trd, 4318566.143, 102
Trd, 4318566.193, 102
Trd, 4318567.343, 103
Trd, 4318567.493, 104
Trd, 4318569.243, 104
Trd, 4318569.793, 103
Trd, 4318570.543, 103
Trd, 4318572.043, 104
Trd, 4318572.293, 109
Trd, 4318573.743, 102
Trd, 4318575.843, 90
Trd, 4318578.493, 86
Trd, 4318579.193, 88
Trd, 4318579.293, 89
Trd, 4318580.043, 89
Trd, 4318582.643, 93
Trd, 4318583.093, 104
Trd, 4318585.393, 95
Trd, 4318587.293, 95
Trd, 4318587.843, 93
Trd, 4318590.793, 95
Trd, 4318590.843, 93
Trd, 4318592.343, 96
Trd, 4318593.343, 95
Trd, 4318594.693, 96
Trd, 4318596.343, 100
Trd, 4318597.143, 100
Trd, 4318599.093, 99
Trd, 4318599.443, 89
Trd, 4318600.843, 94
Trd, 4318601.093, 95
Trd, 4318601.843, 100
Trd, 4318604.343, 94
Trd, 4318605.543, 89
Trd, 4318606.643, 89
Trd, 4318608.893, 94
Trd, 4318611.593, 85
Trd, 4318612.193, 87
Trd, 4318612.843, 91
Trd, 4318614.643, 90
Trd, 4318614.993, 89
Trd, 4318615.643, 95
Trd, 4318618.243, 95
Trd, 4318618.693, 95
Trd, 4318619.243, 94
Trd, 4318622.543, 104
Trd, 4318622.593, 103
Trd, 4318623.193, 104
Trd, 4318624.293, 103
Trd, 4318624.393, 102
Trd, 4318624.993, 113
Trd, 4318626.843, 103
Trd, 4318628.193, 104
Trd, 4318628.743, 103
Trd, 4318629.543, 102
Trd, 4318630.443, 100
Trd, 4318633.143, 100
Trd, 4318633.443, 102
Trd, 4318634.543, 102
Trd, 4318636.043, 100
Trd, 4318637.743, 103
Trd, 4318638.643, 103
Trd, 4318639.743, 102
Trd, 4318639.793, 101
Trd, 4318641.143, 102
Trd, 4318641.743, 101
Trd, 4318643.693, 102
Trd, 4318643.943, 87
Trd, 4318645.843, 87
Trd, 4318648.793, 92
Trd, 4318649.193, 90
Trd, 4318649.343, 95
Trd, 4318651.443, 90
Trd, 4318652.493, 91
Trd, 4318654.343, 91
Trd, 4318654.893, 95
Trd, 4318655.243, 94
Trd, 4318657.893, 97
Trd, 4318658.143, 95
Trd, 4318659.493, 88
Trd, 4318661.143, 93
Trd, 4318662.893, 94
Trd, 4318662.993, 96
Trd, 4318665.443, 98
Trd, 4318665.843, 97
Trd, 4318667.093, 103
Trd, 4318667.543, 96
Trd, 4318668.093, 96
Trd, 4318671.593, 100
Trd, 4318673.093, 100
Trd, 4318673.743, 97
Trd, 4318674.493, 100
Trd, 4318677.643, 101
Trd, 4318677.793, 101
Trd, 4318678.393, 100
Trd, 4318679.993, 101
Trd, 4318680.843, 99
Trd, 4318682.643, 89
Trd, 4318684.243, 95
Trd, 4318684.443, 93
Trd, 4318685.593, 92
Trd, 4318687.043, 95
Trd, 4318687.743, 96
Trd, 4318689.043, 102
Trd, 4318691.593, 102
Trd, 4318692.443, 101
Trd, 4318694.293, 101
Trd, 4318694.893, 99
Trd, 4318696.443, 105
Trd, 4318698.543, 103
Trd, 4318698.793, 102
Trd, 4318699.393, 106
Trd, 4318701.293, 107
Trd, 4318702.293, 106
Trd, 4318703.443, 109
Trd, 4318703.543, 103
Trd, 4318703.793, 110
Trd, 4318704.293, 104
Trd, 4318706.093, 109
Trd, 4318707.143, 106
Trd, 4318709.093, 105
Trd, 4318711.693, 105
Trd, 4318712.143, 105
Trd, 4318714.243, 104
Trd, 4318715.493, 105
Trd, 4318716.893, 104
Trd, 4318717.143, 104
Trd, 4318718.943, 102
Trd, 4318719.993, 104
Trd, 4318720.443, 102
Trd, 4318722.143, 103
Trd, 4318722.993, 102
Trd, 4318723.143, 102
Trd, 4318725.593, 102
Trd, 4318727.643, 101
Trd, 4318727.843, 100
Trd, 4318729.743, 102
Trd, 4318729.993, 104
Trd, 4318730.043, 95
Trd, 4318732.393, 88
Trd, 4318732.843, 98
Trd, 4318734.243, 87
Trd, 4318737.143, 96
Trd, 4318737.793, 95
Trd, 4318738.293, 95
Trd, 4318739.443, 95
Trd, 4318739.593, 96
Trd, 4318740.493, 97
Trd, 4318741.543, 113
Trd, 4318742.693, 99
Trd, 4318744.043, 98
Trd, 4318746.093, 101
Trd, 4318747.893, 101
Trd, 4318748.043, 95
Trd, 4318750.093, 100
Trd, 4318750.693, 99
Trd, 4318751.993, 97
Trd, 4318752.643, 100
Trd, 4318754.293, 86
Trd, 4318757.043, 98
Trd, 4318757.793, 98
Trd, 4318758.693, 97
Trd, 4318760.493, 99
Trd, 4318761.593, 96
Trd, 4318761.643, 96
Trd, 4318763.593, 98
Trd, 4318765.543, 97
Trd, 4318766.793, 106
Trd, 4318767.593, 112
Trd, 4318768.193, 110
Trd, 4318768.543, 110
Trd, 4318769.093, 109
Trd, 4318770.093, 96
Trd, 4318772.743, 97
Trd, 4318774.493, 101
Trd, 4318775.243, 103
Trd, 4318777.243, 102
Trd, 4318778.743, 99
Trd, 4318778.793, 85
Trd, 4318780.343, 94
Trd, 4318780.693, 95
Trd, 4318782.893, 96
Trd, 4318783.293, 84
Trd, 4318784.693, 97
Trd, 4318786.393, 97
Trd, 4318787.693, 96
Trd, 4318789.343, 96
Trd, 4318791.293, 95
Trd, 4318791.693, 95
Trd, 4318792.293, 96
Trd, 4318794.493, 101
Trd, 4318794.993, 99
Trd, 4318796.743, 93
Trd, 4318797.493, 92
Trd, 4318799.343, 97
Trd, 4318799.643, 96
Trd, 4318801.243, 101
Trd, 4318801.593, 99
Trd, 4318804.093, 98
Trd, 4318804.893, 98
Trd, 4318805.743, 101
Trd, 4318808.843, 102
Trd, 4318809.193, 101
Trd, 4318811.393, 100
Trd, 4318812.143, 99
Trd, 4318812.293, 95
Trd, 4318813.793, 100
Trd, 4318815.393, 97
Trd, 4318817.143, 96
Trd, 4318817.443, 98
Trd, 4318817.493, 95
Trd, 4318818.043, 97
Trd, 4318819.493, 95
Trd, 4318821.193, 105
Trd, 4318821.343, 95
Trd, 4318821.543, 85
Trd, 4318824.443, 96
Trd, 4318824.993, 97
Trd, 4318826.043, 97
Trd, 4318826.993, 98
Trd, 4318827.743, 97
Trd, 4318829.743, 99
Trd, 4318830.643, 110
Trd, 4318830.893, 104
Trd, 4318831.993, 101
Trd, 4318832.393, 98
Trd, 4318834.293, 104
Trd, 4318835.293, 98
Trd, 4318837.693, 104
Trd, 4318837.893, 103
Trd, 4318839.793, 102
Trd, 4318840.593, 104
Trd, 4318841.343, 103
Trd, 4318843.243, 103
Trd, 4318843.393, 104
Trd, 4318844.343, 102
Trd, 4318844.543, 104
Trd, 4318846.393, 103
Trd, 4318847.243, 102
Trd, 4318848.293, 103
Trd, 4318848.343, 102
Trd, 4318850.143, 101
Trd, 4318852.993, 93
Trd, 4318853.293, 94
Trd, 4318855.993, 94
Trd, 4318856.593, 95
Trd, 4318858.143, 95
Trd, 4318858.793, 113
Trd, 4318860.393, 113
Trd, 4318860.443, 108
Trd, 4318862.293, 106
Trd, 4318862.693, 104
Trd, 4318863.893, 104
Trd, 4318865.443, 103
Trd, 4318865.893, 111
Trd, 4318868.493, 103
Trd, 4318869.793, 104
Trd, 4318870.193, 99
Trd, 4318871.243, 104
Trd, 4318872.393, 101
Trd, 4318874.293, 101
Trd, 4318874.543, 101
Trd, 4318876.943, 100
Trd, 4318877.543, 85
Trd, 4318878.343, 93
Trd, 4318879.593, 86
Trd, 4318879.693, 84
Trd, 4318880.993, 86
Trd, 4318883.543, 94
Trd, 4318884.043, 94
Trd, 4318885.543, 95
Trd, 4318885.943, 94
Trd, 4318886.343, 84
Trd, 4318887.893, 95
Trd, 4318888.893, 96
Trd, 4318889.243, 93
Trd, 4318890.793, 104
Trd, 4318892.693, 105
Trd, 4318893.443, 104
Trd, 4318894.493, 113
Trd, 4318896.343, 104
Trd, 4318897.543, 105
Trd, 4318898.743, 105
Trd, 4318900.293, 113
Trd, 4318901.093, 112
Trd, 4318901.943, 105
Trd, 4318902.143, 103
Trd, 4318905.993, 106
Trd, 4318906.493, 105
Trd, 4318907.543, 106
Trd, 4318909.343, 105
Trd, 4318909.843, 103
Trd, 4318910.243, 87
Trd, 4318910.843, 106
Trd, 4318914.343, 99
Trd, 4318915.443, 101
Trd, 4318915.893, 98
Trd, 4318916.693, 97
Trd, 4318917.993, 99
Trd, 4318918.343, 98
Trd, 4318921.693, 99
Trd, 4318923.393, 104
Trd, 4318924.593, 103
Trd, 4318924.693, 102
Trd, 4318924.893, 105
Trd, 4318926.693, 89
Trd, 4318928.043, 98
Trd, 4318928.843, 98
Trd, 4318930.443, 97
Trd, 4318932.493, 98
Trd, 4318932.793, 96
Trd, 4318933.143, 75
Trd, 4318936.943, 90
Trd, 4318937.943, 90
Trd, 4318939.193, 89
Trd, 4318940.143, 90
Trd, 4318941.893, 88
Trd, 4318942.643, 91
Trd, 4318944.443, 95
Trd, 4318945.193, 96
Trd, 4318945.943, 97
Trd, 4318946.943, 99
Trd, 4318947.643, 98
Trd, 4318947.693, 99
Trd, 4318950.693, 102
Trd, 4318952.093, 103
Trd, 4318953.043, 111
Trd, 4318953.093, 104
Trd, 4318955.243, 105
Trd, 4318956.393, 102
Trd, 4318957.743, 108
Trd, 4318958.793, 102
Trd, 4318960.343, 97
Trd, 4318960.693, 89
Trd, 4318962.093, 93
Trd, 4318963.343, 92
Trd, 4318964.843, 81
Trd, 4318964.993, 85
Trd, 4318965.393, 86
Trd, 4318967.143, 87
Trd, 4318968.793, 88
Trd, 4318968.993, 95
Trd, 4318971.543, 95
Trd, 4318972.943, 100
Trd, 4318973.843, 99
Trd, 4318974.193, 100
Trd, 4318974.943, 100
Trd, 4318977.343, 104
Trd, 4318977.843, 102
Trd, 4318980.493, 103
Trd, 4318980.643, 101
Trd, 4318981.693, 106
Trd, 4318981.993, 113
Trd, 4318982.643, 108
Trd, 4318983.593, 105
Trd, 4318984.093, 104
Trd, 4318985.643, 105
Trd, 4318987.293, 102
Trd, 4318987.643, 95
Trd, 4318988.893, 99
Trd, 4318989.693, 99
Trd, 4318992.693, 100
Trd, 4318992.993, 99
Trd, 4318994.143, 99
Trd, 4318995.493, 98
Trd, 4318996.443, 98
Trd, 4318998.793, 107
Trd, 4318999.743, 108
Trd, 4318999.793, 107
Trd, 4319000.893, 103
Trd, 4319002.443, 95
Trd, 4319002.943, 100
Trd, 4319003.593, 95
Trd, 4319006.043, 87
Trd, 4319006.793, 95
Trd, 4319007.493, 95
Trd, 4319008.193, 94
Trd, 4319009.043, 101
Trd, 4319009.343, 112
Trd, 4319010.593, 109
Trd, 4319011.393, 108
Trd, 4319012.793, 103
Trd, 4319013.993, 108
Trd, 4319016.293, 94
Trd, 4319017.393, 100
Trd, 4319019.193, 100
Trd, 4319019.643, 101
Trd, 4319020.493, 102
Trd, 4319021.493, 101
Trd, 4319022.793, 95
Trd, 4319023.093, 85
Trd, 4319026.943, 97
Trd, 4319027.843, 98
Trd, 4319028.243, 97
Trd, 4319029.843, 97
Trd, 4319032.043, 96
Trd, 4319033.793, 96
Trd, 4319034.043, 95
Trd, 4319035.693, 97
Trd, 4319036.443, 95
Trd, 4319037.243, 112
Trd, 4319037.443, 95
Trd, 4319040.243, 100
Trd, 4319041.293, 99
Trd, 4319041.543, 100
Trd, 4319044.643, 102
Trd, 4319045.093, 100
Trd, 4319045.143, 98
Trd, 4319047.143, 102
Trd, 4319048.593, 98
Trd, 4319051.693, 100
Trd, 4319052.043, 99
Trd, 4319053.193, 98
Trd, 4319053.493, 112
Trd, 4319055.043, 103
Trd, 4319055.093, 102
Trd, 4319056.143, 95
Trd, 4319058.493, 101
Trd, 4319058.943, 100
Trd, 4319059.143, 101
Trd, 4319061.593, 99
Trd, 4319062.393, 99
Trd, 4319063.593, 98
Trd, 4319064.793, 98
Trd, 4319065.093, 97
Trd, 4319066.393, 88
Trd, 4319069.693, 95
Trd, 4319069.893, 95
Trd, 4319071.643, 101
Trd, 4319072.093, 100
Trd, 4319074.293, 99
Trd, 4319075.243, 100
Trd, 4319075.493, 100
Trd, 4319077.093, 99
Trd, 4319077.893, 99
Trd, 4319080.293, 100
Trd, 4319080.393, 99
Trd, 4319080.893, 102
Trd, 4319082.443, 100
Trd, 4319082.693, 95
Trd, 4319084.093, 101
Trd, 4319086.643, 96
Trd, 4319087.493, 95
Trd, 4319087.693, 95
Trd, 4319089.493, 97
Trd, 4319090.643, 113
Trd, 4319090.893, 95
Trd, 4319092.443, 95
Trd, 4319093.093, 98
Trd, 4319095.393, 97
Trd, 4319096.493, 92
Trd, 4319096.793, 91
Trd, 4319098.243, 92
Trd, 4319098.343, 108
Trd, 4319101.193, 94
Trd, 4319101.643, 93
Trd, 4319101.743, 92
Trd, 4319102.943, 95
Trd, 4319103.393, 96
Trd, 4319105.843, 85
Trd, 4319107.543, 97
Trd, 4319107.743, 105
Trd, 4319108.643, 98
Trd, 4319109.843, 97
Trd, 4319110.143, 96
Trd, 4319110.943, 96
Trd, 4319111.193, 96
Trd, 4319111.693, 113
Trd, 4319113.243, 103
Trd, 4319116.243, 95
Trd, 4319117.243, 113
Trd, 4319117.693, 113
Trd, 4319118.443, 105
Trd, 4319119.743, 105
Trd, 4319119.793, 95
Trd, 4319122.793, 103
Trd, 4319122.993, 104
Trd, 4319124.693, 105
Trd, 4319125.793, 104
Trd, 4319127.343, 105
Trd, 4319127.793, 103
Trd, 4319129.193, 95
Trd, 4319131.543, 92
Trd, 4319132.093, 88
Trd, 4319132.893, 92
Trd, 4319134.893, 92
Trd, 4319135.893, 92
Trd, 4319137.443, 94
Trd, 4319137.843, 95
Trd, 4319139.793, 97
Trd, 4319140.643, 100
Trd, 4319141.843, 99
Trd, 4319143.193, 98
Trd, 4319144.143, 100
Trd, 4319147.193, 98
Trd, 4319147.843, 98
Trd, 4319148.193, 97
Trd, 4319149.093, 98
Trd, 4319150.143, 98
Trd, 4319151.793, 98
Trd, 4319153.793, 98
Trd, 4319155.093, 95
Trd, 4319155.743, 97
Trd, 4319157.593, 88
Trd, 4319159.343, 91
Trd, 4319160.893, 97
Trd, 4319160.943, 96
Trd, 4319161.593, 88
Trd, 4319163.443, 100
Trd, 4319163.493, 87
Trd, 4319165.493, 95
Trd, 4319167.343, 97
Trd, 4319167.643, 97
Trd, 4319168.643, 96
Trd, 4319169.093, 98
Trd, 4319171.743, 95
Trd, 4319172.993, 97
Trd, 4319174.693, 97
Trd, 4319175.893, 98
Trd, 4319175.993, 97
Trd, 4319178.343, 97
Trd, 4319179.093, 96
Trd, 4319180.343, 97
Trd, 4319181.743, 95
Trd, 4319182.293, 96
Trd, 4319183.243, 94
Trd, 4319183.593, 104
Trd, 4319187.093, 91
Trd, 4319187.193, 93
Trd, 4319187.843, 91
Trd, 4319189.243, 94
Trd, 4319190.393, 93
Trd, 4319191.393, 94
Trd, 4319193.143, 94
Trd, 4319193.643, 94
Trd, 4319195.743, 95
Trd, 4319196.293, 94
Trd, 4319197.993, 101
Trd, 4319198.493, 95
Trd, 4319201.093, 99
Trd, 4319201.693, 98
Trd, 4319202.443, 98
Trd, 4319205.543, 100
Trd, 4319205.643, 99
Trd, 4319206.693, 100
Trd, 4319208.793, 89
Trd, 4319210.543, 100
Trd, 4319212.043, 102
Trd, 4319212.143, 101
Trd, 4319214.743, 99
Trd, 4319214.793, 100
Trd, 4319215.043, 95
Trd, 4319216.293, 95
Trd, 4319217.893, 101
Trd, 4319220.193, 101
Trd, 4319220.693, 101
Trd, 4319221.293, 102
Trd, 4319221.543, 100
Trd, 4319224.543, 98
Trd, 4319225.743, 96
Trd, 4319226.043, 98
Trd, 4319226.793, 97
Trd, 4319226.993, 99
Trd, 4319228.443, 89
Trd, 4319229.543, 91
Trd, 4319231.293, 89
Trd, 4319231.393, 95
Trd, 4319232.793, 85
Trd, 4319234.843, 92
Trd, 4319235.343, 92
Trd, 4319236.543, 95
Trd, 4319236.593, 92
Trd, 4319237.093, 106
Trd, 4319239.343, 95
Trd, 4319239.443, 94
Trd, 4319241.893, 94
Trd, 4319243.593, 94
Trd, 4319243.893, 95
Trd, 4319244.743, 95
Trd, 4319245.143, 94
Trd, 4319246.543, 104
Trd, 4319249.743, 95
Trd, 4319250.293, 93
Trd, 4319251.143, 98
Trd, 4319252.593, 95
Trd, 4319253.593, 95
Trd, 4319254.493, 96
Trd, 4319255.343, 98
Trd, 4319255.793, 97
Trd, 4319257.643, 110
Trd, 4319261.293, 97
Trd, 4319262.043, 95
Trd, 4319262.143, 95
Trd, 4319262.243, 97
Trd, 4319263.243, 85
Trd, 4319264.993, 97
Trd, 4319266.843, 97
Trd, 4319267.793, 96
Trd, 4319268.643, 96
Trd, 4319268.693, 95
Trd, 4319271.393, 95
Trd, 4319272.393, 96
Trd, 4319272.793, 96
Trd, 4319273.943, 95
Trd, 4319274.393, 92
Trd, 4319275.393, 105
Trd, 4319276.243, 87
Trd, 4319277.893, 105
Trd, 4319280.093, 88
Trd, 4319280.993, 86
Trd, 4319281.643, 87
Trd, 4319282.243, 86
Trd, 4319285.293, 93
Trd, 4319286.593, 95
Trd, 4319287.093, 97
Trd, 4319287.343, 94
Trd, 4319287.593, 90
Trd, 4319288.893, 75
Trd, 4319291.343, 95
Trd, 4319293.493, 99
Trd, 4319293.943, 99
Trd, 4319294.193, 101
Trd, 4319295.493, 98
Trd, 4319296.293, 97
Trd, 4319296.743, 113
Trd, 4319299.343, 100
Trd, 4319300.693, 101
Trd, 4319301.793, 100
Trd, 4319301.843, 97
Trd, 4319303.143, 95
Trd, 4319304.193, 100
Trd, 4319306.893, 97
Trd, 4319307.093, 95
Trd, 4319307.893, 89
Trd, 4319308.593, 95
Trd, 4319308.893, 95
Trd, 4319309.893, 95
Trd, 4319310.693, 96
Trd, 4319311.293, 108
Trd, 4319312.843, 95
Trd, 4319313.893, 101
Trd, 4319316.193, 95
Trd, 4319317.643, 98
Trd, 4319318.293, 99
Trd, 4319318.743, 98
Trd, 4319321.293, 101
Trd, 4319321.843, 98
Trd, 4319322.643, 98
Trd, 4319323.443, 97
Trd, 4319323.543, 95
Trd, 4319323.743, 99
Trd, 4319325.493, 85
Trd, 4319327.693, 98
Trd, 4319328.793, 99
Trd, 4319329.893, 99
Trd, 4319330.543, 100
Trd, 4319331.593, 99
Trd, 4319334.893, 103
Trd, 4319336.143, 102
Trd, 4319336.743, 99
Trd, 4319338.193, 100
Trd, 4319339.893, 112
Trd, 4319340.643, 102
Trd, 4319341.293, 100
Trd, 4319342.193, 96
Trd, 4319342.743, 95
Trd, 4319346.693, 98
Trd, 4319347.543, 96
Trd, 4319347.843, 96
Trd, 4319348.593, 85
Trd, 4319348.843, 86
Trd, 4319349.893, 97
Trd, 4319350.943, 86
Trd, 4319351.843, 104
Trd, 4319354.443, 89
Trd, 4319354.543, 97
Trd, 4319355.143, 91
Trd, 4319358.793, 104
Trd, 4319359.993, 101
Trd, 4319360.693, 101
Trd, 4319361.393, 96
Trd, 4319364.893, 100
Trd, 4319365.693, 99
Trd, 4319367.243, 99
Trd, 4319368.043, 100
Trd, 4319370.043, 98
Trd, 4319370.343, 97
Trd, 4319370.793, 98
Trd, 4319372.493, 98
Trd, 4319372.593, 100
Trd, 4319376.393, 98
Trd, 4319376.593, 100
Trd, 4319377.693, 101
Trd, 4319378.593, 98
Trd, 4319378.893, 95
Trd, 4319379.593, 106
Trd, 4319381.443, 97
Trd, 4319384.493, 98
Trd, 4319384.543, 99
Trd, 4319385.643, 105
Trd, 4319386.243, 98
Trd, 4319388.943, 102
Trd, 4319389.043, 100
Trd, 4319391.493, 96
Trd, 4319392.593, 97
Trd, 4319392.793, 97
Trd, 4319393.743, 97
Trd, 4319395.693, 96
Trd, 4319395.943, 96
Trd, 4319396.043, 111
Trd, 4319401.593, 99
Trd, 4319401.743, 98
Trd, 4319402.843, 99
Trd, 4319403.243, 88
Trd, 4319404.793, 91
Trd, 4319406.093, 91
Trd, 4319406.993, 91
Trd, 4319407.743, 90
Trd, 4319410.193, 91
Trd, 4319411.293, 94
Trd, 4319412.293, 94
Trd, 4319413.093, 95
Trd, 4319413.393, 96
Trd, 4319414.143, 96
Trd, 4319414.943, 97
Trd, 4319416.193, 87
Trd, 4319417.893, 95
Trd, 4319418.993, 107
Trd, 4319419.393, 101
Trd, 4319421.143, 112
Trd, 4319421.543, 114
Trd, 4319422.593, 103
Trd, 4319424.293, 109
Trd, 4319424.643, 107
Trd, 4319425.443, 105
Trd, 4319426.093, 107
Trd, 4319427.393, 87
Trd, 4319428.993, 94
Trd, 4319429.893, 94
Trd, 4319431.343, 92
Trd, 4319432.143, 91
Trd, 4319432.693, 92
Trd, 4319433.593, 93
Trd, 4319434.743, 95
Trd, 4319436.193, 97
Trd, 4319438.243, 103
Trd, 4319439.143, 103
Trd, 4319439.293, 100
Trd, 4319439.693, 95
Trd, 4319442.243, 98
Trd, 4319442.593, 97
Trd, 4319443.543, 96
Trd, 4319443.693, 96
Trd, 4319445.443, 98
Trd, 4319448.343, 97
Trd, 4319449.193, 97
Trd, 4319449.543, 98
Trd, 4319450.643, 96
Trd, 4319452.493, 95
Trd, 4319454.293, 95
Trd, 4319454.493, 96
Trd, 4319454.693, 106
Trd, 4319455.343, 101
Trd, 4319456.693, 100
Trd, 4319458.943, 107
Trd, 4319460.643, 100
Trd, 4319463.243, 101
Trd, 4319464.843, 94
Trd, 4319465.793, 94
Trd, 4319466.093, 94
Trd, 4319466.293, 95
Trd, 4319466.543, 94
Trd, 4319467.393, 96
Trd, 4319468.593, 88
Trd, 4319469.893, 93
Trd, 4319470.143, 95
Trd, 4319471.393, 105
Trd, 4319474.643, 104
Trd, 4319476.093, 102
Trd, 4319476.143, 103
Trd, 4319476.843, 101
Trd, 4319477.643, 102
Trd, 4319477.943, 97
Trd, 4319479.393, 88
Trd, 4319481.093, 88
Trd, 4319483.643, 91
Trd, 4319484.193, 96
Trd, 4319484.893, 93
Trd, 4319487.193, 94
Trd, 4319487.243, 92
Trd, 4319488.293, 94
Trd, 4319489.293, 94
Trd, 4319491.043, 96
Trd, 4319491.743, 95
Trd, 4319493.343, 95
Trd, 4319493.443, 96
Trd, 4319495.293, 96
Trd, 4319498.543, 96
Trd, 4319498.893, 97
Trd, 4319500.543, 96
Trd, 4319501.193, 95
Trd, 4319502.243, 97
Trd, 4319502.443, 96
Trd, 4319503.893, 97
Trd, 4319503.943, 96
Trd, 4319505.893, 96
Trd, 4319507.493, 97
Trd, 4319508.093, 107
Trd, 4319509.793, 98
Trd, 4319511.843, 96
Trd, 4319513.543, 97
Trd, 4319514.693, 100
Trd, 4319515.843, 101
Trd, 4319516.693, 100
Trd, 4319517.643, 96
Trd, 4319518.843, 99
Trd, 4319519.843, 98
Trd, 4319521.493, 97
Trd, 4319522.793, 97
Trd, 4319524.493, 85
Trd, 4319526.493, 86
Trd, 4319527.293, 89
Trd, 4319527.693, 90
Trd, 4319528.893, 97
Trd, 4319530.693, 97
Trd, 4319532.343, 100
Trd, 4319532.743, 101
Trd, 4319532.993, 95
Trd, 4319534.893, 100
Trd, 4319535.193, 96
Trd, 4319538.243, 95
Trd, 4319539.693, 102
Trd, 4319540.193, 102
Trd, 4319541.743, 101
Trd, 4319542.193, 103
Trd, 4319545.393, 104
Trd, 4319546.043, 102
Trd, 4319546.643, 107
Trd, 4319547.893, 101
Trd, 4319548.893, 105
Trd, 4319550.193, 101
Trd, 4319552.093, 101
Trd, 4319552.293, 102
Trd, 4319554.193, 101
Trd, 4319554.293, 100
Trd, 4319556.893, 102
Trd, 4319558.543, 101
Trd, 4319559.293, 100
Trd, 4319560.343, 99
Trd, 4319561.893, 102
Trd, 4319562.143, 100
Trd, 4319563.243, 99
Trd, 4319564.243, 100
Trd, 4319566.943, 99
Trd, 4319567.443, 99
Trd, 4319567.993, 100
Trd, 4319570.043, 100
Trd, 4319570.843, 101
Trd, 4319570.893, 98
Trd, 4319574.493, 98
Trd, 4319575.593, 102
Trd, 4319576.593, 100
Trd, 4319578.243, 100
Trd, 4319580.093, 102
Trd, 4319580.143, 113
Trd, 4319580.343, 100
Trd, 4319584.443, 101
Trd, 4319584.943, 101
Trd, 4319585.293, 95
Trd, 4319587.593, 106
Trd, 4319589.743, 101
Trd, 4319590.343, 100
Trd, 4319591.293, 101
Trd, 4319592.043, 100
Trd, 4319592.943, 100
Trd, 4319595.793, 99
Trd, 4319596.493, 85
Trd, 4319597.393, 88
Trd, 4319597.843, 80
Trd, 4319599.793, 93
Trd, 4319600.443, 99
Trd, 4319601.343, 92
Trd, 4319604.743, 91
Trd, 4319605.293, 90
Trd, 4319605.593, 90
Trd, 4319606.943, 90
Trd, 4319608.743, 93
Trd, 4319609.743, 95
Trd, 4319610.943, 101
Trd, 4319610.993, 92
Trd, 4319612.393, 85
Trd, 4319612.493, 86
Trd, 4319612.993, 75
Trd, 4319614.643, 97
Trd, 4319615.543, 108
Trd, 4319616.893, 97
Trd, 4319618.443, 100
Trd, 4319620.343, 98
Trd, 4319621.043, 97
Trd, 4319621.093, 95
Trd, 4319622.943, 99
Trd, 4319623.443, 95
Trd, 4319624.393, 116
Trd, 4319625.293, 115
Trd, 4319627.093, 117
Trd, 4319629.493, 119
Trd, 4319631.043, 115
Trd, 4319631.293, 113
Trd, 4319631.893, 108
Trd, 4319633.443, 107
Trd, 4319635.543, 106
Trd, 4319635.893, 108
Trd, 4319637.843, 105
Trd, 4319639.043, 103
Trd, 4319639.843, 100
Trd, 4319640.593, 101
Trd, 4319641.643, 100
Trd, 4319642.893, 95
Trd, 4319642.993, 102
Trd, 4319647.493, 103
Trd, 4319647.693, 103
Trd, 4319647.993, 102
Trd, 4319648.393, 100
Trd, 4319648.843, 110
Trd, 4319649.993, 104
Trd, 4319651.943, 103
Trd, 4319653.243, 103
Trd, 4319654.143, 101
Trd, 4319656.393, 99
Trd, 4319656.693, 100
Trd, 4319657.293, 100
Trd, 4319657.543, 99
Trd, 4319658.443, 106
Trd, 4319660.443, 98
Trd, 4319660.843, 114
Trd, 4319660.993, 113
Trd, 4319662.993, 87
Trd, 4319664.343, 98
Trd, 4319666.393, 98
Trd, 4319666.893, 97
Trd, 4319667.793, 99
Trd, 4319669.993, 100
Trd, 4319670.893, 102
Trd, 4319672.643, 103
Trd, 4319672.843, 99
Trd, 4319674.043, 103
Trd, 4319675.643, 107
Trd, 4319677.743, 103
Trd, 4319678.143, 97
Trd, 4319678.393, 96
Trd, 4319679.243, 110
Trd, 4319680.843, 98
Trd, 4319681.093, 98
Trd, 4319681.643, 74
Trd, 4319684.393, 98
Trd, 4319685.943, 93
Trd, 4319687.843, 104
Trd, 4319688.793, 114
Trd, 4319689.993, 113
Trd, 4319690.093, 112
Trd, 4319693.343, 103
Trd, 4319693.993, 104
Trd, 4319694.693, 105
Trd, 4319694.993, 103
Trd, 4319695.043, 113
Trd, 4319697.443, 102
Trd, 4319697.943, 99
Trd, 4319698.443, 101
Trd, 4319700.093, 103
Trd, 4319700.143, 99
Trd, 4319702.443, 100
Trd, 4319702.543, 102
Trd, 4319703.443, 98
Trd, 4319703.743, 79
Trd, 4319705.643, 112
Trd, 4319707.643, 90
Trd, 4319708.393, 83
Trd, 4319709.593, 93
Trd, 4319709.943, 95
Trd, 4319711.493, 104
Trd, 4319711.743, 103
Trd, 4319711.793, 103
Trd, 4319712.843, 89
Trd, 4319713.443, 87
Trd, 4319715.243, 102
Trd, 4319717.543, 96
Trd, 4319718.043, 97
Trd, 4319719.193, 96
Trd, 4319720.293, 96
Trd, 4319721.143, 95
Trd, 4319723.143, 96
Trd, 4319723.193, 97
Trd, 4319723.693, 85
Trd, 4319724.293, 89
Trd, 4319726.143, 93
Trd, 4319727.893, 93
Trd, 4319728.743, 92
Trd, 4319729.243, 91
Trd, 4319730.293, 94
Trd, 4319731.543, 95
Trd, 4319733.443, 94
Trd, 4319733.793, 91
Trd, 4319734.443, 95
Trd, 4319736.743, 95
Trd, 4319736.893, 94
Trd, 4319737.493, 96
Trd, 4319739.393, 93
Trd, 4319740.443, 95
Trd, 4319741.193, 94
Trd, 4319742.043, 94
Trd, 4319742.543, 93
Trd, 4319742.793, 95
Trd, 4319743.393, 84
Trd, 4319746.943, 96
Trd, 4319749.693, 96
Trd, 4319750.543, 95
Trd, 4319751.643, 88
Trd, 4319752.143, 90
Trd, 4319753.743, 89
Trd, 4319754.293, 95
Trd, 4319755.793, 89
Trd, 4319758.193, 86
Trd, 4319758.893, 88
Trd, 4319759.093, 88
Trd, 4319760.093, 95
Trd, 4319760.993, 87
Trd, 4319763.543, 94
Trd, 4319763.643, 113
Trd, 4319765.043, 102
Trd, 4319766.643, 101
Trd, 4319766.843, 100
Trd, 4319767.393, 112
Trd, 4319770.493, 102
Trd, 4319772.293, 102
Trd, 4319772.643, 101
Trd, 4319773.093, 103
Trd, 4319774.793, 105
Trd, 4319774.993, 104
Trd, 4319778.793, 104
Trd, 4319779.693, 104
Trd, 4319779.943, 103
Trd, 4319780.193, 101
Trd, 4319781.793, 88
Trd, 4319782.193, 92
Trd, 4319782.293, 96
Trd, 4319782.993, 93
Trd, 4319785.343, 93
Trd, 4319786.643, 95
Trd, 4319787.993, 95
Trd, 4319788.143, 95
Trd, 4319788.493, 96
Trd, 4319791.893, 93
Trd, 4319793.343, 94
Trd, 4319793.493, 93
Trd, 4319793.793, 86
Trd, 4319795.393, 88
Trd, 4319796.493, 85
Trd, 4319799.043, 95
Trd, 4319800.293, 95
Trd, 4319801.143, 95
Trd, 4319801.443, 89
Trd, 4319803.893, 88
Trd, 4319804.193, 88
Trd, 4319804.443, 105
Trd, 4319805.593, 85
Trd, 4319806.793, 86
Trd, 4319807.543, 86
Trd, 4319811.193, 84
Trd, 4319811.643, 86
Trd, 4319813.293, 95
Trd, 4319813.493, 88
Trd, 4319813.843, 87
Trd, 4319815.143, 92
Trd, 4319815.643, 78
Trd, 4319818.343, 93
Trd, 4319820.493, 90
Trd, 4319821.143, 94
Trd, 4319823.193, 93
Trd, 4319824.443, 93
Trd, 4319825.093, 92
Trd, 4319826.443, 92
Trd, 4319827.793, 94
Trd, 4319828.993, 98
Trd, 4319829.243, 96
Trd, 4319831.693, 99
Trd, 4319832.243, 99
Trd, 4319834.143, 97
Trd, 4319834.893, 97
Trd, 4319835.043, 97
Trd, 4319836.143, 95
Trd, 4319836.593, 88
Trd, 4319837.943, 88
Trd, 4319841.493, 97
Trd, 4319842.143, 99
Trd, 4319842.643, 98
Trd, 4319845.093, 98
Trd, 4319845.493, 99
Trd, 4319846.793, 98
Trd, 4319847.443, 99
Trd, 4319848.443, 97
Trd, 4319848.993, 96
Trd, 4319852.043, 98
Trd, 4319852.543, 97
Trd, 4319852.943, 96
Trd, 4319854.343, 99
Trd, 4319855.993, 113
Trd, 4319858.543, 99
Trd, 4319861.243, 99
Trd, 4319861.793, 100
Trd, 4319862.843, 98
Trd, 4319864.643, 97
Trd, 4319865.843, 96
Trd, 4319866.743, 96
Trd, 4319867.343, 95
Trd, 4319868.243, 95
Trd, 4319868.593, 96
Trd, 4319869.843, 96
Trd, 4319870.443, 97
Trd, 4319873.043, 97
Trd, 4319874.143, 96
Trd, 4319876.093, 99
Trd, 4319876.143, 106
Trd, 4319877.593, 101
Trd, 4319878.443, 102
Trd, 4319878.893, 100
Trd, 4319880.043, 95
Trd, 4319882.593, 88
Trd, 4319883.493, 94
Trd, 4319883.843, 94
Trd, 4319884.643, 94
Trd, 4319885.343, 93
Trd, 4319886.243, 92
Trd, 4319888.043, 94
Trd, 4319888.593, 95
Trd, 4319891.443, 96
Trd, 4319892.293, 95
Trd, 4319892.993, 97
Trd, 4319894.143, 104
Trd, 4319894.443, 97
Trd, 4319895.343, 91
Trd, 4319895.743, 93
Trd, 4319896.843, 87
Trd, 4319898.193, 94
Trd, 4319901.143, 95
Trd, 4319901.393, 94
Trd, 4319902.393, 98
Trd, 4319904.093, 98
Trd, 4319905.793, 96
Trd, 4319906.043, 95
Trd, 4319906.643, 97
Trd, 4319908.093, 95
Trd, 4319909.043, 94
Trd, 4319911.043, 94
Trd, 4319913.193, 93
Trd, 4319913.593, 95
Trd, 4319915.293, 102
Trd, 4319916.543, 102
Trd, 4319918.293, 103
Trd, 4319918.693, 102
Trd, 4319919.043, 95
Trd, 4319920.793, 95
Trd, 4319922.493, 93
Trd, 4319922.793, 97
Trd, 4319922.843, 93
Trd, 4319924.443, 94
Trd, 4319924.943, 98
Trd, 4319927.893, 98
Trd, 4319928.593, 98
Trd, 4319930.593, 100
Trd, 4319931.643, 100
Trd, 4319932.293, 100
Trd, 4319932.593, 101
Trd, 4319932.893, 109
Trd, 4319933.093, 95
Trd, 4319935.643, 91
Trd, 4319936.043, 89
Trd, 4319937.693, 104
Trd, 4319938.743, 105
Trd, 4319939.443, 97
Trd, 4319940.543, 111
Trd, 4319942.443, 103
Trd, 4319944.893, 102
Trd, 4319945.893, 104
Trd, 4319946.693, 103
Trd, 4319948.143, 102
Trd, 4319949.043, 101
Trd, 4319950.993, 92
Trd, 4319952.143, 88
Trd, 4319952.993, 84
Trd, 4319954.793, 86
Trd, 4319956.093, 86
Trd, 4319956.243, 95
Trd, 4319957.393, 91
Trd, 4319960.043, 95
Trd, 4319961.993, 96
Trd, 4319962.243, 95
Trd, 4319963.643, 106
Trd, 4319964.193, 98
Trd, 4319965.693, 100
Trd, 4319966.043, 99
Trd, 4319967.043, 86
Trd, 4319969.093, 93
Trd, 4319970.193, 95
Trd, 4319971.993, 93
Trd, 4319974.543, 104
Trd, 4319975.593, 95
Trd, 4319977.543, 98
Trd, 4319977.693, 95
Trd, 4319978.943, 97
Trd, 4319979.393, 100
Trd, 4319980.443, 102
Trd, 4319981.893, 102
Trd, 4319983.593, 102
Trd, 4319983.693, 104
Trd, 4319984.043, 95
Trd, 4319986.443, 100
Trd, 4319987.043, 99
Trd, 4319988.293, 97
Trd, 4319989.093, 99
Trd, 4319990.393, 100
Trd, 4319990.943, 101
Trd, 4319993.593, 99
Trd, 4319994.993, 100
Trd, 4319995.043, 99
Trd, 4319996.193, 95
Trd, 4319996.393, 89
Trd, 4319997.543, 91
Trd, 4319998.293, 104
