Trd, 4317813.843, 95
Trd, 4317814.093, 96
Trd, 4317817.143, 95
Trd, 4317817.943, 102
Trd, 4317818.293, 99
Trd, 4317818.893, 99
Trd, 4317822.643, 99
Trd, 4317822.993, 98
Trd, 4317825.493, 97
Trd, 4317825.543, 99
Trd, 4317826.393, 98
Trd, 4317828.593, 96
Trd, 4317829.043, 95
Trd, 4317829.893, 95
Trd, 4317831.843, 94
Trd, 4317832.643, 93
Trd, 4317833.293, 95
Trd, 4317835.093, 95
Trd, 4317839.043, 92
Trd, 4317840.293, 93
Trd, 4317842.643, 92
Trd, 4317843.093, 93
Trd, 4317844.543, 93
Trd, 4317844.593, 91
Trd, 4317847.943, 94
Trd, 4317851.943, 92
Trd, 4317856.093, 92
Trd, 4317857.243, 93
Trd, 4317859.543, 90
Trd, 4317861.593, 91
Trd, 4317861.693, 91
Trd, 4317863.043, 98
Trd, 4317864.593, 95
Trd, 4317866.643, 94
Trd, 4317869.143, 94
Trd, 4317870.093, 92
Trd, 4317870.143, 92
Trd, 4317870.243, 92
Trd, 4317873.393, 90
Trd, 4317873.943, 97
Trd, 4317875.193, 96
Trd, 4317875.743, 104
Trd, 4317879.893, 96
Trd, 4317880.043, 95
Trd, 4317880.693, 94
Trd, 4317880.743, 93
Trd, 4317882.193, 99
Trd, 4317882.793, 103
Trd, 4317886.393, 100
Trd, 4317887.093, 100
Trd, 4317887.393, 101
Trd, 4317888.443, 99
Trd, 4317893.643, 96
Trd, 4317893.743, 96
Trd, 4317895.193, 95
Trd, 4317895.993, 96
Trd, 4317899.293, 95
Trd, 4317901.793, 95
Trd, 4317907.693, 95
Trd, 4317908.393, 95
Trd, 4317909.493, 94
Trd, 4317912.443, 95
Trd, 4317914.643, 93
Trd, 4317915.943, 95
Trd, 4317920.243, 93
Trd, 4317920.693, 92
Trd, 4317921.543, 91
Trd, 4317921.693, 101
Trd, 4317922.693, 94
Trd, 4317923.343, 95
Trd, 4317928.693, 93
Trd, 4317930.143, 93
Trd, 4317932.643, 93
Trd, 4317933.243, 92
Trd, 4317935.743, 92
Trd, 4317940.093, 91
Trd, 4317940.593, 92
Trd, 4317940.643, 92
Trd, 4317941.693, 95
Trd, 4317942.743, 90
Trd, 4317944.643, 91
Trd, 4317944.943, 90
Trd, 4317947.293, 91
Trd, 4317949.643, 94
Trd, 4317950.893, 93
Trd, 4317953.293, 93
Trd, 4317953.793, 95
Trd, 4317955.493, 94
Trd, 4317957.693, 94
Trd, 4317958.893, 93
Trd, 4317960.793, 94
Trd, 4317963.793, 99
Trd, 4317965.093, 107
Trd, 4317966.493, 100
Trd, 4317966.943, 99
Trd, 4317969.193, 104
Trd, 4317970.893, 100
Trd, 4317971.943, 99
Trd, 4317973.993, 98
Trd, 4317974.393, 98
Trd, 4317974.993, 97
Trd, 4317975.393, 98
Trd, 4317978.343, 104
Trd, 4317978.843, 103
Trd, 4317980.943, 101
Trd, 4317981.643, 100
Trd, 4317982.943, 96
Trd, 4317983.943, 96
Trd, 4317985.543, 96
Trd, 4317988.193, 96
Trd, 4317989.643, 96
Trd, 4317990.893, 96
Trd, 4317991.393, 95
Trd, 4317991.743, 94
Trd, 4317994.493, 90
Trd, 4317994.543, 91
Trd, 4317995.893, 92
Trd, 4317998.343, 98
Trd, 4317999.193, 95
Trd, 4318000.593, 94
Trd, 4318003.743, 94
Trd, 4318003.993, 94
Trd, 4318004.793, 93
Trd, 4318007.793, 93
Trd, 4318011.193, 93
Trd, 4318011.943, 93
Trd, 4318012.893, 93
Trd, 4318014.993, 93
Trd, 4318015.843, 92
Trd, 4318017.743, 93
Trd, 4318018.093, 96
Trd, 4318020.193, 94
Trd, 4318023.493, 93
Trd, 4318024.643, 92
Trd, 4318025.343, 91
Trd, 4318025.543, 93
Trd, 4318027.343, 89
Trd, 4318028.043, 90
Trd, 4318031.943, 90
Trd, 4318033.093, 89
Trd, 4318033.743, 89
Trd, 4318035.343, 89
Trd, 4318036.943, 90
Trd, 4318039.043, 91
Trd, 4318042.093, 91
Trd, 4318043.393, 88
Trd, 4318047.543, 89
Trd, 4318048.943, 87
Trd, 4318050.143, 89
Trd, 4318051.493, 87
Trd, 4318054.043, 87
Trd, 4318054.493, 88
Trd, 4318058.443, 86
Trd, 4318058.593, 88
Trd, 4318060.893, 85
Trd, 4318061.293, 86
Trd, 4318062.793, 86
Trd, 4318064.793, 88
Trd, 4318066.093, 88
Trd, 4318067.693, 95
Trd, 4318069.843, 91
Trd, 4318071.193, 88
Trd, 4318071.393, 88
Trd, 4318072.093, 88
Trd, 4318072.343, 88
Trd, 4318073.893, 100
Trd, 4318076.643, 97
Trd, 4318078.243, 93
Trd, 4318078.843, 97
Trd, 4318082.293, 92
Trd, 4318082.343, 92
Trd, 4318082.643, 92
Trd, 4318086.193, 91
Trd, 4318087.543, 92
Trd, 4318087.743, 92
Trd, 4318088.643, 92
Trd, 4318090.293, 95
Trd, 4318093.493, 89
Trd, 4318094.293, 90
Trd, 4318095.743, 88
Trd, 4318096.743, 88
Trd, 4318100.093, 87
Trd, 4318102.043, 87
Trd, 4318102.293, 87
Trd, 4318105.343, 88
Trd, 4318106.593, 88
Trd, 4318109.843, 87
Trd, 4318111.093, 87
Trd, 4318113.243, 87
Trd, 4318113.293, 86
Trd, 4318113.393, 86
Trd, 4318116.643, 87
Trd, 4318117.593, 92
Trd, 4318118.043, 89
Trd, 4318118.943, 100
Trd, 4318118.993, 105
Trd, 4318121.493, 95
Trd, 4318124.093, 95
Trd, 4318126.743, 92
Trd, 4318127.993, 89
Trd, 4318129.493, 88
Trd, 4318129.693, 90
Trd, 4318133.943, 88
Trd, 4318136.293, 89
Trd, 4318137.993, 89
Trd, 4318138.393, 88
Trd, 4318139.393, 89
Trd, 4318139.643, 89
Trd, 4318141.693, 90
Trd, 4318142.643, 90
Trd, 4318143.493, 92
Trd, 4318143.793, 95
Trd, 4318148.593, 90
Trd, 4318150.393, 89
Trd, 4318150.493, 90
Trd, 4318153.293, 89
Trd, 4318154.793, 87
Trd, 4318156.943, 88
Trd, 4318157.343, 88
Trd, 4318158.393, 88
Trd, 4318161.443, 89
Trd, 4318163.443, 89
Trd, 4318164.043, 89
Trd, 4318165.943, 88
Trd, 4318167.043, 89
Trd, 4318169.393, 93
Trd, 4318169.643, 90
Trd, 4318171.293, 90
Trd, 4318173.593, 94
Trd, 4318175.143, 93
Trd, 4318177.143, 92
Trd, 4318177.393, 93
Trd, 4318179.093, 99
Trd, 4318179.993, 94
Trd, 4318183.143, 94
Trd, 4318184.393, 95
Trd, 4318186.793, 93
Trd, 4318188.293, 94
Trd, 4318188.493, 98
Trd, 4318192.543, 94
Trd, 4318193.593, 92
Trd, 4318194.943, 91
Trd, 4318196.843, 94
Trd, 4318197.693, 98
Trd, 4318200.543, 90
Trd, 4318200.643, 89
Trd, 4318202.643, 89
Trd, 4318202.943, 88
Trd, 4318203.943, 87
Trd, 4318204.693, 87
Trd, 4318204.993, 89
Trd, 4318207.893, 88
Trd, 4318209.343, 95
Trd, 4318211.943, 87
Trd, 4318211.993, 91
Trd, 4318213.843, 87
Trd, 4318216.793, 88
Trd, 4318218.543, 86
Trd, 4318219.393, 87
Trd, 4318221.243, 87
Trd, 4318222.943, 87
Trd, 4318225.843, 86
Trd, 4318226.343, 87
Trd, 4318226.643, 87
Trd, 4318228.193, 86
Trd, 4318228.243, 85
Trd, 4318231.243, 86
Trd, 4318234.343, 86
Trd, 4318234.593, 85
Trd, 4318237.743, 84
Trd, 4318238.393, 85
Trd, 4318238.843, 86
Trd, 4318239.143, 112
Trd, 4318240.943, 99
Trd, 4318241.143, 98
Trd, 4318241.293, 96
Trd, 4318244.343, 93
Trd, 4318244.893, 94
Trd, 4318245.993, 94
Trd, 4318246.243, 93
Trd, 4318246.793, 99
Trd, 4318248.943, 103
Trd, 4318250.343, 99
Trd, 4318250.643, 100
Trd, 4318252.043, 100
Trd, 4318253.543, 103
Trd, 4318254.343, 103
Trd, 4318257.543, 102
Trd, 4318257.943, 101
Trd, 4318258.493, 96
Trd, 4318259.443, 97
Trd, 4318261.293, 98
Trd, 4318261.843, 97
Trd, 4318262.793, 94
Trd, 4318264.843, 94
Trd, 4318265.793, 97
Trd, 4318269.743, 94
Trd, 4318270.093, 93
Trd, 4318270.843, 92
Trd, 4318272.093, 91
Trd, 4318274.443, 92
Trd, 4318276.793, 88
Trd, 4318277.293, 87
Trd, 4318278.643, 85
Trd, 4318278.993, 86
Trd, 4318279.993, 109
Trd, 4318282.243, 93
Trd, 4318284.393, 92
Trd, 4318286.743, 91
Trd, 4318290.843, 90
Trd, 4318291.993, 91
Trd, 4318294.193, 91
Trd, 4318296.893, 89
Trd, 4318297.243, 89
Trd, 4318299.243, 96
Trd, 4318302.393, 91
Trd, 4318303.343, 91
Trd, 4318305.693, 88
Trd, 4318306.193, 88
Trd, 4318307.593, 90
Trd, 4318307.793, 100
Trd, 4318309.343, 104
Trd, 4318309.993, 102
Trd, 4318311.243, 98
Trd, 4318312.843, 98
Trd, 4318315.293, 96
Trd, 4318315.743, 96
Trd, 4318317.743, 96
Trd, 4318318.793, 95
Trd, 4318321.843, 94
Trd, 4318322.343, 93
Trd, 4318322.943, 95
Trd, 4318324.543, 94
Trd, 4318329.543, 93
Trd, 4318331.543, 92
Trd, 4318333.393, 93
Trd, 4318334.543, 92
Trd, 4318334.593, 91
Trd, 4318336.293, 91
Trd, 4318336.843, 90
Trd, 4318340.543, 89
Trd, 4318341.793, 90
Trd, 4318346.843, 90
Trd, 4318347.293, 88
Trd, 4318348.793, 88
Trd, 4318350.093, 88
Trd, 4318353.543, 87
Trd, 4318353.593, 88
Trd, 4318353.793, 88
Trd, 4318354.593, 88
Trd, 4318358.143, 86
Trd, 4318359.943, 86
Trd, 4318361.893, 87
Trd, 4318365.593, 85
Trd, 4318365.843, 87
Trd, 4318366.043, 85
Trd, 4318367.793, 87
Trd, 4318368.893, 87
Trd, 4318369.143, 104
Trd, 4318370.493, 92
Trd, 4318373.993, 89
Trd, 4318376.693, 89
Trd, 4318377.743, 88
Trd, 4318378.743, 87
Trd, 4318379.643, 85
Trd, 4318381.643, 85
Trd, 4318383.393, 85
Trd, 4318388.443, 84
Trd, 4318388.693, 85
Trd, 4318391.543, 84
Trd, 4318392.093, 85
Trd, 4318392.643, 84
Trd, 4318394.293, 86
Trd, 4318396.393, 85
Trd, 4318396.493, 84
Trd, 4318399.293, 94
Trd, 4318399.843, 89
Trd, 4318400.793, 88
Trd, 4318400.843, 90
Trd, 4318405.393, 90
Trd, 4318406.893, 90
Trd, 4318412.193, 89
Trd, 4318413.193, 89
Trd, 4318416.493, 89
Trd, 4318416.993, 88
Trd, 4318417.343, 87
Trd, 4318420.193, 88
Trd, 4318422.593, 88
Trd, 4318424.743, 88
Trd, 4318424.793, 89
Trd, 4318427.043, 88
Trd, 4318428.543, 89
Trd, 4318430.343, 90
Trd, 4318432.193, 94
Trd, 4318433.043, 94
Trd, 4318434.993, 94
Trd, 4318436.243, 97
Trd, 4318437.143, 95
Trd, 4318437.193, 96
Trd, 4318439.193, 94
Trd, 4318439.343, 94
Trd, 4318441.543, 93
Trd, 4318442.793, 94
Trd, 4318446.043, 92
Trd, 4318447.193, 93
Trd, 4318449.293, 91
Trd, 4318451.743, 90
Trd, 4318452.043, 90
Trd, 4318455.793, 91
Trd, 4318456.043, 91
Trd, 4318456.943, 96
Trd, 4318457.593, 91
Trd, 4318459.243, 92
Trd, 4318462.893, 90
Trd, 4318465.443, 91
Trd, 4318465.693, 91
Trd, 4318467.343, 91
Trd, 4318470.243, 91
Trd, 4318473.393, 89
Trd, 4318473.793, 90
Trd, 4318475.543, 90
Trd, 4318477.243, 89
Trd, 4318477.993, 89
Trd, 4318481.943, 89
Trd, 4318482.943, 88
Trd, 4318483.543, 89
Trd, 4318486.743, 89
Trd, 4318487.043, 88
Trd, 4318487.743, 89
Trd, 4318488.993, 110
Trd, 4318491.193, 95
Trd, 4318491.343, 95
Trd, 4318496.743, 92
Trd, 4318497.593, 90
Trd, 4318497.793, 92
Trd, 4318501.743, 90
Trd, 4318504.093, 90
Trd, 4318505.393, 89
Trd, 4318505.693, 90
Trd, 4318507.243, 91
Trd, 4318509.493, 89
Trd, 4318509.843, 88
Trd, 4318511.293, 87
Trd, 4318513.343, 89
Trd, 4318515.543, 86
Trd, 4318515.993, 86
Trd, 4318516.843, 87
Trd, 4318521.743, 87
Trd, 4318522.393, 85
Trd, 4318523.693, 85
Trd, 4318524.043, 85
Trd, 4318524.143, 86
Trd, 4318527.593, 86
Trd, 4318527.993, 91
Trd, 4318528.393, 88
Trd, 4318529.643, 88
Trd, 4318529.793, 98
Trd, 4318532.593, 88
Trd, 4318532.743, 91
Trd, 4318534.693, 87
Trd, 4318537.493, 89
Trd, 4318538.493, 87
Trd, 4318538.593, 89
Trd, 4318539.993, 88
Trd, 4318543.643, 86
Trd, 4318546.193, 87
Trd, 4318546.943, 86
Trd, 4318547.443, 87
Trd, 4318548.993, 95
Trd, 4318553.393, 89
Trd, 4318555.043, 89
Trd, 4318558.393, 86
Trd, 4318560.343, 85
Trd, 4318560.443, 86
Trd, 4318563.243, 85
Trd, 4318563.443, 86
Trd, 4318567.793, 86
Trd, 4318568.443, 86
Trd, 4318573.193, 85
Trd, 4318573.443, 86
Trd, 4318573.843, 86
Trd, 4318576.893, 86
Trd, 4318578.043, 84
Trd, 4318578.693, 85
Trd, 4318579.643, 86
Trd, 4318580.593, 107
Trd, 4318585.893, 86
Trd, 4318586.043, 85
Trd, 4318586.943, 87
Trd, 4318589.493, 89
Trd, 4318589.593, 103
Trd, 4318592.193, 92
Trd, 4318594.143, 92
Trd, 4318594.493, 91
Trd, 4318594.743, 90
Trd, 4318596.293, 90
Trd, 4318598.043, 91
Trd, 4318598.243, 96
Trd, 4318599.493, 92
Trd, 4318600.593, 92
Trd, 4318608.543, 91
Trd, 4318608.643, 89
Trd, 4318611.743, 90
Trd, 4318614.093, 93
Trd, 4318614.843, 94
Trd, 4318615.193, 95
Trd, 4318616.543, 97
Trd, 4318616.943, 95
Trd, 4318619.093, 95
Trd, 4318621.243, 95
Trd, 4318623.193, 95
Trd, 4318624.593, 94
Trd, 4318625.043, 96
Trd, 4318627.443, 95
Trd, 4318628.093, 93
Trd, 4318628.193, 94
Trd, 4318629.543, 101
Trd, 4318630.343, 99
Trd, 4318631.993, 97
Trd, 4318633.043, 98
Trd, 4318636.693, 97
Trd, 4318636.993, 98
Trd, 4318638.743, 96
Trd, 4318641.793, 94
Trd, 4318643.843, 93
Trd, 4318644.743, 93
Trd, 4318646.993, 92
Trd, 4318647.093, 93
Trd, 4318648.643, 94
Trd, 4318650.093, 103
Trd, 4318651.043, 103
Trd, 4318651.243, 99
Trd, 4318652.693, 104
Trd, 4318654.243, 102
Trd, 4318657.443, 91
Trd, 4318658.293, 93
Trd, 4318659.193, 93
Trd, 4318660.393, 94
Trd, 4318661.893, 97
Trd, 4318662.343, 95
Trd, 4318662.693, 95
Trd, 4318665.293, 95
Trd, 4318667.143, 96
Trd, 4318671.043, 95
Trd, 4318671.243, 94
Trd, 4318672.193, 93
Trd, 4318673.393, 88
Trd, 4318674.093, 88
Trd, 4318675.793, 105
Trd, 4318678.193, 92
Trd, 4318679.893, 93
Trd, 4318683.193, 92
Trd, 4318684.193, 93
Trd, 4318686.293, 93
Trd, 4318686.943, 93
Trd, 4318687.643, 92
Trd, 4318687.793, 93
Trd, 4318688.643, 93
Trd, 4318692.093, 93
Trd, 4318693.093, 92
Trd, 4318693.743, 93
Trd, 4318695.643, 93
Trd, 4318697.543, 91
Trd, 4318697.743, 91
Trd, 4318698.393, 94
Trd, 4318698.543, 99
Trd, 4318703.093, 94
Trd, 4318704.243, 93
Trd, 4318704.893, 90
Trd, 4318705.793, 91
Trd, 4318708.543, 91
Trd, 4318708.593, 90
Trd, 4318708.893, 90
Trd, 4318710.343, 91
Trd, 4318712.993, 94
Trd, 4318713.793, 96
Trd, 4318714.943, 94
Trd, 4318715.243, 94
Trd, 4318716.043, 94
Trd, 4318720.443, 94
Trd, 4318721.193, 93
Trd, 4318721.543, 94
Trd, 4318722.743, 93
Trd, 4318724.643, 94
Trd, 4318727.643, 92
Trd, 4318728.343, 91
Trd, 4318728.493, 90
Trd, 4318729.143, 90
Trd, 4318731.393, 95
Trd, 4318733.843, 91
Trd, 4318735.093, 90
Trd, 4318735.543, 89
Trd, 4318739.293, 91
Trd, 4318739.843, 90
Trd, 4318743.393, 90
Trd, 4318744.893, 91
Trd, 4318749.843, 89
Trd, 4318750.043, 89
Trd, 4318750.193, 90
Trd, 4318751.143, 89
Trd, 4318755.693, 89
Trd, 4318756.243, 89
Trd, 4318757.243, 89
Trd, 4318759.293, 88
Trd, 4318759.443, 89
Trd, 4318761.893, 88
Trd, 4318762.343, 89
Trd, 4318767.093, 89
Trd, 4318768.993, 90
Trd, 4318772.593, 89
Trd, 4318772.893, 88
Trd, 4318773.143, 88
Trd, 4318774.293, 88
Trd, 4318776.643, 87
Trd, 4318778.593, 86
Trd, 4318779.093, 88
Trd, 4318780.843, 86
Trd, 4318782.343, 86
Trd, 4318784.493, 88
Trd, 4318786.893, 88
Trd, 4318787.593, 88
Trd, 4318789.543, 88
Trd, 4318789.993, 88
Trd, 4318793.143, 88
Trd, 4318793.593, 89
Trd, 4318800.743, 87
Trd, 4318801.143, 88
Trd, 4318801.193, 87
Trd, 4318802.893, 88
Trd, 4318804.143, 104
Trd, 4318805.293, 99
Trd, 4318807.143, 95
Trd, 4318807.293, 97
Trd, 4318808.693, 95
Trd, 4318811.143, 85
Trd, 4318811.893, 89
Trd, 4318812.143, 92
Trd, 4318813.593, 89
Trd, 4318813.693, 90
Trd, 4318814.493, 90
Trd, 4318817.343, 97
Trd, 4318819.393, 93
Trd, 4318820.493, 91
Trd, 4318821.743, 91
Trd, 4318823.293, 92
Trd, 4318823.643, 90
Trd, 4318824.793, 90
Trd, 4318827.343, 90
Trd, 4318830.243, 89
Trd, 4318830.493, 91
Trd, 4318832.243, 90
Trd, 4318832.893, 91
Trd, 4318833.493, 90
Trd, 4318834.043, 90
Trd, 4318836.393, 92
Trd, 4318836.893, 97
Trd, 4318842.043, 92
Trd, 4318842.543, 94
Trd, 4318844.443, 93
Trd, 4318847.943, 92
Trd, 4318847.993, 91
Trd, 4318851.593, 91
Trd, 4318852.243, 91
Trd, 4318852.393, 90
Trd, 4318852.943, 98
Trd, 4318854.543, 91
Trd, 4318858.093, 91
Trd, 4318858.543, 90
Trd, 4318859.943, 91
Trd, 4318864.693, 91
Trd, 4318865.643, 89
Trd, 4318867.993, 89
Trd, 4318872.843, 89
Trd, 4318872.893, 88
Trd, 4318873.943, 89
Trd, 4318874.843, 87
Trd, 4318875.293, 87
Trd, 4318878.543, 81
Trd, 4318879.343, 80
Trd, 4318881.993, 80
Trd, 4318883.043, 88
Trd, 4318884.693, 82
Trd, 4318886.493, 83
Trd, 4318887.643, 84
Trd, 4318888.943, 84
Trd, 4318889.293, 84
Trd, 4318892.743, 85
Trd, 4318894.893, 85
Trd, 4318895.193, 87
Trd, 4318896.643, 102
Trd, 4318896.843, 92
Trd, 4318897.343, 93
Trd, 4318899.443, 95
Trd, 4318899.643, 95
Trd, 4318902.993, 91
Trd, 4318903.743, 92
Trd, 4318904.193, 99
Trd, 4318905.793, 94
Trd, 4318906.143, 93
Trd, 4318909.593, 92
Trd, 4318912.143, 90
Trd, 4318914.193, 91
Trd, 4318914.493, 90
Trd, 4318915.593, 90
Trd, 4318915.893, 90
Trd, 4318918.093, 91
Trd, 4318919.243, 92
Trd, 4318919.443, 92
Trd, 4318923.043, 92
Trd, 4318924.643, 92
Trd, 4318925.093, 93
Trd, 4318927.243, 90
Trd, 4318927.943, 91
Trd, 4318934.793, 89
Trd, 4318935.243, 90
Trd, 4318935.593, 90
Trd, 4318937.293, 89
Trd, 4318938.793, 88
Trd, 4318939.343, 89
Trd, 4318939.593, 89
Trd, 4318940.093, 98
Trd, 4318942.843, 93
Trd, 4318945.493, 92
Trd, 4318946.943, 92
Trd, 4318948.443, 91
Trd, 4318948.943, 91
Trd, 4318952.343, 92
Trd, 4318952.693, 93
Trd, 4318957.493, 91
Trd, 4318957.943, 89
Trd, 4318959.143, 90
Trd, 4318962.193, 88
Trd, 4318962.593, 88
Trd, 4318963.193, 89
Trd, 4318963.843, 89
Trd, 4318966.443, 100
Trd, 4318966.593, 93
Trd, 4318966.893, 100
Trd, 4318967.193, 96
Trd, 4318970.843, 98
Trd, 4318972.093, 95
Trd, 4318972.493, 97
Trd, 4318973.693, 91
Trd, 4318973.843, 92
Trd, 4318976.143, 92
Trd, 4318977.443, 91
Trd, 4318979.943, 91
Trd, 4318981.893, 93
Trd, 4318983.943, 101
Trd, 4318984.293, 101
Trd, 4318984.693, 100
Trd, 4318987.593, 99
Trd, 4318989.143, 95
Trd, 4318989.493, 95
Trd, 4318990.393, 95
Trd, 4318992.593, 94
Trd, 4318994.093, 100
Trd, 4318995.043, 93
Trd, 4318995.493, 96
Trd, 4318999.693, 103
Trd, 4318999.943, 97
Trd, 4319000.243, 99
Trd, 4319000.993, 104
Trd, 4319001.243, 102
Trd, 4319002.243, 104
Trd, 4319004.743, 103
Trd, 4319005.393, 96
Trd, 4319006.443, 97
Trd, 4319008.593, 104
Trd, 4319009.193, 101
Trd, 4319010.543, 103
Trd, 4319013.243, 100
Trd, 4319015.193, 100
Trd, 4319017.743, 95
Trd, 4319017.893, 93
Trd, 4319018.843, 92
Trd, 4319019.493, 91
Trd, 4319020.893, 91
Trd, 4319022.743, 91
Trd, 4319025.043, 94
Trd, 4319026.443, 93
Trd, 4319026.693, 92
Trd, 4319026.943, 99
Trd, 4319028.243, 96
Trd, 4319030.893, 94
Trd, 4319031.793, 94
Trd, 4319032.093, 93
Trd, 4319034.443, 93
Trd, 4319036.393, 93
Trd, 4319036.743, 94
Trd, 4319038.043, 98
Trd, 4319038.793, 99
Trd, 4319040.493, 104
Trd, 4319041.143, 101
Trd, 4319042.993, 103
Trd, 4319043.743, 102
Trd, 4319046.493, 96
Trd, 4319047.193, 96
Trd, 4319047.543, 96
Trd, 4319048.343, 96
Trd, 4319054.243, 93
Trd, 4319055.343, 94
Trd, 4319055.943, 94
Trd, 4319057.043, 94
Trd, 4319060.293, 93
Trd, 4319061.693, 92
Trd, 4319062.043, 93
Trd, 4319062.143, 92
Trd, 4319064.443, 91
Trd, 4319065.593, 91
Trd, 4319068.243, 93
Trd, 4319069.243, 92
Trd, 4319071.643, 91
Trd, 4319073.343, 90
Trd, 4319075.443, 89
Trd, 4319078.643, 90
Trd, 4319081.493, 108
Trd, 4319082.143, 103
Trd, 4319082.943, 99
Trd, 4319084.393, 97
Trd, 4319085.993, 96
Trd, 4319086.643, 95
Trd, 4319086.993, 113
Trd, 4319089.393, 103
Trd, 4319093.543, 97
Trd, 4319096.943, 96
Trd, 4319097.743, 97
Trd, 4319098.093, 97
Trd, 4319098.693, 100
Trd, 4319100.993, 98
Trd, 4319103.393, 94
Trd, 4319103.793, 95
Trd, 4319104.743, 94
Trd, 4319104.893, 101
Trd, 4319106.293, 94
Trd, 4319108.393, 91
Trd, 4319110.043, 93
Trd, 4319110.693, 103
Trd, 4319115.243, 95
Trd, 4319115.793, 95
Trd, 4319118.143, 93
Trd, 4319118.193, 94
Trd, 4319119.143, 93
Trd, 4319119.443, 92
Trd, 4319120.643, 94
Trd, 4319123.493, 94
Trd, 4319124.243, 98
Trd, 4319125.193, 96
Trd, 4319131.093, 94
Trd, 4319131.693, 93
Trd, 4319131.743, 93
Trd, 4319132.393, 92
Trd, 4319132.543, 94
Trd, 4319134.543, 104
Trd, 4319135.743, 98
Trd, 4319138.143, 93
Trd, 4319140.443, 89
Trd, 4319141.043, 91
Trd, 4319142.193, 108
Trd, 4319142.843, 104
Trd, 4319144.543, 100
Trd, 4319145.643, 99
Trd, 4319147.993, 99
Trd, 4319148.243, 99
Trd, 4319148.993, 98
Trd, 4319150.893, 98
Trd, 4319154.293, 97
Trd, 4319156.843, 96
Trd, 4319160.493, 98
Trd, 4319160.693, 96
Trd, 4319161.243, 98
Trd, 4319162.243, 104
Trd, 4319163.893, 100
Trd, 4319164.243, 100
Trd, 4319166.143, 99
Trd, 4319167.493, 102
Trd, 4319168.493, 98
Trd, 4319169.093, 95
Trd, 4319170.943, 95
Trd, 4319171.193, 94
Trd, 4319171.793, 96
Trd, 4319173.293, 97
Trd, 4319176.593, 99
Trd, 4319178.243, 105
Trd, 4319179.443, 104
Trd, 4319181.793, 101
Trd, 4319182.243, 95
Trd, 4319183.393, 97
Trd, 4319184.393, 93
Trd, 4319184.893, 94
Trd, 4319185.993, 92
Trd, 4319186.093, 93
Trd, 4319188.193, 94
Trd, 4319190.493, 92
Trd, 4319191.093, 92
Trd, 4319191.843, 96
Trd, 4319194.193, 95
Trd, 4319195.643, 92
Trd, 4319195.843, 91
Trd, 4319196.593, 93
Trd, 4319197.293, 93
Trd, 4319198.193, 96
Trd, 4319198.343, 104
Trd, 4319199.793, 122
Trd, 4319201.393, 102
Trd, 4319203.293, 99
Trd, 4319207.693, 96
Trd, 4319208.493, 93
Trd, 4319209.893, 94
Trd, 4319211.893, 94
Trd, 4319214.293, 93
Trd, 4319215.043, 93
Trd, 4319219.393, 93
Trd, 4319219.943, 92
Trd, 4319220.543, 92
Trd, 4319222.143, 92
Trd, 4319223.643, 95
Trd, 4319223.843, 110
Trd, 4319224.843, 98
Trd, 4319230.593, 93
Trd, 4319231.743, 92
Trd, 4319232.643, 91
Trd, 4319235.293, 91
Trd, 4319235.493, 91
Trd, 4319236.293, 91
Trd, 4319238.943, 92
Trd, 4319240.293, 90
Trd, 4319240.943, 91
Trd, 4319243.243, 91
Trd, 4319243.293, 90
Trd, 4319245.093, 88
Trd, 4319246.293, 104
Trd, 4319247.093, 94
Trd, 4319249.043, 94
Trd, 4319250.243, 96
Trd, 4319251.343, 96
Trd, 4319254.543, 94
Trd, 4319258.093, 94
Trd, 4319258.693, 93
Trd, 4319263.043, 93
Trd, 4319265.143, 92
Trd, 4319266.143, 93
Trd, 4319269.293, 92
Trd, 4319269.643, 93
Trd, 4319271.143, 91
Trd, 4319272.343, 91
Trd, 4319273.443, 93
Trd, 4319276.643, 91
Trd, 4319276.993, 92
Trd, 4319277.643, 92
Trd, 4319281.593, 90
Trd, 4319282.243, 90
Trd, 4319282.793, 91
Trd, 4319283.193, 99
Trd, 4319286.693, 90
Trd, 4319288.893, 89
Trd, 4319290.943, 90
Trd, 4319293.793, 88
Trd, 4319293.843, 88
Trd, 4319294.793, 89
Trd, 4319295.193, 88
Trd, 4319296.143, 91
Trd, 4319296.843, 104
Trd, 4319298.693, 94
Trd, 4319299.293, 96
Trd, 4319300.143, 113
Trd, 4319302.993, 98
Trd, 4319303.793, 96
Trd, 4319306.143, 95
Trd, 4319306.243, 94
Trd, 4319306.743, 94
Trd, 4319308.843, 94
Trd, 4319310.143, 94
Trd, 4319313.543, 94
Trd, 4319314.343, 93
Trd, 4319318.743, 94
Trd, 4319319.343, 94
Trd, 4319321.693, 94
Trd, 4319321.843, 95
Trd, 4319322.493, 95
Trd, 4319323.043, 94
Trd, 4319324.343, 93
Trd, 4319325.093, 95
Trd, 4319327.893, 92
Trd, 4319329.493, 92
Trd, 4319333.493, 92
Trd, 4319334.593, 93
Trd, 4319334.893, 91
Trd, 4319336.093, 92
Trd, 4319338.543, 91
Trd, 4319339.093, 90
Trd, 4319339.393, 91
Trd, 4319345.293, 92
Trd, 4319346.193, 90
Trd, 4319349.143, 91
Trd, 4319349.793, 90
Trd, 4319352.243, 88
Trd, 4319353.843, 89
Trd, 4319354.243, 89
Trd, 4319354.793, 88
Trd, 4319355.943, 89
Trd, 4319357.193, 89
Trd, 4319359.743, 88
Trd, 4319360.193, 89
Trd, 4319362.393, 90
Trd, 4319364.143, 89
Trd, 4319365.843, 87
Trd, 4319367.143, 88
Trd, 4319368.743, 87
Trd, 4319369.193, 86
Trd, 4319370.243, 86
Trd, 4319370.693, 86
Trd, 4319372.043, 96
Trd, 4319376.193, 88
Trd, 4319376.443, 87
Trd, 4319377.193, 87
Trd, 4319380.893, 85
Trd, 4319381.043, 85
Trd, 4319381.543, 86
Trd, 4319382.593, 104
Trd, 4319382.943, 101
Trd, 4319385.343, 99
Trd, 4319387.043, 95
Trd, 4319390.893, 96
Trd, 4319390.943, 95
Trd, 4319393.193, 95
Trd, 4319393.993, 94
Trd, 4319396.343, 95
Trd, 4319396.593, 103
Trd, 4319401.643, 93
Trd, 4319401.793, 94
Trd, 4319402.993, 95
Trd, 4319403.693, 95
Trd, 4319405.393, 94
Trd, 4319407.443, 98
Trd, 4319408.493, 98
Trd, 4319410.693, 98
Trd, 4319412.943, 92
Trd, 4319413.293, 93
Trd, 4319414.793, 91
Trd, 4319414.843, 92
Trd, 4319415.893, 91
Trd, 4319416.893, 90
Trd, 4319417.043, 92
Trd, 4319419.593, 95
Trd, 4319421.043, 95
Trd, 4319421.743, 103
Trd, 4319424.943, 96
Trd, 4319425.743, 95
Trd, 4319425.893, 97
Trd, 4319426.443, 97
Trd, 4319426.993, 97
Trd, 4319429.293, 96
Trd, 4319430.443, 97
Trd, 4319432.793, 95
Trd, 4319435.443, 97
Trd, 4319435.893, 105
Trd, 4319436.843, 104
Trd, 4319437.043, 99
Trd, 4319439.943, 100
Trd, 4319440.443, 101
Trd, 4319440.943, 102
Trd, 4319442.893, 97
Trd, 4319444.843, 97
Trd, 4319446.693, 96
Trd, 4319448.093, 94
Trd, 4319448.793, 95
Trd, 4319449.693, 95
Trd, 4319453.093, 95
Trd, 4319454.793, 95
Trd, 4319456.343, 94
Trd, 4319456.893, 97
Trd, 4319460.943, 94
Trd, 4319461.343, 95
Trd, 4319462.293, 94
Trd, 4319462.393, 93
Trd, 4319464.893, 93
Trd, 4319467.343, 92
Trd, 4319467.443, 91
Trd, 4319468.393, 91
Trd, 4319471.593, 91
Trd, 4319471.793, 92
Trd, 4319475.093, 90
Trd, 4319477.493, 91
Trd, 4319478.693, 90
Trd, 4319480.793, 88
Trd, 4319481.493, 88
Trd, 4319482.343, 90
Trd, 4319485.393, 91
Trd, 4319487.643, 91
Trd, 4319491.693, 89
Trd, 4319492.893, 88
Trd, 4319494.493, 85
Trd, 4319494.843, 87
Trd, 4319495.193, 95
Trd, 4319497.893, 88
Trd, 4319498.543, 86
Trd, 4319500.643, 86
Trd, 4319500.943, 86
Trd, 4319502.843, 86
Trd, 4319507.343, 85
Trd, 4319508.093, 86
Trd, 4319508.443, 85
Trd, 4319509.843, 85
Trd, 4319511.093, 85
Trd, 4319511.993, 85
Trd, 4319513.893, 99
Trd, 4319514.093, 104
Trd, 4319517.343, 90
Trd, 4319521.693, 85
Trd, 4319522.743, 85
Trd, 4319523.443, 88
Trd, 4319525.943, 85
Trd, 4319527.543, 85
Trd, 4319528.193, 85
Trd, 4319529.793, 84
Trd, 4319530.043, 86
Trd, 4319532.093, 84
Trd, 4319535.243, 98
Trd, 4319536.193, 88
Trd, 4319536.693, 89
Trd, 4319538.643, 87
Trd, 4319538.693, 88
Trd, 4319540.043, 87
Trd, 4319542.143, 87
Trd, 4319543.393, 86
Trd, 4319544.143, 86
Trd, 4319544.793, 85
Trd, 4319546.593, 86
Trd, 4319547.443, 96
Trd, 4319549.543, 88
Trd, 4319552.143, 89
Trd, 4319553.243, 87
Trd, 4319553.443, 87
Trd, 4319556.743, 89
Trd, 4319557.243, 95
Trd, 4319558.543, 100
Trd, 4319559.443, 103
Trd, 4319561.093, 95
Trd, 4319566.643, 94
Trd, 4319567.093, 94
Trd, 4319567.993, 94
Trd, 4319569.093, 94
Trd, 4319572.243, 95
Trd, 4319574.193, 95
Trd, 4319576.693, 94
Trd, 4319577.193, 93
Trd, 4319579.543, 93
Trd, 4319580.143, 93
Trd, 4319580.793, 100
Trd, 4319581.143, 100
Trd, 4319581.693, 96
Trd, 4319582.443, 96
Trd, 4319586.793, 95
Trd, 4319586.893, 94
Trd, 4319587.643, 96
Trd, 4319589.943, 94
Trd, 4319590.343, 97
Trd, 4319592.093, 96
Trd, 4319592.543, 96
Trd, 4319594.543, 103
Trd, 4319595.093, 99
Trd, 4319596.543, 100
Trd, 4319598.893, 99
Trd, 4319599.993, 91
Trd, 4319600.493, 89
Trd, 4319601.043, 95
Trd, 4319602.943, 90
Trd, 4319603.743, 89
Trd, 4319603.943, 90
Trd, 4319606.743, 89
Trd, 4319608.643, 88
Trd, 4319609.343, 88
Trd, 4319610.643, 88
Trd, 4319611.143, 87
Trd, 4319612.943, 88
Trd, 4319613.893, 91
Trd, 4319614.243, 90
Trd, 4319617.143, 90
Trd, 4319619.093, 91
Trd, 4319620.993, 91
Trd, 4319621.293, 89
Trd, 4319624.443, 94
Trd, 4319625.793, 93
Trd, 4319626.593, 94
Trd, 4319630.693, 88
Trd, 4319630.943, 88
Trd, 4319632.043, 90
Trd, 4319632.343, 91
Trd, 4319636.493, 90
Trd, 4319636.793, 90
Trd, 4319638.993, 90
Trd, 4319642.243, 90
Trd, 4319642.393, 93
Trd, 4319642.843, 108
Trd, 4319644.243, 107
Trd, 4319644.793, 103
Trd, 4319646.643, 102
Trd, 4319647.743, 103
Trd, 4319648.893, 102
Trd, 4319650.043, 100
Trd, 4319651.493, 100
Trd, 4319653.993, 100
Trd, 4319654.693, 98
Trd, 4319658.593, 100
Trd, 4319660.943, 100
Trd, 4319662.693, 97
Trd, 4319663.043, 97
Trd, 4319664.943, 97
Trd, 4319666.843, 97
Trd, 4319668.243, 96
Trd, 4319670.143, 95
Trd, 4319670.493, 94
Trd, 4319675.593, 93
Trd, 4319676.543, 92
Trd, 4319678.043, 92
Trd, 4319678.443, 91
Trd, 4319681.693, 90
Trd, 4319682.193, 90
Trd, 4319683.443, 91
Trd, 4319683.993, 92
Trd, 4319687.493, 91
Trd, 4319688.093, 90
Trd, 4319689.243, 92
Trd, 4319689.493, 96
Trd, 4319693.093, 92
Trd, 4319695.193, 92
Trd, 4319698.843, 89
Trd, 4319699.443, 90
Trd, 4319699.693, 91
Trd, 4319700.293, 95
Trd, 4319703.393, 92
Trd, 4319704.843, 88
Trd, 4319705.093, 88
Trd, 4319708.143, 90
Trd, 4319708.993, 87
Trd, 4319710.293, 87
Trd, 4319710.343, 90
Trd, 4319711.643, 95
Trd, 4319711.943, 90
Trd, 4319716.193, 90
Trd, 4319717.993, 104
Trd, 4319719.293, 97
Trd, 4319723.243, 92
Trd, 4319723.343, 92
Trd, 4319723.693, 94
Trd, 4319725.443, 91
Trd, 4319725.643, 98
Trd, 4319726.943, 91
Trd, 4319729.443, 90
Trd, 4319732.043, 90
Trd, 4319733.393, 89
Trd, 4319735.293, 87
Trd, 4319735.643, 88
Trd, 4319736.643, 89
Trd, 4319738.443, 98
Trd, 4319741.843, 88
Trd, 4319742.993, 88
Trd, 4319743.793, 87
Trd, 4319744.693, 88
Trd, 4319747.543, 88
Trd, 4319747.793, 86
Trd, 4319748.443, 87
Trd, 4319748.593, 87
Trd, 4319751.743, 86
Trd, 4319755.093, 86
Trd, 4319757.993, 85
Trd, 4319760.793, 86
Trd, 4319762.393, 87
Trd, 4319764.143, 85
Trd, 4319764.293, 87
Trd, 4319765.743, 86
Trd, 4319768.643, 86
Trd, 4319769.043, 85
Trd, 4319770.293, 84
Trd, 4319774.943, 84
Trd, 4319775.043, 85
Trd, 4319775.943, 85
Trd, 4319778.543, 85
Trd, 4319779.243, 86
Trd, 4319782.843, 84
Trd, 4319784.343, 84
Trd, 4319785.393, 83
Trd, 4319787.243, 86
Trd, 4319790.343, 82
Trd, 4319790.643, 81
Trd, 4319791.143, 93
Trd, 4319793.643, 104
Trd, 4319793.893, 97
Trd, 4319795.293, 95
Trd, 4319796.543, 96
Trd, 4319798.393, 97
Trd, 4319800.193, 102
Trd, 4319801.093, 95
Trd, 4319802.293, 95
Trd, 4319804.593, 95
Trd, 4319808.443, 95
Trd, 4319811.543, 95
Trd, 4319812.043, 94
Trd, 4319816.393, 93
Trd, 4319816.543, 93
Trd, 4319817.243, 92
Trd, 4319817.893, 97
Trd, 4319819.843, 102
Trd, 4319821.743, 102
Trd, 4319822.643, 99
Trd, 4319823.443, 104
Trd, 4319824.743, 101
Trd, 4319826.043, 93
Trd, 4319826.493, 96
Trd, 4319828.793, 97
Trd, 4319831.593, 93
Trd, 4319831.693, 94
Trd, 4319831.843, 98
Trd, 4319833.343, 92
Trd, 4319833.443, 91
Trd, 4319835.243, 96
Trd, 4319836.593, 93
Trd, 4319838.593, 88
Trd, 4319839.343, 88
Trd, 4319840.393, 85
Trd, 4319840.693, 89
Trd, 4319843.243, 92
Trd, 4319844.293, 90
Trd, 4319847.493, 91
Trd, 4319848.693, 90
Trd, 4319850.793, 90
Trd, 4319851.993, 91
Trd, 4319852.493, 91
Trd, 4319854.343, 90
Trd, 4319860.693, 90
Trd, 4319861.093, 90
Trd, 4319862.793, 91
Trd, 4319864.193, 91
Trd, 4319867.043, 89
Trd, 4319868.143, 89
Trd, 4319868.693, 91
Trd, 4319873.793, 88
Trd, 4319874.843, 89
Trd, 4319876.843, 88
Trd, 4319877.343, 88
Trd, 4319878.693, 88
Trd, 4319879.843, 87
Trd, 4319882.293, 87
Trd, 4319882.543, 86
Trd, 4319882.743, 87
Trd, 4319883.843, 103
Trd, 4319885.143, 100
Trd, 4319888.443, 93
Trd, 4319888.843, 93
Trd, 4319889.443, 93
Trd, 4319890.693, 93
Trd, 4319891.293, 94
Trd, 4319894.843, 95
Trd, 4319896.893, 94
Trd, 4319898.593, 93
Trd, 4319899.043, 92
Trd, 4319899.293, 93
Trd, 4319900.193, 94
Trd, 4319901.093, 95
Trd, 4319903.893, 94
Trd, 4319905.393, 94
Trd, 4319906.593, 91
Trd, 4319907.493, 92
Trd, 4319909.043, 92
Trd, 4319915.793, 92
Trd, 4319915.943, 92
Trd, 4319917.793, 91
Trd, 4319919.443, 91
Trd, 4319920.393, 90
Trd, 4319921.443, 90
Trd, 4319923.193, 90
Trd, 4319924.593, 90
Trd, 4319927.243, 90
Trd, 4319930.243, 90
Trd, 4319930.943, 91
Trd, 4319931.393, 92
Trd, 4319935.043, 89
Trd, 4319935.193, 89
Trd, 4319936.843, 89
Trd, 4319937.393, 89
Trd, 4319939.143, 89
Trd, 4319941.893, 89
Trd, 4319942.443, 88
Trd, 4319942.493, 89
Trd, 4319942.843, 89
Trd, 4319944.643, 106
Trd, 4319946.693, 104
Trd, 4319947.443, 102
Trd, 4319950.893, 94
Trd, 4319950.943, 96
Trd, 4319952.093, 95
Trd, 4319953.043, 95
Trd, 4319954.093, 93
Trd, 4319954.443, 95
Trd, 4319956.593, 95
Trd, 4319957.893, 104
Trd, 4319959.443, 103
Trd, 4319961.143, 99
Trd, 4319961.643, 98
Trd, 4319963.243, 99
Trd, 4319963.393, 98
Trd, 4319967.943, 95
Trd, 4319968.143, 94
Trd, 4319968.893, 95
Trd, 4319969.793, 94
Trd, 4319970.443, 97
Trd, 4319971.193, 95
Trd, 4319973.543, 95
Trd, 4319974.443, 94
Trd, 4319974.893, 95
Trd, 4319976.793, 95
Trd, 4319978.643, 96
Trd, 4319981.243, 95
Trd, 4319983.693, 94
Trd, 4319983.843, 95
Trd, 4319988.443, 94
Trd, 4319988.943, 93
Trd, 4319989.243, 95
Trd, 4319992.943, 94
Trd, 4319993.343, 94
Trd, 4319993.493, 93
Trd, 4319995.893, 93
Trd, 4319997.543, 93
Trd, 4319998.943, 93
