Trd, 4317852.393, 105
Trd, 4317853.643, 103
Trd, 4317855.643, 99
Trd, 4317856.443, 99
Trd, 4317857.893, 100
Trd, 4317859.493, 100
Trd, 4317859.743, 99
Trd, 4317860.743, 101
Trd, 4317864.143, 96
Trd, 4317865.493, 96
Trd, 4317865.843, 96
Trd, 4317868.143, 95
Trd, 4317868.943, 96
Trd, 4317870.343, 94
Trd, 4317870.993, 93
Trd, 4317871.543, 93
Trd, 4317871.993, 95
Trd, 4317874.293, 94
Trd, 4317875.743, 95
Trd, 4317876.943, 103
Trd, 4317877.993, 101
Trd, 4317878.843, 100
Trd, 4317879.493, 100
Trd, 4317880.043, 103
Trd, 4317882.443, 101
Trd, 4317883.043, 99
Trd, 4317884.793, 99
Trd, 4317885.193, 100
Trd, 4317885.993, 98
Trd, 4317888.393, 99
Trd, 4317891.143, 98
Trd, 4317892.043, 98
Trd, 4317893.643, 97
Trd, 4317894.393, 97
Trd, 4317894.543, 98
Trd, 4317895.893, 97
Trd, 4317898.593, 96
Trd, 4317900.393, 95
Trd, 4317901.293, 96
Trd, 4317902.393, 94
Trd, 4317904.543, 96
Trd, 4317906.243, 96
Trd, 4317907.793, 96
Trd, 4317909.293, 95
Trd, 4317910.093, 93
Trd, 4317911.143, 94
Trd, 4317911.343, 95
Trd, 4317911.593, 94
Trd, 4317913.993, 93
Trd, 4317918.393, 94
Trd, 4317919.143, 94
Trd, 4317919.343, 94
Trd, 4317922.943, 94
Trd, 4317923.993, 94
Trd, 4317924.443, 93
Trd, 4317926.093, 94
Trd, 4317929.093, 93
Trd, 4317930.593, 92
Trd, 4317931.593, 93
Trd, 4317932.493, 93
Trd, 4317933.593, 92
Trd, 4317937.093, 92
Trd, 4317938.643, 91
Trd, 4317938.893, 92
Trd, 4317939.793, 92
Trd, 4317941.793, 92
Trd, 4317942.143, 91
Trd, 4317944.093, 92
Trd, 4317946.043, 92
Trd, 4317948.093, 91
Trd, 4317948.793, 91
Trd, 4317952.293, 91
Trd, 4317952.793, 90
Trd, 4317953.443, 90
Trd, 4317954.043, 89
Trd, 4317958.043, 88
Trd, 4317958.343, 89
Trd, 4317960.593, 87
Trd, 4317961.043, 88
Trd, 4317961.243, 88
Trd, 4317964.743, 87
Trd, 4317965.543, 87
Trd, 4317967.193, 88
Trd, 4317968.443, 91
Trd, 4317970.543, 90
Trd, 4317970.843, 91
Trd, 4317971.443, 90
Trd, 4317973.343, 90
Trd, 4317976.143, 92
Trd, 4317976.193, 93
Trd, 4317977.443, 92
Trd, 4317977.743, 95
Trd, 4317981.343, 92
Trd, 4317981.693, 91
Trd, 4317983.243, 92
Trd, 4317984.293, 92
Trd, 4317984.793, 93
Trd, 4317985.593, 93
Trd, 4317987.993, 93
Trd, 4317988.143, 93
Trd, 4317988.843, 94
Trd, 4317990.043, 92
Trd, 4317993.893, 92
Trd, 4317995.943, 95
Trd, 4317996.243, 92
Trd, 4317997.043, 93
Trd, 4317998.043, 93
Trd, 4317999.343, 92
Trd, 4318001.393, 92
Trd, 4318003.043, 92
Trd, 4318005.493, 91
Trd, 4318006.443, 93
Trd, 4318006.843, 91
Trd, 4318009.243, 91
Trd, 4318009.693, 92
Trd, 4318011.843, 90
Trd, 4318014.143, 91
Trd, 4318015.493, 90
Trd, 4318016.593, 89
Trd, 4318016.993, 89
Trd, 4318018.193, 88
Trd, 4318018.893, 89
Trd, 4318019.943, 89
Trd, 4318023.643, 90
Trd, 4318026.543, 89
Trd, 4318028.243, 90
Trd, 4318030.443, 93
Trd, 4318031.193, 92
Trd, 4318031.243, 95
Trd, 4318031.943, 91
Trd, 4318032.193, 92
Trd, 4318035.943, 92
Trd, 4318037.093, 92
Trd, 4318037.793, 91
Trd, 4318038.843, 91
Trd, 4318040.093, 104
Trd, 4318041.443, 97
Trd, 4318041.843, 101
Trd, 4318043.793, 104
Trd, 4318044.643, 106
Trd, 4318045.843, 104
Trd, 4318046.843, 104
Trd, 4318047.443, 104
Trd, 4318049.293, 104
Trd, 4318050.693, 102
Trd, 4318051.393, 102
Trd, 4318052.593, 101
Trd, 4318054.443, 101
Trd, 4318055.343, 100
Trd, 4318057.043, 101
Trd, 4318059.293, 99
Trd, 4318059.943, 97
Trd, 4318060.693, 97
Trd, 4318062.343, 97
Trd, 4318063.093, 98
Trd, 4318064.843, 97
Trd, 4318066.343, 97
Trd, 4318067.893, 97
Trd, 4318070.393, 100
Trd, 4318070.693, 99
Trd, 4318071.393, 99
Trd, 4318072.343, 99
Trd, 4318073.393, 98
Trd, 4318074.743, 99
Trd, 4318077.793, 97
Trd, 4318078.293, 99
Trd, 4318078.743, 97
Trd, 4318080.543, 96
Trd, 4318081.493, 94
Trd, 4318083.493, 95
Trd, 4318083.643, 96
Trd, 4318085.043, 94
Trd, 4318086.043, 94
Trd, 4318086.293, 94
Trd, 4318089.843, 92
Trd, 4318091.493, 93
Trd, 4318091.693, 95
Trd, 4318097.193, 92
Trd, 4318097.493, 91
Trd, 4318098.993, 91
Trd, 4318100.143, 91
Trd, 4318100.293, 93
Trd, 4318100.543, 95
Trd, 4318101.443, 95
Trd, 4318102.143, 95
Trd, 4318105.043, 95
Trd, 4318105.843, 94
Trd, 4318106.043, 94
Trd, 4318109.093, 95
Trd, 4318109.743, 95
Trd, 4318110.343, 95
Trd, 4318111.843, 96
Trd, 4318113.793, 103
Trd, 4318114.193, 102
Trd, 4318115.343, 100
Trd, 4318116.243, 100
Trd, 4318117.643, 99
Trd, 4318120.243, 97
Trd, 4318121.093, 98
Trd, 4318122.393, 97
Trd, 4318124.693, 96
Trd, 4318125.443, 95
Trd, 4318125.543, 95
Trd, 4318129.043, 95
Trd, 4318129.793, 95
Trd, 4318131.293, 94
Trd, 4318132.943, 94
Trd, 4318134.493, 93
Trd, 4318136.543, 93
Trd, 4318138.843, 93
Trd, 4318139.493, 93
Trd, 4318139.643, 93
Trd, 4318140.093, 95
Trd, 4318141.943, 94
Trd, 4318143.043, 93
Trd, 4318143.393, 93
Trd, 4318147.343, 93
Trd, 4318149.293, 92
Trd, 4318151.093, 93
Trd, 4318152.943, 93
Trd, 4318154.293, 92
Trd, 4318154.343, 93
Trd, 4318158.193, 92
Trd, 4318159.493, 92
Trd, 4318160.593, 91
Trd, 4318162.743, 91
Trd, 4318163.043, 92
Trd, 4318164.643, 92
Trd, 4318166.593, 91
Trd, 4318168.793, 89
Trd, 4318169.193, 89
Trd, 4318169.293, 95
Trd, 4318170.993, 91
Trd, 4318172.493, 91
Trd, 4318173.793, 93
Trd, 4318174.043, 93
Trd, 4318176.993, 92
Trd, 4318177.293, 94
Trd, 4318181.043, 94
Trd, 4318181.993, 93
Trd, 4318182.643, 95
Trd, 4318183.643, 94
Trd, 4318183.843, 95
Trd, 4318186.193, 103
Trd, 4318186.493, 97
Trd, 4318186.843, 96
Trd, 4318188.043, 96
Trd, 4318188.993, 95
Trd, 4318190.743, 95
Trd, 4318194.393, 94
Trd, 4318194.593, 97
Trd, 4318198.043, 95
Trd, 4318198.743, 94
Trd, 4318199.193, 95
Trd, 4318200.643, 94
Trd, 4318202.243, 95
Trd, 4318203.243, 94
Trd, 4318203.693, 95
Trd, 4318206.143, 93
Trd, 4318207.543, 92
Trd, 4318208.793, 93
Trd, 4318209.443, 93
Trd, 4318210.243, 93
Trd, 4318210.793, 95
Trd, 4318213.643, 92
Trd, 4318214.543, 93
Trd, 4318215.343, 93
Trd, 4318216.143, 93
Trd, 4318216.993, 91
Trd, 4318220.243, 91
Trd, 4318224.793, 92
Trd, 4318225.293, 90
Trd, 4318225.993, 90
Trd, 4318226.443, 88
Trd, 4318228.693, 89
Trd, 4318230.793, 88
Trd, 4318234.843, 87
Trd, 4318236.493, 89
Trd, 4318236.643, 89
Trd, 4318239.043, 91
Trd, 4318239.893, 90
Trd, 4318240.693, 90
Trd, 4318241.693, 90
Trd, 4318247.643, 89
Trd, 4318248.343, 90
Trd, 4318248.943, 90
Trd, 4318250.993, 89
Trd, 4318252.843, 90
Trd, 4318254.043, 89
Trd, 4318254.693, 90
Trd, 4318255.443, 104
Trd, 4318257.693, 104
Trd, 4318258.143, 103
Trd, 4318261.143, 104
Trd, 4318262.043, 101
Trd, 4318263.993, 99
Trd, 4318264.043, 102
Trd, 4318266.143, 101
Trd, 4318266.843, 100
Trd, 4318268.693, 99
Trd, 4318270.093, 101
Trd, 4318271.593, 100
Trd, 4318272.193, 99
Trd, 4318276.293, 99
Trd, 4318276.493, 98
Trd, 4318276.743, 98
Trd, 4318277.843, 99
Trd, 4318280.393, 98
Trd, 4318282.643, 97
Trd, 4318284.143, 98
Trd, 4318285.843, 98
Trd, 4318289.543, 97
Trd, 4318289.693, 98
Trd, 4318291.793, 98
Trd, 4318295.243, 97
Trd, 4318296.643, 98
Trd, 4318296.993, 98
Trd, 4318297.393, 97
Trd, 4318298.393, 97
Trd, 4318300.943, 97
Trd, 4318301.193, 96
Trd, 4318301.893, 96
Trd, 4318302.843, 97
Trd, 4318305.193, 95
Trd, 4318305.793, 94
Trd, 4318306.493, 95
Trd, 4318310.093, 95
Trd, 4318311.943, 94
Trd, 4318313.243, 95
Trd, 4318313.293, 95
Trd, 4318315.143, 100
Trd, 4318316.593, 97
Trd, 4318317.193, 98
Trd, 4318318.893, 99
Trd, 4318319.693, 100
Trd, 4318321.043, 98
Trd, 4318321.893, 98
Trd, 4318322.593, 98
Trd, 4318324.893, 98
Trd, 4318325.293, 97
Trd, 4318329.993, 98
Trd, 4318330.093, 98
Trd, 4318331.243, 97
Trd, 4318332.393, 97
Trd, 4318332.793, 96
Trd, 4318335.593, 95
Trd, 4318336.543, 96
Trd, 4318336.943, 96
Trd, 4318338.043, 94
Trd, 4318339.943, 94
Trd, 4318340.093, 93
Trd, 4318343.693, 94
Trd, 4318345.593, 94
Trd, 4318346.893, 94
Trd, 4318349.093, 94
Trd, 4318349.543, 93
Trd, 4318352.593, 94
Trd, 4318352.743, 94
Trd, 4318353.193, 94
Trd, 4318354.343, 95
Trd, 4318355.993, 94
Trd, 4318357.843, 93
Trd, 4318357.893, 94
Trd, 4318358.743, 94
Trd, 4318360.393, 94
Trd, 4318361.193, 104
Trd, 4318362.643, 95
Trd, 4318366.043, 95
Trd, 4318366.893, 94
Trd, 4318367.043, 94
Trd, 4318369.293, 93
Trd, 4318369.643, 95
Trd, 4318371.743, 92
Trd, 4318372.193, 93
Trd, 4318373.993, 95
Trd, 4318375.093, 97
Trd, 4318375.743, 97
Trd, 4318376.593, 102
Trd, 4318378.343, 99
Trd, 4318379.193, 98
Trd, 4318379.993, 99
Trd, 4318381.793, 97
Trd, 4318383.593, 98
Trd, 4318384.593, 98
Trd, 4318387.143, 95
Trd, 4318387.793, 96
Trd, 4318391.343, 96
Trd, 4318392.193, 94
Trd, 4318392.643, 94
Trd, 4318393.543, 96
Trd, 4318394.293, 97
Trd, 4318395.293, 96
Trd, 4318396.043, 94
Trd, 4318397.593, 95
Trd, 4318398.643, 92
Trd, 4318398.693, 93
Trd, 4318402.593, 93
Trd, 4318403.293, 93
Trd, 4318404.443, 91
Trd, 4318407.643, 92
Trd, 4318408.343, 92
Trd, 4318408.593, 93
Trd, 4318411.593, 92
Trd, 4318413.443, 91
Trd, 4318413.843, 91
Trd, 4318414.093, 91
Trd, 4318414.543, 92
Trd, 4318416.893, 90
Trd, 4318417.093, 91
Trd, 4318419.943, 92
Trd, 4318420.843, 93
Trd, 4318423.093, 92
Trd, 4318424.893, 92
Trd, 4318424.993, 92
Trd, 4318425.343, 92
Trd, 4318428.843, 92
Trd, 4318429.693, 91
Trd, 4318431.093, 95
Trd, 4318432.193, 91
Trd, 4318433.093, 91
Trd, 4318434.293, 92
Trd, 4318434.843, 93
Trd, 4318437.643, 93
Trd, 4318438.293, 92
Trd, 4318438.893, 92
Trd, 4318440.293, 94
Trd, 4318443.093, 93
Trd, 4318443.543, 92
Trd, 4318444.543, 91
Trd, 4318444.643, 95
Trd, 4318449.593, 91
Trd, 4318449.693, 91
Trd, 4318450.893, 92
Trd, 4318452.193, 93
Trd, 4318452.893, 93
Trd, 4318454.093, 92
Trd, 4318456.443, 92
Trd, 4318458.643, 93
Trd, 4318459.343, 93
Trd, 4318459.493, 94
Trd, 4318459.743, 95
Trd, 4318461.243, 93
Trd, 4318463.343, 95
Trd, 4318466.643, 93
Trd, 4318467.843, 95
Trd, 4318470.093, 93
Trd, 4318471.893, 94
Trd, 4318472.493, 94
Trd, 4318473.293, 93
Trd, 4318474.743, 92
Trd, 4318475.143, 93
Trd, 4318476.843, 95
Trd, 4318478.943, 95
Trd, 4318480.093, 95
Trd, 4318480.743, 101
Trd, 4318481.793, 95
Trd, 4318482.043, 95
Trd, 4318483.693, 96
Trd, 4318486.143, 96
Trd, 4318486.593, 95
Trd, 4318487.493, 96
Trd, 4318487.843, 95
Trd, 4318490.243, 95
Trd, 4318491.043, 94
Trd, 4318492.193, 96
Trd, 4318494.343, 95
Trd, 4318494.693, 94
Trd, 4318495.893, 94
Trd, 4318495.993, 96
Trd, 4318497.843, 94
Trd, 4318498.843, 94
Trd, 4318500.343, 94
Trd, 4318502.993, 94
Trd, 4318504.643, 93
Trd, 4318505.743, 94
Trd, 4318506.793, 94
Trd, 4318507.343, 93
Trd, 4318509.993, 93
Trd, 4318510.693, 95
Trd, 4318514.593, 92
Trd, 4318515.693, 93
Trd, 4318516.943, 92
Trd, 4318517.393, 93
Trd, 4318518.243, 93
Trd, 4318520.943, 91
Trd, 4318523.293, 93
Trd, 4318524.893, 92
Trd, 4318525.343, 92
Trd, 4318527.043, 91
Trd, 4318528.843, 91
Trd, 4318529.643, 93
Trd, 4318530.643, 90
Trd, 4318533.243, 90
Trd, 4318534.493, 89
Trd, 4318534.593, 90
Trd, 4318535.593, 90
Trd, 4318537.693, 95
Trd, 4318539.443, 93
Trd, 4318541.543, 98
Trd, 4318542.243, 97
Trd, 4318542.493, 96
Trd, 4318543.543, 94
Trd, 4318544.393, 94
Trd, 4318544.893, 95
Trd, 4318548.043, 93
Trd, 4318549.443, 94
Trd, 4318549.843, 93
Trd, 4318550.543, 93
Trd, 4318553.393, 94
Trd, 4318554.593, 94
Trd, 4318556.593, 92
Trd, 4318557.693, 93
Trd, 4318559.093, 91
Trd, 4318559.443, 91
Trd, 4318560.093, 94
Trd, 4318561.443, 94
Trd, 4318563.143, 95
Trd, 4318565.493, 97
Trd, 4318565.843, 102
Trd, 4318566.393, 98
Trd, 4318568.093, 98
Trd, 4318569.143, 98
Trd, 4318569.693, 98
Trd, 4318571.593, 103
Trd, 4318572.043, 99
Trd, 4318574.043, 104
Trd, 4318576.243, 102
Trd, 4318578.843, 101
Trd, 4318580.043, 100
Trd, 4318580.293, 100
Trd, 4318582.543, 99
Trd, 4318582.993, 100
Trd, 4318586.643, 100
Trd, 4318587.193, 98
Trd, 4318587.443, 99
Trd, 4318590.793, 99
Trd, 4318592.043, 98
Trd, 4318593.393, 97
Trd, 4318594.093, 97
Trd, 4318596.793, 96
Trd, 4318597.093, 97
Trd, 4318598.443, 96
Trd, 4318600.543, 98
Trd, 4318602.093, 97
Trd, 4318603.443, 96
Trd, 4318604.943, 96
Trd, 4318606.743, 95
Trd, 4318607.543, 95
Trd, 4318608.543, 95
Trd, 4318609.593, 95
Trd, 4318609.693, 95
Trd, 4318612.443, 94
Trd, 4318613.593, 95
Trd, 4318616.493, 94
Trd, 4318618.593, 94
Trd, 4318619.893, 93
Trd, 4318620.243, 93
Trd, 4318622.243, 94
Trd, 4318625.243, 94
Trd, 4318626.743, 93
Trd, 4318628.043, 94
Trd, 4318628.943, 93
Trd, 4318629.793, 91
Trd, 4318631.493, 93
Trd, 4318634.343, 92
Trd, 4318635.243, 93
Trd, 4318636.193, 92
Trd, 4318637.493, 93
Trd, 4318639.343, 93
Trd, 4318640.643, 94
Trd, 4318640.943, 94
Trd, 4318642.693, 94
Trd, 4318643.243, 94
Trd, 4318643.893, 93
Trd, 4318645.593, 94
Trd, 4318646.993, 92
Trd, 4318648.543, 93
Trd, 4318649.943, 94
Trd, 4318651.093, 94
Trd, 4318653.693, 93
Trd, 4318653.743, 94
Trd, 4318654.943, 103
Trd, 4318655.593, 97
Trd, 4318657.093, 97
Trd, 4318658.643, 97
Trd, 4318659.843, 102
Trd, 4318662.243, 100
Trd, 4318662.643, 99
Trd, 4318664.993, 98
Trd, 4318665.493, 98
Trd, 4318665.593, 98
Trd, 4318668.893, 96
Trd, 4318669.293, 98
Trd, 4318669.743, 98
Trd, 4318670.693, 97
Trd, 4318672.743, 95
Trd, 4318673.743, 93
Trd, 4318674.743, 94
Trd, 4318675.193, 95
Trd, 4318676.443, 98
Trd, 4318677.843, 99
Trd, 4318678.543, 97
Trd, 4318680.243, 96
Trd, 4318680.543, 97
Trd, 4318684.343, 97
Trd, 4318684.393, 96
Trd, 4318685.193, 97
Trd, 4318687.593, 97
Trd, 4318688.993, 96
Trd, 4318689.893, 96
Trd, 4318690.193, 97
Trd, 4318691.143, 95
Trd, 4318694.543, 94
Trd, 4318694.793, 95
Trd, 4318696.993, 95
Trd, 4318698.143, 96
Trd, 4318700.093, 94
Trd, 4318701.093, 93
Trd, 4318701.543, 96
Trd, 4318703.693, 93
Trd, 4318705.243, 92
Trd, 4318705.843, 92
Trd, 4318706.543, 92
Trd, 4318708.993, 92
Trd, 4318709.943, 94
Trd, 4318711.143, 91
Trd, 4318712.993, 92
Trd, 4318713.043, 91
Trd, 4318716.143, 91
Trd, 4318718.493, 90
Trd, 4318718.593, 90
Trd, 4318720.543, 95
Trd, 4318721.193, 96
Trd, 4318722.693, 100
Trd, 4318723.193, 95
Trd, 4318724.793, 94
Trd, 4318730.043, 94
Trd, 4318730.343, 93
Trd, 4318731.143, 93
Trd, 4318731.693, 94
Trd, 4318734.043, 93
Trd, 4318734.343, 94
Trd, 4318734.943, 94
Trd, 4318736.493, 94
Trd, 4318738.443, 94
Trd, 4318740.543, 93
Trd, 4318741.493, 92
Trd, 4318743.193, 91
Trd, 4318743.593, 93
Trd, 4318746.643, 92
Trd, 4318748.793, 92
Trd, 4318748.943, 93
Trd, 4318749.543, 95
Trd, 4318751.143, 94
Trd, 4318751.693, 94
Trd, 4318752.943, 93
Trd, 4318754.643, 92
Trd, 4318755.193, 92
Trd, 4318755.843, 91
Trd, 4318757.493, 95
Trd, 4318759.043, 94
Trd, 4318761.793, 96
Trd, 4318762.443, 97
Trd, 4318763.843, 95
Trd, 4318764.993, 95
Trd, 4318767.043, 94
Trd, 4318767.943, 94
Trd, 4318768.993, 94
Trd, 4318770.293, 93
Trd, 4318772.443, 94
Trd, 4318775.643, 92
Trd, 4318775.843, 93
Trd, 4318776.443, 92
Trd, 4318777.943, 91
Trd, 4318777.993, 92
Trd, 4318779.043, 93
Trd, 4318780.993, 93
Trd, 4318781.893, 95
Trd, 4318782.093, 95
Trd, 4318783.493, 95
Trd, 4318785.193, 98
Trd, 4318785.493, 97
Trd, 4318787.093, 97
Trd, 4318787.393, 96
Trd, 4318790.893, 95
Trd, 4318791.293, 96
Trd, 4318792.093, 98
Trd, 4318794.693, 94
Trd, 4318794.893, 98
Trd, 4318798.543, 95
Trd, 4318799.543, 96
Trd, 4318800.293, 96
Trd, 4318802.693, 95
Trd, 4318804.193, 95
Trd, 4318806.393, 95
Trd, 4318807.293, 96
Trd, 4318807.543, 96
Trd, 4318809.543, 95
Trd, 4318809.893, 96
Trd, 4318810.393, 96
Trd, 4318811.993, 96
Trd, 4318813.243, 95
Trd, 4318813.693, 96
Trd, 4318814.793, 94
Trd, 4318817.443, 94
Trd, 4318818.943, 93
Trd, 4318819.643, 94
Trd, 4318820.943, 95
Trd, 4318821.993, 103
Trd, 4318824.443, 94
Trd, 4318825.293, 94
Trd, 4318826.893, 95
Trd, 4318827.643, 93
Trd, 4318828.243, 93
Trd, 4318829.343, 95
Trd, 4318831.043, 95
Trd, 4318831.343, 95
Trd, 4318831.893, 101
Trd, 4318834.643, 96
Trd, 4318835.043, 97
Trd, 4318835.593, 96
Trd, 4318836.793, 97
Trd, 4318837.443, 97
Trd, 4318839.493, 97
Trd, 4318842.893, 95
Trd, 4318843.443, 96
Trd, 4318843.893, 96
Trd, 4318845.343, 102
Trd, 4318847.993, 96
Trd, 4318848.343, 95
Trd, 4318848.693, 95
Trd, 4318850.793, 96
Trd, 4318852.193, 95
Trd, 4318852.393, 95
Trd, 4318854.593, 96
Trd, 4318856.743, 94
Trd, 4318857.493, 94
Trd, 4318857.843, 95
Trd, 4318859.593, 94
Trd, 4318861.693, 95
Trd, 4318862.893, 94
Trd, 4318867.043, 92
Trd, 4318867.443, 93
Trd, 4318867.593, 92
Trd, 4318868.143, 93
Trd, 4318868.493, 95
Trd, 4318870.593, 95
Trd, 4318872.193, 94
Trd, 4318875.243, 94
Trd, 4318876.243, 94
Trd, 4318877.093, 94
Trd, 4318878.093, 104
Trd, 4318878.843, 97
Trd, 4318879.143, 95
Trd, 4318879.293, 95
Trd, 4318882.043, 96
Trd, 4318882.493, 96
Trd, 4318884.143, 95
Trd, 4318884.493, 95
Trd, 4318886.843, 94
Trd, 4318887.943, 95
Trd, 4318890.843, 97
Trd, 4318891.593, 94
Trd, 4318892.643, 94
Trd, 4318893.793, 93
Trd, 4318894.793, 94
Trd, 4318895.943, 93
Trd, 4318897.743, 93
Trd, 4318898.393, 94
Trd, 4318898.993, 94
Trd, 4318900.643, 93
Trd, 4318904.143, 94
Trd, 4318904.643, 93
Trd, 4318905.593, 94
Trd, 4318907.843, 94
Trd, 4318909.943, 94
Trd, 4318910.793, 94
Trd, 4318911.793, 94
Trd, 4318914.143, 93
Trd, 4318914.443, 94
Trd, 4318916.993, 92
Trd, 4318917.093, 92
Trd, 4318917.993, 94
Trd, 4318919.393, 95
Trd, 4318921.343, 104
Trd, 4318921.443, 94
Trd, 4318921.743, 99
Trd, 4318926.493, 118
Trd, 4318926.643, 115
Trd, 4318926.693, 115
Trd, 4318928.643, 112
Trd, 4318931.193, 107
Trd, 4318931.393, 107
Trd, 4318932.093, 107
Trd, 4318932.993, 104
Trd, 4318934.393, 102
Trd, 4318935.993, 102
Trd, 4318938.343, 103
Trd, 4318939.293, 103
Trd, 4318939.643, 102
Trd, 4318940.393, 100
Trd, 4318942.643, 99
Trd, 4318944.443, 104
Trd, 4318945.043, 102
Trd, 4318946.393, 101
Trd, 4318948.143, 101
Trd, 4318949.893, 104
Trd, 4318951.143, 104
Trd, 4318952.493, 104
Trd, 4318953.393, 103
Trd, 4318954.343, 102
Trd, 4318957.593, 102
Trd, 4318957.693, 102
Trd, 4318958.893, 102
Trd, 4318961.093, 102
Trd, 4318962.943, 101
Trd, 4318962.993, 101
Trd, 4318965.793, 101
Trd, 4318966.193, 101
Trd, 4318968.593, 99
Trd, 4318971.393, 99
Trd, 4318973.043, 104
Trd, 4318973.643, 99
Trd, 4318974.993, 100
Trd, 4318977.143, 99
Trd, 4318977.293, 100
Trd, 4318979.193, 98
Trd, 4318979.843, 98
Trd, 4318981.793, 98
Trd, 4318984.493, 97
Trd, 4318985.693, 93
Trd, 4318985.843, 94
Trd, 4318986.343, 93
Trd, 4318987.843, 93
Trd, 4318988.943, 94
Trd, 4318990.443, 95
Trd, 4318991.293, 95
Trd, 4318993.193, 96
Trd, 4318995.743, 100
Trd, 4318995.793, 98
Trd, 4318996.843, 103
Trd, 4318998.293, 98
Trd, 4318999.243, 99
Trd, 4319001.293, 99
Trd, 4319003.343, 99
Trd, 4319003.693, 106
Trd, 4319004.993, 105
Trd, 4319006.043, 104
Trd, 4319006.893, 104
Trd, 4319007.793, 99
Trd, 4319009.143, 96
Trd, 4319009.993, 96
Trd, 4319011.293, 96
Trd, 4319012.643, 95
Trd, 4319014.043, 95
Trd, 4319016.093, 94
Trd, 4319016.843, 94
Trd, 4319019.993, 93
Trd, 4319024.943, 93
Trd, 4319026.893, 93
Trd, 4319028.093, 92
Trd, 4319028.193, 93
Trd, 4319029.443, 92
Trd, 4319029.893, 94
Trd, 4319033.743, 95
Trd, 4319036.543, 101
Trd, 4319036.643, 99
Trd, 4319038.493, 104
Trd, 4319038.943, 101
Trd, 4319039.943, 101
Trd, 4319041.043, 100
Trd, 4319042.043, 98
Trd, 4319042.443, 98
Trd, 4319042.743, 104
Trd, 4319043.643, 101
Trd, 4319047.443, 98
Trd, 4319047.843, 96
Trd, 4319048.743, 97
Trd, 4319048.793, 96
Trd, 4319051.093, 96
Trd, 4319052.643, 96
Trd, 4319054.843, 96
Trd, 4319056.243, 95
Trd, 4319058.143, 94
Trd, 4319058.743, 94
Trd, 4319059.543, 92
Trd, 4319059.893, 91
Trd, 4319060.293, 91
Trd, 4319061.143, 96
Trd, 4319064.293, 90
Trd, 4319064.793, 90
Trd, 4319065.393, 93
Trd, 4319067.493, 93
Trd, 4319072.443, 92
Trd, 4319072.943, 92
Trd, 4319073.043, 91
Trd, 4319073.593, 91
Trd, 4319075.693, 90
Trd, 4319077.493, 90
Trd, 4319078.443, 90
Trd, 4319080.043, 90
Trd, 4319082.593, 92
Trd, 4319082.693, 91
Trd, 4319083.593, 91
Trd, 4319085.493, 91
Trd, 4319085.843, 91
Trd, 4319086.293, 94
Trd, 4319088.643, 92
Trd, 4319090.443, 91
Trd, 4319092.743, 92
Trd, 4319095.643, 91
Trd, 4319095.993, 92
Trd, 4319097.593, 91
Trd, 4319100.243, 91
Trd, 4319101.693, 90
Trd, 4319101.793, 90
Trd, 4319102.643, 91
Trd, 4319104.993, 89
Trd, 4319105.443, 90
Trd, 4319106.943, 103
Trd, 4319107.593, 97
Trd, 4319108.893, 95
Trd, 4319109.243, 94
Trd, 4319110.743, 96
Trd, 4319112.793, 97
Trd, 4319114.193, 98
Trd, 4319114.993, 100
Trd, 4319115.893, 98
Trd, 4319119.143, 98
Trd, 4319119.293, 98
Trd, 4319120.593, 96
Trd, 4319120.893, 96
Trd, 4319122.293, 96
Trd, 4319122.993, 96
Trd, 4319124.543, 96
Trd, 4319124.943, 95
Trd, 4319126.243, 96
Trd, 4319127.393, 96
Trd, 4319132.093, 94
Trd, 4319133.143, 95
Trd, 4319133.543, 94
Trd, 4319137.843, 94
Trd, 4319138.693, 93
Trd, 4319139.393, 94
Trd, 4319139.743, 94
Trd, 4319139.993, 94
Trd, 4319141.893, 93
Trd, 4319143.193, 93
Trd, 4319144.793, 93
Trd, 4319145.843, 93
Trd, 4319146.143, 95
Trd, 4319148.143, 98
Trd, 4319149.393, 99
Trd, 4319149.693, 97
Trd, 4319150.943, 96
Trd, 4319153.493, 97
Trd, 4319154.693, 104
Trd, 4319155.693, 104
Trd, 4319157.093, 102
Trd, 4319157.643, 102
Trd, 4319157.993, 102
Trd, 4319160.343, 100
Trd, 4319160.693, 99
Trd, 4319161.543, 98
Trd, 4319162.543, 98
Trd, 4319164.393, 96
Trd, 4319166.043, 96
Trd, 4319166.793, 95
Trd, 4319169.143, 94
Trd, 4319169.993, 95
Trd, 4319170.243, 95
Trd, 4319172.093, 94
Trd, 4319173.743, 95
Trd, 4319174.643, 95
Trd, 4319175.493, 94
Trd, 4319176.193, 93
Trd, 4319181.993, 94
Trd, 4319182.643, 95
Trd, 4319183.443, 104
Trd, 4319185.543, 100
Trd, 4319186.043, 100
Trd, 4319187.493, 99
Trd, 4319187.943, 98
Trd, 4319188.493, 104
Trd, 4319191.843, 101
Trd, 4319192.343, 101
Trd, 4319192.543, 103
Trd, 4319194.793, 100
Trd, 4319195.743, 99
Trd, 4319197.943, 99
Trd, 4319201.193, 100
Trd, 4319201.343, 100
Trd, 4319202.243, 100
Trd, 4319204.493, 100
Trd, 4319205.443, 98
Trd, 4319207.593, 96
Trd, 4319209.143, 96
Trd, 4319210.543, 96
Trd, 4319212.943, 96
Trd, 4319214.393, 94
Trd, 4319214.493, 95
Trd, 4319215.193, 94
Trd, 4319215.843, 95
Trd, 4319217.893, 95
Trd, 4319220.043, 94
Trd, 4319220.743, 93
Trd, 4319223.193, 93
Trd, 4319224.343, 94
Trd, 4319225.243, 93
Trd, 4319226.693, 94
Trd, 4319228.743, 93
Trd, 4319231.393, 94
Trd, 4319231.943, 93
Trd, 4319234.593, 93
Trd, 4319234.743, 94
Trd, 4319234.893, 92
Trd, 4319236.193, 94
Trd, 4319236.493, 94
Trd, 4319236.793, 95
Trd, 4319239.893, 93
Trd, 4319241.343, 94
Trd, 4319241.543, 93
Trd, 4319242.793, 93
Trd, 4319243.393, 94
Trd, 4319249.693, 93
Trd, 4319250.043, 92
Trd, 4319252.793, 92
Trd, 4319253.393, 92
Trd, 4319253.443, 93
Trd, 4319254.443, 93
Trd, 4319258.093, 92
Trd, 4319259.493, 93
Trd, 4319260.593, 95
Trd, 4319262.393, 93
Trd, 4319262.793, 92
Trd, 4319266.193, 92
Trd, 4319267.743, 91
Trd, 4319268.093, 91
Trd, 4319270.093, 93
Trd, 4319270.343, 104
Trd, 4319271.393, 93
Trd, 4319273.843, 93
Trd, 4319275.443, 93
Trd, 4319279.143, 92
Trd, 4319280.043, 93
Trd, 4319280.593, 93
Trd, 4319281.793, 103
Trd, 4319281.993, 96
Trd, 4319284.793, 95
Trd, 4319286.043, 96
Trd, 4319286.193, 96
Trd, 4319286.993, 96
Trd, 4319289.843, 95
Trd, 4319290.993, 94
Trd, 4319292.993, 94
Trd, 4319293.893, 95
Trd, 4319294.143, 97
Trd, 4319296.593, 94
Trd, 4319298.643, 95
Trd, 4319299.743, 95
Trd, 4319301.843, 94
Trd, 4319303.743, 94
Trd, 4319303.993, 95
Trd, 4319304.393, 95
Trd, 4319306.593, 94
Trd, 4319307.343, 93
Trd, 4319309.643, 92
Trd, 4319311.043, 92
Trd, 4319312.343, 93
Trd, 4319312.393, 92
Trd, 4319314.193, 92
Trd, 4319314.943, 94
Trd, 4319316.393, 105
Trd, 4319316.793, 108
Trd, 4319317.843, 109
Trd, 4319318.093, 109
Trd, 4319319.993, 109
Trd, 4319320.143, 108
Trd, 4319321.593, 105
Trd, 4319323.143, 105
Trd, 4319323.693, 104
Trd, 4319325.393, 103
Trd, 4319327.243, 104
Trd, 4319327.643, 104
Trd, 4319330.093, 103
Trd, 4319331.893, 102
Trd, 4319332.343, 102
Trd, 4319332.893, 103
Trd, 4319332.993, 103
Trd, 4319334.943, 102
Trd, 4319337.693, 100
Trd, 4319338.343, 102
Trd, 4319339.393, 100
Trd, 4319339.693, 99
Trd, 4319340.893, 96
Trd, 4319341.543, 97
Trd, 4319344.393, 97
Trd, 4319345.393, 101
Trd, 4319346.843, 97
Trd, 4319347.593, 97
Trd, 4319347.693, 97
Trd, 4319350.143, 96
Trd, 4319351.343, 96
Trd, 4319353.343, 95
Trd, 4319354.693, 94
Trd, 4319355.543, 95
Trd, 4319356.443, 94
Trd, 4319356.943, 92
Trd, 4319357.243, 92
Trd, 4319358.493, 105
Trd, 4319360.343, 107
Trd, 4319360.793, 106
Trd, 4319360.893, 105
Trd, 4319362.143, 106
Trd, 4319364.493, 104
Trd, 4319366.843, 108
Trd, 4319367.543, 102
Trd, 4319368.143, 102
Trd, 4319369.093, 103
Trd, 4319371.043, 103
Trd, 4319372.343, 101
Trd, 4319374.393, 101
Trd, 4319375.693, 101
Trd, 4319377.643, 101
Trd, 4319379.643, 101
Trd, 4319383.193, 100
Trd, 4319384.393, 101
Trd, 4319385.393, 100
Trd, 4319386.493, 100
Trd, 4319387.593, 101
Trd, 4319393.243, 98
Trd, 4319394.143, 98
Trd, 4319396.393, 97
Trd, 4319396.893, 96
Trd, 4319398.743, 97
Trd, 4319400.043, 97
Trd, 4319402.193, 114
Trd, 4319402.943, 111
Trd, 4319403.793, 111
Trd, 4319406.893, 110
Trd, 4319408.443, 108
Trd, 4319408.943, 104
Trd, 4319409.593, 103
Trd, 4319409.743, 103
Trd, 4319411.193, 103
Trd, 4319412.443, 103
Trd, 4319414.143, 103
Trd, 4319415.443, 103
Trd, 4319415.543, 104
Trd, 4319416.243, 104
Trd, 4319420.443, 104
Trd, 4319421.843, 104
Trd, 4319422.493, 103
Trd, 4319423.543, 103
Trd, 4319427.493, 103
Trd, 4319428.243, 102
Trd, 4319429.693, 103
Trd, 4319430.793, 102
Trd, 4319432.293, 103
Trd, 4319433.243, 103
Trd, 4319433.693, 103
Trd, 4319434.993, 102
Trd, 4319437.043, 102
Trd, 4319438.393, 103
Trd, 4319442.193, 102
Trd, 4319443.543, 100
Trd, 4319444.043, 101
Trd, 4319446.043, 101
Trd, 4319449.543, 99
Trd, 4319449.893, 99
Trd, 4319450.943, 100
Trd, 4319454.243, 98
Trd, 4319456.293, 99
Trd, 4319457.293, 98
Trd, 4319457.493, 98
Trd, 4319458.093, 98
Trd, 4319459.943, 98
Trd, 4319461.843, 96
Trd, 4319463.093, 96
Trd, 4319463.493, 97
Trd, 4319466.093, 97
Trd, 4319466.243, 98
Trd, 4319469.493, 98
Trd, 4319469.743, 97
Trd, 4319469.943, 97
Trd, 4319471.293, 98
Trd, 4319472.293, 98
Trd, 4319475.343, 97
Trd, 4319476.143, 97
Trd, 4319476.793, 97
Trd, 4319478.393, 96
Trd, 4319481.143, 95
Trd, 4319481.493, 95
Trd, 4319482.543, 95
Trd, 4319483.893, 93
Trd, 4319484.743, 93
Trd, 4319485.443, 94
Trd, 4319487.593, 93
Trd, 4319490.243, 94
Trd, 4319490.543, 95
Trd, 4319492.393, 94
Trd, 4319493.093, 95
Trd, 4319495.293, 94
Trd, 4319496.993, 94
Trd, 4319498.043, 94
Trd, 4319500.693, 94
Trd, 4319501.643, 94
Trd, 4319502.843, 94
Trd, 4319504.693, 93
Trd, 4319504.793, 95
Trd, 4319505.293, 95
Trd, 4319507.893, 102
Trd, 4319508.443, 98
Trd, 4319510.443, 97
Trd, 4319510.593, 97
Trd, 4319512.793, 97
Trd, 4319512.893, 98
Trd, 4319516.143, 97
Trd, 4319517.543, 94
Trd, 4319518.593, 95
Trd, 4319519.443, 95
Trd, 4319521.243, 95
Trd, 4319521.393, 94
Trd, 4319521.843, 95
Trd, 4319523.893, 93
Trd, 4319524.093, 92
Trd, 4319527.693, 93
Trd, 4319527.993, 92
Trd, 4319529.593, 94
Trd, 4319530.193, 94
Trd, 4319531.693, 93
Trd, 4319532.943, 92
Trd, 4319533.893, 95
Trd, 4319534.493, 95
Trd, 4319536.493, 103
Trd, 4319537.193, 104
Trd, 4319538.043, 103
Trd, 4319538.593, 97
Trd, 4319540.393, 95
Trd, 4319541.243, 95
Trd, 4319541.643, 95
Trd, 4319542.343, 95
Trd, 4319546.043, 95
Trd, 4319547.043, 96
Trd, 4319547.843, 102
Trd, 4319549.693, 105
Trd, 4319550.193, 104
Trd, 4319551.243, 103
Trd, 4319552.743, 103
Trd, 4319553.743, 102
Trd, 4319555.043, 101
Trd, 4319556.593, 101
Trd, 4319556.743, 100
Trd, 4319557.843, 104
Trd, 4319561.193, 103
Trd, 4319562.443, 102
Trd, 4319564.193, 101
Trd, 4319564.843, 100
Trd, 4319565.943, 100
Trd, 4319566.993, 100
Trd, 4319568.843, 98
Trd, 4319571.093, 97
Trd, 4319571.643, 96
Trd, 4319571.843, 96
Trd, 4319572.743, 95
Trd, 4319574.343, 108
Trd, 4319575.443, 109
Trd, 4319575.493, 104
Trd, 4319576.743, 102
Trd, 4319577.593, 101
Trd, 4319579.843, 101
Trd, 4319582.193, 100
Trd, 4319583.143, 99
Trd, 4319584.993, 98
Trd, 4319585.693, 104
Trd, 4319586.143, 104
Trd, 4319588.493, 104
Trd, 4319589.443, 106
Trd, 4319590.343, 105
Trd, 4319591.643, 103
Trd, 4319591.793, 103
Trd, 4319593.843, 104
Trd, 4319594.293, 104
Trd, 4319597.093, 103
Trd, 4319597.743, 104
Trd, 4319599.143, 104
Trd, 4319599.793, 104
Trd, 4319600.143, 104
Trd, 4319602.143, 100
Trd, 4319602.743, 100
Trd, 4319603.743, 101
Trd, 4319605.943, 106
Trd, 4319607.143, 108
Trd, 4319608.393, 106
Trd, 4319609.093, 106
Trd, 4319609.243, 104
Trd, 4319610.743, 105
Trd, 4319611.293, 104
Trd, 4319614.793, 99
Trd, 4319616.893, 102
Trd, 4319617.143, 103
Trd, 4319617.543, 101
Trd, 4319618.643, 100
Trd, 4319620.393, 100
Trd, 4319621.093, 101
Trd, 4319623.993, 99
Trd, 4319624.793, 98
Trd, 4319626.893, 97
Trd, 4319629.293, 98
Trd, 4319629.743, 97
Trd, 4319632.543, 97
Trd, 4319634.493, 97
Trd, 4319635.143, 96
Trd, 4319635.593, 97
Trd, 4319637.693, 95
Trd, 4319637.843, 94
Trd, 4319640.193, 95
Trd, 4319642.293, 94
Trd, 4319642.493, 95
Trd, 4319644.043, 95
Trd, 4319647.243, 93
Trd, 4319648.893, 94
Trd, 4319649.493, 94
Trd, 4319650.243, 94
Trd, 4319652.993, 93
Trd, 4319653.893, 94
Trd, 4319654.443, 94
Trd, 4319655.043, 95
Trd, 4319655.743, 94
Trd, 4319656.793, 103
Trd, 4319658.843, 96
Trd, 4319660.393, 97
Trd, 4319661.393, 98
Trd, 4319663.193, 98
Trd, 4319664.543, 96
Trd, 4319665.143, 98
Trd, 4319667.043, 95
Trd, 4319667.293, 94
Trd, 4319668.393, 95
Trd, 4319672.993, 96
Trd, 4319673.443, 95
Trd, 4319674.043, 96
Trd, 4319674.143, 94
Trd, 4319675.843, 96
Trd, 4319679.793, 94
Trd, 4319680.143, 94
Trd, 4319680.343, 94
Trd, 4319681.243, 93
Trd, 4319682.893, 93
Trd, 4319683.993, 93
Trd, 4319686.193, 92
Trd, 4319686.293, 93
Trd, 4319687.793, 92
Trd, 4319687.943, 93
Trd, 4319691.593, 95
Trd, 4319693.293, 96
Trd, 4319693.643, 99
Trd, 4319696.793, 94
Trd, 4319698.193, 97
Trd, 4319698.443, 101
Trd, 4319699.193, 103
Trd, 4319700.643, 103
Trd, 4319701.143, 102
Trd, 4319703.093, 102
Trd, 4319703.143, 99
Trd, 4319707.093, 101
Trd, 4319707.543, 102
Trd, 4319708.493, 103
Trd, 4319709.243, 101
Trd, 4319709.343, 103
Trd, 4319712.243, 102
Trd, 4319714.943, 100
Trd, 4319715.293, 96
Trd, 4319715.893, 98
Trd, 4319718.343, 95
Trd, 4319720.193, 95
Trd, 4319721.293, 94
Trd, 4319721.593, 95
Trd, 4319723.593, 94
Trd, 4319724.843, 94
Trd, 4319725.843, 94
Trd, 4319726.393, 95
Trd, 4319728.743, 95
Trd, 4319729.543, 96
Trd, 4319730.693, 96
Trd, 4319731.943, 95
Trd, 4319735.043, 90
Trd, 4319735.343, 89
Trd, 4319735.643, 88
Trd, 4319737.743, 90
Trd, 4319740.343, 94
Trd, 4319741.743, 92
Trd, 4319741.993, 92
Trd, 4319742.043, 93
Trd, 4319746.793, 91
Trd, 4319748.843, 91
Trd, 4319751.143, 91
Trd, 4319751.793, 90
Trd, 4319752.693, 89
Trd, 4319753.893, 90
Trd, 4319755.043, 90
Trd, 4319756.643, 89
Trd, 4319756.693, 90
Trd, 4319759.593, 90
Trd, 4319760.043, 89
Trd, 4319760.993, 95
Trd, 4319763.393, 91
Trd, 4319764.843, 90
Trd, 4319764.943, 89
Trd, 4319767.643, 89
Trd, 4319769.493, 88
Trd, 4319770.343, 89
Trd, 4319772.043, 89
Trd, 4319774.143, 87
Trd, 4319775.943, 88
Trd, 4319776.243, 86
Trd, 4319778.893, 86
Trd, 4319779.043, 86
Trd, 4319780.643, 94
Trd, 4319783.593, 85
Trd, 4319786.193, 84
Trd, 4319786.393, 86
Trd, 4319787.043, 86
Trd, 4319787.743, 86
Trd, 4319788.443, 94
Trd, 4319789.943, 89
Trd, 4319793.843, 94
Trd, 4319794.793, 91
Trd, 4319797.443, 90
Trd, 4319797.543, 91
Trd, 4319800.543, 91
Trd, 4319800.593, 95
Trd, 4319801.443, 96
Trd, 4319801.793, 97
Trd, 4319802.343, 97
Trd, 4319803.543, 96
Trd, 4319804.843, 96
Trd, 4319805.443, 97
Trd, 4319808.193, 95
Trd, 4319809.893, 95
Trd, 4319810.843, 95
Trd, 4319812.443, 95
Trd, 4319813.893, 95
Trd, 4319815.793, 94
Trd, 4319817.043, 94
Trd, 4319818.143, 94
Trd, 4319821.193, 94
Trd, 4319821.793, 93
Trd, 4319822.943, 94
Trd, 4319823.093, 93
Trd, 4319824.843, 94
Trd, 4319829.793, 94
Trd, 4319830.343, 94
Trd, 4319831.193, 93
Trd, 4319834.093, 94
Trd, 4319836.793, 94
Trd, 4319838.893, 94
Trd, 4319840.193, 93
Trd, 4319840.643, 95
Trd, 4319841.793, 94
Trd, 4319844.593, 95
Trd, 4319846.693, 94
Trd, 4319847.343, 94
Trd, 4319847.393, 95
Trd, 4319850.793, 93
Trd, 4319852.543, 93
Trd, 4319853.793, 92
Trd, 4319853.893, 92
Trd, 4319854.793, 93
Trd, 4319855.093, 93
Trd, 4319856.893, 92
Trd, 4319858.043, 93
Trd, 4319859.343, 93
Trd, 4319860.093, 104
Trd, 4319860.843, 103
Trd, 4319861.043, 103
Trd, 4319864.093, 101
Trd, 4319864.643, 101
Trd, 4319866.243, 100
Trd, 4319867.543, 100
Trd, 4319868.343, 100
Trd, 4319869.093, 100
Trd, 4319870.593, 99
Trd, 4319871.543, 98
Trd, 4319875.143, 99
Trd, 4319877.593, 98
Trd, 4319878.343, 96
Trd, 4319879.393, 98
Trd, 4319880.243, 95
Trd, 4319880.593, 96
Trd, 4319883.393, 96
Trd, 4319886.193, 96
Trd, 4319886.943, 94
Trd, 4319887.093, 94
Trd, 4319887.143, 94
Trd, 4319888.343, 95
Trd, 4319892.443, 95
Trd, 4319892.793, 94
Trd, 4319894.043, 93
Trd, 4319895.243, 94
Trd, 4319897.993, 93
Trd, 4319898.093, 93
Trd, 4319900.843, 93
Trd, 4319904.243, 92
Trd, 4319904.643, 93
Trd, 4319904.993, 94
Trd, 4319906.393, 92
Trd, 4319907.343, 93
Trd, 4319908.693, 91
Trd, 4319909.893, 92
Trd, 4319910.643, 92
Trd, 4319911.143, 95
Trd, 4319915.343, 92
Trd, 4319915.843, 93
Trd, 4319916.593, 94
Trd, 4319917.593, 93
Trd, 4319918.943, 93
Trd, 4319919.343, 94
Trd, 4319923.443, 92
Trd, 4319923.843, 93
Trd, 4319924.743, 93
Trd, 4319926.293, 92
Trd, 4319928.243, 91
Trd, 4319930.193, 91
Trd, 4319932.493, 94
Trd, 4319933.143, 92
Trd, 4319934.243, 93
Trd, 4319937.293, 92
Trd, 4319938.643, 92
Trd, 4319939.243, 92
Trd, 4319939.643, 93
Trd, 4319940.143, 95
Trd, 4319941.943, 93
Trd, 4319943.493, 94
Trd, 4319945.143, 92
Trd, 4319945.543, 94
Trd, 4319947.443, 92
Trd, 4319947.493, 93
Trd, 4319952.193, 93
Trd, 4319952.493, 92
Trd, 4319953.043, 93
Trd, 4319954.593, 92
Trd, 4319957.593, 91
Trd, 4319957.743, 91
Trd, 4319959.443, 95
Trd, 4319960.443, 90
Trd, 4319964.793, 90
Trd, 4319965.793, 90
Trd, 4319966.143, 91
Trd, 4319968.443, 104
Trd, 4319969.843, 96
Trd, 4319969.893, 96
Trd, 4319972.093, 95
Trd, 4319973.393, 96
Trd, 4319974.793, 94
Trd, 4319976.193, 95
Trd, 4319977.393, 94
Trd, 4319978.693, 95
Trd, 4319979.993, 94
Trd, 4319980.843, 94
Trd, 4319981.093, 93
Trd, 4319982.193, 95
Trd, 4319983.793, 92
Trd, 4319986.493, 95
Trd, 4319987.343, 93
Trd, 4319989.693, 93
Trd, 4319990.643, 94
Trd, 4319991.793, 93
Trd, 4319992.343, 94
Trd, 4319993.843, 94
Trd, 4319996.593, 93
Trd, 4319998.093, 96
Trd, 4319999.693, 99
