Trd, 4317884.443, 97
Trd, 4317885.893, 101
Trd, 4317886.443, 96
Trd, 4317886.643, 102
Trd, 4317889.843, 95
Trd, 4317889.943, 81
Trd, 4317890.793, 96
Trd, 4317892.093, 113
Trd, 4317893.243, 103
Trd, 4317894.043, 98
Trd, 4317895.143, 103
Trd, 4317896.393, 97
Trd, 4317899.043, 98
Trd, 4317900.093, 94
Trd, 4317900.493, 95
Trd, 4317901.693, 96
Trd, 4317902.843, 96
Trd, 4317904.293, 97
Trd, 4317904.593, 94
Trd, 4317905.193, 95
Trd, 4317906.393, 96
Trd, 4317908.393, 94
Trd, 4317909.243, 96
Trd, 4317910.093, 78
Trd, 4317911.543, 94
Trd, 4317914.893, 90
Trd, 4317916.243, 89
Trd, 4317918.043, 93
Trd, 4317918.443, 88
Trd, 4317921.793, 93
Trd, 4317922.093, 97
Trd, 4317924.893, 87
Trd, 4317928.543, 90
Trd, 4317928.793, 91
Trd, 4317930.593, 86
Trd, 4317930.993, 95
Trd, 4317932.243, 96
Trd, 4317933.093, 114
Trd, 4317933.743, 95
Trd, 4317934.543, 94
Trd, 4317934.693, 76
Trd, 4317936.893, 91
Trd, 4317938.593, 98
Trd, 4317940.143, 93
Trd, 4317941.893, 113
Trd, 4317944.193, 98
Trd, 4317946.343, 96
Trd, 4317946.893, 94
Trd, 4317947.943, 93
Trd, 4317950.343, 96
Trd, 4317952.393, 96
Trd, 4317952.593, 92
Trd, 4317953.193, 101
Trd, 4317954.843, 98
Trd, 4317956.393, 91
Trd, 4317958.493, 91
Trd, 4317960.143, 90
Trd, 4317960.643, 101
Trd, 4317961.793, 90
Trd, 4317963.193, 94
Trd, 4317967.043, 107
Trd, 4317969.193, 93
Trd, 4317969.743, 92
Trd, 4317970.693, 99
Trd, 4317971.343, 91
Trd, 4317972.493, 98
Trd, 4317975.643, 94
Trd, 4317977.743, 92
Trd, 4317979.943, 93
Trd, 4317980.193, 106
Trd, 4317980.643, 99
Trd, 4317981.093, 95
Trd, 4317982.493, 96
Trd, 4317983.393, 114
Trd, 4317986.243, 94
Trd, 4317986.893, 94
Trd, 4317989.143, 97
Trd, 4317992.843, 96
Trd, 4317993.643, 96
Trd, 4317995.043, 94
Trd, 4317995.893, 97
Trd, 4317996.193, 98
Trd, 4317997.693, 98
Trd, 4317999.993, 97
Trd, 4318000.193, 96
Trd, 4318004.743, 97
Trd, 4318004.893, 98
Trd, 4318005.643, 98
Trd, 4318005.743, 96
Trd, 4318007.343, 94
Trd, 4318007.793, 76
Trd, 4318009.993, 92
Trd, 4318010.193, 89
Trd, 4318011.293, 95
Trd, 4318012.493, 131
Trd, 4318012.743, 118
Trd, 4318016.843, 101
Trd, 4318018.943, 101
Trd, 4318019.743, 113
Trd, 4318020.243, 98
Trd, 4318021.493, 95
Trd, 4318023.143, 95
Trd, 4318023.793, 97
Trd, 4318025.393, 89
Trd, 4318026.993, 95
Trd, 4318027.043, 93
Trd, 4318032.793, 94
Trd, 4318033.843, 94
Trd, 4318034.393, 103
Trd, 4318035.093, 92
Trd, 4318036.943, 99
Trd, 4318037.893, 99
Trd, 4318038.293, 95
Trd, 4318039.593, 95
Trd, 4318041.443, 107
Trd, 4318041.543, 98
Trd, 4318043.743, 113
Trd, 4318044.893, 99
Trd, 4318046.543, 104
Trd, 4318046.943, 105
Trd, 4318047.843, 98
Trd, 4318048.443, 97
Trd, 4318049.243, 104
Trd, 4318049.793, 94
Trd, 4318052.193, 102
Trd, 4318052.943, 99
Trd, 4318053.093, 100
Trd, 4318053.893, 98
Trd, 4318055.743, 97
Trd, 4318056.543, 89
Trd, 4318056.843, 90
Trd, 4318057.143, 91
Trd, 4318057.993, 91
Trd, 4318060.693, 113
Trd, 4318061.343, 93
Trd, 4318063.143, 101
Trd, 4318063.993, 90
Trd, 4318064.193, 95
Trd, 4318064.793, 78
Trd, 4318067.493, 91
Trd, 4318069.593, 91
Trd, 4318071.193, 90
Trd, 4318072.143, 92
Trd, 4318073.043, 90
Trd, 4318074.543, 92
Trd, 4318077.443, 93
Trd, 4318078.493, 97
Trd, 4318080.093, 91
Trd, 4318080.993, 95
Trd, 4318081.493, 112
Trd, 4318082.893, 91
Trd, 4318084.093, 93
Trd, 4318084.493, 97
Trd, 4318084.693, 92
Trd, 4318086.993, 92
Trd, 4318087.693, 94
Trd, 4318089.143, 98
Trd, 4318091.993, 95
Trd, 4318092.543, 99
Trd, 4318094.543, 98
Trd, 4318094.693, 93
Trd, 4318094.893, 99
Trd, 4318095.093, 113
Trd, 4318100.143, 96
Trd, 4318101.043, 100
Trd, 4318103.443, 95
Trd, 4318103.643, 99
Trd, 4318104.443, 94
Trd, 4318105.193, 100
Trd, 4318109.893, 94
Trd, 4318110.193, 97
Trd, 4318111.693, 92
Trd, 4318112.543, 87
Trd, 4318113.843, 107
Trd, 4318113.993, 113
Trd, 4318114.643, 90
Trd, 4318116.293, 100
Trd, 4318118.343, 90
Trd, 4318118.843, 90
Trd, 4318119.043, 89
Trd, 4318120.893, 114
Trd, 4318121.643, 97
Trd, 4318124.343, 98
Trd, 4318127.643, 96
Trd, 4318127.693, 97
Trd, 4318128.493, 97
Trd, 4318128.793, 95
Trd, 4318130.893, 94
Trd, 4318134.243, 95
Trd, 4318134.343, 96
Trd, 4318134.693, 95
Trd, 4318135.143, 97
Trd, 4318138.093, 115
Trd, 4318138.643, 94
Trd, 4318139.993, 94
Trd, 4318141.143, 95
Trd, 4318141.893, 95
Trd, 4318143.143, 93
Trd, 4318143.993, 96
Trd, 4318144.243, 96
Trd, 4318145.943, 97
Trd, 4318146.893, 95
Trd, 4318147.243, 97
Trd, 4318147.593, 104
Trd, 4318151.493, 96
Trd, 4318152.093, 98
Trd, 4318152.143, 98
Trd, 4318153.393, 100
Trd, 4318154.043, 95
Trd, 4318157.143, 94
Trd, 4318157.193, 99
Trd, 4318158.443, 93
Trd, 4318158.793, 105
Trd, 4318160.043, 100
Trd, 4318161.743, 101
Trd, 4318162.443, 92
Trd, 4318165.793, 100
Trd, 4318168.743, 98
Trd, 4318169.093, 97
Trd, 4318169.643, 111
Trd, 4318170.043, 96
Trd, 4318171.393, 104
Trd, 4318171.743, 94
Trd, 4318173.793, 113
Trd, 4318175.343, 97
Trd, 4318178.943, 101
Trd, 4318179.143, 106
Trd, 4318180.093, 100
Trd, 4318180.543, 94
Trd, 4318181.093, 95
Trd, 4318182.043, 97
Trd, 4318183.193, 117
Trd, 4318184.243, 96
Trd, 4318185.293, 102
Trd, 4318187.693, 103
Trd, 4318189.193, 102
Trd, 4318190.193, 99
Trd, 4318191.093, 94
Trd, 4318191.193, 103
Trd, 4318194.393, 102
Trd, 4318195.193, 115
Trd, 4318196.493, 104
Trd, 4318197.493, 104
Trd, 4318198.143, 77
Trd, 4318198.793, 105
Trd, 4318201.493, 96
Trd, 4318202.043, 95
Trd, 4318202.443, 97
Trd, 4318202.893, 94
Trd, 4318203.543, 99
Trd, 4318206.093, 99
Trd, 4318208.593, 99
Trd, 4318209.293, 99
Trd, 4318212.043, 98
Trd, 4318212.593, 81
Trd, 4318213.543, 106
Trd, 4318214.793, 92
Trd, 4318216.843, 91
Trd, 4318217.243, 96
Trd, 4318217.693, 96
Trd, 4318218.193, 90
Trd, 4318218.743, 111
Trd, 4318220.893, 98
Trd, 4318221.493, 89
Trd, 4318223.743, 89
Trd, 4318225.043, 95
Trd, 4318226.993, 96
Trd, 4318228.743, 94
Trd, 4318229.193, 97
Trd, 4318229.743, 97
Trd, 4318230.043, 93
Trd, 4318231.793, 97
Trd, 4318234.893, 96
Trd, 4318236.393, 95
Trd, 4318237.343, 96
Trd, 4318237.843, 113
Trd, 4318242.293, 94
Trd, 4318242.693, 98
Trd, 4318242.893, 94
Trd, 4318246.543, 96
Trd, 4318247.343, 98
Trd, 4318248.243, 94
Trd, 4318249.293, 95
Trd, 4318252.443, 95
Trd, 4318252.943, 93
Trd, 4318253.193, 95
Trd, 4318255.493, 95
Trd, 4318256.293, 92
Trd, 4318256.593, 92
Trd, 4318257.293, 95
Trd, 4318259.893, 99
Trd, 4318261.393, 92
Trd, 4318262.393, 91
Trd, 4318263.843, 96
Trd, 4318265.993, 94
Trd, 4318268.093, 92
Trd, 4318269.193, 91
Trd, 4318269.943, 94
Trd, 4318270.943, 95
Trd, 4318272.843, 102
Trd, 4318274.443, 111
Trd, 4318275.443, 104
Trd, 4318276.143, 105
Trd, 4318277.443, 95
Trd, 4318277.743, 96
Trd, 4318278.843, 98
Trd, 4318280.093, 98
Trd, 4318281.493, 97
Trd, 4318282.193, 98
Trd, 4318282.893, 109
Trd, 4318285.243, 99
Trd, 4318286.293, 102
Trd, 4318286.443, 94
Trd, 4318288.893, 96
Trd, 4318289.443, 89
Trd, 4318291.193, 93
Trd, 4318293.193, 97
Trd, 4318294.243, 98
Trd, 4318297.693, 109
Trd, 4318298.193, 95
Trd, 4318298.493, 101
Trd, 4318301.593, 97
Trd, 4318302.893, 94
Trd, 4318303.043, 94
Trd, 4318307.043, 95
Trd, 4318308.393, 95
Trd, 4318309.143, 95
Trd, 4318311.143, 96
Trd, 4318312.643, 95
Trd, 4318313.143, 93
Trd, 4318313.993, 113
Trd, 4318314.693, 91
Trd, 4318316.693, 95
Trd, 4318317.943, 97
Trd, 4318321.993, 94
Trd, 4318323.893, 90
Trd, 4318324.143, 90
Trd, 4318326.893, 93
Trd, 4318326.943, 94
Trd, 4318327.393, 90
Trd, 4318328.293, 91
Trd, 4318328.593, 94
Trd, 4318331.943, 90
Trd, 4318333.393, 93
Trd, 4318334.393, 97
Trd, 4318334.743, 95
Trd, 4318335.043, 91
Trd, 4318336.393, 114
Trd, 4318337.243, 98
Trd, 4318339.643, 79
Trd, 4318340.693, 90
Trd, 4318341.343, 92
Trd, 4318341.893, 96
Trd, 4318343.193, 94
Trd, 4318343.543, 90
Trd, 4318345.293, 94
Trd, 4318345.993, 94
Trd, 4318347.343, 94
Trd, 4318348.343, 97
Trd, 4318348.943, 96
Trd, 4318349.543, 97
Trd, 4318350.743, 104
Trd, 4318353.793, 95
Trd, 4318353.993, 100
Trd, 4318356.393, 94
Trd, 4318356.493, 94
Trd, 4318357.243, 96
Trd, 4318357.693, 96
Trd, 4318359.393, 95
Trd, 4318359.493, 115
Trd, 4318360.843, 121
Trd, 4318362.143, 95
Trd, 4318362.193, 93
Trd, 4318362.643, 81
Trd, 4318367.143, 102
Trd, 4318368.743, 101
Trd, 4318368.793, 96
Trd, 4318369.743, 95
Trd, 4318369.943, 95
Trd, 4318371.393, 98
Trd, 4318372.243, 95
Trd, 4318372.543, 99
Trd, 4318374.443, 95
Trd, 4318377.743, 95
Trd, 4318378.143, 94
Trd, 4318378.493, 94
Trd, 4318379.943, 95
Trd, 4318379.993, 97
Trd, 4318381.493, 92
Trd, 4318384.693, 95
Trd, 4318385.243, 113
Trd, 4318386.643, 102
Trd, 4318388.243, 95
Trd, 4318390.093, 97
Trd, 4318390.493, 97
Trd, 4318391.043, 96
Trd, 4318393.643, 94
Trd, 4318394.993, 97
Trd, 4318396.593, 93
Trd, 4318396.943, 95
Trd, 4318400.843, 92
Trd, 4318401.593, 93
Trd, 4318402.293, 96
Trd, 4318402.443, 92
Trd, 4318404.593, 95
Trd, 4318406.893, 92
Trd, 4318407.693, 113
Trd, 4318409.293, 97
Trd, 4318409.443, 99
Trd, 4318410.343, 131
Trd, 4318411.643, 106
Trd, 4318412.093, 107
Trd, 4318412.743, 90
Trd, 4318414.693, 99
Trd, 4318417.393, 96
Trd, 4318418.593, 96
Trd, 4318420.493, 96
Trd, 4318420.543, 100
Trd, 4318420.893, 109
Trd, 4318421.193, 103
Trd, 4318422.743, 102
Trd, 4318423.043, 104
Trd, 4318423.193, 93
Trd, 4318423.443, 109
Trd, 4318428.543, 103
Trd, 4318429.443, 99
Trd, 4318430.793, 100
Trd, 4318431.743, 100
Trd, 4318432.543, 81
Trd, 4318433.093, 115
Trd, 4318434.393, 106
Trd, 4318434.943, 90
Trd, 4318437.743, 94
Trd, 4318440.293, 98
Trd, 4318440.593, 96
Trd, 4318440.743, 93
Trd, 4318441.293, 92
Trd, 4318442.743, 92
Trd, 4318445.043, 91
Trd, 4318445.093, 105
Trd, 4318446.293, 115
Trd, 4318449.293, 96
Trd, 4318451.043, 93
Trd, 4318453.893, 95
Trd, 4318454.993, 94
Trd, 4318455.043, 96
Trd, 4318456.193, 93
Trd, 4318456.243, 93
Trd, 4318460.693, 95
Trd, 4318461.193, 95
Trd, 4318461.743, 107
Trd, 4318462.893, 102
Trd, 4318463.093, 102
Trd, 4318463.143, 92
Trd, 4318465.443, 103
Trd, 4318465.793, 102
Trd, 4318465.893, 115
Trd, 4318467.193, 101
Trd, 4318468.293, 76
Trd, 4318468.843, 104
Trd, 4318472.193, 92
Trd, 4318473.443, 94
Trd, 4318475.493, 94
Trd, 4318476.993, 94
Trd, 4318477.793, 95
Trd, 4318482.143, 94
Trd, 4318482.893, 93
Trd, 4318483.543, 96
Trd, 4318487.793, 95
Trd, 4318487.893, 92
Trd, 4318489.293, 95
Trd, 4318490.593, 95
Trd, 4318491.693, 97
Trd, 4318492.943, 91
Trd, 4318492.993, 91
Trd, 4318496.493, 94
Trd, 4318496.643, 90
Trd, 4318498.793, 94
Trd, 4318499.493, 118
Trd, 4318500.593, 99
Trd, 4318502.543, 89
Trd, 4318502.843, 94
Trd, 4318503.793, 89
Trd, 4318505.893, 94
Trd, 4318508.243, 100
Trd, 4318509.443, 94
Trd, 4318511.093, 91
Trd, 4318513.193, 88
Trd, 4318513.643, 91
Trd, 4318514.493, 93
Trd, 4318517.143, 93
Trd, 4318518.393, 93
Trd, 4318519.843, 95
Trd, 4318520.793, 101
Trd, 4318521.393, 97
Trd, 4318525.593, 112
Trd, 4318525.743, 102
Trd, 4318527.543, 102
Trd, 4318528.243, 94
Trd, 4318528.543, 86
Trd, 4318529.393, 97
Trd, 4318530.093, 100
Trd, 4318530.143, 102
Trd, 4318533.493, 105
Trd, 4318534.693, 103
Trd, 4318534.843, 117
Trd, 4318537.193, 106
Trd, 4318537.243, 101
Trd, 4318538.843, 94
Trd, 4318539.343, 106
Trd, 4318539.993, 86
Trd, 4318542.043, 93
Trd, 4318542.993, 93
Trd, 4318544.093, 96
Trd, 4318544.593, 78
Trd, 4318546.843, 92
Trd, 4318547.943, 91
Trd, 4318549.043, 131
Trd, 4318550.443, 100
Trd, 4318551.193, 100
Trd, 4318552.043, 102
Trd, 4318553.443, 96
Trd, 4318555.143, 97
Trd, 4318556.743, 102
Trd, 4318558.543, 103
Trd, 4318560.343, 103
Trd, 4318560.543, 103
Trd, 4318563.043, 103
Trd, 4318565.343, 100
Trd, 4318566.893, 100
Trd, 4318566.993, 102
Trd, 4318567.693, 104
Trd, 4318570.843, 112
Trd, 4318571.693, 99
Trd, 4318573.193, 108
Trd, 4318573.743, 102
Trd, 4318574.243, 99
Trd, 4318577.243, 108
Trd, 4318579.293, 100
Trd, 4318580.443, 99
Trd, 4318581.193, 108
Trd, 4318581.543, 101
Trd, 4318583.043, 100
Trd, 4318583.293, 106
Trd, 4318584.943, 106
Trd, 4318585.443, 101
Trd, 4318586.443, 101
Trd, 4318587.243, 106
Trd, 4318589.593, 100
Trd, 4318589.993, 102
Trd, 4318592.293, 106
Trd, 4318592.343, 107
Trd, 4318593.893, 113
Trd, 4318594.243, 102
Trd, 4318594.693, 94
Trd, 4318594.943, 109
Trd, 4318596.093, 95
Trd, 4318596.793, 93
Trd, 4318597.893, 92
Trd, 4318598.493, 94
Trd, 4318599.893, 93
Trd, 4318600.943, 95
Trd, 4318602.793, 94
Trd, 4318602.993, 92
Trd, 4318605.093, 90
Trd, 4318608.143, 94
Trd, 4318608.593, 94
Trd, 4318610.093, 94
Trd, 4318613.743, 91
Trd, 4318613.943, 88
Trd, 4318616.293, 92
Trd, 4318616.693, 93
Trd, 4318617.193, 90
Trd, 4318618.543, 89
Trd, 4318618.893, 93
Trd, 4318620.293, 88
Trd, 4318620.593, 87
Trd, 4318623.943, 111
Trd, 4318624.993, 95
Trd, 4318625.343, 97
Trd, 4318625.493, 97
Trd, 4318627.443, 96
Trd, 4318627.543, 108
Trd, 4318631.693, 100
Trd, 4318632.493, 95
Trd, 4318632.543, 101
Trd, 4318635.093, 113
Trd, 4318637.093, 95
Trd, 4318637.743, 99
Trd, 4318639.843, 94
Trd, 4318641.893, 98
Trd, 4318642.193, 94
Trd, 4318643.793, 96
Trd, 4318644.393, 96
Trd, 4318646.143, 96
Trd, 4318647.443, 94
Trd, 4318648.793, 93
Trd, 4318649.943, 93
Trd, 4318650.893, 95
Trd, 4318653.993, 94
Trd, 4318655.693, 94
Trd, 4318655.743, 99
Trd, 4318655.893, 113
Trd, 4318657.993, 92
Trd, 4318660.243, 95
Trd, 4318660.443, 98
Trd, 4318660.843, 91
Trd, 4318661.843, 99
Trd, 4318663.193, 99
Trd, 4318663.643, 94
Trd, 4318664.693, 119
Trd, 4318665.343, 84
Trd, 4318665.743, 116
Trd, 4318668.443, 93
Trd, 4318668.943, 94
Trd, 4318669.493, 91
Trd, 4318672.593, 90
Trd, 4318672.993, 122
Trd, 4318673.543, 89
Trd, 4318674.193, 97
Trd, 4318676.193, 97
Trd, 4318676.893, 119
Trd, 4318677.193, 99
Trd, 4318678.143, 100
Trd, 4318682.693, 103
Trd, 4318684.943, 102
Trd, 4318685.043, 104
Trd, 4318686.143, 105
Trd, 4318686.743, 98
Trd, 4318688.593, 103
Trd, 4318689.693, 101
Trd, 4318690.743, 98
Trd, 4318691.243, 115
Trd, 4318694.193, 105
Trd, 4318694.643, 101
Trd, 4318694.743, 93
Trd, 4318694.893, 107
Trd, 4318695.043, 76
Trd, 4318696.993, 92
Trd, 4318698.443, 101
Trd, 4318698.643, 93
Trd, 4318704.143, 97
Trd, 4318705.193, 92
Trd, 4318705.393, 98
Trd, 4318705.943, 108
Trd, 4318706.743, 100
Trd, 4318709.943, 91
Trd, 4318710.893, 98
Trd, 4318712.193, 90
Trd, 4318713.693, 90
Trd, 4318714.793, 91
Trd, 4318716.243, 96
Trd, 4318718.243, 89
Trd, 4318719.493, 94
Trd, 4318720.843, 89
Trd, 4318722.593, 94
Trd, 4318723.143, 94
Trd, 4318724.543, 115
Trd, 4318725.243, 88
Trd, 4318729.593, 87
Trd, 4318729.643, 97
Trd, 4318730.343, 96
Trd, 4318731.493, 94
Trd, 4318731.743, 96
Trd, 4318732.143, 99
Trd, 4318732.993, 116
Trd, 4318735.193, 77
Trd, 4318735.593, 86
Trd, 4318735.743, 101
Trd, 4318738.243, 88
Trd, 4318738.293, 90
Trd, 4318738.593, 91
Trd, 4318740.093, 89
Trd, 4318740.393, 106
Trd, 4318742.293, 92
Trd, 4318742.443, 96
Trd, 4318746.393, 97
Trd, 4318746.443, 102
Trd, 4318748.893, 94
Trd, 4318749.293, 93
Trd, 4318749.693, 98
Trd, 4318751.043, 99
Trd, 4318752.693, 99
Trd, 4318753.143, 94
Trd, 4318754.343, 108
Trd, 4318755.543, 97
Trd, 4318756.043, 103
Trd, 4318756.243, 94
Trd, 4318759.093, 98
Trd, 4318759.343, 96
Trd, 4318760.443, 98
Trd, 4318761.693, 97
Trd, 4318763.293, 95
Trd, 4318764.293, 98
Trd, 4318765.093, 93
Trd, 4318765.393, 113
Trd, 4318767.843, 92
Trd, 4318767.993, 76
Trd, 4318771.093, 92
Trd, 4318771.493, 90
Trd, 4318772.143, 92
Trd, 4318773.343, 89
Trd, 4318775.443, 96
Trd, 4318777.293, 92
Trd, 4318777.343, 94
Trd, 4318780.343, 94
Trd, 4318780.643, 88
Trd, 4318781.193, 88
Trd, 4318782.543, 95
Trd, 4318783.243, 97
Trd, 4318787.193, 94
Trd, 4318787.343, 97
Trd, 4318787.593, 92
Trd, 4318787.743, 91
Trd, 4318790.443, 91
Trd, 4318791.343, 95
Trd, 4318792.443, 100
Trd, 4318792.693, 108
Trd, 4318792.893, 91
Trd, 4318795.393, 99
Trd, 4318796.143, 90
Trd, 4318797.593, 97
Trd, 4318799.843, 95
Trd, 4318802.843, 94
Trd, 4318803.693, 90
Trd, 4318804.443, 90
Trd, 4318807.043, 94
Trd, 4318807.193, 96
Trd, 4318809.493, 89
Trd, 4318811.693, 92
Trd, 4318812.893, 89
Trd, 4318814.893, 94
Trd, 4318815.393, 90
Trd, 4318818.593, 93
Trd, 4318821.893, 93
Trd, 4318822.543, 92
Trd, 4318822.893, 89
Trd, 4318823.193, 95
Trd, 4318823.993, 89
Trd, 4318826.293, 93
Trd, 4318828.343, 93
Trd, 4318828.993, 88
Trd, 4318830.493, 113
Trd, 4318832.393, 97
Trd, 4318833.593, 99
Trd, 4318838.093, 87
Trd, 4318838.543, 87
Trd, 4318839.093, 90
Trd, 4318839.793, 95
Trd, 4318841.193, 91
Trd, 4318844.343, 88
Trd, 4318844.993, 92
Trd, 4318846.343, 92
Trd, 4318849.243, 93
Trd, 4318851.343, 93
Trd, 4318851.443, 88
Trd, 4318852.443, 96
Trd, 4318855.893, 87
Trd, 4318856.943, 90
Trd, 4318859.293, 90
Trd, 4318860.243, 90
Trd, 4318860.343, 95
Trd, 4318863.143, 103
Trd, 4318863.493, 95
Trd, 4318863.993, 94
Trd, 4318864.693, 94
Trd, 4318866.443, 93
Trd, 4318868.393, 95
Trd, 4318869.143, 96
Trd, 4318869.643, 112
Trd, 4318872.843, 101
Trd, 4318873.093, 100
Trd, 4318873.843, 101
Trd, 4318873.893, 98
Trd, 4318875.693, 98
Trd, 4318876.543, 97
Trd, 4318876.793, 99
Trd, 4318878.293, 98
Trd, 4318878.793, 98
Trd, 4318879.593, 97
Trd, 4318881.493, 99
Trd, 4318881.843, 96
Trd, 4318882.043, 97
Trd, 4318885.843, 96
Trd, 4318887.393, 97
Trd, 4318887.443, 92
Trd, 4318888.843, 96
Trd, 4318890.093, 95
Trd, 4318890.793, 94
Trd, 4318890.943, 113
Trd, 4318894.293, 97
Trd, 4318894.843, 99
Trd, 4318895.793, 113
Trd, 4318896.793, 94
Trd, 4318896.943, 103
Trd, 4318899.143, 101
Trd, 4318899.493, 101
Trd, 4318900.343, 113
Trd, 4318902.293, 93
Trd, 4318902.793, 103
Trd, 4318905.093, 97
Trd, 4318906.393, 97
Trd, 4318906.543, 99
Trd, 4318909.543, 96
Trd, 4318910.493, 96
Trd, 4318911.143, 95
Trd, 4318912.993, 94
Trd, 4318913.693, 93
Trd, 4318913.843, 95
Trd, 4318914.793, 93
Trd, 4318915.543, 105
Trd, 4318915.893, 96
Trd, 4318917.393, 101
Trd, 4318919.493, 134
Trd, 4318919.593, 103
Trd, 4318921.343, 118
Trd, 4318922.243, 112
Trd, 4318923.443, 116
Trd, 4318924.193, 103
Trd, 4318927.843, 113
Trd, 4318929.243, 92
Trd, 4318929.493, 95
Trd, 4318929.593, 96
Trd, 4318931.143, 100
Trd, 4318932.443, 98
Trd, 4318934.343, 94
Trd, 4318935.393, 90
Trd, 4318936.893, 93
Trd, 4318937.043, 96
Trd, 4318938.743, 94
Trd, 4318940.293, 94
Trd, 4318940.393, 94
Trd, 4318941.343, 93
Trd, 4318942.043, 113
Trd, 4318944.743, 102
Trd, 4318946.643, 95
Trd, 4318949.343, 95
Trd, 4318949.393, 95
Trd, 4318949.943, 96
Trd, 4318950.443, 93
Trd, 4318951.443, 92
Trd, 4318951.743, 96
Trd, 4318952.593, 113
Trd, 4318953.193, 96
Trd, 4318956.093, 102
Trd, 4318957.343, 95
Trd, 4318961.143, 94
Trd, 4318961.293, 94
Trd, 4318962.543, 99
Trd, 4318964.943, 93
Trd, 4318964.993, 95
Trd, 4318965.093, 95
Trd, 4318966.943, 96
Trd, 4318970.793, 93
Trd, 4318971.843, 95
Trd, 4318973.793, 95
Trd, 4318975.493, 94
Trd, 4318976.843, 92
Trd, 4318977.943, 94
Trd, 4318978.943, 92
Trd, 4318980.643, 93
Trd, 4318981.843, 99
Trd, 4318983.793, 92
Trd, 4318984.193, 107
Trd, 4318986.243, 101
Trd, 4318986.393, 93
Trd, 4318988.593, 100
Trd, 4318995.193, 95
Trd, 4318995.593, 94
Trd, 4318996.543, 95
Trd, 4318996.743, 104
Trd, 4318998.243, 111
Trd, 4318999.393, 101
Trd, 4319000.443, 102
Trd, 4319000.943, 102
Trd, 4319002.343, 76
Trd, 4319002.993, 77
Trd, 4319003.893, 89
Trd, 4319004.093, 102
Trd, 4319005.593, 95
Trd, 4319007.593, 94
Trd, 4319008.793, 96
Trd, 4319012.043, 90
Trd, 4319015.943, 93
Trd, 4319015.993, 89
Trd, 4319016.593, 94
Trd, 4319017.443, 97
Trd, 4319018.793, 95
Trd, 4319019.993, 95
Trd, 4319022.893, 96
Trd, 4319023.443, 114
Trd, 4319026.243, 98
Trd, 4319026.843, 104
Trd, 4319028.093, 105
Trd, 4319028.293, 97
Trd, 4319029.893, 77
Trd, 4319031.743, 96
Trd, 4319033.143, 93
Trd, 4319034.143, 94
Trd, 4319034.693, 95
Trd, 4319034.743, 92
Trd, 4319037.443, 94
Trd, 4319039.293, 88
Trd, 4319041.793, 95
Trd, 4319043.543, 95
Trd, 4319044.343, 91
Trd, 4319046.943, 91
Trd, 4319047.343, 90
Trd, 4319048.693, 94
Trd, 4319050.243, 98
Trd, 4319050.693, 96
Trd, 4319051.643, 90
Trd, 4319052.593, 114
Trd, 4319053.643, 131
Trd, 4319054.193, 103
Trd, 4319055.293, 99
Trd, 4319055.643, 101
Trd, 4319057.893, 100
Trd, 4319059.493, 97
Trd, 4319059.593, 93
Trd, 4319061.543, 101
Trd, 4319063.693, 98
Trd, 4319064.743, 108
Trd, 4319065.843, 101
Trd, 4319066.643, 100
Trd, 4319067.943, 93
Trd, 4319068.993, 92
Trd, 4319069.893, 114
Trd, 4319072.093, 101
Trd, 4319072.593, 95
Trd, 4319073.793, 102
Trd, 4319074.943, 96
Trd, 4319075.093, 96
Trd, 4319077.743, 97
Trd, 4319077.893, 100
Trd, 4319080.093, 95
Trd, 4319081.593, 96
Trd, 4319081.893, 94
Trd, 4319083.043, 95
Trd, 4319086.043, 95
Trd, 4319086.943, 95
Trd, 4319089.043, 95
Trd, 4319089.493, 93
Trd, 4319090.193, 93
Trd, 4319092.243, 99
Trd, 4319093.143, 114
Trd, 4319095.543, 101
Trd, 4319096.443, 104
Trd, 4319096.793, 104
Trd, 4319099.343, 100
Trd, 4319099.743, 109
Trd, 4319100.993, 99
Trd, 4319102.043, 98
Trd, 4319103.243, 94
Trd, 4319103.493, 99
Trd, 4319104.843, 114
Trd, 4319107.843, 97
Trd, 4319108.593, 95
Trd, 4319111.643, 88
Trd, 4319111.893, 88
Trd, 4319112.243, 93
Trd, 4319113.043, 80
Trd, 4319113.493, 78
Trd, 4319114.443, 92
Trd, 4319115.593, 102
Trd, 4319118.393, 93
Trd, 4319119.243, 94
Trd, 4319119.343, 95
Trd, 4319119.893, 115
Trd, 4319121.393, 95
Trd, 4319122.243, 96
Trd, 4319123.143, 96
Trd, 4319125.043, 95
Trd, 4319125.593, 96
Trd, 4319126.093, 95
Trd, 4319127.093, 94
Trd, 4319127.843, 96
Trd, 4319128.793, 105
Trd, 4319129.043, 101
Trd, 4319129.743, 115
Trd, 4319131.993, 94
Trd, 4319132.443, 96
Trd, 4319133.693, 95
Trd, 4319135.293, 102
Trd, 4319135.493, 99
Trd, 4319136.043, 81
Trd, 4319137.243, 76
Trd, 4319139.143, 91
Trd, 4319139.793, 94
Trd, 4319140.393, 115
Trd, 4319144.843, 96
Trd, 4319145.043, 98
Trd, 4319145.343, 102
Trd, 4319145.843, 101
Trd, 4319146.693, 108
Trd, 4319148.993, 96
Trd, 4319149.743, 96
Trd, 4319151.043, 98
Trd, 4319152.093, 103
Trd, 4319152.543, 102
Trd, 4319153.843, 81
Trd, 4319155.543, 102
Trd, 4319158.143, 97
Trd, 4319159.443, 98
Trd, 4319160.543, 95
Trd, 4319160.643, 107
Trd, 4319161.343, 93
Trd, 4319163.143, 102
Trd, 4319164.693, 102
Trd, 4319165.693, 103
Trd, 4319165.743, 103
Trd, 4319165.893, 115
Trd, 4319168.143, 111
Trd, 4319170.243, 102
Trd, 4319171.493, 107
Trd, 4319173.543, 101
Trd, 4319173.743, 101
Trd, 4319174.393, 105
Trd, 4319175.643, 104
Trd, 4319177.243, 104
Trd, 4319177.343, 100
Trd, 4319177.543, 94
Trd, 4319179.343, 96
Trd, 4319180.193, 93
Trd, 4319180.343, 103
Trd, 4319180.893, 104
Trd, 4319182.143, 96
Trd, 4319183.293, 76
Trd, 4319184.943, 95
Trd, 4319185.143, 99
Trd, 4319189.643, 95
Trd, 4319190.393, 94
Trd, 4319190.693, 97
Trd, 4319191.943, 102
Trd, 4319194.293, 94
Trd, 4319195.743, 96
Trd, 4319197.843, 95
Trd, 4319197.993, 94
Trd, 4319198.243, 92
Trd, 4319199.943, 104
Trd, 4319202.043, 97
Trd, 4319202.093, 98
Trd, 4319204.643, 98
Trd, 4319205.493, 105
Trd, 4319205.743, 101
Trd, 4319206.493, 102
Trd, 4319206.893, 94
Trd, 4319208.243, 101
Trd, 4319209.443, 115
Trd, 4319210.293, 93
Trd, 4319211.943, 96
Trd, 4319214.193, 82
Trd, 4319214.743, 95
Trd, 4319215.443, 90
Trd, 4319215.793, 104
Trd, 4319220.543, 96
Trd, 4319220.943, 93
Trd, 4319221.243, 96
Trd, 4319223.443, 95
Trd, 4319224.493, 115
Trd, 4319224.593, 93
Trd, 4319226.443, 107
Trd, 4319226.593, 103
Trd, 4319229.243, 104
Trd, 4319230.393, 102
Trd, 4319231.143, 98
Trd, 4319231.643, 92
Trd, 4319231.793, 98
Trd, 4319231.943, 107
Trd, 4319235.643, 99
Trd, 4319236.293, 95
Trd, 4319236.643, 94
Trd, 4319237.143, 91
Trd, 4319239.343, 111
Trd, 4319239.943, 113
Trd, 4319240.193, 105
Trd, 4319241.743, 100
Trd, 4319244.093, 95
Trd, 4319244.143, 102
Trd, 4319244.793, 94
Trd, 4319244.843, 76
Trd, 4319245.193, 103
Trd, 4319247.643, 89
Trd, 4319249.843, 95
Trd, 4319249.893, 100
Trd, 4319251.193, 98
Trd, 4319251.293, 93
Trd, 4319254.943, 100
Trd, 4319255.393, 95
Trd, 4319258.143, 113
Trd, 4319259.043, 94
Trd, 4319261.293, 95
Trd, 4319262.043, 92
Trd, 4319262.143, 93
Trd, 4319263.843, 93
Trd, 4319264.393, 81
Trd, 4319265.093, 89
Trd, 4319265.993, 92
Trd, 4319267.693, 93
Trd, 4319268.043, 93
Trd, 4319268.843, 91
Trd, 4319268.893, 97
Trd, 4319272.093, 98
Trd, 4319272.993, 91
Trd, 4319275.193, 93
Trd, 4319276.443, 94
Trd, 4319276.693, 101
Trd, 4319277.893, 113
Trd, 4319280.043, 125
Trd, 4319281.693, 110
Trd, 4319282.043, 97
Trd, 4319282.193, 132
Trd, 4319283.243, 93
Trd, 4319284.743, 95
Trd, 4319285.993, 91
Trd, 4319286.943, 90
Trd, 4319288.443, 95
Trd, 4319290.343, 96
Trd, 4319290.693, 106
Trd, 4319291.543, 100
Trd, 4319292.293, 104
Trd, 4319294.843, 114
Trd, 4319296.593, 104
Trd, 4319296.643, 103
Trd, 4319297.393, 118
Trd, 4319297.643, 110
Trd, 4319297.943, 94
Trd, 4319300.343, 134
Trd, 4319300.943, 117
Trd, 4319302.593, 76
Trd, 4319302.643, 93
Trd, 4319304.893, 93
Trd, 4319306.893, 91
Trd, 4319307.043, 89
Trd, 4319307.993, 92
Trd, 4319308.393, 96
Trd, 4319309.693, 108
Trd, 4319311.493, 103
Trd, 4319312.343, 93
Trd, 4319313.493, 94
Trd, 4319313.743, 113
Trd, 4319313.993, 104
Trd, 4319314.593, 100
Trd, 4319316.793, 98
Trd, 4319318.593, 93
Trd, 4319321.043, 95
Trd, 4319321.293, 72
Trd, 4319322.143, 97
Trd, 4319324.243, 95
Trd, 4319325.093, 96
Trd, 4319326.043, 90
Trd, 4319327.793, 95
Trd, 4319328.893, 106
Trd, 4319333.493, 94
Trd, 4319334.043, 93
Trd, 4319334.143, 98
Trd, 4319336.193, 98
Trd, 4319336.993, 111
Trd, 4319338.043, 99
Trd, 4319338.143, 103
Trd, 4319340.243, 102
Trd, 4319340.443, 103
Trd, 4319341.993, 95
Trd, 4319342.593, 97
Trd, 4319344.243, 93
Trd, 4319344.443, 97
Trd, 4319344.843, 113
Trd, 4319345.993, 95
Trd, 4319346.343, 105
Trd, 4319348.793, 95
Trd, 4319349.593, 105
Trd, 4319351.543, 104
Trd, 4319352.443, 97
Trd, 4319353.193, 76
Trd, 4319354.293, 93
Trd, 4319356.593, 98
Trd, 4319357.393, 113
Trd, 4319358.443, 100
Trd, 4319361.043, 98
Trd, 4319361.593, 100
Trd, 4319362.743, 100
Trd, 4319363.193, 98
Trd, 4319363.643, 97
Trd, 4319364.993, 117
Trd, 4319367.993, 105
Trd, 4319368.043, 102
Trd, 4319369.093, 94
Trd, 4319369.843, 102
Trd, 4319373.043, 102
Trd, 4319375.393, 102
Trd, 4319375.593, 111
Trd, 4319375.693, 97
Trd, 4319377.393, 97
Trd, 4319377.843, 96
Trd, 4319379.043, 94
Trd, 4319379.293, 94
Trd, 4319381.193, 103
Trd, 4319381.643, 94
Trd, 4319383.043, 120
Trd, 4319383.393, 93
Trd, 4319383.643, 106
Trd, 4319384.743, 97
Trd, 4319385.443, 113
Trd, 4319386.193, 101
Trd, 4319387.143, 101
Trd, 4319389.543, 93
Trd, 4319390.243, 106
Trd, 4319390.843, 101
Trd, 4319392.443, 77
Trd, 4319393.093, 77
Trd, 4319393.243, 93
Trd, 4319393.543, 103
Trd, 4319394.743, 96
Trd, 4319395.493, 95
Trd, 4319396.893, 94
Trd, 4319398.643, 93
Trd, 4319399.243, 115
Trd, 4319400.293, 101
Trd, 4319400.543, 98
Trd, 4319400.943, 96
Trd, 4319404.293, 102
Trd, 4319405.393, 94
Trd, 4319405.843, 101
Trd, 4319406.143, 106
Trd, 4319406.793, 95
Trd, 4319411.343, 103
Trd, 4319411.943, 99
Trd, 4319414.043, 104
Trd, 4319414.393, 99
Trd, 4319415.593, 104
Trd, 4319417.093, 95
Trd, 4319417.893, 97
Trd, 4319418.543, 96
Trd, 4319421.143, 97
Trd, 4319421.243, 94
Trd, 4319423.793, 95
Trd, 4319424.393, 97
Trd, 4319424.843, 97
Trd, 4319426.243, 98
Trd, 4319426.893, 95
Trd, 4319428.243, 96
Trd, 4319428.793, 94
Trd, 4319430.643, 98
Trd, 4319430.793, 115
Trd, 4319432.543, 93
Trd, 4319434.293, 92
Trd, 4319435.593, 97
Trd, 4319436.493, 99
Trd, 4319438.093, 116
Trd, 4319440.493, 102
Trd, 4319441.193, 105
Trd, 4319441.943, 98
Trd, 4319442.643, 100
Trd, 4319445.243, 94
Trd, 4319448.193, 106
Trd, 4319449.043, 98
Trd, 4319449.343, 105
Trd, 4319449.543, 95
Trd, 4319450.943, 91
Trd, 4319451.143, 96
Trd, 4319451.393, 113
Trd, 4319452.243, 76
Trd, 4319452.593, 96
Trd, 4319454.643, 90
Trd, 4319455.593, 94
Trd, 4319455.793, 113
Trd, 4319459.143, 81
Trd, 4319461.043, 91
Trd, 4319464.543, 93
Trd, 4319465.493, 95
Trd, 4319466.543, 94
Trd, 4319467.593, 106
Trd, 4319468.593, 99
Trd, 4319469.343, 99
Trd, 4319470.293, 98
Trd, 4319471.643, 114
Trd, 4319472.593, 117
Trd, 4319473.643, 97
Trd, 4319477.293, 96
Trd, 4319479.093, 99
Trd, 4319481.143, 98
Trd, 4319482.643, 97
Trd, 4319483.443, 98
Trd, 4319484.393, 95
Trd, 4319484.943, 94
Trd, 4319488.143, 96
Trd, 4319490.243, 93
Trd, 4319491.443, 93
Trd, 4319492.293, 96
Trd, 4319493.943, 95
Trd, 4319494.993, 93
Trd, 4319496.093, 94
Trd, 4319496.593, 92
Trd, 4319497.493, 94
Trd, 4319497.793, 95
Trd, 4319498.993, 91
Trd, 4319499.193, 126
Trd, 4319500.393, 91
Trd, 4319501.843, 106
Trd, 4319501.893, 104
Trd, 4319503.643, 118
Trd, 4319505.343, 103
Trd, 4319508.293, 102
Trd, 4319509.693, 104
Trd, 4319509.843, 95
Trd, 4319510.093, 98
Trd, 4319510.143, 106
Trd, 4319510.393, 93
Trd, 4319513.043, 102
Trd, 4319513.643, 98
Trd, 4319514.243, 97
Trd, 4319515.493, 98
Trd, 4319516.793, 96
Trd, 4319517.143, 94
Trd, 4319520.643, 97
Trd, 4319522.093, 113
Trd, 4319522.343, 101
Trd, 4319523.693, 105
Trd, 4319526.343, 104
Trd, 4319527.743, 101
Trd, 4319528.743, 100
Trd, 4319528.893, 94
Trd, 4319530.093, 104
Trd, 4319532.943, 104
Trd, 4319534.043, 105
Trd, 4319534.993, 113
Trd, 4319535.693, 100
Trd, 4319536.893, 99
Trd, 4319540.693, 91
Trd, 4319540.843, 92
Trd, 4319540.893, 113
Trd, 4319541.043, 76
Trd, 4319544.643, 89
Trd, 4319545.343, 88
Trd, 4319545.793, 90
Trd, 4319545.843, 90
Trd, 4319546.193, 110
Trd, 4319550.293, 95
Trd, 4319552.643, 87
Trd, 4319553.643, 86
Trd, 4319555.143, 92
Trd, 4319556.243, 92
Trd, 4319559.943, 92
Trd, 4319561.143, 91
Trd, 4319561.343, 92
Trd, 4319561.693, 86
Trd, 4319563.293, 92
Trd, 4319567.493, 88
Trd, 4319570.093, 85
Trd, 4319573.593, 87
Trd, 4319573.993, 85
Trd, 4319575.843, 113
Trd, 4319577.343, 91
Trd, 4319578.043, 92
Trd, 4319578.243, 90
Trd, 4319580.093, 93
Trd, 4319580.493, 102
Trd, 4319583.193, 97
Trd, 4319583.793, 97
Trd, 4319584.143, 91
Trd, 4319584.493, 91
Trd, 4319587.393, 96
Trd, 4319589.193, 106
Trd, 4319589.543, 113
Trd, 4319589.893, 105
Trd, 4319590.543, 103
Trd, 4319592.193, 103
Trd, 4319593.593, 81
Trd, 4319593.843, 101
Trd, 4319595.543, 98
Trd, 4319595.993, 100
Trd, 4319596.343, 89
Trd, 4319598.443, 95
Trd, 4319599.293, 113
Trd, 4319600.943, 102
Trd, 4319603.993, 101
Trd, 4319604.793, 113
Trd, 4319605.343, 106
Trd, 4319605.843, 99
Trd, 4319607.543, 101
Trd, 4319609.793, 106
Trd, 4319610.093, 93
Trd, 4319611.043, 107
Trd, 4319612.293, 113
Trd, 4319612.943, 99
Trd, 4319614.793, 103
Trd, 4319615.143, 116
Trd, 4319616.043, 93
Trd, 4319616.743, 128
Trd, 4319619.043, 72
Trd, 4319620.443, 97
Trd, 4319622.493, 98
Trd, 4319622.743, 95
Trd, 4319623.443, 91
Trd, 4319624.743, 95
Trd, 4319625.393, 94
Trd, 4319625.543, 94
Trd, 4319627.093, 95
Trd, 4319627.493, 93
Trd, 4319628.693, 95
Trd, 4319629.693, 95
Trd, 4319632.393, 116
Trd, 4319634.543, 116
Trd, 4319635.593, 110
Trd, 4319637.943, 106
Trd, 4319640.593, 108
Trd, 4319641.993, 103
Trd, 4319642.543, 106
Trd, 4319642.643, 113
Trd, 4319643.793, 101
Trd, 4319644.143, 101
Trd, 4319645.693, 95
Trd, 4319646.793, 94
Trd, 4319649.243, 90
Trd, 4319650.393, 90
Trd, 4319651.043, 91
Trd, 4319651.693, 90
Trd, 4319652.393, 78
Trd, 4319654.593, 98
Trd, 4319656.893, 88
Trd, 4319657.393, 99
Trd, 4319660.243, 90
Trd, 4319660.693, 93
Trd, 4319662.293, 90
Trd, 4319663.443, 89
Trd, 4319667.593, 96
Trd, 4319668.243, 97
Trd, 4319668.593, 97
Trd, 4319669.693, 97
Trd, 4319670.393, 93
Trd, 4319670.743, 97
Trd, 4319671.793, 104
Trd, 4319671.893, 78
Trd, 4319675.843, 91
Trd, 4319677.193, 90
Trd, 4319677.593, 90
Trd, 4319677.893, 92
Trd, 4319679.393, 97
Trd, 4319679.593, 104
Trd, 4319679.643, 89
Trd, 4319679.893, 130
Trd, 4319681.493, 131
Trd, 4319681.993, 94
Trd, 4319682.593, 76
Trd, 4319684.343, 90
Trd, 4319684.893, 91
Trd, 4319685.593, 87
Trd, 4319685.643, 99
Trd, 4319687.793, 73
Trd, 4319689.443, 90
Trd, 4319690.043, 94
Trd, 4319691.443, 94
Trd, 4319692.593, 98
Trd, 4319694.893, 91
Trd, 4319696.743, 94
Trd, 4319697.743, 101
Trd, 4319699.143, 102
Trd, 4319699.193, 113
Trd, 4319700.243, 105
Trd, 4319701.943, 97
Trd, 4319702.393, 103
Trd, 4319704.493, 97
Trd, 4319705.743, 96
Trd, 4319706.043, 104
Trd, 4319708.393, 99
Trd, 4319708.993, 95
Trd, 4319709.593, 101
Trd, 4319710.193, 114
Trd, 4319710.643, 94
Trd, 4319713.843, 93
Trd, 4319716.493, 96
Trd, 4319716.893, 103
Trd, 4319717.893, 94
Trd, 4319722.093, 94
Trd, 4319722.543, 94
Trd, 4319722.743, 96
Trd, 4319723.743, 92
Trd, 4319724.193, 98
Trd, 4319725.593, 96
Trd, 4319727.993, 91
Trd, 4319730.143, 93
Trd, 4319730.243, 91
Trd, 4319731.643, 92
Trd, 4319732.043, 97
Trd, 4319733.443, 114
Trd, 4319735.093, 94
Trd, 4319735.643, 93
Trd, 4319737.643, 94
Trd, 4319739.743, 113
Trd, 4319741.843, 93
Trd, 4319742.493, 95
Trd, 4319742.843, 95
Trd, 4319743.993, 94
Trd, 4319745.543, 94
Trd, 4319745.943, 93
Trd, 4319746.643, 95
Trd, 4319747.043, 107
Trd, 4319747.843, 102
Trd, 4319750.593, 103
Trd, 4319751.843, 102
Trd, 4319751.943, 107
Trd, 4319752.843, 101
Trd, 4319753.093, 100
Trd, 4319754.793, 92
Trd, 4319756.193, 104
Trd, 4319757.143, 98
Trd, 4319757.293, 102
Trd, 4319757.493, 95
Trd, 4319758.943, 85
Trd, 4319761.193, 92
Trd, 4319761.343, 108
Trd, 4319762.343, 105
Trd, 4319763.393, 91
Trd, 4319764.543, 101
Trd, 4319765.343, 95
Trd, 4319769.343, 95
Trd, 4319769.593, 94
Trd, 4319770.043, 81
Trd, 4319771.143, 95
Trd, 4319771.443, 94
Trd, 4319772.293, 105
Trd, 4319773.693, 99
Trd, 4319774.343, 113
Trd, 4319775.643, 124
Trd, 4319778.293, 97
Trd, 4319778.943, 98
Trd, 4319780.143, 94
Trd, 4319780.643, 99
Trd, 4319782.093, 112
Trd, 4319784.843, 101
Trd, 4319786.443, 102
Trd, 4319786.593, 100
Trd, 4319787.443, 100
Trd, 4319787.893, 101
Trd, 4319788.093, 93
Trd, 4319789.343, 114
Trd, 4319792.193, 97
Trd, 4319792.543, 103
Trd, 4319793.843, 97
Trd, 4319795.893, 97
Trd, 4319796.693, 96
Trd, 4319799.543, 97
Trd, 4319799.693, 95
Trd, 4319801.793, 96
Trd, 4319803.493, 94
Trd, 4319804.393, 94
Trd, 4319804.543, 93
Trd, 4319804.743, 96
Trd, 4319805.043, 114
Trd, 4319806.793, 106
Trd, 4319808.693, 107
Trd, 4319810.593, 106
Trd, 4319811.793, 103
Trd, 4319814.193, 93
Trd, 4319814.293, 97
Trd, 4319815.143, 99
Trd, 4319815.793, 105
Trd, 4319817.643, 102
Trd, 4319817.893, 114
Trd, 4319820.593, 95
Trd, 4319821.243, 102
Trd, 4319822.643, 98
Trd, 4319825.393, 97
Trd, 4319825.493, 96
Trd, 4319826.693, 100
Trd, 4319826.843, 100
Trd, 4319827.843, 114
Trd, 4319829.643, 97
Trd, 4319829.693, 94
Trd, 4319830.593, 104
Trd, 4319834.693, 99
Trd, 4319835.093, 104
Trd, 4319837.693, 96
Trd, 4319840.643, 95
Trd, 4319841.143, 95
Trd, 4319842.943, 96
Trd, 4319846.793, 96
Trd, 4319847.843, 97
Trd, 4319847.943, 94
Trd, 4319849.293, 97
Trd, 4319849.643, 93
Trd, 4319851.143, 93
Trd, 4319851.293, 95
Trd, 4319855.793, 95
Trd, 4319856.393, 94
Trd, 4319860.543, 93
Trd, 4319860.993, 93
Trd, 4319861.993, 92
Trd, 4319863.443, 94
Trd, 4319863.843, 94
Trd, 4319864.393, 92
Trd, 4319864.743, 95
Trd, 4319866.643, 95
Trd, 4319869.043, 92
Trd, 4319871.693, 91
Trd, 4319872.443, 95
Trd, 4319873.793, 93
Trd, 4319874.093, 91
Trd, 4319875.243, 93
Trd, 4319876.093, 88
Trd, 4319877.693, 90
Trd, 4319879.643, 89
Trd, 4319880.893, 93
Trd, 4319882.193, 88
Trd, 4319883.293, 88
Trd, 4319884.893, 87
Trd, 4319885.343, 103
Trd, 4319886.493, 76
Trd, 4319888.393, 103
Trd, 4319889.243, 97
Trd, 4319889.343, 100
Trd, 4319891.993, 96
Trd, 4319892.193, 96
Trd, 4319892.343, 96
Trd, 4319893.943, 105
Trd, 4319895.443, 97
Trd, 4319895.493, 114
Trd, 4319898.593, 105
Trd, 4319899.393, 102
Trd, 4319900.643, 99
Trd, 4319901.193, 104
Trd, 4319902.793, 99
Trd, 4319904.093, 98
Trd, 4319904.743, 94
Trd, 4319906.093, 90
Trd, 4319906.643, 88
Trd, 4319907.143, 96
Trd, 4319907.993, 91
Trd, 4319909.793, 114
Trd, 4319911.743, 79
Trd, 4319911.793, 91
Trd, 4319912.843, 96
Trd, 4319913.043, 90
Trd, 4319914.093, 94
Trd, 4319914.643, 131
Trd, 4319914.993, 97
Trd, 4319915.893, 100
Trd, 4319917.843, 98
Trd, 4319921.543, 93
Trd, 4319923.493, 96
Trd, 4319923.593, 95
Trd, 4319924.843, 113
Trd, 4319926.993, 94
Trd, 4319928.143, 92
Trd, 4319928.193, 92
Trd, 4319928.543, 96
Trd, 4319931.693, 93
Trd, 4319932.093, 114
Trd, 4319935.193, 99
Trd, 4319935.243, 99
Trd, 4319935.643, 100
Trd, 4319937.043, 99
Trd, 4319938.543, 100
Trd, 4319939.193, 98
Trd, 4319939.693, 127
Trd, 4319940.193, 110
Trd, 4319941.993, 97
Trd, 4319942.143, 94
Trd, 4319943.643, 102
Trd, 4319946.293, 94
Trd, 4319946.693, 76
Trd, 4319947.093, 96
Trd, 4319948.293, 99
Trd, 4319951.493, 110
Trd, 4319951.743, 103
Trd, 4319953.493, 101
Trd, 4319955.543, 102
Trd, 4319955.893, 100
Trd, 4319959.293, 101
Trd, 4319959.543, 99
Trd, 4319959.743, 94
Trd, 4319960.143, 97
Trd, 4319961.343, 99
Trd, 4319962.893, 99
Trd, 4319964.843, 93
Trd, 4319965.493, 95
Trd, 4319966.043, 95
Trd, 4319967.593, 94
Trd, 4319969.643, 96
Trd, 4319970.293, 92
Trd, 4319973.193, 90
Trd, 4319974.343, 91
Trd, 4319974.543, 100
Trd, 4319977.093, 94
Trd, 4319977.243, 113
Trd, 4319978.843, 100
Trd, 4319979.793, 98
Trd, 4319980.793, 95
Trd, 4319982.693, 100
Trd, 4319985.343, 96
Trd, 4319985.443, 100
Trd, 4319985.593, 104
Trd, 4319986.743, 94
Trd, 4319989.893, 97
Trd, 4319992.643, 99
Trd, 4319993.193, 94
Trd, 4319993.593, 98
Trd, 4319994.393, 100
Trd, 4319996.993, 93
Trd, 4319998.593, 92
Trd, 4319998.893, 92
Trd, 4319999.593, 96
Trd, 4319999.893, 96
