Trd, 4317873.493, 97
Trd, 4317874.393, 94
Trd, 4317876.393, 95
Trd, 4317878.693, 94
Trd, 4317879.443, 93
Trd, 4317880.493, 95
Trd, 4317880.643, 97
Trd, 4317880.743, 92
Trd, 4317880.893, 114
Trd, 4317884.593, 105
Trd, 4317884.743, 103
Trd, 4317885.543, 101
Trd, 4317886.243, 93
Trd, 4317887.893, 91
Trd, 4317889.093, 102
Trd, 4317889.893, 96
Trd, 4317891.193, 94
Trd, 4317891.593, 105
Trd, 4317893.643, 102
Trd, 4317894.343, 100
Trd, 4317895.443, 98
Trd, 4317897.193, 104
Trd, 4317898.543, 113
Trd, 4317901.443, 106
Trd, 4317901.493, 104
Trd, 4317902.893, 101
Trd, 4317902.943, 93
Trd, 4317903.743, 84
Trd, 4317904.793, 104
Trd, 4317905.793, 113
Trd, 4317907.093, 97
Trd, 4317910.843, 98
Trd, 4317912.593, 103
Trd, 4317913.693, 110
Trd, 4317914.093, 97
Trd, 4317914.593, 94
Trd, 4317914.843, 84
Trd, 4317916.343, 90
Trd, 4317916.943, 92
Trd, 4317918.243, 92
Trd, 4317919.993, 113
Trd, 4317920.043, 116
Trd, 4317921.893, 111
Trd, 4317922.693, 104
Trd, 4317924.193, 91
Trd, 4317925.543, 97
Trd, 4317928.443, 99
Trd, 4317929.893, 98
Trd, 4317931.093, 98
Trd, 4317932.143, 96
Trd, 4317933.193, 94
Trd, 4317935.243, 92
Trd, 4317937.593, 99
Trd, 4317937.793, 93
Trd, 4317938.043, 92
Trd, 4317939.093, 120
Trd, 4317940.243, 91
Trd, 4317941.393, 90
Trd, 4317944.143, 93
Trd, 4317945.343, 95
Trd, 4317946.043, 113
Trd, 4317946.443, 90
Trd, 4317947.043, 75
Trd, 4317950.293, 94
Trd, 4317950.893, 86
Trd, 4317953.393, 105
Trd, 4317954.293, 93
Trd, 4317955.293, 100
Trd, 4317955.643, 107
Trd, 4317956.543, 111
Trd, 4317958.943, 108
Trd, 4317960.093, 102
Trd, 4317960.493, 104
Trd, 4317960.793, 94
Trd, 4317965.093, 94
Trd, 4317965.843, 108
Trd, 4317966.693, 102
Trd, 4317966.793, 99
Trd, 4317970.293, 105
Trd, 4317971.743, 106
Trd, 4317972.993, 114
Trd, 4317973.293, 103
Trd, 4317973.693, 93
Trd, 4317976.743, 98
Trd, 4317977.393, 105
Trd, 4317977.743, 105
Trd, 4317980.493, 105
Trd, 4317983.943, 106
Trd, 4317984.093, 106
Trd, 4317984.143, 105
Trd, 4317986.443, 104
Trd, 4317987.893, 102
Trd, 4317988.943, 102
Trd, 4317990.443, 101
Trd, 4317990.743, 104
Trd, 4317991.493, 117
Trd, 4317992.393, 97
Trd, 4317993.043, 97
Trd, 4317994.593, 100
Trd, 4317994.743, 94
Trd, 4317995.043, 106
Trd, 4317996.793, 94
Trd, 4317999.793, 100
Trd, 4318000.043, 99
Trd, 4318001.143, 98
Trd, 4318002.193, 96
Trd, 4318003.993, 102
Trd, 4318004.243, 94
Trd, 4318009.193, 94
Trd, 4318010.193, 94
Trd, 4318011.043, 96
Trd, 4318013.093, 101
Trd, 4318013.743, 105
Trd, 4318014.343, 113
Trd, 4318015.393, 104
Trd, 4318017.643, 102
Trd, 4318019.493, 102
Trd, 4318020.243, 107
Trd, 4318021.443, 102
Trd, 4318022.243, 102
Trd, 4318024.843, 101
Trd, 4318028.343, 103
Trd, 4318029.493, 94
Trd, 4318030.693, 88
Trd, 4318031.043, 104
Trd, 4318032.043, 106
Trd, 4318032.993, 96
Trd, 4318037.393, 102
Trd, 4318038.943, 98
Trd, 4318039.893, 101
Trd, 4318040.243, 97
Trd, 4318041.893, 94
Trd, 4318042.493, 101
Trd, 4318042.843, 104
Trd, 4318043.893, 115
Trd, 4318044.143, 95
Trd, 4318045.543, 112
Trd, 4318046.543, 102
Trd, 4318046.893, 93
Trd, 4318047.143, 83
Trd, 4318048.393, 94
Trd, 4318052.443, 104
Trd, 4318052.793, 98
Trd, 4318053.543, 95
Trd, 4318054.693, 94
Trd, 4318055.843, 74
Trd, 4318056.593, 82
Trd, 4318057.093, 114
Trd, 4318060.343, 98
Trd, 4318061.043, 100
Trd, 4318063.693, 106
Trd, 4318063.793, 98
Trd, 4318066.343, 100
Trd, 4318066.593, 94
Trd, 4318067.343, 101
Trd, 4318069.843, 78
Trd, 4318072.343, 93
Trd, 4318073.193, 93
Trd, 4318073.493, 104
Trd, 4318073.693, 116
Trd, 4318076.543, 102
Trd, 4318076.693, 93
Trd, 4318081.243, 96
Trd, 4318081.893, 98
Trd, 4318082.693, 107
Trd, 4318083.543, 99
Trd, 4318085.143, 94
Trd, 4318086.443, 98
Trd, 4318086.543, 82
Trd, 4318087.093, 77
Trd, 4318087.393, 84
Trd, 4318088.443, 90
Trd, 4318090.193, 102
Trd, 4318090.293, 74
Trd, 4318092.043, 94
Trd, 4318092.193, 106
Trd, 4318093.243, 97
Trd, 4318095.493, 94
Trd, 4318097.143, 100
Trd, 4318099.043, 95
Trd, 4318101.493, 105
Trd, 4318103.643, 109
Trd, 4318104.843, 108
Trd, 4318105.143, 107
Trd, 4318106.943, 102
Trd, 4318108.543, 107
Trd, 4318109.393, 94
Trd, 4318109.843, 107
Trd, 4318111.043, 99
Trd, 4318111.493, 93
Trd, 4318112.043, 98
Trd, 4318113.093, 104
Trd, 4318114.793, 105
Trd, 4318115.293, 103
Trd, 4318115.943, 78
Trd, 4318118.143, 92
Trd, 4318118.593, 104
Trd, 4318120.593, 91
Trd, 4318121.393, 89
Trd, 4318121.493, 104
Trd, 4318123.893, 90
Trd, 4318124.593, 98
Trd, 4318125.543, 90
Trd, 4318125.943, 111
Trd, 4318128.643, 105
Trd, 4318130.993, 106
Trd, 4318131.193, 102
Trd, 4318132.193, 106
Trd, 4318132.393, 94
Trd, 4318133.993, 103
Trd, 4318135.893, 106
Trd, 4318136.093, 93
Trd, 4318136.143, 108
Trd, 4318138.443, 118
Trd, 4318138.643, 108
Trd, 4318140.343, 101
Trd, 4318141.193, 100
Trd, 4318141.493, 93
Trd, 4318141.843, 102
Trd, 4318145.293, 99
Trd, 4318145.793, 98
Trd, 4318147.293, 98
Trd, 4318150.293, 94
Trd, 4318151.593, 89
Trd, 4318151.643, 104
Trd, 4318152.993, 93
Trd, 4318153.143, 92
Trd, 4318155.743, 93
Trd, 4318156.843, 91
Trd, 4318157.793, 85
Trd, 4318158.793, 104
Trd, 4318159.593, 99
Trd, 4318160.243, 101
Trd, 4318162.993, 104
Trd, 4318164.293, 103
Trd, 4318164.843, 102
Trd, 4318166.443, 99
Trd, 4318166.593, 105
Trd, 4318169.293, 100
Trd, 4318170.043, 100
Trd, 4318171.293, 105
Trd, 4318171.593, 105
Trd, 4318175.243, 100
Trd, 4318175.543, 100
Trd, 4318176.093, 103
Trd, 4318176.293, 104
Trd, 4318177.193, 100
Trd, 4318178.993, 94
Trd, 4318180.693, 85
Trd, 4318181.843, 95
Trd, 4318182.493, 104
Trd, 4318183.793, 103
Trd, 4318186.343, 96
Trd, 4318186.593, 94
Trd, 4318188.593, 95
Trd, 4318190.193, 104
Trd, 4318190.343, 95
Trd, 4318191.543, 95
Trd, 4318193.443, 104
Trd, 4318195.143, 97
Trd, 4318195.993, 96
Trd, 4318196.243, 103
Trd, 4318196.343, 104
Trd, 4318197.493, 94
Trd, 4318198.843, 104
Trd, 4318200.293, 93
Trd, 4318200.893, 104
Trd, 4318201.743, 94
Trd, 4318203.343, 94
Trd, 4318204.043, 74
Trd, 4318205.293, 94
Trd, 4318206.343, 95
Trd, 4318208.143, 97
Trd, 4318208.693, 104
Trd, 4318208.843, 96
Trd, 4318210.643, 93
Trd, 4318212.343, 94
Trd, 4318216.593, 101
Trd, 4318220.993, 94
Trd, 4318221.393, 99
Trd, 4318222.743, 94
Trd, 4318224.793, 98
Trd, 4318225.993, 95
Trd, 4318226.593, 97
Trd, 4318227.493, 104
Trd, 4318228.193, 96
Trd, 4318228.693, 97
Trd, 4318230.443, 104
Trd, 4318232.993, 102
Trd, 4318235.343, 102
Trd, 4318235.443, 94
Trd, 4318236.293, 98
Trd, 4318237.193, 103
Trd, 4318237.643, 93
Trd, 4318239.993, 96
Trd, 4318240.293, 103
Trd, 4318242.643, 104
Trd, 4318242.893, 109
Trd, 4318244.243, 107
Trd, 4318247.493, 102
Trd, 4318249.243, 100
Trd, 4318251.343, 89
Trd, 4318252.093, 102
Trd, 4318253.043, 79
Trd, 4318253.543, 104
Trd, 4318253.693, 88
Trd, 4318254.943, 101
Trd, 4318255.193, 102
Trd, 4318257.543, 103
Trd, 4318258.793, 102
Trd, 4318259.493, 94
Trd, 4318261.393, 94
Trd, 4318261.743, 104
Trd, 4318264.193, 101
Trd, 4318266.843, 93
Trd, 4318267.943, 102
Trd, 4318268.993, 97
Trd, 4318272.843, 98
Trd, 4318274.793, 97
Trd, 4318275.793, 97
Trd, 4318276.543, 100
Trd, 4318278.593, 94
Trd, 4318279.243, 94
Trd, 4318280.093, 101
Trd, 4318281.743, 94
Trd, 4318282.343, 104
Trd, 4318286.393, 101
Trd, 4318287.193, 87
Trd, 4318287.243, 96
Trd, 4318287.993, 91
Trd, 4318289.593, 90
Trd, 4318291.043, 92
Trd, 4318293.793, 104
Trd, 4318294.443, 95
Trd, 4318295.643, 99
Trd, 4318296.243, 100
Trd, 4318298.093, 99
Trd, 4318298.293, 94
Trd, 4318300.693, 100
Trd, 4318302.093, 109
Trd, 4318302.393, 106
Trd, 4318302.843, 98
Trd, 4318304.093, 92
Trd, 4318304.893, 90
Trd, 4318305.793, 92
Trd, 4318308.243, 104
Trd, 4318308.743, 101
Trd, 4318310.893, 91
Trd, 4318313.093, 88
Trd, 4318313.493, 94
Trd, 4318315.893, 107
Trd, 4318315.943, 96
Trd, 4318317.293, 107
Trd, 4318318.393, 99
Trd, 4318320.793, 100
Trd, 4318322.893, 102
Trd, 4318323.043, 97
Trd, 4318323.493, 94
Trd, 4318324.543, 104
Trd, 4318324.693, 95
Trd, 4318327.043, 81
Trd, 4318327.643, 90
Trd, 4318328.543, 105
Trd, 4318328.593, 96
Trd, 4318332.143, 96
Trd, 4318332.793, 97
Trd, 4318333.093, 95
Trd, 4318333.893, 105
Trd, 4318334.943, 107
Trd, 4318336.493, 109
Trd, 4318337.293, 107
Trd, 4318337.843, 102
Trd, 4318337.893, 108
Trd, 4318339.943, 109
Trd, 4318340.293, 114
Trd, 4318342.543, 94
Trd, 4318343.343, 86
Trd, 4318345.093, 90
Trd, 4318347.093, 90
Trd, 4318347.193, 106
Trd, 4318348.143, 97
Trd, 4318348.693, 96
Trd, 4318349.443, 86
Trd, 4318349.793, 92
Trd, 4318350.543, 103
Trd, 4318351.943, 96
Trd, 4318353.843, 106
Trd, 4318355.793, 93
Trd, 4318358.543, 97
Trd, 4318359.643, 95
Trd, 4318360.943, 95
Trd, 4318361.093, 93
Trd, 4318362.543, 96
Trd, 4318364.093, 104
Trd, 4318366.343, 100
Trd, 4318366.443, 101
Trd, 4318366.593, 93
Trd, 4318369.543, 97
Trd, 4318370.693, 96
Trd, 4318373.143, 94
Trd, 4318374.543, 90
Trd, 4318375.143, 92
Trd, 4318376.543, 105
Trd, 4318377.343, 97
Trd, 4318377.443, 95
Trd, 4318379.243, 99
Trd, 4318379.543, 94
Trd, 4318380.593, 93
Trd, 4318383.093, 96
Trd, 4318384.543, 109
Trd, 4318386.043, 93
Trd, 4318386.443, 93
Trd, 4318386.993, 107
Trd, 4318389.743, 98
Trd, 4318390.893, 94
Trd, 4318391.193, 93
Trd, 4318392.743, 105
Trd, 4318395.893, 94
Trd, 4318396.043, 107
Trd, 4318396.693, 83
Trd, 4318398.393, 98
Trd, 4318398.793, 92
Trd, 4318400.393, 115
Trd, 4318402.893, 108
Trd, 4318404.193, 103
Trd, 4318404.593, 106
Trd, 4318405.193, 94
Trd, 4318407.343, 99
Trd, 4318407.993, 106
Trd, 4318410.993, 98
Trd, 4318411.143, 101
Trd, 4318412.343, 97
Trd, 4318413.893, 104
Trd, 4318415.543, 97
Trd, 4318418.943, 96
Trd, 4318419.543, 96
Trd, 4318420.443, 95
Trd, 4318421.743, 96
Trd, 4318424.293, 95
Trd, 4318424.493, 96
Trd, 4318424.943, 105
Trd, 4318426.543, 103
Trd, 4318427.643, 97
Trd, 4318428.893, 106
Trd, 4318430.043, 103
Trd, 4318432.443, 106
Trd, 4318433.293, 102
Trd, 4318434.293, 87
Trd, 4318436.993, 100
Trd, 4318438.743, 108
Trd, 4318438.993, 85
Trd, 4318440.143, 93
Trd, 4318443.043, 100
Trd, 4318444.743, 94
Trd, 4318445.693, 98
Trd, 4318445.943, 105
Trd, 4318446.943, 85
Trd, 4318447.043, 86
Trd, 4318448.243, 85
Trd, 4318448.943, 108
Trd, 4318450.893, 94
Trd, 4318454.243, 111
Trd, 4318454.293, 110
Trd, 4318454.493, 113
Trd, 4318455.593, 101
Trd, 4318458.843, 104
Trd, 4318460.693, 93
Trd, 4318460.943, 99
Trd, 4318461.693, 113
Trd, 4318462.693, 101
Trd, 4318464.493, 98
Trd, 4318464.993, 97
Trd, 4318466.493, 107
Trd, 4318467.143, 101
Trd, 4318468.793, 103
Trd, 4318468.943, 99
Trd, 4318469.243, 98
Trd, 4318471.843, 104
Trd, 4318472.193, 94
Trd, 4318472.693, 89
Trd, 4318473.643, 114
Trd, 4318478.543, 92
Trd, 4318478.943, 95
Trd, 4318479.293, 104
Trd, 4318480.843, 91
Trd, 4318482.293, 121
Trd, 4318484.193, 113
Trd, 4318484.943, 105
Trd, 4318485.743, 112
Trd, 4318487.543, 103
Trd, 4318489.743, 107
Trd, 4318489.993, 103
Trd, 4318490.593, 109
Trd, 4318491.793, 95
Trd, 4318494.693, 100
Trd, 4318494.793, 103
Trd, 4318495.043, 100
Trd, 4318497.243, 98
Trd, 4318498.693, 101
Trd, 4318499.343, 94
Trd, 4318501.093, 104
Trd, 4318501.193, 83
Trd, 4318501.493, 81
Trd, 4318502.243, 89
Trd, 4318503.493, 104
Trd, 4318504.393, 112
Trd, 4318506.643, 107
Trd, 4318507.993, 107
Trd, 4318508.893, 103
Trd, 4318511.293, 102
Trd, 4318512.143, 109
Trd, 4318512.493, 100
Trd, 4318514.343, 114
Trd, 4318514.893, 99
Trd, 4318517.143, 104
Trd, 4318519.693, 101
Trd, 4318519.893, 100
Trd, 4318520.243, 94
Trd, 4318520.693, 104
Trd, 4318521.193, 100
Trd, 4318522.443, 110
Trd, 4318522.693, 93
Trd, 4318524.243, 99
Trd, 4318524.643, 106
Trd, 4318526.693, 111
Trd, 4318527.043, 109
Trd, 4318528.543, 102
Trd, 4318529.643, 106
Trd, 4318531.743, 103
Trd, 4318532.793, 104
Trd, 4318534.843, 104
Trd, 4318535.993, 106
Trd, 4318536.393, 103
Trd, 4318539.293, 109
Trd, 4318539.343, 102
Trd, 4318541.843, 94
Trd, 4318543.493, 99
Trd, 4318543.793, 99
Trd, 4318547.293, 100
Trd, 4318547.343, 94
Trd, 4318548.343, 98
Trd, 4318550.793, 104
Trd, 4318551.193, 100
Trd, 4318552.943, 101
Trd, 4318553.193, 98
Trd, 4318554.843, 100
Trd, 4318555.643, 94
Trd, 4318556.793, 74
Trd, 4318558.343, 104
Trd, 4318561.243, 100
Trd, 4318561.443, 99
Trd, 4318562.493, 90
Trd, 4318564.193, 98
Trd, 4318565.293, 97
Trd, 4318566.143, 102
Trd, 4318566.193, 95
Trd, 4318567.743, 104
Trd, 4318571.343, 94
Trd, 4318572.293, 100
Trd, 4318574.193, 98
Trd, 4318574.743, 104
Trd, 4318575.943, 101
Trd, 4318576.693, 94
Trd, 4318577.943, 109
Trd, 4318581.343, 103
Trd, 4318581.893, 103
Trd, 4318581.993, 102
Trd, 4318582.593, 95
Trd, 4318583.793, 106
Trd, 4318586.243, 99
Trd, 4318587.143, 101
Trd, 4318589.593, 94
Trd, 4318590.343, 98
Trd, 4318590.393, 105
Trd, 4318592.043, 115
Trd, 4318592.843, 101
Trd, 4318592.993, 97
Trd, 4318594.543, 104
Trd, 4318595.293, 101
Trd, 4318595.943, 93
Trd, 4318596.843, 119
Trd, 4318598.993, 92
Trd, 4318599.893, 90
Trd, 4318601.593, 106
Trd, 4318602.443, 100
Trd, 4318603.143, 104
Trd, 4318605.343, 105
Trd, 4318605.943, 101
Trd, 4318607.943, 100
Trd, 4318609.143, 100
Trd, 4318609.543, 105
Trd, 4318610.393, 99
Trd, 4318612.693, 102
Trd, 4318613.943, 109
Trd, 4318614.393, 100
Trd, 4318614.993, 107
Trd, 4318615.843, 110
Trd, 4318616.043, 94
Trd, 4318618.893, 101
Trd, 4318620.443, 103
Trd, 4318621.093, 102
Trd, 4318621.893, 101
Trd, 4318623.243, 100
Trd, 4318625.593, 113
Trd, 4318625.843, 102
Trd, 4318627.393, 108
Trd, 4318627.443, 104
Trd, 4318628.043, 113
Trd, 4318628.093, 94
Trd, 4318631.643, 87
Trd, 4318632.543, 87
Trd, 4318632.993, 92
Trd, 4318634.593, 95
Trd, 4318635.443, 93
Trd, 4318638.543, 95
Trd, 4318638.693, 95
Trd, 4318639.893, 104
Trd, 4318640.543, 94
Trd, 4318640.643, 84
Trd, 4318642.943, 99
Trd, 4318643.843, 94
Trd, 4318646.593, 100
Trd, 4318647.243, 99
Trd, 4318647.593, 114
Trd, 4318647.793, 94
Trd, 4318648.793, 108
Trd, 4318649.393, 100
Trd, 4318651.993, 93
Trd, 4318653.493, 108
Trd, 4318655.293, 101
Trd, 4318656.443, 100
Trd, 4318656.893, 106
Trd, 4318658.293, 99
Trd, 4318660.443, 98
Trd, 4318661.643, 94
Trd, 4318664.243, 96
Trd, 4318665.393, 107
Trd, 4318665.993, 94
Trd, 4318666.443, 108
Trd, 4318668.543, 99
Trd, 4318668.793, 93
Trd, 4318670.993, 107
Trd, 4318672.493, 99
Trd, 4318673.293, 84
Trd, 4318673.693, 96
Trd, 4318677.293, 96
Trd, 4318677.493, 94
Trd, 4318677.843, 90
Trd, 4318681.043, 95
Trd, 4318683.093, 95
Trd, 4318683.793, 104
Trd, 4318685.943, 100
Trd, 4318686.243, 99
Trd, 4318686.693, 84
Trd, 4318689.543, 95
Trd, 4318690.693, 94
Trd, 4318690.743, 104
Trd, 4318691.443, 94
Trd, 4318692.393, 93
Trd, 4318693.593, 100
Trd, 4318696.793, 97
Trd, 4318698.143, 100
Trd, 4318698.743, 104
Trd, 4318699.143, 99
Trd, 4318700.943, 100
Trd, 4318701.943, 108
Trd, 4318703.193, 109
Trd, 4318705.293, 117
Trd, 4318705.743, 103
Trd, 4318707.743, 110
Trd, 4318707.993, 106
Trd, 4318710.093, 102
Trd, 4318710.743, 103
Trd, 4318711.693, 94
Trd, 4318712.693, 104
Trd, 4318715.593, 101
Trd, 4318715.643, 104
Trd, 4318717.293, 103
Trd, 4318717.843, 98
Trd, 4318719.743, 97
Trd, 4318721.593, 94
Trd, 4318722.793, 94
Trd, 4318724.393, 103
Trd, 4318724.793, 104
Trd, 4318725.793, 111
Trd, 4318727.293, 103
Trd, 4318729.893, 111
Trd, 4318731.093, 105
Trd, 4318732.843, 108
Trd, 4318733.693, 102
Trd, 4318735.043, 102
Trd, 4318737.143, 105
Trd, 4318738.993, 101
Trd, 4318739.343, 101
Trd, 4318739.793, 100
Trd, 4318741.593, 98
Trd, 4318743.943, 100
Trd, 4318744.093, 104
Trd, 4318744.593, 104
Trd, 4318745.943, 98
Trd, 4318747.743, 94
Trd, 4318750.943, 95
Trd, 4318754.893, 95
Trd, 4318755.993, 102
Trd, 4318758.693, 104
Trd, 4318758.993, 96
Trd, 4318761.643, 96
Trd, 4318763.093, 96
Trd, 4318765.993, 96
Trd, 4318766.693, 94
Trd, 4318767.143, 89
Trd, 4318767.243, 84
Trd, 4318771.393, 90
Trd, 4318772.293, 94
Trd, 4318774.093, 94
Trd, 4318776.193, 95
Trd, 4318776.743, 95
Trd, 4318779.893, 96
Trd, 4318782.893, 94
Trd, 4318783.943, 93
Trd, 4318784.443, 97
Trd, 4318785.493, 104
Trd, 4318786.143, 93
Trd, 4318787.343, 94
Trd, 4318787.993, 92
Trd, 4318791.043, 96
Trd, 4318792.093, 92
Trd, 4318792.793, 108
Trd, 4318795.193, 102
Trd, 4318796.093, 92
Trd, 4318796.493, 96
Trd, 4318797.743, 86
Trd, 4318799.343, 100
Trd, 4318800.343, 105
Trd, 4318802.493, 102
Trd, 4318802.643, 96
Trd, 4318802.893, 111
Trd, 4318805.293, 105
Trd, 4318806.993, 98
Trd, 4318807.443, 98
Trd, 4318807.793, 94
Trd, 4318808.643, 108
Trd, 4318812.093, 94
Trd, 4318813.343, 113
Trd, 4318814.343, 102
Trd, 4318814.443, 93
Trd, 4318816.443, 99
Trd, 4318817.443, 106
Trd, 4318818.843, 98
Trd, 4318820.043, 97
Trd, 4318820.993, 105
Trd, 4318823.893, 103
Trd, 4318825.593, 99
Trd, 4318827.743, 100
Trd, 4318829.193, 104
Trd, 4318829.243, 101
Trd, 4318829.743, 99
Trd, 4318831.743, 100
Trd, 4318833.693, 94
Trd, 4318834.043, 103
Trd, 4318834.743, 88
Trd, 4318835.343, 104
Trd, 4318835.393, 92
Trd, 4318839.493, 101
Trd, 4318840.293, 105
Trd, 4318841.343, 99
Trd, 4318844.443, 102
Trd, 4318844.793, 104
Trd, 4318845.843, 94
Trd, 4318847.943, 98
Trd, 4318851.543, 97
Trd, 4318852.093, 103
Trd, 4318853.293, 105
Trd, 4318853.793, 94
Trd, 4318856.793, 98
Trd, 4318858.193, 94
Trd, 4318859.643, 94
Trd, 4318862.093, 105
Trd, 4318864.243, 93
Trd, 4318865.343, 102
Trd, 4318867.893, 92
Trd, 4318868.643, 105
Trd, 4318868.943, 92
Trd, 4318869.193, 96
Trd, 4318869.293, 91
Trd, 4318871.943, 90
Trd, 4318877.093, 94
Trd, 4318877.443, 96
Trd, 4318878.993, 96
Trd, 4318879.843, 106
Trd, 4318882.493, 102
Trd, 4318883.443, 117
Trd, 4318884.043, 107
Trd, 4318884.193, 100
Trd, 4318884.643, 118
Trd, 4318885.193, 94
Trd, 4318885.993, 89
Trd, 4318886.893, 92
Trd, 4318890.243, 102
Trd, 4318891.093, 97
Trd, 4318891.793, 113
Trd, 4318893.543, 103
Trd, 4318896.043, 96
Trd, 4318896.093, 85
Trd, 4318897.343, 97
Trd, 4318900.493, 104
Trd, 4318900.693, 101
Trd, 4318901.143, 98
Trd, 4318903.693, 101
Trd, 4318904.593, 102
Trd, 4318904.743, 104
Trd, 4318906.393, 98
Trd, 4318906.943, 94
Trd, 4318910.343, 96
Trd, 4318911.093, 95
Trd, 4318912.143, 97
Trd, 4318912.693, 104
Trd, 4318915.843, 98
Trd, 4318918.793, 94
Trd, 4318920.143, 96
Trd, 4318920.443, 104
Trd, 4318920.543, 93
Trd, 4318924.943, 93
Trd, 4318925.793, 98
Trd, 4318927.043, 99
Trd, 4318928.743, 95
Trd, 4318929.143, 95
Trd, 4318931.043, 94
Trd, 4318932.393, 104
Trd, 4318932.843, 104
Trd, 4318936.193, 102
Trd, 4318936.793, 105
Trd, 4318937.043, 103
Trd, 4318937.943, 93
Trd, 4318940.293, 110
Trd, 4318942.143, 101
Trd, 4318945.143, 106
Trd, 4318946.493, 104
Trd, 4318948.743, 103
Trd, 4318948.793, 102
Trd, 4318952.643, 103
Trd, 4318953.693, 101
Trd, 4318955.893, 102
Trd, 4318956.293, 101
Trd, 4318956.993, 94
Trd, 4318959.743, 104
Trd, 4318959.793, 93
Trd, 4318961.393, 93
Trd, 4318961.593, 104
Trd, 4318964.943, 104
Trd, 4318966.093, 99
Trd, 4318967.743, 102
Trd, 4318968.643, 100
Trd, 4318970.443, 105
Trd, 4318970.943, 98
Trd, 4318972.293, 103
Trd, 4318973.843, 99
Trd, 4318974.493, 97
Trd, 4318974.543, 115
Trd, 4318975.243, 88
Trd, 4318976.193, 84
Trd, 4318976.693, 83
Trd, 4318979.793, 92
Trd, 4318980.693, 95
Trd, 4318982.493, 99
Trd, 4318983.743, 103
Trd, 4318984.593, 81
Trd, 4318986.843, 104
Trd, 4318987.193, 97
Trd, 4318988.493, 104
Trd, 4318988.593, 110
Trd, 4318989.693, 96
Trd, 4318992.793, 111
Trd, 4318993.143, 107
Trd, 4318994.493, 103
Trd, 4318995.593, 106
Trd, 4318996.743, 102
Trd, 4318997.443, 119
Trd, 4318999.243, 94
Trd, 4319000.793, 105
Trd, 4319002.443, 106
Trd, 4319003.393, 103
Trd, 4319006.743, 101
Trd, 4319007.593, 105
Trd, 4319009.093, 100
Trd, 4319009.743, 101
Trd, 4319011.393, 105
Trd, 4319011.593, 105
Trd, 4319011.993, 111
Trd, 4319013.943, 103
Trd, 4319016.643, 98
Trd, 4319017.243, 100
Trd, 4319020.493, 99
Trd, 4319021.043, 94
Trd, 4319021.693, 82
Trd, 4319022.443, 99
Trd, 4319022.893, 90
Trd, 4319025.943, 104
Trd, 4319026.793, 112
Trd, 4319027.393, 112
Trd, 4319027.643, 102
Trd, 4319029.143, 94
Trd, 4319031.293, 98
Trd, 4319032.343, 109
Trd, 4319033.093, 100
Trd, 4319033.543, 94
Trd, 4319034.543, 97
Trd, 4319036.343, 99
Trd, 4319038.243, 95
Trd, 4319041.093, 94
Trd, 4319043.043, 98
Trd, 4319043.193, 96
Trd, 4319045.143, 96
Trd, 4319045.193, 104
Trd, 4319045.793, 109
Trd, 4319048.243, 106
Trd, 4319048.793, 93
Trd, 4319049.493, 104
Trd, 4319054.493, 102
Trd, 4319056.493, 102
Trd, 4319057.143, 99
Trd, 4319058.143, 94
Trd, 4319059.243, 98
Trd, 4319060.093, 104
Trd, 4319061.893, 94
Trd, 4319062.893, 103
Trd, 4319065.343, 94
Trd, 4319067.043, 100
Trd, 4319070.643, 95
Trd, 4319070.693, 93
Trd, 4319073.093, 93
Trd, 4319073.493, 94
Trd, 4319074.643, 93
Trd, 4319077.193, 98
Trd, 4319077.243, 115
Trd, 4319078.043, 103
Trd, 4319078.843, 107
Trd, 4319080.743, 100
Trd, 4319081.543, 94
Trd, 4319082.943, 108
Trd, 4319084.693, 103
Trd, 4319085.243, 101
Trd, 4319086.993, 101
Trd, 4319088.893, 104
Trd, 4319089.293, 93
Trd, 4319089.843, 104
Trd, 4319090.943, 81
Trd, 4319092.643, 94
Trd, 4319092.943, 93
Trd, 4319096.093, 93
Trd, 4319096.293, 92
Trd, 4319097.593, 104
Trd, 4319098.243, 99
Trd, 4319100.843, 100
Trd, 4319102.193, 105
Trd, 4319102.443, 100
Trd, 4319103.943, 101
Trd, 4319104.343, 94
Trd, 4319105.443, 98
Trd, 4319106.093, 91
Trd, 4319107.393, 84
Trd, 4319109.343, 75
Trd, 4319111.693, 89
Trd, 4319112.643, 92
Trd, 4319112.693, 113
Trd, 4319114.743, 98
Trd, 4319115.393, 97
Trd, 4319116.993, 84
Trd, 4319119.193, 95
Trd, 4319119.443, 94
Trd, 4319119.593, 113
Trd, 4319120.243, 92
Trd, 4319121.043, 107
Trd, 4319122.593, 97
Trd, 4319124.043, 108
Trd, 4319125.043, 96
Trd, 4319127.143, 97
Trd, 4319129.343, 103
Trd, 4319129.793, 94
Trd, 4319129.843, 83
Trd, 4319131.793, 104
Trd, 4319132.293, 92
Trd, 4319135.843, 104
Trd, 4319138.193, 104
Trd, 4319138.643, 103
Trd, 4319139.443, 109
Trd, 4319139.943, 109
Trd, 4319140.943, 107
Trd, 4319144.643, 107
Trd, 4319144.793, 106
Trd, 4319145.043, 102
Trd, 4319146.443, 107
Trd, 4319147.043, 104
Trd, 4319148.093, 103
Trd, 4319151.293, 103
Trd, 4319151.593, 102
Trd, 4319152.193, 94
Trd, 4319152.343, 104
Trd, 4319154.243, 103
Trd, 4319154.943, 114
Trd, 4319156.443, 102
Trd, 4319157.593, 101
Trd, 4319160.093, 95
Trd, 4319160.143, 96
Trd, 4319162.193, 102
Trd, 4319163.343, 99
Trd, 4319164.493, 99
Trd, 4319166.943, 98
Trd, 4319167.493, 104
Trd, 4319168.143, 94
Trd, 4319169.993, 105
Trd, 4319173.193, 103
Trd, 4319173.543, 98
Trd, 4319174.193, 98
Trd, 4319176.543, 105
Trd, 4319177.193, 99
Trd, 4319177.243, 93
Trd, 4319180.093, 83
Trd, 4319181.593, 105
Trd, 4319181.843, 101
Trd, 4319182.143, 90
Trd, 4319182.843, 91
Trd, 4319185.343, 102
Trd, 4319187.143, 102
Trd, 4319187.743, 93
Trd, 4319188.043, 95
Trd, 4319191.393, 98
Trd, 4319192.693, 97
Trd, 4319192.893, 94
Trd, 4319193.493, 83
Trd, 4319195.043, 119
Trd, 4319196.643, 92
Trd, 4319199.643, 100
Trd, 4319199.893, 105
Trd, 4319202.543, 96
Trd, 4319202.993, 95
Trd, 4319204.493, 95
Trd, 4319205.643, 94
Trd, 4319205.743, 85
Trd, 4319205.893, 119
Trd, 4319207.743, 82
Trd, 4319208.293, 99
Trd, 4319210.543, 94
Trd, 4319211.893, 88
Trd, 4319213.393, 95
Trd, 4319217.493, 91
Trd, 4319217.843, 94
Trd, 4319220.293, 89
Trd, 4319222.343, 95
Trd, 4319222.993, 93
Trd, 4319225.143, 104
Trd, 4319226.093, 113
Trd, 4319226.443, 112
Trd, 4319226.793, 103
Trd, 4319228.993, 105
Trd, 4319229.193, 109
Trd, 4319229.643, 115
Trd, 4319232.743, 100
Trd, 4319234.843, 107
Trd, 4319235.393, 103
Trd, 4319236.343, 104
Trd, 4319237.493, 105
Trd, 4319238.543, 102
Trd, 4319240.243, 104
Trd, 4319240.643, 102
Trd, 4319242.243, 94
Trd, 4319244.393, 111
Trd, 4319245.793, 103
Trd, 4319246.443, 108
Trd, 4319246.843, 108
Trd, 4319248.893, 106
Trd, 4319249.443, 102
Trd, 4319250.843, 93
Trd, 4319251.193, 92
Trd, 4319251.843, 94
Trd, 4319255.343, 99
Trd, 4319255.543, 94
Trd, 4319255.843, 104
Trd, 4319256.843, 93
Trd, 4319258.243, 104
Trd, 4319260.443, 102
Trd, 4319261.793, 101
Trd, 4319262.393, 94
Trd, 4319262.493, 102
Trd, 4319265.193, 103
Trd, 4319266.693, 103
Trd, 4319268.543, 102
Trd, 4319269.493, 100
Trd, 4319271.493, 101
Trd, 4319272.593, 94
Trd, 4319272.693, 116
Trd, 4319273.993, 108
Trd, 4319275.243, 93
Trd, 4319276.143, 113
Trd, 4319279.893, 107
Trd, 4319280.243, 106
Trd, 4319280.293, 99
Trd, 4319280.593, 113
Trd, 4319282.443, 92
Trd, 4319285.793, 91
Trd, 4319286.843, 104
Trd, 4319287.493, 98
Trd, 4319288.443, 98
Trd, 4319289.393, 85
Trd, 4319290.243, 94
Trd, 4319291.093, 101
Trd, 4319291.943, 96
Trd, 4319292.993, 104
Trd, 4319293.243, 94
Trd, 4319293.593, 80
Trd, 4319295.743, 113
Trd, 4319298.243, 99
Trd, 4319299.943, 109
Trd, 4319301.293, 94
Trd, 4319302.443, 83
Trd, 4319304.093, 97
Trd, 4319305.743, 98
Trd, 4319305.943, 96
Trd, 4319307.793, 94
Trd, 4319308.993, 93
Trd, 4319310.643, 92
Trd, 4319312.743, 93
Trd, 4319315.743, 92
Trd, 4319315.843, 91
Trd, 4319316.993, 93
Trd, 4319317.893, 90
Trd, 4319318.243, 104
Trd, 4319321.643, 97
Trd, 4319322.993, 95
Trd, 4319323.943, 109
Trd, 4319324.143, 113
Trd, 4319325.043, 95
Trd, 4319326.843, 94
Trd, 4319328.493, 94
Trd, 4319329.893, 101
Trd, 4319330.343, 104
Trd, 4319331.943, 104
Trd, 4319332.493, 102
Trd, 4319334.443, 103
Trd, 4319335.643, 101
Trd, 4319335.693, 96
Trd, 4319338.643, 99
Trd, 4319339.443, 99
Trd, 4319340.143, 104
Trd, 4319341.893, 105
Trd, 4319343.193, 99
Trd, 4319344.393, 105
Trd, 4319344.643, 98
Trd, 4319346.443, 94
Trd, 4319346.843, 92
Trd, 4319348.593, 106
Trd, 4319350.793, 97
Trd, 4319352.943, 106
Trd, 4319354.293, 101
Trd, 4319355.743, 103
Trd, 4319357.793, 105
Trd, 4319359.543, 101
Trd, 4319359.643, 100
Trd, 4319360.093, 113
Trd, 4319360.643, 99
Trd, 4319364.943, 96
Trd, 4319367.343, 90
Trd, 4319367.443, 84
Trd, 4319367.793, 91
Trd, 4319369.943, 103
Trd, 4319370.143, 105
Trd, 4319370.493, 93
Trd, 4319371.643, 88
Trd, 4319372.093, 90
Trd, 4319372.593, 93
Trd, 4319373.843, 105
Trd, 4319377.143, 95
Trd, 4319379.193, 94
Trd, 4319379.393, 95
Trd, 4319379.943, 95
Trd, 4319382.743, 94
Trd, 4319382.843, 95
Trd, 4319384.093, 94
Trd, 4319384.293, 109
Trd, 4319386.643, 103
Trd, 4319387.093, 100
Trd, 4319387.693, 105
Trd, 4319390.743, 108
Trd, 4319391.693, 96
Trd, 4319392.243, 94
Trd, 4319392.993, 97
Trd, 4319396.943, 101
Trd, 4319399.093, 104
Trd, 4319399.243, 97
Trd, 4319399.843, 104
Trd, 4319401.293, 98
Trd, 4319402.043, 94
Trd, 4319403.293, 96
Trd, 4319404.043, 105
Trd, 4319405.343, 96
Trd, 4319408.743, 95
Trd, 4319409.843, 94
Trd, 4319410.543, 93
Trd, 4319411.843, 93
Trd, 4319413.443, 102
Trd, 4319415.143, 92
Trd, 4319416.593, 97
Trd, 4319418.043, 105
Trd, 4319418.693, 99
Trd, 4319419.293, 98
Trd, 4319420.093, 100
Trd, 4319424.143, 97
Trd, 4319424.343, 100
Trd, 4319424.793, 94
Trd, 4319426.143, 105
Trd, 4319427.693, 109
Trd, 4319428.243, 103
Trd, 4319428.443, 104
Trd, 4319429.393, 106
Trd, 4319430.943, 103
Trd, 4319432.943, 102
Trd, 4319433.343, 106
Trd, 4319435.293, 101
Trd, 4319437.243, 107
Trd, 4319438.943, 108
Trd, 4319439.093, 109
Trd, 4319439.743, 108
Trd, 4319440.193, 106
Trd, 4319440.493, 103
Trd, 4319442.243, 93
Trd, 4319446.193, 81
Trd, 4319447.243, 80
Trd, 4319447.393, 87
Trd, 4319448.643, 92
Trd, 4319449.843, 94
Trd, 4319451.893, 95
Trd, 4319452.443, 92
Trd, 4319453.493, 107
Trd, 4319454.743, 100
Trd, 4319456.793, 99
Trd, 4319459.093, 96
Trd, 4319459.393, 102
Trd, 4319460.093, 94
Trd, 4319462.893, 95
Trd, 4319464.593, 95
Trd, 4319466.493, 101
Trd, 4319466.943, 95
Trd, 4319467.593, 104
Trd, 4319468.243, 94
Trd, 4319469.893, 100
Trd, 4319470.943, 104
Trd, 4319472.443, 100
Trd, 4319472.493, 93
Trd, 4319473.893, 99
Trd, 4319474.043, 97
Trd, 4319476.843, 95
Trd, 4319477.793, 94
Trd, 4319479.793, 94
Trd, 4319480.293, 98
Trd, 4319482.643, 95
Trd, 4319483.043, 98
Trd, 4319483.843, 95
Trd, 4319484.693, 117
Trd, 4319486.093, 95
Trd, 4319488.493, 98
Trd, 4319489.393, 97
Trd, 4319490.593, 104
Trd, 4319490.793, 94
Trd, 4319491.293, 114
Trd, 4319491.843, 80
Trd, 4319493.293, 106
Trd, 4319494.493, 95
Trd, 4319494.543, 106
Trd, 4319494.893, 116
Trd, 4319495.343, 93
Trd, 4319496.993, 102
Trd, 4319498.593, 100
Trd, 4319499.743, 80
Trd, 4319501.643, 103
Trd, 4319503.343, 96
Trd, 4319503.643, 95
Trd, 4319505.143, 94
Trd, 4319506.193, 105
Trd, 4319506.443, 113
Trd, 4319507.993, 107
Trd, 4319508.193, 93
Trd, 4319509.043, 86
Trd, 4319512.243, 116
Trd, 4319512.943, 100
Trd, 4319513.593, 100
Trd, 4319516.793, 99
Trd, 4319516.843, 99
Trd, 4319521.393, 103
Trd, 4319522.493, 102
Trd, 4319526.293, 102
Trd, 4319526.643, 101
Trd, 4319526.893, 104
Trd, 4319527.743, 100
Trd, 4319531.143, 98
Trd, 4319531.243, 94
Trd, 4319532.243, 104
Trd, 4319533.443, 104
Trd, 4319534.193, 99
Trd, 4319535.343, 79
Trd, 4319535.693, 90
Trd, 4319537.143, 90
Trd, 4319538.043, 99
Trd, 4319541.293, 95
Trd, 4319541.743, 89
Trd, 4319543.443, 88
Trd, 4319546.043, 95
Trd, 4319546.943, 87
Trd, 4319548.093, 91
Trd, 4319549.893, 102
Trd, 4319551.793, 98
Trd, 4319552.293, 96
Trd, 4319553.343, 96
Trd, 4319554.293, 105
Trd, 4319555.793, 100
Trd, 4319556.443, 99
Trd, 4319556.693, 97
Trd, 4319558.943, 99
Trd, 4319560.393, 101
Trd, 4319561.543, 102
Trd, 4319561.993, 99
Trd, 4319564.443, 97
Trd, 4319564.693, 94
Trd, 4319567.193, 95
Trd, 4319568.343, 104
Trd, 4319568.843, 102
Trd, 4319571.943, 99
Trd, 4319572.443, 99
Trd, 4319573.843, 108
Trd, 4319573.993, 107
Trd, 4319574.793, 107
Trd, 4319575.993, 105
Trd, 4319578.043, 103
Trd, 4319579.343, 117
Trd, 4319579.693, 116
Trd, 4319579.743, 94
Trd, 4319585.543, 105
Trd, 4319585.743, 101
Trd, 4319586.493, 108
Trd, 4319587.643, 108
Trd, 4319588.443, 104
Trd, 4319588.693, 101
Trd, 4319588.943, 94
Trd, 4319591.593, 104
Trd, 4319593.543, 107
Trd, 4319594.293, 104
Trd, 4319595.093, 102
Trd, 4319596.493, 103
Trd, 4319599.243, 112
Trd, 4319600.343, 100
Trd, 4319601.843, 106
Trd, 4319602.243, 114
Trd, 4319603.393, 104
Trd, 4319604.943, 109
Trd, 4319606.243, 94
Trd, 4319608.293, 80
Trd, 4319608.593, 89
Trd, 4319610.643, 99
Trd, 4319610.743, 104
Trd, 4319611.293, 83
Trd, 4319613.793, 89
Trd, 4319618.093, 92
Trd, 4319620.793, 99
Trd, 4319621.443, 94
Trd, 4319623.443, 93
Trd, 4319624.543, 94
Trd, 4319626.193, 97
Trd, 4319627.743, 95
Trd, 4319629.243, 94
Trd, 4319629.943, 93
Trd, 4319632.893, 97
Trd, 4319633.843, 91
Trd, 4319634.343, 104
Trd, 4319634.643, 108
Trd, 4319637.043, 104
Trd, 4319641.543, 103
Trd, 4319643.443, 102
Trd, 4319643.893, 104
Trd, 4319644.743, 94
Trd, 4319645.743, 98
Trd, 4319646.393, 105
Trd, 4319646.993, 99
Trd, 4319647.393, 104
Trd, 4319649.693, 98
Trd, 4319649.743, 94
Trd, 4319651.143, 95
Trd, 4319651.893, 101
Trd, 4319652.393, 96
Trd, 4319652.843, 104
Trd, 4319655.943, 93
Trd, 4319656.643, 97
Trd, 4319658.043, 100
Trd, 4319658.593, 114
Trd, 4319659.343, 98
Trd, 4319662.293, 93
Trd, 4319663.093, 99
Trd, 4319665.143, 100
Trd, 4319665.593, 99
Trd, 4319667.743, 104
Trd, 4319668.393, 99
Trd, 4319668.593, 105
Trd, 4319668.693, 98
Trd, 4319674.293, 98
Trd, 4319674.943, 105
Trd, 4319676.093, 112
Trd, 4319677.293, 103
Trd, 4319677.543, 107
Trd, 4319681.293, 105
Trd, 4319682.443, 94
Trd, 4319684.093, 82
Trd, 4319684.843, 105
Trd, 4319686.293, 95
Trd, 4319687.143, 107
Trd, 4319688.243, 108
Trd, 4319690.643, 90
Trd, 4319691.393, 81
Trd, 4319691.543, 106
Trd, 4319692.993, 91
Trd, 4319693.843, 94
Trd, 4319694.243, 92
Trd, 4319696.743, 93
Trd, 4319697.943, 92
Trd, 4319698.393, 106
Trd, 4319699.193, 91
Trd, 4319699.693, 90
Trd, 4319701.793, 89
Trd, 4319704.243, 102
Trd, 4319705.693, 97
Trd, 4319706.393, 105
Trd, 4319708.793, 98
Trd, 4319709.043, 105
Trd, 4319709.443, 109
Trd, 4319710.243, 93
Trd, 4319711.043, 101
Trd, 4319714.543, 102
Trd, 4319714.943, 97
Trd, 4319715.293, 105
Trd, 4319715.593, 106
Trd, 4319718.293, 106
Trd, 4319718.943, 94
Trd, 4319719.993, 101
Trd, 4319722.543, 101
Trd, 4319723.143, 105
Trd, 4319726.643, 99
Trd, 4319726.743, 99
Trd, 4319727.143, 105
Trd, 4319728.543, 99
Trd, 4319730.043, 94
Trd, 4319732.193, 90
Trd, 4319732.493, 95
Trd, 4319735.193, 95
Trd, 4319735.693, 96
Trd, 4319736.993, 95
Trd, 4319738.043, 94
Trd, 4319740.693, 97
Trd, 4319741.743, 96
Trd, 4319741.793, 104
Trd, 4319742.543, 113
Trd, 4319743.093, 95
Trd, 4319744.893, 85
Trd, 4319744.943, 106
Trd, 4319747.643, 83
Trd, 4319747.993, 106
Trd, 4319748.443, 77
Trd, 4319751.543, 89
Trd, 4319752.893, 88
Trd, 4319753.843, 88
Trd, 4319755.793, 92
Trd, 4319757.693, 86
Trd, 4319758.843, 113
Trd, 4319759.143, 100
Trd, 4319760.993, 107
Trd, 4319762.593, 102
Trd, 4319764.243, 103
Trd, 4319765.893, 102
Trd, 4319767.793, 94
Trd, 4319768.193, 101
Trd, 4319769.793, 105
Trd, 4319772.493, 104
Trd, 4319772.893, 99
Trd, 4319773.643, 101
Trd, 4319773.843, 101
Trd, 4319775.943, 104
Trd, 4319776.793, 100
Trd, 4319778.943, 94
Trd, 4319781.393, 103
Trd, 4319781.693, 104
Trd, 4319784.293, 96
Trd, 4319788.793, 95
Trd, 4319788.843, 99
Trd, 4319789.243, 95
Trd, 4319790.893, 94
Trd, 4319791.393, 98
Trd, 4319794.893, 93
Trd, 4319795.043, 97
Trd, 4319796.443, 94
Trd, 4319799.093, 94
Trd, 4319800.643, 92
Trd, 4319801.893, 116
Trd, 4319803.143, 108
Trd, 4319803.593, 102
Trd, 4319805.393, 91
Trd, 4319806.093, 85
Trd, 4319807.693, 92
Trd, 4319808.793, 91
Trd, 4319810.893, 104
Trd, 4319811.193, 93
Trd, 4319812.543, 97
Trd, 4319815.193, 102
Trd, 4319815.893, 93
Trd, 4319816.793, 104
Trd, 4319819.543, 94
Trd, 4319820.143, 92
Trd, 4319822.193, 105
Trd, 4319823.043, 94
Trd, 4319823.593, 94
Trd, 4319824.993, 93
Trd, 4319826.193, 103
Trd, 4319826.543, 104
Trd, 4319830.743, 93
Trd, 4319832.143, 101
Trd, 4319832.193, 94
Trd, 4319834.043, 95
Trd, 4319835.693, 100
Trd, 4319837.743, 96
Trd, 4319838.593, 94
Trd, 4319840.193, 97
Trd, 4319842.043, 104
Trd, 4319844.543, 111
Trd, 4319846.243, 109
Trd, 4319846.343, 94
Trd, 4319846.593, 88
Trd, 4319847.443, 97
Trd, 4319847.643, 113
Trd, 4319850.993, 104
Trd, 4319851.093, 99
Trd, 4319854.043, 108
Trd, 4319854.143, 101
Trd, 4319856.343, 100
Trd, 4319857.993, 90
Trd, 4319859.193, 91
Trd, 4319859.843, 106
Trd, 4319861.443, 105
Trd, 4319864.293, 97
Trd, 4319865.543, 96
Trd, 4319866.043, 99
Trd, 4319867.093, 95
Trd, 4319868.343, 94
Trd, 4319871.193, 98
Trd, 4319871.393, 96
Trd, 4319872.293, 105
Trd, 4319874.443, 91
Trd, 4319875.443, 106
Trd, 4319876.193, 101
Trd, 4319877.243, 113
Trd, 4319878.693, 105
Trd, 4319880.243, 93
Trd, 4319880.743, 104
Trd, 4319881.293, 99
Trd, 4319881.743, 85
Trd, 4319882.193, 105
Trd, 4319884.143, 95
Trd, 4319885.993, 94
Trd, 4319886.643, 94
Trd, 4319888.193, 93
Trd, 4319891.393, 98
Trd, 4319892.843, 92
Trd, 4319893.043, 92
Trd, 4319894.043, 91
Trd, 4319895.843, 101
Trd, 4319895.993, 113
Trd, 4319897.043, 107
Trd, 4319897.393, 96
Trd, 4319897.843, 107
Trd, 4319899.493, 94
Trd, 4319901.593, 101
Trd, 4319902.793, 90
Trd, 4319903.093, 93
Trd, 4319904.143, 100
Trd, 4319904.393, 108
Trd, 4319904.993, 94
Trd, 4319907.643, 103
Trd, 4319907.743, 94
Trd, 4319909.443, 103
Trd, 4319909.543, 108
Trd, 4319913.193, 100
Trd, 4319913.643, 101
Trd, 4319915.293, 104
Trd, 4319915.693, 100
Trd, 4319916.043, 98
Trd, 4319916.543, 97
Trd, 4319917.893, 103
Trd, 4319919.843, 111
Trd, 4319921.293, 107
Trd, 4319921.443, 101
Trd, 4319923.743, 107
Trd, 4319924.843, 104
Trd, 4319924.993, 104
Trd, 4319925.643, 104
Trd, 4319926.193, 104
Trd, 4319928.293, 104
Trd, 4319929.893, 94
Trd, 4319931.543, 100
Trd, 4319932.693, 89
Trd, 4319933.743, 102
Trd, 4319936.693, 103
Trd, 4319937.043, 98
Trd, 4319939.493, 97
Trd, 4319941.643, 96
Trd, 4319942.893, 94
Trd, 4319944.793, 94
Trd, 4319944.993, 101
Trd, 4319948.243, 96
Trd, 4319948.843, 104
Trd, 4319949.793, 95
Trd, 4319950.993, 94
Trd, 4319952.443, 104
Trd, 4319955.693, 99
Trd, 4319955.893, 97
Trd, 4319956.393, 96
Trd, 4319957.143, 104
Trd, 4319957.543, 95
Trd, 4319958.393, 104
Trd, 4319959.993, 94
Trd, 4319961.593, 102
Trd, 4319961.943, 105
Trd, 4319962.993, 92
Trd, 4319965.293, 92
Trd, 4319966.343, 96
Trd, 4319969.743, 99
Trd, 4319972.793, 96
Trd, 4319973.493, 85
Trd, 4319975.643, 95
Trd, 4319975.743, 92
Trd, 4319976.293, 91
Trd, 4319978.243, 106
Trd, 4319980.243, 95
Trd, 4319980.643, 97
Trd, 4319981.693, 97
Trd, 4319983.293, 95
Trd, 4319983.593, 94
Trd, 4319985.393, 104
Trd, 4319985.993, 98
Trd, 4319986.693, 93
Trd, 4319987.443, 92
Trd, 4319989.393, 98
Trd, 4319990.093, 97
Trd, 4319990.893, 98
Trd, 4319993.893, 84
Trd, 4319994.343, 104
Trd, 4319996.043, 103
Trd, 4319996.943, 102
Trd, 4319997.993, 98
Trd, 4319998.743, 98
