Trd, 4317891.993, 96
Trd, 4317893.443, 96
Trd, 4317894.093, 96
Trd, 4317894.343, 104
Trd, 4317895.643, 119
Trd, 4317897.743, 98
Trd, 4317897.943, 98
Trd, 4317900.943, 97
Trd, 4317901.143, 97
Trd, 4317902.543, 96
Trd, 4317902.643, 97
Trd, 4317903.443, 98
Trd, 4317904.643, 98
Trd, 4317906.993, 97
Trd, 4317907.693, 94
Trd, 4317907.993, 96
Trd, 4317908.743, 96
Trd, 4317911.093, 98
Trd, 4317911.893, 97
Trd, 4317912.193, 99
Trd, 4317913.693, 103
Trd, 4317916.943, 96
Trd, 4317918.443, 98
Trd, 4317919.793, 111
Trd, 4317921.843, 101
Trd, 4317922.343, 100
Trd, 4317922.643, 101
Trd, 4317924.193, 100
Trd, 4317924.943, 100
Trd, 4317926.343, 99
Trd, 4317927.193, 98
Trd, 4317927.943, 99
Trd, 4317928.143, 100
Trd, 4317929.993, 98
Trd, 4317931.293, 97
Trd, 4317932.043, 98
Trd, 4317932.443, 98
Trd, 4317936.143, 98
Trd, 4317936.193, 99
Trd, 4317936.943, 98
Trd, 4317937.843, 97
Trd, 4317939.293, 97
Trd, 4317941.743, 94
Trd, 4317942.243, 96
Trd, 4317942.793, 96
Trd, 4317944.693, 103
Trd, 4317945.843, 96
Trd, 4317947.793, 96
Trd, 4317948.793, 96
Trd, 4317949.793, 97
Trd, 4317950.193, 97
Trd, 4317950.993, 104
Trd, 4317952.443, 97
Trd, 4317953.593, 98
Trd, 4317954.543, 104
Trd, 4317955.293, 100
Trd, 4317958.693, 97
Trd, 4317960.243, 97
Trd, 4317961.043, 99
Trd, 4317963.843, 98
Trd, 4317964.143, 97
Trd, 4317965.043, 98
Trd, 4317966.943, 98
Trd, 4317968.143, 97
Trd, 4317969.043, 97
Trd, 4317973.493, 98
Trd, 4317974.343, 99
Trd, 4317974.693, 99
Trd, 4317976.743, 99
Trd, 4317978.643, 97
Trd, 4317978.693, 99
Trd, 4317980.593, 102
Trd, 4317981.343, 99
Trd, 4317982.993, 96
Trd, 4317985.243, 98
Trd, 4317985.843, 97
Trd, 4317986.143, 104
Trd, 4317986.643, 96
Trd, 4317988.143, 96
Trd, 4317990.443, 96
Trd, 4317990.743, 98
Trd, 4317991.293, 95
Trd, 4317991.693, 96
Trd, 4317992.243, 96
Trd, 4317993.243, 97
Trd, 4317994.843, 97
Trd, 4317996.093, 96
Trd, 4317996.543, 96
Trd, 4317997.943, 95
Trd, 4317998.843, 96
Trd, 4318001.493, 96
Trd, 4318002.043, 102
Trd, 4318004.393, 96
Trd, 4318005.343, 98
Trd, 4318007.693, 100
Trd, 4318007.843, 101
Trd, 4318008.743, 98
Trd, 4318009.543, 98
Trd, 4318012.643, 95
Trd, 4318014.243, 95
Trd, 4318014.743, 96
Trd, 4318016.243, 96
Trd, 4318016.993, 96
Trd, 4318017.443, 94
Trd, 4318018.093, 104
Trd, 4318019.693, 96
Trd, 4318020.043, 97
Trd, 4318020.743, 122
Trd, 4318022.593, 101
Trd, 4318025.643, 99
Trd, 4318026.943, 93
Trd, 4318027.443, 93
Trd, 4318028.943, 91
Trd, 4318029.543, 89
Trd, 4318031.793, 86
Trd, 4318032.993, 87
Trd, 4318034.543, 89
Trd, 4318036.243, 89
Trd, 4318037.293, 95
Trd, 4318037.393, 106
Trd, 4318041.393, 99
Trd, 4318042.043, 94
Trd, 4318043.443, 94
Trd, 4318044.093, 96
Trd, 4318044.343, 96
Trd, 4318047.693, 96
Trd, 4318047.743, 97
Trd, 4318048.643, 95
Trd, 4318049.493, 96
Trd, 4318051.193, 94
Trd, 4318053.043, 92
Trd, 4318054.993, 94
Trd, 4318055.743, 94
Trd, 4318055.893, 94
Trd, 4318057.093, 95
Trd, 4318060.193, 96
Trd, 4318060.893, 101
Trd, 4318061.343, 102
Trd, 4318064.593, 97
Trd, 4318066.843, 98
Trd, 4318067.093, 101
Trd, 4318068.943, 98
Trd, 4318069.893, 98
Trd, 4318070.493, 97
Trd, 4318070.943, 98
Trd, 4318072.193, 99
Trd, 4318072.943, 100
Trd, 4318073.993, 99
Trd, 4318076.443, 97
Trd, 4318078.143, 97
Trd, 4318078.393, 98
Trd, 4318078.593, 98
Trd, 4318080.393, 97
Trd, 4318081.493, 96
Trd, 4318082.393, 96
Trd, 4318083.793, 97
Trd, 4318084.393, 95
Trd, 4318084.843, 95
Trd, 4318087.243, 94
Trd, 4318088.593, 92
Trd, 4318089.593, 92
Trd, 4318090.343, 95
Trd, 4318091.293, 91
Trd, 4318091.843, 93
Trd, 4318093.443, 94
Trd, 4318095.043, 92
Trd, 4318096.643, 93
Trd, 4318097.693, 93
Trd, 4318097.893, 94
Trd, 4318098.193, 95
Trd, 4318098.893, 93
Trd, 4318099.593, 104
Trd, 4318101.743, 97
Trd, 4318105.993, 101
Trd, 4318106.093, 105
Trd, 4318108.493, 109
Trd, 4318108.943, 110
Trd, 4318110.043, 104
Trd, 4318111.493, 121
Trd, 4318112.543, 108
Trd, 4318112.743, 106
Trd, 4318116.443, 103
Trd, 4318116.893, 105
Trd, 4318117.693, 103
Trd, 4318117.793, 104
Trd, 4318118.893, 105
Trd, 4318119.843, 103
Trd, 4318121.093, 103
Trd, 4318121.693, 103
Trd, 4318122.643, 101
Trd, 4318124.943, 98
Trd, 4318124.993, 98
Trd, 4318126.143, 97
Trd, 4318126.193, 97
Trd, 4318130.093, 91
Trd, 4318130.643, 91
Trd, 4318131.743, 93
Trd, 4318132.043, 94
Trd, 4318134.093, 94
Trd, 4318135.243, 113
Trd, 4318135.843, 98
Trd, 4318138.893, 94
Trd, 4318139.843, 94
Trd, 4318139.893, 95
Trd, 4318142.993, 94
Trd, 4318143.693, 93
Trd, 4318144.893, 95
Trd, 4318145.943, 92
Trd, 4318146.893, 93
Trd, 4318148.693, 93
Trd, 4318149.243, 94
Trd, 4318149.643, 95
Trd, 4318150.743, 96
Trd, 4318151.043, 103
Trd, 4318152.793, 96
Trd, 4318155.843, 96
Trd, 4318156.443, 98
Trd, 4318156.843, 98
Trd, 4318158.243, 96
Trd, 4318160.843, 94
Trd, 4318162.193, 96
Trd, 4318164.143, 95
Trd, 4318164.793, 96
Trd, 4318165.443, 102
Trd, 4318167.193, 94
Trd, 4318167.543, 95
Trd, 4318168.993, 95
Trd, 4318169.493, 94
Trd, 4318172.243, 93
Trd, 4318172.293, 93
Trd, 4318173.143, 94
Trd, 4318175.593, 104
Trd, 4318176.643, 122
Trd, 4318180.243, 99
Trd, 4318180.643, 98
Trd, 4318181.343, 97
Trd, 4318181.893, 98
Trd, 4318184.343, 98
Trd, 4318185.043, 97
Trd, 4318185.293, 96
Trd, 4318186.943, 97
Trd, 4318188.593, 97
Trd, 4318190.943, 96
Trd, 4318192.493, 96
Trd, 4318193.043, 103
Trd, 4318193.593, 97
Trd, 4318194.493, 96
Trd, 4318196.343, 94
Trd, 4318197.193, 104
Trd, 4318197.693, 96
Trd, 4318197.843, 113
Trd, 4318200.743, 97
Trd, 4318202.593, 94
Trd, 4318203.643, 92
Trd, 4318203.743, 93
Trd, 4318204.943, 92
Trd, 4318205.343, 95
Trd, 4318206.843, 92
Trd, 4318207.543, 91
Trd, 4318208.343, 93
Trd, 4318208.493, 104
Trd, 4318212.743, 89
Trd, 4318212.943, 89
Trd, 4318213.543, 95
Trd, 4318214.643, 95
Trd, 4318217.743, 90
Trd, 4318218.693, 90
Trd, 4318219.243, 89
Trd, 4318219.343, 91
Trd, 4318219.893, 104
Trd, 4318222.193, 93
Trd, 4318222.293, 95
Trd, 4318223.743, 91
Trd, 4318223.993, 89
Trd, 4318225.843, 102
Trd, 4318227.893, 91
Trd, 4318228.493, 91
Trd, 4318228.893, 95
Trd, 4318229.793, 104
Trd, 4318230.843, 96
Trd, 4318232.193, 122
Trd, 4318232.843, 99
Trd, 4318234.043, 100
Trd, 4318235.693, 97
Trd, 4318237.443, 95
Trd, 4318237.593, 94
Trd, 4318240.443, 93
Trd, 4318240.943, 94
Trd, 4318241.193, 95
Trd, 4318241.243, 94
Trd, 4318242.443, 105
Trd, 4318246.143, 103
Trd, 4318246.843, 96
Trd, 4318249.743, 105
Trd, 4318250.193, 100
Trd, 4318250.343, 100
Trd, 4318251.843, 103
Trd, 4318252.393, 104
Trd, 4318253.943, 101
Trd, 4318255.493, 99
Trd, 4318256.143, 100
Trd, 4318257.743, 99
Trd, 4318258.043, 100
Trd, 4318258.143, 100
Trd, 4318262.043, 100
Trd, 4318263.193, 103
Trd, 4318265.293, 101
Trd, 4318267.443, 98
Trd, 4318267.493, 99
Trd, 4318268.543, 98
Trd, 4318269.543, 97
Trd, 4318270.543, 97
Trd, 4318271.293, 97
Trd, 4318271.893, 98
Trd, 4318273.193, 103
Trd, 4318274.343, 104
Trd, 4318276.393, 100
Trd, 4318278.443, 104
Trd, 4318279.193, 105
Trd, 4318279.243, 105
Trd, 4318279.843, 101
Trd, 4318282.643, 101
Trd, 4318284.043, 100
Trd, 4318286.343, 99
Trd, 4318287.443, 97
Trd, 4318287.793, 97
Trd, 4318288.493, 103
Trd, 4318288.643, 104
Trd, 4318290.293, 100
Trd, 4318291.593, 98
Trd, 4318293.843, 97
Trd, 4318294.343, 97
Trd, 4318294.443, 98
Trd, 4318295.543, 103
Trd, 4318297.043, 98
Trd, 4318297.443, 98
Trd, 4318299.393, 96
Trd, 4318299.443, 97
Trd, 4318301.593, 98
Trd, 4318303.443, 98
Trd, 4318303.793, 98
Trd, 4318305.493, 96
Trd, 4318306.393, 96
Trd, 4318307.243, 98
Trd, 4318310.193, 102
Trd, 4318310.493, 102
Trd, 4318311.693, 99
Trd, 4318312.243, 99
Trd, 4318312.643, 100
Trd, 4318314.093, 100
Trd, 4318315.843, 98
Trd, 4318317.343, 98
Trd, 4318317.493, 97
Trd, 4318319.443, 97
Trd, 4318319.643, 96
Trd, 4318321.993, 98
Trd, 4318322.193, 99
Trd, 4318323.693, 99
Trd, 4318325.193, 100
Trd, 4318326.343, 101
Trd, 4318326.693, 98
Trd, 4318329.093, 100
Trd, 4318330.193, 101
Trd, 4318332.793, 101
Trd, 4318333.893, 100
Trd, 4318335.143, 101
Trd, 4318337.293, 103
Trd, 4318337.693, 104
Trd, 4318339.793, 102
Trd, 4318340.293, 102
Trd, 4318341.943, 97
Trd, 4318342.693, 96
Trd, 4318342.943, 97
Trd, 4318343.193, 104
Trd, 4318343.643, 120
Trd, 4318347.593, 100
Trd, 4318348.243, 99
Trd, 4318348.993, 98
Trd, 4318351.093, 99
Trd, 4318352.343, 96
Trd, 4318352.643, 97
Trd, 4318352.793, 97
Trd, 4318354.243, 97
Trd, 4318355.843, 99
Trd, 4318357.743, 97
Trd, 4318358.193, 97
Trd, 4318359.143, 104
Trd, 4318362.193, 98
Trd, 4318362.443, 101
Trd, 4318363.793, 97
Trd, 4318365.543, 97
Trd, 4318368.093, 95
Trd, 4318368.493, 95
Trd, 4318368.893, 96
Trd, 4318370.393, 96
Trd, 4318371.693, 100
Trd, 4318372.843, 100
Trd, 4318374.443, 98
Trd, 4318374.793, 103
Trd, 4318375.943, 113
Trd, 4318379.393, 99
Trd, 4318380.943, 98
Trd, 4318381.493, 100
Trd, 4318382.043, 122
Trd, 4318384.393, 100
Trd, 4318385.543, 103
Trd, 4318386.093, 100
Trd, 4318387.943, 101
Trd, 4318389.543, 101
Trd, 4318390.593, 99
Trd, 4318392.743, 99
Trd, 4318393.043, 99
Trd, 4318394.443, 98
Trd, 4318395.593, 103
Trd, 4318396.843, 100
Trd, 4318397.543, 101
Trd, 4318399.043, 99
Trd, 4318399.343, 98
Trd, 4318401.693, 103
Trd, 4318401.993, 104
Trd, 4318402.943, 100
Trd, 4318404.443, 102
Trd, 4318406.193, 100
Trd, 4318407.243, 100
Trd, 4318408.193, 99
Trd, 4318408.593, 100
Trd, 4318408.693, 104
Trd, 4318410.343, 100
Trd, 4318411.643, 99
Trd, 4318412.493, 102
Trd, 4318413.643, 99
Trd, 4318417.243, 99
Trd, 4318417.593, 98
Trd, 4318417.893, 99
Trd, 4318418.343, 104
Trd, 4318420.193, 98
Trd, 4318420.993, 99
Trd, 4318424.143, 101
Trd, 4318425.293, 104
Trd, 4318427.093, 102
Trd, 4318427.343, 103
Trd, 4318428.743, 97
Trd, 4318429.893, 98
Trd, 4318430.693, 99
Trd, 4318430.843, 104
Trd, 4318433.293, 101
Trd, 4318433.643, 101
Trd, 4318437.093, 98
Trd, 4318437.293, 99
Trd, 4318438.193, 100
Trd, 4318438.593, 101
Trd, 4318441.093, 101
Trd, 4318441.793, 101
Trd, 4318443.393, 96
Trd, 4318443.943, 96
Trd, 4318444.393, 96
Trd, 4318444.793, 96
Trd, 4318447.543, 96
Trd, 4318447.643, 103
Trd, 4318448.943, 98
Trd, 4318452.643, 99
Trd, 4318453.093, 99
Trd, 4318453.243, 102
Trd, 4318455.793, 99
Trd, 4318456.393, 98
Trd, 4318456.943, 99
Trd, 4318458.793, 99
Trd, 4318460.443, 103
Trd, 4318464.143, 99
Trd, 4318465.493, 97
Trd, 4318465.643, 97
Trd, 4318467.243, 99
Trd, 4318468.343, 97
Trd, 4318470.443, 95
Trd, 4318470.793, 96
Trd, 4318471.443, 94
Trd, 4318472.793, 97
Trd, 4318473.593, 104
Trd, 4318475.143, 97
Trd, 4318475.593, 96
Trd, 4318477.343, 95
Trd, 4318477.493, 94
Trd, 4318477.643, 97
Trd, 4318480.343, 96
Trd, 4318481.493, 94
Trd, 4318482.393, 94
Trd, 4318483.393, 105
Trd, 4318484.943, 96
Trd, 4318486.193, 94
Trd, 4318486.393, 95
Trd, 4318488.193, 94
Trd, 4318488.293, 93
Trd, 4318490.193, 112
Trd, 4318493.993, 95
Trd, 4318494.893, 94
Trd, 4318494.993, 97
Trd, 4318495.493, 107
Trd, 4318497.193, 95
Trd, 4318498.693, 93
Trd, 4318499.593, 92
Trd, 4318501.343, 94
Trd, 4318504.193, 88
Trd, 4318504.543, 89
Trd, 4318505.043, 89
Trd, 4318506.793, 94
Trd, 4318507.893, 91
Trd, 4318509.093, 93
Trd, 4318510.143, 94
Trd, 4318510.443, 95
Trd, 4318511.243, 94
Trd, 4318513.643, 98
Trd, 4318514.043, 98
Trd, 4318514.393, 99
Trd, 4318515.693, 98
Trd, 4318515.743, 95
Trd, 4318519.693, 98
Trd, 4318520.193, 96
Trd, 4318521.393, 98
Trd, 4318522.493, 112
Trd, 4318525.493, 99
Trd, 4318526.843, 98
Trd, 4318526.993, 98
Trd, 4318529.493, 98
Trd, 4318531.293, 97
Trd, 4318531.843, 96
Trd, 4318531.943, 105
Trd, 4318534.943, 95
Trd, 4318535.143, 95
Trd, 4318535.643, 95
Trd, 4318537.193, 94
Trd, 4318537.893, 94
Trd, 4318539.643, 95
Trd, 4318541.043, 104
Trd, 4318542.193, 94
Trd, 4318542.343, 96
Trd, 4318544.993, 94
Trd, 4318545.243, 94
Trd, 4318546.293, 95
Trd, 4318547.143, 105
Trd, 4318549.493, 96
Trd, 4318550.543, 96
Trd, 4318551.943, 95
Trd, 4318552.793, 104
Trd, 4318553.293, 106
Trd, 4318554.793, 95
Trd, 4318555.543, 97
Trd, 4318558.043, 94
Trd, 4318558.293, 93
Trd, 4318558.693, 94
Trd, 4318560.693, 95
Trd, 4318561.293, 104
Trd, 4318564.293, 98
Trd, 4318565.693, 104
Trd, 4318567.143, 100
Trd, 4318568.493, 99
Trd, 4318568.543, 100
Trd, 4318569.393, 101
Trd, 4318572.943, 101
Trd, 4318573.693, 99
Trd, 4318573.793, 98
Trd, 4318574.593, 97
Trd, 4318575.143, 98
Trd, 4318577.443, 99
Trd, 4318580.493, 94
Trd, 4318581.843, 94
Trd, 4318582.743, 94
Trd, 4318583.343, 95
Trd, 4318584.993, 94
Trd, 4318585.293, 95
Trd, 4318587.293, 99
Trd, 4318587.943, 98
Trd, 4318588.243, 98
Trd, 4318590.793, 95
Trd, 4318591.093, 96
Trd, 4318591.643, 95
Trd, 4318593.993, 96
Trd, 4318595.443, 94
Trd, 4318596.893, 94
Trd, 4318597.343, 95
Trd, 4318598.093, 95
Trd, 4318599.843, 104
Trd, 4318602.993, 93
Trd, 4318603.143, 93
Trd, 4318604.543, 94
Trd, 4318605.943, 94
Trd, 4318606.193, 94
Trd, 4318607.243, 103
Trd, 4318609.543, 94
Trd, 4318610.493, 94
Trd, 4318612.043, 94
Trd, 4318612.243, 95
Trd, 4318612.543, 104
Trd, 4318616.143, 117
Trd, 4318616.743, 102
Trd, 4318617.643, 112
Trd, 4318618.293, 102
Trd, 4318619.143, 102
Trd, 4318621.843, 101
Trd, 4318621.943, 102
Trd, 4318623.893, 102
Trd, 4318624.243, 102
Trd, 4318624.693, 101
Trd, 4318626.093, 100
Trd, 4318627.193, 102
Trd, 4318627.943, 99
Trd, 4318630.293, 99
Trd, 4318632.393, 104
Trd, 4318632.643, 103
Trd, 4318632.943, 102
Trd, 4318633.393, 111
Trd, 4318636.493, 99
Trd, 4318636.593, 99
Trd, 4318637.793, 99
Trd, 4318637.843, 100
Trd, 4318640.993, 99
Trd, 4318641.743, 100
Trd, 4318643.343, 98
Trd, 4318644.793, 95
Trd, 4318645.143, 95
Trd, 4318645.743, 94
Trd, 4318646.743, 94
Trd, 4318648.343, 95
Trd, 4318649.943, 103
Trd, 4318651.793, 99
Trd, 4318652.493, 103
Trd, 4318653.343, 100
Trd, 4318656.993, 99
Trd, 4318658.293, 98
Trd, 4318658.693, 99
Trd, 4318661.593, 97
Trd, 4318662.093, 96
Trd, 4318662.343, 97
Trd, 4318663.143, 97
Trd, 4318666.593, 96
Trd, 4318666.893, 96
Trd, 4318667.343, 96
Trd, 4318671.143, 94
Trd, 4318673.343, 99
Trd, 4318675.143, 102
Trd, 4318675.893, 98
Trd, 4318676.043, 102
Trd, 4318676.743, 97
Trd, 4318677.693, 103
Trd, 4318680.193, 101
Trd, 4318680.343, 99
Trd, 4318681.243, 102
Trd, 4318681.443, 113
Trd, 4318684.993, 100
Trd, 4318687.593, 96
Trd, 4318687.893, 97
Trd, 4318688.043, 98
Trd, 4318689.893, 96
Trd, 4318690.143, 98
Trd, 4318692.393, 96
Trd, 4318692.643, 96
Trd, 4318693.143, 96
Trd, 4318693.393, 96
Trd, 4318694.243, 104
Trd, 4318697.193, 93
Trd, 4318699.243, 93
Trd, 4318699.693, 93
Trd, 4318701.093, 104
Trd, 4318702.393, 93
Trd, 4318703.593, 93
Trd, 4318704.793, 93
Trd, 4318705.643, 93
Trd, 4318706.593, 93
Trd, 4318707.143, 95
Trd, 4318710.593, 93
Trd, 4318711.743, 92
Trd, 4318712.893, 92
Trd, 4318713.293, 92
Trd, 4318713.543, 93
Trd, 4318713.993, 95
Trd, 4318715.993, 102
Trd, 4318717.293, 94
Trd, 4318718.793, 93
Trd, 4318719.693, 95
Trd, 4318721.743, 93
Trd, 4318722.693, 92
Trd, 4318722.793, 92
Trd, 4318723.943, 93
Trd, 4318725.343, 94
Trd, 4318726.493, 94
Trd, 4318728.643, 94
Trd, 4318728.893, 95
Trd, 4318732.493, 98
Trd, 4318732.643, 99
Trd, 4318734.093, 98
Trd, 4318734.843, 102
Trd, 4318737.643, 97
Trd, 4318738.943, 98
Trd, 4318740.043, 98
Trd, 4318742.493, 101
Trd, 4318742.943, 101
Trd, 4318744.743, 103
Trd, 4318746.293, 103
Trd, 4318747.043, 112
Trd, 4318748.193, 100
Trd, 4318750.243, 101
Trd, 4318751.243, 101
Trd, 4318753.043, 97
Trd, 4318753.743, 97
Trd, 4318754.443, 96
Trd, 4318755.043, 95
Trd, 4318755.843, 95
Trd, 4318756.893, 96
Trd, 4318757.193, 94
Trd, 4318759.943, 95
Trd, 4318760.443, 94
Trd, 4318761.143, 95
Trd, 4318763.043, 95
Trd, 4318764.193, 93
Trd, 4318765.143, 92
Trd, 4318765.743, 94
Trd, 4318766.443, 95
Trd, 4318766.843, 94
Trd, 4318770.743, 97
Trd, 4318771.043, 97
Trd, 4318771.843, 94
Trd, 4318773.293, 96
Trd, 4318773.993, 95
Trd, 4318775.293, 96
Trd, 4318777.643, 101
Trd, 4318779.293, 97
Trd, 4318780.543, 96
Trd, 4318781.193, 94
Trd, 4318781.743, 93
Trd, 4318781.793, 95
Trd, 4318781.993, 104
Trd, 4318784.293, 94
Trd, 4318784.743, 94
Trd, 4318785.193, 95
Trd, 4318786.193, 104
Trd, 4318787.993, 113
Trd, 4318789.293, 99
Trd, 4318791.243, 101
Trd, 4318792.543, 99
Trd, 4318793.293, 98
Trd, 4318794.693, 98
Trd, 4318796.843, 97
Trd, 4318797.443, 96
Trd, 4318797.493, 97
Trd, 4318800.143, 97
Trd, 4318800.643, 98
Trd, 4318803.093, 98
Trd, 4318803.493, 99
Trd, 4318803.743, 99
Trd, 4318805.493, 97
Trd, 4318807.543, 97
Trd, 4318807.643, 96
Trd, 4318809.243, 97
Trd, 4318812.143, 96
Trd, 4318812.193, 99
Trd, 4318813.793, 96
Trd, 4318814.043, 97
Trd, 4318815.493, 104
Trd, 4318816.793, 97
Trd, 4318817.343, 97
Trd, 4318817.693, 95
Trd, 4318819.393, 96
Trd, 4318819.793, 95
Trd, 4318820.243, 96
Trd, 4318821.193, 94
Trd, 4318822.993, 94
Trd, 4318823.693, 95
Trd, 4318825.193, 92
Trd, 4318825.543, 95
Trd, 4318827.143, 102
Trd, 4318828.243, 94
Trd, 4318829.093, 95
Trd, 4318830.693, 95
Trd, 4318830.993, 104
Trd, 4318832.043, 111
Trd, 4318834.143, 99
Trd, 4318837.193, 99
Trd, 4318837.593, 100
Trd, 4318838.843, 97
Trd, 4318840.443, 96
Trd, 4318841.843, 94
Trd, 4318842.143, 94
Trd, 4318842.343, 95
Trd, 4318842.793, 99
Trd, 4318843.793, 102
Trd, 4318845.593, 95
Trd, 4318846.393, 95
Trd, 4318846.943, 95
Trd, 4318848.193, 104
Trd, 4318850.543, 95
Trd, 4318851.043, 96
Trd, 4318851.893, 96
Trd, 4318853.743, 103
Trd, 4318853.943, 104
Trd, 4318855.443, 99
Trd, 4318856.143, 117
Trd, 4318857.243, 99
Trd, 4318858.493, 95
Trd, 4318859.493, 94
Trd, 4318860.943, 95
Trd, 4318861.043, 95
Trd, 4318862.843, 93
Trd, 4318863.993, 93
Trd, 4318864.393, 91
Trd, 4318865.743, 104
Trd, 4318867.893, 96
Trd, 4318868.343, 94
Trd, 4318868.743, 96
Trd, 4318870.043, 94
Trd, 4318871.993, 93
Trd, 4318872.043, 94
Trd, 4318874.243, 92
Trd, 4318875.943, 93
Trd, 4318877.593, 93
Trd, 4318878.143, 92
Trd, 4318878.743, 94
Trd, 4318879.543, 106
Trd, 4318881.943, 94
Trd, 4318883.343, 95
Trd, 4318884.993, 93
Trd, 4318886.393, 95
Trd, 4318887.543, 94
Trd, 4318888.093, 95
Trd, 4318888.943, 96
Trd, 4318889.393, 95
Trd, 4318891.693, 102
Trd, 4318892.843, 95
Trd, 4318893.393, 94
Trd, 4318893.793, 96
Trd, 4318895.493, 96
Trd, 4318898.393, 96
Trd, 4318900.043, 102
Trd, 4318903.493, 98
Trd, 4318904.643, 95
Trd, 4318905.043, 96
Trd, 4318906.243, 96
Trd, 4318906.843, 96
Trd, 4318907.543, 96
Trd, 4318908.543, 104
Trd, 4318911.893, 94
Trd, 4318912.043, 95
Trd, 4318912.543, 95
Trd, 4318913.293, 95
Trd, 4318913.543, 96
Trd, 4318915.293, 94
Trd, 4318916.343, 95
Trd, 4318919.343, 102
Trd, 4318919.943, 96
Trd, 4318922.243, 96
Trd, 4318922.743, 96
Trd, 4318922.943, 97
Trd, 4318923.043, 97
Trd, 4318924.593, 97
Trd, 4318927.243, 97
Trd, 4318927.493, 96
Trd, 4318928.493, 96
Trd, 4318930.593, 100
Trd, 4318931.393, 94
Trd, 4318932.593, 94
Trd, 4318933.493, 95
Trd, 4318935.043, 94
Trd, 4318937.043, 94
Trd, 4318938.343, 93
Trd, 4318939.343, 95
Trd, 4318940.143, 94
Trd, 4318942.293, 103
Trd, 4318942.843, 102
Trd, 4318944.593, 97
Trd, 4318944.693, 98
Trd, 4318946.243, 96
Trd, 4318947.843, 97
Trd, 4318948.043, 98
Trd, 4318948.293, 104
Trd, 4318952.093, 97
Trd, 4318952.643, 98
Trd, 4318954.793, 96
Trd, 4318955.243, 97
Trd, 4318956.443, 96
Trd, 4318957.093, 97
Trd, 4318958.343, 97
Trd, 4318960.293, 103
Trd, 4318960.943, 103
Trd, 4318961.093, 104
Trd, 4318963.893, 101
Trd, 4318964.643, 100
Trd, 4318967.393, 100
Trd, 4318968.043, 100
Trd, 4318968.193, 100
Trd, 4318969.093, 99
Trd, 4318969.793, 100
Trd, 4318972.493, 98
Trd, 4318972.593, 104
Trd, 4318973.143, 113
Trd, 4318975.893, 101
Trd, 4318978.893, 96
Trd, 4318979.443, 97
Trd, 4318980.743, 94
Trd, 4318981.193, 97
Trd, 4318982.443, 103
Trd, 4318984.993, 96
Trd, 4318985.543, 98
Trd, 4318987.243, 98
Trd, 4318988.993, 97
Trd, 4318989.693, 96
Trd, 4318990.593, 96
Trd, 4318991.093, 97
Trd, 4318991.493, 121
Trd, 4318993.043, 101
Trd, 4318994.943, 99
Trd, 4318999.143, 101
Trd, 4319000.243, 102
Trd, 4319000.843, 99
Trd, 4319001.043, 100
Trd, 4319004.043, 99
Trd, 4319004.443, 99
Trd, 4319006.143, 98
Trd, 4319006.393, 97
Trd, 4319006.493, 98
Trd, 4319007.943, 98
Trd, 4319009.893, 97
Trd, 4319010.143, 96
Trd, 4319011.093, 95
Trd, 4319011.143, 97
Trd, 4319014.093, 98
Trd, 4319014.743, 99
Trd, 4319016.143, 96
Trd, 4319016.243, 97
Trd, 4319016.643, 104
Trd, 4319016.943, 113
Trd, 4319019.993, 95
Trd, 4319020.943, 96
Trd, 4319021.693, 94
Trd, 4319022.843, 95
Trd, 4319025.743, 94
Trd, 4319026.243, 93
Trd, 4319026.393, 95
Trd, 4319027.493, 95
Trd, 4319028.943, 103
Trd, 4319030.493, 94
Trd, 4319031.743, 94
Trd, 4319032.393, 95
Trd, 4319033.343, 95
Trd, 4319034.193, 94
Trd, 4319034.693, 95
Trd, 4319036.543, 95
Trd, 4319038.893, 92
Trd, 4319041.693, 93
Trd, 4319042.493, 94
Trd, 4319043.543, 103
Trd, 4319045.293, 93
Trd, 4319046.743, 95
Trd, 4319047.543, 122
Trd, 4319049.193, 122
Trd, 4319050.943, 97
Trd, 4319052.193, 99
Trd, 4319052.843, 102
Trd, 4319053.793, 104
Trd, 4319056.193, 104
Trd, 4319056.993, 100
Trd, 4319058.843, 96
Trd, 4319058.893, 98
Trd, 4319059.143, 112
Trd, 4319060.643, 98
Trd, 4319062.643, 98
Trd, 4319064.493, 98
Trd, 4319065.043, 102
Trd, 4319065.743, 98
Trd, 4319067.193, 98
Trd, 4319067.943, 104
Trd, 4319071.943, 99
Trd, 4319072.393, 98
Trd, 4319073.893, 100
Trd, 4319075.443, 95
Trd, 4319075.743, 95
Trd, 4319076.693, 97
Trd, 4319079.793, 96
Trd, 4319080.193, 94
Trd, 4319082.293, 95
Trd, 4319086.443, 101
Trd, 4319086.843, 101
Trd, 4319087.443, 104
Trd, 4319087.943, 100
Trd, 4319088.843, 112
Trd, 4319089.143, 101
Trd, 4319090.593, 101
Trd, 4319092.093, 100
Trd, 4319094.293, 98
Trd, 4319095.443, 98
Trd, 4319095.843, 99
Trd, 4319097.143, 99
Trd, 4319101.243, 113
Trd, 4319103.293, 100
Trd, 4319103.443, 101
Trd, 4319104.643, 99
Trd, 4319104.793, 99
Trd, 4319106.443, 98
Trd, 4319107.093, 98
Trd, 4319108.443, 103
Trd, 4319111.093, 99
Trd, 4319113.093, 98
Trd, 4319113.943, 99
Trd, 4319114.143, 104
Trd, 4319117.143, 97
Trd, 4319118.293, 95
Trd, 4319118.343, 96
Trd, 4319118.643, 96
Trd, 4319119.543, 95
Trd, 4319120.443, 93
Trd, 4319123.593, 95
Trd, 4319124.093, 104
Trd, 4319127.093, 92
Trd, 4319128.193, 91
Trd, 4319128.443, 90
Trd, 4319128.643, 95
Trd, 4319129.043, 102
Trd, 4319131.493, 93
Trd, 4319133.393, 96
Trd, 4319135.393, 96
Trd, 4319135.443, 95
Trd, 4319137.793, 95
Trd, 4319138.243, 94
Trd, 4319138.893, 93
Trd, 4319139.443, 96
Trd, 4319140.343, 96
Trd, 4319143.793, 100
Trd, 4319144.393, 96
Trd, 4319145.443, 94
Trd, 4319145.693, 95
Trd, 4319147.793, 94
Trd, 4319149.543, 96
Trd, 4319150.093, 96
Trd, 4319151.193, 95
Trd, 4319152.943, 96
Trd, 4319154.243, 93
Trd, 4319154.493, 92
Trd, 4319155.043, 94
Trd, 4319156.093, 104
Trd, 4319157.193, 120
Trd, 4319159.493, 97
Trd, 4319159.643, 96
Trd, 4319160.843, 96
Trd, 4319161.943, 95
Trd, 4319164.293, 97
Trd, 4319165.593, 96
Trd, 4319166.343, 97
Trd, 4319168.093, 96
Trd, 4319169.493, 93
Trd, 4319169.643, 94
Trd, 4319170.143, 95
Trd, 4319171.143, 95
Trd, 4319171.693, 103
Trd, 4319174.443, 97
Trd, 4319176.843, 104
Trd, 4319177.843, 97
Trd, 4319178.843, 95
Trd, 4319179.043, 96
Trd, 4319180.343, 94
Trd, 4319181.443, 95
Trd, 4319182.393, 96
Trd, 4319184.293, 106
Trd, 4319185.943, 105
Trd, 4319187.643, 98
Trd, 4319187.743, 99
Trd, 4319188.943, 98
Trd, 4319189.143, 112
Trd, 4319193.743, 97
Trd, 4319193.943, 98
Trd, 4319195.193, 98
Trd, 4319196.143, 98
Trd, 4319197.243, 97
Trd, 4319199.593, 96
Trd, 4319200.743, 97
Trd, 4319202.543, 96
Trd, 4319202.743, 97
Trd, 4319204.393, 97
Trd, 4319205.493, 99
Trd, 4319207.743, 98
Trd, 4319209.243, 96
Trd, 4319209.643, 94
Trd, 4319210.543, 94
Trd, 4319213.093, 94
Trd, 4319213.743, 95
Trd, 4319215.143, 93
Trd, 4319215.343, 95
Trd, 4319215.643, 95
Trd, 4319217.593, 112
Trd, 4319220.193, 96
Trd, 4319220.893, 96
Trd, 4319221.243, 97
Trd, 4319222.093, 95
Trd, 4319224.293, 95
Trd, 4319224.943, 94
Trd, 4319224.993, 95
Trd, 4319226.393, 95
Trd, 4319228.393, 92
Trd, 4319229.943, 87
Trd, 4319230.143, 88
Trd, 4319230.743, 89
Trd, 4319233.393, 89
Trd, 4319235.493, 92
Trd, 4319235.893, 90
Trd, 4319236.193, 92
Trd, 4319238.043, 90
Trd, 4319238.593, 90
Trd, 4319239.043, 94
Trd, 4319239.193, 95
Trd, 4319241.943, 95
Trd, 4319242.593, 104
Trd, 4319243.543, 94
Trd, 4319244.643, 93
Trd, 4319244.993, 93
Trd, 4319248.093, 93
Trd, 4319250.193, 95
Trd, 4319250.593, 102
Trd, 4319252.993, 95
Trd, 4319253.293, 94
Trd, 4319253.543, 95
Trd, 4319256.743, 98
Trd, 4319257.793, 104
Trd, 4319259.293, 97
Trd, 4319260.043, 97
Trd, 4319262.243, 99
Trd, 4319263.393, 99
Trd, 4319266.143, 99
Trd, 4319266.293, 99
Trd, 4319267.493, 97
Trd, 4319267.893, 96
Trd, 4319268.093, 97
Trd, 4319269.343, 95
Trd, 4319270.143, 95
Trd, 4319271.643, 105
Trd, 4319272.443, 94
Trd, 4319273.043, 91
Trd, 4319273.143, 92
Trd, 4319273.643, 112
Trd, 4319274.293, 113
Trd, 4319278.143, 91
Trd, 4319278.493, 92
Trd, 4319279.393, 92
Trd, 4319280.243, 95
Trd, 4319282.793, 97
Trd, 4319283.643, 97
Trd, 4319284.193, 97
Trd, 4319285.093, 95
Trd, 4319285.343, 97
Trd, 4319285.643, 95
Trd, 4319290.293, 99
Trd, 4319290.543, 99
Trd, 4319291.643, 97
Trd, 4319291.743, 99
Trd, 4319293.243, 98
Trd, 4319294.493, 102
Trd, 4319295.493, 98
Trd, 4319296.143, 101
Trd, 4319299.943, 98
Trd, 4319300.043, 98
Trd, 4319301.943, 98
Trd, 4319303.193, 96
Trd, 4319303.493, 97
Trd, 4319304.393, 97
Trd, 4319307.493, 98
Trd, 4319308.643, 96
Trd, 4319309.043, 95
Trd, 4319309.543, 94
Trd, 4319310.393, 93
Trd, 4319311.443, 97
Trd, 4319313.843, 93
Trd, 4319313.893, 94
Trd, 4319315.843, 94
Trd, 4319316.143, 94
Trd, 4319317.493, 93
Trd, 4319318.893, 93
Trd, 4319321.993, 93
Trd, 4319322.043, 95
Trd, 4319323.093, 103
Trd, 4319323.843, 104
Trd, 4319325.543, 98
Trd, 4319325.843, 104
Trd, 4319328.543, 102
Trd, 4319328.643, 103
Trd, 4319331.543, 105
Trd, 4319332.843, 102
Trd, 4319333.493, 103
Trd, 4319334.343, 102
Trd, 4319336.493, 100
Trd, 4319337.193, 100
Trd, 4319337.243, 101
Trd, 4319339.243, 103
Trd, 4319340.943, 102
Trd, 4319342.543, 101
Trd, 4319344.593, 102
Trd, 4319344.743, 103
Trd, 4319346.543, 100
Trd, 4319347.043, 100
Trd, 4319348.543, 99
Trd, 4319349.893, 98
Trd, 4319351.943, 97
Trd, 4319353.793, 95
Trd, 4319356.293, 95
Trd, 4319357.443, 93
Trd, 4319357.893, 93
Trd, 4319359.293, 91
Trd, 4319360.443, 94
Trd, 4319361.193, 93
Trd, 4319363.143, 95
Trd, 4319363.193, 94
Trd, 4319363.493, 103
Trd, 4319363.543, 94
Trd, 4319365.143, 104
Trd, 4319368.743, 96
Trd, 4319370.543, 93
Trd, 4319371.243, 94
Trd, 4319371.443, 95
Trd, 4319374.143, 96
Trd, 4319375.843, 96
Trd, 4319377.393, 98
Trd, 4319377.443, 97
Trd, 4319378.543, 97
Trd, 4319379.643, 95
Trd, 4319380.693, 95
Trd, 4319380.993, 96
Trd, 4319381.893, 104
Trd, 4319384.243, 95
Trd, 4319385.043, 96
Trd, 4319386.793, 94
Trd, 4319388.493, 94
Trd, 4319389.143, 94
Trd, 4319391.093, 93
Trd, 4319392.093, 94
Trd, 4319392.743, 95
Trd, 4319393.743, 93
Trd, 4319395.043, 92
Trd, 4319395.693, 94
Trd, 4319397.493, 95
Trd, 4319399.243, 95
Trd, 4319401.443, 96
Trd, 4319402.093, 94
Trd, 4319402.143, 96
Trd, 4319403.793, 94
Trd, 4319403.993, 95
Trd, 4319404.793, 104
Trd, 4319405.393, 95
Trd, 4319408.193, 97
Trd, 4319409.743, 102
Trd, 4319409.943, 103
Trd, 4319412.143, 99
Trd, 4319413.393, 98
Trd, 4319414.193, 98
Trd, 4319414.443, 99
Trd, 4319415.493, 97
Trd, 4319416.893, 98
Trd, 4319418.593, 98
Trd, 4319420.343, 98
Trd, 4319422.143, 95
Trd, 4319423.093, 94
Trd, 4319423.943, 95
Trd, 4319423.993, 95
Trd, 4319425.893, 87
Trd, 4319426.443, 87
Trd, 4319427.043, 89
Trd, 4319427.593, 89
Trd, 4319428.243, 90
Trd, 4319429.543, 95
Trd, 4319429.643, 94
Trd, 4319433.943, 90
Trd, 4319434.493, 91
Trd, 4319436.093, 91
Trd, 4319437.093, 91
Trd, 4319438.493, 91
Trd, 4319439.043, 93
Trd, 4319439.243, 95
Trd, 4319439.893, 105
Trd, 4319441.943, 92
Trd, 4319444.343, 93
Trd, 4319444.693, 94
Trd, 4319448.243, 94
Trd, 4319449.193, 95
Trd, 4319450.143, 103
Trd, 4319452.593, 94
Trd, 4319453.893, 97
Trd, 4319454.993, 95
Trd, 4319455.943, 95
Trd, 4319456.043, 95
Trd, 4319458.793, 100
Trd, 4319460.393, 101
Trd, 4319461.143, 98
Trd, 4319462.143, 98
Trd, 4319462.343, 100
Trd, 4319462.793, 98
Trd, 4319464.943, 99
Trd, 4319466.943, 97
Trd, 4319468.493, 97
Trd, 4319468.693, 96
Trd, 4319469.543, 98
Trd, 4319469.793, 98
Trd, 4319470.793, 97
Trd, 4319473.393, 95
Trd, 4319474.143, 95
Trd, 4319474.893, 97
Trd, 4319477.393, 96
Trd, 4319477.493, 97
Trd, 4319479.043, 95
Trd, 4319479.443, 95
Trd, 4319480.293, 96
Trd, 4319480.793, 95
Trd, 4319484.193, 96
Trd, 4319484.293, 104
Trd, 4319484.993, 96
Trd, 4319485.693, 121
Trd, 4319490.543, 106
Trd, 4319492.243, 103
Trd, 4319493.693, 97
Trd, 4319494.143, 98
Trd, 4319495.893, 99
Trd, 4319496.193, 99
Trd, 4319497.843, 99
Trd, 4319499.043, 99
Trd, 4319499.893, 104
Trd, 4319501.293, 102
Trd, 4319502.843, 100
Trd, 4319504.143, 100
Trd, 4319504.893, 98
Trd, 4319504.943, 101
Trd, 4319506.443, 100
Trd, 4319508.043, 97
Trd, 4319509.343, 96
Trd, 4319509.943, 95
Trd, 4319510.543, 95
Trd, 4319513.793, 101
Trd, 4319514.393, 103
Trd, 4319514.593, 104
Trd, 4319515.593, 118
Trd, 4319516.143, 99
Trd, 4319517.743, 96
Trd, 4319518.093, 96
Trd, 4319518.593, 97
Trd, 4319521.543, 96
Trd, 4319522.843, 95
Trd, 4319523.443, 95
Trd, 4319524.493, 103
Trd, 4319526.493, 98
Trd, 4319526.543, 104
Trd, 4319529.343, 98
Trd, 4319531.593, 100
Trd, 4319532.093, 99
Trd, 4319532.893, 96
Trd, 4319534.393, 98
Trd, 4319536.393, 97
Trd, 4319536.493, 99
Trd, 4319538.193, 99
Trd, 4319538.443, 103
Trd, 4319539.893, 98
Trd, 4319542.793, 101
Trd, 4319543.643, 99
Trd, 4319545.043, 103
Trd, 4319545.993, 106
Trd, 4319546.793, 113
Trd, 4319547.293, 103
Trd, 4319548.943, 102
Trd, 4319549.293, 101
Trd, 4319550.243, 102
Trd, 4319551.543, 102
Trd, 4319552.693, 101
Trd, 4319554.443, 101
Trd, 4319554.543, 101
Trd, 4319556.793, 97
Trd, 4319557.893, 102
Trd, 4319560.093, 96
Trd, 4319560.493, 96
Trd, 4319560.943, 99
Trd, 4319562.293, 101
Trd, 4319563.793, 98
Trd, 4319565.693, 99
Trd, 4319565.843, 98
Trd, 4319566.893, 99
Trd, 4319568.143, 100
Trd, 4319571.243, 99
Trd, 4319572.143, 99
Trd, 4319573.843, 98
Trd, 4319574.193, 96
Trd, 4319575.093, 97
Trd, 4319576.743, 97
Trd, 4319577.743, 97
Trd, 4319578.193, 113
Trd, 4319581.843, 96
Trd, 4319582.043, 99
Trd, 4319582.293, 97
Trd, 4319584.543, 96
Trd, 4319584.893, 97
Trd, 4319585.843, 97
Trd, 4319586.093, 100
Trd, 4319588.643, 99
Trd, 4319589.793, 100
Trd, 4319591.643, 99
Trd, 4319592.593, 100
Trd, 4319595.043, 99
Trd, 4319596.193, 97
Trd, 4319597.293, 96
Trd, 4319597.793, 96
Trd, 4319598.793, 97
Trd, 4319599.043, 96
Trd, 4319601.543, 96
Trd, 4319601.893, 112
Trd, 4319604.943, 97
Trd, 4319605.343, 98
Trd, 4319606.693, 96
Trd, 4319607.443, 95
Trd, 4319607.993, 96
Trd, 4319609.343, 98
Trd, 4319611.593, 101
Trd, 4319612.643, 99
Trd, 4319613.543, 99
Trd, 4319613.793, 101
Trd, 4319614.943, 99
Trd, 4319616.643, 100
Trd, 4319618.843, 99
Trd, 4319618.943, 98
Trd, 4319620.793, 97
Trd, 4319621.943, 96
Trd, 4319622.243, 95
Trd, 4319623.043, 95
Trd, 4319623.443, 94
Trd, 4319624.693, 94
Trd, 4319625.093, 96
Trd, 4319626.993, 96
Trd, 4319629.343, 96
Trd, 4319629.993, 97
Trd, 4319630.643, 98
Trd, 4319632.193, 95
Trd, 4319632.993, 96
Trd, 4319633.293, 95
Trd, 4319634.743, 95
Trd, 4319636.693, 98
Trd, 4319637.493, 96
Trd, 4319638.843, 96
Trd, 4319639.743, 97
Trd, 4319640.843, 95
Trd, 4319641.243, 95
Trd, 4319642.443, 96
Trd, 4319643.243, 95
Trd, 4319644.993, 95
Trd, 4319645.643, 94
Trd, 4319646.543, 95
Trd, 4319648.093, 95
Trd, 4319648.543, 95
Trd, 4319649.693, 95
Trd, 4319652.343, 94
Trd, 4319652.393, 95
Trd, 4319653.643, 95
Trd, 4319655.593, 93
Trd, 4319656.543, 94
Trd, 4319658.743, 97
Trd, 4319658.893, 102
Trd, 4319659.243, 113
Trd, 4319662.343, 103
Trd, 4319662.593, 102
Trd, 4319663.193, 99
Trd, 4319664.093, 100
Trd, 4319665.543, 100
Trd, 4319665.693, 104
Trd, 4319666.843, 120
Trd, 4319668.593, 104
Trd, 4319668.993, 102
Trd, 4319670.543, 103
Trd, 4319672.543, 103
Trd, 4319673.393, 103
Trd, 4319675.343, 101
Trd, 4319676.093, 101
Trd, 4319677.093, 100
Trd, 4319678.743, 101
Trd, 4319680.193, 101
Trd, 4319681.593, 99
Trd, 4319681.893, 98
Trd, 4319682.793, 100
Trd, 4319686.943, 101
Trd, 4319688.293, 101
Trd, 4319689.043, 99
Trd, 4319690.043, 99
Trd, 4319690.493, 104
Trd, 4319692.793, 98
Trd, 4319694.193, 94
Trd, 4319694.993, 94
Trd, 4319697.943, 94
Trd, 4319698.443, 93
Trd, 4319699.493, 92
Trd, 4319699.593, 95
Trd, 4319700.843, 102
Trd, 4319703.393, 96
Trd, 4319703.843, 95
Trd, 4319705.693, 95
Trd, 4319706.793, 95
Trd, 4319708.543, 94
Trd, 4319709.193, 96
Trd, 4319709.493, 96
Trd, 4319712.493, 94
Trd, 4319714.243, 93
Trd, 4319715.393, 93
Trd, 4319715.543, 94
Trd, 4319716.943, 93
Trd, 4319718.093, 104
Trd, 4319718.293, 113
Trd, 4319720.893, 96
Trd, 4319721.343, 96
Trd, 4319722.843, 95
Trd, 4319724.293, 96
Trd, 4319724.643, 96
Trd, 4319727.643, 95
Trd, 4319728.593, 94
Trd, 4319728.693, 96
Trd, 4319730.393, 95
Trd, 4319731.543, 95
Trd, 4319732.043, 102
Trd, 4319734.293, 101
Trd, 4319735.293, 100
Trd, 4319735.693, 101
Trd, 4319739.593, 98
Trd, 4319740.443, 99
Trd, 4319740.493, 104
Trd, 4319742.543, 100
Trd, 4319743.093, 98
Trd, 4319743.643, 100
Trd, 4319744.143, 102
Trd, 4319746.643, 99
Trd, 4319748.243, 104
Trd, 4319749.393, 101
Trd, 4319749.643, 101
Trd, 4319753.043, 97
Trd, 4319753.593, 98
Trd, 4319754.043, 98
Trd, 4319755.643, 97
Trd, 4319757.793, 95
Trd, 4319758.093, 96
Trd, 4319759.643, 93
Trd, 4319760.043, 96
Trd, 4319760.293, 95
Trd, 4319761.693, 94
Trd, 4319763.993, 94
Trd, 4319764.093, 95
Trd, 4319767.243, 94
Trd, 4319767.693, 95
Trd, 4319769.593, 102
Trd, 4319771.593, 95
Trd, 4319772.443, 94
Trd, 4319774.243, 95
Trd, 4319774.643, 95
Trd, 4319775.843, 93
Trd, 4319778.943, 91
Trd, 4319779.793, 93
Trd, 4319780.593, 94
Trd, 4319781.543, 95
Trd, 4319784.893, 93
Trd, 4319785.093, 92
Trd, 4319785.743, 94
Trd, 4319786.143, 104
Trd, 4319787.993, 92
Trd, 4319788.443, 93
Trd, 4319788.843, 122
Trd, 4319791.093, 99
Trd, 4319792.693, 97
Trd, 4319794.343, 94
Trd, 4319795.243, 94
Trd, 4319795.843, 95
Trd, 4319797.243, 92
Trd, 4319797.493, 94
Trd, 4319798.043, 104
Trd, 4319798.543, 113
Trd, 4319800.293, 102
Trd, 4319802.893, 96
Trd, 4319803.193, 96
Trd, 4319806.193, 97
Trd, 4319806.393, 99
Trd, 4319808.043, 105
Trd, 4319809.743, 103
Trd, 4319810.943, 101
Trd, 4319811.093, 104
Trd, 4319814.093, 94
Trd, 4319815.893, 92
Trd, 4319817.093, 90
Trd, 4319817.593, 89
Trd, 4319817.743, 90
Trd, 4319819.343, 94
Trd, 4319819.443, 95
Trd, 4319819.993, 105
Trd, 4319821.793, 94
Trd, 4319825.193, 96
Trd, 4319825.743, 95
Trd, 4319826.543, 103
Trd, 4319827.093, 104
Trd, 4319827.993, 97
Trd, 4319828.393, 98
Trd, 4319831.093, 101
Trd, 4319832.143, 100
Trd, 4319833.743, 99
Trd, 4319836.593, 96
Trd, 4319837.093, 97
Trd, 4319837.543, 97
Trd, 4319838.093, 97
Trd, 4319838.893, 95
Trd, 4319840.693, 113
Trd, 4319841.593, 96
Trd, 4319842.043, 97
Trd, 4319844.143, 97
Trd, 4319844.893, 96
Trd, 4319845.693, 94
Trd, 4319845.893, 97
Trd, 4319847.293, 105
Trd, 4319847.943, 112
Trd, 4319849.793, 98
Trd, 4319850.743, 97
Trd, 4319851.543, 97
Trd, 4319854.143, 97
Trd, 4319854.243, 96
Trd, 4319855.043, 97
Trd, 4319857.343, 98
Trd, 4319858.243, 98
Trd, 4319858.743, 98
Trd, 4319859.093, 97
Trd, 4319859.643, 98
Trd, 4319862.843, 98
Trd, 4319864.293, 98
Trd, 4319865.443, 97
Trd, 4319865.693, 98
Trd, 4319868.643, 98
Trd, 4319869.843, 97
Trd, 4319871.993, 97
Trd, 4319872.093, 104
Trd, 4319873.043, 97
Trd, 4319874.093, 96
Trd, 4319874.243, 99
Trd, 4319875.693, 112
Trd, 4319876.693, 108
Trd, 4319878.893, 98
Trd, 4319880.193, 97
Trd, 4319881.393, 98
Trd, 4319882.343, 97
Trd, 4319883.743, 97
Trd, 4319883.793, 96
Trd, 4319884.943, 96
Trd, 4319886.393, 94
Trd, 4319887.093, 96
Trd, 4319888.443, 96
Trd, 4319888.593, 96
Trd, 4319889.393, 104
Trd, 4319892.443, 96
Trd, 4319892.743, 95
Trd, 4319893.893, 93
Trd, 4319894.293, 93
Trd, 4319894.593, 95
Trd, 4319897.343, 89
Trd, 4319897.643, 93
Trd, 4319898.293, 95
Trd, 4319900.893, 90
Trd, 4319902.093, 89
Trd, 4319902.993, 87
Trd, 4319903.743, 86
Trd, 4319904.643, 87
Trd, 4319905.343, 86
Trd, 4319906.493, 85
Trd, 4319906.693, 95
Trd, 4319908.493, 99
Trd, 4319908.693, 98
Trd, 4319909.843, 105
Trd, 4319911.293, 95
Trd, 4319912.393, 112
Trd, 4319914.193, 101
Trd, 4319914.493, 113
Trd, 4319918.143, 94
Trd, 4319919.093, 92
Trd, 4319920.393, 90
Trd, 4319921.243, 92
Trd, 4319922.943, 94
Trd, 4319923.293, 105
Trd, 4319925.393, 91
Trd, 4319926.593, 92
Trd, 4319926.693, 91
Trd, 4319927.793, 92
Trd, 4319927.893, 95
Trd, 4319931.443, 95
Trd, 4319931.593, 94
Trd, 4319932.743, 102
Trd, 4319934.293, 99
Trd, 4319936.943, 92
Trd, 4319937.643, 93
Trd, 4319938.243, 92
Trd, 4319938.343, 93
Trd, 4319940.743, 92
Trd, 4319942.693, 93
Trd, 4319943.993, 93
Trd, 4319944.493, 94
Trd, 4319946.143, 95
Trd, 4319946.993, 106
Trd, 4319947.443, 113
Trd, 4319948.093, 98
Trd, 4319949.893, 96
Trd, 4319950.943, 95
Trd, 4319951.943, 97
Trd, 4319952.593, 105
Trd, 4319954.243, 99
Trd, 4319956.993, 95
Trd, 4319957.293, 96
Trd, 4319957.693, 96
Trd, 4319958.843, 96
Trd, 4319959.243, 97
Trd, 4319961.643, 95
Trd, 4319962.943, 94
Trd, 4319964.043, 93
Trd, 4319964.493, 95
Trd, 4319967.243, 98
Trd, 4319968.493, 95
Trd, 4319968.893, 94
Trd, 4319968.993, 95
Trd, 4319970.993, 95
Trd, 4319973.093, 94
Trd, 4319973.393, 94
Trd, 4319973.493, 95
Trd, 4319974.193, 105
Trd, 4319978.143, 96
Trd, 4319978.593, 95
Trd, 4319979.443, 96
Trd, 4319981.693, 93
Trd, 4319983.543, 94
Trd, 4319984.243, 94
Trd, 4319985.593, 94
Trd, 4319986.093, 95
Trd, 4319987.293, 95
Trd, 4319989.043, 104
Trd, 4319989.643, 105
Trd, 4319989.693, 97
Trd, 4319992.393, 99
Trd, 4319993.643, 97
Trd, 4319994.193, 98
Trd, 4319994.793, 104
Trd, 4319996.393, 101
Trd, 4319999.693, 98
Trd, 4319999.843, 98
Trd, 4319999.993, 98
