Trd, 4317835.893, 98
Trd, 4317837.443, 101
Trd, 4317838.193, 97
Trd, 4317839.743, 95
Trd, 4317840.893, 101
Trd, 4317841.843, 96
Trd, 4317842.743, 101
Trd, 4317842.993, 96
Trd, 4317844.543, 95
Trd, 4317844.693, 83
Trd, 4317845.943, 95
Trd, 4317847.443, 93
Trd, 4317848.943, 90
Trd, 4317849.393, 89
Trd, 4317851.793, 90
Trd, 4317853.093, 90
Trd, 4317854.093, 91
Trd, 4317854.843, 95
Trd, 4317855.543, 91
Trd, 4317858.093, 93
Trd, 4317859.393, 90
Trd, 4317862.043, 95
Trd, 4317864.593, 98
Trd, 4317865.293, 99
Trd, 4317867.893, 101
Trd, 4317868.143, 104
Trd, 4317869.743, 102
Trd, 4317870.993, 99
Trd, 4317872.043, 100
Trd, 4317872.143, 97
Trd, 4317872.893, 76
Trd, 4317876.343, 88
Trd, 4317877.093, 93
Trd, 4317877.943, 86
Trd, 4317878.393, 104
Trd, 4317878.693, 94
Trd, 4317880.643, 104
Trd, 4317880.793, 98
Trd, 4317884.193, 98
Trd, 4317884.343, 92
Trd, 4317885.093, 105
Trd, 4317887.343, 101
Trd, 4317888.943, 98
Trd, 4317889.193, 92
Trd, 4317891.893, 100
Trd, 4317892.043, 98
Trd, 4317892.243, 103
Trd, 4317894.843, 97
Trd, 4317895.393, 100
Trd, 4317897.243, 98
Trd, 4317898.893, 94
Trd, 4317900.043, 94
Trd, 4317902.643, 104
Trd, 4317903.243, 100
Trd, 4317903.643, 96
Trd, 4317904.393, 100
Trd, 4317907.393, 92
Trd, 4317908.643, 92
Trd, 4317909.243, 104
Trd, 4317909.293, 77
Trd, 4317910.443, 92
Trd, 4317912.193, 87
Trd, 4317912.893, 88
Trd, 4317913.343, 93
Trd, 4317914.443, 96
Trd, 4317917.643, 96
Trd, 4317918.743, 95
Trd, 4317919.193, 104
Trd, 4317919.793, 96
Trd, 4317920.243, 95
Trd, 4317922.843, 97
Trd, 4317924.543, 95
Trd, 4317924.593, 97
Trd, 4317930.243, 94
Trd, 4317931.843, 95
Trd, 4317933.893, 95
Trd, 4317934.893, 96
Trd, 4317935.593, 97
Trd, 4317938.143, 97
Trd, 4317939.643, 95
Trd, 4317940.093, 94
Trd, 4317941.393, 93
Trd, 4317942.143, 96
Trd, 4317942.443, 95
Trd, 4317945.243, 93
Trd, 4317946.443, 95
Trd, 4317946.993, 93
Trd, 4317951.393, 95
Trd, 4317952.893, 93
Trd, 4317953.493, 95
Trd, 4317956.543, 92
Trd, 4317956.743, 92
Trd, 4317957.643, 78
Trd, 4317958.343, 90
Trd, 4317959.143, 92
Trd, 4317961.243, 96
Trd, 4317962.143, 93
Trd, 4317963.193, 113
Trd, 4317966.393, 92
Trd, 4317970.593, 98
Trd, 4317972.393, 93
Trd, 4317972.493, 98
Trd, 4317972.693, 92
Trd, 4317978.843, 96
Trd, 4317980.943, 96
Trd, 4317982.143, 94
Trd, 4317984.893, 100
Trd, 4317985.293, 100
Trd, 4317985.943, 104
Trd, 4317987.393, 103
Trd, 4317987.643, 100
Trd, 4317988.843, 99
Trd, 4317989.593, 101
Trd, 4317990.843, 98
Trd, 4317992.593, 101
Trd, 4317993.693, 98
Trd, 4317996.843, 101
Trd, 4317997.643, 97
Trd, 4317998.743, 100
Trd, 4317999.293, 96
Trd, 4318000.643, 102
Trd, 4318002.043, 101
Trd, 4318004.993, 101
Trd, 4318005.943, 113
Trd, 4318006.493, 99
Trd, 4318006.693, 67
Trd, 4318008.143, 88
Trd, 4318008.193, 84
Trd, 4318008.643, 89
Trd, 4318010.493, 89
Trd, 4318012.643, 94
Trd, 4318013.643, 97
Trd, 4318014.893, 99
Trd, 4318015.943, 97
Trd, 4318015.993, 96
Trd, 4318018.493, 105
Trd, 4318019.643, 99
Trd, 4318021.943, 103
Trd, 4318023.443, 104
Trd, 4318024.493, 105
Trd, 4318026.343, 103
Trd, 4318027.443, 93
Trd, 4318028.943, 97
Trd, 4318029.343, 103
Trd, 4318030.043, 78
Trd, 4318031.593, 105
Trd, 4318032.343, 96
Trd, 4318034.243, 90
Trd, 4318034.493, 102
Trd, 4318036.343, 92
Trd, 4318039.443, 95
Trd, 4318040.543, 94
Trd, 4318041.143, 95
Trd, 4318041.343, 101
Trd, 4318042.493, 104
Trd, 4318045.543, 99
Trd, 4318046.593, 97
Trd, 4318047.893, 96
Trd, 4318049.443, 100
Trd, 4318051.893, 95
Trd, 4318052.043, 99
Trd, 4318054.143, 99
Trd, 4318054.393, 94
Trd, 4318055.843, 95
Trd, 4318057.543, 98
Trd, 4318058.543, 97
Trd, 4318059.443, 96
Trd, 4318061.293, 96
Trd, 4318061.343, 96
Trd, 4318062.743, 98
Trd, 4318063.743, 104
Trd, 4318064.593, 100
Trd, 4318065.093, 95
Trd, 4318066.993, 68
Trd, 4318067.793, 89
Trd, 4318069.493, 86
Trd, 4318070.543, 104
Trd, 4318072.193, 95
Trd, 4318072.393, 94
Trd, 4318073.593, 94
Trd, 4318075.243, 95
Trd, 4318075.643, 93
Trd, 4318077.743, 95
Trd, 4318078.143, 91
Trd, 4318080.543, 95
Trd, 4318081.643, 99
Trd, 4318082.893, 97
Trd, 4318083.693, 99
Trd, 4318083.993, 79
Trd, 4318084.893, 76
Trd, 4318087.043, 94
Trd, 4318090.593, 97
Trd, 4318092.293, 97
Trd, 4318093.543, 95
Trd, 4318093.993, 97
Trd, 4318097.293, 95
Trd, 4318098.493, 98
Trd, 4318098.693, 95
Trd, 4318101.143, 97
Trd, 4318101.793, 97
Trd, 4318103.293, 96
Trd, 4318103.643, 95
Trd, 4318104.293, 104
Trd, 4318105.743, 102
Trd, 4318107.643, 100
Trd, 4318107.743, 91
Trd, 4318107.993, 101
Trd, 4318109.493, 101
Trd, 4318112.543, 101
Trd, 4318114.343, 99
Trd, 4318116.493, 98
Trd, 4318117.643, 101
Trd, 4318120.993, 97
Trd, 4318122.743, 97
Trd, 4318123.943, 101
Trd, 4318124.493, 96
Trd, 4318127.243, 96
Trd, 4318127.493, 101
Trd, 4318130.193, 101
Trd, 4318130.793, 96
Trd, 4318133.843, 101
Trd, 4318133.943, 95
Trd, 4318135.793, 96
Trd, 4318136.893, 101
Trd, 4318138.093, 101
Trd, 4318138.443, 99
Trd, 4318140.393, 100
Trd, 4318141.943, 99
Trd, 4318142.843, 98
Trd, 4318143.143, 100
Trd, 4318144.143, 97
Trd, 4318144.343, 75
Trd, 4318146.793, 93
Trd, 4318149.843, 96
Trd, 4318153.043, 99
Trd, 4318153.393, 94
Trd, 4318154.993, 95
Trd, 4318155.293, 94
Trd, 4318155.793, 96
Trd, 4318157.593, 96
Trd, 4318160.543, 97
Trd, 4318161.093, 97
Trd, 4318161.743, 96
Trd, 4318162.393, 76
Trd, 4318164.893, 103
Trd, 4318164.943, 104
Trd, 4318169.043, 102
Trd, 4318169.243, 101
Trd, 4318169.493, 104
Trd, 4318170.293, 99
Trd, 4318170.843, 80
Trd, 4318171.393, 104
Trd, 4318174.343, 89
Trd, 4318176.243, 94
Trd, 4318177.343, 96
Trd, 4318177.743, 94
Trd, 4318179.993, 98
Trd, 4318181.493, 93
Trd, 4318182.343, 97
Trd, 4318185.943, 97
Trd, 4318187.843, 93
Trd, 4318187.993, 84
Trd, 4318190.193, 92
Trd, 4318191.443, 93
Trd, 4318191.943, 89
Trd, 4318194.893, 87
Trd, 4318196.393, 92
Trd, 4318196.793, 89
Trd, 4318198.393, 104
Trd, 4318200.543, 95
Trd, 4318201.093, 103
Trd, 4318201.493, 102
Trd, 4318203.043, 101
Trd, 4318204.493, 98
Trd, 4318205.743, 99
Trd, 4318205.943, 89
Trd, 4318207.243, 96
Trd, 4318208.693, 95
Trd, 4318209.943, 98
Trd, 4318212.893, 97
Trd, 4318214.093, 97
Trd, 4318214.393, 96
Trd, 4318215.093, 104
Trd, 4318215.743, 104
Trd, 4318217.543, 99
Trd, 4318218.393, 99
Trd, 4318219.943, 99
Trd, 4318221.943, 99
Trd, 4318223.443, 94
Trd, 4318225.043, 98
Trd, 4318225.293, 95
Trd, 4318226.143, 97
Trd, 4318228.293, 100
Trd, 4318229.793, 105
Trd, 4318230.243, 101
Trd, 4318231.443, 91
Trd, 4318232.543, 98
Trd, 4318234.543, 93
Trd, 4318236.343, 95
Trd, 4318238.493, 105
Trd, 4318240.743, 95
Trd, 4318242.093, 94
Trd, 4318242.493, 94
Trd, 4318245.193, 95
Trd, 4318247.693, 93
Trd, 4318248.393, 94
Trd, 4318249.393, 92
Trd, 4318251.843, 94
Trd, 4318252.443, 92
Trd, 4318252.893, 76
Trd, 4318254.343, 102
Trd, 4318256.043, 98
Trd, 4318258.543, 105
Trd, 4318259.293, 97
Trd, 4318261.443, 102
Trd, 4318262.843, 106
Trd, 4318262.893, 102
Trd, 4318265.593, 100
Trd, 4318266.593, 99
Trd, 4318266.643, 101
Trd, 4318266.793, 105
Trd, 4318268.443, 99
Trd, 4318271.993, 98
Trd, 4318273.593, 100
Trd, 4318273.693, 101
Trd, 4318277.293, 100
Trd, 4318277.543, 101
Trd, 4318278.093, 99
Trd, 4318279.043, 100
Trd, 4318279.343, 97
Trd, 4318282.043, 96
Trd, 4318282.243, 99
Trd, 4318284.443, 98
Trd, 4318284.743, 100
Trd, 4318285.543, 98
Trd, 4318288.693, 97
Trd, 4318289.643, 96
Trd, 4318291.543, 90
Trd, 4318292.143, 94
Trd, 4318292.543, 99
Trd, 4318292.843, 93
Trd, 4318294.593, 91
Trd, 4318297.093, 93
Trd, 4318300.143, 93
Trd, 4318301.193, 94
Trd, 4318302.743, 92
Trd, 4318303.393, 101
Trd, 4318303.643, 98
Trd, 4318305.293, 103
Trd, 4318306.343, 104
Trd, 4318307.843, 108
Trd, 4318308.343, 107
Trd, 4318310.543, 67
Trd, 4318314.993, 106
Trd, 4318315.993, 101
Trd, 4318317.693, 101
Trd, 4318318.993, 99
Trd, 4318319.543, 97
Trd, 4318320.893, 99
Trd, 4318321.743, 100
Trd, 4318324.343, 99
Trd, 4318324.843, 100
Trd, 4318325.693, 98
Trd, 4318326.543, 98
Trd, 4318329.843, 101
Trd, 4318331.643, 99
Trd, 4318333.993, 102
Trd, 4318335.043, 98
Trd, 4318338.893, 102
Trd, 4318339.043, 97
Trd, 4318341.193, 96
Trd, 4318341.893, 97
Trd, 4318345.343, 97
Trd, 4318346.893, 102
Trd, 4318350.043, 100
Trd, 4318353.043, 101
Trd, 4318353.693, 104
Trd, 4318354.093, 99
Trd, 4318356.593, 103
Trd, 4318357.543, 103
Trd, 4318357.793, 102
Trd, 4318358.043, 101
Trd, 4318360.243, 101
Trd, 4318361.443, 102
Trd, 4318362.643, 100
Trd, 4318366.643, 98
Trd, 4318366.743, 88
Trd, 4318371.493, 102
Trd, 4318374.143, 96
Trd, 4318374.843, 96
Trd, 4318375.443, 102
Trd, 4318375.893, 97
Trd, 4318378.943, 98
Trd, 4318379.643, 102
Trd, 4318380.993, 102
Trd, 4318382.193, 102
Trd, 4318382.543, 104
Trd, 4318383.493, 98
Trd, 4318385.143, 102
Trd, 4318385.193, 98
Trd, 4318386.093, 97
Trd, 4318389.093, 104
Trd, 4318389.193, 96
Trd, 4318391.443, 96
Trd, 4318391.893, 81
Trd, 4318393.893, 95
Trd, 4318395.143, 95
Trd, 4318395.643, 95
Trd, 4318396.743, 94
Trd, 4318399.043, 104
Trd, 4318399.593, 113
Trd, 4318399.643, 93
Trd, 4318400.643, 92
Trd, 4318402.193, 133
Trd, 4318402.493, 107
Trd, 4318402.843, 98
Trd, 4318403.593, 88
Trd, 4318406.143, 101
Trd, 4318407.393, 93
Trd, 4318407.793, 89
Trd, 4318407.993, 94
Trd, 4318411.043, 92
Trd, 4318411.393, 94
Trd, 4318413.643, 93
Trd, 4318415.593, 95
Trd, 4318416.093, 94
Trd, 4318417.743, 96
Trd, 4318419.793, 96
Trd, 4318421.143, 113
Trd, 4318421.793, 111
Trd, 4318423.143, 104
Trd, 4318423.743, 104
Trd, 4318423.843, 79
Trd, 4318427.293, 97
Trd, 4318427.593, 96
Trd, 4318427.993, 102
Trd, 4318428.143, 74
Trd, 4318429.593, 102
Trd, 4318431.543, 102
Trd, 4318432.543, 97
Trd, 4318435.193, 101
Trd, 4318435.343, 97
Trd, 4318437.593, 103
Trd, 4318437.793, 113
Trd, 4318439.993, 102
Trd, 4318441.893, 101
Trd, 4318442.943, 103
Trd, 4318443.943, 100
Trd, 4318445.693, 103
Trd, 4318446.143, 103
Trd, 4318446.593, 99
Trd, 4318447.943, 68
Trd, 4318448.643, 104
Trd, 4318450.243, 97
Trd, 4318452.293, 95
Trd, 4318452.943, 99
Trd, 4318455.143, 98
Trd, 4318456.093, 99
Trd, 4318456.143, 94
Trd, 4318458.293, 97
Trd, 4318460.393, 95
Trd, 4318460.793, 94
Trd, 4318462.693, 98
Trd, 4318462.793, 105
Trd, 4318463.943, 98
Trd, 4318463.993, 85
Trd, 4318464.793, 113
Trd, 4318466.693, 99
Trd, 4318470.093, 98
Trd, 4318470.493, 97
Trd, 4318471.043, 102
Trd, 4318471.993, 96
Trd, 4318473.643, 94
Trd, 4318474.093, 98
Trd, 4318475.543, 98
Trd, 4318477.943, 101
Trd, 4318478.993, 100
Trd, 4318482.293, 99
Trd, 4318482.393, 92
Trd, 4318483.593, 99
Trd, 4318484.193, 100
Trd, 4318486.893, 99
Trd, 4318487.593, 96
Trd, 4318489.993, 104
Trd, 4318491.193, 101
Trd, 4318493.793, 99
Trd, 4318493.943, 101
Trd, 4318494.143, 78
Trd, 4318497.943, 94
Trd, 4318498.793, 99
Trd, 4318501.293, 96
Trd, 4318501.843, 95
Trd, 4318503.343, 104
Trd, 4318508.193, 97
Trd, 4318508.893, 96
Trd, 4318510.393, 99
Trd, 4318512.043, 98
Trd, 4318512.393, 98
Trd, 4318513.993, 104
Trd, 4318514.343, 95
Trd, 4318516.093, 94
Trd, 4318516.693, 97
Trd, 4318517.493, 91
Trd, 4318517.743, 91
Trd, 4318519.393, 91
Trd, 4318519.793, 74
Trd, 4318520.993, 101
Trd, 4318522.193, 96
Trd, 4318525.443, 105
Trd, 4318525.593, 97
Trd, 4318526.643, 98
Trd, 4318527.293, 95
Trd, 4318527.843, 95
Trd, 4318529.293, 94
Trd, 4318531.893, 97
Trd, 4318532.293, 113
Trd, 4318533.843, 99
Trd, 4318535.543, 102
Trd, 4318537.143, 97
Trd, 4318538.043, 106
Trd, 4318539.243, 95
Trd, 4318542.293, 96
Trd, 4318545.543, 95
Trd, 4318547.493, 98
Trd, 4318549.493, 97
Trd, 4318549.693, 96
Trd, 4318553.193, 99
Trd, 4318556.093, 95
Trd, 4318556.393, 99
Trd, 4318557.843, 96
Trd, 4318558.243, 96
Trd, 4318559.493, 99
Trd, 4318562.043, 99
Trd, 4318562.493, 104
Trd, 4318562.543, 96
Trd, 4318564.693, 98
Trd, 4318566.943, 100
Trd, 4318567.593, 95
Trd, 4318568.693, 95
Trd, 4318570.443, 95
Trd, 4318570.643, 103
Trd, 4318572.643, 98
Trd, 4318572.943, 72
Trd, 4318575.343, 83
Trd, 4318576.093, 90
Trd, 4318576.743, 90
Trd, 4318578.093, 93
Trd, 4318579.143, 92
Trd, 4318580.443, 93
Trd, 4318580.693, 94
Trd, 4318583.843, 103
Trd, 4318586.243, 100
Trd, 4318586.643, 91
Trd, 4318587.893, 100
Trd, 4318588.693, 98
Trd, 4318591.143, 99
Trd, 4318591.593, 96
Trd, 4318595.443, 99
Trd, 4318595.743, 96
Trd, 4318597.493, 95
Trd, 4318598.393, 98
Trd, 4318601.043, 97
Trd, 4318602.593, 95
Trd, 4318604.593, 97
Trd, 4318605.193, 97
Trd, 4318605.443, 113
Trd, 4318606.743, 99
Trd, 4318610.643, 101
Trd, 4318611.893, 99
Trd, 4318612.893, 99
Trd, 4318614.443, 99
Trd, 4318614.643, 104
Trd, 4318616.943, 104
Trd, 4318618.293, 107
Trd, 4318619.493, 99
Trd, 4318619.993, 107
Trd, 4318622.793, 101
Trd, 4318623.443, 99
Trd, 4318625.743, 104
Trd, 4318627.793, 102
Trd, 4318630.293, 102
Trd, 4318632.093, 102
Trd, 4318636.743, 102
Trd, 4318636.793, 101
Trd, 4318637.743, 89
Trd, 4318638.293, 91
Trd, 4318641.043, 99
Trd, 4318641.393, 99
Trd, 4318642.343, 98
Trd, 4318643.993, 99
Trd, 4318644.943, 99
Trd, 4318646.543, 100
Trd, 4318647.393, 104
Trd, 4318649.993, 101
Trd, 4318650.993, 101
Trd, 4318651.643, 101
Trd, 4318652.243, 99
Trd, 4318656.743, 99
Trd, 4318660.393, 101
Trd, 4318661.793, 101
Trd, 4318664.293, 100
Trd, 4318666.793, 100
Trd, 4318667.943, 99
Trd, 4318669.743, 101
Trd, 4318672.593, 98
Trd, 4318673.543, 97
Trd, 4318674.143, 104
Trd, 4318675.293, 96
Trd, 4318675.343, 102
Trd, 4318676.043, 67
Trd, 4318677.393, 102
Trd, 4318682.343, 91
Trd, 4318685.943, 96
Trd, 4318687.643, 96
Trd, 4318688.643, 93
Trd, 4318688.743, 96
Trd, 4318693.443, 96
Trd, 4318695.093, 97
Trd, 4318695.343, 93
Trd, 4318695.993, 92
Trd, 4318698.543, 97
Trd, 4318701.443, 91
Trd, 4318702.543, 97
Trd, 4318703.243, 96
Trd, 4318703.543, 90
Trd, 4318704.643, 93
Trd, 4318705.193, 91
Trd, 4318706.193, 67
Trd, 4318708.743, 88
Trd, 4318710.543, 88
Trd, 4318711.193, 90
Trd, 4318712.993, 100
Trd, 4318713.743, 102
Trd, 4318714.493, 103
Trd, 4318714.543, 101
Trd, 4318715.093, 95
Trd, 4318715.493, 105
Trd, 4318716.993, 94
Trd, 4318718.693, 93
Trd, 4318720.093, 96
Trd, 4318720.793, 95
Trd, 4318723.693, 100
Trd, 4318725.143, 102
Trd, 4318727.593, 99
Trd, 4318727.743, 99
Trd, 4318728.393, 100
Trd, 4318729.843, 100
Trd, 4318733.693, 98
Trd, 4318733.743, 97
Trd, 4318734.743, 100
Trd, 4318734.943, 99
Trd, 4318736.943, 103
Trd, 4318738.093, 104
Trd, 4318738.443, 102
Trd, 4318739.393, 100
Trd, 4318741.243, 100
Trd, 4318742.493, 100
Trd, 4318742.843, 103
Trd, 4318743.443, 105
Trd, 4318746.543, 101
Trd, 4318747.943, 103
Trd, 4318748.393, 102
Trd, 4318748.943, 100
Trd, 4318755.343, 101
Trd, 4318755.393, 102
Trd, 4318756.193, 100
Trd, 4318757.243, 99
Trd, 4318757.543, 98
Trd, 4318760.143, 90
Trd, 4318760.343, 92
Trd, 4318761.343, 104
Trd, 4318762.943, 68
Trd, 4318763.343, 102
Trd, 4318764.693, 93
Trd, 4318765.843, 99
Trd, 4318767.493, 104
Trd, 4318769.843, 93
Trd, 4318771.543, 98
Trd, 4318772.493, 96
Trd, 4318773.193, 96
Trd, 4318774.393, 93
Trd, 4318777.243, 96
Trd, 4318778.043, 102
Trd, 4318779.743, 96
Trd, 4318782.243, 98
Trd, 4318784.443, 95
Trd, 4318787.243, 98
Trd, 4318788.443, 99
Trd, 4318789.343, 94
Trd, 4318792.443, 98
Trd, 4318794.043, 96
Trd, 4318794.543, 96
Trd, 4318794.593, 98
Trd, 4318795.643, 104
Trd, 4318799.293, 97
Trd, 4318801.243, 95
Trd, 4318802.243, 94
Trd, 4318803.193, 91
Trd, 4318805.043, 97
Trd, 4318805.193, 94
Trd, 4318806.993, 97
Trd, 4318808.293, 97
Trd, 4318810.843, 93
Trd, 4318811.343, 92
Trd, 4318814.843, 96
Trd, 4318814.943, 92
Trd, 4318816.043, 92
Trd, 4318816.693, 95
Trd, 4318819.243, 92
Trd, 4318819.543, 93
Trd, 4318819.943, 95
Trd, 4318822.243, 97
Trd, 4318825.593, 96
Trd, 4318827.393, 95
Trd, 4318828.193, 95
Trd, 4318828.743, 96
Trd, 4318832.193, 96
Trd, 4318832.793, 94
Trd, 4318834.693, 93
Trd, 4318836.093, 96
Trd, 4318837.693, 92
Trd, 4318839.943, 96
Trd, 4318842.193, 96
Trd, 4318843.093, 91
Trd, 4318843.243, 92
Trd, 4318845.393, 91
Trd, 4318847.843, 96
Trd, 4318849.543, 97
Trd, 4318851.043, 95
Trd, 4318852.093, 94
Trd, 4318853.793, 97
Trd, 4318854.793, 98
Trd, 4318856.493, 94
Trd, 4318856.943, 93
Trd, 4318859.543, 99
Trd, 4318860.993, 98
Trd, 4318861.993, 92
Trd, 4318864.143, 91
Trd, 4318865.543, 90
Trd, 4318866.793, 95
Trd, 4318868.243, 95
Trd, 4318868.493, 102
Trd, 4318871.843, 94
Trd, 4318872.843, 99
Trd, 4318875.293, 94
Trd, 4318877.643, 94
Trd, 4318878.243, 97
Trd, 4318881.843, 93
Trd, 4318885.143, 96
Trd, 4318885.443, 97
Trd, 4318886.443, 104
Trd, 4318888.043, 92
Trd, 4318889.143, 91
Trd, 4318891.143, 97
Trd, 4318893.193, 95
Trd, 4318894.643, 95
Trd, 4318898.593, 95
Trd, 4318899.243, 97
Trd, 4318901.043, 94
Trd, 4318906.093, 97
Trd, 4318908.993, 96
Trd, 4318909.293, 94
Trd, 4318911.293, 93
Trd, 4318911.493, 96
Trd, 4318913.543, 104
Trd, 4318913.793, 95
Trd, 4318914.143, 94
Trd, 4318914.743, 95
Trd, 4318915.693, 99
Trd, 4318919.443, 96
Trd, 4318922.243, 99
Trd, 4318923.893, 99
Trd, 4318924.243, 96
Trd, 4318930.093, 95
Trd, 4318931.293, 98
Trd, 4318931.493, 95
Trd, 4318933.193, 98
Trd, 4318934.243, 104
Trd, 4318939.243, 97
Trd, 4318941.193, 96
Trd, 4318941.293, 95
Trd, 4318942.493, 94
Trd, 4318942.593, 96
Trd, 4318944.493, 60
Trd, 4318944.693, 77
Trd, 4318946.243, 91
Trd, 4318947.693, 94
Trd, 4318948.343, 95
Trd, 4318949.193, 104
Trd, 4318950.343, 93
Trd, 4318951.493, 115
Trd, 4318952.993, 100
Trd, 4318953.293, 101
Trd, 4318954.343, 95
Trd, 4318956.093, 86
Trd, 4318956.793, 101
Trd, 4318958.143, 102
Trd, 4318960.143, 96
Trd, 4318961.593, 100
Trd, 4318962.293, 104
Trd, 4318963.843, 102
Trd, 4318964.493, 102
Trd, 4318965.243, 100
Trd, 4318966.393, 100
Trd, 4318967.743, 99
Trd, 4318968.043, 89
Trd, 4318969.243, 101
Trd, 4318971.993, 97
Trd, 4318972.593, 96
Trd, 4318973.443, 99
Trd, 4318973.893, 95
Trd, 4318974.693, 102
Trd, 4318977.293, 99
Trd, 4318978.493, 98
Trd, 4318980.343, 97
Trd, 4318981.043, 100
Trd, 4318981.493, 100
Trd, 4318983.643, 100
Trd, 4318984.143, 96
Trd, 4318985.343, 103
Trd, 4318986.443, 102
Trd, 4318988.543, 100
Trd, 4318989.143, 98
Trd, 4318990.193, 102
Trd, 4318991.793, 99
Trd, 4318993.293, 100
Trd, 4318994.343, 98
Trd, 4318995.393, 78
Trd, 4318998.993, 93
Trd, 4319001.743, 96
Trd, 4319003.043, 93
Trd, 4319003.643, 95
Trd, 4319006.443, 95
Trd, 4319008.693, 93
Trd, 4319009.743, 95
Trd, 4319009.943, 96
Trd, 4319010.993, 93
Trd, 4319012.793, 96
Trd, 4319013.593, 91
Trd, 4319019.793, 96
Trd, 4319021.243, 92
Trd, 4319022.293, 94
Trd, 4319023.243, 93
Trd, 4319024.993, 91
Trd, 4319025.493, 91
Trd, 4319025.893, 94
Trd, 4319027.343, 94
Trd, 4319027.943, 103
Trd, 4319032.343, 95
Trd, 4319032.943, 96
Trd, 4319033.143, 94
Trd, 4319035.993, 97
Trd, 4319036.393, 96
Trd, 4319041.443, 96
Trd, 4319041.543, 97
Trd, 4319042.193, 95
Trd, 4319043.043, 97
Trd, 4319043.093, 94
Trd, 4319043.393, 95
Trd, 4319045.393, 96
Trd, 4319048.993, 97
Trd, 4319051.043, 96
Trd, 4319051.943, 97
Trd, 4319054.293, 97
Trd, 4319055.993, 97
Trd, 4319056.793, 96
Trd, 4319057.393, 65
Trd, 4319062.093, 93
Trd, 4319063.143, 95
Trd, 4319064.243, 94
Trd, 4319066.343, 92
Trd, 4319068.093, 94
Trd, 4319068.343, 93
Trd, 4319069.193, 94
Trd, 4319069.793, 93
Trd, 4319070.043, 91
Trd, 4319071.693, 92
Trd, 4319072.893, 94
Trd, 4319076.543, 95
Trd, 4319077.493, 104
Trd, 4319078.043, 96
Trd, 4319078.243, 85
Trd, 4319079.993, 95
Trd, 4319081.093, 98
Trd, 4319081.993, 98
Trd, 4319085.543, 95
Trd, 4319086.243, 97
Trd, 4319087.143, 96
Trd, 4319089.643, 94
Trd, 4319091.293, 96
Trd, 4319091.693, 93
Trd, 4319093.093, 95
Trd, 4319095.093, 92
Trd, 4319097.643, 102
Trd, 4319098.043, 99
Trd, 4319099.793, 100
Trd, 4319100.943, 105
Trd, 4319101.193, 98
Trd, 4319102.343, 97
Trd, 4319104.543, 97
Trd, 4319107.293, 101
Trd, 4319108.343, 101
Trd, 4319109.793, 102
Trd, 4319109.893, 101
Trd, 4319111.643, 100
Trd, 4319113.893, 111
Trd, 4319114.343, 103
Trd, 4319119.043, 104
Trd, 4319120.843, 103
Trd, 4319122.543, 102
Trd, 4319122.893, 104
Trd, 4319124.643, 101
Trd, 4319124.893, 104
Trd, 4319125.043, 100
Trd, 4319126.993, 100
Trd, 4319129.293, 95
Trd, 4319130.493, 98
Trd, 4319132.643, 98
Trd, 4319132.743, 98
Trd, 4319133.043, 97
Trd, 4319134.143, 97
Trd, 4319135.443, 98
Trd, 4319136.393, 95
Trd, 4319139.193, 99
Trd, 4319140.743, 98
Trd, 4319141.893, 104
Trd, 4319142.593, 96
Trd, 4319146.593, 101
Trd, 4319146.793, 101
Trd, 4319147.693, 100
Trd, 4319148.343, 99
Trd, 4319151.693, 101
Trd, 4319152.843, 104
Trd, 4319153.093, 102
Trd, 4319153.193, 101
Trd, 4319154.993, 103
Trd, 4319155.043, 99
Trd, 4319155.543, 114
Trd, 4319157.343, 100
Trd, 4319160.443, 101
Trd, 4319161.043, 106
Trd, 4319163.343, 100
Trd, 4319164.243, 100
Trd, 4319165.543, 100
Trd, 4319168.293, 101
Trd, 4319170.693, 100
Trd, 4319172.093, 103
Trd, 4319172.393, 99
Trd, 4319176.693, 99
Trd, 4319178.993, 98
Trd, 4319179.743, 97
Trd, 4319182.893, 100
Trd, 4319185.193, 96
Trd, 4319188.143, 97
Trd, 4319188.343, 97
Trd, 4319190.443, 95
Trd, 4319192.893, 94
Trd, 4319193.893, 97
Trd, 4319196.593, 97
Trd, 4319198.643, 97
Trd, 4319201.993, 97
Trd, 4319202.643, 96
Trd, 4319202.743, 96
Trd, 4319203.543, 97
Trd, 4319205.243, 95
Trd, 4319205.593, 90
Trd, 4319206.093, 104
Trd, 4319207.793, 108
Trd, 4319209.293, 87
Trd, 4319210.993, 97
Trd, 4319213.043, 97
Trd, 4319213.493, 97
Trd, 4319214.743, 95
Trd, 4319215.893, 94
Trd, 4319216.493, 94
Trd, 4319217.143, 78
Trd, 4319217.743, 110
Trd, 4319218.293, 104
Trd, 4319219.393, 103
Trd, 4319220.293, 104
Trd, 4319224.893, 105
Trd, 4319224.993, 102
Trd, 4319227.843, 101
Trd, 4319228.743, 100
Trd, 4319229.043, 104
Trd, 4319229.143, 100
Trd, 4319230.443, 99
Trd, 4319234.143, 100
Trd, 4319235.943, 100
Trd, 4319236.343, 102
Trd, 4319238.293, 82
Trd, 4319239.343, 93
Trd, 4319241.493, 91
Trd, 4319243.043, 78
Trd, 4319243.243, 73
Trd, 4319243.543, 92
Trd, 4319246.143, 89
Trd, 4319246.443, 92
Trd, 4319246.693, 101
Trd, 4319247.393, 90
Trd, 4319250.543, 95
Trd, 4319250.993, 90
Trd, 4319251.343, 88
Trd, 4319254.793, 94
Trd, 4319256.293, 104
Trd, 4319257.193, 100
Trd, 4319259.343, 100
Trd, 4319260.343, 99
Trd, 4319260.993, 99
Trd, 4319261.793, 99
Trd, 4319264.993, 98
Trd, 4319266.543, 97
Trd, 4319269.043, 100
Trd, 4319269.643, 100
Trd, 4319270.593, 97
Trd, 4319271.843, 99
Trd, 4319272.443, 96
Trd, 4319273.543, 97
Trd, 4319275.093, 96
Trd, 4319276.843, 95
Trd, 4319280.443, 99
Trd, 4319280.493, 94
Trd, 4319280.743, 99
Trd, 4319281.043, 93
Trd, 4319283.193, 91
Trd, 4319286.343, 99
Trd, 4319287.093, 103
Trd, 4319287.393, 100
Trd, 4319290.243, 95
Trd, 4319293.443, 96
Trd, 4319297.093, 99
Trd, 4319297.293, 100
Trd, 4319299.543, 95
Trd, 4319301.343, 94
Trd, 4319303.393, 96
Trd, 4319303.443, 98
Trd, 4319307.543, 95
Trd, 4319308.693, 94
Trd, 4319308.743, 98
Trd, 4319312.593, 98
Trd, 4319312.693, 94
Trd, 4319313.393, 94
Trd, 4319317.643, 97
Trd, 4319317.943, 95
Trd, 4319320.543, 93
Trd, 4319321.943, 96
Trd, 4319325.393, 96
Trd, 4319326.393, 95
Trd, 4319328.293, 92
Trd, 4319329.693, 91
Trd, 4319331.943, 92
Trd, 4319332.493, 96
Trd, 4319334.393, 96
Trd, 4319335.443, 111
Trd, 4319339.143, 99
Trd, 4319340.443, 98
Trd, 4319342.543, 75
Trd, 4319343.093, 100
Trd, 4319345.043, 97
Trd, 4319345.593, 92
Trd, 4319350.943, 94
Trd, 4319351.043, 97
Trd, 4319352.493, 93
Trd, 4319353.293, 95
Trd, 4319356.243, 102
Trd, 4319356.793, 102
Trd, 4319359.193, 100
Trd, 4319362.343, 99
Trd, 4319364.743, 100
Trd, 4319366.593, 101
Trd, 4319368.093, 98
Trd, 4319368.593, 100
Trd, 4319369.193, 102
Trd, 4319370.143, 99
Trd, 4319372.093, 101
Trd, 4319373.693, 99
Trd, 4319375.793, 98
Trd, 4319377.893, 98
Trd, 4319380.743, 99
Trd, 4319380.943, 100
Trd, 4319382.593, 98
Trd, 4319383.143, 97
Trd, 4319384.293, 102
Trd, 4319386.393, 101
Trd, 4319388.043, 100
Trd, 4319388.393, 99
Trd, 4319390.293, 101
Trd, 4319391.443, 99
Trd, 4319395.793, 97
Trd, 4319396.493, 98
Trd, 4319398.293, 98
Trd, 4319399.843, 96
Trd, 4319401.393, 94
Trd, 4319401.793, 99
Trd, 4319407.593, 96
Trd, 4319408.393, 99
Trd, 4319409.243, 94
Trd, 4319410.943, 93
Trd, 4319413.693, 99
Trd, 4319414.393, 95
Trd, 4319416.943, 97
Trd, 4319417.043, 95
Trd, 4319420.893, 95
Trd, 4319420.993, 97
Trd, 4319421.693, 97
Trd, 4319423.843, 95
Trd, 4319424.543, 93
Trd, 4319425.243, 96
Trd, 4319425.793, 96
Trd, 4319429.343, 93
Trd, 4319433.193, 104
Trd, 4319434.343, 96
Trd, 4319435.843, 94
Trd, 4319439.143, 99
Trd, 4319439.443, 100
Trd, 4319440.543, 98
Trd, 4319441.293, 98
Trd, 4319441.843, 95
Trd, 4319443.593, 96
Trd, 4319447.593, 98
Trd, 4319447.943, 99
Trd, 4319448.493, 97
Trd, 4319450.543, 104
Trd, 4319450.843, 96
Trd, 4319454.093, 95
Trd, 4319456.243, 96
Trd, 4319456.743, 89
Trd, 4319460.643, 94
Trd, 4319463.093, 95
Trd, 4319463.693, 100
Trd, 4319464.393, 96
Trd, 4319464.943, 95
Trd, 4319467.343, 105
Trd, 4319467.793, 93
Trd, 4319469.543, 99
Trd, 4319470.593, 95
Trd, 4319471.943, 100
Trd, 4319473.493, 97
Trd, 4319474.693, 106
Trd, 4319476.243, 98
Trd, 4319478.593, 104
Trd, 4319478.693, 98
Trd, 4319478.943, 113
Trd, 4319481.643, 101
Trd, 4319482.693, 100
Trd, 4319483.543, 98
Trd, 4319484.893, 100
Trd, 4319486.293, 98
Trd, 4319486.743, 99
Trd, 4319487.043, 97
Trd, 4319489.443, 101
Trd, 4319489.893, 99
Trd, 4319493.443, 102
Trd, 4319494.693, 101
Trd, 4319495.793, 102
Trd, 4319496.443, 102
Trd, 4319497.343, 101
Trd, 4319497.693, 78
Trd, 4319498.993, 100
Trd, 4319499.793, 102
Trd, 4319502.343, 98
Trd, 4319502.943, 101
Trd, 4319504.643, 97
Trd, 4319505.893, 104
Trd, 4319507.993, 98
Trd, 4319508.143, 102
Trd, 4319512.643, 97
Trd, 4319513.343, 97
Trd, 4319515.293, 97
Trd, 4319517.343, 100
Trd, 4319517.893, 100
Trd, 4319518.993, 100
Trd, 4319520.993, 96
Trd, 4319521.943, 100
Trd, 4319522.093, 95
Trd, 4319522.793, 104
Trd, 4319525.493, 93
Trd, 4319528.893, 93
Trd, 4319529.543, 93
Trd, 4319529.843, 97
Trd, 4319530.593, 87
Trd, 4319533.593, 99
Trd, 4319533.693, 97
Trd, 4319534.593, 98
Trd, 4319534.743, 96
Trd, 4319535.743, 104
Trd, 4319536.193, 93
Trd, 4319539.543, 101
Trd, 4319540.643, 95
Trd, 4319542.693, 95
Trd, 4319543.543, 95
Trd, 4319545.093, 97
Trd, 4319547.243, 96
Trd, 4319550.193, 96
Trd, 4319550.893, 95
Trd, 4319555.643, 96
Trd, 4319556.143, 94
Trd, 4319556.843, 97
Trd, 4319558.293, 97
Trd, 4319559.193, 67
Trd, 4319563.443, 93
Trd, 4319564.593, 88
Trd, 4319564.843, 87
Trd, 4319566.443, 93
Trd, 4319568.143, 93
Trd, 4319568.593, 87
Trd, 4319572.143, 91
Trd, 4319572.243, 90
Trd, 4319574.343, 91
Trd, 4319578.443, 91
Trd, 4319578.643, 113
Trd, 4319579.993, 98
Trd, 4319580.893, 94
Trd, 4319583.643, 93
Trd, 4319586.993, 98
Trd, 4319589.243, 98
Trd, 4319589.693, 94
Trd, 4319591.693, 102
Trd, 4319592.993, 98
Trd, 4319593.293, 98
Trd, 4319593.743, 100
Trd, 4319594.793, 104
Trd, 4319595.993, 101
Trd, 4319598.093, 102
Trd, 4319598.243, 99
Trd, 4319600.143, 98
Trd, 4319600.393, 97
Trd, 4319601.593, 102
Trd, 4319604.143, 98
Trd, 4319606.593, 97
Trd, 4319607.593, 95
Trd, 4319608.793, 97
Trd, 4319610.143, 95
Trd, 4319610.693, 96
Trd, 4319613.693, 99
Trd, 4319613.743, 99
Trd, 4319614.543, 98
Trd, 4319617.193, 99
Trd, 4319618.243, 111
Trd, 4319619.593, 111
Trd, 4319620.443, 109
Trd, 4319620.843, 108
Trd, 4319621.843, 107
Trd, 4319623.493, 84
Trd, 4319624.043, 92
Trd, 4319625.543, 93
Trd, 4319626.793, 93
Trd, 4319628.693, 103
Trd, 4319630.943, 105
Trd, 4319631.293, 102
Trd, 4319632.043, 101
Trd, 4319633.493, 99
Trd, 4319635.693, 99
Trd, 4319635.793, 96
Trd, 4319636.393, 105
Trd, 4319637.143, 104
Trd, 4319639.393, 102
Trd, 4319640.843, 102
Trd, 4319642.393, 102
Trd, 4319642.793, 88
Trd, 4319644.893, 102
Trd, 4319646.093, 99
Trd, 4319646.443, 85
Trd, 4319649.193, 91
Trd, 4319654.043, 95
Trd, 4319654.643, 97
Trd, 4319655.893, 97
Trd, 4319656.043, 98
Trd, 4319657.343, 105
Trd, 4319658.793, 95
Trd, 4319664.543, 96
Trd, 4319665.743, 101
Trd, 4319667.143, 101
Trd, 4319667.793, 110
Trd, 4319668.993, 96
Trd, 4319669.393, 105
Trd, 4319669.593, 95
Trd, 4319672.793, 95
Trd, 4319678.043, 102
Trd, 4319679.143, 101
Trd, 4319681.193, 102
Trd, 4319681.793, 101
Trd, 4319682.793, 100
Trd, 4319683.293, 100
Trd, 4319683.643, 99
Trd, 4319684.843, 77
Trd, 4319686.443, 100
Trd, 4319689.943, 102
Trd, 4319692.793, 98
Trd, 4319693.593, 97
Trd, 4319694.143, 96
Trd, 4319695.143, 98
Trd, 4319697.843, 97
Trd, 4319698.043, 82
Trd, 4319698.093, 70
Trd, 4319698.693, 89
Trd, 4319700.143, 95
Trd, 4319700.243, 78
Trd, 4319701.943, 93
Trd, 4319706.043, 92
Trd, 4319706.243, 89
Trd, 4319708.743, 92
Trd, 4319710.293, 93
Trd, 4319710.643, 91
Trd, 4319713.343, 93
Trd, 4319715.543, 91
Trd, 4319721.093, 93
Trd, 4319721.443, 93
Trd, 4319721.493, 90
Trd, 4319722.143, 89
Trd, 4319722.393, 94
Trd, 4319726.443, 94
Trd, 4319728.743, 94
Trd, 4319729.443, 93
Trd, 4319732.093, 99
Trd, 4319732.393, 96
Trd, 4319733.993, 97
Trd, 4319735.593, 97
Trd, 4319736.143, 92
Trd, 4319739.043, 105
Trd, 4319741.893, 99
Trd, 4319742.993, 98
Trd, 4319744.093, 99
Trd, 4319744.443, 97
Trd, 4319748.043, 98
Trd, 4319748.993, 104
Trd, 4319749.043, 103
Trd, 4319750.993, 103
Trd, 4319751.343, 102
Trd, 4319752.043, 96
Trd, 4319754.193, 91
Trd, 4319754.393, 91
Trd, 4319756.743, 97
Trd, 4319757.143, 97
Trd, 4319758.093, 83
Trd, 4319760.543, 102
Trd, 4319762.043, 94
Trd, 4319762.093, 104
Trd, 4319762.243, 100
Trd, 4319762.993, 99
Trd, 4319765.743, 100
Trd, 4319767.093, 99
Trd, 4319769.093, 98
Trd, 4319769.493, 107
Trd, 4319772.893, 97
Trd, 4319774.143, 97
Trd, 4319777.243, 101
Trd, 4319777.393, 102
Trd, 4319779.593, 81
Trd, 4319783.093, 100
Trd, 4319784.743, 98
Trd, 4319785.293, 101
Trd, 4319788.543, 100
Trd, 4319789.943, 100
Trd, 4319791.793, 96
Trd, 4319793.143, 95
Trd, 4319794.043, 100
Trd, 4319796.793, 96
Trd, 4319796.843, 99
Trd, 4319799.193, 95
Trd, 4319800.593, 94
Trd, 4319801.443, 98
Trd, 4319802.193, 98
Trd, 4319804.693, 96
Trd, 4319805.843, 98
Trd, 4319806.493, 94
Trd, 4319807.243, 98
Trd, 4319811.193, 94
Trd, 4319811.743, 97
Trd, 4319814.593, 97
Trd, 4319816.643, 94
Trd, 4319818.043, 93
Trd, 4319819.143, 97
Trd, 4319821.843, 97
Trd, 4319822.993, 93
Trd, 4319823.843, 103
Trd, 4319824.093, 103
Trd, 4319825.193, 96
Trd, 4319825.393, 99
Trd, 4319828.643, 97
Trd, 4319829.793, 98
Trd, 4319830.843, 95
Trd, 4319831.543, 98
Trd, 4319833.643, 96
Trd, 4319836.043, 93
Trd, 4319836.143, 91
Trd, 4319838.243, 96
Trd, 4319838.793, 96
Trd, 4319839.893, 96
Trd, 4319842.093, 97
Trd, 4319843.093, 95
Trd, 4319843.593, 105
Trd, 4319844.343, 91
Trd, 4319844.843, 84
Trd, 4319847.393, 101
Trd, 4319848.293, 79
Trd, 4319849.543, 91
Trd, 4319850.393, 106
Trd, 4319853.743, 99
Trd, 4319856.093, 93
Trd, 4319856.893, 92
Trd, 4319858.843, 95
Trd, 4319859.493, 94
Trd, 4319860.793, 95
Trd, 4319861.993, 94
Trd, 4319862.693, 97
Trd, 4319862.893, 106
Trd, 4319863.893, 97
Trd, 4319866.043, 97
Trd, 4319868.043, 104
Trd, 4319868.693, 98
Trd, 4319869.043, 97
Trd, 4319870.443, 100
Trd, 4319870.593, 87
Trd, 4319870.893, 84
Trd, 4319873.893, 96
Trd, 4319876.593, 96
Trd, 4319877.593, 95
Trd, 4319878.093, 96
Trd, 4319880.043, 94
Trd, 4319881.443, 97
Trd, 4319882.193, 101
Trd, 4319882.993, 102
Trd, 4319884.193, 101
Trd, 4319884.543, 101
Trd, 4319886.493, 101
Trd, 4319888.043, 104
Trd, 4319888.243, 101
Trd, 4319888.943, 100
Trd, 4319892.243, 102
Trd, 4319893.093, 99
Trd, 4319893.693, 102
Trd, 4319894.893, 98
Trd, 4319896.193, 98
Trd, 4319896.643, 96
Trd, 4319897.693, 95
Trd, 4319899.993, 99
Trd, 4319900.243, 97
Trd, 4319900.943, 79
Trd, 4319902.893, 99
Trd, 4319904.143, 102
Trd, 4319905.093, 100
Trd, 4319907.243, 101
Trd, 4319908.943, 102
Trd, 4319910.393, 104
Trd, 4319912.293, 104
Trd, 4319912.343, 96
Trd, 4319912.693, 89
Trd, 4319915.093, 98
Trd, 4319918.593, 96
Trd, 4319919.743, 97
Trd, 4319920.193, 97
Trd, 4319921.043, 97
Trd, 4319922.293, 95
Trd, 4319922.993, 96
Trd, 4319923.093, 95
Trd, 4319924.893, 96
Trd, 4319925.193, 97
Trd, 4319925.843, 94
Trd, 4319926.693, 104
Trd, 4319930.093, 95
Trd, 4319930.993, 99
Trd, 4319932.343, 105
Trd, 4319933.643, 110
Trd, 4319933.893, 108
Trd, 4319934.993, 103
Trd, 4319935.793, 104
Trd, 4319936.293, 106
Trd, 4319936.743, 105
Trd, 4319938.593, 92
Trd, 4319940.043, 102
Trd, 4319941.393, 101
Trd, 4319943.293, 100
Trd, 4319943.593, 98
Trd, 4319944.493, 101
Trd, 4319944.993, 94
Trd, 4319946.393, 104
Trd, 4319947.743, 99
Trd, 4319950.043, 101
Trd, 4319951.293, 103
Trd, 4319952.843, 104
Trd, 4319953.343, 101
Trd, 4319955.093, 100
Trd, 4319957.943, 102
Trd, 4319959.143, 102
Trd, 4319959.793, 101
Trd, 4319962.043, 101
Trd, 4319962.393, 100
Trd, 4319963.293, 99
Trd, 4319964.193, 90
Trd, 4319964.993, 140
Trd, 4319968.343, 98
Trd, 4319969.343, 102
Trd, 4319969.393, 97
Trd, 4319970.493, 101
Trd, 4319971.043, 97
Trd, 4319973.593, 96
Trd, 4319973.843, 101
Trd, 4319975.443, 102
Trd, 4319977.243, 96
Trd, 4319979.443, 103
Trd, 4319983.093, 102
Trd, 4319983.243, 104
Trd, 4319984.943, 101
Trd, 4319985.393, 99
Trd, 4319989.643, 103
Trd, 4319990.693, 100
Trd, 4319991.493, 100
Trd, 4319992.693, 98
Trd, 4319994.143, 98
Trd, 4319997.543, 103
Trd, 4319998.793, 98
Trd, 4319999.043, 104
