Trd, 4317982.543, 105
Trd, 4317983.993, 85
Trd, 4317984.943, 68
Trd, 4317986.043, 99
Trd, 4317986.343, 87
Trd, 4317987.893, 114
Trd, 4317988.293, 113
Trd, 4317988.943, 102
Trd, 4317990.143, 132
Trd, 4317991.743, 98
Trd, 4317991.843, 92
Trd, 4317993.593, 102
Trd, 4317994.993, 109
Trd, 4317996.543, 99
Trd, 4317997.293, 105
Trd, 4317997.643, 99
Trd, 4317998.643, 104
Trd, 4317999.543, 140
Trd, 4318000.843, 85
Trd, 4318001.593, 70
Trd, 4318001.943, 106
Trd, 4318003.443, 95
Trd, 4318004.243, 113
Trd, 4318005.393, 105
Trd, 4318005.443, 122
Trd, 4318006.343, 102
Trd, 4318007.843, 85
Trd, 4318008.693, 103
Trd, 4318009.793, 95
Trd, 4318010.193, 100
Trd, 4318011.193, 99
Trd, 4318011.943, 97
Trd, 4318012.443, 104
Trd, 4318014.193, 110
Trd, 4318014.693, 103
Trd, 4318015.843, 95
Trd, 4318015.943, 103
Trd, 4318017.743, 99
Trd, 4318018.793, 85
Trd, 4318019.693, 94
Trd, 4318019.843, 104
Trd, 4318020.893, 113
Trd, 4318021.143, 96
Trd, 4318021.643, 113
Trd, 4318022.893, 108
Trd, 4318024.143, 113
Trd, 4318025.143, 95
Trd, 4318025.443, 110
Trd, 4318026.643, 127
Trd, 4318028.193, 95
Trd, 4318031.093, 109
Trd, 4318031.793, 110
Trd, 4318031.993, 108
Trd, 4318032.143, 96
Trd, 4318032.693, 109
Trd, 4318032.743, 113
Trd, 4318034.643, 98
Trd, 4318034.993, 95
Trd, 4318036.143, 95
Trd, 4318036.543, 95
Trd, 4318037.243, 105
Trd, 4318038.643, 91
Trd, 4318038.943, 113
Trd, 4318039.693, 85
Trd, 4318040.743, 88
Trd, 4318042.093, 94
Trd, 4318043.243, 87
Trd, 4318043.393, 98
Trd, 4318044.593, 88
Trd, 4318045.943, 86
Trd, 4318047.343, 94
Trd, 4318047.893, 108
Trd, 4318048.193, 108
Trd, 4318050.243, 69
Trd, 4318050.693, 76
Trd, 4318052.393, 80
Trd, 4318053.093, 92
Trd, 4318053.393, 109
Trd, 4318055.643, 90
Trd, 4318055.793, 91
Trd, 4318057.393, 96
Trd, 4318058.393, 105
Trd, 4318060.043, 97
Trd, 4318061.093, 98
Trd, 4318062.643, 95
Trd, 4318062.893, 113
Trd, 4318063.593, 95
Trd, 4318064.443, 94
Trd, 4318065.593, 85
Trd, 4318066.593, 95
Trd, 4318066.743, 99
Trd, 4318067.643, 109
Trd, 4318068.793, 131
Trd, 4318071.093, 105
Trd, 4318071.193, 99
Trd, 4318072.943, 108
Trd, 4318073.093, 110
Trd, 4318073.593, 113
Trd, 4318074.393, 111
Trd, 4318075.993, 102
Trd, 4318077.343, 95
Trd, 4318077.793, 84
Trd, 4318078.093, 107
Trd, 4318080.093, 92
Trd, 4318080.793, 92
Trd, 4318081.843, 108
Trd, 4318082.043, 113
Trd, 4318082.393, 87
Trd, 4318082.893, 111
Trd, 4318083.443, 91
Trd, 4318086.343, 91
Trd, 4318086.743, 89
Trd, 4318088.093, 92
Trd, 4318088.643, 97
Trd, 4318088.793, 111
Trd, 4318089.193, 113
Trd, 4318089.793, 91
Trd, 4318091.893, 89
Trd, 4318093.543, 96
Trd, 4318094.093, 95
Trd, 4318094.493, 113
Trd, 4318095.193, 85
Trd, 4318095.293, 130
Trd, 4318097.593, 82
Trd, 4318097.743, 82
Trd, 4318099.043, 87
Trd, 4318100.643, 112
Trd, 4318102.793, 95
Trd, 4318103.643, 92
Trd, 4318103.843, 98
Trd, 4318105.293, 113
Trd, 4318106.443, 94
Trd, 4318107.243, 99
Trd, 4318107.293, 104
Trd, 4318107.393, 93
Trd, 4318107.893, 92
Trd, 4318111.093, 104
Trd, 4318111.643, 90
Trd, 4318111.943, 113
Trd, 4318113.293, 99
Trd, 4318114.043, 91
Trd, 4318114.543, 99
Trd, 4318116.093, 134
Trd, 4318116.643, 113
Trd, 4318117.243, 95
Trd, 4318119.143, 107
Trd, 4318119.393, 92
Trd, 4318119.643, 87
Trd, 4318121.693, 95
Trd, 4318122.293, 96
Trd, 4318123.943, 94
Trd, 4318124.193, 85
Trd, 4318124.243, 96
Trd, 4318124.643, 96
Trd, 4318125.793, 106
Trd, 4318126.443, 90
Trd, 4318128.843, 113
Trd, 4318128.893, 107
Trd, 4318129.193, 98
Trd, 4318130.793, 95
Trd, 4318131.043, 104
Trd, 4318131.143, 105
Trd, 4318132.693, 110
Trd, 4318133.693, 97
Trd, 4318134.393, 98
Trd, 4318136.193, 85
Trd, 4318136.843, 95
Trd, 4318137.443, 107
Trd, 4318137.893, 113
Trd, 4318137.993, 91
Trd, 4318140.643, 97
Trd, 4318142.043, 112
Trd, 4318142.093, 111
Trd, 4318143.193, 97
Trd, 4318143.843, 95
Trd, 4318144.343, 113
Trd, 4318145.343, 95
Trd, 4318145.993, 109
Trd, 4318147.993, 95
Trd, 4318148.093, 106
Trd, 4318149.843, 102
Trd, 4318150.093, 97
Trd, 4318150.743, 96
Trd, 4318152.043, 102
Trd, 4318152.843, 104
Trd, 4318154.843, 99
Trd, 4318155.993, 101
Trd, 4318157.293, 98
Trd, 4318157.493, 97
Trd, 4318157.643, 100
Trd, 4318159.243, 104
Trd, 4318159.343, 95
Trd, 4318160.493, 85
Trd, 4318162.343, 105
Trd, 4318163.743, 113
Trd, 4318164.493, 98
Trd, 4318165.643, 109
Trd, 4318166.193, 126
Trd, 4318168.293, 111
Trd, 4318168.393, 108
Trd, 4318168.543, 115
Trd, 4318169.693, 95
Trd, 4318170.693, 101
Trd, 4318172.693, 78
Trd, 4318173.343, 108
Trd, 4318174.643, 83
Trd, 4318177.443, 91
Trd, 4318178.493, 96
Trd, 4318178.893, 100
Trd, 4318179.043, 86
Trd, 4318181.993, 98
Trd, 4318182.343, 88
Trd, 4318182.393, 107
Trd, 4318184.893, 92
Trd, 4318186.343, 102
Trd, 4318186.893, 107
Trd, 4318187.793, 104
Trd, 4318188.243, 107
Trd, 4318188.943, 85
Trd, 4318191.093, 90
Trd, 4318192.043, 91
Trd, 4318192.093, 90
Trd, 4318192.443, 99
Trd, 4318195.193, 93
Trd, 4318196.393, 92
Trd, 4318196.543, 95
Trd, 4318198.143, 94
Trd, 4318199.593, 101
Trd, 4318199.843, 95
Trd, 4318200.043, 94
Trd, 4318201.693, 93
Trd, 4318202.943, 87
Trd, 4318203.943, 100
Trd, 4318204.843, 97
Trd, 4318205.343, 108
Trd, 4318205.443, 113
Trd, 4318208.293, 96
Trd, 4318209.193, 95
Trd, 4318210.343, 108
Trd, 4318210.743, 95
Trd, 4318211.793, 113
Trd, 4318212.293, 113
Trd, 4318212.543, 124
Trd, 4318213.343, 112
Trd, 4318213.693, 109
Trd, 4318213.793, 73
Trd, 4318218.693, 89
Trd, 4318219.993, 105
Trd, 4318220.193, 112
Trd, 4318220.993, 89
Trd, 4318222.843, 93
Trd, 4318222.993, 72
Trd, 4318223.693, 80
Trd, 4318224.243, 104
Trd, 4318224.743, 110
Trd, 4318225.293, 102
Trd, 4318226.293, 93
Trd, 4318227.893, 98
Trd, 4318228.543, 92
Trd, 4318229.243, 108
Trd, 4318230.893, 86
Trd, 4318231.043, 101
Trd, 4318232.893, 102
Trd, 4318233.043, 88
Trd, 4318234.293, 88
Trd, 4318235.343, 107
Trd, 4318235.743, 127
Trd, 4318236.143, 104
Trd, 4318237.993, 100
Trd, 4318240.193, 103
Trd, 4318240.393, 99
Trd, 4318240.693, 117
Trd, 4318241.093, 85
Trd, 4318242.543, 113
Trd, 4318243.643, 83
Trd, 4318245.343, 110
Trd, 4318245.893, 97
Trd, 4318246.593, 113
Trd, 4318249.043, 96
Trd, 4318250.093, 95
Trd, 4318250.593, 105
Trd, 4318251.193, 97
Trd, 4318251.593, 92
Trd, 4318252.593, 84
Trd, 4318254.043, 93
Trd, 4318254.093, 106
Trd, 4318256.193, 91
Trd, 4318256.443, 105
Trd, 4318256.893, 105
Trd, 4318258.043, 99
Trd, 4318259.093, 102
Trd, 4318260.893, 104
Trd, 4318261.943, 109
Trd, 4318262.543, 101
Trd, 4318263.293, 114
Trd, 4318264.043, 101
Trd, 4318264.493, 131
Trd, 4318265.843, 110
Trd, 4318267.043, 95
Trd, 4318269.193, 98
Trd, 4318270.743, 104
Trd, 4318271.293, 104
Trd, 4318271.893, 113
Trd, 4318272.593, 98
Trd, 4318273.693, 96
Trd, 4318273.843, 100
Trd, 4318276.493, 94
Trd, 4318276.643, 105
Trd, 4318277.543, 105
Trd, 4318279.493, 99
Trd, 4318279.743, 113
Trd, 4318280.143, 111
Trd, 4318281.593, 99
Trd, 4318282.443, 88
Trd, 4318283.343, 87
Trd, 4318284.093, 91
Trd, 4318285.743, 106
Trd, 4318285.843, 108
Trd, 4318287.693, 87
Trd, 4318288.493, 93
Trd, 4318288.893, 85
Trd, 4318288.943, 113
Trd, 4318292.293, 98
Trd, 4318292.393, 88
Trd, 4318293.293, 88
Trd, 4318295.843, 89
Trd, 4318295.893, 103
Trd, 4318296.143, 85
Trd, 4318297.893, 88
Trd, 4318298.543, 95
Trd, 4318299.843, 90
Trd, 4318301.193, 93
Trd, 4318301.493, 104
Trd, 4318301.693, 90
Trd, 4318301.793, 85
Trd, 4318301.943, 104
Trd, 4318303.193, 86
Trd, 4318303.793, 103
Trd, 4318305.693, 104
Trd, 4318306.593, 87
Trd, 4318306.693, 96
Trd, 4318309.243, 105
Trd, 4318310.243, 105
Trd, 4318311.143, 112
Trd, 4318312.343, 103
Trd, 4318312.893, 102
Trd, 4318315.193, 103
Trd, 4318315.293, 100
Trd, 4318315.443, 88
Trd, 4318315.543, 102
Trd, 4318317.543, 96
Trd, 4318317.843, 104
Trd, 4318318.743, 85
Trd, 4318320.843, 104
Trd, 4318321.593, 113
Trd, 4318322.393, 84
Trd, 4318325.743, 91
Trd, 4318326.093, 91
Trd, 4318326.643, 91
Trd, 4318327.993, 90
Trd, 4318329.093, 92
Trd, 4318331.093, 95
Trd, 4318331.693, 94
Trd, 4318331.843, 94
Trd, 4318332.143, 110
Trd, 4318332.293, 95
Trd, 4318332.393, 99
Trd, 4318333.243, 93
Trd, 4318334.293, 113
Trd, 4318335.743, 113
Trd, 4318335.843, 92
Trd, 4318338.793, 95
Trd, 4318339.593, 94
Trd, 4318339.993, 115
Trd, 4318340.593, 129
Trd, 4318342.143, 113
Trd, 4318342.743, 113
Trd, 4318344.343, 112
Trd, 4318344.993, 103
Trd, 4318345.193, 116
Trd, 4318345.993, 95
Trd, 4318347.593, 99
Trd, 4318348.343, 107
Trd, 4318350.943, 101
Trd, 4318350.993, 98
Trd, 4318351.443, 113
Trd, 4318351.543, 95
Trd, 4318352.193, 110
Trd, 4318353.193, 113
Trd, 4318355.043, 95
Trd, 4318356.143, 112
Trd, 4318357.293, 112
Trd, 4318357.693, 100
Trd, 4318359.343, 95
Trd, 4318359.443, 110
Trd, 4318359.943, 86
Trd, 4318360.043, 122
Trd, 4318360.743, 91
Trd, 4318362.593, 99
Trd, 4318364.093, 104
Trd, 4318364.193, 91
Trd, 4318367.793, 77
Trd, 4318367.993, 94
Trd, 4318369.493, 102
Trd, 4318370.893, 85
Trd, 4318371.943, 84
Trd, 4318372.393, 104
Trd, 4318373.043, 116
Trd, 4318374.243, 113
Trd, 4318375.143, 87
Trd, 4318376.243, 96
Trd, 4318376.893, 102
Trd, 4318376.993, 114
Trd, 4318378.393, 90
Trd, 4318381.093, 91
Trd, 4318381.843, 90
Trd, 4318382.943, 100
Trd, 4318383.393, 113
Trd, 4318383.943, 90
Trd, 4318384.093, 115
Trd, 4318385.943, 112
Trd, 4318386.543, 112
Trd, 4318387.043, 95
Trd, 4318388.443, 114
Trd, 4318392.143, 99
Trd, 4318392.743, 97
Trd, 4318392.793, 100
Trd, 4318393.843, 95
Trd, 4318393.893, 85
Trd, 4318393.993, 104
Trd, 4318395.043, 107
Trd, 4318395.543, 77
Trd, 4318397.243, 108
Trd, 4318397.443, 86
Trd, 4318399.343, 110
Trd, 4318399.993, 97
Trd, 4318401.143, 93
Trd, 4318401.743, 91
Trd, 4318403.393, 114
Trd, 4318404.093, 103
Trd, 4318405.993, 99
Trd, 4318408.143, 92
Trd, 4318409.143, 97
Trd, 4318409.693, 101
Trd, 4318410.443, 85
Trd, 4318410.743, 87
Trd, 4318410.893, 104
Trd, 4318412.493, 87
Trd, 4318414.143, 112
Trd, 4318414.243, 114
Trd, 4318415.143, 111
Trd, 4318415.793, 112
Trd, 4318417.093, 104
Trd, 4318418.193, 102
Trd, 4318420.043, 100
Trd, 4318420.593, 85
Trd, 4318420.893, 96
Trd, 4318422.593, 92
Trd, 4318424.143, 107
Trd, 4318424.493, 85
Trd, 4318426.293, 114
Trd, 4318427.143, 110
Trd, 4318428.143, 102
Trd, 4318428.343, 119
Trd, 4318429.743, 100
Trd, 4318430.193, 95
Trd, 4318430.693, 112
Trd, 4318431.943, 101
Trd, 4318433.293, 107
Trd, 4318434.143, 103
Trd, 4318434.943, 102
Trd, 4318435.693, 99
Trd, 4318435.943, 104
Trd, 4318436.093, 105
Trd, 4318437.543, 98
Trd, 4318437.993, 95
Trd, 4318440.143, 95
Trd, 4318440.793, 87
Trd, 4318441.843, 99
Trd, 4318442.093, 84
Trd, 4318442.993, 106
Trd, 4318443.443, 115
Trd, 4318446.093, 102
Trd, 4318446.843, 97
Trd, 4318447.243, 104
Trd, 4318448.443, 97
Trd, 4318448.593, 95
Trd, 4318450.043, 94
Trd, 4318450.993, 87
Trd, 4318451.243, 96
Trd, 4318451.893, 96
Trd, 4318452.543, 104
Trd, 4318454.443, 90
Trd, 4318458.293, 96
Trd, 4318459.743, 97
Trd, 4318459.993, 106
Trd, 4318460.193, 95
Trd, 4318460.243, 114
Trd, 4318460.843, 110
Trd, 4318461.343, 94
Trd, 4318463.193, 95
Trd, 4318463.843, 85
Trd, 4318465.043, 90
Trd, 4318466.993, 88
Trd, 4318467.793, 108
Trd, 4318469.243, 77
Trd, 4318469.943, 83
Trd, 4318470.093, 102
Trd, 4318470.193, 114
Trd, 4318471.243, 125
Trd, 4318472.693, 84
Trd, 4318473.593, 110
Trd, 4318474.893, 112
Trd, 4318475.093, 94
Trd, 4318476.743, 111
Trd, 4318477.543, 98
Trd, 4318477.943, 104
Trd, 4318479.943, 95
Trd, 4318481.443, 95
Trd, 4318482.993, 104
Trd, 4318483.043, 94
Trd, 4318484.793, 77
Trd, 4318485.043, 87
Trd, 4318485.843, 115
Trd, 4318486.793, 99
Trd, 4318487.593, 132
Trd, 4318488.293, 89
Trd, 4318488.393, 87
Trd, 4318489.293, 106
Trd, 4318490.993, 89
Trd, 4318493.393, 85
Trd, 4318494.243, 97
Trd, 4318496.043, 98
Trd, 4318496.493, 108
Trd, 4318496.593, 94
Trd, 4318496.943, 94
Trd, 4318497.993, 100
Trd, 4318498.393, 94
Trd, 4318500.343, 79
Trd, 4318502.293, 100
Trd, 4318502.793, 95
Trd, 4318503.493, 108
Trd, 4318503.743, 95
Trd, 4318504.793, 95
Trd, 4318505.543, 94
Trd, 4318506.093, 107
Trd, 4318509.143, 96
Trd, 4318509.743, 101
Trd, 4318511.293, 98
Trd, 4318511.543, 97
Trd, 4318511.793, 104
Trd, 4318514.193, 96
Trd, 4318514.593, 91
Trd, 4318515.293, 105
Trd, 4318515.443, 114
Trd, 4318518.093, 110
Trd, 4318518.443, 113
Trd, 4318519.293, 93
Trd, 4318520.843, 104
Trd, 4318521.443, 97
Trd, 4318522.343, 99
Trd, 4318523.393, 85
Trd, 4318525.093, 89
Trd, 4318525.893, 91
Trd, 4318526.343, 104
Trd, 4318526.593, 99
Trd, 4318527.093, 113
Trd, 4318529.893, 100
Trd, 4318530.293, 102
Trd, 4318530.343, 89
Trd, 4318531.543, 103
Trd, 4318531.993, 89
Trd, 4318532.093, 85
Trd, 4318534.193, 109
Trd, 4318536.393, 96
Trd, 4318537.043, 102
Trd, 4318537.193, 95
Trd, 4318537.843, 102
Trd, 4318538.793, 104
Trd, 4318539.343, 95
Trd, 4318540.093, 113
Trd, 4318541.743, 97
Trd, 4318542.093, 96
Trd, 4318542.643, 84
Trd, 4318542.843, 99
Trd, 4318544.043, 71
Trd, 4318547.643, 88
Trd, 4318548.243, 98
Trd, 4318549.093, 90
Trd, 4318549.843, 91
Trd, 4318551.143, 103
Trd, 4318551.343, 104
Trd, 4318552.043, 113
Trd, 4318552.743, 91
Trd, 4318553.193, 85
Trd, 4318554.043, 80
Trd, 4318555.743, 94
Trd, 4318556.893, 95
Trd, 4318557.843, 97
Trd, 4318558.193, 104
Trd, 4318559.343, 96
Trd, 4318560.443, 86
Trd, 4318561.593, 84
Trd, 4318561.793, 101
Trd, 4318562.743, 105
Trd, 4318562.843, 114
Trd, 4318563.293, 79
Trd, 4318564.493, 96
Trd, 4318565.843, 83
Trd, 4318566.543, 129
Trd, 4318567.043, 130
Trd, 4318568.743, 113
Trd, 4318570.843, 121
Trd, 4318571.243, 109
Trd, 4318573.293, 108
Trd, 4318573.993, 110
Trd, 4318574.843, 108
Trd, 4318575.843, 113
Trd, 4318576.443, 112
Trd, 4318576.993, 96
Trd, 4318577.543, 95
Trd, 4318578.593, 107
Trd, 4318580.293, 108
Trd, 4318580.793, 104
Trd, 4318581.143, 108
Trd, 4318583.143, 86
Trd, 4318583.243, 85
Trd, 4318585.343, 97
Trd, 4318587.193, 90
Trd, 4318587.843, 108
Trd, 4318587.943, 91
Trd, 4318588.543, 109
Trd, 4318589.443, 113
Trd, 4318589.943, 88
Trd, 4318589.993, 85
Trd, 4318590.343, 131
Trd, 4318592.193, 103
Trd, 4318593.893, 103
Trd, 4318595.893, 102
Trd, 4318596.193, 104
Trd, 4318597.793, 88
Trd, 4318599.043, 98
Trd, 4318599.893, 96
Trd, 4318600.043, 105
Trd, 4318600.743, 115
Trd, 4318601.393, 109
Trd, 4318602.693, 94
Trd, 4318604.093, 95
Trd, 4318605.743, 98
Trd, 4318606.893, 96
Trd, 4318607.093, 95
Trd, 4318608.093, 108
Trd, 4318608.193, 94
Trd, 4318612.293, 102
Trd, 4318612.543, 96
Trd, 4318612.993, 106
Trd, 4318613.343, 85
Trd, 4318613.743, 95
Trd, 4318614.543, 107
Trd, 4318615.693, 102
Trd, 4318617.293, 92
Trd, 4318618.043, 86
Trd, 4318618.193, 115
Trd, 4318618.293, 84
Trd, 4318618.943, 107
Trd, 4318621.443, 85
Trd, 4318622.593, 83
Trd, 4318623.493, 112
Trd, 4318624.943, 113
Trd, 4318625.093, 100
Trd, 4318625.543, 95
Trd, 4318625.643, 115
Trd, 4318626.293, 131
Trd, 4318629.193, 112
Trd, 4318629.293, 112
Trd, 4318630.843, 105
Trd, 4318632.443, 109
Trd, 4318633.943, 107
Trd, 4318634.743, 103
Trd, 4318634.893, 95
Trd, 4318635.393, 113
Trd, 4318636.143, 103
Trd, 4318637.743, 110
Trd, 4318639.043, 86
Trd, 4318639.093, 99
Trd, 4318639.293, 113
Trd, 4318639.593, 95
Trd, 4318641.393, 113
Trd, 4318643.143, 97
Trd, 4318643.343, 95
Trd, 4318643.943, 114
Trd, 4318644.993, 109
Trd, 4318646.243, 129
Trd, 4318647.093, 95
Trd, 4318648.143, 95
Trd, 4318649.393, 101
Trd, 4318649.493, 95
Trd, 4318650.443, 102
Trd, 4318650.643, 85
Trd, 4318651.443, 114
Trd, 4318655.593, 103
Trd, 4318657.843, 106
Trd, 4318658.243, 96
Trd, 4318658.793, 95
Trd, 4318659.093, 97
Trd, 4318660.643, 114
Trd, 4318660.743, 95
Trd, 4318663.193, 96
Trd, 4318664.393, 99
Trd, 4318664.743, 103
Trd, 4318665.893, 95
Trd, 4318666.293, 95
Trd, 4318666.843, 104
Trd, 4318667.293, 95
Trd, 4318668.043, 104
Trd, 4318669.443, 105
Trd, 4318669.893, 86
Trd, 4318670.093, 84
Trd, 4318671.793, 115
Trd, 4318672.993, 98
Trd, 4318673.543, 90
Trd, 4318673.693, 95
Trd, 4318674.143, 101
Trd, 4318675.943, 100
Trd, 4318675.993, 111
Trd, 4318676.443, 115
Trd, 4318677.993, 93
Trd, 4318680.643, 101
Trd, 4318680.743, 95
Trd, 4318681.043, 105
Trd, 4318681.893, 109
Trd, 4318682.943, 100
Trd, 4318684.893, 95
Trd, 4318686.743, 100
Trd, 4318686.843, 104
Trd, 4318687.193, 94
Trd, 4318687.693, 95
Trd, 4318690.243, 93
Trd, 4318690.693, 104
Trd, 4318693.443, 95
Trd, 4318693.943, 100
Trd, 4318694.793, 103
Trd, 4318695.393, 95
Trd, 4318695.693, 93
Trd, 4318696.793, 86
Trd, 4318698.443, 95
Trd, 4318698.943, 105
Trd, 4318699.943, 98
Trd, 4318700.243, 91
Trd, 4318701.393, 96
Trd, 4318702.143, 111
Trd, 4318702.893, 105
Trd, 4318703.793, 107
Trd, 4318705.243, 99
Trd, 4318705.493, 99
Trd, 4318707.143, 78
Trd, 4318707.243, 101
Trd, 4318710.143, 91
Trd, 4318710.443, 90
Trd, 4318712.043, 97
Trd, 4318712.393, 96
Trd, 4318712.443, 115
Trd, 4318713.443, 106
Trd, 4318714.043, 84
Trd, 4318715.943, 90
Trd, 4318716.343, 81
Trd, 4318717.643, 94
Trd, 4318718.643, 108
Trd, 4318719.393, 85
Trd, 4318721.343, 89
Trd, 4318723.943, 94
Trd, 4318724.293, 113
Trd, 4318725.243, 88
Trd, 4318727.493, 87
Trd, 4318728.343, 86
Trd, 4318729.043, 86
Trd, 4318730.943, 93
Trd, 4318731.293, 103
Trd, 4318731.893, 100
Trd, 4318733.943, 87
Trd, 4318733.993, 98
Trd, 4318735.693, 85
Trd, 4318736.243, 106
Trd, 4318738.843, 85
Trd, 4318740.343, 85
Trd, 4318740.393, 92
Trd, 4318740.893, 106
Trd, 4318745.093, 93
Trd, 4318746.343, 106
Trd, 4318746.443, 106
Trd, 4318748.043, 93
Trd, 4318748.793, 93
Trd, 4318748.943, 101
Trd, 4318749.093, 113
Trd, 4318749.393, 85
Trd, 4318750.093, 96
Trd, 4318752.093, 90
Trd, 4318753.743, 96
Trd, 4318753.943, 93
Trd, 4318754.293, 94
Trd, 4318755.593, 107
Trd, 4318755.943, 109
Trd, 4318758.143, 106
Trd, 4318758.693, 95
Trd, 4318758.893, 92
Trd, 4318759.193, 110
Trd, 4318760.443, 86
Trd, 4318762.893, 96
Trd, 4318763.643, 95
Trd, 4318764.643, 113
Trd, 4318766.043, 90
Trd, 4318766.243, 106
Trd, 4318766.343, 85
Trd, 4318766.743, 107
Trd, 4318768.343, 91
Trd, 4318769.493, 94
Trd, 4318770.043, 131
Trd, 4318770.743, 73
Trd, 4318774.543, 104
Trd, 4318774.993, 105
Trd, 4318775.143, 95
Trd, 4318775.643, 113
Trd, 4318775.743, 103
Trd, 4318776.293, 104
Trd, 4318778.693, 130
Trd, 4318778.893, 113
Trd, 4318780.243, 85
Trd, 4318781.993, 99
Trd, 4318782.493, 104
Trd, 4318783.293, 96
Trd, 4318784.243, 100
Trd, 4318784.343, 95
Trd, 4318785.043, 88
Trd, 4318787.243, 92
Trd, 4318787.743, 105
Trd, 4318788.343, 123
Trd, 4318788.443, 84
Trd, 4318789.793, 71
Trd, 4318790.693, 110
Trd, 4318791.643, 113
Trd, 4318792.993, 113
Trd, 4318793.943, 106
Trd, 4318794.593, 99
Trd, 4318794.643, 95
Trd, 4318796.343, 96
Trd, 4318796.543, 103
Trd, 4318798.243, 95
Trd, 4318798.993, 85
Trd, 4318799.443, 105
Trd, 4318801.943, 93
Trd, 4318802.593, 91
Trd, 4318805.193, 91
Trd, 4318806.743, 95
Trd, 4318807.093, 100
Trd, 4318807.243, 106
Trd, 4318807.293, 113
Trd, 4318807.643, 79
Trd, 4318809.243, 87
Trd, 4318811.593, 93
Trd, 4318812.293, 97
Trd, 4318812.543, 91
Trd, 4318812.693, 97
Trd, 4318813.543, 104
Trd, 4318814.293, 89
Trd, 4318815.843, 91
Trd, 4318816.693, 90
Trd, 4318818.643, 76
Trd, 4318819.343, 84
Trd, 4318820.743, 83
Trd, 4318821.043, 86
Trd, 4318822.093, 105
Trd, 4318822.843, 106
Trd, 4318823.543, 92
Trd, 4318824.293, 113
Trd, 4318826.243, 107
Trd, 4318827.293, 105
Trd, 4318827.443, 96
Trd, 4318828.293, 95
Trd, 4318828.843, 123
Trd, 4318829.693, 84
Trd, 4318830.993, 77
Trd, 4318831.543, 88
Trd, 4318831.843, 90
Trd, 4318833.143, 100
Trd, 4318833.843, 96
Trd, 4318834.393, 95
Trd, 4318835.393, 96
Trd, 4318838.193, 116
Trd, 4318838.243, 131
Trd, 4318838.493, 96
Trd, 4318840.743, 113
Trd, 4318842.743, 105
Trd, 4318843.093, 101
Trd, 4318843.343, 96
Trd, 4318843.543, 99
Trd, 4318844.493, 95
Trd, 4318845.793, 105
Trd, 4318847.743, 86
Trd, 4318847.843, 108
Trd, 4318848.543, 115
Trd, 4318849.193, 113
Trd, 4318852.243, 112
Trd, 4318852.743, 111
Trd, 4318852.893, 98
Trd, 4318854.643, 113
Trd, 4318855.393, 88
Trd, 4318855.643, 97
Trd, 4318855.943, 73
Trd, 4318856.393, 87
Trd, 4318857.393, 114
Trd, 4318859.993, 121
Trd, 4318860.243, 113
Trd, 4318860.793, 98
Trd, 4318862.093, 131
Trd, 4318862.443, 86
Trd, 4318864.393, 97
Trd, 4318867.643, 99
Trd, 4318868.143, 105
Trd, 4318868.793, 99
Trd, 4318868.843, 107
Trd, 4318868.943, 113
Trd, 4318869.243, 98
Trd, 4318870.743, 110
Trd, 4318871.393, 113
Trd, 4318871.893, 87
Trd, 4318873.293, 132
Trd, 4318874.143, 113
Trd, 4318874.643, 121
Trd, 4318876.193, 91
Trd, 4318876.843, 106
Trd, 4318878.443, 106
Trd, 4318879.143, 105
Trd, 4318879.293, 95
Trd, 4318879.943, 113
Trd, 4318882.443, 111
Trd, 4318883.043, 100
Trd, 4318883.293, 114
Trd, 4318884.343, 102
Trd, 4318884.443, 104
Trd, 4318885.293, 127
Trd, 4318888.743, 113
Trd, 4318889.993, 110
Trd, 4318892.643, 109
Trd, 4318893.343, 98
Trd, 4318893.743, 116
Trd, 4318894.043, 116
Trd, 4318894.643, 86
Trd, 4318895.793, 85
Trd, 4318897.193, 97
Trd, 4318897.293, 94
Trd, 4318898.293, 89
Trd, 4318899.843, 112
Trd, 4318901.243, 88
Trd, 4318901.643, 85
Trd, 4318902.543, 104
Trd, 4318904.643, 105
Trd, 4318905.143, 94
Trd, 4318905.193, 102
Trd, 4318906.593, 96
Trd, 4318907.793, 95
Trd, 4318908.543, 104
Trd, 4318910.143, 113
Trd, 4318910.193, 95
Trd, 4318910.893, 110
Trd, 4318911.093, 126
Trd, 4318911.893, 84
Trd, 4318912.943, 88
Trd, 4318915.093, 75
Trd, 4318916.193, 75
Trd, 4318917.493, 90
Trd, 4318918.193, 86
Trd, 4318918.893, 104
Trd, 4318920.043, 124
Trd, 4318921.243, 102
Trd, 4318923.193, 95
Trd, 4318924.843, 98
Trd, 4318925.143, 97
Trd, 4318926.093, 96
Trd, 4318926.343, 105
Trd, 4318926.393, 95
Trd, 4318927.143, 77
Trd, 4318929.293, 90
Trd, 4318931.743, 97
Trd, 4318932.043, 97
Trd, 4318932.693, 107
Trd, 4318933.243, 109
Trd, 4318934.093, 104
Trd, 4318935.643, 108
Trd, 4318935.943, 102
Trd, 4318936.543, 100
Trd, 4318936.643, 113
Trd, 4318937.443, 85
Trd, 4318939.343, 93
Trd, 4318939.843, 113
Trd, 4318940.793, 106
Trd, 4318940.943, 113
Trd, 4318941.543, 80
Trd, 4318943.093, 113
Trd, 4318943.593, 88
Trd, 4318945.143, 79
Trd, 4318945.593, 101
Trd, 4318946.293, 113
Trd, 4318947.093, 75
Trd, 4318948.293, 78
Trd, 4318949.143, 113
Trd, 4318949.293, 130
Trd, 4318952.343, 103
Trd, 4318952.693, 97
Trd, 4318953.243, 106
Trd, 4318953.543, 97
Trd, 4318954.043, 113
Trd, 4318954.393, 95
Trd, 4318957.243, 84
Trd, 4318957.693, 96
Trd, 4318958.543, 91
Trd, 4318958.743, 77
Trd, 4318960.893, 106
Trd, 4318960.993, 87
Trd, 4318961.843, 99
Trd, 4318963.193, 90
Trd, 4318965.543, 107
Trd, 4318965.643, 96
Trd, 4318968.093, 97
Trd, 4318968.243, 100
Trd, 4318969.343, 98
Trd, 4318970.143, 85
Trd, 4318970.593, 107
Trd, 4318970.993, 96
Trd, 4318971.493, 94
Trd, 4318972.543, 113
Trd, 4318972.743, 125
Trd, 4318973.493, 87
Trd, 4318975.243, 113
Trd, 4318976.143, 114
Trd, 4318977.893, 108
Trd, 4318978.443, 103
Trd, 4318979.293, 112
Trd, 4318979.443, 112
Trd, 4318980.193, 85
Trd, 4318981.393, 87
Trd, 4318981.993, 85
Trd, 4318982.693, 112
Trd, 4318984.093, 99
Trd, 4318985.043, 71
Trd, 4318986.043, 84
Trd, 4318986.993, 105
Trd, 4318987.943, 103
Trd, 4318990.643, 95
Trd, 4318990.693, 97
Trd, 4318990.793, 85
Trd, 4318990.943, 112
Trd, 4318991.493, 79
Trd, 4318993.843, 83
Trd, 4318993.893, 109
Trd, 4318995.393, 113
Trd, 4318996.443, 102
Trd, 4318997.093, 105
Trd, 4318998.043, 104
Trd, 4318999.993, 87
Trd, 4319001.093, 104
Trd, 4319001.693, 98
Trd, 4319003.093, 85
Trd, 4319005.343, 94
Trd, 4319005.493, 113
Trd, 4319006.793, 111
Trd, 4319008.093, 101
Trd, 4319008.593, 112
Trd, 4319009.493, 101
Trd, 4319010.293, 100
Trd, 4319011.193, 104
Trd, 4319011.943, 100
Trd, 4319012.893, 107
Trd, 4319014.243, 98
Trd, 4319014.293, 126
Trd, 4319015.643, 86
Trd, 4319016.243, 95
Trd, 4319016.543, 85
Trd, 4319017.293, 89
Trd, 4319017.343, 105
Trd, 4319019.343, 103
Trd, 4319019.843, 87
Trd, 4319022.343, 86
Trd, 4319022.993, 99
Trd, 4319023.943, 85
Trd, 4319024.143, 105
Trd, 4319025.093, 96
Trd, 4319025.593, 104
Trd, 4319026.193, 97
Trd, 4319028.943, 113
Trd, 4319029.093, 131
Trd, 4319030.493, 95
Trd, 4319031.193, 84
Trd, 4319032.693, 107
Trd, 4319034.243, 95
Trd, 4319034.643, 91
Trd, 4319035.693, 95
Trd, 4319036.393, 86
Trd, 4319036.643, 85
Trd, 4319037.093, 106
Trd, 4319039.343, 107
Trd, 4319039.943, 112
Trd, 4319040.993, 114
Trd, 4319041.043, 106
Trd, 4319042.143, 95
Trd, 4319042.393, 99
Trd, 4319042.893, 113
Trd, 4319044.543, 84
Trd, 4319044.743, 114
Trd, 4319046.593, 113
Trd, 4319047.843, 99
Trd, 4319049.043, 110
Trd, 4319049.993, 99
Trd, 4319051.793, 98
Trd, 4319052.443, 110
Trd, 4319052.543, 97
Trd, 4319053.843, 95
Trd, 4319055.343, 86
Trd, 4319056.743, 110
Trd, 4319056.843, 111
Trd, 4319057.193, 113
Trd, 4319057.643, 85
Trd, 4319058.943, 77
Trd, 4319059.543, 112
Trd, 4319061.543, 100
Trd, 4319062.893, 104
Trd, 4319063.843, 96
Trd, 4319065.193, 101
Trd, 4319066.093, 95
Trd, 4319066.293, 103
Trd, 4319067.993, 104
Trd, 4319068.993, 105
Trd, 4319069.143, 115
Trd, 4319070.693, 95
Trd, 4319071.343, 85
Trd, 4319072.893, 90
Trd, 4319073.293, 98
Trd, 4319074.293, 104
Trd, 4319075.193, 116
Trd, 4319075.593, 92
Trd, 4319076.943, 91
Trd, 4319078.593, 103
Trd, 4319078.693, 90
Trd, 4319079.693, 104
Trd, 4319080.143, 105
Trd, 4319080.793, 117
Trd, 4319084.043, 87
Trd, 4319085.093, 87
Trd, 4319085.243, 97
Trd, 4319085.293, 85
Trd, 4319086.293, 110
Trd, 4319087.593, 76
Trd, 4319087.793, 84
Trd, 4319088.493, 78
Trd, 4319090.043, 81
Trd, 4319090.543, 106
Trd, 4319090.743, 114
Trd, 4319095.043, 99
Trd, 4319095.893, 105
Trd, 4319096.343, 95
Trd, 4319096.543, 80
Trd, 4319096.793, 84
Trd, 4319098.143, 77
Trd, 4319098.743, 72
Trd, 4319099.093, 105
Trd, 4319099.593, 113
Trd, 4319099.943, 114
Trd, 4319102.993, 89
Trd, 4319104.443, 101
Trd, 4319104.943, 88
Trd, 4319105.493, 101
Trd, 4319106.593, 104
Trd, 4319108.093, 92
Trd, 4319108.493, 102
Trd, 4319109.343, 91
Trd, 4319109.393, 104
Trd, 4319112.393, 100
Trd, 4319114.743, 97
Trd, 4319114.893, 100
Trd, 4319116.343, 96
Trd, 4319116.843, 101
Trd, 4319117.493, 115
Trd, 4319119.843, 95
Trd, 4319120.293, 95
Trd, 4319122.243, 69
Trd, 4319122.643, 104
Trd, 4319123.293, 77
Trd, 4319123.493, 115
Trd, 4319125.093, 96
Trd, 4319126.343, 104
Trd, 4319127.293, 101
Trd, 4319128.143, 90
Trd, 4319129.093, 90
Trd, 4319129.793, 108
Trd, 4319130.843, 89
Trd, 4319131.743, 95
Trd, 4319132.543, 96
Trd, 4319132.643, 114
Trd, 4319136.193, 95
Trd, 4319136.693, 96
Trd, 4319136.843, 103
Trd, 4319137.093, 135
Trd, 4319137.993, 94
Trd, 4319139.243, 108
Trd, 4319140.493, 99
Trd, 4319140.593, 94
Trd, 4319142.093, 80
Trd, 4319143.793, 102
Trd, 4319144.643, 74
Trd, 4319146.193, 107
Trd, 4319146.743, 113
Trd, 4319148.393, 85
Trd, 4319149.093, 87
Trd, 4319149.243, 98
Trd, 4319149.893, 99
Trd, 4319149.993, 111
Trd, 4319151.543, 112
Trd, 4319154.193, 100
Trd, 4319155.343, 95
Trd, 4319156.143, 96
Trd, 4319157.093, 86
Trd, 4319157.943, 93
Trd, 4319158.043, 93
Trd, 4319159.543, 107
Trd, 4319161.393, 98
Trd, 4319162.393, 113
Trd, 4319162.643, 111
Trd, 4319165.843, 103
Trd, 4319167.493, 104
Trd, 4319168.043, 101
Trd, 4319168.493, 104
Trd, 4319170.143, 96
Trd, 4319170.893, 92
Trd, 4319171.193, 88
Trd, 4319171.293, 85
Trd, 4319172.343, 92
Trd, 4319172.843, 104
Trd, 4319174.643, 112
Trd, 4319176.143, 113
Trd, 4319176.293, 104
Trd, 4319176.993, 95
Trd, 4319177.593, 99
Trd, 4319178.593, 97
Trd, 4319179.343, 112
Trd, 4319180.343, 113
Trd, 4319182.243, 129
Trd, 4319182.893, 85
Trd, 4319185.093, 77
Trd, 4319185.143, 106
Trd, 4319186.543, 93
Trd, 4319188.393, 96
Trd, 4319188.793, 104
Trd, 4319189.843, 95
Trd, 4319190.293, 113
Trd, 4319190.443, 85
Trd, 4319192.193, 113
Trd, 4319192.443, 123
Trd, 4319192.543, 68
Trd, 4319196.043, 91
Trd, 4319196.893, 90
Trd, 4319197.593, 112
Trd, 4319197.893, 97
Trd, 4319198.593, 114
Trd, 4319199.343, 96
Trd, 4319201.793, 101
Trd, 4319202.493, 99
Trd, 4319203.293, 104
Trd, 4319204.943, 112
Trd, 4319205.343, 102
Trd, 4319205.593, 85
Trd, 4319206.743, 91
Trd, 4319207.443, 92
Trd, 4319208.843, 94
Trd, 4319209.143, 102
Trd, 4319210.693, 105
Trd, 4319210.793, 93
Trd, 4319211.093, 107
Trd, 4319211.993, 92
Trd, 4319214.993, 106
Trd, 4319215.643, 101
Trd, 4319216.243, 105
Trd, 4319217.543, 114
Trd, 4319217.993, 97
Trd, 4319218.593, 109
Trd, 4319219.593, 98
Trd, 4319220.393, 95
Trd, 4319220.843, 110
Trd, 4319222.993, 100
Trd, 4319223.293, 99
Trd, 4319223.493, 95
Trd, 4319224.943, 111
Trd, 4319226.343, 113
Trd, 4319226.543, 113
Trd, 4319227.143, 114
Trd, 4319228.843, 105
Trd, 4319229.943, 106
Trd, 4319230.643, 102
Trd, 4319231.093, 95
Trd, 4319231.393, 104
Trd, 4319231.943, 107
Trd, 4319234.043, 100
Trd, 4319235.043, 85
Trd, 4319235.293, 89
Trd, 4319236.543, 114
Trd, 4319236.893, 97
Trd, 4319238.393, 98
Trd, 4319240.643, 95
Trd, 4319241.093, 94
Trd, 4319242.093, 93
Trd, 4319242.943, 93
Trd, 4319243.843, 88
Trd, 4319244.593, 86
Trd, 4319244.643, 92
Trd, 4319245.093, 111
Trd, 4319245.993, 125
Trd, 4319246.743, 102
Trd, 4319247.593, 113
Trd, 4319248.493, 117
Trd, 4319248.943, 85
Trd, 4319253.643, 95
Trd, 4319254.193, 94
Trd, 4319254.793, 96
Trd, 4319254.893, 105
Trd, 4319256.093, 95
Trd, 4319256.443, 101
Trd, 4319257.643, 96
Trd, 4319259.943, 95
Trd, 4319260.943, 97
Trd, 4319261.693, 95
Trd, 4319262.743, 95
Trd, 4319264.643, 100
Trd, 4319265.093, 106
Trd, 4319266.043, 98
Trd, 4319266.543, 105
Trd, 4319269.593, 105
Trd, 4319270.043, 113
Trd, 4319270.093, 97
Trd, 4319270.293, 86
Trd, 4319271.293, 127
Trd, 4319272.893, 90
Trd, 4319274.193, 95
Trd, 4319275.543, 105
Trd, 4319276.393, 104
Trd, 4319277.143, 91
Trd, 4319278.043, 104
Trd, 4319278.293, 112
Trd, 4319279.893, 98
Trd, 4319280.043, 97
Trd, 4319281.643, 95
Trd, 4319284.393, 106
Trd, 4319285.093, 95
Trd, 4319285.393, 109
Trd, 4319289.993, 96
Trd, 4319290.193, 95
Trd, 4319290.493, 94
Trd, 4319290.643, 104
Trd, 4319290.893, 113
Trd, 4319291.643, 85
Trd, 4319293.693, 113
Trd, 4319293.893, 129
Trd, 4319295.643, 77
Trd, 4319296.143, 99
Trd, 4319296.893, 97
Trd, 4319297.443, 113
Trd, 4319297.543, 95
Trd, 4319298.493, 117
Trd, 4319298.643, 119
Trd, 4319301.193, 113
Trd, 4319301.743, 111
Trd, 4319303.593, 115
Trd, 4319304.043, 112
Trd, 4319305.543, 110
Trd, 4319306.393, 101
Trd, 4319306.593, 99
Trd, 4319310.443, 85
Trd, 4319310.643, 88
Trd, 4319310.843, 98
Trd, 4319311.443, 83
Trd, 4319312.793, 94
Trd, 4319312.893, 93
Trd, 4319313.243, 96
Trd, 4319315.043, 92
Trd, 4319315.893, 110
Trd, 4319317.593, 112
Trd, 4319318.843, 108
Trd, 4319320.043, 114
Trd, 4319320.193, 99
Trd, 4319321.893, 99
Trd, 4319322.543, 104
Trd, 4319322.843, 95
Trd, 4319323.693, 95
Trd, 4319326.443, 98
Trd, 4319326.993, 96
Trd, 4319327.243, 105
Trd, 4319327.693, 113
Trd, 4319328.343, 131
Trd, 4319329.293, 112
Trd, 4319330.043, 115
Trd, 4319330.143, 95
Trd, 4319332.043, 94
Trd, 4319332.893, 95
Trd, 4319333.043, 94
Trd, 4319334.093, 96
Trd, 4319334.243, 99
Trd, 4319335.143, 126
Trd, 4319337.143, 97
Trd, 4319338.343, 108
Trd, 4319340.543, 96
Trd, 4319340.743, 96
Trd, 4319342.793, 104
Trd, 4319343.243, 104
Trd, 4319343.593, 97
Trd, 4319344.443, 113
Trd, 4319346.143, 107
Trd, 4319346.993, 73
Trd, 4319348.143, 89
Trd, 4319348.643, 97
Trd, 4319349.743, 106
Trd, 4319350.393, 96
Trd, 4319350.593, 113
Trd, 4319350.943, 95
Trd, 4319351.693, 97
Trd, 4319352.443, 113
Trd, 4319354.593, 131
Trd, 4319355.193, 115
Trd, 4319356.243, 113
Trd, 4319359.593, 102
Trd, 4319361.143, 102
Trd, 4319361.243, 104
Trd, 4319361.493, 127
Trd, 4319361.843, 96
Trd, 4319362.943, 115
Trd, 4319363.493, 95
Trd, 4319364.743, 85
Trd, 4319365.443, 70
Trd, 4319366.843, 88
Trd, 4319367.143, 104
Trd, 4319368.993, 84
Trd, 4319369.793, 103
Trd, 4319370.543, 98
Trd, 4319371.843, 113
Trd, 4319373.643, 99
Trd, 4319373.743, 109
Trd, 4319373.843, 115
Trd, 4319373.993, 101
Trd, 4319377.193, 102
Trd, 4319377.693, 101
Trd, 4319377.793, 112
Trd, 4319378.543, 95
Trd, 4319381.343, 86
Trd, 4319381.743, 85
Trd, 4319381.893, 94
Trd, 4319382.093, 104
Trd, 4319382.793, 104
Trd, 4319384.393, 114
Trd, 4319385.793, 103
Trd, 4319386.743, 95
Trd, 4319389.293, 95
Trd, 4319389.793, 94
Trd, 4319390.043, 96
Trd, 4319390.743, 97
Trd, 4319391.093, 95
Trd, 4319391.243, 94
Trd, 4319391.543, 104
Trd, 4319393.493, 113
Trd, 4319395.743, 95
Trd, 4319396.143, 94
Trd, 4319396.943, 108
Trd, 4319397.343, 111
Trd, 4319397.943, 113
Trd, 4319399.993, 107
Trd, 4319402.543, 87
Trd, 4319402.643, 97
Trd, 4319403.243, 88
Trd, 4319403.493, 72
Trd, 4319405.093, 89
Trd, 4319407.193, 95
Trd, 4319407.543, 90
Trd, 4319407.643, 107
Trd, 4319408.443, 99
Trd, 4319409.793, 105
Trd, 4319410.143, 91
Trd, 4319411.343, 81
Trd, 4319411.943, 113
Trd, 4319413.043, 110
Trd, 4319413.293, 113
Trd, 4319414.643, 98
Trd, 4319415.393, 106
Trd, 4319415.743, 90
Trd, 4319418.293, 106
Trd, 4319418.993, 94
Trd, 4319419.593, 94
Trd, 4319420.643, 113
Trd, 4319421.593, 95
Trd, 4319421.843, 103
Trd, 4319422.093, 93
Trd, 4319422.843, 85
Trd, 4319424.493, 109
Trd, 4319425.243, 92
Trd, 4319426.093, 107
Trd, 4319426.893, 97
Trd, 4319428.493, 96
Trd, 4319430.043, 84
Trd, 4319431.443, 79
Trd, 4319431.743, 85
Trd, 4319433.193, 100
Trd, 4319433.993, 110
Trd, 4319434.943, 108
Trd, 4319435.793, 113
Trd, 4319436.443, 124
Trd, 4319436.643, 88
Trd, 4319439.493, 95
Trd, 4319440.793, 101
Trd, 4319441.243, 95
Trd, 4319441.443, 101
Trd, 4319441.493, 95
Trd, 4319443.893, 117
Trd, 4319444.643, 100
Trd, 4319446.493, 97
Trd, 4319446.943, 106
Trd, 4319447.443, 105
Trd, 4319448.193, 95
Trd, 4319449.993, 95
Trd, 4319451.093, 88
Trd, 4319451.643, 93
Trd, 4319451.893, 98
Trd, 4319452.443, 117
Trd, 4319452.843, 98
Trd, 4319456.243, 104
Trd, 4319456.993, 94
Trd, 4319457.243, 117
Trd, 4319457.543, 93
Trd, 4319458.743, 96
Trd, 4319460.693, 87
Trd, 4319461.743, 78
Trd, 4319461.993, 80
Trd, 4319462.193, 90
Trd, 4319462.443, 75
Trd, 4319463.043, 104
Trd, 4319466.493, 95
Trd, 4319467.043, 109
Trd, 4319469.793, 97
Trd, 4319470.093, 104
Trd, 4319470.743, 97
Trd, 4319470.843, 95
Trd, 4319471.443, 131
Trd, 4319472.043, 72
Trd, 4319475.043, 94
Trd, 4319475.243, 97
Trd, 4319476.293, 91
Trd, 4319476.893, 101
Trd, 4319477.943, 89
Trd, 4319479.293, 98
Trd, 4319480.343, 105
Trd, 4319480.493, 96
Trd, 4319480.943, 94
Trd, 4319481.993, 113
Trd, 4319483.043, 95
Trd, 4319483.393, 104
Trd, 4319484.493, 112
Trd, 4319484.593, 98
Trd, 4319486.293, 108
Trd, 4319486.893, 98
Trd, 4319487.093, 111
Trd, 4319487.993, 86
Trd, 4319490.593, 85
Trd, 4319491.843, 104
Trd, 4319492.943, 90
Trd, 4319493.293, 113
Trd, 4319494.443, 86
Trd, 4319494.593, 89
Trd, 4319495.193, 104
Trd, 4319496.693, 111
Trd, 4319497.893, 89
Trd, 4319498.843, 85
Trd, 4319499.393, 103
Trd, 4319500.943, 102
Trd, 4319502.643, 100
Trd, 4319503.593, 97
Trd, 4319504.893, 99
Trd, 4319505.893, 95
Trd, 4319506.393, 113
Trd, 4319507.693, 113
Trd, 4319508.293, 88
Trd, 4319508.593, 91
Trd, 4319509.243, 102
Trd, 4319509.893, 85
Trd, 4319510.343, 106
Trd, 4319512.193, 83
Trd, 4319513.843, 83
Trd, 4319514.943, 107
Trd, 4319516.943, 113
Trd, 4319517.393, 91
Trd, 4319517.543, 95
Trd, 4319518.893, 130
Trd, 4319520.143, 116
Trd, 4319521.343, 113
Trd, 4319521.793, 102
Trd, 4319523.193, 109
Trd, 4319523.693, 117
Trd, 4319524.443, 95
Trd, 4319526.443, 99
Trd, 4319526.743, 107
Trd, 4319526.943, 109
Trd, 4319528.143, 72
Trd, 4319529.343, 79
Trd, 4319530.543, 102
Trd, 4319530.893, 114
Trd, 4319532.293, 83
Trd, 4319532.493, 101
Trd, 4319533.143, 105
Trd, 4319534.393, 93
Trd, 4319535.493, 91
Trd, 4319535.893, 102
Trd, 4319536.893, 101
Trd, 4319539.543, 91
Trd, 4319539.793, 106
Trd, 4319541.393, 92
Trd, 4319542.193, 109
Trd, 4319542.893, 94
Trd, 4319546.143, 101
Trd, 4319546.393, 107
Trd, 4319546.993, 96
Trd, 4319547.943, 103
Trd, 4319548.593, 101
Trd, 4319550.293, 99
Trd, 4319551.043, 95
Trd, 4319551.493, 95
Trd, 4319553.193, 94
Trd, 4319555.243, 96
Trd, 4319556.143, 105
Trd, 4319556.193, 93
Trd, 4319557.043, 86
Trd, 4319557.793, 100
Trd, 4319557.893, 113
Trd, 4319558.943, 131
Trd, 4319558.993, 112
Trd, 4319562.043, 105
Trd, 4319565.793, 95
Trd, 4319566.593, 105
Trd, 4319566.643, 99
Trd, 4319567.193, 118
Trd, 4319568.293, 111
Trd, 4319568.993, 99
Trd, 4319569.543, 85
Trd, 4319571.793, 95
Trd, 4319572.593, 100
Trd, 4319573.543, 81
Trd, 4319573.593, 101
Trd, 4319573.843, 73
Trd, 4319575.043, 97
Trd, 4319575.743, 97
Trd, 4319575.943, 103
Trd, 4319576.993, 105
Trd, 4319577.893, 113
Trd, 4319578.343, 136
Trd, 4319579.043, 96
Trd, 4319580.093, 87
Trd, 4319582.843, 104
Trd, 4319582.893, 108
Trd, 4319585.043, 105
Trd, 4319585.743, 98
Trd, 4319585.843, 85
Trd, 4319588.493, 91
Trd, 4319589.093, 102
Trd, 4319590.543, 90
Trd, 4319591.093, 96
Trd, 4319592.743, 104
Trd, 4319594.293, 114
Trd, 4319594.893, 94
Trd, 4319595.743, 100
Trd, 4319596.043, 110
Trd, 4319596.693, 100
Trd, 4319598.193, 109
Trd, 4319598.793, 99
Trd, 4319599.393, 107
Trd, 4319600.693, 107
Trd, 4319600.843, 115
Trd, 4319601.493, 99
Trd, 4319602.943, 95
Trd, 4319604.943, 95
Trd, 4319606.043, 105
Trd, 4319606.293, 96
Trd, 4319606.793, 94
Trd, 4319607.793, 107
Trd, 4319608.293, 113
Trd, 4319609.593, 99
Trd, 4319609.843, 101
Trd, 4319610.193, 115
Trd, 4319612.443, 77
Trd, 4319614.143, 115
Trd, 4319615.093, 112
Trd, 4319615.393, 127
Trd, 4319616.143, 95
Trd, 4319616.343, 95
Trd, 4319617.443, 85
Trd, 4319620.243, 99
Trd, 4319620.993, 104
Trd, 4319621.743, 97
Trd, 4319622.143, 104
Trd, 4319623.393, 113
Trd, 4319624.043, 95
Trd, 4319624.743, 99
Trd, 4319625.793, 105
Trd, 4319625.843, 99
Trd, 4319626.993, 106
Trd, 4319628.743, 87
Trd, 4319629.193, 106
Trd, 4319631.343, 104
Trd, 4319633.143, 113
Trd, 4319633.393, 98
Trd, 4319633.943, 110
Trd, 4319635.043, 131
Trd, 4319635.143, 95
Trd, 4319638.593, 113
Trd, 4319639.593, 116
Trd, 4319640.393, 103
Trd, 4319640.693, 109
Trd, 4319643.093, 102
Trd, 4319643.893, 104
Trd, 4319644.793, 97
Trd, 4319645.093, 100
Trd, 4319646.043, 91
Trd, 4319646.943, 106
Trd, 4319647.593, 105
Trd, 4319649.143, 98
Trd, 4319649.243, 95
Trd, 4319649.593, 95
Trd, 4319650.993, 95
Trd, 4319651.293, 96
Trd, 4319651.743, 101
Trd, 4319653.293, 98
Trd, 4319654.743, 106
Trd, 4319655.943, 106
Trd, 4319656.693, 95
Trd, 4319658.693, 94
Trd, 4319660.393, 102
Trd, 4319660.943, 102
Trd, 4319661.443, 106
Trd, 4319661.643, 93
Trd, 4319662.543, 92
Trd, 4319666.243, 94
Trd, 4319667.243, 97
Trd, 4319668.443, 94
Trd, 4319668.543, 98
Trd, 4319668.793, 98
Trd, 4319671.443, 96
Trd, 4319671.493, 106
Trd, 4319672.593, 113
Trd, 4319672.643, 88
Trd, 4319674.443, 95
Trd, 4319675.993, 110
Trd, 4319676.943, 131
Trd, 4319677.943, 112
Trd, 4319678.293, 111
Trd, 4319678.393, 99
Trd, 4319680.093, 86
Trd, 4319681.143, 95
Trd, 4319681.793, 85
Trd, 4319682.493, 112
Trd, 4319682.693, 112
Trd, 4319685.843, 96
Trd, 4319686.043, 95
Trd, 4319687.743, 97
Trd, 4319688.543, 99
Trd, 4319689.393, 96
Trd, 4319690.893, 95
Trd, 4319692.393, 95
Trd, 4319694.193, 96
Trd, 4319694.393, 114
Trd, 4319694.693, 113
Trd, 4319694.793, 100
Trd, 4319695.843, 98
Trd, 4319696.343, 106
Trd, 4319696.793, 85
Trd, 4319698.593, 102
Trd, 4319699.693, 99
Trd, 4319700.093, 92
Trd, 4319702.993, 112
Trd, 4319703.043, 114
Trd, 4319704.293, 111
Trd, 4319704.393, 113
Trd, 4319704.943, 95
Trd, 4319706.893, 97
Trd, 4319707.243, 105
Trd, 4319707.343, 105
Trd, 4319709.293, 106
Trd, 4319709.393, 102
Trd, 4319710.143, 101
Trd, 4319710.193, 88
Trd, 4319711.693, 114
Trd, 4319712.543, 113
Trd, 4319713.443, 99
Trd, 4319713.893, 113
Trd, 4319714.293, 99
Trd, 4319715.593, 113
Trd, 4319716.293, 111
Trd, 4319716.943, 98
Trd, 4319718.743, 112
Trd, 4319719.243, 97
Trd, 4319720.643, 91
Trd, 4319721.693, 77
Trd, 4319721.943, 76
Trd, 4319722.193, 114
Trd, 4319723.843, 94
Trd, 4319725.393, 83
Trd, 4319726.843, 82
Trd, 4319728.293, 87
Trd, 4319729.393, 109
Trd, 4319729.593, 108
Trd, 4319730.643, 91
Trd, 4319731.443, 103
Trd, 4319732.493, 96
Trd, 4319733.893, 126
Trd, 4319734.293, 111
Trd, 4319734.443, 132
Trd, 4319735.493, 96
Trd, 4319736.493, 91
Trd, 4319738.393, 100
Trd, 4319738.893, 86
Trd, 4319738.943, 110
Trd, 4319739.793, 98
Trd, 4319740.043, 110
Trd, 4319741.593, 119
Trd, 4319741.793, 93
Trd, 4319743.043, 90
Trd, 4319745.593, 94
Trd, 4319745.693, 91
Trd, 4319747.093, 91
Trd, 4319747.493, 105
Trd, 4319750.243, 91
Trd, 4319750.543, 104
Trd, 4319751.243, 102
Trd, 4319751.743, 85
Trd, 4319752.493, 93
Trd, 4319753.243, 92
Trd, 4319753.743, 114
Trd, 4319754.893, 113
Trd, 4319756.543, 103
Trd, 4319757.193, 109
Trd, 4319758.793, 113
Trd, 4319759.793, 105
Trd, 4319760.743, 102
Trd, 4319761.493, 85
Trd, 4319762.143, 84
Trd, 4319762.243, 113
Trd, 4319765.043, 114
Trd, 4319765.393, 112
Trd, 4319765.693, 102
Trd, 4319766.343, 104
Trd, 4319768.543, 101
Trd, 4319768.843, 107
Trd, 4319770.193, 78
Trd, 4319770.243, 92
Trd, 4319771.693, 77
Trd, 4319772.093, 114
Trd, 4319773.193, 97
Trd, 4319774.543, 110
Trd, 4319775.143, 95
Trd, 4319776.193, 103
Trd, 4319776.643, 85
Trd, 4319777.393, 105
Trd, 4319778.493, 71
Trd, 4319779.343, 106
Trd, 4319780.393, 83
Trd, 4319782.543, 84
Trd, 4319784.793, 88
Trd, 4319785.143, 102
Trd, 4319787.143, 83
Trd, 4319787.793, 96
Trd, 4319787.943, 105
Trd, 4319789.743, 83
Trd, 4319791.043, 95
Trd, 4319792.043, 111
Trd, 4319792.093, 87
Trd, 4319792.943, 101
Trd, 4319793.443, 100
Trd, 4319794.243, 94
Trd, 4319796.343, 113
Trd, 4319797.343, 96
Trd, 4319797.693, 98
Trd, 4319797.993, 95
Trd, 4319798.343, 104
Trd, 4319800.093, 95
Trd, 4319800.693, 87
Trd, 4319800.943, 85
Trd, 4319802.093, 113
Trd, 4319802.943, 75
Trd, 4319803.593, 89
Trd, 4319806.443, 87
Trd, 4319807.843, 89
Trd, 4319809.543, 100
Trd, 4319810.643, 96
Trd, 4319810.843, 96
Trd, 4319812.643, 96
Trd, 4319812.993, 104
Trd, 4319814.943, 95
Trd, 4319815.193, 100
Trd, 4319816.093, 104
Trd, 4319818.993, 101
Trd, 4319819.343, 103
Trd, 4319819.893, 99
Trd, 4319820.143, 104
Trd, 4319821.143, 95
Trd, 4319821.493, 113
Trd, 4319822.293, 124
Trd, 4319823.443, 113
Trd, 4319824.343, 103
Trd, 4319826.693, 116
Trd, 4319827.443, 104
Trd, 4319827.693, 95
Trd, 4319828.643, 106
Trd, 4319830.993, 100
Trd, 4319831.243, 98
Trd, 4319832.193, 99
Trd, 4319832.543, 107
Trd, 4319834.093, 88
Trd, 4319836.343, 96
Trd, 4319836.643, 107
Trd, 4319837.793, 98
Trd, 4319840.343, 104
Trd, 4319841.043, 106
Trd, 4319841.893, 128
Trd, 4319842.043, 97
Trd, 4319842.643, 97
Trd, 4319843.093, 87
Trd, 4319844.343, 110
Trd, 4319846.793, 86
Trd, 4319847.143, 102
Trd, 4319847.843, 87
Trd, 4319848.143, 104
Trd, 4319848.443, 85
Trd, 4319850.093, 114
Trd, 4319850.693, 112
Trd, 4319850.793, 101
Trd, 4319851.343, 102
Trd, 4319853.443, 97
Trd, 4319854.143, 106
Trd, 4319855.993, 113
Trd, 4319857.443, 95
Trd, 4319857.743, 97
Trd, 4319858.343, 84
Trd, 4319859.443, 95
Trd, 4319861.943, 86
Trd, 4319861.993, 104
Trd, 4319863.093, 94
Trd, 4319864.043, 92
Trd, 4319864.593, 97
Trd, 4319864.743, 90
Trd, 4319864.893, 85
Trd, 4319865.493, 113
Trd, 4319866.343, 77
Trd, 4319868.293, 92
Trd, 4319868.743, 90
Trd, 4319868.943, 109
Trd, 4319871.093, 90
Trd, 4319873.593, 108
Trd, 4319874.193, 114
Trd, 4319874.243, 113
Trd, 4319874.293, 95
Trd, 4319875.593, 101
Trd, 4319876.193, 113
Trd, 4319876.893, 112
Trd, 4319879.093, 102
Trd, 4319880.743, 99
Trd, 4319880.843, 95
Trd, 4319882.693, 108
Trd, 4319883.143, 103
Trd, 4319884.343, 97
Trd, 4319885.543, 105
Trd, 4319886.643, 95
Trd, 4319886.993, 103
Trd, 4319887.693, 85
Trd, 4319887.743, 113
Trd, 4319889.393, 112
Trd, 4319890.193, 100
Trd, 4319891.893, 113
Trd, 4319894.543, 102
Trd, 4319895.443, 102
Trd, 4319897.243, 101
Trd, 4319898.493, 99
Trd, 4319898.593, 102
Trd, 4319899.193, 106
Trd, 4319900.643, 96
Trd, 4319901.543, 84
Trd, 4319902.343, 70
Trd, 4319902.693, 97
Trd, 4319903.243, 84
Trd, 4319904.643, 107
Trd, 4319905.043, 94
Trd, 4319906.293, 113
Trd, 4319906.543, 94
Trd, 4319907.643, 93
Trd, 4319907.693, 105
Trd, 4319911.143, 103
Trd, 4319911.793, 97
Trd, 4319912.043, 95
Trd, 4319912.443, 105
Trd, 4319913.393, 90
Trd, 4319913.993, 113
Trd, 4319914.043, 131
Trd, 4319916.943, 96
Trd, 4319917.093, 95
Trd, 4319917.493, 95
Trd, 4319917.993, 104
Trd, 4319918.543, 105
Trd, 4319919.743, 83
Trd, 4319921.043, 97
Trd, 4319923.543, 120
Trd, 4319923.893, 103
Trd, 4319923.943, 119
Trd, 4319924.293, 94
Trd, 4319924.793, 83
Trd, 4319925.293, 104
Trd, 4319927.743, 89
Trd, 4319929.043, 100
Trd, 4319929.143, 105
Trd, 4319930.293, 105
Trd, 4319930.643, 98
Trd, 4319930.893, 89
Trd, 4319932.893, 105
Trd, 4319933.443, 106
Trd, 4319934.593, 97
Trd, 4319936.493, 97
Trd, 4319937.193, 97
Trd, 4319937.243, 95
Trd, 4319937.893, 105
Trd, 4319938.693, 104
Trd, 4319940.543, 100
Trd, 4319942.543, 112
Trd, 4319942.643, 106
Trd, 4319943.143, 115
Trd, 4319945.743, 100
Trd, 4319946.493, 95
Trd, 4319947.893, 106
Trd, 4319947.943, 117
Trd, 4319948.493, 97
Trd, 4319949.343, 109
Trd, 4319950.293, 106
Trd, 4319951.693, 95
Trd, 4319952.793, 113
Trd, 4319953.843, 109
Trd, 4319954.193, 95
Trd, 4319956.793, 94
Trd, 4319956.893, 113
Trd, 4319958.043, 113
Trd, 4319958.343, 113
Trd, 4319959.843, 95
Trd, 4319960.493, 108
Trd, 4319960.743, 105
Trd, 4319961.193, 112
Trd, 4319964.143, 132
Trd, 4319964.443, 102
Trd, 4319964.793, 103
Trd, 4319965.443, 104
Trd, 4319966.593, 111
Trd, 4319968.443, 109
Trd, 4319969.343, 103
Trd, 4319969.393, 95
Trd, 4319970.093, 78
Trd, 4319970.193, 109
Trd, 4319972.493, 84
Trd, 4319972.643, 86
Trd, 4319974.293, 85
Trd, 4319976.243, 100
Trd, 4319977.543, 93
Trd, 4319978.493, 92
Trd, 4319979.043, 104
Trd, 4319979.893, 105
Trd, 4319980.143, 92
Trd, 4319982.293, 104
Trd, 4319983.193, 95
Trd, 4319983.443, 104
Trd, 4319984.943, 95
Trd, 4319985.743, 107
Trd, 4319986.493, 95
Trd, 4319987.293, 111
Trd, 4319987.343, 96
Trd, 4319987.543, 113
Trd, 4319988.543, 113
Trd, 4319989.743, 95
Trd, 4319991.993, 87
Trd, 4319992.993, 96
Trd, 4319993.493, 113
Trd, 4319995.093, 91
Trd, 4319995.393, 107
Trd, 4319995.993, 131
Trd, 4319997.793, 94
Trd, 4319999.593, 113
