Trd, 4317857.743, 96
Trd, 4317859.393, 99
Trd, 4317860.043, 96
Trd, 4317862.543, 99
Trd, 4317862.943, 99
Trd, 4317863.543, 96
Trd, 4317866.093, 99
Trd, 4317867.243, 103
Trd, 4317867.943, 102
Trd, 4317870.193, 100
Trd, 4317872.293, 99
Trd, 4317873.493, 98
Trd, 4317873.693, 104
Trd, 4317874.293, 101
Trd, 4317877.043, 101
Trd, 4317878.893, 105
Trd, 4317879.243, 100
Trd, 4317882.793, 106
Trd, 4317882.893, 100
Trd, 4317884.443, 99
Trd, 4317884.643, 104
Trd, 4317885.743, 104
Trd, 4317886.643, 104
Trd, 4317887.593, 103
Trd, 4317889.493, 104
Trd, 4317889.893, 104
Trd, 4317890.593, 101
Trd, 4317891.043, 113
Trd, 4317893.743, 110
Trd, 4317894.193, 109
Trd, 4317894.593, 95
Trd, 4317896.193, 106
Trd, 4317899.693, 101
Trd, 4317900.593, 103
Trd, 4317901.093, 103
Trd, 4317902.093, 102
Trd, 4317902.743, 103
Trd, 4317905.643, 101
Trd, 4317906.743, 103
Trd, 4317907.093, 104
Trd, 4317907.793, 102
Trd, 4317910.893, 102
Trd, 4317911.393, 102
Trd, 4317911.493, 101
Trd, 4317911.593, 104
Trd, 4317914.543, 103
Trd, 4317915.143, 104
Trd, 4317916.643, 105
Trd, 4317917.993, 106
Trd, 4317920.343, 100
Trd, 4317921.843, 104
Trd, 4317922.543, 104
Trd, 4317922.743, 104
Trd, 4317924.343, 105
Trd, 4317925.943, 113
Trd, 4317927.093, 111
Trd, 4317927.843, 110
Trd, 4317929.443, 108
Trd, 4317931.393, 87
Trd, 4317932.393, 108
Trd, 4317933.593, 104
Trd, 4317934.193, 103
Trd, 4317935.993, 108
Trd, 4317937.093, 108
Trd, 4317940.243, 104
Trd, 4317941.043, 104
Trd, 4317942.193, 104
Trd, 4317942.493, 104
Trd, 4317944.143, 104
Trd, 4317945.143, 82
Trd, 4317946.643, 104
Trd, 4317948.993, 104
Trd, 4317950.443, 97
Trd, 4317954.193, 104
Trd, 4317954.343, 101
Trd, 4317955.143, 103
Trd, 4317956.593, 104
Trd, 4317958.793, 104
Trd, 4317958.943, 103
Trd, 4317959.793, 102
Trd, 4317960.243, 104
Trd, 4317960.543, 112
Trd, 4317960.693, 95
Trd, 4317963.243, 102
Trd, 4317965.343, 107
Trd, 4317966.943, 105
Trd, 4317967.143, 105
Trd, 4317968.643, 105
Trd, 4317970.443, 104
Trd, 4317970.993, 103
Trd, 4317972.693, 99
Trd, 4317972.793, 105
Trd, 4317973.143, 106
Trd, 4317977.993, 104
Trd, 4317979.443, 96
Trd, 4317979.493, 105
Trd, 4317982.093, 99
Trd, 4317984.143, 104
Trd, 4317984.293, 104
Trd, 4317985.293, 104
Trd, 4317985.593, 100
Trd, 4317988.643, 104
Trd, 4317989.043, 101
Trd, 4317989.243, 104
Trd, 4317990.893, 117
Trd, 4317990.943, 107
Trd, 4317992.393, 107
Trd, 4317993.093, 108
Trd, 4317993.643, 106
Trd, 4317993.943, 95
Trd, 4317996.793, 104
Trd, 4317998.343, 97
Trd, 4318000.593, 85
Trd, 4318001.043, 98
Trd, 4318001.393, 98
Trd, 4318002.793, 96
Trd, 4318004.243, 96
Trd, 4318005.643, 96
Trd, 4318006.443, 95
Trd, 4318008.443, 97
Trd, 4318008.793, 98
Trd, 4318009.343, 113
Trd, 4318010.843, 105
Trd, 4318013.143, 107
Trd, 4318013.343, 101
Trd, 4318015.543, 106
Trd, 4318015.643, 103
Trd, 4318016.943, 103
Trd, 4318017.693, 103
Trd, 4318018.093, 102
Trd, 4318018.893, 113
Trd, 4318022.393, 91
Trd, 4318022.643, 101
Trd, 4318022.693, 85
Trd, 4318025.493, 101
Trd, 4318029.593, 97
Trd, 4318030.993, 99
Trd, 4318032.343, 99
Trd, 4318034.293, 99
Trd, 4318036.943, 97
Trd, 4318037.093, 99
Trd, 4318039.493, 97
Trd, 4318040.393, 98
Trd, 4318041.593, 97
Trd, 4318042.243, 98
Trd, 4318043.093, 99
Trd, 4318044.693, 98
Trd, 4318046.193, 115
Trd, 4318046.843, 113
Trd, 4318047.093, 104
Trd, 4318049.343, 108
Trd, 4318050.243, 114
Trd, 4318050.443, 113
Trd, 4318050.693, 104
Trd, 4318055.993, 96
Trd, 4318056.093, 102
Trd, 4318057.343, 104
Trd, 4318057.443, 104
Trd, 4318059.693, 112
Trd, 4318060.843, 97
Trd, 4318062.193, 107
Trd, 4318062.493, 106
Trd, 4318064.093, 114
Trd, 4318065.293, 105
Trd, 4318065.393, 109
Trd, 4318066.793, 104
Trd, 4318069.293, 109
Trd, 4318071.093, 112
Trd, 4318073.093, 99
Trd, 4318075.443, 105
Trd, 4318077.643, 97
Trd, 4318078.843, 103
Trd, 4318081.093, 102
Trd, 4318081.493, 102
Trd, 4318082.293, 104
Trd, 4318082.543, 102
Trd, 4318085.743, 102
Trd, 4318085.993, 101
Trd, 4318089.243, 98
Trd, 4318090.143, 104
Trd, 4318090.643, 100
Trd, 4318091.443, 104
Trd, 4318093.193, 104
Trd, 4318093.343, 104
Trd, 4318094.143, 103
Trd, 4318095.043, 98
Trd, 4318095.793, 104
Trd, 4318098.543, 95
Trd, 4318101.893, 101
Trd, 4318102.943, 101
Trd, 4318105.743, 101
Trd, 4318106.543, 101
Trd, 4318107.243, 100
Trd, 4318107.493, 98
Trd, 4318107.643, 101
Trd, 4318110.693, 101
Trd, 4318110.843, 104
Trd, 4318114.243, 103
Trd, 4318115.093, 106
Trd, 4318115.293, 103
Trd, 4318118.243, 113
Trd, 4318118.793, 104
Trd, 4318120.393, 102
Trd, 4318122.243, 102
Trd, 4318122.543, 86
Trd, 4318125.193, 97
Trd, 4318125.643, 97
Trd, 4318127.693, 102
Trd, 4318129.243, 102
Trd, 4318129.543, 101
Trd, 4318129.693, 95
Trd, 4318130.593, 102
Trd, 4318130.793, 104
Trd, 4318134.043, 101
Trd, 4318135.293, 102
Trd, 4318135.493, 113
Trd, 4318136.643, 107
Trd, 4318139.643, 104
Trd, 4318141.393, 99
Trd, 4318141.793, 95
Trd, 4318144.243, 99
Trd, 4318146.043, 100
Trd, 4318147.243, 101
Trd, 4318148.043, 101
Trd, 4318149.093, 103
Trd, 4318149.293, 102
Trd, 4318150.593, 84
Trd, 4318152.443, 102
Trd, 4318153.643, 95
Trd, 4318154.793, 95
Trd, 4318156.143, 99
Trd, 4318156.343, 104
Trd, 4318157.993, 99
Trd, 4318158.893, 100
Trd, 4318160.143, 102
Trd, 4318160.543, 100
Trd, 4318161.243, 104
Trd, 4318164.243, 100
Trd, 4318165.343, 101
Trd, 4318167.043, 100
Trd, 4318169.393, 100
Trd, 4318169.743, 89
Trd, 4318170.693, 99
Trd, 4318171.143, 100
Trd, 4318172.393, 97
Trd, 4318175.493, 103
Trd, 4318175.643, 100
Trd, 4318178.293, 101
Trd, 4318180.543, 101
Trd, 4318181.693, 101
Trd, 4318182.443, 103
Trd, 4318183.493, 102
Trd, 4318185.793, 101
Trd, 4318186.293, 101
Trd, 4318189.443, 99
Trd, 4318191.893, 101
Trd, 4318192.543, 101
Trd, 4318193.493, 102
Trd, 4318194.593, 100
Trd, 4318194.743, 104
Trd, 4318198.393, 99
Trd, 4318200.393, 102
Trd, 4318200.693, 103
Trd, 4318202.393, 102
Trd, 4318202.543, 101
Trd, 4318206.093, 102
Trd, 4318206.243, 100
Trd, 4318207.943, 102
Trd, 4318208.043, 99
Trd, 4318208.243, 104
Trd, 4318212.643, 103
Trd, 4318213.293, 102
Trd, 4318213.843, 100
Trd, 4318219.193, 102
Trd, 4318219.443, 102
Trd, 4318220.493, 99
Trd, 4318221.093, 104
Trd, 4318225.143, 98
Trd, 4318225.293, 101
Trd, 4318226.043, 95
Trd, 4318228.093, 101
Trd, 4318228.543, 104
Trd, 4318231.643, 108
Trd, 4318231.943, 108
Trd, 4318232.293, 108
Trd, 4318235.043, 103
Trd, 4318236.193, 89
Trd, 4318237.793, 102
Trd, 4318238.893, 102
Trd, 4318239.393, 104
Trd, 4318240.543, 104
Trd, 4318240.943, 104
Trd, 4318242.643, 103
Trd, 4318244.193, 104
Trd, 4318246.343, 118
Trd, 4318246.893, 113
Trd, 4318247.343, 110
Trd, 4318249.893, 111
Trd, 4318251.743, 110
Trd, 4318252.493, 109
Trd, 4318253.593, 109
Trd, 4318253.643, 105
Trd, 4318257.093, 107
Trd, 4318259.343, 108
Trd, 4318259.693, 108
Trd, 4318260.543, 108
Trd, 4318262.843, 105
Trd, 4318262.893, 99
Trd, 4318263.693, 102
Trd, 4318264.143, 105
Trd, 4318265.193, 98
Trd, 4318269.293, 103
Trd, 4318269.993, 102
Trd, 4318270.693, 104
Trd, 4318273.143, 102
Trd, 4318274.693, 104
Trd, 4318276.293, 101
Trd, 4318279.943, 102
Trd, 4318281.193, 102
Trd, 4318281.793, 101
Trd, 4318281.993, 104
Trd, 4318282.643, 99
Trd, 4318284.193, 97
Trd, 4318285.393, 101
Trd, 4318287.393, 101
Trd, 4318288.093, 104
Trd, 4318289.993, 102
Trd, 4318290.793, 101
Trd, 4318294.193, 102
Trd, 4318295.293, 100
Trd, 4318295.743, 99
Trd, 4318296.193, 102
Trd, 4318298.193, 104
Trd, 4318298.893, 102
Trd, 4318300.493, 98
Trd, 4318303.843, 95
Trd, 4318307.293, 100
Trd, 4318307.943, 100
Trd, 4318309.343, 97
Trd, 4318310.993, 99
Trd, 4318312.343, 99
Trd, 4318314.293, 99
Trd, 4318314.643, 99
Trd, 4318315.693, 104
Trd, 4318316.843, 113
Trd, 4318318.343, 100
Trd, 4318318.593, 102
Trd, 4318320.743, 104
Trd, 4318322.443, 105
Trd, 4318323.393, 112
Trd, 4318325.093, 104
Trd, 4318325.293, 104
Trd, 4318330.093, 105
Trd, 4318330.493, 107
Trd, 4318333.143, 90
Trd, 4318333.993, 99
Trd, 4318335.293, 102
Trd, 4318335.893, 101
Trd, 4318337.143, 103
Trd, 4318337.243, 104
Trd, 4318337.693, 103
Trd, 4318340.843, 102
Trd, 4318341.393, 103
Trd, 4318342.393, 103
Trd, 4318343.943, 103
Trd, 4318344.793, 103
Trd, 4318346.593, 103
Trd, 4318347.393, 104
Trd, 4318348.693, 103
Trd, 4318349.743, 104
Trd, 4318350.743, 104
Trd, 4318351.843, 109
Trd, 4318354.043, 107
Trd, 4318354.093, 106
Trd, 4318356.843, 107
Trd, 4318357.143, 107
Trd, 4318358.493, 106
Trd, 4318358.543, 95
Trd, 4318361.243, 106
Trd, 4318361.593, 107
Trd, 4318363.993, 101
Trd, 4318365.143, 104
Trd, 4318366.693, 99
Trd, 4318369.193, 98
Trd, 4318371.843, 101
Trd, 4318373.243, 99
Trd, 4318373.793, 99
Trd, 4318374.093, 104
Trd, 4318378.343, 101
Trd, 4318378.843, 101
Trd, 4318382.743, 107
Trd, 4318383.643, 105
Trd, 4318383.943, 104
Trd, 4318384.743, 104
Trd, 4318387.893, 98
Trd, 4318389.393, 97
Trd, 4318390.093, 113
Trd, 4318390.293, 108
Trd, 4318391.743, 98
Trd, 4318393.543, 119
Trd, 4318396.043, 115
Trd, 4318396.743, 114
Trd, 4318396.843, 113
Trd, 4318397.793, 113
Trd, 4318398.343, 120
Trd, 4318401.493, 98
Trd, 4318401.893, 96
Trd, 4318402.243, 104
Trd, 4318404.443, 103
Trd, 4318405.193, 102
Trd, 4318409.493, 103
Trd, 4318410.193, 103
Trd, 4318411.443, 104
Trd, 4318412.193, 104
Trd, 4318412.593, 105
Trd, 4318413.043, 113
Trd, 4318414.793, 75
Trd, 4318415.543, 96
Trd, 4318419.393, 96
Trd, 4318420.193, 96
Trd, 4318424.093, 104
Trd, 4318424.443, 112
Trd, 4318424.693, 103
Trd, 4318425.143, 102
Trd, 4318426.993, 113
Trd, 4318428.143, 104
Trd, 4318428.493, 96
Trd, 4318428.593, 104
Trd, 4318431.943, 113
Trd, 4318433.043, 112
Trd, 4318434.243, 111
Trd, 4318434.293, 110
Trd, 4318436.043, 104
Trd, 4318436.243, 96
Trd, 4318438.643, 104
Trd, 4318438.943, 104
Trd, 4318440.843, 110
Trd, 4318441.893, 106
Trd, 4318444.443, 104
Trd, 4318446.993, 100
Trd, 4318447.993, 103
Trd, 4318448.593, 104
Trd, 4318448.943, 103
Trd, 4318450.643, 104
Trd, 4318451.743, 102
Trd, 4318452.693, 88
Trd, 4318455.193, 104
Trd, 4318457.143, 102
Trd, 4318457.193, 104
Trd, 4318457.393, 101
Trd, 4318460.993, 104
Trd, 4318462.093, 104
Trd, 4318463.643, 102
Trd, 4318465.543, 103
Trd, 4318466.093, 102
Trd, 4318467.993, 103
Trd, 4318469.493, 103
Trd, 4318470.843, 104
Trd, 4318471.043, 104
Trd, 4318472.243, 100
Trd, 4318473.093, 97
Trd, 4318475.193, 104
Trd, 4318476.043, 90
Trd, 4318478.993, 102
Trd, 4318481.293, 103
Trd, 4318481.543, 104
Trd, 4318482.293, 101
Trd, 4318483.093, 101
Trd, 4318485.293, 101
Trd, 4318485.443, 100
Trd, 4318487.293, 101
Trd, 4318487.343, 88
Trd, 4318490.893, 103
Trd, 4318491.093, 102
Trd, 4318493.543, 102
Trd, 4318494.943, 102
Trd, 4318495.593, 103
Trd, 4318495.693, 102
Trd, 4318496.793, 104
Trd, 4318498.243, 103
Trd, 4318501.943, 91
Trd, 4318503.843, 97
Trd, 4318504.243, 116
Trd, 4318504.593, 113
Trd, 4318506.743, 96
Trd, 4318509.593, 103
Trd, 4318510.943, 104
Trd, 4318512.293, 108
Trd, 4318512.493, 114
Trd, 4318513.793, 110
Trd, 4318514.293, 109
Trd, 4318514.443, 95
Trd, 4318516.793, 106
Trd, 4318518.943, 114
Trd, 4318519.793, 113
Trd, 4318520.193, 113
Trd, 4318522.993, 113
Trd, 4318523.443, 97
Trd, 4318523.843, 100
Trd, 4318524.243, 107
Trd, 4318527.243, 85
Trd, 4318529.693, 106
Trd, 4318532.093, 105
Trd, 4318532.893, 104
Trd, 4318533.593, 105
Trd, 4318534.143, 103
Trd, 4318535.343, 104
Trd, 4318536.743, 98
Trd, 4318537.343, 102
Trd, 4318540.643, 101
Trd, 4318541.143, 101
Trd, 4318541.693, 100
Trd, 4318542.993, 104
Trd, 4318544.193, 100
Trd, 4318547.743, 103
Trd, 4318547.893, 103
Trd, 4318548.943, 103
Trd, 4318549.543, 103
Trd, 4318550.893, 105
Trd, 4318551.593, 105
Trd, 4318552.993, 95
Trd, 4318555.043, 102
Trd, 4318556.243, 106
Trd, 4318556.693, 86
Trd, 4318557.543, 103
Trd, 4318557.643, 89
Trd, 4318563.693, 96
Trd, 4318564.593, 96
Trd, 4318564.693, 104
Trd, 4318566.443, 95
Trd, 4318566.893, 95
Trd, 4318567.393, 97
Trd, 4318568.693, 96
Trd, 4318569.243, 95
Trd, 4318570.143, 105
Trd, 4318574.543, 97
Trd, 4318574.593, 98
Trd, 4318574.743, 95
Trd, 4318575.443, 95
Trd, 4318579.993, 98
Trd, 4318580.643, 92
Trd, 4318582.243, 95
Trd, 4318582.493, 111
Trd, 4318583.493, 109
Trd, 4318585.543, 109
Trd, 4318586.093, 108
Trd, 4318587.293, 113
Trd, 4318587.743, 112
Trd, 4318588.443, 116
Trd, 4318589.643, 111
Trd, 4318590.143, 104
Trd, 4318591.393, 96
Trd, 4318592.893, 104
Trd, 4318594.393, 103
Trd, 4318594.743, 107
Trd, 4318596.993, 115
Trd, 4318597.843, 112
Trd, 4318600.593, 107
Trd, 4318600.843, 98
Trd, 4318603.343, 107
Trd, 4318604.093, 108
Trd, 4318604.993, 107
Trd, 4318606.593, 104
Trd, 4318608.293, 108
Trd, 4318609.343, 108
Trd, 4318611.493, 97
Trd, 4318612.393, 104
Trd, 4318612.743, 104
Trd, 4318614.693, 104
Trd, 4318616.843, 113
Trd, 4318617.243, 109
Trd, 4318618.743, 96
Trd, 4318619.993, 109
Trd, 4318621.093, 107
Trd, 4318621.293, 85
Trd, 4318625.143, 105
Trd, 4318626.093, 105
Trd, 4318626.293, 101
Trd, 4318627.443, 102
Trd, 4318629.343, 105
Trd, 4318631.193, 104
Trd, 4318632.243, 106
Trd, 4318633.843, 106
Trd, 4318633.993, 108
Trd, 4318636.143, 106
Trd, 4318637.893, 105
Trd, 4318641.043, 115
Trd, 4318641.193, 112
Trd, 4318642.743, 114
Trd, 4318642.943, 112
Trd, 4318644.043, 113
Trd, 4318647.543, 104
Trd, 4318647.593, 110
Trd, 4318648.893, 110
Trd, 4318650.143, 111
Trd, 4318651.293, 109
Trd, 4318651.993, 111
Trd, 4318655.043, 108
Trd, 4318655.493, 104
Trd, 4318656.843, 110
Trd, 4318659.343, 107
Trd, 4318660.593, 102
Trd, 4318660.943, 105
Trd, 4318662.493, 105
Trd, 4318663.693, 101
Trd, 4318664.493, 105
Trd, 4318665.993, 103
Trd, 4318668.193, 105
Trd, 4318668.543, 103
Trd, 4318668.943, 105
Trd, 4318670.093, 105
Trd, 4318671.493, 105
Trd, 4318672.193, 105
Trd, 4318673.593, 95
Trd, 4318676.843, 95
Trd, 4318678.593, 105
Trd, 4318680.093, 108
Trd, 4318680.343, 107
Trd, 4318680.843, 104
Trd, 4318681.343, 106
Trd, 4318683.943, 108
Trd, 4318685.093, 113
Trd, 4318685.543, 107
Trd, 4318685.893, 96
Trd, 4318687.393, 109
Trd, 4318690.843, 106
Trd, 4318691.843, 104
Trd, 4318693.543, 106
Trd, 4318694.643, 104
Trd, 4318695.543, 113
Trd, 4318698.193, 107
Trd, 4318698.743, 107
Trd, 4318698.843, 95
Trd, 4318699.993, 110
Trd, 4318700.443, 116
Trd, 4318704.443, 113
Trd, 4318704.793, 112
Trd, 4318704.843, 112
Trd, 4318704.993, 104
Trd, 4318706.343, 84
Trd, 4318710.243, 103
Trd, 4318710.593, 101
Trd, 4318711.543, 107
Trd, 4318712.693, 106
Trd, 4318716.293, 102
Trd, 4318716.543, 103
Trd, 4318717.643, 104
Trd, 4318718.843, 103
Trd, 4318720.693, 101
Trd, 4318723.043, 101
Trd, 4318724.343, 104
Trd, 4318725.693, 113
Trd, 4318726.193, 108
Trd, 4318726.393, 104
Trd, 4318729.343, 96
Trd, 4318730.643, 98
Trd, 4318731.043, 102
Trd, 4318733.143, 98
Trd, 4318733.243, 104
Trd, 4318735.893, 99
Trd, 4318737.493, 97
Trd, 4318738.343, 100
Trd, 4318738.743, 99
Trd, 4318740.193, 99
Trd, 4318740.593, 104
Trd, 4318741.893, 100
Trd, 4318743.293, 98
Trd, 4318743.493, 100
Trd, 4318747.893, 104
Trd, 4318748.093, 98
Trd, 4318750.093, 97
Trd, 4318750.793, 101
Trd, 4318752.793, 101
Trd, 4318752.843, 97
Trd, 4318753.243, 95
Trd, 4318755.193, 101
Trd, 4318758.093, 104
Trd, 4318758.593, 103
Trd, 4318758.943, 113
Trd, 4318760.943, 113
Trd, 4318761.443, 110
Trd, 4318765.493, 98
Trd, 4318766.243, 97
Trd, 4318767.293, 98
Trd, 4318768.543, 98
Trd, 4318769.543, 105
Trd, 4318770.143, 101
Trd, 4318772.493, 104
Trd, 4318773.243, 104
Trd, 4318774.843, 104
Trd, 4318775.043, 104
Trd, 4318776.543, 105
Trd, 4318777.243, 103
Trd, 4318778.793, 111
Trd, 4318782.293, 107
Trd, 4318783.093, 107
Trd, 4318783.393, 108
Trd, 4318783.443, 106
Trd, 4318783.693, 104
Trd, 4318787.593, 103
Trd, 4318789.093, 105
Trd, 4318789.793, 104
Trd, 4318791.293, 105
Trd, 4318791.693, 105
Trd, 4318793.643, 105
Trd, 4318794.343, 105
Trd, 4318796.443, 104
Trd, 4318797.543, 105
Trd, 4318800.793, 104
Trd, 4318801.143, 105
Trd, 4318803.843, 104
Trd, 4318804.943, 96
Trd, 4318807.693, 100
Trd, 4318808.743, 101
Trd, 4318809.443, 103
Trd, 4318810.943, 97
Trd, 4318810.993, 103
Trd, 4318812.743, 99
Trd, 4318814.143, 105
Trd, 4318814.993, 113
Trd, 4318815.843, 113
Trd, 4318816.843, 112
Trd, 4318818.293, 118
Trd, 4318820.143, 116
Trd, 4318820.343, 114
Trd, 4318820.993, 113
Trd, 4318822.193, 104
Trd, 4318822.843, 86
Trd, 4318826.143, 107
Trd, 4318828.443, 107
Trd, 4318829.443, 105
Trd, 4318829.993, 107
Trd, 4318830.593, 104
Trd, 4318834.693, 107
Trd, 4318835.093, 105
Trd, 4318835.443, 107
Trd, 4318838.743, 106
Trd, 4318840.843, 105
Trd, 4318841.143, 107
Trd, 4318844.293, 104
Trd, 4318845.143, 97
Trd, 4318848.293, 107
Trd, 4318849.443, 107
Trd, 4318852.793, 104
Trd, 4318853.143, 107
Trd, 4318853.793, 103
Trd, 4318854.343, 85
Trd, 4318855.693, 107
Trd, 4318857.693, 105
Trd, 4318858.693, 96
Trd, 4318860.543, 105
Trd, 4318863.493, 103
Trd, 4318863.543, 101
Trd, 4318866.193, 100
Trd, 4318866.893, 97
Trd, 4318867.393, 104
Trd, 4318871.193, 98
Trd, 4318871.443, 104
Trd, 4318871.843, 104
Trd, 4318872.293, 97
Trd, 4318875.193, 88
Trd, 4318876.893, 101
Trd, 4318877.343, 104
Trd, 4318880.543, 99
Trd, 4318882.393, 101
Trd, 4318885.693, 96
Trd, 4318886.543, 101
Trd, 4318887.943, 104
Trd, 4318888.993, 99
Trd, 4318892.193, 99
Trd, 4318894.293, 101
Trd, 4318895.293, 98
Trd, 4318896.343, 100
Trd, 4318899.043, 100
Trd, 4318901.443, 101
Trd, 4318902.293, 106
Trd, 4318902.893, 113
Trd, 4318903.443, 104
Trd, 4318904.843, 97
Trd, 4318906.543, 105
Trd, 4318907.893, 104
Trd, 4318909.393, 105
Trd, 4318911.893, 105
Trd, 4318911.943, 107
Trd, 4318912.043, 95
Trd, 4318913.393, 98
Trd, 4318914.493, 111
Trd, 4318917.193, 102
Trd, 4318917.393, 90
Trd, 4318921.143, 94
Trd, 4318923.943, 98
Trd, 4318924.443, 98
Trd, 4318925.693, 99
Trd, 4318926.143, 98
Trd, 4318926.893, 104
Trd, 4318928.293, 98
Trd, 4318928.593, 99
Trd, 4318928.643, 95
Trd, 4318929.693, 104
Trd, 4318931.643, 100
Trd, 4318933.543, 86
Trd, 4318936.493, 97
Trd, 4318937.643, 98
Trd, 4318937.743, 96
Trd, 4318941.343, 96
Trd, 4318942.793, 97
Trd, 4318943.243, 104
Trd, 4318944.793, 99
Trd, 4318947.143, 92
Trd, 4318948.243, 104
Trd, 4318949.343, 100
Trd, 4318950.093, 99
Trd, 4318951.893, 105
Trd, 4318953.243, 100
Trd, 4318954.243, 100
Trd, 4318957.093, 94
Trd, 4318958.893, 99
Trd, 4318961.193, 97
Trd, 4318961.543, 105
Trd, 4318963.593, 101
Trd, 4318964.243, 102
Trd, 4318965.793, 101
Trd, 4318967.293, 101
Trd, 4318968.993, 113
Trd, 4318970.443, 101
Trd, 4318970.593, 104
Trd, 4318972.393, 85
Trd, 4318975.393, 98
Trd, 4318976.293, 98
Trd, 4318977.743, 102
Trd, 4318979.093, 97
Trd, 4318979.793, 104
Trd, 4318979.893, 113
Trd, 4318980.743, 95
Trd, 4318981.043, 103
Trd, 4318984.193, 104
Trd, 4318986.493, 95
Trd, 4318986.593, 103
Trd, 4318988.793, 103
Trd, 4318989.493, 104
Trd, 4318990.693, 105
Trd, 4318992.493, 104
Trd, 4318992.943, 95
Trd, 4318994.843, 111
Trd, 4318995.993, 104
Trd, 4318997.493, 106
Trd, 4318997.643, 107
Trd, 4318999.243, 75
Trd, 4318999.643, 107
Trd, 4319003.293, 85
Trd, 4319006.243, 107
Trd, 4319006.793, 107
Trd, 4319008.743, 107
Trd, 4319009.543, 104
Trd, 4319009.643, 104
Trd, 4319011.693, 108
Trd, 4319013.193, 107
Trd, 4319013.793, 106
Trd, 4319016.243, 104
Trd, 4319016.343, 106
Trd, 4319017.993, 107
Trd, 4319018.993, 97
Trd, 4319020.543, 107
Trd, 4319021.143, 99
Trd, 4319023.893, 104
Trd, 4319024.393, 104
Trd, 4319024.593, 102
Trd, 4319027.143, 101
Trd, 4319027.993, 101
Trd, 4319029.843, 97
Trd, 4319030.843, 104
Trd, 4319033.893, 104
Trd, 4319035.443, 104
Trd, 4319036.393, 103
Trd, 4319038.893, 104
Trd, 4319039.743, 104
Trd, 4319040.443, 101
Trd, 4319041.893, 101
Trd, 4319042.943, 104
Trd, 4319044.843, 103
Trd, 4319045.843, 104
Trd, 4319047.043, 104
Trd, 4319047.193, 104
Trd, 4319047.543, 101
Trd, 4319051.093, 87
Trd, 4319052.343, 98
Trd, 4319052.643, 104
Trd, 4319058.243, 102
Trd, 4319058.393, 103
Trd, 4319059.193, 95
Trd, 4319059.793, 104
Trd, 4319062.393, 103
Trd, 4319062.543, 113
Trd, 4319065.793, 100
Trd, 4319066.593, 101
Trd, 4319067.643, 101
Trd, 4319070.293, 101
Trd, 4319072.143, 101
Trd, 4319073.243, 98
Trd, 4319074.543, 97
Trd, 4319075.643, 101
Trd, 4319077.293, 101
Trd, 4319077.543, 99
Trd, 4319079.043, 104
Trd, 4319080.793, 105
Trd, 4319080.943, 103
Trd, 4319081.193, 95
Trd, 4319083.843, 105
Trd, 4319086.393, 104
Trd, 4319087.493, 104
Trd, 4319087.593, 104
Trd, 4319088.793, 102
Trd, 4319089.493, 109
Trd, 4319092.593, 105
Trd, 4319092.693, 104
Trd, 4319092.843, 113
Trd, 4319094.243, 104
Trd, 4319094.793, 108
Trd, 4319096.943, 99
Trd, 4319097.943, 107
Trd, 4319098.943, 113
Trd, 4319099.043, 86
Trd, 4319101.093, 106
Trd, 4319102.593, 104
Trd, 4319104.243, 105
Trd, 4319105.493, 104
Trd, 4319106.643, 105
Trd, 4319107.243, 98
Trd, 4319110.793, 89
Trd, 4319111.393, 105
Trd, 4319113.943, 105
Trd, 4319115.093, 105
Trd, 4319115.843, 104
Trd, 4319115.893, 104
Trd, 4319116.893, 85
Trd, 4319119.493, 104
Trd, 4319119.893, 100
Trd, 4319121.543, 105
Trd, 4319121.943, 104
Trd, 4319122.743, 105
Trd, 4319124.543, 95
Trd, 4319125.993, 113
Trd, 4319128.393, 106
Trd, 4319128.743, 105
Trd, 4319130.043, 114
Trd, 4319130.393, 113
Trd, 4319131.493, 110
Trd, 4319132.293, 104
Trd, 4319133.193, 87
Trd, 4319135.243, 107
Trd, 4319135.693, 102
Trd, 4319136.493, 106
Trd, 4319141.693, 104
Trd, 4319143.543, 104
Trd, 4319144.043, 100
Trd, 4319145.943, 95
Trd, 4319147.893, 104
Trd, 4319149.493, 114
Trd, 4319149.843, 113
Trd, 4319150.243, 111
Trd, 4319151.593, 108
Trd, 4319151.743, 104
Trd, 4319153.843, 105
Trd, 4319154.243, 104
Trd, 4319154.843, 106
Trd, 4319156.843, 104
Trd, 4319157.993, 116
Trd, 4319159.593, 97
Trd, 4319159.943, 113
Trd, 4319160.793, 96
Trd, 4319165.843, 95
Trd, 4319167.743, 101
Trd, 4319168.143, 101
Trd, 4319171.243, 105
Trd, 4319173.043, 107
Trd, 4319173.343, 103
Trd, 4319174.093, 95
Trd, 4319175.593, 106
Trd, 4319176.193, 104
Trd, 4319178.543, 104
Trd, 4319179.093, 88
Trd, 4319179.993, 104
Trd, 4319180.543, 98
Trd, 4319182.893, 104
Trd, 4319183.743, 101
Trd, 4319186.793, 97
Trd, 4319187.393, 101
Trd, 4319189.293, 97
Trd, 4319190.343, 98
Trd, 4319192.393, 96
Trd, 4319193.193, 97
Trd, 4319193.993, 98
Trd, 4319194.693, 99
Trd, 4319194.943, 95
Trd, 4319197.643, 107
Trd, 4319199.243, 100
Trd, 4319200.393, 105
Trd, 4319200.843, 101
Trd, 4319202.293, 99
Trd, 4319203.843, 101
Trd, 4319204.843, 105
Trd, 4319205.793, 100
Trd, 4319206.043, 98
Trd, 4319207.643, 100
Trd, 4319210.693, 102
Trd, 4319211.043, 95
Trd, 4319213.543, 100
Trd, 4319213.793, 98
Trd, 4319215.343, 114
Trd, 4319215.493, 113
Trd, 4319216.393, 105
Trd, 4319217.793, 105
Trd, 4319220.693, 106
Trd, 4319220.893, 95
Trd, 4319221.493, 96
Trd, 4319224.143, 101
Trd, 4319225.143, 92
Trd, 4319228.093, 99
Trd, 4319228.393, 99
Trd, 4319228.893, 104
Trd, 4319230.843, 95
Trd, 4319232.593, 100
Trd, 4319233.343, 100
Trd, 4319233.643, 100
Trd, 4319233.743, 104
Trd, 4319234.093, 98
Trd, 4319238.793, 111
Trd, 4319239.493, 105
Trd, 4319239.693, 104
Trd, 4319240.343, 107
Trd, 4319240.793, 104
Trd, 4319243.593, 104
Trd, 4319244.093, 103
Trd, 4319245.793, 87
Trd, 4319246.043, 104
Trd, 4319246.143, 104
Trd, 4319247.743, 98
Trd, 4319249.343, 102
Trd, 4319251.043, 100
Trd, 4319252.993, 103
Trd, 4319253.843, 104
Trd, 4319254.293, 100
Trd, 4319257.493, 95
Trd, 4319258.293, 103
Trd, 4319258.943, 113
Trd, 4319259.993, 103
Trd, 4319262.243, 106
Trd, 4319264.143, 104
Trd, 4319264.343, 89
Trd, 4319265.993, 104
Trd, 4319266.293, 96
Trd, 4319267.393, 114
Trd, 4319268.693, 113
Trd, 4319269.293, 99
Trd, 4319272.143, 104
Trd, 4319274.493, 113
Trd, 4319275.493, 104
Trd, 4319276.193, 111
Trd, 4319281.443, 113
Trd, 4319282.143, 107
Trd, 4319283.743, 105
Trd, 4319284.343, 107
Trd, 4319287.193, 102
Trd, 4319287.593, 97
Trd, 4319288.243, 95
Trd, 4319291.693, 101
Trd, 4319292.243, 104
Trd, 4319293.143, 102
Trd, 4319293.943, 104
Trd, 4319294.493, 106
Trd, 4319296.493, 103
Trd, 4319297.343, 93
Trd, 4319299.193, 95
Trd, 4319300.643, 104
Trd, 4319302.043, 95
Trd, 4319303.393, 97
Trd, 4319305.043, 98
Trd, 4319306.493, 98
Trd, 4319306.843, 104
Trd, 4319307.993, 97
Trd, 4319309.343, 87
Trd, 4319311.843, 99
Trd, 4319312.593, 99
Trd, 4319314.743, 99
Trd, 4319315.343, 100
Trd, 4319315.843, 94
Trd, 4319316.593, 95
Trd, 4319318.043, 104
Trd, 4319319.043, 95
Trd, 4319319.143, 115
Trd, 4319321.693, 99
Trd, 4319323.143, 97
Trd, 4319324.693, 99
Trd, 4319327.193, 99
Trd, 4319328.743, 99
Trd, 4319329.093, 99
Trd, 4319330.793, 104
Trd, 4319331.843, 104
Trd, 4319333.543, 103
Trd, 4319335.443, 102
Trd, 4319336.693, 102
Trd, 4319337.943, 104
Trd, 4319338.293, 100
Trd, 4319338.943, 95
Trd, 4319342.043, 102
Trd, 4319342.643, 102
Trd, 4319343.393, 106
Trd, 4319344.093, 106
Trd, 4319345.093, 104
Trd, 4319346.143, 104
Trd, 4319346.543, 103
Trd, 4319346.893, 102
Trd, 4319347.893, 100
Trd, 4319350.993, 104
Trd, 4319351.793, 105
Trd, 4319352.443, 104
Trd, 4319353.743, 103
Trd, 4319354.793, 102
Trd, 4319357.343, 105
Trd, 4319358.343, 105
Trd, 4319358.843, 105
Trd, 4319360.843, 106
Trd, 4319361.143, 105
Trd, 4319364.043, 106
Trd, 4319366.393, 100
Trd, 4319367.343, 95
Trd, 4319371.143, 105
Trd, 4319371.443, 105
Trd, 4319371.843, 102
Trd, 4319373.093, 104
Trd, 4319373.243, 113
Trd, 4319374.193, 102
Trd, 4319376.793, 105
Trd, 4319378.043, 103
Trd, 4319378.143, 101
Trd, 4319381.593, 105
Trd, 4319382.543, 102
Trd, 4319384.143, 102
Trd, 4319386.593, 105
Trd, 4319386.793, 103
Trd, 4319388.143, 95
Trd, 4319388.843, 103
Trd, 4319391.393, 103
Trd, 4319391.443, 103
Trd, 4319391.543, 104
Trd, 4319393.493, 102
Trd, 4319397.893, 103
Trd, 4319398.393, 102
Trd, 4319398.543, 103
Trd, 4319398.893, 95
Trd, 4319399.993, 105
Trd, 4319401.743, 102
Trd, 4319402.043, 88
Trd, 4319405.343, 98
Trd, 4319406.293, 101
Trd, 4319406.393, 104
Trd, 4319409.193, 102
Trd, 4319410.543, 102
Trd, 4319411.243, 102
Trd, 4319413.393, 103
Trd, 4319413.943, 101
Trd, 4319414.543, 104
Trd, 4319416.793, 109
Trd, 4319418.693, 112
Trd, 4319418.743, 108
Trd, 4319419.493, 109
Trd, 4319421.893, 90
Trd, 4319422.843, 104
Trd, 4319423.493, 113
Trd, 4319424.393, 108
Trd, 4319424.893, 109
Trd, 4319427.043, 110
Trd, 4319427.243, 112
Trd, 4319428.893, 113
Trd, 4319429.393, 104
Trd, 4319432.243, 113
Trd, 4319433.343, 115
Trd, 4319433.493, 113
Trd, 4319437.093, 103
Trd, 4319439.493, 98
Trd, 4319439.693, 104
Trd, 4319439.993, 106
Trd, 4319440.093, 114
Trd, 4319441.143, 96
Trd, 4319443.743, 76
Trd, 4319445.243, 99
Trd, 4319445.693, 98
Trd, 4319448.143, 99
Trd, 4319449.293, 104
Trd, 4319449.743, 103
Trd, 4319450.593, 100
Trd, 4319451.343, 100
Trd, 4319452.193, 104
Trd, 4319452.943, 81
Trd, 4319456.343, 113
Trd, 4319457.243, 122
Trd, 4319457.743, 121
Trd, 4319457.893, 81
Trd, 4319461.843, 103
Trd, 4319462.793, 96
Trd, 4319463.443, 102
Trd, 4319464.893, 101
Trd, 4319465.943, 105
Trd, 4319467.243, 103
Trd, 4319469.643, 102
Trd, 4319470.193, 99
Trd, 4319471.293, 102
Trd, 4319471.943, 103
Trd, 4319473.643, 104
Trd, 4319474.493, 101
Trd, 4319478.743, 102
Trd, 4319479.143, 103
Trd, 4319479.843, 101
Trd, 4319479.943, 103
Trd, 4319481.043, 114
Trd, 4319482.993, 95
Trd, 4319484.743, 101
Trd, 4319485.043, 104
Trd, 4319486.943, 81
Trd, 4319489.243, 101
Trd, 4319490.393, 104
Trd, 4319491.743, 104
Trd, 4319493.143, 103
Trd, 4319493.343, 102
Trd, 4319494.543, 104
Trd, 4319496.893, 105
Trd, 4319500.093, 105
Trd, 4319500.393, 106
Trd, 4319502.393, 106
Trd, 4319502.893, 102
Trd, 4319503.693, 106
Trd, 4319504.543, 98
Trd, 4319507.293, 106
Trd, 4319508.093, 97
Trd, 4319509.893, 105
Trd, 4319510.943, 107
Trd, 4319511.743, 106
Trd, 4319512.143, 99
Trd, 4319514.793, 104
Trd, 4319515.043, 104
Trd, 4319518.593, 104
Trd, 4319519.393, 104
Trd, 4319520.393, 105
Trd, 4319521.293, 104
Trd, 4319522.593, 106
Trd, 4319523.193, 104
Trd, 4319523.293, 80
Trd, 4319525.043, 105
Trd, 4319526.743, 99
Trd, 4319528.593, 103
Trd, 4319528.843, 104
Trd, 4319530.043, 113
Trd, 4319531.693, 101
Trd, 4319533.093, 80
Trd, 4319535.243, 96
Trd, 4319535.493, 100
Trd, 4319535.543, 96
Trd, 4319537.243, 96
Trd, 4319538.143, 104
Trd, 4319540.393, 114
Trd, 4319540.943, 112
Trd, 4319541.993, 106
Trd, 4319543.393, 104
Trd, 4319543.693, 112
Trd, 4319544.793, 95
Trd, 4319545.343, 107
Trd, 4319547.993, 103
Trd, 4319548.943, 105
Trd, 4319550.943, 106
Trd, 4319551.193, 100
Trd, 4319551.943, 97
Trd, 4319555.193, 106
Trd, 4319555.343, 84
Trd, 4319555.643, 115
Trd, 4319557.593, 98
Trd, 4319557.693, 99
Trd, 4319559.193, 91
Trd, 4319561.293, 113
Trd, 4319562.693, 104
Trd, 4319563.893, 99
Trd, 4319565.793, 103
Trd, 4319566.543, 104
Trd, 4319567.393, 104
Trd, 4319567.443, 104
Trd, 4319567.643, 104
Trd, 4319570.243, 98
Trd, 4319570.293, 104
Trd, 4319572.193, 104
Trd, 4319572.393, 105
Trd, 4319574.993, 106
Trd, 4319575.743, 113
Trd, 4319579.493, 106
Trd, 4319581.843, 98
Trd, 4319582.443, 91
Trd, 4319582.793, 99
Trd, 4319583.043, 107
Trd, 4319583.993, 91
Trd, 4319584.043, 99
Trd, 4319587.343, 97
Trd, 4319589.143, 96
Trd, 4319589.693, 100
Trd, 4319594.143, 99
Trd, 4319595.843, 99
Trd, 4319596.443, 98
Trd, 4319596.593, 99
Trd, 4319597.343, 97
Trd, 4319598.793, 97
Trd, 4319600.793, 99
Trd, 4319602.593, 96
Trd, 4319605.693, 90
Trd, 4319606.693, 94
Trd, 4319610.643, 104
Trd, 4319610.893, 97
Trd, 4319611.543, 96
Trd, 4319612.943, 113
Trd, 4319613.493, 104
Trd, 4319614.793, 106
Trd, 4319616.343, 89
Trd, 4319617.043, 113
Trd, 4319619.293, 104
Trd, 4319621.693, 98
Trd, 4319623.993, 100
Trd, 4319625.643, 102
Trd, 4319627.243, 102
Trd, 4319628.693, 102
Trd, 4319629.493, 104
Trd, 4319630.043, 113
Trd, 4319630.443, 103
Trd, 4319634.043, 107
Trd, 4319634.093, 106
Trd, 4319637.893, 102
Trd, 4319638.593, 106
Trd, 4319639.093, 106
Trd, 4319640.693, 113
Trd, 4319642.293, 108
Trd, 4319643.393, 107
Trd, 4319643.643, 109
Trd, 4319645.743, 106
Trd, 4319645.943, 108
Trd, 4319647.243, 108
Trd, 4319650.393, 108
Trd, 4319651.543, 104
Trd, 4319653.093, 111
Trd, 4319654.193, 109
Trd, 4319655.993, 108
Trd, 4319657.693, 108
Trd, 4319657.743, 104
Trd, 4319658.393, 112
Trd, 4319663.193, 103
Trd, 4319664.293, 105
Trd, 4319664.693, 104
Trd, 4319665.993, 102
Trd, 4319666.293, 102
Trd, 4319667.793, 105
Trd, 4319669.743, 113
Trd, 4319670.643, 104
Trd, 4319671.343, 107
Trd, 4319672.343, 95
Trd, 4319673.093, 105
Trd, 4319675.143, 103
Trd, 4319676.543, 92
Trd, 4319676.943, 102
Trd, 4319679.443, 100
Trd, 4319681.093, 101
Trd, 4319681.243, 102
Trd, 4319683.693, 101
Trd, 4319685.093, 102
Trd, 4319685.343, 104
Trd, 4319686.343, 102
Trd, 4319686.393, 100
Trd, 4319688.993, 102
Trd, 4319692.643, 111
Trd, 4319693.743, 107
Trd, 4319694.043, 104
Trd, 4319694.443, 104
Trd, 4319695.843, 105
Trd, 4319698.643, 113
Trd, 4319699.143, 106
Trd, 4319699.543, 104
Trd, 4319701.393, 100
Trd, 4319702.043, 99
Trd, 4319703.793, 101
Trd, 4319705.793, 101
Trd, 4319706.543, 99
Trd, 4319709.393, 101
Trd, 4319709.943, 101
Trd, 4319711.143, 104
Trd, 4319711.493, 100
Trd, 4319714.243, 101
Trd, 4319715.943, 101
Trd, 4319716.443, 100
Trd, 4319719.293, 105
Trd, 4319720.943, 98
Trd, 4319721.493, 101
Trd, 4319722.293, 89
Trd, 4319725.043, 101
Trd, 4319727.693, 99
Trd, 4319727.843, 98
Trd, 4319728.193, 101
Trd, 4319729.893, 101
Trd, 4319732.893, 101
Trd, 4319733.343, 100
Trd, 4319734.393, 104
Trd, 4319735.843, 96
Trd, 4319737.743, 98
Trd, 4319739.343, 92
Trd, 4319743.693, 98
Trd, 4319745.043, 98
Trd, 4319745.743, 95
Trd, 4319748.393, 97
Trd, 4319748.443, 98
Trd, 4319750.143, 98
Trd, 4319751.243, 98
Trd, 4319751.393, 95
Trd, 4319751.793, 104
Trd, 4319754.643, 99
Trd, 4319756.593, 99
Trd, 4319757.843, 100
Trd, 4319758.493, 99
Trd, 4319761.243, 96
Trd, 4319763.143, 105
Trd, 4319764.093, 100
Trd, 4319765.293, 100
Trd, 4319766.393, 100
Trd, 4319767.243, 100
Trd, 4319767.343, 99
Trd, 4319768.993, 87
Trd, 4319770.793, 100
Trd, 4319774.193, 100
Trd, 4319775.193, 99
Trd, 4319776.043, 96
Trd, 4319778.393, 110
Trd, 4319778.793, 105
Trd, 4319780.443, 106
Trd, 4319783.343, 95
Trd, 4319785.843, 102
Trd, 4319787.993, 100
Trd, 4319788.493, 102
Trd, 4319788.693, 104
Trd, 4319789.043, 101
Trd, 4319792.193, 100
Trd, 4319793.543, 103
Trd, 4319795.093, 99
Trd, 4319795.843, 100
Trd, 4319796.643, 96
Trd, 4319800.643, 99
Trd, 4319800.993, 100
Trd, 4319801.243, 100
Trd, 4319802.293, 101
Trd, 4319805.093, 104
Trd, 4319805.793, 111
Trd, 4319806.093, 104
Trd, 4319806.393, 105
Trd, 4319807.593, 86
Trd, 4319809.943, 113
Trd, 4319813.743, 103
Trd, 4319814.293, 104
Trd, 4319814.793, 104
Trd, 4319815.143, 102
Trd, 4319816.943, 99
Trd, 4319816.993, 95
Trd, 4319818.443, 102
Trd, 4319822.343, 92
Trd, 4319822.943, 102
Trd, 4319823.743, 102
Trd, 4319828.393, 102
Trd, 4319828.793, 99
Trd, 4319830.893, 98
Trd, 4319832.043, 98
Trd, 4319833.793, 97
Trd, 4319835.793, 98
Trd, 4319837.343, 98
Trd, 4319837.893, 102
Trd, 4319839.543, 102
Trd, 4319840.443, 102
Trd, 4319840.893, 104
Trd, 4319841.293, 85
Trd, 4319843.393, 91
Trd, 4319843.493, 104
Trd, 4319846.293, 114
Trd, 4319847.243, 111
Trd, 4319847.793, 105
Trd, 4319848.443, 95
Trd, 4319848.943, 105
Trd, 4319851.593, 111
Trd, 4319852.943, 109
Trd, 4319854.793, 106
Trd, 4319854.943, 110
Trd, 4319855.443, 104
Trd, 4319855.743, 109
Trd, 4319860.393, 107
Trd, 4319860.643, 113
Trd, 4319860.893, 106
Trd, 4319863.143, 107
Trd, 4319866.143, 108
Trd, 4319867.343, 104
Trd, 4319868.243, 108
Trd, 4319870.893, 104
Trd, 4319871.443, 107
Trd, 4319873.443, 106
Trd, 4319873.643, 103
Trd, 4319877.143, 106
Trd, 4319877.693, 104
Trd, 4319878.093, 106
Trd, 4319879.093, 105
Trd, 4319880.093, 104
Trd, 4319882.343, 115
Trd, 4319882.493, 112
Trd, 4319883.293, 113
Trd, 4319885.843, 113
Trd, 4319886.593, 113
Trd, 4319886.993, 112
Trd, 4319887.993, 104
Trd, 4319891.293, 107
Trd, 4319892.243, 108
Trd, 4319894.493, 106
Trd, 4319895.643, 108
Trd, 4319898.743, 108
Trd, 4319899.493, 105
Trd, 4319900.493, 108
Trd, 4319902.893, 96
Trd, 4319904.743, 101
Trd, 4319907.193, 105
Trd, 4319907.993, 104
Trd, 4319908.143, 107
Trd, 4319908.743, 113
Trd, 4319910.243, 108
Trd, 4319911.093, 104
Trd, 4319912.543, 106
Trd, 4319914.893, 107
Trd, 4319915.343, 107
Trd, 4319916.343, 95
Trd, 4319921.293, 104
Trd, 4319923.093, 104
Trd, 4319923.193, 105
Trd, 4319925.243, 105
Trd, 4319926.393, 104
Trd, 4319928.193, 104
Trd, 4319928.943, 105
Trd, 4319930.843, 105
Trd, 4319930.993, 104
Trd, 4319932.393, 103
Trd, 4319932.893, 102
Trd, 4319934.043, 95
Trd, 4319935.743, 104
Trd, 4319938.293, 104
Trd, 4319940.243, 104
Trd, 4319941.443, 102
Trd, 4319941.543, 101
Trd, 4319944.293, 104
Trd, 4319945.093, 104
Trd, 4319946.643, 104
Trd, 4319947.143, 103
Trd, 4319948.243, 103
Trd, 4319949.093, 104
Trd, 4319949.893, 101
Trd, 4319950.793, 95
Trd, 4319953.043, 103
Trd, 4319954.443, 101
Trd, 4319954.793, 99
Trd, 4319956.293, 101
Trd, 4319957.393, 101
Trd, 4319959.693, 98
Trd, 4319959.743, 104
Trd, 4319960.793, 99
Trd, 4319962.143, 98
Trd, 4319962.793, 101
Trd, 4319966.093, 101
Trd, 4319966.443, 104
Trd, 4319968.193, 101
Trd, 4319969.693, 108
Trd, 4319972.193, 95
Trd, 4319973.243, 100
Trd, 4319974.293, 101
Trd, 4319975.843, 101
Trd, 4319976.543, 101
Trd, 4319976.593, 100
Trd, 4319979.993, 101
Trd, 4319980.643, 101
Trd, 4319981.943, 104
Trd, 4319982.443, 104
Trd, 4319983.643, 105
Trd, 4319985.693, 96
Trd, 4319986.443, 105
Trd, 4319987.193, 116
Trd, 4319989.293, 101
Trd, 4319991.343, 100
Trd, 4319993.243, 104
Trd, 4319993.643, 104
Trd, 4319995.243, 105
Trd, 4319995.643, 104
Trd, 4319997.793, 101
Trd, 4319999.193, 97
