Trd, 4317874.343, 99
Trd, 4317876.793, 97
Trd, 4317877.943, 96
Trd, 4317878.893, 95
Trd, 4317879.593, 104
Trd, 4317880.493, 97
Trd, 4317882.193, 94
Trd, 4317882.443, 97
Trd, 4317883.343, 96
Trd, 4317883.393, 95
Trd, 4317886.543, 93
Trd, 4317887.443, 94
Trd, 4317888.943, 92
Trd, 4317889.493, 94
Trd, 4317890.443, 90
Trd, 4317893.343, 89
Trd, 4317893.393, 91
Trd, 4317895.193, 90
Trd, 4317895.243, 90
Trd, 4317895.693, 104
Trd, 4317896.693, 97
Trd, 4317897.193, 104
Trd, 4317899.693, 89
Trd, 4317901.593, 103
Trd, 4317902.243, 104
Trd, 4317903.393, 102
Trd, 4317905.443, 101
Trd, 4317906.443, 100
Trd, 4317907.143, 101
Trd, 4317907.643, 98
Trd, 4317910.843, 97
Trd, 4317910.993, 100
Trd, 4317911.243, 100
Trd, 4317911.893, 99
Trd, 4317915.043, 96
Trd, 4317915.193, 97
Trd, 4317917.293, 96
Trd, 4317917.693, 97
Trd, 4317918.793, 97
Trd, 4317919.143, 94
Trd, 4317921.693, 93
Trd, 4317922.143, 97
Trd, 4317924.743, 93
Trd, 4317925.043, 92
Trd, 4317926.443, 94
Trd, 4317928.893, 92
Trd, 4317931.443, 91
Trd, 4317931.593, 93
Trd, 4317933.843, 94
Trd, 4317934.493, 90
Trd, 4317936.643, 95
Trd, 4317938.493, 89
Trd, 4317939.643, 93
Trd, 4317941.643, 91
Trd, 4317942.543, 89
Trd, 4317943.043, 89
Trd, 4317944.893, 89
Trd, 4317948.243, 89
Trd, 4317948.593, 88
Trd, 4317949.993, 94
Trd, 4317952.593, 87
Trd, 4317954.093, 88
Trd, 4317954.143, 90
Trd, 4317956.593, 94
Trd, 4317958.593, 94
Trd, 4317961.143, 87
Trd, 4317964.143, 88
Trd, 4317964.343, 89
Trd, 4317965.343, 87
Trd, 4317965.943, 95
Trd, 4317966.593, 86
Trd, 4317967.543, 90
Trd, 4317968.943, 95
Trd, 4317970.893, 97
Trd, 4317973.443, 97
Trd, 4317973.693, 98
Trd, 4317974.793, 98
Trd, 4317975.793, 101
Trd, 4317977.493, 96
Trd, 4317979.043, 96
Trd, 4317979.593, 94
Trd, 4317980.043, 94
Trd, 4317981.293, 93
Trd, 4317981.343, 93
Trd, 4317983.093, 85
Trd, 4317984.293, 89
Trd, 4317986.043, 90
Trd, 4317988.593, 89
Trd, 4317989.393, 89
Trd, 4317989.693, 96
Trd, 4317990.393, 104
Trd, 4317991.393, 97
Trd, 4317994.993, 99
Trd, 4317995.243, 97
Trd, 4317996.743, 97
Trd, 4317997.543, 95
Trd, 4317998.393, 94
Trd, 4318000.243, 94
Trd, 4318001.393, 95
Trd, 4318004.543, 93
Trd, 4318004.993, 95
Trd, 4318005.993, 92
Trd, 4318006.093, 94
Trd, 4318009.943, 91
Trd, 4318010.043, 94
Trd, 4318011.443, 93
Trd, 4318012.843, 91
Trd, 4318013.143, 91
Trd, 4318013.893, 91
Trd, 4318015.043, 103
Trd, 4318016.693, 99
Trd, 4318017.443, 102
Trd, 4318018.743, 99
Trd, 4318019.793, 97
Trd, 4318021.193, 95
Trd, 4318022.043, 96
Trd, 4318022.393, 98
Trd, 4318022.793, 104
Trd, 4318026.193, 94
Trd, 4318026.443, 98
Trd, 4318026.993, 94
Trd, 4318028.893, 93
Trd, 4318029.993, 95
Trd, 4318030.193, 94
Trd, 4318031.243, 94
Trd, 4318034.993, 93
Trd, 4318035.093, 93
Trd, 4318035.293, 94
Trd, 4318035.643, 93
Trd, 4318037.093, 94
Trd, 4318038.993, 92
Trd, 4318039.393, 95
Trd, 4318039.793, 111
Trd, 4318041.243, 106
Trd, 4318042.443, 110
Trd, 4318043.043, 106
Trd, 4318043.193, 101
Trd, 4318045.393, 106
Trd, 4318047.693, 104
Trd, 4318048.743, 102
Trd, 4318049.743, 102
Trd, 4318052.043, 96
Trd, 4318052.343, 94
Trd, 4318052.593, 95
Trd, 4318053.793, 95
Trd, 4318053.943, 96
Trd, 4318057.043, 94
Trd, 4318057.543, 95
Trd, 4318057.993, 95
Trd, 4318062.093, 95
Trd, 4318062.593, 94
Trd, 4318062.643, 93
Trd, 4318062.893, 92
Trd, 4318063.793, 95
Trd, 4318065.643, 94
Trd, 4318065.943, 94
Trd, 4318067.643, 92
Trd, 4318069.393, 91
Trd, 4318070.993, 95
Trd, 4318073.693, 94
Trd, 4318074.543, 91
Trd, 4318075.943, 91
Trd, 4318078.493, 91
Trd, 4318079.493, 92
Trd, 4318079.893, 90
Trd, 4318081.843, 91
Trd, 4318081.993, 90
Trd, 4318083.193, 92
Trd, 4318084.893, 100
Trd, 4318087.443, 91
Trd, 4318087.693, 93
Trd, 4318090.293, 94
Trd, 4318091.593, 90
Trd, 4318092.293, 93
Trd, 4318094.493, 89
Trd, 4318094.993, 90
Trd, 4318096.593, 90
Trd, 4318098.893, 88
Trd, 4318100.693, 88
Trd, 4318100.743, 88
Trd, 4318102.043, 87
Trd, 4318102.243, 89
Trd, 4318103.743, 92
Trd, 4318104.043, 95
Trd, 4318107.243, 86
Trd, 4318109.993, 85
Trd, 4318111.243, 85
Trd, 4318112.343, 85
Trd, 4318114.143, 85
Trd, 4318114.643, 84
Trd, 4318116.243, 85
Trd, 4318117.443, 95
Trd, 4318117.943, 83
Trd, 4318118.243, 104
Trd, 4318119.243, 89
Trd, 4318119.493, 93
Trd, 4318123.793, 104
Trd, 4318125.143, 99
Trd, 4318126.643, 97
Trd, 4318127.293, 97
Trd, 4318127.393, 97
Trd, 4318130.693, 104
Trd, 4318130.793, 103
Trd, 4318130.943, 108
Trd, 4318133.343, 104
Trd, 4318133.693, 103
Trd, 4318133.743, 103
Trd, 4318135.093, 103
Trd, 4318136.543, 103
Trd, 4318137.343, 113
Trd, 4318139.793, 107
Trd, 4318141.293, 113
Trd, 4318143.543, 111
Trd, 4318144.643, 110
Trd, 4318145.843, 109
Trd, 4318145.893, 108
Trd, 4318147.543, 107
Trd, 4318147.793, 104
Trd, 4318150.043, 98
Trd, 4318152.293, 99
Trd, 4318152.543, 99
Trd, 4318153.293, 97
Trd, 4318153.893, 98
Trd, 4318154.693, 97
Trd, 4318155.143, 98
Trd, 4318159.143, 96
Trd, 4318160.143, 98
Trd, 4318161.793, 99
Trd, 4318162.293, 97
Trd, 4318164.143, 95
Trd, 4318165.043, 96
Trd, 4318165.093, 95
Trd, 4318166.193, 97
Trd, 4318169.543, 94
Trd, 4318170.243, 94
Trd, 4318170.443, 95
Trd, 4318172.693, 94
Trd, 4318173.393, 94
Trd, 4318174.293, 94
Trd, 4318174.693, 95
Trd, 4318177.093, 95
Trd, 4318179.543, 93
Trd, 4318179.893, 94
Trd, 4318180.843, 95
Trd, 4318181.393, 93
Trd, 4318182.393, 93
Trd, 4318183.893, 91
Trd, 4318184.243, 93
Trd, 4318186.043, 94
Trd, 4318187.693, 94
Trd, 4318188.343, 91
Trd, 4318191.493, 93
Trd, 4318191.993, 94
Trd, 4318193.543, 91
Trd, 4318195.243, 90
Trd, 4318196.193, 95
Trd, 4318197.643, 93
Trd, 4318198.493, 92
Trd, 4318199.393, 102
Trd, 4318201.643, 92
Trd, 4318204.343, 91
Trd, 4318204.393, 113
Trd, 4318206.243, 103
Trd, 4318207.143, 103
Trd, 4318208.143, 104
Trd, 4318209.893, 105
Trd, 4318210.093, 104
Trd, 4318212.643, 102
Trd, 4318213.193, 104
Trd, 4318214.343, 102
Trd, 4318215.393, 94
Trd, 4318216.793, 96
Trd, 4318218.093, 97
Trd, 4318219.193, 96
Trd, 4318220.643, 96
Trd, 4318221.243, 98
Trd, 4318222.493, 104
Trd, 4318222.893, 99
Trd, 4318224.193, 100
Trd, 4318225.393, 103
Trd, 4318226.893, 101
Trd, 4318229.043, 100
Trd, 4318229.593, 100
Trd, 4318229.893, 100
Trd, 4318229.943, 99
Trd, 4318231.693, 98
Trd, 4318234.593, 98
Trd, 4318235.643, 97
Trd, 4318236.793, 98
Trd, 4318236.943, 97
Trd, 4318237.493, 97
Trd, 4318238.193, 96
Trd, 4318239.843, 92
Trd, 4318240.393, 94
Trd, 4318243.943, 93
Trd, 4318245.043, 92
Trd, 4318245.243, 93
Trd, 4318246.343, 94
Trd, 4318248.493, 91
Trd, 4318248.893, 111
Trd, 4318251.193, 108
Trd, 4318251.843, 108
Trd, 4318252.443, 108
Trd, 4318253.393, 109
Trd, 4318254.893, 110
Trd, 4318255.493, 104
Trd, 4318256.143, 106
Trd, 4318257.893, 99
Trd, 4318259.043, 99
Trd, 4318259.493, 94
Trd, 4318262.143, 100
Trd, 4318263.293, 98
Trd, 4318264.393, 96
Trd, 4318264.693, 96
Trd, 4318266.043, 95
Trd, 4318267.593, 77
Trd, 4318268.043, 84
Trd, 4318269.643, 96
Trd, 4318271.293, 102
Trd, 4318273.843, 91
Trd, 4318274.693, 97
Trd, 4318275.093, 111
Trd, 4318275.743, 97
Trd, 4318279.893, 96
Trd, 4318280.143, 95
Trd, 4318280.193, 96
Trd, 4318281.093, 98
Trd, 4318283.943, 104
Trd, 4318284.543, 94
Trd, 4318285.593, 99
Trd, 4318287.343, 93
Trd, 4318289.493, 93
Trd, 4318290.843, 95
Trd, 4318292.493, 109
Trd, 4318294.493, 107
Trd, 4318294.893, 108
Trd, 4318295.443, 105
Trd, 4318296.393, 105
Trd, 4318297.293, 104
Trd, 4318298.943, 104
Trd, 4318301.093, 103
Trd, 4318302.293, 103
Trd, 4318302.893, 103
Trd, 4318303.293, 101
Trd, 4318304.943, 103
Trd, 4318305.893, 100
Trd, 4318307.793, 99
Trd, 4318311.193, 95
Trd, 4318311.693, 100
Trd, 4318311.893, 94
Trd, 4318313.193, 79
Trd, 4318314.993, 96
Trd, 4318315.443, 97
Trd, 4318316.943, 97
Trd, 4318321.343, 97
Trd, 4318322.143, 95
Trd, 4318322.693, 112
Trd, 4318323.493, 103
Trd, 4318324.743, 94
Trd, 4318325.993, 107
Trd, 4318330.043, 98
Trd, 4318330.243, 98
Trd, 4318330.593, 100
Trd, 4318332.343, 94
Trd, 4318333.343, 96
Trd, 4318334.043, 95
Trd, 4318335.893, 94
Trd, 4318336.243, 94
Trd, 4318336.693, 93
Trd, 4318337.093, 96
Trd, 4318337.693, 93
Trd, 4318337.993, 94
Trd, 4318340.293, 99
Trd, 4318343.493, 95
Trd, 4318343.843, 92
Trd, 4318345.393, 94
Trd, 4318348.493, 91
Trd, 4318349.793, 90
Trd, 4318350.693, 91
Trd, 4318351.943, 89
Trd, 4318351.993, 95
Trd, 4318355.993, 89
Trd, 4318357.193, 92
Trd, 4318358.643, 90
Trd, 4318360.743, 88
Trd, 4318361.093, 89
Trd, 4318363.493, 93
Trd, 4318368.093, 90
Trd, 4318368.693, 93
Trd, 4318369.293, 88
Trd, 4318370.693, 95
Trd, 4318371.743, 104
Trd, 4318372.243, 88
Trd, 4318375.843, 90
Trd, 4318377.243, 87
Trd, 4318377.593, 87
Trd, 4318378.393, 88
Trd, 4318378.893, 95
Trd, 4318380.493, 90
Trd, 4318382.543, 94
Trd, 4318383.393, 88
Trd, 4318385.893, 87
Trd, 4318387.193, 113
Trd, 4318389.093, 98
Trd, 4318389.343, 91
Trd, 4318393.093, 91
Trd, 4318393.493, 90
Trd, 4318394.493, 90
Trd, 4318394.693, 91
Trd, 4318396.793, 88
Trd, 4318397.343, 88
Trd, 4318397.793, 90
Trd, 4318398.893, 104
Trd, 4318399.743, 98
Trd, 4318402.193, 103
Trd, 4318403.043, 103
Trd, 4318405.543, 100
Trd, 4318405.593, 104
Trd, 4318406.643, 100
Trd, 4318407.643, 99
Trd, 4318407.943, 100
Trd, 4318408.843, 112
Trd, 4318411.293, 112
Trd, 4318412.593, 112
Trd, 4318412.643, 105
Trd, 4318415.443, 107
Trd, 4318416.393, 107
Trd, 4318416.543, 104
Trd, 4318419.493, 105
Trd, 4318419.643, 104
Trd, 4318421.443, 101
Trd, 4318421.893, 101
Trd, 4318422.943, 100
Trd, 4318423.143, 102
Trd, 4318423.693, 101
Trd, 4318424.343, 99
Trd, 4318425.543, 100
Trd, 4318428.243, 98
Trd, 4318428.293, 106
Trd, 4318431.093, 98
Trd, 4318431.893, 98
Trd, 4318432.793, 96
Trd, 4318433.343, 96
Trd, 4318434.143, 100
Trd, 4318434.693, 96
Trd, 4318436.393, 96
Trd, 4318437.343, 96
Trd, 4318437.593, 94
Trd, 4318441.443, 93
Trd, 4318441.943, 92
Trd, 4318443.893, 94
Trd, 4318445.143, 91
Trd, 4318446.293, 93
Trd, 4318447.693, 93
Trd, 4318447.893, 91
Trd, 4318449.093, 91
Trd, 4318449.743, 91
Trd, 4318452.193, 91
Trd, 4318453.043, 91
Trd, 4318453.443, 91
Trd, 4318454.043, 95
Trd, 4318455.493, 104
Trd, 4318458.143, 104
Trd, 4318459.143, 105
Trd, 4318459.243, 101
Trd, 4318459.293, 109
Trd, 4318462.193, 104
Trd, 4318463.243, 104
Trd, 4318463.443, 103
Trd, 4318464.343, 102
Trd, 4318465.543, 101
Trd, 4318465.593, 103
Trd, 4318467.743, 103
Trd, 4318469.893, 101
Trd, 4318470.543, 100
Trd, 4318470.993, 100
Trd, 4318471.993, 89
Trd, 4318472.143, 95
Trd, 4318472.693, 102
Trd, 4318475.693, 95
Trd, 4318476.793, 96
Trd, 4318477.143, 97
Trd, 4318479.343, 93
Trd, 4318481.143, 105
Trd, 4318482.693, 92
Trd, 4318484.443, 94
Trd, 4318487.243, 92
Trd, 4318488.343, 92
Trd, 4318488.443, 93
Trd, 4318489.793, 95
Trd, 4318491.443, 91
Trd, 4318492.093, 95
Trd, 4318494.643, 93
Trd, 4318495.493, 90
Trd, 4318496.343, 90
Trd, 4318499.393, 89
Trd, 4318499.743, 90
Trd, 4318500.843, 89
Trd, 4318502.043, 89
Trd, 4318502.343, 90
Trd, 4318504.393, 89
Trd, 4318505.143, 90
Trd, 4318507.693, 88
Trd, 4318508.843, 88
Trd, 4318510.293, 89
Trd, 4318511.443, 94
Trd, 4318512.043, 87
Trd, 4318512.893, 93
Trd, 4318514.743, 95
Trd, 4318517.293, 93
Trd, 4318519.243, 86
Trd, 4318521.443, 89
Trd, 4318522.393, 88
Trd, 4318524.643, 94
Trd, 4318528.093, 82
Trd, 4318531.643, 86
Trd, 4318532.493, 85
Trd, 4318533.143, 84
Trd, 4318534.893, 92
Trd, 4318536.043, 94
Trd, 4318537.493, 91
Trd, 4318539.493, 95
Trd, 4318539.543, 92
Trd, 4318543.293, 104
Trd, 4318543.793, 104
Trd, 4318545.393, 102
Trd, 4318545.493, 103
Trd, 4318545.743, 100
Trd, 4318547.093, 102
Trd, 4318547.893, 100
Trd, 4318548.193, 99
Trd, 4318552.093, 101
Trd, 4318552.693, 98
Trd, 4318552.793, 102
Trd, 4318554.893, 104
Trd, 4318556.293, 103
Trd, 4318556.593, 103
Trd, 4318556.993, 102
Trd, 4318558.593, 103
Trd, 4318559.343, 102
Trd, 4318560.193, 94
Trd, 4318561.743, 103
Trd, 4318564.493, 97
Trd, 4318565.793, 97
Trd, 4318567.343, 77
Trd, 4318567.543, 86
Trd, 4318567.593, 88
Trd, 4318567.893, 104
Trd, 4318569.443, 99
Trd, 4318571.343, 90
Trd, 4318574.193, 88
Trd, 4318574.893, 87
Trd, 4318575.793, 87
Trd, 4318577.393, 86
Trd, 4318577.593, 95
Trd, 4318579.043, 90
Trd, 4318580.443, 105
Trd, 4318582.143, 97
Trd, 4318583.243, 97
Trd, 4318583.293, 98
Trd, 4318584.593, 99
Trd, 4318586.293, 97
Trd, 4318587.193, 95
Trd, 4318588.993, 96
Trd, 4318589.343, 95
Trd, 4318591.293, 95
Trd, 4318591.993, 94
Trd, 4318594.493, 93
Trd, 4318594.743, 95
Trd, 4318594.993, 93
Trd, 4318597.193, 93
Trd, 4318599.143, 94
Trd, 4318600.793, 94
Trd, 4318602.393, 92
Trd, 4318604.043, 93
Trd, 4318604.693, 92
Trd, 4318606.093, 95
Trd, 4318607.393, 91
Trd, 4318608.843, 90
Trd, 4318608.943, 93
Trd, 4318609.193, 95
Trd, 4318609.343, 90
Trd, 4318612.793, 96
Trd, 4318613.443, 95
Trd, 4318614.793, 95
Trd, 4318615.243, 100
Trd, 4318615.543, 94
Trd, 4318618.493, 96
Trd, 4318618.843, 94
Trd, 4318620.543, 93
Trd, 4318621.143, 93
Trd, 4318621.693, 93
Trd, 4318623.693, 95
Trd, 4318626.093, 111
Trd, 4318627.643, 105
Trd, 4318629.743, 104
Trd, 4318632.593, 104
Trd, 4318633.143, 105
Trd, 4318633.993, 104
Trd, 4318635.043, 103
Trd, 4318636.793, 104
Trd, 4318637.693, 103
Trd, 4318639.343, 102
Trd, 4318641.243, 101
Trd, 4318643.243, 102
Trd, 4318643.943, 100
Trd, 4318644.693, 99
Trd, 4318645.093, 101
Trd, 4318647.043, 99
Trd, 4318648.093, 98
Trd, 4318648.293, 98
Trd, 4318652.293, 97
Trd, 4318652.493, 96
Trd, 4318653.243, 96
Trd, 4318655.343, 95
Trd, 4318656.843, 95
Trd, 4318658.193, 96
Trd, 4318658.793, 94
Trd, 4318659.193, 94
Trd, 4318659.593, 95
Trd, 4318660.043, 78
Trd, 4318662.043, 87
Trd, 4318662.293, 96
Trd, 4318666.593, 92
Trd, 4318669.143, 94
Trd, 4318670.193, 92
Trd, 4318670.243, 93
Trd, 4318671.443, 92
Trd, 4318671.593, 95
Trd, 4318673.393, 95
Trd, 4318673.993, 100
Trd, 4318676.643, 94
Trd, 4318677.143, 93
Trd, 4318677.793, 103
Trd, 4318680.343, 98
Trd, 4318682.193, 104
Trd, 4318685.043, 94
Trd, 4318685.193, 97
Trd, 4318686.893, 93
Trd, 4318686.993, 93
Trd, 4318687.093, 93
Trd, 4318688.893, 95
Trd, 4318689.543, 92
Trd, 4318691.093, 108
Trd, 4318692.093, 103
Trd, 4318692.293, 98
Trd, 4318697.093, 100
Trd, 4318697.993, 98
Trd, 4318698.643, 98
Trd, 4318699.943, 99
Trd, 4318701.593, 98
Trd, 4318702.143, 98
Trd, 4318702.493, 104
Trd, 4318704.643, 104
Trd, 4318706.593, 105
Trd, 4318706.893, 103
Trd, 4318707.893, 104
Trd, 4318709.943, 103
Trd, 4318711.993, 103
Trd, 4318713.193, 102
Trd, 4318713.543, 103
Trd, 4318715.793, 100
Trd, 4318716.693, 101
Trd, 4318716.943, 103
Trd, 4318720.443, 99
Trd, 4318721.393, 98
Trd, 4318722.293, 97
Trd, 4318724.093, 97
Trd, 4318724.543, 96
Trd, 4318724.593, 104
Trd, 4318726.543, 96
Trd, 4318727.593, 94
Trd, 4318728.593, 94
Trd, 4318729.993, 94
Trd, 4318731.043, 95
Trd, 4318732.093, 101
Trd, 4318735.243, 94
Trd, 4318735.293, 95
Trd, 4318735.743, 95
Trd, 4318736.843, 95
Trd, 4318740.043, 94
Trd, 4318740.293, 94
Trd, 4318740.993, 93
Trd, 4318741.293, 95
Trd, 4318744.343, 93
Trd, 4318746.443, 95
Trd, 4318747.243, 92
Trd, 4318747.743, 91
Trd, 4318748.043, 95
Trd, 4318749.543, 91
Trd, 4318751.093, 91
Trd, 4318752.793, 96
Trd, 4318753.643, 109
Trd, 4318756.093, 99
Trd, 4318759.043, 103
Trd, 4318759.243, 105
Trd, 4318765.493, 100
Trd, 4318765.543, 101
Trd, 4318765.593, 99
Trd, 4318766.343, 98
Trd, 4318767.193, 101
Trd, 4318768.043, 104
Trd, 4318768.643, 97
Trd, 4318770.543, 103
Trd, 4318771.593, 102
Trd, 4318772.843, 81
Trd, 4318773.193, 83
Trd, 4318774.043, 91
Trd, 4318776.193, 112
Trd, 4318778.093, 102
Trd, 4318778.293, 112
Trd, 4318778.343, 99
Trd, 4318780.443, 94
Trd, 4318781.843, 95
Trd, 4318783.843, 90
Trd, 4318784.293, 90
Trd, 4318784.893, 91
Trd, 4318787.693, 78
Trd, 4318787.993, 84
Trd, 4318788.043, 95
Trd, 4318790.543, 92
Trd, 4318791.543, 89
Trd, 4318793.093, 90
Trd, 4318794.643, 95
Trd, 4318796.543, 91
Trd, 4318797.093, 89
Trd, 4318798.343, 90
Trd, 4318799.293, 89
Trd, 4318799.993, 89
Trd, 4318800.793, 88
Trd, 4318800.843, 89
Trd, 4318805.143, 87
Trd, 4318805.843, 87
Trd, 4318805.893, 88
Trd, 4318807.143, 94
Trd, 4318807.493, 86
Trd, 4318810.343, 92
Trd, 4318811.593, 104
Trd, 4318813.393, 95
Trd, 4318813.843, 85
Trd, 4318817.093, 92
Trd, 4318818.393, 84
Trd, 4318819.093, 93
Trd, 4318821.143, 90
Trd, 4318825.393, 86
Trd, 4318825.793, 88
Trd, 4318827.543, 87
Trd, 4318828.443, 86
Trd, 4318831.143, 86
Trd, 4318832.543, 86
Trd, 4318832.693, 85
Trd, 4318834.293, 95
Trd, 4318834.693, 84
Trd, 4318836.243, 83
Trd, 4318838.693, 88
Trd, 4318840.293, 101
Trd, 4318840.643, 97
Trd, 4318842.843, 96
Trd, 4318844.243, 95
Trd, 4318844.593, 97
Trd, 4318846.093, 94
Trd, 4318847.593, 96
Trd, 4318848.293, 92
Trd, 4318849.943, 93
Trd, 4318850.243, 94
Trd, 4318852.343, 92
Trd, 4318852.393, 92
Trd, 4318854.993, 94
Trd, 4318855.843, 93
Trd, 4318857.643, 92
Trd, 4318858.393, 92
Trd, 4318858.843, 95
Trd, 4318861.743, 91
Trd, 4318862.593, 94
Trd, 4318865.493, 94
Trd, 4318866.293, 91
Trd, 4318869.193, 90
Trd, 4318869.493, 90
Trd, 4318871.543, 90
Trd, 4318872.143, 89
Trd, 4318872.193, 95
Trd, 4318874.093, 103
Trd, 4318874.343, 112
Trd, 4318876.593, 101
Trd, 4318877.943, 103
Trd, 4318879.493, 101
Trd, 4318880.143, 98
Trd, 4318882.743, 99
Trd, 4318882.893, 97
Trd, 4318883.943, 98
Trd, 4318884.143, 97
Trd, 4318886.193, 97
Trd, 4318886.543, 96
Trd, 4318887.393, 97
Trd, 4318888.243, 95
Trd, 4318890.343, 97
Trd, 4318890.943, 98
Trd, 4318893.443, 96
Trd, 4318893.793, 95
Trd, 4318893.943, 97
Trd, 4318895.993, 97
Trd, 4318896.743, 95
Trd, 4318897.543, 95
Trd, 4318898.543, 79
Trd, 4318899.693, 103
Trd, 4318900.793, 98
Trd, 4318902.193, 111
Trd, 4318903.993, 104
Trd, 4318905.343, 104
Trd, 4318906.343, 104
Trd, 4318906.543, 104
Trd, 4318907.393, 94
Trd, 4318909.293, 101
Trd, 4318912.143, 99
Trd, 4318912.493, 99
Trd, 4318912.743, 100
Trd, 4318916.143, 96
Trd, 4318916.193, 99
Trd, 4318916.543, 100
Trd, 4318918.343, 97
Trd, 4318919.793, 95
Trd, 4318921.093, 94
Trd, 4318923.193, 90
Trd, 4318923.543, 89
Trd, 4318924.343, 95
Trd, 4318925.843, 102
Trd, 4318927.043, 92
Trd, 4318927.093, 101
Trd, 4318929.843, 93
Trd, 4318931.193, 94
Trd, 4318932.793, 93
Trd, 4318934.943, 92
Trd, 4318935.243, 93
Trd, 4318935.743, 95
Trd, 4318936.793, 93
Trd, 4318937.443, 92
Trd, 4318939.893, 91
Trd, 4318940.393, 91
Trd, 4318942.493, 93
Trd, 4318944.393, 94
Trd, 4318944.493, 91
Trd, 4318946.143, 94
Trd, 4318946.693, 94
Trd, 4318950.093, 103
Trd, 4318950.893, 91
Trd, 4318954.193, 90
Trd, 4318954.243, 94
Trd, 4318955.943, 90
Trd, 4318957.693, 90
Trd, 4318959.593, 89
Trd, 4318960.593, 88
Trd, 4318961.193, 89
Trd, 4318961.393, 95
Trd, 4318964.143, 89
Trd, 4318965.443, 88
Trd, 4318965.593, 89
Trd, 4318965.743, 95
Trd, 4318966.793, 87
Trd, 4318969.593, 91
Trd, 4318971.893, 92
Trd, 4318972.343, 95
Trd, 4318972.893, 94
Trd, 4318974.593, 86
Trd, 4318977.593, 91
Trd, 4318978.143, 85
Trd, 4318978.943, 92
Trd, 4318982.193, 88
Trd, 4318983.393, 88
Trd, 4318984.043, 84
Trd, 4318989.793, 84
Trd, 4318990.393, 83
Trd, 4318990.693, 84
Trd, 4318992.193, 83
Trd, 4318996.543, 82
Trd, 4318996.793, 83
Trd, 4318997.593, 81
Trd, 4318998.243, 86
Trd, 4318999.193, 95
Trd, 4318999.593, 101
Trd, 4319002.943, 93
Trd, 4319003.193, 90
Trd, 4319005.493, 90
Trd, 4319006.543, 89
Trd, 4319007.593, 95
Trd, 4319009.843, 89
Trd, 4319010.293, 90
Trd, 4319010.693, 88
Trd, 4319013.643, 90
Trd, 4319014.493, 92
Trd, 4319015.243, 87
Trd, 4319017.293, 95
Trd, 4319021.593, 92
Trd, 4319021.993, 90
Trd, 4319022.543, 94
Trd, 4319026.693, 91
Trd, 4319028.043, 93
Trd, 4319028.543, 92
Trd, 4319030.693, 89
Trd, 4319031.343, 94
Trd, 4319032.543, 90
Trd, 4319032.843, 94
Trd, 4319034.893, 89
Trd, 4319036.193, 89
Trd, 4319036.643, 89
Trd, 4319037.193, 95
Trd, 4319038.393, 103
Trd, 4319041.093, 88
Trd, 4319043.093, 91
Trd, 4319045.043, 91
Trd, 4319046.893, 93
Trd, 4319047.093, 91
Trd, 4319048.793, 92
Trd, 4319049.893, 91
Trd, 4319052.043, 90
Trd, 4319054.943, 88
Trd, 4319055.743, 90
Trd, 4319055.793, 91
Trd, 4319058.843, 88
Trd, 4319059.843, 89
Trd, 4319061.193, 89
Trd, 4319061.943, 87
Trd, 4319062.243, 88
Trd, 4319066.743, 86
Trd, 4319067.443, 88
Trd, 4319068.493, 94
Trd, 4319072.243, 90
Trd, 4319072.743, 89
Trd, 4319073.993, 87
Trd, 4319074.893, 87
Trd, 4319077.093, 94
Trd, 4319077.593, 85
Trd, 4319077.743, 95
Trd, 4319080.993, 104
Trd, 4319081.543, 92
Trd, 4319083.843, 100
Trd, 4319085.243, 96
Trd, 4319085.593, 97
Trd, 4319087.393, 97
Trd, 4319088.343, 95
Trd, 4319088.993, 97
Trd, 4319091.793, 95
Trd, 4319092.643, 95
Trd, 4319092.793, 96
Trd, 4319095.493, 93
Trd, 4319097.643, 95
Trd, 4319098.343, 93
Trd, 4319098.743, 92
Trd, 4319101.543, 93
Trd, 4319102.793, 92
Trd, 4319102.943, 91
Trd, 4319103.293, 93
Trd, 4319106.893, 93
Trd, 4319107.043, 90
Trd, 4319108.393, 92
Trd, 4319112.043, 91
Trd, 4319112.193, 92
Trd, 4319113.343, 89
Trd, 4319114.843, 94
Trd, 4319115.993, 88
Trd, 4319119.743, 88
Trd, 4319120.393, 89
Trd, 4319120.593, 87
Trd, 4319122.093, 100
Trd, 4319125.993, 92
Trd, 4319126.493, 90
Trd, 4319126.743, 96
Trd, 4319127.743, 97
Trd, 4319130.943, 92
Trd, 4319133.343, 91
Trd, 4319133.543, 95
Trd, 4319135.843, 90
Trd, 4319138.093, 90
Trd, 4319138.643, 91
Trd, 4319139.093, 95
Trd, 4319139.893, 88
Trd, 4319141.543, 93
Trd, 4319142.093, 94
Trd, 4319143.043, 104
Trd, 4319145.693, 106
Trd, 4319146.543, 106
Trd, 4319147.243, 108
Trd, 4319147.543, 105
Trd, 4319148.993, 105
Trd, 4319152.793, 104
Trd, 4319153.343, 104
Trd, 4319153.993, 104
Trd, 4319154.243, 103
Trd, 4319155.643, 102
Trd, 4319156.343, 101
Trd, 4319158.293, 102
Trd, 4319159.593, 101
Trd, 4319160.693, 103
Trd, 4319162.693, 98
Trd, 4319162.843, 100
Trd, 4319164.843, 98
Trd, 4319165.343, 99
Trd, 4319166.493, 98
Trd, 4319166.593, 104
Trd, 4319166.743, 94
Trd, 4319170.693, 96
Trd, 4319171.393, 96
Trd, 4319172.143, 95
Trd, 4319172.243, 94
Trd, 4319175.193, 93
Trd, 4319175.993, 93
Trd, 4319178.443, 94
Trd, 4319179.343, 92
Trd, 4319180.293, 91
Trd, 4319181.343, 91
Trd, 4319182.493, 91
Trd, 4319182.893, 90
Trd, 4319183.243, 104
Trd, 4319185.043, 101
Trd, 4319185.443, 109
Trd, 4319186.693, 94
Trd, 4319188.043, 97
Trd, 4319188.593, 98
Trd, 4319189.743, 98
Trd, 4319190.593, 96
Trd, 4319194.093, 97
Trd, 4319195.393, 104
Trd, 4319197.393, 95
Trd, 4319197.893, 100
Trd, 4319201.443, 94
Trd, 4319201.493, 94
Trd, 4319201.693, 95
Trd, 4319202.793, 95
Trd, 4319204.393, 95
Trd, 4319205.443, 94
Trd, 4319206.693, 107
Trd, 4319208.293, 103
Trd, 4319210.243, 98
Trd, 4319210.593, 97
Trd, 4319211.043, 94
Trd, 4319213.093, 94
Trd, 4319213.243, 96
Trd, 4319214.393, 113
Trd, 4319214.593, 103
Trd, 4319217.293, 102
Trd, 4319218.493, 104
Trd, 4319220.843, 102
Trd, 4319221.043, 103
Trd, 4319221.443, 104
Trd, 4319221.493, 101
Trd, 4319223.543, 93
Trd, 4319224.943, 92
Trd, 4319225.143, 92
Trd, 4319225.743, 95
Trd, 4319227.293, 91
Trd, 4319229.293, 79
Trd, 4319231.643, 89
Trd, 4319231.993, 91
Trd, 4319232.793, 87
Trd, 4319232.943, 95
Trd, 4319235.743, 87
Trd, 4319237.293, 86
Trd, 4319238.393, 87
Trd, 4319240.393, 86
Trd, 4319241.193, 86
Trd, 4319241.293, 95
Trd, 4319242.793, 113
Trd, 4319243.493, 102
Trd, 4319244.593, 100
Trd, 4319244.643, 100
Trd, 4319246.893, 99
Trd, 4319247.193, 99
Trd, 4319249.943, 109
Trd, 4319250.143, 104
Trd, 4319250.693, 104
Trd, 4319252.593, 103
Trd, 4319254.993, 103
Trd, 4319256.593, 104
Trd, 4319256.693, 103
Trd, 4319257.493, 103
Trd, 4319259.793, 102
Trd, 4319261.643, 102
Trd, 4319262.893, 101
Trd, 4319265.343, 102
Trd, 4319266.493, 100
Trd, 4319266.543, 100
Trd, 4319266.593, 101
Trd, 4319268.193, 98
Trd, 4319269.043, 98
Trd, 4319269.643, 97
Trd, 4319271.293, 98
Trd, 4319272.643, 97
Trd, 4319273.743, 96
Trd, 4319274.393, 97
Trd, 4319277.293, 95
Trd, 4319279.243, 94
Trd, 4319279.743, 94
Trd, 4319279.943, 95
Trd, 4319280.793, 95
Trd, 4319282.193, 104
Trd, 4319283.143, 94
Trd, 4319285.893, 95
Trd, 4319288.093, 94
Trd, 4319288.193, 94
Trd, 4319288.743, 93
Trd, 4319291.093, 93
Trd, 4319291.243, 94
Trd, 4319291.293, 95
Trd, 4319292.943, 102
Trd, 4319293.943, 97
Trd, 4319294.193, 104
Trd, 4319296.643, 99
Trd, 4319300.143, 105
Trd, 4319300.193, 106
Trd, 4319302.793, 104
Trd, 4319302.993, 104
Trd, 4319304.243, 104
Trd, 4319304.343, 106
Trd, 4319305.443, 104
Trd, 4319305.493, 79
Trd, 4319306.493, 104
Trd, 4319309.293, 109
Trd, 4319310.093, 104
Trd, 4319312.943, 103
Trd, 4319313.243, 104
Trd, 4319313.843, 103
Trd, 4319314.793, 101
Trd, 4319316.693, 100
Trd, 4319317.143, 101
Trd, 4319318.743, 100
Trd, 4319319.143, 103
Trd, 4319320.793, 94
Trd, 4319321.693, 97
Trd, 4319321.743, 96
Trd, 4319323.243, 112
Trd, 4319326.643, 104
Trd, 4319327.193, 104
Trd, 4319327.293, 102
Trd, 4319327.393, 102
Trd, 4319328.643, 109
Trd, 4319329.693, 103
Trd, 4319331.093, 101
Trd, 4319331.293, 102
Trd, 4319333.093, 99
Trd, 4319335.943, 95
Trd, 4319336.043, 94
Trd, 4319336.293, 96
Trd, 4319336.843, 94
Trd, 4319337.443, 96
Trd, 4319338.743, 102
Trd, 4319341.043, 97
Trd, 4319342.993, 94
Trd, 4319343.693, 96
Trd, 4319345.943, 96
Trd, 4319346.793, 94
Trd, 4319348.993, 95
Trd, 4319349.193, 93
Trd, 4319350.943, 95
Trd, 4319352.343, 94
Trd, 4319352.593, 92
Trd, 4319354.593, 95
Trd, 4319355.093, 93
Trd, 4319355.843, 94
Trd, 4319358.593, 93
Trd, 4319360.793, 95
Trd, 4319362.093, 100
Trd, 4319362.493, 99
Trd, 4319363.943, 99
Trd, 4319364.743, 98
Trd, 4319365.643, 97
Trd, 4319367.493, 97
Trd, 4319369.143, 104
Trd, 4319370.043, 104
Trd, 4319371.393, 102
Trd, 4319371.643, 102
Trd, 4319371.893, 94
Trd, 4319375.693, 103
Trd, 4319376.793, 103
Trd, 4319379.543, 101
Trd, 4319379.643, 101
Trd, 4319381.443, 103
Trd, 4319382.193, 100
Trd, 4319384.393, 99
Trd, 4319384.643, 102
Trd, 4319386.543, 99
Trd, 4319387.843, 100
Trd, 4319389.543, 98
Trd, 4319390.843, 80
Trd, 4319392.643, 97
Trd, 4319393.593, 97
Trd, 4319394.643, 93
Trd, 4319396.793, 99
Trd, 4319398.043, 104
Trd, 4319399.393, 101
Trd, 4319400.993, 102
Trd, 4319401.243, 104
Trd, 4319402.193, 103
Trd, 4319404.993, 101
Trd, 4319405.143, 102
Trd, 4319407.543, 100
Trd, 4319407.643, 102
Trd, 4319407.893, 100
Trd, 4319410.193, 99
Trd, 4319411.193, 101
Trd, 4319412.843, 98
Trd, 4319413.543, 99
Trd, 4319414.943, 94
Trd, 4319416.393, 111
Trd, 4319417.793, 104
Trd, 4319419.193, 104
Trd, 4319420.293, 103
Trd, 4319420.793, 103
Trd, 4319420.893, 101
Trd, 4319421.943, 100
Trd, 4319422.493, 102
Trd, 4319423.893, 103
Trd, 4319426.443, 95
Trd, 4319427.493, 95
Trd, 4319428.393, 100
Trd, 4319428.443, 101
Trd, 4319428.593, 94
Trd, 4319430.193, 98
Trd, 4319430.793, 95
Trd, 4319431.393, 98
Trd, 4319435.043, 95
Trd, 4319435.643, 95
Trd, 4319436.843, 96
Trd, 4319439.543, 96
Trd, 4319440.393, 95
Trd, 4319441.443, 94
Trd, 4319441.893, 104
Trd, 4319442.943, 96
Trd, 4319443.493, 94
Trd, 4319444.743, 95
Trd, 4319445.993, 94
Trd, 4319446.593, 93
Trd, 4319446.893, 95
Trd, 4319447.943, 95
Trd, 4319452.393, 100
Trd, 4319454.143, 99
Trd, 4319454.443, 100
Trd, 4319455.293, 99
Trd, 4319455.893, 100
Trd, 4319456.643, 101
Trd, 4319459.243, 98
Trd, 4319461.943, 100
Trd, 4319463.943, 98
Trd, 4319464.743, 97
Trd, 4319465.643, 96
Trd, 4319467.643, 97
Trd, 4319468.693, 95
Trd, 4319469.743, 96
Trd, 4319471.693, 104
Trd, 4319473.743, 96
Trd, 4319473.993, 98
Trd, 4319474.893, 103
Trd, 4319476.293, 100
Trd, 4319478.393, 97
Trd, 4319480.193, 99
Trd, 4319481.193, 97
Trd, 4319481.643, 98
Trd, 4319484.293, 96
Trd, 4319484.793, 98
Trd, 4319484.943, 96
Trd, 4319487.343, 97
Trd, 4319489.093, 102
Trd, 4319490.493, 99
Trd, 4319490.843, 99
Trd, 4319491.443, 98
Trd, 4319493.093, 98
Trd, 4319494.243, 97
Trd, 4319495.143, 97
Trd, 4319498.493, 97
Trd, 4319499.343, 97
Trd, 4319499.393, 96
Trd, 4319502.293, 95
Trd, 4319502.893, 94
Trd, 4319503.343, 97
Trd, 4319503.493, 98
Trd, 4319506.093, 97
Trd, 4319507.143, 95
Trd, 4319507.293, 93
Trd, 4319510.343, 97
Trd, 4319510.493, 94
Trd, 4319511.593, 102
Trd, 4319513.193, 97
Trd, 4319514.243, 96
Trd, 4319515.043, 96
Trd, 4319518.743, 99
Trd, 4319520.593, 96
Trd, 4319521.243, 95
Trd, 4319522.643, 96
Trd, 4319523.543, 94
Trd, 4319524.443, 94
Trd, 4319524.943, 93
Trd, 4319525.993, 95
Trd, 4319528.143, 90
Trd, 4319528.243, 95
Trd, 4319528.993, 92
Trd, 4319531.143, 90
Trd, 4319531.393, 95
Trd, 4319532.043, 104
Trd, 4319532.493, 112
Trd, 4319536.093, 101
Trd, 4319537.343, 103
Trd, 4319537.943, 104
Trd, 4319539.093, 102
Trd, 4319540.743, 101
Trd, 4319541.393, 94
Trd, 4319542.343, 94
Trd, 4319542.893, 95
Trd, 4319543.343, 96
Trd, 4319543.843, 96
Trd, 4319546.493, 94
Trd, 4319547.843, 93
Trd, 4319549.043, 94
Trd, 4319549.443, 93
Trd, 4319551.543, 93
Trd, 4319552.093, 93
Trd, 4319552.343, 92
Trd, 4319554.593, 93
Trd, 4319555.843, 113
Trd, 4319556.393, 99
Trd, 4319557.593, 100
Trd, 4319557.843, 96
Trd, 4319557.943, 113
Trd, 4319560.143, 97
Trd, 4319561.093, 96
Trd, 4319562.593, 94
Trd, 4319563.243, 96
Trd, 4319564.993, 96
Trd, 4319565.293, 96
Trd, 4319565.843, 94
Trd, 4319569.993, 92
Trd, 4319570.993, 92
Trd, 4319571.543, 93
Trd, 4319571.793, 92
Trd, 4319571.993, 94
Trd, 4319575.943, 92
Trd, 4319576.393, 91
Trd, 4319576.793, 94
Trd, 4319577.943, 93
Trd, 4319578.193, 91
Trd, 4319578.743, 104
Trd, 4319579.893, 98
Trd, 4319582.443, 92
Trd, 4319582.643, 93
Trd, 4319585.243, 92
Trd, 4319586.443, 92
Trd, 4319586.593, 92
Trd, 4319586.643, 93
Trd, 4319587.293, 104
Trd, 4319588.093, 111
Trd, 4319589.043, 104
Trd, 4319589.243, 112
Trd, 4319590.193, 103
Trd, 4319591.493, 103
Trd, 4319593.593, 102
Trd, 4319594.343, 102
Trd, 4319595.393, 103
Trd, 4319595.943, 101
Trd, 4319598.343, 103
Trd, 4319598.493, 102
Trd, 4319600.393, 101
Trd, 4319600.843, 102
Trd, 4319601.293, 113
Trd, 4319603.793, 100
Trd, 4319604.243, 100
Trd, 4319604.293, 103
Trd, 4319605.593, 102
Trd, 4319607.893, 94
Trd, 4319610.793, 96
Trd, 4319610.843, 97
Trd, 4319611.143, 98
Trd, 4319613.793, 96
Trd, 4319614.893, 97
Trd, 4319615.643, 95
Trd, 4319616.743, 95
Trd, 4319617.243, 96
Trd, 4319618.343, 95
Trd, 4319618.443, 94
Trd, 4319620.743, 95
Trd, 4319622.743, 95
Trd, 4319622.993, 94
Trd, 4319624.043, 97
Trd, 4319626.593, 102
Trd, 4319626.993, 100
Trd, 4319628.443, 96
Trd, 4319628.643, 94
Trd, 4319628.743, 98
Trd, 4319629.293, 82
Trd, 4319630.693, 93
Trd, 4319631.493, 112
Trd, 4319633.843, 95
Trd, 4319634.443, 93
Trd, 4319635.443, 86
Trd, 4319637.093, 95
Trd, 4319638.243, 92
Trd, 4319640.493, 96
Trd, 4319641.893, 100
Trd, 4319642.243, 104
Trd, 4319646.093, 96
Trd, 4319646.293, 97
Trd, 4319647.543, 99
Trd, 4319648.593, 95
Trd, 4319649.393, 95
Trd, 4319650.143, 95
Trd, 4319651.343, 102
Trd, 4319654.593, 102
Trd, 4319654.943, 101
Trd, 4319655.043, 101
Trd, 4319655.193, 104
Trd, 4319656.993, 98
Trd, 4319657.493, 102
Trd, 4319660.993, 98
Trd, 4319661.493, 98
Trd, 4319661.993, 99
Trd, 4319663.493, 98
Trd, 4319665.043, 97
Trd, 4319665.443, 94
Trd, 4319665.893, 97
Trd, 4319669.343, 102
Trd, 4319670.843, 93
Trd, 4319672.493, 94
Trd, 4319673.293, 95
Trd, 4319673.893, 93
Trd, 4319674.793, 95
Trd, 4319677.043, 95
Trd, 4319677.543, 92
Trd, 4319677.643, 92
Trd, 4319678.993, 92
Trd, 4319680.043, 91
Trd, 4319681.843, 104
Trd, 4319683.693, 105
Trd, 4319684.893, 103
Trd, 4319686.043, 102
Trd, 4319686.393, 104
Trd, 4319687.943, 103
Trd, 4319688.043, 102
Trd, 4319689.643, 101
Trd, 4319690.443, 94
Trd, 4319691.343, 79
Trd, 4319693.543, 93
Trd, 4319693.843, 91
Trd, 4319696.043, 93
Trd, 4319697.243, 91
Trd, 4319697.743, 90
Trd, 4319697.943, 91
Trd, 4319700.843, 94
Trd, 4319701.893, 89
Trd, 4319702.343, 95
Trd, 4319705.843, 93
Trd, 4319707.593, 92
Trd, 4319709.343, 90
Trd, 4319709.793, 90
Trd, 4319710.143, 89
Trd, 4319712.743, 89
Trd, 4319713.693, 94
Trd, 4319714.343, 88
Trd, 4319715.043, 93
Trd, 4319716.793, 89
Trd, 4319717.543, 93
Trd, 4319718.993, 95
Trd, 4319721.093, 88
Trd, 4319722.643, 94
Trd, 4319723.193, 94
Trd, 4319728.743, 89
Trd, 4319729.743, 88
Trd, 4319730.043, 88
Trd, 4319730.893, 95
Trd, 4319731.543, 87
Trd, 4319732.843, 91
Trd, 4319735.493, 89
Trd, 4319736.493, 95
Trd, 4319738.343, 98
Trd, 4319741.043, 86
Trd, 4319742.943, 86
Trd, 4319743.543, 97
Trd, 4319744.743, 91
Trd, 4319746.543, 90
Trd, 4319749.993, 92
Trd, 4319750.543, 88
Trd, 4319753.293, 88
Trd, 4319753.543, 89
Trd, 4319754.243, 90
Trd, 4319756.993, 89
Trd, 4319758.443, 88
Trd, 4319759.593, 89
Trd, 4319760.493, 89
Trd, 4319762.193, 95
Trd, 4319764.493, 91
Trd, 4319766.943, 87
Trd, 4319768.243, 88
Trd, 4319770.543, 87
Trd, 4319770.743, 86
Trd, 4319771.493, 95
Trd, 4319772.643, 85
Trd, 4319773.343, 88
Trd, 4319773.893, 89
Trd, 4319774.643, 104
Trd, 4319776.393, 112
Trd, 4319777.243, 100
Trd, 4319778.093, 100
Trd, 4319781.843, 101
Trd, 4319781.993, 97
Trd, 4319783.643, 96
Trd, 4319784.393, 95
Trd, 4319786.193, 95
Trd, 4319787.643, 94
Trd, 4319788.943, 93
Trd, 4319791.893, 92
Trd, 4319792.543, 103
Trd, 4319794.693, 92
Trd, 4319794.843, 95
Trd, 4319794.943, 95
Trd, 4319797.943, 91
Trd, 4319798.443, 92
Trd, 4319798.793, 95
Trd, 4319798.893, 91
Trd, 4319800.043, 94
Trd, 4319803.643, 92
Trd, 4319804.493, 93
Trd, 4319806.493, 94
Trd, 4319808.143, 91
Trd, 4319809.643, 92
Trd, 4319810.293, 93
Trd, 4319813.293, 94
Trd, 4319815.793, 93
Trd, 4319817.893, 93
Trd, 4319817.943, 90
Trd, 4319818.693, 89
Trd, 4319819.343, 92
Trd, 4319822.643, 88
Trd, 4319824.043, 89
Trd, 4319824.243, 94
Trd, 4319826.043, 87
Trd, 4319827.593, 87
Trd, 4319829.693, 92
Trd, 4319832.943, 86
Trd, 4319833.843, 87
Trd, 4319835.343, 87
Trd, 4319835.943, 95
Trd, 4319838.543, 92
Trd, 4319839.293, 99
Trd, 4319842.343, 95
Trd, 4319842.743, 94
Trd, 4319843.993, 103
Trd, 4319844.193, 103
Trd, 4319845.943, 100
Trd, 4319847.843, 101
Trd, 4319848.343, 102
Trd, 4319849.943, 101
Trd, 4319850.093, 101
Trd, 4319850.843, 102
Trd, 4319852.343, 94
Trd, 4319852.893, 103
Trd, 4319853.843, 98
Trd, 4319855.393, 99
Trd, 4319856.193, 98
Trd, 4319856.843, 102
Trd, 4319858.893, 100
Trd, 4319862.093, 97
Trd, 4319862.143, 99
Trd, 4319863.843, 97
Trd, 4319865.193, 99
Trd, 4319867.243, 97
Trd, 4319869.993, 99
Trd, 4319872.043, 96
Trd, 4319872.343, 97
Trd, 4319873.993, 94
Trd, 4319874.793, 92
Trd, 4319876.693, 92
Trd, 4319877.743, 103
Trd, 4319878.493, 110
Trd, 4319880.293, 112
Trd, 4319881.643, 110
Trd, 4319882.393, 107
Trd, 4319883.493, 112
Trd, 4319884.293, 107
Trd, 4319885.393, 107
Trd, 4319886.993, 107
Trd, 4319887.143, 106
Trd, 4319888.393, 105
Trd, 4319888.743, 104
Trd, 4319891.293, 104
Trd, 4319891.843, 104
Trd, 4319891.893, 103
Trd, 4319892.443, 101
Trd, 4319892.743, 101
Trd, 4319893.493, 94
Trd, 4319894.643, 95
Trd, 4319896.243, 96
Trd, 4319898.493, 94
Trd, 4319899.293, 93
Trd, 4319899.993, 95
Trd, 4319900.193, 104
Trd, 4319903.893, 98
Trd, 4319904.243, 98
Trd, 4319904.343, 94
Trd, 4319906.443, 96
Trd, 4319906.593, 94
Trd, 4319906.743, 95
Trd, 4319907.793, 99
Trd, 4319909.893, 98
Trd, 4319911.593, 95
Trd, 4319912.593, 95
Trd, 4319912.993, 97
Trd, 4319915.593, 100
Trd, 4319918.643, 94
Trd, 4319918.893, 94
Trd, 4319918.943, 95
Trd, 4319919.893, 94
Trd, 4319921.743, 95
Trd, 4319922.843, 95
Trd, 4319923.643, 93
Trd, 4319925.443, 94
Trd, 4319928.293, 92
Trd, 4319928.493, 93
Trd, 4319929.993, 92
Trd, 4319931.043, 93
Trd, 4319933.443, 91
Trd, 4319935.093, 91
Trd, 4319935.643, 93
Trd, 4319937.893, 91
Trd, 4319938.643, 90
Trd, 4319939.743, 89
Trd, 4319941.343, 90
Trd, 4319941.493, 88
Trd, 4319944.643, 95
Trd, 4319945.643, 103
Trd, 4319946.593, 95
Trd, 4319949.743, 87
Trd, 4319951.493, 91
Trd, 4319952.193, 86
Trd, 4319953.893, 88
Trd, 4319960.143, 91
Trd, 4319960.393, 90
Trd, 4319961.843, 85
Trd, 4319963.793, 96
Trd, 4319964.793, 84
Trd, 4319966.193, 93
Trd, 4319966.643, 85
Trd, 4319968.293, 98
Trd, 4319973.693, 86
Trd, 4319973.943, 84
Trd, 4319974.343, 96
Trd, 4319977.243, 83
Trd, 4319977.893, 89
Trd, 4319978.693, 104
Trd, 4319984.243, 86
Trd, 4319984.843, 82
Trd, 4319987.093, 83
Trd, 4319989.343, 81
Trd, 4319989.443, 82
Trd, 4319989.743, 81
Trd, 4319991.193, 86
Trd, 4319992.343, 81
Trd, 4319994.993, 83
Trd, 4319995.543, 86
Trd, 4319996.043, 92
Trd, 4319998.093, 82
