Trd, 4317813.443, 99
Trd, 4317814.743, 97
Trd, 4317815.493, 98
Trd, 4317818.143, 99
Trd, 4317819.593, 105
Trd, 4317821.093, 101
Trd, 4317821.593, 99
Trd, 4317824.243, 100
Trd, 4317825.543, 100
Trd, 4317826.843, 104
Trd, 4317828.043, 99
Trd, 4317828.793, 100
Trd, 4317831.643, 100
Trd, 4317832.243, 94
Trd, 4317833.343, 95
Trd, 4317837.443, 100
Trd, 4317838.343, 97
Trd, 4317841.693, 99
Trd, 4317843.443, 100
Trd, 4317843.993, 98
Trd, 4317845.543, 98
Trd, 4317846.643, 100
Trd, 4317848.993, 99
Trd, 4317849.893, 98
Trd, 4317853.793, 98
Trd, 4317855.093, 99
Trd, 4317856.293, 99
Trd, 4317857.343, 97
Trd, 4317857.443, 99
Trd, 4317864.293, 98
Trd, 4317865.143, 96
Trd, 4317865.593, 99
Trd, 4317865.993, 99
Trd, 4317867.493, 100
Trd, 4317868.293, 99
Trd, 4317870.643, 100
Trd, 4317873.693, 98
Trd, 4317874.243, 99
Trd, 4317874.843, 98
Trd, 4317878.043, 99
Trd, 4317878.443, 98
Trd, 4317878.593, 99
Trd, 4317879.293, 94
Trd, 4317881.593, 96
Trd, 4317884.043, 96
Trd, 4317884.193, 96
Trd, 4317885.293, 95
Trd, 4317888.593, 95
Trd, 4317890.593, 94
Trd, 4317890.643, 96
Trd, 4317890.793, 96
Trd, 4317893.093, 94
Trd, 4317894.643, 93
Trd, 4317896.293, 92
Trd, 4317897.043, 96
Trd, 4317897.893, 93
Trd, 4317901.643, 93
Trd, 4317903.793, 95
Trd, 4317904.943, 95
Trd, 4317906.743, 93
Trd, 4317909.243, 95
Trd, 4317909.343, 93
Trd, 4317909.993, 92
Trd, 4317911.893, 95
Trd, 4317913.193, 92
Trd, 4317915.043, 92
Trd, 4317917.043, 95
Trd, 4317920.393, 95
Trd, 4317920.543, 95
Trd, 4317922.443, 92
Trd, 4317923.193, 95
Trd, 4317923.943, 94
Trd, 4317925.693, 96
Trd, 4317927.193, 95
Trd, 4317928.593, 94
Trd, 4317928.893, 96
Trd, 4317930.443, 95
Trd, 4317931.243, 93
Trd, 4317935.343, 96
Trd, 4317936.943, 95
Trd, 4317937.193, 95
Trd, 4317937.593, 93
Trd, 4317942.543, 95
Trd, 4317943.093, 94
Trd, 4317944.943, 95
Trd, 4317945.243, 93
Trd, 4317946.143, 93
Trd, 4317948.693, 89
Trd, 4317949.243, 93
Trd, 4317950.243, 92
Trd, 4317951.343, 91
Trd, 4317951.593, 91
Trd, 4317952.643, 91
Trd, 4317955.843, 100
Trd, 4317956.393, 95
Trd, 4317957.093, 94
Trd, 4317957.543, 95
Trd, 4317958.043, 104
Trd, 4317960.443, 96
Trd, 4317963.643, 98
Trd, 4317964.493, 98
Trd, 4317964.543, 98
Trd, 4317965.843, 94
Trd, 4317966.643, 86
Trd, 4317969.643, 93
Trd, 4317970.343, 94
Trd, 4317972.093, 95
Trd, 4317973.593, 88
Trd, 4317973.943, 95
Trd, 4317974.443, 90
Trd, 4317976.793, 95
Trd, 4317977.043, 95
Trd, 4317978.193, 94
Trd, 4317980.793, 95
Trd, 4317982.093, 93
Trd, 4317983.743, 95
Trd, 4317984.693, 93
Trd, 4317986.343, 95
Trd, 4317988.693, 95
Trd, 4317988.893, 95
Trd, 4317989.293, 93
Trd, 4317990.243, 95
Trd, 4317991.093, 95
Trd, 4317991.843, 92
Trd, 4317994.043, 95
Trd, 4317994.143, 94
Trd, 4317997.293, 95
Trd, 4317999.193, 95
Trd, 4317999.493, 93
Trd, 4318000.593, 95
Trd, 4318000.743, 92
Trd, 4318004.393, 92
Trd, 4318005.343, 94
Trd, 4318006.343, 93
Trd, 4318007.143, 95
Trd, 4318008.943, 92
Trd, 4318013.943, 93
Trd, 4318014.543, 95
Trd, 4318017.393, 91
Trd, 4318020.093, 91
Trd, 4318021.243, 90
Trd, 4318022.993, 92
Trd, 4318023.543, 91
Trd, 4318024.843, 92
Trd, 4318026.243, 95
Trd, 4318028.093, 96
Trd, 4318028.193, 96
Trd, 4318029.243, 94
Trd, 4318030.143, 95
Trd, 4318032.193, 94
Trd, 4318033.143, 95
Trd, 4318035.493, 95
Trd, 4318035.843, 92
Trd, 4318036.093, 95
Trd, 4318037.493, 95
Trd, 4318037.743, 92
Trd, 4318038.793, 99
Trd, 4318040.493, 95
Trd, 4318041.843, 96
Trd, 4318042.643, 104
Trd, 4318044.043, 98
Trd, 4318044.543, 96
Trd, 4318046.243, 96
Trd, 4318047.193, 98
Trd, 4318048.693, 96
Trd, 4318049.693, 96
Trd, 4318051.243, 99
Trd, 4318052.593, 99
Trd, 4318054.343, 98
Trd, 4318054.543, 98
Trd, 4318055.343, 100
Trd, 4318055.943, 98
Trd, 4318057.093, 85
Trd, 4318059.093, 95
Trd, 4318063.393, 95
Trd, 4318064.193, 96
Trd, 4318065.143, 95
Trd, 4318066.393, 94
Trd, 4318067.693, 94
Trd, 4318068.143, 92
Trd, 4318068.793, 91
Trd, 4318070.193, 94
Trd, 4318071.943, 92
Trd, 4318072.643, 92
Trd, 4318074.893, 90
Trd, 4318076.293, 92
Trd, 4318077.643, 92
Trd, 4318077.843, 95
Trd, 4318081.793, 93
Trd, 4318083.843, 93
Trd, 4318084.693, 94
Trd, 4318086.043, 95
Trd, 4318087.093, 92
Trd, 4318091.343, 94
Trd, 4318091.393, 95
Trd, 4318092.893, 93
Trd, 4318094.443, 92
Trd, 4318095.293, 91
Trd, 4318099.743, 94
Trd, 4318102.693, 94
Trd, 4318105.043, 94
Trd, 4318105.193, 91
Trd, 4318105.443, 95
Trd, 4318107.993, 95
Trd, 4318110.793, 94
Trd, 4318114.643, 95
Trd, 4318115.593, 96
Trd, 4318116.943, 94
Trd, 4318118.793, 93
Trd, 4318120.293, 94
Trd, 4318120.343, 94
Trd, 4318121.043, 85
Trd, 4318121.593, 87
Trd, 4318123.293, 95
Trd, 4318124.243, 92
Trd, 4318125.943, 93
Trd, 4318127.793, 102
Trd, 4318129.243, 95
Trd, 4318129.693, 96
Trd, 4318130.843, 99
Trd, 4318132.043, 96
Trd, 4318134.243, 94
Trd, 4318134.493, 95
Trd, 4318136.243, 94
Trd, 4318138.043, 96
Trd, 4318139.093, 96
Trd, 4318139.593, 95
Trd, 4318141.593, 96
Trd, 4318143.643, 96
Trd, 4318144.393, 96
Trd, 4318147.693, 95
Trd, 4318147.893, 94
Trd, 4318150.493, 96
Trd, 4318151.443, 90
Trd, 4318151.793, 96
Trd, 4318151.893, 93
Trd, 4318155.293, 93
Trd, 4318156.293, 92
Trd, 4318159.243, 98
Trd, 4318159.943, 96
Trd, 4318160.193, 95
Trd, 4318162.143, 95
Trd, 4318164.293, 89
Trd, 4318165.793, 93
Trd, 4318169.243, 92
Trd, 4318171.293, 92
Trd, 4318171.793, 93
Trd, 4318173.143, 94
Trd, 4318175.393, 95
Trd, 4318176.543, 94
Trd, 4318176.593, 95
Trd, 4318180.943, 95
Trd, 4318181.143, 94
Trd, 4318183.893, 94
Trd, 4318185.043, 95
Trd, 4318186.393, 95
Trd, 4318187.893, 93
Trd, 4318189.993, 93
Trd, 4318191.693, 94
Trd, 4318192.243, 95
Trd, 4318193.343, 91
Trd, 4318193.793, 95
Trd, 4318196.693, 95
Trd, 4318199.443, 95
Trd, 4318200.293, 105
Trd, 4318200.543, 94
Trd, 4318200.843, 97
Trd, 4318203.643, 96
Trd, 4318206.143, 96
Trd, 4318209.143, 97
Trd, 4318210.443, 96
Trd, 4318210.843, 95
Trd, 4318212.593, 94
Trd, 4318213.893, 95
Trd, 4318215.793, 95
Trd, 4318215.993, 94
Trd, 4318217.593, 98
Trd, 4318219.093, 93
Trd, 4318219.893, 93
Trd, 4318221.143, 92
Trd, 4318221.993, 93
Trd, 4318224.943, 95
Trd, 4318226.243, 92
Trd, 4318227.193, 92
Trd, 4318228.193, 95
Trd, 4318228.893, 95
Trd, 4318231.343, 93
Trd, 4318232.893, 95
Trd, 4318232.943, 95
Trd, 4318235.943, 93
Trd, 4318239.593, 94
Trd, 4318240.643, 92
Trd, 4318242.343, 91
Trd, 4318245.793, 94
Trd, 4318246.543, 91
Trd, 4318248.143, 91
Trd, 4318248.643, 90
Trd, 4318249.143, 94
Trd, 4318253.093, 94
Trd, 4318253.943, 90
Trd, 4318259.043, 89
Trd, 4318261.293, 91
Trd, 4318262.343, 89
Trd, 4318266.143, 94
Trd, 4318267.193, 94
Trd, 4318268.843, 94
Trd, 4318269.993, 92
Trd, 4318273.043, 94
Trd, 4318273.793, 95
Trd, 4318276.193, 92
Trd, 4318278.993, 94
Trd, 4318281.943, 93
Trd, 4318282.943, 95
Trd, 4318283.443, 102
Trd, 4318285.543, 99
Trd, 4318286.093, 98
Trd, 4318287.943, 87
Trd, 4318288.643, 93
Trd, 4318289.693, 93
Trd, 4318290.743, 93
Trd, 4318292.543, 93
Trd, 4318293.943, 93
Trd, 4318294.493, 95
Trd, 4318295.343, 104
Trd, 4318295.993, 101
Trd, 4318297.643, 104
Trd, 4318298.543, 103
Trd, 4318299.193, 100
Trd, 4318301.043, 100
Trd, 4318304.893, 101
Trd, 4318305.543, 102
Trd, 4318305.643, 94
Trd, 4318305.893, 98
Trd, 4318306.593, 105
Trd, 4318308.243, 100
Trd, 4318309.093, 98
Trd, 4318310.593, 100
Trd, 4318314.143, 100
Trd, 4318316.643, 99
Trd, 4318316.993, 99
Trd, 4318317.343, 99
Trd, 4318318.693, 99
Trd, 4318319.793, 98
Trd, 4318321.393, 94
Trd, 4318321.893, 99
Trd, 4318323.143, 96
Trd, 4318323.743, 99
Trd, 4318324.593, 89
Trd, 4318326.893, 102
Trd, 4318327.743, 104
Trd, 4318328.743, 101
Trd, 4318330.893, 101
Trd, 4318330.993, 100
Trd, 4318331.393, 94
Trd, 4318333.393, 97
Trd, 4318335.443, 87
Trd, 4318337.743, 95
Trd, 4318338.243, 96
Trd, 4318338.993, 94
Trd, 4318340.393, 95
Trd, 4318343.043, 96
Trd, 4318343.643, 96
Trd, 4318346.493, 96
Trd, 4318349.293, 96
Trd, 4318349.443, 97
Trd, 4318350.043, 95
Trd, 4318351.143, 97
Trd, 4318351.943, 95
Trd, 4318352.543, 95
Trd, 4318357.343, 94
Trd, 4318358.193, 96
Trd, 4318358.843, 95
Trd, 4318360.793, 94
Trd, 4318360.893, 96
Trd, 4318363.393, 95
Trd, 4318365.343, 95
Trd, 4318367.343, 94
Trd, 4318368.693, 95
Trd, 4318368.793, 95
Trd, 4318368.993, 95
Trd, 4318370.943, 95
Trd, 4318373.543, 94
Trd, 4318373.993, 92
Trd, 4318376.143, 95
Trd, 4318377.143, 96
Trd, 4318380.193, 95
Trd, 4318380.343, 93
Trd, 4318380.743, 96
Trd, 4318385.143, 96
Trd, 4318386.093, 95
Trd, 4318387.643, 94
Trd, 4318388.093, 93
Trd, 4318389.393, 104
Trd, 4318390.343, 92
Trd, 4318396.493, 96
Trd, 4318397.043, 96
Trd, 4318398.443, 94
Trd, 4318399.193, 95
Trd, 4318400.543, 96
Trd, 4318404.043, 96
Trd, 4318404.993, 97
Trd, 4318405.193, 96
Trd, 4318406.893, 94
Trd, 4318407.643, 85
Trd, 4318408.643, 94
Trd, 4318408.893, 95
Trd, 4318409.893, 89
Trd, 4318410.643, 77
Trd, 4318411.993, 89
Trd, 4318413.893, 95
Trd, 4318414.993, 95
Trd, 4318416.793, 93
Trd, 4318417.443, 93
Trd, 4318419.793, 92
Trd, 4318421.043, 91
Trd, 4318422.443, 91
Trd, 4318423.393, 91
Trd, 4318423.693, 105
Trd, 4318424.543, 90
Trd, 4318427.143, 89
Trd, 4318427.593, 95
Trd, 4318430.443, 94
Trd, 4318430.793, 93
Trd, 4318433.493, 92
Trd, 4318435.743, 94
Trd, 4318437.893, 94
Trd, 4318438.243, 92
Trd, 4318438.343, 91
Trd, 4318439.343, 94
Trd, 4318443.843, 94
Trd, 4318444.743, 92
Trd, 4318446.943, 91
Trd, 4318448.743, 95
Trd, 4318452.943, 94
Trd, 4318453.543, 90
Trd, 4318454.043, 94
Trd, 4318455.843, 94
Trd, 4318456.243, 95
Trd, 4318456.743, 95
Trd, 4318460.993, 95
Trd, 4318461.243, 95
Trd, 4318461.543, 94
Trd, 4318462.893, 105
Trd, 4318464.893, 97
Trd, 4318465.993, 96
Trd, 4318467.343, 93
Trd, 4318467.443, 85
Trd, 4318468.343, 96
Trd, 4318470.093, 95
Trd, 4318472.093, 93
Trd, 4318474.743, 93
Trd, 4318474.993, 96
Trd, 4318476.293, 92
Trd, 4318477.193, 93
Trd, 4318477.643, 96
Trd, 4318481.543, 95
Trd, 4318483.093, 95
Trd, 4318485.293, 92
Trd, 4318485.443, 90
Trd, 4318486.043, 90
Trd, 4318493.143, 95
Trd, 4318495.843, 91
Trd, 4318498.393, 93
Trd, 4318501.393, 95
Trd, 4318501.893, 95
Trd, 4318502.493, 92
Trd, 4318505.543, 93
Trd, 4318507.693, 94
Trd, 4318507.743, 92
Trd, 4318514.343, 93
Trd, 4318514.393, 91
Trd, 4318515.643, 93
Trd, 4318517.843, 92
Trd, 4318518.643, 91
Trd, 4318519.443, 104
Trd, 4318522.743, 91
Trd, 4318523.843, 96
Trd, 4318525.793, 91
Trd, 4318527.593, 96
Trd, 4318530.793, 91
Trd, 4318531.193, 92
Trd, 4318531.793, 92
Trd, 4318532.293, 95
Trd, 4318533.693, 93
Trd, 4318535.643, 93
Trd, 4318536.543, 95
Trd, 4318536.943, 95
Trd, 4318537.443, 93
Trd, 4318537.543, 93
Trd, 4318538.343, 95
Trd, 4318539.643, 95
Trd, 4318542.593, 99
Trd, 4318543.043, 98
Trd, 4318543.443, 97
Trd, 4318545.443, 104
Trd, 4318546.243, 98
Trd, 4318549.243, 96
Trd, 4318549.593, 96
Trd, 4318551.393, 96
Trd, 4318551.843, 94
Trd, 4318553.743, 96
Trd, 4318556.393, 96
Trd, 4318556.593, 95
Trd, 4318557.193, 93
Trd, 4318557.243, 92
Trd, 4318558.743, 96
Trd, 4318558.843, 104
Trd, 4318558.943, 92
Trd, 4318562.393, 96
Trd, 4318562.593, 98
Trd, 4318564.793, 95
Trd, 4318566.793, 94
Trd, 4318568.393, 93
Trd, 4318569.893, 95
Trd, 4318571.193, 96
Trd, 4318576.493, 95
Trd, 4318577.493, 94
Trd, 4318578.743, 93
Trd, 4318578.993, 93
Trd, 4318579.993, 93
Trd, 4318581.793, 90
Trd, 4318583.193, 95
Trd, 4318586.793, 99
Trd, 4318586.993, 98
Trd, 4318587.543, 98
Trd, 4318587.993, 98
Trd, 4318590.043, 96
Trd, 4318592.193, 99
Trd, 4318592.993, 97
Trd, 4318595.593, 98
Trd, 4318595.693, 97
Trd, 4318596.943, 96
Trd, 4318599.343, 97
Trd, 4318600.143, 97
Trd, 4318600.643, 97
Trd, 4318600.943, 96
Trd, 4318602.943, 97
Trd, 4318604.943, 95
Trd, 4318606.793, 96
Trd, 4318609.143, 96
Trd, 4318611.943, 94
Trd, 4318612.243, 94
Trd, 4318612.593, 97
Trd, 4318615.093, 97
Trd, 4318616.493, 98
Trd, 4318617.743, 95
Trd, 4318619.093, 97
Trd, 4318619.693, 94
Trd, 4318620.393, 94
Trd, 4318620.693, 96
Trd, 4318623.643, 95
Trd, 4318624.193, 96
Trd, 4318625.393, 93
Trd, 4318625.493, 86
Trd, 4318628.993, 92
Trd, 4318630.893, 95
Trd, 4318630.943, 94
Trd, 4318633.193, 92
Trd, 4318633.693, 94
Trd, 4318634.143, 93
Trd, 4318636.293, 94
Trd, 4318638.093, 94
Trd, 4318641.943, 94
Trd, 4318642.593, 96
Trd, 4318642.743, 93
Trd, 4318643.843, 95
Trd, 4318645.093, 95
Trd, 4318645.243, 103
Trd, 4318645.993, 94
Trd, 4318649.893, 96
Trd, 4318650.443, 93
Trd, 4318652.793, 93
Trd, 4318653.793, 96
Trd, 4318658.393, 92
Trd, 4318658.993, 91
Trd, 4318660.793, 96
Trd, 4318661.943, 96
Trd, 4318662.093, 91
Trd, 4318662.893, 96
Trd, 4318665.993, 96
Trd, 4318668.893, 96
Trd, 4318669.993, 94
Trd, 4318671.143, 93
Trd, 4318673.243, 96
Trd, 4318675.193, 96
Trd, 4318675.843, 93
Trd, 4318679.343, 96
Trd, 4318679.593, 92
Trd, 4318679.843, 96
Trd, 4318681.093, 96
Trd, 4318683.093, 99
Trd, 4318683.243, 98
Trd, 4318683.543, 96
Trd, 4318685.343, 105
Trd, 4318686.993, 97
Trd, 4318687.443, 94
Trd, 4318693.993, 98
Trd, 4318694.443, 98
Trd, 4318695.993, 96
Trd, 4318696.843, 98
Trd, 4318697.943, 98
Trd, 4318700.343, 96
Trd, 4318701.293, 98
Trd, 4318701.693, 95
Trd, 4318705.943, 96
Trd, 4318706.743, 95
Trd, 4318708.293, 98
Trd, 4318709.993, 95
Trd, 4318711.443, 97
Trd, 4318713.843, 96
Trd, 4318715.543, 95
Trd, 4318718.393, 97
Trd, 4318720.143, 97
Trd, 4318720.843, 97
Trd, 4318721.793, 97
Trd, 4318723.093, 97
Trd, 4318723.993, 96
Trd, 4318725.993, 94
Trd, 4318728.793, 96
Trd, 4318730.893, 94
Trd, 4318731.643, 93
Trd, 4318731.893, 95
Trd, 4318733.793, 94
Trd, 4318736.893, 94
Trd, 4318737.093, 93
Trd, 4318737.293, 92
Trd, 4318739.043, 95
Trd, 4318741.193, 93
Trd, 4318745.243, 98
Trd, 4318746.743, 97
Trd, 4318747.393, 97
Trd, 4318747.693, 94
Trd, 4318748.193, 106
Trd, 4318754.543, 98
Trd, 4318756.043, 96
Trd, 4318757.943, 95
Trd, 4318759.593, 98
Trd, 4318767.343, 97
Trd, 4318769.493, 98
Trd, 4318769.693, 95
Trd, 4318770.143, 95
Trd, 4318772.193, 98
Trd, 4318774.993, 95
Trd, 4318777.743, 98
Trd, 4318780.743, 98
Trd, 4318782.143, 94
Trd, 4318782.743, 98
Trd, 4318783.443, 93
Trd, 4318786.543, 97
Trd, 4318787.643, 96
Trd, 4318788.443, 94
Trd, 4318790.143, 97
Trd, 4318791.293, 97
Trd, 4318794.593, 96
Trd, 4318799.893, 97
Trd, 4318802.043, 96
Trd, 4318802.343, 98
Trd, 4318807.143, 97
Trd, 4318807.643, 95
Trd, 4318810.593, 96
Trd, 4318810.843, 96
Trd, 4318813.193, 95
Trd, 4318813.693, 96
Trd, 4318814.793, 97
Trd, 4318816.393, 95
Trd, 4318821.593, 96
Trd, 4318822.143, 93
Trd, 4318823.793, 94
Trd, 4318825.093, 95
Trd, 4318827.393, 94
Trd, 4318829.643, 95
Trd, 4318830.243, 93
Trd, 4318833.243, 96
Trd, 4318834.293, 97
Trd, 4318834.893, 96
Trd, 4318836.043, 100
Trd, 4318836.443, 99
Trd, 4318839.443, 94
Trd, 4318841.093, 96
Trd, 4318843.493, 97
Trd, 4318844.493, 98
Trd, 4318845.343, 97
Trd, 4318848.293, 95
Trd, 4318848.543, 97
Trd, 4318851.643, 95
Trd, 4318851.993, 97
Trd, 4318853.893, 97
Trd, 4318856.243, 95
Trd, 4318857.243, 97
Trd, 4318857.993, 97
Trd, 4318858.693, 85
Trd, 4318859.043, 86
Trd, 4318860.693, 91
Trd, 4318861.643, 95
Trd, 4318863.543, 94
Trd, 4318865.443, 95
Trd, 4318867.893, 94
Trd, 4318868.393, 95
Trd, 4318871.743, 95
Trd, 4318873.893, 95
Trd, 4318874.293, 93
Trd, 4318876.543, 94
Trd, 4318877.343, 93
Trd, 4318878.993, 95
Trd, 4318879.093, 95
Trd, 4318881.493, 94
Trd, 4318887.993, 94
Trd, 4318888.043, 92
Trd, 4318888.143, 95
Trd, 4318889.593, 96
Trd, 4318892.443, 86
Trd, 4318892.993, 86
Trd, 4318893.693, 87
Trd, 4318895.693, 89
Trd, 4318895.793, 89
Trd, 4318897.393, 95
Trd, 4318897.893, 92
Trd, 4318901.143, 103
Trd, 4318902.193, 98
Trd, 4318903.043, 98
Trd, 4318904.393, 98
Trd, 4318904.593, 94
Trd, 4318904.643, 104
Trd, 4318906.543, 97
Trd, 4318908.093, 98
Trd, 4318909.193, 105
Trd, 4318910.143, 105
Trd, 4318911.393, 99
Trd, 4318913.693, 99
Trd, 4318914.643, 98
Trd, 4318916.493, 97
Trd, 4318922.443, 97
Trd, 4318923.893, 96
Trd, 4318923.943, 99
Trd, 4318925.043, 96
Trd, 4318925.543, 99
Trd, 4318929.943, 99
Trd, 4318931.293, 99
Trd, 4318931.743, 98
Trd, 4318935.093, 97
Trd, 4318938.143, 96
Trd, 4318941.193, 96
Trd, 4318941.893, 95
Trd, 4318943.843, 98
Trd, 4318945.893, 98
Trd, 4318948.243, 93
Trd, 4318955.843, 95
Trd, 4318958.693, 95
Trd, 4318958.943, 98
Trd, 4318959.643, 94
Trd, 4318961.793, 98
Trd, 4318963.343, 93
Trd, 4318964.493, 85
Trd, 4318968.143, 98
Trd, 4318969.243, 98
Trd, 4318971.493, 98
Trd, 4318971.943, 97
Trd, 4318973.093, 98
Trd, 4318976.093, 98
Trd, 4318976.843, 97
Trd, 4318979.743, 98
Trd, 4318980.793, 99
Trd, 4318981.843, 95
Trd, 4318982.893, 94
Trd, 4318983.393, 98
Trd, 4318984.293, 96
Trd, 4318986.593, 95
Trd, 4318988.493, 97
Trd, 4318988.843, 97
Trd, 4318989.743, 96
Trd, 4318991.343, 95
Trd, 4318994.243, 94
Trd, 4318994.593, 96
Trd, 4318996.593, 95
Trd, 4318997.593, 95
Trd, 4318998.143, 94
Trd, 4319000.143, 95
Trd, 4319003.043, 95
Trd, 4319004.343, 95
Trd, 4319004.943, 94
Trd, 4319007.593, 94
Trd, 4319008.493, 93
Trd, 4319010.443, 95
Trd, 4319011.443, 95
Trd, 4319012.493, 95
Trd, 4319013.993, 95
Trd, 4319016.043, 95
Trd, 4319017.793, 93
Trd, 4319021.293, 94
Trd, 4319022.393, 95
Trd, 4319023.493, 93
Trd, 4319025.093, 92
Trd, 4319025.793, 95
Trd, 4319029.693, 95
Trd, 4319030.593, 95
Trd, 4319032.293, 95
Trd, 4319032.543, 94
Trd, 4319034.093, 95
Trd, 4319034.243, 105
Trd, 4319035.393, 98
Trd, 4319035.943, 96
Trd, 4319037.893, 88
Trd, 4319039.293, 89
Trd, 4319042.693, 87
Trd, 4319044.193, 91
Trd, 4319045.043, 95
Trd, 4319045.843, 94
Trd, 4319046.443, 104
Trd, 4319048.443, 102
Trd, 4319050.093, 102
Trd, 4319050.543, 105
Trd, 4319051.443, 104
Trd, 4319051.593, 102
Trd, 4319054.243, 95
Trd, 4319055.693, 99
Trd, 4319057.443, 99
Trd, 4319058.293, 92
Trd, 4319060.343, 94
Trd, 4319060.993, 93
Trd, 4319063.043, 96
Trd, 4319064.143, 96
Trd, 4319066.143, 96
Trd, 4319066.343, 96
Trd, 4319067.693, 96
Trd, 4319068.143, 95
Trd, 4319069.993, 101
Trd, 4319072.893, 97
Trd, 4319074.643, 98
Trd, 4319076.243, 98
Trd, 4319076.443, 97
Trd, 4319078.243, 97
Trd, 4319078.893, 98
Trd, 4319080.193, 96
Trd, 4319081.093, 98
Trd, 4319086.393, 96
Trd, 4319086.643, 97
Trd, 4319089.193, 96
Trd, 4319090.443, 94
Trd, 4319092.143, 95
Trd, 4319092.543, 95
Trd, 4319093.343, 95
Trd, 4319094.993, 104
Trd, 4319096.643, 105
Trd, 4319097.393, 101
Trd, 4319099.443, 97
Trd, 4319099.643, 98
Trd, 4319099.743, 94
Trd, 4319102.193, 97
Trd, 4319103.543, 95
Trd, 4319106.143, 96
Trd, 4319107.193, 97
Trd, 4319107.893, 105
Trd, 4319108.493, 95
Trd, 4319109.743, 99
Trd, 4319112.193, 96
Trd, 4319112.343, 94
Trd, 4319114.943, 98
Trd, 4319116.043, 94
Trd, 4319117.043, 98
Trd, 4319120.293, 96
Trd, 4319122.943, 97
Trd, 4319124.643, 96
Trd, 4319124.793, 94
Trd, 4319126.593, 97
Trd, 4319129.143, 103
Trd, 4319129.193, 99
Trd, 4319130.743, 102
Trd, 4319131.443, 101
Trd, 4319132.143, 102
Trd, 4319132.243, 106
Trd, 4319138.093, 101
Trd, 4319138.543, 102
Trd, 4319140.493, 102
Trd, 4319142.693, 100
Trd, 4319143.693, 101
Trd, 4319147.593, 99
Trd, 4319148.393, 101
Trd, 4319150.543, 100
Trd, 4319151.993, 101
Trd, 4319154.593, 101
Trd, 4319156.993, 101
Trd, 4319158.493, 99
Trd, 4319159.143, 102
Trd, 4319159.943, 99
Trd, 4319162.543, 98
Trd, 4319164.793, 98
Trd, 4319165.243, 101
Trd, 4319165.293, 101
Trd, 4319166.343, 101
Trd, 4319168.993, 94
Trd, 4319171.343, 101
Trd, 4319172.993, 101
Trd, 4319173.093, 96
Trd, 4319174.343, 101
Trd, 4319178.043, 97
Trd, 4319179.693, 99
Trd, 4319185.193, 101
Trd, 4319185.343, 100
Trd, 4319186.443, 101
Trd, 4319190.043, 98
Trd, 4319191.693, 101
Trd, 4319192.893, 100
Trd, 4319193.293, 98
Trd, 4319195.743, 101
Trd, 4319200.393, 98
Trd, 4319201.793, 97
Trd, 4319205.193, 101
Trd, 4319207.943, 100
Trd, 4319209.643, 101
Trd, 4319209.893, 98
Trd, 4319210.243, 101
Trd, 4319211.793, 97
Trd, 4319214.893, 100
Trd, 4319215.143, 96
Trd, 4319217.493, 97
Trd, 4319218.393, 95
Trd, 4319221.793, 98
Trd, 4319224.043, 98
Trd, 4319224.243, 94
Trd, 4319226.643, 94
Trd, 4319227.393, 98
Trd, 4319228.443, 99
Trd, 4319228.843, 98
Trd, 4319231.343, 95
Trd, 4319231.643, 95
Trd, 4319233.993, 94
Trd, 4319237.893, 96
Trd, 4319238.093, 96
Trd, 4319240.943, 95
Trd, 4319241.093, 94
Trd, 4319243.043, 95
Trd, 4319245.393, 96
Trd, 4319247.143, 94
Trd, 4319249.143, 95
Trd, 4319249.643, 94
Trd, 4319250.493, 95
Trd, 4319250.743, 94
Trd, 4319254.443, 95
Trd, 4319254.843, 95
Trd, 4319254.943, 94
Trd, 4319258.043, 95
Trd, 4319259.643, 94
Trd, 4319261.793, 94
Trd, 4319262.793, 94
Trd, 4319263.743, 94
Trd, 4319264.543, 93
Trd, 4319265.193, 93
Trd, 4319267.293, 93
Trd, 4319268.543, 95
Trd, 4319269.743, 104
Trd, 4319271.893, 95
Trd, 4319274.793, 92
Trd, 4319275.343, 92
Trd, 4319278.093, 95
Trd, 4319278.193, 95
Trd, 4319278.443, 95
Trd, 4319279.393, 92
Trd, 4319279.993, 95
Trd, 4319282.243, 95
Trd, 4319283.643, 96
Trd, 4319284.393, 95
Trd, 4319287.243, 100
Trd, 4319288.593, 97
Trd, 4319291.443, 94
Trd, 4319293.043, 97
Trd, 4319293.093, 96
Trd, 4319293.243, 95
Trd, 4319294.293, 96
Trd, 4319296.293, 95
Trd, 4319297.793, 96
Trd, 4319299.643, 98
Trd, 4319300.893, 98
Trd, 4319302.093, 97
Trd, 4319303.643, 96
Trd, 4319304.193, 105
Trd, 4319305.043, 99
Trd, 4319307.943, 98
Trd, 4319310.693, 97
Trd, 4319311.643, 98
Trd, 4319312.143, 96
Trd, 4319313.843, 98
Trd, 4319313.993, 97
Trd, 4319315.243, 95
Trd, 4319318.793, 98
Trd, 4319319.843, 102
Trd, 4319320.693, 98
Trd, 4319321.143, 99
Trd, 4319324.543, 99
Trd, 4319324.793, 98
Trd, 4319326.293, 99
Trd, 4319329.143, 99
Trd, 4319329.893, 97
Trd, 4319330.143, 97
Trd, 4319333.793, 99
Trd, 4319334.443, 99
Trd, 4319334.893, 99
Trd, 4319336.643, 97
Trd, 4319337.693, 99
Trd, 4319340.143, 97
Trd, 4319344.443, 99
Trd, 4319346.293, 99
Trd, 4319346.343, 96
Trd, 4319346.993, 99
Trd, 4319348.293, 99
Trd, 4319349.493, 97
Trd, 4319352.043, 99
Trd, 4319353.643, 97
Trd, 4319354.293, 98
Trd, 4319354.943, 99
Trd, 4319355.393, 100
Trd, 4319355.493, 96
Trd, 4319361.743, 98
Trd, 4319362.543, 97
Trd, 4319362.793, 94
Trd, 4319363.943, 98
Trd, 4319365.393, 88
Trd, 4319365.543, 93
Trd, 4319366.693, 94
Trd, 4319368.343, 94
Trd, 4319371.943, 94
Trd, 4319372.793, 93
Trd, 4319373.593, 93
Trd, 4319375.093, 94
Trd, 4319375.393, 92
Trd, 4319376.243, 94
Trd, 4319377.693, 93
Trd, 4319377.943, 102
Trd, 4319379.043, 98
Trd, 4319381.293, 96
Trd, 4319381.793, 98
Trd, 4319382.793, 98
Trd, 4319384.543, 101
Trd, 4319385.693, 100
Trd, 4319385.793, 100
Trd, 4319388.043, 99
Trd, 4319389.793, 104
Trd, 4319392.443, 98
Trd, 4319393.393, 99
Trd, 4319394.393, 98
Trd, 4319394.743, 98
Trd, 4319397.843, 98
Trd, 4319400.343, 98
Trd, 4319400.593, 97
Trd, 4319401.193, 94
Trd, 4319403.493, 98
Trd, 4319405.643, 97
Trd, 4319406.493, 95
Trd, 4319409.643, 97
Trd, 4319410.243, 94
Trd, 4319411.193, 93
Trd, 4319411.443, 96
Trd, 4319415.643, 96
Trd, 4319415.843, 96
Trd, 4319417.443, 96
Trd, 4319417.993, 94
Trd, 4319418.793, 96
Trd, 4319419.443, 95
Trd, 4319421.793, 95
Trd, 4319422.143, 93
Trd, 4319425.843, 95
Trd, 4319427.443, 96
Trd, 4319428.343, 98
Trd, 4319430.043, 99
Trd, 4319430.093, 94
Trd, 4319431.193, 93
Trd, 4319431.393, 95
Trd, 4319432.993, 95
Trd, 4319433.143, 94
Trd, 4319435.593, 96
Trd, 4319435.843, 96
Trd, 4319436.593, 94
Trd, 4319439.093, 95
Trd, 4319439.543, 96
Trd, 4319441.793, 96
Trd, 4319442.543, 95
Trd, 4319443.843, 94
Trd, 4319444.043, 97
Trd, 4319446.143, 93
Trd, 4319448.693, 97
Trd, 4319450.593, 96
Trd, 4319450.693, 96
Trd, 4319454.943, 96
Trd, 4319455.443, 94
Trd, 4319456.443, 97
Trd, 4319458.293, 103
Trd, 4319459.993, 99
Trd, 4319460.793, 99
Trd, 4319461.593, 97
Trd, 4319463.093, 95
Trd, 4319464.243, 95
Trd, 4319464.293, 98
Trd, 4319466.393, 102
Trd, 4319468.143, 106
Trd, 4319468.593, 100
Trd, 4319469.693, 100
Trd, 4319470.343, 99
Trd, 4319471.593, 100
Trd, 4319472.243, 94
Trd, 4319473.843, 101
Trd, 4319479.493, 100
Trd, 4319481.143, 98
Trd, 4319483.643, 98
Trd, 4319484.593, 100
Trd, 4319484.893, 98
Trd, 4319486.593, 100
Trd, 4319487.693, 99
Trd, 4319488.993, 94
Trd, 4319489.793, 85
Trd, 4319494.543, 100
Trd, 4319494.643, 95
Trd, 4319495.443, 100
Trd, 4319497.293, 100
Trd, 4319501.343, 96
Trd, 4319503.193, 97
Trd, 4319503.693, 96
Trd, 4319503.943, 96
Trd, 4319506.243, 94
Trd, 4319507.243, 97
Trd, 4319507.893, 98
Trd, 4319509.343, 97
Trd, 4319510.993, 97
Trd, 4319513.993, 97
Trd, 4319515.343, 95
Trd, 4319518.743, 95
Trd, 4319521.093, 97
Trd, 4319523.043, 97
Trd, 4319523.893, 94
Trd, 4319526.843, 97
Trd, 4319527.843, 95
Trd, 4319529.893, 97
Trd, 4319530.493, 95
Trd, 4319531.143, 97
Trd, 4319533.093, 97
Trd, 4319536.443, 94
Trd, 4319536.793, 97
Trd, 4319537.093, 95
Trd, 4319537.943, 94
Trd, 4319539.743, 97
Trd, 4319542.693, 97
Trd, 4319544.993, 94
Trd, 4319550.493, 96
Trd, 4319553.293, 97
Trd, 4319553.793, 97
Trd, 4319555.593, 95
Trd, 4319555.693, 95
Trd, 4319557.793, 97
Trd, 4319558.843, 97
Trd, 4319559.393, 96
Trd, 4319562.743, 97
Trd, 4319563.943, 95
Trd, 4319565.893, 97
Trd, 4319567.993, 95
Trd, 4319570.243, 97
Trd, 4319573.743, 94
Trd, 4319574.643, 96
Trd, 4319577.293, 94
Trd, 4319578.793, 96
Trd, 4319580.543, 94
Trd, 4319581.093, 95
Trd, 4319581.943, 95
Trd, 4319583.293, 96
Trd, 4319583.893, 95
Trd, 4319589.093, 94
Trd, 4319590.743, 95
Trd, 4319593.743, 94
Trd, 4319595.543, 95
Trd, 4319598.493, 93
Trd, 4319601.643, 92
Trd, 4319603.143, 95
Trd, 4319607.093, 95
Trd, 4319607.143, 92
Trd, 4319607.593, 91
Trd, 4319609.443, 95
Trd, 4319610.343, 93
Trd, 4319611.593, 91
Trd, 4319613.643, 95
Trd, 4319615.443, 91
Trd, 4319617.143, 95
Trd, 4319620.343, 94
Trd, 4319620.793, 95
Trd, 4319620.893, 95
Trd, 4319621.443, 94
Trd, 4319623.193, 93
Trd, 4319623.393, 95
Trd, 4319626.543, 95
Trd, 4319627.293, 94
Trd, 4319629.293, 95
Trd, 4319630.293, 93
Trd, 4319630.343, 92
Trd, 4319633.993, 95
Trd, 4319635.443, 94
Trd, 4319636.443, 94
Trd, 4319638.893, 93
Trd, 4319640.643, 93
Trd, 4319642.543, 93
Trd, 4319643.843, 94
Trd, 4319646.093, 94
Trd, 4319647.693, 92
Trd, 4319647.793, 93
Trd, 4319649.493, 91
Trd, 4319651.043, 92
Trd, 4319651.893, 90
Trd, 4319652.393, 95
Trd, 4319652.993, 93
Trd, 4319656.943, 90
Trd, 4319658.093, 90
Trd, 4319659.343, 89
Trd, 4319664.193, 90
Trd, 4319664.293, 91
Trd, 4319665.243, 91
Trd, 4319665.543, 95
Trd, 4319667.543, 89
Trd, 4319670.743, 93
Trd, 4319671.893, 95
Trd, 4319672.043, 90
Trd, 4319675.993, 94
Trd, 4319677.593, 94
Trd, 4319678.493, 92
Trd, 4319680.343, 94
Trd, 4319682.943, 94
Trd, 4319686.993, 95
Trd, 4319687.043, 93
Trd, 4319687.443, 92
Trd, 4319688.793, 97
Trd, 4319693.893, 96
Trd, 4319694.043, 94
Trd, 4319694.143, 96
Trd, 4319696.493, 96
Trd, 4319696.593, 98
Trd, 4319696.993, 104
Trd, 4319699.443, 97
Trd, 4319700.093, 98
Trd, 4319701.293, 97
Trd, 4319701.943, 97
Trd, 4319702.293, 98
Trd, 4319705.643, 99
Trd, 4319707.893, 97
Trd, 4319708.093, 96
Trd, 4319709.143, 77
Trd, 4319710.443, 84
Trd, 4319711.143, 94
Trd, 4319711.293, 104
Trd, 4319713.593, 104
Trd, 4319713.793, 103
Trd, 4319714.943, 101
Trd, 4319715.093, 99
Trd, 4319716.843, 94
Trd, 4319716.993, 101
Trd, 4319719.243, 94
Trd, 4319720.093, 97
Trd, 4319721.493, 96
Trd, 4319724.843, 99
Trd, 4319726.293, 98
Trd, 4319727.493, 97
Trd, 4319729.743, 97
Trd, 4319730.943, 98
Trd, 4319733.393, 94
Trd, 4319735.993, 98
Trd, 4319736.493, 97
Trd, 4319737.793, 97
Trd, 4319737.893, 99
Trd, 4319740.043, 98
Trd, 4319742.493, 96
Trd, 4319743.243, 98
Trd, 4319745.393, 98
Trd, 4319745.643, 96
Trd, 4319746.593, 97
Trd, 4319754.593, 98
Trd, 4319754.693, 96
Trd, 4319757.393, 97
Trd, 4319757.643, 96
Trd, 4319759.593, 95
Trd, 4319760.593, 97
Trd, 4319762.543, 94
Trd, 4319764.143, 96
Trd, 4319766.093, 94
Trd, 4319767.293, 96
Trd, 4319767.993, 95
Trd, 4319769.443, 95
Trd, 4319770.243, 94
Trd, 4319770.393, 93
Trd, 4319770.943, 96
Trd, 4319775.543, 85
Trd, 4319775.593, 89
Trd, 4319775.743, 91
Trd, 4319776.193, 92
Trd, 4319776.943, 97
Trd, 4319779.543, 98
Trd, 4319779.793, 99
Trd, 4319780.793, 101
Trd, 4319782.693, 96
Trd, 4319783.143, 94
Trd, 4319783.643, 97
Trd, 4319787.243, 96
Trd, 4319788.093, 96
Trd, 4319789.293, 97
Trd, 4319789.743, 97
Trd, 4319791.743, 97
Trd, 4319792.193, 96
Trd, 4319792.543, 93
Trd, 4319793.593, 104
Trd, 4319794.893, 89
Trd, 4319794.993, 100
Trd, 4319797.843, 92
Trd, 4319799.043, 92
Trd, 4319800.143, 98
Trd, 4319801.393, 93
Trd, 4319802.293, 98
Trd, 4319803.293, 98
Trd, 4319805.293, 94
Trd, 4319811.893, 95
Trd, 4319813.043, 96
Trd, 4319815.793, 94
Trd, 4319817.143, 95
Trd, 4319818.393, 95
Trd, 4319819.293, 94
Trd, 4319820.693, 97
Trd, 4319821.343, 99
Trd, 4319822.593, 97
Trd, 4319824.443, 107
Trd, 4319825.243, 104
Trd, 4319826.643, 104
Trd, 4319826.743, 103
Trd, 4319828.193, 93
Trd, 4319830.093, 99
Trd, 4319830.193, 100
Trd, 4319833.593, 99
Trd, 4319835.793, 92
Trd, 4319836.143, 99
Trd, 4319839.543, 97
Trd, 4319841.943, 99
Trd, 4319842.743, 99
Trd, 4319846.043, 98
Trd, 4319847.443, 97
Trd, 4319847.493, 99
Trd, 4319851.293, 99
Trd, 4319851.993, 97
Trd, 4319852.143, 97
Trd, 4319854.393, 99
Trd, 4319854.693, 97
Trd, 4319857.793, 99
Trd, 4319859.193, 99
Trd, 4319861.793, 98
Trd, 4319863.793, 98
Trd, 4319868.593, 99
Trd, 4319869.493, 99
Trd, 4319869.643, 98
Trd, 4319870.693, 100
Trd, 4319872.243, 99
Trd, 4319873.643, 98
Trd, 4319876.043, 99
Trd, 4319877.893, 100
Trd, 4319882.043, 99
Trd, 4319882.593, 98
Trd, 4319885.743, 99
Trd, 4319888.093, 97
Trd, 4319888.793, 99
Trd, 4319889.943, 97
Trd, 4319890.943, 94
Trd, 4319894.743, 99
Trd, 4319895.343, 99
Trd, 4319896.343, 96
Trd, 4319897.793, 99
Trd, 4319901.243, 99
Trd, 4319902.593, 100
Trd, 4319905.393, 99
Trd, 4319906.043, 99
Trd, 4319907.293, 98
Trd, 4319911.243, 100
Trd, 4319911.843, 99
Trd, 4319912.093, 94
Trd, 4319913.893, 96
Trd, 4319916.943, 89
Trd, 4319917.293, 88
Trd, 4319917.493, 98
Trd, 4319919.193, 94
Trd, 4319919.343, 94
Trd, 4319921.143, 93
Trd, 4319922.443, 92
Trd, 4319924.543, 96
Trd, 4319927.493, 110
Trd, 4319927.893, 108
Trd, 4319928.543, 108
Trd, 4319929.693, 105
Trd, 4319931.193, 100
Trd, 4319931.593, 96
Trd, 4319934.643, 102
Trd, 4319936.643, 103
Trd, 4319937.093, 102
Trd, 4319938.593, 102
Trd, 4319940.543, 103
Trd, 4319941.843, 107
Trd, 4319942.593, 106
Trd, 4319943.743, 94
Trd, 4319945.843, 105
Trd, 4319946.993, 107
Trd, 4319947.893, 106
Trd, 4319950.193, 108
Trd, 4319950.443, 106
Trd, 4319952.143, 105
Trd, 4319956.743, 106
Trd, 4319957.243, 94
Trd, 4319958.643, 104
Trd, 4319962.493, 102
Trd, 4319964.943, 103
Trd, 4319965.793, 103
Trd, 4319966.843, 101
Trd, 4319969.093, 103
Trd, 4319969.893, 104
Trd, 4319971.143, 103
Trd, 4319972.193, 104
Trd, 4319972.493, 94
Trd, 4319974.743, 105
Trd, 4319976.443, 105
Trd, 4319977.443, 103
Trd, 4319980.343, 104
Trd, 4319981.543, 105
Trd, 4319982.443, 104
Trd, 4319988.843, 104
Trd, 4319989.593, 103
Trd, 4319990.993, 104
Trd, 4319991.343, 102
Trd, 4319996.243, 102
Trd, 4319998.393, 102
Trd, 4319998.643, 94
Trd, 4319999.443, 97
