Trd, 4317831.243, 101
Trd, 4317834.443, 101
Trd, 4317834.843, 103
Trd, 4317835.793, 100
Trd, 4317836.293, 103
Trd, 4317836.593, 99
Trd, 4317840.343, 98
Trd, 4317843.093, 101
Trd, 4317844.493, 102
Trd, 4317845.193, 103
Trd, 4317845.943, 103
Trd, 4317848.293, 99
Trd, 4317848.843, 103
Trd, 4317850.543, 99
Trd, 4317851.943, 99
Trd, 4317853.543, 98
Trd, 4317854.443, 101
Trd, 4317855.643, 100
Trd, 4317858.743, 100
Trd, 4317859.543, 101
Trd, 4317861.743, 105
Trd, 4317861.793, 98
Trd, 4317863.793, 102
Trd, 4317864.943, 100
Trd, 4317865.593, 101
Trd, 4317868.093, 100
Trd, 4317872.193, 98
Trd, 4317873.293, 100
Trd, 4317873.343, 100
Trd, 4317873.793, 104
Trd, 4317875.193, 101
Trd, 4317876.843, 99
Trd, 4317877.093, 118
Trd, 4317878.043, 102
Trd, 4317882.643, 106
Trd, 4317884.993, 104
Trd, 4317886.343, 102
Trd, 4317887.743, 100
Trd, 4317890.193, 102
Trd, 4317893.093, 102
Trd, 4317893.493, 103
Trd, 4317893.943, 102
Trd, 4317896.693, 103
Trd, 4317898.193, 99
Trd, 4317898.343, 103
Trd, 4317902.093, 116
Trd, 4317902.243, 104
Trd, 4317905.793, 105
Trd, 4317910.093, 102
Trd, 4317912.143, 105
Trd, 4317914.993, 105
Trd, 4317916.093, 100
Trd, 4317918.593, 105
Trd, 4317920.193, 99
Trd, 4317920.443, 105
Trd, 4317921.243, 98
Trd, 4317921.843, 103
Trd, 4317923.693, 102
Trd, 4317926.893, 102
Trd, 4317928.943, 101
Trd, 4317930.193, 101
Trd, 4317931.143, 99
Trd, 4317932.293, 101
Trd, 4317932.593, 113
Trd, 4317936.343, 98
Trd, 4317937.293, 99
Trd, 4317937.443, 104
Trd, 4317938.593, 99
Trd, 4317938.693, 98
Trd, 4317940.493, 99
Trd, 4317941.893, 98
Trd, 4317942.843, 84
Trd, 4317944.343, 93
Trd, 4317944.893, 96
Trd, 4317946.693, 121
Trd, 4317949.193, 108
Trd, 4317950.543, 107
Trd, 4317952.193, 91
Trd, 4317953.993, 99
Trd, 4317954.943, 101
Trd, 4317956.393, 99
Trd, 4317957.043, 104
Trd, 4317957.093, 99
Trd, 4317958.993, 100
Trd, 4317961.493, 95
Trd, 4317963.393, 96
Trd, 4317964.943, 99
Trd, 4317965.893, 95
Trd, 4317965.993, 113
Trd, 4317966.743, 100
Trd, 4317970.943, 100
Trd, 4317974.293, 101
Trd, 4317975.793, 101
Trd, 4317977.093, 101
Trd, 4317978.843, 100
Trd, 4317979.893, 99
Trd, 4317981.043, 101
Trd, 4317982.643, 101
Trd, 4317982.893, 101
Trd, 4317986.593, 97
Trd, 4317987.493, 96
Trd, 4317987.543, 87
Trd, 4317989.943, 96
Trd, 4317991.093, 96
Trd, 4317994.343, 94
Trd, 4317995.343, 93
Trd, 4317996.743, 96
Trd, 4317997.043, 94
Trd, 4317997.343, 92
Trd, 4318000.943, 95
Trd, 4318001.693, 95
Trd, 4318002.993, 95
Trd, 4318005.893, 95
Trd, 4318006.893, 92
Trd, 4318007.043, 95
Trd, 4318008.443, 92
Trd, 4318009.493, 96
Trd, 4318009.593, 95
Trd, 4318010.443, 117
Trd, 4318011.993, 91
Trd, 4318013.443, 101
Trd, 4318013.943, 91
Trd, 4318015.193, 107
Trd, 4318017.893, 97
Trd, 4318018.543, 97
Trd, 4318020.843, 98
Trd, 4318023.393, 96
Trd, 4318025.843, 99
Trd, 4318026.493, 98
Trd, 4318027.393, 115
Trd, 4318030.043, 114
Trd, 4318031.093, 106
Trd, 4318032.343, 106
Trd, 4318033.893, 106
Trd, 4318035.843, 106
Trd, 4318041.593, 106
Trd, 4318043.443, 105
Trd, 4318045.743, 105
Trd, 4318049.243, 103
Trd, 4318049.693, 104
Trd, 4318050.043, 104
Trd, 4318053.543, 104
Trd, 4318055.693, 104
Trd, 4318057.343, 102
Trd, 4318060.243, 104
Trd, 4318060.893, 101
Trd, 4318063.543, 93
Trd, 4318064.193, 101
Trd, 4318064.993, 99
Trd, 4318065.443, 99
Trd, 4318066.943, 98
Trd, 4318067.343, 85
Trd, 4318069.443, 94
Trd, 4318071.143, 94
Trd, 4318071.543, 103
Trd, 4318074.543, 97
Trd, 4318076.293, 108
Trd, 4318078.343, 100
Trd, 4318081.243, 97
Trd, 4318081.393, 100
Trd, 4318081.893, 97
Trd, 4318082.193, 99
Trd, 4318084.993, 97
Trd, 4318086.443, 99
Trd, 4318091.043, 98
Trd, 4318091.893, 97
Trd, 4318092.243, 98
Trd, 4318092.743, 96
Trd, 4318094.593, 96
Trd, 4318095.293, 98
Trd, 4318095.793, 97
Trd, 4318103.243, 97
Trd, 4318103.593, 95
Trd, 4318104.893, 97
Trd, 4318106.093, 96
Trd, 4318108.243, 96
Trd, 4318109.143, 96
Trd, 4318109.943, 95
Trd, 4318111.293, 94
Trd, 4318111.543, 113
Trd, 4318112.743, 99
Trd, 4318115.393, 93
Trd, 4318116.793, 100
Trd, 4318116.893, 100
Trd, 4318117.593, 93
Trd, 4318121.793, 100
Trd, 4318121.893, 109
Trd, 4318121.993, 96
Trd, 4318123.643, 102
Trd, 4318125.493, 102
Trd, 4318126.893, 104
Trd, 4318129.443, 102
Trd, 4318132.493, 102
Trd, 4318133.493, 102
Trd, 4318134.143, 99
Trd, 4318137.493, 102
Trd, 4318141.743, 101
Trd, 4318142.193, 101
Trd, 4318143.043, 101
Trd, 4318145.443, 101
Trd, 4318145.593, 118
Trd, 4318146.343, 103
Trd, 4318149.993, 103
Trd, 4318150.393, 104
Trd, 4318156.693, 101
Trd, 4318157.743, 104
Trd, 4318158.693, 100
Trd, 4318158.843, 104
Trd, 4318160.443, 103
Trd, 4318162.443, 103
Trd, 4318163.943, 104
Trd, 4318164.843, 102
Trd, 4318167.543, 99
Trd, 4318167.693, 100
Trd, 4318168.693, 96
Trd, 4318170.993, 114
Trd, 4318172.243, 104
Trd, 4318172.443, 99
Trd, 4318173.843, 103
Trd, 4318174.743, 103
Trd, 4318174.993, 103
Trd, 4318175.793, 103
Trd, 4318177.243, 109
Trd, 4318177.343, 106
Trd, 4318178.343, 106
Trd, 4318180.743, 104
Trd, 4318183.893, 91
Trd, 4318184.693, 95
Trd, 4318185.143, 94
Trd, 4318185.393, 92
Trd, 4318185.743, 93
Trd, 4318187.093, 113
Trd, 4318188.893, 96
Trd, 4318190.143, 99
Trd, 4318195.443, 97
Trd, 4318196.893, 98
Trd, 4318198.543, 95
Trd, 4318198.743, 98
Trd, 4318200.043, 94
Trd, 4318201.343, 114
Trd, 4318202.293, 103
Trd, 4318207.143, 102
Trd, 4318210.093, 102
Trd, 4318210.893, 101
Trd, 4318211.293, 101
Trd, 4318212.093, 101
Trd, 4318215.343, 101
Trd, 4318216.893, 102
Trd, 4318219.443, 102
Trd, 4318220.193, 103
Trd, 4318221.043, 103
Trd, 4318221.243, 99
Trd, 4318226.793, 100
Trd, 4318230.443, 103
Trd, 4318232.843, 103
Trd, 4318235.043, 101
Trd, 4318235.993, 103
Trd, 4318236.443, 101
Trd, 4318236.843, 103
Trd, 4318240.593, 101
Trd, 4318241.143, 103
Trd, 4318242.243, 101
Trd, 4318242.793, 103
Trd, 4318243.993, 103
Trd, 4318247.743, 103
Trd, 4318248.443, 93
Trd, 4318250.593, 99
Trd, 4318251.593, 100
Trd, 4318252.443, 108
Trd, 4318252.593, 92
Trd, 4318254.893, 91
Trd, 4318255.393, 95
Trd, 4318256.693, 95
Trd, 4318259.293, 94
Trd, 4318260.643, 92
Trd, 4318261.143, 87
Trd, 4318263.143, 90
Trd, 4318263.543, 95
Trd, 4318264.043, 115
Trd, 4318267.643, 99
Trd, 4318268.293, 85
Trd, 4318268.493, 99
Trd, 4318268.993, 96
Trd, 4318271.843, 102
Trd, 4318272.043, 122
Trd, 4318272.843, 107
Trd, 4318275.993, 101
Trd, 4318277.593, 104
Trd, 4318279.043, 104
Trd, 4318281.393, 101
Trd, 4318282.643, 105
Trd, 4318284.193, 105
Trd, 4318284.893, 102
Trd, 4318287.843, 101
Trd, 4318288.793, 106
Trd, 4318292.143, 101
Trd, 4318292.993, 105
Trd, 4318293.893, 105
Trd, 4318296.093, 96
Trd, 4318296.443, 98
Trd, 4318296.643, 95
Trd, 4318297.293, 98
Trd, 4318299.643, 98
Trd, 4318303.543, 91
Trd, 4318304.543, 98
Trd, 4318305.593, 98
Trd, 4318308.293, 99
Trd, 4318309.393, 98
Trd, 4318311.593, 98
Trd, 4318313.093, 95
Trd, 4318314.393, 98
Trd, 4318316.793, 98
Trd, 4318317.493, 98
Trd, 4318321.443, 98
Trd, 4318321.693, 97
Trd, 4318324.293, 97
Trd, 4318326.543, 97
Trd, 4318326.893, 96
Trd, 4318329.943, 97
Trd, 4318333.243, 98
Trd, 4318333.843, 114
Trd, 4318336.193, 97
Trd, 4318337.193, 102
Trd, 4318341.993, 96
Trd, 4318342.593, 102
Trd, 4318343.943, 96
Trd, 4318346.193, 102
Trd, 4318347.043, 94
Trd, 4318348.843, 102
Trd, 4318353.343, 102
Trd, 4318354.843, 97
Trd, 4318356.443, 102
Trd, 4318358.643, 102
Trd, 4318361.293, 96
Trd, 4318361.493, 102
Trd, 4318362.443, 102
Trd, 4318363.043, 102
Trd, 4318365.443, 101
Trd, 4318367.543, 98
Trd, 4318368.643, 97
Trd, 4318369.343, 100
Trd, 4318369.993, 113
Trd, 4318370.193, 96
Trd, 4318371.943, 102
Trd, 4318373.293, 100
Trd, 4318374.593, 101
Trd, 4318375.643, 99
Trd, 4318377.243, 97
Trd, 4318379.693, 99
Trd, 4318380.693, 97
Trd, 4318382.293, 116
Trd, 4318385.243, 97
Trd, 4318385.293, 98
Trd, 4318386.143, 100
Trd, 4318386.443, 110
Trd, 4318389.993, 102
Trd, 4318391.093, 102
Trd, 4318391.793, 101
Trd, 4318394.093, 102
Trd, 4318394.193, 112
Trd, 4318397.643, 100
Trd, 4318398.393, 98
Trd, 4318398.693, 104
Trd, 4318399.193, 86
Trd, 4318399.493, 104
Trd, 4318400.643, 99
Trd, 4318401.143, 105
Trd, 4318402.243, 100
Trd, 4318404.593, 100
Trd, 4318408.043, 101
Trd, 4318409.493, 104
Trd, 4318409.593, 112
Trd, 4318411.393, 100
Trd, 4318412.043, 101
Trd, 4318413.293, 97
Trd, 4318413.993, 97
Trd, 4318414.993, 94
Trd, 4318416.643, 96
Trd, 4318418.093, 96
Trd, 4318418.193, 115
Trd, 4318421.093, 100
Trd, 4318421.343, 99
Trd, 4318422.543, 106
Trd, 4318423.243, 115
Trd, 4318426.493, 104
Trd, 4318429.793, 102
Trd, 4318434.693, 104
Trd, 4318436.393, 104
Trd, 4318438.993, 103
Trd, 4318439.843, 103
Trd, 4318440.193, 122
Trd, 4318442.093, 102
Trd, 4318445.143, 104
Trd, 4318445.193, 108
Trd, 4318445.243, 101
Trd, 4318447.043, 106
Trd, 4318451.393, 101
Trd, 4318453.093, 93
Trd, 4318455.293, 104
Trd, 4318457.343, 98
Trd, 4318457.893, 104
Trd, 4318458.293, 104
Trd, 4318460.543, 102
Trd, 4318460.993, 104
Trd, 4318462.493, 100
Trd, 4318464.743, 94
Trd, 4318464.893, 95
Trd, 4318466.093, 95
Trd, 4318466.243, 91
Trd, 4318466.593, 99
Trd, 4318466.893, 106
Trd, 4318469.543, 98
Trd, 4318470.793, 94
Trd, 4318472.643, 96
Trd, 4318475.093, 92
Trd, 4318475.593, 96
Trd, 4318476.843, 93
Trd, 4318478.093, 95
Trd, 4318479.193, 94
Trd, 4318479.543, 94
Trd, 4318481.293, 96
Trd, 4318481.943, 110
Trd, 4318483.293, 93
Trd, 4318485.293, 100
Trd, 4318485.693, 108
Trd, 4318485.793, 94
Trd, 4318489.093, 94
Trd, 4318489.443, 100
Trd, 4318489.843, 100
Trd, 4318492.743, 93
Trd, 4318492.893, 100
Trd, 4318493.493, 92
Trd, 4318496.143, 98
Trd, 4318498.093, 97
Trd, 4318501.043, 97
Trd, 4318502.743, 97
Trd, 4318503.093, 97
Trd, 4318503.393, 97
Trd, 4318504.493, 95
Trd, 4318504.693, 85
Trd, 4318507.143, 89
Trd, 4318508.493, 101
Trd, 4318509.193, 96
Trd, 4318511.093, 83
Trd, 4318513.293, 94
Trd, 4318513.343, 94
Trd, 4318515.193, 94
Trd, 4318517.193, 95
Trd, 4318518.393, 116
Trd, 4318520.343, 98
Trd, 4318520.993, 98
Trd, 4318523.743, 98
Trd, 4318526.643, 98
Trd, 4318528.193, 98
Trd, 4318529.343, 95
Trd, 4318531.643, 98
Trd, 4318532.293, 98
Trd, 4318532.593, 94
Trd, 4318533.743, 98
Trd, 4318534.943, 98
Trd, 4318534.993, 94
Trd, 4318536.993, 98
Trd, 4318539.893, 104
Trd, 4318540.243, 100
Trd, 4318542.293, 101
Trd, 4318543.143, 105
Trd, 4318543.693, 101
Trd, 4318545.393, 102
Trd, 4318546.193, 102
Trd, 4318548.893, 98
Trd, 4318549.943, 113
Trd, 4318550.143, 70
Trd, 4318551.093, 95
Trd, 4318552.793, 109
Trd, 4318553.743, 93
Trd, 4318553.993, 98
Trd, 4318554.643, 98
Trd, 4318556.343, 94
Trd, 4318557.193, 98
Trd, 4318559.443, 98
Trd, 4318562.093, 98
Trd, 4318565.743, 97
Trd, 4318566.243, 96
Trd, 4318567.743, 97
Trd, 4318570.393, 96
Trd, 4318570.493, 113
Trd, 4318572.343, 98
Trd, 4318576.493, 100
Trd, 4318578.493, 96
Trd, 4318580.443, 100
Trd, 4318581.193, 96
Trd, 4318582.443, 100
Trd, 4318584.643, 95
Trd, 4318585.093, 89
Trd, 4318585.343, 99
Trd, 4318587.943, 99
Trd, 4318589.293, 95
Trd, 4318590.343, 98
Trd, 4318591.093, 96
Trd, 4318592.493, 95
Trd, 4318596.343, 93
Trd, 4318596.793, 95
Trd, 4318598.443, 95
Trd, 4318598.743, 120
Trd, 4318599.693, 112
Trd, 4318599.943, 104
Trd, 4318602.543, 106
Trd, 4318602.793, 91
Trd, 4318605.643, 102
Trd, 4318606.743, 104
Trd, 4318608.843, 105
Trd, 4318609.643, 104
Trd, 4318611.593, 104
Trd, 4318614.043, 104
Trd, 4318614.593, 103
Trd, 4318615.893, 105
Trd, 4318617.043, 101
Trd, 4318620.443, 105
Trd, 4318620.793, 105
Trd, 4318623.993, 99
Trd, 4318625.343, 98
Trd, 4318625.843, 97
Trd, 4318627.343, 102
Trd, 4318628.593, 99
Trd, 4318628.943, 114
Trd, 4318632.643, 99
Trd, 4318633.143, 99
Trd, 4318633.343, 103
Trd, 4318634.493, 98
Trd, 4318636.043, 96
Trd, 4318637.143, 96
Trd, 4318637.393, 96
Trd, 4318639.093, 96
Trd, 4318639.593, 94
Trd, 4318643.243, 94
Trd, 4318643.343, 95
Trd, 4318643.443, 97
Trd, 4318643.543, 94
Trd, 4318645.593, 96
Trd, 4318645.643, 116
Trd, 4318650.993, 96
Trd, 4318652.793, 99
Trd, 4318653.193, 99
Trd, 4318653.443, 99
Trd, 4318653.893, 95
Trd, 4318657.943, 98
Trd, 4318658.343, 99
Trd, 4318658.893, 99
Trd, 4318660.293, 98
Trd, 4318661.493, 99
Trd, 4318662.493, 95
Trd, 4318665.293, 97
Trd, 4318667.093, 97
Trd, 4318668.793, 95
Trd, 4318669.743, 94
Trd, 4318671.193, 97
Trd, 4318674.793, 97
Trd, 4318675.293, 97
Trd, 4318676.943, 94
Trd, 4318678.193, 96
Trd, 4318680.593, 95
Trd, 4318680.793, 95
Trd, 4318680.843, 96
Trd, 4318685.093, 101
Trd, 4318685.143, 113
Trd, 4318687.793, 98
Trd, 4318688.193, 101
Trd, 4318688.393, 101
Trd, 4318689.443, 102
Trd, 4318690.943, 93
Trd, 4318691.593, 85
Trd, 4318692.843, 93
Trd, 4318693.693, 95
Trd, 4318694.043, 94
Trd, 4318695.293, 115
Trd, 4318695.593, 106
Trd, 4318696.293, 102
Trd, 4318697.943, 122
Trd, 4318700.493, 106
Trd, 4318700.893, 109
Trd, 4318702.343, 102
Trd, 4318703.193, 101
Trd, 4318704.643, 101
Trd, 4318705.243, 103
Trd, 4318706.693, 100
Trd, 4318710.143, 93
Trd, 4318710.543, 95
Trd, 4318711.443, 94
Trd, 4318712.093, 95
Trd, 4318712.943, 93
Trd, 4318714.143, 116
Trd, 4318716.093, 96
Trd, 4318716.693, 101
Trd, 4318717.993, 105
Trd, 4318720.843, 104
Trd, 4318720.993, 105
Trd, 4318722.393, 104
Trd, 4318724.443, 94
Trd, 4318725.893, 96
Trd, 4318726.893, 96
Trd, 4318727.443, 113
Trd, 4318730.243, 88
Trd, 4318732.593, 96
Trd, 4318734.143, 96
Trd, 4318736.093, 95
Trd, 4318737.343, 93
Trd, 4318737.743, 92
Trd, 4318739.293, 96
Trd, 4318740.293, 96
Trd, 4318741.443, 97
Trd, 4318742.393, 96
Trd, 4318743.743, 97
Trd, 4318744.293, 114
Trd, 4318746.493, 95
Trd, 4318747.893, 101
Trd, 4318748.043, 108
Trd, 4318752.293, 96
Trd, 4318753.143, 98
Trd, 4318753.293, 100
Trd, 4318753.443, 110
Trd, 4318760.243, 97
Trd, 4318760.343, 98
Trd, 4318762.393, 98
Trd, 4318763.043, 98
Trd, 4318763.493, 98
Trd, 4318766.543, 99
Trd, 4318771.993, 97
Trd, 4318773.443, 98
Trd, 4318773.843, 94
Trd, 4318776.343, 94
Trd, 4318776.693, 97
Trd, 4318778.343, 96
Trd, 4318778.793, 93
Trd, 4318780.293, 90
Trd, 4318783.543, 91
Trd, 4318783.843, 90
Trd, 4318784.493, 90
Trd, 4318785.943, 90
Trd, 4318786.193, 96
Trd, 4318791.143, 93
Trd, 4318791.843, 95
Trd, 4318793.093, 93
Trd, 4318794.843, 95
Trd, 4318795.593, 113
Trd, 4318797.493, 98
Trd, 4318798.093, 96
Trd, 4318799.493, 102
Trd, 4318800.043, 98
Trd, 4318802.193, 98
Trd, 4318802.293, 96
Trd, 4318804.393, 96
Trd, 4318804.443, 100
Trd, 4318806.043, 84
Trd, 4318807.543, 104
Trd, 4318808.393, 99
Trd, 4318809.293, 96
Trd, 4318811.193, 100
Trd, 4318812.643, 100
Trd, 4318813.943, 99
Trd, 4318815.643, 94
Trd, 4318815.743, 96
Trd, 4318816.793, 95
Trd, 4318817.993, 95
Trd, 4318818.543, 96
Trd, 4318819.243, 113
Trd, 4318819.793, 101
Trd, 4318826.043, 100
Trd, 4318827.043, 101
Trd, 4318828.193, 101
Trd, 4318830.443, 101
Trd, 4318831.193, 99
Trd, 4318837.793, 101
Trd, 4318837.993, 97
Trd, 4318838.843, 101
Trd, 4318839.993, 119
Trd, 4318842.243, 105
Trd, 4318842.843, 103
Trd, 4318843.143, 102
Trd, 4318846.843, 101
Trd, 4318847.293, 105
Trd, 4318851.543, 103
Trd, 4318855.393, 103
Trd, 4318857.643, 100
Trd, 4318858.543, 103
Trd, 4318860.493, 97
Trd, 4318861.143, 95
Trd, 4318863.543, 93
Trd, 4318864.243, 96
Trd, 4318864.743, 94
Trd, 4318867.093, 94
Trd, 4318868.493, 91
Trd, 4318871.043, 93
Trd, 4318873.843, 84
Trd, 4318874.143, 94
Trd, 4318875.543, 94
Trd, 4318876.243, 95
Trd, 4318877.143, 115
Trd, 4318880.893, 98
Trd, 4318881.543, 102
Trd, 4318881.593, 94
Trd, 4318882.293, 99
Trd, 4318882.643, 94
Trd, 4318884.243, 114
Trd, 4318886.943, 93
Trd, 4318889.043, 93
Trd, 4318889.243, 96
Trd, 4318892.243, 95
Trd, 4318892.793, 95
Trd, 4318893.093, 95
Trd, 4318895.293, 98
Trd, 4318895.493, 92
Trd, 4318896.543, 121
Trd, 4318898.993, 101
Trd, 4318899.893, 94
Trd, 4318903.543, 98
Trd, 4318903.643, 99
Trd, 4318905.393, 96
Trd, 4318905.643, 98
Trd, 4318909.643, 98
Trd, 4318909.743, 98
Trd, 4318910.843, 96
Trd, 4318915.993, 98
Trd, 4318916.293, 99
Trd, 4318916.593, 113
Trd, 4318920.093, 99
Trd, 4318921.693, 101
Trd, 4318924.093, 99
Trd, 4318926.493, 98
Trd, 4318926.743, 95
Trd, 4318927.993, 98
Trd, 4318928.793, 99
Trd, 4318930.543, 98
Trd, 4318930.793, 114
Trd, 4318932.593, 87
Trd, 4318933.043, 99
Trd, 4318937.893, 95
Trd, 4318938.193, 94
Trd, 4318938.743, 95
Trd, 4318938.843, 96
Trd, 4318940.243, 94
Trd, 4318941.193, 96
Trd, 4318944.043, 93
Trd, 4318944.093, 94
Trd, 4318945.293, 93
Trd, 4318945.843, 92
Trd, 4318947.643, 95
Trd, 4318951.643, 92
Trd, 4318951.793, 92
Trd, 4318952.843, 100
Trd, 4318953.893, 94
Trd, 4318955.793, 97
Trd, 4318956.843, 97
Trd, 4318959.443, 97
Trd, 4318959.743, 97
Trd, 4318960.943, 106
Trd, 4318961.243, 86
Trd, 4318962.293, 117
Trd, 4318965.543, 102
Trd, 4318968.493, 99
Trd, 4318969.093, 98
Trd, 4318970.243, 96
Trd, 4318970.893, 98
Trd, 4318972.293, 96
Trd, 4318973.943, 95
Trd, 4318975.593, 95
Trd, 4318975.793, 95
Trd, 4318976.093, 129
Trd, 4318977.743, 100
Trd, 4318978.543, 103
Trd, 4318979.243, 99
Trd, 4318979.993, 114
Trd, 4318981.843, 103
Trd, 4318982.793, 106
Trd, 4318985.593, 105
Trd, 4318985.693, 103
Trd, 4318986.493, 109
Trd, 4318987.143, 117
Trd, 4318988.943, 102
Trd, 4318989.943, 101
Trd, 4318992.293, 104
Trd, 4318992.593, 104
Trd, 4318997.143, 103
Trd, 4318997.593, 102
Trd, 4318999.793, 102
Trd, 4319001.693, 103
Trd, 4319003.843, 100
Trd, 4319005.993, 103
Trd, 4319009.043, 103
Trd, 4319012.143, 103
Trd, 4319012.293, 103
Trd, 4319012.343, 101
Trd, 4319013.343, 120
Trd, 4319014.943, 105
Trd, 4319015.343, 106
Trd, 4319016.293, 104
Trd, 4319016.643, 104
Trd, 4319017.393, 99
Trd, 4319019.693, 95
Trd, 4319020.793, 90
Trd, 4319021.093, 93
Trd, 4319022.793, 94
Trd, 4319024.193, 99
Trd, 4319025.143, 100
Trd, 4319025.943, 96
Trd, 4319026.443, 93
Trd, 4319028.943, 93
Trd, 4319029.793, 93
Trd, 4319031.893, 116
Trd, 4319032.743, 98
Trd, 4319034.393, 92
Trd, 4319035.393, 91
Trd, 4319035.493, 93
Trd, 4319036.243, 95
Trd, 4319037.293, 95
Trd, 4319038.893, 99
Trd, 4319039.643, 109
Trd, 4319039.693, 113
Trd, 4319043.443, 104
Trd, 4319044.743, 105
Trd, 4319051.293, 105
Trd, 4319053.593, 103
Trd, 4319055.993, 105
Trd, 4319056.993, 100
Trd, 4319058.693, 105
Trd, 4319060.143, 104
Trd, 4319062.793, 104
Trd, 4319063.943, 100
Trd, 4319065.643, 101
Trd, 4319066.993, 99
Trd, 4319067.793, 101
Trd, 4319071.293, 97
Trd, 4319071.943, 101
Trd, 4319073.143, 98
Trd, 4319074.793, 100
Trd, 4319074.943, 122
Trd, 4319075.693, 88
Trd, 4319078.393, 97
Trd, 4319079.043, 120
Trd, 4319079.443, 119
Trd, 4319081.043, 118
Trd, 4319083.193, 105
Trd, 4319084.493, 103
Trd, 4319085.293, 103
Trd, 4319085.893, 122
Trd, 4319087.293, 94
Trd, 4319087.593, 112
Trd, 4319088.443, 104
Trd, 4319089.443, 85
Trd, 4319090.543, 95
Trd, 4319092.693, 102
Trd, 4319093.543, 103
Trd, 4319095.143, 103
Trd, 4319097.193, 101
Trd, 4319098.743, 103
Trd, 4319099.343, 103
Trd, 4319100.343, 101
Trd, 4319101.743, 100
Trd, 4319104.993, 95
Trd, 4319106.093, 99
Trd, 4319106.793, 98
Trd, 4319109.443, 93
Trd, 4319110.243, 95
Trd, 4319110.593, 96
Trd, 4319110.693, 120
Trd, 4319114.143, 101
Trd, 4319115.543, 95
Trd, 4319116.443, 97
Trd, 4319116.843, 96
Trd, 4319121.293, 95
Trd, 4319122.443, 95
Trd, 4319124.493, 95
Trd, 4319124.743, 115
Trd, 4319130.693, 98
Trd, 4319131.643, 97
Trd, 4319131.793, 96
Trd, 4319132.893, 96
Trd, 4319134.443, 96
Trd, 4319134.843, 104
Trd, 4319136.543, 95
Trd, 4319137.743, 98
Trd, 4319138.693, 98
Trd, 4319140.743, 96
Trd, 4319141.593, 98
Trd, 4319141.693, 98
Trd, 4319142.743, 74
Trd, 4319143.393, 88
Trd, 4319144.443, 92
Trd, 4319146.143, 103
Trd, 4319146.743, 113
Trd, 4319146.993, 103
Trd, 4319148.693, 93
Trd, 4319150.393, 85
Trd, 4319151.693, 92
Trd, 4319151.943, 91
Trd, 4319153.343, 98
Trd, 4319154.843, 97
Trd, 4319154.993, 121
Trd, 4319159.093, 98
Trd, 4319159.993, 95
Trd, 4319161.193, 95
Trd, 4319161.593, 100
Trd, 4319164.693, 100
Trd, 4319166.093, 98
Trd, 4319168.543, 95
Trd, 4319169.393, 96
Trd, 4319170.743, 96
Trd, 4319171.643, 96
Trd, 4319171.943, 106
Trd, 4319172.543, 99
Trd, 4319173.293, 96
Trd, 4319177.543, 99
Trd, 4319178.993, 98
Trd, 4319179.493, 98
Trd, 4319179.743, 101
Trd, 4319183.193, 98
Trd, 4319184.093, 99
Trd, 4319184.693, 99
Trd, 4319186.943, 113
Trd, 4319189.543, 100
Trd, 4319189.893, 99
Trd, 4319190.693, 102
Trd, 4319191.143, 101
Trd, 4319192.343, 104
Trd, 4319193.393, 102
Trd, 4319195.493, 95
Trd, 4319196.143, 99
Trd, 4319196.693, 96
Trd, 4319197.693, 115
Trd, 4319199.293, 99
Trd, 4319204.643, 101
Trd, 4319205.143, 101
Trd, 4319206.893, 113
Trd, 4319208.843, 104
Trd, 4319209.743, 100
Trd, 4319211.893, 99
Trd, 4319213.093, 100
Trd, 4319213.343, 91
Trd, 4319215.493, 100
Trd, 4319218.443, 98
Trd, 4319219.443, 97
Trd, 4319222.293, 97
Trd, 4319222.493, 96
Trd, 4319224.293, 90
Trd, 4319224.993, 93
Trd, 4319225.143, 92
Trd, 4319226.243, 91
Trd, 4319227.343, 103
Trd, 4319228.793, 93
Trd, 4319230.043, 93
Trd, 4319231.193, 96
Trd, 4319231.693, 95
Trd, 4319232.193, 106
Trd, 4319236.843, 97
Trd, 4319238.693, 97
Trd, 4319239.893, 94
Trd, 4319240.143, 93
Trd, 4319240.643, 94
Trd, 4319242.793, 95
Trd, 4319244.493, 98
Trd, 4319244.943, 95
Trd, 4319246.143, 95
Trd, 4319246.793, 95
Trd, 4319248.093, 96
Trd, 4319250.543, 111
Trd, 4319252.793, 98
Trd, 4319253.143, 99
Trd, 4319255.693, 105
Trd, 4319256.243, 103
Trd, 4319257.993, 101
Trd, 4319259.543, 99
Trd, 4319260.443, 102
Trd, 4319261.043, 102
Trd, 4319263.793, 98
Trd, 4319264.843, 102
Trd, 4319265.343, 102
Trd, 4319267.093, 97
Trd, 4319267.693, 102
Trd, 4319268.243, 106
Trd, 4319270.893, 122
Trd, 4319271.643, 121
Trd, 4319274.493, 95
Trd, 4319276.043, 94
Trd, 4319276.343, 91
Trd, 4319276.893, 113
Trd, 4319279.143, 99
Trd, 4319281.143, 100
Trd, 4319282.493, 99
Trd, 4319283.143, 100
Trd, 4319283.593, 107
Trd, 4319284.643, 98
Trd, 4319286.793, 96
Trd, 4319288.043, 96
Trd, 4319289.143, 106
Trd, 4319290.493, 100
Trd, 4319290.693, 94
Trd, 4319292.393, 98
Trd, 4319294.543, 95
Trd, 4319295.343, 96
Trd, 4319295.993, 91
Trd, 4319299.543, 95
Trd, 4319300.093, 104
Trd, 4319300.493, 98
Trd, 4319301.693, 96
Trd, 4319301.743, 98
Trd, 4319302.943, 98
Trd, 4319307.093, 97
Trd, 4319310.393, 97
Trd, 4319314.543, 97
Trd, 4319316.343, 96
Trd, 4319316.593, 97
Trd, 4319318.043, 97
Trd, 4319319.793, 97
Trd, 4319322.793, 97
Trd, 4319323.543, 96
Trd, 4319324.743, 114
Trd, 4319325.243, 94
Trd, 4319328.043, 100
Trd, 4319328.143, 100
Trd, 4319329.843, 96
Trd, 4319330.393, 99
Trd, 4319335.393, 98
Trd, 4319335.543, 95
Trd, 4319336.393, 93
Trd, 4319339.193, 114
Trd, 4319339.743, 94
Trd, 4319340.143, 97
Trd, 4319340.393, 100
Trd, 4319341.993, 97
Trd, 4319342.843, 96
Trd, 4319343.793, 122
Trd, 4319344.193, 84
Trd, 4319345.293, 94
Trd, 4319346.693, 98
Trd, 4319347.893, 97
Trd, 4319350.543, 118
Trd, 4319351.643, 97
Trd, 4319352.093, 101
Trd, 4319356.893, 100
Trd, 4319356.943, 100
Trd, 4319361.093, 100
Trd, 4319362.343, 100
Trd, 4319363.243, 99
Trd, 4319363.643, 100
Trd, 4319364.693, 98
Trd, 4319365.393, 101
Trd, 4319368.193, 96
Trd, 4319369.243, 100
Trd, 4319371.793, 101
Trd, 4319374.643, 100
Trd, 4319374.793, 97
Trd, 4319376.043, 100
Trd, 4319380.943, 99
Trd, 4319381.743, 99
Trd, 4319384.943, 96
Trd, 4319386.043, 99
Trd, 4319387.643, 98
Trd, 4319389.293, 98
Trd, 4319390.793, 98
Trd, 4319391.393, 97
Trd, 4319391.993, 98
Trd, 4319392.793, 98
Trd, 4319396.293, 95
Trd, 4319396.343, 99
Trd, 4319398.093, 93
Trd, 4319398.793, 98
Trd, 4319399.293, 99
Trd, 4319401.343, 113
Trd, 4319404.643, 102
Trd, 4319409.093, 101
Trd, 4319411.143, 100
Trd, 4319411.193, 102
Trd, 4319411.843, 103
Trd, 4319412.293, 102
Trd, 4319413.643, 103
Trd, 4319416.343, 113
Trd, 4319419.193, 101
Trd, 4319419.893, 102
Trd, 4319420.093, 104
Trd, 4319421.893, 103
Trd, 4319424.993, 103
Trd, 4319425.293, 103
Trd, 4319427.093, 100
Trd, 4319428.543, 103
Trd, 4319430.393, 99
Trd, 4319431.093, 99
Trd, 4319432.093, 95
Trd, 4319433.543, 106
Trd, 4319435.293, 98
Trd, 4319435.893, 101
Trd, 4319437.193, 101
Trd, 4319437.493, 96
Trd, 4319439.743, 101
Trd, 4319439.993, 94
Trd, 4319443.293, 102
Trd, 4319444.943, 101
Trd, 4319445.243, 98
Trd, 4319446.793, 98
Trd, 4319447.143, 100
Trd, 4319449.993, 100
Trd, 4319450.793, 101
Trd, 4319453.343, 97
Trd, 4319454.193, 96
Trd, 4319454.243, 97
Trd, 4319454.393, 96
Trd, 4319456.893, 96
Trd, 4319458.493, 90
Trd, 4319459.143, 93
Trd, 4319459.643, 94
Trd, 4319461.243, 94
Trd, 4319464.143, 102
Trd, 4319464.493, 114
Trd, 4319466.993, 102
Trd, 4319469.343, 102
Trd, 4319473.293, 100
Trd, 4319473.493, 97
Trd, 4319474.543, 102
Trd, 4319475.143, 107
Trd, 4319476.643, 104
Trd, 4319476.893, 104
Trd, 4319476.943, 104
Trd, 4319477.543, 97
Trd, 4319477.643, 85
Trd, 4319481.893, 93
Trd, 4319482.643, 93
Trd, 4319484.043, 93
Trd, 4319486.143, 95
Trd, 4319486.193, 106
Trd, 4319488.093, 98
Trd, 4319491.043, 97
Trd, 4319494.293, 97
Trd, 4319495.143, 101
Trd, 4319495.993, 103
Trd, 4319496.893, 101
Trd, 4319499.043, 101
Trd, 4319499.543, 100
Trd, 4319500.393, 115
Trd, 4319502.493, 98
Trd, 4319504.043, 117
Trd, 4319506.693, 105
Trd, 4319507.493, 99
Trd, 4319509.443, 105
Trd, 4319509.843, 105
Trd, 4319510.643, 105
Trd, 4319511.643, 102
Trd, 4319514.743, 104
Trd, 4319516.543, 105
Trd, 4319518.693, 105
Trd, 4319518.993, 102
Trd, 4319521.443, 105
Trd, 4319522.843, 105
Trd, 4319524.893, 101
Trd, 4319529.593, 100
Trd, 4319530.743, 104
Trd, 4319532.043, 103
Trd, 4319532.393, 98
Trd, 4319533.193, 92
Trd, 4319533.843, 103
Trd, 4319536.743, 100
Trd, 4319537.793, 104
Trd, 4319538.993, 103
Trd, 4319539.943, 116
Trd, 4319541.893, 88
Trd, 4319542.193, 101
Trd, 4319542.793, 107
Trd, 4319544.393, 92
Trd, 4319544.943, 94
Trd, 4319548.493, 95
Trd, 4319548.843, 96
Trd, 4319550.243, 96
Trd, 4319552.193, 98
Trd, 4319552.493, 97
Trd, 4319554.493, 96
Trd, 4319555.293, 96
Trd, 4319558.043, 95
Trd, 4319558.843, 106
Trd, 4319559.993, 93
Trd, 4319561.393, 95
Trd, 4319561.943, 95
Trd, 4319563.693, 95
Trd, 4319565.693, 95
Trd, 4319567.293, 106
Trd, 4319569.843, 100
Trd, 4319571.093, 101
Trd, 4319571.493, 101
Trd, 4319573.943, 94
Trd, 4319574.243, 99
Trd, 4319574.393, 100
Trd, 4319575.993, 97
Trd, 4319576.593, 98
Trd, 4319580.843, 98
Trd, 4319581.693, 99
Trd, 4319585.193, 97
Trd, 4319585.293, 99
Trd, 4319586.093, 98
Trd, 4319586.393, 99
Trd, 4319587.293, 93
Trd, 4319588.243, 96
Trd, 4319590.843, 95
Trd, 4319590.993, 99
Trd, 4319591.543, 84
Trd, 4319592.593, 95
Trd, 4319594.293, 96
Trd, 4319596.043, 95
Trd, 4319597.943, 93
Trd, 4319598.193, 92
Trd, 4319598.793, 95
Trd, 4319599.293, 95
Trd, 4319601.493, 95
Trd, 4319603.643, 95
Trd, 4319604.193, 117
Trd, 4319606.293, 99
Trd, 4319606.593, 103
Trd, 4319608.293, 102
Trd, 4319610.243, 96
Trd, 4319610.943, 98
Trd, 4319611.343, 95
Trd, 4319613.293, 97
Trd, 4319613.393, 83
Trd, 4319614.543, 98
Trd, 4319615.643, 93
Trd, 4319615.693, 117
Trd, 4319618.943, 96
Trd, 4319623.143, 99
Trd, 4319625.443, 109
Trd, 4319625.893, 106
Trd, 4319628.243, 103
Trd, 4319629.593, 103
Trd, 4319632.093, 103
Trd, 4319632.593, 103
Trd, 4319633.043, 101
Trd, 4319635.243, 103
Trd, 4319635.293, 99
Trd, 4319636.143, 103
Trd, 4319639.043, 103
Trd, 4319642.443, 102
Trd, 4319642.543, 102
Trd, 4319643.693, 101
Trd, 4319645.843, 102
Trd, 4319649.393, 101
Trd, 4319650.293, 101
Trd, 4319651.743, 102
Trd, 4319651.793, 100
Trd, 4319653.493, 98
Trd, 4319653.993, 98
Trd, 4319654.193, 94
Trd, 4319657.893, 113
Trd, 4319659.493, 98
Trd, 4319659.893, 99
Trd, 4319660.543, 98
Trd, 4319661.993, 99
Trd, 4319663.993, 99
Trd, 4319664.893, 99
Trd, 4319665.993, 97
Trd, 4319668.443, 86
Trd, 4319669.793, 91
Trd, 4319671.443, 90
Trd, 4319673.093, 89
Trd, 4319673.593, 90
Trd, 4319675.943, 96
Trd, 4319678.593, 92
Trd, 4319678.943, 96
Trd, 4319680.143, 94
Trd, 4319683.093, 113
Trd, 4319684.293, 119
Trd, 4319684.843, 114
Trd, 4319685.043, 116
Trd, 4319687.343, 104
Trd, 4319689.593, 99
Trd, 4319690.043, 96
Trd, 4319690.443, 84
Trd, 4319691.793, 91
Trd, 4319692.493, 95
Trd, 4319693.693, 96
Trd, 4319694.843, 114
Trd, 4319695.593, 83
Trd, 4319696.843, 93
Trd, 4319697.443, 90
Trd, 4319697.693, 96
Trd, 4319701.893, 91
Trd, 4319702.693, 96
Trd, 4319702.843, 92
Trd, 4319703.043, 117
Trd, 4319704.393, 83
Trd, 4319704.693, 98
Trd, 4319706.443, 97
Trd, 4319711.493, 94
Trd, 4319711.793, 92
Trd, 4319712.393, 94
Trd, 4319715.293, 93
Trd, 4319715.843, 94
Trd, 4319719.343, 94
Trd, 4319720.343, 95
Trd, 4319722.693, 95
Trd, 4319724.593, 94
Trd, 4319727.143, 95
Trd, 4319727.343, 93
Trd, 4319728.643, 95
Trd, 4319729.693, 95
Trd, 4319731.043, 96
Trd, 4319731.843, 109
Trd, 4319736.543, 97
Trd, 4319738.843, 92
Trd, 4319738.893, 97
Trd, 4319739.143, 97
Trd, 4319743.943, 93
Trd, 4319744.043, 93
Trd, 4319746.393, 91
Trd, 4319747.443, 93
Trd, 4319751.393, 94
Trd, 4319753.543, 93
Trd, 4319754.793, 94
Trd, 4319755.993, 92
Trd, 4319756.293, 94
Trd, 4319757.893, 95
Trd, 4319758.493, 94
Trd, 4319759.243, 91
Trd, 4319761.343, 94
Trd, 4319761.943, 104
Trd, 4319762.993, 100
Trd, 4319763.293, 99
Trd, 4319764.893, 116
Trd, 4319765.543, 114
Trd, 4319767.393, 112
Trd, 4319767.493, 104
Trd, 4319767.643, 102
Trd, 4319769.493, 103
Trd, 4319769.543, 104
Trd, 4319773.193, 100
Trd, 4319773.493, 105
Trd, 4319776.043, 104
Trd, 4319778.243, 103
Trd, 4319778.543, 103
Trd, 4319779.993, 102
Trd, 4319782.593, 99
Trd, 4319783.243, 98
Trd, 4319784.693, 89
Trd, 4319785.393, 85
Trd, 4319786.443, 93
Trd, 4319786.993, 94
Trd, 4319787.443, 93
Trd, 4319788.793, 95
Trd, 4319788.993, 113
Trd, 4319791.293, 81
Trd, 4319791.593, 86
Trd, 4319792.293, 101
Trd, 4319794.293, 116
Trd, 4319796.243, 95
Trd, 4319796.793, 95
Trd, 4319797.143, 98
Trd, 4319798.593, 122
Trd, 4319800.443, 102
Trd, 4319800.793, 103
Trd, 4319803.793, 101
Trd, 4319805.043, 99
Trd, 4319806.093, 93
Trd, 4319806.193, 96
Trd, 4319806.843, 95
Trd, 4319809.693, 94
Trd, 4319809.793, 93
Trd, 4319810.743, 95
Trd, 4319811.043, 96
Trd, 4319813.593, 95
Trd, 4319815.243, 96
Trd, 4319815.793, 102
Trd, 4319816.143, 112
Trd, 4319816.543, 98
Trd, 4319819.593, 102
Trd, 4319819.843, 99
Trd, 4319821.943, 102
Trd, 4319822.793, 103
Trd, 4319824.093, 98
Trd, 4319824.793, 103
Trd, 4319826.693, 102
Trd, 4319828.293, 102
Trd, 4319831.993, 102
Trd, 4319832.993, 103
Trd, 4319834.793, 103
Trd, 4319835.393, 103
Trd, 4319837.893, 103
Trd, 4319838.293, 102
Trd, 4319838.493, 91
Trd, 4319839.843, 103
Trd, 4319841.693, 102
Trd, 4319841.943, 101
Trd, 4319842.543, 85
Trd, 4319844.043, 102
Trd, 4319844.643, 111
Trd, 4319844.993, 113
Trd, 4319847.643, 107
Trd, 4319849.043, 103
Trd, 4319851.143, 106
Trd, 4319851.643, 106
Trd, 4319853.843, 106
Trd, 4319854.943, 102
Trd, 4319857.543, 106
Trd, 4319858.993, 106
Trd, 4319861.293, 102
Trd, 4319867.343, 105
Trd, 4319868.343, 101
Trd, 4319868.893, 101
Trd, 4319871.743, 96
Trd, 4319872.093, 95
Trd, 4319872.493, 96
Trd, 4319873.993, 98
Trd, 4319875.993, 96
Trd, 4319877.443, 96
Trd, 4319878.743, 94
Trd, 4319881.343, 98
Trd, 4319881.993, 95
Trd, 4319882.993, 94
Trd, 4319883.693, 97
Trd, 4319884.493, 97
Trd, 4319884.843, 97
Trd, 4319886.543, 97
Trd, 4319886.993, 97
Trd, 4319890.443, 90
Trd, 4319890.943, 99
Trd, 4319891.643, 98
Trd, 4319892.743, 110
Trd, 4319894.743, 98
Trd, 4319897.393, 97
Trd, 4319897.943, 119
Trd, 4319898.893, 105
Trd, 4319900.293, 106
Trd, 4319902.093, 104
Trd, 4319902.693, 102
Trd, 4319903.993, 101
Trd, 4319906.693, 100
Trd, 4319909.343, 97
Trd, 4319910.943, 98
Trd, 4319912.293, 103
Trd, 4319912.393, 107
Trd, 4319913.193, 98
Trd, 4319917.293, 102
Trd, 4319918.843, 102
Trd, 4319920.143, 99
Trd, 4319920.693, 103
Trd, 4319920.943, 120
Trd, 4319922.443, 103
Trd, 4319927.593, 104
Trd, 4319929.143, 102
Trd, 4319930.143, 103
Trd, 4319930.643, 99
Trd, 4319932.793, 99
Trd, 4319933.343, 98
Trd, 4319933.843, 84
Trd, 4319934.893, 99
Trd, 4319936.443, 99
Trd, 4319937.443, 96
Trd, 4319937.593, 94
Trd, 4319941.193, 98
Trd, 4319941.393, 98
Trd, 4319942.393, 100
Trd, 4319943.993, 91
Trd, 4319946.743, 94
Trd, 4319947.293, 95
Trd, 4319949.493, 99
Trd, 4319949.993, 100
Trd, 4319951.093, 95
Trd, 4319951.993, 100
Trd, 4319952.493, 113
Trd, 4319954.843, 107
Trd, 4319954.893, 96
Trd, 4319956.093, 101
Trd, 4319958.293, 96
Trd, 4319959.443, 94
Trd, 4319959.943, 98
Trd, 4319960.693, 100
Trd, 4319961.393, 97
Trd, 4319962.143, 98
Trd, 4319962.393, 93
Trd, 4319963.543, 113
Trd, 4319964.643, 102
Trd, 4319965.393, 101
Trd, 4319969.193, 97
Trd, 4319970.243, 98
Trd, 4319970.993, 99
Trd, 4319972.543, 102
Trd, 4319973.043, 99
Trd, 4319974.993, 92
Trd, 4319976.843, 95
Trd, 4319977.043, 113
Trd, 4319979.043, 95
Trd, 4319979.543, 101
Trd, 4319980.643, 99
Trd, 4319982.543, 91
Trd, 4319984.143, 93
Trd, 4319984.443, 96
Trd, 4319985.543, 106
Trd, 4319988.543, 83
Trd, 4319989.743, 98
Trd, 4319991.043, 97
Trd, 4319992.743, 93
Trd, 4319993.193, 98
Trd, 4319996.893, 97
Trd, 4319996.943, 98
Trd, 4319999.993, 99
