Trd, 4317786.893, 95
Trd, 4317786.993, 95
Trd, 4317788.893, 94
Trd, 4317791.843, 93
Trd, 4317793.493, 93
Trd, 4317793.943, 95
Trd, 4317797.943, 95
Trd, 4317799.993, 95
Trd, 4317801.193, 93
Trd, 4317802.943, 95
Trd, 4317804.393, 95
Trd, 4317806.843, 95
Trd, 4317806.893, 95
Trd, 4317809.393, 96
Trd, 4317809.593, 95
Trd, 4317810.993, 95
Trd, 4317812.143, 94
Trd, 4317813.743, 94
Trd, 4317813.843, 94
Trd, 4317815.943, 95
Trd, 4317816.543, 95
Trd, 4317817.093, 96
Trd, 4317823.693, 94
Trd, 4317824.543, 95
Trd, 4317825.693, 95
Trd, 4317827.093, 96
Trd, 4317828.743, 96
Trd, 4317830.993, 95
Trd, 4317832.943, 95
Trd, 4317835.293, 97
Trd, 4317835.743, 96
Trd, 4317836.343, 95
Trd, 4317837.693, 96
Trd, 4317839.643, 95
Trd, 4317842.143, 96
Trd, 4317845.343, 95
Trd, 4317846.543, 95
Trd, 4317846.743, 96
Trd, 4317847.393, 96
Trd, 4317848.793, 96
Trd, 4317852.243, 97
Trd, 4317853.493, 95
Trd, 4317858.143, 95
Trd, 4317858.693, 96
Trd, 4317860.943, 95
Trd, 4317863.793, 96
Trd, 4317864.843, 95
Trd, 4317865.743, 97
Trd, 4317866.493, 96
Trd, 4317869.543, 95
Trd, 4317869.643, 95
Trd, 4317873.143, 97
Trd, 4317873.943, 96
Trd, 4317874.643, 95
Trd, 4317876.093, 94
Trd, 4317877.843, 95
Trd, 4317880.893, 95
Trd, 4317881.243, 94
Trd, 4317882.243, 95
Trd, 4317885.693, 94
Trd, 4317890.043, 93
Trd, 4317890.293, 94
Trd, 4317891.493, 94
Trd, 4317896.693, 94
Trd, 4317897.093, 92
Trd, 4317897.643, 93
Trd, 4317901.643, 93
Trd, 4317902.793, 92
Trd, 4317903.093, 92
Trd, 4317904.893, 93
Trd, 4317906.293, 94
Trd, 4317907.393, 92
Trd, 4317913.993, 93
Trd, 4317914.843, 94
Trd, 4317915.293, 93
Trd, 4317916.043, 96
Trd, 4317917.143, 95
Trd, 4317918.543, 94
Trd, 4317920.343, 96
Trd, 4317920.493, 96
Trd, 4317920.943, 95
Trd, 4317922.593, 96
Trd, 4317922.993, 95
Trd, 4317926.593, 95
Trd, 4317927.293, 94
Trd, 4317927.593, 94
Trd, 4317929.543, 94
Trd, 4317929.793, 93
Trd, 4317931.593, 95
Trd, 4317932.843, 96
Trd, 4317934.193, 96
Trd, 4317934.593, 96
Trd, 4317935.543, 95
Trd, 4317936.943, 95
Trd, 4317938.143, 95
Trd, 4317940.393, 95
Trd, 4317940.893, 95
Trd, 4317941.193, 94
Trd, 4317945.293, 94
Trd, 4317945.343, 93
Trd, 4317949.193, 94
Trd, 4317949.543, 93
Trd, 4317951.093, 93
Trd, 4317951.693, 92
Trd, 4317952.693, 92
Trd, 4317953.393, 92
Trd, 4317954.243, 91
Trd, 4317956.743, 93
Trd, 4317957.193, 90
Trd, 4317961.093, 91
Trd, 4317962.493, 93
Trd, 4317963.993, 94
Trd, 4317967.193, 92
Trd, 4317969.843, 94
Trd, 4317971.793, 95
Trd, 4317973.893, 96
Trd, 4317974.543, 94
Trd, 4317978.893, 96
Trd, 4317979.343, 94
Trd, 4317979.843, 94
Trd, 4317980.143, 92
Trd, 4317980.643, 95
Trd, 4317984.593, 94
Trd, 4317985.193, 92
Trd, 4317986.943, 94
Trd, 4317989.243, 94
Trd, 4317989.293, 93
Trd, 4317989.843, 94
Trd, 4317992.893, 93
Trd, 4317996.243, 93
Trd, 4317996.643, 94
Trd, 4318000.093, 94
Trd, 4318000.943, 94
Trd, 4318001.193, 92
Trd, 4318002.393, 93
Trd, 4318003.343, 92
Trd, 4318006.143, 92
Trd, 4318006.843, 91
Trd, 4318009.043, 92
Trd, 4318011.943, 92
Trd, 4318012.693, 91
Trd, 4318015.493, 92
Trd, 4318016.843, 93
Trd, 4318019.093, 91
Trd, 4318022.343, 93
Trd, 4318023.093, 93
Trd, 4318024.343, 91
Trd, 4318026.093, 95
Trd, 4318027.743, 93
Trd, 4318030.543, 94
Trd, 4318031.843, 93
Trd, 4318032.943, 94
Trd, 4318036.193, 93
Trd, 4318038.243, 93
Trd, 4318038.643, 94
Trd, 4318040.493, 93
Trd, 4318042.493, 92
Trd, 4318044.343, 94
Trd, 4318044.743, 94
Trd, 4318048.093, 93
Trd, 4318050.493, 91
Trd, 4318050.843, 88
Trd, 4318051.143, 88
Trd, 4318052.993, 89
Trd, 4318055.193, 94
Trd, 4318055.893, 93
Trd, 4318058.243, 95
Trd, 4318060.943, 96
Trd, 4318062.343, 99
Trd, 4318063.793, 97
Trd, 4318065.193, 98
Trd, 4318066.843, 97
Trd, 4318070.643, 96
Trd, 4318074.343, 99
Trd, 4318074.793, 95
Trd, 4318077.643, 99
Trd, 4318077.843, 99
Trd, 4318078.143, 97
Trd, 4318080.243, 97
Trd, 4318084.893, 97
Trd, 4318088.393, 97
Trd, 4318090.743, 97
Trd, 4318091.693, 96
Trd, 4318095.643, 99
Trd, 4318096.843, 95
Trd, 4318097.743, 96
Trd, 4318100.643, 95
Trd, 4318104.143, 97
Trd, 4318106.093, 96
Trd, 4318106.693, 95
Trd, 4318109.743, 96
Trd, 4318110.943, 95
Trd, 4318112.293, 95
Trd, 4318112.993, 94
Trd, 4318115.693, 95
Trd, 4318115.943, 94
Trd, 4318116.693, 94
Trd, 4318118.393, 93
Trd, 4318118.993, 95
Trd, 4318123.793, 93
Trd, 4318124.643, 94
Trd, 4318125.443, 93
Trd, 4318127.543, 93
Trd, 4318128.243, 92
Trd, 4318129.493, 93
Trd, 4318130.643, 95
Trd, 4318132.293, 95
Trd, 4318134.493, 94
Trd, 4318134.893, 96
Trd, 4318134.943, 95
Trd, 4318139.243, 95
Trd, 4318140.693, 96
Trd, 4318142.893, 95
Trd, 4318147.743, 95
Trd, 4318147.943, 96
Trd, 4318148.293, 95
Trd, 4318149.393, 94
Trd, 4318149.443, 94
Trd, 4318150.293, 95
Trd, 4318150.343, 85
Trd, 4318156.893, 93
Trd, 4318158.793, 95
Trd, 4318159.593, 94
Trd, 4318161.143, 94
Trd, 4318161.993, 92
Trd, 4318162.843, 93
Trd, 4318165.093, 95
Trd, 4318165.493, 95
Trd, 4318167.143, 95
Trd, 4318167.393, 94
Trd, 4318173.893, 95
Trd, 4318176.993, 96
Trd, 4318177.543, 95
Trd, 4318180.643, 95
Trd, 4318183.643, 96
Trd, 4318184.043, 94
Trd, 4318185.443, 95
Trd, 4318188.393, 95
Trd, 4318188.493, 94
Trd, 4318190.643, 94
Trd, 4318191.943, 94
Trd, 4318193.643, 95
Trd, 4318195.643, 95
Trd, 4318195.743, 95
Trd, 4318196.543, 94
Trd, 4318198.443, 94
Trd, 4318199.393, 95
Trd, 4318203.193, 96
Trd, 4318204.593, 95
Trd, 4318207.393, 96
Trd, 4318207.993, 93
Trd, 4318211.293, 95
Trd, 4318211.493, 95
Trd, 4318211.743, 93
Trd, 4318218.693, 92
Trd, 4318219.343, 94
Trd, 4318221.443, 94
Trd, 4318223.143, 93
Trd, 4318224.243, 96
Trd, 4318224.693, 95
Trd, 4318225.793, 95
Trd, 4318227.243, 94
Trd, 4318227.793, 86
Trd, 4318228.943, 94
Trd, 4318229.843, 94
Trd, 4318230.993, 95
Trd, 4318232.743, 95
Trd, 4318234.743, 94
Trd, 4318236.143, 95
Trd, 4318238.293, 94
Trd, 4318238.643, 95
Trd, 4318239.993, 95
Trd, 4318245.743, 95
Trd, 4318246.543, 93
Trd, 4318248.193, 95
Trd, 4318248.243, 93
Trd, 4318251.593, 95
Trd, 4318252.393, 93
Trd, 4318253.093, 94
Trd, 4318254.543, 92
Trd, 4318257.393, 92
Trd, 4318259.393, 94
Trd, 4318260.043, 95
Trd, 4318263.043, 95
Trd, 4318263.643, 95
Trd, 4318265.543, 94
Trd, 4318267.993, 95
Trd, 4318268.593, 92
Trd, 4318273.843, 95
Trd, 4318275.493, 94
Trd, 4318276.393, 94
Trd, 4318279.693, 93
Trd, 4318280.293, 92
Trd, 4318282.193, 94
Trd, 4318282.793, 94
Trd, 4318284.643, 92
Trd, 4318287.243, 94
Trd, 4318287.993, 94
Trd, 4318288.793, 95
Trd, 4318289.293, 94
Trd, 4318289.793, 92
Trd, 4318294.893, 93
Trd, 4318296.593, 92
Trd, 4318297.243, 93
Trd, 4318297.593, 93
Trd, 4318298.743, 94
Trd, 4318303.643, 94
Trd, 4318303.993, 95
Trd, 4318307.793, 95
Trd, 4318314.943, 95
Trd, 4318315.293, 92
Trd, 4318316.843, 92
Trd, 4318321.193, 93
Trd, 4318321.743, 93
Trd, 4318323.143, 92
Trd, 4318324.893, 90
Trd, 4318325.093, 93
Trd, 4318328.543, 94
Trd, 4318330.443, 93
Trd, 4318331.443, 93
Trd, 4318332.743, 93
Trd, 4318333.643, 92
Trd, 4318334.043, 91
Trd, 4318334.993, 92
Trd, 4318336.743, 92
Trd, 4318337.193, 90
Trd, 4318340.043, 90
Trd, 4318341.843, 92
Trd, 4318345.843, 93
Trd, 4318346.693, 93
Trd, 4318347.143, 89
Trd, 4318349.443, 90
Trd, 4318350.493, 92
Trd, 4318350.843, 92
Trd, 4318352.493, 92
Trd, 4318356.343, 93
Trd, 4318356.793, 94
Trd, 4318358.643, 91
Trd, 4318358.943, 93
Trd, 4318359.993, 90
Trd, 4318365.193, 89
Trd, 4318368.843, 92
Trd, 4318369.393, 92
Trd, 4318369.843, 90
Trd, 4318372.893, 91
Trd, 4318377.243, 91
Trd, 4318377.343, 90
Trd, 4318377.393, 89
Trd, 4318377.543, 90
Trd, 4318380.393, 89
Trd, 4318380.843, 88
Trd, 4318382.493, 87
Trd, 4318385.043, 89
Trd, 4318385.943, 95
Trd, 4318389.093, 92
Trd, 4318390.293, 93
Trd, 4318391.443, 94
Trd, 4318391.843, 91
Trd, 4318393.143, 95
Trd, 4318394.293, 95
Trd, 4318395.293, 95
Trd, 4318396.443, 95
Trd, 4318398.593, 97
Trd, 4318398.693, 97
Trd, 4318401.793, 96
Trd, 4318404.893, 97
Trd, 4318405.143, 95
Trd, 4318407.843, 95
Trd, 4318410.043, 94
Trd, 4318413.993, 95
Trd, 4318414.493, 94
Trd, 4318415.743, 94
Trd, 4318418.093, 93
Trd, 4318418.793, 95
Trd, 4318419.193, 95
Trd, 4318421.343, 95
Trd, 4318422.793, 95
Trd, 4318423.843, 95
Trd, 4318424.543, 95
Trd, 4318426.143, 96
Trd, 4318426.393, 94
Trd, 4318430.393, 95
Trd, 4318431.143, 95
Trd, 4318432.393, 95
Trd, 4318433.143, 94
Trd, 4318437.443, 95
Trd, 4318438.143, 94
Trd, 4318440.393, 94
Trd, 4318441.293, 75
Trd, 4318441.693, 86
Trd, 4318444.043, 94
Trd, 4318444.143, 93
Trd, 4318445.443, 92
Trd, 4318446.143, 93
Trd, 4318447.093, 92
Trd, 4318450.543, 92
Trd, 4318451.643, 94
Trd, 4318452.893, 93
Trd, 4318455.843, 94
Trd, 4318456.493, 94
Trd, 4318456.893, 93
Trd, 4318459.343, 94
Trd, 4318463.493, 93
Trd, 4318464.043, 94
Trd, 4318464.393, 93
Trd, 4318465.843, 93
Trd, 4318467.043, 94
Trd, 4318469.193, 94
Trd, 4318473.793, 93
Trd, 4318473.843, 94
Trd, 4318476.743, 94
Trd, 4318476.843, 93
Trd, 4318477.543, 95
Trd, 4318479.943, 95
Trd, 4318481.943, 94
Trd, 4318483.543, 94
Trd, 4318487.643, 94
Trd, 4318488.543, 94
Trd, 4318489.043, 95
Trd, 4318489.193, 93
Trd, 4318492.643, 95
Trd, 4318493.243, 93
Trd, 4318494.043, 94
Trd, 4318498.043, 93
Trd, 4318498.093, 92
Trd, 4318498.893, 92
Trd, 4318499.893, 93
Trd, 4318501.293, 93
Trd, 4318502.043, 93
Trd, 4318502.293, 92
Trd, 4318503.643, 94
Trd, 4318506.243, 95
Trd, 4318506.943, 95
Trd, 4318510.793, 95
Trd, 4318512.143, 95
Trd, 4318512.443, 94
Trd, 4318514.243, 95
Trd, 4318515.343, 93
Trd, 4318518.493, 95
Trd, 4318524.893, 96
Trd, 4318526.543, 95
Trd, 4318528.893, 95
Trd, 4318535.593, 95
Trd, 4318539.043, 95
Trd, 4318541.843, 94
Trd, 4318544.293, 95
Trd, 4318544.343, 94
Trd, 4318544.493, 93
Trd, 4318546.343, 93
Trd, 4318548.443, 93
Trd, 4318548.893, 94
Trd, 4318549.593, 95
Trd, 4318549.993, 95
Trd, 4318551.893, 94
Trd, 4318553.043, 95
Trd, 4318553.093, 93
Trd, 4318554.543, 93
Trd, 4318554.743, 94
Trd, 4318557.893, 93
Trd, 4318561.593, 94
Trd, 4318563.243, 94
Trd, 4318564.793, 94
Trd, 4318565.643, 93
Trd, 4318568.593, 93
Trd, 4318572.343, 93
Trd, 4318573.343, 92
Trd, 4318573.393, 93
Trd, 4318574.093, 92
Trd, 4318575.543, 93
Trd, 4318577.493, 93
Trd, 4318578.693, 91
Trd, 4318580.493, 94
Trd, 4318581.193, 95
Trd, 4318582.793, 95
Trd, 4318584.493, 95
Trd, 4318585.493, 95
Trd, 4318585.843, 94
Trd, 4318587.043, 86
Trd, 4318590.593, 95
Trd, 4318590.743, 93
Trd, 4318592.593, 95
Trd, 4318592.843, 94
Trd, 4318595.993, 94
Trd, 4318596.393, 95
Trd, 4318600.443, 95
Trd, 4318602.743, 95
Trd, 4318602.843, 96
Trd, 4318604.093, 95
Trd, 4318606.043, 97
Trd, 4318609.843, 95
Trd, 4318609.993, 94
Trd, 4318611.043, 95
Trd, 4318611.393, 94
Trd, 4318614.493, 95
Trd, 4318616.193, 95
Trd, 4318618.843, 94
Trd, 4318619.693, 95
Trd, 4318620.093, 94
Trd, 4318620.793, 95
Trd, 4318622.343, 93
Trd, 4318624.293, 96
Trd, 4318626.493, 96
Trd, 4318627.493, 95
Trd, 4318629.343, 95
Trd, 4318631.993, 95
Trd, 4318632.393, 95
Trd, 4318635.043, 96
Trd, 4318638.143, 95
Trd, 4318638.793, 95
Trd, 4318639.693, 95
Trd, 4318642.093, 95
Trd, 4318643.093, 96
Trd, 4318644.993, 93
Trd, 4318649.143, 96
Trd, 4318649.443, 95
Trd, 4318652.493, 95
Trd, 4318654.043, 94
Trd, 4318657.993, 96
Trd, 4318659.143, 95
Trd, 4318659.343, 94
Trd, 4318662.143, 96
Trd, 4318663.543, 95
Trd, 4318669.443, 94
Trd, 4318671.793, 94
Trd, 4318674.593, 95
Trd, 4318678.043, 93
Trd, 4318679.143, 94
Trd, 4318679.843, 94
Trd, 4318681.493, 93
Trd, 4318682.643, 93
Trd, 4318685.443, 93
Trd, 4318686.793, 94
Trd, 4318687.043, 94
Trd, 4318689.993, 92
Trd, 4318693.593, 92
Trd, 4318695.193, 93
Trd, 4318695.843, 91
Trd, 4318698.093, 92
Trd, 4318699.743, 92
Trd, 4318700.193, 93
Trd, 4318701.793, 95
Trd, 4318704.393, 95
Trd, 4318705.293, 95
Trd, 4318707.043, 94
Trd, 4318708.743, 93
Trd, 4318711.543, 96
Trd, 4318713.093, 95
Trd, 4318715.993, 95
Trd, 4318716.393, 94
Trd, 4318717.743, 95
Trd, 4318719.093, 95
Trd, 4318720.093, 96
Trd, 4318721.443, 96
Trd, 4318724.893, 96
Trd, 4318725.493, 95
Trd, 4318725.943, 95
Trd, 4318726.843, 96
Trd, 4318730.593, 93
Trd, 4318732.243, 95
Trd, 4318733.043, 94
Trd, 4318734.493, 93
Trd, 4318734.743, 95
Trd, 4318736.143, 93
Trd, 4318738.043, 95
Trd, 4318738.193, 95
Trd, 4318742.193, 94
Trd, 4318743.343, 96
Trd, 4318743.893, 95
Trd, 4318750.793, 95
Trd, 4318751.293, 95
Trd, 4318753.543, 96
Trd, 4318753.593, 95
Trd, 4318754.293, 94
Trd, 4318754.443, 94
Trd, 4318755.393, 93
Trd, 4318755.793, 92
Trd, 4318759.243, 93
Trd, 4318760.093, 92
Trd, 4318760.143, 92
Trd, 4318762.193, 91
Trd, 4318762.993, 94
Trd, 4318765.093, 93
Trd, 4318765.893, 91
Trd, 4318771.693, 91
Trd, 4318771.993, 92
Trd, 4318773.293, 91
Trd, 4318773.593, 91
Trd, 4318774.143, 91
Trd, 4318778.243, 92
Trd, 4318782.243, 90
Trd, 4318783.343, 92
Trd, 4318783.693, 90
Trd, 4318783.893, 92
Trd, 4318790.143, 90
Trd, 4318792.143, 91
Trd, 4318794.593, 92
Trd, 4318794.943, 89
Trd, 4318795.393, 90
Trd, 4318796.843, 93
Trd, 4318798.093, 92
Trd, 4318799.843, 93
Trd, 4318799.993, 92
Trd, 4318802.343, 93
Trd, 4318806.743, 93
Trd, 4318807.543, 93
Trd, 4318808.443, 92
Trd, 4318809.793, 93
Trd, 4318812.843, 93
Trd, 4318812.993, 92
Trd, 4318814.393, 91
Trd, 4318814.893, 94
Trd, 4318817.143, 91
Trd, 4318818.143, 95
Trd, 4318819.843, 90
Trd, 4318823.943, 93
Trd, 4318824.693, 92
Trd, 4318824.843, 91
Trd, 4318825.043, 89
Trd, 4318827.043, 90
Trd, 4318828.343, 91
Trd, 4318830.143, 92
Trd, 4318833.343, 91
Trd, 4318833.843, 90
Trd, 4318837.093, 91
Trd, 4318840.643, 90
Trd, 4318841.893, 95
Trd, 4318842.743, 93
Trd, 4318844.693, 93
Trd, 4318844.793, 93
Trd, 4318844.993, 94
Trd, 4318847.193, 93
Trd, 4318848.643, 93
Trd, 4318848.943, 92
Trd, 4318851.343, 93
Trd, 4318854.843, 94
Trd, 4318858.043, 93
Trd, 4318858.243, 92
Trd, 4318858.643, 92
Trd, 4318858.993, 91
Trd, 4318860.443, 93
Trd, 4318861.543, 94
Trd, 4318862.843, 92
Trd, 4318865.993, 95
Trd, 4318868.393, 95
Trd, 4318871.993, 95
Trd, 4318872.243, 95
Trd, 4318872.443, 93
Trd, 4318873.993, 93
Trd, 4318878.243, 94
Trd, 4318879.393, 95
Trd, 4318881.143, 94
Trd, 4318886.493, 95
Trd, 4318887.143, 95
Trd, 4318889.143, 102
Trd, 4318889.543, 101
Trd, 4318890.193, 101
Trd, 4318891.743, 100
Trd, 4318893.993, 101
Trd, 4318894.143, 100
Trd, 4318895.093, 99
Trd, 4318895.543, 100
Trd, 4318895.943, 99
Trd, 4318897.443, 97
Trd, 4318897.643, 95
Trd, 4318899.793, 98
Trd, 4318899.993, 96
Trd, 4318904.743, 98
Trd, 4318906.543, 97
Trd, 4318907.043, 98
Trd, 4318908.193, 97
Trd, 4318912.593, 97
Trd, 4318914.193, 97
Trd, 4318918.193, 97
Trd, 4318918.843, 96
Trd, 4318919.543, 97
Trd, 4318924.643, 98
Trd, 4318925.243, 98
Trd, 4318926.243, 97
Trd, 4318926.793, 96
Trd, 4318930.693, 96
Trd, 4318932.843, 95
Trd, 4318932.943, 96
Trd, 4318934.043, 95
Trd, 4318934.093, 94
Trd, 4318937.293, 96
Trd, 4318937.343, 94
Trd, 4318941.743, 95
Trd, 4318941.793, 95
Trd, 4318943.243, 96
Trd, 4318945.093, 95
Trd, 4318947.943, 95
Trd, 4318948.793, 96
Trd, 4318949.343, 95
Trd, 4318951.593, 95
Trd, 4318956.193, 96
Trd, 4318956.793, 96
Trd, 4318957.743, 95
Trd, 4318959.243, 94
Trd, 4318960.343, 96
Trd, 4318962.843, 94
Trd, 4318963.393, 96
Trd, 4318964.643, 95
Trd, 4318967.543, 95
Trd, 4318968.143, 94
Trd, 4318970.993, 95
Trd, 4318971.143, 93
Trd, 4318972.743, 93
Trd, 4318976.543, 95
Trd, 4318977.893, 92
Trd, 4318980.793, 95
Trd, 4318982.993, 95
Trd, 4318983.743, 94
Trd, 4318983.793, 93
Trd, 4318986.143, 92
Trd, 4318988.543, 91
Trd, 4318988.743, 93
Trd, 4318992.143, 91
Trd, 4318995.793, 93
Trd, 4318997.443, 93
Trd, 4318997.793, 92
Trd, 4318998.443, 90
Trd, 4318999.693, 92
Trd, 4319002.193, 93
Trd, 4319003.443, 93
Trd, 4319004.593, 91
Trd, 4319005.343, 94
Trd, 4319009.043, 94
Trd, 4319009.193, 95
Trd, 4319009.293, 93
Trd, 4319012.743, 95
Trd, 4319013.643, 92
Trd, 4319018.193, 94
Trd, 4319018.493, 95
Trd, 4319021.043, 95
Trd, 4319023.393, 91
Trd, 4319024.793, 95
Trd, 4319025.393, 96
Trd, 4319029.543, 95
Trd, 4319030.093, 96
Trd, 4319034.793, 95
Trd, 4319035.243, 95
Trd, 4319040.793, 96
Trd, 4319042.843, 95
Trd, 4319043.943, 95
Trd, 4319047.143, 94
Trd, 4319047.793, 96
Trd, 4319049.343, 95
Trd, 4319050.093, 95
Trd, 4319050.293, 93
Trd, 4319052.443, 95
Trd, 4319055.343, 92
Trd, 4319056.293, 95
Trd, 4319057.393, 95
Trd, 4319058.793, 95
Trd, 4319060.143, 94
Trd, 4319063.143, 95
Trd, 4319064.143, 94
Trd, 4319065.793, 95
Trd, 4319069.243, 95
Trd, 4319072.143, 95
Trd, 4319072.743, 94
Trd, 4319076.893, 93
Trd, 4319078.793, 93
Trd, 4319078.843, 95
Trd, 4319080.643, 94
Trd, 4319081.193, 93
Trd, 4319084.243, 94
Trd, 4319087.293, 94
Trd, 4319087.643, 94
Trd, 4319091.793, 93
Trd, 4319092.043, 94
Trd, 4319094.743, 94
Trd, 4319095.043, 95
Trd, 4319096.693, 93
Trd, 4319102.293, 95
Trd, 4319103.243, 95
Trd, 4319103.893, 92
Trd, 4319106.793, 94
Trd, 4319109.093, 94
Trd, 4319110.643, 94
Trd, 4319113.293, 95
Trd, 4319113.543, 92
Trd, 4319114.593, 95
Trd, 4319116.943, 92
Trd, 4319121.193, 94
Trd, 4319123.893, 95
Trd, 4319124.743, 95
Trd, 4319130.143, 95
Trd, 4319131.193, 94
Trd, 4319131.343, 94
Trd, 4319135.743, 95
Trd, 4319136.143, 93
Trd, 4319137.093, 92
Trd, 4319139.543, 92
Trd, 4319140.993, 92
Trd, 4319141.793, 91
Trd, 4319148.243, 92
Trd, 4319149.393, 92
Trd, 4319150.093, 93
Trd, 4319150.793, 94
Trd, 4319152.343, 92
Trd, 4319154.793, 93
Trd, 4319156.093, 93
Trd, 4319159.493, 92
Trd, 4319160.543, 91
Trd, 4319161.243, 93
Trd, 4319166.493, 93
Trd, 4319168.143, 93
Trd, 4319168.243, 91
Trd, 4319171.593, 91
Trd, 4319172.243, 93
Trd, 4319174.693, 93
Trd, 4319176.293, 92
Trd, 4319176.793, 91
Trd, 4319178.893, 91
Trd, 4319180.643, 90
Trd, 4319182.193, 91
Trd, 4319185.093, 90
Trd, 4319185.193, 89
Trd, 4319185.893, 90
Trd, 4319186.393, 89
Trd, 4319189.293, 90
Trd, 4319192.643, 91
Trd, 4319197.043, 89
Trd, 4319197.243, 90
Trd, 4319197.443, 89
Trd, 4319197.693, 89
Trd, 4319198.843, 90
Trd, 4319200.293, 91
Trd, 4319201.243, 89
Trd, 4319204.043, 91
Trd, 4319205.793, 90
Trd, 4319208.843, 91
Trd, 4319208.943, 91
Trd, 4319210.993, 90
Trd, 4319214.593, 91
Trd, 4319215.093, 91
Trd, 4319215.693, 90
Trd, 4319218.543, 90
Trd, 4319219.443, 89
Trd, 4319220.643, 88
Trd, 4319223.243, 91
Trd, 4319226.993, 90
Trd, 4319230.243, 91
Trd, 4319231.543, 89
Trd, 4319231.693, 91
Trd, 4319232.793, 89
Trd, 4319237.343, 90
Trd, 4319237.593, 90
Trd, 4319239.343, 89
Trd, 4319240.143, 90
Trd, 4319246.693, 90
Trd, 4319246.893, 90
Trd, 4319247.793, 89
Trd, 4319248.293, 90
Trd, 4319249.393, 95
Trd, 4319252.293, 94
Trd, 4319253.793, 94
Trd, 4319254.893, 95
Trd, 4319258.043, 95
Trd, 4319259.043, 95
Trd, 4319260.043, 95
Trd, 4319260.143, 96
Trd, 4319261.793, 94
Trd, 4319263.643, 94
Trd, 4319264.893, 95
Trd, 4319267.393, 95
Trd, 4319268.343, 95
Trd, 4319271.493, 95
Trd, 4319272.293, 95
Trd, 4319272.693, 93
Trd, 4319276.243, 94
Trd, 4319278.543, 95
Trd, 4319279.593, 95
Trd, 4319280.393, 95
Trd, 4319280.593, 96
Trd, 4319284.293, 96
Trd, 4319286.193, 95
Trd, 4319288.443, 95
Trd, 4319289.343, 95
Trd, 4319289.543, 94
Trd, 4319290.343, 94
Trd, 4319291.393, 96
Trd, 4319293.843, 97
Trd, 4319294.693, 96
Trd, 4319297.193, 95
Trd, 4319298.843, 94
Trd, 4319302.293, 96
Trd, 4319302.743, 95
Trd, 4319306.643, 95
Trd, 4319307.693, 95
Trd, 4319312.493, 95
Trd, 4319312.693, 95
Trd, 4319313.693, 95
Trd, 4319316.493, 96
Trd, 4319319.193, 94
Trd, 4319321.343, 95
Trd, 4319321.393, 94
Trd, 4319322.393, 93
Trd, 4319322.693, 95
Trd, 4319325.293, 92
Trd, 4319325.493, 94
Trd, 4319325.793, 93
Trd, 4319328.893, 93
Trd, 4319329.343, 94
Trd, 4319334.343, 94
Trd, 4319336.243, 94
Trd, 4319336.293, 94
Trd, 4319336.893, 93
Trd, 4319337.643, 94
Trd, 4319340.793, 94
Trd, 4319341.343, 93
Trd, 4319341.943, 92
Trd, 4319343.293, 93
Trd, 4319344.093, 93
Trd, 4319347.293, 92
Trd, 4319351.493, 91
Trd, 4319352.543, 93
Trd, 4319354.243, 92
Trd, 4319355.693, 93
Trd, 4319356.593, 91
Trd, 4319357.993, 94
Trd, 4319360.443, 95
Trd, 4319361.643, 98
Trd, 4319362.393, 97
Trd, 4319366.943, 96
Trd, 4319368.493, 97
Trd, 4319368.743, 96
Trd, 4319370.393, 96
Trd, 4319370.993, 95
Trd, 4319371.493, 95
Trd, 4319376.143, 96
Trd, 4319376.293, 95
Trd, 4319381.293, 96
Trd, 4319382.343, 95
Trd, 4319383.943, 94
Trd, 4319384.843, 95
Trd, 4319388.443, 95
Trd, 4319391.193, 95
Trd, 4319393.643, 96
Trd, 4319397.643, 95
Trd, 4319401.643, 95
Trd, 4319402.343, 95
Trd, 4319404.543, 96
Trd, 4319407.243, 94
Trd, 4319411.343, 96
Trd, 4319411.893, 94
Trd, 4319417.493, 95
Trd, 4319419.993, 95
Trd, 4319423.693, 96
Trd, 4319424.193, 95
Trd, 4319426.593, 95
Trd, 4319426.993, 93
Trd, 4319427.693, 92
Trd, 4319427.793, 93
Trd, 4319430.543, 95
Trd, 4319432.593, 95
Trd, 4319434.843, 94
Trd, 4319435.593, 95
Trd, 4319436.393, 93
Trd, 4319438.093, 93
Trd, 4319441.993, 97
Trd, 4319442.193, 96
Trd, 4319444.043, 97
Trd, 4319444.243, 96
Trd, 4319447.943, 96
Trd, 4319448.543, 95
Trd, 4319448.843, 95
Trd, 4319449.143, 94
Trd, 4319452.993, 94
Trd, 4319454.143, 94
Trd, 4319454.543, 95
Trd, 4319457.143, 93
Trd, 4319457.193, 94
Trd, 4319458.543, 94
Trd, 4319459.243, 96
Trd, 4319463.243, 96
Trd, 4319463.443, 96
Trd, 4319465.643, 95
Trd, 4319465.893, 95
Trd, 4319468.443, 95
Trd, 4319468.793, 94
Trd, 4319468.893, 94
Trd, 4319470.393, 94
Trd, 4319472.793, 95
Trd, 4319472.893, 95
Trd, 4319474.893, 95
Trd, 4319476.943, 95
Trd, 4319480.693, 95
Trd, 4319482.893, 96
Trd, 4319484.643, 94
Trd, 4319487.443, 95
Trd, 4319489.493, 96
Trd, 4319492.693, 95
Trd, 4319493.893, 95
Trd, 4319494.043, 95
Trd, 4319494.443, 95
Trd, 4319495.793, 94
Trd, 4319497.993, 94
Trd, 4319502.093, 94
Trd, 4319503.243, 93
Trd, 4319504.643, 93
Trd, 4319505.693, 92
Trd, 4319506.443, 92
Trd, 4319506.993, 91
Trd, 4319507.243, 94
Trd, 4319508.793, 94
Trd, 4319511.343, 97
Trd, 4319511.693, 96
Trd, 4319512.393, 96
Trd, 4319514.543, 96
Trd, 4319515.243, 95
Trd, 4319519.493, 94
Trd, 4319520.943, 98
Trd, 4319521.943, 95
Trd, 4319522.293, 94
Trd, 4319523.843, 94
Trd, 4319530.793, 95
Trd, 4319531.343, 94
Trd, 4319531.893, 93
Trd, 4319532.043, 94
Trd, 4319536.243, 93
Trd, 4319536.293, 92
Trd, 4319536.493, 92
Trd, 4319537.443, 95
Trd, 4319538.843, 94
Trd, 4319541.643, 94
Trd, 4319541.893, 95
Trd, 4319542.193, 94
Trd, 4319544.493, 98
Trd, 4319545.293, 97
Trd, 4319545.443, 97
Trd, 4319547.643, 96
Trd, 4319550.093, 98
Trd, 4319554.843, 96
Trd, 4319557.643, 97
Trd, 4319557.743, 95
Trd, 4319558.393, 94
Trd, 4319559.043, 96
Trd, 4319559.443, 96
Trd, 4319566.843, 95
Trd, 4319567.843, 97
Trd, 4319568.643, 95
Trd, 4319572.543, 96
Trd, 4319572.893, 95
Trd, 4319573.143, 95
Trd, 4319574.393, 94
Trd, 4319575.893, 95
Trd, 4319576.293, 94
Trd, 4319576.743, 93
Trd, 4319577.243, 86
Trd, 4319579.943, 93
Trd, 4319581.443, 90
Trd, 4319582.893, 91
Trd, 4319583.743, 92
Trd, 4319584.243, 89
Trd, 4319587.793, 92
Trd, 4319589.143, 90
Trd, 4319591.093, 92
Trd, 4319593.393, 90
Trd, 4319595.693, 92
Trd, 4319596.693, 89
Trd, 4319598.143, 90
Trd, 4319601.593, 89
Trd, 4319604.243, 90
Trd, 4319604.743, 88
Trd, 4319606.543, 90
Trd, 4319607.543, 91
Trd, 4319609.693, 91
Trd, 4319610.593, 90
Trd, 4319612.493, 92
Trd, 4319614.893, 90
Trd, 4319617.243, 92
Trd, 4319619.993, 91
Trd, 4319621.593, 91
Trd, 4319622.393, 90
Trd, 4319624.393, 89
Trd, 4319625.243, 91
Trd, 4319626.393, 91
Trd, 4319629.693, 91
Trd, 4319630.593, 91
Trd, 4319631.143, 90
Trd, 4319633.643, 94
Trd, 4319636.193, 93
Trd, 4319636.793, 92
Trd, 4319637.343, 95
Trd, 4319638.643, 95
Trd, 4319639.943, 95
Trd, 4319640.393, 94
Trd, 4319643.543, 93
Trd, 4319644.543, 95
Trd, 4319646.843, 93
Trd, 4319650.343, 95
Trd, 4319650.693, 93
Trd, 4319654.043, 95
Trd, 4319656.143, 92
Trd, 4319657.043, 95
Trd, 4319657.343, 95
Trd, 4319661.093, 95
Trd, 4319661.593, 94
Trd, 4319664.943, 94
Trd, 4319666.693, 95
Trd, 4319667.293, 95
Trd, 4319669.543, 95
Trd, 4319670.093, 94
Trd, 4319673.543, 93
Trd, 4319673.693, 94
Trd, 4319674.593, 95
Trd, 4319674.893, 94
Trd, 4319677.143, 95
Trd, 4319677.693, 95
Trd, 4319678.043, 94
Trd, 4319681.143, 94
Trd, 4319684.593, 95
Trd, 4319686.343, 94
Trd, 4319686.493, 95
Trd, 4319686.893, 94
Trd, 4319690.593, 95
Trd, 4319691.393, 95
Trd, 4319691.443, 94
Trd, 4319694.893, 95
Trd, 4319695.993, 95
Trd, 4319696.093, 94
Trd, 4319696.193, 94
Trd, 4319696.793, 93
Trd, 4319700.543, 93
Trd, 4319701.693, 94
Trd, 4319703.293, 94
Trd, 4319704.993, 93
Trd, 4319705.743, 92
Trd, 4319708.393, 91
Trd, 4319709.143, 93
Trd, 4319709.243, 91
Trd, 4319710.393, 94
Trd, 4319714.193, 92
Trd, 4319714.593, 90
Trd, 4319718.493, 91
Trd, 4319720.543, 93
Trd, 4319720.743, 91
Trd, 4319721.793, 93
Trd, 4319724.993, 93
Trd, 4319727.293, 92
Trd, 4319728.143, 91
Trd, 4319729.193, 92
Trd, 4319729.393, 91
Trd, 4319730.493, 95
Trd, 4319732.043, 95
Trd, 4319733.143, 95
Trd, 4319734.643, 95
Trd, 4319736.143, 94
Trd, 4319739.543, 95
Trd, 4319742.243, 96
Trd, 4319743.543, 94
Trd, 4319744.293, 95
Trd, 4319744.343, 94
Trd, 4319745.043, 94
Trd, 4319748.393, 97
Trd, 4319749.893, 95
Trd, 4319751.293, 96
Trd, 4319752.943, 95
Trd, 4319753.793, 94
Trd, 4319757.643, 95
Trd, 4319761.193, 96
Trd, 4319761.293, 95
Trd, 4319762.543, 98
Trd, 4319763.193, 97
Trd, 4319766.243, 96
Trd, 4319766.593, 96
Trd, 4319767.393, 94
Trd, 4319768.293, 95
Trd, 4319770.993, 95
Trd, 4319771.693, 94
Trd, 4319772.343, 94
Trd, 4319775.443, 95
Trd, 4319776.343, 95
Trd, 4319777.443, 94
Trd, 4319779.793, 93
Trd, 4319781.893, 94
Trd, 4319781.993, 93
Trd, 4319782.893, 94
Trd, 4319783.043, 92
Trd, 4319787.193, 93
Trd, 4319787.893, 92
Trd, 4319789.943, 92
Trd, 4319790.743, 93
Trd, 4319790.793, 91
Trd, 4319794.293, 93
Trd, 4319797.193, 92
Trd, 4319799.093, 91
Trd, 4319799.993, 93
Trd, 4319803.243, 95
Trd, 4319803.343, 94
Trd, 4319803.643, 92
Trd, 4319805.393, 96
Trd, 4319805.893, 96
Trd, 4319809.343, 97
Trd, 4319810.593, 95
Trd, 4319816.443, 94
Trd, 4319816.643, 95
Trd, 4319816.993, 95
Trd, 4319818.343, 95
Trd, 4319820.843, 94
Trd, 4319821.193, 95
Trd, 4319822.943, 95
Trd, 4319823.993, 94
Trd, 4319826.393, 95
Trd, 4319827.443, 93
Trd, 4319828.543, 95
Trd, 4319828.693, 93
Trd, 4319834.193, 94
Trd, 4319835.843, 94
Trd, 4319835.993, 95
Trd, 4319836.143, 93
Trd, 4319839.293, 93
Trd, 4319840.493, 94
Trd, 4319841.543, 93
Trd, 4319841.943, 92
Trd, 4319843.793, 92
Trd, 4319844.293, 95
Trd, 4319847.693, 94
Trd, 4319850.093, 95
Trd, 4319851.693, 94
Trd, 4319853.993, 95
Trd, 4319854.043, 93
Trd, 4319854.143, 95
Trd, 4319855.593, 95
Trd, 4319859.393, 94
Trd, 4319859.543, 95
Trd, 4319863.093, 94
Trd, 4319866.543, 93
Trd, 4319867.393, 94
Trd, 4319869.543, 95
Trd, 4319874.643, 94
Trd, 4319874.793, 93
Trd, 4319876.093, 92
Trd, 4319876.543, 85
Trd, 4319877.643, 93
Trd, 4319877.943, 89
Trd, 4319878.343, 68
Trd, 4319881.243, 91
Trd, 4319884.093, 95
Trd, 4319885.893, 97
Trd, 4319886.143, 95
Trd, 4319888.143, 97
Trd, 4319888.243, 96
Trd, 4319889.393, 98
Trd, 4319889.993, 96
Trd, 4319891.143, 95
Trd, 4319892.143, 96
Trd, 4319894.143, 97
Trd, 4319894.493, 97
Trd, 4319894.693, 95
Trd, 4319897.843, 97
Trd, 4319900.093, 97
Trd, 4319900.593, 96
Trd, 4319901.693, 98
Trd, 4319901.993, 98
Trd, 4319902.843, 96
Trd, 4319906.243, 96
Trd, 4319908.593, 98
Trd, 4319914.643, 96
Trd, 4319915.643, 96
Trd, 4319915.893, 95
Trd, 4319916.193, 96
Trd, 4319918.693, 96
Trd, 4319921.543, 95
Trd, 4319923.293, 95
Trd, 4319924.843, 96
Trd, 4319926.043, 95
Trd, 4319928.343, 95
Trd, 4319929.493, 96
Trd, 4319932.843, 96
Trd, 4319932.943, 95
Trd, 4319934.943, 95
Trd, 4319935.993, 94
Trd, 4319937.043, 94
Trd, 4319938.443, 93
Trd, 4319939.443, 94
Trd, 4319942.893, 93
Trd, 4319943.043, 94
Trd, 4319946.993, 95
Trd, 4319948.293, 95
Trd, 4319950.393, 94
Trd, 4319953.443, 95
Trd, 4319953.793, 94
Trd, 4319953.943, 93
Trd, 4319955.943, 95
Trd, 4319956.043, 94
Trd, 4319957.243, 93
Trd, 4319961.793, 96
Trd, 4319963.893, 95
Trd, 4319964.943, 95
Trd, 4319967.993, 95
Trd, 4319968.493, 95
Trd, 4319969.943, 96
Trd, 4319973.443, 95
Trd, 4319975.393, 97
Trd, 4319975.643, 96
Trd, 4319977.543, 95
Trd, 4319978.043, 96
Trd, 4319979.793, 95
Trd, 4319982.543, 95
Trd, 4319983.243, 95
Trd, 4319983.393, 94
Trd, 4319984.943, 93
Trd, 4319985.693, 95
Trd, 4319985.943, 93
Trd, 4319988.993, 94
Trd, 4319991.493, 92
Trd, 4319993.343, 94
Trd, 4319994.593, 94
Trd, 4319996.893, 94
Trd, 4319997.643, 93
Trd, 4319999.943, 93
