Trd, 4317877.993, 99
Trd, 4317879.493, 100
Trd, 4317880.143, 99
Trd, 4317881.643, 100
Trd, 4317883.693, 102
Trd, 4317884.893, 99
Trd, 4317884.993, 100
Trd, 4317887.143, 102
Trd, 4317890.143, 100
Trd, 4317890.743, 99
Trd, 4317891.193, 98
Trd, 4317892.493, 97
Trd, 4317892.543, 98
Trd, 4317894.543, 98
Trd, 4317896.993, 98
Trd, 4317897.393, 98
Trd, 4317898.593, 97
Trd, 4317901.693, 97
Trd, 4317903.643, 98
Trd, 4317904.693, 97
Trd, 4317904.893, 98
Trd, 4317905.193, 98
Trd, 4317905.793, 98
Trd, 4317906.293, 104
Trd, 4317909.193, 104
Trd, 4317910.743, 105
Trd, 4317912.593, 106
Trd, 4317913.543, 107
Trd, 4317914.593, 107
Trd, 4317916.493, 106
Trd, 4317918.243, 104
Trd, 4317918.943, 103
Trd, 4317920.443, 103
Trd, 4317920.993, 104
Trd, 4317921.993, 102
Trd, 4317923.793, 100
Trd, 4317924.393, 101
Trd, 4317926.593, 96
Trd, 4317926.793, 104
Trd, 4317928.293, 93
Trd, 4317928.943, 93
Trd, 4317929.843, 93
Trd, 4317931.143, 93
Trd, 4317931.343, 104
Trd, 4317932.143, 95
Trd, 4317935.243, 99
Trd, 4317935.543, 98
Trd, 4317935.993, 106
Trd, 4317937.193, 101
Trd, 4317939.643, 95
Trd, 4317939.943, 95
Trd, 4317940.693, 94
Trd, 4317942.693, 91
Trd, 4317942.743, 93
Trd, 4317945.793, 99
Trd, 4317946.093, 99
Trd, 4317946.193, 97
Trd, 4317948.393, 96
Trd, 4317949.393, 99
Trd, 4317950.893, 96
Trd, 4317951.643, 95
Trd, 4317952.593, 97
Trd, 4317953.593, 95
Trd, 4317953.843, 95
Trd, 4317955.243, 95
Trd, 4317956.793, 95
Trd, 4317959.193, 94
Trd, 4317959.693, 94
Trd, 4317961.243, 94
Trd, 4317962.643, 95
Trd, 4317963.643, 94
Trd, 4317964.643, 93
Trd, 4317967.793, 92
Trd, 4317968.943, 91
Trd, 4317969.643, 92
Trd, 4317971.593, 91
Trd, 4317973.393, 103
Trd, 4317974.293, 103
Trd, 4317975.443, 112
Trd, 4317976.893, 108
Trd, 4317979.043, 103
Trd, 4317981.193, 108
Trd, 4317981.243, 110
Trd, 4317981.993, 110
Trd, 4317984.443, 108
Trd, 4317985.093, 106
Trd, 4317986.143, 104
Trd, 4317988.043, 104
Trd, 4317990.393, 103
Trd, 4317990.843, 102
Trd, 4317992.993, 101
Trd, 4317993.043, 100
Trd, 4317994.243, 100
Trd, 4317998.293, 96
Trd, 4317998.993, 94
Trd, 4317999.893, 93
Trd, 4318000.693, 95
Trd, 4318001.893, 95
Trd, 4318002.993, 99
Trd, 4318003.893, 97
Trd, 4318007.393, 95
Trd, 4318008.293, 94
Trd, 4318008.693, 93
Trd, 4318009.343, 92
Trd, 4318012.943, 101
Trd, 4318014.043, 99
Trd, 4318014.343, 98
Trd, 4318015.943, 97
Trd, 4318016.493, 99
Trd, 4318018.093, 102
Trd, 4318020.393, 96
Trd, 4318020.643, 96
Trd, 4318021.993, 96
Trd, 4318023.143, 97
Trd, 4318025.693, 95
Trd, 4318025.993, 96
Trd, 4318028.293, 96
Trd, 4318031.493, 96
Trd, 4318034.443, 94
Trd, 4318035.443, 94
Trd, 4318035.643, 95
Trd, 4318036.243, 95
Trd, 4318036.943, 94
Trd, 4318038.493, 95
Trd, 4318040.893, 93
Trd, 4318041.243, 92
Trd, 4318042.243, 93
Trd, 4318042.593, 94
Trd, 4318044.843, 93
Trd, 4318044.943, 93
Trd, 4318046.893, 102
Trd, 4318048.293, 97
Trd, 4318048.643, 96
Trd, 4318049.443, 96
Trd, 4318051.093, 96
Trd, 4318051.843, 101
Trd, 4318052.493, 96
Trd, 4318052.643, 96
Trd, 4318053.543, 95
Trd, 4318054.993, 96
Trd, 4318055.893, 95
Trd, 4318056.393, 95
Trd, 4318058.943, 96
Trd, 4318059.193, 95
Trd, 4318061.293, 111
Trd, 4318062.493, 100
Trd, 4318063.343, 99
Trd, 4318064.793, 100
Trd, 4318065.043, 99
Trd, 4318065.793, 98
Trd, 4318066.943, 98
Trd, 4318071.443, 97
Trd, 4318071.743, 98
Trd, 4318072.543, 98
Trd, 4318075.943, 103
Trd, 4318076.043, 103
Trd, 4318076.443, 102
Trd, 4318078.043, 100
Trd, 4318079.843, 96
Trd, 4318080.943, 95
Trd, 4318082.243, 94
Trd, 4318082.993, 95
Trd, 4318083.693, 94
Trd, 4318083.893, 93
Trd, 4318084.143, 92
Trd, 4318086.143, 102
Trd, 4318089.843, 95
Trd, 4318090.193, 96
Trd, 4318090.293, 95
Trd, 4318091.443, 95
Trd, 4318091.693, 95
Trd, 4318094.843, 95
Trd, 4318095.843, 96
Trd, 4318096.243, 104
Trd, 4318098.943, 105
Trd, 4318099.793, 105
Trd, 4318100.593, 103
Trd, 4318101.393, 104
Trd, 4318101.693, 103
Trd, 4318105.093, 95
Trd, 4318105.243, 95
Trd, 4318106.143, 92
Trd, 4318106.993, 93
Trd, 4318108.143, 94
Trd, 4318111.843, 93
Trd, 4318113.043, 93
Trd, 4318113.243, 94
Trd, 4318113.993, 94
Trd, 4318116.193, 104
Trd, 4318118.043, 111
Trd, 4318118.143, 108
Trd, 4318118.393, 112
Trd, 4318121.293, 111
Trd, 4318122.243, 110
Trd, 4318123.393, 103
Trd, 4318124.343, 101
Trd, 4318125.093, 100
Trd, 4318125.493, 99
Trd, 4318127.543, 102
Trd, 4318128.243, 101
Trd, 4318128.743, 100
Trd, 4318131.343, 98
Trd, 4318131.493, 100
Trd, 4318133.993, 99
Trd, 4318135.243, 98
Trd, 4318135.743, 98
Trd, 4318138.993, 93
Trd, 4318139.243, 92
Trd, 4318139.793, 94
Trd, 4318141.443, 95
Trd, 4318143.293, 103
Trd, 4318143.593, 118
Trd, 4318145.043, 98
Trd, 4318145.093, 99
Trd, 4318145.893, 99
Trd, 4318147.593, 99
Trd, 4318149.093, 100
Trd, 4318152.043, 100
Trd, 4318152.093, 100
Trd, 4318152.693, 106
Trd, 4318156.143, 95
Trd, 4318156.243, 96
Trd, 4318156.443, 100
Trd, 4318158.543, 94
Trd, 4318159.943, 95
Trd, 4318160.893, 95
Trd, 4318161.643, 96
Trd, 4318163.793, 95
Trd, 4318164.043, 95
Trd, 4318164.343, 95
Trd, 4318165.643, 95
Trd, 4318167.443, 95
Trd, 4318168.093, 95
Trd, 4318169.793, 100
Trd, 4318173.043, 102
Trd, 4318174.543, 100
Trd, 4318174.843, 99
Trd, 4318175.193, 101
Trd, 4318177.593, 104
Trd, 4318178.193, 103
Trd, 4318179.543, 102
Trd, 4318179.593, 104
Trd, 4318181.943, 100
Trd, 4318183.443, 98
Trd, 4318185.243, 98
Trd, 4318186.993, 98
Trd, 4318187.593, 97
Trd, 4318187.693, 114
Trd, 4318191.993, 96
Trd, 4318192.343, 96
Trd, 4318192.393, 97
Trd, 4318193.643, 95
Trd, 4318195.443, 96
Trd, 4318195.643, 95
Trd, 4318196.893, 95
Trd, 4318199.093, 99
Trd, 4318200.893, 99
Trd, 4318201.593, 100
Trd, 4318202.793, 99
Trd, 4318204.993, 98
Trd, 4318206.493, 95
Trd, 4318207.593, 92
Trd, 4318208.843, 90
Trd, 4318209.493, 90
Trd, 4318210.393, 91
Trd, 4318210.693, 90
Trd, 4318210.943, 95
Trd, 4318214.393, 90
Trd, 4318214.893, 91
Trd, 4318216.443, 91
Trd, 4318218.593, 92
Trd, 4318218.693, 93
Trd, 4318221.043, 93
Trd, 4318222.743, 99
Trd, 4318224.543, 97
Trd, 4318224.593, 101
Trd, 4318225.643, 97
Trd, 4318228.293, 97
Trd, 4318230.393, 97
Trd, 4318231.543, 97
Trd, 4318231.793, 96
Trd, 4318233.543, 96
Trd, 4318235.643, 95
Trd, 4318235.693, 98
Trd, 4318236.693, 97
Trd, 4318239.843, 99
Trd, 4318240.093, 100
Trd, 4318241.143, 99
Trd, 4318243.643, 97
Trd, 4318244.593, 96
Trd, 4318246.343, 97
Trd, 4318248.543, 96
Trd, 4318249.093, 95
Trd, 4318249.443, 95
Trd, 4318250.243, 94
Trd, 4318251.793, 94
Trd, 4318253.043, 93
Trd, 4318254.993, 96
Trd, 4318255.543, 95
Trd, 4318256.843, 96
Trd, 4318257.993, 96
Trd, 4318258.243, 95
Trd, 4318258.293, 96
Trd, 4318262.393, 98
Trd, 4318264.143, 97
Trd, 4318265.193, 98
Trd, 4318265.793, 98
Trd, 4318267.243, 98
Trd, 4318268.393, 98
Trd, 4318268.593, 97
Trd, 4318270.093, 97
Trd, 4318272.143, 96
Trd, 4318272.643, 97
Trd, 4318274.743, 98
Trd, 4318275.793, 98
Trd, 4318277.793, 99
Trd, 4318279.843, 94
Trd, 4318280.193, 93
Trd, 4318281.793, 91
Trd, 4318282.793, 92
Trd, 4318283.843, 92
Trd, 4318284.943, 91
Trd, 4318287.043, 91
Trd, 4318289.193, 91
Trd, 4318290.343, 90
Trd, 4318290.543, 91
Trd, 4318294.293, 95
Trd, 4318294.943, 94
Trd, 4318296.943, 92
Trd, 4318297.643, 93
Trd, 4318298.243, 95
Trd, 4318300.093, 93
Trd, 4318300.143, 93
Trd, 4318303.093, 101
Trd, 4318303.143, 101
Trd, 4318303.993, 100
Trd, 4318304.543, 99
Trd, 4318305.393, 101
Trd, 4318308.443, 103
Trd, 4318309.443, 105
Trd, 4318310.343, 106
Trd, 4318310.893, 106
Trd, 4318312.643, 104
Trd, 4318314.193, 103
Trd, 4318316.893, 102
Trd, 4318316.943, 103
Trd, 4318317.443, 102
Trd, 4318318.043, 102
Trd, 4318318.993, 100
Trd, 4318321.293, 97
Trd, 4318322.343, 98
Trd, 4318323.543, 97
Trd, 4318325.743, 97
Trd, 4318325.893, 98
Trd, 4318329.893, 96
Trd, 4318330.993, 102
Trd, 4318331.893, 96
Trd, 4318331.993, 97
Trd, 4318333.693, 97
Trd, 4318334.343, 95
Trd, 4318334.893, 95
Trd, 4318336.193, 95
Trd, 4318337.293, 94
Trd, 4318340.243, 95
Trd, 4318341.343, 95
Trd, 4318341.793, 93
Trd, 4318342.543, 92
Trd, 4318344.893, 90
Trd, 4318345.193, 90
Trd, 4318346.393, 90
Trd, 4318346.643, 110
Trd, 4318348.093, 100
Trd, 4318351.293, 103
Trd, 4318351.393, 104
Trd, 4318351.643, 102
Trd, 4318352.093, 112
Trd, 4318354.743, 105
Trd, 4318356.993, 101
Trd, 4318358.293, 103
Trd, 4318358.843, 102
Trd, 4318360.293, 102
Trd, 4318362.293, 101
Trd, 4318363.693, 100
Trd, 4318364.043, 100
Trd, 4318364.993, 100
Trd, 4318366.693, 97
Trd, 4318367.193, 97
Trd, 4318367.793, 98
Trd, 4318369.193, 98
Trd, 4318374.143, 98
Trd, 4318374.193, 98
Trd, 4318375.793, 97
Trd, 4318376.093, 97
Trd, 4318376.693, 95
Trd, 4318377.743, 95
Trd, 4318377.843, 95
Trd, 4318377.943, 95
Trd, 4318382.393, 106
Trd, 4318382.843, 102
Trd, 4318383.493, 103
Trd, 4318383.543, 102
Trd, 4318383.993, 103
Trd, 4318385.843, 100
Trd, 4318386.043, 101
Trd, 4318390.493, 104
Trd, 4318391.193, 104
Trd, 4318391.543, 104
Trd, 4318393.993, 98
Trd, 4318394.393, 98
Trd, 4318395.893, 96
Trd, 4318397.543, 94
Trd, 4318398.693, 93
Trd, 4318399.193, 93
Trd, 4318401.393, 92
Trd, 4318402.343, 91
Trd, 4318402.993, 117
Trd, 4318404.693, 97
Trd, 4318407.043, 101
Trd, 4318408.093, 100
Trd, 4318409.693, 102
Trd, 4318411.143, 103
Trd, 4318411.743, 102
Trd, 4318411.893, 103
Trd, 4318413.193, 103
Trd, 4318414.143, 119
Trd, 4318414.843, 103
Trd, 4318416.143, 99
Trd, 4318416.843, 97
Trd, 4318418.543, 97
Trd, 4318419.443, 97
Trd, 4318422.143, 97
Trd, 4318425.393, 97
Trd, 4318427.543, 96
Trd, 4318428.343, 96
Trd, 4318429.343, 104
Trd, 4318430.093, 98
Trd, 4318432.293, 97
Trd, 4318433.143, 97
Trd, 4318434.293, 96
Trd, 4318434.343, 97
Trd, 4318437.243, 103
Trd, 4318438.243, 97
Trd, 4318440.043, 97
Trd, 4318440.593, 95
Trd, 4318440.643, 98
Trd, 4318442.993, 95
Trd, 4318444.193, 95
Trd, 4318444.293, 95
Trd, 4318446.143, 95
Trd, 4318447.143, 96
Trd, 4318448.993, 96
Trd, 4318451.793, 98
Trd, 4318452.393, 99
Trd, 4318452.543, 98
Trd, 4318452.893, 101
Trd, 4318457.743, 98
Trd, 4318457.993, 99
Trd, 4318459.993, 99
Trd, 4318460.393, 98
Trd, 4318464.093, 97
Trd, 4318464.343, 98
Trd, 4318465.293, 96
Trd, 4318467.443, 96
Trd, 4318468.243, 96
Trd, 4318469.193, 95
Trd, 4318471.143, 96
Trd, 4318471.743, 96
Trd, 4318471.843, 104
Trd, 4318474.893, 103
Trd, 4318475.543, 103
Trd, 4318476.093, 101
Trd, 4318477.793, 100
Trd, 4318479.243, 100
Trd, 4318480.743, 99
Trd, 4318482.493, 99
Trd, 4318483.343, 98
Trd, 4318484.393, 97
Trd, 4318485.393, 97
Trd, 4318485.943, 96
Trd, 4318489.843, 97
Trd, 4318490.293, 96
Trd, 4318490.743, 98
Trd, 4318491.293, 97
Trd, 4318492.743, 95
Trd, 4318493.193, 95
Trd, 4318494.893, 95
Trd, 4318495.543, 96
Trd, 4318498.343, 101
Trd, 4318499.943, 100
Trd, 4318500.843, 96
Trd, 4318501.143, 96
Trd, 4318502.843, 97
Trd, 4318502.993, 96
Trd, 4318503.843, 118
Trd, 4318509.743, 99
Trd, 4318511.243, 96
Trd, 4318511.493, 95
Trd, 4318511.793, 95
Trd, 4318512.893, 96
Trd, 4318515.443, 94
Trd, 4318516.293, 95
Trd, 4318516.643, 96
Trd, 4318517.193, 95
Trd, 4318517.893, 95
Trd, 4318518.543, 95
Trd, 4318521.293, 95
Trd, 4318523.043, 103
Trd, 4318525.943, 100
Trd, 4318525.993, 98
Trd, 4318527.793, 101
Trd, 4318530.093, 101
Trd, 4318530.693, 100
Trd, 4318531.143, 100
Trd, 4318532.043, 99
Trd, 4318534.343, 98
Trd, 4318535.443, 89
Trd, 4318536.693, 86
Trd, 4318536.793, 88
Trd, 4318537.693, 89
Trd, 4318538.893, 100
Trd, 4318540.793, 103
Trd, 4318542.743, 105
Trd, 4318542.843, 106
Trd, 4318544.693, 104
Trd, 4318545.393, 104
Trd, 4318546.193, 103
Trd, 4318546.493, 105
Trd, 4318551.193, 109
Trd, 4318551.243, 110
Trd, 4318552.093, 109
Trd, 4318552.193, 108
Trd, 4318553.643, 108
Trd, 4318554.043, 108
Trd, 4318555.793, 106
Trd, 4318557.293, 103
Trd, 4318557.343, 106
Trd, 4318560.193, 99
Trd, 4318560.343, 99
Trd, 4318561.793, 88
Trd, 4318562.293, 90
Trd, 4318563.143, 91
Trd, 4318565.493, 91
Trd, 4318566.943, 91
Trd, 4318567.443, 91
Trd, 4318567.993, 118
Trd, 4318570.293, 91
Trd, 4318570.493, 90
Trd, 4318572.643, 91
Trd, 4318574.893, 90
Trd, 4318575.243, 91
Trd, 4318577.393, 90
Trd, 4318579.043, 90
Trd, 4318579.893, 90
Trd, 4318579.943, 91
Trd, 4318582.843, 91
Trd, 4318583.293, 92
Trd, 4318584.043, 92
Trd, 4318587.243, 97
Trd, 4318587.893, 100
Trd, 4318588.793, 96
Trd, 4318588.893, 97
Trd, 4318592.793, 95
Trd, 4318593.143, 95
Trd, 4318593.793, 95
Trd, 4318595.543, 96
Trd, 4318596.843, 96
Trd, 4318597.893, 95
Trd, 4318598.793, 96
Trd, 4318601.393, 95
Trd, 4318601.543, 96
Trd, 4318603.093, 95
Trd, 4318603.893, 93
Trd, 4318604.643, 93
Trd, 4318606.243, 93
Trd, 4318607.443, 92
Trd, 4318607.993, 93
Trd, 4318609.743, 92
Trd, 4318611.793, 93
Trd, 4318612.943, 95
Trd, 4318613.943, 97
Trd, 4318615.593, 99
Trd, 4318616.743, 99
Trd, 4318616.843, 98
Trd, 4318618.593, 97
Trd, 4318619.643, 97
Trd, 4318620.043, 98
Trd, 4318622.193, 95
Trd, 4318623.043, 94
Trd, 4318623.093, 95
Trd, 4318625.093, 96
Trd, 4318625.793, 96
Trd, 4318627.443, 102
Trd, 4318630.543, 105
Trd, 4318631.593, 107
Trd, 4318632.043, 105
Trd, 4318633.243, 103
Trd, 4318635.093, 102
Trd, 4318635.943, 99
Trd, 4318637.143, 100
Trd, 4318638.293, 98
Trd, 4318639.093, 97
Trd, 4318639.143, 97
Trd, 4318639.593, 100
Trd, 4318641.543, 99
Trd, 4318646.343, 98
Trd, 4318646.543, 98
Trd, 4318647.593, 98
Trd, 4318650.493, 99
Trd, 4318651.043, 97
Trd, 4318652.193, 99
Trd, 4318655.493, 96
Trd, 4318656.293, 95
Trd, 4318656.993, 96
Trd, 4318657.093, 97
Trd, 4318657.543, 95
Trd, 4318660.243, 94
Trd, 4318661.243, 94
Trd, 4318663.393, 95
Trd, 4318663.943, 93
Trd, 4318666.243, 95
Trd, 4318666.943, 96
Trd, 4318668.893, 96
Trd, 4318669.393, 96
Trd, 4318669.943, 97
Trd, 4318670.443, 95
Trd, 4318672.543, 92
Trd, 4318673.493, 90
Trd, 4318673.843, 91
Trd, 4318675.343, 92
Trd, 4318675.843, 92
Trd, 4318676.893, 94
Trd, 4318680.543, 93
Trd, 4318681.243, 92
Trd, 4318682.493, 93
Trd, 4318684.393, 92
Trd, 4318685.143, 94
Trd, 4318685.693, 95
Trd, 4318687.193, 94
Trd, 4318689.443, 100
Trd, 4318689.743, 102
Trd, 4318691.193, 102
Trd, 4318692.493, 102
Trd, 4318693.543, 100
Trd, 4318693.893, 99
Trd, 4318695.193, 93
Trd, 4318698.443, 104
Trd, 4318699.943, 104
Trd, 4318700.493, 104
Trd, 4318700.893, 102
Trd, 4318701.743, 106
Trd, 4318703.743, 103
Trd, 4318703.993, 102
Trd, 4318704.493, 101
Trd, 4318705.943, 101
Trd, 4318708.343, 101
Trd, 4318709.393, 101
Trd, 4318709.793, 100
Trd, 4318709.943, 100
Trd, 4318712.193, 99
Trd, 4318712.293, 99
Trd, 4318714.643, 100
Trd, 4318715.893, 101
Trd, 4318717.293, 101
Trd, 4318718.143, 104
Trd, 4318718.643, 100
Trd, 4318719.693, 98
Trd, 4318721.193, 110
Trd, 4318722.043, 100
Trd, 4318723.343, 100
Trd, 4318723.793, 103
Trd, 4318725.843, 99
Trd, 4318727.243, 100
Trd, 4318728.943, 102
Trd, 4318731.243, 106
Trd, 4318731.793, 106
Trd, 4318732.443, 103
Trd, 4318733.543, 104
Trd, 4318735.543, 103
Trd, 4318736.393, 103
Trd, 4318737.093, 104
Trd, 4318739.643, 103
Trd, 4318741.193, 103
Trd, 4318741.243, 102
Trd, 4318741.343, 103
Trd, 4318743.093, 101
Trd, 4318744.143, 100
Trd, 4318746.043, 99
Trd, 4318746.443, 99
Trd, 4318748.943, 98
Trd, 4318749.943, 99
Trd, 4318750.343, 101
Trd, 4318753.093, 98
Trd, 4318753.493, 97
Trd, 4318755.243, 95
Trd, 4318756.493, 94
Trd, 4318756.743, 95
Trd, 4318760.193, 104
Trd, 4318760.793, 99
Trd, 4318761.793, 98
Trd, 4318761.943, 98
Trd, 4318762.393, 98
Trd, 4318765.543, 97
Trd, 4318765.643, 96
Trd, 4318767.693, 95
Trd, 4318770.093, 95
Trd, 4318771.693, 95
Trd, 4318772.593, 94
Trd, 4318772.643, 94
Trd, 4318773.443, 95
Trd, 4318776.293, 99
Trd, 4318776.543, 97
Trd, 4318776.743, 99
Trd, 4318778.843, 96
Trd, 4318779.093, 96
Trd, 4318779.743, 95
Trd, 4318781.893, 98
Trd, 4318786.243, 95
Trd, 4318787.143, 95
Trd, 4318788.043, 95
Trd, 4318788.143, 94
Trd, 4318789.993, 95
Trd, 4318790.493, 95
Trd, 4318792.043, 99
Trd, 4318793.943, 99
Trd, 4318794.143, 99
Trd, 4318796.393, 98
Trd, 4318796.693, 97
Trd, 4318800.243, 97
Trd, 4318801.593, 95
Trd, 4318803.693, 95
Trd, 4318804.043, 95
Trd, 4318804.943, 94
Trd, 4318804.993, 94
Trd, 4318805.443, 114
Trd, 4318806.493, 102
Trd, 4318810.193, 101
Trd, 4318811.893, 98
Trd, 4318812.243, 98
Trd, 4318813.593, 96
Trd, 4318814.193, 95
Trd, 4318815.243, 96
Trd, 4318816.193, 94
Trd, 4318818.043, 94
Trd, 4318818.793, 95
Trd, 4318820.393, 94
Trd, 4318822.543, 95
Trd, 4318822.843, 101
Trd, 4318825.943, 104
Trd, 4318826.993, 106
Trd, 4318827.593, 105
Trd, 4318827.793, 105
Trd, 4318829.143, 104
Trd, 4318829.843, 103
Trd, 4318830.393, 102
Trd, 4318831.443, 99
Trd, 4318832.793, 101
Trd, 4318835.193, 98
Trd, 4318836.693, 99
Trd, 4318837.143, 99
Trd, 4318837.843, 98
Trd, 4318838.643, 104
Trd, 4318839.643, 100
Trd, 4318839.993, 100
Trd, 4318842.493, 99
Trd, 4318846.193, 99
Trd, 4318847.543, 100
Trd, 4318848.393, 98
Trd, 4318848.693, 100
Trd, 4318851.393, 96
Trd, 4318851.793, 97
Trd, 4318853.043, 97
Trd, 4318853.343, 98
Trd, 4318854.443, 95
Trd, 4318856.843, 96
Trd, 4318858.843, 111
Trd, 4318862.943, 95
Trd, 4318863.243, 95
Trd, 4318863.443, 95
Trd, 4318864.343, 91
Trd, 4318866.293, 88
Trd, 4318866.693, 86
Trd, 4318866.843, 87
Trd, 4318867.343, 87
Trd, 4318869.893, 87
Trd, 4318873.193, 99
Trd, 4318873.743, 97
Trd, 4318873.793, 98
Trd, 4318874.493, 95
Trd, 4318875.843, 95
Trd, 4318876.193, 96
Trd, 4318879.693, 103
Trd, 4318882.043, 106
Trd, 4318882.343, 105
Trd, 4318884.043, 103
Trd, 4318885.093, 101
Trd, 4318885.643, 104
Trd, 4318887.243, 103
Trd, 4318888.393, 103
Trd, 4318891.493, 101
Trd, 4318892.693, 103
Trd, 4318894.043, 102
Trd, 4318894.743, 101
Trd, 4318895.143, 100
Trd, 4318895.943, 102
Trd, 4318900.993, 106
Trd, 4318901.393, 106
Trd, 4318901.843, 107
Trd, 4318902.243, 106
Trd, 4318903.943, 104
Trd, 4318904.293, 104
Trd, 4318905.993, 102
Trd, 4318908.093, 102
Trd, 4318908.893, 103
Trd, 4318909.593, 103
Trd, 4318911.093, 103
Trd, 4318911.543, 102
Trd, 4318912.793, 103
Trd, 4318913.843, 101
Trd, 4318914.193, 99
Trd, 4318916.293, 97
Trd, 4318918.593, 112
Trd, 4318918.793, 105
Trd, 4318919.793, 104
Trd, 4318921.893, 113
Trd, 4318923.893, 105
Trd, 4318924.143, 106
Trd, 4318925.443, 105
Trd, 4318928.143, 104
Trd, 4318928.393, 103
Trd, 4318929.543, 104
Trd, 4318929.843, 102
Trd, 4318930.343, 101
Trd, 4318934.743, 100
Trd, 4318935.793, 99
Trd, 4318936.393, 98
Trd, 4318936.543, 97
Trd, 4318938.743, 97
Trd, 4318941.093, 92
Trd, 4318941.843, 92
Trd, 4318942.843, 94
Trd, 4318943.293, 94
Trd, 4318945.643, 94
Trd, 4318948.843, 100
Trd, 4318949.643, 99
Trd, 4318949.693, 98
Trd, 4318952.543, 96
Trd, 4318953.243, 95
Trd, 4318954.043, 96
Trd, 4318954.643, 95
Trd, 4318955.993, 96
Trd, 4318957.093, 95
Trd, 4318958.743, 96
Trd, 4318958.993, 95
Trd, 4318960.043, 95
Trd, 4318963.543, 95
Trd, 4318963.743, 96
Trd, 4318964.993, 94
Trd, 4318967.393, 94
Trd, 4318968.293, 94
Trd, 4318971.593, 94
Trd, 4318973.093, 93
Trd, 4318973.893, 95
Trd, 4318974.543, 95
Trd, 4318978.493, 110
Trd, 4318978.543, 109
Trd, 4318979.643, 109
Trd, 4318979.993, 110
Trd, 4318982.243, 104
Trd, 4318983.143, 104
Trd, 4318983.943, 115
Trd, 4318986.193, 105
Trd, 4318987.543, 105
Trd, 4318988.393, 104
Trd, 4318991.443, 102
Trd, 4318991.943, 102
Trd, 4318992.693, 102
Trd, 4318992.943, 102
Trd, 4318993.343, 101
Trd, 4318994.593, 118
Trd, 4318999.743, 103
Trd, 4318999.993, 102
Trd, 4319001.843, 101
Trd, 4319002.343, 102
Trd, 4319002.393, 101
Trd, 4319003.443, 100
Trd, 4319003.643, 99
Trd, 4319005.493, 98
Trd, 4319005.643, 96
Trd, 4319008.543, 95
Trd, 4319008.693, 96
Trd, 4319009.693, 97
Trd, 4319012.193, 95
Trd, 4319012.693, 95
Trd, 4319013.893, 114
Trd, 4319014.093, 102
Trd, 4319016.443, 108
Trd, 4319018.443, 111
Trd, 4319018.543, 111
Trd, 4319020.393, 103
Trd, 4319020.793, 104
Trd, 4319023.043, 99
Trd, 4319023.743, 100
Trd, 4319025.843, 99
Trd, 4319026.543, 99
Trd, 4319027.243, 100
Trd, 4319029.593, 100
Trd, 4319030.843, 99
Trd, 4319030.943, 98
Trd, 4319031.743, 100
Trd, 4319034.593, 96
Trd, 4319036.443, 95
Trd, 4319037.993, 96
Trd, 4319038.843, 95
Trd, 4319040.243, 95
Trd, 4319041.343, 95
Trd, 4319041.493, 95
Trd, 4319044.793, 96
Trd, 4319045.393, 95
Trd, 4319045.493, 95
Trd, 4319046.243, 95
Trd, 4319048.043, 97
Trd, 4319049.593, 108
Trd, 4319051.143, 98
Trd, 4319052.193, 98
Trd, 4319053.743, 98
Trd, 4319055.343, 96
Trd, 4319056.243, 95
Trd, 4319056.993, 90
Trd, 4319058.943, 86
Trd, 4319059.443, 88
Trd, 4319059.693, 95
Trd, 4319061.593, 90
Trd, 4319061.743, 90
Trd, 4319064.493, 87
Trd, 4319066.293, 86
Trd, 4319067.343, 87
Trd, 4319068.943, 91
Trd, 4319070.843, 91
Trd, 4319072.193, 90
Trd, 4319073.593, 91
Trd, 4319075.543, 91
Trd, 4319077.143, 98
Trd, 4319080.343, 102
Trd, 4319081.043, 102
Trd, 4319081.593, 101
Trd, 4319081.743, 100
Trd, 4319081.843, 102
Trd, 4319083.343, 100
Trd, 4319084.293, 98
Trd, 4319084.643, 98
Trd, 4319085.393, 97
Trd, 4319086.593, 95
Trd, 4319086.793, 97
Trd, 4319089.193, 96
Trd, 4319090.893, 99
Trd, 4319092.043, 99
Trd, 4319092.443, 104
Trd, 4319096.243, 108
Trd, 4319096.393, 108
Trd, 4319096.893, 104
Trd, 4319098.543, 105
Trd, 4319098.593, 106
Trd, 4319100.043, 113
Trd, 4319102.643, 103
Trd, 4319103.343, 103
Trd, 4319103.793, 101
Trd, 4319104.493, 102
Trd, 4319106.143, 99
Trd, 4319107.993, 99
Trd, 4319108.993, 99
Trd, 4319109.243, 98
Trd, 4319110.943, 95
Trd, 4319111.743, 94
Trd, 4319115.993, 94
Trd, 4319117.193, 95
Trd, 4319117.543, 95
Trd, 4319118.393, 96
Trd, 4319119.493, 95
Trd, 4319120.593, 103
Trd, 4319123.143, 95
Trd, 4319123.393, 95
Trd, 4319124.043, 96
Trd, 4319124.343, 95
Trd, 4319126.793, 103
Trd, 4319128.443, 99
Trd, 4319130.543, 101
Trd, 4319130.993, 103
Trd, 4319132.043, 101
Trd, 4319132.793, 104
Trd, 4319133.693, 100
Trd, 4319133.743, 101
Trd, 4319134.743, 114
Trd, 4319137.543, 99
Trd, 4319137.993, 100
Trd, 4319139.893, 98
Trd, 4319140.693, 98
Trd, 4319141.043, 99
Trd, 4319142.593, 98
Trd, 4319142.793, 98
Trd, 4319143.293, 98
Trd, 4319145.893, 101
Trd, 4319146.993, 112
Trd, 4319148.593, 110
Trd, 4319149.293, 110
Trd, 4319149.693, 109
Trd, 4319153.243, 108
Trd, 4319153.893, 109
Trd, 4319154.793, 108
Trd, 4319156.043, 107
Trd, 4319158.393, 106
Trd, 4319158.643, 107
Trd, 4319160.393, 106
Trd, 4319162.093, 103
Trd, 4319162.143, 105
Trd, 4319163.193, 103
Trd, 4319164.943, 104
Trd, 4319165.893, 104
Trd, 4319166.093, 103
Trd, 4319167.193, 103
Trd, 4319169.093, 101
Trd, 4319171.343, 91
Trd, 4319172.143, 92
Trd, 4319173.793, 95
Trd, 4319174.293, 101
Trd, 4319176.543, 95
Trd, 4319177.493, 95
Trd, 4319178.043, 96
Trd, 4319180.993, 96
Trd, 4319182.093, 95
Trd, 4319182.843, 95
Trd, 4319183.743, 95
Trd, 4319184.193, 94
Trd, 4319184.543, 95
Trd, 4319188.243, 104
Trd, 4319189.143, 99
Trd, 4319190.193, 99
Trd, 4319192.893, 95
Trd, 4319192.943, 96
Trd, 4319193.693, 96
Trd, 4319194.593, 96
Trd, 4319194.743, 97
Trd, 4319199.093, 100
Trd, 4319199.693, 101
Trd, 4319200.093, 99
Trd, 4319200.293, 98
Trd, 4319204.343, 98
Trd, 4319205.043, 98
Trd, 4319205.943, 99
Trd, 4319207.543, 97
Trd, 4319207.993, 97
Trd, 4319208.343, 96
Trd, 4319209.443, 95
Trd, 4319209.843, 103
Trd, 4319212.643, 96
Trd, 4319213.243, 96
Trd, 4319213.593, 95
Trd, 4319214.593, 95
Trd, 4319215.543, 95
Trd, 4319217.493, 95
Trd, 4319220.493, 97
Trd, 4319221.993, 96
Trd, 4319222.593, 95
Trd, 4319224.243, 95
Trd, 4319225.593, 94
Trd, 4319227.043, 95
Trd, 4319228.943, 95
Trd, 4319229.443, 95
Trd, 4319229.593, 94
Trd, 4319230.593, 103
Trd, 4319231.243, 100
Trd, 4319234.143, 96
Trd, 4319234.843, 94
Trd, 4319236.143, 95
Trd, 4319236.943, 96
Trd, 4319240.243, 95
Trd, 4319240.343, 94
Trd, 4319240.693, 95
Trd, 4319242.793, 96
Trd, 4319243.343, 94
Trd, 4319244.843, 95
Trd, 4319245.243, 95
Trd, 4319247.393, 97
Trd, 4319248.293, 96
Trd, 4319248.493, 96
Trd, 4319250.143, 96
Trd, 4319250.843, 96
Trd, 4319251.143, 96
Trd, 4319251.793, 95
Trd, 4319253.693, 95
Trd, 4319256.243, 99
Trd, 4319256.393, 100
Trd, 4319256.993, 97
Trd, 4319258.843, 97
Trd, 4319260.293, 97
Trd, 4319260.993, 98
Trd, 4319261.443, 99
Trd, 4319264.193, 96
Trd, 4319264.343, 95
Trd, 4319266.843, 96
Trd, 4319268.143, 95
Trd, 4319269.943, 96
Trd, 4319270.893, 95
Trd, 4319270.943, 96
Trd, 4319273.743, 95
Trd, 4319274.143, 96
Trd, 4319274.393, 96
Trd, 4319277.393, 109
Trd, 4319277.743, 112
Trd, 4319279.143, 108
Trd, 4319280.293, 103
Trd, 4319280.743, 104
Trd, 4319282.843, 103
Trd, 4319284.393, 102
Trd, 4319285.943, 101
Trd, 4319287.743, 93
Trd, 4319288.543, 91
Trd, 4319289.743, 97
Trd, 4319289.843, 96
Trd, 4319292.093, 97
Trd, 4319293.893, 96
Trd, 4319294.343, 97
Trd, 4319297.543, 95
Trd, 4319298.393, 95
Trd, 4319298.643, 94
Trd, 4319299.493, 93
Trd, 4319300.993, 95
Trd, 4319301.643, 98
Trd, 4319304.543, 97
Trd, 4319305.993, 98
Trd, 4319307.243, 95
Trd, 4319308.743, 96
Trd, 4319311.543, 96
Trd, 4319312.243, 99
Trd, 4319313.293, 99
Trd, 4319315.193, 99
Trd, 4319315.443, 98
Trd, 4319316.293, 98
Trd, 4319317.993, 98
Trd, 4319318.643, 98
Trd, 4319320.243, 101
Trd, 4319320.593, 100
Trd, 4319322.193, 99
Trd, 4319323.593, 98
Trd, 4319324.893, 98
Trd, 4319326.893, 97
Trd, 4319327.043, 98
Trd, 4319329.043, 97
Trd, 4319329.993, 95
Trd, 4319330.743, 95
Trd, 4319330.943, 97
Trd, 4319333.043, 95
Trd, 4319333.593, 97
Trd, 4319336.693, 96
Trd, 4319337.043, 95
Trd, 4319339.443, 95
Trd, 4319339.593, 96
Trd, 4319340.743, 103
Trd, 4319342.293, 98
Trd, 4319345.143, 97
Trd, 4319346.143, 98
Trd, 4319348.443, 97
Trd, 4319350.693, 97
Trd, 4319351.243, 97
Trd, 4319351.393, 98
Trd, 4319355.093, 98
Trd, 4319355.643, 99
Trd, 4319356.243, 98
Trd, 4319356.993, 98
Trd, 4319357.243, 99
Trd, 4319360.643, 97
Trd, 4319360.993, 98
Trd, 4319363.493, 96
Trd, 4319365.943, 95
Trd, 4319366.593, 95
Trd, 4319366.743, 95
Trd, 4319367.443, 97
Trd, 4319367.593, 95
Trd, 4319370.243, 98
Trd, 4319371.843, 96
Trd, 4319372.293, 96
Trd, 4319373.593, 97
Trd, 4319374.043, 95
Trd, 4319374.893, 95
Trd, 4319375.843, 103
Trd, 4319379.643, 97
Trd, 4319379.893, 97
Trd, 4319380.993, 97
Trd, 4319383.993, 97
Trd, 4319385.393, 98
Trd, 4319385.443, 98
Trd, 4319387.493, 114
Trd, 4319392.743, 99
Trd, 4319393.343, 99
Trd, 4319393.443, 99
Trd, 4319393.693, 99
Trd, 4319395.693, 97
Trd, 4319396.093, 95
Trd, 4319397.393, 96
Trd, 4319400.093, 100
Trd, 4319402.493, 101
Trd, 4319402.793, 100
Trd, 4319403.343, 101
Trd, 4319405.243, 100
Trd, 4319405.843, 100
Trd, 4319406.743, 99
Trd, 4319407.193, 98
Trd, 4319407.543, 99
Trd, 4319411.693, 97
Trd, 4319412.393, 99
Trd, 4319415.343, 97
Trd, 4319416.343, 97
Trd, 4319416.393, 104
Trd, 4319417.093, 100
Trd, 4319417.493, 100
Trd, 4319420.143, 107
Trd, 4319421.643, 103
Trd, 4319423.793, 102
Trd, 4319424.193, 101
Trd, 4319426.393, 102
Trd, 4319427.043, 102
Trd, 4319429.293, 100
Trd, 4319430.543, 100
Trd, 4319431.893, 96
Trd, 4319433.593, 92
Trd, 4319433.993, 92
Trd, 4319435.743, 92
Trd, 4319436.043, 91
Trd, 4319436.943, 93
Trd, 4319439.043, 95
Trd, 4319440.543, 93
Trd, 4319441.393, 92
Trd, 4319442.193, 91
Trd, 4319442.393, 91
Trd, 4319443.293, 91
Trd, 4319449.393, 92
Trd, 4319449.543, 92
Trd, 4319450.393, 91
Trd, 4319450.543, 92
Trd, 4319451.843, 94
Trd, 4319452.693, 93
Trd, 4319454.043, 95
Trd, 4319455.843, 98
Trd, 4319456.593, 98
Trd, 4319456.743, 99
Trd, 4319458.193, 98
Trd, 4319459.043, 98
Trd, 4319461.693, 97
Trd, 4319461.743, 97
Trd, 4319462.243, 96
Trd, 4319464.593, 95
Trd, 4319468.343, 96
Trd, 4319468.943, 96
Trd, 4319473.243, 100
Trd, 4319473.793, 96
Trd, 4319476.093, 96
Trd, 4319477.343, 95
Trd, 4319477.543, 96
Trd, 4319479.343, 95
Trd, 4319479.693, 95
Trd, 4319480.043, 96
Trd, 4319482.443, 98
Trd, 4319482.993, 98
Trd, 4319484.993, 98
Trd, 4319486.643, 96
Trd, 4319486.793, 95
Trd, 4319487.493, 96
Trd, 4319488.193, 96
Trd, 4319488.543, 96
Trd, 4319489.693, 95
Trd, 4319490.243, 96
Trd, 4319490.543, 123
Trd, 4319494.943, 96
Trd, 4319496.393, 96
Trd, 4319497.443, 95
Trd, 4319498.143, 96
Trd, 4319498.393, 95
Trd, 4319500.893, 94
Trd, 4319501.543, 95
Trd, 4319502.593, 104
Trd, 4319504.543, 96
Trd, 4319506.443, 96
Trd, 4319508.243, 96
Trd, 4319508.493, 96
Trd, 4319509.293, 97
Trd, 4319512.543, 98
Trd, 4319513.793, 97
Trd, 4319514.743, 95
Trd, 4319515.793, 102
Trd, 4319516.393, 104
Trd, 4319516.793, 103
Trd, 4319517.043, 113
Trd, 4319519.793, 101
Trd, 4319520.743, 99
Trd, 4319521.593, 99
Trd, 4319523.393, 99
Trd, 4319523.743, 98
Trd, 4319526.693, 97
Trd, 4319528.343, 93
Trd, 4319528.843, 93
Trd, 4319529.393, 93
Trd, 4319529.493, 95
Trd, 4319530.893, 94
Trd, 4319533.693, 94
Trd, 4319534.543, 102
Trd, 4319535.543, 99
Trd, 4319536.593, 98
Trd, 4319537.443, 99
Trd, 4319539.593, 99
Trd, 4319540.093, 97
Trd, 4319540.143, 99
Trd, 4319541.043, 98
Trd, 4319542.643, 98
Trd, 4319544.343, 99
Trd, 4319546.593, 97
Trd, 4319546.993, 97
Trd, 4319548.393, 97
Trd, 4319549.843, 101
Trd, 4319550.643, 101
Trd, 4319551.143, 101
Trd, 4319553.393, 109
Trd, 4319554.443, 106
Trd, 4319556.193, 106
Trd, 4319557.793, 103
Trd, 4319558.893, 102
Trd, 4319560.143, 102
Trd, 4319560.643, 102
Trd, 4319562.793, 104
Trd, 4319564.093, 104
Trd, 4319565.343, 105
Trd, 4319567.593, 104
Trd, 4319569.093, 103
Trd, 4319569.743, 104
Trd, 4319570.193, 104
Trd, 4319570.493, 103
Trd, 4319572.043, 103
Trd, 4319573.343, 103
Trd, 4319574.993, 101
Trd, 4319576.343, 100
Trd, 4319577.843, 99
Trd, 4319580.893, 99
Trd, 4319581.243, 100
Trd, 4319582.543, 99
Trd, 4319584.643, 100
Trd, 4319584.843, 104
Trd, 4319586.093, 104
Trd, 4319586.893, 104
Trd, 4319589.393, 108
Trd, 4319591.193, 107
Trd, 4319592.393, 106
Trd, 4319592.893, 107
Trd, 4319593.743, 105
Trd, 4319595.943, 101
Trd, 4319596.443, 99
Trd, 4319596.643, 99
Trd, 4319599.543, 98
Trd, 4319599.893, 98
Trd, 4319601.443, 97
Trd, 4319602.893, 98
Trd, 4319603.593, 97
Trd, 4319605.443, 95
Trd, 4319606.893, 96
Trd, 4319607.143, 96
Trd, 4319609.693, 95
Trd, 4319611.693, 89
Trd, 4319612.093, 90
Trd, 4319612.593, 90
Trd, 4319614.243, 92
Trd, 4319615.593, 92
Trd, 4319617.093, 92
Trd, 4319618.193, 94
Trd, 4319618.493, 95
Trd, 4319619.793, 99
Trd, 4319620.443, 98
Trd, 4319620.893, 97
Trd, 4319622.793, 97
Trd, 4319623.843, 96
Trd, 4319624.143, 95
Trd, 4319625.493, 95
Trd, 4319626.093, 95
Trd, 4319628.243, 97
Trd, 4319630.393, 96
Trd, 4319631.393, 95
Trd, 4319631.643, 96
Trd, 4319635.393, 94
Trd, 4319635.543, 94
Trd, 4319635.943, 92
Trd, 4319636.293, 94
Trd, 4319639.243, 92
Trd, 4319639.293, 93
Trd, 4319639.593, 93
Trd, 4319640.543, 93
Trd, 4319641.043, 93
Trd, 4319643.093, 93
Trd, 4319646.393, 93
Trd, 4319647.843, 92
Trd, 4319648.593, 93
Trd, 4319649.043, 92
Trd, 4319649.443, 93
Trd, 4319652.343, 96
Trd, 4319654.793, 101
Trd, 4319655.293, 102
Trd, 4319656.093, 100
Trd, 4319657.543, 101
Trd, 4319658.593, 101
Trd, 4319661.043, 108
Trd, 4319663.543, 100
Trd, 4319663.893, 100
Trd, 4319664.993, 101
Trd, 4319666.043, 100
Trd, 4319668.243, 99
Trd, 4319669.193, 98
Trd, 4319669.243, 98
Trd, 4319670.043, 98
Trd, 4319672.843, 99
Trd, 4319674.043, 99
Trd, 4319675.693, 101
Trd, 4319676.793, 99
Trd, 4319678.393, 99
Trd, 4319679.043, 99
Trd, 4319679.893, 101
Trd, 4319681.243, 107
Trd, 4319681.843, 122
Trd, 4319684.293, 110
Trd, 4319685.293, 109
Trd, 4319685.843, 108
Trd, 4319686.393, 107
Trd, 4319689.693, 108
Trd, 4319690.593, 107
Trd, 4319691.043, 106
Trd, 4319691.693, 106
Trd, 4319692.943, 106
Trd, 4319693.843, 106
Trd, 4319695.943, 105
Trd, 4319697.043, 105
Trd, 4319697.843, 103
Trd, 4319698.093, 102
Trd, 4319700.493, 101
Trd, 4319701.393, 100
Trd, 4319701.493, 100
Trd, 4319702.443, 99
Trd, 4319704.593, 96
Trd, 4319706.193, 94
Trd, 4319706.693, 94
Trd, 4319708.593, 94
Trd, 4319710.593, 97
Trd, 4319711.493, 97
Trd, 4319712.943, 95
Trd, 4319713.043, 94
Trd, 4319713.843, 93
Trd, 4319715.543, 95
Trd, 4319716.693, 95
Trd, 4319717.993, 95
Trd, 4319719.293, 95
Trd, 4319719.643, 94
Trd, 4319725.243, 104
Trd, 4319725.893, 105
Trd, 4319726.243, 104
Trd, 4319728.143, 103
Trd, 4319728.793, 102
Trd, 4319729.893, 102
Trd, 4319731.643, 101
Trd, 4319731.893, 102
Trd, 4319733.493, 100
Trd, 4319735.493, 100
Trd, 4319735.743, 101
Trd, 4319739.993, 99
Trd, 4319740.443, 99
Trd, 4319740.943, 98
Trd, 4319741.343, 97
Trd, 4319743.843, 91
Trd, 4319745.093, 91
Trd, 4319745.493, 91
Trd, 4319745.843, 91
Trd, 4319746.943, 104
Trd, 4319749.943, 92
Trd, 4319750.443, 92
Trd, 4319750.543, 92
Trd, 4319750.743, 92
Trd, 4319753.443, 94
Trd, 4319754.943, 93
Trd, 4319755.843, 93
Trd, 4319757.493, 93
Trd, 4319758.393, 95
Trd, 4319760.443, 94
Trd, 4319760.643, 93
Trd, 4319763.193, 95
Trd, 4319763.943, 94
Trd, 4319764.743, 94
Trd, 4319767.243, 93
Trd, 4319769.243, 95
Trd, 4319770.843, 102
Trd, 4319772.193, 100
Trd, 4319772.243, 101
Trd, 4319773.143, 103
Trd, 4319775.643, 101
Trd, 4319775.993, 100
Trd, 4319777.393, 99
Trd, 4319778.393, 98
Trd, 4319780.143, 96
Trd, 4319781.243, 96
Trd, 4319782.393, 96
Trd, 4319782.843, 97
Trd, 4319785.293, 92
Trd, 4319785.693, 92
Trd, 4319787.493, 95
Trd, 4319787.543, 104
Trd, 4319789.893, 105
Trd, 4319790.793, 104
Trd, 4319791.743, 103
Trd, 4319792.593, 102
Trd, 4319794.243, 123
Trd, 4319795.793, 114
Trd, 4319796.093, 113
Trd, 4319796.793, 112
Trd, 4319799.193, 103
Trd, 4319799.793, 101
Trd, 4319800.543, 100
Trd, 4319801.593, 100
Trd, 4319802.243, 100
Trd, 4319804.093, 97
Trd, 4319805.443, 96
Trd, 4319806.593, 95
Trd, 4319808.243, 96
Trd, 4319810.093, 95
Trd, 4319811.543, 95
Trd, 4319811.593, 96
Trd, 4319811.843, 103
Trd, 4319813.293, 96
Trd, 4319813.643, 97
Trd, 4319814.093, 98
Trd, 4319817.693, 97
Trd, 4319817.793, 97
Trd, 4319819.643, 95
Trd, 4319819.793, 95
Trd, 4319823.443, 99
Trd, 4319823.593, 99
Trd, 4319823.893, 99
Trd, 4319824.393, 97
Trd, 4319825.393, 98
Trd, 4319827.893, 94
Trd, 4319828.743, 93
Trd, 4319830.293, 97
Trd, 4319830.893, 98
Trd, 4319831.343, 97
Trd, 4319834.193, 98
Trd, 4319835.043, 100
Trd, 4319836.393, 100
Trd, 4319836.893, 100
Trd, 4319838.193, 99
Trd, 4319839.293, 96
Trd, 4319839.593, 95
Trd, 4319841.343, 99
Trd, 4319842.193, 98
Trd, 4319844.243, 104
Trd, 4319847.193, 98
Trd, 4319847.643, 98
Trd, 4319848.293, 98
Trd, 4319848.943, 99
Trd, 4319849.393, 99
Trd, 4319852.743, 104
Trd, 4319853.143, 102
Trd, 4319853.693, 102
Trd, 4319854.743, 99
Trd, 4319856.793, 99
Trd, 4319858.643, 99
Trd, 4319858.993, 98
Trd, 4319859.043, 98
Trd, 4319860.343, 99
Trd, 4319861.893, 99
Trd, 4319863.493, 100
Trd, 4319865.043, 103
Trd, 4319867.043, 101
Trd, 4319867.193, 99
Trd, 4319867.243, 99
Trd, 4319868.643, 98
Trd, 4319869.343, 98
Trd, 4319873.193, 98
Trd, 4319873.543, 97
Trd, 4319874.543, 96
Trd, 4319876.243, 98
Trd, 4319877.193, 98
Trd, 4319878.543, 97
Trd, 4319881.593, 96
Trd, 4319882.443, 95
Trd, 4319883.243, 95
Trd, 4319883.743, 95
Trd, 4319884.493, 97
Trd, 4319887.243, 96
Trd, 4319888.493, 97
Trd, 4319888.993, 105
Trd, 4319890.993, 98
Trd, 4319891.243, 98
Trd, 4319892.293, 97
Trd, 4319892.993, 98
Trd, 4319894.243, 97
Trd, 4319896.843, 97
Trd, 4319897.143, 104
Trd, 4319899.593, 100
Trd, 4319900.993, 99
Trd, 4319901.543, 99
Trd, 4319902.793, 100
Trd, 4319903.193, 103
Trd, 4319905.293, 109
Trd, 4319907.143, 102
Trd, 4319908.543, 102
Trd, 4319909.193, 102
Trd, 4319910.893, 102
Trd, 4319911.443, 101
Trd, 4319911.893, 101
Trd, 4319915.093, 100
Trd, 4319916.693, 99
Trd, 4319917.693, 99
Trd, 4319918.993, 99
Trd, 4319919.393, 99
Trd, 4319922.443, 98
Trd, 4319923.143, 98
Trd, 4319923.793, 99
Trd, 4319925.143, 99
Trd, 4319926.643, 100
Trd, 4319927.993, 100
Trd, 4319929.643, 100
Trd, 4319931.643, 105
Trd, 4319932.493, 102
Trd, 4319932.793, 101
Trd, 4319933.443, 101
Trd, 4319934.843, 102
Trd, 4319936.543, 101
Trd, 4319937.693, 99
Trd, 4319937.743, 118
Trd, 4319940.543, 96
Trd, 4319941.143, 97
Trd, 4319943.193, 93
Trd, 4319943.243, 94
Trd, 4319943.893, 93
Trd, 4319947.643, 95
Trd, 4319947.943, 95
Trd, 4319949.443, 99
Trd, 4319950.193, 97
Trd, 4319952.493, 96
Trd, 4319953.093, 96
Trd, 4319953.643, 95
Trd, 4319954.743, 95
Trd, 4319956.543, 95
Trd, 4319956.893, 95
Trd, 4319959.693, 94
Trd, 4319960.843, 93
Trd, 4319962.193, 92
Trd, 4319962.243, 91
Trd, 4319962.293, 93
Trd, 4319966.893, 91
Trd, 4319967.343, 91
Trd, 4319969.393, 91
Trd, 4319971.593, 93
Trd, 4319972.643, 93
Trd, 4319975.743, 96
Trd, 4319976.393, 96
Trd, 4319977.543, 95
Trd, 4319978.843, 95
Trd, 4319980.643, 95
Trd, 4319981.343, 94
Trd, 4319981.593, 93
Trd, 4319984.193, 95
Trd, 4319985.993, 94
Trd, 4319987.493, 95
Trd, 4319988.393, 95
Trd, 4319989.893, 94
Trd, 4319990.593, 95
Trd, 4319992.793, 94
Trd, 4319992.943, 104
Trd, 4319993.893, 96
Trd, 4319997.193, 102
Trd, 4319997.993, 106
Trd, 4319998.243, 111
Trd, 4319999.393, 107
Trd, 4319999.643, 105
