Trd, 4317853.593, 92
Trd, 4317855.143, 95
Trd, 4317855.593, 91
Trd, 4317858.543, 95
Trd, 4317860.243, 95
Trd, 4317860.793, 96
Trd, 4317862.793, 94
Trd, 4317865.543, 93
Trd, 4317866.043, 92
Trd, 4317867.393, 88
Trd, 4317868.043, 78
Trd, 4317868.193, 87
Trd, 4317868.293, 104
Trd, 4317869.343, 74
Trd, 4317870.693, 94
Trd, 4317872.843, 91
Trd, 4317873.743, 90
Trd, 4317874.243, 90
Trd, 4317875.793, 95
Trd, 4317879.443, 97
Trd, 4317880.043, 97
Trd, 4317881.593, 95
Trd, 4317882.593, 95
Trd, 4317885.293, 102
Trd, 4317887.093, 94
Trd, 4317887.893, 97
Trd, 4317889.843, 96
Trd, 4317889.893, 95
Trd, 4317890.993, 97
Trd, 4317892.643, 96
Trd, 4317895.243, 95
Trd, 4317895.943, 95
Trd, 4317896.093, 94
Trd, 4317896.993, 103
Trd, 4317902.443, 93
Trd, 4317903.043, 94
Trd, 4317903.493, 93
Trd, 4317904.293, 93
Trd, 4317905.143, 92
Trd, 4317905.243, 92
Trd, 4317905.543, 95
Trd, 4317909.493, 93
Trd, 4317910.243, 93
Trd, 4317911.543, 92
Trd, 4317911.593, 91
Trd, 4317913.793, 92
Trd, 4317914.243, 93
Trd, 4317918.143, 91
Trd, 4317920.343, 91
Trd, 4317920.493, 93
Trd, 4317920.893, 94
Trd, 4317921.893, 92
Trd, 4317924.093, 96
Trd, 4317924.793, 93
Trd, 4317926.593, 95
Trd, 4317926.843, 93
Trd, 4317927.843, 94
Trd, 4317928.593, 93
Trd, 4317928.793, 104
Trd, 4317930.843, 92
Trd, 4317931.643, 94
Trd, 4317933.543, 93
Trd, 4317934.393, 104
Trd, 4317935.843, 94
Trd, 4317936.543, 95
Trd, 4317937.443, 93
Trd, 4317938.043, 96
Trd, 4317938.193, 95
Trd, 4317941.093, 95
Trd, 4317941.843, 95
Trd, 4317942.243, 95
Trd, 4317944.343, 95
Trd, 4317946.643, 96
Trd, 4317947.593, 94
Trd, 4317950.543, 96
Trd, 4317951.493, 96
Trd, 4317953.293, 95
Trd, 4317954.793, 94
Trd, 4317955.543, 95
Trd, 4317955.893, 95
Trd, 4317960.493, 93
Trd, 4317960.793, 94
Trd, 4317960.893, 93
Trd, 4317960.993, 94
Trd, 4317963.293, 94
Trd, 4317963.543, 113
Trd, 4317966.343, 95
Trd, 4317966.493, 95
Trd, 4317967.443, 69
Trd, 4317968.293, 90
Trd, 4317969.793, 89
Trd, 4317970.943, 91
Trd, 4317972.193, 92
Trd, 4317974.993, 94
Trd, 4317977.693, 102
Trd, 4317979.293, 105
Trd, 4317980.543, 99
Trd, 4317981.143, 98
Trd, 4317983.043, 97
Trd, 4317983.793, 97
Trd, 4317984.293, 99
Trd, 4317988.343, 98
Trd, 4317989.593, 96
Trd, 4317990.293, 96
Trd, 4317991.743, 97
Trd, 4317992.693, 97
Trd, 4317993.743, 103
Trd, 4317995.443, 99
Trd, 4317997.543, 100
Trd, 4317997.943, 103
Trd, 4317998.593, 99
Trd, 4318000.243, 98
Trd, 4318002.643, 97
Trd, 4318003.393, 98
Trd, 4318004.243, 98
Trd, 4318007.143, 98
Trd, 4318007.243, 104
Trd, 4318008.743, 94
Trd, 4318010.393, 98
Trd, 4318011.793, 98
Trd, 4318012.543, 97
Trd, 4318014.493, 98
Trd, 4318014.943, 97
Trd, 4318016.243, 96
Trd, 4318017.993, 95
Trd, 4318020.293, 94
Trd, 4318020.393, 94
Trd, 4318020.843, 94
Trd, 4318021.393, 93
Trd, 4318022.643, 103
Trd, 4318023.843, 92
Trd, 4318025.293, 95
Trd, 4318028.193, 97
Trd, 4318028.393, 96
Trd, 4318029.693, 96
Trd, 4318031.393, 97
Trd, 4318032.443, 97
Trd, 4318034.943, 98
Trd, 4318036.693, 101
Trd, 4318037.643, 99
Trd, 4318038.593, 98
Trd, 4318038.893, 98
Trd, 4318040.893, 99
Trd, 4318042.943, 99
Trd, 4318044.743, 98
Trd, 4318045.543, 98
Trd, 4318045.993, 97
Trd, 4318046.293, 97
Trd, 4318046.743, 94
Trd, 4318049.793, 95
Trd, 4318051.093, 94
Trd, 4318052.093, 86
Trd, 4318052.393, 95
Trd, 4318055.493, 93
Trd, 4318055.593, 94
Trd, 4318058.143, 93
Trd, 4318059.693, 93
Trd, 4318059.793, 91
Trd, 4318061.243, 91
Trd, 4318063.793, 91
Trd, 4318064.793, 90
Trd, 4318065.643, 113
Trd, 4318065.793, 90
Trd, 4318068.643, 99
Trd, 4318069.293, 99
Trd, 4318070.343, 97
Trd, 4318073.643, 96
Trd, 4318073.793, 96
Trd, 4318074.143, 104
Trd, 4318076.393, 98
Trd, 4318077.243, 97
Trd, 4318078.643, 97
Trd, 4318079.793, 98
Trd, 4318080.943, 96
Trd, 4318081.043, 104
Trd, 4318083.643, 98
Trd, 4318083.793, 96
Trd, 4318085.293, 95
Trd, 4318086.393, 95
Trd, 4318089.993, 94
Trd, 4318090.693, 96
Trd, 4318092.243, 94
Trd, 4318093.343, 95
Trd, 4318093.393, 95
Trd, 4318094.743, 94
Trd, 4318095.243, 103
Trd, 4318096.843, 94
Trd, 4318098.793, 97
Trd, 4318101.543, 95
Trd, 4318103.043, 93
Trd, 4318103.543, 94
Trd, 4318104.393, 93
Trd, 4318108.043, 92
Trd, 4318109.393, 94
Trd, 4318109.443, 95
Trd, 4318110.243, 93
Trd, 4318113.993, 94
Trd, 4318114.393, 94
Trd, 4318116.743, 93
Trd, 4318118.243, 92
Trd, 4318120.043, 94
Trd, 4318120.793, 93
Trd, 4318123.693, 93
Trd, 4318126.093, 92
Trd, 4318126.243, 92
Trd, 4318127.843, 92
Trd, 4318132.393, 91
Trd, 4318134.143, 92
Trd, 4318135.543, 91
Trd, 4318136.493, 90
Trd, 4318136.743, 89
Trd, 4318139.593, 90
Trd, 4318139.743, 89
Trd, 4318140.543, 91
Trd, 4318141.493, 93
Trd, 4318147.743, 91
Trd, 4318150.093, 89
Trd, 4318150.193, 91
Trd, 4318150.893, 90
Trd, 4318151.743, 91
Trd, 4318154.493, 89
Trd, 4318158.343, 91
Trd, 4318158.943, 91
Trd, 4318159.393, 94
Trd, 4318160.293, 113
Trd, 4318162.993, 98
Trd, 4318163.043, 97
Trd, 4318164.793, 95
Trd, 4318166.793, 94
Trd, 4318167.993, 95
Trd, 4318169.243, 94
Trd, 4318170.293, 92
Trd, 4318171.843, 93
Trd, 4318172.043, 95
Trd, 4318173.043, 95
Trd, 4318173.643, 94
Trd, 4318177.843, 94
Trd, 4318179.143, 92
Trd, 4318179.993, 95
Trd, 4318181.943, 92
Trd, 4318183.443, 96
Trd, 4318183.993, 104
Trd, 4318184.793, 95
Trd, 4318185.993, 94
Trd, 4318186.343, 93
Trd, 4318188.693, 93
Trd, 4318189.043, 94
Trd, 4318190.043, 93
Trd, 4318192.643, 92
Trd, 4318194.293, 91
Trd, 4318194.993, 91
Trd, 4318195.643, 94
Trd, 4318196.393, 93
Trd, 4318197.843, 95
Trd, 4318199.543, 93
Trd, 4318199.693, 92
Trd, 4318201.943, 95
Trd, 4318205.443, 93
Trd, 4318207.893, 92
Trd, 4318208.093, 91
Trd, 4318208.393, 91
Trd, 4318213.293, 92
Trd, 4318214.493, 92
Trd, 4318215.943, 92
Trd, 4318216.243, 91
Trd, 4318217.193, 90
Trd, 4318219.093, 90
Trd, 4318219.193, 89
Trd, 4318221.193, 91
Trd, 4318223.093, 87
Trd, 4318224.093, 91
Trd, 4318225.543, 103
Trd, 4318228.393, 95
Trd, 4318229.893, 93
Trd, 4318232.443, 92
Trd, 4318232.943, 91
Trd, 4318235.693, 93
Trd, 4318236.593, 93
Trd, 4318237.793, 92
Trd, 4318240.343, 92
Trd, 4318241.093, 93
Trd, 4318241.843, 92
Trd, 4318242.493, 91
Trd, 4318246.243, 91
Trd, 4318248.193, 92
Trd, 4318250.043, 91
Trd, 4318250.843, 93
Trd, 4318252.943, 90
Trd, 4318254.843, 92
Trd, 4318255.693, 92
Trd, 4318256.443, 92
Trd, 4318258.243, 92
Trd, 4318260.343, 93
Trd, 4318260.593, 93
Trd, 4318261.893, 92
Trd, 4318263.193, 91
Trd, 4318265.843, 93
Trd, 4318269.493, 91
Trd, 4318269.843, 93
Trd, 4318271.543, 90
Trd, 4318272.043, 95
Trd, 4318273.743, 92
Trd, 4318275.643, 90
Trd, 4318277.993, 89
Trd, 4318278.893, 89
Trd, 4318280.043, 89
Trd, 4318281.143, 90
Trd, 4318282.693, 89
Trd, 4318282.843, 90
Trd, 4318283.993, 89
Trd, 4318284.593, 88
Trd, 4318286.143, 111
Trd, 4318290.743, 93
Trd, 4318291.143, 89
Trd, 4318292.093, 88
Trd, 4318292.643, 91
Trd, 4318295.643, 88
Trd, 4318296.093, 88
Trd, 4318297.243, 87
Trd, 4318299.243, 101
Trd, 4318299.443, 97
Trd, 4318300.943, 97
Trd, 4318302.993, 105
Trd, 4318303.593, 96
Trd, 4318307.193, 106
Trd, 4318307.343, 105
Trd, 4318308.743, 110
Trd, 4318309.093, 109
Trd, 4318310.593, 107
Trd, 4318311.693, 105
Trd, 4318312.293, 104
Trd, 4318313.393, 103
Trd, 4318316.193, 102
Trd, 4318316.243, 103
Trd, 4318316.793, 104
Trd, 4318317.043, 106
Trd, 4318318.143, 101
Trd, 4318320.143, 95
Trd, 4318320.293, 94
Trd, 4318320.843, 80
Trd, 4318321.193, 113
Trd, 4318323.793, 104
Trd, 4318324.543, 105
Trd, 4318326.093, 106
Trd, 4318326.593, 103
Trd, 4318328.143, 103
Trd, 4318328.843, 101
Trd, 4318329.393, 102
Trd, 4318329.743, 113
Trd, 4318333.493, 100
Trd, 4318333.643, 97
Trd, 4318335.693, 96
Trd, 4318336.143, 97
Trd, 4318337.943, 96
Trd, 4318339.243, 96
Trd, 4318339.843, 94
Trd, 4318341.543, 95
Trd, 4318342.643, 95
Trd, 4318344.793, 94
Trd, 4318345.143, 93
Trd, 4318348.593, 94
Trd, 4318349.093, 93
Trd, 4318350.943, 92
Trd, 4318351.793, 94
Trd, 4318353.293, 94
Trd, 4318354.993, 93
Trd, 4318355.943, 94
Trd, 4318356.093, 95
Trd, 4318356.893, 93
Trd, 4318360.393, 92
Trd, 4318360.493, 94
Trd, 4318363.893, 93
Trd, 4318366.343, 93
Trd, 4318366.493, 94
Trd, 4318369.343, 93
Trd, 4318371.393, 94
Trd, 4318371.693, 92
Trd, 4318372.293, 95
Trd, 4318372.843, 94
Trd, 4318374.593, 94
Trd, 4318376.543, 95
Trd, 4318377.093, 95
Trd, 4318379.293, 97
Trd, 4318381.143, 99
Trd, 4318381.793, 98
Trd, 4318384.543, 98
Trd, 4318384.693, 97
Trd, 4318384.843, 98
Trd, 4318387.943, 97
Trd, 4318388.643, 96
Trd, 4318389.193, 97
Trd, 4318390.943, 96
Trd, 4318391.243, 96
Trd, 4318392.193, 95
Trd, 4318395.743, 95
Trd, 4318396.193, 94
Trd, 4318397.193, 94
Trd, 4318397.743, 104
Trd, 4318400.693, 94
Trd, 4318402.093, 94
Trd, 4318403.293, 95
Trd, 4318404.393, 94
Trd, 4318404.543, 95
Trd, 4318407.693, 93
Trd, 4318407.893, 94
Trd, 4318409.743, 94
Trd, 4318412.193, 94
Trd, 4318413.693, 95
Trd, 4318414.393, 94
Trd, 4318417.293, 93
Trd, 4318417.443, 92
Trd, 4318419.493, 92
Trd, 4318419.893, 95
Trd, 4318420.593, 95
Trd, 4318422.643, 93
Trd, 4318423.043, 91
Trd, 4318427.743, 92
Trd, 4318428.443, 91
Trd, 4318428.993, 92
Trd, 4318429.543, 92
Trd, 4318430.943, 93
Trd, 4318431.943, 93
Trd, 4318435.193, 94
Trd, 4318435.943, 95
Trd, 4318438.493, 96
Trd, 4318439.643, 100
Trd, 4318443.793, 95
Trd, 4318444.193, 97
Trd, 4318445.493, 96
Trd, 4318446.743, 96
Trd, 4318450.093, 95
Trd, 4318451.043, 96
Trd, 4318452.143, 95
Trd, 4318454.693, 94
Trd, 4318454.793, 93
Trd, 4318459.043, 95
Trd, 4318459.243, 92
Trd, 4318461.043, 92
Trd, 4318461.693, 91
Trd, 4318463.593, 93
Trd, 4318469.143, 96
Trd, 4318469.893, 96
Trd, 4318470.393, 99
Trd, 4318471.543, 97
Trd, 4318473.543, 99
Trd, 4318477.743, 95
Trd, 4318477.993, 96
Trd, 4318478.843, 95
Trd, 4318480.643, 96
Trd, 4318481.993, 94
Trd, 4318482.793, 95
Trd, 4318482.993, 94
Trd, 4318483.243, 95
Trd, 4318486.343, 94
Trd, 4318488.743, 93
Trd, 4318489.393, 95
Trd, 4318490.543, 93
Trd, 4318492.343, 94
Trd, 4318492.943, 94
Trd, 4318494.693, 93
Trd, 4318495.743, 93
Trd, 4318497.393, 104
Trd, 4318497.893, 91
Trd, 4318500.743, 94
Trd, 4318501.293, 94
Trd, 4318503.193, 95
Trd, 4318503.443, 94
Trd, 4318503.593, 93
Trd, 4318508.193, 96
Trd, 4318509.193, 97
Trd, 4318511.093, 96
Trd, 4318511.643, 96
Trd, 4318512.493, 94
Trd, 4318513.043, 93
Trd, 4318513.343, 95
Trd, 4318513.943, 93
Trd, 4318514.643, 96
Trd, 4318515.893, 95
Trd, 4318517.393, 96
Trd, 4318517.693, 104
Trd, 4318517.793, 94
Trd, 4318520.393, 111
Trd, 4318520.893, 110
Trd, 4318522.743, 103
Trd, 4318523.943, 98
Trd, 4318524.243, 101
Trd, 4318526.793, 101
Trd, 4318527.243, 99
Trd, 4318527.593, 94
Trd, 4318530.943, 99
Trd, 4318532.093, 97
Trd, 4318532.143, 98
Trd, 4318533.493, 96
Trd, 4318534.893, 95
Trd, 4318536.043, 97
Trd, 4318536.543, 98
Trd, 4318538.443, 97
Trd, 4318538.793, 96
Trd, 4318539.593, 97
Trd, 4318542.193, 97
Trd, 4318545.243, 97
Trd, 4318545.693, 96
Trd, 4318546.893, 104
Trd, 4318547.043, 96
Trd, 4318548.193, 99
Trd, 4318548.843, 99
Trd, 4318551.443, 101
Trd, 4318552.393, 100
Trd, 4318554.143, 99
Trd, 4318556.793, 96
Trd, 4318556.843, 98
Trd, 4318557.493, 97
Trd, 4318558.193, 94
Trd, 4318558.743, 94
Trd, 4318559.843, 95
Trd, 4318560.643, 95
Trd, 4318561.693, 96
Trd, 4318563.843, 93
Trd, 4318564.193, 96
Trd, 4318565.943, 95
Trd, 4318566.743, 94
Trd, 4318569.643, 93
Trd, 4318571.543, 93
Trd, 4318574.593, 92
Trd, 4318575.543, 92
Trd, 4318575.793, 92
Trd, 4318577.343, 92
Trd, 4318578.143, 91
Trd, 4318578.643, 104
Trd, 4318582.593, 93
Trd, 4318582.843, 93
Trd, 4318584.093, 92
Trd, 4318584.743, 94
Trd, 4318588.443, 93
Trd, 4318588.843, 93
Trd, 4318591.443, 93
Trd, 4318592.093, 95
Trd, 4318595.043, 92
Trd, 4318598.393, 95
Trd, 4318598.993, 92
Trd, 4318600.093, 93
Trd, 4318600.243, 104
Trd, 4318603.593, 91
Trd, 4318605.693, 91
Trd, 4318606.293, 91
Trd, 4318607.193, 95
Trd, 4318608.243, 90
Trd, 4318610.643, 91
Trd, 4318610.843, 91
Trd, 4318611.343, 89
Trd, 4318615.193, 90
Trd, 4318616.593, 90
Trd, 4318617.393, 88
Trd, 4318620.093, 89
Trd, 4318620.343, 87
Trd, 4318621.343, 87
Trd, 4318622.593, 88
Trd, 4318623.393, 89
Trd, 4318626.243, 87
Trd, 4318627.693, 86
Trd, 4318628.993, 88
Trd, 4318630.893, 88
Trd, 4318631.343, 88
Trd, 4318631.493, 85
Trd, 4318631.893, 94
Trd, 4318635.393, 91
Trd, 4318635.593, 103
Trd, 4318637.143, 94
Trd, 4318638.743, 94
Trd, 4318639.093, 93
Trd, 4318641.343, 98
Trd, 4318642.093, 99
Trd, 4318644.343, 97
Trd, 4318646.343, 97
Trd, 4318648.293, 96
Trd, 4318649.093, 94
Trd, 4318649.293, 96
Trd, 4318649.643, 95
Trd, 4318650.493, 94
Trd, 4318653.293, 95
Trd, 4318654.993, 94
Trd, 4318655.543, 95
Trd, 4318658.193, 93
Trd, 4318659.943, 94
Trd, 4318660.193, 93
Trd, 4318660.593, 94
Trd, 4318664.943, 94
Trd, 4318666.993, 94
Trd, 4318668.543, 94
Trd, 4318670.043, 93
Trd, 4318671.193, 94
Trd, 4318674.343, 94
Trd, 4318674.793, 93
Trd, 4318675.293, 95
Trd, 4318675.693, 103
Trd, 4318678.493, 96
Trd, 4318678.943, 96
Trd, 4318681.743, 96
Trd, 4318682.243, 97
Trd, 4318684.243, 96
Trd, 4318684.293, 97
Trd, 4318686.243, 95
Trd, 4318686.443, 91
Trd, 4318687.293, 91
Trd, 4318687.993, 90
Trd, 4318690.043, 97
Trd, 4318691.693, 93
Trd, 4318692.143, 92
Trd, 4318693.943, 92
Trd, 4318694.693, 92
Trd, 4318696.543, 104
Trd, 4318697.743, 97
Trd, 4318699.843, 99
Trd, 4318701.193, 99
Trd, 4318701.493, 99
Trd, 4318702.143, 98
Trd, 4318704.143, 96
Trd, 4318704.243, 97
Trd, 4318705.043, 86
Trd, 4318706.043, 95
Trd, 4318708.143, 103
Trd, 4318709.093, 99
Trd, 4318709.643, 98
Trd, 4318711.293, 100
Trd, 4318711.693, 97
Trd, 4318714.243, 96
Trd, 4318715.843, 96
Trd, 4318716.993, 96
Trd, 4318718.243, 95
Trd, 4318718.643, 96
Trd, 4318719.343, 98
Trd, 4318722.543, 96
Trd, 4318723.493, 95
Trd, 4318724.193, 94
Trd, 4318724.393, 93
Trd, 4318726.793, 93
Trd, 4318729.993, 92
Trd, 4318730.143, 93
Trd, 4318733.193, 92
Trd, 4318734.243, 94
Trd, 4318735.093, 95
Trd, 4318737.543, 94
Trd, 4318738.143, 91
Trd, 4318741.193, 100
Trd, 4318742.743, 100
Trd, 4318743.143, 100
Trd, 4318744.093, 100
Trd, 4318745.293, 99
Trd, 4318746.893, 98
Trd, 4318748.293, 97
Trd, 4318749.443, 96
Trd, 4318750.293, 97
Trd, 4318751.993, 96
Trd, 4318752.993, 104
Trd, 4318754.043, 100
Trd, 4318754.293, 100
Trd, 4318754.693, 99
Trd, 4318756.543, 104
Trd, 4318759.293, 107
Trd, 4318760.043, 105
Trd, 4318760.993, 104
Trd, 4318761.143, 104
Trd, 4318762.043, 103
Trd, 4318764.943, 98
Trd, 4318764.993, 99
Trd, 4318767.143, 97
Trd, 4318767.343, 97
Trd, 4318768.893, 101
Trd, 4318770.093, 99
Trd, 4318772.393, 108
Trd, 4318772.543, 108
Trd, 4318774.593, 102
Trd, 4318775.993, 100
Trd, 4318776.493, 97
Trd, 4318778.343, 97
Trd, 4318779.693, 95
Trd, 4318779.843, 98
Trd, 4318779.943, 94
Trd, 4318784.843, 93
Trd, 4318785.343, 92
Trd, 4318785.793, 94
Trd, 4318787.893, 95
Trd, 4318788.293, 94
Trd, 4318788.793, 102
Trd, 4318790.193, 96
Trd, 4318791.593, 99
Trd, 4318793.193, 100
Trd, 4318793.493, 99
Trd, 4318796.943, 99
Trd, 4318797.443, 97
Trd, 4318797.643, 97
Trd, 4318798.593, 97
Trd, 4318800.693, 95
Trd, 4318800.843, 95
Trd, 4318801.143, 104
Trd, 4318802.393, 96
Trd, 4318805.043, 97
Trd, 4318805.643, 96
Trd, 4318805.943, 113
Trd, 4318808.443, 95
Trd, 4318810.593, 96
Trd, 4318811.443, 96
Trd, 4318812.293, 95
Trd, 4318812.893, 94
Trd, 4318813.043, 93
Trd, 4318815.193, 92
Trd, 4318815.343, 94
Trd, 4318817.493, 93
Trd, 4318817.993, 92
Trd, 4318820.843, 94
Trd, 4318822.343, 93
Trd, 4318823.193, 92
Trd, 4318824.643, 92
Trd, 4318827.043, 92
Trd, 4318828.793, 93
Trd, 4318829.243, 92
Trd, 4318832.093, 92
Trd, 4318835.293, 93
Trd, 4318835.793, 93
Trd, 4318836.543, 92
Trd, 4318839.643, 91
Trd, 4318839.993, 93
Trd, 4318840.493, 91
Trd, 4318841.493, 92
Trd, 4318844.043, 91
Trd, 4318844.393, 92
Trd, 4318847.193, 92
Trd, 4318848.993, 91
Trd, 4318849.193, 93
Trd, 4318851.693, 92
Trd, 4318853.843, 91
Trd, 4318856.293, 92
Trd, 4318856.493, 91
Trd, 4318857.543, 92
Trd, 4318859.393, 91
Trd, 4318860.993, 92
Trd, 4318862.993, 101
Trd, 4318863.693, 91
Trd, 4318865.193, 90
Trd, 4318867.943, 94
Trd, 4318869.043, 92
Trd, 4318870.893, 92
Trd, 4318872.543, 92
Trd, 4318873.893, 90
Trd, 4318874.393, 95
Trd, 4318875.743, 95
Trd, 4318877.543, 97
Trd, 4318878.543, 96
Trd, 4318879.893, 97
Trd, 4318881.943, 99
Trd, 4318882.543, 98
Trd, 4318886.343, 96
Trd, 4318887.593, 96
Trd, 4318888.343, 95
Trd, 4318889.043, 96
Trd, 4318889.393, 95
Trd, 4318890.643, 96
Trd, 4318890.793, 96
Trd, 4318892.093, 94
Trd, 4318893.693, 94
Trd, 4318893.793, 94
Trd, 4318895.093, 95
Trd, 4318895.243, 96
Trd, 4318897.993, 92
Trd, 4318899.993, 93
Trd, 4318902.493, 93
Trd, 4318903.793, 94
Trd, 4318905.093, 92
Trd, 4318909.943, 93
Trd, 4318910.543, 94
Trd, 4318911.993, 94
Trd, 4318913.043, 92
Trd, 4318913.743, 93
Trd, 4318913.993, 93
Trd, 4318917.193, 93
Trd, 4318917.293, 101
Trd, 4318919.543, 93
Trd, 4318922.293, 92
Trd, 4318922.543, 91
Trd, 4318922.693, 91
Trd, 4318923.493, 95
Trd, 4318924.393, 78
Trd, 4318925.043, 89
Trd, 4318926.443, 86
Trd, 4318928.893, 89
Trd, 4318929.443, 95
Trd, 4318930.793, 88
Trd, 4318930.943, 90
Trd, 4318933.093, 87
Trd, 4318933.543, 90
Trd, 4318935.493, 91
Trd, 4318937.793, 90
Trd, 4318938.393, 89
Trd, 4318941.643, 94
Trd, 4318942.993, 99
Trd, 4318943.493, 94
Trd, 4318944.243, 94
Trd, 4318944.293, 95
Trd, 4318944.843, 97
Trd, 4318947.193, 102
Trd, 4318948.293, 104
Trd, 4318948.593, 86
Trd, 4318949.043, 122
Trd, 4318953.043, 93
Trd, 4318954.293, 95
Trd, 4318956.043, 94
Trd, 4318956.143, 95
Trd, 4318956.443, 93
Trd, 4318957.593, 95
Trd, 4318959.693, 94
Trd, 4318961.643, 95
Trd, 4318962.543, 95
Trd, 4318962.693, 93
Trd, 4318963.593, 93
Trd, 4318965.493, 94
Trd, 4318966.243, 93
Trd, 4318966.993, 93
Trd, 4318967.043, 92
Trd, 4318967.943, 92
Trd, 4318971.243, 100
Trd, 4318972.743, 100
Trd, 4318973.443, 104
Trd, 4318974.643, 99
Trd, 4318975.143, 98
Trd, 4318976.343, 96
Trd, 4318976.443, 95
Trd, 4318980.143, 94
Trd, 4318980.743, 95
Trd, 4318981.043, 114
Trd, 4318981.143, 93
Trd, 4318982.293, 105
Trd, 4318982.443, 94
Trd, 4318985.993, 97
Trd, 4318986.693, 94
Trd, 4318987.693, 94
Trd, 4318988.993, 95
Trd, 4318989.343, 93
Trd, 4318990.143, 94
Trd, 4318992.693, 92
Trd, 4318993.693, 94
Trd, 4318995.493, 93
Trd, 4318997.743, 92
Trd, 4319000.993, 91
Trd, 4319001.193, 91
Trd, 4319001.543, 91
Trd, 4319002.043, 95
Trd, 4319004.893, 92
Trd, 4319005.593, 91
Trd, 4319005.743, 92
Trd, 4319007.543, 90
Trd, 4319007.843, 93
Trd, 4319011.343, 89
Trd, 4319012.393, 90
Trd, 4319012.493, 88
Trd, 4319013.093, 91
Trd, 4319017.093, 90
Trd, 4319019.143, 90
Trd, 4319020.243, 89
Trd, 4319021.043, 91
Trd, 4319021.593, 91
Trd, 4319022.393, 90
Trd, 4319022.893, 88
Trd, 4319024.693, 92
Trd, 4319027.043, 93
Trd, 4319028.843, 92
Trd, 4319030.743, 91
Trd, 4319031.943, 92
Trd, 4319033.043, 93
Trd, 4319035.943, 92
Trd, 4319036.093, 91
Trd, 4319037.943, 91
Trd, 4319038.243, 90
Trd, 4319038.543, 90
Trd, 4319040.793, 91
Trd, 4319041.443, 90
Trd, 4319043.143, 102
Trd, 4319044.393, 89
Trd, 4319047.493, 91
Trd, 4319048.293, 92
Trd, 4319048.793, 91
Trd, 4319050.793, 90
Trd, 4319053.193, 90
Trd, 4319054.193, 92
Trd, 4319057.343, 89
Trd, 4319058.893, 90
Trd, 4319059.343, 88
Trd, 4319059.593, 91
Trd, 4319062.743, 89
Trd, 4319063.843, 90
Trd, 4319065.343, 88
Trd, 4319066.593, 88
Trd, 4319067.293, 88
Trd, 4319069.943, 88
Trd, 4319070.443, 87
Trd, 4319072.343, 89
Trd, 4319074.543, 94
Trd, 4319074.993, 91
Trd, 4319076.393, 92
Trd, 4319078.893, 91
Trd, 4319080.743, 91
Trd, 4319082.643, 91
Trd, 4319082.793, 92
Trd, 4319084.493, 104
Trd, 4319087.243, 106
Trd, 4319088.243, 104
Trd, 4319088.593, 100
Trd, 4319089.943, 103
Trd, 4319090.143, 102
Trd, 4319092.993, 103
Trd, 4319094.293, 95
Trd, 4319096.393, 98
Trd, 4319096.443, 99
Trd, 4319099.193, 101
Trd, 4319100.743, 104
Trd, 4319101.693, 100
Trd, 4319102.243, 101
Trd, 4319103.593, 99
Trd, 4319105.243, 94
Trd, 4319105.793, 94
Trd, 4319106.993, 94
Trd, 4319107.093, 87
Trd, 4319108.643, 94
Trd, 4319109.693, 88
Trd, 4319109.743, 93
Trd, 4319111.343, 94
Trd, 4319116.143, 94
Trd, 4319118.493, 93
Trd, 4319119.893, 91
Trd, 4319122.593, 94
Trd, 4319124.043, 92
Trd, 4319127.543, 93
Trd, 4319127.743, 94
Trd, 4319128.543, 93
Trd, 4319128.643, 94
Trd, 4319130.643, 92
Trd, 4319131.543, 92
Trd, 4319132.393, 93
Trd, 4319133.843, 97
Trd, 4319135.593, 98
Trd, 4319137.343, 96
Trd, 4319137.393, 96
Trd, 4319138.843, 109
Trd, 4319138.943, 94
Trd, 4319140.743, 100
Trd, 4319141.593, 98
Trd, 4319142.393, 97
Trd, 4319143.193, 95
Trd, 4319146.143, 95
Trd, 4319146.593, 94
Trd, 4319147.293, 95
Trd, 4319147.393, 94
Trd, 4319147.943, 104
Trd, 4319151.893, 98
Trd, 4319152.043, 96
Trd, 4319152.693, 98
Trd, 4319157.443, 96
Trd, 4319157.793, 96
Trd, 4319158.693, 95
Trd, 4319159.643, 96
Trd, 4319162.693, 104
Trd, 4319163.493, 101
Trd, 4319163.793, 100
Trd, 4319165.393, 109
Trd, 4319166.293, 102
Trd, 4319168.693, 103
Trd, 4319169.593, 102
Trd, 4319170.143, 103
Trd, 4319170.543, 94
Trd, 4319173.793, 100
Trd, 4319174.243, 99
Trd, 4319175.043, 99
Trd, 4319175.293, 99
Trd, 4319177.093, 98
Trd, 4319177.993, 97
Trd, 4319178.943, 97
Trd, 4319179.543, 77
Trd, 4319179.943, 104
Trd, 4319181.743, 96
Trd, 4319184.543, 100
Trd, 4319184.943, 101
Trd, 4319185.143, 102
Trd, 4319186.443, 101
Trd, 4319187.143, 101
Trd, 4319188.743, 99
Trd, 4319190.043, 99
Trd, 4319191.243, 104
Trd, 4319192.543, 98
Trd, 4319194.643, 97
Trd, 4319196.643, 97
Trd, 4319196.893, 97
Trd, 4319198.493, 97
Trd, 4319198.943, 96
Trd, 4319202.943, 98
Trd, 4319203.693, 97
Trd, 4319204.493, 97
Trd, 4319205.193, 95
Trd, 4319205.243, 96
Trd, 4319207.993, 97
Trd, 4319208.893, 95
Trd, 4319209.243, 95
Trd, 4319211.893, 94
Trd, 4319212.893, 95
Trd, 4319214.843, 94
Trd, 4319215.393, 95
Trd, 4319216.793, 95
Trd, 4319217.943, 93
Trd, 4319218.143, 94
Trd, 4319220.693, 96
Trd, 4319220.793, 95
Trd, 4319223.143, 96
Trd, 4319225.943, 95
Trd, 4319227.293, 102
Trd, 4319227.493, 94
Trd, 4319233.193, 95
Trd, 4319234.493, 93
Trd, 4319234.793, 94
Trd, 4319236.993, 92
Trd, 4319237.093, 104
Trd, 4319239.143, 95
Trd, 4319239.593, 86
Trd, 4319240.743, 94
Trd, 4319240.943, 94
Trd, 4319241.793, 93
Trd, 4319243.093, 92
Trd, 4319243.243, 102
Trd, 4319250.693, 94
Trd, 4319250.993, 91
Trd, 4319251.393, 94
Trd, 4319253.093, 91
Trd, 4319255.593, 93
Trd, 4319256.093, 93
Trd, 4319256.993, 91
Trd, 4319257.593, 91
Trd, 4319260.343, 92
Trd, 4319261.793, 90
Trd, 4319263.493, 89
Trd, 4319263.643, 91
Trd, 4319266.493, 90
Trd, 4319269.143, 90
Trd, 4319270.843, 89
Trd, 4319271.093, 89
Trd, 4319271.543, 88
Trd, 4319271.843, 89
Trd, 4319274.993, 89
Trd, 4319276.343, 90
Trd, 4319276.943, 95
Trd, 4319277.443, 89
Trd, 4319278.993, 91
Trd, 4319280.843, 91
Trd, 4319280.993, 92
Trd, 4319281.943, 90
Trd, 4319283.443, 95
Trd, 4319286.143, 89
Trd, 4319287.243, 91
Trd, 4319288.443, 92
Trd, 4319288.543, 91
Trd, 4319290.243, 93
Trd, 4319291.443, 89
Trd, 4319294.143, 90
Trd, 4319295.193, 89
Trd, 4319297.893, 89
Trd, 4319298.493, 88
Trd, 4319298.693, 89
Trd, 4319300.193, 89
Trd, 4319304.693, 88
Trd, 4319306.793, 95
Trd, 4319307.043, 95
Trd, 4319309.993, 95
Trd, 4319310.693, 96
Trd, 4319311.293, 96
Trd, 4319311.843, 95
Trd, 4319313.143, 104
Trd, 4319313.493, 114
Trd, 4319314.893, 98
Trd, 4319316.493, 101
Trd, 4319316.593, 101
Trd, 4319317.543, 101
Trd, 4319318.043, 97
Trd, 4319320.093, 101
Trd, 4319322.393, 99
Trd, 4319323.793, 97
Trd, 4319323.843, 96
Trd, 4319324.193, 96
Trd, 4319325.493, 96
Trd, 4319328.093, 95
Trd, 4319330.443, 98
Trd, 4319331.443, 96
Trd, 4319331.593, 98
Trd, 4319333.243, 103
Trd, 4319336.343, 102
Trd, 4319336.543, 100
Trd, 4319337.693, 100
Trd, 4319337.793, 99
Trd, 4319339.643, 100
Trd, 4319340.543, 99
Trd, 4319342.843, 97
Trd, 4319345.943, 99
Trd, 4319346.243, 98
Trd, 4319347.643, 99
Trd, 4319349.293, 97
Trd, 4319350.993, 95
Trd, 4319352.343, 95
Trd, 4319353.793, 96
Trd, 4319355.643, 98
Trd, 4319356.193, 97
Trd, 4319357.443, 102
Trd, 4319359.093, 96
Trd, 4319361.543, 95
Trd, 4319363.243, 97
Trd, 4319363.593, 95
Trd, 4319364.693, 95
Trd, 4319365.993, 104
Trd, 4319368.393, 102
Trd, 4319368.793, 102
Trd, 4319371.093, 101
Trd, 4319371.243, 104
Trd, 4319372.993, 104
Trd, 4319373.143, 102
Trd, 4319375.293, 101
Trd, 4319376.943, 101
Trd, 4319377.393, 101
Trd, 4319379.043, 100
Trd, 4319379.893, 99
Trd, 4319380.193, 101
Trd, 4319381.893, 98
Trd, 4319384.043, 97
Trd, 4319384.343, 94
Trd, 4319384.593, 97
Trd, 4319385.443, 95
Trd, 4319385.993, 94
Trd, 4319386.343, 94
Trd, 4319386.393, 104
Trd, 4319391.493, 95
Trd, 4319392.493, 93
Trd, 4319392.643, 94
Trd, 4319393.943, 96
Trd, 4319396.193, 95
Trd, 4319397.593, 95
Trd, 4319397.943, 94
Trd, 4319399.293, 93
Trd, 4319400.343, 97
Trd, 4319400.993, 104
Trd, 4319401.193, 94
Trd, 4319403.043, 95
Trd, 4319403.943, 95
Trd, 4319404.493, 94
Trd, 4319405.293, 95
Trd, 4319408.293, 94
Trd, 4319409.993, 94
Trd, 4319412.543, 93
Trd, 4319412.793, 93
Trd, 4319413.043, 93
Trd, 4319416.093, 94
Trd, 4319417.843, 95
Trd, 4319418.093, 94
Trd, 4319419.243, 93
Trd, 4319422.393, 96
Trd, 4319422.493, 95
Trd, 4319423.493, 92
Trd, 4319423.943, 102
Trd, 4319427.093, 98
Trd, 4319427.943, 99
Trd, 4319429.243, 98
Trd, 4319430.943, 96
Trd, 4319431.893, 101
Trd, 4319434.043, 96
Trd, 4319434.093, 95
Trd, 4319435.293, 96
Trd, 4319435.843, 99
Trd, 4319436.643, 96
Trd, 4319440.043, 100
Trd, 4319440.993, 100
Trd, 4319441.143, 99
Trd, 4319444.593, 100
Trd, 4319444.743, 99
Trd, 4319444.993, 99
Trd, 4319445.193, 94
Trd, 4319445.693, 98
Trd, 4319446.443, 99
Trd, 4319449.343, 98
Trd, 4319450.443, 95
Trd, 4319452.893, 95
Trd, 4319455.193, 95
Trd, 4319457.393, 94
Trd, 4319458.143, 95
Trd, 4319458.243, 94
Trd, 4319460.943, 95
Trd, 4319461.393, 94
Trd, 4319463.193, 92
Trd, 4319464.693, 93
Trd, 4319465.443, 92
Trd, 4319467.693, 93
Trd, 4319469.393, 92
Trd, 4319470.093, 93
Trd, 4319472.093, 101
Trd, 4319472.293, 102
Trd, 4319474.993, 98
Trd, 4319475.643, 99
Trd, 4319475.993, 98
Trd, 4319478.393, 97
Trd, 4319479.243, 97
Trd, 4319482.693, 97
Trd, 4319482.943, 96
Trd, 4319483.493, 94
Trd, 4319484.943, 95
Trd, 4319485.993, 95
Trd, 4319486.893, 94
Trd, 4319487.093, 92
Trd, 4319487.943, 103
Trd, 4319490.593, 95
Trd, 4319491.893, 95
Trd, 4319492.643, 97
Trd, 4319493.443, 94
Trd, 4319496.793, 93
Trd, 4319497.043, 95
Trd, 4319498.193, 92
Trd, 4319498.643, 95
Trd, 4319500.093, 94
Trd, 4319505.093, 93
Trd, 4319505.443, 92
Trd, 4319506.343, 94
Trd, 4319508.393, 104
Trd, 4319508.843, 104
Trd, 4319509.443, 104
Trd, 4319510.643, 103
Trd, 4319511.693, 102
Trd, 4319512.743, 104
Trd, 4319514.243, 103
Trd, 4319515.443, 102
Trd, 4319515.793, 102
Trd, 4319515.843, 102
Trd, 4319517.343, 101
Trd, 4319518.843, 101
Trd, 4319520.193, 102
Trd, 4319520.243, 100
Trd, 4319522.393, 99
Trd, 4319523.793, 96
Trd, 4319524.393, 96
Trd, 4319524.493, 98
Trd, 4319526.243, 94
Trd, 4319527.643, 90
Trd, 4319528.093, 89
Trd, 4319529.293, 89
Trd, 4319529.993, 85
Trd, 4319530.643, 89
Trd, 4319534.893, 95
Trd, 4319534.993, 91
Trd, 4319536.343, 95
Trd, 4319537.093, 95
Trd, 4319540.143, 98
Trd, 4319541.043, 98
Trd, 4319541.693, 95
Trd, 4319544.443, 104
Trd, 4319546.293, 95
Trd, 4319547.243, 97
Trd, 4319547.643, 96
Trd, 4319547.693, 95
Trd, 4319550.593, 95
Trd, 4319551.593, 95
Trd, 4319553.343, 95
Trd, 4319554.043, 94
Trd, 4319554.343, 95
Trd, 4319556.943, 94
Trd, 4319558.593, 93
Trd, 4319560.943, 94
Trd, 4319561.293, 94
Trd, 4319563.043, 94
Trd, 4319565.693, 93
Trd, 4319566.243, 94
Trd, 4319566.293, 93
Trd, 4319567.243, 94
Trd, 4319568.943, 95
Trd, 4319571.743, 93
Trd, 4319571.843, 94
Trd, 4319573.543, 93
Trd, 4319575.443, 92
Trd, 4319575.493, 92
Trd, 4319576.743, 93
Trd, 4319577.343, 95
Trd, 4319579.193, 100
Trd, 4319579.493, 102
Trd, 4319580.593, 100
Trd, 4319581.493, 99
Trd, 4319583.493, 98
Trd, 4319584.843, 97
Trd, 4319586.843, 99
Trd, 4319587.843, 97
Trd, 4319589.943, 98
Trd, 4319590.793, 96
Trd, 4319592.393, 96
Trd, 4319593.743, 97
Trd, 4319593.893, 96
Trd, 4319595.243, 102
Trd, 4319595.943, 94
Trd, 4319598.743, 95
Trd, 4319602.543, 96
Trd, 4319603.093, 94
Trd, 4319605.093, 95
Trd, 4319606.593, 93
Trd, 4319607.043, 93
Trd, 4319607.943, 93
Trd, 4319608.793, 92
Trd, 4319608.893, 95
Trd, 4319610.893, 93
Trd, 4319612.443, 92
Trd, 4319614.093, 91
Trd, 4319617.093, 92
Trd, 4319617.793, 91
Trd, 4319618.743, 92
Trd, 4319620.593, 93
Trd, 4319620.893, 93
Trd, 4319622.593, 93
Trd, 4319623.043, 90
Trd, 4319624.943, 89
Trd, 4319628.593, 91
Trd, 4319628.693, 89
Trd, 4319629.293, 91
Trd, 4319630.593, 90
Trd, 4319631.693, 89
Trd, 4319633.393, 89
Trd, 4319633.743, 90
Trd, 4319634.393, 88
Trd, 4319636.543, 88
Trd, 4319639.943, 87
Trd, 4319640.793, 88
Trd, 4319641.693, 86
Trd, 4319642.693, 89
Trd, 4319642.843, 88
Trd, 4319644.843, 94
Trd, 4319647.493, 89
Trd, 4319648.543, 88
Trd, 4319649.893, 89
Trd, 4319650.643, 92
Trd, 4319654.043, 88
Trd, 4319655.293, 87
Trd, 4319655.493, 91
Trd, 4319658.593, 91
Trd, 4319658.993, 90
Trd, 4319660.593, 88
Trd, 4319661.993, 90
Trd, 4319664.943, 90
Trd, 4319665.993, 89
Trd, 4319666.143, 90
Trd, 4319668.593, 88
Trd, 4319671.943, 87
Trd, 4319672.043, 91
Trd, 4319675.343, 89
Trd, 4319677.343, 88
Trd, 4319678.093, 87
Trd, 4319679.643, 90
Trd, 4319680.043, 91
Trd, 4319681.593, 89
Trd, 4319682.343, 98
Trd, 4319684.743, 89
Trd, 4319685.143, 90
Trd, 4319687.193, 98
Trd, 4319687.293, 97
Trd, 4319689.593, 103
Trd, 4319689.843, 104
Trd, 4319691.893, 100
Trd, 4319694.293, 96
Trd, 4319695.143, 95
Trd, 4319695.393, 96
Trd, 4319696.343, 95
Trd, 4319699.743, 95
Trd, 4319699.943, 94
Trd, 4319700.593, 93
Trd, 4319701.943, 93
Trd, 4319702.793, 102
Trd, 4319705.993, 96
Trd, 4319708.343, 94
Trd, 4319709.843, 94
Trd, 4319711.243, 92
Trd, 4319714.093, 94
Trd, 4319715.143, 93
Trd, 4319718.043, 94
Trd, 4319719.643, 93
Trd, 4319720.793, 94
Trd, 4319720.993, 95
Trd, 4319722.593, 93
Trd, 4319724.093, 92
Trd, 4319727.493, 92
Trd, 4319728.143, 91
Trd, 4319729.493, 92
Trd, 4319732.093, 92
Trd, 4319733.743, 102
Trd, 4319735.693, 92
Trd, 4319735.793, 91
Trd, 4319737.193, 92
Trd, 4319739.543, 91
Trd, 4319740.743, 77
Trd, 4319741.843, 87
Trd, 4319741.893, 91
Trd, 4319744.943, 92
Trd, 4319746.493, 91
Trd, 4319748.893, 91
Trd, 4319749.393, 92
Trd, 4319750.643, 89
Trd, 4319753.793, 92
Trd, 4319753.943, 114
Trd, 4319756.393, 91
Trd, 4319756.993, 94
Trd, 4319758.993, 91
Trd, 4319760.693, 91
Trd, 4319761.943, 90
Trd, 4319763.793, 93
Trd, 4319763.843, 104
Trd, 4319764.193, 92
Trd, 4319766.643, 103
Trd, 4319768.593, 101
Trd, 4319770.643, 101
Trd, 4319770.993, 100
Trd, 4319772.893, 101
Trd, 4319775.643, 99
Trd, 4319775.793, 102
Trd, 4319777.043, 102
Trd, 4319778.243, 100
Trd, 4319778.843, 100
Trd, 4319779.293, 99
Trd, 4319781.843, 98
Trd, 4319782.093, 98
Trd, 4319784.593, 97
Trd, 4319786.093, 95
Trd, 4319786.143, 98
Trd, 4319786.443, 94
Trd, 4319788.093, 96
Trd, 4319788.343, 95
Trd, 4319790.143, 95
Trd, 4319791.593, 94
Trd, 4319794.193, 93
Trd, 4319794.343, 93
Trd, 4319795.043, 94
Trd, 4319795.693, 103
Trd, 4319797.693, 94
Trd, 4319800.043, 94
Trd, 4319800.643, 97
Trd, 4319801.943, 97
Trd, 4319803.243, 97
Trd, 4319803.393, 97
Trd, 4319803.793, 98
Trd, 4319806.043, 97
Trd, 4319807.093, 96
Trd, 4319808.043, 94
Trd, 4319809.643, 94
Trd, 4319812.543, 95
Trd, 4319812.743, 94
Trd, 4319814.243, 104
Trd, 4319814.943, 102
Trd, 4319815.393, 102
Trd, 4319818.043, 100
Trd, 4319818.943, 94
Trd, 4319819.143, 98
Trd, 4319820.893, 94
Trd, 4319821.543, 104
Trd, 4319822.993, 102
Trd, 4319823.043, 101
Trd, 4319826.343, 101
Trd, 4319826.793, 103
Trd, 4319827.793, 102
Trd, 4319828.093, 101
Trd, 4319828.143, 102
Trd, 4319831.043, 100
Trd, 4319832.393, 99
Trd, 4319835.843, 99
Trd, 4319836.543, 99
Trd, 4319836.743, 98
Trd, 4319837.393, 97
Trd, 4319838.493, 98
Trd, 4319841.743, 97
Trd, 4319841.993, 98
Trd, 4319843.243, 97
Trd, 4319843.593, 98
Trd, 4319846.843, 95
Trd, 4319847.643, 94
Trd, 4319849.193, 91
Trd, 4319849.343, 93
Trd, 4319850.443, 93
Trd, 4319850.493, 104
Trd, 4319853.393, 97
Trd, 4319855.293, 97
Trd, 4319858.243, 97
Trd, 4319858.343, 97
Trd, 4319858.393, 95
Trd, 4319859.893, 96
Trd, 4319861.593, 95
Trd, 4319863.093, 95
Trd, 4319863.493, 94
Trd, 4319866.543, 93
Trd, 4319867.743, 93
Trd, 4319867.793, 94
Trd, 4319867.843, 94
Trd, 4319869.893, 94
Trd, 4319871.393, 100
Trd, 4319874.893, 94
Trd, 4319877.443, 94
Trd, 4319877.543, 93
Trd, 4319877.893, 94
Trd, 4319879.143, 93
Trd, 4319880.193, 94
Trd, 4319882.243, 93
Trd, 4319885.643, 92
Trd, 4319886.143, 92
Trd, 4319886.793, 91
Trd, 4319886.843, 95
Trd, 4319887.743, 89
Trd, 4319890.443, 104
Trd, 4319891.443, 98
Trd, 4319891.743, 94
Trd, 4319894.393, 96
Trd, 4319896.293, 94
Trd, 4319897.343, 95
Trd, 4319897.493, 93
Trd, 4319902.843, 94
Trd, 4319902.893, 92
Trd, 4319903.093, 95
Trd, 4319903.293, 92
Trd, 4319905.793, 92
Trd, 4319905.993, 90
Trd, 4319907.443, 93
Trd, 4319911.093, 93
Trd, 4319911.843, 95
Trd, 4319913.893, 92
Trd, 4319915.343, 91
Trd, 4319916.343, 91
Trd, 4319919.443, 92
Trd, 4319919.893, 91
Trd, 4319922.993, 95
Trd, 4319925.193, 91
Trd, 4319926.493, 92
Trd, 4319928.143, 92
Trd, 4319929.593, 93
Trd, 4319930.343, 91
Trd, 4319930.643, 90
Trd, 4319934.543, 90
Trd, 4319935.243, 90
Trd, 4319936.243, 92
Trd, 4319938.343, 92
Trd, 4319939.043, 91
Trd, 4319941.543, 92
Trd, 4319941.993, 91
Trd, 4319943.093, 91
Trd, 4319944.243, 89
Trd, 4319945.693, 89
Trd, 4319947.493, 91
Trd, 4319950.643, 91
Trd, 4319951.843, 91
Trd, 4319952.443, 90
Trd, 4319954.443, 90
Trd, 4319954.693, 89
Trd, 4319955.993, 88
Trd, 4319956.643, 95
Trd, 4319960.393, 90
Trd, 4319961.743, 92
Trd, 4319963.693, 93
Trd, 4319963.893, 92
Trd, 4319966.143, 91
Trd, 4319967.293, 92
Trd, 4319967.943, 93
Trd, 4319970.343, 91
Trd, 4319970.893, 90
Trd, 4319975.193, 104
Trd, 4319976.093, 99
Trd, 4319976.693, 97
Trd, 4319978.393, 97
Trd, 4319980.393, 97
Trd, 4319980.843, 99
Trd, 4319981.643, 99
Trd, 4319981.793, 96
Trd, 4319984.943, 97
Trd, 4319985.093, 96
Trd, 4319985.443, 99
Trd, 4319988.493, 98
Trd, 4319989.893, 97
Trd, 4319990.293, 99
Trd, 4319990.743, 104
Trd, 4319991.393, 104
Trd, 4319992.943, 105
Trd, 4319993.843, 102
Trd, 4319996.243, 102
Trd, 4319997.293, 101
Trd, 4319998.643, 101
Trd, 4319999.643, 100
