Trd, 4317997.893, 94
Trd, 4317998.443, 106
Trd, 4317998.743, 117
Trd, 4317998.993, 68
Trd, 4317999.693, 91
Trd, 4318002.043, 109
Trd, 4318002.743, 103
Trd, 4318002.893, 88
Trd, 4318004.543, 95
Trd, 4318006.343, 108
Trd, 4318006.643, 109
Trd, 4318008.193, 100
Trd, 4318009.143, 110
Trd, 4318010.143, 106
Trd, 4318011.243, 112
Trd, 4318011.343, 97
Trd, 4318012.293, 94
Trd, 4318013.643, 94
Trd, 4318015.493, 108
Trd, 4318016.793, 113
Trd, 4318016.943, 122
Trd, 4318016.993, 93
Trd, 4318017.843, 92
Trd, 4318018.743, 106
Trd, 4318018.793, 108
Trd, 4318019.443, 85
Trd, 4318021.293, 78
Trd, 4318021.993, 112
Trd, 4318023.393, 106
Trd, 4318023.443, 116
Trd, 4318024.793, 95
Trd, 4318025.193, 75
Trd, 4318027.293, 100
Trd, 4318028.893, 102
Trd, 4318029.893, 93
Trd, 4318030.793, 93
Trd, 4318031.643, 99
Trd, 4318031.843, 92
Trd, 4318031.893, 100
Trd, 4318036.093, 95
Trd, 4318036.293, 92
Trd, 4318036.643, 95
Trd, 4318037.043, 91
Trd, 4318037.243, 91
Trd, 4318037.743, 105
Trd, 4318038.343, 74
Trd, 4318039.693, 89
Trd, 4318040.743, 95
Trd, 4318041.693, 87
Trd, 4318042.643, 113
Trd, 4318044.143, 132
Trd, 4318044.393, 108
Trd, 4318044.943, 106
Trd, 4318045.893, 120
Trd, 4318046.993, 103
Trd, 4318047.543, 112
Trd, 4318047.643, 94
Trd, 4318050.343, 113
Trd, 4318050.943, 107
Trd, 4318051.743, 106
Trd, 4318053.293, 101
Trd, 4318053.493, 115
Trd, 4318057.643, 103
Trd, 4318057.943, 94
Trd, 4318058.093, 106
Trd, 4318058.143, 107
Trd, 4318058.743, 114
Trd, 4318059.543, 98
Trd, 4318061.143, 110
Trd, 4318061.893, 96
Trd, 4318062.993, 95
Trd, 4318063.143, 95
Trd, 4318064.243, 113
Trd, 4318065.643, 94
Trd, 4318066.093, 107
Trd, 4318066.393, 120
Trd, 4318067.393, 93
Trd, 4318068.193, 110
Trd, 4318069.343, 92
Trd, 4318071.693, 102
Trd, 4318072.493, 102
Trd, 4318072.543, 93
Trd, 4318073.593, 93
Trd, 4318074.293, 85
Trd, 4318074.443, 74
Trd, 4318074.493, 105
Trd, 4318075.293, 116
Trd, 4318077.143, 113
Trd, 4318077.693, 105
Trd, 4318080.493, 92
Trd, 4318081.343, 113
Trd, 4318081.593, 103
Trd, 4318082.593, 111
Trd, 4318083.093, 111
Trd, 4318083.293, 103
Trd, 4318083.593, 113
Trd, 4318084.893, 122
Trd, 4318086.093, 113
Trd, 4318087.843, 101
Trd, 4318087.993, 94
Trd, 4318089.443, 86
Trd, 4318090.843, 92
Trd, 4318092.293, 91
Trd, 4318094.493, 94
Trd, 4318094.643, 89
Trd, 4318095.093, 95
Trd, 4318095.193, 104
Trd, 4318095.743, 98
Trd, 4318096.693, 88
Trd, 4318098.093, 89
Trd, 4318100.293, 97
Trd, 4318100.793, 97
Trd, 4318100.893, 106
Trd, 4318100.943, 92
Trd, 4318103.243, 92
Trd, 4318103.793, 76
Trd, 4318105.643, 106
Trd, 4318106.343, 87
Trd, 4318108.393, 89
Trd, 4318109.143, 95
Trd, 4318110.093, 99
Trd, 4318110.543, 94
Trd, 4318112.143, 112
Trd, 4318112.393, 106
Trd, 4318113.243, 102
Trd, 4318113.493, 113
Trd, 4318113.743, 113
Trd, 4318113.843, 93
Trd, 4318115.743, 108
Trd, 4318116.643, 114
Trd, 4318117.493, 100
Trd, 4318118.543, 100
Trd, 4318118.643, 104
Trd, 4318119.643, 94
Trd, 4318120.043, 76
Trd, 4318121.893, 112
Trd, 4318123.143, 103
Trd, 4318123.343, 104
Trd, 4318123.943, 113
Trd, 4318124.343, 113
Trd, 4318125.493, 107
Trd, 4318125.543, 98
Trd, 4318125.793, 94
Trd, 4318126.893, 107
Trd, 4318128.293, 106
Trd, 4318129.693, 98
Trd, 4318131.693, 104
Trd, 4318131.843, 114
Trd, 4318133.343, 99
Trd, 4318134.043, 108
Trd, 4318134.243, 98
Trd, 4318134.643, 122
Trd, 4318135.693, 94
Trd, 4318137.543, 105
Trd, 4318137.893, 95
Trd, 4318139.443, 97
Trd, 4318139.743, 94
Trd, 4318141.043, 100
Trd, 4318141.093, 101
Trd, 4318141.293, 106
Trd, 4318141.393, 117
Trd, 4318141.993, 85
Trd, 4318145.543, 91
Trd, 4318145.743, 107
Trd, 4318146.693, 108
Trd, 4318146.993, 95
Trd, 4318147.343, 93
Trd, 4318149.293, 93
Trd, 4318149.443, 115
Trd, 4318151.843, 86
Trd, 4318152.793, 89
Trd, 4318153.243, 98
Trd, 4318153.343, 84
Trd, 4318154.543, 100
Trd, 4318154.893, 113
Trd, 4318156.093, 95
Trd, 4318158.343, 77
Trd, 4318158.693, 113
Trd, 4318159.293, 112
Trd, 4318159.793, 88
Trd, 4318161.343, 89
Trd, 4318161.893, 85
Trd, 4318162.393, 93
Trd, 4318162.843, 95
Trd, 4318163.893, 104
Trd, 4318166.093, 85
Trd, 4318166.393, 89
Trd, 4318167.543, 93
Trd, 4318167.893, 113
Trd, 4318168.993, 105
Trd, 4318171.593, 104
Trd, 4318172.043, 101
Trd, 4318172.893, 103
Trd, 4318173.193, 104
Trd, 4318174.443, 88
Trd, 4318175.093, 101
Trd, 4318175.193, 85
Trd, 4318176.793, 92
Trd, 4318177.843, 109
Trd, 4318178.493, 91
Trd, 4318179.043, 99
Trd, 4318181.393, 93
Trd, 4318181.793, 90
Trd, 4318181.993, 79
Trd, 4318182.643, 95
Trd, 4318185.443, 93
Trd, 4318185.843, 92
Trd, 4318186.693, 92
Trd, 4318186.943, 113
Trd, 4318187.993, 139
Trd, 4318189.993, 114
Trd, 4318190.693, 98
Trd, 4318192.093, 105
Trd, 4318193.693, 94
Trd, 4318193.993, 95
Trd, 4318194.443, 94
Trd, 4318195.193, 89
Trd, 4318196.443, 68
Trd, 4318196.693, 115
Trd, 4318197.393, 82
Trd, 4318197.493, 97
Trd, 4318199.043, 87
Trd, 4318199.743, 87
Trd, 4318200.543, 79
Trd, 4318202.043, 95
Trd, 4318204.143, 88
Trd, 4318204.843, 95
Trd, 4318205.293, 87
Trd, 4318206.743, 95
Trd, 4318207.793, 113
Trd, 4318208.393, 94
Trd, 4318209.693, 115
Trd, 4318210.843, 101
Trd, 4318211.343, 105
Trd, 4318211.893, 93
Trd, 4318213.593, 93
Trd, 4318214.593, 84
Trd, 4318215.093, 97
Trd, 4318215.543, 96
Trd, 4318217.193, 114
Trd, 4318218.843, 113
Trd, 4318219.843, 98
Trd, 4318220.393, 97
Trd, 4318221.193, 94
Trd, 4318222.393, 93
Trd, 4318223.843, 93
Trd, 4318224.193, 105
Trd, 4318224.493, 113
Trd, 4318225.693, 92
Trd, 4318226.993, 108
Trd, 4318227.893, 83
Trd, 4318229.593, 104
Trd, 4318230.593, 88
Trd, 4318230.893, 100
Trd, 4318231.593, 89
Trd, 4318231.693, 109
Trd, 4318232.193, 91
Trd, 4318233.893, 91
Trd, 4318234.093, 104
Trd, 4318234.893, 109
Trd, 4318236.193, 113
Trd, 4318236.793, 98
Trd, 4318237.243, 122
Trd, 4318237.793, 113
Trd, 4318238.093, 82
Trd, 4318240.093, 92
Trd, 4318241.043, 96
Trd, 4318241.893, 104
Trd, 4318242.843, 104
Trd, 4318243.743, 95
Trd, 4318243.793, 81
Trd, 4318244.743, 91
Trd, 4318244.893, 101
Trd, 4318246.593, 98
Trd, 4318246.743, 104
Trd, 4318247.193, 89
Trd, 4318251.093, 89
Trd, 4318251.543, 97
Trd, 4318253.343, 97
Trd, 4318253.643, 88
Trd, 4318253.743, 101
Trd, 4318253.893, 110
Trd, 4318256.043, 87
Trd, 4318256.393, 86
Trd, 4318257.743, 105
Trd, 4318259.093, 89
Trd, 4318259.343, 95
Trd, 4318260.993, 88
Trd, 4318261.043, 86
Trd, 4318263.793, 87
Trd, 4318263.943, 95
Trd, 4318264.193, 99
Trd, 4318266.643, 86
Trd, 4318266.693, 96
Trd, 4318266.893, 108
Trd, 4318269.143, 86
Trd, 4318269.743, 87
Trd, 4318271.543, 85
Trd, 4318271.693, 89
Trd, 4318272.443, 85
Trd, 4318273.293, 84
Trd, 4318273.743, 95
Trd, 4318275.243, 104
Trd, 4318276.543, 89
Trd, 4318278.143, 84
Trd, 4318278.343, 120
Trd, 4318279.793, 83
Trd, 4318279.993, 95
Trd, 4318281.493, 93
Trd, 4318282.443, 82
Trd, 4318282.543, 87
Trd, 4318284.593, 103
Trd, 4318284.943, 108
Trd, 4318287.293, 82
Trd, 4318287.793, 82
Trd, 4318288.943, 90
Trd, 4318289.793, 85
Trd, 4318290.093, 89
Trd, 4318292.143, 106
Trd, 4318293.543, 85
Trd, 4318293.743, 116
Trd, 4318294.543, 117
Trd, 4318296.043, 111
Trd, 4318297.293, 107
Trd, 4318298.693, 100
Trd, 4318299.293, 113
Trd, 4318300.593, 94
Trd, 4318301.143, 101
Trd, 4318302.493, 104
Trd, 4318303.943, 115
Trd, 4318304.693, 84
Trd, 4318305.643, 91
Trd, 4318305.743, 109
Trd, 4318306.343, 79
Trd, 4318308.893, 105
Trd, 4318309.843, 99
Trd, 4318309.893, 103
Trd, 4318312.393, 94
Trd, 4318312.643, 91
Trd, 4318313.443, 107
Trd, 4318314.793, 91
Trd, 4318315.443, 90
Trd, 4318316.193, 121
Trd, 4318317.843, 98
Trd, 4318318.593, 107
Trd, 4318319.393, 90
Trd, 4318320.043, 86
Trd, 4318320.343, 84
Trd, 4318322.093, 94
Trd, 4318322.293, 95
Trd, 4318325.293, 117
Trd, 4318325.343, 102
Trd, 4318326.093, 100
Trd, 4318327.043, 96
Trd, 4318327.443, 87
Trd, 4318328.493, 93
Trd, 4318329.643, 98
Trd, 4318331.043, 113
Trd, 4318331.493, 100
Trd, 4318332.893, 99
Trd, 4318333.293, 94
Trd, 4318334.793, 104
Trd, 4318334.843, 122
Trd, 4318335.843, 122
Trd, 4318335.893, 134
Trd, 4318337.243, 105
Trd, 4318337.943, 72
Trd, 4318339.443, 78
Trd, 4318339.493, 95
Trd, 4318340.943, 90
Trd, 4318342.193, 86
Trd, 4318342.993, 92
Trd, 4318344.143, 126
Trd, 4318345.293, 86
Trd, 4318346.193, 95
Trd, 4318347.243, 96
Trd, 4318348.043, 85
Trd, 4318349.543, 96
Trd, 4318350.143, 94
Trd, 4318350.293, 76
Trd, 4318352.693, 102
Trd, 4318353.193, 87
Trd, 4318353.493, 104
Trd, 4318354.493, 94
Trd, 4318354.593, 91
Trd, 4318355.293, 96
Trd, 4318356.893, 96
Trd, 4318357.343, 100
Trd, 4318358.693, 90
Trd, 4318359.993, 83
Trd, 4318360.093, 86
Trd, 4318361.143, 104
Trd, 4318362.993, 88
Trd, 4318363.343, 112
Trd, 4318364.543, 112
Trd, 4318366.193, 91
Trd, 4318366.343, 104
Trd, 4318367.243, 95
Trd, 4318367.293, 113
Trd, 4318367.943, 75
Trd, 4318369.443, 108
Trd, 4318369.743, 87
Trd, 4318370.143, 106
Trd, 4318371.893, 102
Trd, 4318373.793, 92
Trd, 4318374.193, 92
Trd, 4318375.843, 91
Trd, 4318377.343, 98
Trd, 4318378.243, 90
Trd, 4318379.143, 99
Trd, 4318379.443, 108
Trd, 4318380.443, 113
Trd, 4318381.243, 100
Trd, 4318382.843, 112
Trd, 4318384.193, 99
Trd, 4318385.043, 104
Trd, 4318385.143, 94
Trd, 4318386.243, 95
Trd, 4318387.443, 103
Trd, 4318388.293, 114
Trd, 4318388.743, 95
Trd, 4318389.243, 94
Trd, 4318389.893, 106
Trd, 4318390.593, 94
Trd, 4318393.743, 100
Trd, 4318394.393, 98
Trd, 4318394.693, 101
Trd, 4318395.793, 94
Trd, 4318395.943, 106
Trd, 4318396.243, 85
Trd, 4318398.243, 112
Trd, 4318398.843, 113
Trd, 4318399.343, 101
Trd, 4318401.843, 107
Trd, 4318401.993, 108
Trd, 4318402.143, 102
Trd, 4318402.843, 105
Trd, 4318403.443, 94
Trd, 4318404.193, 97
Trd, 4318405.443, 85
Trd, 4318405.943, 76
Trd, 4318407.443, 105
Trd, 4318409.543, 103
Trd, 4318410.443, 94
Trd, 4318410.743, 105
Trd, 4318411.543, 113
Trd, 4318412.093, 94
Trd, 4318414.293, 98
Trd, 4318414.743, 98
Trd, 4318415.543, 111
Trd, 4318416.393, 120
Trd, 4318416.793, 121
Trd, 4318417.843, 122
Trd, 4318418.743, 97
Trd, 4318418.793, 94
Trd, 4318420.693, 96
Trd, 4318420.943, 103
Trd, 4318421.443, 95
Trd, 4318422.243, 94
Trd, 4318424.343, 93
Trd, 4318424.993, 85
Trd, 4318425.643, 95
Trd, 4318426.293, 94
Trd, 4318427.143, 92
Trd, 4318427.293, 106
Trd, 4318427.593, 90
Trd, 4318430.943, 94
Trd, 4318431.543, 105
Trd, 4318431.843, 88
Trd, 4318432.893, 88
Trd, 4318434.143, 112
Trd, 4318435.793, 75
Trd, 4318436.043, 102
Trd, 4318436.493, 77
Trd, 4318438.043, 86
Trd, 4318438.743, 89
Trd, 4318438.993, 86
Trd, 4318440.443, 95
Trd, 4318442.093, 104
Trd, 4318442.143, 86
Trd, 4318442.243, 83
Trd, 4318443.593, 93
Trd, 4318444.743, 86
Trd, 4318445.993, 112
Trd, 4318446.193, 96
Trd, 4318447.193, 83
Trd, 4318448.043, 113
Trd, 4318448.793, 81
Trd, 4318450.993, 88
Trd, 4318453.993, 88
Trd, 4318455.043, 88
Trd, 4318455.243, 95
Trd, 4318455.493, 85
Trd, 4318456.093, 104
Trd, 4318456.393, 85
Trd, 4318456.593, 84
Trd, 4318457.993, 84
Trd, 4318459.543, 94
Trd, 4318460.293, 95
Trd, 4318461.643, 86
Trd, 4318461.993, 90
Trd, 4318463.293, 113
Trd, 4318464.843, 89
Trd, 4318465.593, 86
Trd, 4318467.393, 85
Trd, 4318468.543, 93
Trd, 4318469.043, 95
Trd, 4318470.393, 85
Trd, 4318470.443, 93
Trd, 4318471.143, 85
Trd, 4318472.243, 84
Trd, 4318472.893, 100
Trd, 4318473.793, 87
Trd, 4318473.843, 105
Trd, 4318476.943, 94
Trd, 4318477.243, 87
Trd, 4318478.843, 84
Trd, 4318479.393, 95
Trd, 4318481.393, 89
Trd, 4318481.843, 85
Trd, 4318482.443, 91
Trd, 4318483.593, 84
Trd, 4318485.593, 86
Trd, 4318485.943, 86
Trd, 4318488.893, 95
Trd, 4318489.443, 88
Trd, 4318489.593, 86
Trd, 4318490.493, 89
Trd, 4318491.893, 113
Trd, 4318492.393, 113
Trd, 4318494.193, 85
Trd, 4318494.293, 87
Trd, 4318496.643, 80
Trd, 4318497.293, 87
Trd, 4318499.243, 95
Trd, 4318499.293, 122
Trd, 4318499.593, 86
Trd, 4318499.893, 86
Trd, 4318499.993, 114
Trd, 4318500.293, 85
Trd, 4318502.343, 85
Trd, 4318503.043, 90
Trd, 4318506.293, 110
Trd, 4318506.393, 108
Trd, 4318507.493, 105
Trd, 4318507.643, 113
Trd, 4318508.143, 121
Trd, 4318511.243, 102
Trd, 4318511.393, 107
Trd, 4318512.043, 94
Trd, 4318513.193, 100
Trd, 4318513.593, 104
Trd, 4318514.793, 112
Trd, 4318514.843, 94
Trd, 4318515.643, 117
Trd, 4318516.293, 84
Trd, 4318518.293, 82
Trd, 4318518.693, 76
Trd, 4318520.693, 85
Trd, 4318521.943, 87
Trd, 4318522.443, 104
Trd, 4318523.443, 91
Trd, 4318523.943, 118
Trd, 4318525.943, 118
Trd, 4318526.343, 109
Trd, 4318527.093, 107
Trd, 4318529.043, 102
Trd, 4318530.093, 105
Trd, 4318531.193, 102
Trd, 4318531.393, 94
Trd, 4318533.293, 97
Trd, 4318533.343, 85
Trd, 4318534.393, 103
Trd, 4318535.093, 104
Trd, 4318536.043, 95
Trd, 4318537.093, 93
Trd, 4318537.293, 104
Trd, 4318539.243, 112
Trd, 4318539.543, 97
Trd, 4318540.493, 121
Trd, 4318540.743, 121
Trd, 4318541.043, 103
Trd, 4318543.043, 103
Trd, 4318544.793, 104
Trd, 4318545.393, 104
Trd, 4318546.693, 113
Trd, 4318546.993, 94
Trd, 4318547.043, 123
Trd, 4318548.043, 85
Trd, 4318548.493, 112
Trd, 4318550.343, 107
Trd, 4318551.043, 105
Trd, 4318552.043, 95
Trd, 4318553.693, 94
Trd, 4318554.743, 105
Trd, 4318554.793, 114
Trd, 4318555.793, 101
Trd, 4318555.943, 93
Trd, 4318556.143, 79
Trd, 4318559.993, 97
Trd, 4318560.443, 104
Trd, 4318560.943, 93
Trd, 4318561.893, 94
Trd, 4318562.393, 104
Trd, 4318562.693, 86
Trd, 4318564.843, 91
Trd, 4318566.493, 95
Trd, 4318566.693, 92
Trd, 4318567.943, 94
Trd, 4318568.193, 110
Trd, 4318569.893, 93
Trd, 4318570.593, 92
Trd, 4318570.693, 95
Trd, 4318572.993, 91
Trd, 4318573.843, 97
Trd, 4318575.593, 90
Trd, 4318576.243, 94
Trd, 4318577.343, 89
Trd, 4318577.793, 95
Trd, 4318577.893, 89
Trd, 4318579.093, 95
Trd, 4318579.493, 105
Trd, 4318579.693, 115
Trd, 4318579.743, 75
Trd, 4318580.493, 77
Trd, 4318582.893, 86
Trd, 4318584.493, 80
Trd, 4318585.043, 92
Trd, 4318586.343, 104
Trd, 4318588.393, 86
Trd, 4318588.893, 90
Trd, 4318589.843, 85
Trd, 4318590.343, 85
Trd, 4318591.043, 89
Trd, 4318591.393, 95
Trd, 4318592.443, 115
Trd, 4318595.343, 99
Trd, 4318595.743, 90
Trd, 4318596.343, 100
Trd, 4318596.843, 90
Trd, 4318598.143, 113
Trd, 4318598.293, 106
Trd, 4318598.693, 116
Trd, 4318598.743, 103
Trd, 4318599.843, 103
Trd, 4318602.293, 104
Trd, 4318602.893, 94
Trd, 4318603.543, 115
Trd, 4318603.743, 113
Trd, 4318604.193, 85
Trd, 4318604.793, 75
Trd, 4318606.143, 113
Trd, 4318606.543, 140
Trd, 4318607.543, 122
Trd, 4318609.243, 107
Trd, 4318609.343, 116
Trd, 4318609.943, 98
Trd, 4318610.743, 115
Trd, 4318612.143, 110
Trd, 4318613.593, 105
Trd, 4318613.793, 101
Trd, 4318616.493, 103
Trd, 4318616.593, 103
Trd, 4318616.943, 94
Trd, 4318618.393, 109
Trd, 4318619.593, 98
Trd, 4318620.143, 98
Trd, 4318620.443, 115
Trd, 4318620.743, 97
Trd, 4318623.843, 102
Trd, 4318623.993, 94
Trd, 4318624.443, 108
Trd, 4318625.093, 94
Trd, 4318625.493, 85
Trd, 4318625.543, 116
Trd, 4318626.993, 92
Trd, 4318627.293, 112
Trd, 4318627.493, 74
Trd, 4318630.043, 102
Trd, 4318631.593, 102
Trd, 4318633.293, 89
Trd, 4318633.393, 81
Trd, 4318634.393, 108
Trd, 4318636.593, 88
Trd, 4318639.443, 88
Trd, 4318639.493, 86
Trd, 4318639.793, 88
Trd, 4318640.293, 85
Trd, 4318640.943, 95
Trd, 4318643.093, 104
Trd, 4318644.293, 104
Trd, 4318645.393, 94
Trd, 4318646.993, 98
Trd, 4318648.293, 93
Trd, 4318649.593, 108
Trd, 4318649.743, 101
Trd, 4318649.843, 108
Trd, 4318649.893, 91
Trd, 4318651.143, 85
Trd, 4318652.043, 95
Trd, 4318652.893, 113
Trd, 4318652.943, 94
Trd, 4318654.193, 121
Trd, 4318655.093, 106
Trd, 4318656.793, 83
Trd, 4318657.843, 89
Trd, 4318659.243, 77
Trd, 4318660.293, 102
Trd, 4318660.793, 104
Trd, 4318661.343, 93
Trd, 4318663.193, 95
Trd, 4318663.243, 92
Trd, 4318665.293, 113
Trd, 4318666.193, 94
Trd, 4318666.943, 88
Trd, 4318668.143, 114
Trd, 4318668.893, 96
Trd, 4318669.193, 90
Trd, 4318669.243, 84
Trd, 4318670.243, 114
Trd, 4318670.793, 111
Trd, 4318672.493, 115
Trd, 4318673.643, 103
Trd, 4318673.693, 108
Trd, 4318674.293, 92
Trd, 4318675.543, 84
Trd, 4318677.093, 102
Trd, 4318677.293, 92
Trd, 4318678.043, 123
Trd, 4318678.593, 121
Trd, 4318679.293, 100
Trd, 4318680.743, 101
Trd, 4318682.693, 108
Trd, 4318682.993, 108
Trd, 4318683.143, 102
Trd, 4318684.343, 108
Trd, 4318685.243, 114
Trd, 4318685.993, 102
Trd, 4318686.993, 100
Trd, 4318688.143, 101
Trd, 4318689.143, 94
Trd, 4318690.543, 106
Trd, 4318690.943, 83
Trd, 4318692.193, 103
Trd, 4318692.443, 89
Trd, 4318695.793, 92
Trd, 4318696.343, 101
Trd, 4318696.593, 91
Trd, 4318697.343, 105
Trd, 4318697.543, 92
Trd, 4318698.093, 115
Trd, 4318699.143, 84
Trd, 4318700.743, 112
Trd, 4318701.693, 94
Trd, 4318702.393, 75
Trd, 4318702.593, 100
Trd, 4318705.393, 91
Trd, 4318705.443, 94
Trd, 4318705.593, 95
Trd, 4318706.393, 88
Trd, 4318708.893, 91
Trd, 4318708.943, 89
Trd, 4318710.493, 91
Trd, 4318712.093, 105
Trd, 4318712.393, 88
Trd, 4318712.893, 106
Trd, 4318713.243, 114
Trd, 4318715.393, 100
Trd, 4318716.193, 101
Trd, 4318716.243, 89
Trd, 4318716.593, 87
Trd, 4318718.943, 101
Trd, 4318719.393, 91
Trd, 4318720.893, 105
Trd, 4318720.943, 123
Trd, 4318725.043, 94
Trd, 4318725.243, 95
Trd, 4318725.693, 91
Trd, 4318726.543, 89
Trd, 4318726.843, 85
Trd, 4318728.143, 99
Trd, 4318728.443, 111
Trd, 4318728.793, 119
Trd, 4318729.443, 75
Trd, 4318729.743, 108
Trd, 4318732.293, 105
Trd, 4318733.143, 87
Trd, 4318734.543, 89
Trd, 4318736.443, 93
Trd, 4318738.193, 95
Trd, 4318738.243, 87
Trd, 4318739.343, 87
Trd, 4318739.693, 113
Trd, 4318739.943, 117
Trd, 4318740.893, 86
Trd, 4318742.793, 81
Trd, 4318743.593, 76
Trd, 4318743.693, 88
Trd, 4318744.793, 108
Trd, 4318746.543, 92
Trd, 4318747.943, 90
Trd, 4318748.643, 89
Trd, 4318748.793, 99
Trd, 4318749.343, 101
Trd, 4318749.543, 123
Trd, 4318754.093, 88
Trd, 4318755.743, 95
Trd, 4318756.043, 88
Trd, 4318756.393, 96
Trd, 4318756.893, 110
Trd, 4318757.543, 87
Trd, 4318757.993, 85
Trd, 4318758.493, 132
Trd, 4318759.543, 121
Trd, 4318760.093, 109
Trd, 4318761.743, 103
Trd, 4318762.943, 115
Trd, 4318763.593, 105
Trd, 4318764.143, 113
Trd, 4318765.493, 103
Trd, 4318766.893, 84
Trd, 4318767.693, 95
Trd, 4318768.193, 106
Trd, 4318769.643, 103
Trd, 4318770.043, 105
Trd, 4318770.943, 94
Trd, 4318772.393, 111
Trd, 4318772.693, 93
Trd, 4318773.143, 114
Trd, 4318773.293, 92
Trd, 4318775.793, 91
Trd, 4318776.843, 109
Trd, 4318777.643, 110
Trd, 4318777.693, 89
Trd, 4318779.593, 93
Trd, 4318780.843, 82
Trd, 4318781.093, 95
Trd, 4318781.193, 95
Trd, 4318783.043, 97
Trd, 4318783.793, 113
Trd, 4318783.993, 89
Trd, 4318784.793, 89
Trd, 4318786.193, 102
Trd, 4318788.993, 89
Trd, 4318789.493, 85
Trd, 4318789.743, 100
Trd, 4318790.843, 89
Trd, 4318792.493, 81
Trd, 4318794.343, 95
Trd, 4318794.593, 86
Trd, 4318795.293, 105
Trd, 4318797.693, 92
Trd, 4318798.693, 113
Trd, 4318799.093, 112
Trd, 4318799.743, 92
Trd, 4318800.793, 93
Trd, 4318800.843, 119
Trd, 4318801.043, 85
Trd, 4318801.443, 117
Trd, 4318802.143, 112
Trd, 4318804.593, 104
Trd, 4318805.943, 97
Trd, 4318806.293, 98
Trd, 4318806.693, 90
Trd, 4318807.043, 84
Trd, 4318807.893, 75
Trd, 4318808.643, 118
Trd, 4318809.543, 120
Trd, 4318811.193, 109
Trd, 4318812.193, 106
Trd, 4318812.743, 113
Trd, 4318813.543, 122
Trd, 4318814.293, 123
Trd, 4318814.343, 116
Trd, 4318815.443, 103
Trd, 4318817.393, 103
Trd, 4318817.993, 122
Trd, 4318818.043, 111
Trd, 4318818.343, 91
Trd, 4318818.643, 93
Trd, 4318822.193, 94
Trd, 4318822.343, 101
Trd, 4318823.843, 99
Trd, 4318825.743, 105
Trd, 4318827.393, 100
Trd, 4318827.943, 98
Trd, 4318828.293, 96
Trd, 4318828.393, 99
Trd, 4318828.593, 94
Trd, 4318829.793, 86
Trd, 4318829.893, 95
Trd, 4318831.493, 85
Trd, 4318833.743, 92
Trd, 4318834.493, 113
Trd, 4318834.793, 114
Trd, 4318835.643, 84
Trd, 4318836.993, 116
Trd, 4318838.943, 105
Trd, 4318840.043, 102
Trd, 4318840.343, 111
Trd, 4318841.893, 101
Trd, 4318843.143, 104
Trd, 4318844.493, 102
Trd, 4318845.193, 100
Trd, 4318845.743, 101
Trd, 4318846.393, 98
Trd, 4318846.693, 94
Trd, 4318848.193, 94
Trd, 4318849.593, 93
Trd, 4318849.743, 101
Trd, 4318850.293, 115
Trd, 4318850.693, 116
Trd, 4318851.743, 92
Trd, 4318852.943, 90
Trd, 4318854.693, 95
Trd, 4318855.243, 102
Trd, 4318857.293, 92
Trd, 4318858.243, 92
Trd, 4318858.443, 91
Trd, 4318858.743, 100
Trd, 4318860.693, 85
Trd, 4318860.793, 94
Trd, 4318862.943, 88
Trd, 4318863.293, 94
Trd, 4318863.593, 112
Trd, 4318865.193, 113
Trd, 4318865.493, 106
Trd, 4318866.643, 111
Trd, 4318867.993, 108
Trd, 4318868.443, 101
Trd, 4318868.743, 123
Trd, 4318870.443, 94
Trd, 4318871.943, 98
Trd, 4318872.293, 100
Trd, 4318872.393, 93
Trd, 4318874.643, 103
Trd, 4318876.643, 112
Trd, 4318876.893, 94
Trd, 4318877.293, 94
Trd, 4318877.943, 113
Trd, 4318878.443, 112
Trd, 4318879.543, 93
Trd, 4318880.143, 104
Trd, 4318880.443, 85
Trd, 4318882.693, 103
Trd, 4318883.043, 90
Trd, 4318883.743, 99
Trd, 4318885.793, 103
Trd, 4318885.843, 90
Trd, 4318887.243, 102
Trd, 4318887.893, 89
Trd, 4318888.893, 88
Trd, 4318889.293, 107
Trd, 4318889.343, 68
Trd, 4318890.243, 113
Trd, 4318891.843, 97
Trd, 4318892.243, 113
Trd, 4318893.093, 113
Trd, 4318895.493, 111
Trd, 4318896.943, 106
Trd, 4318897.293, 109
Trd, 4318897.893, 93
Trd, 4318899.043, 99
Trd, 4318899.493, 85
Trd, 4318899.793, 108
Trd, 4318900.393, 109
Trd, 4318901.243, 74
Trd, 4318901.343, 112
Trd, 4318903.793, 88
Trd, 4318905.743, 102
Trd, 4318907.343, 93
Trd, 4318908.243, 103
Trd, 4318909.243, 106
Trd, 4318909.393, 107
Trd, 4318909.693, 124
Trd, 4318909.993, 93
Trd, 4318910.393, 92
Trd, 4318911.543, 95
Trd, 4318913.443, 91
Trd, 4318913.793, 91
Trd, 4318915.843, 89
Trd, 4318916.993, 94
Trd, 4318917.293, 90
Trd, 4318918.393, 89
Trd, 4318919.243, 95
Trd, 4318919.893, 120
Trd, 4318920.293, 112
Trd, 4318920.643, 125
Trd, 4318922.343, 97
Trd, 4318922.393, 92
Trd, 4318924.593, 103
Trd, 4318924.643, 98
Trd, 4318925.243, 111
Trd, 4318926.193, 97
Trd, 4318927.543, 113
Trd, 4318927.843, 97
Trd, 4318929.143, 107
Trd, 4318930.743, 94
Trd, 4318932.243, 106
Trd, 4318932.393, 105
Trd, 4318932.693, 85
Trd, 4318933.993, 104
Trd, 4318935.443, 93
Trd, 4318935.543, 92
Trd, 4318936.643, 109
Trd, 4318938.193, 114
Trd, 4318940.093, 96
Trd, 4318940.293, 95
Trd, 4318940.543, 105
Trd, 4318941.893, 104
Trd, 4318942.043, 93
Trd, 4318942.543, 121
Trd, 4318943.643, 93
Trd, 4318943.943, 132
Trd, 4318947.043, 111
Trd, 4318947.793, 113
Trd, 4318949.493, 103
Trd, 4318949.693, 104
Trd, 4318949.993, 112
Trd, 4318950.693, 84
Trd, 4318951.493, 86
Trd, 4318951.693, 95
Trd, 4318953.743, 95
Trd, 4318954.493, 90
Trd, 4318954.943, 113
Trd, 4318955.643, 88
Trd, 4318957.543, 122
Trd, 4318958.443, 89
Trd, 4318958.943, 100
Trd, 4318959.293, 84
Trd, 4318960.593, 106
Trd, 4318960.993, 107
Trd, 4318961.993, 95
Trd, 4318962.393, 105
Trd, 4318963.493, 94
Trd, 4318964.043, 106
Trd, 4318964.743, 98
Trd, 4318967.243, 119
Trd, 4318967.893, 112
Trd, 4318969.493, 110
Trd, 4318970.293, 100
Trd, 4318971.343, 118
Trd, 4318971.493, 113
Trd, 4318972.743, 103
Trd, 4318973.593, 113
Trd, 4318973.943, 94
Trd, 4318975.243, 111
Trd, 4318975.843, 68
Trd, 4318976.743, 77
Trd, 4318977.693, 95
Trd, 4318978.643, 110
Trd, 4318980.643, 105
Trd, 4318980.893, 90
Trd, 4318982.493, 89
Trd, 4318982.693, 109
Trd, 4318983.393, 113
Trd, 4318983.543, 88
Trd, 4318985.693, 114
Trd, 4318986.243, 109
Trd, 4318987.893, 115
Trd, 4318988.593, 90
Trd, 4318991.143, 95
Trd, 4318991.293, 96
Trd, 4318991.343, 94
Trd, 4318991.693, 97
Trd, 4318991.793, 74
Trd, 4318992.643, 80
Trd, 4318996.143, 104
Trd, 4318996.693, 88
Trd, 4318998.043, 88
Trd, 4318998.643, 95
Trd, 4318998.693, 107
Trd, 4318999.293, 114
Trd, 4318999.893, 87
Trd, 4319000.043, 97
Trd, 4319003.043, 113
Trd, 4319004.593, 100
Trd, 4319004.943, 103
Trd, 4319006.093, 103
Trd, 4319006.643, 103
Trd, 4319006.943, 94
Trd, 4319007.293, 106
Trd, 4319008.543, 97
Trd, 4319008.893, 113
Trd, 4319010.293, 93
Trd, 4319010.693, 94
Trd, 4319011.693, 113
Trd, 4319014.293, 95
Trd, 4319014.743, 94
Trd, 4319015.343, 103
Trd, 4319016.043, 110
Trd, 4319017.693, 94
Trd, 4319018.393, 99
Trd, 4319020.643, 98
Trd, 4319021.343, 93
Trd, 4319021.693, 92
Trd, 4319021.943, 105
Trd, 4319022.443, 75
Trd, 4319023.393, 113
Trd, 4319024.093, 82
Trd, 4319025.443, 82
Trd, 4319026.193, 103
Trd, 4319026.243, 104
Trd, 4319027.393, 85
Trd, 4319029.343, 91
Trd, 4319030.943, 91
Trd, 4319031.493, 88
Trd, 4319031.693, 91
Trd, 4319034.493, 90
Trd, 4319034.893, 95
Trd, 4319035.693, 88
Trd, 4319035.893, 85
Trd, 4319037.893, 86
Trd, 4319039.043, 90
Trd, 4319039.243, 92
Trd, 4319039.443, 85
Trd, 4319039.893, 95
Trd, 4319042.143, 86
Trd, 4319042.543, 87
Trd, 4319043.143, 109
Trd, 4319043.543, 113
Trd, 4319045.743, 106
Trd, 4319046.243, 99
Trd, 4319046.893, 94
Trd, 4319047.043, 113
Trd, 4319048.443, 84
Trd, 4319048.693, 90
Trd, 4319052.043, 95
Trd, 4319052.343, 103
Trd, 4319054.143, 103
Trd, 4319054.643, 90
Trd, 4319054.893, 104
Trd, 4319056.243, 97
Trd, 4319056.743, 90
Trd, 4319057.843, 97
Trd, 4319057.943, 115
Trd, 4319059.443, 90
Trd, 4319062.143, 103
Trd, 4319062.193, 89
Trd, 4319063.293, 88
Trd, 4319065.143, 99
Trd, 4319065.543, 87
Trd, 4319065.593, 101
Trd, 4319066.593, 104
Trd, 4319067.793, 86
Trd, 4319070.743, 87
Trd, 4319071.693, 86
Trd, 4319072.243, 89
Trd, 4319072.443, 86
Trd, 4319073.543, 85
Trd, 4319073.693, 103
Trd, 4319074.943, 108
Trd, 4319075.993, 90
Trd, 4319076.693, 92
Trd, 4319078.943, 95
Trd, 4319079.593, 95
Trd, 4319080.443, 97
Trd, 4319080.493, 95
Trd, 4319081.793, 106
Trd, 4319081.943, 85
Trd, 4319083.193, 100
Trd, 4319084.543, 111
Trd, 4319084.693, 90
Trd, 4319085.493, 79
Trd, 4319086.993, 113
Trd, 4319087.393, 108
Trd, 4319088.943, 94
Trd, 4319091.293, 101
Trd, 4319091.843, 97
Trd, 4319092.043, 93
Trd, 4319094.093, 109
Trd, 4319094.193, 114
Trd, 4319095.093, 105
Trd, 4319095.993, 93
Trd, 4319096.493, 78
Trd, 4319098.243, 90
Trd, 4319099.143, 87
Trd, 4319099.493, 103
Trd, 4319100.243, 84
Trd, 4319100.493, 91
Trd, 4319103.943, 92
Trd, 4319104.143, 108
Trd, 4319105.543, 114
Trd, 4319105.843, 113
Trd, 4319106.493, 96
Trd, 4319107.343, 99
Trd, 4319107.693, 93
Trd, 4319108.993, 106
Trd, 4319109.143, 85
Trd, 4319110.093, 90
Trd, 4319111.843, 116
Trd, 4319112.843, 109
Trd, 4319115.593, 102
Trd, 4319115.693, 91
Trd, 4319116.493, 95
Trd, 4319117.143, 101
Trd, 4319117.493, 95
Trd, 4319117.993, 117
Trd, 4319119.893, 89
Trd, 4319120.043, 85
Trd, 4319120.993, 95
Trd, 4319122.493, 112
Trd, 4319122.543, 118
Trd, 4319123.793, 93
Trd, 4319125.793, 92
Trd, 4319126.193, 99
Trd, 4319126.393, 83
Trd, 4319126.943, 102
Trd, 4319127.093, 105
Trd, 4319129.593, 98
Trd, 4319129.643, 121
Trd, 4319129.993, 121
Trd, 4319131.993, 103
Trd, 4319132.393, 94
Trd, 4319133.743, 104
Trd, 4319133.893, 82
Trd, 4319136.493, 93
Trd, 4319136.993, 91
Trd, 4319137.243, 76
Trd, 4319137.343, 106
Trd, 4319141.043, 96
Trd, 4319141.543, 97
Trd, 4319141.793, 120
Trd, 4319141.843, 88
Trd, 4319143.893, 87
Trd, 4319144.843, 92
Trd, 4319145.593, 86
Trd, 4319146.793, 95
Trd, 4319147.043, 95
Trd, 4319149.243, 86
Trd, 4319149.643, 86
Trd, 4319149.743, 91
Trd, 4319150.943, 105
Trd, 4319152.793, 88
Trd, 4319154.243, 85
Trd, 4319155.243, 84
Trd, 4319156.343, 93
Trd, 4319157.543, 87
Trd, 4319158.993, 90
Trd, 4319159.793, 102
Trd, 4319160.393, 90
Trd, 4319161.493, 89
Trd, 4319162.043, 118
Trd, 4319162.143, 122
Trd, 4319163.843, 99
Trd, 4319165.093, 100
Trd, 4319165.443, 89
Trd, 4319165.993, 94
Trd, 4319168.243, 88
Trd, 4319168.993, 87
Trd, 4319170.843, 92
Trd, 4319171.393, 86
Trd, 4319171.443, 76
Trd, 4319172.443, 90
Trd, 4319173.343, 95
Trd, 4319175.343, 120
Trd, 4319175.393, 89
Trd, 4319178.593, 96
Trd, 4319179.443, 100
Trd, 4319179.993, 95
Trd, 4319180.693, 105
Trd, 4319181.993, 111
Trd, 4319182.743, 94
Trd, 4319184.043, 85
Trd, 4319184.593, 104
Trd, 4319184.843, 88
Trd, 4319185.743, 84
Trd, 4319187.993, 90
Trd, 4319188.293, 104
Trd, 4319189.843, 113
Trd, 4319190.343, 103
Trd, 4319192.393, 102
Trd, 4319192.843, 105
Trd, 4319192.943, 117
Trd, 4319193.793, 122
Trd, 4319194.143, 101
Trd, 4319195.093, 83
Trd, 4319196.543, 113
Trd, 4319197.143, 67
Trd, 4319197.543, 80
Trd, 4319199.193, 89
Trd, 4319199.393, 95
Trd, 4319199.943, 119
Trd, 4319200.493, 91
Trd, 4319202.743, 91
Trd, 4319202.943, 99
Trd, 4319203.743, 113
Trd, 4319204.193, 90
Trd, 4319204.943, 105
Trd, 4319206.593, 106
Trd, 4319207.343, 113
Trd, 4319208.643, 104
Trd, 4319209.943, 115
Trd, 4319210.993, 114
Trd, 4319211.093, 101
Trd, 4319211.793, 93
Trd, 4319212.593, 79
Trd, 4319214.743, 86
Trd, 4319215.043, 95
Trd, 4319215.593, 88
Trd, 4319216.243, 93
Trd, 4319218.743, 88
Trd, 4319219.143, 88
Trd, 4319219.343, 92
Trd, 4319219.993, 104
Trd, 4319222.043, 88
Trd, 4319222.143, 87
Trd, 4319223.843, 114
Trd, 4319224.193, 133
Trd, 4319224.443, 109
Trd, 4319225.443, 94
Trd, 4319227.793, 95
Trd, 4319228.393, 95
Trd, 4319229.193, 94
Trd, 4319229.243, 99
Trd, 4319230.343, 85
Trd, 4319231.243, 102
Trd, 4319231.843, 113
Trd, 4319231.993, 90
Trd, 4319232.543, 113
Trd, 4319233.443, 113
Trd, 4319234.693, 107
Trd, 4319235.193, 122
Trd, 4319237.543, 120
Trd, 4319237.893, 112
Trd, 4319238.443, 94
Trd, 4319240.193, 103
Trd, 4319241.843, 102
Trd, 4319242.193, 104
Trd, 4319242.843, 102
Trd, 4319244.543, 103
Trd, 4319244.593, 101
Trd, 4319244.693, 94
Trd, 4319245.143, 109
Trd, 4319246.093, 113
Trd, 4319248.193, 112
Trd, 4319248.493, 113
Trd, 4319248.893, 107
Trd, 4319251.293, 76
Trd, 4319252.293, 95
Trd, 4319253.393, 96
Trd, 4319254.093, 92
Trd, 4319254.143, 104
Trd, 4319254.993, 91
Trd, 4319255.543, 99
Trd, 4319256.843, 88
Trd, 4319257.043, 85
Trd, 4319258.193, 78
Trd, 4319258.393, 95
Trd, 4319259.043, 92
Trd, 4319261.843, 86
Trd, 4319262.693, 103
Trd, 4319263.193, 85
Trd, 4319264.243, 113
Trd, 4319264.743, 87
Trd, 4319264.993, 123
Trd, 4319267.443, 85
Trd, 4319268.243, 86
Trd, 4319268.893, 102
Trd, 4319270.293, 83
Trd, 4319270.443, 105
Trd, 4319270.793, 118
Trd, 4319271.643, 105
Trd, 4319273.393, 84
Trd, 4319275.243, 87
Trd, 4319275.343, 86
Trd, 4319276.393, 98
Trd, 4319279.593, 88
Trd, 4319280.443, 89
Trd, 4319280.693, 113
Trd, 4319282.043, 94
Trd, 4319283.643, 98
Trd, 4319283.793, 93
Trd, 4319284.493, 107
Trd, 4319285.543, 95
Trd, 4319286.643, 99
Trd, 4319286.743, 100
Trd, 4319287.593, 111
Trd, 4319289.043, 115
Trd, 4319289.143, 111
Trd, 4319289.843, 94
Trd, 4319290.543, 114
Trd, 4319292.243, 66
Trd, 4319293.843, 96
Trd, 4319294.893, 82
Trd, 4319295.743, 104
Trd, 4319297.243, 97
Trd, 4319297.693, 112
Trd, 4319297.893, 106
Trd, 4319298.393, 93
Trd, 4319298.893, 116
Trd, 4319299.043, 98
Trd, 4319302.143, 117
Trd, 4319303.543, 111
Trd, 4319304.293, 112
Trd, 4319304.593, 94
Trd, 4319306.693, 104
Trd, 4319307.543, 121
Trd, 4319308.193, 116
Trd, 4319309.343, 120
Trd, 4319309.643, 102
Trd, 4319309.693, 94
Trd, 4319312.393, 109
Trd, 4319313.143, 122
Trd, 4319313.693, 114
Trd, 4319315.543, 95
Trd, 4319315.593, 94
Trd, 4319316.043, 89
Trd, 4319316.643, 105
Trd, 4319317.193, 85
Trd, 4319317.893, 118
Trd, 4319320.193, 76
Trd, 4319320.493, 116
Trd, 4319320.843, 94
Trd, 4319321.093, 113
Trd, 4319323.393, 98
Trd, 4319324.843, 94
Trd, 4319325.393, 106
Trd, 4319325.943, 104
Trd, 4319326.743, 103
Trd, 4319327.743, 98
Trd, 4319328.593, 97
Trd, 4319329.893, 100
Trd, 4319330.443, 101
Trd, 4319331.193, 98
Trd, 4319332.643, 99
Trd, 4319333.343, 94
Trd, 4319333.893, 108
Trd, 4319334.193, 123
Trd, 4319336.643, 91
Trd, 4319337.043, 85
Trd, 4319337.493, 71
Trd, 4319337.943, 95
Trd, 4319339.543, 86
Trd, 4319341.043, 87
Trd, 4319341.243, 86
Trd, 4319341.943, 95
Trd, 4319342.843, 118
Trd, 4319343.243, 98
Trd, 4319347.243, 98
Trd, 4319347.343, 93
Trd, 4319348.443, 97
Trd, 4319348.843, 99
Trd, 4319349.143, 98
Trd, 4319349.793, 94
Trd, 4319351.393, 116
Trd, 4319351.993, 94
Trd, 4319354.143, 103
Trd, 4319354.793, 95
Trd, 4319354.843, 93
Trd, 4319355.643, 100
Trd, 4319356.443, 109
Trd, 4319357.243, 93
Trd, 4319359.193, 117
Trd, 4319359.493, 94
Trd, 4319359.743, 92
Trd, 4319362.043, 84
Trd, 4319363.043, 106
Trd, 4319364.043, 104
Trd, 4319364.793, 88
Trd, 4319365.443, 102
Trd, 4319366.493, 119
Trd, 4319366.843, 111
Trd, 4319367.343, 99
Trd, 4319368.393, 103
Trd, 4319368.543, 110
Trd, 4319369.493, 94
Trd, 4319371.893, 95
Trd, 4319373.193, 98
Trd, 4319373.393, 94
Trd, 4319373.443, 99
Trd, 4319375.493, 104
Trd, 4319376.143, 93
Trd, 4319376.443, 83
Trd, 4319376.793, 92
Trd, 4319378.443, 108
Trd, 4319378.993, 91
Trd, 4319379.743, 90
Trd, 4319380.843, 96
Trd, 4319382.493, 93
Trd, 4319382.793, 96
Trd, 4319383.793, 106
Trd, 4319384.743, 111
Trd, 4319386.043, 94
Trd, 4319386.993, 91
Trd, 4319388.343, 103
Trd, 4319389.243, 92
Trd, 4319390.743, 91
Trd, 4319390.993, 96
Trd, 4319391.443, 90
Trd, 4319391.493, 113
Trd, 4319392.193, 85
Trd, 4319394.143, 104
Trd, 4319394.743, 120
Trd, 4319395.993, 92
Trd, 4319396.793, 89
Trd, 4319398.093, 100
Trd, 4319399.343, 100
Trd, 4319399.443, 106
Trd, 4319399.593, 90
Trd, 4319400.643, 106
Trd, 4319401.543, 85
Trd, 4319403.843, 87
Trd, 4319404.393, 91
Trd, 4319405.393, 95
Trd, 4319405.593, 108
Trd, 4319406.693, 89
Trd, 4319407.143, 87
Trd, 4319408.393, 98
Trd, 4319409.843, 87
Trd, 4319410.943, 97
Trd, 4319411.643, 95
Trd, 4319412.943, 104
Trd, 4319412.993, 94
Trd, 4319413.693, 90
Trd, 4319414.193, 93
Trd, 4319414.793, 93
Trd, 4319415.343, 98
Trd, 4319415.543, 117
Trd, 4319415.843, 122
Trd, 4319418.143, 102
Trd, 4319419.593, 99
Trd, 4319421.143, 106
Trd, 4319421.243, 107
Trd, 4319421.543, 96
Trd, 4319422.543, 88
Trd, 4319423.293, 99
Trd, 4319424.943, 93
Trd, 4319425.193, 85
Trd, 4319426.193, 85
Trd, 4319427.843, 113
Trd, 4319428.343, 106
Trd, 4319428.793, 82
Trd, 4319430.143, 88
Trd, 4319430.693, 93
Trd, 4319432.043, 91
Trd, 4319433.393, 111
Trd, 4319433.443, 113
Trd, 4319434.393, 96
Trd, 4319434.643, 105
Trd, 4319434.993, 94
Trd, 4319435.993, 95
Trd, 4319436.443, 123
Trd, 4319437.193, 121
Trd, 4319437.393, 100
Trd, 4319439.143, 112
Trd, 4319440.843, 117
Trd, 4319441.793, 112
Trd, 4319443.043, 112
Trd, 4319444.443, 101
Trd, 4319445.543, 105
Trd, 4319446.193, 103
Trd, 4319446.793, 100
Trd, 4319447.593, 94
Trd, 4319448.343, 111
Trd, 4319449.193, 112
Trd, 4319449.493, 96
Trd, 4319450.193, 114
Trd, 4319450.743, 93
Trd, 4319451.593, 85
Trd, 4319452.393, 112
Trd, 4319454.443, 104
Trd, 4319454.993, 103
Trd, 4319456.493, 103
Trd, 4319457.643, 104
Trd, 4319457.743, 94
Trd, 4319458.193, 84
Trd, 4319459.193, 86
Trd, 4319460.443, 96
Trd, 4319462.543, 102
Trd, 4319463.343, 93
Trd, 4319463.493, 92
Trd, 4319464.093, 107
Trd, 4319466.293, 108
Trd, 4319466.743, 111
Trd, 4319467.093, 91
Trd, 4319468.243, 92
Trd, 4319469.043, 75
Trd, 4319470.043, 115
Trd, 4319470.343, 91
Trd, 4319470.543, 89
Trd, 4319472.093, 121
Trd, 4319473.943, 113
Trd, 4319473.993, 101
Trd, 4319474.743, 118
Trd, 4319476.093, 120
Trd, 4319476.293, 116
Trd, 4319476.493, 113
Trd, 4319478.443, 90
Trd, 4319478.743, 74
Trd, 4319479.393, 110
Trd, 4319480.543, 119
Trd, 4319480.993, 89
Trd, 4319483.793, 113
Trd, 4319484.343, 99
Trd, 4319484.393, 113
Trd, 4319484.543, 97
Trd, 4319485.793, 105
Trd, 4319486.243, 94
Trd, 4319487.443, 97
Trd, 4319488.643, 108
Trd, 4319489.093, 106
Trd, 4319490.693, 97
Trd, 4319492.143, 122
Trd, 4319492.743, 94
Trd, 4319492.843, 84
Trd, 4319493.643, 88
Trd, 4319494.143, 101
Trd, 4319497.443, 90
Trd, 4319498.193, 95
Trd, 4319498.243, 90
Trd, 4319500.143, 111
Trd, 4319500.643, 89
Trd, 4319501.593, 117
Trd, 4319501.793, 85
Trd, 4319503.443, 105
Trd, 4319503.743, 117
Trd, 4319505.743, 91
Trd, 4319506.293, 91
Trd, 4319507.593, 92
Trd, 4319509.193, 91
Trd, 4319509.293, 96
Trd, 4319509.443, 104
Trd, 4319510.843, 98
Trd, 4319511.593, 89
Trd, 4319512.843, 98
Trd, 4319513.393, 89
Trd, 4319514.043, 94
Trd, 4319516.693, 100
Trd, 4319516.893, 105
Trd, 4319517.343, 92
Trd, 4319518.943, 118
Trd, 4319519.243, 90
Trd, 4319521.143, 89
Trd, 4319521.743, 102
Trd, 4319523.043, 121
Trd, 4319523.343, 108
Trd, 4319523.743, 111
Trd, 4319524.693, 101
Trd, 4319525.393, 85
Trd, 4319527.993, 113
Trd, 4319528.793, 111
Trd, 4319530.843, 101
Trd, 4319531.693, 106
Trd, 4319531.893, 107
Trd, 4319533.293, 105
Trd, 4319535.393, 105
Trd, 4319536.893, 105
Trd, 4319537.093, 103
Trd, 4319537.193, 106
Trd, 4319537.543, 94
Trd, 4319538.143, 84
Trd, 4319538.293, 115
Trd, 4319539.393, 105
Trd, 4319541.343, 89
Trd, 4319541.943, 104
Trd, 4319542.093, 101
Trd, 4319542.793, 91
Trd, 4319544.243, 91
Trd, 4319545.693, 101
Trd, 4319546.043, 101
Trd, 4319546.393, 110
Trd, 4319546.493, 111
Trd, 4319548.193, 107
Trd, 4319548.243, 83
Trd, 4319549.843, 94
Trd, 4319550.593, 114
Trd, 4319551.343, 104
Trd, 4319553.093, 99
Trd, 4319554.443, 106
Trd, 4319555.743, 99
Trd, 4319556.143, 93
Trd, 4319556.943, 110
Trd, 4319557.093, 82
Trd, 4319557.843, 122
Trd, 4319559.693, 118
Trd, 4319560.093, 103
Trd, 4319561.543, 103
Trd, 4319561.993, 107
Trd, 4319562.843, 91
Trd, 4319565.393, 111
Trd, 4319565.543, 118
Trd, 4319565.843, 101
Trd, 4319566.093, 113
Trd, 4319566.393, 100
Trd, 4319567.143, 93
Trd, 4319568.143, 97
Trd, 4319568.343, 85
Trd, 4319569.243, 104
Trd, 4319571.093, 90
Trd, 4319571.793, 112
Trd, 4319572.943, 102
Trd, 4319574.043, 85
Trd, 4319575.443, 100
Trd, 4319576.343, 87
Trd, 4319577.243, 99
Trd, 4319577.693, 92
Trd, 4319578.793, 110
Trd, 4319580.843, 106
Trd, 4319580.993, 113
Trd, 4319582.043, 94
Trd, 4319582.393, 94
Trd, 4319582.893, 121
Trd, 4319584.543, 84
Trd, 4319584.743, 112
Trd, 4319587.343, 96
Trd, 4319587.443, 104
Trd, 4319587.493, 107
Trd, 4319587.793, 95
Trd, 4319587.843, 92
Trd, 4319588.993, 83
Trd, 4319591.393, 100
Trd, 4319591.643, 106
Trd, 4319592.743, 91
Trd, 4319593.393, 115
Trd, 4319595.993, 95
Trd, 4319596.693, 106
Trd, 4319597.043, 94
Trd, 4319597.093, 107
Trd, 4319598.293, 93
Trd, 4319598.993, 107
Trd, 4319600.193, 112
Trd, 4319600.343, 92
Trd, 4319602.893, 97
Trd, 4319603.293, 110
Trd, 4319603.493, 94
Trd, 4319604.493, 113
Trd, 4319606.743, 106
Trd, 4319607.293, 108
Trd, 4319607.493, 84
Trd, 4319608.193, 92
Trd, 4319610.493, 91
Trd, 4319611.243, 103
Trd, 4319611.343, 104
Trd, 4319611.543, 91
Trd, 4319611.943, 108
Trd, 4319612.143, 91
Trd, 4319614.493, 105
Trd, 4319615.443, 95
Trd, 4319617.293, 105
Trd, 4319618.143, 105
Trd, 4319618.643, 94
Trd, 4319618.743, 98
Trd, 4319619.293, 93
Trd, 4319620.993, 106
Trd, 4319621.893, 92
Trd, 4319623.693, 92
Trd, 4319624.193, 105
Trd, 4319625.843, 90
Trd, 4319626.293, 84
Trd, 4319627.393, 96
Trd, 4319628.193, 86
Trd, 4319628.793, 111
Trd, 4319630.493, 104
Trd, 4319631.993, 94
Trd, 4319632.393, 102
Trd, 4319633.193, 89
Trd, 4319633.293, 112
Trd, 4319633.443, 113
Trd, 4319634.293, 108
Trd, 4319634.343, 92
Trd, 4319635.943, 91
Trd, 4319636.893, 90
Trd, 4319637.243, 90
Trd, 4319638.493, 105
Trd, 4319638.843, 113
Trd, 4319639.693, 119
Trd, 4319640.393, 84
Trd, 4319642.443, 104
Trd, 4319643.243, 92
Trd, 4319644.193, 95
Trd, 4319644.743, 91
Trd, 4319645.043, 99
Trd, 4319645.343, 105
Trd, 4319645.443, 83
Trd, 4319648.193, 112
Trd, 4319649.393, 105
Trd, 4319650.293, 102
Trd, 4319652.093, 107
Trd, 4319652.143, 117
Trd, 4319652.593, 101
Trd, 4319652.893, 94
Trd, 4319654.893, 97
Trd, 4319655.343, 109
Trd, 4319655.443, 97
Trd, 4319656.443, 109
Trd, 4319657.843, 100
Trd, 4319658.493, 110
Trd, 4319660.743, 113
Trd, 4319660.893, 100
Trd, 4319662.343, 94
Trd, 4319662.643, 83
Trd, 4319662.693, 102
Trd, 4319664.593, 102
Trd, 4319665.793, 123
Trd, 4319666.243, 122
Trd, 4319667.193, 93
Trd, 4319668.393, 113
Trd, 4319668.543, 105
Trd, 4319669.643, 102
Trd, 4319670.043, 111
Trd, 4319670.443, 93
Trd, 4319672.743, 110
Trd, 4319673.543, 112
Trd, 4319674.493, 98
Trd, 4319675.693, 97
Trd, 4319677.143, 105
Trd, 4319677.843, 105
Trd, 4319679.143, 95
Trd, 4319680.243, 113
Trd, 4319680.843, 96
Trd, 4319682.193, 112
Trd, 4319682.393, 94
Trd, 4319683.393, 133
Trd, 4319684.243, 99
Trd, 4319684.693, 121
Trd, 4319686.343, 118
Trd, 4319688.193, 106
Trd, 4319688.293, 112
Trd, 4319689.393, 98
Trd, 4319690.193, 112
Trd, 4319690.343, 101
Trd, 4319690.493, 94
Trd, 4319691.993, 124
Trd, 4319693.843, 99
Trd, 4319694.443, 93
Trd, 4319695.043, 105
Trd, 4319697.693, 100
Trd, 4319699.143, 97
Trd, 4319700.693, 100
Trd, 4319700.743, 94
Trd, 4319700.943, 104
Trd, 4319703.143, 95
Trd, 4319703.743, 85
Trd, 4319704.393, 102
Trd, 4319707.993, 99
Trd, 4319708.943, 105
Trd, 4319709.643, 99
Trd, 4319710.043, 103
Trd, 4319710.143, 94
Trd, 4319710.443, 107
Trd, 4319711.743, 113
Trd, 4319712.193, 101
Trd, 4319712.793, 104
Trd, 4319713.093, 108
Trd, 4319716.193, 118
Trd, 4319717.193, 104
Trd, 4319718.043, 133
Trd, 4319718.193, 102
Trd, 4319719.543, 93
Trd, 4319719.843, 114
Trd, 4319720.993, 97
Trd, 4319722.593, 101
Trd, 4319723.243, 102
Trd, 4319723.593, 105
Trd, 4319724.193, 98
Trd, 4319725.043, 94
Trd, 4319726.443, 113
Trd, 4319728.043, 115
Trd, 4319728.193, 122
Trd, 4319728.593, 114
Trd, 4319729.293, 113
Trd, 4319729.643, 94
Trd, 4319731.593, 101
Trd, 4319731.943, 113
Trd, 4319733.343, 107
Trd, 4319734.243, 93
Trd, 4319734.593, 115
Trd, 4319735.643, 115
Trd, 4319737.143, 122
Trd, 4319738.043, 84
Trd, 4319739.243, 112
Trd, 4319740.193, 118
Trd, 4319740.293, 100
Trd, 4319740.443, 103
Trd, 4319742.143, 113
Trd, 4319743.793, 115
Trd, 4319743.893, 102
Trd, 4319744.643, 91
Trd, 4319745.143, 83
Trd, 4319746.243, 76
Trd, 4319746.343, 114
Trd, 4319750.043, 105
Trd, 4319750.893, 103
Trd, 4319752.093, 95
Trd, 4319752.393, 90
Trd, 4319752.743, 106
Trd, 4319753.593, 86
Trd, 4319754.593, 77
Trd, 4319756.793, 87
Trd, 4319758.043, 92
Trd, 4319759.943, 113
Trd, 4319760.293, 86
Trd, 4319760.893, 97
Trd, 4319764.793, 87
Trd, 4319764.843, 85
Trd, 4319765.343, 95
Trd, 4319766.143, 84
Trd, 4319766.343, 93
Trd, 4319768.493, 93
Trd, 4319768.743, 95
Trd, 4319768.993, 83
Trd, 4319771.843, 89
Trd, 4319772.143, 104
Trd, 4319772.593, 111
Trd, 4319773.943, 87
Trd, 4319773.993, 85
Trd, 4319775.243, 91
Trd, 4319776.093, 95
Trd, 4319776.193, 89
Trd, 4319778.093, 105
Trd, 4319778.843, 92
Trd, 4319779.143, 115
Trd, 4319780.843, 113
Trd, 4319781.093, 111
Trd, 4319784.843, 100
Trd, 4319785.143, 94
Trd, 4319785.393, 106
Trd, 4319786.293, 84
Trd, 4319787.243, 101
Trd, 4319787.593, 104
Trd, 4319788.043, 91
Trd, 4319788.543, 91
Trd, 4319788.843, 75
Trd, 4319790.043, 113
Trd, 4319790.593, 116
Trd, 4319792.043, 121
Trd, 4319793.243, 80
Trd, 4319794.293, 96
Trd, 4319794.393, 104
Trd, 4319795.093, 88
Trd, 4319796.993, 90
Trd, 4319797.043, 106
Trd, 4319798.093, 113
Trd, 4319799.343, 101
Trd, 4319800.343, 109
Trd, 4319800.643, 116
Trd, 4319803.293, 116
Trd, 4319804.943, 110
Trd, 4319805.043, 109
Trd, 4319805.093, 93
Trd, 4319806.043, 97
Trd, 4319808.143, 104
Trd, 4319810.043, 103
Trd, 4319810.093, 96
Trd, 4319810.343, 104
Trd, 4319811.743, 94
Trd, 4319812.393, 102
Trd, 4319814.143, 93
Trd, 4319815.743, 95
Trd, 4319816.093, 92
Trd, 4319818.443, 95
Trd, 4319819.143, 92
Trd, 4319819.993, 92
Trd, 4319820.143, 95
Trd, 4319820.243, 108
Trd, 4319821.493, 112
Trd, 4319821.993, 91
Trd, 4319825.743, 90
Trd, 4319826.543, 102
Trd, 4319826.993, 90
Trd, 4319827.393, 89
Trd, 4319827.793, 85
Trd, 4319828.243, 101
Trd, 4319828.293, 107
Trd, 4319828.793, 113
Trd, 4319829.493, 89
Trd, 4319829.893, 92
Trd, 4319831.243, 121
Trd, 4319832.093, 111
Trd, 4319833.193, 108
Trd, 4319835.443, 89
Trd, 4319835.593, 84
Trd, 4319835.893, 93
Trd, 4319836.243, 74
Trd, 4319839.093, 95
Trd, 4319840.893, 86
Trd, 4319841.193, 89
Trd, 4319841.943, 89
Trd, 4319842.393, 111
Trd, 4319843.143, 104
Trd, 4319843.443, 117
Trd, 4319844.043, 86
Trd, 4319845.293, 92
Trd, 4319846.043, 104
Trd, 4319848.143, 95
Trd, 4319849.893, 96
Trd, 4319850.393, 105
Trd, 4319851.543, 115
Trd, 4319853.293, 95
Trd, 4319853.593, 105
Trd, 4319853.793, 94
Trd, 4319855.343, 104
Trd, 4319855.993, 93
Trd, 4319857.193, 113
Trd, 4319859.593, 102
Trd, 4319860.043, 107
Trd, 4319860.543, 113
Trd, 4319862.443, 113
Trd, 4319863.143, 110
Trd, 4319863.943, 112
Trd, 4319864.143, 114
Trd, 4319864.993, 102
Trd, 4319866.743, 101
Trd, 4319867.843, 114
Trd, 4319868.343, 113
Trd, 4319868.793, 111
Trd, 4319869.043, 106
Trd, 4319871.293, 107
Trd, 4319871.443, 105
Trd, 4319871.543, 120
Trd, 4319872.793, 103
Trd, 4319873.343, 94
Trd, 4319873.993, 93
Trd, 4319875.093, 85
Trd, 4319876.543, 107
Trd, 4319877.443, 91
Trd, 4319877.493, 95
Trd, 4319877.943, 116
Trd, 4319878.493, 94
Trd, 4319878.993, 119
Trd, 4319879.743, 102
Trd, 4319881.293, 109
Trd, 4319882.343, 91
Trd, 4319883.193, 118
Trd, 4319884.043, 97
Trd, 4319886.043, 97
Trd, 4319886.993, 99
Trd, 4319887.093, 107
Trd, 4319887.443, 116
Trd, 4319888.143, 108
Trd, 4319890.243, 104
Trd, 4319890.593, 99
Trd, 4319891.243, 116
Trd, 4319891.643, 94
Trd, 4319893.993, 87
Trd, 4319894.343, 108
Trd, 4319894.493, 115
Trd, 4319895.993, 90
Trd, 4319897.643, 91
Trd, 4319899.593, 91
Trd, 4319900.043, 94
Trd, 4319900.443, 90
Trd, 4319901.893, 89
Trd, 4319902.643, 103
Trd, 4319904.343, 104
Trd, 4319905.243, 89
Trd, 4319905.293, 85
Trd, 4319905.393, 115
Trd, 4319906.543, 91
Trd, 4319909.143, 106
Trd, 4319909.243, 89
Trd, 4319910.693, 99
Trd, 4319912.843, 96
Trd, 4319913.243, 93
Trd, 4319913.593, 97
Trd, 4319915.343, 97
Trd, 4319917.093, 94
Trd, 4319917.843, 111
Trd, 4319918.243, 93
Trd, 4319918.843, 109
Trd, 4319919.043, 92
Trd, 4319919.243, 113
Trd, 4319922.043, 107
Trd, 4319922.943, 110
Trd, 4319923.293, 92
Trd, 4319923.343, 91
Trd, 4319924.493, 85
Trd, 4319924.643, 109
Trd, 4319924.993, 112
Trd, 4319925.643, 113
Trd, 4319926.843, 110
Trd, 4319927.393, 75
Trd, 4319927.893, 121
Trd, 4319928.243, 86
Trd, 4319930.593, 104
Trd, 4319932.293, 106
Trd, 4319932.443, 101
Trd, 4319932.693, 107
Trd, 4319934.693, 102
Trd, 4319934.993, 105
Trd, 4319935.243, 94
Trd, 4319935.693, 106
Trd, 4319937.093, 117
Trd, 4319938.793, 97
Trd, 4319939.843, 97
Trd, 4319940.193, 110
Trd, 4319940.243, 94
Trd, 4319941.793, 111
Trd, 4319942.493, 95
Trd, 4319942.693, 111
Trd, 4319943.543, 94
Trd, 4319944.643, 123
Trd, 4319945.643, 119
Trd, 4319945.993, 91
Trd, 4319946.693, 92
Trd, 4319948.843, 77
Trd, 4319949.543, 89
Trd, 4319951.443, 87
Trd, 4319951.993, 86
Trd, 4319952.843, 85
Trd, 4319953.443, 109
Trd, 4319955.543, 85
Trd, 4319957.793, 119
Trd, 4319958.043, 85
Trd, 4319958.593, 106
Trd, 4319959.993, 86
Trd, 4319961.093, 85
Trd, 4319961.993, 86
Trd, 4319962.143, 94
Trd, 4319963.293, 86
Trd, 4319965.693, 115
Trd, 4319966.393, 110
Trd, 4319966.493, 115
Trd, 4319968.493, 85
Trd, 4319968.693, 85
Trd, 4319969.843, 87
Trd, 4319973.993, 89
Trd, 4319974.293, 95
Trd, 4319975.193, 91
Trd, 4319975.543, 84
Trd, 4319976.243, 109
Trd, 4319977.793, 83
Trd, 4319979.043, 108
Trd, 4319980.293, 86
Trd, 4319980.793, 87
Trd, 4319982.293, 86
Trd, 4319983.243, 85
Trd, 4319985.393, 91
Trd, 4319985.993, 108
Trd, 4319986.743, 111
Trd, 4319987.193, 91
Trd, 4319987.943, 98
Trd, 4319989.893, 94
Trd, 4319990.643, 105
Trd, 4319990.843, 93
Trd, 4319991.243, 92
Trd, 4319991.393, 113
Trd, 4319993.793, 78
Trd, 4319995.093, 87
Trd, 4319995.643, 87
Trd, 4319995.893, 92
Trd, 4319997.093, 95
Trd, 4319997.993, 90
Trd, 4319998.943, 105
Trd, 4319998.993, 87
Trd, 4319999.643, 86
