Trd, 4317909.693, 99
Trd, 4317909.943, 99
Trd, 4317911.243, 101
Trd, 4317912.693, 101
Trd, 4317912.743, 94
Trd, 4317912.793, 86
Trd, 4317913.043, 102
Trd, 4317916.593, 105
Trd, 4317916.693, 97
Trd, 4317918.343, 102
Trd, 4317920.243, 97
Trd, 4317922.093, 94
Trd, 4317922.993, 95
Trd, 4317924.793, 94
Trd, 4317925.443, 104
Trd, 4317925.493, 90
Trd, 4317926.643, 90
Trd, 4317927.193, 88
Trd, 4317928.243, 92
Trd, 4317928.343, 103
Trd, 4317930.393, 92
Trd, 4317930.843, 92
Trd, 4317933.893, 102
Trd, 4317934.343, 101
Trd, 4317935.893, 110
Trd, 4317936.043, 105
Trd, 4317937.893, 102
Trd, 4317939.793, 103
Trd, 4317940.593, 101
Trd, 4317941.343, 98
Trd, 4317942.793, 98
Trd, 4317943.293, 97
Trd, 4317943.443, 86
Trd, 4317945.543, 104
Trd, 4317946.343, 103
Trd, 4317948.993, 102
Trd, 4317949.743, 103
Trd, 4317949.943, 103
Trd, 4317950.193, 102
Trd, 4317951.493, 100
Trd, 4317952.643, 86
Trd, 4317956.593, 102
Trd, 4317956.793, 103
Trd, 4317956.893, 102
Trd, 4317958.543, 117
Trd, 4317959.393, 113
Trd, 4317960.093, 94
Trd, 4317960.893, 121
Trd, 4317961.193, 87
Trd, 4317964.593, 100
Trd, 4317964.793, 113
Trd, 4317965.593, 93
Trd, 4317966.893, 93
Trd, 4317966.993, 110
Trd, 4317970.293, 93
Trd, 4317971.593, 95
Trd, 4317973.143, 99
Trd, 4317974.793, 103
Trd, 4317975.743, 100
Trd, 4317976.243, 101
Trd, 4317978.043, 99
Trd, 4317981.343, 103
Trd, 4317981.443, 102
Trd, 4317982.143, 102
Trd, 4317983.243, 103
Trd, 4317984.043, 101
Trd, 4317985.243, 102
Trd, 4317986.043, 103
Trd, 4317986.393, 104
Trd, 4317987.593, 108
Trd, 4317989.543, 120
Trd, 4317990.143, 115
Trd, 4317990.193, 108
Trd, 4317990.693, 94
Trd, 4317993.843, 105
Trd, 4317993.993, 110
Trd, 4317995.293, 104
Trd, 4317996.643, 104
Trd, 4317997.143, 93
Trd, 4317998.793, 98
Trd, 4317999.593, 99
Trd, 4317999.743, 98
Trd, 4318000.193, 86
Trd, 4318001.893, 99
Trd, 4318002.793, 91
Trd, 4318005.793, 101
Trd, 4318006.443, 100
Trd, 4318006.493, 99
Trd, 4318008.093, 100
Trd, 4318008.893, 98
Trd, 4318010.043, 96
Trd, 4318010.793, 94
Trd, 4318012.043, 104
Trd, 4318014.743, 95
Trd, 4318015.143, 95
Trd, 4318015.643, 94
Trd, 4318016.443, 102
Trd, 4318019.443, 98
Trd, 4318020.593, 98
Trd, 4318020.693, 94
Trd, 4318021.343, 100
Trd, 4318022.843, 104
Trd, 4318023.543, 104
Trd, 4318023.793, 103
Trd, 4318024.043, 103
Trd, 4318024.193, 74
Trd, 4318027.193, 109
Trd, 4318028.443, 107
Trd, 4318029.693, 107
Trd, 4318030.643, 110
Trd, 4318031.493, 104
Trd, 4318032.443, 106
Trd, 4318033.443, 104
Trd, 4318035.193, 104
Trd, 4318037.393, 99
Trd, 4318039.093, 100
Trd, 4318039.143, 99
Trd, 4318040.943, 96
Trd, 4318041.593, 98
Trd, 4318043.593, 98
Trd, 4318043.693, 96
Trd, 4318044.693, 95
Trd, 4318046.543, 89
Trd, 4318049.393, 89
Trd, 4318051.693, 91
Trd, 4318051.843, 90
Trd, 4318052.793, 96
Trd, 4318053.743, 95
Trd, 4318054.143, 102
Trd, 4318054.693, 95
Trd, 4318056.093, 95
Trd, 4318056.443, 95
Trd, 4318058.743, 94
Trd, 4318061.593, 95
Trd, 4318061.743, 97
Trd, 4318061.943, 94
Trd, 4318062.693, 94
Trd, 4318065.543, 97
Trd, 4318065.743, 96
Trd, 4318067.343, 104
Trd, 4318068.143, 102
Trd, 4318068.343, 94
Trd, 4318068.543, 100
Trd, 4318069.693, 103
Trd, 4318072.293, 97
Trd, 4318073.193, 97
Trd, 4318073.793, 95
Trd, 4318074.943, 97
Trd, 4318079.143, 99
Trd, 4318079.493, 97
Trd, 4318081.243, 98
Trd, 4318082.043, 100
Trd, 4318085.793, 101
Trd, 4318086.593, 101
Trd, 4318086.993, 99
Trd, 4318087.243, 99
Trd, 4318088.493, 108
Trd, 4318088.993, 105
Trd, 4318089.443, 99
Trd, 4318089.493, 94
Trd, 4318090.443, 88
Trd, 4318094.493, 99
Trd, 4318094.693, 94
Trd, 4318095.943, 104
Trd, 4318096.093, 103
Trd, 4318097.993, 104
Trd, 4318098.093, 103
Trd, 4318099.443, 94
Trd, 4318100.443, 95
Trd, 4318101.343, 105
Trd, 4318102.143, 94
Trd, 4318104.243, 95
Trd, 4318106.093, 97
Trd, 4318106.243, 98
Trd, 4318108.043, 103
Trd, 4318108.793, 104
Trd, 4318109.293, 104
Trd, 4318110.793, 106
Trd, 4318111.493, 114
Trd, 4318112.543, 109
Trd, 4318112.893, 104
Trd, 4318115.343, 96
Trd, 4318116.443, 100
Trd, 4318117.593, 94
Trd, 4318119.593, 100
Trd, 4318120.293, 101
Trd, 4318120.993, 99
Trd, 4318122.843, 97
Trd, 4318123.393, 86
Trd, 4318124.793, 100
Trd, 4318125.443, 93
Trd, 4318126.043, 93
Trd, 4318128.143, 94
Trd, 4318128.443, 93
Trd, 4318128.793, 95
Trd, 4318130.643, 99
Trd, 4318132.193, 100
Trd, 4318132.593, 99
Trd, 4318133.943, 101
Trd, 4318134.743, 99
Trd, 4318135.893, 86
Trd, 4318137.443, 94
Trd, 4318137.843, 92
Trd, 4318137.943, 78
Trd, 4318139.693, 88
Trd, 4318141.843, 95
Trd, 4318143.443, 96
Trd, 4318144.043, 96
Trd, 4318147.093, 97
Trd, 4318148.193, 96
Trd, 4318148.443, 100
Trd, 4318149.093, 95
Trd, 4318151.743, 94
Trd, 4318152.643, 93
Trd, 4318153.093, 98
Trd, 4318155.493, 99
Trd, 4318156.093, 98
Trd, 4318156.493, 98
Trd, 4318156.843, 94
Trd, 4318157.343, 104
Trd, 4318160.793, 101
Trd, 4318162.093, 101
Trd, 4318164.143, 99
Trd, 4318164.393, 96
Trd, 4318165.043, 104
Trd, 4318165.593, 96
Trd, 4318165.643, 95
Trd, 4318168.943, 96
Trd, 4318170.943, 95
Trd, 4318171.593, 94
Trd, 4318172.643, 93
Trd, 4318174.243, 93
Trd, 4318176.393, 94
Trd, 4318178.343, 95
Trd, 4318178.943, 96
Trd, 4318180.193, 97
Trd, 4318180.843, 96
Trd, 4318182.643, 100
Trd, 4318184.743, 98
Trd, 4318185.143, 98
Trd, 4318186.093, 97
Trd, 4318186.393, 94
Trd, 4318187.243, 96
Trd, 4318188.793, 95
Trd, 4318189.293, 74
Trd, 4318191.643, 95
Trd, 4318192.943, 95
Trd, 4318193.993, 95
Trd, 4318194.193, 94
Trd, 4318196.043, 95
Trd, 4318197.793, 94
Trd, 4318197.943, 95
Trd, 4318199.943, 95
Trd, 4318201.543, 94
Trd, 4318202.693, 86
Trd, 4318205.393, 95
Trd, 4318205.543, 94
Trd, 4318206.793, 100
Trd, 4318207.543, 100
Trd, 4318207.943, 99
Trd, 4318208.443, 100
Trd, 4318210.143, 110
Trd, 4318210.443, 102
Trd, 4318213.143, 111
Trd, 4318213.893, 110
Trd, 4318214.693, 108
Trd, 4318217.893, 106
Trd, 4318219.643, 105
Trd, 4318221.093, 104
Trd, 4318222.493, 101
Trd, 4318224.343, 104
Trd, 4318226.593, 104
Trd, 4318227.193, 104
Trd, 4318228.793, 103
Trd, 4318229.393, 102
Trd, 4318230.493, 100
Trd, 4318231.393, 104
Trd, 4318233.293, 109
Trd, 4318233.693, 108
Trd, 4318234.043, 103
Trd, 4318234.643, 94
Trd, 4318235.693, 89
Trd, 4318237.243, 90
Trd, 4318238.643, 98
Trd, 4318238.743, 91
Trd, 4318239.793, 87
Trd, 4318240.293, 87
Trd, 4318244.243, 88
Trd, 4318244.893, 105
Trd, 4318245.893, 91
Trd, 4318246.643, 90
Trd, 4318246.743, 86
Trd, 4318248.843, 94
Trd, 4318250.443, 95
Trd, 4318250.993, 94
Trd, 4318251.093, 92
Trd, 4318252.643, 91
Trd, 4318254.643, 90
Trd, 4318255.743, 84
Trd, 4318256.443, 86
Trd, 4318256.693, 95
Trd, 4318259.643, 105
Trd, 4318259.743, 104
Trd, 4318260.093, 113
Trd, 4318260.243, 99
Trd, 4318261.343, 100
Trd, 4318261.743, 96
Trd, 4318263.293, 104
Trd, 4318264.793, 97
Trd, 4318266.043, 99
Trd, 4318269.193, 98
Trd, 4318269.843, 99
Trd, 4318270.543, 99
Trd, 4318271.243, 99
Trd, 4318271.593, 100
Trd, 4318274.443, 97
Trd, 4318275.043, 94
Trd, 4318276.043, 94
Trd, 4318278.943, 98
Trd, 4318279.043, 97
Trd, 4318279.543, 94
Trd, 4318280.993, 103
Trd, 4318281.893, 104
Trd, 4318282.443, 95
Trd, 4318282.643, 95
Trd, 4318282.743, 94
Trd, 4318285.593, 109
Trd, 4318285.843, 108
Trd, 4318288.793, 95
Trd, 4318289.393, 101
Trd, 4318292.193, 100
Trd, 4318292.293, 100
Trd, 4318292.843, 100
Trd, 4318293.443, 104
Trd, 4318295.043, 102
Trd, 4318295.943, 94
Trd, 4318296.993, 100
Trd, 4318298.393, 99
Trd, 4318300.293, 93
Trd, 4318301.893, 93
Trd, 4318302.343, 104
Trd, 4318305.293, 93
Trd, 4318305.943, 95
Trd, 4318307.443, 94
Trd, 4318308.193, 95
Trd, 4318309.043, 100
Trd, 4318309.393, 94
Trd, 4318310.193, 94
Trd, 4318313.743, 104
Trd, 4318314.093, 103
Trd, 4318315.443, 106
Trd, 4318316.843, 105
Trd, 4318316.993, 104
Trd, 4318319.193, 112
Trd, 4318319.793, 112
Trd, 4318320.343, 111
Trd, 4318320.743, 110
Trd, 4318322.843, 103
Trd, 4318323.093, 95
Trd, 4318325.893, 103
Trd, 4318327.693, 103
Trd, 4318327.743, 100
Trd, 4318328.693, 99
Trd, 4318330.243, 94
Trd, 4318330.343, 86
Trd, 4318332.493, 104
Trd, 4318333.443, 109
Trd, 4318335.143, 106
Trd, 4318335.793, 113
Trd, 4318336.693, 110
Trd, 4318336.893, 104
Trd, 4318337.893, 108
Trd, 4318340.743, 108
Trd, 4318341.243, 106
Trd, 4318342.843, 120
Trd, 4318343.543, 111
Trd, 4318343.893, 86
Trd, 4318345.693, 92
Trd, 4318347.743, 101
Trd, 4318349.743, 106
Trd, 4318349.993, 105
Trd, 4318350.043, 109
Trd, 4318350.743, 92
Trd, 4318352.693, 91
Trd, 4318355.893, 100
Trd, 4318356.693, 100
Trd, 4318358.243, 102
Trd, 4318358.543, 102
Trd, 4318359.093, 101
Trd, 4318359.693, 101
Trd, 4318359.943, 103
Trd, 4318362.093, 99
Trd, 4318363.343, 98
Trd, 4318365.993, 97
Trd, 4318367.043, 96
Trd, 4318367.493, 95
Trd, 4318368.693, 96
Trd, 4318369.293, 102
Trd, 4318370.743, 104
Trd, 4318370.843, 102
Trd, 4318373.393, 94
Trd, 4318374.043, 93
Trd, 4318374.143, 95
Trd, 4318375.343, 60
Trd, 4318376.543, 76
Trd, 4318378.793, 85
Trd, 4318378.993, 86
Trd, 4318381.093, 98
Trd, 4318381.143, 104
Trd, 4318381.393, 99
Trd, 4318382.843, 101
Trd, 4318384.643, 111
Trd, 4318384.893, 110
Trd, 4318385.193, 107
Trd, 4318387.893, 108
Trd, 4318388.293, 109
Trd, 4318389.793, 108
Trd, 4318394.193, 106
Trd, 4318394.493, 105
Trd, 4318394.643, 104
Trd, 4318396.093, 103
Trd, 4318397.043, 102
Trd, 4318397.193, 103
Trd, 4318397.243, 104
Trd, 4318398.843, 103
Trd, 4318399.843, 101
Trd, 4318403.243, 103
Trd, 4318403.993, 102
Trd, 4318404.243, 100
Trd, 4318408.043, 100
Trd, 4318408.193, 94
Trd, 4318408.843, 99
Trd, 4318409.043, 97
Trd, 4318411.093, 96
Trd, 4318413.043, 96
Trd, 4318414.443, 95
Trd, 4318415.393, 95
Trd, 4318417.643, 95
Trd, 4318417.793, 94
Trd, 4318419.593, 95
Trd, 4318419.893, 94
Trd, 4318420.143, 104
Trd, 4318423.143, 106
Trd, 4318423.243, 104
Trd, 4318424.693, 107
Trd, 4318426.043, 107
Trd, 4318426.193, 93
Trd, 4318426.243, 116
Trd, 4318426.393, 86
Trd, 4318428.643, 98
Trd, 4318428.693, 97
Trd, 4318431.843, 101
Trd, 4318433.293, 100
Trd, 4318437.143, 99
Trd, 4318437.243, 98
Trd, 4318438.043, 97
Trd, 4318438.793, 94
Trd, 4318439.443, 88
Trd, 4318443.093, 94
Trd, 4318443.193, 98
Trd, 4318443.443, 94
Trd, 4318445.143, 103
Trd, 4318446.893, 102
Trd, 4318446.993, 100
Trd, 4318449.843, 86
Trd, 4318450.593, 87
Trd, 4318450.643, 89
Trd, 4318451.193, 76
Trd, 4318452.643, 83
Trd, 4318452.893, 79
Trd, 4318453.993, 81
Trd, 4318455.143, 87
Trd, 4318457.293, 88
Trd, 4318458.093, 87
Trd, 4318459.493, 87
Trd, 4318459.843, 88
Trd, 4318460.893, 95
Trd, 4318462.143, 89
Trd, 4318463.593, 97
Trd, 4318464.993, 97
Trd, 4318465.993, 102
Trd, 4318466.493, 104
Trd, 4318467.193, 94
Trd, 4318468.043, 117
Trd, 4318468.243, 112
Trd, 4318471.093, 109
Trd, 4318471.293, 107
Trd, 4318471.793, 97
Trd, 4318473.743, 101
Trd, 4318474.893, 105
Trd, 4318475.643, 93
Trd, 4318477.393, 95
Trd, 4318477.593, 94
Trd, 4318481.443, 93
Trd, 4318482.243, 96
Trd, 4318483.443, 95
Trd, 4318483.793, 94
Trd, 4318484.243, 92
Trd, 4318486.643, 94
Trd, 4318487.443, 95
Trd, 4318487.993, 94
Trd, 4318489.293, 93
Trd, 4318490.593, 101
Trd, 4318491.093, 93
Trd, 4318491.793, 94
Trd, 4318491.843, 92
Trd, 4318494.693, 104
Trd, 4318497.193, 94
Trd, 4318497.543, 112
Trd, 4318497.643, 93
Trd, 4318497.843, 91
Trd, 4318499.543, 90
Trd, 4318502.093, 90
Trd, 4318504.093, 91
Trd, 4318505.543, 90
Trd, 4318506.493, 91
Trd, 4318507.893, 91
Trd, 4318508.493, 92
Trd, 4318510.143, 94
Trd, 4318512.143, 95
Trd, 4318512.743, 103
Trd, 4318514.343, 99
Trd, 4318514.693, 101
Trd, 4318516.193, 97
Trd, 4318516.593, 97
Trd, 4318517.793, 97
Trd, 4318517.993, 96
Trd, 4318520.893, 98
Trd, 4318521.593, 97
Trd, 4318522.143, 104
Trd, 4318523.293, 96
Trd, 4318525.493, 97
Trd, 4318525.793, 94
Trd, 4318526.793, 88
Trd, 4318527.943, 92
Trd, 4318530.993, 91
Trd, 4318531.343, 90
Trd, 4318531.843, 92
Trd, 4318533.143, 93
Trd, 4318535.443, 97
Trd, 4318536.843, 101
Trd, 4318536.943, 99
Trd, 4318537.693, 96
Trd, 4318539.393, 97
Trd, 4318541.193, 96
Trd, 4318541.993, 94
Trd, 4318544.193, 88
Trd, 4318544.593, 83
Trd, 4318545.693, 91
Trd, 4318546.893, 92
Trd, 4318548.493, 77
Trd, 4318549.943, 90
Trd, 4318550.843, 95
Trd, 4318551.293, 93
Trd, 4318551.393, 104
Trd, 4318552.943, 96
Trd, 4318554.543, 100
Trd, 4318558.193, 110
Trd, 4318558.593, 109
Trd, 4318558.693, 107
Trd, 4318559.493, 81
Trd, 4318560.293, 89
Trd, 4318562.243, 97
Trd, 4318562.543, 114
Trd, 4318564.793, 117
Trd, 4318565.743, 103
Trd, 4318566.293, 86
Trd, 4318567.843, 96
Trd, 4318570.743, 104
Trd, 4318571.193, 101
Trd, 4318571.343, 100
Trd, 4318572.943, 100
Trd, 4318574.493, 99
Trd, 4318577.593, 99
Trd, 4318577.693, 100
Trd, 4318579.393, 99
Trd, 4318580.093, 100
Trd, 4318581.343, 100
Trd, 4318581.443, 99
Trd, 4318582.493, 97
Trd, 4318584.793, 95
Trd, 4318585.743, 96
Trd, 4318585.943, 89
Trd, 4318589.943, 92
Trd, 4318590.943, 95
Trd, 4318591.143, 94
Trd, 4318592.343, 91
Trd, 4318594.243, 92
Trd, 4318594.493, 86
Trd, 4318597.643, 95
Trd, 4318599.293, 91
Trd, 4318599.743, 95
Trd, 4318600.193, 91
Trd, 4318601.993, 95
Trd, 4318602.093, 95
Trd, 4318606.243, 94
Trd, 4318606.293, 92
Trd, 4318606.893, 95
Trd, 4318607.043, 94
Trd, 4318607.493, 94
Trd, 4318611.493, 87
Trd, 4318612.093, 92
Trd, 4318612.493, 95
Trd, 4318612.643, 91
Trd, 4318613.043, 90
Trd, 4318617.293, 92
Trd, 4318618.543, 92
Trd, 4318619.093, 95
Trd, 4318619.293, 92
Trd, 4318620.143, 92
Trd, 4318620.993, 95
Trd, 4318621.943, 96
Trd, 4318623.743, 96
Trd, 4318624.443, 95
Trd, 4318625.643, 96
Trd, 4318626.243, 86
Trd, 4318628.043, 92
Trd, 4318629.993, 97
Trd, 4318631.243, 95
Trd, 4318631.593, 95
Trd, 4318632.743, 95
Trd, 4318634.043, 94
Trd, 4318634.693, 93
Trd, 4318635.943, 93
Trd, 4318636.393, 86
Trd, 4318637.943, 98
Trd, 4318640.643, 96
Trd, 4318640.843, 96
Trd, 4318641.543, 109
Trd, 4318642.543, 111
Trd, 4318642.843, 109
Trd, 4318644.943, 94
Trd, 4318647.343, 101
Trd, 4318647.643, 89
Trd, 4318649.043, 88
Trd, 4318652.193, 94
Trd, 4318652.543, 95
Trd, 4318653.443, 93
Trd, 4318654.693, 91
Trd, 4318657.493, 104
Trd, 4318658.593, 121
Trd, 4318658.893, 107
Trd, 4318660.193, 106
Trd, 4318660.893, 104
Trd, 4318662.543, 99
Trd, 4318663.493, 99
Trd, 4318663.693, 96
Trd, 4318665.343, 97
Trd, 4318666.593, 100
Trd, 4318667.043, 94
Trd, 4318667.893, 100
Trd, 4318669.693, 101
Trd, 4318670.093, 100
Trd, 4318670.693, 101
Trd, 4318671.743, 99
Trd, 4318673.443, 102
Trd, 4318674.843, 97
Trd, 4318674.993, 104
Trd, 4318675.543, 94
Trd, 4318677.093, 96
Trd, 4318677.243, 95
Trd, 4318678.693, 95
Trd, 4318680.493, 102
Trd, 4318681.993, 99
Trd, 4318684.293, 98
Trd, 4318684.793, 100
Trd, 4318685.693, 99
Trd, 4318686.143, 98
Trd, 4318687.793, 98
Trd, 4318688.943, 97
Trd, 4318689.093, 94
Trd, 4318690.593, 96
Trd, 4318691.643, 92
Trd, 4318692.993, 92
Trd, 4318693.893, 93
Trd, 4318694.693, 92
Trd, 4318695.543, 91
Trd, 4318696.043, 95
Trd, 4318698.043, 93
Trd, 4318700.593, 109
Trd, 4318701.443, 105
Trd, 4318703.143, 105
Trd, 4318703.243, 103
Trd, 4318704.093, 103
Trd, 4318705.093, 102
Trd, 4318705.693, 94
Trd, 4318705.943, 96
Trd, 4318708.643, 96
Trd, 4318709.193, 94
Trd, 4318711.043, 98
Trd, 4318712.893, 98
Trd, 4318713.193, 97
Trd, 4318714.943, 95
Trd, 4318717.643, 95
Trd, 4318717.943, 94
Trd, 4318718.393, 95
Trd, 4318719.043, 93
Trd, 4318722.843, 86
Trd, 4318723.693, 86
Trd, 4318723.993, 86
Trd, 4318726.143, 93
Trd, 4318726.693, 104
Trd, 4318728.243, 97
Trd, 4318728.693, 99
Trd, 4318731.593, 104
Trd, 4318731.793, 101
Trd, 4318732.293, 95
Trd, 4318733.493, 99
Trd, 4318734.143, 102
Trd, 4318735.743, 107
Trd, 4318737.143, 94
Trd, 4318738.743, 94
Trd, 4318740.593, 101
Trd, 4318741.093, 101
Trd, 4318742.143, 101
Trd, 4318742.193, 102
Trd, 4318744.543, 96
Trd, 4318746.193, 103
Trd, 4318747.143, 97
Trd, 4318747.843, 96
Trd, 4318749.193, 104
Trd, 4318749.943, 98
Trd, 4318752.193, 96
Trd, 4318752.243, 95
Trd, 4318752.693, 94
Trd, 4318755.693, 97
Trd, 4318755.993, 96
Trd, 4318758.893, 99
Trd, 4318759.093, 95
Trd, 4318760.343, 97
Trd, 4318761.193, 98
Trd, 4318762.943, 97
Trd, 4318763.243, 96
Trd, 4318763.293, 95
Trd, 4318766.743, 107
Trd, 4318766.793, 106
Trd, 4318767.843, 94
Trd, 4318768.493, 108
Trd, 4318769.193, 106
Trd, 4318770.843, 105
Trd, 4318773.243, 104
Trd, 4318773.943, 87
Trd, 4318774.243, 91
Trd, 4318776.143, 92
Trd, 4318777.093, 91
Trd, 4318778.143, 93
Trd, 4318780.193, 93
Trd, 4318781.243, 94
Trd, 4318782.493, 96
Trd, 4318784.043, 98
Trd, 4318784.193, 98
Trd, 4318785.993, 104
Trd, 4318786.793, 100
Trd, 4318787.593, 103
Trd, 4318789.543, 111
Trd, 4318790.443, 108
Trd, 4318790.793, 108
Trd, 4318791.893, 104
Trd, 4318793.193, 95
Trd, 4318793.343, 94
Trd, 4318796.143, 95
Trd, 4318796.243, 94
Trd, 4318797.543, 95
Trd, 4318799.793, 94
Trd, 4318800.243, 95
Trd, 4318800.893, 94
Trd, 4318800.993, 94
Trd, 4318802.443, 102
Trd, 4318802.893, 98
Trd, 4318803.443, 94
Trd, 4318805.643, 96
Trd, 4318805.993, 94
Trd, 4318807.243, 88
Trd, 4318809.343, 82
Trd, 4318809.943, 86
Trd, 4318810.543, 95
Trd, 4318811.043, 81
Trd, 4318813.943, 105
Trd, 4318814.943, 93
Trd, 4318815.393, 98
Trd, 4318815.593, 88
Trd, 4318816.443, 91
Trd, 4318818.743, 95
Trd, 4318820.493, 93
Trd, 4318821.293, 94
Trd, 4318821.643, 93
Trd, 4318821.893, 86
Trd, 4318824.043, 85
Trd, 4318824.643, 95
Trd, 4318824.893, 84
Trd, 4318827.493, 91
Trd, 4318827.943, 93
Trd, 4318829.293, 93
Trd, 4318829.443, 91
Trd, 4318830.393, 91
Trd, 4318833.943, 94
Trd, 4318834.843, 95
Trd, 4318835.943, 89
Trd, 4318838.843, 92
Trd, 4318841.093, 96
Trd, 4318841.593, 96
Trd, 4318841.893, 102
Trd, 4318842.343, 119
Trd, 4318842.893, 96
Trd, 4318843.893, 112
Trd, 4318844.393, 94
Trd, 4318846.493, 106
Trd, 4318847.893, 107
Trd, 4318848.343, 106
Trd, 4318849.993, 106
Trd, 4318850.043, 104
Trd, 4318851.093, 107
Trd, 4318851.243, 107
Trd, 4318851.693, 104
Trd, 4318853.143, 94
Trd, 4318855.043, 94
Trd, 4318855.143, 95
Trd, 4318855.193, 93
Trd, 4318856.693, 92
Trd, 4318857.793, 90
Trd, 4318861.143, 93
Trd, 4318862.943, 96
Trd, 4318862.993, 95
Trd, 4318863.693, 94
Trd, 4318866.193, 101
Trd, 4318867.593, 94
Trd, 4318867.843, 93
Trd, 4318868.293, 104
Trd, 4318868.893, 97
Trd, 4318869.443, 94
Trd, 4318871.193, 101
Trd, 4318871.443, 103
Trd, 4318872.143, 104
Trd, 4318873.893, 101
Trd, 4318873.993, 102
Trd, 4318875.043, 101
Trd, 4318875.243, 95
Trd, 4318877.693, 97
Trd, 4318879.593, 98
Trd, 4318880.093, 95
Trd, 4318881.343, 94
Trd, 4318882.743, 94
Trd, 4318884.393, 97
Trd, 4318886.943, 97
Trd, 4318887.643, 98
Trd, 4318888.593, 97
Trd, 4318888.693, 98
Trd, 4318888.943, 97
Trd, 4318889.893, 94
Trd, 4318891.393, 94
Trd, 4318893.693, 98
Trd, 4318895.543, 98
Trd, 4318895.993, 98
Trd, 4318896.293, 99
Trd, 4318898.043, 100
Trd, 4318899.893, 104
Trd, 4318901.943, 109
Trd, 4318903.793, 111
Trd, 4318903.993, 108
Trd, 4318905.243, 106
Trd, 4318906.043, 106
Trd, 4318907.243, 105
Trd, 4318907.693, 104
Trd, 4318909.243, 105
Trd, 4318909.443, 100
Trd, 4318909.643, 87
Trd, 4318910.793, 91
Trd, 4318912.193, 118
Trd, 4318913.243, 108
Trd, 4318916.093, 109
Trd, 4318916.793, 108
Trd, 4318917.293, 108
Trd, 4318917.443, 109
Trd, 4318920.393, 108
Trd, 4318921.393, 105
Trd, 4318921.793, 104
Trd, 4318922.843, 94
Trd, 4318923.493, 103
Trd, 4318926.043, 85
Trd, 4318926.593, 87
Trd, 4318928.243, 85
Trd, 4318928.843, 104
Trd, 4318930.293, 93
Trd, 4318933.043, 97
Trd, 4318933.843, 97
Trd, 4318934.293, 102
Trd, 4318934.943, 96
Trd, 4318937.743, 100
Trd, 4318938.843, 101
Trd, 4318939.843, 97
Trd, 4318940.943, 97
Trd, 4318941.193, 101
Trd, 4318941.793, 97
Trd, 4318943.143, 102
Trd, 4318946.193, 101
Trd, 4318946.393, 101
Trd, 4318946.543, 99
Trd, 4318946.793, 98
Trd, 4318946.893, 104
Trd, 4318947.093, 94
Trd, 4318950.893, 94
Trd, 4318951.843, 97
Trd, 4318955.793, 99
Trd, 4318955.843, 99
Trd, 4318956.343, 98
Trd, 4318956.793, 98
Trd, 4318957.793, 98
Trd, 4318958.243, 97
Trd, 4318958.893, 122
Trd, 4318959.093, 94
Trd, 4318961.443, 100
Trd, 4318961.943, 96
Trd, 4318962.543, 97
Trd, 4318962.593, 96
Trd, 4318966.293, 94
Trd, 4318968.193, 88
Trd, 4318969.043, 93
Trd, 4318969.743, 94
Trd, 4318969.893, 104
Trd, 4318971.443, 95
Trd, 4318971.993, 93
Trd, 4318974.643, 95
Trd, 4318974.693, 94
Trd, 4318975.493, 98
Trd, 4318975.893, 122
Trd, 4318977.093, 96
Trd, 4318979.093, 104
Trd, 4318979.743, 103
Trd, 4318980.643, 102
Trd, 4318982.643, 86
Trd, 4318984.443, 93
Trd, 4318985.293, 95
Trd, 4318986.343, 96
Trd, 4318986.843, 95
Trd, 4318987.293, 95
Trd, 4318989.443, 97
Trd, 4318990.743, 98
Trd, 4318990.893, 98
Trd, 4318992.093, 99
Trd, 4318992.543, 94
Trd, 4318995.443, 100
Trd, 4318997.143, 101
Trd, 4318999.293, 101
Trd, 4319000.193, 103
Trd, 4319001.343, 104
Trd, 4319002.043, 103
Trd, 4319002.243, 102
Trd, 4319002.443, 102
Trd, 4319002.743, 121
Trd, 4319006.593, 108
Trd, 4319007.193, 104
Trd, 4319007.993, 108
Trd, 4319009.043, 94
Trd, 4319012.443, 102
Trd, 4319013.093, 104
Trd, 4319013.643, 104
Trd, 4319014.443, 103
Trd, 4319015.993, 104
Trd, 4319016.743, 112
Trd, 4319017.543, 104
Trd, 4319018.393, 93
Trd, 4319020.943, 102
Trd, 4319021.043, 100
Trd, 4319022.393, 87
Trd, 4319023.093, 88
Trd, 4319023.493, 104
Trd, 4319025.393, 90
Trd, 4319028.443, 95
Trd, 4319030.043, 94
Trd, 4319031.093, 100
Trd, 4319032.693, 99
Trd, 4319033.193, 99
Trd, 4319034.093, 95
Trd, 4319035.643, 96
Trd, 4319037.743, 96
Trd, 4319039.493, 97
Trd, 4319039.743, 100
Trd, 4319039.893, 97
Trd, 4319040.193, 94
Trd, 4319044.893, 100
Trd, 4319044.943, 104
Trd, 4319045.893, 106
Trd, 4319045.943, 101
Trd, 4319046.293, 100
Trd, 4319048.943, 99
Trd, 4319049.843, 96
Trd, 4319050.693, 97
Trd, 4319051.593, 94
Trd, 4319052.293, 87
Trd, 4319053.093, 89
Trd, 4319055.443, 88
Trd, 4319056.143, 83
Trd, 4319056.993, 83
Trd, 4319059.493, 89
Trd, 4319059.893, 87
Trd, 4319060.343, 86
Trd, 4319063.543, 92
Trd, 4319065.843, 99
Trd, 4319065.993, 97
Trd, 4319066.993, 97
Trd, 4319067.143, 86
Trd, 4319068.793, 93
Trd, 4319070.743, 98
Trd, 4319071.293, 98
Trd, 4319071.693, 97
Trd, 4319073.593, 98
Trd, 4319074.043, 94
Trd, 4319074.443, 91
Trd, 4319074.743, 122
Trd, 4319076.843, 98
Trd, 4319078.243, 98
Trd, 4319080.143, 97
Trd, 4319080.693, 97
Trd, 4319081.443, 103
Trd, 4319082.043, 96
Trd, 4319083.993, 99
Trd, 4319084.293, 97
Trd, 4319085.393, 100
Trd, 4319086.643, 99
Trd, 4319088.443, 102
Trd, 4319089.743, 102
Trd, 4319090.493, 101
Trd, 4319092.143, 103
Trd, 4319092.343, 102
Trd, 4319092.743, 101
Trd, 4319093.843, 104
Trd, 4319093.943, 100
Trd, 4319094.543, 96
Trd, 4319097.443, 94
Trd, 4319098.843, 92
Trd, 4319100.093, 95
Trd, 4319101.693, 94
Trd, 4319101.893, 95
Trd, 4319102.343, 93
Trd, 4319103.043, 92
Trd, 4319104.893, 90
Trd, 4319106.093, 87
Trd, 4319107.343, 86
Trd, 4319109.893, 87
Trd, 4319112.043, 99
Trd, 4319112.693, 100
Trd, 4319113.343, 98
Trd, 4319114.693, 103
Trd, 4319114.843, 99
Trd, 4319115.193, 98
Trd, 4319116.393, 94
Trd, 4319116.943, 95
Trd, 4319119.593, 95
Trd, 4319120.943, 96
Trd, 4319123.043, 97
Trd, 4319123.693, 97
Trd, 4319123.743, 94
Trd, 4319124.393, 106
Trd, 4319127.643, 105
Trd, 4319127.793, 109
Trd, 4319128.043, 104
Trd, 4319128.393, 93
Trd, 4319128.643, 86
Trd, 4319129.243, 113
Trd, 4319130.443, 105
Trd, 4319132.243, 100
Trd, 4319133.143, 104
Trd, 4319133.293, 106
Trd, 4319136.093, 106
Trd, 4319137.293, 104
Trd, 4319137.443, 120
Trd, 4319137.943, 102
Trd, 4319138.693, 95
Trd, 4319140.893, 99
Trd, 4319142.593, 102
Trd, 4319143.543, 97
Trd, 4319144.543, 95
Trd, 4319145.993, 102
Trd, 4319146.043, 96
Trd, 4319148.893, 98
Trd, 4319149.493, 97
Trd, 4319151.543, 98
Trd, 4319152.143, 101
Trd, 4319154.443, 105
Trd, 4319155.293, 105
Trd, 4319155.893, 106
Trd, 4319156.743, 106
Trd, 4319159.143, 105
Trd, 4319160.643, 95
Trd, 4319161.793, 100
Trd, 4319162.143, 102
Trd, 4319164.143, 100
Trd, 4319165.093, 100
Trd, 4319165.743, 99
Trd, 4319166.043, 100
Trd, 4319166.193, 94
Trd, 4319168.793, 95
Trd, 4319170.893, 98
Trd, 4319170.943, 99
Trd, 4319171.093, 94
Trd, 4319172.193, 93
Trd, 4319173.743, 95
Trd, 4319174.693, 94
Trd, 4319176.193, 96
Trd, 4319178.043, 94
Trd, 4319180.693, 93
Trd, 4319180.793, 93
Trd, 4319181.443, 95
Trd, 4319182.093, 95
Trd, 4319184.743, 93
Trd, 4319186.143, 94
Trd, 4319186.993, 96
Trd, 4319187.043, 95
Trd, 4319190.243, 113
Trd, 4319190.393, 106
Trd, 4319190.793, 97
Trd, 4319192.193, 106
Trd, 4319193.893, 108
Trd, 4319195.643, 108
Trd, 4319197.693, 111
Trd, 4319198.043, 109
Trd, 4319199.193, 95
Trd, 4319200.443, 105
Trd, 4319201.493, 86
Trd, 4319202.993, 90
Trd, 4319203.643, 95
Trd, 4319205.243, 84
Trd, 4319206.993, 87
Trd, 4319207.193, 86
Trd, 4319208.443, 88
Trd, 4319209.093, 95
Trd, 4319210.943, 87
Trd, 4319212.193, 86
Trd, 4319213.743, 91
Trd, 4319213.893, 88
Trd, 4319215.643, 105
Trd, 4319216.843, 104
Trd, 4319218.343, 103
Trd, 4319218.893, 103
Trd, 4319220.943, 104
Trd, 4319221.793, 102
Trd, 4319222.143, 102
Trd, 4319222.643, 104
Trd, 4319222.743, 101
Trd, 4319224.793, 97
Trd, 4319226.993, 98
Trd, 4319227.143, 89
Trd, 4319227.443, 92
Trd, 4319227.543, 92
Trd, 4319229.593, 93
Trd, 4319231.843, 94
Trd, 4319231.893, 92
Trd, 4319234.043, 102
Trd, 4319234.643, 87
Trd, 4319236.893, 92
Trd, 4319239.493, 97
Trd, 4319239.893, 96
Trd, 4319240.743, 104
Trd, 4319241.593, 97
Trd, 4319243.093, 93
Trd, 4319244.643, 101
Trd, 4319246.743, 95
Trd, 4319247.143, 95
Trd, 4319248.393, 93
Trd, 4319249.393, 93
Trd, 4319251.093, 95
Trd, 4319251.193, 94
Trd, 4319252.543, 95
Trd, 4319252.893, 95
Trd, 4319255.593, 97
Trd, 4319257.193, 101
Trd, 4319257.393, 100
Trd, 4319258.343, 99
Trd, 4319261.643, 101
Trd, 4319262.993, 101
Trd, 4319263.193, 100
Trd, 4319263.693, 99
Trd, 4319264.293, 94
Trd, 4319265.793, 104
Trd, 4319267.543, 102
Trd, 4319268.743, 87
Trd, 4319271.793, 94
Trd, 4319272.743, 95
Trd, 4319273.643, 93
Trd, 4319275.493, 94
Trd, 4319275.743, 93
Trd, 4319275.993, 92
Trd, 4319277.293, 91
Trd, 4319279.243, 90
Trd, 4319280.043, 95
Trd, 4319280.243, 94
Trd, 4319280.343, 93
Trd, 4319282.043, 92
Trd, 4319284.943, 94
Trd, 4319285.343, 94
Trd, 4319287.543, 95
Trd, 4319287.643, 94
Trd, 4319288.493, 97
Trd, 4319288.593, 92
Trd, 4319290.493, 104
Trd, 4319290.743, 100
Trd, 4319292.393, 100
Trd, 4319294.243, 101
Trd, 4319294.593, 100
Trd, 4319297.243, 99
Trd, 4319298.043, 102
Trd, 4319300.043, 96
Trd, 4319300.293, 104
Trd, 4319301.543, 94
Trd, 4319301.943, 94
Trd, 4319304.843, 101
Trd, 4319305.493, 100
Trd, 4319306.393, 104
Trd, 4319307.093, 103
Trd, 4319308.143, 107
Trd, 4319309.693, 112
Trd, 4319309.843, 111
Trd, 4319311.143, 109
Trd, 4319312.393, 109
Trd, 4319313.793, 95
Trd, 4319314.243, 95
Trd, 4319316.043, 96
Trd, 4319316.393, 93
Trd, 4319317.943, 97
Trd, 4319318.543, 93
Trd, 4319320.793, 97
Trd, 4319322.193, 95
Trd, 4319322.543, 94
Trd, 4319325.543, 96
Trd, 4319325.693, 95
Trd, 4319326.293, 94
Trd, 4319326.343, 93
Trd, 4319326.693, 92
Trd, 4319327.893, 104
Trd, 4319329.993, 92
Trd, 4319332.093, 107
Trd, 4319333.093, 106
Trd, 4319333.793, 106
Trd, 4319335.193, 104
Trd, 4319336.643, 104
Trd, 4319337.093, 89
Trd, 4319338.043, 93
Trd, 4319338.743, 93
Trd, 4319339.693, 93
Trd, 4319343.043, 98
Trd, 4319344.643, 99
Trd, 4319345.943, 100
Trd, 4319346.093, 101
Trd, 4319346.843, 94
Trd, 4319348.293, 86
Trd, 4319348.543, 76
Trd, 4319349.893, 86
Trd, 4319350.393, 84
Trd, 4319352.843, 94
Trd, 4319354.793, 92
Trd, 4319355.443, 86
Trd, 4319357.093, 103
Trd, 4319357.343, 96
Trd, 4319357.843, 94
Trd, 4319361.143, 94
Trd, 4319363.393, 95
Trd, 4319364.093, 95
Trd, 4319365.293, 94
Trd, 4319366.293, 95
Trd, 4319366.443, 97
Trd, 4319367.293, 96
Trd, 4319367.543, 94
Trd, 4319368.693, 94
Trd, 4319369.743, 94
Trd, 4319370.243, 104
Trd, 4319370.843, 94
Trd, 4319370.893, 86
Trd, 4319373.243, 92
Trd, 4319374.343, 95
Trd, 4319376.143, 91
Trd, 4319376.843, 91
Trd, 4319378.743, 90
Trd, 4319379.593, 91
Trd, 4319381.043, 90
Trd, 4319382.843, 91
Trd, 4319383.693, 95
Trd, 4319383.743, 91
Trd, 4319384.943, 93
Trd, 4319385.993, 86
Trd, 4319386.993, 80
Trd, 4319387.943, 90
Trd, 4319389.993, 95
Trd, 4319390.943, 90
Trd, 4319393.043, 97
Trd, 4319394.293, 98
Trd, 4319395.843, 97
Trd, 4319398.093, 96
Trd, 4319398.643, 96
Trd, 4319399.593, 96
Trd, 4319399.793, 95
Trd, 4319402.193, 94
Trd, 4319402.993, 95
Trd, 4319403.043, 97
Trd, 4319404.843, 99
Trd, 4319405.043, 98
Trd, 4319406.993, 100
Trd, 4319407.793, 100
Trd, 4319408.243, 102
Trd, 4319408.593, 97
Trd, 4319410.193, 99
Trd, 4319411.593, 95
Trd, 4319413.993, 97
Trd, 4319414.793, 102
Trd, 4319415.243, 93
Trd, 4319417.093, 95
Trd, 4319417.993, 101
Trd, 4319419.343, 95
Trd, 4319420.393, 95
Trd, 4319422.593, 96
Trd, 4319423.693, 98
Trd, 4319424.793, 99
Trd, 4319425.093, 104
Trd, 4319425.643, 100
Trd, 4319426.943, 101
Trd, 4319427.443, 94
Trd, 4319428.093, 60
Trd, 4319431.243, 90
Trd, 4319431.693, 90
Trd, 4319432.493, 103
Trd, 4319433.343, 93
Trd, 4319437.593, 101
Trd, 4319439.743, 101
Trd, 4319439.993, 100
Trd, 4319440.443, 99
Trd, 4319441.393, 93
Trd, 4319442.093, 87
Trd, 4319442.293, 86
Trd, 4319444.143, 99
Trd, 4319444.643, 89
Trd, 4319447.543, 89
Trd, 4319448.243, 88
Trd, 4319448.393, 90
Trd, 4319449.143, 88
Trd, 4319450.393, 88
Trd, 4319452.143, 90
Trd, 4319453.093, 89
Trd, 4319454.243, 90
Trd, 4319457.343, 90
Trd, 4319458.343, 91
Trd, 4319458.543, 91
Trd, 4319459.243, 89
Trd, 4319462.043, 93
Trd, 4319463.593, 103
Trd, 4319463.743, 96
Trd, 4319464.893, 95
Trd, 4319467.593, 97
Trd, 4319468.643, 95
Trd, 4319468.843, 97
Trd, 4319470.943, 96
Trd, 4319471.343, 96
Trd, 4319474.493, 98
Trd, 4319475.043, 101
Trd, 4319477.743, 100
Trd, 4319478.593, 102
Trd, 4319478.843, 100
Trd, 4319480.543, 100
Trd, 4319480.593, 86
Trd, 4319481.943, 92
Trd, 4319482.593, 91
Trd, 4319483.793, 91
Trd, 4319484.643, 104
Trd, 4319487.093, 91
Trd, 4319487.143, 101
Trd, 4319487.443, 90
Trd, 4319490.693, 96
Trd, 4319492.443, 95
Trd, 4319493.543, 94
Trd, 4319494.743, 89
Trd, 4319495.693, 89
Trd, 4319497.093, 113
Trd, 4319497.343, 104
Trd, 4319498.443, 91
Trd, 4319499.743, 99
Trd, 4319500.493, 100
Trd, 4319502.893, 96
Trd, 4319504.543, 105
Trd, 4319505.293, 104
Trd, 4319505.893, 110
Trd, 4319506.893, 110
Trd, 4319507.243, 95
Trd, 4319508.343, 103
Trd, 4319509.043, 94
Trd, 4319511.593, 109
Trd, 4319513.643, 100
Trd, 4319514.693, 101
Trd, 4319515.143, 106
Trd, 4319515.393, 103
Trd, 4319517.343, 101
Trd, 4319518.093, 101
Trd, 4319518.843, 99
Trd, 4319519.993, 100
Trd, 4319520.743, 104
Trd, 4319521.793, 99
Trd, 4319522.843, 117
Trd, 4319524.493, 110
Trd, 4319525.243, 108
Trd, 4319528.493, 103
Trd, 4319528.743, 102
Trd, 4319529.793, 99
Trd, 4319529.843, 94
Trd, 4319530.243, 104
Trd, 4319532.043, 99
Trd, 4319532.543, 103
Trd, 4319533.693, 95
Trd, 4319535.593, 94
Trd, 4319536.743, 104
Trd, 4319538.093, 100
Trd, 4319538.793, 100
Trd, 4319539.293, 101
Trd, 4319540.093, 102
Trd, 4319540.443, 106
Trd, 4319541.893, 105
Trd, 4319544.393, 104
Trd, 4319545.293, 98
Trd, 4319546.943, 100
Trd, 4319547.543, 100
Trd, 4319547.843, 99
Trd, 4319550.843, 103
Trd, 4319551.393, 101
Trd, 4319553.393, 102
Trd, 4319553.943, 104
Trd, 4319556.543, 101
Trd, 4319557.193, 94
Trd, 4319559.543, 97
Trd, 4319559.593, 95
Trd, 4319560.793, 98
Trd, 4319562.493, 99
Trd, 4319563.693, 98
Trd, 4319564.143, 94
Trd, 4319566.593, 97
Trd, 4319567.043, 96
Trd, 4319567.093, 95
Trd, 4319570.193, 94
Trd, 4319571.193, 96
Trd, 4319571.493, 96
Trd, 4319571.543, 94
Trd, 4319574.943, 95
Trd, 4319575.993, 95
Trd, 4319577.293, 95
Trd, 4319578.243, 94
Trd, 4319580.043, 99
Trd, 4319580.443, 98
Trd, 4319580.543, 92
Trd, 4319582.543, 93
Trd, 4319584.293, 102
Trd, 4319585.493, 100
Trd, 4319586.393, 98
Trd, 4319588.293, 104
Trd, 4319588.493, 99
Trd, 4319589.293, 97
Trd, 4319592.843, 101
Trd, 4319593.043, 97
Trd, 4319595.443, 97
Trd, 4319595.843, 98
Trd, 4319596.543, 97
Trd, 4319596.643, 95
Trd, 4319597.343, 89
Trd, 4319600.843, 93
Trd, 4319601.443, 94
Trd, 4319601.993, 93
Trd, 4319602.893, 92
Trd, 4319603.793, 78
Trd, 4319605.593, 94
Trd, 4319606.843, 86
Trd, 4319610.243, 91
Trd, 4319610.943, 92
Trd, 4319612.543, 109
Trd, 4319613.543, 112
Trd, 4319613.843, 108
Trd, 4319615.243, 104
Trd, 4319615.293, 91
Trd, 4319615.943, 107
Trd, 4319616.393, 101
Trd, 4319616.643, 104
Trd, 4319618.943, 107
Trd, 4319620.443, 106
Trd, 4319622.343, 108
Trd, 4319622.593, 105
Trd, 4319623.293, 104
Trd, 4319624.843, 103
Trd, 4319627.143, 104
Trd, 4319627.643, 103
Trd, 4319627.743, 103
Trd, 4319627.843, 91
Trd, 4319628.443, 96
Trd, 4319630.493, 77
Trd, 4319631.743, 104
Trd, 4319633.043, 96
Trd, 4319634.693, 94
Trd, 4319635.043, 93
Trd, 4319635.093, 97
Trd, 4319636.643, 93
Trd, 4319637.793, 92
Trd, 4319639.593, 87
Trd, 4319640.543, 89
Trd, 4319643.093, 90
Trd, 4319643.543, 91
Trd, 4319644.693, 104
Trd, 4319645.393, 93
Trd, 4319648.693, 104
Trd, 4319648.793, 103
Trd, 4319649.093, 104
Trd, 4319649.643, 102
Trd, 4319650.593, 100
Trd, 4319652.743, 103
Trd, 4319652.893, 99
Trd, 4319653.143, 92
Trd, 4319653.843, 105
Trd, 4319658.043, 99
Trd, 4319658.093, 97
Trd, 4319658.893, 98
Trd, 4319660.893, 97
Trd, 4319660.943, 97
Trd, 4319661.143, 100
Trd, 4319662.993, 111
Trd, 4319663.543, 116
Trd, 4319663.793, 93
Trd, 4319665.343, 87
Trd, 4319667.343, 97
Trd, 4319667.943, 99
Trd, 4319669.593, 99
Trd, 4319669.743, 98
Trd, 4319671.693, 101
Trd, 4319673.193, 99
Trd, 4319676.043, 100
Trd, 4319677.293, 102
Trd, 4319679.693, 101
Trd, 4319681.893, 100
Trd, 4319682.893, 101
Trd, 4319684.243, 96
Trd, 4319684.893, 102
Trd, 4319685.493, 97
Trd, 4319686.743, 96
Trd, 4319687.643, 94
Trd, 4319688.993, 97
Trd, 4319689.593, 97
Trd, 4319690.943, 104
Trd, 4319691.493, 96
Trd, 4319692.443, 96
Trd, 4319694.143, 109
Trd, 4319694.743, 115
Trd, 4319696.393, 114
Trd, 4319696.593, 94
Trd, 4319696.843, 86
Trd, 4319699.143, 111
Trd, 4319700.893, 105
Trd, 4319702.793, 106
Trd, 4319703.993, 105
Trd, 4319704.243, 104
Trd, 4319705.793, 105
Trd, 4319705.943, 104
Trd, 4319706.593, 94
Trd, 4319707.343, 106
Trd, 4319709.843, 94
Trd, 4319711.593, 106
Trd, 4319713.493, 98
Trd, 4319713.593, 97
Trd, 4319714.943, 94
Trd, 4319715.743, 100
Trd, 4319718.243, 95
Trd, 4319719.043, 94
Trd, 4319720.293, 94
Trd, 4319722.193, 92
Trd, 4319723.743, 92
Trd, 4319724.093, 82
Trd, 4319724.943, 95
Trd, 4319728.093, 93
Trd, 4319730.393, 95
Trd, 4319730.693, 104
Trd, 4319731.593, 94
Trd, 4319733.843, 113
Trd, 4319733.893, 111
Trd, 4319734.043, 104
Trd, 4319734.943, 106
Trd, 4319737.043, 66
Trd, 4319737.543, 86
Trd, 4319737.593, 60
Trd, 4319737.993, 88
Trd, 4319742.443, 86
Trd, 4319742.943, 89
Trd, 4319743.443, 95
Trd, 4319744.693, 95
Trd, 4319747.243, 103
Trd, 4319747.693, 106
Trd, 4319748.643, 100
Trd, 4319749.793, 103
Trd, 4319750.943, 94
Trd, 4319752.093, 98
Trd, 4319752.943, 85
Trd, 4319753.343, 84
Trd, 4319756.193, 89
Trd, 4319756.443, 87
Trd, 4319757.343, 89
Trd, 4319758.093, 88
Trd, 4319760.293, 87
Trd, 4319761.743, 90
Trd, 4319763.043, 94
Trd, 4319763.243, 102
Trd, 4319766.043, 95
Trd, 4319766.343, 94
Trd, 4319768.343, 93
Trd, 4319769.843, 93
Trd, 4319770.693, 92
Trd, 4319771.543, 99
Trd, 4319772.893, 93
Trd, 4319773.493, 92
Trd, 4319774.693, 91
Trd, 4319776.143, 92
Trd, 4319776.893, 90
Trd, 4319778.243, 90
Trd, 4319778.743, 92
Trd, 4319783.193, 103
Trd, 4319783.343, 102
Trd, 4319784.343, 102
Trd, 4319784.693, 101
Trd, 4319786.143, 101
Trd, 4319787.743, 94
Trd, 4319790.093, 98
Trd, 4319791.193, 98
Trd, 4319791.243, 97
Trd, 4319793.943, 99
Trd, 4319794.793, 100
Trd, 4319795.743, 101
Trd, 4319796.643, 95
Trd, 4319797.593, 94
Trd, 4319799.743, 95
Trd, 4319799.793, 101
Trd, 4319801.093, 95
Trd, 4319801.193, 95
Trd, 4319802.493, 95
Trd, 4319805.143, 95
Trd, 4319805.693, 94
Trd, 4319806.893, 94
Trd, 4319808.043, 95
Trd, 4319808.693, 95
Trd, 4319810.993, 97
Trd, 4319812.793, 102
Trd, 4319812.943, 97
Trd, 4319813.043, 96
Trd, 4319814.493, 99
Trd, 4319815.643, 103
Trd, 4319816.143, 96
Trd, 4319817.593, 99
Trd, 4319820.043, 99
Trd, 4319820.093, 101
Trd, 4319820.293, 96
Trd, 4319823.593, 96
Trd, 4319824.293, 95
Trd, 4319827.243, 95
Trd, 4319827.343, 94
Trd, 4319828.343, 98
Trd, 4319829.343, 104
Trd, 4319831.043, 101
Trd, 4319831.193, 104
Trd, 4319833.143, 105
Trd, 4319834.993, 119
Trd, 4319835.493, 111
Trd, 4319836.143, 113
Trd, 4319837.093, 110
Trd, 4319837.343, 104
Trd, 4319838.593, 107
Trd, 4319840.943, 104
Trd, 4319841.843, 109
Trd, 4319842.393, 102
Trd, 4319844.143, 101
Trd, 4319844.743, 101
Trd, 4319845.693, 105
Trd, 4319846.143, 101
Trd, 4319848.443, 101
Trd, 4319849.793, 99
Trd, 4319851.693, 97
Trd, 4319851.843, 98
Trd, 4319852.993, 97
Trd, 4319853.443, 94
Trd, 4319855.043, 98
Trd, 4319855.993, 95
Trd, 4319856.093, 94
Trd, 4319856.443, 94
Trd, 4319859.643, 95
Trd, 4319861.693, 97
Trd, 4319861.943, 98
Trd, 4319862.643, 96
Trd, 4319863.793, 96
Trd, 4319864.343, 86
Trd, 4319866.243, 99
Trd, 4319866.843, 101
Trd, 4319867.843, 99
Trd, 4319868.993, 100
Trd, 4319869.593, 99
Trd, 4319871.143, 94
Trd, 4319873.293, 96
Trd, 4319873.693, 101
Trd, 4319874.793, 98
Trd, 4319875.393, 97
Trd, 4319877.343, 97
Trd, 4319877.843, 97
Trd, 4319879.443, 100
Trd, 4319881.493, 113
Trd, 4319881.693, 111
Trd, 4319882.143, 111
Trd, 4319885.493, 113
Trd, 4319886.043, 113
Trd, 4319886.493, 112
Trd, 4319888.593, 112
Trd, 4319888.793, 104
Trd, 4319889.793, 111
Trd, 4319892.893, 107
Trd, 4319892.993, 110
Trd, 4319893.293, 107
Trd, 4319893.993, 104
Trd, 4319894.193, 94
Trd, 4319895.343, 108
Trd, 4319895.943, 99
Trd, 4319897.793, 99
Trd, 4319899.993, 98
Trd, 4319901.093, 104
Trd, 4319902.893, 107
Trd, 4319903.193, 105
Trd, 4319903.593, 104
Trd, 4319903.893, 94
Trd, 4319904.193, 86
Trd, 4319905.543, 95
Trd, 4319907.893, 93
Trd, 4319909.143, 93
Trd, 4319911.643, 95
Trd, 4319912.543, 94
Trd, 4319912.643, 93
Trd, 4319915.593, 97
Trd, 4319915.843, 96
Trd, 4319917.393, 97
Trd, 4319918.293, 97
Trd, 4319918.693, 95
Trd, 4319919.993, 93
Trd, 4319920.093, 98
Trd, 4319922.543, 90
Trd, 4319922.793, 88
Trd, 4319924.343, 89
Trd, 4319924.793, 88
Trd, 4319925.493, 87
Trd, 4319927.693, 95
Trd, 4319928.293, 92
Trd, 4319930.093, 96
Trd, 4319930.143, 94
Trd, 4319931.243, 94
Trd, 4319931.793, 86
Trd, 4319935.543, 93
Trd, 4319935.893, 95
Trd, 4319936.643, 94
Trd, 4319938.293, 94
Trd, 4319938.543, 96
Trd, 4319941.643, 96
Trd, 4319941.843, 94
Trd, 4319944.693, 97
Trd, 4319945.543, 98
Trd, 4319946.393, 100
Trd, 4319947.043, 101
Trd, 4319948.443, 101
Trd, 4319948.693, 101
Trd, 4319950.843, 96
Trd, 4319952.093, 98
Trd, 4319952.993, 95
Trd, 4319954.793, 94
Trd, 4319957.243, 93
Trd, 4319958.293, 94
Trd, 4319959.493, 92
Trd, 4319959.643, 96
Trd, 4319961.193, 93
Trd, 4319962.893, 87
Trd, 4319964.593, 90
Trd, 4319965.193, 104
Trd, 4319965.793, 89
Trd, 4319966.543, 88
Trd, 4319967.043, 89
Trd, 4319967.943, 89
Trd, 4319968.343, 88
Trd, 4319973.093, 95
Trd, 4319974.243, 103
Trd, 4319975.343, 102
Trd, 4319975.743, 95
Trd, 4319976.643, 96
Trd, 4319978.643, 96
Trd, 4319980.693, 96
Trd, 4319981.243, 94
Trd, 4319982.693, 95
Trd, 4319984.343, 99
Trd, 4319985.343, 101
Trd, 4319986.693, 103
Trd, 4319986.893, 101
Trd, 4319987.693, 103
Trd, 4319989.093, 101
Trd, 4319989.993, 104
Trd, 4319991.993, 99
Trd, 4319992.743, 94
Trd, 4319994.043, 95
Trd, 4319994.343, 98
Trd, 4319997.793, 96
Trd, 4319999.093, 98
