Trd, 4317709.943, 96
Trd, 4317710.143, 95
Trd, 4317710.943, 95
Trd, 4317710.993, 94
Trd, 4317711.143, 94
Trd, 4317713.793, 93
Trd, 4317714.543, 94
Trd, 4317715.443, 93
Trd, 4317718.743, 94
Trd, 4317719.493, 93
Trd, 4317724.393, 93
Trd, 4317724.543, 93
Trd, 4317728.143, 99
Trd, 4317728.693, 99
Trd, 4317729.093, 97
Trd, 4317730.843, 98
Trd, 4317732.093, 99
Trd, 4317733.243, 99
Trd, 4317734.743, 100
Trd, 4317735.243, 100
Trd, 4317738.943, 106
Trd, 4317739.193, 102
Trd, 4317739.443, 115
Trd, 4317741.693, 104
Trd, 4317743.893, 105
Trd, 4317745.743, 105
Trd, 4317749.943, 104
Trd, 4317750.693, 105
Trd, 4317754.443, 105
Trd, 4317754.543, 103
Trd, 4317754.943, 105
Trd, 4317760.343, 106
Trd, 4317763.593, 105
Trd, 4317769.143, 105
Trd, 4317770.843, 104
Trd, 4317771.893, 103
Trd, 4317772.493, 102
Trd, 4317775.093, 103
Trd, 4317782.193, 103
Trd, 4317784.693, 103
Trd, 4317791.343, 103
Trd, 4317794.393, 102
Trd, 4317799.443, 102
Trd, 4317799.493, 101
Trd, 4317802.543, 102
Trd, 4317805.143, 102
Trd, 4317810.143, 102
Trd, 4317812.393, 102
Trd, 4317813.693, 102
Trd, 4317816.943, 102
Trd, 4317819.593, 101
Trd, 4317819.643, 100
Trd, 4317825.693, 101
Trd, 4317829.443, 100
Trd, 4317830.093, 100
Trd, 4317830.493, 99
Trd, 4317831.293, 99
Trd, 4317832.443, 100
Trd, 4317837.793, 100
Trd, 4317837.943, 99
Trd, 4317838.943, 99
Trd, 4317840.443, 99
Trd, 4317841.943, 99
Trd, 4317843.593, 99
Trd, 4317850.943, 99
Trd, 4317851.493, 98
Trd, 4317853.993, 99
Trd, 4317855.243, 99
Trd, 4317855.293, 98
Trd, 4317856.393, 100
Trd, 4317858.343, 97
Trd, 4317864.993, 100
Trd, 4317868.693, 99
Trd, 4317869.243, 99
Trd, 4317873.443, 98
Trd, 4317873.543, 97
Trd, 4317883.043, 97
Trd, 4317883.893, 97
Trd, 4317889.093, 97
Trd, 4317890.343, 98
Trd, 4317894.543, 98
Trd, 4317900.843, 97
Trd, 4317901.693, 96
Trd, 4317902.443, 97
Trd, 4317903.793, 97
Trd, 4317913.493, 96
Trd, 4317916.293, 95
Trd, 4317921.343, 96
Trd, 4317929.693, 95
Trd, 4317930.843, 96
Trd, 4317935.193, 96
Trd, 4317935.243, 96
Trd, 4317937.243, 95
Trd, 4317940.843, 95
Trd, 4317948.893, 95
Trd, 4317949.243, 95
Trd, 4317950.443, 96
Trd, 4317951.093, 95
Trd, 4317956.793, 95
Trd, 4317956.993, 96
Trd, 4317960.943, 96
Trd, 4317961.343, 96
Trd, 4317962.393, 95
Trd, 4317964.443, 96
Trd, 4317967.693, 96
Trd, 4317968.843, 96
Trd, 4317973.693, 96
Trd, 4317974.243, 95
Trd, 4317974.443, 95
Trd, 4317982.543, 95
Trd, 4317983.043, 95
Trd, 4317983.643, 94
Trd, 4317983.843, 95
Trd, 4317988.543, 96
Trd, 4317990.293, 94
Trd, 4317992.143, 94
Trd, 4317996.743, 94
Trd, 4317997.243, 93
Trd, 4317999.893, 94
Trd, 4318000.943, 94
Trd, 4318004.593, 94
Trd, 4318004.643, 94
Trd, 4318008.743, 94
Trd, 4318009.343, 93
Trd, 4318014.343, 93
Trd, 4318015.243, 93
Trd, 4318016.843, 92
Trd, 4318021.993, 94
Trd, 4318027.743, 93
Trd, 4318029.843, 92
Trd, 4318030.543, 92
Trd, 4318033.643, 92
Trd, 4318033.943, 91
Trd, 4318036.043, 92
Trd, 4318037.043, 92
Trd, 4318041.743, 92
Trd, 4318042.193, 92
Trd, 4318045.393, 91
Trd, 4318049.643, 91
Trd, 4318049.943, 90
Trd, 4318050.443, 91
Trd, 4318053.543, 91
Trd, 4318055.843, 91
Trd, 4318055.893, 91
Trd, 4318057.543, 91
Trd, 4318068.093, 90
Trd, 4318068.393, 89
Trd, 4318068.543, 89
Trd, 4318069.743, 90
Trd, 4318070.293, 90
Trd, 4318075.943, 89
Trd, 4318077.043, 89
Trd, 4318077.893, 88
Trd, 4318077.993, 88
Trd, 4318080.743, 87
Trd, 4318081.393, 88
Trd, 4318082.143, 88
Trd, 4318087.943, 88
Trd, 4318090.643, 88
Trd, 4318091.893, 88
Trd, 4318096.493, 88
Trd, 4318096.693, 87
Trd, 4318098.143, 88
Trd, 4318101.593, 88
Trd, 4318104.943, 87
Trd, 4318105.793, 88
Trd, 4318108.543, 87
Trd, 4318110.243, 87
Trd, 4318114.143, 87
Trd, 4318115.643, 87
Trd, 4318116.243, 86
Trd, 4318118.193, 89
Trd, 4318119.293, 88
Trd, 4318119.893, 88
Trd, 4318120.443, 99
Trd, 4318121.393, 94
Trd, 4318121.693, 94
Trd, 4318123.993, 104
Trd, 4318126.593, 96
Trd, 4318126.943, 96
Trd, 4318128.493, 95
Trd, 4318129.343, 96
Trd, 4318135.293, 96
Trd, 4318137.043, 96
Trd, 4318141.393, 96
Trd, 4318141.893, 96
Trd, 4318143.593, 96
Trd, 4318144.543, 95
Trd, 4318149.043, 95
Trd, 4318150.593, 95
Trd, 4318155.093, 95
Trd, 4318155.143, 95
Trd, 4318156.193, 94
Trd, 4318161.643, 95
Trd, 4318168.193, 95
Trd, 4318169.143, 94
Trd, 4318173.593, 94
Trd, 4318174.643, 93
Trd, 4318176.293, 94
Trd, 4318176.693, 115
Trd, 4318180.293, 99
Trd, 4318185.943, 99
Trd, 4318192.193, 99
Trd, 4318199.843, 99
Trd, 4318205.143, 98
Trd, 4318205.193, 98
Trd, 4318208.993, 97
Trd, 4318210.343, 97
Trd, 4318210.393, 96
Trd, 4318214.693, 97
Trd, 4318214.993, 96
Trd, 4318216.743, 97
Trd, 4318219.443, 97
Trd, 4318221.193, 97
Trd, 4318224.093, 98
Trd, 4318230.943, 96
Trd, 4318232.543, 95
Trd, 4318233.793, 95
Trd, 4318238.643, 96
Trd, 4318239.993, 96
Trd, 4318240.443, 96
Trd, 4318245.593, 95
Trd, 4318245.943, 94
Trd, 4318246.243, 96
Trd, 4318251.193, 95
Trd, 4318253.593, 94
Trd, 4318253.843, 93
Trd, 4318256.243, 93
Trd, 4318257.493, 94
Trd, 4318261.793, 93
Trd, 4318264.943, 93
Trd, 4318268.593, 93
Trd, 4318269.043, 92
Trd, 4318271.593, 93
Trd, 4318272.443, 93
Trd, 4318274.093, 93
Trd, 4318274.193, 92
Trd, 4318275.243, 91
Trd, 4318276.393, 89
Trd, 4318278.843, 102
Trd, 4318279.093, 113
Trd, 4318285.743, 95
Trd, 4318291.493, 95
Trd, 4318291.893, 95
Trd, 4318295.993, 95
Trd, 4318296.843, 95
Trd, 4318302.693, 94
Trd, 4318305.193, 95
Trd, 4318307.243, 95
Trd, 4318307.843, 95
Trd, 4318308.943, 94
Trd, 4318310.643, 94
Trd, 4318310.943, 94
Trd, 4318314.843, 94
Trd, 4318315.843, 93
Trd, 4318315.993, 94
Trd, 4318316.743, 95
Trd, 4318317.493, 95
Trd, 4318321.643, 95
Trd, 4318322.143, 97
Trd, 4318322.993, 96
Trd, 4318324.893, 97
Trd, 4318326.493, 96
Trd, 4318329.993, 96
Trd, 4318330.543, 95
Trd, 4318336.143, 95
Trd, 4318337.393, 95
Trd, 4318337.893, 94
Trd, 4318340.243, 95
Trd, 4318344.293, 95
Trd, 4318345.843, 95
Trd, 4318348.343, 94
Trd, 4318354.843, 95
Trd, 4318355.393, 94
Trd, 4318355.693, 93
Trd, 4318359.143, 93
Trd, 4318361.393, 94
Trd, 4318368.143, 94
Trd, 4318369.043, 94
Trd, 4318370.443, 107
Trd, 4318374.643, 96
Trd, 4318374.843, 97
Trd, 4318377.143, 96
Trd, 4318383.493, 95
Trd, 4318385.143, 95
Trd, 4318385.293, 94
Trd, 4318385.643, 96
Trd, 4318389.843, 95
Trd, 4318393.493, 95
Trd, 4318397.143, 94
Trd, 4318397.693, 93
Trd, 4318397.943, 92
Trd, 4318400.843, 92
Trd, 4318404.293, 91
Trd, 4318405.293, 92
Trd, 4318406.843, 92
Trd, 4318407.643, 92
Trd, 4318409.893, 92
Trd, 4318410.043, 91
Trd, 4318412.593, 92
Trd, 4318414.543, 92
Trd, 4318416.393, 92
Trd, 4318416.693, 91
Trd, 4318418.893, 91
Trd, 4318420.543, 90
Trd, 4318425.693, 91
Trd, 4318425.893, 91
Trd, 4318425.943, 90
Trd, 4318427.393, 91
Trd, 4318428.543, 95
Trd, 4318429.793, 106
Trd, 4318430.243, 96
Trd, 4318431.293, 98
Trd, 4318432.993, 99
Trd, 4318434.243, 100
Trd, 4318437.593, 100
Trd, 4318437.843, 118
Trd, 4318438.893, 109
Trd, 4318439.793, 108
Trd, 4318443.293, 106
Trd, 4318444.843, 107
Trd, 4318445.393, 106
Trd, 4318445.793, 103
Trd, 4318450.343, 105
Trd, 4318450.443, 106
Trd, 4318452.343, 106
Trd, 4318453.093, 104
Trd, 4318459.143, 105
Trd, 4318462.993, 104
Trd, 4318463.293, 103
Trd, 4318463.793, 103
Trd, 4318464.343, 102
Trd, 4318464.643, 103
Trd, 4318465.443, 100
Trd, 4318467.043, 91
Trd, 4318467.943, 86
Trd, 4318469.043, 85
Trd, 4318470.543, 85
Trd, 4318472.093, 90
Trd, 4318474.043, 91
Trd, 4318474.543, 92
Trd, 4318476.243, 89
Trd, 4318476.893, 91
Trd, 4318478.743, 91
Trd, 4318479.243, 96
Trd, 4318480.093, 107
Trd, 4318481.693, 115
Trd, 4318486.843, 100
Trd, 4318489.443, 100
Trd, 4318491.143, 100
Trd, 4318491.593, 100
Trd, 4318497.293, 99
Trd, 4318507.993, 99
Trd, 4318508.443, 99
Trd, 4318513.343, 99
Trd, 4318518.993, 98
Trd, 4318519.993, 97
Trd, 4318520.293, 96
Trd, 4318524.543, 97
Trd, 4318524.693, 96
Trd, 4318529.443, 96
Trd, 4318531.093, 96
Trd, 4318533.793, 96
Trd, 4318533.943, 95
Trd, 4318536.893, 96
Trd, 4318540.543, 96
Trd, 4318541.643, 95
Trd, 4318541.893, 94
Trd, 4318543.493, 94
Trd, 4318544.693, 94
Trd, 4318544.993, 94
Trd, 4318547.993, 93
Trd, 4318548.743, 94
Trd, 4318549.793, 93
Trd, 4318551.143, 93
Trd, 4318552.743, 94
Trd, 4318557.343, 94
Trd, 4318564.243, 93
Trd, 4318564.343, 94
Trd, 4318565.693, 93
Trd, 4318572.693, 94
Trd, 4318577.193, 94
Trd, 4318579.293, 94
Trd, 4318579.493, 93
Trd, 4318579.993, 92
Trd, 4318587.093, 92
Trd, 4318587.943, 91
Trd, 4318588.343, 92
Trd, 4318588.743, 90
Trd, 4318591.793, 90
Trd, 4318597.093, 91
Trd, 4318602.293, 91
Trd, 4318603.243, 90
Trd, 4318603.493, 89
Trd, 4318605.143, 90
Trd, 4318613.993, 90
Trd, 4318614.293, 89
Trd, 4318616.843, 89
Trd, 4318619.593, 90
Trd, 4318620.993, 90
Trd, 4318625.093, 90
Trd, 4318626.693, 90
Trd, 4318631.343, 89
Trd, 4318633.243, 88
Trd, 4318635.293, 89
Trd, 4318636.393, 88
Trd, 4318640.443, 88
Trd, 4318641.243, 87
Trd, 4318644.843, 87
Trd, 4318645.593, 86
Trd, 4318649.793, 88
Trd, 4318650.593, 109
Trd, 4318654.293, 92
Trd, 4318656.843, 92
Trd, 4318657.793, 91
Trd, 4318659.943, 90
Trd, 4318662.243, 89
Trd, 4318664.493, 90
Trd, 4318667.843, 89
Trd, 4318669.993, 88
Trd, 4318671.193, 88
Trd, 4318674.993, 88
Trd, 4318682.293, 88
Trd, 4318682.843, 88
Trd, 4318683.893, 87
Trd, 4318687.393, 86
Trd, 4318689.393, 87
Trd, 4318692.243, 87
Trd, 4318695.443, 87
Trd, 4318696.143, 86
Trd, 4318697.493, 86
Trd, 4318698.893, 86
Trd, 4318698.943, 85
Trd, 4318701.293, 85
Trd, 4318703.293, 85
Trd, 4318704.893, 85
Trd, 4318705.093, 86
Trd, 4318706.943, 87
Trd, 4318712.793, 87
Trd, 4318714.843, 87
Trd, 4318719.343, 87
Trd, 4318720.143, 87
Trd, 4318724.843, 87
Trd, 4318726.043, 86
Trd, 4318727.093, 86
Trd, 4318730.543, 86
Trd, 4318736.493, 86
Trd, 4318736.693, 85
Trd, 4318740.743, 84
Trd, 4318741.843, 83
Trd, 4318741.893, 85
Trd, 4318743.743, 84
Trd, 4318743.893, 86
Trd, 4318744.643, 85
Trd, 4318747.393, 93
Trd, 4318748.393, 103
Trd, 4318749.343, 94
Trd, 4318749.443, 111
Trd, 4318751.443, 99
Trd, 4318754.793, 99
Trd, 4318755.743, 102
Trd, 4318759.743, 99
Trd, 4318761.743, 100
Trd, 4318763.493, 99
Trd, 4318765.893, 99
Trd, 4318769.243, 99
Trd, 4318773.043, 99
Trd, 4318777.393, 99
Trd, 4318777.843, 98
Trd, 4318787.543, 98
Trd, 4318789.693, 98
Trd, 4318792.093, 98
Trd, 4318797.893, 98
Trd, 4318798.243, 98
Trd, 4318798.343, 97
Trd, 4318798.393, 97
Trd, 4318800.793, 97
Trd, 4318806.493, 98
Trd, 4318811.343, 98
Trd, 4318812.693, 98
Trd, 4318813.043, 116
Trd, 4318817.093, 102
Trd, 4318820.843, 100
Trd, 4318824.243, 100
Trd, 4318826.693, 99
Trd, 4318827.943, 100
Trd, 4318831.443, 99
Trd, 4318834.293, 96
Trd, 4318836.543, 99
Trd, 4318838.193, 98
Trd, 4318840.693, 98
Trd, 4318840.793, 109
Trd, 4318841.743, 101
Trd, 4318844.093, 102
Trd, 4318854.843, 97
Trd, 4318856.393, 100
Trd, 4318861.293, 99
Trd, 4318861.943, 99
Trd, 4318866.093, 98
Trd, 4318866.443, 97
Trd, 4318869.143, 96
Trd, 4318869.493, 98
Trd, 4318871.443, 98
Trd, 4318875.693, 95
Trd, 4318876.643, 99
Trd, 4318879.293, 99
Trd, 4318884.093, 98
Trd, 4318886.793, 97
Trd, 4318888.643, 96
Trd, 4318889.193, 96
Trd, 4318889.943, 96
Trd, 4318890.843, 95
Trd, 4318893.593, 96
Trd, 4318895.193, 97
Trd, 4318897.893, 97
Trd, 4318899.593, 97
Trd, 4318906.543, 96
Trd, 4318908.143, 96
Trd, 4318910.743, 96
Trd, 4318915.143, 96
Trd, 4318918.393, 96
Trd, 4318921.293, 96
Trd, 4318922.143, 96
Trd, 4318923.843, 96
Trd, 4318924.693, 96
Trd, 4318926.943, 96
Trd, 4318928.093, 96
Trd, 4318929.543, 95
Trd, 4318931.093, 96
Trd, 4318940.043, 96
Trd, 4318940.643, 95
Trd, 4318944.443, 95
Trd, 4318944.793, 94
Trd, 4318950.043, 94
Trd, 4318950.193, 93
Trd, 4318950.993, 93
Trd, 4318951.093, 95
Trd, 4318951.543, 112
Trd, 4318958.643, 97
Trd, 4318959.143, 96
Trd, 4318959.193, 95
Trd, 4318963.393, 96
Trd, 4318965.343, 95
Trd, 4318966.343, 94
Trd, 4318967.943, 95
Trd, 4318972.143, 95
Trd, 4318972.343, 94
Trd, 4318974.143, 95
Trd, 4318975.343, 94
Trd, 4318978.393, 94
Trd, 4318978.443, 93
Trd, 4318979.943, 95
Trd, 4318984.043, 96
Trd, 4318986.193, 98
Trd, 4318990.093, 95
Trd, 4318995.893, 94
Trd, 4318998.443, 94
Trd, 4319004.393, 94
Trd, 4319004.543, 93
Trd, 4319005.443, 94
Trd, 4319006.193, 93
Trd, 4319009.293, 94
Trd, 4319013.093, 93
Trd, 4319013.243, 92
Trd, 4319016.243, 92
Trd, 4319017.143, 93
Trd, 4319021.243, 93
Trd, 4319024.743, 93
Trd, 4319025.243, 92
Trd, 4319031.643, 92
Trd, 4319035.693, 92
Trd, 4319036.543, 91
Trd, 4319036.693, 91
Trd, 4319036.843, 90
Trd, 4319037.743, 105
Trd, 4319039.543, 130
Trd, 4319040.343, 111
Trd, 4319041.593, 108
Trd, 4319042.393, 108
Trd, 4319046.493, 106
Trd, 4319047.443, 105
Trd, 4319049.343, 105
Trd, 4319051.293, 104
Trd, 4319051.743, 103
Trd, 4319053.393, 101
Trd, 4319055.993, 99
Trd, 4319056.343, 99
Trd, 4319057.643, 99
Trd, 4319060.593, 99
Trd, 4319060.793, 99
Trd, 4319061.643, 98
Trd, 4319063.543, 105
Trd, 4319064.993, 100
Trd, 4319065.443, 98
Trd, 4319065.843, 99
Trd, 4319070.593, 99
Trd, 4319076.843, 99
Trd, 4319080.293, 98
Trd, 4319080.843, 97
Trd, 4319082.943, 97
Trd, 4319087.343, 97
Trd, 4319088.243, 96
Trd, 4319088.293, 96
Trd, 4319091.493, 95
Trd, 4319093.093, 95
Trd, 4319097.193, 97
Trd, 4319099.393, 96
Trd, 4319101.493, 96
Trd, 4319103.443, 96
Trd, 4319103.493, 95
Trd, 4319103.543, 96
Trd, 4319107.043, 95
Trd, 4319108.893, 95
Trd, 4319113.243, 95
Trd, 4319115.843, 94
Trd, 4319117.643, 95
Trd, 4319118.943, 95
Trd, 4319121.243, 95
Trd, 4319123.343, 94
Trd, 4319125.193, 95
Trd, 4319129.343, 94
Trd, 4319129.493, 93
Trd, 4319129.893, 93
Trd, 4319134.543, 93
Trd, 4319136.143, 92
Trd, 4319138.093, 93
Trd, 4319143.793, 93
Trd, 4319143.843, 93
Trd, 4319144.443, 93
Trd, 4319144.893, 93
Trd, 4319145.793, 93
Trd, 4319146.893, 93
Trd, 4319148.693, 92
Trd, 4319150.343, 93
Trd, 4319151.893, 92
Trd, 4319151.943, 93
Trd, 4319152.893, 109
Trd, 4319155.293, 96
Trd, 4319156.393, 97
Trd, 4319165.693, 95
Trd, 4319168.143, 95
Trd, 4319168.593, 95
Trd, 4319172.493, 95
Trd, 4319174.793, 94
Trd, 4319180.643, 93
Trd, 4319181.693, 93
Trd, 4319182.093, 93
Trd, 4319182.443, 92
Trd, 4319184.793, 93
Trd, 4319188.243, 93
Trd, 4319189.093, 105
Trd, 4319192.843, 96
Trd, 4319200.143, 95
Trd, 4319205.643, 95
Trd, 4319207.343, 95
Trd, 4319208.143, 96
Trd, 4319220.493, 95
Trd, 4319220.943, 95
Trd, 4319223.943, 94
Trd, 4319226.343, 95
Trd, 4319230.243, 95
Trd, 4319231.643, 95
Trd, 4319234.643, 94
Trd, 4319235.793, 95
Trd, 4319241.343, 94
Trd, 4319243.493, 93
Trd, 4319244.843, 93
Trd, 4319246.393, 92
Trd, 4319248.543, 93
Trd, 4319251.393, 94
Trd, 4319252.843, 94
Trd, 4319253.643, 95
Trd, 4319262.943, 95
Trd, 4319263.693, 95
Trd, 4319265.093, 95
Trd, 4319268.193, 95
Trd, 4319268.993, 95
Trd, 4319274.343, 95
Trd, 4319275.143, 95
Trd, 4319282.593, 94
Trd, 4319286.243, 94
Trd, 4319288.593, 94
Trd, 4319291.893, 94
Trd, 4319292.993, 94
Trd, 4319297.093, 95
Trd, 4319298.893, 94
Trd, 4319302.243, 94
Trd, 4319304.693, 94
Trd, 4319305.143, 95
Trd, 4319309.043, 94
Trd, 4319313.543, 93
Trd, 4319313.693, 93
Trd, 4319318.093, 92
Trd, 4319318.793, 91
Trd, 4319320.693, 93
Trd, 4319322.043, 93
Trd, 4319324.393, 93
Trd, 4319326.043, 93
Trd, 4319332.793, 93
Trd, 4319338.293, 92
Trd, 4319338.343, 92
Trd, 4319340.293, 92
Trd, 4319345.593, 92
Trd, 4319346.593, 92
Trd, 4319351.843, 91
Trd, 4319353.443, 91
Trd, 4319354.243, 90
Trd, 4319354.443, 90
Trd, 4319355.493, 93
Trd, 4319355.993, 93
Trd, 4319357.393, 117
Trd, 4319358.493, 105
Trd, 4319359.693, 103
Trd, 4319360.343, 103
Trd, 4319361.843, 102
Trd, 4319363.543, 104
Trd, 4319365.743, 94
Trd, 4319366.543, 98
Trd, 4319367.543, 92
Trd, 4319368.243, 92
Trd, 4319368.443, 89
Trd, 4319369.393, 92
Trd, 4319369.493, 90
Trd, 4319371.793, 116
Trd, 4319371.843, 95
Trd, 4319374.543, 99
Trd, 4319377.393, 96
Trd, 4319379.643, 97
Trd, 4319380.043, 98
Trd, 4319383.243, 97
Trd, 4319384.843, 96
Trd, 4319385.093, 95
Trd, 4319385.243, 95
Trd, 4319388.293, 95
Trd, 4319392.143, 95
Trd, 4319392.643, 95
Trd, 4319396.593, 95
Trd, 4319397.743, 94
Trd, 4319397.793, 95
Trd, 4319401.493, 95
Trd, 4319407.293, 95
Trd, 4319407.493, 94
Trd, 4319407.643, 93
Trd, 4319409.543, 92
Trd, 4319412.043, 93
Trd, 4319412.243, 92
Trd, 4319413.493, 91
Trd, 4319419.043, 91
Trd, 4319421.443, 90
Trd, 4319423.093, 90
Trd, 4319423.593, 91
Trd, 4319424.593, 90
Trd, 4319427.293, 90
Trd, 4319434.493, 90
Trd, 4319435.143, 90
Trd, 4319437.143, 89
Trd, 4319438.593, 90
Trd, 4319445.493, 90
Trd, 4319448.993, 89
Trd, 4319449.393, 89
Trd, 4319455.193, 88
Trd, 4319456.143, 89
Trd, 4319456.193, 89
Trd, 4319457.243, 89
Trd, 4319460.243, 88
Trd, 4319463.893, 88
Trd, 4319467.143, 88
Trd, 4319467.243, 88
Trd, 4319473.143, 88
Trd, 4319474.243, 88
Trd, 4319474.293, 88
Trd, 4319477.643, 88
Trd, 4319480.443, 88
Trd, 4319482.193, 88
Trd, 4319483.843, 87
Trd, 4319484.793, 88
Trd, 4319488.693, 88
Trd, 4319490.543, 88
Trd, 4319490.843, 88
Trd, 4319494.793, 88
Trd, 4319496.543, 99
Trd, 4319497.243, 98
Trd, 4319497.993, 94
Trd, 4319500.043, 100
Trd, 4319500.993, 107
Trd, 4319501.943, 102
Trd, 4319503.243, 104
Trd, 4319504.393, 115
Trd, 4319511.093, 105
Trd, 4319513.543, 104
Trd, 4319519.243, 104
Trd, 4319521.143, 104
Trd, 4319523.843, 103
Trd, 4319524.993, 102
Trd, 4319525.793, 103
Trd, 4319526.393, 104
Trd, 4319530.743, 103
Trd, 4319531.893, 102
Trd, 4319533.293, 102
Trd, 4319536.093, 103
Trd, 4319538.793, 103
Trd, 4319547.593, 102
Trd, 4319547.793, 101
Trd, 4319554.843, 102
Trd, 4319556.893, 102
Trd, 4319557.893, 101
Trd, 4319559.443, 100
Trd, 4319561.543, 99
Trd, 4319562.043, 99
Trd, 4319562.393, 99
Trd, 4319563.193, 98
Trd, 4319563.793, 98
Trd, 4319567.793, 98
Trd, 4319569.593, 97
Trd, 4319576.543, 98
Trd, 4319579.343, 98
Trd, 4319582.243, 97
Trd, 4319582.543, 96
Trd, 4319584.643, 95
Trd, 4319588.093, 97
Trd, 4319592.143, 97
Trd, 4319597.643, 97
Trd, 4319600.243, 96
Trd, 4319600.543, 94
Trd, 4319601.093, 96
Trd, 4319606.143, 96
Trd, 4319609.043, 96
Trd, 4319612.943, 95
Trd, 4319613.043, 95
Trd, 4319614.743, 95
Trd, 4319618.193, 95
Trd, 4319621.993, 95
Trd, 4319623.593, 95
Trd, 4319631.893, 94
Trd, 4319632.893, 93
Trd, 4319637.393, 94
Trd, 4319640.343, 93
Trd, 4319644.593, 93
Trd, 4319645.493, 92
Trd, 4319646.793, 93
Trd, 4319647.193, 92
Trd, 4319647.793, 93
Trd, 4319649.593, 94
Trd, 4319652.993, 93
Trd, 4319658.443, 93
Trd, 4319659.593, 92
Trd, 4319663.093, 93
Trd, 4319664.943, 93
Trd, 4319666.343, 93
Trd, 4319667.243, 92
Trd, 4319668.093, 105
Trd, 4319670.343, 96
Trd, 4319671.043, 95
Trd, 4319672.343, 95
Trd, 4319672.743, 95
Trd, 4319674.093, 100
Trd, 4319677.793, 96
Trd, 4319679.143, 96
Trd, 4319682.993, 96
Trd, 4319689.343, 96
Trd, 4319689.493, 96
Trd, 4319690.093, 95
Trd, 4319690.293, 94
Trd, 4319694.343, 94
Trd, 4319695.293, 93
Trd, 4319696.243, 94
Trd, 4319697.643, 93
Trd, 4319704.543, 93
Trd, 4319704.643, 93
Trd, 4319705.293, 92
Trd, 4319705.943, 93
Trd, 4319713.193, 93
Trd, 4319714.493, 93
Trd, 4319722.993, 92
Trd, 4319723.843, 92
Trd, 4319724.243, 92
Trd, 4319729.193, 92
Trd, 4319731.543, 92
Trd, 4319731.593, 91
Trd, 4319735.793, 91
Trd, 4319737.343, 91
Trd, 4319738.593, 90
Trd, 4319739.593, 91
Trd, 4319742.093, 90
Trd, 4319742.543, 90
Trd, 4319750.243, 90
Trd, 4319751.593, 90
Trd, 4319753.043, 89
Trd, 4319761.043, 90
Trd, 4319764.843, 90
Trd, 4319769.193, 90
Trd, 4319771.993, 90
Trd, 4319774.793, 90
Trd, 4319776.143, 89
Trd, 4319776.393, 90
Trd, 4319777.893, 107
Trd, 4319781.943, 94
Trd, 4319785.743, 94
Trd, 4319789.393, 94
Trd, 4319789.593, 94
Trd, 4319794.693, 93
Trd, 4319797.643, 93
Trd, 4319809.193, 93
Trd, 4319810.143, 92
Trd, 4319810.593, 93
Trd, 4319811.543, 92
Trd, 4319814.643, 93
Trd, 4319817.543, 93
Trd, 4319822.843, 92
Trd, 4319825.993, 92
Trd, 4319829.093, 92
Trd, 4319829.243, 91
Trd, 4319831.293, 92
Trd, 4319831.343, 91
Trd, 4319833.143, 90
Trd, 4319834.193, 90
Trd, 4319838.143, 90
Trd, 4319838.493, 90
Trd, 4319839.193, 89
Trd, 4319841.493, 90
Trd, 4319843.893, 89
Trd, 4319844.193, 89
Trd, 4319848.843, 89
Trd, 4319848.943, 90
Trd, 4319852.293, 89
Trd, 4319852.493, 88
Trd, 4319853.643, 89
Trd, 4319854.443, 88
Trd, 4319855.593, 89
Trd, 4319862.993, 89
Trd, 4319863.943, 88
Trd, 4319864.793, 89
Trd, 4319866.143, 89
Trd, 4319866.943, 89
Trd, 4319871.093, 89
Trd, 4319873.743, 89
Trd, 4319875.843, 90
Trd, 4319878.343, 88
Trd, 4319878.843, 89
Trd, 4319880.193, 89
Trd, 4319888.693, 88
Trd, 4319892.893, 88
Trd, 4319894.343, 87
Trd, 4319894.493, 89
Trd, 4319897.043, 88
Trd, 4319899.193, 87
Trd, 4319900.093, 86
Trd, 4319902.093, 86
Trd, 4319906.993, 86
Trd, 4319907.893, 87
Trd, 4319909.043, 87
Trd, 4319915.443, 86
Trd, 4319917.793, 86
Trd, 4319923.293, 86
Trd, 4319924.243, 87
Trd, 4319928.993, 101
Trd, 4319929.043, 94
Trd, 4319929.593, 95
Trd, 4319929.793, 95
Trd, 4319932.993, 94
Trd, 4319934.593, 93
Trd, 4319936.943, 94
Trd, 4319938.143, 93
Trd, 4319939.193, 94
Trd, 4319940.293, 92
Trd, 4319941.443, 92
Trd, 4319941.593, 93
Trd, 4319942.193, 92
Trd, 4319944.543, 92
Trd, 4319945.193, 93
Trd, 4319947.493, 93
Trd, 4319951.493, 93
Trd, 4319952.143, 92
Trd, 4319956.993, 92
Trd, 4319958.743, 92
Trd, 4319959.243, 92
Trd, 4319959.343, 91
Trd, 4319960.243, 92
Trd, 4319962.393, 92
Trd, 4319966.893, 92
Trd, 4319967.193, 92
Trd, 4319971.643, 92
Trd, 4319973.193, 92
Trd, 4319973.443, 91
Trd, 4319977.593, 91
Trd, 4319979.993, 91
Trd, 4319982.543, 91
Trd, 4319982.993, 90
Trd, 4319983.643, 90
Trd, 4319983.893, 91
Trd, 4319986.943, 92
Trd, 4319988.743, 92
Trd, 4319989.293, 92
Trd, 4319991.693, 92
Trd, 4319995.993, 92
Trd, 4319997.693, 91
Trd, 4319998.143, 91
Trd, 4319999.043, 90
Trd, 4319999.743, 91
