Trd, 4317801.493, 99
Trd, 4317802.043, 98
Trd, 4317803.393, 98
Trd, 4317805.393, 98
Trd, 4317807.443, 97
Trd, 4317809.793, 98
Trd, 4317811.093, 97
Trd, 4317812.293, 98
Trd, 4317813.843, 97
Trd, 4317815.493, 102
Trd, 4317815.893, 104
Trd, 4317817.443, 102
Trd, 4317818.843, 100
Trd, 4317819.043, 99
Trd, 4317822.193, 99
Trd, 4317822.843, 98
Trd, 4317825.543, 98
Trd, 4317826.493, 97
Trd, 4317829.993, 98
Trd, 4317831.493, 98
Trd, 4317833.743, 96
Trd, 4317835.843, 95
Trd, 4317837.543, 95
Trd, 4317839.643, 95
Trd, 4317840.493, 95
Trd, 4317842.393, 94
Trd, 4317844.293, 94
Trd, 4317845.693, 95
Trd, 4317847.443, 103
Trd, 4317848.393, 98
Trd, 4317848.793, 98
Trd, 4317852.943, 97
Trd, 4317854.993, 97
Trd, 4317855.793, 98
Trd, 4317856.143, 97
Trd, 4317856.593, 97
Trd, 4317860.643, 97
Trd, 4317861.443, 96
Trd, 4317864.043, 97
Trd, 4317865.143, 96
Trd, 4317869.093, 96
Trd, 4317869.343, 95
Trd, 4317870.493, 96
Trd, 4317870.743, 96
Trd, 4317875.743, 96
Trd, 4317876.143, 96
Trd, 4317876.743, 95
Trd, 4317879.593, 94
Trd, 4317879.943, 95
Trd, 4317882.643, 95
Trd, 4317884.043, 96
Trd, 4317885.593, 97
Trd, 4317886.043, 104
Trd, 4317889.543, 95
Trd, 4317889.943, 95
Trd, 4317893.643, 96
Trd, 4317895.493, 95
Trd, 4317897.443, 95
Trd, 4317900.343, 95
Trd, 4317900.793, 96
Trd, 4317904.643, 94
Trd, 4317904.693, 95
Trd, 4317905.493, 95
Trd, 4317905.643, 94
Trd, 4317908.843, 94
Trd, 4317910.443, 94
Trd, 4317912.393, 93
Trd, 4317917.093, 93
Trd, 4317919.693, 94
Trd, 4317922.443, 93
Trd, 4317923.493, 93
Trd, 4317924.693, 93
Trd, 4317925.143, 93
Trd, 4317926.943, 92
Trd, 4317928.393, 93
Trd, 4317928.743, 93
Trd, 4317932.043, 93
Trd, 4317932.543, 93
Trd, 4317933.043, 94
Trd, 4317934.943, 94
Trd, 4317935.693, 104
Trd, 4317936.493, 97
Trd, 4317940.143, 95
Trd, 4317941.343, 96
Trd, 4317941.743, 95
Trd, 4317945.893, 96
Trd, 4317946.693, 97
Trd, 4317947.793, 95
Trd, 4317949.543, 94
Trd, 4317951.543, 93
Trd, 4317954.043, 94
Trd, 4317955.443, 95
Trd, 4317957.343, 94
Trd, 4317958.193, 95
Trd, 4317960.343, 94
Trd, 4317961.993, 94
Trd, 4317962.393, 95
Trd, 4317966.343, 97
Trd, 4317967.393, 95
Trd, 4317968.493, 96
Trd, 4317971.143, 106
Trd, 4317971.193, 104
Trd, 4317972.993, 102
Trd, 4317974.543, 102
Trd, 4317977.343, 100
Trd, 4317978.143, 102
Trd, 4317979.243, 101
Trd, 4317981.093, 101
Trd, 4317983.193, 101
Trd, 4317984.543, 100
Trd, 4317986.593, 100
Trd, 4317987.043, 100
Trd, 4317988.993, 102
Trd, 4317991.393, 101
Trd, 4317992.843, 101
Trd, 4317993.393, 100
Trd, 4317996.243, 100
Trd, 4317996.493, 100
Trd, 4317999.343, 99
Trd, 4317999.493, 100
Trd, 4318002.293, 100
Trd, 4318006.343, 99
Trd, 4318006.443, 99
Trd, 4318010.193, 99
Trd, 4318013.343, 99
Trd, 4318014.693, 99
Trd, 4318015.243, 99
Trd, 4318017.543, 99
Trd, 4318021.043, 99
Trd, 4318023.693, 99
Trd, 4318025.293, 98
Trd, 4318026.443, 98
Trd, 4318027.343, 98
Trd, 4318028.193, 97
Trd, 4318031.793, 97
Trd, 4318032.343, 96
Trd, 4318033.843, 97
Trd, 4318036.043, 96
Trd, 4318036.243, 95
Trd, 4318038.393, 97
Trd, 4318039.393, 103
Trd, 4318040.343, 102
Trd, 4318042.393, 104
Trd, 4318044.093, 101
Trd, 4318045.493, 100
Trd, 4318047.143, 98
Trd, 4318049.493, 100
Trd, 4318050.643, 102
Trd, 4318053.043, 102
Trd, 4318053.243, 104
Trd, 4318054.043, 104
Trd, 4318054.593, 104
Trd, 4318056.043, 104
Trd, 4318057.393, 104
Trd, 4318058.993, 106
Trd, 4318060.543, 106
Trd, 4318062.693, 107
Trd, 4318064.843, 106
Trd, 4318065.793, 105
Trd, 4318066.693, 105
Trd, 4318068.043, 105
Trd, 4318068.843, 104
Trd, 4318072.743, 104
Trd, 4318073.743, 104
Trd, 4318075.793, 99
Trd, 4318077.143, 98
Trd, 4318077.493, 99
Trd, 4318078.693, 99
Trd, 4318081.093, 100
Trd, 4318081.343, 99
Trd, 4318085.293, 97
Trd, 4318085.743, 98
Trd, 4318087.093, 97
Trd, 4318089.343, 95
Trd, 4318092.793, 96
Trd, 4318093.943, 96
Trd, 4318095.443, 97
Trd, 4318096.043, 96
Trd, 4318098.843, 97
Trd, 4318099.593, 96
Trd, 4318102.193, 95
Trd, 4318103.693, 95
Trd, 4318104.693, 95
Trd, 4318105.993, 96
Trd, 4318107.393, 96
Trd, 4318108.793, 97
Trd, 4318109.843, 97
Trd, 4318113.093, 98
Trd, 4318113.593, 97
Trd, 4318113.643, 100
Trd, 4318115.593, 99
Trd, 4318116.843, 100
Trd, 4318117.193, 101
Trd, 4318118.643, 100
Trd, 4318119.443, 99
Trd, 4318121.643, 109
Trd, 4318122.343, 104
Trd, 4318122.393, 105
Trd, 4318125.043, 104
Trd, 4318126.093, 104
Trd, 4318126.643, 103
Trd, 4318129.443, 101
Trd, 4318132.043, 94
Trd, 4318132.943, 93
Trd, 4318134.043, 93
Trd, 4318134.693, 94
Trd, 4318136.843, 98
Trd, 4318137.443, 98
Trd, 4318139.293, 95
Trd, 4318140.593, 96
Trd, 4318141.943, 96
Trd, 4318143.643, 96
Trd, 4318144.393, 95
Trd, 4318146.443, 95
Trd, 4318148.243, 95
Trd, 4318150.143, 94
Trd, 4318153.593, 95
Trd, 4318154.293, 95
Trd, 4318156.893, 104
Trd, 4318157.643, 104
Trd, 4318159.343, 104
Trd, 4318159.593, 101
Trd, 4318161.293, 101
Trd, 4318164.943, 100
Trd, 4318165.493, 101
Trd, 4318166.143, 102
Trd, 4318166.893, 102
Trd, 4318169.943, 102
Trd, 4318172.193, 101
Trd, 4318172.793, 100
Trd, 4318176.743, 96
Trd, 4318178.093, 96
Trd, 4318178.393, 96
Trd, 4318178.643, 96
Trd, 4318181.193, 94
Trd, 4318181.493, 95
Trd, 4318182.993, 94
Trd, 4318185.543, 93
Trd, 4318187.793, 94
Trd, 4318189.593, 92
Trd, 4318190.843, 95
Trd, 4318194.293, 100
Trd, 4318194.543, 101
Trd, 4318195.393, 100
Trd, 4318196.293, 99
Trd, 4318199.243, 106
Trd, 4318201.393, 101
Trd, 4318201.943, 101
Trd, 4318202.293, 102
Trd, 4318202.743, 98
Trd, 4318204.943, 101
Trd, 4318206.743, 100
Trd, 4318207.693, 100
Trd, 4318210.893, 100
Trd, 4318211.393, 100
Trd, 4318215.393, 103
Trd, 4318215.693, 102
Trd, 4318216.893, 102
Trd, 4318218.793, 102
Trd, 4318219.843, 102
Trd, 4318223.693, 102
Trd, 4318224.643, 102
Trd, 4318226.443, 101
Trd, 4318229.443, 101
Trd, 4318229.693, 101
Trd, 4318230.643, 100
Trd, 4318233.943, 97
Trd, 4318235.443, 96
Trd, 4318235.793, 95
Trd, 4318236.143, 95
Trd, 4318237.943, 96
Trd, 4318238.643, 95
Trd, 4318240.893, 95
Trd, 4318241.993, 101
Trd, 4318246.343, 96
Trd, 4318248.793, 97
Trd, 4318249.093, 96
Trd, 4318255.493, 97
Trd, 4318255.643, 97
Trd, 4318255.743, 96
Trd, 4318260.093, 96
Trd, 4318260.743, 96
Trd, 4318261.443, 97
Trd, 4318262.743, 97
Trd, 4318265.043, 97
Trd, 4318267.743, 97
Trd, 4318270.643, 97
Trd, 4318272.043, 96
Trd, 4318274.693, 96
Trd, 4318276.143, 95
Trd, 4318276.993, 94
Trd, 4318279.443, 94
Trd, 4318279.893, 93
Trd, 4318280.143, 92
Trd, 4318282.493, 96
Trd, 4318284.793, 94
Trd, 4318285.493, 94
Trd, 4318288.343, 97
Trd, 4318291.543, 101
Trd, 4318291.743, 98
Trd, 4318293.393, 98
Trd, 4318293.893, 104
Trd, 4318295.643, 97
Trd, 4318295.693, 96
Trd, 4318296.993, 97
Trd, 4318300.993, 98
Trd, 4318302.193, 97
Trd, 4318302.793, 95
Trd, 4318306.443, 95
Trd, 4318306.593, 96
Trd, 4318307.893, 96
Trd, 4318308.943, 96
Trd, 4318310.493, 102
Trd, 4318311.843, 101
Trd, 4318315.093, 102
Trd, 4318315.593, 100
Trd, 4318318.193, 101
Trd, 4318318.543, 101
Trd, 4318320.343, 102
Trd, 4318322.093, 104
Trd, 4318326.093, 103
Trd, 4318328.143, 102
Trd, 4318328.343, 102
Trd, 4318329.293, 101
Trd, 4318332.493, 103
Trd, 4318332.743, 103
Trd, 4318335.943, 100
Trd, 4318337.393, 98
Trd, 4318339.143, 98
Trd, 4318340.543, 99
Trd, 4318340.993, 99
Trd, 4318342.993, 100
Trd, 4318343.243, 100
Trd, 4318345.993, 98
Trd, 4318347.243, 98
Trd, 4318348.393, 99
Trd, 4318349.243, 99
Trd, 4318349.793, 101
Trd, 4318353.243, 101
Trd, 4318355.493, 99
Trd, 4318356.043, 100
Trd, 4318358.043, 99
Trd, 4318360.293, 99
Trd, 4318360.793, 99
Trd, 4318360.943, 98
Trd, 4318362.193, 102
Trd, 4318365.593, 98
Trd, 4318365.743, 99
Trd, 4318367.243, 97
Trd, 4318370.793, 90
Trd, 4318371.393, 93
Trd, 4318372.193, 94
Trd, 4318373.143, 96
Trd, 4318374.543, 95
Trd, 4318376.493, 101
Trd, 4318378.143, 95
Trd, 4318379.293, 96
Trd, 4318379.743, 104
Trd, 4318383.543, 97
Trd, 4318384.343, 100
Trd, 4318385.293, 99
Trd, 4318388.193, 99
Trd, 4318389.243, 99
Trd, 4318390.793, 99
Trd, 4318392.293, 99
Trd, 4318393.893, 94
Trd, 4318395.393, 97
Trd, 4318396.093, 96
Trd, 4318399.493, 95
Trd, 4318400.243, 96
Trd, 4318401.093, 96
Trd, 4318403.693, 95
Trd, 4318406.093, 96
Trd, 4318406.643, 96
Trd, 4318407.843, 95
Trd, 4318408.293, 94
Trd, 4318411.093, 93
Trd, 4318413.093, 92
Trd, 4318413.793, 92
Trd, 4318415.293, 92
Trd, 4318417.093, 93
Trd, 4318418.143, 93
Trd, 4318419.543, 92
Trd, 4318422.043, 93
Trd, 4318422.643, 94
Trd, 4318424.543, 93
Trd, 4318426.543, 92
Trd, 4318429.193, 92
Trd, 4318430.043, 92
Trd, 4318430.343, 92
Trd, 4318431.093, 91
Trd, 4318435.393, 92
Trd, 4318436.943, 92
Trd, 4318438.393, 91
Trd, 4318440.593, 92
Trd, 4318441.043, 92
Trd, 4318442.593, 91
Trd, 4318443.493, 91
Trd, 4318443.793, 91
Trd, 4318445.743, 107
Trd, 4318447.193, 108
Trd, 4318448.793, 109
Trd, 4318449.743, 110
Trd, 4318451.043, 108
Trd, 4318455.143, 111
Trd, 4318455.693, 109
Trd, 4318457.343, 105
Trd, 4318459.693, 100
Trd, 4318460.143, 100
Trd, 4318461.343, 100
Trd, 4318465.043, 97
Trd, 4318465.543, 97
Trd, 4318466.143, 97
Trd, 4318470.693, 95
Trd, 4318470.743, 96
Trd, 4318471.443, 95
Trd, 4318471.793, 95
Trd, 4318473.243, 94
Trd, 4318475.693, 94
Trd, 4318478.993, 95
Trd, 4318479.743, 95
Trd, 4318480.493, 95
Trd, 4318481.893, 94
Trd, 4318483.693, 95
Trd, 4318484.043, 94
Trd, 4318485.493, 94
Trd, 4318485.543, 93
Trd, 4318490.343, 93
Trd, 4318491.093, 94
Trd, 4318491.193, 93
Trd, 4318494.193, 93
Trd, 4318494.943, 93
Trd, 4318497.493, 96
Trd, 4318498.843, 95
Trd, 4318501.643, 97
Trd, 4318502.043, 97
Trd, 4318502.743, 97
Trd, 4318505.793, 96
Trd, 4318506.043, 96
Trd, 4318508.393, 95
Trd, 4318508.493, 96
Trd, 4318509.493, 96
Trd, 4318513.043, 96
Trd, 4318515.393, 96
Trd, 4318516.443, 95
Trd, 4318517.543, 94
Trd, 4318520.893, 94
Trd, 4318521.093, 94
Trd, 4318521.693, 94
Trd, 4318524.243, 93
Trd, 4318524.293, 94
Trd, 4318526.843, 104
Trd, 4318527.243, 104
Trd, 4318527.693, 99
Trd, 4318529.743, 104
Trd, 4318531.243, 101
Trd, 4318532.443, 100
Trd, 4318534.793, 99
Trd, 4318538.243, 100
Trd, 4318538.543, 100
Trd, 4318539.643, 98
Trd, 4318542.893, 99
Trd, 4318546.693, 99
Trd, 4318547.143, 98
Trd, 4318549.643, 98
Trd, 4318549.893, 98
Trd, 4318552.143, 98
Trd, 4318553.043, 98
Trd, 4318554.443, 98
Trd, 4318556.043, 97
Trd, 4318561.593, 96
Trd, 4318561.743, 97
Trd, 4318561.943, 96
Trd, 4318566.143, 97
Trd, 4318567.593, 95
Trd, 4318568.193, 97
Trd, 4318568.943, 97
Trd, 4318569.243, 98
Trd, 4318572.543, 101
Trd, 4318572.993, 101
Trd, 4318575.893, 103
Trd, 4318576.893, 101
Trd, 4318577.093, 102
Trd, 4318578.443, 102
Trd, 4318579.393, 102
Trd, 4318580.643, 100
Trd, 4318585.093, 102
Trd, 4318585.143, 101
Trd, 4318585.843, 102
Trd, 4318589.443, 99
Trd, 4318590.893, 98
Trd, 4318591.743, 96
Trd, 4318592.193, 96
Trd, 4318593.793, 96
Trd, 4318594.243, 96
Trd, 4318596.043, 97
Trd, 4318599.043, 96
Trd, 4318599.693, 96
Trd, 4318600.493, 95
Trd, 4318602.293, 96
Trd, 4318604.343, 99
Trd, 4318604.743, 98
Trd, 4318606.643, 96
Trd, 4318608.243, 98
Trd, 4318609.643, 100
Trd, 4318609.943, 100
Trd, 4318612.793, 102
Trd, 4318614.893, 101
Trd, 4318615.593, 100
Trd, 4318617.793, 101
Trd, 4318619.843, 101
Trd, 4318622.493, 101
Trd, 4318624.543, 100
Trd, 4318625.643, 100
Trd, 4318625.893, 99
Trd, 4318628.493, 99
Trd, 4318631.493, 98
Trd, 4318633.393, 97
Trd, 4318634.343, 98
Trd, 4318636.243, 98
Trd, 4318637.093, 102
Trd, 4318637.443, 102
Trd, 4318638.893, 101
Trd, 4318641.943, 101
Trd, 4318643.393, 107
Trd, 4318643.643, 106
Trd, 4318645.193, 103
Trd, 4318647.143, 101
Trd, 4318650.493, 97
Trd, 4318651.293, 97
Trd, 4318652.593, 100
Trd, 4318652.943, 100
Trd, 4318654.893, 100
Trd, 4318656.843, 101
Trd, 4318658.343, 99
Trd, 4318660.143, 101
Trd, 4318663.493, 100
Trd, 4318663.993, 99
Trd, 4318665.593, 100
Trd, 4318665.843, 100
Trd, 4318667.943, 99
Trd, 4318671.443, 99
Trd, 4318672.743, 101
Trd, 4318673.993, 100
Trd, 4318677.293, 100
Trd, 4318678.493, 100
Trd, 4318679.193, 99
Trd, 4318680.343, 98
Trd, 4318681.243, 100
Trd, 4318684.743, 100
Trd, 4318685.593, 100
Trd, 4318686.043, 99
Trd, 4318690.043, 100
Trd, 4318690.543, 99
Trd, 4318691.343, 100
Trd, 4318691.943, 101
Trd, 4318692.293, 104
Trd, 4318694.543, 106
Trd, 4318695.293, 104
Trd, 4318696.843, 103
Trd, 4318698.493, 103
Trd, 4318698.893, 103
Trd, 4318699.393, 104
Trd, 4318699.793, 104
Trd, 4318702.193, 102
Trd, 4318705.443, 103
Trd, 4318707.293, 101
Trd, 4318707.793, 101
Trd, 4318712.243, 99
Trd, 4318714.443, 100
Trd, 4318718.493, 98
Trd, 4318718.543, 100
Trd, 4318720.443, 100
Trd, 4318720.793, 100
Trd, 4318721.943, 99
Trd, 4318722.043, 98
Trd, 4318723.343, 100
Trd, 4318723.893, 101
Trd, 4318724.643, 100
Trd, 4318727.443, 100
Trd, 4318730.343, 101
Trd, 4318733.143, 101
Trd, 4318734.793, 101
Trd, 4318737.793, 100
Trd, 4318739.343, 101
Trd, 4318739.793, 101
Trd, 4318741.093, 101
Trd, 4318742.543, 104
Trd, 4318743.293, 103
Trd, 4318748.793, 100
Trd, 4318750.193, 100
Trd, 4318751.743, 100
Trd, 4318751.943, 100
Trd, 4318753.093, 104
Trd, 4318755.243, 103
Trd, 4318756.643, 102
Trd, 4318759.193, 104
Trd, 4318760.093, 102
Trd, 4318760.593, 103
Trd, 4318763.943, 102
Trd, 4318766.293, 102
Trd, 4318768.343, 102
Trd, 4318770.793, 103
Trd, 4318770.943, 102
Trd, 4318775.593, 103
Trd, 4318777.393, 102
Trd, 4318778.843, 101
Trd, 4318779.943, 100
Trd, 4318781.843, 100
Trd, 4318782.243, 100
Trd, 4318784.893, 99
Trd, 4318787.193, 96
Trd, 4318787.493, 96
Trd, 4318788.743, 97
Trd, 4318789.293, 96
Trd, 4318791.793, 97
Trd, 4318792.343, 96
Trd, 4318794.243, 95
Trd, 4318795.043, 95
Trd, 4318796.793, 92
Trd, 4318798.643, 92
Trd, 4318799.493, 91
Trd, 4318799.843, 92
Trd, 4318803.493, 103
Trd, 4318803.943, 95
Trd, 4318806.193, 96
Trd, 4318807.293, 96
Trd, 4318808.643, 95
Trd, 4318809.443, 95
Trd, 4318811.443, 95
Trd, 4318813.743, 96
Trd, 4318814.893, 96
Trd, 4318816.093, 94
Trd, 4318818.193, 96
Trd, 4318818.893, 96
Trd, 4318820.343, 96
Trd, 4318821.943, 95
Trd, 4318822.193, 96
Trd, 4318823.293, 100
Trd, 4318825.443, 102
Trd, 4318828.093, 105
Trd, 4318829.343, 104
Trd, 4318830.593, 109
Trd, 4318830.843, 107
Trd, 4318832.893, 111
Trd, 4318833.343, 109
Trd, 4318836.743, 106
Trd, 4318836.993, 107
Trd, 4318838.493, 106
Trd, 4318840.593, 107
Trd, 4318841.093, 107
Trd, 4318844.043, 107
Trd, 4318844.943, 106
Trd, 4318845.193, 106
Trd, 4318847.943, 106
Trd, 4318848.443, 105
Trd, 4318849.393, 105
Trd, 4318851.743, 105
Trd, 4318853.943, 104
Trd, 4318854.343, 104
Trd, 4318855.893, 103
Trd, 4318855.993, 103
Trd, 4318858.043, 102
Trd, 4318859.793, 102
Trd, 4318863.293, 103
Trd, 4318865.343, 102
Trd, 4318866.143, 103
Trd, 4318866.743, 103
Trd, 4318868.593, 101
Trd, 4318871.143, 90
Trd, 4318871.743, 92
Trd, 4318872.693, 96
Trd, 4318873.543, 95
Trd, 4318875.143, 104
Trd, 4318875.493, 104
Trd, 4318876.593, 104
Trd, 4318879.493, 100
Trd, 4318881.143, 102
Trd, 4318882.443, 101
Trd, 4318883.343, 101
Trd, 4318887.143, 115
Trd, 4318887.493, 110
Trd, 4318889.643, 106
Trd, 4318890.443, 106
Trd, 4318893.843, 105
Trd, 4318895.593, 105
Trd, 4318896.243, 104
Trd, 4318897.293, 105
Trd, 4318904.543, 104
Trd, 4318905.793, 105
Trd, 4318906.093, 104
Trd, 4318908.043, 103
Trd, 4318908.543, 104
Trd, 4318910.193, 102
Trd, 4318913.443, 103
Trd, 4318914.243, 103
Trd, 4318916.493, 102
Trd, 4318917.643, 103
Trd, 4318918.493, 102
Trd, 4318922.093, 100
Trd, 4318924.393, 99
Trd, 4318926.993, 99
Trd, 4318929.543, 99
Trd, 4318929.593, 100
Trd, 4318930.493, 98
Trd, 4318932.743, 99
Trd, 4318938.693, 99
Trd, 4318939.693, 98
Trd, 4318940.293, 97
Trd, 4318942.993, 99
Trd, 4318943.543, 98
Trd, 4318945.943, 98
Trd, 4318949.493, 99
Trd, 4318950.643, 100
Trd, 4318952.093, 100
Trd, 4318952.493, 99
Trd, 4318954.843, 99
Trd, 4318955.993, 99
Trd, 4318958.793, 99
Trd, 4318960.243, 98
Trd, 4318961.493, 99
Trd, 4318963.293, 100
Trd, 4318964.893, 99
Trd, 4318968.193, 97
Trd, 4318969.593, 95
Trd, 4318969.943, 94
Trd, 4318971.793, 94
Trd, 4318971.943, 94
Trd, 4318973.293, 95
Trd, 4318975.743, 95
Trd, 4318976.243, 97
Trd, 4318977.643, 98
Trd, 4318978.443, 97
Trd, 4318983.093, 96
Trd, 4318985.243, 96
Trd, 4318986.343, 96
Trd, 4318986.593, 94
Trd, 4318989.943, 95
Trd, 4318990.493, 96
Trd, 4318991.743, 96
Trd, 4318993.243, 95
Trd, 4318996.043, 96
Trd, 4318999.943, 95
Trd, 4319000.343, 95
Trd, 4319001.593, 95
Trd, 4319003.343, 94
Trd, 4319004.243, 95
Trd, 4319005.493, 95
Trd, 4319007.193, 94
Trd, 4319008.743, 95
Trd, 4319009.743, 96
Trd, 4319010.693, 95
Trd, 4319012.493, 94
Trd, 4319012.593, 95
Trd, 4319013.543, 95
Trd, 4319017.793, 95
Trd, 4319018.643, 95
Trd, 4319018.993, 95
Trd, 4319019.143, 104
Trd, 4319024.393, 96
Trd, 4319024.543, 96
Trd, 4319025.393, 96
Trd, 4319026.093, 95
Trd, 4319029.043, 95
Trd, 4319030.393, 94
Trd, 4319030.493, 94
Trd, 4319033.343, 101
Trd, 4319034.243, 100
Trd, 4319036.093, 101
Trd, 4319037.943, 101
Trd, 4319039.443, 102
Trd, 4319041.593, 101
Trd, 4319042.593, 101
Trd, 4319046.643, 100
Trd, 4319047.893, 100
Trd, 4319048.443, 100
Trd, 4319049.193, 99
Trd, 4319051.643, 98
Trd, 4319051.993, 97
Trd, 4319054.093, 96
Trd, 4319055.493, 96
Trd, 4319056.393, 97
Trd, 4319056.793, 101
Trd, 4319058.143, 97
Trd, 4319061.193, 100
Trd, 4319061.443, 99
Trd, 4319062.893, 99
Trd, 4319063.593, 98
Trd, 4319067.993, 97
Trd, 4319068.743, 100
Trd, 4319070.293, 99
Trd, 4319072.243, 104
Trd, 4319073.493, 101
Trd, 4319074.043, 102
Trd, 4319076.993, 97
Trd, 4319077.143, 96
Trd, 4319078.393, 96
Trd, 4319078.443, 104
Trd, 4319081.593, 98
Trd, 4319082.243, 98
Trd, 4319082.393, 98
Trd, 4319084.043, 98
Trd, 4319086.143, 98
Trd, 4319088.343, 98
Trd, 4319089.193, 97
Trd, 4319089.443, 97
Trd, 4319092.843, 99
Trd, 4319094.093, 99
Trd, 4319094.193, 99
Trd, 4319096.293, 99
Trd, 4319097.743, 103
Trd, 4319098.493, 104
Trd, 4319099.643, 103
Trd, 4319100.393, 104
Trd, 4319101.143, 105
Trd, 4319105.093, 110
Trd, 4319106.293, 110
Trd, 4319107.093, 109
Trd, 4319108.493, 108
Trd, 4319108.943, 107
Trd, 4319111.243, 107
Trd, 4319116.643, 107
Trd, 4319118.493, 106
Trd, 4319120.193, 107
Trd, 4319121.643, 106
Trd, 4319123.393, 99
Trd, 4319125.593, 98
Trd, 4319128.443, 98
Trd, 4319128.643, 97
Trd, 4319129.043, 98
Trd, 4319130.193, 97
Trd, 4319130.793, 94
Trd, 4319130.943, 96
Trd, 4319135.743, 96
Trd, 4319136.043, 97
Trd, 4319136.993, 96
Trd, 4319138.943, 96
Trd, 4319139.843, 95
Trd, 4319140.693, 94
Trd, 4319143.193, 95
Trd, 4319144.193, 94
Trd, 4319145.593, 95
Trd, 4319147.643, 94
Trd, 4319148.843, 96
Trd, 4319149.143, 95
Trd, 4319150.893, 97
Trd, 4319151.543, 97
Trd, 4319155.043, 98
Trd, 4319155.343, 98
Trd, 4319156.143, 99
Trd, 4319156.893, 104
Trd, 4319158.493, 98
Trd, 4319161.793, 99
Trd, 4319162.743, 98
Trd, 4319163.343, 97
Trd, 4319164.293, 96
Trd, 4319166.593, 96
Trd, 4319167.043, 97
Trd, 4319167.943, 99
Trd, 4319170.093, 108
Trd, 4319170.793, 107
Trd, 4319172.143, 103
Trd, 4319172.743, 105
Trd, 4319174.793, 102
Trd, 4319175.793, 98
Trd, 4319178.043, 98
Trd, 4319178.793, 98
Trd, 4319179.393, 98
Trd, 4319180.093, 100
Trd, 4319184.143, 100
Trd, 4319184.593, 97
Trd, 4319185.543, 98
Trd, 4319185.843, 98
Trd, 4319186.493, 98
Trd, 4319191.043, 98
Trd, 4319193.093, 98
Trd, 4319194.043, 98
Trd, 4319195.493, 98
Trd, 4319195.843, 99
Trd, 4319196.143, 98
Trd, 4319200.293, 98
Trd, 4319200.493, 97
Trd, 4319204.193, 97
Trd, 4319205.093, 97
Trd, 4319206.043, 96
Trd, 4319208.593, 97
Trd, 4319209.193, 97
Trd, 4319211.743, 97
Trd, 4319212.243, 98
Trd, 4319214.943, 100
Trd, 4319215.343, 98
Trd, 4319215.943, 98
Trd, 4319218.643, 98
Trd, 4319219.593, 98
Trd, 4319222.743, 99
Trd, 4319224.543, 97
Trd, 4319227.193, 96
Trd, 4319229.543, 95
Trd, 4319229.943, 95
Trd, 4319230.643, 95
Trd, 4319234.493, 95
Trd, 4319235.143, 96
Trd, 4319237.543, 97
Trd, 4319237.943, 96
Trd, 4319238.693, 96
Trd, 4319239.993, 96
Trd, 4319240.643, 97
Trd, 4319244.243, 97
Trd, 4319246.543, 96
Trd, 4319246.843, 95
Trd, 4319247.093, 95
Trd, 4319248.343, 97
Trd, 4319248.843, 95
Trd, 4319251.143, 99
Trd, 4319251.943, 101
Trd, 4319253.443, 99
Trd, 4319255.843, 98
Trd, 4319256.743, 99
Trd, 4319259.743, 106
Trd, 4319260.243, 105
Trd, 4319261.743, 104
Trd, 4319262.343, 104
Trd, 4319263.593, 104
Trd, 4319265.343, 103
Trd, 4319266.743, 104
Trd, 4319266.793, 103
Trd, 4319270.493, 103
Trd, 4319271.993, 104
Trd, 4319272.093, 104
Trd, 4319276.343, 104
Trd, 4319276.543, 103
Trd, 4319279.043, 103
Trd, 4319279.843, 104
Trd, 4319281.543, 100
Trd, 4319282.993, 98
Trd, 4319283.443, 99
Trd, 4319284.643, 99
Trd, 4319286.443, 98
Trd, 4319292.293, 99
Trd, 4319293.243, 99
Trd, 4319294.443, 99
Trd, 4319295.243, 99
Trd, 4319296.043, 98
Trd, 4319299.543, 98
Trd, 4319302.143, 99
Trd, 4319303.893, 99
Trd, 4319304.043, 98
Trd, 4319304.343, 98
Trd, 4319305.493, 99
Trd, 4319306.693, 99
Trd, 4319308.393, 98
Trd, 4319310.093, 99
Trd, 4319312.043, 99
Trd, 4319312.643, 99
Trd, 4319314.293, 102
Trd, 4319316.093, 102
Trd, 4319316.743, 106
Trd, 4319318.693, 108
Trd, 4319319.443, 107
Trd, 4319322.293, 103
Trd, 4319322.343, 104
Trd, 4319325.443, 103
Trd, 4319328.493, 99
Trd, 4319329.193, 99
Trd, 4319330.843, 100
Trd, 4319331.693, 100
Trd, 4319333.593, 99
Trd, 4319335.693, 100
Trd, 4319337.943, 100
Trd, 4319339.493, 99
Trd, 4319341.393, 98
Trd, 4319341.693, 100
Trd, 4319345.793, 99
Trd, 4319347.143, 100
Trd, 4319350.243, 99
Trd, 4319351.343, 98
Trd, 4319354.343, 99
Trd, 4319356.993, 99
Trd, 4319357.443, 99
Trd, 4319359.843, 98
Trd, 4319360.793, 99
Trd, 4319361.393, 99
Trd, 4319363.493, 98
Trd, 4319365.243, 99
Trd, 4319366.743, 99
Trd, 4319368.893, 99
Trd, 4319371.193, 98
Trd, 4319373.343, 94
Trd, 4319373.993, 95
Trd, 4319376.093, 93
Trd, 4319376.743, 92
Trd, 4319377.243, 93
Trd, 4319377.693, 93
Trd, 4319379.493, 93
Trd, 4319381.543, 94
Trd, 4319382.943, 117
Trd, 4319383.343, 107
Trd, 4319387.743, 114
Trd, 4319387.793, 112
Trd, 4319390.843, 110
Trd, 4319395.393, 104
Trd, 4319395.593, 105
Trd, 4319398.443, 103
Trd, 4319399.243, 103
Trd, 4319402.543, 100
Trd, 4319402.843, 100
Trd, 4319404.093, 102
Trd, 4319404.793, 102
Trd, 4319405.693, 104
Trd, 4319407.843, 104
Trd, 4319408.843, 103
Trd, 4319409.043, 103
Trd, 4319410.543, 101
Trd, 4319411.843, 99
Trd, 4319415.343, 100
Trd, 4319417.743, 99
Trd, 4319419.043, 100
Trd, 4319422.393, 100
Trd, 4319422.493, 100
Trd, 4319424.393, 97
Trd, 4319428.243, 98
Trd, 4319428.893, 97
Trd, 4319430.543, 98
Trd, 4319431.543, 99
Trd, 4319433.693, 98
Trd, 4319435.693, 97
Trd, 4319437.643, 98
Trd, 4319438.243, 98
Trd, 4319439.943, 97
Trd, 4319443.293, 98
Trd, 4319444.793, 97
Trd, 4319449.243, 98
Trd, 4319452.893, 96
Trd, 4319453.493, 96
Trd, 4319455.243, 95
Trd, 4319456.143, 95
Trd, 4319462.093, 95
Trd, 4319462.393, 96
Trd, 4319463.293, 95
Trd, 4319464.893, 95
Trd, 4319465.593, 94
Trd, 4319467.493, 94
Trd, 4319469.943, 95
Trd, 4319471.293, 94
Trd, 4319472.793, 94
Trd, 4319474.393, 92
Trd, 4319474.843, 91
Trd, 4319478.243, 94
Trd, 4319482.343, 95
Trd, 4319482.543, 95
Trd, 4319483.643, 94
Trd, 4319484.843, 95
Trd, 4319488.293, 96
Trd, 4319490.743, 97
Trd, 4319491.443, 96
Trd, 4319492.743, 96
Trd, 4319495.643, 96
Trd, 4319496.593, 96
Trd, 4319497.493, 95
Trd, 4319498.943, 96
Trd, 4319499.843, 96
Trd, 4319504.693, 96
Trd, 4319507.343, 96
Trd, 4319508.593, 96
Trd, 4319510.193, 102
Trd, 4319510.893, 104
Trd, 4319511.043, 101
Trd, 4319512.443, 100
Trd, 4319515.893, 97
Trd, 4319516.543, 98
Trd, 4319519.643, 100
Trd, 4319521.843, 98
Trd, 4319521.943, 99
Trd, 4319522.793, 98
Trd, 4319524.693, 100
Trd, 4319525.093, 99
Trd, 4319529.843, 104
Trd, 4319530.443, 102
Trd, 4319530.743, 103
Trd, 4319531.793, 101
Trd, 4319533.243, 101
Trd, 4319536.643, 101
Trd, 4319537.543, 101
Trd, 4319537.893, 101
Trd, 4319540.193, 101
Trd, 4319541.693, 102
Trd, 4319542.993, 102
Trd, 4319544.493, 102
Trd, 4319545.643, 101
Trd, 4319545.943, 102
Trd, 4319548.693, 102
Trd, 4319549.093, 101
Trd, 4319552.893, 101
Trd, 4319553.493, 100
Trd, 4319554.943, 101
Trd, 4319560.743, 101
Trd, 4319560.843, 100
Trd, 4319561.543, 100
Trd, 4319561.943, 99
Trd, 4319566.293, 101
Trd, 4319567.243, 101
Trd, 4319568.943, 100
Trd, 4319570.993, 100
Trd, 4319575.043, 99
Trd, 4319577.443, 100
Trd, 4319577.793, 100
Trd, 4319579.693, 100
Trd, 4319579.993, 99
Trd, 4319581.943, 100
Trd, 4319585.893, 100
Trd, 4319586.943, 100
Trd, 4319588.993, 98
Trd, 4319590.493, 99
Trd, 4319592.343, 99
Trd, 4319593.243, 99
Trd, 4319594.743, 99
Trd, 4319596.193, 98
Trd, 4319597.043, 97
Trd, 4319601.593, 97
Trd, 4319602.493, 97
Trd, 4319603.443, 97
Trd, 4319606.243, 97
Trd, 4319607.893, 95
Trd, 4319609.943, 96
Trd, 4319611.743, 97
Trd, 4319612.643, 96
Trd, 4319615.143, 97
Trd, 4319615.643, 97
Trd, 4319616.793, 98
Trd, 4319618.143, 101
Trd, 4319619.193, 100
Trd, 4319620.093, 100
Trd, 4319621.343, 99
Trd, 4319626.243, 101
Trd, 4319626.493, 100
Trd, 4319629.743, 100
Trd, 4319630.743, 101
Trd, 4319631.593, 100
Trd, 4319634.493, 102
Trd, 4319638.493, 101
Trd, 4319639.393, 101
Trd, 4319644.043, 101
Trd, 4319645.993, 100
Trd, 4319646.743, 100
Trd, 4319647.043, 100
Trd, 4319651.843, 100
Trd, 4319652.843, 100
Trd, 4319658.893, 99
Trd, 4319659.593, 100
Trd, 4319659.843, 100
Trd, 4319661.893, 99
Trd, 4319661.993, 98
Trd, 4319664.343, 102
Trd, 4319665.043, 101
Trd, 4319668.243, 104
Trd, 4319668.443, 104
Trd, 4319669.193, 106
Trd, 4319670.443, 104
Trd, 4319671.243, 104
Trd, 4319673.743, 103
Trd, 4319677.543, 103
Trd, 4319678.193, 103
Trd, 4319678.993, 104
Trd, 4319680.693, 104
Trd, 4319680.993, 103
Trd, 4319683.693, 100
Trd, 4319686.293, 99
Trd, 4319686.443, 99
Trd, 4319687.643, 98
Trd, 4319690.093, 97
Trd, 4319690.643, 96
Trd, 4319692.043, 96
Trd, 4319693.093, 94
Trd, 4319693.343, 94
Trd, 4319695.843, 95
Trd, 4319697.293, 96
Trd, 4319700.443, 94
Trd, 4319703.943, 93
Trd, 4319704.593, 93
Trd, 4319705.393, 95
Trd, 4319706.793, 96
Trd, 4319706.893, 95
Trd, 4319711.593, 96
Trd, 4319712.143, 96
Trd, 4319715.843, 96
Trd, 4319715.993, 97
Trd, 4319719.143, 95
Trd, 4319719.793, 96
Trd, 4319720.543, 96
Trd, 4319723.893, 96
Trd, 4319724.443, 96
Trd, 4319725.593, 95
Trd, 4319725.993, 94
Trd, 4319726.593, 94
Trd, 4319730.443, 97
Trd, 4319731.243, 97
Trd, 4319732.443, 97
Trd, 4319733.193, 97
Trd, 4319735.693, 98
Trd, 4319738.043, 98
Trd, 4319738.393, 98
Trd, 4319743.093, 103
Trd, 4319745.143, 101
Trd, 4319745.393, 100
Trd, 4319746.593, 100
Trd, 4319748.043, 100
Trd, 4319749.843, 99
Trd, 4319751.243, 104
Trd, 4319752.693, 102
Trd, 4319753.543, 102
Trd, 4319756.543, 102
Trd, 4319756.643, 102
Trd, 4319757.943, 102
Trd, 4319760.643, 102
Trd, 4319762.493, 103
Trd, 4319763.593, 103
Trd, 4319764.143, 104
Trd, 4319764.293, 103
Trd, 4319769.793, 104
Trd, 4319772.193, 102
Trd, 4319775.243, 100
Trd, 4319775.643, 102
Trd, 4319776.143, 104
Trd, 4319777.493, 102
Trd, 4319778.693, 102
Trd, 4319779.743, 103
Trd, 4319781.643, 102
Trd, 4319782.693, 104
Trd, 4319783.693, 103
Trd, 4319784.393, 104
Trd, 4319787.043, 103
Trd, 4319789.943, 100
Trd, 4319791.893, 99
Trd, 4319792.943, 100
Trd, 4319796.393, 100
Trd, 4319796.593, 100
Trd, 4319796.943, 98
Trd, 4319797.343, 100
Trd, 4319798.943, 101
Trd, 4319799.543, 101
Trd, 4319801.093, 101
Trd, 4319805.693, 101
Trd, 4319806.493, 101
Trd, 4319807.793, 99
Trd, 4319809.593, 99
Trd, 4319809.843, 99
Trd, 4319812.493, 99
Trd, 4319813.893, 100
Trd, 4319815.593, 100
Trd, 4319817.193, 99
Trd, 4319818.643, 98
Trd, 4319819.893, 97
Trd, 4319821.193, 99
Trd, 4319822.943, 97
Trd, 4319822.993, 98
Trd, 4319823.543, 97
Trd, 4319825.343, 96
Trd, 4319827.193, 95
Trd, 4319829.093, 96
Trd, 4319830.743, 94
Trd, 4319833.743, 94
Trd, 4319834.493, 95
Trd, 4319836.493, 94
Trd, 4319837.243, 93
Trd, 4319839.343, 94
Trd, 4319840.943, 94
Trd, 4319843.193, 95
Trd, 4319844.443, 95
Trd, 4319846.193, 94
Trd, 4319847.743, 93
Trd, 4319850.693, 104
Trd, 4319851.793, 110
Trd, 4319852.143, 107
Trd, 4319854.143, 101
Trd, 4319857.943, 98
Trd, 4319858.643, 97
Trd, 4319859.343, 98
Trd, 4319861.343, 98
Trd, 4319861.493, 98
Trd, 4319863.543, 98
Trd, 4319865.643, 99
Trd, 4319866.043, 97
Trd, 4319869.793, 96
Trd, 4319870.743, 95
Trd, 4319871.393, 97
Trd, 4319872.643, 98
Trd, 4319873.093, 98
Trd, 4319876.393, 98
Trd, 4319876.743, 98
Trd, 4319878.543, 101
Trd, 4319879.243, 100
Trd, 4319880.693, 100
Trd, 4319881.243, 101
Trd, 4319883.693, 100
Trd, 4319887.143, 100
Trd, 4319887.793, 99
Trd, 4319888.543, 100
Trd, 4319890.843, 100
Trd, 4319893.643, 99
Trd, 4319894.893, 100
Trd, 4319896.543, 99
Trd, 4319904.193, 96
Trd, 4319904.343, 96
Trd, 4319904.993, 96
Trd, 4319905.193, 95
Trd, 4319908.693, 96
Trd, 4319909.693, 100
Trd, 4319910.393, 97
Trd, 4319911.693, 97
Trd, 4319914.143, 97
Trd, 4319915.443, 96
Trd, 4319915.843, 96
Trd, 4319918.743, 95
Trd, 4319920.293, 96
Trd, 4319922.293, 96
Trd, 4319922.793, 96
Trd, 4319924.143, 95
Trd, 4319924.643, 94
Trd, 4319926.343, 94
Trd, 4319928.393, 93
Trd, 4319928.593, 94
Trd, 4319930.593, 113
Trd, 4319930.643, 110
Trd, 4319931.593, 107
Trd, 4319932.193, 104
Trd, 4319934.243, 102
Trd, 4319937.093, 101
Trd, 4319937.343, 104
Trd, 4319937.643, 102
Trd, 4319938.593, 101
Trd, 4319943.293, 96
Trd, 4319943.443, 95
Trd, 4319944.943, 96
Trd, 4319945.393, 97
Trd, 4319946.293, 96
Trd, 4319948.193, 93
Trd, 4319948.543, 94
Trd, 4319950.093, 93
Trd, 4319952.393, 93
Trd, 4319952.693, 93
Trd, 4319953.393, 93
Trd, 4319955.543, 104
Trd, 4319957.893, 100
Trd, 4319960.243, 101
Trd, 4319960.593, 100
Trd, 4319961.943, 99
Trd, 4319963.143, 99
Trd, 4319963.743, 99
Trd, 4319966.193, 98
Trd, 4319967.843, 99
Trd, 4319969.743, 99
Trd, 4319969.843, 99
Trd, 4319972.393, 99
Trd, 4319973.943, 98
Trd, 4319974.093, 98
Trd, 4319976.543, 98
Trd, 4319977.093, 98
Trd, 4319979.343, 100
Trd, 4319981.643, 100
Trd, 4319982.343, 99
Trd, 4319983.443, 95
Trd, 4319986.193, 97
Trd, 4319987.293, 96
Trd, 4319988.493, 95
Trd, 4319989.793, 96
Trd, 4319990.593, 95
Trd, 4319994.693, 95
Trd, 4319995.843, 95
Trd, 4319995.943, 96
Trd, 4319997.043, 95
Trd, 4319998.643, 95
Trd, 4319999.543, 95
