Trd, 4317848.843, 97
Trd, 4317851.043, 93
Trd, 4317851.193, 93
Trd, 4317852.443, 97
Trd, 4317853.943, 97
Trd, 4317857.443, 97
Trd, 4317858.193, 97
Trd, 4317858.893, 92
Trd, 4317859.993, 97
Trd, 4317862.643, 93
Trd, 4317864.293, 93
Trd, 4317867.143, 93
Trd, 4317867.593, 92
Trd, 4317868.243, 113
Trd, 4317869.293, 97
Trd, 4317870.393, 96
Trd, 4317871.793, 95
Trd, 4317872.143, 96
Trd, 4317872.893, 81
Trd, 4317873.293, 84
Trd, 4317874.493, 86
Trd, 4317876.293, 84
Trd, 4317876.843, 86
Trd, 4317877.643, 86
Trd, 4317878.843, 113
Trd, 4317881.043, 96
Trd, 4317882.543, 97
Trd, 4317883.743, 80
Trd, 4317884.293, 113
Trd, 4317885.193, 94
Trd, 4317886.943, 94
Trd, 4317887.443, 95
Trd, 4317889.093, 91
Trd, 4317890.893, 79
Trd, 4317892.043, 92
Trd, 4317893.943, 92
Trd, 4317894.543, 92
Trd, 4317896.143, 118
Trd, 4317896.393, 111
Trd, 4317898.093, 102
Trd, 4317901.193, 91
Trd, 4317901.343, 93
Trd, 4317901.443, 94
Trd, 4317902.193, 93
Trd, 4317904.343, 88
Trd, 4317904.643, 109
Trd, 4317905.293, 96
Trd, 4317910.743, 91
Trd, 4317912.843, 93
Trd, 4317914.993, 90
Trd, 4317916.043, 92
Trd, 4317916.893, 89
Trd, 4317917.493, 92
Trd, 4317919.343, 92
Trd, 4317920.493, 89
Trd, 4317925.493, 92
Trd, 4317925.593, 92
Trd, 4317927.243, 93
Trd, 4317928.443, 94
Trd, 4317929.393, 122
Trd, 4317929.843, 85
Trd, 4317930.393, 102
Trd, 4317931.593, 98
Trd, 4317933.943, 97
Trd, 4317934.293, 110
Trd, 4317937.293, 102
Trd, 4317937.693, 100
Trd, 4317940.343, 100
Trd, 4317941.293, 99
Trd, 4317941.743, 98
Trd, 4317942.843, 99
Trd, 4317944.743, 97
Trd, 4317945.043, 99
Trd, 4317946.143, 100
Trd, 4317949.193, 97
Trd, 4317949.943, 104
Trd, 4317951.043, 97
Trd, 4317951.943, 110
Trd, 4317952.743, 108
Trd, 4317953.793, 103
Trd, 4317955.693, 89
Trd, 4317956.393, 94
Trd, 4317957.643, 108
Trd, 4317959.293, 96
Trd, 4317959.743, 97
Trd, 4317961.043, 97
Trd, 4317962.093, 95
Trd, 4317962.693, 98
Trd, 4317965.743, 95
Trd, 4317966.493, 97
Trd, 4317966.843, 96
Trd, 4317967.843, 92
Trd, 4317969.043, 95
Trd, 4317970.543, 93
Trd, 4317971.793, 94
Trd, 4317972.043, 114
Trd, 4317972.493, 97
Trd, 4317974.843, 95
Trd, 4317978.293, 93
Trd, 4317978.993, 94
Trd, 4317981.743, 95
Trd, 4317982.743, 96
Trd, 4317984.593, 100
Trd, 4317987.193, 92
Trd, 4317988.043, 86
Trd, 4317989.143, 97
Trd, 4317992.193, 92
Trd, 4317992.893, 93
Trd, 4317994.643, 110
Trd, 4317996.293, 98
Trd, 4317996.493, 98
Trd, 4318000.093, 96
Trd, 4318000.643, 99
Trd, 4318000.793, 99
Trd, 4318002.043, 113
Trd, 4318003.293, 96
Trd, 4318005.743, 100
Trd, 4318007.543, 99
Trd, 4318008.293, 95
Trd, 4318010.643, 99
Trd, 4318011.843, 99
Trd, 4318015.143, 97
Trd, 4318016.893, 94
Trd, 4318017.643, 93
Trd, 4318020.593, 97
Trd, 4318023.593, 95
Trd, 4318023.693, 94
Trd, 4318024.393, 96
Trd, 4318024.743, 95
Trd, 4318028.093, 95
Trd, 4318028.993, 94
Trd, 4318031.193, 94
Trd, 4318032.493, 94
Trd, 4318033.493, 92
Trd, 4318033.943, 94
Trd, 4318035.093, 93
Trd, 4318035.493, 92
Trd, 4318036.693, 107
Trd, 4318037.693, 100
Trd, 4318038.893, 103
Trd, 4318039.943, 99
Trd, 4318041.193, 101
Trd, 4318042.593, 102
Trd, 4318043.593, 105
Trd, 4318045.343, 103
Trd, 4318046.293, 113
Trd, 4318047.543, 108
Trd, 4318047.893, 104
Trd, 4318048.643, 103
Trd, 4318049.193, 105
Trd, 4318050.193, 101
Trd, 4318051.593, 100
Trd, 4318053.443, 85
Trd, 4318053.543, 99
Trd, 4318059.093, 97
Trd, 4318060.693, 95
Trd, 4318062.393, 89
Trd, 4318064.593, 90
Trd, 4318065.593, 94
Trd, 4318068.593, 94
Trd, 4318069.443, 94
Trd, 4318070.543, 93
Trd, 4318074.443, 92
Trd, 4318075.843, 91
Trd, 4318078.493, 92
Trd, 4318080.343, 93
Trd, 4318081.493, 92
Trd, 4318081.943, 107
Trd, 4318083.043, 97
Trd, 4318083.693, 108
Trd, 4318085.793, 100
Trd, 4318086.593, 85
Trd, 4318087.293, 113
Trd, 4318090.493, 95
Trd, 4318093.343, 97
Trd, 4318095.943, 97
Trd, 4318097.143, 97
Trd, 4318099.243, 97
Trd, 4318100.893, 93
Trd, 4318102.793, 97
Trd, 4318102.943, 92
Trd, 4318104.143, 96
Trd, 4318105.243, 91
Trd, 4318106.993, 96
Trd, 4318110.343, 95
Trd, 4318112.643, 94
Trd, 4318112.793, 93
Trd, 4318115.693, 94
Trd, 4318115.893, 94
Trd, 4318116.443, 93
Trd, 4318117.043, 113
Trd, 4318117.293, 91
Trd, 4318120.943, 93
Trd, 4318121.593, 90
Trd, 4318122.143, 92
Trd, 4318126.443, 93
Trd, 4318126.593, 97
Trd, 4318126.793, 94
Trd, 4318129.243, 113
Trd, 4318129.293, 103
Trd, 4318130.043, 100
Trd, 4318133.593, 95
Trd, 4318134.193, 104
Trd, 4318134.393, 99
Trd, 4318134.543, 85
Trd, 4318135.843, 99
Trd, 4318136.793, 113
Trd, 4318137.393, 97
Trd, 4318139.793, 95
Trd, 4318141.293, 95
Trd, 4318141.893, 98
Trd, 4318142.993, 98
Trd, 4318145.793, 93
Trd, 4318146.243, 96
Trd, 4318148.243, 100
Trd, 4318149.093, 99
Trd, 4318149.693, 85
Trd, 4318149.793, 98
Trd, 4318150.643, 112
Trd, 4318152.343, 103
Trd, 4318153.693, 103
Trd, 4318155.493, 101
Trd, 4318158.043, 100
Trd, 4318158.643, 104
Trd, 4318161.943, 94
Trd, 4318162.743, 76
Trd, 4318164.343, 92
Trd, 4318164.793, 92
Trd, 4318166.593, 92
Trd, 4318167.743, 106
Trd, 4318168.543, 91
Trd, 4318169.043, 94
Trd, 4318169.493, 94
Trd, 4318172.743, 94
Trd, 4318174.243, 104
Trd, 4318175.293, 98
Trd, 4318176.543, 98
Trd, 4318176.943, 98
Trd, 4318177.693, 97
Trd, 4318179.643, 106
Trd, 4318180.143, 105
Trd, 4318182.393, 105
Trd, 4318183.893, 99
Trd, 4318185.093, 94
Trd, 4318185.343, 87
Trd, 4318185.443, 94
Trd, 4318186.893, 93
Trd, 4318186.943, 85
Trd, 4318189.143, 93
Trd, 4318191.293, 93
Trd, 4318193.393, 93
Trd, 4318195.393, 92
Trd, 4318196.343, 89
Trd, 4318198.693, 92
Trd, 4318201.393, 89
Trd, 4318201.943, 91
Trd, 4318203.943, 91
Trd, 4318205.093, 91
Trd, 4318205.793, 113
Trd, 4318207.743, 95
Trd, 4318208.593, 88
Trd, 4318208.943, 97
Trd, 4318210.393, 106
Trd, 4318211.493, 100
Trd, 4318212.893, 98
Trd, 4318213.043, 85
Trd, 4318213.393, 111
Trd, 4318216.193, 93
Trd, 4318216.743, 99
Trd, 4318219.943, 96
Trd, 4318220.893, 99
Trd, 4318224.193, 95
Trd, 4318227.193, 95
Trd, 4318227.943, 94
Trd, 4318228.343, 95
Trd, 4318228.893, 96
Trd, 4318229.693, 101
Trd, 4318231.243, 101
Trd, 4318232.993, 101
Trd, 4318233.193, 85
Trd, 4318236.093, 94
Trd, 4318237.293, 93
Trd, 4318237.493, 91
Trd, 4318238.243, 93
Trd, 4318239.343, 110
Trd, 4318240.143, 96
Trd, 4318241.993, 96
Trd, 4318242.593, 95
Trd, 4318245.493, 97
Trd, 4318248.593, 95
Trd, 4318250.143, 94
Trd, 4318253.343, 94
Trd, 4318253.443, 93
Trd, 4318256.393, 89
Trd, 4318256.643, 91
Trd, 4318258.643, 90
Trd, 4318258.693, 90
Trd, 4318259.843, 90
Trd, 4318260.593, 85
Trd, 4318261.693, 99
Trd, 4318263.743, 115
Trd, 4318265.193, 84
Trd, 4318265.693, 113
Trd, 4318271.943, 98
Trd, 4318272.243, 93
Trd, 4318273.993, 99
Trd, 4318274.893, 97
Trd, 4318275.493, 95
Trd, 4318276.293, 97
Trd, 4318278.393, 95
Trd, 4318280.593, 97
Trd, 4318281.493, 83
Trd, 4318282.393, 103
Trd, 4318282.993, 104
Trd, 4318283.493, 98
Trd, 4318284.893, 100
Trd, 4318285.743, 98
Trd, 4318287.193, 104
Trd, 4318287.293, 113
Trd, 4318287.993, 85
Trd, 4318289.993, 116
Trd, 4318291.793, 102
Trd, 4318291.993, 99
Trd, 4318295.943, 97
Trd, 4318296.693, 100
Trd, 4318297.043, 102
Trd, 4318297.293, 92
Trd, 4318299.343, 96
Trd, 4318301.293, 93
Trd, 4318307.193, 93
Trd, 4318307.793, 96
Trd, 4318308.393, 96
Trd, 4318313.293, 96
Trd, 4318316.493, 96
Trd, 4318316.943, 95
Trd, 4318317.793, 93
Trd, 4318320.393, 92
Trd, 4318321.043, 95
Trd, 4318321.493, 96
Trd, 4318324.693, 95
Trd, 4318327.143, 91
Trd, 4318328.543, 95
Trd, 4318328.743, 95
Trd, 4318330.943, 96
Trd, 4318331.693, 104
Trd, 4318332.643, 96
Trd, 4318333.543, 96
Trd, 4318334.293, 113
Trd, 4318335.593, 95
Trd, 4318338.143, 96
Trd, 4318338.243, 99
Trd, 4318339.743, 94
Trd, 4318340.643, 95
Trd, 4318341.543, 93
Trd, 4318344.093, 92
Trd, 4318344.443, 94
Trd, 4318345.993, 94
Trd, 4318346.043, 113
Trd, 4318350.193, 93
Trd, 4318351.693, 102
Trd, 4318352.893, 103
Trd, 4318353.243, 102
Trd, 4318355.343, 101
Trd, 4318357.243, 102
Trd, 4318359.143, 100
Trd, 4318360.993, 103
Trd, 4318361.943, 101
Trd, 4318362.493, 98
Trd, 4318362.743, 109
Trd, 4318363.843, 100
Trd, 4318366.193, 98
Trd, 4318367.943, 93
Trd, 4318368.193, 85
Trd, 4318368.293, 91
Trd, 4318368.943, 97
Trd, 4318369.793, 102
Trd, 4318370.043, 104
Trd, 4318378.593, 98
Trd, 4318378.743, 98
Trd, 4318381.743, 97
Trd, 4318382.693, 96
Trd, 4318382.993, 98
Trd, 4318383.793, 98
Trd, 4318384.993, 98
Trd, 4318385.293, 99
Trd, 4318386.493, 96
Trd, 4318390.743, 98
Trd, 4318392.543, 98
Trd, 4318392.693, 95
Trd, 4318394.393, 98
Trd, 4318396.793, 95
Trd, 4318397.493, 84
Trd, 4318398.043, 87
Trd, 4318399.143, 92
Trd, 4318400.393, 91
Trd, 4318401.743, 90
Trd, 4318402.843, 90
Trd, 4318403.343, 90
Trd, 4318405.243, 90
Trd, 4318406.743, 110
Trd, 4318407.243, 94
Trd, 4318408.393, 98
Trd, 4318408.593, 99
Trd, 4318410.443, 98
Trd, 4318410.943, 96
Trd, 4318411.143, 113
Trd, 4318413.193, 102
Trd, 4318414.493, 101
Trd, 4318414.793, 113
Trd, 4318415.143, 104
Trd, 4318416.893, 85
Trd, 4318417.243, 99
Trd, 4318418.993, 99
Trd, 4318420.843, 99
Trd, 4318423.393, 99
Trd, 4318424.743, 96
Trd, 4318428.343, 98
Trd, 4318428.543, 99
Trd, 4318428.843, 99
Trd, 4318430.843, 95
Trd, 4318431.293, 106
Trd, 4318431.543, 110
Trd, 4318432.993, 102
Trd, 4318434.243, 101
Trd, 4318435.593, 102
Trd, 4318437.143, 85
Trd, 4318437.443, 102
Trd, 4318437.843, 111
Trd, 4318438.893, 95
Trd, 4318443.343, 102
Trd, 4318443.443, 112
Trd, 4318446.493, 100
Trd, 4318447.193, 104
Trd, 4318448.693, 105
Trd, 4318448.793, 98
Trd, 4318450.843, 104
Trd, 4318453.993, 102
Trd, 4318454.443, 102
Trd, 4318455.893, 101
Trd, 4318456.343, 102
Trd, 4318457.993, 100
Trd, 4318459.193, 100
Trd, 4318459.443, 97
Trd, 4318460.243, 97
Trd, 4318461.193, 113
Trd, 4318461.643, 96
Trd, 4318463.343, 96
Trd, 4318464.343, 94
Trd, 4318466.143, 95
Trd, 4318466.943, 95
Trd, 4318468.343, 92
Trd, 4318468.443, 91
Trd, 4318468.543, 85
Trd, 4318468.993, 92
Trd, 4318471.243, 113
Trd, 4318472.443, 101
Trd, 4318475.193, 102
Trd, 4318476.793, 102
Trd, 4318476.993, 100
Trd, 4318478.993, 99
Trd, 4318480.393, 93
Trd, 4318481.043, 81
Trd, 4318482.343, 92
Trd, 4318482.793, 91
Trd, 4318483.293, 91
Trd, 4318484.743, 92
Trd, 4318487.043, 92
Trd, 4318489.593, 92
Trd, 4318490.443, 105
Trd, 4318492.143, 90
Trd, 4318492.643, 93
Trd, 4318492.743, 95
Trd, 4318496.543, 95
Trd, 4318497.693, 95
Trd, 4318499.293, 96
Trd, 4318499.493, 108
Trd, 4318500.543, 99
Trd, 4318503.693, 101
Trd, 4318505.893, 98
Trd, 4318506.043, 98
Trd, 4318506.793, 85
Trd, 4318510.493, 93
Trd, 4318511.243, 94
Trd, 4318512.243, 95
Trd, 4318514.393, 94
Trd, 4318515.343, 101
Trd, 4318516.793, 100
Trd, 4318519.143, 95
Trd, 4318519.793, 99
Trd, 4318521.543, 93
Trd, 4318521.843, 94
Trd, 4318523.043, 93
Trd, 4318523.443, 104
Trd, 4318526.443, 95
Trd, 4318527.393, 94
Trd, 4318529.493, 96
Trd, 4318529.793, 93
Trd, 4318532.143, 93
Trd, 4318532.243, 94
Trd, 4318533.943, 106
Trd, 4318534.893, 107
Trd, 4318535.443, 98
Trd, 4318536.243, 100
Trd, 4318537.643, 100
Trd, 4318539.343, 109
Trd, 4318540.593, 101
Trd, 4318541.493, 101
Trd, 4318541.693, 85
Trd, 4318543.543, 96
Trd, 4318544.393, 100
Trd, 4318545.843, 76
Trd, 4318548.893, 92
Trd, 4318549.543, 113
Trd, 4318550.393, 96
Trd, 4318550.943, 97
Trd, 4318552.893, 91
Trd, 4318554.043, 94
Trd, 4318555.493, 93
Trd, 4318556.593, 93
Trd, 4318556.993, 88
Trd, 4318559.643, 93
Trd, 4318562.443, 93
Trd, 4318563.943, 90
Trd, 4318564.493, 93
Trd, 4318564.643, 113
Trd, 4318565.243, 97
Trd, 4318566.943, 98
Trd, 4318567.643, 113
Trd, 4318569.443, 102
Trd, 4318569.693, 101
Trd, 4318570.293, 99
Trd, 4318572.243, 99
Trd, 4318574.693, 98
Trd, 4318575.693, 99
Trd, 4318577.943, 97
Trd, 4318580.043, 96
Trd, 4318580.893, 118
Trd, 4318582.343, 100
Trd, 4318583.093, 99
Trd, 4318584.493, 95
Trd, 4318585.993, 98
Trd, 4318587.343, 101
Trd, 4318588.143, 105
Trd, 4318589.393, 114
Trd, 4318589.543, 102
Trd, 4318591.493, 102
Trd, 4318592.743, 102
Trd, 4318594.293, 100
Trd, 4318594.593, 102
Trd, 4318596.693, 100
Trd, 4318597.743, 99
Trd, 4318598.343, 100
Trd, 4318599.043, 100
Trd, 4318601.443, 99
Trd, 4318601.993, 98
Trd, 4318602.193, 97
Trd, 4318603.243, 101
Trd, 4318603.893, 98
Trd, 4318604.543, 99
Trd, 4318608.743, 98
Trd, 4318609.743, 97
Trd, 4318610.343, 98
Trd, 4318611.143, 94
Trd, 4318612.743, 89
Trd, 4318612.793, 98
Trd, 4318614.293, 96
Trd, 4318614.493, 96
Trd, 4318614.643, 99
Trd, 4318615.893, 90
Trd, 4318619.293, 91
Trd, 4318619.743, 95
Trd, 4318619.943, 95
Trd, 4318620.793, 95
Trd, 4318623.143, 110
Trd, 4318624.943, 102
Trd, 4318625.543, 132
Trd, 4318626.243, 97
Trd, 4318627.193, 85
Trd, 4318628.143, 97
Trd, 4318630.493, 98
Trd, 4318632.493, 86
Trd, 4318634.093, 96
Trd, 4318635.243, 96
Trd, 4318640.093, 93
Trd, 4318641.443, 79
Trd, 4318641.493, 90
Trd, 4318641.843, 92
Trd, 4318642.743, 114
Trd, 4318646.493, 92
Trd, 4318647.043, 97
Trd, 4318647.843, 127
Trd, 4318649.193, 109
Trd, 4318649.993, 101
Trd, 4318652.443, 103
Trd, 4318654.093, 102
Trd, 4318654.943, 104
Trd, 4318656.993, 101
Trd, 4318658.643, 103
Trd, 4318659.793, 85
Trd, 4318660.243, 96
Trd, 4318660.543, 92
Trd, 4318661.493, 113
Trd, 4318663.893, 77
Trd, 4318663.993, 89
Trd, 4318665.243, 89
Trd, 4318665.593, 113
Trd, 4318666.193, 95
Trd, 4318666.593, 124
Trd, 4318667.343, 110
Trd, 4318668.993, 94
Trd, 4318670.943, 102
Trd, 4318675.093, 97
Trd, 4318675.143, 89
Trd, 4318676.093, 101
Trd, 4318677.893, 98
Trd, 4318680.143, 99
Trd, 4318682.743, 98
Trd, 4318683.693, 95
Trd, 4318685.343, 98
Trd, 4318687.443, 96
Trd, 4318689.493, 95
Trd, 4318689.793, 96
Trd, 4318689.893, 97
Trd, 4318692.943, 97
Trd, 4318695.243, 96
Trd, 4318696.343, 93
Trd, 4318698.143, 96
Trd, 4318698.343, 96
Trd, 4318704.043, 92
Trd, 4318705.743, 96
Trd, 4318706.793, 96
Trd, 4318708.193, 96
Trd, 4318708.293, 114
Trd, 4318709.943, 92
Trd, 4318710.643, 101
Trd, 4318712.143, 88
Trd, 4318712.393, 94
Trd, 4318713.893, 93
Trd, 4318717.243, 93
Trd, 4318718.343, 92
Trd, 4318719.943, 93
Trd, 4318721.093, 93
Trd, 4318721.943, 94
Trd, 4318722.293, 94
Trd, 4318724.893, 109
Trd, 4318725.143, 113
Trd, 4318725.543, 101
Trd, 4318726.343, 91
Trd, 4318729.593, 95
Trd, 4318730.893, 94
Trd, 4318730.943, 85
Trd, 4318732.193, 93
Trd, 4318732.893, 88
Trd, 4318735.693, 92
Trd, 4318736.443, 92
Trd, 4318738.793, 91
Trd, 4318738.943, 91
Trd, 4318741.693, 89
Trd, 4318741.943, 89
Trd, 4318742.143, 117
Trd, 4318742.993, 94
Trd, 4318744.143, 96
Trd, 4318747.343, 89
Trd, 4318748.043, 85
Trd, 4318749.643, 90
Trd, 4318750.593, 91
Trd, 4318750.843, 113
Trd, 4318753.043, 97
Trd, 4318753.393, 94
Trd, 4318755.293, 96
Trd, 4318756.493, 98
Trd, 4318756.893, 93
Trd, 4318759.093, 97
Trd, 4318759.493, 104
Trd, 4318759.943, 92
Trd, 4318761.493, 102
Trd, 4318764.293, 100
Trd, 4318764.443, 99
Trd, 4318765.143, 102
Trd, 4318766.593, 97
Trd, 4318770.493, 92
Trd, 4318771.543, 92
Trd, 4318771.743, 92
Trd, 4318773.743, 91
Trd, 4318775.043, 92
Trd, 4318776.843, 86
Trd, 4318778.943, 87
Trd, 4318779.943, 87
Trd, 4318780.943, 90
Trd, 4318781.143, 85
Trd, 4318781.643, 87
Trd, 4318782.093, 98
Trd, 4318784.093, 92
Trd, 4318785.443, 88
Trd, 4318787.943, 89
Trd, 4318788.193, 85
Trd, 4318789.243, 88
Trd, 4318792.793, 86
Trd, 4318795.693, 86
Trd, 4318796.043, 85
Trd, 4318797.193, 87
Trd, 4318799.843, 86
Trd, 4318800.393, 88
Trd, 4318801.593, 85
Trd, 4318804.143, 87
Trd, 4318805.193, 85
Trd, 4318806.893, 87
Trd, 4318807.593, 87
Trd, 4318808.693, 88
Trd, 4318809.843, 88
Trd, 4318810.793, 84
Trd, 4318813.243, 88
Trd, 4318815.493, 96
Trd, 4318815.643, 96
Trd, 4318816.343, 93
Trd, 4318816.843, 106
Trd, 4318819.493, 93
Trd, 4318820.293, 93
Trd, 4318821.093, 93
Trd, 4318822.693, 93
Trd, 4318823.143, 93
Trd, 4318824.293, 97
Trd, 4318824.643, 101
Trd, 4318824.943, 96
Trd, 4318824.993, 97
Trd, 4318828.693, 99
Trd, 4318831.443, 96
Trd, 4318832.693, 96
Trd, 4318834.393, 94
Trd, 4318836.043, 96
Trd, 4318836.593, 96
Trd, 4318839.043, 96
Trd, 4318839.593, 93
Trd, 4318841.543, 99
Trd, 4318841.743, 103
Trd, 4318843.343, 102
Trd, 4318844.493, 85
Trd, 4318844.643, 113
Trd, 4318844.993, 96
Trd, 4318846.843, 96
Trd, 4318848.493, 99
Trd, 4318850.293, 97
Trd, 4318850.893, 98
Trd, 4318852.143, 93
Trd, 4318854.443, 98
Trd, 4318854.843, 97
Trd, 4318855.543, 95
Trd, 4318859.043, 94
Trd, 4318859.093, 90
Trd, 4318860.793, 93
Trd, 4318861.393, 94
Trd, 4318863.593, 98
Trd, 4318868.143, 103
Trd, 4318869.643, 104
Trd, 4318869.693, 103
Trd, 4318871.943, 98
Trd, 4318873.443, 98
Trd, 4318874.593, 98
Trd, 4318875.543, 98
Trd, 4318877.893, 95
Trd, 4318879.393, 94
Trd, 4318880.543, 94
Trd, 4318882.743, 93
Trd, 4318883.543, 85
Trd, 4318886.293, 89
Trd, 4318886.893, 93
Trd, 4318888.143, 93
Trd, 4318888.943, 93
Trd, 4318893.643, 93
Trd, 4318893.793, 90
Trd, 4318895.143, 92
Trd, 4318896.143, 89
Trd, 4318896.543, 92
Trd, 4318897.393, 92
Trd, 4318900.543, 88
Trd, 4318901.393, 92
Trd, 4318901.643, 92
Trd, 4318904.393, 92
Trd, 4318904.993, 92
Trd, 4318907.043, 101
Trd, 4318907.093, 100
Trd, 4318908.693, 97
Trd, 4318909.043, 98
Trd, 4318911.493, 87
Trd, 4318911.793, 85
Trd, 4318913.543, 86
Trd, 4318916.643, 87
Trd, 4318917.043, 113
Trd, 4318919.143, 103
Trd, 4318920.243, 104
Trd, 4318920.293, 103
Trd, 4318921.893, 97
Trd, 4318922.743, 97
Trd, 4318922.993, 113
Trd, 4318926.043, 99
Trd, 4318927.143, 96
Trd, 4318927.993, 85
Trd, 4318929.293, 96
Trd, 4318930.043, 96
Trd, 4318931.793, 94
Trd, 4318932.593, 97
Trd, 4318933.993, 113
Trd, 4318934.593, 113
Trd, 4318936.043, 100
Trd, 4318936.793, 102
Trd, 4318939.943, 102
Trd, 4318942.993, 99
Trd, 4318944.543, 102
Trd, 4318946.393, 101
Trd, 4318947.393, 101
Trd, 4318949.093, 98
Trd, 4318949.643, 97
Trd, 4318951.193, 99
Trd, 4318954.743, 96
Trd, 4318957.643, 98
Trd, 4318961.543, 97
Trd, 4318963.743, 97
Trd, 4318965.743, 97
Trd, 4318965.843, 97
Trd, 4318967.393, 96
Trd, 4318969.893, 96
Trd, 4318970.743, 94
Trd, 4318971.843, 95
Trd, 4318972.393, 95
Trd, 4318972.893, 93
Trd, 4318974.893, 113
Trd, 4318975.693, 96
Trd, 4318975.943, 101
Trd, 4318979.293, 94
Trd, 4318979.643, 97
Trd, 4318980.543, 96
Trd, 4318981.593, 96
Trd, 4318984.043, 96
Trd, 4318984.893, 96
Trd, 4318986.893, 97
Trd, 4318987.593, 97
Trd, 4318988.743, 97
Trd, 4318989.043, 113
Trd, 4318989.093, 95
Trd, 4318990.093, 105
Trd, 4318991.643, 101
Trd, 4318994.393, 97
Trd, 4318994.893, 96
Trd, 4318996.293, 85
Trd, 4318997.993, 92
Trd, 4318999.543, 92
Trd, 4319000.493, 92
Trd, 4319002.293, 92
Trd, 4319003.193, 99
Trd, 4319003.793, 97
Trd, 4319006.743, 94
Trd, 4319006.843, 93
Trd, 4319008.093, 85
Trd, 4319010.693, 93
Trd, 4319010.893, 93
Trd, 4319012.293, 98
Trd, 4319012.793, 96
Trd, 4319015.093, 94
Trd, 4319015.993, 94
Trd, 4319018.643, 101
Trd, 4319019.193, 102
Trd, 4319021.193, 102
Trd, 4319024.393, 100
Trd, 4319024.493, 102
Trd, 4319025.593, 85
Trd, 4319026.343, 100
Trd, 4319027.193, 111
Trd, 4319028.893, 99
Trd, 4319031.293, 104
Trd, 4319033.843, 101
Trd, 4319035.893, 99
Trd, 4319036.543, 102
Trd, 4319039.343, 97
Trd, 4319041.743, 95
Trd, 4319042.593, 94
Trd, 4319044.043, 106
Trd, 4319044.293, 97
Trd, 4319044.543, 97
Trd, 4319046.743, 84
Trd, 4319047.343, 107
Trd, 4319047.793, 98
Trd, 4319051.343, 100
Trd, 4319051.743, 99
Trd, 4319054.343, 100
Trd, 4319056.493, 99
Trd, 4319057.393, 98
Trd, 4319057.593, 97
Trd, 4319057.893, 113
Trd, 4319060.243, 95
Trd, 4319061.593, 85
Trd, 4319064.543, 98
Trd, 4319064.943, 99
Trd, 4319068.093, 108
Trd, 4319068.393, 103
Trd, 4319069.343, 102
Trd, 4319070.993, 99
Trd, 4319071.193, 99
Trd, 4319071.843, 99
Trd, 4319075.093, 96
Trd, 4319075.743, 108
Trd, 4319078.393, 97
Trd, 4319079.393, 96
Trd, 4319079.643, 82
Trd, 4319082.493, 90
Trd, 4319084.743, 92
Trd, 4319085.693, 90
Trd, 4319085.743, 113
Trd, 4319087.443, 97
Trd, 4319088.493, 92
Trd, 4319089.643, 94
Trd, 4319091.493, 94
Trd, 4319093.293, 93
Trd, 4319093.893, 94
Trd, 4319096.143, 94
Trd, 4319098.143, 100
Trd, 4319098.343, 105
Trd, 4319099.443, 92
Trd, 4319101.693, 95
Trd, 4319102.043, 94
Trd, 4319103.693, 104
Trd, 4319104.093, 99
Trd, 4319105.343, 98
Trd, 4319106.793, 85
Trd, 4319108.943, 96
Trd, 4319111.793, 96
Trd, 4319114.093, 93
Trd, 4319114.443, 96
Trd, 4319117.043, 96
Trd, 4319117.743, 96
Trd, 4319119.043, 92
Trd, 4319122.393, 88
Trd, 4319122.793, 88
Trd, 4319122.943, 90
Trd, 4319125.593, 85
Trd, 4319126.093, 89
Trd, 4319126.193, 89
Trd, 4319128.193, 91
Trd, 4319130.193, 91
Trd, 4319130.793, 98
Trd, 4319130.893, 76
Trd, 4319131.943, 106
Trd, 4319137.593, 94
Trd, 4319137.843, 97
Trd, 4319138.893, 97
Trd, 4319139.693, 97
Trd, 4319140.093, 95
Trd, 4319142.993, 93
Trd, 4319147.093, 93
Trd, 4319147.293, 93
Trd, 4319148.743, 93
Trd, 4319148.843, 110
Trd, 4319150.293, 92
Trd, 4319153.543, 92
Trd, 4319154.993, 95
Trd, 4319156.493, 95
Trd, 4319156.643, 95
Trd, 4319156.843, 93
Trd, 4319157.543, 93
Trd, 4319160.993, 94
Trd, 4319161.093, 95
Trd, 4319162.543, 94
Trd, 4319166.043, 93
Trd, 4319167.093, 94
Trd, 4319167.443, 95
Trd, 4319168.143, 92
Trd, 4319172.093, 89
Trd, 4319172.743, 93
Trd, 4319174.543, 92
Trd, 4319175.543, 108
Trd, 4319176.593, 107
Trd, 4319177.943, 98
Trd, 4319178.593, 98
Trd, 4319180.743, 76
Trd, 4319182.843, 95
Trd, 4319183.043, 91
Trd, 4319183.493, 99
Trd, 4319186.693, 100
Trd, 4319188.093, 100
Trd, 4319188.743, 99
Trd, 4319189.343, 84
Trd, 4319192.693, 94
Trd, 4319195.693, 97
Trd, 4319198.293, 96
Trd, 4319200.543, 94
Trd, 4319203.393, 94
Trd, 4319205.543, 93
Trd, 4319206.893, 94
Trd, 4319207.893, 98
Trd, 4319208.443, 98
Trd, 4319210.143, 98
Trd, 4319212.743, 85
Trd, 4319215.493, 96
Trd, 4319215.843, 97
Trd, 4319216.443, 97
Trd, 4319216.893, 98
Trd, 4319219.993, 95
Trd, 4319223.243, 97
Trd, 4319224.743, 96
Trd, 4319225.393, 97
Trd, 4319225.643, 94
Trd, 4319227.543, 97
Trd, 4319228.693, 93
Trd, 4319230.343, 113
Trd, 4319231.893, 100
Trd, 4319235.443, 99
Trd, 4319235.493, 93
Trd, 4319238.443, 97
Trd, 4319241.343, 97
Trd, 4319242.943, 94
Trd, 4319243.293, 96
Trd, 4319243.493, 98
Trd, 4319245.493, 98
Trd, 4319248.093, 94
Trd, 4319249.393, 98
Trd, 4319251.093, 97
Trd, 4319252.343, 96
Trd, 4319253.143, 94
Trd, 4319255.343, 96
Trd, 4319255.693, 96
Trd, 4319256.793, 96
Trd, 4319256.843, 95
Trd, 4319259.893, 94
Trd, 4319261.293, 95
Trd, 4319263.843, 98
Trd, 4319264.093, 98
Trd, 4319265.693, 110
Trd, 4319266.193, 110
Trd, 4319266.393, 104
Trd, 4319268.593, 105
Trd, 4319269.643, 101
Trd, 4319272.243, 99
Trd, 4319275.093, 95
Trd, 4319275.493, 95
Trd, 4319277.693, 96
Trd, 4319278.693, 85
Trd, 4319279.843, 96
Trd, 4319282.293, 90
Trd, 4319285.243, 85
Trd, 4319286.193, 94
Trd, 4319288.593, 89
Trd, 4319289.843, 94
Trd, 4319290.143, 94
Trd, 4319290.393, 117
Trd, 4319291.643, 107
Trd, 4319292.593, 98
Trd, 4319294.643, 99
Trd, 4319295.943, 88
Trd, 4319296.143, 98
Trd, 4319296.193, 98
Trd, 4319299.743, 92
Trd, 4319301.793, 93
Trd, 4319301.993, 93
Trd, 4319302.343, 92
Trd, 4319302.393, 107
Trd, 4319306.343, 91
Trd, 4319306.793, 98
Trd, 4319308.193, 94
Trd, 4319308.693, 96
Trd, 4319308.843, 101
Trd, 4319309.293, 102
Trd, 4319311.393, 100
Trd, 4319312.443, 114
Trd, 4319313.393, 99
Trd, 4319314.493, 88
Trd, 4319318.543, 101
Trd, 4319318.743, 98
Trd, 4319320.543, 97
Trd, 4319323.343, 99
Trd, 4319325.143, 96
Trd, 4319325.443, 99
Trd, 4319325.693, 99
Trd, 4319327.743, 97
Trd, 4319331.093, 97
Trd, 4319333.343, 95
Trd, 4319338.943, 97
Trd, 4319339.193, 97
Trd, 4319341.793, 97
Trd, 4319342.793, 95
Trd, 4319343.343, 97
Trd, 4319343.843, 97
Trd, 4319345.143, 98
Trd, 4319348.143, 94
Trd, 4319350.643, 99
Trd, 4319352.043, 96
Trd, 4319353.493, 94
Trd, 4319354.143, 96
Trd, 4319355.443, 93
Trd, 4319355.493, 95
Trd, 4319355.693, 113
Trd, 4319358.343, 97
Trd, 4319359.793, 97
Trd, 4319361.843, 97
Trd, 4319361.993, 106
Trd, 4319364.643, 96
Trd, 4319367.293, 94
Trd, 4319368.693, 94
Trd, 4319369.093, 94
Trd, 4319372.493, 94
Trd, 4319374.593, 93
Trd, 4319376.193, 91
Trd, 4319376.593, 91
Trd, 4319378.193, 89
Trd, 4319378.343, 90
Trd, 4319378.493, 92
Trd, 4319381.743, 92
Trd, 4319383.293, 91
Trd, 4319383.893, 91
Trd, 4319384.093, 113
Trd, 4319384.693, 90
Trd, 4319387.943, 95
Trd, 4319388.193, 95
Trd, 4319391.343, 90
Trd, 4319391.593, 90
Trd, 4319392.493, 101
Trd, 4319393.193, 105
Trd, 4319396.093, 97
Trd, 4319396.793, 97
Trd, 4319398.743, 98
Trd, 4319400.543, 95
Trd, 4319400.643, 91
Trd, 4319402.643, 107
Trd, 4319402.993, 102
Trd, 4319404.443, 99
Trd, 4319406.043, 93
Trd, 4319406.093, 99
Trd, 4319407.343, 100
Trd, 4319407.993, 113
Trd, 4319410.943, 100
Trd, 4319412.893, 102
Trd, 4319415.143, 101
Trd, 4319415.693, 99
Trd, 4319415.793, 101
Trd, 4319417.343, 101
Trd, 4319417.543, 98
Trd, 4319421.893, 101
Trd, 4319422.543, 100
Trd, 4319422.893, 101
Trd, 4319422.993, 102
Trd, 4319423.893, 110
Trd, 4319425.893, 99
Trd, 4319426.643, 103
Trd, 4319427.443, 103
Trd, 4319428.493, 98
Trd, 4319431.943, 103
Trd, 4319432.843, 96
Trd, 4319434.843, 97
Trd, 4319435.493, 98
Trd, 4319435.793, 85
Trd, 4319436.293, 97
Trd, 4319437.193, 104
Trd, 4319438.193, 100
Trd, 4319439.593, 99
Trd, 4319440.893, 90
Trd, 4319441.243, 113
Trd, 4319441.543, 100
Trd, 4319444.043, 118
Trd, 4319448.993, 103
Trd, 4319449.093, 106
Trd, 4319451.593, 103
Trd, 4319452.343, 105
Trd, 4319452.643, 105
Trd, 4319453.293, 102
Trd, 4319455.243, 85
Trd, 4319457.543, 99
Trd, 4319460.993, 96
Trd, 4319461.493, 97
Trd, 4319461.893, 98
Trd, 4319462.543, 99
Trd, 4319464.243, 98
Trd, 4319464.943, 97
Trd, 4319467.043, 98
Trd, 4319468.993, 96
Trd, 4319470.543, 98
Trd, 4319470.593, 99
Trd, 4319472.593, 95
Trd, 4319472.743, 94
Trd, 4319473.193, 96
Trd, 4319478.093, 93
Trd, 4319478.843, 94
Trd, 4319480.693, 92
Trd, 4319481.143, 94
Trd, 4319481.393, 94
Trd, 4319482.243, 94
Trd, 4319482.893, 104
Trd, 4319483.293, 85
Trd, 4319485.843, 96
Trd, 4319489.793, 95
Trd, 4319490.793, 96
Trd, 4319492.843, 95
Trd, 4319493.243, 95
Trd, 4319493.493, 95
Trd, 4319495.593, 96
Trd, 4319496.143, 96
Trd, 4319497.393, 113
Trd, 4319499.243, 100
Trd, 4319500.643, 104
Trd, 4319502.643, 100
Trd, 4319503.343, 100
Trd, 4319503.593, 101
Trd, 4319504.493, 95
Trd, 4319505.293, 106
Trd, 4319507.493, 98
Trd, 4319509.043, 97
Trd, 4319509.343, 96
Trd, 4319510.043, 131
Trd, 4319511.443, 102
Trd, 4319513.093, 69
Trd, 4319513.343, 92
Trd, 4319514.043, 82
Trd, 4319516.443, 132
Trd, 4319520.343, 97
Trd, 4319521.693, 92
Trd, 4319522.593, 92
Trd, 4319522.643, 96
Trd, 4319523.593, 96
Trd, 4319527.693, 95
Trd, 4319528.193, 93
Trd, 4319529.843, 115
Trd, 4319531.243, 101
Trd, 4319531.793, 99
Trd, 4319533.993, 91
Trd, 4319534.493, 98
Trd, 4319537.093, 93
Trd, 4319537.143, 109
Trd, 4319537.393, 90
Trd, 4319539.093, 96
Trd, 4319542.293, 92
Trd, 4319543.493, 93
Trd, 4319544.243, 91
Trd, 4319547.243, 100
Trd, 4319547.343, 96
Trd, 4319547.643, 93
Trd, 4319548.793, 96
Trd, 4319550.293, 93
Trd, 4319550.343, 94
Trd, 4319553.843, 95
Trd, 4319554.443, 112
Trd, 4319555.243, 108
Trd, 4319556.043, 100
Trd, 4319557.193, 102
Trd, 4319557.593, 105
Trd, 4319558.793, 100
Trd, 4319559.693, 104
Trd, 4319561.293, 95
Trd, 4319561.943, 103
Trd, 4319565.743, 98
Trd, 4319566.493, 100
Trd, 4319569.043, 101
Trd, 4319570.193, 100
Trd, 4319571.743, 99
Trd, 4319572.943, 97
Trd, 4319574.193, 93
Trd, 4319577.243, 96
Trd, 4319578.143, 93
Trd, 4319579.343, 94
Trd, 4319579.493, 94
Trd, 4319580.393, 113
Trd, 4319581.843, 103
Trd, 4319583.193, 106
Trd, 4319585.243, 105
Trd, 4319585.843, 103
Trd, 4319588.643, 91
Trd, 4319589.443, 91
Trd, 4319591.243, 85
Trd, 4319592.243, 91
Trd, 4319592.643, 106
Trd, 4319594.593, 92
Trd, 4319595.393, 101
Trd, 4319596.943, 96
Trd, 4319598.893, 113
Trd, 4319599.193, 84
Trd, 4319601.043, 99
Trd, 4319602.293, 98
Trd, 4319606.543, 97
Trd, 4319606.693, 95
Trd, 4319608.793, 85
Trd, 4319609.543, 94
Trd, 4319609.893, 95
Trd, 4319610.343, 96
Trd, 4319612.543, 94
Trd, 4319614.343, 93
Trd, 4319615.893, 103
Trd, 4319616.393, 109
Trd, 4319617.193, 102
Trd, 4319618.743, 113
Trd, 4319622.343, 101
Trd, 4319622.393, 103
Trd, 4319622.543, 105
Trd, 4319623.993, 102
Trd, 4319624.643, 100
Trd, 4319626.993, 108
Trd, 4319627.593, 104
Trd, 4319628.493, 101
Trd, 4319629.693, 104
Trd, 4319630.243, 104
Trd, 4319631.743, 102
Trd, 4319632.893, 100
Trd, 4319633.543, 85
Trd, 4319634.743, 94
Trd, 4319638.393, 99
Trd, 4319642.893, 95
Trd, 4319643.043, 94
Trd, 4319643.343, 96
Trd, 4319643.993, 96
Trd, 4319646.493, 96
Trd, 4319647.443, 85
Trd, 4319647.593, 91
Trd, 4319649.943, 87
Trd, 4319650.893, 88
Trd, 4319652.693, 88
Trd, 4319653.643, 87
Trd, 4319655.243, 88
Trd, 4319657.193, 88
Trd, 4319658.193, 88
Trd, 4319660.143, 113
Trd, 4319661.393, 104
Trd, 4319662.543, 102
Trd, 4319662.793, 101
Trd, 4319664.843, 100
Trd, 4319666.443, 98
Trd, 4319667.843, 96
Trd, 4319669.043, 94
Trd, 4319671.143, 96
Trd, 4319672.593, 113
Trd, 4319673.493, 105
Trd, 4319674.393, 107
Trd, 4319677.543, 106
Trd, 4319678.093, 103
Trd, 4319678.543, 102
Trd, 4319678.693, 106
Trd, 4319680.693, 106
Trd, 4319681.693, 102
Trd, 4319685.143, 101
Trd, 4319685.293, 101
Trd, 4319686.243, 87
Trd, 4319688.243, 98
Trd, 4319690.043, 96
Trd, 4319692.093, 98
Trd, 4319692.493, 95
Trd, 4319692.943, 113
Trd, 4319692.993, 112
Trd, 4319696.543, 101
Trd, 4319697.243, 101
Trd, 4319698.893, 106
Trd, 4319702.893, 96
Trd, 4319703.193, 96
Trd, 4319704.343, 94
Trd, 4319710.843, 95
Trd, 4319711.143, 96
Trd, 4319712.143, 96
Trd, 4319712.643, 95
Trd, 4319714.743, 95
Trd, 4319716.793, 96
Trd, 4319719.343, 95
Trd, 4319720.243, 94
Trd, 4319720.643, 84
Trd, 4319721.143, 95
Trd, 4319724.193, 93
Trd, 4319724.493, 92
Trd, 4319725.293, 94
Trd, 4319725.643, 94
Trd, 4319727.343, 98
Trd, 4319728.443, 98
Trd, 4319729.793, 107
Trd, 4319730.343, 100
Trd, 4319732.093, 98
Trd, 4319732.443, 96
Trd, 4319733.293, 94
Trd, 4319733.943, 85
Trd, 4319735.293, 94
Trd, 4319735.643, 95
Trd, 4319736.343, 113
Trd, 4319736.393, 95
Trd, 4319737.543, 98
Trd, 4319739.693, 92
Trd, 4319742.143, 91
Trd, 4319743.793, 100
Trd, 4319745.193, 94
Trd, 4319745.493, 95
Trd, 4319746.243, 95
Trd, 4319746.843, 104
Trd, 4319748.243, 104
Trd, 4319749.743, 113
Trd, 4319753.543, 97
Trd, 4319753.943, 97
Trd, 4319755.493, 101
Trd, 4319757.793, 101
Trd, 4319758.393, 101
Trd, 4319760.943, 97
Trd, 4319761.993, 100
Trd, 4319765.393, 87
Trd, 4319766.393, 93
Trd, 4319766.543, 92
Trd, 4319768.043, 97
Trd, 4319770.643, 94
Trd, 4319772.393, 92
Trd, 4319773.793, 94
Trd, 4319774.543, 95
Trd, 4319775.043, 95
Trd, 4319775.993, 95
Trd, 4319776.893, 99
Trd, 4319778.893, 98
Trd, 4319778.943, 97
Trd, 4319779.143, 85
Trd, 4319779.843, 98
Trd, 4319780.493, 105
Trd, 4319781.843, 92
Trd, 4319783.343, 99
Trd, 4319783.893, 113
Trd, 4319784.393, 99
Trd, 4319788.493, 99
Trd, 4319790.843, 99
Trd, 4319791.793, 98
Trd, 4319794.593, 98
Trd, 4319795.343, 99
Trd, 4319796.793, 98
Trd, 4319798.943, 97
Trd, 4319800.493, 96
Trd, 4319803.793, 95
Trd, 4319804.793, 95
Trd, 4319805.843, 93
Trd, 4319806.693, 95
Trd, 4319807.193, 95
Trd, 4319810.193, 94
Trd, 4319811.143, 94
Trd, 4319811.443, 93
Trd, 4319815.693, 95
Trd, 4319816.593, 93
Trd, 4319817.293, 104
Trd, 4319817.643, 102
Trd, 4319819.943, 101
Trd, 4319820.993, 99
Trd, 4319821.243, 91
Trd, 4319823.843, 95
Trd, 4319824.243, 95
Trd, 4319824.993, 85
Trd, 4319827.493, 90
Trd, 4319828.643, 94
Trd, 4319830.043, 104
Trd, 4319830.543, 98
Trd, 4319833.343, 97
Trd, 4319834.843, 99
Trd, 4319835.393, 101
Trd, 4319837.043, 98
Trd, 4319838.143, 97
Trd, 4319838.443, 98
Trd, 4319839.793, 98
Trd, 4319840.393, 113
Trd, 4319842.493, 96
Trd, 4319843.243, 92
Trd, 4319846.693, 97
Trd, 4319850.043, 98
Trd, 4319851.143, 99
Trd, 4319851.943, 103
Trd, 4319854.093, 96
Trd, 4319854.293, 99
Trd, 4319854.343, 102
Trd, 4319855.243, 76
Trd, 4319856.193, 93
Trd, 4319857.893, 91
Trd, 4319858.543, 91
Trd, 4319859.243, 91
Trd, 4319861.643, 105
Trd, 4319862.243, 94
Trd, 4319864.593, 91
Trd, 4319866.143, 95
Trd, 4319866.393, 95
Trd, 4319867.943, 103
Trd, 4319869.243, 98
Trd, 4319869.693, 90
Trd, 4319870.793, 101
Trd, 4319870.943, 106
Trd, 4319873.593, 98
Trd, 4319874.593, 102
Trd, 4319876.543, 85
Trd, 4319880.543, 96
Trd, 4319881.693, 97
Trd, 4319883.393, 94
Trd, 4319885.743, 96
Trd, 4319886.543, 95
Trd, 4319889.443, 95
Trd, 4319894.043, 95
Trd, 4319897.143, 94
Trd, 4319897.293, 92
Trd, 4319898.043, 89
Trd, 4319898.543, 88
Trd, 4319898.993, 89
Trd, 4319903.543, 89
Trd, 4319903.793, 89
Trd, 4319903.893, 88
Trd, 4319904.943, 90
Trd, 4319905.393, 88
Trd, 4319908.943, 87
Trd, 4319909.343, 88
Trd, 4319910.143, 87
Trd, 4319912.193, 102
Trd, 4319914.343, 89
Trd, 4319917.243, 90
Trd, 4319919.443, 91
Trd, 4319919.993, 91
Trd, 4319922.293, 90
Trd, 4319923.893, 89
Trd, 4319924.343, 91
Trd, 4319925.943, 88
Trd, 4319929.643, 90
Trd, 4319930.143, 88
Trd, 4319932.743, 89
Trd, 4319933.793, 90
Trd, 4319934.843, 90
Trd, 4319936.143, 89
Trd, 4319937.993, 95
Trd, 4319938.143, 93
Trd, 4319939.193, 92
Trd, 4319940.843, 91
Trd, 4319942.093, 91
Trd, 4319942.193, 92
Trd, 4319943.743, 99
Trd, 4319944.843, 93
Trd, 4319945.643, 122
Trd, 4319947.643, 103
Trd, 4319947.943, 103
Trd, 4319948.393, 104
Trd, 4319948.493, 75
Trd, 4319953.393, 84
Trd, 4319953.793, 91
Trd, 4319954.043, 91
Trd, 4319957.893, 94
Trd, 4319958.343, 93
Trd, 4319959.693, 92
Trd, 4319959.993, 90
Trd, 4319960.343, 112
Trd, 4319962.043, 99
Trd, 4319962.993, 104
Trd, 4319965.143, 102
Trd, 4319965.243, 99
Trd, 4319966.593, 99
Trd, 4319968.343, 102
Trd, 4319970.843, 105
Trd, 4319972.493, 105
Trd, 4319973.193, 103
Trd, 4319973.693, 95
Trd, 4319975.493, 108
Trd, 4319976.243, 106
Trd, 4319977.943, 102
Trd, 4319978.193, 113
Trd, 4319979.693, 85
Trd, 4319980.793, 102
Trd, 4319984.043, 99
Trd, 4319984.743, 97
Trd, 4319985.893, 99
Trd, 4319989.043, 96
Trd, 4319989.843, 99
Trd, 4319992.643, 95
Trd, 4319993.743, 97
Trd, 4319993.793, 94
Trd, 4319994.393, 97
Trd, 4319999.743, 96
Trd, 4319999.843, 96
Trd, 4319999.943, 93
