Trd, 4317892.043, 101
Trd, 4317893.743, 103
Trd, 4317894.993, 93
Trd, 4317895.693, 107
Trd, 4317897.143, 104
Trd, 4317897.543, 98
Trd, 4317898.343, 77
Trd, 4317901.043, 96
Trd, 4317901.643, 104
Trd, 4317902.143, 100
Trd, 4317904.843, 95
Trd, 4317905.293, 95
Trd, 4317906.643, 99
Trd, 4317906.993, 113
Trd, 4317907.843, 76
Trd, 4317909.693, 98
Trd, 4317911.843, 94
Trd, 4317912.943, 93
Trd, 4317913.593, 92
Trd, 4317913.943, 94
Trd, 4317914.943, 94
Trd, 4317917.893, 92
Trd, 4317918.343, 94
Trd, 4317919.643, 95
Trd, 4317921.043, 107
Trd, 4317923.043, 102
Trd, 4317923.493, 98
Trd, 4317924.943, 97
Trd, 4317925.793, 99
Trd, 4317927.543, 100
Trd, 4317928.043, 83
Trd, 4317931.393, 95
Trd, 4317931.443, 91
Trd, 4317931.993, 95
Trd, 4317932.943, 103
Trd, 4317935.293, 98
Trd, 4317935.693, 97
Trd, 4317936.143, 113
Trd, 4317937.893, 100
Trd, 4317939.043, 101
Trd, 4317940.293, 101
Trd, 4317941.193, 99
Trd, 4317942.893, 97
Trd, 4317944.443, 100
Trd, 4317945.193, 98
Trd, 4317947.043, 99
Trd, 4317947.693, 104
Trd, 4317948.243, 99
Trd, 4317948.543, 104
Trd, 4317952.093, 95
Trd, 4317953.243, 114
Trd, 4317953.793, 110
Trd, 4317954.743, 104
Trd, 4317955.093, 105
Trd, 4317956.993, 100
Trd, 4317957.393, 96
Trd, 4317958.543, 98
Trd, 4317960.043, 75
Trd, 4317962.193, 79
Trd, 4317962.243, 92
Trd, 4317964.643, 104
Trd, 4317965.493, 114
Trd, 4317967.843, 96
Trd, 4317968.343, 99
Trd, 4317969.343, 95
Trd, 4317971.043, 96
Trd, 4317971.543, 94
Trd, 4317971.793, 66
Trd, 4317973.993, 72
Trd, 4317974.693, 91
Trd, 4317975.643, 113
Trd, 4317978.743, 94
Trd, 4317979.343, 108
Trd, 4317980.243, 98
Trd, 4317982.143, 97
Trd, 4317982.193, 97
Trd, 4317983.293, 95
Trd, 4317985.443, 89
Trd, 4317985.743, 113
Trd, 4317987.693, 101
Trd, 4317989.443, 99
Trd, 4317989.893, 85
Trd, 4317990.393, 96
Trd, 4317992.193, 94
Trd, 4317992.943, 94
Trd, 4317993.843, 92
Trd, 4317994.043, 95
Trd, 4317996.143, 99
Trd, 4317999.043, 97
Trd, 4318001.493, 96
Trd, 4318001.593, 100
Trd, 4318002.493, 93
Trd, 4318003.343, 95
Trd, 4318003.393, 105
Trd, 4318004.193, 98
Trd, 4318005.043, 103
Trd, 4318007.343, 94
Trd, 4318008.193, 93
Trd, 4318008.893, 95
Trd, 4318009.043, 95
Trd, 4318010.993, 98
Trd, 4318011.943, 100
Trd, 4318012.843, 99
Trd, 4318014.193, 106
Trd, 4318016.693, 98
Trd, 4318016.743, 100
Trd, 4318017.693, 85
Trd, 4318018.393, 97
Trd, 4318021.343, 97
Trd, 4318022.593, 103
Trd, 4318023.593, 93
Trd, 4318024.093, 99
Trd, 4318026.393, 101
Trd, 4318026.743, 100
Trd, 4318029.243, 95
Trd, 4318029.993, 96
Trd, 4318030.743, 76
Trd, 4318032.793, 114
Trd, 4318033.893, 80
Trd, 4318034.893, 95
Trd, 4318035.443, 100
Trd, 4318037.743, 92
Trd, 4318038.093, 96
Trd, 4318040.543, 96
Trd, 4318043.043, 96
Trd, 4318046.093, 91
Trd, 4318046.293, 96
Trd, 4318047.843, 96
Trd, 4318048.793, 95
Trd, 4318052.643, 90
Trd, 4318053.693, 95
Trd, 4318056.243, 89
Trd, 4318056.843, 88
Trd, 4318057.693, 74
Trd, 4318057.893, 95
Trd, 4318058.393, 95
Trd, 4318059.543, 95
Trd, 4318060.343, 105
Trd, 4318063.593, 92
Trd, 4318063.643, 96
Trd, 4318067.393, 95
Trd, 4318070.593, 93
Trd, 4318071.043, 95
Trd, 4318072.843, 95
Trd, 4318073.143, 92
Trd, 4318074.743, 91
Trd, 4318076.443, 95
Trd, 4318077.243, 94
Trd, 4318079.843, 114
Trd, 4318080.493, 104
Trd, 4318081.193, 102
Trd, 4318082.443, 99
Trd, 4318083.943, 90
Trd, 4318085.093, 103
Trd, 4318086.243, 103
Trd, 4318087.393, 79
Trd, 4318087.743, 95
Trd, 4318089.243, 97
Trd, 4318090.093, 93
Trd, 4318090.693, 93
Trd, 4318091.393, 92
Trd, 4318092.043, 104
Trd, 4318093.593, 98
Trd, 4318094.443, 92
Trd, 4318095.293, 95
Trd, 4318096.943, 80
Trd, 4318097.693, 90
Trd, 4318100.743, 88
Trd, 4318102.743, 89
Trd, 4318102.843, 88
Trd, 4318103.743, 97
Trd, 4318103.893, 88
Trd, 4318105.343, 95
Trd, 4318106.343, 96
Trd, 4318107.843, 102
Trd, 4318109.443, 99
Trd, 4318110.343, 97
Trd, 4318112.393, 97
Trd, 4318113.043, 97
Trd, 4318116.093, 97
Trd, 4318117.093, 96
Trd, 4318117.143, 73
Trd, 4318117.393, 97
Trd, 4318119.093, 88
Trd, 4318121.343, 89
Trd, 4318122.193, 89
Trd, 4318123.143, 92
Trd, 4318123.343, 102
Trd, 4318124.143, 105
Trd, 4318124.193, 97
Trd, 4318127.243, 101
Trd, 4318127.543, 98
Trd, 4318129.293, 110
Trd, 4318129.943, 102
Trd, 4318131.093, 114
Trd, 4318132.693, 90
Trd, 4318132.993, 79
Trd, 4318134.643, 97
Trd, 4318135.143, 93
Trd, 4318138.943, 95
Trd, 4318139.893, 96
Trd, 4318140.793, 92
Trd, 4318143.743, 95
Trd, 4318145.043, 102
Trd, 4318145.943, 97
Trd, 4318148.093, 96
Trd, 4318148.393, 96
Trd, 4318150.943, 101
Trd, 4318151.143, 99
Trd, 4318152.843, 98
Trd, 4318153.893, 105
Trd, 4318154.243, 98
Trd, 4318155.343, 99
Trd, 4318155.793, 99
Trd, 4318158.343, 98
Trd, 4318160.643, 86
Trd, 4318161.293, 95
Trd, 4318162.193, 99
Trd, 4318164.493, 93
Trd, 4318165.743, 94
Trd, 4318168.043, 108
Trd, 4318168.143, 107
Trd, 4318169.093, 104
Trd, 4318169.993, 103
Trd, 4318170.943, 108
Trd, 4318172.243, 101
Trd, 4318172.993, 102
Trd, 4318175.093, 101
Trd, 4318177.143, 105
Trd, 4318177.693, 107
Trd, 4318177.743, 101
Trd, 4318181.543, 101
Trd, 4318181.843, 99
Trd, 4318183.093, 104
Trd, 4318184.693, 100
Trd, 4318185.243, 101
Trd, 4318186.493, 109
Trd, 4318187.293, 107
Trd, 4318188.243, 95
Trd, 4318189.143, 102
Trd, 4318190.993, 94
Trd, 4318192.843, 98
Trd, 4318193.443, 98
Trd, 4318194.493, 101
Trd, 4318195.343, 102
Trd, 4318197.593, 95
Trd, 4318198.643, 110
Trd, 4318199.593, 101
Trd, 4318200.893, 101
Trd, 4318201.143, 100
Trd, 4318201.943, 90
Trd, 4318204.593, 113
Trd, 4318207.293, 102
Trd, 4318207.693, 97
Trd, 4318208.543, 104
Trd, 4318210.043, 106
Trd, 4318210.593, 103
Trd, 4318211.193, 105
Trd, 4318212.993, 101
Trd, 4318214.043, 93
Trd, 4318214.093, 103
Trd, 4318215.343, 74
Trd, 4318216.443, 92
Trd, 4318217.943, 95
Trd, 4318220.943, 99
Trd, 4318221.593, 96
Trd, 4318222.693, 96
Trd, 4318222.843, 95
Trd, 4318223.093, 78
Trd, 4318225.343, 103
Trd, 4318225.493, 113
Trd, 4318225.993, 102
Trd, 4318227.393, 102
Trd, 4318228.743, 101
Trd, 4318230.943, 101
Trd, 4318232.993, 100
Trd, 4318233.143, 98
Trd, 4318233.493, 89
Trd, 4318236.493, 94
Trd, 4318237.443, 98
Trd, 4318238.193, 97
Trd, 4318239.643, 98
Trd, 4318239.893, 98
Trd, 4318240.293, 103
Trd, 4318242.943, 97
Trd, 4318244.143, 97
Trd, 4318245.893, 98
Trd, 4318246.543, 97
Trd, 4318248.143, 96
Trd, 4318249.243, 97
Trd, 4318251.043, 98
Trd, 4318251.893, 95
Trd, 4318252.693, 93
Trd, 4318253.093, 97
Trd, 4318256.893, 97
Trd, 4318257.343, 110
Trd, 4318259.293, 92
Trd, 4318260.293, 105
Trd, 4318261.443, 105
Trd, 4318262.193, 102
Trd, 4318263.943, 105
Trd, 4318264.393, 104
Trd, 4318266.543, 102
Trd, 4318266.743, 103
Trd, 4318268.493, 105
Trd, 4318270.193, 90
Trd, 4318270.443, 98
Trd, 4318272.293, 103
Trd, 4318272.643, 102
Trd, 4318274.843, 101
Trd, 4318277.093, 96
Trd, 4318277.593, 98
Trd, 4318280.293, 103
Trd, 4318280.693, 114
Trd, 4318281.093, 103
Trd, 4318282.293, 102
Trd, 4318284.343, 101
Trd, 4318287.993, 100
Trd, 4318288.293, 99
Trd, 4318291.193, 101
Trd, 4318291.493, 98
Trd, 4318292.693, 98
Trd, 4318293.193, 99
Trd, 4318293.293, 119
Trd, 4318294.093, 77
Trd, 4318294.643, 98
Trd, 4318297.893, 92
Trd, 4318298.293, 95
Trd, 4318299.193, 95
Trd, 4318300.393, 96
Trd, 4318302.943, 93
Trd, 4318304.343, 96
Trd, 4318305.793, 84
Trd, 4318305.993, 99
Trd, 4318306.793, 98
Trd, 4318310.543, 113
Trd, 4318310.643, 103
Trd, 4318311.543, 102
Trd, 4318311.643, 102
Trd, 4318312.043, 83
Trd, 4318314.643, 107
Trd, 4318315.093, 101
Trd, 4318316.843, 101
Trd, 4318319.793, 104
Trd, 4318320.043, 104
Trd, 4318321.193, 98
Trd, 4318321.493, 100
Trd, 4318323.193, 100
Trd, 4318323.543, 99
Trd, 4318323.643, 113
Trd, 4318324.993, 86
Trd, 4318326.993, 95
Trd, 4318327.793, 92
Trd, 4318328.093, 92
Trd, 4318330.043, 92
Trd, 4318330.693, 92
Trd, 4318332.093, 98
Trd, 4318334.943, 99
Trd, 4318335.243, 99
Trd, 4318336.293, 97
Trd, 4318338.143, 96
Trd, 4318338.493, 105
Trd, 4318340.093, 99
Trd, 4318340.593, 97
Trd, 4318340.743, 113
Trd, 4318341.893, 83
Trd, 4318345.743, 92
Trd, 4318345.793, 105
Trd, 4318347.043, 104
Trd, 4318347.343, 97
Trd, 4318348.343, 86
Trd, 4318349.393, 96
Trd, 4318350.093, 87
Trd, 4318350.843, 94
Trd, 4318351.993, 91
Trd, 4318353.343, 90
Trd, 4318354.593, 96
Trd, 4318357.243, 103
Trd, 4318357.393, 102
Trd, 4318358.243, 89
Trd, 4318358.443, 91
Trd, 4318361.243, 99
Trd, 4318361.443, 97
Trd, 4318362.193, 103
Trd, 4318364.443, 114
Trd, 4318364.593, 104
Trd, 4318364.743, 104
Trd, 4318364.843, 103
Trd, 4318366.193, 76
Trd, 4318368.643, 97
Trd, 4318369.193, 100
Trd, 4318371.643, 96
Trd, 4318372.493, 95
Trd, 4318375.193, 96
Trd, 4318375.243, 98
Trd, 4318376.393, 92
Trd, 4318376.743, 98
Trd, 4318381.593, 102
Trd, 4318382.093, 100
Trd, 4318383.593, 83
Trd, 4318384.043, 98
Trd, 4318386.093, 98
Trd, 4318387.043, 101
Trd, 4318387.093, 99
Trd, 4318387.243, 100
Trd, 4318389.543, 100
Trd, 4318389.743, 104
Trd, 4318391.843, 101
Trd, 4318393.643, 100
Trd, 4318394.143, 101
Trd, 4318395.543, 99
Trd, 4318396.893, 89
Trd, 4318397.943, 97
Trd, 4318399.543, 104
Trd, 4318400.243, 98
Trd, 4318401.743, 95
Trd, 4318402.243, 93
Trd, 4318402.993, 91
Trd, 4318405.793, 93
Trd, 4318408.493, 92
Trd, 4318409.793, 93
Trd, 4318410.443, 95
Trd, 4318410.843, 90
Trd, 4318413.743, 90
Trd, 4318414.593, 92
Trd, 4318415.143, 107
Trd, 4318415.293, 98
Trd, 4318415.643, 95
Trd, 4318416.493, 76
Trd, 4318417.343, 89
Trd, 4318419.443, 88
Trd, 4318419.843, 88
Trd, 4318421.993, 88
Trd, 4318424.893, 106
Trd, 4318426.393, 99
Trd, 4318427.193, 100
Trd, 4318427.443, 100
Trd, 4318430.743, 99
Trd, 4318431.843, 93
Trd, 4318432.243, 97
Trd, 4318436.393, 96
Trd, 4318436.843, 95
Trd, 4318438.243, 101
Trd, 4318439.193, 105
Trd, 4318440.043, 99
Trd, 4318440.343, 101
Trd, 4318442.143, 95
Trd, 4318442.443, 101
Trd, 4318442.643, 91
Trd, 4318444.493, 98
Trd, 4318445.193, 97
Trd, 4318446.993, 102
Trd, 4318447.693, 101
Trd, 4318449.943, 102
Trd, 4318452.343, 103
Trd, 4318453.493, 102
Trd, 4318454.793, 101
Trd, 4318455.643, 89
Trd, 4318456.293, 98
Trd, 4318458.193, 99
Trd, 4318458.243, 105
Trd, 4318458.643, 95
Trd, 4318460.393, 99
Trd, 4318460.593, 80
Trd, 4318461.193, 100
Trd, 4318462.893, 99
Trd, 4318465.193, 100
Trd, 4318466.043, 97
Trd, 4318466.443, 95
Trd, 4318467.543, 100
Trd, 4318468.143, 111
Trd, 4318468.693, 102
Trd, 4318470.743, 97
Trd, 4318472.693, 93
Trd, 4318473.093, 94
Trd, 4318473.693, 83
Trd, 4318474.293, 97
Trd, 4318476.493, 97
Trd, 4318477.193, 90
Trd, 4318477.843, 87
Trd, 4318478.893, 96
Trd, 4318480.393, 97
Trd, 4318481.193, 100
Trd, 4318482.393, 101
Trd, 4318483.693, 112
Trd, 4318484.093, 106
Trd, 4318484.943, 83
Trd, 4318485.193, 95
Trd, 4318488.093, 97
Trd, 4318488.343, 88
Trd, 4318490.493, 97
Trd, 4318491.643, 98
Trd, 4318491.843, 95
Trd, 4318494.243, 96
Trd, 4318494.443, 95
Trd, 4318495.943, 101
Trd, 4318496.393, 89
Trd, 4318496.693, 96
Trd, 4318498.643, 90
Trd, 4318499.443, 95
Trd, 4318501.993, 95
Trd, 4318503.493, 94
Trd, 4318504.793, 94
Trd, 4318504.843, 93
Trd, 4318505.993, 80
Trd, 4318509.043, 93
Trd, 4318509.593, 89
Trd, 4318509.793, 94
Trd, 4318510.943, 89
Trd, 4318512.543, 89
Trd, 4318513.293, 90
Trd, 4318513.493, 79
Trd, 4318513.843, 99
Trd, 4318515.443, 101
Trd, 4318519.193, 103
Trd, 4318519.743, 102
Trd, 4318520.793, 99
Trd, 4318521.343, 83
Trd, 4318523.093, 76
Trd, 4318523.493, 115
Trd, 4318523.743, 90
Trd, 4318524.193, 102
Trd, 4318526.793, 95
Trd, 4318527.193, 103
Trd, 4318527.543, 101
Trd, 4318528.593, 99
Trd, 4318531.893, 102
Trd, 4318533.493, 100
Trd, 4318535.693, 99
Trd, 4318536.293, 101
Trd, 4318537.593, 99
Trd, 4318539.793, 81
Trd, 4318540.093, 100
Trd, 4318540.593, 110
Trd, 4318542.193, 100
Trd, 4318544.593, 100
Trd, 4318546.843, 99
Trd, 4318547.043, 96
Trd, 4318549.143, 96
Trd, 4318549.393, 100
Trd, 4318552.143, 100
Trd, 4318552.443, 99
Trd, 4318553.493, 98
Trd, 4318555.293, 100
Trd, 4318555.843, 100
Trd, 4318557.193, 99
Trd, 4318557.343, 116
Trd, 4318561.593, 98
Trd, 4318561.943, 97
Trd, 4318562.343, 103
Trd, 4318564.993, 99
Trd, 4318565.243, 97
Trd, 4318567.793, 103
Trd, 4318570.993, 97
Trd, 4318572.493, 97
Trd, 4318573.043, 96
Trd, 4318573.293, 98
Trd, 4318574.043, 88
Trd, 4318574.643, 97
Trd, 4318575.893, 106
Trd, 4318576.893, 94
Trd, 4318578.543, 95
Trd, 4318580.943, 101
Trd, 4318582.493, 97
Trd, 4318582.843, 98
Trd, 4318583.193, 97
Trd, 4318583.993, 86
Trd, 4318586.943, 98
Trd, 4318588.493, 93
Trd, 4318590.943, 95
Trd, 4318591.943, 97
Trd, 4318593.443, 97
Trd, 4318594.443, 95
Trd, 4318594.693, 101
Trd, 4318598.493, 94
Trd, 4318598.893, 89
Trd, 4318599.393, 89
Trd, 4318599.993, 92
Trd, 4318602.943, 89
Trd, 4318603.743, 96
Trd, 4318604.693, 90
Trd, 4318604.993, 88
Trd, 4318605.493, 90
Trd, 4318608.343, 89
Trd, 4318608.843, 88
Trd, 4318609.793, 89
Trd, 4318610.043, 95
Trd, 4318612.243, 88
Trd, 4318612.643, 87
Trd, 4318613.293, 91
Trd, 4318616.743, 89
Trd, 4318617.393, 84
Trd, 4318619.593, 89
Trd, 4318620.643, 88
Trd, 4318621.693, 89
Trd, 4318622.193, 89
Trd, 4318622.243, 87
Trd, 4318624.643, 95
Trd, 4318625.543, 90
Trd, 4318626.343, 88
Trd, 4318627.343, 92
Trd, 4318628.093, 95
Trd, 4318632.793, 92
Trd, 4318632.843, 90
Trd, 4318634.343, 91
Trd, 4318637.193, 90
Trd, 4318637.343, 91
Trd, 4318638.443, 93
Trd, 4318638.793, 92
Trd, 4318639.193, 113
Trd, 4318641.143, 90
Trd, 4318643.193, 94
Trd, 4318645.743, 95
Trd, 4318646.293, 93
Trd, 4318646.443, 93
Trd, 4318646.493, 95
Trd, 4318648.593, 93
Trd, 4318652.193, 95
Trd, 4318652.343, 103
Trd, 4318653.743, 98
Trd, 4318654.343, 101
Trd, 4318655.143, 98
Trd, 4318655.943, 101
Trd, 4318656.993, 100
Trd, 4318660.393, 100
Trd, 4318660.493, 110
Trd, 4318661.543, 102
Trd, 4318663.193, 103
Trd, 4318664.293, 103
Trd, 4318664.593, 104
Trd, 4318665.093, 75
Trd, 4318667.693, 101
Trd, 4318668.893, 102
Trd, 4318671.743, 101
Trd, 4318672.243, 102
Trd, 4318672.293, 103
Trd, 4318674.143, 101
Trd, 4318674.893, 99
Trd, 4318676.093, 97
Trd, 4318676.443, 94
Trd, 4318678.143, 93
Trd, 4318678.443, 95
Trd, 4318678.693, 76
Trd, 4318681.193, 92
Trd, 4318681.943, 97
Trd, 4318683.593, 92
Trd, 4318683.643, 92
Trd, 4318686.693, 87
Trd, 4318688.343, 94
Trd, 4318689.293, 95
Trd, 4318689.343, 100
Trd, 4318690.843, 100
Trd, 4318690.893, 99
Trd, 4318692.493, 97
Trd, 4318693.093, 96
Trd, 4318694.193, 95
Trd, 4318695.643, 102
Trd, 4318698.793, 97
Trd, 4318699.593, 97
Trd, 4318701.693, 96
Trd, 4318702.243, 95
Trd, 4318702.293, 122
Trd, 4318703.043, 89
Trd, 4318703.493, 102
Trd, 4318704.293, 104
Trd, 4318706.693, 96
Trd, 4318707.493, 104
Trd, 4318711.443, 98
Trd, 4318712.543, 100
Trd, 4318713.793, 76
Trd, 4318715.443, 93
Trd, 4318715.643, 93
Trd, 4318717.643, 93
Trd, 4318718.643, 93
Trd, 4318718.893, 97
Trd, 4318719.043, 90
Trd, 4318721.243, 113
Trd, 4318723.393, 93
Trd, 4318724.793, 95
Trd, 4318726.793, 95
Trd, 4318727.393, 91
Trd, 4318729.243, 92
Trd, 4318732.443, 93
Trd, 4318732.743, 93
Trd, 4318732.993, 98
Trd, 4318733.643, 91
Trd, 4318734.443, 93
Trd, 4318734.693, 92
Trd, 4318737.643, 91
Trd, 4318738.243, 89
Trd, 4318741.043, 94
Trd, 4318741.593, 92
Trd, 4318741.643, 104
Trd, 4318745.093, 93
Trd, 4318745.743, 88
Trd, 4318746.943, 94
Trd, 4318747.293, 100
Trd, 4318747.593, 103
Trd, 4318748.893, 104
Trd, 4318751.043, 104
Trd, 4318752.143, 67
Trd, 4318752.543, 93
Trd, 4318753.043, 79
Trd, 4318756.093, 93
Trd, 4318756.593, 99
Trd, 4318757.543, 87
Trd, 4318758.293, 90
Trd, 4318759.093, 98
Trd, 4318761.593, 96
Trd, 4318764.193, 94
Trd, 4318765.393, 94
Trd, 4318765.893, 95
Trd, 4318768.493, 113
Trd, 4318770.443, 97
Trd, 4318772.293, 97
Trd, 4318772.393, 94
Trd, 4318772.893, 96
Trd, 4318775.043, 95
Trd, 4318776.693, 93
Trd, 4318777.543, 95
Trd, 4318777.693, 93
Trd, 4318779.043, 95
Trd, 4318780.643, 92
Trd, 4318781.893, 94
Trd, 4318782.243, 97
Trd, 4318785.593, 112
Trd, 4318785.843, 109
Trd, 4318785.893, 95
Trd, 4318788.093, 101
Trd, 4318788.693, 85
Trd, 4318791.393, 96
Trd, 4318791.743, 97
Trd, 4318792.943, 103
Trd, 4318793.493, 97
Trd, 4318794.543, 113
Trd, 4318796.643, 96
Trd, 4318796.793, 101
Trd, 4318798.393, 101
Trd, 4318798.843, 96
Trd, 4318802.143, 96
Trd, 4318803.393, 95
Trd, 4318803.543, 95
Trd, 4318805.643, 95
Trd, 4318806.043, 97
Trd, 4318807.943, 97
Trd, 4318808.643, 97
Trd, 4318809.593, 90
Trd, 4318810.693, 93
Trd, 4318812.643, 94
Trd, 4318814.343, 87
Trd, 4318815.643, 92
Trd, 4318818.343, 101
Trd, 4318819.843, 102
Trd, 4318820.493, 101
Trd, 4318820.543, 113
Trd, 4318820.943, 77
Trd, 4318823.393, 97
Trd, 4318823.843, 95
Trd, 4318824.793, 99
Trd, 4318825.843, 96
Trd, 4318829.243, 101
Trd, 4318830.293, 101
Trd, 4318830.493, 85
Trd, 4318830.943, 75
Trd, 4318831.993, 99
Trd, 4318833.493, 107
Trd, 4318834.943, 101
Trd, 4318836.643, 102
Trd, 4318837.493, 95
Trd, 4318838.043, 102
Trd, 4318838.643, 99
Trd, 4318838.843, 114
Trd, 4318840.193, 97
Trd, 4318842.543, 103
Trd, 4318842.743, 103
Trd, 4318844.843, 101
Trd, 4318845.693, 104
Trd, 4318846.693, 102
Trd, 4318848.143, 100
Trd, 4318849.893, 102
Trd, 4318850.393, 99
Trd, 4318851.743, 98
Trd, 4318854.243, 98
Trd, 4318855.243, 102
Trd, 4318857.293, 98
Trd, 4318858.293, 102
Trd, 4318858.693, 102
Trd, 4318861.043, 109
Trd, 4318862.443, 108
Trd, 4318862.593, 84
Trd, 4318864.043, 104
Trd, 4318864.293, 100
Trd, 4318866.093, 104
Trd, 4318868.393, 101
Trd, 4318868.993, 93
Trd, 4318871.393, 103
Trd, 4318872.043, 101
Trd, 4318872.493, 77
Trd, 4318872.843, 105
Trd, 4318874.643, 85
Trd, 4318874.743, 100
Trd, 4318877.043, 96
Trd, 4318879.443, 98
Trd, 4318880.493, 94
Trd, 4318882.143, 96
Trd, 4318882.693, 97
Trd, 4318886.293, 93
Trd, 4318886.743, 96
Trd, 4318887.143, 97
Trd, 4318889.593, 94
Trd, 4318890.093, 97
Trd, 4318890.243, 93
Trd, 4318891.193, 87
Trd, 4318892.193, 99
Trd, 4318892.793, 96
Trd, 4318893.993, 95
Trd, 4318895.443, 101
Trd, 4318897.593, 100
Trd, 4318897.743, 97
Trd, 4318897.893, 113
Trd, 4318900.443, 100
Trd, 4318901.943, 111
Trd, 4318902.193, 95
Trd, 4318903.143, 75
Trd, 4318906.343, 98
Trd, 4318908.293, 97
Trd, 4318910.193, 98
Trd, 4318910.793, 103
Trd, 4318910.993, 97
Trd, 4318912.843, 95
Trd, 4318914.543, 93
Trd, 4318914.643, 82
Trd, 4318915.593, 93
Trd, 4318917.443, 91
Trd, 4318918.543, 91
Trd, 4318921.593, 90
Trd, 4318922.593, 71
Trd, 4318924.293, 98
Trd, 4318925.393, 95
Trd, 4318926.443, 93
Trd, 4318927.743, 89
Trd, 4318928.993, 93
Trd, 4318930.593, 100
Trd, 4318931.543, 88
Trd, 4318933.843, 92
Trd, 4318934.843, 91
Trd, 4318937.893, 83
Trd, 4318938.693, 91
Trd, 4318940.693, 91
Trd, 4318941.643, 104
Trd, 4318942.243, 98
Trd, 4318942.543, 124
Trd, 4318943.593, 92
Trd, 4318944.843, 94
Trd, 4318945.893, 96
Trd, 4318946.043, 90
Trd, 4318946.393, 118
Trd, 4318946.793, 91
Trd, 4318949.343, 85
Trd, 4318950.443, 89
Trd, 4318951.293, 117
Trd, 4318952.943, 102
Trd, 4318954.343, 100
Trd, 4318954.493, 97
Trd, 4318955.043, 99
Trd, 4318956.093, 98
Trd, 4318958.943, 98
Trd, 4318960.343, 96
Trd, 4318961.643, 98
Trd, 4318963.893, 97
Trd, 4318964.343, 97
Trd, 4318965.993, 98
Trd, 4318966.093, 98
Trd, 4318966.243, 95
Trd, 4318969.293, 95
Trd, 4318970.143, 98
Trd, 4318972.793, 97
Trd, 4318974.593, 95
Trd, 4318975.293, 95
Trd, 4318975.693, 94
Trd, 4318976.193, 96
Trd, 4318977.043, 95
Trd, 4318977.643, 93
Trd, 4318981.593, 96
Trd, 4318983.093, 93
Trd, 4318985.493, 95
Trd, 4318986.093, 92
Trd, 4318988.143, 93
Trd, 4318988.693, 87
Trd, 4318989.493, 90
Trd, 4318990.843, 90
Trd, 4318991.993, 90
Trd, 4318992.993, 95
Trd, 4318994.893, 110
Trd, 4318995.343, 104
Trd, 4318996.393, 104
Trd, 4318998.593, 104
Trd, 4318998.843, 104
Trd, 4318999.543, 89
Trd, 4319000.443, 91
Trd, 4319001.743, 100
Trd, 4319002.343, 102
Trd, 4319004.243, 105
Trd, 4319004.993, 105
Trd, 4319005.243, 90
Trd, 4319005.393, 114
Trd, 4319007.643, 100
Trd, 4319007.893, 85
Trd, 4319009.343, 93
Trd, 4319009.593, 96
Trd, 4319010.093, 114
Trd, 4319011.743, 98
Trd, 4319012.443, 99
Trd, 4319014.243, 85
Trd, 4319014.943, 99
Trd, 4319017.543, 92
Trd, 4319018.743, 98
Trd, 4319020.793, 95
Trd, 4319022.993, 99
Trd, 4319025.743, 99
Trd, 4319027.143, 95
Trd, 4319028.093, 95
Trd, 4319030.293, 98
Trd, 4319031.443, 93
Trd, 4319032.393, 89
Trd, 4319033.493, 97
Trd, 4319033.593, 107
Trd, 4319035.743, 97
Trd, 4319035.893, 109
Trd, 4319038.193, 96
Trd, 4319038.243, 91
Trd, 4319038.593, 94
Trd, 4319040.643, 94
Trd, 4319041.743, 94
Trd, 4319041.893, 91
Trd, 4319044.593, 97
Trd, 4319045.793, 92
Trd, 4319046.093, 96
Trd, 4319047.293, 95
Trd, 4319047.493, 114
Trd, 4319049.643, 98
Trd, 4319049.943, 94
Trd, 4319050.693, 101
Trd, 4319052.243, 103
Trd, 4319052.593, 102
Trd, 4319054.393, 80
Trd, 4319055.593, 88
Trd, 4319058.193, 95
Trd, 4319060.143, 97
Trd, 4319060.243, 101
Trd, 4319060.493, 109
Trd, 4319061.493, 108
Trd, 4319061.643, 108
Trd, 4319063.643, 101
Trd, 4319064.143, 106
Trd, 4319064.543, 99
Trd, 4319067.143, 104
Trd, 4319067.443, 116
Trd, 4319069.893, 102
Trd, 4319070.043, 103
Trd, 4319070.893, 103
Trd, 4319071.343, 98
Trd, 4319075.543, 101
Trd, 4319076.793, 108
Trd, 4319076.893, 99
Trd, 4319077.543, 99
Trd, 4319078.593, 96
Trd, 4319080.643, 95
Trd, 4319080.893, 95
Trd, 4319082.093, 98
Trd, 4319082.593, 94
Trd, 4319083.593, 87
Trd, 4319087.843, 93
Trd, 4319088.493, 94
Trd, 4319090.093, 92
Trd, 4319090.793, 94
Trd, 4319092.593, 94
Trd, 4319092.743, 91
Trd, 4319092.793, 104
Trd, 4319093.643, 97
Trd, 4319097.593, 97
Trd, 4319098.793, 90
Trd, 4319098.893, 90
Trd, 4319102.743, 91
Trd, 4319102.943, 97
Trd, 4319104.293, 97
Trd, 4319105.243, 100
Trd, 4319105.693, 99
Trd, 4319107.793, 97
Trd, 4319108.493, 97
Trd, 4319109.793, 97
Trd, 4319112.343, 79
Trd, 4319113.293, 91
Trd, 4319113.743, 85
Trd, 4319115.243, 90
Trd, 4319117.193, 92
Trd, 4319118.493, 96
Trd, 4319118.643, 92
Trd, 4319119.093, 96
Trd, 4319120.393, 95
Trd, 4319122.093, 94
Trd, 4319122.843, 79
Trd, 4319124.693, 96
Trd, 4319125.143, 91
Trd, 4319125.343, 94
Trd, 4319127.643, 95
Trd, 4319128.593, 106
Trd, 4319130.093, 96
Trd, 4319132.893, 97
Trd, 4319133.793, 100
Trd, 4319134.043, 95
Trd, 4319135.693, 93
Trd, 4319136.943, 94
Trd, 4319137.243, 100
Trd, 4319138.793, 92
Trd, 4319140.193, 92
Trd, 4319140.743, 94
Trd, 4319142.543, 100
Trd, 4319142.943, 91
Trd, 4319143.443, 96
Trd, 4319145.543, 91
Trd, 4319146.493, 91
Trd, 4319146.943, 95
Trd, 4319148.193, 92
Trd, 4319150.893, 92
Trd, 4319151.993, 90
Trd, 4319152.093, 104
Trd, 4319152.943, 86
Trd, 4319152.993, 91
Trd, 4319154.093, 86
Trd, 4319155.593, 98
Trd, 4319156.793, 92
Trd, 4319157.943, 87
Trd, 4319158.243, 90
Trd, 4319158.843, 74
Trd, 4319159.893, 92
Trd, 4319162.493, 91
Trd, 4319163.743, 95
Trd, 4319164.243, 94
Trd, 4319164.743, 93
Trd, 4319165.293, 106
Trd, 4319168.593, 95
Trd, 4319169.343, 94
Trd, 4319169.893, 105
Trd, 4319170.393, 106
Trd, 4319171.593, 93
Trd, 4319172.743, 98
Trd, 4319174.843, 98
Trd, 4319175.193, 98
Trd, 4319177.143, 105
Trd, 4319177.693, 101
Trd, 4319178.343, 97
Trd, 4319178.993, 93
Trd, 4319179.693, 98
Trd, 4319182.143, 101
Trd, 4319182.693, 100
Trd, 4319183.743, 103
Trd, 4319183.993, 103
Trd, 4319186.543, 96
Trd, 4319187.843, 102
Trd, 4319189.043, 100
Trd, 4319189.793, 101
Trd, 4319190.193, 100
Trd, 4319191.843, 99
Trd, 4319193.943, 102
Trd, 4319194.443, 87
Trd, 4319196.743, 98
Trd, 4319196.993, 97
Trd, 4319198.093, 96
Trd, 4319198.693, 106
Trd, 4319200.943, 95
Trd, 4319201.993, 99
Trd, 4319204.193, 99
Trd, 4319205.143, 98
Trd, 4319207.343, 99
Trd, 4319207.643, 96
Trd, 4319208.693, 96
Trd, 4319208.893, 77
Trd, 4319209.093, 107
Trd, 4319212.193, 95
Trd, 4319213.043, 93
Trd, 4319214.543, 91
Trd, 4319215.543, 93
Trd, 4319217.993, 93
Trd, 4319221.093, 89
Trd, 4319221.343, 92
Trd, 4319221.893, 89
Trd, 4319222.093, 92
Trd, 4319223.543, 87
Trd, 4319223.843, 77
Trd, 4319225.243, 102
Trd, 4319227.193, 100
Trd, 4319227.693, 95
Trd, 4319230.543, 96
Trd, 4319230.593, 89
Trd, 4319230.693, 113
Trd, 4319231.593, 89
Trd, 4319232.743, 95
Trd, 4319236.493, 97
Trd, 4319236.843, 95
Trd, 4319237.393, 98
Trd, 4319237.493, 94
Trd, 4319238.793, 111
Trd, 4319241.443, 100
Trd, 4319242.043, 102
Trd, 4319244.293, 99
Trd, 4319245.093, 99
Trd, 4319246.843, 98
Trd, 4319248.843, 98
Trd, 4319249.043, 75
Trd, 4319250.593, 99
Trd, 4319253.643, 95
Trd, 4319254.843, 95
Trd, 4319255.843, 97
Trd, 4319256.043, 98
Trd, 4319256.593, 94
Trd, 4319257.693, 96
Trd, 4319258.793, 89
Trd, 4319259.843, 96
Trd, 4319260.043, 96
Trd, 4319260.593, 94
Trd, 4319261.043, 122
Trd, 4319261.493, 93
Trd, 4319263.043, 67
Trd, 4319267.593, 100
Trd, 4319267.893, 100
Trd, 4319269.143, 101
Trd, 4319269.743, 99
Trd, 4319270.443, 100
Trd, 4319272.093, 103
Trd, 4319272.243, 105
Trd, 4319274.943, 102
Trd, 4319275.243, 103
Trd, 4319277.393, 101
Trd, 4319277.443, 94
Trd, 4319278.993, 97
Trd, 4319279.643, 106
Trd, 4319281.743, 98
Trd, 4319283.143, 101
Trd, 4319283.343, 93
Trd, 4319284.793, 105
Trd, 4319284.943, 104
Trd, 4319286.043, 103
Trd, 4319288.093, 102
Trd, 4319288.893, 96
Trd, 4319289.893, 100
Trd, 4319290.143, 89
Trd, 4319291.243, 100
Trd, 4319292.343, 92
Trd, 4319293.693, 91
Trd, 4319295.043, 93
Trd, 4319295.193, 87
Trd, 4319297.593, 95
Trd, 4319297.843, 101
Trd, 4319298.343, 108
Trd, 4319301.643, 104
Trd, 4319301.993, 100
Trd, 4319302.543, 98
Trd, 4319305.043, 107
Trd, 4319306.243, 102
Trd, 4319306.893, 103
Trd, 4319307.693, 103
Trd, 4319309.293, 89
Trd, 4319309.543, 99
Trd, 4319309.893, 80
Trd, 4319310.743, 99
Trd, 4319312.593, 95
Trd, 4319313.543, 96
Trd, 4319314.743, 95
Trd, 4319316.543, 85
Trd, 4319317.043, 96
Trd, 4319318.593, 94
Trd, 4319319.593, 96
Trd, 4319321.293, 93
Trd, 4319325.093, 93
Trd, 4319327.343, 92
Trd, 4319328.293, 95
Trd, 4319328.693, 101
Trd, 4319328.993, 94
Trd, 4319329.893, 96
Trd, 4319332.543, 101
Trd, 4319334.193, 96
Trd, 4319334.443, 95
Trd, 4319334.493, 95
Trd, 4319337.143, 95
Trd, 4319340.293, 93
Trd, 4319341.243, 96
Trd, 4319341.843, 97
Trd, 4319345.993, 95
Trd, 4319346.693, 96
Trd, 4319347.493, 97
Trd, 4319348.643, 95
Trd, 4319349.343, 99
Trd, 4319352.593, 97
Trd, 4319352.943, 94
Trd, 4319353.593, 97
Trd, 4319357.193, 97
Trd, 4319357.293, 94
Trd, 4319359.243, 99
Trd, 4319359.393, 113
Trd, 4319359.593, 98
Trd, 4319361.043, 95
Trd, 4319361.693, 95
Trd, 4319363.393, 96
Trd, 4319363.693, 97
Trd, 4319364.443, 93
Trd, 4319365.143, 94
Trd, 4319366.843, 86
Trd, 4319367.843, 92
Trd, 4319368.143, 95
Trd, 4319371.243, 96
Trd, 4319371.293, 102
Trd, 4319372.443, 114
Trd, 4319372.893, 104
Trd, 4319374.993, 96
Trd, 4319376.493, 97
Trd, 4319377.793, 95
Trd, 4319377.993, 87
Trd, 4319379.193, 95
Trd, 4319380.643, 96
Trd, 4319382.993, 96
Trd, 4319386.043, 96
Trd, 4319387.043, 104
Trd, 4319388.093, 98
Trd, 4319388.593, 103
Trd, 4319389.643, 103
Trd, 4319390.143, 101
Trd, 4319391.793, 92
Trd, 4319393.743, 95
Trd, 4319395.393, 101
Trd, 4319397.793, 97
Trd, 4319398.943, 100
Trd, 4319399.643, 97
Trd, 4319400.143, 100
Trd, 4319403.293, 98
Trd, 4319404.243, 107
Trd, 4319406.643, 99
Trd, 4319406.693, 101
Trd, 4319407.193, 101
Trd, 4319407.943, 98
Trd, 4319413.893, 101
Trd, 4319414.043, 100
Trd, 4319415.343, 100
Trd, 4319415.993, 101
Trd, 4319416.143, 95
Trd, 4319416.293, 103
Trd, 4319418.343, 84
Trd, 4319419.143, 114
Trd, 4319421.093, 95
Trd, 4319421.193, 94
Trd, 4319421.793, 90
Trd, 4319421.943, 103
Trd, 4319427.143, 97
Trd, 4319427.643, 98
Trd, 4319429.143, 97
Trd, 4319429.793, 104
Trd, 4319430.493, 97
Trd, 4319431.593, 111
Trd, 4319434.443, 100
Trd, 4319437.543, 99
Trd, 4319439.543, 101
Trd, 4319439.893, 101
Trd, 4319440.793, 100
Trd, 4319442.443, 104
Trd, 4319442.643, 102
Trd, 4319444.143, 100
Trd, 4319445.443, 98
Trd, 4319447.343, 102
Trd, 4319447.793, 99
Trd, 4319450.093, 103
Trd, 4319452.643, 101
Trd, 4319453.093, 79
Trd, 4319453.393, 92
Trd, 4319455.193, 94
Trd, 4319455.693, 99
Trd, 4319456.643, 93
Trd, 4319457.293, 95
Trd, 4319458.243, 100
Trd, 4319459.243, 96
Trd, 4319461.943, 102
Trd, 4319463.293, 101
Trd, 4319463.693, 99
Trd, 4319464.043, 98
Trd, 4319464.793, 102
Trd, 4319466.393, 73
Trd, 4319467.293, 115
Trd, 4319470.643, 99
Trd, 4319471.643, 95
Trd, 4319471.993, 102
Trd, 4319475.093, 96
Trd, 4319475.893, 88
Trd, 4319476.043, 94
Trd, 4319477.343, 114
Trd, 4319478.543, 98
Trd, 4319479.443, 99
Trd, 4319480.343, 102
Trd, 4319481.643, 95
Trd, 4319483.893, 107
Trd, 4319484.743, 102
Trd, 4319485.093, 101
Trd, 4319486.943, 94
Trd, 4319487.193, 95
Trd, 4319488.793, 95
Trd, 4319488.893, 96
Trd, 4319490.293, 95
Trd, 4319492.043, 88
Trd, 4319492.893, 91
Trd, 4319497.093, 92
Trd, 4319497.593, 91
Trd, 4319498.693, 98
Trd, 4319498.743, 113
Trd, 4319498.993, 90
Trd, 4319500.393, 102
Trd, 4319500.643, 93
Trd, 4319503.093, 93
Trd, 4319505.443, 91
Trd, 4319506.293, 94
Trd, 4319506.793, 95
Trd, 4319510.493, 92
Trd, 4319511.093, 95
Trd, 4319513.043, 103
Trd, 4319514.193, 97
Trd, 4319515.143, 104
Trd, 4319516.693, 99
Trd, 4319518.543, 103
Trd, 4319519.193, 101
Trd, 4319519.993, 83
Trd, 4319520.093, 97
Trd, 4319522.143, 96
Trd, 4319523.793, 107
Trd, 4319524.643, 104
Trd, 4319524.993, 102
Trd, 4319525.743, 100
Trd, 4319528.843, 97
Trd, 4319529.393, 84
Trd, 4319529.843, 92
Trd, 4319530.443, 99
Trd, 4319531.643, 94
Trd, 4319531.843, 113
Trd, 4319533.193, 101
Trd, 4319533.593, 101
Trd, 4319534.593, 109
Trd, 4319535.593, 90
Trd, 4319537.943, 104
Trd, 4319539.693, 102
Trd, 4319539.793, 99
Trd, 4319541.343, 100
Trd, 4319542.893, 102
Trd, 4319543.793, 101
Trd, 4319545.293, 100
Trd, 4319546.443, 98
Trd, 4319547.543, 97
Trd, 4319548.443, 92
Trd, 4319550.793, 94
Trd, 4319550.893, 95
Trd, 4319553.593, 97
Trd, 4319554.843, 98
Trd, 4319556.243, 111
Trd, 4319557.943, 112
Trd, 4319558.343, 109
Trd, 4319559.193, 96
Trd, 4319561.643, 102
Trd, 4319563.443, 103
Trd, 4319564.693, 104
Trd, 4319564.993, 105
Trd, 4319565.893, 103
Trd, 4319566.293, 104
Trd, 4319568.493, 102
Trd, 4319568.893, 96
Trd, 4319570.793, 91
Trd, 4319571.743, 95
Trd, 4319572.493, 112
Trd, 4319574.593, 73
Trd, 4319575.543, 93
Trd, 4319576.993, 94
Trd, 4319577.693, 105
Trd, 4319580.043, 100
Trd, 4319580.393, 99
Trd, 4319581.643, 98
Trd, 4319582.993, 104
Trd, 4319583.293, 91
Trd, 4319585.543, 100
Trd, 4319585.943, 101
Trd, 4319586.193, 100
Trd, 4319586.743, 95
Trd, 4319587.943, 94
Trd, 4319590.443, 97
Trd, 4319590.643, 99
Trd, 4319592.393, 96
Trd, 4319593.643, 97
Trd, 4319594.343, 95
Trd, 4319595.343, 98
Trd, 4319596.143, 95
Trd, 4319598.193, 97
Trd, 4319598.793, 97
Trd, 4319599.193, 97
Trd, 4319599.843, 97
Trd, 4319601.593, 96
Trd, 4319602.393, 101
Trd, 4319603.093, 88
Trd, 4319603.393, 113
Trd, 4319606.143, 94
Trd, 4319607.843, 88
Trd, 4319608.493, 100
Trd, 4319609.043, 99
Trd, 4319610.193, 97
Trd, 4319611.143, 96
Trd, 4319611.993, 113
Trd, 4319614.443, 97
Trd, 4319615.643, 96
Trd, 4319618.393, 95
Trd, 4319618.443, 75
Trd, 4319620.443, 98
Trd, 4319621.743, 90
Trd, 4319621.793, 97
Trd, 4319623.993, 94
Trd, 4319625.543, 103
Trd, 4319626.093, 94
Trd, 4319627.043, 95
Trd, 4319628.093, 97
Trd, 4319628.693, 98
Trd, 4319629.943, 96
Trd, 4319630.793, 104
Trd, 4319631.943, 99
Trd, 4319633.543, 101
Trd, 4319634.793, 80
Trd, 4319636.893, 105
Trd, 4319637.043, 104
Trd, 4319637.443, 102
Trd, 4319637.743, 114
Trd, 4319638.543, 112
Trd, 4319640.393, 104
Trd, 4319640.643, 86
Trd, 4319643.043, 104
Trd, 4319644.143, 96
Trd, 4319647.243, 102
Trd, 4319647.443, 96
Trd, 4319647.743, 97
Trd, 4319648.193, 102
Trd, 4319648.393, 102
Trd, 4319650.543, 76
Trd, 4319650.593, 86
Trd, 4319651.793, 92
Trd, 4319653.493, 99
Trd, 4319656.493, 93
Trd, 4319656.943, 95
Trd, 4319659.893, 91
Trd, 4319660.743, 90
Trd, 4319661.843, 93
Trd, 4319662.943, 93
Trd, 4319663.843, 89
Trd, 4319664.143, 93
Trd, 4319664.193, 95
Trd, 4319667.543, 105
Trd, 4319668.743, 97
Trd, 4319668.993, 94
Trd, 4319670.393, 96
Trd, 4319672.943, 96
Trd, 4319673.193, 87
Trd, 4319674.093, 88
Trd, 4319676.743, 92
Trd, 4319677.893, 96
Trd, 4319679.893, 91
Trd, 4319681.543, 90
Trd, 4319681.893, 94
Trd, 4319683.643, 98
Trd, 4319684.093, 96
Trd, 4319684.143, 111
Trd, 4319684.193, 114
Trd, 4319684.943, 94
Trd, 4319685.843, 98
Trd, 4319689.043, 94
Trd, 4319689.093, 96
Trd, 4319690.843, 97
Trd, 4319691.543, 94
Trd, 4319692.593, 89
Trd, 4319693.193, 92
Trd, 4319694.693, 98
Trd, 4319696.793, 98
Trd, 4319697.043, 94
Trd, 4319697.243, 97
Trd, 4319698.243, 94
Trd, 4319700.593, 96
Trd, 4319701.293, 101
Trd, 4319702.443, 102
Trd, 4319704.793, 84
Trd, 4319706.443, 98
Trd, 4319707.243, 95
Trd, 4319708.093, 96
Trd, 4319709.093, 114
Trd, 4319710.793, 93
Trd, 4319711.643, 93
Trd, 4319712.143, 89
Trd, 4319712.843, 97
Trd, 4319714.493, 98
Trd, 4319716.743, 94
Trd, 4319717.343, 95
Trd, 4319718.593, 95
Trd, 4319719.093, 114
Trd, 4319720.543, 93
Trd, 4319721.643, 97
Trd, 4319724.143, 96
Trd, 4319725.343, 98
Trd, 4319726.893, 80
Trd, 4319727.543, 95
Trd, 4319729.893, 92
Trd, 4319731.243, 92
Trd, 4319731.393, 94
Trd, 4319732.843, 94
Trd, 4319734.143, 105
Trd, 4319734.443, 97
Trd, 4319734.893, 96
Trd, 4319740.443, 99
Trd, 4319740.543, 98
Trd, 4319742.143, 97
Trd, 4319742.393, 96
Trd, 4319742.843, 97
Trd, 4319744.743, 97
Trd, 4319745.543, 99
Trd, 4319748.993, 100
Trd, 4319749.393, 99
Trd, 4319749.893, 96
Trd, 4319751.943, 76
Trd, 4319752.443, 122
Trd, 4319752.893, 100
Trd, 4319757.543, 94
Trd, 4319759.643, 97
Trd, 4319760.293, 96
Trd, 4319760.443, 96
Trd, 4319762.693, 95
Trd, 4319762.843, 94
Trd, 4319763.293, 115
Trd, 4319764.243, 98
Trd, 4319766.293, 96
Trd, 4319766.543, 80
Trd, 4319770.143, 101
Trd, 4319770.543, 94
Trd, 4319772.193, 100
Trd, 4319774.093, 97
Trd, 4319775.193, 97
Trd, 4319776.743, 94
Trd, 4319776.993, 97
Trd, 4319779.243, 97
Trd, 4319780.793, 94
Trd, 4319783.543, 97
Trd, 4319786.843, 96
Trd, 4319786.893, 93
Trd, 4319786.993, 96
Trd, 4319788.793, 97
Trd, 4319789.993, 99
Trd, 4319790.643, 98
Trd, 4319791.343, 107
Trd, 4319791.393, 98
Trd, 4319792.093, 106
Trd, 4319792.793, 85
Trd, 4319794.943, 100
Trd, 4319795.243, 98
Trd, 4319796.043, 89
Trd, 4319797.243, 105
Trd, 4319797.993, 95
Trd, 4319800.043, 101
Trd, 4319800.593, 101
Trd, 4319802.043, 99
Trd, 4319802.693, 76
Trd, 4319804.593, 95
Trd, 4319805.843, 104
Trd, 4319805.893, 115
Trd, 4319808.893, 101
Trd, 4319809.843, 93
Trd, 4319810.093, 95
Trd, 4319811.243, 99
Trd, 4319811.693, 90
Trd, 4319813.393, 76
Trd, 4319813.843, 90
Trd, 4319816.893, 89
Trd, 4319817.143, 90
Trd, 4319817.443, 84
Trd, 4319818.293, 95
Trd, 4319819.093, 97
Trd, 4319820.693, 110
Trd, 4319822.393, 101
Trd, 4319822.593, 94
Trd, 4319824.493, 98
Trd, 4319825.143, 99
Trd, 4319825.243, 98
Trd, 4319826.243, 106
Trd, 4319827.343, 116
Trd, 4319828.643, 89
Trd, 4319828.693, 97
Trd, 4319829.193, 67
Trd, 4319831.993, 95
Trd, 4319832.993, 95
Trd, 4319833.343, 79
Trd, 4319835.393, 95
Trd, 4319835.643, 95
Trd, 4319840.193, 96
Trd, 4319840.593, 91
Trd, 4319840.993, 97
Trd, 4319842.443, 98
Trd, 4319843.343, 98
Trd, 4319844.743, 104
Trd, 4319845.093, 102
Trd, 4319846.543, 101
Trd, 4319847.493, 92
Trd, 4319851.743, 96
Trd, 4319852.543, 95
Trd, 4319853.743, 98
Trd, 4319854.443, 103
Trd, 4319854.943, 112
Trd, 4319855.993, 102
Trd, 4319858.043, 99
Trd, 4319858.643, 91
Trd, 4319859.743, 93
Trd, 4319861.443, 91
Trd, 4319862.893, 99
Trd, 4319862.993, 96
Trd, 4319864.793, 93
Trd, 4319865.093, 104
Trd, 4319865.543, 108
Trd, 4319867.193, 104
Trd, 4319867.593, 106
Trd, 4319868.793, 114
Trd, 4319870.643, 105
Trd, 4319871.543, 105
Trd, 4319871.743, 104
Trd, 4319872.643, 104
Trd, 4319874.243, 97
Trd, 4319875.443, 101
Trd, 4319876.443, 100
Trd, 4319876.893, 103
Trd, 4319878.343, 93
Trd, 4319878.993, 102
Trd, 4319881.043, 99
Trd, 4319882.893, 98
Trd, 4319883.143, 98
Trd, 4319884.343, 100
Trd, 4319885.593, 96
Trd, 4319888.243, 96
Trd, 4319889.093, 98
Trd, 4319890.893, 98
Trd, 4319893.643, 98
Trd, 4319893.793, 99
Trd, 4319894.743, 98
Trd, 4319896.043, 97
Trd, 4319897.343, 97
Trd, 4319899.493, 86
Trd, 4319900.543, 88
Trd, 4319900.843, 97
Trd, 4319901.443, 76
Trd, 4319903.143, 97
Trd, 4319904.193, 101
Trd, 4319904.343, 94
Trd, 4319905.193, 101
Trd, 4319905.793, 101
Trd, 4319907.093, 100
Trd, 4319909.693, 92
Trd, 4319911.443, 95
Trd, 4319912.543, 95
Trd, 4319912.593, 96
Trd, 4319914.393, 108
Trd, 4319915.943, 99
Trd, 4319916.693, 95
Trd, 4319917.243, 92
Trd, 4319919.643, 101
Trd, 4319921.443, 98
Trd, 4319922.993, 98
Trd, 4319924.043, 95
Trd, 4319924.793, 97
Trd, 4319926.093, 117
Trd, 4319928.193, 100
Trd, 4319928.943, 98
Trd, 4319929.493, 99
Trd, 4319929.843, 97
Trd, 4319931.143, 74
Trd, 4319932.343, 101
Trd, 4319935.093, 96
Trd, 4319935.293, 101
Trd, 4319935.993, 101
Trd, 4319936.543, 95
Trd, 4319937.743, 74
Trd, 4319938.293, 101
Trd, 4319941.293, 95
Trd, 4319944.443, 97
Trd, 4319945.443, 95
Trd, 4319946.443, 95
Trd, 4319947.193, 89
Trd, 4319948.643, 94
Trd, 4319950.493, 91
Trd, 4319951.293, 94
Trd, 4319954.243, 101
Trd, 4319954.793, 97
Trd, 4319955.093, 96
Trd, 4319956.293, 104
Trd, 4319956.443, 101
Trd, 4319957.993, 101
Trd, 4319960.593, 103
Trd, 4319961.043, 102
Trd, 4319963.143, 115
Trd, 4319964.593, 92
Trd, 4319965.593, 96
Trd, 4319965.893, 74
Trd, 4319968.093, 82
Trd, 4319968.393, 96
Trd, 4319969.643, 98
Trd, 4319969.893, 110
Trd, 4319972.643, 105
Trd, 4319973.543, 112
Trd, 4319974.393, 111
Trd, 4319974.943, 110
Trd, 4319977.493, 108
Trd, 4319977.893, 103
Trd, 4319978.343, 106
Trd, 4319980.093, 86
Trd, 4319982.093, 86
Trd, 4319982.893, 92
Trd, 4319983.293, 112
Trd, 4319984.343, 98
Trd, 4319985.093, 94
Trd, 4319989.093, 95
Trd, 4319989.243, 96
Trd, 4319989.593, 97
Trd, 4319990.843, 107
Trd, 4319991.793, 99
Trd, 4319992.143, 116
Trd, 4319992.543, 111
Trd, 4319993.243, 107
Trd, 4319994.793, 106
Trd, 4319999.343, 95
