Trd, 4317821.193, 77
Trd, 4317821.293, 84
Trd, 4317821.343, 86
Trd, 4317824.093, 86
Trd, 4317826.243, 87
Trd, 4317827.793, 93
Trd, 4317828.143, 91
Trd, 4317829.393, 90
Trd, 4317830.193, 90
Trd, 4317831.093, 89
Trd, 4317836.893, 90
Trd, 4317840.193, 91
Trd, 4317840.843, 91
Trd, 4317841.193, 90
Trd, 4317843.143, 94
Trd, 4317845.493, 95
Trd, 4317845.693, 92
Trd, 4317846.043, 91
Trd, 4317848.043, 91
Trd, 4317851.143, 91
Trd, 4317852.493, 90
Trd, 4317854.343, 90
Trd, 4317857.743, 95
Trd, 4317859.143, 94
Trd, 4317859.293, 93
Trd, 4317859.793, 95
Trd, 4317861.743, 92
Trd, 4317863.293, 91
Trd, 4317863.643, 90
Trd, 4317865.643, 93
Trd, 4317865.743, 93
Trd, 4317869.293, 92
Trd, 4317871.093, 93
Trd, 4317871.843, 90
Trd, 4317874.743, 90
Trd, 4317878.843, 94
Trd, 4317879.643, 95
Trd, 4317882.543, 93
Trd, 4317882.993, 93
Trd, 4317883.693, 95
Trd, 4317885.643, 95
Trd, 4317886.193, 93
Trd, 4317888.643, 92
Trd, 4317889.493, 97
Trd, 4317889.893, 97
Trd, 4317889.993, 102
Trd, 4317890.593, 102
Trd, 4317893.643, 102
Trd, 4317894.043, 101
Trd, 4317897.093, 103
Trd, 4317898.643, 108
Trd, 4317900.143, 106
Trd, 4317902.293, 105
Trd, 4317903.043, 107
Trd, 4317903.443, 107
Trd, 4317904.243, 105
Trd, 4317906.443, 100
Trd, 4317907.193, 95
Trd, 4317908.393, 96
Trd, 4317908.743, 82
Trd, 4317911.043, 95
Trd, 4317911.943, 95
Trd, 4317912.993, 97
Trd, 4317914.043, 95
Trd, 4317917.593, 96
Trd, 4317917.743, 94
Trd, 4317919.893, 96
Trd, 4317920.043, 96
Trd, 4317922.493, 95
Trd, 4317924.393, 93
Trd, 4317924.743, 95
Trd, 4317926.393, 93
Trd, 4317929.943, 94
Trd, 4317930.193, 95
Trd, 4317930.843, 93
Trd, 4317934.543, 93
Trd, 4317935.243, 92
Trd, 4317935.343, 94
Trd, 4317936.343, 94
Trd, 4317937.493, 95
Trd, 4317938.943, 99
Trd, 4317938.993, 99
Trd, 4317940.643, 101
Trd, 4317942.843, 92
Trd, 4317943.793, 95
Trd, 4317944.593, 86
Trd, 4317947.243, 94
Trd, 4317947.543, 95
Trd, 4317949.893, 94
Trd, 4317950.193, 95
Trd, 4317953.393, 95
Trd, 4317954.343, 95
Trd, 4317955.143, 95
Trd, 4317955.593, 96
Trd, 4317956.793, 89
Trd, 4317960.393, 96
Trd, 4317961.543, 94
Trd, 4317962.893, 95
Trd, 4317964.643, 95
Trd, 4317968.243, 105
Trd, 4317968.493, 103
Trd, 4317968.643, 96
Trd, 4317969.593, 99
Trd, 4317970.843, 102
Trd, 4317971.593, 103
Trd, 4317972.393, 103
Trd, 4317974.793, 100
Trd, 4317976.093, 100
Trd, 4317979.593, 89
Trd, 4317980.343, 87
Trd, 4317981.193, 90
Trd, 4317982.293, 89
Trd, 4317982.493, 90
Trd, 4317983.343, 85
Trd, 4317985.843, 89
Trd, 4317988.043, 89
Trd, 4317988.443, 87
Trd, 4317990.443, 91
Trd, 4317990.893, 90
Trd, 4317991.143, 89
Trd, 4317996.843, 88
Trd, 4317997.443, 88
Trd, 4317997.993, 90
Trd, 4317999.343, 88
Trd, 4318001.843, 90
Trd, 4318002.243, 90
Trd, 4318003.093, 89
Trd, 4318004.193, 89
Trd, 4318004.993, 88
Trd, 4318005.593, 89
Trd, 4318005.743, 95
Trd, 4318008.793, 95
Trd, 4318010.243, 92
Trd, 4318011.193, 100
Trd, 4318011.743, 99
Trd, 4318011.943, 99
Trd, 4318013.243, 101
Trd, 4318013.443, 100
Trd, 4318014.543, 100
Trd, 4318016.193, 98
Trd, 4318017.493, 94
Trd, 4318018.343, 76
Trd, 4318018.943, 94
Trd, 4318022.443, 90
Trd, 4318022.993, 91
Trd, 4318025.543, 95
Trd, 4318026.693, 99
Trd, 4318026.993, 98
Trd, 4318027.493, 98
Trd, 4318030.543, 98
Trd, 4318031.693, 98
Trd, 4318032.043, 97
Trd, 4318032.943, 95
Trd, 4318034.193, 97
Trd, 4318034.993, 98
Trd, 4318035.043, 93
Trd, 4318040.543, 95
Trd, 4318041.143, 96
Trd, 4318044.643, 95
Trd, 4318044.793, 98
Trd, 4318046.393, 97
Trd, 4318046.493, 95
Trd, 4318049.593, 96
Trd, 4318051.193, 97
Trd, 4318053.643, 96
Trd, 4318056.593, 94
Trd, 4318057.393, 93
Trd, 4318057.843, 92
Trd, 4318058.443, 93
Trd, 4318061.743, 94
Trd, 4318062.593, 93
Trd, 4318063.243, 92
Trd, 4318066.243, 98
Trd, 4318067.543, 98
Trd, 4318068.493, 97
Trd, 4318069.443, 98
Trd, 4318069.793, 95
Trd, 4318071.293, 96
Trd, 4318071.693, 94
Trd, 4318076.243, 97
Trd, 4318077.343, 96
Trd, 4318078.543, 94
Trd, 4318078.893, 92
Trd, 4318079.893, 94
Trd, 4318081.443, 94
Trd, 4318081.643, 92
Trd, 4318082.743, 93
Trd, 4318085.893, 92
Trd, 4318086.243, 93
Trd, 4318088.493, 92
Trd, 4318089.393, 94
Trd, 4318090.793, 94
Trd, 4318093.443, 94
Trd, 4318093.493, 93
Trd, 4318096.243, 94
Trd, 4318099.193, 95
Trd, 4318101.643, 94
Trd, 4318101.993, 92
Trd, 4318105.843, 93
Trd, 4318106.743, 92
Trd, 4318110.643, 91
Trd, 4318111.343, 89
Trd, 4318113.693, 95
Trd, 4318114.593, 90
Trd, 4318117.443, 95
Trd, 4318117.793, 95
Trd, 4318119.593, 94
Trd, 4318120.143, 94
Trd, 4318121.293, 93
Trd, 4318121.793, 94
Trd, 4318124.693, 93
Trd, 4318127.593, 92
Trd, 4318130.443, 90
Trd, 4318131.993, 93
Trd, 4318132.143, 95
Trd, 4318133.843, 92
Trd, 4318134.993, 91
Trd, 4318137.193, 93
Trd, 4318137.643, 94
Trd, 4318138.993, 90
Trd, 4318141.443, 91
Trd, 4318142.293, 94
Trd, 4318144.293, 95
Trd, 4318144.943, 95
Trd, 4318145.293, 94
Trd, 4318145.543, 93
Trd, 4318149.393, 93
Trd, 4318153.743, 95
Trd, 4318153.843, 93
Trd, 4318154.843, 93
Trd, 4318155.893, 94
Trd, 4318156.993, 93
Trd, 4318158.393, 93
Trd, 4318161.593, 95
Trd, 4318162.193, 94
Trd, 4318162.493, 91
Trd, 4318162.893, 91
Trd, 4318163.293, 91
Trd, 4318164.243, 95
Trd, 4318165.893, 90
Trd, 4318168.393, 89
Trd, 4318169.043, 93
Trd, 4318170.993, 90
Trd, 4318171.693, 91
Trd, 4318176.043, 91
Trd, 4318176.543, 90
Trd, 4318178.643, 89
Trd, 4318179.043, 92
Trd, 4318180.943, 88
Trd, 4318183.743, 86
Trd, 4318184.593, 88
Trd, 4318184.843, 88
Trd, 4318185.943, 95
Trd, 4318185.993, 94
Trd, 4318188.943, 89
Trd, 4318190.543, 92
Trd, 4318192.793, 93
Trd, 4318194.043, 93
Trd, 4318196.293, 93
Trd, 4318196.793, 92
Trd, 4318197.193, 92
Trd, 4318201.993, 92
Trd, 4318203.193, 91
Trd, 4318206.643, 94
Trd, 4318207.493, 95
Trd, 4318207.743, 93
Trd, 4318208.943, 97
Trd, 4318210.693, 92
Trd, 4318212.993, 91
Trd, 4318213.293, 97
Trd, 4318215.193, 90
Trd, 4318217.593, 92
Trd, 4318218.043, 90
Trd, 4318222.143, 95
Trd, 4318223.643, 92
Trd, 4318224.293, 92
Trd, 4318226.193, 94
Trd, 4318228.143, 94
Trd, 4318229.643, 94
Trd, 4318231.393, 95
Trd, 4318231.743, 93
Trd, 4318232.093, 93
Trd, 4318232.443, 92
Trd, 4318232.793, 95
Trd, 4318237.943, 92
Trd, 4318242.293, 94
Trd, 4318244.343, 93
Trd, 4318245.543, 94
Trd, 4318246.043, 91
Trd, 4318248.593, 91
Trd, 4318249.943, 90
Trd, 4318250.393, 90
Trd, 4318251.593, 91
Trd, 4318255.593, 92
Trd, 4318256.293, 91
Trd, 4318257.693, 92
Trd, 4318257.943, 91
Trd, 4318261.343, 92
Trd, 4318261.393, 90
Trd, 4318262.893, 92
Trd, 4318263.043, 90
Trd, 4318265.393, 90
Trd, 4318266.593, 92
Trd, 4318267.993, 89
Trd, 4318270.143, 91
Trd, 4318272.293, 91
Trd, 4318273.893, 91
Trd, 4318274.243, 92
Trd, 4318276.643, 90
Trd, 4318281.793, 91
Trd, 4318283.743, 91
Trd, 4318285.793, 92
Trd, 4318285.893, 91
Trd, 4318287.393, 91
Trd, 4318287.443, 90
Trd, 4318291.693, 91
Trd, 4318291.893, 90
Trd, 4318295.543, 91
Trd, 4318295.993, 89
Trd, 4318296.643, 89
Trd, 4318297.643, 88
Trd, 4318299.943, 87
Trd, 4318301.643, 89
Trd, 4318301.693, 90
Trd, 4318303.143, 91
Trd, 4318304.143, 90
Trd, 4318307.593, 91
Trd, 4318310.143, 91
Trd, 4318312.493, 91
Trd, 4318313.843, 91
Trd, 4318314.643, 91
Trd, 4318316.143, 92
Trd, 4318316.593, 91
Trd, 4318318.893, 92
Trd, 4318319.143, 90
Trd, 4318320.343, 90
Trd, 4318322.793, 89
Trd, 4318324.093, 91
Trd, 4318324.193, 89
Trd, 4318325.143, 89
Trd, 4318327.143, 88
Trd, 4318327.743, 87
Trd, 4318333.143, 88
Trd, 4318334.343, 88
Trd, 4318334.943, 91
Trd, 4318337.193, 90
Trd, 4318338.793, 89
Trd, 4318338.893, 88
Trd, 4318341.193, 87
Trd, 4318343.093, 90
Trd, 4318343.243, 89
Trd, 4318344.093, 88
Trd, 4318346.143, 94
Trd, 4318348.793, 92
Trd, 4318349.943, 93
Trd, 4318351.493, 94
Trd, 4318352.093, 91
Trd, 4318355.243, 91
Trd, 4318355.693, 94
Trd, 4318357.293, 94
Trd, 4318359.243, 97
Trd, 4318359.743, 99
Trd, 4318361.893, 99
Trd, 4318362.343, 99
Trd, 4318363.393, 93
Trd, 4318364.493, 98
Trd, 4318365.093, 75
Trd, 4318367.093, 93
Trd, 4318370.193, 93
Trd, 4318370.643, 92
Trd, 4318371.043, 90
Trd, 4318371.893, 92
Trd, 4318375.293, 81
Trd, 4318375.543, 82
Trd, 4318376.143, 76
Trd, 4318380.193, 91
Trd, 4318380.293, 90
Trd, 4318381.443, 90
Trd, 4318381.943, 90
Trd, 4318383.393, 93
Trd, 4318384.643, 96
Trd, 4318385.293, 95
Trd, 4318387.743, 102
Trd, 4318387.993, 93
Trd, 4318388.993, 104
Trd, 4318389.543, 103
Trd, 4318391.093, 103
Trd, 4318392.443, 102
Trd, 4318392.643, 102
Trd, 4318395.293, 103
Trd, 4318396.143, 100
Trd, 4318399.243, 82
Trd, 4318399.293, 87
Trd, 4318400.793, 86
Trd, 4318402.043, 87
Trd, 4318404.343, 86
Trd, 4318404.543, 86
Trd, 4318405.593, 95
Trd, 4318406.443, 94
Trd, 4318406.543, 87
Trd, 4318407.443, 88
Trd, 4318410.493, 87
Trd, 4318413.593, 86
Trd, 4318414.843, 93
Trd, 4318414.993, 87
Trd, 4318420.043, 87
Trd, 4318420.543, 87
Trd, 4318422.043, 88
Trd, 4318424.343, 86
Trd, 4318425.843, 86
Trd, 4318425.893, 85
Trd, 4318426.043, 84
Trd, 4318427.893, 88
Trd, 4318430.193, 87
Trd, 4318430.993, 88
Trd, 4318431.093, 86
Trd, 4318433.593, 90
Trd, 4318434.843, 90
Trd, 4318435.043, 90
Trd, 4318439.593, 88
Trd, 4318439.693, 88
Trd, 4318440.093, 89
Trd, 4318441.643, 88
Trd, 4318443.343, 87
Trd, 4318445.543, 88
Trd, 4318446.443, 87
Trd, 4318446.643, 88
Trd, 4318448.643, 87
Trd, 4318452.993, 88
Trd, 4318453.143, 86
Trd, 4318454.743, 88
Trd, 4318455.793, 86
Trd, 4318461.093, 87
Trd, 4318461.343, 85
Trd, 4318463.093, 87
Trd, 4318464.843, 88
Trd, 4318468.243, 88
Trd, 4318468.393, 87
Trd, 4318468.843, 88
Trd, 4318473.143, 88
Trd, 4318474.093, 87
Trd, 4318475.243, 87
Trd, 4318476.393, 88
Trd, 4318477.443, 89
Trd, 4318479.093, 86
Trd, 4318479.943, 88
Trd, 4318481.093, 87
Trd, 4318481.193, 86
Trd, 4318482.793, 95
Trd, 4318484.193, 89
Trd, 4318486.793, 92
Trd, 4318487.543, 90
Trd, 4318489.343, 89
Trd, 4318491.243, 93
Trd, 4318494.443, 93
Trd, 4318495.243, 93
Trd, 4318495.293, 95
Trd, 4318495.743, 92
Trd, 4318496.693, 92
Trd, 4318499.593, 91
Trd, 4318501.843, 93
Trd, 4318502.343, 92
Trd, 4318504.443, 91
Trd, 4318505.993, 95
Trd, 4318511.543, 93
Trd, 4318511.743, 93
Trd, 4318512.993, 91
Trd, 4318514.343, 91
Trd, 4318517.743, 91
Trd, 4318518.393, 95
Trd, 4318521.293, 94
Trd, 4318523.543, 95
Trd, 4318525.093, 94
Trd, 4318525.143, 93
Trd, 4318526.443, 92
Trd, 4318526.793, 92
Trd, 4318528.893, 94
Trd, 4318530.193, 91
Trd, 4318532.943, 91
Trd, 4318536.543, 95
Trd, 4318536.893, 90
Trd, 4318538.993, 91
Trd, 4318539.493, 92
Trd, 4318539.743, 95
Trd, 4318542.193, 92
Trd, 4318543.293, 94
Trd, 4318545.343, 95
Trd, 4318545.443, 92
Trd, 4318545.543, 92
Trd, 4318548.343, 91
Trd, 4318550.993, 90
Trd, 4318552.393, 94
Trd, 4318553.143, 88
Trd, 4318554.043, 89
Trd, 4318554.243, 84
Trd, 4318555.243, 86
Trd, 4318556.743, 87
Trd, 4318559.743, 94
Trd, 4318560.693, 92
Trd, 4318561.093, 92
Trd, 4318563.343, 91
Trd, 4318565.793, 92
Trd, 4318567.893, 90
Trd, 4318571.143, 91
Trd, 4318571.543, 89
Trd, 4318577.643, 89
Trd, 4318578.143, 90
Trd, 4318578.743, 92
Trd, 4318578.993, 92
Trd, 4318579.043, 93
Trd, 4318581.243, 90
Trd, 4318583.193, 89
Trd, 4318587.943, 88
Trd, 4318588.093, 89
Trd, 4318588.193, 87
Trd, 4318590.343, 95
Trd, 4318592.093, 101
Trd, 4318592.843, 101
Trd, 4318592.993, 98
Trd, 4318594.293, 99
Trd, 4318597.393, 90
Trd, 4318600.243, 90
Trd, 4318600.943, 91
Trd, 4318601.843, 90
Trd, 4318602.693, 84
Trd, 4318602.843, 95
Trd, 4318605.093, 92
Trd, 4318605.793, 91
Trd, 4318608.443, 90
Trd, 4318611.293, 91
Trd, 4318611.743, 89
Trd, 4318614.743, 91
Trd, 4318615.293, 90
Trd, 4318619.293, 91
Trd, 4318621.393, 91
Trd, 4318622.393, 91
Trd, 4318624.443, 90
Trd, 4318626.793, 91
Trd, 4318627.743, 89
Trd, 4318628.843, 89
Trd, 4318629.943, 88
Trd, 4318631.293, 90
Trd, 4318632.493, 86
Trd, 4318634.843, 90
Trd, 4318636.143, 88
Trd, 4318636.493, 90
Trd, 4318638.993, 88
Trd, 4318642.393, 90
Trd, 4318643.243, 91
Trd, 4318643.543, 95
Trd, 4318644.793, 89
Trd, 4318647.393, 89
Trd, 4318648.293, 87
Trd, 4318650.293, 90
Trd, 4318652.093, 77
Trd, 4318653.493, 82
Trd, 4318653.843, 81
Trd, 4318655.593, 81
Trd, 4318656.043, 80
Trd, 4318657.193, 91
Trd, 4318658.193, 80
Trd, 4318660.193, 86
Trd, 4318661.643, 86
Trd, 4318662.893, 88
Trd, 4318664.893, 87
Trd, 4318665.043, 88
Trd, 4318665.543, 88
Trd, 4318668.843, 85
Trd, 4318669.893, 85
Trd, 4318671.693, 87
Trd, 4318672.993, 86
Trd, 4318674.093, 87
Trd, 4318675.393, 95
Trd, 4318676.793, 88
Trd, 4318678.393, 90
Trd, 4318679.043, 95
Trd, 4318681.493, 89
Trd, 4318682.643, 92
Trd, 4318684.643, 91
Trd, 4318685.293, 89
Trd, 4318688.043, 94
Trd, 4318688.743, 95
Trd, 4318689.143, 95
Trd, 4318690.543, 95
Trd, 4318691.443, 95
Trd, 4318692.043, 96
Trd, 4318695.593, 95
Trd, 4318700.293, 95
Trd, 4318700.843, 94
Trd, 4318703.543, 94
Trd, 4318705.393, 93
Trd, 4318705.843, 96
Trd, 4318706.143, 97
Trd, 4318707.893, 95
Trd, 4318709.843, 96
Trd, 4318710.543, 97
Trd, 4318712.243, 95
Trd, 4318713.693, 97
Trd, 4318714.393, 95
Trd, 4318714.643, 94
Trd, 4318718.293, 96
Trd, 4318718.343, 96
Trd, 4318719.393, 95
Trd, 4318722.743, 95
Trd, 4318723.893, 95
Trd, 4318724.243, 96
Trd, 4318728.843, 95
Trd, 4318729.043, 94
Trd, 4318730.393, 93
Trd, 4318733.493, 91
Trd, 4318735.243, 94
Trd, 4318735.343, 92
Trd, 4318737.193, 91
Trd, 4318737.393, 93
Trd, 4318738.943, 89
Trd, 4318739.693, 90
Trd, 4318742.093, 90
Trd, 4318744.643, 93
Trd, 4318744.993, 89
Trd, 4318745.893, 98
Trd, 4318746.493, 99
Trd, 4318746.993, 93
Trd, 4318748.943, 96
Trd, 4318749.693, 97
Trd, 4318752.393, 98
Trd, 4318752.793, 98
Trd, 4318754.443, 98
Trd, 4318757.843, 97
Trd, 4318758.393, 76
Trd, 4318759.193, 92
Trd, 4318760.643, 91
Trd, 4318761.793, 90
Trd, 4318764.243, 91
Trd, 4318765.593, 103
Trd, 4318765.643, 100
Trd, 4318766.193, 89
Trd, 4318767.443, 89
Trd, 4318767.593, 86
Trd, 4318769.093, 88
Trd, 4318771.243, 87
Trd, 4318772.343, 77
Trd, 4318776.043, 84
Trd, 4318777.193, 85
Trd, 4318778.693, 86
Trd, 4318780.293, 86
Trd, 4318780.693, 87
Trd, 4318783.393, 86
Trd, 4318784.343, 85
Trd, 4318784.593, 84
Trd, 4318786.493, 86
Trd, 4318786.693, 95
Trd, 4318788.643, 97
Trd, 4318789.143, 97
Trd, 4318789.593, 76
Trd, 4318791.843, 98
Trd, 4318792.993, 98
Trd, 4318793.593, 97
Trd, 4318795.293, 96
Trd, 4318797.293, 93
Trd, 4318798.243, 95
Trd, 4318799.093, 95
Trd, 4318800.143, 102
Trd, 4318800.443, 102
Trd, 4318802.093, 100
Trd, 4318802.993, 100
Trd, 4318803.793, 100
Trd, 4318804.143, 93
Trd, 4318806.943, 98
Trd, 4318808.043, 100
Trd, 4318808.493, 101
Trd, 4318810.393, 101
Trd, 4318811.343, 101
Trd, 4318811.493, 100
Trd, 4318813.593, 100
Trd, 4318815.343, 98
Trd, 4318816.743, 97
Trd, 4318817.093, 93
Trd, 4318818.743, 92
Trd, 4318820.643, 96
Trd, 4318822.043, 95
Trd, 4318822.843, 96
Trd, 4318825.093, 95
Trd, 4318827.743, 94
Trd, 4318831.293, 95
Trd, 4318831.943, 95
Trd, 4318834.993, 96
Trd, 4318836.193, 95
Trd, 4318838.493, 94
Trd, 4318839.393, 94
Trd, 4318841.693, 93
Trd, 4318842.893, 95
Trd, 4318845.493, 93
Trd, 4318846.993, 95
Trd, 4318848.093, 93
Trd, 4318849.893, 95
Trd, 4318851.343, 93
Trd, 4318852.893, 94
Trd, 4318852.993, 92
Trd, 4318854.843, 92
Trd, 4318857.343, 93
Trd, 4318859.843, 95
Trd, 4318862.243, 94
Trd, 4318865.393, 93
Trd, 4318865.493, 92
Trd, 4318867.343, 95
Trd, 4318869.393, 92
Trd, 4318871.043, 95
Trd, 4318874.593, 94
Trd, 4318876.493, 95
Trd, 4318876.543, 93
Trd, 4318879.143, 94
Trd, 4318879.793, 93
Trd, 4318881.843, 94
Trd, 4318883.043, 94
Trd, 4318885.343, 93
Trd, 4318886.643, 95
Trd, 4318887.693, 92
Trd, 4318888.593, 91
Trd, 4318892.043, 94
Trd, 4318892.393, 93
Trd, 4318895.343, 94
Trd, 4318896.793, 93
Trd, 4318899.043, 94
Trd, 4318899.893, 95
Trd, 4318901.793, 91
Trd, 4318901.843, 96
Trd, 4318903.493, 93
Trd, 4318906.193, 90
Trd, 4318907.143, 91
Trd, 4318907.543, 89
Trd, 4318912.193, 91
Trd, 4318912.493, 91
Trd, 4318912.593, 90
Trd, 4318916.993, 90
Trd, 4318920.043, 92
Trd, 4318920.793, 91
Trd, 4318921.043, 90
Trd, 4318922.493, 90
Trd, 4318923.443, 93
Trd, 4318926.543, 93
Trd, 4318928.043, 92
Trd, 4318931.093, 90
Trd, 4318933.543, 92
Trd, 4318934.943, 90
Trd, 4318938.693, 92
Trd, 4318938.843, 91
Trd, 4318941.493, 91
Trd, 4318941.743, 93
Trd, 4318942.943, 90
Trd, 4318944.743, 88
Trd, 4318945.643, 89
Trd, 4318945.743, 88
Trd, 4318947.993, 93
Trd, 4318951.493, 89
Trd, 4318953.143, 90
Trd, 4318955.093, 89
Trd, 4318957.543, 88
Trd, 4318960.443, 89
Trd, 4318962.193, 88
Trd, 4318962.643, 88
Trd, 4318962.743, 86
Trd, 4318964.293, 89
Trd, 4318966.693, 87
Trd, 4318970.243, 89
Trd, 4318971.593, 88
Trd, 4318973.093, 87
Trd, 4318975.043, 86
Trd, 4318977.093, 86
Trd, 4318977.743, 88
Trd, 4318979.843, 88
Trd, 4318980.743, 87
Trd, 4318980.943, 86
Trd, 4318980.993, 88
Trd, 4318984.693, 88
Trd, 4318988.843, 89
Trd, 4318989.543, 89
Trd, 4318990.843, 90
Trd, 4318992.293, 89
Trd, 4318993.743, 89
Trd, 4318994.443, 88
Trd, 4318996.943, 90
Trd, 4318998.993, 88
Trd, 4319000.993, 88
Trd, 4319002.943, 88
Trd, 4319003.543, 90
Trd, 4319006.093, 90
Trd, 4319006.393, 90
Trd, 4319007.743, 89
Trd, 4319007.943, 90
Trd, 4319008.793, 87
Trd, 4319011.543, 92
Trd, 4319012.793, 90
Trd, 4319013.793, 90
Trd, 4319014.143, 95
Trd, 4319015.293, 92
Trd, 4319016.843, 91
Trd, 4319018.043, 93
Trd, 4319020.793, 92
Trd, 4319021.693, 91
Trd, 4319021.893, 90
Trd, 4319022.993, 92
Trd, 4319023.043, 89
Trd, 4319026.793, 95
Trd, 4319027.743, 95
Trd, 4319029.143, 96
Trd, 4319029.443, 95
Trd, 4319029.943, 92
Trd, 4319031.643, 95
Trd, 4319034.393, 93
Trd, 4319034.843, 95
Trd, 4319034.993, 96
Trd, 4319035.593, 96
Trd, 4319038.343, 95
Trd, 4319039.293, 93
Trd, 4319041.893, 94
Trd, 4319044.143, 93
Trd, 4319045.943, 92
Trd, 4319046.593, 94
Trd, 4319047.393, 94
Trd, 4319049.343, 95
Trd, 4319049.443, 94
Trd, 4319050.293, 95
Trd, 4319052.493, 92
Trd, 4319054.243, 90
Trd, 4319058.143, 95
Trd, 4319059.293, 101
Trd, 4319061.443, 104
Trd, 4319062.093, 107
Trd, 4319065.043, 100
Trd, 4319065.093, 93
Trd, 4319065.643, 93
Trd, 4319067.343, 96
Trd, 4319067.693, 94
Trd, 4319070.493, 86
Trd, 4319070.593, 86
Trd, 4319072.543, 88
Trd, 4319075.143, 90
Trd, 4319076.693, 87
Trd, 4319077.593, 90
Trd, 4319078.293, 91
Trd, 4319080.643, 92
Trd, 4319081.543, 91
Trd, 4319082.143, 90
Trd, 4319083.543, 92
Trd, 4319086.143, 90
Trd, 4319086.843, 92
Trd, 4319087.993, 96
Trd, 4319089.093, 95
Trd, 4319092.843, 95
Trd, 4319093.143, 94
Trd, 4319093.293, 93
Trd, 4319094.043, 96
Trd, 4319098.243, 95
Trd, 4319098.343, 96
Trd, 4319099.593, 94
Trd, 4319099.893, 96
Trd, 4319100.543, 93
Trd, 4319106.693, 93
Trd, 4319108.543, 96
Trd, 4319109.093, 95
Trd, 4319109.993, 100
Trd, 4319111.193, 100
Trd, 4319112.293, 98
Trd, 4319113.893, 97
Trd, 4319117.593, 98
Trd, 4319117.843, 97
Trd, 4319118.293, 99
Trd, 4319118.893, 98
Trd, 4319119.843, 93
Trd, 4319124.093, 95
Trd, 4319125.743, 96
Trd, 4319126.843, 96
Trd, 4319128.093, 95
Trd, 4319129.443, 95
Trd, 4319132.193, 96
Trd, 4319132.243, 95
Trd, 4319134.193, 94
Trd, 4319134.693, 95
Trd, 4319136.043, 95
Trd, 4319137.693, 94
Trd, 4319139.993, 95
Trd, 4319140.093, 93
Trd, 4319142.093, 93
Trd, 4319143.593, 91
Trd, 4319143.743, 90
Trd, 4319146.593, 98
Trd, 4319147.693, 99
Trd, 4319148.593, 99
Trd, 4319152.243, 99
Trd, 4319153.743, 98
Trd, 4319153.943, 98
Trd, 4319154.393, 98
Trd, 4319154.843, 102
Trd, 4319158.193, 99
Trd, 4319158.693, 100
Trd, 4319160.393, 99
Trd, 4319162.093, 99
Trd, 4319165.993, 97
Trd, 4319168.493, 101
Trd, 4319168.693, 98
Trd, 4319170.243, 101
Trd, 4319171.093, 101
Trd, 4319172.943, 98
Trd, 4319173.443, 99
Trd, 4319174.793, 90
Trd, 4319175.943, 90
Trd, 4319176.593, 77
Trd, 4319177.993, 89
Trd, 4319178.643, 92
Trd, 4319180.343, 93
Trd, 4319181.643, 92
Trd, 4319184.843, 92
Trd, 4319185.143, 93
Trd, 4319185.293, 92
Trd, 4319187.443, 93
Trd, 4319188.843, 93
Trd, 4319189.243, 93
Trd, 4319190.693, 94
Trd, 4319193.543, 93
Trd, 4319194.593, 92
Trd, 4319198.493, 94
Trd, 4319199.493, 93
Trd, 4319199.743, 93
Trd, 4319201.793, 95
Trd, 4319203.193, 94
Trd, 4319203.893, 92
Trd, 4319206.943, 91
Trd, 4319208.143, 93
Trd, 4319208.743, 90
Trd, 4319213.293, 91
Trd, 4319214.493, 90
Trd, 4319217.693, 91
Trd, 4319218.193, 92
Trd, 4319219.043, 91
Trd, 4319222.993, 90
Trd, 4319224.193, 90
Trd, 4319227.393, 92
Trd, 4319227.493, 92
Trd, 4319230.393, 91
Trd, 4319230.743, 89
Trd, 4319233.893, 89
Trd, 4319234.693, 95
Trd, 4319235.593, 91
Trd, 4319235.843, 91
Trd, 4319236.743, 90
Trd, 4319243.043, 91
Trd, 4319245.743, 92
Trd, 4319245.893, 92
Trd, 4319246.243, 92
Trd, 4319248.943, 92
Trd, 4319252.793, 92
Trd, 4319253.093, 91
Trd, 4319254.643, 91
Trd, 4319255.693, 93
Trd, 4319257.843, 91
Trd, 4319259.093, 90
Trd, 4319259.193, 89
Trd, 4319260.193, 92
Trd, 4319261.243, 93
Trd, 4319261.743, 94
Trd, 4319262.293, 94
Trd, 4319265.543, 103
Trd, 4319265.893, 102
Trd, 4319267.543, 105
Trd, 4319269.293, 104
Trd, 4319270.693, 102
Trd, 4319271.543, 108
Trd, 4319274.043, 108
Trd, 4319274.143, 107
Trd, 4319274.343, 105
Trd, 4319276.343, 96
Trd, 4319277.643, 102
Trd, 4319278.593, 99
Trd, 4319279.843, 99
Trd, 4319279.893, 98
Trd, 4319283.043, 98
Trd, 4319284.093, 98
Trd, 4319286.193, 97
Trd, 4319286.343, 97
Trd, 4319287.793, 76
Trd, 4319289.393, 79
Trd, 4319290.243, 79
Trd, 4319291.543, 87
Trd, 4319293.993, 83
Trd, 4319296.043, 87
Trd, 4319296.943, 90
Trd, 4319297.343, 89
Trd, 4319300.193, 89
Trd, 4319300.493, 86
Trd, 4319301.543, 89
Trd, 4319302.993, 95
Trd, 4319303.343, 91
Trd, 4319305.793, 95
Trd, 4319305.943, 90
Trd, 4319308.493, 91
Trd, 4319312.193, 92
Trd, 4319313.493, 89
Trd, 4319314.193, 89
Trd, 4319314.693, 88
Trd, 4319316.693, 93
Trd, 4319318.843, 93
Trd, 4319319.443, 91
Trd, 4319319.793, 89
Trd, 4319324.793, 91
Trd, 4319326.493, 90
Trd, 4319327.743, 92
Trd, 4319329.343, 92
Trd, 4319330.743, 95
Trd, 4319332.643, 91
Trd, 4319334.493, 92
Trd, 4319335.893, 91
Trd, 4319338.093, 94
Trd, 4319340.093, 92
Trd, 4319340.243, 95
Trd, 4319343.293, 94
Trd, 4319345.493, 95
Trd, 4319345.743, 95
Trd, 4319346.193, 95
Trd, 4319347.593, 95
Trd, 4319348.843, 76
Trd, 4319350.243, 91
Trd, 4319352.443, 90
Trd, 4319353.443, 90
Trd, 4319353.943, 89
Trd, 4319355.193, 89
Trd, 4319356.493, 86
Trd, 4319356.643, 90
Trd, 4319359.043, 86
Trd, 4319362.693, 86
Trd, 4319364.343, 86
Trd, 4319364.543, 86
Trd, 4319368.443, 94
Trd, 4319368.743, 89
Trd, 4319369.043, 91
Trd, 4319369.343, 87
Trd, 4319371.243, 79
Trd, 4319373.243, 86
Trd, 4319374.743, 88
Trd, 4319375.793, 87
Trd, 4319376.593, 89
Trd, 4319378.243, 90
Trd, 4319380.893, 88
Trd, 4319382.393, 90
Trd, 4319384.343, 92
Trd, 4319384.743, 89
Trd, 4319384.893, 88
Trd, 4319386.043, 91
Trd, 4319386.293, 87
Trd, 4319389.593, 91
Trd, 4319392.493, 91
Trd, 4319392.643, 90
Trd, 4319393.343, 95
Trd, 4319394.343, 87
Trd, 4319394.793, 88
Trd, 4319396.743, 89
Trd, 4319397.693, 88
Trd, 4319398.643, 89
Trd, 4319400.343, 90
Trd, 4319403.893, 90
Trd, 4319405.343, 90
Trd, 4319406.393, 89
Trd, 4319407.843, 89
Trd, 4319408.043, 90
Trd, 4319411.493, 88
Trd, 4319411.793, 88
Trd, 4319414.943, 89
Trd, 4319415.443, 90
Trd, 4319416.343, 88
Trd, 4319419.543, 90
Trd, 4319420.443, 89
Trd, 4319423.543, 89
Trd, 4319424.243, 89
Trd, 4319425.043, 89
Trd, 4319426.643, 89
Trd, 4319426.993, 88
Trd, 4319429.843, 88
Trd, 4319431.893, 89
Trd, 4319434.143, 88
Trd, 4319439.493, 89
Trd, 4319439.593, 90
Trd, 4319439.793, 88
Trd, 4319440.393, 87
Trd, 4319443.643, 88
Trd, 4319444.693, 87
Trd, 4319447.643, 89
Trd, 4319448.343, 86
Trd, 4319450.243, 89
Trd, 4319450.493, 89
Trd, 4319450.593, 86
Trd, 4319452.193, 95
Trd, 4319453.793, 92
Trd, 4319454.843, 93
Trd, 4319455.543, 90
Trd, 4319459.193, 92
Trd, 4319460.343, 92
Trd, 4319461.443, 94
Trd, 4319461.493, 93
Trd, 4319462.293, 95
Trd, 4319464.943, 99
Trd, 4319465.293, 98
Trd, 4319465.593, 97
Trd, 4319465.943, 93
Trd, 4319469.043, 97
Trd, 4319469.493, 95
Trd, 4319471.043, 96
Trd, 4319471.843, 97
Trd, 4319475.443, 96
Trd, 4319475.643, 98
Trd, 4319476.993, 95
Trd, 4319477.343, 98
Trd, 4319479.893, 95
Trd, 4319481.043, 96
Trd, 4319484.293, 93
Trd, 4319485.043, 97
Trd, 4319486.843, 92
Trd, 4319488.593, 91
Trd, 4319492.743, 93
Trd, 4319494.943, 96
Trd, 4319496.343, 92
Trd, 4319496.793, 95
Trd, 4319499.393, 95
Trd, 4319500.143, 93
Trd, 4319502.593, 92
Trd, 4319502.643, 92
Trd, 4319505.993, 92
Trd, 4319506.193, 77
Trd, 4319510.243, 76
Trd, 4319510.593, 85
Trd, 4319512.243, 82
Trd, 4319512.493, 80
Trd, 4319513.243, 82
Trd, 4319515.343, 84
Trd, 4319517.643, 95
Trd, 4319518.043, 89
Trd, 4319519.043, 89
Trd, 4319519.193, 88
Trd, 4319521.643, 88
Trd, 4319525.543, 88
Trd, 4319528.143, 90
Trd, 4319528.393, 89
Trd, 4319529.593, 89
Trd, 4319532.143, 88
Trd, 4319533.443, 88
Trd, 4319536.943, 90
Trd, 4319537.843, 89
Trd, 4319537.993, 89
Trd, 4319538.543, 89
Trd, 4319540.893, 98
Trd, 4319541.643, 100
Trd, 4319542.043, 100
Trd, 4319542.293, 99
Trd, 4319545.443, 101
Trd, 4319545.793, 101
Trd, 4319546.843, 100
Trd, 4319548.843, 101
Trd, 4319550.343, 102
Trd, 4319550.493, 97
Trd, 4319551.693, 94
Trd, 4319552.293, 98
Trd, 4319553.993, 97
Trd, 4319557.543, 96
Trd, 4319558.143, 96
Trd, 4319561.193, 95
Trd, 4319562.243, 94
Trd, 4319564.993, 96
Trd, 4319565.143, 96
Trd, 4319565.193, 93
Trd, 4319567.693, 96
Trd, 4319567.943, 93
Trd, 4319569.093, 93
Trd, 4319575.643, 95
Trd, 4319577.493, 94
Trd, 4319578.693, 94
Trd, 4319580.843, 96
Trd, 4319582.993, 94
Trd, 4319584.543, 93
Trd, 4319588.093, 93
Trd, 4319588.143, 96
Trd, 4319591.143, 96
Trd, 4319591.243, 93
Trd, 4319593.343, 93
Trd, 4319594.943, 93
Trd, 4319596.843, 96
Trd, 4319601.693, 95
Trd, 4319602.093, 93
Trd, 4319603.193, 96
Trd, 4319603.443, 96
Trd, 4319603.643, 93
Trd, 4319605.243, 93
Trd, 4319605.843, 95
Trd, 4319609.743, 92
Trd, 4319610.593, 93
Trd, 4319612.543, 89
Trd, 4319612.893, 94
Trd, 4319613.393, 89
Trd, 4319615.993, 91
Trd, 4319616.093, 90
Trd, 4319618.343, 103
Trd, 4319619.593, 103
Trd, 4319620.093, 105
Trd, 4319622.493, 90
Trd, 4319623.293, 92
Trd, 4319623.543, 94
Trd, 4319624.943, 76
Trd, 4319626.293, 88
Trd, 4319626.593, 97
Trd, 4319629.243, 93
Trd, 4319629.393, 93
Trd, 4319629.843, 92
Trd, 4319633.943, 93
Trd, 4319635.093, 93
Trd, 4319637.843, 93
Trd, 4319638.993, 94
Trd, 4319639.343, 93
Trd, 4319639.693, 95
Trd, 4319643.443, 94
Trd, 4319643.643, 91
Trd, 4319644.393, 92
Trd, 4319646.793, 91
Trd, 4319648.293, 91
Trd, 4319650.843, 90
Trd, 4319652.243, 89
Trd, 4319652.743, 94
Trd, 4319653.793, 89
Trd, 4319654.643, 88
Trd, 4319661.593, 88
Trd, 4319661.643, 89
Trd, 4319662.193, 88
Trd, 4319662.993, 87
Trd, 4319663.443, 87
Trd, 4319666.743, 86
Trd, 4319667.743, 87
Trd, 4319668.493, 95
Trd, 4319673.143, 88
Trd, 4319674.893, 87
Trd, 4319675.743, 86
Trd, 4319676.843, 83
Trd, 4319679.293, 85
Trd, 4319679.543, 85
Trd, 4319682.043, 84
Trd, 4319682.593, 85
Trd, 4319684.293, 85
Trd, 4319687.843, 86
Trd, 4319689.093, 84
Trd, 4319690.593, 84
Trd, 4319693.943, 85
Trd, 4319694.093, 83
Trd, 4319697.493, 85
Trd, 4319697.693, 84
Trd, 4319699.343, 86
Trd, 4319699.893, 88
Trd, 4319702.893, 89
Trd, 4319703.493, 90
Trd, 4319703.693, 95
Trd, 4319704.693, 99
Trd, 4319706.043, 103
Trd, 4319707.043, 103
Trd, 4319707.293, 101
Trd, 4319710.543, 86
Trd, 4319711.843, 83
Trd, 4319713.043, 97
Trd, 4319713.243, 87
Trd, 4319718.193, 88
Trd, 4319719.143, 88
Trd, 4319719.643, 90
Trd, 4319720.693, 89
Trd, 4319721.243, 87
Trd, 4319721.943, 94
Trd, 4319724.443, 94
Trd, 4319725.493, 92
Trd, 4319727.393, 91
Trd, 4319730.393, 94
Trd, 4319730.593, 94
Trd, 4319732.793, 92
Trd, 4319733.943, 93
Trd, 4319735.793, 92
Trd, 4319738.293, 93
Trd, 4319741.243, 92
Trd, 4319742.193, 91
Trd, 4319742.443, 91
Trd, 4319743.643, 92
Trd, 4319745.143, 90
Trd, 4319749.293, 89
Trd, 4319749.593, 92
Trd, 4319751.043, 93
Trd, 4319751.293, 92
Trd, 4319754.643, 94
Trd, 4319755.443, 92
Trd, 4319759.543, 93
Trd, 4319760.693, 93
Trd, 4319761.543, 93
Trd, 4319761.943, 93
Trd, 4319762.993, 95
Trd, 4319765.543, 92
Trd, 4319767.793, 92
Trd, 4319769.993, 94
Trd, 4319771.893, 94
Trd, 4319772.143, 93
Trd, 4319772.343, 95
Trd, 4319775.293, 95
Trd, 4319775.643, 95
Trd, 4319777.743, 91
Trd, 4319781.593, 95
Trd, 4319783.093, 94
Trd, 4319783.943, 95
Trd, 4319785.393, 94
Trd, 4319787.393, 93
Trd, 4319788.993, 94
Trd, 4319791.393, 93
Trd, 4319791.643, 93
Trd, 4319792.593, 92
Trd, 4319792.693, 90
Trd, 4319793.543, 90
Trd, 4319796.743, 95
Trd, 4319798.743, 100
Trd, 4319799.493, 98
Trd, 4319800.343, 99
Trd, 4319800.843, 98
Trd, 4319801.943, 98
Trd, 4319803.343, 100
Trd, 4319805.193, 98
Trd, 4319807.293, 96
Trd, 4319808.593, 96
Trd, 4319810.143, 96
Trd, 4319812.443, 100
Trd, 4319813.443, 94
Trd, 4319816.993, 95
Trd, 4319819.393, 94
Trd, 4319820.143, 96
Trd, 4319820.493, 95
Trd, 4319820.693, 96
Trd, 4319822.243, 97
Trd, 4319822.893, 92
Trd, 4319826.993, 96
Trd, 4319829.093, 95
Trd, 4319829.543, 95
Trd, 4319831.143, 96
Trd, 4319832.493, 96
Trd, 4319832.893, 94
Trd, 4319835.843, 95
Trd, 4319836.593, 95
Trd, 4319836.643, 94
Trd, 4319839.093, 95
Trd, 4319839.893, 94
Trd, 4319842.093, 93
Trd, 4319843.043, 95
Trd, 4319843.743, 92
Trd, 4319844.243, 90
Trd, 4319846.743, 93
Trd, 4319849.293, 91
Trd, 4319849.893, 90
Trd, 4319854.443, 91
Trd, 4319857.343, 93
Trd, 4319857.893, 91
Trd, 4319859.793, 90
Trd, 4319861.143, 89
Trd, 4319862.293, 92
Trd, 4319864.493, 91
Trd, 4319864.893, 90
Trd, 4319868.793, 92
Trd, 4319868.843, 91
Trd, 4319871.443, 91
Trd, 4319874.293, 91
Trd, 4319874.593, 93
Trd, 4319878.093, 91
Trd, 4319878.343, 93
Trd, 4319881.043, 90
Trd, 4319883.893, 91
Trd, 4319887.093, 91
Trd, 4319888.043, 92
Trd, 4319888.343, 95
Trd, 4319889.193, 91
Trd, 4319889.843, 90
Trd, 4319890.293, 93
Trd, 4319893.643, 93
Trd, 4319895.443, 92
Trd, 4319895.693, 91
Trd, 4319898.893, 91
Trd, 4319904.493, 92
Trd, 4319908.793, 92
Trd, 4319909.643, 92
Trd, 4319910.543, 91
Trd, 4319911.543, 93
Trd, 4319913.993, 92
Trd, 4319917.843, 94
Trd, 4319918.393, 95
Trd, 4319920.643, 95
Trd, 4319920.943, 96
Trd, 4319921.243, 95
Trd, 4319923.093, 98
Trd, 4319924.143, 76
Trd, 4319925.293, 94
Trd, 4319929.243, 98
Trd, 4319929.343, 98
Trd, 4319930.443, 95
Trd, 4319931.293, 98
Trd, 4319933.393, 98
Trd, 4319934.943, 97
Trd, 4319935.043, 96
Trd, 4319935.293, 96
Trd, 4319937.243, 76
Trd, 4319939.743, 91
Trd, 4319942.543, 93
Trd, 4319944.493, 92
Trd, 4319944.643, 90
Trd, 4319946.143, 91
Trd, 4319947.543, 101
Trd, 4319947.743, 98
Trd, 4319948.843, 99
Trd, 4319949.143, 89
Trd, 4319952.643, 118
Trd, 4319952.943, 118
Trd, 4319953.743, 116
Trd, 4319954.743, 93
Trd, 4319956.043, 109
Trd, 4319956.693, 104
Trd, 4319958.243, 100
Trd, 4319959.043, 96
Trd, 4319959.743, 87
Trd, 4319961.593, 96
Trd, 4319963.943, 97
Trd, 4319964.543, 92
Trd, 4319964.893, 92
Trd, 4319965.793, 90
Trd, 4319968.693, 97
Trd, 4319969.543, 75
Trd, 4319971.443, 96
Trd, 4319971.793, 96
Trd, 4319972.193, 98
Trd, 4319973.943, 103
Trd, 4319974.393, 101
Trd, 4319975.443, 99
Trd, 4319977.693, 97
Trd, 4319979.443, 100
Trd, 4319983.293, 100
Trd, 4319983.443, 99
Trd, 4319985.743, 98
Trd, 4319985.893, 97
Trd, 4319987.093, 100
Trd, 4319987.843, 100
Trd, 4319990.343, 99
Trd, 4319993.893, 98
Trd, 4319995.193, 100
Trd, 4319997.243, 99
Trd, 4319999.043, 98
