Trd, 4317843.893, 92
Trd, 4317844.943, 92
Trd, 4317847.543, 92
Trd, 4317848.343, 90
Trd, 4317848.393, 107
Trd, 4317849.843, 101
Trd, 4317850.643, 94
Trd, 4317852.893, 93
Trd, 4317856.343, 94
Trd, 4317859.143, 93
Trd, 4317859.193, 95
Trd, 4317859.793, 104
Trd, 4317862.443, 92
Trd, 4317865.093, 94
Trd, 4317865.343, 93
Trd, 4317868.043, 93
Trd, 4317868.343, 92
Trd, 4317868.643, 91
Trd, 4317868.893, 95
Trd, 4317871.593, 90
Trd, 4317871.793, 94
Trd, 4317872.643, 94
Trd, 4317874.543, 95
Trd, 4317875.043, 94
Trd, 4317876.243, 93
Trd, 4317879.943, 93
Trd, 4317881.293, 90
Trd, 4317881.843, 94
Trd, 4317884.393, 94
Trd, 4317884.693, 95
Trd, 4317889.193, 94
Trd, 4317890.493, 94
Trd, 4317890.843, 95
Trd, 4317891.243, 96
Trd, 4317894.593, 95
Trd, 4317894.843, 97
Trd, 4317896.743, 92
Trd, 4317899.493, 95
Trd, 4317899.793, 95
Trd, 4317903.393, 91
Trd, 4317905.143, 95
Trd, 4317906.793, 95
Trd, 4317906.943, 95
Trd, 4317909.793, 95
Trd, 4317910.443, 95
Trd, 4317910.693, 96
Trd, 4317911.693, 96
Trd, 4317916.793, 95
Trd, 4317916.893, 91
Trd, 4317917.693, 94
Trd, 4317919.393, 94
Trd, 4317922.193, 92
Trd, 4317923.543, 92
Trd, 4317927.193, 91
Trd, 4317927.893, 91
Trd, 4317928.543, 90
Trd, 4317928.593, 91
Trd, 4317930.293, 93
Trd, 4317931.943, 90
Trd, 4317932.593, 93
Trd, 4317933.593, 95
Trd, 4317934.643, 112
Trd, 4317936.193, 102
Trd, 4317937.893, 102
Trd, 4317938.793, 103
Trd, 4317940.343, 101
Trd, 4317941.293, 100
Trd, 4317942.693, 103
Trd, 4317944.493, 99
Trd, 4317945.393, 98
Trd, 4317947.043, 98
Trd, 4317948.243, 92
Trd, 4317948.443, 91
Trd, 4317948.993, 95
Trd, 4317949.593, 110
Trd, 4317950.493, 91
Trd, 4317951.843, 99
Trd, 4317953.193, 99
Trd, 4317956.043, 98
Trd, 4317956.293, 97
Trd, 4317957.693, 98
Trd, 4317957.993, 110
Trd, 4317960.693, 97
Trd, 4317961.743, 99
Trd, 4317962.543, 96
Trd, 4317963.493, 96
Trd, 4317963.893, 93
Trd, 4317964.393, 96
Trd, 4317967.693, 95
Trd, 4317969.293, 102
Trd, 4317969.843, 98
Trd, 4317972.693, 98
Trd, 4317973.543, 99
Trd, 4317974.993, 105
Trd, 4317975.893, 103
Trd, 4317977.543, 99
Trd, 4317979.543, 101
Trd, 4317980.793, 104
Trd, 4317981.093, 105
Trd, 4317982.993, 102
Trd, 4317984.343, 100
Trd, 4317985.593, 98
Trd, 4317988.243, 100
Trd, 4317989.293, 100
Trd, 4317991.993, 97
Trd, 4317992.143, 98
Trd, 4317993.793, 97
Trd, 4317993.843, 96
Trd, 4317996.093, 97
Trd, 4317997.943, 94
Trd, 4317997.993, 97
Trd, 4318000.343, 95
Trd, 4318000.393, 96
Trd, 4318002.193, 96
Trd, 4318004.743, 94
Trd, 4318004.793, 95
Trd, 4318005.393, 96
Trd, 4318008.443, 96
Trd, 4318009.143, 94
Trd, 4318009.593, 97
Trd, 4318013.793, 96
Trd, 4318015.743, 95
Trd, 4318016.043, 95
Trd, 4318017.393, 95
Trd, 4318018.143, 93
Trd, 4318020.143, 95
Trd, 4318021.193, 92
Trd, 4318021.243, 108
Trd, 4318022.543, 100
Trd, 4318022.793, 112
Trd, 4318023.843, 105
Trd, 4318025.543, 100
Trd, 4318026.243, 98
Trd, 4318027.443, 99
Trd, 4318027.793, 99
Trd, 4318029.243, 94
Trd, 4318030.693, 99
Trd, 4318031.993, 99
Trd, 4318032.893, 95
Trd, 4318033.743, 99
Trd, 4318036.293, 105
Trd, 4318040.243, 100
Trd, 4318040.693, 100
Trd, 4318040.893, 110
Trd, 4318045.093, 99
Trd, 4318045.443, 98
Trd, 4318047.143, 103
Trd, 4318047.343, 104
Trd, 4318048.743, 101
Trd, 4318049.793, 101
Trd, 4318050.893, 98
Trd, 4318051.493, 98
Trd, 4318052.693, 94
Trd, 4318053.843, 95
Trd, 4318055.943, 96
Trd, 4318056.243, 96
Trd, 4318056.443, 110
Trd, 4318060.843, 102
Trd, 4318061.393, 97
Trd, 4318062.493, 101
Trd, 4318063.093, 101
Trd, 4318067.093, 98
Trd, 4318068.243, 97
Trd, 4318068.393, 96
Trd, 4318068.493, 99
Trd, 4318068.793, 105
Trd, 4318070.143, 95
Trd, 4318073.943, 96
Trd, 4318075.393, 95
Trd, 4318076.093, 96
Trd, 4318076.243, 93
Trd, 4318077.043, 96
Trd, 4318078.943, 95
Trd, 4318080.493, 104
Trd, 4318082.293, 93
Trd, 4318082.393, 99
Trd, 4318086.443, 96
Trd, 4318088.343, 96
Trd, 4318089.043, 96
Trd, 4318090.593, 104
Trd, 4318091.343, 101
Trd, 4318094.643, 99
Trd, 4318095.443, 102
Trd, 4318095.493, 102
Trd, 4318097.343, 100
Trd, 4318098.093, 98
Trd, 4318098.443, 98
Trd, 4318098.693, 104
Trd, 4318100.843, 100
Trd, 4318102.643, 97
Trd, 4318106.193, 97
Trd, 4318106.993, 97
Trd, 4318107.293, 96
Trd, 4318107.393, 98
Trd, 4318107.893, 96
Trd, 4318111.593, 96
Trd, 4318112.193, 96
Trd, 4318112.693, 95
Trd, 4318113.443, 104
Trd, 4318115.943, 98
Trd, 4318117.143, 95
Trd, 4318117.293, 96
Trd, 4318121.593, 95
Trd, 4318122.293, 96
Trd, 4318122.843, 97
Trd, 4318124.243, 97
Trd, 4318125.543, 94
Trd, 4318127.143, 97
Trd, 4318128.393, 97
Trd, 4318130.743, 95
Trd, 4318131.093, 96
Trd, 4318131.393, 97
Trd, 4318131.443, 105
Trd, 4318133.893, 101
Trd, 4318134.093, 96
Trd, 4318136.743, 98
Trd, 4318138.543, 98
Trd, 4318139.043, 97
Trd, 4318139.443, 96
Trd, 4318139.743, 97
Trd, 4318140.993, 94
Trd, 4318141.693, 93
Trd, 4318144.693, 95
Trd, 4318144.943, 104
Trd, 4318145.093, 99
Trd, 4318147.693, 97
Trd, 4318151.093, 96
Trd, 4318152.943, 96
Trd, 4318153.093, 97
Trd, 4318155.693, 98
Trd, 4318156.093, 113
Trd, 4318158.493, 103
Trd, 4318158.693, 103
Trd, 4318159.943, 96
Trd, 4318161.743, 97
Trd, 4318163.193, 95
Trd, 4318163.693, 95
Trd, 4318167.443, 94
Trd, 4318167.893, 95
Trd, 4318168.793, 95
Trd, 4318171.093, 95
Trd, 4318171.243, 104
Trd, 4318172.793, 95
Trd, 4318173.443, 94
Trd, 4318175.393, 99
Trd, 4318176.643, 99
Trd, 4318180.393, 93
Trd, 4318181.543, 95
Trd, 4318183.993, 93
Trd, 4318184.643, 100
Trd, 4318184.943, 95
Trd, 4318184.993, 113
Trd, 4318187.143, 99
Trd, 4318189.843, 97
Trd, 4318190.093, 96
Trd, 4318192.393, 96
Trd, 4318193.043, 96
Trd, 4318194.493, 95
Trd, 4318195.143, 96
Trd, 4318196.293, 94
Trd, 4318199.243, 94
Trd, 4318199.843, 97
Trd, 4318204.243, 95
Trd, 4318204.843, 95
Trd, 4318205.643, 93
Trd, 4318206.793, 95
Trd, 4318210.043, 95
Trd, 4318211.793, 94
Trd, 4318211.993, 94
Trd, 4318212.593, 93
Trd, 4318213.343, 95
Trd, 4318213.993, 93
Trd, 4318215.193, 94
Trd, 4318218.643, 93
Trd, 4318219.043, 93
Trd, 4318221.743, 93
Trd, 4318222.393, 92
Trd, 4318222.593, 94
Trd, 4318222.643, 91
Trd, 4318225.093, 94
Trd, 4318227.343, 94
Trd, 4318229.043, 105
Trd, 4318231.093, 106
Trd, 4318231.143, 107
Trd, 4318234.943, 96
Trd, 4318235.293, 95
Trd, 4318235.693, 94
Trd, 4318235.793, 94
Trd, 4318238.943, 91
Trd, 4318239.093, 86
Trd, 4318240.093, 91
Trd, 4318240.493, 91
Trd, 4318243.343, 90
Trd, 4318244.143, 91
Trd, 4318244.743, 95
Trd, 4318246.743, 92
Trd, 4318249.843, 95
Trd, 4318250.893, 93
Trd, 4318251.943, 90
Trd, 4318254.593, 93
Trd, 4318256.193, 93
Trd, 4318257.643, 93
Trd, 4318260.693, 89
Trd, 4318261.693, 93
Trd, 4318262.643, 93
Trd, 4318263.693, 93
Trd, 4318267.793, 93
Trd, 4318268.243, 93
Trd, 4318269.143, 90
Trd, 4318272.393, 92
Trd, 4318275.743, 93
Trd, 4318276.143, 93
Trd, 4318277.343, 94
Trd, 4318280.043, 95
Trd, 4318281.793, 95
Trd, 4318282.993, 95
Trd, 4318283.393, 95
Trd, 4318285.943, 97
Trd, 4318286.043, 106
Trd, 4318286.193, 94
Trd, 4318287.443, 99
Trd, 4318288.843, 98
Trd, 4318291.593, 96
Trd, 4318293.193, 95
Trd, 4318293.493, 95
Trd, 4318298.243, 96
Trd, 4318299.843, 94
Trd, 4318299.943, 96
Trd, 4318302.293, 96
Trd, 4318303.393, 95
Trd, 4318303.443, 96
Trd, 4318306.093, 96
Trd, 4318306.293, 94
Trd, 4318307.193, 95
Trd, 4318308.643, 97
Trd, 4318310.393, 94
Trd, 4318312.393, 95
Trd, 4318313.093, 95
Trd, 4318316.693, 95
Trd, 4318317.093, 95
Trd, 4318317.593, 93
Trd, 4318319.843, 95
Trd, 4318320.343, 91
Trd, 4318321.643, 94
Trd, 4318322.793, 92
Trd, 4318324.493, 92
Trd, 4318325.443, 92
Trd, 4318326.343, 92
Trd, 4318326.493, 93
Trd, 4318332.193, 93
Trd, 4318332.293, 95
Trd, 4318332.993, 95
Trd, 4318333.593, 91
Trd, 4318335.143, 92
Trd, 4318337.893, 92
Trd, 4318340.043, 92
Trd, 4318340.193, 95
Trd, 4318342.393, 90
Trd, 4318343.843, 94
Trd, 4318347.043, 93
Trd, 4318347.393, 93
Trd, 4318348.593, 93
Trd, 4318348.843, 93
Trd, 4318350.143, 95
Trd, 4318354.793, 93
Trd, 4318354.993, 93
Trd, 4318355.593, 89
Trd, 4318358.843, 89
Trd, 4318360.843, 89
Trd, 4318361.093, 90
Trd, 4318362.243, 88
Trd, 4318365.343, 91
Trd, 4318367.793, 91
Trd, 4318368.043, 91
Trd, 4318368.143, 87
Trd, 4318369.193, 87
Trd, 4318369.493, 91
Trd, 4318369.643, 95
Trd, 4318371.743, 93
Trd, 4318373.443, 92
Trd, 4318375.193, 86
Trd, 4318376.043, 92
Trd, 4318377.743, 92
Trd, 4318380.693, 86
Trd, 4318381.443, 91
Trd, 4318385.543, 89
Trd, 4318386.243, 94
Trd, 4318388.193, 93
Trd, 4318388.693, 104
Trd, 4318388.893, 92
Trd, 4318392.593, 92
Trd, 4318392.793, 92
Trd, 4318393.443, 91
Trd, 4318394.593, 103
Trd, 4318397.793, 95
Trd, 4318398.493, 95
Trd, 4318399.143, 95
Trd, 4318400.243, 94
Trd, 4318401.193, 94
Trd, 4318402.243, 93
Trd, 4318402.443, 104
Trd, 4318405.493, 96
Trd, 4318405.593, 94
Trd, 4318405.643, 97
Trd, 4318409.243, 96
Trd, 4318410.143, 94
Trd, 4318412.293, 94
Trd, 4318413.443, 94
Trd, 4318413.493, 93
Trd, 4318413.793, 95
Trd, 4318414.943, 91
Trd, 4318415.643, 88
Trd, 4318417.493, 88
Trd, 4318418.143, 89
Trd, 4318419.043, 95
Trd, 4318423.743, 88
Trd, 4318425.093, 90
Trd, 4318427.143, 90
Trd, 4318429.093, 90
Trd, 4318429.943, 90
Trd, 4318430.543, 95
Trd, 4318430.893, 89
Trd, 4318432.093, 91
Trd, 4318433.243, 90
Trd, 4318435.793, 90
Trd, 4318437.493, 91
Trd, 4318438.093, 88
Trd, 4318438.493, 90
Trd, 4318441.193, 87
Trd, 4318441.343, 90
Trd, 4318444.943, 90
Trd, 4318447.493, 86
Trd, 4318447.893, 89
Trd, 4318449.343, 89
Trd, 4318449.793, 90
Trd, 4318451.693, 106
Trd, 4318453.943, 94
Trd, 4318454.543, 95
Trd, 4318454.993, 95
Trd, 4318457.493, 95
Trd, 4318457.593, 93
Trd, 4318458.093, 96
Trd, 4318459.343, 95
Trd, 4318462.193, 95
Trd, 4318464.343, 95
Trd, 4318465.393, 95
Trd, 4318470.043, 95
Trd, 4318470.243, 94
Trd, 4318470.343, 95
Trd, 4318470.793, 91
Trd, 4318470.993, 96
Trd, 4318475.343, 95
Trd, 4318475.493, 93
Trd, 4318475.693, 96
Trd, 4318477.343, 96
Trd, 4318477.993, 97
Trd, 4318479.593, 97
Trd, 4318482.393, 93
Trd, 4318483.693, 100
Trd, 4318486.193, 97
Trd, 4318490.293, 93
Trd, 4318490.893, 97
Trd, 4318491.843, 95
Trd, 4318496.293, 94
Trd, 4318496.343, 96
Trd, 4318498.843, 94
Trd, 4318499.193, 95
Trd, 4318499.793, 92
Trd, 4318501.593, 95
Trd, 4318502.993, 95
Trd, 4318504.293, 93
Trd, 4318507.093, 95
Trd, 4318507.293, 93
Trd, 4318508.993, 95
Trd, 4318509.243, 96
Trd, 4318509.943, 97
Trd, 4318510.843, 92
Trd, 4318511.443, 102
Trd, 4318513.243, 97
Trd, 4318514.093, 96
Trd, 4318515.143, 93
Trd, 4318517.593, 94
Trd, 4318518.093, 95
Trd, 4318518.343, 93
Trd, 4318518.843, 94
Trd, 4318521.693, 93
Trd, 4318521.993, 94
Trd, 4318523.793, 95
Trd, 4318526.793, 94
Trd, 4318527.243, 92
Trd, 4318529.443, 92
Trd, 4318530.193, 92
Trd, 4318530.393, 94
Trd, 4318532.493, 94
Trd, 4318533.393, 95
Trd, 4318533.793, 92
Trd, 4318535.293, 94
Trd, 4318536.143, 95
Trd, 4318538.943, 94
Trd, 4318541.843, 94
Trd, 4318543.893, 93
Trd, 4318544.393, 94
Trd, 4318546.493, 94
Trd, 4318546.943, 92
Trd, 4318547.943, 93
Trd, 4318547.993, 94
Trd, 4318549.543, 95
Trd, 4318553.943, 98
Trd, 4318555.643, 96
Trd, 4318556.743, 95
Trd, 4318559.893, 95
Trd, 4318559.993, 106
Trd, 4318560.893, 94
Trd, 4318561.143, 99
Trd, 4318564.293, 93
Trd, 4318567.543, 95
Trd, 4318568.243, 95
Trd, 4318570.243, 92
Trd, 4318572.543, 95
Trd, 4318574.543, 95
Trd, 4318574.893, 94
Trd, 4318575.993, 94
Trd, 4318576.493, 95
Trd, 4318579.793, 91
Trd, 4318580.343, 95
Trd, 4318581.643, 95
Trd, 4318583.343, 93
Trd, 4318585.193, 90
Trd, 4318586.693, 92
Trd, 4318588.143, 92
Trd, 4318589.443, 106
Trd, 4318590.443, 97
Trd, 4318592.643, 94
Trd, 4318594.643, 94
Trd, 4318595.693, 90
Trd, 4318596.243, 94
Trd, 4318598.493, 89
Trd, 4318601.393, 94
Trd, 4318601.543, 94
Trd, 4318603.643, 95
Trd, 4318605.343, 96
Trd, 4318606.493, 94
Trd, 4318607.993, 103
Trd, 4318609.243, 98
Trd, 4318610.293, 96
Trd, 4318610.843, 98
Trd, 4318612.493, 105
Trd, 4318614.243, 102
Trd, 4318615.193, 105
Trd, 4318616.143, 102
Trd, 4318619.143, 98
Trd, 4318619.693, 100
Trd, 4318621.443, 99
Trd, 4318621.893, 96
Trd, 4318622.243, 99
Trd, 4318625.443, 96
Trd, 4318625.993, 93
Trd, 4318626.343, 96
Trd, 4318626.693, 91
Trd, 4318627.993, 91
Trd, 4318629.043, 95
Trd, 4318631.443, 93
Trd, 4318632.493, 93
Trd, 4318632.693, 92
Trd, 4318634.243, 98
Trd, 4318634.943, 108
Trd, 4318635.693, 101
Trd, 4318636.643, 102
Trd, 4318641.843, 101
Trd, 4318642.293, 102
Trd, 4318645.593, 101
Trd, 4318646.193, 102
Trd, 4318647.543, 99
Trd, 4318647.993, 100
Trd, 4318649.243, 94
Trd, 4318650.343, 97
Trd, 4318651.843, 89
Trd, 4318652.443, 96
Trd, 4318653.693, 108
Trd, 4318655.393, 96
Trd, 4318655.843, 112
Trd, 4318657.193, 100
Trd, 4318658.343, 113
Trd, 4318658.993, 104
Trd, 4318659.843, 88
Trd, 4318660.543, 98
Trd, 4318662.943, 105
Trd, 4318663.443, 86
Trd, 4318665.243, 96
Trd, 4318665.493, 91
Trd, 4318666.693, 85
Trd, 4318667.343, 89
Trd, 4318669.093, 84
Trd, 4318669.193, 86
Trd, 4318669.693, 85
Trd, 4318672.593, 87
Trd, 4318674.143, 88
Trd, 4318674.493, 88
Trd, 4318675.393, 89
Trd, 4318676.643, 110
Trd, 4318678.993, 97
Trd, 4318680.693, 95
Trd, 4318681.493, 94
Trd, 4318684.043, 99
Trd, 4318686.393, 94
Trd, 4318686.443, 97
Trd, 4318688.193, 96
Trd, 4318691.643, 95
Trd, 4318693.443, 95
Trd, 4318693.593, 94
Trd, 4318694.843, 93
Trd, 4318695.193, 93
Trd, 4318695.743, 95
Trd, 4318699.943, 94
Trd, 4318701.693, 94
Trd, 4318702.543, 93
Trd, 4318705.043, 93
Trd, 4318705.643, 92
Trd, 4318705.693, 93
Trd, 4318705.943, 95
Trd, 4318706.043, 114
Trd, 4318706.743, 91
Trd, 4318711.293, 95
Trd, 4318711.743, 94
Trd, 4318712.993, 94
Trd, 4318714.093, 91
Trd, 4318714.493, 93
Trd, 4318718.993, 92
Trd, 4318719.093, 90
Trd, 4318722.343, 92
Trd, 4318722.443, 114
Trd, 4318724.093, 97
Trd, 4318725.093, 89
Trd, 4318727.143, 93
Trd, 4318728.843, 91
Trd, 4318733.543, 90
Trd, 4318733.843, 91
Trd, 4318735.543, 91
Trd, 4318738.493, 90
Trd, 4318739.243, 92
Trd, 4318741.993, 92
Trd, 4318742.243, 92
Trd, 4318743.543, 91
Trd, 4318744.393, 97
Trd, 4318746.943, 104
Trd, 4318748.293, 98
Trd, 4318749.543, 93
Trd, 4318751.643, 95
Trd, 4318751.743, 95
Trd, 4318753.893, 95
Trd, 4318756.493, 95
Trd, 4318756.893, 94
Trd, 4318756.993, 93
Trd, 4318758.593, 92
Trd, 4318761.693, 94
Trd, 4318761.843, 93
Trd, 4318761.943, 94
Trd, 4318765.293, 94
Trd, 4318765.893, 92
Trd, 4318766.643, 94
Trd, 4318767.293, 95
Trd, 4318768.643, 104
Trd, 4318769.193, 92
Trd, 4318770.743, 92
Trd, 4318772.043, 92
Trd, 4318773.043, 92
Trd, 4318773.243, 107
Trd, 4318776.893, 96
Trd, 4318776.993, 91
Trd, 4318777.143, 92
Trd, 4318780.793, 91
Trd, 4318782.543, 93
Trd, 4318782.893, 93
Trd, 4318785.543, 94
Trd, 4318785.793, 95
Trd, 4318786.693, 95
Trd, 4318788.543, 96
Trd, 4318788.693, 98
Trd, 4318789.043, 93
Trd, 4318790.693, 97
Trd, 4318794.593, 95
Trd, 4318796.993, 95
Trd, 4318799.293, 95
Trd, 4318799.343, 95
Trd, 4318800.543, 96
Trd, 4318801.243, 101
Trd, 4318802.593, 97
Trd, 4318802.943, 99
Trd, 4318803.343, 94
Trd, 4318804.943, 99
Trd, 4318806.843, 98
Trd, 4318808.243, 97
Trd, 4318808.693, 107
Trd, 4318810.593, 96
Trd, 4318811.143, 96
Trd, 4318811.393, 99
Trd, 4318811.993, 81
Trd, 4318812.543, 91
Trd, 4318814.143, 90
Trd, 4318814.393, 104
Trd, 4318816.593, 97
Trd, 4318817.393, 94
Trd, 4318819.993, 97
Trd, 4318821.193, 97
Trd, 4318823.543, 95
Trd, 4318824.043, 96
Trd, 4318824.243, 96
Trd, 4318824.943, 93
Trd, 4318826.693, 97
Trd, 4318832.143, 95
Trd, 4318833.043, 95
Trd, 4318833.393, 94
Trd, 4318833.843, 95
Trd, 4318834.543, 94
Trd, 4318836.143, 93
Trd, 4318837.143, 92
Trd, 4318837.743, 93
Trd, 4318839.493, 93
Trd, 4318839.793, 105
Trd, 4318840.443, 109
Trd, 4318844.693, 94
Trd, 4318846.943, 95
Trd, 4318847.593, 95
Trd, 4318847.793, 94
Trd, 4318849.343, 96
Trd, 4318849.943, 110
Trd, 4318850.293, 113
Trd, 4318853.743, 100
Trd, 4318858.343, 94
Trd, 4318859.443, 93
Trd, 4318861.343, 94
Trd, 4318861.443, 94
Trd, 4318863.193, 94
Trd, 4318863.343, 95
Trd, 4318864.193, 95
Trd, 4318865.593, 103
Trd, 4318870.143, 98
Trd, 4318870.393, 99
Trd, 4318871.243, 97
Trd, 4318872.543, 97
Trd, 4318874.093, 96
Trd, 4318874.443, 96
Trd, 4318874.993, 94
Trd, 4318876.643, 99
Trd, 4318877.293, 97
Trd, 4318878.093, 97
Trd, 4318878.793, 109
Trd, 4318879.693, 102
Trd, 4318881.293, 112
Trd, 4318883.643, 104
Trd, 4318883.743, 101
Trd, 4318886.543, 102
Trd, 4318886.643, 102
Trd, 4318886.943, 104
Trd, 4318887.443, 101
Trd, 4318891.193, 100
Trd, 4318892.393, 99
Trd, 4318893.793, 94
Trd, 4318894.543, 94
Trd, 4318895.393, 113
Trd, 4318896.093, 107
Trd, 4318896.393, 104
Trd, 4318896.493, 108
Trd, 4318897.493, 86
Trd, 4318898.943, 112
Trd, 4318900.193, 109
Trd, 4318902.643, 98
Trd, 4318903.343, 94
Trd, 4318904.243, 95
Trd, 4318904.443, 96
Trd, 4318906.443, 96
Trd, 4318908.043, 95
Trd, 4318909.293, 95
Trd, 4318909.693, 94
Trd, 4318912.243, 97
Trd, 4318912.843, 96
Trd, 4318913.093, 92
Trd, 4318914.393, 103
Trd, 4318914.443, 104
Trd, 4318917.193, 103
Trd, 4318918.143, 94
Trd, 4318918.843, 101
Trd, 4318919.993, 99
Trd, 4318922.793, 102
Trd, 4318923.543, 90
Trd, 4318924.493, 90
Trd, 4318925.693, 111
Trd, 4318927.493, 93
Trd, 4318928.393, 98
Trd, 4318930.743, 86
Trd, 4318930.843, 90
Trd, 4318932.393, 104
Trd, 4318933.293, 93
Trd, 4318934.593, 96
Trd, 4318935.643, 96
Trd, 4318935.943, 97
Trd, 4318937.693, 104
Trd, 4318939.943, 96
Trd, 4318943.193, 100
Trd, 4318944.893, 99
Trd, 4318946.893, 95
Trd, 4318947.893, 100
Trd, 4318949.543, 97
Trd, 4318950.143, 96
Trd, 4318953.543, 96
Trd, 4318954.393, 95
Trd, 4318956.043, 95
Trd, 4318956.343, 95
Trd, 4318958.243, 95
Trd, 4318958.393, 94
Trd, 4318961.693, 95
Trd, 4318963.493, 95
Trd, 4318963.643, 107
Trd, 4318965.993, 97
Trd, 4318966.293, 93
Trd, 4318967.593, 96
Trd, 4318968.993, 92
Trd, 4318970.193, 95
Trd, 4318973.793, 94
Trd, 4318974.243, 95
Trd, 4318975.493, 102
Trd, 4318976.743, 98
Trd, 4318980.493, 97
Trd, 4318981.043, 96
Trd, 4318982.893, 95
Trd, 4318983.643, 95
Trd, 4318983.743, 95
Trd, 4318984.143, 94
Trd, 4318985.493, 94
Trd, 4318986.193, 99
Trd, 4318988.993, 93
Trd, 4318990.743, 96
Trd, 4318991.693, 95
Trd, 4318992.293, 93
Trd, 4318993.743, 95
Trd, 4318993.793, 96
Trd, 4318995.443, 95
Trd, 4318997.943, 94
Trd, 4318998.593, 93
Trd, 4318998.943, 95
Trd, 4319002.743, 94
Trd, 4319004.943, 94
Trd, 4319006.093, 95
Trd, 4319007.393, 93
Trd, 4319007.493, 104
Trd, 4319009.043, 104
Trd, 4319010.143, 101
Trd, 4319013.243, 95
Trd, 4319014.793, 92
Trd, 4319016.143, 95
Trd, 4319016.743, 93
Trd, 4319021.043, 93
Trd, 4319021.493, 93
Trd, 4319021.693, 94
Trd, 4319022.993, 95
Trd, 4319026.143, 94
Trd, 4319026.543, 91
Trd, 4319026.743, 94
Trd, 4319028.143, 94
Trd, 4319029.743, 108
Trd, 4319030.893, 98
Trd, 4319032.693, 98
Trd, 4319032.743, 94
Trd, 4319033.093, 99
Trd, 4319034.943, 96
Trd, 4319035.193, 99
Trd, 4319038.843, 97
Trd, 4319041.393, 94
Trd, 4319041.793, 96
Trd, 4319042.643, 95
Trd, 4319045.743, 95
Trd, 4319046.543, 93
Trd, 4319046.743, 95
Trd, 4319050.693, 95
Trd, 4319052.093, 95
Trd, 4319052.193, 95
Trd, 4319054.743, 92
Trd, 4319057.443, 94
Trd, 4319060.593, 93
Trd, 4319061.293, 94
Trd, 4319062.443, 95
Trd, 4319063.493, 94
Trd, 4319063.843, 93
Trd, 4319064.543, 111
Trd, 4319066.943, 102
Trd, 4319067.893, 104
Trd, 4319068.693, 95
Trd, 4319072.993, 97
Trd, 4319073.143, 98
Trd, 4319074.843, 96
Trd, 4319075.743, 98
Trd, 4319076.693, 98
Trd, 4319077.593, 97
Trd, 4319078.043, 98
Trd, 4319079.043, 96
Trd, 4319079.143, 124
Trd, 4319081.543, 100
Trd, 4319082.493, 102
Trd, 4319082.793, 102
Trd, 4319083.993, 97
Trd, 4319085.193, 98
Trd, 4319087.793, 102
Trd, 4319088.243, 102
Trd, 4319089.843, 99
Trd, 4319090.043, 108
Trd, 4319090.193, 114
Trd, 4319093.343, 97
Trd, 4319094.093, 98
Trd, 4319094.393, 96
Trd, 4319096.393, 94
Trd, 4319097.393, 96
Trd, 4319098.443, 97
Trd, 4319099.643, 88
Trd, 4319101.293, 88
Trd, 4319102.643, 95
Trd, 4319105.293, 93
Trd, 4319109.243, 91
Trd, 4319110.243, 92
Trd, 4319111.643, 92
Trd, 4319111.843, 92
Trd, 4319113.693, 90
Trd, 4319114.243, 92
Trd, 4319115.593, 92
Trd, 4319117.793, 90
Trd, 4319118.043, 93
Trd, 4319119.843, 93
Trd, 4319120.543, 95
Trd, 4319125.143, 93
Trd, 4319125.943, 93
Trd, 4319126.943, 92
Trd, 4319129.543, 92
Trd, 4319130.943, 90
Trd, 4319131.593, 93
Trd, 4319132.393, 94
Trd, 4319132.743, 105
Trd, 4319136.143, 95
Trd, 4319137.293, 95
Trd, 4319138.593, 96
Trd, 4319139.043, 94
Trd, 4319139.593, 94
Trd, 4319139.693, 95
Trd, 4319140.893, 97
Trd, 4319142.793, 93
Trd, 4319145.143, 93
Trd, 4319146.693, 94
Trd, 4319148.293, 107
Trd, 4319149.543, 95
Trd, 4319151.343, 92
Trd, 4319153.493, 95
Trd, 4319154.143, 95
Trd, 4319154.593, 95
Trd, 4319158.693, 94
Trd, 4319159.643, 95
Trd, 4319159.693, 95
Trd, 4319160.543, 92
Trd, 4319161.493, 95
Trd, 4319164.293, 90
Trd, 4319165.243, 92
Trd, 4319166.193, 91
Trd, 4319167.093, 92
Trd, 4319168.243, 92
Trd, 4319168.843, 93
Trd, 4319170.893, 93
Trd, 4319171.293, 113
Trd, 4319172.843, 99
Trd, 4319173.243, 98
Trd, 4319174.493, 96
Trd, 4319176.343, 97
Trd, 4319177.993, 95
Trd, 4319178.443, 96
Trd, 4319179.993, 93
Trd, 4319181.943, 95
Trd, 4319183.243, 95
Trd, 4319183.693, 95
Trd, 4319184.943, 94
Trd, 4319186.843, 93
Trd, 4319187.843, 95
Trd, 4319188.093, 95
Trd, 4319189.143, 96
Trd, 4319191.143, 95
Trd, 4319191.643, 95
Trd, 4319193.843, 95
Trd, 4319195.693, 98
Trd, 4319196.993, 95
Trd, 4319199.493, 95
Trd, 4319200.543, 105
Trd, 4319200.843, 94
Trd, 4319202.693, 108
Trd, 4319203.593, 96
Trd, 4319205.593, 103
Trd, 4319207.343, 101
Trd, 4319208.343, 102
Trd, 4319209.843, 99
Trd, 4319210.043, 100
Trd, 4319211.193, 102
Trd, 4319212.343, 109
Trd, 4319212.493, 99
Trd, 4319213.143, 106
Trd, 4319218.693, 98
Trd, 4319220.193, 99
Trd, 4319221.293, 99
Trd, 4319222.043, 97
Trd, 4319222.793, 98
Trd, 4319223.493, 104
Trd, 4319225.643, 100
Trd, 4319228.743, 98
Trd, 4319229.993, 96
Trd, 4319231.093, 97
Trd, 4319234.543, 96
Trd, 4319235.643, 95
Trd, 4319238.443, 94
Trd, 4319239.443, 95
Trd, 4319240.293, 95
Trd, 4319241.193, 96
Trd, 4319242.993, 95
Trd, 4319243.243, 98
Trd, 4319246.043, 93
Trd, 4319246.993, 93
Trd, 4319247.993, 94
Trd, 4319249.093, 95
Trd, 4319250.343, 94
Trd, 4319251.143, 104
Trd, 4319252.843, 97
Trd, 4319256.543, 96
Trd, 4319256.593, 92
Trd, 4319256.843, 96
Trd, 4319260.793, 95
Trd, 4319261.693, 96
Trd, 4319262.293, 97
Trd, 4319264.043, 96
Trd, 4319265.093, 97
Trd, 4319266.593, 94
Trd, 4319267.593, 98
Trd, 4319268.043, 114
Trd, 4319271.043, 99
Trd, 4319271.693, 94
Trd, 4319272.993, 99
Trd, 4319276.393, 96
Trd, 4319276.993, 95
Trd, 4319277.393, 95
Trd, 4319277.993, 97
Trd, 4319279.093, 95
Trd, 4319282.093, 95
Trd, 4319283.043, 95
Trd, 4319283.543, 94
Trd, 4319284.293, 93
Trd, 4319285.343, 94
Trd, 4319287.443, 94
Trd, 4319291.943, 93
Trd, 4319293.343, 94
Trd, 4319294.843, 93
Trd, 4319295.943, 92
Trd, 4319297.193, 92
Trd, 4319298.493, 94
Trd, 4319298.993, 91
Trd, 4319299.243, 112
Trd, 4319299.543, 113
Trd, 4319303.693, 95
Trd, 4319304.543, 95
Trd, 4319306.243, 95
Trd, 4319306.793, 98
Trd, 4319308.193, 110
Trd, 4319310.043, 99
Trd, 4319312.543, 99
Trd, 4319312.793, 100
Trd, 4319314.193, 101
Trd, 4319315.393, 100
Trd, 4319316.943, 100
Trd, 4319317.543, 103
Trd, 4319317.943, 104
Trd, 4319318.943, 103
Trd, 4319322.093, 103
Trd, 4319323.593, 103
Trd, 4319323.743, 101
Trd, 4319327.643, 101
Trd, 4319327.943, 102
Trd, 4319329.143, 103
Trd, 4319329.993, 100
Trd, 4319331.043, 94
Trd, 4319331.643, 102
Trd, 4319332.543, 101
Trd, 4319334.793, 95
Trd, 4319335.293, 95
Trd, 4319337.243, 95
Trd, 4319338.093, 94
Trd, 4319338.493, 94
Trd, 4319338.693, 95
Trd, 4319339.293, 95
Trd, 4319341.393, 94
Trd, 4319343.093, 95
Trd, 4319343.193, 93
Trd, 4319343.393, 95
Trd, 4319348.193, 95
Trd, 4319348.293, 92
Trd, 4319348.443, 95
Trd, 4319349.443, 95
Trd, 4319352.843, 94
Trd, 4319353.393, 93
Trd, 4319356.243, 91
Trd, 4319357.493, 93
Trd, 4319358.493, 92
Trd, 4319361.093, 92
Trd, 4319361.193, 95
Trd, 4319364.293, 94
Trd, 4319364.393, 95
Trd, 4319365.493, 90
Trd, 4319367.193, 95
Trd, 4319368.643, 95
Trd, 4319371.243, 95
Trd, 4319371.293, 89
Trd, 4319371.793, 89
Trd, 4319374.743, 91
Trd, 4319375.443, 95
Trd, 4319377.993, 95
Trd, 4319378.693, 95
Trd, 4319379.893, 94
Trd, 4319381.293, 95
Trd, 4319382.093, 91
Trd, 4319383.393, 96
Trd, 4319387.343, 95
Trd, 4319389.593, 94
Trd, 4319391.693, 95
Trd, 4319392.843, 94
Trd, 4319395.993, 94
Trd, 4319397.843, 94
Trd, 4319398.493, 94
Trd, 4319399.443, 104
Trd, 4319400.193, 100
Trd, 4319400.793, 90
Trd, 4319404.043, 95
Trd, 4319408.493, 95
Trd, 4319409.743, 95
Trd, 4319410.393, 89
Trd, 4319410.643, 95
Trd, 4319411.643, 94
Trd, 4319414.493, 93
Trd, 4319415.593, 94
Trd, 4319418.143, 89
Trd, 4319418.293, 94
Trd, 4319420.543, 95
Trd, 4319420.743, 113
Trd, 4319421.793, 107
Trd, 4319423.693, 99
Trd, 4319426.943, 99
Trd, 4319427.343, 97
Trd, 4319429.843, 97
Trd, 4319430.343, 96
Trd, 4319431.093, 98
Trd, 4319432.243, 96
Trd, 4319433.243, 95
Trd, 4319435.793, 98
Trd, 4319438.493, 102
Trd, 4319439.043, 100
Trd, 4319440.543, 101
Trd, 4319441.893, 101
Trd, 4319442.943, 98
Trd, 4319445.743, 96
Trd, 4319447.443, 95
Trd, 4319447.593, 96
Trd, 4319450.093, 96
Trd, 4319450.293, 104
Trd, 4319451.743, 101
Trd, 4319451.943, 113
Trd, 4319452.543, 95
Trd, 4319455.793, 106
Trd, 4319456.043, 112
Trd, 4319458.493, 100
Trd, 4319460.543, 99
Trd, 4319460.643, 98
Trd, 4319464.293, 97
Trd, 4319464.543, 96
Trd, 4319466.493, 90
Trd, 4319466.743, 92
Trd, 4319468.643, 83
Trd, 4319469.593, 90
Trd, 4319470.293, 91
Trd, 4319472.193, 90
Trd, 4319473.693, 91
Trd, 4319474.743, 95
Trd, 4319475.793, 93
Trd, 4319478.143, 89
Trd, 4319478.293, 92
Trd, 4319480.243, 88
Trd, 4319481.993, 92
Trd, 4319482.393, 95
Trd, 4319483.293, 93
Trd, 4319485.043, 93
Trd, 4319486.543, 113
Trd, 4319487.193, 88
Trd, 4319487.593, 99
Trd, 4319488.693, 101
Trd, 4319489.543, 100
Trd, 4319490.693, 112
Trd, 4319494.143, 96
Trd, 4319494.293, 97
Trd, 4319494.993, 100
Trd, 4319495.593, 95
Trd, 4319497.143, 95
Trd, 4319498.593, 95
Trd, 4319501.293, 111
Trd, 4319501.343, 101
Trd, 4319502.143, 100
Trd, 4319504.643, 100
Trd, 4319505.643, 99
Trd, 4319506.393, 95
Trd, 4319507.193, 97
Trd, 4319509.593, 96
Trd, 4319510.843, 95
Trd, 4319511.543, 94
Trd, 4319511.993, 95
Trd, 4319512.543, 96
Trd, 4319516.443, 95
Trd, 4319516.993, 96
Trd, 4319518.343, 95
Trd, 4319521.343, 95
Trd, 4319521.443, 95
Trd, 4319521.893, 96
Trd, 4319522.143, 95
Trd, 4319522.993, 95
Trd, 4319524.443, 101
Trd, 4319525.993, 97
Trd, 4319528.293, 97
Trd, 4319528.593, 96
Trd, 4319529.593, 96
Trd, 4319531.393, 95
Trd, 4319533.693, 95
Trd, 4319534.993, 95
Trd, 4319535.543, 94
Trd, 4319535.643, 94
Trd, 4319537.393, 95
Trd, 4319539.143, 94
Trd, 4319539.493, 95
Trd, 4319540.493, 95
Trd, 4319543.843, 95
Trd, 4319544.593, 95
Trd, 4319546.193, 94
Trd, 4319547.143, 93
Trd, 4319547.743, 94
Trd, 4319548.093, 93
Trd, 4319552.693, 94
Trd, 4319554.993, 94
Trd, 4319555.943, 94
Trd, 4319558.443, 95
Trd, 4319559.043, 92
Trd, 4319560.093, 91
Trd, 4319560.343, 94
Trd, 4319560.693, 113
Trd, 4319564.293, 98
Trd, 4319565.093, 97
Trd, 4319569.093, 91
Trd, 4319569.993, 86
Trd, 4319571.293, 90
Trd, 4319571.643, 91
Trd, 4319574.493, 91
Trd, 4319575.193, 86
Trd, 4319578.593, 89
Trd, 4319579.693, 90
Trd, 4319581.643, 89
Trd, 4319583.043, 90
Trd, 4319585.443, 90
Trd, 4319585.593, 95
Trd, 4319589.093, 88
Trd, 4319591.893, 87
Trd, 4319591.993, 90
Trd, 4319593.643, 89
Trd, 4319593.693, 95
Trd, 4319595.993, 90
Trd, 4319596.693, 86
Trd, 4319596.743, 90
Trd, 4319600.493, 89
Trd, 4319601.443, 91
Trd, 4319602.693, 93
Trd, 4319603.943, 102
Trd, 4319605.793, 111
Trd, 4319607.443, 101
Trd, 4319607.993, 111
Trd, 4319610.443, 104
Trd, 4319611.193, 110
Trd, 4319612.443, 102
Trd, 4319614.943, 103
Trd, 4319615.193, 104
Trd, 4319616.343, 104
Trd, 4319621.893, 103
Trd, 4319622.343, 102
Trd, 4319622.893, 101
Trd, 4319623.943, 100
Trd, 4319624.593, 102
Trd, 4319624.843, 113
Trd, 4319626.393, 104
Trd, 4319627.093, 102
Trd, 4319627.943, 101
Trd, 4319629.593, 93
Trd, 4319630.193, 97
Trd, 4319632.243, 98
Trd, 4319633.293, 98
Trd, 4319635.193, 98
Trd, 4319635.293, 99
Trd, 4319635.843, 97
Trd, 4319642.443, 97
Trd, 4319643.443, 96
Trd, 4319644.343, 96
Trd, 4319644.493, 105
Trd, 4319645.343, 99
Trd, 4319646.943, 100
Trd, 4319649.243, 99
Trd, 4319650.193, 95
Trd, 4319651.843, 99
Trd, 4319653.793, 98
Trd, 4319654.443, 99
Trd, 4319655.293, 98
Trd, 4319660.043, 97
Trd, 4319661.693, 96
Trd, 4319663.843, 96
Trd, 4319663.893, 94
Trd, 4319665.443, 97
Trd, 4319665.843, 112
Trd, 4319667.593, 102
Trd, 4319669.193, 99
Trd, 4319671.393, 103
Trd, 4319674.393, 100
Trd, 4319675.093, 100
Trd, 4319676.043, 100
Trd, 4319676.593, 96
Trd, 4319677.043, 99
Trd, 4319679.893, 99
Trd, 4319680.893, 96
Trd, 4319681.693, 95
Trd, 4319684.643, 95
Trd, 4319684.693, 96
Trd, 4319685.743, 95
Trd, 4319687.193, 95
Trd, 4319689.943, 95
Trd, 4319690.993, 95
Trd, 4319691.093, 94
Trd, 4319692.943, 93
Trd, 4319693.243, 95
Trd, 4319694.343, 94
Trd, 4319695.293, 95
Trd, 4319696.543, 96
Trd, 4319697.343, 95
Trd, 4319698.593, 92
Trd, 4319702.393, 95
Trd, 4319703.293, 95
Trd, 4319706.443, 93
Trd, 4319707.143, 94
Trd, 4319707.643, 93
Trd, 4319707.693, 95
Trd, 4319708.243, 106
Trd, 4319710.843, 96
Trd, 4319713.043, 92
Trd, 4319713.893, 95
Trd, 4319715.243, 93
Trd, 4319715.843, 93
Trd, 4319718.393, 91
Trd, 4319721.343, 93
Trd, 4319723.943, 94
Trd, 4319724.743, 94
Trd, 4319724.843, 91
Trd, 4319726.893, 94
Trd, 4319727.543, 94
Trd, 4319729.293, 90
Trd, 4319730.143, 95
Trd, 4319733.143, 94
Trd, 4319733.493, 93
Trd, 4319734.543, 90
Trd, 4319736.043, 93
Trd, 4319737.343, 93
Trd, 4319737.943, 92
Trd, 4319740.993, 93
Trd, 4319742.343, 93
Trd, 4319743.843, 93
Trd, 4319745.293, 93
Trd, 4319746.543, 91
Trd, 4319750.693, 92
Trd, 4319751.843, 93
Trd, 4319752.793, 95
Trd, 4319755.993, 93
Trd, 4319756.193, 92
Trd, 4319758.243, 92
Trd, 4319758.693, 94
Trd, 4319760.743, 93
Trd, 4319761.693, 93
Trd, 4319764.793, 93
Trd, 4319765.443, 95
Trd, 4319765.993, 93
Trd, 4319768.143, 94
Trd, 4319768.443, 94
Trd, 4319769.643, 94
Trd, 4319770.443, 95
Trd, 4319772.443, 94
Trd, 4319773.493, 95
Trd, 4319777.843, 95
Trd, 4319778.493, 95
Trd, 4319781.243, 94
Trd, 4319782.893, 93
Trd, 4319784.043, 94
Trd, 4319785.293, 92
Trd, 4319787.643, 92
Trd, 4319788.643, 92
Trd, 4319789.393, 95
Trd, 4319790.243, 91
Trd, 4319793.893, 92
Trd, 4319796.443, 92
Trd, 4319796.543, 90
Trd, 4319798.043, 93
Trd, 4319799.943, 89
Trd, 4319800.343, 93
Trd, 4319800.593, 106
Trd, 4319803.093, 98
Trd, 4319805.343, 94
Trd, 4319806.293, 91
Trd, 4319809.293, 95
Trd, 4319810.543, 95
Trd, 4319813.593, 93
Trd, 4319815.743, 93
Trd, 4319817.643, 93
Trd, 4319818.693, 92
Trd, 4319820.243, 95
Trd, 4319823.143, 94
Trd, 4319824.443, 93
Trd, 4319826.393, 90
Trd, 4319826.493, 94
Trd, 4319826.593, 95
Trd, 4319830.893, 93
Trd, 4319833.143, 93
Trd, 4319833.493, 93
Trd, 4319835.893, 92
Trd, 4319836.243, 89
Trd, 4319837.743, 92
Trd, 4319840.343, 92
Trd, 4319842.743, 93
Trd, 4319843.493, 93
Trd, 4319844.143, 92
Trd, 4319846.493, 93
Trd, 4319847.743, 90
Trd, 4319847.943, 92
Trd, 4319852.593, 92
Trd, 4319853.193, 92
Trd, 4319854.043, 92
Trd, 4319855.043, 95
Trd, 4319855.443, 90
Trd, 4319858.243, 92
Trd, 4319858.993, 93
Trd, 4319859.193, 113
Trd, 4319861.343, 92
Trd, 4319863.043, 95
Trd, 4319866.943, 93
Trd, 4319867.393, 94
Trd, 4319871.243, 94
Trd, 4319871.543, 95
Trd, 4319871.793, 92
Trd, 4319873.093, 94
Trd, 4319874.843, 93
Trd, 4319876.893, 93
Trd, 4319876.993, 91
Trd, 4319877.193, 93
Trd, 4319879.243, 102
Trd, 4319880.143, 96
Trd, 4319880.543, 97
Trd, 4319882.993, 97
Trd, 4319884.393, 95
Trd, 4319886.493, 95
Trd, 4319887.143, 94
Trd, 4319887.193, 94
Trd, 4319889.343, 114
Trd, 4319891.393, 97
Trd, 4319892.193, 97
Trd, 4319893.093, 96
Trd, 4319895.493, 95
Trd, 4319895.993, 95
Trd, 4319897.693, 94
Trd, 4319898.593, 98
Trd, 4319901.293, 96
Trd, 4319903.093, 98
Trd, 4319903.593, 93
Trd, 4319907.293, 95
Trd, 4319908.143, 94
Trd, 4319908.993, 95
Trd, 4319909.293, 94
Trd, 4319909.693, 95
Trd, 4319910.493, 95
Trd, 4319914.043, 95
Trd, 4319916.493, 93
Trd, 4319917.993, 95
Trd, 4319918.543, 96
Trd, 4319920.343, 92
Trd, 4319921.343, 95
Trd, 4319921.893, 96
Trd, 4319923.193, 93
Trd, 4319924.543, 96
Trd, 4319925.343, 103
Trd, 4319925.843, 101
Trd, 4319926.493, 105
Trd, 4319927.143, 100
Trd, 4319927.843, 103
Trd, 4319930.943, 102
Trd, 4319931.493, 101
Trd, 4319931.543, 103
Trd, 4319931.843, 101
Trd, 4319932.443, 115
Trd, 4319936.343, 106
Trd, 4319937.043, 104
Trd, 4319938.993, 102
Trd, 4319939.393, 101
Trd, 4319939.743, 93
Trd, 4319940.793, 97
Trd, 4319940.943, 97
Trd, 4319941.393, 86
Trd, 4319942.993, 104
Trd, 4319944.243, 103
Trd, 4319945.543, 97
Trd, 4319947.643, 91
Trd, 4319949.093, 95
Trd, 4319949.793, 94
Trd, 4319952.643, 93
Trd, 4319953.443, 93
Trd, 4319954.793, 93
Trd, 4319955.393, 95
Trd, 4319957.143, 97
Trd, 4319957.543, 96
Trd, 4319960.443, 95
Trd, 4319960.893, 95
Trd, 4319962.093, 106
Trd, 4319966.293, 95
Trd, 4319967.443, 97
Trd, 4319968.743, 96
Trd, 4319973.893, 95
Trd, 4319974.543, 95
Trd, 4319975.743, 95
Trd, 4319976.643, 94
Trd, 4319978.293, 94
Trd, 4319978.343, 95
Trd, 4319980.093, 96
Trd, 4319981.793, 105
Trd, 4319983.743, 99
Trd, 4319984.393, 99
Trd, 4319989.593, 99
Trd, 4319990.193, 99
Trd, 4319990.593, 99
Trd, 4319992.493, 100
Trd, 4319992.743, 98
Trd, 4319993.393, 101
Trd, 4319998.193, 97
Trd, 4319998.343, 97
Trd, 4319998.743, 102
