Trd, 4317903.743, 101
Trd, 4317905.593, 91
Trd, 4317906.393, 98
Trd, 4317906.493, 97
Trd, 4317907.943, 94
Trd, 4317908.393, 98
Trd, 4317908.993, 93
Trd, 4317910.393, 91
Trd, 4317911.293, 92
Trd, 4317913.693, 98
Trd, 4317915.893, 95
Trd, 4317916.543, 97
Trd, 4317917.543, 96
Trd, 4317918.043, 95
Trd, 4317921.443, 93
Trd, 4317922.343, 95
Trd, 4317923.643, 95
Trd, 4317925.393, 96
Trd, 4317925.443, 94
Trd, 4317925.843, 94
Trd, 4317927.743, 93
Trd, 4317930.393, 92
Trd, 4317933.693, 95
Trd, 4317933.793, 94
Trd, 4317934.143, 96
Trd, 4317934.643, 94
Trd, 4317936.593, 93
Trd, 4317936.943, 93
Trd, 4317938.343, 93
Trd, 4317941.393, 95
Trd, 4317941.743, 104
Trd, 4317942.943, 93
Trd, 4317943.043, 94
Trd, 4317945.343, 94
Trd, 4317948.093, 89
Trd, 4317949.093, 95
Trd, 4317949.543, 94
Trd, 4317950.493, 94
Trd, 4317950.943, 93
Trd, 4317952.493, 92
Trd, 4317954.493, 92
Trd, 4317954.943, 98
Trd, 4317955.043, 93
Trd, 4317958.143, 93
Trd, 4317959.043, 95
Trd, 4317960.093, 95
Trd, 4317960.243, 94
Trd, 4317960.393, 93
Trd, 4317962.243, 124
Trd, 4317964.393, 96
Trd, 4317965.293, 94
Trd, 4317965.993, 93
Trd, 4317967.743, 79
Trd, 4317967.943, 87
Trd, 4317968.893, 93
Trd, 4317970.993, 89
Trd, 4317971.593, 91
Trd, 4317972.893, 101
Trd, 4317972.943, 92
Trd, 4317973.493, 81
Trd, 4317979.393, 93
Trd, 4317979.743, 89
Trd, 4317979.793, 93
Trd, 4317980.843, 91
Trd, 4317984.893, 95
Trd, 4317985.793, 95
Trd, 4317986.193, 94
Trd, 4317986.943, 94
Trd, 4317986.993, 98
Trd, 4317987.593, 93
Trd, 4317991.043, 92
Trd, 4317991.093, 90
Trd, 4317992.443, 91
Trd, 4317993.293, 95
Trd, 4317995.543, 95
Trd, 4317995.643, 95
Trd, 4317995.793, 93
Trd, 4317998.643, 100
Trd, 4317998.693, 97
Trd, 4317999.343, 94
Trd, 4317999.443, 116
Trd, 4318002.743, 95
Trd, 4318002.843, 94
Trd, 4318004.393, 98
Trd, 4318005.043, 95
Trd, 4318006.793, 95
Trd, 4318007.343, 96
Trd, 4318008.243, 96
Trd, 4318009.493, 95
Trd, 4318010.343, 111
Trd, 4318013.043, 96
Trd, 4318013.743, 96
Trd, 4318015.693, 97
Trd, 4318016.243, 97
Trd, 4318016.643, 94
Trd, 4318019.693, 95
Trd, 4318019.843, 95
Trd, 4318020.543, 96
Trd, 4318021.343, 95
Trd, 4318024.143, 96
Trd, 4318025.443, 94
Trd, 4318026.543, 94
Trd, 4318029.493, 95
Trd, 4318031.043, 95
Trd, 4318031.493, 94
Trd, 4318031.843, 93
Trd, 4318033.743, 95
Trd, 4318033.893, 95
Trd, 4318034.093, 96
Trd, 4318035.393, 94
Trd, 4318036.593, 93
Trd, 4318037.893, 94
Trd, 4318037.943, 93
Trd, 4318039.893, 96
Trd, 4318041.043, 96
Trd, 4318042.093, 95
Trd, 4318042.193, 113
Trd, 4318044.793, 94
Trd, 4318045.793, 95
Trd, 4318046.193, 97
Trd, 4318047.543, 96
Trd, 4318048.193, 95
Trd, 4318050.293, 93
Trd, 4318053.293, 96
Trd, 4318053.493, 99
Trd, 4318055.493, 95
Trd, 4318055.643, 94
Trd, 4318055.893, 96
Trd, 4318058.093, 96
Trd, 4318060.843, 100
Trd, 4318061.843, 99
Trd, 4318062.193, 104
Trd, 4318062.693, 99
Trd, 4318062.843, 98
Trd, 4318063.243, 94
Trd, 4318065.993, 99
Trd, 4318067.793, 97
Trd, 4318068.093, 98
Trd, 4318069.543, 99
Trd, 4318071.043, 98
Trd, 4318071.643, 98
Trd, 4318071.843, 111
Trd, 4318074.493, 101
Trd, 4318075.393, 101
Trd, 4318075.443, 98
Trd, 4318076.493, 102
Trd, 4318076.843, 100
Trd, 4318081.143, 100
Trd, 4318082.043, 99
Trd, 4318084.243, 100
Trd, 4318084.443, 100
Trd, 4318085.343, 99
Trd, 4318085.543, 95
Trd, 4318087.443, 97
Trd, 4318087.793, 98
Trd, 4318089.393, 97
Trd, 4318090.943, 94
Trd, 4318091.593, 101
Trd, 4318093.343, 100
Trd, 4318093.593, 99
Trd, 4318095.593, 97
Trd, 4318095.693, 99
Trd, 4318096.843, 98
Trd, 4318097.543, 97
Trd, 4318098.443, 96
Trd, 4318100.693, 98
Trd, 4318102.143, 97
Trd, 4318103.143, 97
Trd, 4318104.593, 97
Trd, 4318107.243, 98
Trd, 4318107.893, 95
Trd, 4318109.543, 97
Trd, 4318110.193, 99
Trd, 4318111.443, 99
Trd, 4318111.743, 96
Trd, 4318112.943, 94
Trd, 4318115.893, 97
Trd, 4318117.643, 96
Trd, 4318117.943, 98
Trd, 4318118.593, 96
Trd, 4318121.143, 99
Trd, 4318121.243, 97
Trd, 4318122.193, 100
Trd, 4318123.793, 102
Trd, 4318124.693, 106
Trd, 4318124.943, 109
Trd, 4318125.093, 103
Trd, 4318126.393, 105
Trd, 4318127.693, 102
Trd, 4318128.693, 103
Trd, 4318130.443, 102
Trd, 4318131.843, 103
Trd, 4318132.343, 104
Trd, 4318132.493, 103
Trd, 4318132.843, 101
Trd, 4318136.643, 99
Trd, 4318137.343, 103
Trd, 4318137.793, 96
Trd, 4318138.693, 94
Trd, 4318138.943, 77
Trd, 4318140.843, 97
Trd, 4318140.893, 98
Trd, 4318142.393, 99
Trd, 4318142.493, 97
Trd, 4318143.693, 104
Trd, 4318147.043, 97
Trd, 4318148.343, 98
Trd, 4318149.293, 101
Trd, 4318150.293, 98
Trd, 4318150.443, 110
Trd, 4318152.893, 98
Trd, 4318153.143, 97
Trd, 4318155.293, 102
Trd, 4318155.343, 101
Trd, 4318156.443, 100
Trd, 4318158.693, 101
Trd, 4318159.343, 99
Trd, 4318160.143, 101
Trd, 4318160.743, 98
Trd, 4318161.443, 100
Trd, 4318162.393, 100
Trd, 4318163.393, 97
Trd, 4318165.293, 101
Trd, 4318167.043, 100
Trd, 4318168.193, 99
Trd, 4318168.543, 96
Trd, 4318169.693, 97
Trd, 4318170.593, 80
Trd, 4318170.693, 76
Trd, 4318177.893, 94
Trd, 4318178.493, 95
Trd, 4318178.543, 91
Trd, 4318179.743, 95
Trd, 4318180.343, 92
Trd, 4318180.593, 75
Trd, 4318180.793, 68
Trd, 4318186.143, 95
Trd, 4318186.443, 96
Trd, 4318188.493, 97
Trd, 4318190.243, 98
Trd, 4318190.343, 97
Trd, 4318191.193, 96
Trd, 4318191.293, 94
Trd, 4318194.143, 96
Trd, 4318194.843, 96
Trd, 4318196.643, 97
Trd, 4318197.443, 95
Trd, 4318198.593, 98
Trd, 4318198.843, 94
Trd, 4318199.043, 104
Trd, 4318200.543, 93
Trd, 4318204.143, 91
Trd, 4318205.343, 94
Trd, 4318207.993, 104
Trd, 4318208.893, 95
Trd, 4318208.943, 98
Trd, 4318209.243, 92
Trd, 4318210.793, 96
Trd, 4318211.943, 97
Trd, 4318212.443, 97
Trd, 4318213.643, 96
Trd, 4318215.443, 95
Trd, 4318216.393, 95
Trd, 4318219.343, 98
Trd, 4318220.393, 95
Trd, 4318221.393, 96
Trd, 4318222.293, 94
Trd, 4318223.093, 95
Trd, 4318223.343, 94
Trd, 4318223.893, 71
Trd, 4318224.993, 104
Trd, 4318226.793, 87
Trd, 4318227.993, 86
Trd, 4318228.793, 93
Trd, 4318232.743, 93
Trd, 4318234.593, 93
Trd, 4318234.993, 95
Trd, 4318236.543, 93
Trd, 4318236.693, 92
Trd, 4318236.793, 96
Trd, 4318237.443, 92
Trd, 4318240.893, 95
Trd, 4318241.493, 98
Trd, 4318241.693, 95
Trd, 4318241.743, 94
Trd, 4318243.293, 94
Trd, 4318243.393, 66
Trd, 4318245.993, 89
Trd, 4318246.393, 95
Trd, 4318248.543, 94
Trd, 4318250.943, 94
Trd, 4318251.143, 95
Trd, 4318251.543, 93
Trd, 4318252.193, 97
Trd, 4318254.243, 95
Trd, 4318256.243, 95
Trd, 4318256.393, 94
Trd, 4318258.393, 95
Trd, 4318258.793, 94
Trd, 4318258.993, 95
Trd, 4318259.093, 104
Trd, 4318260.893, 94
Trd, 4318262.693, 97
Trd, 4318263.243, 94
Trd, 4318266.243, 60
Trd, 4318266.643, 94
Trd, 4318269.643, 90
Trd, 4318270.743, 89
Trd, 4318271.543, 89
Trd, 4318271.743, 90
Trd, 4318275.843, 92
Trd, 4318275.993, 92
Trd, 4318276.243, 92
Trd, 4318277.493, 92
Trd, 4318277.543, 103
Trd, 4318278.093, 93
Trd, 4318279.543, 93
Trd, 4318281.893, 95
Trd, 4318283.593, 94
Trd, 4318284.693, 96
Trd, 4318286.293, 105
Trd, 4318286.643, 98
Trd, 4318286.993, 93
Trd, 4318287.193, 94
Trd, 4318289.843, 95
Trd, 4318290.593, 95
Trd, 4318291.643, 97
Trd, 4318292.443, 112
Trd, 4318292.543, 96
Trd, 4318294.593, 98
Trd, 4318296.393, 99
Trd, 4318296.443, 100
Trd, 4318298.193, 99
Trd, 4318298.843, 100
Trd, 4318299.393, 84
Trd, 4318301.493, 99
Trd, 4318302.343, 109
Trd, 4318302.643, 97
Trd, 4318303.893, 97
Trd, 4318304.543, 97
Trd, 4318307.143, 97
Trd, 4318307.443, 100
Trd, 4318308.793, 103
Trd, 4318311.793, 99
Trd, 4318311.893, 97
Trd, 4318312.143, 94
Trd, 4318312.993, 96
Trd, 4318314.793, 94
Trd, 4318316.543, 96
Trd, 4318316.743, 100
Trd, 4318318.743, 99
Trd, 4318320.043, 101
Trd, 4318320.593, 100
Trd, 4318321.843, 98
Trd, 4318324.493, 95
Trd, 4318325.043, 98
Trd, 4318325.193, 94
Trd, 4318325.443, 76
Trd, 4318327.093, 97
Trd, 4318329.393, 95
Trd, 4318330.993, 96
Trd, 4318331.543, 95
Trd, 4318331.643, 94
Trd, 4318333.493, 93
Trd, 4318334.993, 97
Trd, 4318335.793, 93
Trd, 4318336.293, 94
Trd, 4318338.943, 95
Trd, 4318340.543, 96
Trd, 4318341.743, 97
Trd, 4318341.893, 95
Trd, 4318343.193, 98
Trd, 4318344.893, 95
Trd, 4318346.793, 98
Trd, 4318348.293, 94
Trd, 4318348.693, 94
Trd, 4318350.543, 95
Trd, 4318351.393, 94
Trd, 4318352.493, 94
Trd, 4318352.543, 94
Trd, 4318353.393, 74
Trd, 4318355.393, 85
Trd, 4318356.043, 73
Trd, 4318356.593, 110
Trd, 4318361.643, 92
Trd, 4318361.793, 88
Trd, 4318362.843, 92
Trd, 4318363.243, 88
Trd, 4318365.993, 88
Trd, 4318366.693, 87
Trd, 4318368.443, 91
Trd, 4318368.943, 101
Trd, 4318369.993, 89
Trd, 4318370.193, 87
Trd, 4318372.593, 104
Trd, 4318372.993, 93
Trd, 4318373.893, 96
Trd, 4318376.693, 95
Trd, 4318376.943, 95
Trd, 4318377.443, 96
Trd, 4318378.893, 84
Trd, 4318379.543, 90
Trd, 4318381.293, 78
Trd, 4318381.743, 107
Trd, 4318382.793, 89
Trd, 4318384.343, 91
Trd, 4318384.793, 93
Trd, 4318385.793, 94
Trd, 4318386.143, 92
Trd, 4318388.743, 94
Trd, 4318389.543, 94
Trd, 4318391.093, 95
Trd, 4318391.193, 93
Trd, 4318393.143, 97
Trd, 4318394.743, 95
Trd, 4318395.293, 95
Trd, 4318395.943, 95
Trd, 4318397.493, 95
Trd, 4318398.243, 96
Trd, 4318399.293, 96
Trd, 4318399.543, 96
Trd, 4318399.843, 95
Trd, 4318402.693, 97
Trd, 4318403.343, 94
Trd, 4318404.093, 96
Trd, 4318405.793, 94
Trd, 4318407.193, 95
Trd, 4318408.243, 96
Trd, 4318408.443, 95
Trd, 4318410.193, 95
Trd, 4318412.343, 95
Trd, 4318412.793, 94
Trd, 4318413.343, 99
Trd, 4318414.993, 97
Trd, 4318417.993, 93
Trd, 4318419.843, 93
Trd, 4318421.993, 96
Trd, 4318422.093, 95
Trd, 4318424.593, 95
Trd, 4318424.643, 94
Trd, 4318425.743, 95
Trd, 4318426.043, 95
Trd, 4318426.293, 104
Trd, 4318427.193, 94
Trd, 4318429.443, 91
Trd, 4318429.893, 93
Trd, 4318430.643, 84
Trd, 4318432.393, 95
Trd, 4318432.993, 92
Trd, 4318434.593, 92
Trd, 4318436.743, 93
Trd, 4318437.193, 104
Trd, 4318438.493, 93
Trd, 4318438.793, 92
Trd, 4318440.993, 92
Trd, 4318441.143, 95
Trd, 4318441.243, 91
Trd, 4318444.143, 93
Trd, 4318447.993, 95
Trd, 4318448.393, 104
Trd, 4318449.243, 95
Trd, 4318449.893, 97
Trd, 4318449.943, 91
Trd, 4318450.093, 76
Trd, 4318450.793, 90
Trd, 4318452.793, 112
Trd, 4318454.093, 95
Trd, 4318454.593, 93
Trd, 4318455.793, 92
Trd, 4318457.893, 92
Trd, 4318458.893, 84
Trd, 4318460.993, 91
Trd, 4318461.643, 98
Trd, 4318462.293, 94
Trd, 4318463.793, 95
Trd, 4318464.993, 96
Trd, 4318468.643, 96
Trd, 4318469.093, 95
Trd, 4318470.343, 94
Trd, 4318470.743, 96
Trd, 4318472.093, 94
Trd, 4318472.793, 97
Trd, 4318473.193, 94
Trd, 4318474.493, 97
Trd, 4318475.343, 95
Trd, 4318476.193, 104
Trd, 4318478.093, 95
Trd, 4318481.293, 96
Trd, 4318481.843, 97
Trd, 4318481.943, 96
Trd, 4318483.043, 95
Trd, 4318483.393, 95
Trd, 4318486.093, 95
Trd, 4318486.443, 96
Trd, 4318487.543, 93
Trd, 4318487.993, 96
Trd, 4318488.543, 96
Trd, 4318490.493, 113
Trd, 4318491.693, 98
Trd, 4318492.443, 98
Trd, 4318494.643, 98
Trd, 4318496.393, 100
Trd, 4318496.493, 99
Trd, 4318498.693, 95
Trd, 4318499.193, 103
Trd, 4318501.843, 100
Trd, 4318502.293, 98
Trd, 4318502.793, 104
Trd, 4318503.093, 98
Trd, 4318504.993, 95
Trd, 4318505.843, 96
Trd, 4318508.393, 99
Trd, 4318508.743, 99
Trd, 4318508.843, 96
Trd, 4318509.193, 95
Trd, 4318511.343, 99
Trd, 4318512.343, 104
Trd, 4318513.893, 99
Trd, 4318514.093, 98
Trd, 4318514.493, 97
Trd, 4318515.043, 94
Trd, 4318515.793, 100
Trd, 4318517.493, 96
Trd, 4318519.593, 111
Trd, 4318520.193, 98
Trd, 4318520.943, 99
Trd, 4318523.993, 98
Trd, 4318525.593, 100
Trd, 4318525.843, 98
Trd, 4318527.593, 99
Trd, 4318529.143, 97
Trd, 4318530.093, 98
Trd, 4318531.493, 99
Trd, 4318531.543, 97
Trd, 4318532.093, 99
Trd, 4318533.643, 75
Trd, 4318533.943, 93
Trd, 4318535.893, 93
Trd, 4318536.043, 88
Trd, 4318537.743, 93
Trd, 4318539.143, 96
Trd, 4318540.243, 112
Trd, 4318541.993, 100
Trd, 4318542.093, 98
Trd, 4318542.493, 97
Trd, 4318544.443, 98
Trd, 4318545.143, 97
Trd, 4318545.493, 104
Trd, 4318547.743, 98
Trd, 4318548.643, 96
Trd, 4318549.093, 75
Trd, 4318550.343, 97
Trd, 4318551.493, 90
Trd, 4318555.943, 95
Trd, 4318556.293, 95
Trd, 4318557.293, 95
Trd, 4318557.793, 104
Trd, 4318558.693, 94
Trd, 4318559.193, 81
Trd, 4318560.193, 90
Trd, 4318561.993, 88
Trd, 4318562.093, 97
Trd, 4318562.893, 94
Trd, 4318565.043, 94
Trd, 4318565.143, 113
Trd, 4318566.843, 101
Trd, 4318567.043, 100
Trd, 4318567.693, 98
Trd, 4318568.593, 98
Trd, 4318569.443, 130
Trd, 4318571.443, 97
Trd, 4318572.443, 97
Trd, 4318573.393, 94
Trd, 4318574.643, 100
Trd, 4318575.693, 101
Trd, 4318576.743, 100
Trd, 4318577.743, 104
Trd, 4318579.643, 99
Trd, 4318580.593, 99
Trd, 4318581.543, 97
Trd, 4318583.693, 99
Trd, 4318583.793, 98
Trd, 4318584.393, 98
Trd, 4318585.843, 96
Trd, 4318588.443, 99
Trd, 4318588.643, 97
Trd, 4318589.543, 97
Trd, 4318591.493, 98
Trd, 4318593.593, 97
Trd, 4318593.643, 96
Trd, 4318595.643, 97
Trd, 4318597.143, 97
Trd, 4318597.193, 104
Trd, 4318597.943, 98
Trd, 4318598.093, 102
Trd, 4318599.043, 95
Trd, 4318601.893, 97
Trd, 4318601.993, 96
Trd, 4318605.293, 99
Trd, 4318605.343, 96
Trd, 4318606.193, 94
Trd, 4318606.243, 74
Trd, 4318611.093, 97
Trd, 4318611.193, 98
Trd, 4318611.343, 96
Trd, 4318613.293, 95
Trd, 4318614.293, 95
Trd, 4318615.043, 94
Trd, 4318615.593, 98
Trd, 4318617.643, 98
Trd, 4318619.243, 98
Trd, 4318620.993, 113
Trd, 4318621.143, 101
Trd, 4318621.193, 100
Trd, 4318623.493, 104
Trd, 4318625.893, 108
Trd, 4318626.393, 106
Trd, 4318626.993, 108
Trd, 4318627.543, 103
Trd, 4318627.643, 94
Trd, 4318628.743, 74
Trd, 4318629.843, 63
Trd, 4318632.343, 90
Trd, 4318632.943, 113
Trd, 4318634.693, 114
Trd, 4318635.193, 98
Trd, 4318637.043, 101
Trd, 4318638.793, 101
Trd, 4318640.343, 101
Trd, 4318640.443, 100
Trd, 4318641.243, 103
Trd, 4318642.393, 99
Trd, 4318644.343, 103
Trd, 4318644.693, 100
Trd, 4318644.893, 103
Trd, 4318645.193, 99
Trd, 4318647.593, 99
Trd, 4318648.943, 98
Trd, 4318651.143, 100
Trd, 4318652.543, 103
Trd, 4318653.043, 100
Trd, 4318654.543, 95
Trd, 4318655.593, 95
Trd, 4318659.193, 99
Trd, 4318659.543, 103
Trd, 4318660.043, 101
Trd, 4318660.343, 96
Trd, 4318662.143, 97
Trd, 4318663.543, 73
Trd, 4318663.793, 86
Trd, 4318664.893, 104
Trd, 4318667.993, 95
Trd, 4318669.343, 95
Trd, 4318669.993, 96
Trd, 4318670.243, 95
Trd, 4318672.993, 96
Trd, 4318673.293, 110
Trd, 4318676.943, 96
Trd, 4318677.043, 96
Trd, 4318678.343, 97
Trd, 4318681.393, 95
Trd, 4318681.843, 96
Trd, 4318683.293, 97
Trd, 4318684.143, 97
Trd, 4318684.193, 114
Trd, 4318684.743, 95
Trd, 4318688.143, 98
Trd, 4318689.743, 103
Trd, 4318690.043, 100
Trd, 4318690.293, 98
Trd, 4318692.393, 98
Trd, 4318693.143, 97
Trd, 4318694.093, 101
Trd, 4318694.243, 95
Trd, 4318696.693, 95
Trd, 4318698.593, 100
Trd, 4318698.993, 100
Trd, 4318699.193, 99
Trd, 4318699.593, 98
Trd, 4318701.493, 95
Trd, 4318703.093, 98
Trd, 4318705.093, 98
Trd, 4318705.193, 97
Trd, 4318705.643, 100
Trd, 4318707.343, 98
Trd, 4318708.243, 98
Trd, 4318708.693, 99
Trd, 4318710.793, 97
Trd, 4318712.393, 98
Trd, 4318713.593, 99
Trd, 4318713.993, 96
Trd, 4318714.043, 94
Trd, 4318716.543, 95
Trd, 4318716.843, 94
Trd, 4318717.743, 96
Trd, 4318718.393, 96
Trd, 4318720.943, 97
Trd, 4318721.243, 94
Trd, 4318722.643, 104
Trd, 4318722.693, 96
Trd, 4318725.043, 95
Trd, 4318725.793, 96
Trd, 4318728.993, 94
Trd, 4318729.443, 96
Trd, 4318730.043, 96
Trd, 4318730.843, 110
Trd, 4318732.393, 98
Trd, 4318733.693, 99
Trd, 4318734.193, 98
Trd, 4318735.743, 97
Trd, 4318739.843, 97
Trd, 4318740.093, 96
Trd, 4318741.043, 99
Trd, 4318741.243, 99
Trd, 4318741.543, 96
Trd, 4318743.293, 96
Trd, 4318744.493, 94
Trd, 4318745.193, 93
Trd, 4318746.893, 99
Trd, 4318748.143, 95
Trd, 4318749.993, 98
Trd, 4318750.343, 95
Trd, 4318750.693, 97
Trd, 4318751.393, 93
Trd, 4318754.593, 96
Trd, 4318754.743, 113
Trd, 4318755.143, 95
Trd, 4318756.693, 96
Trd, 4318757.193, 100
Trd, 4318757.493, 94
Trd, 4318758.943, 87
Trd, 4318761.893, 86
Trd, 4318762.543, 79
Trd, 4318763.643, 83
Trd, 4318764.443, 88
Trd, 4318765.843, 90
Trd, 4318767.993, 87
Trd, 4318769.493, 87
Trd, 4318770.193, 89
Trd, 4318771.893, 91
Trd, 4318773.943, 95
Trd, 4318774.843, 98
Trd, 4318775.093, 96
Trd, 4318775.493, 104
Trd, 4318777.643, 94
Trd, 4318778.093, 97
Trd, 4318778.293, 96
Trd, 4318780.243, 96
Trd, 4318780.443, 94
Trd, 4318782.093, 100
Trd, 4318784.043, 96
Trd, 4318784.193, 110
Trd, 4318784.443, 94
Trd, 4318787.343, 97
Trd, 4318787.943, 96
Trd, 4318789.543, 96
Trd, 4318790.393, 95
Trd, 4318793.493, 98
Trd, 4318793.893, 97
Trd, 4318794.293, 98
Trd, 4318796.043, 95
Trd, 4318797.943, 96
Trd, 4318798.243, 104
Trd, 4318800.143, 96
Trd, 4318803.043, 97
Trd, 4318804.143, 97
Trd, 4318804.593, 100
Trd, 4318805.343, 96
Trd, 4318808.593, 99
Trd, 4318809.043, 104
Trd, 4318809.693, 99
Trd, 4318811.943, 99
Trd, 4318812.243, 99
Trd, 4318814.293, 100
Trd, 4318814.343, 98
Trd, 4318816.543, 96
Trd, 4318818.743, 98
Trd, 4318820.343, 98
Trd, 4318820.393, 97
Trd, 4318821.343, 97
Trd, 4318821.843, 104
Trd, 4318822.393, 94
Trd, 4318823.543, 99
Trd, 4318826.393, 98
Trd, 4318827.443, 96
Trd, 4318827.693, 94
Trd, 4318827.943, 94
Trd, 4318830.143, 95
Trd, 4318830.343, 94
Trd, 4318832.693, 96
Trd, 4318834.043, 93
Trd, 4318834.393, 95
Trd, 4318834.693, 95
Trd, 4318835.043, 93
Trd, 4318838.593, 96
Trd, 4318838.993, 94
Trd, 4318839.143, 76
Trd, 4318841.393, 96
Trd, 4318844.393, 113
Trd, 4318844.793, 102
Trd, 4318845.143, 99
Trd, 4318845.343, 97
Trd, 4318845.993, 96
Trd, 4318847.593, 98
Trd, 4318848.793, 98
Trd, 4318849.793, 98
Trd, 4318851.043, 97
Trd, 4318853.593, 96
Trd, 4318854.943, 95
Trd, 4318856.193, 98
Trd, 4318857.243, 96
Trd, 4318858.193, 95
Trd, 4318859.643, 77
Trd, 4318861.943, 94
Trd, 4318862.993, 93
Trd, 4318863.793, 95
Trd, 4318864.493, 92
Trd, 4318865.793, 95
Trd, 4318867.543, 93
Trd, 4318869.093, 95
Trd, 4318869.643, 92
Trd, 4318871.393, 92
Trd, 4318871.943, 95
Trd, 4318874.643, 95
Trd, 4318876.943, 94
Trd, 4318878.893, 94
Trd, 4318878.993, 92
Trd, 4318882.143, 95
Trd, 4318882.443, 95
Trd, 4318882.943, 96
Trd, 4318883.143, 94
Trd, 4318884.143, 96
Trd, 4318885.793, 94
Trd, 4318887.043, 93
Trd, 4318887.293, 122
Trd, 4318888.343, 103
Trd, 4318890.043, 102
Trd, 4318892.793, 106
Trd, 4318893.043, 106
Trd, 4318894.093, 105
Trd, 4318895.043, 76
Trd, 4318895.443, 75
Trd, 4318896.343, 100
Trd, 4318896.893, 95
Trd, 4318900.893, 93
Trd, 4318901.293, 93
Trd, 4318902.193, 93
Trd, 4318902.793, 83
Trd, 4318903.093, 104
Trd, 4318904.393, 92
Trd, 4318906.193, 78
Trd, 4318907.443, 94
Trd, 4318909.893, 88
Trd, 4318910.093, 91
Trd, 4318910.343, 88
Trd, 4318912.243, 92
Trd, 4318913.393, 94
Trd, 4318916.743, 91
Trd, 4318918.143, 92
Trd, 4318919.893, 93
Trd, 4318920.693, 94
Trd, 4318920.793, 92
Trd, 4318921.393, 92
Trd, 4318923.093, 95
Trd, 4318924.093, 94
Trd, 4318925.793, 96
Trd, 4318927.393, 98
Trd, 4318927.843, 99
Trd, 4318927.993, 98
Trd, 4318929.243, 99
Trd, 4318929.643, 97
Trd, 4318930.193, 69
Trd, 4318931.643, 109
Trd, 4318934.693, 93
Trd, 4318935.143, 93
Trd, 4318938.643, 95
Trd, 4318939.243, 95
Trd, 4318939.793, 94
Trd, 4318941.893, 93
Trd, 4318942.143, 91
Trd, 4318942.293, 95
Trd, 4318945.393, 95
Trd, 4318945.943, 95
Trd, 4318946.743, 94
Trd, 4318947.343, 91
Trd, 4318950.543, 94
Trd, 4318951.543, 93
Trd, 4318952.693, 95
Trd, 4318955.943, 95
Trd, 4318957.093, 102
Trd, 4318958.393, 95
Trd, 4318960.043, 93
Trd, 4318961.543, 96
Trd, 4318962.143, 93
Trd, 4318963.493, 96
Trd, 4318966.193, 95
Trd, 4318969.793, 96
Trd, 4318970.243, 96
Trd, 4318970.293, 96
Trd, 4318970.593, 104
Trd, 4318970.843, 94
Trd, 4318971.743, 93
Trd, 4318973.093, 92
Trd, 4318974.743, 93
Trd, 4318975.693, 94
Trd, 4318976.493, 90
Trd, 4318977.443, 84
Trd, 4318979.443, 89
Trd, 4318979.493, 93
Trd, 4318979.693, 89
Trd, 4318981.593, 92
Trd, 4318982.243, 92
Trd, 4318982.693, 91
Trd, 4318983.393, 92
Trd, 4318988.093, 97
Trd, 4318988.393, 95
Trd, 4318989.093, 95
Trd, 4318990.393, 94
Trd, 4318991.143, 97
Trd, 4318992.293, 98
Trd, 4318992.343, 93
Trd, 4318992.593, 104
Trd, 4318993.493, 71
Trd, 4318995.393, 96
Trd, 4318996.393, 98
Trd, 4318996.643, 101
Trd, 4318998.143, 100
Trd, 4318998.493, 78
Trd, 4319002.443, 97
Trd, 4319002.893, 97
Trd, 4319003.593, 96
Trd, 4319004.493, 96
Trd, 4319007.493, 95
Trd, 4319008.193, 98
Trd, 4319008.343, 95
Trd, 4319010.343, 95
Trd, 4319011.043, 98
Trd, 4319012.493, 94
Trd, 4319012.593, 98
Trd, 4319013.893, 95
Trd, 4319018.093, 98
Trd, 4319019.093, 97
Trd, 4319020.393, 96
Trd, 4319020.793, 97
Trd, 4319021.443, 95
Trd, 4319022.943, 98
Trd, 4319023.793, 113
Trd, 4319025.593, 100
Trd, 4319026.993, 99
Trd, 4319027.543, 100
Trd, 4319028.043, 93
Trd, 4319029.843, 95
Trd, 4319029.993, 94
Trd, 4319031.143, 104
Trd, 4319031.693, 81
Trd, 4319034.393, 96
Trd, 4319034.493, 113
Trd, 4319036.793, 97
Trd, 4319036.993, 96
Trd, 4319037.143, 93
Trd, 4319040.693, 93
Trd, 4319041.793, 95
Trd, 4319042.293, 94
Trd, 4319042.593, 95
Trd, 4319043.893, 95
Trd, 4319044.143, 96
Trd, 4319045.593, 95
Trd, 4319046.093, 96
Trd, 4319047.093, 96
Trd, 4319047.743, 104
Trd, 4319049.443, 94
Trd, 4319050.093, 93
Trd, 4319051.743, 94
Trd, 4319052.193, 77
Trd, 4319054.393, 87
Trd, 4319054.593, 87
Trd, 4319055.843, 101
Trd, 4319057.393, 92
Trd, 4319060.643, 91
Trd, 4319062.043, 93
Trd, 4319063.893, 94
Trd, 4319064.343, 95
Trd, 4319065.043, 104
Trd, 4319065.293, 93
Trd, 4319067.693, 93
Trd, 4319068.793, 95
Trd, 4319070.693, 94
Trd, 4319073.043, 95
Trd, 4319073.693, 96
Trd, 4319074.193, 96
Trd, 4319075.243, 95
Trd, 4319076.693, 103
Trd, 4319079.693, 97
Trd, 4319080.243, 96
Trd, 4319080.793, 94
Trd, 4319081.443, 94
Trd, 4319082.043, 96
Trd, 4319082.593, 96
Trd, 4319084.543, 112
Trd, 4319085.493, 94
Trd, 4319085.643, 94
Trd, 4319088.493, 105
Trd, 4319089.193, 105
Trd, 4319089.543, 103
Trd, 4319091.293, 103
Trd, 4319091.843, 103
Trd, 4319092.043, 94
Trd, 4319092.843, 106
Trd, 4319095.593, 91
Trd, 4319095.793, 95
Trd, 4319096.493, 79
Trd, 4319097.593, 77
Trd, 4319098.943, 83
Trd, 4319099.343, 82
Trd, 4319099.843, 96
Trd, 4319101.793, 96
Trd, 4319103.793, 88
Trd, 4319107.043, 95
Trd, 4319107.243, 95
Trd, 4319108.793, 95
Trd, 4319108.843, 94
Trd, 4319111.143, 104
Trd, 4319112.543, 94
Trd, 4319114.943, 94
Trd, 4319115.593, 95
Trd, 4319117.293, 95
Trd, 4319117.943, 95
Trd, 4319118.293, 94
Trd, 4319118.693, 93
Trd, 4319120.693, 92
Trd, 4319121.393, 96
Trd, 4319125.043, 100
Trd, 4319125.793, 100
Trd, 4319126.093, 98
Trd, 4319126.743, 97
Trd, 4319127.093, 94
Trd, 4319127.643, 104
Trd, 4319129.493, 97
Trd, 4319130.293, 96
Trd, 4319130.643, 93
Trd, 4319132.443, 103
Trd, 4319133.743, 99
Trd, 4319134.993, 99
Trd, 4319135.143, 96
Trd, 4319136.143, 114
Trd, 4319136.443, 98
Trd, 4319138.093, 97
Trd, 4319140.793, 97
Trd, 4319141.993, 100
Trd, 4319143.143, 100
Trd, 4319143.643, 96
Trd, 4319145.843, 94
Trd, 4319145.993, 98
Trd, 4319147.743, 95
Trd, 4319149.593, 98
Trd, 4319150.593, 99
Trd, 4319151.993, 99
Trd, 4319152.843, 98
Trd, 4319153.543, 100
Trd, 4319154.243, 101
Trd, 4319154.293, 94
Trd, 4319156.993, 100
Trd, 4319158.093, 101
Trd, 4319158.643, 100
Trd, 4319158.843, 100
Trd, 4319162.343, 99
Trd, 4319162.893, 100
Trd, 4319164.293, 101
Trd, 4319164.593, 100
Trd, 4319164.993, 96
Trd, 4319166.493, 97
Trd, 4319168.643, 99
Trd, 4319168.693, 101
Trd, 4319169.143, 98
Trd, 4319171.943, 98
Trd, 4319172.443, 97
Trd, 4319173.793, 99
Trd, 4319175.343, 95
Trd, 4319175.993, 95
Trd, 4319176.593, 96
Trd, 4319178.693, 99
Trd, 4319179.493, 99
Trd, 4319179.693, 97
Trd, 4319180.693, 76
Trd, 4319183.243, 101
Trd, 4319183.393, 97
Trd, 4319184.793, 101
Trd, 4319185.343, 98
Trd, 4319186.343, 75
Trd, 4319189.043, 96
Trd, 4319189.743, 97
Trd, 4319191.593, 97
Trd, 4319192.443, 98
Trd, 4319192.843, 104
Trd, 4319193.593, 97
Trd, 4319195.493, 96
Trd, 4319196.893, 97
Trd, 4319198.643, 96
Trd, 4319199.393, 97
Trd, 4319199.543, 98
Trd, 4319199.793, 98
Trd, 4319201.543, 96
Trd, 4319204.043, 100
Trd, 4319205.343, 98
Trd, 4319207.543, 96
Trd, 4319207.843, 95
Trd, 4319208.743, 97
Trd, 4319210.193, 96
Trd, 4319212.393, 96
Trd, 4319212.443, 95
Trd, 4319213.643, 95
Trd, 4319214.593, 95
Trd, 4319215.693, 96
Trd, 4319215.943, 114
Trd, 4319216.343, 94
Trd, 4319216.843, 74
Trd, 4319217.443, 71
Trd, 4319220.493, 91
Trd, 4319221.293, 90
Trd, 4319222.343, 88
Trd, 4319223.193, 95
Trd, 4319224.593, 94
Trd, 4319225.643, 93
Trd, 4319226.843, 94
Trd, 4319228.993, 93
Trd, 4319229.693, 95
Trd, 4319230.793, 92
Trd, 4319231.593, 91
Trd, 4319233.393, 101
Trd, 4319234.343, 92
Trd, 4319235.943, 93
Trd, 4319235.993, 96
Trd, 4319237.493, 94
Trd, 4319239.343, 95
Trd, 4319239.493, 93
Trd, 4319239.743, 82
Trd, 4319242.593, 92
Trd, 4319244.393, 94
Trd, 4319245.343, 92
Trd, 4319245.643, 104
Trd, 4319248.993, 95
Trd, 4319249.793, 95
Trd, 4319250.443, 94
Trd, 4319251.043, 102
Trd, 4319251.993, 94
Trd, 4319254.793, 96
Trd, 4319256.743, 97
Trd, 4319257.343, 97
Trd, 4319257.593, 95
Trd, 4319258.443, 97
Trd, 4319259.343, 95
Trd, 4319260.693, 95
Trd, 4319261.893, 94
Trd, 4319264.193, 93
Trd, 4319266.193, 95
Trd, 4319267.043, 104
Trd, 4319267.343, 95
Trd, 4319269.143, 97
Trd, 4319270.993, 96
Trd, 4319272.043, 94
Trd, 4319274.443, 96
Trd, 4319275.143, 95
Trd, 4319276.493, 94
Trd, 4319277.243, 96
Trd, 4319278.293, 97
Trd, 4319278.643, 95
Trd, 4319279.243, 94
Trd, 4319280.143, 95
Trd, 4319282.793, 95
Trd, 4319283.043, 95
Trd, 4319285.693, 97
Trd, 4319287.593, 96
Trd, 4319288.093, 97
Trd, 4319289.293, 96
Trd, 4319290.343, 95
Trd, 4319290.393, 96
Trd, 4319293.243, 94
Trd, 4319293.793, 96
Trd, 4319295.393, 95
Trd, 4319296.043, 96
Trd, 4319296.893, 96
Trd, 4319297.643, 95
Trd, 4319299.843, 93
Trd, 4319301.493, 95
Trd, 4319301.693, 93
Trd, 4319301.843, 96
Trd, 4319305.643, 95
Trd, 4319306.243, 95
Trd, 4319306.543, 93
Trd, 4319307.043, 94
Trd, 4319308.193, 97
Trd, 4319310.643, 94
Trd, 4319312.393, 94
Trd, 4319312.443, 95
Trd, 4319312.843, 94
Trd, 4319314.443, 93
Trd, 4319314.843, 94
Trd, 4319315.893, 95
Trd, 4319316.643, 94
Trd, 4319318.443, 95
Trd, 4319319.093, 94
Trd, 4319320.793, 93
Trd, 4319321.343, 100
Trd, 4319322.993, 96
Trd, 4319323.643, 95
Trd, 4319323.793, 98
Trd, 4319326.893, 96
Trd, 4319327.943, 96
Trd, 4319328.143, 95
Trd, 4319330.293, 95
Trd, 4319331.093, 94
Trd, 4319331.243, 96
Trd, 4319331.493, 96
Trd, 4319333.193, 95
Trd, 4319333.593, 114
Trd, 4319334.393, 96
Trd, 4319334.893, 97
Trd, 4319335.593, 98
Trd, 4319336.093, 96
Trd, 4319339.143, 98
Trd, 4319340.093, 94
Trd, 4319340.293, 70
Trd, 4319342.693, 99
Trd, 4319344.143, 93
Trd, 4319344.893, 95
Trd, 4319345.543, 96
Trd, 4319346.793, 94
Trd, 4319347.793, 95
Trd, 4319349.693, 104
Trd, 4319350.693, 95
Trd, 4319352.143, 94
Trd, 4319354.743, 94
Trd, 4319355.843, 96
Trd, 4319357.393, 95
Trd, 4319357.443, 97
Trd, 4319357.643, 93
Trd, 4319358.843, 91
Trd, 4319361.743, 92
Trd, 4319362.693, 95
Trd, 4319364.393, 95
Trd, 4319364.593, 96
Trd, 4319367.393, 101
Trd, 4319368.043, 99
Trd, 4319369.993, 99
Trd, 4319370.193, 99
Trd, 4319370.943, 98
Trd, 4319371.643, 94
Trd, 4319373.143, 70
Trd, 4319373.593, 113
Trd, 4319376.893, 92
Trd, 4319378.193, 94
Trd, 4319379.093, 93
Trd, 4319379.193, 94
Trd, 4319380.643, 90
Trd, 4319382.543, 95
Trd, 4319384.393, 93
Trd, 4319385.193, 93
Trd, 4319386.893, 94
Trd, 4319387.743, 93
Trd, 4319388.343, 95
Trd, 4319388.543, 93
Trd, 4319391.293, 94
Trd, 4319391.693, 92
Trd, 4319393.293, 94
Trd, 4319393.893, 94
Trd, 4319396.643, 94
Trd, 4319396.993, 104
Trd, 4319397.493, 93
Trd, 4319397.793, 92
Trd, 4319401.193, 98
Trd, 4319401.943, 95
Trd, 4319403.243, 94
Trd, 4319404.293, 93
Trd, 4319405.493, 94
Trd, 4319406.243, 72
Trd, 4319407.893, 95
Trd, 4319408.143, 90
Trd, 4319411.593, 88
Trd, 4319411.643, 88
Trd, 4319413.443, 91
Trd, 4319415.393, 92
Trd, 4319415.643, 90
Trd, 4319416.293, 91
Trd, 4319417.993, 92
Trd, 4319418.543, 91
Trd, 4319420.543, 94
Trd, 4319420.943, 92
Trd, 4319423.143, 96
Trd, 4319423.793, 92
Trd, 4319427.193, 95
Trd, 4319427.893, 94
Trd, 4319430.243, 93
Trd, 4319430.593, 96
Trd, 4319431.493, 99
Trd, 4319432.293, 96
Trd, 4319433.293, 95
Trd, 4319433.993, 70
Trd, 4319437.043, 94
Trd, 4319437.193, 93
Trd, 4319438.043, 94
Trd, 4319438.293, 98
Trd, 4319441.393, 98
Trd, 4319441.743, 99
Trd, 4319442.593, 113
Trd, 4319443.293, 102
Trd, 4319444.443, 102
Trd, 4319444.543, 101
Trd, 4319445.243, 100
Trd, 4319446.843, 99
Trd, 4319447.043, 94
Trd, 4319447.543, 113
Trd, 4319451.643, 103
Trd, 4319452.243, 101
Trd, 4319453.993, 101
Trd, 4319455.493, 100
Trd, 4319457.093, 101
Trd, 4319458.993, 99
Trd, 4319459.893, 98
Trd, 4319460.243, 97
Trd, 4319463.343, 100
Trd, 4319463.543, 101
Trd, 4319465.393, 97
Trd, 4319465.793, 101
Trd, 4319467.543, 99
Trd, 4319469.793, 98
Trd, 4319470.793, 99
Trd, 4319472.193, 97
Trd, 4319472.293, 101
Trd, 4319475.243, 100
Trd, 4319477.143, 101
Trd, 4319477.493, 101
Trd, 4319478.793, 100
Trd, 4319478.943, 103
Trd, 4319479.293, 100
Trd, 4319482.093, 97
Trd, 4319483.943, 98
Trd, 4319485.443, 95
Trd, 4319487.193, 102
Trd, 4319487.443, 97
Trd, 4319487.543, 83
Trd, 4319492.343, 99
Trd, 4319493.393, 100
Trd, 4319495.043, 97
Trd, 4319496.693, 99
Trd, 4319497.493, 98
Trd, 4319499.043, 97
Trd, 4319500.693, 96
Trd, 4319501.543, 99
Trd, 4319501.643, 95
Trd, 4319502.593, 100
Trd, 4319503.293, 95
Trd, 4319504.243, 95
Trd, 4319505.243, 95
Trd, 4319506.243, 99
Trd, 4319507.393, 94
Trd, 4319508.993, 74
Trd, 4319510.793, 95
Trd, 4319511.793, 95
Trd, 4319512.843, 95
Trd, 4319514.143, 95
Trd, 4319515.993, 94
Trd, 4319517.943, 95
Trd, 4319517.993, 94
Trd, 4319519.593, 93
Trd, 4319520.593, 92
Trd, 4319522.943, 94
Trd, 4319523.393, 93
Trd, 4319525.043, 93
Trd, 4319528.643, 94
Trd, 4319528.743, 93
Trd, 4319530.393, 94
Trd, 4319530.443, 93
Trd, 4319531.593, 94
Trd, 4319532.343, 95
Trd, 4319536.343, 94
Trd, 4319536.493, 93
Trd, 4319537.143, 93
Trd, 4319538.043, 94
Trd, 4319540.343, 96
Trd, 4319541.093, 96
Trd, 4319541.343, 113
Trd, 4319542.793, 97
Trd, 4319543.143, 95
Trd, 4319545.693, 95
Trd, 4319545.993, 104
Trd, 4319546.943, 95
Trd, 4319548.393, 98
Trd, 4319548.593, 94
Trd, 4319550.393, 101
Trd, 4319550.993, 101
Trd, 4319551.593, 112
Trd, 4319551.843, 100
Trd, 4319552.843, 113
Trd, 4319553.643, 101
Trd, 4319557.193, 100
Trd, 4319557.293, 94
Trd, 4319559.443, 98
Trd, 4319560.093, 97
Trd, 4319560.243, 102
Trd, 4319563.843, 97
Trd, 4319564.493, 97
Trd, 4319566.143, 98
Trd, 4319567.243, 101
Trd, 4319567.993, 102
Trd, 4319571.143, 105
Trd, 4319571.343, 104
Trd, 4319571.693, 103
Trd, 4319571.893, 103
Trd, 4319573.093, 104
Trd, 4319573.293, 103
Trd, 4319573.543, 94
Trd, 4319575.143, 101
Trd, 4319575.843, 112
Trd, 4319577.743, 95
Trd, 4319580.643, 99
Trd, 4319581.043, 98
Trd, 4319581.743, 103
Trd, 4319582.293, 97
Trd, 4319584.643, 73
Trd, 4319585.643, 88
Trd, 4319586.143, 87
Trd, 4319589.093, 85
Trd, 4319589.593, 87
Trd, 4319590.743, 94
Trd, 4319592.893, 92
Trd, 4319593.243, 94
Trd, 4319594.343, 93
Trd, 4319596.443, 92
Trd, 4319596.893, 103
Trd, 4319598.093, 96
Trd, 4319598.493, 122
Trd, 4319600.993, 104
Trd, 4319601.243, 103
Trd, 4319602.843, 104
Trd, 4319602.993, 103
Trd, 4319603.543, 102
Trd, 4319605.593, 102
Trd, 4319605.943, 99
Trd, 4319606.693, 100
Trd, 4319606.993, 103
Trd, 4319607.793, 97
Trd, 4319608.293, 76
Trd, 4319610.943, 93
Trd, 4319612.443, 95
Trd, 4319614.993, 94
Trd, 4319616.043, 95
Trd, 4319616.493, 95
Trd, 4319616.893, 93
Trd, 4319618.093, 94
Trd, 4319618.593, 93
Trd, 4319619.593, 93
Trd, 4319619.843, 104
Trd, 4319622.193, 92
Trd, 4319622.593, 82
Trd, 4319624.843, 87
Trd, 4319625.693, 91
Trd, 4319627.393, 91
Trd, 4319627.943, 90
Trd, 4319629.943, 90
Trd, 4319631.393, 89
Trd, 4319631.443, 91
Trd, 4319633.243, 90
Trd, 4319635.693, 91
Trd, 4319636.843, 91
Trd, 4319638.093, 89
Trd, 4319638.343, 89
Trd, 4319639.443, 91
Trd, 4319641.843, 88
Trd, 4319641.943, 88
Trd, 4319644.643, 91
Trd, 4319645.893, 91
Trd, 4319646.493, 89
Trd, 4319647.293, 92
Trd, 4319649.393, 87
Trd, 4319649.793, 95
Trd, 4319651.043, 91
Trd, 4319651.093, 87
Trd, 4319654.593, 92
Trd, 4319655.793, 91
Trd, 4319657.393, 92
Trd, 4319659.493, 96
Trd, 4319659.593, 96
Trd, 4319660.393, 94
Trd, 4319661.193, 76
Trd, 4319661.243, 99
Trd, 4319663.293, 92
Trd, 4319666.093, 95
Trd, 4319667.143, 96
Trd, 4319670.293, 96
Trd, 4319670.543, 94
Trd, 4319670.643, 96
Trd, 4319673.393, 94
Trd, 4319676.443, 96
Trd, 4319677.893, 95
Trd, 4319678.293, 94
Trd, 4319678.893, 93
Trd, 4319680.393, 95
Trd, 4319681.593, 96
Trd, 4319681.893, 94
Trd, 4319682.593, 97
Trd, 4319684.293, 94
Trd, 4319686.493, 93
Trd, 4319687.293, 92
Trd, 4319688.743, 95
Trd, 4319690.143, 96
Trd, 4319690.693, 95
Trd, 4319691.343, 94
Trd, 4319693.893, 96
Trd, 4319694.743, 95
Trd, 4319695.293, 96
Trd, 4319695.643, 96
Trd, 4319696.993, 95
Trd, 4319698.893, 94
Trd, 4319699.193, 104
Trd, 4319699.543, 87
Trd, 4319699.693, 86
Trd, 4319702.893, 91
Trd, 4319704.243, 95
Trd, 4319705.243, 93
Trd, 4319705.643, 91
Trd, 4319709.693, 92
Trd, 4319709.993, 93
Trd, 4319711.393, 93
Trd, 4319712.043, 100
Trd, 4319712.793, 92
Trd, 4319713.993, 93
Trd, 4319715.843, 100
Trd, 4319715.993, 99
Trd, 4319717.493, 108
Trd, 4319717.643, 99
Trd, 4319719.143, 104
Trd, 4319719.193, 103
Trd, 4319720.293, 102
Trd, 4319721.293, 101
Trd, 4319722.643, 95
Trd, 4319724.043, 94
Trd, 4319724.893, 102
Trd, 4319726.743, 100
Trd, 4319726.943, 99
Trd, 4319727.193, 93
Trd, 4319728.093, 113
Trd, 4319729.343, 83
Trd, 4319731.943, 96
Trd, 4319732.643, 113
Trd, 4319732.943, 98
Trd, 4319733.143, 91
Trd, 4319734.443, 101
Trd, 4319735.143, 98
Trd, 4319735.243, 96
Trd, 4319738.143, 81
Trd, 4319740.243, 90
Trd, 4319740.743, 93
Trd, 4319741.143, 92
Trd, 4319741.193, 96
Trd, 4319741.443, 90
Trd, 4319743.543, 98
Trd, 4319744.793, 89
Trd, 4319746.493, 94
Trd, 4319747.993, 93
Trd, 4319749.093, 93
Trd, 4319752.493, 92
Trd, 4319752.893, 94
Trd, 4319753.193, 90
Trd, 4319755.693, 86
Trd, 4319755.993, 86
Trd, 4319757.843, 89
Trd, 4319757.943, 104
Trd, 4319759.193, 91
Trd, 4319761.143, 89
Trd, 4319764.743, 93
Trd, 4319765.643, 96
Trd, 4319765.893, 96
Trd, 4319766.043, 104
Trd, 4319766.143, 94
Trd, 4319767.543, 97
Trd, 4319767.943, 94
Trd, 4319769.593, 94
Trd, 4319771.743, 96
Trd, 4319772.443, 96
Trd, 4319773.093, 96
Trd, 4319773.893, 95
Trd, 4319774.743, 94
Trd, 4319776.243, 96
Trd, 4319776.843, 94
Trd, 4319779.293, 96
Trd, 4319780.643, 96
Trd, 4319781.143, 95
Trd, 4319781.193, 104
Trd, 4319781.693, 95
Trd, 4319783.793, 112
Trd, 4319784.093, 95
Trd, 4319784.743, 100
Trd, 4319785.393, 103
Trd, 4319787.693, 109
Trd, 4319788.893, 75
Trd, 4319789.493, 95
Trd, 4319790.093, 68
Trd, 4319793.293, 86
Trd, 4319794.143, 93
Trd, 4319795.243, 91
Trd, 4319796.693, 94
Trd, 4319797.393, 93
Trd, 4319797.943, 95
Trd, 4319799.543, 98
Trd, 4319801.343, 93
Trd, 4319802.593, 93
Trd, 4319803.893, 93
Trd, 4319805.793, 93
Trd, 4319806.643, 94
Trd, 4319806.693, 92
Trd, 4319809.393, 91
Trd, 4319809.793, 91
Trd, 4319810.393, 99
Trd, 4319813.543, 91
Trd, 4319814.793, 95
Trd, 4319815.193, 95
Trd, 4319816.243, 94
Trd, 4319816.393, 95
Trd, 4319820.093, 95
Trd, 4319821.843, 95
Trd, 4319822.193, 92
Trd, 4319823.093, 96
Trd, 4319824.143, 93
Trd, 4319826.193, 93
Trd, 4319827.293, 95
Trd, 4319828.243, 92
Trd, 4319828.443, 94
Trd, 4319829.593, 95
Trd, 4319830.793, 96
Trd, 4319831.643, 95
Trd, 4319831.793, 104
Trd, 4319834.743, 101
Trd, 4319835.793, 95
Trd, 4319836.043, 95
Trd, 4319836.743, 96
Trd, 4319838.643, 104
Trd, 4319840.093, 95
Trd, 4319842.593, 95
Trd, 4319843.193, 95
Trd, 4319844.143, 98
Trd, 4319846.643, 97
Trd, 4319847.543, 98
Trd, 4319849.143, 99
Trd, 4319850.543, 98
Trd, 4319851.593, 101
Trd, 4319852.393, 98
Trd, 4319852.693, 94
Trd, 4319853.943, 99
Trd, 4319854.843, 98
Trd, 4319855.243, 99
Trd, 4319857.543, 97
Trd, 4319857.743, 98
Trd, 4319859.243, 96
Trd, 4319859.943, 86
Trd, 4319860.043, 71
Trd, 4319863.943, 96
Trd, 4319866.093, 97
Trd, 4319866.143, 94
Trd, 4319867.943, 94
Trd, 4319868.993, 93
Trd, 4319871.893, 96
Trd, 4319872.593, 96
Trd, 4319872.993, 98
Trd, 4319873.693, 94
Trd, 4319876.893, 93
Trd, 4319877.843, 96
Trd, 4319878.293, 95
Trd, 4319880.743, 96
Trd, 4319881.393, 95
Trd, 4319882.743, 96
Trd, 4319882.793, 95
Trd, 4319883.893, 94
Trd, 4319885.143, 93
Trd, 4319886.743, 96
Trd, 4319889.093, 96
Trd, 4319889.843, 102
Trd, 4319892.493, 106
Trd, 4319892.993, 107
Trd, 4319893.993, 103
Trd, 4319894.143, 94
Trd, 4319894.493, 70
Trd, 4319896.793, 96
Trd, 4319897.993, 100
Trd, 4319898.743, 99
Trd, 4319899.143, 98
Trd, 4319899.893, 97
Trd, 4319901.143, 100
Trd, 4319902.143, 98
Trd, 4319903.893, 101
Trd, 4319904.193, 97
Trd, 4319906.093, 96
Trd, 4319907.993, 100
Trd, 4319908.243, 99
Trd, 4319909.043, 98
Trd, 4319909.543, 122
Trd, 4319912.143, 94
Trd, 4319913.743, 101
Trd, 4319914.093, 101
Trd, 4319915.693, 101
Trd, 4319915.843, 99
Trd, 4319917.193, 99
Trd, 4319917.543, 104
Trd, 4319919.093, 99
Trd, 4319919.593, 102
Trd, 4319921.243, 94
Trd, 4319921.793, 84
Trd, 4319923.393, 97
Trd, 4319924.893, 97
Trd, 4319925.993, 101
Trd, 4319926.693, 97
Trd, 4319930.293, 102
Trd, 4319930.843, 100
Trd, 4319931.593, 97
Trd, 4319931.743, 95
Trd, 4319931.993, 94
Trd, 4319933.843, 96
Trd, 4319934.443, 99
Trd, 4319935.293, 95
Trd, 4319937.593, 95
Trd, 4319939.843, 96
Trd, 4319941.093, 97
Trd, 4319942.593, 96
Trd, 4319943.943, 95
Trd, 4319944.643, 96
Trd, 4319945.243, 97
Trd, 4319945.493, 95
Trd, 4319946.143, 93
Trd, 4319947.393, 96
Trd, 4319947.443, 75
Trd, 4319952.443, 95
Trd, 4319954.143, 94
Trd, 4319954.293, 95
Trd, 4319954.693, 94
Trd, 4319955.793, 95
Trd, 4319956.293, 94
Trd, 4319957.793, 96
Trd, 4319958.443, 96
Trd, 4319960.193, 74
Trd, 4319961.543, 95
Trd, 4319963.193, 94
Trd, 4319963.443, 93
Trd, 4319964.543, 93
Trd, 4319965.393, 104
Trd, 4319965.993, 92
Trd, 4319968.843, 92
Trd, 4319970.293, 93
Trd, 4319970.793, 94
Trd, 4319970.843, 95
Trd, 4319971.943, 96
Trd, 4319972.593, 96
Trd, 4319975.043, 98
Trd, 4319975.143, 97
Trd, 4319975.343, 100
Trd, 4319976.443, 94
Trd, 4319976.643, 67
Trd, 4319979.943, 97
Trd, 4319981.093, 97
Trd, 4319981.393, 97
Trd, 4319983.693, 96
Trd, 4319985.193, 96
Trd, 4319985.293, 96
Trd, 4319987.793, 100
Trd, 4319988.143, 97
Trd, 4319988.743, 100
Trd, 4319989.193, 99
Trd, 4319989.893, 120
Trd, 4319990.043, 99
Trd, 4319992.143, 94
Trd, 4319993.393, 101
Trd, 4319994.093, 97
Trd, 4319995.943, 95
Trd, 4319996.293, 96
Trd, 4319996.443, 93
Trd, 4319997.093, 104
Trd, 4319999.343, 98
