Trd, 4317890.143, 95
Trd, 4317891.443, 94
Trd, 4317893.093, 99
Trd, 4317894.093, 101
Trd, 4317894.843, 85
Trd, 4317895.793, 90
Trd, 4317897.843, 96
Trd, 4317899.143, 99
Trd, 4317900.843, 95
Trd, 4317901.093, 96
Trd, 4317904.893, 95
Trd, 4317905.093, 95
Trd, 4317905.993, 94
Trd, 4317908.193, 95
Trd, 4317908.793, 95
Trd, 4317909.293, 95
Trd, 4317912.243, 108
Trd, 4317913.193, 103
Trd, 4317915.043, 107
Trd, 4317915.693, 106
Trd, 4317915.893, 105
Trd, 4317916.393, 103
Trd, 4317918.043, 99
Trd, 4317919.643, 99
Trd, 4317920.743, 99
Trd, 4317921.193, 96
Trd, 4317923.943, 100
Trd, 4317925.043, 100
Trd, 4317925.243, 107
Trd, 4317927.193, 104
Trd, 4317928.793, 104
Trd, 4317929.293, 103
Trd, 4317929.943, 102
Trd, 4317930.193, 94
Trd, 4317932.193, 99
Trd, 4317935.243, 101
Trd, 4317935.643, 102
Trd, 4317936.943, 94
Trd, 4317939.443, 101
Trd, 4317942.493, 100
Trd, 4317943.443, 101
Trd, 4317943.543, 97
Trd, 4317946.693, 102
Trd, 4317947.443, 104
Trd, 4317947.993, 104
Trd, 4317948.143, 94
Trd, 4317949.843, 102
Trd, 4317950.993, 101
Trd, 4317951.893, 100
Trd, 4317953.243, 102
Trd, 4317954.293, 100
Trd, 4317954.893, 100
Trd, 4317956.643, 102
Trd, 4317957.143, 101
Trd, 4317957.943, 101
Trd, 4317961.143, 101
Trd, 4317962.043, 100
Trd, 4317962.293, 99
Trd, 4317963.193, 95
Trd, 4317965.593, 100
Trd, 4317968.543, 100
Trd, 4317969.993, 97
Trd, 4317972.543, 99
Trd, 4317973.693, 99
Trd, 4317973.743, 100
Trd, 4317974.893, 99
Trd, 4317975.293, 97
Trd, 4317978.793, 96
Trd, 4317979.743, 98
Trd, 4317980.193, 97
Trd, 4317980.293, 94
Trd, 4317985.143, 94
Trd, 4317985.993, 94
Trd, 4317986.243, 93
Trd, 4317987.493, 94
Trd, 4317987.843, 94
Trd, 4317990.043, 95
Trd, 4317990.593, 94
Trd, 4317991.143, 95
Trd, 4317992.243, 95
Trd, 4317992.493, 94
Trd, 4317994.593, 112
Trd, 4317996.393, 109
Trd, 4317996.443, 108
Trd, 4317996.793, 107
Trd, 4317998.243, 104
Trd, 4317998.393, 103
Trd, 4317998.743, 94
Trd, 4318001.543, 100
Trd, 4318003.743, 99
Trd, 4318004.193, 98
Trd, 4318004.743, 99
Trd, 4318005.193, 97
Trd, 4318007.743, 96
Trd, 4318009.693, 95
Trd, 4318010.143, 96
Trd, 4318012.093, 96
Trd, 4318012.143, 94
Trd, 4318014.043, 94
Trd, 4318014.893, 95
Trd, 4318015.893, 95
Trd, 4318017.493, 96
Trd, 4318019.543, 103
Trd, 4318019.743, 113
Trd, 4318022.243, 98
Trd, 4318023.143, 99
Trd, 4318024.743, 94
Trd, 4318026.643, 96
Trd, 4318027.193, 94
Trd, 4318027.843, 92
Trd, 4318027.993, 95
Trd, 4318029.943, 94
Trd, 4318031.393, 94
Trd, 4318032.293, 98
Trd, 4318032.893, 96
Trd, 4318036.093, 98
Trd, 4318036.593, 97
Trd, 4318036.643, 110
Trd, 4318039.093, 99
Trd, 4318039.893, 102
Trd, 4318041.393, 99
Trd, 4318043.793, 95
Trd, 4318044.343, 95
Trd, 4318047.293, 96
Trd, 4318047.493, 94
Trd, 4318048.443, 94
Trd, 4318050.693, 95
Trd, 4318051.843, 95
Trd, 4318052.793, 94
Trd, 4318053.093, 95
Trd, 4318053.193, 94
Trd, 4318056.343, 94
Trd, 4318056.543, 94
Trd, 4318058.393, 95
Trd, 4318059.043, 95
Trd, 4318060.943, 95
Trd, 4318061.893, 94
Trd, 4318062.743, 95
Trd, 4318062.993, 93
Trd, 4318065.243, 94
Trd, 4318066.893, 92
Trd, 4318068.093, 93
Trd, 4318068.743, 92
Trd, 4318068.893, 91
Trd, 4318069.643, 95
Trd, 4318071.493, 92
Trd, 4318073.593, 91
Trd, 4318075.443, 92
Trd, 4318076.193, 93
Trd, 4318077.193, 95
Trd, 4318078.993, 100
Trd, 4318079.993, 99
Trd, 4318082.243, 104
Trd, 4318082.493, 104
Trd, 4318083.343, 104
Trd, 4318084.693, 102
Trd, 4318085.393, 104
Trd, 4318086.643, 94
Trd, 4318089.393, 99
Trd, 4318089.843, 100
Trd, 4318091.543, 111
Trd, 4318092.393, 108
Trd, 4318093.343, 109
Trd, 4318095.243, 109
Trd, 4318096.543, 113
Trd, 4318097.643, 106
Trd, 4318099.493, 103
Trd, 4318101.393, 105
Trd, 4318102.593, 104
Trd, 4318103.393, 105
Trd, 4318104.443, 101
Trd, 4318106.093, 98
Trd, 4318106.393, 94
Trd, 4318109.193, 98
Trd, 4318110.443, 97
Trd, 4318111.943, 98
Trd, 4318112.393, 98
Trd, 4318113.743, 97
Trd, 4318113.793, 105
Trd, 4318115.243, 109
Trd, 4318117.043, 101
Trd, 4318118.343, 101
Trd, 4318118.393, 99
Trd, 4318119.443, 96
Trd, 4318121.043, 96
Trd, 4318121.993, 98
Trd, 4318122.643, 98
Trd, 4318122.993, 99
Trd, 4318124.443, 97
Trd, 4318127.093, 97
Trd, 4318128.343, 98
Trd, 4318128.743, 98
Trd, 4318129.043, 98
Trd, 4318129.143, 95
Trd, 4318131.443, 98
Trd, 4318131.893, 97
Trd, 4318132.943, 98
Trd, 4318134.943, 98
Trd, 4318137.293, 98
Trd, 4318138.993, 98
Trd, 4318139.043, 97
Trd, 4318140.343, 99
Trd, 4318140.593, 96
Trd, 4318143.243, 96
Trd, 4318143.593, 96
Trd, 4318143.993, 96
Trd, 4318146.193, 99
Trd, 4318147.993, 98
Trd, 4318148.493, 96
Trd, 4318149.193, 97
Trd, 4318150.093, 101
Trd, 4318152.243, 99
Trd, 4318153.093, 99
Trd, 4318153.893, 99
Trd, 4318154.893, 103
Trd, 4318155.093, 97
Trd, 4318156.893, 99
Trd, 4318158.493, 97
Trd, 4318158.893, 97
Trd, 4318159.393, 98
Trd, 4318160.193, 98
Trd, 4318161.693, 98
Trd, 4318162.643, 97
Trd, 4318164.843, 98
Trd, 4318165.543, 97
Trd, 4318166.443, 101
Trd, 4318169.093, 97
Trd, 4318170.493, 98
Trd, 4318172.293, 97
Trd, 4318172.493, 96
Trd, 4318173.743, 96
Trd, 4318174.143, 97
Trd, 4318177.393, 97
Trd, 4318177.993, 95
Trd, 4318180.143, 96
Trd, 4318181.593, 96
Trd, 4318182.093, 95
Trd, 4318182.693, 94
Trd, 4318183.993, 95
Trd, 4318187.343, 96
Trd, 4318187.943, 95
Trd, 4318188.193, 96
Trd, 4318190.593, 97
Trd, 4318190.943, 95
Trd, 4318193.493, 96
Trd, 4318194.993, 95
Trd, 4318195.293, 97
Trd, 4318196.843, 98
Trd, 4318197.693, 96
Trd, 4318198.893, 95
Trd, 4318200.393, 95
Trd, 4318201.243, 93
Trd, 4318202.293, 95
Trd, 4318202.443, 95
Trd, 4318204.493, 94
Trd, 4318205.243, 95
Trd, 4318208.743, 96
Trd, 4318209.043, 97
Trd, 4318210.043, 98
Trd, 4318211.443, 105
Trd, 4318211.543, 97
Trd, 4318212.643, 100
Trd, 4318212.693, 99
Trd, 4318215.193, 101
Trd, 4318216.993, 101
Trd, 4318217.893, 101
Trd, 4318219.293, 100
Trd, 4318221.743, 102
Trd, 4318222.243, 103
Trd, 4318222.893, 104
Trd, 4318224.093, 99
Trd, 4318227.093, 98
Trd, 4318227.893, 99
Trd, 4318228.193, 98
Trd, 4318229.743, 96
Trd, 4318230.093, 96
Trd, 4318230.793, 94
Trd, 4318233.293, 97
Trd, 4318234.643, 94
Trd, 4318236.393, 95
Trd, 4318236.543, 94
Trd, 4318237.893, 94
Trd, 4318238.093, 92
Trd, 4318240.293, 92
Trd, 4318241.343, 91
Trd, 4318243.893, 90
Trd, 4318244.743, 89
Trd, 4318248.493, 91
Trd, 4318248.793, 90
Trd, 4318249.443, 95
Trd, 4318249.643, 107
Trd, 4318250.993, 95
Trd, 4318252.093, 123
Trd, 4318255.443, 94
Trd, 4318256.593, 99
Trd, 4318256.943, 99
Trd, 4318257.593, 99
Trd, 4318258.643, 100
Trd, 4318260.793, 100
Trd, 4318261.643, 99
Trd, 4318262.743, 98
Trd, 4318263.143, 95
Trd, 4318264.593, 100
Trd, 4318268.343, 97
Trd, 4318270.043, 96
Trd, 4318270.743, 97
Trd, 4318272.593, 96
Trd, 4318274.943, 96
Trd, 4318276.043, 95
Trd, 4318276.693, 96
Trd, 4318277.243, 96
Trd, 4318277.943, 94
Trd, 4318280.193, 95
Trd, 4318280.243, 94
Trd, 4318280.843, 95
Trd, 4318282.393, 94
Trd, 4318284.193, 95
Trd, 4318285.193, 95
Trd, 4318285.743, 96
Trd, 4318286.993, 97
Trd, 4318288.993, 97
Trd, 4318290.493, 97
Trd, 4318291.593, 94
Trd, 4318292.193, 96
Trd, 4318294.743, 94
Trd, 4318296.343, 93
Trd, 4318296.693, 94
Trd, 4318296.993, 95
Trd, 4318298.343, 95
Trd, 4318299.143, 95
Trd, 4318300.643, 100
Trd, 4318301.543, 100
Trd, 4318302.343, 99
Trd, 4318303.193, 105
Trd, 4318303.643, 101
Trd, 4318306.393, 96
Trd, 4318307.193, 96
Trd, 4318307.943, 93
Trd, 4318310.643, 96
Trd, 4318310.843, 96
Trd, 4318312.343, 100
Trd, 4318312.443, 100
Trd, 4318313.543, 97
Trd, 4318313.943, 93
Trd, 4318316.593, 100
Trd, 4318316.843, 104
Trd, 4318319.093, 100
Trd, 4318319.643, 101
Trd, 4318320.643, 101
Trd, 4318321.243, 104
Trd, 4318322.843, 101
Trd, 4318326.543, 100
Trd, 4318326.593, 77
Trd, 4318327.943, 99
Trd, 4318329.143, 98
Trd, 4318330.093, 98
Trd, 4318330.443, 97
Trd, 4318332.593, 98
Trd, 4318332.793, 97
Trd, 4318333.843, 98
Trd, 4318334.743, 95
Trd, 4318335.843, 94
Trd, 4318336.693, 96
Trd, 4318339.293, 95
Trd, 4318341.443, 96
Trd, 4318341.993, 96
Trd, 4318342.693, 105
Trd, 4318342.743, 93
Trd, 4318343.543, 123
Trd, 4318348.643, 96
Trd, 4318349.043, 98
Trd, 4318350.593, 98
Trd, 4318352.343, 98
Trd, 4318354.543, 98
Trd, 4318354.893, 98
Trd, 4318355.843, 97
Trd, 4318356.443, 95
Trd, 4318357.593, 95
Trd, 4318359.993, 95
Trd, 4318360.093, 95
Trd, 4318360.943, 95
Trd, 4318361.493, 96
Trd, 4318361.543, 95
Trd, 4318364.443, 95
Trd, 4318364.893, 94
Trd, 4318366.943, 95
Trd, 4318367.243, 95
Trd, 4318367.743, 85
Trd, 4318369.693, 95
Trd, 4318370.443, 89
Trd, 4318373.443, 91
Trd, 4318373.943, 93
Trd, 4318374.843, 92
Trd, 4318374.943, 118
Trd, 4318376.243, 92
Trd, 4318378.143, 94
Trd, 4318379.093, 94
Trd, 4318380.493, 92
Trd, 4318381.493, 92
Trd, 4318381.943, 91
Trd, 4318382.643, 90
Trd, 4318383.443, 95
Trd, 4318385.343, 96
Trd, 4318386.743, 99
Trd, 4318386.793, 98
Trd, 4318388.143, 99
Trd, 4318390.543, 116
Trd, 4318392.393, 102
Trd, 4318393.043, 100
Trd, 4318393.293, 99
Trd, 4318394.243, 94
Trd, 4318394.543, 97
Trd, 4318397.393, 99
Trd, 4318398.443, 98
Trd, 4318399.343, 98
Trd, 4318400.143, 98
Trd, 4318400.993, 98
Trd, 4318402.243, 116
Trd, 4318404.293, 96
Trd, 4318406.993, 97
Trd, 4318408.193, 96
Trd, 4318408.893, 96
Trd, 4318410.593, 96
Trd, 4318411.643, 94
Trd, 4318411.693, 95
Trd, 4318412.593, 95
Trd, 4318414.793, 96
Trd, 4318415.193, 92
Trd, 4318415.993, 93
Trd, 4318418.143, 94
Trd, 4318418.943, 94
Trd, 4318419.993, 94
Trd, 4318421.093, 92
Trd, 4318423.293, 92
Trd, 4318423.793, 93
Trd, 4318425.043, 93
Trd, 4318426.593, 94
Trd, 4318427.043, 93
Trd, 4318427.443, 93
Trd, 4318428.743, 92
Trd, 4318430.293, 93
Trd, 4318430.993, 95
Trd, 4318432.143, 105
Trd, 4318434.243, 92
Trd, 4318434.893, 93
Trd, 4318435.943, 95
Trd, 4318438.893, 93
Trd, 4318439.643, 93
Trd, 4318440.543, 94
Trd, 4318440.843, 94
Trd, 4318441.193, 92
Trd, 4318443.793, 90
Trd, 4318445.843, 93
Trd, 4318448.793, 92
Trd, 4318449.693, 93
Trd, 4318450.793, 92
Trd, 4318451.693, 93
Trd, 4318452.843, 95
Trd, 4318454.543, 93
Trd, 4318455.443, 93
Trd, 4318455.693, 93
Trd, 4318459.493, 93
Trd, 4318459.543, 94
Trd, 4318460.443, 95
Trd, 4318461.593, 95
Trd, 4318462.893, 114
Trd, 4318463.443, 106
Trd, 4318464.043, 103
Trd, 4318464.543, 104
Trd, 4318466.393, 98
Trd, 4318467.293, 98
Trd, 4318468.393, 98
Trd, 4318469.043, 97
Trd, 4318471.093, 97
Trd, 4318471.493, 97
Trd, 4318471.593, 95
Trd, 4318472.143, 94
Trd, 4318474.943, 94
Trd, 4318476.993, 93
Trd, 4318477.793, 94
Trd, 4318477.893, 93
Trd, 4318479.693, 93
Trd, 4318481.643, 92
Trd, 4318484.093, 91
Trd, 4318485.443, 93
Trd, 4318486.743, 93
Trd, 4318486.993, 95
Trd, 4318489.843, 94
Trd, 4318490.343, 92
Trd, 4318490.643, 94
Trd, 4318491.493, 91
Trd, 4318495.543, 91
Trd, 4318495.893, 92
Trd, 4318496.443, 92
Trd, 4318499.343, 92
Trd, 4318499.443, 91
Trd, 4318500.193, 95
Trd, 4318501.693, 104
Trd, 4318502.693, 100
Trd, 4318503.243, 100
Trd, 4318505.243, 99
Trd, 4318507.243, 101
Trd, 4318508.543, 101
Trd, 4318510.093, 98
Trd, 4318510.693, 100
Trd, 4318511.893, 98
Trd, 4318513.543, 93
Trd, 4318513.743, 96
Trd, 4318515.243, 96
Trd, 4318515.393, 97
Trd, 4318518.393, 96
Trd, 4318518.943, 97
Trd, 4318520.293, 95
Trd, 4318521.443, 95
Trd, 4318522.343, 96
Trd, 4318523.593, 95
Trd, 4318523.843, 94
Trd, 4318525.443, 95
Trd, 4318525.593, 93
Trd, 4318526.093, 115
Trd, 4318528.043, 100
Trd, 4318529.743, 95
Trd, 4318532.193, 96
Trd, 4318532.743, 95
Trd, 4318534.143, 95
Trd, 4318536.093, 95
Trd, 4318536.143, 93
Trd, 4318538.493, 95
Trd, 4318539.743, 108
Trd, 4318541.193, 106
Trd, 4318541.393, 106
Trd, 4318542.293, 107
Trd, 4318543.943, 106
Trd, 4318546.043, 105
Trd, 4318546.243, 104
Trd, 4318546.493, 105
Trd, 4318546.593, 103
Trd, 4318549.093, 105
Trd, 4318550.993, 102
Trd, 4318551.843, 102
Trd, 4318553.543, 101
Trd, 4318554.193, 103
Trd, 4318555.543, 101
Trd, 4318559.793, 99
Trd, 4318560.743, 99
Trd, 4318561.193, 99
Trd, 4318561.693, 97
Trd, 4318562.943, 99
Trd, 4318564.143, 98
Trd, 4318564.343, 99
Trd, 4318566.093, 95
Trd, 4318569.743, 97
Trd, 4318571.143, 97
Trd, 4318572.243, 98
Trd, 4318572.943, 97
Trd, 4318574.043, 94
Trd, 4318577.243, 96
Trd, 4318577.393, 96
Trd, 4318577.793, 96
Trd, 4318579.343, 96
Trd, 4318580.443, 86
Trd, 4318583.693, 91
Trd, 4318586.393, 90
Trd, 4318587.193, 90
Trd, 4318587.593, 91
Trd, 4318589.193, 91
Trd, 4318590.543, 92
Trd, 4318591.843, 91
Trd, 4318592.793, 91
Trd, 4318593.493, 92
Trd, 4318596.093, 114
Trd, 4318596.693, 93
Trd, 4318599.143, 97
Trd, 4318599.893, 94
Trd, 4318600.293, 96
Trd, 4318601.093, 93
Trd, 4318604.093, 93
Trd, 4318605.243, 86
Trd, 4318606.293, 88
Trd, 4318606.493, 89
Trd, 4318606.943, 116
Trd, 4318609.243, 88
Trd, 4318609.843, 100
Trd, 4318610.743, 99
Trd, 4318611.543, 100
Trd, 4318611.993, 101
Trd, 4318615.893, 101
Trd, 4318617.593, 104
Trd, 4318618.093, 103
Trd, 4318618.693, 104
Trd, 4318619.793, 103
Trd, 4318621.093, 103
Trd, 4318623.593, 103
Trd, 4318623.643, 104
Trd, 4318624.293, 102
Trd, 4318625.643, 104
Trd, 4318627.693, 106
Trd, 4318627.793, 115
Trd, 4318630.493, 106
Trd, 4318630.743, 103
Trd, 4318630.943, 107
Trd, 4318635.343, 103
Trd, 4318635.443, 103
Trd, 4318636.393, 102
Trd, 4318636.493, 103
Trd, 4318639.793, 100
Trd, 4318640.943, 96
Trd, 4318640.993, 99
Trd, 4318642.693, 98
Trd, 4318643.743, 98
Trd, 4318644.743, 98
Trd, 4318646.943, 98
Trd, 4318648.043, 97
Trd, 4318648.393, 98
Trd, 4318649.893, 96
Trd, 4318651.893, 96
Trd, 4318652.193, 94
Trd, 4318652.393, 85
Trd, 4318653.693, 93
Trd, 4318655.943, 95
Trd, 4318656.143, 112
Trd, 4318657.693, 107
Trd, 4318658.393, 106
Trd, 4318658.943, 101
Trd, 4318661.543, 106
Trd, 4318663.193, 103
Trd, 4318664.493, 92
Trd, 4318665.193, 101
Trd, 4318666.443, 101
Trd, 4318668.743, 100
Trd, 4318670.393, 100
Trd, 4318670.543, 99
Trd, 4318672.593, 100
Trd, 4318673.993, 99
Trd, 4318674.543, 99
Trd, 4318676.143, 99
Trd, 4318677.893, 100
Trd, 4318678.943, 100
Trd, 4318680.093, 98
Trd, 4318680.293, 101
Trd, 4318681.893, 100
Trd, 4318681.993, 98
Trd, 4318684.093, 97
Trd, 4318684.993, 97
Trd, 4318685.543, 97
Trd, 4318685.943, 94
Trd, 4318688.043, 94
Trd, 4318689.043, 94
Trd, 4318689.293, 95
Trd, 4318691.093, 94
Trd, 4318693.343, 97
Trd, 4318693.743, 96
Trd, 4318694.793, 95
Trd, 4318694.843, 102
Trd, 4318696.743, 95
Trd, 4318699.093, 96
Trd, 4318699.943, 94
Trd, 4318703.443, 92
Trd, 4318703.643, 91
Trd, 4318703.843, 88
Trd, 4318705.943, 94
Trd, 4318706.893, 91
Trd, 4318708.093, 95
Trd, 4318708.843, 96
Trd, 4318709.393, 113
Trd, 4318709.793, 95
Trd, 4318711.943, 93
Trd, 4318713.293, 95
Trd, 4318714.893, 95
Trd, 4318715.193, 96
Trd, 4318717.343, 94
Trd, 4318717.793, 94
Trd, 4318718.243, 95
Trd, 4318719.943, 95
Trd, 4318721.543, 95
Trd, 4318722.943, 96
Trd, 4318724.743, 96
Trd, 4318724.893, 94
Trd, 4318726.343, 95
Trd, 4318727.393, 95
Trd, 4318728.743, 95
Trd, 4318731.743, 97
Trd, 4318731.943, 95
Trd, 4318733.793, 95
Trd, 4318734.293, 96
Trd, 4318737.143, 96
Trd, 4318737.693, 95
Trd, 4318739.093, 95
Trd, 4318740.643, 95
Trd, 4318741.793, 95
Trd, 4318743.993, 96
Trd, 4318744.143, 95
Trd, 4318744.943, 94
Trd, 4318744.993, 92
Trd, 4318745.443, 94
Trd, 4318746.943, 90
Trd, 4318748.343, 95
Trd, 4318749.093, 94
Trd, 4318751.093, 93
Trd, 4318751.343, 94
Trd, 4318753.593, 91
Trd, 4318753.793, 94
Trd, 4318756.093, 96
Trd, 4318756.743, 95
Trd, 4318759.243, 97
Trd, 4318760.943, 101
Trd, 4318761.493, 100
Trd, 4318762.043, 97
Trd, 4318762.193, 103
Trd, 4318762.593, 110
Trd, 4318764.893, 98
Trd, 4318765.593, 97
Trd, 4318766.693, 96
Trd, 4318768.293, 94
Trd, 4318769.243, 98
Trd, 4318769.693, 98
Trd, 4318770.943, 99
Trd, 4318771.843, 100
Trd, 4318772.493, 100
Trd, 4318773.143, 114
Trd, 4318773.493, 99
Trd, 4318777.093, 101
Trd, 4318777.993, 100
Trd, 4318778.793, 101
Trd, 4318779.243, 100
Trd, 4318781.693, 97
Trd, 4318784.643, 99
Trd, 4318785.193, 97
Trd, 4318786.593, 98
Trd, 4318787.443, 98
Trd, 4318787.643, 114
Trd, 4318790.943, 97
Trd, 4318792.393, 100
Trd, 4318793.893, 98
Trd, 4318793.993, 96
Trd, 4318796.693, 94
Trd, 4318797.443, 96
Trd, 4318798.043, 95
Trd, 4318798.093, 94
Trd, 4318799.393, 97
Trd, 4318802.393, 94
Trd, 4318803.393, 94
Trd, 4318804.293, 95
Trd, 4318806.243, 94
Trd, 4318807.343, 95
Trd, 4318807.643, 94
Trd, 4318808.093, 95
Trd, 4318812.193, 94
Trd, 4318813.343, 95
Trd, 4318815.043, 94
Trd, 4318817.693, 95
Trd, 4318818.093, 95
Trd, 4318818.193, 95
Trd, 4318818.643, 94
Trd, 4318818.993, 114
Trd, 4318819.193, 85
Trd, 4318823.493, 97
Trd, 4318824.343, 97
Trd, 4318824.493, 97
Trd, 4318824.793, 96
Trd, 4318827.993, 93
Trd, 4318829.443, 94
Trd, 4318832.043, 95
Trd, 4318832.693, 93
Trd, 4318832.893, 94
Trd, 4318834.643, 93
Trd, 4318835.843, 92
Trd, 4318835.893, 92
Trd, 4318836.943, 93
Trd, 4318837.093, 95
Trd, 4318839.643, 97
Trd, 4318840.543, 93
Trd, 4318842.093, 96
Trd, 4318842.843, 97
Trd, 4318844.093, 105
Trd, 4318847.143, 95
Trd, 4318847.643, 94
Trd, 4318850.043, 95
Trd, 4318850.193, 96
Trd, 4318850.593, 96
Trd, 4318851.343, 95
Trd, 4318853.193, 96
Trd, 4318853.843, 96
Trd, 4318854.943, 96
Trd, 4318855.343, 96
Trd, 4318855.593, 93
Trd, 4318858.143, 100
Trd, 4318860.943, 96
Trd, 4318863.143, 96
Trd, 4318863.393, 97
Trd, 4318864.743, 97
Trd, 4318865.793, 95
Trd, 4318865.993, 94
Trd, 4318868.593, 96
Trd, 4318868.743, 96
Trd, 4318870.293, 96
Trd, 4318870.343, 93
Trd, 4318871.843, 97
Trd, 4318873.243, 97
Trd, 4318873.593, 114
Trd, 4318874.243, 98
Trd, 4318874.543, 98
Trd, 4318874.793, 97
Trd, 4318876.043, 100
Trd, 4318880.193, 96
Trd, 4318880.843, 96
Trd, 4318883.793, 95
Trd, 4318884.043, 94
Trd, 4318884.193, 95
Trd, 4318884.843, 93
Trd, 4318886.993, 95
Trd, 4318887.293, 96
Trd, 4318889.543, 97
Trd, 4318890.393, 95
Trd, 4318891.693, 97
Trd, 4318893.093, 98
Trd, 4318893.443, 100
Trd, 4318895.193, 104
Trd, 4318895.793, 110
Trd, 4318895.893, 104
Trd, 4318897.893, 103
Trd, 4318900.693, 106
Trd, 4318901.943, 104
Trd, 4318903.193, 107
Trd, 4318903.393, 105
Trd, 4318903.993, 103
Trd, 4318905.193, 103
Trd, 4318905.843, 103
Trd, 4318905.993, 105
Trd, 4318909.593, 102
Trd, 4318910.143, 103
Trd, 4318912.593, 104
Trd, 4318912.793, 104
Trd, 4318914.593, 103
Trd, 4318914.943, 102
Trd, 4318916.843, 103
Trd, 4318919.093, 104
Trd, 4318919.143, 104
Trd, 4318920.443, 103
Trd, 4318922.643, 103
Trd, 4318922.843, 103
Trd, 4318923.043, 103
Trd, 4318925.093, 112
Trd, 4318925.193, 94
Trd, 4318926.343, 100
Trd, 4318929.893, 104
Trd, 4318930.493, 105
Trd, 4318930.543, 113
Trd, 4318930.893, 104
Trd, 4318933.693, 103
Trd, 4318934.093, 103
Trd, 4318935.493, 96
Trd, 4318937.893, 100
Trd, 4318939.143, 100
Trd, 4318939.543, 100
Trd, 4318939.743, 99
Trd, 4318942.093, 100
Trd, 4318942.793, 99
Trd, 4318944.593, 97
Trd, 4318944.793, 98
Trd, 4318946.243, 97
Trd, 4318946.493, 85
Trd, 4318949.643, 95
Trd, 4318950.193, 96
Trd, 4318951.743, 96
Trd, 4318952.493, 104
Trd, 4318953.593, 96
Trd, 4318954.693, 97
Trd, 4318956.093, 96
Trd, 4318957.743, 95
Trd, 4318960.293, 94
Trd, 4318960.593, 95
Trd, 4318961.543, 95
Trd, 4318961.643, 95
Trd, 4318964.043, 97
Trd, 4318965.293, 98
Trd, 4318966.343, 100
Trd, 4318966.443, 97
Trd, 4318967.593, 96
Trd, 4318970.643, 96
Trd, 4318971.043, 95
Trd, 4318972.593, 96
Trd, 4318973.243, 94
Trd, 4318974.343, 96
Trd, 4318976.293, 96
Trd, 4318978.093, 96
Trd, 4318978.593, 97
Trd, 4318979.043, 95
Trd, 4318980.443, 96
Trd, 4318982.793, 96
Trd, 4318982.943, 113
Trd, 4318983.643, 95
Trd, 4318983.693, 94
Trd, 4318985.393, 99
Trd, 4318986.343, 98
Trd, 4318987.543, 98
Trd, 4318988.843, 97
Trd, 4318989.393, 97
Trd, 4318992.093, 100
Trd, 4318993.093, 101
Trd, 4318994.743, 100
Trd, 4318995.993, 102
Trd, 4318996.993, 99
Trd, 4318997.443, 106
Trd, 4318999.393, 100
Trd, 4319000.293, 99
Trd, 4319001.443, 99
Trd, 4319002.143, 98
Trd, 4319003.443, 98
Trd, 4319003.543, 99
Trd, 4319005.793, 96
Trd, 4319006.493, 96
Trd, 4319007.593, 93
Trd, 4319008.193, 92
Trd, 4319010.043, 93
Trd, 4319012.243, 94
Trd, 4319012.393, 92
Trd, 4319014.743, 94
Trd, 4319015.043, 94
Trd, 4319015.693, 95
Trd, 4319016.793, 95
Trd, 4319018.043, 95
Trd, 4319018.243, 113
Trd, 4319021.293, 97
Trd, 4319022.693, 96
Trd, 4319024.193, 97
Trd, 4319024.443, 94
Trd, 4319024.943, 96
Trd, 4319026.993, 98
Trd, 4319029.843, 96
Trd, 4319030.843, 98
Trd, 4319031.893, 98
Trd, 4319032.643, 96
Trd, 4319034.943, 98
Trd, 4319035.593, 97
Trd, 4319036.543, 111
Trd, 4319039.193, 98
Trd, 4319039.993, 97
Trd, 4319041.193, 100
Trd, 4319041.593, 99
Trd, 4319042.593, 99
Trd, 4319044.243, 105
Trd, 4319046.743, 100
Trd, 4319046.993, 100
Trd, 4319048.043, 99
Trd, 4319048.193, 94
Trd, 4319048.243, 100
Trd, 4319051.343, 98
Trd, 4319052.543, 98
Trd, 4319053.193, 97
Trd, 4319053.493, 96
Trd, 4319053.743, 95
Trd, 4319056.143, 98
Trd, 4319056.843, 98
Trd, 4319058.043, 97
Trd, 4319059.193, 97
Trd, 4319060.493, 97
Trd, 4319061.643, 97
Trd, 4319062.943, 98
Trd, 4319063.443, 105
Trd, 4319066.793, 99
Trd, 4319068.193, 97
Trd, 4319069.043, 97
Trd, 4319069.843, 106
Trd, 4319070.243, 96
Trd, 4319071.243, 99
Trd, 4319072.743, 100
Trd, 4319074.743, 100
Trd, 4319076.243, 99
Trd, 4319078.643, 99
Trd, 4319079.393, 97
Trd, 4319079.843, 98
Trd, 4319080.293, 97
Trd, 4319082.543, 97
Trd, 4319083.793, 97
Trd, 4319086.893, 96
Trd, 4319087.093, 97
Trd, 4319088.893, 97
Trd, 4319089.243, 96
Trd, 4319091.193, 96
Trd, 4319092.643, 95
Trd, 4319094.393, 96
Trd, 4319094.993, 95
Trd, 4319096.043, 94
Trd, 4319097.793, 95
Trd, 4319099.643, 93
Trd, 4319099.793, 95
Trd, 4319101.393, 95
Trd, 4319102.543, 93
Trd, 4319103.393, 95
Trd, 4319103.593, 94
Trd, 4319107.543, 93
Trd, 4319108.743, 94
Trd, 4319109.593, 94
Trd, 4319110.143, 93
Trd, 4319111.693, 92
Trd, 4319112.043, 96
Trd, 4319113.393, 94
Trd, 4319113.593, 95
Trd, 4319115.493, 99
Trd, 4319115.743, 98
Trd, 4319115.943, 107
Trd, 4319117.643, 97
Trd, 4319119.643, 97
Trd, 4319120.843, 97
Trd, 4319122.343, 96
Trd, 4319125.193, 97
Trd, 4319125.643, 97
Trd, 4319125.843, 98
Trd, 4319128.543, 98
Trd, 4319129.093, 101
Trd, 4319129.143, 98
Trd, 4319129.293, 85
Trd, 4319130.643, 91
Trd, 4319133.743, 94
Trd, 4319133.843, 93
Trd, 4319136.393, 92
Trd, 4319138.743, 92
Trd, 4319139.793, 93
Trd, 4319140.293, 95
Trd, 4319142.743, 93
Trd, 4319143.843, 93
Trd, 4319144.243, 94
Trd, 4319144.743, 93
Trd, 4319145.343, 94
Trd, 4319145.743, 95
Trd, 4319147.293, 96
Trd, 4319150.193, 104
Trd, 4319150.393, 103
Trd, 4319151.793, 107
Trd, 4319152.743, 104
Trd, 4319153.643, 104
Trd, 4319153.943, 103
Trd, 4319156.343, 97
Trd, 4319156.443, 85
Trd, 4319157.993, 95
Trd, 4319160.043, 94
Trd, 4319161.643, 93
Trd, 4319162.193, 95
Trd, 4319162.543, 95
Trd, 4319163.893, 95
Trd, 4319165.043, 94
Trd, 4319167.343, 93
Trd, 4319168.693, 93
Trd, 4319170.443, 95
Trd, 4319171.393, 107
Trd, 4319172.393, 94
Trd, 4319173.343, 95
Trd, 4319174.493, 94
Trd, 4319176.393, 93
Trd, 4319176.593, 95
Trd, 4319176.793, 96
Trd, 4319177.743, 93
Trd, 4319179.393, 95
Trd, 4319180.993, 95
Trd, 4319181.443, 93
Trd, 4319182.343, 95
Trd, 4319184.943, 95
Trd, 4319186.243, 95
Trd, 4319186.493, 94
Trd, 4319187.693, 96
Trd, 4319189.493, 95
Trd, 4319190.393, 95
Trd, 4319191.493, 94
Trd, 4319192.843, 94
Trd, 4319195.143, 95
Trd, 4319195.343, 97
Trd, 4319196.843, 101
Trd, 4319198.143, 106
Trd, 4319198.993, 113
Trd, 4319199.943, 105
Trd, 4319201.893, 104
Trd, 4319201.943, 105
Trd, 4319204.043, 107
Trd, 4319204.393, 105
Trd, 4319205.743, 92
Trd, 4319206.143, 104
Trd, 4319210.143, 95
Trd, 4319210.443, 96
Trd, 4319210.693, 88
Trd, 4319212.443, 93
Trd, 4319215.443, 95
Trd, 4319215.943, 92
Trd, 4319216.543, 94
Trd, 4319217.793, 93
Trd, 4319220.243, 93
Trd, 4319221.843, 95
Trd, 4319222.843, 94
Trd, 4319223.193, 94
Trd, 4319224.143, 93
Trd, 4319224.343, 93
Trd, 4319225.993, 94
Trd, 4319230.193, 94
Trd, 4319230.543, 94
Trd, 4319230.843, 95
Trd, 4319230.943, 94
Trd, 4319233.993, 108
Trd, 4319234.443, 107
Trd, 4319234.793, 105
Trd, 4319235.093, 103
Trd, 4319236.143, 99
Trd, 4319236.293, 115
Trd, 4319239.943, 103
Trd, 4319240.043, 103
Trd, 4319240.243, 102
Trd, 4319241.943, 102
Trd, 4319242.993, 94
Trd, 4319244.143, 103
Trd, 4319246.193, 100
Trd, 4319247.043, 100
Trd, 4319248.743, 100
Trd, 4319249.743, 99
Trd, 4319250.893, 100
Trd, 4319251.593, 99
Trd, 4319252.093, 78
Trd, 4319255.893, 93
Trd, 4319257.093, 94
Trd, 4319258.693, 94
Trd, 4319259.893, 93
Trd, 4319262.143, 94
Trd, 4319263.843, 92
Trd, 4319264.143, 94
Trd, 4319265.043, 93
Trd, 4319266.343, 94
Trd, 4319269.193, 93
Trd, 4319270.043, 93
Trd, 4319271.693, 94
Trd, 4319272.793, 93
Trd, 4319274.093, 93
Trd, 4319275.243, 92
Trd, 4319276.993, 94
Trd, 4319279.793, 94
Trd, 4319280.493, 95
Trd, 4319280.843, 94
Trd, 4319282.893, 98
Trd, 4319283.193, 116
Trd, 4319285.793, 101
Trd, 4319285.943, 99
Trd, 4319286.943, 101
Trd, 4319287.943, 101
Trd, 4319288.293, 110
Trd, 4319289.893, 100
Trd, 4319292.443, 100
Trd, 4319293.943, 99
Trd, 4319294.343, 96
Trd, 4319295.543, 98
Trd, 4319295.993, 97
Trd, 4319297.993, 97
Trd, 4319298.343, 97
Trd, 4319299.193, 96
Trd, 4319302.043, 97
Trd, 4319303.793, 97
Trd, 4319304.443, 97
Trd, 4319304.893, 95
Trd, 4319305.843, 97
Trd, 4319307.693, 96
Trd, 4319309.393, 97
Trd, 4319310.093, 97
Trd, 4319310.743, 97
Trd, 4319311.143, 93
Trd, 4319313.543, 96
Trd, 4319313.843, 96
Trd, 4319316.043, 97
Trd, 4319317.443, 99
Trd, 4319317.543, 98
Trd, 4319318.793, 98
Trd, 4319319.843, 99
Trd, 4319321.443, 95
Trd, 4319322.843, 92
Trd, 4319324.793, 95
Trd, 4319327.193, 95
Trd, 4319327.343, 95
Trd, 4319328.043, 96
Trd, 4319329.343, 95
Trd, 4319330.293, 96
Trd, 4319331.593, 96
Trd, 4319331.893, 95
Trd, 4319332.693, 95
Trd, 4319334.593, 94
Trd, 4319335.393, 92
Trd, 4319336.243, 93
Trd, 4319337.143, 95
Trd, 4319337.993, 104
Trd, 4319340.343, 92
Trd, 4319341.093, 91
Trd, 4319342.893, 89
Trd, 4319345.093, 92
Trd, 4319347.143, 90
Trd, 4319347.893, 95
Trd, 4319350.993, 91
Trd, 4319351.543, 90
Trd, 4319352.393, 93
Trd, 4319352.443, 95
Trd, 4319355.043, 93
Trd, 4319355.093, 116
Trd, 4319358.393, 102
Trd, 4319358.443, 97
Trd, 4319360.143, 97
Trd, 4319362.093, 97
Trd, 4319363.143, 98
Trd, 4319363.693, 98
Trd, 4319365.743, 97
Trd, 4319367.943, 98
Trd, 4319368.193, 98
Trd, 4319369.293, 107
Trd, 4319369.493, 99
Trd, 4319371.393, 96
Trd, 4319373.043, 99
Trd, 4319373.693, 99
Trd, 4319374.693, 100
Trd, 4319375.193, 97
Trd, 4319376.393, 101
Trd, 4319376.943, 100
Trd, 4319379.443, 97
Trd, 4319379.743, 94
Trd, 4319380.143, 95
Trd, 4319382.643, 96
Trd, 4319383.243, 95
Trd, 4319383.693, 95
Trd, 4319384.143, 93
Trd, 4319387.343, 95
Trd, 4319387.843, 95
Trd, 4319388.143, 94
Trd, 4319389.293, 105
Trd, 4319392.443, 105
Trd, 4319392.743, 107
Trd, 4319393.493, 104
Trd, 4319395.043, 103
Trd, 4319395.943, 102
Trd, 4319397.193, 101
Trd, 4319399.343, 99
Trd, 4319401.293, 99
Trd, 4319401.543, 98
Trd, 4319403.943, 97
Trd, 4319404.743, 95
Trd, 4319405.493, 96
Trd, 4319405.743, 97
Trd, 4319407.943, 97
Trd, 4319408.993, 107
Trd, 4319410.743, 100
Trd, 4319411.093, 103
Trd, 4319411.293, 100
Trd, 4319413.643, 100
Trd, 4319413.743, 99
Trd, 4319416.743, 99
Trd, 4319417.893, 100
Trd, 4319419.443, 100
Trd, 4319419.943, 100
Trd, 4319420.743, 99
Trd, 4319421.443, 98
Trd, 4319424.293, 100
Trd, 4319425.743, 99
Trd, 4319426.393, 100
Trd, 4319427.893, 99
Trd, 4319428.243, 98
Trd, 4319428.793, 99
Trd, 4319429.893, 108
Trd, 4319432.493, 99
Trd, 4319433.293, 99
Trd, 4319435.393, 99
Trd, 4319436.793, 98
Trd, 4319437.643, 99
Trd, 4319438.643, 99
Trd, 4319439.643, 97
Trd, 4319442.143, 98
Trd, 4319443.993, 96
Trd, 4319444.993, 97
Trd, 4319445.393, 95
Trd, 4319446.393, 97
Trd, 4319446.643, 95
Trd, 4319446.743, 95
Trd, 4319448.193, 95
Trd, 4319449.293, 96
Trd, 4319450.493, 98
Trd, 4319452.243, 97
Trd, 4319453.093, 95
Trd, 4319455.943, 98
Trd, 4319456.493, 98
Trd, 4319459.393, 106
Trd, 4319459.793, 98
Trd, 4319461.043, 101
Trd, 4319461.093, 102
Trd, 4319463.843, 101
Trd, 4319464.493, 101
Trd, 4319465.493, 94
Trd, 4319467.393, 99
Trd, 4319469.343, 98
Trd, 4319470.143, 99
Trd, 4319472.293, 98
Trd, 4319472.393, 97
Trd, 4319473.643, 98
Trd, 4319475.793, 97
Trd, 4319476.543, 94
Trd, 4319477.293, 96
Trd, 4319478.443, 96
Trd, 4319479.293, 97
Trd, 4319482.243, 99
Trd, 4319484.143, 104
Trd, 4319484.343, 100
Trd, 4319485.193, 100
Trd, 4319485.593, 102
Trd, 4319487.093, 94
Trd, 4319488.293, 99
Trd, 4319490.493, 99
Trd, 4319490.743, 100
Trd, 4319493.043, 99
Trd, 4319493.543, 100
Trd, 4319493.993, 98
Trd, 4319495.693, 101
Trd, 4319496.193, 101
Trd, 4319497.693, 101
Trd, 4319497.843, 100
Trd, 4319499.993, 101
Trd, 4319502.093, 98
Trd, 4319503.393, 98
Trd, 4319503.893, 117
Trd, 4319505.343, 102
Trd, 4319505.443, 101
Trd, 4319506.543, 99
Trd, 4319508.343, 97
Trd, 4319509.593, 96
Trd, 4319510.493, 96
Trd, 4319511.793, 96
Trd, 4319512.393, 96
Trd, 4319512.693, 94
Trd, 4319515.543, 95
Trd, 4319516.943, 96
Trd, 4319518.093, 97
Trd, 4319518.143, 96
Trd, 4319519.293, 96
Trd, 4319519.943, 97
Trd, 4319520.393, 96
Trd, 4319521.593, 112
Trd, 4319522.543, 95
Trd, 4319524.993, 97
Trd, 4319526.943, 96
Trd, 4319527.743, 97
Trd, 4319529.043, 95
Trd, 4319530.993, 97
Trd, 4319531.843, 94
Trd, 4319532.743, 97
Trd, 4319535.493, 97
Trd, 4319536.993, 97
Trd, 4319537.693, 96
Trd, 4319538.443, 85
Trd, 4319538.593, 114
Trd, 4319540.243, 126
Trd, 4319541.443, 102
Trd, 4319544.443, 100
Trd, 4319545.093, 94
Trd, 4319546.193, 96
Trd, 4319547.293, 96
Trd, 4319549.043, 95
Trd, 4319549.243, 96
Trd, 4319550.643, 97
Trd, 4319552.993, 95
Trd, 4319554.193, 96
Trd, 4319554.543, 96
Trd, 4319555.993, 95
Trd, 4319556.543, 96
Trd, 4319557.293, 85
Trd, 4319560.243, 91
Trd, 4319561.193, 89
Trd, 4319561.493, 94
Trd, 4319562.793, 92
Trd, 4319564.393, 92
Trd, 4319565.493, 95
Trd, 4319566.543, 95
Trd, 4319566.643, 95
Trd, 4319569.843, 95
Trd, 4319570.493, 93
Trd, 4319571.543, 96
Trd, 4319572.793, 96
Trd, 4319575.693, 96
Trd, 4319576.593, 96
Trd, 4319577.243, 95
Trd, 4319578.443, 96
Trd, 4319579.843, 96
Trd, 4319579.943, 94
Trd, 4319581.943, 105
Trd, 4319582.693, 97
Trd, 4319584.843, 99
Trd, 4319585.693, 99
Trd, 4319585.793, 106
Trd, 4319587.893, 97
Trd, 4319588.193, 98
Trd, 4319590.293, 98
Trd, 4319591.093, 97
Trd, 4319591.993, 96
Trd, 4319593.993, 94
Trd, 4319594.543, 95
Trd, 4319595.293, 93
Trd, 4319598.643, 95
Trd, 4319600.293, 95
Trd, 4319601.443, 93
Trd, 4319601.993, 92
Trd, 4319602.693, 85
Trd, 4319606.193, 93
Trd, 4319606.893, 92
Trd, 4319607.193, 95
Trd, 4319611.443, 92
Trd, 4319611.893, 92
Trd, 4319613.493, 93
Trd, 4319614.293, 93
Trd, 4319614.743, 94
Trd, 4319614.843, 95
Trd, 4319615.793, 93
Trd, 4319617.793, 97
Trd, 4319618.843, 97
Trd, 4319621.043, 113
Trd, 4319621.643, 98
Trd, 4319623.243, 101
Trd, 4319624.293, 100
Trd, 4319624.793, 103
Trd, 4319624.893, 99
Trd, 4319629.193, 98
Trd, 4319629.393, 98
Trd, 4319629.843, 97
Trd, 4319631.343, 98
Trd, 4319631.693, 98
Trd, 4319634.093, 97
Trd, 4319635.393, 96
Trd, 4319636.993, 97
Trd, 4319637.343, 97
Trd, 4319639.493, 96
Trd, 4319639.843, 96
Trd, 4319640.393, 96
Trd, 4319641.943, 96
Trd, 4319642.843, 96
Trd, 4319643.693, 97
Trd, 4319645.393, 94
Trd, 4319646.343, 96
Trd, 4319647.693, 96
Trd, 4319650.443, 95
Trd, 4319651.843, 96
Trd, 4319653.393, 96
Trd, 4319653.943, 96
Trd, 4319656.343, 95
Trd, 4319657.193, 96
Trd, 4319658.343, 94
Trd, 4319659.343, 94
Trd, 4319660.843, 95
Trd, 4319661.293, 94
Trd, 4319661.543, 105
Trd, 4319661.993, 93
Trd, 4319663.143, 95
Trd, 4319663.793, 95
Trd, 4319664.743, 78
Trd, 4319666.943, 94
Trd, 4319670.293, 89
Trd, 4319671.743, 90
Trd, 4319672.343, 90
Trd, 4319672.943, 90
Trd, 4319674.143, 91
Trd, 4319676.993, 91
Trd, 4319677.393, 91
Trd, 4319679.543, 90
Trd, 4319679.993, 89
Trd, 4319681.993, 90
Trd, 4319682.543, 91
Trd, 4319683.793, 94
Trd, 4319684.343, 94
Trd, 4319684.393, 95
Trd, 4319685.943, 95
Trd, 4319688.293, 92
Trd, 4319688.793, 91
Trd, 4319688.993, 86
Trd, 4319690.693, 94
Trd, 4319691.443, 94
Trd, 4319691.743, 102
Trd, 4319693.293, 96
Trd, 4319694.243, 94
Trd, 4319696.193, 96
Trd, 4319696.593, 96
Trd, 4319699.393, 95
Trd, 4319699.843, 96
Trd, 4319700.643, 94
Trd, 4319700.843, 104
Trd, 4319702.593, 100
Trd, 4319703.143, 102
Trd, 4319703.643, 115
Trd, 4319704.443, 102
Trd, 4319705.443, 85
Trd, 4319707.593, 96
Trd, 4319707.693, 95
Trd, 4319708.293, 95
Trd, 4319708.543, 99
Trd, 4319710.043, 96
Trd, 4319713.293, 96
Trd, 4319714.893, 95
Trd, 4319715.143, 97
Trd, 4319715.543, 96
Trd, 4319716.193, 95
Trd, 4319716.743, 93
Trd, 4319719.643, 94
Trd, 4319719.993, 95
Trd, 4319720.143, 95
Trd, 4319720.293, 94
Trd, 4319721.893, 95
Trd, 4319722.843, 97
Trd, 4319723.293, 98
Trd, 4319723.943, 106
Trd, 4319726.393, 99
Trd, 4319728.943, 100
Trd, 4319729.043, 99
Trd, 4319729.593, 98
Trd, 4319730.293, 105
Trd, 4319732.343, 98
Trd, 4319734.293, 99
Trd, 4319734.543, 100
Trd, 4319736.243, 105
Trd, 4319736.793, 104
Trd, 4319737.493, 103
Trd, 4319738.743, 94
Trd, 4319740.343, 101
Trd, 4319743.293, 100
Trd, 4319745.243, 100
Trd, 4319746.043, 99
Trd, 4319746.143, 85
Trd, 4319746.693, 89
Trd, 4319747.893, 101
Trd, 4319751.643, 99
Trd, 4319752.943, 99
Trd, 4319753.393, 98
Trd, 4319754.143, 98
Trd, 4319756.243, 98
Trd, 4319758.093, 99
Trd, 4319759.243, 100
Trd, 4319760.043, 98
Trd, 4319762.543, 97
Trd, 4319763.493, 97
Trd, 4319764.293, 97
Trd, 4319764.543, 98
Trd, 4319766.343, 97
Trd, 4319766.693, 98
Trd, 4319767.043, 98
Trd, 4319769.993, 98
Trd, 4319771.743, 97
Trd, 4319772.343, 96
Trd, 4319772.693, 95
Trd, 4319774.943, 97
Trd, 4319776.643, 97
Trd, 4319776.743, 97
Trd, 4319779.993, 95
Trd, 4319780.243, 87
Trd, 4319781.093, 96
Trd, 4319781.793, 96
Trd, 4319782.493, 95
Trd, 4319783.843, 95
Trd, 4319784.243, 94
Trd, 4319787.893, 95
Trd, 4319788.393, 93
Trd, 4319789.143, 95
Trd, 4319792.243, 95
Trd, 4319792.943, 95
Trd, 4319793.893, 94
Trd, 4319794.493, 95
Trd, 4319796.393, 93
Trd, 4319798.093, 95
Trd, 4319799.743, 94
Trd, 4319800.343, 94
Trd, 4319800.843, 95
Trd, 4319801.943, 102
Trd, 4319803.393, 88
Trd, 4319805.743, 95
Trd, 4319806.943, 95
Trd, 4319807.593, 95
Trd, 4319808.293, 94
Trd, 4319808.443, 96
Trd, 4319810.743, 103
Trd, 4319810.993, 115
Trd, 4319811.043, 99
Trd, 4319812.843, 107
Trd, 4319813.893, 104
Trd, 4319815.443, 105
Trd, 4319815.493, 106
Trd, 4319817.693, 105
Trd, 4319817.743, 93
Trd, 4319818.743, 99
Trd, 4319820.193, 98
Trd, 4319822.493, 96
Trd, 4319822.893, 94
Trd, 4319824.293, 93
Trd, 4319825.393, 93
Trd, 4319827.793, 92
Trd, 4319829.293, 93
Trd, 4319829.393, 93
Trd, 4319829.443, 91
Trd, 4319830.743, 95
Trd, 4319834.143, 93
Trd, 4319834.643, 94
Trd, 4319834.893, 93
Trd, 4319836.793, 93
Trd, 4319838.243, 95
Trd, 4319838.843, 94
Trd, 4319839.843, 95
Trd, 4319842.393, 94
Trd, 4319842.693, 95
Trd, 4319843.793, 95
Trd, 4319844.793, 94
Trd, 4319846.293, 93
Trd, 4319846.593, 93
Trd, 4319849.343, 105
Trd, 4319849.843, 104
Trd, 4319849.893, 108
Trd, 4319850.443, 102
Trd, 4319851.443, 97
Trd, 4319851.543, 98
Trd, 4319853.643, 96
Trd, 4319856.093, 97
Trd, 4319857.043, 97
Trd, 4319858.043, 97
Trd, 4319858.793, 97
Trd, 4319859.993, 97
Trd, 4319860.543, 98
Trd, 4319862.743, 100
Trd, 4319863.643, 99
Trd, 4319863.743, 101
Trd, 4319865.143, 94
Trd, 4319865.993, 97
Trd, 4319866.043, 96
Trd, 4319868.293, 102
Trd, 4319870.343, 104
Trd, 4319870.593, 103
Trd, 4319871.843, 103
Trd, 4319873.043, 102
Trd, 4319873.143, 103
Trd, 4319876.543, 103
Trd, 4319877.193, 102
Trd, 4319877.643, 101
Trd, 4319877.993, 103
Trd, 4319878.693, 101
Trd, 4319880.243, 98
Trd, 4319880.893, 98
Trd, 4319882.493, 100
Trd, 4319883.843, 97
Trd, 4319884.693, 97
Trd, 4319884.793, 98
Trd, 4319886.043, 97
Trd, 4319886.143, 96
Trd, 4319888.893, 93
Trd, 4319893.543, 96
Trd, 4319894.793, 95
Trd, 4319895.343, 96
Trd, 4319896.093, 96
Trd, 4319900.593, 98
Trd, 4319900.893, 96
Trd, 4319901.593, 96
Trd, 4319903.043, 99
Trd, 4319904.393, 102
Trd, 4319904.493, 110
Trd, 4319905.443, 102
Trd, 4319906.593, 102
Trd, 4319908.893, 104
Trd, 4319910.493, 103
Trd, 4319911.093, 104
Trd, 4319913.543, 100
Trd, 4319914.243, 101
Trd, 4319916.643, 101
Trd, 4319917.593, 101
Trd, 4319918.593, 100
Trd, 4319918.793, 99
Trd, 4319922.193, 99
Trd, 4319923.693, 100
Trd, 4319923.793, 100
Trd, 4319925.043, 100
Trd, 4319925.443, 97
Trd, 4319928.143, 99
Trd, 4319928.493, 98
Trd, 4319928.643, 100
Trd, 4319930.643, 96
Trd, 4319932.693, 96
Trd, 4319933.593, 98
Trd, 4319935.193, 98
Trd, 4319935.243, 97
Trd, 4319936.643, 98
Trd, 4319939.493, 97
Trd, 4319941.393, 98
Trd, 4319942.643, 96
Trd, 4319943.743, 95
Trd, 4319944.693, 96
Trd, 4319944.793, 95
Trd, 4319947.893, 95
Trd, 4319949.493, 95
Trd, 4319949.593, 94
Trd, 4319950.543, 95
Trd, 4319951.143, 94
Trd, 4319952.943, 94
Trd, 4319953.493, 93
Trd, 4319954.693, 95
Trd, 4319955.243, 94
Trd, 4319956.843, 94
Trd, 4319957.193, 95
Trd, 4319957.893, 94
Trd, 4319958.093, 95
Trd, 4319961.843, 93
Trd, 4319962.093, 92
Trd, 4319962.993, 94
Trd, 4319964.243, 90
Trd, 4319965.643, 90
Trd, 4319966.293, 94
Trd, 4319971.093, 93
Trd, 4319971.243, 94
Trd, 4319971.843, 92
Trd, 4319974.693, 95
Trd, 4319975.493, 99
Trd, 4319976.643, 101
Trd, 4319977.243, 100
Trd, 4319978.693, 102
Trd, 4319980.343, 100
Trd, 4319981.543, 99
Trd, 4319982.293, 77
Trd, 4319982.643, 102
Trd, 4319985.843, 92
Trd, 4319987.043, 93
Trd, 4319987.893, 92
Trd, 4319990.943, 93
Trd, 4319991.293, 92
Trd, 4319992.293, 93
Trd, 4319995.943, 93
Trd, 4319997.743, 92
Trd, 4319999.043, 92
Trd, 4319999.543, 95
