Trd, 4317816.993, 96
Trd, 4317817.043, 96
Trd, 4317819.393, 98
Trd, 4317821.443, 95
Trd, 4317822.993, 95
Trd, 4317824.893, 94
Trd, 4317825.893, 99
Trd, 4317826.693, 100
Trd, 4317828.243, 101
Trd, 4317828.393, 99
Trd, 4317830.743, 97
Trd, 4317832.593, 97
Trd, 4317833.793, 97
Trd, 4317836.093, 98
Trd, 4317836.993, 97
Trd, 4317839.343, 96
Trd, 4317840.693, 94
Trd, 4317841.443, 95
Trd, 4317843.243, 98
Trd, 4317844.393, 96
Trd, 4317846.043, 94
Trd, 4317848.943, 93
Trd, 4317849.293, 98
Trd, 4317849.543, 93
Trd, 4317852.793, 98
Trd, 4317853.893, 92
Trd, 4317854.393, 98
Trd, 4317856.493, 95
Trd, 4317857.543, 93
Trd, 4317859.093, 94
Trd, 4317860.143, 94
Trd, 4317860.693, 92
Trd, 4317861.743, 91
Trd, 4317862.493, 94
Trd, 4317865.143, 103
Trd, 4317866.043, 99
Trd, 4317867.193, 95
Trd, 4317867.243, 77
Trd, 4317868.693, 98
Trd, 4317871.593, 97
Trd, 4317872.043, 96
Trd, 4317874.443, 96
Trd, 4317874.743, 98
Trd, 4317874.993, 96
Trd, 4317877.993, 95
Trd, 4317878.543, 97
Trd, 4317879.543, 95
Trd, 4317880.943, 98
Trd, 4317881.393, 104
Trd, 4317883.193, 102
Trd, 4317884.193, 107
Trd, 4317884.393, 103
Trd, 4317886.093, 100
Trd, 4317887.793, 81
Trd, 4317889.043, 83
Trd, 4317892.193, 87
Trd, 4317892.243, 86
Trd, 4317892.343, 115
Trd, 4317892.993, 85
Trd, 4317893.543, 74
Trd, 4317898.393, 103
Trd, 4317898.593, 102
Trd, 4317899.293, 101
Trd, 4317900.543, 100
Trd, 4317902.143, 110
Trd, 4317903.043, 106
Trd, 4317904.993, 107
Trd, 4317905.993, 104
Trd, 4317907.393, 102
Trd, 4317909.843, 102
Trd, 4317910.693, 103
Trd, 4317912.293, 101
Trd, 4317913.993, 95
Trd, 4317914.143, 100
Trd, 4317914.593, 76
Trd, 4317915.243, 89
Trd, 4317916.893, 74
Trd, 4317919.443, 94
Trd, 4317920.893, 103
Trd, 4317921.193, 90
Trd, 4317923.693, 92
Trd, 4317924.293, 92
Trd, 4317925.643, 111
Trd, 4317926.543, 94
Trd, 4317929.093, 100
Trd, 4317929.793, 75
Trd, 4317930.943, 89
Trd, 4317932.043, 90
Trd, 4317933.543, 89
Trd, 4317934.993, 87
Trd, 4317935.043, 90
Trd, 4317936.893, 90
Trd, 4317938.793, 90
Trd, 4317940.043, 90
Trd, 4317940.493, 89
Trd, 4317943.293, 88
Trd, 4317945.343, 88
Trd, 4317946.093, 87
Trd, 4317947.943, 91
Trd, 4317949.143, 87
Trd, 4317949.543, 91
Trd, 4317955.093, 86
Trd, 4317955.743, 90
Trd, 4317956.593, 87
Trd, 4317960.643, 86
Trd, 4317960.743, 87
Trd, 4317964.893, 88
Trd, 4317965.593, 88
Trd, 4317966.743, 86
Trd, 4317966.993, 85
Trd, 4317968.893, 89
Trd, 4317971.043, 87
Trd, 4317971.993, 114
Trd, 4317972.243, 85
Trd, 4317975.993, 91
Trd, 4317979.393, 90
Trd, 4317982.393, 91
Trd, 4317983.643, 90
Trd, 4317985.643, 98
Trd, 4317986.843, 93
Trd, 4317987.193, 96
Trd, 4317989.643, 95
Trd, 4317990.443, 94
Trd, 4317992.693, 95
Trd, 4317992.893, 93
Trd, 4317994.543, 92
Trd, 4317994.593, 95
Trd, 4317996.143, 91
Trd, 4317999.693, 92
Trd, 4318000.693, 119
Trd, 4318000.843, 97
Trd, 4318003.343, 102
Trd, 4318003.493, 107
Trd, 4318003.593, 101
Trd, 4318007.143, 98
Trd, 4318009.393, 100
Trd, 4318009.493, 97
Trd, 4318009.643, 95
Trd, 4318009.993, 96
Trd, 4318012.243, 94
Trd, 4318014.343, 94
Trd, 4318017.493, 93
Trd, 4318017.693, 96
Trd, 4318020.143, 98
Trd, 4318021.043, 99
Trd, 4318021.243, 99
Trd, 4318021.743, 99
Trd, 4318025.543, 90
Trd, 4318026.143, 79
Trd, 4318026.843, 86
Trd, 4318027.943, 87
Trd, 4318029.743, 91
Trd, 4318031.443, 103
Trd, 4318031.743, 91
Trd, 4318032.043, 90
Trd, 4318034.693, 92
Trd, 4318037.493, 95
Trd, 4318040.443, 95
Trd, 4318040.993, 95
Trd, 4318043.193, 93
Trd, 4318045.343, 92
Trd, 4318045.743, 95
Trd, 4318047.043, 92
Trd, 4318047.543, 95
Trd, 4318048.093, 91
Trd, 4318050.143, 91
Trd, 4318050.743, 93
Trd, 4318054.193, 90
Trd, 4318056.843, 93
Trd, 4318056.893, 93
Trd, 4318057.343, 90
Trd, 4318058.043, 97
Trd, 4318059.143, 115
Trd, 4318061.893, 97
Trd, 4318062.693, 96
Trd, 4318065.493, 95
Trd, 4318069.493, 97
Trd, 4318071.443, 94
Trd, 4318071.893, 93
Trd, 4318072.893, 96
Trd, 4318078.493, 93
Trd, 4318080.093, 93
Trd, 4318080.643, 94
Trd, 4318080.893, 94
Trd, 4318082.043, 93
Trd, 4318087.393, 94
Trd, 4318087.893, 93
Trd, 4318090.143, 94
Trd, 4318090.643, 93
Trd, 4318091.043, 91
Trd, 4318092.993, 98
Trd, 4318093.493, 94
Trd, 4318093.593, 102
Trd, 4318095.343, 101
Trd, 4318095.843, 101
Trd, 4318098.093, 100
Trd, 4318098.393, 99
Trd, 4318100.143, 100
Trd, 4318101.043, 99
Trd, 4318103.443, 97
Trd, 4318104.143, 94
Trd, 4318104.843, 96
Trd, 4318104.943, 96
Trd, 4318108.143, 95
Trd, 4318108.593, 96
Trd, 4318111.043, 122
Trd, 4318113.793, 95
Trd, 4318113.993, 94
Trd, 4318114.143, 99
Trd, 4318114.943, 93
Trd, 4318116.543, 97
Trd, 4318121.093, 96
Trd, 4318122.293, 98
Trd, 4318124.243, 94
Trd, 4318126.293, 95
Trd, 4318126.793, 94
Trd, 4318126.943, 96
Trd, 4318127.443, 93
Trd, 4318132.593, 92
Trd, 4318133.843, 100
Trd, 4318133.943, 92
Trd, 4318135.193, 96
Trd, 4318136.043, 100
Trd, 4318137.643, 94
Trd, 4318137.743, 97
Trd, 4318139.443, 96
Trd, 4318142.943, 94
Trd, 4318144.443, 93
Trd, 4318144.993, 95
Trd, 4318147.043, 92
Trd, 4318147.393, 94
Trd, 4318148.693, 91
Trd, 4318148.943, 95
Trd, 4318152.043, 90
Trd, 4318153.543, 89
Trd, 4318154.743, 91
Trd, 4318159.693, 93
Trd, 4318163.743, 94
Trd, 4318163.843, 91
Trd, 4318164.093, 91
Trd, 4318164.893, 93
Trd, 4318166.943, 90
Trd, 4318167.943, 89
Trd, 4318169.443, 94
Trd, 4318171.743, 89
Trd, 4318174.143, 94
Trd, 4318175.843, 89
Trd, 4318176.343, 88
Trd, 4318179.743, 92
Trd, 4318180.443, 89
Trd, 4318181.893, 91
Trd, 4318185.193, 89
Trd, 4318186.293, 90
Trd, 4318187.793, 90
Trd, 4318188.093, 88
Trd, 4318190.593, 91
Trd, 4318190.893, 88
Trd, 4318192.943, 89
Trd, 4318193.043, 98
Trd, 4318194.693, 88
Trd, 4318198.193, 89
Trd, 4318199.793, 88
Trd, 4318200.293, 93
Trd, 4318200.643, 93
Trd, 4318201.043, 87
Trd, 4318203.193, 86
Trd, 4318207.443, 89
Trd, 4318209.743, 88
Trd, 4318210.643, 94
Trd, 4318211.093, 85
Trd, 4318213.093, 89
Trd, 4318214.043, 90
Trd, 4318216.293, 98
Trd, 4318220.493, 88
Trd, 4318220.943, 87
Trd, 4318221.143, 92
Trd, 4318226.143, 86
Trd, 4318227.243, 85
Trd, 4318228.243, 87
Trd, 4318230.793, 85
Trd, 4318232.493, 87
Trd, 4318234.293, 99
Trd, 4318234.443, 102
Trd, 4318236.943, 97
Trd, 4318236.993, 96
Trd, 4318237.893, 94
Trd, 4318240.293, 96
Trd, 4318240.843, 95
Trd, 4318241.593, 92
Trd, 4318242.443, 84
Trd, 4318243.493, 92
Trd, 4318245.593, 96
Trd, 4318247.543, 92
Trd, 4318251.693, 92
Trd, 4318253.193, 94
Trd, 4318253.593, 94
Trd, 4318254.793, 93
Trd, 4318255.543, 92
Trd, 4318259.443, 92
Trd, 4318260.643, 91
Trd, 4318262.643, 94
Trd, 4318263.693, 92
Trd, 4318263.993, 91
Trd, 4318269.143, 93
Trd, 4318269.493, 89
Trd, 4318270.193, 93
Trd, 4318272.793, 94
Trd, 4318275.393, 100
Trd, 4318275.743, 94
Trd, 4318278.193, 97
Trd, 4318278.493, 119
Trd, 4318280.043, 96
Trd, 4318280.893, 96
Trd, 4318283.643, 106
Trd, 4318283.843, 103
Trd, 4318284.443, 95
Trd, 4318285.193, 94
Trd, 4318289.393, 95
Trd, 4318290.143, 96
Trd, 4318290.593, 98
Trd, 4318293.193, 97
Trd, 4318293.743, 98
Trd, 4318294.043, 96
Trd, 4318295.593, 97
Trd, 4318295.993, 108
Trd, 4318297.043, 96
Trd, 4318299.093, 99
Trd, 4318300.943, 98
Trd, 4318301.993, 97
Trd, 4318303.343, 96
Trd, 4318306.443, 97
Trd, 4318310.443, 98
Trd, 4318310.543, 96
Trd, 4318310.993, 95
Trd, 4318311.043, 97
Trd, 4318313.393, 94
Trd, 4318315.993, 95
Trd, 4318316.343, 96
Trd, 4318317.493, 95
Trd, 4318317.643, 94
Trd, 4318318.793, 95
Trd, 4318320.343, 93
Trd, 4318321.443, 93
Trd, 4318323.043, 118
Trd, 4318324.493, 102
Trd, 4318325.043, 101
Trd, 4318325.593, 102
Trd, 4318329.393, 102
Trd, 4318332.743, 104
Trd, 4318332.893, 103
Trd, 4318333.543, 105
Trd, 4318333.793, 101
Trd, 4318333.843, 103
Trd, 4318334.643, 94
Trd, 4318336.343, 87
Trd, 4318338.493, 92
Trd, 4318339.793, 104
Trd, 4318340.593, 99
Trd, 4318341.593, 96
Trd, 4318342.843, 96
Trd, 4318345.843, 96
Trd, 4318347.793, 96
Trd, 4318348.193, 93
Trd, 4318350.193, 92
Trd, 4318350.693, 90
Trd, 4318353.343, 96
Trd, 4318353.643, 94
Trd, 4318354.343, 94
Trd, 4318358.243, 93
Trd, 4318358.593, 93
Trd, 4318359.593, 94
Trd, 4318360.843, 93
Trd, 4318363.643, 92
Trd, 4318366.843, 91
Trd, 4318368.593, 90
Trd, 4318370.893, 91
Trd, 4318373.043, 93
Trd, 4318376.243, 92
Trd, 4318377.293, 91
Trd, 4318378.293, 93
Trd, 4318378.743, 103
Trd, 4318379.643, 102
Trd, 4318380.743, 109
Trd, 4318381.643, 102
Trd, 4318383.993, 101
Trd, 4318386.143, 99
Trd, 4318387.043, 103
Trd, 4318391.043, 99
Trd, 4318391.693, 99
Trd, 4318392.493, 98
Trd, 4318393.693, 96
Trd, 4318395.043, 94
Trd, 4318396.193, 99
Trd, 4318397.193, 94
Trd, 4318402.493, 98
Trd, 4318402.743, 96
Trd, 4318402.843, 96
Trd, 4318404.843, 94
Trd, 4318406.043, 97
Trd, 4318407.143, 93
Trd, 4318411.043, 97
Trd, 4318411.243, 94
Trd, 4318412.193, 92
Trd, 4318414.493, 109
Trd, 4318417.493, 114
Trd, 4318418.743, 113
Trd, 4318419.943, 104
Trd, 4318421.243, 106
Trd, 4318423.343, 103
Trd, 4318424.093, 107
Trd, 4318424.343, 94
Trd, 4318425.793, 102
Trd, 4318428.893, 85
Trd, 4318429.243, 90
Trd, 4318430.343, 90
Trd, 4318431.943, 89
Trd, 4318431.993, 89
Trd, 4318432.693, 95
Trd, 4318433.243, 117
Trd, 4318433.793, 91
Trd, 4318435.143, 92
Trd, 4318437.343, 91
Trd, 4318438.593, 114
Trd, 4318439.043, 106
Trd, 4318441.093, 116
Trd, 4318441.693, 112
Trd, 4318443.793, 107
Trd, 4318443.893, 104
Trd, 4318446.043, 103
Trd, 4318449.543, 103
Trd, 4318451.293, 103
Trd, 4318452.593, 106
Trd, 4318453.043, 104
Trd, 4318454.193, 103
Trd, 4318455.393, 101
Trd, 4318456.593, 93
Trd, 4318456.693, 106
Trd, 4318458.243, 91
Trd, 4318460.343, 99
Trd, 4318461.143, 97
Trd, 4318462.293, 110
Trd, 4318465.143, 106
Trd, 4318465.443, 105
Trd, 4318465.993, 102
Trd, 4318469.043, 102
Trd, 4318469.143, 96
Trd, 4318470.343, 101
Trd, 4318471.643, 102
Trd, 4318473.343, 103
Trd, 4318473.643, 100
Trd, 4318476.543, 101
Trd, 4318477.393, 94
Trd, 4318479.043, 100
Trd, 4318481.443, 96
Trd, 4318482.943, 99
Trd, 4318486.093, 98
Trd, 4318487.043, 94
Trd, 4318487.593, 99
Trd, 4318489.543, 96
Trd, 4318490.043, 94
Trd, 4318494.143, 95
Trd, 4318494.243, 108
Trd, 4318495.843, 94
Trd, 4318498.993, 93
Trd, 4318500.143, 93
Trd, 4318504.493, 109
Trd, 4318504.793, 92
Trd, 4318504.893, 92
Trd, 4318505.793, 99
Trd, 4318507.843, 97
Trd, 4318508.493, 95
Trd, 4318509.893, 101
Trd, 4318511.093, 94
Trd, 4318513.643, 98
Trd, 4318515.143, 99
Trd, 4318516.443, 85
Trd, 4318516.743, 73
Trd, 4318521.043, 92
Trd, 4318521.793, 96
Trd, 4318522.843, 93
Trd, 4318524.243, 97
Trd, 4318525.093, 97
Trd, 4318525.843, 102
Trd, 4318526.643, 94
Trd, 4318529.943, 100
Trd, 4318530.143, 100
Trd, 4318530.193, 113
Trd, 4318532.643, 97
Trd, 4318533.243, 96
Trd, 4318534.593, 95
Trd, 4318536.043, 96
Trd, 4318537.393, 95
Trd, 4318538.393, 94
Trd, 4318539.893, 95
Trd, 4318540.543, 113
Trd, 4318541.493, 101
Trd, 4318541.843, 98
Trd, 4318544.243, 97
Trd, 4318546.493, 98
Trd, 4318547.343, 101
Trd, 4318548.243, 94
Trd, 4318549.793, 98
Trd, 4318551.793, 96
Trd, 4318551.893, 99
Trd, 4318555.393, 98
Trd, 4318556.293, 97
Trd, 4318557.693, 95
Trd, 4318558.143, 94
Trd, 4318561.793, 94
Trd, 4318562.943, 97
Trd, 4318563.043, 97
Trd, 4318563.343, 94
Trd, 4318566.843, 102
Trd, 4318567.293, 101
Trd, 4318567.993, 98
Trd, 4318568.743, 101
Trd, 4318569.793, 97
Trd, 4318573.493, 95
Trd, 4318573.893, 100
Trd, 4318575.393, 97
Trd, 4318575.793, 94
Trd, 4318577.593, 101
Trd, 4318578.893, 95
Trd, 4318579.643, 94
Trd, 4318580.993, 93
Trd, 4318581.393, 108
Trd, 4318584.093, 94
Trd, 4318584.443, 99
Trd, 4318586.043, 96
Trd, 4318586.293, 95
Trd, 4318589.093, 94
Trd, 4318590.293, 99
Trd, 4318592.743, 94
Trd, 4318594.293, 95
Trd, 4318594.893, 99
Trd, 4318596.093, 94
Trd, 4318598.343, 93
Trd, 4318602.343, 93
Trd, 4318604.393, 96
Trd, 4318604.643, 94
Trd, 4318606.343, 96
Trd, 4318609.593, 105
Trd, 4318609.793, 94
Trd, 4318611.893, 96
Trd, 4318613.393, 99
Trd, 4318616.543, 98
Trd, 4318617.143, 99
Trd, 4318618.243, 97
Trd, 4318618.743, 97
Trd, 4318620.643, 96
Trd, 4318623.193, 95
Trd, 4318627.093, 95
Trd, 4318627.493, 95
Trd, 4318630.593, 94
Trd, 4318631.243, 96
Trd, 4318631.593, 96
Trd, 4318632.693, 94
Trd, 4318633.693, 96
Trd, 4318633.943, 96
Trd, 4318634.543, 100
Trd, 4318637.493, 93
Trd, 4318641.193, 93
Trd, 4318641.293, 97
Trd, 4318644.943, 93
Trd, 4318645.793, 98
Trd, 4318648.093, 97
Trd, 4318648.543, 96
Trd, 4318650.743, 98
Trd, 4318651.293, 95
Trd, 4318653.393, 122
Trd, 4318655.393, 100
Trd, 4318655.593, 96
Trd, 4318656.843, 98
Trd, 4318657.193, 100
Trd, 4318658.443, 102
Trd, 4318661.393, 97
Trd, 4318661.793, 98
Trd, 4318662.893, 99
Trd, 4318665.443, 99
Trd, 4318665.493, 94
Trd, 4318667.143, 98
Trd, 4318667.393, 96
Trd, 4318671.443, 100
Trd, 4318673.743, 97
Trd, 4318675.293, 97
Trd, 4318675.743, 96
Trd, 4318676.843, 96
Trd, 4318677.043, 96
Trd, 4318677.843, 94
Trd, 4318679.793, 93
Trd, 4318681.593, 91
Trd, 4318683.993, 90
Trd, 4318688.243, 93
Trd, 4318689.293, 98
Trd, 4318689.543, 97
Trd, 4318689.843, 95
Trd, 4318690.493, 94
Trd, 4318690.593, 98
Trd, 4318691.343, 116
Trd, 4318693.193, 116
Trd, 4318693.743, 93
Trd, 4318695.943, 95
Trd, 4318697.643, 101
Trd, 4318699.243, 102
Trd, 4318704.493, 96
Trd, 4318705.343, 94
Trd, 4318706.643, 95
Trd, 4318708.693, 76
Trd, 4318711.393, 87
Trd, 4318712.043, 87
Trd, 4318712.293, 86
Trd, 4318712.543, 100
Trd, 4318712.593, 92
Trd, 4318714.943, 93
Trd, 4318717.543, 99
Trd, 4318718.293, 96
Trd, 4318720.293, 94
Trd, 4318720.893, 93
Trd, 4318722.193, 92
Trd, 4318723.543, 96
Trd, 4318724.993, 93
Trd, 4318726.293, 95
Trd, 4318726.843, 91
Trd, 4318728.143, 91
Trd, 4318729.593, 93
Trd, 4318731.543, 93
Trd, 4318731.943, 95
Trd, 4318733.493, 91
Trd, 4318734.093, 86
Trd, 4318734.193, 94
Trd, 4318736.143, 99
Trd, 4318736.243, 117
Trd, 4318739.543, 99
Trd, 4318740.743, 97
Trd, 4318741.993, 96
Trd, 4318742.643, 96
Trd, 4318743.943, 101
Trd, 4318745.093, 99
Trd, 4318745.593, 95
Trd, 4318747.093, 94
Trd, 4318749.543, 97
Trd, 4318752.293, 95
Trd, 4318753.443, 95
Trd, 4318753.843, 97
Trd, 4318754.393, 98
Trd, 4318757.343, 96
Trd, 4318757.593, 98
Trd, 4318758.093, 96
Trd, 4318762.193, 95
Trd, 4318762.443, 95
Trd, 4318766.193, 96
Trd, 4318766.543, 94
Trd, 4318766.843, 94
Trd, 4318767.443, 94
Trd, 4318769.493, 93
Trd, 4318770.043, 96
Trd, 4318771.143, 105
Trd, 4318774.643, 103
Trd, 4318775.393, 95
Trd, 4318775.493, 98
Trd, 4318776.143, 97
Trd, 4318778.243, 98
Trd, 4318778.743, 92
Trd, 4318782.143, 88
Trd, 4318782.693, 84
Trd, 4318783.393, 95
Trd, 4318783.593, 78
Trd, 4318785.193, 116
Trd, 4318785.343, 96
Trd, 4318786.443, 94
Trd, 4318788.043, 88
Trd, 4318790.793, 101
Trd, 4318791.643, 99
Trd, 4318793.043, 102
Trd, 4318794.943, 96
Trd, 4318795.943, 98
Trd, 4318797.643, 95
Trd, 4318799.843, 95
Trd, 4318800.293, 94
Trd, 4318800.793, 94
Trd, 4318801.743, 114
Trd, 4318804.093, 94
Trd, 4318804.343, 93
Trd, 4318808.343, 97
Trd, 4318811.443, 92
Trd, 4318811.543, 92
Trd, 4318814.543, 95
Trd, 4318815.743, 92
Trd, 4318815.893, 92
Trd, 4318822.643, 91
Trd, 4318824.093, 99
Trd, 4318824.593, 91
Trd, 4318826.193, 94
Trd, 4318826.443, 97
Trd, 4318828.993, 97
Trd, 4318831.243, 93
Trd, 4318831.743, 96
Trd, 4318834.193, 93
Trd, 4318835.243, 96
Trd, 4318837.843, 92
Trd, 4318838.293, 97
Trd, 4318838.343, 92
Trd, 4318842.243, 94
Trd, 4318843.443, 92
Trd, 4318843.993, 93
Trd, 4318846.293, 93
Trd, 4318848.693, 92
Trd, 4318848.893, 92
Trd, 4318848.943, 92
Trd, 4318848.993, 114
Trd, 4318851.843, 110
Trd, 4318852.193, 92
Trd, 4318852.593, 105
Trd, 4318854.543, 87
Trd, 4318855.243, 92
Trd, 4318855.993, 96
Trd, 4318856.893, 113
Trd, 4318857.143, 100
Trd, 4318859.393, 100
Trd, 4318861.443, 101
Trd, 4318861.543, 109
Trd, 4318863.093, 102
Trd, 4318864.393, 103
Trd, 4318866.443, 103
Trd, 4318868.893, 101
Trd, 4318868.993, 103
Trd, 4318869.043, 100
Trd, 4318872.443, 102
Trd, 4318872.993, 100
Trd, 4318874.993, 100
Trd, 4318875.393, 114
Trd, 4318876.793, 100
Trd, 4318879.143, 99
Trd, 4318879.993, 105
Trd, 4318882.093, 99
Trd, 4318883.443, 94
Trd, 4318885.243, 101
Trd, 4318886.993, 95
Trd, 4318887.993, 100
Trd, 4318889.493, 100
Trd, 4318891.843, 97
Trd, 4318892.443, 99
Trd, 4318895.543, 97
Trd, 4318897.993, 96
Trd, 4318899.093, 100
Trd, 4318900.393, 99
Trd, 4318901.143, 100
Trd, 4318901.493, 96
Trd, 4318903.543, 99
Trd, 4318905.393, 97
Trd, 4318906.493, 96
Trd, 4318909.643, 96
Trd, 4318910.243, 99
Trd, 4318913.093, 96
Trd, 4318913.843, 97
Trd, 4318917.743, 95
Trd, 4318918.343, 94
Trd, 4318918.743, 98
Trd, 4318920.593, 93
Trd, 4318921.343, 95
Trd, 4318923.593, 96
Trd, 4318924.243, 93
Trd, 4318924.793, 96
Trd, 4318925.293, 92
Trd, 4318929.493, 94
Trd, 4318930.793, 96
Trd, 4318934.493, 94
Trd, 4318936.993, 94
Trd, 4318938.443, 94
Trd, 4318939.693, 95
Trd, 4318940.293, 95
Trd, 4318942.493, 93
Trd, 4318942.893, 92
Trd, 4318945.743, 94
Trd, 4318946.343, 93
Trd, 4318946.643, 90
Trd, 4318947.393, 91
Trd, 4318950.593, 93
Trd, 4318951.243, 94
Trd, 4318953.393, 95
Trd, 4318954.243, 92
Trd, 4318955.793, 91
Trd, 4318957.393, 106
Trd, 4318960.093, 91
Trd, 4318961.743, 94
Trd, 4318963.343, 94
Trd, 4318964.243, 90
Trd, 4318966.093, 88
Trd, 4318968.993, 92
Trd, 4318971.793, 88
Trd, 4318973.493, 86
Trd, 4318975.143, 91
Trd, 4318976.193, 87
Trd, 4318979.693, 89
Trd, 4318979.943, 89
Trd, 4318980.093, 87
Trd, 4318980.993, 93
Trd, 4318982.593, 91
Trd, 4318986.843, 90
Trd, 4318987.043, 90
Trd, 4318987.943, 91
Trd, 4318991.093, 89
Trd, 4318993.143, 91
Trd, 4318994.593, 88
Trd, 4318995.543, 91
Trd, 4318996.193, 87
Trd, 4318999.593, 90
Trd, 4318999.893, 89
Trd, 4319002.493, 89
Trd, 4319003.693, 113
Trd, 4319005.843, 92
Trd, 4319007.743, 90
Trd, 4319010.243, 95
Trd, 4319011.143, 89
Trd, 4319013.793, 95
Trd, 4319014.293, 89
Trd, 4319015.093, 95
Trd, 4319016.193, 89
Trd, 4319020.343, 94
Trd, 4319021.343, 88
Trd, 4319022.793, 89
Trd, 4319024.943, 94
Trd, 4319025.043, 88
Trd, 4319025.493, 87
Trd, 4319030.543, 92
Trd, 4319031.243, 90
Trd, 4319031.943, 90
Trd, 4319034.643, 89
Trd, 4319036.343, 94
Trd, 4319041.693, 90
Trd, 4319042.143, 91
Trd, 4319042.293, 89
Trd, 4319042.443, 91
Trd, 4319045.393, 88
Trd, 4319045.643, 88
Trd, 4319050.693, 88
Trd, 4319051.143, 87
Trd, 4319051.543, 91
Trd, 4319054.543, 90
Trd, 4319054.693, 87
Trd, 4319055.693, 86
Trd, 4319056.243, 100
Trd, 4319057.193, 109
Trd, 4319062.243, 98
Trd, 4319063.193, 96
Trd, 4319064.043, 94
Trd, 4319064.093, 93
Trd, 4319064.743, 95
Trd, 4319065.593, 89
Trd, 4319066.743, 87
Trd, 4319069.143, 87
Trd, 4319070.843, 93
Trd, 4319072.993, 91
Trd, 4319075.243, 91
Trd, 4319075.593, 92
Trd, 4319077.593, 91
Trd, 4319078.243, 90
Trd, 4319078.843, 93
Trd, 4319081.443, 89
Trd, 4319085.693, 88
Trd, 4319086.143, 87
Trd, 4319087.793, 92
Trd, 4319088.443, 88
Trd, 4319089.793, 92
Trd, 4319092.893, 91
Trd, 4319093.693, 88
Trd, 4319094.243, 86
Trd, 4319097.943, 87
Trd, 4319098.593, 91
Trd, 4319100.193, 91
Trd, 4319100.493, 86
Trd, 4319107.343, 91
Trd, 4319109.393, 90
Trd, 4319109.443, 91
Trd, 4319109.593, 89
Trd, 4319112.993, 88
Trd, 4319117.143, 87
Trd, 4319117.343, 91
Trd, 4319117.693, 85
Trd, 4319119.193, 93
Trd, 4319119.293, 122
Trd, 4319122.943, 95
Trd, 4319122.993, 92
Trd, 4319125.693, 94
Trd, 4319126.293, 95
Trd, 4319127.693, 93
Trd, 4319133.943, 91
Trd, 4319137.193, 91
Trd, 4319140.843, 93
Trd, 4319141.193, 91
Trd, 4319141.593, 93
Trd, 4319142.143, 91
Trd, 4319142.443, 96
Trd, 4319145.243, 99
Trd, 4319146.393, 95
Trd, 4319148.793, 95
Trd, 4319149.093, 94
Trd, 4319149.193, 95
Trd, 4319150.543, 100
Trd, 4319151.293, 99
Trd, 4319153.043, 97
Trd, 4319153.443, 96
Trd, 4319155.943, 114
Trd, 4319156.393, 103
Trd, 4319157.843, 102
Trd, 4319158.393, 102
Trd, 4319160.393, 102
Trd, 4319162.443, 104
Trd, 4319165.443, 102
Trd, 4319167.143, 94
Trd, 4319169.493, 103
Trd, 4319169.893, 100
Trd, 4319170.043, 99
Trd, 4319173.093, 99
Trd, 4319173.593, 99
Trd, 4319174.643, 100
Trd, 4319175.243, 95
Trd, 4319179.243, 99
Trd, 4319179.443, 98
Trd, 4319180.043, 95
Trd, 4319181.443, 97
Trd, 4319182.043, 94
Trd, 4319182.593, 74
Trd, 4319185.343, 95
Trd, 4319187.493, 76
Trd, 4319187.893, 87
Trd, 4319191.443, 91
Trd, 4319192.393, 94
Trd, 4319192.793, 89
Trd, 4319195.143, 90
Trd, 4319198.293, 90
Trd, 4319199.793, 94
Trd, 4319202.743, 90
Trd, 4319205.493, 94
Trd, 4319207.443, 96
Trd, 4319209.293, 89
Trd, 4319209.793, 96
Trd, 4319213.043, 88
Trd, 4319213.993, 96
Trd, 4319215.843, 98
Trd, 4319217.243, 99
Trd, 4319218.043, 101
Trd, 4319219.343, 100
Trd, 4319219.393, 120
Trd, 4319221.893, 94
Trd, 4319224.393, 87
Trd, 4319225.393, 91
Trd, 4319225.993, 92
Trd, 4319226.243, 90
Trd, 4319231.293, 89
Trd, 4319232.943, 89
Trd, 4319233.093, 89
Trd, 4319233.243, 105
Trd, 4319235.243, 103
Trd, 4319235.643, 102
Trd, 4319237.943, 99
Trd, 4319238.743, 102
Trd, 4319240.593, 100
Trd, 4319241.943, 82
Trd, 4319242.593, 92
Trd, 4319244.693, 90
Trd, 4319247.093, 91
Trd, 4319247.893, 91
Trd, 4319250.643, 91
Trd, 4319251.643, 116
Trd, 4319253.193, 106
Trd, 4319254.693, 103
Trd, 4319255.943, 101
Trd, 4319256.993, 100
Trd, 4319259.893, 99
Trd, 4319262.793, 102
Trd, 4319265.743, 99
Trd, 4319265.893, 102
Trd, 4319267.443, 96
Trd, 4319268.343, 100
Trd, 4319269.693, 94
Trd, 4319270.443, 97
Trd, 4319273.543, 94
Trd, 4319274.943, 93
Trd, 4319276.293, 97
Trd, 4319276.393, 95
Trd, 4319279.893, 97
Trd, 4319279.943, 94
Trd, 4319280.593, 95
Trd, 4319283.793, 95
Trd, 4319287.343, 94
Trd, 4319288.093, 95
Trd, 4319288.893, 94
Trd, 4319289.393, 93
Trd, 4319291.393, 102
Trd, 4319293.193, 118
Trd, 4319295.793, 108
Trd, 4319295.943, 107
Trd, 4319297.093, 106
Trd, 4319298.343, 103
Trd, 4319298.643, 102
Trd, 4319299.543, 102
Trd, 4319301.643, 109
Trd, 4319303.993, 96
Trd, 4319305.643, 100
Trd, 4319307.243, 99
Trd, 4319307.543, 99
Trd, 4319310.593, 98
Trd, 4319312.893, 97
Trd, 4319313.093, 101
Trd, 4319313.193, 94
Trd, 4319314.143, 96
Trd, 4319315.093, 100
Trd, 4319316.093, 97
Trd, 4319316.393, 96
Trd, 4319319.393, 95
Trd, 4319322.893, 97
Trd, 4319323.443, 95
Trd, 4319324.243, 95
Trd, 4319325.393, 97
Trd, 4319329.393, 94
Trd, 4319329.443, 97
Trd, 4319329.943, 100
Trd, 4319331.993, 94
Trd, 4319334.593, 94
Trd, 4319334.743, 97
Trd, 4319337.093, 94
Trd, 4319339.293, 93
Trd, 4319341.443, 94
Trd, 4319343.393, 96
Trd, 4319344.443, 92
Trd, 4319347.043, 95
Trd, 4319347.193, 95
Trd, 4319350.893, 92
Trd, 4319351.093, 95
Trd, 4319353.343, 91
Trd, 4319353.443, 91
Trd, 4319354.243, 91
Trd, 4319355.493, 97
Trd, 4319356.543, 103
Trd, 4319357.093, 102
Trd, 4319359.043, 101
Trd, 4319361.093, 100
Trd, 4319362.143, 101
Trd, 4319362.293, 94
Trd, 4319362.943, 100
Trd, 4319366.243, 94
Trd, 4319366.893, 94
Trd, 4319367.343, 95
Trd, 4319368.443, 96
Trd, 4319372.993, 95
Trd, 4319373.743, 95
Trd, 4319375.843, 96
Trd, 4319377.993, 97
Trd, 4319378.593, 102
Trd, 4319380.143, 99
Trd, 4319380.343, 98
Trd, 4319381.443, 99
Trd, 4319384.643, 98
Trd, 4319385.043, 97
Trd, 4319386.793, 94
Trd, 4319387.343, 99
Trd, 4319389.793, 96
Trd, 4319390.443, 94
Trd, 4319391.593, 115
Trd, 4319391.843, 96
Trd, 4319394.793, 99
Trd, 4319396.793, 100
Trd, 4319397.643, 98
Trd, 4319399.193, 97
Trd, 4319400.593, 99
Trd, 4319403.093, 97
Trd, 4319405.443, 96
Trd, 4319406.593, 95
Trd, 4319407.843, 95
Trd, 4319409.943, 99
Trd, 4319413.143, 94
Trd, 4319416.143, 94
Trd, 4319417.043, 93
Trd, 4319419.793, 92
Trd, 4319423.393, 95
Trd, 4319426.293, 91
Trd, 4319426.393, 91
Trd, 4319431.343, 94
Trd, 4319431.643, 90
Trd, 4319432.193, 90
Trd, 4319436.693, 92
Trd, 4319436.743, 89
Trd, 4319439.393, 91
Trd, 4319439.693, 89
Trd, 4319440.193, 89
Trd, 4319440.843, 88
Trd, 4319441.243, 98
Trd, 4319442.043, 88
Trd, 4319445.293, 94
Trd, 4319446.793, 93
Trd, 4319448.743, 92
Trd, 4319449.993, 100
Trd, 4319450.793, 100
Trd, 4319451.843, 113
Trd, 4319452.193, 100
Trd, 4319452.893, 102
Trd, 4319455.143, 91
Trd, 4319458.293, 96
Trd, 4319460.493, 96
Trd, 4319461.043, 99
Trd, 4319462.643, 99
Trd, 4319464.193, 94
Trd, 4319465.293, 93
Trd, 4319467.593, 93
Trd, 4319468.093, 92
Trd, 4319468.443, 95
Trd, 4319470.993, 95
Trd, 4319471.443, 110
Trd, 4319472.943, 95
Trd, 4319474.243, 100
Trd, 4319474.443, 94
Trd, 4319475.843, 94
Trd, 4319480.293, 93
Trd, 4319480.793, 95
Trd, 4319481.493, 96
Trd, 4319483.193, 93
Trd, 4319485.893, 96
Trd, 4319486.443, 93
Trd, 4319487.743, 96
Trd, 4319489.943, 95
Trd, 4319490.243, 94
Trd, 4319494.593, 97
Trd, 4319494.743, 94
Trd, 4319495.643, 94
Trd, 4319496.243, 93
Trd, 4319496.693, 92
Trd, 4319502.393, 95
Trd, 4319502.443, 93
Trd, 4319504.643, 92
Trd, 4319506.843, 93
Trd, 4319508.243, 94
Trd, 4319509.643, 92
Trd, 4319513.643, 92
Trd, 4319515.193, 94
Trd, 4319515.343, 93
Trd, 4319516.043, 92
Trd, 4319518.993, 93
Trd, 4319519.593, 93
Trd, 4319519.643, 93
Trd, 4319522.443, 93
Trd, 4319523.293, 87
Trd, 4319524.343, 90
Trd, 4319529.793, 92
Trd, 4319529.893, 93
Trd, 4319531.693, 93
Trd, 4319532.143, 91
Trd, 4319534.093, 101
Trd, 4319534.493, 91
Trd, 4319536.543, 97
Trd, 4319538.243, 98
Trd, 4319538.693, 95
Trd, 4319539.093, 93
Trd, 4319541.843, 98
Trd, 4319543.043, 103
Trd, 4319543.593, 102
Trd, 4319544.743, 101
Trd, 4319551.893, 100
Trd, 4319552.343, 99
Trd, 4319552.543, 102
Trd, 4319553.443, 94
Trd, 4319558.593, 97
Trd, 4319560.843, 99
Trd, 4319561.943, 98
Trd, 4319561.993, 97
Trd, 4319564.593, 87
Trd, 4319565.443, 97
Trd, 4319566.843, 118
Trd, 4319567.143, 95
Trd, 4319568.343, 94
Trd, 4319568.643, 95
Trd, 4319570.043, 95
Trd, 4319575.193, 94
Trd, 4319577.243, 95
Trd, 4319579.293, 94
Trd, 4319582.493, 95
Trd, 4319583.793, 93
Trd, 4319585.393, 95
Trd, 4319586.993, 93
Trd, 4319590.243, 95
Trd, 4319592.643, 92
Trd, 4319593.143, 92
Trd, 4319597.343, 91
Trd, 4319599.093, 95
Trd, 4319599.243, 91
Trd, 4319603.743, 92
Trd, 4319605.093, 93
Trd, 4319606.543, 91
Trd, 4319606.793, 95
Trd, 4319607.443, 101
Trd, 4319610.043, 102
Trd, 4319610.993, 102
Trd, 4319611.543, 96
Trd, 4319616.743, 99
Trd, 4319617.943, 98
Trd, 4319618.243, 98
Trd, 4319621.793, 99
Trd, 4319623.193, 99
Trd, 4319624.343, 99
Trd, 4319625.543, 99
Trd, 4319625.993, 101
Trd, 4319629.893, 105
Trd, 4319630.343, 103
Trd, 4319632.493, 103
Trd, 4319635.093, 102
Trd, 4319635.493, 104
Trd, 4319635.643, 101
Trd, 4319636.743, 101
Trd, 4319637.243, 76
Trd, 4319639.293, 90
Trd, 4319642.393, 97
Trd, 4319643.443, 94
Trd, 4319643.893, 98
Trd, 4319644.993, 113
Trd, 4319645.743, 115
Trd, 4319647.793, 94
Trd, 4319651.693, 97
Trd, 4319651.743, 101
Trd, 4319654.293, 101
Trd, 4319656.993, 103
Trd, 4319657.293, 98
Trd, 4319658.193, 98
Trd, 4319658.243, 94
Trd, 4319660.743, 95
Trd, 4319661.493, 91
Trd, 4319662.743, 96
Trd, 4319662.793, 100
Trd, 4319664.293, 92
Trd, 4319665.143, 84
Trd, 4319665.843, 74
Trd, 4319668.743, 89
Trd, 4319671.993, 89
Trd, 4319673.143, 85
Trd, 4319674.393, 89
Trd, 4319678.143, 87
Trd, 4319681.443, 88
Trd, 4319683.443, 87
Trd, 4319685.943, 89
Trd, 4319687.643, 90
Trd, 4319688.143, 87
Trd, 4319692.293, 89
Trd, 4319692.393, 87
Trd, 4319699.143, 86
Trd, 4319700.093, 88
Trd, 4319700.793, 85
Trd, 4319701.543, 87
Trd, 4319702.943, 85
Trd, 4319705.993, 84
Trd, 4319708.243, 87
Trd, 4319709.293, 84
Trd, 4319711.893, 83
Trd, 4319713.193, 82
Trd, 4319714.043, 85
Trd, 4319715.843, 86
Trd, 4319717.593, 95
Trd, 4319719.893, 98
Trd, 4319720.593, 98
Trd, 4319721.043, 111
Trd, 4319722.093, 101
Trd, 4319724.543, 94
Trd, 4319725.593, 98
Trd, 4319727.543, 99
Trd, 4319728.443, 105
Trd, 4319729.293, 98
Trd, 4319729.393, 93
Trd, 4319730.793, 102
Trd, 4319731.793, 116
Trd, 4319733.543, 99
Trd, 4319736.943, 98
Trd, 4319737.243, 94
Trd, 4319739.443, 104
Trd, 4319741.743, 101
Trd, 4319746.893, 101
Trd, 4319746.943, 105
Trd, 4319747.993, 102
Trd, 4319748.043, 99
Trd, 4319748.893, 101
Trd, 4319752.243, 100
Trd, 4319752.393, 100
Trd, 4319755.643, 101
Trd, 4319755.693, 102
Trd, 4319757.293, 107
Trd, 4319758.443, 101
Trd, 4319760.043, 100
Trd, 4319761.593, 97
Trd, 4319761.643, 94
Trd, 4319763.743, 103
Trd, 4319765.093, 99
Trd, 4319765.393, 97
Trd, 4319765.593, 99
Trd, 4319767.693, 96
Trd, 4319769.793, 95
Trd, 4319770.143, 97
Trd, 4319770.593, 98
Trd, 4319774.293, 96
Trd, 4319776.343, 96
Trd, 4319778.543, 96
Trd, 4319778.843, 95
Trd, 4319779.293, 97
Trd, 4319782.443, 95
Trd, 4319783.643, 97
Trd, 4319786.693, 97
Trd, 4319787.943, 96
Trd, 4319790.543, 96
Trd, 4319791.893, 98
Trd, 4319792.093, 98
Trd, 4319792.543, 95
Trd, 4319798.593, 94
Trd, 4319798.793, 94
Trd, 4319799.043, 94
Trd, 4319800.843, 95
Trd, 4319800.893, 122
Trd, 4319802.243, 112
Trd, 4319803.893, 110
Trd, 4319804.593, 104
Trd, 4319805.543, 103
Trd, 4319808.143, 104
Trd, 4319809.943, 104
Trd, 4319813.743, 104
Trd, 4319814.293, 103
Trd, 4319815.793, 102
Trd, 4319816.993, 100
Trd, 4319818.843, 102
Trd, 4319818.943, 101
Trd, 4319819.993, 101
Trd, 4319820.493, 99
Trd, 4319822.793, 102
Trd, 4319823.943, 94
Trd, 4319824.743, 95
Trd, 4319825.593, 95
Trd, 4319831.143, 95
Trd, 4319831.743, 97
Trd, 4319832.393, 94
Trd, 4319833.493, 93
Trd, 4319835.243, 96
Trd, 4319835.443, 96
Trd, 4319836.793, 95
Trd, 4319838.993, 100
Trd, 4319841.543, 95
Trd, 4319842.993, 97
Trd, 4319843.443, 94
Trd, 4319845.243, 94
Trd, 4319845.993, 97
Trd, 4319850.493, 94
Trd, 4319854.243, 95
Trd, 4319855.393, 94
Trd, 4319855.693, 93
Trd, 4319855.843, 93
Trd, 4319857.993, 92
Trd, 4319858.293, 92
Trd, 4319860.993, 113
Trd, 4319862.243, 91
Trd, 4319864.793, 93
Trd, 4319865.793, 96
Trd, 4319867.043, 93
Trd, 4319870.993, 92
Trd, 4319871.143, 92
Trd, 4319872.193, 94
Trd, 4319872.693, 92
Trd, 4319873.193, 90
Trd, 4319875.393, 95
Trd, 4319875.443, 91
Trd, 4319876.393, 93
Trd, 4319880.343, 95
Trd, 4319883.743, 91
Trd, 4319884.343, 91
Trd, 4319884.743, 86
Trd, 4319885.693, 94
Trd, 4319892.643, 90
Trd, 4319894.493, 93
Trd, 4319895.093, 89
Trd, 4319895.393, 94
Trd, 4319895.843, 89
Trd, 4319900.943, 94
Trd, 4319902.893, 88
Trd, 4319903.743, 88
Trd, 4319905.893, 92
Trd, 4319906.693, 93
Trd, 4319907.193, 92
Trd, 4319909.893, 90
Trd, 4319912.843, 93
Trd, 4319916.293, 114
Trd, 4319917.443, 103
Trd, 4319918.143, 99
Trd, 4319918.593, 98
Trd, 4319920.643, 97
Trd, 4319922.343, 97
Trd, 4319922.393, 100
Trd, 4319924.743, 99
Trd, 4319928.693, 94
Trd, 4319928.793, 84
Trd, 4319931.843, 92
Trd, 4319940.493, 99
Trd, 4319940.643, 92
Trd, 4319941.743, 93
Trd, 4319943.643, 93
Trd, 4319944.243, 99
Trd, 4319945.643, 99
Trd, 4319946.193, 101
Trd, 4319948.393, 100
Trd, 4319949.343, 99
Trd, 4319950.893, 94
Trd, 4319951.093, 101
Trd, 4319953.193, 101
Trd, 4319953.943, 98
Trd, 4319956.093, 103
Trd, 4319957.193, 94
Trd, 4319957.693, 98
Trd, 4319958.343, 98
Trd, 4319959.343, 102
Trd, 4319960.843, 97
Trd, 4319962.843, 102
Trd, 4319963.493, 102
Trd, 4319964.143, 101
Trd, 4319964.593, 114
Trd, 4319965.793, 98
Trd, 4319966.093, 94
Trd, 4319969.193, 97
Trd, 4319972.943, 100
Trd, 4319973.543, 99
Trd, 4319974.543, 99
Trd, 4319977.793, 101
Trd, 4319978.543, 98
Trd, 4319980.193, 100
Trd, 4319980.493, 96
Trd, 4319980.593, 100
Trd, 4319980.843, 94
Trd, 4319982.693, 97
Trd, 4319985.543, 98
Trd, 4319986.643, 97
Trd, 4319986.743, 98
Trd, 4319988.843, 94
Trd, 4319990.793, 97
Trd, 4319992.993, 89
Trd, 4319993.743, 96
Trd, 4319995.343, 101
Trd, 4319996.443, 115
Trd, 4319996.593, 100
Trd, 4319998.143, 99
