Trd, 4317772.243, 103
Trd, 4317773.943, 101
Trd, 4317774.193, 104
Trd, 4317776.343, 104
Trd, 4317779.243, 103
Trd, 4317779.993, 104
Trd, 4317780.143, 104
Trd, 4317782.493, 104
Trd, 4317782.693, 103
Trd, 4317782.943, 104
Trd, 4317783.393, 114
Trd, 4317784.693, 103
Trd, 4317789.343, 106
Trd, 4317789.993, 103
Trd, 4317796.393, 105
Trd, 4317797.043, 104
Trd, 4317797.393, 104
Trd, 4317797.493, 103
Trd, 4317798.943, 73
Trd, 4317801.343, 90
Trd, 4317803.143, 91
Trd, 4317803.293, 90
Trd, 4317803.693, 88
Trd, 4317807.393, 91
Trd, 4317810.093, 90
Trd, 4317810.543, 91
Trd, 4317813.493, 91
Trd, 4317815.693, 91
Trd, 4317818.243, 91
Trd, 4317820.543, 91
Trd, 4317820.793, 92
Trd, 4317823.093, 95
Trd, 4317825.443, 92
Trd, 4317826.793, 95
Trd, 4317827.893, 97
Trd, 4317828.243, 97
Trd, 4317828.443, 96
Trd, 4317828.943, 104
Trd, 4317829.443, 83
Trd, 4317835.843, 94
Trd, 4317838.243, 97
Trd, 4317842.243, 96
Trd, 4317842.743, 93
Trd, 4317844.893, 95
Trd, 4317846.343, 96
Trd, 4317847.793, 96
Trd, 4317849.943, 96
Trd, 4317851.243, 94
Trd, 4317853.243, 96
Trd, 4317857.493, 94
Trd, 4317858.243, 96
Trd, 4317859.893, 96
Trd, 4317862.093, 95
Trd, 4317864.493, 97
Trd, 4317866.093, 95
Trd, 4317871.193, 95
Trd, 4317873.743, 97
Trd, 4317876.443, 97
Trd, 4317878.143, 96
Trd, 4317881.593, 97
Trd, 4317882.193, 97
Trd, 4317882.343, 95
Trd, 4317886.043, 97
Trd, 4317886.493, 96
Trd, 4317890.493, 95
Trd, 4317891.093, 97
Trd, 4317891.543, 96
Trd, 4317893.443, 95
Trd, 4317894.343, 95
Trd, 4317894.443, 95
Trd, 4317896.893, 95
Trd, 4317897.693, 97
Trd, 4317900.343, 101
Trd, 4317900.743, 99
Trd, 4317900.943, 97
Trd, 4317904.893, 104
Trd, 4317905.243, 100
Trd, 4317905.543, 98
Trd, 4317906.893, 98
Trd, 4317908.793, 100
Trd, 4317909.893, 99
Trd, 4317910.543, 100
Trd, 4317912.093, 102
Trd, 4317912.593, 103
Trd, 4317913.843, 104
Trd, 4317914.093, 103
Trd, 4317917.243, 101
Trd, 4317918.043, 101
Trd, 4317918.543, 103
Trd, 4317920.743, 103
Trd, 4317922.093, 101
Trd, 4317924.943, 103
Trd, 4317925.393, 103
Trd, 4317926.343, 102
Trd, 4317929.643, 103
Trd, 4317931.393, 103
Trd, 4317933.793, 102
Trd, 4317935.093, 103
Trd, 4317935.993, 102
Trd, 4317936.893, 103
Trd, 4317937.143, 102
Trd, 4317938.843, 102
Trd, 4317940.343, 102
Trd, 4317941.593, 102
Trd, 4317943.193, 105
Trd, 4317943.793, 104
Trd, 4317943.893, 126
Trd, 4317946.543, 103
Trd, 4317946.993, 109
Trd, 4317952.943, 108
Trd, 4317955.793, 104
Trd, 4317958.193, 104
Trd, 4317960.793, 103
Trd, 4317961.193, 108
Trd, 4317967.343, 108
Trd, 4317968.193, 103
Trd, 4317971.793, 104
Trd, 4317975.143, 108
Trd, 4317979.143, 108
Trd, 4317979.393, 104
Trd, 4317982.193, 104
Trd, 4317986.993, 108
Trd, 4317990.143, 108
Trd, 4317990.193, 104
Trd, 4317991.493, 104
Trd, 4317994.493, 108
Trd, 4317997.093, 104
Trd, 4318002.543, 108
Trd, 4318003.893, 104
Trd, 4318005.843, 106
Trd, 4318007.243, 103
Trd, 4318009.443, 106
Trd, 4318013.743, 104
Trd, 4318016.843, 106
Trd, 4318017.193, 114
Trd, 4318018.743, 104
Trd, 4318023.843, 104
Trd, 4318026.993, 108
Trd, 4318027.893, 107
Trd, 4318031.393, 103
Trd, 4318032.893, 107
Trd, 4318035.143, 104
Trd, 4318038.993, 107
Trd, 4318041.443, 105
Trd, 4318044.593, 107
Trd, 4318044.793, 104
Trd, 4318051.593, 104
Trd, 4318051.843, 107
Trd, 4318055.343, 104
Trd, 4318055.793, 106
Trd, 4318059.793, 106
Trd, 4318063.943, 104
Trd, 4318064.293, 104
Trd, 4318064.493, 106
Trd, 4318066.693, 105
Trd, 4318069.543, 103
Trd, 4318070.793, 106
Trd, 4318077.893, 104
Trd, 4318078.343, 104
Trd, 4318078.393, 106
Trd, 4318083.143, 105
Trd, 4318084.493, 104
Trd, 4318087.193, 104
Trd, 4318089.043, 105
Trd, 4318089.093, 104
Trd, 4318089.893, 104
Trd, 4318090.893, 105
Trd, 4318096.043, 105
Trd, 4318098.343, 104
Trd, 4318099.643, 105
Trd, 4318101.243, 104
Trd, 4318108.043, 105
Trd, 4318109.343, 104
Trd, 4318109.493, 104
Trd, 4318113.793, 105
Trd, 4318114.543, 104
Trd, 4318116.743, 103
Trd, 4318117.843, 104
Trd, 4318120.143, 105
Trd, 4318122.193, 105
Trd, 4318122.643, 104
Trd, 4318126.543, 105
Trd, 4318130.443, 104
Trd, 4318134.193, 104
Trd, 4318135.793, 105
Trd, 4318138.043, 104
Trd, 4318138.243, 105
Trd, 4318140.743, 103
Trd, 4318141.243, 105
Trd, 4318143.743, 104
Trd, 4318146.843, 105
Trd, 4318148.693, 104
Trd, 4318148.993, 103
Trd, 4318152.493, 104
Trd, 4318154.543, 103
Trd, 4318154.843, 104
Trd, 4318155.393, 103
Trd, 4318155.643, 102
Trd, 4318156.643, 102
Trd, 4318158.393, 103
Trd, 4318161.143, 102
Trd, 4318162.693, 104
Trd, 4318164.593, 101
Trd, 4318166.843, 101
Trd, 4318170.893, 103
Trd, 4318171.443, 103
Trd, 4318175.643, 100
Trd, 4318176.793, 103
Trd, 4318179.193, 102
Trd, 4318179.643, 100
Trd, 4318180.643, 103
Trd, 4318180.743, 100
Trd, 4318186.093, 102
Trd, 4318188.193, 101
Trd, 4318190.343, 101
Trd, 4318192.643, 101
Trd, 4318193.743, 101
Trd, 4318195.393, 100
Trd, 4318198.793, 101
Trd, 4318199.643, 99
Trd, 4318204.093, 101
Trd, 4318204.793, 101
Trd, 4318205.043, 99
Trd, 4318206.393, 100
Trd, 4318206.443, 99
Trd, 4318208.443, 99
Trd, 4318209.093, 99
Trd, 4318209.193, 98
Trd, 4318210.593, 96
Trd, 4318211.943, 84
Trd, 4318213.743, 97
Trd, 4318218.193, 95
Trd, 4318218.893, 95
Trd, 4318220.393, 95
Trd, 4318221.443, 94
Trd, 4318224.143, 94
Trd, 4318225.093, 95
Trd, 4318227.943, 94
Trd, 4318229.043, 95
Trd, 4318230.143, 94
Trd, 4318230.643, 95
Trd, 4318232.243, 94
Trd, 4318233.243, 94
Trd, 4318235.193, 94
Trd, 4318237.543, 94
Trd, 4318237.843, 92
Trd, 4318238.793, 95
Trd, 4318240.993, 95
Trd, 4318242.193, 95
Trd, 4318242.743, 94
Trd, 4318244.193, 95
Trd, 4318244.393, 95
Trd, 4318246.243, 95
Trd, 4318247.893, 95
Trd, 4318248.543, 95
Trd, 4318249.343, 93
Trd, 4318252.793, 94
Trd, 4318254.293, 95
Trd, 4318258.343, 95
Trd, 4318258.993, 95
Trd, 4318259.893, 93
Trd, 4318260.343, 95
Trd, 4318262.743, 95
Trd, 4318265.343, 96
Trd, 4318265.743, 94
Trd, 4318266.093, 96
Trd, 4318268.293, 104
Trd, 4318269.393, 98
Trd, 4318270.693, 99
Trd, 4318271.343, 101
Trd, 4318272.443, 113
Trd, 4318273.193, 106
Trd, 4318273.493, 104
Trd, 4318275.593, 87
Trd, 4318277.843, 97
Trd, 4318281.943, 99
Trd, 4318282.793, 99
Trd, 4318284.243, 98
Trd, 4318285.093, 99
Trd, 4318286.543, 99
Trd, 4318287.393, 99
Trd, 4318291.393, 97
Trd, 4318292.243, 99
Trd, 4318292.643, 99
Trd, 4318295.193, 99
Trd, 4318296.043, 98
Trd, 4318297.343, 99
Trd, 4318297.543, 98
Trd, 4318297.593, 85
Trd, 4318301.593, 93
Trd, 4318305.243, 97
Trd, 4318305.443, 96
Trd, 4318305.693, 97
Trd, 4318307.243, 95
Trd, 4318311.743, 96
Trd, 4318312.793, 95
Trd, 4318313.193, 96
Trd, 4318313.893, 95
Trd, 4318314.543, 97
Trd, 4318317.043, 93
Trd, 4318319.543, 96
Trd, 4318322.393, 92
Trd, 4318324.693, 91
Trd, 4318328.493, 96
Trd, 4318329.543, 96
Trd, 4318330.793, 93
Trd, 4318332.943, 96
Trd, 4318334.493, 96
Trd, 4318336.193, 94
Trd, 4318337.293, 96
Trd, 4318340.793, 97
Trd, 4318341.293, 97
Trd, 4318342.993, 94
Trd, 4318345.043, 96
Trd, 4318346.943, 96
Trd, 4318347.193, 94
Trd, 4318350.693, 96
Trd, 4318353.243, 95
Trd, 4318354.343, 96
Trd, 4318354.693, 96
Trd, 4318354.893, 94
Trd, 4318358.143, 96
Trd, 4318358.343, 96
Trd, 4318361.393, 96
Trd, 4318362.343, 95
Trd, 4318363.043, 96
Trd, 4318366.743, 96
Trd, 4318367.893, 96
Trd, 4318368.593, 94
Trd, 4318370.293, 96
Trd, 4318372.743, 97
Trd, 4318376.043, 97
Trd, 4318377.443, 97
Trd, 4318379.343, 96
Trd, 4318379.443, 97
Trd, 4318381.143, 97
Trd, 4318381.843, 96
Trd, 4318386.043, 97
Trd, 4318387.743, 97
Trd, 4318388.443, 97
Trd, 4318388.943, 95
Trd, 4318390.943, 97
Trd, 4318391.493, 100
Trd, 4318391.643, 114
Trd, 4318393.493, 102
Trd, 4318393.943, 103
Trd, 4318395.443, 103
Trd, 4318395.993, 102
Trd, 4318396.343, 106
Trd, 4318399.743, 104
Trd, 4318400.493, 103
Trd, 4318400.643, 105
Trd, 4318404.393, 104
Trd, 4318404.793, 104
Trd, 4318407.243, 104
Trd, 4318407.593, 103
Trd, 4318408.443, 104
Trd, 4318412.543, 104
Trd, 4318412.893, 103
Trd, 4318414.943, 104
Trd, 4318417.543, 102
Trd, 4318418.793, 104
Trd, 4318420.893, 101
Trd, 4318422.443, 102
Trd, 4318422.943, 102
Trd, 4318424.093, 102
Trd, 4318427.493, 102
Trd, 4318429.343, 102
Trd, 4318429.893, 101
Trd, 4318430.143, 102
Trd, 4318430.393, 104
Trd, 4318430.843, 101
Trd, 4318433.643, 104
Trd, 4318437.243, 103
Trd, 4318438.693, 103
Trd, 4318441.743, 103
Trd, 4318442.693, 104
Trd, 4318443.893, 103
Trd, 4318444.243, 85
Trd, 4318445.493, 103
Trd, 4318450.143, 102
Trd, 4318451.343, 102
Trd, 4318452.093, 101
Trd, 4318453.093, 99
Trd, 4318455.443, 99
Trd, 4318456.543, 102
Trd, 4318458.243, 102
Trd, 4318462.493, 101
Trd, 4318462.693, 102
Trd, 4318464.543, 100
Trd, 4318466.293, 101
Trd, 4318467.093, 100
Trd, 4318467.343, 100
Trd, 4318467.443, 101
Trd, 4318472.693, 99
Trd, 4318476.393, 101
Trd, 4318477.643, 101
Trd, 4318479.593, 101
Trd, 4318480.093, 101
Trd, 4318480.743, 100
Trd, 4318482.193, 100
Trd, 4318482.393, 101
Trd, 4318486.893, 104
Trd, 4318487.893, 101
Trd, 4318488.393, 104
Trd, 4318488.543, 104
Trd, 4318488.693, 115
Trd, 4318494.193, 104
Trd, 4318498.143, 105
Trd, 4318499.243, 104
Trd, 4318500.793, 105
Trd, 4318500.893, 105
Trd, 4318502.943, 105
Trd, 4318503.043, 105
Trd, 4318503.193, 105
Trd, 4318504.543, 105
Trd, 4318505.393, 104
Trd, 4318506.493, 105
Trd, 4318507.093, 104
Trd, 4318509.943, 102
Trd, 4318513.193, 105
Trd, 4318514.293, 104
Trd, 4318518.593, 104
Trd, 4318518.693, 105
Trd, 4318520.543, 104
Trd, 4318521.643, 105
Trd, 4318523.843, 104
Trd, 4318528.393, 104
Trd, 4318529.293, 105
Trd, 4318530.693, 105
Trd, 4318533.493, 104
Trd, 4318535.793, 105
Trd, 4318542.093, 105
Trd, 4318544.093, 104
Trd, 4318546.593, 105
Trd, 4318551.293, 105
Trd, 4318552.243, 102
Trd, 4318555.993, 105
Trd, 4318557.743, 104
Trd, 4318559.743, 105
Trd, 4318563.893, 104
Trd, 4318566.193, 105
Trd, 4318566.293, 104
Trd, 4318568.593, 105
Trd, 4318569.393, 104
Trd, 4318573.493, 105
Trd, 4318577.443, 104
Trd, 4318580.943, 104
Trd, 4318582.093, 105
Trd, 4318582.893, 104
Trd, 4318584.143, 105
Trd, 4318585.543, 104
Trd, 4318590.493, 105
Trd, 4318592.193, 104
Trd, 4318592.443, 104
Trd, 4318594.393, 102
Trd, 4318597.243, 101
Trd, 4318598.243, 101
Trd, 4318598.693, 100
Trd, 4318599.643, 104
Trd, 4318601.493, 99
Trd, 4318603.293, 104
Trd, 4318603.443, 103
Trd, 4318604.343, 85
Trd, 4318608.343, 103
Trd, 4318610.893, 98
Trd, 4318612.543, 104
Trd, 4318615.243, 100
Trd, 4318618.743, 103
Trd, 4318619.843, 99
Trd, 4318623.393, 103
Trd, 4318623.943, 102
Trd, 4318626.993, 102
Trd, 4318628.293, 102
Trd, 4318629.643, 102
Trd, 4318633.093, 101
Trd, 4318633.893, 102
Trd, 4318634.393, 101
Trd, 4318635.893, 102
Trd, 4318635.993, 101
Trd, 4318639.143, 102
Trd, 4318641.293, 102
Trd, 4318641.393, 101
Trd, 4318642.193, 101
Trd, 4318645.393, 101
Trd, 4318646.843, 101
Trd, 4318646.943, 102
Trd, 4318648.343, 103
Trd, 4318651.543, 102
Trd, 4318652.793, 103
Trd, 4318653.793, 104
Trd, 4318654.993, 103
Trd, 4318656.343, 104
Trd, 4318658.443, 104
Trd, 4318660.443, 103
Trd, 4318661.593, 104
Trd, 4318661.943, 104
Trd, 4318663.293, 104
Trd, 4318667.443, 100
Trd, 4318669.443, 104
Trd, 4318671.743, 103
Trd, 4318673.593, 104
Trd, 4318675.193, 104
Trd, 4318676.143, 104
Trd, 4318676.943, 104
Trd, 4318678.143, 104
Trd, 4318679.243, 102
Trd, 4318682.743, 104
Trd, 4318684.393, 104
Trd, 4318685.543, 103
Trd, 4318688.143, 104
Trd, 4318689.943, 104
Trd, 4318691.143, 102
Trd, 4318691.393, 104
Trd, 4318696.643, 104
Trd, 4318699.193, 103
Trd, 4318700.343, 104
Trd, 4318701.693, 104
Trd, 4318702.843, 103
Trd, 4318707.343, 104
Trd, 4318708.393, 104
Trd, 4318708.593, 103
Trd, 4318712.643, 104
Trd, 4318713.893, 104
Trd, 4318715.393, 103
Trd, 4318718.043, 103
Trd, 4318719.393, 103
Trd, 4318720.843, 103
Trd, 4318721.393, 102
Trd, 4318722.543, 103
Trd, 4318723.793, 103
Trd, 4318726.843, 102
Trd, 4318728.043, 104
Trd, 4318732.043, 104
Trd, 4318732.243, 103
Trd, 4318732.893, 102
Trd, 4318735.893, 101
Trd, 4318739.743, 100
Trd, 4318741.293, 102
Trd, 4318742.193, 102
Trd, 4318742.543, 102
Trd, 4318742.743, 99
Trd, 4318743.393, 102
Trd, 4318746.143, 102
Trd, 4318747.643, 104
Trd, 4318748.443, 103
Trd, 4318750.593, 104
Trd, 4318751.693, 104
Trd, 4318752.293, 104
Trd, 4318752.543, 113
Trd, 4318754.043, 104
Trd, 4318754.743, 106
Trd, 4318758.243, 106
Trd, 4318761.693, 105
Trd, 4318762.943, 106
Trd, 4318763.243, 104
Trd, 4318771.343, 106
Trd, 4318771.693, 104
Trd, 4318775.543, 106
Trd, 4318777.243, 104
Trd, 4318777.643, 103
Trd, 4318778.643, 105
Trd, 4318780.493, 104
Trd, 4318783.243, 104
Trd, 4318783.693, 103
Trd, 4318785.093, 104
Trd, 4318789.343, 104
Trd, 4318789.493, 104
Trd, 4318790.193, 104
Trd, 4318790.443, 104
Trd, 4318793.493, 84
Trd, 4318793.693, 104
Trd, 4318794.993, 113
Trd, 4318796.793, 103
Trd, 4318797.393, 101
Trd, 4318800.943, 104
Trd, 4318802.443, 103
Trd, 4318805.393, 102
Trd, 4318806.043, 104
Trd, 4318806.993, 103
Trd, 4318807.843, 83
Trd, 4318812.143, 102
Trd, 4318812.993, 99
Trd, 4318814.593, 99
Trd, 4318815.193, 102
Trd, 4318818.493, 102
Trd, 4318819.443, 98
Trd, 4318822.793, 102
Trd, 4318826.543, 100
Trd, 4318827.843, 103
Trd, 4318828.893, 103
Trd, 4318831.893, 101
Trd, 4318834.593, 103
Trd, 4318835.143, 102
Trd, 4318837.293, 103
Trd, 4318838.993, 102
Trd, 4318842.093, 103
Trd, 4318845.443, 102
Trd, 4318848.893, 103
Trd, 4318849.093, 102
Trd, 4318850.793, 104
Trd, 4318853.493, 103
Trd, 4318854.893, 102
Trd, 4318857.793, 103
Trd, 4318860.543, 103
Trd, 4318860.693, 103
Trd, 4318861.543, 102
Trd, 4318864.843, 104
Trd, 4318864.943, 104
Trd, 4318866.293, 103
Trd, 4318868.293, 104
Trd, 4318871.643, 102
Trd, 4318873.693, 104
Trd, 4318874.543, 103
Trd, 4318874.893, 103
Trd, 4318876.043, 104
Trd, 4318877.043, 104
Trd, 4318879.493, 104
Trd, 4318881.593, 103
Trd, 4318882.293, 104
Trd, 4318886.243, 104
Trd, 4318887.193, 104
Trd, 4318888.543, 103
Trd, 4318890.943, 103
Trd, 4318893.743, 103
Trd, 4318893.893, 104
Trd, 4318894.643, 103
Trd, 4318895.293, 102
Trd, 4318895.793, 104
Trd, 4318896.343, 101
Trd, 4318899.893, 102
Trd, 4318901.493, 101
Trd, 4318904.793, 103
Trd, 4318907.193, 103
Trd, 4318907.393, 102
Trd, 4318908.193, 101
Trd, 4318909.193, 102
Trd, 4318911.893, 102
Trd, 4318912.243, 100
Trd, 4318913.893, 101
Trd, 4318914.593, 101
Trd, 4318915.693, 100
Trd, 4318919.193, 100
Trd, 4318920.793, 102
Trd, 4318922.843, 100
Trd, 4318924.393, 99
Trd, 4318925.543, 102
Trd, 4318927.343, 102
Trd, 4318927.893, 101
Trd, 4318929.743, 102
Trd, 4318930.493, 101
Trd, 4318931.493, 102
Trd, 4318931.943, 101
Trd, 4318934.943, 102
Trd, 4318937.043, 102
Trd, 4318937.243, 101
Trd, 4318938.243, 102
Trd, 4318939.393, 103
Trd, 4318941.443, 104
Trd, 4318942.443, 103
Trd, 4318944.693, 104
Trd, 4318946.743, 104
Trd, 4318947.793, 104
Trd, 4318949.093, 103
Trd, 4318951.543, 104
Trd, 4318952.143, 103
Trd, 4318952.293, 105
Trd, 4318953.243, 102
Trd, 4318956.843, 101
Trd, 4318957.193, 105
Trd, 4318965.543, 104
Trd, 4318967.393, 105
Trd, 4318969.843, 104
Trd, 4318972.243, 105
Trd, 4318972.693, 104
Trd, 4318977.143, 105
Trd, 4318979.243, 104
Trd, 4318985.743, 105
Trd, 4318986.093, 104
Trd, 4318986.293, 105
Trd, 4318987.643, 104
Trd, 4318989.043, 104
Trd, 4318989.293, 106
Trd, 4318989.743, 82
Trd, 4318994.343, 102
Trd, 4318996.093, 103
Trd, 4318997.393, 101
Trd, 4319000.993, 103
Trd, 4319002.093, 103
Trd, 4319002.893, 103
Trd, 4319003.343, 102
Trd, 4319006.193, 103
Trd, 4319006.893, 103
Trd, 4319011.043, 102
Trd, 4319012.043, 102
Trd, 4319014.193, 103
Trd, 4319017.043, 103
Trd, 4319017.793, 104
Trd, 4319021.043, 104
Trd, 4319023.593, 104
Trd, 4319023.893, 103
Trd, 4319023.943, 104
Trd, 4319024.293, 104
Trd, 4319026.743, 103
Trd, 4319029.293, 104
Trd, 4319031.843, 102
Trd, 4319032.393, 104
Trd, 4319032.543, 104
Trd, 4319033.843, 103
Trd, 4319037.743, 103
Trd, 4319038.793, 103
Trd, 4319038.943, 100
Trd, 4319040.293, 97
Trd, 4319040.943, 95
Trd, 4319042.343, 104
Trd, 4319043.643, 97
Trd, 4319044.643, 100
Trd, 4319044.893, 96
Trd, 4319048.493, 94
Trd, 4319048.543, 98
Trd, 4319052.943, 98
Trd, 4319054.443, 95
Trd, 4319061.343, 98
Trd, 4319061.793, 97
Trd, 4319065.243, 98
Trd, 4319065.493, 96
Trd, 4319069.943, 98
Trd, 4319070.693, 98
Trd, 4319071.243, 96
Trd, 4319072.493, 95
Trd, 4319074.893, 99
Trd, 4319077.543, 98
Trd, 4319079.193, 97
Trd, 4319081.943, 96
Trd, 4319084.993, 97
Trd, 4319085.093, 96
Trd, 4319088.793, 97
Trd, 4319090.443, 97
Trd, 4319090.993, 96
Trd, 4319095.643, 97
Trd, 4319096.093, 96
Trd, 4319096.443, 85
Trd, 4319098.243, 95
Trd, 4319103.043, 96
Trd, 4319105.393, 96
Trd, 4319107.943, 96
Trd, 4319108.843, 95
Trd, 4319109.693, 95
Trd, 4319111.043, 96
Trd, 4319112.993, 96
Trd, 4319113.043, 95
Trd, 4319114.193, 95
Trd, 4319114.893, 94
Trd, 4319118.543, 94
Trd, 4319119.843, 93
Trd, 4319122.093, 93
Trd, 4319122.293, 95
Trd, 4319123.243, 95
Trd, 4319124.593, 94
Trd, 4319125.943, 104
Trd, 4319127.043, 97
Trd, 4319127.993, 97
Trd, 4319129.143, 100
Trd, 4319130.143, 100
Trd, 4319130.843, 104
Trd, 4319132.743, 90
Trd, 4319134.443, 95
Trd, 4319134.943, 101
Trd, 4319142.343, 97
Trd, 4319142.993, 98
Trd, 4319146.893, 96
Trd, 4319147.243, 97
Trd, 4319149.343, 97
Trd, 4319152.143, 97
Trd, 4319153.393, 96
Trd, 4319155.043, 97
Trd, 4319155.543, 96
Trd, 4319158.043, 97
Trd, 4319159.743, 97
Trd, 4319162.743, 96
Trd, 4319163.193, 97
Trd, 4319165.643, 104
Trd, 4319167.193, 96
Trd, 4319168.493, 97
Trd, 4319172.493, 98
Trd, 4319172.543, 97
Trd, 4319175.293, 99
Trd, 4319176.293, 97
Trd, 4319176.643, 99
Trd, 4319179.793, 98
Trd, 4319181.743, 99
Trd, 4319183.743, 99
Trd, 4319185.243, 98
Trd, 4319187.593, 100
Trd, 4319188.593, 99
Trd, 4319189.743, 100
Trd, 4319192.393, 97
Trd, 4319195.043, 98
Trd, 4319195.393, 100
Trd, 4319196.193, 100
Trd, 4319196.243, 100
Trd, 4319197.643, 99
Trd, 4319198.593, 100
Trd, 4319200.243, 98
Trd, 4319207.993, 100
Trd, 4319210.743, 99
Trd, 4319214.643, 99
Trd, 4319215.093, 100
Trd, 4319215.743, 99
Trd, 4319217.443, 100
Trd, 4319223.693, 99
Trd, 4319224.143, 100
Trd, 4319225.793, 99
Trd, 4319226.043, 100
Trd, 4319230.193, 100
Trd, 4319231.543, 100
Trd, 4319231.743, 101
Trd, 4319233.493, 101
Trd, 4319237.393, 101
Trd, 4319240.543, 100
Trd, 4319241.443, 99
Trd, 4319243.393, 101
Trd, 4319244.343, 100
Trd, 4319247.693, 100
Trd, 4319248.843, 100
Trd, 4319249.993, 113
Trd, 4319254.043, 99
Trd, 4319256.143, 103
Trd, 4319256.793, 102
Trd, 4319257.543, 101
Trd, 4319258.143, 103
Trd, 4319259.793, 103
Trd, 4319261.243, 103
Trd, 4319262.793, 102
Trd, 4319266.643, 103
Trd, 4319267.193, 103
Trd, 4319267.893, 103
Trd, 4319270.543, 104
Trd, 4319270.943, 102
Trd, 4319271.943, 103
Trd, 4319272.093, 103
Trd, 4319275.393, 103
Trd, 4319275.843, 102
Trd, 4319277.043, 104
Trd, 4319277.143, 102
Trd, 4319279.143, 104
Trd, 4319279.343, 104
Trd, 4319284.493, 104
Trd, 4319284.893, 105
Trd, 4319286.393, 104
Trd, 4319286.793, 102
Trd, 4319287.493, 84
Trd, 4319288.993, 105
Trd, 4319293.443, 102
Trd, 4319294.193, 102
Trd, 4319295.643, 102
Trd, 4319296.243, 101
Trd, 4319298.293, 100
Trd, 4319299.943, 100
Trd, 4319302.093, 99
Trd, 4319305.193, 98
Trd, 4319306.993, 100
Trd, 4319308.093, 100
Trd, 4319309.593, 100
Trd, 4319312.093, 98
Trd, 4319312.243, 100
Trd, 4319317.593, 100
Trd, 4319317.743, 100
Trd, 4319318.143, 104
Trd, 4319318.743, 103
Trd, 4319319.943, 102
Trd, 4319320.843, 103
Trd, 4319322.293, 102
Trd, 4319324.493, 83
Trd, 4319327.093, 97
Trd, 4319327.793, 97
Trd, 4319329.043, 96
Trd, 4319331.993, 96
Trd, 4319333.093, 95
Trd, 4319334.343, 104
Trd, 4319337.243, 96
Trd, 4319339.043, 96
Trd, 4319341.743, 97
Trd, 4319342.393, 97
Trd, 4319342.993, 96
Trd, 4319344.193, 96
Trd, 4319347.293, 95
Trd, 4319350.093, 96
Trd, 4319351.193, 94
Trd, 4319353.193, 96
Trd, 4319355.193, 96
Trd, 4319356.143, 96
Trd, 4319358.593, 96
Trd, 4319359.043, 93
Trd, 4319363.943, 96
Trd, 4319364.343, 96
Trd, 4319364.443, 94
Trd, 4319365.943, 95
Trd, 4319366.693, 96
Trd, 4319367.343, 98
Trd, 4319368.243, 98
Trd, 4319369.393, 86
Trd, 4319369.643, 97
Trd, 4319373.393, 95
Trd, 4319374.543, 95
Trd, 4319375.643, 95
Trd, 4319375.743, 95
Trd, 4319377.393, 95
Trd, 4319377.943, 85
Trd, 4319379.243, 95
Trd, 4319381.293, 90
Trd, 4319383.043, 95
Trd, 4319384.493, 95
Trd, 4319385.693, 94
Trd, 4319389.543, 95
Trd, 4319389.843, 95
Trd, 4319393.743, 95
Trd, 4319394.393, 94
Trd, 4319396.593, 95
Trd, 4319399.243, 93
Trd, 4319401.843, 92
Trd, 4319402.093, 95
Trd, 4319407.693, 95
Trd, 4319407.893, 93
Trd, 4319410.893, 95
Trd, 4319412.843, 93
Trd, 4319413.343, 95
Trd, 4319414.543, 95
Trd, 4319416.543, 95
Trd, 4319418.143, 95
Trd, 4319419.693, 95
Trd, 4319421.743, 97
Trd, 4319424.243, 96
Trd, 4319424.493, 94
Trd, 4319427.593, 92
Trd, 4319428.143, 96
Trd, 4319433.393, 96
Trd, 4319434.293, 96
Trd, 4319434.443, 93
Trd, 4319435.093, 93
Trd, 4319437.843, 95
Trd, 4319438.593, 104
Trd, 4319442.043, 97
Trd, 4319444.693, 94
Trd, 4319447.893, 95
Trd, 4319448.843, 97
Trd, 4319448.993, 97
Trd, 4319450.093, 113
Trd, 4319452.143, 97
Trd, 4319454.043, 101
Trd, 4319457.093, 101
Trd, 4319458.343, 100
Trd, 4319459.393, 101
Trd, 4319462.743, 99
Trd, 4319463.343, 101
Trd, 4319464.843, 101
Trd, 4319465.993, 101
Trd, 4319468.143, 102
Trd, 4319468.293, 101
Trd, 4319469.993, 101
Trd, 4319471.243, 101
Trd, 4319473.843, 103
Trd, 4319475.043, 102
Trd, 4319478.743, 102
Trd, 4319478.993, 101
Trd, 4319481.093, 101
Trd, 4319486.343, 102
Trd, 4319486.593, 102
Trd, 4319487.593, 101
Trd, 4319490.043, 102
Trd, 4319494.243, 102
Trd, 4319495.293, 102
Trd, 4319497.643, 101
Trd, 4319497.893, 102
Trd, 4319501.243, 102
Trd, 4319503.443, 102
Trd, 4319503.493, 100
Trd, 4319504.493, 104
Trd, 4319506.293, 103
Trd, 4319509.043, 103
Trd, 4319510.943, 102
Trd, 4319512.443, 103
Trd, 4319515.043, 102
Trd, 4319516.993, 103
Trd, 4319518.593, 103
Trd, 4319518.793, 102
Trd, 4319521.443, 104
Trd, 4319523.843, 101
Trd, 4319526.543, 103
Trd, 4319526.593, 103
Trd, 4319528.643, 103
Trd, 4319528.793, 102
Trd, 4319531.493, 103
Trd, 4319533.193, 102
Trd, 4319537.343, 103
Trd, 4319537.593, 103
Trd, 4319538.493, 101
Trd, 4319539.543, 102
Trd, 4319540.293, 102
Trd, 4319541.993, 104
Trd, 4319543.343, 103
Trd, 4319545.543, 101
Trd, 4319547.693, 103
Trd, 4319551.943, 103
Trd, 4319552.043, 102
Trd, 4319554.393, 104
Trd, 4319556.543, 103
Trd, 4319559.193, 104
Trd, 4319560.593, 103
Trd, 4319560.943, 104
Trd, 4319563.093, 102
Trd, 4319563.943, 104
Trd, 4319566.093, 104
Trd, 4319571.193, 103
Trd, 4319574.093, 104
Trd, 4319576.793, 104
Trd, 4319577.293, 104
Trd, 4319577.643, 104
Trd, 4319577.793, 103
Trd, 4319580.343, 104
Trd, 4319582.093, 102
Trd, 4319585.393, 101
Trd, 4319586.343, 103
Trd, 4319589.243, 100
Trd, 4319593.593, 102
Trd, 4319593.893, 101
Trd, 4319594.743, 104
Trd, 4319596.293, 100
Trd, 4319601.743, 101
Trd, 4319602.543, 100
Trd, 4319603.693, 100
Trd, 4319603.993, 100
Trd, 4319605.293, 99
Trd, 4319610.343, 100
Trd, 4319611.493, 98
Trd, 4319612.643, 100
Trd, 4319614.043, 100
Trd, 4319618.043, 100
Trd, 4319618.593, 98
Trd, 4319619.293, 100
Trd, 4319620.493, 96
Trd, 4319628.343, 100
Trd, 4319628.393, 100
Trd, 4319628.743, 99
Trd, 4319629.243, 100
Trd, 4319630.793, 99
Trd, 4319630.893, 104
Trd, 4319632.593, 98
Trd, 4319636.543, 97
Trd, 4319638.643, 98
Trd, 4319640.793, 98
Trd, 4319641.343, 97
Trd, 4319642.293, 98
Trd, 4319642.943, 97
Trd, 4319645.893, 99
Trd, 4319646.593, 99
Trd, 4319648.593, 98
Trd, 4319650.343, 99
Trd, 4319651.243, 97
Trd, 4319654.193, 99
Trd, 4319655.393, 99
Trd, 4319657.843, 98
Trd, 4319658.593, 99
Trd, 4319659.193, 97
Trd, 4319659.793, 99
Trd, 4319661.443, 99
Trd, 4319661.693, 104
Trd, 4319666.843, 100
Trd, 4319667.593, 98
Trd, 4319668.593, 100
Trd, 4319669.393, 100
Trd, 4319670.493, 100
Trd, 4319674.143, 100
Trd, 4319675.243, 99
Trd, 4319676.643, 100
Trd, 4319677.993, 100
Trd, 4319678.343, 99
Trd, 4319680.593, 99
Trd, 4319684.543, 100
Trd, 4319685.043, 100
Trd, 4319687.843, 99
Trd, 4319688.543, 100
Trd, 4319688.693, 100
Trd, 4319690.043, 99
Trd, 4319692.743, 100
Trd, 4319694.243, 100
Trd, 4319696.443, 100
Trd, 4319697.143, 100
Trd, 4319698.793, 104
Trd, 4319699.943, 103
Trd, 4319700.043, 103
Trd, 4319704.093, 103
Trd, 4319704.143, 89
Trd, 4319705.993, 103
Trd, 4319706.243, 98
Trd, 4319708.093, 101
Trd, 4319709.243, 101
Trd, 4319712.343, 103
Trd, 4319713.193, 101
Trd, 4319713.793, 100
Trd, 4319716.193, 101
Trd, 4319717.843, 99
Trd, 4319718.793, 101
Trd, 4319718.943, 100
Trd, 4319720.593, 114
Trd, 4319721.843, 98
Trd, 4319727.443, 103
Trd, 4319728.093, 103
Trd, 4319729.193, 103
Trd, 4319732.693, 102
Trd, 4319734.093, 102
Trd, 4319734.293, 103
Trd, 4319735.293, 104
Trd, 4319738.643, 104
Trd, 4319739.993, 103
Trd, 4319743.143, 104
Trd, 4319744.143, 102
Trd, 4319744.593, 104
Trd, 4319750.293, 104
Trd, 4319750.543, 104
Trd, 4319751.793, 104
Trd, 4319752.043, 103
Trd, 4319752.093, 85
Trd, 4319754.143, 102
Trd, 4319755.743, 102
Trd, 4319757.693, 102
Trd, 4319758.943, 115
Trd, 4319762.093, 102
Trd, 4319766.043, 105
Trd, 4319769.193, 103
Trd, 4319771.343, 104
Trd, 4319773.893, 104
Trd, 4319774.793, 103
Trd, 4319776.193, 104
Trd, 4319778.393, 103
Trd, 4319778.743, 103
Trd, 4319781.193, 103
Trd, 4319782.693, 104
Trd, 4319784.293, 104
Trd, 4319784.943, 102
Trd, 4319787.943, 103
Trd, 4319789.193, 103
Trd, 4319790.843, 103
Trd, 4319792.043, 103
Trd, 4319794.893, 102
Trd, 4319795.393, 103
Trd, 4319799.493, 103
Trd, 4319800.093, 102
Trd, 4319801.793, 103
Trd, 4319802.293, 102
Trd, 4319802.793, 101
Trd, 4319804.343, 97
Trd, 4319806.343, 98
Trd, 4319806.393, 104
Trd, 4319807.593, 102
Trd, 4319809.793, 102
Trd, 4319810.493, 102
Trd, 4319811.743, 102
Trd, 4319814.493, 102
Trd, 4319815.393, 101
Trd, 4319816.793, 102
Trd, 4319817.993, 102
Trd, 4319820.793, 101
Trd, 4319822.243, 102
Trd, 4319822.743, 101
Trd, 4319824.393, 104
Trd, 4319825.743, 103
Trd, 4319826.343, 102
Trd, 4319827.143, 100
Trd, 4319832.043, 103
Trd, 4319833.143, 103
Trd, 4319835.743, 104
Trd, 4319839.743, 103
Trd, 4319841.193, 104
Trd, 4319841.243, 105
Trd, 4319842.593, 101
Trd, 4319843.993, 101
Trd, 4319847.793, 104
Trd, 4319851.443, 104
Trd, 4319851.543, 100
Trd, 4319854.993, 104
Trd, 4319857.493, 101
Trd, 4319862.193, 104
Trd, 4319863.493, 104
Trd, 4319865.043, 104
Trd, 4319866.743, 103
Trd, 4319871.843, 104
Trd, 4319873.943, 103
Trd, 4319875.293, 104
Trd, 4319875.543, 104
Trd, 4319877.243, 103
Trd, 4319877.893, 102
Trd, 4319879.943, 102
Trd, 4319879.993, 104
Trd, 4319880.493, 85
Trd, 4319885.543, 102
Trd, 4319887.093, 99
Trd, 4319887.693, 100
Trd, 4319889.443, 101
Trd, 4319890.193, 102
Trd, 4319893.243, 103
Trd, 4319893.293, 104
Trd, 4319894.193, 103
Trd, 4319894.343, 103
Trd, 4319896.493, 104
Trd, 4319897.793, 104
Trd, 4319898.843, 103
Trd, 4319901.293, 113
Trd, 4319905.643, 104
Trd, 4319908.743, 106
Trd, 4319913.643, 104
Trd, 4319913.743, 105
Trd, 4319917.243, 103
Trd, 4319917.543, 105
Trd, 4319921.393, 103
Trd, 4319923.493, 105
Trd, 4319926.693, 104
Trd, 4319927.493, 105
Trd, 4319931.193, 105
Trd, 4319931.243, 103
Trd, 4319934.643, 104
Trd, 4319934.993, 104
Trd, 4319937.093, 103
Trd, 4319939.293, 104
Trd, 4319941.843, 104
Trd, 4319943.943, 104
Trd, 4319945.693, 103
Trd, 4319946.693, 104
Trd, 4319949.193, 104
Trd, 4319949.643, 104
Trd, 4319950.593, 102
Trd, 4319952.093, 100
Trd, 4319953.543, 99
Trd, 4319955.593, 100
Trd, 4319956.043, 100
Trd, 4319958.493, 99
Trd, 4319959.243, 98
Trd, 4319959.993, 104
Trd, 4319961.293, 101
Trd, 4319964.593, 100
Trd, 4319965.543, 101
Trd, 4319965.693, 98
Trd, 4319966.593, 100
Trd, 4319970.743, 100
Trd, 4319972.893, 99
Trd, 4319973.093, 113
Trd, 4319973.543, 98
Trd, 4319976.543, 97
Trd, 4319978.643, 101
Trd, 4319980.893, 101
Trd, 4319982.293, 100
Trd, 4319982.943, 113
Trd, 4319985.943, 104
Trd, 4319986.443, 105
Trd, 4319987.593, 104
Trd, 4319988.043, 103
Trd, 4319991.043, 103
Trd, 4319991.143, 104
Trd, 4319994.343, 102
Trd, 4319998.393, 104
Trd, 4319998.643, 104
Trd, 4319999.093, 102
