Trd, 4317892.943, 100
Trd, 4317893.193, 94
Trd, 4317896.143, 100
Trd, 4317896.243, 100
Trd, 4317896.643, 104
Trd, 4317897.943, 96
Trd, 4317899.943, 96
Trd, 4317900.293, 95
Trd, 4317901.343, 99
Trd, 4317901.793, 99
Trd, 4317903.093, 94
Trd, 4317903.193, 104
Trd, 4317905.693, 94
Trd, 4317906.743, 95
Trd, 4317907.893, 94
Trd, 4317908.893, 93
Trd, 4317910.993, 93
Trd, 4317911.643, 98
Trd, 4317912.093, 94
Trd, 4317914.493, 104
Trd, 4317915.193, 98
Trd, 4317916.193, 100
Trd, 4317917.393, 98
Trd, 4317919.743, 98
Trd, 4317919.993, 97
Trd, 4317920.143, 99
Trd, 4317920.793, 104
Trd, 4317923.843, 85
Trd, 4317925.993, 95
Trd, 4317926.893, 95
Trd, 4317927.693, 95
Trd, 4317928.193, 96
Trd, 4317928.743, 102
Trd, 4317931.143, 96
Trd, 4317931.793, 99
Trd, 4317934.443, 98
Trd, 4317934.493, 95
Trd, 4317936.793, 98
Trd, 4317939.693, 97
Trd, 4317939.993, 94
Trd, 4317943.643, 95
Trd, 4317943.693, 97
Trd, 4317944.143, 104
Trd, 4317944.693, 107
Trd, 4317945.393, 93
Trd, 4317946.143, 100
Trd, 4317950.193, 98
Trd, 4317951.193, 101
Trd, 4317951.643, 99
Trd, 4317953.993, 98
Trd, 4317954.193, 94
Trd, 4317955.793, 101
Trd, 4317959.643, 95
Trd, 4317959.893, 95
Trd, 4317959.993, 96
Trd, 4317960.293, 93
Trd, 4317961.493, 89
Trd, 4317961.643, 90
Trd, 4317962.693, 85
Trd, 4317964.393, 95
Trd, 4317965.693, 104
Trd, 4317967.143, 98
Trd, 4317967.493, 96
Trd, 4317967.943, 105
Trd, 4317969.293, 99
Trd, 4317971.043, 99
Trd, 4317971.193, 94
Trd, 4317972.693, 103
Trd, 4317973.793, 102
Trd, 4317974.993, 111
Trd, 4317976.893, 103
Trd, 4317978.993, 99
Trd, 4317979.093, 101
Trd, 4317979.643, 100
Trd, 4317982.893, 94
Trd, 4317983.893, 99
Trd, 4317984.493, 106
Trd, 4317986.343, 97
Trd, 4317987.043, 98
Trd, 4317987.443, 98
Trd, 4317987.493, 96
Trd, 4317990.543, 94
Trd, 4317991.743, 96
Trd, 4317992.793, 93
Trd, 4317993.893, 92
Trd, 4317995.493, 82
Trd, 4317996.043, 86
Trd, 4317997.143, 85
Trd, 4317997.843, 100
Trd, 4317998.543, 90
Trd, 4318000.943, 92
Trd, 4318000.993, 92
Trd, 4318001.293, 104
Trd, 4318002.143, 98
Trd, 4318005.593, 94
Trd, 4318006.043, 91
Trd, 4318007.993, 102
Trd, 4318010.043, 94
Trd, 4318012.093, 95
Trd, 4318013.293, 93
Trd, 4318014.343, 93
Trd, 4318018.843, 93
Trd, 4318018.943, 105
Trd, 4318019.543, 110
Trd, 4318020.743, 100
Trd, 4318021.243, 99
Trd, 4318021.843, 101
Trd, 4318022.243, 96
Trd, 4318023.243, 101
Trd, 4318024.893, 98
Trd, 4318027.243, 98
Trd, 4318027.493, 93
Trd, 4318030.493, 98
Trd, 4318031.443, 95
Trd, 4318032.093, 97
Trd, 4318032.993, 96
Trd, 4318033.043, 94
Trd, 4318035.293, 95
Trd, 4318037.293, 96
Trd, 4318037.393, 104
Trd, 4318039.843, 98
Trd, 4318040.443, 95
Trd, 4318040.593, 98
Trd, 4318043.943, 96
Trd, 4318046.843, 95
Trd, 4318046.943, 96
Trd, 4318048.543, 94
Trd, 4318048.943, 94
Trd, 4318049.143, 95
Trd, 4318052.643, 101
Trd, 4318053.093, 104
Trd, 4318053.443, 99
Trd, 4318053.593, 118
Trd, 4318053.843, 95
Trd, 4318056.993, 101
Trd, 4318057.893, 93
Trd, 4318058.843, 98
Trd, 4318060.143, 98
Trd, 4318060.193, 96
Trd, 4318061.243, 85
Trd, 4318062.093, 93
Trd, 4318064.093, 94
Trd, 4318065.493, 103
Trd, 4318067.393, 95
Trd, 4318068.293, 93
Trd, 4318068.343, 95
Trd, 4318069.943, 96
Trd, 4318070.293, 97
Trd, 4318070.893, 96
Trd, 4318073.443, 97
Trd, 4318074.693, 96
Trd, 4318074.893, 97
Trd, 4318075.893, 91
Trd, 4318077.943, 96
Trd, 4318078.943, 98
Trd, 4318081.943, 96
Trd, 4318086.043, 95
Trd, 4318086.943, 94
Trd, 4318087.293, 95
Trd, 4318089.993, 94
Trd, 4318090.093, 93
Trd, 4318093.143, 94
Trd, 4318093.693, 92
Trd, 4318094.343, 93
Trd, 4318095.193, 96
Trd, 4318097.093, 91
Trd, 4318099.193, 93
Trd, 4318099.793, 93
Trd, 4318101.243, 93
Trd, 4318102.793, 91
Trd, 4318102.943, 92
Trd, 4318104.443, 92
Trd, 4318106.593, 111
Trd, 4318107.293, 96
Trd, 4318108.343, 95
Trd, 4318108.593, 98
Trd, 4318108.943, 93
Trd, 4318110.293, 105
Trd, 4318111.343, 85
Trd, 4318115.993, 92
Trd, 4318116.643, 96
Trd, 4318117.393, 96
Trd, 4318119.193, 104
Trd, 4318119.793, 105
Trd, 4318119.993, 117
Trd, 4318120.693, 90
Trd, 4318123.243, 97
Trd, 4318125.143, 96
Trd, 4318125.443, 96
Trd, 4318127.993, 89
Trd, 4318129.343, 96
Trd, 4318130.493, 92
Trd, 4318131.143, 95
Trd, 4318132.643, 94
Trd, 4318134.993, 93
Trd, 4318135.593, 104
Trd, 4318137.143, 90
Trd, 4318138.393, 95
Trd, 4318138.693, 96
Trd, 4318141.243, 95
Trd, 4318141.593, 104
Trd, 4318144.393, 95
Trd, 4318145.993, 95
Trd, 4318146.343, 95
Trd, 4318148.193, 95
Trd, 4318148.443, 95
Trd, 4318148.893, 92
Trd, 4318150.693, 104
Trd, 4318151.493, 98
Trd, 4318153.843, 95
Trd, 4318157.093, 95
Trd, 4318157.143, 95
Trd, 4318157.593, 91
Trd, 4318159.943, 94
Trd, 4318160.243, 94
Trd, 4318161.393, 95
Trd, 4318162.243, 90
Trd, 4318164.893, 92
Trd, 4318166.693, 92
Trd, 4318169.493, 92
Trd, 4318169.843, 90
Trd, 4318170.393, 92
Trd, 4318170.493, 95
Trd, 4318170.943, 104
Trd, 4318173.043, 97
Trd, 4318174.643, 93
Trd, 4318175.543, 96
Trd, 4318176.293, 96
Trd, 4318177.493, 93
Trd, 4318177.693, 104
Trd, 4318178.743, 95
Trd, 4318179.943, 92
Trd, 4318180.243, 92
Trd, 4318183.493, 91
Trd, 4318184.543, 91
Trd, 4318184.743, 92
Trd, 4318184.843, 101
Trd, 4318185.593, 94
Trd, 4318186.893, 95
Trd, 4318189.593, 97
Trd, 4318189.843, 99
Trd, 4318191.143, 98
Trd, 4318191.843, 92
Trd, 4318192.893, 98
Trd, 4318194.143, 104
Trd, 4318194.843, 96
Trd, 4318195.343, 92
Trd, 4318196.993, 95
Trd, 4318197.593, 96
Trd, 4318199.243, 97
Trd, 4318203.493, 96
Trd, 4318203.893, 96
Trd, 4318204.293, 96
Trd, 4318206.443, 92
Trd, 4318206.993, 93
Trd, 4318208.293, 94
Trd, 4318209.093, 93
Trd, 4318209.293, 92
Trd, 4318211.093, 92
Trd, 4318211.943, 85
Trd, 4318213.643, 91
Trd, 4318214.143, 92
Trd, 4318216.043, 90
Trd, 4318217.693, 92
Trd, 4318218.393, 93
Trd, 4318220.693, 89
Trd, 4318220.793, 93
Trd, 4318221.293, 84
Trd, 4318221.793, 95
Trd, 4318223.643, 104
Trd, 4318226.393, 95
Trd, 4318228.643, 95
Trd, 4318229.143, 98
Trd, 4318229.743, 97
Trd, 4318230.443, 93
Trd, 4318232.243, 92
Trd, 4318233.043, 96
Trd, 4318236.443, 95
Trd, 4318237.043, 95
Trd, 4318237.243, 96
Trd, 4318238.893, 95
Trd, 4318240.143, 96
Trd, 4318240.543, 92
Trd, 4318240.943, 101
Trd, 4318243.493, 92
Trd, 4318243.993, 97
Trd, 4318246.943, 97
Trd, 4318248.293, 95
Trd, 4318248.943, 94
Trd, 4318249.893, 94
Trd, 4318250.643, 96
Trd, 4318251.943, 94
Trd, 4318252.043, 98
Trd, 4318253.893, 98
Trd, 4318255.443, 96
Trd, 4318256.343, 95
Trd, 4318257.193, 95
Trd, 4318259.293, 95
Trd, 4318260.443, 96
Trd, 4318261.493, 94
Trd, 4318262.993, 99
Trd, 4318263.793, 92
Trd, 4318264.393, 85
Trd, 4318266.143, 92
Trd, 4318267.393, 92
Trd, 4318268.393, 93
Trd, 4318268.943, 91
Trd, 4318271.893, 93
Trd, 4318272.193, 104
Trd, 4318273.943, 93
Trd, 4318274.293, 92
Trd, 4318275.543, 101
Trd, 4318277.093, 94
Trd, 4318278.943, 96
Trd, 4318279.443, 95
Trd, 4318279.643, 104
Trd, 4318280.743, 99
Trd, 4318281.243, 113
Trd, 4318282.743, 100
Trd, 4318284.043, 104
Trd, 4318285.093, 100
Trd, 4318289.193, 97
Trd, 4318289.293, 98
Trd, 4318289.493, 98
Trd, 4318290.393, 85
Trd, 4318292.643, 94
Trd, 4318295.293, 95
Trd, 4318295.693, 95
Trd, 4318297.193, 95
Trd, 4318298.893, 95
Trd, 4318299.093, 104
Trd, 4318300.243, 93
Trd, 4318302.943, 96
Trd, 4318303.143, 93
Trd, 4318303.443, 96
Trd, 4318305.043, 94
Trd, 4318307.443, 94
Trd, 4318307.543, 94
Trd, 4318309.343, 105
Trd, 4318310.293, 95
Trd, 4318312.343, 92
Trd, 4318313.493, 96
Trd, 4318314.093, 94
Trd, 4318315.093, 93
Trd, 4318315.943, 91
Trd, 4318321.793, 94
Trd, 4318322.593, 94
Trd, 4318323.393, 94
Trd, 4318324.443, 95
Trd, 4318325.443, 96
Trd, 4318325.793, 91
Trd, 4318328.043, 95
Trd, 4318329.493, 95
Trd, 4318329.943, 95
Trd, 4318330.243, 90
Trd, 4318332.843, 95
Trd, 4318333.643, 94
Trd, 4318333.793, 95
Trd, 4318337.143, 91
Trd, 4318337.743, 95
Trd, 4318338.443, 95
Trd, 4318338.593, 95
Trd, 4318341.293, 94
Trd, 4318341.693, 93
Trd, 4318342.043, 90
Trd, 4318342.193, 95
Trd, 4318344.743, 89
Trd, 4318344.943, 94
Trd, 4318345.643, 99
Trd, 4318350.693, 95
Trd, 4318351.193, 94
Trd, 4318352.643, 95
Trd, 4318353.643, 96
Trd, 4318354.393, 96
Trd, 4318354.993, 104
Trd, 4318355.693, 95
Trd, 4318355.843, 93
Trd, 4318360.243, 94
Trd, 4318361.793, 94
Trd, 4318362.093, 93
Trd, 4318365.993, 93
Trd, 4318368.493, 93
Trd, 4318369.193, 92
Trd, 4318369.443, 93
Trd, 4318369.843, 92
Trd, 4318371.243, 95
Trd, 4318373.293, 92
Trd, 4318373.443, 93
Trd, 4318375.743, 92
Trd, 4318376.443, 92
Trd, 4318378.393, 92
Trd, 4318378.893, 95
Trd, 4318380.593, 94
Trd, 4318381.793, 104
Trd, 4318382.993, 98
Trd, 4318383.743, 103
Trd, 4318386.343, 98
Trd, 4318387.443, 97
Trd, 4318388.043, 97
Trd, 4318389.093, 98
Trd, 4318389.343, 96
Trd, 4318390.293, 85
Trd, 4318390.443, 97
Trd, 4318392.393, 96
Trd, 4318397.043, 93
Trd, 4318397.443, 95
Trd, 4318398.793, 95
Trd, 4318400.693, 95
Trd, 4318402.093, 92
Trd, 4318403.143, 91
Trd, 4318405.443, 91
Trd, 4318406.443, 92
Trd, 4318406.493, 93
Trd, 4318407.743, 102
Trd, 4318408.043, 85
Trd, 4318408.293, 96
Trd, 4318409.593, 96
Trd, 4318412.743, 96
Trd, 4318413.143, 93
Trd, 4318414.743, 92
Trd, 4318415.343, 90
Trd, 4318415.393, 94
Trd, 4318416.993, 91
Trd, 4318417.893, 91
Trd, 4318419.993, 92
Trd, 4318421.943, 97
Trd, 4318423.843, 93
Trd, 4318423.993, 94
Trd, 4318425.693, 95
Trd, 4318426.693, 92
Trd, 4318429.143, 91
Trd, 4318430.793, 95
Trd, 4318431.143, 79
Trd, 4318432.493, 95
Trd, 4318435.843, 92
Trd, 4318436.543, 94
Trd, 4318438.493, 94
Trd, 4318438.943, 88
Trd, 4318439.043, 99
Trd, 4318439.143, 98
Trd, 4318441.993, 91
Trd, 4318443.893, 93
Trd, 4318444.043, 93
Trd, 4318445.143, 93
Trd, 4318445.593, 90
Trd, 4318445.693, 99
Trd, 4318447.943, 95
Trd, 4318448.593, 95
Trd, 4318451.243, 96
Trd, 4318452.743, 95
Trd, 4318452.843, 96
Trd, 4318453.293, 96
Trd, 4318454.493, 91
Trd, 4318455.643, 97
Trd, 4318456.243, 104
Trd, 4318457.143, 97
Trd, 4318457.693, 110
Trd, 4318459.543, 97
Trd, 4318459.793, 101
Trd, 4318460.393, 122
Trd, 4318462.543, 85
Trd, 4318463.443, 100
Trd, 4318465.643, 97
Trd, 4318466.143, 95
Trd, 4318466.393, 98
Trd, 4318466.493, 98
Trd, 4318467.243, 84
Trd, 4318469.993, 99
Trd, 4318471.843, 99
Trd, 4318472.293, 99
Trd, 4318472.643, 96
Trd, 4318473.793, 102
Trd, 4318476.743, 94
Trd, 4318477.193, 100
Trd, 4318477.743, 100
Trd, 4318480.043, 95
Trd, 4318481.293, 96
Trd, 4318481.543, 100
Trd, 4318482.093, 93
Trd, 4318483.643, 121
Trd, 4318484.293, 101
Trd, 4318484.643, 99
Trd, 4318486.243, 99
Trd, 4318486.693, 99
Trd, 4318487.743, 105
Trd, 4318488.193, 85
Trd, 4318491.843, 93
Trd, 4318492.843, 95
Trd, 4318493.393, 94
Trd, 4318493.743, 91
Trd, 4318494.293, 94
Trd, 4318495.793, 93
Trd, 4318496.093, 96
Trd, 4318497.843, 77
Trd, 4318499.593, 94
Trd, 4318501.843, 93
Trd, 4318501.943, 93
Trd, 4318504.243, 90
Trd, 4318504.593, 92
Trd, 4318505.293, 92
Trd, 4318508.393, 92
Trd, 4318510.043, 90
Trd, 4318510.793, 92
Trd, 4318511.693, 91
Trd, 4318512.643, 91
Trd, 4318514.393, 91
Trd, 4318515.093, 89
Trd, 4318515.993, 91
Trd, 4318517.293, 92
Trd, 4318518.993, 96
Trd, 4318519.343, 93
Trd, 4318521.143, 88
Trd, 4318522.593, 93
Trd, 4318522.793, 95
Trd, 4318523.743, 94
Trd, 4318524.643, 87
Trd, 4318525.793, 105
Trd, 4318526.593, 105
Trd, 4318528.193, 100
Trd, 4318529.093, 96
Trd, 4318529.493, 98
Trd, 4318530.793, 99
Trd, 4318532.393, 98
Trd, 4318532.993, 96
Trd, 4318535.193, 94
Trd, 4318535.243, 96
Trd, 4318537.043, 96
Trd, 4318537.843, 97
Trd, 4318538.093, 104
Trd, 4318541.093, 96
Trd, 4318541.793, 95
Trd, 4318542.493, 96
Trd, 4318542.743, 92
Trd, 4318542.993, 104
Trd, 4318545.393, 92
Trd, 4318545.893, 99
Trd, 4318546.543, 99
Trd, 4318547.693, 98
Trd, 4318550.293, 93
Trd, 4318550.493, 95
Trd, 4318551.043, 94
Trd, 4318551.643, 93
Trd, 4318554.093, 94
Trd, 4318554.243, 92
Trd, 4318556.993, 94
Trd, 4318557.143, 101
Trd, 4318558.493, 95
Trd, 4318560.443, 95
Trd, 4318560.793, 95
Trd, 4318562.843, 92
Trd, 4318563.443, 89
Trd, 4318564.693, 90
Trd, 4318564.843, 97
Trd, 4318565.443, 77
Trd, 4318566.893, 88
Trd, 4318569.443, 87
Trd, 4318569.843, 88
Trd, 4318570.593, 84
Trd, 4318571.093, 101
Trd, 4318571.243, 113
Trd, 4318573.993, 92
Trd, 4318575.393, 91
Trd, 4318576.493, 106
Trd, 4318576.793, 99
Trd, 4318579.343, 95
Trd, 4318579.893, 93
Trd, 4318581.543, 92
Trd, 4318581.793, 84
Trd, 4318582.093, 94
Trd, 4318583.693, 94
Trd, 4318585.543, 94
Trd, 4318585.693, 101
Trd, 4318587.693, 95
Trd, 4318588.393, 100
Trd, 4318588.593, 93
Trd, 4318591.193, 97
Trd, 4318594.643, 98
Trd, 4318595.893, 97
Trd, 4318596.393, 95
Trd, 4318596.943, 97
Trd, 4318597.293, 97
Trd, 4318600.343, 98
Trd, 4318601.543, 81
Trd, 4318603.143, 92
Trd, 4318603.993, 92
Trd, 4318606.593, 93
Trd, 4318607.543, 90
Trd, 4318611.043, 92
Trd, 4318611.143, 93
Trd, 4318612.543, 93
Trd, 4318613.393, 89
Trd, 4318614.893, 93
Trd, 4318615.343, 93
Trd, 4318616.243, 88
Trd, 4318617.693, 98
Trd, 4318622.393, 93
Trd, 4318623.593, 90
Trd, 4318624.943, 93
Trd, 4318625.693, 95
Trd, 4318626.743, 93
Trd, 4318627.743, 98
Trd, 4318628.093, 94
Trd, 4318628.593, 96
Trd, 4318630.593, 104
Trd, 4318633.793, 97
Trd, 4318635.393, 93
Trd, 4318635.493, 98
Trd, 4318635.693, 99
Trd, 4318636.793, 92
Trd, 4318636.893, 101
Trd, 4318637.443, 118
Trd, 4318639.793, 99
Trd, 4318640.293, 98
Trd, 4318641.943, 96
Trd, 4318643.943, 96
Trd, 4318644.243, 102
Trd, 4318644.493, 98
Trd, 4318646.343, 98
Trd, 4318646.643, 105
Trd, 4318648.093, 114
Trd, 4318648.743, 96
Trd, 4318650.093, 93
Trd, 4318651.093, 89
Trd, 4318651.443, 88
Trd, 4318652.243, 88
Trd, 4318653.043, 85
Trd, 4318653.543, 102
Trd, 4318654.693, 94
Trd, 4318655.343, 90
Trd, 4318655.543, 105
Trd, 4318657.293, 99
Trd, 4318659.743, 91
Trd, 4318660.093, 94
Trd, 4318660.593, 89
Trd, 4318662.593, 95
Trd, 4318664.493, 94
Trd, 4318665.643, 94
Trd, 4318667.193, 99
Trd, 4318668.793, 105
Trd, 4318669.843, 89
Trd, 4318670.443, 100
Trd, 4318671.993, 89
Trd, 4318672.143, 96
Trd, 4318674.343, 96
Trd, 4318677.693, 96
Trd, 4318678.443, 97
Trd, 4318680.943, 93
Trd, 4318682.193, 94
Trd, 4318683.393, 94
Trd, 4318683.893, 92
Trd, 4318686.243, 94
Trd, 4318686.393, 95
Trd, 4318687.043, 104
Trd, 4318690.093, 91
Trd, 4318693.693, 95
Trd, 4318694.393, 94
Trd, 4318695.493, 104
Trd, 4318695.893, 95
Trd, 4318697.193, 94
Trd, 4318699.193, 85
Trd, 4318700.193, 90
Trd, 4318700.693, 89
Trd, 4318700.743, 113
Trd, 4318702.943, 98
Trd, 4318703.943, 95
Trd, 4318705.243, 92
Trd, 4318708.193, 93
Trd, 4318708.443, 92
Trd, 4318709.043, 95
Trd, 4318710.743, 92
Trd, 4318711.643, 93
Trd, 4318711.993, 93
Trd, 4318712.093, 104
Trd, 4318714.043, 96
Trd, 4318716.343, 91
Trd, 4318718.793, 94
Trd, 4318719.993, 92
Trd, 4318723.543, 90
Trd, 4318724.143, 92
Trd, 4318724.943, 96
Trd, 4318725.393, 94
Trd, 4318726.093, 96
Trd, 4318726.793, 95
Trd, 4318729.293, 100
Trd, 4318730.543, 97
Trd, 4318731.743, 101
Trd, 4318733.293, 100
Trd, 4318733.393, 99
Trd, 4318734.743, 96
Trd, 4318737.743, 95
Trd, 4318738.043, 94
Trd, 4318739.293, 96
Trd, 4318739.943, 95
Trd, 4318739.993, 104
Trd, 4318741.343, 96
Trd, 4318742.843, 98
Trd, 4318743.293, 98
Trd, 4318744.293, 94
Trd, 4318745.843, 97
Trd, 4318746.543, 95
Trd, 4318748.393, 93
Trd, 4318749.293, 92
Trd, 4318752.443, 89
Trd, 4318752.643, 89
Trd, 4318753.293, 90
Trd, 4318753.743, 91
Trd, 4318754.193, 104
Trd, 4318755.643, 89
Trd, 4318756.743, 93
Trd, 4318758.443, 85
Trd, 4318760.093, 93
Trd, 4318760.193, 98
Trd, 4318762.743, 88
Trd, 4318763.943, 94
Trd, 4318764.743, 94
Trd, 4318766.193, 95
Trd, 4318766.693, 98
Trd, 4318769.193, 92
Trd, 4318770.443, 94
Trd, 4318771.443, 94
Trd, 4318772.093, 95
Trd, 4318775.543, 96
Trd, 4318776.143, 91
Trd, 4318776.193, 96
Trd, 4318778.593, 95
Trd, 4318780.343, 104
Trd, 4318780.493, 90
Trd, 4318781.943, 96
Trd, 4318784.943, 94
Trd, 4318785.643, 89
Trd, 4318786.043, 95
Trd, 4318788.993, 93
Trd, 4318789.643, 92
Trd, 4318790.243, 97
Trd, 4318792.493, 93
Trd, 4318792.693, 89
Trd, 4318793.843, 93
Trd, 4318794.343, 96
Trd, 4318797.593, 104
Trd, 4318800.443, 94
Trd, 4318802.143, 96
Trd, 4318802.193, 93
Trd, 4318802.493, 96
Trd, 4318803.843, 93
Trd, 4318803.943, 94
Trd, 4318805.343, 99
Trd, 4318805.393, 92
Trd, 4318810.443, 92
Trd, 4318811.643, 91
Trd, 4318812.643, 90
Trd, 4318812.693, 91
Trd, 4318812.893, 95
Trd, 4318813.343, 104
Trd, 4318815.293, 96
Trd, 4318816.693, 96
Trd, 4318817.293, 89
Trd, 4318820.593, 91
Trd, 4318821.343, 88
Trd, 4318821.643, 89
Trd, 4318823.343, 75
Trd, 4318823.443, 87
Trd, 4318824.243, 95
Trd, 4318825.893, 89
Trd, 4318827.993, 88
Trd, 4318828.793, 99
Trd, 4318829.443, 110
Trd, 4318830.693, 95
Trd, 4318831.343, 92
Trd, 4318832.593, 95
Trd, 4318832.893, 95
Trd, 4318833.943, 96
Trd, 4318834.093, 94
Trd, 4318836.493, 96
Trd, 4318837.443, 96
Trd, 4318838.143, 101
Trd, 4318839.293, 93
Trd, 4318839.643, 106
Trd, 4318841.693, 115
Trd, 4318842.193, 99
Trd, 4318845.193, 95
Trd, 4318846.043, 92
Trd, 4318846.893, 91
Trd, 4318848.143, 91
Trd, 4318848.193, 92
Trd, 4318848.693, 122
Trd, 4318849.093, 98
Trd, 4318849.593, 109
Trd, 4318849.993, 95
Trd, 4318851.493, 99
Trd, 4318851.893, 85
Trd, 4318853.593, 96
Trd, 4318855.493, 95
Trd, 4318857.143, 96
Trd, 4318857.443, 94
Trd, 4318858.443, 96
Trd, 4318861.793, 96
Trd, 4318863.143, 93
Trd, 4318865.343, 92
Trd, 4318866.643, 96
Trd, 4318867.893, 96
Trd, 4318868.293, 95
Trd, 4318868.493, 104
Trd, 4318871.493, 93
Trd, 4318871.543, 93
Trd, 4318872.293, 92
Trd, 4318873.943, 93
Trd, 4318873.993, 94
Trd, 4318874.593, 96
Trd, 4318874.793, 105
Trd, 4318876.993, 92
Trd, 4318878.493, 93
Trd, 4318879.343, 93
Trd, 4318880.093, 91
Trd, 4318880.393, 95
Trd, 4318881.843, 95
Trd, 4318883.143, 98
Trd, 4318885.993, 94
Trd, 4318887.793, 91
Trd, 4318887.843, 93
Trd, 4318888.793, 94
Trd, 4318890.643, 93
Trd, 4318893.443, 92
Trd, 4318893.643, 92
Trd, 4318893.943, 90
Trd, 4318894.893, 92
Trd, 4318895.843, 95
Trd, 4318898.543, 89
Trd, 4318899.043, 93
Trd, 4318899.193, 94
Trd, 4318900.543, 85
Trd, 4318900.643, 94
Trd, 4318900.993, 95
Trd, 4318903.793, 94
Trd, 4318904.593, 94
Trd, 4318905.193, 96
Trd, 4318909.343, 88
Trd, 4318909.643, 93
Trd, 4318910.543, 92
Trd, 4318910.993, 92
Trd, 4318912.293, 102
Trd, 4318913.793, 92
Trd, 4318914.943, 96
Trd, 4318916.293, 96
Trd, 4318918.543, 89
Trd, 4318919.743, 93
Trd, 4318919.793, 94
Trd, 4318921.493, 93
Trd, 4318921.693, 95
Trd, 4318922.193, 92
Trd, 4318926.043, 95
Trd, 4318926.693, 99
Trd, 4318926.893, 105
Trd, 4318929.743, 91
Trd, 4318932.593, 90
Trd, 4318933.043, 93
Trd, 4318934.943, 92
Trd, 4318934.993, 92
Trd, 4318936.493, 91
Trd, 4318938.193, 92
Trd, 4318938.843, 92
Trd, 4318939.743, 99
Trd, 4318940.493, 95
Trd, 4318941.193, 95
Trd, 4318943.643, 95
Trd, 4318944.793, 91
Trd, 4318946.293, 95
Trd, 4318949.243, 94
Trd, 4318949.893, 90
Trd, 4318950.643, 95
Trd, 4318952.543, 89
Trd, 4318952.743, 93
Trd, 4318954.743, 91
Trd, 4318956.043, 93
Trd, 4318956.143, 100
Trd, 4318958.793, 94
Trd, 4318959.043, 93
Trd, 4318959.093, 95
Trd, 4318961.843, 96
Trd, 4318962.193, 104
Trd, 4318965.043, 95
Trd, 4318965.393, 93
Trd, 4318967.343, 96
Trd, 4318968.043, 96
Trd, 4318968.693, 100
Trd, 4318968.743, 104
Trd, 4318970.493, 92
Trd, 4318971.993, 99
Trd, 4318974.943, 91
Trd, 4318975.393, 99
Trd, 4318976.943, 96
Trd, 4318977.693, 91
Trd, 4318978.893, 94
Trd, 4318981.693, 90
Trd, 4318982.593, 94
Trd, 4318983.693, 94
Trd, 4318986.943, 94
Trd, 4318987.543, 93
Trd, 4318988.693, 97
Trd, 4318989.443, 95
Trd, 4318989.543, 89
Trd, 4318990.293, 95
Trd, 4318991.643, 104
Trd, 4318992.643, 108
Trd, 4318994.793, 96
Trd, 4318996.393, 92
Trd, 4318996.643, 95
Trd, 4318997.893, 91
Trd, 4318998.193, 91
Trd, 4319000.343, 92
Trd, 4319002.393, 92
Trd, 4319003.593, 93
Trd, 4319006.393, 92
Trd, 4319006.693, 94
Trd, 4319007.943, 97
Trd, 4319008.593, 96
Trd, 4319010.193, 95
Trd, 4319011.343, 96
Trd, 4319015.743, 94
Trd, 4319016.193, 95
Trd, 4319016.393, 95
Trd, 4319017.493, 93
Trd, 4319019.943, 92
Trd, 4319020.893, 94
Trd, 4319021.293, 95
Trd, 4319021.643, 95
Trd, 4319022.543, 95
Trd, 4319025.893, 95
Trd, 4319026.543, 93
Trd, 4319026.743, 91
Trd, 4319027.143, 119
Trd, 4319030.943, 96
Trd, 4319031.643, 90
Trd, 4319031.743, 99
Trd, 4319032.943, 95
Trd, 4319033.643, 96
Trd, 4319035.693, 95
Trd, 4319036.143, 97
Trd, 4319037.443, 93
Trd, 4319038.893, 92
Trd, 4319040.293, 95
Trd, 4319041.943, 94
Trd, 4319042.493, 94
Trd, 4319043.893, 95
Trd, 4319044.743, 99
Trd, 4319045.293, 104
Trd, 4319045.593, 102
Trd, 4319048.493, 97
Trd, 4319050.243, 99
Trd, 4319050.643, 99
Trd, 4319053.893, 96
Trd, 4319053.993, 94
Trd, 4319054.543, 95
Trd, 4319055.943, 94
Trd, 4319058.193, 94
Trd, 4319058.943, 100
Trd, 4319059.093, 105
Trd, 4319059.293, 85
Trd, 4319063.493, 97
Trd, 4319063.893, 96
Trd, 4319065.093, 95
Trd, 4319066.843, 95
Trd, 4319067.543, 95
Trd, 4319069.843, 105
Trd, 4319070.293, 97
Trd, 4319071.193, 94
Trd, 4319071.693, 100
Trd, 4319071.943, 84
Trd, 4319072.743, 75
Trd, 4319073.243, 100
Trd, 4319074.293, 98
Trd, 4319074.593, 102
Trd, 4319076.193, 101
Trd, 4319080.143, 99
Trd, 4319080.443, 92
Trd, 4319082.093, 99
Trd, 4319083.643, 98
Trd, 4319084.393, 101
Trd, 4319085.193, 94
Trd, 4319088.043, 98
Trd, 4319089.393, 97
Trd, 4319090.093, 97
Trd, 4319090.193, 104
Trd, 4319090.843, 111
Trd, 4319091.043, 95
Trd, 4319092.693, 97
Trd, 4319093.143, 93
Trd, 4319095.293, 100
Trd, 4319096.243, 100
Trd, 4319098.593, 98
Trd, 4319099.843, 98
Trd, 4319099.893, 105
Trd, 4319100.943, 99
Trd, 4319104.143, 94
Trd, 4319104.643, 93
Trd, 4319106.293, 93
Trd, 4319107.093, 93
Trd, 4319108.443, 92
Trd, 4319109.943, 93
Trd, 4319110.043, 94
Trd, 4319113.543, 88
Trd, 4319114.043, 89
Trd, 4319114.543, 91
Trd, 4319115.243, 99
Trd, 4319116.543, 92
Trd, 4319117.443, 90
Trd, 4319117.543, 93
Trd, 4319119.243, 96
Trd, 4319122.143, 94
Trd, 4319122.393, 96
Trd, 4319122.693, 85
Trd, 4319124.643, 95
Trd, 4319125.693, 95
Trd, 4319126.493, 95
Trd, 4319128.093, 104
Trd, 4319128.443, 92
Trd, 4319129.293, 97
Trd, 4319130.593, 96
Trd, 4319133.943, 95
Trd, 4319134.643, 96
Trd, 4319134.943, 97
Trd, 4319135.093, 84
Trd, 4319136.743, 92
Trd, 4319137.293, 96
Trd, 4319138.443, 96
Trd, 4319138.793, 101
Trd, 4319140.593, 105
Trd, 4319140.643, 117
Trd, 4319143.643, 98
Trd, 4319143.843, 97
Trd, 4319144.943, 99
Trd, 4319145.843, 104
Trd, 4319147.193, 94
Trd, 4319149.093, 97
Trd, 4319149.143, 96
Trd, 4319149.643, 93
Trd, 4319151.543, 93
Trd, 4319153.393, 93
Trd, 4319153.543, 93
Trd, 4319156.393, 93
Trd, 4319156.443, 93
Trd, 4319158.043, 96
Trd, 4319159.243, 96
Trd, 4319159.893, 104
Trd, 4319164.543, 93
Trd, 4319164.793, 94
Trd, 4319164.843, 95
Trd, 4319165.393, 92
Trd, 4319167.543, 95
Trd, 4319169.343, 94
Trd, 4319170.693, 95
Trd, 4319170.843, 104
Trd, 4319173.843, 97
Trd, 4319175.243, 94
Trd, 4319175.693, 98
Trd, 4319175.893, 98
Trd, 4319177.093, 98
Trd, 4319177.743, 94
Trd, 4319178.493, 97
Trd, 4319178.693, 93
Trd, 4319179.193, 101
Trd, 4319181.093, 95
Trd, 4319182.393, 115
Trd, 4319182.743, 103
Trd, 4319183.893, 94
Trd, 4319184.643, 109
Trd, 4319185.793, 99
Trd, 4319186.293, 93
Trd, 4319186.943, 102
Trd, 4319188.343, 110
Trd, 4319189.293, 100
Trd, 4319189.693, 102
Trd, 4319190.593, 93
Trd, 4319193.593, 95
Trd, 4319193.793, 96
Trd, 4319194.943, 85
Trd, 4319195.193, 95
Trd, 4319197.243, 94
Trd, 4319198.743, 95
Trd, 4319199.793, 113
Trd, 4319199.843, 94
Trd, 4319201.693, 95
Trd, 4319202.093, 97
Trd, 4319203.243, 101
Trd, 4319203.493, 84
Trd, 4319206.043, 98
Trd, 4319206.193, 91
Trd, 4319207.843, 100
Trd, 4319208.343, 116
Trd, 4319208.543, 100
Trd, 4319209.043, 100
Trd, 4319210.343, 97
Trd, 4319210.743, 100
Trd, 4319215.143, 97
Trd, 4319215.793, 96
Trd, 4319217.993, 96
Trd, 4319218.843, 95
Trd, 4319219.293, 93
Trd, 4319220.593, 95
Trd, 4319221.593, 93
Trd, 4319221.743, 96
Trd, 4319223.993, 96
Trd, 4319225.593, 92
Trd, 4319227.143, 96
Trd, 4319227.343, 97
Trd, 4319227.643, 91
Trd, 4319228.893, 96
Trd, 4319232.443, 96
Trd, 4319233.093, 96
Trd, 4319233.143, 90
Trd, 4319237.043, 95
Trd, 4319237.093, 95
Trd, 4319237.643, 91
Trd, 4319237.793, 95
Trd, 4319241.393, 90
Trd, 4319243.093, 95
Trd, 4319245.993, 94
Trd, 4319247.543, 95
Trd, 4319249.843, 94
Trd, 4319250.043, 94
Trd, 4319250.493, 102
Trd, 4319252.643, 97
Trd, 4319253.193, 97
Trd, 4319255.043, 94
Trd, 4319255.843, 98
Trd, 4319257.643, 95
Trd, 4319258.493, 94
Trd, 4319259.393, 94
Trd, 4319259.543, 95
Trd, 4319261.693, 85
Trd, 4319262.043, 95
Trd, 4319262.993, 94
Trd, 4319264.543, 95
Trd, 4319264.743, 95
Trd, 4319267.143, 95
Trd, 4319268.043, 94
Trd, 4319268.643, 95
Trd, 4319269.843, 98
Trd, 4319271.643, 99
Trd, 4319271.993, 94
Trd, 4319276.443, 97
Trd, 4319277.843, 96
Trd, 4319278.293, 95
Trd, 4319278.443, 96
Trd, 4319281.893, 96
Trd, 4319283.893, 95
Trd, 4319284.143, 96
Trd, 4319284.643, 104
Trd, 4319286.043, 94
Trd, 4319286.493, 95
Trd, 4319286.693, 96
Trd, 4319287.493, 96
Trd, 4319291.143, 95
Trd, 4319291.393, 93
Trd, 4319291.593, 96
Trd, 4319292.843, 94
Trd, 4319294.943, 92
Trd, 4319298.193, 94
Trd, 4319298.443, 94
Trd, 4319298.643, 95
Trd, 4319298.893, 95
Trd, 4319299.393, 104
Trd, 4319300.893, 91
Trd, 4319302.143, 99
Trd, 4319303.843, 98
Trd, 4319304.293, 100
Trd, 4319306.393, 92
Trd, 4319308.093, 96
Trd, 4319308.893, 97
Trd, 4319309.293, 92
Trd, 4319309.493, 97
Trd, 4319310.443, 101
Trd, 4319311.843, 101
Trd, 4319312.343, 104
Trd, 4319316.143, 95
Trd, 4319317.193, 94
Trd, 4319319.693, 95
Trd, 4319319.843, 95
Trd, 4319320.493, 92
Trd, 4319321.743, 95
Trd, 4319322.943, 95
Trd, 4319324.593, 93
Trd, 4319324.843, 104
Trd, 4319326.993, 97
Trd, 4319328.043, 95
Trd, 4319329.293, 92
Trd, 4319332.293, 95
Trd, 4319332.743, 95
Trd, 4319334.643, 91
Trd, 4319335.743, 94
Trd, 4319337.193, 93
Trd, 4319337.443, 92
Trd, 4319338.293, 91
Trd, 4319339.343, 99
Trd, 4319343.393, 94
Trd, 4319344.593, 94
Trd, 4319344.893, 97
Trd, 4319348.843, 94
Trd, 4319349.543, 95
Trd, 4319349.743, 93
Trd, 4319350.293, 99
Trd, 4319351.043, 104
Trd, 4319354.193, 96
Trd, 4319354.293, 96
Trd, 4319355.193, 96
Trd, 4319355.793, 100
Trd, 4319357.643, 96
Trd, 4319360.943, 96
Trd, 4319361.993, 96
Trd, 4319364.243, 96
Trd, 4319364.993, 96
Trd, 4319366.143, 96
Trd, 4319366.993, 95
Trd, 4319369.593, 94
Trd, 4319370.193, 95
Trd, 4319370.843, 85
Trd, 4319371.143, 104
Trd, 4319372.493, 91
Trd, 4319373.343, 93
Trd, 4319374.943, 93
Trd, 4319376.693, 94
Trd, 4319377.193, 90
Trd, 4319377.693, 98
Trd, 4319378.793, 96
Trd, 4319379.693, 95
Trd, 4319379.993, 94
Trd, 4319381.293, 104
Trd, 4319382.993, 102
Trd, 4319383.893, 94
Trd, 4319388.293, 93
Trd, 4319388.993, 95
Trd, 4319390.043, 95
Trd, 4319390.793, 95
Trd, 4319391.893, 97
Trd, 4319392.693, 92
Trd, 4319394.843, 96
Trd, 4319398.543, 96
Trd, 4319399.343, 97
Trd, 4319399.743, 97
Trd, 4319400.693, 92
Trd, 4319400.893, 97
Trd, 4319402.493, 96
Trd, 4319402.843, 104
Trd, 4319405.443, 100
Trd, 4319407.293, 100
Trd, 4319407.843, 91
Trd, 4319408.293, 113
Trd, 4319411.293, 94
Trd, 4319411.493, 97
Trd, 4319414.193, 96
Trd, 4319415.293, 96
Trd, 4319415.743, 96
Trd, 4319417.043, 93
Trd, 4319417.693, 95
Trd, 4319418.443, 95
Trd, 4319419.443, 104
Trd, 4319421.243, 94
Trd, 4319421.293, 98
Trd, 4319422.943, 85
Trd, 4319424.693, 95
Trd, 4319424.793, 94
Trd, 4319425.743, 95
Trd, 4319427.293, 91
Trd, 4319429.493, 91
Trd, 4319429.893, 95
Trd, 4319430.093, 90
Trd, 4319430.293, 104
Trd, 4319430.893, 98
Trd, 4319433.243, 89
Trd, 4319435.043, 94
Trd, 4319435.093, 94
Trd, 4319437.393, 93
Trd, 4319439.693, 92
Trd, 4319439.743, 93
Trd, 4319440.293, 88
Trd, 4319443.393, 92
Trd, 4319444.693, 92
Trd, 4319445.293, 92
Trd, 4319445.343, 104
Trd, 4319445.493, 89
Trd, 4319447.093, 100
Trd, 4319447.893, 95
Trd, 4319450.593, 94
Trd, 4319452.943, 92
Trd, 4319453.943, 94
Trd, 4319455.193, 94
Trd, 4319455.343, 98
Trd, 4319455.493, 104
Trd, 4319456.693, 104
Trd, 4319457.643, 103
Trd, 4319459.143, 95
Trd, 4319459.593, 93
Trd, 4319459.843, 101
Trd, 4319463.243, 96
Trd, 4319463.693, 95
Trd, 4319464.443, 94
Trd, 4319465.993, 93
Trd, 4319467.893, 94
Trd, 4319467.943, 93
Trd, 4319468.143, 92
Trd, 4319468.793, 96
Trd, 4319470.143, 94
Trd, 4319470.293, 104
Trd, 4319475.293, 94
Trd, 4319475.493, 96
Trd, 4319475.643, 96
Trd, 4319478.793, 95
Trd, 4319478.893, 95
Trd, 4319479.643, 104
Trd, 4319480.793, 93
Trd, 4319480.843, 98
Trd, 4319481.993, 97
Trd, 4319482.543, 98
Trd, 4319483.793, 95
Trd, 4319487.293, 96
Trd, 4319487.593, 95
Trd, 4319488.493, 96
Trd, 4319489.693, 104
Trd, 4319490.793, 97
Trd, 4319491.593, 97
Trd, 4319491.693, 98
Trd, 4319492.943, 95
Trd, 4319494.643, 98
Trd, 4319497.893, 98
Trd, 4319499.593, 98
Trd, 4319499.643, 94
Trd, 4319499.993, 106
Trd, 4319502.093, 100
Trd, 4319502.393, 104
Trd, 4319502.593, 94
Trd, 4319503.293, 103
Trd, 4319504.993, 96
Trd, 4319505.643, 103
Trd, 4319507.143, 105
Trd, 4319509.443, 94
Trd, 4319509.643, 97
Trd, 4319510.043, 93
Trd, 4319510.193, 96
Trd, 4319513.043, 93
Trd, 4319513.593, 92
Trd, 4319513.893, 101
Trd, 4319513.993, 114
Trd, 4319515.793, 106
Trd, 4319516.643, 96
Trd, 4319517.643, 100
Trd, 4319517.993, 99
Trd, 4319519.843, 98
Trd, 4319520.193, 94
Trd, 4319521.393, 99
Trd, 4319523.093, 93
Trd, 4319523.493, 95
Trd, 4319524.743, 95
Trd, 4319525.193, 94
Trd, 4319526.043, 96
Trd, 4319527.693, 93
Trd, 4319528.843, 96
Trd, 4319529.643, 95
Trd, 4319530.793, 95
Trd, 4319531.693, 94
Trd, 4319532.493, 94
Trd, 4319533.243, 95
Trd, 4319534.093, 93
Trd, 4319536.193, 96
Trd, 4319536.843, 97
Trd, 4319537.793, 92
Trd, 4319538.493, 97
Trd, 4319539.543, 96
Trd, 4319542.693, 91
Trd, 4319542.843, 97
Trd, 4319543.043, 97
Trd, 4319544.893, 97
Trd, 4319545.393, 104
Trd, 4319548.693, 96
Trd, 4319548.993, 96
Trd, 4319550.593, 95
Trd, 4319552.293, 95
Trd, 4319553.543, 97
Trd, 4319554.043, 97
Trd, 4319555.193, 94
Trd, 4319555.343, 101
Trd, 4319557.493, 98
Trd, 4319558.993, 93
Trd, 4319562.943, 95
Trd, 4319564.093, 93
Trd, 4319564.343, 94
Trd, 4319567.593, 92
Trd, 4319568.593, 93
Trd, 4319569.693, 93
Trd, 4319569.893, 91
Trd, 4319571.893, 92
Trd, 4319575.943, 91
Trd, 4319576.143, 92
Trd, 4319577.243, 95
Trd, 4319577.993, 94
Trd, 4319579.593, 98
Trd, 4319581.993, 95
Trd, 4319582.043, 94
Trd, 4319582.843, 96
Trd, 4319584.593, 96
Trd, 4319585.343, 93
Trd, 4319589.193, 95
Trd, 4319589.243, 96
Trd, 4319590.393, 104
Trd, 4319591.293, 95
Trd, 4319592.643, 94
Trd, 4319593.643, 95
Trd, 4319596.943, 95
Trd, 4319597.443, 95
Trd, 4319597.843, 94
Trd, 4319600.643, 93
Trd, 4319600.943, 95
Trd, 4319601.543, 110
Trd, 4319602.743, 102
Trd, 4319603.043, 102
Trd, 4319603.593, 99
Trd, 4319606.593, 98
Trd, 4319607.193, 98
Trd, 4319607.493, 94
Trd, 4319609.293, 97
Trd, 4319609.943, 94
Trd, 4319612.443, 95
Trd, 4319613.143, 95
Trd, 4319613.843, 94
Trd, 4319613.993, 104
Trd, 4319614.543, 93
Trd, 4319615.893, 98
Trd, 4319616.543, 113
Trd, 4319618.593, 99
Trd, 4319622.043, 98
Trd, 4319623.243, 93
Trd, 4319624.443, 98
Trd, 4319625.493, 92
Trd, 4319625.643, 98
Trd, 4319626.993, 97
Trd, 4319629.743, 96
Trd, 4319631.693, 95
Trd, 4319632.993, 92
Trd, 4319635.493, 94
Trd, 4319635.943, 103
Trd, 4319636.243, 99
Trd, 4319636.343, 98
Trd, 4319639.893, 97
Trd, 4319639.943, 99
Trd, 4319642.643, 97
Trd, 4319643.443, 96
Trd, 4319644.993, 97
Trd, 4319645.193, 99
Trd, 4319647.093, 98
Trd, 4319648.793, 104
Trd, 4319649.643, 95
Trd, 4319650.193, 107
Trd, 4319652.043, 94
Trd, 4319652.193, 100
Trd, 4319653.593, 114
Trd, 4319654.043, 97
Trd, 4319655.543, 84
Trd, 4319656.093, 84
Trd, 4319656.243, 85
Trd, 4319657.743, 86
Trd, 4319659.443, 82
Trd, 4319659.543, 82
Trd, 4319660.843, 104
Trd, 4319660.993, 107
Trd, 4319661.343, 118
Trd, 4319663.643, 74
Trd, 4319666.943, 95
Trd, 4319667.043, 94
Trd, 4319668.043, 89
Trd, 4319668.743, 93
Trd, 4319671.993, 90
Trd, 4319674.743, 91
Trd, 4319675.143, 91
Trd, 4319675.343, 90
Trd, 4319676.743, 90
Trd, 4319677.893, 91
Trd, 4319679.393, 91
Trd, 4319681.893, 97
Trd, 4319682.793, 95
Trd, 4319682.893, 92
Trd, 4319684.493, 95
Trd, 4319685.093, 95
Trd, 4319686.393, 95
Trd, 4319687.543, 95
Trd, 4319688.793, 92
Trd, 4319689.593, 95
Trd, 4319691.643, 106
Trd, 4319692.143, 95
Trd, 4319693.593, 97
Trd, 4319695.893, 92
Trd, 4319696.943, 97
Trd, 4319699.343, 92
Trd, 4319699.743, 97
Trd, 4319699.993, 97
Trd, 4319700.743, 97
Trd, 4319700.893, 96
Trd, 4319705.243, 95
Trd, 4319705.893, 96
Trd, 4319706.293, 96
Trd, 4319707.293, 92
Trd, 4319708.643, 97
Trd, 4319709.343, 103
Trd, 4319714.793, 95
Trd, 4319715.443, 92
Trd, 4319715.843, 95
Trd, 4319716.043, 95
Trd, 4319717.743, 94
Trd, 4319717.793, 104
Trd, 4319718.743, 97
Trd, 4319719.093, 91
Trd, 4319721.293, 91
Trd, 4319726.543, 95
Trd, 4319727.043, 95
Trd, 4319727.193, 96
Trd, 4319729.093, 95
Trd, 4319730.693, 91
Trd, 4319731.893, 95
Trd, 4319732.093, 85
Trd, 4319735.293, 95
Trd, 4319737.543, 95
Trd, 4319738.643, 96
Trd, 4319739.443, 95
Trd, 4319740.543, 104
Trd, 4319740.793, 95
Trd, 4319742.743, 98
Trd, 4319743.443, 100
Trd, 4319745.293, 98
Trd, 4319745.443, 98
Trd, 4319748.243, 97
Trd, 4319749.843, 95
Trd, 4319751.043, 96
Trd, 4319752.843, 96
Trd, 4319753.443, 96
Trd, 4319754.193, 96
Trd, 4319755.493, 97
Trd, 4319756.143, 94
Trd, 4319756.793, 104
Trd, 4319757.543, 101
Trd, 4319758.243, 95
Trd, 4319758.543, 85
Trd, 4319760.293, 108
Trd, 4319761.443, 102
Trd, 4319762.893, 100
Trd, 4319763.893, 91
Trd, 4319764.893, 104
Trd, 4319768.293, 100
Trd, 4319768.443, 102
Trd, 4319769.793, 103
Trd, 4319772.093, 102
Trd, 4319772.193, 99
Trd, 4319774.193, 103
Trd, 4319775.193, 103
Trd, 4319775.593, 104
Trd, 4319776.243, 99
Trd, 4319779.093, 103
Trd, 4319779.193, 103
Trd, 4319779.243, 99
Trd, 4319781.293, 95
Trd, 4319784.893, 94
Trd, 4319785.543, 95
Trd, 4319786.293, 95
Trd, 4319787.993, 93
Trd, 4319788.093, 94
Trd, 4319789.243, 104
Trd, 4319789.643, 104
Trd, 4319789.943, 85
Trd, 4319790.993, 102
Trd, 4319791.893, 92
Trd, 4319794.743, 96
Trd, 4319795.793, 97
Trd, 4319797.443, 97
Trd, 4319797.693, 97
Trd, 4319798.043, 96
Trd, 4319798.093, 104
Trd, 4319800.693, 94
Trd, 4319802.093, 95
Trd, 4319805.743, 95
Trd, 4319806.843, 95
Trd, 4319807.093, 93
Trd, 4319808.643, 92
Trd, 4319809.043, 95
Trd, 4319810.293, 95
Trd, 4319810.493, 96
Trd, 4319813.193, 95
Trd, 4319814.143, 96
Trd, 4319814.643, 96
Trd, 4319816.443, 92
Trd, 4319818.343, 95
Trd, 4319819.793, 94
Trd, 4319821.293, 94
Trd, 4319822.393, 95
Trd, 4319822.993, 93
Trd, 4319823.043, 95
Trd, 4319826.793, 92
Trd, 4319826.893, 94
Trd, 4319827.943, 94
Trd, 4319830.343, 92
Trd, 4319830.493, 95
Trd, 4319831.593, 95
Trd, 4319832.693, 95
Trd, 4319835.043, 93
Trd, 4319836.843, 95
Trd, 4319837.793, 96
Trd, 4319840.093, 95
Trd, 4319841.143, 92
Trd, 4319841.793, 95
Trd, 4319846.343, 94
Trd, 4319846.743, 91
Trd, 4319848.743, 94
Trd, 4319850.293, 94
Trd, 4319850.543, 90
Trd, 4319850.893, 95
Trd, 4319851.043, 97
Trd, 4319852.793, 95
Trd, 4319856.193, 92
Trd, 4319856.543, 90
Trd, 4319857.193, 92
Trd, 4319858.393, 96
Trd, 4319860.843, 91
Trd, 4319861.343, 91
Trd, 4319862.443, 84
Trd, 4319862.793, 88
Trd, 4319865.043, 88
Trd, 4319865.143, 85
Trd, 4319866.293, 87
Trd, 4319868.093, 99
Trd, 4319868.393, 104
Trd, 4319868.743, 93
Trd, 4319868.843, 114
Trd, 4319871.543, 98
Trd, 4319874.343, 95
Trd, 4319874.943, 95
Trd, 4319876.093, 95
Trd, 4319876.243, 96
Trd, 4319877.293, 93
Trd, 4319878.343, 85
Trd, 4319878.593, 98
Trd, 4319880.393, 76
Trd, 4319880.643, 88
Trd, 4319881.593, 105
Trd, 4319883.443, 90
Trd, 4319883.493, 87
Trd, 4319884.893, 88
Trd, 4319885.043, 87
Trd, 4319886.443, 89
Trd, 4319888.243, 87
Trd, 4319889.043, 88
Trd, 4319891.493, 88
Trd, 4319891.843, 87
Trd, 4319893.243, 86
Trd, 4319895.043, 88
Trd, 4319896.893, 88
Trd, 4319898.593, 88
Trd, 4319899.543, 88
Trd, 4319900.693, 88
Trd, 4319900.743, 85
Trd, 4319901.543, 97
Trd, 4319902.143, 73
Trd, 4319903.293, 90
Trd, 4319904.343, 105
Trd, 4319905.493, 104
Trd, 4319905.693, 116
Trd, 4319906.543, 104
Trd, 4319908.093, 100
Trd, 4319909.393, 102
Trd, 4319909.743, 104
Trd, 4319910.293, 93
Trd, 4319911.943, 92
Trd, 4319913.493, 92
Trd, 4319914.293, 91
Trd, 4319916.393, 90
Trd, 4319916.893, 97
Trd, 4319917.593, 105
Trd, 4319918.943, 97
Trd, 4319919.043, 98
Trd, 4319920.443, 97
Trd, 4319920.893, 72
Trd, 4319921.093, 97
Trd, 4319921.493, 106
Trd, 4319926.443, 94
Trd, 4319926.593, 94
Trd, 4319928.243, 94
Trd, 4319928.943, 93
Trd, 4319929.043, 95
Trd, 4319930.743, 92
Trd, 4319931.793, 102
Trd, 4319933.493, 98
Trd, 4319934.393, 91
Trd, 4319935.243, 95
Trd, 4319936.593, 93
Trd, 4319936.693, 92
Trd, 4319938.893, 95
Trd, 4319939.093, 96
Trd, 4319939.793, 90
Trd, 4319941.543, 95
Trd, 4319941.793, 117
Trd, 4319942.293, 89
Trd, 4319942.693, 103
Trd, 4319945.693, 100
Trd, 4319948.493, 89
Trd, 4319949.143, 94
Trd, 4319949.543, 96
Trd, 4319951.243, 92
Trd, 4319951.543, 96
Trd, 4319953.343, 90
Trd, 4319953.943, 94
Trd, 4319955.093, 94
Trd, 4319955.443, 94
Trd, 4319958.093, 95
Trd, 4319959.793, 92
Trd, 4319960.693, 95
Trd, 4319962.593, 101
Trd, 4319963.343, 94
Trd, 4319964.193, 104
Trd, 4319967.093, 93
Trd, 4319967.243, 98
Trd, 4319970.493, 98
Trd, 4319971.693, 99
Trd, 4319973.293, 99
Trd, 4319974.343, 98
Trd, 4319974.493, 98
Trd, 4319974.843, 92
Trd, 4319976.193, 93
Trd, 4319977.043, 98
Trd, 4319980.043, 98
Trd, 4319981.443, 97
Trd, 4319982.293, 103
Trd, 4319982.643, 99
Trd, 4319985.243, 92
Trd, 4319986.443, 97
Trd, 4319988.893, 95
Trd, 4319990.293, 92
Trd, 4319990.593, 94
Trd, 4319992.893, 94
Trd, 4319994.593, 93
Trd, 4319994.843, 94
Trd, 4319995.693, 94
Trd, 4319996.643, 94
Trd, 4319999.093, 92
Trd, 4319999.243, 94
