Trd, 4317808.893, 96
Trd, 4317810.243, 94
Trd, 4317810.443, 93
Trd, 4317814.243, 95
Trd, 4317814.393, 94
Trd, 4317818.393, 93
Trd, 4317819.243, 95
Trd, 4317822.993, 92
Trd, 4317823.193, 92
Trd, 4317825.143, 95
Trd, 4317825.243, 95
Trd, 4317826.743, 94
Trd, 4317826.843, 95
Trd, 4317827.493, 95
Trd, 4317827.893, 86
Trd, 4317829.993, 96
Trd, 4317831.293, 97
Trd, 4317831.493, 99
Trd, 4317831.743, 95
Trd, 4317832.343, 110
Trd, 4317834.643, 99
Trd, 4317835.843, 98
Trd, 4317837.493, 97
Trd, 4317839.193, 95
Trd, 4317839.443, 100
Trd, 4317840.743, 94
Trd, 4317845.643, 99
Trd, 4317846.443, 95
Trd, 4317847.443, 93
Trd, 4317849.593, 94
Trd, 4317850.893, 99
Trd, 4317856.093, 95
Trd, 4317856.543, 99
Trd, 4317856.643, 95
Trd, 4317860.893, 94
Trd, 4317862.943, 99
Trd, 4317864.993, 95
Trd, 4317866.143, 95
Trd, 4317866.243, 99
Trd, 4317867.493, 95
Trd, 4317869.543, 94
Trd, 4317873.093, 99
Trd, 4317873.893, 95
Trd, 4317875.593, 95
Trd, 4317878.393, 99
Trd, 4317878.743, 95
Trd, 4317882.543, 94
Trd, 4317883.893, 95
Trd, 4317884.743, 99
Trd, 4317886.293, 94
Trd, 4317887.943, 94
Trd, 4317891.493, 94
Trd, 4317892.493, 94
Trd, 4317894.793, 99
Trd, 4317899.343, 95
Trd, 4317900.043, 94
Trd, 4317900.893, 99
Trd, 4317903.243, 95
Trd, 4317903.993, 94
Trd, 4317907.843, 93
Trd, 4317907.943, 93
Trd, 4317909.993, 99
Trd, 4317911.193, 99
Trd, 4317914.193, 94
Trd, 4317917.893, 95
Trd, 4317918.093, 94
Trd, 4317918.643, 99
Trd, 4317919.943, 94
Trd, 4317920.543, 99
Trd, 4317924.793, 94
Trd, 4317925.593, 99
Trd, 4317926.193, 94
Trd, 4317927.893, 95
Trd, 4317930.793, 94
Trd, 4317932.143, 99
Trd, 4317933.193, 95
Trd, 4317935.843, 99
Trd, 4317936.443, 94
Trd, 4317939.043, 95
Trd, 4317942.743, 99
Trd, 4317943.743, 95
Trd, 4317945.193, 95
Trd, 4317948.493, 94
Trd, 4317950.443, 95
Trd, 4317951.493, 97
Trd, 4317953.843, 97
Trd, 4317953.993, 95
Trd, 4317955.893, 95
Trd, 4317956.393, 97
Trd, 4317957.793, 95
Trd, 4317958.493, 94
Trd, 4317961.943, 94
Trd, 4317965.493, 95
Trd, 4317965.693, 97
Trd, 4317967.593, 95
Trd, 4317970.393, 97
Trd, 4317972.293, 94
Trd, 4317975.343, 97
Trd, 4317976.393, 94
Trd, 4317976.893, 92
Trd, 4317979.193, 95
Trd, 4317979.293, 97
Trd, 4317984.893, 94
Trd, 4317985.193, 97
Trd, 4317986.393, 95
Trd, 4317987.943, 93
Trd, 4317988.493, 95
Trd, 4317990.543, 96
Trd, 4317992.143, 96
Trd, 4317992.993, 95
Trd, 4317994.643, 95
Trd, 4317999.193, 95
Trd, 4317999.593, 94
Trd, 4317999.693, 96
Trd, 4318003.193, 93
Trd, 4318005.993, 94
Trd, 4318009.293, 96
Trd, 4318010.993, 96
Trd, 4318011.243, 93
Trd, 4318013.293, 93
Trd, 4318013.443, 92
Trd, 4318013.743, 96
Trd, 4318015.193, 93
Trd, 4318018.793, 96
Trd, 4318019.493, 92
Trd, 4318022.893, 95
Trd, 4318023.443, 96
Trd, 4318025.643, 94
Trd, 4318026.443, 93
Trd, 4318030.093, 93
Trd, 4318031.343, 96
Trd, 4318032.193, 95
Trd, 4318034.093, 94
Trd, 4318034.193, 96
Trd, 4318036.743, 93
Trd, 4318038.043, 95
Trd, 4318041.643, 95
Trd, 4318042.243, 96
Trd, 4318045.643, 95
Trd, 4318045.693, 96
Trd, 4318047.593, 96
Trd, 4318048.443, 95
Trd, 4318049.543, 104
Trd, 4318050.293, 95
Trd, 4318050.693, 94
Trd, 4318056.043, 94
Trd, 4318056.743, 98
Trd, 4318056.943, 94
Trd, 4318059.543, 98
Trd, 4318062.093, 94
Trd, 4318065.693, 94
Trd, 4318066.643, 94
Trd, 4318067.893, 98
Trd, 4318071.243, 94
Trd, 4318071.793, 95
Trd, 4318072.143, 97
Trd, 4318074.943, 95
Trd, 4318077.293, 96
Trd, 4318077.443, 95
Trd, 4318078.843, 96
Trd, 4318081.743, 96
Trd, 4318082.743, 95
Trd, 4318084.093, 95
Trd, 4318086.643, 94
Trd, 4318087.293, 96
Trd, 4318087.493, 93
Trd, 4318088.793, 92
Trd, 4318092.293, 96
Trd, 4318093.343, 92
Trd, 4318096.793, 93
Trd, 4318097.743, 91
Trd, 4318099.393, 96
Trd, 4318102.343, 95
Trd, 4318102.493, 96
Trd, 4318103.443, 95
Trd, 4318104.243, 96
Trd, 4318106.543, 94
Trd, 4318106.893, 95
Trd, 4318110.043, 95
Trd, 4318112.493, 96
Trd, 4318113.093, 94
Trd, 4318114.093, 93
Trd, 4318115.343, 93
Trd, 4318116.843, 96
Trd, 4318119.643, 93
Trd, 4318122.743, 95
Trd, 4318123.943, 96
Trd, 4318127.293, 96
Trd, 4318128.093, 95
Trd, 4318129.743, 94
Trd, 4318131.893, 93
Trd, 4318134.043, 96
Trd, 4318134.493, 95
Trd, 4318136.043, 95
Trd, 4318137.493, 93
Trd, 4318139.793, 96
Trd, 4318141.793, 92
Trd, 4318143.393, 91
Trd, 4318143.693, 96
Trd, 4318144.843, 96
Trd, 4318148.143, 95
Trd, 4318151.443, 94
Trd, 4318152.343, 96
Trd, 4318152.943, 94
Trd, 4318153.293, 86
Trd, 4318158.743, 95
Trd, 4318159.493, 92
Trd, 4318159.743, 91
Trd, 4318160.443, 96
Trd, 4318160.693, 91
Trd, 4318163.393, 96
Trd, 4318165.993, 90
Trd, 4318169.093, 95
Trd, 4318169.293, 96
Trd, 4318171.843, 94
Trd, 4318172.943, 96
Trd, 4318173.493, 93
Trd, 4318175.893, 96
Trd, 4318176.193, 95
Trd, 4318179.193, 95
Trd, 4318182.093, 94
Trd, 4318184.293, 96
Trd, 4318184.443, 95
Trd, 4318185.893, 96
Trd, 4318188.393, 95
Trd, 4318188.993, 95
Trd, 4318189.643, 95
Trd, 4318194.043, 94
Trd, 4318194.493, 94
Trd, 4318194.543, 95
Trd, 4318196.743, 93
Trd, 4318197.543, 95
Trd, 4318197.843, 94
Trd, 4318202.793, 94
Trd, 4318202.843, 95
Trd, 4318203.893, 93
Trd, 4318206.293, 95
Trd, 4318207.593, 94
Trd, 4318209.693, 95
Trd, 4318209.993, 94
Trd, 4318210.943, 95
Trd, 4318211.043, 94
Trd, 4318212.543, 95
Trd, 4318214.193, 94
Trd, 4318215.893, 95
Trd, 4318217.793, 93
Trd, 4318217.993, 93
Trd, 4318220.843, 95
Trd, 4318222.643, 95
Trd, 4318224.743, 93
Trd, 4318225.443, 95
Trd, 4318226.143, 91
Trd, 4318227.543, 95
Trd, 4318230.343, 92
Trd, 4318230.993, 92
Trd, 4318231.943, 95
Trd, 4318234.143, 95
Trd, 4318234.543, 92
Trd, 4318235.843, 95
Trd, 4318237.393, 93
Trd, 4318237.793, 95
Trd, 4318238.693, 93
Trd, 4318239.743, 95
Trd, 4318243.443, 94
Trd, 4318243.543, 95
Trd, 4318243.643, 93
Trd, 4318243.943, 96
Trd, 4318246.493, 95
Trd, 4318247.293, 96
Trd, 4318251.993, 95
Trd, 4318253.043, 94
Trd, 4318253.893, 96
Trd, 4318254.693, 94
Trd, 4318257.743, 95
Trd, 4318259.793, 96
Trd, 4318261.243, 95
Trd, 4318263.743, 95
Trd, 4318266.843, 96
Trd, 4318267.543, 95
Trd, 4318269.143, 96
Trd, 4318270.043, 95
Trd, 4318271.943, 95
Trd, 4318275.743, 96
Trd, 4318275.793, 95
Trd, 4318277.493, 95
Trd, 4318278.943, 94
Trd, 4318279.193, 96
Trd, 4318284.743, 95
Trd, 4318284.893, 96
Trd, 4318286.893, 94
Trd, 4318287.443, 94
Trd, 4318290.043, 96
Trd, 4318292.343, 94
Trd, 4318295.543, 95
Trd, 4318297.093, 96
Trd, 4318297.543, 94
Trd, 4318298.393, 96
Trd, 4318299.193, 94
Trd, 4318305.443, 95
Trd, 4318305.593, 96
Trd, 4318305.943, 95
Trd, 4318308.193, 95
Trd, 4318310.193, 96
Trd, 4318311.293, 94
Trd, 4318313.893, 95
Trd, 4318314.643, 96
Trd, 4318314.693, 93
Trd, 4318318.043, 95
Trd, 4318319.693, 94
Trd, 4318319.743, 96
Trd, 4318322.943, 93
Trd, 4318325.593, 93
Trd, 4318325.793, 93
Trd, 4318330.943, 93
Trd, 4318331.293, 94
Trd, 4318332.093, 92
Trd, 4318332.193, 96
Trd, 4318334.493, 94
Trd, 4318334.793, 91
Trd, 4318335.693, 91
Trd, 4318337.143, 95
Trd, 4318338.643, 94
Trd, 4318341.143, 93
Trd, 4318343.393, 94
Trd, 4318344.343, 93
Trd, 4318344.393, 92
Trd, 4318345.643, 94
Trd, 4318346.043, 93
Trd, 4318348.743, 92
Trd, 4318350.143, 94
Trd, 4318351.243, 92
Trd, 4318355.393, 95
Trd, 4318355.793, 91
Trd, 4318356.293, 95
Trd, 4318360.093, 93
Trd, 4318360.393, 91
Trd, 4318363.543, 92
Trd, 4318364.243, 94
Trd, 4318364.493, 95
Trd, 4318365.743, 95
Trd, 4318366.343, 92
Trd, 4318367.093, 94
Trd, 4318370.143, 93
Trd, 4318371.143, 95
Trd, 4318373.293, 93
Trd, 4318374.993, 94
Trd, 4318375.093, 93
Trd, 4318375.793, 93
Trd, 4318377.943, 92
Trd, 4318379.093, 93
Trd, 4318379.443, 91
Trd, 4318380.643, 95
Trd, 4318381.143, 91
Trd, 4318384.393, 94
Trd, 4318386.143, 90
Trd, 4318386.643, 95
Trd, 4318387.743, 94
Trd, 4318389.443, 89
Trd, 4318389.793, 93
Trd, 4318390.093, 89
Trd, 4318392.593, 95
Trd, 4318392.643, 91
Trd, 4318396.043, 91
Trd, 4318396.193, 94
Trd, 4318398.193, 94
Trd, 4318399.343, 90
Trd, 4318399.993, 91
Trd, 4318402.193, 94
Trd, 4318403.743, 92
Trd, 4318407.893, 91
Trd, 4318408.293, 94
Trd, 4318408.393, 90
Trd, 4318410.143, 94
Trd, 4318410.343, 90
Trd, 4318411.743, 95
Trd, 4318415.343, 89
Trd, 4318416.043, 88
Trd, 4318416.993, 89
Trd, 4318418.493, 95
Trd, 4318419.593, 95
Trd, 4318421.093, 88
Trd, 4318421.343, 95
Trd, 4318422.843, 87
Trd, 4318425.193, 95
Trd, 4318426.693, 95
Trd, 4318427.743, 95
Trd, 4318428.043, 94
Trd, 4318430.193, 95
Trd, 4318430.593, 94
Trd, 4318430.643, 113
Trd, 4318432.393, 94
Trd, 4318435.193, 94
Trd, 4318435.343, 94
Trd, 4318437.093, 96
Trd, 4318438.093, 95
Trd, 4318439.593, 94
Trd, 4318441.343, 95
Trd, 4318443.643, 93
Trd, 4318443.843, 95
Trd, 4318444.343, 92
Trd, 4318447.193, 95
Trd, 4318448.293, 95
Trd, 4318448.893, 91
Trd, 4318450.693, 90
Trd, 4318452.643, 89
Trd, 4318453.743, 95
Trd, 4318454.643, 89
Trd, 4318455.443, 95
Trd, 4318456.243, 88
Trd, 4318459.443, 87
Trd, 4318459.943, 94
Trd, 4318460.293, 95
Trd, 4318462.343, 86
Trd, 4318462.593, 95
Trd, 4318462.693, 86
Trd, 4318465.293, 95
Trd, 4318468.193, 86
Trd, 4318468.643, 95
Trd, 4318470.193, 95
Trd, 4318471.643, 86
Trd, 4318472.343, 95
Trd, 4318473.043, 86
Trd, 4318478.543, 95
Trd, 4318478.693, 95
Trd, 4318479.193, 87
Trd, 4318480.093, 87
Trd, 4318483.293, 87
Trd, 4318484.543, 95
Trd, 4318484.943, 95
Trd, 4318485.643, 86
Trd, 4318488.643, 86
Trd, 4318490.143, 93
Trd, 4318490.743, 93
Trd, 4318491.143, 87
Trd, 4318492.993, 87
Trd, 4318493.243, 95
Trd, 4318494.193, 87
Trd, 4318494.693, 93
Trd, 4318495.793, 95
Trd, 4318497.543, 95
Trd, 4318500.643, 95
Trd, 4318501.493, 93
Trd, 4318501.843, 90
Trd, 4318504.993, 95
Trd, 4318505.543, 92
Trd, 4318505.843, 95
Trd, 4318507.143, 90
Trd, 4318507.693, 104
Trd, 4318508.643, 94
Trd, 4318509.393, 92
Trd, 4318514.193, 92
Trd, 4318517.593, 96
Trd, 4318518.343, 95
Trd, 4318518.443, 92
Trd, 4318519.293, 92
Trd, 4318521.493, 91
Trd, 4318522.643, 95
Trd, 4318524.243, 95
Trd, 4318524.543, 92
Trd, 4318525.493, 91
Trd, 4318528.643, 95
Trd, 4318528.693, 104
Trd, 4318530.393, 90
Trd, 4318531.293, 96
Trd, 4318532.093, 97
Trd, 4318532.443, 90
Trd, 4318533.243, 94
Trd, 4318533.643, 97
Trd, 4318535.943, 95
Trd, 4318538.093, 95
Trd, 4318538.443, 94
Trd, 4318540.143, 96
Trd, 4318543.193, 93
Trd, 4318547.143, 96
Trd, 4318548.543, 96
Trd, 4318548.993, 95
Trd, 4318549.443, 93
Trd, 4318553.493, 95
Trd, 4318554.243, 94
Trd, 4318556.493, 95
Trd, 4318557.293, 93
Trd, 4318558.493, 95
Trd, 4318559.593, 95
Trd, 4318562.043, 94
Trd, 4318562.193, 92
Trd, 4318563.043, 94
Trd, 4318565.543, 78
Trd, 4318566.093, 93
Trd, 4318568.093, 95
Trd, 4318569.193, 89
Trd, 4318569.893, 88
Trd, 4318570.793, 88
Trd, 4318573.643, 88
Trd, 4318573.793, 91
Trd, 4318574.943, 91
Trd, 4318575.643, 87
Trd, 4318576.293, 91
Trd, 4318577.993, 91
Trd, 4318580.543, 86
Trd, 4318581.093, 86
Trd, 4318582.593, 91
Trd, 4318583.443, 91
Trd, 4318586.093, 91
Trd, 4318587.093, 87
Trd, 4318588.643, 87
Trd, 4318589.743, 86
Trd, 4318590.043, 91
Trd, 4318590.443, 91
Trd, 4318590.993, 85
Trd, 4318595.593, 95
Trd, 4318595.893, 87
Trd, 4318596.793, 92
Trd, 4318597.943, 86
Trd, 4318600.193, 86
Trd, 4318600.393, 86
Trd, 4318601.293, 92
Trd, 4318603.643, 92
Trd, 4318604.043, 86
Trd, 4318604.893, 85
Trd, 4318604.993, 92
Trd, 4318605.893, 95
Trd, 4318608.043, 93
Trd, 4318609.493, 99
Trd, 4318610.843, 101
Trd, 4318611.043, 94
Trd, 4318611.493, 99
Trd, 4318612.393, 86
Trd, 4318613.693, 96
Trd, 4318614.143, 96
Trd, 4318615.243, 96
Trd, 4318617.093, 93
Trd, 4318617.143, 94
Trd, 4318618.243, 92
Trd, 4318619.543, 104
Trd, 4318621.193, 92
Trd, 4318621.943, 91
Trd, 4318623.393, 91
Trd, 4318624.893, 95
Trd, 4318626.143, 95
Trd, 4318628.043, 95
Trd, 4318628.543, 92
Trd, 4318631.093, 91
Trd, 4318633.493, 90
Trd, 4318633.893, 95
Trd, 4318634.443, 95
Trd, 4318634.893, 91
Trd, 4318637.493, 93
Trd, 4318639.393, 95
Trd, 4318639.793, 95
Trd, 4318640.893, 95
Trd, 4318640.993, 92
Trd, 4318641.693, 104
Trd, 4318643.793, 94
Trd, 4318646.293, 94
Trd, 4318649.343, 97
Trd, 4318649.993, 94
Trd, 4318650.643, 98
Trd, 4318651.743, 95
Trd, 4318654.793, 94
Trd, 4318657.793, 97
Trd, 4318657.843, 95
Trd, 4318660.143, 94
Trd, 4318662.293, 94
Trd, 4318663.293, 97
Trd, 4318665.093, 93
Trd, 4318667.043, 95
Trd, 4318669.943, 97
Trd, 4318671.793, 97
Trd, 4318671.943, 95
Trd, 4318673.993, 94
Trd, 4318674.193, 94
Trd, 4318675.143, 94
Trd, 4318675.743, 97
Trd, 4318677.043, 94
Trd, 4318681.343, 97
Trd, 4318682.293, 94
Trd, 4318684.143, 93
Trd, 4318687.593, 97
Trd, 4318688.793, 93
Trd, 4318689.543, 94
Trd, 4318691.843, 94
Trd, 4318694.043, 93
Trd, 4318694.093, 97
Trd, 4318698.343, 97
Trd, 4318699.743, 94
Trd, 4318699.943, 94
Trd, 4318700.443, 97
Trd, 4318704.193, 94
Trd, 4318706.043, 93
Trd, 4318706.843, 92
Trd, 4318707.443, 92
Trd, 4318708.193, 95
Trd, 4318709.543, 95
Trd, 4318712.043, 95
Trd, 4318714.443, 95
Trd, 4318714.593, 93
Trd, 4318715.393, 92
Trd, 4318718.293, 95
Trd, 4318718.343, 91
Trd, 4318718.393, 95
Trd, 4318719.493, 91
Trd, 4318722.593, 90
Trd, 4318722.743, 95
Trd, 4318725.443, 89
Trd, 4318725.793, 89
Trd, 4318727.943, 94
Trd, 4318728.443, 95
Trd, 4318730.593, 95
Trd, 4318731.493, 92
Trd, 4318732.793, 95
Trd, 4318735.043, 91
Trd, 4318736.643, 95
Trd, 4318737.893, 92
Trd, 4318738.043, 92
Trd, 4318740.343, 95
Trd, 4318741.743, 95
Trd, 4318742.493, 95
Trd, 4318743.893, 95
Trd, 4318744.243, 95
Trd, 4318744.643, 95
Trd, 4318745.143, 95
Trd, 4318746.193, 99
Trd, 4318747.693, 112
Trd, 4318747.893, 99
Trd, 4318748.293, 99
Trd, 4318750.093, 98
Trd, 4318751.493, 97
Trd, 4318755.543, 98
Trd, 4318756.093, 97
Trd, 4318758.243, 96
Trd, 4318758.893, 96
Trd, 4318758.943, 98
Trd, 4318765.293, 98
Trd, 4318765.343, 96
Trd, 4318766.393, 95
Trd, 4318766.793, 93
Trd, 4318768.643, 98
Trd, 4318770.293, 95
Trd, 4318772.943, 94
Trd, 4318776.043, 95
Trd, 4318776.193, 98
Trd, 4318777.193, 94
Trd, 4318780.243, 95
Trd, 4318784.343, 95
Trd, 4318784.793, 98
Trd, 4318786.293, 94
Trd, 4318788.793, 95
Trd, 4318789.893, 93
Trd, 4318790.493, 98
Trd, 4318794.743, 93
Trd, 4318795.943, 93
Trd, 4318799.343, 98
Trd, 4318800.993, 95
Trd, 4318801.143, 99
Trd, 4318801.893, 94
Trd, 4318803.393, 94
Trd, 4318805.243, 94
Trd, 4318805.443, 97
Trd, 4318810.093, 94
Trd, 4318811.193, 96
Trd, 4318813.143, 96
Trd, 4318813.643, 93
Trd, 4318814.943, 95
Trd, 4318818.643, 95
Trd, 4318820.443, 94
Trd, 4318820.693, 95
Trd, 4318822.593, 94
Trd, 4318823.693, 95
Trd, 4318827.843, 94
Trd, 4318829.243, 95
Trd, 4318829.793, 93
Trd, 4318832.543, 92
Trd, 4318833.043, 92
Trd, 4318835.693, 92
Trd, 4318836.393, 95
Trd, 4318838.493, 95
Trd, 4318840.993, 94
Trd, 4318841.643, 92
Trd, 4318842.093, 95
Trd, 4318843.793, 92
Trd, 4318845.043, 95
Trd, 4318846.593, 95
Trd, 4318850.493, 95
Trd, 4318851.393, 91
Trd, 4318851.593, 91
Trd, 4318852.193, 95
Trd, 4318853.743, 90
Trd, 4318856.043, 95
Trd, 4318856.143, 90
Trd, 4318858.843, 95
Trd, 4318860.643, 91
Trd, 4318860.793, 90
Trd, 4318861.043, 95
Trd, 4318861.993, 95
Trd, 4318866.393, 95
Trd, 4318866.693, 90
Trd, 4318866.943, 89
Trd, 4318868.893, 95
Trd, 4318869.993, 93
Trd, 4318871.193, 91
Trd, 4318875.443, 95
Trd, 4318877.093, 95
Trd, 4318877.393, 90
Trd, 4318878.793, 95
Trd, 4318880.443, 92
Trd, 4318881.693, 95
Trd, 4318882.993, 95
Trd, 4318885.193, 92
Trd, 4318885.343, 91
Trd, 4318885.743, 95
Trd, 4318888.593, 93
Trd, 4318890.343, 93
Trd, 4318892.543, 94
Trd, 4318893.793, 92
Trd, 4318897.443, 94
Trd, 4318897.593, 95
Trd, 4318897.893, 90
Trd, 4318900.143, 90
Trd, 4318901.593, 95
Trd, 4318903.293, 89
Trd, 4318905.093, 89
Trd, 4318905.943, 88
Trd, 4318906.693, 95
Trd, 4318907.243, 95
Trd, 4318911.443, 94
Trd, 4318914.393, 94
Trd, 4318914.643, 92
Trd, 4318914.943, 94
Trd, 4318915.293, 95
Trd, 4318917.343, 93
Trd, 4318917.743, 91
Trd, 4318920.493, 95
Trd, 4318920.643, 96
Trd, 4318921.343, 95
Trd, 4318921.543, 94
Trd, 4318924.143, 99
Trd, 4318924.893, 98
Trd, 4318925.593, 97
Trd, 4318926.743, 110
Trd, 4318928.643, 98
Trd, 4318928.993, 96
Trd, 4318930.493, 95
Trd, 4318935.293, 98
Trd, 4318936.643, 96
Trd, 4318937.143, 96
Trd, 4318938.193, 95
Trd, 4318940.643, 95
Trd, 4318941.793, 98
Trd, 4318944.943, 95
Trd, 4318947.743, 95
Trd, 4318948.893, 94
Trd, 4318949.093, 98
Trd, 4318953.543, 98
Trd, 4318954.693, 95
Trd, 4318954.843, 94
Trd, 4318957.693, 98
Trd, 4318957.993, 95
Trd, 4318958.443, 95
Trd, 4318961.293, 95
Trd, 4318964.843, 95
Trd, 4318965.393, 98
Trd, 4318965.843, 95
Trd, 4318969.043, 94
Trd, 4318970.443, 98
Trd, 4318971.693, 98
Trd, 4318973.893, 95
Trd, 4318976.443, 95
Trd, 4318978.343, 97
Trd, 4318979.093, 95
Trd, 4318980.593, 94
Trd, 4318982.543, 96
Trd, 4318985.593, 95
Trd, 4318986.543, 94
Trd, 4318990.993, 93
Trd, 4318994.043, 96
Trd, 4318994.743, 94
Trd, 4318996.293, 94
Trd, 4318998.043, 96
Trd, 4318998.943, 96
Trd, 4318999.793, 95
Trd, 4319000.043, 95
Trd, 4319004.643, 94
Trd, 4319007.043, 96
Trd, 4319007.693, 95
Trd, 4319008.243, 94
Trd, 4319011.893, 95
Trd, 4319012.993, 93
Trd, 4319014.843, 92
Trd, 4319015.993, 94
Trd, 4319017.643, 94
Trd, 4319017.693, 95
Trd, 4319019.543, 91
Trd, 4319021.343, 90
Trd, 4319021.643, 95
Trd, 4319023.543, 95
Trd, 4319024.143, 89
Trd, 4319024.693, 89
Trd, 4319025.993, 95
Trd, 4319026.643, 95
Trd, 4319028.193, 89
Trd, 4319029.393, 89
Trd, 4319032.393, 94
Trd, 4319032.893, 95
Trd, 4319034.193, 95
Trd, 4319036.493, 92
Trd, 4319036.843, 91
Trd, 4319037.893, 94
Trd, 4319038.343, 91
Trd, 4319041.593, 91
Trd, 4319041.993, 94
Trd, 4319042.893, 94
Trd, 4319043.543, 93
Trd, 4319044.593, 92
Trd, 4319047.793, 91
Trd, 4319049.443, 93
Trd, 4319050.543, 91
Trd, 4319052.243, 93
Trd, 4319053.643, 94
Trd, 4319055.343, 104
Trd, 4319056.343, 93
Trd, 4319056.643, 91
Trd, 4319058.993, 91
Trd, 4319059.293, 96
Trd, 4319062.893, 94
Trd, 4319065.293, 93
Trd, 4319065.593, 96
Trd, 4319068.793, 96
Trd, 4319072.343, 95
Trd, 4319073.193, 93
Trd, 4319074.143, 93
Trd, 4319075.693, 96
Trd, 4319077.493, 95
Trd, 4319080.493, 96
Trd, 4319083.143, 95
Trd, 4319084.243, 93
Trd, 4319087.743, 94
Trd, 4319088.443, 96
Trd, 4319091.043, 94
Trd, 4319091.343, 96
Trd, 4319092.343, 92
Trd, 4319094.393, 94
Trd, 4319095.393, 96
Trd, 4319095.443, 86
Trd, 4319100.193, 95
Trd, 4319101.593, 94
Trd, 4319102.043, 96
Trd, 4319105.843, 93
Trd, 4319106.693, 96
Trd, 4319108.993, 95
Trd, 4319112.143, 96
Trd, 4319112.243, 95
Trd, 4319115.293, 96
Trd, 4319116.743, 95
Trd, 4319117.393, 94
Trd, 4319119.293, 95
Trd, 4319119.993, 94
Trd, 4319123.693, 96
Trd, 4319125.943, 96
Trd, 4319127.143, 95
Trd, 4319127.793, 94
Trd, 4319128.693, 96
Trd, 4319130.843, 94
Trd, 4319131.893, 94
Trd, 4319137.343, 95
Trd, 4319138.193, 96
Trd, 4319138.693, 94
Trd, 4319140.593, 95
Trd, 4319141.593, 94
Trd, 4319143.493, 96
Trd, 4319146.243, 93
Trd, 4319148.593, 96
Trd, 4319148.743, 95
Trd, 4319152.993, 95
Trd, 4319154.993, 95
Trd, 4319155.993, 93
Trd, 4319156.593, 96
Trd, 4319156.793, 92
Trd, 4319159.393, 95
Trd, 4319160.143, 95
Trd, 4319164.493, 96
Trd, 4319164.943, 95
Trd, 4319167.143, 96
Trd, 4319168.043, 94
Trd, 4319170.393, 94
Trd, 4319173.543, 94
Trd, 4319174.293, 96
Trd, 4319175.243, 96
Trd, 4319175.893, 94
Trd, 4319180.093, 93
Trd, 4319181.643, 97
Trd, 4319181.693, 95
Trd, 4319184.543, 93
Trd, 4319185.543, 96
Trd, 4319186.643, 93
Trd, 4319188.043, 92
Trd, 4319190.743, 96
Trd, 4319191.693, 96
Trd, 4319192.293, 95
Trd, 4319193.843, 95
Trd, 4319198.743, 95
Trd, 4319199.393, 96
Trd, 4319199.943, 94
Trd, 4319203.093, 95
Trd, 4319203.693, 96
Trd, 4319204.893, 95
Trd, 4319205.693, 94
Trd, 4319206.443, 104
Trd, 4319207.343, 93
Trd, 4319208.343, 92
Trd, 4319213.093, 95
Trd, 4319215.793, 95
Trd, 4319216.243, 96
Trd, 4319217.843, 94
Trd, 4319219.043, 95
Trd, 4319224.943, 96
Trd, 4319225.043, 95
Trd, 4319226.293, 96
Trd, 4319226.743, 95
Trd, 4319227.093, 94
Trd, 4319228.243, 94
Trd, 4319231.693, 95
Trd, 4319233.043, 96
Trd, 4319235.943, 94
Trd, 4319236.443, 94
Trd, 4319237.793, 93
Trd, 4319241.043, 96
Trd, 4319242.043, 104
Trd, 4319242.643, 95
Trd, 4319245.443, 94
Trd, 4319247.443, 98
Trd, 4319249.993, 95
Trd, 4319250.243, 95
Trd, 4319254.943, 95
Trd, 4319255.943, 98
Trd, 4319256.693, 94
Trd, 4319257.143, 94
Trd, 4319258.693, 98
Trd, 4319261.043, 94
Trd, 4319266.093, 98
Trd, 4319266.243, 94
Trd, 4319266.493, 93
Trd, 4319269.143, 98
Trd, 4319271.493, 93
Trd, 4319273.443, 94
Trd, 4319274.243, 98
Trd, 4319277.293, 95
Trd, 4319278.393, 94
Trd, 4319280.043, 95
Trd, 4319280.143, 98
Trd, 4319284.193, 98
Trd, 4319285.643, 95
Trd, 4319288.943, 94
Trd, 4319289.193, 98
Trd, 4319289.443, 94
Trd, 4319293.393, 94
Trd, 4319296.793, 98
Trd, 4319297.243, 94
Trd, 4319300.493, 93
Trd, 4319302.043, 95
Trd, 4319302.193, 98
Trd, 4319303.093, 94
Trd, 4319306.793, 97
Trd, 4319307.643, 94
Trd, 4319308.443, 94
Trd, 4319310.443, 93
Trd, 4319311.643, 97
Trd, 4319312.943, 95
Trd, 4319315.043, 95
Trd, 4319316.243, 97
Trd, 4319317.493, 97
Trd, 4319320.943, 95
Trd, 4319321.643, 94
Trd, 4319325.043, 97
Trd, 4319326.343, 95
Trd, 4319327.093, 95
Trd, 4319327.443, 97
Trd, 4319331.443, 96
Trd, 4319333.693, 97
Trd, 4319334.943, 96
Trd, 4319338.393, 95
Trd, 4319339.793, 98
Trd, 4319340.293, 94
Trd, 4319342.743, 95
Trd, 4319343.443, 97
Trd, 4319345.443, 95
Trd, 4319346.643, 94
Trd, 4319349.643, 95
Trd, 4319352.493, 95
Trd, 4319355.743, 97
Trd, 4319356.793, 95
Trd, 4319358.593, 95
Trd, 4319359.493, 95
Trd, 4319359.543, 97
Trd, 4319361.343, 94
Trd, 4319364.443, 94
Trd, 4319365.193, 97
Trd, 4319365.993, 94
Trd, 4319369.093, 94
Trd, 4319371.643, 95
Trd, 4319372.193, 97
Trd, 4319378.143, 97
Trd, 4319378.343, 95
Trd, 4319379.443, 97
Trd, 4319379.843, 95
Trd, 4319381.793, 94
Trd, 4319384.543, 97
Trd, 4319385.693, 95
Trd, 4319388.893, 95
Trd, 4319391.493, 94
Trd, 4319394.293, 96
Trd, 4319394.843, 96
Trd, 4319395.993, 95
Trd, 4319396.193, 94
Trd, 4319397.493, 94
Trd, 4319400.343, 94
Trd, 4319401.893, 96
Trd, 4319402.893, 93
Trd, 4319409.093, 95
Trd, 4319409.643, 94
Trd, 4319409.743, 96
Trd, 4319409.843, 93
Trd, 4319410.843, 93
Trd, 4319411.043, 96
Trd, 4319414.393, 96
Trd, 4319417.293, 94
Trd, 4319419.243, 92
Trd, 4319421.993, 96
Trd, 4319423.143, 92
Trd, 4319424.393, 92
Trd, 4319427.293, 92
Trd, 4319428.093, 95
Trd, 4319428.743, 95
Trd, 4319431.193, 94
Trd, 4319431.243, 94
Trd, 4319431.993, 93
Trd, 4319433.393, 112
Trd, 4319434.443, 102
Trd, 4319434.993, 99
Trd, 4319436.093, 99
Trd, 4319437.093, 100
Trd, 4319437.893, 100
Trd, 4319438.943, 100
Trd, 4319439.643, 104
Trd, 4319439.693, 95
Trd, 4319441.193, 86
Trd, 4319441.843, 100
Trd, 4319444.543, 95
Trd, 4319446.443, 98
Trd, 4319447.893, 95
Trd, 4319449.293, 94
Trd, 4319450.243, 94
Trd, 4319451.443, 94
Trd, 4319454.093, 98
Trd, 4319456.543, 98
Trd, 4319457.543, 95
Trd, 4319462.043, 95
Trd, 4319462.743, 94
Trd, 4319462.943, 94
Trd, 4319463.043, 98
Trd, 4319468.293, 95
Trd, 4319470.243, 94
Trd, 4319470.743, 98
Trd, 4319473.143, 93
Trd, 4319473.793, 97
Trd, 4319475.643, 95
Trd, 4319476.843, 100
Trd, 4319477.243, 99
Trd, 4319478.243, 100
Trd, 4319478.293, 98
Trd, 4319479.193, 98
Trd, 4319480.593, 98
Trd, 4319483.093, 97
Trd, 4319484.243, 96
Trd, 4319484.843, 98
Trd, 4319489.043, 97
Trd, 4319489.593, 95
Trd, 4319491.343, 96
Trd, 4319492.093, 95
Trd, 4319494.993, 94
Trd, 4319495.643, 96
Trd, 4319496.793, 94
Trd, 4319498.643, 93
Trd, 4319499.293, 96
Trd, 4319501.343, 96
Trd, 4319503.093, 94
Trd, 4319505.793, 95
Trd, 4319508.343, 95
Trd, 4319508.943, 95
Trd, 4319512.543, 96
Trd, 4319514.643, 93
Trd, 4319515.493, 96
Trd, 4319515.943, 93
Trd, 4319517.343, 96
Trd, 4319517.793, 95
Trd, 4319518.693, 94
Trd, 4319522.193, 94
Trd, 4319523.343, 93
Trd, 4319526.043, 96
Trd, 4319530.893, 95
Trd, 4319531.693, 96
Trd, 4319533.393, 93
Trd, 4319533.493, 93
Trd, 4319534.843, 96
Trd, 4319536.343, 92
Trd, 4319537.693, 96
Trd, 4319540.493, 94
Trd, 4319541.943, 94
Trd, 4319545.493, 95
Trd, 4319545.743, 96
Trd, 4319547.943, 95
Trd, 4319551.043, 94
Trd, 4319551.193, 96
Trd, 4319554.193, 95
Trd, 4319555.643, 95
Trd, 4319555.693, 94
Trd, 4319556.743, 96
Trd, 4319558.893, 95
Trd, 4319561.293, 96
Trd, 4319562.193, 94
Trd, 4319564.993, 93
Trd, 4319566.293, 93
Trd, 4319566.393, 96
Trd, 4319567.543, 96
Trd, 4319568.193, 95
Trd, 4319570.793, 92
Trd, 4319573.243, 91
Trd, 4319577.693, 95
Trd, 4319577.793, 91
Trd, 4319577.993, 90
Trd, 4319580.893, 95
Trd, 4319582.143, 90
Trd, 4319582.293, 95
Trd, 4319584.993, 95
Trd, 4319586.293, 89
Trd, 4319587.893, 95
Trd, 4319588.343, 89
Trd, 4319589.443, 89
Trd, 4319590.043, 95
Trd, 4319591.943, 95
Trd, 4319592.743, 88
Trd, 4319592.843, 88
Trd, 4319593.443, 95
Trd, 4319595.843, 88
Trd, 4319596.493, 95
Trd, 4319599.143, 87
Trd, 4319599.543, 92
Trd, 4319601.393, 86
Trd, 4319602.293, 92
Trd, 4319604.793, 85
Trd, 4319605.943, 92
Trd, 4319607.643, 89
Trd, 4319607.993, 86
Trd, 4319608.193, 89
Trd, 4319609.593, 86
Trd, 4319610.543, 89
Trd, 4319612.093, 86
Trd, 4319614.943, 86
Trd, 4319616.443, 89
Trd, 4319617.293, 89
Trd, 4319617.793, 86
Trd, 4319618.693, 89
Trd, 4319623.043, 86
Trd, 4319623.143, 89
Trd, 4319623.593, 85
Trd, 4319624.193, 85
Trd, 4319626.443, 89
Trd, 4319628.543, 86
Trd, 4319629.243, 89
Trd, 4319630.793, 85
Trd, 4319633.143, 89
Trd, 4319633.643, 86
Trd, 4319634.843, 89
Trd, 4319636.043, 88
Trd, 4319636.693, 90
Trd, 4319638.843, 95
Trd, 4319639.193, 95
Trd, 4319640.543, 112
Trd, 4319640.593, 103
Trd, 4319641.443, 100
Trd, 4319642.393, 103
Trd, 4319644.243, 99
Trd, 4319644.293, 95
Trd, 4319645.643, 104
Trd, 4319647.443, 97
Trd, 4319649.443, 98
Trd, 4319653.993, 98
Trd, 4319654.343, 100
Trd, 4319655.043, 97
Trd, 4319655.443, 96
Trd, 4319659.493, 96
Trd, 4319660.143, 98
Trd, 4319661.343, 95
Trd, 4319665.493, 98
Trd, 4319668.293, 96
Trd, 4319669.293, 96
Trd, 4319670.393, 95
Trd, 4319672.393, 98
Trd, 4319675.343, 95
Trd, 4319676.193, 94
Trd, 4319678.243, 98
Trd, 4319678.993, 94
Trd, 4319683.243, 95
Trd, 4319684.443, 98
Trd, 4319685.543, 95
Trd, 4319686.893, 97
Trd, 4319689.093, 94
Trd, 4319690.293, 97
Trd, 4319692.343, 94
Trd, 4319694.343, 94
Trd, 4319697.493, 93
Trd, 4319698.993, 96
Trd, 4319699.893, 95
Trd, 4319700.143, 93
Trd, 4319701.443, 92
Trd, 4319703.643, 95
Trd, 4319704.443, 95
Trd, 4319707.543, 92
Trd, 4319708.493, 96
Trd, 4319710.093, 95
Trd, 4319712.043, 95
Trd, 4319713.343, 94
Trd, 4319714.893, 95
Trd, 4319715.943, 93
Trd, 4319717.243, 95
Trd, 4319717.543, 95
Trd, 4319718.143, 92
Trd, 4319719.393, 91
Trd, 4319722.493, 95
Trd, 4319722.843, 90
Trd, 4319723.243, 90
Trd, 4319725.793, 95
Trd, 4319726.543, 95
Trd, 4319727.243, 90
Trd, 4319728.393, 89
Trd, 4319729.993, 95
Trd, 4319732.643, 95
Trd, 4319735.193, 93
Trd, 4319735.743, 95
Trd, 4319736.943, 92
Trd, 4319737.743, 95
Trd, 4319738.243, 92
Trd, 4319738.543, 95
Trd, 4319739.043, 91
Trd, 4319741.193, 95
Trd, 4319742.893, 91
Trd, 4319744.243, 95
Trd, 4319746.893, 93
Trd, 4319747.193, 95
Trd, 4319749.443, 92
Trd, 4319750.693, 91
Trd, 4319751.643, 95
Trd, 4319753.943, 91
Trd, 4319754.693, 89
Trd, 4319757.093, 95
Trd, 4319758.643, 92
Trd, 4319760.743, 94
Trd, 4319761.293, 94
Trd, 4319761.343, 95
Trd, 4319761.843, 112
Trd, 4319763.793, 92
Trd, 4319764.243, 77
Trd, 4319768.043, 89
Trd, 4319768.993, 92
Trd, 4319769.193, 92
Trd, 4319769.593, 89
Trd, 4319771.493, 91
Trd, 4319775.593, 89
Trd, 4319775.743, 89
Trd, 4319776.143, 91
Trd, 4319778.343, 87
Trd, 4319779.943, 87
Trd, 4319780.343, 91
Trd, 4319782.143, 91
Trd, 4319782.743, 95
Trd, 4319784.293, 87
Trd, 4319786.143, 91
Trd, 4319787.093, 91
Trd, 4319787.493, 86
Trd, 4319788.243, 86
Trd, 4319791.743, 86
Trd, 4319792.243, 89
Trd, 4319792.993, 89
Trd, 4319795.993, 86
Trd, 4319797.143, 85
Trd, 4319797.393, 85
Trd, 4319797.743, 89
Trd, 4319798.143, 95
Trd, 4319800.143, 90
Trd, 4319800.293, 84
Trd, 4319802.093, 87
Trd, 4319802.643, 89
Trd, 4319804.643, 89
Trd, 4319805.543, 86
Trd, 4319808.543, 89
Trd, 4319809.543, 89
Trd, 4319809.843, 85
Trd, 4319810.443, 85
Trd, 4319814.993, 93
Trd, 4319816.193, 91
Trd, 4319816.343, 90
Trd, 4319816.643, 95
Trd, 4319817.393, 86
Trd, 4319820.443, 89
Trd, 4319820.843, 92
Trd, 4319821.293, 92
Trd, 4319822.293, 88
Trd, 4319824.093, 95
Trd, 4319824.143, 87
Trd, 4319824.893, 87
Trd, 4319826.043, 93
Trd, 4319827.893, 87
Trd, 4319830.243, 86
Trd, 4319832.143, 92
Trd, 4319834.093, 86
Trd, 4319835.043, 86
Trd, 4319835.093, 93
Trd, 4319836.793, 95
Trd, 4319838.793, 96
Trd, 4319839.093, 95
Trd, 4319841.893, 98
Trd, 4319842.593, 99
Trd, 4319843.043, 110
Trd, 4319845.193, 99
Trd, 4319847.393, 99
Trd, 4319848.093, 99
Trd, 4319849.543, 99
Trd, 4319850.243, 97
Trd, 4319853.393, 99
Trd, 4319853.593, 97
Trd, 4319855.793, 96
Trd, 4319858.693, 96
Trd, 4319860.393, 98
Trd, 4319861.743, 95
Trd, 4319862.043, 95
Trd, 4319864.193, 96
Trd, 4319867.093, 98
Trd, 4319867.793, 95
Trd, 4319870.043, 98
Trd, 4319870.343, 94
Trd, 4319871.993, 94
Trd, 4319874.593, 95
Trd, 4319878.293, 97
Trd, 4319879.993, 93
Trd, 4319880.743, 93
Trd, 4319881.143, 97
Trd, 4319886.243, 95
Trd, 4319887.593, 97
Trd, 4319888.293, 94
Trd, 4319891.843, 97
Trd, 4319892.593, 95
Trd, 4319894.293, 97
Trd, 4319895.243, 95
Trd, 4319896.343, 94
Trd, 4319898.443, 93
Trd, 4319899.943, 95
Trd, 4319900.093, 97
Trd, 4319903.843, 96
Trd, 4319905.293, 95
Trd, 4319907.693, 94
Trd, 4319909.693, 97
Trd, 4319912.243, 97
Trd, 4319913.443, 95
Trd, 4319914.343, 97
Trd, 4319914.493, 95
Trd, 4319917.093, 94
Trd, 4319918.793, 94
Trd, 4319919.593, 94
Trd, 4319920.943, 94
Trd, 4319923.943, 97
Trd, 4319927.043, 95
Trd, 4319927.793, 94
Trd, 4319932.193, 97
Trd, 4319933.843, 95
Trd, 4319933.893, 94
Trd, 4319934.693, 93
Trd, 4319935.493, 93
Trd, 4319939.693, 97
Trd, 4319941.343, 95
Trd, 4319941.443, 93
Trd, 4319946.093, 95
Trd, 4319946.693, 97
Trd, 4319948.243, 95
Trd, 4319951.093, 95
Trd, 4319954.143, 95
Trd, 4319955.543, 97
Trd, 4319956.743, 95
Trd, 4319959.843, 95
Trd, 4319961.143, 95
Trd, 4319963.693, 97
Trd, 4319964.043, 94
Trd, 4319970.143, 94
Trd, 4319970.593, 95
Trd, 4319971.293, 94
Trd, 4319972.143, 104
Trd, 4319973.593, 98
Trd, 4319975.143, 94
Trd, 4319975.743, 95
Trd, 4319980.793, 98
Trd, 4319982.943, 94
Trd, 4319982.993, 94
Trd, 4319986.793, 98
Trd, 4319988.143, 94
Trd, 4319988.743, 98
Trd, 4319988.993, 95
Trd, 4319993.493, 95
Trd, 4319994.643, 95
Trd, 4319995.343, 98
Trd, 4319997.643, 98
