Trd, 4317815.893, 97
Trd, 4317816.543, 97
Trd, 4317818.193, 97
Trd, 4317819.543, 98
Trd, 4317822.543, 98
Trd, 4317823.093, 98
Trd, 4317827.593, 96
Trd, 4317828.193, 97
Trd, 4317830.093, 108
Trd, 4317831.643, 94
Trd, 4317831.693, 99
Trd, 4317831.843, 100
Trd, 4317836.293, 99
Trd, 4317838.293, 98
Trd, 4317838.443, 99
Trd, 4317841.193, 99
Trd, 4317841.443, 100
Trd, 4317843.343, 97
Trd, 4317846.093, 99
Trd, 4317847.393, 96
Trd, 4317848.293, 99
Trd, 4317848.743, 98
Trd, 4317853.343, 98
Trd, 4317854.193, 94
Trd, 4317854.893, 98
Trd, 4317855.043, 98
Trd, 4317857.193, 98
Trd, 4317858.443, 96
Trd, 4317860.293, 98
Trd, 4317861.943, 98
Trd, 4317863.643, 98
Trd, 4317866.793, 99
Trd, 4317867.143, 99
Trd, 4317867.293, 93
Trd, 4317867.743, 99
Trd, 4317868.393, 99
Trd, 4317870.543, 98
Trd, 4317871.793, 107
Trd, 4317872.343, 95
Trd, 4317873.743, 104
Trd, 4317876.093, 104
Trd, 4317877.343, 104
Trd, 4317878.493, 94
Trd, 4317879.443, 104
Trd, 4317880.893, 104
Trd, 4317880.993, 102
Trd, 4317882.843, 103
Trd, 4317884.093, 101
Trd, 4317886.243, 102
Trd, 4317888.743, 99
Trd, 4317889.693, 102
Trd, 4317890.093, 95
Trd, 4317891.643, 98
Trd, 4317892.743, 99
Trd, 4317893.643, 103
Trd, 4317894.693, 87
Trd, 4317894.843, 107
Trd, 4317898.093, 105
Trd, 4317899.143, 106
Trd, 4317903.743, 94
Trd, 4317904.693, 95
Trd, 4317906.093, 95
Trd, 4317906.793, 95
Trd, 4317907.393, 97
Trd, 4317908.693, 94
Trd, 4317911.393, 100
Trd, 4317914.193, 104
Trd, 4317914.393, 102
Trd, 4317915.843, 103
Trd, 4317917.743, 103
Trd, 4317918.043, 101
Trd, 4317918.493, 93
Trd, 4317920.593, 100
Trd, 4317922.293, 99
Trd, 4317922.643, 99
Trd, 4317923.293, 97
Trd, 4317928.143, 98
Trd, 4317929.693, 96
Trd, 4317929.993, 96
Trd, 4317931.043, 97
Trd, 4317933.043, 97
Trd, 4317933.293, 97
Trd, 4317934.293, 94
Trd, 4317935.493, 98
Trd, 4317938.293, 98
Trd, 4317938.643, 113
Trd, 4317938.843, 104
Trd, 4317939.843, 97
Trd, 4317941.493, 95
Trd, 4317942.243, 94
Trd, 4317942.493, 94
Trd, 4317943.793, 96
Trd, 4317946.693, 95
Trd, 4317947.493, 95
Trd, 4317947.843, 93
Trd, 4317950.993, 95
Trd, 4317951.843, 99
Trd, 4317952.793, 100
Trd, 4317954.293, 113
Trd, 4317955.243, 103
Trd, 4317956.843, 100
Trd, 4317957.743, 100
Trd, 4317957.893, 101
Trd, 4317960.193, 101
Trd, 4317964.493, 101
Trd, 4317964.993, 113
Trd, 4317966.143, 98
Trd, 4317967.893, 103
Trd, 4317970.793, 92
Trd, 4317971.693, 92
Trd, 4317972.443, 90
Trd, 4317972.893, 91
Trd, 4317975.593, 90
Trd, 4317975.793, 91
Trd, 4317976.693, 90
Trd, 4317979.043, 90
Trd, 4317979.843, 91
Trd, 4317981.393, 89
Trd, 4317983.543, 100
Trd, 4317983.843, 99
Trd, 4317985.043, 102
Trd, 4317988.093, 102
Trd, 4317988.443, 87
Trd, 4317990.293, 97
Trd, 4317991.393, 97
Trd, 4317992.893, 89
Trd, 4317995.043, 95
Trd, 4317996.493, 95
Trd, 4317998.943, 95
Trd, 4317999.093, 95
Trd, 4318000.093, 94
Trd, 4318001.343, 95
Trd, 4318003.293, 95
Trd, 4318003.493, 93
Trd, 4318003.893, 96
Trd, 4318007.593, 95
Trd, 4318008.643, 98
Trd, 4318012.243, 95
Trd, 4318013.093, 92
Trd, 4318014.443, 95
Trd, 4318015.293, 94
Trd, 4318017.593, 96
Trd, 4318019.493, 94
Trd, 4318020.193, 94
Trd, 4318022.043, 93
Trd, 4318022.943, 95
Trd, 4318027.593, 94
Trd, 4318031.293, 94
Trd, 4318031.843, 94
Trd, 4318032.443, 92
Trd, 4318033.643, 94
Trd, 4318034.293, 87
Trd, 4318035.193, 97
Trd, 4318036.493, 101
Trd, 4318037.943, 100
Trd, 4318038.843, 98
Trd, 4318039.093, 105
Trd, 4318039.843, 93
Trd, 4318040.243, 97
Trd, 4318040.893, 97
Trd, 4318042.893, 101
Trd, 4318045.793, 100
Trd, 4318046.643, 100
Trd, 4318047.293, 100
Trd, 4318048.893, 96
Trd, 4318048.943, 86
Trd, 4318052.393, 98
Trd, 4318054.643, 93
Trd, 4318054.693, 98
Trd, 4318055.793, 98
Trd, 4318056.293, 98
Trd, 4318061.093, 93
Trd, 4318063.393, 97
Trd, 4318064.343, 97
Trd, 4318065.043, 97
Trd, 4318066.793, 97
Trd, 4318068.043, 94
Trd, 4318068.193, 98
Trd, 4318070.543, 97
Trd, 4318071.843, 93
Trd, 4318072.043, 97
Trd, 4318073.543, 97
Trd, 4318076.093, 97
Trd, 4318077.493, 91
Trd, 4318077.843, 98
Trd, 4318082.393, 98
Trd, 4318085.293, 92
Trd, 4318088.193, 95
Trd, 4318088.943, 96
Trd, 4318090.493, 96
Trd, 4318092.043, 96
Trd, 4318092.393, 96
Trd, 4318093.543, 112
Trd, 4318096.193, 102
Trd, 4318096.893, 100
Trd, 4318097.893, 98
Trd, 4318099.693, 113
Trd, 4318100.943, 94
Trd, 4318102.343, 97
Trd, 4318103.243, 99
Trd, 4318104.443, 99
Trd, 4318105.443, 98
Trd, 4318109.093, 92
Trd, 4318110.493, 97
Trd, 4318111.343, 98
Trd, 4318111.993, 97
Trd, 4318114.643, 98
Trd, 4318115.043, 96
Trd, 4318115.643, 93
Trd, 4318117.543, 97
Trd, 4318121.093, 95
Trd, 4318123.543, 98
Trd, 4318124.993, 98
Trd, 4318129.443, 98
Trd, 4318129.843, 95
Trd, 4318133.193, 96
Trd, 4318134.693, 97
Trd, 4318138.893, 97
Trd, 4318139.143, 97
Trd, 4318140.743, 97
Trd, 4318141.243, 94
Trd, 4318144.793, 93
Trd, 4318145.393, 97
Trd, 4318146.593, 97
Trd, 4318147.643, 100
Trd, 4318149.293, 99
Trd, 4318151.293, 113
Trd, 4318152.143, 107
Trd, 4318152.243, 105
Trd, 4318154.443, 106
Trd, 4318156.493, 93
Trd, 4318157.993, 101
Trd, 4318160.943, 113
Trd, 4318165.143, 99
Trd, 4318167.493, 104
Trd, 4318169.743, 104
Trd, 4318171.243, 98
Trd, 4318172.293, 102
Trd, 4318172.843, 97
Trd, 4318173.093, 102
Trd, 4318175.393, 102
Trd, 4318177.693, 102
Trd, 4318180.643, 96
Trd, 4318181.343, 102
Trd, 4318185.093, 94
Trd, 4318185.493, 100
Trd, 4318185.843, 100
Trd, 4318187.343, 88
Trd, 4318187.743, 90
Trd, 4318188.943, 90
Trd, 4318194.343, 90
Trd, 4318195.093, 89
Trd, 4318195.243, 90
Trd, 4318196.343, 90
Trd, 4318199.193, 90
Trd, 4318199.643, 91
Trd, 4318200.393, 104
Trd, 4318202.243, 101
Trd, 4318202.843, 101
Trd, 4318203.543, 96
Trd, 4318205.493, 112
Trd, 4318207.493, 101
Trd, 4318208.643, 94
Trd, 4318208.693, 101
Trd, 4318208.943, 103
Trd, 4318213.743, 103
Trd, 4318214.493, 88
Trd, 4318217.243, 100
Trd, 4318218.493, 101
Trd, 4318220.243, 101
Trd, 4318220.543, 113
Trd, 4318222.693, 100
Trd, 4318224.343, 100
Trd, 4318227.443, 104
Trd, 4318228.843, 103
Trd, 4318229.343, 102
Trd, 4318231.443, 99
Trd, 4318232.093, 101
Trd, 4318233.593, 101
Trd, 4318234.143, 98
Trd, 4318239.593, 101
Trd, 4318239.993, 104
Trd, 4318240.893, 103
Trd, 4318241.593, 103
Trd, 4318243.893, 103
Trd, 4318246.043, 102
Trd, 4318247.493, 103
Trd, 4318248.143, 93
Trd, 4318249.393, 101
Trd, 4318251.643, 98
Trd, 4318252.843, 98
Trd, 4318254.593, 113
Trd, 4318254.843, 105
Trd, 4318256.243, 103
Trd, 4318259.843, 102
Trd, 4318260.993, 101
Trd, 4318261.193, 102
Trd, 4318261.593, 106
Trd, 4318261.643, 91
Trd, 4318265.393, 102
Trd, 4318265.493, 96
Trd, 4318268.893, 101
Trd, 4318270.593, 96
Trd, 4318271.743, 100
Trd, 4318271.793, 101
Trd, 4318276.343, 101
Trd, 4318276.493, 96
Trd, 4318277.293, 101
Trd, 4318281.543, 100
Trd, 4318282.193, 95
Trd, 4318284.593, 95
Trd, 4318286.093, 99
Trd, 4318288.793, 94
Trd, 4318291.443, 98
Trd, 4318293.143, 99
Trd, 4318293.193, 113
Trd, 4318294.693, 110
Trd, 4318295.043, 94
Trd, 4318297.093, 104
Trd, 4318300.343, 101
Trd, 4318301.943, 103
Trd, 4318306.043, 103
Trd, 4318308.043, 100
Trd, 4318309.393, 103
Trd, 4318313.193, 101
Trd, 4318313.443, 100
Trd, 4318313.593, 103
Trd, 4318313.993, 101
Trd, 4318314.493, 105
Trd, 4318314.643, 105
Trd, 4318316.943, 103
Trd, 4318318.143, 97
Trd, 4318318.793, 93
Trd, 4318321.043, 99
Trd, 4318322.093, 101
Trd, 4318322.493, 99
Trd, 4318322.693, 100
Trd, 4318324.793, 97
Trd, 4318326.743, 97
Trd, 4318329.493, 98
Trd, 4318329.693, 98
Trd, 4318331.793, 97
Trd, 4318333.093, 95
Trd, 4318336.293, 98
Trd, 4318336.343, 98
Trd, 4318336.693, 105
Trd, 4318338.043, 100
Trd, 4318340.093, 99
Trd, 4318340.943, 99
Trd, 4318342.793, 102
Trd, 4318342.943, 98
Trd, 4318343.643, 98
Trd, 4318346.443, 99
Trd, 4318347.493, 96
Trd, 4318349.193, 97
Trd, 4318349.593, 98
Trd, 4318351.593, 96
Trd, 4318353.593, 97
Trd, 4318354.943, 96
Trd, 4318355.343, 97
Trd, 4318355.643, 98
Trd, 4318357.193, 97
Trd, 4318357.243, 95
Trd, 4318359.543, 96
Trd, 4318361.043, 99
Trd, 4318361.993, 98
Trd, 4318363.343, 109
Trd, 4318364.843, 102
Trd, 4318366.043, 97
Trd, 4318366.943, 103
Trd, 4318368.943, 96
Trd, 4318370.843, 91
Trd, 4318370.993, 93
Trd, 4318374.193, 93
Trd, 4318375.443, 93
Trd, 4318377.643, 93
Trd, 4318378.743, 113
Trd, 4318379.943, 97
Trd, 4318380.943, 99
Trd, 4318383.093, 98
Trd, 4318383.443, 91
Trd, 4318384.243, 99
Trd, 4318389.143, 94
Trd, 4318390.593, 94
Trd, 4318392.593, 94
Trd, 4318394.043, 93
Trd, 4318394.093, 93
Trd, 4318396.493, 94
Trd, 4318397.843, 94
Trd, 4318398.843, 94
Trd, 4318399.793, 86
Trd, 4318401.793, 89
Trd, 4318402.143, 87
Trd, 4318403.593, 87
Trd, 4318405.243, 87
Trd, 4318405.293, 88
Trd, 4318408.393, 87
Trd, 4318410.393, 86
Trd, 4318411.893, 86
Trd, 4318412.443, 94
Trd, 4318413.193, 98
Trd, 4318414.343, 99
Trd, 4318415.343, 112
Trd, 4318415.693, 103
Trd, 4318417.943, 106
Trd, 4318417.993, 105
Trd, 4318419.293, 104
Trd, 4318420.043, 110
Trd, 4318421.443, 113
Trd, 4318424.543, 103
Trd, 4318425.943, 106
Trd, 4318427.043, 106
Trd, 4318429.143, 101
Trd, 4318434.143, 104
Trd, 4318434.493, 104
Trd, 4318435.143, 100
Trd, 4318435.743, 104
Trd, 4318435.943, 100
Trd, 4318444.693, 99
Trd, 4318449.093, 104
Trd, 4318450.543, 99
Trd, 4318451.443, 104
Trd, 4318456.093, 99
Trd, 4318456.593, 104
Trd, 4318456.743, 98
Trd, 4318459.843, 104
Trd, 4318461.343, 100
Trd, 4318464.293, 104
Trd, 4318465.093, 104
Trd, 4318466.693, 99
Trd, 4318473.893, 98
Trd, 4318474.093, 98
Trd, 4318477.743, 89
Trd, 4318478.993, 91
Trd, 4318480.693, 90
Trd, 4318480.743, 91
Trd, 4318480.993, 113
Trd, 4318483.293, 94
Trd, 4318485.543, 90
Trd, 4318485.743, 91
Trd, 4318486.393, 94
Trd, 4318488.443, 90
Trd, 4318490.293, 93
Trd, 4318492.243, 93
Trd, 4318492.793, 95
Trd, 4318494.243, 97
Trd, 4318494.843, 93
Trd, 4318496.043, 92
Trd, 4318497.193, 92
Trd, 4318499.293, 100
Trd, 4318501.993, 108
Trd, 4318502.843, 106
Trd, 4318503.593, 105
Trd, 4318504.693, 96
Trd, 4318505.643, 95
Trd, 4318506.443, 113
Trd, 4318508.393, 105
Trd, 4318508.693, 103
Trd, 4318510.043, 90
Trd, 4318513.643, 103
Trd, 4318515.143, 103
Trd, 4318515.293, 99
Trd, 4318517.193, 103
Trd, 4318518.293, 106
Trd, 4318520.943, 105
Trd, 4318521.193, 105
Trd, 4318521.543, 104
Trd, 4318522.743, 103
Trd, 4318523.043, 92
Trd, 4318524.743, 99
Trd, 4318527.043, 99
Trd, 4318529.793, 98
Trd, 4318531.843, 99
Trd, 4318534.493, 98
Trd, 4318534.993, 97
Trd, 4318535.243, 97
Trd, 4318536.143, 98
Trd, 4318540.193, 97
Trd, 4318541.443, 94
Trd, 4318543.243, 97
Trd, 4318544.843, 95
Trd, 4318545.343, 94
Trd, 4318546.693, 91
Trd, 4318546.943, 92
Trd, 4318548.893, 91
Trd, 4318551.193, 90
Trd, 4318551.293, 91
Trd, 4318553.043, 91
Trd, 4318554.543, 91
Trd, 4318557.243, 86
Trd, 4318557.993, 86
Trd, 4318560.043, 87
Trd, 4318562.393, 87
Trd, 4318564.493, 87
Trd, 4318564.743, 88
Trd, 4318566.743, 89
Trd, 4318568.743, 89
Trd, 4318571.793, 86
Trd, 4318572.393, 87
Trd, 4318572.993, 86
Trd, 4318573.593, 91
Trd, 4318577.443, 104
Trd, 4318577.643, 108
Trd, 4318578.343, 90
Trd, 4318580.093, 94
Trd, 4318580.393, 94
Trd, 4318580.893, 93
Trd, 4318583.443, 95
Trd, 4318584.793, 94
Trd, 4318585.243, 86
Trd, 4318586.243, 90
Trd, 4318587.393, 91
Trd, 4318587.993, 89
Trd, 4318588.343, 113
Trd, 4318589.293, 99
Trd, 4318591.943, 98
Trd, 4318592.993, 98
Trd, 4318593.493, 110
Trd, 4318595.343, 98
Trd, 4318598.843, 96
Trd, 4318599.293, 98
Trd, 4318600.743, 98
Trd, 4318602.993, 94
Trd, 4318605.643, 98
Trd, 4318606.193, 97
Trd, 4318607.343, 96
Trd, 4318608.743, 97
Trd, 4318611.093, 97
Trd, 4318611.293, 95
Trd, 4318612.543, 97
Trd, 4318615.393, 94
Trd, 4318618.593, 97
Trd, 4318618.693, 97
Trd, 4318622.643, 94
Trd, 4318626.143, 97
Trd, 4318629.943, 94
Trd, 4318630.343, 94
Trd, 4318630.393, 97
Trd, 4318631.743, 97
Trd, 4318635.243, 97
Trd, 4318637.093, 98
Trd, 4318638.793, 95
Trd, 4318640.743, 94
Trd, 4318644.243, 97
Trd, 4318647.193, 95
Trd, 4318647.343, 97
Trd, 4318650.443, 97
Trd, 4318650.743, 95
Trd, 4318652.393, 97
Trd, 4318653.293, 96
Trd, 4318654.043, 97
Trd, 4318654.993, 113
Trd, 4318656.943, 95
Trd, 4318658.243, 97
Trd, 4318658.443, 105
Trd, 4318661.643, 100
Trd, 4318662.093, 101
Trd, 4318663.143, 97
Trd, 4318664.593, 101
Trd, 4318667.343, 98
Trd, 4318669.093, 100
Trd, 4318669.293, 99
Trd, 4318670.193, 96
Trd, 4318670.443, 99
Trd, 4318674.543, 101
Trd, 4318674.893, 100
Trd, 4318676.143, 100
Trd, 4318676.843, 106
Trd, 4318678.393, 102
Trd, 4318679.593, 99
Trd, 4318682.943, 98
Trd, 4318687.843, 102
Trd, 4318689.943, 97
Trd, 4318690.143, 98
Trd, 4318690.643, 96
Trd, 4318693.493, 94
Trd, 4318694.843, 96
Trd, 4318697.343, 96
Trd, 4318697.593, 96
Trd, 4318698.793, 94
Trd, 4318699.693, 96
Trd, 4318700.593, 96
Trd, 4318701.443, 92
Trd, 4318703.843, 93
Trd, 4318704.893, 92
Trd, 4318706.043, 94
Trd, 4318708.993, 104
Trd, 4318709.093, 110
Trd, 4318710.243, 103
Trd, 4318710.993, 102
Trd, 4318712.693, 98
Trd, 4318715.493, 100
Trd, 4318715.743, 100
Trd, 4318717.043, 98
Trd, 4318720.043, 98
Trd, 4318720.293, 99
Trd, 4318721.743, 99
Trd, 4318723.093, 99
Trd, 4318723.693, 94
Trd, 4318724.343, 99
Trd, 4318726.143, 113
Trd, 4318727.943, 100
Trd, 4318729.743, 102
Trd, 4318731.593, 99
Trd, 4318731.743, 102
Trd, 4318731.793, 102
Trd, 4318734.393, 102
Trd, 4318736.743, 102
Trd, 4318739.643, 102
Trd, 4318740.493, 103
Trd, 4318740.893, 103
Trd, 4318743.593, 104
Trd, 4318744.043, 102
Trd, 4318744.543, 104
Trd, 4318746.043, 104
Trd, 4318746.643, 104
Trd, 4318749.943, 101
Trd, 4318754.193, 101
Trd, 4318754.593, 104
Trd, 4318755.193, 96
Trd, 4318758.343, 99
Trd, 4318758.793, 98
Trd, 4318761.593, 100
Trd, 4318763.043, 101
Trd, 4318765.943, 100
Trd, 4318766.593, 97
Trd, 4318768.043, 99
Trd, 4318770.993, 113
Trd, 4318771.093, 103
Trd, 4318771.943, 103
Trd, 4318772.093, 98
Trd, 4318774.893, 101
Trd, 4318776.093, 95
Trd, 4318776.443, 96
Trd, 4318779.943, 101
Trd, 4318780.043, 97
Trd, 4318782.893, 113
Trd, 4318783.943, 104
Trd, 4318784.343, 113
Trd, 4318786.643, 105
Trd, 4318787.743, 87
Trd, 4318790.743, 104
Trd, 4318790.993, 104
Trd, 4318791.393, 100
Trd, 4318796.443, 102
Trd, 4318798.193, 104
Trd, 4318800.143, 101
Trd, 4318803.743, 104
Trd, 4318805.143, 100
Trd, 4318807.043, 99
Trd, 4318808.143, 105
Trd, 4318808.693, 104
Trd, 4318811.543, 98
Trd, 4318811.793, 102
Trd, 4318813.393, 101
Trd, 4318816.743, 101
Trd, 4318817.893, 100
Trd, 4318818.743, 101
Trd, 4318819.043, 102
Trd, 4318821.843, 98
Trd, 4318822.543, 94
Trd, 4318824.693, 94
Trd, 4318825.643, 102
Trd, 4318827.243, 101
Trd, 4318827.593, 94
Trd, 4318828.743, 101
Trd, 4318835.043, 99
Trd, 4318836.043, 99
Trd, 4318837.393, 94
Trd, 4318840.643, 97
Trd, 4318841.993, 95
Trd, 4318844.193, 95
Trd, 4318844.593, 93
Trd, 4318847.893, 95
Trd, 4318850.693, 94
Trd, 4318851.443, 103
Trd, 4318851.493, 100
Trd, 4318852.543, 97
Trd, 4318854.243, 96
Trd, 4318854.893, 94
Trd, 4318856.293, 97
Trd, 4318856.893, 101
Trd, 4318858.843, 99
Trd, 4318860.143, 97
Trd, 4318860.793, 98
Trd, 4318861.593, 97
Trd, 4318863.243, 96
Trd, 4318864.443, 91
Trd, 4318864.693, 97
Trd, 4318866.043, 104
Trd, 4318868.543, 97
Trd, 4318869.743, 95
Trd, 4318871.793, 96
Trd, 4318873.093, 94
Trd, 4318873.443, 96
Trd, 4318876.093, 95
Trd, 4318876.693, 93
Trd, 4318881.043, 95
Trd, 4318882.393, 95
Trd, 4318884.543, 91
Trd, 4318884.943, 95
Trd, 4318886.293, 90
Trd, 4318887.043, 95
Trd, 4318889.693, 95
Trd, 4318889.743, 89
Trd, 4318893.093, 94
Trd, 4318895.343, 94
Trd, 4318897.643, 91
Trd, 4318899.793, 94
Trd, 4318902.043, 94
Trd, 4318903.893, 93
Trd, 4318904.443, 91
Trd, 4318906.443, 93
Trd, 4318906.893, 104
Trd, 4318908.843, 98
Trd, 4318909.043, 99
Trd, 4318910.243, 114
Trd, 4318913.093, 102
Trd, 4318913.793, 101
Trd, 4318913.843, 100
Trd, 4318919.043, 96
Trd, 4318919.693, 97
Trd, 4318921.643, 86
Trd, 4318922.443, 88
Trd, 4318922.593, 88
Trd, 4318923.343, 89
Trd, 4318925.643, 88
Trd, 4318926.043, 89
Trd, 4318928.793, 89
Trd, 4318931.893, 89
Trd, 4318933.143, 89
Trd, 4318933.443, 87
Trd, 4318934.443, 90
Trd, 4318937.743, 90
Trd, 4318938.143, 88
Trd, 4318939.143, 89
Trd, 4318941.343, 89
Trd, 4318943.393, 89
Trd, 4318945.193, 89
Trd, 4318945.393, 88
Trd, 4318945.593, 95
Trd, 4318946.343, 87
Trd, 4318948.543, 89
Trd, 4318949.593, 90
Trd, 4318950.243, 91
Trd, 4318951.943, 83
Trd, 4318952.843, 82
Trd, 4318954.393, 86
Trd, 4318954.593, 85
Trd, 4318957.193, 100
Trd, 4318959.293, 99
Trd, 4318959.443, 94
Trd, 4318960.393, 91
Trd, 4318961.193, 104
Trd, 4318961.693, 113
Trd, 4318962.893, 98
Trd, 4318964.843, 100
Trd, 4318967.693, 100
Trd, 4318968.143, 101
Trd, 4318969.193, 95
Trd, 4318970.043, 94
Trd, 4318970.493, 97
Trd, 4318972.893, 86
Trd, 4318973.843, 92
Trd, 4318974.893, 105
Trd, 4318976.143, 100
Trd, 4318977.193, 93
Trd, 4318978.443, 96
Trd, 4318978.593, 104
Trd, 4318980.443, 98
Trd, 4318981.043, 104
Trd, 4318981.493, 105
Trd, 4318983.043, 103
Trd, 4318983.593, 118
Trd, 4318985.293, 117
Trd, 4318987.143, 91
Trd, 4318987.493, 103
Trd, 4318988.493, 98
Trd, 4318989.793, 102
Trd, 4318990.793, 86
Trd, 4318991.043, 95
Trd, 4318992.643, 114
Trd, 4318993.593, 99
Trd, 4318995.393, 97
Trd, 4318996.943, 97
Trd, 4319000.743, 96
Trd, 4319002.093, 96
Trd, 4319002.693, 95
Trd, 4319002.893, 94
Trd, 4319004.293, 96
Trd, 4319005.243, 96
Trd, 4319006.693, 96
Trd, 4319008.143, 97
Trd, 4319009.293, 97
Trd, 4319011.093, 98
Trd, 4319014.943, 104
Trd, 4319015.343, 94
Trd, 4319016.643, 94
Trd, 4319017.543, 94
Trd, 4319019.893, 111
Trd, 4319021.043, 100
Trd, 4319021.643, 98
Trd, 4319023.043, 94
Trd, 4319023.843, 99
Trd, 4319024.843, 98
Trd, 4319026.793, 99
Trd, 4319027.093, 113
Trd, 4319027.843, 101
Trd, 4319032.893, 99
Trd, 4319033.943, 101
Trd, 4319036.443, 101
Trd, 4319037.443, 100
Trd, 4319038.143, 99
Trd, 4319042.293, 99
Trd, 4319045.793, 97
Trd, 4319047.743, 96
Trd, 4319048.693, 99
Trd, 4319049.443, 95
Trd, 4319050.293, 99
Trd, 4319051.193, 99
Trd, 4319052.693, 104
Trd, 4319053.693, 103
Trd, 4319055.693, 103
Trd, 4319057.443, 103
Trd, 4319057.993, 110
Trd, 4319058.093, 98
Trd, 4319061.143, 104
Trd, 4319062.443, 103
Trd, 4319064.843, 98
Trd, 4319066.343, 98
Trd, 4319067.793, 94
Trd, 4319068.043, 98
Trd, 4319070.943, 98
Trd, 4319072.543, 93
Trd, 4319073.043, 95
Trd, 4319075.893, 93
Trd, 4319076.893, 95
Trd, 4319077.643, 94
Trd, 4319080.393, 95
Trd, 4319081.343, 95
Trd, 4319083.993, 95
Trd, 4319084.093, 94
Trd, 4319086.243, 93
Trd, 4319086.443, 92
Trd, 4319088.293, 94
Trd, 4319091.593, 94
Trd, 4319093.393, 94
Trd, 4319093.443, 92
Trd, 4319095.843, 94
Trd, 4319096.593, 91
Trd, 4319099.543, 94
Trd, 4319101.043, 92
Trd, 4319103.043, 93
Trd, 4319107.693, 91
Trd, 4319107.743, 92
Trd, 4319107.893, 92
Trd, 4319108.593, 99
Trd, 4319109.543, 99
Trd, 4319110.243, 99
Trd, 4319113.493, 98
Trd, 4319115.893, 107
Trd, 4319116.343, 104
Trd, 4319116.443, 94
Trd, 4319117.243, 95
Trd, 4319118.993, 96
Trd, 4319120.093, 93
Trd, 4319122.843, 99
Trd, 4319123.343, 111
Trd, 4319124.693, 107
Trd, 4319124.793, 107
Trd, 4319126.543, 107
Trd, 4319126.843, 113
Trd, 4319129.293, 92
Trd, 4319130.743, 94
Trd, 4319131.243, 93
Trd, 4319131.493, 95
Trd, 4319132.543, 91
Trd, 4319134.193, 93
Trd, 4319134.793, 89
Trd, 4319137.893, 91
Trd, 4319138.193, 91
Trd, 4319141.093, 91
Trd, 4319142.743, 91
Trd, 4319143.243, 91
Trd, 4319145.843, 90
Trd, 4319146.393, 91
Trd, 4319146.493, 113
Trd, 4319149.893, 95
Trd, 4319151.293, 95
Trd, 4319152.943, 98
Trd, 4319153.493, 97
Trd, 4319155.343, 90
Trd, 4319157.993, 94
Trd, 4319158.993, 96
Trd, 4319159.543, 95
Trd, 4319160.543, 98
Trd, 4319164.443, 99
Trd, 4319165.193, 100
Trd, 4319166.443, 100
Trd, 4319167.543, 99
Trd, 4319167.893, 100
Trd, 4319168.293, 113
Trd, 4319172.993, 101
Trd, 4319175.393, 98
Trd, 4319175.443, 99
Trd, 4319176.743, 98
Trd, 4319177.043, 106
Trd, 4319177.993, 101
Trd, 4319179.943, 96
Trd, 4319183.693, 94
Trd, 4319186.193, 101
Trd, 4319186.693, 101
Trd, 4319188.343, 106
Trd, 4319188.493, 103
Trd, 4319189.943, 98
Trd, 4319194.443, 101
Trd, 4319194.843, 102
Trd, 4319195.193, 100
Trd, 4319195.343, 101
Trd, 4319199.043, 99
Trd, 4319200.243, 100
Trd, 4319201.343, 101
Trd, 4319204.593, 98
Trd, 4319205.293, 100
Trd, 4319205.443, 100
Trd, 4319207.993, 106
Trd, 4319209.293, 94
Trd, 4319209.493, 101
Trd, 4319211.193, 100
Trd, 4319212.693, 94
Trd, 4319213.493, 99
Trd, 4319218.193, 97
Trd, 4319218.343, 96
Trd, 4319218.593, 95
Trd, 4319219.093, 98
Trd, 4319222.093, 98
Trd, 4319222.543, 95
Trd, 4319225.743, 97
Trd, 4319225.943, 98
Trd, 4319229.393, 96
Trd, 4319230.943, 98
Trd, 4319231.593, 95
Trd, 4319232.693, 98
Trd, 4319232.993, 102
Trd, 4319234.193, 100
Trd, 4319234.643, 99
Trd, 4319237.793, 99
Trd, 4319239.743, 87
Trd, 4319240.443, 94
Trd, 4319241.293, 92
Trd, 4319242.743, 94
Trd, 4319242.993, 94
Trd, 4319245.343, 94
Trd, 4319245.643, 95
Trd, 4319246.793, 91
Trd, 4319248.493, 95
Trd, 4319249.143, 113
Trd, 4319250.393, 122
Trd, 4319253.593, 102
Trd, 4319254.093, 102
Trd, 4319254.743, 95
Trd, 4319255.343, 103
Trd, 4319256.943, 94
Trd, 4319259.743, 104
Trd, 4319260.043, 103
Trd, 4319261.443, 103
Trd, 4319263.193, 103
Trd, 4319265.643, 94
Trd, 4319267.093, 100
Trd, 4319268.743, 98
Trd, 4319270.793, 100
Trd, 4319274.293, 100
Trd, 4319276.243, 97
Trd, 4319276.393, 99
Trd, 4319277.843, 99
Trd, 4319278.543, 96
Trd, 4319283.243, 99
Trd, 4319284.143, 99
Trd, 4319285.143, 97
Trd, 4319285.443, 99
Trd, 4319287.043, 96
Trd, 4319287.693, 99
Trd, 4319288.243, 100
Trd, 4319292.093, 97
Trd, 4319294.843, 99
Trd, 4319295.993, 100
Trd, 4319298.693, 102
Trd, 4319299.243, 102
Trd, 4319301.093, 102
Trd, 4319301.543, 104
Trd, 4319302.843, 103
Trd, 4319303.893, 100
Trd, 4319304.693, 100
Trd, 4319306.093, 102
Trd, 4319306.143, 102
Trd, 4319306.393, 94
Trd, 4319310.293, 97
Trd, 4319311.743, 98
Trd, 4319311.893, 102
Trd, 4319316.943, 98
Trd, 4319317.343, 98
Trd, 4319317.693, 97
Trd, 4319320.993, 94
Trd, 4319324.393, 98
Trd, 4319324.443, 98
Trd, 4319324.493, 98
Trd, 4319325.293, 114
Trd, 4319327.743, 100
Trd, 4319327.793, 102
Trd, 4319331.193, 100
Trd, 4319333.493, 101
Trd, 4319336.493, 101
Trd, 4319337.493, 101
Trd, 4319338.293, 99
Trd, 4319340.293, 100
Trd, 4319343.243, 97
Trd, 4319345.693, 100
Trd, 4319348.493, 109
Trd, 4319349.543, 106
Trd, 4319349.593, 100
Trd, 4319350.343, 103
Trd, 4319352.793, 105
Trd, 4319355.193, 105
Trd, 4319356.443, 102
Trd, 4319357.943, 102
Trd, 4319358.443, 102
Trd, 4319362.993, 100
Trd, 4319363.843, 101
Trd, 4319364.543, 102
Trd, 4319368.593, 101
Trd, 4319369.443, 99
Trd, 4319370.893, 100
Trd, 4319375.193, 97
Trd, 4319379.043, 99
Trd, 4319379.093, 99
Trd, 4319379.693, 96
Trd, 4319382.143, 96
Trd, 4319382.943, 98
Trd, 4319385.093, 96
Trd, 4319389.193, 96
Trd, 4319390.593, 95
Trd, 4319391.093, 94
Trd, 4319392.493, 95
Trd, 4319393.793, 96
Trd, 4319394.293, 91
Trd, 4319396.043, 95
Trd, 4319400.293, 92
Trd, 4319401.343, 95
Trd, 4319401.893, 95
Trd, 4319402.993, 95
Trd, 4319404.043, 99
Trd, 4319406.043, 96
Trd, 4319407.643, 96
Trd, 4319408.843, 96
Trd, 4319410.143, 99
Trd, 4319410.293, 99
Trd, 4319413.043, 98
Trd, 4319416.693, 98
Trd, 4319417.143, 95
Trd, 4319418.543, 98
Trd, 4319420.043, 96
Trd, 4319422.193, 98
Trd, 4319423.943, 98
Trd, 4319426.893, 98
Trd, 4319428.593, 98
Trd, 4319428.943, 97
Trd, 4319429.443, 98
Trd, 4319429.893, 96
Trd, 4319430.693, 113
Trd, 4319434.393, 98
Trd, 4319435.893, 101
Trd, 4319438.443, 101
Trd, 4319440.993, 101
Trd, 4319442.243, 101
Trd, 4319442.793, 97
Trd, 4319444.893, 97
Trd, 4319445.293, 101
Trd, 4319446.293, 102
Trd, 4319447.793, 101
Trd, 4319450.443, 101
Trd, 4319453.193, 114
Trd, 4319453.993, 113
Trd, 4319454.593, 106
Trd, 4319455.693, 99
Trd, 4319456.043, 102
Trd, 4319458.743, 101
Trd, 4319460.193, 94
Trd, 4319461.443, 107
Trd, 4319461.743, 100
Trd, 4319463.443, 97
Trd, 4319465.993, 98
Trd, 4319466.543, 97
Trd, 4319467.543, 96
Trd, 4319468.343, 97
Trd, 4319471.193, 95
Trd, 4319471.743, 96
Trd, 4319472.493, 95
Trd, 4319473.743, 95
Trd, 4319475.843, 94
Trd, 4319478.143, 88
Trd, 4319478.943, 89
Trd, 4319479.693, 90
Trd, 4319482.393, 89
Trd, 4319485.143, 98
Trd, 4319486.943, 90
Trd, 4319487.593, 113
Trd, 4319488.543, 89
Trd, 4319488.693, 94
Trd, 4319491.143, 94
Trd, 4319493.543, 92
Trd, 4319494.443, 93
Trd, 4319494.643, 93
Trd, 4319497.493, 92
Trd, 4319497.993, 92
Trd, 4319498.343, 94
Trd, 4319502.093, 94
Trd, 4319502.193, 94
Trd, 4319502.593, 123
Trd, 4319502.993, 93
Trd, 4319505.793, 99
Trd, 4319506.293, 112
Trd, 4319507.643, 91
Trd, 4319508.393, 105
Trd, 4319511.643, 95
Trd, 4319516.143, 100
Trd, 4319516.943, 100
Trd, 4319518.043, 100
Trd, 4319518.993, 101
Trd, 4319519.643, 101
Trd, 4319520.793, 114
Trd, 4319521.693, 102
Trd, 4319522.743, 104
Trd, 4319523.893, 94
Trd, 4319525.193, 107
Trd, 4319527.343, 103
Trd, 4319530.193, 100
Trd, 4319530.343, 104
Trd, 4319533.443, 107
Trd, 4319534.143, 105
Trd, 4319535.693, 103
Trd, 4319536.093, 106
Trd, 4319537.643, 106
Trd, 4319538.893, 95
Trd, 4319541.393, 101
Trd, 4319544.543, 101
Trd, 4319545.393, 99
Trd, 4319549.693, 101
Trd, 4319550.043, 98
Trd, 4319555.493, 101
Trd, 4319556.643, 97
Trd, 4319558.643, 96
Trd, 4319559.743, 101
Trd, 4319562.543, 101
Trd, 4319563.243, 101
Trd, 4319565.593, 101
Trd, 4319566.443, 97
Trd, 4319569.193, 100
Trd, 4319569.793, 96
Trd, 4319570.343, 100
Trd, 4319574.693, 94
Trd, 4319575.643, 96
Trd, 4319579.793, 96
Trd, 4319579.843, 96
Trd, 4319582.143, 94
Trd, 4319583.143, 96
Trd, 4319583.893, 93
Trd, 4319587.693, 96
Trd, 4319587.843, 99
Trd, 4319588.543, 97
Trd, 4319590.043, 118
Trd, 4319591.343, 112
Trd, 4319592.943, 109
Trd, 4319593.343, 106
Trd, 4319595.293, 107
Trd, 4319597.743, 104
Trd, 4319597.893, 103
Trd, 4319599.093, 102
Trd, 4319599.193, 103
Trd, 4319606.143, 102
Trd, 4319606.293, 102
Trd, 4319608.143, 102
Trd, 4319609.093, 101
Trd, 4319613.943, 100
Trd, 4319614.093, 102
Trd, 4319615.093, 102
Trd, 4319615.143, 102
Trd, 4319619.293, 98
Trd, 4319619.943, 101
Trd, 4319624.143, 101
Trd, 4319627.093, 99
Trd, 4319629.943, 101
Trd, 4319630.043, 98
Trd, 4319630.143, 101
Trd, 4319632.193, 101
Trd, 4319632.943, 101
Trd, 4319637.943, 99
Trd, 4319640.043, 98
Trd, 4319642.293, 94
Trd, 4319643.743, 100
Trd, 4319644.343, 100
Trd, 4319645.493, 100
Trd, 4319645.643, 99
Trd, 4319647.543, 100
Trd, 4319648.893, 107
Trd, 4319650.443, 104
Trd, 4319650.693, 94
Trd, 4319652.543, 99
Trd, 4319654.043, 97
Trd, 4319655.093, 95
Trd, 4319656.193, 97
Trd, 4319656.293, 97
Trd, 4319658.843, 98
Trd, 4319659.843, 96
Trd, 4319661.043, 96
Trd, 4319662.193, 98
Trd, 4319663.893, 97
Trd, 4319664.943, 98
Trd, 4319665.193, 94
Trd, 4319667.043, 98
Trd, 4319667.143, 99
Trd, 4319672.143, 113
Trd, 4319673.493, 100
Trd, 4319673.593, 101
Trd, 4319675.143, 94
Trd, 4319678.943, 98
Trd, 4319679.693, 98
Trd, 4319683.593, 97
Trd, 4319684.393, 98
Trd, 4319684.543, 98
Trd, 4319687.893, 94
Trd, 4319691.943, 98
Trd, 4319694.293, 97
Trd, 4319694.443, 95
Trd, 4319694.493, 98
Trd, 4319694.743, 98
Trd, 4319696.293, 102
Trd, 4319696.343, 100
Trd, 4319697.693, 100
Trd, 4319698.443, 99
Trd, 4319699.843, 113
Trd, 4319700.443, 123
Trd, 4319700.593, 114
Trd, 4319701.643, 94
Trd, 4319702.093, 109
Trd, 4319703.693, 108
Trd, 4319708.093, 105
Trd, 4319708.293, 104
Trd, 4319709.193, 105
Trd, 4319711.843, 103
Trd, 4319715.143, 105
Trd, 4319719.743, 101
Trd, 4319720.393, 105
Trd, 4319722.493, 100
Trd, 4319724.943, 104
Trd, 4319727.093, 104
Trd, 4319732.243, 100
Trd, 4319732.693, 102
Trd, 4319738.843, 99
Trd, 4319741.343, 104
Trd, 4319741.593, 104
Trd, 4319741.843, 100
Trd, 4319746.143, 101
Trd, 4319748.043, 100
Trd, 4319748.193, 101
Trd, 4319751.043, 101
Trd, 4319752.993, 98
Trd, 4319756.993, 101
Trd, 4319757.543, 101
Trd, 4319759.893, 97
Trd, 4319761.143, 101
Trd, 4319764.493, 96
Trd, 4319767.093, 94
Trd, 4319767.793, 97
Trd, 4319768.443, 98
Trd, 4319768.593, 98
Trd, 4319770.943, 97
Trd, 4319774.643, 96
Trd, 4319776.293, 93
Trd, 4319777.093, 95
Trd, 4319777.293, 95
Trd, 4319779.443, 94
Trd, 4319780.293, 94
Trd, 4319780.493, 92
Trd, 4319781.793, 95
Trd, 4319782.693, 92
Trd, 4319784.443, 94
Trd, 4319785.343, 97
Trd, 4319786.693, 97
Trd, 4319787.643, 99
Trd, 4319789.643, 99
Trd, 4319790.193, 86
Trd, 4319792.743, 104
Trd, 4319794.093, 113
Trd, 4319794.243, 103
Trd, 4319795.393, 102
Trd, 4319795.543, 119
Trd, 4319796.193, 89
Trd, 4319798.743, 90
Trd, 4319800.843, 93
Trd, 4319801.393, 94
Trd, 4319802.493, 100
Trd, 4319802.843, 100
Trd, 4319803.343, 97
Trd, 4319805.643, 113
Trd, 4319806.793, 99
Trd, 4319807.793, 94
Trd, 4319809.243, 100
Trd, 4319810.143, 104
Trd, 4319810.743, 104
Trd, 4319811.343, 102
Trd, 4319812.043, 113
Trd, 4319813.093, 94
Trd, 4319816.343, 100
Trd, 4319817.743, 102
Trd, 4319818.643, 101
Trd, 4319818.743, 99
Trd, 4319819.943, 101
Trd, 4319823.893, 98
Trd, 4319824.343, 101
Trd, 4319825.843, 101
Trd, 4319827.543, 100
Trd, 4319830.243, 98
Trd, 4319831.893, 99
Trd, 4319832.543, 97
Trd, 4319837.793, 98
Trd, 4319839.393, 98
Trd, 4319840.793, 98
Trd, 4319841.193, 98
Trd, 4319843.043, 98
Trd, 4319844.193, 96
Trd, 4319844.993, 99
Trd, 4319846.643, 95
Trd, 4319849.443, 96
Trd, 4319850.443, 97
Trd, 4319851.493, 97
Trd, 4319855.193, 97
Trd, 4319855.543, 97
Trd, 4319855.893, 113
Trd, 4319856.143, 94
Trd, 4319859.993, 101
Trd, 4319861.593, 103
Trd, 4319863.193, 118
Trd, 4319864.343, 115
Trd, 4319864.443, 111
Trd, 4319865.893, 110
Trd, 4319867.843, 107
Trd, 4319868.143, 106
Trd, 4319870.743, 104
Trd, 4319871.893, 94
Trd, 4319871.943, 96
Trd, 4319873.743, 97
Trd, 4319874.693, 98
Trd, 4319875.343, 97
Trd, 4319875.843, 107
Trd, 4319877.143, 101
Trd, 4319878.243, 103
Trd, 4319880.843, 100
Trd, 4319882.843, 101
Trd, 4319883.493, 100
Trd, 4319885.343, 101
Trd, 4319887.043, 94
Trd, 4319889.443, 101
Trd, 4319889.943, 100
Trd, 4319891.243, 105
Trd, 4319892.043, 105
Trd, 4319895.543, 102
Trd, 4319897.643, 105
Trd, 4319898.643, 104
Trd, 4319898.893, 105
Trd, 4319899.193, 94
Trd, 4319901.143, 100
Trd, 4319904.343, 100
Trd, 4319906.443, 101
Trd, 4319906.643, 99
Trd, 4319908.043, 114
Trd, 4319909.243, 104
Trd, 4319912.293, 103
Trd, 4319912.443, 106
Trd, 4319913.293, 93
Trd, 4319913.693, 105
Trd, 4319914.493, 98
Trd, 4319919.343, 103
Trd, 4319919.493, 104
Trd, 4319921.443, 98
Trd, 4319924.693, 102
Trd, 4319927.093, 101
Trd, 4319928.793, 99
Trd, 4319929.693, 101
Trd, 4319930.893, 101
Trd, 4319931.343, 102
Trd, 4319931.943, 114
Trd, 4319935.593, 98
Trd, 4319936.443, 95
Trd, 4319937.293, 103
Trd, 4319937.943, 110
Trd, 4319939.593, 103
Trd, 4319942.993, 101
Trd, 4319943.293, 102
Trd, 4319943.593, 94
Trd, 4319948.293, 97
Trd, 4319950.093, 96
Trd, 4319952.193, 100
Trd, 4319952.743, 99
Trd, 4319954.293, 94
Trd, 4319955.043, 99
Trd, 4319956.543, 99
Trd, 4319957.543, 93
Trd, 4319957.993, 100
Trd, 4319960.943, 99
Trd, 4319963.893, 99
Trd, 4319964.543, 99
Trd, 4319967.493, 95
Trd, 4319967.743, 96
Trd, 4319968.243, 97
Trd, 4319970.343, 94
Trd, 4319971.843, 96
Trd, 4319974.943, 97
Trd, 4319976.093, 104
Trd, 4319976.293, 101
Trd, 4319977.093, 100
Trd, 4319978.743, 100
Trd, 4319979.393, 99
Trd, 4319984.143, 98
Trd, 4319986.193, 98
Trd, 4319988.343, 99
Trd, 4319989.093, 98
Trd, 4319991.543, 97
Trd, 4319992.793, 98
Trd, 4319994.943, 97
Trd, 4319995.593, 96
Trd, 4319996.493, 97
Trd, 4319997.293, 94
Trd, 4319999.393, 96
