Trd, 4317907.093, 100
Trd, 4317908.793, 102
Trd, 4317910.493, 97
Trd, 4317910.593, 98
Trd, 4317912.743, 98
Trd, 4317914.243, 96
Trd, 4317914.693, 98
Trd, 4317915.793, 97
Trd, 4317915.943, 95
Trd, 4317919.143, 94
Trd, 4317919.443, 95
Trd, 4317919.693, 95
Trd, 4317920.843, 92
Trd, 4317921.493, 104
Trd, 4317921.943, 102
Trd, 4317922.893, 112
Trd, 4317925.593, 101
Trd, 4317925.643, 102
Trd, 4317926.193, 103
Trd, 4317926.293, 91
Trd, 4317927.293, 103
Trd, 4317930.843, 103
Trd, 4317931.493, 103
Trd, 4317931.743, 99
Trd, 4317932.893, 102
Trd, 4317933.993, 103
Trd, 4317936.293, 102
Trd, 4317938.043, 103
Trd, 4317940.193, 101
Trd, 4317940.743, 93
Trd, 4317942.193, 99
Trd, 4317943.293, 99
Trd, 4317944.793, 97
Trd, 4317945.243, 98
Trd, 4317947.443, 96
Trd, 4317949.143, 97
Trd, 4317949.643, 97
Trd, 4317950.393, 95
Trd, 4317952.143, 96
Trd, 4317952.343, 104
Trd, 4317954.093, 95
Trd, 4317955.493, 94
Trd, 4317955.993, 96
Trd, 4317956.443, 95
Trd, 4317958.093, 95
Trd, 4317959.943, 100
Trd, 4317961.043, 102
Trd, 4317961.093, 103
Trd, 4317963.143, 96
Trd, 4317964.843, 99
Trd, 4317965.443, 98
Trd, 4317966.793, 96
Trd, 4317967.143, 96
Trd, 4317967.393, 97
Trd, 4317970.143, 97
Trd, 4317970.543, 99
Trd, 4317972.043, 102
Trd, 4317973.843, 99
Trd, 4317974.293, 96
Trd, 4317974.443, 114
Trd, 4317978.243, 102
Trd, 4317979.543, 100
Trd, 4317979.893, 95
Trd, 4317981.493, 103
Trd, 4317982.493, 100
Trd, 4317983.343, 94
Trd, 4317984.993, 98
Trd, 4317985.993, 103
Trd, 4317986.593, 97
Trd, 4317987.943, 98
Trd, 4317988.343, 103
Trd, 4317989.193, 97
Trd, 4317992.793, 99
Trd, 4317994.243, 96
Trd, 4317994.793, 97
Trd, 4317995.443, 94
Trd, 4317996.093, 96
Trd, 4317997.443, 104
Trd, 4317999.743, 95
Trd, 4318000.343, 97
Trd, 4318001.593, 94
Trd, 4318002.343, 94
Trd, 4318003.443, 96
Trd, 4318003.543, 98
Trd, 4318005.493, 97
Trd, 4318006.843, 93
Trd, 4318007.443, 96
Trd, 4318009.843, 93
Trd, 4318010.843, 94
Trd, 4318011.943, 104
Trd, 4318011.993, 92
Trd, 4318013.943, 92
Trd, 4318014.943, 93
Trd, 4318017.193, 92
Trd, 4318018.493, 91
Trd, 4318019.993, 95
Trd, 4318020.093, 91
Trd, 4318020.593, 92
Trd, 4318023.543, 100
Trd, 4318025.293, 96
Trd, 4318025.693, 94
Trd, 4318026.593, 93
Trd, 4318027.293, 93
Trd, 4318027.643, 94
Trd, 4318028.543, 82
Trd, 4318028.643, 104
Trd, 4318030.493, 113
Trd, 4318032.543, 113
Trd, 4318035.393, 101
Trd, 4318035.543, 102
Trd, 4318036.793, 98
Trd, 4318037.543, 102
Trd, 4318037.843, 98
Trd, 4318038.093, 102
Trd, 4318038.943, 104
Trd, 4318039.743, 104
Trd, 4318042.143, 104
Trd, 4318044.443, 102
Trd, 4318044.743, 103
Trd, 4318045.593, 104
Trd, 4318045.693, 122
Trd, 4318046.343, 102
Trd, 4318049.043, 102
Trd, 4318049.893, 108
Trd, 4318052.243, 103
Trd, 4318052.693, 104
Trd, 4318055.743, 102
Trd, 4318056.593, 102
Trd, 4318056.893, 104
Trd, 4318057.693, 101
Trd, 4318057.743, 102
Trd, 4318059.243, 99
Trd, 4318059.743, 94
Trd, 4318060.193, 98
Trd, 4318061.593, 104
Trd, 4318062.393, 95
Trd, 4318064.343, 94
Trd, 4318065.393, 92
Trd, 4318065.543, 104
Trd, 4318065.743, 81
Trd, 4318067.443, 113
Trd, 4318067.993, 104
Trd, 4318068.843, 119
Trd, 4318071.243, 111
Trd, 4318073.443, 106
Trd, 4318073.943, 111
Trd, 4318074.843, 109
Trd, 4318080.343, 106
Trd, 4318081.443, 105
Trd, 4318081.793, 104
Trd, 4318082.143, 105
Trd, 4318083.443, 103
Trd, 4318083.543, 104
Trd, 4318084.993, 103
Trd, 4318086.143, 104
Trd, 4318088.193, 103
Trd, 4318088.693, 102
Trd, 4318089.043, 94
Trd, 4318092.143, 101
Trd, 4318092.443, 104
Trd, 4318093.393, 99
Trd, 4318093.893, 99
Trd, 4318094.443, 98
Trd, 4318096.143, 98
Trd, 4318097.893, 97
Trd, 4318100.293, 96
Trd, 4318101.143, 97
Trd, 4318101.943, 97
Trd, 4318102.793, 96
Trd, 4318103.793, 105
Trd, 4318104.143, 99
Trd, 4318105.493, 94
Trd, 4318108.693, 97
Trd, 4318109.093, 97
Trd, 4318111.393, 97
Trd, 4318111.943, 95
Trd, 4318113.243, 96
Trd, 4318113.693, 97
Trd, 4318115.293, 95
Trd, 4318115.993, 93
Trd, 4318116.393, 97
Trd, 4318116.893, 105
Trd, 4318117.993, 84
Trd, 4318120.393, 92
Trd, 4318123.793, 91
Trd, 4318123.993, 92
Trd, 4318124.193, 91
Trd, 4318126.443, 90
Trd, 4318126.943, 91
Trd, 4318128.993, 91
Trd, 4318130.393, 93
Trd, 4318131.043, 95
Trd, 4318132.843, 93
Trd, 4318133.043, 95
Trd, 4318133.893, 88
Trd, 4318135.093, 77
Trd, 4318138.693, 89
Trd, 4318139.143, 90
Trd, 4318139.343, 90
Trd, 4318139.393, 96
Trd, 4318142.743, 90
Trd, 4318143.493, 87
Trd, 4318144.843, 86
Trd, 4318144.993, 87
Trd, 4318145.043, 96
Trd, 4318145.793, 105
Trd, 4318146.293, 86
Trd, 4318148.393, 100
Trd, 4318150.943, 91
Trd, 4318151.293, 96
Trd, 4318153.143, 94
Trd, 4318155.143, 92
Trd, 4318156.193, 94
Trd, 4318157.343, 93
Trd, 4318158.543, 94
Trd, 4318159.393, 92
Trd, 4318159.593, 95
Trd, 4318160.993, 95
Trd, 4318163.443, 91
Trd, 4318164.093, 102
Trd, 4318164.143, 105
Trd, 4318164.893, 113
Trd, 4318165.443, 102
Trd, 4318168.593, 90
Trd, 4318170.343, 101
Trd, 4318174.193, 90
Trd, 4318175.143, 91
Trd, 4318175.793, 94
Trd, 4318176.543, 89
Trd, 4318177.793, 89
Trd, 4318178.943, 90
Trd, 4318180.043, 89
Trd, 4318181.543, 89
Trd, 4318181.993, 88
Trd, 4318183.393, 89
Trd, 4318186.093, 87
Trd, 4318186.243, 89
Trd, 4318188.343, 95
Trd, 4318188.643, 86
Trd, 4318188.743, 104
Trd, 4318189.543, 113
Trd, 4318191.893, 85
Trd, 4318192.793, 94
Trd, 4318194.193, 93
Trd, 4318194.243, 94
Trd, 4318196.943, 88
Trd, 4318198.543, 90
Trd, 4318199.343, 95
Trd, 4318199.493, 88
Trd, 4318201.243, 92
Trd, 4318201.593, 95
Trd, 4318203.693, 87
Trd, 4318204.193, 112
Trd, 4318206.643, 96
Trd, 4318207.293, 104
Trd, 4318207.843, 98
Trd, 4318209.793, 94
Trd, 4318211.893, 98
Trd, 4318213.293, 93
Trd, 4318214.193, 85
Trd, 4318215.193, 93
Trd, 4318216.443, 104
Trd, 4318216.993, 98
Trd, 4318217.543, 90
Trd, 4318218.543, 97
Trd, 4318222.443, 89
Trd, 4318224.393, 91
Trd, 4318224.543, 93
Trd, 4318224.793, 94
Trd, 4318227.343, 96
Trd, 4318227.893, 109
Trd, 4318230.943, 99
Trd, 4318232.143, 98
Trd, 4318232.893, 98
Trd, 4318233.493, 85
Trd, 4318234.943, 99
Trd, 4318235.493, 112
Trd, 4318237.743, 107
Trd, 4318239.493, 103
Trd, 4318239.643, 96
Trd, 4318242.843, 101
Trd, 4318244.293, 98
Trd, 4318244.743, 96
Trd, 4318245.693, 104
Trd, 4318247.343, 104
Trd, 4318247.543, 100
Trd, 4318248.693, 100
Trd, 4318249.793, 112
Trd, 4318250.693, 105
Trd, 4318252.293, 100
Trd, 4318252.693, 99
Trd, 4318253.493, 99
Trd, 4318255.343, 104
Trd, 4318257.793, 101
Trd, 4318258.243, 98
Trd, 4318259.643, 100
Trd, 4318259.993, 97
Trd, 4318261.793, 99
Trd, 4318263.393, 97
Trd, 4318264.893, 95
Trd, 4318264.993, 96
Trd, 4318265.093, 94
Trd, 4318265.543, 96
Trd, 4318267.893, 96
Trd, 4318268.243, 94
Trd, 4318269.543, 96
Trd, 4318271.793, 93
Trd, 4318272.793, 95
Trd, 4318273.143, 95
Trd, 4318273.693, 95
Trd, 4318276.843, 92
Trd, 4318277.193, 93
Trd, 4318279.293, 93
Trd, 4318279.343, 104
Trd, 4318281.793, 96
Trd, 4318282.593, 91
Trd, 4318283.343, 93
Trd, 4318284.793, 90
Trd, 4318285.593, 90
Trd, 4318285.893, 93
Trd, 4318288.243, 84
Trd, 4318288.493, 92
Trd, 4318288.543, 95
Trd, 4318289.193, 104
Trd, 4318289.643, 122
Trd, 4318293.093, 112
Trd, 4318295.293, 104
Trd, 4318295.443, 101
Trd, 4318296.543, 111
Trd, 4318298.143, 104
Trd, 4318298.893, 103
Trd, 4318299.643, 104
Trd, 4318301.243, 105
Trd, 4318301.493, 105
Trd, 4318303.543, 103
Trd, 4318304.593, 106
Trd, 4318304.743, 106
Trd, 4318308.743, 106
Trd, 4318309.643, 104
Trd, 4318310.293, 104
Trd, 4318311.543, 103
Trd, 4318312.143, 102
Trd, 4318312.493, 103
Trd, 4318312.543, 104
Trd, 4318313.093, 94
Trd, 4318314.793, 99
Trd, 4318315.093, 104
Trd, 4318317.693, 98
Trd, 4318320.693, 97
Trd, 4318321.543, 97
Trd, 4318321.843, 104
Trd, 4318322.093, 83
Trd, 4318325.043, 113
Trd, 4318326.593, 103
Trd, 4318326.793, 104
Trd, 4318327.893, 102
Trd, 4318330.443, 102
Trd, 4318331.043, 101
Trd, 4318331.943, 100
Trd, 4318332.243, 83
Trd, 4318333.193, 99
Trd, 4318333.693, 104
Trd, 4318336.693, 95
Trd, 4318337.393, 93
Trd, 4318337.493, 95
Trd, 4318337.993, 94
Trd, 4318339.193, 93
Trd, 4318341.493, 92
Trd, 4318341.593, 94
Trd, 4318341.893, 113
Trd, 4318343.093, 101
Trd, 4318343.243, 82
Trd, 4318344.793, 104
Trd, 4318345.493, 106
Trd, 4318347.093, 105
Trd, 4318347.193, 106
Trd, 4318347.443, 106
Trd, 4318351.243, 106
Trd, 4318351.893, 106
Trd, 4318352.143, 112
Trd, 4318354.693, 105
Trd, 4318354.993, 107
Trd, 4318356.393, 103
Trd, 4318357.693, 106
Trd, 4318357.843, 104
Trd, 4318360.543, 107
Trd, 4318362.743, 103
Trd, 4318362.843, 104
Trd, 4318363.043, 94
Trd, 4318364.193, 105
Trd, 4318365.643, 106
Trd, 4318368.093, 104
Trd, 4318368.443, 102
Trd, 4318369.243, 106
Trd, 4318371.293, 100
Trd, 4318372.293, 97
Trd, 4318373.543, 94
Trd, 4318373.793, 95
Trd, 4318373.943, 104
Trd, 4318374.493, 99
Trd, 4318374.593, 113
Trd, 4318375.543, 105
Trd, 4318376.393, 97
Trd, 4318377.393, 104
Trd, 4318380.593, 100
Trd, 4318381.193, 100
Trd, 4318381.893, 98
Trd, 4318382.693, 93
Trd, 4318383.643, 94
Trd, 4318383.743, 95
Trd, 4318384.493, 94
Trd, 4318386.893, 95
Trd, 4318387.193, 93
Trd, 4318387.493, 95
Trd, 4318388.193, 113
Trd, 4318390.143, 99
Trd, 4318390.743, 101
Trd, 4318390.843, 93
Trd, 4318392.993, 102
Trd, 4318396.043, 98
Trd, 4318397.793, 96
Trd, 4318398.743, 94
Trd, 4318399.693, 96
Trd, 4318400.743, 104
Trd, 4318401.893, 98
Trd, 4318404.443, 94
Trd, 4318404.593, 94
Trd, 4318404.993, 93
Trd, 4318406.693, 94
Trd, 4318407.443, 92
Trd, 4318407.493, 93
Trd, 4318408.193, 104
Trd, 4318409.643, 99
Trd, 4318411.293, 96
Trd, 4318412.343, 91
Trd, 4318412.693, 91
Trd, 4318413.993, 93
Trd, 4318414.343, 89
Trd, 4318416.393, 89
Trd, 4318416.493, 92
Trd, 4318418.643, 94
Trd, 4318420.243, 92
Trd, 4318422.243, 94
Trd, 4318423.793, 94
Trd, 4318424.193, 94
Trd, 4318424.293, 89
Trd, 4318425.493, 95
Trd, 4318425.543, 104
Trd, 4318429.893, 90
Trd, 4318429.943, 89
Trd, 4318431.043, 91
Trd, 4318431.293, 95
Trd, 4318432.593, 88
Trd, 4318432.943, 88
Trd, 4318434.093, 90
Trd, 4318435.143, 87
Trd, 4318435.893, 104
Trd, 4318438.043, 87
Trd, 4318438.393, 104
Trd, 4318439.693, 89
Trd, 4318441.993, 87
Trd, 4318442.493, 85
Trd, 4318443.143, 69
Trd, 4318443.643, 96
Trd, 4318445.143, 103
Trd, 4318445.493, 113
Trd, 4318447.243, 97
Trd, 4318447.443, 106
Trd, 4318447.793, 101
Trd, 4318448.743, 88
Trd, 4318450.493, 95
Trd, 4318452.043, 93
Trd, 4318452.593, 95
Trd, 4318453.743, 88
Trd, 4318457.343, 104
Trd, 4318457.743, 87
Trd, 4318458.693, 104
Trd, 4318459.493, 95
Trd, 4318463.043, 94
Trd, 4318463.743, 92
Trd, 4318465.193, 92
Trd, 4318466.843, 92
Trd, 4318467.143, 104
Trd, 4318468.593, 91
Trd, 4318468.943, 94
Trd, 4318470.543, 94
Trd, 4318472.043, 93
Trd, 4318472.443, 90
Trd, 4318472.793, 93
Trd, 4318474.893, 91
Trd, 4318476.693, 89
Trd, 4318477.993, 88
Trd, 4318478.143, 105
Trd, 4318478.693, 98
Trd, 4318481.443, 95
Trd, 4318483.593, 93
Trd, 4318484.043, 93
Trd, 4318486.443, 87
Trd, 4318486.543, 90
Trd, 4318487.743, 87
Trd, 4318488.143, 88
Trd, 4318489.143, 87
Trd, 4318490.993, 89
Trd, 4318491.343, 96
Trd, 4318493.943, 86
Trd, 4318494.893, 86
Trd, 4318495.743, 88
Trd, 4318496.393, 86
Trd, 4318497.243, 87
Trd, 4318498.393, 85
Trd, 4318499.143, 96
Trd, 4318500.093, 112
Trd, 4318503.543, 103
Trd, 4318503.593, 84
Trd, 4318505.543, 95
Trd, 4318506.493, 94
Trd, 4318507.743, 105
Trd, 4318508.293, 84
Trd, 4318509.193, 98
Trd, 4318512.193, 97
Trd, 4318512.543, 91
Trd, 4318513.543, 99
Trd, 4318515.443, 99
Trd, 4318515.843, 103
Trd, 4318516.693, 105
Trd, 4318518.093, 91
Trd, 4318518.543, 103
Trd, 4318520.443, 99
Trd, 4318524.493, 95
Trd, 4318524.743, 90
Trd, 4318525.143, 94
Trd, 4318526.443, 91
Trd, 4318530.043, 95
Trd, 4318531.993, 91
Trd, 4318532.343, 90
Trd, 4318532.443, 91
Trd, 4318535.243, 91
Trd, 4318535.993, 105
Trd, 4318537.143, 93
Trd, 4318537.593, 89
Trd, 4318539.443, 93
Trd, 4318541.293, 95
Trd, 4318544.393, 90
Trd, 4318545.743, 88
Trd, 4318546.343, 88
Trd, 4318547.693, 87
Trd, 4318548.093, 88
Trd, 4318551.443, 86
Trd, 4318552.043, 88
Trd, 4318553.093, 85
Trd, 4318553.243, 93
Trd, 4318553.443, 95
Trd, 4318554.843, 110
Trd, 4318556.943, 94
Trd, 4318559.243, 90
Trd, 4318560.293, 95
Trd, 4318561.093, 84
Trd, 4318562.543, 104
Trd, 4318562.593, 106
Trd, 4318566.293, 88
Trd, 4318567.543, 87
Trd, 4318570.043, 84
Trd, 4318570.393, 86
Trd, 4318571.143, 85
Trd, 4318572.443, 86
Trd, 4318574.443, 104
Trd, 4318574.743, 99
Trd, 4318577.193, 102
Trd, 4318578.743, 98
Trd, 4318578.843, 101
Trd, 4318580.593, 95
Trd, 4318580.693, 96
Trd, 4318581.843, 94
Trd, 4318583.493, 103
Trd, 4318587.493, 95
Trd, 4318588.243, 94
Trd, 4318588.443, 94
Trd, 4318588.543, 97
Trd, 4318589.743, 92
Trd, 4318591.493, 94
Trd, 4318591.843, 77
Trd, 4318592.393, 105
Trd, 4318593.643, 99
Trd, 4318595.943, 113
Trd, 4318597.193, 104
Trd, 4318597.493, 104
Trd, 4318598.243, 103
Trd, 4318599.993, 102
Trd, 4318600.343, 80
Trd, 4318600.993, 101
Trd, 4318602.493, 99
Trd, 4318603.693, 101
Trd, 4318604.693, 98
Trd, 4318606.643, 102
Trd, 4318608.493, 101
Trd, 4318610.443, 96
Trd, 4318611.093, 100
Trd, 4318612.443, 99
Trd, 4318612.743, 99
Trd, 4318614.393, 95
Trd, 4318614.443, 100
Trd, 4318616.243, 101
Trd, 4318617.493, 103
Trd, 4318619.743, 94
Trd, 4318620.493, 100
Trd, 4318621.293, 99
Trd, 4318624.543, 96
Trd, 4318625.493, 93
Trd, 4318626.393, 95
Trd, 4318627.943, 102
Trd, 4318629.493, 96
Trd, 4318630.393, 96
Trd, 4318631.843, 94
Trd, 4318632.293, 92
Trd, 4318632.493, 94
Trd, 4318634.393, 95
Trd, 4318634.443, 104
Trd, 4318635.643, 95
Trd, 4318636.493, 96
Trd, 4318637.193, 93
Trd, 4318640.443, 93
Trd, 4318640.593, 92
Trd, 4318640.643, 104
Trd, 4318640.893, 92
Trd, 4318641.943, 104
Trd, 4318642.293, 96
Trd, 4318646.193, 94
Trd, 4318646.343, 96
Trd, 4318646.843, 96
Trd, 4318647.993, 92
Trd, 4318648.093, 95
Trd, 4318650.493, 104
Trd, 4318653.343, 94
Trd, 4318653.793, 94
Trd, 4318654.243, 95
Trd, 4318655.343, 96
Trd, 4318655.593, 93
Trd, 4318656.543, 96
Trd, 4318658.843, 96
Trd, 4318660.393, 96
Trd, 4318662.643, 93
Trd, 4318663.293, 94
Trd, 4318664.293, 95
Trd, 4318664.393, 92
Trd, 4318666.043, 96
Trd, 4318666.643, 98
Trd, 4318667.843, 92
Trd, 4318668.643, 95
Trd, 4318670.593, 96
Trd, 4318670.693, 104
Trd, 4318671.293, 91
Trd, 4318672.843, 98
Trd, 4318675.143, 98
Trd, 4318677.843, 97
Trd, 4318678.393, 95
Trd, 4318680.593, 94
Trd, 4318682.343, 94
Trd, 4318682.493, 95
Trd, 4318683.093, 104
Trd, 4318683.993, 93
Trd, 4318686.593, 97
Trd, 4318687.143, 92
Trd, 4318687.793, 95
Trd, 4318688.793, 101
Trd, 4318690.293, 91
Trd, 4318691.793, 96
Trd, 4318692.643, 91
Trd, 4318693.843, 94
Trd, 4318695.293, 95
Trd, 4318696.793, 112
Trd, 4318698.193, 104
Trd, 4318699.543, 103
Trd, 4318700.193, 109
Trd, 4318702.643, 102
Trd, 4318702.693, 90
Trd, 4318703.043, 103
Trd, 4318703.693, 106
Trd, 4318704.893, 106
Trd, 4318705.993, 113
Trd, 4318709.043, 109
Trd, 4318710.043, 106
Trd, 4318712.393, 104
Trd, 4318713.043, 104
Trd, 4318714.793, 103
Trd, 4318715.193, 105
Trd, 4318715.243, 106
Trd, 4318716.893, 103
Trd, 4318717.543, 102
Trd, 4318718.593, 104
Trd, 4318721.093, 102
Trd, 4318722.643, 110
Trd, 4318723.493, 109
Trd, 4318723.893, 101
Trd, 4318725.693, 104
Trd, 4318726.643, 103
Trd, 4318727.243, 101
Trd, 4318727.593, 104
Trd, 4318728.993, 100
Trd, 4318729.643, 97
Trd, 4318730.293, 93
Trd, 4318730.843, 93
Trd, 4318731.143, 105
Trd, 4318732.493, 105
Trd, 4318733.793, 99
Trd, 4318735.293, 110
Trd, 4318738.143, 96
Trd, 4318739.743, 100
Trd, 4318740.893, 100
Trd, 4318742.143, 98
Trd, 4318742.493, 98
Trd, 4318742.743, 99
Trd, 4318745.443, 99
Trd, 4318745.843, 96
Trd, 4318749.743, 95
Trd, 4318749.843, 97
Trd, 4318750.593, 95
Trd, 4318750.643, 98
Trd, 4318750.993, 104
Trd, 4318752.443, 101
Trd, 4318754.393, 94
Trd, 4318756.793, 102
Trd, 4318756.943, 104
Trd, 4318757.543, 101
Trd, 4318758.543, 101
Trd, 4318760.393, 97
Trd, 4318761.293, 93
Trd, 4318761.743, 97
Trd, 4318762.943, 92
Trd, 4318763.993, 95
Trd, 4318765.143, 91
Trd, 4318765.343, 104
Trd, 4318766.793, 98
Trd, 4318768.393, 96
Trd, 4318770.543, 91
Trd, 4318771.343, 96
Trd, 4318773.743, 95
Trd, 4318774.093, 89
Trd, 4318777.143, 95
Trd, 4318777.893, 95
Trd, 4318778.593, 95
Trd, 4318780.193, 89
Trd, 4318781.943, 93
Trd, 4318785.543, 92
Trd, 4318785.743, 103
Trd, 4318786.443, 92
Trd, 4318787.043, 104
Trd, 4318788.093, 98
Trd, 4318789.393, 93
Trd, 4318790.243, 97
Trd, 4318790.543, 105
Trd, 4318793.843, 93
Trd, 4318794.093, 99
Trd, 4318795.893, 104
Trd, 4318797.193, 99
Trd, 4318799.943, 92
Trd, 4318801.343, 97
Trd, 4318802.743, 95
Trd, 4318802.843, 91
Trd, 4318802.943, 96
Trd, 4318803.693, 103
Trd, 4318804.843, 98
Trd, 4318807.343, 98
Trd, 4318808.843, 90
Trd, 4318809.093, 102
Trd, 4318809.743, 98
Trd, 4318813.593, 94
Trd, 4318813.643, 96
Trd, 4318814.593, 103
Trd, 4318816.493, 98
Trd, 4318818.293, 102
Trd, 4318818.643, 89
Trd, 4318819.093, 104
Trd, 4318821.043, 88
Trd, 4318821.343, 98
Trd, 4318823.793, 87
Trd, 4318823.943, 96
Trd, 4318826.043, 92
Trd, 4318827.693, 91
Trd, 4318829.493, 91
Trd, 4318831.893, 90
Trd, 4318834.543, 86
Trd, 4318834.643, 90
Trd, 4318835.593, 90
Trd, 4318835.893, 86
Trd, 4318837.193, 90
Trd, 4318838.593, 85
Trd, 4318839.593, 88
Trd, 4318839.993, 88
Trd, 4318841.793, 93
Trd, 4318844.293, 104
Trd, 4318844.493, 84
Trd, 4318846.993, 104
Trd, 4318847.693, 104
Trd, 4318848.193, 95
Trd, 4318849.843, 94
Trd, 4318850.693, 97
Trd, 4318850.993, 114
Trd, 4318852.893, 102
Trd, 4318853.743, 101
Trd, 4318856.843, 101
Trd, 4318857.043, 101
Trd, 4318859.143, 94
Trd, 4318862.693, 97
Trd, 4318863.043, 94
Trd, 4318864.093, 95
Trd, 4318864.243, 93
Trd, 4318864.893, 96
Trd, 4318865.993, 104
Trd, 4318868.293, 96
Trd, 4318870.743, 93
Trd, 4318870.793, 96
Trd, 4318871.393, 97
Trd, 4318873.393, 96
Trd, 4318874.643, 94
Trd, 4318875.043, 96
Trd, 4318876.943, 95
Trd, 4318877.793, 95
Trd, 4318879.043, 93
Trd, 4318880.093, 99
Trd, 4318880.443, 99
Trd, 4318880.543, 93
Trd, 4318883.543, 94
Trd, 4318884.343, 92
Trd, 4318886.393, 92
Trd, 4318886.743, 95
Trd, 4318887.893, 103
Trd, 4318889.393, 93
Trd, 4318889.443, 96
Trd, 4318890.993, 104
Trd, 4318893.093, 97
Trd, 4318893.343, 92
Trd, 4318893.443, 102
Trd, 4318895.393, 100
Trd, 4318896.243, 92
Trd, 4318896.643, 95
Trd, 4318897.443, 93
Trd, 4318900.193, 92
Trd, 4318902.743, 91
Trd, 4318903.893, 85
Trd, 4318904.143, 104
Trd, 4318905.343, 103
Trd, 4318907.043, 97
Trd, 4318907.543, 96
Trd, 4318908.643, 95
Trd, 4318908.943, 97
Trd, 4318909.493, 104
Trd, 4318910.393, 104
Trd, 4318910.843, 85
Trd, 4318913.343, 95
Trd, 4318913.593, 92
Trd, 4318915.893, 91
Trd, 4318915.943, 93
Trd, 4318917.293, 95
Trd, 4318918.293, 103
Trd, 4318919.143, 93
Trd, 4318919.843, 105
Trd, 4318920.043, 95
Trd, 4318922.043, 104
Trd, 4318922.393, 120
Trd, 4318924.543, 112
Trd, 4318925.243, 112
Trd, 4318925.993, 111
Trd, 4318926.643, 111
Trd, 4318928.093, 109
Trd, 4318929.543, 109
Trd, 4318929.843, 104
Trd, 4318930.343, 109
Trd, 4318932.443, 107
Trd, 4318934.393, 106
Trd, 4318934.893, 106
Trd, 4318935.943, 94
Trd, 4318935.993, 110
Trd, 4318937.293, 112
Trd, 4318939.093, 107
Trd, 4318943.643, 106
Trd, 4318944.543, 106
Trd, 4318944.693, 106
Trd, 4318946.643, 105
Trd, 4318947.093, 113
Trd, 4318949.593, 104
Trd, 4318951.093, 106
Trd, 4318951.643, 103
Trd, 4318951.893, 103
Trd, 4318952.943, 103
Trd, 4318954.693, 102
Trd, 4318956.743, 101
Trd, 4318956.993, 104
Trd, 4318957.693, 93
Trd, 4318959.443, 100
Trd, 4318959.793, 100
Trd, 4318962.743, 97
Trd, 4318964.643, 98
Trd, 4318965.543, 97
Trd, 4318966.243, 94
Trd, 4318966.443, 96
Trd, 4318968.393, 95
Trd, 4318968.843, 94
Trd, 4318969.443, 94
Trd, 4318971.293, 103
Trd, 4318972.393, 113
Trd, 4318972.443, 112
Trd, 4318973.093, 101
Trd, 4318973.343, 103
Trd, 4318977.043, 97
Trd, 4318977.193, 98
Trd, 4318978.643, 83
Trd, 4318979.143, 104
Trd, 4318980.443, 100
Trd, 4318980.793, 110
Trd, 4318982.743, 94
Trd, 4318983.543, 107
Trd, 4318986.093, 99
Trd, 4318986.293, 101
Trd, 4318988.143, 99
Trd, 4318989.543, 95
Trd, 4318990.343, 97
Trd, 4318992.393, 96
Trd, 4318992.643, 105
Trd, 4318992.693, 94
Trd, 4318994.093, 99
Trd, 4318995.443, 97
Trd, 4318996.043, 96
Trd, 4318997.293, 95
Trd, 4318998.043, 96
Trd, 4318998.443, 95
Trd, 4318998.593, 113
Trd, 4319000.043, 94
Trd, 4319000.193, 99
Trd, 4319002.493, 95
Trd, 4319003.443, 96
Trd, 4319004.043, 93
Trd, 4319004.843, 95
Trd, 4319006.543, 93
Trd, 4319006.593, 95
Trd, 4319007.543, 92
Trd, 4319009.493, 91
Trd, 4319009.593, 95
Trd, 4319011.693, 93
Trd, 4319012.543, 94
Trd, 4319013.393, 94
Trd, 4319017.743, 90
Trd, 4319018.793, 89
Trd, 4319019.343, 94
Trd, 4319019.793, 89
Trd, 4319020.293, 93
Trd, 4319020.893, 95
Trd, 4319022.943, 102
Trd, 4319023.393, 98
Trd, 4319024.043, 106
Trd, 4319025.793, 93
Trd, 4319027.843, 94
Trd, 4319029.493, 96
Trd, 4319030.893, 96
Trd, 4319033.243, 93
Trd, 4319033.593, 94
Trd, 4319035.443, 94
Trd, 4319036.143, 95
Trd, 4319036.793, 93
Trd, 4319037.793, 94
Trd, 4319039.643, 93
Trd, 4319040.343, 93
Trd, 4319040.943, 94
Trd, 4319042.293, 104
Trd, 4319043.893, 98
Trd, 4319044.493, 113
Trd, 4319045.843, 104
Trd, 4319046.943, 103
Trd, 4319047.293, 94
Trd, 4319048.493, 94
Trd, 4319050.293, 102
Trd, 4319051.343, 102
Trd, 4319053.393, 99
Trd, 4319055.743, 93
Trd, 4319057.243, 92
Trd, 4319057.593, 95
Trd, 4319058.093, 92
Trd, 4319058.343, 97
Trd, 4319058.793, 103
Trd, 4319060.393, 99
Trd, 4319061.993, 98
Trd, 4319063.893, 91
Trd, 4319065.443, 93
Trd, 4319066.493, 90
Trd, 4319066.743, 90
Trd, 4319066.893, 93
Trd, 4319068.593, 104
Trd, 4319070.243, 89
Trd, 4319070.493, 98
Trd, 4319070.943, 113
Trd, 4319075.593, 92
Trd, 4319075.693, 93
Trd, 4319076.043, 88
Trd, 4319077.643, 95
Trd, 4319078.493, 94
Trd, 4319079.293, 88
Trd, 4319082.443, 89
Trd, 4319082.493, 91
Trd, 4319082.593, 87
Trd, 4319084.893, 90
Trd, 4319085.043, 95
Trd, 4319086.493, 104
Trd, 4319090.343, 101
Trd, 4319090.593, 98
Trd, 4319091.243, 99
Trd, 4319091.543, 86
Trd, 4319093.543, 98
Trd, 4319094.093, 104
Trd, 4319095.893, 93
Trd, 4319097.943, 96
Trd, 4319098.543, 93
Trd, 4319099.493, 96
Trd, 4319102.193, 93
Trd, 4319102.593, 93
Trd, 4319103.443, 93
Trd, 4319104.543, 95
Trd, 4319106.743, 93
Trd, 4319107.193, 92
Trd, 4319107.943, 105
Trd, 4319108.293, 103
Trd, 4319108.493, 95
Trd, 4319109.693, 99
Trd, 4319111.743, 99
Trd, 4319112.793, 99
Trd, 4319113.343, 96
Trd, 4319115.093, 96
Trd, 4319116.243, 95
Trd, 4319116.793, 96
Trd, 4319117.143, 96
Trd, 4319118.943, 94
Trd, 4319120.343, 96
Trd, 4319121.443, 103
Trd, 4319123.793, 102
Trd, 4319125.393, 94
Trd, 4319126.043, 98
Trd, 4319126.193, 98
Trd, 4319127.743, 98
Trd, 4319131.843, 97
Trd, 4319132.493, 97
Trd, 4319133.093, 93
Trd, 4319133.793, 97
Trd, 4319136.243, 96
Trd, 4319136.943, 95
Trd, 4319137.443, 93
Trd, 4319137.593, 95
Trd, 4319138.193, 92
Trd, 4319139.393, 90
Trd, 4319140.093, 95
Trd, 4319142.493, 100
Trd, 4319143.193, 104
Trd, 4319146.143, 96
Trd, 4319147.043, 97
Trd, 4319148.893, 91
Trd, 4319149.693, 97
Trd, 4319151.443, 94
Trd, 4319153.693, 102
Trd, 4319154.943, 102
Trd, 4319155.993, 96
Trd, 4319156.943, 100
Trd, 4319158.343, 98
Trd, 4319158.593, 93
Trd, 4319160.943, 98
Trd, 4319162.543, 94
Trd, 4319162.743, 94
Trd, 4319163.543, 97
Trd, 4319164.093, 93
Trd, 4319165.543, 97
Trd, 4319165.993, 93
Trd, 4319168.893, 95
Trd, 4319169.193, 95
Trd, 4319171.043, 95
Trd, 4319171.543, 113
Trd, 4319173.193, 98
Trd, 4319173.243, 100
Trd, 4319173.893, 101
Trd, 4319174.743, 91
Trd, 4319176.693, 99
Trd, 4319178.043, 96
Trd, 4319178.193, 96
Trd, 4319178.543, 94
Trd, 4319178.893, 97
Trd, 4319179.393, 113
Trd, 4319182.193, 107
Trd, 4319183.043, 111
Trd, 4319183.443, 104
Trd, 4319186.093, 104
Trd, 4319186.643, 104
Trd, 4319187.393, 103
Trd, 4319188.343, 99
Trd, 4319191.643, 99
Trd, 4319191.743, 98
Trd, 4319191.943, 94
Trd, 4319192.443, 98
Trd, 4319194.243, 98
Trd, 4319195.993, 96
Trd, 4319196.243, 98
Trd, 4319198.793, 98
Trd, 4319199.443, 98
Trd, 4319200.843, 103
Trd, 4319202.143, 94
Trd, 4319202.643, 101
Trd, 4319204.693, 96
Trd, 4319205.743, 96
Trd, 4319206.293, 96
Trd, 4319208.193, 93
Trd, 4319209.243, 95
Trd, 4319210.943, 94
Trd, 4319211.043, 93
Trd, 4319213.993, 92
Trd, 4319214.343, 92
Trd, 4319214.843, 93
Trd, 4319216.143, 95
Trd, 4319216.443, 102
Trd, 4319216.593, 90
Trd, 4319219.243, 93
Trd, 4319221.243, 92
Trd, 4319221.393, 93
Trd, 4319221.793, 113
Trd, 4319225.243, 102
Trd, 4319226.043, 102
Trd, 4319226.193, 102
Trd, 4319227.343, 101
Trd, 4319228.843, 100
Trd, 4319229.293, 101
Trd, 4319230.493, 100
Trd, 4319230.843, 101
Trd, 4319231.043, 104
Trd, 4319231.343, 99
Trd, 4319232.793, 111
Trd, 4319233.643, 109
Trd, 4319234.543, 107
Trd, 4319236.293, 102
Trd, 4319237.793, 102
Trd, 4319238.943, 94
Trd, 4319239.193, 102
Trd, 4319239.243, 102
Trd, 4319240.393, 104
Trd, 4319241.343, 100
Trd, 4319242.943, 104
Trd, 4319243.293, 121
Trd, 4319247.793, 103
Trd, 4319247.993, 107
Trd, 4319248.943, 104
Trd, 4319250.543, 98
Trd, 4319250.593, 98
Trd, 4319251.643, 93
Trd, 4319252.843, 93
Trd, 4319254.543, 93
Trd, 4319254.993, 95
Trd, 4319255.993, 94
Trd, 4319256.043, 91
Trd, 4319256.743, 95
Trd, 4319257.293, 104
Trd, 4319259.243, 93
Trd, 4319261.793, 104
Trd, 4319263.343, 98
Trd, 4319263.943, 93
Trd, 4319266.243, 94
Trd, 4319266.443, 95
Trd, 4319268.793, 93
Trd, 4319270.743, 93
Trd, 4319271.343, 92
Trd, 4319272.443, 95
Trd, 4319272.993, 105
Trd, 4319275.893, 91
Trd, 4319276.543, 91
Trd, 4319277.093, 91
Trd, 4319277.143, 92
Trd, 4319277.643, 95
Trd, 4319279.393, 92
Trd, 4319280.893, 95
Trd, 4319281.743, 90
Trd, 4319284.693, 89
Trd, 4319285.043, 90
Trd, 4319285.793, 100
Trd, 4319286.043, 89
Trd, 4319287.393, 95
Trd, 4319287.893, 96
Trd, 4319289.543, 112
Trd, 4319290.143, 91
Trd, 4319291.143, 112
Trd, 4319295.593, 102
Trd, 4319295.893, 103
Trd, 4319296.693, 102
Trd, 4319297.293, 99
Trd, 4319297.743, 99
Trd, 4319299.143, 102
Trd, 4319300.043, 98
Trd, 4319301.043, 97
Trd, 4319301.293, 100
Trd, 4319302.493, 99
Trd, 4319303.143, 104
Trd, 4319304.343, 99
Trd, 4319306.943, 99
Trd, 4319307.043, 96
Trd, 4319308.193, 97
Trd, 4319308.443, 96
Trd, 4319309.043, 94
Trd, 4319310.243, 102
Trd, 4319310.693, 98
Trd, 4319312.643, 104
Trd, 4319314.443, 98
Trd, 4319314.493, 100
Trd, 4319315.543, 105
Trd, 4319318.043, 104
Trd, 4319318.293, 108
Trd, 4319318.443, 100
Trd, 4319320.893, 104
Trd, 4319321.143, 105
Trd, 4319323.793, 101
Trd, 4319324.043, 102
Trd, 4319325.693, 102
Trd, 4319326.443, 103
Trd, 4319327.293, 101
Trd, 4319328.993, 101
Trd, 4319329.443, 100
Trd, 4319330.393, 100
Trd, 4319331.593, 99
Trd, 4319332.793, 104
Trd, 4319335.793, 109
Trd, 4319335.843, 110
Trd, 4319337.093, 99
Trd, 4319338.593, 103
Trd, 4319340.043, 102
Trd, 4319341.193, 103
Trd, 4319342.293, 102
Trd, 4319343.693, 100
Trd, 4319344.243, 101
Trd, 4319345.143, 100
Trd, 4319345.193, 101
Trd, 4319345.993, 99
Trd, 4319347.893, 99
Trd, 4319348.143, 98
Trd, 4319352.043, 97
Trd, 4319352.193, 98
Trd, 4319352.593, 103
Trd, 4319353.943, 96
Trd, 4319355.693, 97
Trd, 4319356.793, 96
Trd, 4319356.943, 98
Trd, 4319358.193, 95
Trd, 4319360.593, 96
Trd, 4319362.143, 95
Trd, 4319362.893, 96
Trd, 4319363.093, 96
Trd, 4319367.093, 95
Trd, 4319367.243, 95
Trd, 4319367.993, 94
Trd, 4319368.043, 95
Trd, 4319369.393, 85
Trd, 4319370.493, 103
Trd, 4319371.643, 97
Trd, 4319372.243, 97
Trd, 4319372.793, 96
Trd, 4319373.443, 104
Trd, 4319374.343, 94
Trd, 4319374.493, 122
Trd, 4319375.443, 107
Trd, 4319381.843, 104
Trd, 4319383.093, 104
Trd, 4319383.393, 103
Trd, 4319383.893, 104
Trd, 4319384.543, 104
Trd, 4319385.443, 102
Trd, 4319386.843, 102
Trd, 4319388.093, 101
Trd, 4319388.893, 101
Trd, 4319389.543, 100
Trd, 4319390.743, 104
Trd, 4319391.793, 113
Trd, 4319392.143, 99
Trd, 4319394.993, 102
Trd, 4319395.393, 102
Trd, 4319397.743, 101
Trd, 4319397.843, 97
Trd, 4319400.193, 98
Trd, 4319400.443, 99
Trd, 4319400.643, 98
Trd, 4319402.693, 97
Trd, 4319404.143, 96
Trd, 4319404.493, 98
Trd, 4319405.993, 94
Trd, 4319406.443, 96
Trd, 4319406.593, 84
Trd, 4319407.493, 97
Trd, 4319409.543, 103
Trd, 4319411.393, 99
Trd, 4319412.243, 98
Trd, 4319413.543, 100
Trd, 4319414.393, 100
Trd, 4319416.643, 98
Trd, 4319417.243, 97
Trd, 4319417.343, 96
Trd, 4319418.343, 99
Trd, 4319419.943, 103
Trd, 4319421.343, 103
Trd, 4319422.793, 100
Trd, 4319424.893, 100
Trd, 4319426.393, 101
Trd, 4319426.443, 96
Trd, 4319427.943, 112
Trd, 4319431.143, 101
Trd, 4319432.543, 95
Trd, 4319432.943, 101
Trd, 4319433.593, 101
Trd, 4319435.743, 101
Trd, 4319438.143, 99
Trd, 4319438.493, 113
Trd, 4319439.593, 94
Trd, 4319441.743, 100
Trd, 4319443.193, 97
Trd, 4319444.143, 98
Trd, 4319445.193, 98
Trd, 4319445.343, 97
Trd, 4319445.793, 104
Trd, 4319446.493, 122
Trd, 4319447.893, 104
Trd, 4319451.043, 106
Trd, 4319451.943, 106
Trd, 4319453.093, 104
Trd, 4319453.743, 105
Trd, 4319455.243, 104
Trd, 4319457.193, 103
Trd, 4319457.243, 105
Trd, 4319460.293, 104
Trd, 4319461.593, 102
Trd, 4319461.793, 94
Trd, 4319462.193, 99
Trd, 4319463.793, 96
Trd, 4319464.493, 93
Trd, 4319464.643, 95
Trd, 4319465.693, 95
Trd, 4319465.993, 83
Trd, 4319466.693, 104
Trd, 4319468.943, 98
Trd, 4319470.693, 104
Trd, 4319471.493, 113
Trd, 4319473.693, 102
Trd, 4319474.793, 101
Trd, 4319475.143, 102
Trd, 4319475.543, 83
Trd, 4319476.543, 97
Trd, 4319479.393, 95
Trd, 4319480.393, 95
Trd, 4319480.643, 95
Trd, 4319480.943, 97
Trd, 4319482.943, 94
Trd, 4319483.143, 97
Trd, 4319483.893, 93
Trd, 4319484.043, 104
Trd, 4319489.243, 92
Trd, 4319490.693, 93
Trd, 4319491.093, 91
Trd, 4319491.143, 92
Trd, 4319491.393, 90
Trd, 4319491.793, 95
Trd, 4319494.693, 95
Trd, 4319495.593, 92
Trd, 4319495.943, 94
Trd, 4319498.893, 91
Trd, 4319498.943, 91
Trd, 4319499.593, 91
Trd, 4319500.393, 95
Trd, 4319501.993, 101
Trd, 4319502.793, 90
Trd, 4319502.843, 104
Trd, 4319506.593, 93
Trd, 4319507.243, 96
Trd, 4319508.143, 100
Trd, 4319508.193, 113
Trd, 4319510.843, 89
Trd, 4319511.693, 97
Trd, 4319511.943, 88
Trd, 4319514.543, 93
Trd, 4319515.993, 90
Trd, 4319516.043, 91
Trd, 4319517.493, 89
Trd, 4319519.043, 94
Trd, 4319519.643, 96
Trd, 4319520.293, 103
Trd, 4319521.793, 104
Trd, 4319523.193, 99
Trd, 4319524.543, 95
Trd, 4319524.843, 88
Trd, 4319527.843, 87
Trd, 4319529.293, 92
Trd, 4319530.293, 88
Trd, 4319531.343, 92
Trd, 4319532.493, 88
Trd, 4319534.693, 87
Trd, 4319535.693, 86
Trd, 4319536.543, 86
Trd, 4319538.943, 86
Trd, 4319539.093, 104
Trd, 4319540.143, 85
Trd, 4319540.693, 90
Trd, 4319542.643, 84
Trd, 4319545.043, 88
Trd, 4319546.893, 86
Trd, 4319547.493, 95
Trd, 4319549.093, 95
Trd, 4319549.193, 104
Trd, 4319550.593, 83
Trd, 4319553.143, 85
Trd, 4319553.793, 90
Trd, 4319554.043, 89
Trd, 4319555.593, 85
Trd, 4319559.743, 92
Trd, 4319559.893, 84
Trd, 4319560.043, 93
Trd, 4319560.243, 95
Trd, 4319563.043, 90
Trd, 4319563.543, 90
Trd, 4319566.343, 89
Trd, 4319568.393, 92
Trd, 4319568.643, 83
Trd, 4319570.993, 99
Trd, 4319572.943, 91
Trd, 4319573.043, 82
Trd, 4319573.293, 91
Trd, 4319576.043, 92
Trd, 4319576.843, 88
Trd, 4319579.593, 88
Trd, 4319580.193, 96
Trd, 4319581.343, 94
Trd, 4319581.693, 81
Trd, 4319582.493, 86
Trd, 4319583.693, 95
Trd, 4319586.543, 90
Trd, 4319587.393, 96
Trd, 4319589.693, 86
Trd, 4319590.143, 87
Trd, 4319591.593, 93
Trd, 4319592.543, 86
Trd, 4319592.643, 94
Trd, 4319594.093, 88
Trd, 4319596.793, 86
Trd, 4319597.393, 85
Trd, 4319597.593, 87
Trd, 4319598.343, 96
Trd, 4319598.493, 104
Trd, 4319598.693, 84
Trd, 4319599.193, 104
Trd, 4319599.293, 113
Trd, 4319604.693, 97
Trd, 4319605.943, 97
Trd, 4319606.193, 99
Trd, 4319606.743, 97
Trd, 4319607.243, 112
Trd, 4319608.693, 107
Trd, 4319609.043, 122
Trd, 4319610.793, 104
Trd, 4319614.443, 107
Trd, 4319616.893, 104
Trd, 4319616.993, 103
Trd, 4319617.093, 104
Trd, 4319619.143, 102
Trd, 4319620.043, 103
Trd, 4319623.243, 101
Trd, 4319623.343, 103
Trd, 4319624.243, 100
Trd, 4319624.293, 102
Trd, 4319624.343, 104
Trd, 4319625.793, 113
Trd, 4319629.293, 103
Trd, 4319630.743, 103
Trd, 4319631.493, 104
Trd, 4319634.293, 103
Trd, 4319634.943, 103
Trd, 4319637.743, 102
Trd, 4319638.143, 94
Trd, 4319638.393, 100
Trd, 4319639.493, 100
Trd, 4319639.893, 104
Trd, 4319641.343, 112
Trd, 4319643.693, 99
Trd, 4319644.493, 100
Trd, 4319647.143, 94
Trd, 4319647.593, 93
Trd, 4319648.343, 94
Trd, 4319649.343, 95
Trd, 4319650.143, 95
Trd, 4319650.943, 94
Trd, 4319651.743, 94
Trd, 4319651.893, 95
Trd, 4319653.343, 93
Trd, 4319656.543, 92
Trd, 4319657.093, 91
Trd, 4319658.293, 91
Trd, 4319659.393, 91
Trd, 4319659.493, 95
Trd, 4319661.643, 113
Trd, 4319662.543, 104
Trd, 4319663.243, 96
Trd, 4319663.293, 98
Trd, 4319664.293, 98
Trd, 4319665.593, 97
Trd, 4319665.943, 98
Trd, 4319667.193, 97
Trd, 4319667.693, 104
Trd, 4319670.693, 97
Trd, 4319672.343, 95
Trd, 4319672.693, 94
Trd, 4319674.143, 93
Trd, 4319674.343, 94
Trd, 4319674.793, 95
Trd, 4319676.043, 103
Trd, 4319677.243, 96
Trd, 4319677.993, 104
Trd, 4319678.743, 99
Trd, 4319679.393, 99
Trd, 4319681.293, 95
Trd, 4319681.743, 95
Trd, 4319683.443, 93
Trd, 4319683.743, 94
Trd, 4319684.143, 93
Trd, 4319684.893, 103
Trd, 4319684.943, 105
Trd, 4319685.693, 101
Trd, 4319686.293, 105
Trd, 4319687.593, 83
Trd, 4319690.943, 99
Trd, 4319692.493, 93
Trd, 4319692.643, 90
Trd, 4319692.943, 96
Trd, 4319694.943, 91
Trd, 4319696.393, 93
Trd, 4319698.243, 93
Trd, 4319699.593, 95
Trd, 4319701.943, 90
Trd, 4319703.593, 90
Trd, 4319703.993, 91
Trd, 4319704.393, 92
Trd, 4319705.893, 95
Trd, 4319707.893, 104
Trd, 4319708.793, 95
Trd, 4319708.993, 98
Trd, 4319709.693, 94
Trd, 4319712.593, 101
Trd, 4319713.043, 94
Trd, 4319714.943, 95
Trd, 4319715.043, 97
Trd, 4319717.093, 93
Trd, 4319717.843, 93
Trd, 4319717.943, 97
Trd, 4319719.393, 105
Trd, 4319720.693, 101
Trd, 4319720.943, 110
Trd, 4319723.393, 104
Trd, 4319725.443, 98
Trd, 4319725.693, 100
Trd, 4319725.793, 98
Trd, 4319725.993, 102
Trd, 4319726.593, 105
Trd, 4319728.043, 97
Trd, 4319728.993, 104
Trd, 4319731.443, 99
Trd, 4319732.243, 100
Trd, 4319734.193, 96
Trd, 4319735.393, 95
Trd, 4319736.593, 95
Trd, 4319738.043, 95
Trd, 4319738.993, 93
Trd, 4319739.493, 93
Trd, 4319739.843, 95
Trd, 4319740.293, 103
Trd, 4319741.643, 99
Trd, 4319743.093, 97
Trd, 4319744.393, 92
Trd, 4319744.943, 97
Trd, 4319748.543, 97
Trd, 4319749.143, 95
Trd, 4319750.693, 95
Trd, 4319752.343, 94
Trd, 4319752.443, 104
Trd, 4319755.343, 99
Trd, 4319755.893, 99
Trd, 4319756.943, 103
Trd, 4319757.093, 104
Trd, 4319760.943, 95
Trd, 4319761.143, 94
Trd, 4319761.393, 95
Trd, 4319762.793, 94
Trd, 4319764.693, 94
Trd, 4319764.843, 93
Trd, 4319765.193, 95
Trd, 4319769.093, 93
Trd, 4319769.593, 94
Trd, 4319770.543, 95
Trd, 4319771.143, 92
Trd, 4319771.643, 94
Trd, 4319773.393, 103
Trd, 4319774.043, 102
Trd, 4319774.943, 91
Trd, 4319775.843, 97
Trd, 4319776.443, 90
Trd, 4319778.443, 97
Trd, 4319779.393, 102
Trd, 4319780.093, 104
Trd, 4319782.293, 98
Trd, 4319784.393, 89
Trd, 4319784.693, 93
Trd, 4319785.593, 88
Trd, 4319787.593, 92
Trd, 4319788.543, 104
Trd, 4319790.543, 94
Trd, 4319791.143, 87
Trd, 4319792.293, 94
Trd, 4319792.693, 95
Trd, 4319794.343, 104
Trd, 4319796.043, 95
Trd, 4319796.643, 95
Trd, 4319797.143, 95
Trd, 4319797.543, 85
Trd, 4319799.143, 97
Trd, 4319800.293, 95
Trd, 4319802.243, 92
Trd, 4319802.593, 92
Trd, 4319802.943, 93
Trd, 4319803.093, 94
Trd, 4319805.843, 92
Trd, 4319806.893, 95
Trd, 4319808.743, 93
Trd, 4319809.193, 104
Trd, 4319809.793, 113
Trd, 4319810.693, 91
Trd, 4319814.693, 94
Trd, 4319814.843, 93
Trd, 4319815.793, 90
Trd, 4319817.593, 90
Trd, 4319817.643, 90
Trd, 4319817.693, 95
Trd, 4319819.393, 113
Trd, 4319820.443, 97
Trd, 4319821.293, 96
Trd, 4319821.693, 114
Trd, 4319822.243, 94
Trd, 4319822.593, 100
Trd, 4319823.993, 100
Trd, 4319825.543, 93
Trd, 4319826.593, 96
Trd, 4319827.893, 94
Trd, 4319828.193, 94
Trd, 4319829.043, 93
Trd, 4319831.793, 95
Trd, 4319832.243, 113
Trd, 4319832.943, 114
Trd, 4319833.443, 112
Trd, 4319833.843, 106
Trd, 4319834.593, 106
Trd, 4319835.193, 104
Trd, 4319836.793, 105
Trd, 4319838.643, 104
Trd, 4319839.643, 103
Trd, 4319840.043, 114
Trd, 4319842.993, 104
Trd, 4319843.143, 105
Trd, 4319844.993, 104
Trd, 4319845.693, 104
Trd, 4319845.793, 103
Trd, 4319846.243, 104
Trd, 4319847.793, 94
Trd, 4319849.393, 100
Trd, 4319849.593, 106
Trd, 4319850.693, 105
Trd, 4319852.593, 104
Trd, 4319853.243, 96
Trd, 4319854.793, 96
Trd, 4319855.043, 97
Trd, 4319855.693, 93
Trd, 4319856.593, 95
Trd, 4319858.593, 94
Trd, 4319858.943, 93
Trd, 4319860.843, 96
Trd, 4319862.343, 103
Trd, 4319862.593, 105
Trd, 4319863.143, 104
Trd, 4319864.643, 103
Trd, 4319865.493, 102
Trd, 4319866.393, 102
Trd, 4319869.743, 113
Trd, 4319870.493, 107
Trd, 4319870.893, 107
Trd, 4319872.643, 104
Trd, 4319872.793, 113
Trd, 4319875.693, 92
Trd, 4319875.793, 97
Trd, 4319876.693, 94
Trd, 4319877.693, 96
Trd, 4319878.143, 95
Trd, 4319878.843, 96
Trd, 4319879.593, 106
Trd, 4319880.343, 104
Trd, 4319881.593, 101
Trd, 4319881.643, 105
Trd, 4319881.893, 98
Trd, 4319885.643, 103
Trd, 4319886.343, 94
Trd, 4319886.543, 107
Trd, 4319888.593, 104
Trd, 4319889.943, 100
Trd, 4319892.693, 98
Trd, 4319893.243, 97
Trd, 4319893.893, 98
Trd, 4319894.493, 97
Trd, 4319895.343, 97
Trd, 4319895.593, 96
Trd, 4319896.893, 94
Trd, 4319897.143, 96
Trd, 4319898.993, 104
Trd, 4319901.043, 96
Trd, 4319901.943, 94
Trd, 4319902.893, 95
Trd, 4319903.443, 94
Trd, 4319903.993, 105
Trd, 4319904.693, 98
Trd, 4319905.643, 93
Trd, 4319908.193, 110
Trd, 4319908.793, 92
Trd, 4319910.693, 102
Trd, 4319910.843, 104
Trd, 4319912.193, 112
Trd, 4319914.443, 99
Trd, 4319916.393, 106
Trd, 4319917.443, 104
Trd, 4319917.543, 112
Trd, 4319917.943, 102
Trd, 4319920.443, 107
Trd, 4319923.843, 101
Trd, 4319923.893, 102
Trd, 4319924.993, 102
Trd, 4319925.593, 101
Trd, 4319927.093, 95
Trd, 4319927.393, 99
Trd, 4319928.793, 94
Trd, 4319930.093, 96
Trd, 4319930.393, 99
Trd, 4319931.693, 96
Trd, 4319932.243, 102
Trd, 4319934.643, 99
Trd, 4319935.293, 100
Trd, 4319938.643, 95
Trd, 4319939.243, 96
Trd, 4319939.693, 96
Trd, 4319940.393, 94
Trd, 4319940.593, 95
Trd, 4319942.693, 99
Trd, 4319943.943, 96
Trd, 4319946.093, 95
Trd, 4319946.543, 93
Trd, 4319946.693, 96
Trd, 4319949.543, 93
Trd, 4319949.693, 95
Trd, 4319950.043, 92
Trd, 4319951.343, 95
Trd, 4319953.443, 95
Trd, 4319953.693, 104
Trd, 4319953.993, 94
Trd, 4319956.393, 95
Trd, 4319957.893, 95
Trd, 4319958.493, 98
Trd, 4319961.093, 94
Trd, 4319961.743, 96
Trd, 4319963.943, 94
Trd, 4319964.593, 93
Trd, 4319964.743, 93
Trd, 4319964.943, 95
Trd, 4319967.193, 93
Trd, 4319967.893, 95
Trd, 4319970.243, 92
Trd, 4319971.243, 99
Trd, 4319972.543, 96
Trd, 4319973.193, 96
Trd, 4319975.943, 95
Trd, 4319978.543, 94
Trd, 4319978.893, 95
Trd, 4319979.643, 91
Trd, 4319981.243, 92
Trd, 4319981.493, 103
Trd, 4319982.893, 98
Trd, 4319983.093, 90
Trd, 4319986.043, 94
Trd, 4319987.793, 83
Trd, 4319988.793, 98
Trd, 4319990.943, 94
Trd, 4319991.343, 95
Trd, 4319991.993, 88
Trd, 4319992.493, 93
Trd, 4319994.093, 101
Trd, 4319996.643, 93
Trd, 4319997.643, 95
Trd, 4319998.443, 103
