Trd, 4317889.943, 100
Trd, 4317891.093, 99
Trd, 4317893.043, 98
Trd, 4317893.243, 99
Trd, 4317894.893, 100
Trd, 4317895.143, 97
Trd, 4317896.593, 98
Trd, 4317898.043, 120
Trd, 4317898.093, 97
Trd, 4317900.593, 101
Trd, 4317902.493, 98
Trd, 4317902.843, 98
Trd, 4317903.093, 96
Trd, 4317904.743, 97
Trd, 4317907.543, 100
Trd, 4317909.293, 108
Trd, 4317909.493, 113
Trd, 4317909.993, 106
Trd, 4317910.293, 103
Trd, 4317911.843, 102
Trd, 4317912.293, 96
Trd, 4317912.443, 113
Trd, 4317913.143, 119
Trd, 4317918.493, 100
Trd, 4317918.993, 101
Trd, 4317919.093, 98
Trd, 4317920.593, 97
Trd, 4317922.443, 101
Trd, 4317924.593, 99
Trd, 4317924.993, 100
Trd, 4317925.493, 97
Trd, 4317926.893, 95
Trd, 4317929.943, 97
Trd, 4317930.343, 97
Trd, 4317930.543, 98
Trd, 4317932.893, 95
Trd, 4317933.143, 93
Trd, 4317937.543, 96
Trd, 4317938.793, 93
Trd, 4317940.193, 93
Trd, 4317940.293, 94
Trd, 4317941.843, 92
Trd, 4317942.493, 105
Trd, 4317943.243, 113
Trd, 4317945.743, 99
Trd, 4317945.993, 102
Trd, 4317946.593, 99
Trd, 4317948.393, 98
Trd, 4317950.593, 98
Trd, 4317951.343, 98
Trd, 4317951.943, 97
Trd, 4317953.193, 99
Trd, 4317955.443, 96
Trd, 4317957.993, 96
Trd, 4317958.793, 95
Trd, 4317959.993, 95
Trd, 4317960.443, 95
Trd, 4317961.793, 95
Trd, 4317963.993, 98
Trd, 4317965.143, 111
Trd, 4317965.793, 101
Trd, 4317967.043, 101
Trd, 4317968.343, 97
Trd, 4317968.843, 99
Trd, 4317970.393, 108
Trd, 4317971.393, 112
Trd, 4317974.393, 104
Trd, 4317975.293, 105
Trd, 4317975.443, 103
Trd, 4317975.943, 98
Trd, 4317978.043, 102
Trd, 4317979.143, 96
Trd, 4317979.743, 95
Trd, 4317983.993, 98
Trd, 4317986.143, 98
Trd, 4317986.443, 98
Trd, 4317986.943, 96
Trd, 4317987.343, 97
Trd, 4317987.893, 97
Trd, 4317988.093, 96
Trd, 4317989.243, 94
Trd, 4317991.643, 94
Trd, 4317992.543, 97
Trd, 4317993.743, 100
Trd, 4317995.743, 95
Trd, 4317996.343, 96
Trd, 4317996.543, 96
Trd, 4317996.943, 95
Trd, 4317997.643, 95
Trd, 4317999.493, 98
Trd, 4318000.843, 96
Trd, 4318001.893, 97
Trd, 4318005.393, 95
Trd, 4318006.043, 94
Trd, 4318006.443, 95
Trd, 4318006.793, 95
Trd, 4318007.443, 96
Trd, 4318008.893, 94
Trd, 4318010.743, 93
Trd, 4318011.843, 92
Trd, 4318012.293, 94
Trd, 4318012.993, 92
Trd, 4318013.643, 93
Trd, 4318015.343, 94
Trd, 4318015.693, 99
Trd, 4318018.643, 93
Trd, 4318018.693, 96
Trd, 4318019.393, 113
Trd, 4318022.693, 79
Trd, 4318023.043, 82
Trd, 4318023.743, 94
Trd, 4318024.093, 88
Trd, 4318024.243, 86
Trd, 4318027.243, 98
Trd, 4318027.343, 97
Trd, 4318028.243, 106
Trd, 4318028.943, 113
Trd, 4318030.543, 98
Trd, 4318030.993, 97
Trd, 4318032.493, 97
Trd, 4318035.543, 112
Trd, 4318036.193, 107
Trd, 4318036.643, 106
Trd, 4318037.893, 96
Trd, 4318040.643, 99
Trd, 4318041.143, 103
Trd, 4318041.393, 113
Trd, 4318041.843, 98
Trd, 4318043.993, 102
Trd, 4318044.193, 113
Trd, 4318045.943, 101
Trd, 4318046.943, 96
Trd, 4318048.643, 93
Trd, 4318049.993, 93
Trd, 4318050.643, 84
Trd, 4318051.043, 92
Trd, 4318053.443, 97
Trd, 4318054.443, 93
Trd, 4318057.193, 96
Trd, 4318057.543, 97
Trd, 4318057.793, 95
Trd, 4318057.843, 113
Trd, 4318059.193, 99
Trd, 4318060.393, 94
Trd, 4318061.443, 96
Trd, 4318063.043, 93
Trd, 4318063.543, 89
Trd, 4318063.743, 92
Trd, 4318065.343, 117
Trd, 4318066.443, 109
Trd, 4318066.693, 97
Trd, 4318068.093, 98
Trd, 4318069.693, 98
Trd, 4318071.693, 93
Trd, 4318072.043, 95
Trd, 4318074.243, 92
Trd, 4318074.393, 84
Trd, 4318077.393, 91
Trd, 4318078.693, 93
Trd, 4318079.393, 95
Trd, 4318079.593, 113
Trd, 4318083.943, 93
Trd, 4318084.443, 90
Trd, 4318084.493, 93
Trd, 4318085.543, 86
Trd, 4318088.593, 92
Trd, 4318089.093, 92
Trd, 4318092.243, 90
Trd, 4318092.543, 98
Trd, 4318095.393, 92
Trd, 4318095.593, 92
Trd, 4318095.943, 89
Trd, 4318097.543, 92
Trd, 4318101.143, 91
Trd, 4318101.193, 92
Trd, 4318102.343, 96
Trd, 4318102.893, 97
Trd, 4318104.543, 96
Trd, 4318106.743, 93
Trd, 4318107.143, 85
Trd, 4318107.193, 96
Trd, 4318108.993, 95
Trd, 4318111.893, 98
Trd, 4318112.043, 97
Trd, 4318112.243, 96
Trd, 4318114.643, 95
Trd, 4318115.193, 97
Trd, 4318115.993, 109
Trd, 4318118.293, 95
Trd, 4318118.693, 94
Trd, 4318120.443, 112
Trd, 4318121.843, 94
Trd, 4318122.043, 96
Trd, 4318124.543, 99
Trd, 4318126.843, 101
Trd, 4318127.993, 101
Trd, 4318128.143, 100
Trd, 4318129.843, 111
Trd, 4318131.393, 96
Trd, 4318133.143, 98
Trd, 4318133.593, 99
Trd, 4318135.443, 98
Trd, 4318136.293, 97
Trd, 4318136.643, 99
Trd, 4318139.143, 96
Trd, 4318141.343, 94
Trd, 4318142.493, 94
Trd, 4318144.143, 93
Trd, 4318144.193, 94
Trd, 4318146.393, 92
Trd, 4318146.543, 92
Trd, 4318148.093, 92
Trd, 4318149.093, 94
Trd, 4318150.393, 103
Trd, 4318150.693, 96
Trd, 4318152.593, 109
Trd, 4318153.893, 99
Trd, 4318155.393, 96
Trd, 4318156.393, 97
Trd, 4318157.293, 96
Trd, 4318160.093, 97
Trd, 4318160.543, 96
Trd, 4318162.193, 95
Trd, 4318164.443, 95
Trd, 4318164.743, 97
Trd, 4318165.843, 99
Trd, 4318167.343, 103
Trd, 4318167.843, 103
Trd, 4318169.393, 101
Trd, 4318171.293, 94
Trd, 4318172.093, 100
Trd, 4318172.293, 100
Trd, 4318174.643, 98
Trd, 4318176.093, 98
Trd, 4318177.343, 98
Trd, 4318178.093, 97
Trd, 4318178.593, 97
Trd, 4318179.843, 93
Trd, 4318180.143, 113
Trd, 4318181.743, 92
Trd, 4318183.393, 93
Trd, 4318184.793, 93
Trd, 4318187.143, 94
Trd, 4318188.743, 99
Trd, 4318189.093, 94
Trd, 4318189.193, 100
Trd, 4318190.393, 94
Trd, 4318190.643, 113
Trd, 4318191.643, 98
Trd, 4318192.343, 83
Trd, 4318195.943, 96
Trd, 4318197.343, 95
Trd, 4318199.543, 94
Trd, 4318200.193, 95
Trd, 4318200.693, 95
Trd, 4318202.693, 95
Trd, 4318204.293, 94
Trd, 4318205.093, 93
Trd, 4318206.793, 92
Trd, 4318209.793, 94
Trd, 4318212.243, 94
Trd, 4318212.293, 93
Trd, 4318212.943, 92
Trd, 4318213.143, 92
Trd, 4318214.693, 113
Trd, 4318216.593, 96
Trd, 4318216.893, 96
Trd, 4318217.843, 112
Trd, 4318218.893, 91
Trd, 4318223.193, 93
Trd, 4318223.493, 94
Trd, 4318223.543, 85
Trd, 4318226.293, 94
Trd, 4318226.593, 96
Trd, 4318228.393, 88
Trd, 4318229.693, 111
Trd, 4318230.593, 107
Trd, 4318231.793, 103
Trd, 4318233.243, 104
Trd, 4318234.143, 103
Trd, 4318234.693, 105
Trd, 4318234.893, 85
Trd, 4318236.543, 90
Trd, 4318237.793, 106
Trd, 4318238.493, 108
Trd, 4318238.993, 97
Trd, 4318241.793, 98
Trd, 4318243.593, 97
Trd, 4318244.393, 96
Trd, 4318244.943, 98
Trd, 4318245.443, 98
Trd, 4318248.043, 101
Trd, 4318248.093, 99
Trd, 4318248.543, 94
Trd, 4318251.243, 99
Trd, 4318251.743, 99
Trd, 4318252.193, 99
Trd, 4318254.693, 103
Trd, 4318255.243, 106
Trd, 4318257.293, 105
Trd, 4318258.193, 102
Trd, 4318259.793, 96
Trd, 4318260.243, 98
Trd, 4318260.343, 101
Trd, 4318261.543, 101
Trd, 4318262.393, 100
Trd, 4318262.893, 121
Trd, 4318264.043, 99
Trd, 4318266.493, 102
Trd, 4318267.293, 103
Trd, 4318267.393, 99
Trd, 4318269.393, 93
Trd, 4318269.443, 95
Trd, 4318269.493, 114
Trd, 4318272.543, 99
Trd, 4318274.543, 95
Trd, 4318276.293, 97
Trd, 4318276.443, 96
Trd, 4318276.943, 96
Trd, 4318278.493, 100
Trd, 4318279.393, 98
Trd, 4318280.393, 98
Trd, 4318280.593, 94
Trd, 4318282.043, 112
Trd, 4318283.193, 99
Trd, 4318283.793, 99
Trd, 4318285.443, 99
Trd, 4318285.893, 97
Trd, 4318287.443, 97
Trd, 4318288.143, 97
Trd, 4318289.943, 98
Trd, 4318291.143, 98
Trd, 4318291.793, 96
Trd, 4318293.993, 99
Trd, 4318294.043, 98
Trd, 4318295.593, 96
Trd, 4318297.193, 97
Trd, 4318298.743, 96
Trd, 4318300.243, 96
Trd, 4318301.443, 97
Trd, 4318302.893, 101
Trd, 4318305.043, 106
Trd, 4318305.493, 105
Trd, 4318305.593, 103
Trd, 4318306.943, 104
Trd, 4318307.093, 113
Trd, 4318307.993, 121
Trd, 4318309.893, 95
Trd, 4318310.293, 93
Trd, 4318312.343, 114
Trd, 4318313.893, 104
Trd, 4318314.193, 100
Trd, 4318314.793, 100
Trd, 4318314.843, 104
Trd, 4318318.493, 103
Trd, 4318318.743, 104
Trd, 4318319.993, 102
Trd, 4318321.143, 104
Trd, 4318323.843, 100
Trd, 4318324.343, 94
Trd, 4318325.993, 98
Trd, 4318326.543, 99
Trd, 4318327.243, 99
Trd, 4318331.693, 98
Trd, 4318331.943, 99
Trd, 4318333.043, 100
Trd, 4318333.293, 96
Trd, 4318334.093, 95
Trd, 4318334.793, 98
Trd, 4318337.293, 96
Trd, 4318338.193, 95
Trd, 4318338.393, 96
Trd, 4318339.393, 95
Trd, 4318339.693, 98
Trd, 4318340.393, 113
Trd, 4318341.043, 94
Trd, 4318342.343, 99
Trd, 4318345.443, 99
Trd, 4318345.993, 98
Trd, 4318346.193, 99
Trd, 4318348.793, 101
Trd, 4318349.993, 94
Trd, 4318351.193, 96
Trd, 4318351.493, 95
Trd, 4318353.393, 94
Trd, 4318353.893, 97
Trd, 4318357.443, 98
Trd, 4318357.543, 112
Trd, 4318358.043, 96
Trd, 4318359.443, 99
Trd, 4318359.893, 100
Trd, 4318361.643, 102
Trd, 4318362.393, 100
Trd, 4318363.543, 96
Trd, 4318365.793, 100
Trd, 4318367.993, 98
Trd, 4318368.243, 97
Trd, 4318368.643, 113
Trd, 4318371.143, 96
Trd, 4318371.943, 97
Trd, 4318373.743, 79
Trd, 4318373.843, 86
Trd, 4318374.393, 113
Trd, 4318376.143, 103
Trd, 4318376.243, 100
Trd, 4318378.243, 113
Trd, 4318378.543, 103
Trd, 4318379.193, 99
Trd, 4318379.493, 113
Trd, 4318379.593, 122
Trd, 4318380.793, 103
Trd, 4318383.843, 100
Trd, 4318384.393, 99
Trd, 4318386.343, 99
Trd, 4318386.743, 101
Trd, 4318388.143, 102
Trd, 4318388.243, 100
Trd, 4318388.893, 100
Trd, 4318390.543, 98
Trd, 4318392.243, 96
Trd, 4318393.943, 100
Trd, 4318395.243, 99
Trd, 4318398.143, 99
Trd, 4318398.193, 96
Trd, 4318401.993, 97
Trd, 4318402.043, 99
Trd, 4318402.593, 96
Trd, 4318403.693, 94
Trd, 4318405.093, 97
Trd, 4318406.693, 97
Trd, 4318407.743, 95
Trd, 4318409.493, 94
Trd, 4318410.443, 101
Trd, 4318411.093, 101
Trd, 4318412.643, 102
Trd, 4318413.493, 102
Trd, 4318415.093, 107
Trd, 4318415.293, 102
Trd, 4318417.993, 100
Trd, 4318419.293, 97
Trd, 4318419.593, 99
Trd, 4318421.243, 97
Trd, 4318421.743, 96
Trd, 4318423.043, 97
Trd, 4318425.043, 95
Trd, 4318429.043, 95
Trd, 4318429.493, 96
Trd, 4318430.143, 94
Trd, 4318430.843, 95
Trd, 4318431.093, 97
Trd, 4318432.343, 96
Trd, 4318434.143, 100
Trd, 4318435.293, 97
Trd, 4318436.343, 94
Trd, 4318437.493, 97
Trd, 4318437.993, 122
Trd, 4318438.143, 112
Trd, 4318438.893, 98
Trd, 4318442.043, 98
Trd, 4318442.693, 119
Trd, 4318444.643, 101
Trd, 4318445.943, 97
Trd, 4318448.193, 99
Trd, 4318448.893, 101
Trd, 4318449.343, 102
Trd, 4318451.443, 98
Trd, 4318452.743, 98
Trd, 4318452.793, 97
Trd, 4318452.943, 100
Trd, 4318455.893, 99
Trd, 4318457.093, 99
Trd, 4318458.243, 103
Trd, 4318458.643, 104
Trd, 4318460.643, 106
Trd, 4318460.943, 103
Trd, 4318461.243, 113
Trd, 4318461.743, 94
Trd, 4318463.893, 99
Trd, 4318465.843, 103
Trd, 4318466.443, 104
Trd, 4318467.943, 99
Trd, 4318469.043, 103
Trd, 4318469.843, 100
Trd, 4318472.493, 102
Trd, 4318474.093, 102
Trd, 4318474.193, 101
Trd, 4318474.893, 100
Trd, 4318477.093, 101
Trd, 4318477.243, 98
Trd, 4318478.793, 94
Trd, 4318480.693, 97
Trd, 4318481.343, 97
Trd, 4318482.343, 96
Trd, 4318483.643, 97
Trd, 4318483.793, 95
Trd, 4318484.943, 96
Trd, 4318487.643, 97
Trd, 4318490.293, 96
Trd, 4318490.343, 95
Trd, 4318491.993, 97
Trd, 4318495.943, 94
Trd, 4318496.493, 95
Trd, 4318497.043, 95
Trd, 4318498.193, 94
Trd, 4318500.143, 94
Trd, 4318500.443, 93
Trd, 4318502.843, 94
Trd, 4318503.393, 94
Trd, 4318505.393, 94
Trd, 4318505.793, 93
Trd, 4318508.893, 92
Trd, 4318509.143, 90
Trd, 4318510.343, 92
Trd, 4318510.943, 113
Trd, 4318513.643, 91
Trd, 4318514.943, 94
Trd, 4318515.843, 95
Trd, 4318516.493, 94
Trd, 4318517.843, 93
Trd, 4318519.343, 92
Trd, 4318520.893, 93
Trd, 4318522.193, 91
Trd, 4318524.943, 92
Trd, 4318526.243, 92
Trd, 4318526.293, 93
Trd, 4318526.893, 92
Trd, 4318529.093, 108
Trd, 4318529.743, 100
Trd, 4318530.693, 101
Trd, 4318531.493, 111
Trd, 4318532.543, 113
Trd, 4318533.843, 104
Trd, 4318534.893, 103
Trd, 4318536.343, 107
Trd, 4318538.043, 107
Trd, 4318538.143, 104
Trd, 4318540.343, 102
Trd, 4318541.693, 93
Trd, 4318542.943, 91
Trd, 4318543.843, 97
Trd, 4318546.143, 98
Trd, 4318546.993, 96
Trd, 4318547.893, 93
Trd, 4318550.493, 94
Trd, 4318552.643, 94
Trd, 4318552.843, 94
Trd, 4318554.943, 93
Trd, 4318555.643, 94
Trd, 4318556.793, 94
Trd, 4318557.093, 98
Trd, 4318559.643, 95
Trd, 4318560.243, 95
Trd, 4318560.743, 95
Trd, 4318561.293, 94
Trd, 4318561.743, 92
Trd, 4318562.843, 95
Trd, 4318563.843, 113
Trd, 4318565.343, 94
Trd, 4318566.593, 93
Trd, 4318567.893, 97
Trd, 4318568.843, 95
Trd, 4318572.043, 94
Trd, 4318574.093, 94
Trd, 4318574.243, 93
Trd, 4318575.493, 95
Trd, 4318577.993, 92
Trd, 4318578.143, 94
Trd, 4318579.793, 93
Trd, 4318579.993, 92
Trd, 4318583.343, 93
Trd, 4318584.743, 91
Trd, 4318586.643, 91
Trd, 4318587.793, 92
Trd, 4318588.493, 92
Trd, 4318589.343, 91
Trd, 4318590.293, 97
Trd, 4318590.443, 113
Trd, 4318592.593, 98
Trd, 4318593.093, 90
Trd, 4318595.593, 91
Trd, 4318596.143, 113
Trd, 4318596.843, 94
Trd, 4318598.743, 90
Trd, 4318602.643, 92
Trd, 4318602.843, 90
Trd, 4318605.843, 91
Trd, 4318606.993, 92
Trd, 4318607.893, 91
Trd, 4318609.443, 92
Trd, 4318609.993, 90
Trd, 4318610.843, 91
Trd, 4318612.543, 90
Trd, 4318614.593, 91
Trd, 4318615.543, 91
Trd, 4318617.293, 95
Trd, 4318618.243, 95
Trd, 4318618.843, 94
Trd, 4318619.243, 94
Trd, 4318619.743, 113
Trd, 4318622.243, 97
Trd, 4318622.943, 93
Trd, 4318624.393, 94
Trd, 4318624.943, 95
Trd, 4318625.143, 98
Trd, 4318626.443, 98
Trd, 4318627.143, 86
Trd, 4318630.893, 92
Trd, 4318631.893, 92
Trd, 4318632.043, 89
Trd, 4318634.043, 92
Trd, 4318634.743, 89
Trd, 4318635.043, 89
Trd, 4318637.543, 88
Trd, 4318637.743, 89
Trd, 4318638.243, 89
Trd, 4318638.743, 89
Trd, 4318640.693, 103
Trd, 4318642.493, 100
Trd, 4318643.143, 97
Trd, 4318644.143, 110
Trd, 4318644.743, 99
Trd, 4318645.093, 96
Trd, 4318645.493, 93
Trd, 4318645.743, 113
Trd, 4318650.343, 95
Trd, 4318651.893, 97
Trd, 4318652.443, 96
Trd, 4318653.893, 96
Trd, 4318654.293, 96
Trd, 4318655.243, 95
Trd, 4318656.493, 97
Trd, 4318657.643, 94
Trd, 4318660.843, 95
Trd, 4318662.893, 96
Trd, 4318663.643, 96
Trd, 4318665.193, 95
Trd, 4318668.393, 94
Trd, 4318668.643, 96
Trd, 4318669.693, 96
Trd, 4318669.993, 97
Trd, 4318670.793, 94
Trd, 4318674.093, 96
Trd, 4318674.643, 94
Trd, 4318676.043, 94
Trd, 4318678.343, 95
Trd, 4318679.543, 95
Trd, 4318679.743, 94
Trd, 4318681.943, 94
Trd, 4318683.143, 94
Trd, 4318683.293, 95
Trd, 4318685.143, 95
Trd, 4318686.293, 98
Trd, 4318689.043, 106
Trd, 4318689.393, 103
Trd, 4318689.743, 113
Trd, 4318690.793, 103
Trd, 4318691.643, 119
Trd, 4318692.293, 93
Trd, 4318693.693, 99
Trd, 4318694.593, 92
Trd, 4318696.293, 122
Trd, 4318698.843, 101
Trd, 4318699.643, 99
Trd, 4318701.293, 103
Trd, 4318702.043, 102
Trd, 4318703.493, 102
Trd, 4318703.843, 101
Trd, 4318704.693, 100
Trd, 4318705.093, 102
Trd, 4318705.743, 99
Trd, 4318706.793, 113
Trd, 4318708.793, 99
Trd, 4318708.843, 103
Trd, 4318710.143, 95
Trd, 4318711.843, 97
Trd, 4318714.343, 98
Trd, 4318715.093, 97
Trd, 4318715.893, 96
Trd, 4318718.243, 95
Trd, 4318719.943, 95
Trd, 4318720.543, 96
Trd, 4318720.693, 94
Trd, 4318721.743, 101
Trd, 4318723.343, 96
Trd, 4318723.543, 112
Trd, 4318725.343, 99
Trd, 4318725.743, 98
Trd, 4318727.643, 98
Trd, 4318728.293, 97
Trd, 4318730.043, 96
Trd, 4318730.343, 98
Trd, 4318731.243, 97
Trd, 4318732.743, 94
Trd, 4318734.593, 95
Trd, 4318735.243, 96
Trd, 4318736.293, 94
Trd, 4318736.643, 96
Trd, 4318739.743, 95
Trd, 4318740.743, 94
Trd, 4318741.843, 95
Trd, 4318743.043, 95
Trd, 4318743.143, 94
Trd, 4318744.593, 94
Trd, 4318746.493, 95
Trd, 4318747.193, 113
Trd, 4318749.393, 95
Trd, 4318750.793, 93
Trd, 4318750.893, 99
Trd, 4318752.893, 85
Trd, 4318754.243, 90
Trd, 4318754.743, 93
Trd, 4318755.643, 91
Trd, 4318756.693, 92
Trd, 4318758.043, 97
Trd, 4318758.443, 94
Trd, 4318759.043, 91
Trd, 4318760.343, 92
Trd, 4318762.193, 93
Trd, 4318762.593, 113
Trd, 4318763.693, 94
Trd, 4318764.243, 134
Trd, 4318765.493, 96
Trd, 4318768.693, 96
Trd, 4318769.643, 94
Trd, 4318771.393, 96
Trd, 4318774.193, 95
Trd, 4318776.543, 95
Trd, 4318777.243, 94
Trd, 4318779.293, 95
Trd, 4318779.443, 93
Trd, 4318781.293, 95
Trd, 4318781.693, 95
Trd, 4318784.443, 94
Trd, 4318785.093, 94
Trd, 4318786.143, 94
Trd, 4318786.593, 93
Trd, 4318787.893, 94
Trd, 4318790.443, 94
Trd, 4318790.843, 92
Trd, 4318791.693, 94
Trd, 4318793.893, 93
Trd, 4318796.643, 93
Trd, 4318797.193, 94
Trd, 4318797.293, 94
Trd, 4318799.243, 94
Trd, 4318799.843, 111
Trd, 4318800.293, 113
Trd, 4318800.743, 98
Trd, 4318801.543, 96
Trd, 4318803.193, 94
Trd, 4318804.143, 102
Trd, 4318807.243, 100
Trd, 4318807.843, 99
Trd, 4318808.243, 93
Trd, 4318809.893, 94
Trd, 4318810.443, 94
Trd, 4318810.743, 96
Trd, 4318813.793, 94
Trd, 4318814.893, 93
Trd, 4318815.093, 113
Trd, 4318815.443, 91
Trd, 4318818.443, 93
Trd, 4318821.293, 90
Trd, 4318821.493, 94
Trd, 4318823.593, 93
Trd, 4318823.943, 94
Trd, 4318825.543, 100
Trd, 4318826.743, 92
Trd, 4318829.443, 93
Trd, 4318831.743, 93
Trd, 4318833.893, 95
Trd, 4318835.743, 96
Trd, 4318836.893, 92
Trd, 4318837.643, 93
Trd, 4318837.993, 92
Trd, 4318839.493, 95
Trd, 4318840.443, 98
Trd, 4318842.843, 94
Trd, 4318843.743, 94
Trd, 4318843.793, 99
Trd, 4318844.093, 93
Trd, 4318847.343, 93
Trd, 4318847.843, 95
Trd, 4318848.093, 95
Trd, 4318849.893, 95
Trd, 4318852.043, 95
Trd, 4318852.643, 94
Trd, 4318853.693, 113
Trd, 4318854.193, 92
Trd, 4318856.843, 101
Trd, 4318856.943, 93
Trd, 4318857.693, 96
Trd, 4318858.693, 96
Trd, 4318860.493, 94
Trd, 4318860.843, 91
Trd, 4318864.643, 97
Trd, 4318866.293, 95
Trd, 4318866.643, 93
Trd, 4318866.893, 95
Trd, 4318867.093, 113
Trd, 4318870.143, 121
Trd, 4318870.693, 107
Trd, 4318870.743, 94
Trd, 4318871.843, 104
Trd, 4318874.143, 102
Trd, 4318874.543, 103
Trd, 4318877.843, 102
Trd, 4318877.893, 112
Trd, 4318879.293, 103
Trd, 4318880.943, 106
Trd, 4318881.543, 104
Trd, 4318881.843, 103
Trd, 4318882.093, 104
Trd, 4318884.043, 110
Trd, 4318884.493, 95
Trd, 4318887.343, 102
Trd, 4318888.493, 109
Trd, 4318891.293, 103
Trd, 4318892.143, 104
Trd, 4318893.243, 102
Trd, 4318893.793, 103
Trd, 4318894.393, 102
Trd, 4318895.193, 113
Trd, 4318896.293, 101
Trd, 4318896.743, 104
Trd, 4318899.143, 102
Trd, 4318901.443, 101
Trd, 4318901.693, 94
Trd, 4318904.143, 99
Trd, 4318904.493, 99
Trd, 4318906.393, 100
Trd, 4318907.193, 98
Trd, 4318907.493, 100
Trd, 4318908.493, 121
Trd, 4318909.143, 97
Trd, 4318911.093, 102
Trd, 4318911.493, 101
Trd, 4318912.693, 100
Trd, 4318915.343, 102
Trd, 4318915.893, 96
Trd, 4318916.843, 101
Trd, 4318917.893, 97
Trd, 4318918.343, 94
Trd, 4318920.493, 97
Trd, 4318922.393, 113
Trd, 4318923.143, 98
Trd, 4318923.193, 122
Trd, 4318925.043, 97
Trd, 4318925.943, 102
Trd, 4318928.343, 100
Trd, 4318928.493, 100
Trd, 4318928.793, 100
Trd, 4318929.593, 99
Trd, 4318930.343, 85
Trd, 4318933.043, 98
Trd, 4318933.843, 94
Trd, 4318934.193, 96
Trd, 4318935.493, 94
Trd, 4318938.993, 95
Trd, 4318940.043, 95
Trd, 4318940.943, 95
Trd, 4318942.793, 99
Trd, 4318943.893, 113
Trd, 4318944.193, 93
Trd, 4318948.443, 96
Trd, 4318949.993, 93
Trd, 4318950.693, 95
Trd, 4318951.493, 95
Trd, 4318953.143, 93
Trd, 4318955.993, 96
Trd, 4318957.593, 93
Trd, 4318961.343, 95
Trd, 4318961.843, 95
Trd, 4318962.893, 100
Trd, 4318964.393, 95
Trd, 4318964.643, 97
Trd, 4318966.243, 96
Trd, 4318967.393, 95
Trd, 4318967.643, 84
Trd, 4318969.393, 95
Trd, 4318970.793, 100
Trd, 4318971.993, 100
Trd, 4318974.943, 95
Trd, 4318975.593, 93
Trd, 4318975.993, 93
Trd, 4318978.243, 95
Trd, 4318979.143, 95
Trd, 4318979.793, 112
Trd, 4318980.843, 96
Trd, 4318983.643, 93
Trd, 4318984.393, 95
Trd, 4318984.593, 96
Trd, 4318985.093, 83
Trd, 4318986.643, 95
Trd, 4318988.193, 100
Trd, 4318989.043, 102
Trd, 4318989.243, 122
Trd, 4318989.293, 100
Trd, 4318991.593, 102
Trd, 4318992.643, 99
Trd, 4318994.443, 103
Trd, 4318996.943, 100
Trd, 4318997.443, 103
Trd, 4318999.193, 102
Trd, 4318999.243, 122
Trd, 4319001.643, 102
Trd, 4319002.443, 102
Trd, 4319002.493, 100
Trd, 4319003.443, 107
Trd, 4319004.643, 112
Trd, 4319006.693, 104
Trd, 4319006.993, 105
Trd, 4319008.143, 103
Trd, 4319008.443, 94
Trd, 4319009.693, 104
Trd, 4319011.893, 99
Trd, 4319012.843, 98
Trd, 4319013.093, 100
Trd, 4319014.793, 92
Trd, 4319016.093, 94
Trd, 4319018.043, 93
Trd, 4319019.243, 92
Trd, 4319021.243, 111
Trd, 4319021.743, 97
Trd, 4319022.593, 96
Trd, 4319022.993, 95
Trd, 4319023.943, 122
Trd, 4319026.543, 98
Trd, 4319028.243, 100
Trd, 4319028.943, 98
Trd, 4319030.693, 95
Trd, 4319031.093, 96
Trd, 4319031.893, 95
Trd, 4319033.793, 95
Trd, 4319035.493, 95
Trd, 4319036.143, 97
Trd, 4319038.593, 95
Trd, 4319039.293, 94
Trd, 4319041.793, 95
Trd, 4319041.943, 94
Trd, 4319044.193, 94
Trd, 4319044.543, 95
Trd, 4319045.343, 93
Trd, 4319045.393, 94
Trd, 4319045.743, 96
Trd, 4319046.893, 114
Trd, 4319048.543, 93
Trd, 4319051.693, 95
Trd, 4319052.043, 93
Trd, 4319053.143, 95
Trd, 4319053.443, 96
Trd, 4319057.093, 93
Trd, 4319057.893, 94
Trd, 4319061.143, 92
Trd, 4319062.443, 93
Trd, 4319062.893, 93
Trd, 4319063.543, 94
Trd, 4319065.843, 94
Trd, 4319066.743, 95
Trd, 4319068.643, 93
Trd, 4319068.993, 95
Trd, 4319070.243, 94
Trd, 4319070.693, 94
Trd, 4319073.193, 93
Trd, 4319075.893, 93
Trd, 4319075.993, 94
Trd, 4319077.493, 112
Trd, 4319079.343, 103
Trd, 4319080.543, 98
Trd, 4319081.543, 92
Trd, 4319083.893, 97
Trd, 4319084.743, 100
Trd, 4319084.793, 96
Trd, 4319085.893, 111
Trd, 4319087.843, 101
Trd, 4319088.543, 113
Trd, 4319089.193, 106
Trd, 4319091.043, 108
Trd, 4319091.943, 107
Trd, 4319092.093, 122
Trd, 4319093.943, 102
Trd, 4319095.593, 105
Trd, 4319095.693, 113
Trd, 4319097.493, 103
Trd, 4319101.393, 105
Trd, 4319101.493, 104
Trd, 4319101.793, 103
Trd, 4319104.193, 106
Trd, 4319104.293, 107
Trd, 4319105.743, 98
Trd, 4319106.243, 111
Trd, 4319107.093, 95
Trd, 4319111.593, 104
Trd, 4319111.643, 104
Trd, 4319112.143, 100
Trd, 4319112.243, 112
Trd, 4319113.193, 100
Trd, 4319114.093, 122
Trd, 4319116.243, 114
Trd, 4319116.343, 92
Trd, 4319118.343, 95
Trd, 4319119.393, 95
Trd, 4319120.643, 95
Trd, 4319121.893, 96
Trd, 4319122.593, 96
Trd, 4319124.443, 101
Trd, 4319124.693, 112
Trd, 4319125.593, 101
Trd, 4319127.143, 98
Trd, 4319127.793, 105
Trd, 4319128.893, 107
Trd, 4319131.443, 113
Trd, 4319131.493, 102
Trd, 4319132.493, 103
Trd, 4319133.593, 123
Trd, 4319133.993, 122
Trd, 4319134.993, 93
Trd, 4319136.093, 100
Trd, 4319136.243, 101
Trd, 4319138.093, 100
Trd, 4319138.493, 99
Trd, 4319139.443, 98
Trd, 4319140.243, 97
Trd, 4319143.443, 96
Trd, 4319144.193, 94
Trd, 4319144.943, 94
Trd, 4319145.943, 94
Trd, 4319147.743, 101
Trd, 4319149.043, 93
Trd, 4319151.243, 96
Trd, 4319153.143, 96
Trd, 4319153.643, 94
Trd, 4319154.643, 97
Trd, 4319155.093, 94
Trd, 4319157.943, 95
Trd, 4319158.693, 96
Trd, 4319161.093, 94
Trd, 4319163.393, 95
Trd, 4319164.443, 96
Trd, 4319164.593, 93
Trd, 4319165.343, 96
Trd, 4319166.343, 96
Trd, 4319167.243, 96
Trd, 4319168.343, 105
Trd, 4319169.393, 112
Trd, 4319169.693, 105
Trd, 4319171.193, 103
Trd, 4319172.193, 104
Trd, 4319172.993, 103
Trd, 4319174.893, 119
Trd, 4319175.343, 114
Trd, 4319176.393, 104
Trd, 4319177.443, 108
Trd, 4319178.393, 122
Trd, 4319179.643, 103
Trd, 4319179.743, 92
Trd, 4319183.493, 105
Trd, 4319183.843, 107
Trd, 4319186.443, 105
Trd, 4319189.193, 104
Trd, 4319189.593, 100
Trd, 4319193.143, 104
Trd, 4319193.243, 103
Trd, 4319195.193, 101
Trd, 4319196.193, 101
Trd, 4319196.293, 104
Trd, 4319197.343, 85
Trd, 4319200.343, 98
Trd, 4319201.093, 98
Trd, 4319201.193, 104
Trd, 4319201.443, 114
Trd, 4319204.843, 97
Trd, 4319204.993, 97
Trd, 4319205.993, 99
Trd, 4319206.143, 96
Trd, 4319207.393, 96
Trd, 4319209.193, 96
Trd, 4319211.993, 94
Trd, 4319212.993, 93
Trd, 4319213.993, 93
Trd, 4319214.043, 94
Trd, 4319215.693, 114
Trd, 4319216.543, 99
Trd, 4319217.443, 103
Trd, 4319219.493, 103
Trd, 4319220.193, 98
Trd, 4319220.393, 120
Trd, 4319222.743, 100
Trd, 4319223.793, 101
Trd, 4319224.193, 99
Trd, 4319224.493, 103
Trd, 4319227.293, 98
Trd, 4319228.443, 100
Trd, 4319229.693, 100
Trd, 4319230.943, 98
Trd, 4319231.593, 100
Trd, 4319232.493, 101
Trd, 4319233.793, 100
Trd, 4319234.843, 101
Trd, 4319236.293, 107
Trd, 4319238.893, 103
Trd, 4319239.243, 102
Trd, 4319240.243, 94
Trd, 4319240.793, 102
Trd, 4319242.293, 99
Trd, 4319245.243, 99
Trd, 4319246.493, 101
Trd, 4319247.343, 99
Trd, 4319247.693, 100
Trd, 4319248.443, 98
Trd, 4319250.343, 84
Trd, 4319251.193, 82
Trd, 4319251.293, 100
Trd, 4319251.493, 100
Trd, 4319256.943, 98
Trd, 4319258.093, 98
Trd, 4319258.743, 98
Trd, 4319261.443, 96
Trd, 4319262.843, 96
Trd, 4319262.893, 97
Trd, 4319265.243, 94
Trd, 4319266.043, 94
Trd, 4319267.443, 93
Trd, 4319267.793, 92
Trd, 4319269.193, 92
Trd, 4319270.993, 93
Trd, 4319271.143, 99
Trd, 4319272.543, 92
Trd, 4319272.943, 94
Trd, 4319274.243, 93
Trd, 4319274.843, 93
Trd, 4319276.443, 93
Trd, 4319279.193, 98
Trd, 4319280.293, 96
Trd, 4319280.793, 93
Trd, 4319281.893, 94
Trd, 4319282.293, 97
Trd, 4319285.343, 96
Trd, 4319286.343, 93
Trd, 4319286.793, 94
Trd, 4319287.193, 93
Trd, 4319290.143, 93
Trd, 4319291.393, 94
Trd, 4319292.143, 94
Trd, 4319292.693, 94
Trd, 4319293.393, 94
Trd, 4319293.543, 93
Trd, 4319296.843, 93
Trd, 4319297.143, 92
Trd, 4319297.693, 105
Trd, 4319299.093, 95
Trd, 4319300.343, 103
Trd, 4319302.493, 105
Trd, 4319303.193, 121
Trd, 4319303.593, 118
Trd, 4319304.743, 110
Trd, 4319307.193, 104
Trd, 4319309.493, 103
Trd, 4319310.693, 102
Trd, 4319311.393, 101
Trd, 4319311.893, 97
Trd, 4319313.293, 94
Trd, 4319313.843, 95
Trd, 4319314.043, 85
Trd, 4319317.543, 96
Trd, 4319318.243, 96
Trd, 4319320.493, 96
Trd, 4319321.993, 97
Trd, 4319324.093, 113
Trd, 4319324.193, 101
Trd, 4319324.343, 99
Trd, 4319324.443, 93
Trd, 4319326.793, 95
Trd, 4319327.943, 96
Trd, 4319329.393, 95
Trd, 4319330.693, 92
Trd, 4319332.293, 93
Trd, 4319332.893, 97
Trd, 4319333.043, 113
Trd, 4319335.193, 103
Trd, 4319335.793, 103
Trd, 4319336.693, 104
Trd, 4319337.593, 92
Trd, 4319338.343, 84
Trd, 4319340.593, 97
Trd, 4319342.493, 97
Trd, 4319343.343, 95
Trd, 4319345.193, 96
Trd, 4319346.843, 95
Trd, 4319349.343, 95
Trd, 4319350.443, 95
Trd, 4319350.593, 95
Trd, 4319353.493, 95
Trd, 4319354.893, 94
Trd, 4319355.893, 93
Trd, 4319356.093, 95
Trd, 4319358.293, 84
Trd, 4319358.993, 88
Trd, 4319360.343, 89
Trd, 4319362.743, 90
Trd, 4319362.993, 89
Trd, 4319363.093, 98
Trd, 4319365.793, 88
Trd, 4319366.793, 89
Trd, 4319368.293, 88
Trd, 4319369.193, 90
Trd, 4319370.793, 89
Trd, 4319371.593, 88
Trd, 4319372.343, 97
Trd, 4319373.343, 91
Trd, 4319378.143, 89
Trd, 4319378.243, 90
Trd, 4319378.343, 88
Trd, 4319380.893, 89
Trd, 4319381.093, 107
Trd, 4319381.143, 88
Trd, 4319382.793, 98
Trd, 4319384.443, 101
Trd, 4319385.743, 101
Trd, 4319386.043, 112
Trd, 4319386.743, 112
Trd, 4319387.693, 101
Trd, 4319390.893, 94
Trd, 4319391.043, 95
Trd, 4319393.393, 96
Trd, 4319393.893, 97
Trd, 4319394.543, 96
Trd, 4319395.343, 114
Trd, 4319396.093, 95
Trd, 4319397.443, 98
Trd, 4319399.843, 94
Trd, 4319401.093, 94
Trd, 4319403.193, 97
Trd, 4319404.193, 96
Trd, 4319405.093, 97
Trd, 4319405.593, 95
Trd, 4319406.843, 98
Trd, 4319407.193, 97
Trd, 4319407.343, 94
Trd, 4319410.843, 94
Trd, 4319412.493, 90
Trd, 4319412.743, 90
Trd, 4319413.493, 91
Trd, 4319415.443, 90
Trd, 4319416.643, 107
Trd, 4319418.043, 92
Trd, 4319420.793, 91
Trd, 4319422.393, 92
Trd, 4319424.293, 93
Trd, 4319424.493, 91
Trd, 4319424.643, 95
Trd, 4319426.993, 94
Trd, 4319427.043, 95
Trd, 4319431.743, 91
Trd, 4319432.543, 92
Trd, 4319432.693, 91
Trd, 4319436.693, 93
Trd, 4319437.293, 90
Trd, 4319439.143, 92
Trd, 4319439.243, 94
Trd, 4319440.743, 106
Trd, 4319441.543, 95
Trd, 4319442.093, 111
Trd, 4319442.393, 94
Trd, 4319445.643, 101
Trd, 4319446.643, 96
Trd, 4319447.443, 97
Trd, 4319447.593, 96
Trd, 4319448.843, 97
Trd, 4319450.893, 97
Trd, 4319453.243, 102
Trd, 4319453.843, 101
Trd, 4319453.993, 111
Trd, 4319454.443, 100
Trd, 4319456.293, 113
Trd, 4319457.843, 100
Trd, 4319458.943, 100
Trd, 4319459.443, 101
Trd, 4319463.143, 101
Trd, 4319463.343, 98
Trd, 4319463.543, 101
Trd, 4319465.293, 102
Trd, 4319466.943, 96
Trd, 4319467.443, 113
Trd, 4319468.143, 95
Trd, 4319470.043, 85
Trd, 4319470.243, 102
Trd, 4319471.893, 91
Trd, 4319473.893, 93
Trd, 4319474.043, 93
Trd, 4319474.343, 97
Trd, 4319477.193, 94
Trd, 4319477.593, 94
Trd, 4319478.993, 96
Trd, 4319480.493, 95
Trd, 4319481.643, 94
Trd, 4319482.693, 95
Trd, 4319483.443, 94
Trd, 4319485.743, 95
Trd, 4319486.943, 100
Trd, 4319488.193, 105
Trd, 4319488.293, 99
Trd, 4319489.643, 104
Trd, 4319489.843, 103
Trd, 4319491.243, 102
Trd, 4319491.343, 108
Trd, 4319494.293, 101
Trd, 4319495.793, 106
Trd, 4319495.993, 112
Trd, 4319496.043, 103
Trd, 4319496.543, 99
Trd, 4319498.993, 108
Trd, 4319500.243, 103
Trd, 4319504.593, 100
Trd, 4319505.493, 99
Trd, 4319505.643, 98
Trd, 4319506.243, 85
Trd, 4319507.143, 99
Trd, 4319507.793, 100
Trd, 4319510.793, 100
Trd, 4319510.943, 109
Trd, 4319512.393, 95
Trd, 4319513.743, 96
Trd, 4319513.843, 93
Trd, 4319516.293, 95
Trd, 4319518.343, 93
Trd, 4319520.793, 95
Trd, 4319521.543, 94
Trd, 4319521.793, 95
Trd, 4319522.043, 93
Trd, 4319523.893, 93
Trd, 4319526.043, 94
Trd, 4319527.343, 98
Trd, 4319529.043, 93
Trd, 4319529.393, 94
Trd, 4319529.693, 96
Trd, 4319530.343, 94
Trd, 4319532.043, 95
Trd, 4319533.493, 106
Trd, 4319535.143, 95
Trd, 4319535.543, 95
Trd, 4319535.843, 94
Trd, 4319538.543, 94
Trd, 4319539.793, 92
Trd, 4319540.643, 92
Trd, 4319541.593, 92
Trd, 4319541.793, 93
Trd, 4319543.243, 92
Trd, 4319543.443, 92
Trd, 4319544.793, 97
Trd, 4319545.943, 93
Trd, 4319547.193, 122
Trd, 4319549.243, 100
Trd, 4319551.493, 96
Trd, 4319552.143, 96
Trd, 4319552.393, 94
Trd, 4319553.943, 96
Trd, 4319554.793, 95
Trd, 4319555.893, 96
Trd, 4319557.243, 95
Trd, 4319557.643, 100
Trd, 4319559.393, 94
Trd, 4319560.693, 95
Trd, 4319562.093, 93
Trd, 4319565.443, 94
Trd, 4319566.743, 98
Trd, 4319567.193, 93
Trd, 4319567.493, 93
Trd, 4319569.743, 93
Trd, 4319569.893, 85
Trd, 4319570.593, 97
Trd, 4319572.843, 90
Trd, 4319573.043, 122
Trd, 4319574.443, 98
Trd, 4319574.943, 99
Trd, 4319575.493, 115
Trd, 4319575.943, 90
Trd, 4319577.493, 99
Trd, 4319580.143, 97
Trd, 4319580.293, 95
Trd, 4319583.043, 96
Trd, 4319583.843, 98
Trd, 4319586.443, 95
Trd, 4319588.593, 94
Trd, 4319588.643, 94
Trd, 4319590.093, 77
Trd, 4319590.693, 89
Trd, 4319592.493, 89
Trd, 4319594.693, 91
Trd, 4319595.443, 91
Trd, 4319597.343, 112
Trd, 4319598.243, 95
Trd, 4319601.543, 95
Trd, 4319601.743, 94
Trd, 4319602.093, 96
Trd, 4319603.393, 110
Trd, 4319605.193, 95
Trd, 4319607.343, 94
Trd, 4319607.543, 95
Trd, 4319608.493, 104
Trd, 4319609.093, 93
Trd, 4319610.493, 94
Trd, 4319612.993, 95
Trd, 4319613.143, 94
Trd, 4319614.093, 92
Trd, 4319614.893, 96
Trd, 4319617.043, 96
Trd, 4319617.543, 92
Trd, 4319617.643, 93
Trd, 4319620.993, 93
Trd, 4319621.843, 93
Trd, 4319621.993, 93
Trd, 4319623.393, 93
Trd, 4319623.493, 99
Trd, 4319624.143, 112
Trd, 4319626.893, 96
Trd, 4319627.443, 93
Trd, 4319629.243, 93
Trd, 4319629.443, 94
Trd, 4319631.243, 94
Trd, 4319631.443, 93
Trd, 4319632.543, 95
Trd, 4319635.393, 96
Trd, 4319636.643, 93
Trd, 4319637.893, 95
Trd, 4319638.043, 94
Trd, 4319639.293, 96
Trd, 4319640.693, 96
Trd, 4319642.043, 93
Trd, 4319642.643, 95
Trd, 4319643.793, 95
Trd, 4319644.993, 112
Trd, 4319646.493, 98
Trd, 4319647.293, 100
Trd, 4319648.693, 97
Trd, 4319649.243, 96
Trd, 4319649.993, 98
Trd, 4319650.843, 96
Trd, 4319652.293, 95
Trd, 4319654.443, 94
Trd, 4319656.643, 96
Trd, 4319657.643, 93
Trd, 4319658.243, 99
Trd, 4319660.493, 96
Trd, 4319661.393, 96
Trd, 4319661.793, 96
Trd, 4319662.643, 97
Trd, 4319665.343, 98
Trd, 4319665.943, 98
Trd, 4319667.393, 93
Trd, 4319669.193, 95
Trd, 4319669.743, 95
Trd, 4319671.693, 94
Trd, 4319673.593, 95
Trd, 4319673.693, 93
Trd, 4319675.743, 98
Trd, 4319675.993, 98
Trd, 4319677.843, 95
Trd, 4319679.243, 95
Trd, 4319679.543, 96
Trd, 4319680.493, 97
Trd, 4319680.893, 97
Trd, 4319681.293, 93
Trd, 4319683.593, 100
Trd, 4319683.993, 100
Trd, 4319684.243, 99
Trd, 4319684.893, 113
Trd, 4319686.993, 99
Trd, 4319687.493, 100
Trd, 4319688.593, 101
Trd, 4319690.093, 98
Trd, 4319691.743, 97
Trd, 4319693.993, 98
Trd, 4319694.193, 113
Trd, 4319695.543, 101
Trd, 4319695.593, 105
Trd, 4319695.893, 96
Trd, 4319697.893, 95
Trd, 4319702.343, 96
Trd, 4319702.743, 98
Trd, 4319704.093, 98
Trd, 4319706.543, 95
Trd, 4319707.493, 96
Trd, 4319707.743, 97
Trd, 4319708.993, 94
Trd, 4319713.343, 94
Trd, 4319715.143, 94
Trd, 4319715.343, 95
Trd, 4319717.443, 98
Trd, 4319719.643, 94
Trd, 4319720.143, 93
Trd, 4319720.293, 95
Trd, 4319720.693, 96
Trd, 4319721.843, 97
Trd, 4319723.393, 97
Trd, 4319724.393, 97
Trd, 4319724.493, 96
Trd, 4319725.043, 112
Trd, 4319725.843, 95
Trd, 4319727.893, 94
Trd, 4319728.393, 110
Trd, 4319730.793, 105
Trd, 4319732.393, 101
Trd, 4319732.443, 113
Trd, 4319734.643, 101
Trd, 4319735.543, 101
Trd, 4319737.343, 95
Trd, 4319737.543, 96
Trd, 4319737.943, 96
Trd, 4319739.343, 97
Trd, 4319739.893, 97
Trd, 4319742.343, 98
Trd, 4319745.193, 100
Trd, 4319745.443, 98
Trd, 4319746.343, 113
Trd, 4319748.593, 103
Trd, 4319749.443, 96
Trd, 4319750.493, 113
Trd, 4319752.393, 99
Trd, 4319752.593, 94
Trd, 4319753.193, 96
Trd, 4319754.793, 94
Trd, 4319755.143, 97
Trd, 4319757.343, 95
Trd, 4319759.493, 96
Trd, 4319759.943, 93
Trd, 4319761.843, 98
Trd, 4319763.293, 98
Trd, 4319763.843, 102
Trd, 4319764.393, 111
Trd, 4319765.093, 99
Trd, 4319765.993, 100
Trd, 4319767.593, 99
Trd, 4319769.843, 97
Trd, 4319770.443, 108
Trd, 4319770.643, 94
Trd, 4319771.543, 105
Trd, 4319772.543, 102
Trd, 4319772.893, 100
Trd, 4319775.443, 103
Trd, 4319776.543, 102
Trd, 4319776.593, 105
Trd, 4319778.793, 94
Trd, 4319779.143, 95
Trd, 4319780.993, 96
Trd, 4319781.243, 97
Trd, 4319782.293, 103
Trd, 4319783.993, 102
Trd, 4319785.343, 101
Trd, 4319786.993, 101
Trd, 4319787.343, 101
Trd, 4319788.243, 99
Trd, 4319789.443, 99
Trd, 4319791.543, 85
Trd, 4319791.793, 96
Trd, 4319792.243, 88
Trd, 4319793.893, 96
Trd, 4319795.643, 95
Trd, 4319795.743, 106
Trd, 4319797.393, 112
Trd, 4319799.243, 96
Trd, 4319800.543, 97
Trd, 4319801.193, 94
Trd, 4319804.393, 93
Trd, 4319805.093, 93
Trd, 4319806.393, 95
Trd, 4319807.993, 95
Trd, 4319808.943, 95
Trd, 4319810.643, 94
Trd, 4319812.393, 112
Trd, 4319813.393, 93
Trd, 4319813.743, 97
Trd, 4319814.593, 96
Trd, 4319816.493, 95
Trd, 4319817.543, 94
Trd, 4319818.043, 93
Trd, 4319820.193, 97
Trd, 4319820.543, 92
Trd, 4319823.093, 94
Trd, 4319824.643, 96
Trd, 4319826.193, 96
Trd, 4319827.343, 99
Trd, 4319827.393, 95
Trd, 4319827.593, 94
Trd, 4319829.543, 113
Trd, 4319830.643, 96
Trd, 4319832.443, 95
Trd, 4319833.593, 96
Trd, 4319835.193, 96
Trd, 4319836.243, 95
Trd, 4319836.593, 94
Trd, 4319836.893, 96
Trd, 4319838.593, 102
Trd, 4319840.143, 93
Trd, 4319841.093, 110
Trd, 4319842.943, 98
Trd, 4319845.143, 96
Trd, 4319845.543, 97
Trd, 4319847.493, 96
Trd, 4319848.243, 113
Trd, 4319849.043, 103
Trd, 4319850.393, 100
Trd, 4319851.493, 94
Trd, 4319853.943, 97
Trd, 4319855.893, 96
Trd, 4319856.093, 98
Trd, 4319856.743, 97
Trd, 4319857.993, 98
Trd, 4319858.143, 95
Trd, 4319859.243, 113
Trd, 4319860.043, 94
Trd, 4319862.243, 112
Trd, 4319864.793, 100
Trd, 4319865.593, 99
Trd, 4319866.343, 100
Trd, 4319866.993, 100
Trd, 4319867.693, 100
Trd, 4319869.093, 101
Trd, 4319870.743, 110
Trd, 4319870.993, 99
Trd, 4319872.093, 113
Trd, 4319875.843, 101
Trd, 4319876.443, 99
Trd, 4319877.593, 101
Trd, 4319878.543, 101
Trd, 4319880.243, 95
Trd, 4319881.543, 100
Trd, 4319881.943, 100
Trd, 4319884.643, 111
Trd, 4319885.643, 109
Trd, 4319886.593, 112
Trd, 4319888.443, 104
Trd, 4319888.993, 103
Trd, 4319889.693, 103
Trd, 4319889.893, 113
Trd, 4319890.293, 102
Trd, 4319892.443, 110
Trd, 4319894.343, 104
Trd, 4319896.143, 105
Trd, 4319896.193, 103
Trd, 4319896.443, 107
Trd, 4319899.293, 104
Trd, 4319902.193, 103
Trd, 4319902.593, 95
Trd, 4319903.793, 102
Trd, 4319905.093, 99
Trd, 4319905.793, 102
Trd, 4319906.443, 98
Trd, 4319908.043, 99
Trd, 4319909.943, 97
Trd, 4319911.193, 99
Trd, 4319912.993, 95
Trd, 4319913.343, 94
Trd, 4319913.943, 97
Trd, 4319915.343, 100
Trd, 4319915.593, 97
Trd, 4319916.393, 98
Trd, 4319918.243, 98
Trd, 4319920.043, 98
Trd, 4319921.193, 96
Trd, 4319921.843, 94
Trd, 4319921.893, 95
Trd, 4319923.393, 96
Trd, 4319924.943, 93
Trd, 4319927.743, 89
Trd, 4319929.093, 93
Trd, 4319929.593, 91
Trd, 4319930.143, 92
Trd, 4319931.643, 90
Trd, 4319933.793, 90
Trd, 4319934.693, 89
Trd, 4319938.043, 88
Trd, 4319939.193, 88
Trd, 4319939.393, 90
Trd, 4319940.693, 89
Trd, 4319942.793, 89
Trd, 4319943.243, 89
Trd, 4319943.793, 87
Trd, 4319944.193, 122
Trd, 4319945.143, 97
Trd, 4319946.193, 87
Trd, 4319948.243, 92
Trd, 4319952.043, 93
Trd, 4319952.593, 92
Trd, 4319954.543, 94
Trd, 4319955.143, 94
Trd, 4319955.593, 96
Trd, 4319957.343, 98
Trd, 4319958.643, 101
Trd, 4319958.743, 99
Trd, 4319958.843, 114
Trd, 4319959.793, 93
Trd, 4319961.193, 98
Trd, 4319964.493, 95
Trd, 4319964.793, 96
Trd, 4319964.893, 94
Trd, 4319967.043, 98
Trd, 4319967.993, 99
Trd, 4319970.393, 97
Trd, 4319971.243, 102
Trd, 4319971.543, 98
Trd, 4319973.443, 81
Trd, 4319977.693, 94
Trd, 4319978.743, 92
Trd, 4319978.793, 94
Trd, 4319979.143, 92
Trd, 4319979.643, 92
Trd, 4319983.643, 96
Trd, 4319983.943, 100
Trd, 4319984.293, 96
Trd, 4319985.893, 95
Trd, 4319986.093, 97
Trd, 4319987.143, 96
Trd, 4319989.143, 93
Trd, 4319989.543, 112
Trd, 4319992.243, 99
Trd, 4319993.793, 95
Trd, 4319994.293, 95
Trd, 4319995.093, 94
Trd, 4319996.193, 95
Trd, 4319996.393, 114
Trd, 4319996.593, 85
Trd, 4319996.743, 100
Trd, 4319999.593, 96
