Trd, 4317892.043, 96
Trd, 4317893.543, 96
Trd, 4317896.893, 90
Trd, 4317898.093, 92
Trd, 4317899.393, 97
Trd, 4317899.693, 106
Trd, 4317901.493, 83
Trd, 4317903.143, 88
Trd, 4317903.543, 90
Trd, 4317907.393, 88
Trd, 4317907.943, 89
Trd, 4317909.793, 91
Trd, 4317910.743, 101
Trd, 4317914.043, 92
Trd, 4317914.493, 92
Trd, 4317915.993, 86
Trd, 4317916.643, 88
Trd, 4317917.693, 103
Trd, 4317917.793, 85
Trd, 4317919.043, 103
Trd, 4317922.543, 110
Trd, 4317922.793, 108
Trd, 4317923.643, 104
Trd, 4317924.393, 105
Trd, 4317927.543, 104
Trd, 4317929.593, 96
Trd, 4317929.843, 99
Trd, 4317930.343, 102
Trd, 4317931.343, 96
Trd, 4317933.793, 97
Trd, 4317934.793, 95
Trd, 4317936.443, 93
Trd, 4317938.393, 105
Trd, 4317940.243, 99
Trd, 4317940.793, 100
Trd, 4317943.043, 98
Trd, 4317943.143, 100
Trd, 4317943.843, 95
Trd, 4317945.393, 94
Trd, 4317946.243, 84
Trd, 4317947.493, 105
Trd, 4317947.943, 101
Trd, 4317948.593, 88
Trd, 4317949.243, 88
Trd, 4317949.693, 88
Trd, 4317950.093, 105
Trd, 4317953.493, 92
Trd, 4317955.143, 92
Trd, 4317956.393, 97
Trd, 4317958.893, 96
Trd, 4317958.993, 95
Trd, 4317960.143, 95
Trd, 4317962.493, 100
Trd, 4317962.593, 105
Trd, 4317963.793, 104
Trd, 4317965.243, 103
Trd, 4317965.393, 102
Trd, 4317966.243, 102
Trd, 4317966.843, 85
Trd, 4317967.843, 99
Trd, 4317971.293, 90
Trd, 4317971.693, 95
Trd, 4317974.093, 94
Trd, 4317975.243, 93
Trd, 4317976.493, 94
Trd, 4317979.393, 103
Trd, 4317979.593, 93
Trd, 4317982.343, 97
Trd, 4317982.943, 104
Trd, 4317983.243, 98
Trd, 4317984.643, 96
Trd, 4317987.243, 89
Trd, 4317989.093, 75
Trd, 4317989.593, 92
Trd, 4317989.893, 104
Trd, 4317990.943, 107
Trd, 4317993.043, 100
Trd, 4317993.693, 96
Trd, 4317993.793, 100
Trd, 4317993.843, 107
Trd, 4317997.243, 97
Trd, 4318000.193, 85
Trd, 4318000.593, 90
Trd, 4318001.493, 89
Trd, 4318002.793, 89
Trd, 4318003.893, 105
Trd, 4318004.493, 95
Trd, 4318006.193, 89
Trd, 4318007.443, 98
Trd, 4318009.893, 95
Trd, 4318010.143, 93
Trd, 4318010.893, 105
Trd, 4318012.793, 92
Trd, 4318013.343, 99
Trd, 4318014.543, 93
Trd, 4318015.293, 100
Trd, 4318021.793, 96
Trd, 4318021.943, 96
Trd, 4318024.193, 91
Trd, 4318025.743, 95
Trd, 4318026.043, 107
Trd, 4318026.893, 123
Trd, 4318029.043, 99
Trd, 4318029.493, 99
Trd, 4318029.793, 97
Trd, 4318031.543, 103
Trd, 4318031.743, 131
Trd, 4318032.893, 106
Trd, 4318033.693, 96
Trd, 4318035.693, 119
Trd, 4318036.643, 96
Trd, 4318037.843, 103
Trd, 4318038.593, 92
Trd, 4318039.743, 95
Trd, 4318040.593, 113
Trd, 4318042.343, 102
Trd, 4318042.893, 113
Trd, 4318044.743, 109
Trd, 4318045.943, 104
Trd, 4318046.293, 95
Trd, 4318048.143, 97
Trd, 4318049.093, 96
Trd, 4318049.343, 84
Trd, 4318051.043, 92
Trd, 4318051.743, 99
Trd, 4318052.843, 98
Trd, 4318054.493, 98
Trd, 4318055.893, 93
Trd, 4318056.193, 91
Trd, 4318057.293, 95
Trd, 4318059.643, 94
Trd, 4318060.293, 91
Trd, 4318062.043, 94
Trd, 4318063.193, 93
Trd, 4318063.343, 100
Trd, 4318064.793, 104
Trd, 4318065.793, 101
Trd, 4318065.893, 75
Trd, 4318066.543, 94
Trd, 4318069.393, 92
Trd, 4318071.893, 103
Trd, 4318071.943, 105
Trd, 4318072.843, 91
Trd, 4318074.393, 95
Trd, 4318074.593, 89
Trd, 4318076.943, 99
Trd, 4318077.493, 98
Trd, 4318078.843, 98
Trd, 4318080.293, 105
Trd, 4318081.343, 101
Trd, 4318082.893, 104
Trd, 4318084.943, 105
Trd, 4318086.593, 101
Trd, 4318086.893, 102
Trd, 4318088.693, 92
Trd, 4318089.493, 98
Trd, 4318090.393, 105
Trd, 4318090.693, 95
Trd, 4318091.443, 112
Trd, 4318093.393, 94
Trd, 4318096.643, 97
Trd, 4318097.493, 93
Trd, 4318098.593, 96
Trd, 4318098.793, 109
Trd, 4318099.443, 102
Trd, 4318102.493, 93
Trd, 4318102.843, 94
Trd, 4318103.893, 94
Trd, 4318105.293, 95
Trd, 4318108.043, 96
Trd, 4318108.793, 88
Trd, 4318109.793, 95
Trd, 4318109.993, 96
Trd, 4318112.243, 108
Trd, 4318113.743, 97
Trd, 4318115.043, 97
Trd, 4318116.743, 94
Trd, 4318116.943, 91
Trd, 4318117.743, 92
Trd, 4318118.893, 100
Trd, 4318120.743, 108
Trd, 4318121.443, 97
Trd, 4318121.993, 102
Trd, 4318123.743, 106
Trd, 4318123.793, 99
Trd, 4318126.143, 98
Trd, 4318128.093, 90
Trd, 4318128.643, 98
Trd, 4318129.743, 108
Trd, 4318130.093, 94
Trd, 4318134.193, 99
Trd, 4318135.493, 99
Trd, 4318136.243, 100
Trd, 4318136.843, 92
Trd, 4318137.693, 104
Trd, 4318138.143, 85
Trd, 4318139.493, 96
Trd, 4318141.743, 80
Trd, 4318142.343, 84
Trd, 4318143.143, 105
Trd, 4318143.293, 89
Trd, 4318146.343, 89
Trd, 4318148.143, 90
Trd, 4318149.293, 90
Trd, 4318149.843, 87
Trd, 4318153.093, 90
Trd, 4318153.793, 86
Trd, 4318155.093, 91
Trd, 4318155.143, 106
Trd, 4318155.193, 127
Trd, 4318155.993, 100
Trd, 4318158.293, 100
Trd, 4318158.393, 99
Trd, 4318160.793, 92
Trd, 4318161.443, 99
Trd, 4318162.543, 95
Trd, 4318164.293, 97
Trd, 4318165.693, 104
Trd, 4318166.493, 90
Trd, 4318166.743, 85
Trd, 4318167.643, 97
Trd, 4318168.193, 96
Trd, 4318170.693, 97
Trd, 4318172.493, 83
Trd, 4318173.893, 85
Trd, 4318174.243, 85
Trd, 4318176.043, 99
Trd, 4318176.143, 104
Trd, 4318177.293, 96
Trd, 4318178.393, 97
Trd, 4318179.043, 83
Trd, 4318179.543, 96
Trd, 4318179.943, 104
Trd, 4318182.243, 105
Trd, 4318183.643, 102
Trd, 4318185.543, 113
Trd, 4318185.593, 103
Trd, 4318185.943, 95
Trd, 4318187.293, 93
Trd, 4318188.193, 102
Trd, 4318188.543, 105
Trd, 4318190.643, 102
Trd, 4318194.893, 104
Trd, 4318195.043, 99
Trd, 4318195.893, 105
Trd, 4318196.493, 100
Trd, 4318197.543, 104
Trd, 4318199.143, 102
Trd, 4318200.543, 95
Trd, 4318201.043, 96
Trd, 4318203.093, 95
Trd, 4318204.293, 104
Trd, 4318206.993, 99
Trd, 4318207.893, 96
Trd, 4318208.193, 95
Trd, 4318208.743, 105
Trd, 4318209.293, 91
Trd, 4318210.093, 95
Trd, 4318212.193, 96
Trd, 4318212.843, 96
Trd, 4318212.893, 84
Trd, 4318214.193, 105
Trd, 4318216.493, 106
Trd, 4318216.893, 98
Trd, 4318217.193, 112
Trd, 4318219.993, 100
Trd, 4318222.193, 95
Trd, 4318222.393, 100
Trd, 4318224.393, 93
Trd, 4318226.093, 92
Trd, 4318226.693, 98
Trd, 4318227.993, 98
Trd, 4318228.993, 97
Trd, 4318231.443, 74
Trd, 4318232.943, 86
Trd, 4318234.143, 93
Trd, 4318236.243, 93
Trd, 4318237.293, 91
Trd, 4318240.743, 93
Trd, 4318241.643, 94
Trd, 4318242.243, 90
Trd, 4318242.593, 100
Trd, 4318242.643, 106
Trd, 4318246.443, 100
Trd, 4318248.943, 92
Trd, 4318249.693, 96
Trd, 4318250.943, 93
Trd, 4318251.293, 102
Trd, 4318251.343, 106
Trd, 4318253.743, 85
Trd, 4318255.493, 105
Trd, 4318255.543, 102
Trd, 4318256.793, 99
Trd, 4318258.993, 103
Trd, 4318259.543, 99
Trd, 4318263.743, 105
Trd, 4318264.043, 103
Trd, 4318264.893, 98
Trd, 4318267.743, 104
Trd, 4318268.743, 96
Trd, 4318269.593, 84
Trd, 4318270.293, 82
Trd, 4318271.093, 82
Trd, 4318272.193, 86
Trd, 4318272.593, 82
Trd, 4318275.793, 101
Trd, 4318276.893, 89
Trd, 4318277.193, 81
Trd, 4318277.493, 81
Trd, 4318278.593, 104
Trd, 4318279.093, 131
Trd, 4318281.993, 91
Trd, 4318282.743, 102
Trd, 4318283.193, 103
Trd, 4318284.493, 101
Trd, 4318284.693, 104
Trd, 4318285.893, 84
Trd, 4318286.193, 96
Trd, 4318288.093, 91
Trd, 4318288.493, 122
Trd, 4318292.293, 104
Trd, 4318293.143, 101
Trd, 4318293.343, 106
Trd, 4318294.143, 97
Trd, 4318295.593, 100
Trd, 4318296.043, 105
Trd, 4318297.593, 101
Trd, 4318300.593, 93
Trd, 4318301.043, 90
Trd, 4318302.593, 88
Trd, 4318302.643, 89
Trd, 4318306.193, 111
Trd, 4318306.493, 109
Trd, 4318307.193, 108
Trd, 4318307.393, 106
Trd, 4318308.593, 106
Trd, 4318309.143, 100
Trd, 4318309.793, 96
Trd, 4318309.843, 104
Trd, 4318312.743, 99
Trd, 4318315.643, 95
Trd, 4318319.193, 100
Trd, 4318320.243, 101
Trd, 4318321.393, 102
Trd, 4318321.793, 95
Trd, 4318322.443, 104
Trd, 4318325.443, 93
Trd, 4318327.093, 95
Trd, 4318327.343, 85
Trd, 4318328.043, 96
Trd, 4318328.193, 104
Trd, 4318328.543, 112
Trd, 4318330.943, 95
Trd, 4318331.793, 97
Trd, 4318334.293, 95
Trd, 4318334.643, 85
Trd, 4318335.243, 96
Trd, 4318337.143, 96
Trd, 4318337.243, 96
Trd, 4318338.943, 106
Trd, 4318340.193, 101
Trd, 4318341.793, 99
Trd, 4318341.943, 108
Trd, 4318342.093, 106
Trd, 4318343.243, 101
Trd, 4318344.943, 100
Trd, 4318347.143, 108
Trd, 4318349.043, 96
Trd, 4318349.393, 97
Trd, 4318352.143, 84
Trd, 4318352.893, 88
Trd, 4318353.193, 88
Trd, 4318356.243, 98
Trd, 4318356.943, 93
Trd, 4318358.143, 96
Trd, 4318358.493, 108
Trd, 4318358.793, 85
Trd, 4318359.093, 97
Trd, 4318359.543, 83
Trd, 4318360.743, 100
Trd, 4318366.193, 91
Trd, 4318367.243, 96
Trd, 4318367.743, 104
Trd, 4318369.643, 100
Trd, 4318370.543, 105
Trd, 4318372.393, 106
Trd, 4318375.093, 101
Trd, 4318375.193, 102
Trd, 4318375.643, 104
Trd, 4318376.643, 102
Trd, 4318377.993, 102
Trd, 4318379.043, 85
Trd, 4318380.893, 97
Trd, 4318381.143, 102
Trd, 4318382.143, 96
Trd, 4318384.293, 115
Trd, 4318384.543, 89
Trd, 4318384.893, 97
Trd, 4318385.743, 109
Trd, 4318389.243, 97
Trd, 4318390.293, 95
Trd, 4318390.693, 93
Trd, 4318391.143, 97
Trd, 4318393.743, 97
Trd, 4318395.043, 98
Trd, 4318396.243, 99
Trd, 4318396.643, 96
Trd, 4318399.393, 97
Trd, 4318399.543, 105
Trd, 4318399.943, 101
Trd, 4318401.343, 110
Trd, 4318403.893, 105
Trd, 4318404.143, 115
Trd, 4318404.643, 111
Trd, 4318405.843, 103
Trd, 4318405.943, 124
Trd, 4318406.343, 84
Trd, 4318409.243, 91
Trd, 4318412.893, 87
Trd, 4318413.243, 86
Trd, 4318414.193, 86
Trd, 4318414.993, 103
Trd, 4318416.143, 86
Trd, 4318418.393, 89
Trd, 4318418.943, 91
Trd, 4318422.793, 106
Trd, 4318423.493, 95
Trd, 4318423.843, 107
Trd, 4318425.693, 93
Trd, 4318426.493, 82
Trd, 4318427.193, 87
Trd, 4318428.843, 87
Trd, 4318429.393, 92
Trd, 4318430.193, 94
Trd, 4318432.293, 92
Trd, 4318433.793, 98
Trd, 4318434.143, 97
Trd, 4318436.693, 97
Trd, 4318437.643, 102
Trd, 4318438.193, 104
Trd, 4318439.443, 100
Trd, 4318440.243, 100
Trd, 4318443.493, 99
Trd, 4318443.643, 102
Trd, 4318444.243, 98
Trd, 4318444.493, 102
Trd, 4318446.193, 96
Trd, 4318449.243, 87
Trd, 4318449.643, 95
Trd, 4318450.943, 95
Trd, 4318451.243, 95
Trd, 4318451.693, 95
Trd, 4318453.693, 104
Trd, 4318454.743, 95
Trd, 4318454.943, 99
Trd, 4318455.743, 99
Trd, 4318457.243, 91
Trd, 4318458.693, 85
Trd, 4318458.843, 95
Trd, 4318463.293, 88
Trd, 4318465.243, 87
Trd, 4318465.793, 90
Trd, 4318466.093, 90
Trd, 4318467.243, 89
Trd, 4318467.543, 104
Trd, 4318470.243, 88
Trd, 4318470.693, 95
Trd, 4318472.093, 94
Trd, 4318472.143, 94
Trd, 4318474.693, 95
Trd, 4318476.243, 95
Trd, 4318476.393, 105
Trd, 4318476.793, 99
Trd, 4318477.143, 85
Trd, 4318480.293, 86
Trd, 4318481.943, 104
Trd, 4318482.343, 98
Trd, 4318485.243, 94
Trd, 4318485.993, 94
Trd, 4318486.843, 92
Trd, 4318487.293, 106
Trd, 4318487.843, 112
Trd, 4318491.193, 96
Trd, 4318493.993, 90
Trd, 4318494.243, 94
Trd, 4318494.393, 94
Trd, 4318494.743, 109
Trd, 4318494.893, 116
Trd, 4318495.843, 97
Trd, 4318499.843, 99
Trd, 4318501.193, 97
Trd, 4318501.643, 106
Trd, 4318502.243, 94
Trd, 4318503.543, 94
Trd, 4318504.243, 96
Trd, 4318504.943, 95
Trd, 4318506.493, 121
Trd, 4318509.043, 101
Trd, 4318509.593, 85
Trd, 4318510.843, 91
Trd, 4318511.443, 90
Trd, 4318511.593, 100
Trd, 4318511.943, 104
Trd, 4318514.093, 97
Trd, 4318514.243, 105
Trd, 4318515.693, 85
Trd, 4318518.443, 94
Trd, 4318519.443, 92
Trd, 4318520.293, 131
Trd, 4318521.843, 95
Trd, 4318524.293, 90
Trd, 4318525.193, 86
Trd, 4318526.443, 86
Trd, 4318527.743, 86
Trd, 4318528.593, 111
Trd, 4318529.543, 108
Trd, 4318532.643, 88
Trd, 4318533.243, 90
Trd, 4318534.643, 91
Trd, 4318534.843, 100
Trd, 4318535.793, 85
Trd, 4318536.593, 96
Trd, 4318537.793, 109
Trd, 4318539.043, 91
Trd, 4318540.893, 89
Trd, 4318543.243, 91
Trd, 4318544.493, 101
Trd, 4318545.643, 105
Trd, 4318545.693, 90
Trd, 4318548.193, 94
Trd, 4318549.993, 94
Trd, 4318551.193, 81
Trd, 4318551.243, 87
Trd, 4318555.043, 88
Trd, 4318556.093, 89
Trd, 4318558.593, 91
Trd, 4318561.243, 88
Trd, 4318561.743, 89
Trd, 4318562.693, 105
Trd, 4318563.943, 103
Trd, 4318564.743, 98
Trd, 4318567.493, 89
Trd, 4318568.193, 84
Trd, 4318568.393, 99
Trd, 4318568.693, 92
Trd, 4318570.143, 104
Trd, 4318571.893, 87
Trd, 4318572.643, 97
Trd, 4318573.293, 98
Trd, 4318573.643, 107
Trd, 4318574.843, 109
Trd, 4318577.443, 85
Trd, 4318577.993, 106
Trd, 4318578.593, 132
Trd, 4318580.843, 102
Trd, 4318582.243, 94
Trd, 4318582.693, 107
Trd, 4318583.543, 84
Trd, 4318583.793, 107
Trd, 4318586.293, 78
Trd, 4318587.143, 82
Trd, 4318588.243, 81
Trd, 4318589.943, 81
Trd, 4318591.693, 99
Trd, 4318591.843, 93
Trd, 4318592.993, 108
Trd, 4318593.643, 91
Trd, 4318595.993, 88
Trd, 4318597.493, 87
Trd, 4318597.543, 88
Trd, 4318598.743, 93
Trd, 4318600.043, 104
Trd, 4318601.293, 104
Trd, 4318602.143, 102
Trd, 4318603.693, 101
Trd, 4318604.393, 100
Trd, 4318605.093, 108
Trd, 4318605.343, 106
Trd, 4318605.843, 132
Trd, 4318607.793, 107
Trd, 4318610.593, 94
Trd, 4318611.193, 97
Trd, 4318611.293, 127
Trd, 4318614.043, 85
Trd, 4318614.993, 91
Trd, 4318617.443, 89
Trd, 4318618.093, 91
Trd, 4318620.893, 92
Trd, 4318621.793, 88
Trd, 4318623.393, 92
Trd, 4318623.543, 102
Trd, 4318627.193, 90
Trd, 4318628.093, 93
Trd, 4318629.443, 104
Trd, 4318630.493, 95
Trd, 4318630.843, 97
Trd, 4318630.943, 96
Trd, 4318633.043, 95
Trd, 4318633.193, 96
Trd, 4318636.043, 95
Trd, 4318637.443, 94
Trd, 4318639.443, 99
Trd, 4318640.893, 98
Trd, 4318641.143, 85
Trd, 4318643.093, 96
Trd, 4318643.243, 98
Trd, 4318644.543, 90
Trd, 4318645.393, 95
Trd, 4318647.793, 102
Trd, 4318648.193, 102
Trd, 4318648.643, 100
Trd, 4318648.943, 95
Trd, 4318649.243, 101
Trd, 4318650.743, 112
Trd, 4318650.993, 98
Trd, 4318652.943, 115
Trd, 4318655.143, 93
Trd, 4318655.543, 99
Trd, 4318655.593, 110
Trd, 4318655.793, 104
Trd, 4318658.943, 89
Trd, 4318660.443, 93
Trd, 4318662.443, 92
Trd, 4318664.793, 95
Trd, 4318665.293, 90
Trd, 4318667.143, 94
Trd, 4318667.543, 89
Trd, 4318669.443, 88
Trd, 4318670.643, 88
Trd, 4318671.693, 107
Trd, 4318671.843, 99
Trd, 4318673.593, 98
Trd, 4318673.843, 123
Trd, 4318674.543, 85
Trd, 4318675.793, 91
Trd, 4318677.393, 90
Trd, 4318679.243, 90
Trd, 4318679.393, 91
Trd, 4318680.943, 83
Trd, 4318681.493, 97
Trd, 4318682.443, 91
Trd, 4318684.243, 93
Trd, 4318684.793, 100
Trd, 4318687.993, 96
Trd, 4318688.543, 97
Trd, 4318689.493, 108
Trd, 4318689.843, 81
Trd, 4318691.743, 103
Trd, 4318692.793, 106
Trd, 4318696.193, 102
Trd, 4318696.793, 102
Trd, 4318697.043, 102
Trd, 4318698.143, 100
Trd, 4318698.293, 132
Trd, 4318701.343, 99
Trd, 4318702.593, 98
Trd, 4318702.993, 94
Trd, 4318703.543, 99
Trd, 4318705.693, 94
Trd, 4318706.143, 93
Trd, 4318707.943, 97
Trd, 4318710.393, 98
Trd, 4318710.693, 104
Trd, 4318712.993, 100
Trd, 4318713.943, 98
Trd, 4318715.543, 98
Trd, 4318716.143, 104
Trd, 4318717.593, 97
Trd, 4318719.893, 96
Trd, 4318719.943, 97
Trd, 4318719.993, 104
Trd, 4318721.193, 94
Trd, 4318723.893, 104
Trd, 4318724.393, 86
Trd, 4318725.393, 91
Trd, 4318726.893, 106
Trd, 4318727.643, 101
Trd, 4318728.243, 104
Trd, 4318729.693, 74
Trd, 4318732.893, 90
Trd, 4318733.043, 82
Trd, 4318734.843, 92
Trd, 4318736.143, 91
Trd, 4318737.943, 98
Trd, 4318738.093, 101
Trd, 4318738.643, 104
Trd, 4318740.743, 95
Trd, 4318741.443, 84
Trd, 4318742.043, 95
Trd, 4318742.293, 96
Trd, 4318742.393, 88
Trd, 4318743.993, 100
Trd, 4318744.893, 105
Trd, 4318747.693, 94
Trd, 4318748.893, 98
Trd, 4318749.093, 106
Trd, 4318751.293, 86
Trd, 4318751.393, 92
Trd, 4318751.993, 98
Trd, 4318754.443, 100
Trd, 4318754.993, 83
Trd, 4318756.093, 96
Trd, 4318757.343, 95
Trd, 4318758.693, 102
Trd, 4318758.993, 93
Trd, 4318760.293, 98
Trd, 4318761.093, 131
Trd, 4318762.343, 100
Trd, 4318762.943, 100
Trd, 4318765.393, 99
Trd, 4318766.743, 104
Trd, 4318767.493, 104
Trd, 4318767.693, 131
Trd, 4318768.193, 76
Trd, 4318769.543, 104
Trd, 4318770.593, 103
Trd, 4318771.593, 101
Trd, 4318772.893, 106
Trd, 4318774.093, 98
Trd, 4318775.343, 86
Trd, 4318776.243, 98
Trd, 4318777.893, 98
Trd, 4318779.993, 98
Trd, 4318782.443, 105
Trd, 4318783.343, 95
Trd, 4318784.143, 96
Trd, 4318784.293, 105
Trd, 4318785.793, 108
Trd, 4318789.243, 99
Trd, 4318789.343, 93
Trd, 4318789.943, 100
Trd, 4318790.743, 96
Trd, 4318793.293, 94
Trd, 4318795.143, 92
Trd, 4318796.193, 93
Trd, 4318797.143, 93
Trd, 4318797.943, 104
Trd, 4318798.293, 92
Trd, 4318799.293, 113
Trd, 4318799.993, 131
Trd, 4318801.393, 103
Trd, 4318803.793, 112
Trd, 4318806.543, 111
Trd, 4318807.493, 105
Trd, 4318807.793, 99
Trd, 4318808.443, 111
Trd, 4318810.743, 90
Trd, 4318811.943, 89
Trd, 4318812.793, 78
Trd, 4318815.843, 88
Trd, 4318816.093, 96
Trd, 4318816.143, 112
Trd, 4318818.893, 104
Trd, 4318819.393, 95
Trd, 4318820.543, 102
Trd, 4318822.193, 105
Trd, 4318822.993, 99
Trd, 4318823.393, 116
Trd, 4318824.593, 87
Trd, 4318824.943, 91
Trd, 4318827.343, 100
Trd, 4318828.243, 105
Trd, 4318829.143, 99
Trd, 4318829.593, 112
Trd, 4318830.643, 120
Trd, 4318831.443, 91
Trd, 4318832.293, 83
Trd, 4318832.443, 90
Trd, 4318835.493, 90
Trd, 4318836.193, 97
Trd, 4318837.493, 97
Trd, 4318838.343, 97
Trd, 4318839.993, 106
Trd, 4318841.143, 85
Trd, 4318842.393, 93
Trd, 4318843.693, 94
Trd, 4318844.593, 106
Trd, 4318846.093, 98
Trd, 4318846.943, 96
Trd, 4318849.043, 84
Trd, 4318852.043, 91
Trd, 4318852.693, 105
Trd, 4318856.293, 96
Trd, 4318856.343, 96
Trd, 4318857.593, 91
Trd, 4318858.143, 98
Trd, 4318858.943, 104
Trd, 4318861.993, 91
Trd, 4318863.093, 85
Trd, 4318865.293, 90
Trd, 4318865.743, 90
Trd, 4318866.193, 96
Trd, 4318866.843, 92
Trd, 4318870.043, 131
Trd, 4318870.593, 110
Trd, 4318871.543, 106
Trd, 4318873.043, 88
Trd, 4318874.143, 96
Trd, 4318875.543, 87
Trd, 4318878.593, 90
Trd, 4318878.793, 92
Trd, 4318879.293, 98
Trd, 4318879.843, 104
Trd, 4318882.093, 105
Trd, 4318883.893, 97
Trd, 4318884.643, 89
Trd, 4318888.243, 91
Trd, 4318888.543, 93
Trd, 4318889.293, 104
Trd, 4318889.493, 85
Trd, 4318890.493, 96
Trd, 4318893.843, 93
Trd, 4318894.043, 104
Trd, 4318894.593, 97
Trd, 4318895.293, 97
Trd, 4318895.843, 84
Trd, 4318898.343, 91
Trd, 4318899.743, 117
Trd, 4318900.293, 101
Trd, 4318901.893, 99
Trd, 4318903.443, 104
Trd, 4318904.093, 84
Trd, 4318904.843, 104
Trd, 4318904.943, 108
Trd, 4318905.443, 106
Trd, 4318905.993, 106
Trd, 4318906.043, 91
Trd, 4318911.043, 94
Trd, 4318911.243, 97
Trd, 4318913.643, 101
Trd, 4318915.943, 106
Trd, 4318916.193, 134
Trd, 4318916.293, 96
Trd, 4318916.993, 90
Trd, 4318919.593, 105
Trd, 4318920.843, 123
Trd, 4318924.093, 104
Trd, 4318925.293, 109
Trd, 4318926.843, 100
Trd, 4318927.543, 99
Trd, 4318928.593, 100
Trd, 4318929.143, 98
Trd, 4318930.543, 104
Trd, 4318932.693, 97
Trd, 4318933.093, 97
Trd, 4318933.893, 101
Trd, 4318936.293, 96
Trd, 4318938.543, 99
Trd, 4318939.043, 98
Trd, 4318939.193, 94
Trd, 4318942.743, 94
Trd, 4318943.293, 94
Trd, 4318944.043, 105
Trd, 4318944.543, 105
Trd, 4318945.543, 93
Trd, 4318946.243, 100
Trd, 4318947.343, 101
Trd, 4318949.243, 95
Trd, 4318950.543, 94
Trd, 4318953.193, 85
Trd, 4318954.743, 90
Trd, 4318955.293, 95
Trd, 4318955.393, 107
Trd, 4318957.193, 101
Trd, 4318960.493, 98
Trd, 4318961.493, 95
Trd, 4318965.543, 96
Trd, 4318965.993, 105
Trd, 4318966.493, 106
Trd, 4318967.443, 103
Trd, 4318969.793, 95
Trd, 4318970.543, 94
Trd, 4318970.593, 84
Trd, 4318972.343, 86
Trd, 4318972.943, 86
Trd, 4318974.343, 94
Trd, 4318975.793, 107
Trd, 4318976.843, 108
Trd, 4318977.943, 111
Trd, 4318978.443, 106
Trd, 4318978.743, 106
Trd, 4318978.843, 83
Trd, 4318982.643, 96
Trd, 4318982.843, 106
Trd, 4318986.143, 97
Trd, 4318986.293, 95
Trd, 4318988.043, 95
Trd, 4318988.843, 95
Trd, 4318989.993, 94
Trd, 4318990.543, 118
Trd, 4318992.393, 98
Trd, 4318992.643, 104
Trd, 4318994.743, 85
Trd, 4318995.643, 99
Trd, 4318995.993, 109
Trd, 4318996.743, 132
Trd, 4318998.543, 91
Trd, 4318999.943, 90
Trd, 4319000.843, 91
Trd, 4319001.593, 85
Trd, 4319002.643, 96
Trd, 4319003.093, 95
Trd, 4319003.443, 106
Trd, 4319006.793, 99
Trd, 4319006.993, 97
Trd, 4319007.993, 92
Trd, 4319008.743, 95
Trd, 4319011.493, 96
Trd, 4319011.593, 98
Trd, 4319011.843, 104
Trd, 4319014.543, 97
Trd, 4319015.493, 98
Trd, 4319015.593, 98
Trd, 4319016.643, 69
Trd, 4319018.993, 88
Trd, 4319020.193, 84
Trd, 4319021.493, 99
Trd, 4319022.543, 102
Trd, 4319025.043, 93
Trd, 4319025.993, 93
Trd, 4319026.343, 97
Trd, 4319026.443, 90
Trd, 4319027.743, 123
Trd, 4319028.943, 104
Trd, 4319031.643, 94
Trd, 4319031.793, 91
Trd, 4319032.093, 107
Trd, 4319033.143, 107
Trd, 4319034.743, 85
Trd, 4319037.793, 102
Trd, 4319038.693, 94
Trd, 4319039.543, 92
Trd, 4319041.643, 94
Trd, 4319042.193, 104
Trd, 4319043.693, 92
Trd, 4319043.793, 97
Trd, 4319044.993, 98
Trd, 4319046.993, 94
Trd, 4319047.243, 96
Trd, 4319047.693, 97
Trd, 4319049.243, 97
Trd, 4319050.393, 105
Trd, 4319050.543, 96
Trd, 4319053.243, 101
Trd, 4319053.693, 94
Trd, 4319054.993, 98
Trd, 4319055.593, 91
Trd, 4319056.093, 105
Trd, 4319058.643, 93
Trd, 4319058.693, 103
Trd, 4319062.793, 96
Trd, 4319064.293, 93
Trd, 4319065.293, 90
Trd, 4319066.343, 105
Trd, 4319067.093, 90
Trd, 4319067.493, 101
Trd, 4319068.443, 101
Trd, 4319069.243, 105
Trd, 4319071.543, 102
Trd, 4319071.793, 101
Trd, 4319073.093, 101
Trd, 4319073.793, 93
Trd, 4319073.993, 104
Trd, 4319074.643, 96
Trd, 4319076.193, 105
Trd, 4319077.243, 100
Trd, 4319077.293, 98
Trd, 4319079.993, 103
Trd, 4319081.293, 104
Trd, 4319082.393, 98
Trd, 4319083.093, 94
Trd, 4319084.643, 92
Trd, 4319084.743, 90
Trd, 4319087.593, 94
Trd, 4319088.593, 93
Trd, 4319088.893, 92
Trd, 4319089.393, 104
Trd, 4319090.843, 99
Trd, 4319096.593, 95
Trd, 4319097.743, 95
Trd, 4319100.093, 95
Trd, 4319101.143, 93
Trd, 4319101.993, 102
Trd, 4319103.043, 101
Trd, 4319105.493, 99
Trd, 4319106.593, 93
Trd, 4319107.193, 85
Trd, 4319107.893, 96
Trd, 4319108.993, 96
Trd, 4319111.193, 85
Trd, 4319111.893, 86
Trd, 4319112.293, 91
Trd, 4319112.343, 99
Trd, 4319114.693, 101
Trd, 4319115.193, 113
Trd, 4319116.593, 100
Trd, 4319118.543, 96
Trd, 4319118.793, 98
Trd, 4319119.443, 109
Trd, 4319120.943, 84
Trd, 4319121.543, 96
Trd, 4319123.093, 107
Trd, 4319124.193, 87
Trd, 4319125.593, 100
Trd, 4319126.193, 107
Trd, 4319127.693, 97
Trd, 4319130.643, 94
Trd, 4319132.593, 95
Trd, 4319133.943, 95
Trd, 4319134.693, 108
Trd, 4319134.843, 99
Trd, 4319136.043, 98
Trd, 4319137.593, 100
Trd, 4319139.043, 101
Trd, 4319139.293, 99
Trd, 4319139.943, 101
Trd, 4319140.393, 100
Trd, 4319141.443, 85
Trd, 4319141.643, 118
Trd, 4319144.293, 90
Trd, 4319146.443, 94
Trd, 4319148.243, 93
Trd, 4319148.843, 92
Trd, 4319149.043, 111
Trd, 4319150.993, 84
Trd, 4319151.543, 82
Trd, 4319152.843, 95
Trd, 4319155.243, 95
Trd, 4319155.743, 93
Trd, 4319155.793, 94
Trd, 4319156.443, 122
Trd, 4319158.093, 108
Trd, 4319158.743, 84
Trd, 4319160.543, 105
Trd, 4319162.143, 106
Trd, 4319163.193, 103
Trd, 4319164.043, 89
Trd, 4319164.593, 94
Trd, 4319165.593, 106
Trd, 4319167.243, 102
Trd, 4319167.943, 132
Trd, 4319168.393, 102
Trd, 4319171.043, 89
Trd, 4319171.143, 98
Trd, 4319172.543, 93
Trd, 4319173.593, 99
Trd, 4319174.793, 90
Trd, 4319176.643, 96
Trd, 4319177.793, 96
Trd, 4319177.893, 91
Trd, 4319179.343, 104
Trd, 4319179.693, 99
Trd, 4319181.743, 85
Trd, 4319183.793, 95
Trd, 4319185.243, 90
Trd, 4319186.343, 89
Trd, 4319187.693, 89
Trd, 4319189.143, 90
Trd, 4319190.143, 103
Trd, 4319191.043, 100
Trd, 4319191.493, 104
Trd, 4319193.243, 99
Trd, 4319193.743, 87
Trd, 4319193.893, 123
Trd, 4319195.043, 114
Trd, 4319196.793, 97
Trd, 4319197.793, 102
Trd, 4319199.493, 100
Trd, 4319201.293, 88
Trd, 4319202.043, 91
Trd, 4319204.893, 91
Trd, 4319205.293, 105
Trd, 4319206.943, 94
Trd, 4319208.293, 89
Trd, 4319208.693, 92
Trd, 4319210.043, 88
Trd, 4319211.593, 101
Trd, 4319212.843, 85
Trd, 4319213.993, 85
Trd, 4319214.893, 85
Trd, 4319216.393, 95
Trd, 4319219.243, 105
Trd, 4319220.143, 99
Trd, 4319220.343, 99
Trd, 4319220.493, 91
Trd, 4319221.943, 104
Trd, 4319223.293, 99
Trd, 4319224.143, 92
Trd, 4319225.843, 90
Trd, 4319226.493, 95
Trd, 4319226.993, 97
Trd, 4319227.443, 106
Trd, 4319228.243, 109
Trd, 4319231.693, 108
Trd, 4319233.193, 84
Trd, 4319234.143, 95
Trd, 4319234.893, 96
Trd, 4319238.043, 96
Trd, 4319239.143, 106
Trd, 4319239.293, 98
Trd, 4319239.593, 106
Trd, 4319241.043, 104
Trd, 4319241.293, 87
Trd, 4319242.793, 104
Trd, 4319244.543, 101
Trd, 4319246.243, 96
Trd, 4319246.593, 104
Trd, 4319248.693, 98
Trd, 4319249.843, 99
Trd, 4319250.393, 104
Trd, 4319250.793, 99
Trd, 4319252.893, 100
Trd, 4319252.943, 104
Trd, 4319254.893, 105
Trd, 4319256.443, 91
Trd, 4319257.343, 100
Trd, 4319258.293, 101
Trd, 4319259.493, 95
Trd, 4319261.493, 102
Trd, 4319262.343, 89
Trd, 4319266.343, 94
Trd, 4319266.543, 85
Trd, 4319268.743, 87
Trd, 4319269.943, 92
Trd, 4319270.493, 95
Trd, 4319270.793, 105
Trd, 4319271.593, 106
Trd, 4319274.043, 96
Trd, 4319276.943, 99
Trd, 4319278.343, 100
Trd, 4319278.793, 100
Trd, 4319280.543, 100
Trd, 4319281.993, 104
Trd, 4319282.743, 99
Trd, 4319282.943, 98
Trd, 4319283.943, 89
Trd, 4319284.693, 91
Trd, 4319285.843, 91
Trd, 4319289.243, 97
Trd, 4319290.243, 100
Trd, 4319290.843, 95
Trd, 4319291.593, 97
Trd, 4319293.493, 106
Trd, 4319293.543, 95
Trd, 4319296.543, 95
Trd, 4319297.893, 89
Trd, 4319298.693, 96
Trd, 4319301.493, 93
Trd, 4319302.593, 85
Trd, 4319303.343, 100
Trd, 4319304.043, 95
Trd, 4319304.943, 106
Trd, 4319306.293, 100
Trd, 4319306.593, 86
Trd, 4319307.893, 92
Trd, 4319308.193, 92
Trd, 4319309.043, 98
Trd, 4319312.643, 99
Trd, 4319313.043, 100
Trd, 4319315.743, 97
Trd, 4319316.593, 96
Trd, 4319316.843, 94
Trd, 4319319.393, 85
Trd, 4319319.943, 87
Trd, 4319320.043, 101
Trd, 4319322.893, 92
Trd, 4319323.493, 93
Trd, 4319324.793, 89
Trd, 4319325.293, 94
Trd, 4319327.143, 94
Trd, 4319327.993, 89
Trd, 4319328.443, 106
Trd, 4319328.693, 110
Trd, 4319330.443, 87
Trd, 4319332.043, 94
Trd, 4319332.543, 100
Trd, 4319333.993, 102
Trd, 4319334.443, 111
Trd, 4319337.193, 100
Trd, 4319337.593, 99
Trd, 4319337.993, 100
Trd, 4319339.843, 97
Trd, 4319341.743, 101
Trd, 4319343.593, 96
Trd, 4319344.993, 101
Trd, 4319345.443, 104
Trd, 4319347.393, 97
Trd, 4319348.043, 91
Trd, 4319349.143, 92
Trd, 4319349.443, 92
Trd, 4319350.843, 92
Trd, 4319352.543, 88
Trd, 4319353.393, 106
Trd, 4319353.593, 95
Trd, 4319356.293, 93
Trd, 4319357.793, 88
Trd, 4319359.243, 93
Trd, 4319361.393, 92
Trd, 4319361.543, 92
Trd, 4319361.943, 89
Trd, 4319363.143, 108
Trd, 4319363.943, 95
Trd, 4319365.943, 85
Trd, 4319366.543, 95
Trd, 4319368.593, 91
Trd, 4319368.693, 93
Trd, 4319370.643, 110
Trd, 4319372.343, 115
Trd, 4319373.543, 95
Trd, 4319374.293, 84
Trd, 4319374.843, 94
Trd, 4319375.893, 96
Trd, 4319377.593, 98
Trd, 4319378.693, 94
Trd, 4319380.043, 103
Trd, 4319380.593, 104
Trd, 4319381.393, 88
Trd, 4319381.543, 97
Trd, 4319382.543, 100
Trd, 4319387.243, 98
Trd, 4319387.543, 98
Trd, 4319387.843, 100
Trd, 4319390.343, 96
Trd, 4319390.393, 100
Trd, 4319390.743, 83
Trd, 4319391.093, 102
Trd, 4319391.343, 104
Trd, 4319391.943, 99
Trd, 4319395.093, 101
Trd, 4319396.993, 98
Trd, 4319397.593, 101
Trd, 4319399.543, 83
Trd, 4319401.043, 81
Trd, 4319401.493, 78
Trd, 4319403.343, 80
Trd, 4319404.493, 78
Trd, 4319405.643, 89
Trd, 4319406.143, 82
Trd, 4319406.993, 81
Trd, 4319408.893, 83
Trd, 4319411.993, 97
Trd, 4319413.743, 100
Trd, 4319413.793, 96
Trd, 4319413.893, 102
Trd, 4319414.943, 104
Trd, 4319415.693, 85
Trd, 4319416.443, 99
Trd, 4319417.193, 92
Trd, 4319417.943, 93
Trd, 4319418.293, 93
Trd, 4319419.543, 105
Trd, 4319421.993, 92
Trd, 4319423.593, 97
Trd, 4319424.593, 87
Trd, 4319425.893, 99
Trd, 4319427.193, 96
Trd, 4319429.993, 106
Trd, 4319430.143, 105
Trd, 4319430.293, 104
Trd, 4319431.593, 97
Trd, 4319431.693, 122
Trd, 4319432.893, 101
Trd, 4319433.443, 115
Trd, 4319435.543, 106
Trd, 4319437.993, 101
Trd, 4319439.393, 101
Trd, 4319441.293, 97
Trd, 4319442.343, 87
Trd, 4319444.243, 89
Trd, 4319444.943, 91
Trd, 4319446.393, 104
Trd, 4319447.843, 96
Trd, 4319448.193, 105
Trd, 4319448.493, 97
Trd, 4319449.393, 85
Trd, 4319451.993, 77
Trd, 4319452.643, 92
Trd, 4319453.743, 87
Trd, 4319455.143, 106
Trd, 4319455.893, 94
Trd, 4319458.443, 93
Trd, 4319458.693, 82
Trd, 4319458.943, 103
Trd, 4319459.993, 106
Trd, 4319461.943, 81
Trd, 4319464.543, 96
Trd, 4319465.643, 96
Trd, 4319466.393, 96
Trd, 4319467.243, 91
Trd, 4319468.693, 96
Trd, 4319468.743, 89
Trd, 4319470.393, 94
Trd, 4319470.443, 96
Trd, 4319470.893, 90
Trd, 4319473.193, 92
Trd, 4319473.343, 93
Trd, 4319475.893, 95
Trd, 4319476.943, 101
Trd, 4319477.543, 106
Trd, 4319479.793, 100
Trd, 4319480.643, 95
Trd, 4319481.243, 100
Trd, 4319482.693, 97
Trd, 4319482.893, 100
Trd, 4319482.943, 100
Trd, 4319485.393, 98
Trd, 4319486.793, 100
Trd, 4319487.193, 97
Trd, 4319490.493, 100
Trd, 4319490.943, 103
Trd, 4319492.393, 103
Trd, 4319493.343, 85
Trd, 4319493.743, 104
Trd, 4319495.643, 101
Trd, 4319496.693, 99
Trd, 4319497.993, 100
Trd, 4319498.493, 105
Trd, 4319501.093, 88
Trd, 4319501.793, 90
Trd, 4319502.043, 84
Trd, 4319503.293, 87
Trd, 4319504.393, 115
Trd, 4319506.543, 104
Trd, 4319507.743, 114
Trd, 4319508.993, 98
Trd, 4319509.593, 96
Trd, 4319511.543, 84
Trd, 4319512.693, 97
Trd, 4319513.943, 86
Trd, 4319516.643, 104
Trd, 4319517.193, 92
Trd, 4319517.743, 97
Trd, 4319518.743, 97
Trd, 4319519.193, 96
Trd, 4319521.293, 90
Trd, 4319522.593, 94
Trd, 4319522.743, 106
Trd, 4319525.093, 96
Trd, 4319525.993, 94
Trd, 4319526.343, 96
Trd, 4319526.443, 106
Trd, 4319528.243, 100
Trd, 4319529.993, 99
Trd, 4319530.143, 84
Trd, 4319531.293, 105
Trd, 4319532.443, 84
Trd, 4319532.593, 100
Trd, 4319533.793, 101
Trd, 4319535.143, 100
Trd, 4319535.693, 100
Trd, 4319539.243, 98
Trd, 4319539.893, 92
Trd, 4319541.943, 95
Trd, 4319542.443, 97
Trd, 4319543.743, 99
Trd, 4319544.593, 87
Trd, 4319545.143, 98
Trd, 4319546.543, 95
Trd, 4319547.343, 97
Trd, 4319548.243, 95
Trd, 4319549.443, 94
Trd, 4319552.043, 95
Trd, 4319553.943, 95
Trd, 4319554.843, 81
Trd, 4319555.243, 94
Trd, 4319555.693, 95
Trd, 4319556.593, 104
Trd, 4319560.493, 88
Trd, 4319561.093, 98
Trd, 4319561.243, 115
Trd, 4319562.343, 116
Trd, 4319563.343, 109
Trd, 4319563.993, 110
Trd, 4319564.943, 111
Trd, 4319566.293, 88
Trd, 4319567.843, 98
Trd, 4319569.143, 100
Trd, 4319569.893, 85
Trd, 4319572.243, 100
Trd, 4319572.343, 106
Trd, 4319574.043, 112
Trd, 4319574.693, 110
Trd, 4319575.843, 92
Trd, 4319576.143, 121
Trd, 4319578.693, 90
Trd, 4319579.293, 91
Trd, 4319580.693, 90
Trd, 4319581.043, 90
Trd, 4319582.443, 101
Trd, 4319585.293, 92
Trd, 4319586.343, 85
Trd, 4319586.393, 91
Trd, 4319587.343, 96
Trd, 4319589.943, 93
Trd, 4319590.793, 93
Trd, 4319591.843, 95
Trd, 4319592.193, 95
Trd, 4319592.793, 91
Trd, 4319595.243, 89
Trd, 4319596.493, 90
Trd, 4319598.093, 102
Trd, 4319598.743, 104
Trd, 4319599.443, 87
Trd, 4319603.193, 93
Trd, 4319603.443, 93
Trd, 4319604.743, 88
Trd, 4319605.693, 101
Trd, 4319607.743, 95
Trd, 4319608.643, 94
Trd, 4319609.493, 87
Trd, 4319611.043, 90
Trd, 4319612.543, 86
Trd, 4319612.743, 90
Trd, 4319613.443, 89
Trd, 4319614.893, 96
Trd, 4319615.243, 85
Trd, 4319615.693, 106
Trd, 4319616.943, 102
Trd, 4319617.693, 122
Trd, 4319619.693, 90
Trd, 4319620.043, 94
Trd, 4319623.243, 93
Trd, 4319623.593, 89
Trd, 4319624.093, 99
Trd, 4319624.693, 96
Trd, 4319626.643, 95
Trd, 4319627.993, 96
Trd, 4319628.943, 104
Trd, 4319630.643, 88
Trd, 4319632.243, 104
Trd, 4319633.043, 98
Trd, 4319633.093, 89
Trd, 4319633.393, 124
Trd, 4319635.293, 93
Trd, 4319636.293, 105
Trd, 4319638.443, 95
Trd, 4319638.893, 91
Trd, 4319639.393, 93
Trd, 4319642.243, 95
Trd, 4319644.643, 94
Trd, 4319645.343, 95
Trd, 4319646.243, 104
Trd, 4319646.493, 99
Trd, 4319646.993, 93
Trd, 4319649.393, 104
Trd, 4319651.893, 95
Trd, 4319652.593, 94
Trd, 4319653.643, 106
Trd, 4319653.993, 96
Trd, 4319655.793, 87
Trd, 4319656.193, 96
Trd, 4319657.093, 105
Trd, 4319658.593, 96
Trd, 4319658.943, 85
Trd, 4319659.643, 103
Trd, 4319661.043, 99
Trd, 4319661.293, 132
Trd, 4319662.993, 95
Trd, 4319663.243, 106
Trd, 4319665.943, 84
Trd, 4319666.243, 88
Trd, 4319666.643, 93
Trd, 4319669.843, 92
Trd, 4319670.543, 93
Trd, 4319672.043, 92
Trd, 4319672.893, 89
Trd, 4319676.693, 84
Trd, 4319677.443, 90
Trd, 4319679.093, 90
Trd, 4319680.093, 90
Trd, 4319680.243, 107
Trd, 4319681.043, 72
Trd, 4319684.043, 101
Trd, 4319684.493, 91
Trd, 4319685.243, 104
Trd, 4319686.543, 104
Trd, 4319688.093, 96
Trd, 4319688.193, 100
Trd, 4319689.393, 107
Trd, 4319692.243, 94
Trd, 4319693.343, 121
Trd, 4319694.193, 104
Trd, 4319694.793, 106
Trd, 4319696.693, 119
Trd, 4319697.143, 96
Trd, 4319697.793, 100
Trd, 4319698.893, 101
Trd, 4319698.943, 108
Trd, 4319699.193, 85
Trd, 4319701.293, 94
Trd, 4319701.343, 95
Trd, 4319703.493, 90
Trd, 4319705.143, 89
Trd, 4319706.343, 108
Trd, 4319707.843, 97
Trd, 4319708.093, 75
Trd, 4319709.293, 81
Trd, 4319709.443, 97
Trd, 4319710.793, 107
Trd, 4319711.593, 99
Trd, 4319712.193, 89
Trd, 4319714.243, 107
Trd, 4319716.143, 87
Trd, 4319717.493, 85
Trd, 4319717.843, 84
Trd, 4319720.593, 106
Trd, 4319721.043, 100
Trd, 4319722.793, 99
Trd, 4319723.443, 100
Trd, 4319723.793, 106
Trd, 4319725.243, 98
Trd, 4319725.993, 97
Trd, 4319726.493, 108
Trd, 4319728.243, 101
Trd, 4319729.843, 108
Trd, 4319730.293, 103
Trd, 4319731.893, 95
Trd, 4319732.693, 103
Trd, 4319733.393, 105
Trd, 4319733.493, 111
Trd, 4319738.193, 100
Trd, 4319739.593, 99
Trd, 4319740.393, 100
Trd, 4319742.543, 84
Trd, 4319743.343, 102
Trd, 4319743.943, 88
Trd, 4319745.993, 102
Trd, 4319747.093, 96
Trd, 4319747.993, 85
Trd, 4319749.343, 89
Trd, 4319749.493, 96
Trd, 4319751.643, 92
Trd, 4319752.293, 105
Trd, 4319755.343, 98
Trd, 4319756.093, 98
Trd, 4319756.893, 113
Trd, 4319758.393, 95
Trd, 4319759.793, 84
Trd, 4319762.293, 95
Trd, 4319762.893, 88
Trd, 4319763.493, 94
Trd, 4319764.793, 98
Trd, 4319766.593, 97
Trd, 4319767.993, 102
Trd, 4319770.143, 95
Trd, 4319771.093, 98
Trd, 4319773.843, 86
Trd, 4319775.443, 98
Trd, 4319776.043, 106
Trd, 4319776.993, 105
Trd, 4319779.393, 95
Trd, 4319781.793, 93
Trd, 4319783.143, 92
Trd, 4319783.843, 92
Trd, 4319784.443, 93
Trd, 4319784.993, 106
Trd, 4319785.793, 89
Trd, 4319786.543, 95
Trd, 4319788.243, 116
Trd, 4319789.893, 102
Trd, 4319791.393, 93
Trd, 4319793.243, 94
Trd, 4319793.493, 105
Trd, 4319793.893, 100
Trd, 4319795.343, 93
Trd, 4319795.943, 99
Trd, 4319797.043, 105
Trd, 4319797.793, 98
Trd, 4319800.943, 98
Trd, 4319801.293, 85
Trd, 4319802.293, 98
Trd, 4319805.693, 82
Trd, 4319805.943, 82
Trd, 4319807.093, 95
Trd, 4319807.343, 100
Trd, 4319807.693, 108
Trd, 4319809.493, 83
Trd, 4319809.893, 99
Trd, 4319811.693, 89
Trd, 4319812.693, 90
Trd, 4319813.443, 83
Trd, 4319815.193, 106
Trd, 4319815.293, 109
Trd, 4319818.143, 100
Trd, 4319818.893, 88
Trd, 4319819.943, 88
Trd, 4319823.193, 86
Trd, 4319823.793, 87
Trd, 4319824.343, 107
Trd, 4319825.093, 87
Trd, 4319827.943, 85
Trd, 4319828.543, 82
Trd, 4319830.193, 85
Trd, 4319831.443, 80
Trd, 4319832.293, 80
Trd, 4319832.393, 88
Trd, 4319833.343, 84
Trd, 4319834.543, 96
Trd, 4319835.743, 107
Trd, 4319837.393, 89
Trd, 4319838.893, 91
Trd, 4319840.493, 85
Trd, 4319842.293, 87
Trd, 4319842.443, 86
Trd, 4319843.743, 86
Trd, 4319843.993, 97
Trd, 4319846.043, 83
Trd, 4319846.943, 100
Trd, 4319847.893, 94
Trd, 4319848.743, 94
Trd, 4319851.693, 86
Trd, 4319852.443, 107
Trd, 4319854.343, 105
Trd, 4319854.843, 91
Trd, 4319854.943, 100
Trd, 4319855.843, 101
Trd, 4319859.193, 101
Trd, 4319859.593, 101
Trd, 4319860.543, 99
Trd, 4319861.093, 104
Trd, 4319863.243, 103
Trd, 4319865.243, 96
Trd, 4319865.843, 100
Trd, 4319866.143, 104
Trd, 4319866.343, 105
Trd, 4319870.543, 89
Trd, 4319870.643, 76
Trd, 4319870.743, 90
Trd, 4319872.793, 97
Trd, 4319874.093, 101
Trd, 4319874.493, 97
Trd, 4319876.193, 102
Trd, 4319876.693, 105
Trd, 4319876.943, 126
Trd, 4319878.793, 96
Trd, 4319879.143, 96
Trd, 4319879.543, 101
Trd, 4319881.493, 95
Trd, 4319883.243, 86
Trd, 4319883.993, 88
Trd, 4319886.993, 88
Trd, 4319889.043, 89
Trd, 4319889.093, 87
Trd, 4319889.443, 98
Trd, 4319891.943, 87
Trd, 4319891.993, 74
Trd, 4319892.193, 88
Trd, 4319894.493, 88
Trd, 4319896.793, 91
Trd, 4319898.493, 92
Trd, 4319900.193, 84
Trd, 4319900.243, 89
Trd, 4319902.093, 108
Trd, 4319903.293, 96
Trd, 4319904.293, 94
Trd, 4319905.793, 95
Trd, 4319907.893, 95
Trd, 4319908.693, 95
Trd, 4319908.893, 92
Trd, 4319912.393, 95
Trd, 4319912.493, 98
Trd, 4319914.343, 96
Trd, 4319914.493, 90
Trd, 4319915.593, 104
Trd, 4319916.443, 107
Trd, 4319919.443, 96
Trd, 4319920.043, 99
Trd, 4319920.693, 90
Trd, 4319922.093, 93
Trd, 4319922.593, 92
Trd, 4319923.393, 97
Trd, 4319923.443, 104
Trd, 4319927.543, 94
Trd, 4319928.293, 92
Trd, 4319929.543, 90
Trd, 4319931.743, 95
Trd, 4319933.693, 92
Trd, 4319934.293, 105
Trd, 4319934.593, 96
Trd, 4319936.693, 97
Trd, 4319936.893, 94
Trd, 4319937.643, 110
Trd, 4319942.543, 97
Trd, 4319943.343, 99
Trd, 4319943.793, 95
Trd, 4319944.193, 97
Trd, 4319945.193, 94
Trd, 4319946.293, 108
Trd, 4319947.443, 86
Trd, 4319947.743, 82
Trd, 4319947.893, 90
Trd, 4319948.593, 138
Trd, 4319950.493, 99
Trd, 4319950.993, 103
Trd, 4319952.543, 108
Trd, 4319954.543, 96
Trd, 4319954.893, 101
Trd, 4319956.043, 80
Trd, 4319956.143, 91
Trd, 4319957.443, 91
Trd, 4319958.543, 107
Trd, 4319960.093, 93
Trd, 4319960.143, 88
Trd, 4319962.593, 92
Trd, 4319964.493, 92
Trd, 4319967.843, 88
Trd, 4319968.443, 91
Trd, 4319970.043, 88
Trd, 4319971.043, 89
Trd, 4319971.593, 108
Trd, 4319974.393, 92
Trd, 4319974.743, 87
Trd, 4319974.843, 92
Trd, 4319976.943, 93
Trd, 4319977.593, 111
Trd, 4319978.243, 103
Trd, 4319978.943, 108
Trd, 4319979.093, 107
Trd, 4319982.543, 100
Trd, 4319983.543, 85
Trd, 4319984.193, 100
Trd, 4319986.743, 101
Trd, 4319987.093, 95
Trd, 4319987.143, 99
Trd, 4319989.643, 84
Trd, 4319993.843, 88
Trd, 4319994.143, 106
Trd, 4319995.493, 96
Trd, 4319996.093, 84
Trd, 4319997.693, 98
Trd, 4319998.293, 92
Trd, 4319998.593, 105
Trd, 4319999.843, 104
