Trd, 4317812.693, 98
Trd, 4317814.793, 98
Trd, 4317817.043, 97
Trd, 4317817.593, 98
Trd, 4317817.943, 98
Trd, 4317818.193, 97
Trd, 4317820.343, 98
Trd, 4317822.193, 94
Trd, 4317825.643, 96
Trd, 4317826.243, 96
Trd, 4317826.443, 96
Trd, 4317829.743, 95
Trd, 4317830.843, 96
Trd, 4317831.193, 95
Trd, 4317833.193, 95
Trd, 4317833.943, 94
Trd, 4317835.943, 93
Trd, 4317836.443, 96
Trd, 4317837.193, 95
Trd, 4317837.943, 94
Trd, 4317839.493, 99
Trd, 4317839.543, 98
Trd, 4317840.793, 99
Trd, 4317842.943, 100
Trd, 4317846.893, 100
Trd, 4317848.993, 101
Trd, 4317849.493, 98
Trd, 4317851.493, 101
Trd, 4317855.793, 101
Trd, 4317856.393, 101
Trd, 4317856.693, 101
Trd, 4317857.393, 98
Trd, 4317860.643, 104
Trd, 4317860.843, 103
Trd, 4317861.643, 104
Trd, 4317865.543, 104
Trd, 4317866.143, 103
Trd, 4317868.043, 103
Trd, 4317869.293, 104
Trd, 4317871.443, 101
Trd, 4317871.893, 104
Trd, 4317876.093, 104
Trd, 4317877.743, 102
Trd, 4317879.843, 102
Trd, 4317881.243, 103
Trd, 4317881.443, 102
Trd, 4317885.343, 103
Trd, 4317887.893, 103
Trd, 4317888.143, 103
Trd, 4317888.793, 102
Trd, 4317889.693, 100
Trd, 4317891.843, 104
Trd, 4317893.543, 104
Trd, 4317893.843, 103
Trd, 4317894.693, 104
Trd, 4317894.943, 104
Trd, 4317896.343, 104
Trd, 4317898.193, 105
Trd, 4317899.193, 103
Trd, 4317902.493, 105
Trd, 4317903.043, 104
Trd, 4317904.643, 103
Trd, 4317905.743, 103
Trd, 4317907.843, 103
Trd, 4317908.193, 103
Trd, 4317912.293, 103
Trd, 4317912.443, 102
Trd, 4317913.243, 101
Trd, 4317914.993, 102
Trd, 4317916.093, 102
Trd, 4317918.293, 101
Trd, 4317921.993, 102
Trd, 4317923.643, 103
Trd, 4317923.793, 103
Trd, 4317925.793, 101
Trd, 4317930.693, 103
Trd, 4317930.993, 103
Trd, 4317931.493, 102
Trd, 4317932.793, 103
Trd, 4317933.543, 103
Trd, 4317934.943, 103
Trd, 4317935.343, 103
Trd, 4317938.443, 103
Trd, 4317938.993, 102
Trd, 4317941.693, 103
Trd, 4317943.693, 101
Trd, 4317946.393, 101
Trd, 4317950.593, 102
Trd, 4317951.593, 102
Trd, 4317952.743, 102
Trd, 4317953.543, 103
Trd, 4317954.243, 103
Trd, 4317954.293, 94
Trd, 4317955.893, 103
Trd, 4317956.543, 102
Trd, 4317960.443, 104
Trd, 4317962.143, 104
Trd, 4317962.543, 101
Trd, 4317965.843, 103
Trd, 4317966.593, 102
Trd, 4317970.843, 102
Trd, 4317972.593, 102
Trd, 4317972.693, 101
Trd, 4317972.943, 101
Trd, 4317973.193, 100
Trd, 4317976.693, 100
Trd, 4317977.593, 102
Trd, 4317979.893, 102
Trd, 4317981.343, 102
Trd, 4317981.643, 101
Trd, 4317981.793, 101
Trd, 4317985.993, 101
Trd, 4317986.193, 100
Trd, 4317988.243, 99
Trd, 4317988.543, 100
Trd, 4317989.743, 99
Trd, 4317990.343, 99
Trd, 4317994.543, 102
Trd, 4317994.693, 102
Trd, 4317995.643, 102
Trd, 4317996.343, 102
Trd, 4317996.643, 100
Trd, 4317998.693, 101
Trd, 4318001.793, 102
Trd, 4318001.893, 102
Trd, 4318003.743, 101
Trd, 4318003.843, 100
Trd, 4318006.093, 101
Trd, 4318007.343, 99
Trd, 4318009.343, 102
Trd, 4318010.343, 102
Trd, 4318013.593, 102
Trd, 4318014.593, 101
Trd, 4318015.493, 101
Trd, 4318015.543, 100
Trd, 4318019.493, 101
Trd, 4318022.293, 101
Trd, 4318022.693, 101
Trd, 4318023.093, 99
Trd, 4318024.193, 101
Trd, 4318024.693, 101
Trd, 4318026.443, 100
Trd, 4318026.593, 98
Trd, 4318028.443, 97
Trd, 4318028.893, 94
Trd, 4318030.093, 96
Trd, 4318030.843, 95
Trd, 4318031.993, 96
Trd, 4318035.693, 96
Trd, 4318035.993, 95
Trd, 4318036.893, 96
Trd, 4318040.893, 94
Trd, 4318042.043, 95
Trd, 4318044.043, 95
Trd, 4318044.593, 95
Trd, 4318045.443, 95
Trd, 4318047.343, 95
Trd, 4318047.493, 93
Trd, 4318051.343, 100
Trd, 4318051.543, 98
Trd, 4318051.743, 98
Trd, 4318052.143, 98
Trd, 4318052.493, 97
Trd, 4318055.293, 98
Trd, 4318055.543, 97
Trd, 4318058.693, 97
Trd, 4318060.143, 98
Trd, 4318061.743, 98
Trd, 4318065.793, 98
Trd, 4318066.693, 97
Trd, 4318066.943, 96
Trd, 4318066.993, 95
Trd, 4318067.193, 94
Trd, 4318070.293, 96
Trd, 4318072.493, 97
Trd, 4318073.043, 96
Trd, 4318073.143, 98
Trd, 4318074.243, 96
Trd, 4318075.143, 97
Trd, 4318078.943, 99
Trd, 4318079.043, 98
Trd, 4318079.143, 97
Trd, 4318080.443, 95
Trd, 4318080.643, 94
Trd, 4318081.593, 95
Trd, 4318085.343, 103
Trd, 4318085.443, 102
Trd, 4318086.043, 103
Trd, 4318086.693, 101
Trd, 4318087.193, 101
Trd, 4318092.293, 100
Trd, 4318093.393, 101
Trd, 4318094.343, 100
Trd, 4318096.593, 99
Trd, 4318097.443, 101
Trd, 4318098.393, 101
Trd, 4318099.043, 100
Trd, 4318102.043, 99
Trd, 4318102.093, 100
Trd, 4318105.743, 100
Trd, 4318106.193, 100
Trd, 4318107.343, 102
Trd, 4318108.143, 101
Trd, 4318110.493, 101
Trd, 4318114.893, 102
Trd, 4318116.193, 102
Trd, 4318117.993, 101
Trd, 4318119.643, 102
Trd, 4318120.293, 101
Trd, 4318120.943, 100
Trd, 4318123.343, 102
Trd, 4318123.893, 102
Trd, 4318125.043, 99
Trd, 4318128.093, 101
Trd, 4318129.993, 101
Trd, 4318132.293, 102
Trd, 4318134.293, 101
Trd, 4318134.943, 100
Trd, 4318135.293, 99
Trd, 4318139.893, 100
Trd, 4318139.993, 99
Trd, 4318140.643, 98
Trd, 4318141.693, 99
Trd, 4318144.243, 99
Trd, 4318145.243, 98
Trd, 4318148.343, 99
Trd, 4318148.593, 99
Trd, 4318151.343, 98
Trd, 4318152.443, 97
Trd, 4318154.243, 100
Trd, 4318155.993, 100
Trd, 4318156.293, 99
Trd, 4318157.343, 100
Trd, 4318158.793, 99
Trd, 4318161.743, 100
Trd, 4318162.743, 101
Trd, 4318163.293, 101
Trd, 4318164.443, 100
Trd, 4318167.143, 101
Trd, 4318167.993, 100
Trd, 4318169.693, 101
Trd, 4318173.093, 101
Trd, 4318173.293, 99
Trd, 4318176.693, 100
Trd, 4318179.643, 100
Trd, 4318180.443, 99
Trd, 4318181.143, 99
Trd, 4318182.293, 100
Trd, 4318182.843, 100
Trd, 4318183.593, 100
Trd, 4318188.043, 100
Trd, 4318188.393, 100
Trd, 4318189.943, 97
Trd, 4318189.993, 98
Trd, 4318191.743, 97
Trd, 4318192.893, 97
Trd, 4318193.593, 96
Trd, 4318195.443, 98
Trd, 4318197.493, 98
Trd, 4318200.693, 98
Trd, 4318201.093, 98
Trd, 4318202.443, 97
Trd, 4318205.393, 99
Trd, 4318205.493, 99
Trd, 4318208.643, 99
Trd, 4318209.343, 100
Trd, 4318209.643, 98
Trd, 4318214.293, 100
Trd, 4318215.093, 98
Trd, 4318215.293, 99
Trd, 4318215.693, 98
Trd, 4318218.243, 98
Trd, 4318218.443, 97
Trd, 4318225.693, 98
Trd, 4318225.993, 97
Trd, 4318226.493, 97
Trd, 4318229.743, 97
Trd, 4318231.043, 94
Trd, 4318232.693, 95
Trd, 4318235.993, 96
Trd, 4318238.143, 94
Trd, 4318238.543, 95
Trd, 4318240.443, 95
Trd, 4318241.593, 94
Trd, 4318244.543, 95
Trd, 4318245.893, 95
Trd, 4318246.693, 94
Trd, 4318248.393, 95
Trd, 4318250.543, 95
Trd, 4318252.143, 93
Trd, 4318253.693, 95
Trd, 4318255.143, 94
Trd, 4318257.293, 95
Trd, 4318259.243, 95
Trd, 4318261.693, 94
Trd, 4318263.543, 95
Trd, 4318266.943, 94
Trd, 4318267.793, 94
Trd, 4318267.843, 93
Trd, 4318269.193, 93
Trd, 4318270.393, 94
Trd, 4318273.143, 94
Trd, 4318275.993, 95
Trd, 4318276.743, 93
Trd, 4318277.593, 95
Trd, 4318278.693, 99
Trd, 4318279.143, 96
Trd, 4318280.643, 97
Trd, 4318280.743, 86
Trd, 4318283.943, 92
Trd, 4318284.943, 92
Trd, 4318287.293, 94
Trd, 4318292.593, 97
Trd, 4318292.793, 96
Trd, 4318293.743, 96
Trd, 4318295.543, 95
Trd, 4318296.093, 94
Trd, 4318296.943, 93
Trd, 4318298.643, 93
Trd, 4318299.643, 95
Trd, 4318301.093, 93
Trd, 4318303.493, 94
Trd, 4318305.493, 93
Trd, 4318306.843, 94
Trd, 4318308.843, 93
Trd, 4318311.343, 94
Trd, 4318311.843, 93
Trd, 4318311.943, 94
Trd, 4318314.843, 95
Trd, 4318315.743, 95
Trd, 4318316.993, 94
Trd, 4318318.543, 94
Trd, 4318321.293, 95
Trd, 4318323.593, 95
Trd, 4318323.943, 96
Trd, 4318326.143, 99
Trd, 4318326.343, 99
Trd, 4318327.743, 98
Trd, 4318330.293, 98
Trd, 4318330.693, 97
Trd, 4318331.743, 97
Trd, 4318331.843, 96
Trd, 4318336.293, 96
Trd, 4318336.693, 95
Trd, 4318339.543, 96
Trd, 4318340.593, 95
Trd, 4318341.893, 96
Trd, 4318345.393, 95
Trd, 4318349.793, 96
Trd, 4318351.143, 96
Trd, 4318351.693, 95
Trd, 4318354.793, 94
Trd, 4318357.393, 95
Trd, 4318358.093, 94
Trd, 4318360.593, 93
Trd, 4318361.893, 94
Trd, 4318363.193, 93
Trd, 4318364.143, 99
Trd, 4318364.793, 99
Trd, 4318366.543, 100
Trd, 4318367.843, 102
Trd, 4318368.643, 101
Trd, 4318372.093, 101
Trd, 4318373.393, 100
Trd, 4318376.693, 100
Trd, 4318379.093, 101
Trd, 4318380.243, 100
Trd, 4318381.043, 99
Trd, 4318381.593, 96
Trd, 4318382.743, 98
Trd, 4318387.293, 100
Trd, 4318388.293, 99
Trd, 4318389.143, 98
Trd, 4318391.343, 98
Trd, 4318393.143, 99
Trd, 4318394.743, 100
Trd, 4318395.443, 100
Trd, 4318398.093, 98
Trd, 4318400.143, 99
Trd, 4318401.943, 98
Trd, 4318402.293, 97
Trd, 4318403.593, 97
Trd, 4318404.793, 96
Trd, 4318406.193, 97
Trd, 4318408.243, 94
Trd, 4318409.943, 97
Trd, 4318411.443, 97
Trd, 4318412.143, 96
Trd, 4318415.543, 97
Trd, 4318417.193, 97
Trd, 4318418.093, 96
Trd, 4318419.443, 97
Trd, 4318423.243, 96
Trd, 4318423.993, 97
Trd, 4318424.193, 97
Trd, 4318426.793, 95
Trd, 4318426.943, 97
Trd, 4318427.593, 96
Trd, 4318428.493, 96
Trd, 4318431.193, 94
Trd, 4318432.043, 94
Trd, 4318433.743, 94
Trd, 4318433.893, 94
Trd, 4318434.843, 94
Trd, 4318437.593, 92
Trd, 4318439.893, 93
Trd, 4318440.693, 93
Trd, 4318442.093, 94
Trd, 4318444.243, 94
Trd, 4318444.943, 93
Trd, 4318447.143, 94
Trd, 4318447.493, 94
Trd, 4318447.593, 92
Trd, 4318450.743, 92
Trd, 4318452.343, 94
Trd, 4318453.693, 94
Trd, 4318458.643, 93
Trd, 4318458.743, 94
Trd, 4318459.293, 95
Trd, 4318459.593, 94
Trd, 4318460.893, 95
Trd, 4318464.393, 102
Trd, 4318464.593, 102
Trd, 4318465.543, 101
Trd, 4318467.293, 100
Trd, 4318469.393, 102
Trd, 4318472.993, 102
Trd, 4318473.143, 102
Trd, 4318474.043, 101
Trd, 4318476.043, 100
Trd, 4318477.943, 102
Trd, 4318479.943, 103
Trd, 4318482.943, 104
Trd, 4318484.293, 104
Trd, 4318484.693, 102
Trd, 4318487.043, 103
Trd, 4318487.743, 105
Trd, 4318488.693, 105
Trd, 4318488.893, 101
Trd, 4318491.343, 104
Trd, 4318492.443, 105
Trd, 4318494.643, 104
Trd, 4318498.743, 103
Trd, 4318499.993, 104
Trd, 4318500.643, 105
Trd, 4318500.993, 104
Trd, 4318503.443, 105
Trd, 4318506.843, 104
Trd, 4318507.043, 103
Trd, 4318508.243, 105
Trd, 4318509.993, 106
Trd, 4318510.793, 106
Trd, 4318511.493, 104
Trd, 4318512.693, 104
Trd, 4318512.893, 103
Trd, 4318513.793, 94
Trd, 4318516.293, 104
Trd, 4318518.443, 104
Trd, 4318520.793, 105
Trd, 4318523.543, 104
Trd, 4318525.543, 104
Trd, 4318526.393, 103
Trd, 4318529.193, 102
Trd, 4318530.493, 103
Trd, 4318532.643, 103
Trd, 4318532.693, 102
Trd, 4318532.893, 101
Trd, 4318534.143, 104
Trd, 4318536.143, 103
Trd, 4318537.993, 102
Trd, 4318542.293, 104
Trd, 4318543.793, 101
Trd, 4318544.843, 104
Trd, 4318545.343, 104
Trd, 4318546.243, 104
Trd, 4318547.793, 104
Trd, 4318548.143, 103
Trd, 4318552.093, 104
Trd, 4318553.543, 103
Trd, 4318555.793, 104
Trd, 4318555.943, 103
Trd, 4318556.243, 103
Trd, 4318556.343, 102
Trd, 4318558.393, 101
Trd, 4318563.293, 102
Trd, 4318563.793, 103
Trd, 4318565.843, 103
Trd, 4318566.643, 103
Trd, 4318566.743, 99
Trd, 4318568.143, 103
Trd, 4318569.543, 100
Trd, 4318570.793, 101
Trd, 4318571.843, 102
Trd, 4318573.343, 102
Trd, 4318574.143, 101
Trd, 4318574.993, 102
Trd, 4318575.243, 102
Trd, 4318578.343, 103
Trd, 4318580.093, 101
Trd, 4318582.893, 103
Trd, 4318582.993, 102
Trd, 4318583.143, 101
Trd, 4318584.043, 100
Trd, 4318586.243, 101
Trd, 4318587.293, 100
Trd, 4318587.993, 101
Trd, 4318588.943, 100
Trd, 4318590.493, 102
Trd, 4318593.193, 102
Trd, 4318593.593, 101
Trd, 4318594.743, 100
Trd, 4318599.143, 101
Trd, 4318599.543, 101
Trd, 4318599.843, 101
Trd, 4318601.343, 102
Trd, 4318604.093, 103
Trd, 4318605.943, 102
Trd, 4318606.793, 101
Trd, 4318607.093, 101
Trd, 4318608.543, 102
Trd, 4318608.893, 101
Trd, 4318613.293, 102
Trd, 4318614.443, 101
Trd, 4318614.493, 99
Trd, 4318617.693, 101
Trd, 4318618.043, 100
Trd, 4318618.743, 100
Trd, 4318618.793, 99
Trd, 4318620.693, 99
Trd, 4318620.893, 99
Trd, 4318623.843, 100
Trd, 4318626.443, 100
Trd, 4318626.843, 100
Trd, 4318627.093, 98
Trd, 4318628.693, 99
Trd, 4318629.693, 100
Trd, 4318634.443, 99
Trd, 4318637.843, 99
Trd, 4318638.693, 100
Trd, 4318639.443, 99
Trd, 4318640.193, 99
Trd, 4318640.893, 98
Trd, 4318645.043, 98
Trd, 4318645.193, 97
Trd, 4318647.243, 98
Trd, 4318648.143, 97
Trd, 4318651.643, 98
Trd, 4318651.693, 97
Trd, 4318652.843, 96
Trd, 4318653.793, 96
Trd, 4318654.793, 97
Trd, 4318660.743, 97
Trd, 4318660.893, 95
Trd, 4318662.893, 96
Trd, 4318663.043, 96
Trd, 4318663.093, 95
Trd, 4318665.243, 94
Trd, 4318667.443, 96
Trd, 4318668.143, 95
Trd, 4318669.043, 95
Trd, 4318670.993, 96
Trd, 4318673.093, 97
Trd, 4318674.693, 97
Trd, 4318675.543, 96
Trd, 4318676.243, 97
Trd, 4318677.043, 96
Trd, 4318679.343, 98
Trd, 4318681.693, 98
Trd, 4318681.943, 97
Trd, 4318683.493, 99
Trd, 4318683.793, 99
Trd, 4318684.743, 99
Trd, 4318686.293, 98
Trd, 4318690.943, 99
Trd, 4318691.043, 98
Trd, 4318692.393, 98
Trd, 4318692.993, 97
Trd, 4318694.943, 97
Trd, 4318696.843, 99
Trd, 4318697.393, 99
Trd, 4318699.243, 97
Trd, 4318702.643, 98
Trd, 4318705.293, 99
Trd, 4318708.543, 99
Trd, 4318708.743, 99
Trd, 4318710.693, 98
Trd, 4318710.893, 98
Trd, 4318712.393, 99
Trd, 4318713.093, 98
Trd, 4318715.493, 99
Trd, 4318715.843, 98
Trd, 4318718.193, 99
Trd, 4318719.943, 100
Trd, 4318720.393, 98
Trd, 4318723.693, 97
Trd, 4318724.193, 99
Trd, 4318724.543, 98
Trd, 4318727.743, 99
Trd, 4318729.843, 98
Trd, 4318729.993, 95
Trd, 4318731.943, 97
Trd, 4318733.443, 96
Trd, 4318739.243, 96
Trd, 4318741.843, 96
Trd, 4318746.193, 97
Trd, 4318748.093, 96
Trd, 4318749.443, 97
Trd, 4318750.243, 96
Trd, 4318750.493, 95
Trd, 4318751.943, 94
Trd, 4318755.393, 96
Trd, 4318757.043, 96
Trd, 4318758.493, 96
Trd, 4318758.543, 95
Trd, 4318761.193, 97
Trd, 4318762.943, 97
Trd, 4318765.793, 96
Trd, 4318766.643, 97
Trd, 4318769.843, 96
Trd, 4318771.093, 97
Trd, 4318773.643, 97
Trd, 4318774.993, 96
Trd, 4318775.693, 96
Trd, 4318776.593, 95
Trd, 4318779.343, 96
Trd, 4318782.443, 98
Trd, 4318783.493, 97
Trd, 4318784.093, 97
Trd, 4318784.743, 98
Trd, 4318786.493, 98
Trd, 4318786.793, 97
Trd, 4318787.043, 94
Trd, 4318789.393, 97
Trd, 4318790.993, 97
Trd, 4318791.093, 96
Trd, 4318792.943, 98
Trd, 4318794.443, 96
Trd, 4318795.393, 94
Trd, 4318799.093, 97
Trd, 4318799.393, 95
Trd, 4318799.993, 95
Trd, 4318805.043, 95
Trd, 4318805.543, 95
Trd, 4318807.343, 94
Trd, 4318811.293, 94
Trd, 4318811.493, 93
Trd, 4318813.793, 94
Trd, 4318814.293, 94
Trd, 4318815.143, 95
Trd, 4318815.443, 93
Trd, 4318817.393, 95
Trd, 4318819.743, 94
Trd, 4318820.843, 95
Trd, 4318822.693, 95
Trd, 4318822.743, 94
Trd, 4318823.643, 95
Trd, 4318824.893, 94
Trd, 4318828.293, 95
Trd, 4318830.243, 94
Trd, 4318833.043, 95
Trd, 4318833.643, 95
Trd, 4318836.693, 96
Trd, 4318837.393, 96
Trd, 4318837.993, 95
Trd, 4318838.543, 95
Trd, 4318839.243, 94
Trd, 4318841.593, 94
Trd, 4318841.993, 97
Trd, 4318842.493, 96
Trd, 4318845.943, 95
Trd, 4318848.443, 96
Trd, 4318848.593, 95
Trd, 4318851.043, 95
Trd, 4318852.293, 94
Trd, 4318852.693, 96
Trd, 4318853.293, 95
Trd, 4318853.843, 94
Trd, 4318855.493, 86
Trd, 4318858.593, 93
Trd, 4318858.743, 93
Trd, 4318859.143, 95
Trd, 4318860.443, 95
Trd, 4318860.843, 95
Trd, 4318862.743, 96
Trd, 4318864.443, 97
Trd, 4318866.593, 97
Trd, 4318867.043, 96
Trd, 4318867.443, 95
Trd, 4318869.743, 95
Trd, 4318870.143, 97
Trd, 4318870.743, 96
Trd, 4318873.593, 97
Trd, 4318875.193, 97
Trd, 4318875.443, 96
Trd, 4318877.243, 95
Trd, 4318879.643, 97
Trd, 4318880.243, 97
Trd, 4318880.293, 96
Trd, 4318881.193, 94
Trd, 4318885.293, 96
Trd, 4318885.793, 95
Trd, 4318889.443, 95
Trd, 4318890.943, 94
Trd, 4318893.293, 95
Trd, 4318895.293, 95
Trd, 4318895.743, 94
Trd, 4318898.193, 93
Trd, 4318900.593, 95
Trd, 4318901.493, 95
Trd, 4318901.843, 94
Trd, 4318902.943, 94
Trd, 4318903.093, 93
Trd, 4318904.743, 94
Trd, 4318906.793, 94
Trd, 4318907.193, 91
Trd, 4318910.443, 93
Trd, 4318912.593, 92
Trd, 4318914.193, 91
Trd, 4318918.143, 93
Trd, 4318918.443, 93
Trd, 4318919.443, 92
Trd, 4318921.193, 90
Trd, 4318921.993, 89
Trd, 4318925.693, 91
Trd, 4318926.043, 90
Trd, 4318928.093, 91
Trd, 4318929.143, 91
Trd, 4318929.543, 92
Trd, 4318930.293, 92
Trd, 4318931.093, 92
Trd, 4318933.043, 93
Trd, 4318933.693, 91
Trd, 4318936.443, 90
Trd, 4318939.293, 93
Trd, 4318939.793, 92
Trd, 4318941.243, 91
Trd, 4318945.193, 93
Trd, 4318946.843, 92
Trd, 4318947.943, 91
Trd, 4318949.693, 92
Trd, 4318950.593, 92
Trd, 4318952.193, 93
Trd, 4318955.493, 92
Trd, 4318957.443, 93
Trd, 4318957.593, 92
Trd, 4318957.793, 93
Trd, 4318960.843, 92
Trd, 4318961.343, 92
Trd, 4318963.593, 92
Trd, 4318967.893, 91
Trd, 4318969.693, 92
Trd, 4318970.493, 91
Trd, 4318972.393, 93
Trd, 4318972.643, 91
Trd, 4318974.793, 93
Trd, 4318978.043, 95
Trd, 4318978.093, 94
Trd, 4318980.543, 94
Trd, 4318980.943, 95
Trd, 4318981.793, 93
Trd, 4318984.093, 95
Trd, 4318984.193, 94
Trd, 4318984.643, 93
Trd, 4318986.793, 94
Trd, 4318987.493, 94
Trd, 4318989.343, 95
Trd, 4318989.643, 93
Trd, 4318994.493, 95
Trd, 4318995.693, 95
Trd, 4318997.593, 94
Trd, 4318998.393, 95
Trd, 4318999.043, 95
Trd, 4319003.693, 95
Trd, 4319007.043, 95
Trd, 4319007.493, 94
Trd, 4319008.943, 94
Trd, 4319012.443, 95
Trd, 4319015.293, 94
Trd, 4319016.293, 95
Trd, 4319016.543, 95
Trd, 4319016.743, 94
Trd, 4319018.393, 95
Trd, 4319020.193, 98
Trd, 4319020.893, 96
Trd, 4319022.743, 96
Trd, 4319022.843, 96
Trd, 4319024.943, 94
Trd, 4319026.343, 92
Trd, 4319026.693, 93
Trd, 4319028.243, 97
Trd, 4319028.943, 97
Trd, 4319030.243, 99
Trd, 4319031.493, 101
Trd, 4319031.693, 101
Trd, 4319033.243, 101
Trd, 4319035.693, 101
Trd, 4319036.643, 99
Trd, 4319038.793, 101
Trd, 4319038.893, 99
Trd, 4319039.193, 101
Trd, 4319041.243, 100
Trd, 4319041.993, 100
Trd, 4319043.743, 99
Trd, 4319045.993, 99
Trd, 4319048.293, 99
Trd, 4319048.643, 98
Trd, 4319049.893, 99
Trd, 4319050.693, 98
Trd, 4319051.043, 98
Trd, 4319052.593, 99
Trd, 4319054.393, 99
Trd, 4319055.993, 98
Trd, 4319059.393, 97
Trd, 4319061.693, 99
Trd, 4319063.343, 99
Trd, 4319063.793, 99
Trd, 4319064.093, 98
Trd, 4319065.643, 106
Trd, 4319066.543, 105
Trd, 4319068.943, 107
Trd, 4319070.693, 106
Trd, 4319071.943, 105
Trd, 4319072.393, 103
Trd, 4319075.093, 106
Trd, 4319075.693, 106
Trd, 4319081.993, 104
Trd, 4319082.493, 105
Trd, 4319083.343, 104
Trd, 4319084.243, 103
Trd, 4319086.693, 103
Trd, 4319086.743, 103
Trd, 4319087.543, 103
Trd, 4319087.643, 102
Trd, 4319091.343, 101
Trd, 4319091.793, 103
Trd, 4319092.643, 104
Trd, 4319093.293, 103
Trd, 4319093.443, 102
Trd, 4319093.543, 102
Trd, 4319095.543, 100
Trd, 4319096.943, 100
Trd, 4319098.243, 97
Trd, 4319099.893, 96
Trd, 4319099.943, 98
Trd, 4319102.243, 99
Trd, 4319105.743, 98
Trd, 4319106.443, 97
Trd, 4319107.193, 97
Trd, 4319109.143, 96
Trd, 4319112.143, 97
Trd, 4319112.193, 96
Trd, 4319112.543, 96
Trd, 4319113.243, 95
Trd, 4319115.843, 96
Trd, 4319118.393, 95
Trd, 4319119.093, 96
Trd, 4319121.143, 96
Trd, 4319122.293, 94
Trd, 4319123.643, 96
Trd, 4319125.193, 96
Trd, 4319125.893, 96
Trd, 4319126.643, 95
Trd, 4319132.043, 96
Trd, 4319132.143, 95
Trd, 4319134.593, 94
Trd, 4319136.143, 93
Trd, 4319138.243, 95
Trd, 4319138.343, 95
Trd, 4319140.143, 95
Trd, 4319144.243, 94
Trd, 4319145.393, 95
Trd, 4319146.693, 94
Trd, 4319149.143, 95
Trd, 4319151.043, 95
Trd, 4319152.093, 95
Trd, 4319153.343, 94
Trd, 4319154.593, 95
Trd, 4319158.143, 94
Trd, 4319159.093, 95
Trd, 4319159.243, 95
Trd, 4319160.843, 96
Trd, 4319162.993, 96
Trd, 4319163.393, 95
Trd, 4319164.143, 94
Trd, 4319168.493, 95
Trd, 4319168.843, 94
Trd, 4319169.643, 94
Trd, 4319171.743, 95
Trd, 4319171.893, 94
Trd, 4319176.593, 95
Trd, 4319176.693, 93
Trd, 4319177.493, 93
Trd, 4319178.143, 92
Trd, 4319179.893, 92
Trd, 4319183.493, 93
Trd, 4319184.743, 93
Trd, 4319188.143, 94
Trd, 4319190.343, 94
Trd, 4319190.643, 93
Trd, 4319190.893, 93
Trd, 4319191.043, 95
Trd, 4319191.893, 96
Trd, 4319198.043, 95
Trd, 4319198.943, 96
Trd, 4319199.393, 94
Trd, 4319201.193, 96
Trd, 4319203.143, 96
Trd, 4319205.243, 95
Trd, 4319205.343, 96
Trd, 4319205.743, 93
Trd, 4319211.143, 94
Trd, 4319215.743, 96
Trd, 4319216.993, 96
Trd, 4319217.743, 96
Trd, 4319218.293, 92
Trd, 4319220.093, 100
Trd, 4319220.143, 98
Trd, 4319220.793, 99
Trd, 4319222.993, 99
Trd, 4319223.443, 98
Trd, 4319225.893, 99
Trd, 4319226.093, 98
Trd, 4319229.543, 99
Trd, 4319229.643, 96
Trd, 4319230.893, 99
Trd, 4319231.443, 99
Trd, 4319233.943, 105
Trd, 4319234.143, 105
Trd, 4319234.193, 104
Trd, 4319237.593, 104
Trd, 4319239.393, 104
Trd, 4319239.993, 103
Trd, 4319240.443, 103
Trd, 4319241.143, 101
Trd, 4319242.943, 94
Trd, 4319244.793, 88
Trd, 4319244.943, 89
Trd, 4319246.293, 88
Trd, 4319248.543, 95
Trd, 4319249.193, 93
Trd, 4319249.793, 93
Trd, 4319251.243, 97
Trd, 4319252.893, 102
Trd, 4319253.793, 104
Trd, 4319255.343, 107
Trd, 4319256.143, 104
Trd, 4319257.843, 103
Trd, 4319259.893, 106
Trd, 4319260.543, 106
Trd, 4319261.543, 102
Trd, 4319264.143, 104
Trd, 4319267.293, 104
Trd, 4319268.393, 104
Trd, 4319269.543, 105
Trd, 4319269.993, 105
Trd, 4319270.643, 103
Trd, 4319272.493, 102
Trd, 4319273.743, 95
Trd, 4319274.943, 97
Trd, 4319275.643, 99
Trd, 4319275.943, 98
Trd, 4319278.193, 86
Trd, 4319280.643, 96
Trd, 4319281.993, 97
Trd, 4319282.293, 96
Trd, 4319283.993, 97
Trd, 4319285.043, 96
Trd, 4319285.993, 95
Trd, 4319291.793, 97
Trd, 4319292.093, 97
Trd, 4319293.393, 95
Trd, 4319295.143, 96
Trd, 4319297.743, 94
Trd, 4319300.943, 97
Trd, 4319301.143, 94
Trd, 4319304.443, 95
Trd, 4319305.693, 97
Trd, 4319306.143, 96
Trd, 4319311.093, 96
Trd, 4319313.243, 97
Trd, 4319313.343, 94
Trd, 4319315.293, 97
Trd, 4319316.293, 96
Trd, 4319316.493, 95
Trd, 4319317.343, 95
Trd, 4319319.243, 94
Trd, 4319319.993, 95
Trd, 4319324.243, 95
Trd, 4319325.043, 94
Trd, 4319326.193, 94
Trd, 4319326.293, 93
Trd, 4319328.893, 94
Trd, 4319330.343, 95
Trd, 4319331.243, 92
Trd, 4319336.443, 95
Trd, 4319337.093, 94
Trd, 4319339.443, 94
Trd, 4319341.793, 95
Trd, 4319345.593, 95
Trd, 4319346.893, 94
Trd, 4319347.893, 95
Trd, 4319351.443, 95
Trd, 4319352.093, 94
Trd, 4319354.443, 95
Trd, 4319354.743, 95
Trd, 4319357.293, 94
Trd, 4319357.493, 95
Trd, 4319361.443, 95
Trd, 4319361.793, 93
Trd, 4319362.293, 94
Trd, 4319363.093, 93
Trd, 4319363.943, 95
Trd, 4319364.643, 94
Trd, 4319368.593, 95
Trd, 4319368.893, 92
Trd, 4319370.443, 93
Trd, 4319370.943, 92
Trd, 4319372.493, 92
Trd, 4319375.593, 93
Trd, 4319376.893, 93
Trd, 4319377.193, 92
Trd, 4319379.293, 91
Trd, 4319382.543, 93
Trd, 4319382.693, 93
Trd, 4319383.193, 92
Trd, 4319386.493, 92
Trd, 4319387.843, 92
Trd, 4319389.393, 93
Trd, 4319389.843, 93
Trd, 4319392.493, 93
Trd, 4319392.993, 92
Trd, 4319395.643, 91
Trd, 4319396.593, 93
Trd, 4319397.543, 94
Trd, 4319398.043, 96
Trd, 4319398.793, 95
Trd, 4319401.043, 94
Trd, 4319402.493, 95
Trd, 4319404.543, 95
Trd, 4319407.693, 97
Trd, 4319407.793, 94
Trd, 4319409.443, 98
Trd, 4319410.143, 97
Trd, 4319413.143, 96
Trd, 4319413.343, 95
Trd, 4319416.543, 94
Trd, 4319419.193, 95
Trd, 4319422.743, 96
Trd, 4319423.543, 95
Trd, 4319424.043, 96
Trd, 4319425.393, 95
Trd, 4319428.843, 96
Trd, 4319429.393, 96
Trd, 4319432.543, 96
Trd, 4319432.743, 95
Trd, 4319433.193, 95
Trd, 4319434.543, 95
Trd, 4319435.193, 97
Trd, 4319435.943, 98
Trd, 4319437.193, 98
Trd, 4319437.243, 97
Trd, 4319440.593, 97
Trd, 4319443.343, 98
Trd, 4319444.193, 97
Trd, 4319444.643, 99
Trd, 4319446.243, 98
Trd, 4319447.593, 99
Trd, 4319450.093, 98
Trd, 4319450.143, 96
Trd, 4319452.843, 97
Trd, 4319453.543, 96
Trd, 4319457.493, 96
Trd, 4319459.893, 96
Trd, 4319460.093, 95
Trd, 4319460.193, 95
Trd, 4319460.543, 95
Trd, 4319461.093, 94
Trd, 4319461.943, 94
Trd, 4319466.343, 96
Trd, 4319469.493, 95
Trd, 4319471.093, 95
Trd, 4319471.143, 95
Trd, 4319471.243, 94
Trd, 4319474.893, 94
Trd, 4319475.993, 93
Trd, 4319479.193, 95
Trd, 4319479.493, 94
Trd, 4319482.643, 94
Trd, 4319484.093, 93
Trd, 4319485.343, 95
Trd, 4319485.443, 93
Trd, 4319487.993, 95
Trd, 4319488.343, 94
Trd, 4319488.643, 94
Trd, 4319489.693, 94
Trd, 4319492.693, 95
Trd, 4319495.143, 96
Trd, 4319497.143, 95
Trd, 4319498.543, 96
Trd, 4319499.843, 96
Trd, 4319500.493, 95
Trd, 4319505.393, 94
Trd, 4319505.843, 95
Trd, 4319506.243, 94
Trd, 4319506.843, 94
Trd, 4319511.043, 94
Trd, 4319511.643, 94
Trd, 4319512.093, 95
Trd, 4319512.843, 94
Trd, 4319513.843, 94
Trd, 4319516.343, 95
Trd, 4319517.443, 94
Trd, 4319518.843, 95
Trd, 4319520.693, 94
Trd, 4319524.393, 94
Trd, 4319525.643, 94
Trd, 4319526.843, 93
Trd, 4319529.293, 94
Trd, 4319529.993, 94
Trd, 4319530.993, 93
Trd, 4319534.443, 94
Trd, 4319535.243, 94
Trd, 4319537.543, 93
Trd, 4319539.993, 93
Trd, 4319540.043, 91
Trd, 4319542.993, 94
Trd, 4319543.543, 93
Trd, 4319544.593, 94
Trd, 4319547.793, 94
Trd, 4319549.693, 95
Trd, 4319551.643, 98
Trd, 4319551.793, 98
Trd, 4319551.943, 93
Trd, 4319553.843, 96
Trd, 4319555.193, 97
Trd, 4319557.343, 98
Trd, 4319558.743, 97
Trd, 4319560.093, 96
Trd, 4319560.243, 95
Trd, 4319563.743, 96
Trd, 4319564.143, 94
Trd, 4319568.693, 97
Trd, 4319568.793, 97
Trd, 4319570.343, 95
Trd, 4319572.943, 96
Trd, 4319573.193, 94
Trd, 4319573.743, 95
Trd, 4319576.193, 96
Trd, 4319577.243, 96
Trd, 4319578.993, 97
Trd, 4319581.643, 97
Trd, 4319582.693, 97
Trd, 4319583.793, 97
Trd, 4319584.143, 96
Trd, 4319586.693, 95
Trd, 4319588.643, 96
Trd, 4319588.793, 95
Trd, 4319591.243, 95
Trd, 4319591.893, 94
Trd, 4319592.943, 96
Trd, 4319595.543, 96
Trd, 4319598.093, 95
Trd, 4319598.643, 95
Trd, 4319602.193, 96
Trd, 4319602.393, 96
Trd, 4319602.993, 95
Trd, 4319603.343, 96
Trd, 4319603.893, 95
Trd, 4319604.093, 96
Trd, 4319608.143, 96
Trd, 4319610.193, 96
Trd, 4319610.243, 95
Trd, 4319611.693, 94
Trd, 4319612.093, 95
Trd, 4319613.343, 94
Trd, 4319614.543, 94
Trd, 4319615.293, 94
Trd, 4319619.393, 94
Trd, 4319620.243, 94
Trd, 4319622.293, 93
Trd, 4319625.893, 94
Trd, 4319627.143, 94
Trd, 4319629.943, 95
Trd, 4319631.093, 94
Trd, 4319632.843, 95
Trd, 4319634.343, 94
Trd, 4319636.293, 96
Trd, 4319637.243, 96
Trd, 4319637.993, 97
Trd, 4319639.793, 97
Trd, 4319640.993, 97
Trd, 4319642.243, 96
Trd, 4319645.143, 97
Trd, 4319646.693, 97
Trd, 4319647.793, 97
Trd, 4319648.343, 95
Trd, 4319652.893, 97
Trd, 4319653.043, 96
Trd, 4319655.893, 94
Trd, 4319656.593, 95
Trd, 4319658.143, 96
Trd, 4319658.493, 96
Trd, 4319660.243, 96
Trd, 4319660.843, 97
Trd, 4319664.043, 97
Trd, 4319665.593, 97
Trd, 4319666.043, 96
Trd, 4319667.443, 96
Trd, 4319671.393, 97
Trd, 4319671.643, 96
Trd, 4319671.993, 96
Trd, 4319674.443, 95
Trd, 4319676.493, 96
Trd, 4319677.343, 95
Trd, 4319681.543, 96
Trd, 4319681.743, 93
Trd, 4319684.093, 96
Trd, 4319684.843, 95
Trd, 4319687.393, 96
Trd, 4319687.743, 95
Trd, 4319688.743, 96
Trd, 4319691.093, 96
Trd, 4319691.843, 97
Trd, 4319692.343, 96
Trd, 4319695.143, 97
Trd, 4319697.493, 97
Trd, 4319701.843, 96
Trd, 4319704.793, 98
Trd, 4319705.593, 98
Trd, 4319705.643, 98
Trd, 4319706.093, 95
Trd, 4319709.393, 98
Trd, 4319713.593, 98
Trd, 4319714.693, 95
Trd, 4319716.343, 97
Trd, 4319716.993, 96
Trd, 4319721.093, 97
Trd, 4319722.143, 97
Trd, 4319723.243, 96
Trd, 4319723.643, 97
Trd, 4319725.243, 95
Trd, 4319728.443, 97
Trd, 4319728.593, 96
Trd, 4319731.193, 96
Trd, 4319733.093, 95
Trd, 4319733.243, 95
Trd, 4319735.643, 96
Trd, 4319738.843, 96
Trd, 4319739.043, 96
Trd, 4319739.593, 95
Trd, 4319740.943, 104
Trd, 4319742.643, 104
Trd, 4319743.693, 102
Trd, 4319743.943, 101
Trd, 4319746.193, 102
Trd, 4319747.143, 102
Trd, 4319750.193, 101
Trd, 4319750.443, 102
Trd, 4319754.493, 100
Trd, 4319755.243, 102
Trd, 4319758.443, 97
Trd, 4319759.493, 97
Trd, 4319759.643, 95
Trd, 4319760.093, 96
Trd, 4319764.493, 96
Trd, 4319765.743, 95
Trd, 4319766.193, 96
Trd, 4319767.093, 95
Trd, 4319768.543, 96
Trd, 4319769.043, 95
Trd, 4319772.743, 95
Trd, 4319775.193, 96
Trd, 4319775.893, 96
Trd, 4319776.393, 95
Trd, 4319778.343, 96
Trd, 4319780.143, 95
Trd, 4319780.793, 97
Trd, 4319781.043, 96
Trd, 4319782.293, 96
Trd, 4319784.993, 96
Trd, 4319785.143, 95
Trd, 4319785.193, 94
Trd, 4319787.943, 97
Trd, 4319789.043, 96
Trd, 4319790.243, 96
Trd, 4319792.943, 96
Trd, 4319793.593, 95
Trd, 4319795.793, 93
Trd, 4319797.443, 96
Trd, 4319797.743, 96
Trd, 4319801.543, 93
Trd, 4319802.243, 95
Trd, 4319805.043, 95
Trd, 4319805.443, 94
Trd, 4319806.493, 95
Trd, 4319809.693, 95
Trd, 4319809.993, 94
Trd, 4319810.243, 93
Trd, 4319812.293, 95
Trd, 4319814.793, 95
Trd, 4319815.693, 94
Trd, 4319816.743, 94
Trd, 4319816.943, 93
Trd, 4319817.393, 95
Trd, 4319818.693, 96
Trd, 4319819.743, 97
Trd, 4319821.443, 98
Trd, 4319823.293, 98
Trd, 4319823.993, 97
Trd, 4319827.043, 99
Trd, 4319827.143, 98
Trd, 4319827.843, 97
Trd, 4319830.893, 98
Trd, 4319830.993, 97
Trd, 4319833.043, 98
Trd, 4319833.343, 97
Trd, 4319835.643, 98
Trd, 4319838.493, 98
Trd, 4319841.643, 97
Trd, 4319844.343, 98
Trd, 4319844.793, 98
Trd, 4319845.593, 97
Trd, 4319845.893, 94
Trd, 4319849.593, 98
Trd, 4319851.093, 98
Trd, 4319853.093, 96
Trd, 4319854.143, 98
Trd, 4319854.693, 97
Trd, 4319855.193, 97
Trd, 4319857.493, 96
Trd, 4319859.593, 97
Trd, 4319860.043, 96
Trd, 4319861.543, 97
Trd, 4319863.743, 97
Trd, 4319864.443, 98
Trd, 4319865.193, 96
Trd, 4319866.893, 98
Trd, 4319871.293, 98
Trd, 4319871.543, 98
Trd, 4319875.343, 95
Trd, 4319878.593, 97
Trd, 4319879.093, 96
Trd, 4319880.043, 96
Trd, 4319881.293, 95
Trd, 4319882.443, 95
Trd, 4319882.793, 94
Trd, 4319883.443, 93
Trd, 4319885.743, 96
Trd, 4319885.993, 93
Trd, 4319888.743, 95
Trd, 4319889.393, 95
Trd, 4319893.143, 94
Trd, 4319893.893, 95
Trd, 4319895.743, 94
Trd, 4319896.093, 95
Trd, 4319900.493, 95
Trd, 4319901.243, 95
Trd, 4319901.893, 94
Trd, 4319902.743, 95
Trd, 4319906.093, 94
Trd, 4319906.943, 94
Trd, 4319907.293, 95
Trd, 4319910.293, 95
Trd, 4319912.393, 95
Trd, 4319912.643, 94
Trd, 4319913.393, 94
Trd, 4319914.743, 95
Trd, 4319915.643, 94
Trd, 4319919.593, 95
Trd, 4319920.843, 95
Trd, 4319921.593, 94
Trd, 4319923.793, 95
Trd, 4319923.893, 95
Trd, 4319925.243, 95
Trd, 4319925.493, 94
Trd, 4319929.943, 95
Trd, 4319930.093, 95
Trd, 4319932.943, 95
Trd, 4319936.193, 94
Trd, 4319936.543, 95
Trd, 4319939.843, 95
Trd, 4319942.143, 95
Trd, 4319942.543, 95
Trd, 4319942.793, 94
Trd, 4319943.143, 95
Trd, 4319944.743, 94
Trd, 4319945.743, 94
Trd, 4319947.893, 95
Trd, 4319948.793, 94
Trd, 4319950.843, 95
Trd, 4319953.443, 94
Trd, 4319954.743, 95
Trd, 4319957.993, 94
Trd, 4319958.893, 95
Trd, 4319958.993, 95
Trd, 4319962.943, 95
Trd, 4319963.643, 96
Trd, 4319964.793, 96
Trd, 4319964.993, 95
Trd, 4319968.493, 96
Trd, 4319969.043, 96
Trd, 4319969.343, 94
Trd, 4319973.043, 95
Trd, 4319973.693, 95
Trd, 4319973.743, 94
Trd, 4319974.993, 94
Trd, 4319976.543, 95
Trd, 4319978.743, 95
Trd, 4319979.293, 94
Trd, 4319982.643, 95
Trd, 4319982.793, 95
Trd, 4319984.393, 94
Trd, 4319987.543, 94
Trd, 4319989.693, 93
Trd, 4319992.343, 95
Trd, 4319992.893, 97
Trd, 4319993.043, 96
Trd, 4319993.543, 96
Trd, 4319997.643, 96
Trd, 4319999.243, 95
Trd, 4319999.843, 96
