Trd, 4317872.543, 100
Trd, 4317873.743, 100
Trd, 4317873.993, 99
Trd, 4317876.293, 98
Trd, 4317876.593, 98
Trd, 4317879.543, 99
Trd, 4317879.593, 98
Trd, 4317883.143, 99
Trd, 4317883.943, 99
Trd, 4317886.293, 98
Trd, 4317886.643, 99
Trd, 4317887.543, 99
Trd, 4317888.993, 95
Trd, 4317891.443, 98
Trd, 4317891.893, 98
Trd, 4317893.093, 99
Trd, 4317894.843, 100
Trd, 4317895.293, 102
Trd, 4317897.543, 103
Trd, 4317900.293, 96
Trd, 4317900.443, 97
Trd, 4317901.993, 98
Trd, 4317902.193, 97
Trd, 4317903.693, 95
Trd, 4317903.793, 95
Trd, 4317904.993, 94
Trd, 4317906.743, 95
Trd, 4317907.993, 96
Trd, 4317909.193, 95
Trd, 4317912.693, 100
Trd, 4317913.343, 100
Trd, 4317913.593, 100
Trd, 4317915.243, 103
Trd, 4317916.693, 102
Trd, 4317918.043, 86
Trd, 4317919.093, 103
Trd, 4317919.743, 104
Trd, 4317920.993, 105
Trd, 4317922.743, 108
Trd, 4317923.693, 108
Trd, 4317924.543, 107
Trd, 4317924.743, 107
Trd, 4317928.693, 108
Trd, 4317929.793, 108
Trd, 4317930.093, 107
Trd, 4317931.043, 106
Trd, 4317934.743, 98
Trd, 4317935.543, 101
Trd, 4317936.193, 102
Trd, 4317937.343, 101
Trd, 4317938.593, 101
Trd, 4317939.243, 101
Trd, 4317940.393, 101
Trd, 4317941.543, 100
Trd, 4317943.643, 101
Trd, 4317944.193, 100
Trd, 4317948.043, 100
Trd, 4317949.043, 99
Trd, 4317949.493, 100
Trd, 4317950.243, 100
Trd, 4317954.143, 100
Trd, 4317955.243, 100
Trd, 4317955.393, 100
Trd, 4317956.843, 100
Trd, 4317957.593, 101
Trd, 4317957.793, 100
Trd, 4317958.393, 109
Trd, 4317961.393, 109
Trd, 4317962.193, 108
Trd, 4317964.143, 106
Trd, 4317964.743, 107
Trd, 4317965.943, 104
Trd, 4317966.543, 104
Trd, 4317968.343, 105
Trd, 4317969.343, 104
Trd, 4317971.093, 105
Trd, 4317971.293, 104
Trd, 4317971.693, 104
Trd, 4317972.443, 103
Trd, 4317972.543, 103
Trd, 4317976.893, 97
Trd, 4317977.843, 96
Trd, 4317979.293, 97
Trd, 4317980.143, 96
Trd, 4317982.143, 95
Trd, 4317982.193, 94
Trd, 4317983.443, 95
Trd, 4317984.493, 94
Trd, 4317986.443, 95
Trd, 4317986.643, 95
Trd, 4317987.593, 94
Trd, 4317989.493, 95
Trd, 4317990.243, 96
Trd, 4317990.693, 95
Trd, 4317992.543, 97
Trd, 4317992.793, 97
Trd, 4317994.993, 97
Trd, 4317996.343, 99
Trd, 4317996.393, 98
Trd, 4317997.743, 98
Trd, 4317998.693, 97
Trd, 4317999.593, 95
Trd, 4318002.393, 97
Trd, 4318005.043, 99
Trd, 4318006.243, 97
Trd, 4318007.093, 98
Trd, 4318008.093, 99
Trd, 4318009.043, 99
Trd, 4318009.443, 99
Trd, 4318011.593, 101
Trd, 4318012.993, 105
Trd, 4318013.093, 104
Trd, 4318014.293, 103
Trd, 4318016.293, 101
Trd, 4318016.343, 100
Trd, 4318017.243, 104
Trd, 4318019.393, 106
Trd, 4318019.743, 105
Trd, 4318020.843, 105
Trd, 4318024.393, 100
Trd, 4318024.693, 101
Trd, 4318024.793, 101
Trd, 4318027.193, 96
Trd, 4318027.743, 96
Trd, 4318027.893, 96
Trd, 4318028.993, 97
Trd, 4318029.993, 96
Trd, 4318032.643, 98
Trd, 4318033.543, 96
Trd, 4318035.043, 97
Trd, 4318035.993, 97
Trd, 4318037.893, 96
Trd, 4318038.093, 97
Trd, 4318039.793, 98
Trd, 4318040.943, 96
Trd, 4318041.843, 97
Trd, 4318042.543, 97
Trd, 4318045.893, 104
Trd, 4318046.193, 103
Trd, 4318047.543, 103
Trd, 4318048.743, 102
Trd, 4318049.043, 103
Trd, 4318051.293, 103
Trd, 4318051.393, 102
Trd, 4318052.543, 105
Trd, 4318054.893, 106
Trd, 4318056.593, 107
Trd, 4318057.843, 105
Trd, 4318058.593, 105
Trd, 4318059.393, 104
Trd, 4318062.693, 100
Trd, 4318063.893, 100
Trd, 4318064.793, 100
Trd, 4318065.293, 100
Trd, 4318067.593, 100
Trd, 4318068.143, 100
Trd, 4318069.143, 99
Trd, 4318070.193, 95
Trd, 4318073.043, 94
Trd, 4318073.693, 94
Trd, 4318075.543, 94
Trd, 4318076.243, 94
Trd, 4318077.693, 94
Trd, 4318077.893, 95
Trd, 4318078.243, 97
Trd, 4318078.693, 97
Trd, 4318080.043, 100
Trd, 4318080.493, 100
Trd, 4318083.593, 105
Trd, 4318084.193, 104
Trd, 4318084.743, 104
Trd, 4318085.143, 104
Trd, 4318088.643, 102
Trd, 4318089.443, 101
Trd, 4318089.943, 101
Trd, 4318091.693, 101
Trd, 4318092.693, 102
Trd, 4318092.993, 101
Trd, 4318095.843, 103
Trd, 4318098.043, 111
Trd, 4318098.243, 108
Trd, 4318098.493, 109
Trd, 4318100.393, 101
Trd, 4318100.793, 102
Trd, 4318102.343, 100
Trd, 4318103.693, 100
Trd, 4318104.393, 99
Trd, 4318105.543, 99
Trd, 4318106.743, 96
Trd, 4318107.643, 99
Trd, 4318109.943, 100
Trd, 4318110.443, 100
Trd, 4318111.343, 96
Trd, 4318114.193, 101
Trd, 4318117.993, 100
Trd, 4318118.393, 101
Trd, 4318118.743, 100
Trd, 4318118.993, 102
Trd, 4318120.993, 104
Trd, 4318121.393, 104
Trd, 4318122.893, 103
Trd, 4318123.393, 102
Trd, 4318125.693, 104
Trd, 4318126.393, 104
Trd, 4318128.643, 98
Trd, 4318129.043, 97
Trd, 4318129.693, 99
Trd, 4318129.743, 98
Trd, 4318132.743, 97
Trd, 4318133.043, 97
Trd, 4318133.743, 96
Trd, 4318134.043, 95
Trd, 4318135.843, 97
Trd, 4318138.093, 96
Trd, 4318138.543, 94
Trd, 4318139.493, 95
Trd, 4318142.293, 94
Trd, 4318142.693, 95
Trd, 4318143.193, 95
Trd, 4318143.343, 93
Trd, 4318146.043, 94
Trd, 4318146.293, 93
Trd, 4318146.743, 95
Trd, 4318147.793, 96
Trd, 4318148.793, 93
Trd, 4318149.493, 94
Trd, 4318150.443, 95
Trd, 4318150.993, 94
Trd, 4318153.093, 95
Trd, 4318154.543, 94
Trd, 4318155.993, 95
Trd, 4318157.393, 95
Trd, 4318158.993, 95
Trd, 4318159.443, 95
Trd, 4318160.193, 96
Trd, 4318160.243, 96
Trd, 4318161.743, 96
Trd, 4318162.893, 96
Trd, 4318164.493, 97
Trd, 4318165.843, 97
Trd, 4318166.193, 99
Trd, 4318169.893, 101
Trd, 4318171.193, 105
Trd, 4318172.293, 104
Trd, 4318172.343, 104
Trd, 4318174.593, 101
Trd, 4318175.193, 104
Trd, 4318175.993, 102
Trd, 4318178.093, 102
Trd, 4318180.443, 105
Trd, 4318181.693, 108
Trd, 4318182.093, 107
Trd, 4318182.943, 106
Trd, 4318184.243, 106
Trd, 4318184.393, 105
Trd, 4318186.293, 100
Trd, 4318186.643, 97
Trd, 4318186.743, 99
Trd, 4318190.293, 105
Trd, 4318190.643, 104
Trd, 4318191.893, 101
Trd, 4318193.193, 104
Trd, 4318193.743, 104
Trd, 4318198.293, 104
Trd, 4318198.793, 103
Trd, 4318200.043, 104
Trd, 4318201.193, 104
Trd, 4318201.593, 104
Trd, 4318202.043, 104
Trd, 4318203.893, 103
Trd, 4318204.793, 103
Trd, 4318205.293, 102
Trd, 4318208.693, 98
Trd, 4318209.193, 96
Trd, 4318210.593, 98
Trd, 4318211.093, 98
Trd, 4318211.943, 98
Trd, 4318213.493, 97
Trd, 4318215.093, 98
Trd, 4318215.793, 98
Trd, 4318217.593, 102
Trd, 4318217.693, 101
Trd, 4318218.143, 101
Trd, 4318219.993, 100
Trd, 4318221.493, 99
Trd, 4318224.143, 99
Trd, 4318225.693, 97
Trd, 4318226.243, 98
Trd, 4318226.593, 98
Trd, 4318228.793, 98
Trd, 4318230.443, 98
Trd, 4318233.193, 96
Trd, 4318234.143, 97
Trd, 4318234.193, 96
Trd, 4318236.643, 96
Trd, 4318237.143, 96
Trd, 4318237.243, 95
Trd, 4318238.993, 95
Trd, 4318243.043, 103
Trd, 4318243.093, 102
Trd, 4318243.893, 104
Trd, 4318244.543, 104
Trd, 4318245.943, 104
Trd, 4318247.993, 98
Trd, 4318251.693, 101
Trd, 4318251.943, 102
Trd, 4318252.943, 103
Trd, 4318253.393, 103
Trd, 4318254.543, 102
Trd, 4318256.443, 101
Trd, 4318257.343, 102
Trd, 4318257.893, 101
Trd, 4318261.043, 101
Trd, 4318261.793, 100
Trd, 4318264.093, 101
Trd, 4318264.443, 101
Trd, 4318266.043, 99
Trd, 4318266.093, 98
Trd, 4318267.143, 98
Trd, 4318268.843, 96
Trd, 4318269.193, 96
Trd, 4318270.343, 96
Trd, 4318271.543, 95
Trd, 4318273.543, 97
Trd, 4318276.093, 97
Trd, 4318276.293, 98
Trd, 4318277.393, 97
Trd, 4318280.393, 96
Trd, 4318282.343, 96
Trd, 4318282.843, 96
Trd, 4318282.943, 95
Trd, 4318284.493, 96
Trd, 4318286.043, 97
Trd, 4318287.343, 96
Trd, 4318288.293, 96
Trd, 4318289.093, 95
Trd, 4318290.693, 94
Trd, 4318294.193, 95
Trd, 4318294.493, 96
Trd, 4318294.893, 97
Trd, 4318295.993, 95
Trd, 4318298.643, 96
Trd, 4318299.293, 96
Trd, 4318300.493, 94
Trd, 4318300.693, 94
Trd, 4318301.043, 94
Trd, 4318302.493, 95
Trd, 4318304.443, 95
Trd, 4318305.293, 96
Trd, 4318306.493, 95
Trd, 4318308.593, 94
Trd, 4318310.043, 94
Trd, 4318312.943, 95
Trd, 4318313.693, 94
Trd, 4318314.493, 94
Trd, 4318314.893, 94
Trd, 4318315.443, 94
Trd, 4318317.793, 93
Trd, 4318321.893, 94
Trd, 4318322.643, 94
Trd, 4318324.393, 94
Trd, 4318325.243, 94
Trd, 4318326.393, 95
Trd, 4318327.893, 95
Trd, 4318328.993, 98
Trd, 4318330.293, 100
Trd, 4318332.943, 103
Trd, 4318335.143, 104
Trd, 4318335.393, 104
Trd, 4318337.043, 106
Trd, 4318338.143, 106
Trd, 4318338.993, 107
Trd, 4318341.093, 97
Trd, 4318343.293, 101
Trd, 4318343.693, 100
Trd, 4318347.243, 101
Trd, 4318347.593, 101
Trd, 4318348.193, 100
Trd, 4318349.693, 101
Trd, 4318350.593, 101
Trd, 4318351.693, 102
Trd, 4318353.193, 102
Trd, 4318353.843, 103
Trd, 4318354.693, 103
Trd, 4318356.793, 103
Trd, 4318357.443, 103
Trd, 4318357.793, 95
Trd, 4318360.493, 99
Trd, 4318360.943, 100
Trd, 4318361.093, 99
Trd, 4318364.243, 100
Trd, 4318366.943, 100
Trd, 4318367.143, 100
Trd, 4318367.393, 100
Trd, 4318369.893, 99
Trd, 4318370.593, 98
Trd, 4318371.193, 99
Trd, 4318371.943, 98
Trd, 4318373.743, 98
Trd, 4318376.693, 99
Trd, 4318376.993, 98
Trd, 4318377.193, 98
Trd, 4318377.943, 98
Trd, 4318381.693, 104
Trd, 4318382.443, 103
Trd, 4318382.593, 102
Trd, 4318383.493, 103
Trd, 4318385.293, 101
Trd, 4318386.943, 101
Trd, 4318389.093, 102
Trd, 4318390.243, 101
Trd, 4318390.593, 101
Trd, 4318392.343, 105
Trd, 4318393.493, 107
Trd, 4318394.893, 104
Trd, 4318396.243, 104
Trd, 4318396.343, 104
Trd, 4318396.893, 104
Trd, 4318400.343, 89
Trd, 4318401.443, 94
Trd, 4318402.043, 90
Trd, 4318403.993, 86
Trd, 4318405.393, 86
Trd, 4318406.343, 88
Trd, 4318407.993, 91
Trd, 4318409.243, 94
Trd, 4318410.143, 98
Trd, 4318410.193, 97
Trd, 4318410.493, 97
Trd, 4318412.393, 95
Trd, 4318413.243, 96
Trd, 4318415.243, 98
Trd, 4318415.543, 97
Trd, 4318417.043, 100
Trd, 4318418.243, 100
Trd, 4318419.543, 100
Trd, 4318420.343, 99
Trd, 4318421.443, 98
Trd, 4318423.993, 97
Trd, 4318424.493, 98
Trd, 4318425.143, 99
Trd, 4318429.393, 112
Trd, 4318429.593, 110
Trd, 4318431.443, 109
Trd, 4318432.493, 106
Trd, 4318432.893, 105
Trd, 4318433.843, 99
Trd, 4318436.193, 99
Trd, 4318436.943, 100
Trd, 4318438.793, 100
Trd, 4318440.193, 101
Trd, 4318440.293, 100
Trd, 4318443.493, 101
Trd, 4318443.693, 100
Trd, 4318444.543, 101
Trd, 4318444.693, 101
Trd, 4318445.143, 100
Trd, 4318446.993, 98
Trd, 4318448.843, 97
Trd, 4318449.143, 96
Trd, 4318450.343, 95
Trd, 4318451.293, 96
Trd, 4318454.993, 95
Trd, 4318455.943, 96
Trd, 4318456.893, 95
Trd, 4318457.093, 96
Trd, 4318458.743, 100
Trd, 4318460.393, 102
Trd, 4318460.943, 100
Trd, 4318462.743, 100
Trd, 4318463.793, 99
Trd, 4318463.993, 97
Trd, 4318466.093, 98
Trd, 4318466.693, 97
Trd, 4318467.143, 97
Trd, 4318470.593, 89
Trd, 4318470.993, 89
Trd, 4318472.043, 91
Trd, 4318472.693, 91
Trd, 4318474.393, 93
Trd, 4318474.993, 93
Trd, 4318475.143, 93
Trd, 4318477.293, 93
Trd, 4318478.293, 92
Trd, 4318480.443, 92
Trd, 4318481.243, 93
Trd, 4318481.993, 93
Trd, 4318482.543, 92
Trd, 4318483.193, 93
Trd, 4318485.093, 95
Trd, 4318486.743, 93
Trd, 4318488.193, 93
Trd, 4318491.843, 95
Trd, 4318492.943, 95
Trd, 4318494.843, 99
Trd, 4318496.843, 97
Trd, 4318497.143, 98
Trd, 4318498.243, 97
Trd, 4318500.143, 98
Trd, 4318501.093, 97
Trd, 4318501.543, 96
Trd, 4318502.793, 96
Trd, 4318504.393, 83
Trd, 4318505.393, 84
Trd, 4318505.643, 89
Trd, 4318509.543, 85
Trd, 4318509.943, 86
Trd, 4318511.293, 86
Trd, 4318512.443, 87
Trd, 4318513.493, 86
Trd, 4318514.343, 87
Trd, 4318516.143, 87
Trd, 4318516.743, 88
Trd, 4318519.743, 88
Trd, 4318521.943, 89
Trd, 4318522.943, 88
Trd, 4318523.943, 88
Trd, 4318525.193, 87
Trd, 4318526.693, 88
Trd, 4318530.643, 88
Trd, 4318530.793, 87
Trd, 4318531.493, 86
Trd, 4318533.143, 91
Trd, 4318535.993, 90
Trd, 4318537.843, 98
Trd, 4318538.143, 97
Trd, 4318539.543, 102
Trd, 4318540.943, 104
Trd, 4318541.443, 106
Trd, 4318542.443, 106
Trd, 4318543.943, 106
Trd, 4318545.893, 107
Trd, 4318547.193, 106
Trd, 4318547.393, 106
Trd, 4318547.693, 104
Trd, 4318550.693, 101
Trd, 4318550.793, 100
Trd, 4318551.243, 101
Trd, 4318551.293, 100
Trd, 4318552.893, 97
Trd, 4318556.093, 99
Trd, 4318556.393, 100
Trd, 4318558.143, 98
Trd, 4318558.993, 99
Trd, 4318559.543, 100
Trd, 4318560.843, 98
Trd, 4318561.993, 96
Trd, 4318564.193, 98
Trd, 4318566.143, 97
Trd, 4318567.693, 99
Trd, 4318571.443, 97
Trd, 4318572.193, 97
Trd, 4318572.743, 95
Trd, 4318575.193, 96
Trd, 4318576.393, 97
Trd, 4318577.243, 97
Trd, 4318577.943, 97
Trd, 4318579.943, 97
Trd, 4318580.943, 97
Trd, 4318581.793, 96
Trd, 4318583.893, 96
Trd, 4318584.693, 97
Trd, 4318585.893, 96
Trd, 4318587.493, 98
Trd, 4318588.193, 98
Trd, 4318588.593, 97
Trd, 4318590.593, 98
Trd, 4318592.243, 99
Trd, 4318592.993, 99
Trd, 4318593.243, 99
Trd, 4318594.693, 98
Trd, 4318596.443, 99
Trd, 4318597.693, 98
Trd, 4318598.293, 96
Trd, 4318599.493, 97
Trd, 4318599.943, 98
Trd, 4318602.343, 97
Trd, 4318604.293, 97
Trd, 4318605.943, 96
Trd, 4318608.443, 96
Trd, 4318608.693, 96
Trd, 4318608.743, 95
Trd, 4318612.343, 95
Trd, 4318613.643, 96
Trd, 4318615.743, 101
Trd, 4318615.893, 100
Trd, 4318616.793, 100
Trd, 4318616.893, 100
Trd, 4318619.543, 99
Trd, 4318621.393, 100
Trd, 4318622.643, 99
Trd, 4318623.793, 106
Trd, 4318624.593, 101
Trd, 4318627.093, 101
Trd, 4318627.693, 104
Trd, 4318628.393, 107
Trd, 4318628.743, 108
Trd, 4318629.943, 107
Trd, 4318631.893, 105
Trd, 4318633.193, 90
Trd, 4318636.743, 83
Trd, 4318637.193, 83
Trd, 4318637.843, 84
Trd, 4318640.593, 88
Trd, 4318641.143, 89
Trd, 4318643.543, 93
Trd, 4318644.893, 94
Trd, 4318646.243, 94
Trd, 4318646.943, 94
Trd, 4318647.043, 93
Trd, 4318651.143, 99
Trd, 4318651.693, 98
Trd, 4318652.893, 98
Trd, 4318654.543, 98
Trd, 4318655.343, 97
Trd, 4318657.593, 98
Trd, 4318657.693, 98
Trd, 4318659.243, 98
Trd, 4318660.643, 98
Trd, 4318660.993, 97
Trd, 4318662.993, 100
Trd, 4318665.593, 99
Trd, 4318666.143, 98
Trd, 4318668.193, 98
Trd, 4318668.543, 98
Trd, 4318669.593, 97
Trd, 4318671.243, 98
Trd, 4318672.943, 98
Trd, 4318673.943, 97
Trd, 4318674.393, 98
Trd, 4318674.943, 100
Trd, 4318678.193, 99
Trd, 4318679.243, 100
Trd, 4318680.043, 101
Trd, 4318680.343, 100
Trd, 4318681.943, 99
Trd, 4318684.093, 100
Trd, 4318685.743, 101
Trd, 4318687.793, 101
Trd, 4318689.343, 101
Trd, 4318689.893, 99
Trd, 4318691.293, 99
Trd, 4318693.543, 98
Trd, 4318693.943, 99
Trd, 4318697.093, 98
Trd, 4318697.293, 97
Trd, 4318700.143, 99
Trd, 4318701.043, 99
Trd, 4318701.193, 99
Trd, 4318702.343, 99
Trd, 4318702.443, 98
Trd, 4318705.543, 99
Trd, 4318706.743, 99
Trd, 4318707.593, 95
Trd, 4318709.093, 97
Trd, 4318710.343, 96
Trd, 4318712.143, 96
Trd, 4318712.343, 95
Trd, 4318713.193, 95
Trd, 4318715.743, 96
Trd, 4318716.243, 96
Trd, 4318717.493, 94
Trd, 4318717.693, 93
Trd, 4318718.693, 91
Trd, 4318719.493, 92
Trd, 4318721.943, 93
Trd, 4318722.243, 92
Trd, 4318723.343, 92
Trd, 4318724.593, 91
Trd, 4318724.993, 92
Trd, 4318726.343, 92
Trd, 4318727.543, 94
Trd, 4318728.893, 94
Trd, 4318729.843, 95
Trd, 4318732.993, 95
Trd, 4318735.043, 96
Trd, 4318735.493, 96
Trd, 4318736.443, 96
Trd, 4318737.543, 96
Trd, 4318739.643, 95
Trd, 4318740.043, 96
Trd, 4318741.643, 94
Trd, 4318742.043, 91
Trd, 4318742.893, 83
Trd, 4318743.693, 81
Trd, 4318746.493, 81
Trd, 4318749.343, 89
Trd, 4318750.593, 91
Trd, 4318751.443, 89
Trd, 4318753.043, 90
Trd, 4318755.243, 91
Trd, 4318756.593, 93
Trd, 4318756.943, 92
Trd, 4318757.743, 98
Trd, 4318758.243, 93
Trd, 4318760.693, 85
Trd, 4318760.893, 86
Trd, 4318762.393, 89
Trd, 4318762.693, 89
Trd, 4318766.793, 95
Trd, 4318766.993, 95
Trd, 4318768.043, 95
Trd, 4318770.543, 95
Trd, 4318771.243, 94
Trd, 4318771.693, 96
Trd, 4318772.743, 96
Trd, 4318773.693, 95
Trd, 4318773.943, 95
Trd, 4318775.643, 95
Trd, 4318776.593, 95
Trd, 4318779.243, 95
Trd, 4318780.493, 95
Trd, 4318781.993, 95
Trd, 4318782.143, 94
Trd, 4318785.643, 96
Trd, 4318785.693, 95
Trd, 4318787.193, 95
Trd, 4318788.743, 95
Trd, 4318790.543, 100
Trd, 4318791.193, 101
Trd, 4318791.693, 101
Trd, 4318792.643, 95
Trd, 4318792.743, 98
Trd, 4318795.243, 98
Trd, 4318795.343, 98
Trd, 4318798.343, 88
Trd, 4318801.193, 92
Trd, 4318802.843, 94
Trd, 4318803.293, 94
Trd, 4318803.943, 95
Trd, 4318804.693, 95
Trd, 4318807.143, 99
Trd, 4318809.093, 101
Trd, 4318809.493, 100
Trd, 4318810.393, 102
Trd, 4318810.643, 102
Trd, 4318812.593, 102
Trd, 4318813.493, 99
Trd, 4318816.043, 98
Trd, 4318817.493, 97
Trd, 4318818.593, 98
Trd, 4318818.743, 97
Trd, 4318820.143, 96
Trd, 4318820.543, 96
Trd, 4318822.043, 103
Trd, 4318824.893, 96
Trd, 4318826.293, 98
Trd, 4318827.143, 97
Trd, 4318828.543, 98
Trd, 4318829.243, 99
Trd, 4318830.893, 99
Trd, 4318832.443, 99
Trd, 4318833.443, 98
Trd, 4318833.993, 98
Trd, 4318834.543, 98
Trd, 4318835.343, 99
Trd, 4318838.493, 99
Trd, 4318839.793, 99
Trd, 4318840.393, 98
Trd, 4318842.793, 98
Trd, 4318843.743, 97
Trd, 4318844.593, 98
Trd, 4318846.393, 98
Trd, 4318847.993, 95
Trd, 4318850.743, 95
Trd, 4318852.543, 96
Trd, 4318855.443, 96
Trd, 4318856.343, 95
Trd, 4318856.843, 95
Trd, 4318857.693, 95
Trd, 4318859.843, 95
Trd, 4318860.443, 94
Trd, 4318861.143, 94
Trd, 4318862.343, 93
Trd, 4318862.893, 92
Trd, 4318864.943, 96
Trd, 4318866.993, 95
Trd, 4318867.943, 94
Trd, 4318869.593, 95
Trd, 4318870.693, 96
Trd, 4318871.543, 96
Trd, 4318875.843, 96
Trd, 4318876.343, 96
Trd, 4318878.043, 95
Trd, 4318878.793, 96
Trd, 4318878.943, 96
Trd, 4318880.693, 94
Trd, 4318881.993, 95
Trd, 4318884.293, 95
Trd, 4318884.693, 94
Trd, 4318886.943, 95
Trd, 4318887.193, 95
Trd, 4318887.543, 95
Trd, 4318889.443, 95
Trd, 4318889.693, 95
Trd, 4318890.393, 96
Trd, 4318891.543, 96
Trd, 4318893.093, 95
Trd, 4318894.143, 95
Trd, 4318895.993, 96
Trd, 4318896.943, 96
Trd, 4318897.243, 97
Trd, 4318897.693, 98
Trd, 4318899.943, 97
Trd, 4318901.743, 100
Trd, 4318903.143, 100
Trd, 4318905.543, 102
Trd, 4318906.543, 101
Trd, 4318907.543, 100
Trd, 4318909.193, 101
Trd, 4318909.743, 99
Trd, 4318911.993, 99
Trd, 4318912.493, 100
Trd, 4318912.693, 100
Trd, 4318913.143, 100
Trd, 4318915.893, 104
Trd, 4318916.193, 104
Trd, 4318919.243, 102
Trd, 4318919.493, 103
Trd, 4318919.593, 101
Trd, 4318921.793, 102
Trd, 4318922.793, 104
Trd, 4318922.993, 103
Trd, 4318924.993, 102
Trd, 4318925.693, 102
Trd, 4318927.943, 102
Trd, 4318928.393, 102
Trd, 4318929.443, 100
Trd, 4318930.443, 101
Trd, 4318931.343, 100
Trd, 4318933.943, 90
Trd, 4318935.643, 92
Trd, 4318937.343, 92
Trd, 4318937.843, 93
Trd, 4318938.693, 95
Trd, 4318939.693, 95
Trd, 4318942.093, 96
Trd, 4318943.843, 101
Trd, 4318944.193, 100
Trd, 4318946.243, 101
Trd, 4318948.393, 102
Trd, 4318949.643, 99
Trd, 4318949.793, 99
Trd, 4318951.343, 103
Trd, 4318952.093, 102
Trd, 4318953.443, 100
Trd, 4318954.793, 101
Trd, 4318955.493, 100
Trd, 4318957.593, 88
Trd, 4318957.993, 92
Trd, 4318961.793, 93
Trd, 4318962.093, 93
Trd, 4318962.293, 95
Trd, 4318963.843, 97
Trd, 4318964.343, 97
Trd, 4318964.493, 96
Trd, 4318968.043, 95
Trd, 4318969.393, 95
Trd, 4318970.293, 95
Trd, 4318971.293, 95
Trd, 4318971.943, 94
Trd, 4318974.843, 93
Trd, 4318975.593, 95
Trd, 4318978.293, 95
Trd, 4318978.893, 98
Trd, 4318980.593, 98
Trd, 4318982.893, 96
Trd, 4318985.543, 96
Trd, 4318985.793, 95
Trd, 4318987.793, 95
Trd, 4318989.243, 95
Trd, 4318989.493, 94
Trd, 4318990.893, 95
Trd, 4318991.793, 95
Trd, 4318994.143, 96
Trd, 4318994.493, 97
Trd, 4318995.043, 96
Trd, 4318996.943, 94
Trd, 4318997.943, 93
Trd, 4319000.843, 96
Trd, 4319001.193, 96
Trd, 4319003.393, 97
Trd, 4319003.943, 98
Trd, 4319005.143, 99
Trd, 4319005.243, 98
Trd, 4319007.643, 98
Trd, 4319009.843, 99
Trd, 4319010.793, 100
Trd, 4319011.343, 100
Trd, 4319013.993, 104
Trd, 4319015.143, 104
Trd, 4319015.343, 103
Trd, 4319015.443, 104
Trd, 4319017.443, 104
Trd, 4319019.093, 100
Trd, 4319019.243, 101
Trd, 4319020.843, 95
Trd, 4319022.093, 95
Trd, 4319023.393, 96
Trd, 4319025.993, 97
Trd, 4319026.993, 96
Trd, 4319028.193, 97
Trd, 4319028.493, 97
Trd, 4319028.893, 96
Trd, 4319029.843, 97
Trd, 4319031.593, 96
Trd, 4319034.843, 100
Trd, 4319034.893, 99
Trd, 4319036.093, 100
Trd, 4319036.493, 101
Trd, 4319038.493, 101
Trd, 4319038.693, 99
Trd, 4319039.593, 84
Trd, 4319041.293, 92
Trd, 4319041.993, 91
Trd, 4319042.593, 89
Trd, 4319043.743, 88
Trd, 4319045.843, 85
Trd, 4319047.943, 80
Trd, 4319048.793, 81
Trd, 4319051.893, 82
Trd, 4319052.893, 84
Trd, 4319056.793, 93
Trd, 4319056.893, 91
Trd, 4319057.793, 91
Trd, 4319060.393, 90
Trd, 4319061.443, 90
Trd, 4319061.593, 90
Trd, 4319062.243, 90
Trd, 4319065.993, 89
Trd, 4319066.493, 92
Trd, 4319067.743, 96
Trd, 4319068.893, 95
Trd, 4319070.043, 93
Trd, 4319072.593, 94
Trd, 4319074.043, 94
Trd, 4319075.543, 95
Trd, 4319076.943, 95
Trd, 4319077.443, 95
Trd, 4319078.593, 95
Trd, 4319080.243, 100
Trd, 4319081.693, 101
Trd, 4319082.743, 106
Trd, 4319083.943, 104
Trd, 4319085.793, 97
Trd, 4319087.093, 97
Trd, 4319087.443, 97
Trd, 4319088.193, 98
Trd, 4319088.843, 97
Trd, 4319090.643, 98
Trd, 4319090.943, 98
Trd, 4319095.243, 98
Trd, 4319095.943, 97
Trd, 4319098.193, 98
Trd, 4319098.893, 98
Trd, 4319099.843, 94
Trd, 4319102.293, 95
Trd, 4319103.943, 95
Trd, 4319104.443, 95
Trd, 4319105.443, 96
Trd, 4319105.893, 97
Trd, 4319108.243, 98
Trd, 4319110.043, 97
Trd, 4319111.343, 99
Trd, 4319114.693, 99
Trd, 4319115.343, 100
Trd, 4319116.193, 100
Trd, 4319116.543, 98
Trd, 4319118.493, 100
Trd, 4319119.443, 101
Trd, 4319119.943, 101
Trd, 4319121.893, 97
Trd, 4319124.393, 100
Trd, 4319125.093, 100
Trd, 4319127.043, 101
Trd, 4319127.243, 100
Trd, 4319128.493, 100
Trd, 4319129.943, 100
Trd, 4319132.843, 101
Trd, 4319132.943, 101
Trd, 4319133.043, 100
Trd, 4319135.443, 101
Trd, 4319136.543, 99
Trd, 4319137.543, 99
Trd, 4319139.443, 96
Trd, 4319140.093, 97
Trd, 4319141.293, 95
Trd, 4319141.943, 94
Trd, 4319143.643, 104
Trd, 4319144.943, 105
Trd, 4319145.093, 104
Trd, 4319146.393, 104
Trd, 4319148.343, 106
Trd, 4319148.743, 106
Trd, 4319149.043, 105
Trd, 4319149.343, 104
Trd, 4319153.243, 109
Trd, 4319153.843, 109
Trd, 4319155.193, 108
Trd, 4319156.343, 110
Trd, 4319157.393, 109
Trd, 4319158.643, 110
Trd, 4319159.593, 109
Trd, 4319161.943, 99
Trd, 4319162.343, 98
Trd, 4319162.893, 99
Trd, 4319163.493, 99
Trd, 4319165.493, 98
Trd, 4319166.493, 98
Trd, 4319166.793, 97
Trd, 4319167.543, 97
Trd, 4319171.443, 98
Trd, 4319171.493, 97
Trd, 4319172.343, 97
Trd, 4319175.743, 95
Trd, 4319176.243, 94
Trd, 4319177.693, 96
Trd, 4319178.793, 99
Trd, 4319179.643, 98
Trd, 4319179.743, 98
Trd, 4319180.243, 98
Trd, 4319183.143, 101
Trd, 4319184.093, 101
Trd, 4319184.443, 101
Trd, 4319186.293, 102
Trd, 4319187.393, 102
Trd, 4319189.493, 104
Trd, 4319190.043, 104
Trd, 4319190.343, 105
Trd, 4319190.943, 105
Trd, 4319194.143, 107
Trd, 4319194.693, 104
Trd, 4319196.243, 104
Trd, 4319196.543, 106
Trd, 4319198.143, 106
Trd, 4319199.293, 104
Trd, 4319201.543, 106
Trd, 4319201.993, 106
Trd, 4319203.693, 105
Trd, 4319204.343, 106
Trd, 4319204.643, 105
Trd, 4319205.343, 104
Trd, 4319207.193, 101
Trd, 4319207.393, 103
Trd, 4319208.443, 97
Trd, 4319211.293, 100
Trd, 4319213.843, 100
Trd, 4319214.893, 101
Trd, 4319216.043, 99
Trd, 4319218.643, 99
Trd, 4319220.143, 99
Trd, 4319220.993, 99
Trd, 4319222.743, 98
Trd, 4319223.693, 99
Trd, 4319224.343, 99
Trd, 4319225.093, 99
Trd, 4319227.493, 98
Trd, 4319228.393, 90
Trd, 4319229.093, 90
Trd, 4319230.143, 89
Trd, 4319231.093, 90
Trd, 4319233.243, 94
Trd, 4319233.643, 94
Trd, 4319233.793, 95
Trd, 4319237.793, 110
Trd, 4319238.643, 111
Trd, 4319239.343, 108
Trd, 4319239.493, 108
Trd, 4319242.043, 105
Trd, 4319243.393, 95
Trd, 4319244.293, 97
Trd, 4319244.793, 96
Trd, 4319246.493, 97
Trd, 4319247.243, 96
Trd, 4319248.043, 97
Trd, 4319249.593, 96
Trd, 4319252.843, 108
Trd, 4319253.293, 107
Trd, 4319255.293, 99
Trd, 4319255.543, 100
Trd, 4319257.093, 100
Trd, 4319258.493, 98
Trd, 4319259.793, 96
Trd, 4319263.893, 96
Trd, 4319264.793, 98
Trd, 4319265.043, 97
Trd, 4319265.693, 98
Trd, 4319266.093, 99
Trd, 4319266.343, 95
Trd, 4319268.943, 98
Trd, 4319270.643, 99
Trd, 4319271.493, 97
Trd, 4319272.743, 98
Trd, 4319273.293, 97
Trd, 4319274.243, 97
Trd, 4319275.493, 97
Trd, 4319275.943, 97
Trd, 4319277.693, 96
Trd, 4319281.093, 97
Trd, 4319281.343, 95
Trd, 4319281.993, 97
Trd, 4319283.043, 96
Trd, 4319283.593, 97
Trd, 4319285.293, 96
Trd, 4319286.743, 97
Trd, 4319287.593, 97
Trd, 4319288.793, 97
Trd, 4319289.343, 96
Trd, 4319292.943, 95
Trd, 4319293.443, 94
Trd, 4319294.293, 93
Trd, 4319295.093, 91
Trd, 4319297.293, 89
Trd, 4319299.743, 86
Trd, 4319300.793, 86
Trd, 4319300.843, 85
Trd, 4319303.293, 86
Trd, 4319304.443, 86
Trd, 4319305.193, 86
Trd, 4319306.793, 87
Trd, 4319311.093, 98
Trd, 4319311.443, 98
Trd, 4319312.643, 98
Trd, 4319315.143, 94
Trd, 4319315.193, 95
Trd, 4319317.543, 96
Trd, 4319317.793, 95
Trd, 4319318.293, 95
Trd, 4319318.993, 96
Trd, 4319321.343, 97
Trd, 4319323.143, 96
Trd, 4319323.543, 95
Trd, 4319323.993, 95
Trd, 4319324.693, 95
Trd, 4319325.393, 95
Trd, 4319330.443, 95
Trd, 4319330.693, 94
Trd, 4319331.143, 95
Trd, 4319331.443, 94
Trd, 4319334.643, 96
Trd, 4319334.743, 96
Trd, 4319335.943, 100
Trd, 4319336.993, 100
Trd, 4319338.593, 102
Trd, 4319340.393, 102
Trd, 4319340.593, 100
Trd, 4319342.893, 101
Trd, 4319343.443, 101
Trd, 4319344.043, 100
Trd, 4319346.243, 96
Trd, 4319349.043, 100
Trd, 4319349.393, 99
Trd, 4319349.693, 97
Trd, 4319350.893, 97
Trd, 4319352.543, 96
Trd, 4319352.993, 96
Trd, 4319354.143, 96
Trd, 4319354.693, 95
Trd, 4319355.143, 95
Trd, 4319356.443, 95
Trd, 4319357.493, 94
Trd, 4319359.793, 95
Trd, 4319359.993, 95
Trd, 4319361.493, 94
Trd, 4319361.693, 93
Trd, 4319364.143, 94
Trd, 4319365.743, 95
Trd, 4319365.843, 94
Trd, 4319368.193, 95
Trd, 4319370.393, 94
Trd, 4319372.193, 95
Trd, 4319372.993, 95
Trd, 4319373.043, 95
Trd, 4319374.293, 95
Trd, 4319375.643, 94
Trd, 4319377.293, 85
Trd, 4319377.393, 86
Trd, 4319380.043, 89
Trd, 4319382.193, 96
Trd, 4319382.793, 99
Trd, 4319382.843, 97
Trd, 4319383.193, 97
Trd, 4319384.793, 96
Trd, 4319385.543, 97
Trd, 4319386.643, 97
Trd, 4319387.343, 98
Trd, 4319387.493, 97
Trd, 4319389.843, 96
Trd, 4319390.243, 94
Trd, 4319392.493, 96
Trd, 4319392.993, 95
Trd, 4319395.043, 93
Trd, 4319397.043, 95
Trd, 4319398.443, 94
Trd, 4319399.643, 94
Trd, 4319400.993, 95
Trd, 4319401.993, 93
Trd, 4319402.743, 92
Trd, 4319404.893, 93
Trd, 4319407.193, 93
Trd, 4319407.793, 93
Trd, 4319410.043, 93
Trd, 4319412.343, 93
Trd, 4319412.743, 93
Trd, 4319413.393, 94
Trd, 4319414.543, 93
Trd, 4319415.993, 94
Trd, 4319418.143, 93
Trd, 4319418.443, 93
Trd, 4319420.443, 95
Trd, 4319420.793, 94
Trd, 4319425.193, 96
Trd, 4319425.993, 98
Trd, 4319426.293, 98
Trd, 4319427.293, 98
Trd, 4319427.593, 95
Trd, 4319427.843, 96
Trd, 4319428.643, 96
Trd, 4319431.543, 95
Trd, 4319431.593, 94
Trd, 4319433.543, 91
Trd, 4319435.243, 78
Trd, 4319435.893, 82
Trd, 4319437.743, 80
Trd, 4319438.343, 83
Trd, 4319439.243, 82
Trd, 4319442.793, 98
Trd, 4319444.593, 102
Trd, 4319445.093, 102
Trd, 4319445.493, 101
Trd, 4319446.643, 103
Trd, 4319449.443, 102
Trd, 4319450.093, 101
Trd, 4319451.693, 102
Trd, 4319452.493, 101
Trd, 4319453.843, 102
Trd, 4319454.743, 104
Trd, 4319456.543, 106
Trd, 4319457.743, 105
Trd, 4319457.943, 104
Trd, 4319458.343, 105
Trd, 4319461.193, 103
Trd, 4319461.593, 102
Trd, 4319463.943, 103
Trd, 4319464.493, 104
Trd, 4319464.543, 103
Trd, 4319466.343, 101
Trd, 4319467.143, 100
Trd, 4319468.293, 96
Trd, 4319469.993, 97
Trd, 4319470.643, 97
Trd, 4319472.543, 96
Trd, 4319473.543, 96
Trd, 4319476.443, 97
Trd, 4319476.793, 95
Trd, 4319479.193, 95
Trd, 4319479.493, 94
Trd, 4319479.693, 95
Trd, 4319480.043, 96
Trd, 4319481.093, 96
Trd, 4319482.293, 97
Trd, 4319482.543, 96
Trd, 4319486.043, 96
Trd, 4319487.793, 101
Trd, 4319488.143, 101
Trd, 4319488.493, 101
Trd, 4319491.093, 100
Trd, 4319493.493, 100
Trd, 4319493.793, 100
Trd, 4319494.043, 99
Trd, 4319496.693, 100
Trd, 4319497.093, 101
Trd, 4319497.743, 101
Trd, 4319499.793, 99
Trd, 4319500.093, 99
Trd, 4319501.743, 99
Trd, 4319503.543, 98
Trd, 4319504.493, 97
Trd, 4319506.693, 97
Trd, 4319507.243, 96
Trd, 4319507.593, 96
Trd, 4319509.393, 96
Trd, 4319509.593, 95
Trd, 4319510.593, 96
Trd, 4319511.943, 97
Trd, 4319512.993, 96
Trd, 4319514.243, 97
Trd, 4319516.193, 96
Trd, 4319516.693, 95
Trd, 4319517.593, 95
Trd, 4319518.843, 97
Trd, 4319519.343, 96
Trd, 4319520.443, 98
Trd, 4319522.093, 99
Trd, 4319522.893, 100
Trd, 4319523.593, 100
Trd, 4319525.493, 103
Trd, 4319526.293, 100
Trd, 4319526.743, 96
Trd, 4319527.993, 98
Trd, 4319529.743, 97
Trd, 4319530.643, 96
Trd, 4319532.343, 97
Trd, 4319533.743, 104
Trd, 4319533.993, 101
Trd, 4319535.243, 102
Trd, 4319537.293, 102
Trd, 4319540.643, 106
Trd, 4319541.143, 105
Trd, 4319541.643, 104
Trd, 4319544.243, 105
Trd, 4319544.943, 104
Trd, 4319546.043, 103
Trd, 4319546.393, 102
Trd, 4319547.343, 96
Trd, 4319551.893, 102
Trd, 4319551.993, 101
Trd, 4319553.293, 101
Trd, 4319553.593, 100
Trd, 4319555.293, 100
Trd, 4319556.593, 101
Trd, 4319556.693, 101
Trd, 4319557.243, 101
Trd, 4319558.793, 100
Trd, 4319560.243, 101
Trd, 4319561.643, 100
Trd, 4319563.193, 99
Trd, 4319564.343, 96
Trd, 4319566.743, 96
Trd, 4319567.593, 98
Trd, 4319569.943, 98
Trd, 4319571.193, 97
Trd, 4319572.193, 96
Trd, 4319572.843, 95
Trd, 4319573.943, 97
Trd, 4319574.993, 95
Trd, 4319577.143, 94
Trd, 4319579.293, 94
Trd, 4319580.493, 94
Trd, 4319581.843, 94
Trd, 4319583.543, 94
Trd, 4319583.943, 94
Trd, 4319584.793, 94
Trd, 4319588.243, 94
Trd, 4319589.893, 93
Trd, 4319591.593, 94
Trd, 4319591.693, 93
Trd, 4319594.393, 95
Trd, 4319595.593, 95
Trd, 4319597.343, 94
Trd, 4319597.593, 95
Trd, 4319599.543, 95
Trd, 4319600.043, 96
Trd, 4319600.643, 96
Trd, 4319601.543, 95
Trd, 4319604.993, 94
Trd, 4319606.043, 95
Trd, 4319606.443, 96
Trd, 4319606.993, 96
Trd, 4319608.243, 95
Trd, 4319610.593, 96
Trd, 4319611.043, 97
Trd, 4319611.293, 98
Trd, 4319613.343, 96
Trd, 4319616.343, 97
Trd, 4319616.993, 97
Trd, 4319617.543, 96
Trd, 4319619.893, 97
Trd, 4319621.943, 100
Trd, 4319622.893, 101
Trd, 4319623.643, 101
Trd, 4319624.893, 99
Trd, 4319627.343, 83
Trd, 4319628.393, 83
Trd, 4319628.793, 84
Trd, 4319631.043, 87
Trd, 4319632.743, 91
Trd, 4319632.843, 88
Trd, 4319635.843, 92
Trd, 4319637.543, 95
Trd, 4319638.393, 95
Trd, 4319638.593, 93
Trd, 4319640.293, 95
Trd, 4319641.643, 97
Trd, 4319642.893, 98
Trd, 4319643.893, 98
Trd, 4319645.443, 98
Trd, 4319646.343, 97
Trd, 4319648.443, 100
Trd, 4319651.893, 104
Trd, 4319652.993, 103
Trd, 4319653.893, 103
Trd, 4319654.043, 102
Trd, 4319657.043, 96
Trd, 4319658.043, 95
Trd, 4319659.093, 96
Trd, 4319660.393, 95
Trd, 4319661.293, 95
Trd, 4319661.743, 95
Trd, 4319664.093, 95
Trd, 4319664.193, 96
Trd, 4319667.343, 95
Trd, 4319668.143, 94
Trd, 4319668.293, 95
Trd, 4319668.743, 94
Trd, 4319672.143, 104
Trd, 4319672.393, 104
Trd, 4319673.643, 104
Trd, 4319674.793, 103
Trd, 4319676.343, 104
Trd, 4319677.093, 103
Trd, 4319678.043, 104
Trd, 4319678.393, 103
Trd, 4319679.693, 102
Trd, 4319681.493, 99
Trd, 4319683.043, 101
Trd, 4319683.593, 100
Trd, 4319684.793, 100
Trd, 4319686.193, 100
Trd, 4319688.743, 102
Trd, 4319689.093, 102
Trd, 4319690.443, 92
Trd, 4319691.793, 82
Trd, 4319694.243, 84
Trd, 4319694.493, 86
Trd, 4319695.193, 85
Trd, 4319697.343, 89
Trd, 4319699.293, 95
Trd, 4319700.093, 96
Trd, 4319700.393, 96
Trd, 4319702.543, 94
Trd, 4319703.293, 90
Trd, 4319704.693, 79
Trd, 4319704.743, 83
Trd, 4319707.343, 87
Trd, 4319707.943, 88
Trd, 4319709.393, 89
Trd, 4319711.543, 97
Trd, 4319711.843, 97
Trd, 4319713.043, 98
Trd, 4319714.543, 97
Trd, 4319715.593, 97
Trd, 4319716.043, 96
Trd, 4319717.843, 94
Trd, 4319719.793, 94
Trd, 4319721.893, 96
Trd, 4319722.043, 95
Trd, 4319724.093, 95
Trd, 4319724.643, 95
Trd, 4319725.993, 97
Trd, 4319726.593, 101
Trd, 4319727.443, 103
Trd, 4319729.043, 101
Trd, 4319729.293, 101
Trd, 4319730.393, 100
Trd, 4319731.943, 101
Trd, 4319733.243, 102
Trd, 4319734.343, 96
Trd, 4319735.943, 100
Trd, 4319737.143, 99
Trd, 4319740.843, 101
Trd, 4319741.293, 101
Trd, 4319741.743, 102
Trd, 4319742.393, 102
Trd, 4319743.643, 101
Trd, 4319745.043, 101
Trd, 4319748.893, 100
Trd, 4319749.943, 101
Trd, 4319750.693, 101
Trd, 4319750.943, 98
Trd, 4319754.643, 104
Trd, 4319756.343, 105
Trd, 4319756.593, 104
Trd, 4319756.793, 104
Trd, 4319756.893, 105
Trd, 4319760.943, 98
Trd, 4319761.293, 98
Trd, 4319761.743, 98
Trd, 4319763.793, 101
Trd, 4319763.843, 99
Trd, 4319766.243, 98
Trd, 4319766.543, 97
Trd, 4319767.193, 97
Trd, 4319768.443, 97
Trd, 4319769.093, 98
Trd, 4319769.643, 97
Trd, 4319771.243, 98
Trd, 4319773.093, 98
Trd, 4319773.643, 96
Trd, 4319775.943, 95
Trd, 4319776.593, 96
Trd, 4319778.293, 96
Trd, 4319780.393, 95
Trd, 4319784.843, 95
Trd, 4319785.243, 95
Trd, 4319785.643, 96
Trd, 4319786.993, 96
Trd, 4319788.443, 95
Trd, 4319790.093, 95
Trd, 4319790.993, 95
Trd, 4319791.543, 96
Trd, 4319793.243, 96
Trd, 4319794.693, 96
Trd, 4319795.593, 96
Trd, 4319798.243, 97
Trd, 4319799.643, 97
Trd, 4319800.443, 96
Trd, 4319802.043, 96
Trd, 4319802.593, 97
Trd, 4319802.943, 97
Trd, 4319805.743, 95
Trd, 4319807.493, 88
Trd, 4319808.993, 86
Trd, 4319809.193, 87
Trd, 4319809.643, 86
Trd, 4319809.943, 87
Trd, 4319812.543, 87
Trd, 4319813.743, 88
Trd, 4319815.343, 95
Trd, 4319815.743, 96
Trd, 4319817.693, 98
Trd, 4319818.343, 98
Trd, 4319818.793, 97
Trd, 4319820.793, 97
Trd, 4319823.043, 95
Trd, 4319826.793, 95
Trd, 4319827.593, 96
Trd, 4319827.843, 95
Trd, 4319829.743, 96
Trd, 4319831.943, 96
Trd, 4319832.593, 96
Trd, 4319833.393, 96
Trd, 4319835.843, 98
Trd, 4319836.793, 97
Trd, 4319837.143, 97
Trd, 4319839.393, 96
Trd, 4319839.693, 99
Trd, 4319840.493, 99
Trd, 4319844.743, 106
Trd, 4319846.543, 107
Trd, 4319846.793, 105
Trd, 4319848.343, 104
Trd, 4319850.343, 91
Trd, 4319851.593, 90
Trd, 4319852.093, 90
Trd, 4319854.793, 88
Trd, 4319855.243, 88
Trd, 4319856.543, 95
Trd, 4319858.893, 93
Trd, 4319861.443, 95
Trd, 4319862.043, 94
Trd, 4319862.393, 94
Trd, 4319864.493, 93
Trd, 4319865.143, 94
Trd, 4319866.093, 93
Trd, 4319870.793, 93
Trd, 4319873.143, 92
Trd, 4319874.093, 93
Trd, 4319874.793, 93
Trd, 4319876.493, 93
Trd, 4319877.993, 93
Trd, 4319878.743, 94
Trd, 4319879.493, 94
Trd, 4319881.343, 99
Trd, 4319882.643, 100
Trd, 4319884.393, 101
Trd, 4319884.993, 102
Trd, 4319886.293, 103
Trd, 4319887.243, 103
Trd, 4319889.593, 102
Trd, 4319889.743, 102
Trd, 4319891.943, 102
Trd, 4319893.143, 101
Trd, 4319895.193, 103
Trd, 4319895.893, 103
Trd, 4319896.843, 102
Trd, 4319898.743, 101
Trd, 4319901.543, 102
Trd, 4319901.993, 102
Trd, 4319902.293, 102
Trd, 4319903.193, 99
Trd, 4319904.643, 98
Trd, 4319907.293, 98
Trd, 4319909.843, 99
Trd, 4319909.893, 99
Trd, 4319911.993, 107
Trd, 4319912.193, 105
Trd, 4319913.593, 106
Trd, 4319913.893, 104
Trd, 4319917.593, 105
Trd, 4319917.793, 105
Trd, 4319918.643, 104
Trd, 4319921.143, 91
Trd, 4319922.593, 99
Trd, 4319924.043, 102
Trd, 4319924.393, 102
Trd, 4319924.793, 101
Trd, 4319925.643, 103
Trd, 4319927.693, 104
Trd, 4319927.793, 103
Trd, 4319929.743, 104
Trd, 4319931.093, 105
Trd, 4319932.543, 105
Trd, 4319932.693, 104
Trd, 4319933.693, 104
Trd, 4319936.343, 104
Trd, 4319936.543, 104
Trd, 4319937.343, 103
Trd, 4319938.443, 98
Trd, 4319940.743, 100
Trd, 4319941.943, 93
Trd, 4319944.643, 91
Trd, 4319945.443, 86
Trd, 4319946.543, 87
Trd, 4319947.393, 88
Trd, 4319948.293, 87
Trd, 4319949.943, 89
Trd, 4319951.093, 91
Trd, 4319951.993, 93
Trd, 4319954.243, 96
Trd, 4319954.593, 95
Trd, 4319955.593, 95
Trd, 4319957.043, 95
Trd, 4319957.443, 95
Trd, 4319958.093, 94
Trd, 4319958.193, 94
Trd, 4319959.793, 94
Trd, 4319961.843, 93
Trd, 4319962.793, 92
Trd, 4319963.843, 93
Trd, 4319967.193, 94
Trd, 4319969.243, 97
Trd, 4319969.593, 98
Trd, 4319970.093, 96
Trd, 4319970.843, 97
Trd, 4319971.343, 94
Trd, 4319972.543, 92
Trd, 4319974.893, 85
Trd, 4319975.043, 86
Trd, 4319977.693, 89
Trd, 4319978.443, 90
Trd, 4319979.043, 90
Trd, 4319982.543, 93
Trd, 4319983.243, 94
Trd, 4319983.993, 93
Trd, 4319985.593, 98
Trd, 4319985.643, 97
Trd, 4319988.043, 100
Trd, 4319990.093, 104
Trd, 4319990.993, 104
Trd, 4319992.143, 108
Trd, 4319993.193, 108
Trd, 4319994.443, 108
Trd, 4319995.343, 107
Trd, 4319996.693, 101
Trd, 4319998.093, 99
Trd, 4319999.043, 99
Trd, 4319999.493, 99
