Trd, 4317856.043, 96
Trd, 4317856.543, 96
Trd, 4317857.243, 94
Trd, 4317857.393, 96
Trd, 4317859.993, 94
Trd, 4317860.293, 96
Trd, 4317862.193, 95
Trd, 4317863.093, 96
Trd, 4317864.043, 96
Trd, 4317866.093, 98
Trd, 4317866.443, 99
Trd, 4317868.543, 93
Trd, 4317869.893, 97
Trd, 4317871.493, 97
Trd, 4317873.893, 96
Trd, 4317874.693, 97
Trd, 4317875.793, 97
Trd, 4317876.243, 97
Trd, 4317878.593, 97
Trd, 4317879.043, 95
Trd, 4317879.393, 118
Trd, 4317880.543, 101
Trd, 4317881.943, 100
Trd, 4317883.043, 96
Trd, 4317883.793, 98
Trd, 4317885.393, 95
Trd, 4317885.893, 112
Trd, 4317887.393, 103
Trd, 4317888.443, 95
Trd, 4317889.893, 101
Trd, 4317893.893, 94
Trd, 4317893.943, 99
Trd, 4317895.093, 99
Trd, 4317895.593, 100
Trd, 4317898.643, 99
Trd, 4317898.743, 100
Trd, 4317901.243, 98
Trd, 4317904.693, 99
Trd, 4317905.843, 99
Trd, 4317906.843, 101
Trd, 4317909.093, 97
Trd, 4317909.943, 99
Trd, 4317910.993, 99
Trd, 4317911.543, 99
Trd, 4317913.893, 100
Trd, 4317914.143, 99
Trd, 4317915.343, 97
Trd, 4317915.743, 96
Trd, 4317916.543, 99
Trd, 4317918.943, 94
Trd, 4317920.543, 98
Trd, 4317921.443, 94
Trd, 4317922.993, 98
Trd, 4317924.843, 95
Trd, 4317925.743, 98
Trd, 4317927.743, 94
Trd, 4317928.093, 98
Trd, 4317931.443, 93
Trd, 4317934.193, 93
Trd, 4317934.693, 98
Trd, 4317936.893, 98
Trd, 4317937.593, 98
Trd, 4317937.743, 95
Trd, 4317940.393, 94
Trd, 4317943.843, 98
Trd, 4317945.393, 95
Trd, 4317947.793, 98
Trd, 4317947.993, 98
Trd, 4317948.243, 95
Trd, 4317952.543, 98
Trd, 4317953.393, 94
Trd, 4317953.693, 98
Trd, 4317957.893, 95
Trd, 4317960.593, 98
Trd, 4317960.643, 95
Trd, 4317960.743, 98
Trd, 4317961.093, 93
Trd, 4317962.243, 93
Trd, 4317962.293, 97
Trd, 4317964.493, 97
Trd, 4317966.393, 98
Trd, 4317967.443, 99
Trd, 4317968.193, 99
Trd, 4317970.393, 97
Trd, 4317970.743, 98
Trd, 4317972.543, 96
Trd, 4317973.593, 87
Trd, 4317976.943, 88
Trd, 4317982.893, 95
Trd, 4317983.393, 94
Trd, 4317984.693, 95
Trd, 4317984.993, 93
Trd, 4317985.843, 95
Trd, 4317986.493, 123
Trd, 4317988.293, 98
Trd, 4317989.693, 93
Trd, 4317990.093, 98
Trd, 4317991.343, 91
Trd, 4317993.943, 101
Trd, 4317994.193, 109
Trd, 4317994.343, 101
Trd, 4317995.143, 112
Trd, 4317995.943, 102
Trd, 4317996.843, 102
Trd, 4317997.543, 102
Trd, 4318000.143, 102
Trd, 4318000.793, 102
Trd, 4318002.493, 104
Trd, 4318003.243, 103
Trd, 4318004.343, 102
Trd, 4318004.993, 102
Trd, 4318005.093, 94
Trd, 4318009.493, 105
Trd, 4318011.043, 102
Trd, 4318012.643, 102
Trd, 4318012.743, 131
Trd, 4318016.743, 105
Trd, 4318016.843, 105
Trd, 4318017.143, 101
Trd, 4318017.443, 105
Trd, 4318018.593, 93
Trd, 4318022.993, 103
Trd, 4318023.093, 100
Trd, 4318024.093, 100
Trd, 4318027.043, 102
Trd, 4318029.493, 102
Trd, 4318031.893, 102
Trd, 4318032.043, 102
Trd, 4318033.493, 99
Trd, 4318036.093, 98
Trd, 4318037.793, 102
Trd, 4318038.043, 96
Trd, 4318040.443, 102
Trd, 4318042.493, 102
Trd, 4318043.743, 102
Trd, 4318044.843, 102
Trd, 4318046.143, 102
Trd, 4318046.493, 94
Trd, 4318051.543, 94
Trd, 4318052.493, 101
Trd, 4318053.643, 101
Trd, 4318056.443, 101
Trd, 4318058.893, 94
Trd, 4318059.243, 101
Trd, 4318060.043, 113
Trd, 4318060.843, 103
Trd, 4318062.343, 103
Trd, 4318063.143, 100
Trd, 4318066.393, 102
Trd, 4318067.093, 101
Trd, 4318067.193, 98
Trd, 4318068.493, 102
Trd, 4318069.693, 105
Trd, 4318071.343, 103
Trd, 4318072.493, 117
Trd, 4318073.143, 119
Trd, 4318074.493, 100
Trd, 4318075.343, 105
Trd, 4318077.443, 94
Trd, 4318081.743, 93
Trd, 4318082.893, 101
Trd, 4318083.593, 100
Trd, 4318084.943, 83
Trd, 4318085.593, 95
Trd, 4318086.793, 95
Trd, 4318088.043, 95
Trd, 4318088.293, 95
Trd, 4318091.493, 95
Trd, 4318092.243, 95
Trd, 4318093.593, 95
Trd, 4318093.693, 113
Trd, 4318094.393, 94
Trd, 4318095.693, 119
Trd, 4318097.493, 99
Trd, 4318098.593, 104
Trd, 4318100.343, 103
Trd, 4318101.293, 111
Trd, 4318101.993, 107
Trd, 4318102.993, 103
Trd, 4318104.843, 103
Trd, 4318104.893, 93
Trd, 4318106.293, 106
Trd, 4318107.593, 103
Trd, 4318107.993, 85
Trd, 4318108.943, 113
Trd, 4318112.393, 94
Trd, 4318113.893, 103
Trd, 4318114.043, 84
Trd, 4318114.843, 102
Trd, 4318119.193, 100
Trd, 4318122.993, 96
Trd, 4318123.043, 100
Trd, 4318124.443, 100
Trd, 4318124.643, 95
Trd, 4318125.593, 83
Trd, 4318130.893, 100
Trd, 4318131.343, 93
Trd, 4318132.093, 100
Trd, 4318135.393, 100
Trd, 4318135.443, 100
Trd, 4318136.843, 99
Trd, 4318139.293, 99
Trd, 4318141.193, 100
Trd, 4318142.293, 94
Trd, 4318142.943, 83
Trd, 4318143.393, 99
Trd, 4318143.643, 97
Trd, 4318147.243, 93
Trd, 4318147.793, 97
Trd, 4318149.993, 97
Trd, 4318151.493, 93
Trd, 4318152.593, 97
Trd, 4318153.043, 97
Trd, 4318153.793, 108
Trd, 4318154.993, 98
Trd, 4318158.643, 98
Trd, 4318158.793, 98
Trd, 4318159.943, 98
Trd, 4318160.743, 96
Trd, 4318161.443, 107
Trd, 4318163.043, 113
Trd, 4318164.093, 103
Trd, 4318166.693, 94
Trd, 4318166.893, 85
Trd, 4318168.193, 97
Trd, 4318170.343, 93
Trd, 4318170.493, 94
Trd, 4318172.543, 104
Trd, 4318173.593, 94
Trd, 4318174.393, 95
Trd, 4318176.243, 112
Trd, 4318177.443, 103
Trd, 4318177.743, 98
Trd, 4318179.093, 97
Trd, 4318181.193, 97
Trd, 4318182.293, 96
Trd, 4318184.943, 97
Trd, 4318185.793, 94
Trd, 4318186.143, 94
Trd, 4318186.693, 97
Trd, 4318187.893, 97
Trd, 4318188.393, 97
Trd, 4318191.043, 96
Trd, 4318193.093, 96
Trd, 4318193.243, 97
Trd, 4318196.193, 97
Trd, 4318197.443, 97
Trd, 4318197.843, 95
Trd, 4318199.043, 103
Trd, 4318200.543, 97
Trd, 4318201.843, 97
Trd, 4318202.643, 94
Trd, 4318204.943, 96
Trd, 4318206.943, 94
Trd, 4318208.193, 97
Trd, 4318210.943, 94
Trd, 4318210.993, 95
Trd, 4318211.243, 97
Trd, 4318211.643, 93
Trd, 4318214.443, 103
Trd, 4318216.643, 93
Trd, 4318216.693, 128
Trd, 4318216.793, 89
Trd, 4318218.443, 99
Trd, 4318219.693, 97
Trd, 4318219.793, 97
Trd, 4318220.643, 93
Trd, 4318220.693, 92
Trd, 4318223.643, 98
Trd, 4318224.343, 102
Trd, 4318225.893, 94
Trd, 4318226.343, 100
Trd, 4318228.093, 97
Trd, 4318228.443, 97
Trd, 4318230.643, 113
Trd, 4318231.643, 93
Trd, 4318232.193, 98
Trd, 4318234.343, 98
Trd, 4318236.743, 111
Trd, 4318237.643, 103
Trd, 4318238.243, 92
Trd, 4318238.443, 99
Trd, 4318238.543, 105
Trd, 4318239.193, 121
Trd, 4318241.493, 103
Trd, 4318245.343, 93
Trd, 4318246.043, 102
Trd, 4318246.293, 102
Trd, 4318246.543, 102
Trd, 4318249.693, 85
Trd, 4318250.143, 98
Trd, 4318251.293, 102
Trd, 4318251.943, 102
Trd, 4318253.943, 102
Trd, 4318257.193, 102
Trd, 4318258.793, 98
Trd, 4318259.493, 106
Trd, 4318260.543, 100
Trd, 4318261.293, 102
Trd, 4318262.143, 102
Trd, 4318263.893, 94
Trd, 4318264.093, 116
Trd, 4318266.293, 102
Trd, 4318267.493, 100
Trd, 4318269.993, 103
Trd, 4318271.293, 102
Trd, 4318271.493, 100
Trd, 4318272.193, 100
Trd, 4318273.843, 101
Trd, 4318274.993, 101
Trd, 4318275.793, 99
Trd, 4318276.543, 95
Trd, 4318279.243, 101
Trd, 4318280.743, 101
Trd, 4318281.043, 98
Trd, 4318281.543, 94
Trd, 4318282.343, 96
Trd, 4318283.293, 101
Trd, 4318287.843, 94
Trd, 4318289.693, 93
Trd, 4318290.593, 101
Trd, 4318292.343, 99
Trd, 4318295.143, 95
Trd, 4318297.793, 101
Trd, 4318299.693, 100
Trd, 4318300.843, 101
Trd, 4318301.243, 98
Trd, 4318303.193, 100
Trd, 4318306.593, 97
Trd, 4318307.793, 99
Trd, 4318308.543, 96
Trd, 4318308.993, 99
Trd, 4318309.593, 94
Trd, 4318311.643, 99
Trd, 4318313.043, 99
Trd, 4318313.943, 94
Trd, 4318314.143, 99
Trd, 4318315.843, 99
Trd, 4318316.743, 94
Trd, 4318317.443, 92
Trd, 4318317.843, 99
Trd, 4318320.093, 93
Trd, 4318321.243, 99
Trd, 4318324.043, 95
Trd, 4318324.743, 94
Trd, 4318325.743, 94
Trd, 4318326.493, 98
Trd, 4318327.143, 98
Trd, 4318332.193, 98
Trd, 4318335.493, 98
Trd, 4318335.643, 98
Trd, 4318336.143, 98
Trd, 4318337.443, 98
Trd, 4318339.543, 103
Trd, 4318341.143, 98
Trd, 4318342.393, 95
Trd, 4318343.343, 98
Trd, 4318346.143, 98
Trd, 4318346.343, 99
Trd, 4318347.543, 94
Trd, 4318347.993, 94
Trd, 4318352.143, 98
Trd, 4318352.643, 96
Trd, 4318352.743, 98
Trd, 4318353.293, 95
Trd, 4318355.193, 98
Trd, 4318355.343, 84
Trd, 4318358.293, 96
Trd, 4318359.993, 103
Trd, 4318361.893, 96
Trd, 4318362.743, 125
Trd, 4318364.043, 118
Trd, 4318367.393, 101
Trd, 4318367.843, 99
Trd, 4318368.943, 101
Trd, 4318369.743, 101
Trd, 4318372.993, 94
Trd, 4318373.543, 100
Trd, 4318373.843, 94
Trd, 4318374.043, 100
Trd, 4318376.193, 103
Trd, 4318377.693, 99
Trd, 4318381.693, 97
Trd, 4318381.893, 97
Trd, 4318382.493, 99
Trd, 4318383.493, 97
Trd, 4318383.743, 94
Trd, 4318386.743, 97
Trd, 4318388.393, 97
Trd, 4318389.893, 110
Trd, 4318390.893, 106
Trd, 4318391.293, 101
Trd, 4318394.093, 99
Trd, 4318395.793, 98
Trd, 4318397.593, 92
Trd, 4318397.743, 94
Trd, 4318398.743, 87
Trd, 4318399.943, 95
Trd, 4318402.743, 92
Trd, 4318403.343, 95
Trd, 4318406.243, 94
Trd, 4318408.443, 91
Trd, 4318410.643, 94
Trd, 4318414.043, 93
Trd, 4318414.143, 94
Trd, 4318416.143, 93
Trd, 4318420.093, 94
Trd, 4318420.443, 93
Trd, 4318423.093, 92
Trd, 4318423.243, 94
Trd, 4318423.393, 94
Trd, 4318424.543, 95
Trd, 4318426.043, 101
Trd, 4318427.093, 94
Trd, 4318427.243, 93
Trd, 4318429.693, 95
Trd, 4318432.593, 95
Trd, 4318433.393, 94
Trd, 4318436.593, 88
Trd, 4318438.293, 92
Trd, 4318439.843, 93
Trd, 4318439.893, 95
Trd, 4318439.943, 93
Trd, 4318440.093, 92
Trd, 4318442.193, 107
Trd, 4318442.593, 87
Trd, 4318444.243, 90
Trd, 4318445.343, 92
Trd, 4318445.393, 85
Trd, 4318445.943, 95
Trd, 4318446.243, 104
Trd, 4318450.143, 89
Trd, 4318451.243, 90
Trd, 4318451.943, 89
Trd, 4318452.893, 90
Trd, 4318455.993, 90
Trd, 4318456.643, 90
Trd, 4318457.443, 88
Trd, 4318458.443, 90
Trd, 4318461.393, 90
Trd, 4318462.193, 90
Trd, 4318465.693, 90
Trd, 4318467.893, 90
Trd, 4318468.443, 89
Trd, 4318469.143, 95
Trd, 4318469.743, 90
Trd, 4318471.293, 111
Trd, 4318472.043, 112
Trd, 4318474.343, 98
Trd, 4318474.943, 95
Trd, 4318475.443, 113
Trd, 4318476.393, 94
Trd, 4318477.243, 97
Trd, 4318478.493, 93
Trd, 4318482.393, 96
Trd, 4318483.143, 96
Trd, 4318484.043, 96
Trd, 4318485.043, 94
Trd, 4318485.493, 96
Trd, 4318486.543, 105
Trd, 4318487.993, 93
Trd, 4318490.143, 98
Trd, 4318491.093, 107
Trd, 4318493.793, 98
Trd, 4318494.543, 97
Trd, 4318494.843, 105
Trd, 4318497.143, 94
Trd, 4318497.393, 98
Trd, 4318498.543, 98
Trd, 4318500.593, 110
Trd, 4318503.843, 99
Trd, 4318504.493, 94
Trd, 4318506.143, 94
Trd, 4318509.143, 93
Trd, 4318509.193, 99
Trd, 4318510.993, 95
Trd, 4318511.143, 96
Trd, 4318515.643, 96
Trd, 4318515.893, 92
Trd, 4318516.793, 95
Trd, 4318517.793, 95
Trd, 4318519.993, 91
Trd, 4318521.643, 95
Trd, 4318522.543, 93
Trd, 4318526.643, 95
Trd, 4318527.693, 95
Trd, 4318527.743, 92
Trd, 4318530.643, 95
Trd, 4318530.893, 95
Trd, 4318531.943, 93
Trd, 4318534.993, 95
Trd, 4318536.943, 95
Trd, 4318538.393, 98
Trd, 4318539.293, 98
Trd, 4318539.793, 97
Trd, 4318541.693, 102
Trd, 4318542.393, 94
Trd, 4318542.593, 97
Trd, 4318543.343, 97
Trd, 4318544.943, 95
Trd, 4318545.843, 97
Trd, 4318546.743, 94
Trd, 4318548.443, 97
Trd, 4318550.193, 97
Trd, 4318550.593, 93
Trd, 4318554.893, 93
Trd, 4318555.093, 92
Trd, 4318555.743, 97
Trd, 4318558.343, 95
Trd, 4318561.193, 97
Trd, 4318562.343, 93
Trd, 4318562.543, 97
Trd, 4318562.843, 92
Trd, 4318562.993, 97
Trd, 4318565.643, 93
Trd, 4318566.443, 97
Trd, 4318569.743, 97
Trd, 4318570.393, 93
Trd, 4318571.343, 97
Trd, 4318571.593, 93
Trd, 4318573.293, 97
Trd, 4318573.443, 97
Trd, 4318574.793, 97
Trd, 4318576.243, 93
Trd, 4318578.993, 96
Trd, 4318582.493, 97
Trd, 4318583.043, 95
Trd, 4318584.543, 97
Trd, 4318586.593, 97
Trd, 4318587.343, 97
Trd, 4318588.993, 98
Trd, 4318589.543, 97
Trd, 4318592.043, 110
Trd, 4318593.893, 98
Trd, 4318594.793, 95
Trd, 4318595.593, 98
Trd, 4318596.193, 96
Trd, 4318597.143, 98
Trd, 4318597.593, 94
Trd, 4318598.993, 94
Trd, 4318600.443, 111
Trd, 4318601.343, 103
Trd, 4318602.343, 99
Trd, 4318602.743, 103
Trd, 4318603.543, 100
Trd, 4318605.593, 109
Trd, 4318606.493, 93
Trd, 4318606.643, 101
Trd, 4318608.193, 101
Trd, 4318608.393, 101
Trd, 4318611.493, 100
Trd, 4318613.043, 96
Trd, 4318614.043, 98
Trd, 4318614.243, 99
Trd, 4318617.093, 97
Trd, 4318618.643, 94
Trd, 4318619.093, 97
Trd, 4318621.393, 97
Trd, 4318621.493, 97
Trd, 4318623.893, 97
Trd, 4318626.443, 96
Trd, 4318628.393, 97
Trd, 4318629.193, 95
Trd, 4318629.543, 98
Trd, 4318629.793, 98
Trd, 4318630.993, 100
Trd, 4318633.543, 93
Trd, 4318635.243, 97
Trd, 4318637.343, 93
Trd, 4318637.393, 97
Trd, 4318638.693, 97
Trd, 4318639.243, 95
Trd, 4318640.243, 92
Trd, 4318643.693, 96
Trd, 4318644.343, 93
Trd, 4318644.393, 96
Trd, 4318644.943, 85
Trd, 4318647.393, 96
Trd, 4318648.843, 96
Trd, 4318651.393, 96
Trd, 4318651.643, 93
Trd, 4318652.443, 96
Trd, 4318655.693, 96
Trd, 4318656.293, 96
Trd, 4318657.843, 96
Trd, 4318661.343, 93
Trd, 4318662.643, 91
Trd, 4318663.693, 96
Trd, 4318664.643, 96
Trd, 4318665.093, 96
Trd, 4318666.843, 69
Trd, 4318668.743, 89
Trd, 4318670.093, 95
Trd, 4318670.693, 97
Trd, 4318672.593, 95
Trd, 4318672.643, 93
Trd, 4318672.693, 92
Trd, 4318675.593, 123
Trd, 4318676.093, 103
Trd, 4318679.393, 107
Trd, 4318681.543, 106
Trd, 4318681.793, 103
Trd, 4318681.943, 107
Trd, 4318683.443, 107
Trd, 4318686.093, 99
Trd, 4318689.743, 99
Trd, 4318690.593, 94
Trd, 4318693.993, 93
Trd, 4318694.443, 99
Trd, 4318695.393, 99
Trd, 4318696.543, 108
Trd, 4318697.893, 103
Trd, 4318698.043, 120
Trd, 4318699.193, 110
Trd, 4318700.443, 119
Trd, 4318701.243, 94
Trd, 4318704.343, 93
Trd, 4318704.443, 103
Trd, 4318705.043, 114
Trd, 4318705.893, 108
Trd, 4318706.543, 122
Trd, 4318707.593, 103
Trd, 4318708.493, 106
Trd, 4318710.543, 104
Trd, 4318712.043, 104
Trd, 4318712.693, 104
Trd, 4318713.043, 106
Trd, 4318714.543, 93
Trd, 4318715.193, 85
Trd, 4318717.193, 92
Trd, 4318718.193, 98
Trd, 4318718.443, 98
Trd, 4318720.143, 99
Trd, 4318720.193, 104
Trd, 4318720.293, 94
Trd, 4318723.043, 92
Trd, 4318723.193, 95
Trd, 4318724.843, 96
Trd, 4318725.643, 87
Trd, 4318727.043, 96
Trd, 4318728.793, 95
Trd, 4318730.593, 93
Trd, 4318731.843, 93
Trd, 4318731.943, 93
Trd, 4318732.993, 95
Trd, 4318734.643, 91
Trd, 4318737.693, 93
Trd, 4318738.593, 91
Trd, 4318740.743, 93
Trd, 4318742.643, 93
Trd, 4318743.243, 92
Trd, 4318744.493, 95
Trd, 4318744.643, 103
Trd, 4318748.293, 93
Trd, 4318748.893, 94
Trd, 4318750.943, 94
Trd, 4318753.643, 92
Trd, 4318754.243, 94
Trd, 4318755.743, 92
Trd, 4318756.143, 93
Trd, 4318760.793, 93
Trd, 4318761.643, 93
Trd, 4318763.293, 95
Trd, 4318764.793, 108
Trd, 4318765.393, 103
Trd, 4318767.193, 99
Trd, 4318767.593, 94
Trd, 4318768.343, 97
Trd, 4318768.393, 106
Trd, 4318771.543, 93
Trd, 4318773.293, 97
Trd, 4318774.993, 97
Trd, 4318775.543, 92
Trd, 4318776.393, 97
Trd, 4318776.743, 106
Trd, 4318778.843, 98
Trd, 4318780.893, 98
Trd, 4318783.843, 98
Trd, 4318784.793, 98
Trd, 4318785.493, 98
Trd, 4318790.993, 98
Trd, 4318791.293, 96
Trd, 4318792.993, 98
Trd, 4318794.943, 95
Trd, 4318795.343, 98
Trd, 4318797.093, 98
Trd, 4318799.643, 94
Trd, 4318799.943, 98
Trd, 4318803.793, 93
Trd, 4318805.343, 93
Trd, 4318807.593, 98
Trd, 4318808.193, 93
Trd, 4318809.693, 98
Trd, 4318809.743, 98
Trd, 4318812.693, 98
Trd, 4318813.543, 92
Trd, 4318817.143, 98
Trd, 4318817.743, 93
Trd, 4318818.193, 98
Trd, 4318818.693, 92
Trd, 4318820.243, 98
Trd, 4318821.093, 93
Trd, 4318821.793, 98
Trd, 4318824.993, 97
Trd, 4318825.143, 98
Trd, 4318826.843, 98
Trd, 4318827.543, 98
Trd, 4318829.693, 98
Trd, 4318831.543, 98
Trd, 4318833.093, 98
Trd, 4318834.893, 96
Trd, 4318837.143, 98
Trd, 4318837.793, 94
Trd, 4318840.743, 94
Trd, 4318841.193, 98
Trd, 4318845.093, 94
Trd, 4318845.443, 96
Trd, 4318848.593, 94
Trd, 4318851.243, 94
Trd, 4318851.643, 96
Trd, 4318851.843, 97
Trd, 4318854.243, 109
Trd, 4318855.393, 115
Trd, 4318857.443, 113
Trd, 4318857.843, 103
Trd, 4318859.143, 110
Trd, 4318859.493, 93
Trd, 4318859.893, 86
Trd, 4318862.543, 102
Trd, 4318864.693, 101
Trd, 4318865.093, 92
Trd, 4318866.443, 101
Trd, 4318868.043, 96
Trd, 4318868.293, 101
Trd, 4318869.293, 93
Trd, 4318869.443, 100
Trd, 4318871.093, 100
Trd, 4318871.393, 85
Trd, 4318874.443, 102
Trd, 4318876.793, 107
Trd, 4318877.693, 100
Trd, 4318877.993, 105
Trd, 4318878.843, 122
Trd, 4318882.293, 101
Trd, 4318883.443, 94
Trd, 4318883.543, 99
Trd, 4318883.943, 94
Trd, 4318885.743, 99
Trd, 4318886.843, 117
Trd, 4318887.393, 115
Trd, 4318887.443, 103
Trd, 4318890.343, 93
Trd, 4318890.393, 103
Trd, 4318891.343, 104
Trd, 4318891.543, 103
Trd, 4318892.643, 112
Trd, 4318895.343, 102
Trd, 4318896.693, 93
Trd, 4318898.893, 102
Trd, 4318900.493, 102
Trd, 4318900.843, 93
Trd, 4318901.893, 117
Trd, 4318903.693, 103
Trd, 4318904.343, 104
Trd, 4318905.943, 94
Trd, 4318909.393, 101
Trd, 4318909.543, 101
Trd, 4318911.743, 101
Trd, 4318914.093, 100
Trd, 4318914.243, 100
Trd, 4318914.843, 101
Trd, 4318917.193, 101
Trd, 4318917.343, 94
Trd, 4318917.993, 101
Trd, 4318923.143, 100
Trd, 4318923.343, 100
Trd, 4318923.993, 97
Trd, 4318926.793, 100
Trd, 4318927.193, 96
Trd, 4318929.143, 100
Trd, 4318929.793, 94
Trd, 4318930.243, 94
Trd, 4318932.543, 100
Trd, 4318934.843, 100
Trd, 4318936.343, 100
Trd, 4318936.793, 94
Trd, 4318937.493, 93
Trd, 4318937.993, 98
Trd, 4318938.993, 99
Trd, 4318939.793, 99
Trd, 4318942.343, 99
Trd, 4318945.243, 98
Trd, 4318945.293, 99
Trd, 4318945.343, 97
Trd, 4318945.693, 97
Trd, 4318946.993, 99
Trd, 4318950.543, 102
Trd, 4318951.593, 102
Trd, 4318952.043, 99
Trd, 4318953.243, 94
Trd, 4318953.393, 99
Trd, 4318955.443, 94
Trd, 4318956.393, 99
Trd, 4318959.893, 98
Trd, 4318960.993, 99
Trd, 4318961.143, 94
Trd, 4318961.243, 100
Trd, 4318964.893, 95
Trd, 4318965.943, 99
Trd, 4318967.693, 99
Trd, 4318968.193, 94
Trd, 4318968.943, 99
Trd, 4318969.493, 99
Trd, 4318972.143, 94
Trd, 4318973.543, 99
Trd, 4318974.843, 99
Trd, 4318975.943, 105
Trd, 4318978.043, 93
Trd, 4318978.293, 93
Trd, 4318979.193, 98
Trd, 4318980.243, 100
Trd, 4318981.143, 100
Trd, 4318982.743, 100
Trd, 4318984.893, 97
Trd, 4318985.893, 99
Trd, 4318987.493, 99
Trd, 4318987.543, 101
Trd, 4318988.643, 97
Trd, 4318993.893, 99
Trd, 4318995.143, 97
Trd, 4318995.293, 99
Trd, 4318997.093, 97
Trd, 4318998.643, 99
Trd, 4319000.043, 94
Trd, 4319001.293, 99
Trd, 4319001.893, 99
Trd, 4319004.893, 99
Trd, 4319007.393, 95
Trd, 4319009.543, 98
Trd, 4319009.593, 98
Trd, 4319012.543, 95
Trd, 4319013.043, 94
Trd, 4319013.343, 97
Trd, 4319017.393, 97
Trd, 4319018.493, 94
Trd, 4319019.593, 97
Trd, 4319022.043, 97
Trd, 4319022.593, 93
Trd, 4319023.393, 93
Trd, 4319024.993, 97
Trd, 4319025.693, 91
Trd, 4319025.893, 96
Trd, 4319029.393, 93
Trd, 4319031.443, 94
Trd, 4319032.243, 94
Trd, 4319034.243, 103
Trd, 4319035.193, 104
Trd, 4319036.243, 101
Trd, 4319036.493, 92
Trd, 4319038.293, 126
Trd, 4319039.343, 93
Trd, 4319040.943, 100
Trd, 4319042.793, 100
Trd, 4319045.643, 93
Trd, 4319047.093, 93
Trd, 4319048.793, 93
Trd, 4319049.343, 95
Trd, 4319050.343, 110
Trd, 4319051.093, 107
Trd, 4319052.193, 105
Trd, 4319052.393, 103
Trd, 4319052.593, 111
Trd, 4319055.493, 100
Trd, 4319055.793, 94
Trd, 4319056.693, 100
Trd, 4319060.043, 107
Trd, 4319060.343, 104
Trd, 4319062.743, 103
Trd, 4319063.693, 103
Trd, 4319065.443, 102
Trd, 4319066.643, 111
Trd, 4319068.743, 118
Trd, 4319068.793, 94
Trd, 4319069.293, 93
Trd, 4319070.293, 102
Trd, 4319075.443, 102
Trd, 4319076.343, 102
Trd, 4319076.793, 102
Trd, 4319076.943, 108
Trd, 4319078.493, 103
Trd, 4319079.043, 99
Trd, 4319082.493, 98
Trd, 4319084.493, 98
Trd, 4319086.193, 97
Trd, 4319087.293, 97
Trd, 4319088.293, 94
Trd, 4319089.543, 101
Trd, 4319090.193, 102
Trd, 4319093.693, 97
Trd, 4319096.243, 100
Trd, 4319096.743, 100
Trd, 4319098.643, 100
Trd, 4319100.293, 95
Trd, 4319101.693, 98
Trd, 4319106.743, 98
Trd, 4319106.843, 98
Trd, 4319106.993, 96
Trd, 4319108.043, 98
Trd, 4319111.093, 96
Trd, 4319111.893, 98
Trd, 4319113.393, 98
Trd, 4319114.593, 95
Trd, 4319114.893, 102
Trd, 4319115.343, 95
Trd, 4319116.543, 98
Trd, 4319118.443, 97
Trd, 4319118.843, 94
Trd, 4319121.143, 97
Trd, 4319122.793, 98
Trd, 4319123.543, 98
Trd, 4319123.743, 97
Trd, 4319124.293, 101
Trd, 4319125.743, 97
Trd, 4319126.243, 86
Trd, 4319127.843, 122
Trd, 4319128.693, 105
Trd, 4319134.593, 101
Trd, 4319135.693, 101
Trd, 4319137.193, 101
Trd, 4319137.893, 101
Trd, 4319138.893, 122
Trd, 4319140.043, 93
Trd, 4319140.193, 103
Trd, 4319142.093, 103
Trd, 4319144.643, 114
Trd, 4319144.693, 103
Trd, 4319145.143, 93
Trd, 4319145.743, 85
Trd, 4319147.593, 104
Trd, 4319149.243, 104
Trd, 4319151.793, 103
Trd, 4319152.443, 101
Trd, 4319152.993, 103
Trd, 4319155.493, 100
Trd, 4319156.343, 103
Trd, 4319157.743, 99
Trd, 4319157.843, 94
Trd, 4319158.893, 100
Trd, 4319159.793, 101
Trd, 4319162.093, 93
Trd, 4319164.243, 95
Trd, 4319164.793, 100
Trd, 4319167.393, 99
Trd, 4319167.493, 99
Trd, 4319167.843, 99
Trd, 4319168.093, 105
Trd, 4319169.893, 97
Trd, 4319170.843, 93
Trd, 4319174.343, 99
Trd, 4319174.493, 93
Trd, 4319176.743, 99
Trd, 4319177.143, 108
Trd, 4319177.643, 103
Trd, 4319178.293, 102
Trd, 4319181.593, 101
Trd, 4319182.493, 101
Trd, 4319182.893, 101
Trd, 4319185.143, 99
Trd, 4319188.193, 99
Trd, 4319189.393, 99
Trd, 4319189.743, 111
Trd, 4319192.843, 104
Trd, 4319193.093, 103
Trd, 4319193.193, 104
Trd, 4319193.693, 103
Trd, 4319193.943, 93
Trd, 4319197.793, 102
Trd, 4319198.843, 100
Trd, 4319199.893, 100
Trd, 4319199.993, 102
Trd, 4319202.543, 94
Trd, 4319202.693, 101
Trd, 4319204.043, 101
Trd, 4319208.743, 97
Trd, 4319209.793, 101
Trd, 4319211.993, 101
Trd, 4319212.593, 100
Trd, 4319214.443, 101
Trd, 4319214.593, 97
Trd, 4319217.543, 94
Trd, 4319217.793, 101
Trd, 4319218.143, 94
Trd, 4319220.243, 96
Trd, 4319221.093, 99
Trd, 4319221.193, 101
Trd, 4319222.393, 112
Trd, 4319224.143, 94
Trd, 4319225.993, 99
Trd, 4319227.843, 99
Trd, 4319228.543, 93
Trd, 4319228.843, 93
Trd, 4319229.943, 99
Trd, 4319231.743, 103
Trd, 4319232.093, 99
Trd, 4319235.743, 98
Trd, 4319235.793, 98
Trd, 4319237.293, 99
Trd, 4319238.843, 97
Trd, 4319239.193, 99
Trd, 4319240.093, 94
Trd, 4319241.243, 86
Trd, 4319242.143, 99
Trd, 4319243.443, 99
Trd, 4319246.743, 92
Trd, 4319248.293, 96
Trd, 4319250.243, 95
Trd, 4319251.093, 95
Trd, 4319251.943, 94
Trd, 4319253.143, 109
Trd, 4319254.793, 96
Trd, 4319255.843, 94
Trd, 4319256.493, 96
Trd, 4319258.443, 109
Trd, 4319259.043, 103
Trd, 4319260.643, 97
Trd, 4319261.993, 104
Trd, 4319264.193, 110
Trd, 4319265.343, 93
Trd, 4319270.493, 99
Trd, 4319272.243, 92
Trd, 4319272.593, 96
Trd, 4319273.643, 97
Trd, 4319274.043, 82
Trd, 4319275.343, 91
Trd, 4319275.743, 96
Trd, 4319278.043, 94
Trd, 4319278.543, 93
Trd, 4319279.293, 110
Trd, 4319280.943, 92
Trd, 4319282.843, 88
Trd, 4319283.143, 93
Trd, 4319284.393, 93
Trd, 4319287.193, 92
Trd, 4319288.443, 91
Trd, 4319289.493, 92
Trd, 4319290.843, 95
Trd, 4319294.493, 113
Trd, 4319294.943, 105
Trd, 4319296.043, 111
Trd, 4319296.693, 103
Trd, 4319297.493, 99
Trd, 4319299.543, 99
Trd, 4319303.393, 94
Trd, 4319303.643, 99
Trd, 4319304.093, 101
Trd, 4319305.093, 100
Trd, 4319306.893, 103
Trd, 4319307.143, 101
Trd, 4319308.093, 101
Trd, 4319311.493, 101
Trd, 4319312.493, 109
Trd, 4319312.593, 103
Trd, 4319314.943, 103
Trd, 4319316.043, 94
Trd, 4319316.343, 101
Trd, 4319318.293, 99
Trd, 4319319.443, 99
Trd, 4319320.543, 115
Trd, 4319321.643, 73
Trd, 4319322.743, 89
Trd, 4319323.643, 94
Trd, 4319324.043, 94
Trd, 4319325.893, 86
Trd, 4319326.893, 86
Trd, 4319327.493, 92
Trd, 4319328.593, 92
Trd, 4319330.993, 92
Trd, 4319332.993, 94
Trd, 4319334.543, 92
Trd, 4319335.393, 92
Trd, 4319335.943, 95
Trd, 4319338.643, 91
Trd, 4319339.443, 92
Trd, 4319340.443, 92
Trd, 4319342.093, 95
Trd, 4319342.643, 91
Trd, 4319345.493, 92
Trd, 4319345.943, 90
Trd, 4319346.743, 92
Trd, 4319348.843, 95
Trd, 4319350.743, 90
Trd, 4319352.243, 92
Trd, 4319353.243, 92
Trd, 4319354.443, 89
Trd, 4319358.443, 92
Trd, 4319359.443, 92
Trd, 4319359.493, 95
Trd, 4319360.143, 95
Trd, 4319361.843, 107
Trd, 4319362.293, 106
Trd, 4319363.693, 105
Trd, 4319364.493, 103
Trd, 4319365.143, 98
Trd, 4319367.593, 124
Trd, 4319367.843, 102
Trd, 4319369.093, 102
Trd, 4319369.443, 94
Trd, 4319370.593, 94
Trd, 4319372.293, 115
Trd, 4319372.893, 111
Trd, 4319375.143, 106
Trd, 4319375.493, 104
Trd, 4319377.393, 105
Trd, 4319377.743, 93
Trd, 4319378.893, 109
Trd, 4319380.093, 95
Trd, 4319382.643, 99
Trd, 4319385.793, 102
Trd, 4319387.693, 103
Trd, 4319389.143, 102
Trd, 4319389.593, 103
Trd, 4319390.943, 103
Trd, 4319391.393, 101
Trd, 4319392.193, 103
Trd, 4319394.493, 100
Trd, 4319397.893, 99
Trd, 4319400.143, 102
Trd, 4319400.793, 94
Trd, 4319400.993, 102
Trd, 4319404.393, 102
Trd, 4319405.143, 96
Trd, 4319405.743, 96
Trd, 4319407.043, 102
Trd, 4319408.043, 102
Trd, 4319408.993, 94
Trd, 4319411.743, 102
Trd, 4319413.793, 94
Trd, 4319413.993, 102
Trd, 4319417.193, 95
Trd, 4319418.693, 101
Trd, 4319420.193, 100
Trd, 4319420.743, 100
Trd, 4319422.743, 106
Trd, 4319422.793, 103
Trd, 4319423.943, 99
Trd, 4319425.093, 94
Trd, 4319425.443, 127
Trd, 4319425.593, 85
Trd, 4319427.393, 103
Trd, 4319431.543, 103
Trd, 4319432.243, 94
Trd, 4319435.443, 100
Trd, 4319435.943, 94
Trd, 4319438.243, 93
Trd, 4319439.443, 100
Trd, 4319440.393, 94
Trd, 4319442.293, 100
Trd, 4319444.793, 95
Trd, 4319445.993, 99
Trd, 4319450.793, 99
Trd, 4319451.843, 99
Trd, 4319452.743, 94
Trd, 4319453.193, 94
Trd, 4319456.293, 93
Trd, 4319456.543, 94
Trd, 4319458.393, 96
Trd, 4319458.493, 97
Trd, 4319460.493, 96
Trd, 4319461.693, 96
Trd, 4319465.493, 93
Trd, 4319465.843, 95
Trd, 4319467.043, 93
Trd, 4319467.393, 94
Trd, 4319467.743, 92
Trd, 4319470.393, 94
Trd, 4319473.393, 95
Trd, 4319473.643, 91
Trd, 4319473.743, 94
Trd, 4319474.593, 121
Trd, 4319474.643, 103
Trd, 4319475.293, 93
Trd, 4319478.193, 104
Trd, 4319479.793, 95
Trd, 4319479.843, 93
Trd, 4319480.693, 95
Trd, 4319481.343, 96
Trd, 4319481.743, 87
Trd, 4319482.443, 95
Trd, 4319485.243, 95
Trd, 4319486.393, 86
Trd, 4319488.793, 94
Trd, 4319489.693, 92
Trd, 4319489.893, 114
Trd, 4319492.143, 90
Trd, 4319493.193, 91
Trd, 4319494.293, 96
Trd, 4319496.143, 89
Trd, 4319498.893, 93
Trd, 4319499.243, 90
Trd, 4319501.243, 94
Trd, 4319501.843, 95
Trd, 4319502.193, 120
Trd, 4319503.943, 103
Trd, 4319507.043, 90
Trd, 4319508.193, 90
Trd, 4319508.543, 85
Trd, 4319510.193, 110
Trd, 4319510.693, 99
Trd, 4319512.793, 93
Trd, 4319514.993, 93
Trd, 4319515.043, 100
Trd, 4319516.893, 97
Trd, 4319518.793, 99
Trd, 4319519.493, 102
Trd, 4319520.143, 93
Trd, 4319520.493, 93
Trd, 4319521.993, 97
Trd, 4319525.893, 96
Trd, 4319526.593, 96
Trd, 4319528.943, 95
Trd, 4319529.493, 93
Trd, 4319530.093, 93
Trd, 4319530.293, 96
Trd, 4319532.293, 96
Trd, 4319533.843, 96
Trd, 4319534.043, 96
Trd, 4319534.393, 92
Trd, 4319537.693, 96
Trd, 4319538.443, 93
Trd, 4319539.143, 100
Trd, 4319540.643, 96
Trd, 4319542.643, 103
Trd, 4319544.143, 114
Trd, 4319544.493, 101
Trd, 4319547.593, 110
Trd, 4319548.193, 101
Trd, 4319548.243, 94
Trd, 4319550.193, 114
Trd, 4319551.093, 101
Trd, 4319551.693, 102
Trd, 4319552.493, 104
Trd, 4319554.043, 100
Trd, 4319556.943, 102
Trd, 4319557.993, 102
Trd, 4319558.543, 103
Trd, 4319559.043, 113
Trd, 4319561.393, 106
Trd, 4319561.693, 104
Trd, 4319561.993, 103
Trd, 4319564.643, 93
Trd, 4319565.143, 100
Trd, 4319565.893, 86
Trd, 4319567.093, 100
Trd, 4319568.093, 96
Trd, 4319568.693, 100
Trd, 4319570.343, 100
Trd, 4319570.643, 112
Trd, 4319571.093, 96
Trd, 4319574.143, 101
Trd, 4319574.843, 117
Trd, 4319576.593, 105
Trd, 4319577.543, 104
Trd, 4319577.743, 103
Trd, 4319578.493, 93
Trd, 4319580.093, 98
Trd, 4319581.943, 85
Trd, 4319582.593, 97
Trd, 4319584.993, 96
Trd, 4319587.443, 94
Trd, 4319588.293, 91
Trd, 4319588.893, 95
Trd, 4319590.743, 95
Trd, 4319592.193, 107
Trd, 4319592.893, 96
Trd, 4319593.793, 100
Trd, 4319595.993, 100
Trd, 4319596.393, 105
Trd, 4319596.443, 103
Trd, 4319597.843, 112
Trd, 4319598.743, 104
Trd, 4319600.293, 93
Trd, 4319602.743, 101
Trd, 4319604.593, 100
Trd, 4319605.193, 101
Trd, 4319607.093, 101
Trd, 4319607.943, 100
Trd, 4319609.193, 100
Trd, 4319611.443, 97
Trd, 4319611.593, 101
Trd, 4319613.143, 101
Trd, 4319614.693, 101
Trd, 4319616.493, 101
Trd, 4319617.843, 98
Trd, 4319618.343, 101
Trd, 4319620.493, 94
Trd, 4319621.643, 96
Trd, 4319622.143, 99
Trd, 4319622.493, 100
Trd, 4319624.893, 95
Trd, 4319626.343, 94
Trd, 4319628.243, 99
Trd, 4319628.843, 99
Trd, 4319629.393, 115
Trd, 4319632.793, 98
Trd, 4319635.143, 100
Trd, 4319635.793, 100
Trd, 4319637.043, 97
Trd, 4319637.743, 100
Trd, 4319638.093, 97
Trd, 4319639.193, 100
Trd, 4319641.193, 85
Trd, 4319641.593, 98
Trd, 4319642.993, 92
Trd, 4319643.193, 97
Trd, 4319645.193, 97
Trd, 4319645.443, 93
Trd, 4319647.093, 94
Trd, 4319649.193, 94
Trd, 4319651.293, 94
Trd, 4319652.093, 112
Trd, 4319652.843, 101
Trd, 4319652.943, 84
Trd, 4319654.393, 98
Trd, 4319657.093, 97
Trd, 4319658.143, 93
Trd, 4319659.543, 96
Trd, 4319660.393, 97
Trd, 4319660.793, 93
Trd, 4319663.493, 96
Trd, 4319665.793, 96
Trd, 4319666.693, 93
Trd, 4319668.243, 93
Trd, 4319668.393, 96
Trd, 4319668.793, 92
Trd, 4319672.043, 95
Trd, 4319674.043, 95
Trd, 4319674.293, 93
Trd, 4319674.743, 95
Trd, 4319678.293, 95
Trd, 4319678.593, 95
Trd, 4319679.593, 92
Trd, 4319681.543, 97
Trd, 4319682.293, 95
Trd, 4319683.593, 95
Trd, 4319685.193, 93
Trd, 4319686.893, 116
Trd, 4319688.093, 103
Trd, 4319690.543, 98
Trd, 4319692.443, 97
Trd, 4319692.743, 93
Trd, 4319693.143, 93
Trd, 4319693.443, 102
Trd, 4319694.643, 101
Trd, 4319695.343, 100
Trd, 4319697.093, 116
Trd, 4319697.993, 101
Trd, 4319703.293, 92
Trd, 4319705.243, 97
Trd, 4319706.093, 97
Trd, 4319706.793, 98
Trd, 4319709.693, 94
Trd, 4319709.743, 97
Trd, 4319710.693, 96
Trd, 4319710.743, 97
Trd, 4319713.393, 104
Trd, 4319713.543, 89
Trd, 4319714.843, 96
Trd, 4319716.443, 91
Trd, 4319717.943, 94
Trd, 4319721.493, 95
Trd, 4319721.643, 95
Trd, 4319724.293, 95
Trd, 4319724.593, 95
Trd, 4319725.193, 95
Trd, 4319726.393, 97
Trd, 4319728.293, 95
Trd, 4319728.493, 93
Trd, 4319729.493, 93
Trd, 4319731.393, 95
Trd, 4319732.843, 95
Trd, 4319737.993, 95
Trd, 4319738.493, 93
Trd, 4319740.393, 93
Trd, 4319740.793, 95
Trd, 4319742.143, 95
Trd, 4319742.293, 95
Trd, 4319744.493, 95
Trd, 4319745.143, 93
Trd, 4319745.793, 93
Trd, 4319747.993, 95
Trd, 4319750.443, 92
Trd, 4319750.693, 91
Trd, 4319751.343, 95
Trd, 4319754.543, 94
Trd, 4319754.743, 95
Trd, 4319756.143, 93
Trd, 4319758.243, 90
Trd, 4319760.343, 95
Trd, 4319760.993, 95
Trd, 4319761.343, 110
Trd, 4319762.743, 103
Trd, 4319762.993, 98
Trd, 4319763.943, 124
Trd, 4319765.543, 94
Trd, 4319767.943, 110
Trd, 4319768.243, 103
Trd, 4319768.393, 102
Trd, 4319770.693, 102
Trd, 4319771.143, 105
Trd, 4319772.493, 101
Trd, 4319773.443, 100
Trd, 4319776.343, 94
Trd, 4319777.243, 102
Trd, 4319777.843, 105
Trd, 4319779.893, 104
Trd, 4319780.343, 94
Trd, 4319780.843, 102
Trd, 4319781.293, 102
Trd, 4319781.443, 102
Trd, 4319785.543, 88
Trd, 4319785.793, 86
Trd, 4319787.193, 94
Trd, 4319789.793, 96
Trd, 4319791.293, 95
Trd, 4319795.743, 96
Trd, 4319796.543, 94
Trd, 4319798.493, 94
Trd, 4319798.993, 96
Trd, 4319799.243, 91
Trd, 4319800.993, 96
Trd, 4319802.543, 116
Trd, 4319803.993, 103
Trd, 4319804.543, 102
Trd, 4319806.693, 101
Trd, 4319806.893, 94
Trd, 4319808.093, 92
Trd, 4319808.293, 98
Trd, 4319808.793, 98
Trd, 4319811.243, 99
Trd, 4319811.843, 99
Trd, 4319814.043, 96
Trd, 4319816.043, 96
Trd, 4319817.593, 96
Trd, 4319817.893, 93
Trd, 4319819.043, 95
Trd, 4319821.393, 95
Trd, 4319821.893, 95
Trd, 4319823.493, 94
Trd, 4319823.693, 102
Trd, 4319823.993, 94
Trd, 4319825.193, 113
Trd, 4319827.143, 104
Trd, 4319828.543, 97
Trd, 4319829.043, 94
Trd, 4319829.993, 98
Trd, 4319830.143, 74
Trd, 4319830.843, 105
Trd, 4319832.293, 100
Trd, 4319834.143, 92
Trd, 4319834.293, 97
Trd, 4319835.143, 97
Trd, 4319836.793, 87
Trd, 4319837.593, 96
Trd, 4319840.593, 96
Trd, 4319841.543, 96
Trd, 4319841.943, 96
Trd, 4319842.643, 95
Trd, 4319843.143, 91
Trd, 4319847.143, 96
Trd, 4319848.443, 96
Trd, 4319850.293, 93
Trd, 4319853.393, 95
Trd, 4319853.643, 96
Trd, 4319856.443, 96
Trd, 4319857.443, 93
Trd, 4319859.843, 95
Trd, 4319859.993, 92
Trd, 4319860.643, 95
Trd, 4319862.843, 91
Trd, 4319864.493, 96
Trd, 4319865.093, 92
Trd, 4319866.193, 121
Trd, 4319867.993, 100
Trd, 4319868.743, 101
Trd, 4319869.443, 98
Trd, 4319872.893, 97
Trd, 4319874.743, 103
Trd, 4319875.643, 99
Trd, 4319876.143, 99
Trd, 4319876.743, 93
Trd, 4319878.193, 113
Trd, 4319878.243, 102
Trd, 4319879.743, 101
Trd, 4319880.443, 107
Trd, 4319880.943, 107
Trd, 4319882.393, 103
Trd, 4319883.893, 107
Trd, 4319884.693, 103
Trd, 4319888.143, 94
Trd, 4319888.393, 103
Trd, 4319889.143, 103
Trd, 4319889.893, 110
Trd, 4319890.843, 99
Trd, 4319891.293, 103
Trd, 4319891.393, 104
Trd, 4319892.393, 93
Trd, 4319897.043, 100
Trd, 4319897.943, 103
Trd, 4319898.693, 103
Trd, 4319899.793, 103
Trd, 4319900.193, 103
Trd, 4319901.193, 100
Trd, 4319901.443, 99
Trd, 4319907.893, 103
Trd, 4319909.293, 103
Trd, 4319911.393, 102
Trd, 4319911.893, 99
Trd, 4319913.293, 100
Trd, 4319915.693, 101
Trd, 4319917.293, 94
Trd, 4319917.443, 101
Trd, 4319917.593, 94
Trd, 4319919.493, 97
Trd, 4319924.793, 100
Trd, 4319925.093, 100
Trd, 4319925.543, 96
Trd, 4319926.843, 117
Trd, 4319927.093, 100
Trd, 4319927.643, 101
Trd, 4319929.593, 101
Trd, 4319932.543, 99
Trd, 4319935.243, 94
Trd, 4319935.443, 101
Trd, 4319939.743, 97
Trd, 4319939.893, 101
Trd, 4319942.643, 101
Trd, 4319942.793, 101
Trd, 4319942.993, 98
Trd, 4319945.543, 94
Trd, 4319946.343, 96
Trd, 4319946.893, 101
Trd, 4319949.143, 101
Trd, 4319949.743, 101
Trd, 4319951.493, 108
Trd, 4319953.343, 100
Trd, 4319953.993, 101
Trd, 4319955.793, 102
Trd, 4319956.293, 105
Trd, 4319957.543, 113
Trd, 4319958.293, 107
Trd, 4319958.343, 103
Trd, 4319959.343, 106
Trd, 4319960.143, 85
Trd, 4319960.643, 106
Trd, 4319964.393, 105
Trd, 4319965.643, 116
Trd, 4319966.593, 106
Trd, 4319966.793, 98
Trd, 4319968.693, 106
Trd, 4319972.193, 111
Trd, 4319973.993, 107
Trd, 4319974.893, 107
Trd, 4319976.843, 106
Trd, 4319977.243, 103
Trd, 4319980.993, 107
Trd, 4319981.393, 106
Trd, 4319982.743, 107
Trd, 4319983.393, 107
Trd, 4319985.993, 107
Trd, 4319986.443, 93
Trd, 4319986.793, 93
Trd, 4319988.643, 107
Trd, 4319990.543, 103
Trd, 4319990.893, 103
Trd, 4319992.843, 102
Trd, 4319996.343, 107
Trd, 4319997.843, 101
Trd, 4319997.893, 107
Trd, 4319998.043, 107
Trd, 4319999.193, 107
