Trd, 4317855.143, 98
Trd, 4317858.143, 96
Trd, 4317858.643, 97
Trd, 4317859.143, 97
Trd, 4317860.493, 100
Trd, 4317862.593, 97
Trd, 4317863.043, 95
Trd, 4317863.393, 95
Trd, 4317867.493, 104
Trd, 4317868.093, 104
Trd, 4317868.743, 103
Trd, 4317868.943, 103
Trd, 4317869.543, 105
Trd, 4317869.793, 112
Trd, 4317872.293, 104
Trd, 4317872.743, 103
Trd, 4317874.493, 103
Trd, 4317874.593, 103
Trd, 4317875.943, 102
Trd, 4317879.193, 98
Trd, 4317880.393, 98
Trd, 4317880.643, 98
Trd, 4317881.243, 99
Trd, 4317882.743, 103
Trd, 4317883.293, 98
Trd, 4317884.243, 99
Trd, 4317886.093, 94
Trd, 4317886.393, 95
Trd, 4317886.643, 94
Trd, 4317887.943, 95
Trd, 4317889.243, 104
Trd, 4317891.293, 95
Trd, 4317893.243, 96
Trd, 4317893.893, 105
Trd, 4317896.293, 99
Trd, 4317897.043, 101
Trd, 4317898.593, 101
Trd, 4317898.743, 102
Trd, 4317899.693, 101
Trd, 4317901.243, 102
Trd, 4317902.693, 102
Trd, 4317903.193, 103
Trd, 4317905.293, 101
Trd, 4317906.143, 102
Trd, 4317907.643, 102
Trd, 4317909.443, 102
Trd, 4317911.193, 102
Trd, 4317913.243, 101
Trd, 4317914.043, 100
Trd, 4317914.843, 101
Trd, 4317916.593, 100
Trd, 4317917.193, 101
Trd, 4317918.543, 101
Trd, 4317918.793, 102
Trd, 4317920.593, 101
Trd, 4317921.943, 104
Trd, 4317922.543, 104
Trd, 4317924.243, 105
Trd, 4317925.243, 105
Trd, 4317926.593, 100
Trd, 4317927.443, 100
Trd, 4317929.093, 99
Trd, 4317930.093, 100
Trd, 4317930.993, 104
Trd, 4317933.393, 100
Trd, 4317935.143, 99
Trd, 4317935.843, 99
Trd, 4317937.343, 100
Trd, 4317938.343, 100
Trd, 4317940.143, 101
Trd, 4317942.543, 102
Trd, 4317942.993, 104
Trd, 4317944.693, 102
Trd, 4317945.243, 99
Trd, 4317947.043, 100
Trd, 4317948.693, 99
Trd, 4317949.393, 99
Trd, 4317950.143, 94
Trd, 4317950.493, 99
Trd, 4317952.793, 98
Trd, 4317954.293, 113
Trd, 4317956.043, 98
Trd, 4317956.643, 99
Trd, 4317956.693, 98
Trd, 4317958.843, 99
Trd, 4317960.093, 100
Trd, 4317963.493, 100
Trd, 4317964.793, 100
Trd, 4317965.093, 101
Trd, 4317967.493, 101
Trd, 4317969.143, 102
Trd, 4317970.543, 100
Trd, 4317970.843, 100
Trd, 4317971.893, 99
Trd, 4317973.043, 99
Trd, 4317975.143, 102
Trd, 4317975.843, 100
Trd, 4317976.493, 100
Trd, 4317977.043, 101
Trd, 4317979.593, 102
Trd, 4317980.393, 100
Trd, 4317982.843, 100
Trd, 4317983.243, 101
Trd, 4317985.143, 101
Trd, 4317986.093, 101
Trd, 4317987.243, 99
Trd, 4317989.643, 100
Trd, 4317991.643, 99
Trd, 4317992.393, 100
Trd, 4317993.293, 100
Trd, 4317994.543, 102
Trd, 4317994.743, 113
Trd, 4317998.343, 105
Trd, 4318000.693, 104
Trd, 4318001.993, 104
Trd, 4318002.243, 104
Trd, 4318002.493, 103
Trd, 4318005.593, 103
Trd, 4318006.443, 103
Trd, 4318007.743, 102
Trd, 4318009.143, 102
Trd, 4318010.143, 102
Trd, 4318010.293, 101
Trd, 4318011.943, 102
Trd, 4318013.743, 101
Trd, 4318017.243, 101
Trd, 4318018.043, 102
Trd, 4318018.993, 102
Trd, 4318019.643, 101
Trd, 4318022.193, 100
Trd, 4318024.343, 100
Trd, 4318025.743, 100
Trd, 4318026.343, 100
Trd, 4318026.593, 101
Trd, 4318028.193, 99
Trd, 4318028.243, 98
Trd, 4318031.593, 102
Trd, 4318032.693, 99
Trd, 4318033.593, 99
Trd, 4318034.643, 100
Trd, 4318034.993, 99
Trd, 4318036.043, 98
Trd, 4318038.493, 98
Trd, 4318041.143, 94
Trd, 4318041.243, 94
Trd, 4318041.993, 94
Trd, 4318043.243, 94
Trd, 4318044.143, 94
Trd, 4318045.093, 95
Trd, 4318045.543, 104
Trd, 4318048.343, 95
Trd, 4318051.493, 97
Trd, 4318051.943, 96
Trd, 4318054.293, 96
Trd, 4318055.993, 96
Trd, 4318056.993, 96
Trd, 4318058.793, 94
Trd, 4318059.143, 96
Trd, 4318061.193, 97
Trd, 4318062.193, 96
Trd, 4318062.743, 101
Trd, 4318064.043, 96
Trd, 4318065.743, 98
Trd, 4318068.643, 99
Trd, 4318068.993, 99
Trd, 4318071.493, 100
Trd, 4318072.793, 100
Trd, 4318072.943, 104
Trd, 4318074.393, 101
Trd, 4318075.693, 101
Trd, 4318076.743, 101
Trd, 4318077.693, 102
Trd, 4318079.593, 104
Trd, 4318081.793, 102
Trd, 4318082.643, 103
Trd, 4318085.293, 103
Trd, 4318085.843, 103
Trd, 4318087.093, 102
Trd, 4318087.643, 100
Trd, 4318090.993, 101
Trd, 4318092.143, 101
Trd, 4318092.393, 104
Trd, 4318094.743, 100
Trd, 4318094.993, 95
Trd, 4318097.443, 101
Trd, 4318100.243, 101
Trd, 4318100.743, 101
Trd, 4318101.393, 104
Trd, 4318102.893, 100
Trd, 4318104.993, 101
Trd, 4318106.543, 102
Trd, 4318107.343, 101
Trd, 4318109.593, 101
Trd, 4318111.993, 101
Trd, 4318112.593, 100
Trd, 4318114.493, 99
Trd, 4318114.693, 100
Trd, 4318116.293, 98
Trd, 4318116.343, 100
Trd, 4318117.593, 99
Trd, 4318119.443, 99
Trd, 4318121.993, 96
Trd, 4318122.693, 97
Trd, 4318123.493, 97
Trd, 4318125.143, 96
Trd, 4318126.893, 97
Trd, 4318128.293, 95
Trd, 4318129.793, 97
Trd, 4318131.143, 97
Trd, 4318131.293, 96
Trd, 4318134.193, 99
Trd, 4318134.543, 98
Trd, 4318135.143, 97
Trd, 4318135.643, 103
Trd, 4318137.493, 97
Trd, 4318140.693, 99
Trd, 4318141.393, 99
Trd, 4318143.993, 97
Trd, 4318144.693, 97
Trd, 4318145.043, 97
Trd, 4318146.043, 98
Trd, 4318147.193, 96
Trd, 4318148.443, 97
Trd, 4318150.443, 104
Trd, 4318153.593, 99
Trd, 4318154.243, 98
Trd, 4318154.293, 96
Trd, 4318156.143, 98
Trd, 4318156.643, 97
Trd, 4318158.043, 99
Trd, 4318159.893, 94
Trd, 4318160.393, 95
Trd, 4318161.093, 97
Trd, 4318163.393, 98
Trd, 4318163.693, 97
Trd, 4318163.743, 100
Trd, 4318166.443, 98
Trd, 4318166.593, 97
Trd, 4318166.643, 105
Trd, 4318169.293, 100
Trd, 4318170.243, 103
Trd, 4318171.193, 102
Trd, 4318172.493, 100
Trd, 4318173.893, 100
Trd, 4318174.693, 97
Trd, 4318176.443, 99
Trd, 4318176.493, 104
Trd, 4318176.793, 99
Trd, 4318180.193, 98
Trd, 4318180.793, 96
Trd, 4318181.793, 97
Trd, 4318183.593, 96
Trd, 4318184.393, 95
Trd, 4318187.143, 96
Trd, 4318187.243, 97
Trd, 4318189.643, 97
Trd, 4318191.293, 98
Trd, 4318192.343, 96
Trd, 4318195.993, 101
Trd, 4318196.443, 102
Trd, 4318197.543, 104
Trd, 4318198.093, 102
Trd, 4318200.143, 112
Trd, 4318201.543, 102
Trd, 4318202.443, 104
Trd, 4318202.693, 100
Trd, 4318202.843, 121
Trd, 4318205.443, 114
Trd, 4318205.543, 112
Trd, 4318208.743, 112
Trd, 4318209.543, 111
Trd, 4318211.343, 109
Trd, 4318211.543, 108
Trd, 4318214.193, 104
Trd, 4318214.343, 106
Trd, 4318216.993, 103
Trd, 4318217.943, 122
Trd, 4318220.393, 106
Trd, 4318220.543, 104
Trd, 4318221.943, 105
Trd, 4318224.543, 104
Trd, 4318224.843, 105
Trd, 4318225.293, 104
Trd, 4318226.093, 104
Trd, 4318227.593, 104
Trd, 4318228.993, 102
Trd, 4318231.743, 102
Trd, 4318231.943, 102
Trd, 4318232.543, 101
Trd, 4318234.193, 102
Trd, 4318234.993, 101
Trd, 4318236.543, 104
Trd, 4318237.593, 99
Trd, 4318240.243, 96
Trd, 4318240.593, 95
Trd, 4318242.493, 96
Trd, 4318243.393, 96
Trd, 4318244.893, 104
Trd, 4318246.843, 97
Trd, 4318247.593, 98
Trd, 4318248.293, 96
Trd, 4318249.443, 98
Trd, 4318250.543, 98
Trd, 4318252.693, 99
Trd, 4318254.893, 98
Trd, 4318256.493, 98
Trd, 4318257.193, 97
Trd, 4318258.393, 95
Trd, 4318259.043, 95
Trd, 4318262.043, 96
Trd, 4318264.393, 97
Trd, 4318264.793, 95
Trd, 4318265.193, 97
Trd, 4318266.943, 103
Trd, 4318269.543, 96
Trd, 4318269.793, 95
Trd, 4318269.843, 98
Trd, 4318272.893, 97
Trd, 4318274.593, 96
Trd, 4318276.193, 95
Trd, 4318276.743, 96
Trd, 4318279.493, 96
Trd, 4318280.143, 96
Trd, 4318281.793, 95
Trd, 4318282.043, 96
Trd, 4318286.293, 94
Trd, 4318287.143, 95
Trd, 4318287.443, 95
Trd, 4318288.393, 95
Trd, 4318290.843, 95
Trd, 4318291.193, 93
Trd, 4318293.493, 93
Trd, 4318297.043, 94
Trd, 4318297.693, 94
Trd, 4318298.493, 93
Trd, 4318298.943, 92
Trd, 4318300.643, 91
Trd, 4318303.493, 93
Trd, 4318304.643, 92
Trd, 4318305.243, 94
Trd, 4318307.243, 91
Trd, 4318308.143, 94
Trd, 4318311.693, 98
Trd, 4318311.993, 97
Trd, 4318313.693, 96
Trd, 4318314.643, 95
Trd, 4318315.893, 103
Trd, 4318316.943, 95
Trd, 4318319.243, 97
Trd, 4318319.293, 99
Trd, 4318322.093, 100
Trd, 4318322.943, 98
Trd, 4318325.943, 100
Trd, 4318326.693, 100
Trd, 4318327.893, 100
Trd, 4318328.693, 103
Trd, 4318331.593, 97
Trd, 4318331.643, 98
Trd, 4318332.893, 98
Trd, 4318333.743, 98
Trd, 4318335.793, 99
Trd, 4318336.243, 98
Trd, 4318337.593, 101
Trd, 4318338.193, 100
Trd, 4318339.893, 104
Trd, 4318341.293, 109
Trd, 4318341.543, 103
Trd, 4318342.693, 104
Trd, 4318344.493, 109
Trd, 4318347.643, 113
Trd, 4318348.143, 112
Trd, 4318348.593, 109
Trd, 4318349.043, 112
Trd, 4318352.493, 106
Trd, 4318352.543, 103
Trd, 4318353.493, 106
Trd, 4318353.693, 106
Trd, 4318354.493, 105
Trd, 4318358.793, 101
Trd, 4318360.793, 100
Trd, 4318361.993, 97
Trd, 4318363.943, 97
Trd, 4318364.143, 97
Trd, 4318366.893, 97
Trd, 4318368.743, 99
Trd, 4318369.343, 101
Trd, 4318371.793, 99
Trd, 4318372.343, 98
Trd, 4318374.493, 96
Trd, 4318375.043, 95
Trd, 4318375.843, 95
Trd, 4318378.143, 95
Trd, 4318378.493, 96
Trd, 4318380.193, 94
Trd, 4318381.343, 95
Trd, 4318383.843, 94
Trd, 4318385.793, 95
Trd, 4318386.143, 95
Trd, 4318390.243, 95
Trd, 4318390.693, 94
Trd, 4318392.593, 95
Trd, 4318392.993, 95
Trd, 4318393.443, 94
Trd, 4318396.893, 95
Trd, 4318397.193, 95
Trd, 4318399.093, 95
Trd, 4318399.143, 94
Trd, 4318401.193, 95
Trd, 4318401.243, 92
Trd, 4318401.893, 104
Trd, 4318404.743, 94
Trd, 4318405.943, 93
Trd, 4318406.143, 93
Trd, 4318407.943, 95
Trd, 4318408.393, 94
Trd, 4318410.193, 95
Trd, 4318413.643, 97
Trd, 4318413.843, 95
Trd, 4318414.043, 103
Trd, 4318414.893, 96
Trd, 4318415.143, 103
Trd, 4318418.293, 99
Trd, 4318418.443, 98
Trd, 4318419.093, 97
Trd, 4318420.093, 98
Trd, 4318424.093, 98
Trd, 4318424.493, 97
Trd, 4318424.993, 96
Trd, 4318425.143, 98
Trd, 4318426.193, 112
Trd, 4318428.443, 96
Trd, 4318429.893, 99
Trd, 4318432.293, 99
Trd, 4318433.093, 100
Trd, 4318433.893, 99
Trd, 4318434.443, 99
Trd, 4318435.243, 99
Trd, 4318438.043, 95
Trd, 4318438.943, 95
Trd, 4318439.093, 93
Trd, 4318440.493, 98
Trd, 4318442.993, 97
Trd, 4318443.943, 98
Trd, 4318444.693, 97
Trd, 4318447.193, 96
Trd, 4318448.243, 96
Trd, 4318448.743, 104
Trd, 4318450.743, 103
Trd, 4318451.993, 109
Trd, 4318453.793, 103
Trd, 4318456.243, 103
Trd, 4318457.593, 102
Trd, 4318457.943, 103
Trd, 4318458.143, 105
Trd, 4318459.993, 103
Trd, 4318460.943, 102
Trd, 4318461.243, 103
Trd, 4318461.643, 102
Trd, 4318464.593, 101
Trd, 4318467.243, 102
Trd, 4318468.543, 100
Trd, 4318470.993, 98
Trd, 4318471.643, 98
Trd, 4318472.243, 98
Trd, 4318473.343, 98
Trd, 4318474.643, 98
Trd, 4318474.993, 99
Trd, 4318477.443, 98
Trd, 4318478.443, 97
Trd, 4318479.543, 98
Trd, 4318481.243, 96
Trd, 4318482.843, 95
Trd, 4318483.793, 97
Trd, 4318484.443, 98
Trd, 4318485.193, 95
Trd, 4318486.893, 98
Trd, 4318487.093, 98
Trd, 4318488.643, 98
Trd, 4318489.143, 97
Trd, 4318491.843, 97
Trd, 4318492.993, 96
Trd, 4318494.343, 121
Trd, 4318495.493, 107
Trd, 4318497.543, 101
Trd, 4318498.793, 98
Trd, 4318499.643, 101
Trd, 4318501.293, 99
Trd, 4318502.443, 97
Trd, 4318503.143, 98
Trd, 4318503.843, 99
Trd, 4318504.943, 95
Trd, 4318506.293, 95
Trd, 4318508.543, 95
Trd, 4318509.993, 94
Trd, 4318510.193, 93
Trd, 4318511.393, 96
Trd, 4318511.893, 95
Trd, 4318514.593, 95
Trd, 4318514.943, 93
Trd, 4318516.793, 94
Trd, 4318517.143, 95
Trd, 4318521.743, 95
Trd, 4318523.943, 100
Trd, 4318524.393, 104
Trd, 4318524.493, 99
Trd, 4318526.943, 101
Trd, 4318528.393, 111
Trd, 4318531.043, 104
Trd, 4318533.293, 103
Trd, 4318533.593, 101
Trd, 4318534.743, 103
Trd, 4318535.693, 103
Trd, 4318536.693, 104
Trd, 4318538.443, 103
Trd, 4318538.643, 103
Trd, 4318541.693, 103
Trd, 4318542.593, 101
Trd, 4318546.143, 101
Trd, 4318546.343, 101
Trd, 4318546.793, 101
Trd, 4318548.043, 101
Trd, 4318548.693, 113
Trd, 4318550.993, 103
Trd, 4318551.593, 102
Trd, 4318551.843, 101
Trd, 4318553.693, 100
Trd, 4318555.843, 101
Trd, 4318557.193, 101
Trd, 4318557.893, 104
Trd, 4318558.693, 103
Trd, 4318560.343, 110
Trd, 4318562.493, 105
Trd, 4318562.893, 108
Trd, 4318564.943, 107
Trd, 4318564.993, 108
Trd, 4318566.343, 107
Trd, 4318566.793, 107
Trd, 4318568.593, 106
Trd, 4318569.843, 106
Trd, 4318573.143, 106
Trd, 4318574.193, 105
Trd, 4318576.693, 106
Trd, 4318576.743, 105
Trd, 4318578.443, 103
Trd, 4318578.943, 102
Trd, 4318580.393, 101
Trd, 4318582.593, 101
Trd, 4318584.893, 100
Trd, 4318585.943, 101
Trd, 4318586.343, 99
Trd, 4318586.743, 102
Trd, 4318589.243, 100
Trd, 4318589.543, 99
Trd, 4318592.693, 100
Trd, 4318593.493, 99
Trd, 4318594.593, 100
Trd, 4318597.243, 99
Trd, 4318597.893, 99
Trd, 4318599.143, 99
Trd, 4318600.593, 98
Trd, 4318602.693, 98
Trd, 4318604.243, 98
Trd, 4318605.743, 98
Trd, 4318606.093, 98
Trd, 4318606.793, 95
Trd, 4318609.393, 100
Trd, 4318611.943, 98
Trd, 4318613.193, 97
Trd, 4318614.093, 96
Trd, 4318614.793, 95
Trd, 4318617.443, 94
Trd, 4318618.243, 96
Trd, 4318619.843, 113
Trd, 4318621.093, 100
Trd, 4318622.543, 101
Trd, 4318623.493, 102
Trd, 4318624.043, 105
Trd, 4318625.143, 103
Trd, 4318628.093, 97
Trd, 4318628.443, 101
Trd, 4318629.043, 114
Trd, 4318630.543, 101
Trd, 4318631.193, 101
Trd, 4318632.943, 101
Trd, 4318633.943, 100
Trd, 4318635.293, 99
Trd, 4318636.843, 100
Trd, 4318637.543, 100
Trd, 4318639.043, 98
Trd, 4318641.743, 97
Trd, 4318642.593, 97
Trd, 4318645.043, 100
Trd, 4318646.393, 100
Trd, 4318646.693, 100
Trd, 4318648.443, 104
Trd, 4318652.393, 107
Trd, 4318652.793, 106
Trd, 4318652.943, 103
Trd, 4318655.693, 106
Trd, 4318655.993, 108
Trd, 4318656.793, 104
Trd, 4318659.193, 104
Trd, 4318659.393, 103
Trd, 4318660.993, 103
Trd, 4318662.293, 101
Trd, 4318664.293, 99
Trd, 4318664.343, 100
Trd, 4318665.543, 99
Trd, 4318668.643, 99
Trd, 4318669.293, 100
Trd, 4318670.043, 100
Trd, 4318671.493, 100
Trd, 4318673.243, 100
Trd, 4318673.293, 102
Trd, 4318677.843, 100
Trd, 4318679.993, 98
Trd, 4318680.293, 99
Trd, 4318682.593, 99
Trd, 4318683.893, 100
Trd, 4318684.843, 99
Trd, 4318685.793, 98
Trd, 4318685.843, 104
Trd, 4318689.443, 98
Trd, 4318689.843, 99
Trd, 4318691.643, 98
Trd, 4318692.243, 99
Trd, 4318693.993, 98
Trd, 4318696.443, 99
Trd, 4318697.493, 99
Trd, 4318698.393, 101
Trd, 4318699.693, 100
Trd, 4318701.143, 101
Trd, 4318701.943, 101
Trd, 4318703.243, 100
Trd, 4318703.293, 101
Trd, 4318705.243, 103
Trd, 4318706.443, 102
Trd, 4318708.943, 103
Trd, 4318710.693, 102
Trd, 4318713.143, 101
Trd, 4318713.243, 100
Trd, 4318713.493, 102
Trd, 4318716.693, 100
Trd, 4318716.893, 101
Trd, 4318719.643, 102
Trd, 4318721.343, 103
Trd, 4318723.343, 101
Trd, 4318725.493, 102
Trd, 4318726.443, 102
Trd, 4318726.593, 103
Trd, 4318727.143, 103
Trd, 4318728.093, 104
Trd, 4318730.593, 103
Trd, 4318731.143, 104
Trd, 4318731.543, 103
Trd, 4318733.593, 100
Trd, 4318735.593, 103
Trd, 4318736.593, 103
Trd, 4318738.993, 102
Trd, 4318740.043, 102
Trd, 4318742.293, 102
Trd, 4318742.693, 101
Trd, 4318744.043, 101
Trd, 4318744.643, 100
Trd, 4318746.943, 98
Trd, 4318749.693, 98
Trd, 4318751.943, 98
Trd, 4318752.643, 99
Trd, 4318753.793, 99
Trd, 4318756.093, 99
Trd, 4318756.943, 101
Trd, 4318760.493, 99
Trd, 4318760.943, 100
Trd, 4318762.693, 98
Trd, 4318764.493, 98
Trd, 4318764.593, 99
Trd, 4318765.793, 99
Trd, 4318768.543, 105
Trd, 4318770.843, 107
Trd, 4318771.393, 107
Trd, 4318772.143, 103
Trd, 4318772.843, 103
Trd, 4318774.243, 99
Trd, 4318774.443, 100
Trd, 4318776.793, 100
Trd, 4318778.893, 104
Trd, 4318780.693, 106
Trd, 4318781.443, 104
Trd, 4318782.493, 105
Trd, 4318784.493, 100
Trd, 4318785.143, 95
Trd, 4318785.443, 101
Trd, 4318786.643, 101
Trd, 4318787.343, 99
Trd, 4318790.943, 101
Trd, 4318791.093, 103
Trd, 4318791.743, 97
Trd, 4318794.093, 100
Trd, 4318795.243, 100
Trd, 4318797.293, 97
Trd, 4318797.793, 104
Trd, 4318798.893, 98
Trd, 4318799.243, 97
Trd, 4318801.643, 95
Trd, 4318803.743, 98
Trd, 4318806.143, 101
Trd, 4318806.293, 100
Trd, 4318806.693, 100
Trd, 4318808.543, 103
Trd, 4318809.343, 104
Trd, 4318810.493, 103
Trd, 4318811.543, 102
Trd, 4318813.793, 102
Trd, 4318815.043, 101
Trd, 4318815.293, 95
Trd, 4318817.443, 101
Trd, 4318819.593, 101
Trd, 4318821.293, 100
Trd, 4318822.193, 99
Trd, 4318823.893, 99
Trd, 4318825.093, 100
Trd, 4318826.343, 99
Trd, 4318827.243, 100
Trd, 4318828.043, 100
Trd, 4318829.293, 100
Trd, 4318830.593, 104
Trd, 4318833.793, 100
Trd, 4318835.793, 101
Trd, 4318836.493, 100
Trd, 4318837.993, 99
Trd, 4318839.793, 98
Trd, 4318840.493, 97
Trd, 4318841.943, 97
Trd, 4318842.943, 98
Trd, 4318844.943, 103
Trd, 4318846.443, 100
Trd, 4318846.793, 99
Trd, 4318850.293, 99
Trd, 4318851.043, 99
Trd, 4318853.643, 98
Trd, 4318854.143, 98
Trd, 4318856.293, 97
Trd, 4318857.493, 97
Trd, 4318858.693, 96
Trd, 4318859.043, 95
Trd, 4318859.493, 113
Trd, 4318861.743, 101
Trd, 4318864.443, 100
Trd, 4318864.843, 100
Trd, 4318867.743, 101
Trd, 4318868.843, 101
Trd, 4318869.043, 102
Trd, 4318871.593, 103
Trd, 4318872.193, 101
Trd, 4318873.493, 102
Trd, 4318874.893, 121
Trd, 4318877.593, 105
Trd, 4318878.143, 105
Trd, 4318878.543, 105
Trd, 4318878.843, 103
Trd, 4318880.393, 104
Trd, 4318880.893, 102
Trd, 4318883.343, 104
Trd, 4318884.493, 104
Trd, 4318885.043, 102
Trd, 4318887.293, 100
Trd, 4318888.643, 100
Trd, 4318888.743, 100
Trd, 4318890.093, 99
Trd, 4318892.593, 122
Trd, 4318892.693, 112
Trd, 4318893.943, 105
Trd, 4318896.193, 103
Trd, 4318897.093, 102
Trd, 4318897.493, 104
Trd, 4318898.993, 103
Trd, 4318899.943, 102
Trd, 4318900.043, 103
Trd, 4318902.043, 101
Trd, 4318903.493, 98
Trd, 4318904.543, 96
Trd, 4318905.293, 97
Trd, 4318906.693, 99
Trd, 4318906.993, 98
Trd, 4318907.593, 97
Trd, 4318908.043, 94
Trd, 4318912.043, 98
Trd, 4318912.293, 97
Trd, 4318913.593, 98
Trd, 4318917.243, 96
Trd, 4318917.843, 96
Trd, 4318918.843, 109
Trd, 4318920.743, 95
Trd, 4318921.093, 97
Trd, 4318922.593, 96
Trd, 4318925.543, 96
Trd, 4318927.593, 94
Trd, 4318928.293, 93
Trd, 4318928.943, 105
Trd, 4318929.593, 95
Trd, 4318931.093, 112
Trd, 4318935.443, 97
Trd, 4318937.993, 99
Trd, 4318938.993, 101
Trd, 4318939.643, 105
Trd, 4318941.893, 103
Trd, 4318942.443, 101
Trd, 4318946.593, 101
Trd, 4318948.243, 102
Trd, 4318948.693, 100
Trd, 4318950.643, 98
Trd, 4318952.143, 98
Trd, 4318955.693, 95
Trd, 4318955.843, 96
Trd, 4318956.443, 96
Trd, 4318957.693, 97
Trd, 4318959.043, 97
Trd, 4318960.043, 98
Trd, 4318961.043, 96
Trd, 4318963.893, 97
Trd, 4318965.193, 97
Trd, 4318966.393, 97
Trd, 4318967.193, 97
Trd, 4318970.293, 97
Trd, 4318972.193, 98
Trd, 4318972.593, 100
Trd, 4318975.443, 99
Trd, 4318975.943, 98
Trd, 4318978.093, 102
Trd, 4318978.343, 102
Trd, 4318978.843, 101
Trd, 4318981.343, 101
Trd, 4318983.043, 101
Trd, 4318984.043, 104
Trd, 4318985.493, 101
Trd, 4318985.693, 101
Trd, 4318987.893, 101
Trd, 4318988.243, 101
Trd, 4318989.993, 100
Trd, 4318993.443, 100
Trd, 4318994.593, 99
Trd, 4318994.743, 104
Trd, 4318997.093, 99
Trd, 4318999.643, 98
Trd, 4318999.843, 98
Trd, 4319001.843, 103
Trd, 4319002.143, 97
Trd, 4319002.193, 96
Trd, 4319004.793, 97
Trd, 4319005.593, 98
Trd, 4319009.693, 97
Trd, 4319010.293, 97
Trd, 4319011.493, 98
Trd, 4319011.593, 104
Trd, 4319012.743, 98
Trd, 4319015.543, 99
Trd, 4319015.693, 98
Trd, 4319016.393, 98
Trd, 4319017.743, 97
Trd, 4319017.893, 96
Trd, 4319019.543, 95
Trd, 4319020.393, 96
Trd, 4319020.743, 104
Trd, 4319022.093, 95
Trd, 4319023.293, 95
Trd, 4319026.243, 95
Trd, 4319027.493, 95
Trd, 4319029.093, 95
Trd, 4319029.343, 105
Trd, 4319031.643, 98
Trd, 4319032.393, 97
Trd, 4319034.743, 100
Trd, 4319035.093, 98
Trd, 4319039.093, 97
Trd, 4319039.643, 97
Trd, 4319039.843, 99
Trd, 4319040.943, 98
Trd, 4319042.193, 100
Trd, 4319044.093, 102
Trd, 4319044.593, 102
Trd, 4319046.343, 100
Trd, 4319047.893, 100
Trd, 4319050.293, 96
Trd, 4319050.743, 96
Trd, 4319052.643, 98
Trd, 4319053.643, 98
Trd, 4319054.793, 104
Trd, 4319057.293, 97
Trd, 4319057.993, 96
Trd, 4319058.343, 96
Trd, 4319059.893, 96
Trd, 4319060.543, 96
Trd, 4319063.193, 113
Trd, 4319066.293, 107
Trd, 4319067.593, 108
Trd, 4319067.943, 103
Trd, 4319069.243, 102
Trd, 4319070.443, 102
Trd, 4319071.893, 102
Trd, 4319073.243, 102
Trd, 4319074.893, 103
Trd, 4319075.143, 103
Trd, 4319075.893, 104
Trd, 4319077.893, 101
Trd, 4319078.443, 100
Trd, 4319080.293, 95
Trd, 4319081.343, 96
Trd, 4319083.043, 97
Trd, 4319084.393, 99
Trd, 4319085.043, 97
Trd, 4319087.643, 97
Trd, 4319088.793, 97
Trd, 4319090.043, 96
Trd, 4319091.093, 95
Trd, 4319092.193, 97
Trd, 4319092.443, 95
Trd, 4319092.693, 96
Trd, 4319094.893, 95
Trd, 4319096.643, 103
Trd, 4319097.593, 98
Trd, 4319098.343, 99
Trd, 4319100.343, 104
Trd, 4319101.343, 99
Trd, 4319105.493, 99
Trd, 4319106.543, 99
Trd, 4319107.293, 99
Trd, 4319108.193, 104
Trd, 4319110.743, 100
Trd, 4319113.793, 99
Trd, 4319116.493, 100
Trd, 4319117.243, 99
Trd, 4319117.343, 100
Trd, 4319120.743, 98
Trd, 4319121.093, 98
Trd, 4319121.793, 98
Trd, 4319123.693, 96
Trd, 4319127.243, 97
Trd, 4319128.193, 95
Trd, 4319129.043, 95
Trd, 4319129.743, 97
Trd, 4319132.043, 97
Trd, 4319132.293, 98
Trd, 4319132.893, 98
Trd, 4319135.043, 102
Trd, 4319135.643, 100
Trd, 4319135.793, 104
Trd, 4319138.693, 100
Trd, 4319139.393, 100
Trd, 4319141.043, 101
Trd, 4319142.543, 101
Trd, 4319143.043, 101
Trd, 4319143.493, 101
Trd, 4319144.093, 100
Trd, 4319146.243, 101
Trd, 4319147.943, 101
Trd, 4319148.793, 101
Trd, 4319150.043, 101
Trd, 4319150.693, 104
Trd, 4319152.243, 101
Trd, 4319152.893, 101
Trd, 4319155.143, 101
Trd, 4319156.693, 100
Trd, 4319157.443, 100
Trd, 4319157.693, 101
Trd, 4319160.743, 100
Trd, 4319162.093, 99
Trd, 4319164.293, 100
Trd, 4319165.743, 98
Trd, 4319166.143, 99
Trd, 4319168.043, 98
Trd, 4319169.143, 98
Trd, 4319170.643, 104
Trd, 4319171.593, 100
Trd, 4319173.243, 99
Trd, 4319174.693, 100
Trd, 4319175.493, 100
Trd, 4319175.843, 100
Trd, 4319178.943, 103
Trd, 4319181.343, 98
Trd, 4319182.893, 99
Trd, 4319184.193, 98
Trd, 4319186.143, 102
Trd, 4319186.943, 100
Trd, 4319187.693, 104
Trd, 4319191.943, 109
Trd, 4319193.593, 109
Trd, 4319193.993, 106
Trd, 4319195.643, 110
Trd, 4319196.993, 109
Trd, 4319199.693, 108
Trd, 4319200.143, 108
Trd, 4319200.343, 108
Trd, 4319202.143, 106
Trd, 4319203.243, 105
Trd, 4319203.593, 104
Trd, 4319204.293, 104
Trd, 4319205.693, 103
Trd, 4319207.693, 98
Trd, 4319208.643, 97
Trd, 4319210.293, 97
Trd, 4319210.943, 97
Trd, 4319214.293, 100
Trd, 4319214.343, 98
Trd, 4319214.593, 101
Trd, 4319215.593, 100
Trd, 4319216.593, 104
Trd, 4319220.043, 103
Trd, 4319221.893, 102
Trd, 4319222.793, 101
Trd, 4319222.893, 102
Trd, 4319225.393, 103
Trd, 4319225.843, 103
Trd, 4319227.593, 103
Trd, 4319228.743, 101
Trd, 4319229.793, 102
Trd, 4319232.493, 102
Trd, 4319234.143, 101
Trd, 4319234.643, 100
Trd, 4319235.793, 100
Trd, 4319236.293, 98
Trd, 4319236.943, 99
Trd, 4319237.793, 97
Trd, 4319238.943, 94
Trd, 4319240.943, 96
Trd, 4319242.643, 96
Trd, 4319244.293, 96
Trd, 4319244.543, 96
Trd, 4319246.343, 97
Trd, 4319246.893, 96
Trd, 4319248.893, 97
Trd, 4319251.593, 97
Trd, 4319251.793, 103
Trd, 4319252.893, 101
Trd, 4319253.443, 104
Trd, 4319256.393, 101
Trd, 4319259.343, 107
Trd, 4319259.793, 107
Trd, 4319260.743, 94
Trd, 4319260.793, 104
Trd, 4319263.393, 103
Trd, 4319264.193, 102
Trd, 4319264.543, 101
Trd, 4319267.043, 103
Trd, 4319268.343, 103
Trd, 4319268.543, 103
Trd, 4319269.643, 102
Trd, 4319269.943, 104
Trd, 4319271.393, 103
Trd, 4319273.243, 102
Trd, 4319273.743, 101
Trd, 4319276.743, 102
Trd, 4319277.943, 103
Trd, 4319279.443, 102
Trd, 4319281.543, 101
Trd, 4319283.043, 102
Trd, 4319284.143, 100
Trd, 4319285.693, 100
Trd, 4319285.743, 101
Trd, 4319287.543, 102
Trd, 4319288.993, 100
Trd, 4319290.143, 99
Trd, 4319291.443, 101
Trd, 4319291.843, 101
Trd, 4319294.293, 101
Trd, 4319296.143, 101
Trd, 4319296.643, 99
Trd, 4319297.293, 98
Trd, 4319298.443, 96
Trd, 4319299.443, 97
Trd, 4319299.943, 96
Trd, 4319301.493, 97
Trd, 4319303.143, 95
Trd, 4319305.343, 95
Trd, 4319306.243, 95
Trd, 4319307.443, 96
Trd, 4319308.893, 95
Trd, 4319310.843, 97
Trd, 4319312.043, 99
Trd, 4319312.943, 97
Trd, 4319313.243, 96
Trd, 4319313.993, 97
Trd, 4319316.043, 95
Trd, 4319316.593, 96
Trd, 4319319.293, 103
Trd, 4319320.043, 104
Trd, 4319321.543, 113
Trd, 4319322.843, 103
Trd, 4319324.193, 104
Trd, 4319324.793, 103
Trd, 4319327.443, 101
Trd, 4319328.493, 104
Trd, 4319332.343, 99
Trd, 4319333.193, 97
Trd, 4319333.893, 99
Trd, 4319335.143, 97
Trd, 4319335.793, 97
Trd, 4319339.293, 98
Trd, 4319340.743, 99
Trd, 4319341.543, 99
Trd, 4319341.743, 100
Trd, 4319345.843, 98
Trd, 4319346.343, 99
Trd, 4319346.543, 100
Trd, 4319348.243, 99
Trd, 4319350.043, 98
Trd, 4319352.443, 98
Trd, 4319353.193, 98
Trd, 4319353.693, 98
Trd, 4319356.943, 97
Trd, 4319357.243, 98
Trd, 4319359.343, 98
Trd, 4319360.043, 98
Trd, 4319363.393, 99
Trd, 4319364.043, 100
Trd, 4319365.493, 100
Trd, 4319367.643, 102
Trd, 4319369.393, 100
Trd, 4319370.193, 99
Trd, 4319370.643, 98
Trd, 4319372.893, 104
Trd, 4319374.343, 98
Trd, 4319375.293, 97
Trd, 4319375.843, 122
Trd, 4319381.143, 100
Trd, 4319381.893, 99
Trd, 4319383.193, 99
Trd, 4319384.793, 99
Trd, 4319385.393, 99
Trd, 4319385.993, 98
Trd, 4319388.393, 97
Trd, 4319390.643, 96
Trd, 4319392.193, 97
Trd, 4319392.943, 97
Trd, 4319394.443, 96
Trd, 4319395.843, 95
Trd, 4319396.143, 95
Trd, 4319397.993, 98
Trd, 4319398.043, 97
Trd, 4319399.643, 103
Trd, 4319402.243, 98
Trd, 4319404.243, 96
Trd, 4319406.593, 101
Trd, 4319407.293, 101
Trd, 4319409.493, 101
Trd, 4319409.643, 103
Trd, 4319410.943, 102
Trd, 4319411.143, 103
Trd, 4319411.193, 100
Trd, 4319413.943, 99
Trd, 4319416.443, 100
Trd, 4319416.643, 101
Trd, 4319420.393, 99
Trd, 4319421.593, 99
Trd, 4319422.193, 100
Trd, 4319423.843, 101
Trd, 4319424.893, 101
Trd, 4319425.743, 102
Trd, 4319427.343, 103
Trd, 4319428.393, 103
Trd, 4319429.043, 103
Trd, 4319432.443, 101
Trd, 4319432.793, 101
Trd, 4319433.743, 101
Trd, 4319434.443, 104
Trd, 4319434.743, 100
Trd, 4319437.643, 101
Trd, 4319438.593, 101
Trd, 4319439.743, 100
Trd, 4319440.843, 102
Trd, 4319441.393, 102
Trd, 4319441.843, 103
Trd, 4319442.643, 102
Trd, 4319444.843, 102
Trd, 4319445.643, 102
Trd, 4319447.043, 101
Trd, 4319447.593, 85
Trd, 4319448.343, 96
Trd, 4319448.543, 97
Trd, 4319450.043, 97
Trd, 4319452.443, 102
Trd, 4319454.343, 103
Trd, 4319454.843, 103
Trd, 4319455.893, 102
Trd, 4319457.793, 103
Trd, 4319457.993, 104
Trd, 4319459.243, 102
Trd, 4319460.843, 103
Trd, 4319461.093, 102
Trd, 4319462.243, 101
Trd, 4319463.693, 102
Trd, 4319466.093, 112
Trd, 4319466.943, 104
Trd, 4319467.843, 103
Trd, 4319470.343, 101
Trd, 4319470.743, 98
Trd, 4319471.143, 100
Trd, 4319471.293, 101
Trd, 4319474.693, 101
Trd, 4319477.343, 102
Trd, 4319477.743, 102
Trd, 4319479.043, 102
Trd, 4319479.793, 102
Trd, 4319480.643, 102
Trd, 4319481.793, 104
Trd, 4319485.593, 104
Trd, 4319486.693, 104
Trd, 4319487.843, 106
Trd, 4319488.393, 105
Trd, 4319491.593, 105
Trd, 4319491.793, 105
Trd, 4319495.393, 105
Trd, 4319495.443, 103
Trd, 4319496.343, 105
Trd, 4319497.993, 102
Trd, 4319499.093, 103
Trd, 4319500.143, 102
Trd, 4319503.143, 103
Trd, 4319505.493, 103
Trd, 4319506.143, 101
Trd, 4319507.793, 102
Trd, 4319508.293, 104
Trd, 4319510.793, 105
Trd, 4319510.943, 103
Trd, 4319511.443, 102
Trd, 4319511.943, 104
Trd, 4319512.943, 102
Trd, 4319514.193, 103
Trd, 4319514.443, 103
Trd, 4319515.043, 102
Trd, 4319518.293, 102
Trd, 4319520.793, 102
Trd, 4319522.243, 102
Trd, 4319523.093, 104
Trd, 4319525.793, 103
Trd, 4319526.093, 104
Trd, 4319526.193, 103
Trd, 4319528.443, 103
Trd, 4319529.693, 101
Trd, 4319530.343, 103
Trd, 4319531.493, 101
Trd, 4319532.693, 103
Trd, 4319533.093, 101
Trd, 4319534.493, 102
Trd, 4319535.643, 102
Trd, 4319538.143, 111
Trd, 4319539.943, 104
Trd, 4319541.043, 105
Trd, 4319541.793, 106
Trd, 4319542.293, 106
Trd, 4319543.643, 104
Trd, 4319545.093, 103
Trd, 4319545.843, 105
Trd, 4319548.143, 104
Trd, 4319548.743, 104
Trd, 4319548.793, 105
Trd, 4319550.943, 103
Trd, 4319553.143, 104
Trd, 4319553.843, 104
Trd, 4319554.493, 104
Trd, 4319556.893, 103
Trd, 4319557.593, 103
Trd, 4319560.043, 103
Trd, 4319560.843, 104
Trd, 4319562.043, 102
Trd, 4319566.093, 96
Trd, 4319567.043, 95
Trd, 4319567.893, 95
Trd, 4319568.643, 96
Trd, 4319570.143, 95
Trd, 4319571.043, 96
Trd, 4319573.993, 101
Trd, 4319575.943, 102
Trd, 4319576.743, 100
Trd, 4319577.793, 103
Trd, 4319578.943, 99
Trd, 4319580.043, 100
Trd, 4319581.343, 100
Trd, 4319581.793, 98
Trd, 4319583.543, 99
Trd, 4319585.443, 100
Trd, 4319586.043, 100
Trd, 4319586.293, 99
Trd, 4319586.743, 113
Trd, 4319589.743, 99
Trd, 4319590.743, 100
Trd, 4319592.093, 101
Trd, 4319594.243, 104
Trd, 4319595.393, 100
Trd, 4319597.943, 98
Trd, 4319599.393, 99
Trd, 4319599.743, 104
Trd, 4319602.093, 99
Trd, 4319604.493, 98
Trd, 4319605.443, 98
Trd, 4319605.593, 99
Trd, 4319607.893, 97
Trd, 4319608.993, 96
Trd, 4319610.093, 97
Trd, 4319611.243, 97
Trd, 4319613.893, 104
Trd, 4319614.743, 103
Trd, 4319616.693, 105
Trd, 4319617.093, 104
Trd, 4319618.243, 105
Trd, 4319618.343, 112
Trd, 4319620.643, 104
Trd, 4319622.393, 103
Trd, 4319626.293, 99
Trd, 4319626.843, 99
Trd, 4319626.893, 94
Trd, 4319627.093, 101
Trd, 4319630.193, 97
Trd, 4319631.143, 97
Trd, 4319633.143, 97
Trd, 4319635.893, 97
Trd, 4319636.943, 96
Trd, 4319637.393, 97
Trd, 4319637.443, 104
Trd, 4319641.243, 99
Trd, 4319641.843, 100
Trd, 4319643.343, 97
Trd, 4319644.243, 99
Trd, 4319646.993, 97
Trd, 4319647.593, 95
Trd, 4319648.543, 97
Trd, 4319649.293, 95
Trd, 4319654.043, 97
Trd, 4319654.893, 97
Trd, 4319655.043, 97
Trd, 4319655.693, 97
Trd, 4319657.543, 94
Trd, 4319660.143, 88
Trd, 4319662.343, 93
Trd, 4319662.643, 95
Trd, 4319664.793, 93
Trd, 4319665.343, 102
Trd, 4319669.593, 94
Trd, 4319670.643, 94
Trd, 4319671.593, 97
Trd, 4319671.693, 110
Trd, 4319672.843, 94
Trd, 4319673.493, 96
Trd, 4319676.093, 98
Trd, 4319676.943, 97
Trd, 4319677.093, 97
Trd, 4319680.543, 95
Trd, 4319681.793, 95
Trd, 4319681.843, 95
Trd, 4319683.693, 96
Trd, 4319684.093, 102
Trd, 4319686.393, 96
Trd, 4319687.643, 96
Trd, 4319687.993, 96
Trd, 4319692.693, 99
Trd, 4319693.243, 99
Trd, 4319693.793, 98
Trd, 4319695.343, 97
Trd, 4319697.743, 97
Trd, 4319697.943, 97
Trd, 4319698.043, 104
Trd, 4319700.243, 96
Trd, 4319702.643, 98
Trd, 4319703.943, 97
Trd, 4319705.743, 105
Trd, 4319708.293, 102
Trd, 4319709.093, 102
Trd, 4319711.393, 100
Trd, 4319711.743, 99
Trd, 4319712.743, 102
Trd, 4319713.693, 97
Trd, 4319714.543, 97
Trd, 4319715.493, 97
Trd, 4319717.843, 99
Trd, 4319718.443, 100
Trd, 4319718.743, 99
Trd, 4319720.693, 98
Trd, 4319722.943, 97
Trd, 4319723.593, 98
Trd, 4319723.743, 97
Trd, 4319725.593, 95
Trd, 4319725.743, 104
Trd, 4319726.643, 95
Trd, 4319728.993, 95
Trd, 4319729.393, 95
Trd, 4319732.093, 108
Trd, 4319732.843, 101
Trd, 4319734.243, 102
Trd, 4319736.143, 102
Trd, 4319737.443, 102
Trd, 4319737.743, 101
Trd, 4319739.593, 101
Trd, 4319741.493, 101
Trd, 4319742.243, 101
Trd, 4319743.493, 100
Trd, 4319747.543, 101
Trd, 4319748.193, 102
Trd, 4319748.893, 99
Trd, 4319751.043, 98
Trd, 4319751.593, 98
Trd, 4319752.093, 100
Trd, 4319753.493, 99
Trd, 4319753.793, 100
Trd, 4319757.343, 98
Trd, 4319757.693, 99
Trd, 4319759.993, 101
Trd, 4319760.493, 100
Trd, 4319761.243, 100
Trd, 4319761.993, 99
Trd, 4319763.743, 99
Trd, 4319763.943, 100
Trd, 4319766.543, 99
Trd, 4319768.093, 98
Trd, 4319768.743, 99
Trd, 4319770.343, 104
Trd, 4319772.243, 105
Trd, 4319772.793, 105
Trd, 4319773.743, 107
Trd, 4319775.243, 107
Trd, 4319777.193, 108
Trd, 4319778.993, 108
Trd, 4319779.343, 108
Trd, 4319780.743, 107
Trd, 4319782.293, 104
Trd, 4319783.243, 105
Trd, 4319785.693, 105
Trd, 4319788.593, 106
Trd, 4319789.743, 106
Trd, 4319790.443, 106
Trd, 4319791.043, 105
Trd, 4319792.943, 103
Trd, 4319794.443, 105
Trd, 4319795.693, 105
Trd, 4319796.593, 105
Trd, 4319797.843, 104
Trd, 4319798.093, 105
Trd, 4319800.543, 107
Trd, 4319801.043, 106
Trd, 4319802.593, 110
Trd, 4319806.543, 107
Trd, 4319807.343, 107
Trd, 4319807.493, 106
Trd, 4319808.043, 107
Trd, 4319809.143, 107
Trd, 4319812.493, 105
Trd, 4319813.543, 104
Trd, 4319815.643, 104
Trd, 4319816.143, 104
Trd, 4319816.843, 105
Trd, 4319818.343, 104
Trd, 4319819.343, 103
Trd, 4319821.143, 104
Trd, 4319822.043, 104
Trd, 4319822.993, 103
Trd, 4319824.093, 102
Trd, 4319825.843, 100
Trd, 4319826.493, 100
Trd, 4319826.793, 113
Trd, 4319829.243, 103
Trd, 4319832.243, 97
Trd, 4319832.943, 98
Trd, 4319833.743, 98
Trd, 4319835.493, 97
Trd, 4319835.593, 96
Trd, 4319836.693, 96
Trd, 4319837.343, 98
Trd, 4319839.643, 93
Trd, 4319839.993, 94
Trd, 4319840.843, 94
Trd, 4319841.993, 93
Trd, 4319846.243, 94
Trd, 4319847.543, 97
Trd, 4319847.793, 103
Trd, 4319849.443, 100
Trd, 4319851.893, 104
Trd, 4319852.393, 98
Trd, 4319854.493, 100
Trd, 4319854.993, 100
Trd, 4319856.443, 101
Trd, 4319857.893, 103
Trd, 4319860.593, 105
Trd, 4319862.143, 106
Trd, 4319863.143, 106
Trd, 4319863.243, 105
Trd, 4319865.893, 107
Trd, 4319866.043, 106
Trd, 4319867.743, 104
Trd, 4319868.993, 103
Trd, 4319869.143, 104
Trd, 4319871.743, 97
Trd, 4319872.843, 97
Trd, 4319874.593, 105
Trd, 4319876.043, 98
Trd, 4319876.693, 98
Trd, 4319878.843, 96
Trd, 4319879.843, 97
Trd, 4319882.293, 114
Trd, 4319883.743, 102
Trd, 4319884.343, 102
Trd, 4319885.243, 101
Trd, 4319885.943, 101
Trd, 4319886.793, 102
Trd, 4319889.093, 102
Trd, 4319890.293, 103
Trd, 4319892.643, 103
Trd, 4319894.443, 105
Trd, 4319895.193, 104
Trd, 4319896.093, 103
Trd, 4319898.143, 104
Trd, 4319900.793, 104
Trd, 4319902.143, 104
Trd, 4319902.243, 104
Trd, 4319904.543, 105
Trd, 4319904.743, 103
Trd, 4319907.393, 104
Trd, 4319908.543, 104
Trd, 4319909.043, 103
Trd, 4319910.043, 102
Trd, 4319911.643, 102
Trd, 4319913.943, 101
Trd, 4319915.243, 100
Trd, 4319915.543, 100
Trd, 4319916.793, 104
Trd, 4319919.043, 100
Trd, 4319920.193, 101
Trd, 4319922.693, 103
Trd, 4319923.993, 96
Trd, 4319924.993, 100
Trd, 4319926.743, 101
Trd, 4319926.893, 102
Trd, 4319930.343, 102
Trd, 4319931.143, 103
Trd, 4319931.693, 102
Trd, 4319932.493, 103
Trd, 4319933.793, 104
Trd, 4319934.743, 114
Trd, 4319936.643, 107
Trd, 4319938.493, 107
Trd, 4319939.443, 106
Trd, 4319939.943, 105
Trd, 4319941.643, 105
Trd, 4319943.443, 104
Trd, 4319944.043, 105
Trd, 4319944.793, 102
Trd, 4319945.343, 105
Trd, 4319947.843, 104
Trd, 4319948.343, 104
Trd, 4319948.793, 103
Trd, 4319949.643, 104
Trd, 4319951.243, 104
Trd, 4319953.293, 104
Trd, 4319954.893, 102
Trd, 4319956.443, 101
Trd, 4319957.043, 102
Trd, 4319959.393, 103
Trd, 4319959.593, 103
Trd, 4319959.643, 104
Trd, 4319961.743, 103
Trd, 4319962.643, 101
Trd, 4319963.743, 102
Trd, 4319964.343, 94
Trd, 4319965.593, 103
Trd, 4319967.743, 102
Trd, 4319969.693, 101
Trd, 4319970.143, 99
Trd, 4319971.643, 99
Trd, 4319972.843, 97
Trd, 4319974.093, 94
Trd, 4319975.093, 98
Trd, 4319975.643, 99
Trd, 4319977.743, 98
Trd, 4319979.643, 98
Trd, 4319980.293, 98
Trd, 4319981.693, 99
Trd, 4319981.893, 98
Trd, 4319983.693, 102
Trd, 4319983.893, 100
Trd, 4319984.543, 114
Trd, 4319986.243, 105
Trd, 4319986.793, 101
Trd, 4319989.043, 102
Trd, 4319991.843, 102
Trd, 4319992.143, 101
Trd, 4319995.043, 102
Trd, 4319995.543, 102
Trd, 4319997.893, 101
Trd, 4319998.643, 102
Trd, 4319999.893, 103
