Trd, 8638135.482, 113
Trd, 8638135.782, 135
Trd, 8638136.532, 66
Trd, 8638138.382, 98
Trd, 8638138.932, 114
Trd, 8638139.282, 99
Trd, 8638140.632, 102
Trd, 8638140.732, 100
Trd, 8638140.982, 95
Trd, 8638142.532, 130
Trd, 8638143.182, 137
Trd, 8638143.832, 115
Trd, 8638144.332, 140
Trd, 8638145.282, 118
Trd, 8638145.332, 100
Trd, 8638145.582, 96
Trd, 8638146.382, 140
Trd, 8638148.482, 140
Trd, 8638149.082, 140
Trd, 8638150.082, 140
Trd, 8638151.132, 140
Trd, 8638152.182, 140
Trd, 8638152.732, 140
Trd, 8638152.882, 139
Trd, 8638153.632, 120
Trd, 8638154.682, 136
Trd, 8638154.782, 124
Trd, 8638155.182, 109
Trd, 8638156.132, 140
Trd, 8638157.032, 140
Trd, 8638157.082, 139
Trd, 8638157.632, 129
Trd, 8638158.032, 105
Trd, 8638159.482, 133
Trd, 8638159.932, 116
Trd, 8638160.832, 130
Trd, 8638160.982, 114
Trd, 8638161.482, 98
Trd, 8638163.482, 120
Trd, 8638163.582, 119
Trd, 8638164.032, 116
Trd, 8638165.882, 134
Trd, 8638166.682, 140
Trd, 8638166.932, 132
Trd, 8638167.882, 134
Trd, 8638168.432, 134
Trd, 8638168.882, 133
Trd, 8638169.282, 98
Trd, 8638169.882, 80
Trd, 8638170.432, 139
Trd, 8638171.782, 133
Trd, 8638172.082, 98
Trd, 8638172.382, 89
Trd, 8638173.282, 114
Trd, 8638173.682, 132
Trd, 8638175.482, 140
Trd, 8638175.682, 140
Trd, 8638176.882, 140
Trd, 8638177.832, 140
Trd, 8638179.032, 91
Trd, 8638179.282, 124
Trd, 8638180.132, 87
Trd, 8638180.432, 81
Trd, 8638180.632, 78
Trd, 8638181.582, 106
Trd, 8638182.282, 120
Trd, 8638183.232, 80
Trd, 8638183.732, 62
Trd, 8638184.882, 67
Trd, 8638185.732, 68
Trd, 8638186.482, 127
Trd, 8638187.282, 103
Trd, 8638187.582, 85
Trd, 8638188.432, 113
Trd, 8638188.532, 112
Trd, 8638188.882, 111
Trd, 8638189.032, 110
Trd, 8638192.132, 131
Trd, 8638192.732, 122
Trd, 8638192.932, 122
Trd, 8638193.282, 122
Trd, 8638194.932, 113
Trd, 8638194.982, 121
Trd, 8638195.182, 135
Trd, 8638195.332, 109
Trd, 8638195.382, 108
Trd, 8638195.932, 76
Trd, 8638196.132, 103
Trd, 8638197.432, 137
Trd, 8638198.582, 133
Trd, 8638199.232, 137
Trd, 8638200.832, 140
Trd, 8638201.082, 140
Trd, 8638202.032, 137
Trd, 8638202.132, 117
Trd, 8638202.582, 63
Trd, 8638203.582, 100
Trd, 8638204.332, 140
Trd, 8638204.982, 119
Trd, 8638206.182, 133
Trd, 8638206.582, 119
Trd, 8638206.882, 85
Trd, 8638208.582, 73
Trd, 8638210.082, 140
Trd, 8638210.132, 140
Trd, 8638210.382, 98
Trd, 8638211.682, 126
Trd, 8638212.132, 91
Trd, 8638212.932, 90
Trd, 8638213.082, 97
Trd, 8638215.132, 63
Trd, 8638216.232, 82
Trd, 8638217.182, 81
Trd, 8638217.982, 122
Trd, 8638218.082, 81
Trd, 8638218.282, 80
Trd, 8638219.382, 92
Trd, 8638220.282, 87
Trd, 8638220.432, 102
Trd, 8638221.482, 123
Trd, 8638221.932, 129
Trd, 8638221.982, 124
Trd, 8638223.632, 140
Trd, 8638223.982, 140
Trd, 8638224.132, 140
Trd, 8638225.582, 133
Trd, 8638226.132, 107
Trd, 8638227.082, 139
Trd, 8638227.632, 121
Trd, 8638228.032, 136
Trd, 8638228.332, 136
Trd, 8638229.382, 122
Trd, 8638229.582, 121
Trd, 8638232.182, 134
Trd, 8638232.532, 138
Trd, 8638232.882, 133
Trd, 8638234.182, 132
Trd, 8638234.232, 132
Trd, 8638235.032, 104
Trd, 8638235.682, 118
Trd, 8638236.432, 132
Trd, 8638237.182, 133
Trd, 8638237.232, 120
Trd, 8638237.782, 125
Trd, 8638238.682, 60
Trd, 8638240.482, 60
Trd, 8638240.632, 70
Trd, 8638240.832, 64
Trd, 8638241.432, 61
Trd, 8638241.582, 61
Trd, 8638243.582, 139
Trd, 8638244.032, 105
Trd, 8638244.882, 67
Trd, 8638247.282, 101
Trd, 8638247.332, 69
Trd, 8638248.232, 69
Trd, 8638248.432, 72
Trd, 8638249.982, 128
Trd, 8638250.132, 126
Trd, 8638251.032, 89
Trd, 8638252.982, 140
Trd, 8638253.832, 140
Trd, 8638254.182, 140
Trd, 8638254.232, 140
Trd, 8638254.832, 139
Trd, 8638255.132, 132
Trd, 8638255.182, 116
Trd, 8638256.232, 133
Trd, 8638257.032, 130
Trd, 8638257.232, 128
Trd, 8638257.782, 127
Trd, 8638259.232, 140
Trd, 8638260.132, 109
Trd, 8638260.432, 108
Trd, 8638260.532, 94
Trd, 8638261.132, 71
Trd, 8638262.132, 60
Trd, 8638262.782, 63
Trd, 8638264.682, 129
Trd, 8638265.482, 100
Trd, 8638266.982, 109
Trd, 8638267.082, 115
Trd, 8638267.732, 114
Trd, 8638268.082, 115
Trd, 8638268.682, 110
Trd, 8638269.032, 110
Trd, 8638269.982, 110
Trd, 8638270.032, 116
Trd, 8638271.032, 104
Trd, 8638271.082, 103
Trd, 8638271.532, 140
Trd, 8638272.832, 134
Trd, 8638273.382, 129
Trd, 8638274.082, 104
Trd, 8638274.782, 132
Trd, 8638277.282, 111
Trd, 8638277.982, 110
Trd, 8638278.182, 95
Trd, 8638278.432, 96
Trd, 8638278.632, 93
Trd, 8638279.132, 88
Trd, 8638279.732, 125
Trd, 8638281.332, 79
Trd, 8638281.982, 99
Trd, 8638282.532, 92
Trd, 8638283.732, 104
Trd, 8638284.082, 107
Trd, 8638284.132, 106
Trd, 8638284.832, 81
Trd, 8638285.632, 140
Trd, 8638285.682, 117
Trd, 8638286.682, 63
Trd, 8638287.432, 70
Trd, 8638287.532, 67
Trd, 8638287.682, 104
Trd, 8638289.332, 62
Trd, 8638289.432, 63
Trd, 8638290.232, 63
Trd, 8638291.032, 140
Trd, 8638292.032, 84
Trd, 8638292.132, 79
Trd, 8638292.982, 78
Trd, 8638293.232, 83
Trd, 8638294.682, 128
Trd, 8638294.882, 126
Trd, 8638295.982, 102
Trd, 8638296.282, 100
Trd, 8638296.982, 106
Trd, 8638297.832, 106
Trd, 8638298.082, 137
Trd, 8638298.532, 99
Trd, 8638298.982, 123
Trd, 8638299.532, 110
Trd, 8638300.232, 140
Trd, 8638300.382, 87
Trd, 8638303.182, 115
Trd, 8638303.332, 113
Trd, 8638303.932, 91
Trd, 8638304.132, 113
Trd, 8638304.982, 122
Trd, 8638305.882, 114
Trd, 8638306.682, 117
Trd, 8638306.882, 109
Trd, 8638306.932, 102
Trd, 8638308.182, 81
Trd, 8638309.232, 123
Trd, 8638309.982, 95
Trd, 8638311.382, 127
Trd, 8638312.082, 132
Trd, 8638312.182, 122
Trd, 8638313.182, 104
Trd, 8638313.432, 79
Trd, 8638313.582, 62
Trd, 8638315.582, 63
Trd, 8638315.782, 62
Trd, 8638316.682, 138
Trd, 8638316.782, 116
Trd, 8638317.582, 73
Trd, 8638317.632, 99
Trd, 8638321.432, 97
Trd, 8638321.882, 106
Trd, 8638321.982, 138
Trd, 8638322.032, 97
Trd, 8638322.732, 121
Trd, 8638323.232, 101
Trd, 8638323.432, 95
Trd, 8638324.082, 103
Trd, 8638324.482, 92
Trd, 8638324.932, 89
Trd, 8638326.132, 80
Trd, 8638326.332, 140
Trd, 8638327.982, 106
Trd, 8638328.232, 100
Trd, 8638329.932, 74
Trd, 8638330.082, 118
Trd, 8638330.282, 71
Trd, 8638331.682, 139
Trd, 8638332.532, 126
Trd, 8638333.282, 62
Trd, 8638334.282, 63
Trd, 8638334.682, 68
Trd, 8638335.382, 79
Trd, 8638335.682, 105
Trd, 8638335.882, 78
Trd, 8638337.732, 116
Trd, 8638338.182, 94
Trd, 8638338.382, 104
Trd, 8638340.132, 120
Trd, 8638340.482, 112
Trd, 8638340.632, 111
Trd, 8638341.282, 84
Trd, 8638342.482, 110
Trd, 8638342.682, 107
Trd, 8638342.932, 99
Trd, 8638343.282, 112
Trd, 8638343.632, 80
Trd, 8638344.032, 102
Trd, 8638346.132, 87
Trd, 8638346.332, 72
Trd, 8638347.132, 72
Trd, 8638347.932, 101
Trd, 8638349.632, 68
Trd, 8638349.732, 69
Trd, 8638350.882, 114
Trd, 8638351.882, 94
Trd, 8638352.532, 95
Trd, 8638352.782, 91
Trd, 8638353.032, 89
Trd, 8638354.282, 80
Trd, 8638354.932, 67
Trd, 8638355.382, 140
Trd, 8638356.032, 139
Trd, 8638356.582, 129
Trd, 8638357.032, 122
Trd, 8638357.432, 125
Trd, 8638357.582, 69
Trd, 8638357.832, 139
Trd, 8638358.432, 138
Trd, 8638358.932, 97
Trd, 8638360.182, 140
Trd, 8638360.332, 140
Trd, 8638362.982, 140
Trd, 8638363.482, 122
Trd, 8638363.782, 120
Trd, 8638364.832, 109
Trd, 8638365.032, 94
Trd, 8638365.682, 77
Trd, 8638365.882, 96
Trd, 8638367.432, 135
Trd, 8638367.532, 99
Trd, 8638367.882, 140
Trd, 8638368.132, 106
Trd, 8638370.082, 112
Trd, 8638371.632, 131
Trd, 8638372.532, 138
Trd, 8638372.882, 117
Trd, 8638372.982, 136
Trd, 8638373.332, 88
Trd, 8638374.832, 67
Trd, 8638376.082, 60
Trd, 8638376.132, 61
Trd, 8638376.632, 68
Trd, 8638376.682, 121
Trd, 8638377.682, 93
Trd, 8638378.882, 108
Trd, 8638379.982, 118
Trd, 8638380.232, 109
Trd, 8638380.482, 108
Trd, 8638380.632, 103
Trd, 8638382.332, 63
Trd, 8638383.332, 92
Trd, 8638384.432, 61
Trd, 8638384.532, 62
Trd, 8638385.782, 70
Trd, 8638385.832, 67
Trd, 8638385.882, 86
Trd, 8638386.832, 84
Trd, 8638388.732, 135
Trd, 8638389.682, 86
Trd, 8638390.032, 84
Trd, 8638390.132, 87
Trd, 8638390.232, 65
Trd, 8638390.782, 125
Trd, 8638391.332, 113
Trd, 8638392.982, 123
Trd, 8638393.032, 96
Trd, 8638394.082, 111
Trd, 8638394.632, 96
Trd, 8638394.882, 104
Trd, 8638395.132, 68
Trd, 8638396.432, 60
Trd, 8638397.082, 79
Trd, 8638397.482, 76
Trd, 8638398.882, 139
Trd, 8638399.382, 96
Trd, 8638400.282, 100
Trd, 8638401.432, 102
Trd, 8638401.932, 101
Trd, 8638402.132, 115
Trd, 8638403.082, 102
Trd, 8638404.032, 114
Trd, 8638404.082, 112
Trd, 8638404.582, 104
Trd, 8638405.532, 89
Trd, 8638405.632, 95
Trd, 8638406.332, 80
Trd, 8638407.432, 68
Trd, 8638408.132, 67
Trd, 8638409.132, 63
Trd, 8638409.832, 89
Trd, 8638410.532, 92
Trd, 8638411.482, 140
Trd, 8638411.582, 140
Trd, 8638411.782, 140
Trd, 8638411.982, 71
Trd, 8638413.282, 91
Trd, 8638413.732, 89
Trd, 8638414.132, 70
Trd, 8638414.282, 69
Trd, 8638415.832, 65
Trd, 8638415.982, 130
Trd, 8638416.782, 140
Trd, 8638418.082, 140
Trd, 8638419.032, 140
Trd, 8638420.532, 132
Trd, 8638420.932, 97
Trd, 8638421.932, 81
Trd, 8638421.982, 82
Trd, 8638422.082, 69
Trd, 8638422.732, 70
Trd, 8638423.682, 109
Trd, 8638423.982, 108
Trd, 8638424.682, 86
Trd, 8638424.882, 100
Trd, 8638426.932, 123
Trd, 8638427.832, 140
Trd, 8638427.982, 140
Trd, 8638428.382, 140
Trd, 8638429.432, 134
Trd, 8638429.482, 132
Trd, 8638430.132, 104
Trd, 8638430.632, 99
Trd, 8638431.832, 131
Trd, 8638431.982, 112
Trd, 8638434.182, 140
Trd, 8638434.332, 140
Trd, 8638434.632, 138
Trd, 8638435.532, 138
Trd, 8638437.782, 101
Trd, 8638438.032, 100
Trd, 8638438.232, 88
Trd, 8638439.132, 76
Trd, 8638439.532, 94
Trd, 8638439.882, 74
Trd, 8638441.082, 77
Trd, 8638441.482, 140
Trd, 8638442.632, 113
Trd, 8638442.682, 112
Trd, 8638442.982, 130
Trd, 8638444.332, 111
Trd, 8638445.482, 132
Trd, 8638447.032, 122
Trd, 8638447.682, 117
Trd, 8638447.782, 122
Trd, 8638447.832, 82
Trd, 8638449.282, 114
Trd, 8638449.882, 113
Trd, 8638449.932, 111
Trd, 8638451.632, 140
Trd, 8638451.682, 139
Trd, 8638452.632, 91
Trd, 8638453.782, 109
Trd, 8638455.132, 94
Trd, 8638455.232, 93
Trd, 8638455.532, 112
Trd, 8638455.732, 71
Trd, 8638457.032, 62
Trd, 8638457.082, 61
Trd, 8638458.032, 61
Trd, 8638459.332, 140
Trd, 8638459.582, 138
Trd, 8638460.432, 111
Trd, 8638460.832, 115
Trd, 8638460.932, 109
Trd, 8638461.732, 74
Trd, 8638463.232, 108
Trd, 8638464.332, 139
Trd, 8638464.682, 139
Trd, 8638464.932, 137
Trd, 8638465.182, 135
Trd, 8638466.232, 125
Trd, 8638466.582, 82
Trd, 8638467.832, 90
Trd, 8638468.132, 89
Trd, 8638468.732, 87
Trd, 8638469.532, 79
Trd, 8638469.732, 74
Trd, 8638470.932, 69
Trd, 8638471.582, 139
Trd, 8638471.982, 140
Trd, 8638472.082, 117
Trd, 8638473.132, 100
Trd, 8638473.432, 66
Trd, 8638475.282, 94
Trd, 8638476.382, 96
Trd, 8638477.482, 112
Trd, 8638478.432, 105
Trd, 8638478.532, 105
Trd, 8638479.032, 104
Trd, 8638479.382, 98
Trd, 8638480.282, 86
Trd, 8638481.632, 100
Trd, 8638482.482, 78
Trd, 8638482.882, 122
Trd, 8638483.482, 135
Trd, 8638483.982, 108
Trd, 8638485.332, 108
Trd, 8638486.232, 121
Trd, 8638486.332, 77
Trd, 8638486.382, 74
Trd, 8638486.882, 123
Trd, 8638487.682, 119
Trd, 8638488.582, 98
Trd, 8638489.132, 135
Trd, 8638489.882, 97
Trd, 8638491.382, 121
Trd, 8638491.832, 104
Trd, 8638492.332, 73
Trd, 8638493.032, 120
Trd, 8638493.082, 92
Trd, 8638493.832, 72
Trd, 8638494.632, 81
Trd, 8638495.132, 76
Trd, 8638496.232, 123
Trd, 8638496.382, 120
Trd, 8638497.182, 140
Trd, 8638497.532, 109
Trd, 8638498.282, 77
Trd, 8638498.432, 76
Trd, 8638499.132, 88
Trd, 8638499.332, 89
Trd, 8638500.332, 71
Trd, 8638500.782, 60
Trd, 8638501.232, 60
Trd, 8638501.482, 96
Trd, 8638502.432, 60
Trd, 8638502.982, 109
Trd, 8638503.982, 139
Trd, 8638504.582, 137
Trd, 8638506.182, 118
Trd, 8638506.582, 130
Trd, 8638507.132, 132
Trd, 8638507.632, 122
Trd, 8638507.732, 110
Trd, 8638509.132, 117
Trd, 8638509.482, 98
Trd, 8638509.532, 119
Trd, 8638511.082, 139
Trd, 8638511.982, 114
Trd, 8638513.332, 117
Trd, 8638513.582, 122
Trd, 8638513.882, 108
Trd, 8638514.582, 79
Trd, 8638515.132, 60
Trd, 8638515.982, 60
Trd, 8638516.032, 61
Trd, 8638516.082, 105
Trd, 8638518.532, 84
Trd, 8638519.832, 76
Trd, 8638520.332, 86
Trd, 8638520.732, 89
Trd, 8638521.082, 70
Trd, 8638521.482, 78
Trd, 8638522.782, 75
Trd, 8638523.882, 121
Trd, 8638524.532, 85
Trd, 8638525.282, 90
Trd, 8638525.732, 118
Trd, 8638526.982, 117
Trd, 8638527.182, 97
Trd, 8638527.232, 94
Trd, 8638527.832, 105
Trd, 8638527.932, 86
Trd, 8638528.932, 63
Trd, 8638529.882, 122
Trd, 8638531.432, 63
Trd, 8638531.732, 65
Trd, 8638533.332, 79
Trd, 8638533.732, 110
Trd, 8638533.832, 88
Trd, 8638534.582, 98
Trd, 8638535.082, 138
Trd, 8638535.232, 111
Trd, 8638535.732, 84
Trd, 8638536.782, 123
Trd, 8638537.882, 67
Trd, 8638538.582, 131
Trd, 8638539.832, 129
Trd, 8638539.932, 127
Trd, 8638541.132, 109
Trd, 8638541.532, 131
Trd, 8638541.982, 64
Trd, 8638542.532, 81
Trd, 8638544.682, 140
Trd, 8638544.732, 140
Trd, 8638544.932, 99
Trd, 8638545.332, 93
Trd, 8638545.782, 105
Trd, 8638546.082, 104
Trd, 8638547.382, 82
Trd, 8638548.582, 114
Trd, 8638548.732, 110
Trd, 8638549.132, 138
Trd, 8638549.882, 106
Trd, 8638550.682, 133
Trd, 8638550.982, 84
Trd, 8638551.682, 84
Trd, 8638552.182, 123
Trd, 8638553.532, 128
Trd, 8638553.682, 101
Trd, 8638553.882, 111
Trd, 8638555.282, 139
Trd, 8638555.682, 127
Trd, 8638557.132, 111
Trd, 8638558.032, 139
Trd, 8638560.282, 140
Trd, 8638560.332, 140
Trd, 8638560.682, 99
Trd, 8638561.282, 137
Trd, 8638561.932, 135
Trd, 8638561.982, 132
Trd, 8638562.532, 61
Trd, 8638563.082, 67
Trd, 8638563.382, 138
Trd, 8638564.032, 137
Trd, 8638564.632, 138
Trd, 8638564.832, 113
Trd, 8638565.532, 64
Trd, 8638566.482, 104
Trd, 8638568.232, 136
Trd, 8638569.232, 118
Trd, 8638570.332, 125
Trd, 8638570.832, 124
Trd, 8638571.132, 98
Trd, 8638572.432, 108
Trd, 8638573.532, 93
Trd, 8638574.632, 95
Trd, 8638574.982, 129
Trd, 8638576.432, 116
Trd, 8638577.632, 105
Trd, 8638578.732, 95
Trd, 8638578.932, 89
Trd, 8638578.982, 87
Trd, 8638579.232, 95
Trd, 8638580.382, 137
Trd, 8638581.482, 86
Trd, 8638583.582, 96
Trd, 8638583.682, 92
Trd, 8638584.532, 101
Trd, 8638585.232, 111
Trd, 8638585.932, 133
Trd, 8638586.432, 134
Trd, 8638586.582, 133
Trd, 8638587.032, 131
Trd, 8638587.882, 105
Trd, 8638588.782, 68
Trd, 8638589.432, 129
Trd, 8638591.082, 136
Trd, 8638591.182, 135
Trd, 8638591.682, 140
Trd, 8638591.932, 132
Trd, 8638592.732, 121
Trd, 8638593.432, 115
Trd, 8638594.832, 134
Trd, 8638595.382, 116
Trd, 8638596.632, 139
Trd, 8638597.182, 139
Trd, 8638597.982, 139
Trd, 8638598.032, 130
Trd, 8638598.882, 117
Trd, 8638599.682, 125
Trd, 8638599.932, 95
Trd, 8638600.732, 99
Trd, 8638600.982, 81
Trd, 8638602.332, 139
Trd, 8638603.132, 120
Trd, 8638603.832, 93
Trd, 8638604.432, 83
Trd, 8638604.632, 80
Trd, 8638606.132, 60
Trd, 8638608.332, 125
Trd, 8638608.932, 140
Trd, 8638609.582, 140
Trd, 8638610.632, 140
Trd, 8638611.282, 140
Trd, 8638611.432, 139
Trd, 8638611.932, 121
Trd, 8638612.532, 126
Trd, 8638612.632, 122
Trd, 8638612.682, 118
Trd, 8638614.082, 106
Trd, 8638614.382, 90
Trd, 8638615.732, 83
Trd, 8638616.282, 77
Trd, 8638616.632, 97
Trd, 8638617.332, 109
Trd, 8638618.232, 129
Trd, 8638619.332, 134
Trd, 8638620.782, 139
Trd, 8638622.732, 136
Trd, 8638622.882, 135
Trd, 8638623.532, 127
Trd, 8638623.782, 98
Trd, 8638624.632, 95
Trd, 8638624.732, 89
Trd, 8638625.132, 80
Trd, 8638626.582, 60
Trd, 8638627.182, 88
Trd, 8638627.732, 94
Trd, 8638627.832, 97
Trd, 8638628.282, 114
Trd, 8638628.882, 113
Trd, 8638630.382, 129
Trd, 8638630.432, 129
Trd, 8638631.532, 101
Trd, 8638631.782, 90
Trd, 8638632.082, 92
Trd, 8638633.082, 107
Trd, 8638633.632, 106
Trd, 8638633.932, 104
Trd, 8638634.482, 60
Trd, 8638636.532, 60
Trd, 8638636.732, 60
Trd, 8638637.432, 92
Trd, 8638639.032, 109
Trd, 8638639.682, 103
Trd, 8638640.082, 103
Trd, 8638640.282, 112
Trd, 8638641.182, 104
Trd, 8638641.232, 100
Trd, 8638641.682, 81
Trd, 8638642.082, 140
Trd, 8638642.232, 130
Trd, 8638642.332, 106
Trd, 8638643.382, 126
Trd, 8638643.432, 107
Trd, 8638644.982, 106
Trd, 8638645.382, 60
Trd, 8638646.932, 119
Trd, 8638647.782, 113
Trd, 8638648.782, 136
Trd, 8638648.882, 107
Trd, 8638649.882, 75
Trd, 8638650.382, 77
Trd, 8638650.832, 69
Trd, 8638651.932, 67
Trd, 8638653.282, 87
Trd, 8638653.732, 78
Trd, 8638655.132, 78
Trd, 8638655.332, 81
Trd, 8638656.432, 109
Trd, 8638656.632, 90
Trd, 8638656.932, 81
Trd, 8638657.332, 82
Trd, 8638658.582, 84
Trd, 8638658.882, 117
Trd, 8638659.232, 83
Trd, 8638660.482, 115
Trd, 8638661.532, 103
Trd, 8638661.982, 113
Trd, 8638662.732, 99
Trd, 8638663.082, 140
Trd, 8638664.032, 120
Trd, 8638664.382, 96
Trd, 8638666.282, 140
Trd, 8638667.332, 126
Trd, 8638667.732, 126
Trd, 8638667.832, 107
Trd, 8638668.182, 104
Trd, 8638669.532, 138
Trd, 8638670.082, 128
Trd, 8638671.232, 140
Trd, 8638671.332, 139
Trd, 8638672.382, 124
Trd, 8638672.432, 106
Trd, 8638672.832, 75
Trd, 8638672.982, 85
Trd, 8638673.932, 73
Trd, 8638675.432, 75
Trd, 8638675.582, 78
Trd, 8638675.682, 79
Trd, 8638676.682, 96
Trd, 8638676.832, 93
Trd, 8638677.982, 140
Trd, 8638678.582, 119
Trd, 8638678.932, 69
Trd, 8638679.882, 139
Trd, 8638680.082, 138
Trd, 8638680.282, 78
Trd, 8638680.582, 64
Trd, 8638680.782, 98
Trd, 8638681.532, 106
Trd, 8638683.982, 99
Trd, 8638685.132, 106
Trd, 8638685.782, 130
Trd, 8638685.832, 129
Trd, 8638687.132, 93
Trd, 8638687.332, 81
Trd, 8638688.182, 136
Trd, 8638689.032, 60
Trd, 8638690.382, 61
Trd, 8638690.682, 70
Trd, 8638692.482, 113
Trd, 8638692.532, 116
Trd, 8638692.582, 111
Trd, 8638693.332, 98
Trd, 8638693.532, 95
Trd, 8638693.882, 63
Trd, 8638695.682, 60
Trd, 8638698.682, 62
Trd, 8638699.432, 64
Trd, 8638699.682, 76
Trd, 8638700.282, 76
Trd, 8638700.382, 139
Trd, 8638700.582, 85
Trd, 8638701.332, 124
Trd, 8638703.432, 124
Trd, 8638703.782, 104
Trd, 8638704.232, 85
Trd, 8638704.382, 119
Trd, 8638707.332, 137
Trd, 8638708.732, 107
Trd, 8638709.382, 109
Trd, 8638709.782, 108
Trd, 8638710.032, 123
Trd, 8638710.482, 108
Trd, 8638710.982, 89
Trd, 8638711.182, 82
Trd, 8638711.282, 80
Trd, 8638711.382, 66
Trd, 8638712.182, 117
Trd, 8638712.682, 98
Trd, 8638713.582, 117
Trd, 8638713.782, 89
Trd, 8638714.732, 122
Trd, 8638716.282, 133
Trd, 8638718.982, 140
Trd, 8638719.332, 140
Trd, 8638720.382, 140
Trd, 8638720.432, 112
Trd, 8638720.632, 116
Trd, 8638721.032, 137
Trd, 8638721.432, 139
Trd, 8638721.482, 114
Trd, 8638723.432, 115
Trd, 8638723.982, 114
Trd, 8638724.082, 100
Trd, 8638724.682, 99
Trd, 8638726.582, 138
Trd, 8638727.382, 137
Trd, 8638727.932, 131
Trd, 8638728.132, 95
Trd, 8638729.282, 111
Trd, 8638729.382, 97
Trd, 8638729.582, 85
Trd, 8638730.782, 112
Trd, 8638731.332, 79
Trd, 8638731.482, 64
Trd, 8638732.232, 122
Trd, 8638732.882, 122
Trd, 8638733.132, 120
Trd, 8638734.182, 118
Trd, 8638734.482, 103
Trd, 8638736.282, 129
Trd, 8638738.832, 140
Trd, 8638739.632, 140
Trd, 8638739.732, 140
Trd, 8638740.032, 140
Trd, 8638742.082, 118
Trd, 8638742.832, 127
Trd, 8638743.682, 117
Trd, 8638744.532, 122
Trd, 8638744.632, 103
Trd, 8638744.782, 101
Trd, 8638745.582, 78
Trd, 8638745.682, 78
Trd, 8638746.982, 79
Trd, 8638747.682, 79
Trd, 8638748.432, 70
Trd, 8638748.632, 78
Trd, 8638748.982, 110
Trd, 8638749.782, 98
Trd, 8638750.182, 79
Trd, 8638750.632, 102
Trd, 8638750.882, 70
Trd, 8638751.382, 131
Trd, 8638752.282, 105
Trd, 8638753.432, 60
Trd, 8638753.682, 60
Trd, 8638753.782, 66
Trd, 8638756.032, 106
Trd, 8638756.532, 106
Trd, 8638757.082, 104
Trd, 8638757.232, 86
Trd, 8638758.632, 86
Trd, 8638759.082, 140
Trd, 8638759.232, 109
Trd, 8638760.982, 140
Trd, 8638761.732, 140
Trd, 8638761.832, 139
Trd, 8638761.982, 104
Trd, 8638762.832, 101
Trd, 8638763.832, 73
Trd, 8638764.682, 60
Trd, 8638765.432, 78
Trd, 8638766.332, 123
Trd, 8638766.782, 129
Trd, 8638767.382, 138
Trd, 8638767.882, 70
Trd, 8638768.532, 70
Trd, 8638769.332, 84
Trd, 8638769.882, 136
Trd, 8638770.832, 106
Trd, 8638771.332, 121
Trd, 8638771.482, 75
Trd, 8638773.082, 138
Trd, 8638773.132, 70
Trd, 8638774.532, 71
Trd, 8638775.282, 113
Trd, 8638776.832, 62
Trd, 8638777.432, 83
Trd, 8638777.582, 84
Trd, 8638778.132, 94
Trd, 8638778.682, 60
Trd, 8638778.882, 72
Trd, 8638781.232, 64
Trd, 8638781.832, 69
Trd, 8638781.982, 65
Trd, 8638782.282, 103
Trd, 8638782.482, 111
Trd, 8638783.732, 66
Trd, 8638784.982, 86
Trd, 8638785.032, 84
Trd, 8638785.682, 140
Trd, 8638786.132, 140
Trd, 8638787.082, 140
Trd, 8638787.482, 111
Trd, 8638787.982, 81
Trd, 8638788.482, 130
Trd, 8638789.582, 126
Trd, 8638791.732, 140
Trd, 8638792.532, 140
Trd, 8638794.482, 139
Trd, 8638794.882, 140
Trd, 8638795.532, 122
Trd, 8638796.032, 134
Trd, 8638796.682, 117
Trd, 8638798.032, 118
Trd, 8638799.782, 140
Trd, 8638800.582, 117
Trd, 8638800.832, 114
Trd, 8638802.082, 108
Trd, 8638802.132, 107
Trd, 8638802.432, 120
Trd, 8638802.932, 119
Trd, 8638803.982, 73
Trd, 8638805.232, 68
Trd, 8638806.332, 66
Trd, 8638807.482, 61
Trd, 8638809.282, 92
Trd, 8638809.532, 64
Trd, 8638810.232, 116
Trd, 8638810.282, 115
Trd, 8638810.932, 121
Trd, 8638812.382, 77
Trd, 8638813.032, 116
Trd, 8638813.232, 133
Trd, 8638814.782, 138
Trd, 8638815.282, 117
Trd, 8638815.932, 68
Trd, 8638816.382, 107
Trd, 8638816.832, 135
Trd, 8638817.632, 132
Trd, 8638817.832, 130
Trd, 8638818.082, 113
Trd, 8638819.882, 140
Trd, 8638820.682, 114
Trd, 8638821.232, 108
Trd, 8638821.282, 95
Trd, 8638822.932, 77
Trd, 8638824.232, 88
Trd, 8638824.782, 115
Trd, 8638824.882, 88
Trd, 8638825.632, 138
Trd, 8638825.882, 137
Trd, 8638826.232, 121
Trd, 8638826.782, 120
Trd, 8638827.532, 138
Trd, 8638829.032, 128
Trd, 8638829.632, 107
Trd, 8638830.132, 70
Trd, 8638831.432, 121
Trd, 8638831.632, 138
Trd, 8638832.332, 83
Trd, 8638833.682, 140
Trd, 8638833.882, 140
Trd, 8638834.482, 72
Trd, 8638834.832, 107
Trd, 8638836.582, 124
Trd, 8638837.332, 104
Trd, 8638838.632, 140
Trd, 8638838.782, 131
Trd, 8638838.882, 111
Trd, 8638839.382, 111
Trd, 8638839.682, 103
Trd, 8638840.482, 106
Trd, 8638840.732, 121
Trd, 8638842.132, 140
Trd, 8638844.532, 82
Trd, 8638844.582, 83
Trd, 8638845.282, 76
Trd, 8638846.432, 98
Trd, 8638846.682, 115
Trd, 8638846.832, 100
Trd, 8638847.432, 94
Trd, 8638847.582, 74
Trd, 8638852.082, 60
Trd, 8638852.532, 76
Trd, 8638852.782, 79
Trd, 8638853.132, 80
Trd, 8638853.682, 116
Trd, 8638853.732, 85
Trd, 8638854.832, 110
Trd, 8638855.032, 81
Trd, 8638855.932, 140
Trd, 8638856.782, 110
Trd, 8638856.982, 67
Trd, 8638857.482, 140
Trd, 8638858.082, 66
Trd, 8638858.532, 95
Trd, 8638858.832, 111
Trd, 8638860.132, 109
Trd, 8638860.182, 81
Trd, 8638860.332, 69
Trd, 8638863.082, 60
Trd, 8638864.382, 60
Trd, 8638865.932, 60
Trd, 8638866.382, 79
Trd, 8638866.682, 79
Trd, 8638866.782, 78
Trd, 8638867.082, 83
Trd, 8638867.232, 71
Trd, 8638868.482, 62
Trd, 8638869.032, 63
Trd, 8638870.632, 78
Trd, 8638871.782, 92
Trd, 8638873.082, 119
Trd, 8638873.932, 130
Trd, 8638873.982, 123
Trd, 8638874.132, 121
Trd, 8638874.282, 120
Trd, 8638876.432, 140
Trd, 8638876.482, 140
Trd, 8638876.582, 133
Trd, 8638877.132, 139
Trd, 8638878.382, 123
Trd, 8638878.632, 123
Trd, 8638878.732, 122
Trd, 8638880.532, 127
Trd, 8638880.582, 135
Trd, 8638881.032, 105
Trd, 8638881.382, 92
Trd, 8638882.932, 123
Trd, 8638883.282, 140
Trd, 8638883.382, 120
Trd, 8638883.532, 85
Trd, 8638884.782, 66
Trd, 8638885.682, 94
Trd, 8638885.982, 129
Trd, 8638886.782, 75
Trd, 8638887.132, 74
Trd, 8638888.582, 66
Trd, 8638890.832, 140
Trd, 8638891.032, 140
Trd, 8638891.132, 140
Trd, 8638891.682, 116
Trd, 8638892.082, 115
Trd, 8638892.132, 109
Trd, 8638892.382, 117
Trd, 8638894.182, 140
Trd, 8638894.632, 111
Trd, 8638894.982, 110
Trd, 8638895.382, 106
Trd, 8638896.032, 103
Trd, 8638896.632, 88
Trd, 8638897.432, 128
Trd, 8638898.882, 140
Trd, 8638899.232, 100
Trd, 8638899.682, 80
Trd, 8638901.282, 62
Trd, 8638901.682, 68
Trd, 8638902.232, 94
Trd, 8638903.232, 94
Trd, 8638903.582, 93
Trd, 8638904.232, 80
Trd, 8638904.732, 67
Trd, 8638905.182, 107
Trd, 8638906.432, 108
Trd, 8638906.682, 97
Trd, 8638907.782, 119
Trd, 8638908.532, 81
Trd, 8638908.882, 105
Trd, 8638909.482, 73
Trd, 8638909.832, 74
Trd, 8638911.032, 89
Trd, 8638911.082, 84
Trd, 8638912.332, 70
Trd, 8638913.082, 75
Trd, 8638913.582, 73
Trd, 8638914.282, 140
Trd, 8638914.832, 106
Trd, 8638916.332, 109
Trd, 8638916.732, 107
Trd, 8638917.032, 106
Trd, 8638918.982, 61
Trd, 8638919.132, 83
Trd, 8638919.432, 85
Trd, 8638919.982, 66
Trd, 8638921.232, 127
Trd, 8638922.182, 78
Trd, 8638922.982, 87
Trd, 8638923.932, 140
Trd, 8638924.132, 105
Trd, 8638924.282, 95
Trd, 8638925.832, 100
Trd, 8638926.232, 78
Trd, 8638927.282, 94
Trd, 8638927.782, 127
Trd, 8638928.482, 139
Trd, 8638928.782, 114
Trd, 8638929.132, 113
Trd, 8638929.832, 118
Trd, 8638930.932, 133
Trd, 8638931.032, 106
Trd, 8638931.132, 86
Trd, 8638932.082, 133
Trd, 8638933.732, 88
Trd, 8638936.032, 140
Trd, 8638936.732, 140
Trd, 8638936.882, 139
Trd, 8638936.982, 117
Trd, 8638937.832, 135
Trd, 8638939.832, 140
Trd, 8638940.082, 139
Trd, 8638940.432, 119
Trd, 8638940.932, 80
Trd, 8638941.132, 76
Trd, 8638941.282, 97
Trd, 8638941.532, 63
Trd, 8638942.932, 90
Trd, 8638943.282, 140
Trd, 8638943.532, 83
Trd, 8638944.182, 111
Trd, 8638946.832, 60
Trd, 8638947.582, 64
Trd, 8638948.882, 64
Trd, 8638949.332, 62
Trd, 8638949.632, 62
Trd, 8638949.782, 81
Trd, 8638950.132, 60
Trd, 8638950.282, 86
Trd, 8638951.982, 131
Trd, 8638952.382, 82
Trd, 8638952.782, 71
Trd, 8638953.832, 117
Trd, 8638954.582, 122
Trd, 8638955.182, 65
Trd, 8638955.482, 70
Trd, 8638955.532, 72
Trd, 8638956.682, 112
Trd, 8638956.932, 111
Trd, 8638957.782, 109
Trd, 8638958.932, 123
Trd, 8638960.382, 130
Trd, 8638960.482, 129
Trd, 8638960.882, 117
Trd, 8638961.332, 104
Trd, 8638962.132, 84
Trd, 8638962.782, 96
Trd, 8638963.232, 99
Trd, 8638963.982, 90
Trd, 8638964.982, 75
Trd, 8638965.132, 62
Trd, 8638965.982, 92
Trd, 8638966.882, 95
Trd, 8638967.682, 77
Trd, 8638968.532, 93
Trd, 8638968.582, 71
Trd, 8638968.932, 123
Trd, 8638970.282, 68
Trd, 8638971.082, 106
Trd, 8638971.432, 107
Trd, 8638972.282, 93
Trd, 8638972.582, 75
Trd, 8638973.182, 122
Trd, 8638974.832, 102
Trd, 8638975.282, 100
Trd, 8638975.782, 124
Trd, 8638977.532, 138
Trd, 8638978.332, 137
Trd, 8638979.532, 100
Trd, 8638979.582, 92
Trd, 8638979.882, 101
Trd, 8638980.082, 79
Trd, 8638981.382, 117
Trd, 8638981.932, 116
Trd, 8638983.482, 140
Trd, 8638983.932, 96
Trd, 8638984.082, 98
Trd, 8638984.332, 138
Trd, 8638985.082, 99
Trd, 8638985.882, 100
Trd, 8638987.082, 99
Trd, 8638987.682, 138
Trd, 8638989.132, 81
Trd, 8638989.532, 82
Trd, 8638990.182, 81
Trd, 8638990.382, 79
Trd, 8638991.482, 114
Trd, 8638992.782, 77
Trd, 8638993.032, 68
Trd, 8638993.932, 66
Trd, 8638994.532, 106
Trd, 8638996.332, 87
Trd, 8638996.482, 92
Trd, 8638996.682, 89
Trd, 8638997.682, 104
Trd, 8638998.732, 116
Trd, 8638999.182, 97
Trd, 8639000.582, 136
Trd, 8639000.732, 135
Trd, 8639001.082, 117
Trd, 8639002.032, 105
Trd, 8639002.232, 130
Trd, 8639003.832, 117
Trd, 8639003.932, 115
Trd, 8639004.582, 103
Trd, 8639005.382, 129
Trd, 8639005.432, 127
Trd, 8639005.582, 119
Trd, 8639006.482, 131
Trd, 8639008.132, 115
Trd, 8639008.332, 122
Trd, 8639008.732, 118
Trd, 8639009.982, 112
Trd, 8639010.532, 112
Trd, 8639011.632, 108
Trd, 8639012.432, 83
Trd, 8639012.532, 70
Trd, 8639012.882, 103
Trd, 8639014.032, 128
Trd, 8639014.082, 126
Trd, 8639014.682, 125
Trd, 8639015.582, 139
Trd, 8639017.982, 129
Trd, 8639018.682, 132
Trd, 8639020.882, 133
Trd, 8639021.532, 140
Trd, 8639021.682, 140
Trd, 8639022.132, 139
Trd, 8639022.632, 108
Trd, 8639023.432, 103
Trd, 8639023.582, 78
Trd, 8639025.032, 78
Trd, 8639025.832, 124
Trd, 8639026.182, 88
Trd, 8639026.432, 76
Trd, 8639026.932, 100
Trd, 8639027.632, 123
Trd, 8639028.332, 81
Trd, 8639029.582, 79
Trd, 8639030.382, 80
Trd, 8639031.582, 75
Trd, 8639032.082, 91
Trd, 8639032.482, 74
Trd, 8639032.532, 104
Trd, 8639032.982, 136
Trd, 8639033.382, 126
Trd, 8639034.332, 140
Trd, 8639034.432, 120
Trd, 8639035.282, 80
Trd, 8639035.732, 69
Trd, 8639036.682, 110
Trd, 8639037.732, 137
Trd, 8639038.082, 92
Trd, 8639038.632, 140
Trd, 8639039.682, 134
Trd, 8639041.082, 97
Trd, 8639041.532, 98
Trd, 8639042.232, 118
Trd, 8639042.682, 88
Trd, 8639045.182, 140
Trd, 8639045.582, 140
Trd, 8639045.632, 139
Trd, 8639046.082, 138
Trd, 8639048.132, 105
Trd, 8639048.882, 90
Trd, 8639049.382, 79
Trd, 8639049.982, 83
Trd, 8639050.032, 82
Trd, 8639050.532, 78
Trd, 8639051.582, 71
Trd, 8639051.832, 95
Trd, 8639052.782, 116
Trd, 8639053.782, 88
Trd, 8639054.182, 125
Trd, 8639055.232, 140
Trd, 8639055.482, 105
Trd, 8639056.682, 93
Trd, 8639057.332, 112
Trd, 8639057.632, 79
Trd, 8639058.232, 134
Trd, 8639058.482, 83
Trd, 8639058.982, 79
Trd, 8639060.182, 93
Trd, 8639060.332, 130
Trd, 8639062.082, 60
Trd, 8639062.532, 60
Trd, 8639063.082, 60
Trd, 8639064.482, 67
Trd, 8639064.732, 119
Trd, 8639065.682, 66
Trd, 8639066.082, 73
Trd, 8639066.232, 81
Trd, 8639067.682, 60
Trd, 8639069.482, 127
Trd, 8639069.782, 138
Trd, 8639070.432, 133
Trd, 8639071.632, 136
Trd, 8639072.132, 125
Trd, 8639072.282, 116
Trd, 8639072.732, 124
Trd, 8639073.632, 80
Trd, 8639074.282, 78
Trd, 8639074.482, 76
Trd, 8639075.532, 138
Trd, 8639075.832, 133
Trd, 8639076.482, 134
Trd, 8639077.232, 134
Trd, 8639078.082, 108
Trd, 8639078.932, 103
Trd, 8639079.382, 112
Trd, 8639082.232, 140
Trd, 8639082.832, 139
Trd, 8639082.982, 108
Trd, 8639083.432, 125
Trd, 8639084.532, 124
Trd, 8639084.682, 75
Trd, 8639084.732, 94
Trd, 8639085.282, 112
Trd, 8639086.582, 81
Trd, 8639087.432, 84
Trd, 8639088.982, 68
Trd, 8639089.082, 76
Trd, 8639089.632, 74
Trd, 8639089.982, 71
Trd, 8639090.782, 70
Trd, 8639091.482, 85
Trd, 8639091.682, 105
Trd, 8639091.932, 137
Trd, 8639092.482, 130
Trd, 8639092.532, 128
Trd, 8639093.682, 92
Trd, 8639094.732, 98
Trd, 8639094.832, 95
Trd, 8639095.082, 88
Trd, 8639095.282, 105
Trd, 8639096.432, 63
Trd, 8639097.882, 65
Trd, 8639097.932, 63
Trd, 8639098.182, 81
Trd, 8639100.082, 105
Trd, 8639100.282, 104
Trd, 8639100.332, 103
Trd, 8639101.132, 131
Trd, 8639101.532, 93
Trd, 8639102.182, 92
Trd, 8639103.132, 113
Trd, 8639103.632, 109
Trd, 8639104.132, 124
Trd, 8639104.432, 109
Trd, 8639104.732, 108
Trd, 8639106.682, 127
Trd, 8639106.782, 85
Trd, 8639107.082, 137
Trd, 8639109.582, 140
Trd, 8639109.682, 139
Trd, 8639110.782, 109
Trd, 8639111.482, 108
Trd, 8639111.882, 103
Trd, 8639112.582, 115
Trd, 8639112.882, 115
Trd, 8639113.282, 104
Trd, 8639113.332, 105
Trd, 8639115.232, 129
Trd, 8639115.382, 128
Trd, 8639115.682, 125
Trd, 8639117.132, 136
Trd, 8639117.182, 103
Trd, 8639118.232, 84
Trd, 8639118.432, 85
Trd, 8639119.382, 123
Trd, 8639120.782, 120
Trd, 8639121.532, 127
Trd, 8639121.632, 108
Trd, 8639123.282, 112
Trd, 8639123.982, 139
Trd, 8639124.882, 139
Trd, 8639125.232, 103
Trd, 8639125.882, 97
Trd, 8639127.032, 109
Trd, 8639127.082, 135
Trd, 8639127.282, 94
Trd, 8639127.782, 93
Trd, 8639127.832, 92
Trd, 8639128.032, 75
Trd, 8639129.182, 86
Trd, 8639129.732, 134
Trd, 8639131.032, 75
Trd, 8639131.882, 88
Trd, 8639132.232, 107
Trd, 8639132.682, 140
Trd, 8639132.882, 119
Trd, 8639134.332, 122
Trd, 8639134.682, 136
Trd, 8639135.332, 90
Trd, 8639135.582, 139
Trd, 8639136.032, 88
Trd, 8639136.982, 100
Trd, 8639137.582, 91
Trd, 8639138.532, 72
Trd, 8639138.932, 73
Trd, 8639141.782, 61
Trd, 8639142.032, 62
Trd, 8639142.582, 60
Trd, 8639142.732, 72
Trd, 8639142.782, 74
Trd, 8639144.432, 85
Trd, 8639144.732, 87
Trd, 8639145.132, 80
Trd, 8639145.582, 103
Trd, 8639146.782, 90
Trd, 8639147.082, 91
Trd, 8639147.182, 97
Trd, 8639148.332, 94
Trd, 8639149.032, 93
Trd, 8639149.532, 92
Trd, 8639149.932, 91
Trd, 8639150.532, 91
Trd, 8639151.182, 86
Trd, 8639153.032, 136
Trd, 8639153.432, 126
Trd, 8639154.182, 91
Trd, 8639155.532, 130
Trd, 8639156.082, 136
Trd, 8639156.332, 109
Trd, 8639157.582, 111
Trd, 8639157.932, 109
Trd, 8639158.432, 132
Trd, 8639158.682, 136
Trd, 8639158.832, 109
Trd, 8639159.832, 99
Trd, 8639160.982, 140
Trd, 8639161.132, 139
Trd, 8639161.182, 131
Trd, 8639161.332, 114
Trd, 8639162.332, 67
Trd, 8639163.182, 140
Trd, 8639163.682, 90
Trd, 8639165.082, 73
Trd, 8639165.182, 77
Trd, 8639167.482, 140
Trd, 8639167.532, 140
Trd, 8639167.632, 139
Trd, 8639169.282, 125
Trd, 8639169.732, 104
Trd, 8639169.982, 81
Trd, 8639171.032, 81
Trd, 8639171.682, 79
Trd, 8639171.932, 64
Trd, 8639172.582, 65
Trd, 8639173.882, 79
Trd, 8639174.882, 67
Trd, 8639175.232, 138
Trd, 8639175.932, 101
Trd, 8639176.232, 112
Trd, 8639176.582, 101
Trd, 8639176.882, 100
Trd, 8639179.032, 134
Trd, 8639179.832, 106
Trd, 8639181.082, 140
Trd, 8639181.782, 140
Trd, 8639181.832, 105
Trd, 8639182.632, 120
Trd, 8639182.832, 104
Trd, 8639183.332, 125
Trd, 8639183.882, 118
Trd, 8639183.932, 116
Trd, 8639185.382, 74
Trd, 8639185.832, 140
Trd, 8639186.182, 120
Trd, 8639186.782, 89
Trd, 8639187.582, 63
Trd, 8639188.232, 92
Trd, 8639189.832, 74
Trd, 8639191.382, 63
Trd, 8639192.182, 83
Trd, 8639193.382, 98
Trd, 8639194.432, 111
Trd, 8639194.532, 111
Trd, 8639194.582, 109
Trd, 8639195.132, 103
Trd, 8639195.882, 128
Trd, 8639196.632, 104
Trd, 8639197.882, 90
Trd, 8639198.182, 126
Trd, 8639199.282, 140
Trd, 8639199.582, 132
Trd, 8639200.132, 120
Trd, 8639200.932, 119
Trd, 8639202.232, 108
Trd, 8639202.882, 109
Trd, 8639203.382, 118
Trd, 8639203.632, 105
Trd, 8639204.382, 117
Trd, 8639204.682, 112
Trd, 8639205.882, 140
Trd, 8639208.082, 140
Trd, 8639209.382, 140
Trd, 8639210.332, 125
Trd, 8639210.682, 124
Trd, 8639210.732, 120
Trd, 8639211.932, 90
Trd, 8639212.332, 76
Trd, 8639212.682, 67
Trd, 8639212.882, 123
Trd, 8639213.932, 64
Trd, 8639214.632, 93
Trd, 8639215.482, 76
Trd, 8639216.382, 140
Trd, 8639216.482, 140
Trd, 8639218.332, 139
Trd, 8639218.532, 114
Trd, 8639219.032, 139
Trd, 8639219.282, 69
Trd, 8639219.482, 101
Trd, 8639219.932, 70
Trd, 8639220.982, 83
Trd, 8639221.632, 118
Trd, 8639222.432, 124
Trd, 8639222.882, 124
Trd, 8639225.032, 118
Trd, 8639225.332, 108
Trd, 8639225.532, 74
Trd, 8639225.632, 71
Trd, 8639226.632, 121
Trd, 8639227.882, 93
Trd, 8639228.282, 90
Trd, 8639228.732, 134
Trd, 8639231.232, 87
Trd, 8639231.432, 95
Trd, 8639231.682, 87
Trd, 8639232.082, 86
Trd, 8639232.432, 99
Trd, 8639232.532, 84
Trd, 8639233.282, 120
Trd, 8639234.732, 93
Trd, 8639235.232, 74
Trd, 8639236.432, 123
Trd, 8639236.682, 82
Trd, 8639239.282, 112
Trd, 8639240.032, 87
Trd, 8639241.082, 87
Trd, 8639241.232, 74
Trd, 8639241.582, 140
Trd, 8639242.832, 140
Trd, 8639243.382, 138
Trd, 8639243.582, 90
Trd, 8639245.032, 122
Trd, 8639245.832, 140
Trd, 8639246.582, 101
Trd, 8639246.882, 100
Trd, 8639247.282, 78
Trd, 8639248.782, 109
Trd, 8639249.832, 104
Trd, 8639250.182, 116
Trd, 8639250.432, 116
Trd, 8639250.482, 115
Trd, 8639251.132, 110
Trd, 8639252.232, 112
Trd, 8639252.882, 81
Trd, 8639254.032, 85
Trd, 8639254.432, 66
Trd, 8639255.432, 60
Trd, 8639255.982, 97
Trd, 8639256.382, 111
Trd, 8639257.632, 91
Trd, 8639257.982, 89
Trd, 8639258.332, 92
Trd, 8639259.232, 119
Trd, 8639259.732, 140
Trd, 8639260.732, 140
Trd, 8639261.332, 140
Trd, 8639261.782, 140
Trd, 8639262.932, 87
Trd, 8639263.382, 105
Trd, 8639264.782, 99
Trd, 8639265.382, 134
Trd, 8639265.632, 136
Trd, 8639266.782, 81
Trd, 8639267.382, 62
Trd, 8639268.432, 66
Trd, 8639268.682, 65
Trd, 8639270.782, 138
Trd, 8639272.182, 140
Trd, 8639272.282, 140
Trd, 8639272.682, 100
Trd, 8639272.832, 99
Trd, 8639273.632, 93
Trd, 8639274.382, 95
Trd, 8639275.082, 107
Trd, 8639276.182, 120
Trd, 8639276.682, 108
Trd, 8639276.882, 107
Trd, 8639277.432, 109
Trd, 8639279.682, 126
Trd, 8639279.732, 103
Trd, 8639280.332, 96
Trd, 8639281.382, 72
Trd, 8639282.232, 139
Trd, 8639282.682, 139
Trd, 8639283.182, 90
Trd, 8639283.332, 90
Trd, 8639283.982, 136
Trd, 8639284.232, 101
Trd, 8639284.832, 89
Trd, 8639285.282, 80
Trd, 8639286.832, 104
Trd, 8639287.132, 80
Trd, 8639287.432, 107
Trd, 8639287.882, 104
Trd, 8639288.232, 89
Trd, 8639289.282, 75
Trd, 8639289.882, 120
Trd, 8639291.882, 90
Trd, 8639292.932, 104
Trd, 8639293.132, 103
Trd, 8639293.932, 116
Trd, 8639294.032, 128
Trd, 8639294.232, 115
Trd, 8639294.432, 100
Trd, 8639294.982, 92
Trd, 8639296.282, 137
Trd, 8639296.682, 94
Trd, 8639297.082, 88
Trd, 8639299.132, 140
Trd, 8639299.632, 140
Trd, 8639299.932, 127
Trd, 8639300.082, 124
Trd, 8639301.132, 86
Trd, 8639302.382, 77
Trd, 8639303.082, 137
Trd, 8639304.532, 93
Trd, 8639305.982, 75
Trd, 8639306.582, 128
Trd, 8639306.682, 87
Trd, 8639307.332, 131
Trd, 8639307.982, 101
Trd, 8639308.582, 86
Trd, 8639310.282, 60
Trd, 8639310.382, 61
Trd, 8639310.932, 72
Trd, 8639311.582, 69
Trd, 8639312.182, 92
Trd, 8639312.732, 129
Trd, 8639313.582, 100
Trd, 8639315.132, 102
Trd, 8639316.232, 140
Trd, 8639316.582, 140
Trd, 8639318.032, 116
Trd, 8639319.532, 88
Trd, 8639319.582, 83
Trd, 8639319.632, 77
Trd, 8639321.782, 65
Trd, 8639321.982, 66
Trd, 8639322.132, 60
Trd, 8639324.582, 96
Trd, 8639324.782, 80
Trd, 8639325.332, 120
Trd, 8639326.032, 107
Trd, 8639326.082, 115
Trd, 8639326.332, 82
Trd, 8639326.532, 86
Trd, 8639326.632, 81
Trd, 8639327.082, 80
Trd, 8639327.132, 87
Trd, 8639328.432, 74
Trd, 8639329.932, 74
Trd, 8639332.032, 100
Trd, 8639332.132, 109
Trd, 8639332.182, 76
Trd, 8639333.832, 62
Trd, 8639334.032, 63
Trd, 8639334.432, 121
Trd, 8639334.682, 139
Trd, 8639335.632, 131
Trd, 8639336.132, 100
Trd, 8639336.332, 99
Trd, 8639337.382, 132
Trd, 8639338.032, 134
Trd, 8639339.132, 129
Trd, 8639340.432, 135
Trd, 8639341.032, 126
Trd, 8639341.532, 125
Trd, 8639342.332, 60
Trd, 8639343.282, 98
Trd, 8639343.932, 132
Trd, 8639344.282, 99
Trd, 8639345.182, 85
Trd, 8639345.282, 83
Trd, 8639347.132, 81
Trd, 8639347.732, 105
Trd, 8639348.532, 79
Trd, 8639349.282, 78
Trd, 8639349.632, 139
Trd, 8639349.832, 105
Trd, 8639350.832, 109
Trd, 8639351.332, 140
Trd, 8639352.632, 108
Trd, 8639353.182, 69
Trd, 8639353.732, 99
Trd, 8639354.582, 140
Trd, 8639355.332, 140
Trd, 8639355.382, 75
Trd, 8639356.832, 91
Trd, 8639356.932, 139
Trd, 8639358.732, 61
Trd, 8639358.932, 110
Trd, 8639359.032, 79
Trd, 8639359.732, 115
Trd, 8639360.082, 108
Trd, 8639360.882, 61
Trd, 8639362.282, 82
Trd, 8639363.282, 64
Trd, 8639363.832, 67
Trd, 8639364.532, 89
Trd, 8639364.682, 88
Trd, 8639365.282, 94
Trd, 8639365.632, 81
Trd, 8639367.582, 109
Trd, 8639368.082, 95
Trd, 8639368.682, 140
Trd, 8639369.232, 106
Trd, 8639369.982, 138
Trd, 8639370.082, 137
Trd, 8639370.182, 112
Trd, 8639371.232, 132
Trd, 8639372.032, 140
Trd, 8639373.032, 140
Trd, 8639375.082, 122
Trd, 8639375.482, 104
Trd, 8639375.582, 100
Trd, 8639375.782, 99
Trd, 8639377.132, 139
Trd, 8639377.332, 122
Trd, 8639377.632, 108
Trd, 8639378.232, 100
Trd, 8639378.482, 117
Trd, 8639380.182, 90
Trd, 8639380.232, 89
Trd, 8639380.982, 78
Trd, 8639381.082, 95
Trd, 8639381.382, 91
Trd, 8639381.432, 116
Trd, 8639381.682, 80
Trd, 8639382.232, 138
Trd, 8639383.832, 62
Trd, 8639384.932, 88
Trd, 8639385.282, 90
Trd, 8639386.182, 97
Trd, 8639388.432, 69
Trd, 8639389.482, 82
Trd, 8639389.832, 83
Trd, 8639390.232, 96
Trd, 8639391.982, 72
Trd, 8639392.332, 60
Trd, 8639393.132, 93
Trd, 8639393.832, 96
Trd, 8639394.732, 90
Trd, 8639395.282, 70
Trd, 8639395.382, 69
Trd, 8639396.332, 60
Trd, 8639397.082, 71
Trd, 8639397.382, 61
Trd, 8639398.282, 89
Trd, 8639399.232, 139
Trd, 8639399.582, 107
Trd, 8639400.382, 67
Trd, 8639401.282, 113
Trd, 8639402.282, 137
Trd, 8639402.832, 139
Trd, 8639402.882, 118
Trd, 8639404.832, 98
Trd, 8639405.132, 97
Trd, 8639405.432, 96
Trd, 8639405.582, 95
Trd, 8639406.832, 132
Trd, 8639407.182, 130
Trd, 8639407.382, 102
Trd, 8639407.482, 76
Trd, 8639409.082, 140
Trd, 8639410.032, 134
Trd, 8639410.982, 106
Trd, 8639411.432, 119
Trd, 8639412.432, 121
Trd, 8639412.532, 88
Trd, 8639414.532, 123
Trd, 8639414.932, 132
Trd, 8639415.332, 125
Trd, 8639415.532, 124
Trd, 8639415.582, 110
Trd, 8639416.282, 139
Trd, 8639417.082, 102
Trd, 8639417.782, 125
Trd, 8639418.632, 95
Trd, 8639419.282, 89
Trd, 8639419.882, 123
Trd, 8639421.432, 126
Trd, 8639421.782, 97
Trd, 8639422.782, 139
Trd, 8639423.732, 135
Trd, 8639424.582, 77
Trd, 8639424.732, 76
Trd, 8639426.182, 90
Trd, 8639426.282, 112
Trd, 8639427.382, 64
Trd, 8639427.782, 90
Trd, 8639429.032, 114
Trd, 8639429.682, 125
Trd, 8639429.832, 124
Trd, 8639430.382, 99
Trd, 8639433.132, 140
Trd, 8639433.532, 140
Trd, 8639434.282, 118
Trd, 8639434.582, 117
Trd, 8639434.732, 124
Trd, 8639435.682, 123
Trd, 8639435.732, 121
Trd, 8639435.782, 87
Trd, 8639437.282, 77
Trd, 8639438.082, 127
Trd, 8639439.382, 137
Trd, 8639440.682, 140
Trd, 8639440.982, 140
Trd, 8639442.082, 127
Trd, 8639442.732, 133
Trd, 8639442.832, 132
Trd, 8639443.082, 101
Trd, 8639444.932, 140
Trd, 8639445.032, 139
Trd, 8639445.832, 133
Trd, 8639447.182, 138
Trd, 8639447.582, 127
Trd, 8639447.932, 130
Trd, 8639449.082, 89
Trd, 8639449.482, 96
Trd, 8639450.682, 112
Trd, 8639451.032, 121
Trd, 8639452.132, 100
Trd, 8639452.532, 96
Trd, 8639453.082, 116
Trd, 8639453.432, 98
Trd, 8639453.782, 105
Trd, 8639453.832, 104
Trd, 8639454.982, 110
Trd, 8639455.182, 96
Trd, 8639456.082, 140
Trd, 8639457.732, 138
Trd, 8639457.782, 137
Trd, 8639458.482, 121
Trd, 8639458.832, 117
Trd, 8639459.382, 116
Trd, 8639461.782, 79
Trd, 8639461.882, 139
Trd, 8639461.932, 78
Trd, 8639462.332, 88
Trd, 8639463.682, 120
Trd, 8639464.532, 83
Trd, 8639465.932, 106
Trd, 8639466.582, 95
Trd, 8639466.732, 93
Trd, 8639467.932, 138
Trd, 8639468.882, 121
Trd, 8639470.382, 112
Trd, 8639470.932, 88
Trd, 8639471.582, 102
Trd, 8639472.832, 133
Trd, 8639474.332, 129
Trd, 8639474.432, 87
Trd, 8639474.982, 122
Trd, 8639475.632, 128
Trd, 8639476.932, 129
Trd, 8639478.032, 128
Trd, 8639478.482, 127
Trd, 8639479.832, 140
Trd, 8639481.282, 136
Trd, 8639482.282, 136
Trd, 8639482.632, 135
Trd, 8639483.332, 104
Trd, 8639483.932, 127
Trd, 8639484.482, 137
Trd, 8639484.582, 106
Trd, 8639485.482, 92
Trd, 8639486.882, 140
Trd, 8639487.682, 131
Trd, 8639488.182, 118
Trd, 8639489.132, 116
Trd, 8639489.882, 89
Trd, 8639489.932, 88
Trd, 8639491.732, 138
Trd, 8639492.832, 140
Trd, 8639493.432, 139
Trd, 8639494.632, 140
Trd, 8639494.782, 140
Trd, 8639495.132, 112
Trd, 8639495.282, 104
Trd, 8639495.882, 128
Trd, 8639496.382, 75
Trd, 8639497.732, 66
Trd, 8639498.132, 78
Trd, 8639499.982, 69
Trd, 8639501.082, 120
Trd, 8639501.632, 122
Trd, 8639502.132, 121
Trd, 8639503.532, 140
Trd, 8639503.982, 132
Trd, 8639504.182, 118
Trd, 8639505.032, 82
Trd, 8639505.982, 83
Trd, 8639508.382, 84
Trd, 8639509.082, 88
Trd, 8639510.482, 88
Trd, 8639510.532, 82
Trd, 8639511.332, 99
Trd, 8639511.582, 104
Trd, 8639512.282, 113
Trd, 8639513.332, 112
Trd, 8639514.282, 121
Trd, 8639514.432, 120
Trd, 8639515.382, 99
Trd, 8639515.882, 106
Trd, 8639516.032, 105
Trd, 8639516.582, 105
Trd, 8639516.782, 89
Trd, 8639517.182, 69
Trd, 8639517.632, 73
Trd, 8639518.932, 81
Trd, 8639519.932, 86
Trd, 8639520.482, 131
Trd, 8639521.832, 80
Trd, 8639522.532, 79
Trd, 8639523.282, 86
Trd, 8639524.482, 88
Trd, 8639524.532, 87
Trd, 8639524.782, 79
Trd, 8639525.532, 77
Trd, 8639526.282, 76
Trd, 8639527.082, 72
Trd, 8639527.182, 96
Trd, 8639528.682, 123
Trd, 8639528.732, 88
Trd, 8639529.132, 88
Trd, 8639530.782, 123
Trd, 8639530.832, 122
Trd, 8639532.032, 113
Trd, 8639532.682, 110
Trd, 8639533.482, 131
Trd, 8639533.932, 111
Trd, 8639534.132, 109
Trd, 8639536.032, 117
Trd, 8639536.132, 113
Trd, 8639536.882, 112
Trd, 8639536.932, 110
Trd, 8639538.382, 136
Trd, 8639538.832, 113
Trd, 8639539.482, 117
Trd, 8639539.782, 127
Trd, 8639539.882, 110
Trd, 8639540.032, 110
Trd, 8639541.782, 74
Trd, 8639542.232, 68
Trd, 8639543.032, 60
Trd, 8639543.182, 72
Trd, 8639543.232, 74
Trd, 8639545.032, 77
Trd, 8639547.482, 62
Trd, 8639548.982, 88
Trd, 8639549.082, 87
Trd, 8639549.382, 108
Trd, 8639549.632, 87
Trd, 8639550.532, 116
Trd, 8639552.682, 110
Trd, 8639553.732, 116
Trd, 8639554.232, 116
Trd, 8639554.432, 115
Trd, 8639556.732, 140
Trd, 8639557.932, 140
Trd, 8639558.732, 140
Trd, 8639559.532, 140
Trd, 8639559.732, 140
Trd, 8639560.882, 135
Trd, 8639562.432, 107
Trd, 8639562.882, 133
Trd, 8639563.082, 115
Trd, 8639564.682, 139
Trd, 8639565.732, 124
Trd, 8639566.382, 123
Trd, 8639568.182, 108
Trd, 8639568.732, 124
Trd, 8639568.932, 107
Trd, 8639568.982, 135
Trd, 8639569.082, 102
Trd, 8639571.082, 124
Trd, 8639571.482, 124
Trd, 8639571.782, 116
Trd, 8639572.932, 76
Trd, 8639573.382, 133
Trd, 8639573.482, 136
Trd, 8639574.082, 119
Trd, 8639574.432, 93
Trd, 8639575.232, 63
Trd, 8639576.282, 72
Trd, 8639577.432, 66
Trd, 8639577.832, 72
Trd, 8639578.282, 63
Trd, 8639579.582, 138
Trd, 8639581.382, 129
Trd, 8639582.182, 131
Trd, 8639583.732, 135
Trd, 8639583.932, 134
Trd, 8639584.082, 120
Trd, 8639584.482, 137
Trd, 8639585.482, 109
Trd, 8639586.782, 121
Trd, 8639587.682, 114
Trd, 8639587.732, 120
Trd, 8639588.832, 118
Trd, 8639588.982, 113
Trd, 8639590.582, 129
Trd, 8639590.732, 113
Trd, 8639590.882, 112
Trd, 8639591.182, 73
Trd, 8639592.832, 140
Trd, 8639594.982, 116
Trd, 8639595.832, 111
Trd, 8639596.482, 111
Trd, 8639596.532, 130
Trd, 8639597.082, 109
Trd, 8639597.832, 113
Trd, 8639599.332, 94
Trd, 8639599.732, 84
Trd, 8639599.782, 108
Trd, 8639600.532, 81
Trd, 8639600.932, 72
Trd, 8639602.632, 62
Trd, 8639603.282, 64
Trd, 8639604.182, 61
Trd, 8639604.732, 64
Trd, 8639605.432, 69
Trd, 8639605.632, 90
Trd, 8639606.232, 95
Trd, 8639606.632, 66
Trd, 8639607.032, 62
Trd, 8639607.832, 92
Trd, 8639608.632, 70
Trd, 8639608.782, 75
Trd, 8639610.282, 62
Trd, 8639612.982, 60
Trd, 8639613.432, 60
Trd, 8639613.782, 98
Trd, 8639614.232, 107
Trd, 8639614.532, 86
Trd, 8639616.882, 117
Trd, 8639617.082, 117
Trd, 8639617.632, 127
Trd, 8639617.782, 96
Trd, 8639618.132, 95
Trd, 8639618.332, 105
Trd, 8639618.682, 71
Trd, 8639619.682, 119
Trd, 8639620.982, 108
Trd, 8639621.032, 83
Trd, 8639623.132, 121
Trd, 8639624.582, 129
Trd, 8639624.882, 132
Trd, 8639625.432, 112
Trd, 8639625.782, 108
Trd, 8639625.932, 107
Trd, 8639626.132, 106
Trd, 8639626.232, 109
Trd, 8639626.332, 102
Trd, 8639627.982, 92
Trd, 8639628.382, 83
Trd, 8639628.932, 92
Trd, 8639631.032, 140
Trd, 8639631.582, 60
Trd, 8639631.682, 91
Trd, 8639632.382, 103
Trd, 8639633.082, 139
Trd, 8639633.182, 116
Trd, 8639633.932, 108
Trd, 8639634.432, 131
Trd, 8639634.482, 125
Trd, 8639634.532, 90
Trd, 8639634.982, 93
Trd, 8639635.432, 87
Trd, 8639637.082, 109
Trd, 8639637.832, 90
Trd, 8639638.732, 136
Trd, 8639639.332, 140
Trd, 8639639.832, 140
Trd, 8639640.332, 84
Trd, 8639641.182, 121
Trd, 8639641.432, 122
Trd, 8639643.882, 68
Trd, 8639644.532, 102
Trd, 8639646.682, 122
Trd, 8639647.482, 117
Trd, 8639647.532, 116
Trd, 8639647.582, 93
Trd, 8639648.182, 137
Trd, 8639648.482, 75
Trd, 8639649.132, 88
Trd, 8639649.332, 110
Trd, 8639650.482, 73
Trd, 8639652.132, 131
Trd, 8639652.282, 130
Trd, 8639653.382, 138
Trd, 8639654.082, 118
Trd, 8639654.832, 119
Trd, 8639655.732, 140
Trd, 8639655.932, 81
Trd, 8639656.032, 81
Trd, 8639657.582, 121
Trd, 8639658.332, 120
Trd, 8639658.382, 86
Trd, 8639658.732, 83
Trd, 8639658.832, 84
Trd, 8639660.532, 130
Trd, 8639660.632, 129
Trd, 8639661.182, 140
Trd, 8639662.582, 113
Trd, 8639663.082, 114
Trd, 8639663.282, 132
Trd, 8639663.982, 115
Trd, 8639665.632, 121
Trd, 8639667.032, 138
Trd, 8639668.532, 136
Trd, 8639668.732, 125
Trd, 8639668.832, 138
Trd, 8639669.482, 89
Trd, 8639669.582, 108
Trd, 8639670.482, 99
Trd, 8639670.632, 63
Trd, 8639671.882, 120
Trd, 8639672.932, 60
Trd, 8639673.732, 61
Trd, 8639673.782, 87
Trd, 8639674.082, 89
Trd, 8639675.132, 77
Trd, 8639676.932, 140
Trd, 8639677.082, 140
Trd, 8639677.782, 140
Trd, 8639678.832, 123
Trd, 8639679.482, 102
Trd, 8639679.932, 131
Trd, 8639680.682, 123
Trd, 8639681.332, 106
Trd, 8639681.932, 132
Trd, 8639682.882, 132
Trd, 8639682.982, 128
Trd, 8639684.082, 139
Trd, 8639684.282, 125
Trd, 8639686.682, 127
Trd, 8639687.432, 118
Trd, 8639687.532, 115
Trd, 8639687.582, 108
Trd, 8639688.332, 89
Trd, 8639688.682, 125
Trd, 8639688.982, 97
Trd, 8639689.332, 84
Trd, 8639690.032, 132
Trd, 8639690.982, 140
Trd, 8639691.682, 140
Trd, 8639693.382, 91
Trd, 8639694.382, 98
Trd, 8639694.532, 90
Trd, 8639694.582, 100
Trd, 8639694.732, 134
Trd, 8639695.732, 92
Trd, 8639697.032, 75
Trd, 8639698.182, 102
Trd, 8639699.332, 127
Trd, 8639699.382, 125
Trd, 8639700.332, 140
Trd, 8639702.382, 76
Trd, 8639703.482, 123
Trd, 8639703.682, 104
Trd, 8639703.732, 103
Trd, 8639704.082, 130
Trd, 8639704.932, 123
Trd, 8639706.482, 140
Trd, 8639706.532, 82
Trd, 8639708.082, 130
Trd, 8639709.382, 134
Trd, 8639709.682, 132
Trd, 8639710.782, 125
Trd, 8639710.932, 124
Trd, 8639712.132, 110
Trd, 8639712.232, 107
Trd, 8639713.082, 140
Trd, 8639713.432, 131
Trd, 8639713.482, 122
Trd, 8639714.282, 138
Trd, 8639714.382, 108
Trd, 8639717.732, 123
Trd, 8639717.982, 110
Trd, 8639718.032, 109
Trd, 8639718.482, 90
Trd, 8639720.032, 132
Trd, 8639720.082, 125
Trd, 8639720.282, 120
Trd, 8639721.332, 101
Trd, 8639722.382, 100
Trd, 8639722.982, 64
Trd, 8639723.132, 67
Trd, 8639723.932, 129
Trd, 8639725.482, 68
Trd, 8639726.932, 80
Trd, 8639726.982, 91
Trd, 8639727.832, 86
Trd, 8639728.232, 73
Trd, 8639729.682, 77
Trd, 8639730.082, 84
Trd, 8639730.932, 87
Trd, 8639731.282, 90
Trd, 8639733.182, 124
Trd, 8639734.032, 110
Trd, 8639734.932, 109
Trd, 8639735.932, 110
Trd, 8639736.182, 120
Trd, 8639736.782, 111
Trd, 8639736.832, 122
Trd, 8639737.482, 132
Trd, 8639738.132, 112
Trd, 8639738.482, 111
Trd, 8639738.932, 103
Trd, 8639739.982, 96
Trd, 8639740.032, 121
Trd, 8639741.532, 140
Trd, 8639741.882, 139
Trd, 8639742.482, 89
Trd, 8639742.732, 111
Trd, 8639743.182, 75
Trd, 8639744.982, 95
Trd, 8639745.032, 124
Trd, 8639745.682, 140
Trd, 8639745.832, 94
Trd, 8639746.232, 66
Trd, 8639748.332, 78
Trd, 8639749.132, 101
Trd, 8639749.782, 103
Trd, 8639750.182, 97
Trd, 8639750.382, 96
Trd, 8639750.782, 104
Trd, 8639751.182, 106
Trd, 8639751.482, 90
Trd, 8639752.132, 64
Trd, 8639753.482, 65
Trd, 8639754.582, 70
Trd, 8639754.882, 65
Trd, 8639755.382, 83
Trd, 8639755.582, 129
Trd, 8639757.582, 121
Trd, 8639758.582, 95
Trd, 8639759.032, 101
Trd, 8639759.132, 73
Trd, 8639760.132, 127
Trd, 8639760.982, 115
Trd, 8639761.432, 139
Trd, 8639761.532, 131
Trd, 8639762.432, 115
Trd, 8639762.732, 115
Trd, 8639763.132, 114
Trd, 8639763.732, 88
Trd, 8639764.532, 63
Trd, 8639766.832, 140
Trd, 8639767.282, 140
Trd, 8639767.682, 139
Trd, 8639769.632, 140
Trd, 8639770.132, 140
Trd, 8639770.332, 123
Trd, 8639770.782, 98
Trd, 8639771.482, 134
Trd, 8639772.232, 124
Trd, 8639772.482, 108
Trd, 8639773.932, 86
Trd, 8639774.382, 69
Trd, 8639774.432, 70
Trd, 8639775.882, 62
Trd, 8639777.482, 65
Trd, 8639778.232, 87
Trd, 8639779.232, 62
Trd, 8639780.282, 60
Trd, 8639780.982, 75
Trd, 8639781.232, 87
Trd, 8639782.132, 81
Trd, 8639782.682, 126
Trd, 8639783.132, 124
Trd, 8639783.332, 123
Trd, 8639784.132, 118
Trd, 8639784.282, 117
Trd, 8639786.432, 138
Trd, 8639786.682, 81
Trd, 8639786.732, 78
Trd, 8639788.882, 112
Trd, 8639790.382, 132
Trd, 8639790.682, 132
Trd, 8639790.782, 112
Trd, 8639792.182, 136
Trd, 8639793.082, 130
Trd, 8639793.482, 120
Trd, 8639795.282, 133
Trd, 8639795.732, 105
Trd, 8639796.182, 137
Trd, 8639796.732, 108
Trd, 8639797.382, 84
Trd, 8639798.582, 139
Trd, 8639799.382, 128
Trd, 8639800.382, 128
Trd, 8639800.882, 114
Trd, 8639802.182, 130
Trd, 8639803.582, 126
Trd, 8639803.882, 99
Trd, 8639804.182, 127
Trd, 8639805.382, 87
Trd, 8639805.832, 86
Trd, 8639806.482, 120
Trd, 8639806.532, 116
Trd, 8639807.882, 140
Trd, 8639807.932, 140
Trd, 8639808.332, 117
Trd, 8639808.732, 106
Trd, 8639809.082, 85
Trd, 8639809.482, 87
Trd, 8639812.132, 63
Trd, 8639812.982, 64
Trd, 8639813.882, 63
Trd, 8639813.932, 107
Trd, 8639815.282, 140
Trd, 8639815.432, 140
Trd, 8639815.632, 139
Trd, 8639816.132, 133
Trd, 8639817.282, 132
Trd, 8639817.732, 83
Trd, 8639818.382, 138
Trd, 8639818.832, 124
Trd, 8639819.282, 119
Trd, 8639819.932, 114
Trd, 8639820.682, 119
Trd, 8639820.882, 87
Trd, 8639822.632, 82
Trd, 8639822.932, 72
Trd, 8639823.032, 83
Trd, 8639823.132, 70
Trd, 8639824.382, 136
Trd, 8639825.432, 135
Trd, 8639825.782, 134
Trd, 8639826.332, 140
Trd, 8639826.732, 133
Trd, 8639827.932, 139
Trd, 8639829.332, 119
Trd, 8639829.382, 117
Trd, 8639829.482, 118
Trd, 8639831.632, 138
Trd, 8639831.832, 108
Trd, 8639832.882, 136
Trd, 8639833.532, 132
Trd, 8639833.982, 132
Trd, 8639834.482, 130
Trd, 8639835.582, 110
Trd, 8639835.882, 98
Trd, 8639836.782, 123
Trd, 8639838.232, 119
Trd, 8639839.332, 68
Trd, 8639840.182, 68
Trd, 8639840.582, 69
Trd, 8639840.632, 80
Trd, 8639841.832, 60
Trd, 8639842.932, 70
Trd, 8639844.032, 70
Trd, 8639845.432, 97
Trd, 8639845.882, 80
Trd, 8639846.932, 96
Trd, 8639846.982, 91
Trd, 8639847.882, 96
Trd, 8639848.232, 97
Trd, 8639849.932, 132
Trd, 8639851.082, 132
Trd, 8639851.332, 130
Trd, 8639852.482, 119
Trd, 8639852.832, 128
Trd, 8639854.182, 117
Trd, 8639854.382, 101
Trd, 8639854.982, 140
Trd, 8639855.032, 109
Trd, 8639855.482, 100
Trd, 8639855.782, 118
Trd, 8639857.132, 115
Trd, 8639857.982, 113
Trd, 8639858.482, 77
Trd, 8639858.582, 82
Trd, 8639858.882, 70
Trd, 8639859.832, 96
Trd, 8639860.282, 63
Trd, 8639860.482, 123
Trd, 8639861.832, 139
Trd, 8639862.132, 138
Trd, 8639863.082, 86
Trd, 8639864.032, 91
Trd, 8639864.582, 103
Trd, 8639865.632, 77
Trd, 8639865.882, 76
Trd, 8639867.282, 69
Trd, 8639867.332, 74
Trd, 8639867.432, 79
Trd, 8639867.682, 88
Trd, 8639868.632, 61
Trd, 8639868.832, 86
Trd, 8639870.032, 95
Trd, 8639871.182, 130
Trd, 8639871.732, 132
Trd, 8639871.782, 98
Trd, 8639873.432, 113
Trd, 8639873.682, 101
Trd, 8639874.932, 135
Trd, 8639875.182, 104
Trd, 8639875.832, 71
Trd, 8639877.032, 86
Trd, 8639877.582, 66
Trd, 8639878.782, 94
Trd, 8639879.032, 73
Trd, 8639879.482, 84
Trd, 8639879.782, 100
Trd, 8639880.982, 77
Trd, 8639881.532, 91
Trd, 8639883.082, 118
Trd, 8639883.182, 103
Trd, 8639884.082, 140
Trd, 8639885.682, 123
Trd, 8639886.432, 126
Trd, 8639886.982, 111
Trd, 8639887.432, 110
Trd, 8639887.482, 117
Trd, 8639887.582, 96
Trd, 8639889.232, 122
Trd, 8639890.132, 122
Trd, 8639890.882, 140
Trd, 8639890.932, 140
Trd, 8639892.182, 140
Trd, 8639892.332, 140
Trd, 8639892.382, 128
Trd, 8639893.032, 106
Trd, 8639895.432, 89
Trd, 8639895.532, 112
Trd, 8639896.682, 139
Trd, 8639896.982, 128
Trd, 8639897.932, 114
Trd, 8639899.182, 120
Trd, 8639899.682, 119
Trd, 8639899.832, 100
Trd, 8639900.832, 104
Trd, 8639901.932, 126
Trd, 8639902.032, 125
Trd, 8639903.982, 123
Trd, 8639904.282, 129
Trd, 8639904.382, 113
Trd, 8639904.932, 128
Trd, 8639905.932, 109
Trd, 8639907.832, 137
Trd, 8639907.882, 119
Trd, 8639907.982, 108
Trd, 8639908.182, 87
Trd, 8639910.132, 107
Trd, 8639910.882, 108
Trd, 8639911.432, 93
Trd, 8639911.782, 84
Trd, 8639913.632, 98
Trd, 8639914.132, 98
Trd, 8639914.282, 97
Trd, 8639915.432, 140
Trd, 8639916.582, 140
Trd, 8639917.282, 140
Trd, 8639917.882, 104
Trd, 8639918.932, 91
Trd, 8639919.532, 140
Trd, 8639921.282, 97
Trd, 8639921.832, 93
Trd, 8639921.932, 96
Trd, 8639922.982, 97
Trd, 8639923.482, 98
Trd, 8639924.532, 95
Trd, 8639925.082, 96
Trd, 8639925.382, 93
Trd, 8639925.682, 98
Trd, 8639926.782, 109
Trd, 8639927.282, 140
Trd, 8639928.882, 126
Trd, 8639929.232, 102
Trd, 8639929.932, 104
Trd, 8639930.032, 103
Trd, 8639930.632, 84
Trd, 8639931.682, 129
Trd, 8639932.682, 96
Trd, 8639933.082, 116
Trd, 8639933.532, 114
Trd, 8639933.632, 97
Trd, 8639934.882, 127
Trd, 8639936.432, 91
Trd, 8639936.532, 87
Trd, 8639937.682, 137
Trd, 8639937.732, 137
Trd, 8639939.132, 109
Trd, 8639939.282, 106
Trd, 8639939.982, 130
Trd, 8639940.732, 130
Trd, 8639942.032, 140
Trd, 8639942.382, 138
Trd, 8639942.932, 108
Trd, 8639942.982, 102
Trd, 8639944.982, 140
Trd, 8639945.682, 138
Trd, 8639946.082, 134
Trd, 8639946.282, 100
Trd, 8639946.482, 99
Trd, 8639946.982, 119
Trd, 8639947.532, 109
Trd, 8639948.932, 113
Trd, 8639950.182, 86
Trd, 8639950.232, 72
Trd, 8639950.532, 114
Trd, 8639951.432, 62
Trd, 8639951.682, 65
Trd, 8639952.132, 62
Trd, 8639952.682, 68
Trd, 8639952.932, 75
Trd, 8639954.332, 90
Trd, 8639955.032, 62
Trd, 8639956.232, 110
Trd, 8639957.832, 65
Trd, 8639958.182, 92
Trd, 8639958.882, 67
Trd, 8639959.432, 72
Trd, 8639959.632, 87
Trd, 8639959.982, 118
Trd, 8639960.632, 103
Trd, 8639960.782, 70
Trd, 8639961.732, 95
Trd, 8639963.782, 106
Trd, 8639963.882, 100
Trd, 8639964.182, 117
Trd, 8639964.982, 99
Trd, 8639965.082, 98
Trd, 8639966.032, 140
Trd, 8639966.532, 136
Trd, 8639967.132, 109
Trd, 8639968.982, 82
Trd, 8639969.432, 118
Trd, 8639969.732, 75
Trd, 8639969.982, 66
Trd, 8639970.432, 115
Trd, 8639972.382, 140
Trd, 8639973.032, 140
Trd, 8639973.832, 130
Trd, 8639973.882, 129
Trd, 8639975.132, 105
Trd, 8639975.982, 95
Trd, 8639976.532, 92
Trd, 8639977.632, 127
Trd, 8639977.682, 126
Trd, 8639977.782, 95
Trd, 8639977.832, 129
Trd, 8639979.832, 127
Trd, 8639980.732, 134
Trd, 8639981.132, 133
Trd, 8639981.782, 127
Trd, 8639982.932, 94
Trd, 8639983.682, 108
Trd, 8639984.382, 136
Trd, 8639985.032, 98
Trd, 8639985.482, 104
Trd, 8639985.732, 100
Trd, 8639986.082, 97
Trd, 8639987.732, 140
Trd, 8639988.682, 140
Trd, 8639988.932, 140
Trd, 8639990.032, 101
Trd, 8639991.082, 104
Trd, 8639991.482, 100
Trd, 8639992.482, 139
Trd, 8639993.332, 85
Trd, 8639993.432, 84
Trd, 8639994.232, 140
Trd, 8639995.632, 91
Trd, 8639996.432, 121
Trd, 8639996.582, 124
Trd, 8639996.632, 136
Trd, 8639996.832, 82
Trd, 8639997.132, 80
Trd, 8639999.332, 111
Trd, 8639999.582, 118
Trd, 8639999.732, 111
Trd, 8639999.832, 110
