Trd, 8638130.032, 130
Trd, 8638130.682, 140
Trd, 8638130.832, 140
Trd, 8638131.082, 140
Trd, 8638131.832, 137
Trd, 8638132.682, 103
Trd, 8638133.632, 140
Trd, 8638135.382, 139
Trd, 8638136.132, 138
Trd, 8638136.432, 139
Trd, 8638136.832, 139
Trd, 8638137.132, 119
Trd, 8638138.232, 129
Trd, 8638138.282, 128
Trd, 8638138.432, 111
Trd, 8638140.032, 140
Trd, 8638141.132, 140
Trd, 8638141.332, 139
Trd, 8638141.832, 140
Trd, 8638142.832, 140
Trd, 8638143.182, 140
Trd, 8638144.482, 139
Trd, 8638144.982, 137
Trd, 8638145.632, 138
Trd, 8638145.932, 103
Trd, 8638146.432, 68
Trd, 8638146.832, 122
Trd, 8638147.782, 85
Trd, 8638149.582, 140
Trd, 8638150.382, 140
Trd, 8638151.632, 140
Trd, 8638151.682, 140
Trd, 8638151.882, 140
Trd, 8638152.732, 139
Trd, 8638152.782, 96
Trd, 8638152.832, 78
Trd, 8638154.332, 140
Trd, 8638154.482, 138
Trd, 8638154.982, 108
Trd, 8638156.082, 140
Trd, 8638156.382, 128
Trd, 8638158.682, 140
Trd, 8638159.182, 132
Trd, 8638159.532, 131
Trd, 8638160.232, 65
Trd, 8638161.882, 134
Trd, 8638162.882, 134
Trd, 8638162.982, 134
Trd, 8638163.182, 139
Trd, 8638164.682, 140
Trd, 8638165.682, 139
Trd, 8638165.932, 139
Trd, 8638166.332, 139
Trd, 8638168.332, 140
Trd, 8638168.632, 140
Trd, 8638169.232, 140
Trd, 8638169.482, 138
Trd, 8638169.882, 133
Trd, 8638170.132, 132
Trd, 8638170.382, 101
Trd, 8638172.632, 140
Trd, 8638173.182, 140
Trd, 8638173.482, 140
Trd, 8638173.882, 140
Trd, 8638175.532, 139
Trd, 8638175.682, 138
Trd, 8638176.532, 140
Trd, 8638177.032, 140
Trd, 8638177.432, 137
Trd, 8638177.532, 100
Trd, 8638178.032, 74
Trd, 8638178.432, 127
Trd, 8638180.232, 60
Trd, 8638180.682, 61
Trd, 8638180.732, 69
Trd, 8638182.432, 137
Trd, 8638182.882, 140
Trd, 8638183.182, 93
Trd, 8638184.632, 137
Trd, 8638185.032, 83
Trd, 8638185.982, 132
Trd, 8638186.382, 77
Trd, 8638187.532, 139
Trd, 8638188.082, 61
Trd, 8638188.682, 140
Trd, 8638190.332, 140
Trd, 8638191.232, 140
Trd, 8638192.032, 140
Trd, 8638192.682, 140
Trd, 8638192.932, 138
Trd, 8638193.282, 137
Trd, 8638193.682, 105
Trd, 8638194.632, 65
Trd, 8638194.732, 66
Trd, 8638195.282, 130
Trd, 8638195.982, 63
Trd, 8638196.782, 63
Trd, 8638197.082, 132
Trd, 8638198.232, 140
Trd, 8638198.332, 140
Trd, 8638198.632, 140
Trd, 8638199.282, 139
Trd, 8638200.282, 64
Trd, 8638200.882, 76
Trd, 8638201.682, 64
Trd, 8638202.132, 64
Trd, 8638203.282, 63
Trd, 8638203.482, 62
Trd, 8638204.482, 140
Trd, 8638205.232, 140
Trd, 8638206.332, 99
Trd, 8638206.782, 99
Trd, 8638208.032, 138
Trd, 8638209.532, 140
Trd, 8638210.582, 137
Trd, 8638210.782, 139
Trd, 8638211.582, 128
Trd, 8638213.782, 140
Trd, 8638213.832, 140
Trd, 8638214.232, 140
Trd, 8638215.082, 140
Trd, 8638215.282, 140
Trd, 8638216.432, 139
Trd, 8638216.632, 138
Trd, 8638217.282, 137
Trd, 8638218.832, 103
Trd, 8638219.082, 102
Trd, 8638221.132, 117
Trd, 8638221.532, 136
Trd, 8638222.232, 140
Trd, 8638222.482, 140
Trd, 8638223.232, 140
Trd, 8638223.932, 140
Trd, 8638224.132, 139
Trd, 8638224.382, 140
Trd, 8638224.532, 139
Trd, 8638225.982, 62
Trd, 8638227.032, 60
Trd, 8638227.182, 60
Trd, 8638228.482, 140
Trd, 8638229.532, 138
Trd, 8638229.782, 109
Trd, 8638232.082, 140
Trd, 8638233.132, 140
Trd, 8638234.032, 140
Trd, 8638234.332, 140
Trd, 8638235.732, 139
Trd, 8638236.032, 81
Trd, 8638236.682, 140
Trd, 8638237.482, 140
Trd, 8638238.182, 140
Trd, 8638238.432, 137
Trd, 8638239.382, 140
Trd, 8638239.932, 127
Trd, 8638240.832, 139
Trd, 8638241.632, 139
Trd, 8638242.432, 130
Trd, 8638243.782, 137
Trd, 8638244.332, 110
Trd, 8638244.382, 120
Trd, 8638244.732, 108
Trd, 8638244.882, 96
Trd, 8638245.132, 121
Trd, 8638246.082, 140
Trd, 8638247.132, 91
Trd, 8638247.182, 86
Trd, 8638247.732, 137
Trd, 8638248.282, 139
Trd, 8638248.832, 128
Trd, 8638250.732, 140
Trd, 8638250.932, 138
Trd, 8638251.632, 137
Trd, 8638251.832, 136
Trd, 8638251.882, 134
Trd, 8638252.332, 119
Trd, 8638254.832, 140
Trd, 8638254.932, 140
Trd, 8638255.132, 75
Trd, 8638255.982, 60
Trd, 8638256.332, 62
Trd, 8638256.582, 64
Trd, 8638258.232, 61
Trd, 8638258.832, 62
Trd, 8638259.932, 69
Trd, 8638260.632, 70
Trd, 8638260.932, 71
Trd, 8638261.332, 77
Trd, 8638263.332, 140
Trd, 8638263.882, 140
Trd, 8638264.032, 140
Trd, 8638264.382, 140
Trd, 8638265.182, 140
Trd, 8638265.382, 140
Trd, 8638266.232, 139
Trd, 8638268.482, 65
Trd, 8638268.782, 64
Trd, 8638268.832, 65
Trd, 8638269.032, 66
Trd, 8638269.432, 65
Trd, 8638270.382, 63
Trd, 8638271.082, 73
Trd, 8638271.482, 62
Trd, 8638272.332, 66
Trd, 8638273.132, 140
Trd, 8638273.832, 140
Trd, 8638274.982, 140
Trd, 8638275.782, 140
Trd, 8638276.082, 140
Trd, 8638277.782, 140
Trd, 8638277.832, 140
Trd, 8638278.882, 139
Trd, 8638279.082, 137
Trd, 8638280.532, 137
Trd, 8638281.182, 139
Trd, 8638281.782, 140
Trd, 8638282.232, 140
Trd, 8638282.732, 139
Trd, 8638283.182, 139
Trd, 8638283.682, 139
Trd, 8638283.782, 138
Trd, 8638285.982, 139
Trd, 8638286.732, 139
Trd, 8638287.632, 140
Trd, 8638287.682, 140
Trd, 8638289.232, 139
Trd, 8638289.882, 138
Trd, 8638290.232, 101
Trd, 8638290.482, 100
Trd, 8638291.082, 61
Trd, 8638291.482, 62
Trd, 8638292.882, 63
Trd, 8638293.882, 70
Trd, 8638294.632, 61
Trd, 8638295.332, 135
Trd, 8638296.382, 130
Trd, 8638298.532, 101
Trd, 8638298.732, 101
Trd, 8638299.082, 81
Trd, 8638299.232, 133
Trd, 8638299.582, 138
Trd, 8638300.382, 137
Trd, 8638300.882, 140
Trd, 8638301.782, 140
Trd, 8638302.532, 140
Trd, 8638302.782, 140
Trd, 8638303.782, 136
Trd, 8638304.032, 87
Trd, 8638304.982, 77
Trd, 8638306.582, 140
Trd, 8638307.682, 140
Trd, 8638308.582, 140
Trd, 8638308.932, 140
Trd, 8638309.582, 140
Trd, 8638311.082, 140
Trd, 8638311.382, 130
Trd, 8638311.482, 61
Trd, 8638312.032, 137
Trd, 8638312.382, 62
Trd, 8638313.882, 140
Trd, 8638314.382, 140
Trd, 8638315.282, 140
Trd, 8638316.232, 140
Trd, 8638317.382, 80
Trd, 8638317.732, 60
Trd, 8638318.582, 97
Trd, 8638320.782, 140
Trd, 8638321.132, 140
Trd, 8638321.232, 140
Trd, 8638322.282, 139
Trd, 8638323.332, 140
Trd, 8638324.482, 140
Trd, 8638324.782, 139
Trd, 8638325.732, 140
Trd, 8638325.932, 140
Trd, 8638326.932, 134
Trd, 8638327.432, 121
Trd, 8638327.882, 62
Trd, 8638328.332, 63
Trd, 8638328.932, 83
Trd, 8638330.482, 140
Trd, 8638330.532, 140
Trd, 8638331.882, 140
Trd, 8638334.032, 140
Trd, 8638334.132, 140
Trd, 8638334.832, 140
Trd, 8638334.932, 139
Trd, 8638335.332, 139
Trd, 8638335.582, 138
Trd, 8638335.782, 137
Trd, 8638336.282, 71
Trd, 8638337.682, 140
Trd, 8638339.132, 140
Trd, 8638339.632, 139
Trd, 8638339.782, 139
Trd, 8638340.782, 139
Trd, 8638341.682, 134
Trd, 8638343.932, 140
Trd, 8638343.982, 140
Trd, 8638345.682, 140
Trd, 8638345.982, 140
Trd, 8638346.832, 140
Trd, 8638348.132, 140
Trd, 8638348.182, 139
Trd, 8638348.532, 140
Trd, 8638349.532, 140
Trd, 8638350.232, 139
Trd, 8638350.582, 138
Trd, 8638351.182, 133
Trd, 8638352.882, 139
Trd, 8638352.932, 139
Trd, 8638353.732, 140
Trd, 8638353.882, 139
Trd, 8638355.632, 119
Trd, 8638355.682, 118
Trd, 8638356.482, 90
Trd, 8638357.782, 140
Trd, 8638359.282, 140
Trd, 8638360.282, 140
Trd, 8638361.282, 140
Trd, 8638361.482, 140
Trd, 8638362.632, 140
Trd, 8638362.682, 135
Trd, 8638362.782, 140
Trd, 8638363.182, 128
Trd, 8638364.682, 116
Trd, 8638366.932, 140
Trd, 8638367.182, 138
Trd, 8638367.232, 115
Trd, 8638367.632, 88
Trd, 8638368.132, 139
Trd, 8638368.732, 135
Trd, 8638368.782, 89
Trd, 8638369.582, 140
Trd, 8638370.932, 60
Trd, 8638371.132, 61
Trd, 8638372.082, 61
Trd, 8638372.282, 65
Trd, 8638372.982, 60
Trd, 8638373.732, 63
Trd, 8638374.982, 76
Trd, 8638376.482, 116
Trd, 8638376.582, 78
Trd, 8638377.532, 62
Trd, 8638377.682, 70
Trd, 8638378.532, 139
Trd, 8638379.232, 140
Trd, 8638379.332, 127
Trd, 8638379.932, 64
Trd, 8638380.532, 90
Trd, 8638382.532, 140
Trd, 8638382.582, 139
Trd, 8638382.782, 134
Trd, 8638384.232, 138
Trd, 8638384.282, 137
Trd, 8638385.682, 137
Trd, 8638385.832, 133
Trd, 8638386.732, 81
Trd, 8638386.782, 80
Trd, 8638387.682, 140
Trd, 8638387.932, 140
Trd, 8638389.282, 140
Trd, 8638391.282, 140
Trd, 8638391.432, 140
Trd, 8638391.682, 121
Trd, 8638391.832, 62
Trd, 8638392.982, 140
Trd, 8638393.782, 140
Trd, 8638395.132, 140
Trd, 8638395.732, 140
Trd, 8638395.782, 139
Trd, 8638397.332, 140
Trd, 8638397.532, 140
Trd, 8638397.982, 134
Trd, 8638398.432, 140
Trd, 8638399.232, 131
Trd, 8638399.832, 139
Trd, 8638401.232, 137
Trd, 8638401.482, 136
Trd, 8638402.032, 124
Trd, 8638402.932, 140
Trd, 8638403.332, 98
Trd, 8638404.482, 140
Trd, 8638405.282, 140
Trd, 8638406.732, 140
Trd, 8638406.782, 140
Trd, 8638408.332, 140
Trd, 8638409.882, 140
Trd, 8638410.082, 140
Trd, 8638410.832, 139
Trd, 8638411.132, 139
Trd, 8638411.332, 110
Trd, 8638412.382, 75
Trd, 8638412.432, 131
Trd, 8638412.832, 74
Trd, 8638413.182, 84
Trd, 8638414.782, 60
Trd, 8638414.982, 62
Trd, 8638416.432, 140
Trd, 8638416.532, 140
Trd, 8638417.432, 140
Trd, 8638417.832, 140
Trd, 8638419.332, 140
Trd, 8638420.082, 136
Trd, 8638420.282, 136
Trd, 8638420.482, 129
Trd, 8638421.482, 140
Trd, 8638421.682, 140
Trd, 8638422.032, 110
Trd, 8638423.632, 134
Trd, 8638424.682, 140
Trd, 8638425.732, 140
Trd, 8638426.082, 140
Trd, 8638426.732, 140
Trd, 8638427.132, 136
Trd, 8638427.682, 140
Trd, 8638428.732, 138
Trd, 8638430.082, 140
Trd, 8638430.432, 140
Trd, 8638433.082, 140
Trd, 8638433.732, 140
Trd, 8638434.182, 140
Trd, 8638434.332, 140
Trd, 8638434.582, 131
Trd, 8638434.832, 130
Trd, 8638436.582, 140
Trd, 8638437.932, 140
Trd, 8638439.332, 140
Trd, 8638440.082, 140
Trd, 8638440.182, 140
Trd, 8638441.082, 140
Trd, 8638442.232, 140
Trd, 8638443.182, 140
Trd, 8638443.582, 140
Trd, 8638444.932, 140
Trd, 8638445.282, 137
Trd, 8638446.082, 137
Trd, 8638446.882, 136
Trd, 8638447.132, 119
Trd, 8638447.632, 64
Trd, 8638450.182, 140
Trd, 8638450.582, 140
Trd, 8638451.432, 140
Trd, 8638451.782, 140
Trd, 8638452.082, 130
Trd, 8638452.332, 129
Trd, 8638453.182, 62
Trd, 8638453.632, 63
Trd, 8638455.332, 140
Trd, 8638455.932, 140
Trd, 8638456.532, 140
Trd, 8638456.882, 139
Trd, 8638458.132, 138
Trd, 8638458.582, 140
Trd, 8638459.082, 140
Trd, 8638460.082, 137
Trd, 8638460.232, 134
Trd, 8638460.632, 122
Trd, 8638461.432, 123
Trd, 8638462.432, 137
Trd, 8638462.732, 140
Trd, 8638464.382, 140
Trd, 8638464.432, 140
Trd, 8638465.082, 92
Trd, 8638465.832, 75
Trd, 8638466.632, 140
Trd, 8638466.932, 140
Trd, 8638468.032, 139
Trd, 8638469.932, 139
Trd, 8638470.082, 119
Trd, 8638470.232, 75
Trd, 8638472.182, 140
Trd, 8638472.632, 140
Trd, 8638473.882, 140
Trd, 8638474.932, 140
Trd, 8638476.082, 140
Trd, 8638476.832, 140
Trd, 8638477.082, 140
Trd, 8638477.882, 140
Trd, 8638477.982, 139
Trd, 8638479.382, 135
Trd, 8638479.482, 133
Trd, 8638480.732, 139
Trd, 8638481.432, 138
Trd, 8638482.432, 122
Trd, 8638483.532, 140
Trd, 8638483.732, 139
Trd, 8638484.932, 132
Trd, 8638485.032, 131
Trd, 8638485.132, 79
Trd, 8638486.332, 93
Trd, 8638486.832, 140
Trd, 8638486.932, 139
Trd, 8638487.232, 62
Trd, 8638488.482, 61
Trd, 8638489.132, 66
Trd, 8638489.882, 139
Trd, 8638490.682, 140
Trd, 8638491.432, 139
Trd, 8638493.882, 140
Trd, 8638494.382, 140
Trd, 8638494.832, 140
Trd, 8638496.132, 138
Trd, 8638497.032, 140
Trd, 8638497.882, 140
Trd, 8638498.232, 140
Trd, 8638498.432, 139
Trd, 8638499.232, 140
Trd, 8638499.432, 138
Trd, 8638501.132, 75
Trd, 8638501.432, 108
Trd, 8638502.082, 134
Trd, 8638502.482, 137
Trd, 8638502.832, 64
Trd, 8638503.032, 68
Trd, 8638503.832, 140
Trd, 8638505.232, 63
Trd, 8638507.082, 140
Trd, 8638507.332, 140
Trd, 8638508.232, 76
Trd, 8638508.632, 79
Trd, 8638508.732, 69
Trd, 8638510.132, 69
Trd, 8638510.682, 70
Trd, 8638511.532, 62
Trd, 8638511.882, 61
Trd, 8638512.932, 139
Trd, 8638513.882, 140
Trd, 8638513.932, 135
Trd, 8638514.532, 60
Trd, 8638515.182, 106
Trd, 8638516.282, 105
Trd, 8638516.332, 107
Trd, 8638517.032, 105
Trd, 8638517.532, 104
Trd, 8638518.032, 140
Trd, 8638519.332, 140
Trd, 8638520.082, 138
Trd, 8638520.632, 130
Trd, 8638521.032, 135
Trd, 8638523.182, 140
Trd, 8638523.282, 139
Trd, 8638523.982, 137
Trd, 8638524.582, 140
Trd, 8638525.232, 137
Trd, 8638525.282, 136
Trd, 8638525.332, 135
Trd, 8638526.532, 132
Trd, 8638528.732, 140
Trd, 8638529.332, 140
Trd, 8638529.832, 140
Trd, 8638530.382, 140
Trd, 8638530.532, 140
Trd, 8638530.682, 136
Trd, 8638531.432, 130
Trd, 8638531.532, 130
Trd, 8638533.282, 140
Trd, 8638533.732, 140
Trd, 8638534.982, 140
Trd, 8638536.482, 140
Trd, 8638536.682, 140
Trd, 8638537.032, 140
Trd, 8638537.332, 136
Trd, 8638537.482, 139
Trd, 8638539.832, 140
Trd, 8638540.932, 140
Trd, 8638541.482, 138
Trd, 8638541.682, 140
Trd, 8638542.532, 137
Trd, 8638542.832, 137
Trd, 8638543.482, 120
Trd, 8638544.082, 104
Trd, 8638544.332, 103
Trd, 8638544.782, 102
Trd, 8638544.832, 77
Trd, 8638546.032, 140
Trd, 8638546.082, 140
Trd, 8638548.332, 140
Trd, 8638549.632, 140
Trd, 8638550.182, 140
Trd, 8638550.332, 140
Trd, 8638550.782, 140
Trd, 8638551.932, 140
Trd, 8638552.282, 140
Trd, 8638552.332, 139
Trd, 8638554.082, 139
Trd, 8638554.282, 129
Trd, 8638554.482, 114
Trd, 8638554.532, 109
Trd, 8638555.682, 140
Trd, 8638557.582, 140
Trd, 8638558.482, 139
Trd, 8638558.832, 134
Trd, 8638559.282, 140
Trd, 8638559.932, 140
Trd, 8638561.832, 140
Trd, 8638562.582, 140
Trd, 8638563.082, 139
Trd, 8638563.982, 135
Trd, 8638564.082, 140
Trd, 8638565.832, 139
Trd, 8638566.782, 139
Trd, 8638567.332, 140
Trd, 8638568.232, 140
Trd, 8638569.432, 140
Trd, 8638569.532, 138
Trd, 8638571.632, 140
Trd, 8638571.982, 140
Trd, 8638572.332, 140
Trd, 8638572.882, 102
Trd, 8638573.382, 112
Trd, 8638574.982, 140
Trd, 8638577.282, 140
Trd, 8638577.832, 140
Trd, 8638578.282, 140
Trd, 8638578.382, 138
Trd, 8638579.382, 138
Trd, 8638581.182, 136
Trd, 8638581.432, 136
Trd, 8638582.082, 140
Trd, 8638583.282, 140
Trd, 8638583.532, 136
Trd, 8638583.832, 123
Trd, 8638584.932, 139
Trd, 8638585.182, 139
Trd, 8638585.932, 133
Trd, 8638587.182, 137
Trd, 8638587.832, 81
Trd, 8638588.532, 140
Trd, 8638588.932, 139
Trd, 8638589.032, 70
Trd, 8638590.582, 136
Trd, 8638590.782, 136
Trd, 8638591.182, 140
Trd, 8638593.382, 140
Trd, 8638594.382, 140
Trd, 8638595.082, 140
Trd, 8638595.782, 139
Trd, 8638596.582, 60
Trd, 8638596.782, 61
Trd, 8638597.282, 121
Trd, 8638597.582, 104
Trd, 8638598.382, 138
Trd, 8638599.532, 139
Trd, 8638599.582, 136
Trd, 8638599.982, 69
Trd, 8638600.382, 88
Trd, 8638601.332, 126
Trd, 8638601.582, 126
Trd, 8638602.632, 130
Trd, 8638602.682, 128
Trd, 8638603.232, 138
Trd, 8638604.032, 128
Trd, 8638605.132, 140
Trd, 8638606.082, 137
Trd, 8638607.082, 140
Trd, 8638607.232, 131
Trd, 8638607.982, 140
Trd, 8638608.282, 140
Trd, 8638608.932, 118
Trd, 8638608.982, 117
Trd, 8638610.132, 139
Trd, 8638611.232, 135
Trd, 8638613.882, 140
Trd, 8638614.632, 140
Trd, 8638615.032, 140
Trd, 8638616.232, 140
Trd, 8638617.282, 140
Trd, 8638617.482, 140
Trd, 8638618.532, 140
Trd, 8638619.582, 140
Trd, 8638619.682, 140
Trd, 8638619.732, 140
Trd, 8638622.182, 140
Trd, 8638622.282, 140
Trd, 8638622.532, 137
Trd, 8638623.032, 137
Trd, 8638623.182, 136
Trd, 8638623.432, 69
Trd, 8638623.882, 140
Trd, 8638624.182, 140
Trd, 8638625.882, 139
Trd, 8638626.282, 138
Trd, 8638626.332, 112
Trd, 8638626.582, 96
Trd, 8638628.282, 139
Trd, 8638629.032, 137
Trd, 8638630.732, 92
Trd, 8638631.382, 73
Trd, 8638631.882, 71
Trd, 8638632.382, 67
Trd, 8638632.732, 139
Trd, 8638633.182, 140
Trd, 8638634.182, 134
Trd, 8638634.232, 110
Trd, 8638635.382, 140
Trd, 8638635.682, 140
Trd, 8638636.582, 61
Trd, 8638637.632, 65
Trd, 8638637.882, 65
Trd, 8638638.082, 66
Trd, 8638638.682, 60
Trd, 8638639.132, 67
Trd, 8638641.132, 140
Trd, 8638641.282, 94
Trd, 8638641.882, 63
Trd, 8638642.432, 140
Trd, 8638642.732, 140
Trd, 8638644.232, 140
Trd, 8638644.782, 140
Trd, 8638645.532, 97
Trd, 8638645.682, 93
Trd, 8638645.832, 140
Trd, 8638646.132, 67
Trd, 8638647.232, 109
Trd, 8638649.032, 139
Trd, 8638651.782, 140
Trd, 8638651.932, 140
Trd, 8638652.432, 140
Trd, 8638652.532, 140
Trd, 8638653.082, 140
Trd, 8638653.482, 130
Trd, 8638654.282, 140
Trd, 8638654.582, 139
Trd, 8638654.832, 140
Trd, 8638655.032, 129
Trd, 8638655.832, 134
Trd, 8638656.932, 62
Trd, 8638658.382, 67
Trd, 8638658.982, 61
Trd, 8638659.132, 60
Trd, 8638659.532, 65
Trd, 8638660.132, 62
Trd, 8638661.382, 61
Trd, 8638663.682, 69
Trd, 8638663.832, 71
Trd, 8638664.282, 67
Trd, 8638664.382, 66
Trd, 8638664.682, 111
Trd, 8638666.132, 140
Trd, 8638666.632, 139
Trd, 8638668.332, 140
Trd, 8638669.232, 140
Trd, 8638669.632, 140
Trd, 8638669.782, 139
Trd, 8638670.032, 140
Trd, 8638670.232, 139
Trd, 8638672.282, 140
Trd, 8638672.382, 140
Trd, 8638674.032, 140
Trd, 8638674.432, 140
Trd, 8638674.582, 139
Trd, 8638675.082, 118
Trd, 8638675.832, 69
Trd, 8638676.332, 85
Trd, 8638677.632, 140
Trd, 8638678.232, 140
Trd, 8638679.832, 140
Trd, 8638680.032, 140
Trd, 8638680.182, 139
Trd, 8638680.682, 131
Trd, 8638681.882, 140
Trd, 8638682.832, 140
Trd, 8638682.982, 131
Trd, 8638683.532, 139
Trd, 8638685.232, 140
Trd, 8638685.282, 139
Trd, 8638685.832, 135
Trd, 8638686.132, 133
Trd, 8638687.232, 140
Trd, 8638689.082, 140
Trd, 8638689.182, 80
Trd, 8638690.282, 140
Trd, 8638690.532, 132
Trd, 8638691.032, 132
Trd, 8638692.282, 140
Trd, 8638692.582, 115
Trd, 8638693.332, 139
Trd, 8638694.332, 81
Trd, 8638694.882, 135
Trd, 8638694.982, 69
Trd, 8638695.682, 138
Trd, 8638695.832, 121
Trd, 8638698.732, 140
Trd, 8638699.332, 140
Trd, 8638699.582, 140
Trd, 8638699.882, 140
Trd, 8638700.932, 140
Trd, 8638702.132, 140
Trd, 8638702.482, 140
Trd, 8638703.932, 140
Trd, 8638704.532, 140
Trd, 8638704.582, 140
Trd, 8638705.032, 140
Trd, 8638705.132, 98
Trd, 8638706.332, 132
Trd, 8638707.432, 136
Trd, 8638708.532, 138
Trd, 8638708.582, 137
Trd, 8638710.082, 132
Trd, 8638712.182, 84
Trd, 8638712.582, 140
Trd, 8638712.732, 140
Trd, 8638712.782, 140
Trd, 8638712.982, 83
Trd, 8638713.332, 140
Trd, 8638714.782, 140
Trd, 8638714.832, 135
Trd, 8638715.232, 128
Trd, 8638716.082, 139
Trd, 8638716.232, 91
Trd, 8638717.382, 136
Trd, 8638717.732, 135
Trd, 8638719.032, 140
Trd, 8638720.682, 140
Trd, 8638720.732, 140
Trd, 8638721.532, 140
Trd, 8638722.882, 140
Trd, 8638723.182, 139
Trd, 8638723.532, 140
Trd, 8638724.832, 140
Trd, 8638725.032, 122
Trd, 8638725.432, 63
Trd, 8638725.782, 140
Trd, 8638726.632, 88
Trd, 8638728.282, 140
Trd, 8638728.332, 140
Trd, 8638729.382, 136
Trd, 8638730.482, 140
Trd, 8638731.532, 139
Trd, 8638733.982, 140
Trd, 8638734.132, 140
Trd, 8638734.832, 133
Trd, 8638735.482, 138
Trd, 8638735.632, 140
Trd, 8638736.132, 131
Trd, 8638736.982, 139
Trd, 8638737.782, 137
Trd, 8638738.532, 140
Trd, 8638739.132, 125
Trd, 8638739.332, 120
Trd, 8638740.482, 136
Trd, 8638740.832, 139
Trd, 8638740.982, 87
Trd, 8638742.082, 99
Trd, 8638743.132, 60
Trd, 8638743.432, 61
Trd, 8638745.682, 140
Trd, 8638746.582, 140
Trd, 8638747.032, 140
Trd, 8638748.782, 140
Trd, 8638748.882, 139
Trd, 8638748.982, 137
Trd, 8638749.432, 140
Trd, 8638749.482, 139
Trd, 8638749.632, 140
Trd, 8638750.082, 140
Trd, 8638751.032, 139
Trd, 8638752.132, 140
Trd, 8638752.232, 140
Trd, 8638753.182, 138
Trd, 8638753.732, 111
Trd, 8638754.832, 140
Trd, 8638755.032, 135
Trd, 8638757.632, 140
Trd, 8638758.732, 140
Trd, 8638759.082, 140
Trd, 8638759.782, 140
Trd, 8638759.982, 140
Trd, 8638760.382, 139
Trd, 8638760.682, 138
Trd, 8638761.032, 137
Trd, 8638761.232, 101
Trd, 8638761.932, 100
Trd, 8638763.132, 121
Trd, 8638764.332, 136
Trd, 8638765.532, 140
Trd, 8638766.632, 140
Trd, 8638767.182, 140
Trd, 8638767.732, 140
Trd, 8638767.982, 140
Trd, 8638768.482, 72
Trd, 8638769.732, 140
Trd, 8638771.382, 140
Trd, 8638771.432, 140
Trd, 8638771.782, 140
Trd, 8638772.732, 75
Trd, 8638774.632, 140
Trd, 8638775.082, 140
Trd, 8638775.532, 140
Trd, 8638776.082, 140
Trd, 8638776.382, 140
Trd, 8638776.682, 139
Trd, 8638777.832, 138
Trd, 8638779.132, 132
Trd, 8638779.832, 140
Trd, 8638779.882, 139
Trd, 8638780.632, 131
Trd, 8638782.182, 132
Trd, 8638782.732, 138
Trd, 8638783.632, 140
Trd, 8638783.682, 138
Trd, 8638783.732, 129
Trd, 8638784.382, 140
Trd, 8638785.382, 140
Trd, 8638785.682, 137
Trd, 8638786.732, 138
Trd, 8638786.832, 134
Trd, 8638787.082, 83
Trd, 8638787.532, 137
Trd, 8638788.532, 136
Trd, 8638790.682, 140
Trd, 8638790.732, 136
Trd, 8638791.632, 60
Trd, 8638791.982, 62
Trd, 8638794.032, 140
Trd, 8638794.282, 140
Trd, 8638794.932, 140
Trd, 8638795.882, 140
Trd, 8638796.582, 93
Trd, 8638797.232, 92
Trd, 8638797.482, 64
Trd, 8638797.782, 121
Trd, 8638799.182, 128
Trd, 8638799.532, 127
Trd, 8638801.532, 140
Trd, 8638802.132, 140
Trd, 8638802.482, 140
Trd, 8638803.532, 139
Trd, 8638803.932, 138
Trd, 8638804.932, 140
Trd, 8638805.082, 137
Trd, 8638805.282, 137
Trd, 8638805.532, 107
Trd, 8638805.882, 107
Trd, 8638805.982, 105
Trd, 8638806.582, 136
Trd, 8638807.382, 140
Trd, 8638809.582, 140
Trd, 8638810.332, 133
Trd, 8638811.032, 129
Trd, 8638811.482, 83
Trd, 8638812.082, 90
Trd, 8638812.682, 140
Trd, 8638813.532, 70
Trd, 8638814.132, 82
Trd, 8638814.982, 62
Trd, 8638816.932, 120
Trd, 8638817.632, 134
Trd, 8638817.682, 119
Trd, 8638818.332, 103
Trd, 8638818.782, 140
Trd, 8638819.582, 140
Trd, 8638819.882, 140
Trd, 8638819.982, 140
Trd, 8638820.682, 140
Trd, 8638821.382, 140
Trd, 8638823.782, 140
Trd, 8638824.232, 140
Trd, 8638825.082, 140
Trd, 8638825.832, 137
Trd, 8638826.482, 139
Trd, 8638828.032, 140
Trd, 8638828.082, 139
Trd, 8638828.532, 140
Trd, 8638829.382, 140
Trd, 8638829.482, 140
Trd, 8638831.132, 137
Trd, 8638831.382, 131
Trd, 8638832.032, 89
Trd, 8638832.232, 89
Trd, 8638833.432, 138
Trd, 8638835.232, 140
Trd, 8638835.382, 140
Trd, 8638836.132, 140
Trd, 8638836.232, 138
Trd, 8638837.432, 140
Trd, 8638837.682, 72
Trd, 8638839.532, 60
Trd, 8638839.682, 61
Trd, 8638839.732, 65
Trd, 8638839.782, 69
Trd, 8638840.732, 62
Trd, 8638841.932, 129
Trd, 8638842.932, 140
Trd, 8638843.032, 140
Trd, 8638844.432, 140
Trd, 8638845.382, 140
Trd, 8638845.932, 140
Trd, 8638846.482, 140
Trd, 8638848.632, 140
Trd, 8638848.932, 140
Trd, 8638849.032, 140
Trd, 8638849.832, 140
Trd, 8638850.432, 137
Trd, 8638851.832, 140
Trd, 8638853.482, 140
Trd, 8638854.182, 140
Trd, 8638854.282, 140
Trd, 8638854.632, 134
Trd, 8638854.882, 116
Trd, 8638855.832, 140
Trd, 8638856.482, 113
Trd, 8638856.582, 110
Trd, 8638856.632, 95
Trd, 8638858.332, 69
Trd, 8638859.232, 137
Trd, 8638859.982, 140
Trd, 8638860.232, 140
Trd, 8638861.082, 140
Trd, 8638861.282, 140
Trd, 8638861.982, 120
Trd, 8638863.432, 140
Trd, 8638863.732, 108
Trd, 8638864.182, 134
Trd, 8638864.582, 136
Trd, 8638864.882, 140
Trd, 8638866.032, 140
Trd, 8638866.632, 140
Trd, 8638867.132, 140
Trd, 8638868.932, 116
Trd, 8638869.082, 115
Trd, 8638869.182, 110
Trd, 8638870.882, 139
Trd, 8638870.982, 139
Trd, 8638871.182, 127
Trd, 8638871.832, 138
Trd, 8638872.182, 123
Trd, 8638872.682, 140
Trd, 8638873.582, 119
Trd, 8638874.332, 131
Trd, 8638874.782, 119
Trd, 8638874.982, 116
Trd, 8638877.532, 65
Trd, 8638877.582, 73
Trd, 8638878.182, 60
Trd, 8638878.682, 62
Trd, 8638879.932, 140
Trd, 8638880.532, 62
Trd, 8638880.732, 62
Trd, 8638881.182, 60
Trd, 8638882.082, 89
Trd, 8638882.982, 125
Trd, 8638884.382, 140
Trd, 8638884.532, 140
Trd, 8638884.982, 139
Trd, 8638885.282, 88
Trd, 8638885.432, 140
Trd, 8638885.832, 139
Trd, 8638887.382, 89
Trd, 8638887.432, 88
Trd, 8638888.532, 140
Trd, 8638889.282, 140
Trd, 8638889.382, 140
Trd, 8638891.532, 140
Trd, 8638892.582, 140
Trd, 8638893.632, 140
Trd, 8638894.132, 140
Trd, 8638894.282, 140
Trd, 8638895.232, 140
Trd, 8638895.732, 140
Trd, 8638897.032, 140
Trd, 8638898.582, 140
Trd, 8638900.382, 140
Trd, 8638900.482, 140
Trd, 8638901.482, 140
Trd, 8638901.682, 138
Trd, 8638902.632, 140
Trd, 8638902.932, 140
Trd, 8638903.782, 140
Trd, 8638904.832, 138
Trd, 8638905.482, 140
Trd, 8638905.732, 138
Trd, 8638905.832, 136
Trd, 8638906.232, 139
Trd, 8638907.732, 140
Trd, 8638908.182, 140
Trd, 8638908.582, 129
Trd, 8638908.832, 124
Trd, 8638909.432, 125
Trd, 8638911.332, 140
Trd, 8638911.682, 140
Trd, 8638912.282, 129
Trd, 8638912.332, 127
Trd, 8638913.782, 140
Trd, 8638915.832, 140
Trd, 8638917.032, 140
Trd, 8638917.282, 140
Trd, 8638918.032, 140
Trd, 8638918.382, 140
Trd, 8638919.882, 139
Trd, 8638920.182, 140
Trd, 8638920.432, 61
Trd, 8638921.582, 140
Trd, 8638921.732, 140
Trd, 8638922.182, 140
Trd, 8638922.482, 140
Trd, 8638923.632, 140
Trd, 8638923.882, 64
Trd, 8638924.282, 104
Trd, 8638924.732, 111
Trd, 8638925.132, 70
Trd, 8638926.382, 60
Trd, 8638927.682, 60
Trd, 8638928.482, 61
Trd, 8638929.182, 61
Trd, 8638929.482, 91
Trd, 8638930.682, 60
Trd, 8638930.982, 76
Trd, 8638932.032, 63
Trd, 8638932.282, 66
Trd, 8638932.932, 138
Trd, 8638933.132, 138
Trd, 8638934.582, 125
Trd, 8638935.132, 140
Trd, 8638935.182, 140
Trd, 8638936.182, 140
Trd, 8638937.882, 139
Trd, 8638938.432, 140
Trd, 8638938.782, 139
Trd, 8638939.532, 126
Trd, 8638939.982, 111
Trd, 8638940.532, 99
Trd, 8638944.232, 140
Trd, 8638944.782, 140
Trd, 8638944.882, 139
Trd, 8638945.632, 101
Trd, 8638946.132, 102
Trd, 8638946.282, 97
Trd, 8638946.332, 96
Trd, 8638946.532, 140
Trd, 8638946.682, 62
Trd, 8638947.282, 140
Trd, 8638947.782, 109
Trd, 8638947.932, 125
Trd, 8638949.032, 60
Trd, 8638949.582, 140
Trd, 8638950.932, 140
Trd, 8638951.082, 100
Trd, 8638951.782, 71
Trd, 8638952.732, 122
Trd, 8638953.182, 64
Trd, 8638953.682, 64
Trd, 8638954.732, 116
Trd, 8638954.982, 115
Trd, 8638957.282, 140
Trd, 8638958.232, 140
Trd, 8638958.532, 140
Trd, 8638959.132, 137
Trd, 8638959.882, 140
Trd, 8638960.082, 140
Trd, 8638960.332, 129
Trd, 8638960.832, 139
Trd, 8638961.282, 129
Trd, 8638962.932, 134
Trd, 8638963.982, 140
Trd, 8638964.932, 140
Trd, 8638965.032, 140
Trd, 8638965.282, 140
Trd, 8638966.482, 140
Trd, 8638966.982, 107
Trd, 8638968.182, 139
Trd, 8638968.732, 136
Trd, 8638968.932, 130
Trd, 8638970.082, 140
Trd, 8638970.332, 138
Trd, 8638970.582, 122
Trd, 8638971.332, 140
Trd, 8638971.982, 139
Trd, 8638973.182, 139
Trd, 8638973.282, 139
Trd, 8638973.332, 138
Trd, 8638975.032, 139
Trd, 8638975.382, 140
Trd, 8638976.032, 140
Trd, 8638977.232, 126
Trd, 8638977.932, 96
Trd, 8638978.632, 125
Trd, 8638980.982, 60
Trd, 8638981.132, 61
Trd, 8638981.382, 78
Trd, 8638982.082, 80
Trd, 8638983.332, 140
Trd, 8638983.682, 140
Trd, 8638983.732, 139
Trd, 8638984.732, 140
Trd, 8638985.432, 137
Trd, 8638986.382, 140
Trd, 8638987.182, 140
Trd, 8638987.582, 139
Trd, 8638988.582, 138
Trd, 8638989.182, 73
Trd, 8638990.432, 139
Trd, 8638991.082, 140
Trd, 8638992.332, 140
Trd, 8638992.832, 140
Trd, 8638993.932, 140
Trd, 8638994.182, 140
Trd, 8638994.232, 140
Trd, 8638994.832, 140
Trd, 8638996.532, 132
Trd, 8638996.582, 130
Trd, 8638996.882, 115
Trd, 8638997.732, 109
Trd, 8638998.032, 62
Trd, 8638998.632, 61
Trd, 8638998.932, 64
Trd, 8639000.732, 60
Trd, 8639000.982, 65
Trd, 8639002.232, 129
Trd, 8639002.982, 129
Trd, 8639005.382, 140
Trd, 8639005.582, 140
Trd, 8639005.632, 140
Trd, 8639006.182, 139
Trd, 8639006.432, 134
Trd, 8639007.332, 138
Trd, 8639008.132, 137
Trd, 8639009.182, 69
Trd, 8639009.682, 64
Trd, 8639009.932, 71
Trd, 8639010.532, 61
Trd, 8639011.682, 74
Trd, 8639013.182, 140
Trd, 8639013.482, 140
Trd, 8639014.032, 140
Trd, 8639015.782, 140
Trd, 8639016.032, 140
Trd, 8639017.732, 140
Trd, 8639017.782, 140
Trd, 8639018.032, 140
Trd, 8639018.432, 139
Trd, 8639019.032, 138
Trd, 8639019.832, 136
Trd, 8639020.232, 131
Trd, 8639020.432, 64
Trd, 8639021.382, 140
Trd, 8639023.082, 140
Trd, 8639023.232, 139
Trd, 8639024.382, 140
Trd, 8639025.682, 136
Trd, 8639025.732, 108
Trd, 8639026.432, 139
Trd, 8639026.982, 122
Trd, 8639027.782, 140
Trd, 8639029.482, 139
Trd, 8639030.782, 140
Trd, 8639030.932, 140
Trd, 8639031.082, 131
Trd, 8639031.232, 140
Trd, 8639032.432, 129
Trd, 8639033.382, 139
Trd, 8639033.532, 96
Trd, 8639035.582, 140
Trd, 8639035.682, 140
Trd, 8639036.582, 140
Trd, 8639036.782, 140
Trd, 8639036.882, 134
Trd, 8639036.932, 80
Trd, 8639037.132, 140
Trd, 8639039.082, 140
Trd, 8639039.282, 138
Trd, 8639040.982, 68
Trd, 8639041.432, 72
Trd, 8639042.382, 140
Trd, 8639042.482, 140
Trd, 8639043.632, 131
Trd, 8639044.782, 137
Trd, 8639045.232, 137
Trd, 8639046.332, 140
Trd, 8639046.682, 138
Trd, 8639046.732, 128
Trd, 8639047.382, 132
Trd, 8639047.882, 67
Trd, 8639049.182, 69
Trd, 8639050.032, 70
Trd, 8639050.282, 66
Trd, 8639050.382, 63
Trd, 8639051.682, 101
Trd, 8639052.032, 61
Trd, 8639052.532, 67
Trd, 8639053.382, 109
Trd, 8639054.182, 110
Trd, 8639055.632, 140
Trd, 8639056.382, 139
Trd, 8639057.482, 140
Trd, 8639058.082, 140
Trd, 8639058.132, 140
Trd, 8639059.982, 139
Trd, 8639061.132, 140
Trd, 8639061.582, 140
Trd, 8639061.682, 140
Trd, 8639062.232, 139
Trd, 8639062.532, 136
Trd, 8639063.282, 64
Trd, 8639063.882, 139
Trd, 8639064.032, 87
Trd, 8639064.682, 82
Trd, 8639065.032, 62
Trd, 8639066.132, 134
Trd, 8639066.532, 81
Trd, 8639066.682, 80
Trd, 8639067.532, 60
Trd, 8639068.982, 140
Trd, 8639070.182, 138
Trd, 8639071.882, 140
Trd, 8639071.932, 140
Trd, 8639072.732, 140
Trd, 8639073.032, 140
Trd, 8639073.182, 140
Trd, 8639073.632, 139
Trd, 8639073.682, 137
Trd, 8639075.032, 140
Trd, 8639075.582, 140
Trd, 8639075.632, 119
Trd, 8639077.332, 60
Trd, 8639077.582, 60
Trd, 8639078.432, 64
Trd, 8639079.182, 61
Trd, 8639079.582, 64
Trd, 8639080.182, 71
Trd, 8639080.982, 74
Trd, 8639081.532, 67
Trd, 8639081.732, 139
Trd, 8639083.082, 139
Trd, 8639084.832, 121
Trd, 8639085.232, 81
Trd, 8639086.082, 61
Trd, 8639086.132, 63
Trd, 8639086.582, 65
Trd, 8639086.982, 115
Trd, 8639088.482, 140
Trd, 8639089.432, 140
Trd, 8639089.632, 139
Trd, 8639090.532, 140
Trd, 8639090.632, 140
Trd, 8639091.132, 61
Trd, 8639091.932, 140
Trd, 8639092.582, 140
Trd, 8639093.882, 140
Trd, 8639095.232, 140
Trd, 8639096.832, 140
Trd, 8639097.132, 139
Trd, 8639097.582, 140
Trd, 8639098.232, 140
Trd, 8639099.932, 140
Trd, 8639100.182, 139
Trd, 8639100.482, 119
Trd, 8639101.232, 138
Trd, 8639101.632, 138
Trd, 8639102.232, 130
Trd, 8639104.432, 108
Trd, 8639104.732, 107
Trd, 8639105.482, 140
Trd, 8639106.132, 140
Trd, 8639107.382, 140
Trd, 8639107.932, 136
Trd, 8639108.082, 140
Trd, 8639108.682, 65
Trd, 8639108.882, 62
Trd, 8639110.882, 140
Trd, 8639110.982, 138
Trd, 8639111.682, 109
Trd, 8639113.082, 140
Trd, 8639113.132, 140
Trd, 8639113.332, 139
Trd, 8639114.032, 140
Trd, 8639114.232, 133
Trd, 8639115.082, 137
Trd, 8639116.432, 126
Trd, 8639117.282, 140
Trd, 8639118.082, 139
Trd, 8639118.382, 139
Trd, 8639118.832, 139
Trd, 8639119.882, 140
Trd, 8639120.382, 140
Trd, 8639120.582, 130
Trd, 8639120.982, 137
Trd, 8639123.882, 140
Trd, 8639124.332, 140
Trd, 8639125.382, 140
Trd, 8639125.532, 139
Trd, 8639126.082, 139
Trd, 8639126.532, 140
Trd, 8639128.532, 140
Trd, 8639129.132, 140
Trd, 8639129.682, 138
Trd, 8639130.382, 139
Trd, 8639130.482, 138
Trd, 8639130.632, 91
Trd, 8639131.482, 134
Trd, 8639131.932, 140
Trd, 8639132.932, 132
Trd, 8639133.682, 60
Trd, 8639134.382, 62
Trd, 8639134.782, 63
Trd, 8639135.782, 60
Trd, 8639136.932, 60
Trd, 8639137.082, 63
Trd, 8639138.032, 62
Trd, 8639138.232, 60
Trd, 8639138.432, 62
Trd, 8639138.832, 69
Trd, 8639140.182, 62
Trd, 8639140.982, 62
Trd, 8639141.932, 63
Trd, 8639142.932, 76
Trd, 8639143.282, 78
Trd, 8639143.782, 140
Trd, 8639144.782, 140
Trd, 8639145.332, 140
Trd, 8639145.882, 140
Trd, 8639146.832, 137
Trd, 8639146.932, 72
Trd, 8639148.632, 131
Trd, 8639149.432, 90
Trd, 8639150.532, 140
Trd, 8639150.682, 140
Trd, 8639151.882, 140
Trd, 8639152.132, 138
Trd, 8639152.282, 133
Trd, 8639152.732, 60
Trd, 8639153.132, 61
Trd, 8639153.932, 140
Trd, 8639154.182, 140
Trd, 8639155.032, 139
Trd, 8639155.282, 132
Trd, 8639157.132, 61
Trd, 8639157.182, 84
Trd, 8639158.432, 61
Trd, 8639158.832, 61
Trd, 8639159.382, 100
Trd, 8639159.932, 63
Trd, 8639160.082, 72
Trd, 8639161.632, 139
Trd, 8639162.482, 139
Trd, 8639163.232, 140
Trd, 8639164.182, 140
Trd, 8639164.832, 140
Trd, 8639165.332, 138
Trd, 8639166.682, 139
Trd, 8639167.532, 139
Trd, 8639167.682, 133
Trd, 8639167.732, 108
Trd, 8639168.982, 138
Trd, 8639170.382, 60
Trd, 8639171.282, 61
Trd, 8639171.432, 64
Trd, 8639171.982, 66
Trd, 8639172.082, 67
Trd, 8639172.232, 61
Trd, 8639173.482, 63
Trd, 8639174.882, 140
Trd, 8639175.532, 138
Trd, 8639175.932, 135
Trd, 8639176.032, 131
Trd, 8639176.982, 140
Trd, 8639177.232, 140
Trd, 8639177.732, 140
Trd, 8639178.182, 140
Trd, 8639179.782, 130
Trd, 8639180.382, 128
Trd, 8639181.932, 137
Trd, 8639181.982, 139
Trd, 8639182.882, 138
Trd, 8639182.932, 104
Trd, 8639183.132, 72
Trd, 8639184.132, 140
Trd, 8639184.332, 109
Trd, 8639185.932, 140
Trd, 8639186.682, 140
Trd, 8639186.732, 139
Trd, 8639187.132, 135
Trd, 8639188.582, 139
Trd, 8639188.982, 138
Trd, 8639190.532, 140
Trd, 8639191.232, 126
Trd, 8639191.332, 100
Trd, 8639191.532, 95
Trd, 8639192.282, 140
Trd, 8639193.332, 140
Trd, 8639193.682, 138
Trd, 8639194.582, 140
Trd, 8639196.082, 140
Trd, 8639196.582, 139
Trd, 8639196.982, 138
Trd, 8639197.432, 139
Trd, 8639198.732, 140
Trd, 8639200.582, 140
Trd, 8639201.132, 140
Trd, 8639201.232, 139
Trd, 8639201.482, 137
Trd, 8639201.582, 131
Trd, 8639201.632, 124
Trd, 8639202.082, 82
Trd, 8639202.882, 140
Trd, 8639203.982, 60
Trd, 8639204.682, 60
Trd, 8639204.882, 139
Trd, 8639205.882, 64
Trd, 8639206.232, 65
Trd, 8639207.832, 61
Trd, 8639208.832, 62
Trd, 8639209.332, 66
Trd, 8639210.332, 137
Trd, 8639211.032, 137
Trd, 8639211.182, 137
Trd, 8639213.032, 140
Trd, 8639213.332, 140
Trd, 8639213.382, 140
Trd, 8639213.532, 129
Trd, 8639214.282, 122
Trd, 8639214.982, 140
Trd, 8639216.182, 140
Trd, 8639216.482, 137
Trd, 8639217.082, 138
Trd, 8639218.032, 140
Trd, 8639218.332, 140
Trd, 8639219.032, 140
Trd, 8639220.732, 140
Trd, 8639221.432, 140
Trd, 8639222.032, 140
Trd, 8639223.482, 140
Trd, 8639223.782, 139
Trd, 8639224.082, 139
Trd, 8639224.232, 138
Trd, 8639225.232, 113
Trd, 8639225.582, 132
Trd, 8639226.882, 66
Trd, 8639227.182, 101
Trd, 8639227.982, 140
Trd, 8639229.182, 140
Trd, 8639231.332, 140
Trd, 8639232.432, 140
Trd, 8639232.582, 140
Trd, 8639232.732, 140
Trd, 8639233.132, 140
Trd, 8639233.282, 139
Trd, 8639233.332, 139
Trd, 8639233.682, 137
Trd, 8639234.182, 61
Trd, 8639235.482, 75
Trd, 8639235.982, 80
Trd, 8639236.282, 81
Trd, 8639236.982, 60
Trd, 8639237.532, 68
Trd, 8639238.532, 130
Trd, 8639239.282, 114
Trd, 8639239.482, 113
Trd, 8639239.982, 140
Trd, 8639240.982, 140
Trd, 8639241.132, 138
Trd, 8639242.832, 140
Trd, 8639243.032, 140
Trd, 8639244.632, 135
Trd, 8639244.982, 81
Trd, 8639246.132, 140
Trd, 8639247.132, 140
Trd, 8639247.532, 140
Trd, 8639247.632, 138
Trd, 8639248.782, 139
Trd, 8639249.432, 135
Trd, 8639251.382, 130
Trd, 8639251.532, 93
Trd, 8639251.982, 62
Trd, 8639253.432, 140
Trd, 8639253.682, 140
Trd, 8639253.882, 140
Trd, 8639255.482, 139
Trd, 8639256.732, 112
Trd, 8639257.282, 65
Trd, 8639257.532, 67
Trd, 8639258.082, 63
Trd, 8639259.382, 140
Trd, 8639259.982, 63
Trd, 8639260.682, 138
Trd, 8639261.682, 106
Trd, 8639261.732, 102
Trd, 8639262.932, 139
Trd, 8639264.782, 138
Trd, 8639265.382, 138
Trd, 8639266.082, 138
Trd, 8639267.032, 79
Trd, 8639267.132, 77
Trd, 8639268.632, 127
Trd, 8639269.232, 140
Trd, 8639269.482, 97
Trd, 8639269.782, 140
Trd, 8639270.632, 112
Trd, 8639272.132, 140
Trd, 8639272.332, 140
Trd, 8639272.882, 140
Trd, 8639274.282, 140
Trd, 8639274.632, 140
Trd, 8639275.532, 140
Trd, 8639276.032, 136
Trd, 8639276.132, 120
Trd, 8639276.832, 110
Trd, 8639277.582, 107
Trd, 8639277.982, 133
Trd, 8639279.182, 140
Trd, 8639281.382, 140
Trd, 8639281.682, 140
Trd, 8639283.482, 140
Trd, 8639284.132, 140
Trd, 8639284.382, 140
Trd, 8639285.782, 140
Trd, 8639286.382, 139
Trd, 8639286.482, 127
Trd, 8639288.232, 135
Trd, 8639289.282, 111
Trd, 8639289.532, 81
Trd, 8639290.632, 140
Trd, 8639290.882, 137
Trd, 8639291.082, 135
Trd, 8639293.082, 140
Trd, 8639293.982, 140
Trd, 8639294.032, 140
Trd, 8639296.832, 140
Trd, 8639296.982, 140
Trd, 8639297.482, 140
Trd, 8639297.532, 140
Trd, 8639297.732, 140
Trd, 8639297.782, 137
Trd, 8639297.982, 120
Trd, 8639298.232, 100
Trd, 8639299.332, 114
Trd, 8639299.982, 138
Trd, 8639302.282, 140
Trd, 8639303.132, 140
Trd, 8639303.182, 137
Trd, 8639303.582, 134
Trd, 8639304.432, 139
Trd, 8639304.632, 118
Trd, 8639304.782, 117
Trd, 8639306.182, 140
Trd, 8639308.032, 140
Trd, 8639308.082, 140
Trd, 8639308.732, 139
Trd, 8639309.182, 135
Trd, 8639310.432, 140
Trd, 8639310.632, 133
Trd, 8639310.982, 104
Trd, 8639311.432, 95
Trd, 8639312.232, 74
Trd, 8639313.232, 79
Trd, 8639314.082, 68
Trd, 8639314.132, 80
Trd, 8639314.982, 140
Trd, 8639316.882, 140
Trd, 8639316.932, 140
Trd, 8639317.332, 140
Trd, 8639317.932, 130
Trd, 8639318.032, 100
Trd, 8639318.382, 140
Trd, 8639322.082, 140
Trd, 8639322.232, 140
Trd, 8639322.432, 140
Trd, 8639322.782, 139
Trd, 8639323.482, 137
Trd, 8639323.782, 136
Trd, 8639324.132, 140
Trd, 8639324.532, 137
Trd, 8639324.832, 140
Trd, 8639325.932, 138
Trd, 8639327.182, 140
Trd, 8639327.232, 140
Trd, 8639328.832, 140
Trd, 8639329.632, 140
Trd, 8639330.132, 140
Trd, 8639330.382, 137
Trd, 8639330.482, 117
Trd, 8639331.282, 61
Trd, 8639332.082, 60
Trd, 8639333.332, 61
Trd, 8639333.882, 65
Trd, 8639334.382, 131
Trd, 8639334.732, 134
Trd, 8639336.082, 140
Trd, 8639336.232, 140
Trd, 8639336.582, 140
Trd, 8639336.682, 127
Trd, 8639337.182, 89
Trd, 8639337.582, 120
Trd, 8639338.832, 140
Trd, 8639341.682, 140
Trd, 8639342.332, 140
Trd, 8639342.632, 140
Trd, 8639342.832, 140
Trd, 8639343.282, 140
Trd, 8639343.982, 140
Trd, 8639344.232, 140
Trd, 8639344.282, 139
Trd, 8639345.182, 136
Trd, 8639346.282, 125
Trd, 8639346.532, 124
Trd, 8639346.732, 139
Trd, 8639347.482, 139
Trd, 8639347.882, 140
Trd, 8639348.132, 138
Trd, 8639350.132, 140
Trd, 8639350.332, 140
Trd, 8639351.332, 73
Trd, 8639352.632, 65
Trd, 8639352.732, 73
Trd, 8639353.832, 140
Trd, 8639355.182, 140
Trd, 8639355.782, 140
Trd, 8639356.032, 140
Trd, 8639356.482, 140
Trd, 8639358.132, 70
Trd, 8639358.432, 118
Trd, 8639358.632, 123
Trd, 8639360.282, 140
Trd, 8639360.432, 138
Trd, 8639360.882, 137
Trd, 8639363.182, 140
Trd, 8639363.382, 140
Trd, 8639363.532, 137
Trd, 8639364.582, 140
Trd, 8639365.482, 140
Trd, 8639365.582, 140
Trd, 8639366.132, 140
Trd, 8639366.932, 140
Trd, 8639368.882, 140
Trd, 8639369.232, 128
Trd, 8639369.782, 140
Trd, 8639370.332, 139
Trd, 8639370.682, 96
Trd, 8639371.532, 139
Trd, 8639373.732, 96
Trd, 8639373.832, 83
Trd, 8639374.632, 61
Trd, 8639374.882, 62
Trd, 8639375.582, 140
Trd, 8639376.282, 140
Trd, 8639377.132, 140
Trd, 8639377.232, 140
Trd, 8639377.832, 121
Trd, 8639378.032, 120
Trd, 8639379.232, 140
Trd, 8639379.682, 140
Trd, 8639380.432, 140
Trd, 8639381.432, 134
Trd, 8639382.332, 140
Trd, 8639383.082, 139
Trd, 8639383.782, 132
Trd, 8639384.082, 111
Trd, 8639385.682, 127
Trd, 8639386.482, 140
Trd, 8639386.682, 134
Trd, 8639388.282, 140
Trd, 8639388.782, 140
Trd, 8639388.932, 140
Trd, 8639388.982, 139
Trd, 8639390.432, 140
Trd, 8639391.132, 121
Trd, 8639392.532, 139
Trd, 8639393.482, 139
Trd, 8639393.932, 137
Trd, 8639394.532, 140
Trd, 8639394.932, 140
Trd, 8639394.982, 121
Trd, 8639396.832, 126
Trd, 8639399.082, 140
Trd, 8639399.932, 140
Trd, 8639400.632, 140
Trd, 8639400.932, 140
Trd, 8639401.182, 140
Trd, 8639401.282, 140
Trd, 8639402.132, 139
Trd, 8639402.332, 138
Trd, 8639402.982, 136
Trd, 8639404.132, 126
Trd, 8639404.982, 126
Trd, 8639405.282, 103
Trd, 8639406.532, 138
Trd, 8639406.632, 137
Trd, 8639410.082, 140
Trd, 8639410.132, 140
Trd, 8639410.482, 140
Trd, 8639410.832, 140
Trd, 8639412.082, 139
Trd, 8639412.482, 140
Trd, 8639413.882, 116
Trd, 8639414.132, 102
Trd, 8639416.032, 112
Trd, 8639416.132, 102
Trd, 8639416.732, 116
Trd, 8639416.832, 101
Trd, 8639417.482, 60
Trd, 8639417.832, 66
Trd, 8639418.432, 60
Trd, 8639420.082, 63
Trd, 8639420.382, 66
Trd, 8639421.732, 140
Trd, 8639421.832, 139
Trd, 8639422.132, 140
Trd, 8639423.832, 65
Trd, 8639424.432, 61
Trd, 8639425.132, 139
Trd, 8639425.532, 138
Trd, 8639426.432, 140
Trd, 8639428.082, 140
Trd, 8639428.282, 140
Trd, 8639429.032, 140
Trd, 8639429.532, 140
Trd, 8639430.682, 140
Trd, 8639431.282, 140
Trd, 8639432.282, 140
Trd, 8639433.332, 140
Trd, 8639433.682, 140
Trd, 8639434.232, 140
Trd, 8639434.282, 139
Trd, 8639434.782, 135
Trd, 8639435.232, 136
Trd, 8639436.432, 139
Trd, 8639437.132, 137
Trd, 8639438.232, 140
Trd, 8639438.632, 138
Trd, 8639439.532, 128
Trd, 8639439.732, 109
Trd, 8639440.482, 61
Trd, 8639440.682, 62
Trd, 8639441.082, 63
Trd, 8639442.482, 133
Trd, 8639443.632, 137
Trd, 8639444.082, 136
Trd, 8639444.182, 125
Trd, 8639445.182, 140
Trd, 8639445.332, 110
Trd, 8639445.782, 68
Trd, 8639446.432, 128
Trd, 8639446.682, 140
Trd, 8639448.432, 140
Trd, 8639448.632, 140
Trd, 8639448.782, 140
Trd, 8639449.632, 140
Trd, 8639449.882, 127
Trd, 8639451.982, 139
Trd, 8639453.682, 140
Trd, 8639453.732, 140
Trd, 8639453.882, 140
Trd, 8639453.932, 139
Trd, 8639454.332, 140
Trd, 8639455.082, 138
Trd, 8639456.932, 140
Trd, 8639457.182, 140
Trd, 8639457.282, 140
Trd, 8639458.632, 139
Trd, 8639458.782, 137
Trd, 8639459.582, 140
Trd, 8639461.382, 140
Trd, 8639461.432, 139
Trd, 8639461.932, 139
Trd, 8639463.332, 140
Trd, 8639463.432, 129
Trd, 8639463.532, 115
Trd, 8639464.582, 139
Trd, 8639465.432, 140
Trd, 8639466.082, 140
Trd, 8639467.482, 122
Trd, 8639468.582, 140
Trd, 8639469.732, 138
Trd, 8639470.382, 140
Trd, 8639471.232, 140
Trd, 8639471.782, 140
Trd, 8639472.982, 140
Trd, 8639473.432, 123
Trd, 8639474.732, 84
Trd, 8639475.182, 85
Trd, 8639475.632, 90
Trd, 8639475.682, 129
Trd, 8639475.932, 140
Trd, 8639476.982, 139
Trd, 8639477.182, 62
Trd, 8639478.582, 73
Trd, 8639478.832, 64
Trd, 8639479.582, 64
Trd, 8639480.182, 63
Trd, 8639481.232, 62
Trd, 8639481.382, 61
Trd, 8639482.782, 60
Trd, 8639483.082, 64
Trd, 8639484.732, 132
Trd, 8639485.032, 130
Trd, 8639485.282, 130
Trd, 8639485.432, 132
Trd, 8639487.182, 140
Trd, 8639487.282, 128
Trd, 8639487.432, 126
Trd, 8639488.732, 138
Trd, 8639489.832, 139
Trd, 8639490.882, 139
Trd, 8639491.432, 133
Trd, 8639491.582, 115
Trd, 8639491.782, 106
Trd, 8639491.932, 70
Trd, 8639494.382, 125
Trd, 8639494.682, 72
Trd, 8639495.232, 140
Trd, 8639495.832, 140
Trd, 8639497.032, 138
Trd, 8639497.532, 140
Trd, 8639498.282, 139
Trd, 8639499.032, 131
Trd, 8639500.632, 140
Trd, 8639501.332, 140
Trd, 8639501.982, 140
Trd, 8639503.032, 140
Trd, 8639503.282, 140
Trd, 8639504.182, 74
Trd, 8639504.532, 140
Trd, 8639505.482, 62
Trd, 8639506.132, 60
Trd, 8639506.432, 63
Trd, 8639507.032, 60
Trd, 8639507.932, 61
Trd, 8639508.232, 111
Trd, 8639508.282, 110
Trd, 8639510.132, 140
Trd, 8639511.132, 140
Trd, 8639511.732, 139
Trd, 8639513.582, 140
Trd, 8639514.232, 140
Trd, 8639514.782, 140
Trd, 8639514.982, 135
Trd, 8639515.732, 79
Trd, 8639516.232, 68
Trd, 8639516.332, 79
Trd, 8639516.482, 80
Trd, 8639517.382, 139
Trd, 8639519.182, 60
Trd, 8639519.232, 61
Trd, 8639519.882, 129
Trd, 8639521.582, 60
Trd, 8639521.682, 60
Trd, 8639522.382, 63
Trd, 8639522.782, 62
Trd, 8639524.082, 62
Trd, 8639524.132, 64
Trd, 8639524.932, 104
Trd, 8639525.582, 67
Trd, 8639525.632, 66
Trd, 8639527.082, 60
Trd, 8639528.482, 63
Trd, 8639528.932, 63
Trd, 8639529.882, 66
Trd, 8639529.982, 63
Trd, 8639530.632, 81
Trd, 8639531.632, 60
Trd, 8639531.682, 62
Trd, 8639532.032, 62
Trd, 8639532.782, 140
Trd, 8639534.182, 139
Trd, 8639534.432, 139
Trd, 8639535.382, 136
Trd, 8639536.682, 136
Trd, 8639537.582, 140
Trd, 8639538.132, 140
Trd, 8639538.282, 140
Trd, 8639539.682, 140
Trd, 8639540.732, 138
Trd, 8639540.882, 135
Trd, 8639542.282, 140
Trd, 8639542.832, 140
Trd, 8639544.332, 140
Trd, 8639545.282, 139
Trd, 8639546.532, 140
Trd, 8639547.232, 134
Trd, 8639548.232, 139
Trd, 8639548.982, 99
Trd, 8639550.132, 138
Trd, 8639551.082, 133
Trd, 8639551.682, 137
Trd, 8639552.532, 137
Trd, 8639553.782, 140
Trd, 8639553.932, 140
Trd, 8639554.232, 137
Trd, 8639554.982, 129
Trd, 8639555.982, 136
Trd, 8639556.382, 111
Trd, 8639556.482, 97
Trd, 8639557.582, 140
Trd, 8639557.732, 102
Trd, 8639558.232, 130
Trd, 8639559.632, 140
Trd, 8639559.932, 139
Trd, 8639561.582, 140
Trd, 8639561.682, 140
Trd, 8639563.382, 102
Trd, 8639563.582, 124
Trd, 8639565.132, 140
Trd, 8639565.382, 140
Trd, 8639565.732, 140
Trd, 8639566.432, 140
Trd, 8639566.582, 136
Trd, 8639567.932, 138
Trd, 8639569.032, 140
Trd, 8639569.582, 126
Trd, 8639569.682, 108
Trd, 8639570.832, 139
Trd, 8639570.932, 138
Trd, 8639571.182, 92
Trd, 8639571.882, 135
Trd, 8639572.132, 67
Trd, 8639573.282, 140
Trd, 8639573.582, 140
Trd, 8639573.782, 135
Trd, 8639574.782, 140
Trd, 8639575.882, 140
Trd, 8639576.532, 140
Trd, 8639577.332, 140
Trd, 8639577.932, 140
Trd, 8639578.832, 140
Trd, 8639579.482, 140
Trd, 8639580.632, 64
Trd, 8639582.082, 140
Trd, 8639582.132, 139
Trd, 8639582.182, 114
Trd, 8639582.682, 139
Trd, 8639584.332, 131
Trd, 8639585.582, 140
Trd, 8639585.832, 76
Trd, 8639587.932, 140
Trd, 8639589.182, 140
Trd, 8639590.082, 140
Trd, 8639590.532, 135
Trd, 8639590.932, 140
Trd, 8639591.132, 140
Trd, 8639591.232, 87
Trd, 8639591.482, 66
Trd, 8639592.482, 140
Trd, 8639593.432, 140
Trd, 8639594.482, 138
Trd, 8639595.382, 135
Trd, 8639595.482, 133
Trd, 8639596.932, 140
Trd, 8639597.282, 140
Trd, 8639597.432, 139
Trd, 8639597.982, 140
Trd, 8639599.082, 132
Trd, 8639600.082, 140
Trd, 8639600.232, 140
Trd, 8639601.982, 140
Trd, 8639602.332, 140
Trd, 8639604.882, 137
Trd, 8639604.932, 136
Trd, 8639606.182, 130
Trd, 8639607.432, 138
Trd, 8639607.582, 126
Trd, 8639607.682, 90
Trd, 8639607.732, 88
Trd, 8639608.032, 128
Trd, 8639608.232, 60
Trd, 8639609.232, 75
Trd, 8639609.732, 74
Trd, 8639609.982, 65
Trd, 8639610.082, 60
Trd, 8639612.882, 139
Trd, 8639613.032, 111
Trd, 8639613.332, 64
Trd, 8639613.832, 140
Trd, 8639614.632, 140
Trd, 8639615.032, 139
Trd, 8639615.082, 113
Trd, 8639616.732, 140
Trd, 8639616.982, 139
Trd, 8639617.982, 138
Trd, 8639618.132, 114
Trd, 8639618.582, 138
Trd, 8639619.332, 139
Trd, 8639619.432, 99
Trd, 8639620.682, 97
Trd, 8639621.882, 140
Trd, 8639622.082, 61
Trd, 8639622.882, 140
Trd, 8639623.582, 117
Trd, 8639624.632, 127
Trd, 8639625.282, 121
Trd, 8639625.632, 139
Trd, 8639627.132, 140
Trd, 8639627.582, 140
Trd, 8639628.982, 140
Trd, 8639629.982, 135
Trd, 8639630.582, 140
Trd, 8639630.882, 139
Trd, 8639632.932, 135
Trd, 8639633.082, 136
Trd, 8639633.782, 129
Trd, 8639634.332, 140
Trd, 8639636.232, 140
Trd, 8639636.932, 140
Trd, 8639637.032, 140
Trd, 8639637.132, 140
Trd, 8639637.682, 137
Trd, 8639637.982, 139
Trd, 8639638.832, 130
Trd, 8639640.782, 140
Trd, 8639640.982, 140
Trd, 8639642.332, 140
Trd, 8639642.532, 140
Trd, 8639643.182, 124
Trd, 8639643.532, 140
Trd, 8639643.982, 84
Trd, 8639644.182, 64
Trd, 8639647.632, 140
Trd, 8639648.032, 140
Trd, 8639648.332, 140
Trd, 8639648.532, 140
Trd, 8639650.132, 140
Trd, 8639651.132, 140
Trd, 8639651.982, 140
Trd, 8639652.532, 140
Trd, 8639652.732, 140
Trd, 8639652.782, 131
Trd, 8639653.632, 139
Trd, 8639653.732, 127
Trd, 8639654.482, 97
Trd, 8639656.082, 140
Trd, 8639656.232, 140
Trd, 8639656.282, 140
Trd, 8639656.382, 132
Trd, 8639658.182, 107
Trd, 8639658.382, 109
Trd, 8639659.832, 140
Trd, 8639660.182, 140
Trd, 8639660.682, 140
Trd, 8639662.682, 140
Trd, 8639662.982, 140
Trd, 8639663.182, 140
Trd, 8639663.282, 105
Trd, 8639663.682, 104
Trd, 8639664.232, 112
Trd, 8639665.632, 140
Trd, 8639665.732, 113
Trd, 8639666.032, 113
Trd, 8639667.482, 140
Trd, 8639668.232, 140
Trd, 8639669.482, 140
Trd, 8639670.982, 140
Trd, 8639671.182, 140
Trd, 8639671.582, 140
Trd, 8639672.332, 139
Trd, 8639673.082, 140
Trd, 8639674.132, 127
Trd, 8639675.382, 140
Trd, 8639677.182, 140
Trd, 8639677.532, 140
Trd, 8639677.982, 140
Trd, 8639678.182, 138
Trd, 8639679.232, 137
Trd, 8639679.682, 139
Trd, 8639680.432, 60
Trd, 8639681.532, 140
Trd, 8639681.932, 110
Trd, 8639684.382, 140
Trd, 8639685.282, 140
Trd, 8639686.382, 140
Trd, 8639687.382, 140
Trd, 8639687.632, 140
Trd, 8639687.982, 140
Trd, 8639688.332, 140
Trd, 8639688.432, 139
Trd, 8639690.382, 140
Trd, 8639691.732, 140
Trd, 8639692.632, 140
Trd, 8639692.882, 140
Trd, 8639693.432, 128
Trd, 8639693.632, 127
Trd, 8639693.682, 90
Trd, 8639695.132, 66
Trd, 8639695.432, 111
Trd, 8639697.232, 139
Trd, 8639697.682, 61
Trd, 8639698.082, 62
Trd, 8639698.532, 104
Trd, 8639699.232, 132
Trd, 8639699.432, 105
Trd, 8639699.532, 104
Trd, 8639700.782, 139
Trd, 8639700.982, 101
Trd, 8639702.632, 61
Trd, 8639705.032, 60
Trd, 8639706.332, 60
Trd, 8639707.482, 61
Trd, 8639707.632, 62
Trd, 8639707.732, 62
Trd, 8639708.082, 64
Trd, 8639709.382, 61
Trd, 8639710.282, 140
Trd, 8639710.732, 140
Trd, 8639710.882, 140
Trd, 8639711.132, 140
Trd, 8639712.682, 140
Trd, 8639713.482, 137
Trd, 8639713.682, 140
Trd, 8639713.782, 91
Trd, 8639714.382, 115
Trd, 8639715.232, 118
Trd, 8639717.132, 140
Trd, 8639717.782, 140
Trd, 8639717.932, 140
Trd, 8639719.032, 140
Trd, 8639719.482, 140
Trd, 8639719.582, 138
Trd, 8639719.882, 126
Trd, 8639721.632, 134
Trd, 8639722.332, 140
Trd, 8639722.832, 134
Trd, 8639723.932, 140
Trd, 8639724.082, 139
Trd, 8639724.332, 123
Trd, 8639724.682, 140
Trd, 8639725.982, 140
Trd, 8639726.082, 140
Trd, 8639726.432, 137
Trd, 8639727.082, 62
Trd, 8639728.732, 60
Trd, 8639730.682, 140
Trd, 8639731.482, 140
Trd, 8639732.282, 140
Trd, 8639732.782, 140
Trd, 8639733.582, 140
Trd, 8639733.982, 137
Trd, 8639734.382, 130
Trd, 8639735.332, 140
Trd, 8639735.532, 135
Trd, 8639736.082, 95
Trd, 8639736.382, 80
Trd, 8639737.182, 134
Trd, 8639738.482, 140
Trd, 8639738.532, 139
Trd, 8639738.782, 136
Trd, 8639739.082, 140
Trd, 8639740.232, 130
Trd, 8639741.032, 138
Trd, 8639741.882, 139
Trd, 8639742.382, 140
Trd, 8639743.282, 139
Trd, 8639744.032, 140
Trd, 8639744.782, 140
Trd, 8639746.482, 140
Trd, 8639747.032, 140
Trd, 8639747.782, 140
Trd, 8639747.882, 140
Trd, 8639748.032, 90
Trd, 8639748.982, 140
Trd, 8639749.832, 140
Trd, 8639750.582, 140
Trd, 8639750.632, 75
Trd, 8639752.382, 135
Trd, 8639752.632, 72
Trd, 8639752.832, 63
Trd, 8639753.532, 63
Trd, 8639754.732, 62
Trd, 8639755.282, 60
Trd, 8639755.482, 79
Trd, 8639756.582, 65
Trd, 8639757.282, 60
Trd, 8639758.432, 65
Trd, 8639759.032, 64
Trd, 8639759.632, 71
Trd, 8639759.782, 65
Trd, 8639760.982, 63
Trd, 8639761.932, 140
Trd, 8639762.682, 140
Trd, 8639764.082, 140
Trd, 8639764.532, 140
Trd, 8639764.582, 122
Trd, 8639764.782, 119
Trd, 8639765.232, 118
Trd, 8639765.532, 101
Trd, 8639765.582, 93
Trd, 8639766.432, 63
Trd, 8639767.132, 100
Trd, 8639769.982, 140
Trd, 8639771.032, 140
Trd, 8639771.082, 140
Trd, 8639771.132, 136
Trd, 8639772.632, 140
Trd, 8639774.032, 140
Trd, 8639774.682, 140
Trd, 8639774.832, 140
Trd, 8639774.982, 139
Trd, 8639776.232, 140
Trd, 8639776.532, 63
Trd, 8639776.982, 94
Trd, 8639777.832, 135
Trd, 8639778.182, 110
Trd, 8639779.482, 60
Trd, 8639779.632, 61
Trd, 8639780.682, 62
Trd, 8639780.732, 109
Trd, 8639782.482, 66
Trd, 8639783.332, 60
Trd, 8639783.982, 60
Trd, 8639784.432, 61
Trd, 8639784.482, 68
Trd, 8639784.632, 111
Trd, 8639785.732, 65
Trd, 8639787.582, 114
Trd, 8639788.682, 69
Trd, 8639789.282, 61
Trd, 8639789.632, 62
Trd, 8639789.932, 65
Trd, 8639789.982, 100
Trd, 8639791.532, 66
Trd, 8639792.832, 61
Trd, 8639792.982, 62
Trd, 8639793.482, 72
Trd, 8639795.832, 60
Trd, 8639795.882, 60
Trd, 8639796.732, 62
Trd, 8639797.532, 63
Trd, 8639798.232, 61
Trd, 8639799.182, 64
Trd, 8639799.682, 60
Trd, 8639800.332, 66
Trd, 8639802.682, 61
Trd, 8639803.682, 61
Trd, 8639803.782, 63
Trd, 8639805.932, 60
Trd, 8639806.832, 60
Trd, 8639807.082, 62
Trd, 8639807.582, 61
Trd, 8639807.732, 63
Trd, 8639809.382, 60
Trd, 8639810.682, 60
Trd, 8639811.182, 62
Trd, 8639812.082, 61
Trd, 8639812.282, 67
Trd, 8639812.882, 64
Trd, 8639812.982, 85
Trd, 8639813.982, 60
Trd, 8639814.582, 65
Trd, 8639814.782, 69
Trd, 8639815.582, 140
Trd, 8639815.782, 98
Trd, 8639816.482, 119
Trd, 8639816.782, 65
Trd, 8639818.432, 139
Trd, 8639820.132, 140
Trd, 8639820.532, 140
Trd, 8639820.732, 140
Trd, 8639821.632, 76
Trd, 8639821.732, 123
Trd, 8639822.582, 121
Trd, 8639824.532, 140
Trd, 8639825.282, 140
Trd, 8639825.532, 140
Trd, 8639825.982, 140
Trd, 8639827.082, 140
Trd, 8639827.882, 140
Trd, 8639827.982, 137
Trd, 8639829.432, 60
Trd, 8639829.682, 60
Trd, 8639830.082, 90
Trd, 8639830.432, 62
Trd, 8639830.682, 64
Trd, 8639831.232, 136
Trd, 8639831.432, 61
Trd, 8639831.732, 140
Trd, 8639833.182, 87
Trd, 8639833.582, 61
Trd, 8639835.082, 60
Trd, 8639835.232, 65
Trd, 8639836.032, 64
Trd, 8639837.482, 60
Trd, 8639838.332, 61
Trd, 8639838.832, 73
Trd, 8639838.932, 60
Trd, 8639839.532, 63
Trd, 8639841.382, 133
Trd, 8639842.482, 140
Trd, 8639842.582, 140
Trd, 8639843.682, 140
Trd, 8639844.082, 140
Trd, 8639844.682, 140
Trd, 8639844.732, 125
Trd, 8639844.782, 91
Trd, 8639845.682, 135
Trd, 8639848.732, 140
Trd, 8639848.832, 140
Trd, 8639849.732, 140
Trd, 8639850.182, 140
Trd, 8639850.532, 139
Trd, 8639852.082, 140
Trd, 8639852.382, 138
Trd, 8639852.932, 140
Trd, 8639852.982, 136
Trd, 8639853.482, 139
Trd, 8639853.832, 105
Trd, 8639854.982, 61
Trd, 8639855.182, 62
Trd, 8639855.482, 63
Trd, 8639856.982, 62
Trd, 8639857.232, 63
Trd, 8639858.382, 63
Trd, 8639858.782, 60
Trd, 8639859.682, 110
Trd, 8639860.632, 60
Trd, 8639861.582, 60
Trd, 8639862.632, 140
Trd, 8639862.682, 140
Trd, 8639863.482, 140
Trd, 8639863.682, 140
Trd, 8639864.482, 62
Trd, 8639864.632, 62
Trd, 8639864.932, 64
Trd, 8639864.982, 65
Trd, 8639865.332, 62
Trd, 8639867.232, 138
Trd, 8639867.782, 60
Trd, 8639868.632, 75
Trd, 8639869.332, 136
Trd, 8639869.982, 117
Trd, 8639870.232, 107
Trd, 8639870.382, 106
Trd, 8639870.882, 140
Trd, 8639872.432, 60
Trd, 8639872.682, 60
Trd, 8639873.532, 62
Trd, 8639874.082, 65
Trd, 8639875.632, 64
Trd, 8639875.882, 65
Trd, 8639877.282, 64
Trd, 8639878.332, 65
Trd, 8639878.532, 66
Trd, 8639879.432, 70
Trd, 8639879.732, 123
Trd, 8639880.432, 102
Trd, 8639881.782, 84
Trd, 8639882.232, 140
Trd, 8639883.432, 140
Trd, 8639883.532, 140
Trd, 8639884.132, 140
Trd, 8639884.332, 140
Trd, 8639884.532, 138
Trd, 8639886.032, 66
Trd, 8639886.282, 62
Trd, 8639888.282, 140
Trd, 8639888.482, 140
Trd, 8639889.032, 140
Trd, 8639889.182, 136
Trd, 8639889.732, 113
Trd, 8639890.282, 125
Trd, 8639891.382, 138
Trd, 8639891.582, 137
Trd, 8639893.532, 140
Trd, 8639893.782, 139
Trd, 8639894.332, 138
Trd, 8639894.882, 137
Trd, 8639895.182, 62
Trd, 8639897.182, 140
Trd, 8639898.782, 140
Trd, 8639899.182, 140
Trd, 8639899.632, 140
Trd, 8639900.282, 139
Trd, 8639901.532, 140
Trd, 8639902.132, 131
Trd, 8639903.482, 139
Trd, 8639904.132, 139
Trd, 8639904.282, 139
Trd, 8639904.532, 137
Trd, 8639904.632, 137
Trd, 8639906.132, 66
Trd, 8639906.482, 65
Trd, 8639908.832, 140
Trd, 8639909.182, 140
Trd, 8639909.382, 140
Trd, 8639909.432, 138
Trd, 8639909.682, 68
Trd, 8639910.482, 61
Trd, 8639910.732, 61
Trd, 8639912.182, 114
Trd, 8639912.782, 140
Trd, 8639913.282, 135
Trd, 8639914.432, 140
Trd, 8639915.332, 140
Trd, 8639915.382, 140
Trd, 8639915.432, 139
Trd, 8639915.532, 137
Trd, 8639916.282, 94
Trd, 8639918.132, 140
Trd, 8639918.482, 140
Trd, 8639918.632, 138
Trd, 8639919.082, 70
Trd, 8639919.582, 129
Trd, 8639920.532, 140
Trd, 8639921.132, 130
Trd, 8639921.182, 86
Trd, 8639921.782, 140
Trd, 8639923.382, 139
Trd, 8639923.982, 140
Trd, 8639924.332, 140
Trd, 8639926.882, 140
Trd, 8639927.832, 140
Trd, 8639927.932, 137
Trd, 8639928.482, 62
Trd, 8639928.882, 139
Trd, 8639929.432, 116
Trd, 8639929.732, 94
Trd, 8639930.782, 129
Trd, 8639932.232, 140
Trd, 8639932.332, 140
Trd, 8639932.532, 130
Trd, 8639934.832, 140
Trd, 8639935.082, 140
Trd, 8639935.332, 139
Trd, 8639936.632, 140
Trd, 8639937.782, 140
Trd, 8639937.832, 140
Trd, 8639938.082, 140
Trd, 8639938.682, 140
Trd, 8639939.482, 140
Trd, 8639940.332, 139
Trd, 8639940.582, 130
Trd, 8639940.682, 105
Trd, 8639941.382, 131
Trd, 8639941.532, 78
Trd, 8639941.582, 72
Trd, 8639941.882, 138
Trd, 8639943.332, 140
Trd, 8639943.882, 140
Trd, 8639944.032, 140
Trd, 8639944.082, 139
Trd, 8639945.532, 132
Trd, 8639946.482, 140
Trd, 8639946.582, 131
Trd, 8639947.032, 140
Trd, 8639947.832, 135
Trd, 8639948.432, 132
Trd, 8639949.182, 91
Trd, 8639949.482, 74
Trd, 8639952.482, 140
Trd, 8639953.582, 140
Trd, 8639954.032, 140
Trd, 8639955.582, 140
Trd, 8639955.682, 140
Trd, 8639957.632, 140
Trd, 8639957.982, 140
Trd, 8639958.882, 140
Trd, 8639958.932, 140
Trd, 8639959.632, 139
Trd, 8639960.682, 140
Trd, 8639961.932, 134
Trd, 8639962.332, 140
Trd, 8639962.582, 140
Trd, 8639964.682, 139
Trd, 8639964.932, 140
Trd, 8639965.232, 138
Trd, 8639966.182, 123
Trd, 8639967.082, 60
Trd, 8639967.382, 63
Trd, 8639969.432, 60
Trd, 8639970.032, 62
Trd, 8639970.282, 62
Trd, 8639970.532, 62
Trd, 8639971.082, 61
Trd, 8639972.332, 65
Trd, 8639973.232, 68
Trd, 8639975.032, 140
Trd, 8639975.082, 140
Trd, 8639976.532, 140
Trd, 8639976.932, 139
Trd, 8639977.332, 139
Trd, 8639979.132, 140
Trd, 8639979.282, 139
Trd, 8639979.832, 122
Trd, 8639979.932, 120
Trd, 8639980.382, 105
Trd, 8639982.182, 85
Trd, 8639982.632, 74
Trd, 8639983.232, 139
Trd, 8639983.832, 140
Trd, 8639983.932, 138
Trd, 8639986.082, 140
Trd, 8639986.182, 139
Trd, 8639986.682, 139
Trd, 8639988.632, 140
Trd, 8639988.832, 140
Trd, 8639989.632, 137
Trd, 8639989.732, 67
Trd, 8639990.682, 69
Trd, 8639991.032, 81
Trd, 8639992.382, 140
Trd, 8639992.582, 93
Trd, 8639992.882, 92
Trd, 8639993.682, 95
Trd, 8639994.932, 60
Trd, 8639995.032, 61
Trd, 8639995.932, 60
Trd, 8639998.282, 124
Trd, 8639998.882, 140
