Trd, 8638148.282, 86
Trd, 8638149.582, 140
Trd, 8638151.032, 140
Trd, 8638151.832, 140
Trd, 8638152.582, 140
Trd, 8638153.482, 140
Trd, 8638153.632, 140
Trd, 8638154.382, 123
Trd, 8638155.732, 140
Trd, 8638155.882, 140
Trd, 8638156.432, 117
Trd, 8638156.782, 111
Trd, 8638157.032, 140
Trd, 8638157.132, 139
Trd, 8638158.582, 99
Trd, 8638159.582, 73
Trd, 8638159.732, 85
Trd, 8638160.382, 128
Trd, 8638161.282, 128
Trd, 8638162.382, 140
Trd, 8638162.432, 139
Trd, 8638163.582, 137
Trd, 8638163.932, 134
Trd, 8638164.482, 123
Trd, 8638165.432, 139
Trd, 8638165.832, 140
Trd, 8638166.582, 140
Trd, 8638167.632, 123
Trd, 8638168.582, 123
Trd, 8638170.282, 96
Trd, 8638171.182, 74
Trd, 8638171.482, 96
Trd, 8638172.632, 140
Trd, 8638173.332, 140
Trd, 8638173.782, 139
Trd, 8638174.732, 133
Trd, 8638175.632, 140
Trd, 8638176.882, 140
Trd, 8638178.082, 124
Trd, 8638178.282, 80
Trd, 8638178.832, 78
Trd, 8638180.032, 85
Trd, 8638180.282, 62
Trd, 8638180.682, 72
Trd, 8638181.032, 75
Trd, 8638181.782, 62
Trd, 8638182.732, 71
Trd, 8638183.082, 64
Trd, 8638183.432, 61
Trd, 8638185.082, 130
Trd, 8638185.632, 130
Trd, 8638185.982, 140
Trd, 8638186.132, 140
Trd, 8638186.432, 110
Trd, 8638187.982, 138
Trd, 8638188.282, 137
Trd, 8638189.632, 117
Trd, 8638190.782, 116
Trd, 8638191.482, 130
Trd, 8638192.482, 139
Trd, 8638192.532, 103
Trd, 8638192.882, 125
Trd, 8638193.182, 63
Trd, 8638195.432, 104
Trd, 8638195.732, 97
Trd, 8638195.832, 140
Trd, 8638196.182, 94
Trd, 8638196.532, 68
Trd, 8638196.782, 89
Trd, 8638197.382, 62
Trd, 8638198.482, 101
Trd, 8638198.982, 138
Trd, 8638199.482, 69
Trd, 8638199.682, 72
Trd, 8638200.882, 139
Trd, 8638201.532, 68
Trd, 8638202.432, 90
Trd, 8638203.782, 88
Trd, 8638204.482, 116
Trd, 8638204.532, 87
Trd, 8638204.782, 113
Trd, 8638205.532, 77
Trd, 8638205.732, 100
Trd, 8638206.182, 122
Trd, 8638207.182, 105
Trd, 8638207.932, 93
Trd, 8638209.432, 140
Trd, 8638209.482, 139
Trd, 8638210.332, 140
Trd, 8638211.182, 136
Trd, 8638212.632, 117
Trd, 8638212.882, 113
Trd, 8638213.382, 100
Trd, 8638213.832, 65
Trd, 8638214.782, 120
Trd, 8638215.232, 60
Trd, 8638216.382, 62
Trd, 8638217.182, 68
Trd, 8638217.482, 73
Trd, 8638218.632, 61
Trd, 8638219.232, 114
Trd, 8638219.582, 83
Trd, 8638220.582, 77
Trd, 8638221.632, 89
Trd, 8638221.782, 95
Trd, 8638222.782, 140
Trd, 8638222.832, 128
Trd, 8638223.732, 76
Trd, 8638224.032, 80
Trd, 8638224.582, 61
Trd, 8638224.932, 64
Trd, 8638225.932, 63
Trd, 8638226.132, 91
Trd, 8638227.132, 98
Trd, 8638227.932, 96
Trd, 8638228.282, 113
Trd, 8638228.682, 121
Trd, 8638230.382, 136
Trd, 8638232.732, 140
Trd, 8638232.782, 139
Trd, 8638234.532, 139
Trd, 8638234.782, 140
Trd, 8638235.032, 139
Trd, 8638235.332, 138
Trd, 8638235.732, 122
Trd, 8638237.682, 140
Trd, 8638237.732, 139
Trd, 8638237.982, 104
Trd, 8638238.182, 101
Trd, 8638239.182, 82
Trd, 8638239.632, 78
Trd, 8638240.782, 139
Trd, 8638241.232, 139
Trd, 8638241.382, 138
Trd, 8638242.232, 137
Trd, 8638242.832, 117
Trd, 8638243.432, 60
Trd, 8638243.582, 64
Trd, 8638245.182, 62
Trd, 8638246.532, 60
Trd, 8638246.582, 83
Trd, 8638246.932, 100
Trd, 8638247.532, 121
Trd, 8638248.132, 140
Trd, 8638248.582, 140
Trd, 8638249.082, 124
Trd, 8638249.532, 137
Trd, 8638249.632, 122
Trd, 8638251.182, 140
Trd, 8638251.232, 119
Trd, 8638252.082, 140
Trd, 8638253.232, 127
Trd, 8638254.632, 116
Trd, 8638254.932, 101
Trd, 8638255.732, 139
Trd, 8638256.332, 138
Trd, 8638256.832, 134
Trd, 8638256.932, 121
Trd, 8638258.132, 94
Trd, 8638259.682, 121
Trd, 8638260.782, 140
Trd, 8638261.482, 140
Trd, 8638261.832, 140
Trd, 8638262.332, 62
Trd, 8638263.282, 84
Trd, 8638264.032, 71
Trd, 8638264.282, 102
Trd, 8638264.882, 60
Trd, 8638265.232, 63
Trd, 8638266.232, 68
Trd, 8638266.532, 81
Trd, 8638266.882, 106
Trd, 8638267.782, 90
Trd, 8638268.032, 75
Trd, 8638268.582, 140
Trd, 8638269.832, 115
Trd, 8638270.382, 87
Trd, 8638271.132, 78
Trd, 8638272.532, 139
Trd, 8638272.982, 140
Trd, 8638273.482, 139
Trd, 8638274.982, 139
Trd, 8638275.582, 114
Trd, 8638276.032, 115
Trd, 8638277.432, 139
Trd, 8638277.482, 138
Trd, 8638277.682, 122
Trd, 8638278.382, 112
Trd, 8638278.982, 126
Trd, 8638279.232, 65
Trd, 8638279.832, 71
Trd, 8638280.032, 72
Trd, 8638281.682, 73
Trd, 8638283.782, 64
Trd, 8638284.382, 60
Trd, 8638285.332, 63
Trd, 8638285.382, 64
Trd, 8638285.482, 61
Trd, 8638286.532, 64
Trd, 8638287.532, 138
Trd, 8638290.032, 129
Trd, 8638290.782, 140
Trd, 8638291.132, 140
Trd, 8638292.282, 140
Trd, 8638292.732, 140
Trd, 8638293.182, 140
Trd, 8638293.232, 139
Trd, 8638293.782, 124
Trd, 8638296.232, 110
Trd, 8638296.382, 107
Trd, 8638297.932, 92
Trd, 8638298.032, 91
Trd, 8638298.432, 126
Trd, 8638299.182, 113
Trd, 8638299.782, 139
Trd, 8638300.232, 139
Trd, 8638302.232, 127
Trd, 8638302.682, 140
Trd, 8638302.882, 124
Trd, 8638304.032, 140
Trd, 8638304.082, 140
Trd, 8638305.282, 140
Trd, 8638306.382, 139
Trd, 8638306.582, 136
Trd, 8638306.632, 120
Trd, 8638307.732, 140
Trd, 8638308.132, 140
Trd, 8638308.332, 139
Trd, 8638310.382, 140
Trd, 8638311.232, 140
Trd, 8638312.382, 111
Trd, 8638312.682, 125
Trd, 8638312.932, 100
Trd, 8638313.832, 120
Trd, 8638314.432, 119
Trd, 8638314.982, 140
Trd, 8638316.032, 130
Trd, 8638316.532, 111
Trd, 8638317.582, 115
Trd, 8638317.932, 61
Trd, 8638318.782, 140
Trd, 8638319.382, 136
Trd, 8638319.882, 112
Trd, 8638320.432, 118
Trd, 8638320.482, 99
Trd, 8638322.532, 137
Trd, 8638323.132, 90
Trd, 8638323.482, 88
Trd, 8638323.682, 82
Trd, 8638324.582, 140
Trd, 8638325.082, 140
Trd, 8638326.132, 139
Trd, 8638326.832, 140
Trd, 8638327.232, 121
Trd, 8638327.282, 100
Trd, 8638328.332, 140
Trd, 8638328.582, 110
Trd, 8638330.532, 102
Trd, 8638331.032, 92
Trd, 8638331.532, 139
Trd, 8638332.132, 82
Trd, 8638333.132, 94
Trd, 8638333.632, 94
Trd, 8638333.932, 139
Trd, 8638334.832, 82
Trd, 8638335.232, 109
Trd, 8638336.582, 140
Trd, 8638337.282, 134
Trd, 8638337.532, 127
Trd, 8638337.732, 114
Trd, 8638337.882, 111
Trd, 8638338.732, 132
Trd, 8638340.832, 138
Trd, 8638342.732, 140
Trd, 8638342.782, 140
Trd, 8638343.032, 138
Trd, 8638343.582, 125
Trd, 8638344.732, 138
Trd, 8638344.982, 136
Trd, 8638345.282, 116
Trd, 8638345.682, 109
Trd, 8638345.982, 99
Trd, 8638347.032, 96
Trd, 8638348.132, 140
Trd, 8638348.882, 115
Trd, 8638351.182, 140
Trd, 8638351.632, 140
Trd, 8638352.632, 140
Trd, 8638353.232, 140
Trd, 8638354.332, 111
Trd, 8638354.432, 110
Trd, 8638354.532, 107
Trd, 8638355.932, 99
Trd, 8638356.632, 94
Trd, 8638356.982, 93
Trd, 8638359.032, 96
Trd, 8638359.332, 119
Trd, 8638359.532, 94
Trd, 8638359.882, 83
Trd, 8638360.032, 128
Trd, 8638361.332, 138
Trd, 8638362.532, 138
Trd, 8638363.132, 140
Trd, 8638364.082, 121
Trd, 8638364.732, 140
Trd, 8638364.782, 140
Trd, 8638365.232, 111
Trd, 8638365.482, 132
Trd, 8638366.282, 139
Trd, 8638366.832, 134
Trd, 8638367.882, 138
Trd, 8638368.032, 100
Trd, 8638368.932, 119
Trd, 8638369.432, 61
Trd, 8638369.632, 67
Trd, 8638370.032, 140
Trd, 8638370.382, 100
Trd, 8638373.082, 140
Trd, 8638373.932, 139
Trd, 8638374.382, 139
Trd, 8638374.432, 138
Trd, 8638374.582, 136
Trd, 8638376.532, 140
Trd, 8638377.382, 140
Trd, 8638377.882, 140
Trd, 8638378.132, 139
Trd, 8638378.832, 138
Trd, 8638379.082, 140
Trd, 8638379.982, 138
Trd, 8638380.082, 110
Trd, 8638380.382, 80
Trd, 8638380.632, 79
Trd, 8638382.032, 139
Trd, 8638383.132, 114
Trd, 8638384.082, 114
Trd, 8638385.182, 109
Trd, 8638385.532, 101
Trd, 8638385.632, 106
Trd, 8638385.732, 132
Trd, 8638386.182, 68
Trd, 8638386.732, 62
Trd, 8638387.682, 139
Trd, 8638388.532, 60
Trd, 8638390.232, 139
Trd, 8638391.782, 140
Trd, 8638392.182, 140
Trd, 8638393.332, 140
Trd, 8638393.382, 140
Trd, 8638394.982, 140
Trd, 8638396.482, 139
Trd, 8638396.632, 139
Trd, 8638397.232, 138
Trd, 8638397.432, 126
Trd, 8638397.532, 123
Trd, 8638397.582, 122
Trd, 8638398.632, 78
Trd, 8638399.032, 62
Trd, 8638400.432, 91
Trd, 8638401.132, 140
Trd, 8638401.832, 86
Trd, 8638401.982, 105
Trd, 8638402.582, 139
Trd, 8638404.632, 140
Trd, 8638405.182, 140
Trd, 8638405.432, 139
Trd, 8638405.482, 123
Trd, 8638406.582, 96
Trd, 8638407.132, 139
Trd, 8638407.832, 137
Trd, 8638407.882, 93
Trd, 8638408.232, 105
Trd, 8638410.082, 62
Trd, 8638410.482, 84
Trd, 8638412.982, 140
Trd, 8638413.432, 140
Trd, 8638414.182, 139
Trd, 8638414.382, 137
Trd, 8638414.782, 132
Trd, 8638415.432, 138
Trd, 8638416.782, 135
Trd, 8638417.082, 121
Trd, 8638417.282, 120
Trd, 8638417.682, 86
Trd, 8638418.582, 140
Trd, 8638418.982, 140
Trd, 8638419.382, 66
Trd, 8638420.032, 140
Trd, 8638421.082, 117
Trd, 8638421.932, 119
Trd, 8638423.332, 117
Trd, 8638424.132, 75
Trd, 8638424.532, 92
Trd, 8638425.432, 103
Trd, 8638425.732, 65
Trd, 8638426.082, 84
Trd, 8638426.682, 84
Trd, 8638427.032, 65
Trd, 8638427.432, 137
Trd, 8638427.782, 63
Trd, 8638428.432, 76
Trd, 8638428.582, 140
Trd, 8638431.032, 60
Trd, 8638431.332, 61
Trd, 8638431.882, 62
Trd, 8638432.382, 65
Trd, 8638434.482, 83
Trd, 8638435.432, 105
Trd, 8638435.732, 69
Trd, 8638435.932, 108
Trd, 8638435.982, 70
Trd, 8638436.432, 139
Trd, 8638437.582, 123
Trd, 8638437.782, 114
Trd, 8638438.532, 140
Trd, 8638438.582, 95
Trd, 8638438.932, 89
Trd, 8638440.782, 60
Trd, 8638441.932, 115
Trd, 8638442.232, 90
Trd, 8638442.732, 138
Trd, 8638443.282, 140
Trd, 8638443.732, 100
Trd, 8638445.532, 88
Trd, 8638446.382, 135
Trd, 8638446.432, 106
Trd, 8638447.332, 76
Trd, 8638448.282, 80
Trd, 8638449.532, 61
Trd, 8638449.582, 62
Trd, 8638450.382, 70
Trd, 8638450.482, 73
Trd, 8638450.582, 120
Trd, 8638451.282, 82
Trd, 8638451.382, 80
Trd, 8638452.532, 140
Trd, 8638453.182, 140
Trd, 8638453.332, 122
Trd, 8638453.582, 136
Trd, 8638454.582, 87
Trd, 8638456.082, 78
Trd, 8638457.132, 140
Trd, 8638458.032, 139
Trd, 8638459.032, 138
Trd, 8638459.682, 109
Trd, 8638460.682, 101
Trd, 8638461.882, 96
Trd, 8638462.732, 140
Trd, 8638464.282, 126
Trd, 8638464.482, 132
Trd, 8638464.782, 140
Trd, 8638465.732, 137
Trd, 8638465.782, 122
Trd, 8638466.032, 81
Trd, 8638469.382, 66
Trd, 8638469.632, 67
Trd, 8638469.982, 68
Trd, 8638470.932, 140
Trd, 8638471.032, 138
Trd, 8638471.582, 137
Trd, 8638471.982, 134
Trd, 8638472.182, 94
Trd, 8638474.832, 60
Trd, 8638475.132, 60
Trd, 8638475.632, 68
Trd, 8638476.732, 63
Trd, 8638477.532, 63
Trd, 8638479.032, 140
Trd, 8638479.532, 140
Trd, 8638479.582, 139
Trd, 8638479.682, 125
Trd, 8638479.782, 109
Trd, 8638482.282, 71
Trd, 8638482.982, 83
Trd, 8638483.532, 85
Trd, 8638483.682, 119
Trd, 8638484.432, 64
Trd, 8638485.182, 123
Trd, 8638487.182, 61
Trd, 8638487.682, 62
Trd, 8638488.232, 114
Trd, 8638488.682, 101
Trd, 8638490.282, 102
Trd, 8638490.582, 67
Trd, 8638491.982, 79
Trd, 8638492.132, 67
Trd, 8638492.532, 84
Trd, 8638493.832, 71
Trd, 8638494.032, 127
Trd, 8638495.382, 133
Trd, 8638495.882, 120
Trd, 8638496.082, 116
Trd, 8638496.532, 138
Trd, 8638496.982, 133
Trd, 8638498.482, 120
Trd, 8638498.532, 82
Trd, 8638499.232, 140
Trd, 8638500.232, 139
Trd, 8638500.482, 139
Trd, 8638500.532, 123
Trd, 8638500.582, 104
Trd, 8638500.882, 70
Trd, 8638501.632, 132
Trd, 8638503.282, 140
Trd, 8638503.332, 138
Trd, 8638504.032, 140
Trd, 8638504.182, 91
Trd, 8638505.732, 138
Trd, 8638506.782, 138
Trd, 8638508.182, 139
Trd, 8638509.532, 138
Trd, 8638509.582, 135
Trd, 8638510.482, 136
Trd, 8638510.582, 120
Trd, 8638511.582, 138
Trd, 8638512.182, 78
Trd, 8638512.582, 137
Trd, 8638513.032, 121
Trd, 8638513.832, 107
Trd, 8638515.032, 140
Trd, 8638515.332, 80
Trd, 8638515.932, 111
Trd, 8638516.532, 140
Trd, 8638517.232, 126
Trd, 8638518.432, 100
Trd, 8638518.482, 81
Trd, 8638519.282, 138
Trd, 8638520.432, 70
Trd, 8638522.332, 74
Trd, 8638523.482, 140
Trd, 8638523.582, 140
Trd, 8638524.032, 117
Trd, 8638524.882, 140
Trd, 8638525.632, 139
Trd, 8638526.282, 61
Trd, 8638526.932, 61
Trd, 8638528.032, 60
Trd, 8638528.932, 60
Trd, 8638530.282, 62
Trd, 8638530.632, 65
Trd, 8638531.632, 67
Trd, 8638532.132, 70
Trd, 8638532.932, 67
Trd, 8638533.182, 66
Trd, 8638533.332, 60
Trd, 8638534.582, 85
Trd, 8638534.782, 84
Trd, 8638536.332, 118
Trd, 8638537.832, 129
Trd, 8638538.582, 106
Trd, 8638539.182, 140
Trd, 8638540.282, 139
Trd, 8638540.632, 109
Trd, 8638540.832, 101
Trd, 8638541.982, 89
Trd, 8638542.432, 116
Trd, 8638542.832, 77
Trd, 8638543.582, 140
Trd, 8638543.882, 140
Trd, 8638544.332, 76
Trd, 8638545.032, 113
Trd, 8638545.282, 68
Trd, 8638546.882, 71
Trd, 8638546.932, 77
Trd, 8638547.732, 75
Trd, 8638549.632, 140
Trd, 8638549.682, 140
Trd, 8638550.532, 140
Trd, 8638552.032, 139
Trd, 8638552.132, 134
Trd, 8638553.082, 103
Trd, 8638553.282, 101
Trd, 8638553.782, 140
Trd, 8638554.382, 139
Trd, 8638555.082, 92
Trd, 8638555.632, 99
Trd, 8638556.082, 101
Trd, 8638557.232, 137
Trd, 8638557.382, 91
Trd, 8638558.682, 140
Trd, 8638558.782, 140
Trd, 8638559.332, 117
Trd, 8638560.332, 102
Trd, 8638560.432, 96
Trd, 8638561.682, 140
Trd, 8638563.282, 140
Trd, 8638563.882, 140
Trd, 8638563.932, 140
Trd, 8638563.982, 137
Trd, 8638565.182, 101
Trd, 8638565.782, 101
Trd, 8638566.432, 100
Trd, 8638567.582, 115
Trd, 8638568.782, 74
Trd, 8638569.282, 73
Trd, 8638569.982, 72
Trd, 8638570.532, 75
Trd, 8638571.632, 87
Trd, 8638571.782, 102
Trd, 8638572.782, 81
Trd, 8638572.982, 64
Trd, 8638573.432, 60
Trd, 8638573.682, 63
Trd, 8638574.532, 61
Trd, 8638576.132, 72
Trd, 8638577.182, 69
Trd, 8638578.532, 140
Trd, 8638578.782, 119
Trd, 8638579.732, 140
Trd, 8638579.832, 140
Trd, 8638580.882, 140
Trd, 8638581.232, 140
Trd, 8638581.582, 137
Trd, 8638582.882, 118
Trd, 8638583.332, 81
Trd, 8638584.532, 72
Trd, 8638584.732, 109
Trd, 8638585.032, 62
Trd, 8638585.532, 130
Trd, 8638586.282, 60
Trd, 8638586.832, 112
Trd, 8638586.932, 111
Trd, 8638587.582, 140
Trd, 8638588.132, 82
Trd, 8638588.732, 118
Trd, 8638590.482, 61
Trd, 8638591.332, 66
Trd, 8638591.782, 69
Trd, 8638593.532, 61
Trd, 8638593.882, 68
Trd, 8638594.332, 80
Trd, 8638597.082, 62
Trd, 8638597.182, 66
Trd, 8638598.432, 66
Trd, 8638598.532, 62
Trd, 8638600.882, 140
Trd, 8638601.082, 140
Trd, 8638602.082, 139
Trd, 8638602.482, 138
Trd, 8638602.532, 104
Trd, 8638603.532, 79
Trd, 8638604.432, 140
Trd, 8638605.732, 140
Trd, 8638606.082, 140
Trd, 8638607.332, 140
Trd, 8638607.632, 125
Trd, 8638607.932, 111
Trd, 8638608.432, 139
Trd, 8638609.582, 134
Trd, 8638609.682, 91
Trd, 8638611.932, 140
Trd, 8638612.332, 140
Trd, 8638612.532, 140
Trd, 8638613.282, 140
Trd, 8638613.482, 140
Trd, 8638613.632, 122
Trd, 8638614.682, 60
Trd, 8638615.132, 73
Trd, 8638615.382, 101
Trd, 8638616.832, 108
Trd, 8638617.282, 106
Trd, 8638617.682, 135
Trd, 8638618.582, 104
Trd, 8638619.032, 102
Trd, 8638619.532, 140
Trd, 8638619.982, 122
Trd, 8638620.682, 140
Trd, 8638621.132, 139
Trd, 8638621.282, 140
Trd, 8638621.982, 86
Trd, 8638622.382, 140
Trd, 8638622.782, 137
Trd, 8638623.332, 140
Trd, 8638624.482, 122
Trd, 8638624.832, 96
Trd, 8638625.982, 140
Trd, 8638628.032, 113
Trd, 8638628.182, 102
Trd, 8638628.432, 115
Trd, 8638628.982, 115
Trd, 8638629.282, 126
Trd, 8638629.732, 140
Trd, 8638630.982, 111
Trd, 8638631.582, 64
Trd, 8638631.832, 67
Trd, 8638632.582, 60
Trd, 8638633.532, 68
Trd, 8638634.182, 73
Trd, 8638634.332, 137
Trd, 8638636.232, 72
Trd, 8638636.382, 70
Trd, 8638636.532, 92
Trd, 8638636.882, 108
Trd, 8638638.132, 63
Trd, 8638638.482, 136
Trd, 8638639.032, 64
Trd, 8638639.182, 63
Trd, 8638640.882, 105
Trd, 8638641.032, 112
Trd, 8638642.082, 90
Trd, 8638642.932, 140
Trd, 8638643.682, 137
Trd, 8638644.582, 140
Trd, 8638644.682, 140
Trd, 8638645.932, 88
Trd, 8638647.232, 75
Trd, 8638648.782, 78
Trd, 8638649.682, 68
Trd, 8638650.282, 84
Trd, 8638650.532, 111
Trd, 8638651.532, 113
Trd, 8638651.632, 82
Trd, 8638653.232, 140
Trd, 8638653.932, 139
Trd, 8638653.982, 139
Trd, 8638655.632, 139
Trd, 8638655.882, 125
Trd, 8638656.132, 140
Trd, 8638656.282, 123
Trd, 8638658.232, 119
Trd, 8638658.332, 114
Trd, 8638659.132, 118
Trd, 8638659.382, 109
Trd, 8638659.432, 108
Trd, 8638660.332, 107
Trd, 8638661.132, 140
Trd, 8638662.332, 99
Trd, 8638662.932, 120
Trd, 8638663.982, 62
Trd, 8638664.432, 69
Trd, 8638665.082, 60
Trd, 8638665.632, 64
Trd, 8638666.282, 140
Trd, 8638666.332, 140
Trd, 8638666.682, 140
Trd, 8638667.632, 139
Trd, 8638668.732, 140
Trd, 8638669.432, 130
Trd, 8638669.732, 122
Trd, 8638671.132, 140
Trd, 8638671.482, 140
Trd, 8638672.332, 140
Trd, 8638672.532, 138
Trd, 8638673.482, 99
Trd, 8638674.082, 113
Trd, 8638674.232, 99
Trd, 8638674.282, 94
Trd, 8638674.882, 66
Trd, 8638675.832, 140
Trd, 8638676.082, 139
Trd, 8638677.582, 138
Trd, 8638677.632, 136
Trd, 8638678.382, 140
Trd, 8638678.482, 140
Trd, 8638679.732, 126
Trd, 8638681.682, 102
Trd, 8638682.032, 80
Trd, 8638682.382, 138
Trd, 8638682.632, 75
Trd, 8638683.482, 62
Trd, 8638683.832, 68
Trd, 8638685.182, 65
Trd, 8638685.232, 76
Trd, 8638686.532, 140
Trd, 8638687.232, 99
Trd, 8638687.632, 96
Trd, 8638688.832, 76
Trd, 8638688.882, 79
Trd, 8638689.882, 61
Trd, 8638690.982, 63
Trd, 8638691.232, 64
Trd, 8638692.432, 70
Trd, 8638692.482, 73
Trd, 8638693.382, 122
Trd, 8638693.532, 133
Trd, 8638694.782, 87
Trd, 8638695.582, 79
Trd, 8638695.832, 96
Trd, 8638697.032, 90
Trd, 8638697.432, 91
Trd, 8638698.432, 140
Trd, 8638699.032, 140
Trd, 8638699.082, 121
Trd, 8638700.082, 63
Trd, 8638700.332, 89
Trd, 8638700.382, 90
Trd, 8638701.832, 67
Trd, 8638702.132, 140
Trd, 8638704.082, 114
Trd, 8638704.532, 113
Trd, 8638705.032, 140
Trd, 8638705.432, 115
Trd, 8638706.182, 114
Trd, 8638706.882, 140
Trd, 8638708.082, 140
Trd, 8638708.932, 124
Trd, 8638709.432, 116
Trd, 8638710.332, 70
Trd, 8638712.332, 63
Trd, 8638712.982, 75
Trd, 8638713.132, 80
Trd, 8638713.332, 91
Trd, 8638713.682, 115
Trd, 8638714.532, 113
Trd, 8638714.982, 140
Trd, 8638715.132, 116
Trd, 8638716.182, 60
Trd, 8638716.332, 64
Trd, 8638717.432, 103
Trd, 8638717.932, 140
Trd, 8638718.032, 122
Trd, 8638718.332, 60
Trd, 8638719.432, 91
Trd, 8638720.732, 67
Trd, 8638720.882, 65
Trd, 8638723.132, 140
Trd, 8638724.182, 140
Trd, 8638724.282, 140
Trd, 8638724.532, 139
Trd, 8638725.032, 139
Trd, 8638725.182, 122
Trd, 8638725.582, 140
Trd, 8638725.632, 87
Trd, 8638726.482, 64
Trd, 8638726.632, 138
Trd, 8638727.982, 65
Trd, 8638729.232, 133
Trd, 8638729.782, 134
Trd, 8638730.532, 91
Trd, 8638730.932, 138
Trd, 8638732.632, 138
Trd, 8638733.382, 138
Trd, 8638734.982, 129
Trd, 8638736.482, 139
Trd, 8638736.632, 137
Trd, 8638736.882, 140
Trd, 8638738.082, 137
Trd, 8638738.432, 89
Trd, 8638738.882, 130
Trd, 8638739.782, 109
Trd, 8638741.282, 96
Trd, 8638741.782, 137
Trd, 8638742.032, 101
Trd, 8638742.482, 113
Trd, 8638743.132, 101
Trd, 8638744.032, 63
Trd, 8638744.132, 65
Trd, 8638745.432, 138
Trd, 8638745.932, 137
Trd, 8638746.232, 136
Trd, 8638747.832, 140
Trd, 8638748.182, 139
Trd, 8638749.532, 139
Trd, 8638749.882, 140
Trd, 8638749.982, 122
Trd, 8638750.282, 127
Trd, 8638751.132, 116
Trd, 8638753.032, 138
Trd, 8638753.882, 139
Trd, 8638754.032, 128
Trd, 8638755.582, 140
Trd, 8638755.632, 140
Trd, 8638757.932, 138
Trd, 8638758.732, 123
Trd, 8638759.432, 115
Trd, 8638760.132, 105
Trd, 8638760.682, 139
Trd, 8638761.482, 94
Trd, 8638762.332, 83
Trd, 8638763.082, 68
Trd, 8638763.132, 103
Trd, 8638763.632, 65
Trd, 8638763.982, 117
Trd, 8638764.432, 140
Trd, 8638766.432, 104
Trd, 8638766.482, 89
Trd, 8638767.532, 63
Trd, 8638767.782, 72
Trd, 8638768.682, 60
Trd, 8638768.882, 63
Trd, 8638769.082, 78
Trd, 8638771.382, 140
Trd, 8638771.432, 139
Trd, 8638772.832, 79
Trd, 8638773.182, 68
Trd, 8638773.232, 71
Trd, 8638773.732, 121
Trd, 8638773.932, 137
Trd, 8638774.632, 127
Trd, 8638775.532, 120
Trd, 8638776.132, 72
Trd, 8638776.282, 71
Trd, 8638777.232, 61
Trd, 8638777.382, 64
Trd, 8638777.482, 115
Trd, 8638777.982, 139
Trd, 8638779.182, 89
Trd, 8638779.832, 99
Trd, 8638780.882, 140
Trd, 8638782.732, 140
Trd, 8638782.782, 139
Trd, 8638783.532, 84
Trd, 8638783.632, 106
Trd, 8638784.132, 140
Trd, 8638784.232, 138
Trd, 8638784.782, 65
Trd, 8638785.732, 68
Trd, 8638787.482, 76
Trd, 8638787.732, 66
Trd, 8638788.232, 140
Trd, 8638788.732, 72
Trd, 8638790.532, 62
Trd, 8638791.182, 136
Trd, 8638791.382, 75
Trd, 8638792.232, 63
Trd, 8638792.432, 64
Trd, 8638793.182, 77
Trd, 8638794.432, 91
Trd, 8638794.732, 77
Trd, 8638794.982, 103
Trd, 8638796.432, 102
Trd, 8638796.482, 112
Trd, 8638798.332, 62
Trd, 8638798.382, 65
Trd, 8638798.882, 68
Trd, 8638799.532, 115
Trd, 8638800.432, 137
Trd, 8638800.832, 64
Trd, 8638800.882, 71
Trd, 8638801.532, 137
Trd, 8638802.832, 98
Trd, 8638803.432, 139
Trd, 8638803.932, 107
Trd, 8638805.232, 140
Trd, 8638805.632, 140
Trd, 8638807.682, 139
Trd, 8638808.432, 131
Trd, 8638809.432, 139
Trd, 8638809.632, 131
Trd, 8638810.232, 132
Trd, 8638810.332, 87
Trd, 8638811.282, 140
Trd, 8638811.682, 139
Trd, 8638812.282, 126
Trd, 8638812.932, 122
Trd, 8638813.932, 140
Trd, 8638814.882, 140
Trd, 8638815.482, 100
Trd, 8638815.932, 97
Trd, 8638816.232, 119
Trd, 8638817.232, 139
Trd, 8638817.582, 125
Trd, 8638817.932, 125
Trd, 8638819.282, 138
Trd, 8638819.532, 121
Trd, 8638820.832, 116
Trd, 8638820.932, 103
Trd, 8638821.682, 72
Trd, 8638822.082, 71
Trd, 8638823.982, 61
Trd, 8638824.282, 62
Trd, 8638824.432, 62
Trd, 8638825.482, 76
Trd, 8638826.432, 96
Trd, 8638827.732, 140
Trd, 8638827.982, 140
Trd, 8638828.432, 139
Trd, 8638829.982, 140
Trd, 8638830.032, 138
Trd, 8638830.082, 122
Trd, 8638830.132, 102
Trd, 8638830.782, 109
Trd, 8638831.082, 101
Trd, 8638831.282, 131
Trd, 8638833.782, 140
Trd, 8638834.382, 140
Trd, 8638835.532, 140
Trd, 8638835.582, 123
Trd, 8638837.032, 140
Trd, 8638837.582, 140
Trd, 8638837.932, 123
Trd, 8638838.432, 121
Trd, 8638839.882, 128
Trd, 8638840.382, 97
Trd, 8638841.032, 106
Trd, 8638841.982, 140
Trd, 8638842.782, 140
Trd, 8638843.232, 140
Trd, 8638843.832, 82
Trd, 8638844.532, 94
Trd, 8638845.732, 65
Trd, 8638846.082, 94
Trd, 8638846.682, 60
Trd, 8638847.232, 67
Trd, 8638847.982, 68
Trd, 8638848.332, 82
Trd, 8638848.582, 94
Trd, 8638848.832, 100
Trd, 8638849.282, 100
Trd, 8638850.182, 64
Trd, 8638851.532, 136
Trd, 8638852.232, 135
Trd, 8638852.282, 120
Trd, 8638853.332, 107
Trd, 8638853.882, 61
Trd, 8638854.532, 64
Trd, 8638857.132, 99
Trd, 8638858.082, 140
Trd, 8638858.482, 140
Trd, 8638858.632, 139
Trd, 8638859.332, 138
Trd, 8638859.532, 137
Trd, 8638859.782, 92
Trd, 8638859.882, 91
Trd, 8638859.932, 103
Trd, 8638860.182, 106
Trd, 8638862.232, 140
Trd, 8638863.582, 140
Trd, 8638863.632, 139
Trd, 8638864.432, 111
Trd, 8638865.382, 140
Trd, 8638865.682, 140
Trd, 8638865.932, 125
Trd, 8638866.732, 106
Trd, 8638867.232, 108
Trd, 8638867.832, 77
Trd, 8638868.282, 76
Trd, 8638868.582, 127
Trd, 8638869.682, 63
Trd, 8638870.432, 61
Trd, 8638872.832, 61
Trd, 8638873.882, 61
Trd, 8638874.532, 62
Trd, 8638874.632, 63
Trd, 8638874.982, 64
Trd, 8638875.682, 132
Trd, 8638876.432, 139
Trd, 8638876.582, 63
Trd, 8638877.282, 82
Trd, 8638878.482, 63
Trd, 8638879.532, 70
Trd, 8638880.132, 140
Trd, 8638880.482, 137
Trd, 8638881.182, 140
Trd, 8638881.282, 73
Trd, 8638882.782, 75
Trd, 8638883.232, 109
Trd, 8638884.432, 140
Trd, 8638884.632, 139
Trd, 8638886.232, 140
Trd, 8638886.332, 133
Trd, 8638887.182, 124
Trd, 8638889.032, 140
Trd, 8638889.532, 140
Trd, 8638889.932, 137
Trd, 8638890.182, 127
Trd, 8638892.432, 140
Trd, 8638892.832, 140
Trd, 8638892.882, 124
Trd, 8638894.082, 134
Trd, 8638894.482, 140
Trd, 8638894.882, 139
Trd, 8638896.232, 140
Trd, 8638896.682, 137
Trd, 8638896.932, 76
Trd, 8638897.832, 61
Trd, 8638898.282, 67
Trd, 8638899.832, 140
Trd, 8638899.982, 140
Trd, 8638900.032, 135
Trd, 8638900.932, 137
Trd, 8638901.232, 121
Trd, 8638902.032, 128
Trd, 8638902.682, 93
Trd, 8638903.182, 97
Trd, 8638904.532, 64
Trd, 8638905.332, 80
Trd, 8638905.482, 81
Trd, 8638905.632, 68
Trd, 8638906.532, 91
Trd, 8638907.732, 140
Trd, 8638908.232, 139
Trd, 8638908.532, 138
Trd, 8638908.782, 125
Trd, 8638909.482, 108
Trd, 8638909.782, 71
Trd, 8638911.632, 78
Trd, 8638912.082, 107
Trd, 8638912.732, 79
Trd, 8638912.832, 86
Trd, 8638915.432, 103
Trd, 8638915.682, 112
Trd, 8638916.282, 86
Trd, 8638917.332, 94
Trd, 8638917.382, 92
Trd, 8638917.532, 118
Trd, 8638917.732, 89
Trd, 8638919.332, 84
Trd, 8638920.132, 68
Trd, 8638920.532, 108
Trd, 8638920.982, 64
Trd, 8638921.332, 74
Trd, 8638922.632, 136
Trd, 8638922.932, 107
Trd, 8638923.082, 95
Trd, 8638924.182, 140
Trd, 8638925.632, 112
Trd, 8638925.832, 70
Trd, 8638927.132, 63
Trd, 8638927.532, 61
Trd, 8638927.682, 64
Trd, 8638927.932, 62
Trd, 8638930.032, 65
Trd, 8638930.532, 61
Trd, 8638931.632, 61
Trd, 8638931.832, 63
Trd, 8638933.032, 67
Trd, 8638933.682, 62
Trd, 8638934.682, 140
Trd, 8638934.982, 140
Trd, 8638935.032, 137
Trd, 8638935.632, 105
Trd, 8638935.982, 99
Trd, 8638936.432, 60
Trd, 8638936.732, 63
Trd, 8638937.982, 62
Trd, 8638938.582, 140
Trd, 8638938.832, 139
Trd, 8638940.882, 140
Trd, 8638941.382, 140
Trd, 8638941.682, 139
Trd, 8638942.482, 139
Trd, 8638942.682, 117
Trd, 8638943.532, 63
Trd, 8638943.632, 63
Trd, 8638944.832, 60
Trd, 8638944.982, 66
Trd, 8638945.932, 60
Trd, 8638946.132, 82
Trd, 8638947.332, 139
Trd, 8638948.032, 138
Trd, 8638948.782, 140
Trd, 8638950.082, 140
Trd, 8638950.282, 139
Trd, 8638950.332, 130
Trd, 8638951.832, 65
Trd, 8638952.082, 61
Trd, 8638952.432, 84
Trd, 8638955.032, 61
Trd, 8638955.182, 61
Trd, 8638955.732, 63
Trd, 8638956.882, 64
Trd, 8638957.232, 64
Trd, 8638957.482, 65
Trd, 8638957.882, 115
Trd, 8638959.432, 140
Trd, 8638960.232, 140
Trd, 8638960.932, 122
Trd, 8638961.782, 138
Trd, 8638962.182, 128
Trd, 8638963.332, 138
Trd, 8638964.082, 137
Trd, 8638964.432, 115
Trd, 8638964.882, 93
Trd, 8638965.682, 138
Trd, 8638967.582, 60
Trd, 8638968.082, 96
Trd, 8638968.332, 104
Trd, 8638969.382, 61
Trd, 8638970.332, 64
Trd, 8638971.182, 114
Trd, 8638971.282, 119
Trd, 8638971.482, 87
Trd, 8638972.282, 131
Trd, 8638973.182, 64
Trd, 8638974.332, 60
Trd, 8638975.432, 139
Trd, 8638975.482, 122
Trd, 8638976.182, 110
Trd, 8638976.682, 115
Trd, 8638976.882, 140
Trd, 8638977.482, 111
Trd, 8638977.582, 115
Trd, 8638978.282, 112
Trd, 8638978.832, 62
Trd, 8638980.282, 72
Trd, 8638980.332, 74
Trd, 8638980.582, 60
Trd, 8638981.832, 76
Trd, 8638983.782, 71
Trd, 8638984.232, 67
Trd, 8638984.632, 77
Trd, 8638985.182, 80
Trd, 8638985.282, 83
Trd, 8638985.582, 63
Trd, 8638986.082, 127
Trd, 8638986.682, 87
Trd, 8638986.932, 60
Trd, 8638988.232, 76
Trd, 8638988.632, 64
Trd, 8638989.632, 87
Trd, 8638991.232, 140
Trd, 8638991.282, 140
Trd, 8638991.532, 140
Trd, 8638991.882, 140
Trd, 8638992.482, 137
Trd, 8638993.632, 98
Trd, 8638994.882, 139
Trd, 8638995.782, 140
Trd, 8638996.182, 140
Trd, 8638996.782, 125
Trd, 8638997.182, 140
Trd, 8638997.982, 140
Trd, 8638998.382, 100
Trd, 8638998.482, 124
Trd, 8638999.532, 76
Trd, 8639000.432, 67
Trd, 8639001.332, 126
Trd, 8639001.682, 140
Trd, 8639001.932, 85
Trd, 8639002.532, 122
Trd, 8639002.982, 98
Trd, 8639003.282, 139
Trd, 8639004.032, 97
Trd, 8639004.282, 100
Trd, 8639005.532, 74
Trd, 8639007.482, 127
Trd, 8639008.132, 122
Trd, 8639008.682, 139
Trd, 8639008.882, 136
Trd, 8639009.082, 121
Trd, 8639009.832, 115
Trd, 8639011.282, 121
Trd, 8639011.882, 118
Trd, 8639012.082, 96
Trd, 8639012.782, 69
Trd, 8639013.732, 66
Trd, 8639015.032, 140
Trd, 8639015.182, 138
Trd, 8639015.732, 140
Trd, 8639016.032, 76
Trd, 8639017.932, 137
Trd, 8639018.732, 115
Trd, 8639019.332, 108
Trd, 8639019.432, 101
Trd, 8639019.632, 89
Trd, 8639020.232, 63
Trd, 8639021.032, 119
Trd, 8639021.282, 121
Trd, 8639021.682, 72
Trd, 8639023.082, 140
Trd, 8639023.282, 63
Trd, 8639023.382, 63
Trd, 8639024.532, 85
Trd, 8639025.882, 140
Trd, 8639026.732, 140
Trd, 8639027.632, 140
Trd, 8639028.082, 139
Trd, 8639028.982, 138
Trd, 8639029.132, 137
Trd, 8639029.532, 124
Trd, 8639030.282, 140
Trd, 8639030.932, 78
Trd, 8639032.282, 140
Trd, 8639033.032, 140
Trd, 8639033.432, 139
Trd, 8639033.532, 114
Trd, 8639034.982, 139
Trd, 8639036.332, 140
Trd, 8639037.032, 140
Trd, 8639038.032, 140
Trd, 8639038.282, 140
Trd, 8639038.782, 128
Trd, 8639038.832, 118
Trd, 8639039.882, 68
Trd, 8639040.282, 70
Trd, 8639040.482, 62
Trd, 8639041.882, 140
Trd, 8639041.982, 140
Trd, 8639042.732, 140
Trd, 8639043.082, 99
Trd, 8639043.532, 93
Trd, 8639043.882, 127
Trd, 8639045.082, 100
Trd, 8639045.832, 60
Trd, 8639046.682, 63
Trd, 8639048.682, 140
Trd, 8639048.832, 122
Trd, 8639049.732, 140
Trd, 8639049.832, 127
Trd, 8639050.382, 114
Trd, 8639050.682, 113
Trd, 8639050.732, 101
Trd, 8639051.132, 140
Trd, 8639051.582, 60
Trd, 8639052.532, 60
Trd, 8639053.032, 82
Trd, 8639054.182, 140
Trd, 8639055.382, 139
Trd, 8639055.482, 138
Trd, 8639055.532, 97
Trd, 8639056.532, 140
Trd, 8639056.732, 112
Trd, 8639057.232, 138
Trd, 8639058.332, 140
Trd, 8639059.532, 72
Trd, 8639059.682, 62
Trd, 8639059.832, 65
Trd, 8639060.482, 73
Trd, 8639061.182, 77
Trd, 8639061.482, 105
Trd, 8639061.982, 139
Trd, 8639062.132, 62
Trd, 8639063.882, 140
Trd, 8639064.782, 140
Trd, 8639065.082, 140
Trd, 8639065.282, 138
Trd, 8639065.982, 139
Trd, 8639066.332, 100
Trd, 8639067.482, 132
Trd, 8639067.932, 123
Trd, 8639068.832, 100
Trd, 8639069.032, 140
Trd, 8639069.382, 92
Trd, 8639069.532, 85
Trd, 8639070.682, 66
Trd, 8639071.832, 60
Trd, 8639072.832, 62
Trd, 8639072.932, 68
Trd, 8639073.332, 61
Trd, 8639074.182, 91
Trd, 8639074.282, 108
Trd, 8639074.782, 123
Trd, 8639075.082, 140
Trd, 8639075.582, 139
Trd, 8639076.232, 125
Trd, 8639076.382, 124
Trd, 8639077.232, 140
Trd, 8639078.132, 140
Trd, 8639078.682, 140
Trd, 8639080.082, 140
Trd, 8639080.132, 140
Trd, 8639080.782, 137
Trd, 8639082.082, 140
Trd, 8639082.282, 133
Trd, 8639083.932, 139
Trd, 8639084.032, 139
Trd, 8639084.982, 91
Trd, 8639085.182, 86
Trd, 8639086.432, 138
Trd, 8639086.832, 140
Trd, 8639087.382, 140
Trd, 8639087.682, 140
Trd, 8639087.932, 127
Trd, 8639088.132, 78
Trd, 8639090.082, 140
Trd, 8639090.382, 135
Trd, 8639091.082, 61
Trd, 8639091.232, 128
Trd, 8639092.132, 68
Trd, 8639094.232, 64
Trd, 8639094.582, 73
Trd, 8639095.932, 140
Trd, 8639097.082, 65
Trd, 8639097.332, 79
Trd, 8639099.132, 140
Trd, 8639099.382, 140
Trd, 8639100.782, 140
Trd, 8639100.932, 140
Trd, 8639101.182, 140
Trd, 8639101.532, 140
Trd, 8639101.932, 118
Trd, 8639102.382, 107
Trd, 8639103.432, 100
Trd, 8639103.532, 123
Trd, 8639103.932, 86
Trd, 8639104.232, 61
Trd, 8639106.032, 136
Trd, 8639106.132, 122
Trd, 8639106.932, 71
Trd, 8639108.182, 140
Trd, 8639108.732, 139
Trd, 8639109.282, 140
Trd, 8639110.782, 140
Trd, 8639111.632, 140
Trd, 8639112.432, 139
Trd, 8639112.732, 112
Trd, 8639113.732, 140
Trd, 8639113.882, 140
Trd, 8639114.282, 136
Trd, 8639114.882, 140
Trd, 8639114.982, 117
Trd, 8639116.132, 139
Trd, 8639116.382, 82
Trd, 8639116.632, 80
Trd, 8639116.932, 97
Trd, 8639117.432, 70
Trd, 8639117.982, 82
Trd, 8639118.782, 140
Trd, 8639120.032, 72
Trd, 8639120.382, 60
Trd, 8639121.432, 140
Trd, 8639121.632, 139
Trd, 8639123.182, 91
Trd, 8639123.332, 94
Trd, 8639125.182, 140
Trd, 8639125.982, 140
Trd, 8639126.432, 140
Trd, 8639126.832, 137
Trd, 8639127.232, 137
Trd, 8639127.932, 123
Trd, 8639129.032, 114
Trd, 8639129.232, 108
Trd, 8639131.232, 140
Trd, 8639131.732, 119
Trd, 8639132.732, 139
Trd, 8639133.532, 138
Trd, 8639133.632, 122
Trd, 8639133.932, 110
Trd, 8639134.332, 96
Trd, 8639135.532, 119
Trd, 8639137.082, 140
Trd, 8639137.932, 140
Trd, 8639137.982, 123
Trd, 8639138.782, 140
Trd, 8639138.982, 140
Trd, 8639140.282, 117
Trd, 8639140.932, 140
Trd, 8639141.132, 116
Trd, 8639141.832, 138
Trd, 8639143.232, 140
Trd, 8639143.582, 140
Trd, 8639145.132, 140
Trd, 8639145.782, 139
Trd, 8639146.832, 138
Trd, 8639147.032, 137
Trd, 8639147.232, 72
Trd, 8639147.832, 75
Trd, 8639148.682, 61
Trd, 8639149.032, 103
Trd, 8639149.632, 65
Trd, 8639150.132, 140
Trd, 8639151.482, 100
Trd, 8639152.232, 139
Trd, 8639153.182, 140
Trd, 8639153.232, 140
Trd, 8639153.332, 138
Trd, 8639153.632, 140
Trd, 8639155.632, 140
Trd, 8639155.832, 140
Trd, 8639156.082, 134
Trd, 8639157.032, 112
Trd, 8639157.232, 113
Trd, 8639157.932, 140
Trd, 8639158.332, 126
Trd, 8639159.382, 140
Trd, 8639161.132, 140
Trd, 8639161.732, 140
Trd, 8639162.132, 138
Trd, 8639162.282, 128
Trd, 8639163.732, 137
Trd, 8639165.982, 91
Trd, 8639166.232, 105
Trd, 8639166.882, 140
Trd, 8639167.582, 140
Trd, 8639168.532, 140
Trd, 8639169.332, 140
Trd, 8639170.132, 140
Trd, 8639170.832, 140
Trd, 8639171.082, 139
Trd, 8639171.782, 90
Trd, 8639172.282, 101
Trd, 8639172.432, 108
Trd, 8639172.732, 106
Trd, 8639173.032, 112
Trd, 8639173.732, 89
Trd, 8639174.082, 87
Trd, 8639175.632, 139
Trd, 8639175.682, 76
Trd, 8639177.132, 106
Trd, 8639177.382, 88
Trd, 8639177.582, 108
Trd, 8639178.432, 140
Trd, 8639179.932, 140
Trd, 8639181.582, 140
Trd, 8639181.632, 139
Trd, 8639181.982, 122
Trd, 8639182.482, 95
Trd, 8639183.282, 125
Trd, 8639183.732, 124
Trd, 8639183.882, 122
Trd, 8639184.232, 118
Trd, 8639184.332, 101
Trd, 8639186.982, 61
Trd, 8639187.132, 67
Trd, 8639187.282, 72
Trd, 8639187.832, 74
Trd, 8639188.732, 139
Trd, 8639189.182, 137
Trd, 8639190.282, 140
Trd, 8639190.982, 130
Trd, 8639191.132, 127
Trd, 8639191.482, 140
Trd, 8639191.932, 100
Trd, 8639192.782, 129
Trd, 8639193.882, 139
Trd, 8639193.982, 136
Trd, 8639195.182, 96
Trd, 8639195.482, 137
Trd, 8639195.882, 104
Trd, 8639196.482, 97
Trd, 8639196.582, 97
Trd, 8639198.582, 139
Trd, 8639200.082, 140
Trd, 8639200.682, 126
Trd, 8639200.832, 103
Trd, 8639202.682, 140
Trd, 8639202.982, 140
Trd, 8639203.632, 140
Trd, 8639203.832, 137
Trd, 8639204.332, 140
Trd, 8639204.682, 126
Trd, 8639205.482, 70
Trd, 8639205.832, 66
Trd, 8639208.482, 140
Trd, 8639208.932, 140
Trd, 8639209.482, 140
Trd, 8639209.632, 140
Trd, 8639209.882, 117
Trd, 8639210.982, 139
Trd, 8639211.182, 123
Trd, 8639212.332, 140
Trd, 8639213.282, 94
Trd, 8639213.932, 68
Trd, 8639214.182, 114
Trd, 8639214.482, 71
Trd, 8639215.232, 77
Trd, 8639215.832, 114
Trd, 8639216.882, 139
Trd, 8639217.182, 138
Trd, 8639217.882, 140
Trd, 8639218.032, 126
Trd, 8639219.132, 64
Trd, 8639219.582, 94
Trd, 8639220.882, 65
Trd, 8639222.032, 140
Trd, 8639223.382, 134
Trd, 8639223.582, 134
Trd, 8639223.832, 100
Trd, 8639224.832, 134
Trd, 8639225.232, 81
Trd, 8639225.682, 65
Trd, 8639225.982, 100
Trd, 8639226.832, 60
Trd, 8639227.082, 140
Trd, 8639228.682, 114
Trd, 8639229.082, 113
Trd, 8639230.132, 84
Trd, 8639230.932, 140
Trd, 8639231.532, 107
Trd, 8639232.282, 140
Trd, 8639232.832, 88
Trd, 8639233.582, 132
Trd, 8639233.982, 106
Trd, 8639235.482, 139
Trd, 8639235.882, 118
Trd, 8639236.882, 139
Trd, 8639237.182, 138
Trd, 8639238.232, 121
Trd, 8639239.182, 97
Trd, 8639239.382, 90
Trd, 8639239.682, 140
Trd, 8639240.582, 140
Trd, 8639240.632, 139
Trd, 8639241.432, 116
Trd, 8639242.032, 94
Trd, 8639243.382, 73
Trd, 8639243.532, 90
Trd, 8639244.532, 132
Trd, 8639244.632, 131
Trd, 8639245.032, 120
Trd, 8639246.082, 135
Trd, 8639246.532, 139
Trd, 8639248.232, 140
Trd, 8639248.332, 140
Trd, 8639248.732, 135
Trd, 8639249.132, 123
Trd, 8639249.432, 102
Trd, 8639251.732, 138
Trd, 8639252.782, 140
Trd, 8639253.282, 139
Trd, 8639253.532, 136
Trd, 8639253.782, 139
Trd, 8639254.132, 134
Trd, 8639254.582, 95
Trd, 8639254.882, 108
Trd, 8639255.282, 67
Trd, 8639257.032, 139
Trd, 8639258.382, 140
Trd, 8639258.732, 140
Trd, 8639258.832, 130
Trd, 8639259.732, 133
Trd, 8639259.832, 130
Trd, 8639261.132, 121
Trd, 8639261.182, 119
Trd, 8639261.432, 80
Trd, 8639261.682, 108
Trd, 8639263.432, 140
Trd, 8639263.482, 139
Trd, 8639264.782, 140
Trd, 8639265.332, 138
Trd, 8639265.932, 113
Trd, 8639266.382, 102
Trd, 8639266.882, 124
Trd, 8639268.032, 88
Trd, 8639268.982, 133
Trd, 8639269.332, 131
Trd, 8639269.482, 67
Trd, 8639269.582, 130
Trd, 8639271.232, 140
Trd, 8639272.732, 140
Trd, 8639273.482, 140
Trd, 8639273.682, 140
Trd, 8639274.882, 139
Trd, 8639275.382, 101
Trd, 8639275.732, 92
Trd, 8639275.932, 87
Trd, 8639277.432, 140
Trd, 8639277.482, 124
Trd, 8639277.682, 111
Trd, 8639278.682, 139
Trd, 8639278.832, 138
Trd, 8639280.182, 112
Trd, 8639281.332, 103
Trd, 8639281.432, 67
Trd, 8639281.882, 61
Trd, 8639282.632, 140
Trd, 8639282.782, 135
Trd, 8639283.532, 88
Trd, 8639284.832, 139
Trd, 8639285.332, 133
Trd, 8639286.632, 134
Trd, 8639286.682, 133
Trd, 8639286.832, 78
Trd, 8639288.282, 60
Trd, 8639288.882, 140
Trd, 8639289.032, 139
Trd, 8639290.982, 140
Trd, 8639291.632, 140
Trd, 8639291.782, 128
Trd, 8639292.482, 61
Trd, 8639293.832, 84
Trd, 8639294.332, 87
Trd, 8639294.682, 110
Trd, 8639294.732, 109
Trd, 8639294.882, 108
Trd, 8639296.282, 113
Trd, 8639296.732, 108
Trd, 8639297.682, 108
Trd, 8639298.582, 140
Trd, 8639298.632, 104
Trd, 8639298.682, 72
Trd, 8639300.482, 139
Trd, 8639301.282, 76
Trd, 8639301.632, 134
Trd, 8639301.882, 72
Trd, 8639303.682, 60
Trd, 8639304.232, 65
Trd, 8639304.632, 65
Trd, 8639304.732, 71
Trd, 8639305.982, 140
Trd, 8639306.982, 140
Trd, 8639307.632, 140
Trd, 8639308.332, 140
Trd, 8639309.982, 105
Trd, 8639310.232, 120
Trd, 8639310.932, 103
Trd, 8639312.582, 140
Trd, 8639312.982, 123
Trd, 8639313.132, 104
Trd, 8639313.282, 137
Trd, 8639313.632, 84
Trd, 8639314.282, 102
Trd, 8639314.732, 98
Trd, 8639316.332, 92
Trd, 8639316.482, 103
Trd, 8639318.532, 140
Trd, 8639320.082, 140
Trd, 8639320.282, 140
Trd, 8639320.782, 138
Trd, 8639322.982, 140
Trd, 8639324.582, 138
Trd, 8639324.682, 138
Trd, 8639325.032, 137
Trd, 8639325.232, 124
Trd, 8639325.832, 125
Trd, 8639325.982, 79
Trd, 8639327.032, 140
Trd, 8639327.382, 92
Trd, 8639327.632, 139
Trd, 8639328.332, 94
Trd, 8639330.182, 140
Trd, 8639330.532, 140
Trd, 8639330.632, 140
Trd, 8639331.182, 111
Trd, 8639333.382, 140
Trd, 8639334.082, 140
Trd, 8639334.432, 139
Trd, 8639334.632, 125
Trd, 8639334.732, 88
Trd, 8639336.382, 140
Trd, 8639336.532, 140
Trd, 8639337.132, 139
Trd, 8639337.182, 139
Trd, 8639338.032, 105
Trd, 8639339.082, 135
Trd, 8639339.732, 138
Trd, 8639341.782, 139
Trd, 8639341.932, 139
Trd, 8639342.382, 140
Trd, 8639342.482, 122
Trd, 8639343.132, 140
Trd, 8639343.432, 124
Trd, 8639344.032, 137
Trd, 8639345.432, 140
Trd, 8639347.182, 138
Trd, 8639348.082, 139
Trd, 8639348.432, 137
Trd, 8639348.732, 127
Trd, 8639349.232, 123
Trd, 8639349.282, 117
Trd, 8639349.832, 90
Trd, 8639350.232, 72
Trd, 8639351.582, 101
Trd, 8639352.532, 104
Trd, 8639353.132, 78
Trd, 8639353.232, 109
Trd, 8639353.282, 77
Trd, 8639354.682, 62
Trd, 8639354.932, 65
Trd, 8639354.982, 74
Trd, 8639357.032, 64
Trd, 8639357.482, 65
Trd, 8639357.932, 73
Trd, 8639358.182, 79
Trd, 8639358.282, 88
Trd, 8639359.782, 60
Trd, 8639360.332, 88
Trd, 8639360.482, 83
Trd, 8639361.082, 102
Trd, 8639361.682, 68
Trd, 8639362.232, 62
Trd, 8639363.432, 140
Trd, 8639363.932, 140
Trd, 8639364.732, 140
Trd, 8639364.832, 123
Trd, 8639365.482, 81
Trd, 8639366.332, 140
Trd, 8639367.132, 92
Trd, 8639369.132, 140
Trd, 8639369.282, 140
Trd, 8639370.032, 140
Trd, 8639370.082, 127
Trd, 8639371.782, 140
Trd, 8639372.432, 138
Trd, 8639373.332, 140
Trd, 8639374.382, 140
Trd, 8639374.632, 132
Trd, 8639375.132, 110
Trd, 8639375.882, 137
Trd, 8639376.032, 139
Trd, 8639378.732, 139
Trd, 8639378.982, 140
Trd, 8639379.082, 137
Trd, 8639379.832, 106
Trd, 8639381.082, 126
Trd, 8639381.432, 104
Trd, 8639381.532, 129
Trd, 8639382.482, 114
Trd, 8639384.082, 109
Trd, 8639384.132, 117
Trd, 8639384.432, 101
Trd, 8639385.582, 100
Trd, 8639386.332, 140
Trd, 8639386.632, 138
Trd, 8639387.532, 70
Trd, 8639387.632, 71
Trd, 8639389.382, 68
Trd, 8639390.132, 71
Trd, 8639391.832, 92
Trd, 8639393.332, 133
Trd, 8639393.532, 119
Trd, 8639393.932, 117
Trd, 8639393.982, 85
Trd, 8639394.082, 139
Trd, 8639395.482, 140
Trd, 8639395.632, 140
Trd, 8639396.382, 140
Trd, 8639396.482, 140
Trd, 8639398.032, 140
Trd, 8639399.582, 140
Trd, 8639399.632, 139
Trd, 8639400.082, 127
Trd, 8639400.532, 139
Trd, 8639400.682, 122
Trd, 8639400.882, 132
Trd, 8639402.282, 97
Trd, 8639402.782, 123
Trd, 8639404.232, 140
Trd, 8639404.882, 140
Trd, 8639405.382, 140
Trd, 8639405.582, 139
Trd, 8639405.882, 138
Trd, 8639405.982, 128
Trd, 8639406.132, 125
Trd, 8639406.582, 117
Trd, 8639409.482, 140
Trd, 8639409.932, 140
Trd, 8639411.132, 140
Trd, 8639411.732, 140
Trd, 8639412.132, 140
Trd, 8639412.782, 140
Trd, 8639416.382, 140
Trd, 8639416.632, 140
Trd, 8639416.832, 139
Trd, 8639417.582, 98
Trd, 8639418.482, 65
Trd, 8639418.532, 121
Trd, 8639419.032, 140
Trd, 8639421.382, 95
Trd, 8639421.732, 62
Trd, 8639423.132, 133
Trd, 8639424.032, 139
Trd, 8639424.082, 109
Trd, 8639424.282, 94
Trd, 8639425.182, 127
Trd, 8639425.382, 111
Trd, 8639425.682, 139
Trd, 8639427.232, 60
Trd, 8639427.332, 64
Trd, 8639427.832, 115
Trd, 8639427.882, 120
Trd, 8639428.082, 114
Trd, 8639429.332, 84
Trd, 8639430.132, 140
Trd, 8639430.932, 139
Trd, 8639431.632, 132
Trd, 8639432.332, 136
Trd, 8639433.732, 99
Trd, 8639434.082, 99
Trd, 8639434.232, 98
Trd, 8639435.482, 83
Trd, 8639435.732, 89
Trd, 8639435.782, 111
Trd, 8639436.532, 128
Trd, 8639436.632, 82
Trd, 8639437.232, 87
Trd, 8639437.932, 89
Trd, 8639438.132, 92
Trd, 8639439.232, 63
Trd, 8639440.732, 60
Trd, 8639440.782, 74
Trd, 8639440.882, 96
Trd, 8639441.282, 75
Trd, 8639443.232, 108
Trd, 8639443.932, 137
Trd, 8639444.032, 123
Trd, 8639444.582, 80
Trd, 8639444.732, 63
Trd, 8639447.132, 140
Trd, 8639447.282, 140
Trd, 8639447.632, 78
Trd, 8639449.882, 139
Trd, 8639449.982, 138
Trd, 8639450.582, 136
Trd, 8639450.632, 120
Trd, 8639451.682, 104
Trd, 8639452.282, 103
Trd, 8639453.432, 138
Trd, 8639453.932, 137
Trd, 8639454.382, 140
Trd, 8639455.182, 61
Trd, 8639455.982, 81
Trd, 8639456.932, 138
Trd, 8639457.182, 139
Trd, 8639457.282, 92
Trd, 8639457.832, 135
Trd, 8639458.832, 135
Trd, 8639459.832, 86
Trd, 8639459.932, 85
Trd, 8639461.582, 139
Trd, 8639461.832, 111
Trd, 8639463.382, 140
Trd, 8639463.482, 140
Trd, 8639465.482, 140
Trd, 8639465.732, 138
Trd, 8639466.082, 131
Trd, 8639466.332, 139
Trd, 8639466.532, 111
Trd, 8639467.782, 140
Trd, 8639468.882, 140
Trd, 8639468.982, 139
Trd, 8639469.132, 139
Trd, 8639469.332, 95
Trd, 8639470.682, 134
Trd, 8639471.582, 113
Trd, 8639472.082, 112
Trd, 8639472.882, 140
Trd, 8639473.782, 106
Trd, 8639474.582, 114
Trd, 8639474.982, 115
Trd, 8639476.332, 138
Trd, 8639476.782, 135
Trd, 8639477.382, 122
Trd, 8639478.882, 128
Trd, 8639479.132, 132
Trd, 8639479.382, 131
Trd, 8639480.382, 121
Trd, 8639480.782, 116
Trd, 8639480.932, 108
Trd, 8639481.582, 136
Trd, 8639481.782, 139
Trd, 8639482.132, 91
Trd, 8639483.582, 140
Trd, 8639483.932, 140
Trd, 8639485.682, 105
Trd, 8639486.782, 68
Trd, 8639486.982, 70
Trd, 8639487.432, 73
Trd, 8639487.932, 80
Trd, 8639489.332, 62
Trd, 8639489.432, 62
Trd, 8639490.132, 60
Trd, 8639491.232, 60
Trd, 8639492.432, 62
Trd, 8639493.232, 62
Trd, 8639493.882, 60
Trd, 8639494.232, 64
Trd, 8639495.332, 63
Trd, 8639496.082, 68
Trd, 8639496.632, 72
Trd, 8639496.932, 110
Trd, 8639498.032, 74
Trd, 8639499.032, 140
Trd, 8639499.632, 92
Trd, 8639500.482, 75
Trd, 8639500.682, 77
Trd, 8639501.132, 77
Trd, 8639501.382, 101
Trd, 8639502.432, 92
Trd, 8639502.682, 95
Trd, 8639503.082, 113
Trd, 8639504.982, 140
Trd, 8639506.432, 140
Trd, 8639506.532, 139
Trd, 8639507.482, 108
Trd, 8639508.232, 104
Trd, 8639509.082, 119
Trd, 8639509.732, 108
Trd, 8639510.832, 140
Trd, 8639511.032, 140
Trd, 8639512.532, 129
Trd, 8639513.032, 139
Trd, 8639513.232, 118
Trd, 8639513.382, 132
Trd, 8639514.682, 139
Trd, 8639515.332, 128
Trd, 8639515.432, 113
Trd, 8639516.982, 140
Trd, 8639517.582, 140
Trd, 8639517.982, 140
Trd, 8639518.332, 140
Trd, 8639518.532, 123
Trd, 8639519.432, 105
Trd, 8639519.582, 94
Trd, 8639520.682, 119
Trd, 8639522.232, 140
Trd, 8639522.432, 80
Trd, 8639522.982, 65
Trd, 8639524.482, 60
Trd, 8639524.532, 69
Trd, 8639525.932, 82
Trd, 8639526.832, 117
Trd, 8639526.982, 119
Trd, 8639527.332, 63
Trd, 8639528.432, 72
Trd, 8639528.832, 70
Trd, 8639530.432, 81
Trd, 8639531.132, 140
Trd, 8639531.382, 139
Trd, 8639532.532, 139
Trd, 8639532.582, 122
Trd, 8639533.182, 95
Trd, 8639534.582, 86
Trd, 8639535.232, 75
Trd, 8639535.732, 138
Trd, 8639536.482, 140
Trd, 8639537.132, 138
Trd, 8639537.582, 140
Trd, 8639537.982, 132
Trd, 8639538.482, 67
Trd, 8639540.282, 139
Trd, 8639541.032, 138
Trd, 8639541.282, 138
Trd, 8639541.382, 125
Trd, 8639541.882, 117
Trd, 8639542.032, 83
Trd, 8639542.982, 80
Trd, 8639543.982, 69
Trd, 8639546.032, 140
Trd, 8639546.432, 118
Trd, 8639546.582, 108
Trd, 8639546.732, 113
Trd, 8639548.732, 107
Trd, 8639548.882, 77
Trd, 8639549.082, 75
Trd, 8639549.982, 90
Trd, 8639550.932, 89
Trd, 8639551.782, 97
Trd, 8639552.632, 137
Trd, 8639554.532, 60
Trd, 8639554.882, 62
Trd, 8639554.932, 91
Trd, 8639555.382, 95
Trd, 8639556.382, 61
Trd, 8639556.882, 64
Trd, 8639557.532, 61
Trd, 8639558.982, 81
Trd, 8639560.082, 72
Trd, 8639560.382, 73
Trd, 8639560.932, 71
Trd, 8639561.082, 81
Trd, 8639562.132, 120
Trd, 8639562.582, 119
Trd, 8639562.682, 89
Trd, 8639562.782, 76
Trd, 8639563.432, 139
Trd, 8639564.682, 139
Trd, 8639566.082, 140
Trd, 8639566.632, 124
Trd, 8639566.832, 115
Trd, 8639567.082, 75
Trd, 8639567.282, 133
Trd, 8639568.632, 87
Trd, 8639569.482, 140
Trd, 8639569.932, 136
Trd, 8639570.382, 136
Trd, 8639570.432, 104
Trd, 8639571.732, 140
Trd, 8639571.982, 140
Trd, 8639572.732, 140
Trd, 8639572.982, 139
Trd, 8639573.382, 111
Trd, 8639574.332, 93
Trd, 8639575.832, 140
Trd, 8639576.682, 138
Trd, 8639576.832, 138
Trd, 8639577.382, 90
Trd, 8639577.632, 114
Trd, 8639579.732, 139
Trd, 8639579.832, 134
Trd, 8639580.232, 122
Trd, 8639580.382, 112
Trd, 8639582.232, 133
Trd, 8639582.432, 67
Trd, 8639582.632, 116
Trd, 8639583.532, 140
Trd, 8639583.632, 139
Trd, 8639584.282, 140
Trd, 8639585.132, 140
Trd, 8639585.582, 64
Trd, 8639587.432, 137
Trd, 8639588.082, 130
Trd, 8639588.782, 110
Trd, 8639589.882, 138
Trd, 8639589.932, 122
Trd, 8639590.332, 140
Trd, 8639592.082, 96
Trd, 8639592.382, 91
Trd, 8639593.782, 93
Trd, 8639594.382, 136
Trd, 8639595.632, 140
Trd, 8639596.332, 140
Trd, 8639596.682, 138
Trd, 8639597.332, 138
Trd, 8639598.282, 116
Trd, 8639598.332, 80
Trd, 8639598.932, 139
Trd, 8639600.632, 139
Trd, 8639601.082, 130
Trd, 8639602.132, 132
Trd, 8639602.782, 140
Trd, 8639603.132, 114
Trd, 8639604.082, 103
Trd, 8639604.132, 101
Trd, 8639604.182, 90
Trd, 8639605.082, 138
Trd, 8639605.582, 96
Trd, 8639606.482, 139
Trd, 8639606.832, 118
Trd, 8639607.682, 117
Trd, 8639608.082, 127
Trd, 8639608.782, 123
Trd, 8639610.282, 140
Trd, 8639610.582, 140
Trd, 8639610.882, 139
Trd, 8639612.282, 140
Trd, 8639612.482, 140
Trd, 8639612.782, 118
Trd, 8639613.582, 139
Trd, 8639613.632, 124
Trd, 8639615.482, 89
Trd, 8639615.932, 112
Trd, 8639616.032, 114
Trd, 8639616.282, 64
Trd, 8639617.332, 90
Trd, 8639618.532, 108
Trd, 8639619.082, 78
Trd, 8639619.832, 81
Trd, 8639622.482, 139
Trd, 8639622.882, 137
Trd, 8639623.832, 136
Trd, 8639624.132, 128
Trd, 8639625.132, 113
Trd, 8639625.182, 93
Trd, 8639625.582, 125
Trd, 8639625.832, 69
Trd, 8639626.582, 140
Trd, 8639628.382, 140
Trd, 8639628.532, 139
Trd, 8639628.932, 102
Trd, 8639630.232, 123
Trd, 8639630.732, 76
Trd, 8639631.032, 67
Trd, 8639631.182, 82
Trd, 8639632.682, 81
Trd, 8639632.732, 97
Trd, 8639632.982, 118
Trd, 8639633.882, 91
Trd, 8639633.982, 94
Trd, 8639634.382, 87
Trd, 8639635.182, 76
Trd, 8639635.532, 140
Trd, 8639636.682, 60
Trd, 8639637.532, 106
Trd, 8639638.432, 105
Trd, 8639638.482, 108
Trd, 8639639.182, 117
Trd, 8639639.982, 119
Trd, 8639640.032, 117
Trd, 8639640.282, 104
Trd, 8639641.932, 82
Trd, 8639642.582, 62
Trd, 8639642.932, 60
Trd, 8639643.432, 75
Trd, 8639644.382, 115
Trd, 8639644.932, 113
Trd, 8639645.232, 71
Trd, 8639645.582, 82
Trd, 8639646.582, 117
Trd, 8639646.632, 120
Trd, 8639646.682, 73
Trd, 8639647.582, 62
Trd, 8639647.882, 139
Trd, 8639648.532, 140
Trd, 8639649.582, 67
Trd, 8639650.782, 84
Trd, 8639651.432, 61
Trd, 8639651.482, 82
Trd, 8639653.282, 64
Trd, 8639653.482, 61
Trd, 8639654.282, 62
Trd, 8639654.882, 66
Trd, 8639654.932, 104
Trd, 8639655.082, 106
Trd, 8639656.532, 100
Trd, 8639657.732, 104
Trd, 8639657.832, 140
Trd, 8639658.382, 101
Trd, 8639659.832, 140
Trd, 8639660.082, 125
Trd, 8639661.832, 138
Trd, 8639662.332, 124
Trd, 8639662.532, 117
Trd, 8639663.832, 140
Trd, 8639664.032, 140
Trd, 8639664.282, 127
Trd, 8639664.682, 82
Trd, 8639665.882, 66
Trd, 8639666.082, 69
Trd, 8639666.932, 102
Trd, 8639667.082, 83
Trd, 8639667.332, 120
Trd, 8639667.732, 140
Trd, 8639667.832, 118
Trd, 8639669.132, 78
Trd, 8639670.182, 140
Trd, 8639670.532, 139
Trd, 8639671.382, 139
Trd, 8639671.682, 116
Trd, 8639674.132, 128
Trd, 8639674.482, 120
Trd, 8639674.932, 101
Trd, 8639675.882, 139
Trd, 8639677.532, 140
Trd, 8639677.832, 139
Trd, 8639678.282, 93
Trd, 8639678.682, 137
Trd, 8639679.732, 138
Trd, 8639680.732, 138
Trd, 8639682.032, 136
Trd, 8639682.232, 136
Trd, 8639683.882, 139
Trd, 8639684.532, 110
Trd, 8639684.982, 91
Trd, 8639686.732, 101
Trd, 8639686.932, 95
Trd, 8639687.182, 132
Trd, 8639687.282, 91
Trd, 8639687.582, 90
Trd, 8639688.482, 66
Trd, 8639688.732, 60
Trd, 8639689.582, 140
Trd, 8639689.732, 137
Trd, 8639692.132, 116
Trd, 8639692.182, 128
Trd, 8639692.782, 120
Trd, 8639692.832, 132
Trd, 8639693.582, 85
Trd, 8639694.632, 60
Trd, 8639695.432, 62
Trd, 8639695.532, 77
Trd, 8639695.832, 62
Trd, 8639695.882, 62
Trd, 8639698.582, 139
Trd, 8639698.632, 138
Trd, 8639699.982, 112
Trd, 8639700.132, 126
Trd, 8639701.632, 140
Trd, 8639701.732, 140
Trd, 8639702.032, 140
Trd, 8639702.832, 140
Trd, 8639703.282, 125
Trd, 8639703.782, 81
Trd, 8639704.132, 103
Trd, 8639705.432, 115
Trd, 8639706.582, 140
Trd, 8639707.132, 140
Trd, 8639707.882, 114
Trd, 8639708.382, 140
Trd, 8639708.882, 107
Trd, 8639709.732, 66
Trd, 8639711.032, 85
Trd, 8639711.432, 75
Trd, 8639711.682, 89
Trd, 8639712.182, 113
Trd, 8639712.682, 138
Trd, 8639714.832, 64
Trd, 8639715.332, 86
Trd, 8639715.782, 89
Trd, 8639715.882, 79
Trd, 8639716.582, 71
Trd, 8639717.332, 140
Trd, 8639717.732, 71
Trd, 8639719.382, 88
Trd, 8639720.782, 61
Trd, 8639721.382, 69
Trd, 8639721.732, 64
Trd, 8639722.682, 139
Trd, 8639723.032, 104
Trd, 8639723.982, 100
Trd, 8639724.032, 102
Trd, 8639725.432, 133
Trd, 8639726.632, 106
Trd, 8639726.932, 106
Trd, 8639727.332, 115
Trd, 8639727.382, 83
Trd, 8639727.982, 138
Trd, 8639728.432, 139
Trd, 8639729.182, 140
Trd, 8639729.482, 138
Trd, 8639729.782, 97
Trd, 8639730.882, 77
Trd, 8639731.382, 64
Trd, 8639732.382, 61
Trd, 8639733.432, 61
Trd, 8639733.882, 64
Trd, 8639734.432, 60
Trd, 8639734.532, 112
Trd, 8639735.332, 98
Trd, 8639736.182, 70
Trd, 8639736.982, 107
Trd, 8639737.382, 140
Trd, 8639737.432, 67
Trd, 8639739.232, 140
Trd, 8639739.382, 139
Trd, 8639739.882, 125
Trd, 8639740.982, 140
Trd, 8639742.182, 65
Trd, 8639742.532, 117
Trd, 8639742.932, 125
Trd, 8639743.682, 140
Trd, 8639745.232, 140
Trd, 8639745.732, 140
Trd, 8639747.382, 140
Trd, 8639747.532, 140
Trd, 8639747.632, 140
Trd, 8639747.782, 139
Trd, 8639748.732, 138
Trd, 8639748.832, 122
Trd, 8639751.082, 100
Trd, 8639751.932, 80
Trd, 8639752.032, 77
Trd, 8639752.432, 105
Trd, 8639752.732, 106
Trd, 8639753.082, 137
Trd, 8639753.832, 140
Trd, 8639754.282, 140
Trd, 8639754.682, 137
Trd, 8639755.532, 129
Trd, 8639755.582, 128
Trd, 8639757.232, 140
Trd, 8639757.382, 137
Trd, 8639757.532, 111
Trd, 8639760.232, 139
Trd, 8639760.432, 138
Trd, 8639760.832, 108
Trd, 8639761.782, 129
Trd, 8639762.332, 136
Trd, 8639762.882, 60
Trd, 8639763.482, 140
Trd, 8639764.482, 119
Trd, 8639765.732, 123
Trd, 8639766.082, 133
Trd, 8639767.082, 60
Trd, 8639767.382, 123
Trd, 8639767.882, 139
Trd, 8639770.232, 140
Trd, 8639770.932, 140
Trd, 8639770.982, 138
Trd, 8639771.282, 123
Trd, 8639772.032, 105
Trd, 8639772.532, 140
Trd, 8639772.732, 80
Trd, 8639773.782, 80
Trd, 8639774.432, 139
Trd, 8639775.882, 138
Trd, 8639776.482, 137
Trd, 8639776.732, 125
Trd, 8639777.182, 140
Trd, 8639777.382, 89
Trd, 8639778.782, 140
Trd, 8639778.832, 140
Trd, 8639779.532, 125
Trd, 8639780.582, 118
Trd, 8639781.082, 140
Trd, 8639781.382, 119
Trd, 8639782.582, 60
Trd, 8639784.582, 140
Trd, 8639784.882, 113
Trd, 8639785.182, 105
Trd, 8639786.432, 138
Trd, 8639786.482, 140
Trd, 8639786.782, 124
Trd, 8639787.732, 140
Trd, 8639787.932, 133
Trd, 8639788.782, 106
Trd, 8639789.782, 105
Trd, 8639790.232, 130
Trd, 8639791.082, 103
Trd, 8639791.532, 97
Trd, 8639792.182, 117
Trd, 8639792.882, 138
Trd, 8639792.982, 137
Trd, 8639793.132, 140
Trd, 8639794.982, 62
Trd, 8639795.782, 140
Trd, 8639796.182, 130
Trd, 8639797.682, 140
Trd, 8639797.882, 136
Trd, 8639798.582, 109
Trd, 8639799.732, 124
Trd, 8639800.532, 140
Trd, 8639800.932, 113
Trd, 8639802.282, 139
Trd, 8639803.282, 109
Trd, 8639803.632, 139
Trd, 8639803.832, 109
Trd, 8639805.382, 102
Trd, 8639805.482, 83
Trd, 8639805.832, 132
Trd, 8639806.282, 86
Trd, 8639807.032, 101
Trd, 8639807.832, 105
Trd, 8639808.632, 86
Trd, 8639811.282, 128
Trd, 8639811.782, 124
Trd, 8639811.932, 139
Trd, 8639811.982, 122
Trd, 8639812.182, 78
Trd, 8639812.532, 138
Trd, 8639812.632, 123
Trd, 8639814.232, 140
Trd, 8639814.832, 140
Trd, 8639815.782, 113
Trd, 8639815.882, 83
Trd, 8639816.032, 134
Trd, 8639817.382, 91
Trd, 8639817.682, 108
Trd, 8639818.132, 133
Trd, 8639818.282, 112
Trd, 8639819.682, 109
Trd, 8639820.082, 123
Trd, 8639820.682, 121
Trd, 8639820.732, 120
Trd, 8639823.482, 140
Trd, 8639823.532, 140
Trd, 8639823.632, 139
Trd, 8639824.232, 123
Trd, 8639824.382, 129
Trd, 8639824.482, 111
Trd, 8639824.932, 137
Trd, 8639827.932, 140
Trd, 8639828.232, 110
Trd, 8639828.432, 87
Trd, 8639828.782, 105
Trd, 8639829.782, 116
Trd, 8639830.982, 140
Trd, 8639831.532, 94
Trd, 8639831.682, 93
Trd, 8639831.832, 90
Trd, 8639832.882, 105
Trd, 8639833.432, 62
Trd, 8639834.182, 101
Trd, 8639834.782, 114
Trd, 8639836.132, 140
Trd, 8639836.732, 116
Trd, 8639837.932, 138
Trd, 8639838.082, 122
Trd, 8639838.982, 107
Trd, 8639839.582, 106
Trd, 8639840.182, 139
Trd, 8639841.082, 96
Trd, 8639842.132, 88
Trd, 8639842.632, 86
Trd, 8639843.282, 116
Trd, 8639844.232, 129
Trd, 8639844.632, 65
Trd, 8639844.732, 68
Trd, 8639845.332, 88
Trd, 8639846.132, 140
Trd, 8639847.032, 71
Trd, 8639847.782, 139
Trd, 8639849.232, 140
Trd, 8639850.132, 140
Trd, 8639850.482, 139
Trd, 8639850.532, 96
Trd, 8639851.132, 69
Trd, 8639851.832, 122
Trd, 8639852.582, 135
Trd, 8639853.232, 102
Trd, 8639853.982, 63
Trd, 8639854.632, 63
Trd, 8639855.182, 66
Trd, 8639856.232, 140
Trd, 8639857.482, 113
Trd, 8639857.682, 112
Trd, 8639858.482, 122
Trd, 8639858.732, 124
Trd, 8639859.082, 108
Trd, 8639859.232, 107
Trd, 8639859.482, 102
Trd, 8639860.882, 99
Trd, 8639861.332, 120
Trd, 8639862.182, 140
Trd, 8639862.382, 137
Trd, 8639862.882, 67
Trd, 8639864.732, 104
Trd, 8639864.782, 103
Trd, 8639864.932, 137
Trd, 8639865.232, 107
Trd, 8639866.032, 125
Trd, 8639867.082, 140
Trd, 8639867.832, 127
Trd, 8639867.882, 125
Trd, 8639868.732, 127
Trd, 8639868.932, 110
Trd, 8639870.482, 139
Trd, 8639871.332, 116
Trd, 8639872.732, 140
Trd, 8639872.882, 140
Trd, 8639873.182, 138
Trd, 8639873.582, 136
Trd, 8639874.032, 128
Trd, 8639874.182, 62
Trd, 8639874.832, 116
Trd, 8639875.782, 65
Trd, 8639876.332, 96
Trd, 8639877.082, 140
Trd, 8639878.432, 110
Trd, 8639880.932, 116
Trd, 8639881.282, 105
Trd, 8639881.982, 130
Trd, 8639882.282, 140
Trd, 8639882.332, 140
Trd, 8639883.382, 140
Trd, 8639886.532, 140
Trd, 8639887.182, 140
Trd, 8639887.382, 140
Trd, 8639887.982, 140
Trd, 8639888.382, 140
Trd, 8639889.282, 125
Trd, 8639890.332, 85
Trd, 8639891.182, 74
Trd, 8639891.632, 64
Trd, 8639893.132, 125
Trd, 8639893.382, 112
Trd, 8639894.082, 90
Trd, 8639894.832, 86
Trd, 8639895.032, 91
Trd, 8639895.382, 97
Trd, 8639896.982, 65
Trd, 8639898.282, 66
Trd, 8639898.532, 72
Trd, 8639898.682, 60
Trd, 8639900.082, 94
Trd, 8639900.182, 108
Trd, 8639901.082, 89
Trd, 8639901.232, 63
Trd, 8639904.332, 140
Trd, 8639904.632, 140
Trd, 8639905.482, 139
Trd, 8639905.582, 122
Trd, 8639907.932, 139
Trd, 8639909.082, 137
Trd, 8639909.332, 109
Trd, 8639910.182, 139
Trd, 8639911.232, 131
Trd, 8639911.632, 122
Trd, 8639911.682, 121
Trd, 8639914.282, 140
Trd, 8639914.382, 139
Trd, 8639914.682, 109
Trd, 8639915.282, 117
Trd, 8639916.332, 138
Trd, 8639916.582, 137
Trd, 8639916.682, 121
Trd, 8639916.782, 102
Trd, 8639918.432, 129
Trd, 8639918.882, 128
Trd, 8639919.532, 136
Trd, 8639919.882, 140
Trd, 8639920.832, 140
Trd, 8639921.532, 138
Trd, 8639922.032, 128
Trd, 8639922.232, 115
Trd, 8639923.432, 139
Trd, 8639923.932, 140
Trd, 8639924.132, 79
Trd, 8639925.132, 97
Trd, 8639925.632, 60
Trd, 8639927.282, 70
Trd, 8639927.682, 106
Trd, 8639927.982, 103
Trd, 8639928.582, 83
Trd, 8639929.782, 140
Trd, 8639930.132, 140
Trd, 8639930.182, 122
Trd, 8639931.682, 140
Trd, 8639933.232, 123
Trd, 8639933.532, 123
Trd, 8639933.982, 126
Trd, 8639935.682, 140
Trd, 8639935.782, 140
Trd, 8639936.482, 140
Trd, 8639937.482, 140
Trd, 8639937.932, 140
Trd, 8639938.282, 74
Trd, 8639938.632, 139
Trd, 8639939.282, 125
Trd, 8639939.482, 62
Trd, 8639940.232, 101
Trd, 8639940.782, 60
Trd, 8639941.332, 130
Trd, 8639941.982, 138
Trd, 8639944.232, 130
Trd, 8639944.832, 140
Trd, 8639944.932, 140
Trd, 8639945.482, 117
Trd, 8639946.032, 137
Trd, 8639946.582, 132
Trd, 8639946.682, 136
Trd, 8639947.132, 124
Trd, 8639947.382, 112
Trd, 8639948.182, 139
Trd, 8639950.282, 104
Trd, 8639951.082, 60
Trd, 8639951.682, 73
Trd, 8639953.082, 135
Trd, 8639953.282, 134
Trd, 8639953.832, 132
Trd, 8639953.982, 126
Trd, 8639955.882, 73
Trd, 8639956.432, 62
Trd, 8639956.682, 119
Trd, 8639957.232, 96
Trd, 8639957.282, 135
Trd, 8639958.332, 69
Trd, 8639959.832, 63
Trd, 8639960.432, 66
Trd, 8639960.532, 89
Trd, 8639960.932, 66
Trd, 8639961.082, 115
Trd, 8639963.932, 140
Trd, 8639963.982, 140
Trd, 8639964.532, 140
Trd, 8639964.932, 140
Trd, 8639965.532, 103
Trd, 8639965.932, 101
Trd, 8639966.632, 90
Trd, 8639967.232, 84
Trd, 8639967.632, 128
Trd, 8639968.332, 73
Trd, 8639968.582, 97
Trd, 8639969.532, 140
Trd, 8639970.182, 140
Trd, 8639972.132, 140
Trd, 8639972.232, 140
Trd, 8639972.282, 140
Trd, 8639972.782, 140
Trd, 8639975.832, 82
Trd, 8639976.132, 78
Trd, 8639977.132, 71
Trd, 8639977.632, 137
Trd, 8639977.832, 136
Trd, 8639978.182, 120
Trd, 8639978.482, 106
Trd, 8639978.832, 102
Trd, 8639980.082, 139
Trd, 8639980.432, 108
Trd, 8639980.732, 111
Trd, 8639981.682, 140
Trd, 8639983.632, 140
Trd, 8639984.832, 119
Trd, 8639985.432, 132
Trd, 8639985.932, 85
Trd, 8639987.332, 106
Trd, 8639987.382, 122
Trd, 8639987.632, 140
Trd, 8639987.882, 122
Trd, 8639988.632, 120
Trd, 8639990.832, 140
Trd, 8639991.182, 140
Trd, 8639991.432, 140
Trd, 8639991.532, 139
Trd, 8639992.282, 136
Trd, 8639993.182, 134
Trd, 8639994.332, 120
Trd, 8639994.732, 114
Trd, 8639995.532, 140
Trd, 8639995.582, 139
Trd, 8639995.982, 127
Trd, 8639996.282, 140
Trd, 8639996.632, 112
Trd, 8639998.182, 138
