Trd, 8638189.282, 64
Trd, 8638189.832, 60
Trd, 8638190.082, 87
Trd, 8638190.482, 61
Trd, 8638191.382, 60
Trd, 8638191.482, 62
Trd, 8638192.782, 67
Trd, 8638194.132, 77
Trd, 8638194.482, 81
Trd, 8638194.782, 77
Trd, 8638195.082, 127
Trd, 8638195.282, 140
Trd, 8638195.632, 77
Trd, 8638196.082, 95
Trd, 8638197.132, 60
Trd, 8638197.932, 63
Trd, 8638200.082, 64
Trd, 8638200.782, 61
Trd, 8638202.082, 60
Trd, 8638202.432, 60
Trd, 8638202.732, 62
Trd, 8638202.782, 66
Trd, 8638202.832, 66
Trd, 8638203.982, 112
Trd, 8638204.082, 68
Trd, 8638204.332, 61
Trd, 8638204.982, 72
Trd, 8638206.132, 65
Trd, 8638206.732, 64
Trd, 8638207.482, 140
Trd, 8638207.732, 140
Trd, 8638208.632, 140
Trd, 8638208.882, 140
Trd, 8638209.132, 103
Trd, 8638210.632, 126
Trd, 8638210.832, 140
Trd, 8638211.432, 126
Trd, 8638212.282, 140
Trd, 8638213.332, 140
Trd, 8638214.082, 140
Trd, 8638214.332, 139
Trd, 8638214.982, 131
Trd, 8638215.382, 81
Trd, 8638215.882, 140
Trd, 8638216.332, 138
Trd, 8638216.482, 62
Trd, 8638216.732, 62
Trd, 8638218.182, 61
Trd, 8638218.682, 137
Trd, 8638219.882, 135
Trd, 8638220.182, 134
Trd, 8638221.782, 140
Trd, 8638222.032, 140
Trd, 8638222.782, 140
Trd, 8638223.282, 140
Trd, 8638223.832, 140
Trd, 8638224.782, 140
Trd, 8638224.932, 140
Trd, 8638225.432, 139
Trd, 8638226.032, 76
Trd, 8638226.432, 89
Trd, 8638226.632, 90
Trd, 8638227.182, 68
Trd, 8638228.782, 75
Trd, 8638229.382, 104
Trd, 8638230.182, 66
Trd, 8638230.532, 71
Trd, 8638231.232, 85
Trd, 8638232.232, 60
Trd, 8638232.332, 60
Trd, 8638233.732, 61
Trd, 8638233.982, 65
Trd, 8638235.232, 61
Trd, 8638236.882, 60
Trd, 8638237.432, 66
Trd, 8638237.482, 72
Trd, 8638237.932, 66
Trd, 8638238.882, 138
Trd, 8638238.932, 79
Trd, 8638239.032, 76
Trd, 8638240.982, 74
Trd, 8638241.382, 72
Trd, 8638241.732, 80
Trd, 8638242.282, 61
Trd, 8638243.032, 123
Trd, 8638243.882, 140
Trd, 8638244.132, 139
Trd, 8638244.332, 136
Trd, 8638244.632, 103
Trd, 8638244.982, 134
Trd, 8638246.032, 64
Trd, 8638246.482, 61
Trd, 8638246.582, 77
Trd, 8638247.682, 140
Trd, 8638247.932, 139
Trd, 8638248.832, 140
Trd, 8638249.732, 140
Trd, 8638249.782, 140
Trd, 8638250.082, 140
Trd, 8638250.332, 138
Trd, 8638251.182, 140
Trd, 8638251.632, 140
Trd, 8638252.482, 140
Trd, 8638253.032, 139
Trd, 8638253.532, 138
Trd, 8638254.532, 140
Trd, 8638255.032, 138
Trd, 8638255.432, 136
Trd, 8638255.682, 138
Trd, 8638256.732, 140
Trd, 8638257.532, 140
Trd, 8638259.082, 112
Trd, 8638259.332, 117
Trd, 8638259.632, 140
Trd, 8638260.632, 138
Trd, 8638261.282, 140
Trd, 8638262.282, 140
Trd, 8638262.432, 140
Trd, 8638262.632, 140
Trd, 8638262.882, 140
Trd, 8638262.932, 140
Trd, 8638264.232, 130
Trd, 8638264.332, 116
Trd, 8638264.932, 96
Trd, 8638265.582, 97
Trd, 8638265.782, 94
Trd, 8638266.082, 60
Trd, 8638267.932, 140
Trd, 8638268.282, 140
Trd, 8638269.382, 139
Trd, 8638269.582, 140
Trd, 8638270.232, 138
Trd, 8638270.432, 122
Trd, 8638272.482, 140
Trd, 8638272.582, 139
Trd, 8638272.832, 120
Trd, 8638273.132, 134
Trd, 8638273.282, 111
Trd, 8638273.832, 134
Trd, 8638274.232, 89
Trd, 8638276.332, 60
Trd, 8638276.382, 60
Trd, 8638277.432, 62
Trd, 8638278.982, 62
Trd, 8638279.432, 130
Trd, 8638280.482, 140
Trd, 8638281.132, 140
Trd, 8638281.432, 140
Trd, 8638281.632, 139
Trd, 8638282.282, 111
Trd, 8638283.982, 67
Trd, 8638284.382, 132
Trd, 8638284.782, 136
Trd, 8638285.132, 122
Trd, 8638285.582, 64
Trd, 8638286.282, 140
Trd, 8638286.732, 140
Trd, 8638287.082, 139
Trd, 8638288.082, 65
Trd, 8638288.882, 140
Trd, 8638289.732, 140
Trd, 8638289.782, 138
Trd, 8638290.882, 140
Trd, 8638290.932, 137
Trd, 8638291.282, 109
Trd, 8638293.682, 138
Trd, 8638294.482, 140
Trd, 8638294.582, 140
Trd, 8638295.882, 140
Trd, 8638295.982, 140
Trd, 8638296.032, 139
Trd, 8638296.432, 140
Trd, 8638296.932, 140
Trd, 8638297.132, 140
Trd, 8638297.382, 99
Trd, 8638298.032, 140
Trd, 8638299.132, 139
Trd, 8638299.232, 122
Trd, 8638299.782, 91
Trd, 8638301.032, 122
Trd, 8638301.232, 136
Trd, 8638302.082, 131
Trd, 8638303.082, 139
Trd, 8638303.382, 64
Trd, 8638304.582, 62
Trd, 8638304.632, 131
Trd, 8638306.432, 66
Trd, 8638307.082, 63
Trd, 8638307.432, 66
Trd, 8638308.432, 61
Trd, 8638309.682, 61
Trd, 8638309.832, 61
Trd, 8638310.332, 83
Trd, 8638310.782, 60
Trd, 8638310.832, 116
Trd, 8638312.582, 66
Trd, 8638313.282, 63
Trd, 8638314.132, 62
Trd, 8638314.432, 66
Trd, 8638314.682, 63
Trd, 8638314.832, 60
Trd, 8638315.082, 66
Trd, 8638316.432, 60
Trd, 8638317.232, 69
Trd, 8638318.032, 79
Trd, 8638318.132, 66
Trd, 8638318.682, 60
Trd, 8638320.532, 60
Trd, 8638321.232, 60
Trd, 8638322.332, 65
Trd, 8638324.182, 60
Trd, 8638324.482, 63
Trd, 8638324.632, 64
Trd, 8638324.782, 93
Trd, 8638324.882, 63
Trd, 8638325.832, 140
Trd, 8638326.282, 132
Trd, 8638326.632, 137
Trd, 8638327.032, 140
Trd, 8638327.682, 139
Trd, 8638327.882, 109
Trd, 8638328.882, 94
Trd, 8638329.432, 140
Trd, 8638329.582, 120
Trd, 8638331.532, 140
Trd, 8638332.182, 140
Trd, 8638332.732, 140
Trd, 8638333.132, 140
Trd, 8638333.332, 138
Trd, 8638334.182, 140
Trd, 8638334.382, 139
Trd, 8638335.282, 140
Trd, 8638335.382, 140
Trd, 8638336.232, 140
Trd, 8638336.582, 138
Trd, 8638338.332, 60
Trd, 8638338.832, 62
Trd, 8638338.982, 62
Trd, 8638340.182, 60
Trd, 8638340.732, 95
Trd, 8638341.982, 61
Trd, 8638342.382, 65
Trd, 8638342.682, 67
Trd, 8638342.832, 63
Trd, 8638343.182, 64
Trd, 8638344.632, 120
Trd, 8638344.782, 73
Trd, 8638346.232, 61
Trd, 8638347.182, 61
Trd, 8638347.582, 60
Trd, 8638347.682, 68
Trd, 8638348.032, 89
Trd, 8638349.932, 62
Trd, 8638350.232, 64
Trd, 8638351.882, 60
Trd, 8638352.882, 60
Trd, 8638353.032, 77
Trd, 8638353.832, 61
Trd, 8638354.932, 60
Trd, 8638356.032, 64
Trd, 8638356.282, 119
Trd, 8638357.282, 122
Trd, 8638357.332, 121
Trd, 8638357.432, 120
Trd, 8638357.682, 119
Trd, 8638358.932, 60
Trd, 8638360.282, 62
Trd, 8638360.782, 121
Trd, 8638361.482, 61
Trd, 8638362.782, 61
Trd, 8638362.982, 139
Trd, 8638363.732, 61
Trd, 8638364.782, 65
Trd, 8638365.782, 64
Trd, 8638366.132, 75
Trd, 8638366.432, 63
Trd, 8638367.332, 62
Trd, 8638368.532, 60
Trd, 8638368.582, 60
Trd, 8638369.482, 140
Trd, 8638369.932, 140
Trd, 8638370.982, 140
Trd, 8638371.382, 118
Trd, 8638372.282, 138
Trd, 8638372.482, 132
Trd, 8638373.132, 74
Trd, 8638373.832, 66
Trd, 8638374.232, 61
Trd, 8638374.832, 84
Trd, 8638375.782, 61
Trd, 8638377.382, 60
Trd, 8638378.132, 60
Trd, 8638378.232, 68
Trd, 8638379.082, 62
Trd, 8638380.082, 61
Trd, 8638380.932, 64
Trd, 8638381.332, 61
Trd, 8638381.882, 61
Trd, 8638381.982, 73
Trd, 8638382.682, 65
Trd, 8638383.932, 67
Trd, 8638384.982, 138
Trd, 8638385.182, 140
Trd, 8638385.582, 140
Trd, 8638386.382, 63
Trd, 8638386.532, 64
Trd, 8638386.682, 132
Trd, 8638387.782, 139
Trd, 8638387.882, 138
Trd, 8638388.232, 60
Trd, 8638388.732, 61
Trd, 8638391.132, 62
Trd, 8638391.332, 82
Trd, 8638391.632, 139
Trd, 8638392.332, 78
Trd, 8638392.532, 106
Trd, 8638393.182, 88
Trd, 8638393.432, 63
Trd, 8638394.682, 111
Trd, 8638395.282, 126
Trd, 8638395.882, 117
Trd, 8638396.532, 140
Trd, 8638397.032, 130
Trd, 8638398.232, 139
Trd, 8638398.282, 138
Trd, 8638399.082, 140
Trd, 8638399.682, 108
Trd, 8638400.332, 140
Trd, 8638400.382, 107
Trd, 8638401.782, 81
Trd, 8638402.382, 140
Trd, 8638403.732, 61
Trd, 8638405.532, 64
Trd, 8638406.482, 63
Trd, 8638406.632, 63
Trd, 8638407.832, 66
Trd, 8638409.082, 113
Trd, 8638409.132, 100
Trd, 8638409.832, 140
Trd, 8638409.882, 140
Trd, 8638409.932, 140
Trd, 8638410.782, 140
Trd, 8638411.332, 140
Trd, 8638411.832, 140
Trd, 8638411.932, 138
Trd, 8638412.082, 132
Trd, 8638413.182, 140
Trd, 8638413.282, 140
Trd, 8638413.382, 139
Trd, 8638413.882, 137
Trd, 8638415.332, 60
Trd, 8638416.232, 70
Trd, 8638417.182, 72
Trd, 8638417.332, 133
Trd, 8638418.382, 60
Trd, 8638419.232, 74
Trd, 8638419.332, 93
Trd, 8638420.282, 62
Trd, 8638420.982, 61
Trd, 8638421.382, 65
Trd, 8638421.832, 109
Trd, 8638422.382, 62
Trd, 8638423.282, 101
Trd, 8638423.832, 60
Trd, 8638425.082, 60
Trd, 8638425.182, 62
Trd, 8638426.132, 94
Trd, 8638426.382, 140
Trd, 8638426.832, 140
Trd, 8638427.032, 140
Trd, 8638428.082, 119
Trd, 8638429.532, 60
Trd, 8638429.932, 140
Trd, 8638431.032, 140
Trd, 8638431.932, 139
Trd, 8638432.432, 140
Trd, 8638432.632, 123
Trd, 8638433.682, 140
Trd, 8638433.782, 140
Trd, 8638433.932, 104
Trd, 8638434.232, 139
Trd, 8638434.782, 82
Trd, 8638437.082, 137
Trd, 8638437.732, 139
Trd, 8638437.932, 140
Trd, 8638438.232, 139
Trd, 8638438.682, 128
Trd, 8638438.882, 126
Trd, 8638439.832, 130
Trd, 8638440.482, 128
Trd, 8638440.682, 65
Trd, 8638441.932, 71
Trd, 8638442.482, 98
Trd, 8638442.682, 69
Trd, 8638444.332, 63
Trd, 8638444.682, 60
Trd, 8638445.432, 64
Trd, 8638445.982, 70
Trd, 8638447.232, 60
Trd, 8638448.432, 64
Trd, 8638449.482, 104
Trd, 8638449.532, 109
Trd, 8638449.632, 102
Trd, 8638450.682, 115
Trd, 8638452.032, 60
Trd, 8638452.782, 61
Trd, 8638452.882, 64
Trd, 8638453.682, 60
Trd, 8638454.532, 68
Trd, 8638455.132, 60
Trd, 8638456.132, 61
Trd, 8638456.182, 75
Trd, 8638456.882, 64
Trd, 8638457.332, 63
Trd, 8638457.682, 103
Trd, 8638458.232, 76
Trd, 8638459.332, 71
Trd, 8638459.732, 70
Trd, 8638459.932, 68
Trd, 8638460.432, 65
Trd, 8638461.482, 61
Trd, 8638463.282, 64
Trd, 8638463.582, 63
Trd, 8638464.132, 132
Trd, 8638465.382, 65
Trd, 8638466.582, 88
Trd, 8638466.732, 63
Trd, 8638467.332, 66
Trd, 8638467.832, 137
Trd, 8638468.882, 140
Trd, 8638469.132, 140
Trd, 8638469.832, 140
Trd, 8638470.382, 140
Trd, 8638470.932, 140
Trd, 8638471.382, 140
Trd, 8638471.532, 140
Trd, 8638471.932, 139
Trd, 8638471.982, 111
Trd, 8638473.732, 140
Trd, 8638474.382, 140
Trd, 8638475.832, 140
Trd, 8638476.032, 140
Trd, 8638476.932, 140
Trd, 8638477.682, 140
Trd, 8638477.932, 140
Trd, 8638478.332, 140
Trd, 8638478.382, 125
Trd, 8638478.732, 89
Trd, 8638479.682, 140
Trd, 8638479.782, 140
Trd, 8638480.682, 139
Trd, 8638482.132, 140
Trd, 8638482.332, 140
Trd, 8638482.532, 139
Trd, 8638483.082, 139
Trd, 8638484.282, 140
Trd, 8638484.532, 132
Trd, 8638485.082, 71
Trd, 8638485.382, 140
Trd, 8638486.682, 99
Trd, 8638487.882, 109
Trd, 8638489.582, 60
Trd, 8638489.932, 60
Trd, 8638490.832, 129
Trd, 8638490.932, 88
Trd, 8638491.482, 140
Trd, 8638491.882, 60
Trd, 8638492.832, 72
Trd, 8638493.082, 63
Trd, 8638493.282, 140
Trd, 8638494.282, 67
Trd, 8638494.732, 73
Trd, 8638495.332, 134
Trd, 8638496.782, 64
Trd, 8638498.332, 61
Trd, 8638498.582, 76
Trd, 8638499.032, 62
Trd, 8638499.482, 100
Trd, 8638500.082, 116
Trd, 8638500.382, 67
Trd, 8638501.482, 74
Trd, 8638502.132, 72
Trd, 8638502.232, 74
Trd, 8638503.232, 63
Trd, 8638504.282, 140
Trd, 8638505.432, 140
Trd, 8638506.132, 140
Trd, 8638506.532, 140
Trd, 8638506.582, 140
Trd, 8638507.182, 140
Trd, 8638507.282, 139
Trd, 8638507.632, 120
Trd, 8638508.432, 71
Trd, 8638508.882, 136
Trd, 8638509.232, 133
Trd, 8638510.132, 140
Trd, 8638510.482, 139
Trd, 8638510.682, 131
Trd, 8638512.232, 140
Trd, 8638514.132, 140
Trd, 8638514.382, 140
Trd, 8638515.382, 140
Trd, 8638515.632, 139
Trd, 8638516.632, 140
Trd, 8638516.932, 139
Trd, 8638516.982, 134
Trd, 8638518.082, 128
Trd, 8638518.182, 107
Trd, 8638518.482, 78
Trd, 8638519.632, 140
Trd, 8638520.382, 140
Trd, 8638520.832, 140
Trd, 8638521.432, 140
Trd, 8638521.582, 140
Trd, 8638523.382, 140
Trd, 8638524.132, 140
Trd, 8638524.232, 140
Trd, 8638524.782, 140
Trd, 8638525.282, 140
Trd, 8638525.732, 140
Trd, 8638526.232, 140
Trd, 8638526.282, 135
Trd, 8638527.182, 114
Trd, 8638527.282, 96
Trd, 8638528.232, 95
Trd, 8638528.532, 68
Trd, 8638529.282, 60
Trd, 8638530.532, 66
Trd, 8638530.782, 68
Trd, 8638531.332, 60
Trd, 8638531.482, 61
Trd, 8638532.182, 139
Trd, 8638534.732, 140
Trd, 8638534.782, 140
Trd, 8638534.932, 140
Trd, 8638535.182, 140
Trd, 8638536.282, 140
Trd, 8638536.332, 139
Trd, 8638536.582, 117
Trd, 8638536.632, 116
Trd, 8638537.632, 98
Trd, 8638538.032, 140
Trd, 8638538.632, 119
Trd, 8638539.082, 81
Trd, 8638539.832, 140
Trd, 8638540.382, 140
Trd, 8638541.332, 140
Trd, 8638541.632, 114
Trd, 8638542.582, 140
Trd, 8638542.682, 140
Trd, 8638543.832, 140
Trd, 8638543.932, 138
Trd, 8638545.432, 138
Trd, 8638545.582, 99
Trd, 8638545.982, 99
Trd, 8638546.082, 140
Trd, 8638546.932, 98
Trd, 8638547.182, 72
Trd, 8638547.732, 115
Trd, 8638547.782, 71
Trd, 8638548.082, 70
Trd, 8638549.682, 67
Trd, 8638549.882, 90
Trd, 8638550.832, 104
Trd, 8638550.932, 140
Trd, 8638552.482, 140
Trd, 8638553.032, 140
Trd, 8638553.882, 64
Trd, 8638554.332, 62
Trd, 8638555.582, 139
Trd, 8638556.082, 140
Trd, 8638556.232, 140
Trd, 8638557.232, 140
Trd, 8638558.482, 140
Trd, 8638558.682, 121
Trd, 8638559.482, 138
Trd, 8638559.932, 135
Trd, 8638559.982, 108
Trd, 8638560.582, 139
Trd, 8638562.232, 64
Trd, 8638562.632, 61
Trd, 8638563.482, 61
Trd, 8638563.932, 60
Trd, 8638565.732, 138
Trd, 8638565.782, 130
Trd, 8638566.482, 66
Trd, 8638568.682, 60
Trd, 8638569.832, 60
Trd, 8638571.432, 61
Trd, 8638571.932, 60
Trd, 8638572.182, 63
Trd, 8638572.782, 63
Trd, 8638574.032, 61
Trd, 8638575.482, 60
Trd, 8638575.582, 60
Trd, 8638575.682, 75
Trd, 8638577.232, 140
Trd, 8638577.282, 114
Trd, 8638577.482, 104
Trd, 8638577.932, 138
Trd, 8638578.682, 82
Trd, 8638579.332, 60
Trd, 8638579.732, 61
Trd, 8638580.632, 61
Trd, 8638581.982, 65
Trd, 8638582.432, 111
Trd, 8638582.732, 60
Trd, 8638583.582, 63
Trd, 8638583.832, 64
Trd, 8638584.382, 110
Trd, 8638584.832, 109
Trd, 8638585.782, 137
Trd, 8638586.182, 140
Trd, 8638587.332, 61
Trd, 8638587.882, 66
Trd, 8638588.882, 63
Trd, 8638590.282, 60
Trd, 8638590.482, 77
Trd, 8638591.082, 60
Trd, 8638592.482, 60
Trd, 8638592.882, 61
Trd, 8638593.732, 79
Trd, 8638593.832, 87
Trd, 8638594.432, 60
Trd, 8638595.882, 63
Trd, 8638596.332, 76
Trd, 8638596.782, 60
Trd, 8638596.832, 76
Trd, 8638597.332, 93
Trd, 8638597.882, 140
Trd, 8638597.982, 123
Trd, 8638598.432, 65
Trd, 8638599.082, 138
Trd, 8638599.982, 60
Trd, 8638600.932, 140
Trd, 8638601.132, 139
Trd, 8638602.182, 79
Trd, 8638603.082, 60
Trd, 8638604.282, 60
Trd, 8638605.082, 62
Trd, 8638605.682, 63
Trd, 8638605.832, 64
Trd, 8638606.082, 64
Trd, 8638606.782, 140
Trd, 8638606.982, 135
Trd, 8638607.732, 140
Trd, 8638608.132, 72
Trd, 8638608.982, 134
Trd, 8638609.382, 140
Trd, 8638609.532, 132
Trd, 8638610.382, 81
Trd, 8638610.482, 106
Trd, 8638612.032, 135
Trd, 8638612.532, 140
Trd, 8638613.332, 137
Trd, 8638613.882, 112
Trd, 8638615.032, 138
Trd, 8638615.332, 103
Trd, 8638616.082, 140
Trd, 8638616.282, 140
Trd, 8638617.382, 140
Trd, 8638617.832, 140
Trd, 8638618.082, 140
Trd, 8638620.382, 140
Trd, 8638620.632, 140
Trd, 8638620.882, 139
Trd, 8638621.532, 140
Trd, 8638621.682, 140
Trd, 8638621.932, 126
Trd, 8638623.082, 139
Trd, 8638624.082, 126
Trd, 8638624.832, 129
Trd, 8638625.282, 107
Trd, 8638626.332, 138
Trd, 8638626.532, 137
Trd, 8638627.182, 136
Trd, 8638627.582, 110
Trd, 8638628.482, 140
Trd, 8638628.582, 140
Trd, 8638629.782, 140
Trd, 8638630.832, 140
Trd, 8638631.532, 140
Trd, 8638632.032, 140
Trd, 8638632.082, 140
Trd, 8638632.132, 140
Trd, 8638633.282, 139
Trd, 8638633.382, 139
Trd, 8638633.482, 137
Trd, 8638635.632, 140
Trd, 8638636.082, 139
Trd, 8638636.232, 140
Trd, 8638637.132, 140
Trd, 8638637.432, 138
Trd, 8638638.082, 139
Trd, 8638638.582, 140
Trd, 8638639.882, 138
Trd, 8638640.132, 138
Trd, 8638640.332, 137
Trd, 8638640.432, 96
Trd, 8638641.182, 60
Trd, 8638642.482, 61
Trd, 8638642.732, 68
Trd, 8638642.882, 133
Trd, 8638643.982, 120
Trd, 8638644.382, 114
Trd, 8638644.932, 72
Trd, 8638646.382, 62
Trd, 8638646.932, 61
Trd, 8638647.332, 60
Trd, 8638647.382, 61
Trd, 8638648.632, 139
Trd, 8638648.782, 137
Trd, 8638649.932, 136
Trd, 8638649.982, 114
Trd, 8638650.332, 140
Trd, 8638650.532, 95
Trd, 8638651.632, 138
Trd, 8638654.482, 61
Trd, 8638654.732, 69
Trd, 8638655.382, 61
Trd, 8638655.432, 116
Trd, 8638656.382, 61
Trd, 8638657.282, 140
Trd, 8638657.982, 140
Trd, 8638658.332, 140
Trd, 8638659.032, 140
Trd, 8638659.132, 140
Trd, 8638659.732, 140
Trd, 8638660.182, 139
Trd, 8638660.632, 109
Trd, 8638661.282, 62
Trd, 8638662.682, 138
Trd, 8638664.282, 140
Trd, 8638665.032, 140
Trd, 8638666.232, 140
Trd, 8638666.332, 140
Trd, 8638666.382, 140
Trd, 8638666.732, 140
Trd, 8638667.582, 140
Trd, 8638667.632, 139
Trd, 8638667.882, 86
Trd, 8638669.482, 140
Trd, 8638669.532, 140
Trd, 8638670.032, 140
Trd, 8638670.282, 139
Trd, 8638671.132, 113
Trd, 8638672.932, 132
Trd, 8638673.332, 133
Trd, 8638673.432, 131
Trd, 8638674.382, 62
Trd, 8638675.382, 60
Trd, 8638676.632, 64
Trd, 8638677.082, 61
Trd, 8638677.532, 60
Trd, 8638678.632, 62
Trd, 8638678.682, 65
Trd, 8638678.932, 132
Trd, 8638679.232, 140
Trd, 8638681.232, 68
Trd, 8638681.382, 92
Trd, 8638683.082, 64
Trd, 8638683.332, 60
Trd, 8638683.432, 65
Trd, 8638683.682, 109
Trd, 8638684.982, 97
Trd, 8638685.582, 95
Trd, 8638686.282, 63
Trd, 8638686.382, 73
Trd, 8638687.232, 69
Trd, 8638687.982, 140
Trd, 8638688.732, 62
Trd, 8638689.382, 83
Trd, 8638690.882, 140
Trd, 8638691.232, 140
Trd, 8638691.882, 121
Trd, 8638692.332, 140
Trd, 8638692.632, 122
Trd, 8638692.832, 120
Trd, 8638693.482, 140
Trd, 8638693.532, 135
Trd, 8638694.132, 99
Trd, 8638694.282, 92
Trd, 8638694.582, 62
Trd, 8638695.332, 62
Trd, 8638696.332, 61
Trd, 8638697.482, 60
Trd, 8638700.182, 60
Trd, 8638700.532, 60
Trd, 8638700.882, 62
Trd, 8638701.082, 64
Trd, 8638701.982, 60
Trd, 8638702.432, 67
Trd, 8638703.332, 74
Trd, 8638703.382, 64
Trd, 8638704.032, 129
Trd, 8638704.232, 128
Trd, 8638704.282, 133
Trd, 8638705.232, 109
Trd, 8638705.432, 62
Trd, 8638705.682, 61
Trd, 8638706.032, 140
Trd, 8638706.682, 118
Trd, 8638708.232, 61
Trd, 8638708.632, 61
Trd, 8638711.082, 61
Trd, 8638711.382, 64
Trd, 8638712.632, 66
Trd, 8638712.882, 63
Trd, 8638713.182, 66
Trd, 8638713.832, 74
Trd, 8638713.932, 64
Trd, 8638714.932, 136
Trd, 8638715.832, 61
Trd, 8638716.132, 66
Trd, 8638716.432, 75
Trd, 8638716.882, 139
Trd, 8638718.482, 61
Trd, 8638719.032, 60
Trd, 8638719.082, 62
Trd, 8638719.232, 69
Trd, 8638721.182, 62
Trd, 8638721.282, 85
Trd, 8638721.782, 66
Trd, 8638722.632, 63
Trd, 8638724.132, 68
Trd, 8638726.582, 65
Trd, 8638727.432, 62
Trd, 8638727.882, 62
Trd, 8638728.532, 61
Trd, 8638728.982, 61
Trd, 8638729.432, 65
Trd, 8638730.682, 62
Trd, 8638731.432, 63
Trd, 8638731.982, 139
Trd, 8638732.232, 140
Trd, 8638732.332, 139
Trd, 8638732.432, 96
Trd, 8638732.882, 140
Trd, 8638734.582, 132
Trd, 8638734.982, 140
Trd, 8638735.182, 60
Trd, 8638736.532, 60
Trd, 8638737.132, 60
Trd, 8638738.382, 65
Trd, 8638738.732, 65
Trd, 8638738.832, 75
Trd, 8638740.132, 68
Trd, 8638740.982, 62
Trd, 8638741.032, 68
Trd, 8638741.532, 139
Trd, 8638742.882, 139
Trd, 8638743.632, 65
Trd, 8638744.182, 131
Trd, 8638744.382, 130
Trd, 8638744.582, 127
Trd, 8638745.082, 65
Trd, 8638746.382, 140
Trd, 8638747.182, 140
Trd, 8638747.332, 140
Trd, 8638749.232, 140
Trd, 8638749.332, 140
Trd, 8638750.932, 140
Trd, 8638751.232, 140
Trd, 8638751.582, 140
Trd, 8638751.782, 133
Trd, 8638752.032, 64
Trd, 8638752.982, 136
Trd, 8638753.832, 140
Trd, 8638754.032, 140
Trd, 8638754.332, 140
Trd, 8638754.432, 140
Trd, 8638754.982, 138
Trd, 8638756.932, 139
Trd, 8638756.982, 138
Trd, 8638757.232, 137
Trd, 8638757.432, 136
Trd, 8638758.582, 94
Trd, 8638759.332, 140
Trd, 8638759.982, 116
Trd, 8638760.882, 140
Trd, 8638761.032, 134
Trd, 8638761.532, 140
Trd, 8638761.882, 139
Trd, 8638762.382, 140
Trd, 8638763.482, 138
Trd, 8638763.632, 86
Trd, 8638764.932, 66
Trd, 8638765.532, 63
Trd, 8638766.932, 67
Trd, 8638768.332, 63
Trd, 8638768.532, 80
Trd, 8638768.682, 92
Trd, 8638769.282, 140
Trd, 8638769.782, 140
Trd, 8638769.832, 140
Trd, 8638770.082, 139
Trd, 8638772.032, 62
Trd, 8638772.132, 63
Trd, 8638772.682, 64
Trd, 8638772.932, 71
Trd, 8638773.832, 64
Trd, 8638774.482, 88
Trd, 8638775.482, 140
Trd, 8638775.532, 140
Trd, 8638776.482, 140
Trd, 8638776.932, 140
Trd, 8638779.332, 140
Trd, 8638779.632, 140
Trd, 8638779.832, 140
Trd, 8638780.482, 140
Trd, 8638782.082, 140
Trd, 8638783.032, 130
Trd, 8638783.282, 128
Trd, 8638783.332, 122
Trd, 8638783.832, 136
Trd, 8638784.432, 138
Trd, 8638784.582, 139
Trd, 8638784.832, 92
Trd, 8638784.982, 90
Trd, 8638786.732, 140
Trd, 8638788.332, 140
Trd, 8638788.432, 140
Trd, 8638789.082, 137
Trd, 8638789.132, 132
Trd, 8638789.632, 130
Trd, 8638789.982, 140
Trd, 8638790.032, 114
Trd, 8638790.632, 133
Trd, 8638792.132, 140
Trd, 8638792.432, 140
Trd, 8638793.432, 139
Trd, 8638793.682, 93
Trd, 8638794.682, 140
Trd, 8638794.982, 140
Trd, 8638795.032, 128
Trd, 8638795.982, 65
Trd, 8638796.232, 60
Trd, 8638796.532, 67
Trd, 8638796.932, 62
Trd, 8638798.182, 61
Trd, 8638799.582, 61
Trd, 8638800.082, 120
Trd, 8638800.382, 63
Trd, 8638800.532, 99
Trd, 8638802.232, 60
Trd, 8638802.482, 61
Trd, 8638802.782, 64
Trd, 8638803.532, 61
Trd, 8638804.082, 60
Trd, 8638804.532, 138
Trd, 8638804.882, 139
Trd, 8638805.532, 61
Trd, 8638806.132, 61
Trd, 8638806.832, 111
Trd, 8638807.882, 65
Trd, 8638807.982, 67
Trd, 8638809.032, 92
Trd, 8638809.432, 127
Trd, 8638810.082, 120
Trd, 8638810.382, 119
Trd, 8638810.882, 140
Trd, 8638811.482, 140
Trd, 8638812.532, 140
Trd, 8638814.132, 140
Trd, 8638814.532, 140
Trd, 8638814.932, 140
Trd, 8638816.182, 140
Trd, 8638816.232, 140
Trd, 8638816.832, 140
Trd, 8638817.482, 140
Trd, 8638817.532, 129
Trd, 8638819.482, 140
Trd, 8638820.032, 67
Trd, 8638820.932, 62
Trd, 8638822.432, 60
Trd, 8638822.582, 61
Trd, 8638823.282, 63
Trd, 8638824.782, 61
Trd, 8638825.182, 63
Trd, 8638825.582, 61
Trd, 8638826.482, 66
Trd, 8638827.282, 98
Trd, 8638827.782, 60
Trd, 8638828.032, 68
Trd, 8638828.282, 86
Trd, 8638828.982, 140
Trd, 8638831.582, 62
Trd, 8638832.032, 60
Trd, 8638832.682, 61
Trd, 8638832.882, 65
Trd, 8638833.382, 72
Trd, 8638834.282, 63
Trd, 8638834.882, 67
Trd, 8638836.032, 60
Trd, 8638836.132, 60
Trd, 8638836.382, 61
Trd, 8638837.282, 140
Trd, 8638837.582, 140
Trd, 8638838.232, 128
Trd, 8638838.532, 128
Trd, 8638839.282, 126
Trd, 8638840.082, 60
Trd, 8638841.132, 64
Trd, 8638841.432, 66
Trd, 8638842.782, 140
Trd, 8638843.032, 140
Trd, 8638843.182, 140
Trd, 8638844.132, 61
Trd, 8638844.382, 64
Trd, 8638844.682, 61
Trd, 8638846.532, 62
Trd, 8638846.682, 60
Trd, 8638846.982, 76
Trd, 8638849.332, 60
Trd, 8638849.832, 60
Trd, 8638849.932, 62
Trd, 8638850.082, 66
Trd, 8638851.182, 61
Trd, 8638852.882, 61
Trd, 8638852.982, 62
Trd, 8638853.232, 66
Trd, 8638854.732, 60
Trd, 8638854.982, 61
Trd, 8638855.982, 61
Trd, 8638857.132, 60
Trd, 8638858.632, 61
Trd, 8638858.732, 64
Trd, 8638859.082, 64
Trd, 8638860.032, 64
Trd, 8638861.432, 67
Trd, 8638862.882, 62
Trd, 8638862.982, 64
Trd, 8638863.682, 60
Trd, 8638863.782, 60
Trd, 8638864.932, 61
Trd, 8638865.532, 96
Trd, 8638865.882, 66
Trd, 8638866.232, 103
Trd, 8638866.332, 106
Trd, 8638866.382, 63
Trd, 8638867.082, 140
Trd, 8638867.332, 108
Trd, 8638867.932, 104
Trd, 8638868.782, 60
Trd, 8638869.532, 63
Trd, 8638871.132, 60
Trd, 8638871.432, 60
Trd, 8638872.982, 85
Trd, 8638874.082, 63
Trd, 8638874.432, 138
Trd, 8638875.282, 126
Trd, 8638875.682, 98
Trd, 8638877.032, 60
Trd, 8638877.782, 66
Trd, 8638878.882, 76
Trd, 8638879.182, 109
Trd, 8638879.382, 117
Trd, 8638879.882, 65
Trd, 8638879.932, 63
Trd, 8638880.882, 64
Trd, 8638881.032, 61
Trd, 8638881.282, 133
Trd, 8638881.682, 140
Trd, 8638882.282, 140
Trd, 8638884.332, 140
Trd, 8638885.182, 140
Trd, 8638885.632, 140
Trd, 8638886.032, 140
Trd, 8638886.232, 140
Trd, 8638886.282, 140
Trd, 8638886.932, 131
Trd, 8638886.982, 116
Trd, 8638887.582, 138
Trd, 8638887.732, 137
Trd, 8638888.632, 62
Trd, 8638890.332, 60
Trd, 8638890.932, 60
Trd, 8638891.982, 61
Trd, 8638892.032, 62
Trd, 8638892.482, 60
Trd, 8638893.832, 60
Trd, 8638894.182, 62
Trd, 8638894.632, 65
Trd, 8638896.332, 65
Trd, 8638896.482, 139
Trd, 8638897.782, 66
Trd, 8638898.032, 73
Trd, 8638898.532, 63
Trd, 8638898.882, 105
Trd, 8638899.432, 80
Trd, 8638900.632, 65
Trd, 8638900.832, 70
Trd, 8638901.082, 62
Trd, 8638902.382, 124
Trd, 8638903.232, 62
Trd, 8638903.582, 71
Trd, 8638904.482, 78
Trd, 8638905.332, 140
Trd, 8638905.882, 140
Trd, 8638906.132, 138
Trd, 8638907.182, 60
Trd, 8638908.032, 60
Trd, 8638908.282, 137
Trd, 8638909.032, 60
Trd, 8638910.532, 61
Trd, 8638911.082, 60
Trd, 8638911.732, 139
Trd, 8638912.032, 138
Trd, 8638912.882, 140
Trd, 8638912.982, 139
Trd, 8638913.082, 106
Trd, 8638913.382, 106
Trd, 8638914.682, 140
Trd, 8638915.632, 140
Trd, 8638915.932, 140
Trd, 8638916.632, 137
Trd, 8638918.032, 140
Trd, 8638918.782, 140
Trd, 8638919.032, 140
Trd, 8638919.082, 140
Trd, 8638919.682, 140
Trd, 8638919.832, 139
Trd, 8638920.582, 67
Trd, 8638922.282, 62
Trd, 8638922.382, 66
Trd, 8638924.182, 140
Trd, 8638924.282, 140
Trd, 8638924.532, 140
Trd, 8638924.632, 140
Trd, 8638924.732, 140
Trd, 8638925.632, 107
Trd, 8638925.732, 62
Trd, 8638926.132, 63
Trd, 8638927.332, 140
Trd, 8638928.282, 109
Trd, 8638928.982, 136
Trd, 8638929.132, 118
Trd, 8638929.982, 140
Trd, 8638930.632, 140
Trd, 8638930.832, 140
Trd, 8638931.082, 140
Trd, 8638931.282, 137
Trd, 8638931.582, 131
Trd, 8638932.682, 60
Trd, 8638934.082, 140
Trd, 8638934.432, 137
Trd, 8638934.932, 140
Trd, 8638935.532, 62
Trd, 8638935.932, 137
Trd, 8638936.782, 61
Trd, 8638937.782, 65
Trd, 8638938.182, 140
Trd, 8638938.482, 114
Trd, 8638938.832, 64
Trd, 8638939.632, 140
Trd, 8638939.882, 137
Trd, 8638940.532, 137
Trd, 8638940.582, 136
Trd, 8638941.082, 70
Trd, 8638941.632, 62
Trd, 8638942.582, 63
Trd, 8638943.532, 90
Trd, 8638945.432, 60
Trd, 8638945.782, 62
Trd, 8638946.482, 83
Trd, 8638946.532, 82
Trd, 8638947.382, 106
Trd, 8638947.882, 140
Trd, 8638949.732, 137
Trd, 8638949.832, 95
Trd, 8638950.432, 138
Trd, 8638950.682, 137
Trd, 8638951.332, 140
Trd, 8638951.682, 60
Trd, 8638953.232, 60
Trd, 8638954.932, 60
Trd, 8638955.032, 68
Trd, 8638955.132, 108
Trd, 8638956.182, 62
Trd, 8638956.482, 62
Trd, 8638956.782, 107
Trd, 8638957.132, 70
Trd, 8638958.132, 65
Trd, 8638959.232, 140
Trd, 8638959.432, 140
Trd, 8638959.482, 137
Trd, 8638959.882, 118
Trd, 8638960.382, 80
Trd, 8638961.632, 140
Trd, 8638961.882, 140
Trd, 8638962.732, 140
Trd, 8638963.532, 140
Trd, 8638964.032, 140
Trd, 8638965.332, 140
Trd, 8638965.932, 140
Trd, 8638966.232, 140
Trd, 8638967.032, 140
Trd, 8638968.182, 140
Trd, 8638968.582, 140
Trd, 8638968.732, 140
Trd, 8638969.982, 140
Trd, 8638970.182, 140
Trd, 8638970.732, 139
Trd, 8638971.032, 140
Trd, 8638971.832, 134
Trd, 8638972.032, 70
Trd, 8638972.232, 104
Trd, 8638972.632, 60
Trd, 8638973.132, 61
Trd, 8638973.782, 63
Trd, 8638974.332, 128
Trd, 8638975.332, 62
Trd, 8638975.982, 67
Trd, 8638977.182, 63
Trd, 8638977.332, 90
Trd, 8638978.082, 65
Trd, 8638979.632, 63
Trd, 8638979.932, 64
Trd, 8638980.532, 140
Trd, 8638981.582, 133
Trd, 8638982.082, 136
Trd, 8638982.682, 136
Trd, 8638983.082, 139
Trd, 8638983.882, 62
Trd, 8638985.232, 63
Trd, 8638985.432, 67
Trd, 8638986.132, 87
Trd, 8638986.182, 65
Trd, 8638986.432, 124
Trd, 8638987.482, 61
Trd, 8638988.132, 63
Trd, 8638988.282, 107
Trd, 8638989.082, 60
Trd, 8638990.582, 62
Trd, 8638990.932, 65
Trd, 8638991.432, 60
Trd, 8638991.582, 60
Trd, 8638991.982, 96
Trd, 8638992.832, 74
Trd, 8638992.882, 73
Trd, 8638993.532, 62
Trd, 8638993.932, 62
Trd, 8638995.132, 139
Trd, 8638996.032, 134
Trd, 8638996.232, 133
Trd, 8638996.532, 64
Trd, 8638997.882, 64
Trd, 8638998.582, 62
Trd, 8638999.432, 65
Trd, 8639001.232, 62
Trd, 8639001.482, 102
Trd, 8639001.982, 98
Trd, 8639002.782, 61
Trd, 8639003.082, 130
Trd, 8639004.582, 81
Trd, 8639005.532, 132
Trd, 8639005.882, 72
Trd, 8639006.482, 139
Trd, 8639006.782, 68
Trd, 8639006.882, 67
Trd, 8639008.782, 140
Trd, 8639009.332, 140
Trd, 8639010.232, 140
Trd, 8639010.482, 140
Trd, 8639010.682, 138
Trd, 8639010.732, 135
Trd, 8639011.032, 139
Trd, 8639011.132, 95
Trd, 8639012.082, 61
Trd, 8639012.782, 140
Trd, 8639013.282, 140
Trd, 8639014.032, 140
Trd, 8639014.632, 140
Trd, 8639014.832, 124
Trd, 8639015.832, 140
Trd, 8639016.932, 140
Trd, 8639018.182, 139
Trd, 8639018.232, 102
Trd, 8639019.632, 61
Trd, 8639019.682, 82
Trd, 8639021.132, 62
Trd, 8639021.332, 65
Trd, 8639022.082, 66
Trd, 8639022.682, 138
Trd, 8639023.332, 124
Trd, 8639024.632, 140
Trd, 8639024.732, 140
Trd, 8639025.332, 139
Trd, 8639026.182, 140
Trd, 8639026.832, 140
Trd, 8639027.182, 139
Trd, 8639028.382, 140
Trd, 8639028.482, 137
Trd, 8639028.582, 114
Trd, 8639028.782, 104
Trd, 8639029.882, 140
Trd, 8639030.132, 132
Trd, 8639031.482, 139
Trd, 8639033.932, 60
Trd, 8639034.432, 60
Trd, 8639034.482, 61
Trd, 8639034.632, 127
Trd, 8639034.882, 66
Trd, 8639035.532, 101
Trd, 8639036.932, 84
Trd, 8639037.482, 87
Trd, 8639037.582, 85
Trd, 8639038.832, 139
Trd, 8639038.982, 78
Trd, 8639040.032, 60
Trd, 8639040.382, 64
Trd, 8639040.882, 63
Trd, 8639041.782, 122
Trd, 8639041.982, 104
Trd, 8639044.132, 140
Trd, 8639044.282, 140
Trd, 8639044.832, 134
Trd, 8639044.882, 133
Trd, 8639045.682, 61
Trd, 8639046.482, 111
Trd, 8639047.432, 61
Trd, 8639047.532, 68
Trd, 8639048.632, 60
Trd, 8639049.832, 139
Trd, 8639049.982, 138
Trd, 8639050.532, 101
Trd, 8639050.882, 84
Trd, 8639051.032, 83
Trd, 8639052.032, 64
Trd, 8639052.432, 132
Trd, 8639053.082, 140
Trd, 8639054.132, 140
Trd, 8639054.732, 140
Trd, 8639054.882, 115
Trd, 8639055.782, 67
Trd, 8639056.882, 140
Trd, 8639057.482, 140
Trd, 8639057.532, 120
Trd, 8639058.532, 139
Trd, 8639058.632, 139
Trd, 8639058.782, 139
Trd, 8639060.682, 87
Trd, 8639060.732, 68
Trd, 8639060.882, 67
Trd, 8639061.782, 63
Trd, 8639061.982, 60
Trd, 8639062.682, 62
Trd, 8639062.832, 70
Trd, 8639062.982, 137
Trd, 8639063.882, 62
Trd, 8639064.732, 63
Trd, 8639065.632, 64
Trd, 8639066.182, 111
Trd, 8639066.982, 105
Trd, 8639067.482, 68
Trd, 8639067.682, 137
Trd, 8639068.632, 111
Trd, 8639069.032, 114
Trd, 8639070.382, 140
Trd, 8639071.032, 140
Trd, 8639071.082, 139
Trd, 8639071.932, 140
Trd, 8639072.782, 140
Trd, 8639072.982, 140
Trd, 8639073.132, 136
Trd, 8639073.282, 128
Trd, 8639073.732, 120
Trd, 8639075.382, 140
Trd, 8639076.182, 135
Trd, 8639076.582, 134
Trd, 8639076.732, 133
Trd, 8639077.082, 139
Trd, 8639077.482, 133
Trd, 8639078.582, 140
Trd, 8639078.682, 134
Trd, 8639079.682, 140
Trd, 8639081.082, 140
Trd, 8639082.232, 140
Trd, 8639082.382, 140
Trd, 8639082.532, 128
Trd, 8639082.732, 112
Trd, 8639083.982, 140
Trd, 8639084.082, 138
Trd, 8639084.182, 140
Trd, 8639085.632, 61
Trd, 8639086.682, 60
Trd, 8639087.132, 61
Trd, 8639087.182, 63
Trd, 8639087.932, 81
Trd, 8639089.782, 63
Trd, 8639090.832, 62
Trd, 8639092.182, 111
Trd, 8639092.282, 61
Trd, 8639092.582, 134
Trd, 8639092.932, 140
Trd, 8639093.732, 140
Trd, 8639094.182, 132
Trd, 8639094.482, 139
Trd, 8639094.682, 140
Trd, 8639096.332, 140
Trd, 8639096.532, 139
Trd, 8639096.782, 139
Trd, 8639096.832, 127
Trd, 8639097.432, 140
Trd, 8639098.282, 140
Trd, 8639098.382, 138
Trd, 8639099.382, 140
Trd, 8639100.232, 114
Trd, 8639100.282, 113
Trd, 8639100.932, 137
Trd, 8639102.382, 140
Trd, 8639102.682, 140
Trd, 8639103.482, 140
Trd, 8639103.832, 140
Trd, 8639104.732, 136
Trd, 8639104.832, 96
Trd, 8639105.832, 63
Trd, 8639106.082, 64
Trd, 8639108.282, 60
Trd, 8639108.332, 66
Trd, 8639109.532, 60
Trd, 8639109.832, 140
Trd, 8639110.832, 140
Trd, 8639111.082, 137
Trd, 8639112.082, 140
Trd, 8639112.482, 140
Trd, 8639113.382, 140
Trd, 8639113.782, 139
Trd, 8639114.132, 121
Trd, 8639114.982, 139
Trd, 8639115.032, 136
Trd, 8639115.532, 120
Trd, 8639116.582, 91
Trd, 8639117.232, 62
Trd, 8639117.532, 139
Trd, 8639117.732, 68
Trd, 8639118.332, 133
Trd, 8639118.932, 140
Trd, 8639119.782, 61
Trd, 8639120.132, 62
Trd, 8639121.332, 60
Trd, 8639122.382, 65
Trd, 8639122.732, 61
Trd, 8639123.032, 62
Trd, 8639123.532, 64
Trd, 8639124.632, 64
Trd, 8639125.082, 66
Trd, 8639125.582, 139
Trd, 8639125.832, 109
Trd, 8639126.232, 109
Trd, 8639128.532, 137
Trd, 8639128.932, 136
Trd, 8639129.132, 139
Trd, 8639130.032, 127
Trd, 8639131.182, 98
Trd, 8639131.982, 140
Trd, 8639132.382, 139
Trd, 8639132.782, 140
Trd, 8639133.632, 93
Trd, 8639133.932, 79
Trd, 8639134.482, 121
Trd, 8639135.082, 127
Trd, 8639135.382, 140
Trd, 8639136.132, 140
Trd, 8639137.582, 140
Trd, 8639137.732, 140
Trd, 8639137.832, 121
Trd, 8639138.532, 64
Trd, 8639139.132, 66
Trd, 8639139.382, 139
Trd, 8639140.532, 69
Trd, 8639141.982, 137
Trd, 8639143.582, 138
Trd, 8639143.682, 139
Trd, 8639143.782, 138
Trd, 8639143.832, 138
Trd, 8639144.282, 82
Trd, 8639145.882, 140
Trd, 8639146.332, 140
Trd, 8639146.632, 139
Trd, 8639147.332, 140
Trd, 8639147.482, 131
Trd, 8639148.182, 67
Trd, 8639148.482, 119
Trd, 8639149.382, 61
Trd, 8639150.382, 64
Trd, 8639151.032, 66
Trd, 8639151.882, 62
Trd, 8639151.982, 67
Trd, 8639153.982, 140
Trd, 8639154.182, 140
Trd, 8639154.332, 140
Trd, 8639156.232, 140
Trd, 8639156.282, 140
Trd, 8639156.532, 138
Trd, 8639157.632, 138
Trd, 8639157.882, 127
Trd, 8639159.182, 140
Trd, 8639159.632, 140
Trd, 8639159.932, 140
Trd, 8639160.032, 104
Trd, 8639161.882, 63
Trd, 8639162.082, 65
Trd, 8639162.882, 60
Trd, 8639163.632, 128
Trd, 8639165.032, 123
Trd, 8639165.182, 133
Trd, 8639165.332, 60
Trd, 8639166.182, 101
Trd, 8639166.482, 140
Trd, 8639166.682, 140
Trd, 8639167.182, 139
Trd, 8639168.532, 140
Trd, 8639168.882, 140
Trd, 8639169.032, 138
Trd, 8639170.432, 140
Trd, 8639170.982, 140
Trd, 8639171.082, 140
Trd, 8639171.332, 140
Trd, 8639171.582, 135
Trd, 8639172.232, 137
Trd, 8639174.232, 140
Trd, 8639174.832, 140
Trd, 8639174.882, 139
Trd, 8639175.032, 135
Trd, 8639176.082, 140
Trd, 8639176.432, 140
Trd, 8639177.282, 140
Trd, 8639177.382, 137
Trd, 8639177.582, 128
Trd, 8639177.782, 97
Trd, 8639178.532, 98
Trd, 8639179.332, 136
Trd, 8639179.582, 135
Trd, 8639180.682, 140
Trd, 8639182.082, 140
Trd, 8639182.432, 140
Trd, 8639182.682, 140
Trd, 8639183.032, 140
Trd, 8639183.182, 140
Trd, 8639183.582, 137
Trd, 8639184.682, 87
Trd, 8639185.282, 85
Trd, 8639185.582, 84
Trd, 8639185.732, 64
Trd, 8639186.532, 118
Trd, 8639187.832, 61
Trd, 8639188.382, 70
Trd, 8639189.382, 63
Trd, 8639190.032, 60
Trd, 8639190.082, 62
Trd, 8639190.132, 80
Trd, 8639191.032, 63
Trd, 8639191.682, 136
Trd, 8639192.182, 82
Trd, 8639192.432, 80
Trd, 8639193.782, 140
Trd, 8639195.732, 63
Trd, 8639195.982, 66
Trd, 8639196.382, 75
Trd, 8639197.232, 60
Trd, 8639197.832, 62
Trd, 8639198.082, 62
Trd, 8639198.932, 61
Trd, 8639199.182, 98
Trd, 8639200.382, 123
Trd, 8639200.682, 113
Trd, 8639200.832, 112
Trd, 8639201.132, 64
Trd, 8639202.782, 62
Trd, 8639203.032, 63
Trd, 8639203.432, 90
Trd, 8639203.782, 100
Trd, 8639204.232, 61
Trd, 8639206.032, 140
Trd, 8639206.232, 140
Trd, 8639206.782, 140
Trd, 8639207.532, 129
Trd, 8639208.232, 76
Trd, 8639211.882, 62
Trd, 8639212.032, 62
Trd, 8639212.532, 66
Trd, 8639213.582, 61
Trd, 8639213.732, 60
Trd, 8639214.782, 65
Trd, 8639214.882, 67
Trd, 8639215.432, 69
Trd, 8639215.532, 79
Trd, 8639216.582, 87
Trd, 8639217.682, 128
Trd, 8639217.782, 127
Trd, 8639218.382, 140
Trd, 8639218.732, 137
Trd, 8639219.082, 126
Trd, 8639219.832, 140
Trd, 8639221.182, 70
Trd, 8639222.332, 140
Trd, 8639222.832, 129
Trd, 8639223.982, 140
Trd, 8639224.032, 140
Trd, 8639224.632, 140
Trd, 8639224.882, 140
Trd, 8639225.132, 132
Trd, 8639225.782, 117
Trd, 8639226.732, 140
Trd, 8639227.632, 138
Trd, 8639227.782, 124
Trd, 8639228.632, 72
Trd, 8639229.032, 126
Trd, 8639230.632, 140
Trd, 8639230.982, 140
Trd, 8639231.432, 140
Trd, 8639232.482, 140
Trd, 8639233.032, 140
Trd, 8639233.482, 138
Trd, 8639233.682, 135
Trd, 8639233.782, 107
Trd, 8639234.282, 140
Trd, 8639234.682, 140
Trd, 8639235.732, 140
Trd, 8639236.132, 140
Trd, 8639236.432, 140
Trd, 8639237.682, 60
Trd, 8639238.082, 140
Trd, 8639238.732, 64
Trd, 8639238.832, 68
Trd, 8639239.182, 60
Trd, 8639240.932, 140
Trd, 8639241.082, 140
Trd, 8639241.332, 140
Trd, 8639242.582, 140
Trd, 8639243.132, 140
Trd, 8639243.332, 138
Trd, 8639243.732, 122
Trd, 8639245.682, 140
Trd, 8639246.032, 107
Trd, 8639247.982, 140
Trd, 8639248.032, 140
Trd, 8639248.082, 140
Trd, 8639249.832, 140
Trd, 8639249.932, 140
Trd, 8639250.282, 140
Trd, 8639250.382, 135
Trd, 8639250.832, 140
Trd, 8639251.532, 132
Trd, 8639251.732, 140
Trd, 8639252.032, 139
Trd, 8639253.532, 140
Trd, 8639254.032, 140
Trd, 8639254.232, 140
Trd, 8639255.982, 137
Trd, 8639256.032, 99
Trd, 8639257.332, 140
Trd, 8639257.432, 140
Trd, 8639257.682, 139
Trd, 8639258.482, 139
Trd, 8639258.782, 138
Trd, 8639259.282, 140
Trd, 8639260.332, 137
Trd, 8639261.482, 140
Trd, 8639261.832, 139
Trd, 8639262.132, 138
Trd, 8639262.732, 140
Trd, 8639262.982, 139
Trd, 8639264.432, 122
Trd, 8639264.582, 119
Trd, 8639264.782, 86
Trd, 8639265.832, 128
Trd, 8639266.232, 137
Trd, 8639266.332, 119
Trd, 8639267.532, 140
Trd, 8639267.832, 140
Trd, 8639268.282, 138
Trd, 8639268.932, 139
Trd, 8639269.532, 140
Trd, 8639269.832, 137
Trd, 8639271.632, 140
Trd, 8639271.932, 100
Trd, 8639272.082, 113
Trd, 8639272.432, 65
Trd, 8639273.082, 69
Trd, 8639273.282, 71
Trd, 8639273.932, 118
Trd, 8639274.382, 63
Trd, 8639275.382, 140
Trd, 8639276.032, 140
Trd, 8639276.182, 140
Trd, 8639276.932, 140
Trd, 8639277.782, 99
Trd, 8639279.032, 140
Trd, 8639279.182, 140
Trd, 8639279.282, 140
Trd, 8639280.282, 140
Trd, 8639280.432, 140
Trd, 8639281.382, 78
Trd, 8639281.482, 73
Trd, 8639282.432, 140
Trd, 8639282.982, 139
Trd, 8639283.132, 105
Trd, 8639284.132, 63
Trd, 8639285.432, 140
Trd, 8639286.082, 140
Trd, 8639286.982, 97
Trd, 8639287.032, 120
Trd, 8639287.182, 75
Trd, 8639288.232, 140
Trd, 8639288.532, 140
Trd, 8639288.732, 140
Trd, 8639289.582, 139
Trd, 8639290.432, 137
Trd, 8639291.432, 140
Trd, 8639291.632, 140
Trd, 8639292.182, 140
Trd, 8639292.932, 139
Trd, 8639293.332, 106
Trd, 8639294.082, 131
Trd, 8639294.482, 140
Trd, 8639295.132, 140
Trd, 8639295.782, 140
Trd, 8639296.232, 140
Trd, 8639296.732, 140
Trd, 8639297.182, 139
Trd, 8639297.282, 123
Trd, 8639298.232, 140
Trd, 8639298.582, 98
Trd, 8639298.682, 97
Trd, 8639299.232, 119
Trd, 8639300.082, 113
Trd, 8639300.182, 96
Trd, 8639300.382, 94
Trd, 8639301.082, 126
Trd, 8639302.132, 63
Trd, 8639303.132, 114
Trd, 8639303.982, 140
Trd, 8639304.232, 140
Trd, 8639304.332, 139
Trd, 8639305.082, 120
Trd, 8639305.332, 140
Trd, 8639305.932, 121
Trd, 8639305.982, 120
Trd, 8639307.832, 140
Trd, 8639308.082, 140
Trd, 8639308.532, 140
Trd, 8639309.682, 140
Trd, 8639310.832, 140
Trd, 8639311.932, 140
Trd, 8639311.982, 140
Trd, 8639312.232, 125
Trd, 8639312.282, 99
Trd, 8639312.482, 140
Trd, 8639314.282, 65
Trd, 8639315.032, 133
Trd, 8639315.782, 140
Trd, 8639315.882, 138
Trd, 8639316.932, 122
Trd, 8639317.482, 137
Trd, 8639318.282, 64
Trd, 8639318.832, 61
Trd, 8639319.082, 66
Trd, 8639319.482, 81
Trd, 8639320.582, 133
Trd, 8639321.732, 139
Trd, 8639321.982, 137
Trd, 8639322.582, 116
Trd, 8639323.032, 61
Trd, 8639323.282, 137
Trd, 8639323.482, 65
Trd, 8639325.482, 61
Trd, 8639325.832, 61
Trd, 8639325.882, 62
Trd, 8639327.382, 139
Trd, 8639327.482, 137
Trd, 8639329.782, 140
Trd, 8639330.132, 140
Trd, 8639330.632, 140
Trd, 8639330.932, 140
Trd, 8639331.482, 140
Trd, 8639332.132, 140
Trd, 8639332.982, 140
Trd, 8639333.082, 119
Trd, 8639333.332, 66
Trd, 8639333.782, 140
Trd, 8639334.332, 63
Trd, 8639334.832, 139
Trd, 8639335.982, 62
Trd, 8639337.032, 132
Trd, 8639338.082, 140
Trd, 8639338.132, 140
Trd, 8639338.182, 139
Trd, 8639339.032, 136
Trd, 8639340.032, 129
Trd, 8639340.532, 140
Trd, 8639340.632, 139
Trd, 8639341.182, 138
Trd, 8639341.282, 104
Trd, 8639341.882, 107
Trd, 8639343.232, 61
Trd, 8639344.182, 60
Trd, 8639345.532, 140
Trd, 8639345.582, 140
Trd, 8639346.282, 120
Trd, 8639347.182, 140
Trd, 8639347.482, 67
Trd, 8639348.282, 66
Trd, 8639348.482, 94
Trd, 8639349.682, 140
Trd, 8639350.182, 139
Trd, 8639350.482, 138
Trd, 8639350.832, 140
Trd, 8639351.282, 106
Trd, 8639351.382, 115
Trd, 8639354.432, 61
Trd, 8639354.582, 63
Trd, 8639354.882, 62
Trd, 8639354.932, 66
Trd, 8639355.482, 60
Trd, 8639356.882, 117
Trd, 8639357.632, 137
Trd, 8639357.782, 83
Trd, 8639358.432, 139
Trd, 8639359.082, 131
Trd, 8639359.382, 140
Trd, 8639360.232, 140
Trd, 8639360.282, 138
Trd, 8639361.382, 139
Trd, 8639361.682, 117
Trd, 8639362.132, 140
Trd, 8639363.382, 60
Trd, 8639364.432, 66
Trd, 8639365.182, 66
Trd, 8639365.732, 80
Trd, 8639366.182, 140
Trd, 8639366.432, 129
Trd, 8639367.182, 61
Trd, 8639368.432, 61
Trd, 8639369.032, 64
Trd, 8639369.532, 60
Trd, 8639371.532, 60
Trd, 8639372.282, 60
Trd, 8639372.332, 71
Trd, 8639372.982, 139
Trd, 8639373.232, 103
Trd, 8639373.832, 66
Trd, 8639374.432, 130
Trd, 8639375.032, 61
Trd, 8639375.532, 67
Trd, 8639375.982, 140
Trd, 8639377.782, 61
Trd, 8639378.482, 63
Trd, 8639379.582, 60
Trd, 8639380.882, 60
Trd, 8639381.632, 129
Trd, 8639381.932, 133
Trd, 8639382.482, 70
Trd, 8639384.182, 62
Trd, 8639384.332, 94
Trd, 8639384.732, 62
Trd, 8639384.782, 60
Trd, 8639385.732, 140
Trd, 8639386.932, 140
Trd, 8639387.182, 81
Trd, 8639387.532, 140
Trd, 8639387.582, 137
Trd, 8639389.682, 140
Trd, 8639390.082, 140
Trd, 8639390.482, 140
Trd, 8639391.532, 140
Trd, 8639391.782, 139
Trd, 8639391.882, 140
Trd, 8639391.932, 97
Trd, 8639392.232, 80
Trd, 8639393.882, 140
Trd, 8639394.082, 130
Trd, 8639394.132, 113
Trd, 8639396.282, 63
Trd, 8639396.382, 123
Trd, 8639396.682, 138
Trd, 8639397.732, 60
Trd, 8639398.532, 60
Trd, 8639398.882, 66
Trd, 8639399.282, 70
Trd, 8639400.432, 99
Trd, 8639401.982, 71
Trd, 8639402.832, 61
Trd, 8639403.282, 61
Trd, 8639403.932, 63
Trd, 8639404.582, 65
Trd, 8639405.732, 140
Trd, 8639405.932, 140
Trd, 8639406.182, 140
Trd, 8639406.632, 140
Trd, 8639406.982, 140
Trd, 8639407.482, 135
Trd, 8639407.682, 116
Trd, 8639409.532, 140
Trd, 8639409.582, 140
Trd, 8639410.032, 140
Trd, 8639410.482, 133
Trd, 8639411.182, 140
Trd, 8639411.682, 87
Trd, 8639412.082, 134
Trd, 8639412.632, 139
Trd, 8639414.582, 140
Trd, 8639414.732, 138
Trd, 8639415.332, 131
Trd, 8639415.382, 98
Trd, 8639416.782, 78
Trd, 8639417.632, 61
Trd, 8639419.732, 60
Trd, 8639419.982, 60
Trd, 8639420.732, 61
Trd, 8639420.832, 62
Trd, 8639421.982, 60
Trd, 8639422.032, 62
Trd, 8639422.832, 92
Trd, 8639423.832, 139
Trd, 8639424.082, 93
Trd, 8639424.282, 93
Trd, 8639425.832, 137
Trd, 8639426.082, 139
Trd, 8639427.082, 139
Trd, 8639427.132, 138
Trd, 8639427.382, 140
Trd, 8639428.082, 138
Trd, 8639429.932, 140
Trd, 8639430.082, 140
Trd, 8639430.532, 112
Trd, 8639430.832, 105
Trd, 8639431.582, 65
Trd, 8639431.982, 140
Trd, 8639432.832, 139
Trd, 8639434.182, 121
Trd, 8639434.232, 119
Trd, 8639434.582, 128
Trd, 8639435.582, 140
Trd, 8639436.482, 140
Trd, 8639436.632, 140
Trd, 8639437.032, 138
Trd, 8639438.182, 140
Trd, 8639438.432, 114
Trd, 8639439.732, 140
Trd, 8639440.032, 139
Trd, 8639441.682, 140
Trd, 8639442.082, 140
Trd, 8639442.282, 140
Trd, 8639442.932, 127
Trd, 8639443.082, 125
Trd, 8639443.432, 133
Trd, 8639443.732, 106
Trd, 8639444.232, 86
Trd, 8639446.132, 140
Trd, 8639446.332, 140
Trd, 8639446.482, 140
Trd, 8639447.932, 140
Trd, 8639448.182, 140
Trd, 8639448.532, 139
Trd, 8639449.832, 140
Trd, 8639450.832, 140
Trd, 8639450.982, 140
Trd, 8639451.432, 139
Trd, 8639452.332, 138
Trd, 8639452.982, 140
Trd, 8639453.532, 138
Trd, 8639454.832, 140
Trd, 8639455.332, 140
Trd, 8639455.532, 140
Trd, 8639456.432, 139
Trd, 8639456.532, 133
Trd, 8639456.832, 140
Trd, 8639457.032, 140
Trd, 8639457.782, 113
Trd, 8639458.932, 139
Trd, 8639459.482, 135
Trd, 8639459.582, 119
Trd, 8639460.082, 104
Trd, 8639460.832, 140
Trd, 8639462.032, 140
Trd, 8639462.232, 140
Trd, 8639462.732, 140
Trd, 8639463.982, 140
Trd, 8639464.082, 140
Trd, 8639464.682, 139
Trd, 8639465.282, 105
Trd, 8639465.682, 97
Trd, 8639466.332, 69
Trd, 8639466.832, 140
Trd, 8639467.382, 64
Trd, 8639469.582, 140
Trd, 8639469.882, 140
Trd, 8639470.232, 140
Trd, 8639470.382, 139
Trd, 8639470.832, 137
Trd, 8639471.132, 129
Trd, 8639471.832, 140
Trd, 8639472.632, 131
Trd, 8639473.432, 61
Trd, 8639474.332, 140
Trd, 8639474.832, 140
Trd, 8639475.182, 140
Trd, 8639475.982, 140
Trd, 8639476.782, 140
Trd, 8639477.082, 140
Trd, 8639477.182, 129
Trd, 8639478.282, 139
Trd, 8639478.532, 118
Trd, 8639479.382, 60
Trd, 8639480.232, 140
Trd, 8639481.182, 140
Trd, 8639482.982, 138
Trd, 8639483.382, 140
Trd, 8639483.982, 140
Trd, 8639484.482, 140
Trd, 8639485.082, 140
Trd, 8639485.582, 140
Trd, 8639486.032, 140
Trd, 8639486.582, 131
Trd, 8639486.682, 102
Trd, 8639486.932, 140
Trd, 8639488.432, 122
Trd, 8639488.632, 121
Trd, 8639489.382, 81
Trd, 8639490.782, 140
Trd, 8639491.182, 140
Trd, 8639491.832, 128
Trd, 8639491.982, 78
Trd, 8639492.132, 77
Trd, 8639493.082, 60
Trd, 8639494.282, 140
Trd, 8639495.882, 140
Trd, 8639496.082, 140
Trd, 8639496.332, 140
Trd, 8639496.582, 140
Trd, 8639497.132, 138
Trd, 8639498.382, 140
Trd, 8639499.282, 140
Trd, 8639500.082, 127
Trd, 8639500.482, 140
Trd, 8639500.732, 109
Trd, 8639501.032, 99
Trd, 8639501.132, 89
Trd, 8639501.682, 60
Trd, 8639502.032, 70
Trd, 8639503.682, 60
Trd, 8639504.282, 60
Trd, 8639504.332, 60
Trd, 8639504.382, 61
Trd, 8639505.132, 62
Trd, 8639507.932, 63
Trd, 8639508.582, 140
Trd, 8639509.082, 140
Trd, 8639509.732, 140
Trd, 8639509.882, 140
Trd, 8639509.982, 101
Trd, 8639511.782, 140
Trd, 8639512.082, 140
Trd, 8639512.482, 139
Trd, 8639514.582, 140
Trd, 8639514.732, 139
Trd, 8639514.782, 139
Trd, 8639515.782, 133
Trd, 8639516.182, 133
Trd, 8639516.532, 128
Trd, 8639516.582, 134
Trd, 8639517.032, 98
Trd, 8639517.332, 80
Trd, 8639517.782, 139
Trd, 8639518.082, 67
Trd, 8639518.982, 140
Trd, 8639519.282, 105
Trd, 8639520.482, 138
Trd, 8639520.982, 81
Trd, 8639521.832, 140
Trd, 8639522.082, 140
Trd, 8639522.432, 140
Trd, 8639523.182, 140
Trd, 8639523.932, 129
Trd, 8639524.032, 108
Trd, 8639526.332, 140
Trd, 8639527.182, 140
Trd, 8639527.232, 140
Trd, 8639527.382, 140
Trd, 8639527.782, 139
Trd, 8639528.382, 140
Trd, 8639529.132, 140
Trd, 8639529.982, 140
Trd, 8639530.132, 140
Trd, 8639530.732, 136
Trd, 8639531.482, 132
Trd, 8639531.782, 128
Trd, 8639531.882, 90
Trd, 8639533.032, 89
Trd, 8639534.082, 140
Trd, 8639534.332, 139
Trd, 8639535.482, 137
Trd, 8639535.732, 139
Trd, 8639536.532, 138
Trd, 8639538.132, 121
Trd, 8639539.532, 140
Trd, 8639539.632, 139
Trd, 8639539.682, 96
Trd, 8639540.232, 132
Trd, 8639540.832, 103
Trd, 8639541.632, 66
Trd, 8639542.682, 140
Trd, 8639543.232, 140
Trd, 8639544.282, 140
Trd, 8639544.432, 139
Trd, 8639545.282, 140
Trd, 8639545.432, 138
Trd, 8639545.632, 131
Trd, 8639546.932, 140
Trd, 8639547.882, 140
Trd, 8639548.332, 140
Trd, 8639549.732, 138
Trd, 8639550.232, 103
Trd, 8639550.982, 139
Trd, 8639551.132, 138
Trd, 8639551.582, 139
Trd, 8639551.882, 138
Trd, 8639552.032, 137
Trd, 8639553.982, 60
Trd, 8639554.732, 60
Trd, 8639554.832, 61
Trd, 8639555.182, 116
Trd, 8639555.832, 133
Trd, 8639556.682, 128
Trd, 8639556.732, 113
Trd, 8639556.832, 81
Trd, 8639557.282, 140
Trd, 8639557.432, 140
Trd, 8639558.482, 140
Trd, 8639558.832, 140
Trd, 8639560.232, 140
Trd, 8639561.182, 140
Trd, 8639562.282, 140
Trd, 8639562.832, 140
Trd, 8639562.982, 140
Trd, 8639563.432, 138
Trd, 8639563.782, 133
Trd, 8639565.082, 140
Trd, 8639565.532, 140
Trd, 8639566.682, 140
Trd, 8639567.082, 140
Trd, 8639568.082, 140
Trd, 8639568.382, 140
Trd, 8639569.332, 131
Trd, 8639570.432, 140
Trd, 8639570.582, 139
Trd, 8639571.282, 135
Trd, 8639571.332, 108
Trd, 8639572.132, 137
Trd, 8639572.482, 62
Trd, 8639573.032, 93
Trd, 8639576.282, 69
Trd, 8639576.532, 122
Trd, 8639576.982, 64
Trd, 8639577.032, 61
Trd, 8639577.182, 61
Trd, 8639577.532, 60
Trd, 8639578.632, 74
Trd, 8639578.782, 106
Trd, 8639579.782, 140
Trd, 8639580.082, 140
Trd, 8639580.432, 140
Trd, 8639581.482, 140
Trd, 8639582.032, 140
Trd, 8639582.482, 139
Trd, 8639583.132, 97
Trd, 8639584.082, 114
Trd, 8639584.482, 100
Trd, 8639585.232, 140
Trd, 8639585.532, 66
Trd, 8639585.582, 69
Trd, 8639587.132, 140
Trd, 8639587.182, 140
Trd, 8639587.582, 140
Trd, 8639588.182, 140
Trd, 8639588.482, 140
Trd, 8639588.732, 138
Trd, 8639589.482, 60
Trd, 8639589.582, 63
Trd, 8639590.932, 61
Trd, 8639591.282, 63
Trd, 8639591.782, 60
Trd, 8639591.932, 65
Trd, 8639593.382, 138
Trd, 8639593.732, 135
Trd, 8639594.332, 97
Trd, 8639595.432, 63
Trd, 8639595.932, 60
Trd, 8639598.582, 62
Trd, 8639599.482, 60
Trd, 8639600.182, 60
Trd, 8639601.432, 60
Trd, 8639601.682, 61
Trd, 8639602.082, 61
Trd, 8639602.732, 64
Trd, 8639603.132, 71
Trd, 8639603.432, 65
Trd, 8639604.132, 126
Trd, 8639606.282, 61
Trd, 8639606.782, 63
Trd, 8639606.882, 65
Trd, 8639607.682, 61
Trd, 8639609.882, 60
Trd, 8639610.032, 61
Trd, 8639610.632, 65
Trd, 8639612.182, 61
Trd, 8639612.332, 61
Trd, 8639612.432, 65
Trd, 8639614.032, 94
Trd, 8639615.082, 108
Trd, 8639615.532, 107
Trd, 8639615.782, 90
Trd, 8639616.282, 135
Trd, 8639616.482, 66
Trd, 8639617.032, 138
Trd, 8639617.382, 61
Trd, 8639619.082, 140
Trd, 8639620.132, 140
Trd, 8639620.232, 138
Trd, 8639620.332, 137
Trd, 8639620.932, 140
Trd, 8639621.632, 140
Trd, 8639622.482, 139
Trd, 8639622.982, 140
Trd, 8639623.032, 140
Trd, 8639623.682, 125
Trd, 8639624.432, 140
Trd, 8639625.682, 60
Trd, 8639626.382, 66
Trd, 8639626.632, 89
Trd, 8639628.582, 66
Trd, 8639629.432, 95
Trd, 8639629.682, 115
Trd, 8639629.782, 124
Trd, 8639631.132, 63
Trd, 8639631.682, 60
Trd, 8639632.432, 60
Trd, 8639632.782, 60
Trd, 8639633.082, 63
Trd, 8639633.482, 60
Trd, 8639633.732, 140
Trd, 8639633.932, 131
Trd, 8639635.032, 130
Trd, 8639636.682, 140
Trd, 8639637.132, 140
Trd, 8639637.932, 140
Trd, 8639638.182, 140
Trd, 8639640.082, 140
Trd, 8639640.532, 140
Trd, 8639641.232, 140
Trd, 8639641.482, 140
Trd, 8639641.932, 140
Trd, 8639642.032, 138
Trd, 8639642.632, 130
Trd, 8639644.082, 61
Trd, 8639644.582, 114
Trd, 8639644.882, 127
Trd, 8639645.582, 60
Trd, 8639645.882, 140
Trd, 8639647.432, 84
Trd, 8639647.732, 71
Trd, 8639648.082, 129
Trd, 8639648.482, 97
Trd, 8639649.032, 126
Trd, 8639649.332, 140
Trd, 8639650.382, 130
Trd, 8639651.032, 139
Trd, 8639651.682, 140
Trd, 8639652.932, 139
Trd, 8639654.382, 140
Trd, 8639654.532, 139
Trd, 8639654.582, 138
Trd, 8639654.682, 106
Trd, 8639656.232, 140
Trd, 8639656.982, 140
Trd, 8639657.232, 140
Trd, 8639657.882, 140
Trd, 8639658.082, 139
Trd, 8639659.132, 140
Trd, 8639659.432, 140
Trd, 8639659.482, 139
Trd, 8639659.582, 124
Trd, 8639660.032, 112
Trd, 8639660.682, 65
Trd, 8639662.132, 97
Trd, 8639662.332, 71
Trd, 8639663.082, 140
Trd, 8639663.282, 131
Trd, 8639663.732, 130
Trd, 8639663.782, 92
Trd, 8639664.332, 138
Trd, 8639664.382, 137
Trd, 8639664.682, 92
Trd, 8639666.582, 63
Trd, 8639666.982, 64
Trd, 8639668.682, 64
Trd, 8639669.282, 63
Trd, 8639669.482, 62
Trd, 8639671.432, 63
Trd, 8639671.632, 95
Trd, 8639672.382, 68
Trd, 8639673.232, 60
Trd, 8639673.582, 60
Trd, 8639673.982, 100
Trd, 8639675.032, 62
Trd, 8639675.982, 71
Trd, 8639676.832, 140
Trd, 8639677.232, 139
Trd, 8639677.632, 106
Trd, 8639677.982, 105
Trd, 8639678.482, 140
Trd, 8639678.982, 139
Trd, 8639679.032, 122
Trd, 8639679.732, 95
Trd, 8639680.782, 60
Trd, 8639682.182, 140
Trd, 8639682.282, 139
Trd, 8639682.932, 140
Trd, 8639683.132, 139
Trd, 8639683.782, 111
Trd, 8639684.432, 125
Trd, 8639684.582, 109
Trd, 8639685.132, 140
Trd, 8639685.682, 130
Trd, 8639685.982, 63
Trd, 8639688.032, 61
Trd, 8639688.832, 67
Trd, 8639689.732, 68
Trd, 8639690.632, 64
Trd, 8639691.182, 68
Trd, 8639692.532, 140
Trd, 8639692.832, 140
Trd, 8639692.982, 140
Trd, 8639693.732, 139
Trd, 8639693.782, 106
Trd, 8639695.082, 140
Trd, 8639695.132, 140
Trd, 8639696.382, 140
Trd, 8639696.482, 139
Trd, 8639697.532, 140
Trd, 8639698.082, 140
Trd, 8639698.182, 139
Trd, 8639699.182, 140
Trd, 8639699.282, 138
Trd, 8639699.632, 118
Trd, 8639700.332, 85
Trd, 8639700.632, 123
Trd, 8639700.982, 137
Trd, 8639702.682, 60
Trd, 8639703.032, 61
Trd, 8639703.832, 60
Trd, 8639704.582, 114
Trd, 8639705.132, 78
Trd, 8639705.282, 113
Trd, 8639705.432, 77
Trd, 8639705.582, 76
Trd, 8639706.582, 140
Trd, 8639706.982, 138
Trd, 8639707.582, 63
Trd, 8639708.232, 139
Trd, 8639708.682, 137
Trd, 8639709.182, 138
Trd, 8639709.382, 94
Trd, 8639710.832, 61
Trd, 8639711.732, 60
Trd, 8639712.782, 77
Trd, 8639712.982, 81
Trd, 8639713.682, 62
Trd, 8639715.332, 60
Trd, 8639716.332, 61
Trd, 8639716.432, 61
Trd, 8639717.382, 67
Trd, 8639717.832, 64
Trd, 8639718.032, 65
Trd, 8639718.582, 64
Trd, 8639719.132, 85
Trd, 8639720.132, 66
Trd, 8639720.182, 66
Trd, 8639720.382, 67
Trd, 8639720.532, 60
Trd, 8639721.032, 68
Trd, 8639722.332, 140
Trd, 8639722.482, 135
Trd, 8639722.932, 140
Trd, 8639723.382, 100
Trd, 8639723.882, 121
Trd, 8639725.032, 64
Trd, 8639725.682, 138
Trd, 8639726.682, 139
Trd, 8639727.232, 140
Trd, 8639727.482, 138
Trd, 8639727.582, 118
Trd, 8639728.032, 138
Trd, 8639729.932, 60
Trd, 8639730.282, 107
Trd, 8639731.432, 140
Trd, 8639731.832, 140
Trd, 8639732.132, 140
Trd, 8639732.632, 139
Trd, 8639733.032, 139
Trd, 8639733.882, 98
Trd, 8639735.382, 140
Trd, 8639735.482, 139
Trd, 8639735.932, 140
Trd, 8639736.082, 111
Trd, 8639737.282, 60
Trd, 8639738.332, 62
Trd, 8639738.982, 64
Trd, 8639740.382, 65
Trd, 8639740.832, 60
Trd, 8639741.182, 71
Trd, 8639742.132, 60
Trd, 8639742.582, 60
Trd, 8639742.732, 138
Trd, 8639743.232, 98
Trd, 8639743.532, 62
Trd, 8639744.182, 86
Trd, 8639744.332, 79
Trd, 8639745.482, 140
Trd, 8639746.582, 140
Trd, 8639747.082, 61
Trd, 8639747.532, 72
Trd, 8639748.482, 140
Trd, 8639748.782, 127
Trd, 8639749.132, 139
Trd, 8639749.782, 111
Trd, 8639751.532, 134
Trd, 8639751.732, 111
Trd, 8639752.482, 138
Trd, 8639752.982, 111
Trd, 8639753.182, 109
Trd, 8639753.432, 102
Trd, 8639754.082, 70
Trd, 8639755.682, 140
Trd, 8639756.332, 140
Trd, 8639756.432, 139
Trd, 8639756.732, 122
Trd, 8639758.832, 140
Trd, 8639759.082, 140
Trd, 8639759.382, 140
Trd, 8639759.882, 140
Trd, 8639759.932, 140
Trd, 8639760.082, 98
Trd, 8639761.532, 137
Trd, 8639761.882, 128
Trd, 8639762.732, 140
Trd, 8639764.382, 140
Trd, 8639766.882, 140
Trd, 8639767.482, 140
Trd, 8639767.882, 140
Trd, 8639768.032, 126
Trd, 8639768.332, 123
Trd, 8639768.782, 114
Trd, 8639769.132, 140
Trd, 8639769.932, 138
Trd, 8639770.732, 140
Trd, 8639770.832, 140
Trd, 8639771.282, 140
Trd, 8639772.382, 138
Trd, 8639773.182, 140
Trd, 8639774.132, 140
Trd, 8639774.432, 140
Trd, 8639775.232, 140
Trd, 8639775.732, 140
Trd, 8639776.232, 140
Trd, 8639776.432, 140
Trd, 8639776.582, 140
Trd, 8639776.832, 113
Trd, 8639777.482, 139
Trd, 8639778.082, 140
Trd, 8639778.132, 130
Trd, 8639778.532, 97
Trd, 8639780.832, 140
Trd, 8639780.982, 140
Trd, 8639781.332, 140
Trd, 8639782.932, 61
Trd, 8639782.982, 61
Trd, 8639783.082, 64
Trd, 8639784.682, 140
Trd, 8639784.782, 140
Trd, 8639785.332, 139
Trd, 8639785.732, 140
Trd, 8639786.182, 140
Trd, 8639786.582, 136
Trd, 8639786.682, 135
Trd, 8639787.332, 133
Trd, 8639787.832, 140
Trd, 8639788.982, 139
Trd, 8639789.182, 138
Trd, 8639789.282, 137
Trd, 8639789.932, 135
Trd, 8639790.282, 111
Trd, 8639791.832, 140
Trd, 8639792.682, 140
Trd, 8639793.632, 140
Trd, 8639794.532, 140
Trd, 8639795.732, 140
Trd, 8639796.232, 140
Trd, 8639796.532, 139
Trd, 8639796.832, 138
Trd, 8639797.582, 140
Trd, 8639798.132, 123
Trd, 8639798.882, 140
Trd, 8639799.182, 140
Trd, 8639799.832, 138
Trd, 8639799.982, 137
Trd, 8639800.182, 136
Trd, 8639801.282, 125
Trd, 8639802.432, 140
Trd, 8639803.082, 140
Trd, 8639803.182, 125
Trd, 8639803.532, 139
Trd, 8639804.232, 140
Trd, 8639804.932, 132
Trd, 8639805.082, 132
Trd, 8639805.532, 108
Trd, 8639806.732, 61
Trd, 8639806.982, 63
Trd, 8639808.082, 60
Trd, 8639808.682, 136
Trd, 8639809.132, 61
Trd, 8639809.232, 113
Trd, 8639809.832, 94
Trd, 8639810.032, 62
Trd, 8639810.632, 62
Trd, 8639810.782, 62
Trd, 8639812.032, 140
Trd, 8639813.182, 77
Trd, 8639813.632, 139
Trd, 8639814.532, 90
Trd, 8639814.782, 90
Trd, 8639815.882, 140
Trd, 8639816.332, 140
Trd, 8639817.132, 140
Trd, 8639818.132, 140
Trd, 8639818.532, 140
Trd, 8639818.832, 139
Trd, 8639819.682, 139
Trd, 8639819.982, 138
Trd, 8639820.732, 140
Trd, 8639821.982, 137
Trd, 8639822.432, 140
Trd, 8639822.532, 140
Trd, 8639823.282, 138
Trd, 8639823.632, 137
Trd, 8639823.882, 97
Trd, 8639824.432, 133
Trd, 8639824.532, 73
Trd, 8639825.282, 124
Trd, 8639826.232, 63
Trd, 8639826.382, 73
Trd, 8639827.782, 94
Trd, 8639828.082, 93
Trd, 8639828.532, 138
Trd, 8639829.282, 140
Trd, 8639829.632, 139
Trd, 8639830.982, 139
Trd, 8639831.182, 137
Trd, 8639831.232, 136
Trd, 8639831.782, 138
Trd, 8639832.532, 140
Trd, 8639832.982, 140
Trd, 8639833.682, 140
Trd, 8639834.432, 139
Trd, 8639835.282, 127
Trd, 8639836.032, 134
Trd, 8639836.482, 138
Trd, 8639837.182, 135
Trd, 8639837.682, 136
Trd, 8639837.832, 110
Trd, 8639839.232, 140
Trd, 8639840.182, 140
Trd, 8639840.682, 140
Trd, 8639841.482, 140
Trd, 8639841.882, 132
Trd, 8639842.882, 140
Trd, 8639843.932, 140
Trd, 8639843.982, 138
Trd, 8639844.282, 129
Trd, 8639844.382, 128
Trd, 8639845.732, 140
Trd, 8639845.782, 140
Trd, 8639845.982, 138
Trd, 8639846.182, 140
Trd, 8639846.232, 138
Trd, 8639846.882, 138
Trd, 8639848.732, 139
Trd, 8639849.432, 136
Trd, 8639850.032, 118
Trd, 8639850.132, 117
Trd, 8639850.732, 136
Trd, 8639851.582, 132
Trd, 8639852.082, 140
Trd, 8639853.132, 135
Trd, 8639853.782, 119
Trd, 8639854.632, 139
Trd, 8639854.832, 138
Trd, 8639855.032, 123
Trd, 8639856.032, 139
Trd, 8639856.632, 131
Trd, 8639857.632, 139
Trd, 8639858.132, 139
Trd, 8639858.532, 140
Trd, 8639858.932, 139
Trd, 8639859.032, 138
Trd, 8639860.132, 105
Trd, 8639860.332, 102
Trd, 8639860.882, 140
Trd, 8639862.032, 140
Trd, 8639862.182, 140
Trd, 8639862.632, 136
Trd, 8639863.732, 60
Trd, 8639864.532, 85
Trd, 8639865.682, 60
Trd, 8639868.382, 61
Trd, 8639868.482, 62
Trd, 8639868.682, 61
Trd, 8639868.832, 63
Trd, 8639869.032, 98
Trd, 8639870.182, 61
Trd, 8639870.682, 60
Trd, 8639871.982, 65
Trd, 8639873.932, 60
Trd, 8639874.032, 60
Trd, 8639874.132, 60
Trd, 8639874.582, 62
Trd, 8639874.682, 89
Trd, 8639876.132, 60
Trd, 8639876.382, 62
Trd, 8639877.432, 64
Trd, 8639877.782, 63
Trd, 8639878.382, 140
Trd, 8639879.882, 115
Trd, 8639880.032, 128
Trd, 8639880.432, 140
Trd, 8639880.982, 68
Trd, 8639881.482, 65
Trd, 8639882.032, 63
Trd, 8639884.082, 61
Trd, 8639885.232, 60
Trd, 8639885.382, 63
Trd, 8639885.782, 66
Trd, 8639885.982, 64
Trd, 8639886.032, 99
Trd, 8639886.832, 68
Trd, 8639888.982, 61
Trd, 8639889.082, 78
Trd, 8639890.432, 67
Trd, 8639891.332, 67
Trd, 8639892.182, 60
Trd, 8639892.682, 60
Trd, 8639893.382, 63
Trd, 8639894.582, 64
Trd, 8639895.132, 64
Trd, 8639895.932, 61
Trd, 8639897.182, 60
Trd, 8639897.732, 63
Trd, 8639898.482, 60
Trd, 8639898.932, 67
Trd, 8639901.182, 60
Trd, 8639901.382, 60
Trd, 8639901.982, 66
Trd, 8639903.032, 132
Trd, 8639903.332, 103
Trd, 8639903.382, 102
Trd, 8639903.532, 101
Trd, 8639904.782, 139
Trd, 8639906.132, 82
Trd, 8639906.332, 80
Trd, 8639906.882, 83
Trd, 8639908.132, 61
Trd, 8639908.282, 64
Trd, 8639908.532, 74
Trd, 8639908.982, 64
Trd, 8639910.082, 64
Trd, 8639910.582, 68
Trd, 8639911.282, 106
Trd, 8639911.932, 64
Trd, 8639912.032, 65
Trd, 8639913.682, 62
Trd, 8639913.882, 67
Trd, 8639914.082, 92
Trd, 8639915.232, 140
Trd, 8639915.732, 139
Trd, 8639916.432, 136
Trd, 8639916.482, 102
Trd, 8639918.082, 140
Trd, 8639918.882, 140
Trd, 8639919.132, 139
Trd, 8639919.782, 140
Trd, 8639920.582, 140
Trd, 8639920.882, 132
Trd, 8639921.532, 139
Trd, 8639921.632, 138
Trd, 8639922.132, 130
Trd, 8639922.182, 92
Trd, 8639923.432, 115
Trd, 8639924.382, 120
Trd, 8639925.182, 138
Trd, 8639926.032, 98
Trd, 8639926.232, 112
Trd, 8639926.282, 96
Trd, 8639926.632, 86
Trd, 8639927.032, 67
Trd, 8639928.582, 62
Trd, 8639928.982, 60
Trd, 8639930.382, 140
Trd, 8639931.182, 140
Trd, 8639931.582, 140
Trd, 8639932.182, 140
Trd, 8639932.632, 140
Trd, 8639932.832, 138
Trd, 8639933.732, 140
Trd, 8639933.982, 140
Trd, 8639934.232, 140
Trd, 8639934.482, 96
Trd, 8639934.682, 90
Trd, 8639935.582, 140
Trd, 8639935.832, 140
Trd, 8639936.932, 140
Trd, 8639937.782, 135
Trd, 8639938.382, 139
Trd, 8639938.632, 133
Trd, 8639939.332, 139
Trd, 8639940.382, 140
Trd, 8639940.832, 140
Trd, 8639941.082, 140
Trd, 8639941.582, 140
Trd, 8639942.032, 139
Trd, 8639942.082, 133
Trd, 8639942.282, 125
Trd, 8639943.182, 138
Trd, 8639943.382, 136
Trd, 8639944.882, 127
Trd, 8639945.582, 139
Trd, 8639946.182, 62
Trd, 8639946.382, 64
Trd, 8639946.482, 93
Trd, 8639948.232, 61
Trd, 8639948.532, 61
Trd, 8639949.882, 140
Trd, 8639950.432, 140
Trd, 8639950.732, 140
Trd, 8639951.382, 140
Trd, 8639952.032, 140
Trd, 8639952.082, 139
Trd, 8639953.432, 140
Trd, 8639953.632, 140
Trd, 8639953.782, 139
Trd, 8639954.782, 140
Trd, 8639955.332, 140
Trd, 8639956.082, 111
Trd, 8639956.532, 140
Trd, 8639957.182, 138
Trd, 8639958.182, 140
Trd, 8639958.482, 140
Trd, 8639958.832, 140
Trd, 8639960.032, 140
Trd, 8639960.382, 140
Trd, 8639960.632, 140
Trd, 8639960.682, 140
Trd, 8639962.182, 139
Trd, 8639962.632, 102
Trd, 8639963.032, 110
Trd, 8639963.882, 140
Trd, 8639964.082, 81
Trd, 8639964.982, 60
Trd, 8639965.832, 140
Trd, 8639966.232, 140
Trd, 8639966.982, 140
Trd, 8639967.132, 140
Trd, 8639967.182, 137
Trd, 8639967.782, 138
Trd, 8639967.832, 133
Trd, 8639968.982, 61
Trd, 8639969.232, 140
Trd, 8639970.632, 60
Trd, 8639970.982, 66
Trd, 8639972.132, 140
Trd, 8639972.232, 140
Trd, 8639972.982, 140
Trd, 8639974.582, 140
Trd, 8639974.832, 140
Trd, 8639976.632, 140
Trd, 8639976.782, 140
Trd, 8639976.982, 140
Trd, 8639977.132, 139
Trd, 8639977.482, 140
Trd, 8639977.882, 115
Trd, 8639977.982, 113
Trd, 8639978.682, 136
Trd, 8639979.232, 139
Trd, 8639979.582, 139
Trd, 8639981.532, 140
Trd, 8639982.082, 116
Trd, 8639982.132, 114
Trd, 8639982.432, 106
Trd, 8639982.582, 106
Trd, 8639983.032, 139
Trd, 8639983.932, 138
Trd, 8639984.332, 83
Trd, 8639985.382, 133
Trd, 8639985.982, 60
Trd, 8639986.782, 65
Trd, 8639987.382, 62
Trd, 8639988.132, 60
Trd, 8639988.482, 62
Trd, 8639989.232, 60
Trd, 8639991.482, 64
Trd, 8639993.032, 60
Trd, 8639993.382, 61
Trd, 8639993.432, 62
Trd, 8639993.532, 66
Trd, 8639995.482, 60
Trd, 8639995.882, 61
Trd, 8639996.132, 61
Trd, 8639996.982, 108
Trd, 8639998.532, 62
Trd, 8639999.032, 60
Trd, 8639999.282, 60
Trd, 8639999.532, 67
Trd, 8639999.682, 132
Trd, 8639999.932, 64
