Trd, 8638125.532, 102
Trd, 8638126.182, 100
Trd, 8638126.532, 89
Trd, 8638126.932, 111
Trd, 8638127.182, 82
Trd, 8638128.232, 101
Trd, 8638129.182, 102
Trd, 8638130.182, 96
Trd, 8638130.632, 134
Trd, 8638131.282, 82
Trd, 8638131.332, 91
Trd, 8638132.732, 82
Trd, 8638134.032, 103
Trd, 8638134.432, 106
Trd, 8638135.382, 127
Trd, 8638135.582, 108
Trd, 8638135.982, 83
Trd, 8638137.332, 115
Trd, 8638138.632, 137
Trd, 8638138.932, 134
Trd, 8638139.132, 128
Trd, 8638139.782, 129
Trd, 8638140.382, 92
Trd, 8638141.332, 131
Trd, 8638141.432, 85
Trd, 8638141.632, 85
Trd, 8638142.682, 140
Trd, 8638144.132, 101
Trd, 8638144.632, 139
Trd, 8638145.632, 135
Trd, 8638146.232, 100
Trd, 8638147.832, 83
Trd, 8638147.982, 138
Trd, 8638149.482, 91
Trd, 8638149.682, 110
Trd, 8638149.982, 85
Trd, 8638150.582, 121
Trd, 8638151.232, 115
Trd, 8638152.182, 129
Trd, 8638153.032, 61
Trd, 8638153.632, 81
Trd, 8638153.982, 80
Trd, 8638155.032, 88
Trd, 8638155.482, 67
Trd, 8638156.332, 116
Trd, 8638156.982, 113
Trd, 8638158.232, 82
Trd, 8638159.032, 101
Trd, 8638160.282, 140
Trd, 8638160.482, 85
Trd, 8638161.332, 96
Trd, 8638161.382, 95
Trd, 8638161.782, 135
Trd, 8638162.232, 131
Trd, 8638163.482, 123
Trd, 8638164.332, 137
Trd, 8638165.232, 125
Trd, 8638165.282, 96
Trd, 8638168.182, 130
Trd, 8638168.532, 129
Trd, 8638169.332, 127
Trd, 8638169.532, 110
Trd, 8638169.932, 125
Trd, 8638170.182, 108
Trd, 8638171.382, 139
Trd, 8638172.432, 108
Trd, 8638173.182, 104
Trd, 8638173.582, 96
Trd, 8638174.432, 78
Trd, 8638174.882, 92
Trd, 8638176.432, 139
Trd, 8638176.982, 116
Trd, 8638177.332, 72
Trd, 8638178.282, 118
Trd, 8638178.332, 108
Trd, 8638178.832, 125
Trd, 8638179.482, 113
Trd, 8638180.182, 94
Trd, 8638180.582, 108
Trd, 8638181.132, 95
Trd, 8638183.182, 82
Trd, 8638183.482, 133
Trd, 8638183.832, 125
Trd, 8638184.232, 99
Trd, 8638184.532, 98
Trd, 8638184.782, 110
Trd, 8638185.182, 102
Trd, 8638187.582, 126
Trd, 8638188.382, 134
Trd, 8638189.782, 127
Trd, 8638189.932, 103
Trd, 8638189.982, 103
Trd, 8638190.982, 95
Trd, 8638191.882, 129
Trd, 8638193.482, 112
Trd, 8638194.132, 119
Trd, 8638194.582, 95
Trd, 8638195.132, 97
Trd, 8638196.532, 125
Trd, 8638198.182, 101
Trd, 8638198.532, 103
Trd, 8638199.232, 108
Trd, 8638199.582, 112
Trd, 8638200.132, 67
Trd, 8638200.432, 98
Trd, 8638201.232, 124
Trd, 8638201.982, 92
Trd, 8638202.382, 136
Trd, 8638203.632, 129
Trd, 8638205.082, 131
Trd, 8638206.132, 127
Trd, 8638206.532, 129
Trd, 8638207.032, 119
Trd, 8638208.532, 136
Trd, 8638208.932, 134
Trd, 8638209.232, 118
Trd, 8638210.082, 121
Trd, 8638210.432, 116
Trd, 8638210.982, 122
Trd, 8638211.682, 129
Trd, 8638212.132, 84
Trd, 8638212.732, 103
Trd, 8638213.932, 101
Trd, 8638213.982, 92
Trd, 8638215.332, 134
Trd, 8638217.082, 113
Trd, 8638217.132, 109
Trd, 8638217.982, 112
Trd, 8638218.732, 110
Trd, 8638219.582, 107
Trd, 8638219.632, 92
Trd, 8638219.832, 111
Trd, 8638221.182, 120
Trd, 8638222.132, 116
Trd, 8638223.332, 140
Trd, 8638223.382, 108
Trd, 8638223.532, 119
Trd, 8638224.432, 72
Trd, 8638224.582, 80
Trd, 8638224.982, 81
Trd, 8638225.232, 71
Trd, 8638225.982, 101
Trd, 8638227.632, 124
Trd, 8638228.082, 126
Trd, 8638228.332, 108
Trd, 8638228.382, 83
Trd, 8638229.582, 124
Trd, 8638230.132, 85
Trd, 8638231.082, 71
Trd, 8638232.682, 90
Trd, 8638232.982, 78
Trd, 8638233.382, 70
Trd, 8638233.532, 124
Trd, 8638234.582, 82
Trd, 8638234.932, 119
Trd, 8638236.582, 103
Trd, 8638237.832, 107
Trd, 8638238.882, 95
Trd, 8638239.582, 108
Trd, 8638240.732, 130
Trd, 8638240.932, 119
Trd, 8638241.932, 85
Trd, 8638243.032, 105
Trd, 8638243.432, 136
Trd, 8638243.682, 128
Trd, 8638244.782, 114
Trd, 8638246.432, 125
Trd, 8638247.232, 121
Trd, 8638247.832, 118
Trd, 8638249.182, 113
Trd, 8638249.882, 120
Trd, 8638251.282, 130
Trd, 8638251.532, 125
Trd, 8638252.232, 118
Trd, 8638253.032, 123
Trd, 8638253.332, 111
Trd, 8638253.882, 103
Trd, 8638254.682, 132
Trd, 8638254.782, 85
Trd, 8638255.032, 85
Trd, 8638256.382, 61
Trd, 8638256.832, 123
Trd, 8638258.632, 108
Trd, 8638259.582, 124
Trd, 8638259.932, 113
Trd, 8638260.282, 111
Trd, 8638260.482, 104
Trd, 8638260.782, 91
Trd, 8638261.732, 100
Trd, 8638261.932, 93
Trd, 8638262.432, 75
Trd, 8638264.532, 129
Trd, 8638265.482, 136
Trd, 8638266.432, 123
Trd, 8638266.882, 63
Trd, 8638267.232, 68
Trd, 8638268.032, 112
Trd, 8638268.332, 118
Trd, 8638269.382, 124
Trd, 8638269.432, 129
Trd, 8638269.682, 84
Trd, 8638270.732, 130
Trd, 8638271.732, 98
Trd, 8638272.382, 128
Trd, 8638272.532, 101
Trd, 8638273.582, 120
Trd, 8638275.482, 102
Trd, 8638275.582, 101
Trd, 8638276.732, 114
Trd, 8638277.732, 126
Trd, 8638277.932, 120
Trd, 8638278.482, 95
Trd, 8638279.082, 96
Trd, 8638279.682, 87
Trd, 8638280.832, 131
Trd, 8638282.532, 73
Trd, 8638283.232, 71
Trd, 8638283.282, 111
Trd, 8638283.682, 127
Trd, 8638285.832, 119
Trd, 8638286.032, 121
Trd, 8638286.232, 138
Trd, 8638287.582, 140
Trd, 8638287.932, 108
Trd, 8638290.032, 137
Trd, 8638290.082, 81
Trd, 8638290.332, 85
Trd, 8638290.632, 118
Trd, 8638291.132, 123
Trd, 8638291.382, 115
Trd, 8638292.082, 126
Trd, 8638292.632, 115
Trd, 8638293.132, 66
Trd, 8638295.582, 129
Trd, 8638295.982, 122
Trd, 8638296.382, 125
Trd, 8638296.932, 85
Trd, 8638297.632, 84
Trd, 8638299.732, 113
Trd, 8638300.032, 102
Trd, 8638300.532, 83
Trd, 8638301.232, 109
Trd, 8638302.732, 129
Trd, 8638303.682, 93
Trd, 8638303.782, 98
Trd, 8638304.532, 121
Trd, 8638306.282, 133
Trd, 8638308.782, 94
Trd, 8638309.082, 88
Trd, 8638309.832, 137
Trd, 8638309.882, 131
Trd, 8638310.332, 114
Trd, 8638311.582, 118
Trd, 8638313.082, 105
Trd, 8638313.782, 66
Trd, 8638314.582, 75
Trd, 8638314.782, 74
Trd, 8638315.032, 76
Trd, 8638316.432, 129
Trd, 8638316.982, 125
Trd, 8638317.582, 88
Trd, 8638318.532, 69
Trd, 8638320.032, 70
Trd, 8638320.082, 79
Trd, 8638320.482, 109
Trd, 8638321.732, 92
Trd, 8638321.932, 107
Trd, 8638322.132, 124
Trd, 8638323.482, 90
Trd, 8638323.682, 99
Trd, 8638324.032, 83
Trd, 8638324.232, 110
Trd, 8638326.182, 122
Trd, 8638328.882, 103
Trd, 8638329.332, 116
Trd, 8638329.682, 121
Trd, 8638329.982, 134
Trd, 8638330.832, 98
Trd, 8638331.732, 108
Trd, 8638332.382, 122
Trd, 8638333.932, 80
Trd, 8638333.982, 105
Trd, 8638334.632, 66
Trd, 8638335.032, 95
Trd, 8638335.082, 115
Trd, 8638336.082, 117
Trd, 8638336.632, 134
Trd, 8638336.832, 66
Trd, 8638337.232, 108
Trd, 8638338.082, 124
Trd, 8638339.682, 101
Trd, 8638340.982, 128
Trd, 8638341.482, 103
Trd, 8638343.482, 126
Trd, 8638344.332, 125
Trd, 8638344.532, 118
Trd, 8638345.032, 115
Trd, 8638345.332, 123
Trd, 8638346.132, 122
Trd, 8638348.132, 80
Trd, 8638348.532, 126
Trd, 8638349.682, 123
Trd, 8638349.932, 128
Trd, 8638350.732, 86
Trd, 8638350.982, 94
Trd, 8638351.432, 123
Trd, 8638352.982, 135
Trd, 8638353.132, 132
Trd, 8638354.382, 101
Trd, 8638354.832, 113
Trd, 8638354.932, 88
Trd, 8638355.882, 121
Trd, 8638356.632, 106
Trd, 8638357.832, 138
Trd, 8638359.182, 131
Trd, 8638359.382, 126
Trd, 8638359.832, 123
Trd, 8638360.732, 122
Trd, 8638361.582, 110
Trd, 8638361.682, 133
Trd, 8638361.932, 136
Trd, 8638362.832, 98
Trd, 8638364.932, 118
Trd, 8638365.482, 110
Trd, 8638365.982, 106
Trd, 8638366.432, 84
Trd, 8638366.582, 111
Trd, 8638367.382, 91
Trd, 8638367.732, 125
Trd, 8638368.582, 99
Trd, 8638369.382, 137
Trd, 8638370.282, 107
Trd, 8638370.482, 113
Trd, 8638370.732, 105
Trd, 8638371.832, 128
Trd, 8638372.482, 96
Trd, 8638373.232, 66
Trd, 8638373.432, 73
Trd, 8638374.282, 119
Trd, 8638374.582, 85
Trd, 8638374.832, 127
Trd, 8638375.732, 111
Trd, 8638375.932, 83
Trd, 8638377.832, 138
Trd, 8638378.632, 64
Trd, 8638379.032, 71
Trd, 8638380.132, 102
Trd, 8638381.132, 91
Trd, 8638381.282, 93
Trd, 8638382.082, 65
Trd, 8638382.382, 89
Trd, 8638384.082, 124
Trd, 8638384.232, 103
Trd, 8638384.632, 122
Trd, 8638385.082, 94
Trd, 8638385.132, 114
Trd, 8638386.632, 122
Trd, 8638387.132, 109
Trd, 8638387.532, 97
Trd, 8638389.732, 136
Trd, 8638390.582, 130
Trd, 8638391.082, 120
Trd, 8638392.582, 137
Trd, 8638393.482, 108
Trd, 8638393.832, 131
Trd, 8638393.982, 115
Trd, 8638394.432, 113
Trd, 8638395.332, 107
Trd, 8638397.282, 94
Trd, 8638397.332, 80
Trd, 8638397.482, 103
Trd, 8638398.882, 127
Trd, 8638399.832, 67
Trd, 8638400.882, 80
Trd, 8638401.332, 61
Trd, 8638401.882, 100
Trd, 8638404.532, 139
Trd, 8638404.782, 126
Trd, 8638405.182, 131
Trd, 8638405.382, 106
Trd, 8638406.082, 130
Trd, 8638406.282, 120
Trd, 8638408.082, 87
Trd, 8638408.132, 117
Trd, 8638408.882, 132
Trd, 8638410.232, 95
Trd, 8638410.332, 116
Trd, 8638410.782, 92
Trd, 8638412.532, 140
Trd, 8638413.432, 112
Trd, 8638413.682, 105
Trd, 8638414.032, 69
Trd, 8638414.732, 90
Trd, 8638415.532, 114
Trd, 8638416.782, 108
Trd, 8638418.532, 120
Trd, 8638418.732, 80
Trd, 8638419.132, 110
Trd, 8638420.182, 76
Trd, 8638420.682, 110
Trd, 8638420.782, 88
Trd, 8638420.982, 89
Trd, 8638422.082, 132
Trd, 8638422.232, 123
Trd, 8638422.482, 68
Trd, 8638424.682, 78
Trd, 8638425.032, 131
Trd, 8638425.932, 114
Trd, 8638426.082, 110
Trd, 8638427.682, 133
Trd, 8638427.732, 105
Trd, 8638428.082, 98
Trd, 8638428.482, 73
Trd, 8638428.632, 130
Trd, 8638431.182, 138
Trd, 8638431.932, 106
Trd, 8638433.282, 84
Trd, 8638433.382, 108
Trd, 8638433.532, 66
Trd, 8638433.932, 72
Trd, 8638434.532, 64
Trd, 8638434.732, 76
Trd, 8638435.732, 66
Trd, 8638437.232, 61
Trd, 8638437.532, 71
Trd, 8638438.332, 102
Trd, 8638438.932, 120
Trd, 8638439.332, 117
Trd, 8638439.482, 77
Trd, 8638440.282, 128
Trd, 8638440.882, 130
Trd, 8638441.832, 82
Trd, 8638442.582, 129
Trd, 8638442.682, 98
Trd, 8638443.182, 133
Trd, 8638444.582, 139
Trd, 8638444.732, 135
Trd, 8638446.732, 133
Trd, 8638447.232, 119
Trd, 8638448.132, 93
Trd, 8638448.432, 127
Trd, 8638448.782, 121
Trd, 8638449.282, 93
Trd, 8638449.782, 122
Trd, 8638450.382, 104
Trd, 8638451.382, 73
Trd, 8638451.482, 91
Trd, 8638452.632, 108
Trd, 8638453.232, 89
Trd, 8638454.632, 103
Trd, 8638456.082, 127
Trd, 8638456.182, 125
Trd, 8638456.882, 122
Trd, 8638457.532, 117
Trd, 8638458.232, 84
Trd, 8638459.182, 82
Trd, 8638459.282, 109
Trd, 8638459.882, 113
Trd, 8638460.182, 115
Trd, 8638461.382, 124
Trd, 8638462.282, 105
Trd, 8638462.782, 129
Trd, 8638463.082, 91
Trd, 8638464.582, 127
Trd, 8638465.082, 125
Trd, 8638465.232, 122
Trd, 8638466.382, 135
Trd, 8638466.432, 127
Trd, 8638467.582, 126
Trd, 8638467.632, 111
Trd, 8638468.432, 124
Trd, 8638469.332, 123
Trd, 8638469.632, 125
Trd, 8638469.982, 135
Trd, 8638474.082, 116
Trd, 8638474.332, 123
Trd, 8638474.982, 136
Trd, 8638475.332, 108
Trd, 8638476.482, 135
Trd, 8638477.882, 138
Trd, 8638477.932, 136
Trd, 8638478.082, 130
Trd, 8638479.582, 140
Trd, 8638479.832, 134
Trd, 8638480.682, 114
Trd, 8638481.182, 106
Trd, 8638481.982, 96
Trd, 8638482.232, 74
Trd, 8638483.982, 105
Trd, 8638484.682, 137
Trd, 8638485.082, 104
Trd, 8638485.282, 135
Trd, 8638485.532, 101
Trd, 8638486.232, 135
Trd, 8638487.232, 91
Trd, 8638488.482, 133
Trd, 8638488.732, 129
Trd, 8638488.782, 86
Trd, 8638490.132, 120
Trd, 8638490.282, 100
Trd, 8638491.432, 120
Trd, 8638493.282, 119
Trd, 8638493.632, 100
Trd, 8638493.832, 81
Trd, 8638494.782, 123
Trd, 8638495.332, 98
Trd, 8638496.082, 117
Trd, 8638496.132, 119
Trd, 8638496.732, 60
Trd, 8638497.232, 64
Trd, 8638497.932, 113
Trd, 8638498.532, 130
Trd, 8638498.882, 96
Trd, 8638499.332, 120
Trd, 8638499.932, 131
Trd, 8638500.732, 121
Trd, 8638501.632, 117
Trd, 8638501.882, 99
Trd, 8638502.632, 97
Trd, 8638503.082, 109
Trd, 8638503.882, 115
Trd, 8638504.482, 138
Trd, 8638505.482, 86
Trd, 8638506.182, 101
Trd, 8638507.532, 110
Trd, 8638507.932, 102
Trd, 8638508.432, 121
Trd, 8638509.882, 137
Trd, 8638510.882, 98
Trd, 8638511.182, 96
Trd, 8638511.732, 75
Trd, 8638511.832, 89
Trd, 8638512.282, 107
Trd, 8638513.432, 105
Trd, 8638515.432, 112
Trd, 8638516.082, 105
Trd, 8638516.282, 98
Trd, 8638516.582, 89
Trd, 8638517.732, 124
Trd, 8638518.682, 107
Trd, 8638519.732, 64
Trd, 8638520.132, 129
Trd, 8638520.582, 123
Trd, 8638521.332, 117
Trd, 8638522.082, 106
Trd, 8638522.632, 90
Trd, 8638523.332, 108
Trd, 8638523.882, 70
Trd, 8638524.932, 95
Trd, 8638525.532, 93
Trd, 8638525.632, 103
Trd, 8638525.732, 66
Trd, 8638527.232, 122
Trd, 8638527.732, 73
Trd, 8638528.832, 106
Trd, 8638529.382, 97
Trd, 8638531.282, 124
Trd, 8638532.882, 89
Trd, 8638533.182, 133
Trd, 8638533.682, 106
Trd, 8638533.832, 112
Trd, 8638535.032, 99
Trd, 8638535.882, 76
Trd, 8638536.182, 108
Trd, 8638536.932, 69
Trd, 8638538.782, 101
Trd, 8638540.632, 128
Trd, 8638541.082, 105
Trd, 8638543.332, 102
Trd, 8638544.182, 110
Trd, 8638544.282, 112
Trd, 8638545.032, 109
Trd, 8638545.732, 98
Trd, 8638546.632, 121
Trd, 8638546.732, 85
Trd, 8638547.082, 82
Trd, 8638549.232, 137
Trd, 8638549.282, 121
Trd, 8638549.582, 112
Trd, 8638551.082, 130
Trd, 8638551.832, 92
Trd, 8638553.082, 128
Trd, 8638554.032, 139
Trd, 8638554.232, 129
Trd, 8638554.382, 85
Trd, 8638555.782, 129
Trd, 8638556.032, 112
Trd, 8638556.332, 92
Trd, 8638557.132, 103
Trd, 8638558.932, 112
Trd, 8638559.482, 113
Trd, 8638559.732, 67
Trd, 8638560.832, 129
Trd, 8638561.382, 123
Trd, 8638562.082, 138
Trd, 8638563.482, 125
Trd, 8638563.832, 72
Trd, 8638565.682, 140
Trd, 8638566.432, 105
Trd, 8638567.932, 99
Trd, 8638567.982, 106
Trd, 8638568.382, 107
Trd, 8638568.682, 133
Trd, 8638569.232, 138
Trd, 8638570.032, 127
Trd, 8638570.632, 134
Trd, 8638571.382, 134
Trd, 8638572.082, 99
Trd, 8638572.132, 99
Trd, 8638573.132, 127
Trd, 8638573.282, 138
Trd, 8638574.432, 126
Trd, 8638575.282, 116
Trd, 8638575.432, 120
Trd, 8638576.582, 103
Trd, 8638577.482, 84
Trd, 8638577.532, 105
Trd, 8638578.232, 105
Trd, 8638579.732, 113
Trd, 8638580.282, 87
Trd, 8638580.982, 71
Trd, 8638582.682, 139
Trd, 8638582.832, 132
Trd, 8638582.882, 104
Trd, 8638584.632, 136
Trd, 8638584.782, 110
Trd, 8638585.182, 101
Trd, 8638587.032, 134
Trd, 8638588.082, 125
Trd, 8638588.132, 108
Trd, 8638589.082, 88
Trd, 8638590.182, 103
Trd, 8638590.732, 86
Trd, 8638590.882, 80
Trd, 8638591.632, 110
Trd, 8638592.632, 94
Trd, 8638593.082, 116
Trd, 8638593.682, 71
Trd, 8638594.682, 69
Trd, 8638594.882, 123
Trd, 8638596.732, 129
Trd, 8638597.432, 118
Trd, 8638597.882, 100
Trd, 8638597.932, 86
Trd, 8638598.232, 95
Trd, 8638598.882, 87
Trd, 8638599.732, 123
Trd, 8638600.832, 113
Trd, 8638600.982, 92
Trd, 8638602.282, 126
Trd, 8638602.632, 126
Trd, 8638603.032, 133
Trd, 8638603.932, 67
Trd, 8638604.882, 124
Trd, 8638605.432, 77
Trd, 8638606.132, 127
Trd, 8638606.632, 119
Trd, 8638606.732, 86
Trd, 8638607.732, 106
Trd, 8638608.282, 110
Trd, 8638610.082, 127
Trd, 8638611.682, 98
Trd, 8638612.082, 85
Trd, 8638612.532, 84
Trd, 8638614.382, 110
Trd, 8638614.782, 132
Trd, 8638614.982, 91
Trd, 8638615.432, 136
Trd, 8638615.732, 112
Trd, 8638616.332, 77
Trd, 8638617.432, 97
Trd, 8638617.882, 84
Trd, 8638619.682, 132
Trd, 8638620.582, 108
Trd, 8638620.682, 111
Trd, 8638620.832, 99
Trd, 8638621.682, 97
Trd, 8638623.282, 117
Trd, 8638623.632, 83
Trd, 8638624.732, 66
Trd, 8638624.832, 71
Trd, 8638626.332, 139
Trd, 8638627.032, 124
Trd, 8638628.632, 107
Trd, 8638629.182, 67
Trd, 8638629.932, 126
Trd, 8638630.432, 78
Trd, 8638630.832, 135
Trd, 8638631.032, 109
Trd, 8638631.132, 92
Trd, 8638634.082, 67
Trd, 8638636.082, 116
Trd, 8638637.382, 140
Trd, 8638637.732, 113
Trd, 8638637.882, 111
Trd, 8638638.232, 136
Trd, 8638638.732, 126
Trd, 8638639.682, 112
Trd, 8638640.382, 101
Trd, 8638640.582, 135
Trd, 8638642.082, 134
Trd, 8638643.132, 102
Trd, 8638644.532, 105
Trd, 8638644.832, 100
Trd, 8638645.132, 110
Trd, 8638647.682, 140
Trd, 8638648.632, 114
Trd, 8638648.882, 125
Trd, 8638650.882, 139
Trd, 8638651.582, 115
Trd, 8638652.532, 94
Trd, 8638652.582, 92
Trd, 8638653.182, 102
Trd, 8638653.232, 88
Trd, 8638654.732, 105
Trd, 8638655.082, 81
Trd, 8638655.482, 114
Trd, 8638656.032, 133
Trd, 8638656.932, 113
Trd, 8638657.082, 94
Trd, 8638657.482, 89
Trd, 8638657.632, 116
Trd, 8638659.782, 89
Trd, 8638659.832, 90
Trd, 8638660.432, 77
Trd, 8638661.332, 82
Trd, 8638662.282, 100
Trd, 8638662.632, 106
Trd, 8638663.682, 114
Trd, 8638664.032, 111
Trd, 8638664.682, 140
Trd, 8638666.182, 134
Trd, 8638666.382, 96
Trd, 8638666.432, 93
Trd, 8638667.782, 135
Trd, 8638668.282, 111
Trd, 8638668.932, 113
Trd, 8638669.482, 115
Trd, 8638671.582, 114
Trd, 8638671.882, 96
Trd, 8638672.332, 130
Trd, 8638672.982, 120
Trd, 8638673.932, 123
Trd, 8638674.182, 108
Trd, 8638675.182, 131
Trd, 8638676.832, 110
Trd, 8638677.232, 109
Trd, 8638677.782, 123
Trd, 8638677.882, 115
Trd, 8638678.232, 125
Trd, 8638679.232, 75
Trd, 8638680.832, 118
Trd, 8638681.632, 116
Trd, 8638682.232, 60
Trd, 8638682.332, 65
Trd, 8638682.532, 100
Trd, 8638682.932, 126
Trd, 8638683.282, 126
Trd, 8638684.932, 128
Trd, 8638685.282, 125
Trd, 8638685.582, 128
Trd, 8638686.832, 92
Trd, 8638686.982, 106
Trd, 8638687.182, 114
Trd, 8638687.832, 83
Trd, 8638688.082, 72
Trd, 8638690.282, 119
Trd, 8638690.432, 66
Trd, 8638691.432, 76
Trd, 8638691.532, 97
Trd, 8638691.782, 82
Trd, 8638692.432, 80
Trd, 8638692.532, 83
Trd, 8638693.132, 133
Trd, 8638693.382, 110
Trd, 8638694.082, 68
Trd, 8638694.982, 71
Trd, 8638695.182, 78
Trd, 8638696.582, 121
Trd, 8638697.132, 96
Trd, 8638698.832, 108
Trd, 8638699.882, 100
Trd, 8638700.682, 119
Trd, 8638701.232, 130
Trd, 8638701.632, 114
Trd, 8638701.932, 134
Trd, 8638702.132, 105
Trd, 8638702.432, 104
Trd, 8638703.182, 92
Trd, 8638705.032, 101
Trd, 8638705.482, 104
Trd, 8638706.232, 127
Trd, 8638706.832, 122
Trd, 8638707.582, 107
Trd, 8638709.332, 127
Trd, 8638709.582, 110
Trd, 8638709.782, 106
Trd, 8638710.882, 86
Trd, 8638711.182, 78
Trd, 8638711.682, 132
Trd, 8638711.732, 112
Trd, 8638712.082, 117
Trd, 8638712.582, 121
Trd, 8638712.882, 115
Trd, 8638713.632, 113
Trd, 8638715.382, 102
Trd, 8638715.982, 109
Trd, 8638716.932, 95
Trd, 8638717.682, 124
Trd, 8638718.332, 134
Trd, 8638718.732, 132
Trd, 8638718.832, 101
Trd, 8638720.832, 133
Trd, 8638720.932, 106
Trd, 8638721.982, 94
Trd, 8638722.182, 90
Trd, 8638723.032, 87
Trd, 8638723.682, 91
Trd, 8638724.382, 61
Trd, 8638724.982, 88
Trd, 8638725.532, 61
Trd, 8638726.282, 127
Trd, 8638726.932, 132
Trd, 8638727.332, 83
Trd, 8638727.482, 72
Trd, 8638728.032, 66
Trd, 8638728.882, 107
Trd, 8638730.632, 90
Trd, 8638731.382, 120
Trd, 8638732.432, 86
Trd, 8638732.982, 67
Trd, 8638733.782, 107
Trd, 8638734.282, 123
Trd, 8638735.582, 63
Trd, 8638736.132, 68
Trd, 8638736.332, 102
Trd, 8638736.982, 131
Trd, 8638737.632, 82
Trd, 8638737.682, 83
Trd, 8638738.882, 134
Trd, 8638738.982, 116
Trd, 8638739.182, 108
Trd, 8638740.582, 111
Trd, 8638740.732, 114
Trd, 8638740.782, 107
Trd, 8638741.432, 99
Trd, 8638743.882, 137
Trd, 8638743.982, 134
Trd, 8638744.332, 116
Trd, 8638744.982, 134
Trd, 8638745.282, 111
Trd, 8638745.832, 90
Trd, 8638745.982, 86
Trd, 8638746.282, 72
Trd, 8638747.432, 96
Trd, 8638748.282, 88
Trd, 8638748.482, 94
Trd, 8638748.732, 95
Trd, 8638748.982, 131
Trd, 8638749.932, 88
Trd, 8638750.582, 69
Trd, 8638751.682, 83
Trd, 8638752.582, 105
Trd, 8638753.032, 106
Trd, 8638753.332, 118
Trd, 8638753.632, 101
Trd, 8638754.082, 71
Trd, 8638754.732, 74
Trd, 8638754.982, 86
Trd, 8638756.932, 110
Trd, 8638757.882, 102
Trd, 8638758.732, 121
Trd, 8638758.882, 98
Trd, 8638759.382, 86
Trd, 8638760.132, 123
Trd, 8638760.832, 131
Trd, 8638761.082, 117
Trd, 8638761.282, 99
Trd, 8638761.882, 130
Trd, 8638762.732, 112
Trd, 8638763.782, 133
Trd, 8638763.932, 129
Trd, 8638764.632, 74
Trd, 8638764.882, 61
Trd, 8638765.332, 118
Trd, 8638766.982, 90
Trd, 8638768.282, 127
Trd, 8638769.082, 116
Trd, 8638769.882, 114
Trd, 8638770.132, 116
Trd, 8638770.782, 127
Trd, 8638771.082, 105
Trd, 8638772.332, 100
Trd, 8638773.332, 131
Trd, 8638774.832, 125
Trd, 8638774.882, 120
Trd, 8638775.082, 124
Trd, 8638777.432, 99
Trd, 8638777.582, 124
Trd, 8638778.732, 100
Trd, 8638778.882, 108
Trd, 8638779.632, 120
Trd, 8638779.832, 83
Trd, 8638779.982, 140
Trd, 8638780.632, 118
Trd, 8638782.382, 75
Trd, 8638782.882, 83
Trd, 8638783.932, 82
Trd, 8638785.282, 121
Trd, 8638786.432, 128
Trd, 8638787.282, 104
Trd, 8638787.832, 134
Trd, 8638789.232, 119
Trd, 8638789.982, 113
Trd, 8638790.032, 124
Trd, 8638790.482, 97
Trd, 8638790.882, 114
Trd, 8638791.432, 127
Trd, 8638793.332, 136
Trd, 8638794.082, 92
Trd, 8638794.732, 70
Trd, 8638795.032, 89
Trd, 8638795.982, 129
Trd, 8638796.032, 108
Trd, 8638798.432, 98
Trd, 8638798.932, 66
Trd, 8638799.832, 131
Trd, 8638800.232, 114
Trd, 8638801.482, 136
Trd, 8638801.882, 138
Trd, 8638803.532, 127
Trd, 8638803.732, 136
Trd, 8638804.932, 134
Trd, 8638804.982, 130
Trd, 8638805.182, 118
Trd, 8638806.882, 97
Trd, 8638807.432, 122
Trd, 8638807.532, 116
Trd, 8638808.032, 113
Trd, 8638808.082, 100
Trd, 8638808.932, 114
Trd, 8638809.682, 123
Trd, 8638810.982, 107
Trd, 8638811.482, 130
Trd, 8638813.682, 134
Trd, 8638814.532, 122
Trd, 8638815.032, 115
Trd, 8638816.482, 139
Trd, 8638816.832, 132
Trd, 8638817.932, 113
Trd, 8638818.332, 107
Trd, 8638818.582, 102
Trd, 8638818.682, 104
Trd, 8638820.282, 133
Trd, 8638820.532, 130
Trd, 8638822.082, 124
Trd, 8638822.682, 104
Trd, 8638823.482, 138
Trd, 8638827.282, 110
Trd, 8638827.482, 98
Trd, 8638828.882, 125
Trd, 8638829.532, 133
Trd, 8638829.682, 126
Trd, 8638829.832, 139
Trd, 8638830.532, 73
Trd, 8638831.682, 119
Trd, 8638832.282, 93
Trd, 8638832.632, 114
Trd, 8638833.682, 99
Trd, 8638834.632, 83
Trd, 8638835.032, 133
Trd, 8638835.832, 99
Trd, 8638836.782, 64
Trd, 8638838.232, 125
Trd, 8638839.482, 127
Trd, 8638840.182, 104
Trd, 8638840.282, 89
Trd, 8638840.382, 72
Trd, 8638841.332, 78
Trd, 8638841.882, 66
Trd, 8638843.182, 122
Trd, 8638843.282, 107
Trd, 8638844.882, 134
Trd, 8638845.332, 75
Trd, 8638846.182, 123
Trd, 8638847.582, 113
Trd, 8638848.082, 138
Trd, 8638848.232, 129
Trd, 8638848.332, 103
Trd, 8638848.532, 98
Trd, 8638849.782, 122
Trd, 8638851.082, 71
Trd, 8638853.132, 70
Trd, 8638854.082, 116
Trd, 8638854.282, 80
Trd, 8638854.882, 136
Trd, 8638855.482, 68
Trd, 8638856.732, 140
Trd, 8638857.632, 111
Trd, 8638858.082, 108
Trd, 8638858.932, 123
Trd, 8638859.132, 135
Trd, 8638860.532, 88
Trd, 8638861.732, 121
Trd, 8638861.782, 90
Trd, 8638862.182, 79
Trd, 8638863.082, 105
Trd, 8638864.382, 112
Trd, 8638864.982, 110
Trd, 8638865.832, 102
Trd, 8638865.932, 85
Trd, 8638866.332, 86
Trd, 8638867.282, 124
Trd, 8638868.082, 65
Trd, 8638868.582, 60
Trd, 8638869.882, 102
Trd, 8638870.432, 123
Trd, 8638871.082, 98
Trd, 8638871.982, 122
Trd, 8638872.132, 127
Trd, 8638872.432, 96
Trd, 8638873.282, 120
Trd, 8638873.682, 109
Trd, 8638875.832, 130
Trd, 8638875.982, 118
Trd, 8638877.232, 117
Trd, 8638877.982, 138
Trd, 8638878.382, 139
Trd, 8638879.032, 117
Trd, 8638880.432, 106
Trd, 8638880.632, 88
Trd, 8638881.232, 96
Trd, 8638883.082, 124
Trd, 8638884.932, 88
Trd, 8638885.332, 134
Trd, 8638886.082, 139
Trd, 8638886.182, 138
Trd, 8638886.582, 138
Trd, 8638886.732, 136
Trd, 8638887.032, 115
Trd, 8638887.432, 107
Trd, 8638887.582, 100
Trd, 8638887.882, 112
Trd, 8638889.232, 116
Trd, 8638891.332, 104
Trd, 8638891.682, 91
Trd, 8638892.332, 101
Trd, 8638893.282, 71
Trd, 8638894.682, 67
Trd, 8638895.182, 84
Trd, 8638895.482, 108
Trd, 8638895.632, 64
Trd, 8638896.732, 87
Trd, 8638897.232, 109
Trd, 8638897.382, 83
Trd, 8638898.532, 65
Trd, 8638898.782, 137
Trd, 8638899.132, 88
Trd, 8638900.932, 135
Trd, 8638901.032, 106
Trd, 8638901.982, 127
Trd, 8638902.082, 125
Trd, 8638902.532, 122
Trd, 8638903.982, 131
Trd, 8638905.532, 137
Trd, 8638905.582, 102
Trd, 8638905.732, 96
Trd, 8638907.482, 62
Trd, 8638907.982, 101
Trd, 8638909.682, 140
Trd, 8638909.982, 133
Trd, 8638910.532, 118
Trd, 8638910.932, 94
Trd, 8638911.882, 103
Trd, 8638913.282, 75
Trd, 8638914.432, 132
Trd, 8638914.982, 130
Trd, 8638915.382, 127
Trd, 8638917.182, 89
Trd, 8638917.632, 115
Trd, 8638918.182, 138
Trd, 8638918.582, 111
Trd, 8638918.932, 106
Trd, 8638919.482, 107
Trd, 8638920.232, 105
Trd, 8638921.132, 132
Trd, 8638921.532, 113
Trd, 8638921.582, 109
Trd, 8638924.632, 130
Trd, 8638924.732, 122
Trd, 8638924.982, 122
Trd, 8638926.282, 133
Trd, 8638926.482, 109
Trd, 8638927.382, 101
Trd, 8638927.482, 118
Trd, 8638928.332, 130
Trd, 8638928.532, 134
Trd, 8638928.782, 106
Trd, 8638929.632, 84
Trd, 8638930.782, 127
Trd, 8638930.832, 95
Trd, 8638932.232, 137
Trd, 8638933.682, 118
Trd, 8638933.982, 127
Trd, 8638935.032, 124
Trd, 8638935.582, 104
Trd, 8638936.082, 106
Trd, 8638936.732, 112
Trd, 8638937.182, 84
Trd, 8638937.682, 98
Trd, 8638937.782, 64
Trd, 8638938.482, 119
Trd, 8638940.232, 134
Trd, 8638941.082, 105
Trd, 8638941.732, 77
Trd, 8638942.832, 118
Trd, 8638944.332, 98
Trd, 8638944.632, 116
Trd, 8638946.082, 114
Trd, 8638946.182, 104
Trd, 8638947.032, 140
Trd, 8638947.382, 133
Trd, 8638947.432, 111
Trd, 8638948.032, 128
Trd, 8638948.132, 117
Trd, 8638949.432, 104
Trd, 8638949.632, 108
Trd, 8638950.882, 116
Trd, 8638951.432, 140
Trd, 8638951.932, 132
Trd, 8638953.232, 102
Trd, 8638955.382, 124
Trd, 8638955.632, 127
Trd, 8638956.032, 73
Trd, 8638957.232, 113
Trd, 8638957.932, 129
Trd, 8638958.882, 125
Trd, 8638959.582, 112
Trd, 8638960.532, 89
Trd, 8638961.182, 122
Trd, 8638961.832, 116
Trd, 8638962.832, 110
Trd, 8638963.332, 136
Trd, 8638963.482, 80
Trd, 8638963.682, 88
Trd, 8638965.332, 110
Trd, 8638965.582, 86
Trd, 8638966.182, 105
Trd, 8638968.232, 117
Trd, 8638968.582, 101
Trd, 8638969.282, 122
Trd, 8638970.482, 130
Trd, 8638970.582, 113
Trd, 8638970.882, 130
Trd, 8638972.982, 139
Trd, 8638973.732, 126
Trd, 8638974.782, 128
Trd, 8638974.982, 100
Trd, 8638975.082, 88
Trd, 8638975.532, 115
Trd, 8638977.232, 132
Trd, 8638978.432, 119
Trd, 8638978.482, 92
Trd, 8638980.382, 138
Trd, 8638981.482, 127
Trd, 8638981.682, 121
Trd, 8638981.732, 112
Trd, 8638982.482, 130
Trd, 8638982.682, 71
Trd, 8638983.382, 91
Trd, 8638984.782, 133
Trd, 8638985.782, 106
Trd, 8638986.082, 105
Trd, 8638986.532, 96
Trd, 8638987.182, 129
Trd, 8638987.832, 86
Trd, 8638988.282, 69
Trd, 8638988.982, 119
Trd, 8638989.382, 120
Trd, 8638990.482, 116
Trd, 8638991.282, 108
Trd, 8638992.432, 72
Trd, 8638993.632, 91
Trd, 8638995.282, 112
Trd, 8638995.682, 127
Trd, 8638995.832, 81
Trd, 8638996.332, 90
Trd, 8638996.982, 111
Trd, 8638997.332, 76
Trd, 8638997.382, 85
Trd, 8638999.932, 106
Trd, 8639000.282, 64
Trd, 8639000.482, 102
Trd, 8639000.882, 78
Trd, 8639001.982, 87
Trd, 8639003.232, 133
Trd, 8639003.432, 134
Trd, 8639003.682, 86
Trd, 8639004.182, 74
Trd, 8639004.232, 78
Trd, 8639005.732, 136
Trd, 8639006.832, 132
Trd, 8639006.932, 86
Trd, 8639009.432, 127
Trd, 8639009.882, 140
Trd, 8639010.382, 130
Trd, 8639010.832, 101
Trd, 8639010.882, 87
Trd, 8639011.332, 105
Trd, 8639012.582, 60
Trd, 8639012.832, 68
Trd, 8639013.932, 134
Trd, 8639014.332, 107
Trd, 8639014.582, 116
Trd, 8639015.682, 119
Trd, 8639016.082, 105
Trd, 8639016.582, 98
Trd, 8639017.182, 91
Trd, 8639017.732, 99
Trd, 8639019.932, 105
Trd, 8639020.282, 76
Trd, 8639020.732, 140
Trd, 8639021.582, 102
Trd, 8639022.082, 127
Trd, 8639022.232, 76
Trd, 8639022.932, 71
Trd, 8639023.782, 60
Trd, 8639023.982, 85
Trd, 8639024.082, 100
Trd, 8639025.282, 131
Trd, 8639025.332, 102
Trd, 8639027.432, 109
Trd, 8639027.732, 106
Trd, 8639030.182, 123
Trd, 8639030.732, 111
Trd, 8639031.482, 118
Trd, 8639032.182, 135
Trd, 8639033.982, 109
Trd, 8639034.032, 91
Trd, 8639034.732, 140
Trd, 8639035.582, 97
Trd, 8639035.782, 72
Trd, 8639036.282, 91
Trd, 8639036.632, 82
Trd, 8639038.232, 65
Trd, 8639038.632, 126
Trd, 8639039.432, 118
Trd, 8639040.582, 131
Trd, 8639040.632, 129
Trd, 8639041.732, 129
Trd, 8639042.832, 129
Trd, 8639043.382, 134
Trd, 8639043.432, 127
Trd, 8639043.682, 129
Trd, 8639045.382, 94
Trd, 8639045.982, 119
Trd, 8639046.582, 117
Trd, 8639048.482, 132
Trd, 8639050.932, 131
Trd, 8639051.232, 115
Trd, 8639051.782, 110
Trd, 8639052.532, 136
Trd, 8639052.582, 97
Trd, 8639052.932, 96
Trd, 8639053.482, 121
Trd, 8639054.382, 118
Trd, 8639055.182, 127
Trd, 8639055.782, 134
Trd, 8639055.982, 129
Trd, 8639056.282, 125
Trd, 8639056.632, 96
Trd, 8639056.682, 88
Trd, 8639057.132, 79
Trd, 8639057.832, 100
Trd, 8639058.182, 95
Trd, 8639058.532, 69
Trd, 8639059.482, 91
Trd, 8639059.882, 105
Trd, 8639060.482, 81
Trd, 8639061.682, 124
Trd, 8639062.132, 111
Trd, 8639063.132, 115
Trd, 8639063.532, 134
Trd, 8639064.032, 97
Trd, 8639065.082, 133
Trd, 8639065.482, 112
Trd, 8639067.832, 130
Trd, 8639068.532, 113
Trd, 8639068.932, 135
Trd, 8639069.332, 111
Trd, 8639069.432, 95
Trd, 8639070.432, 80
Trd, 8639070.732, 118
Trd, 8639071.182, 109
Trd, 8639073.482, 108
Trd, 8639074.082, 93
Trd, 8639074.132, 118
Trd, 8639075.882, 113
Trd, 8639078.132, 138
Trd, 8639078.282, 108
Trd, 8639078.632, 107
Trd, 8639078.782, 102
Trd, 8639079.682, 86
Trd, 8639080.232, 136
Trd, 8639081.832, 132
Trd, 8639082.932, 93
Trd, 8639083.332, 130
Trd, 8639083.782, 87
Trd, 8639083.932, 89
Trd, 8639085.232, 115
Trd, 8639085.432, 113
Trd, 8639085.932, 136
Trd, 8639086.732, 87
Trd, 8639086.832, 72
Trd, 8639087.182, 102
Trd, 8639088.232, 73
Trd, 8639088.732, 129
Trd, 8639088.982, 122
Trd, 8639089.632, 73
Trd, 8639090.482, 136
Trd, 8639091.482, 126
Trd, 8639092.682, 136
Trd, 8639093.032, 125
Trd, 8639093.432, 114
Trd, 8639094.532, 88
Trd, 8639095.132, 118
Trd, 8639095.632, 81
Trd, 8639096.232, 81
Trd, 8639096.332, 92
Trd, 8639097.132, 102
Trd, 8639097.532, 67
Trd, 8639098.332, 71
Trd, 8639098.832, 78
Trd, 8639098.882, 92
Trd, 8639099.432, 110
Trd, 8639099.632, 129
Trd, 8639102.232, 137
Trd, 8639103.382, 127
Trd, 8639103.432, 115
Trd, 8639103.482, 77
Trd, 8639103.732, 75
Trd, 8639104.482, 90
Trd, 8639105.532, 135
Trd, 8639106.132, 134
Trd, 8639106.982, 127
Trd, 8639108.632, 124
Trd, 8639109.382, 132
Trd, 8639110.232, 86
Trd, 8639112.032, 97
Trd, 8639112.282, 106
Trd, 8639112.932, 113
Trd, 8639113.032, 118
Trd, 8639113.132, 121
Trd, 8639113.182, 92
Trd, 8639114.882, 130
Trd, 8639115.232, 116
Trd, 8639115.682, 106
Trd, 8639117.132, 128
Trd, 8639117.232, 117
Trd, 8639119.232, 134
Trd, 8639119.382, 124
Trd, 8639120.232, 104
Trd, 8639120.432, 85
Trd, 8639120.532, 84
Trd, 8639122.382, 115
Trd, 8639122.932, 78
Trd, 8639123.682, 120
Trd, 8639125.182, 118
Trd, 8639125.482, 133
Trd, 8639126.482, 127
Trd, 8639126.632, 98
Trd, 8639127.232, 136
Trd, 8639128.132, 119
Trd, 8639129.032, 125
Trd, 8639129.282, 116
Trd, 8639129.532, 108
Trd, 8639129.982, 78
Trd, 8639131.782, 83
Trd, 8639132.582, 87
Trd, 8639133.482, 126
Trd, 8639134.482, 106
Trd, 8639135.532, 119
Trd, 8639137.182, 135
Trd, 8639137.582, 108
Trd, 8639138.582, 121
Trd, 8639138.682, 88
Trd, 8639139.232, 86
Trd, 8639139.632, 101
Trd, 8639140.332, 69
Trd, 8639140.582, 79
Trd, 8639140.882, 75
Trd, 8639141.432, 108
Trd, 8639141.882, 79
Trd, 8639142.882, 99
Trd, 8639143.032, 105
Trd, 8639144.132, 85
Trd, 8639144.682, 124
Trd, 8639145.282, 107
Trd, 8639146.682, 113
Trd, 8639146.832, 94
Trd, 8639146.982, 121
Trd, 8639147.182, 117
Trd, 8639149.532, 117
Trd, 8639149.882, 112
Trd, 8639150.132, 107
Trd, 8639151.282, 100
Trd, 8639151.982, 100
Trd, 8639152.882, 96
Trd, 8639153.282, 112
Trd, 8639154.032, 122
Trd, 8639154.232, 101
Trd, 8639154.832, 118
Trd, 8639155.282, 107
Trd, 8639156.132, 101
Trd, 8639156.582, 97
Trd, 8639157.732, 130
Trd, 8639159.782, 125
Trd, 8639160.132, 134
Trd, 8639160.832, 138
Trd, 8639161.232, 77
Trd, 8639162.132, 64
Trd, 8639162.182, 72
Trd, 8639163.232, 129
Trd, 8639163.532, 105
Trd, 8639165.282, 108
Trd, 8639165.832, 105
Trd, 8639166.332, 88
Trd, 8639166.932, 112
Trd, 8639167.032, 119
Trd, 8639167.682, 98
Trd, 8639168.632, 135
Trd, 8639169.282, 93
Trd, 8639169.432, 126
Trd, 8639170.432, 115
Trd, 8639172.282, 99
Trd, 8639172.932, 67
Trd, 8639173.032, 73
Trd, 8639173.482, 100
Trd, 8639174.332, 108
Trd, 8639174.832, 132
Trd, 8639174.932, 107
Trd, 8639175.432, 110
Trd, 8639176.532, 137
Trd, 8639176.932, 124
Trd, 8639177.382, 78
Trd, 8639179.932, 129
Trd, 8639181.232, 135
Trd, 8639181.832, 122
Trd, 8639182.232, 116
Trd, 8639182.482, 111
Trd, 8639183.482, 124
Trd, 8639185.782, 136
Trd, 8639186.332, 129
Trd, 8639187.282, 131
Trd, 8639189.732, 127
Trd, 8639189.782, 114
Trd, 8639190.082, 139
Trd, 8639190.182, 114
Trd, 8639191.782, 117
Trd, 8639191.832, 113
Trd, 8639192.532, 69
Trd, 8639193.032, 135
Trd, 8639193.182, 132
Trd, 8639195.132, 134
Trd, 8639195.382, 133
Trd, 8639197.132, 82
Trd, 8639197.532, 121
Trd, 8639197.682, 103
Trd, 8639197.982, 137
Trd, 8639199.582, 119
Trd, 8639199.732, 113
Trd, 8639200.732, 124
Trd, 8639201.532, 119
Trd, 8639202.132, 131
Trd, 8639203.482, 134
Trd, 8639203.832, 114
Trd, 8639204.182, 75
Trd, 8639204.582, 114
Trd, 8639206.932, 60
Trd, 8639206.982, 74
Trd, 8639207.532, 114
Trd, 8639208.632, 98
Trd, 8639210.032, 121
Trd, 8639210.982, 69
Trd, 8639211.482, 129
Trd, 8639211.732, 108
Trd, 8639213.832, 133
Trd, 8639214.482, 107
Trd, 8639214.682, 98
Trd, 8639215.732, 104
Trd, 8639216.632, 139
Trd, 8639216.882, 133
Trd, 8639217.382, 132
Trd, 8639217.482, 117
Trd, 8639217.582, 95
Trd, 8639218.382, 130
Trd, 8639219.032, 93
Trd, 8639220.732, 92
Trd, 8639221.282, 132
Trd, 8639221.332, 124
Trd, 8639221.932, 132
Trd, 8639223.082, 119
Trd, 8639223.532, 109
Trd, 8639223.982, 138
Trd, 8639224.632, 129
Trd, 8639224.732, 109
Trd, 8639225.582, 122
Trd, 8639226.282, 127
Trd, 8639227.982, 113
Trd, 8639229.882, 128
Trd, 8639230.182, 103
Trd, 8639230.332, 128
Trd, 8639231.332, 126
Trd, 8639231.382, 80
Trd, 8639231.532, 136
Trd, 8639232.632, 121
Trd, 8639232.982, 86
Trd, 8639234.282, 111
Trd, 8639236.332, 93
Trd, 8639236.532, 129
Trd, 8639236.882, 82
Trd, 8639237.332, 104
Trd, 8639237.432, 103
Trd, 8639238.532, 132
Trd, 8639238.882, 120
Trd, 8639239.632, 130
Trd, 8639240.232, 108
Trd, 8639241.632, 128
Trd, 8639242.732, 109
Trd, 8639243.032, 86
Trd, 8639243.932, 113
Trd, 8639244.432, 85
Trd, 8639244.882, 133
Trd, 8639245.432, 131
Trd, 8639246.432, 140
Trd, 8639246.882, 113
Trd, 8639247.632, 124
Trd, 8639247.682, 118
Trd, 8639248.782, 139
Trd, 8639249.432, 123
Trd, 8639250.332, 116
Trd, 8639251.182, 138
Trd, 8639251.782, 92
Trd, 8639253.082, 134
Trd, 8639253.732, 96
Trd, 8639253.882, 93
Trd, 8639254.132, 85
Trd, 8639254.482, 82
Trd, 8639255.532, 106
Trd, 8639256.132, 104
Trd, 8639256.482, 108
Trd, 8639257.332, 63
Trd, 8639257.432, 77
Trd, 8639258.282, 94
Trd, 8639258.882, 108
Trd, 8639259.382, 140
Trd, 8639260.182, 86
Trd, 8639261.932, 112
Trd, 8639262.182, 111
Trd, 8639262.632, 113
Trd, 8639262.882, 114
Trd, 8639263.432, 85
Trd, 8639264.482, 61
Trd, 8639266.082, 73
Trd, 8639266.682, 91
Trd, 8639267.332, 93
Trd, 8639268.682, 70
Trd, 8639268.782, 77
Trd, 8639268.832, 101
Trd, 8639269.432, 62
Trd, 8639270.232, 60
Trd, 8639271.332, 104
Trd, 8639272.182, 89
Trd, 8639272.282, 74
Trd, 8639272.532, 104
Trd, 8639275.132, 87
Trd, 8639275.532, 64
Trd, 8639276.932, 140
Trd, 8639277.532, 129
Trd, 8639277.682, 102
Trd, 8639278.632, 68
Trd, 8639278.832, 102
Trd, 8639279.532, 108
Trd, 8639279.832, 107
Trd, 8639280.382, 120
Trd, 8639280.582, 115
Trd, 8639281.832, 122
Trd, 8639282.532, 107
Trd, 8639282.882, 99
Trd, 8639283.632, 76
Trd, 8639284.932, 107
Trd, 8639285.732, 75
Trd, 8639286.682, 126
Trd, 8639287.332, 92
Trd, 8639287.682, 131
Trd, 8639288.132, 121
Trd, 8639288.682, 105
Trd, 8639289.082, 93
Trd, 8639289.932, 131
Trd, 8639290.032, 79
Trd, 8639291.582, 130
Trd, 8639291.632, 117
Trd, 8639293.682, 138
Trd, 8639294.532, 135
Trd, 8639295.082, 117
Trd, 8639295.982, 63
Trd, 8639296.132, 78
Trd, 8639296.832, 102
Trd, 8639297.232, 90
Trd, 8639297.682, 105
Trd, 8639297.982, 135
Trd, 8639298.382, 70
Trd, 8639300.032, 96
Trd, 8639300.382, 80
Trd, 8639300.582, 98
Trd, 8639300.732, 73
Trd, 8639301.282, 99
Trd, 8639301.632, 69
Trd, 8639301.832, 94
Trd, 8639302.532, 111
Trd, 8639304.382, 109
Trd, 8639304.882, 108
Trd, 8639305.332, 95
Trd, 8639307.032, 122
Trd, 8639307.732, 102
Trd, 8639308.032, 125
Trd, 8639309.432, 129
Trd, 8639309.782, 118
Trd, 8639312.032, 123
Trd, 8639312.282, 104
Trd, 8639312.832, 80
Trd, 8639312.982, 80
Trd, 8639313.432, 115
Trd, 8639315.482, 135
Trd, 8639316.582, 107
Trd, 8639316.682, 106
Trd, 8639318.082, 81
Trd, 8639318.182, 119
Trd, 8639318.932, 115
Trd, 8639320.432, 96
Trd, 8639320.632, 62
Trd, 8639321.482, 101
Trd, 8639321.882, 64
Trd, 8639322.382, 111
Trd, 8639322.932, 115
Trd, 8639323.282, 119
Trd, 8639323.882, 133
Trd, 8639323.932, 125
Trd, 8639324.682, 76
Trd, 8639325.682, 124
Trd, 8639326.182, 85
Trd, 8639327.882, 118
Trd, 8639328.282, 137
Trd, 8639328.732, 85
Trd, 8639328.882, 125
Trd, 8639329.432, 76
Trd, 8639330.232, 81
Trd, 8639330.832, 63
Trd, 8639331.382, 61
Trd, 8639332.332, 111
Trd, 8639333.082, 72
Trd, 8639333.782, 64
Trd, 8639333.882, 88
Trd, 8639333.982, 101
Trd, 8639335.082, 78
Trd, 8639335.332, 96
Trd, 8639336.332, 64
Trd, 8639338.282, 110
Trd, 8639339.082, 113
Trd, 8639339.382, 136
Trd, 8639340.232, 113
Trd, 8639340.582, 111
Trd, 8639341.132, 132
Trd, 8639342.282, 138
Trd, 8639342.532, 137
Trd, 8639342.982, 90
Trd, 8639343.282, 98
Trd, 8639344.032, 130
Trd, 8639345.832, 136
Trd, 8639346.532, 123
Trd, 8639348.082, 124
Trd, 8639348.182, 114
Trd, 8639349.332, 140
Trd, 8639349.382, 132
Trd, 8639350.482, 133
Trd, 8639350.782, 115
Trd, 8639351.932, 108
Trd, 8639352.582, 126
Trd, 8639352.732, 85
Trd, 8639353.682, 111
Trd, 8639353.832, 107
Trd, 8639354.232, 118
Trd, 8639354.932, 106
Trd, 8639355.482, 122
Trd, 8639356.982, 114
Trd, 8639357.532, 112
Trd, 8639357.582, 95
Trd, 8639358.132, 83
Trd, 8639358.882, 84
Trd, 8639358.982, 127
Trd, 8639361.182, 93
Trd, 8639361.232, 90
Trd, 8639361.532, 89
Trd, 8639361.932, 113
Trd, 8639362.682, 81
Trd, 8639363.032, 130
Trd, 8639364.382, 123
Trd, 8639365.832, 133
Trd, 8639366.232, 84
Trd, 8639366.532, 69
Trd, 8639367.232, 105
Trd, 8639369.082, 132
Trd, 8639369.332, 114
Trd, 8639369.682, 80
Trd, 8639370.232, 118
Trd, 8639370.682, 124
Trd, 8639371.082, 87
Trd, 8639372.132, 65
Trd, 8639373.932, 66
Trd, 8639374.382, 99
Trd, 8639374.632, 112
Trd, 8639375.082, 138
Trd, 8639376.182, 89
Trd, 8639377.382, 136
Trd, 8639377.782, 73
Trd, 8639378.382, 133
Trd, 8639379.432, 82
Trd, 8639379.832, 124
Trd, 8639380.482, 87
Trd, 8639381.582, 112
Trd, 8639383.782, 135
Trd, 8639383.832, 112
Trd, 8639383.982, 106
Trd, 8639384.532, 111
Trd, 8639385.932, 131
Trd, 8639386.132, 113
Trd, 8639386.482, 105
Trd, 8639387.032, 76
Trd, 8639387.682, 85
Trd, 8639389.532, 103
Trd, 8639389.632, 102
Trd, 8639389.732, 133
Trd, 8639390.032, 91
Trd, 8639390.132, 116
Trd, 8639391.482, 113
Trd, 8639392.082, 80
Trd, 8639392.282, 82
Trd, 8639392.882, 100
Trd, 8639393.532, 128
Trd, 8639395.982, 130
Trd, 8639396.082, 115
Trd, 8639396.382, 91
Trd, 8639396.782, 114
Trd, 8639397.232, 115
Trd, 8639397.432, 72
Trd, 8639398.632, 119
Trd, 8639399.432, 68
Trd, 8639400.332, 111
Trd, 8639400.832, 102
Trd, 8639401.232, 137
Trd, 8639401.382, 101
Trd, 8639402.982, 127
Trd, 8639403.332, 123
Trd, 8639403.882, 128
Trd, 8639404.232, 118
Trd, 8639405.982, 100
Trd, 8639406.032, 112
Trd, 8639406.732, 90
Trd, 8639406.932, 108
Trd, 8639407.182, 137
Trd, 8639407.532, 128
Trd, 8639408.432, 114
Trd, 8639409.132, 130
Trd, 8639409.882, 81
Trd, 8639410.232, 101
Trd, 8639411.382, 70
Trd, 8639412.032, 130
Trd, 8639412.632, 94
Trd, 8639413.232, 66
Trd, 8639414.682, 114
Trd, 8639415.382, 115
Trd, 8639416.682, 96
Trd, 8639417.332, 123
Trd, 8639417.532, 106
Trd, 8639418.132, 125
Trd, 8639418.532, 133
Trd, 8639418.932, 78
Trd, 8639420.382, 62
Trd, 8639420.932, 62
Trd, 8639422.082, 140
Trd, 8639422.532, 139
Trd, 8639422.932, 93
Trd, 8639423.632, 89
Trd, 8639423.932, 81
Trd, 8639424.382, 103
Trd, 8639425.732, 119
Trd, 8639425.932, 128
Trd, 8639426.132, 125
Trd, 8639427.532, 139
Trd, 8639427.582, 113
Trd, 8639428.632, 89
Trd, 8639429.782, 111
Trd, 8639430.782, 89
Trd, 8639431.782, 113
Trd, 8639431.832, 109
Trd, 8639432.132, 99
Trd, 8639432.832, 135
Trd, 8639435.032, 131
Trd, 8639435.182, 136
Trd, 8639435.282, 89
Trd, 8639435.682, 88
Trd, 8639436.232, 65
Trd, 8639437.732, 72
Trd, 8639438.532, 96
Trd, 8639439.482, 111
Trd, 8639439.532, 125
Trd, 8639440.232, 126
Trd, 8639440.332, 84
Trd, 8639441.132, 71
Trd, 8639441.432, 91
Trd, 8639442.282, 121
Trd, 8639443.632, 106
Trd, 8639445.132, 132
Trd, 8639445.232, 125
Trd, 8639445.282, 109
Trd, 8639446.882, 130
Trd, 8639447.532, 122
Trd, 8639449.582, 140
Trd, 8639450.382, 126
Trd, 8639451.632, 120
Trd, 8639451.682, 112
Trd, 8639452.682, 137
Trd, 8639452.832, 129
Trd, 8639454.832, 108
Trd, 8639455.782, 140
Trd, 8639456.532, 108
Trd, 8639456.732, 135
Trd, 8639457.482, 116
Trd, 8639458.332, 76
Trd, 8639458.682, 84
Trd, 8639459.882, 138
Trd, 8639460.032, 87
Trd, 8639460.682, 72
Trd, 8639461.182, 99
Trd, 8639462.032, 105
Trd, 8639462.082, 69
Trd, 8639462.632, 60
Trd, 8639462.882, 82
Trd, 8639463.432, 117
Trd, 8639465.182, 105
Trd, 8639465.882, 109
Trd, 8639466.632, 100
Trd, 8639467.032, 108
Trd, 8639467.132, 111
Trd, 8639468.382, 128
Trd, 8639468.432, 102
Trd, 8639468.832, 131
Trd, 8639469.382, 113
Trd, 8639469.882, 87
Trd, 8639470.282, 105
Trd, 8639471.482, 117
Trd, 8639473.832, 128
Trd, 8639474.482, 108
Trd, 8639474.882, 101
Trd, 8639475.482, 67
Trd, 8639475.882, 104
Trd, 8639475.932, 119
Trd, 8639476.732, 67
Trd, 8639477.282, 133
Trd, 8639477.732, 95
Trd, 8639478.432, 81
Trd, 8639478.882, 139
Trd, 8639479.832, 71
Trd, 8639479.932, 79
Trd, 8639480.482, 76
Trd, 8639482.182, 106
Trd, 8639483.682, 112
Trd, 8639483.932, 78
Trd, 8639484.632, 131
Trd, 8639485.032, 136
Trd, 8639486.732, 97
Trd, 8639487.682, 71
Trd, 8639489.582, 124
Trd, 8639490.382, 139
Trd, 8639490.782, 115
Trd, 8639490.982, 122
Trd, 8639491.232, 115
Trd, 8639492.282, 126
Trd, 8639493.932, 108
Trd, 8639494.732, 64
Trd, 8639496.182, 82
Trd, 8639496.432, 84
Trd, 8639496.532, 98
Trd, 8639496.832, 105
Trd, 8639496.982, 81
Trd, 8639497.132, 95
Trd, 8639498.782, 87
Trd, 8639499.832, 85
Trd, 8639500.282, 96
Trd, 8639500.932, 88
Trd, 8639501.782, 81
Trd, 8639502.632, 68
Trd, 8639503.182, 112
Trd, 8639503.282, 99
Trd, 8639505.432, 89
Trd, 8639506.732, 115
Trd, 8639507.132, 96
Trd, 8639507.532, 71
Trd, 8639508.682, 108
Trd, 8639509.832, 91
Trd, 8639510.082, 128
Trd, 8639511.182, 121
Trd, 8639511.482, 95
Trd, 8639511.782, 94
Trd, 8639512.882, 130
Trd, 8639513.732, 111
Trd, 8639514.932, 92
Trd, 8639515.532, 82
Trd, 8639515.882, 103
Trd, 8639516.132, 72
Trd, 8639516.382, 105
Trd, 8639517.532, 121
Trd, 8639518.432, 113
Trd, 8639519.682, 65
Trd, 8639520.682, 121
Trd, 8639521.382, 86
Trd, 8639521.732, 116
Trd, 8639523.332, 127
Trd, 8639523.732, 119
Trd, 8639524.082, 111
Trd, 8639524.532, 99
Trd, 8639525.532, 90
Trd, 8639526.682, 114
Trd, 8639528.182, 131
Trd, 8639528.832, 140
Trd, 8639529.432, 104
Trd, 8639529.732, 66
Trd, 8639530.082, 122
Trd, 8639531.082, 133
Trd, 8639531.432, 135
Trd, 8639532.782, 110
Trd, 8639533.132, 127
Trd, 8639533.632, 86
Trd, 8639534.232, 78
Trd, 8639534.982, 130
Trd, 8639536.632, 100
Trd, 8639536.682, 95
Trd, 8639537.782, 117
Trd, 8639538.082, 122
Trd, 8639538.482, 71
Trd, 8639539.532, 95
Trd, 8639540.182, 117
Trd, 8639541.282, 110
Trd, 8639541.832, 119
Trd, 8639542.082, 132
Trd, 8639544.482, 126
Trd, 8639544.782, 129
Trd, 8639545.482, 108
Trd, 8639545.632, 113
Trd, 8639546.132, 79
Trd, 8639547.332, 98
Trd, 8639548.532, 116
Trd, 8639549.182, 126
Trd, 8639549.432, 128
Trd, 8639549.882, 126
Trd, 8639550.132, 136
Trd, 8639551.482, 128
Trd, 8639551.882, 72
Trd, 8639552.182, 111
Trd, 8639552.982, 118
Trd, 8639554.032, 98
Trd, 8639554.732, 111
Trd, 8639554.882, 133
Trd, 8639555.132, 122
Trd, 8639556.032, 137
Trd, 8639556.532, 135
Trd, 8639557.932, 75
Trd, 8639558.982, 129
Trd, 8639559.082, 132
Trd, 8639560.532, 117
Trd, 8639562.032, 137
Trd, 8639562.282, 120
Trd, 8639563.182, 139
Trd, 8639563.782, 112
Trd, 8639564.182, 108
Trd, 8639566.482, 113
Trd, 8639566.982, 97
Trd, 8639567.432, 95
Trd, 8639568.832, 116
Trd, 8639569.132, 109
Trd, 8639570.432, 126
Trd, 8639572.332, 131
Trd, 8639572.482, 129
Trd, 8639572.682, 107
Trd, 8639574.082, 119
Trd, 8639574.632, 121
Trd, 8639575.282, 120
Trd, 8639575.882, 114
Trd, 8639577.282, 126
Trd, 8639577.632, 120
Trd, 8639577.932, 106
Trd, 8639577.982, 91
Trd, 8639578.682, 138
Trd, 8639579.632, 117
Trd, 8639581.132, 118
Trd, 8639581.982, 96
Trd, 8639582.332, 102
Trd, 8639582.532, 86
Trd, 8639583.482, 101
Trd, 8639584.182, 81
Trd, 8639584.482, 84
Trd, 8639585.682, 138
Trd, 8639585.982, 108
Trd, 8639586.232, 126
Trd, 8639587.682, 103
Trd, 8639587.732, 104
Trd, 8639589.882, 137
Trd, 8639590.082, 139
Trd, 8639590.182, 102
Trd, 8639591.132, 138
Trd, 8639592.182, 108
Trd, 8639592.732, 66
Trd, 8639593.182, 116
Trd, 8639594.832, 105
Trd, 8639596.482, 129
Trd, 8639596.782, 109
Trd, 8639597.282, 113
Trd, 8639598.382, 127
Trd, 8639600.182, 115
Trd, 8639600.932, 85
Trd, 8639601.732, 91
Trd, 8639601.832, 105
Trd, 8639602.432, 134
Trd, 8639603.882, 108
Trd, 8639604.332, 110
Trd, 8639606.132, 109
Trd, 8639606.632, 125
Trd, 8639606.932, 98
Trd, 8639607.482, 102
Trd, 8639608.932, 132
Trd, 8639609.532, 93
Trd, 8639610.532, 117
Trd, 8639610.782, 128
Trd, 8639611.682, 136
Trd, 8639611.932, 117
Trd, 8639612.482, 71
Trd, 8639613.332, 65
Trd, 8639613.732, 95
Trd, 8639614.232, 73
Trd, 8639615.232, 75
Trd, 8639615.632, 109
Trd, 8639616.332, 63
Trd, 8639617.332, 79
Trd, 8639618.982, 116
Trd, 8639619.532, 127
Trd, 8639620.632, 105
Trd, 8639621.382, 86
Trd, 8639622.682, 123
Trd, 8639622.832, 115
Trd, 8639622.882, 85
Trd, 8639623.132, 125
Trd, 8639623.482, 102
Trd, 8639624.782, 110
Trd, 8639626.082, 80
Trd, 8639626.282, 81
Trd, 8639626.682, 78
Trd, 8639627.782, 114
Trd, 8639628.982, 123
Trd, 8639630.382, 135
Trd, 8639630.482, 101
Trd, 8639630.632, 82
Trd, 8639631.032, 97
Trd, 8639632.782, 109
Trd, 8639633.032, 96
Trd, 8639633.482, 110
Trd, 8639634.832, 128
Trd, 8639635.232, 113
Trd, 8639636.132, 130
Trd, 8639636.432, 128
Trd, 8639637.332, 100
Trd, 8639638.282, 117
Trd, 8639638.782, 138
Trd, 8639639.332, 105
Trd, 8639640.182, 100
Trd, 8639641.082, 123
Trd, 8639641.732, 131
Trd, 8639641.932, 116
Trd, 8639643.382, 110
Trd, 8639643.882, 83
Trd, 8639644.932, 83
Trd, 8639645.182, 95
Trd, 8639646.382, 128
Trd, 8639647.032, 111
Trd, 8639648.982, 112
Trd, 8639649.182, 105
Trd, 8639649.382, 102
Trd, 8639649.932, 122
Trd, 8639650.732, 83
Trd, 8639651.332, 75
Trd, 8639652.082, 81
Trd, 8639652.282, 110
Trd, 8639653.182, 136
Trd, 8639654.082, 74
Trd, 8639654.532, 112
Trd, 8639656.132, 111
Trd, 8639656.282, 115
Trd, 8639657.782, 101
Trd, 8639658.282, 112
Trd, 8639659.782, 80
Trd, 8639660.532, 129
Trd, 8639660.582, 127
Trd, 8639661.582, 86
Trd, 8639662.632, 82
Trd, 8639663.232, 98
Trd, 8639665.032, 121
Trd, 8639665.682, 84
Trd, 8639665.732, 86
Trd, 8639667.032, 80
Trd, 8639667.332, 117
Trd, 8639667.532, 69
Trd, 8639667.832, 66
Trd, 8639670.532, 119
Trd, 8639671.282, 136
Trd, 8639672.082, 118
Trd, 8639672.132, 114
Trd, 8639672.432, 132
Trd, 8639675.282, 95
Trd, 8639676.182, 131
Trd, 8639676.882, 130
Trd, 8639676.932, 129
Trd, 8639677.432, 135
Trd, 8639679.082, 135
Trd, 8639679.182, 71
Trd, 8639679.582, 103
Trd, 8639680.432, 94
Trd, 8639680.732, 73
Trd, 8639680.982, 130
Trd, 8639681.732, 130
Trd, 8639681.932, 110
Trd, 8639682.882, 127
Trd, 8639683.232, 125
Trd, 8639683.382, 100
Trd, 8639686.132, 135
Trd, 8639686.232, 124
Trd, 8639686.582, 78
Trd, 8639686.932, 93
Trd, 8639689.032, 125
Trd, 8639689.382, 126
Trd, 8639690.482, 129
Trd, 8639690.782, 111
Trd, 8639691.632, 120
Trd, 8639692.932, 116
Trd, 8639693.382, 77
Trd, 8639695.932, 106
Trd, 8639696.182, 78
Trd, 8639696.582, 60
Trd, 8639697.482, 70
Trd, 8639698.282, 94
Trd, 8639698.532, 94
Trd, 8639699.832, 127
Trd, 8639700.082, 122
Trd, 8639700.732, 108
Trd, 8639700.932, 93
Trd, 8639701.182, 135
Trd, 8639701.232, 126
Trd, 8639701.982, 125
Trd, 8639702.532, 121
Trd, 8639702.682, 100
Trd, 8639704.082, 94
Trd, 8639704.282, 134
Trd, 8639704.582, 87
Trd, 8639704.982, 71
Trd, 8639705.932, 70
Trd, 8639707.182, 140
Trd, 8639708.782, 116
Trd, 8639708.882, 106
Trd, 8639709.582, 97
Trd, 8639710.132, 80
Trd, 8639710.532, 127
Trd, 8639710.982, 138
Trd, 8639711.682, 97
Trd, 8639712.282, 92
Trd, 8639712.632, 82
Trd, 8639713.782, 95
Trd, 8639713.882, 64
Trd, 8639715.432, 118
Trd, 8639715.982, 64
Trd, 8639716.232, 123
Trd, 8639716.382, 119
Trd, 8639717.182, 128
Trd, 8639718.582, 66
Trd, 8639718.782, 89
Trd, 8639718.832, 120
Trd, 8639719.432, 93
Trd, 8639719.782, 67
Trd, 8639719.982, 100
Trd, 8639721.282, 90
Trd, 8639722.632, 117
Trd, 8639724.332, 125
Trd, 8639725.282, 132
Trd, 8639725.832, 80
Trd, 8639726.332, 76
Trd, 8639726.632, 97
Trd, 8639727.582, 97
Trd, 8639728.782, 137
Trd, 8639728.982, 110
Trd, 8639729.482, 96
Trd, 8639729.632, 124
Trd, 8639731.682, 107
Trd, 8639732.282, 123
Trd, 8639732.532, 109
Trd, 8639732.932, 84
Trd, 8639734.132, 79
Trd, 8639734.332, 87
Trd, 8639735.182, 118
Trd, 8639735.282, 75
Trd, 8639735.732, 104
Trd, 8639735.832, 80
Trd, 8639737.882, 112
Trd, 8639738.332, 114
Trd, 8639739.082, 99
Trd, 8639739.382, 75
Trd, 8639739.582, 118
Trd, 8639740.782, 65
Trd, 8639741.332, 66
Trd, 8639742.382, 80
Trd, 8639742.582, 94
Trd, 8639742.832, 97
Trd, 8639742.982, 118
Trd, 8639743.232, 83
Trd, 8639744.232, 135
Trd, 8639745.282, 67
Trd, 8639746.232, 118
Trd, 8639746.682, 109
Trd, 8639747.582, 137
Trd, 8639748.032, 134
Trd, 8639749.482, 102
Trd, 8639750.182, 122
Trd, 8639751.232, 82
Trd, 8639751.832, 122
Trd, 8639752.332, 132
Trd, 8639752.382, 131
Trd, 8639753.232, 129
Trd, 8639754.282, 103
Trd, 8639755.932, 104
Trd, 8639757.132, 114
Trd, 8639757.182, 103
Trd, 8639758.332, 66
Trd, 8639759.582, 140
Trd, 8639760.332, 127
Trd, 8639760.432, 113
Trd, 8639762.582, 135
Trd, 8639762.782, 125
Trd, 8639763.332, 132
Trd, 8639763.982, 121
Trd, 8639764.332, 125
Trd, 8639766.082, 103
Trd, 8639767.532, 117
Trd, 8639768.632, 109
Trd, 8639769.032, 101
Trd, 8639769.232, 132
Trd, 8639769.982, 88
Trd, 8639770.182, 111
Trd, 8639771.382, 110
Trd, 8639771.532, 70
Trd, 8639772.282, 119
Trd, 8639773.682, 109
Trd, 8639775.182, 96
Trd, 8639776.432, 127
Trd, 8639776.532, 103
Trd, 8639776.632, 91
Trd, 8639776.732, 117
Trd, 8639777.232, 70
Trd, 8639777.282, 73
Trd, 8639777.482, 114
Trd, 8639781.582, 121
Trd, 8639781.632, 119
Trd, 8639781.782, 115
Trd, 8639782.182, 85
Trd, 8639783.532, 68
Trd, 8639784.082, 71
Trd, 8639785.482, 134
Trd, 8639785.982, 132
Trd, 8639786.732, 95
Trd, 8639787.232, 118
Trd, 8639788.232, 128
Trd, 8639788.282, 115
Trd, 8639790.582, 110
Trd, 8639790.882, 63
Trd, 8639792.132, 124
Trd, 8639793.882, 81
Trd, 8639794.682, 121
Trd, 8639795.432, 109
Trd, 8639795.832, 112
Trd, 8639796.432, 136
Trd, 8639796.482, 106
Trd, 8639796.632, 105
Trd, 8639797.382, 111
Trd, 8639799.432, 127
Trd, 8639799.532, 105
Trd, 8639800.632, 88
Trd, 8639800.832, 101
Trd, 8639802.582, 116
Trd, 8639803.482, 125
Trd, 8639803.882, 119
Trd, 8639804.882, 131
Trd, 8639804.932, 124
Trd, 8639806.132, 107
Trd, 8639807.882, 119
Trd, 8639808.582, 101
Trd, 8639809.232, 123
Trd, 8639809.932, 114
Trd, 8639811.482, 132
Trd, 8639812.582, 113
Trd, 8639813.382, 94
Trd, 8639813.482, 92
Trd, 8639814.582, 117
Trd, 8639814.832, 97
Trd, 8639815.382, 80
Trd, 8639815.532, 69
Trd, 8639816.082, 73
Trd, 8639816.532, 130
Trd, 8639817.182, 93
Trd, 8639817.632, 76
Trd, 8639817.982, 113
Trd, 8639818.732, 81
Trd, 8639819.732, 68
Trd, 8639820.532, 124
Trd, 8639821.682, 128
Trd, 8639822.232, 119
Trd, 8639822.432, 133
Trd, 8639823.082, 120
Trd, 8639823.932, 116
Trd, 8639824.382, 91
Trd, 8639825.432, 133
Trd, 8639825.732, 121
Trd, 8639828.932, 127
Trd, 8639829.032, 120
Trd, 8639829.832, 130
Trd, 8639830.432, 131
Trd, 8639830.532, 118
Trd, 8639831.482, 116
Trd, 8639832.082, 132
Trd, 8639832.782, 133
Trd, 8639832.982, 101
Trd, 8639833.632, 112
Trd, 8639834.432, 109
Trd, 8639835.932, 116
Trd, 8639835.982, 89
Trd, 8639837.032, 84
Trd, 8639837.882, 136
Trd, 8639838.332, 124
Trd, 8639839.382, 117
Trd, 8639840.482, 107
Trd, 8639840.982, 108
Trd, 8639841.182, 123
Trd, 8639841.782, 106
Trd, 8639842.132, 74
Trd, 8639842.982, 114
Trd, 8639844.532, 133
Trd, 8639844.932, 74
Trd, 8639847.032, 89
Trd, 8639847.132, 93
Trd, 8639848.782, 95
Trd, 8639849.082, 98
Trd, 8639849.432, 95
Trd, 8639850.132, 69
Trd, 8639850.332, 85
Trd, 8639851.332, 104
Trd, 8639852.132, 73
Trd, 8639852.832, 81
Trd, 8639852.982, 122
Trd, 8639853.982, 80
Trd, 8639855.732, 122
Trd, 8639856.232, 114
Trd, 8639856.532, 127
Trd, 8639856.782, 87
Trd, 8639857.932, 74
Trd, 8639858.432, 75
Trd, 8639860.632, 86
Trd, 8639860.782, 84
Trd, 8639861.732, 131
Trd, 8639862.582, 64
Trd, 8639864.532, 124
Trd, 8639864.832, 125
Trd, 8639864.982, 112
Trd, 8639865.532, 107
Trd, 8639865.982, 87
Trd, 8639867.232, 132
Trd, 8639867.632, 132
Trd, 8639869.582, 125
Trd, 8639869.932, 125
Trd, 8639870.832, 130
Trd, 8639871.782, 125
Trd, 8639872.582, 115
Trd, 8639873.332, 123
Trd, 8639874.032, 109
Trd, 8639874.282, 129
Trd, 8639875.282, 77
Trd, 8639875.582, 62
Trd, 8639875.682, 95
Trd, 8639876.532, 134
Trd, 8639877.032, 100
Trd, 8639877.582, 88
Trd, 8639877.932, 74
Trd, 8639878.732, 79
Trd, 8639879.232, 62
Trd, 8639879.832, 71
Trd, 8639881.082, 137
Trd, 8639882.032, 138
Trd, 8639882.432, 129
Trd, 8639883.232, 80
Trd, 8639883.882, 129
Trd, 8639884.782, 136
Trd, 8639885.032, 68
Trd, 8639885.632, 66
Trd, 8639886.232, 120
Trd, 8639886.632, 113
Trd, 8639887.132, 110
Trd, 8639888.682, 119
Trd, 8639889.482, 112
Trd, 8639889.882, 108
Trd, 8639890.032, 122
Trd, 8639890.582, 83
Trd, 8639891.082, 138
Trd, 8639891.632, 139
Trd, 8639892.932, 87
Trd, 8639894.382, 136
Trd, 8639894.582, 88
Trd, 8639895.482, 76
Trd, 8639895.532, 77
Trd, 8639895.682, 82
Trd, 8639896.682, 130
Trd, 8639900.682, 106
Trd, 8639900.882, 101
Trd, 8639903.082, 125
Trd, 8639903.682, 131
Trd, 8639904.432, 129
Trd, 8639905.032, 137
Trd, 8639905.332, 119
Trd, 8639905.432, 106
Trd, 8639907.382, 113
Trd, 8639907.432, 104
Trd, 8639908.182, 137
Trd, 8639908.282, 98
Trd, 8639908.332, 66
Trd, 8639909.932, 74
Trd, 8639910.432, 89
Trd, 8639910.482, 109
Trd, 8639911.082, 66
Trd, 8639911.632, 96
Trd, 8639913.782, 125
Trd, 8639914.182, 117
Trd, 8639914.382, 113
Trd, 8639914.882, 99
Trd, 8639915.632, 137
Trd, 8639915.682, 129
Trd, 8639916.232, 79
Trd, 8639916.832, 73
Trd, 8639917.232, 105
Trd, 8639918.332, 62
Trd, 8639918.532, 133
Trd, 8639919.582, 74
Trd, 8639920.782, 82
Trd, 8639920.832, 80
Trd, 8639921.482, 105
Trd, 8639922.432, 75
Trd, 8639922.582, 83
Trd, 8639923.432, 111
Trd, 8639923.482, 113
Trd, 8639924.932, 124
Trd, 8639924.982, 113
Trd, 8639925.932, 139
Trd, 8639926.982, 127
Trd, 8639927.882, 133
Trd, 8639928.232, 80
Trd, 8639929.082, 98
Trd, 8639929.382, 102
Trd, 8639930.582, 89
Trd, 8639930.882, 64
Trd, 8639931.032, 94
Trd, 8639931.932, 95
Trd, 8639932.532, 107
Trd, 8639933.182, 96
Trd, 8639933.682, 131
Trd, 8639934.882, 106
Trd, 8639936.032, 108
Trd, 8639936.182, 102
Trd, 8639936.582, 99
Trd, 8639936.982, 105
Trd, 8639937.682, 91
Trd, 8639938.132, 86
Trd, 8639938.182, 68
Trd, 8639940.082, 135
Trd, 8639940.132, 99
Trd, 8639940.282, 80
Trd, 8639941.382, 133
Trd, 8639941.782, 129
Trd, 8639943.482, 117
Trd, 8639943.932, 132
Trd, 8639944.582, 123
Trd, 8639944.832, 92
Trd, 8639945.632, 112
Trd, 8639945.832, 61
Trd, 8639946.682, 91
Trd, 8639947.482, 99
Trd, 8639949.132, 116
Trd, 8639949.532, 114
Trd, 8639949.732, 97
Trd, 8639950.932, 130
Trd, 8639951.232, 111
Trd, 8639951.682, 126
Trd, 8639952.582, 101
Trd, 8639954.082, 89
Trd, 8639954.532, 86
Trd, 8639955.032, 128
Trd, 8639956.682, 98
Trd, 8639957.282, 93
Trd, 8639958.882, 122
Trd, 8639959.332, 105
Trd, 8639959.782, 103
Trd, 8639960.882, 124
Trd, 8639961.832, 128
Trd, 8639963.432, 132
Trd, 8639963.682, 90
Trd, 8639964.832, 123
Trd, 8639965.232, 119
Trd, 8639965.982, 124
Trd, 8639966.882, 135
Trd, 8639967.332, 92
Trd, 8639967.782, 68
Trd, 8639968.582, 133
Trd, 8639969.032, 125
Trd, 8639969.632, 127
Trd, 8639970.232, 107
Trd, 8639970.832, 121
Trd, 8639970.982, 120
Trd, 8639971.032, 90
Trd, 8639972.232, 63
Trd, 8639972.482, 105
Trd, 8639973.732, 137
Trd, 8639974.482, 128
Trd, 8639974.632, 128
Trd, 8639974.732, 104
Trd, 8639976.132, 86
Trd, 8639976.682, 108
Trd, 8639977.532, 127
Trd, 8639977.582, 115
Trd, 8639978.482, 88
Trd, 8639979.332, 83
Trd, 8639981.982, 127
Trd, 8639982.082, 129
Trd, 8639983.682, 131
Trd, 8639984.032, 124
Trd, 8639984.132, 121
Trd, 8639985.332, 120
Trd, 8639985.632, 122
Trd, 8639986.182, 100
Trd, 8639986.282, 128
Trd, 8639986.682, 93
Trd, 8639989.532, 83
Trd, 8639990.482, 79
Trd, 8639990.882, 123
Trd, 8639991.532, 106
Trd, 8639991.732, 91
Trd, 8639991.832, 76
Trd, 8639992.132, 80
Trd, 8639992.732, 126
Trd, 8639992.782, 121
Trd, 8639995.532, 140
Trd, 8639996.282, 127
Trd, 8639996.932, 128
Trd, 8639997.382, 135
Trd, 8639999.032, 139
