Trd, 8638096.382, 105
Trd, 8638097.482, 132
Trd, 8638097.582, 108
Trd, 8638100.082, 109
Trd, 8638102.432, 128
Trd, 8638102.482, 110
Trd, 8638102.782, 133
Trd, 8638103.582, 107
Trd, 8638105.582, 134
Trd, 8638106.532, 134
Trd, 8638106.632, 133
Trd, 8638107.432, 106
Trd, 8638107.932, 110
Trd, 8638108.282, 92
Trd, 8638110.182, 119
Trd, 8638112.932, 116
Trd, 8638113.032, 117
Trd, 8638113.182, 111
Trd, 8638114.382, 133
Trd, 8638115.132, 108
Trd, 8638115.532, 110
Trd, 8638116.932, 104
Trd, 8638117.532, 79
Trd, 8638120.232, 135
Trd, 8638120.482, 134
Trd, 8638121.782, 104
Trd, 8638121.832, 98
Trd, 8638122.682, 131
Trd, 8638123.782, 88
Trd, 8638124.232, 127
Trd, 8638124.382, 75
Trd, 8638126.432, 120
Trd, 8638126.632, 115
Trd, 8638126.932, 77
Trd, 8638127.632, 116
Trd, 8638128.382, 138
Trd, 8638128.632, 94
Trd, 8638129.882, 70
Trd, 8638130.332, 61
Trd, 8638131.732, 93
Trd, 8638132.132, 90
Trd, 8638132.582, 135
Trd, 8638132.782, 111
Trd, 8638133.082, 77
Trd, 8638134.632, 130
Trd, 8638135.632, 108
Trd, 8638135.682, 89
Trd, 8638136.732, 101
Trd, 8638138.432, 140
Trd, 8638138.532, 138
Trd, 8638139.132, 104
Trd, 8638139.532, 100
Trd, 8638140.182, 96
Trd, 8638141.032, 107
Trd, 8638141.382, 88
Trd, 8638142.132, 93
Trd, 8638142.282, 87
Trd, 8638143.332, 70
Trd, 8638144.782, 73
Trd, 8638145.632, 85
Trd, 8638146.532, 81
Trd, 8638147.182, 131
Trd, 8638147.782, 129
Trd, 8638147.832, 127
Trd, 8638148.732, 98
Trd, 8638149.182, 107
Trd, 8638150.032, 119
Trd, 8638150.182, 106
Trd, 8638150.782, 108
Trd, 8638151.382, 87
Trd, 8638153.582, 125
Trd, 8638154.482, 96
Trd, 8638155.482, 107
Trd, 8638157.482, 134
Trd, 8638158.082, 124
Trd, 8638158.332, 117
Trd, 8638159.182, 121
Trd, 8638159.382, 130
Trd, 8638159.582, 114
Trd, 8638159.782, 94
Trd, 8638160.632, 101
Trd, 8638162.382, 125
Trd, 8638162.632, 131
Trd, 8638162.732, 113
Trd, 8638163.682, 105
Trd, 8638164.682, 103
Trd, 8638164.782, 116
Trd, 8638164.982, 104
Trd, 8638165.582, 119
Trd, 8638166.532, 130
Trd, 8638166.582, 129
Trd, 8638167.682, 78
Trd, 8638168.482, 112
Trd, 8638169.382, 119
Trd, 8638169.432, 89
Trd, 8638170.132, 95
Trd, 8638170.332, 126
Trd, 8638171.332, 127
Trd, 8638172.232, 125
Trd, 8638173.332, 77
Trd, 8638175.782, 119
Trd, 8638175.882, 118
Trd, 8638176.132, 133
Trd, 8638176.832, 98
Trd, 8638177.032, 101
Trd, 8638178.682, 82
Trd, 8638179.132, 109
Trd, 8638179.332, 99
Trd, 8638180.182, 120
Trd, 8638180.532, 123
Trd, 8638181.432, 127
Trd, 8638182.282, 125
Trd, 8638183.182, 109
Trd, 8638183.432, 112
Trd, 8638185.632, 138
Trd, 8638186.232, 120
Trd, 8638186.432, 94
Trd, 8638186.732, 125
Trd, 8638188.532, 126
Trd, 8638189.332, 89
Trd, 8638189.582, 85
Trd, 8638190.082, 78
Trd, 8638191.182, 107
Trd, 8638192.532, 111
Trd, 8638193.232, 126
Trd, 8638193.982, 97
Trd, 8638194.882, 129
Trd, 8638195.232, 140
Trd, 8638195.482, 102
Trd, 8638195.782, 86
Trd, 8638196.282, 114
Trd, 8638197.082, 115
Trd, 8638200.082, 125
Trd, 8638201.882, 135
Trd, 8638201.932, 123
Trd, 8638202.282, 134
Trd, 8638202.332, 103
Trd, 8638202.632, 97
Trd, 8638203.182, 131
Trd, 8638203.832, 88
Trd, 8638205.032, 140
Trd, 8638205.632, 87
Trd, 8638206.132, 69
Trd, 8638206.382, 105
Trd, 8638208.082, 75
Trd, 8638208.282, 97
Trd, 8638209.582, 93
Trd, 8638209.932, 138
Trd, 8638209.982, 126
Trd, 8638210.632, 119
Trd, 8638211.232, 136
Trd, 8638212.332, 80
Trd, 8638213.032, 118
Trd, 8638214.832, 98
Trd, 8638214.932, 91
Trd, 8638215.132, 111
Trd, 8638216.282, 121
Trd, 8638217.682, 127
Trd, 8638220.382, 129
Trd, 8638220.632, 126
Trd, 8638221.582, 135
Trd, 8638221.682, 119
Trd, 8638221.732, 96
Trd, 8638221.982, 86
Trd, 8638223.982, 118
Trd, 8638225.482, 132
Trd, 8638225.882, 112
Trd, 8638225.982, 86
Trd, 8638226.732, 81
Trd, 8638227.882, 127
Trd, 8638229.032, 115
Trd, 8638229.232, 80
Trd, 8638230.332, 128
Trd, 8638230.832, 121
Trd, 8638232.782, 132
Trd, 8638233.282, 126
Trd, 8638233.432, 125
Trd, 8638234.982, 136
Trd, 8638235.682, 138
Trd, 8638237.432, 103
Trd, 8638237.532, 110
Trd, 8638238.782, 110
Trd, 8638239.282, 115
Trd, 8638240.282, 114
Trd, 8638240.882, 128
Trd, 8638240.982, 127
Trd, 8638241.432, 114
Trd, 8638243.432, 74
Trd, 8638243.632, 97
Trd, 8638244.082, 107
Trd, 8638246.532, 114
Trd, 8638247.532, 111
Trd, 8638247.832, 140
Trd, 8638248.132, 94
Trd, 8638248.432, 82
Trd, 8638249.082, 79
Trd, 8638249.632, 138
Trd, 8638249.882, 74
Trd, 8638252.182, 99
Trd, 8638253.732, 97
Trd, 8638255.482, 134
Trd, 8638255.582, 124
Trd, 8638256.482, 121
Trd, 8638256.682, 78
Trd, 8638258.882, 124
Trd, 8638259.232, 113
Trd, 8638259.732, 140
Trd, 8638261.282, 132
Trd, 8638261.482, 139
Trd, 8638262.332, 133
Trd, 8638264.382, 107
Trd, 8638264.932, 109
Trd, 8638265.932, 117
Trd, 8638267.182, 138
Trd, 8638268.032, 126
Trd, 8638268.582, 124
Trd, 8638269.282, 116
Trd, 8638269.332, 107
Trd, 8638269.582, 119
Trd, 8638270.832, 84
Trd, 8638272.082, 82
Trd, 8638274.582, 113
Trd, 8638274.982, 117
Trd, 8638275.732, 118
Trd, 8638276.432, 96
Trd, 8638276.832, 104
Trd, 8638277.082, 138
Trd, 8638278.732, 137
Trd, 8638278.782, 136
Trd, 8638279.532, 119
Trd, 8638281.032, 110
Trd, 8638281.382, 98
Trd, 8638281.582, 136
Trd, 8638283.182, 129
Trd, 8638284.232, 127
Trd, 8638284.332, 109
Trd, 8638285.882, 91
Trd, 8638286.282, 84
Trd, 8638286.682, 131
Trd, 8638287.032, 122
Trd, 8638287.382, 134
Trd, 8638288.182, 78
Trd, 8638289.082, 96
Trd, 8638290.032, 120
Trd, 8638290.332, 135
Trd, 8638290.682, 119
Trd, 8638291.782, 140
Trd, 8638291.882, 133
Trd, 8638293.532, 102
Trd, 8638293.632, 127
Trd, 8638295.382, 116
Trd, 8638296.582, 117
Trd, 8638296.682, 124
Trd, 8638296.732, 107
Trd, 8638297.232, 125
Trd, 8638300.832, 138
Trd, 8638301.632, 136
Trd, 8638301.882, 126
Trd, 8638302.132, 125
Trd, 8638302.382, 124
Trd, 8638303.832, 104
Trd, 8638305.182, 117
Trd, 8638306.482, 120
Trd, 8638306.882, 95
Trd, 8638307.582, 115
Trd, 8638308.082, 127
Trd, 8638308.432, 139
Trd, 8638308.832, 133
Trd, 8638310.182, 114
Trd, 8638311.682, 121
Trd, 8638313.982, 140
Trd, 8638314.382, 137
Trd, 8638314.982, 117
Trd, 8638315.382, 113
Trd, 8638315.782, 118
Trd, 8638315.832, 98
Trd, 8638316.082, 93
Trd, 8638318.532, 100
Trd, 8638319.282, 135
Trd, 8638319.682, 136
Trd, 8638319.932, 132
Trd, 8638322.732, 118
Trd, 8638322.832, 105
Trd, 8638323.032, 93
Trd, 8638324.082, 129
Trd, 8638324.382, 132
Trd, 8638324.832, 113
Trd, 8638325.032, 108
Trd, 8638326.132, 107
Trd, 8638326.332, 110
Trd, 8638327.182, 139
Trd, 8638328.232, 107
Trd, 8638329.782, 110
Trd, 8638330.232, 96
Trd, 8638332.282, 100
Trd, 8638332.832, 121
Trd, 8638333.732, 138
Trd, 8638335.282, 132
Trd, 8638335.982, 128
Trd, 8638336.132, 105
Trd, 8638336.482, 104
Trd, 8638337.282, 106
Trd, 8638337.432, 103
Trd, 8638341.032, 121
Trd, 8638341.282, 108
Trd, 8638341.782, 112
Trd, 8638342.482, 118
Trd, 8638343.082, 128
Trd, 8638343.582, 117
Trd, 8638344.182, 72
Trd, 8638345.532, 129
Trd, 8638346.782, 105
Trd, 8638347.082, 110
Trd, 8638347.482, 105
Trd, 8638347.732, 126
Trd, 8638348.232, 116
Trd, 8638349.032, 128
Trd, 8638351.032, 101
Trd, 8638351.432, 71
Trd, 8638352.182, 100
Trd, 8638352.882, 109
Trd, 8638353.632, 110
Trd, 8638354.782, 105
Trd, 8638356.082, 135
Trd, 8638356.582, 133
Trd, 8638356.782, 94
Trd, 8638357.082, 90
Trd, 8638358.232, 110
Trd, 8638360.732, 128
Trd, 8638362.382, 122
Trd, 8638362.532, 92
Trd, 8638362.832, 105
Trd, 8638363.282, 94
Trd, 8638363.332, 104
Trd, 8638365.482, 134
Trd, 8638365.632, 129
Trd, 8638367.282, 140
Trd, 8638367.482, 128
Trd, 8638367.532, 100
Trd, 8638368.132, 88
Trd, 8638368.782, 92
Trd, 8638369.832, 89
Trd, 8638370.932, 104
Trd, 8638371.032, 101
Trd, 8638371.982, 113
Trd, 8638374.332, 100
Trd, 8638374.532, 92
Trd, 8638376.032, 109
Trd, 8638376.132, 105
Trd, 8638376.382, 73
Trd, 8638376.582, 79
Trd, 8638377.332, 93
Trd, 8638378.782, 80
Trd, 8638379.932, 115
Trd, 8638380.382, 73
Trd, 8638381.732, 98
Trd, 8638382.032, 83
Trd, 8638382.332, 97
Trd, 8638382.682, 67
Trd, 8638383.132, 72
Trd, 8638384.232, 123
Trd, 8638385.082, 134
Trd, 8638385.432, 85
Trd, 8638385.682, 136
Trd, 8638387.832, 114
Trd, 8638388.282, 114
Trd, 8638388.532, 113
Trd, 8638389.332, 110
Trd, 8638389.432, 98
Trd, 8638390.732, 90
Trd, 8638391.432, 137
Trd, 8638391.932, 106
Trd, 8638393.532, 94
Trd, 8638393.682, 133
Trd, 8638395.532, 137
Trd, 8638396.582, 105
Trd, 8638396.632, 105
Trd, 8638397.082, 131
Trd, 8638397.982, 115
Trd, 8638398.982, 117
Trd, 8638400.382, 88
Trd, 8638401.582, 138
Trd, 8638402.082, 111
Trd, 8638403.482, 125
Trd, 8638404.582, 125
Trd, 8638405.432, 118
Trd, 8638406.232, 122
Trd, 8638406.532, 128
Trd, 8638406.982, 116
Trd, 8638407.382, 116
Trd, 8638408.082, 90
Trd, 8638408.832, 123
Trd, 8638409.782, 138
Trd, 8638410.082, 113
Trd, 8638411.132, 114
Trd, 8638412.582, 129
Trd, 8638414.832, 134
Trd, 8638416.182, 135
Trd, 8638416.432, 127
Trd, 8638416.982, 126
Trd, 8638419.132, 110
Trd, 8638419.932, 86
Trd, 8638420.182, 123
Trd, 8638420.332, 136
Trd, 8638420.732, 79
Trd, 8638422.032, 77
Trd, 8638422.532, 80
Trd, 8638423.632, 129
Trd, 8638424.432, 132
Trd, 8638424.932, 130
Trd, 8638425.582, 112
Trd, 8638427.332, 112
Trd, 8638427.482, 102
Trd, 8638428.232, 98
Trd, 8638429.132, 98
Trd, 8638429.482, 93
Trd, 8638431.382, 120
Trd, 8638431.682, 119
Trd, 8638432.232, 132
Trd, 8638432.782, 133
Trd, 8638433.432, 139
Trd, 8638433.482, 128
Trd, 8638436.282, 127
Trd, 8638436.632, 117
Trd, 8638438.632, 132
Trd, 8638438.882, 127
Trd, 8638440.082, 139
Trd, 8638440.132, 138
Trd, 8638440.582, 121
Trd, 8638441.482, 125
Trd, 8638441.532, 110
Trd, 8638442.382, 92
Trd, 8638442.982, 78
Trd, 8638444.182, 137
Trd, 8638444.382, 125
Trd, 8638445.382, 129
Trd, 8638445.882, 119
Trd, 8638446.032, 118
Trd, 8638448.282, 125
Trd, 8638448.482, 80
Trd, 8638448.732, 102
Trd, 8638449.332, 112
Trd, 8638450.032, 129
Trd, 8638450.882, 136
Trd, 8638451.232, 111
Trd, 8638452.482, 119
Trd, 8638453.282, 94
Trd, 8638454.632, 87
Trd, 8638454.682, 84
Trd, 8638455.382, 111
Trd, 8638456.232, 91
Trd, 8638456.832, 124
Trd, 8638457.132, 127
Trd, 8638457.432, 111
Trd, 8638458.532, 111
Trd, 8638459.682, 118
Trd, 8638460.082, 111
Trd, 8638460.832, 115
Trd, 8638462.232, 122
Trd, 8638462.282, 109
Trd, 8638463.332, 121
Trd, 8638463.432, 125
Trd, 8638463.882, 120
Trd, 8638466.432, 129
Trd, 8638466.882, 119
Trd, 8638467.632, 138
Trd, 8638469.682, 135
Trd, 8638469.882, 128
Trd, 8638471.682, 126
Trd, 8638472.032, 131
Trd, 8638473.582, 115
Trd, 8638474.282, 114
Trd, 8638474.932, 114
Trd, 8638475.082, 96
Trd, 8638475.482, 132
Trd, 8638476.882, 109
Trd, 8638476.982, 95
Trd, 8638478.632, 127
Trd, 8638479.932, 126
Trd, 8638480.032, 109
Trd, 8638480.382, 140
Trd, 8638480.932, 109
Trd, 8638481.482, 104
Trd, 8638482.232, 104
Trd, 8638482.632, 74
Trd, 8638484.482, 80
Trd, 8638485.782, 110
Trd, 8638486.082, 128
Trd, 8638487.282, 128
Trd, 8638490.082, 120
Trd, 8638490.432, 127
Trd, 8638490.632, 118
Trd, 8638491.282, 116
Trd, 8638491.382, 116
Trd, 8638491.932, 103
Trd, 8638493.182, 115
Trd, 8638493.332, 107
Trd, 8638493.682, 122
Trd, 8638494.682, 105
Trd, 8638495.582, 117
Trd, 8638497.982, 130
Trd, 8638498.532, 121
Trd, 8638500.032, 120
Trd, 8638501.132, 139
Trd, 8638501.382, 138
Trd, 8638501.532, 131
Trd, 8638502.332, 121
Trd, 8638504.082, 118
Trd, 8638505.232, 99
Trd, 8638505.482, 133
Trd, 8638505.532, 131
Trd, 8638506.982, 106
Trd, 8638507.282, 104
Trd, 8638510.382, 125
Trd, 8638510.632, 105
Trd, 8638510.882, 91
Trd, 8638511.132, 124
Trd, 8638511.732, 139
Trd, 8638511.932, 114
Trd, 8638512.482, 109
Trd, 8638513.032, 125
Trd, 8638513.632, 111
Trd, 8638513.982, 61
Trd, 8638516.082, 74
Trd, 8638516.182, 76
Trd, 8638516.632, 123
Trd, 8638518.232, 77
Trd, 8638518.332, 108
Trd, 8638518.982, 71
Trd, 8638519.932, 102
Trd, 8638520.432, 129
Trd, 8638520.782, 93
Trd, 8638521.482, 95
Trd, 8638521.832, 95
Trd, 8638522.132, 61
Trd, 8638522.982, 110
Trd, 8638524.582, 121
Trd, 8638525.032, 108
Trd, 8638526.482, 112
Trd, 8638527.032, 87
Trd, 8638527.132, 107
Trd, 8638527.482, 121
Trd, 8638528.582, 112
Trd, 8638528.782, 125
Trd, 8638529.132, 100
Trd, 8638531.082, 101
Trd, 8638531.832, 99
Trd, 8638532.532, 104
Trd, 8638533.032, 99
Trd, 8638534.382, 110
Trd, 8638535.232, 136
Trd, 8638535.332, 124
Trd, 8638535.482, 111
Trd, 8638536.682, 135
Trd, 8638537.332, 119
Trd, 8638537.932, 114
Trd, 8638538.132, 122
Trd, 8638538.832, 114
Trd, 8638539.632, 118
Trd, 8638541.532, 137
Trd, 8638542.582, 129
Trd, 8638542.832, 127
Trd, 8638543.532, 132
Trd, 8638543.582, 91
Trd, 8638544.932, 116
Trd, 8638545.082, 106
Trd, 8638545.782, 111
Trd, 8638547.582, 119
Trd, 8638547.832, 119
Trd, 8638548.382, 92
Trd, 8638548.532, 117
Trd, 8638550.132, 133
Trd, 8638551.332, 117
Trd, 8638551.882, 125
Trd, 8638551.932, 106
Trd, 8638552.132, 106
Trd, 8638552.882, 81
Trd, 8638553.582, 94
Trd, 8638553.882, 110
Trd, 8638554.782, 75
Trd, 8638555.082, 121
Trd, 8638555.332, 106
Trd, 8638555.382, 132
Trd, 8638556.232, 86
Trd, 8638556.682, 136
Trd, 8638556.982, 93
Trd, 8638558.082, 80
Trd, 8638560.032, 110
Trd, 8638561.132, 106
Trd, 8638561.532, 109
Trd, 8638562.582, 90
Trd, 8638562.782, 135
Trd, 8638562.932, 84
Trd, 8638563.732, 91
Trd, 8638566.132, 135
Trd, 8638566.232, 109
Trd, 8638566.282, 102
Trd, 8638567.132, 102
Trd, 8638567.432, 91
Trd, 8638567.982, 95
Trd, 8638568.582, 123
Trd, 8638569.332, 92
Trd, 8638570.382, 112
Trd, 8638570.782, 110
Trd, 8638572.032, 72
Trd, 8638572.082, 71
Trd, 8638573.332, 126
Trd, 8638573.582, 137
Trd, 8638574.282, 122
Trd, 8638575.082, 119
Trd, 8638575.932, 128
Trd, 8638576.532, 100
Trd, 8638577.332, 97
Trd, 8638579.132, 135
Trd, 8638579.732, 89
Trd, 8638580.932, 98
Trd, 8638581.032, 119
Trd, 8638582.132, 76
Trd, 8638583.982, 139
Trd, 8638584.382, 139
Trd, 8638585.182, 126
Trd, 8638585.732, 140
Trd, 8638587.132, 124
Trd, 8638587.332, 98
Trd, 8638587.682, 92
Trd, 8638588.082, 139
Trd, 8638590.482, 129
Trd, 8638591.832, 132
Trd, 8638591.882, 125
Trd, 8638593.282, 85
Trd, 8638593.782, 92
Trd, 8638594.532, 136
Trd, 8638595.882, 125
Trd, 8638596.682, 124
Trd, 8638596.932, 133
Trd, 8638597.482, 139
Trd, 8638598.632, 111
Trd, 8638599.132, 130
Trd, 8638599.432, 125
Trd, 8638599.632, 99
Trd, 8638600.482, 121
Trd, 8638601.082, 102
Trd, 8638602.382, 115
Trd, 8638602.932, 111
Trd, 8638604.082, 112
Trd, 8638604.332, 107
Trd, 8638606.282, 134
Trd, 8638607.382, 117
Trd, 8638608.032, 125
Trd, 8638608.432, 121
Trd, 8638609.532, 120
Trd, 8638610.232, 119
Trd, 8638610.682, 119
Trd, 8638610.982, 117
Trd, 8638611.332, 113
Trd, 8638611.682, 103
Trd, 8638612.332, 136
Trd, 8638613.132, 103
Trd, 8638614.432, 97
Trd, 8638615.132, 96
Trd, 8638615.582, 96
Trd, 8638616.682, 96
Trd, 8638617.982, 90
Trd, 8638618.182, 92
Trd, 8638618.732, 109
Trd, 8638618.982, 108
Trd, 8638620.382, 100
Trd, 8638621.682, 129
Trd, 8638623.082, 90
Trd, 8638624.232, 90
Trd, 8638624.732, 101
Trd, 8638625.832, 138
Trd, 8638626.182, 120
Trd, 8638626.382, 136
Trd, 8638626.682, 118
Trd, 8638627.532, 121
Trd, 8638627.732, 117
Trd, 8638627.782, 112
Trd, 8638628.482, 101
Trd, 8638629.482, 74
Trd, 8638631.232, 91
Trd, 8638631.782, 107
Trd, 8638632.482, 87
Trd, 8638633.682, 129
Trd, 8638634.732, 116
Trd, 8638635.082, 101
Trd, 8638635.682, 110
Trd, 8638636.382, 101
Trd, 8638636.432, 98
Trd, 8638637.182, 86
Trd, 8638637.532, 86
Trd, 8638637.732, 87
Trd, 8638638.082, 96
Trd, 8638638.132, 120
Trd, 8638641.032, 81
Trd, 8638642.182, 135
Trd, 8638642.532, 134
Trd, 8638642.682, 114
Trd, 8638643.732, 124
Trd, 8638644.982, 103
Trd, 8638645.032, 105
Trd, 8638645.282, 92
Trd, 8638646.332, 129
Trd, 8638647.332, 116
Trd, 8638648.932, 119
Trd, 8638648.982, 115
Trd, 8638650.132, 82
Trd, 8638650.432, 91
Trd, 8638650.832, 74
Trd, 8638651.532, 116
Trd, 8638651.882, 124
Trd, 8638652.132, 118
Trd, 8638653.832, 101
Trd, 8638654.332, 114
Trd, 8638654.882, 98
Trd, 8638656.982, 116
Trd, 8638657.832, 137
Trd, 8638658.732, 137
Trd, 8638658.832, 111
Trd, 8638659.732, 128
Trd, 8638659.832, 111
Trd, 8638662.032, 135
Trd, 8638662.332, 114
Trd, 8638662.682, 86
Trd, 8638663.132, 112
Trd, 8638663.382, 116
Trd, 8638664.532, 86
Trd, 8638665.332, 110
Trd, 8638666.132, 120
Trd, 8638667.382, 78
Trd, 8638668.732, 82
Trd, 8638668.782, 83
Trd, 8638669.382, 106
Trd, 8638671.082, 131
Trd, 8638671.332, 130
Trd, 8638671.632, 125
Trd, 8638672.532, 132
Trd, 8638672.732, 98
Trd, 8638673.132, 131
Trd, 8638675.232, 137
Trd, 8638676.632, 134
Trd, 8638677.932, 116
Trd, 8638678.032, 129
Trd, 8638678.082, 108
Trd, 8638678.682, 79
Trd, 8638678.832, 78
Trd, 8638681.182, 139
Trd, 8638681.432, 119
Trd, 8638682.032, 110
Trd, 8638682.882, 137
Trd, 8638683.382, 115
Trd, 8638684.132, 102
Trd, 8638684.182, 101
Trd, 8638685.132, 106
Trd, 8638686.632, 123
Trd, 8638688.382, 106
Trd, 8638688.682, 137
Trd, 8638690.132, 113
Trd, 8638690.432, 100
Trd, 8638690.782, 110
Trd, 8638691.282, 103
Trd, 8638691.432, 126
Trd, 8638693.182, 92
Trd, 8638693.632, 116
Trd, 8638693.932, 76
Trd, 8638694.332, 140
Trd, 8638695.032, 137
Trd, 8638695.582, 120
Trd, 8638697.182, 132
Trd, 8638697.382, 131
Trd, 8638697.982, 110
Trd, 8638698.582, 69
Trd, 8638700.732, 135
Trd, 8638700.832, 114
Trd, 8638701.882, 105
Trd, 8638702.732, 101
Trd, 8638702.932, 78
Trd, 8638703.032, 82
Trd, 8638703.582, 82
Trd, 8638706.432, 139
Trd, 8638706.532, 131
Trd, 8638706.682, 130
Trd, 8638707.182, 129
Trd, 8638707.882, 114
Trd, 8638708.732, 118
Trd, 8638709.782, 74
Trd, 8638709.832, 79
Trd, 8638710.132, 122
Trd, 8638710.482, 124
Trd, 8638711.932, 107
Trd, 8638712.432, 83
Trd, 8638712.732, 125
Trd, 8638713.032, 62
Trd, 8638714.432, 72
Trd, 8638714.832, 115
Trd, 8638716.282, 95
Trd, 8638716.732, 109
Trd, 8638717.332, 134
Trd, 8638717.932, 103
Trd, 8638719.482, 74
Trd, 8638720.032, 61
Trd, 8638720.632, 88
Trd, 8638723.482, 133
Trd, 8638723.732, 115
Trd, 8638724.782, 108
Trd, 8638725.432, 113
Trd, 8638725.482, 89
Trd, 8638728.132, 113
Trd, 8638729.282, 126
Trd, 8638729.482, 114
Trd, 8638730.482, 89
Trd, 8638731.432, 91
Trd, 8638731.582, 107
Trd, 8638731.782, 137
Trd, 8638731.832, 85
Trd, 8638733.332, 139
Trd, 8638735.182, 119
Trd, 8638735.282, 109
Trd, 8638735.682, 107
Trd, 8638736.982, 119
Trd, 8638737.232, 76
Trd, 8638737.482, 61
Trd, 8638739.132, 131
Trd, 8638739.782, 85
Trd, 8638740.332, 132
Trd, 8638741.132, 108
Trd, 8638741.232, 118
Trd, 8638741.682, 108
Trd, 8638742.632, 95
Trd, 8638742.982, 136
Trd, 8638745.182, 126
Trd, 8638745.482, 112
Trd, 8638745.982, 94
Trd, 8638747.282, 129
Trd, 8638748.532, 121
Trd, 8638749.182, 130
Trd, 8638749.282, 122
Trd, 8638749.482, 122
Trd, 8638749.982, 111
Trd, 8638750.732, 133
Trd, 8638751.032, 87
Trd, 8638752.382, 94
Trd, 8638753.132, 133
Trd, 8638755.082, 120
Trd, 8638755.382, 119
Trd, 8638755.582, 113
Trd, 8638757.482, 120
Trd, 8638757.632, 101
Trd, 8638757.932, 95
Trd, 8638757.982, 79
Trd, 8638760.632, 132
Trd, 8638761.282, 125
Trd, 8638763.582, 127
Trd, 8638763.882, 126
Trd, 8638765.032, 135
Trd, 8638765.532, 113
Trd, 8638765.982, 132
Trd, 8638766.832, 134
Trd, 8638767.382, 140
Trd, 8638768.432, 127
Trd, 8638768.932, 113
Trd, 8638770.182, 111
Trd, 8638770.332, 127
Trd, 8638771.132, 128
Trd, 8638771.532, 133
Trd, 8638772.382, 137
Trd, 8638772.632, 121
Trd, 8638774.132, 130
Trd, 8638774.182, 123
Trd, 8638774.282, 118
Trd, 8638774.632, 139
Trd, 8638775.882, 93
Trd, 8638776.032, 76
Trd, 8638777.032, 133
Trd, 8638777.282, 119
Trd, 8638777.832, 118
Trd, 8638779.132, 136
Trd, 8638779.282, 87
Trd, 8638780.632, 107
Trd, 8638781.282, 107
Trd, 8638782.432, 128
Trd, 8638783.032, 130
Trd, 8638783.582, 90
Trd, 8638784.882, 114
Trd, 8638785.032, 91
Trd, 8638788.232, 136
Trd, 8638789.382, 135
Trd, 8638789.582, 125
Trd, 8638790.082, 135
Trd, 8638790.582, 133
Trd, 8638791.482, 114
Trd, 8638792.282, 132
Trd, 8638792.582, 131
Trd, 8638793.982, 130
Trd, 8638795.132, 119
Trd, 8638795.582, 116
Trd, 8638795.732, 111
Trd, 8638795.882, 112
Trd, 8638796.532, 109
Trd, 8638798.182, 128
Trd, 8638798.232, 125
Trd, 8638799.232, 114
Trd, 8638799.482, 105
Trd, 8638800.382, 131
Trd, 8638803.182, 113
Trd, 8638803.282, 109
Trd, 8638804.082, 89
Trd, 8638804.332, 117
Trd, 8638804.682, 61
Trd, 8638805.032, 72
Trd, 8638805.682, 75
Trd, 8638805.932, 79
Trd, 8638807.282, 87
Trd, 8638807.332, 78
Trd, 8638807.982, 81
Trd, 8638808.082, 89
Trd, 8638808.482, 96
Trd, 8638810.132, 104
Trd, 8638810.382, 126
Trd, 8638811.182, 83
Trd, 8638811.732, 106
Trd, 8638814.082, 127
Trd, 8638814.382, 126
Trd, 8638814.532, 110
Trd, 8638815.582, 136
Trd, 8638815.932, 89
Trd, 8638815.982, 73
Trd, 8638817.132, 87
Trd, 8638817.982, 74
Trd, 8638819.032, 130
Trd, 8638821.132, 130
Trd, 8638821.782, 97
Trd, 8638822.132, 66
Trd, 8638822.932, 107
Trd, 8638823.632, 98
Trd, 8638824.732, 131
Trd, 8638825.632, 89
Trd, 8638826.082, 121
Trd, 8638826.532, 107
Trd, 8638828.032, 134
Trd, 8638829.682, 76
Trd, 8638830.732, 105
Trd, 8638830.932, 78
Trd, 8638831.632, 119
Trd, 8638832.682, 95
Trd, 8638833.482, 133
Trd, 8638833.832, 117
Trd, 8638834.482, 130
Trd, 8638834.832, 135
Trd, 8638834.982, 117
Trd, 8638836.332, 127
Trd, 8638836.482, 126
Trd, 8638837.632, 103
Trd, 8638837.732, 119
Trd, 8638838.082, 92
Trd, 8638840.132, 120
Trd, 8638841.232, 113
Trd, 8638841.282, 115
Trd, 8638841.432, 101
Trd, 8638842.032, 134
Trd, 8638842.582, 94
Trd, 8638844.032, 103
Trd, 8638845.132, 121
Trd, 8638845.682, 103
Trd, 8638846.582, 127
Trd, 8638847.382, 133
Trd, 8638847.682, 114
Trd, 8638848.932, 120
Trd, 8638849.582, 117
Trd, 8638849.632, 100
Trd, 8638850.732, 100
Trd, 8638851.032, 72
Trd, 8638851.782, 66
Trd, 8638853.182, 125
Trd, 8638854.082, 136
Trd, 8638854.132, 129
Trd, 8638854.732, 128
Trd, 8638854.932, 117
Trd, 8638857.132, 132
Trd, 8638857.882, 127
Trd, 8638858.232, 137
Trd, 8638859.332, 128
Trd, 8638859.632, 126
Trd, 8638859.982, 107
Trd, 8638860.932, 118
Trd, 8638862.332, 127
Trd, 8638862.732, 116
Trd, 8638863.732, 139
Trd, 8638864.682, 118
Trd, 8638865.832, 118
Trd, 8638868.332, 135
Trd, 8638869.232, 139
Trd, 8638870.132, 132
Trd, 8638870.582, 128
Trd, 8638870.682, 91
Trd, 8638871.432, 117
Trd, 8638872.232, 137
Trd, 8638872.382, 74
Trd, 8638872.732, 64
Trd, 8638874.182, 127
Trd, 8638875.182, 77
Trd, 8638876.132, 131
Trd, 8638876.482, 125
Trd, 8638877.432, 132
Trd, 8638877.582, 129
Trd, 8638880.882, 65
Trd, 8638881.132, 110
Trd, 8638881.982, 60
Trd, 8638882.282, 113
Trd, 8638882.832, 92
Trd, 8638883.332, 92
Trd, 8638883.432, 72
Trd, 8638883.582, 107
Trd, 8638885.132, 87
Trd, 8638885.432, 109
Trd, 8638886.132, 125
Trd, 8638886.232, 72
Trd, 8638887.332, 92
Trd, 8638888.432, 136
Trd, 8638889.182, 134
Trd, 8638890.082, 113
Trd, 8638891.682, 118
Trd, 8638892.032, 117
Trd, 8638893.082, 114
Trd, 8638893.832, 104
Trd, 8638894.782, 106
Trd, 8638894.832, 106
Trd, 8638895.882, 139
Trd, 8638896.782, 124
Trd, 8638897.782, 140
Trd, 8638897.882, 131
Trd, 8638898.682, 76
Trd, 8638899.682, 101
Trd, 8638901.382, 128
Trd, 8638901.482, 125
Trd, 8638902.332, 138
Trd, 8638903.082, 137
Trd, 8638904.082, 138
Trd, 8638904.232, 129
Trd, 8638904.932, 91
Trd, 8638905.282, 112
Trd, 8638906.032, 77
Trd, 8638906.782, 89
Trd, 8638906.882, 97
Trd, 8638906.932, 101
Trd, 8638907.132, 104
Trd, 8638908.132, 111
Trd, 8638909.282, 124
Trd, 8638910.482, 89
Trd, 8638911.732, 133
Trd, 8638913.282, 104
Trd, 8638913.832, 119
Trd, 8638914.082, 118
Trd, 8638915.332, 116
Trd, 8638915.832, 94
Trd, 8638916.332, 110
Trd, 8638917.832, 87
Trd, 8638917.982, 76
Trd, 8638918.882, 139
Trd, 8638919.332, 115
Trd, 8638919.982, 107
Trd, 8638920.382, 100
Trd, 8638921.882, 113
Trd, 8638922.482, 117
Trd, 8638922.582, 130
Trd, 8638923.782, 130
Trd, 8638924.232, 119
Trd, 8638926.882, 120
Trd, 8638927.182, 89
Trd, 8638927.332, 87
Trd, 8638928.032, 115
Trd, 8638929.782, 100
Trd, 8638930.232, 85
Trd, 8638930.732, 66
Trd, 8638930.882, 98
Trd, 8638931.682, 85
Trd, 8638934.832, 139
Trd, 8638934.982, 138
Trd, 8638935.832, 129
Trd, 8638936.132, 101
Trd, 8638938.182, 105
Trd, 8638938.332, 121
Trd, 8638938.832, 136
Trd, 8638939.532, 128
Trd, 8638939.982, 119
Trd, 8638940.682, 140
Trd, 8638940.832, 138
Trd, 8638941.632, 138
Trd, 8638942.032, 134
Trd, 8638942.782, 124
Trd, 8638944.532, 94
Trd, 8638944.582, 86
Trd, 8638945.632, 118
Trd, 8638945.732, 111
Trd, 8638947.632, 106
Trd, 8638947.882, 122
Trd, 8638948.932, 99
Trd, 8638949.582, 70
Trd, 8638950.482, 125
Trd, 8638951.632, 135
Trd, 8638951.882, 111
Trd, 8638952.182, 111
Trd, 8638953.032, 122
Trd, 8638953.232, 132
Trd, 8638953.282, 131
Trd, 8638954.982, 108
Trd, 8638955.432, 103
Trd, 8638958.182, 134
Trd, 8638960.832, 97
Trd, 8638961.132, 116
Trd, 8638961.182, 95
Trd, 8638961.432, 131
Trd, 8638961.582, 80
Trd, 8638962.282, 70
Trd, 8638962.932, 77
Trd, 8638963.082, 102
Trd, 8638965.982, 71
Trd, 8638966.182, 65
Trd, 8638966.232, 80
Trd, 8638966.532, 94
Trd, 8638968.032, 134
Trd, 8638968.832, 135
Trd, 8638969.382, 85
Trd, 8638971.332, 94
Trd, 8638971.782, 115
Trd, 8638972.182, 119
Trd, 8638972.282, 90
Trd, 8638972.882, 79
Trd, 8638973.882, 114
Trd, 8638974.382, 107
Trd, 8638975.082, 97
Trd, 8638975.732, 95
Trd, 8638976.432, 136
Trd, 8638977.532, 98
Trd, 8638977.782, 69
Trd, 8638978.582, 129
Trd, 8638978.732, 105
Trd, 8638980.282, 104
Trd, 8638981.682, 100
Trd, 8638982.232, 85
Trd, 8638983.482, 71
Trd, 8638983.782, 84
Trd, 8638984.132, 114
Trd, 8638984.682, 73
Trd, 8638984.882, 69
Trd, 8638986.582, 124
Trd, 8638987.082, 107
Trd, 8638987.782, 103
Trd, 8638987.832, 99
Trd, 8638988.482, 107
Trd, 8638989.432, 120
Trd, 8638989.982, 109
Trd, 8638990.732, 139
Trd, 8638991.382, 136
Trd, 8638992.832, 103
Trd, 8638993.582, 97
Trd, 8638993.982, 105
Trd, 8638994.382, 87
Trd, 8638994.932, 101
Trd, 8638995.432, 85
Trd, 8638996.282, 124
Trd, 8638997.432, 66
Trd, 8638997.532, 68
Trd, 8638998.932, 138
Trd, 8639001.582, 137
Trd, 8639002.582, 114
Trd, 8639003.032, 113
Trd, 8639003.382, 119
Trd, 8639003.682, 130
Trd, 8639005.332, 133
Trd, 8639005.782, 108
Trd, 8639006.932, 99
Trd, 8639008.782, 119
Trd, 8639009.982, 138
Trd, 8639010.332, 89
Trd, 8639011.132, 74
Trd, 8639011.882, 129
Trd, 8639012.782, 103
Trd, 8639013.582, 136
Trd, 8639015.282, 89
Trd, 8639015.532, 128
Trd, 8639015.582, 75
Trd, 8639016.082, 132
Trd, 8639016.482, 84
Trd, 8639017.732, 67
Trd, 8639018.782, 110
Trd, 8639019.282, 98
Trd, 8639019.682, 86
Trd, 8639020.732, 102
Trd, 8639021.132, 86
Trd, 8639021.232, 110
Trd, 8639021.882, 135
Trd, 8639023.232, 129
Trd, 8639024.632, 70
Trd, 8639025.632, 119
Trd, 8639027.632, 112
Trd, 8639028.282, 130
Trd, 8639028.382, 114
Trd, 8639028.782, 80
Trd, 8639029.232, 71
Trd, 8639030.882, 86
Trd, 8639031.132, 121
Trd, 8639031.932, 113
Trd, 8639033.032, 123
Trd, 8639034.882, 122
Trd, 8639035.232, 114
Trd, 8639037.082, 137
Trd, 8639037.682, 121
Trd, 8639038.282, 126
Trd, 8639039.182, 92
Trd, 8639039.582, 134
Trd, 8639042.532, 131
Trd, 8639042.982, 102
Trd, 8639043.082, 104
Trd, 8639043.582, 97
Trd, 8639043.882, 101
Trd, 8639045.382, 100
Trd, 8639045.782, 100
Trd, 8639046.032, 81
Trd, 8639048.182, 98
Trd, 8639048.432, 112
Trd, 8639049.632, 99
Trd, 8639049.682, 102
Trd, 8639051.332, 68
Trd, 8639051.532, 66
Trd, 8639052.182, 139
Trd, 8639052.632, 125
Trd, 8639054.132, 129
Trd, 8639054.832, 139
Trd, 8639055.082, 138
Trd, 8639055.582, 129
Trd, 8639056.882, 138
Trd, 8639057.582, 115
Trd, 8639058.082, 122
Trd, 8639060.082, 129
Trd, 8639060.882, 133
Trd, 8639061.482, 108
Trd, 8639061.582, 108
Trd, 8639062.432, 106
Trd, 8639062.882, 101
Trd, 8639063.482, 129
Trd, 8639064.232, 126
Trd, 8639065.132, 88
Trd, 8639065.332, 89
Trd, 8639066.032, 116
Trd, 8639066.532, 133
Trd, 8639067.882, 129
Trd, 8639068.132, 128
Trd, 8639069.682, 104
Trd, 8639071.882, 138
Trd, 8639072.482, 107
Trd, 8639074.232, 101
Trd, 8639074.482, 105
Trd, 8639075.832, 98
Trd, 8639077.132, 99
Trd, 8639078.032, 114
Trd, 8639078.682, 116
Trd, 8639079.432, 113
Trd, 8639079.532, 97
Trd, 8639080.082, 81
Trd, 8639080.682, 74
Trd, 8639081.182, 135
Trd, 8639081.282, 96
Trd, 8639081.932, 109
Trd, 8639082.832, 93
Trd, 8639084.682, 119
Trd, 8639085.732, 125
Trd, 8639086.132, 130
Trd, 8639086.332, 127
Trd, 8639087.532, 113
Trd, 8639087.932, 115
Trd, 8639088.132, 100
Trd, 8639089.082, 127
Trd, 8639091.482, 125
Trd, 8639092.932, 108
Trd, 8639093.332, 113
Trd, 8639093.632, 95
Trd, 8639094.932, 79
Trd, 8639095.032, 79
Trd, 8639095.182, 67
Trd, 8639097.882, 113
Trd, 8639098.182, 98
Trd, 8639098.732, 107
Trd, 8639099.132, 71
Trd, 8639099.432, 71
Trd, 8639099.782, 139
Trd, 8639100.632, 105
Trd, 8639103.182, 93
Trd, 8639103.432, 92
Trd, 8639103.632, 129
Trd, 8639104.632, 92
Trd, 8639105.982, 102
Trd, 8639106.532, 101
Trd, 8639106.682, 88
Trd, 8639107.132, 89
Trd, 8639107.982, 106
Trd, 8639108.732, 137
Trd, 8639111.482, 115
Trd, 8639112.482, 123
Trd, 8639112.582, 120
Trd, 8639114.632, 130
Trd, 8639115.482, 126
Trd, 8639115.732, 112
Trd, 8639116.282, 98
Trd, 8639116.632, 97
Trd, 8639118.832, 107
Trd, 8639118.882, 116
Trd, 8639119.332, 98
Trd, 8639119.382, 125
Trd, 8639119.832, 132
Trd, 8639120.182, 94
Trd, 8639121.732, 123
Trd, 8639122.432, 62
Trd, 8639123.582, 94
Trd, 8639123.832, 103
Trd, 8639123.982, 101
Trd, 8639125.032, 113
Trd, 8639126.282, 140
Trd, 8639126.632, 110
Trd, 8639127.432, 135
Trd, 8639127.532, 108
Trd, 8639128.282, 129
Trd, 8639128.882, 118
Trd, 8639129.732, 94
Trd, 8639129.932, 96
Trd, 8639131.282, 71
Trd, 8639131.782, 104
Trd, 8639135.132, 127
Trd, 8639135.632, 127
Trd, 8639136.432, 135
Trd, 8639136.982, 129
Trd, 8639137.732, 118
Trd, 8639138.832, 132
Trd, 8639139.382, 108
Trd, 8639139.432, 88
Trd, 8639139.532, 87
Trd, 8639140.182, 112
Trd, 8639140.582, 66
Trd, 8639141.182, 69
Trd, 8639141.982, 109
Trd, 8639142.582, 63
Trd, 8639143.582, 119
Trd, 8639144.282, 133
Trd, 8639145.432, 118
Trd, 8639146.282, 132
Trd, 8639146.732, 117
Trd, 8639147.282, 86
Trd, 8639147.882, 85
Trd, 8639148.582, 140
Trd, 8639149.632, 136
Trd, 8639150.032, 91
Trd, 8639151.432, 71
Trd, 8639152.732, 131
Trd, 8639153.932, 112
Trd, 8639154.232, 139
Trd, 8639154.582, 107
Trd, 8639158.482, 114
Trd, 8639159.482, 97
Trd, 8639160.182, 120
Trd, 8639160.782, 128
Trd, 8639161.282, 124
Trd, 8639161.832, 111
Trd, 8639162.382, 134
Trd, 8639162.682, 96
Trd, 8639163.132, 96
Trd, 8639166.332, 114
Trd, 8639166.432, 118
Trd, 8639166.682, 138
Trd, 8639167.482, 113
Trd, 8639167.932, 110
Trd, 8639168.832, 117
Trd, 8639169.382, 127
Trd, 8639170.082, 113
Trd, 8639171.832, 121
Trd, 8639172.032, 96
Trd, 8639173.332, 120
Trd, 8639174.232, 133
Trd, 8639174.782, 134
Trd, 8639176.382, 137
Trd, 8639177.082, 132
Trd, 8639177.732, 123
Trd, 8639177.882, 113
Trd, 8639178.432, 129
Trd, 8639178.532, 90
Trd, 8639178.732, 78
Trd, 8639179.732, 135
Trd, 8639180.332, 134
Trd, 8639182.132, 122
Trd, 8639182.682, 125
Trd, 8639182.982, 95
Trd, 8639183.132, 88
Trd, 8639183.782, 114
Trd, 8639184.582, 97
Trd, 8639184.732, 110
Trd, 8639186.582, 93
Trd, 8639186.832, 80
Trd, 8639187.232, 80
Trd, 8639187.932, 71
Trd, 8639188.332, 128
Trd, 8639189.132, 116
Trd, 8639189.432, 114
Trd, 8639190.082, 69
Trd, 8639190.982, 90
Trd, 8639191.082, 96
Trd, 8639192.982, 86
Trd, 8639193.582, 119
Trd, 8639194.532, 61
Trd, 8639195.282, 95
Trd, 8639196.682, 78
Trd, 8639197.382, 111
Trd, 8639197.932, 138
Trd, 8639198.032, 119
Trd, 8639198.732, 120
Trd, 8639200.282, 97
Trd, 8639201.732, 115
Trd, 8639202.182, 115
Trd, 8639202.882, 104
Trd, 8639202.932, 89
Trd, 8639203.232, 90
Trd, 8639203.332, 103
Trd, 8639205.182, 92
Trd, 8639205.982, 108
Trd, 8639206.332, 89
Trd, 8639206.482, 109
Trd, 8639209.782, 137
Trd, 8639210.232, 135
Trd, 8639210.682, 126
Trd, 8639211.832, 87
Trd, 8639212.232, 107
Trd, 8639212.782, 107
Trd, 8639213.732, 104
Trd, 8639213.932, 98
Trd, 8639214.432, 94
Trd, 8639215.932, 82
Trd, 8639217.282, 135
Trd, 8639218.232, 135
Trd, 8639219.582, 138
Trd, 8639219.682, 135
Trd, 8639220.282, 123
Trd, 8639222.332, 111
Trd, 8639222.632, 104
Trd, 8639223.282, 124
Trd, 8639223.382, 138
Trd, 8639223.832, 139
Trd, 8639223.932, 130
Trd, 8639225.232, 121
Trd, 8639226.632, 124
Trd, 8639226.982, 124
Trd, 8639227.632, 139
Trd, 8639227.932, 118
Trd, 8639228.182, 136
Trd, 8639228.932, 115
Trd, 8639229.282, 122
Trd, 8639229.832, 108
Trd, 8639232.282, 133
Trd, 8639232.982, 113
Trd, 8639233.932, 95
Trd, 8639235.682, 127
Trd, 8639235.882, 128
Trd, 8639235.932, 129
Trd, 8639236.082, 110
Trd, 8639237.232, 65
Trd, 8639238.382, 125
Trd, 8639238.582, 113
Trd, 8639238.982, 139
Trd, 8639240.082, 123
Trd, 8639242.332, 137
Trd, 8639242.432, 133
Trd, 8639242.732, 132
Trd, 8639244.082, 132
Trd, 8639244.232, 131
Trd, 8639244.682, 135
Trd, 8639244.832, 95
Trd, 8639245.432, 93
Trd, 8639245.482, 85
Trd, 8639246.032, 71
Trd, 8639247.782, 89
Trd, 8639248.632, 90
Trd, 8639249.282, 101
Trd, 8639249.582, 82
Trd, 8639249.832, 110
Trd, 8639250.632, 123
Trd, 8639250.832, 65
Trd, 8639252.932, 114
Trd, 8639253.082, 137
Trd, 8639255.232, 100
Trd, 8639256.882, 125
Trd, 8639258.032, 135
Trd, 8639258.082, 133
Trd, 8639258.132, 114
Trd, 8639259.682, 119
Trd, 8639260.082, 101
Trd, 8639260.232, 104
Trd, 8639260.332, 99
Trd, 8639261.282, 76
Trd, 8639261.382, 91
Trd, 8639262.032, 82
Trd, 8639264.082, 137
Trd, 8639264.932, 124
Trd, 8639265.582, 123
Trd, 8639266.532, 137
Trd, 8639267.032, 120
Trd, 8639267.982, 136
Trd, 8639268.332, 104
Trd, 8639268.732, 118
Trd, 8639269.482, 134
Trd, 8639270.782, 99
Trd, 8639270.932, 124
Trd, 8639271.132, 76
Trd, 8639274.032, 123
Trd, 8639274.632, 139
Trd, 8639274.832, 122
Trd, 8639276.582, 127
Trd, 8639277.132, 110
Trd, 8639277.432, 108
Trd, 8639277.882, 135
Trd, 8639278.482, 113
Trd, 8639279.682, 93
Trd, 8639279.782, 129
Trd, 8639281.382, 110
Trd, 8639283.182, 88
Trd, 8639283.232, 95
Trd, 8639283.982, 111
Trd, 8639284.282, 97
Trd, 8639285.032, 62
Trd, 8639285.232, 90
Trd, 8639285.932, 116
Trd, 8639286.432, 94
Trd, 8639287.082, 123
Trd, 8639288.082, 97
Trd, 8639288.282, 111
Trd, 8639289.132, 123
Trd, 8639290.382, 105
Trd, 8639290.532, 102
Trd, 8639292.682, 108
Trd, 8639293.482, 95
Trd, 8639295.582, 84
Trd, 8639296.682, 117
Trd, 8639298.332, 134
Trd, 8639299.382, 115
Trd, 8639300.682, 140
Trd, 8639300.782, 128
Trd, 8639300.932, 136
Trd, 8639301.482, 127
Trd, 8639302.682, 121
Trd, 8639304.532, 118
Trd, 8639304.932, 119
Trd, 8639305.132, 93
Trd, 8639306.282, 120
Trd, 8639307.432, 112
Trd, 8639307.882, 111
Trd, 8639308.582, 122
Trd, 8639308.782, 121
Trd, 8639308.932, 118
Trd, 8639311.032, 115
Trd, 8639313.082, 108
Trd, 8639313.182, 101
Trd, 8639313.432, 127
Trd, 8639313.632, 82
Trd, 8639314.982, 133
Trd, 8639315.332, 131
Trd, 8639316.332, 136
Trd, 8639316.732, 115
Trd, 8639317.032, 115
Trd, 8639317.582, 139
Trd, 8639318.232, 132
Trd, 8639319.282, 107
Trd, 8639319.382, 103
Trd, 8639319.832, 99
Trd, 8639320.582, 104
Trd, 8639321.232, 105
Trd, 8639322.682, 111
Trd, 8639322.732, 108
Trd, 8639322.782, 84
Trd, 8639323.382, 100
Trd, 8639324.932, 116
Trd, 8639324.982, 93
Trd, 8639325.632, 68
Trd, 8639326.582, 116
Trd, 8639328.182, 126
Trd, 8639328.882, 119
Trd, 8639329.082, 116
Trd, 8639330.482, 136
Trd, 8639331.432, 105
Trd, 8639331.632, 122
Trd, 8639332.882, 130
Trd, 8639334.232, 136
Trd, 8639335.132, 133
Trd, 8639335.732, 110
Trd, 8639336.282, 130
Trd, 8639338.032, 134
Trd, 8639338.332, 121
Trd, 8639338.982, 123
Trd, 8639340.532, 128
Trd, 8639340.782, 126
Trd, 8639341.982, 115
Trd, 8639342.282, 131
Trd, 8639342.532, 112
Trd, 8639343.432, 113
Trd, 8639343.782, 90
Trd, 8639344.282, 127
Trd, 8639344.582, 137
Trd, 8639344.632, 126
Trd, 8639345.732, 74
Trd, 8639346.582, 109
Trd, 8639346.782, 132
Trd, 8639347.082, 129
Trd, 8639347.332, 105
Trd, 8639348.282, 137
Trd, 8639351.132, 120
Trd, 8639351.282, 119
Trd, 8639351.382, 118
Trd, 8639351.682, 76
Trd, 8639352.432, 87
Trd, 8639353.582, 136
Trd, 8639354.432, 125
Trd, 8639354.532, 124
Trd, 8639355.832, 118
Trd, 8639357.432, 135
Trd, 8639357.882, 106
Trd, 8639359.532, 138
Trd, 8639359.782, 120
Trd, 8639360.132, 130
Trd, 8639360.882, 122
Trd, 8639361.582, 121
Trd, 8639361.832, 111
Trd, 8639361.882, 111
Trd, 8639362.582, 98
Trd, 8639363.782, 117
Trd, 8639364.282, 93
Trd, 8639364.682, 114
Trd, 8639365.582, 108
Trd, 8639366.382, 100
Trd, 8639367.282, 84
Trd, 8639367.632, 88
Trd, 8639367.732, 83
Trd, 8639368.432, 94
Trd, 8639368.832, 117
Trd, 8639370.182, 104
Trd, 8639370.282, 84
Trd, 8639371.032, 65
Trd, 8639371.482, 130
Trd, 8639372.732, 116
Trd, 8639372.882, 115
Trd, 8639374.182, 121
Trd, 8639374.382, 96
Trd, 8639375.432, 102
Trd, 8639376.432, 111
Trd, 8639376.632, 92
Trd, 8639378.132, 101
Trd, 8639379.132, 85
Trd, 8639379.882, 74
Trd, 8639379.932, 79
Trd, 8639381.282, 110
Trd, 8639381.732, 120
Trd, 8639382.032, 95
Trd, 8639382.882, 109
Trd, 8639383.682, 76
Trd, 8639384.182, 121
Trd, 8639385.232, 116
Trd, 8639385.582, 136
Trd, 8639386.432, 111
Trd, 8639387.382, 132
Trd, 8639388.532, 97
Trd, 8639389.732, 110
Trd, 8639390.532, 135
Trd, 8639390.782, 134
Trd, 8639390.882, 138
Trd, 8639391.682, 112
Trd, 8639392.632, 90
Trd, 8639393.182, 122
Trd, 8639393.832, 130
Trd, 8639394.982, 134
Trd, 8639396.232, 128
Trd, 8639398.632, 99
Trd, 8639399.182, 118
Trd, 8639400.082, 106
Trd, 8639400.482, 120
Trd, 8639400.632, 116
Trd, 8639400.782, 107
Trd, 8639401.182, 105
Trd, 8639401.782, 91
Trd, 8639402.932, 93
Trd, 8639403.482, 90
Trd, 8639405.832, 84
Trd, 8639405.932, 87
Trd, 8639406.182, 122
Trd, 8639407.482, 136
Trd, 8639407.982, 102
Trd, 8639409.032, 109
Trd, 8639409.982, 138
Trd, 8639410.732, 140
Trd, 8639411.232, 87
Trd, 8639412.132, 136
Trd, 8639412.482, 132
Trd, 8639414.182, 115
Trd, 8639414.532, 84
Trd, 8639416.182, 110
Trd, 8639416.682, 101
Trd, 8639416.832, 98
Trd, 8639417.382, 119
Trd, 8639417.582, 110
Trd, 8639419.182, 115
Trd, 8639420.132, 84
Trd, 8639421.282, 121
Trd, 8639421.682, 83
Trd, 8639422.232, 140
Trd, 8639422.632, 136
Trd, 8639423.682, 133
Trd, 8639423.832, 106
Trd, 8639424.232, 107
Trd, 8639426.432, 128
Trd, 8639426.832, 100
Trd, 8639428.382, 133
Trd, 8639429.482, 120
Trd, 8639430.332, 99
Trd, 8639430.482, 109
Trd, 8639431.232, 133
Trd, 8639431.432, 115
Trd, 8639431.832, 102
Trd, 8639432.132, 85
Trd, 8639432.982, 87
Trd, 8639435.882, 136
Trd, 8639436.332, 135
Trd, 8639436.532, 125
Trd, 8639436.982, 132
Trd, 8639437.132, 94
Trd, 8639437.732, 125
Trd, 8639437.932, 112
Trd, 8639440.832, 135
Trd, 8639440.932, 134
Trd, 8639441.432, 116
Trd, 8639442.682, 135
Trd, 8639443.582, 137
Trd, 8639444.182, 104
Trd, 8639445.682, 129
Trd, 8639445.732, 97
Trd, 8639446.082, 106
Trd, 8639446.582, 103
Trd, 8639448.332, 140
Trd, 8639448.782, 136
Trd, 8639450.832, 116
Trd, 8639451.482, 116
Trd, 8639451.632, 114
Trd, 8639452.182, 82
Trd, 8639453.232, 125
Trd, 8639454.382, 126
Trd, 8639455.232, 122
Trd, 8639455.882, 129
Trd, 8639455.932, 137
Trd, 8639457.782, 138
Trd, 8639458.232, 112
Trd, 8639458.582, 94
Trd, 8639459.332, 121
Trd, 8639459.682, 119
Trd, 8639460.732, 106
Trd, 8639461.382, 132
Trd, 8639461.882, 83
Trd, 8639462.332, 136
Trd, 8639462.482, 108
Trd, 8639463.382, 86
Trd, 8639463.582, 125
Trd, 8639463.882, 136
Trd, 8639464.082, 122
Trd, 8639465.332, 116
Trd, 8639467.282, 116
Trd, 8639468.682, 137
Trd, 8639469.182, 97
Trd, 8639470.132, 80
Trd, 8639470.282, 94
Trd, 8639470.882, 123
Trd, 8639471.382, 96
Trd, 8639471.782, 75
Trd, 8639471.882, 134
Trd, 8639473.632, 126
Trd, 8639473.982, 123
Trd, 8639474.282, 130
Trd, 8639476.082, 113
Trd, 8639476.882, 91
Trd, 8639477.082, 134
Trd, 8639478.082, 102
Trd, 8639478.982, 99
Trd, 8639479.982, 134
Trd, 8639481.732, 130
Trd, 8639481.932, 131
Trd, 8639482.032, 104
Trd, 8639483.232, 105
Trd, 8639484.432, 138
Trd, 8639484.582, 131
Trd, 8639485.832, 116
Trd, 8639487.032, 125
Trd, 8639487.182, 105
Trd, 8639487.682, 82
Trd, 8639489.032, 71
Trd, 8639489.232, 95
Trd, 8639490.582, 77
Trd, 8639491.932, 93
Trd, 8639492.982, 129
Trd, 8639493.482, 114
Trd, 8639493.682, 114
Trd, 8639493.882, 113
Trd, 8639494.282, 82
Trd, 8639494.832, 85
Trd, 8639496.332, 113
Trd, 8639496.582, 73
Trd, 8639497.482, 119
Trd, 8639497.932, 128
Trd, 8639498.932, 107
Trd, 8639498.982, 121
Trd, 8639500.882, 98
Trd, 8639502.232, 93
Trd, 8639502.532, 90
Trd, 8639504.182, 131
Trd, 8639504.232, 130
Trd, 8639504.582, 110
Trd, 8639505.982, 100
Trd, 8639507.532, 108
Trd, 8639509.182, 102
Trd, 8639509.332, 98
Trd, 8639509.832, 132
Trd, 8639510.882, 86
Trd, 8639511.582, 99
Trd, 8639511.882, 94
Trd, 8639512.732, 135
Trd, 8639512.882, 134
Trd, 8639513.332, 103
Trd, 8639513.882, 137
Trd, 8639516.832, 109
Trd, 8639516.982, 128
Trd, 8639518.382, 80
Trd, 8639520.432, 139
Trd, 8639520.732, 130
Trd, 8639520.882, 102
Trd, 8639521.432, 99
Trd, 8639521.632, 94
Trd, 8639521.732, 93
Trd, 8639522.282, 133
Trd, 8639524.132, 120
Trd, 8639526.882, 91
Trd, 8639526.932, 91
Trd, 8639529.282, 136
Trd, 8639529.432, 136
Trd, 8639529.882, 116
Trd, 8639530.132, 113
Trd, 8639530.782, 104
Trd, 8639531.382, 118
Trd, 8639532.582, 130
Trd, 8639533.582, 118
Trd, 8639534.182, 126
Trd, 8639534.882, 118
Trd, 8639535.682, 93
Trd, 8639536.632, 132
Trd, 8639537.332, 140
Trd, 8639538.832, 124
Trd, 8639540.182, 127
Trd, 8639540.632, 126
Trd, 8639540.732, 114
Trd, 8639541.082, 126
Trd, 8639541.382, 134
Trd, 8639542.282, 119
Trd, 8639542.832, 127
Trd, 8639545.682, 136
Trd, 8639545.832, 113
Trd, 8639547.832, 104
Trd, 8639549.182, 119
Trd, 8639549.932, 98
Trd, 8639550.232, 132
Trd, 8639551.182, 107
Trd, 8639551.632, 96
Trd, 8639553.382, 132
Trd, 8639553.932, 129
Trd, 8639554.382, 131
Trd, 8639554.582, 94
Trd, 8639555.182, 97
Trd, 8639556.032, 112
Trd, 8639556.482, 91
Trd, 8639556.932, 137
Trd, 8639557.332, 90
Trd, 8639557.632, 101
Trd, 8639558.182, 121
Trd, 8639558.882, 115
Trd, 8639560.682, 91
Trd, 8639560.982, 112
Trd, 8639561.682, 72
Trd, 8639562.082, 135
Trd, 8639563.082, 77
Trd, 8639563.982, 133
Trd, 8639564.082, 133
Trd, 8639564.432, 113
Trd, 8639564.532, 110
Trd, 8639566.332, 129
Trd, 8639566.432, 117
Trd, 8639567.882, 135
Trd, 8639568.082, 101
Trd, 8639569.682, 135
Trd, 8639571.932, 109
Trd, 8639572.032, 120
Trd, 8639572.482, 106
Trd, 8639572.532, 101
Trd, 8639572.832, 109
Trd, 8639573.482, 105
Trd, 8639574.832, 93
Trd, 8639575.582, 86
Trd, 8639575.632, 98
Trd, 8639576.882, 138
Trd, 8639577.132, 136
Trd, 8639577.232, 81
Trd, 8639579.532, 130
Trd, 8639580.482, 129
Trd, 8639582.032, 136
Trd, 8639582.232, 126
Trd, 8639582.382, 114
Trd, 8639582.782, 137
Trd, 8639583.032, 119
Trd, 8639584.132, 117
Trd, 8639584.532, 123
Trd, 8639586.082, 110
Trd, 8639586.732, 105
Trd, 8639588.182, 127
Trd, 8639588.232, 122
Trd, 8639588.382, 131
Trd, 8639591.382, 115
Trd, 8639591.482, 114
Trd, 8639591.682, 104
Trd, 8639592.132, 118
Trd, 8639592.482, 119
Trd, 8639593.432, 97
Trd, 8639593.532, 107
Trd, 8639593.732, 116
Trd, 8639594.982, 111
Trd, 8639596.332, 109
Trd, 8639597.182, 108
Trd, 8639597.632, 113
Trd, 8639597.682, 113
Trd, 8639598.332, 126
Trd, 8639598.532, 83
Trd, 8639599.782, 84
Trd, 8639600.032, 95
Trd, 8639600.432, 67
Trd, 8639601.032, 115
Trd, 8639602.882, 123
Trd, 8639603.782, 135
Trd, 8639604.232, 130
Trd, 8639604.532, 122
Trd, 8639605.482, 99
Trd, 8639606.332, 135
Trd, 8639607.132, 132
Trd, 8639607.732, 120
Trd, 8639609.332, 121
Trd, 8639609.632, 104
Trd, 8639610.882, 98
Trd, 8639611.832, 121
Trd, 8639614.032, 106
Trd, 8639614.882, 126
Trd, 8639616.382, 124
Trd, 8639616.432, 120
Trd, 8639617.482, 124
Trd, 8639618.032, 131
Trd, 8639618.532, 123
Trd, 8639618.882, 113
Trd, 8639619.032, 122
Trd, 8639620.732, 99
Trd, 8639622.082, 99
Trd, 8639622.432, 126
Trd, 8639622.582, 94
Trd, 8639623.232, 95
Trd, 8639623.782, 82
Trd, 8639625.432, 98
Trd, 8639626.082, 74
Trd, 8639626.532, 95
Trd, 8639626.832, 79
Trd, 8639627.982, 131
Trd, 8639629.832, 101
Trd, 8639630.282, 98
Trd, 8639630.332, 88
Trd, 8639630.882, 118
Trd, 8639631.432, 106
Trd, 8639631.582, 94
Trd, 8639632.282, 133
Trd, 8639632.882, 139
Trd, 8639634.282, 88
Trd, 8639634.332, 121
Trd, 8639635.382, 71
Trd, 8639637.882, 132
Trd, 8639638.682, 129
Trd, 8639639.832, 127
Trd, 8639640.882, 127
Trd, 8639642.132, 138
Trd, 8639642.632, 115
Trd, 8639643.432, 107
Trd, 8639644.332, 117
Trd, 8639644.732, 136
Trd, 8639644.882, 93
Trd, 8639646.732, 114
Trd, 8639646.882, 83
Trd, 8639647.532, 108
Trd, 8639649.682, 122
Trd, 8639650.082, 114
Trd, 8639650.432, 114
Trd, 8639651.232, 129
Trd, 8639652.282, 120
Trd, 8639652.782, 112
Trd, 8639652.982, 124
Trd, 8639653.982, 87
Trd, 8639656.382, 98
Trd, 8639656.582, 98
Trd, 8639656.782, 116
Trd, 8639657.882, 127
Trd, 8639660.232, 135
Trd, 8639660.482, 119
Trd, 8639660.532, 116
Trd, 8639661.232, 133
Trd, 8639661.332, 88
Trd, 8639662.232, 81
Trd, 8639662.782, 105
Trd, 8639663.232, 98
Trd, 8639664.832, 101
Trd, 8639665.532, 138
Trd, 8639666.032, 136
Trd, 8639666.932, 91
Trd, 8639667.182, 105
Trd, 8639668.332, 90
Trd, 8639669.182, 109
Trd, 8639669.982, 137
Trd, 8639670.032, 136
Trd, 8639673.082, 109
Trd, 8639674.132, 133
Trd, 8639674.482, 139
Trd, 8639674.782, 118
Trd, 8639675.282, 117
Trd, 8639675.982, 98
Trd, 8639676.232, 127
Trd, 8639676.632, 136
Trd, 8639677.732, 137
Trd, 8639678.482, 118
Trd, 8639678.882, 91
Trd, 8639679.982, 132
Trd, 8639681.532, 103
Trd, 8639682.132, 78
Trd, 8639682.232, 70
Trd, 8639683.432, 132
Trd, 8639684.882, 115
Trd, 8639687.732, 125
Trd, 8639687.832, 106
Trd, 8639688.032, 93
Trd, 8639688.882, 108
Trd, 8639689.732, 129
Trd, 8639689.932, 127
Trd, 8639690.582, 131
Trd, 8639690.882, 129
Trd, 8639692.232, 123
Trd, 8639693.232, 138
Trd, 8639694.632, 135
Trd, 8639695.282, 133
Trd, 8639695.332, 88
Trd, 8639696.882, 135
Trd, 8639697.032, 139
Trd, 8639697.432, 103
Trd, 8639698.282, 112
Trd, 8639700.932, 135
Trd, 8639701.032, 104
Trd, 8639701.382, 102
Trd, 8639701.932, 126
Trd, 8639702.432, 118
Trd, 8639703.282, 118
Trd, 8639705.232, 128
Trd, 8639706.082, 124
Trd, 8639706.832, 135
Trd, 8639707.032, 134
Trd, 8639708.382, 109
Trd, 8639708.782, 96
Trd, 8639710.532, 91
Trd, 8639710.782, 95
Trd, 8639711.732, 116
Trd, 8639712.782, 103
Trd, 8639713.482, 107
Trd, 8639714.432, 105
Trd, 8639715.182, 106
Trd, 8639715.232, 110
Trd, 8639715.632, 111
Trd, 8639715.682, 91
Trd, 8639717.532, 111
Trd, 8639718.882, 98
Trd, 8639719.682, 109
Trd, 8639720.082, 112
Trd, 8639720.332, 107
Trd, 8639720.782, 132
Trd, 8639721.682, 100
Trd, 8639721.782, 128
Trd, 8639723.832, 124
Trd, 8639724.182, 123
Trd, 8639725.482, 117
Trd, 8639726.832, 125
Trd, 8639726.882, 111
Trd, 8639727.532, 111
Trd, 8639728.532, 135
Trd, 8639729.432, 127
Trd, 8639729.482, 103
Trd, 8639732.082, 120
Trd, 8639732.182, 111
Trd, 8639732.282, 96
Trd, 8639732.632, 114
Trd, 8639732.832, 134
Trd, 8639733.432, 125
Trd, 8639735.282, 127
Trd, 8639736.032, 126
Trd, 8639736.682, 98
Trd, 8639738.082, 130
Trd, 8639738.782, 133
Trd, 8639739.532, 121
Trd, 8639740.782, 130
Trd, 8639740.932, 120
Trd, 8639741.282, 108
Trd, 8639742.932, 101
Trd, 8639743.582, 91
Trd, 8639744.282, 136
Trd, 8639745.982, 124
Trd, 8639746.082, 118
Trd, 8639746.482, 103
Trd, 8639746.532, 72
Trd, 8639747.332, 125
Trd, 8639747.932, 110
Trd, 8639748.982, 104
Trd, 8639749.282, 112
Trd, 8639749.732, 138
Trd, 8639750.182, 110
Trd, 8639751.082, 70
Trd, 8639751.732, 104
Trd, 8639752.032, 95
Trd, 8639752.282, 111
Trd, 8639752.482, 118
Trd, 8639753.582, 113
Trd, 8639753.982, 108
Trd, 8639754.932, 139
Trd, 8639755.732, 135
Trd, 8639756.682, 119
Trd, 8639756.932, 100
Trd, 8639757.732, 98
Trd, 8639757.832, 91
Trd, 8639759.032, 106
Trd, 8639759.382, 80
Trd, 8639759.682, 78
Trd, 8639760.832, 88
Trd, 8639761.482, 124
Trd, 8639762.232, 87
Trd, 8639763.232, 136
Trd, 8639764.982, 134
Trd, 8639765.732, 127
Trd, 8639767.082, 127
Trd, 8639767.632, 125
Trd, 8639768.782, 140
Trd, 8639769.282, 107
Trd, 8639769.432, 87
Trd, 8639770.482, 96
Trd, 8639770.932, 72
Trd, 8639771.232, 112
Trd, 8639771.632, 80
Trd, 8639772.082, 110
Trd, 8639772.232, 67
Trd, 8639774.282, 79
Trd, 8639774.482, 108
Trd, 8639774.732, 104
Trd, 8639775.582, 116
Trd, 8639775.682, 116
Trd, 8639777.082, 104
Trd, 8639779.432, 124
Trd, 8639780.032, 125
Trd, 8639780.382, 136
Trd, 8639781.482, 104
Trd, 8639781.882, 121
Trd, 8639784.232, 103
Trd, 8639784.632, 133
Trd, 8639784.832, 100
Trd, 8639785.082, 88
Trd, 8639785.782, 82
Trd, 8639788.932, 113
Trd, 8639789.382, 113
Trd, 8639789.732, 119
Trd, 8639790.182, 124
Trd, 8639791.182, 127
Trd, 8639791.532, 94
Trd, 8639792.882, 134
Trd, 8639793.582, 104
Trd, 8639794.082, 92
Trd, 8639794.732, 100
Trd, 8639796.982, 126
Trd, 8639797.032, 117
Trd, 8639797.082, 112
Trd, 8639798.082, 122
Trd, 8639799.332, 139
Trd, 8639799.732, 138
Trd, 8639800.682, 97
Trd, 8639802.682, 135
Trd, 8639804.082, 140
Trd, 8639804.232, 126
Trd, 8639805.932, 116
Trd, 8639806.582, 110
Trd, 8639806.732, 108
Trd, 8639806.982, 124
Trd, 8639808.182, 126
Trd, 8639808.232, 120
Trd, 8639808.432, 115
Trd, 8639808.632, 140
Trd, 8639811.732, 120
Trd, 8639812.182, 113
Trd, 8639812.282, 113
Trd, 8639812.832, 108
Trd, 8639813.332, 115
Trd, 8639813.682, 71
Trd, 8639814.582, 69
Trd, 8639814.932, 140
Trd, 8639815.332, 76
Trd, 8639815.432, 131
Trd, 8639817.032, 101
Trd, 8639818.882, 138
Trd, 8639819.782, 124
Trd, 8639820.082, 121
Trd, 8639820.282, 119
Trd, 8639822.682, 126
Trd, 8639822.782, 114
Trd, 8639823.282, 108
Trd, 8639824.832, 138
Trd, 8639825.182, 135
Trd, 8639826.282, 104
Trd, 8639827.132, 112
Trd, 8639827.532, 115
Trd, 8639827.582, 84
Trd, 8639828.532, 134
Trd, 8639829.382, 132
Trd, 8639829.732, 131
Trd, 8639830.032, 136
Trd, 8639831.482, 86
Trd, 8639833.032, 115
Trd, 8639834.032, 102
Trd, 8639834.132, 107
Trd, 8639834.332, 95
Trd, 8639835.732, 102
Trd, 8639836.832, 108
Trd, 8639837.582, 125
Trd, 8639838.082, 123
Trd, 8639838.682, 119
Trd, 8639839.082, 103
Trd, 8639839.632, 99
Trd, 8639840.882, 112
Trd, 8639842.232, 130
Trd, 8639842.282, 129
Trd, 8639843.232, 123
Trd, 8639843.432, 118
Trd, 8639844.082, 113
Trd, 8639845.732, 137
Trd, 8639845.932, 125
Trd, 8639846.182, 88
Trd, 8639846.932, 104
Trd, 8639848.232, 127
Trd, 8639848.832, 135
Trd, 8639849.832, 125
Trd, 8639849.882, 98
Trd, 8639850.282, 91
Trd, 8639852.832, 105
Trd, 8639853.082, 98
Trd, 8639853.832, 64
Trd, 8639853.882, 120
Trd, 8639855.232, 92
Trd, 8639855.432, 96
Trd, 8639856.432, 95
Trd, 8639857.932, 97
Trd, 8639858.182, 90
Trd, 8639858.532, 140
Trd, 8639859.682, 114
Trd, 8639859.882, 114
Trd, 8639860.732, 128
Trd, 8639861.282, 91
Trd, 8639862.032, 126
Trd, 8639862.282, 105
Trd, 8639863.182, 92
Trd, 8639865.082, 111
Trd, 8639865.682, 132
Trd, 8639865.832, 125
Trd, 8639866.332, 124
Trd, 8639866.482, 67
Trd, 8639867.032, 107
Trd, 8639868.232, 84
Trd, 8639868.732, 136
Trd, 8639868.832, 117
Trd, 8639869.382, 140
Trd, 8639870.232, 94
Trd, 8639871.682, 117
Trd, 8639872.632, 123
Trd, 8639873.582, 137
Trd, 8639874.082, 135
Trd, 8639874.182, 134
Trd, 8639875.632, 89
Trd, 8639876.432, 118
Trd, 8639876.582, 109
Trd, 8639877.482, 110
Trd, 8639878.482, 78
Trd, 8639879.482, 126
Trd, 8639879.932, 74
Trd, 8639880.032, 121
Trd, 8639880.532, 123
Trd, 8639880.832, 109
Trd, 8639881.682, 105
Trd, 8639882.882, 104
Trd, 8639883.282, 95
Trd, 8639885.582, 102
Trd, 8639886.332, 95
Trd, 8639887.832, 95
Trd, 8639888.182, 86
Trd, 8639888.732, 123
Trd, 8639889.332, 126
Trd, 8639890.532, 129
Trd, 8639890.582, 117
Trd, 8639891.282, 131
Trd, 8639892.132, 110
Trd, 8639892.882, 134
Trd, 8639892.932, 87
Trd, 8639894.382, 111
Trd, 8639894.432, 126
Trd, 8639896.732, 123
Trd, 8639897.432, 137
Trd, 8639898.132, 122
Trd, 8639898.582, 108
Trd, 8639899.732, 85
Trd, 8639899.832, 78
Trd, 8639900.382, 75
Trd, 8639903.182, 126
Trd, 8639904.232, 139
Trd, 8639904.382, 132
Trd, 8639904.632, 132
Trd, 8639905.582, 130
Trd, 8639905.632, 89
Trd, 8639907.032, 105
Trd, 8639907.282, 110
Trd, 8639908.082, 120
Trd, 8639908.382, 119
Trd, 8639908.682, 134
Trd, 8639910.032, 103
Trd, 8639910.982, 112
Trd, 8639911.082, 99
Trd, 8639911.482, 112
Trd, 8639912.982, 102
Trd, 8639913.532, 127
Trd, 8639914.582, 132
Trd, 8639915.182, 131
Trd, 8639915.232, 92
Trd, 8639915.532, 89
Trd, 8639916.282, 115
Trd, 8639917.432, 92
Trd, 8639917.682, 88
Trd, 8639919.432, 123
Trd, 8639919.782, 123
Trd, 8639920.082, 122
Trd, 8639921.432, 116
Trd, 8639921.682, 114
Trd, 8639923.032, 114
Trd, 8639923.182, 121
Trd, 8639923.332, 106
Trd, 8639923.382, 104
Trd, 8639924.582, 103
Trd, 8639924.682, 125
Trd, 8639925.432, 84
Trd, 8639926.582, 101
Trd, 8639926.732, 139
Trd, 8639927.332, 101
Trd, 8639927.982, 133
Trd, 8639928.882, 128
Trd, 8639930.082, 111
Trd, 8639930.932, 121
Trd, 8639931.182, 77
Trd, 8639932.032, 135
Trd, 8639932.532, 94
Trd, 8639933.782, 137
Trd, 8639934.932, 94
Trd, 8639936.432, 92
Trd, 8639938.932, 130
Trd, 8639939.232, 121
Trd, 8639939.932, 108
Trd, 8639941.382, 114
Trd, 8639941.432, 105
Trd, 8639942.082, 105
Trd, 8639942.582, 118
Trd, 8639942.732, 108
Trd, 8639943.282, 113
Trd, 8639943.382, 132
Trd, 8639944.982, 133
Trd, 8639945.532, 109
Trd, 8639947.432, 124
Trd, 8639948.182, 123
Trd, 8639948.232, 104
Trd, 8639949.232, 135
Trd, 8639949.932, 135
Trd, 8639950.482, 91
Trd, 8639951.682, 114
Trd, 8639952.082, 126
Trd, 8639952.732, 118
Trd, 8639953.332, 95
Trd, 8639953.582, 114
Trd, 8639953.982, 103
Trd, 8639954.132, 91
Trd, 8639955.132, 78
Trd, 8639956.132, 94
Trd, 8639958.232, 136
Trd, 8639958.982, 127
Trd, 8639959.482, 92
Trd, 8639959.732, 76
Trd, 8639960.432, 140
Trd, 8639960.582, 138
Trd, 8639961.082, 117
Trd, 8639961.382, 113
Trd, 8639961.532, 108
Trd, 8639962.782, 94
Trd, 8639963.532, 125
Trd, 8639964.632, 115
Trd, 8639965.682, 117
Trd, 8639965.882, 114
Trd, 8639966.882, 120
Trd, 8639967.032, 81
Trd, 8639968.182, 118
Trd, 8639968.382, 117
Trd, 8639968.782, 88
Trd, 8639970.032, 105
Trd, 8639971.532, 130
Trd, 8639972.582, 132
Trd, 8639974.482, 114
Trd, 8639975.732, 127
Trd, 8639975.782, 126
Trd, 8639975.832, 125
Trd, 8639976.182, 128
Trd, 8639976.282, 76
Trd, 8639977.082, 119
Trd, 8639977.732, 117
Trd, 8639978.382, 117
Trd, 8639978.432, 103
Trd, 8639978.632, 67
Trd, 8639980.982, 107
Trd, 8639981.132, 74
Trd, 8639981.332, 102
Trd, 8639982.532, 110
Trd, 8639983.432, 125
Trd, 8639983.782, 136
Trd, 8639984.582, 67
Trd, 8639984.632, 94
Trd, 8639985.332, 134
Trd, 8639985.982, 108
Trd, 8639988.232, 139
Trd, 8639989.932, 130
Trd, 8639990.632, 86
Trd, 8639991.182, 133
Trd, 8639991.482, 116
Trd, 8639992.632, 126
Trd, 8639992.682, 130
Trd, 8639994.432, 128
Trd, 8639994.932, 136
Trd, 8639995.682, 124
Trd, 8639996.582, 107
Trd, 8639996.932, 112
Trd, 8639997.182, 131
Trd, 8639997.782, 131
Trd, 8639997.932, 114
Trd, 8639999.682, 137
