Trd, 8638207.982, 60
Trd, 8638208.082, 75
Trd, 8638208.732, 67
Trd, 8638209.532, 62
Trd, 8638210.282, 61
Trd, 8638211.532, 60
Trd, 8638211.682, 61
Trd, 8638211.932, 125
Trd, 8638212.432, 138
Trd, 8638212.982, 137
Trd, 8638213.532, 61
Trd, 8638214.282, 131
Trd, 8638214.982, 60
Trd, 8638215.182, 60
Trd, 8638216.032, 77
Trd, 8638217.432, 61
Trd, 8638218.282, 61
Trd, 8638218.582, 60
Trd, 8638219.132, 92
Trd, 8638219.332, 69
Trd, 8638220.182, 60
Trd, 8638220.782, 67
Trd, 8638221.682, 82
Trd, 8638221.932, 90
Trd, 8638222.032, 89
Trd, 8638222.182, 63
Trd, 8638224.032, 139
Trd, 8638224.132, 139
Trd, 8638224.582, 140
Trd, 8638225.432, 139
Trd, 8638225.482, 64
Trd, 8638226.282, 116
Trd, 8638227.232, 140
Trd, 8638227.932, 140
Trd, 8638227.982, 139
Trd, 8638230.132, 140
Trd, 8638230.282, 140
Trd, 8638230.932, 140
Trd, 8638231.432, 140
Trd, 8638231.632, 127
Trd, 8638232.132, 65
Trd, 8638232.632, 60
Trd, 8638234.032, 140
Trd, 8638234.182, 120
Trd, 8638234.682, 61
Trd, 8638235.932, 73
Trd, 8638236.032, 140
Trd, 8638236.932, 61
Trd, 8638237.432, 140
Trd, 8638238.632, 140
Trd, 8638239.332, 140
Trd, 8638239.432, 138
Trd, 8638239.482, 135
Trd, 8638239.532, 87
Trd, 8638239.682, 73
Trd, 8638241.232, 140
Trd, 8638241.482, 140
Trd, 8638242.082, 136
Trd, 8638243.532, 139
Trd, 8638243.732, 140
Trd, 8638244.332, 80
Trd, 8638244.382, 75
Trd, 8638244.982, 60
Trd, 8638245.982, 140
Trd, 8638246.282, 140
Trd, 8638246.332, 140
Trd, 8638246.882, 85
Trd, 8638247.132, 61
Trd, 8638248.382, 87
Trd, 8638248.532, 109
Trd, 8638249.132, 139
Trd, 8638249.332, 67
Trd, 8638251.382, 140
Trd, 8638251.582, 140
Trd, 8638252.282, 140
Trd, 8638253.182, 139
Trd, 8638253.732, 139
Trd, 8638254.332, 138
Trd, 8638254.782, 97
Trd, 8638255.932, 65
Trd, 8638256.132, 139
Trd, 8638256.482, 140
Trd, 8638257.632, 140
Trd, 8638258.032, 140
Trd, 8638259.032, 138
Trd, 8638259.132, 99
Trd, 8638259.882, 112
Trd, 8638260.432, 140
Trd, 8638261.032, 140
Trd, 8638261.382, 140
Trd, 8638261.932, 140
Trd, 8638262.632, 126
Trd, 8638263.232, 76
Trd, 8638264.232, 61
Trd, 8638264.282, 62
Trd, 8638265.182, 126
Trd, 8638265.632, 125
Trd, 8638266.232, 102
Trd, 8638266.982, 118
Trd, 8638267.032, 76
Trd, 8638268.382, 60
Trd, 8638268.482, 61
Trd, 8638269.232, 60
Trd, 8638269.532, 116
Trd, 8638269.982, 62
Trd, 8638270.532, 67
Trd, 8638271.282, 69
Trd, 8638272.382, 140
Trd, 8638272.582, 140
Trd, 8638272.632, 139
Trd, 8638272.882, 99
Trd, 8638273.432, 98
Trd, 8638275.532, 140
Trd, 8638275.832, 140
Trd, 8638275.982, 86
Trd, 8638276.982, 140
Trd, 8638278.082, 139
Trd, 8638279.032, 136
Trd, 8638279.132, 98
Trd, 8638279.182, 97
Trd, 8638279.982, 138
Trd, 8638281.282, 140
Trd, 8638282.182, 140
Trd, 8638282.332, 140
Trd, 8638282.632, 137
Trd, 8638283.282, 139
Trd, 8638283.782, 139
Trd, 8638284.082, 126
Trd, 8638284.132, 77
Trd, 8638284.882, 139
Trd, 8638284.982, 73
Trd, 8638285.432, 139
Trd, 8638286.532, 140
Trd, 8638286.832, 138
Trd, 8638287.782, 94
Trd, 8638288.132, 64
Trd, 8638289.032, 64
Trd, 8638289.532, 68
Trd, 8638290.032, 75
Trd, 8638290.282, 63
Trd, 8638290.832, 140
Trd, 8638291.832, 140
Trd, 8638292.882, 140
Trd, 8638293.032, 140
Trd, 8638293.382, 140
Trd, 8638293.682, 140
Trd, 8638294.532, 118
Trd, 8638294.832, 140
Trd, 8638294.982, 119
Trd, 8638295.282, 99
Trd, 8638297.182, 140
Trd, 8638297.282, 140
Trd, 8638297.632, 74
Trd, 8638298.832, 140
Trd, 8638299.132, 139
Trd, 8638299.582, 140
Trd, 8638300.482, 140
Trd, 8638301.032, 140
Trd, 8638301.432, 140
Trd, 8638301.632, 118
Trd, 8638301.782, 117
Trd, 8638303.532, 69
Trd, 8638303.882, 140
Trd, 8638304.482, 102
Trd, 8638305.332, 98
Trd, 8638305.782, 63
Trd, 8638306.582, 74
Trd, 8638306.632, 95
Trd, 8638307.782, 139
Trd, 8638308.732, 140
Trd, 8638309.532, 140
Trd, 8638310.282, 137
Trd, 8638310.482, 134
Trd, 8638310.932, 138
Trd, 8638311.732, 140
Trd, 8638312.082, 137
Trd, 8638312.282, 102
Trd, 8638313.282, 94
Trd, 8638313.532, 99
Trd, 8638314.382, 90
Trd, 8638314.782, 135
Trd, 8638314.982, 70
Trd, 8638315.682, 140
Trd, 8638316.132, 88
Trd, 8638316.732, 95
Trd, 8638317.482, 140
Trd, 8638318.432, 140
Trd, 8638318.482, 136
Trd, 8638319.132, 60
Trd, 8638319.932, 64
Trd, 8638321.632, 69
Trd, 8638321.832, 98
Trd, 8638321.932, 116
Trd, 8638322.232, 69
Trd, 8638323.032, 60
Trd, 8638323.782, 62
Trd, 8638323.882, 66
Trd, 8638325.632, 60
Trd, 8638325.932, 63
Trd, 8638326.532, 65
Trd, 8638327.682, 60
Trd, 8638328.132, 67
Trd, 8638328.482, 61
Trd, 8638330.882, 60
Trd, 8638331.232, 60
Trd, 8638331.632, 62
Trd, 8638332.232, 62
Trd, 8638333.582, 60
Trd, 8638333.732, 72
Trd, 8638334.082, 70
Trd, 8638334.132, 122
Trd, 8638334.632, 60
Trd, 8638335.732, 60
Trd, 8638336.232, 60
Trd, 8638337.382, 67
Trd, 8638338.032, 64
Trd, 8638339.282, 68
Trd, 8638339.782, 62
Trd, 8638339.832, 65
Trd, 8638340.332, 61
Trd, 8638341.082, 65
Trd, 8638341.782, 137
Trd, 8638342.832, 67
Trd, 8638343.432, 140
Trd, 8638343.682, 139
Trd, 8638344.582, 131
Trd, 8638346.332, 60
Trd, 8638347.182, 61
Trd, 8638347.682, 62
Trd, 8638348.182, 63
Trd, 8638348.682, 63
Trd, 8638349.282, 62
Trd, 8638350.532, 60
Trd, 8638350.632, 65
Trd, 8638351.182, 66
Trd, 8638351.382, 61
Trd, 8638352.182, 60
Trd, 8638352.782, 66
Trd, 8638353.332, 140
Trd, 8638354.632, 68
Trd, 8638355.432, 60
Trd, 8638355.732, 60
Trd, 8638355.882, 60
Trd, 8638357.232, 60
Trd, 8638357.382, 95
Trd, 8638358.282, 60
Trd, 8638358.632, 60
Trd, 8638358.832, 87
Trd, 8638360.682, 60
Trd, 8638360.932, 62
Trd, 8638361.632, 74
Trd, 8638362.932, 60
Trd, 8638363.032, 62
Trd, 8638363.782, 67
Trd, 8638364.882, 62
Trd, 8638365.432, 60
Trd, 8638366.482, 62
Trd, 8638366.882, 64
Trd, 8638367.682, 60
Trd, 8638367.882, 61
Trd, 8638367.932, 65
Trd, 8638369.932, 60
Trd, 8638370.182, 61
Trd, 8638370.882, 62
Trd, 8638372.032, 140
Trd, 8638372.182, 140
Trd, 8638373.182, 140
Trd, 8638373.232, 140
Trd, 8638374.882, 140
Trd, 8638374.982, 140
Trd, 8638375.182, 140
Trd, 8638375.232, 140
Trd, 8638375.332, 132
Trd, 8638375.632, 74
Trd, 8638376.282, 140
Trd, 8638377.532, 61
Trd, 8638378.282, 60
Trd, 8638379.382, 60
Trd, 8638379.782, 111
Trd, 8638380.132, 70
Trd, 8638381.782, 69
Trd, 8638381.882, 69
Trd, 8638382.632, 61
Trd, 8638383.032, 70
Trd, 8638383.632, 93
Trd, 8638384.732, 70
Trd, 8638384.932, 69
Trd, 8638385.182, 65
Trd, 8638385.882, 76
Trd, 8638386.532, 60
Trd, 8638386.582, 61
Trd, 8638386.832, 63
Trd, 8638387.732, 136
Trd, 8638388.582, 92
Trd, 8638388.782, 63
Trd, 8638389.532, 76
Trd, 8638390.082, 87
Trd, 8638390.982, 86
Trd, 8638391.032, 83
Trd, 8638391.682, 107
Trd, 8638392.982, 140
Trd, 8638393.382, 140
Trd, 8638393.632, 138
Trd, 8638393.982, 97
Trd, 8638395.282, 64
Trd, 8638395.382, 68
Trd, 8638395.882, 64
Trd, 8638396.132, 68
Trd, 8638396.182, 89
Trd, 8638398.032, 64
Trd, 8638398.182, 67
Trd, 8638398.482, 66
Trd, 8638399.232, 140
Trd, 8638400.382, 140
Trd, 8638400.432, 140
Trd, 8638401.382, 140
Trd, 8638401.882, 138
Trd, 8638401.932, 108
Trd, 8638403.632, 140
Trd, 8638404.232, 140
Trd, 8638404.432, 140
Trd, 8638404.682, 140
Trd, 8638405.282, 138
Trd, 8638407.282, 140
Trd, 8638407.532, 140
Trd, 8638408.082, 139
Trd, 8638408.882, 139
Trd, 8638409.082, 140
Trd, 8638410.082, 103
Trd, 8638410.882, 65
Trd, 8638411.982, 132
Trd, 8638412.132, 123
Trd, 8638412.182, 76
Trd, 8638412.532, 137
Trd, 8638413.132, 138
Trd, 8638413.632, 114
Trd, 8638414.032, 113
Trd, 8638414.232, 115
Trd, 8638416.082, 140
Trd, 8638416.182, 140
Trd, 8638416.582, 140
Trd, 8638416.982, 140
Trd, 8638418.482, 65
Trd, 8638419.032, 139
Trd, 8638419.232, 140
Trd, 8638419.532, 139
Trd, 8638419.982, 140
Trd, 8638420.932, 140
Trd, 8638421.032, 119
Trd, 8638421.632, 90
Trd, 8638421.882, 89
Trd, 8638423.182, 139
Trd, 8638423.882, 75
Trd, 8638424.582, 140
Trd, 8638424.682, 140
Trd, 8638424.732, 139
Trd, 8638425.582, 140
Trd, 8638425.832, 139
Trd, 8638426.332, 138
Trd, 8638426.482, 136
Trd, 8638427.232, 140
Trd, 8638427.832, 134
Trd, 8638429.132, 140
Trd, 8638429.382, 140
Trd, 8638430.382, 64
Trd, 8638431.532, 101
Trd, 8638432.182, 67
Trd, 8638433.432, 63
Trd, 8638433.632, 88
Trd, 8638434.182, 138
Trd, 8638434.982, 138
Trd, 8638435.182, 137
Trd, 8638435.332, 97
Trd, 8638435.932, 61
Trd, 8638436.632, 137
Trd, 8638437.282, 76
Trd, 8638439.082, 140
Trd, 8638439.182, 140
Trd, 8638440.032, 140
Trd, 8638440.132, 140
Trd, 8638441.032, 140
Trd, 8638441.682, 139
Trd, 8638442.332, 140
Trd, 8638442.632, 138
Trd, 8638443.632, 130
Trd, 8638443.782, 118
Trd, 8638444.532, 140
Trd, 8638445.182, 140
Trd, 8638445.232, 140
Trd, 8638445.582, 114
Trd, 8638446.282, 62
Trd, 8638447.732, 64
Trd, 8638448.382, 63
Trd, 8638449.482, 140
Trd, 8638449.882, 140
Trd, 8638450.382, 140
Trd, 8638450.432, 140
Trd, 8638450.782, 128
Trd, 8638450.932, 66
Trd, 8638451.332, 140
Trd, 8638451.532, 85
Trd, 8638452.232, 74
Trd, 8638453.332, 86
Trd, 8638454.432, 85
Trd, 8638455.482, 138
Trd, 8638455.832, 118
Trd, 8638456.032, 97
Trd, 8638456.132, 75
Trd, 8638456.332, 139
Trd, 8638458.182, 140
Trd, 8638458.632, 139
Trd, 8638459.132, 140
Trd, 8638459.182, 139
Trd, 8638459.682, 81
Trd, 8638460.932, 140
Trd, 8638461.282, 110
Trd, 8638461.582, 60
Trd, 8638462.432, 140
Trd, 8638463.832, 140
Trd, 8638464.882, 140
Trd, 8638465.232, 140
Trd, 8638465.382, 139
Trd, 8638465.632, 138
Trd, 8638466.082, 138
Trd, 8638466.282, 115
Trd, 8638466.982, 115
Trd, 8638467.232, 66
Trd, 8638470.432, 140
Trd, 8638470.632, 140
Trd, 8638470.832, 140
Trd, 8638471.232, 140
Trd, 8638472.582, 140
Trd, 8638473.182, 140
Trd, 8638473.232, 138
Trd, 8638474.382, 140
Trd, 8638474.782, 139
Trd, 8638474.982, 140
Trd, 8638475.332, 139
Trd, 8638475.382, 91
Trd, 8638475.882, 64
Trd, 8638477.032, 66
Trd, 8638477.532, 63
Trd, 8638477.932, 66
Trd, 8638478.682, 74
Trd, 8638479.582, 66
Trd, 8638480.532, 69
Trd, 8638481.032, 140
Trd, 8638481.332, 139
Trd, 8638481.982, 99
Trd, 8638482.132, 97
Trd, 8638482.382, 127
Trd, 8638482.732, 71
Trd, 8638483.382, 139
Trd, 8638484.332, 65
Trd, 8638485.832, 95
Trd, 8638485.932, 140
Trd, 8638486.882, 125
Trd, 8638488.232, 64
Trd, 8638488.432, 87
Trd, 8638488.882, 113
Trd, 8638489.482, 132
Trd, 8638489.582, 72
Trd, 8638490.182, 61
Trd, 8638490.932, 72
Trd, 8638491.632, 140
Trd, 8638491.882, 60
Trd, 8638491.982, 79
Trd, 8638492.682, 60
Trd, 8638493.232, 140
Trd, 8638494.582, 139
Trd, 8638494.832, 113
Trd, 8638496.532, 139
Trd, 8638497.232, 140
Trd, 8638497.682, 140
Trd, 8638498.232, 140
Trd, 8638498.282, 140
Trd, 8638500.032, 139
Trd, 8638500.532, 137
Trd, 8638501.032, 140
Trd, 8638501.532, 136
Trd, 8638501.632, 115
Trd, 8638501.932, 107
Trd, 8638502.082, 103
Trd, 8638503.082, 65
Trd, 8638504.532, 140
Trd, 8638504.682, 140
Trd, 8638504.732, 140
Trd, 8638505.582, 139
Trd, 8638505.632, 108
Trd, 8638505.682, 65
Trd, 8638506.982, 137
Trd, 8638507.182, 140
Trd, 8638507.332, 124
Trd, 8638509.332, 140
Trd, 8638509.582, 140
Trd, 8638509.982, 140
Trd, 8638510.032, 126
Trd, 8638510.182, 110
Trd, 8638510.582, 137
Trd, 8638511.332, 104
Trd, 8638511.382, 103
Trd, 8638512.582, 137
Trd, 8638514.232, 140
Trd, 8638514.332, 140
Trd, 8638514.832, 140
Trd, 8638515.482, 140
Trd, 8638515.582, 140
Trd, 8638516.532, 140
Trd, 8638516.732, 118
Trd, 8638517.282, 124
Trd, 8638517.532, 138
Trd, 8638518.032, 140
Trd, 8638518.432, 99
Trd, 8638519.432, 66
Trd, 8638521.032, 140
Trd, 8638521.482, 140
Trd, 8638522.132, 140
Trd, 8638522.332, 89
Trd, 8638522.682, 138
Trd, 8638522.882, 137
Trd, 8638523.582, 116
Trd, 8638523.832, 96
Trd, 8638524.232, 136
Trd, 8638525.232, 140
Trd, 8638526.932, 140
Trd, 8638527.582, 134
Trd, 8638528.132, 127
Trd, 8638528.832, 140
Trd, 8638529.082, 140
Trd, 8638529.132, 140
Trd, 8638529.582, 138
Trd, 8638530.032, 132
Trd, 8638530.782, 138
Trd, 8638532.182, 138
Trd, 8638532.482, 113
Trd, 8638533.682, 140
Trd, 8638533.882, 140
Trd, 8638535.132, 117
Trd, 8638535.232, 115
Trd, 8638535.282, 97
Trd, 8638535.932, 140
Trd, 8638537.332, 140
Trd, 8638537.482, 140
Trd, 8638537.932, 140
Trd, 8638539.282, 140
Trd, 8638539.332, 134
Trd, 8638540.782, 140
Trd, 8638541.532, 140
Trd, 8638541.732, 140
Trd, 8638542.232, 140
Trd, 8638543.132, 140
Trd, 8638544.132, 140
Trd, 8638544.682, 139
Trd, 8638545.432, 83
Trd, 8638546.132, 140
Trd, 8638546.782, 140
Trd, 8638547.382, 140
Trd, 8638547.582, 140
Trd, 8638548.582, 140
Trd, 8638548.932, 140
Trd, 8638550.382, 140
Trd, 8638550.632, 139
Trd, 8638551.382, 138
Trd, 8638553.132, 140
Trd, 8638553.782, 139
Trd, 8638555.732, 140
Trd, 8638556.132, 140
Trd, 8638556.282, 140
Trd, 8638556.982, 140
Trd, 8638557.032, 139
Trd, 8638557.082, 138
Trd, 8638557.782, 92
Trd, 8638557.932, 67
Trd, 8638559.032, 140
Trd, 8638559.332, 139
Trd, 8638559.882, 138
Trd, 8638559.932, 137
Trd, 8638561.532, 140
Trd, 8638561.932, 140
Trd, 8638562.232, 140
Trd, 8638562.432, 125
Trd, 8638562.632, 62
Trd, 8638563.382, 73
Trd, 8638563.932, 136
Trd, 8638565.082, 61
Trd, 8638566.082, 61
Trd, 8638566.632, 70
Trd, 8638566.832, 60
Trd, 8638567.282, 60
Trd, 8638568.932, 61
Trd, 8638569.382, 61
Trd, 8638569.882, 60
Trd, 8638570.832, 62
Trd, 8638571.132, 61
Trd, 8638571.282, 64
Trd, 8638572.382, 139
Trd, 8638572.682, 67
Trd, 8638573.282, 140
Trd, 8638573.382, 140
Trd, 8638574.082, 140
Trd, 8638574.582, 106
Trd, 8638575.632, 61
Trd, 8638576.382, 87
Trd, 8638578.032, 67
Trd, 8638578.332, 70
Trd, 8638578.982, 129
Trd, 8638579.582, 124
Trd, 8638579.682, 66
Trd, 8638580.132, 102
Trd, 8638580.882, 61
Trd, 8638581.232, 71
Trd, 8638582.082, 140
Trd, 8638582.382, 140
Trd, 8638582.532, 139
Trd, 8638583.382, 140
Trd, 8638583.982, 63
Trd, 8638584.032, 103
Trd, 8638585.332, 66
Trd, 8638586.232, 138
Trd, 8638586.732, 136
Trd, 8638587.032, 140
Trd, 8638587.882, 140
Trd, 8638588.382, 105
Trd, 8638589.082, 140
Trd, 8638590.182, 140
Trd, 8638590.232, 140
Trd, 8638590.682, 84
Trd, 8638591.732, 62
Trd, 8638592.332, 140
Trd, 8638592.582, 60
Trd, 8638592.832, 85
Trd, 8638593.682, 140
Trd, 8638593.732, 139
Trd, 8638594.032, 85
Trd, 8638594.882, 139
Trd, 8638595.082, 138
Trd, 8638595.482, 118
Trd, 8638596.482, 65
Trd, 8638597.132, 79
Trd, 8638597.482, 119
Trd, 8638599.482, 60
Trd, 8638599.832, 61
Trd, 8638600.632, 60
Trd, 8638600.682, 65
Trd, 8638601.732, 60
Trd, 8638602.232, 60
Trd, 8638603.182, 60
Trd, 8638603.332, 66
Trd, 8638603.432, 74
Trd, 8638604.682, 62
Trd, 8638605.332, 140
Trd, 8638607.282, 63
Trd, 8638607.932, 60
Trd, 8638607.982, 64
Trd, 8638608.082, 66
Trd, 8638608.482, 62
Trd, 8638608.732, 76
Trd, 8638609.532, 73
Trd, 8638610.232, 66
Trd, 8638610.532, 95
Trd, 8638612.782, 61
Trd, 8638613.082, 65
Trd, 8638613.782, 61
Trd, 8638616.082, 62
Trd, 8638616.482, 69
Trd, 8638617.082, 60
Trd, 8638617.132, 106
Trd, 8638617.432, 69
Trd, 8638617.782, 140
Trd, 8638618.082, 140
Trd, 8638618.632, 60
Trd, 8638619.132, 131
Trd, 8638619.882, 60
Trd, 8638620.432, 63
Trd, 8638621.332, 61
Trd, 8638621.482, 139
Trd, 8638622.082, 67
Trd, 8638622.582, 139
Trd, 8638623.532, 140
Trd, 8638623.782, 137
Trd, 8638623.832, 117
Trd, 8638625.282, 62
Trd, 8638625.982, 62
Trd, 8638626.932, 61
Trd, 8638628.082, 60
Trd, 8638628.832, 60
Trd, 8638629.782, 61
Trd, 8638631.482, 62
Trd, 8638631.682, 66
Trd, 8638633.282, 60
Trd, 8638633.382, 60
Trd, 8638633.582, 60
Trd, 8638634.182, 65
Trd, 8638634.882, 140
Trd, 8638636.032, 65
Trd, 8638637.132, 60
Trd, 8638637.332, 61
Trd, 8638637.482, 62
Trd, 8638637.732, 64
Trd, 8638638.582, 60
Trd, 8638638.732, 60
Trd, 8638639.132, 60
Trd, 8638639.232, 105
Trd, 8638639.532, 140
Trd, 8638640.632, 65
Trd, 8638641.332, 63
Trd, 8638641.532, 140
Trd, 8638642.832, 65
Trd, 8638643.482, 61
Trd, 8638643.682, 61
Trd, 8638644.032, 61
Trd, 8638645.782, 62
Trd, 8638646.532, 66
Trd, 8638648.182, 63
Trd, 8638648.232, 64
Trd, 8638649.032, 62
Trd, 8638649.982, 62
Trd, 8638650.882, 64
Trd, 8638651.732, 68
Trd, 8638652.732, 61
Trd, 8638653.382, 60
Trd, 8638653.732, 60
Trd, 8638654.132, 62
Trd, 8638654.882, 64
Trd, 8638655.032, 84
Trd, 8638655.282, 140
Trd, 8638655.732, 139
Trd, 8638656.082, 139
Trd, 8638656.132, 138
Trd, 8638657.382, 140
Trd, 8638657.732, 140
Trd, 8638657.932, 106
Trd, 8638658.682, 63
Trd, 8638659.582, 65
Trd, 8638660.232, 61
Trd, 8638660.882, 63
Trd, 8638662.082, 63
Trd, 8638662.332, 67
Trd, 8638662.432, 140
Trd, 8638663.682, 140
Trd, 8638664.432, 74
Trd, 8638665.682, 61
Trd, 8638665.782, 63
Trd, 8638667.382, 74
Trd, 8638667.482, 67
Trd, 8638667.732, 138
Trd, 8638668.182, 73
Trd, 8638669.032, 140
Trd, 8638669.882, 140
Trd, 8638669.982, 138
Trd, 8638671.082, 139
Trd, 8638671.632, 139
Trd, 8638671.782, 104
Trd, 8638672.632, 139
Trd, 8638673.032, 60
Trd, 8638674.232, 121
Trd, 8638675.082, 63
Trd, 8638675.282, 136
Trd, 8638676.082, 88
Trd, 8638676.732, 128
Trd, 8638677.032, 140
Trd, 8638677.432, 100
Trd, 8638677.982, 68
Trd, 8638678.682, 140
Trd, 8638679.482, 140
Trd, 8638680.182, 139
Trd, 8638680.232, 139
Trd, 8638680.282, 78
Trd, 8638681.882, 140
Trd, 8638682.282, 140
Trd, 8638682.982, 140
Trd, 8638683.132, 140
Trd, 8638683.232, 138
Trd, 8638683.632, 116
Trd, 8638684.182, 90
Trd, 8638685.582, 140
Trd, 8638687.332, 140
Trd, 8638687.382, 138
Trd, 8638687.882, 137
Trd, 8638689.382, 140
Trd, 8638689.732, 140
Trd, 8638690.432, 105
Trd, 8638691.932, 140
Trd, 8638692.982, 140
Trd, 8638693.082, 140
Trd, 8638693.132, 140
Trd, 8638693.282, 140
Trd, 8638694.282, 140
Trd, 8638694.882, 139
Trd, 8638695.182, 139
Trd, 8638695.782, 116
Trd, 8638695.982, 115
Trd, 8638696.882, 60
Trd, 8638697.182, 68
Trd, 8638697.782, 140
Trd, 8638698.182, 61
Trd, 8638698.882, 78
Trd, 8638699.132, 69
Trd, 8638699.282, 75
Trd, 8638700.182, 140
Trd, 8638701.232, 61
Trd, 8638702.032, 140
Trd, 8638702.082, 139
Trd, 8638702.582, 138
Trd, 8638702.682, 103
Trd, 8638705.182, 140
Trd, 8638705.432, 140
Trd, 8638705.532, 139
Trd, 8638705.582, 132
Trd, 8638706.682, 121
Trd, 8638707.532, 62
Trd, 8638707.782, 72
Trd, 8638708.532, 60
Trd, 8638708.782, 60
Trd, 8638709.432, 140
Trd, 8638710.332, 140
Trd, 8638711.782, 139
Trd, 8638711.932, 139
Trd, 8638712.182, 68
Trd, 8638712.282, 140
Trd, 8638713.232, 63
Trd, 8638715.282, 140
Trd, 8638716.032, 140
Trd, 8638716.932, 140
Trd, 8638717.482, 139
Trd, 8638717.732, 137
Trd, 8638718.582, 138
Trd, 8638718.782, 115
Trd, 8638719.132, 115
Trd, 8638719.382, 137
Trd, 8638720.732, 67
Trd, 8638721.582, 140
Trd, 8638722.382, 140
Trd, 8638722.432, 140
Trd, 8638723.282, 137
Trd, 8638723.382, 140
Trd, 8638723.532, 69
Trd, 8638724.532, 62
Trd, 8638725.032, 61
Trd, 8638726.182, 63
Trd, 8638726.732, 63
Trd, 8638726.932, 64
Trd, 8638727.332, 61
Trd, 8638727.982, 63
Trd, 8638728.732, 63
Trd, 8638729.082, 62
Trd, 8638730.682, 60
Trd, 8638731.332, 69
Trd, 8638732.382, 66
Trd, 8638732.682, 75
Trd, 8638733.632, 62
Trd, 8638733.782, 72
Trd, 8638734.382, 62
Trd, 8638734.782, 125
Trd, 8638736.082, 122
Trd, 8638736.182, 120
Trd, 8638737.132, 140
Trd, 8638737.282, 84
Trd, 8638738.832, 140
Trd, 8638738.982, 104
Trd, 8638739.132, 100
Trd, 8638739.982, 70
Trd, 8638740.532, 140
Trd, 8638740.582, 140
Trd, 8638740.632, 70
Trd, 8638741.332, 94
Trd, 8638742.032, 60
Trd, 8638742.682, 76
Trd, 8638743.632, 61
Trd, 8638743.882, 63
Trd, 8638744.782, 64
Trd, 8638745.082, 65
Trd, 8638746.332, 63
Trd, 8638746.682, 139
Trd, 8638746.782, 138
Trd, 8638747.132, 60
Trd, 8638747.182, 121
Trd, 8638749.232, 140
Trd, 8638749.432, 140
Trd, 8638749.782, 140
Trd, 8638750.682, 67
Trd, 8638750.832, 77
Trd, 8638751.732, 64
Trd, 8638751.932, 71
Trd, 8638752.532, 140
Trd, 8638752.632, 135
Trd, 8638753.282, 116
Trd, 8638755.282, 60
Trd, 8638755.832, 63
Trd, 8638756.232, 81
Trd, 8638756.482, 140
Trd, 8638756.632, 136
Trd, 8638757.982, 64
Trd, 8638758.432, 140
Trd, 8638758.482, 140
Trd, 8638759.332, 140
Trd, 8638759.882, 139
Trd, 8638761.432, 137
Trd, 8638761.882, 140
Trd, 8638762.082, 126
Trd, 8638762.232, 93
Trd, 8638763.132, 139
Trd, 8638763.982, 140
Trd, 8638764.182, 139
Trd, 8638764.332, 128
Trd, 8638765.032, 137
Trd, 8638765.182, 136
Trd, 8638765.732, 66
Trd, 8638765.982, 139
Trd, 8638766.332, 67
Trd, 8638766.732, 62
Trd, 8638767.782, 139
Trd, 8638768.332, 138
Trd, 8638769.582, 104
Trd, 8638770.732, 60
Trd, 8638771.282, 61
Trd, 8638772.032, 61
Trd, 8638772.332, 63
Trd, 8638772.932, 65
Trd, 8638773.732, 140
Trd, 8638773.832, 79
Trd, 8638774.532, 79
Trd, 8638776.182, 64
Trd, 8638776.932, 140
Trd, 8638776.982, 140
Trd, 8638777.132, 140
Trd, 8638777.382, 140
Trd, 8638778.032, 73
Trd, 8638778.832, 139
Trd, 8638779.982, 92
Trd, 8638780.682, 140
Trd, 8638780.882, 62
Trd, 8638781.332, 89
Trd, 8638782.832, 140
Trd, 8638783.032, 140
Trd, 8638783.132, 140
Trd, 8638783.632, 140
Trd, 8638783.832, 139
Trd, 8638784.482, 138
Trd, 8638785.132, 140
Trd, 8638785.532, 140
Trd, 8638786.532, 62
Trd, 8638787.032, 63
Trd, 8638787.332, 69
Trd, 8638787.482, 73
Trd, 8638789.432, 60
Trd, 8638789.732, 61
Trd, 8638790.332, 69
Trd, 8638791.232, 139
Trd, 8638792.032, 126
Trd, 8638792.432, 140
Trd, 8638792.882, 126
Trd, 8638794.182, 140
Trd, 8638794.532, 140
Trd, 8638794.882, 138
Trd, 8638795.082, 134
Trd, 8638795.282, 82
Trd, 8638795.982, 62
Trd, 8638796.382, 119
Trd, 8638797.332, 138
Trd, 8638798.232, 138
Trd, 8638798.832, 114
Trd, 8638799.682, 107
Trd, 8638800.282, 81
Trd, 8638800.582, 83
Trd, 8638800.732, 134
Trd, 8638801.132, 95
Trd, 8638801.182, 79
Trd, 8638802.582, 135
Trd, 8638802.832, 96
Trd, 8638803.182, 139
Trd, 8638803.882, 138
Trd, 8638804.082, 63
Trd, 8638804.382, 63
Trd, 8638805.382, 61
Trd, 8638806.232, 72
Trd, 8638806.532, 139
Trd, 8638807.232, 77
Trd, 8638807.932, 62
Trd, 8638808.382, 62
Trd, 8638809.432, 69
Trd, 8638810.032, 61
Trd, 8638810.382, 60
Trd, 8638810.482, 64
Trd, 8638811.732, 140
Trd, 8638812.232, 138
Trd, 8638812.782, 139
Trd, 8638813.232, 92
Trd, 8638813.632, 63
Trd, 8638814.632, 140
Trd, 8638815.182, 140
Trd, 8638815.382, 98
Trd, 8638816.282, 66
Trd, 8638817.132, 123
Trd, 8638817.332, 105
Trd, 8638818.182, 133
Trd, 8638818.432, 138
Trd, 8638819.182, 140
Trd, 8638819.882, 139
Trd, 8638820.382, 137
Trd, 8638820.882, 140
Trd, 8638821.032, 140
Trd, 8638822.482, 60
Trd, 8638824.232, 61
Trd, 8638824.382, 64
Trd, 8638824.982, 68
Trd, 8638826.182, 140
Trd, 8638826.832, 140
Trd, 8638827.532, 140
Trd, 8638828.582, 140
Trd, 8638828.782, 140
Trd, 8638828.882, 137
Trd, 8638829.932, 61
Trd, 8638830.032, 72
Trd, 8638830.432, 140
Trd, 8638830.982, 115
Trd, 8638832.482, 95
Trd, 8638833.332, 137
Trd, 8638833.782, 140
Trd, 8638834.082, 140
Trd, 8638834.132, 103
Trd, 8638835.082, 139
Trd, 8638835.132, 138
Trd, 8638835.232, 137
Trd, 8638837.282, 65
Trd, 8638838.632, 61
Trd, 8638839.432, 60
Trd, 8638839.732, 67
Trd, 8638840.032, 65
Trd, 8638840.682, 138
Trd, 8638841.332, 140
Trd, 8638841.682, 140
Trd, 8638841.732, 140
Trd, 8638842.632, 139
Trd, 8638842.932, 139
Trd, 8638844.082, 60
Trd, 8638844.182, 77
Trd, 8638844.882, 60
Trd, 8638845.382, 138
Trd, 8638845.582, 140
Trd, 8638846.332, 96
Trd, 8638847.132, 71
Trd, 8638848.432, 65
Trd, 8638848.482, 83
Trd, 8638848.882, 139
Trd, 8638848.982, 107
Trd, 8638849.582, 111
Trd, 8638849.982, 62
Trd, 8638850.332, 66
Trd, 8638850.682, 63
Trd, 8638851.082, 122
Trd, 8638851.332, 62
Trd, 8638851.532, 62
Trd, 8638853.132, 140
Trd, 8638854.182, 65
Trd, 8638854.732, 63
Trd, 8638856.282, 62
Trd, 8638856.632, 60
Trd, 8638856.782, 128
Trd, 8638857.932, 62
Trd, 8638858.682, 96
Trd, 8638859.982, 115
Trd, 8638860.282, 98
Trd, 8638860.332, 97
Trd, 8638860.682, 103
Trd, 8638860.832, 78
Trd, 8638861.632, 61
Trd, 8638862.332, 140
Trd, 8638862.832, 140
Trd, 8638863.032, 139
Trd, 8638864.932, 140
Trd, 8638865.182, 139
Trd, 8638865.682, 136
Trd, 8638866.132, 140
Trd, 8638866.482, 139
Trd, 8638866.732, 98
Trd, 8638868.432, 140
Trd, 8638868.832, 140
Trd, 8638869.782, 139
Trd, 8638870.482, 140
Trd, 8638870.732, 140
Trd, 8638871.532, 138
Trd, 8638871.932, 137
Trd, 8638872.832, 108
Trd, 8638873.782, 140
Trd, 8638874.232, 104
Trd, 8638874.582, 104
Trd, 8638874.982, 103
Trd, 8638875.582, 138
Trd, 8638876.432, 77
Trd, 8638876.882, 140
Trd, 8638877.082, 140
Trd, 8638878.082, 139
Trd, 8638879.082, 125
Trd, 8638879.632, 140
Trd, 8638880.432, 140
Trd, 8638880.682, 115
Trd, 8638880.832, 105
Trd, 8638881.982, 63
Trd, 8638882.882, 140
Trd, 8638883.132, 137
Trd, 8638883.832, 64
Trd, 8638884.482, 80
Trd, 8638885.032, 70
Trd, 8638886.432, 140
Trd, 8638886.582, 98
Trd, 8638886.782, 61
Trd, 8638888.082, 62
Trd, 8638888.182, 61
Trd, 8638888.532, 140
Trd, 8638888.782, 86
Trd, 8638889.832, 61
Trd, 8638890.032, 64
Trd, 8638891.082, 60
Trd, 8638891.432, 61
Trd, 8638891.882, 92
Trd, 8638893.782, 64
Trd, 8638895.082, 60
Trd, 8638895.182, 63
Trd, 8638895.432, 64
Trd, 8638895.632, 76
Trd, 8638895.882, 65
Trd, 8638897.332, 65
Trd, 8638897.432, 69
Trd, 8638897.832, 95
Trd, 8638898.932, 61
Trd, 8638899.132, 61
Trd, 8638900.532, 61
Trd, 8638900.682, 63
Trd, 8638900.932, 62
Trd, 8638901.082, 83
Trd, 8638902.482, 98
Trd, 8638903.132, 139
Trd, 8638903.382, 110
Trd, 8638903.682, 94
Trd, 8638903.882, 93
Trd, 8638905.132, 140
Trd, 8638905.832, 64
Trd, 8638906.732, 60
Trd, 8638907.032, 60
Trd, 8638907.282, 60
Trd, 8638908.032, 60
Trd, 8638908.682, 96
Trd, 8638909.532, 61
Trd, 8638910.132, 63
Trd, 8638910.232, 68
Trd, 8638911.032, 60
Trd, 8638911.982, 69
Trd, 8638912.932, 68
Trd, 8638913.082, 91
Trd, 8638914.332, 62
Trd, 8638915.132, 65
Trd, 8638915.532, 60
Trd, 8638916.132, 140
Trd, 8638916.282, 140
Trd, 8638916.382, 139
Trd, 8638916.682, 65
Trd, 8638917.632, 66
Trd, 8638918.332, 140
Trd, 8638918.432, 60
Trd, 8638919.132, 60
Trd, 8638920.082, 140
Trd, 8638921.182, 140
Trd, 8638921.432, 140
Trd, 8638921.932, 139
Trd, 8638922.132, 140
Trd, 8638923.732, 129
Trd, 8638924.432, 124
Trd, 8638925.032, 140
Trd, 8638925.332, 140
Trd, 8638925.632, 60
Trd, 8638925.882, 61
Trd, 8638926.582, 60
Trd, 8638927.182, 131
Trd, 8638927.432, 124
Trd, 8638928.932, 63
Trd, 8638929.282, 67
Trd, 8638929.632, 138
Trd, 8638931.332, 62
Trd, 8638931.432, 91
Trd, 8638932.082, 62
Trd, 8638933.082, 70
Trd, 8638933.832, 140
Trd, 8638934.432, 139
Trd, 8638934.732, 70
Trd, 8638935.132, 68
Trd, 8638936.082, 61
Trd, 8638936.982, 70
Trd, 8638937.532, 71
Trd, 8638938.482, 140
Trd, 8638938.982, 140
Trd, 8638939.882, 140
Trd, 8638939.982, 140
Trd, 8638940.982, 140
Trd, 8638941.132, 140
Trd, 8638941.182, 140
Trd, 8638942.732, 140
Trd, 8638943.082, 140
Trd, 8638943.132, 138
Trd, 8638943.232, 137
Trd, 8638944.482, 60
Trd, 8638945.082, 92
Trd, 8638945.682, 137
Trd, 8638946.632, 136
Trd, 8638946.732, 125
Trd, 8638947.582, 62
Trd, 8638949.382, 60
Trd, 8638949.432, 62
Trd, 8638950.432, 60
Trd, 8638951.132, 136
Trd, 8638951.282, 134
Trd, 8638952.132, 140
Trd, 8638952.632, 140
Trd, 8638952.932, 140
Trd, 8638953.232, 74
Trd, 8638953.982, 139
Trd, 8638954.332, 140
Trd, 8638954.932, 140
Trd, 8638955.732, 140
Trd, 8638956.332, 101
Trd, 8638957.782, 138
Trd, 8638958.082, 140
Trd, 8638958.332, 140
Trd, 8638958.782, 94
Trd, 8638959.332, 140
Trd, 8638960.832, 134
Trd, 8638960.882, 66
Trd, 8638961.982, 61
Trd, 8638962.382, 139
Trd, 8638963.382, 60
Trd, 8638964.282, 60
Trd, 8638964.532, 64
Trd, 8638965.232, 64
Trd, 8638965.982, 61
Trd, 8638966.632, 139
Trd, 8638967.782, 140
Trd, 8638968.032, 78
Trd, 8638968.382, 82
Trd, 8638968.482, 78
Trd, 8638969.282, 71
Trd, 8638970.382, 139
Trd, 8638970.682, 66
Trd, 8638971.032, 137
Trd, 8638973.282, 64
Trd, 8638973.832, 62
Trd, 8638975.382, 60
Trd, 8638975.582, 62
Trd, 8638975.682, 61
Trd, 8638976.082, 63
Trd, 8638976.482, 62
Trd, 8638976.782, 71
Trd, 8638978.332, 66
Trd, 8638979.282, 61
Trd, 8638980.032, 61
Trd, 8638981.032, 60
Trd, 8638981.082, 61
Trd, 8638981.132, 62
Trd, 8638981.682, 60
Trd, 8638982.182, 67
Trd, 8638982.682, 64
Trd, 8638983.882, 96
Trd, 8638984.232, 96
Trd, 8638984.682, 65
Trd, 8638985.182, 69
Trd, 8638986.082, 62
Trd, 8638987.082, 140
Trd, 8638987.832, 114
Trd, 8638988.032, 103
Trd, 8638988.132, 116
Trd, 8638988.832, 67
Trd, 8638989.632, 60
Trd, 8638990.782, 98
Trd, 8638990.932, 103
Trd, 8638991.532, 93
Trd, 8638992.032, 140
Trd, 8638993.632, 140
Trd, 8638994.632, 140
Trd, 8638994.682, 139
Trd, 8638995.282, 140
Trd, 8638996.032, 140
Trd, 8638997.082, 140
Trd, 8638997.582, 140
Trd, 8638998.132, 140
Trd, 8638998.182, 140
Trd, 8638999.182, 140
Trd, 8639000.082, 98
Trd, 8639000.282, 89
Trd, 8639001.232, 60
Trd, 8639001.882, 67
Trd, 8639002.732, 112
Trd, 8639003.382, 62
Trd, 8639005.732, 62
Trd, 8639006.332, 62
Trd, 8639006.582, 61
Trd, 8639006.732, 66
Trd, 8639007.482, 69
Trd, 8639007.882, 65
Trd, 8639008.032, 79
Trd, 8639008.782, 62
Trd, 8639009.332, 61
Trd, 8639009.482, 62
Trd, 8639010.482, 64
Trd, 8639012.232, 61
Trd, 8639013.132, 60
Trd, 8639014.382, 65
Trd, 8639014.682, 96
Trd, 8639014.932, 137
Trd, 8639016.332, 62
Trd, 8639017.232, 60
Trd, 8639017.432, 63
Trd, 8639017.682, 65
Trd, 8639018.182, 67
Trd, 8639018.432, 60
Trd, 8639019.282, 62
Trd, 8639019.432, 61
Trd, 8639019.582, 86
Trd, 8639020.232, 68
Trd, 8639020.932, 61
Trd, 8639021.732, 62
Trd, 8639022.382, 60
Trd, 8639022.732, 62
Trd, 8639023.882, 138
Trd, 8639024.382, 61
Trd, 8639024.832, 60
Trd, 8639025.282, 62
Trd, 8639025.382, 65
Trd, 8639027.432, 70
Trd, 8639027.732, 138
Trd, 8639028.182, 61
Trd, 8639028.582, 63
Trd, 8639028.982, 87
Trd, 8639030.232, 61
Trd, 8639030.532, 60
Trd, 8639031.032, 74
Trd, 8639031.232, 135
Trd, 8639031.482, 73
Trd, 8639032.382, 72
Trd, 8639033.432, 73
Trd, 8639033.682, 63
Trd, 8639035.482, 140
Trd, 8639035.582, 140
Trd, 8639035.982, 135
Trd, 8639036.932, 60
Trd, 8639037.182, 61
Trd, 8639037.882, 140
Trd, 8639038.032, 64
Trd, 8639038.382, 78
Trd, 8639039.482, 140
Trd, 8639039.532, 139
Trd, 8639040.832, 70
Trd, 8639041.132, 61
Trd, 8639042.382, 60
Trd, 8639043.232, 61
Trd, 8639044.082, 60
Trd, 8639044.582, 62
Trd, 8639045.282, 64
Trd, 8639045.832, 76
Trd, 8639046.732, 140
Trd, 8639046.882, 140
Trd, 8639047.582, 140
Trd, 8639047.732, 139
Trd, 8639047.982, 73
Trd, 8639048.882, 60
Trd, 8639049.732, 140
Trd, 8639049.932, 124
Trd, 8639050.132, 71
Trd, 8639052.232, 140
Trd, 8639052.332, 137
Trd, 8639052.682, 63
Trd, 8639053.432, 60
Trd, 8639053.632, 124
Trd, 8639054.232, 60
Trd, 8639054.882, 65
Trd, 8639055.932, 65
Trd, 8639056.432, 67
Trd, 8639057.632, 81
Trd, 8639058.282, 60
Trd, 8639058.432, 62
Trd, 8639059.182, 60
Trd, 8639060.332, 63
Trd, 8639060.882, 64
Trd, 8639061.982, 62
Trd, 8639062.532, 63
Trd, 8639062.632, 64
Trd, 8639062.932, 61
Trd, 8639064.532, 68
Trd, 8639065.182, 61
Trd, 8639065.882, 61
Trd, 8639066.182, 100
Trd, 8639066.532, 86
Trd, 8639068.182, 139
Trd, 8639068.732, 140
Trd, 8639070.082, 140
Trd, 8639070.232, 129
Trd, 8639071.132, 138
Trd, 8639071.482, 61
Trd, 8639072.632, 87
Trd, 8639072.982, 122
Trd, 8639073.132, 139
Trd, 8639074.332, 140
Trd, 8639074.582, 140
Trd, 8639074.832, 92
Trd, 8639075.032, 64
Trd, 8639075.282, 140
Trd, 8639076.532, 83
Trd, 8639077.182, 137
Trd, 8639077.282, 74
Trd, 8639077.482, 67
Trd, 8639078.482, 134
Trd, 8639078.882, 71
Trd, 8639079.882, 136
Trd, 8639080.982, 140
Trd, 8639081.882, 140
Trd, 8639082.282, 140
Trd, 8639083.482, 140
Trd, 8639083.732, 139
Trd, 8639084.282, 85
Trd, 8639084.632, 140
Trd, 8639085.732, 140
Trd, 8639086.732, 140
Trd, 8639087.382, 140
Trd, 8639087.832, 140
Trd, 8639087.882, 139
Trd, 8639088.032, 138
Trd, 8639089.732, 140
Trd, 8639089.982, 140
Trd, 8639090.332, 78
Trd, 8639090.832, 81
Trd, 8639091.182, 130
Trd, 8639092.482, 139
Trd, 8639093.882, 140
Trd, 8639094.182, 139
Trd, 8639094.632, 125
Trd, 8639095.382, 139
Trd, 8639096.382, 120
Trd, 8639096.682, 119
Trd, 8639096.782, 109
Trd, 8639097.282, 140
Trd, 8639097.332, 140
Trd, 8639098.932, 140
Trd, 8639099.032, 139
Trd, 8639099.132, 137
Trd, 8639099.932, 89
Trd, 8639100.082, 86
Trd, 8639100.432, 100
Trd, 8639101.932, 140
Trd, 8639102.082, 102
Trd, 8639102.482, 94
Trd, 8639102.582, 68
Trd, 8639103.432, 140
Trd, 8639103.632, 69
Trd, 8639104.532, 140
Trd, 8639105.332, 60
Trd, 8639106.782, 140
Trd, 8639106.882, 139
Trd, 8639107.732, 140
Trd, 8639107.782, 137
Trd, 8639108.482, 76
Trd, 8639108.932, 70
Trd, 8639110.582, 140
Trd, 8639110.932, 139
Trd, 8639112.432, 138
Trd, 8639112.482, 97
Trd, 8639112.632, 89
Trd, 8639113.132, 63
Trd, 8639113.232, 65
Trd, 8639113.782, 140
Trd, 8639114.682, 140
Trd, 8639114.882, 140
Trd, 8639115.532, 140
Trd, 8639116.532, 140
Trd, 8639116.632, 140
Trd, 8639116.932, 139
Trd, 8639117.482, 140
Trd, 8639118.632, 139
Trd, 8639119.932, 139
Trd, 8639120.232, 140
Trd, 8639120.682, 140
Trd, 8639121.432, 137
Trd, 8639121.782, 136
Trd, 8639122.132, 136
Trd, 8639122.282, 94
Trd, 8639123.482, 138
Trd, 8639124.282, 63
Trd, 8639125.632, 63
Trd, 8639125.882, 65
Trd, 8639126.832, 95
Trd, 8639127.582, 65
Trd, 8639128.082, 70
Trd, 8639128.532, 70
Trd, 8639128.982, 140
Trd, 8639129.782, 140
Trd, 8639129.882, 139
Trd, 8639130.032, 68
Trd, 8639131.132, 66
Trd, 8639131.532, 139
Trd, 8639132.182, 139
Trd, 8639132.532, 139
Trd, 8639134.582, 140
Trd, 8639134.782, 140
Trd, 8639135.232, 128
Trd, 8639136.432, 140
Trd, 8639136.482, 140
Trd, 8639136.682, 137
Trd, 8639136.932, 119
Trd, 8639137.082, 117
Trd, 8639138.832, 140
Trd, 8639139.132, 140
Trd, 8639139.782, 140
Trd, 8639140.232, 139
Trd, 8639140.432, 121
Trd, 8639140.582, 119
Trd, 8639140.782, 140
Trd, 8639141.282, 140
Trd, 8639142.982, 140
Trd, 8639143.282, 85
Trd, 8639143.932, 82
Trd, 8639144.632, 84
Trd, 8639145.232, 140
Trd, 8639145.282, 140
Trd, 8639145.482, 84
Trd, 8639145.982, 139
Trd, 8639146.132, 136
Trd, 8639147.132, 125
Trd, 8639147.532, 134
Trd, 8639147.732, 88
Trd, 8639148.482, 140
Trd, 8639148.932, 71
Trd, 8639150.332, 64
Trd, 8639151.032, 140
Trd, 8639152.032, 140
Trd, 8639152.082, 140
Trd, 8639153.182, 140
Trd, 8639153.382, 140
Trd, 8639153.682, 140
Trd, 8639154.032, 140
Trd, 8639154.082, 124
Trd, 8639154.332, 60
Trd, 8639155.582, 60
Trd, 8639156.332, 62
Trd, 8639156.432, 64
Trd, 8639157.132, 62
Trd, 8639157.632, 140
Trd, 8639158.132, 139
Trd, 8639158.932, 117
Trd, 8639159.982, 60
Trd, 8639160.182, 62
Trd, 8639160.782, 61
Trd, 8639161.632, 65
Trd, 8639162.132, 114
Trd, 8639162.882, 72
Trd, 8639163.682, 65
Trd, 8639164.682, 60
Trd, 8639165.082, 60
Trd, 8639165.482, 66
Trd, 8639168.032, 60
Trd, 8639168.132, 64
Trd, 8639168.682, 60
Trd, 8639168.982, 61
Trd, 8639169.182, 81
Trd, 8639170.382, 61
Trd, 8639170.882, 62
Trd, 8639171.182, 62
Trd, 8639171.582, 64
Trd, 8639172.582, 140
Trd, 8639173.032, 138
Trd, 8639174.832, 140
Trd, 8639174.882, 140
Trd, 8639175.032, 140
Trd, 8639175.632, 138
Trd, 8639176.182, 140
Trd, 8639176.632, 140
Trd, 8639176.682, 123
Trd, 8639177.182, 86
Trd, 8639177.332, 84
Trd, 8639178.382, 82
Trd, 8639178.882, 62
Trd, 8639180.132, 67
Trd, 8639180.882, 60
Trd, 8639182.032, 64
Trd, 8639182.182, 74
Trd, 8639182.782, 61
Trd, 8639183.382, 60
Trd, 8639184.682, 85
Trd, 8639184.932, 69
Trd, 8639185.082, 117
Trd, 8639185.632, 140
Trd, 8639186.082, 140
Trd, 8639186.982, 140
Trd, 8639187.232, 140
Trd, 8639187.982, 140
Trd, 8639188.182, 139
Trd, 8639188.332, 139
Trd, 8639188.532, 82
Trd, 8639190.082, 140
Trd, 8639190.132, 140
Trd, 8639190.432, 110
Trd, 8639191.182, 138
Trd, 8639191.982, 139
Trd, 8639192.082, 73
Trd, 8639192.832, 61
Trd, 8639194.632, 140
Trd, 8639194.732, 140
Trd, 8639194.782, 138
Trd, 8639195.132, 140
Trd, 8639196.832, 60
Trd, 8639197.482, 60
Trd, 8639197.732, 77
Trd, 8639198.582, 60
Trd, 8639198.732, 60
Trd, 8639199.482, 60
Trd, 8639200.382, 63
Trd, 8639201.332, 60
Trd, 8639202.082, 66
Trd, 8639202.632, 60
Trd, 8639203.332, 60
Trd, 8639204.332, 62
Trd, 8639204.982, 60
Trd, 8639205.282, 63
Trd, 8639205.682, 64
Trd, 8639206.332, 61
Trd, 8639206.882, 61
Trd, 8639208.082, 62
Trd, 8639208.332, 83
Trd, 8639208.432, 140
Trd, 8639209.432, 140
Trd, 8639209.782, 140
Trd, 8639210.032, 138
Trd, 8639210.082, 138
Trd, 8639212.232, 140
Trd, 8639212.482, 139
Trd, 8639212.982, 140
Trd, 8639214.032, 140
Trd, 8639215.132, 140
Trd, 8639215.432, 139
Trd, 8639216.182, 140
Trd, 8639216.482, 132
Trd, 8639216.782, 124
Trd, 8639217.132, 140
Trd, 8639217.582, 105
Trd, 8639219.082, 60
Trd, 8639219.882, 138
Trd, 8639221.332, 61
Trd, 8639221.582, 60
Trd, 8639222.382, 63
Trd, 8639222.682, 70
Trd, 8639223.432, 61
Trd, 8639224.182, 60
Trd, 8639224.632, 85
Trd, 8639224.682, 86
Trd, 8639227.132, 60
Trd, 8639227.182, 64
Trd, 8639227.532, 64
Trd, 8639227.632, 65
Trd, 8639229.282, 62
Trd, 8639229.332, 66
Trd, 8639230.082, 63
Trd, 8639230.432, 68
Trd, 8639230.582, 70
Trd, 8639232.932, 140
Trd, 8639232.982, 140
Trd, 8639233.182, 139
Trd, 8639233.232, 139
Trd, 8639233.382, 136
Trd, 8639233.732, 65
Trd, 8639234.732, 61
Trd, 8639235.232, 81
Trd, 8639236.332, 61
Trd, 8639237.082, 62
Trd, 8639238.382, 60
Trd, 8639239.032, 61
Trd, 8639239.182, 70
Trd, 8639239.532, 61
Trd, 8639240.532, 61
Trd, 8639241.532, 62
Trd, 8639242.132, 60
Trd, 8639242.182, 64
Trd, 8639242.532, 71
Trd, 8639242.932, 78
Trd, 8639244.032, 123
Trd, 8639244.732, 64
Trd, 8639246.932, 60
Trd, 8639247.032, 61
Trd, 8639247.682, 139
Trd, 8639248.082, 65
Trd, 8639248.782, 62
Trd, 8639248.832, 108
Trd, 8639249.732, 61
Trd, 8639249.982, 60
Trd, 8639250.982, 69
Trd, 8639252.182, 60
Trd, 8639253.382, 60
Trd, 8639253.432, 66
Trd, 8639253.982, 70
Trd, 8639254.582, 63
Trd, 8639255.532, 62
Trd, 8639255.932, 79
Trd, 8639256.382, 138
Trd, 8639256.832, 62
Trd, 8639257.132, 69
Trd, 8639257.782, 92
Trd, 8639258.232, 140
Trd, 8639258.582, 125
Trd, 8639259.182, 139
Trd, 8639260.532, 65
Trd, 8639260.932, 140
Trd, 8639261.282, 69
Trd, 8639261.482, 99
Trd, 8639262.532, 140
Trd, 8639263.282, 140
Trd, 8639263.382, 140
Trd, 8639264.182, 139
Trd, 8639264.232, 89
Trd, 8639265.032, 95
Trd, 8639265.332, 113
Trd, 8639265.682, 61
Trd, 8639266.582, 140
Trd, 8639268.032, 139
Trd, 8639268.432, 140
Trd, 8639268.482, 139
Trd, 8639269.082, 105
Trd, 8639269.532, 70
Trd, 8639269.932, 60
Trd, 8639270.532, 67
Trd, 8639271.982, 62
Trd, 8639272.282, 62
Trd, 8639272.482, 120
Trd, 8639273.632, 140
Trd, 8639273.682, 125
Trd, 8639275.182, 140
Trd, 8639275.582, 140
Trd, 8639276.732, 72
Trd, 8639277.282, 139
Trd, 8639277.482, 139
Trd, 8639278.982, 140
Trd, 8639279.282, 140
Trd, 8639279.582, 138
Trd, 8639279.732, 135
Trd, 8639280.282, 140
Trd, 8639280.982, 100
Trd, 8639281.932, 140
Trd, 8639283.332, 139
Trd, 8639283.732, 140
Trd, 8639283.932, 138
Trd, 8639284.682, 140
Trd, 8639285.032, 140
Trd, 8639285.282, 139
Trd, 8639285.482, 112
Trd, 8639286.232, 60
Trd, 8639287.932, 62
Trd, 8639288.182, 139
Trd, 8639288.982, 78
Trd, 8639289.032, 77
Trd, 8639289.632, 138
Trd, 8639289.732, 138
Trd, 8639290.332, 138
Trd, 8639291.282, 72
Trd, 8639291.932, 140
Trd, 8639292.232, 77
Trd, 8639292.582, 139
Trd, 8639294.132, 70
Trd, 8639294.782, 68
Trd, 8639295.732, 85
Trd, 8639296.432, 72
Trd, 8639296.532, 71
Trd, 8639297.032, 82
Trd, 8639297.482, 95
Trd, 8639298.182, 140
Trd, 8639298.432, 140
Trd, 8639299.232, 140
Trd, 8639299.282, 140
Trd, 8639301.282, 140
Trd, 8639301.632, 140
Trd, 8639302.032, 140
Trd, 8639302.832, 140
Trd, 8639303.682, 138
Trd, 8639303.782, 140
Trd, 8639304.782, 125
Trd, 8639305.382, 139
Trd, 8639306.132, 139
Trd, 8639306.332, 118
Trd, 8639306.382, 116
Trd, 8639306.832, 120
Trd, 8639307.032, 129
Trd, 8639308.432, 107
Trd, 8639308.682, 137
Trd, 8639309.782, 140
Trd, 8639310.282, 139
Trd, 8639310.332, 87
Trd, 8639310.732, 84
Trd, 8639311.082, 74
Trd, 8639312.132, 140
Trd, 8639312.782, 94
Trd, 8639313.182, 140
Trd, 8639313.232, 79
Trd, 8639313.382, 83
Trd, 8639314.482, 60
Trd, 8639316.032, 140
Trd, 8639316.532, 137
Trd, 8639316.832, 136
Trd, 8639317.782, 88
Trd, 8639318.182, 140
Trd, 8639319.082, 138
Trd, 8639319.532, 95
Trd, 8639320.432, 108
Trd, 8639320.532, 107
Trd, 8639320.632, 94
Trd, 8639321.232, 63
Trd, 8639321.732, 65
Trd, 8639322.332, 65
Trd, 8639322.882, 62
Trd, 8639323.982, 60
Trd, 8639324.032, 62
Trd, 8639324.832, 138
Trd, 8639326.182, 140
Trd, 8639326.232, 139
Trd, 8639326.332, 138
Trd, 8639327.282, 72
Trd, 8639328.582, 120
Trd, 8639328.982, 139
Trd, 8639329.082, 136
Trd, 8639330.882, 140
Trd, 8639332.532, 140
Trd, 8639332.732, 140
Trd, 8639332.782, 140
Trd, 8639333.232, 139
Trd, 8639334.882, 140
Trd, 8639334.932, 140
Trd, 8639335.032, 100
Trd, 8639335.632, 137
Trd, 8639335.832, 87
Trd, 8639336.332, 113
Trd, 8639337.282, 139
Trd, 8639337.632, 66
Trd, 8639338.332, 85
Trd, 8639338.582, 139
Trd, 8639339.582, 64
Trd, 8639339.932, 136
Trd, 8639341.932, 64
Trd, 8639342.232, 95
Trd, 8639342.932, 140
Trd, 8639343.582, 98
Trd, 8639343.982, 97
Trd, 8639344.532, 71
Trd, 8639344.982, 140
Trd, 8639345.632, 140
Trd, 8639345.832, 140
Trd, 8639346.382, 139
Trd, 8639346.932, 73
Trd, 8639347.232, 74
Trd, 8639348.532, 120
Trd, 8639348.782, 139
Trd, 8639349.082, 95
Trd, 8639349.282, 82
Trd, 8639349.932, 122
Trd, 8639351.882, 66
Trd, 8639352.282, 94
Trd, 8639353.732, 140
Trd, 8639354.282, 139
Trd, 8639354.482, 139
Trd, 8639355.282, 140
Trd, 8639355.432, 140
Trd, 8639355.482, 140
Trd, 8639356.182, 140
Trd, 8639358.332, 140
Trd, 8639358.582, 140
Trd, 8639358.982, 140
Trd, 8639359.332, 139
Trd, 8639359.782, 140
Trd, 8639360.282, 140
Trd, 8639360.382, 139
Trd, 8639361.032, 98
Trd, 8639361.132, 76
Trd, 8639362.682, 62
Trd, 8639363.282, 66
Trd, 8639363.732, 60
Trd, 8639364.532, 79
Trd, 8639364.632, 77
Trd, 8639365.082, 134
Trd, 8639366.282, 92
Trd, 8639367.032, 140
Trd, 8639367.132, 115
Trd, 8639367.182, 76
Trd, 8639368.882, 140
Trd, 8639370.182, 140
Trd, 8639370.382, 140
Trd, 8639370.532, 139
Trd, 8639370.632, 135
Trd, 8639371.082, 123
Trd, 8639373.332, 140
Trd, 8639373.682, 140
Trd, 8639373.782, 140
Trd, 8639373.882, 139
Trd, 8639375.032, 140
Trd, 8639375.432, 140
Trd, 8639375.582, 99
Trd, 8639376.032, 118
Trd, 8639376.332, 66
Trd, 8639377.132, 140
Trd, 8639377.932, 140
Trd, 8639378.232, 114
Trd, 8639378.732, 138
Trd, 8639379.632, 140
Trd, 8639379.932, 81
Trd, 8639381.482, 140
Trd, 8639381.832, 140
Trd, 8639382.232, 140
Trd, 8639383.382, 137
Trd, 8639383.682, 114
Trd, 8639383.832, 74
Trd, 8639384.232, 61
Trd, 8639384.632, 139
Trd, 8639385.282, 140
Trd, 8639386.082, 86
Trd, 8639386.882, 140
Trd, 8639387.782, 140
Trd, 8639388.382, 140
Trd, 8639388.882, 140
Trd, 8639389.632, 138
Trd, 8639389.832, 96
Trd, 8639389.982, 139
Trd, 8639391.132, 76
Trd, 8639391.782, 73
Trd, 8639392.232, 136
Trd, 8639393.132, 140
Trd, 8639393.332, 133
Trd, 8639394.482, 60
Trd, 8639395.432, 61
Trd, 8639395.532, 63
Trd, 8639395.882, 61
Trd, 8639396.882, 70
Trd, 8639397.182, 63
Trd, 8639397.382, 62
Trd, 8639397.832, 98
Trd, 8639399.082, 65
Trd, 8639399.632, 69
Trd, 8639400.232, 82
Trd, 8639400.982, 62
Trd, 8639401.182, 60
Trd, 8639403.382, 60
Trd, 8639403.982, 60
Trd, 8639404.482, 61
Trd, 8639405.082, 61
Trd, 8639406.082, 61
Trd, 8639406.182, 62
Trd, 8639406.682, 140
Trd, 8639406.782, 140
Trd, 8639408.432, 140
Trd, 8639409.082, 140
Trd, 8639409.232, 139
Trd, 8639409.382, 138
Trd, 8639409.882, 110
Trd, 8639410.282, 108
Trd, 8639410.382, 89
Trd, 8639411.382, 139
Trd, 8639411.632, 72
Trd, 8639411.832, 138
Trd, 8639412.932, 94
Trd, 8639413.182, 140
Trd, 8639415.282, 140
Trd, 8639415.932, 140
Trd, 8639417.032, 139
Trd, 8639417.632, 90
Trd, 8639418.782, 61
Trd, 8639418.832, 65
Trd, 8639418.882, 71
Trd, 8639419.932, 109
Trd, 8639420.382, 63
Trd, 8639420.532, 60
Trd, 8639421.232, 86
Trd, 8639421.382, 66
Trd, 8639422.682, 73
Trd, 8639423.782, 105
Trd, 8639424.882, 138
Trd, 8639424.932, 120
Trd, 8639425.482, 108
Trd, 8639425.682, 80
Trd, 8639425.982, 140
Trd, 8639426.732, 61
Trd, 8639426.932, 113
Trd, 8639429.032, 140
Trd, 8639429.082, 140
Trd, 8639429.682, 138
Trd, 8639429.732, 137
Trd, 8639429.882, 136
Trd, 8639430.482, 87
Trd, 8639431.082, 60
Trd, 8639431.682, 79
Trd, 8639432.132, 140
Trd, 8639432.782, 140
Trd, 8639433.182, 138
Trd, 8639435.032, 62
Trd, 8639435.082, 63
Trd, 8639435.632, 81
Trd, 8639436.182, 140
Trd, 8639436.232, 139
Trd, 8639437.782, 60
Trd, 8639438.482, 66
Trd, 8639439.532, 61
Trd, 8639439.832, 62
Trd, 8639440.432, 63
Trd, 8639440.932, 62
Trd, 8639442.482, 60
Trd, 8639442.532, 60
Trd, 8639442.632, 62
Trd, 8639443.382, 62
Trd, 8639443.832, 140
Trd, 8639445.082, 140
Trd, 8639446.282, 140
Trd, 8639446.682, 140
Trd, 8639447.632, 140
Trd, 8639447.832, 139
Trd, 8639447.982, 73
Trd, 8639448.782, 64
Trd, 8639449.032, 140
Trd, 8639449.132, 139
Trd, 8639449.632, 84
Trd, 8639451.082, 71
Trd, 8639451.632, 63
Trd, 8639452.232, 65
Trd, 8639452.282, 139
Trd, 8639453.232, 140
Trd, 8639453.732, 91
Trd, 8639454.432, 63
Trd, 8639455.382, 63
Trd, 8639456.182, 60
Trd, 8639456.982, 62
Trd, 8639457.232, 63
Trd, 8639458.282, 60
Trd, 8639459.082, 63
Trd, 8639459.332, 75
Trd, 8639460.582, 140
Trd, 8639460.932, 140
Trd, 8639461.432, 140
Trd, 8639462.082, 117
Trd, 8639462.332, 71
Trd, 8639462.832, 140
Trd, 8639464.082, 140
Trd, 8639465.532, 140
Trd, 8639465.632, 78
Trd, 8639466.282, 140
Trd, 8639466.582, 79
Trd, 8639466.832, 135
Trd, 8639467.382, 61
Trd, 8639467.832, 87
Trd, 8639469.732, 61
Trd, 8639469.782, 62
Trd, 8639470.282, 62
Trd, 8639471.632, 62
Trd, 8639472.182, 60
Trd, 8639473.182, 64
Trd, 8639473.782, 60
Trd, 8639474.882, 61
Trd, 8639475.832, 60
Trd, 8639476.032, 62
Trd, 8639476.232, 64
Trd, 8639476.732, 64
Trd, 8639477.182, 69
Trd, 8639477.582, 77
Trd, 8639478.232, 62
Trd, 8639478.332, 63
Trd, 8639480.282, 61
Trd, 8639480.332, 62
Trd, 8639480.532, 60
Trd, 8639481.732, 64
Trd, 8639482.732, 60
Trd, 8639482.832, 65
Trd, 8639483.232, 61
Trd, 8639483.932, 140
Trd, 8639484.482, 140
Trd, 8639484.632, 139
Trd, 8639485.082, 64
Trd, 8639485.382, 140
Trd, 8639485.432, 140
Trd, 8639485.832, 76
Trd, 8639486.432, 134
Trd, 8639486.882, 72
Trd, 8639487.832, 140
Trd, 8639488.132, 62
Trd, 8639488.382, 140
Trd, 8639489.132, 99
Trd, 8639490.332, 60
Trd, 8639490.582, 63
Trd, 8639491.282, 62
Trd, 8639492.982, 60
Trd, 8639493.182, 64
Trd, 8639493.632, 61
Trd, 8639494.432, 61
Trd, 8639495.282, 62
Trd, 8639495.382, 72
Trd, 8639496.182, 65
Trd, 8639496.682, 60
Trd, 8639496.782, 68
Trd, 8639497.982, 61
Trd, 8639498.282, 133
Trd, 8639498.632, 61
Trd, 8639499.982, 60
Trd, 8639500.432, 88
Trd, 8639500.732, 66
Trd, 8639501.282, 140
Trd, 8639501.482, 137
Trd, 8639501.882, 140
Trd, 8639503.482, 140
Trd, 8639504.032, 140
Trd, 8639504.682, 140
Trd, 8639504.782, 140
Trd, 8639504.982, 140
Trd, 8639505.882, 138
Trd, 8639506.332, 136
Trd, 8639506.432, 98
Trd, 8639507.082, 140
Trd, 8639507.632, 125
Trd, 8639509.082, 63
Trd, 8639509.782, 61
Trd, 8639509.832, 62
Trd, 8639510.082, 63
Trd, 8639510.432, 67
Trd, 8639510.532, 112
Trd, 8639511.782, 140
Trd, 8639512.782, 140
Trd, 8639513.182, 140
Trd, 8639513.832, 140
Trd, 8639514.432, 140
Trd, 8639515.032, 139
Trd, 8639515.582, 138
Trd, 8639515.932, 138
Trd, 8639516.532, 139
Trd, 8639516.932, 138
Trd, 8639518.282, 137
Trd, 8639518.932, 139
Trd, 8639519.782, 140
Trd, 8639520.582, 140
Trd, 8639520.682, 122
Trd, 8639521.782, 64
Trd, 8639521.882, 62
Trd, 8639521.932, 65
Trd, 8639522.332, 74
Trd, 8639523.482, 64
Trd, 8639524.132, 71
Trd, 8639524.982, 115
Trd, 8639525.082, 128
Trd, 8639525.982, 140
Trd, 8639526.932, 124
Trd, 8639527.082, 104
Trd, 8639527.832, 138
Trd, 8639528.432, 140
Trd, 8639528.532, 92
Trd, 8639529.332, 60
Trd, 8639530.032, 61
Trd, 8639530.632, 68
Trd, 8639531.432, 83
Trd, 8639531.832, 93
Trd, 8639532.432, 63
Trd, 8639532.782, 61
Trd, 8639532.832, 136
Trd, 8639534.032, 111
Trd, 8639534.632, 61
Trd, 8639535.182, 62
Trd, 8639536.132, 60
Trd, 8639536.182, 60
Trd, 8639537.732, 61
Trd, 8639537.832, 62
Trd, 8639538.032, 63
Trd, 8639538.132, 114
Trd, 8639539.132, 67
Trd, 8639539.382, 66
Trd, 8639539.832, 64
Trd, 8639540.232, 138
Trd, 8639540.732, 61
Trd, 8639541.832, 140
Trd, 8639541.932, 139
Trd, 8639542.532, 140
Trd, 8639542.982, 135
Trd, 8639544.182, 140
Trd, 8639544.482, 127
Trd, 8639546.482, 140
Trd, 8639546.582, 140
Trd, 8639547.082, 140
Trd, 8639547.232, 91
Trd, 8639547.432, 139
Trd, 8639548.682, 61
Trd, 8639548.782, 63
Trd, 8639549.182, 60
Trd, 8639550.032, 67
Trd, 8639550.482, 140
Trd, 8639551.332, 139
Trd, 8639551.432, 138
Trd, 8639552.282, 139
Trd, 8639552.732, 139
Trd, 8639553.682, 133
Trd, 8639553.832, 140
Trd, 8639554.032, 131
Trd, 8639554.882, 91
Trd, 8639555.932, 60
Trd, 8639556.382, 61
Trd, 8639556.582, 65
Trd, 8639557.682, 62
Trd, 8639558.482, 140
Trd, 8639558.932, 104
Trd, 8639559.032, 103
Trd, 8639559.082, 83
Trd, 8639559.332, 140
Trd, 8639559.782, 138
Trd, 8639560.532, 65
Trd, 8639561.982, 140
Trd, 8639562.232, 138
Trd, 8639562.732, 81
Trd, 8639563.582, 139
Trd, 8639563.682, 139
Trd, 8639564.532, 139
Trd, 8639564.832, 140
Trd, 8639565.582, 131
Trd, 8639566.632, 140
Trd, 8639566.682, 139
Trd, 8639566.882, 138
Trd, 8639567.632, 65
Trd, 8639569.032, 73
Trd, 8639570.232, 60
Trd, 8639570.282, 65
Trd, 8639570.482, 131
Trd, 8639570.782, 68
Trd, 8639572.232, 140
Trd, 8639573.532, 140
Trd, 8639574.032, 140
Trd, 8639574.282, 140
Trd, 8639575.782, 140
Trd, 8639576.432, 140
Trd, 8639576.732, 140
Trd, 8639576.782, 140
Trd, 8639576.832, 125
Trd, 8639577.132, 140
Trd, 8639577.282, 118
Trd, 8639577.832, 105
Trd, 8639578.832, 60
Trd, 8639579.682, 140
Trd, 8639579.732, 86
Trd, 8639581.032, 61
Trd, 8639581.282, 64
Trd, 8639582.382, 140
Trd, 8639582.482, 140
Trd, 8639582.882, 139
Trd, 8639583.482, 140
Trd, 8639584.432, 135
Trd, 8639584.532, 109
Trd, 8639584.682, 74
Trd, 8639586.032, 60
Trd, 8639586.582, 64
Trd, 8639587.032, 73
Trd, 8639588.232, 60
Trd, 8639588.382, 61
Trd, 8639589.832, 61
Trd, 8639590.032, 64
Trd, 8639590.332, 60
Trd, 8639591.182, 116
Trd, 8639591.282, 70
Trd, 8639592.682, 114
Trd, 8639592.732, 113
Trd, 8639593.032, 112
Trd, 8639595.082, 102
Trd, 8639595.282, 82
Trd, 8639595.582, 81
Trd, 8639596.282, 139
Trd, 8639596.532, 88
Trd, 8639597.132, 140
Trd, 8639597.782, 139
Trd, 8639598.332, 139
Trd, 8639598.732, 135
Trd, 8639598.982, 140
Trd, 8639600.032, 140
Trd, 8639600.332, 76
Trd, 8639601.182, 77
Trd, 8639601.582, 60
Trd, 8639602.482, 140
Trd, 8639603.482, 93
Trd, 8639604.932, 140
Trd, 8639605.882, 60
Trd, 8639606.532, 60
Trd, 8639606.682, 61
Trd, 8639606.782, 62
Trd, 8639606.982, 66
Trd, 8639607.232, 66
Trd, 8639608.232, 60
Trd, 8639609.132, 60
Trd, 8639609.882, 90
Trd, 8639611.132, 60
Trd, 8639611.282, 69
Trd, 8639611.432, 102
Trd, 8639611.882, 63
Trd, 8639613.482, 62
Trd, 8639614.132, 61
Trd, 8639614.332, 140
Trd, 8639615.782, 140
Trd, 8639616.032, 140
Trd, 8639616.732, 139
Trd, 8639616.782, 138
Trd, 8639617.732, 105
Trd, 8639618.282, 102
Trd, 8639618.982, 60
Trd, 8639619.482, 62
Trd, 8639619.582, 72
Trd, 8639621.532, 60
Trd, 8639621.732, 64
Trd, 8639622.332, 70
Trd, 8639622.632, 140
Trd, 8639623.032, 135
Trd, 8639623.482, 139
Trd, 8639623.632, 105
Trd, 8639624.782, 64
Trd, 8639625.282, 61
Trd, 8639627.082, 62
Trd, 8639627.182, 67
Trd, 8639627.732, 60
Trd, 8639628.382, 60
Trd, 8639628.582, 62
Trd, 8639629.332, 139
Trd, 8639629.532, 140
Trd, 8639630.182, 77
Trd, 8639630.532, 78
Trd, 8639631.782, 136
Trd, 8639632.432, 138
Trd, 8639632.932, 137
Trd, 8639633.482, 60
Trd, 8639635.132, 61
Trd, 8639635.332, 68
Trd, 8639636.632, 63
Trd, 8639636.732, 61
Trd, 8639636.982, 140
Trd, 8639637.832, 140
Trd, 8639638.382, 140
Trd, 8639639.382, 140
Trd, 8639639.482, 140
Trd, 8639639.732, 140
Trd, 8639639.882, 90
Trd, 8639640.882, 125
Trd, 8639641.882, 68
Trd, 8639642.432, 61
Trd, 8639642.832, 122
Trd, 8639643.282, 96
Trd, 8639644.382, 69
Trd, 8639645.232, 67
Trd, 8639645.332, 122
Trd, 8639645.582, 138
Trd, 8639646.532, 140
Trd, 8639647.582, 94
Trd, 8639648.632, 140
Trd, 8639649.032, 140
Trd, 8639649.132, 140
Trd, 8639649.832, 140
Trd, 8639649.932, 140
Trd, 8639650.482, 136
Trd, 8639651.132, 65
Trd, 8639651.282, 71
Trd, 8639653.132, 139
Trd, 8639653.482, 140
Trd, 8639653.682, 140
Trd, 8639653.882, 139
Trd, 8639654.832, 140
Trd, 8639655.532, 140
Trd, 8639655.732, 139
Trd, 8639656.182, 132
Trd, 8639657.782, 63
Trd, 8639657.832, 64
Trd, 8639658.482, 62
Trd, 8639659.182, 63
Trd, 8639659.882, 61
Trd, 8639660.382, 67
Trd, 8639660.432, 71
Trd, 8639661.082, 64
Trd, 8639661.882, 65
Trd, 8639663.032, 70
Trd, 8639663.282, 139
Trd, 8639663.882, 139
Trd, 8639663.982, 138
Trd, 8639664.632, 68
Trd, 8639665.182, 69
Trd, 8639665.932, 82
Trd, 8639666.282, 61
Trd, 8639667.482, 72
Trd, 8639668.282, 68
Trd, 8639668.432, 96
Trd, 8639669.432, 126
Trd, 8639669.482, 90
Trd, 8639670.232, 140
Trd, 8639670.782, 140
Trd, 8639671.032, 139
Trd, 8639671.482, 140
Trd, 8639673.182, 140
Trd, 8639673.332, 110
Trd, 8639673.932, 138
Trd, 8639674.482, 96
Trd, 8639674.982, 62
Trd, 8639676.632, 138
Trd, 8639676.732, 60
Trd, 8639678.532, 60
Trd, 8639678.632, 60
Trd, 8639679.232, 140
Trd, 8639679.982, 140
Trd, 8639680.032, 140
Trd, 8639681.482, 139
Trd, 8639681.882, 140
Trd, 8639682.982, 139
Trd, 8639683.182, 139
Trd, 8639683.382, 137
Trd, 8639684.182, 140
Trd, 8639684.932, 136
Trd, 8639686.232, 62
Trd, 8639686.632, 63
Trd, 8639688.032, 62
Trd, 8639688.832, 62
Trd, 8639688.882, 63
Trd, 8639689.432, 60
Trd, 8639689.582, 67
Trd, 8639690.432, 140
Trd, 8639691.232, 140
Trd, 8639692.632, 140
Trd, 8639692.732, 140
Trd, 8639693.832, 140
Trd, 8639694.282, 140
Trd, 8639694.382, 138
Trd, 8639694.632, 140
Trd, 8639696.182, 139
Trd, 8639696.682, 88
Trd, 8639697.032, 64
Trd, 8639697.782, 66
Trd, 8639699.332, 138
Trd, 8639700.232, 140
Trd, 8639700.632, 140
Trd, 8639700.732, 140
Trd, 8639700.982, 65
Trd, 8639701.732, 134
Trd, 8639701.782, 61
Trd, 8639702.182, 125
Trd, 8639702.432, 86
Trd, 8639703.332, 64
Trd, 8639703.582, 140
Trd, 8639703.982, 137
Trd, 8639706.832, 63
Trd, 8639707.482, 64
Trd, 8639708.632, 60
Trd, 8639708.832, 60
Trd, 8639708.982, 64
Trd, 8639710.782, 62
Trd, 8639711.082, 64
Trd, 8639711.432, 64
Trd, 8639711.882, 127
Trd, 8639712.382, 60
Trd, 8639713.282, 61
Trd, 8639714.232, 60
Trd, 8639714.482, 69
Trd, 8639714.782, 68
Trd, 8639715.432, 62
Trd, 8639717.282, 61
Trd, 8639717.332, 62
Trd, 8639718.282, 60
Trd, 8639718.632, 60
Trd, 8639719.632, 60
Trd, 8639720.582, 62
Trd, 8639721.032, 60
Trd, 8639721.432, 65
Trd, 8639722.032, 63
Trd, 8639722.882, 65
Trd, 8639723.582, 62
Trd, 8639723.882, 60
Trd, 8639724.282, 140
Trd, 8639724.682, 118
Trd, 8639725.682, 63
Trd, 8639726.182, 65
Trd, 8639727.232, 64
Trd, 8639728.382, 60
Trd, 8639728.432, 62
Trd, 8639729.082, 61
Trd, 8639729.632, 140
Trd, 8639730.382, 82
Trd, 8639730.732, 79
Trd, 8639730.882, 64
Trd, 8639731.732, 132
Trd, 8639732.382, 63
Trd, 8639733.132, 60
Trd, 8639733.782, 65
Trd, 8639734.382, 67
Trd, 8639734.532, 78
Trd, 8639735.032, 62
Trd, 8639735.532, 62
Trd, 8639736.532, 81
Trd, 8639736.932, 85
Trd, 8639738.182, 69
Trd, 8639738.632, 140
Trd, 8639739.932, 61
Trd, 8639740.482, 62
Trd, 8639741.582, 62
Trd, 8639742.182, 63
Trd, 8639742.732, 139
Trd, 8639743.382, 60
Trd, 8639743.982, 63
Trd, 8639744.332, 140
Trd, 8639744.682, 140
Trd, 8639745.332, 140
Trd, 8639745.882, 140
Trd, 8639746.732, 107
Trd, 8639746.982, 60
Trd, 8639747.732, 139
Trd, 8639748.032, 121
Trd, 8639748.232, 66
Trd, 8639749.482, 138
Trd, 8639749.982, 64
Trd, 8639750.882, 61
Trd, 8639751.232, 65
Trd, 8639752.332, 67
Trd, 8639752.432, 76
Trd, 8639752.532, 76
Trd, 8639753.282, 60
Trd, 8639755.182, 61
Trd, 8639755.332, 62
Trd, 8639755.432, 63
Trd, 8639756.032, 67
Trd, 8639756.182, 66
Trd, 8639756.682, 108
Trd, 8639758.132, 112
Trd, 8639758.182, 131
Trd, 8639758.782, 74
Trd, 8639760.132, 60
Trd, 8639760.382, 63
Trd, 8639761.482, 60
Trd, 8639762.082, 62
Trd, 8639762.432, 73
Trd, 8639762.832, 140
Trd, 8639763.482, 60
Trd, 8639763.782, 61
Trd, 8639764.032, 134
Trd, 8639765.182, 140
Trd, 8639766.082, 140
Trd, 8639766.832, 140
Trd, 8639767.532, 140
Trd, 8639768.332, 140
Trd, 8639768.432, 139
Trd, 8639769.732, 139
Trd, 8639770.432, 139
Trd, 8639771.282, 140
Trd, 8639771.332, 140
Trd, 8639772.482, 140
Trd, 8639772.882, 140
Trd, 8639773.182, 140
Trd, 8639773.932, 137
Trd, 8639775.332, 140
Trd, 8639776.482, 140
Trd, 8639776.532, 139
Trd, 8639776.882, 135
Trd, 8639777.282, 87
Trd, 8639777.682, 74
Trd, 8639778.182, 93
Trd, 8639778.382, 73
Trd, 8639778.432, 104
Trd, 8639779.032, 139
Trd, 8639780.082, 111
Trd, 8639780.282, 62
Trd, 8639780.832, 138
Trd, 8639782.182, 62
Trd, 8639782.482, 75
Trd, 8639783.582, 140
Trd, 8639783.932, 140
Trd, 8639784.332, 139
Trd, 8639784.482, 112
Trd, 8639787.432, 60
Trd, 8639787.832, 63
Trd, 8639788.132, 65
Trd, 8639788.882, 140
Trd, 8639789.332, 139
Trd, 8639790.082, 67
Trd, 8639790.432, 61
Trd, 8639790.932, 140
Trd, 8639792.282, 140
Trd, 8639792.632, 140
Trd, 8639792.832, 140
Trd, 8639793.082, 128
Trd, 8639793.832, 71
Trd, 8639794.232, 99
Trd, 8639794.632, 76
Trd, 8639795.132, 140
Trd, 8639795.432, 61
Trd, 8639795.682, 140
Trd, 8639796.532, 105
Trd, 8639797.582, 140
Trd, 8639797.982, 139
Trd, 8639798.632, 73
Trd, 8639799.132, 69
Trd, 8639799.432, 67
Trd, 8639800.332, 123
Trd, 8639801.882, 60
Trd, 8639802.032, 61
Trd, 8639802.332, 67
Trd, 8639803.082, 64
Trd, 8639804.182, 62
Trd, 8639804.432, 60
Trd, 8639805.182, 60
Trd, 8639805.332, 62
Trd, 8639806.032, 140
Trd, 8639806.332, 67
Trd, 8639807.232, 65
Trd, 8639807.532, 63
Trd, 8639808.582, 71
Trd, 8639809.782, 140
Trd, 8639810.032, 140
Trd, 8639810.132, 140
Trd, 8639810.932, 140
Trd, 8639811.482, 140
Trd, 8639813.182, 140
Trd, 8639813.332, 140
Trd, 8639813.632, 140
Trd, 8639814.182, 118
Trd, 8639814.732, 140
Trd, 8639815.682, 140
Trd, 8639815.732, 78
Trd, 8639815.932, 78
Trd, 8639817.282, 62
Trd, 8639817.782, 64
Trd, 8639818.582, 60
Trd, 8639818.882, 124
Trd, 8639819.382, 139
Trd, 8639820.482, 62
Trd, 8639820.582, 63
Trd, 8639821.632, 139
Trd, 8639821.732, 74
Trd, 8639822.982, 60
Trd, 8639823.332, 65
Trd, 8639823.582, 83
Trd, 8639825.032, 128
Trd, 8639825.682, 129
Trd, 8639826.182, 128
Trd, 8639827.182, 140
Trd, 8639827.982, 139
Trd, 8639828.282, 140
Trd, 8639829.032, 140
Trd, 8639829.232, 140
Trd, 8639829.282, 139
Trd, 8639829.782, 125
Trd, 8639830.182, 92
Trd, 8639830.682, 71
Trd, 8639831.782, 61
Trd, 8639833.032, 60
Trd, 8639833.082, 63
Trd, 8639834.682, 65
Trd, 8639834.982, 60
Trd, 8639835.432, 65
Trd, 8639836.232, 66
Trd, 8639836.632, 109
Trd, 8639837.282, 139
Trd, 8639838.432, 140
Trd, 8639839.082, 140
Trd, 8639839.232, 139
Trd, 8639840.082, 140
Trd, 8639840.782, 140
Trd, 8639840.982, 140
Trd, 8639841.082, 98
Trd, 8639841.582, 65
Trd, 8639842.032, 140
Trd, 8639842.532, 61
Trd, 8639843.282, 140
Trd, 8639844.382, 140
Trd, 8639844.482, 94
Trd, 8639845.232, 60
Trd, 8639846.082, 140
Trd, 8639846.132, 140
Trd, 8639846.332, 139
Trd, 8639846.932, 137
Trd, 8639848.382, 60
Trd, 8639849.032, 64
Trd, 8639849.282, 83
Trd, 8639850.132, 67
Trd, 8639850.482, 63
Trd, 8639850.832, 90
Trd, 8639851.632, 65
Trd, 8639853.782, 140
Trd, 8639854.232, 140
Trd, 8639854.632, 140
Trd, 8639855.232, 140
Trd, 8639855.432, 140
Trd, 8639856.082, 139
Trd, 8639856.432, 137
Trd, 8639856.682, 104
Trd, 8639856.982, 114
Trd, 8639857.382, 140
Trd, 8639857.982, 78
Trd, 8639858.582, 61
Trd, 8639859.382, 61
Trd, 8639860.132, 139
Trd, 8639860.782, 108
Trd, 8639861.832, 64
Trd, 8639862.232, 140
Trd, 8639862.782, 61
Trd, 8639863.632, 139
Trd, 8639864.232, 67
Trd, 8639864.482, 128
Trd, 8639865.232, 60
Trd, 8639865.832, 60
Trd, 8639866.182, 62
Trd, 8639866.482, 63
Trd, 8639866.832, 140
Trd, 8639867.882, 62
Trd, 8639868.282, 65
Trd, 8639869.032, 60
Trd, 8639869.932, 140
Trd, 8639870.332, 97
Trd, 8639870.632, 103
Trd, 8639871.632, 62
Trd, 8639871.982, 70
Trd, 8639872.982, 140
Trd, 8639874.582, 140
Trd, 8639875.232, 140
Trd, 8639875.382, 140
Trd, 8639875.432, 139
Trd, 8639875.582, 138
Trd, 8639875.732, 108
Trd, 8639875.982, 103
Trd, 8639876.482, 60
Trd, 8639877.482, 137
Trd, 8639877.682, 107
Trd, 8639878.782, 64
Trd, 8639879.232, 63
Trd, 8639880.332, 61
Trd, 8639881.282, 140
Trd, 8639881.482, 140
Trd, 8639881.682, 139
Trd, 8639881.732, 135
Trd, 8639882.832, 140
Trd, 8639883.232, 95
Trd, 8639884.132, 63
Trd, 8639884.282, 140
Trd, 8639884.632, 86
Trd, 8639885.482, 140
Trd, 8639887.332, 140
Trd, 8639887.732, 140
Trd, 8639887.932, 140
Trd, 8639888.432, 106
Trd, 8639889.282, 61
Trd, 8639889.432, 133
Trd, 8639889.582, 60
Trd, 8639890.032, 65
Trd, 8639891.282, 62
Trd, 8639892.182, 70
Trd, 8639892.782, 61
Trd, 8639893.482, 61
Trd, 8639895.332, 60
Trd, 8639895.932, 60
Trd, 8639896.132, 60
Trd, 8639897.482, 61
Trd, 8639898.232, 60
Trd, 8639898.632, 83
Trd, 8639899.282, 60
Trd, 8639899.832, 140
Trd, 8639900.082, 140
Trd, 8639900.332, 140
Trd, 8639901.182, 62
Trd, 8639901.582, 63
Trd, 8639902.232, 73
Trd, 8639903.082, 139
Trd, 8639903.932, 60
Trd, 8639905.082, 60
Trd, 8639905.232, 60
Trd, 8639907.182, 60
Trd, 8639907.782, 60
Trd, 8639907.932, 61
Trd, 8639908.482, 61
Trd, 8639908.782, 62
Trd, 8639908.832, 62
Trd, 8639909.482, 60
Trd, 8639910.432, 61
Trd, 8639910.932, 124
Trd, 8639911.732, 63
Trd, 8639912.332, 101
Trd, 8639912.432, 79
Trd, 8639913.032, 139
Trd, 8639913.532, 140
Trd, 8639913.982, 63
Trd, 8639914.482, 96
Trd, 8639915.282, 64
Trd, 8639915.532, 60
Trd, 8639916.532, 60
Trd, 8639918.782, 60
Trd, 8639918.932, 61
Trd, 8639920.082, 60
Trd, 8639920.532, 61
Trd, 8639920.782, 66
Trd, 8639921.732, 60
Trd, 8639922.382, 63
Trd, 8639922.482, 65
Trd, 8639923.682, 61
Trd, 8639925.632, 63
Trd, 8639926.232, 62
Trd, 8639926.582, 64
Trd, 8639927.682, 61
Trd, 8639929.232, 62
Trd, 8639929.732, 64
Trd, 8639930.032, 88
Trd, 8639930.182, 61
Trd, 8639930.532, 139
Trd, 8639930.832, 138
Trd, 8639931.332, 86
Trd, 8639931.432, 85
Trd, 8639933.382, 60
Trd, 8639933.832, 60
Trd, 8639933.882, 67
Trd, 8639934.532, 75
Trd, 8639935.182, 130
Trd, 8639936.132, 140
Trd, 8639936.382, 139
Trd, 8639936.482, 74
Trd, 8639937.682, 60
Trd, 8639938.682, 140
Trd, 8639939.032, 118
Trd, 8639939.332, 117
Trd, 8639940.032, 108
Trd, 8639940.682, 139
Trd, 8639941.232, 140
Trd, 8639941.732, 140
Trd, 8639942.832, 121
Trd, 8639942.882, 107
Trd, 8639942.982, 80
Trd, 8639944.082, 93
Trd, 8639944.482, 139
Trd, 8639946.232, 66
Trd, 8639947.582, 140
Trd, 8639948.032, 140
Trd, 8639948.082, 139
Trd, 8639948.782, 138
Trd, 8639948.882, 140
Trd, 8639949.882, 60
Trd, 8639950.382, 62
Trd, 8639950.432, 64
Trd, 8639952.032, 66
Trd, 8639952.532, 138
Trd, 8639953.482, 60
Trd, 8639953.532, 64
Trd, 8639953.882, 94
Trd, 8639954.382, 102
Trd, 8639955.132, 140
Trd, 8639955.382, 108
Trd, 8639956.282, 140
Trd, 8639956.832, 91
Trd, 8639958.782, 140
Trd, 8639959.882, 140
Trd, 8639960.232, 140
Trd, 8639961.282, 140
Trd, 8639961.732, 140
Trd, 8639962.082, 140
Trd, 8639962.182, 140
Trd, 8639962.532, 72
Trd, 8639963.182, 64
Trd, 8639963.382, 132
Trd, 8639965.682, 138
Trd, 8639965.732, 137
Trd, 8639965.832, 137
Trd, 8639966.482, 137
Trd, 8639967.032, 136
Trd, 8639967.132, 102
Trd, 8639967.532, 61
Trd, 8639968.482, 139
Trd, 8639968.982, 64
Trd, 8639969.832, 60
Trd, 8639970.282, 69
Trd, 8639971.282, 138
Trd, 8639972.082, 64
Trd, 8639972.232, 140
Trd, 8639973.032, 64
Trd, 8639973.332, 139
Trd, 8639974.082, 105
Trd, 8639974.782, 139
Trd, 8639975.032, 140
Trd, 8639975.082, 85
Trd, 8639976.082, 76
Trd, 8639976.132, 75
Trd, 8639976.782, 92
Trd, 8639978.932, 140
Trd, 8639979.282, 138
Trd, 8639979.432, 134
Trd, 8639979.632, 140
Trd, 8639979.982, 100
Trd, 8639980.832, 140
Trd, 8639980.982, 117
Trd, 8639981.482, 75
Trd, 8639983.882, 140
Trd, 8639984.132, 140
Trd, 8639984.232, 140
Trd, 8639984.482, 140
Trd, 8639985.232, 140
Trd, 8639985.832, 91
Trd, 8639985.982, 105
Trd, 8639986.032, 71
Trd, 8639986.582, 140
Trd, 8639988.832, 140
Trd, 8639989.282, 66
Trd, 8639990.582, 60
Trd, 8639992.282, 62
Trd, 8639992.332, 64
Trd, 8639993.532, 60
Trd, 8639993.782, 60
Trd, 8639993.882, 69
Trd, 8639995.382, 100
Trd, 8639995.432, 102
Trd, 8639995.932, 84
Trd, 8639996.632, 60
Trd, 8639997.532, 63
Trd, 8639997.732, 140
Trd, 8639998.382, 67
Trd, 8639999.932, 90
