Trd, 8638182.282, 66
Trd, 8638182.732, 60
Trd, 8638183.082, 60
Trd, 8638185.682, 60
Trd, 8638185.882, 61
Trd, 8638186.032, 64
Trd, 8638186.232, 68
Trd, 8638187.932, 62
Trd, 8638188.032, 61
Trd, 8638188.082, 63
Trd, 8638188.232, 90
Trd, 8638188.832, 118
Trd, 8638189.232, 140
Trd, 8638189.932, 103
Trd, 8638190.382, 121
Trd, 8638190.932, 61
Trd, 8638191.182, 67
Trd, 8638192.482, 140
Trd, 8638192.532, 140
Trd, 8638193.082, 139
Trd, 8638193.832, 119
Trd, 8638195.682, 140
Trd, 8638195.832, 140
Trd, 8638197.332, 140
Trd, 8638197.432, 139
Trd, 8638197.632, 120
Trd, 8638197.782, 94
Trd, 8638198.382, 140
Trd, 8638199.332, 84
Trd, 8638199.432, 67
Trd, 8638200.632, 62
Trd, 8638202.082, 62
Trd, 8638202.682, 61
Trd, 8638203.082, 62
Trd, 8638203.182, 63
Trd, 8638203.332, 66
Trd, 8638204.582, 64
Trd, 8638204.682, 68
Trd, 8638205.082, 62
Trd, 8638205.982, 140
Trd, 8638207.232, 140
Trd, 8638207.582, 78
Trd, 8638208.132, 114
Trd, 8638208.782, 85
Trd, 8638209.682, 64
Trd, 8638210.182, 139
Trd, 8638210.232, 138
Trd, 8638211.382, 60
Trd, 8638211.582, 65
Trd, 8638212.232, 61
Trd, 8638212.632, 62
Trd, 8638212.732, 96
Trd, 8638214.032, 62
Trd, 8638216.082, 61
Trd, 8638216.332, 67
Trd, 8638216.732, 62
Trd, 8638216.982, 67
Trd, 8638217.882, 60
Trd, 8638217.982, 64
Trd, 8638218.432, 60
Trd, 8638218.982, 97
Trd, 8638220.232, 64
Trd, 8638220.882, 60
Trd, 8638220.932, 61
Trd, 8638221.482, 140
Trd, 8638222.332, 63
Trd, 8638223.132, 140
Trd, 8638223.682, 133
Trd, 8638224.082, 130
Trd, 8638224.632, 63
Trd, 8638224.782, 61
Trd, 8638225.582, 74
Trd, 8638226.332, 72
Trd, 8638226.782, 61
Trd, 8638227.932, 60
Trd, 8638228.232, 61
Trd, 8638228.682, 62
Trd, 8638229.782, 61
Trd, 8638231.632, 60
Trd, 8638232.182, 61
Trd, 8638232.782, 61
Trd, 8638233.032, 63
Trd, 8638233.282, 86
Trd, 8638233.932, 75
Trd, 8638234.082, 91
Trd, 8638234.132, 62
Trd, 8638234.732, 140
Trd, 8638235.582, 140
Trd, 8638236.432, 140
Trd, 8638236.582, 139
Trd, 8638236.882, 138
Trd, 8638237.782, 98
Trd, 8638238.182, 60
Trd, 8638239.232, 140
Trd, 8638239.532, 140
Trd, 8638240.482, 140
Trd, 8638241.232, 140
Trd, 8638241.582, 140
Trd, 8638241.982, 140
Trd, 8638242.332, 67
Trd, 8638243.132, 65
Trd, 8638243.332, 79
Trd, 8638244.582, 60
Trd, 8638244.982, 61
Trd, 8638245.132, 62
Trd, 8638245.182, 63
Trd, 8638246.982, 63
Trd, 8638247.782, 67
Trd, 8638248.132, 75
Trd, 8638248.582, 73
Trd, 8638249.082, 66
Trd, 8638249.582, 67
Trd, 8638249.982, 67
Trd, 8638250.182, 118
Trd, 8638250.282, 105
Trd, 8638251.082, 65
Trd, 8638253.432, 62
Trd, 8638253.532, 63
Trd, 8638254.482, 60
Trd, 8638255.082, 60
Trd, 8638255.282, 61
Trd, 8638256.532, 60
Trd, 8638256.832, 62
Trd, 8638258.332, 60
Trd, 8638258.832, 60
Trd, 8638259.732, 60
Trd, 8638259.782, 61
Trd, 8638259.882, 61
Trd, 8638259.982, 61
Trd, 8638260.182, 60
Trd, 8638260.982, 61
Trd, 8638263.682, 60
Trd, 8638263.882, 61
Trd, 8638264.032, 60
Trd, 8638264.082, 62
Trd, 8638264.632, 63
Trd, 8638265.332, 70
Trd, 8638266.082, 60
Trd, 8638266.182, 67
Trd, 8638266.682, 95
Trd, 8638267.032, 60
Trd, 8638267.532, 64
Trd, 8638270.382, 62
Trd, 8638270.882, 60
Trd, 8638271.532, 60
Trd, 8638272.432, 60
Trd, 8638272.632, 62
Trd, 8638273.082, 64
Trd, 8638273.182, 65
Trd, 8638273.282, 63
Trd, 8638274.232, 62
Trd, 8638275.232, 60
Trd, 8638276.182, 94
Trd, 8638276.332, 93
Trd, 8638276.782, 63
Trd, 8638277.482, 75
Trd, 8638278.032, 94
Trd, 8638279.082, 89
Trd, 8638279.982, 64
Trd, 8638280.132, 61
Trd, 8638282.082, 60
Trd, 8638282.132, 61
Trd, 8638283.782, 68
Trd, 8638284.232, 140
Trd, 8638284.282, 119
Trd, 8638285.082, 70
Trd, 8638285.482, 68
Trd, 8638285.932, 140
Trd, 8638287.082, 71
Trd, 8638287.332, 140
Trd, 8638287.832, 138
Trd, 8638289.132, 120
Trd, 8638289.332, 120
Trd, 8638289.382, 117
Trd, 8638290.482, 60
Trd, 8638290.982, 110
Trd, 8638291.732, 140
Trd, 8638292.382, 140
Trd, 8638292.782, 77
Trd, 8638293.382, 140
Trd, 8638293.632, 140
Trd, 8638294.282, 139
Trd, 8638295.132, 64
Trd, 8638296.632, 63
Trd, 8638296.882, 64
Trd, 8638297.132, 74
Trd, 8638297.432, 62
Trd, 8638297.682, 99
Trd, 8638298.082, 90
Trd, 8638299.782, 66
Trd, 8638300.682, 60
Trd, 8638301.682, 60
Trd, 8638303.282, 62
Trd, 8638303.332, 62
Trd, 8638303.682, 63
Trd, 8638303.932, 65
Trd, 8638303.982, 64
Trd, 8638304.682, 66
Trd, 8638304.932, 68
Trd, 8638304.982, 67
Trd, 8638306.582, 60
Trd, 8638307.082, 60
Trd, 8638307.882, 62
Trd, 8638308.032, 64
Trd, 8638308.082, 60
Trd, 8638308.432, 75
Trd, 8638311.682, 60
Trd, 8638311.982, 60
Trd, 8638312.832, 61
Trd, 8638313.382, 62
Trd, 8638313.582, 63
Trd, 8638313.782, 65
Trd, 8638314.182, 81
Trd, 8638314.232, 64
Trd, 8638314.982, 140
Trd, 8638315.032, 140
Trd, 8638315.082, 65
Trd, 8638315.582, 140
Trd, 8638316.882, 73
Trd, 8638317.882, 64
Trd, 8638318.932, 60
Trd, 8638319.182, 60
Trd, 8638319.332, 139
Trd, 8638321.032, 117
Trd, 8638321.082, 113
Trd, 8638321.632, 114
Trd, 8638321.982, 139
Trd, 8638322.482, 113
Trd, 8638322.532, 98
Trd, 8638324.882, 60
Trd, 8638325.182, 64
Trd, 8638325.532, 65
Trd, 8638326.582, 60
Trd, 8638326.932, 60
Trd, 8638327.232, 64
Trd, 8638327.532, 65
Trd, 8638328.732, 60
Trd, 8638329.332, 60
Trd, 8638329.832, 60
Trd, 8638331.182, 115
Trd, 8638331.382, 60
Trd, 8638331.432, 71
Trd, 8638331.482, 125
Trd, 8638332.982, 63
Trd, 8638333.032, 62
Trd, 8638334.332, 140
Trd, 8638335.282, 140
Trd, 8638335.482, 140
Trd, 8638335.932, 140
Trd, 8638337.382, 60
Trd, 8638338.082, 61
Trd, 8638338.632, 63
Trd, 8638339.032, 78
Trd, 8638340.132, 140
Trd, 8638340.182, 140
Trd, 8638340.682, 140
Trd, 8638341.032, 138
Trd, 8638341.982, 140
Trd, 8638342.782, 105
Trd, 8638343.032, 75
Trd, 8638343.432, 139
Trd, 8638343.682, 121
Trd, 8638343.932, 116
Trd, 8638345.282, 69
Trd, 8638345.632, 68
Trd, 8638346.332, 126
Trd, 8638347.032, 138
Trd, 8638347.632, 140
Trd, 8638347.882, 125
Trd, 8638348.282, 108
Trd, 8638349.332, 139
Trd, 8638351.582, 74
Trd, 8638352.182, 72
Trd, 8638352.232, 61
Trd, 8638353.132, 60
Trd, 8638353.682, 97
Trd, 8638353.882, 140
Trd, 8638354.832, 65
Trd, 8638355.232, 139
Trd, 8638355.832, 140
Trd, 8638357.132, 140
Trd, 8638357.482, 134
Trd, 8638358.682, 62
Trd, 8638359.032, 62
Trd, 8638361.982, 60
Trd, 8638362.032, 61
Trd, 8638362.332, 60
Trd, 8638362.482, 61
Trd, 8638362.582, 61
Trd, 8638362.632, 64
Trd, 8638363.282, 61
Trd, 8638364.532, 61
Trd, 8638366.332, 60
Trd, 8638366.432, 61
Trd, 8638366.882, 68
Trd, 8638367.932, 60
Trd, 8638368.032, 60
Trd, 8638368.232, 62
Trd, 8638369.582, 61
Trd, 8638369.632, 62
Trd, 8638371.132, 62
Trd, 8638371.232, 64
Trd, 8638371.482, 60
Trd, 8638372.082, 64
Trd, 8638372.182, 69
Trd, 8638372.732, 86
Trd, 8638374.382, 63
Trd, 8638375.832, 64
Trd, 8638376.182, 60
Trd, 8638377.932, 61
Trd, 8638378.182, 61
Trd, 8638379.882, 60
Trd, 8638380.732, 61
Trd, 8638380.882, 62
Trd, 8638380.982, 63
Trd, 8638381.182, 64
Trd, 8638381.232, 65
Trd, 8638382.632, 60
Trd, 8638383.982, 60
Trd, 8638384.482, 61
Trd, 8638385.082, 60
Trd, 8638385.582, 63
Trd, 8638386.582, 62
Trd, 8638387.332, 62
Trd, 8638387.732, 64
Trd, 8638387.782, 64
Trd, 8638388.382, 60
Trd, 8638389.482, 60
Trd, 8638389.532, 62
Trd, 8638389.982, 60
Trd, 8638390.532, 60
Trd, 8638390.932, 85
Trd, 8638392.532, 60
Trd, 8638394.082, 60
Trd, 8638394.432, 62
Trd, 8638395.032, 81
Trd, 8638395.432, 60
Trd, 8638397.232, 60
Trd, 8638397.282, 60
Trd, 8638398.682, 61
Trd, 8638399.082, 62
Trd, 8638399.482, 61
Trd, 8638399.782, 65
Trd, 8638400.182, 62
Trd, 8638400.432, 60
Trd, 8638402.382, 63
Trd, 8638402.532, 63
Trd, 8638402.732, 64
Trd, 8638403.432, 71
Trd, 8638403.782, 65
Trd, 8638404.832, 60
Trd, 8638405.132, 64
Trd, 8638405.182, 93
Trd, 8638406.432, 63
Trd, 8638406.832, 62
Trd, 8638408.682, 61
Trd, 8638408.832, 62
Trd, 8638409.382, 62
Trd, 8638410.582, 68
Trd, 8638411.032, 66
Trd, 8638411.432, 65
Trd, 8638411.732, 64
Trd, 8638412.182, 63
Trd, 8638412.232, 96
Trd, 8638412.782, 61
Trd, 8638413.332, 62
Trd, 8638413.882, 62
Trd, 8638414.882, 63
Trd, 8638415.882, 60
Trd, 8638416.032, 60
Trd, 8638416.182, 61
Trd, 8638417.082, 87
Trd, 8638417.332, 64
Trd, 8638419.432, 67
Trd, 8638419.932, 60
Trd, 8638420.332, 60
Trd, 8638420.982, 75
Trd, 8638421.132, 88
Trd, 8638421.382, 74
Trd, 8638421.982, 73
Trd, 8638422.732, 65
Trd, 8638424.082, 61
Trd, 8638425.032, 60
Trd, 8638425.932, 61
Trd, 8638426.132, 60
Trd, 8638426.332, 65
Trd, 8638427.382, 60
Trd, 8638428.032, 64
Trd, 8638429.032, 61
Trd, 8638429.132, 61
Trd, 8638430.732, 63
Trd, 8638430.982, 75
Trd, 8638431.582, 60
Trd, 8638432.082, 60
Trd, 8638433.332, 62
Trd, 8638433.782, 62
Trd, 8638436.182, 60
Trd, 8638436.332, 60
Trd, 8638437.032, 61
Trd, 8638437.532, 68
Trd, 8638437.782, 71
Trd, 8638439.132, 61
Trd, 8638439.532, 63
Trd, 8638439.582, 62
Trd, 8638440.332, 63
Trd, 8638440.782, 63
Trd, 8638440.932, 61
Trd, 8638442.132, 95
Trd, 8638442.482, 110
Trd, 8638443.032, 63
Trd, 8638443.582, 99
Trd, 8638444.082, 67
Trd, 8638444.132, 66
Trd, 8638445.232, 65
Trd, 8638446.282, 67
Trd, 8638447.082, 60
Trd, 8638447.482, 61
Trd, 8638447.632, 63
Trd, 8638449.482, 60
Trd, 8638450.982, 60
Trd, 8638451.632, 60
Trd, 8638451.832, 61
Trd, 8638451.932, 62
Trd, 8638452.932, 62
Trd, 8638453.182, 65
Trd, 8638453.282, 64
Trd, 8638454.082, 134
Trd, 8638454.782, 61
Trd, 8638455.282, 140
Trd, 8638456.082, 62
Trd, 8638456.932, 91
Trd, 8638457.282, 94
Trd, 8638458.232, 69
Trd, 8638458.382, 75
Trd, 8638458.982, 67
Trd, 8638459.032, 63
Trd, 8638459.432, 68
Trd, 8638461.182, 60
Trd, 8638461.832, 64
Trd, 8638461.882, 86
Trd, 8638462.882, 62
Trd, 8638463.232, 66
Trd, 8638464.582, 61
Trd, 8638465.732, 60
Trd, 8638466.482, 61
Trd, 8638466.682, 61
Trd, 8638467.082, 90
Trd, 8638467.182, 60
Trd, 8638468.432, 63
Trd, 8638469.432, 68
Trd, 8638469.582, 69
Trd, 8638469.682, 74
Trd, 8638470.082, 67
Trd, 8638470.482, 64
Trd, 8638471.632, 68
Trd, 8638471.982, 82
Trd, 8638472.332, 70
Trd, 8638474.032, 60
Trd, 8638474.232, 60
Trd, 8638475.032, 60
Trd, 8638475.232, 62
Trd, 8638475.432, 63
Trd, 8638476.032, 70
Trd, 8638477.132, 60
Trd, 8638477.382, 63
Trd, 8638477.582, 64
Trd, 8638478.132, 77
Trd, 8638478.432, 66
Trd, 8638479.482, 67
Trd, 8638479.882, 69
Trd, 8638481.332, 63
Trd, 8638481.482, 66
Trd, 8638481.832, 134
Trd, 8638482.632, 140
Trd, 8638482.982, 139
Trd, 8638483.932, 64
Trd, 8638485.182, 140
Trd, 8638485.332, 65
Trd, 8638485.882, 61
Trd, 8638486.382, 60
Trd, 8638486.632, 61
Trd, 8638487.632, 64
Trd, 8638488.032, 66
Trd, 8638488.332, 93
Trd, 8638489.382, 64
Trd, 8638490.132, 65
Trd, 8638490.382, 66
Trd, 8638490.982, 60
Trd, 8638494.082, 62
Trd, 8638494.282, 63
Trd, 8638494.732, 60
Trd, 8638495.632, 61
Trd, 8638496.432, 60
Trd, 8638497.132, 60
Trd, 8638497.832, 63
Trd, 8638498.082, 64
Trd, 8638499.282, 60
Trd, 8638500.632, 64
Trd, 8638501.482, 60
Trd, 8638502.132, 60
Trd, 8638502.532, 60
Trd, 8638502.632, 60
Trd, 8638502.782, 65
Trd, 8638504.082, 64
Trd, 8638504.382, 62
Trd, 8638504.782, 70
Trd, 8638504.982, 123
Trd, 8638506.182, 60
Trd, 8638506.632, 67
Trd, 8638507.782, 60
Trd, 8638507.832, 60
Trd, 8638508.682, 60
Trd, 8638509.432, 61
Trd, 8638509.832, 62
Trd, 8638510.232, 60
Trd, 8638511.882, 62
Trd, 8638512.782, 60
Trd, 8638512.982, 60
Trd, 8638513.132, 61
Trd, 8638514.382, 60
Trd, 8638514.482, 60
Trd, 8638514.632, 62
Trd, 8638515.432, 60
Trd, 8638515.732, 62
Trd, 8638516.582, 62
Trd, 8638517.482, 60
Trd, 8638518.032, 63
Trd, 8638518.782, 65
Trd, 8638519.432, 63
Trd, 8638520.232, 60
Trd, 8638520.932, 60
Trd, 8638521.732, 66
Trd, 8638522.182, 66
Trd, 8638522.882, 60
Trd, 8638523.032, 69
Trd, 8638524.082, 60
Trd, 8638524.182, 97
Trd, 8638524.682, 60
Trd, 8638526.482, 62
Trd, 8638527.482, 60
Trd, 8638527.782, 67
Trd, 8638528.082, 82
Trd, 8638528.232, 61
Trd, 8638529.632, 60
Trd, 8638529.782, 62
Trd, 8638530.782, 60
Trd, 8638531.882, 61
Trd, 8638532.332, 65
Trd, 8638533.232, 64
Trd, 8638534.132, 61
Trd, 8638535.732, 64
Trd, 8638536.632, 61
Trd, 8638536.882, 62
Trd, 8638537.482, 60
Trd, 8638537.882, 63
Trd, 8638538.282, 86
Trd, 8638538.582, 61
Trd, 8638539.832, 62
Trd, 8638540.332, 60
Trd, 8638540.932, 61
Trd, 8638541.582, 67
Trd, 8638542.532, 80
Trd, 8638543.182, 140
Trd, 8638543.682, 140
Trd, 8638544.332, 95
Trd, 8638544.432, 69
Trd, 8638545.082, 90
Trd, 8638545.632, 66
Trd, 8638545.932, 70
Trd, 8638546.032, 128
Trd, 8638547.782, 140
Trd, 8638549.332, 140
Trd, 8638549.382, 140
Trd, 8638550.332, 138
Trd, 8638550.532, 66
Trd, 8638551.332, 120
Trd, 8638551.382, 117
Trd, 8638552.132, 140
Trd, 8638552.432, 92
Trd, 8638553.882, 124
Trd, 8638554.232, 107
Trd, 8638554.682, 72
Trd, 8638555.482, 72
Trd, 8638555.682, 96
Trd, 8638556.982, 140
Trd, 8638557.032, 139
Trd, 8638557.832, 70
Trd, 8638558.582, 67
Trd, 8638559.432, 62
Trd, 8638560.032, 64
Trd, 8638561.182, 60
Trd, 8638561.332, 60
Trd, 8638561.532, 63
Trd, 8638562.732, 62
Trd, 8638563.582, 63
Trd, 8638563.932, 69
Trd, 8638564.332, 65
Trd, 8638564.582, 65
Trd, 8638564.832, 64
Trd, 8638565.582, 66
Trd, 8638567.882, 61
Trd, 8638568.182, 62
Trd, 8638568.582, 60
Trd, 8638569.232, 62
Trd, 8638570.232, 61
Trd, 8638570.732, 63
Trd, 8638571.432, 61
Trd, 8638571.632, 62
Trd, 8638571.832, 64
Trd, 8638572.332, 62
Trd, 8638572.882, 120
Trd, 8638573.732, 67
Trd, 8638574.732, 60
Trd, 8638575.082, 60
Trd, 8638575.432, 60
Trd, 8638576.032, 62
Trd, 8638576.532, 62
Trd, 8638576.582, 79
Trd, 8638577.482, 70
Trd, 8638577.682, 71
Trd, 8638577.982, 96
Trd, 8638579.182, 62
Trd, 8638579.432, 63
Trd, 8638581.032, 60
Trd, 8638581.232, 60
Trd, 8638582.482, 60
Trd, 8638583.882, 61
Trd, 8638584.132, 65
Trd, 8638586.982, 60
Trd, 8638587.582, 61
Trd, 8638587.732, 62
Trd, 8638588.082, 66
Trd, 8638588.432, 60
Trd, 8638588.732, 60
Trd, 8638588.782, 63
Trd, 8638590.332, 62
Trd, 8638590.582, 63
Trd, 8638592.232, 60
Trd, 8638592.532, 61
Trd, 8638593.632, 71
Trd, 8638594.482, 74
Trd, 8638594.832, 75
Trd, 8638595.382, 61
Trd, 8638595.582, 74
Trd, 8638596.482, 69
Trd, 8638596.932, 67
Trd, 8638597.482, 69
Trd, 8638597.632, 62
Trd, 8638598.532, 65
Trd, 8638599.032, 64
Trd, 8638601.432, 61
Trd, 8638601.532, 63
Trd, 8638602.032, 62
Trd, 8638602.082, 65
Trd, 8638602.682, 66
Trd, 8638603.082, 61
Trd, 8638603.332, 61
Trd, 8638604.282, 64
Trd, 8638605.032, 69
Trd, 8638605.582, 91
Trd, 8638605.882, 62
Trd, 8638607.582, 67
Trd, 8638607.632, 87
Trd, 8638608.232, 140
Trd, 8638608.782, 139
Trd, 8638608.832, 100
Trd, 8638609.932, 87
Trd, 8638611.232, 62
Trd, 8638611.382, 66
Trd, 8638611.882, 61
Trd, 8638614.982, 60
Trd, 8638615.882, 61
Trd, 8638616.532, 61
Trd, 8638616.932, 62
Trd, 8638617.382, 63
Trd, 8638617.782, 60
Trd, 8638617.982, 60
Trd, 8638618.082, 60
Trd, 8638618.782, 90
Trd, 8638619.282, 60
Trd, 8638619.582, 140
Trd, 8638619.882, 140
Trd, 8638621.282, 60
Trd, 8638621.732, 61
Trd, 8638621.882, 70
Trd, 8638622.332, 77
Trd, 8638623.182, 82
Trd, 8638623.532, 63
Trd, 8638623.932, 61
Trd, 8638624.532, 62
Trd, 8638625.082, 60
Trd, 8638625.182, 63
Trd, 8638625.732, 75
Trd, 8638626.532, 64
Trd, 8638627.282, 60
Trd, 8638627.382, 63
Trd, 8638627.582, 89
Trd, 8638629.682, 140
Trd, 8638630.782, 140
Trd, 8638631.382, 140
Trd, 8638631.632, 140
Trd, 8638631.682, 140
Trd, 8638631.982, 140
Trd, 8638632.632, 139
Trd, 8638632.782, 115
Trd, 8638633.232, 114
Trd, 8638633.282, 100
Trd, 8638634.532, 63
Trd, 8638634.582, 91
Trd, 8638635.632, 95
Trd, 8638636.982, 140
Trd, 8638637.282, 140
Trd, 8638637.582, 139
Trd, 8638637.632, 94
Trd, 8638638.182, 139
Trd, 8638638.932, 61
Trd, 8638638.982, 62
Trd, 8638639.882, 67
Trd, 8638641.482, 110
Trd, 8638642.182, 139
Trd, 8638642.832, 134
Trd, 8638643.032, 133
Trd, 8638644.132, 130
Trd, 8638644.682, 128
Trd, 8638645.682, 131
Trd, 8638646.032, 135
Trd, 8638646.082, 131
Trd, 8638646.182, 130
Trd, 8638647.482, 140
Trd, 8638648.082, 139
Trd, 8638649.332, 140
Trd, 8638649.582, 121
Trd, 8638650.582, 94
Trd, 8638651.532, 95
Trd, 8638651.832, 121
Trd, 8638651.932, 107
Trd, 8638652.632, 97
Trd, 8638653.532, 140
Trd, 8638653.782, 139
Trd, 8638654.082, 61
Trd, 8638654.732, 112
Trd, 8638655.132, 113
Trd, 8638655.982, 60
Trd, 8638656.132, 62
Trd, 8638657.532, 60
Trd, 8638658.482, 60
Trd, 8638659.082, 60
Trd, 8638659.282, 60
Trd, 8638659.632, 60
Trd, 8638659.982, 61
Trd, 8638660.232, 63
Trd, 8638660.282, 62
Trd, 8638660.782, 76
Trd, 8638661.232, 66
Trd, 8638661.832, 62
Trd, 8638662.732, 69
Trd, 8638663.582, 87
Trd, 8638665.232, 75
Trd, 8638666.732, 62
Trd, 8638667.032, 64
Trd, 8638667.532, 61
Trd, 8638667.582, 65
Trd, 8638667.632, 72
Trd, 8638668.132, 67
Trd, 8638669.332, 60
Trd, 8638670.682, 62
Trd, 8638671.732, 62
Trd, 8638672.532, 60
Trd, 8638672.582, 60
Trd, 8638672.882, 61
Trd, 8638673.032, 66
Trd, 8638674.132, 69
Trd, 8638674.232, 95
Trd, 8638674.332, 120
Trd, 8638675.382, 140
Trd, 8638675.532, 78
Trd, 8638676.882, 67
Trd, 8638677.682, 61
Trd, 8638678.232, 61
Trd, 8638678.632, 61
Trd, 8638678.932, 62
Trd, 8638679.282, 68
Trd, 8638679.482, 62
Trd, 8638681.632, 60
Trd, 8638682.432, 60
Trd, 8638682.532, 60
Trd, 8638682.732, 63
Trd, 8638682.932, 63
Trd, 8638683.582, 63
Trd, 8638684.832, 61
Trd, 8638685.532, 66
Trd, 8638685.582, 65
Trd, 8638686.132, 64
Trd, 8638686.382, 62
Trd, 8638688.382, 65
Trd, 8638688.832, 72
Trd, 8638689.082, 61
Trd, 8638690.432, 66
Trd, 8638691.032, 138
Trd, 8638691.132, 70
Trd, 8638691.732, 68
Trd, 8638693.632, 60
Trd, 8638693.832, 60
Trd, 8638693.982, 61
Trd, 8638694.482, 140
Trd, 8638694.582, 140
Trd, 8638694.682, 135
Trd, 8638695.382, 139
Trd, 8638696.982, 61
Trd, 8638697.432, 61
Trd, 8638698.182, 73
Trd, 8638698.832, 62
Trd, 8638700.982, 140
Trd, 8638701.282, 140
Trd, 8638701.532, 140
Trd, 8638701.732, 137
Trd, 8638701.832, 136
Trd, 8638702.132, 118
Trd, 8638704.282, 140
Trd, 8638704.482, 140
Trd, 8638705.632, 62
Trd, 8638705.982, 62
Trd, 8638706.282, 63
Trd, 8638706.432, 69
Trd, 8638706.682, 70
Trd, 8638707.082, 91
Trd, 8638708.532, 138
Trd, 8638709.382, 69
Trd, 8638709.632, 137
Trd, 8638711.682, 61
Trd, 8638712.232, 60
Trd, 8638713.032, 62
Trd, 8638713.182, 67
Trd, 8638713.682, 68
Trd, 8638714.132, 139
Trd, 8638715.682, 60
Trd, 8638716.332, 61
Trd, 8638716.482, 61
Trd, 8638717.982, 60
Trd, 8638718.532, 60
Trd, 8638718.782, 60
Trd, 8638720.432, 60
Trd, 8638720.732, 61
Trd, 8638721.432, 66
Trd, 8638721.832, 69
Trd, 8638721.982, 72
Trd, 8638724.032, 60
Trd, 8638724.232, 61
Trd, 8638724.732, 60
Trd, 8638725.932, 60
Trd, 8638726.632, 60
Trd, 8638727.132, 60
Trd, 8638727.582, 60
Trd, 8638727.632, 64
Trd, 8638729.082, 60
Trd, 8638729.532, 61
Trd, 8638730.732, 61
Trd, 8638730.982, 62
Trd, 8638731.232, 65
Trd, 8638733.282, 62
Trd, 8638733.982, 60
Trd, 8638734.682, 60
Trd, 8638735.032, 60
Trd, 8638736.132, 67
Trd, 8638736.782, 67
Trd, 8638737.682, 61
Trd, 8638739.732, 60
Trd, 8638739.832, 61
Trd, 8638740.382, 60
Trd, 8638740.982, 76
Trd, 8638741.032, 77
Trd, 8638741.382, 62
Trd, 8638742.582, 60
Trd, 8638743.682, 60
Trd, 8638744.682, 60
Trd, 8638746.682, 66
Trd, 8638747.132, 60
Trd, 8638747.982, 62
Trd, 8638748.332, 61
Trd, 8638748.832, 63
Trd, 8638749.232, 64
Trd, 8638749.332, 64
Trd, 8638749.732, 83
Trd, 8638750.032, 84
Trd, 8638750.282, 140
Trd, 8638750.582, 62
Trd, 8638751.282, 71
Trd, 8638752.532, 72
Trd, 8638752.982, 76
Trd, 8638753.332, 74
Trd, 8638754.832, 115
Trd, 8638755.432, 65
Trd, 8638757.182, 62
Trd, 8638757.732, 64
Trd, 8638758.032, 67
Trd, 8638758.582, 64
Trd, 8638759.132, 72
Trd, 8638759.832, 71
Trd, 8638761.532, 60
Trd, 8638761.982, 61
Trd, 8638762.632, 61
Trd, 8638762.882, 62
Trd, 8638763.132, 63
Trd, 8638763.832, 66
Trd, 8638766.132, 61
Trd, 8638766.232, 63
Trd, 8638766.932, 61
Trd, 8638767.582, 94
Trd, 8638767.782, 119
Trd, 8638767.882, 60
Trd, 8638768.182, 67
Trd, 8638768.982, 60
Trd, 8638769.632, 63
Trd, 8638769.682, 65
Trd, 8638770.982, 60
Trd, 8638771.332, 70
Trd, 8638772.432, 88
Trd, 8638773.082, 64
Trd, 8638774.832, 64
Trd, 8638775.682, 61
Trd, 8638776.532, 61
Trd, 8638776.732, 65
Trd, 8638776.932, 63
Trd, 8638777.132, 65
Trd, 8638777.732, 65
Trd, 8638778.532, 62
Trd, 8638778.832, 60
Trd, 8638779.132, 62
Trd, 8638779.232, 89
Trd, 8638779.932, 62
Trd, 8638782.232, 61
Trd, 8638783.182, 61
Trd, 8638783.432, 63
Trd, 8638784.232, 62
Trd, 8638784.532, 65
Trd, 8638784.932, 61
Trd, 8638785.532, 60
Trd, 8638785.582, 103
Trd, 8638786.382, 140
Trd, 8638787.482, 61
Trd, 8638787.882, 63
Trd, 8638789.182, 61
Trd, 8638789.982, 61
Trd, 8638790.182, 62
Trd, 8638790.732, 73
Trd, 8638790.982, 114
Trd, 8638791.482, 65
Trd, 8638791.882, 63
Trd, 8638792.782, 140
Trd, 8638793.082, 140
Trd, 8638793.482, 140
Trd, 8638793.982, 138
Trd, 8638794.432, 138
Trd, 8638795.032, 123
Trd, 8638795.582, 140
Trd, 8638796.782, 121
Trd, 8638797.132, 96
Trd, 8638797.832, 139
Trd, 8638798.132, 65
Trd, 8638798.932, 139
Trd, 8638800.282, 61
Trd, 8638800.882, 137
Trd, 8638801.932, 137
Trd, 8638802.332, 117
Trd, 8638803.732, 139
Trd, 8638803.932, 138
Trd, 8638805.082, 61
Trd, 8638805.532, 97
Trd, 8638806.032, 140
Trd, 8638806.632, 63
Trd, 8638806.882, 61
Trd, 8638807.332, 138
Trd, 8638809.382, 60
Trd, 8638810.782, 60
Trd, 8638810.832, 60
Trd, 8638811.282, 60
Trd, 8638811.582, 60
Trd, 8638812.432, 60
Trd, 8638812.632, 60
Trd, 8638813.282, 60
Trd, 8638813.732, 63
Trd, 8638814.582, 66
Trd, 8638814.982, 61
Trd, 8638817.832, 66
Trd, 8638819.332, 60
Trd, 8638819.432, 60
Trd, 8638819.482, 60
Trd, 8638820.132, 61
Trd, 8638820.482, 61
Trd, 8638821.632, 60
Trd, 8638821.882, 60
Trd, 8638822.932, 61
Trd, 8638823.582, 61
Trd, 8638823.632, 61
Trd, 8638824.432, 60
Trd, 8638826.482, 60
Trd, 8638826.932, 69
Trd, 8638827.132, 66
Trd, 8638828.732, 60
Trd, 8638829.732, 60
Trd, 8638830.182, 61
Trd, 8638830.582, 90
Trd, 8638830.732, 65
Trd, 8638831.682, 60
Trd, 8638831.832, 60
Trd, 8638832.182, 64
Trd, 8638832.482, 61
Trd, 8638832.782, 61
Trd, 8638832.982, 63
Trd, 8638833.882, 61
Trd, 8638834.232, 62
Trd, 8638834.482, 79
Trd, 8638835.082, 112
Trd, 8638836.232, 67
Trd, 8638836.632, 62
Trd, 8638837.382, 65
Trd, 8638838.882, 60
Trd, 8638839.582, 61
Trd, 8638839.632, 61
Trd, 8638839.882, 65
Trd, 8638840.682, 67
Trd, 8638841.282, 86
Trd, 8638841.332, 84
Trd, 8638843.082, 140
Trd, 8638843.482, 140
Trd, 8638844.182, 139
Trd, 8638844.482, 119
Trd, 8638844.732, 62
Trd, 8638845.482, 61
Trd, 8638846.982, 61
Trd, 8638847.832, 61
Trd, 8638848.032, 62
Trd, 8638849.832, 62
Trd, 8638851.832, 60
Trd, 8638852.132, 61
Trd, 8638853.432, 60
Trd, 8638853.932, 61
Trd, 8638854.282, 61
Trd, 8638854.832, 65
Trd, 8638855.232, 65
Trd, 8638855.682, 70
Trd, 8638856.282, 88
Trd, 8638856.382, 87
Trd, 8638857.332, 66
Trd, 8638857.582, 62
Trd, 8638858.132, 63
Trd, 8638858.332, 130
Trd, 8638858.482, 81
Trd, 8638859.132, 60
Trd, 8638859.732, 60
Trd, 8638860.282, 62
Trd, 8638861.132, 67
Trd, 8638862.932, 64
Trd, 8638863.182, 63
Trd, 8638863.432, 65
Trd, 8638863.482, 70
Trd, 8638865.532, 60
Trd, 8638867.032, 60
Trd, 8638867.382, 61
Trd, 8638867.582, 63
Trd, 8638867.882, 63
Trd, 8638868.432, 64
Trd, 8638869.232, 60
Trd, 8638869.532, 60
Trd, 8638869.732, 61
Trd, 8638870.482, 62
Trd, 8638870.732, 67
Trd, 8638870.982, 69
Trd, 8638871.782, 105
Trd, 8638872.932, 98
Trd, 8638873.182, 96
Trd, 8638874.032, 126
Trd, 8638874.482, 73
Trd, 8638874.782, 64
Trd, 8638875.632, 139
Trd, 8638875.832, 138
Trd, 8638876.132, 123
Trd, 8638876.732, 65
Trd, 8638876.932, 140
Trd, 8638877.382, 65
Trd, 8638878.882, 102
Trd, 8638880.682, 136
Trd, 8638880.782, 99
Trd, 8638881.232, 98
Trd, 8638881.882, 97
Trd, 8638881.932, 72
Trd, 8638882.332, 140
Trd, 8638883.082, 114
Trd, 8638884.382, 77
Trd, 8638886.232, 140
Trd, 8638886.582, 140
Trd, 8638886.732, 140
Trd, 8638887.882, 140
Trd, 8638888.282, 61
Trd, 8638889.082, 83
Trd, 8638889.582, 140
Trd, 8638889.732, 94
Trd, 8638890.132, 78
Trd, 8638891.232, 138
Trd, 8638891.882, 75
Trd, 8638892.882, 140
Trd, 8638893.132, 139
Trd, 8638893.332, 101
Trd, 8638893.832, 140
Trd, 8638894.882, 109
Trd, 8638896.482, 67
Trd, 8638896.532, 66
Trd, 8638897.782, 140
Trd, 8638898.632, 101
Trd, 8638899.232, 139
Trd, 8638899.382, 99
Trd, 8638900.882, 139
Trd, 8638901.582, 140
Trd, 8638902.232, 140
Trd, 8638902.282, 138
Trd, 8638902.632, 62
Trd, 8638903.032, 63
Trd, 8638903.132, 64
Trd, 8638903.532, 64
Trd, 8638903.932, 139
Trd, 8638905.332, 140
Trd, 8638905.732, 139
Trd, 8638906.132, 138
Trd, 8638907.282, 78
Trd, 8638907.782, 81
Trd, 8638908.332, 78
Trd, 8638909.082, 76
Trd, 8638910.032, 120
Trd, 8638910.132, 114
Trd, 8638910.832, 73
Trd, 8638911.532, 140
Trd, 8638912.632, 139
Trd, 8638913.282, 111
Trd, 8638913.432, 110
Trd, 8638913.582, 92
Trd, 8638914.932, 140
Trd, 8638915.832, 140
Trd, 8638915.982, 139
Trd, 8638916.832, 140
Trd, 8638918.382, 139
Trd, 8638919.632, 140
Trd, 8638920.182, 140
Trd, 8638920.232, 140
Trd, 8638920.432, 140
Trd, 8638920.682, 93
Trd, 8638921.232, 62
Trd, 8638922.032, 65
Trd, 8638922.332, 139
Trd, 8638922.782, 138
Trd, 8638923.382, 139
Trd, 8638923.532, 137
Trd, 8638925.082, 134
Trd, 8638926.132, 105
Trd, 8638926.382, 103
Trd, 8638926.982, 139
Trd, 8638927.832, 65
Trd, 8638928.432, 72
Trd, 8638928.582, 118
Trd, 8638929.782, 60
Trd, 8638930.232, 61
Trd, 8638930.382, 62
Trd, 8638931.332, 63
Trd, 8638931.382, 63
Trd, 8638931.832, 63
Trd, 8638933.082, 85
Trd, 8638933.182, 117
Trd, 8638933.532, 63
Trd, 8638934.732, 64
Trd, 8638935.182, 64
Trd, 8638935.782, 63
Trd, 8638936.082, 94
Trd, 8638936.482, 65
Trd, 8638937.582, 138
Trd, 8638938.632, 140
Trd, 8638939.282, 79
Trd, 8638940.732, 117
Trd, 8638940.832, 127
Trd, 8638940.982, 101
Trd, 8638941.682, 61
Trd, 8638941.782, 67
Trd, 8638941.932, 70
Trd, 8638942.232, 61
Trd, 8638943.832, 60
Trd, 8638944.082, 60
Trd, 8638944.432, 60
Trd, 8638945.332, 63
Trd, 8638945.982, 64
Trd, 8638947.232, 60
Trd, 8638947.982, 60
Trd, 8638949.232, 64
Trd, 8638950.282, 61
Trd, 8638951.082, 66
Trd, 8638951.182, 68
Trd, 8638952.082, 60
Trd, 8638952.482, 60
Trd, 8638952.582, 61
Trd, 8638953.632, 67
Trd, 8638954.982, 61
Trd, 8638955.732, 62
Trd, 8638956.132, 66
Trd, 8638957.232, 60
Trd, 8638957.782, 60
Trd, 8638957.982, 61
Trd, 8638958.682, 136
Trd, 8638959.432, 140
Trd, 8638960.182, 140
Trd, 8638960.332, 137
Trd, 8638960.732, 64
Trd, 8638960.982, 65
Trd, 8638961.482, 140
Trd, 8638962.132, 140
Trd, 8638962.332, 104
Trd, 8638963.532, 67
Trd, 8638964.382, 68
Trd, 8638964.832, 67
Trd, 8638965.282, 68
Trd, 8638966.382, 69
Trd, 8638966.482, 72
Trd, 8638966.582, 68
Trd, 8638967.482, 140
Trd, 8638967.832, 140
Trd, 8638968.232, 65
Trd, 8638970.532, 60
Trd, 8638970.582, 61
Trd, 8638971.532, 60
Trd, 8638971.632, 63
Trd, 8638971.782, 64
Trd, 8638972.182, 69
Trd, 8638972.382, 63
Trd, 8638972.982, 61
Trd, 8638975.732, 60
Trd, 8638976.482, 61
Trd, 8638977.632, 64
Trd, 8638979.532, 60
Trd, 8638980.382, 60
Trd, 8638980.732, 61
Trd, 8638980.882, 61
Trd, 8638980.982, 63
Trd, 8638981.232, 97
Trd, 8638981.982, 129
Trd, 8638982.582, 65
Trd, 8638982.832, 66
Trd, 8638983.082, 66
Trd, 8638983.532, 135
Trd, 8638983.632, 107
Trd, 8638984.532, 60
Trd, 8638986.132, 60
Trd, 8638986.582, 63
Trd, 8638987.282, 60
Trd, 8638987.332, 61
Trd, 8638988.282, 60
Trd, 8638988.982, 65
Trd, 8638989.632, 64
Trd, 8638989.682, 65
Trd, 8638992.782, 60
Trd, 8638992.982, 60
Trd, 8638993.082, 60
Trd, 8638993.832, 73
Trd, 8638994.132, 67
Trd, 8638994.832, 60
Trd, 8638995.932, 60
Trd, 8638996.482, 60
Trd, 8638996.682, 61
Trd, 8638997.982, 61
Trd, 8638998.032, 62
Trd, 8638998.382, 63
Trd, 8638999.582, 66
Trd, 8639000.582, 63
Trd, 8639000.832, 67
Trd, 8639001.482, 92
Trd, 8639002.382, 62
Trd, 8639002.932, 131
Trd, 8639003.382, 70
Trd, 8639003.832, 63
Trd, 8639004.532, 139
Trd, 8639004.982, 138
Trd, 8639005.332, 125
Trd, 8639006.532, 136
Trd, 8639007.832, 135
Trd, 8639008.282, 125
Trd, 8639009.432, 140
Trd, 8639009.482, 140
Trd, 8639009.832, 140
Trd, 8639010.832, 140
Trd, 8639011.232, 138
Trd, 8639011.682, 119
Trd, 8639011.932, 118
Trd, 8639012.432, 87
Trd, 8639013.632, 137
Trd, 8639015.482, 106
Trd, 8639015.832, 140
Trd, 8639015.932, 105
Trd, 8639016.782, 139
Trd, 8639016.982, 79
Trd, 8639017.932, 140
Trd, 8639017.982, 73
Trd, 8639018.782, 65
Trd, 8639020.332, 60
Trd, 8639020.432, 66
Trd, 8639021.132, 61
Trd, 8639021.732, 61
Trd, 8639022.782, 65
Trd, 8639023.732, 60
Trd, 8639024.282, 62
Trd, 8639025.382, 60
Trd, 8639025.482, 60
Trd, 8639025.732, 61
Trd, 8639026.332, 61
Trd, 8639026.532, 77
Trd, 8639026.732, 60
Trd, 8639028.532, 73
Trd, 8639029.932, 60
Trd, 8639030.232, 64
Trd, 8639030.782, 63
Trd, 8639030.932, 60
Trd, 8639031.282, 61
Trd, 8639033.332, 63
Trd, 8639033.732, 60
Trd, 8639033.932, 102
Trd, 8639034.232, 61
Trd, 8639035.132, 63
Trd, 8639035.282, 64
Trd, 8639035.882, 71
Trd, 8639036.682, 67
Trd, 8639037.982, 61
Trd, 8639038.182, 60
Trd, 8639039.882, 63
Trd, 8639040.032, 67
Trd, 8639040.282, 73
Trd, 8639040.482, 66
Trd, 8639040.782, 62
Trd, 8639040.832, 90
Trd, 8639042.432, 60
Trd, 8639043.782, 60
Trd, 8639043.932, 60
Trd, 8639044.332, 62
Trd, 8639047.082, 60
Trd, 8639047.232, 61
Trd, 8639047.932, 66
Trd, 8639048.182, 65
Trd, 8639048.432, 84
Trd, 8639049.182, 74
Trd, 8639049.932, 64
Trd, 8639050.182, 63
Trd, 8639050.532, 61
Trd, 8639050.782, 67
Trd, 8639052.132, 60
Trd, 8639054.132, 60
Trd, 8639054.182, 64
Trd, 8639054.582, 65
Trd, 8639056.482, 60
Trd, 8639057.532, 62
Trd, 8639058.032, 60
Trd, 8639058.332, 64
Trd, 8639058.882, 63
Trd, 8639059.032, 62
Trd, 8639059.532, 61
Trd, 8639061.632, 61
Trd, 8639062.832, 60
Trd, 8639063.532, 60
Trd, 8639064.682, 60
Trd, 8639065.082, 60
Trd, 8639065.782, 60
Trd, 8639066.732, 60
Trd, 8639066.932, 60
Trd, 8639067.882, 63
Trd, 8639068.082, 61
Trd, 8639068.632, 60
Trd, 8639068.982, 61
Trd, 8639070.082, 61
Trd, 8639070.382, 66
Trd, 8639070.732, 68
Trd, 8639071.932, 60
Trd, 8639072.832, 61
Trd, 8639073.632, 76
Trd, 8639074.182, 103
Trd, 8639074.382, 126
Trd, 8639074.932, 66
Trd, 8639075.832, 69
Trd, 8639075.932, 63
Trd, 8639076.432, 140
Trd, 8639076.582, 139
Trd, 8639076.982, 99
Trd, 8639077.932, 65
Trd, 8639079.882, 140
Trd, 8639080.182, 140
Trd, 8639080.982, 140
Trd, 8639081.282, 140
Trd, 8639081.382, 122
Trd, 8639082.632, 140
Trd, 8639082.932, 140
Trd, 8639083.432, 140
Trd, 8639084.482, 140
Trd, 8639085.432, 139
Trd, 8639086.232, 103
Trd, 8639086.432, 102
Trd, 8639087.932, 140
Trd, 8639088.432, 140
Trd, 8639088.782, 140
Trd, 8639089.182, 78
Trd, 8639089.832, 86
Trd, 8639090.632, 79
Trd, 8639090.732, 76
Trd, 8639091.032, 133
Trd, 8639092.232, 114
Trd, 8639092.482, 60
Trd, 8639093.832, 60
Trd, 8639094.732, 60
Trd, 8639095.582, 60
Trd, 8639096.032, 65
Trd, 8639097.482, 67
Trd, 8639097.782, 69
Trd, 8639098.232, 61
Trd, 8639098.482, 65
Trd, 8639099.232, 102
Trd, 8639099.882, 60
Trd, 8639100.632, 61
Trd, 8639100.732, 65
Trd, 8639101.082, 128
Trd, 8639101.982, 140
Trd, 8639102.382, 140
Trd, 8639103.232, 140
Trd, 8639103.632, 60
Trd, 8639104.182, 139
Trd, 8639107.232, 60
Trd, 8639107.282, 60
Trd, 8639107.382, 61
Trd, 8639108.082, 60
Trd, 8639108.232, 67
Trd, 8639108.332, 85
Trd, 8639108.782, 83
Trd, 8639109.282, 60
Trd, 8639110.232, 61
Trd, 8639110.732, 90
Trd, 8639112.982, 60
Trd, 8639113.232, 60
Trd, 8639114.232, 60
Trd, 8639114.382, 61
Trd, 8639114.982, 62
Trd, 8639116.282, 60
Trd, 8639116.932, 64
Trd, 8639117.682, 64
Trd, 8639118.232, 60
Trd, 8639118.782, 64
Trd, 8639119.082, 67
Trd, 8639119.782, 63
Trd, 8639120.482, 66
Trd, 8639121.082, 60
Trd, 8639123.382, 60
Trd, 8639124.232, 60
Trd, 8639125.032, 60
Trd, 8639125.532, 62
Trd, 8639125.932, 62
Trd, 8639126.332, 62
Trd, 8639127.232, 63
Trd, 8639127.482, 62
Trd, 8639128.182, 60
Trd, 8639128.782, 60
Trd, 8639129.132, 68
Trd, 8639130.232, 62
Trd, 8639130.732, 61
Trd, 8639131.282, 61
Trd, 8639132.282, 60
Trd, 8639132.632, 62
Trd, 8639132.882, 68
Trd, 8639134.532, 61
Trd, 8639134.832, 70
Trd, 8639135.182, 70
Trd, 8639135.682, 71
Trd, 8639136.832, 62
Trd, 8639137.582, 60
Trd, 8639138.232, 62
Trd, 8639138.532, 63
Trd, 8639138.682, 62
Trd, 8639139.982, 62
Trd, 8639140.482, 61
Trd, 8639140.932, 63
Trd, 8639141.632, 61
Trd, 8639142.032, 64
Trd, 8639143.232, 60
Trd, 8639143.982, 89
Trd, 8639144.332, 92
Trd, 8639144.432, 92
Trd, 8639145.032, 121
Trd, 8639145.482, 119
Trd, 8639146.632, 62
Trd, 8639147.682, 63
Trd, 8639147.932, 62
Trd, 8639148.432, 64
Trd, 8639149.332, 62
Trd, 8639149.582, 64
Trd, 8639151.432, 61
Trd, 8639151.532, 63
Trd, 8639152.232, 60
Trd, 8639152.532, 61
Trd, 8639153.782, 65
Trd, 8639153.832, 68
Trd, 8639153.882, 64
Trd, 8639155.082, 139
Trd, 8639155.532, 133
Trd, 8639155.582, 89
Trd, 8639156.032, 62
Trd, 8639156.232, 64
Trd, 8639157.232, 81
Trd, 8639158.282, 68
Trd, 8639159.632, 140
Trd, 8639160.032, 140
Trd, 8639160.382, 140
Trd, 8639161.682, 139
Trd, 8639162.382, 138
Trd, 8639162.982, 131
Trd, 8639163.382, 116
Trd, 8639163.682, 62
Trd, 8639164.932, 60
Trd, 8639165.132, 60
Trd, 8639165.682, 60
Trd, 8639165.832, 64
Trd, 8639166.932, 62
Trd, 8639167.582, 62
Trd, 8639168.132, 64
Trd, 8639168.932, 63
Trd, 8639169.382, 65
Trd, 8639170.882, 60
Trd, 8639171.032, 64
Trd, 8639171.082, 78
Trd, 8639172.232, 64
Trd, 8639172.632, 64
Trd, 8639173.232, 60
Trd, 8639173.932, 67
Trd, 8639174.032, 79
Trd, 8639174.132, 73
Trd, 8639174.732, 116
Trd, 8639176.132, 62
Trd, 8639177.832, 60
Trd, 8639178.482, 61
Trd, 8639178.982, 60
Trd, 8639179.232, 61
Trd, 8639179.432, 63
Trd, 8639179.632, 90
Trd, 8639180.382, 64
Trd, 8639180.482, 64
Trd, 8639181.032, 140
Trd, 8639182.532, 64
Trd, 8639183.732, 61
Trd, 8639183.982, 61
Trd, 8639185.282, 60
Trd, 8639185.582, 61
Trd, 8639186.632, 60
Trd, 8639188.082, 60
Trd, 8639188.232, 61
Trd, 8639188.632, 60
Trd, 8639189.082, 61
Trd, 8639189.682, 68
Trd, 8639189.982, 82
Trd, 8639190.182, 94
Trd, 8639192.682, 62
Trd, 8639193.232, 60
Trd, 8639193.832, 63
Trd, 8639193.932, 61
Trd, 8639194.982, 63
Trd, 8639196.082, 60
Trd, 8639196.732, 60
Trd, 8639197.182, 60
Trd, 8639197.682, 60
Trd, 8639197.782, 60
Trd, 8639198.332, 60
Trd, 8639198.832, 62
Trd, 8639199.632, 64
Trd, 8639199.882, 66
Trd, 8639200.432, 140
Trd, 8639200.832, 139
Trd, 8639200.932, 62
Trd, 8639201.832, 61
Trd, 8639203.282, 64
Trd, 8639203.332, 65
Trd, 8639204.732, 60
Trd, 8639204.832, 62
Trd, 8639205.382, 79
Trd, 8639205.432, 105
Trd, 8639205.582, 65
Trd, 8639206.682, 63
Trd, 8639206.832, 65
Trd, 8639207.982, 61
Trd, 8639208.182, 67
Trd, 8639209.032, 139
Trd, 8639209.932, 138
Trd, 8639211.032, 95
Trd, 8639211.882, 65
Trd, 8639212.332, 65
Trd, 8639212.632, 93
Trd, 8639213.032, 94
Trd, 8639215.682, 60
Trd, 8639216.532, 61
Trd, 8639216.782, 62
Trd, 8639217.182, 63
Trd, 8639217.882, 61
Trd, 8639217.932, 62
Trd, 8639218.032, 64
Trd, 8639218.232, 117
Trd, 8639219.132, 69
Trd, 8639219.432, 98
Trd, 8639220.082, 67
Trd, 8639222.732, 60
Trd, 8639222.882, 60
Trd, 8639223.232, 62
Trd, 8639223.332, 75
Trd, 8639225.482, 61
Trd, 8639226.532, 61
Trd, 8639227.582, 60
Trd, 8639227.732, 60
Trd, 8639228.582, 61
Trd, 8639228.982, 61
Trd, 8639230.132, 62
Trd, 8639231.332, 60
Trd, 8639231.432, 63
Trd, 8639231.482, 61
Trd, 8639231.832, 63
Trd, 8639232.432, 62
Trd, 8639233.132, 60
Trd, 8639233.232, 88
Trd, 8639233.782, 73
Trd, 8639234.282, 68
Trd, 8639234.532, 140
Trd, 8639236.782, 140
Trd, 8639237.082, 140
Trd, 8639237.332, 140
Trd, 8639237.482, 140
Trd, 8639238.732, 132
Trd, 8639239.382, 68
Trd, 8639239.632, 128
Trd, 8639240.182, 138
Trd, 8639240.982, 140
Trd, 8639241.982, 60
Trd, 8639243.332, 60
Trd, 8639243.532, 62
Trd, 8639243.632, 111
Trd, 8639245.082, 61
Trd, 8639245.182, 65
Trd, 8639245.432, 60
Trd, 8639246.382, 119
Trd, 8639246.932, 140
Trd, 8639247.082, 81
Trd, 8639247.332, 100
Trd, 8639247.632, 82
Trd, 8639247.882, 78
Trd, 8639248.332, 102
Trd, 8639250.382, 64
Trd, 8639251.182, 65
Trd, 8639251.632, 62
Trd, 8639252.382, 62
Trd, 8639253.082, 64
Trd, 8639253.282, 66
Trd, 8639253.332, 70
Trd, 8639254.632, 62
Trd, 8639255.182, 65
Trd, 8639256.732, 60
Trd, 8639257.132, 63
Trd, 8639257.632, 60
Trd, 8639258.482, 63
Trd, 8639259.332, 68
Trd, 8639259.982, 73
Trd, 8639260.382, 63
Trd, 8639261.132, 71
Trd, 8639261.632, 66
Trd, 8639261.732, 126
Trd, 8639262.132, 82
Trd, 8639263.782, 60
Trd, 8639264.482, 64
Trd, 8639265.082, 64
Trd, 8639265.182, 65
Trd, 8639265.232, 92
Trd, 8639266.382, 63
Trd, 8639266.732, 64
Trd, 8639267.832, 60
Trd, 8639269.982, 67
Trd, 8639270.682, 61
Trd, 8639270.982, 67
Trd, 8639271.732, 60
Trd, 8639272.482, 60
Trd, 8639273.832, 66
Trd, 8639274.182, 60
Trd, 8639274.232, 95
Trd, 8639274.482, 90
Trd, 8639274.932, 140
Trd, 8639275.232, 140
Trd, 8639275.532, 139
Trd, 8639276.632, 140
Trd, 8639277.882, 140
Trd, 8639278.832, 140
Trd, 8639279.282, 140
Trd, 8639279.682, 114
Trd, 8639280.732, 140
Trd, 8639281.132, 139
Trd, 8639281.632, 86
Trd, 8639281.832, 85
Trd, 8639283.082, 129
Trd, 8639283.632, 107
Trd, 8639284.032, 64
Trd, 8639284.182, 123
Trd, 8639284.882, 61
Trd, 8639285.882, 140
Trd, 8639286.232, 140
Trd, 8639287.282, 140
Trd, 8639287.832, 140
Trd, 8639289.132, 140
Trd, 8639290.682, 140
Trd, 8639291.182, 140
Trd, 8639291.232, 139
Trd, 8639291.582, 136
Trd, 8639291.682, 130
Trd, 8639293.132, 119
Trd, 8639293.182, 118
Trd, 8639293.832, 107
Trd, 8639295.582, 63
Trd, 8639296.032, 63
Trd, 8639296.232, 80
Trd, 8639297.482, 63
Trd, 8639298.082, 85
Trd, 8639299.132, 140
Trd, 8639299.432, 140
Trd, 8639299.682, 140
Trd, 8639299.882, 67
Trd, 8639300.482, 61
Trd, 8639300.782, 62
Trd, 8639301.282, 64
Trd, 8639301.882, 87
Trd, 8639302.832, 69
Trd, 8639303.982, 60
Trd, 8639304.732, 61
Trd, 8639304.882, 66
Trd, 8639305.532, 64
Trd, 8639305.832, 62
Trd, 8639307.082, 104
Trd, 8639308.132, 61
Trd, 8639308.232, 65
Trd, 8639308.432, 93
Trd, 8639309.882, 67
Trd, 8639310.432, 66
Trd, 8639311.082, 60
Trd, 8639311.132, 61
Trd, 8639312.082, 60
Trd, 8639313.282, 60
Trd, 8639313.732, 60
Trd, 8639314.082, 60
Trd, 8639314.832, 61
Trd, 8639315.182, 65
Trd, 8639315.232, 60
Trd, 8639315.282, 66
Trd, 8639315.732, 60
Trd, 8639317.332, 62
Trd, 8639318.582, 60
Trd, 8639319.882, 60
Trd, 8639320.882, 60
Trd, 8639323.132, 60
Trd, 8639323.232, 60
Trd, 8639323.382, 63
Trd, 8639324.232, 60
Trd, 8639324.782, 60
Trd, 8639325.332, 60
Trd, 8639325.432, 60
Trd, 8639326.032, 61
Trd, 8639326.882, 61
Trd, 8639327.132, 62
Trd, 8639328.532, 62
Trd, 8639329.032, 72
Trd, 8639329.232, 61
Trd, 8639329.482, 62
Trd, 8639330.282, 140
Trd, 8639331.732, 64
Trd, 8639332.382, 65
Trd, 8639333.282, 139
Trd, 8639333.632, 87
Trd, 8639334.082, 86
Trd, 8639334.582, 86
Trd, 8639335.232, 64
Trd, 8639335.532, 67
Trd, 8639336.432, 60
Trd, 8639336.482, 65
Trd, 8639336.732, 62
Trd, 8639337.782, 62
Trd, 8639338.782, 64
Trd, 8639338.832, 61
Trd, 8639339.982, 70
Trd, 8639341.132, 110
Trd, 8639342.082, 140
Trd, 8639342.432, 110
Trd, 8639342.782, 109
Trd, 8639343.982, 140
Trd, 8639345.132, 140
Trd, 8639345.432, 140
Trd, 8639347.132, 62
Trd, 8639348.632, 63
Trd, 8639349.232, 60
Trd, 8639349.332, 63
Trd, 8639349.732, 61
Trd, 8639350.132, 65
Trd, 8639350.332, 60
Trd, 8639350.582, 62
Trd, 8639351.232, 74
Trd, 8639352.482, 104
Trd, 8639352.532, 94
Trd, 8639352.782, 140
Trd, 8639353.932, 96
Trd, 8639354.082, 95
Trd, 8639354.632, 96
Trd, 8639356.032, 140
Trd, 8639356.982, 140
Trd, 8639357.282, 140
Trd, 8639357.382, 140
Trd, 8639357.732, 95
Trd, 8639357.782, 76
Trd, 8639359.132, 140
Trd, 8639359.182, 140
Trd, 8639359.482, 119
Trd, 8639360.532, 140
Trd, 8639360.682, 140
Trd, 8639361.232, 140
Trd, 8639361.782, 88
Trd, 8639362.832, 89
Trd, 8639363.232, 89
Trd, 8639363.632, 89
Trd, 8639364.632, 139
Trd, 8639365.332, 133
Trd, 8639367.082, 122
Trd, 8639367.432, 91
Trd, 8639367.632, 71
Trd, 8639367.982, 139
Trd, 8639370.682, 140
Trd, 8639371.282, 140
Trd, 8639371.682, 140
Trd, 8639371.732, 139
Trd, 8639372.832, 61
Trd, 8639373.332, 60
Trd, 8639373.532, 61
Trd, 8639376.032, 61
Trd, 8639376.132, 64
Trd, 8639377.132, 64
Trd, 8639377.382, 62
Trd, 8639377.832, 64
Trd, 8639378.782, 60
Trd, 8639379.482, 64
Trd, 8639380.782, 60
Trd, 8639381.632, 62
Trd, 8639381.732, 62
Trd, 8639381.932, 63
Trd, 8639382.032, 62
Trd, 8639382.732, 61
Trd, 8639384.032, 61
Trd, 8639384.182, 62
Trd, 8639384.732, 61
Trd, 8639384.982, 62
Trd, 8639386.282, 140
Trd, 8639387.232, 123
Trd, 8639387.332, 105
Trd, 8639388.282, 86
Trd, 8639389.132, 121
Trd, 8639389.682, 79
Trd, 8639390.232, 84
Trd, 8639390.382, 113
Trd, 8639391.482, 136
Trd, 8639393.332, 140
Trd, 8639393.932, 121
Trd, 8639393.982, 118
Trd, 8639394.482, 98
Trd, 8639394.632, 97
Trd, 8639395.082, 68
Trd, 8639395.482, 76
Trd, 8639396.732, 138
Trd, 8639397.782, 140
Trd, 8639397.832, 140
Trd, 8639398.082, 140
Trd, 8639398.132, 135
Trd, 8639399.582, 140
Trd, 8639400.932, 122
Trd, 8639402.432, 140
Trd, 8639402.482, 140
Trd, 8639402.732, 140
Trd, 8639403.932, 140
Trd, 8639404.482, 97
Trd, 8639405.232, 118
Trd, 8639405.582, 102
Trd, 8639406.382, 72
Trd, 8639407.582, 103
Trd, 8639408.382, 140
Trd, 8639409.582, 138
Trd, 8639410.432, 64
Trd, 8639410.582, 140
Trd, 8639410.732, 76
Trd, 8639411.232, 73
Trd, 8639412.832, 139
Trd, 8639413.182, 137
Trd, 8639413.232, 79
Trd, 8639414.282, 61
Trd, 8639415.132, 139
Trd, 8639415.332, 115
Trd, 8639416.582, 139
Trd, 8639417.132, 125
Trd, 8639417.682, 60
Trd, 8639417.732, 61
Trd, 8639418.182, 65
Trd, 8639418.582, 93
Trd, 8639419.382, 138
Trd, 8639420.682, 65
Trd, 8639421.032, 62
Trd, 8639422.532, 62
Trd, 8639423.182, 67
Trd, 8639424.182, 65
Trd, 8639424.432, 66
Trd, 8639424.632, 61
Trd, 8639425.132, 60
Trd, 8639426.882, 64
Trd, 8639427.332, 60
Trd, 8639428.182, 61
Trd, 8639428.482, 65
Trd, 8639429.132, 60
Trd, 8639430.532, 60
Trd, 8639430.682, 65
Trd, 8639431.082, 60
Trd, 8639431.382, 61
Trd, 8639432.782, 66
Trd, 8639433.632, 64
Trd, 8639433.732, 66
Trd, 8639433.982, 66
Trd, 8639434.682, 81
Trd, 8639435.332, 117
Trd, 8639435.782, 95
Trd, 8639436.232, 97
Trd, 8639436.282, 67
Trd, 8639437.532, 139
Trd, 8639438.582, 63
Trd, 8639439.282, 60
Trd, 8639439.982, 137
Trd, 8639440.782, 64
Trd, 8639440.982, 67
Trd, 8639441.582, 98
Trd, 8639443.332, 60
Trd, 8639443.882, 62
Trd, 8639444.382, 60
Trd, 8639445.232, 60
Trd, 8639445.482, 62
Trd, 8639445.832, 64
Trd, 8639446.332, 63
Trd, 8639446.932, 61
Trd, 8639447.882, 65
Trd, 8639448.782, 64
Trd, 8639448.932, 67
Trd, 8639449.282, 63
Trd, 8639449.332, 64
Trd, 8639449.982, 132
Trd, 8639451.232, 63
Trd, 8639451.332, 88
Trd, 8639451.482, 62
Trd, 8639451.682, 84
Trd, 8639453.432, 60
Trd, 8639453.782, 63
Trd, 8639454.232, 64
Trd, 8639455.082, 60
Trd, 8639455.782, 62
Trd, 8639456.882, 63
Trd, 8639457.182, 72
Trd, 8639458.132, 65
Trd, 8639458.932, 60
Trd, 8639460.382, 67
Trd, 8639460.932, 60
Trd, 8639461.232, 60
Trd, 8639461.582, 62
Trd, 8639462.532, 60
Trd, 8639463.482, 60
Trd, 8639465.082, 60
Trd, 8639465.582, 62
Trd, 8639466.582, 60
Trd, 8639466.732, 60
Trd, 8639467.732, 61
Trd, 8639468.182, 60
Trd, 8639468.282, 60
Trd, 8639468.482, 63
Trd, 8639469.132, 64
Trd, 8639470.982, 61
Trd, 8639471.382, 63
Trd, 8639472.032, 62
Trd, 8639472.232, 65
Trd, 8639472.482, 66
Trd, 8639473.082, 78
Trd, 8639473.482, 102
Trd, 8639474.482, 78
Trd, 8639474.982, 75
Trd, 8639476.032, 83
Trd, 8639476.882, 83
Trd, 8639477.782, 140
Trd, 8639477.882, 140
Trd, 8639477.932, 83
Trd, 8639478.532, 60
Trd, 8639478.632, 60
Trd, 8639479.932, 130
Trd, 8639480.532, 63
Trd, 8639481.232, 62
Trd, 8639481.482, 63
Trd, 8639482.082, 60
Trd, 8639484.032, 60
Trd, 8639485.282, 60
Trd, 8639485.332, 60
Trd, 8639485.432, 64
Trd, 8639485.982, 60
Trd, 8639486.182, 87
Trd, 8639486.582, 115
Trd, 8639487.282, 60
Trd, 8639487.682, 60
Trd, 8639487.732, 67
Trd, 8639488.032, 83
Trd, 8639490.982, 140
Trd, 8639491.032, 140
Trd, 8639491.132, 139
Trd, 8639492.282, 119
Trd, 8639492.382, 118
Trd, 8639492.732, 108
Trd, 8639493.632, 60
Trd, 8639494.132, 61
Trd, 8639494.282, 62
Trd, 8639494.632, 63
Trd, 8639494.682, 92
Trd, 8639495.832, 113
Trd, 8639496.482, 69
Trd, 8639497.282, 108
Trd, 8639498.832, 140
Trd, 8639499.082, 136
Trd, 8639500.032, 75
Trd, 8639500.532, 62
Trd, 8639501.232, 90
Trd, 8639501.382, 136
Trd, 8639501.532, 89
Trd, 8639502.032, 138
Trd, 8639502.182, 62
Trd, 8639503.532, 137
Trd, 8639503.832, 81
Trd, 8639504.132, 80
Trd, 8639505.632, 60
Trd, 8639505.882, 62
Trd, 8639506.182, 61
Trd, 8639508.032, 140
Trd, 8639508.132, 140
Trd, 8639508.332, 75
Trd, 8639509.782, 62
Trd, 8639510.432, 66
Trd, 8639510.682, 60
Trd, 8639510.932, 67
Trd, 8639510.982, 68
Trd, 8639511.832, 138
Trd, 8639511.982, 100
Trd, 8639513.432, 62
Trd, 8639513.732, 74
Trd, 8639514.782, 66
Trd, 8639514.832, 82
Trd, 8639516.482, 79
Trd, 8639517.032, 78
Trd, 8639517.432, 138
Trd, 8639518.232, 140
Trd, 8639518.382, 117
Trd, 8639518.732, 139
Trd, 8639519.432, 133
Trd, 8639520.232, 61
Trd, 8639521.732, 138
Trd, 8639522.032, 62
Trd, 8639522.632, 66
Trd, 8639522.732, 95
Trd, 8639522.932, 73
Trd, 8639524.782, 140
Trd, 8639525.032, 140
Trd, 8639526.032, 140
Trd, 8639526.182, 140
Trd, 8639527.932, 140
Trd, 8639528.332, 140
Trd, 8639528.932, 140
Trd, 8639529.632, 140
Trd, 8639529.932, 138
Trd, 8639530.632, 97
Trd, 8639531.232, 64
Trd, 8639531.982, 140
Trd, 8639532.132, 62
Trd, 8639532.432, 111
Trd, 8639533.782, 140
Trd, 8639534.482, 140
Trd, 8639534.832, 139
Trd, 8639535.282, 118
Trd, 8639535.832, 117
Trd, 8639536.132, 140
Trd, 8639536.882, 126
Trd, 8639537.632, 66
Trd, 8639537.732, 65
Trd, 8639538.432, 82
Trd, 8639539.032, 62
Trd, 8639540.232, 140
Trd, 8639540.532, 69
Trd, 8639541.832, 64
Trd, 8639542.382, 73
Trd, 8639542.482, 92
Trd, 8639542.682, 93
Trd, 8639543.532, 107
Trd, 8639544.232, 85
Trd, 8639545.182, 100
Trd, 8639545.232, 99
Trd, 8639545.832, 139
Trd, 8639546.182, 87
Trd, 8639546.382, 61
Trd, 8639547.232, 60
Trd, 8639548.132, 60
Trd, 8639548.382, 62
Trd, 8639548.882, 63
Trd, 8639549.782, 60
Trd, 8639551.932, 60
Trd, 8639552.382, 60
Trd, 8639553.882, 60
Trd, 8639554.082, 66
Trd, 8639556.282, 60
Trd, 8639556.532, 61
Trd, 8639557.232, 63
Trd, 8639557.482, 68
Trd, 8639558.182, 80
Trd, 8639558.982, 64
Trd, 8639559.682, 64
Trd, 8639560.432, 63
Trd, 8639560.582, 64
Trd, 8639561.832, 64
Trd, 8639561.882, 65
Trd, 8639562.382, 63
Trd, 8639562.482, 66
Trd, 8639562.832, 70
Trd, 8639564.282, 67
Trd, 8639564.932, 74
Trd, 8639565.182, 75
Trd, 8639565.432, 63
Trd, 8639565.482, 100
Trd, 8639566.232, 96
Trd, 8639566.582, 60
Trd, 8639567.532, 60
Trd, 8639567.932, 63
Trd, 8639569.082, 68
Trd, 8639569.432, 60
Trd, 8639569.832, 60
Trd, 8639571.182, 60
Trd, 8639571.832, 61
Trd, 8639572.882, 63
Trd, 8639573.182, 66
Trd, 8639573.532, 61
Trd, 8639574.882, 60
Trd, 8639575.032, 72
Trd, 8639575.732, 108
Trd, 8639577.282, 62
Trd, 8639577.732, 62
Trd, 8639577.782, 67
Trd, 8639578.032, 66
Trd, 8639579.432, 60
Trd, 8639579.882, 60
Trd, 8639581.332, 60
Trd, 8639581.632, 61
Trd, 8639581.882, 60
Trd, 8639582.332, 65
Trd, 8639583.882, 60
Trd, 8639584.282, 61
Trd, 8639585.882, 61
Trd, 8639586.232, 60
Trd, 8639587.232, 62
Trd, 8639587.632, 60
Trd, 8639588.082, 60
Trd, 8639589.532, 60
Trd, 8639589.832, 62
Trd, 8639590.682, 60
Trd, 8639590.982, 62
Trd, 8639591.632, 62
Trd, 8639591.782, 63
Trd, 8639593.082, 68
Trd, 8639594.532, 60
Trd, 8639594.782, 60
Trd, 8639595.032, 60
Trd, 8639595.232, 64
Trd, 8639595.282, 67
Trd, 8639595.432, 63
Trd, 8639595.532, 89
Trd, 8639596.082, 60
Trd, 8639597.782, 60
Trd, 8639599.632, 60
Trd, 8639600.032, 66
Trd, 8639600.832, 62
Trd, 8639601.332, 66
Trd, 8639601.482, 67
Trd, 8639601.532, 63
Trd, 8639602.232, 140
Trd, 8639602.532, 139
Trd, 8639602.982, 128
Trd, 8639603.232, 88
Trd, 8639603.732, 130
Trd, 8639604.032, 128
Trd, 8639604.732, 63
Trd, 8639605.232, 88
Trd, 8639606.082, 61
Trd, 8639606.882, 60
Trd, 8639608.782, 61
Trd, 8639608.882, 62
Trd, 8639609.582, 62
Trd, 8639610.782, 60
Trd, 8639611.282, 61
Trd, 8639611.382, 62
Trd, 8639611.782, 63
Trd, 8639612.732, 61
Trd, 8639614.532, 62
Trd, 8639615.332, 60
Trd, 8639615.432, 61
Trd, 8639616.082, 62
Trd, 8639616.532, 61
Trd, 8639617.132, 65
Trd, 8639617.282, 67
Trd, 8639617.382, 78
Trd, 8639617.732, 93
Trd, 8639619.382, 60
Trd, 8639619.532, 60
Trd, 8639620.032, 60
Trd, 8639620.832, 61
Trd, 8639621.582, 60
Trd, 8639622.132, 62
Trd, 8639622.682, 62
Trd, 8639623.832, 60
Trd, 8639624.782, 60
Trd, 8639625.482, 62
Trd, 8639627.132, 60
Trd, 8639627.532, 60
Trd, 8639627.732, 60
Trd, 8639627.982, 61
Trd, 8639628.282, 63
Trd, 8639628.382, 65
Trd, 8639628.882, 60
Trd, 8639629.932, 62
Trd, 8639630.532, 61
Trd, 8639630.632, 70
Trd, 8639630.732, 61
Trd, 8639630.982, 64
Trd, 8639631.832, 63
Trd, 8639632.332, 62
Trd, 8639634.782, 60
Trd, 8639636.532, 60
Trd, 8639636.582, 61
Trd, 8639637.582, 60
Trd, 8639637.732, 62
Trd, 8639638.132, 66
Trd, 8639638.732, 139
Trd, 8639639.282, 72
Trd, 8639639.632, 109
Trd, 8639640.532, 108
Trd, 8639641.982, 140
Trd, 8639643.182, 140
Trd, 8639643.932, 140
Trd, 8639643.982, 77
Trd, 8639645.282, 140
Trd, 8639645.882, 140
Trd, 8639646.482, 140
Trd, 8639646.782, 140
Trd, 8639647.182, 123
Trd, 8639648.082, 128
Trd, 8639648.632, 60
Trd, 8639649.082, 60
Trd, 8639649.132, 61
Trd, 8639650.832, 64
Trd, 8639650.982, 63
Trd, 8639651.632, 97
Trd, 8639652.882, 65
Trd, 8639654.632, 60
Trd, 8639654.832, 61
Trd, 8639656.682, 60
Trd, 8639656.732, 61
Trd, 8639656.782, 64
Trd, 8639657.682, 61
Trd, 8639657.932, 65
Trd, 8639658.482, 60
Trd, 8639658.832, 61
Trd, 8639659.982, 63
Trd, 8639660.032, 64
Trd, 8639661.082, 67
Trd, 8639661.482, 60
Trd, 8639662.182, 62
Trd, 8639662.432, 64
Trd, 8639662.982, 62
Trd, 8639663.232, 60
Trd, 8639665.182, 60
Trd, 8639665.782, 60
Trd, 8639666.132, 60
Trd, 8639666.282, 60
Trd, 8639667.232, 60
Trd, 8639668.182, 61
Trd, 8639668.232, 62
Trd, 8639669.932, 60
Trd, 8639670.482, 60
Trd, 8639670.532, 67
Trd, 8639670.582, 68
Trd, 8639671.132, 60
Trd, 8639671.632, 62
Trd, 8639672.332, 61
Trd, 8639672.732, 60
Trd, 8639673.432, 91
Trd, 8639674.432, 138
Trd, 8639675.232, 63
Trd, 8639675.432, 64
Trd, 8639675.682, 61
Trd, 8639677.932, 60
Trd, 8639679.382, 62
Trd, 8639681.082, 60
Trd, 8639681.532, 60
Trd, 8639682.232, 60
Trd, 8639682.632, 64
Trd, 8639683.032, 61
Trd, 8639683.632, 60
Trd, 8639684.232, 60
Trd, 8639684.332, 65
Trd, 8639684.832, 63
Trd, 8639685.482, 63
Trd, 8639686.632, 140
Trd, 8639686.782, 140
Trd, 8639687.532, 134
Trd, 8639688.532, 61
Trd, 8639689.132, 66
Trd, 8639690.182, 63
Trd, 8639690.482, 89
Trd, 8639690.682, 124
Trd, 8639691.132, 140
Trd, 8639692.482, 140
Trd, 8639693.032, 140
Trd, 8639693.832, 138
Trd, 8639693.882, 137
Trd, 8639694.232, 137
Trd, 8639695.132, 129
Trd, 8639695.782, 135
Trd, 8639696.682, 93
Trd, 8639697.082, 69
Trd, 8639697.332, 60
Trd, 8639698.182, 74
Trd, 8639698.732, 140
Trd, 8639700.032, 140
Trd, 8639700.382, 121
Trd, 8639700.632, 84
Trd, 8639700.782, 81
Trd, 8639702.282, 139
Trd, 8639703.282, 140
Trd, 8639703.732, 138
Trd, 8639703.832, 81
Trd, 8639705.132, 60
Trd, 8639705.532, 60
Trd, 8639706.582, 140
Trd, 8639707.432, 80
Trd, 8639707.582, 80
Trd, 8639708.282, 66
Trd, 8639709.182, 140
Trd, 8639709.232, 140
Trd, 8639710.032, 140
Trd, 8639712.032, 140
Trd, 8639712.182, 140
Trd, 8639712.932, 140
Trd, 8639713.232, 140
Trd, 8639713.632, 140
Trd, 8639713.982, 137
Trd, 8639714.332, 125
Trd, 8639714.382, 92
Trd, 8639715.232, 60
Trd, 8639715.532, 61
Trd, 8639717.432, 140
Trd, 8639717.532, 85
Trd, 8639718.382, 140
Trd, 8639719.832, 140
Trd, 8639719.932, 140
Trd, 8639720.182, 140
Trd, 8639720.632, 140
Trd, 8639721.132, 107
Trd, 8639721.432, 72
Trd, 8639722.132, 99
Trd, 8639723.582, 140
Trd, 8639723.782, 140
Trd, 8639724.432, 140
Trd, 8639725.532, 85
Trd, 8639725.732, 123
Trd, 8639725.882, 122
Trd, 8639726.932, 140
Trd, 8639728.382, 136
Trd, 8639728.482, 121
Trd, 8639729.032, 140
Trd, 8639729.682, 140
Trd, 8639730.982, 140
Trd, 8639731.832, 61
Trd, 8639732.482, 65
Trd, 8639732.932, 65
Trd, 8639734.032, 70
Trd, 8639734.132, 68
Trd, 8639734.282, 68
Trd, 8639735.582, 111
Trd, 8639735.932, 94
Trd, 8639736.082, 72
Trd, 8639737.282, 107
Trd, 8639737.682, 107
Trd, 8639737.732, 114
Trd, 8639737.782, 106
Trd, 8639737.982, 87
Trd, 8639738.832, 140
Trd, 8639739.482, 140
Trd, 8639740.482, 73
Trd, 8639740.982, 64
Trd, 8639741.682, 75
Trd, 8639743.782, 98
Trd, 8639743.982, 97
Trd, 8639744.432, 140
Trd, 8639744.582, 130
Trd, 8639745.182, 140
Trd, 8639746.032, 140
Trd, 8639747.132, 83
Trd, 8639747.582, 82
Trd, 8639748.332, 138
Trd, 8639749.282, 131
Trd, 8639749.382, 118
Trd, 8639750.382, 140
Trd, 8639750.732, 65
Trd, 8639751.082, 64
Trd, 8639752.132, 136
Trd, 8639753.082, 140
Trd, 8639753.282, 139
Trd, 8639754.482, 129
Trd, 8639754.532, 83
Trd, 8639754.832, 140
Trd, 8639755.732, 140
Trd, 8639756.882, 139
Trd, 8639756.982, 137
Trd, 8639757.532, 124
Trd, 8639758.282, 139
Trd, 8639758.582, 122
Trd, 8639759.382, 99
Trd, 8639760.282, 122
Trd, 8639760.332, 116
Trd, 8639760.832, 63
Trd, 8639763.232, 140
Trd, 8639763.582, 140
Trd, 8639763.832, 140
Trd, 8639764.082, 139
Trd, 8639765.082, 140
Trd, 8639765.582, 140
Trd, 8639766.082, 140
Trd, 8639766.932, 140
Trd, 8639769.282, 140
Trd, 8639769.732, 140
Trd, 8639770.132, 138
Trd, 8639770.882, 139
Trd, 8639771.832, 139
Trd, 8639771.882, 115
Trd, 8639772.282, 62
Trd, 8639772.882, 60
Trd, 8639773.582, 60
Trd, 8639773.732, 63
Trd, 8639774.182, 70
Trd, 8639776.332, 140
Trd, 8639776.382, 140
Trd, 8639776.632, 139
Trd, 8639777.182, 140
Trd, 8639778.282, 101
Trd, 8639778.982, 61
Trd, 8639780.082, 120
Trd, 8639780.182, 117
Trd, 8639780.432, 84
Trd, 8639781.532, 61
Trd, 8639781.582, 64
Trd, 8639781.782, 65
Trd, 8639784.032, 140
Trd, 8639784.282, 140
Trd, 8639785.632, 140
Trd, 8639786.282, 140
Trd, 8639787.532, 140
Trd, 8639787.732, 140
Trd, 8639787.832, 118
Trd, 8639788.282, 62
Trd, 8639788.532, 62
Trd, 8639789.182, 114
Trd, 8639789.532, 115
Trd, 8639789.832, 65
Trd, 8639790.282, 71
Trd, 8639791.082, 76
Trd, 8639791.282, 95
Trd, 8639792.232, 70
Trd, 8639792.432, 70
Trd, 8639793.132, 69
Trd, 8639793.582, 69
Trd, 8639794.232, 95
Trd, 8639794.782, 140
Trd, 8639795.582, 140
Trd, 8639796.082, 140
Trd, 8639796.732, 140
Trd, 8639796.782, 137
Trd, 8639798.082, 101
Trd, 8639798.532, 90
Trd, 8639799.482, 140
Trd, 8639800.282, 140
Trd, 8639800.732, 139
Trd, 8639801.082, 140
Trd, 8639801.732, 102
Trd, 8639802.882, 139
Trd, 8639803.482, 140
Trd, 8639804.482, 140
Trd, 8639804.732, 139
Trd, 8639805.432, 140
Trd, 8639806.332, 101
Trd, 8639806.382, 126
Trd, 8639808.432, 140
Trd, 8639808.832, 139
Trd, 8639809.332, 62
Trd, 8639809.482, 64
Trd, 8639810.182, 67
Trd, 8639810.782, 140
Trd, 8639810.882, 140
Trd, 8639810.932, 140
Trd, 8639811.932, 140
Trd, 8639812.732, 101
Trd, 8639812.782, 100
Trd, 8639813.782, 61
Trd, 8639814.132, 133
Trd, 8639814.932, 60
Trd, 8639815.332, 61
Trd, 8639816.132, 60
Trd, 8639817.232, 60
Trd, 8639817.982, 61
Trd, 8639818.182, 62
Trd, 8639818.532, 70
Trd, 8639818.782, 73
Trd, 8639820.382, 69
Trd, 8639820.782, 77
Trd, 8639820.882, 76
Trd, 8639821.432, 75
Trd, 8639821.682, 72
Trd, 8639822.032, 94
Trd, 8639823.032, 140
Trd, 8639823.832, 140
Trd, 8639824.132, 140
Trd, 8639825.132, 60
Trd, 8639825.432, 63
Trd, 8639826.332, 61
Trd, 8639826.532, 60
Trd, 8639826.682, 63
Trd, 8639828.382, 88
Trd, 8639828.632, 87
Trd, 8639829.132, 90
Trd, 8639829.182, 88
Trd, 8639830.032, 140
Trd, 8639830.182, 113
Trd, 8639831.032, 63
Trd, 8639832.082, 140
Trd, 8639832.632, 75
Trd, 8639834.232, 60
Trd, 8639834.332, 60
Trd, 8639834.382, 61
Trd, 8639835.532, 60
Trd, 8639837.232, 61
Trd, 8639837.332, 63
Trd, 8639838.582, 62
Trd, 8639838.882, 63
Trd, 8639839.732, 60
Trd, 8639841.132, 60
Trd, 8639841.332, 60
Trd, 8639841.782, 66
Trd, 8639842.082, 60
Trd, 8639842.582, 66
Trd, 8639843.082, 60
Trd, 8639843.232, 60
Trd, 8639843.982, 63
Trd, 8639845.132, 61
Trd, 8639845.282, 61
Trd, 8639847.032, 60
Trd, 8639847.132, 63
Trd, 8639848.982, 60
Trd, 8639849.982, 60
Trd, 8639850.682, 62
Trd, 8639851.832, 61
Trd, 8639852.482, 60
Trd, 8639852.732, 61
Trd, 8639852.832, 63
Trd, 8639853.132, 63
Trd, 8639853.982, 62
Trd, 8639855.632, 62
Trd, 8639856.082, 61
Trd, 8639856.182, 63
Trd, 8639857.382, 140
Trd, 8639857.432, 87
Trd, 8639858.532, 66
Trd, 8639859.382, 72
Trd, 8639859.432, 91
Trd, 8639859.832, 105
Trd, 8639859.882, 104
Trd, 8639861.232, 68
Trd, 8639861.732, 66
Trd, 8639862.682, 60
Trd, 8639864.332, 62
Trd, 8639864.632, 63
Trd, 8639865.032, 60
Trd, 8639865.282, 64
Trd, 8639865.382, 65
Trd, 8639866.982, 63
Trd, 8639867.182, 62
Trd, 8639867.832, 65
Trd, 8639868.382, 70
Trd, 8639869.082, 65
Trd, 8639869.382, 64
Trd, 8639870.432, 65
Trd, 8639870.982, 60
Trd, 8639872.332, 60
Trd, 8639873.732, 60
Trd, 8639873.982, 64
Trd, 8639874.032, 66
Trd, 8639874.882, 60
Trd, 8639876.582, 60
Trd, 8639877.132, 69
Trd, 8639877.782, 61
Trd, 8639878.532, 62
Trd, 8639879.182, 61
Trd, 8639880.132, 62
Trd, 8639880.832, 60
Trd, 8639881.332, 65
Trd, 8639881.582, 62
Trd, 8639881.632, 60
Trd, 8639881.832, 66
Trd, 8639882.882, 61
Trd, 8639883.732, 61
Trd, 8639885.182, 60
Trd, 8639885.582, 62
Trd, 8639885.932, 60
Trd, 8639886.782, 60
Trd, 8639887.732, 60
Trd, 8639887.832, 63
Trd, 8639888.932, 72
Trd, 8639889.332, 63
Trd, 8639889.782, 62
Trd, 8639890.632, 61
Trd, 8639891.282, 63
Trd, 8639892.882, 60
Trd, 8639893.432, 64
Trd, 8639893.532, 68
Trd, 8639894.032, 101
Trd, 8639895.232, 60
Trd, 8639895.282, 63
Trd, 8639895.582, 90
Trd, 8639896.082, 61
Trd, 8639896.382, 62
Trd, 8639896.582, 61
Trd, 8639897.582, 67
Trd, 8639898.382, 68
Trd, 8639898.732, 68
Trd, 8639899.732, 63
Trd, 8639899.782, 68
Trd, 8639900.532, 61
Trd, 8639900.682, 67
Trd, 8639901.482, 64
Trd, 8639902.732, 60
Trd, 8639903.582, 66
Trd, 8639903.632, 68
Trd, 8639904.832, 78
Trd, 8639905.182, 113
Trd, 8639905.382, 114
Trd, 8639905.432, 108
Trd, 8639905.682, 77
Trd, 8639906.682, 110
Trd, 8639907.682, 140
Trd, 8639908.182, 79
Trd, 8639908.632, 139
Trd, 8639908.782, 105
Trd, 8639908.932, 75
Trd, 8639909.482, 139
Trd, 8639910.432, 125
Trd, 8639911.232, 140
Trd, 8639912.632, 60
Trd, 8639913.182, 61
Trd, 8639913.882, 68
Trd, 8639914.482, 60
Trd, 8639915.682, 60
Trd, 8639916.032, 60
Trd, 8639916.132, 60
Trd, 8639916.732, 75
Trd, 8639918.732, 61
Trd, 8639919.182, 61
Trd, 8639920.282, 61
Trd, 8639920.682, 61
Trd, 8639921.782, 60
Trd, 8639922.482, 60
Trd, 8639922.932, 60
Trd, 8639923.332, 61
Trd, 8639923.632, 64
Trd, 8639923.832, 62
Trd, 8639924.132, 63
Trd, 8639925.632, 63
Trd, 8639925.682, 64
Trd, 8639925.882, 62
Trd, 8639926.132, 65
Trd, 8639926.982, 65
Trd, 8639927.632, 84
Trd, 8639927.832, 82
Trd, 8639928.482, 63
Trd, 8639929.932, 140
Trd, 8639930.982, 138
Trd, 8639931.782, 138
Trd, 8639931.982, 137
Trd, 8639932.582, 88
Trd, 8639932.632, 85
Trd, 8639933.632, 62
Trd, 8639934.482, 140
Trd, 8639935.082, 104
Trd, 8639936.032, 61
Trd, 8639937.582, 62
Trd, 8639938.582, 60
Trd, 8639938.982, 60
Trd, 8639939.432, 62
Trd, 8639940.082, 61
Trd, 8639940.882, 62
Trd, 8639940.982, 64
Trd, 8639941.332, 61
Trd, 8639942.182, 60
Trd, 8639942.682, 66
Trd, 8639944.532, 62
Trd, 8639944.582, 67
Trd, 8639945.132, 82
Trd, 8639945.532, 63
Trd, 8639946.182, 77
Trd, 8639946.732, 60
Trd, 8639947.082, 64
Trd, 8639948.482, 60
Trd, 8639948.632, 64
Trd, 8639949.082, 60
Trd, 8639949.232, 64
Trd, 8639949.932, 60
Trd, 8639951.932, 113
Trd, 8639952.632, 109
Trd, 8639953.082, 140
Trd, 8639954.032, 139
Trd, 8639954.132, 138
Trd, 8639954.182, 138
Trd, 8639954.882, 140
Trd, 8639955.032, 86
Trd, 8639956.282, 62
Trd, 8639957.882, 62
Trd, 8639957.932, 67
Trd, 8639958.182, 68
Trd, 8639958.532, 68
Trd, 8639959.232, 89
Trd, 8639959.632, 108
Trd, 8639959.982, 65
Trd, 8639960.882, 79
Trd, 8639961.782, 113
Trd, 8639961.982, 83
Trd, 8639962.132, 81
Trd, 8639963.332, 75
Trd, 8639964.782, 60
Trd, 8639965.032, 65
Trd, 8639965.832, 63
Trd, 8639965.932, 63
Trd, 8639966.882, 63
Trd, 8639967.182, 62
Trd, 8639967.932, 117
Trd, 8639968.032, 66
Trd, 8639968.532, 140
Trd, 8639969.582, 140
Trd, 8639970.332, 98
Trd, 8639970.382, 89
Trd, 8639970.782, 133
Trd, 8639971.032, 123
Trd, 8639972.282, 117
Trd, 8639972.432, 116
Trd, 8639973.282, 135
Trd, 8639973.882, 140
Trd, 8639974.982, 111
Trd, 8639975.082, 132
Trd, 8639976.382, 140
Trd, 8639977.132, 140
Trd, 8639978.032, 140
Trd, 8639978.182, 130
Trd, 8639978.682, 88
Trd, 8639980.382, 140
Trd, 8639980.582, 140
Trd, 8639980.632, 138
Trd, 8639981.282, 126
Trd, 8639982.032, 121
Trd, 8639982.332, 120
Trd, 8639983.432, 139
Trd, 8639984.632, 121
Trd, 8639985.382, 140
Trd, 8639985.432, 139
Trd, 8639985.582, 130
Trd, 8639986.032, 140
Trd, 8639987.832, 120
Trd, 8639988.232, 95
Trd, 8639988.282, 77
Trd, 8639988.832, 140
Trd, 8639989.832, 138
Trd, 8639990.332, 139
Trd, 8639990.582, 138
Trd, 8639990.832, 67
Trd, 8639992.382, 68
Trd, 8639993.882, 61
Trd, 8639995.032, 63
Trd, 8639995.332, 62
Trd, 8639995.532, 61
Trd, 8639996.532, 62
Trd, 8639996.582, 73
Trd, 8639996.632, 103
Trd, 8639998.932, 60
Trd, 8639999.182, 63
Trd, 8639999.282, 60
Trd, 8639999.932, 63
