Trd, 8638071.382, 140
Trd, 8638071.532, 140
Trd, 8638072.082, 138
Trd, 8638072.132, 132
Trd, 8638072.482, 122
Trd, 8638074.132, 139
Trd, 8638074.532, 134
Trd, 8638076.832, 138
Trd, 8638077.032, 111
Trd, 8638077.232, 107
Trd, 8638078.482, 108
Trd, 8638078.682, 128
Trd, 8638079.332, 114
Trd, 8638081.082, 140
Trd, 8638082.632, 123
Trd, 8638083.582, 140
Trd, 8638084.232, 103
Trd, 8638085.082, 136
Trd, 8638085.232, 118
Trd, 8638086.132, 137
Trd, 8638086.682, 104
Trd, 8638087.682, 137
Trd, 8638088.582, 130
Trd, 8638090.182, 140
Trd, 8638090.832, 140
Trd, 8638091.532, 131
Trd, 8638091.582, 126
Trd, 8638091.732, 111
Trd, 8638093.532, 140
Trd, 8638093.832, 105
Trd, 8638094.632, 137
Trd, 8638095.332, 116
Trd, 8638095.632, 64
Trd, 8638096.682, 68
Trd, 8638097.432, 61
Trd, 8638097.932, 83
Trd, 8638098.782, 125
Trd, 8638099.682, 130
Trd, 8638100.782, 114
Trd, 8638100.932, 99
Trd, 8638102.532, 140
Trd, 8638103.832, 140
Trd, 8638104.432, 140
Trd, 8638104.932, 131
Trd, 8638105.082, 90
Trd, 8638105.132, 87
Trd, 8638105.982, 80
Trd, 8638106.132, 72
Trd, 8638107.482, 140
Trd, 8638107.782, 139
Trd, 8638108.332, 116
Trd, 8638108.532, 139
Trd, 8638108.782, 106
Trd, 8638110.682, 119
Trd, 8638111.582, 115
Trd, 8638113.082, 135
Trd, 8638114.582, 139
Trd, 8638115.232, 117
Trd, 8638115.732, 91
Trd, 8638116.082, 139
Trd, 8638116.232, 88
Trd, 8638118.532, 104
Trd, 8638120.032, 114
Trd, 8638120.182, 138
Trd, 8638120.232, 68
Trd, 8638121.032, 60
Trd, 8638121.532, 79
Trd, 8638122.582, 111
Trd, 8638122.832, 105
Trd, 8638123.132, 90
Trd, 8638123.332, 112
Trd, 8638124.032, 62
Trd, 8638125.232, 86
Trd, 8638126.332, 126
Trd, 8638128.082, 139
Trd, 8638128.432, 138
Trd, 8638129.332, 105
Trd, 8638129.782, 91
Trd, 8638130.282, 125
Trd, 8638131.132, 135
Trd, 8638132.382, 111
Trd, 8638132.482, 96
Trd, 8638133.182, 122
Trd, 8638133.632, 110
Trd, 8638133.932, 128
Trd, 8638134.032, 104
Trd, 8638136.832, 140
Trd, 8638137.132, 117
Trd, 8638139.482, 140
Trd, 8638139.732, 140
Trd, 8638140.032, 138
Trd, 8638140.282, 122
Trd, 8638140.982, 115
Trd, 8638141.582, 104
Trd, 8638143.282, 95
Trd, 8638144.032, 120
Trd, 8638145.182, 137
Trd, 8638145.832, 106
Trd, 8638146.832, 140
Trd, 8638147.782, 140
Trd, 8638148.132, 133
Trd, 8638148.432, 122
Trd, 8638149.332, 103
Trd, 8638149.382, 132
Trd, 8638150.132, 139
Trd, 8638150.582, 105
Trd, 8638151.782, 130
Trd, 8638154.032, 85
Trd, 8638154.332, 119
Trd, 8638154.782, 140
Trd, 8638155.732, 99
Trd, 8638156.632, 140
Trd, 8638156.682, 132
Trd, 8638157.882, 133
Trd, 8638158.332, 113
Trd, 8638160.182, 140
Trd, 8638160.532, 136
Trd, 8638160.982, 99
Trd, 8638162.682, 140
Trd, 8638162.982, 114
Trd, 8638163.082, 98
Trd, 8638164.182, 116
Trd, 8638164.382, 133
Trd, 8638165.432, 130
Trd, 8638165.482, 96
Trd, 8638166.432, 94
Trd, 8638166.932, 140
Trd, 8638169.882, 140
Trd, 8638170.082, 117
Trd, 8638170.732, 121
Trd, 8638171.132, 77
Trd, 8638171.582, 93
Trd, 8638172.082, 137
Trd, 8638172.282, 138
Trd, 8638175.482, 139
Trd, 8638175.782, 108
Trd, 8638176.332, 91
Trd, 8638177.282, 140
Trd, 8638177.582, 140
Trd, 8638178.432, 128
Trd, 8638180.382, 134
Trd, 8638181.282, 118
Trd, 8638181.432, 85
Trd, 8638181.782, 104
Trd, 8638182.932, 134
Trd, 8638183.282, 117
Trd, 8638183.382, 115
Trd, 8638184.282, 140
Trd, 8638185.932, 138
Trd, 8638186.032, 134
Trd, 8638186.982, 140
Trd, 8638187.282, 138
Trd, 8638187.482, 120
Trd, 8638188.382, 91
Trd, 8638190.182, 115
Trd, 8638190.732, 99
Trd, 8638193.082, 140
Trd, 8638193.382, 139
Trd, 8638193.732, 107
Trd, 8638195.132, 85
Trd, 8638196.182, 91
Trd, 8638196.382, 100
Trd, 8638196.582, 92
Trd, 8638198.282, 140
Trd, 8638198.432, 140
Trd, 8638199.732, 63
Trd, 8638200.782, 60
Trd, 8638202.232, 139
Trd, 8638202.532, 105
Trd, 8638203.032, 121
Trd, 8638203.182, 105
Trd, 8638203.832, 117
Trd, 8638204.482, 97
Trd, 8638205.032, 140
Trd, 8638205.232, 83
Trd, 8638207.082, 140
Trd, 8638208.182, 138
Trd, 8638208.582, 107
Trd, 8638209.232, 139
Trd, 8638209.782, 112
Trd, 8638210.232, 62
Trd, 8638211.182, 60
Trd, 8638211.382, 78
Trd, 8638211.482, 61
Trd, 8638213.682, 138
Trd, 8638216.082, 128
Trd, 8638217.182, 122
Trd, 8638218.032, 116
Trd, 8638218.582, 106
Trd, 8638218.932, 124
Trd, 8638220.132, 140
Trd, 8638220.332, 131
Trd, 8638221.632, 83
Trd, 8638222.482, 138
Trd, 8638224.032, 140
Trd, 8638224.432, 124
Trd, 8638224.582, 104
Trd, 8638225.432, 108
Trd, 8638226.532, 120
Trd, 8638228.032, 111
Trd, 8638228.232, 95
Trd, 8638229.832, 86
Trd, 8638230.582, 139
Trd, 8638231.232, 139
Trd, 8638231.632, 131
Trd, 8638233.582, 140
Trd, 8638235.682, 133
Trd, 8638236.332, 118
Trd, 8638237.482, 139
Trd, 8638237.632, 113
Trd, 8638237.832, 110
Trd, 8638238.032, 81
Trd, 8638239.782, 71
Trd, 8638239.982, 89
Trd, 8638241.332, 120
Trd, 8638242.582, 140
Trd, 8638243.582, 127
Trd, 8638244.082, 111
Trd, 8638244.382, 99
Trd, 8638245.232, 84
Trd, 8638247.432, 139
Trd, 8638247.732, 124
Trd, 8638248.732, 133
Trd, 8638250.932, 139
Trd, 8638251.832, 111
Trd, 8638252.032, 96
Trd, 8638253.032, 137
Trd, 8638253.232, 138
Trd, 8638253.282, 116
Trd, 8638253.932, 77
Trd, 8638255.132, 139
Trd, 8638255.282, 88
Trd, 8638256.332, 121
Trd, 8638258.332, 136
Trd, 8638259.682, 137
Trd, 8638259.782, 125
Trd, 8638259.932, 115
Trd, 8638260.782, 94
Trd, 8638260.832, 89
Trd, 8638264.382, 140
Trd, 8638265.232, 139
Trd, 8638265.682, 127
Trd, 8638266.532, 126
Trd, 8638267.182, 137
Trd, 8638267.432, 108
Trd, 8638268.032, 139
Trd, 8638268.332, 83
Trd, 8638269.082, 118
Trd, 8638269.482, 89
Trd, 8638269.732, 81
Trd, 8638272.882, 140
Trd, 8638273.232, 139
Trd, 8638274.132, 132
Trd, 8638274.482, 132
Trd, 8638274.532, 128
Trd, 8638274.732, 111
Trd, 8638274.832, 102
Trd, 8638277.982, 139
Trd, 8638278.382, 137
Trd, 8638280.682, 136
Trd, 8638281.482, 137
Trd, 8638282.632, 139
Trd, 8638282.682, 108
Trd, 8638283.132, 125
Trd, 8638284.482, 93
Trd, 8638284.982, 87
Trd, 8638285.082, 99
Trd, 8638285.682, 105
Trd, 8638286.132, 119
Trd, 8638287.182, 72
Trd, 8638287.732, 139
Trd, 8638288.382, 140
Trd, 8638290.632, 140
Trd, 8638291.382, 137
Trd, 8638291.532, 125
Trd, 8638291.882, 110
Trd, 8638292.282, 140
Trd, 8638293.082, 101
Trd, 8638294.282, 114
Trd, 8638295.782, 140
Trd, 8638296.532, 82
Trd, 8638297.082, 85
Trd, 8638297.882, 125
Trd, 8638298.532, 137
Trd, 8638299.232, 80
Trd, 8638301.182, 121
Trd, 8638301.282, 135
Trd, 8638301.582, 112
Trd, 8638303.082, 139
Trd, 8638303.882, 140
Trd, 8638303.982, 102
Trd, 8638306.632, 139
Trd, 8638307.282, 122
Trd, 8638307.832, 95
Trd, 8638308.782, 140
Trd, 8638309.432, 126
Trd, 8638309.582, 108
Trd, 8638312.282, 101
Trd, 8638312.482, 79
Trd, 8638312.582, 139
Trd, 8638313.232, 107
Trd, 8638313.782, 110
Trd, 8638315.532, 139
Trd, 8638315.782, 127
Trd, 8638316.632, 114
Trd, 8638317.732, 138
Trd, 8638318.782, 124
Trd, 8638319.482, 98
Trd, 8638319.832, 81
Trd, 8638320.032, 139
Trd, 8638320.432, 89
Trd, 8638322.632, 139
Trd, 8638322.732, 139
Trd, 8638324.032, 140
Trd, 8638324.732, 126
Trd, 8638325.982, 137
Trd, 8638326.082, 134
Trd, 8638326.482, 101
Trd, 8638326.732, 86
Trd, 8638328.932, 92
Trd, 8638329.032, 101
Trd, 8638329.482, 86
Trd, 8638330.782, 89
Trd, 8638331.382, 126
Trd, 8638332.682, 72
Trd, 8638332.932, 71
Trd, 8638334.232, 87
Trd, 8638334.632, 139
Trd, 8638335.132, 68
Trd, 8638335.882, 73
Trd, 8638336.432, 107
Trd, 8638337.282, 140
Trd, 8638338.682, 135
Trd, 8638339.732, 128
Trd, 8638340.432, 116
Trd, 8638341.132, 114
Trd, 8638341.332, 93
Trd, 8638341.682, 120
Trd, 8638341.882, 121
Trd, 8638342.232, 130
Trd, 8638342.382, 73
Trd, 8638344.882, 139
Trd, 8638345.982, 140
Trd, 8638346.332, 116
Trd, 8638347.532, 102
Trd, 8638347.982, 136
Trd, 8638348.382, 84
Trd, 8638350.232, 117
Trd, 8638351.082, 137
Trd, 8638352.632, 139
Trd, 8638353.732, 122
Trd, 8638354.182, 129
Trd, 8638354.282, 108
Trd, 8638354.932, 131
Trd, 8638355.882, 101
Trd, 8638356.232, 140
Trd, 8638357.082, 96
Trd, 8638358.082, 129
Trd, 8638358.832, 131
Trd, 8638359.332, 110
Trd, 8638360.532, 110
Trd, 8638361.132, 113
Trd, 8638362.482, 84
Trd, 8638362.832, 140
Trd, 8638363.832, 139
Trd, 8638364.132, 106
Trd, 8638364.682, 136
Trd, 8638364.882, 106
Trd, 8638365.582, 139
Trd, 8638367.282, 140
Trd, 8638368.232, 106
Trd, 8638368.582, 105
Trd, 8638369.882, 139
Trd, 8638370.182, 136
Trd, 8638371.632, 124
Trd, 8638372.532, 140
Trd, 8638372.632, 107
Trd, 8638373.282, 110
Trd, 8638373.482, 85
Trd, 8638375.382, 126
Trd, 8638378.332, 127
Trd, 8638378.782, 140
Trd, 8638379.482, 140
Trd, 8638380.232, 109
Trd, 8638381.082, 103
Trd, 8638382.782, 140
Trd, 8638384.132, 136
Trd, 8638384.632, 139
Trd, 8638384.882, 117
Trd, 8638385.132, 104
Trd, 8638385.482, 100
Trd, 8638386.582, 126
Trd, 8638386.832, 120
Trd, 8638388.032, 100
Trd, 8638388.082, 68
Trd, 8638388.382, 128
Trd, 8638389.232, 95
Trd, 8638393.232, 140
Trd, 8638393.732, 140
Trd, 8638393.782, 109
Trd, 8638394.382, 97
Trd, 8638395.032, 140
Trd, 8638395.082, 138
Trd, 8638395.732, 115
Trd, 8638395.932, 103
Trd, 8638396.432, 138
Trd, 8638397.382, 130
Trd, 8638397.882, 113
Trd, 8638398.832, 140
Trd, 8638401.182, 127
Trd, 8638402.232, 140
Trd, 8638402.432, 125
Trd, 8638402.532, 117
Trd, 8638403.032, 131
Trd, 8638403.482, 97
Trd, 8638405.882, 140
Trd, 8638407.382, 139
Trd, 8638408.832, 140
Trd, 8638409.182, 116
Trd, 8638410.232, 78
Trd, 8638411.032, 90
Trd, 8638411.132, 134
Trd, 8638411.632, 98
Trd, 8638412.882, 101
Trd, 8638413.032, 66
Trd, 8638413.882, 138
Trd, 8638416.682, 140
Trd, 8638417.632, 125
Trd, 8638418.982, 140
Trd, 8638419.532, 140
Trd, 8638419.782, 121
Trd, 8638420.382, 140
Trd, 8638420.832, 121
Trd, 8638422.182, 126
Trd, 8638423.332, 140
Trd, 8638423.432, 124
Trd, 8638423.532, 110
Trd, 8638425.032, 105
Trd, 8638425.582, 112
Trd, 8638427.132, 139
Trd, 8638427.232, 139
Trd, 8638428.132, 137
Trd, 8638429.432, 114
Trd, 8638430.032, 140
Trd, 8638431.182, 66
Trd, 8638432.132, 139
Trd, 8638433.232, 108
Trd, 8638435.582, 139
Trd, 8638436.082, 139
Trd, 8638437.232, 140
Trd, 8638437.482, 140
Trd, 8638438.682, 140
Trd, 8638439.232, 136
Trd, 8638439.282, 128
Trd, 8638441.682, 139
Trd, 8638442.082, 130
Trd, 8638442.282, 86
Trd, 8638443.432, 136
Trd, 8638443.482, 107
Trd, 8638443.782, 102
Trd, 8638444.282, 82
Trd, 8638445.382, 114
Trd, 8638446.282, 60
Trd, 8638447.682, 136
Trd, 8638447.982, 129
Trd, 8638448.432, 111
Trd, 8638448.882, 82
Trd, 8638450.282, 137
Trd, 8638450.832, 108
Trd, 8638451.082, 101
Trd, 8638452.382, 101
Trd, 8638453.182, 132
Trd, 8638453.882, 106
Trd, 8638454.132, 85
Trd, 8638455.582, 139
Trd, 8638455.832, 131
Trd, 8638456.082, 116
Trd, 8638458.382, 140
Trd, 8638460.682, 140
Trd, 8638461.232, 106
Trd, 8638461.632, 122
Trd, 8638461.732, 131
Trd, 8638462.082, 100
Trd, 8638463.582, 134
Trd, 8638464.332, 129
Trd, 8638464.882, 116
Trd, 8638465.132, 88
Trd, 8638465.782, 138
Trd, 8638466.282, 118
Trd, 8638466.432, 89
Trd, 8638468.482, 140
Trd, 8638468.732, 133
Trd, 8638470.682, 138
Trd, 8638471.082, 109
Trd, 8638471.632, 126
Trd, 8638472.632, 138
Trd, 8638473.282, 90
Trd, 8638473.732, 85
Trd, 8638478.382, 140
Trd, 8638478.582, 139
Trd, 8638479.332, 93
Trd, 8638479.982, 140
Trd, 8638480.982, 140
Trd, 8638481.482, 140
Trd, 8638482.032, 107
Trd, 8638482.082, 104
Trd, 8638482.382, 92
Trd, 8638484.982, 136
Trd, 8638486.382, 109
Trd, 8638486.482, 102
Trd, 8638486.682, 124
Trd, 8638487.332, 124
Trd, 8638488.332, 127
Trd, 8638489.732, 82
Trd, 8638490.482, 126
Trd, 8638491.432, 140
Trd, 8638492.532, 140
Trd, 8638493.232, 87
Trd, 8638493.432, 139
Trd, 8638495.432, 138
Trd, 8638496.032, 84
Trd, 8638496.682, 138
Trd, 8638497.532, 140
Trd, 8638498.432, 135
Trd, 8638498.832, 116
Trd, 8638499.582, 67
Trd, 8638500.832, 132
Trd, 8638501.882, 139
Trd, 8638503.982, 130
Trd, 8638504.132, 124
Trd, 8638505.032, 114
Trd, 8638505.782, 139
Trd, 8638506.282, 139
Trd, 8638506.832, 116
Trd, 8638507.382, 109
Trd, 8638508.832, 138
Trd, 8638509.582, 138
Trd, 8638509.982, 125
Trd, 8638510.382, 106
Trd, 8638510.632, 138
Trd, 8638511.782, 113
Trd, 8638511.932, 99
Trd, 8638511.982, 91
Trd, 8638513.132, 106
Trd, 8638515.432, 140
Trd, 8638515.882, 140
Trd, 8638515.982, 116
Trd, 8638516.232, 120
Trd, 8638516.632, 118
Trd, 8638518.082, 123
Trd, 8638518.332, 94
Trd, 8638518.782, 62
Trd, 8638519.732, 139
Trd, 8638520.182, 114
Trd, 8638520.682, 140
Trd, 8638522.282, 113
Trd, 8638524.582, 106
Trd, 8638524.882, 140
Trd, 8638525.182, 140
Trd, 8638525.582, 104
Trd, 8638526.382, 140
Trd, 8638527.782, 117
Trd, 8638529.032, 105
Trd, 8638529.632, 110
Trd, 8638530.582, 138
Trd, 8638530.782, 133
Trd, 8638531.782, 140
Trd, 8638535.732, 140
Trd, 8638535.782, 135
Trd, 8638535.932, 92
Trd, 8638536.882, 136
Trd, 8638537.232, 140
Trd, 8638537.632, 116
Trd, 8638537.932, 127
Trd, 8638538.332, 116
Trd, 8638539.432, 140
Trd, 8638540.682, 140
Trd, 8638542.482, 125
Trd, 8638543.032, 102
Trd, 8638543.482, 115
Trd, 8638543.832, 135
Trd, 8638545.032, 126
Trd, 8638545.882, 120
Trd, 8638545.982, 94
Trd, 8638548.032, 139
Trd, 8638548.332, 95
Trd, 8638549.232, 108
Trd, 8638549.582, 89
Trd, 8638549.632, 83
Trd, 8638550.382, 140
Trd, 8638552.382, 68
Trd, 8638552.732, 62
Trd, 8638553.232, 116
Trd, 8638554.232, 131
Trd, 8638554.432, 102
Trd, 8638554.782, 66
Trd, 8638556.982, 108
Trd, 8638557.332, 118
Trd, 8638557.632, 140
Trd, 8638558.782, 139
Trd, 8638561.132, 140
Trd, 8638561.232, 116
Trd, 8638562.932, 123
Trd, 8638563.082, 91
Trd, 8638563.432, 137
Trd, 8638565.082, 140
Trd, 8638565.682, 140
Trd, 8638565.982, 126
Trd, 8638567.082, 119
Trd, 8638568.632, 140
Trd, 8638568.682, 135
Trd, 8638569.382, 135
Trd, 8638570.482, 140
Trd, 8638571.732, 117
Trd, 8638571.982, 110
Trd, 8638573.432, 139
Trd, 8638573.782, 107
Trd, 8638574.132, 117
Trd, 8638574.882, 140
Trd, 8638575.682, 140
Trd, 8638577.282, 122
Trd, 8638577.782, 135
Trd, 8638579.182, 106
Trd, 8638579.782, 121
Trd, 8638580.082, 94
Trd, 8638580.582, 104
Trd, 8638582.032, 129
Trd, 8638582.982, 140
Trd, 8638584.382, 117
Trd, 8638584.532, 110
Trd, 8638587.332, 140
Trd, 8638587.882, 140
Trd, 8638588.482, 140
Trd, 8638588.732, 125
Trd, 8638589.032, 140
Trd, 8638590.132, 131
Trd, 8638590.332, 121
Trd, 8638591.282, 131
Trd, 8638591.432, 100
Trd, 8638592.132, 100
Trd, 8638593.082, 130
Trd, 8638593.132, 121
Trd, 8638594.632, 100
Trd, 8638595.682, 139
Trd, 8638596.982, 98
Trd, 8638597.482, 133
Trd, 8638598.032, 140
Trd, 8638598.432, 98
Trd, 8638598.482, 94
Trd, 8638599.382, 100
Trd, 8638600.632, 134
Trd, 8638601.332, 140
Trd, 8638602.732, 123
Trd, 8638603.932, 128
Trd, 8638604.132, 102
Trd, 8638605.182, 101
Trd, 8638605.982, 114
Trd, 8638606.582, 72
Trd, 8638606.832, 115
Trd, 8638607.382, 140
Trd, 8638607.832, 116
Trd, 8638608.682, 140
Trd, 8638609.732, 137
Trd, 8638610.282, 101
Trd, 8638611.332, 109
Trd, 8638613.132, 106
Trd, 8638615.032, 139
Trd, 8638615.132, 90
Trd, 8638615.432, 140
Trd, 8638615.782, 140
Trd, 8638617.282, 119
Trd, 8638617.632, 99
Trd, 8638619.832, 119
Trd, 8638620.732, 104
Trd, 8638621.182, 102
Trd, 8638622.082, 93
Trd, 8638623.532, 140
Trd, 8638624.582, 140
Trd, 8638625.032, 134
Trd, 8638625.532, 138
Trd, 8638625.982, 97
Trd, 8638627.232, 123
Trd, 8638628.932, 140
Trd, 8638629.482, 120
Trd, 8638630.782, 71
Trd, 8638631.382, 116
Trd, 8638632.632, 101
Trd, 8638633.082, 131
Trd, 8638633.832, 140
Trd, 8638635.732, 140
Trd, 8638635.832, 102
Trd, 8638636.482, 103
Trd, 8638636.832, 111
Trd, 8638638.082, 113
Trd, 8638638.482, 140
Trd, 8638639.282, 117
Trd, 8638641.332, 140
Trd, 8638642.582, 140
Trd, 8638643.232, 139
Trd, 8638643.582, 105
Trd, 8638643.632, 98
Trd, 8638644.782, 110
Trd, 8638646.182, 128
Trd, 8638646.332, 104
Trd, 8638647.232, 140
Trd, 8638648.982, 139
Trd, 8638649.132, 121
Trd, 8638649.882, 133
Trd, 8638650.732, 113
Trd, 8638651.632, 111
Trd, 8638652.332, 105
Trd, 8638653.682, 140
Trd, 8638654.232, 140
Trd, 8638655.932, 120
Trd, 8638656.582, 106
Trd, 8638658.232, 140
Trd, 8638658.782, 134
Trd, 8638659.132, 124
Trd, 8638659.682, 140
Trd, 8638660.782, 103
Trd, 8638661.332, 140
Trd, 8638661.732, 88
Trd, 8638662.582, 140
Trd, 8638665.482, 108
Trd, 8638665.632, 104
Trd, 8638666.732, 140
Trd, 8638667.232, 117
Trd, 8638668.182, 140
Trd, 8638668.432, 113
Trd, 8638668.582, 108
Trd, 8638669.782, 140
Trd, 8638672.832, 122
Trd, 8638673.332, 140
Trd, 8638674.082, 135
Trd, 8638674.482, 103
Trd, 8638676.782, 140
Trd, 8638677.082, 138
Trd, 8638677.182, 116
Trd, 8638677.382, 102
Trd, 8638679.032, 131
Trd, 8638679.782, 113
Trd, 8638680.382, 140
Trd, 8638681.182, 137
Trd, 8638682.532, 122
Trd, 8638682.682, 108
Trd, 8638683.332, 127
Trd, 8638684.882, 136
Trd, 8638687.182, 138
Trd, 8638687.232, 119
Trd, 8638688.082, 116
Trd, 8638689.132, 140
Trd, 8638689.732, 132
Trd, 8638689.932, 102
Trd, 8638691.132, 98
Trd, 8638691.332, 86
Trd, 8638691.882, 99
Trd, 8638692.182, 127
Trd, 8638693.882, 131
Trd, 8638694.282, 92
Trd, 8638697.032, 139
Trd, 8638697.282, 137
Trd, 8638699.032, 109
Trd, 8638699.382, 114
Trd, 8638699.682, 114
Trd, 8638700.132, 108
Trd, 8638700.832, 140
Trd, 8638701.932, 126
Trd, 8638703.232, 78
Trd, 8638703.932, 72
Trd, 8638705.332, 122
Trd, 8638705.932, 129
Trd, 8638706.082, 96
Trd, 8638706.832, 130
Trd, 8638707.132, 72
Trd, 8638708.182, 134
Trd, 8638708.982, 138
Trd, 8638709.932, 99
Trd, 8638710.532, 98
Trd, 8638710.882, 140
Trd, 8638713.232, 124
Trd, 8638713.332, 104
Trd, 8638713.382, 101
Trd, 8638715.882, 136
Trd, 8638716.282, 121
Trd, 8638716.882, 114
Trd, 8638717.532, 140
Trd, 8638719.732, 140
Trd, 8638719.982, 139
Trd, 8638722.782, 140
Trd, 8638723.282, 117
Trd, 8638723.932, 116
Trd, 8638724.032, 106
Trd, 8638724.232, 140
Trd, 8638724.782, 135
Trd, 8638726.382, 127
Trd, 8638726.432, 102
Trd, 8638727.582, 138
Trd, 8638727.932, 127
Trd, 8638729.082, 138
Trd, 8638730.532, 137
Trd, 8638731.932, 138
Trd, 8638733.182, 140
Trd, 8638733.482, 114
Trd, 8638734.382, 109
Trd, 8638735.332, 140
Trd, 8638736.232, 124
Trd, 8638736.582, 102
Trd, 8638737.532, 139
Trd, 8638738.332, 101
Trd, 8638739.732, 140
Trd, 8638740.182, 104
Trd, 8638740.282, 99
Trd, 8638741.032, 139
Trd, 8638741.082, 130
Trd, 8638741.982, 138
Trd, 8638742.582, 84
Trd, 8638743.382, 75
Trd, 8638743.882, 76
Trd, 8638745.582, 113
Trd, 8638748.182, 129
Trd, 8638749.082, 105
Trd, 8638749.482, 128
Trd, 8638749.932, 140
Trd, 8638751.182, 140
Trd, 8638751.882, 139
Trd, 8638752.632, 140
Trd, 8638753.132, 134
Trd, 8638754.382, 118
Trd, 8638755.482, 118
Trd, 8638756.432, 117
Trd, 8638756.532, 102
Trd, 8638757.032, 96
Trd, 8638757.682, 140
Trd, 8638758.382, 101
Trd, 8638759.182, 97
Trd, 8638759.682, 104
Trd, 8638761.582, 112
Trd, 8638762.082, 106
Trd, 8638762.382, 136
Trd, 8638762.532, 113
Trd, 8638763.582, 114
Trd, 8638763.982, 99
Trd, 8638764.932, 140
Trd, 8638765.732, 108
Trd, 8638768.582, 139
Trd, 8638768.732, 139
Trd, 8638769.332, 120
Trd, 8638769.982, 117
Trd, 8638770.082, 111
Trd, 8638770.232, 140
Trd, 8638771.282, 96
Trd, 8638772.582, 140
Trd, 8638772.982, 119
Trd, 8638774.282, 108
Trd, 8638774.682, 138
Trd, 8638775.582, 79
Trd, 8638775.682, 88
Trd, 8638776.682, 63
Trd, 8638777.432, 76
Trd, 8638777.932, 108
Trd, 8638779.832, 122
Trd, 8638781.132, 128
Trd, 8638781.832, 139
Trd, 8638782.982, 140
Trd, 8638784.482, 93
Trd, 8638784.732, 96
Trd, 8638785.082, 129
Trd, 8638786.132, 82
Trd, 8638786.482, 139
Trd, 8638788.332, 111
Trd, 8638788.482, 105
Trd, 8638789.432, 139
Trd, 8638790.532, 122
Trd, 8638791.132, 140
Trd, 8638793.582, 140
Trd, 8638794.032, 133
Trd, 8638794.132, 87
Trd, 8638795.082, 116
Trd, 8638795.382, 70
Trd, 8638795.532, 125
Trd, 8638797.382, 105
Trd, 8638798.032, 136
Trd, 8638800.182, 126
Trd, 8638800.582, 111
Trd, 8638801.132, 86
Trd, 8638801.482, 74
Trd, 8638801.632, 72
Trd, 8638802.882, 139
Trd, 8638804.082, 123
Trd, 8638805.482, 122
Trd, 8638806.482, 137
Trd, 8638807.582, 139
Trd, 8638809.332, 139
Trd, 8638809.832, 134
Trd, 8638810.082, 129
Trd, 8638810.282, 113
Trd, 8638810.782, 117
Trd, 8638811.282, 85
Trd, 8638813.282, 140
Trd, 8638814.132, 134
Trd, 8638814.332, 125
Trd, 8638816.082, 138
Trd, 8638816.332, 140
Trd, 8638817.582, 132
Trd, 8638817.732, 123
Trd, 8638818.632, 109
Trd, 8638819.582, 140
Trd, 8638821.582, 123
Trd, 8638822.382, 140
Trd, 8638823.082, 138
Trd, 8638824.132, 137
Trd, 8638824.332, 111
Trd, 8638824.632, 95
Trd, 8638824.782, 89
Trd, 8638825.982, 97
Trd, 8638827.732, 140
Trd, 8638828.482, 137
Trd, 8638828.732, 121
Trd, 8638830.082, 99
Trd, 8638831.882, 139
Trd, 8638831.932, 128
Trd, 8638832.832, 89
Trd, 8638833.082, 101
Trd, 8638833.232, 89
Trd, 8638833.282, 88
Trd, 8638834.232, 130
Trd, 8638835.032, 140
Trd, 8638835.282, 123
Trd, 8638836.882, 70
Trd, 8638836.982, 68
Trd, 8638837.882, 137
Trd, 8638838.032, 92
Trd, 8638840.182, 108
Trd, 8638840.732, 140
Trd, 8638841.682, 130
Trd, 8638843.032, 80
Trd, 8638843.532, 101
Trd, 8638844.532, 135
Trd, 8638844.882, 140
Trd, 8638844.982, 85
Trd, 8638845.682, 130
Trd, 8638846.582, 138
Trd, 8638848.332, 101
Trd, 8638848.682, 88
Trd, 8638851.682, 128
Trd, 8638851.832, 93
Trd, 8638852.982, 140
Trd, 8638853.232, 136
Trd, 8638854.632, 140
Trd, 8638855.032, 96
Trd, 8638856.082, 85
Trd, 8638858.132, 140
Trd, 8638858.482, 105
Trd, 8638859.532, 120
Trd, 8638860.832, 140
Trd, 8638860.882, 139
Trd, 8638862.632, 130
Trd, 8638862.682, 111
Trd, 8638862.832, 103
Trd, 8638863.182, 88
Trd, 8638864.032, 65
Trd, 8638865.232, 140
Trd, 8638865.832, 111
Trd, 8638867.882, 130
Trd, 8638868.682, 128
Trd, 8638868.782, 113
Trd, 8638869.082, 96
Trd, 8638869.932, 140
Trd, 8638871.182, 139
Trd, 8638872.482, 136
Trd, 8638872.682, 120
Trd, 8638872.932, 80
Trd, 8638873.082, 70
Trd, 8638874.082, 65
Trd, 8638874.382, 126
Trd, 8638875.832, 140
Trd, 8638876.482, 117
Trd, 8638876.682, 139
Trd, 8638877.332, 110
Trd, 8638877.982, 92
Trd, 8638878.532, 66
Trd, 8638880.632, 138
Trd, 8638881.382, 138
Trd, 8638882.332, 140
Trd, 8638884.482, 133
Trd, 8638885.882, 137
Trd, 8638886.332, 132
Trd, 8638887.182, 99
Trd, 8638887.532, 93
Trd, 8638889.782, 140
Trd, 8638889.932, 124
Trd, 8638891.632, 137
Trd, 8638892.432, 102
Trd, 8638893.832, 137
Trd, 8638894.082, 101
Trd, 8638894.282, 88
Trd, 8638895.182, 106
Trd, 8638896.232, 140
Trd, 8638897.182, 112
Trd, 8638897.782, 107
Trd, 8638900.532, 140
Trd, 8638900.782, 110
Trd, 8638901.232, 78
Trd, 8638902.832, 140
Trd, 8638903.732, 135
Trd, 8638904.082, 131
Trd, 8638904.832, 115
Trd, 8638906.232, 140
Trd, 8638906.832, 109
Trd, 8638906.882, 72
Trd, 8638907.932, 116
Trd, 8638908.382, 138
Trd, 8638909.032, 108
Trd, 8638909.432, 107
Trd, 8638909.882, 128
Trd, 8638911.432, 113
Trd, 8638912.882, 139
Trd, 8638912.932, 95
Trd, 8638913.532, 140
Trd, 8638914.582, 113
Trd, 8638915.782, 117
Trd, 8638917.832, 139
Trd, 8638917.882, 127
Trd, 8638919.132, 134
Trd, 8638919.332, 127
Trd, 8638919.882, 115
Trd, 8638920.682, 140
Trd, 8638920.982, 61
Trd, 8638921.282, 70
Trd, 8638922.082, 81
Trd, 8638924.132, 90
Trd, 8638925.532, 122
Trd, 8638925.582, 113
Trd, 8638925.882, 108
Trd, 8638926.532, 138
Trd, 8638927.382, 100
Trd, 8638928.432, 102
Trd, 8638928.932, 137
Trd, 8638930.082, 139
Trd, 8638930.932, 135
Trd, 8638932.532, 139
Trd, 8638932.682, 139
Trd, 8638933.732, 131
Trd, 8638936.182, 139
Trd, 8638936.582, 107
Trd, 8638936.832, 105
Trd, 8638937.032, 139
Trd, 8638938.582, 135
Trd, 8638939.232, 138
Trd, 8638939.732, 115
Trd, 8638940.482, 121
Trd, 8638941.582, 96
Trd, 8638943.332, 139
Trd, 8638944.632, 138
Trd, 8638945.432, 116
Trd, 8638945.932, 114
Trd, 8638946.282, 115
Trd, 8638946.832, 116
Trd, 8638947.032, 111
Trd, 8638947.382, 101
Trd, 8638947.932, 129
Trd, 8638948.132, 99
Trd, 8638948.732, 112
Trd, 8638950.032, 140
Trd, 8638950.332, 138
Trd, 8638952.332, 140
Trd, 8638952.932, 125
Trd, 8638953.432, 103
Trd, 8638956.632, 139
Trd, 8638956.882, 114
Trd, 8638957.232, 137
Trd, 8638957.432, 110
Trd, 8638958.282, 140
Trd, 8638958.382, 104
Trd, 8638959.032, 116
Trd, 8638959.732, 140
Trd, 8638960.282, 129
Trd, 8638962.732, 82
Trd, 8638963.632, 140
Trd, 8638964.882, 139
Trd, 8638966.182, 135
Trd, 8638966.532, 107
Trd, 8638967.082, 136
Trd, 8638967.132, 108
Trd, 8638968.532, 130
Trd, 8638970.382, 139
Trd, 8638970.882, 139
Trd, 8638971.182, 122
Trd, 8638972.482, 132
Trd, 8638973.282, 115
Trd, 8638974.282, 123
Trd, 8638974.382, 94
Trd, 8638975.782, 92
Trd, 8638976.032, 140
Trd, 8638977.332, 140
Trd, 8638978.782, 135
Trd, 8638980.182, 140
Trd, 8638981.832, 109
Trd, 8638981.882, 102
Trd, 8638982.982, 84
Trd, 8638983.982, 140
Trd, 8638984.232, 140
Trd, 8638984.932, 105
Trd, 8638985.682, 137
Trd, 8638985.882, 130
Trd, 8638986.132, 79
Trd, 8638986.882, 97
Trd, 8638987.832, 104
Trd, 8638989.282, 138
Trd, 8638989.532, 127
Trd, 8638991.982, 125
Trd, 8638992.182, 112
Trd, 8638993.482, 123
Trd, 8638993.532, 72
Trd, 8638993.832, 73
Trd, 8638994.782, 140
Trd, 8638995.132, 110
Trd, 8638996.832, 81
Trd, 8638998.182, 135
Trd, 8638999.082, 139
Trd, 8638999.482, 121
Trd, 8639001.332, 140
Trd, 8639001.882, 111
Trd, 8639001.982, 108
Trd, 8639003.982, 140
Trd, 8639004.232, 137
Trd, 8639005.132, 140
Trd, 8639005.282, 118
Trd, 8639006.232, 116
Trd, 8639007.032, 124
Trd, 8639007.132, 101
Trd, 8639007.282, 113
Trd, 8639008.332, 81
Trd, 8639010.582, 140
Trd, 8639011.582, 140
Trd, 8639013.632, 136
Trd, 8639013.932, 115
Trd, 8639014.282, 104
Trd, 8639016.032, 67
Trd, 8639016.532, 63
Trd, 8639016.882, 69
Trd, 8639018.432, 140
Trd, 8639018.482, 90
Trd, 8639018.682, 85
Trd, 8639019.132, 127
Trd, 8639019.932, 140
Trd, 8639021.482, 140
Trd, 8639021.632, 110
Trd, 8639023.182, 140
Trd, 8639024.832, 117
Trd, 8639025.132, 102
Trd, 8639025.432, 93
Trd, 8639025.882, 81
Trd, 8639026.632, 139
Trd, 8639027.182, 111
Trd, 8639028.082, 97
Trd, 8639028.682, 126
Trd, 8639029.482, 140
Trd, 8639029.582, 88
Trd, 8639030.432, 138
Trd, 8639033.332, 110
Trd, 8639033.482, 86
Trd, 8639033.982, 139
Trd, 8639034.432, 116
Trd, 8639035.482, 140
Trd, 8639035.882, 132
Trd, 8639036.682, 103
Trd, 8639037.182, 126
Trd, 8639038.032, 73
Trd, 8639039.582, 115
Trd, 8639040.432, 131
Trd, 8639041.382, 121
Trd, 8639042.482, 103
Trd, 8639042.682, 93
Trd, 8639043.082, 120
Trd, 8639043.582, 140
Trd, 8639043.982, 103
Trd, 8639044.032, 101
Trd, 8639044.532, 140
Trd, 8639046.682, 80
Trd, 8639048.632, 140
Trd, 8639048.682, 122
Trd, 8639050.082, 140
Trd, 8639050.182, 120
Trd, 8639050.682, 105
Trd, 8639051.232, 96
Trd, 8639052.032, 109
Trd, 8639053.182, 108
Trd, 8639053.682, 136
Trd, 8639055.032, 74
Trd, 8639056.482, 113
Trd, 8639056.882, 132
Trd, 8639057.582, 140
Trd, 8639057.982, 137
Trd, 8639058.032, 120
Trd, 8639059.082, 123
Trd, 8639059.832, 118
Trd, 8639060.182, 115
Trd, 8639060.732, 85
Trd, 8639061.582, 137
Trd, 8639061.832, 114
Trd, 8639062.482, 131
Trd, 8639062.582, 133
Trd, 8639062.732, 123
Trd, 8639063.532, 61
Trd, 8639064.982, 140
Trd, 8639065.832, 139
Trd, 8639066.032, 135
Trd, 8639068.982, 121
Trd, 8639069.232, 115
Trd, 8639070.982, 140
Trd, 8639071.332, 140
Trd, 8639072.082, 105
Trd, 8639074.232, 138
Trd, 8639074.282, 117
Trd, 8639074.932, 139
Trd, 8639076.232, 117
Trd, 8639076.332, 80
Trd, 8639077.382, 138
Trd, 8639078.432, 140
Trd, 8639078.582, 120
Trd, 8639078.732, 115
Trd, 8639079.232, 113
Trd, 8639080.832, 140
Trd, 8639080.932, 131
Trd, 8639081.332, 128
Trd, 8639082.382, 93
Trd, 8639083.132, 61
Trd, 8639084.132, 140
Trd, 8639084.232, 136
Trd, 8639087.582, 131
Trd, 8639088.532, 139
Trd, 8639089.282, 138
Trd, 8639089.832, 129
Trd, 8639090.182, 137
Trd, 8639092.182, 94
Trd, 8639092.232, 89
Trd, 8639092.732, 89
Trd, 8639093.782, 139
Trd, 8639094.232, 128
Trd, 8639095.682, 131
Trd, 8639096.582, 140
Trd, 8639098.832, 139
Trd, 8639099.132, 116
Trd, 8639101.032, 115
Trd, 8639101.682, 116
Trd, 8639102.182, 131
Trd, 8639102.932, 135
Trd, 8639103.082, 121
Trd, 8639104.482, 88
Trd, 8639104.782, 111
Trd, 8639104.932, 63
Trd, 8639105.482, 121
Trd, 8639106.282, 113
Trd, 8639106.832, 109
Trd, 8639107.832, 104
Trd, 8639108.482, 139
Trd, 8639108.782, 109
Trd, 8639109.432, 90
Trd, 8639110.732, 112
Trd, 8639112.532, 138
Trd, 8639112.582, 104
Trd, 8639114.832, 137
Trd, 8639115.032, 114
Trd, 8639117.282, 140
Trd, 8639117.832, 137
Trd, 8639118.232, 135
Trd, 8639118.532, 121
Trd, 8639120.332, 139
Trd, 8639122.482, 123
Trd, 8639122.632, 113
Trd, 8639122.782, 104
Trd, 8639124.582, 139
Trd, 8639125.582, 103
Trd, 8639125.682, 87
Trd, 8639125.782, 86
Trd, 8639126.332, 139
Trd, 8639126.382, 101
Trd, 8639126.532, 83
Trd, 8639128.532, 139
Trd, 8639130.332, 140
Trd, 8639130.432, 117
Trd, 8639130.932, 134
Trd, 8639131.282, 88
Trd, 8639132.482, 137
Trd, 8639132.832, 123
Trd, 8639133.282, 129
Trd, 8639133.932, 105
Trd, 8639134.982, 86
Trd, 8639135.582, 81
Trd, 8639136.232, 119
Trd, 8639137.082, 117
Trd, 8639138.032, 140
Trd, 8639139.532, 139
Trd, 8639140.532, 138
Trd, 8639141.532, 113
Trd, 8639141.682, 113
Trd, 8639142.682, 139
Trd, 8639143.982, 94
Trd, 8639144.732, 140
Trd, 8639145.032, 101
Trd, 8639145.282, 91
Trd, 8639145.732, 64
Trd, 8639146.282, 60
Trd, 8639147.982, 135
Trd, 8639148.232, 122
Trd, 8639149.432, 79
Trd, 8639150.482, 115
Trd, 8639150.832, 100
Trd, 8639151.382, 91
Trd, 8639151.632, 79
Trd, 8639153.482, 139
Trd, 8639153.982, 133
Trd, 8639154.482, 140
Trd, 8639156.182, 140
Trd, 8639157.732, 140
Trd, 8639158.132, 112
Trd, 8639158.832, 101
Trd, 8639158.882, 89
Trd, 8639160.032, 99
Trd, 8639160.932, 87
Trd, 8639161.582, 139
Trd, 8639161.632, 82
Trd, 8639161.982, 138
Trd, 8639162.982, 117
Trd, 8639163.582, 140
Trd, 8639163.782, 138
Trd, 8639164.182, 129
Trd, 8639164.282, 103
Trd, 8639166.482, 100
Trd, 8639167.182, 122
Trd, 8639167.882, 121
Trd, 8639168.132, 77
Trd, 8639168.332, 139
Trd, 8639168.882, 135
Trd, 8639169.132, 122
Trd, 8639169.632, 89
Trd, 8639171.032, 131
Trd, 8639171.332, 113
Trd, 8639172.832, 140
Trd, 8639172.882, 129
Trd, 8639174.282, 137
Trd, 8639174.332, 137
Trd, 8639174.982, 110
Trd, 8639175.932, 84
Trd, 8639176.782, 131
Trd, 8639177.032, 113
Trd, 8639178.482, 121
Trd, 8639179.282, 104
Trd, 8639179.882, 101
Trd, 8639180.232, 86
Trd, 8639180.832, 117
Trd, 8639180.982, 99
Trd, 8639184.132, 139
Trd, 8639185.032, 140
Trd, 8639185.782, 139
Trd, 8639186.082, 113
Trd, 8639186.182, 110
Trd, 8639187.782, 133
Trd, 8639188.982, 105
Trd, 8639190.232, 112
Trd, 8639190.832, 137
Trd, 8639191.582, 125
Trd, 8639192.282, 86
Trd, 8639192.982, 117
Trd, 8639193.332, 116
Trd, 8639193.582, 64
Trd, 8639193.982, 69
Trd, 8639194.532, 70
Trd, 8639195.432, 78
Trd, 8639198.282, 134
Trd, 8639198.632, 98
Trd, 8639198.882, 87
Trd, 8639200.182, 110
Trd, 8639202.882, 140
Trd, 8639203.232, 138
Trd, 8639204.482, 139
Trd, 8639204.582, 136
Trd, 8639206.282, 111
Trd, 8639206.432, 108
Trd, 8639206.832, 140
Trd, 8639207.782, 94
Trd, 8639208.832, 140
Trd, 8639211.082, 107
Trd, 8639211.582, 102
Trd, 8639212.882, 123
Trd, 8639213.232, 140
Trd, 8639213.632, 131
Trd, 8639213.682, 105
Trd, 8639214.482, 64
Trd, 8639215.082, 69
Trd, 8639215.582, 131
Trd, 8639217.182, 113
Trd, 8639218.132, 140
Trd, 8639218.982, 99
Trd, 8639219.082, 86
Trd, 8639219.332, 140
Trd, 8639219.832, 93
Trd, 8639220.982, 139
Trd, 8639221.582, 140
Trd, 8639222.132, 97
Trd, 8639224.532, 134
Trd, 8639225.482, 112
Trd, 8639225.682, 95
Trd, 8639226.232, 137
Trd, 8639226.782, 74
Trd, 8639227.232, 109
Trd, 8639227.482, 132
Trd, 8639228.882, 107
Trd, 8639230.432, 139
Trd, 8639231.832, 140
Trd, 8639233.382, 102
Trd, 8639233.482, 97
Trd, 8639233.582, 79
Trd, 8639233.682, 113
Trd, 8639233.732, 77
Trd, 8639233.932, 76
Trd, 8639234.782, 70
Trd, 8639235.132, 61
Trd, 8639237.882, 139
Trd, 8639238.782, 140
Trd, 8639239.832, 139
Trd, 8639240.182, 120
Trd, 8639240.732, 117
Trd, 8639240.982, 77
Trd, 8639242.482, 140
Trd, 8639242.582, 117
Trd, 8639242.732, 96
Trd, 8639242.932, 84
Trd, 8639244.032, 138
Trd, 8639245.532, 108
Trd, 8639246.932, 119
Trd, 8639247.482, 139
Trd, 8639248.132, 140
Trd, 8639248.182, 118
Trd, 8639248.232, 117
Trd, 8639250.282, 134
Trd, 8639251.182, 93
Trd, 8639251.432, 128
Trd, 8639251.482, 110
Trd, 8639252.332, 78
Trd, 8639253.882, 133
Trd, 8639253.932, 119
Trd, 8639254.532, 76
Trd, 8639254.982, 65
Trd, 8639255.682, 139
Trd, 8639257.182, 117
Trd, 8639258.632, 92
Trd, 8639258.832, 86
Trd, 8639259.232, 139
Trd, 8639260.682, 137
Trd, 8639261.632, 132
Trd, 8639261.882, 109
Trd, 8639263.782, 139
Trd, 8639263.982, 124
Trd, 8639264.732, 140
Trd, 8639265.282, 108
Trd, 8639265.332, 97
Trd, 8639266.032, 103
Trd, 8639267.332, 140
Trd, 8639267.582, 140
Trd, 8639268.232, 133
Trd, 8639271.432, 136
Trd, 8639272.132, 138
Trd, 8639272.832, 140
Trd, 8639273.282, 140
Trd, 8639273.982, 123
Trd, 8639275.232, 140
Trd, 8639275.482, 140
Trd, 8639275.982, 109
Trd, 8639276.282, 109
Trd, 8639276.632, 125
Trd, 8639277.382, 140
Trd, 8639278.132, 132
Trd, 8639281.332, 114
Trd, 8639281.932, 110
Trd, 8639282.032, 89
Trd, 8639283.382, 140
Trd, 8639283.432, 139
Trd, 8639283.632, 139
Trd, 8639284.232, 112
Trd, 8639284.332, 111
Trd, 8639287.032, 140
Trd, 8639288.032, 137
Trd, 8639288.432, 131
Trd, 8639289.432, 110
Trd, 8639289.632, 118
Trd, 8639290.282, 140
Trd, 8639290.682, 138
Trd, 8639291.882, 110
Trd, 8639292.082, 98
Trd, 8639293.532, 140
Trd, 8639293.932, 130
Trd, 8639294.482, 139
Trd, 8639294.532, 120
Trd, 8639295.732, 109
Trd, 8639295.832, 140
Trd, 8639297.032, 138
Trd, 8639297.232, 125
Trd, 8639299.332, 131
Trd, 8639300.182, 126
Trd, 8639300.632, 105
Trd, 8639301.032, 107
Trd, 8639301.382, 123
Trd, 8639302.182, 99
Trd, 8639303.232, 128
Trd, 8639303.332, 97
Trd, 8639303.582, 82
Trd, 8639304.732, 140
Trd, 8639305.732, 124
Trd, 8639307.082, 101
Trd, 8639308.882, 140
Trd, 8639309.032, 126
Trd, 8639310.232, 99
Trd, 8639310.882, 91
Trd, 8639311.132, 76
Trd, 8639311.882, 139
Trd, 8639312.232, 118
Trd, 8639313.282, 111
Trd, 8639314.532, 133
Trd, 8639316.382, 140
Trd, 8639317.232, 133
Trd, 8639317.282, 110
Trd, 8639318.032, 94
Trd, 8639318.882, 140
Trd, 8639319.582, 124
Trd, 8639319.782, 91
Trd, 8639321.232, 132
Trd, 8639321.832, 103
Trd, 8639322.282, 106
Trd, 8639323.082, 103
Trd, 8639324.232, 111
Trd, 8639324.882, 134
Trd, 8639324.932, 136
Trd, 8639325.032, 133
Trd, 8639326.582, 138
Trd, 8639326.732, 124
Trd, 8639327.932, 105
Trd, 8639328.782, 77
Trd, 8639330.332, 138
Trd, 8639330.532, 136
Trd, 8639331.182, 139
Trd, 8639331.532, 120
Trd, 8639333.182, 140
Trd, 8639333.382, 120
Trd, 8639333.482, 110
Trd, 8639334.282, 139
Trd, 8639334.832, 124
Trd, 8639335.032, 98
Trd, 8639336.582, 140
Trd, 8639336.932, 86
Trd, 8639337.032, 80
Trd, 8639337.482, 113
Trd, 8639338.632, 136
Trd, 8639340.582, 140
Trd, 8639341.082, 140
Trd, 8639341.582, 140
Trd, 8639341.782, 140
Trd, 8639341.982, 120
Trd, 8639343.232, 128
Trd, 8639344.282, 111
Trd, 8639344.982, 99
Trd, 8639345.082, 89
Trd, 8639346.182, 140
Trd, 8639347.532, 140
Trd, 8639347.732, 135
Trd, 8639348.182, 140
Trd, 8639348.632, 132
Trd, 8639349.282, 102
Trd, 8639349.632, 90
Trd, 8639351.482, 112
Trd, 8639352.332, 61
Trd, 8639352.982, 68
Trd, 8639353.782, 81
Trd, 8639354.482, 89
Trd, 8639354.832, 92
Trd, 8639356.582, 138
Trd, 8639356.782, 121
Trd, 8639357.732, 107
Trd, 8639359.182, 100
Trd, 8639360.132, 134
Trd, 8639360.482, 135
Trd, 8639360.882, 99
Trd, 8639361.682, 88
Trd, 8639362.682, 125
Trd, 8639362.732, 98
Trd, 8639363.482, 139
Trd, 8639364.832, 129
Trd, 8639365.782, 139
Trd, 8639366.532, 139
Trd, 8639367.032, 140
Trd, 8639367.782, 128
Trd, 8639369.732, 140
Trd, 8639369.832, 117
Trd, 8639369.882, 107
Trd, 8639371.232, 127
Trd, 8639372.232, 88
Trd, 8639372.832, 138
Trd, 8639373.982, 110
Trd, 8639374.932, 140
Trd, 8639375.532, 108
Trd, 8639375.732, 101
Trd, 8639375.982, 75
Trd, 8639377.082, 102
Trd, 8639377.532, 86
Trd, 8639378.032, 73
Trd, 8639378.732, 138
Trd, 8639379.532, 85
Trd, 8639380.182, 95
Trd, 8639380.482, 116
Trd, 8639380.682, 87
Trd, 8639380.832, 139
Trd, 8639383.232, 140
Trd, 8639384.082, 135
Trd, 8639384.732, 106
Trd, 8639385.032, 139
Trd, 8639385.532, 104
Trd, 8639385.632, 99
Trd, 8639388.982, 140
Trd, 8639389.982, 139
Trd, 8639390.132, 109
Trd, 8639390.432, 118
Trd, 8639390.732, 108
Trd, 8639391.332, 140
Trd, 8639392.132, 123
Trd, 8639392.982, 120
Trd, 8639393.582, 89
Trd, 8639395.432, 139
Trd, 8639395.582, 111
Trd, 8639396.332, 96
Trd, 8639396.732, 81
Trd, 8639399.632, 140
Trd, 8639400.482, 138
Trd, 8639401.082, 138
Trd, 8639401.132, 137
Trd, 8639401.582, 128
Trd, 8639401.932, 110
Trd, 8639402.582, 111
Trd, 8639402.782, 124
Trd, 8639403.182, 100
Trd, 8639404.182, 135
Trd, 8639405.182, 140
Trd, 8639405.232, 138
Trd, 8639405.382, 90
Trd, 8639408.782, 140
Trd, 8639410.232, 140
Trd, 8639410.482, 138
Trd, 8639410.632, 119
Trd, 8639411.182, 121
Trd, 8639412.032, 95
Trd, 8639414.032, 139
Trd, 8639414.432, 140
Trd, 8639414.982, 116
Trd, 8639415.982, 139
Trd, 8639417.082, 137
Trd, 8639417.282, 131
Trd, 8639417.782, 115
Trd, 8639417.932, 118
Trd, 8639418.432, 71
Trd, 8639421.282, 140
Trd, 8639422.082, 138
Trd, 8639422.832, 138
Trd, 8639422.882, 124
Trd, 8639423.032, 106
Trd, 8639424.532, 69
Trd, 8639426.732, 140
Trd, 8639427.182, 129
Trd, 8639428.532, 113
Trd, 8639429.332, 109
Trd, 8639430.132, 117
Trd, 8639430.282, 109
Trd, 8639430.332, 103
Trd, 8639430.382, 120
Trd, 8639431.832, 140
Trd, 8639432.082, 95
Trd, 8639433.582, 110
Trd, 8639434.332, 140
Trd, 8639434.782, 137
Trd, 8639435.282, 127
Trd, 8639435.632, 106
Trd, 8639436.282, 121
Trd, 8639436.482, 97
Trd, 8639437.882, 137
Trd, 8639439.332, 92
Trd, 8639439.732, 136
Trd, 8639440.082, 114
Trd, 8639440.982, 99
Trd, 8639442.332, 140
Trd, 8639443.482, 127
Trd, 8639445.582, 140
Trd, 8639446.182, 139
Trd, 8639446.682, 131
Trd, 8639447.082, 136
Trd, 8639447.382, 117
Trd, 8639449.482, 140
Trd, 8639449.932, 140
Trd, 8639454.132, 133
Trd, 8639455.032, 111
Trd, 8639455.082, 105
Trd, 8639456.182, 139
Trd, 8639457.382, 123
Trd, 8639457.782, 107
Trd, 8639458.182, 139
Trd, 8639458.732, 108
Trd, 8639459.182, 138
Trd, 8639459.632, 100
Trd, 8639460.332, 96
Trd, 8639460.432, 95
Trd, 8639462.882, 140
Trd, 8639462.982, 140
Trd, 8639464.782, 135
Trd, 8639465.632, 136
Trd, 8639466.032, 129
Trd, 8639466.232, 116
Trd, 8639466.982, 117
Trd, 8639468.832, 118
Trd, 8639468.982, 121
Trd, 8639469.282, 106
Trd, 8639471.032, 128
Trd, 8639471.332, 133
Trd, 8639473.082, 140
Trd, 8639473.432, 98
Trd, 8639473.582, 65
Trd, 8639474.782, 60
Trd, 8639475.082, 65
Trd, 8639476.082, 130
Trd, 8639476.732, 107
Trd, 8639476.982, 124
Trd, 8639477.082, 79
Trd, 8639478.532, 62
Trd, 8639478.782, 129
Trd, 8639480.582, 125
Trd, 8639481.282, 135
Trd, 8639481.532, 114
Trd, 8639482.382, 138
Trd, 8639482.582, 140
Trd, 8639482.882, 135
Trd, 8639483.182, 130
Trd, 8639484.632, 88
Trd, 8639486.082, 122
Trd, 8639486.332, 105
Trd, 8639486.382, 93
Trd, 8639487.382, 119
Trd, 8639488.182, 112
Trd, 8639488.932, 119
Trd, 8639489.682, 98
Trd, 8639491.932, 121
Trd, 8639492.182, 99
Trd, 8639492.332, 89
Trd, 8639492.682, 86
Trd, 8639492.732, 75
Trd, 8639493.832, 93
Trd, 8639495.782, 123
Trd, 8639495.832, 115
Trd, 8639496.032, 140
Trd, 8639496.232, 140
Trd, 8639497.282, 131
Trd, 8639497.932, 139
Trd, 8639500.032, 134
Trd, 8639500.282, 84
Trd, 8639501.182, 97
Trd, 8639501.432, 112
Trd, 8639501.632, 127
Trd, 8639502.332, 83
Trd, 8639504.332, 96
Trd, 8639504.882, 129
Trd, 8639507.282, 137
Trd, 8639507.832, 133
Trd, 8639508.682, 92
Trd, 8639509.582, 140
Trd, 8639510.282, 115
Trd, 8639510.332, 101
Trd, 8639510.482, 100
Trd, 8639510.682, 96
Trd, 8639513.532, 133
Trd, 8639513.682, 119
Trd, 8639514.432, 137
Trd, 8639516.082, 139
Trd, 8639516.882, 114
Trd, 8639518.182, 140
Trd, 8639520.232, 140
Trd, 8639520.732, 140
Trd, 8639521.282, 136
Trd, 8639521.732, 120
Trd, 8639521.782, 114
Trd, 8639522.082, 87
Trd, 8639522.682, 126
Trd, 8639523.782, 134
Trd, 8639524.832, 129
Trd, 8639525.482, 138
Trd, 8639525.782, 124
Trd, 8639525.982, 111
Trd, 8639526.132, 110
Trd, 8639526.482, 106
Trd, 8639527.332, 138
Trd, 8639529.582, 66
Trd, 8639529.782, 81
Trd, 8639530.482, 131
Trd, 8639530.932, 129
Trd, 8639531.032, 125
Trd, 8639532.732, 139
Trd, 8639534.232, 140
Trd, 8639535.882, 108
Trd, 8639535.982, 131
Trd, 8639537.232, 116
Trd, 8639538.532, 130
Trd, 8639538.882, 140
Trd, 8639540.782, 113
Trd, 8639540.882, 112
Trd, 8639542.482, 138
Trd, 8639543.082, 79
Trd, 8639543.582, 132
Trd, 8639543.932, 88
Trd, 8639545.332, 126
Trd, 8639546.432, 140
Trd, 8639547.932, 140
Trd, 8639548.032, 117
Trd, 8639548.082, 102
Trd, 8639550.682, 140
Trd, 8639550.932, 137
Trd, 8639551.482, 132
Trd, 8639551.732, 116
Trd, 8639552.532, 140
Trd, 8639553.732, 80
Trd, 8639554.932, 105
Trd, 8639555.032, 139
Trd, 8639555.232, 123
Trd, 8639557.132, 140
Trd, 8639558.532, 124
Trd, 8639559.282, 111
Trd, 8639560.332, 140
Trd, 8639561.182, 139
Trd, 8639561.232, 119
Trd, 8639561.282, 118
Trd, 8639561.882, 82
Trd, 8639564.682, 139
Trd, 8639565.232, 128
Trd, 8639565.582, 138
Trd, 8639566.582, 92
Trd, 8639567.332, 94
Trd, 8639567.982, 90
Trd, 8639568.832, 89
Trd, 8639569.382, 91
Trd, 8639570.182, 138
Trd, 8639570.482, 113
Trd, 8639571.382, 116
Trd, 8639572.282, 140
Trd, 8639573.082, 98
Trd, 8639573.982, 131
Trd, 8639574.682, 62
Trd, 8639574.732, 62
Trd, 8639574.982, 63
Trd, 8639576.632, 139
Trd, 8639577.582, 140
Trd, 8639579.482, 122
Trd, 8639581.282, 139
Trd, 8639582.532, 140
Trd, 8639583.082, 129
Trd, 8639584.032, 131
Trd, 8639584.182, 126
Trd, 8639584.632, 112
Trd, 8639585.032, 81
Trd, 8639585.332, 135
Trd, 8639586.382, 140
Trd, 8639587.732, 137
Trd, 8639588.932, 118
Trd, 8639590.732, 139
Trd, 8639590.782, 130
Trd, 8639590.882, 127
Trd, 8639594.432, 140
Trd, 8639594.732, 138
Trd, 8639594.882, 120
Trd, 8639595.482, 119
Trd, 8639595.732, 94
Trd, 8639596.532, 140
Trd, 8639598.432, 136
Trd, 8639598.682, 135
Trd, 8639600.182, 139
Trd, 8639600.532, 109
Trd, 8639600.582, 102
Trd, 8639602.032, 121
Trd, 8639603.982, 131
Trd, 8639604.532, 139
Trd, 8639605.532, 140
Trd, 8639605.682, 130
Trd, 8639606.732, 129
Trd, 8639607.632, 117
Trd, 8639608.982, 120
Trd, 8639610.432, 140
Trd, 8639611.482, 135
Trd, 8639611.582, 135
Trd, 8639612.032, 119
Trd, 8639612.132, 101
Trd, 8639613.832, 118
Trd, 8639615.332, 139
Trd, 8639615.532, 131
Trd, 8639616.732, 140
Trd, 8639617.082, 106
Trd, 8639617.632, 98
Trd, 8639617.782, 83
Trd, 8639618.082, 65
Trd, 8639618.782, 100
Trd, 8639620.832, 138
Trd, 8639620.932, 136
Trd, 8639621.932, 121
Trd, 8639622.582, 134
Trd, 8639622.882, 91
Trd, 8639623.332, 139
Trd, 8639624.632, 137
Trd, 8639625.032, 111
Trd, 8639625.382, 98
Trd, 8639625.632, 87
Trd, 8639626.432, 129
Trd, 8639627.432, 65
Trd, 8639628.832, 71
Trd, 8639630.132, 98
Trd, 8639630.432, 139
Trd, 8639630.882, 109
Trd, 8639631.182, 74
Trd, 8639632.782, 140
Trd, 8639633.732, 131
Trd, 8639634.132, 98
Trd, 8639635.182, 137
Trd, 8639635.232, 116
Trd, 8639636.182, 140
Trd, 8639636.832, 140
Trd, 8639637.882, 117
Trd, 8639640.182, 136
Trd, 8639641.182, 138
Trd, 8639642.332, 136
Trd, 8639642.532, 138
Trd, 8639646.082, 140
Trd, 8639646.582, 120
Trd, 8639646.632, 116
Trd, 8639647.282, 61
Trd, 8639647.782, 133
Trd, 8639648.032, 100
Trd, 8639648.932, 139
Trd, 8639649.232, 98
Trd, 8639649.932, 120
Trd, 8639650.682, 105
Trd, 8639652.032, 140
Trd, 8639654.532, 140
Trd, 8639654.582, 139
Trd, 8639655.732, 104
Trd, 8639656.282, 119
Trd, 8639656.332, 134
Trd, 8639657.532, 107
Trd, 8639658.132, 83
Trd, 8639658.432, 79
Trd, 8639659.132, 83
Trd, 8639659.432, 139
Trd, 8639659.582, 121
Trd, 8639660.482, 109
Trd, 8639662.082, 136
Trd, 8639663.132, 121
Trd, 8639664.232, 140
Trd, 8639665.082, 139
Trd, 8639665.982, 138
Trd, 8639667.032, 140
Trd, 8639667.332, 132
Trd, 8639668.332, 138
Trd, 8639668.482, 117
Trd, 8639668.532, 116
Trd, 8639671.082, 140
Trd, 8639671.682, 86
Trd, 8639673.082, 102
Trd, 8639673.582, 124
Trd, 8639673.982, 101
Trd, 8639674.982, 140
Trd, 8639675.182, 125
Trd, 8639675.482, 119
Trd, 8639676.282, 103
Trd, 8639677.482, 135
Trd, 8639678.682, 110
Trd, 8639679.332, 128
Trd, 8639681.032, 138
Trd, 8639681.432, 99
Trd, 8639682.082, 101
Trd, 8639683.132, 140
Trd, 8639683.482, 123
Trd, 8639684.582, 118
Trd, 8639685.182, 84
Trd, 8639685.332, 81
Trd, 8639686.082, 92
Trd, 8639687.732, 108
Trd, 8639688.882, 106
Trd, 8639689.582, 139
Trd, 8639690.282, 119
Trd, 8639690.632, 133
Trd, 8639691.632, 98
Trd, 8639691.932, 138
Trd, 8639693.582, 134
Trd, 8639694.532, 140
Trd, 8639695.132, 137
Trd, 8639696.032, 80
Trd, 8639697.082, 104
Trd, 8639697.782, 117
Trd, 8639698.082, 93
Trd, 8639698.232, 91
Trd, 8639699.932, 81
Trd, 8639701.032, 140
Trd, 8639701.082, 117
Trd, 8639701.932, 139
Trd, 8639702.082, 122
Trd, 8639703.932, 139
Trd, 8639706.532, 133
Trd, 8639707.732, 138
Trd, 8639708.332, 136
Trd, 8639709.132, 132
Trd, 8639709.332, 138
Trd, 8639709.782, 119
Trd, 8639710.182, 114
Trd, 8639710.532, 76
Trd, 8639711.182, 74
Trd, 8639712.082, 103
Trd, 8639713.632, 97
Trd, 8639714.232, 108
Trd, 8639715.682, 140
Trd, 8639715.932, 140
Trd, 8639717.532, 139
Trd, 8639717.932, 130
Trd, 8639718.732, 138
Trd, 8639719.082, 99
Trd, 8639721.032, 138
Trd, 8639722.832, 113
Trd, 8639722.932, 86
Trd, 8639723.182, 99
Trd, 8639723.482, 62
Trd, 8639724.082, 85
Trd, 8639724.782, 61
Trd, 8639725.282, 72
Trd, 8639725.632, 70
Trd, 8639726.132, 107
Trd, 8639730.432, 140
Trd, 8639731.332, 139
Trd, 8639732.682, 134
Trd, 8639735.032, 134
Trd, 8639735.132, 88
Trd, 8639735.532, 115
Trd, 8639736.832, 135
Trd, 8639736.982, 129
Trd, 8639737.932, 139
Trd, 8639738.732, 106
Trd, 8639740.132, 84
Trd, 8639741.832, 139
Trd, 8639741.982, 133
Trd, 8639742.282, 111
Trd, 8639743.482, 107
Trd, 8639743.782, 124
Trd, 8639744.632, 138
Trd, 8639744.882, 140
Trd, 8639745.232, 134
Trd, 8639746.682, 111
Trd, 8639746.832, 97
Trd, 8639747.582, 101
Trd, 8639749.282, 138
Trd, 8639750.482, 85
Trd, 8639751.582, 140
Trd, 8639751.682, 94
Trd, 8639752.082, 87
Trd, 8639753.532, 140
Trd, 8639756.432, 135
Trd, 8639756.632, 127
Trd, 8639756.732, 117
Trd, 8639757.482, 137
Trd, 8639758.432, 118
Trd, 8639759.432, 110
Trd, 8639759.682, 108
Trd, 8639759.882, 91
Trd, 8639762.282, 139
Trd, 8639762.582, 134
Trd, 8639763.032, 123
Trd, 8639763.232, 119
Trd, 8639763.932, 118
Trd, 8639765.632, 140
Trd, 8639767.082, 140
Trd, 8639767.382, 137
Trd, 8639768.732, 130
Trd, 8639769.332, 109
Trd, 8639769.782, 97
Trd, 8639769.882, 109
Trd, 8639770.032, 95
Trd, 8639770.382, 137
Trd, 8639770.782, 121
Trd, 8639771.182, 114
Trd, 8639773.682, 122
Trd, 8639774.132, 121
Trd, 8639775.032, 138
Trd, 8639775.382, 103
Trd, 8639775.432, 96
Trd, 8639776.032, 127
Trd, 8639776.382, 100
Trd, 8639778.082, 140
Trd, 8639778.932, 136
Trd, 8639779.132, 130
Trd, 8639779.182, 128
Trd, 8639779.632, 92
Trd, 8639779.782, 139
Trd, 8639781.182, 80
Trd, 8639781.632, 96
Trd, 8639782.182, 86
Trd, 8639783.232, 140
Trd, 8639784.732, 140
Trd, 8639784.782, 92
Trd, 8639785.532, 92
Trd, 8639787.582, 140
Trd, 8639788.432, 140
Trd, 8639789.482, 131
Trd, 8639790.482, 135
Trd, 8639790.682, 131
Trd, 8639792.682, 138
Trd, 8639793.332, 108
Trd, 8639794.232, 104
Trd, 8639795.032, 140
Trd, 8639795.232, 121
Trd, 8639795.682, 115
Trd, 8639796.232, 94
Trd, 8639797.482, 140
Trd, 8639799.132, 138
Trd, 8639800.982, 112
Trd, 8639801.182, 124
Trd, 8639801.232, 103
Trd, 8639803.232, 140
Trd, 8639803.282, 135
Trd, 8639803.882, 114
Trd, 8639805.182, 68
Trd, 8639806.082, 122
Trd, 8639806.382, 69
Trd, 8639808.782, 140
Trd, 8639809.332, 135
Trd, 8639810.582, 139
Trd, 8639810.882, 138
Trd, 8639810.932, 111
Trd, 8639811.932, 106
Trd, 8639812.632, 97
Trd, 8639812.682, 83
Trd, 8639816.882, 122
Trd, 8639817.182, 106
Trd, 8639817.282, 140
Trd, 8639818.182, 140
Trd, 8639818.932, 98
Trd, 8639818.982, 129
Trd, 8639819.682, 98
Trd, 8639819.882, 94
Trd, 8639823.082, 140
Trd, 8639823.432, 140
Trd, 8639823.832, 130
Trd, 8639824.032, 128
Trd, 8639824.282, 105
Trd, 8639825.632, 100
Trd, 8639825.982, 103
Trd, 8639826.582, 140
Trd, 8639826.682, 106
Trd, 8639827.682, 79
Trd, 8639827.732, 76
Trd, 8639830.532, 140
Trd, 8639830.882, 126
Trd, 8639831.782, 116
Trd, 8639831.832, 99
Trd, 8639832.832, 130
Trd, 8639833.182, 108
Trd, 8639833.982, 140
Trd, 8639834.882, 140
Trd, 8639837.282, 135
Trd, 8639837.532, 118
Trd, 8639837.732, 120
Trd, 8639837.932, 117
Trd, 8639837.982, 98
Trd, 8639838.232, 113
Trd, 8639839.132, 139
Trd, 8639840.832, 139
Trd, 8639841.832, 137
Trd, 8639843.482, 139
Trd, 8639844.332, 112
Trd, 8639844.532, 124
Trd, 8639845.182, 109
Trd, 8639846.132, 139
Trd, 8639847.182, 139
Trd, 8639848.032, 129
Trd, 8639848.232, 127
Trd, 8639850.732, 135
Trd, 8639851.082, 93
Trd, 8639851.832, 140
Trd, 8639854.182, 140
Trd, 8639855.832, 139
Trd, 8639856.632, 138
Trd, 8639857.132, 139
Trd, 8639857.932, 133
Trd, 8639858.082, 104
Trd, 8639859.782, 138
Trd, 8639859.882, 106
Trd, 8639859.932, 80
Trd, 8639861.482, 140
Trd, 8639861.982, 102
Trd, 8639862.882, 140
Trd, 8639863.582, 136
Trd, 8639863.982, 140
Trd, 8639864.082, 89
Trd, 8639864.682, 90
Trd, 8639865.832, 98
Trd, 8639866.182, 86
Trd, 8639866.932, 139
Trd, 8639867.632, 139
Trd, 8639869.482, 125
Trd, 8639871.432, 137
Trd, 8639871.732, 138
Trd, 8639872.582, 108
Trd, 8639873.232, 93
Trd, 8639873.732, 87
Trd, 8639873.782, 104
Trd, 8639874.832, 93
Trd, 8639875.982, 60
Trd, 8639876.332, 140
Trd, 8639876.582, 140
Trd, 8639876.782, 129
Trd, 8639878.382, 140
Trd, 8639879.082, 112
Trd, 8639879.932, 111
Trd, 8639880.932, 113
Trd, 8639881.832, 91
Trd, 8639883.832, 140
Trd, 8639884.232, 140
Trd, 8639884.482, 130
Trd, 8639885.432, 118
Trd, 8639886.432, 72
Trd, 8639886.832, 140
Trd, 8639887.232, 129
Trd, 8639889.282, 136
Trd, 8639890.982, 139
Trd, 8639891.232, 122
Trd, 8639892.182, 94
Trd, 8639892.982, 124
Trd, 8639893.432, 113
Trd, 8639894.182, 96
Trd, 8639894.482, 132
Trd, 8639894.882, 137
Trd, 8639894.932, 96
Trd, 8639896.482, 111
Trd, 8639899.082, 139
Trd, 8639900.382, 139
Trd, 8639900.582, 116
Trd, 8639900.682, 107
Trd, 8639901.932, 132
Trd, 8639903.032, 140
Trd, 8639903.882, 140
Trd, 8639905.282, 120
Trd, 8639905.782, 108
Trd, 8639906.032, 140
Trd, 8639906.682, 140
Trd, 8639908.982, 140
Trd, 8639909.382, 132
Trd, 8639909.982, 129
Trd, 8639910.282, 111
Trd, 8639910.382, 101
Trd, 8639911.382, 139
Trd, 8639913.132, 139
Trd, 8639913.332, 138
Trd, 8639914.582, 110
Trd, 8639915.482, 85
Trd, 8639915.532, 74
Trd, 8639916.582, 103
Trd, 8639918.482, 65
Trd, 8639918.532, 82
Trd, 8639918.982, 113
Trd, 8639919.632, 140
Trd, 8639920.682, 139
Trd, 8639921.182, 109
Trd, 8639922.532, 101
Trd, 8639923.082, 112
Trd, 8639923.732, 91
Trd, 8639925.782, 140
Trd, 8639926.432, 138
Trd, 8639926.532, 136
Trd, 8639927.532, 110
Trd, 8639929.682, 107
Trd, 8639930.782, 140
Trd, 8639931.082, 117
Trd, 8639931.132, 95
Trd, 8639932.432, 136
Trd, 8639933.582, 140
Trd, 8639934.182, 140
Trd, 8639936.382, 139
Trd, 8639936.682, 114
Trd, 8639937.732, 114
Trd, 8639937.832, 112
Trd, 8639940.282, 139
Trd, 8639940.482, 135
Trd, 8639940.582, 139
Trd, 8639941.332, 139
Trd, 8639941.382, 125
Trd, 8639941.832, 84
Trd, 8639942.782, 139
Trd, 8639944.432, 99
Trd, 8639946.482, 130
Trd, 8639946.732, 123
Trd, 8639947.382, 137
Trd, 8639947.632, 140
Trd, 8639947.682, 118
Trd, 8639949.682, 125
Trd, 8639950.582, 138
Trd, 8639951.232, 107
Trd, 8639951.882, 88
Trd, 8639952.082, 81
Trd, 8639953.332, 135
Trd, 8639953.982, 117
Trd, 8639954.182, 131
Trd, 8639955.432, 140
Trd, 8639957.032, 140
Trd, 8639957.182, 124
Trd, 8639957.982, 122
Trd, 8639959.032, 140
Trd, 8639961.482, 140
Trd, 8639961.532, 135
Trd, 8639963.032, 113
Trd, 8639963.282, 89
Trd, 8639965.732, 138
Trd, 8639966.132, 132
Trd, 8639967.732, 139
Trd, 8639968.232, 139
Trd, 8639969.432, 140
Trd, 8639969.532, 138
Trd, 8639969.582, 121
Trd, 8639970.332, 109
Trd, 8639972.982, 132
Trd, 8639973.532, 114
Trd, 8639974.432, 121
Trd, 8639974.782, 124
Trd, 8639974.882, 110
Trd, 8639974.932, 89
Trd, 8639975.232, 77
Trd, 8639976.332, 130
Trd, 8639977.932, 134
Trd, 8639978.232, 112
Trd, 8639979.582, 139
Trd, 8639980.232, 140
Trd, 8639981.482, 110
Trd, 8639981.882, 102
Trd, 8639983.582, 140
Trd, 8639985.632, 139
Trd, 8639986.282, 137
Trd, 8639986.382, 125
Trd, 8639987.082, 140
Trd, 8639987.532, 140
Trd, 8639988.832, 125
Trd, 8639989.682, 138
Trd, 8639990.432, 137
Trd, 8639991.582, 78
Trd, 8639992.782, 139
Trd, 8639993.682, 139
Trd, 8639994.182, 94
Trd, 8639994.282, 99
Trd, 8639994.582, 92
Trd, 8639995.032, 123
Trd, 8639995.682, 89
Trd, 8639996.332, 98
Trd, 8639997.382, 69
Trd, 8639997.482, 76
Trd, 8639998.182, 71
Trd, 8639999.482, 139
