Trd, 8638144.882, 115
Trd, 8638145.232, 116
Trd, 8638145.282, 105
Trd, 8638146.432, 118
Trd, 8638148.082, 95
Trd, 8638148.332, 82
Trd, 8638148.582, 77
Trd, 8638149.132, 68
Trd, 8638150.432, 125
Trd, 8638150.532, 115
Trd, 8638150.932, 114
Trd, 8638151.432, 105
Trd, 8638152.132, 124
Trd, 8638152.882, 94
Trd, 8638152.982, 95
Trd, 8638153.432, 97
Trd, 8638153.682, 85
Trd, 8638154.432, 64
Trd, 8638154.882, 63
Trd, 8638156.182, 81
Trd, 8638157.282, 79
Trd, 8638157.482, 94
Trd, 8638158.482, 113
Trd, 8638158.682, 88
Trd, 8638159.182, 62
Trd, 8638159.682, 65
Trd, 8638160.632, 62
Trd, 8638160.832, 83
Trd, 8638161.782, 77
Trd, 8638163.132, 121
Trd, 8638163.982, 126
Trd, 8638165.082, 134
Trd, 8638165.932, 127
Trd, 8638166.632, 119
Trd, 8638167.032, 120
Trd, 8638168.382, 132
Trd, 8638169.032, 137
Trd, 8638170.382, 117
Trd, 8638171.082, 105
Trd, 8638171.482, 79
Trd, 8638171.732, 75
Trd, 8638172.132, 91
Trd, 8638172.482, 134
Trd, 8638173.532, 61
Trd, 8638174.482, 60
Trd, 8638175.882, 89
Trd, 8638176.032, 63
Trd, 8638177.082, 104
Trd, 8638177.732, 105
Trd, 8638177.782, 85
Trd, 8638178.732, 78
Trd, 8638179.482, 139
Trd, 8638180.832, 121
Trd, 8638181.132, 112
Trd, 8638182.932, 105
Trd, 8638183.032, 90
Trd, 8638185.232, 121
Trd, 8638185.332, 109
Trd, 8638186.232, 72
Trd, 8638186.482, 62
Trd, 8638186.632, 62
Trd, 8638187.232, 66
Trd, 8638188.532, 140
Trd, 8638189.532, 140
Trd, 8638189.632, 125
Trd, 8638190.632, 85
Trd, 8638191.032, 122
Trd, 8638192.932, 128
Trd, 8638193.032, 111
Trd, 8638193.782, 122
Trd, 8638194.282, 117
Trd, 8638195.032, 93
Trd, 8638196.832, 130
Trd, 8638196.982, 122
Trd, 8638197.182, 117
Trd, 8638198.032, 107
Trd, 8638198.482, 96
Trd, 8638199.832, 135
Trd, 8638200.832, 101
Trd, 8638201.232, 118
Trd, 8638202.082, 100
Trd, 8638203.132, 92
Trd, 8638203.532, 89
Trd, 8638204.382, 72
Trd, 8638205.632, 87
Trd, 8638206.082, 80
Trd, 8638206.382, 91
Trd, 8638207.632, 104
Trd, 8638210.782, 135
Trd, 8638211.082, 130
Trd, 8638211.332, 110
Trd, 8638211.882, 86
Trd, 8638212.332, 91
Trd, 8638212.982, 89
Trd, 8638213.132, 95
Trd, 8638214.032, 85
Trd, 8638214.682, 122
Trd, 8638215.532, 125
Trd, 8638215.932, 103
Trd, 8638216.432, 100
Trd, 8638216.932, 100
Trd, 8638217.482, 97
Trd, 8638217.582, 95
Trd, 8638217.982, 89
Trd, 8638219.282, 60
Trd, 8638219.582, 79
Trd, 8638221.432, 102
Trd, 8638222.682, 63
Trd, 8638222.782, 96
Trd, 8638223.232, 138
Trd, 8638223.732, 118
Trd, 8638225.882, 132
Trd, 8638226.982, 105
Trd, 8638227.032, 99
Trd, 8638227.332, 112
Trd, 8638227.732, 96
Trd, 8638229.032, 79
Trd, 8638230.532, 89
Trd, 8638231.382, 130
Trd, 8638231.782, 106
Trd, 8638232.682, 103
Trd, 8638232.732, 93
Trd, 8638233.582, 135
Trd, 8638234.132, 62
Trd, 8638234.532, 132
Trd, 8638235.882, 73
Trd, 8638237.082, 66
Trd, 8638237.582, 68
Trd, 8638237.632, 73
Trd, 8638239.232, 126
Trd, 8638239.682, 83
Trd, 8638240.432, 105
Trd, 8638240.832, 65
Trd, 8638242.232, 114
Trd, 8638242.282, 110
Trd, 8638242.482, 103
Trd, 8638244.032, 136
Trd, 8638244.182, 113
Trd, 8638244.782, 133
Trd, 8638246.432, 93
Trd, 8638246.882, 128
Trd, 8638249.082, 133
Trd, 8638249.382, 110
Trd, 8638249.482, 94
Trd, 8638249.632, 139
Trd, 8638250.082, 71
Trd, 8638251.182, 61
Trd, 8638252.282, 65
Trd, 8638254.132, 66
Trd, 8638254.282, 112
Trd, 8638255.532, 95
Trd, 8638256.082, 76
Trd, 8638256.482, 79
Trd, 8638256.582, 67
Trd, 8638256.732, 67
Trd, 8638258.482, 131
Trd, 8638259.232, 112
Trd, 8638260.682, 109
Trd, 8638260.732, 109
Trd, 8638260.932, 106
Trd, 8638261.182, 112
Trd, 8638261.932, 115
Trd, 8638262.082, 97
Trd, 8638262.682, 82
Trd, 8638262.932, 81
Trd, 8638263.682, 94
Trd, 8638265.132, 126
Trd, 8638265.582, 139
Trd, 8638266.032, 98
Trd, 8638267.582, 77
Trd, 8638268.832, 125
Trd, 8638270.032, 121
Trd, 8638270.082, 105
Trd, 8638270.182, 91
Trd, 8638270.382, 87
Trd, 8638272.232, 127
Trd, 8638272.332, 120
Trd, 8638272.782, 72
Trd, 8638273.132, 87
Trd, 8638273.582, 107
Trd, 8638274.932, 118
Trd, 8638275.682, 117
Trd, 8638276.182, 103
Trd, 8638276.382, 76
Trd, 8638278.082, 129
Trd, 8638278.282, 125
Trd, 8638278.332, 118
Trd, 8638279.532, 127
Trd, 8638280.382, 117
Trd, 8638282.982, 134
Trd, 8638283.282, 132
Trd, 8638284.132, 85
Trd, 8638284.932, 104
Trd, 8638284.982, 67
Trd, 8638286.082, 133
Trd, 8638286.632, 118
Trd, 8638287.832, 136
Trd, 8638288.282, 139
Trd, 8638288.532, 116
Trd, 8638289.632, 138
Trd, 8638289.782, 133
Trd, 8638290.882, 117
Trd, 8638291.882, 128
Trd, 8638292.132, 107
Trd, 8638292.882, 105
Trd, 8638293.932, 103
Trd, 8638294.782, 103
Trd, 8638295.782, 126
Trd, 8638296.032, 112
Trd, 8638296.832, 102
Trd, 8638297.332, 70
Trd, 8638298.182, 91
Trd, 8638298.382, 99
Trd, 8638299.282, 135
Trd, 8638300.732, 82
Trd, 8638302.732, 125
Trd, 8638302.832, 110
Trd, 8638303.432, 60
Trd, 8638303.832, 85
Trd, 8638305.082, 93
Trd, 8638305.232, 116
Trd, 8638308.132, 135
Trd, 8638308.282, 129
Trd, 8638309.082, 120
Trd, 8638309.382, 115
Trd, 8638311.482, 140
Trd, 8638311.532, 134
Trd, 8638312.432, 100
Trd, 8638313.332, 98
Trd, 8638314.382, 114
Trd, 8638314.482, 92
Trd, 8638315.132, 118
Trd, 8638316.282, 134
Trd, 8638317.032, 129
Trd, 8638317.932, 92
Trd, 8638318.032, 86
Trd, 8638320.382, 120
Trd, 8638320.482, 109
Trd, 8638320.582, 104
Trd, 8638321.482, 131
Trd, 8638322.682, 127
Trd, 8638323.182, 121
Trd, 8638323.332, 136
Trd, 8638323.532, 128
Trd, 8638324.782, 102
Trd, 8638325.132, 88
Trd, 8638325.732, 109
Trd, 8638326.782, 122
Trd, 8638327.382, 129
Trd, 8638328.132, 122
Trd, 8638328.682, 115
Trd, 8638329.082, 137
Trd, 8638330.082, 102
Trd, 8638331.082, 98
Trd, 8638331.132, 68
Trd, 8638331.782, 128
Trd, 8638332.382, 83
Trd, 8638333.782, 102
Trd, 8638333.932, 99
Trd, 8638335.082, 90
Trd, 8638335.982, 140
Trd, 8638336.632, 115
Trd, 8638337.032, 108
Trd, 8638339.232, 131
Trd, 8638339.282, 119
Trd, 8638340.082, 119
Trd, 8638340.232, 112
Trd, 8638340.332, 107
Trd, 8638340.682, 108
Trd, 8638340.782, 107
Trd, 8638341.032, 94
Trd, 8638341.432, 91
Trd, 8638341.682, 89
Trd, 8638342.982, 133
Trd, 8638344.782, 122
Trd, 8638345.132, 123
Trd, 8638345.232, 102
Trd, 8638346.432, 110
Trd, 8638346.482, 93
Trd, 8638347.232, 126
Trd, 8638348.282, 110
Trd, 8638348.632, 106
Trd, 8638348.882, 113
Trd, 8638349.182, 123
Trd, 8638349.982, 91
Trd, 8638350.782, 67
Trd, 8638351.482, 70
Trd, 8638351.782, 60
Trd, 8638352.782, 70
Trd, 8638354.482, 98
Trd, 8638355.132, 91
Trd, 8638355.882, 114
Trd, 8638357.482, 103
Trd, 8638357.832, 88
Trd, 8638359.232, 81
Trd, 8638359.532, 80
Trd, 8638359.632, 69
Trd, 8638359.932, 75
Trd, 8638360.282, 71
Trd, 8638361.532, 82
Trd, 8638362.332, 137
Trd, 8638363.132, 134
Trd, 8638364.032, 112
Trd, 8638364.532, 110
Trd, 8638364.682, 106
Trd, 8638364.932, 93
Trd, 8638365.082, 120
Trd, 8638365.882, 84
Trd, 8638366.082, 124
Trd, 8638367.682, 79
Trd, 8638369.232, 118
Trd, 8638369.982, 78
Trd, 8638370.482, 110
Trd, 8638370.982, 70
Trd, 8638371.332, 66
Trd, 8638372.982, 126
Trd, 8638374.182, 131
Trd, 8638374.282, 121
Trd, 8638374.382, 100
Trd, 8638374.682, 88
Trd, 8638375.032, 129
Trd, 8638375.232, 137
Trd, 8638376.782, 114
Trd, 8638377.932, 115
Trd, 8638378.332, 95
Trd, 8638379.532, 84
Trd, 8638379.932, 70
Trd, 8638380.932, 68
Trd, 8638381.532, 66
Trd, 8638381.732, 101
Trd, 8638381.832, 65
Trd, 8638383.882, 132
Trd, 8638383.932, 129
Trd, 8638384.332, 125
Trd, 8638385.682, 122
Trd, 8638387.582, 123
Trd, 8638387.982, 120
Trd, 8638388.332, 117
Trd, 8638389.332, 113
Trd, 8638389.982, 104
Trd, 8638390.182, 108
Trd, 8638390.382, 136
Trd, 8638392.532, 73
Trd, 8638393.782, 119
Trd, 8638394.832, 124
Trd, 8638395.632, 112
Trd, 8638396.082, 121
Trd, 8638397.332, 97
Trd, 8638397.732, 115
Trd, 8638398.082, 112
Trd, 8638398.232, 108
Trd, 8638398.782, 107
Trd, 8638399.432, 102
Trd, 8638399.732, 72
Trd, 8638401.632, 62
Trd, 8638401.732, 66
Trd, 8638403.082, 65
Trd, 8638403.582, 89
Trd, 8638405.232, 133
Trd, 8638405.532, 119
Trd, 8638405.732, 117
Trd, 8638406.532, 126
Trd, 8638407.282, 116
Trd, 8638407.982, 122
Trd, 8638408.032, 114
Trd, 8638409.532, 138
Trd, 8638409.932, 135
Trd, 8638409.982, 130
Trd, 8638410.582, 128
Trd, 8638410.982, 122
Trd, 8638411.032, 115
Trd, 8638411.732, 118
Trd, 8638412.282, 92
Trd, 8638414.032, 76
Trd, 8638414.332, 89
Trd, 8638415.032, 76
Trd, 8638415.832, 73
Trd, 8638418.182, 119
Trd, 8638418.482, 136
Trd, 8638419.182, 129
Trd, 8638420.832, 118
Trd, 8638420.982, 112
Trd, 8638422.182, 101
Trd, 8638423.132, 105
Trd, 8638424.632, 113
Trd, 8638424.882, 97
Trd, 8638425.132, 108
Trd, 8638425.282, 118
Trd, 8638425.782, 90
Trd, 8638427.032, 112
Trd, 8638427.732, 102
Trd, 8638427.832, 84
Trd, 8638428.182, 108
Trd, 8638428.832, 139
Trd, 8638430.332, 131
Trd, 8638430.482, 125
Trd, 8638430.582, 114
Trd, 8638430.782, 110
Trd, 8638431.932, 83
Trd, 8638432.982, 132
Trd, 8638433.232, 130
Trd, 8638433.732, 128
Trd, 8638434.332, 65
Trd, 8638435.982, 126
Trd, 8638436.532, 110
Trd, 8638437.232, 121
Trd, 8638437.782, 134
Trd, 8638438.232, 117
Trd, 8638438.332, 84
Trd, 8638440.732, 86
Trd, 8638441.282, 128
Trd, 8638441.982, 105
Trd, 8638442.532, 93
Trd, 8638442.582, 83
Trd, 8638443.282, 118
Trd, 8638444.182, 97
Trd, 8638444.232, 95
Trd, 8638445.582, 126
Trd, 8638446.382, 137
Trd, 8638446.582, 113
Trd, 8638446.782, 72
Trd, 8638447.382, 112
Trd, 8638447.482, 93
Trd, 8638449.082, 73
Trd, 8638449.482, 111
Trd, 8638449.582, 84
Trd, 8638450.182, 66
Trd, 8638451.382, 111
Trd, 8638452.782, 134
Trd, 8638452.932, 129
Trd, 8638453.932, 115
Trd, 8638454.332, 91
Trd, 8638454.382, 102
Trd, 8638456.132, 71
Trd, 8638456.382, 60
Trd, 8638457.432, 106
Trd, 8638457.532, 115
Trd, 8638459.882, 61
Trd, 8638460.382, 105
Trd, 8638460.582, 133
Trd, 8638461.082, 108
Trd, 8638461.832, 137
Trd, 8638462.032, 128
Trd, 8638462.332, 109
Trd, 8638463.432, 130
Trd, 8638463.582, 126
Trd, 8638463.782, 123
Trd, 8638464.082, 136
Trd, 8638464.632, 102
Trd, 8638465.332, 109
Trd, 8638465.982, 97
Trd, 8638466.032, 90
Trd, 8638466.382, 69
Trd, 8638467.682, 116
Trd, 8638468.982, 98
Trd, 8638469.732, 95
Trd, 8638470.032, 84
Trd, 8638470.682, 69
Trd, 8638471.132, 77
Trd, 8638471.432, 72
Trd, 8638471.482, 71
Trd, 8638471.682, 117
Trd, 8638472.582, 94
Trd, 8638472.682, 90
Trd, 8638474.082, 71
Trd, 8638475.182, 65
Trd, 8638476.232, 61
Trd, 8638477.332, 75
Trd, 8638477.882, 137
Trd, 8638478.482, 86
Trd, 8638479.082, 60
Trd, 8638479.332, 84
Trd, 8638480.832, 115
Trd, 8638481.232, 137
Trd, 8638481.282, 113
Trd, 8638482.332, 96
Trd, 8638482.732, 82
Trd, 8638482.932, 102
Trd, 8638483.982, 71
Trd, 8638484.332, 113
Trd, 8638484.582, 71
Trd, 8638485.732, 129
Trd, 8638486.032, 126
Trd, 8638486.682, 119
Trd, 8638487.332, 90
Trd, 8638488.382, 60
Trd, 8638489.632, 113
Trd, 8638490.482, 92
Trd, 8638491.082, 136
Trd, 8638491.132, 86
Trd, 8638492.782, 134
Trd, 8638493.082, 75
Trd, 8638494.132, 93
Trd, 8638494.532, 78
Trd, 8638494.832, 135
Trd, 8638495.132, 130
Trd, 8638495.982, 108
Trd, 8638496.532, 65
Trd, 8638497.182, 73
Trd, 8638497.732, 122
Trd, 8638498.232, 121
Trd, 8638498.332, 117
Trd, 8638498.382, 89
Trd, 8638502.032, 94
Trd, 8638502.732, 96
Trd, 8638503.332, 109
Trd, 8638503.582, 108
Trd, 8638504.232, 109
Trd, 8638504.982, 105
Trd, 8638506.282, 111
Trd, 8638506.432, 95
Trd, 8638506.982, 107
Trd, 8638507.182, 96
Trd, 8638508.132, 89
Trd, 8638509.232, 72
Trd, 8638509.282, 88
Trd, 8638510.282, 104
Trd, 8638510.782, 94
Trd, 8638510.982, 65
Trd, 8638511.782, 124
Trd, 8638512.982, 126
Trd, 8638513.682, 113
Trd, 8638514.132, 113
Trd, 8638514.632, 112
Trd, 8638514.782, 108
Trd, 8638515.082, 108
Trd, 8638515.932, 81
Trd, 8638517.032, 80
Trd, 8638517.182, 88
Trd, 8638517.832, 115
Trd, 8638518.582, 110
Trd, 8638518.782, 97
Trd, 8638519.032, 95
Trd, 8638519.882, 103
Trd, 8638519.932, 108
Trd, 8638520.832, 61
Trd, 8638521.782, 90
Trd, 8638523.932, 85
Trd, 8638524.182, 76
Trd, 8638524.682, 112
Trd, 8638524.882, 129
Trd, 8638525.782, 118
Trd, 8638526.282, 96
Trd, 8638528.182, 79
Trd, 8638529.082, 79
Trd, 8638529.182, 77
Trd, 8638529.882, 98
Trd, 8638530.182, 62
Trd, 8638530.632, 61
Trd, 8638531.082, 60
Trd, 8638531.582, 62
Trd, 8638531.782, 106
Trd, 8638532.982, 61
Trd, 8638534.132, 86
Trd, 8638535.382, 134
Trd, 8638536.132, 92
Trd, 8638536.582, 107
Trd, 8638536.632, 102
Trd, 8638536.732, 89
Trd, 8638538.182, 126
Trd, 8638538.632, 136
Trd, 8638539.632, 116
Trd, 8638539.832, 114
Trd, 8638540.282, 97
Trd, 8638541.532, 131
Trd, 8638542.682, 74
Trd, 8638543.532, 76
Trd, 8638543.932, 105
Trd, 8638544.982, 93
Trd, 8638545.732, 122
Trd, 8638545.982, 104
Trd, 8638546.432, 99
Trd, 8638548.632, 138
Trd, 8638548.732, 126
Trd, 8638549.032, 117
Trd, 8638549.632, 122
Trd, 8638550.332, 116
Trd, 8638551.082, 129
Trd, 8638552.082, 131
Trd, 8638552.582, 127
Trd, 8638552.882, 113
Trd, 8638553.632, 104
Trd, 8638553.932, 124
Trd, 8638554.682, 61
Trd, 8638554.932, 123
Trd, 8638555.882, 68
Trd, 8638555.932, 102
Trd, 8638558.682, 104
Trd, 8638559.532, 61
Trd, 8638560.482, 75
Trd, 8638560.532, 84
Trd, 8638560.782, 101
Trd, 8638562.682, 106
Trd, 8638563.082, 132
Trd, 8638563.532, 119
Trd, 8638565.782, 102
Trd, 8638566.232, 119
Trd, 8638567.132, 135
Trd, 8638567.182, 123
Trd, 8638567.682, 102
Trd, 8638567.832, 100
Trd, 8638568.532, 118
Trd, 8638569.132, 118
Trd, 8638572.232, 118
Trd, 8638572.282, 113
Trd, 8638572.332, 89
Trd, 8638572.582, 108
Trd, 8638573.282, 67
Trd, 8638576.132, 138
Trd, 8638577.082, 122
Trd, 8638577.432, 116
Trd, 8638577.682, 115
Trd, 8638577.732, 113
Trd, 8638577.982, 113
Trd, 8638579.082, 138
Trd, 8638579.382, 137
Trd, 8638579.982, 127
Trd, 8638580.782, 128
Trd, 8638581.532, 131
Trd, 8638582.032, 88
Trd, 8638583.732, 100
Trd, 8638584.082, 90
Trd, 8638585.782, 78
Trd, 8638585.832, 77
Trd, 8638586.732, 115
Trd, 8638586.832, 113
Trd, 8638587.482, 80
Trd, 8638587.682, 127
Trd, 8638588.332, 64
Trd, 8638589.132, 91
Trd, 8638589.582, 67
Trd, 8638590.182, 72
Trd, 8638590.732, 62
Trd, 8638591.532, 91
Trd, 8638593.032, 115
Trd, 8638595.132, 107
Trd, 8638595.582, 121
Trd, 8638595.732, 101
Trd, 8638595.782, 99
Trd, 8638595.832, 80
Trd, 8638597.182, 127
Trd, 8638597.632, 102
Trd, 8638598.232, 140
Trd, 8638598.532, 95
Trd, 8638599.132, 134
Trd, 8638600.932, 98
Trd, 8638600.982, 97
Trd, 8638601.182, 94
Trd, 8638601.732, 139
Trd, 8638602.982, 135
Trd, 8638603.032, 93
Trd, 8638603.632, 129
Trd, 8638605.482, 106
Trd, 8638605.882, 131
Trd, 8638607.232, 104
Trd, 8638607.932, 102
Trd, 8638608.032, 77
Trd, 8638609.532, 114
Trd, 8638610.482, 114
Trd, 8638610.932, 140
Trd, 8638610.982, 134
Trd, 8638611.632, 81
Trd, 8638613.182, 82
Trd, 8638613.732, 130
Trd, 8638614.382, 124
Trd, 8638615.032, 62
Trd, 8638615.082, 81
Trd, 8638616.482, 62
Trd, 8638617.232, 80
Trd, 8638618.032, 63
Trd, 8638618.232, 60
Trd, 8638619.832, 75
Trd, 8638620.082, 92
Trd, 8638620.932, 106
Trd, 8638621.782, 130
Trd, 8638622.532, 110
Trd, 8638623.082, 107
Trd, 8638623.282, 95
Trd, 8638623.982, 102
Trd, 8638625.082, 119
Trd, 8638625.532, 98
Trd, 8638626.382, 79
Trd, 8638626.432, 75
Trd, 8638626.932, 113
Trd, 8638627.882, 104
Trd, 8638628.032, 117
Trd, 8638628.632, 64
Trd, 8638630.382, 116
Trd, 8638632.032, 113
Trd, 8638632.132, 88
Trd, 8638632.432, 108
Trd, 8638632.932, 99
Trd, 8638633.632, 93
Trd, 8638634.532, 102
Trd, 8638635.382, 135
Trd, 8638636.482, 112
Trd, 8638636.582, 93
Trd, 8638636.682, 78
Trd, 8638637.032, 70
Trd, 8638638.382, 61
Trd, 8638639.682, 60
Trd, 8638639.882, 83
Trd, 8638640.782, 109
Trd, 8638642.032, 64
Trd, 8638642.932, 115
Trd, 8638643.132, 114
Trd, 8638644.282, 98
Trd, 8638645.482, 89
Trd, 8638645.732, 82
Trd, 8638645.882, 99
Trd, 8638646.382, 88
Trd, 8638646.832, 80
Trd, 8638649.182, 137
Trd, 8638649.982, 114
Trd, 8638650.132, 107
Trd, 8638650.782, 106
Trd, 8638651.632, 61
Trd, 8638651.732, 74
Trd, 8638652.032, 81
Trd, 8638653.982, 131
Trd, 8638654.382, 67
Trd, 8638655.732, 91
Trd, 8638656.582, 95
Trd, 8638656.832, 112
Trd, 8638657.032, 73
Trd, 8638657.982, 62
Trd, 8638658.282, 65
Trd, 8638658.732, 60
Trd, 8638660.282, 68
Trd, 8638660.482, 116
Trd, 8638660.882, 100
Trd, 8638660.932, 82
Trd, 8638661.732, 67
Trd, 8638663.432, 67
Trd, 8638664.732, 75
Trd, 8638665.782, 106
Trd, 8638665.882, 130
Trd, 8638668.282, 115
Trd, 8638668.332, 110
Trd, 8638669.882, 137
Trd, 8638670.082, 102
Trd, 8638670.332, 98
Trd, 8638670.482, 73
Trd, 8638671.232, 97
Trd, 8638671.982, 102
Trd, 8638672.632, 120
Trd, 8638672.682, 82
Trd, 8638673.632, 65
Trd, 8638674.282, 110
Trd, 8638675.482, 89
Trd, 8638675.532, 96
Trd, 8638676.032, 88
Trd, 8638677.632, 94
Trd, 8638678.182, 105
Trd, 8638678.232, 83
Trd, 8638678.682, 105
Trd, 8638679.332, 99
Trd, 8638680.432, 97
Trd, 8638681.282, 124
Trd, 8638681.432, 102
Trd, 8638683.082, 135
Trd, 8638683.232, 100
Trd, 8638684.132, 97
Trd, 8638684.232, 86
Trd, 8638686.582, 128
Trd, 8638687.032, 124
Trd, 8638688.282, 128
Trd, 8638688.582, 99
Trd, 8638689.082, 117
Trd, 8638689.332, 128
Trd, 8638689.832, 127
Trd, 8638690.282, 136
Trd, 8638691.282, 133
Trd, 8638691.632, 121
Trd, 8638692.332, 120
Trd, 8638692.532, 105
Trd, 8638692.582, 86
Trd, 8638695.232, 109
Trd, 8638695.532, 104
Trd, 8638697.832, 120
Trd, 8638698.082, 109
Trd, 8638698.532, 128
Trd, 8638699.082, 103
Trd, 8638699.832, 98
Trd, 8638699.982, 126
Trd, 8638700.882, 69
Trd, 8638701.282, 68
Trd, 8638702.332, 76
Trd, 8638702.382, 92
Trd, 8638703.482, 110
Trd, 8638704.082, 69
Trd, 8638704.232, 105
Trd, 8638705.232, 61
Trd, 8638706.432, 67
Trd, 8638709.132, 117
Trd, 8638709.332, 110
Trd, 8638709.782, 106
Trd, 8638710.132, 104
Trd, 8638710.982, 94
Trd, 8638711.632, 86
Trd, 8638712.582, 76
Trd, 8638713.282, 127
Trd, 8638713.932, 112
Trd, 8638714.782, 63
Trd, 8638715.032, 68
Trd, 8638716.232, 104
Trd, 8638716.832, 129
Trd, 8638717.132, 77
Trd, 8638718.932, 102
Trd, 8638719.432, 93
Trd, 8638720.182, 105
Trd, 8638720.782, 102
Trd, 8638722.332, 102
Trd, 8638722.882, 101
Trd, 8638724.032, 132
Trd, 8638724.882, 122
Trd, 8638725.182, 120
Trd, 8638725.282, 116
Trd, 8638725.532, 115
Trd, 8638726.182, 122
Trd, 8638727.932, 128
Trd, 8638728.132, 113
Trd, 8638729.332, 126
Trd, 8638730.032, 96
Trd, 8638731.032, 91
Trd, 8638731.382, 116
Trd, 8638731.782, 107
Trd, 8638732.182, 84
Trd, 8638733.532, 66
Trd, 8638734.032, 128
Trd, 8638734.532, 90
Trd, 8638735.032, 95
Trd, 8638735.482, 94
Trd, 8638735.732, 69
Trd, 8638736.732, 70
Trd, 8638737.382, 102
Trd, 8638737.532, 112
Trd, 8638738.382, 106
Trd, 8638738.682, 83
Trd, 8638740.882, 89
Trd, 8638741.332, 87
Trd, 8638742.132, 97
Trd, 8638742.582, 89
Trd, 8638742.832, 113
Trd, 8638744.182, 109
Trd, 8638745.132, 111
Trd, 8638746.282, 123
Trd, 8638747.132, 109
Trd, 8638747.682, 95
Trd, 8638748.082, 105
Trd, 8638748.382, 85
Trd, 8638749.132, 100
Trd, 8638749.532, 73
Trd, 8638750.032, 60
Trd, 8638750.732, 61
Trd, 8638751.432, 133
Trd, 8638751.582, 97
Trd, 8638752.232, 83
Trd, 8638752.732, 90
Trd, 8638753.632, 82
Trd, 8638753.932, 132
Trd, 8638754.732, 78
Trd, 8638755.082, 120
Trd, 8638756.032, 83
Trd, 8638757.732, 83
Trd, 8638757.982, 83
Trd, 8638758.232, 86
Trd, 8638759.432, 106
Trd, 8638760.032, 118
Trd, 8638760.132, 115
Trd, 8638761.382, 124
Trd, 8638761.882, 125
Trd, 8638762.832, 108
Trd, 8638763.382, 105
Trd, 8638763.532, 98
Trd, 8638763.682, 81
Trd, 8638763.982, 83
Trd, 8638764.832, 79
Trd, 8638766.282, 129
Trd, 8638766.732, 130
Trd, 8638768.282, 61
Trd, 8638768.382, 69
Trd, 8638769.682, 74
Trd, 8638770.282, 125
Trd, 8638770.332, 88
Trd, 8638770.482, 85
Trd, 8638771.282, 121
Trd, 8638772.732, 134
Trd, 8638773.432, 97
Trd, 8638773.832, 114
Trd, 8638774.932, 136
Trd, 8638775.582, 134
Trd, 8638775.732, 131
Trd, 8638775.932, 97
Trd, 8638775.982, 87
Trd, 8638778.332, 98
Trd, 8638778.632, 132
Trd, 8638778.732, 97
Trd, 8638779.132, 118
Trd, 8638780.082, 98
Trd, 8638781.132, 106
Trd, 8638781.482, 96
Trd, 8638782.332, 117
Trd, 8638782.932, 100
Trd, 8638783.882, 109
Trd, 8638783.982, 108
Trd, 8638785.732, 120
Trd, 8638787.082, 132
Trd, 8638787.482, 120
Trd, 8638788.932, 97
Trd, 8638790.082, 120
Trd, 8638790.232, 114
Trd, 8638790.482, 94
Trd, 8638790.782, 130
Trd, 8638790.932, 111
Trd, 8638793.382, 64
Trd, 8638793.982, 66
Trd, 8638794.132, 68
Trd, 8638794.382, 83
Trd, 8638795.482, 65
Trd, 8638795.882, 64
Trd, 8638797.282, 113
Trd, 8638797.432, 108
Trd, 8638797.782, 70
Trd, 8638798.832, 118
Trd, 8638799.832, 91
Trd, 8638801.032, 105
Trd, 8638801.082, 105
Trd, 8638801.532, 91
Trd, 8638801.932, 106
Trd, 8638803.182, 130
Trd, 8638804.032, 126
Trd, 8638804.632, 126
Trd, 8638804.882, 93
Trd, 8638806.532, 99
Trd, 8638807.682, 105
Trd, 8638808.732, 75
Trd, 8638809.282, 135
Trd, 8638809.382, 66
Trd, 8638810.532, 82
Trd, 8638810.732, 92
Trd, 8638811.432, 103
Trd, 8638811.632, 86
Trd, 8638812.632, 101
Trd, 8638813.832, 80
Trd, 8638814.682, 114
Trd, 8638815.332, 116
Trd, 8638815.532, 103
Trd, 8638815.782, 118
Trd, 8638816.132, 116
Trd, 8638817.732, 74
Trd, 8638817.932, 71
Trd, 8638819.532, 128
Trd, 8638819.682, 133
Trd, 8638819.832, 109
Trd, 8638820.082, 93
Trd, 8638821.932, 116
Trd, 8638822.382, 85
Trd, 8638823.532, 92
Trd, 8638823.982, 81
Trd, 8638824.882, 80
Trd, 8638826.632, 140
Trd, 8638827.382, 111
Trd, 8638828.982, 105
Trd, 8638829.032, 102
Trd, 8638829.432, 110
Trd, 8638829.482, 93
Trd, 8638830.632, 122
Trd, 8638830.982, 107
Trd, 8638831.482, 64
Trd, 8638832.632, 70
Trd, 8638832.782, 90
Trd, 8638833.182, 69
Trd, 8638833.432, 82
Trd, 8638833.582, 86
Trd, 8638835.032, 92
Trd, 8638836.832, 123
Trd, 8638837.682, 136
Trd, 8638838.732, 138
Trd, 8638839.282, 115
Trd, 8638839.432, 104
Trd, 8638839.782, 98
Trd, 8638840.182, 115
Trd, 8638840.732, 96
Trd, 8638841.132, 96
Trd, 8638841.832, 125
Trd, 8638842.532, 120
Trd, 8638842.732, 116
Trd, 8638844.432, 123
Trd, 8638845.632, 100
Trd, 8638846.082, 85
Trd, 8638847.732, 131
Trd, 8638848.032, 130
Trd, 8638850.582, 134
Trd, 8638850.882, 127
Trd, 8638851.132, 124
Trd, 8638851.482, 112
Trd, 8638851.882, 101
Trd, 8638852.032, 89
Trd, 8638852.832, 127
Trd, 8638853.282, 81
Trd, 8638854.832, 98
Trd, 8638855.232, 96
Trd, 8638855.482, 99
Trd, 8638855.732, 113
Trd, 8638856.482, 90
Trd, 8638859.382, 126
Trd, 8638859.582, 119
Trd, 8638860.332, 133
Trd, 8638860.782, 112
Trd, 8638862.482, 126
Trd, 8638862.532, 122
Trd, 8638862.582, 103
Trd, 8638862.732, 135
Trd, 8638863.532, 84
Trd, 8638863.682, 80
Trd, 8638864.232, 97
Trd, 8638864.332, 99
Trd, 8638864.832, 107
Trd, 8638865.082, 111
Trd, 8638866.282, 112
Trd, 8638866.332, 108
Trd, 8638866.882, 62
Trd, 8638868.232, 139
Trd, 8638868.482, 104
Trd, 8638870.132, 110
Trd, 8638870.732, 137
Trd, 8638870.932, 130
Trd, 8638872.382, 94
Trd, 8638872.932, 101
Trd, 8638873.032, 95
Trd, 8638873.932, 106
Trd, 8638874.482, 102
Trd, 8638875.832, 110
Trd, 8638876.282, 129
Trd, 8638876.982, 65
Trd, 8638877.582, 135
Trd, 8638878.682, 112
Trd, 8638879.032, 66
Trd, 8638880.582, 92
Trd, 8638880.782, 100
Trd, 8638881.432, 93
Trd, 8638881.682, 83
Trd, 8638882.032, 83
Trd, 8638883.632, 98
Trd, 8638884.882, 97
Trd, 8638885.682, 100
Trd, 8638887.532, 109
Trd, 8638887.882, 106
Trd, 8638888.032, 99
Trd, 8638888.532, 93
Trd, 8638890.682, 113
Trd, 8638892.682, 104
Trd, 8638892.732, 100
Trd, 8638892.832, 84
Trd, 8638893.082, 124
Trd, 8638893.382, 88
Trd, 8638893.582, 132
Trd, 8638894.482, 80
Trd, 8638895.382, 84
Trd, 8638896.332, 97
Trd, 8638896.532, 75
Trd, 8638897.932, 130
Trd, 8638898.282, 120
Trd, 8638898.332, 118
Trd, 8638899.082, 134
Trd, 8638899.182, 129
Trd, 8638900.082, 109
Trd, 8638903.232, 129
Trd, 8638903.432, 124
Trd, 8638903.882, 121
Trd, 8638903.932, 116
Trd, 8638905.382, 131
Trd, 8638905.482, 121
Trd, 8638905.582, 95
Trd, 8638906.832, 81
Trd, 8638907.482, 82
Trd, 8638907.532, 78
Trd, 8638908.632, 122
Trd, 8638909.132, 112
Trd, 8638909.182, 83
Trd, 8638910.482, 135
Trd, 8638911.582, 115
Trd, 8638911.882, 95
Trd, 8638913.382, 60
Trd, 8638914.282, 64
Trd, 8638914.482, 114
Trd, 8638915.332, 117
Trd, 8638915.532, 105
Trd, 8638915.832, 132
Trd, 8638917.132, 124
Trd, 8638917.182, 124
Trd, 8638917.432, 120
Trd, 8638917.832, 110
Trd, 8638919.082, 113
Trd, 8638919.682, 118
Trd, 8638919.982, 119
Trd, 8638920.482, 91
Trd, 8638921.132, 105
Trd, 8638921.232, 69
Trd, 8638921.982, 98
Trd, 8638922.082, 68
Trd, 8638924.932, 118
Trd, 8638925.182, 124
Trd, 8638925.582, 92
Trd, 8638926.532, 131
Trd, 8638926.632, 127
Trd, 8638927.232, 123
Trd, 8638927.982, 134
Trd, 8638928.532, 102
Trd, 8638928.882, 86
Trd, 8638930.682, 113
Trd, 8638931.182, 113
Trd, 8638931.332, 109
Trd, 8638932.282, 131
Trd, 8638933.132, 95
Trd, 8638933.832, 80
Trd, 8638934.332, 78
Trd, 8638936.232, 122
Trd, 8638936.682, 111
Trd, 8638937.332, 117
Trd, 8638938.082, 117
Trd, 8638939.082, 111
Trd, 8638939.432, 117
Trd, 8638939.882, 131
Trd, 8638940.182, 111
Trd, 8638940.782, 108
Trd, 8638941.432, 71
Trd, 8638942.582, 100
Trd, 8638942.632, 66
Trd, 8638943.582, 115
Trd, 8638943.932, 107
Trd, 8638944.132, 94
Trd, 8638945.632, 66
Trd, 8638945.982, 127
Trd, 8638946.532, 89
Trd, 8638948.382, 61
Trd, 8638948.832, 116
Trd, 8638951.032, 96
Trd, 8638951.132, 96
Trd, 8638951.732, 138
Trd, 8638952.282, 124
Trd, 8638953.282, 93
Trd, 8638953.482, 86
Trd, 8638953.932, 62
Trd, 8638955.232, 105
Trd, 8638955.332, 95
Trd, 8638955.782, 97
Trd, 8638955.982, 136
Trd, 8638957.232, 94
Trd, 8638957.932, 93
Trd, 8638959.582, 90
Trd, 8638959.632, 89
Trd, 8638961.382, 140
Trd, 8638961.432, 131
Trd, 8638961.732, 120
Trd, 8638962.282, 120
Trd, 8638963.532, 134
Trd, 8638963.732, 114
Trd, 8638964.982, 131
Trd, 8638965.032, 104
Trd, 8638965.982, 95
Trd, 8638966.582, 88
Trd, 8638966.682, 80
Trd, 8638967.032, 116
Trd, 8638968.032, 73
Trd, 8638969.432, 97
Trd, 8638970.032, 116
Trd, 8638970.232, 92
Trd, 8638970.532, 88
Trd, 8638971.082, 72
Trd, 8638971.532, 87
Trd, 8638972.932, 64
Trd, 8638973.382, 119
Trd, 8638974.632, 107
Trd, 8638974.882, 86
Trd, 8638975.182, 69
Trd, 8638975.532, 107
Trd, 8638975.982, 69
Trd, 8638977.132, 67
Trd, 8638978.032, 121
Trd, 8638979.582, 128
Trd, 8638980.432, 121
Trd, 8638980.832, 118
Trd, 8638981.982, 117
Trd, 8638982.982, 126
Trd, 8638983.282, 114
Trd, 8638983.732, 128
Trd, 8638983.832, 112
Trd, 8638984.132, 88
Trd, 8638984.782, 90
Trd, 8638985.132, 70
Trd, 8638986.482, 62
Trd, 8638986.782, 62
Trd, 8638987.232, 79
Trd, 8638988.532, 116
Trd, 8638988.632, 119
Trd, 8638989.032, 84
Trd, 8638989.532, 86
Trd, 8638991.082, 60
Trd, 8638992.382, 61
Trd, 8638992.432, 69
Trd, 8638992.682, 104
Trd, 8638994.232, 67
Trd, 8638994.732, 84
Trd, 8638996.282, 92
Trd, 8638997.232, 113
Trd, 8638997.382, 110
Trd, 8638997.582, 91
Trd, 8638998.282, 61
Trd, 8638998.482, 60
Trd, 8638998.782, 69
Trd, 8638999.432, 117
Trd, 8638999.732, 98
Trd, 8639000.832, 64
Trd, 8639001.832, 114
Trd, 8639001.932, 105
Trd, 8639003.432, 130
Trd, 8639003.982, 90
Trd, 8639004.682, 122
Trd, 8639006.582, 102
Trd, 8639006.632, 96
Trd, 8639006.732, 88
Trd, 8639007.332, 102
Trd, 8639007.782, 94
Trd, 8639008.082, 130
Trd, 8639008.132, 104
Trd, 8639009.282, 127
Trd, 8639010.832, 63
Trd, 8639011.182, 62
Trd, 8639011.632, 68
Trd, 8639012.032, 70
Trd, 8639012.582, 77
Trd, 8639013.432, 113
Trd, 8639013.782, 119
Trd, 8639013.832, 115
Trd, 8639014.832, 67
Trd, 8639015.082, 89
Trd, 8639015.782, 67
Trd, 8639017.382, 119
Trd, 8639017.682, 73
Trd, 8639017.932, 78
Trd, 8639018.182, 71
Trd, 8639019.632, 66
Trd, 8639020.082, 67
Trd, 8639020.332, 71
Trd, 8639022.282, 74
Trd, 8639022.982, 78
Trd, 8639023.032, 72
Trd, 8639023.282, 63
Trd, 8639023.882, 94
Trd, 8639025.082, 131
Trd, 8639025.532, 131
Trd, 8639025.632, 127
Trd, 8639026.132, 122
Trd, 8639027.632, 94
Trd, 8639027.982, 107
Trd, 8639028.632, 104
Trd, 8639029.182, 128
Trd, 8639029.332, 105
Trd, 8639029.882, 102
Trd, 8639030.232, 122
Trd, 8639030.782, 98
Trd, 8639031.482, 108
Trd, 8639031.782, 100
Trd, 8639032.732, 60
Trd, 8639033.582, 61
Trd, 8639034.532, 94
Trd, 8639035.082, 65
Trd, 8639035.582, 125
Trd, 8639036.732, 134
Trd, 8639037.282, 86
Trd, 8639037.532, 84
Trd, 8639037.982, 130
Trd, 8639039.032, 87
Trd, 8639041.032, 85
Trd, 8639041.732, 81
Trd, 8639042.382, 133
Trd, 8639043.082, 124
Trd, 8639043.282, 121
Trd, 8639043.382, 129
Trd, 8639044.732, 108
Trd, 8639045.682, 106
Trd, 8639045.982, 100
Trd, 8639046.282, 78
Trd, 8639046.432, 95
Trd, 8639047.132, 102
Trd, 8639047.532, 87
Trd, 8639047.782, 74
Trd, 8639049.232, 60
Trd, 8639050.132, 62
Trd, 8639050.632, 114
Trd, 8639051.582, 71
Trd, 8639054.582, 110
Trd, 8639055.032, 101
Trd, 8639055.432, 106
Trd, 8639055.832, 98
Trd, 8639057.082, 115
Trd, 8639057.282, 77
Trd, 8639059.032, 86
Trd, 8639060.282, 85
Trd, 8639060.332, 110
Trd, 8639061.032, 97
Trd, 8639063.032, 118
Trd, 8639064.932, 128
Trd, 8639065.132, 118
Trd, 8639065.532, 110
Trd, 8639065.682, 81
Trd, 8639067.032, 107
Trd, 8639068.282, 138
Trd, 8639068.882, 114
Trd, 8639069.182, 113
Trd, 8639069.832, 138
Trd, 8639071.432, 107
Trd, 8639071.832, 137
Trd, 8639072.232, 123
Trd, 8639072.432, 101
Trd, 8639072.482, 64
Trd, 8639074.332, 64
Trd, 8639074.382, 66
Trd, 8639074.582, 79
Trd, 8639075.782, 128
Trd, 8639076.032, 73
Trd, 8639076.782, 72
Trd, 8639077.382, 101
Trd, 8639078.132, 76
Trd, 8639079.732, 125
Trd, 8639080.082, 77
Trd, 8639080.432, 71
Trd, 8639080.932, 99
Trd, 8639082.532, 99
Trd, 8639082.682, 105
Trd, 8639082.782, 98
Trd, 8639083.532, 105
Trd, 8639083.932, 108
Trd, 8639084.532, 99
Trd, 8639085.382, 108
Trd, 8639086.232, 128
Trd, 8639086.632, 119
Trd, 8639086.932, 105
Trd, 8639088.632, 108
Trd, 8639089.882, 89
Trd, 8639090.082, 103
Trd, 8639090.582, 110
Trd, 8639092.232, 111
Trd, 8639092.532, 111
Trd, 8639093.582, 99
Trd, 8639093.782, 99
Trd, 8639096.182, 133
Trd, 8639096.632, 117
Trd, 8639096.832, 107
Trd, 8639097.132, 106
Trd, 8639098.232, 125
Trd, 8639098.832, 105
Trd, 8639099.132, 116
Trd, 8639099.932, 129
Trd, 8639101.232, 125
Trd, 8639101.332, 122
Trd, 8639101.582, 104
Trd, 8639102.282, 77
Trd, 8639102.482, 88
Trd, 8639102.882, 72
Trd, 8639104.332, 105
Trd, 8639104.982, 105
Trd, 8639105.582, 102
Trd, 8639105.732, 97
Trd, 8639106.382, 91
Trd, 8639106.732, 107
Trd, 8639107.532, 106
Trd, 8639109.282, 122
Trd, 8639109.832, 104
Trd, 8639109.882, 103
Trd, 8639111.232, 119
Trd, 8639111.282, 103
Trd, 8639112.632, 100
Trd, 8639113.682, 123
Trd, 8639115.932, 105
Trd, 8639116.132, 108
Trd, 8639117.182, 99
Trd, 8639117.732, 116
Trd, 8639117.832, 87
Trd, 8639117.932, 86
Trd, 8639119.632, 107
Trd, 8639119.832, 105
Trd, 8639119.932, 131
Trd, 8639122.032, 62
Trd, 8639122.332, 87
Trd, 8639122.982, 103
Trd, 8639123.832, 73
Trd, 8639124.332, 117
Trd, 8639125.782, 121
Trd, 8639126.332, 110
Trd, 8639126.482, 108
Trd, 8639127.332, 102
Trd, 8639127.832, 66
Trd, 8639128.032, 126
Trd, 8639128.682, 66
Trd, 8639130.182, 94
Trd, 8639130.932, 126
Trd, 8639131.432, 130
Trd, 8639132.082, 88
Trd, 8639132.732, 115
Trd, 8639133.982, 128
Trd, 8639134.482, 124
Trd, 8639134.832, 113
Trd, 8639135.732, 109
Trd, 8639137.082, 140
Trd, 8639137.982, 108
Trd, 8639138.582, 107
Trd, 8639138.732, 88
Trd, 8639138.882, 105
Trd, 8639140.532, 116
Trd, 8639140.582, 113
Trd, 8639140.982, 128
Trd, 8639141.782, 130
Trd, 8639142.032, 96
Trd, 8639142.332, 136
Trd, 8639143.482, 63
Trd, 8639144.682, 60
Trd, 8639145.082, 86
Trd, 8639145.932, 71
Trd, 8639146.582, 64
Trd, 8639147.832, 65
Trd, 8639148.332, 63
Trd, 8639148.932, 112
Trd, 8639149.532, 108
Trd, 8639150.482, 104
Trd, 8639150.782, 115
Trd, 8639150.832, 93
Trd, 8639152.232, 106
Trd, 8639153.732, 139
Trd, 8639154.232, 134
Trd, 8639154.632, 94
Trd, 8639154.982, 119
Trd, 8639156.582, 110
Trd, 8639159.532, 137
Trd, 8639159.932, 128
Trd, 8639161.432, 136
Trd, 8639161.932, 126
Trd, 8639162.132, 137
Trd, 8639162.882, 124
Trd, 8639164.182, 114
Trd, 8639165.132, 128
Trd, 8639165.282, 134
Trd, 8639165.732, 124
Trd, 8639166.882, 101
Trd, 8639167.532, 95
Trd, 8639169.232, 118
Trd, 8639169.782, 108
Trd, 8639169.982, 106
Trd, 8639170.532, 101
Trd, 8639172.232, 133
Trd, 8639172.382, 132
Trd, 8639172.682, 128
Trd, 8639173.532, 95
Trd, 8639173.982, 122
Trd, 8639174.082, 88
Trd, 8639175.332, 126
Trd, 8639175.532, 126
Trd, 8639175.782, 123
Trd, 8639176.632, 69
Trd, 8639177.082, 88
Trd, 8639177.782, 109
Trd, 8639178.882, 119
Trd, 8639179.132, 92
Trd, 8639180.732, 138
Trd, 8639181.232, 133
Trd, 8639181.682, 125
Trd, 8639181.982, 113
Trd, 8639182.032, 107
Trd, 8639183.132, 105
Trd, 8639184.382, 80
Trd, 8639184.732, 91
Trd, 8639185.232, 113
Trd, 8639185.632, 100
Trd, 8639185.982, 78
Trd, 8639187.982, 122
Trd, 8639189.282, 136
Trd, 8639189.332, 127
Trd, 8639189.632, 140
Trd, 8639190.132, 93
Trd, 8639190.732, 127
Trd, 8639192.382, 61
Trd, 8639192.482, 63
Trd, 8639193.982, 123
Trd, 8639194.582, 140
Trd, 8639194.682, 113
Trd, 8639194.882, 108
Trd, 8639195.182, 93
Trd, 8639195.532, 68
Trd, 8639196.732, 70
Trd, 8639197.332, 124
Trd, 8639197.432, 101
Trd, 8639197.682, 82
Trd, 8639197.832, 90
Trd, 8639199.882, 103
Trd, 8639200.582, 139
Trd, 8639200.682, 140
Trd, 8639201.382, 130
Trd, 8639202.182, 126
Trd, 8639202.682, 95
Trd, 8639202.782, 88
Trd, 8639203.082, 82
Trd, 8639203.282, 85
Trd, 8639204.082, 111
Trd, 8639206.082, 60
Trd, 8639206.382, 61
Trd, 8639206.532, 64
Trd, 8639206.882, 126
Trd, 8639208.132, 89
Trd, 8639208.732, 79
Trd, 8639209.532, 125
Trd, 8639211.832, 118
Trd, 8639212.332, 114
Trd, 8639212.982, 107
Trd, 8639213.332, 133
Trd, 8639214.282, 130
Trd, 8639215.132, 122
Trd, 8639216.032, 112
Trd, 8639216.082, 89
Trd, 8639216.982, 119
Trd, 8639217.882, 78
Trd, 8639218.732, 78
Trd, 8639219.782, 115
Trd, 8639219.832, 111
Trd, 8639220.532, 101
Trd, 8639220.682, 86
Trd, 8639221.882, 66
Trd, 8639221.982, 100
Trd, 8639222.782, 86
Trd, 8639223.882, 117
Trd, 8639223.982, 106
Trd, 8639224.482, 75
Trd, 8639225.082, 77
Trd, 8639226.032, 100
Trd, 8639226.682, 130
Trd, 8639228.332, 106
Trd, 8639228.432, 90
Trd, 8639228.632, 128
Trd, 8639228.832, 96
Trd, 8639229.232, 100
Trd, 8639230.132, 115
Trd, 8639231.532, 88
Trd, 8639233.282, 121
Trd, 8639233.382, 110
Trd, 8639233.532, 108
Trd, 8639233.782, 103
Trd, 8639234.782, 116
Trd, 8639235.282, 97
Trd, 8639235.432, 100
Trd, 8639236.482, 127
Trd, 8639237.482, 92
Trd, 8639237.582, 122
Trd, 8639238.732, 93
Trd, 8639239.232, 120
Trd, 8639239.682, 110
Trd, 8639240.132, 109
Trd, 8639241.732, 126
Trd, 8639241.782, 118
Trd, 8639242.732, 99
Trd, 8639243.532, 126
Trd, 8639244.382, 83
Trd, 8639244.482, 92
Trd, 8639244.632, 83
Trd, 8639246.132, 115
Trd, 8639246.382, 92
Trd, 8639247.132, 128
Trd, 8639247.532, 99
Trd, 8639247.932, 123
Trd, 8639248.582, 135
Trd, 8639249.882, 122
Trd, 8639250.532, 112
Trd, 8639250.982, 114
Trd, 8639252.082, 102
Trd, 8639252.382, 138
Trd, 8639252.432, 98
Trd, 8639253.232, 132
Trd, 8639254.132, 60
Trd, 8639254.782, 73
Trd, 8639255.382, 61
Trd, 8639256.032, 86
Trd, 8639256.932, 112
Trd, 8639257.682, 89
Trd, 8639258.532, 103
Trd, 8639259.732, 60
Trd, 8639260.282, 62
Trd, 8639261.232, 103
Trd, 8639262.032, 124
Trd, 8639262.332, 101
Trd, 8639263.182, 60
Trd, 8639263.532, 112
Trd, 8639264.782, 70
Trd, 8639264.932, 112
Trd, 8639266.082, 119
Trd, 8639266.632, 106
Trd, 8639266.982, 98
Trd, 8639267.332, 103
Trd, 8639269.532, 64
Trd, 8639269.782, 71
Trd, 8639270.632, 60
Trd, 8639271.682, 61
Trd, 8639273.082, 80
Trd, 8639274.482, 94
Trd, 8639274.732, 77
Trd, 8639275.282, 136
Trd, 8639275.782, 76
Trd, 8639277.182, 115
Trd, 8639277.732, 110
Trd, 8639278.082, 99
Trd, 8639279.182, 87
Trd, 8639279.482, 95
Trd, 8639280.932, 96
Trd, 8639281.332, 107
Trd, 8639281.532, 136
Trd, 8639281.832, 128
Trd, 8639282.182, 94
Trd, 8639282.282, 100
Trd, 8639282.982, 131
Trd, 8639283.332, 62
Trd, 8639284.782, 75
Trd, 8639285.632, 62
Trd, 8639286.482, 67
Trd, 8639286.782, 101
Trd, 8639287.882, 125
Trd, 8639289.232, 99
Trd, 8639289.532, 125
Trd, 8639290.032, 63
Trd, 8639290.132, 80
Trd, 8639290.932, 114
Trd, 8639291.032, 112
Trd, 8639292.432, 111
Trd, 8639294.232, 106
Trd, 8639294.382, 92
Trd, 8639295.032, 139
Trd, 8639295.332, 137
Trd, 8639296.732, 112
Trd, 8639297.932, 124
Trd, 8639298.182, 104
Trd, 8639298.532, 81
Trd, 8639299.132, 81
Trd, 8639300.182, 80
Trd, 8639300.632, 138
Trd, 8639302.282, 105
Trd, 8639302.532, 102
Trd, 8639302.582, 96
Trd, 8639303.632, 68
Trd, 8639304.482, 60
Trd, 8639304.732, 74
Trd, 8639306.282, 140
Trd, 8639306.882, 123
Trd, 8639308.782, 103
Trd, 8639308.932, 139
Trd, 8639309.032, 98
Trd, 8639309.332, 92
Trd, 8639309.832, 65
Trd, 8639311.132, 115
Trd, 8639312.182, 93
Trd, 8639312.732, 98
Trd, 8639312.882, 107
Trd, 8639313.032, 91
Trd, 8639313.082, 65
Trd, 8639314.882, 134
Trd, 8639316.982, 129
Trd, 8639317.182, 126
Trd, 8639317.532, 132
Trd, 8639317.732, 128
Trd, 8639318.482, 126
Trd, 8639318.982, 107
Trd, 8639319.632, 85
Trd, 8639320.432, 87
Trd, 8639321.532, 137
Trd, 8639323.232, 81
Trd, 8639323.532, 94
Trd, 8639323.982, 90
Trd, 8639325.182, 70
Trd, 8639325.482, 81
Trd, 8639326.482, 79
Trd, 8639327.882, 105
Trd, 8639328.232, 101
Trd, 8639328.632, 125
Trd, 8639329.182, 95
Trd, 8639330.132, 123
Trd, 8639331.482, 131
Trd, 8639331.932, 121
Trd, 8639332.182, 103
Trd, 8639333.032, 105
Trd, 8639334.082, 128
Trd, 8639334.732, 100
Trd, 8639335.032, 86
Trd, 8639335.132, 60
Trd, 8639335.482, 98
Trd, 8639336.582, 90
Trd, 8639336.732, 126
Trd, 8639336.782, 77
Trd, 8639338.082, 133
Trd, 8639338.382, 97
Trd, 8639338.882, 94
Trd, 8639338.932, 76
Trd, 8639339.782, 106
Trd, 8639341.082, 88
Trd, 8639341.482, 140
Trd, 8639342.532, 114
Trd, 8639343.032, 138
Trd, 8639343.332, 122
Trd, 8639343.382, 105
Trd, 8639343.832, 87
Trd, 8639346.382, 117
Trd, 8639346.782, 112
Trd, 8639348.182, 99
Trd, 8639348.232, 98
Trd, 8639348.482, 104
Trd, 8639348.632, 91
Trd, 8639350.232, 88
Trd, 8639350.782, 102
Trd, 8639351.382, 134
Trd, 8639351.682, 125
Trd, 8639352.332, 81
Trd, 8639352.632, 64
Trd, 8639353.232, 91
Trd, 8639353.432, 88
Trd, 8639353.982, 69
Trd, 8639354.982, 74
Trd, 8639357.582, 115
Trd, 8639357.682, 111
Trd, 8639358.232, 100
Trd, 8639358.582, 137
Trd, 8639359.032, 117
Trd, 8639360.382, 131
Trd, 8639360.882, 106
Trd, 8639361.482, 109
Trd, 8639361.532, 134
Trd, 8639361.682, 88
Trd, 8639361.982, 87
Trd, 8639362.682, 81
Trd, 8639363.182, 115
Trd, 8639363.982, 99
Trd, 8639364.482, 92
Trd, 8639364.932, 140
Trd, 8639366.632, 131
Trd, 8639367.182, 64
Trd, 8639368.632, 62
Trd, 8639369.382, 61
Trd, 8639369.582, 96
Trd, 8639370.732, 96
Trd, 8639371.632, 93
Trd, 8639372.182, 109
Trd, 8639372.532, 105
Trd, 8639373.282, 119
Trd, 8639374.182, 122
Trd, 8639374.632, 113
Trd, 8639375.532, 120
Trd, 8639376.932, 127
Trd, 8639377.882, 122
Trd, 8639378.032, 118
Trd, 8639378.732, 126
Trd, 8639378.782, 95
Trd, 8639380.482, 113
Trd, 8639381.082, 95
Trd, 8639381.182, 89
Trd, 8639381.732, 87
Trd, 8639382.182, 87
Trd, 8639383.232, 125
Trd, 8639383.732, 113
Trd, 8639385.382, 122
Trd, 8639386.782, 128
Trd, 8639386.882, 122
Trd, 8639388.132, 109
Trd, 8639388.282, 99
Trd, 8639388.632, 107
Trd, 8639388.732, 114
Trd, 8639389.282, 90
Trd, 8639390.682, 114
Trd, 8639391.882, 100
Trd, 8639392.082, 121
Trd, 8639392.732, 135
Trd, 8639394.132, 62
Trd, 8639394.182, 62
Trd, 8639394.782, 65
Trd, 8639395.032, 71
Trd, 8639395.632, 91
Trd, 8639396.332, 116
Trd, 8639397.132, 79
Trd, 8639398.682, 67
Trd, 8639399.332, 79
Trd, 8639400.032, 110
Trd, 8639400.282, 71
Trd, 8639400.332, 95
Trd, 8639401.232, 123
Trd, 8639402.232, 128
Trd, 8639402.882, 120
Trd, 8639403.482, 99
Trd, 8639403.882, 83
Trd, 8639404.732, 126
Trd, 8639405.182, 100
Trd, 8639406.232, 139
Trd, 8639406.732, 135
Trd, 8639406.782, 133
Trd, 8639408.382, 114
Trd, 8639409.432, 128
Trd, 8639410.082, 121
Trd, 8639410.882, 100
Trd, 8639410.932, 86
Trd, 8639411.132, 79
Trd, 8639412.082, 65
Trd, 8639412.782, 60
Trd, 8639415.382, 117
Trd, 8639416.232, 111
Trd, 8639416.832, 87
Trd, 8639417.132, 95
Trd, 8639419.932, 101
Trd, 8639420.432, 97
Trd, 8639420.532, 96
Trd, 8639420.782, 96
Trd, 8639420.832, 90
Trd, 8639421.182, 108
Trd, 8639421.632, 113
Trd, 8639422.082, 115
Trd, 8639422.532, 111
Trd, 8639423.632, 97
Trd, 8639423.832, 107
Trd, 8639424.682, 111
Trd, 8639425.682, 100
Trd, 8639426.232, 110
Trd, 8639426.332, 92
Trd, 8639426.782, 101
Trd, 8639429.532, 130
Trd, 8639429.582, 128
Trd, 8639429.832, 109
Trd, 8639430.232, 103
Trd, 8639430.432, 99
Trd, 8639432.482, 118
Trd, 8639432.582, 99
Trd, 8639432.632, 96
Trd, 8639433.932, 139
Trd, 8639434.832, 102
Trd, 8639434.982, 89
Trd, 8639435.582, 110
Trd, 8639436.632, 67
Trd, 8639437.232, 113
Trd, 8639437.482, 128
Trd, 8639439.382, 109
Trd, 8639439.532, 114
Trd, 8639439.882, 108
Trd, 8639441.482, 107
Trd, 8639441.532, 104
Trd, 8639442.532, 118
Trd, 8639443.532, 105
Trd, 8639443.882, 103
Trd, 8639444.982, 98
Trd, 8639445.132, 97
Trd, 8639445.232, 122
Trd, 8639446.232, 95
Trd, 8639446.482, 83
Trd, 8639447.832, 102
Trd, 8639449.332, 118
Trd, 8639450.032, 100
Trd, 8639450.532, 127
Trd, 8639450.782, 99
Trd, 8639450.932, 131
Trd, 8639451.332, 95
Trd, 8639453.482, 133
Trd, 8639453.682, 119
Trd, 8639453.882, 96
Trd, 8639454.282, 107
Trd, 8639456.632, 81
Trd, 8639458.382, 128
Trd, 8639459.382, 113
Trd, 8639459.732, 100
Trd, 8639459.782, 91
Trd, 8639460.532, 100
Trd, 8639460.982, 88
Trd, 8639461.032, 123
Trd, 8639461.282, 137
Trd, 8639461.682, 60
Trd, 8639462.782, 118
Trd, 8639465.082, 95
Trd, 8639465.482, 126
Trd, 8639466.282, 123
Trd, 8639466.732, 104
Trd, 8639467.132, 83
Trd, 8639468.132, 92
Trd, 8639468.882, 89
Trd, 8639469.232, 100
Trd, 8639469.532, 129
Trd, 8639470.432, 131
Trd, 8639470.582, 97
Trd, 8639470.782, 85
Trd, 8639471.582, 84
Trd, 8639471.682, 82
Trd, 8639473.132, 137
Trd, 8639473.532, 103
Trd, 8639473.582, 94
Trd, 8639474.532, 121
Trd, 8639474.982, 111
Trd, 8639475.832, 69
Trd, 8639476.332, 115
Trd, 8639477.882, 109
Trd, 8639478.532, 131
Trd, 8639479.382, 110
Trd, 8639479.432, 97
Trd, 8639480.782, 92
Trd, 8639481.632, 103
Trd, 8639482.082, 112
Trd, 8639482.382, 108
Trd, 8639484.982, 81
Trd, 8639485.132, 87
Trd, 8639485.532, 123
Trd, 8639486.082, 104
Trd, 8639486.132, 97
Trd, 8639486.382, 100
Trd, 8639487.032, 102
Trd, 8639488.382, 95
Trd, 8639488.732, 68
Trd, 8639489.432, 65
Trd, 8639491.032, 72
Trd, 8639491.232, 68
Trd, 8639491.532, 80
Trd, 8639493.032, 77
Trd, 8639493.232, 74
Trd, 8639493.382, 80
Trd, 8639495.532, 124
Trd, 8639496.382, 129
Trd, 8639496.582, 103
Trd, 8639497.482, 134
Trd, 8639498.832, 124
Trd, 8639498.882, 114
Trd, 8639498.982, 93
Trd, 8639500.782, 89
Trd, 8639501.282, 131
Trd, 8639501.382, 119
Trd, 8639502.232, 133
Trd, 8639502.382, 88
Trd, 8639503.782, 103
Trd, 8639504.382, 100
Trd, 8639505.282, 94
Trd, 8639505.732, 140
Trd, 8639506.032, 103
Trd, 8639506.132, 101
Trd, 8639507.582, 115
Trd, 8639508.182, 128
Trd, 8639508.632, 113
Trd, 8639509.082, 89
Trd, 8639510.332, 110
Trd, 8639511.832, 125
Trd, 8639511.932, 123
Trd, 8639512.982, 120
Trd, 8639513.982, 129
Trd, 8639514.582, 130
Trd, 8639514.682, 102
Trd, 8639516.382, 138
Trd, 8639517.282, 109
Trd, 8639517.582, 103
Trd, 8639517.732, 101
Trd, 8639517.932, 93
Trd, 8639518.632, 61
Trd, 8639519.582, 101
Trd, 8639521.832, 133
Trd, 8639522.582, 133
Trd, 8639522.932, 120
Trd, 8639523.032, 93
Trd, 8639523.382, 76
Trd, 8639524.082, 131
Trd, 8639524.382, 87
Trd, 8639526.382, 120
Trd, 8639526.882, 119
Trd, 8639526.982, 115
Trd, 8639528.032, 90
Trd, 8639528.732, 137
Trd, 8639528.982, 84
Trd, 8639529.482, 133
Trd, 8639530.232, 79
Trd, 8639531.332, 93
Trd, 8639533.332, 134
Trd, 8639533.782, 121
Trd, 8639533.932, 111
Trd, 8639533.982, 106
Trd, 8639535.032, 86
Trd, 8639536.482, 96
Trd, 8639536.932, 122
Trd, 8639537.082, 119
Trd, 8639537.382, 83
Trd, 8639537.432, 64
Trd, 8639538.132, 100
Trd, 8639539.532, 61
Trd, 8639539.732, 116
Trd, 8639541.232, 126
Trd, 8639541.782, 107
Trd, 8639541.832, 75
Trd, 8639542.332, 137
Trd, 8639543.382, 134
Trd, 8639544.732, 90
Trd, 8639545.132, 66
Trd, 8639546.282, 113
Trd, 8639547.432, 84
Trd, 8639547.932, 83
Trd, 8639549.282, 105
Trd, 8639550.032, 89
Trd, 8639550.282, 63
Trd, 8639550.782, 108
Trd, 8639551.682, 85
Trd, 8639552.682, 128
Trd, 8639552.782, 109
Trd, 8639553.232, 109
Trd, 8639554.032, 128
Trd, 8639554.382, 106
Trd, 8639555.282, 106
Trd, 8639556.482, 92
Trd, 8639557.882, 124
Trd, 8639558.232, 69
Trd, 8639561.032, 105
Trd, 8639561.332, 131
Trd, 8639561.682, 135
Trd, 8639562.082, 129
Trd, 8639562.382, 115
Trd, 8639564.032, 85
Trd, 8639564.432, 128
Trd, 8639564.932, 104
Trd, 8639565.032, 95
Trd, 8639566.382, 133
Trd, 8639566.832, 114
Trd, 8639567.032, 110
Trd, 8639568.232, 99
Trd, 8639568.332, 86
Trd, 8639568.632, 73
Trd, 8639570.132, 128
Trd, 8639571.382, 124
Trd, 8639571.482, 116
Trd, 8639571.882, 96
Trd, 8639574.082, 104
Trd, 8639574.182, 99
Trd, 8639574.382, 97
Trd, 8639575.832, 103
Trd, 8639576.332, 125
Trd, 8639576.482, 112
Trd, 8639576.532, 111
Trd, 8639577.782, 117
Trd, 8639579.632, 102
Trd, 8639580.182, 131
Trd, 8639580.332, 124
Trd, 8639581.532, 69
Trd, 8639582.482, 74
Trd, 8639583.032, 109
Trd, 8639584.232, 103
Trd, 8639584.532, 99
Trd, 8639584.932, 88
Trd, 8639587.132, 132
Trd, 8639587.632, 119
Trd, 8639588.482, 134
Trd, 8639588.532, 109
Trd, 8639588.632, 83
Trd, 8639589.332, 61
Trd, 8639590.082, 77
Trd, 8639591.382, 65
Trd, 8639591.732, 116
Trd, 8639592.282, 126
Trd, 8639592.882, 111
Trd, 8639593.032, 108
Trd, 8639595.132, 68
Trd, 8639595.982, 68
Trd, 8639596.382, 79
Trd, 8639596.882, 88
Trd, 8639598.482, 86
Trd, 8639598.532, 83
Trd, 8639598.682, 119
Trd, 8639599.032, 81
Trd, 8639599.432, 122
Trd, 8639600.932, 102
Trd, 8639601.782, 85
Trd, 8639602.432, 69
Trd, 8639602.782, 110
Trd, 8639604.332, 96
Trd, 8639604.682, 89
Trd, 8639605.432, 82
Trd, 8639605.832, 101
Trd, 8639606.432, 86
Trd, 8639606.832, 97
Trd, 8639607.382, 103
Trd, 8639608.582, 104
Trd, 8639608.782, 97
Trd, 8639609.832, 108
Trd, 8639610.432, 123
Trd, 8639611.382, 119
Trd, 8639611.432, 117
Trd, 8639612.132, 125
Trd, 8639612.732, 106
Trd, 8639613.182, 86
Trd, 8639613.232, 85
Trd, 8639615.182, 99
Trd, 8639615.782, 111
Trd, 8639616.082, 124
Trd, 8639616.682, 122
Trd, 8639617.282, 94
Trd, 8639618.082, 93
Trd, 8639618.382, 75
Trd, 8639618.882, 96
Trd, 8639618.982, 78
Trd, 8639619.432, 73
Trd, 8639620.182, 69
Trd, 8639620.632, 126
Trd, 8639622.932, 68
Trd, 8639624.432, 90
Trd, 8639624.732, 86
Trd, 8639624.882, 77
Trd, 8639625.132, 103
Trd, 8639625.482, 99
Trd, 8639626.432, 105
Trd, 8639627.782, 104
Trd, 8639629.182, 116
Trd, 8639629.482, 118
Trd, 8639630.232, 99
Trd, 8639632.582, 131
Trd, 8639632.782, 120
Trd, 8639632.832, 107
Trd, 8639632.932, 119
Trd, 8639633.132, 135
Trd, 8639634.882, 88
Trd, 8639635.532, 114
Trd, 8639636.932, 139
Trd, 8639637.532, 134
Trd, 8639637.782, 109
Trd, 8639637.832, 106
Trd, 8639638.082, 95
Trd, 8639638.232, 80
Trd, 8639640.582, 61
Trd, 8639640.982, 67
Trd, 8639641.432, 91
Trd, 8639642.032, 85
Trd, 8639643.782, 125
Trd, 8639644.432, 125
Trd, 8639644.682, 118
Trd, 8639645.082, 111
Trd, 8639645.182, 94
Trd, 8639645.732, 60
Trd, 8639646.782, 62
Trd, 8639647.332, 126
Trd, 8639649.632, 86
Trd, 8639650.032, 108
Trd, 8639651.432, 130
Trd, 8639651.482, 92
Trd, 8639651.732, 112
Trd, 8639652.882, 113
Trd, 8639653.082, 112
Trd, 8639653.182, 104
Trd, 8639653.282, 79
Trd, 8639653.982, 98
Trd, 8639656.282, 63
Trd, 8639656.482, 60
Trd, 8639656.732, 87
Trd, 8639656.932, 112
Trd, 8639658.282, 115
Trd, 8639658.382, 91
Trd, 8639658.832, 117
Trd, 8639659.782, 97
Trd, 8639661.182, 98
Trd, 8639661.932, 101
Trd, 8639662.682, 83
Trd, 8639663.282, 92
Trd, 8639664.082, 110
Trd, 8639664.332, 127
Trd, 8639664.932, 84
Trd, 8639665.432, 65
Trd, 8639666.132, 61
Trd, 8639666.382, 66
Trd, 8639667.782, 68
Trd, 8639668.282, 67
Trd, 8639668.682, 86
Trd, 8639668.782, 108
Trd, 8639670.682, 127
Trd, 8639671.932, 115
Trd, 8639672.932, 125
Trd, 8639673.132, 121
Trd, 8639673.182, 94
Trd, 8639673.732, 97
Trd, 8639673.982, 134
Trd, 8639675.032, 100
Trd, 8639676.132, 97
Trd, 8639676.182, 90
Trd, 8639676.282, 102
Trd, 8639676.382, 88
Trd, 8639678.882, 137
Trd, 8639679.232, 103
Trd, 8639679.832, 79
Trd, 8639680.682, 130
Trd, 8639680.882, 93
Trd, 8639681.332, 91
Trd, 8639681.882, 90
Trd, 8639683.432, 119
Trd, 8639683.582, 100
Trd, 8639684.132, 125
Trd, 8639685.332, 103
Trd, 8639685.532, 134
Trd, 8639686.582, 136
Trd, 8639688.332, 97
Trd, 8639689.032, 136
Trd, 8639689.932, 113
Trd, 8639690.182, 112
Trd, 8639691.482, 106
Trd, 8639691.682, 121
Trd, 8639691.882, 100
Trd, 8639692.732, 103
Trd, 8639694.532, 114
Trd, 8639694.982, 105
Trd, 8639695.032, 103
Trd, 8639695.932, 76
Trd, 8639696.332, 107
Trd, 8639696.532, 120
Trd, 8639697.332, 122
Trd, 8639698.282, 115
Trd, 8639699.132, 130
Trd, 8639699.582, 114
Trd, 8639700.232, 132
Trd, 8639700.432, 102
Trd, 8639701.882, 85
Trd, 8639702.932, 89
Trd, 8639703.282, 92
Trd, 8639704.532, 82
Trd, 8639705.432, 79
Trd, 8639705.732, 78
Trd, 8639707.032, 94
Trd, 8639707.682, 134
Trd, 8639708.382, 106
Trd, 8639708.482, 86
Trd, 8639708.782, 72
Trd, 8639710.082, 131
Trd, 8639710.382, 127
Trd, 8639710.682, 140
Trd, 8639711.082, 120
Trd, 8639711.132, 107
Trd, 8639713.232, 106
Trd, 8639713.932, 98
Trd, 8639714.732, 104
Trd, 8639714.832, 73
Trd, 8639716.282, 131
Trd, 8639717.482, 126
Trd, 8639718.382, 97
Trd, 8639719.232, 134
Trd, 8639719.382, 100
Trd, 8639719.632, 96
Trd, 8639720.932, 62
Trd, 8639721.832, 105
Trd, 8639722.682, 62
Trd, 8639722.732, 82
Trd, 8639722.832, 82
Trd, 8639725.032, 88
Trd, 8639725.832, 114
Trd, 8639726.682, 128
Trd, 8639726.782, 124
Trd, 8639727.632, 61
Trd, 8639728.532, 63
Trd, 8639729.432, 109
Trd, 8639729.682, 113
Trd, 8639730.382, 103
Trd, 8639730.582, 87
Trd, 8639730.782, 109
Trd, 8639731.282, 75
Trd, 8639731.432, 71
Trd, 8639731.732, 62
Trd, 8639733.632, 132
Trd, 8639734.032, 122
Trd, 8639734.832, 66
Trd, 8639735.232, 71
Trd, 8639736.882, 85
Trd, 8639738.282, 93
Trd, 8639739.082, 71
Trd, 8639740.232, 75
Trd, 8639740.382, 77
Trd, 8639740.532, 75
Trd, 8639740.682, 92
Trd, 8639741.182, 126
Trd, 8639741.932, 92
Trd, 8639742.282, 74
Trd, 8639742.732, 135
Trd, 8639744.082, 82
Trd, 8639744.382, 113
Trd, 8639744.782, 75
Trd, 8639747.482, 128
Trd, 8639747.582, 112
Trd, 8639748.382, 87
Trd, 8639748.882, 71
Trd, 8639749.132, 124
Trd, 8639750.582, 92
Trd, 8639750.882, 103
Trd, 8639751.082, 96
Trd, 8639751.132, 90
Trd, 8639751.682, 127
Trd, 8639752.032, 117
Trd, 8639753.032, 63
Trd, 8639754.532, 125
Trd, 8639755.032, 124
Trd, 8639756.232, 93
Trd, 8639756.832, 96
Trd, 8639757.532, 89
Trd, 8639758.182, 84
Trd, 8639758.232, 84
Trd, 8639759.032, 106
Trd, 8639760.682, 62
Trd, 8639761.132, 65
Trd, 8639761.632, 64
Trd, 8639762.232, 71
Trd, 8639762.332, 73
Trd, 8639763.632, 133
Trd, 8639764.282, 134
Trd, 8639764.482, 129
Trd, 8639764.882, 109
Trd, 8639766.432, 61
Trd, 8639767.132, 63
Trd, 8639767.632, 138
Trd, 8639768.232, 78
Trd, 8639768.782, 87
Trd, 8639769.382, 116
Trd, 8639770.182, 110
Trd, 8639770.332, 81
Trd, 8639770.682, 139
Trd, 8639770.932, 88
Trd, 8639772.582, 63
Trd, 8639772.982, 67
Trd, 8639773.582, 69
Trd, 8639774.182, 76
Trd, 8639774.282, 73
Trd, 8639774.682, 66
Trd, 8639775.182, 70
Trd, 8639775.782, 66
Trd, 8639776.432, 99
Trd, 8639777.182, 89
Trd, 8639777.332, 91
Trd, 8639777.482, 64
Trd, 8639779.982, 60
Trd, 8639780.082, 61
Trd, 8639782.082, 65
Trd, 8639782.132, 66
Trd, 8639782.582, 70
Trd, 8639782.882, 72
Trd, 8639784.082, 96
Trd, 8639785.082, 111
Trd, 8639785.282, 109
Trd, 8639785.882, 129
Trd, 8639786.432, 116
Trd, 8639787.632, 123
Trd, 8639787.682, 106
Trd, 8639788.332, 118
Trd, 8639788.532, 105
Trd, 8639789.432, 91
Trd, 8639790.682, 82
Trd, 8639790.782, 106
Trd, 8639791.082, 97
Trd, 8639792.882, 108
Trd, 8639793.132, 93
Trd, 8639793.182, 88
Trd, 8639794.032, 124
Trd, 8639795.132, 121
Trd, 8639795.282, 101
Trd, 8639795.432, 78
Trd, 8639795.682, 67
Trd, 8639797.082, 71
Trd, 8639797.882, 76
Trd, 8639798.782, 120
Trd, 8639799.532, 122
Trd, 8639799.582, 107
Trd, 8639800.832, 117
Trd, 8639802.082, 135
Trd, 8639802.782, 130
Trd, 8639803.032, 122
Trd, 8639803.682, 124
Trd, 8639804.482, 136
Trd, 8639805.082, 115
Trd, 8639805.332, 111
Trd, 8639806.932, 127
Trd, 8639807.132, 111
Trd, 8639808.282, 129
Trd, 8639808.582, 118
Trd, 8639809.232, 107
Trd, 8639809.632, 94
Trd, 8639809.732, 80
Trd, 8639811.282, 82
Trd, 8639812.182, 107
Trd, 8639813.182, 128
Trd, 8639814.232, 123
Trd, 8639814.532, 139
Trd, 8639816.232, 113
Trd, 8639816.282, 99
Trd, 8639816.482, 96
Trd, 8639816.532, 89
Trd, 8639817.382, 83
Trd, 8639818.732, 63
Trd, 8639819.382, 101
Trd, 8639821.032, 85
Trd, 8639821.532, 68
Trd, 8639821.882, 103
Trd, 8639822.282, 96
Trd, 8639822.532, 89
Trd, 8639824.182, 83
Trd, 8639824.682, 75
Trd, 8639824.882, 103
Trd, 8639825.882, 112
Trd, 8639826.682, 140
Trd, 8639826.982, 88
Trd, 8639827.482, 60
Trd, 8639827.682, 66
Trd, 8639827.982, 126
Trd, 8639828.232, 92
Trd, 8639829.132, 111
Trd, 8639830.582, 91
Trd, 8639831.482, 82
Trd, 8639833.282, 124
Trd, 8639833.532, 123
Trd, 8639834.682, 132
Trd, 8639835.282, 109
Trd, 8639835.482, 98
Trd, 8639836.032, 104
Trd, 8639836.982, 116
Trd, 8639838.282, 117
Trd, 8639839.532, 81
Trd, 8639839.682, 116
Trd, 8639840.182, 109
Trd, 8639840.682, 93
Trd, 8639841.882, 109
Trd, 8639842.582, 105
Trd, 8639842.682, 85
Trd, 8639844.032, 102
Trd, 8639844.582, 108
Trd, 8639844.782, 94
Trd, 8639846.532, 99
Trd, 8639846.982, 112
Trd, 8639847.632, 116
Trd, 8639848.632, 97
Trd, 8639849.632, 100
Trd, 8639849.982, 131
Trd, 8639850.182, 97
Trd, 8639850.782, 92
Trd, 8639850.982, 84
Trd, 8639852.382, 93
Trd, 8639853.232, 112
Trd, 8639854.232, 95
Trd, 8639854.682, 82
Trd, 8639854.782, 101
Trd, 8639856.132, 106
Trd, 8639856.782, 94
Trd, 8639858.132, 89
Trd, 8639858.632, 100
Trd, 8639859.032, 83
Trd, 8639859.182, 106
Trd, 8639859.882, 81
Trd, 8639860.232, 113
Trd, 8639860.282, 85
Trd, 8639861.332, 96
Trd, 8639861.582, 62
Trd, 8639862.332, 84
Trd, 8639862.682, 88
Trd, 8639863.882, 63
Trd, 8639863.982, 66
Trd, 8639865.032, 62
Trd, 8639867.132, 63
Trd, 8639868.482, 65
Trd, 8639869.482, 60
Trd, 8639870.282, 60
Trd, 8639870.682, 63
Trd, 8639871.082, 62
Trd, 8639871.132, 97
Trd, 8639871.282, 108
Trd, 8639871.432, 89
Trd, 8639873.432, 63
Trd, 8639873.832, 117
Trd, 8639874.882, 60
Trd, 8639875.232, 71
Trd, 8639875.732, 65
Trd, 8639878.382, 63
Trd, 8639879.032, 71
Trd, 8639879.132, 70
Trd, 8639879.382, 61
Trd, 8639879.782, 86
Trd, 8639880.732, 85
Trd, 8639881.582, 81
Trd, 8639881.832, 77
Trd, 8639881.882, 75
Trd, 8639883.182, 115
Trd, 8639883.882, 100
Trd, 8639884.032, 97
Trd, 8639884.782, 102
Trd, 8639885.332, 80
Trd, 8639885.782, 108
Trd, 8639887.632, 118
Trd, 8639888.782, 112
Trd, 8639888.882, 92
Trd, 8639888.932, 88
Trd, 8639889.232, 77
Trd, 8639890.282, 107
Trd, 8639890.482, 138
Trd, 8639891.582, 88
Trd, 8639892.382, 106
Trd, 8639893.182, 77
Trd, 8639894.082, 74
Trd, 8639894.582, 85
Trd, 8639895.432, 127
Trd, 8639897.782, 106
Trd, 8639898.132, 122
Trd, 8639898.482, 105
Trd, 8639899.282, 114
Trd, 8639899.332, 123
Trd, 8639900.182, 103
Trd, 8639900.732, 120
Trd, 8639901.082, 116
Trd, 8639901.532, 140
Trd, 8639901.882, 113
Trd, 8639902.482, 124
Trd, 8639902.582, 108
Trd, 8639903.532, 108
Trd, 8639904.232, 73
Trd, 8639905.532, 81
Trd, 8639907.632, 87
Trd, 8639907.882, 103
Trd, 8639908.332, 130
Trd, 8639909.282, 134
Trd, 8639909.482, 124
Trd, 8639909.732, 111
Trd, 8639909.932, 105
Trd, 8639909.982, 94
Trd, 8639910.632, 99
Trd, 8639911.632, 116
Trd, 8639911.832, 97
Trd, 8639912.782, 88
Trd, 8639913.182, 111
Trd, 8639913.832, 120
Trd, 8639914.332, 65
Trd, 8639915.682, 120
Trd, 8639915.732, 109
Trd, 8639915.932, 87
Trd, 8639916.182, 81
Trd, 8639916.632, 66
Trd, 8639917.582, 98
Trd, 8639917.832, 95
Trd, 8639920.282, 60
Trd, 8639920.382, 64
Trd, 8639920.482, 64
Trd, 8639920.532, 92
Trd, 8639921.682, 75
Trd, 8639922.932, 74
Trd, 8639924.632, 117
Trd, 8639924.982, 116
Trd, 8639925.682, 94
Trd, 8639925.882, 118
Trd, 8639925.932, 65
Trd, 8639926.382, 134
Trd, 8639926.882, 90
Trd, 8639928.582, 124
Trd, 8639928.782, 94
Trd, 8639929.132, 95
Trd, 8639931.082, 116
Trd, 8639931.582, 115
Trd, 8639932.332, 84
Trd, 8639933.432, 114
Trd, 8639933.582, 103
Trd, 8639934.732, 108
Trd, 8639934.932, 137
Trd, 8639935.032, 105
Trd, 8639935.382, 127
Trd, 8639936.232, 112
Trd, 8639936.382, 66
Trd, 8639938.082, 97
Trd, 8639938.232, 94
Trd, 8639939.182, 95
Trd, 8639939.782, 92
Trd, 8639939.832, 137
Trd, 8639941.382, 76
Trd, 8639942.582, 113
Trd, 8639943.482, 101
Trd, 8639943.932, 131
Trd, 8639945.182, 116
Trd, 8639945.332, 103
Trd, 8639945.832, 95
Trd, 8639946.582, 91
Trd, 8639946.882, 88
Trd, 8639948.232, 89
Trd, 8639948.482, 115
Trd, 8639949.032, 82
Trd, 8639949.482, 110
Trd, 8639950.182, 118
Trd, 8639950.832, 99
Trd, 8639951.032, 127
Trd, 8639951.532, 118
Trd, 8639951.582, 108
Trd, 8639951.982, 112
Trd, 8639952.382, 102
Trd, 8639954.032, 68
Trd, 8639955.382, 139
Trd, 8639955.882, 139
Trd, 8639956.232, 126
Trd, 8639958.532, 115
Trd, 8639959.232, 128
Trd, 8639960.882, 139
Trd, 8639960.932, 131
Trd, 8639961.432, 108
Trd, 8639961.832, 123
Trd, 8639962.682, 93
Trd, 8639963.432, 103
Trd, 8639963.682, 127
Trd, 8639963.732, 93
Trd, 8639964.332, 88
Trd, 8639965.432, 117
Trd, 8639966.132, 103
Trd, 8639966.382, 100
Trd, 8639967.632, 88
Trd, 8639967.732, 104
Trd, 8639968.682, 88
Trd, 8639969.182, 78
Trd, 8639969.882, 129
Trd, 8639970.532, 114
Trd, 8639970.932, 103
Trd, 8639971.732, 109
Trd, 8639972.032, 112
Trd, 8639972.832, 111
Trd, 8639973.832, 86
Trd, 8639974.382, 87
Trd, 8639974.732, 133
Trd, 8639975.932, 62
Trd, 8639976.232, 136
Trd, 8639976.632, 131
Trd, 8639977.032, 108
Trd, 8639977.882, 85
Trd, 8639977.982, 101
Trd, 8639978.282, 60
Trd, 8639979.282, 65
Trd, 8639979.732, 63
Trd, 8639981.182, 100
Trd, 8639982.482, 123
Trd, 8639982.682, 97
Trd, 8639983.182, 96
Trd, 8639984.432, 120
Trd, 8639985.132, 117
Trd, 8639985.982, 108
Trd, 8639986.532, 82
Trd, 8639987.632, 71
Trd, 8639988.682, 138
Trd, 8639988.932, 132
Trd, 8639989.282, 139
Trd, 8639989.582, 140
Trd, 8639989.632, 84
Trd, 8639990.132, 114
Trd, 8639991.082, 101
Trd, 8639991.882, 112
Trd, 8639992.132, 102
Trd, 8639992.232, 91
Trd, 8639992.932, 115
Trd, 8639994.582, 106
Trd, 8639995.282, 110
Trd, 8639995.832, 102
Trd, 8639997.682, 112
Trd, 8639997.732, 108
Trd, 8639998.382, 103
Trd, 8639999.182, 90
