Trd, 8638086.682, 97
Trd, 8638087.632, 105
Trd, 8638088.882, 113
Trd, 8638090.332, 105
Trd, 8638091.332, 91
Trd, 8638092.982, 100
Trd, 8638093.282, 132
Trd, 8638093.932, 108
Trd, 8638093.982, 107
Trd, 8638096.082, 135
Trd, 8638097.032, 121
Trd, 8638098.582, 106
Trd, 8638099.582, 88
Trd, 8638099.682, 87
Trd, 8638100.032, 126
Trd, 8638100.732, 126
Trd, 8638102.232, 134
Trd, 8638102.632, 103
Trd, 8638104.682, 128
Trd, 8638105.932, 135
Trd, 8638106.282, 138
Trd, 8638107.032, 136
Trd, 8638107.382, 137
Trd, 8638107.532, 135
Trd, 8638108.082, 140
Trd, 8638110.582, 137
Trd, 8638110.732, 121
Trd, 8638111.132, 129
Trd, 8638112.482, 116
Trd, 8638113.782, 83
Trd, 8638114.082, 95
Trd, 8638118.032, 128
Trd, 8638118.232, 122
Trd, 8638118.382, 121
Trd, 8638119.132, 95
Trd, 8638120.682, 112
Trd, 8638121.182, 121
Trd, 8638121.432, 106
Trd, 8638122.482, 76
Trd, 8638122.882, 118
Trd, 8638124.032, 124
Trd, 8638124.582, 100
Trd, 8638125.082, 96
Trd, 8638127.182, 132
Trd, 8638127.382, 126
Trd, 8638127.432, 119
Trd, 8638127.482, 103
Trd, 8638128.582, 133
Trd, 8638129.532, 126
Trd, 8638130.282, 131
Trd, 8638130.432, 115
Trd, 8638131.182, 112
Trd, 8638131.282, 85
Trd, 8638133.232, 122
Trd, 8638133.582, 121
Trd, 8638133.832, 116
Trd, 8638133.882, 87
Trd, 8638135.932, 95
Trd, 8638137.132, 89
Trd, 8638137.482, 85
Trd, 8638137.732, 101
Trd, 8638138.082, 96
Trd, 8638138.982, 66
Trd, 8638139.332, 66
Trd, 8638140.982, 126
Trd, 8638143.232, 126
Trd, 8638145.182, 114
Trd, 8638145.282, 115
Trd, 8638145.332, 119
Trd, 8638145.632, 111
Trd, 8638146.382, 84
Trd, 8638146.582, 85
Trd, 8638147.032, 134
Trd, 8638148.432, 90
Trd, 8638150.332, 87
Trd, 8638150.632, 70
Trd, 8638151.332, 92
Trd, 8638151.732, 82
Trd, 8638151.832, 111
Trd, 8638152.382, 100
Trd, 8638153.732, 88
Trd, 8638154.382, 118
Trd, 8638155.632, 106
Trd, 8638155.782, 95
Trd, 8638157.032, 139
Trd, 8638157.182, 87
Trd, 8638157.532, 119
Trd, 8638159.932, 90
Trd, 8638160.732, 132
Trd, 8638161.582, 87
Trd, 8638161.932, 86
Trd, 8638162.682, 80
Trd, 8638162.782, 112
Trd, 8638162.932, 66
Trd, 8638163.432, 67
Trd, 8638163.782, 85
Trd, 8638165.232, 83
Trd, 8638166.132, 102
Trd, 8638166.332, 110
Trd, 8638166.532, 128
Trd, 8638168.232, 131
Trd, 8638169.182, 117
Trd, 8638170.332, 88
Trd, 8638171.132, 137
Trd, 8638171.332, 134
Trd, 8638171.682, 63
Trd, 8638172.982, 95
Trd, 8638173.832, 124
Trd, 8638174.182, 97
Trd, 8638174.582, 99
Trd, 8638176.332, 93
Trd, 8638176.882, 130
Trd, 8638177.482, 95
Trd, 8638177.782, 93
Trd, 8638178.082, 88
Trd, 8638178.382, 109
Trd, 8638179.132, 140
Trd, 8638181.032, 124
Trd, 8638181.432, 114
Trd, 8638182.182, 133
Trd, 8638183.482, 140
Trd, 8638184.732, 133
Trd, 8638186.182, 120
Trd, 8638186.482, 118
Trd, 8638187.182, 127
Trd, 8638187.232, 126
Trd, 8638188.382, 95
Trd, 8638189.582, 134
Trd, 8638190.232, 114
Trd, 8638190.982, 131
Trd, 8638191.482, 114
Trd, 8638192.982, 140
Trd, 8638194.382, 118
Trd, 8638194.482, 98
Trd, 8638194.882, 110
Trd, 8638195.832, 65
Trd, 8638195.982, 78
Trd, 8638196.182, 92
Trd, 8638196.932, 94
Trd, 8638197.832, 88
Trd, 8638197.882, 79
Trd, 8638199.232, 78
Trd, 8638199.782, 108
Trd, 8638200.532, 109
Trd, 8638201.382, 121
Trd, 8638202.332, 112
Trd, 8638202.832, 107
Trd, 8638204.582, 125
Trd, 8638205.482, 104
Trd, 8638206.632, 138
Trd, 8638206.832, 128
Trd, 8638207.732, 105
Trd, 8638207.882, 112
Trd, 8638208.632, 84
Trd, 8638211.382, 104
Trd, 8638212.732, 68
Trd, 8638213.032, 71
Trd, 8638213.982, 74
Trd, 8638214.082, 62
Trd, 8638214.332, 125
Trd, 8638215.332, 103
Trd, 8638215.432, 98
Trd, 8638215.982, 116
Trd, 8638217.132, 122
Trd, 8638217.182, 125
Trd, 8638219.182, 118
Trd, 8638219.432, 112
Trd, 8638220.182, 91
Trd, 8638221.232, 128
Trd, 8638222.432, 65
Trd, 8638223.332, 139
Trd, 8638223.682, 122
Trd, 8638224.582, 134
Trd, 8638225.432, 133
Trd, 8638226.282, 60
Trd, 8638226.682, 60
Trd, 8638227.232, 104
Trd, 8638228.032, 109
Trd, 8638229.082, 121
Trd, 8638229.782, 88
Trd, 8638230.582, 70
Trd, 8638230.782, 81
Trd, 8638231.132, 106
Trd, 8638231.682, 139
Trd, 8638232.282, 129
Trd, 8638233.782, 138
Trd, 8638235.082, 138
Trd, 8638235.432, 122
Trd, 8638236.632, 108
Trd, 8638238.432, 113
Trd, 8638239.732, 130
Trd, 8638241.032, 115
Trd, 8638241.682, 110
Trd, 8638242.132, 82
Trd, 8638243.882, 110
Trd, 8638243.982, 126
Trd, 8638244.832, 117
Trd, 8638245.182, 133
Trd, 8638245.382, 138
Trd, 8638245.682, 86
Trd, 8638247.632, 115
Trd, 8638248.182, 118
Trd, 8638249.382, 137
Trd, 8638249.482, 126
Trd, 8638249.582, 78
Trd, 8638250.882, 128
Trd, 8638251.632, 115
Trd, 8638252.132, 93
Trd, 8638252.732, 119
Trd, 8638252.932, 89
Trd, 8638254.032, 130
Trd, 8638255.132, 101
Trd, 8638255.532, 78
Trd, 8638255.582, 106
Trd, 8638256.882, 107
Trd, 8638257.632, 80
Trd, 8638257.682, 87
Trd, 8638259.132, 138
Trd, 8638259.682, 68
Trd, 8638260.032, 113
Trd, 8638262.032, 112
Trd, 8638262.232, 108
Trd, 8638262.332, 137
Trd, 8638263.582, 108
Trd, 8638263.832, 97
Trd, 8638264.382, 94
Trd, 8638265.282, 111
Trd, 8638266.432, 101
Trd, 8638267.082, 77
Trd, 8638267.582, 101
Trd, 8638268.332, 106
Trd, 8638270.382, 132
Trd, 8638272.182, 131
Trd, 8638272.232, 117
Trd, 8638272.332, 104
Trd, 8638273.682, 90
Trd, 8638274.132, 86
Trd, 8638275.032, 128
Trd, 8638275.532, 124
Trd, 8638276.182, 98
Trd, 8638277.332, 127
Trd, 8638278.732, 108
Trd, 8638279.532, 103
Trd, 8638279.732, 76
Trd, 8638280.532, 98
Trd, 8638281.132, 93
Trd, 8638281.182, 112
Trd, 8638282.932, 122
Trd, 8638283.032, 112
Trd, 8638283.382, 138
Trd, 8638284.032, 123
Trd, 8638284.682, 97
Trd, 8638284.732, 90
Trd, 8638287.082, 113
Trd, 8638288.782, 135
Trd, 8638289.282, 139
Trd, 8638289.932, 132
Trd, 8638290.332, 133
Trd, 8638291.082, 119
Trd, 8638291.282, 85
Trd, 8638291.332, 82
Trd, 8638291.732, 78
Trd, 8638292.632, 88
Trd, 8638293.082, 84
Trd, 8638294.182, 93
Trd, 8638294.482, 98
Trd, 8638295.882, 130
Trd, 8638295.982, 123
Trd, 8638297.482, 111
Trd, 8638298.232, 103
Trd, 8638298.582, 97
Trd, 8638298.882, 100
Trd, 8638299.882, 74
Trd, 8638300.032, 85
Trd, 8638301.732, 81
Trd, 8638302.332, 66
Trd, 8638304.282, 93
Trd, 8638304.332, 89
Trd, 8638304.882, 102
Trd, 8638306.332, 113
Trd, 8638306.682, 134
Trd, 8638307.632, 126
Trd, 8638308.882, 101
Trd, 8638309.232, 91
Trd, 8638309.532, 67
Trd, 8638310.632, 125
Trd, 8638310.882, 78
Trd, 8638313.282, 103
Trd, 8638313.632, 103
Trd, 8638313.932, 83
Trd, 8638315.532, 137
Trd, 8638316.082, 132
Trd, 8638316.232, 76
Trd, 8638317.432, 105
Trd, 8638318.232, 101
Trd, 8638318.332, 94
Trd, 8638319.082, 129
Trd, 8638319.382, 64
Trd, 8638319.832, 65
Trd, 8638320.232, 84
Trd, 8638320.732, 82
Trd, 8638321.682, 127
Trd, 8638322.532, 86
Trd, 8638323.782, 82
Trd, 8638324.832, 111
Trd, 8638325.582, 121
Trd, 8638326.232, 118
Trd, 8638326.932, 109
Trd, 8638327.132, 115
Trd, 8638328.432, 119
Trd, 8638328.582, 133
Trd, 8638328.982, 94
Trd, 8638329.732, 112
Trd, 8638331.232, 81
Trd, 8638331.832, 96
Trd, 8638331.982, 82
Trd, 8638332.532, 78
Trd, 8638334.932, 115
Trd, 8638335.232, 125
Trd, 8638335.482, 110
Trd, 8638337.182, 133
Trd, 8638337.282, 121
Trd, 8638337.632, 88
Trd, 8638337.932, 87
Trd, 8638338.182, 64
Trd, 8638339.282, 114
Trd, 8638340.082, 130
Trd, 8638342.082, 109
Trd, 8638342.682, 118
Trd, 8638343.782, 101
Trd, 8638344.082, 139
Trd, 8638344.932, 119
Trd, 8638344.982, 115
Trd, 8638345.532, 111
Trd, 8638345.832, 99
Trd, 8638345.882, 70
Trd, 8638346.582, 140
Trd, 8638347.532, 95
Trd, 8638347.982, 125
Trd, 8638348.682, 84
Trd, 8638351.482, 138
Trd, 8638351.782, 127
Trd, 8638351.982, 114
Trd, 8638352.282, 112
Trd, 8638352.782, 130
Trd, 8638353.832, 128
Trd, 8638355.182, 111
Trd, 8638356.782, 114
Trd, 8638357.132, 112
Trd, 8638357.632, 102
Trd, 8638358.832, 60
Trd, 8638358.932, 128
Trd, 8638359.232, 104
Trd, 8638360.182, 124
Trd, 8638361.132, 128
Trd, 8638361.582, 108
Trd, 8638362.982, 133
Trd, 8638363.432, 129
Trd, 8638365.032, 122
Trd, 8638365.382, 114
Trd, 8638365.682, 96
Trd, 8638365.932, 98
Trd, 8638366.732, 100
Trd, 8638366.932, 80
Trd, 8638366.982, 77
Trd, 8638367.382, 100
Trd, 8638369.632, 83
Trd, 8638369.682, 129
Trd, 8638369.932, 80
Trd, 8638370.882, 89
Trd, 8638373.532, 88
Trd, 8638373.782, 71
Trd, 8638373.882, 67
Trd, 8638374.132, 93
Trd, 8638374.632, 121
Trd, 8638376.032, 126
Trd, 8638376.282, 77
Trd, 8638377.332, 60
Trd, 8638377.882, 68
Trd, 8638378.332, 93
Trd, 8638380.132, 124
Trd, 8638382.432, 123
Trd, 8638383.882, 115
Trd, 8638384.882, 138
Trd, 8638385.582, 132
Trd, 8638386.132, 129
Trd, 8638386.332, 136
Trd, 8638387.482, 137
Trd, 8638388.132, 114
Trd, 8638388.432, 110
Trd, 8638390.482, 122
Trd, 8638390.932, 129
Trd, 8638392.982, 130
Trd, 8638394.432, 128
Trd, 8638394.582, 124
Trd, 8638394.782, 102
Trd, 8638396.632, 130
Trd, 8638396.882, 118
Trd, 8638398.082, 97
Trd, 8638398.682, 115
Trd, 8638399.082, 86
Trd, 8638399.732, 108
Trd, 8638401.582, 139
Trd, 8638402.482, 133
Trd, 8638402.632, 116
Trd, 8638403.782, 101
Trd, 8638404.882, 123
Trd, 8638405.282, 125
Trd, 8638406.482, 88
Trd, 8638406.632, 119
Trd, 8638407.882, 108
Trd, 8638408.982, 103
Trd, 8638409.882, 106
Trd, 8638410.832, 138
Trd, 8638411.082, 113
Trd, 8638411.282, 102
Trd, 8638412.232, 90
Trd, 8638412.732, 93
Trd, 8638412.832, 74
Trd, 8638413.132, 60
Trd, 8638414.232, 127
Trd, 8638415.832, 128
Trd, 8638416.032, 106
Trd, 8638417.632, 101
Trd, 8638418.482, 75
Trd, 8638419.132, 68
Trd, 8638419.732, 109
Trd, 8638420.932, 131
Trd, 8638420.982, 127
Trd, 8638421.432, 115
Trd, 8638422.832, 95
Trd, 8638422.982, 104
Trd, 8638423.632, 114
Trd, 8638424.282, 107
Trd, 8638424.382, 125
Trd, 8638424.432, 106
Trd, 8638425.582, 120
Trd, 8638425.732, 87
Trd, 8638426.682, 106
Trd, 8638426.832, 116
Trd, 8638428.532, 113
Trd, 8638429.032, 79
Trd, 8638430.282, 99
Trd, 8638430.632, 86
Trd, 8638431.982, 114
Trd, 8638432.932, 122
Trd, 8638434.332, 93
Trd, 8638435.332, 106
Trd, 8638435.782, 102
Trd, 8638436.082, 115
Trd, 8638436.282, 133
Trd, 8638439.582, 140
Trd, 8638440.032, 131
Trd, 8638441.532, 83
Trd, 8638441.732, 112
Trd, 8638441.832, 135
Trd, 8638442.032, 89
Trd, 8638444.532, 115
Trd, 8638445.332, 109
Trd, 8638445.932, 109
Trd, 8638447.482, 119
Trd, 8638448.582, 127
Trd, 8638449.332, 110
Trd, 8638449.882, 114
Trd, 8638451.882, 136
Trd, 8638452.132, 120
Trd, 8638452.282, 102
Trd, 8638453.382, 99
Trd, 8638453.732, 75
Trd, 8638454.932, 127
Trd, 8638455.282, 125
Trd, 8638456.532, 130
Trd, 8638458.732, 118
Trd, 8638459.382, 101
Trd, 8638459.932, 137
Trd, 8638461.582, 116
Trd, 8638461.832, 61
Trd, 8638462.232, 117
Trd, 8638462.782, 103
Trd, 8638463.282, 112
Trd, 8638464.382, 129
Trd, 8638464.632, 108
Trd, 8638465.532, 111
Trd, 8638466.232, 133
Trd, 8638466.732, 124
Trd, 8638468.432, 116
Trd, 8638468.932, 114
Trd, 8638471.632, 120
Trd, 8638472.582, 135
Trd, 8638473.532, 138
Trd, 8638474.532, 132
Trd, 8638474.782, 121
Trd, 8638476.132, 131
Trd, 8638476.182, 125
Trd, 8638477.132, 128
Trd, 8638478.032, 102
Trd, 8638478.182, 94
Trd, 8638478.382, 134
Trd, 8638479.032, 105
Trd, 8638480.282, 128
Trd, 8638481.032, 131
Trd, 8638482.932, 137
Trd, 8638483.182, 137
Trd, 8638483.232, 128
Trd, 8638484.232, 134
Trd, 8638485.082, 94
Trd, 8638485.282, 104
Trd, 8638486.932, 136
Trd, 8638488.582, 104
Trd, 8638488.932, 102
Trd, 8638489.082, 100
Trd, 8638489.382, 100
Trd, 8638489.832, 103
Trd, 8638489.932, 80
Trd, 8638491.782, 136
Trd, 8638491.982, 133
Trd, 8638492.182, 116
Trd, 8638493.682, 104
Trd, 8638493.782, 85
Trd, 8638493.982, 110
Trd, 8638495.232, 118
Trd, 8638495.532, 90
Trd, 8638495.882, 89
Trd, 8638496.832, 87
Trd, 8638497.432, 89
Trd, 8638498.482, 137
Trd, 8638498.632, 137
Trd, 8638498.782, 120
Trd, 8638498.982, 72
Trd, 8638501.582, 70
Trd, 8638504.032, 135
Trd, 8638504.082, 96
Trd, 8638504.432, 102
Trd, 8638505.132, 60
Trd, 8638506.032, 76
Trd, 8638507.482, 131
Trd, 8638508.432, 113
Trd, 8638509.932, 126
Trd, 8638511.082, 78
Trd, 8638511.182, 99
Trd, 8638511.882, 125
Trd, 8638513.282, 129
Trd, 8638514.882, 131
Trd, 8638515.082, 97
Trd, 8638515.982, 116
Trd, 8638516.132, 103
Trd, 8638516.632, 125
Trd, 8638516.682, 120
Trd, 8638517.532, 128
Trd, 8638518.032, 95
Trd, 8638518.282, 91
Trd, 8638519.232, 108
Trd, 8638520.882, 106
Trd, 8638521.082, 100
Trd, 8638521.982, 130
Trd, 8638522.332, 128
Trd, 8638523.482, 127
Trd, 8638523.932, 127
Trd, 8638524.032, 113
Trd, 8638526.482, 131
Trd, 8638527.832, 110
Trd, 8638528.282, 120
Trd, 8638529.782, 126
Trd, 8638531.232, 137
Trd, 8638531.332, 130
Trd, 8638531.682, 84
Trd, 8638532.082, 131
Trd, 8638533.082, 88
Trd, 8638533.482, 81
Trd, 8638533.832, 125
Trd, 8638534.532, 98
Trd, 8638534.932, 124
Trd, 8638536.082, 84
Trd, 8638536.282, 110
Trd, 8638537.282, 113
Trd, 8638538.632, 81
Trd, 8638539.082, 83
Trd, 8638539.132, 91
Trd, 8638540.632, 129
Trd, 8638541.082, 101
Trd, 8638541.732, 99
Trd, 8638542.232, 86
Trd, 8638542.432, 100
Trd, 8638543.232, 94
Trd, 8638544.132, 107
Trd, 8638545.332, 111
Trd, 8638545.582, 96
Trd, 8638545.982, 87
Trd, 8638546.232, 66
Trd, 8638548.282, 82
Trd, 8638548.632, 102
Trd, 8638549.332, 96
Trd, 8638550.182, 121
Trd, 8638551.132, 124
Trd, 8638552.632, 120
Trd, 8638553.082, 111
Trd, 8638553.682, 94
Trd, 8638555.882, 120
Trd, 8638556.382, 130
Trd, 8638557.782, 122
Trd, 8638558.782, 125
Trd, 8638562.732, 110
Trd, 8638563.482, 105
Trd, 8638563.782, 82
Trd, 8638563.882, 74
Trd, 8638564.582, 82
Trd, 8638565.182, 123
Trd, 8638566.182, 114
Trd, 8638566.232, 100
Trd, 8638567.332, 119
Trd, 8638567.482, 97
Trd, 8638568.882, 124
Trd, 8638570.432, 139
Trd, 8638571.332, 136
Trd, 8638571.732, 134
Trd, 8638572.282, 116
Trd, 8638573.532, 130
Trd, 8638574.182, 96
Trd, 8638574.332, 88
Trd, 8638576.682, 137
Trd, 8638577.232, 101
Trd, 8638577.482, 115
Trd, 8638578.032, 112
Trd, 8638579.132, 125
Trd, 8638579.732, 140
Trd, 8638580.182, 70
Trd, 8638580.932, 81
Trd, 8638581.582, 73
Trd, 8638582.682, 133
Trd, 8638583.632, 118
Trd, 8638583.982, 99
Trd, 8638584.682, 120
Trd, 8638585.932, 119
Trd, 8638587.082, 92
Trd, 8638588.382, 83
Trd, 8638589.982, 133
Trd, 8638590.232, 130
Trd, 8638590.882, 112
Trd, 8638591.832, 125
Trd, 8638592.932, 127
Trd, 8638593.632, 127
Trd, 8638593.682, 109
Trd, 8638593.932, 91
Trd, 8638594.182, 86
Trd, 8638594.682, 111
Trd, 8638596.732, 110
Trd, 8638598.432, 139
Trd, 8638599.432, 119
Trd, 8638600.532, 104
Trd, 8638601.132, 88
Trd, 8638601.932, 89
Trd, 8638602.482, 83
Trd, 8638604.282, 125
Trd, 8638604.932, 117
Trd, 8638604.982, 116
Trd, 8638605.882, 130
Trd, 8638606.282, 122
Trd, 8638606.982, 109
Trd, 8638607.132, 109
Trd, 8638608.082, 122
Trd, 8638608.582, 106
Trd, 8638609.532, 119
Trd, 8638609.832, 111
Trd, 8638610.582, 104
Trd, 8638611.682, 76
Trd, 8638612.282, 89
Trd, 8638612.532, 102
Trd, 8638613.432, 92
Trd, 8638614.832, 120
Trd, 8638616.082, 122
Trd, 8638617.882, 106
Trd, 8638618.982, 126
Trd, 8638619.182, 112
Trd, 8638620.282, 114
Trd, 8638621.432, 106
Trd, 8638621.632, 95
Trd, 8638621.932, 133
Trd, 8638622.582, 120
Trd, 8638624.182, 133
Trd, 8638624.632, 116
Trd, 8638626.532, 123
Trd, 8638626.682, 108
Trd, 8638627.282, 131
Trd, 8638628.582, 121
Trd, 8638629.182, 109
Trd, 8638629.782, 99
Trd, 8638630.082, 114
Trd, 8638631.032, 90
Trd, 8638633.282, 133
Trd, 8638634.082, 109
Trd, 8638634.282, 137
Trd, 8638636.082, 134
Trd, 8638636.282, 103
Trd, 8638637.482, 84
Trd, 8638637.732, 84
Trd, 8638638.082, 103
Trd, 8638638.132, 72
Trd, 8638638.682, 112
Trd, 8638640.482, 78
Trd, 8638641.432, 91
Trd, 8638641.982, 108
Trd, 8638642.632, 64
Trd, 8638644.182, 138
Trd, 8638645.282, 87
Trd, 8638645.382, 121
Trd, 8638646.532, 118
Trd, 8638647.332, 117
Trd, 8638647.932, 96
Trd, 8638648.832, 123
Trd, 8638649.032, 116
Trd, 8638650.082, 133
Trd, 8638650.682, 100
Trd, 8638651.632, 112
Trd, 8638652.082, 111
Trd, 8638652.832, 105
Trd, 8638653.132, 119
Trd, 8638654.982, 127
Trd, 8638655.782, 116
Trd, 8638655.882, 104
Trd, 8638656.232, 128
Trd, 8638656.482, 135
Trd, 8638656.882, 101
Trd, 8638657.232, 119
Trd, 8638657.732, 127
Trd, 8638658.232, 128
Trd, 8638660.782, 132
Trd, 8638661.332, 128
Trd, 8638662.332, 115
Trd, 8638662.532, 128
Trd, 8638663.482, 107
Trd, 8638665.382, 100
Trd, 8638666.132, 116
Trd, 8638666.282, 88
Trd, 8638667.282, 114
Trd, 8638667.982, 137
Trd, 8638668.282, 123
Trd, 8638668.832, 104
Trd, 8638669.382, 126
Trd, 8638670.182, 122
Trd, 8638670.682, 118
Trd, 8638671.932, 130
Trd, 8638672.032, 114
Trd, 8638673.182, 116
Trd, 8638673.332, 96
Trd, 8638675.282, 106
Trd, 8638675.832, 136
Trd, 8638676.432, 129
Trd, 8638677.082, 123
Trd, 8638677.782, 109
Trd, 8638678.232, 138
Trd, 8638680.982, 117
Trd, 8638682.132, 81
Trd, 8638682.482, 94
Trd, 8638682.582, 103
Trd, 8638684.182, 126
Trd, 8638685.632, 125
Trd, 8638685.832, 121
Trd, 8638687.782, 132
Trd, 8638688.282, 125
Trd, 8638688.782, 116
Trd, 8638689.332, 111
Trd, 8638689.982, 132
Trd, 8638692.032, 124
Trd, 8638692.232, 116
Trd, 8638692.832, 112
Trd, 8638693.832, 124
Trd, 8638694.332, 109
Trd, 8638695.282, 131
Trd, 8638695.482, 120
Trd, 8638696.832, 124
Trd, 8638697.182, 93
Trd, 8638697.682, 91
Trd, 8638698.682, 119
Trd, 8638700.132, 133
Trd, 8638702.032, 119
Trd, 8638702.182, 107
Trd, 8638702.582, 100
Trd, 8638702.682, 97
Trd, 8638704.632, 111
Trd, 8638704.932, 98
Trd, 8638705.432, 88
Trd, 8638706.482, 130
Trd, 8638706.982, 134
Trd, 8638707.082, 113
Trd, 8638707.382, 93
Trd, 8638708.482, 98
Trd, 8638710.732, 124
Trd, 8638711.382, 135
Trd, 8638712.132, 128
Trd, 8638712.932, 124
Trd, 8638714.832, 124
Trd, 8638715.932, 140
Trd, 8638716.032, 136
Trd, 8638717.232, 118
Trd, 8638718.532, 113
Trd, 8638718.732, 136
Trd, 8638719.182, 112
Trd, 8638719.482, 74
Trd, 8638721.182, 126
Trd, 8638721.282, 107
Trd, 8638721.982, 126
Trd, 8638722.932, 105
Trd, 8638723.382, 108
Trd, 8638724.282, 112
Trd, 8638724.532, 116
Trd, 8638724.832, 104
Trd, 8638726.532, 136
Trd, 8638727.882, 140
Trd, 8638728.182, 105
Trd, 8638728.782, 119
Trd, 8638729.582, 103
Trd, 8638730.282, 137
Trd, 8638730.532, 98
Trd, 8638731.332, 131
Trd, 8638732.282, 121
Trd, 8638732.682, 96
Trd, 8638733.082, 73
Trd, 8638736.982, 138
Trd, 8638738.132, 125
Trd, 8638738.432, 113
Trd, 8638739.732, 113
Trd, 8638739.982, 107
Trd, 8638740.632, 122
Trd, 8638741.282, 101
Trd, 8638741.632, 93
Trd, 8638741.882, 84
Trd, 8638741.982, 94
Trd, 8638744.882, 125
Trd, 8638745.282, 82
Trd, 8638745.482, 84
Trd, 8638745.782, 139
Trd, 8638745.932, 71
Trd, 8638746.382, 80
Trd, 8638746.882, 64
Trd, 8638747.882, 98
Trd, 8638748.132, 97
Trd, 8638749.432, 120
Trd, 8638750.682, 117
Trd, 8638751.232, 129
Trd, 8638751.782, 128
Trd, 8638752.432, 111
Trd, 8638753.432, 78
Trd, 8638753.832, 75
Trd, 8638754.832, 83
Trd, 8638755.882, 127
Trd, 8638757.032, 88
Trd, 8638757.282, 73
Trd, 8638757.982, 120
Trd, 8638760.282, 87
Trd, 8638761.382, 112
Trd, 8638761.582, 116
Trd, 8638762.032, 107
Trd, 8638762.932, 86
Trd, 8638763.332, 91
Trd, 8638763.482, 92
Trd, 8638764.332, 71
Trd, 8638765.282, 114
Trd, 8638765.882, 107
Trd, 8638767.232, 122
Trd, 8638768.832, 91
Trd, 8638770.582, 130
Trd, 8638770.632, 85
Trd, 8638771.182, 78
Trd, 8638772.332, 95
Trd, 8638772.832, 62
Trd, 8638774.332, 114
Trd, 8638775.132, 110
Trd, 8638775.382, 89
Trd, 8638775.632, 115
Trd, 8638776.832, 92
Trd, 8638777.232, 104
Trd, 8638778.232, 132
Trd, 8638779.732, 122
Trd, 8638780.032, 112
Trd, 8638780.332, 106
Trd, 8638780.432, 91
Trd, 8638781.582, 112
Trd, 8638783.432, 98
Trd, 8638785.332, 129
Trd, 8638785.932, 119
Trd, 8638788.982, 134
Trd, 8638789.682, 138
Trd, 8638789.882, 118
Trd, 8638790.182, 123
Trd, 8638790.682, 107
Trd, 8638791.632, 133
Trd, 8638793.232, 137
Trd, 8638793.382, 132
Trd, 8638794.032, 123
Trd, 8638794.132, 95
Trd, 8638794.582, 137
Trd, 8638795.032, 88
Trd, 8638795.532, 86
Trd, 8638796.482, 69
Trd, 8638797.482, 100
Trd, 8638798.382, 112
Trd, 8638798.432, 127
Trd, 8638799.332, 120
Trd, 8638799.632, 103
Trd, 8638801.082, 75
Trd, 8638802.382, 117
Trd, 8638803.132, 107
Trd, 8638803.732, 107
Trd, 8638804.282, 104
Trd, 8638804.782, 114
Trd, 8638805.232, 95
Trd, 8638805.582, 94
Trd, 8638807.132, 98
Trd, 8638808.182, 98
Trd, 8638809.882, 109
Trd, 8638811.282, 108
Trd, 8638811.632, 116
Trd, 8638812.332, 101
Trd, 8638814.032, 103
Trd, 8638814.782, 102
Trd, 8638815.632, 61
Trd, 8638815.682, 65
Trd, 8638815.882, 134
Trd, 8638816.482, 107
Trd, 8638817.082, 112
Trd, 8638818.482, 110
Trd, 8638819.182, 108
Trd, 8638820.832, 135
Trd, 8638821.032, 129
Trd, 8638821.382, 118
Trd, 8638822.182, 117
Trd, 8638822.582, 77
Trd, 8638823.182, 111
Trd, 8638824.932, 123
Trd, 8638825.082, 129
Trd, 8638825.132, 118
Trd, 8638826.282, 78
Trd, 8638826.682, 139
Trd, 8638826.782, 116
Trd, 8638827.532, 137
Trd, 8638827.982, 101
Trd, 8638829.532, 98
Trd, 8638830.632, 117
Trd, 8638831.132, 129
Trd, 8638831.332, 116
Trd, 8638832.032, 82
Trd, 8638832.782, 134
Trd, 8638834.132, 106
Trd, 8638834.782, 93
Trd, 8638835.782, 137
Trd, 8638836.082, 108
Trd, 8638836.332, 92
Trd, 8638837.332, 86
Trd, 8638837.932, 121
Trd, 8638838.082, 103
Trd, 8638840.032, 133
Trd, 8638840.182, 109
Trd, 8638840.282, 65
Trd, 8638841.182, 129
Trd, 8638842.432, 84
Trd, 8638843.582, 131
Trd, 8638844.732, 121
Trd, 8638844.882, 114
Trd, 8638845.482, 82
Trd, 8638846.182, 111
Trd, 8638846.782, 123
Trd, 8638847.832, 109
Trd, 8638848.132, 98
Trd, 8638848.332, 85
Trd, 8638849.732, 111
Trd, 8638849.882, 88
Trd, 8638850.882, 91
Trd, 8638851.532, 75
Trd, 8638853.132, 128
Trd, 8638853.582, 126
Trd, 8638854.232, 125
Trd, 8638854.282, 123
Trd, 8638854.832, 112
Trd, 8638857.282, 139
Trd, 8638857.382, 138
Trd, 8638857.532, 130
Trd, 8638858.232, 81
Trd, 8638858.832, 131
Trd, 8638860.332, 110
Trd, 8638861.182, 101
Trd, 8638863.632, 126
Trd, 8638863.932, 122
Trd, 8638865.132, 92
Trd, 8638865.332, 127
Trd, 8638866.782, 126
Trd, 8638867.532, 84
Trd, 8638867.932, 66
Trd, 8638868.132, 93
Trd, 8638870.182, 123
Trd, 8638870.532, 138
Trd, 8638871.032, 120
Trd, 8638872.582, 129
Trd, 8638872.632, 116
Trd, 8638872.732, 105
Trd, 8638873.532, 137
Trd, 8638873.882, 123
Trd, 8638874.982, 97
Trd, 8638875.282, 114
Trd, 8638876.232, 121
Trd, 8638877.332, 117
Trd, 8638878.482, 113
Trd, 8638879.082, 104
Trd, 8638879.282, 82
Trd, 8638879.582, 113
Trd, 8638881.532, 82
Trd, 8638882.082, 128
Trd, 8638882.382, 110
Trd, 8638884.682, 124
Trd, 8638885.032, 120
Trd, 8638885.182, 107
Trd, 8638886.982, 114
Trd, 8638887.832, 105
Trd, 8638889.732, 104
Trd, 8638890.182, 101
Trd, 8638890.432, 109
Trd, 8638890.782, 113
Trd, 8638891.082, 126
Trd, 8638891.282, 85
Trd, 8638893.132, 118
Trd, 8638893.682, 129
Trd, 8638893.932, 104
Trd, 8638894.982, 127
Trd, 8638895.482, 122
Trd, 8638896.932, 90
Trd, 8638897.332, 93
Trd, 8638897.932, 86
Trd, 8638899.082, 109
Trd, 8638899.282, 100
Trd, 8638900.032, 140
Trd, 8638900.882, 121
Trd, 8638902.082, 133
Trd, 8638903.232, 80
Trd, 8638903.832, 99
Trd, 8638904.432, 115
Trd, 8638906.182, 110
Trd, 8638906.482, 91
Trd, 8638906.932, 119
Trd, 8638907.332, 135
Trd, 8638907.382, 126
Trd, 8638907.432, 112
Trd, 8638909.032, 128
Trd, 8638910.432, 119
Trd, 8638910.532, 102
Trd, 8638912.182, 136
Trd, 8638912.532, 116
Trd, 8638912.682, 115
Trd, 8638914.132, 110
Trd, 8638914.982, 107
Trd, 8638915.082, 89
Trd, 8638915.882, 126
Trd, 8638916.182, 110
Trd, 8638916.932, 109
Trd, 8638917.032, 134
Trd, 8638917.732, 102
Trd, 8638918.382, 95
Trd, 8638920.732, 99
Trd, 8638921.382, 89
Trd, 8638922.282, 109
Trd, 8638922.632, 105
Trd, 8638923.232, 134
Trd, 8638923.282, 119
Trd, 8638923.732, 100
Trd, 8638924.732, 99
Trd, 8638925.632, 113
Trd, 8638925.682, 87
Trd, 8638926.482, 86
Trd, 8638926.582, 118
Trd, 8638928.482, 120
Trd, 8638928.582, 89
Trd, 8638930.882, 136
Trd, 8638931.532, 126
Trd, 8638932.482, 100
Trd, 8638934.582, 118
Trd, 8638934.632, 116
Trd, 8638935.332, 93
Trd, 8638937.232, 108
Trd, 8638937.382, 115
Trd, 8638938.082, 122
Trd, 8638938.182, 85
Trd, 8638938.332, 126
Trd, 8638939.032, 122
Trd, 8638939.882, 119
Trd, 8638941.982, 101
Trd, 8638942.032, 87
Trd, 8638943.482, 130
Trd, 8638944.182, 68
Trd, 8638945.832, 76
Trd, 8638946.082, 74
Trd, 8638946.532, 111
Trd, 8638946.932, 111
Trd, 8638948.532, 121
Trd, 8638949.082, 122
Trd, 8638949.382, 83
Trd, 8638950.882, 109
Trd, 8638951.182, 107
Trd, 8638951.332, 94
Trd, 8638952.482, 134
Trd, 8638952.982, 123
Trd, 8638953.532, 128
Trd, 8638954.732, 122
Trd, 8638955.832, 95
Trd, 8638956.482, 108
Trd, 8638957.432, 113
Trd, 8638958.032, 122
Trd, 8638958.932, 120
Trd, 8638959.182, 109
Trd, 8638959.632, 101
Trd, 8638960.932, 137
Trd, 8638961.032, 90
Trd, 8638961.482, 92
Trd, 8638961.632, 113
Trd, 8638963.532, 93
Trd, 8638963.582, 128
Trd, 8638965.732, 106
Trd, 8638965.982, 137
Trd, 8638969.782, 126
Trd, 8638969.832, 111
Trd, 8638970.182, 130
Trd, 8638971.082, 61
Trd, 8638971.332, 66
Trd, 8638972.732, 96
Trd, 8638973.032, 94
Trd, 8638973.332, 97
Trd, 8638973.482, 126
Trd, 8638973.582, 92
Trd, 8638975.232, 98
Trd, 8638975.382, 86
Trd, 8638975.482, 113
Trd, 8638977.082, 97
Trd, 8638978.282, 120
Trd, 8638978.932, 113
Trd, 8638979.832, 81
Trd, 8638980.382, 77
Trd, 8638981.882, 105
Trd, 8638982.382, 95
Trd, 8638982.682, 110
Trd, 8638983.132, 62
Trd, 8638983.382, 110
Trd, 8638985.232, 77
Trd, 8638985.282, 77
Trd, 8638985.932, 86
Trd, 8638987.582, 122
Trd, 8638987.682, 116
Trd, 8638988.232, 121
Trd, 8638988.332, 97
Trd, 8638988.982, 140
Trd, 8638989.532, 77
Trd, 8638990.932, 122
Trd, 8638992.882, 122
Trd, 8638993.682, 121
Trd, 8638994.132, 112
Trd, 8638995.982, 116
Trd, 8638996.382, 111
Trd, 8638996.632, 115
Trd, 8638997.632, 111
Trd, 8638997.982, 138
Trd, 8638998.582, 88
Trd, 8638999.882, 108
Trd, 8639000.132, 97
Trd, 8639000.182, 109
Trd, 8639000.832, 84
Trd, 8639002.032, 101
Trd, 8639002.582, 136
Trd, 8639002.832, 102
Trd, 8639003.132, 99
Trd, 8639004.282, 101
Trd, 8639004.882, 106
Trd, 8639006.132, 111
Trd, 8639007.232, 100
Trd, 8639008.582, 140
Trd, 8639008.632, 121
Trd, 8639009.282, 133
Trd, 8639010.382, 117
Trd, 8639010.482, 102
Trd, 8639012.332, 135
Trd, 8639012.482, 122
Trd, 8639013.832, 138
Trd, 8639014.482, 125
Trd, 8639014.582, 108
Trd, 8639014.832, 118
Trd, 8639017.132, 136
Trd, 8639018.082, 95
Trd, 8639018.332, 98
Trd, 8639018.382, 88
Trd, 8639018.932, 79
Trd, 8639019.782, 99
Trd, 8639021.332, 135
Trd, 8639021.732, 123
Trd, 8639023.232, 121
Trd, 8639023.432, 103
Trd, 8639024.482, 82
Trd, 8639024.832, 70
Trd, 8639025.332, 112
Trd, 8639026.132, 125
Trd, 8639026.832, 136
Trd, 8639027.882, 135
Trd, 8639028.882, 100
Trd, 8639030.182, 129
Trd, 8639030.432, 114
Trd, 8639031.432, 73
Trd, 8639031.982, 74
Trd, 8639032.132, 122
Trd, 8639035.282, 126
Trd, 8639035.782, 116
Trd, 8639036.482, 90
Trd, 8639036.932, 97
Trd, 8639037.932, 127
Trd, 8639038.732, 139
Trd, 8639039.082, 134
Trd, 8639041.632, 131
Trd, 8639041.982, 118
Trd, 8639042.632, 107
Trd, 8639043.732, 133
Trd, 8639043.882, 129
Trd, 8639044.332, 119
Trd, 8639045.482, 118
Trd, 8639045.632, 114
Trd, 8639046.482, 110
Trd, 8639046.932, 122
Trd, 8639047.082, 98
Trd, 8639049.182, 110
Trd, 8639049.332, 106
Trd, 8639049.382, 116
Trd, 8639049.482, 105
Trd, 8639050.032, 64
Trd, 8639050.232, 108
Trd, 8639051.632, 113
Trd, 8639051.782, 121
Trd, 8639052.532, 82
Trd, 8639053.332, 124
Trd, 8639053.582, 119
Trd, 8639054.282, 104
Trd, 8639055.882, 127
Trd, 8639056.282, 97
Trd, 8639057.682, 67
Trd, 8639058.482, 133
Trd, 8639059.032, 106
Trd, 8639059.582, 81
Trd, 8639060.382, 125
Trd, 8639060.732, 95
Trd, 8639062.232, 139
Trd, 8639062.332, 82
Trd, 8639063.882, 92
Trd, 8639064.232, 98
Trd, 8639065.232, 127
Trd, 8639065.482, 115
Trd, 8639066.332, 79
Trd, 8639067.732, 123
Trd, 8639067.832, 113
Trd, 8639068.332, 137
Trd, 8639068.382, 121
Trd, 8639068.832, 99
Trd, 8639069.682, 64
Trd, 8639071.482, 110
Trd, 8639072.282, 95
Trd, 8639072.632, 96
Trd, 8639073.132, 123
Trd, 8639073.882, 121
Trd, 8639074.282, 84
Trd, 8639074.982, 92
Trd, 8639076.482, 131
Trd, 8639076.582, 121
Trd, 8639078.082, 127
Trd, 8639080.432, 98
Trd, 8639081.282, 101
Trd, 8639082.332, 123
Trd, 8639083.482, 133
Trd, 8639083.732, 113
Trd, 8639084.232, 137
Trd, 8639084.582, 111
Trd, 8639086.282, 97
Trd, 8639086.682, 96
Trd, 8639087.632, 76
Trd, 8639088.282, 99
Trd, 8639088.332, 120
Trd, 8639090.682, 113
Trd, 8639091.032, 107
Trd, 8639092.432, 115
Trd, 8639092.982, 138
Trd, 8639093.682, 129
Trd, 8639095.232, 136
Trd, 8639095.432, 118
Trd, 8639096.632, 136
Trd, 8639096.732, 115
Trd, 8639098.932, 117
Trd, 8639099.082, 115
Trd, 8639099.432, 99
Trd, 8639099.482, 94
Trd, 8639099.932, 96
Trd, 8639100.132, 102
Trd, 8639100.782, 80
Trd, 8639101.132, 67
Trd, 8639102.482, 85
Trd, 8639102.682, 87
Trd, 8639102.982, 90
Trd, 8639104.732, 64
Trd, 8639105.932, 68
Trd, 8639106.332, 128
Trd, 8639107.082, 83
Trd, 8639107.582, 63
Trd, 8639108.182, 83
Trd, 8639109.832, 89
Trd, 8639110.232, 100
Trd, 8639111.032, 90
Trd, 8639111.132, 86
Trd, 8639115.182, 105
Trd, 8639115.582, 122
Trd, 8639116.332, 98
Trd, 8639116.832, 114
Trd, 8639117.432, 118
Trd, 8639117.932, 111
Trd, 8639118.782, 137
Trd, 8639120.682, 132
Trd, 8639120.732, 131
Trd, 8639120.882, 97
Trd, 8639122.432, 78
Trd, 8639123.082, 76
Trd, 8639123.482, 88
Trd, 8639124.182, 92
Trd, 8639127.232, 127
Trd, 8639127.282, 108
Trd, 8639127.632, 140
Trd, 8639127.832, 109
Trd, 8639128.182, 76
Trd, 8639128.682, 73
Trd, 8639129.082, 121
Trd, 8639129.782, 114
Trd, 8639130.432, 68
Trd, 8639131.282, 84
Trd, 8639131.482, 110
Trd, 8639132.732, 83
Trd, 8639133.882, 91
Trd, 8639135.082, 97
Trd, 8639135.332, 84
Trd, 8639135.482, 79
Trd, 8639136.582, 78
Trd, 8639138.832, 135
Trd, 8639139.632, 110
Trd, 8639139.782, 96
Trd, 8639141.082, 106
Trd, 8639141.282, 105
Trd, 8639142.032, 118
Trd, 8639142.332, 123
Trd, 8639142.632, 110
Trd, 8639144.332, 106
Trd, 8639144.432, 85
Trd, 8639146.482, 71
Trd, 8639146.932, 80
Trd, 8639147.832, 105
Trd, 8639148.382, 104
Trd, 8639148.432, 109
Trd, 8639149.132, 73
Trd, 8639149.482, 133
Trd, 8639149.882, 92
Trd, 8639150.682, 123
Trd, 8639151.582, 137
Trd, 8639151.632, 124
Trd, 8639153.132, 80
Trd, 8639154.632, 99
Trd, 8639155.532, 71
Trd, 8639156.382, 95
Trd, 8639157.132, 80
Trd, 8639158.532, 135
Trd, 8639160.632, 127
Trd, 8639161.182, 138
Trd, 8639161.232, 123
Trd, 8639162.532, 113
Trd, 8639163.332, 104
Trd, 8639164.132, 133
Trd, 8639164.182, 129
Trd, 8639165.182, 118
Trd, 8639166.432, 140
Trd, 8639167.482, 136
Trd, 8639167.732, 113
Trd, 8639168.932, 129
Trd, 8639170.132, 111
Trd, 8639171.032, 121
Trd, 8639171.382, 111
Trd, 8639171.682, 86
Trd, 8639173.932, 82
Trd, 8639174.682, 135
Trd, 8639174.982, 135
Trd, 8639175.532, 105
Trd, 8639175.932, 97
Trd, 8639177.632, 109
Trd, 8639177.882, 97
Trd, 8639178.882, 116
Trd, 8639179.232, 68
Trd, 8639179.332, 73
Trd, 8639179.882, 67
Trd, 8639180.732, 68
Trd, 8639181.682, 62
Trd, 8639182.482, 86
Trd, 8639184.082, 109
Trd, 8639184.532, 115
Trd, 8639184.732, 87
Trd, 8639185.182, 137
Trd, 8639185.882, 77
Trd, 8639187.132, 93
Trd, 8639188.432, 125
Trd, 8639189.132, 93
Trd, 8639189.232, 89
Trd, 8639189.982, 123
Trd, 8639191.332, 127
Trd, 8639191.682, 111
Trd, 8639192.082, 121
Trd, 8639192.332, 123
Trd, 8639193.432, 124
Trd, 8639195.582, 131
Trd, 8639195.682, 106
Trd, 8639196.032, 125
Trd, 8639197.382, 135
Trd, 8639197.882, 136
Trd, 8639198.082, 108
Trd, 8639198.882, 76
Trd, 8639200.032, 104
Trd, 8639200.482, 88
Trd, 8639201.132, 82
Trd, 8639201.832, 98
Trd, 8639203.382, 117
Trd, 8639203.732, 76
Trd, 8639205.032, 100
Trd, 8639206.132, 127
Trd, 8639206.482, 107
Trd, 8639207.982, 140
Trd, 8639208.532, 121
Trd, 8639209.082, 95
Trd, 8639209.782, 83
Trd, 8639210.132, 62
Trd, 8639211.682, 106
Trd, 8639211.882, 111
Trd, 8639212.532, 71
Trd, 8639212.932, 73
Trd, 8639213.532, 115
Trd, 8639214.332, 101
Trd, 8639215.682, 78
Trd, 8639216.932, 101
Trd, 8639218.582, 108
Trd, 8639219.232, 115
Trd, 8639220.382, 100
Trd, 8639220.432, 108
Trd, 8639220.482, 75
Trd, 8639222.582, 121
Trd, 8639222.832, 117
Trd, 8639223.432, 128
Trd, 8639223.632, 133
Trd, 8639223.832, 115
Trd, 8639225.332, 123
Trd, 8639228.032, 140
Trd, 8639228.532, 111
Trd, 8639229.232, 103
Trd, 8639229.732, 83
Trd, 8639230.932, 124
Trd, 8639231.232, 132
Trd, 8639231.432, 124
Trd, 8639231.532, 81
Trd, 8639232.282, 133
Trd, 8639232.382, 132
Trd, 8639232.832, 117
Trd, 8639234.032, 108
Trd, 8639235.782, 120
Trd, 8639235.832, 117
Trd, 8639235.982, 132
Trd, 8639236.482, 129
Trd, 8639237.382, 132
Trd, 8639238.082, 135
Trd, 8639238.182, 119
Trd, 8639239.932, 124
Trd, 8639240.382, 115
Trd, 8639240.782, 109
Trd, 8639241.782, 110
Trd, 8639243.382, 116
Trd, 8639243.682, 76
Trd, 8639244.482, 90
Trd, 8639245.932, 120
Trd, 8639246.732, 125
Trd, 8639247.382, 139
Trd, 8639249.582, 117
Trd, 8639249.732, 111
Trd, 8639251.132, 102
Trd, 8639251.832, 113
Trd, 8639252.982, 120
Trd, 8639253.332, 102
Trd, 8639253.782, 129
Trd, 8639253.932, 123
Trd, 8639254.232, 126
Trd, 8639254.532, 98
Trd, 8639255.882, 108
Trd, 8639259.632, 117
Trd, 8639260.132, 118
Trd, 8639260.382, 97
Trd, 8639260.632, 94
Trd, 8639261.132, 135
Trd, 8639261.532, 104
Trd, 8639262.432, 87
Trd, 8639263.532, 139
Trd, 8639264.282, 139
Trd, 8639264.682, 107
Trd, 8639266.432, 129
Trd, 8639267.732, 136
Trd, 8639268.332, 101
Trd, 8639269.132, 85
Trd, 8639269.932, 132
Trd, 8639272.332, 106
Trd, 8639272.832, 100
Trd, 8639273.782, 98
Trd, 8639273.882, 103
Trd, 8639273.982, 88
Trd, 8639274.882, 119
Trd, 8639275.532, 102
Trd, 8639275.732, 88
Trd, 8639276.932, 107
Trd, 8639277.182, 124
Trd, 8639278.232, 136
Trd, 8639279.882, 94
Trd, 8639280.782, 80
Trd, 8639281.032, 95
Trd, 8639282.032, 128
Trd, 8639282.182, 108
Trd, 8639282.332, 115
Trd, 8639283.682, 114
Trd, 8639283.932, 98
Trd, 8639284.382, 122
Trd, 8639284.832, 102
Trd, 8639285.082, 133
Trd, 8639285.932, 135
Trd, 8639286.682, 127
Trd, 8639288.082, 111
Trd, 8639289.432, 120
Trd, 8639290.232, 132
Trd, 8639290.582, 122
Trd, 8639291.332, 109
Trd, 8639292.082, 94
Trd, 8639292.382, 117
Trd, 8639292.582, 116
Trd, 8639293.182, 121
Trd, 8639296.032, 117
Trd, 8639296.382, 126
Trd, 8639296.432, 104
Trd, 8639297.282, 138
Trd, 8639297.532, 132
Trd, 8639298.332, 116
Trd, 8639299.832, 102
Trd, 8639300.432, 133
Trd, 8639302.732, 117
Trd, 8639303.882, 117
Trd, 8639304.432, 117
Trd, 8639305.332, 123
Trd, 8639305.582, 100
Trd, 8639305.632, 94
Trd, 8639306.782, 99
Trd, 8639307.282, 122
Trd, 8639307.682, 123
Trd, 8639308.032, 89
Trd, 8639308.332, 94
Trd, 8639309.132, 127
Trd, 8639311.182, 104
Trd, 8639312.082, 86
Trd, 8639312.432, 114
Trd, 8639313.432, 88
Trd, 8639313.532, 108
Trd, 8639314.682, 131
Trd, 8639314.832, 119
Trd, 8639315.082, 77
Trd, 8639315.632, 96
Trd, 8639316.482, 116
Trd, 8639317.182, 128
Trd, 8639317.682, 133
Trd, 8639318.732, 122
Trd, 8639319.532, 122
Trd, 8639320.132, 135
Trd, 8639320.182, 96
Trd, 8639321.132, 136
Trd, 8639321.432, 94
Trd, 8639321.982, 139
Trd, 8639322.832, 139
Trd, 8639324.732, 97
Trd, 8639325.732, 102
Trd, 8639326.182, 91
Trd, 8639326.782, 105
Trd, 8639327.932, 122
Trd, 8639328.082, 127
Trd, 8639328.582, 99
Trd, 8639329.182, 102
Trd, 8639329.932, 80
Trd, 8639330.682, 98
Trd, 8639330.882, 96
Trd, 8639333.182, 127
Trd, 8639334.332, 102
Trd, 8639334.882, 137
Trd, 8639335.932, 115
Trd, 8639336.682, 124
Trd, 8639336.832, 115
Trd, 8639337.082, 97
Trd, 8639337.732, 100
Trd, 8639337.932, 84
Trd, 8639338.632, 98
Trd, 8639340.432, 134
Trd, 8639341.482, 97
Trd, 8639341.832, 126
Trd, 8639342.432, 67
Trd, 8639342.732, 80
Trd, 8639343.482, 80
Trd, 8639343.732, 77
Trd, 8639344.732, 60
Trd, 8639345.982, 139
Trd, 8639346.632, 137
Trd, 8639348.232, 96
Trd, 8639348.482, 120
Trd, 8639348.732, 87
Trd, 8639351.282, 135
Trd, 8639351.682, 134
Trd, 8639351.932, 97
Trd, 8639352.432, 119
Trd, 8639352.982, 116
Trd, 8639353.882, 130
Trd, 8639354.232, 131
Trd, 8639356.232, 124
Trd, 8639358.032, 131
Trd, 8639358.382, 121
Trd, 8639358.882, 102
Trd, 8639359.132, 117
Trd, 8639360.182, 98
Trd, 8639360.282, 80
Trd, 8639360.382, 67
Trd, 8639361.482, 99
Trd, 8639362.482, 88
Trd, 8639364.732, 122
Trd, 8639364.832, 100
Trd, 8639365.282, 111
Trd, 8639366.382, 138
Trd, 8639366.482, 97
Trd, 8639367.632, 116
Trd, 8639368.232, 90
Trd, 8639368.732, 104
Trd, 8639369.332, 101
Trd, 8639370.082, 119
Trd, 8639370.132, 110
Trd, 8639371.132, 77
Trd, 8639371.332, 75
Trd, 8639373.732, 93
Trd, 8639374.332, 93
Trd, 8639374.432, 91
Trd, 8639374.482, 65
Trd, 8639375.282, 131
Trd, 8639376.832, 115
Trd, 8639376.932, 98
Trd, 8639377.682, 91
Trd, 8639378.782, 98
Trd, 8639378.882, 131
Trd, 8639380.582, 104
Trd, 8639381.782, 104
Trd, 8639382.882, 94
Trd, 8639383.532, 108
Trd, 8639383.582, 102
Trd, 8639384.582, 103
Trd, 8639385.682, 123
Trd, 8639386.882, 116
Trd, 8639386.982, 109
Trd, 8639389.432, 115
Trd, 8639389.482, 112
Trd, 8639390.332, 122
Trd, 8639390.982, 119
Trd, 8639391.282, 111
Trd, 8639392.482, 126
Trd, 8639393.832, 86
Trd, 8639393.932, 87
Trd, 8639395.432, 135
Trd, 8639396.032, 107
Trd, 8639397.282, 88
Trd, 8639397.582, 89
Trd, 8639397.932, 100
Trd, 8639398.182, 104
Trd, 8639399.182, 86
Trd, 8639401.032, 110
Trd, 8639401.932, 113
Trd, 8639402.382, 95
Trd, 8639403.032, 121
Trd, 8639403.632, 106
Trd, 8639404.582, 109
Trd, 8639406.182, 118
Trd, 8639406.682, 126
Trd, 8639407.182, 125
Trd, 8639407.632, 107
Trd, 8639408.032, 132
Trd, 8639408.832, 132
Trd, 8639410.332, 113
Trd, 8639410.732, 106
Trd, 8639411.132, 110
Trd, 8639411.532, 121
Trd, 8639412.182, 110
Trd, 8639412.832, 107
Trd, 8639413.882, 123
Trd, 8639414.632, 117
Trd, 8639415.782, 137
Trd, 8639416.232, 115
Trd, 8639417.932, 130
Trd, 8639418.632, 132
Trd, 8639419.382, 116
Trd, 8639419.832, 72
Trd, 8639420.282, 97
Trd, 8639421.282, 140
Trd, 8639421.432, 136
Trd, 8639422.332, 125
Trd, 8639423.332, 135
Trd, 8639423.432, 121
Trd, 8639423.632, 124
Trd, 8639425.182, 123
Trd, 8639425.732, 102
Trd, 8639426.332, 99
Trd, 8639427.082, 109
Trd, 8639429.332, 139
Trd, 8639429.982, 85
Trd, 8639430.632, 133
Trd, 8639431.382, 117
Trd, 8639432.032, 98
Trd, 8639432.632, 123
Trd, 8639432.882, 100
Trd, 8639434.432, 125
Trd, 8639434.482, 78
Trd, 8639436.032, 127
Trd, 8639436.182, 115
Trd, 8639437.182, 107
Trd, 8639437.482, 115
Trd, 8639438.782, 126
Trd, 8639439.832, 115
Trd, 8639440.082, 76
Trd, 8639440.682, 129
Trd, 8639441.232, 135
Trd, 8639441.732, 101
Trd, 8639442.282, 105
Trd, 8639442.832, 124
Trd, 8639443.432, 140
Trd, 8639443.582, 138
Trd, 8639444.782, 79
Trd, 8639445.632, 62
Trd, 8639446.332, 71
Trd, 8639446.832, 93
Trd, 8639448.182, 107
Trd, 8639448.832, 101
Trd, 8639449.132, 135
Trd, 8639449.232, 90
Trd, 8639449.482, 75
Trd, 8639449.982, 75
Trd, 8639452.182, 126
Trd, 8639452.732, 123
Trd, 8639453.182, 122
Trd, 8639453.782, 135
Trd, 8639454.532, 108
Trd, 8639455.132, 125
Trd, 8639455.632, 73
Trd, 8639457.932, 77
Trd, 8639458.032, 76
Trd, 8639458.582, 112
Trd, 8639459.032, 107
Trd, 8639460.182, 131
Trd, 8639460.932, 104
Trd, 8639461.032, 106
Trd, 8639461.982, 104
Trd, 8639462.632, 73
Trd, 8639463.532, 98
Trd, 8639463.632, 98
Trd, 8639466.282, 86
Trd, 8639466.982, 109
Trd, 8639467.032, 101
Trd, 8639467.332, 93
Trd, 8639467.482, 111
Trd, 8639468.182, 93
Trd, 8639468.332, 117
Trd, 8639469.332, 135
Trd, 8639470.132, 137
Trd, 8639471.382, 122
Trd, 8639472.282, 105
Trd, 8639472.432, 73
Trd, 8639474.082, 126
Trd, 8639474.132, 99
Trd, 8639474.232, 99
Trd, 8639474.732, 104
Trd, 8639474.832, 63
Trd, 8639476.132, 128
Trd, 8639476.982, 116
Trd, 8639478.432, 133
Trd, 8639478.532, 118
Trd, 8639481.032, 137
Trd, 8639481.832, 104
Trd, 8639482.632, 134
Trd, 8639484.632, 108
Trd, 8639485.232, 137
Trd, 8639486.032, 126
Trd, 8639486.132, 113
Trd, 8639486.832, 104
Trd, 8639488.382, 105
Trd, 8639489.132, 110
Trd, 8639489.832, 92
Trd, 8639489.932, 103
Trd, 8639490.682, 103
Trd, 8639491.132, 67
Trd, 8639492.982, 136
Trd, 8639493.082, 122
Trd, 8639493.132, 117
Trd, 8639494.132, 60
Trd, 8639495.982, 122
Trd, 8639496.582, 123
Trd, 8639499.182, 124
Trd, 8639500.482, 110
Trd, 8639500.682, 119
Trd, 8639501.682, 121
Trd, 8639501.782, 99
Trd, 8639501.932, 118
Trd, 8639502.732, 110
Trd, 8639502.782, 92
Trd, 8639503.482, 79
Trd, 8639503.582, 71
Trd, 8639506.032, 83
Trd, 8639506.232, 71
Trd, 8639507.032, 110
Trd, 8639507.632, 126
Trd, 8639507.982, 77
Trd, 8639508.932, 121
Trd, 8639509.982, 100
Trd, 8639510.232, 104
Trd, 8639510.682, 95
Trd, 8639511.382, 139
Trd, 8639511.432, 136
Trd, 8639513.682, 111
Trd, 8639515.682, 115
Trd, 8639516.082, 98
Trd, 8639516.282, 86
Trd, 8639516.932, 74
Trd, 8639517.832, 128
Trd, 8639519.832, 132
Trd, 8639519.882, 110
Trd, 8639520.982, 83
Trd, 8639522.032, 115
Trd, 8639522.332, 136
Trd, 8639522.632, 128
Trd, 8639523.382, 121
Trd, 8639524.332, 112
Trd, 8639524.882, 99
Trd, 8639525.632, 93
Trd, 8639529.082, 121
Trd, 8639529.432, 110
Trd, 8639529.532, 97
Trd, 8639530.232, 130
Trd, 8639531.582, 140
Trd, 8639531.782, 115
Trd, 8639533.232, 127
Trd, 8639534.432, 124
Trd, 8639535.232, 108
Trd, 8639535.332, 91
Trd, 8639536.382, 114
Trd, 8639536.632, 110
Trd, 8639538.282, 119
Trd, 8639540.632, 113
Trd, 8639541.932, 120
Trd, 8639542.332, 117
Trd, 8639542.432, 116
Trd, 8639542.532, 103
Trd, 8639543.282, 97
Trd, 8639545.282, 118
Trd, 8639546.882, 129
Trd, 8639546.982, 114
Trd, 8639547.182, 101
Trd, 8639548.432, 112
Trd, 8639549.632, 115
Trd, 8639549.782, 109
Trd, 8639549.832, 102
Trd, 8639551.632, 110
Trd, 8639552.332, 104
Trd, 8639553.132, 106
Trd, 8639553.632, 91
Trd, 8639554.382, 95
Trd, 8639555.882, 125
Trd, 8639556.932, 106
Trd, 8639557.282, 133
Trd, 8639557.782, 126
Trd, 8639559.832, 134
Trd, 8639560.432, 97
Trd, 8639561.032, 110
Trd, 8639561.082, 87
Trd, 8639561.532, 89
Trd, 8639562.382, 80
Trd, 8639563.432, 119
Trd, 8639563.782, 108
Trd, 8639565.282, 90
Trd, 8639565.382, 100
Trd, 8639567.182, 109
Trd, 8639567.932, 87
Trd, 8639568.482, 111
Trd, 8639568.882, 109
Trd, 8639570.032, 130
Trd, 8639570.832, 117
Trd, 8639571.932, 101
Trd, 8639572.882, 130
Trd, 8639573.282, 105
Trd, 8639574.732, 138
Trd, 8639575.082, 100
Trd, 8639575.682, 105
Trd, 8639576.632, 132
Trd, 8639577.182, 129
Trd, 8639578.282, 125
Trd, 8639578.582, 96
Trd, 8639578.682, 81
Trd, 8639579.182, 117
Trd, 8639579.532, 100
Trd, 8639579.782, 118
Trd, 8639580.082, 79
Trd, 8639580.682, 61
Trd, 8639581.732, 103
Trd, 8639581.982, 123
Trd, 8639584.682, 122
Trd, 8639585.982, 128
Trd, 8639586.732, 130
Trd, 8639586.932, 118
Trd, 8639587.632, 110
Trd, 8639587.932, 97
Trd, 8639588.182, 113
Trd, 8639588.682, 105
Trd, 8639588.882, 109
Trd, 8639590.232, 123
Trd, 8639591.282, 132
Trd, 8639592.832, 80
Trd, 8639593.082, 104
Trd, 8639594.232, 70
Trd, 8639595.332, 129
Trd, 8639598.432, 122
Trd, 8639598.532, 117
Trd, 8639598.882, 114
Trd, 8639600.132, 95
Trd, 8639600.482, 109
Trd, 8639600.732, 122
Trd, 8639601.682, 138
Trd, 8639603.582, 114
Trd, 8639603.882, 111
Trd, 8639604.632, 116
Trd, 8639604.782, 123
Trd, 8639605.932, 122
Trd, 8639606.832, 131
Trd, 8639607.582, 139
Trd, 8639608.682, 119
Trd, 8639612.782, 135
Trd, 8639612.982, 128
Trd, 8639613.982, 135
Trd, 8639614.032, 128
Trd, 8639614.082, 127
Trd, 8639614.232, 118
Trd, 8639616.132, 104
Trd, 8639616.232, 104
Trd, 8639616.382, 98
Trd, 8639616.582, 81
Trd, 8639616.782, 62
Trd, 8639618.682, 79
Trd, 8639619.132, 74
Trd, 8639620.432, 76
Trd, 8639621.382, 104
Trd, 8639622.632, 111
Trd, 8639624.132, 122
Trd, 8639625.132, 136
Trd, 8639625.932, 138
Trd, 8639626.482, 140
Trd, 8639627.532, 112
Trd, 8639628.132, 133
Trd, 8639628.282, 110
Trd, 8639629.482, 61
Trd, 8639629.982, 116
Trd, 8639630.532, 82
Trd, 8639630.632, 114
Trd, 8639633.682, 119
Trd, 8639633.832, 90
Trd, 8639634.032, 87
Trd, 8639634.482, 88
Trd, 8639635.082, 117
Trd, 8639635.432, 73
Trd, 8639636.282, 95
Trd, 8639637.632, 97
Trd, 8639638.082, 103
Trd, 8639640.082, 114
Trd, 8639640.182, 84
Trd, 8639641.182, 95
Trd, 8639641.232, 95
Trd, 8639642.032, 118
Trd, 8639642.532, 106
Trd, 8639644.532, 131
Trd, 8639644.582, 82
Trd, 8639644.732, 71
Trd, 8639644.982, 63
Trd, 8639646.432, 109
Trd, 8639646.682, 87
Trd, 8639647.882, 108
Trd, 8639648.532, 131
Trd, 8639648.682, 95
Trd, 8639649.882, 108
Trd, 8639651.632, 128
Trd, 8639652.582, 106
Trd, 8639652.632, 101
Trd, 8639653.732, 128
Trd, 8639654.432, 104
Trd, 8639656.482, 117
Trd, 8639656.982, 139
Trd, 8639657.282, 137
Trd, 8639658.082, 126
Trd, 8639658.632, 113
Trd, 8639658.782, 111
Trd, 8639659.632, 117
Trd, 8639660.282, 109
Trd, 8639661.532, 134
Trd, 8639662.932, 78
Trd, 8639663.532, 125
Trd, 8639664.282, 121
Trd, 8639664.682, 90
Trd, 8639667.282, 86
Trd, 8639667.732, 109
Trd, 8639668.732, 121
Trd, 8639669.582, 117
Trd, 8639670.782, 115
Trd, 8639670.982, 122
Trd, 8639671.882, 130
Trd, 8639672.482, 125
Trd, 8639673.982, 103
Trd, 8639674.882, 135
Trd, 8639674.982, 121
Trd, 8639676.832, 133
Trd, 8639677.482, 124
Trd, 8639678.632, 124
Trd, 8639679.532, 118
Trd, 8639681.282, 140
Trd, 8639681.732, 137
Trd, 8639682.132, 129
Trd, 8639682.582, 129
Trd, 8639682.832, 78
Trd, 8639684.282, 135
Trd, 8639685.532, 92
Trd, 8639686.932, 75
Trd, 8639688.382, 99
Trd, 8639688.782, 97
Trd, 8639689.082, 88
Trd, 8639689.982, 131
Trd, 8639690.782, 99
Trd, 8639690.932, 91
Trd, 8639691.482, 94
Trd, 8639693.082, 122
Trd, 8639693.632, 79
Trd, 8639693.782, 77
Trd, 8639694.732, 93
Trd, 8639696.332, 118
Trd, 8639696.532, 119
Trd, 8639696.932, 134
Trd, 8639697.332, 106
Trd, 8639700.032, 114
Trd, 8639701.332, 136
Trd, 8639701.382, 103
Trd, 8639701.782, 98
Trd, 8639702.082, 95
Trd, 8639703.332, 101
Trd, 8639703.482, 124
Trd, 8639703.732, 105
Trd, 8639704.982, 134
Trd, 8639706.332, 98
Trd, 8639707.182, 86
Trd, 8639707.482, 91
Trd, 8639708.682, 105
Trd, 8639709.882, 113
Trd, 8639710.032, 127
Trd, 8639710.732, 106
Trd, 8639712.682, 134
Trd, 8639712.832, 119
Trd, 8639712.882, 79
Trd, 8639714.532, 63
Trd, 8639715.432, 137
Trd, 8639715.782, 114
Trd, 8639716.982, 107
Trd, 8639717.832, 121
Trd, 8639718.632, 107
Trd, 8639718.832, 95
Trd, 8639719.782, 117
Trd, 8639721.032, 84
Trd, 8639722.082, 132
Trd, 8639722.182, 123
Trd, 8639723.232, 98
Trd, 8639724.682, 116
Trd, 8639724.932, 82
Trd, 8639725.782, 140
Trd, 8639726.032, 139
Trd, 8639727.882, 121
Trd, 8639729.082, 85
Trd, 8639729.182, 65
Trd, 8639731.332, 104
Trd, 8639732.432, 105
Trd, 8639733.032, 100
Trd, 8639734.032, 100
Trd, 8639734.732, 113
Trd, 8639734.832, 125
Trd, 8639735.082, 118
Trd, 8639736.282, 113
Trd, 8639737.232, 111
Trd, 8639737.582, 107
Trd, 8639739.732, 95
Trd, 8639740.132, 124
Trd, 8639740.282, 94
Trd, 8639740.582, 124
Trd, 8639741.382, 71
Trd, 8639742.432, 101
Trd, 8639742.682, 122
Trd, 8639742.782, 134
Trd, 8639743.782, 96
Trd, 8639744.632, 131
Trd, 8639744.682, 117
Trd, 8639745.832, 85
Trd, 8639747.732, 104
Trd, 8639747.782, 110
Trd, 8639749.032, 96
Trd, 8639749.882, 89
Trd, 8639750.332, 128
Trd, 8639750.682, 118
Trd, 8639751.082, 111
Trd, 8639751.332, 139
Trd, 8639753.582, 126
Trd, 8639753.682, 99
Trd, 8639754.132, 67
Trd, 8639754.682, 103
Trd, 8639754.832, 94
Trd, 8639755.032, 94
Trd, 8639755.732, 104
Trd, 8639757.132, 136
Trd, 8639758.682, 81
Trd, 8639760.182, 70
Trd, 8639760.382, 122
Trd, 8639760.882, 83
Trd, 8639761.532, 124
Trd, 8639761.882, 137
Trd, 8639761.932, 122
Trd, 8639762.582, 85
Trd, 8639763.932, 123
Trd, 8639765.882, 131
Trd, 8639766.632, 110
Trd, 8639767.032, 139
Trd, 8639767.632, 112
Trd, 8639768.432, 107
Trd, 8639768.532, 101
Trd, 8639768.832, 98
Trd, 8639770.232, 99
Trd, 8639770.932, 83
Trd, 8639771.832, 88
Trd, 8639772.182, 82
Trd, 8639772.382, 118
Trd, 8639772.932, 99
Trd, 8639773.332, 122
Trd, 8639774.082, 90
Trd, 8639774.882, 110
Trd, 8639776.132, 113
Trd, 8639777.282, 133
Trd, 8639778.582, 105
Trd, 8639778.682, 100
Trd, 8639779.532, 136
Trd, 8639779.882, 123
Trd, 8639784.082, 132
Trd, 8639785.932, 132
Trd, 8639786.132, 127
Trd, 8639787.682, 131
Trd, 8639787.732, 101
Trd, 8639788.282, 132
Trd, 8639789.232, 119
Trd, 8639789.532, 101
Trd, 8639790.382, 108
Trd, 8639791.182, 105
Trd, 8639791.782, 121
Trd, 8639791.982, 101
Trd, 8639792.032, 90
Trd, 8639792.182, 115
Trd, 8639793.832, 140
Trd, 8639794.082, 120
Trd, 8639795.332, 123
Trd, 8639796.032, 139
Trd, 8639797.232, 112
Trd, 8639798.582, 135
Trd, 8639799.632, 77
Trd, 8639799.682, 124
Trd, 8639800.382, 133
Trd, 8639801.532, 128
Trd, 8639801.632, 122
Trd, 8639802.482, 139
Trd, 8639803.382, 111
Trd, 8639805.682, 121
Trd, 8639806.982, 127
Trd, 8639807.632, 121
Trd, 8639808.182, 123
Trd, 8639808.382, 103
Trd, 8639808.832, 128
Trd, 8639808.882, 92
Trd, 8639809.982, 132
Trd, 8639812.482, 138
Trd, 8639812.632, 131
Trd, 8639812.832, 127
Trd, 8639813.982, 123
Trd, 8639814.682, 113
Trd, 8639816.882, 78
Trd, 8639816.982, 132
Trd, 8639817.982, 116
Trd, 8639820.432, 135
Trd, 8639821.082, 133
Trd, 8639821.182, 117
Trd, 8639821.232, 111
Trd, 8639821.832, 127
Trd, 8639822.082, 96
Trd, 8639823.032, 130
Trd, 8639824.282, 140
Trd, 8639824.682, 114
Trd, 8639825.532, 125
Trd, 8639826.532, 101
Trd, 8639826.882, 120
Trd, 8639828.332, 114
Trd, 8639828.632, 107
Trd, 8639829.082, 132
Trd, 8639829.832, 73
Trd, 8639830.032, 120
Trd, 8639832.532, 91
Trd, 8639833.232, 122
Trd, 8639834.532, 131
Trd, 8639835.632, 123
Trd, 8639836.332, 100
Trd, 8639838.082, 107
Trd, 8639838.132, 105
Trd, 8639839.682, 108
Trd, 8639839.782, 107
Trd, 8639841.282, 140
Trd, 8639842.332, 99
Trd, 8639842.432, 93
Trd, 8639842.682, 89
Trd, 8639843.982, 125
Trd, 8639844.532, 106
Trd, 8639844.632, 111
Trd, 8639845.432, 103
Trd, 8639845.782, 134
Trd, 8639847.532, 110
Trd, 8639847.882, 109
Trd, 8639848.382, 103
Trd, 8639849.882, 96
Trd, 8639850.132, 85
Trd, 8639851.482, 120
Trd, 8639854.432, 137
Trd, 8639854.532, 122
Trd, 8639854.632, 122
Trd, 8639854.932, 103
Trd, 8639855.882, 112
Trd, 8639856.282, 118
Trd, 8639856.982, 118
Trd, 8639857.832, 115
Trd, 8639858.832, 131
Trd, 8639860.332, 100
Trd, 8639860.682, 134
Trd, 8639862.182, 107
Trd, 8639862.582, 107
Trd, 8639864.132, 96
Trd, 8639864.882, 138
Trd, 8639867.382, 115
Trd, 8639867.432, 111
Trd, 8639867.882, 133
Trd, 8639869.182, 119
Trd, 8639869.282, 102
Trd, 8639869.882, 109
Trd, 8639871.732, 136
Trd, 8639872.032, 137
Trd, 8639872.232, 81
Trd, 8639873.282, 66
Trd, 8639873.982, 131
Trd, 8639874.882, 129
Trd, 8639875.282, 129
Trd, 8639875.532, 103
Trd, 8639877.432, 104
Trd, 8639879.082, 135
Trd, 8639879.632, 122
Trd, 8639881.082, 118
Trd, 8639881.282, 134
Trd, 8639883.132, 128
Trd, 8639883.982, 111
Trd, 8639884.632, 103
Trd, 8639884.832, 97
Trd, 8639885.082, 86
Trd, 8639885.382, 82
Trd, 8639886.532, 130
Trd, 8639888.032, 129
Trd, 8639888.132, 129
Trd, 8639888.832, 128
Trd, 8639889.032, 127
Trd, 8639889.132, 119
Trd, 8639889.182, 116
Trd, 8639890.332, 102
Trd, 8639891.782, 105
Trd, 8639892.232, 88
Trd, 8639892.482, 77
Trd, 8639893.582, 128
Trd, 8639893.782, 83
Trd, 8639894.882, 84
Trd, 8639896.032, 134
Trd, 8639896.182, 131
Trd, 8639898.632, 84
Trd, 8639899.282, 114
Trd, 8639900.482, 114
Trd, 8639900.682, 116
Trd, 8639901.382, 108
Trd, 8639901.632, 96
Trd, 8639901.782, 109
Trd, 8639902.532, 134
Trd, 8639902.982, 117
Trd, 8639904.082, 106
Trd, 8639905.982, 101
Trd, 8639907.132, 119
Trd, 8639907.482, 89
Trd, 8639908.382, 96
Trd, 8639909.982, 129
Trd, 8639912.032, 122
Trd, 8639912.182, 113
Trd, 8639912.482, 100
Trd, 8639914.132, 122
Trd, 8639914.232, 114
Trd, 8639914.782, 127
Trd, 8639915.982, 136
Trd, 8639916.882, 126
Trd, 8639917.332, 127
Trd, 8639917.482, 122
Trd, 8639917.632, 115
Trd, 8639918.782, 102
Trd, 8639919.632, 118
Trd, 8639921.282, 96
Trd, 8639922.332, 120
Trd, 8639922.482, 93
Trd, 8639923.332, 82
Trd, 8639924.382, 110
Trd, 8639924.432, 91
Trd, 8639926.732, 126
Trd, 8639927.032, 97
Trd, 8639927.182, 98
Trd, 8639928.732, 137
Trd, 8639929.032, 133
Trd, 8639929.632, 131
Trd, 8639930.332, 112
Trd, 8639931.482, 132
Trd, 8639932.232, 113
Trd, 8639933.632, 93
Trd, 8639933.682, 91
Trd, 8639934.182, 115
Trd, 8639935.782, 118
Trd, 8639936.832, 119
Trd, 8639938.282, 133
Trd, 8639938.632, 137
Trd, 8639939.282, 118
Trd, 8639940.782, 139
Trd, 8639942.482, 127
Trd, 8639942.682, 134
Trd, 8639942.982, 127
Trd, 8639943.782, 114
Trd, 8639944.082, 123
Trd, 8639944.332, 90
Trd, 8639944.882, 135
Trd, 8639945.332, 80
Trd, 8639946.682, 96
Trd, 8639946.982, 69
Trd, 8639947.682, 67
Trd, 8639948.732, 86
Trd, 8639949.532, 76
Trd, 8639949.832, 86
Trd, 8639950.732, 127
Trd, 8639952.182, 82
Trd, 8639953.282, 91
Trd, 8639956.032, 115
Trd, 8639956.182, 114
Trd, 8639956.732, 118
Trd, 8639957.532, 92
Trd, 8639958.082, 67
Trd, 8639958.532, 64
Trd, 8639958.982, 69
Trd, 8639959.582, 121
Trd, 8639960.332, 76
Trd, 8639960.582, 82
Trd, 8639961.332, 128
Trd, 8639962.982, 133
Trd, 8639963.932, 75
Trd, 8639965.632, 112
Trd, 8639967.432, 140
Trd, 8639967.882, 71
Trd, 8639968.532, 94
Trd, 8639968.682, 70
Trd, 8639968.882, 81
Trd, 8639969.782, 103
Trd, 8639969.982, 124
Trd, 8639972.632, 88
Trd, 8639973.182, 121
Trd, 8639973.232, 112
Trd, 8639974.632, 124
Trd, 8639976.132, 140
Trd, 8639976.282, 121
Trd, 8639977.032, 88
Trd, 8639977.332, 79
Trd, 8639978.082, 132
Trd, 8639979.332, 99
Trd, 8639980.432, 101
Trd, 8639981.132, 103
Trd, 8639981.532, 111
Trd, 8639981.882, 128
Trd, 8639982.282, 118
Trd, 8639982.332, 111
Trd, 8639983.782, 99
Trd, 8639985.432, 126
Trd, 8639985.982, 135
Trd, 8639987.082, 127
Trd, 8639987.432, 126
Trd, 8639988.132, 102
Trd, 8639988.482, 102
Trd, 8639988.982, 139
Trd, 8639989.982, 89
Trd, 8639991.282, 114
Trd, 8639992.832, 136
Trd, 8639993.382, 101
Trd, 8639993.682, 94
Trd, 8639994.082, 101
Trd, 8639994.732, 101
Trd, 8639995.082, 86
Trd, 8639995.732, 127
Trd, 8639996.532, 99
Trd, 8639998.132, 127
Trd, 8639998.632, 119
Trd, 8639999.082, 117
Trd, 8639999.532, 82
