Trd, 8638124.482, 138
Trd, 8638124.682, 128
Trd, 8638125.582, 140
Trd, 8638127.132, 140
Trd, 8638127.682, 116
Trd, 8638127.732, 115
Trd, 8638127.832, 113
Trd, 8638128.832, 112
Trd, 8638129.482, 122
Trd, 8638130.282, 140
Trd, 8638130.832, 106
Trd, 8638131.532, 105
Trd, 8638133.732, 123
Trd, 8638134.282, 110
Trd, 8638135.632, 140
Trd, 8638135.982, 140
Trd, 8638137.382, 140
Trd, 8638138.082, 140
Trd, 8638139.382, 140
Trd, 8638139.432, 140
Trd, 8638140.782, 140
Trd, 8638141.082, 139
Trd, 8638141.682, 140
Trd, 8638141.832, 140
Trd, 8638142.532, 137
Trd, 8638144.832, 140
Trd, 8638145.232, 140
Trd, 8638147.632, 140
Trd, 8638147.682, 140
Trd, 8638147.782, 139
Trd, 8638148.532, 140
Trd, 8638148.582, 132
Trd, 8638149.332, 128
Trd, 8638149.832, 66
Trd, 8638150.732, 61
Trd, 8638151.232, 139
Trd, 8638151.632, 138
Trd, 8638151.982, 76
Trd, 8638152.232, 74
Trd, 8638154.332, 139
Trd, 8638154.432, 136
Trd, 8638155.932, 138
Trd, 8638156.732, 137
Trd, 8638157.232, 126
Trd, 8638157.432, 121
Trd, 8638159.332, 140
Trd, 8638161.682, 140
Trd, 8638162.082, 140
Trd, 8638162.332, 127
Trd, 8638163.232, 140
Trd, 8638163.482, 139
Trd, 8638163.882, 133
Trd, 8638164.932, 134
Trd, 8638164.982, 132
Trd, 8638165.632, 133
Trd, 8638165.882, 81
Trd, 8638165.932, 80
Trd, 8638167.982, 71
Trd, 8638168.982, 140
Trd, 8638169.132, 140
Trd, 8638169.532, 140
Trd, 8638170.132, 140
Trd, 8638170.932, 139
Trd, 8638171.232, 128
Trd, 8638173.782, 140
Trd, 8638173.932, 140
Trd, 8638173.982, 140
Trd, 8638175.682, 140
Trd, 8638175.832, 140
Trd, 8638176.982, 138
Trd, 8638177.032, 128
Trd, 8638177.582, 140
Trd, 8638177.982, 128
Trd, 8638178.232, 113
Trd, 8638179.132, 66
Trd, 8638179.332, 64
Trd, 8638180.232, 140
Trd, 8638181.432, 140
Trd, 8638182.432, 140
Trd, 8638182.532, 140
Trd, 8638183.182, 127
Trd, 8638183.982, 140
Trd, 8638184.932, 129
Trd, 8638185.432, 128
Trd, 8638186.082, 140
Trd, 8638187.282, 140
Trd, 8638188.882, 140
Trd, 8638189.732, 140
Trd, 8638189.882, 140
Trd, 8638190.782, 140
Trd, 8638191.082, 140
Trd, 8638191.432, 140
Trd, 8638193.432, 137
Trd, 8638194.432, 140
Trd, 8638195.132, 140
Trd, 8638195.382, 139
Trd, 8638195.432, 136
Trd, 8638196.232, 133
Trd, 8638197.132, 139
Trd, 8638198.532, 140
Trd, 8638199.582, 140
Trd, 8638200.032, 139
Trd, 8638200.132, 126
Trd, 8638201.332, 136
Trd, 8638201.982, 139
Trd, 8638202.232, 139
Trd, 8638202.682, 140
Trd, 8638202.732, 138
Trd, 8638204.232, 139
Trd, 8638204.932, 139
Trd, 8638205.282, 135
Trd, 8638206.832, 61
Trd, 8638208.082, 125
Trd, 8638208.582, 125
Trd, 8638208.932, 125
Trd, 8638210.332, 136
Trd, 8638210.982, 138
Trd, 8638211.332, 137
Trd, 8638211.932, 140
Trd, 8638212.832, 140
Trd, 8638214.082, 140
Trd, 8638215.432, 140
Trd, 8638216.482, 140
Trd, 8638216.932, 140
Trd, 8638217.032, 140
Trd, 8638217.182, 140
Trd, 8638218.032, 140
Trd, 8638218.482, 140
Trd, 8638219.032, 140
Trd, 8638219.632, 140
Trd, 8638219.682, 140
Trd, 8638220.082, 126
Trd, 8638220.882, 108
Trd, 8638220.982, 82
Trd, 8638221.332, 134
Trd, 8638222.082, 126
Trd, 8638224.032, 140
Trd, 8638224.382, 140
Trd, 8638224.532, 140
Trd, 8638226.982, 140
Trd, 8638227.182, 140
Trd, 8638227.582, 140
Trd, 8638227.782, 140
Trd, 8638229.432, 138
Trd, 8638230.532, 140
Trd, 8638230.682, 139
Trd, 8638231.332, 140
Trd, 8638231.382, 125
Trd, 8638233.582, 140
Trd, 8638234.232, 139
Trd, 8638235.032, 140
Trd, 8638235.182, 131
Trd, 8638235.832, 127
Trd, 8638236.432, 62
Trd, 8638237.082, 80
Trd, 8638238.732, 140
Trd, 8638239.032, 140
Trd, 8638239.132, 140
Trd, 8638239.282, 137
Trd, 8638239.832, 139
Trd, 8638240.432, 87
Trd, 8638242.782, 60
Trd, 8638242.982, 60
Trd, 8638243.632, 63
Trd, 8638244.282, 99
Trd, 8638244.982, 68
Trd, 8638245.382, 101
Trd, 8638245.632, 83
Trd, 8638246.182, 74
Trd, 8638247.232, 121
Trd, 8638248.132, 139
Trd, 8638248.432, 100
Trd, 8638249.582, 131
Trd, 8638250.032, 138
Trd, 8638250.532, 132
Trd, 8638250.732, 131
Trd, 8638251.682, 123
Trd, 8638251.832, 107
Trd, 8638252.082, 77
Trd, 8638252.832, 109
Trd, 8638253.332, 120
Trd, 8638254.432, 140
Trd, 8638254.832, 137
Trd, 8638255.382, 71
Trd, 8638256.982, 61
Trd, 8638257.782, 64
Trd, 8638257.882, 67
Trd, 8638259.382, 68
Trd, 8638259.532, 69
Trd, 8638260.582, 92
Trd, 8638261.532, 86
Trd, 8638262.932, 88
Trd, 8638263.082, 87
Trd, 8638264.332, 95
Trd, 8638264.882, 91
Trd, 8638266.382, 140
Trd, 8638266.532, 140
Trd, 8638266.932, 136
Trd, 8638267.032, 135
Trd, 8638268.182, 140
Trd, 8638268.282, 139
Trd, 8638268.782, 127
Trd, 8638268.832, 96
Trd, 8638268.982, 88
Trd, 8638270.782, 60
Trd, 8638272.632, 140
Trd, 8638274.232, 140
Trd, 8638274.632, 140
Trd, 8638275.282, 140
Trd, 8638276.782, 140
Trd, 8638277.682, 140
Trd, 8638278.732, 140
Trd, 8638278.882, 140
Trd, 8638279.032, 140
Trd, 8638279.282, 140
Trd, 8638279.332, 128
Trd, 8638280.382, 140
Trd, 8638280.432, 120
Trd, 8638280.982, 81
Trd, 8638281.832, 140
Trd, 8638282.482, 140
Trd, 8638283.032, 139
Trd, 8638284.432, 140
Trd, 8638284.482, 140
Trd, 8638284.982, 134
Trd, 8638285.232, 135
Trd, 8638285.582, 136
Trd, 8638286.332, 134
Trd, 8638287.582, 132
Trd, 8638289.282, 81
Trd, 8638289.582, 138
Trd, 8638290.282, 139
Trd, 8638290.532, 76
Trd, 8638291.182, 71
Trd, 8638292.632, 90
Trd, 8638292.782, 91
Trd, 8638293.432, 79
Trd, 8638294.132, 140
Trd, 8638294.632, 140
Trd, 8638296.382, 140
Trd, 8638296.432, 140
Trd, 8638296.582, 139
Trd, 8638297.232, 77
Trd, 8638299.032, 105
Trd, 8638299.882, 139
Trd, 8638300.532, 140
Trd, 8638301.282, 138
Trd, 8638302.632, 140
Trd, 8638304.482, 140
Trd, 8638304.732, 140
Trd, 8638305.532, 140
Trd, 8638306.182, 140
Trd, 8638306.282, 139
Trd, 8638307.532, 140
Trd, 8638307.632, 140
Trd, 8638309.532, 140
Trd, 8638310.432, 140
Trd, 8638311.132, 140
Trd, 8638311.382, 126
Trd, 8638311.932, 117
Trd, 8638312.332, 122
Trd, 8638313.182, 137
Trd, 8638313.832, 77
Trd, 8638314.182, 77
Trd, 8638314.882, 78
Trd, 8638315.082, 94
Trd, 8638315.132, 119
Trd, 8638318.382, 140
Trd, 8638318.432, 140
Trd, 8638319.332, 140
Trd, 8638320.132, 140
Trd, 8638320.532, 138
Trd, 8638321.382, 129
Trd, 8638323.982, 140
Trd, 8638324.082, 140
Trd, 8638324.582, 140
Trd, 8638324.882, 81
Trd, 8638324.982, 74
Trd, 8638325.082, 125
Trd, 8638325.532, 140
Trd, 8638325.582, 139
Trd, 8638326.832, 110
Trd, 8638327.132, 71
Trd, 8638328.682, 63
Trd, 8638329.382, 128
Trd, 8638329.782, 139
Trd, 8638331.332, 92
Trd, 8638331.482, 99
Trd, 8638332.482, 140
Trd, 8638333.232, 110
Trd, 8638334.582, 122
Trd, 8638334.732, 94
Trd, 8638335.782, 140
Trd, 8638336.182, 140
Trd, 8638338.332, 140
Trd, 8638338.782, 140
Trd, 8638338.932, 140
Trd, 8638339.632, 140
Trd, 8638341.382, 140
Trd, 8638341.532, 139
Trd, 8638342.332, 140
Trd, 8638342.382, 137
Trd, 8638344.032, 140
Trd, 8638344.232, 140
Trd, 8638344.682, 140
Trd, 8638344.832, 140
Trd, 8638346.382, 140
Trd, 8638346.582, 140
Trd, 8638347.932, 138
Trd, 8638348.532, 107
Trd, 8638349.682, 140
Trd, 8638351.132, 140
Trd, 8638351.482, 140
Trd, 8638351.782, 139
Trd, 8638352.182, 117
Trd, 8638353.032, 107
Trd, 8638353.382, 97
Trd, 8638353.932, 122
Trd, 8638354.632, 140
Trd, 8638355.132, 60
Trd, 8638356.232, 63
Trd, 8638356.732, 123
Trd, 8638357.732, 67
Trd, 8638359.132, 77
Trd, 8638362.032, 60
Trd, 8638362.682, 60
Trd, 8638362.782, 60
Trd, 8638363.682, 67
Trd, 8638364.432, 140
Trd, 8638364.682, 140
Trd, 8638365.832, 140
Trd, 8638365.982, 140
Trd, 8638366.382, 140
Trd, 8638367.132, 140
Trd, 8638368.032, 140
Trd, 8638369.832, 140
Trd, 8638370.032, 140
Trd, 8638370.232, 140
Trd, 8638372.882, 92
Trd, 8638373.382, 89
Trd, 8638373.482, 86
Trd, 8638374.332, 94
Trd, 8638374.532, 78
Trd, 8638375.132, 65
Trd, 8638376.782, 61
Trd, 8638376.882, 93
Trd, 8638377.432, 61
Trd, 8638379.032, 112
Trd, 8638379.382, 112
Trd, 8638379.432, 111
Trd, 8638380.182, 60
Trd, 8638380.582, 61
Trd, 8638383.232, 63
Trd, 8638383.382, 67
Trd, 8638384.032, 109
Trd, 8638386.632, 74
Trd, 8638386.982, 75
Trd, 8638387.332, 116
Trd, 8638388.632, 77
Trd, 8638388.682, 76
Trd, 8638388.782, 75
Trd, 8638389.182, 78
Trd, 8638389.682, 117
Trd, 8638390.782, 62
Trd, 8638391.282, 63
Trd, 8638393.032, 60
Trd, 8638393.732, 60
Trd, 8638393.982, 60
Trd, 8638394.532, 63
Trd, 8638394.632, 138
Trd, 8638395.982, 63
Trd, 8638396.432, 69
Trd, 8638396.882, 63
Trd, 8638397.082, 114
Trd, 8638398.232, 138
Trd, 8638399.732, 140
Trd, 8638400.482, 140
Trd, 8638400.582, 140
Trd, 8638400.632, 140
Trd, 8638402.932, 140
Trd, 8638403.182, 140
Trd, 8638403.332, 140
Trd, 8638403.482, 140
Trd, 8638403.532, 140
Trd, 8638404.982, 139
Trd, 8638406.082, 140
Trd, 8638406.432, 139
Trd, 8638407.082, 98
Trd, 8638407.782, 139
Trd, 8638409.482, 129
Trd, 8638409.582, 128
Trd, 8638411.082, 140
Trd, 8638411.982, 140
Trd, 8638412.232, 140
Trd, 8638412.482, 140
Trd, 8638412.982, 138
Trd, 8638413.832, 117
Trd, 8638414.032, 109
Trd, 8638414.882, 91
Trd, 8638415.182, 90
Trd, 8638416.032, 90
Trd, 8638416.232, 88
Trd, 8638417.032, 140
Trd, 8638417.682, 139
Trd, 8638417.832, 124
Trd, 8638418.782, 104
Trd, 8638420.432, 103
Trd, 8638421.882, 138
Trd, 8638421.932, 105
Trd, 8638423.382, 60
Trd, 8638423.632, 60
Trd, 8638423.882, 60
Trd, 8638424.582, 71
Trd, 8638426.682, 140
Trd, 8638426.832, 140
Trd, 8638427.782, 140
Trd, 8638429.282, 140
Trd, 8638429.682, 140
Trd, 8638429.782, 140
Trd, 8638431.132, 140
Trd, 8638431.182, 140
Trd, 8638431.582, 140
Trd, 8638433.932, 140
Trd, 8638434.132, 140
Trd, 8638434.482, 140
Trd, 8638434.582, 140
Trd, 8638434.632, 140
Trd, 8638435.332, 140
Trd, 8638436.132, 140
Trd, 8638437.482, 140
Trd, 8638437.682, 119
Trd, 8638438.332, 138
Trd, 8638439.482, 100
Trd, 8638440.282, 112
Trd, 8638441.282, 103
Trd, 8638442.082, 115
Trd, 8638442.982, 139
Trd, 8638444.332, 140
Trd, 8638445.332, 140
Trd, 8638446.082, 140
Trd, 8638446.282, 115
Trd, 8638446.482, 102
Trd, 8638448.032, 123
Trd, 8638448.682, 140
Trd, 8638449.532, 140
Trd, 8638449.932, 139
Trd, 8638450.282, 139
Trd, 8638450.332, 138
Trd, 8638451.182, 63
Trd, 8638451.532, 61
Trd, 8638452.982, 97
Trd, 8638455.432, 140
Trd, 8638455.682, 140
Trd, 8638456.032, 140
Trd, 8638456.232, 140
Trd, 8638456.582, 62
Trd, 8638457.282, 64
Trd, 8638457.582, 60
Trd, 8638458.032, 138
Trd, 8638459.532, 60
Trd, 8638460.282, 60
Trd, 8638460.482, 60
Trd, 8638461.332, 63
Trd, 8638462.582, 70
Trd, 8638462.782, 89
Trd, 8638463.482, 71
Trd, 8638464.332, 102
Trd, 8638464.482, 100
Trd, 8638464.732, 83
Trd, 8638465.032, 102
Trd, 8638465.482, 140
Trd, 8638467.232, 136
Trd, 8638467.582, 140
Trd, 8638468.182, 130
Trd, 8638468.732, 137
Trd, 8638469.732, 140
Trd, 8638470.382, 130
Trd, 8638470.632, 118
Trd, 8638471.132, 101
Trd, 8638471.332, 117
Trd, 8638471.532, 140
Trd, 8638472.182, 140
Trd, 8638473.032, 140
Trd, 8638475.732, 140
Trd, 8638476.382, 140
Trd, 8638477.532, 140
Trd, 8638478.132, 140
Trd, 8638478.182, 140
Trd, 8638479.132, 140
Trd, 8638479.332, 140
Trd, 8638479.482, 138
Trd, 8638480.532, 135
Trd, 8638481.432, 131
Trd, 8638481.682, 121
Trd, 8638483.882, 140
Trd, 8638484.532, 140
Trd, 8638485.782, 140
Trd, 8638486.082, 140
Trd, 8638486.132, 137
Trd, 8638486.532, 128
Trd, 8638487.232, 140
Trd, 8638488.382, 129
Trd, 8638488.782, 120
Trd, 8638490.332, 139
Trd, 8638491.182, 140
Trd, 8638491.682, 125
Trd, 8638492.782, 140
Trd, 8638495.132, 140
Trd, 8638495.332, 140
Trd, 8638495.382, 140
Trd, 8638496.232, 140
Trd, 8638497.482, 140
Trd, 8638498.882, 140
Trd, 8638499.332, 140
Trd, 8638499.632, 140
Trd, 8638500.432, 108
Trd, 8638501.932, 140
Trd, 8638502.882, 120
Trd, 8638503.482, 120
Trd, 8638504.332, 140
Trd, 8638505.582, 70
Trd, 8638505.782, 70
Trd, 8638506.582, 131
Trd, 8638506.982, 137
Trd, 8638507.182, 129
Trd, 8638508.232, 135
Trd, 8638510.132, 133
Trd, 8638510.832, 111
Trd, 8638511.332, 111
Trd, 8638511.382, 100
Trd, 8638513.182, 66
Trd, 8638513.782, 120
Trd, 8638514.832, 136
Trd, 8638514.982, 128
Trd, 8638516.732, 140
Trd, 8638516.982, 140
Trd, 8638517.432, 140
Trd, 8638517.532, 140
Trd, 8638518.432, 140
Trd, 8638518.632, 126
Trd, 8638519.032, 115
Trd, 8638519.632, 139
Trd, 8638521.382, 140
Trd, 8638522.182, 140
Trd, 8638522.382, 140
Trd, 8638522.832, 140
Trd, 8638523.832, 140
Trd, 8638524.732, 131
Trd, 8638525.382, 140
Trd, 8638525.632, 140
Trd, 8638525.832, 139
Trd, 8638526.582, 134
Trd, 8638526.632, 132
Trd, 8638526.982, 118
Trd, 8638527.032, 81
Trd, 8638527.982, 110
Trd, 8638528.432, 140
Trd, 8638528.882, 98
Trd, 8638529.232, 89
Trd, 8638530.882, 140
Trd, 8638532.932, 140
Trd, 8638533.682, 140
Trd, 8638535.132, 140
Trd, 8638535.232, 140
Trd, 8638536.332, 140
Trd, 8638536.632, 140
Trd, 8638537.032, 140
Trd, 8638537.932, 140
Trd, 8638538.582, 140
Trd, 8638538.882, 139
Trd, 8638539.332, 140
Trd, 8638539.482, 140
Trd, 8638539.632, 138
Trd, 8638541.182, 140
Trd, 8638541.232, 127
Trd, 8638544.632, 140
Trd, 8638544.882, 140
Trd, 8638545.032, 140
Trd, 8638546.432, 140
Trd, 8638547.782, 140
Trd, 8638548.332, 140
Trd, 8638548.982, 140
Trd, 8638550.032, 140
Trd, 8638550.532, 140
Trd, 8638551.482, 140
Trd, 8638551.682, 138
Trd, 8638551.732, 137
Trd, 8638552.932, 139
Trd, 8638553.682, 127
Trd, 8638554.332, 124
Trd, 8638554.982, 138
Trd, 8638555.532, 125
Trd, 8638555.882, 139
Trd, 8638555.932, 111
Trd, 8638556.082, 108
Trd, 8638557.382, 140
Trd, 8638558.082, 139
Trd, 8638558.582, 131
Trd, 8638558.732, 130
Trd, 8638560.732, 62
Trd, 8638561.982, 60
Trd, 8638562.182, 66
Trd, 8638562.482, 60
Trd, 8638563.282, 140
Trd, 8638563.682, 140
Trd, 8638564.432, 140
Trd, 8638564.532, 138
Trd, 8638565.032, 62
Trd, 8638565.682, 63
Trd, 8638566.232, 70
Trd, 8638566.932, 140
Trd, 8638567.832, 140
Trd, 8638569.532, 140
Trd, 8638569.732, 140
Trd, 8638569.782, 140
Trd, 8638570.382, 138
Trd, 8638570.932, 127
Trd, 8638572.532, 140
Trd, 8638573.882, 137
Trd, 8638574.032, 70
Trd, 8638574.632, 126
Trd, 8638574.832, 69
Trd, 8638575.482, 127
Trd, 8638576.782, 140
Trd, 8638577.382, 140
Trd, 8638577.482, 139
Trd, 8638578.482, 140
Trd, 8638578.982, 140
Trd, 8638579.032, 140
Trd, 8638580.332, 126
Trd, 8638580.582, 126
Trd, 8638581.282, 140
Trd, 8638582.632, 140
Trd, 8638582.782, 139
Trd, 8638582.882, 126
Trd, 8638583.882, 65
Trd, 8638584.182, 66
Trd, 8638584.682, 63
Trd, 8638586.282, 77
Trd, 8638586.482, 110
Trd, 8638587.282, 65
Trd, 8638588.782, 140
Trd, 8638589.582, 140
Trd, 8638590.432, 140
Trd, 8638591.032, 140
Trd, 8638591.182, 140
Trd, 8638591.582, 140
Trd, 8638592.832, 140
Trd, 8638592.932, 140
Trd, 8638593.232, 120
Trd, 8638594.732, 140
Trd, 8638594.982, 140
Trd, 8638595.432, 140
Trd, 8638596.632, 140
Trd, 8638597.132, 138
Trd, 8638598.282, 128
Trd, 8638598.732, 133
Trd, 8638599.232, 121
Trd, 8638600.132, 140
Trd, 8638600.232, 140
Trd, 8638602.032, 140
Trd, 8638602.282, 140
Trd, 8638602.682, 140
Trd, 8638603.232, 134
Trd, 8638603.832, 115
Trd, 8638605.732, 64
Trd, 8638606.332, 62
Trd, 8638606.532, 62
Trd, 8638607.332, 90
Trd, 8638607.682, 72
Trd, 8638607.782, 123
Trd, 8638608.032, 72
Trd, 8638608.382, 140
Trd, 8638610.582, 60
Trd, 8638610.632, 60
Trd, 8638612.782, 62
Trd, 8638614.482, 63
Trd, 8638614.582, 69
Trd, 8638615.432, 69
Trd, 8638615.582, 67
Trd, 8638616.332, 66
Trd, 8638617.082, 140
Trd, 8638617.982, 140
Trd, 8638618.032, 140
Trd, 8638619.932, 140
Trd, 8638621.482, 140
Trd, 8638621.982, 140
Trd, 8638622.732, 140
Trd, 8638623.032, 140
Trd, 8638623.432, 140
Trd, 8638623.832, 140
Trd, 8638624.782, 140
Trd, 8638625.132, 140
Trd, 8638626.382, 139
Trd, 8638626.432, 138
Trd, 8638627.232, 140
Trd, 8638627.482, 140
Trd, 8638627.882, 117
Trd, 8638628.582, 103
Trd, 8638629.032, 73
Trd, 8638629.282, 72
Trd, 8638630.882, 140
Trd, 8638633.332, 140
Trd, 8638633.432, 139
Trd, 8638635.082, 140
Trd, 8638635.432, 126
Trd, 8638635.982, 68
Trd, 8638636.382, 116
Trd, 8638636.432, 136
Trd, 8638637.882, 74
Trd, 8638639.032, 138
Trd, 8638639.182, 90
Trd, 8638639.382, 140
Trd, 8638639.682, 89
Trd, 8638640.632, 93
Trd, 8638641.382, 100
Trd, 8638642.032, 102
Trd, 8638642.882, 103
Trd, 8638642.982, 96
Trd, 8638643.232, 95
Trd, 8638643.482, 101
Trd, 8638644.432, 98
Trd, 8638644.582, 116
Trd, 8638644.832, 88
Trd, 8638646.582, 140
Trd, 8638646.682, 140
Trd, 8638646.932, 140
Trd, 8638647.632, 140
Trd, 8638647.832, 140
Trd, 8638648.382, 140
Trd, 8638649.432, 140
Trd, 8638651.682, 140
Trd, 8638651.882, 139
Trd, 8638651.932, 116
Trd, 8638652.682, 140
Trd, 8638653.282, 77
Trd, 8638653.982, 75
Trd, 8638654.582, 138
Trd, 8638654.682, 119
Trd, 8638655.282, 137
Trd, 8638655.582, 115
Trd, 8638658.532, 62
Trd, 8638659.282, 61
Trd, 8638659.982, 60
Trd, 8638661.032, 139
Trd, 8638661.682, 62
Trd, 8638662.682, 68
Trd, 8638663.482, 68
Trd, 8638663.832, 81
Trd, 8638664.032, 82
Trd, 8638664.582, 93
Trd, 8638664.682, 66
Trd, 8638665.332, 137
Trd, 8638665.482, 119
Trd, 8638666.032, 61
Trd, 8638666.782, 114
Trd, 8638668.282, 138
Trd, 8638669.182, 140
Trd, 8638670.132, 140
Trd, 8638671.032, 140
Trd, 8638671.532, 140
Trd, 8638672.432, 140
Trd, 8638672.932, 140
Trd, 8638674.032, 140
Trd, 8638674.782, 140
Trd, 8638674.882, 140
Trd, 8638675.782, 140
Trd, 8638678.182, 140
Trd, 8638678.532, 140
Trd, 8638678.832, 140
Trd, 8638678.982, 140
Trd, 8638680.082, 140
Trd, 8638681.382, 140
Trd, 8638683.432, 140
Trd, 8638683.982, 140
Trd, 8638684.382, 140
Trd, 8638685.132, 140
Trd, 8638687.132, 140
Trd, 8638688.082, 140
Trd, 8638688.132, 140
Trd, 8638688.682, 140
Trd, 8638689.232, 140
Trd, 8638690.082, 139
Trd, 8638691.132, 140
Trd, 8638691.482, 140
Trd, 8638691.932, 140
Trd, 8638692.232, 140
Trd, 8638694.532, 140
Trd, 8638695.482, 140
Trd, 8638695.632, 140
Trd, 8638695.732, 135
Trd, 8638696.382, 106
Trd, 8638698.132, 140
Trd, 8638698.382, 140
Trd, 8638698.882, 139
Trd, 8638702.132, 140
Trd, 8638702.982, 140
Trd, 8638703.432, 140
Trd, 8638703.632, 138
Trd, 8638703.882, 139
Trd, 8638704.582, 140
Trd, 8638705.532, 140
Trd, 8638706.732, 140
Trd, 8638706.832, 140
Trd, 8638707.382, 140
Trd, 8638708.182, 140
Trd, 8638709.232, 140
Trd, 8638709.882, 140
Trd, 8638709.982, 127
Trd, 8638710.532, 72
Trd, 8638712.832, 140
Trd, 8638713.132, 140
Trd, 8638713.332, 140
Trd, 8638714.432, 140
Trd, 8638716.282, 140
Trd, 8638716.582, 140
Trd, 8638717.032, 140
Trd, 8638717.232, 140
Trd, 8638718.432, 140
Trd, 8638718.782, 140
Trd, 8638719.182, 140
Trd, 8638719.682, 127
Trd, 8638721.332, 140
Trd, 8638723.082, 140
Trd, 8638723.582, 140
Trd, 8638723.732, 140
Trd, 8638724.632, 140
Trd, 8638724.982, 140
Trd, 8638725.032, 134
Trd, 8638726.132, 116
Trd, 8638726.782, 108
Trd, 8638728.932, 140
Trd, 8638729.632, 140
Trd, 8638730.232, 140
Trd, 8638731.782, 140
Trd, 8638732.332, 140
Trd, 8638732.382, 133
Trd, 8638732.532, 126
Trd, 8638732.832, 72
Trd, 8638733.682, 140
Trd, 8638734.382, 111
Trd, 8638734.732, 70
Trd, 8638736.282, 68
Trd, 8638737.282, 60
Trd, 8638737.382, 66
Trd, 8638737.882, 102
Trd, 8638738.782, 129
Trd, 8638738.982, 106
Trd, 8638739.732, 106
Trd, 8638739.782, 107
Trd, 8638740.332, 106
Trd, 8638741.982, 108
Trd, 8638743.332, 117
Trd, 8638743.382, 128
Trd, 8638743.582, 106
Trd, 8638744.282, 140
Trd, 8638744.582, 137
Trd, 8638746.632, 140
Trd, 8638748.582, 140
Trd, 8638748.882, 140
Trd, 8638749.182, 140
Trd, 8638749.232, 139
Trd, 8638750.182, 140
Trd, 8638750.282, 140
Trd, 8638751.732, 140
Trd, 8638752.382, 136
Trd, 8638753.132, 138
Trd, 8638753.732, 140
Trd, 8638754.032, 126
Trd, 8638754.182, 124
Trd, 8638755.882, 140
Trd, 8638756.532, 71
Trd, 8638757.032, 77
Trd, 8638758.132, 139
Trd, 8638759.182, 140
Trd, 8638760.232, 140
Trd, 8638761.082, 140
Trd, 8638762.482, 140
Trd, 8638762.832, 140
Trd, 8638763.332, 140
Trd, 8638764.032, 140
Trd, 8638764.232, 140
Trd, 8638764.682, 140
Trd, 8638765.182, 140
Trd, 8638765.982, 140
Trd, 8638766.832, 140
Trd, 8638768.132, 140
Trd, 8638768.532, 140
Trd, 8638769.832, 139
Trd, 8638769.882, 139
Trd, 8638770.732, 116
Trd, 8638771.182, 130
Trd, 8638772.282, 119
Trd, 8638772.682, 139
Trd, 8638773.082, 118
Trd, 8638774.532, 137
Trd, 8638775.082, 140
Trd, 8638775.282, 139
Trd, 8638775.432, 126
Trd, 8638775.482, 105
Trd, 8638776.882, 65
Trd, 8638777.032, 68
Trd, 8638779.082, 124
Trd, 8638779.682, 117
Trd, 8638780.132, 140
Trd, 8638781.182, 140
Trd, 8638782.432, 140
Trd, 8638783.532, 140
Trd, 8638783.982, 140
Trd, 8638785.332, 140
Trd, 8638785.832, 140
Trd, 8638786.482, 140
Trd, 8638786.832, 139
Trd, 8638787.232, 108
Trd, 8638788.282, 127
Trd, 8638788.432, 124
Trd, 8638789.482, 139
Trd, 8638790.382, 140
Trd, 8638790.682, 140
Trd, 8638791.982, 137
Trd, 8638792.382, 136
Trd, 8638792.982, 130
Trd, 8638793.132, 113
Trd, 8638793.932, 140
Trd, 8638794.732, 136
Trd, 8638794.782, 138
Trd, 8638795.832, 120
Trd, 8638795.882, 117
Trd, 8638796.382, 62
Trd, 8638796.632, 82
Trd, 8638797.382, 140
Trd, 8638797.682, 128
Trd, 8638797.932, 126
Trd, 8638798.832, 124
Trd, 8638799.032, 123
Trd, 8638800.682, 139
Trd, 8638801.482, 120
Trd, 8638801.932, 119
Trd, 8638803.032, 132
Trd, 8638803.382, 121
Trd, 8638804.082, 139
Trd, 8638805.182, 123
Trd, 8638806.232, 140
Trd, 8638806.582, 139
Trd, 8638807.682, 139
Trd, 8638808.282, 138
Trd, 8638808.532, 136
Trd, 8638809.182, 140
Trd, 8638809.632, 132
Trd, 8638809.882, 131
Trd, 8638810.432, 131
Trd, 8638811.332, 109
Trd, 8638812.582, 85
Trd, 8638813.332, 140
Trd, 8638813.782, 140
Trd, 8638815.482, 140
Trd, 8638815.532, 140
Trd, 8638816.032, 140
Trd, 8638816.082, 128
Trd, 8638816.982, 139
Trd, 8638818.382, 108
Trd, 8638819.232, 111
Trd, 8638819.482, 110
Trd, 8638819.682, 109
Trd, 8638819.882, 139
Trd, 8638821.782, 112
Trd, 8638822.282, 113
Trd, 8638822.632, 103
Trd, 8638822.932, 127
Trd, 8638824.232, 140
Trd, 8638824.932, 140
Trd, 8638826.982, 140
Trd, 8638827.032, 140
Trd, 8638827.432, 140
Trd, 8638827.882, 140
Trd, 8638828.382, 140
Trd, 8638829.782, 140
Trd, 8638830.032, 123
Trd, 8638830.832, 140
Trd, 8638831.232, 140
Trd, 8638832.582, 140
Trd, 8638832.782, 126
Trd, 8638833.182, 140
Trd, 8638835.682, 140
Trd, 8638836.532, 140
Trd, 8638837.532, 140
Trd, 8638838.282, 140
Trd, 8638839.382, 140
Trd, 8638840.082, 140
Trd, 8638840.982, 140
Trd, 8638841.232, 140
Trd, 8638841.682, 140
Trd, 8638842.282, 136
Trd, 8638844.732, 140
Trd, 8638845.682, 137
Trd, 8638846.632, 130
Trd, 8638847.082, 134
Trd, 8638847.132, 135
Trd, 8638848.132, 130
Trd, 8638848.382, 117
Trd, 8638848.732, 140
Trd, 8638849.182, 140
Trd, 8638851.432, 140
Trd, 8638852.082, 140
Trd, 8638852.182, 140
Trd, 8638852.482, 123
Trd, 8638853.832, 140
Trd, 8638854.782, 140
Trd, 8638855.282, 126
Trd, 8638855.982, 136
Trd, 8638856.282, 138
Trd, 8638856.532, 137
Trd, 8638856.682, 136
Trd, 8638858.082, 71
Trd, 8638858.132, 84
Trd, 8638858.882, 140
Trd, 8638859.832, 138
Trd, 8638860.382, 126
Trd, 8638861.782, 122
Trd, 8638862.932, 139
Trd, 8638863.132, 102
Trd, 8638863.182, 91
Trd, 8638864.382, 140
Trd, 8638864.932, 140
Trd, 8638865.482, 140
Trd, 8638865.832, 140
Trd, 8638866.232, 140
Trd, 8638867.732, 126
Trd, 8638867.782, 125
Trd, 8638868.382, 117
Trd, 8638868.882, 61
Trd, 8638869.032, 61
Trd, 8638870.082, 61
Trd, 8638870.532, 65
Trd, 8638871.532, 140
Trd, 8638872.082, 140
Trd, 8638872.282, 139
Trd, 8638872.632, 138
Trd, 8638873.182, 128
Trd, 8638874.832, 118
Trd, 8638874.932, 117
Trd, 8638875.982, 99
Trd, 8638876.682, 140
Trd, 8638877.082, 120
Trd, 8638877.332, 78
Trd, 8638879.032, 140
Trd, 8638879.182, 140
Trd, 8638880.382, 140
Trd, 8638881.082, 140
Trd, 8638882.232, 140
Trd, 8638883.232, 140
Trd, 8638883.382, 140
Trd, 8638884.532, 140
Trd, 8638885.782, 140
Trd, 8638885.832, 120
Trd, 8638886.682, 113
Trd, 8638886.832, 99
Trd, 8638888.132, 140
Trd, 8638889.032, 140
Trd, 8638889.232, 139
Trd, 8638889.332, 127
Trd, 8638891.182, 140
Trd, 8638892.282, 140
Trd, 8638892.532, 139
Trd, 8638892.582, 126
Trd, 8638892.882, 114
Trd, 8638893.432, 140
Trd, 8638894.132, 67
Trd, 8638895.882, 140
Trd, 8638896.482, 140
Trd, 8638897.182, 140
Trd, 8638897.782, 140
Trd, 8638898.232, 137
Trd, 8638898.632, 137
Trd, 8638899.632, 139
Trd, 8638900.282, 138
Trd, 8638900.532, 138
Trd, 8638901.332, 124
Trd, 8638901.732, 126
Trd, 8638903.832, 137
Trd, 8638904.132, 138
Trd, 8638904.882, 140
Trd, 8638907.282, 140
Trd, 8638907.732, 140
Trd, 8638908.482, 140
Trd, 8638908.732, 140
Trd, 8638909.282, 138
Trd, 8638909.582, 114
Trd, 8638910.432, 136
Trd, 8638911.382, 103
Trd, 8638911.932, 140
Trd, 8638913.332, 140
Trd, 8638913.482, 140
Trd, 8638914.882, 140
Trd, 8638915.482, 140
Trd, 8638916.982, 140
Trd, 8638917.482, 140
Trd, 8638918.132, 140
Trd, 8638918.982, 140
Trd, 8638920.732, 140
Trd, 8638921.782, 140
Trd, 8638922.332, 140
Trd, 8638922.682, 140
Trd, 8638923.232, 140
Trd, 8638924.432, 140
Trd, 8638924.482, 137
Trd, 8638924.932, 129
Trd, 8638925.082, 127
Trd, 8638926.182, 140
Trd, 8638926.332, 138
Trd, 8638926.782, 139
Trd, 8638927.332, 114
Trd, 8638929.032, 140
Trd, 8638930.182, 140
Trd, 8638930.882, 140
Trd, 8638932.132, 140
Trd, 8638934.532, 140
Trd, 8638934.582, 140
Trd, 8638934.782, 140
Trd, 8638934.832, 140
Trd, 8638936.232, 140
Trd, 8638936.832, 140
Trd, 8638936.882, 140
Trd, 8638937.382, 139
Trd, 8638937.782, 138
Trd, 8638938.932, 140
Trd, 8638939.032, 140
Trd, 8638939.382, 140
Trd, 8638941.032, 71
Trd, 8638941.882, 95
Trd, 8638942.032, 93
Trd, 8638942.432, 89
Trd, 8638944.482, 108
Trd, 8638945.382, 140
Trd, 8638946.332, 140
Trd, 8638947.282, 140
Trd, 8638947.782, 140
Trd, 8638949.882, 140
Trd, 8638951.082, 140
Trd, 8638951.732, 134
Trd, 8638952.832, 139
Trd, 8638953.232, 140
Trd, 8638953.432, 127
Trd, 8638954.382, 140
Trd, 8638954.432, 140
Trd, 8638955.782, 140
Trd, 8638955.982, 140
Trd, 8638956.132, 134
Trd, 8638956.932, 128
Trd, 8638957.782, 140
Trd, 8638958.732, 140
Trd, 8638959.482, 139
Trd, 8638961.132, 140
Trd, 8638961.382, 138
Trd, 8638961.482, 119
Trd, 8638962.032, 115
Trd, 8638962.782, 139
Trd, 8638963.082, 128
Trd, 8638964.282, 140
Trd, 8638964.632, 117
Trd, 8638965.832, 83
Trd, 8638968.582, 140
Trd, 8638968.632, 140
Trd, 8638968.982, 140
Trd, 8638969.932, 140
Trd, 8638970.182, 140
Trd, 8638970.532, 82
Trd, 8638972.182, 140
Trd, 8638972.382, 137
Trd, 8638972.932, 128
Trd, 8638974.482, 140
Trd, 8638975.032, 140
Trd, 8638975.182, 139
Trd, 8638976.882, 140
Trd, 8638977.132, 140
Trd, 8638977.682, 136
Trd, 8638979.532, 64
Trd, 8638980.132, 67
Trd, 8638980.332, 131
Trd, 8638980.782, 102
Trd, 8638982.732, 60
Trd, 8638983.332, 62
Trd, 8638983.982, 63
Trd, 8638985.182, 62
Trd, 8638986.032, 63
Trd, 8638986.182, 65
Trd, 8638986.232, 67
Trd, 8638986.782, 61
Trd, 8638987.832, 61
Trd, 8638988.382, 66
Trd, 8638988.882, 63
Trd, 8638989.082, 65
Trd, 8638989.582, 140
Trd, 8638991.782, 116
Trd, 8638993.382, 110
Trd, 8638993.532, 109
Trd, 8638993.682, 140
Trd, 8638994.232, 105
Trd, 8638996.332, 140
Trd, 8638996.532, 140
Trd, 8638996.582, 140
Trd, 8638996.882, 135
Trd, 8638998.282, 132
Trd, 8638998.682, 121
Trd, 8638998.932, 121
Trd, 8638998.982, 120
Trd, 8639001.082, 139
Trd, 8639002.482, 140
Trd, 8639002.782, 134
Trd, 8639003.082, 133
Trd, 8639003.382, 140
Trd, 8639003.682, 127
Trd, 8639004.382, 92
Trd, 8639005.332, 132
Trd, 8639006.982, 139
Trd, 8639007.482, 111
Trd, 8639008.832, 137
Trd, 8639009.132, 123
Trd, 8639009.382, 122
Trd, 8639009.882, 114
Trd, 8639010.282, 135
Trd, 8639011.282, 102
Trd, 8639011.932, 139
Trd, 8639013.332, 139
Trd, 8639013.432, 126
Trd, 8639014.732, 119
Trd, 8639014.882, 127
Trd, 8639015.332, 119
Trd, 8639015.632, 117
Trd, 8639015.932, 139
Trd, 8639016.632, 118
Trd, 8639016.732, 108
Trd, 8639017.882, 60
Trd, 8639018.032, 127
Trd, 8639019.782, 140
Trd, 8639020.232, 140
Trd, 8639021.282, 140
Trd, 8639022.232, 140
Trd, 8639022.382, 140
Trd, 8639023.532, 140
Trd, 8639024.582, 140
Trd, 8639025.382, 140
Trd, 8639025.982, 140
Trd, 8639026.582, 140
Trd, 8639027.382, 140
Trd, 8639027.732, 139
Trd, 8639027.782, 126
Trd, 8639029.032, 140
Trd, 8639029.382, 140
Trd, 8639030.482, 140
Trd, 8639031.682, 140
Trd, 8639032.232, 140
Trd, 8639032.582, 139
Trd, 8639033.832, 61
Trd, 8639035.432, 79
Trd, 8639036.832, 128
Trd, 8639037.832, 96
Trd, 8639038.432, 97
Trd, 8639039.382, 101
Trd, 8639039.832, 139
Trd, 8639040.032, 140
Trd, 8639041.632, 99
Trd, 8639043.032, 126
Trd, 8639043.582, 105
Trd, 8639045.032, 140
Trd, 8639045.732, 140
Trd, 8639046.982, 140
Trd, 8639047.682, 140
Trd, 8639048.532, 140
Trd, 8639049.882, 140
Trd, 8639050.682, 140
Trd, 8639050.732, 140
Trd, 8639051.082, 140
Trd, 8639051.332, 140
Trd, 8639052.732, 64
Trd, 8639054.732, 62
Trd, 8639055.282, 70
Trd, 8639055.882, 79
Trd, 8639057.432, 62
Trd, 8639057.782, 61
Trd, 8639057.832, 65
Trd, 8639058.432, 62
Trd, 8639058.682, 131
Trd, 8639059.832, 101
Trd, 8639060.282, 60
Trd, 8639061.282, 60
Trd, 8639062.882, 62
Trd, 8639063.782, 66
Trd, 8639063.882, 66
Trd, 8639065.082, 138
Trd, 8639065.882, 67
Trd, 8639065.982, 82
Trd, 8639066.232, 66
Trd, 8639066.882, 112
Trd, 8639067.582, 100
Trd, 8639068.482, 140
Trd, 8639068.782, 140
Trd, 8639069.782, 126
Trd, 8639071.032, 125
Trd, 8639071.482, 140
Trd, 8639072.282, 140
Trd, 8639073.032, 140
Trd, 8639073.882, 140
Trd, 8639074.182, 140
Trd, 8639074.732, 137
Trd, 8639074.832, 136
Trd, 8639076.282, 139
Trd, 8639078.732, 140
Trd, 8639080.032, 140
Trd, 8639080.682, 140
Trd, 8639080.732, 140
Trd, 8639082.082, 140
Trd, 8639082.782, 140
Trd, 8639082.932, 140
Trd, 8639084.032, 139
Trd, 8639084.082, 138
Trd, 8639085.632, 139
Trd, 8639086.782, 140
Trd, 8639086.882, 140
Trd, 8639087.282, 140
Trd, 8639088.482, 140
Trd, 8639089.682, 139
Trd, 8639089.882, 138
Trd, 8639090.582, 140
Trd, 8639091.232, 140
Trd, 8639091.432, 139
Trd, 8639092.132, 129
Trd, 8639093.282, 137
Trd, 8639094.232, 138
Trd, 8639094.632, 140
Trd, 8639096.082, 140
Trd, 8639096.632, 138
Trd, 8639098.732, 140
Trd, 8639098.832, 140
Trd, 8639100.532, 140
Trd, 8639101.282, 140
Trd, 8639101.382, 140
Trd, 8639101.682, 140
Trd, 8639102.282, 137
Trd, 8639102.482, 139
Trd, 8639102.982, 125
Trd, 8639104.132, 126
Trd, 8639104.582, 140
Trd, 8639106.482, 140
Trd, 8639107.182, 140
Trd, 8639107.432, 140
Trd, 8639107.582, 126
Trd, 8639108.582, 124
Trd, 8639109.482, 62
Trd, 8639110.082, 140
Trd, 8639110.282, 140
Trd, 8639110.332, 140
Trd, 8639110.982, 80
Trd, 8639111.982, 140
Trd, 8639112.932, 100
Trd, 8639113.082, 100
Trd, 8639113.382, 99
Trd, 8639114.082, 133
Trd, 8639115.982, 140
Trd, 8639117.132, 140
Trd, 8639117.682, 140
Trd, 8639117.782, 140
Trd, 8639117.832, 140
Trd, 8639119.082, 140
Trd, 8639119.732, 140
Trd, 8639120.982, 140
Trd, 8639121.982, 140
Trd, 8639122.082, 140
Trd, 8639122.382, 140
Trd, 8639122.832, 140
Trd, 8639123.432, 126
Trd, 8639124.032, 138
Trd, 8639125.382, 137
Trd, 8639125.782, 137
Trd, 8639126.082, 139
Trd, 8639127.482, 136
Trd, 8639127.932, 126
Trd, 8639128.382, 115
Trd, 8639129.982, 140
Trd, 8639130.532, 140
Trd, 8639131.032, 140
Trd, 8639131.682, 137
Trd, 8639133.082, 140
Trd, 8639134.682, 140
Trd, 8639134.882, 140
Trd, 8639135.882, 140
Trd, 8639136.232, 140
Trd, 8639137.582, 140
Trd, 8639138.582, 140
Trd, 8639138.682, 140
Trd, 8639139.182, 140
Trd, 8639139.282, 140
Trd, 8639139.432, 140
Trd, 8639140.132, 139
Trd, 8639141.982, 140
Trd, 8639142.582, 140
Trd, 8639142.882, 140
Trd, 8639145.132, 140
Trd, 8639145.332, 140
Trd, 8639145.482, 139
Trd, 8639146.082, 67
Trd, 8639146.932, 64
Trd, 8639147.132, 85
Trd, 8639149.282, 140
Trd, 8639150.032, 115
Trd, 8639151.282, 60
Trd, 8639151.332, 61
Trd, 8639151.582, 114
Trd, 8639151.932, 61
Trd, 8639152.832, 69
Trd, 8639153.982, 61
Trd, 8639155.482, 131
Trd, 8639156.382, 73
Trd, 8639156.782, 68
Trd, 8639157.382, 65
Trd, 8639158.282, 75
Trd, 8639158.332, 68
Trd, 8639158.832, 68
Trd, 8639159.182, 132
Trd, 8639159.732, 67
Trd, 8639161.032, 132
Trd, 8639161.332, 121
Trd, 8639161.632, 66
Trd, 8639161.832, 64
Trd, 8639162.332, 76
Trd, 8639162.832, 69
Trd, 8639164.432, 138
Trd, 8639165.382, 68
Trd, 8639165.582, 64
Trd, 8639166.082, 98
Trd, 8639166.482, 137
Trd, 8639167.232, 73
Trd, 8639167.982, 103
Trd, 8639168.532, 94
Trd, 8639169.982, 140
Trd, 8639170.532, 140
Trd, 8639170.782, 140
Trd, 8639171.482, 140
Trd, 8639172.182, 139
Trd, 8639173.682, 140
Trd, 8639174.782, 139
Trd, 8639174.882, 128
Trd, 8639176.032, 133
Trd, 8639176.682, 97
Trd, 8639177.282, 94
Trd, 8639177.332, 93
Trd, 8639177.782, 139
Trd, 8639177.932, 74
Trd, 8639178.782, 80
Trd, 8639178.832, 75
Trd, 8639179.632, 129
Trd, 8639180.682, 123
Trd, 8639181.232, 122
Trd, 8639181.582, 119
Trd, 8639182.532, 139
Trd, 8639183.832, 139
Trd, 8639184.632, 140
Trd, 8639186.882, 140
Trd, 8639187.832, 140
Trd, 8639189.182, 140
Trd, 8639189.282, 140
Trd, 8639189.932, 140
Trd, 8639190.882, 140
Trd, 8639192.532, 140
Trd, 8639193.882, 140
Trd, 8639194.082, 139
Trd, 8639194.782, 128
Trd, 8639195.232, 131
Trd, 8639195.682, 140
Trd, 8639196.732, 140
Trd, 8639196.832, 140
Trd, 8639198.332, 140
Trd, 8639198.682, 71
Trd, 8639199.032, 89
Trd, 8639200.282, 136
Trd, 8639200.482, 135
Trd, 8639201.782, 77
Trd, 8639203.332, 79
Trd, 8639203.532, 119
Trd, 8639204.232, 123
Trd, 8639205.432, 112
Trd, 8639206.282, 112
Trd, 8639206.532, 113
Trd, 8639207.382, 112
Trd, 8639209.032, 140
Trd, 8639209.332, 140
Trd, 8639209.382, 139
Trd, 8639210.632, 140
Trd, 8639210.982, 130
Trd, 8639212.432, 114
Trd, 8639213.132, 63
Trd, 8639213.232, 63
Trd, 8639215.082, 68
Trd, 8639215.282, 60
Trd, 8639216.282, 91
Trd, 8639216.782, 63
Trd, 8639217.382, 61
Trd, 8639218.332, 99
Trd, 8639218.832, 139
Trd, 8639219.932, 119
Trd, 8639220.382, 140
Trd, 8639220.832, 119
Trd, 8639222.032, 140
Trd, 8639222.332, 140
Trd, 8639222.982, 139
Trd, 8639223.532, 140
Trd, 8639223.982, 138
Trd, 8639224.882, 96
Trd, 8639226.732, 67
Trd, 8639226.832, 73
Trd, 8639227.682, 74
Trd, 8639228.132, 69
Trd, 8639229.182, 72
Trd, 8639229.432, 90
Trd, 8639229.682, 93
Trd, 8639231.032, 65
Trd, 8639231.582, 140
Trd, 8639232.032, 140
Trd, 8639232.232, 140
Trd, 8639232.732, 139
Trd, 8639233.032, 61
Trd, 8639233.932, 61
Trd, 8639234.032, 67
Trd, 8639235.482, 137
Trd, 8639236.232, 138
Trd, 8639236.582, 124
Trd, 8639237.182, 84
Trd, 8639237.232, 77
Trd, 8639237.832, 140
Trd, 8639237.932, 140
Trd, 8639241.032, 139
Trd, 8639241.232, 140
Trd, 8639241.932, 140
Trd, 8639242.132, 139
Trd, 8639243.082, 140
Trd, 8639243.332, 140
Trd, 8639243.882, 140
Trd, 8639245.182, 140
Trd, 8639246.982, 139
Trd, 8639247.782, 139
Trd, 8639249.482, 140
Trd, 8639249.732, 140
Trd, 8639249.782, 140
Trd, 8639249.932, 140
Trd, 8639250.432, 116
Trd, 8639250.482, 115
Trd, 8639250.632, 79
Trd, 8639253.132, 140
Trd, 8639253.882, 140
Trd, 8639256.232, 140
Trd, 8639256.732, 140
Trd, 8639256.882, 140
Trd, 8639257.032, 126
Trd, 8639258.982, 93
Trd, 8639260.232, 139
Trd, 8639260.682, 137
Trd, 8639260.782, 134
Trd, 8639261.482, 123
Trd, 8639262.432, 96
Trd, 8639263.782, 90
Trd, 8639264.082, 91
Trd, 8639264.282, 101
Trd, 8639265.032, 93
Trd, 8639266.132, 115
Trd, 8639266.782, 70
Trd, 8639267.732, 119
Trd, 8639268.782, 92
Trd, 8639268.832, 91
Trd, 8639270.582, 140
Trd, 8639270.732, 140
Trd, 8639270.932, 128
Trd, 8639270.982, 126
Trd, 8639271.232, 114
Trd, 8639272.632, 139
Trd, 8639273.632, 140
Trd, 8639273.932, 140
Trd, 8639274.482, 140
Trd, 8639274.782, 140
Trd, 8639276.182, 140
Trd, 8639277.782, 140
Trd, 8639277.882, 140
Trd, 8639278.432, 140
Trd, 8639279.182, 140
Trd, 8639279.232, 140
Trd, 8639280.132, 140
Trd, 8639280.482, 139
Trd, 8639281.532, 140
Trd, 8639281.782, 138
Trd, 8639282.582, 140
Trd, 8639283.132, 134
Trd, 8639283.532, 92
Trd, 8639283.682, 90
Trd, 8639284.982, 133
Trd, 8639286.232, 61
Trd, 8639286.382, 131
Trd, 8639286.582, 133
Trd, 8639287.132, 61
Trd, 8639288.232, 73
Trd, 8639289.682, 95
Trd, 8639289.882, 139
Trd, 8639290.432, 81
Trd, 8639292.282, 84
Trd, 8639292.582, 85
Trd, 8639293.282, 80
Trd, 8639294.232, 140
Trd, 8639294.832, 140
Trd, 8639295.582, 140
Trd, 8639296.482, 140
Trd, 8639297.632, 140
Trd, 8639298.032, 140
Trd, 8639298.432, 140
Trd, 8639299.682, 140
Trd, 8639299.932, 140
Trd, 8639301.882, 140
Trd, 8639302.632, 140
Trd, 8639303.782, 140
Trd, 8639304.182, 140
Trd, 8639304.382, 139
Trd, 8639304.732, 140
Trd, 8639305.182, 139
Trd, 8639305.982, 139
Trd, 8639306.532, 140
Trd, 8639306.632, 140
Trd, 8639307.932, 140
Trd, 8639308.732, 140
Trd, 8639308.982, 128
Trd, 8639310.182, 140
Trd, 8639310.582, 140
Trd, 8639311.882, 139
Trd, 8639313.482, 93
Trd, 8639314.232, 60
Trd, 8639315.182, 69
Trd, 8639315.982, 60
Trd, 8639316.082, 62
Trd, 8639317.782, 71
Trd, 8639318.132, 64
Trd, 8639318.282, 96
Trd, 8639319.132, 117
Trd, 8639319.982, 75
Trd, 8639321.182, 76
Trd, 8639321.332, 74
Trd, 8639322.032, 84
Trd, 8639322.482, 96
Trd, 8639322.932, 74
Trd, 8639323.632, 138
Trd, 8639324.232, 61
Trd, 8639326.382, 140
Trd, 8639326.682, 140
Trd, 8639326.732, 140
Trd, 8639326.882, 137
Trd, 8639327.732, 136
Trd, 8639329.132, 140
Trd, 8639329.282, 123
Trd, 8639329.682, 112
Trd, 8639330.432, 67
Trd, 8639331.882, 63
Trd, 8639332.732, 60
Trd, 8639333.082, 60
Trd, 8639333.382, 139
Trd, 8639334.032, 140
Trd, 8639334.682, 140
Trd, 8639334.932, 140
Trd, 8639335.232, 140
Trd, 8639335.932, 140
Trd, 8639336.782, 140
Trd, 8639336.832, 140
Trd, 8639338.182, 139
Trd, 8639339.382, 140
Trd, 8639340.382, 140
Trd, 8639340.432, 140
Trd, 8639340.482, 127
Trd, 8639340.582, 112
Trd, 8639342.682, 139
Trd, 8639343.282, 139
Trd, 8639345.732, 140
Trd, 8639346.132, 140
Trd, 8639348.382, 140
Trd, 8639348.682, 140
Trd, 8639348.982, 140
Trd, 8639349.132, 140
Trd, 8639349.632, 140
Trd, 8639350.082, 139
Trd, 8639351.682, 140
Trd, 8639352.332, 140
Trd, 8639352.532, 140
Trd, 8639353.032, 138
Trd, 8639354.132, 139
Trd, 8639355.732, 138
Trd, 8639355.982, 140
Trd, 8639356.482, 138
Trd, 8639356.632, 137
Trd, 8639356.832, 126
Trd, 8639358.882, 140
Trd, 8639359.682, 140
Trd, 8639360.632, 140
Trd, 8639361.432, 140
Trd, 8639361.782, 140
Trd, 8639362.182, 140
Trd, 8639362.232, 140
Trd, 8639362.782, 140
Trd, 8639362.882, 140
Trd, 8639363.932, 117
Trd, 8639364.182, 117
Trd, 8639365.132, 139
Trd, 8639366.482, 140
Trd, 8639367.082, 126
Trd, 8639367.332, 124
Trd, 8639368.682, 140
Trd, 8639369.932, 140
Trd, 8639370.382, 140
Trd, 8639370.482, 140
Trd, 8639370.882, 62
Trd, 8639372.282, 64
Trd, 8639372.832, 60
Trd, 8639374.282, 89
Trd, 8639374.532, 96
Trd, 8639374.882, 140
Trd, 8639375.682, 140
Trd, 8639375.882, 140
Trd, 8639376.682, 140
Trd, 8639376.882, 140
Trd, 8639378.082, 129
Trd, 8639378.232, 118
Trd, 8639379.032, 137
Trd, 8639382.182, 140
Trd, 8639382.532, 140
Trd, 8639382.782, 140
Trd, 8639383.582, 139
Trd, 8639384.432, 140
Trd, 8639384.532, 140
Trd, 8639385.082, 126
Trd, 8639385.482, 105
Trd, 8639386.582, 138
Trd, 8639387.432, 119
Trd, 8639388.132, 139
Trd, 8639388.382, 139
Trd, 8639388.482, 139
Trd, 8639390.082, 140
Trd, 8639391.532, 140
Trd, 8639393.082, 140
Trd, 8639393.332, 138
Trd, 8639393.632, 137
Trd, 8639394.932, 116
Trd, 8639395.182, 106
Trd, 8639395.682, 140
Trd, 8639396.582, 140
Trd, 8639397.532, 140
Trd, 8639397.632, 139
Trd, 8639397.882, 127
Trd, 8639397.932, 115
Trd, 8639399.782, 140
Trd, 8639399.982, 79
Trd, 8639401.132, 138
Trd, 8639401.932, 78
Trd, 8639403.182, 62
Trd, 8639403.732, 69
Trd, 8639404.982, 60
Trd, 8639405.482, 61
Trd, 8639405.982, 60
Trd, 8639406.382, 77
Trd, 8639408.332, 60
Trd, 8639408.982, 60
Trd, 8639409.582, 60
Trd, 8639411.332, 63
Trd, 8639411.932, 65
Trd, 8639412.032, 98
Trd, 8639413.382, 63
Trd, 8639413.482, 64
Trd, 8639413.632, 62
Trd, 8639414.532, 66
Trd, 8639416.482, 75
Trd, 8639416.532, 67
Trd, 8639416.582, 66
Trd, 8639416.632, 75
Trd, 8639418.332, 63
Trd, 8639418.432, 106
Trd, 8639419.782, 97
Trd, 8639420.882, 95
Trd, 8639422.382, 140
Trd, 8639422.882, 140
Trd, 8639422.932, 137
Trd, 8639424.082, 140
Trd, 8639424.132, 140
Trd, 8639424.332, 140
Trd, 8639424.982, 138
Trd, 8639425.432, 134
Trd, 8639426.382, 60
Trd, 8639426.432, 60
Trd, 8639427.882, 101
Trd, 8639428.082, 124
Trd, 8639428.932, 60
Trd, 8639430.482, 119
Trd, 8639430.682, 118
Trd, 8639431.332, 64
Trd, 8639433.182, 140
Trd, 8639433.232, 140
Trd, 8639433.582, 132
Trd, 8639433.882, 126
Trd, 8639435.332, 140
Trd, 8639436.232, 140
Trd, 8639436.632, 140
Trd, 8639437.032, 140
Trd, 8639437.882, 72
Trd, 8639438.282, 74
Trd, 8639438.782, 140
Trd, 8639441.082, 139
Trd, 8639441.382, 138
Trd, 8639441.532, 140
Trd, 8639441.782, 126
Trd, 8639442.232, 98
Trd, 8639442.982, 98
Trd, 8639444.232, 140
Trd, 8639444.382, 140
Trd, 8639446.932, 140
Trd, 8639447.182, 140
Trd, 8639447.782, 140
Trd, 8639448.982, 140
Trd, 8639449.882, 140
Trd, 8639450.482, 140
Trd, 8639451.482, 140
Trd, 8639453.132, 140
Trd, 8639453.232, 140
Trd, 8639453.832, 140
Trd, 8639455.132, 140
Trd, 8639455.332, 140
Trd, 8639455.432, 140
Trd, 8639457.032, 140
Trd, 8639457.232, 140
Trd, 8639457.432, 140
Trd, 8639458.032, 137
Trd, 8639458.532, 124
Trd, 8639459.082, 140
Trd, 8639459.132, 102
Trd, 8639460.232, 140
Trd, 8639461.132, 140
Trd, 8639461.932, 128
Trd, 8639462.382, 114
Trd, 8639462.882, 87
Trd, 8639463.232, 81
Trd, 8639463.332, 134
Trd, 8639465.082, 140
Trd, 8639466.182, 139
Trd, 8639467.482, 140
Trd, 8639467.682, 140
Trd, 8639468.082, 140
Trd, 8639469.482, 140
Trd, 8639469.582, 140
Trd, 8639470.932, 140
Trd, 8639471.932, 126
Trd, 8639472.432, 140
Trd, 8639473.182, 140
Trd, 8639475.332, 140
Trd, 8639475.432, 140
Trd, 8639475.882, 139
Trd, 8639477.582, 140
Trd, 8639478.582, 140
Trd, 8639479.132, 140
Trd, 8639479.382, 140
Trd, 8639480.282, 140
Trd, 8639480.732, 137
Trd, 8639482.232, 135
Trd, 8639484.632, 138
Trd, 8639485.032, 139
Trd, 8639485.632, 140
Trd, 8639485.882, 140
Trd, 8639486.282, 140
Trd, 8639486.432, 140
Trd, 8639486.732, 140
Trd, 8639486.932, 124
Trd, 8639488.082, 62
Trd, 8639488.932, 139
Trd, 8639488.982, 138
Trd, 8639491.182, 140
Trd, 8639491.332, 130
Trd, 8639492.032, 110
Trd, 8639492.832, 140
Trd, 8639493.082, 140
Trd, 8639493.732, 129
Trd, 8639495.082, 139
Trd, 8639496.432, 140
Trd, 8639498.232, 140
Trd, 8639498.682, 139
Trd, 8639499.782, 140
Trd, 8639500.232, 140
Trd, 8639500.632, 139
Trd, 8639500.782, 134
Trd, 8639501.582, 126
Trd, 8639502.232, 140
Trd, 8639502.532, 139
Trd, 8639503.932, 126
Trd, 8639504.382, 83
Trd, 8639504.632, 69
Trd, 8639505.132, 69
Trd, 8639505.432, 67
Trd, 8639506.532, 140
Trd, 8639506.982, 140
Trd, 8639507.032, 140
Trd, 8639508.682, 71
Trd, 8639509.082, 140
Trd, 8639509.482, 140
Trd, 8639511.332, 63
Trd, 8639511.782, 109
Trd, 8639512.732, 139
Trd, 8639512.882, 128
Trd, 8639513.432, 63
Trd, 8639514.382, 140
Trd, 8639514.432, 124
Trd, 8639515.232, 63
Trd, 8639516.382, 64
Trd, 8639516.782, 136
Trd, 8639516.882, 135
Trd, 8639517.082, 140
Trd, 8639518.082, 62
Trd, 8639521.282, 140
Trd, 8639521.482, 140
Trd, 8639521.832, 140
Trd, 8639521.932, 140
Trd, 8639524.182, 140
Trd, 8639524.782, 139
Trd, 8639525.732, 140
Trd, 8639525.832, 140
Trd, 8639526.032, 140
Trd, 8639526.732, 140
Trd, 8639528.182, 140
Trd, 8639528.332, 140
Trd, 8639529.682, 140
Trd, 8639529.882, 140
Trd, 8639529.982, 116
Trd, 8639531.482, 140
Trd, 8639532.032, 140
Trd, 8639532.282, 134
Trd, 8639532.632, 95
Trd, 8639533.132, 140
Trd, 8639534.482, 140
Trd, 8639534.682, 140
Trd, 8639535.082, 140
Trd, 8639536.432, 140
Trd, 8639536.632, 139
Trd, 8639537.382, 80
Trd, 8639538.682, 139
Trd, 8639539.582, 122
Trd, 8639539.882, 134
Trd, 8639540.932, 72
Trd, 8639542.232, 140
Trd, 8639542.632, 140
Trd, 8639542.732, 139
Trd, 8639543.182, 137
Trd, 8639544.332, 64
Trd, 8639545.082, 60
Trd, 8639545.782, 139
Trd, 8639546.932, 139
Trd, 8639547.732, 140
Trd, 8639547.782, 139
Trd, 8639548.232, 138
Trd, 8639548.982, 129
Trd, 8639550.232, 72
Trd, 8639551.432, 106
Trd, 8639551.832, 140
Trd, 8639552.182, 139
Trd, 8639553.382, 140
Trd, 8639553.432, 140
Trd, 8639553.732, 140
Trd, 8639554.682, 139
Trd, 8639556.032, 112
Trd, 8639557.432, 140
Trd, 8639557.632, 140
Trd, 8639558.382, 140
Trd, 8639558.632, 128
Trd, 8639559.982, 134
Trd, 8639561.232, 123
Trd, 8639561.432, 122
Trd, 8639561.632, 120
Trd, 8639561.882, 140
Trd, 8639562.082, 116
Trd, 8639563.132, 100
Trd, 8639563.632, 140
Trd, 8639565.082, 140
Trd, 8639565.332, 140
Trd, 8639566.332, 139
Trd, 8639566.982, 140
Trd, 8639567.182, 140
Trd, 8639567.782, 140
Trd, 8639567.932, 78
Trd, 8639569.332, 135
Trd, 8639570.032, 138
Trd, 8639570.882, 85
Trd, 8639571.582, 121
Trd, 8639571.682, 122
Trd, 8639571.782, 83
Trd, 8639572.532, 103
Trd, 8639573.382, 66
Trd, 8639576.432, 140
Trd, 8639576.932, 140
Trd, 8639577.132, 140
Trd, 8639577.782, 140
Trd, 8639577.982, 140
Trd, 8639578.482, 138
Trd, 8639579.082, 140
Trd, 8639579.332, 140
Trd, 8639580.182, 71
Trd, 8639581.282, 105
Trd, 8639582.232, 60
Trd, 8639582.882, 61
Trd, 8639583.032, 62
Trd, 8639583.932, 62
Trd, 8639584.732, 139
Trd, 8639584.832, 88
Trd, 8639586.232, 140
Trd, 8639587.032, 140
Trd, 8639587.482, 140
Trd, 8639588.832, 140
Trd, 8639588.932, 128
Trd, 8639589.632, 94
Trd, 8639590.782, 60
Trd, 8639590.882, 60
Trd, 8639591.132, 61
Trd, 8639591.982, 69
Trd, 8639592.132, 63
Trd, 8639593.832, 140
Trd, 8639594.282, 140
Trd, 8639595.282, 140
Trd, 8639595.732, 140
Trd, 8639598.332, 140
Trd, 8639598.632, 140
Trd, 8639598.732, 140
Trd, 8639599.232, 140
Trd, 8639599.532, 140
Trd, 8639599.932, 127
Trd, 8639600.432, 115
Trd, 8639602.882, 140
Trd, 8639602.982, 140
Trd, 8639603.432, 139
Trd, 8639603.882, 126
Trd, 8639604.382, 140
Trd, 8639605.832, 113
Trd, 8639606.082, 131
Trd, 8639607.832, 139
Trd, 8639607.982, 126
Trd, 8639608.332, 120
Trd, 8639608.832, 140
Trd, 8639609.632, 140
Trd, 8639610.282, 138
Trd, 8639610.432, 136
Trd, 8639611.382, 60
Trd, 8639611.432, 61
Trd, 8639611.982, 93
Trd, 8639614.132, 67
Trd, 8639615.632, 64
Trd, 8639615.832, 65
Trd, 8639617.882, 140
Trd, 8639618.032, 140
Trd, 8639618.182, 140
Trd, 8639618.282, 126
Trd, 8639618.682, 113
Trd, 8639619.382, 137
Trd, 8639619.582, 136
Trd, 8639620.182, 135
Trd, 8639622.932, 140
Trd, 8639624.382, 140
Trd, 8639625.882, 140
Trd, 8639626.382, 140
Trd, 8639627.232, 140
Trd, 8639627.682, 140
Trd, 8639627.982, 140
Trd, 8639628.782, 140
Trd, 8639629.282, 130
Trd, 8639629.332, 118
Trd, 8639630.782, 140
Trd, 8639631.532, 140
Trd, 8639631.782, 140
Trd, 8639632.682, 138
Trd, 8639632.882, 126
Trd, 8639633.582, 60
Trd, 8639634.482, 82
Trd, 8639636.332, 140
Trd, 8639636.482, 140
Trd, 8639636.982, 140
Trd, 8639637.532, 140
Trd, 8639638.182, 140
Trd, 8639638.932, 122
Trd, 8639639.182, 122
Trd, 8639640.782, 140
Trd, 8639641.282, 116
Trd, 8639641.332, 100
Trd, 8639641.682, 91
Trd, 8639642.582, 65
Trd, 8639643.332, 64
Trd, 8639643.832, 61
Trd, 8639643.882, 65
Trd, 8639645.232, 100
Trd, 8639646.882, 140
Trd, 8639647.982, 140
Trd, 8639648.082, 140
Trd, 8639648.832, 140
Trd, 8639648.932, 140
Trd, 8639650.632, 140
Trd, 8639652.682, 140
Trd, 8639653.432, 140
Trd, 8639653.582, 140
Trd, 8639653.632, 140
Trd, 8639654.332, 140
Trd, 8639655.332, 140
Trd, 8639655.382, 138
Trd, 8639655.982, 112
Trd, 8639656.332, 113
Trd, 8639657.282, 63
Trd, 8639658.432, 64
Trd, 8639659.082, 64
Trd, 8639659.832, 64
Trd, 8639659.982, 65
Trd, 8639660.932, 63
Trd, 8639661.132, 66
Trd, 8639662.332, 139
Trd, 8639663.132, 140
Trd, 8639663.532, 139
Trd, 8639663.882, 126
Trd, 8639664.132, 83
Trd, 8639665.982, 61
Trd, 8639666.432, 66
Trd, 8639668.332, 140
Trd, 8639670.282, 140
Trd, 8639670.582, 140
Trd, 8639671.732, 140
Trd, 8639671.932, 140
Trd, 8639672.682, 140
Trd, 8639672.832, 139
Trd, 8639672.882, 139
Trd, 8639673.782, 140
Trd, 8639674.332, 138
Trd, 8639674.682, 127
Trd, 8639675.832, 140
Trd, 8639676.782, 140
Trd, 8639677.932, 140
Trd, 8639678.182, 140
Trd, 8639679.182, 140
Trd, 8639679.382, 127
Trd, 8639680.682, 61
Trd, 8639681.532, 62
Trd, 8639682.032, 61
Trd, 8639683.382, 106
Trd, 8639683.732, 68
Trd, 8639683.882, 66
Trd, 8639685.282, 140
Trd, 8639686.232, 140
Trd, 8639686.382, 140
Trd, 8639686.732, 140
Trd, 8639687.332, 110
Trd, 8639688.082, 60
Trd, 8639688.382, 61
Trd, 8639688.482, 64
Trd, 8639689.782, 64
Trd, 8639691.232, 101
Trd, 8639692.232, 67
Trd, 8639692.532, 65
Trd, 8639694.132, 60
Trd, 8639694.382, 61
Trd, 8639695.482, 122
Trd, 8639695.782, 129
Trd, 8639696.032, 63
Trd, 8639696.532, 64
Trd, 8639697.982, 65
Trd, 8639698.882, 86
Trd, 8639700.932, 139
Trd, 8639701.182, 139
Trd, 8639701.882, 118
Trd, 8639702.882, 140
Trd, 8639702.932, 117
Trd, 8639703.482, 117
Trd, 8639703.932, 140
Trd, 8639704.582, 130
Trd, 8639704.732, 129
Trd, 8639705.882, 135
Trd, 8639706.332, 135
Trd, 8639706.682, 135
Trd, 8639709.382, 140
Trd, 8639709.432, 132
Trd, 8639709.932, 67
Trd, 8639710.482, 133
Trd, 8639710.632, 126
Trd, 8639713.532, 140
Trd, 8639713.632, 140
Trd, 8639713.982, 140
Trd, 8639714.082, 140
Trd, 8639714.882, 140
Trd, 8639714.982, 138
Trd, 8639716.482, 140
Trd, 8639716.582, 140
Trd, 8639716.982, 138
Trd, 8639717.332, 137
Trd, 8639718.082, 128
Trd, 8639719.482, 140
Trd, 8639719.682, 139
Trd, 8639720.782, 140
Trd, 8639721.682, 128
Trd, 8639722.582, 140
Trd, 8639723.982, 140
Trd, 8639724.282, 140
Trd, 8639724.682, 139
Trd, 8639724.882, 139
Trd, 8639726.482, 60
Trd, 8639727.432, 67
Trd, 8639728.332, 89
Trd, 8639728.682, 84
Trd, 8639729.132, 140
Trd, 8639729.882, 140
Trd, 8639729.982, 140
Trd, 8639732.482, 140
Trd, 8639733.182, 140
Trd, 8639733.682, 140
Trd, 8639734.932, 140
Trd, 8639736.982, 140
Trd, 8639737.582, 140
Trd, 8639737.682, 140
Trd, 8639737.832, 140
Trd, 8639738.982, 139
Trd, 8639739.032, 138
Trd, 8639739.632, 128
Trd, 8639741.232, 133
Trd, 8639741.332, 132
Trd, 8639741.432, 132
Trd, 8639745.332, 140
Trd, 8639745.482, 140
Trd, 8639746.032, 140
Trd, 8639746.232, 109
Trd, 8639749.032, 140
Trd, 8639749.482, 140
Trd, 8639750.182, 140
Trd, 8639750.632, 140
Trd, 8639751.582, 140
Trd, 8639752.432, 140
Trd, 8639752.682, 140
Trd, 8639752.782, 140
Trd, 8639754.332, 140
Trd, 8639755.682, 140
Trd, 8639756.232, 140
Trd, 8639756.782, 140
Trd, 8639757.882, 140
Trd, 8639758.382, 140
Trd, 8639758.632, 139
Trd, 8639758.932, 126
Trd, 8639759.032, 89
Trd, 8639760.332, 60
Trd, 8639761.132, 62
Trd, 8639761.232, 65
Trd, 8639763.182, 140
Trd, 8639764.482, 140
Trd, 8639764.732, 140
Trd, 8639765.732, 112
Trd, 8639766.432, 135
Trd, 8639766.482, 111
Trd, 8639767.482, 101
Trd, 8639767.982, 104
Trd, 8639768.082, 91
Trd, 8639768.882, 95
Trd, 8639769.082, 83
Trd, 8639769.282, 116
Trd, 8639770.082, 62
Trd, 8639771.382, 60
Trd, 8639771.432, 62
Trd, 8639772.082, 62
Trd, 8639773.632, 140
Trd, 8639773.782, 140
Trd, 8639774.782, 140
Trd, 8639776.032, 140
Trd, 8639777.032, 140
Trd, 8639777.982, 140
Trd, 8639778.132, 140
Trd, 8639779.582, 140
Trd, 8639779.682, 140
Trd, 8639779.832, 140
Trd, 8639780.282, 126
Trd, 8639781.332, 140
Trd, 8639781.482, 139
Trd, 8639782.782, 108
Trd, 8639783.182, 109
Trd, 8639783.332, 113
Trd, 8639783.882, 75
Trd, 8639784.932, 140
Trd, 8639786.682, 90
Trd, 8639787.082, 139
Trd, 8639788.282, 139
Trd, 8639789.532, 140
Trd, 8639789.782, 140
Trd, 8639789.882, 140
Trd, 8639789.932, 134
Trd, 8639790.732, 126
Trd, 8639791.832, 140
Trd, 8639792.182, 140
Trd, 8639792.732, 140
Trd, 8639793.482, 140
Trd, 8639794.332, 140
Trd, 8639794.882, 127
Trd, 8639796.082, 117
Trd, 8639796.682, 140
Trd, 8639796.832, 140
Trd, 8639797.282, 140
Trd, 8639797.882, 140
Trd, 8639799.282, 135
Trd, 8639800.232, 140
Trd, 8639800.732, 133
Trd, 8639802.582, 140
Trd, 8639802.882, 140
Trd, 8639804.032, 120
Trd, 8639804.732, 121
Trd, 8639804.832, 120
Trd, 8639805.132, 140
Trd, 8639807.032, 136
Trd, 8639807.982, 125
Trd, 8639808.182, 125
Trd, 8639808.332, 124
Trd, 8639809.532, 118
Trd, 8639810.282, 140
Trd, 8639812.132, 140
Trd, 8639812.232, 140
Trd, 8639813.082, 139
Trd, 8639813.582, 137
Trd, 8639813.932, 129
Trd, 8639813.982, 92
Trd, 8639814.132, 76
Trd, 8639815.382, 86
Trd, 8639816.182, 140
Trd, 8639816.782, 139
Trd, 8639817.882, 72
Trd, 8639817.982, 71
Trd, 8639818.782, 113
Trd, 8639819.032, 79
Trd, 8639820.332, 102
Trd, 8639820.832, 140
Trd, 8639821.582, 140
Trd, 8639822.282, 140
Trd, 8639823.832, 140
Trd, 8639824.282, 140
Trd, 8639824.382, 140
Trd, 8639824.482, 114
Trd, 8639825.432, 61
Trd, 8639826.182, 140
Trd, 8639826.682, 139
Trd, 8639828.232, 132
Trd, 8639829.632, 140
Trd, 8639830.132, 140
Trd, 8639830.232, 140
Trd, 8639830.382, 136
Trd, 8639830.732, 129
Trd, 8639831.832, 64
Trd, 8639832.782, 61
Trd, 8639833.332, 62
Trd, 8639834.782, 134
Trd, 8639835.682, 124
Trd, 8639835.832, 129
Trd, 8639836.382, 89
Trd, 8639836.482, 134
Trd, 8639837.582, 88
Trd, 8639838.182, 140
Trd, 8639838.282, 140
Trd, 8639840.882, 140
Trd, 8639841.182, 140
Trd, 8639841.782, 140
Trd, 8639841.832, 128
Trd, 8639841.982, 127
Trd, 8639843.182, 63
Trd, 8639844.182, 107
Trd, 8639844.732, 137
Trd, 8639846.082, 140
Trd, 8639847.132, 140
Trd, 8639847.782, 140
Trd, 8639848.282, 140
Trd, 8639848.832, 140
Trd, 8639849.382, 140
Trd, 8639850.532, 140
Trd, 8639851.032, 139
Trd, 8639853.032, 140
Trd, 8639854.182, 140
Trd, 8639854.832, 140
Trd, 8639855.282, 140
Trd, 8639855.532, 140
Trd, 8639856.582, 140
Trd, 8639858.032, 140
Trd, 8639858.282, 140
Trd, 8639858.582, 140
Trd, 8639860.132, 140
Trd, 8639861.032, 140
Trd, 8639861.132, 140
Trd, 8639862.632, 140
Trd, 8639862.832, 140
Trd, 8639866.032, 140
Trd, 8639866.232, 140
Trd, 8639866.482, 140
Trd, 8639866.832, 136
Trd, 8639867.332, 125
Trd, 8639868.382, 88
Trd, 8639869.532, 76
Trd, 8639870.082, 76
Trd, 8639870.882, 100
Trd, 8639872.232, 140
Trd, 8639872.432, 140
Trd, 8639873.732, 140
Trd, 8639874.032, 140
Trd, 8639874.332, 140
Trd, 8639875.182, 140
Trd, 8639875.332, 138
Trd, 8639875.782, 128
Trd, 8639876.582, 116
Trd, 8639877.082, 114
Trd, 8639878.332, 140
Trd, 8639879.132, 139
Trd, 8639879.282, 134
Trd, 8639879.882, 140
Trd, 8639880.682, 138
Trd, 8639881.682, 140
Trd, 8639881.732, 140
Trd, 8639881.832, 140
Trd, 8639882.332, 138
Trd, 8639883.332, 126
Trd, 8639884.382, 139
Trd, 8639884.732, 127
Trd, 8639885.232, 96
Trd, 8639886.882, 134
Trd, 8639887.032, 133
Trd, 8639887.232, 73
Trd, 8639887.632, 139
Trd, 8639888.032, 72
Trd, 8639888.682, 138
Trd, 8639890.582, 140
Trd, 8639891.482, 140
Trd, 8639893.882, 140
Trd, 8639894.232, 140
Trd, 8639894.582, 138
Trd, 8639895.332, 140
Trd, 8639895.482, 139
Trd, 8639896.482, 140
Trd, 8639897.732, 139
Trd, 8639897.932, 122
Trd, 8639898.182, 84
Trd, 8639898.832, 83
Trd, 8639899.482, 92
Trd, 8639899.532, 107
Trd, 8639900.982, 140
Trd, 8639901.482, 140
Trd, 8639902.132, 140
Trd, 8639902.332, 140
Trd, 8639902.582, 140
Trd, 8639903.632, 140
Trd, 8639904.382, 139
Trd, 8639905.532, 139
Trd, 8639907.382, 140
Trd, 8639907.432, 129
Trd, 8639907.732, 76
Trd, 8639908.132, 140
Trd, 8639908.332, 64
Trd, 8639910.282, 140
Trd, 8639910.532, 140
Trd, 8639911.282, 140
Trd, 8639912.382, 140
Trd, 8639913.132, 140
Trd, 8639913.632, 140
Trd, 8639914.182, 138
Trd, 8639915.782, 140
Trd, 8639917.282, 140
Trd, 8639918.232, 140
Trd, 8639918.432, 126
Trd, 8639919.682, 140
Trd, 8639919.732, 140
Trd, 8639920.982, 140
Trd, 8639921.132, 140
Trd, 8639921.482, 140
Trd, 8639922.032, 140
Trd, 8639922.682, 140
Trd, 8639923.032, 140
Trd, 8639923.632, 139
Trd, 8639923.832, 138
Trd, 8639924.032, 136
Trd, 8639924.682, 125
Trd, 8639925.232, 123
Trd, 8639926.532, 60
Trd, 8639927.832, 140
Trd, 8639929.682, 74
Trd, 8639929.782, 83
Trd, 8639930.932, 140
Trd, 8639931.032, 140
Trd, 8639932.382, 140
Trd, 8639932.532, 140
Trd, 8639933.032, 140
Trd, 8639933.082, 125
Trd, 8639933.882, 78
Trd, 8639935.182, 140
Trd, 8639936.382, 140
Trd, 8639936.732, 140
Trd, 8639936.982, 140
Trd, 8639938.832, 140
Trd, 8639939.182, 140
Trd, 8639939.582, 140
Trd, 8639940.382, 140
Trd, 8639941.132, 140
Trd, 8639943.532, 140
Trd, 8639943.632, 140
Trd, 8639944.882, 138
Trd, 8639945.632, 140
Trd, 8639946.032, 140
Trd, 8639946.182, 127
Trd, 8639946.582, 140
Trd, 8639946.782, 140
Trd, 8639947.482, 127
Trd, 8639947.682, 126
Trd, 8639948.382, 140
Trd, 8639949.282, 140
Trd, 8639951.732, 137
Trd, 8639951.832, 136
Trd, 8639952.082, 137
Trd, 8639953.182, 139
Trd, 8639953.582, 139
Trd, 8639954.182, 139
Trd, 8639954.382, 127
Trd, 8639954.682, 132
Trd, 8639956.082, 137
Trd, 8639956.782, 140
Trd, 8639957.232, 140
Trd, 8639959.482, 91
Trd, 8639959.582, 90
Trd, 8639960.582, 140
Trd, 8639960.982, 140
Trd, 8639961.382, 139
Trd, 8639962.082, 140
Trd, 8639962.882, 140
Trd, 8639963.332, 140
Trd, 8639964.782, 140
Trd, 8639965.232, 139
Trd, 8639965.282, 126
Trd, 8639966.082, 120
Trd, 8639966.532, 133
Trd, 8639967.582, 109
Trd, 8639967.632, 96
Trd, 8639969.232, 100
Trd, 8639970.182, 137
Trd, 8639970.982, 137
Trd, 8639971.032, 136
Trd, 8639971.582, 140
Trd, 8639971.732, 140
Trd, 8639973.032, 100
Trd, 8639973.382, 91
Trd, 8639973.982, 85
Trd, 8639974.732, 110
Trd, 8639976.382, 139
Trd, 8639976.782, 140
Trd, 8639978.782, 140
Trd, 8639979.032, 140
Trd, 8639979.832, 140
Trd, 8639980.732, 140
Trd, 8639981.832, 140
Trd, 8639982.782, 140
Trd, 8639984.032, 140
Trd, 8639984.682, 140
Trd, 8639985.432, 140
Trd, 8639985.682, 140
Trd, 8639987.182, 140
Trd, 8639987.282, 140
Trd, 8639988.032, 140
Trd, 8639989.282, 140
Trd, 8639990.082, 140
Trd, 8639991.582, 140
Trd, 8639992.482, 140
Trd, 8639993.382, 140
Trd, 8639993.932, 138
Trd, 8639994.532, 140
Trd, 8639995.482, 119
Trd, 8639996.332, 61
Trd, 8639997.582, 62
Trd, 8639999.182, 61
Trd, 8639999.232, 68
Trd, 8639999.832, 81
