Trd, 8638205.132, 140
Trd, 8638205.732, 140
Trd, 8638205.882, 140
Trd, 8638206.032, 138
Trd, 8638206.432, 139
Trd, 8638207.632, 140
Trd, 8638208.682, 140
Trd, 8638209.332, 140
Trd, 8638210.482, 140
Trd, 8638211.482, 140
Trd, 8638211.682, 139
Trd, 8638212.932, 140
Trd, 8638213.182, 140
Trd, 8638213.232, 139
Trd, 8638213.432, 137
Trd, 8638214.082, 140
Trd, 8638215.232, 140
Trd, 8638215.332, 140
Trd, 8638217.332, 140
Trd, 8638217.382, 139
Trd, 8638217.582, 140
Trd, 8638218.032, 139
Trd, 8638218.882, 139
Trd, 8638219.932, 140
Trd, 8638220.982, 140
Trd, 8638221.132, 138
Trd, 8638222.232, 138
Trd, 8638222.432, 140
Trd, 8638222.532, 139
Trd, 8638223.032, 138
Trd, 8638223.932, 138
Trd, 8638225.132, 140
Trd, 8638225.732, 140
Trd, 8638226.882, 140
Trd, 8638227.032, 138
Trd, 8638227.882, 140
Trd, 8638228.182, 140
Trd, 8638229.882, 140
Trd, 8638231.332, 140
Trd, 8638231.682, 140
Trd, 8638232.082, 140
Trd, 8638233.182, 140
Trd, 8638233.282, 139
Trd, 8638234.532, 140
Trd, 8638234.582, 140
Trd, 8638234.932, 140
Trd, 8638235.382, 139
Trd, 8638236.082, 134
Trd, 8638236.332, 110
Trd, 8638236.832, 140
Trd, 8638237.782, 139
Trd, 8638237.982, 134
Trd, 8638239.032, 140
Trd, 8638239.882, 140
Trd, 8638240.832, 140
Trd, 8638241.082, 140
Trd, 8638241.532, 136
Trd, 8638241.582, 128
Trd, 8638242.482, 139
Trd, 8638243.132, 140
Trd, 8638243.532, 111
Trd, 8638243.682, 140
Trd, 8638244.032, 140
Trd, 8638244.532, 140
Trd, 8638245.732, 140
Trd, 8638246.782, 140
Trd, 8638247.432, 64
Trd, 8638247.732, 140
Trd, 8638248.832, 140
Trd, 8638249.232, 140
Trd, 8638250.382, 139
Trd, 8638250.882, 138
Trd, 8638251.082, 134
Trd, 8638252.282, 139
Trd, 8638252.332, 63
Trd, 8638253.682, 62
Trd, 8638253.782, 124
Trd, 8638254.532, 140
Trd, 8638254.732, 140
Trd, 8638254.932, 124
Trd, 8638256.032, 140
Trd, 8638257.432, 140
Trd, 8638257.682, 140
Trd, 8638257.782, 139
Trd, 8638257.882, 139
Trd, 8638258.082, 140
Trd, 8638260.832, 140
Trd, 8638261.832, 140
Trd, 8638262.082, 140
Trd, 8638262.332, 139
Trd, 8638262.382, 138
Trd, 8638263.682, 140
Trd, 8638264.782, 140
Trd, 8638264.832, 140
Trd, 8638266.082, 140
Trd, 8638266.132, 140
Trd, 8638267.432, 140
Trd, 8638267.482, 140
Trd, 8638268.882, 140
Trd, 8638268.932, 139
Trd, 8638269.482, 140
Trd, 8638269.632, 140
Trd, 8638269.982, 139
Trd, 8638270.482, 140
Trd, 8638270.582, 120
Trd, 8638270.982, 100
Trd, 8638272.382, 140
Trd, 8638272.882, 140
Trd, 8638274.182, 140
Trd, 8638274.382, 138
Trd, 8638274.732, 62
Trd, 8638276.132, 139
Trd, 8638276.182, 139
Trd, 8638277.732, 140
Trd, 8638277.782, 140
Trd, 8638278.132, 135
Trd, 8638278.882, 140
Trd, 8638280.332, 140
Trd, 8638281.482, 140
Trd, 8638281.582, 140
Trd, 8638281.682, 139
Trd, 8638281.882, 138
Trd, 8638283.632, 139
Trd, 8638283.882, 140
Trd, 8638284.332, 140
Trd, 8638285.882, 137
Trd, 8638285.982, 129
Trd, 8638286.382, 140
Trd, 8638287.082, 140
Trd, 8638287.532, 139
Trd, 8638288.232, 138
Trd, 8638288.882, 135
Trd, 8638288.932, 87
Trd, 8638291.332, 140
Trd, 8638292.282, 140
Trd, 8638292.332, 140
Trd, 8638292.432, 139
Trd, 8638292.582, 137
Trd, 8638293.482, 140
Trd, 8638293.832, 139
Trd, 8638294.732, 139
Trd, 8638296.032, 140
Trd, 8638296.232, 140
Trd, 8638297.432, 140
Trd, 8638297.682, 140
Trd, 8638297.782, 121
Trd, 8638298.682, 60
Trd, 8638298.982, 138
Trd, 8638299.682, 140
Trd, 8638300.032, 139
Trd, 8638300.232, 135
Trd, 8638300.932, 140
Trd, 8638301.882, 140
Trd, 8638302.082, 140
Trd, 8638302.432, 62
Trd, 8638302.882, 67
Trd, 8638303.882, 60
Trd, 8638304.382, 140
Trd, 8638304.732, 140
Trd, 8638305.032, 139
Trd, 8638305.632, 81
Trd, 8638306.532, 140
Trd, 8638306.732, 140
Trd, 8638307.532, 140
Trd, 8638308.532, 140
Trd, 8638309.432, 140
Trd, 8638310.132, 140
Trd, 8638310.382, 140
Trd, 8638311.482, 140
Trd, 8638312.082, 138
Trd, 8638312.432, 140
Trd, 8638313.032, 134
Trd, 8638313.382, 138
Trd, 8638313.832, 66
Trd, 8638314.332, 122
Trd, 8638314.482, 66
Trd, 8638315.932, 138
Trd, 8638316.082, 122
Trd, 8638316.482, 140
Trd, 8638317.882, 138
Trd, 8638318.232, 136
Trd, 8638318.682, 135
Trd, 8638319.182, 101
Trd, 8638319.882, 139
Trd, 8638321.182, 139
Trd, 8638321.582, 138
Trd, 8638322.132, 140
Trd, 8638322.232, 140
Trd, 8638323.732, 140
Trd, 8638324.132, 140
Trd, 8638324.332, 139
Trd, 8638325.382, 140
Trd, 8638325.532, 139
Trd, 8638326.282, 140
Trd, 8638326.632, 140
Trd, 8638326.832, 139
Trd, 8638327.132, 79
Trd, 8638327.982, 139
Trd, 8638328.332, 100
Trd, 8638329.382, 140
Trd, 8638330.382, 140
Trd, 8638331.432, 140
Trd, 8638331.882, 138
Trd, 8638333.232, 140
Trd, 8638334.532, 140
Trd, 8638334.632, 140
Trd, 8638334.682, 140
Trd, 8638335.432, 139
Trd, 8638336.382, 138
Trd, 8638337.482, 61
Trd, 8638337.532, 106
Trd, 8638337.832, 83
Trd, 8638338.482, 64
Trd, 8638339.582, 61
Trd, 8638339.632, 62
Trd, 8638340.182, 140
Trd, 8638340.482, 140
Trd, 8638341.182, 61
Trd, 8638341.732, 100
Trd, 8638342.032, 138
Trd, 8638342.832, 140
Trd, 8638343.032, 130
Trd, 8638343.382, 140
Trd, 8638344.882, 140
Trd, 8638345.432, 139
Trd, 8638346.482, 140
Trd, 8638346.982, 139
Trd, 8638347.032, 139
Trd, 8638347.282, 112
Trd, 8638348.332, 137
Trd, 8638349.882, 140
Trd, 8638350.332, 140
Trd, 8638350.632, 140
Trd, 8638351.332, 140
Trd, 8638351.432, 140
Trd, 8638353.532, 140
Trd, 8638354.182, 140
Trd, 8638354.232, 140
Trd, 8638354.982, 140
Trd, 8638355.982, 140
Trd, 8638356.032, 139
Trd, 8638356.332, 140
Trd, 8638356.532, 137
Trd, 8638356.782, 139
Trd, 8638357.182, 73
Trd, 8638357.782, 137
Trd, 8638358.532, 96
Trd, 8638358.982, 138
Trd, 8638360.432, 68
Trd, 8638360.982, 140
Trd, 8638361.732, 140
Trd, 8638362.132, 139
Trd, 8638363.232, 81
Trd, 8638363.532, 62
Trd, 8638363.582, 108
Trd, 8638364.582, 140
Trd, 8638365.232, 140
Trd, 8638365.732, 130
Trd, 8638365.832, 129
Trd, 8638365.932, 106
Trd, 8638367.732, 140
Trd, 8638368.932, 140
Trd, 8638369.332, 139
Trd, 8638369.682, 140
Trd, 8638370.082, 137
Trd, 8638370.982, 139
Trd, 8638371.582, 140
Trd, 8638371.782, 140
Trd, 8638372.882, 140
Trd, 8638373.332, 137
Trd, 8638374.182, 140
Trd, 8638374.432, 108
Trd, 8638374.782, 102
Trd, 8638375.132, 64
Trd, 8638376.082, 140
Trd, 8638377.032, 140
Trd, 8638377.732, 138
Trd, 8638377.832, 112
Trd, 8638378.332, 139
Trd, 8638379.682, 140
Trd, 8638380.282, 139
Trd, 8638380.582, 140
Trd, 8638380.982, 131
Trd, 8638381.432, 139
Trd, 8638382.432, 138
Trd, 8638382.982, 130
Trd, 8638384.832, 140
Trd, 8638385.132, 140
Trd, 8638385.432, 139
Trd, 8638385.732, 138
Trd, 8638385.782, 138
Trd, 8638385.882, 138
Trd, 8638387.282, 121
Trd, 8638387.482, 75
Trd, 8638388.382, 140
Trd, 8638388.532, 140
Trd, 8638388.832, 118
Trd, 8638389.682, 140
Trd, 8638391.532, 140
Trd, 8638391.832, 140
Trd, 8638393.282, 140
Trd, 8638393.482, 140
Trd, 8638394.382, 140
Trd, 8638394.532, 140
Trd, 8638395.232, 140
Trd, 8638396.482, 139
Trd, 8638396.532, 139
Trd, 8638396.682, 139
Trd, 8638397.282, 135
Trd, 8638398.282, 124
Trd, 8638398.932, 140
Trd, 8638399.182, 139
Trd, 8638399.932, 140
Trd, 8638400.132, 104
Trd, 8638400.782, 77
Trd, 8638401.082, 99
Trd, 8638401.282, 137
Trd, 8638401.782, 140
Trd, 8638402.382, 75
Trd, 8638403.332, 138
Trd, 8638403.632, 140
Trd, 8638405.532, 140
Trd, 8638405.882, 140
Trd, 8638406.782, 140
Trd, 8638407.332, 131
Trd, 8638407.482, 111
Trd, 8638407.682, 64
Trd, 8638408.882, 138
Trd, 8638409.232, 64
Trd, 8638409.382, 139
Trd, 8638410.882, 140
Trd, 8638410.932, 140
Trd, 8638411.782, 140
Trd, 8638412.182, 140
Trd, 8638413.382, 140
Trd, 8638414.232, 140
Trd, 8638415.132, 140
Trd, 8638415.732, 140
Trd, 8638415.782, 138
Trd, 8638416.682, 139
Trd, 8638416.882, 140
Trd, 8638417.432, 140
Trd, 8638418.332, 139
Trd, 8638418.632, 124
Trd, 8638420.032, 140
Trd, 8638420.382, 140
Trd, 8638421.182, 140
Trd, 8638421.582, 140
Trd, 8638422.532, 140
Trd, 8638423.982, 140
Trd, 8638424.132, 140
Trd, 8638424.732, 140
Trd, 8638425.182, 140
Trd, 8638425.382, 139
Trd, 8638426.732, 138
Trd, 8638426.782, 136
Trd, 8638427.032, 136
Trd, 8638427.282, 124
Trd, 8638427.932, 140
Trd, 8638428.032, 139
Trd, 8638430.082, 139
Trd, 8638431.932, 140
Trd, 8638432.032, 140
Trd, 8638432.282, 139
Trd, 8638432.532, 135
Trd, 8638433.832, 140
Trd, 8638434.032, 139
Trd, 8638434.532, 139
Trd, 8638435.932, 140
Trd, 8638436.382, 138
Trd, 8638436.432, 138
Trd, 8638437.682, 140
Trd, 8638437.882, 140
Trd, 8638438.532, 137
Trd, 8638439.232, 101
Trd, 8638439.482, 139
Trd, 8638440.482, 140
Trd, 8638440.832, 140
Trd, 8638441.132, 139
Trd, 8638441.282, 94
Trd, 8638442.582, 60
Trd, 8638442.732, 139
Trd, 8638443.282, 95
Trd, 8638443.582, 138
Trd, 8638444.132, 134
Trd, 8638444.982, 76
Trd, 8638445.432, 136
Trd, 8638446.382, 140
Trd, 8638446.482, 140
Trd, 8638447.532, 140
Trd, 8638447.932, 139
Trd, 8638448.782, 91
Trd, 8638449.282, 110
Trd, 8638451.532, 140
Trd, 8638452.732, 140
Trd, 8638453.382, 140
Trd, 8638454.482, 140
Trd, 8638455.382, 140
Trd, 8638455.482, 140
Trd, 8638455.532, 140
Trd, 8638455.782, 139
Trd, 8638456.782, 136
Trd, 8638457.582, 140
Trd, 8638458.032, 139
Trd, 8638458.432, 139
Trd, 8638459.332, 140
Trd, 8638459.832, 140
Trd, 8638462.132, 140
Trd, 8638463.082, 140
Trd, 8638463.182, 140
Trd, 8638463.532, 139
Trd, 8638464.382, 140
Trd, 8638465.382, 139
Trd, 8638465.682, 140
Trd, 8638466.132, 140
Trd, 8638466.282, 95
Trd, 8638467.332, 140
Trd, 8638467.882, 140
Trd, 8638468.882, 139
Trd, 8638469.632, 138
Trd, 8638469.782, 136
Trd, 8638470.832, 140
Trd, 8638470.932, 78
Trd, 8638472.032, 140
Trd, 8638472.532, 104
Trd, 8638472.582, 138
Trd, 8638474.032, 140
Trd, 8638474.832, 140
Trd, 8638474.982, 140
Trd, 8638475.282, 139
Trd, 8638476.182, 140
Trd, 8638477.732, 140
Trd, 8638478.082, 140
Trd, 8638479.832, 140
Trd, 8638480.232, 140
Trd, 8638480.582, 140
Trd, 8638480.982, 139
Trd, 8638481.532, 138
Trd, 8638481.732, 105
Trd, 8638483.032, 64
Trd, 8638483.732, 136
Trd, 8638484.232, 96
Trd, 8638484.582, 84
Trd, 8638485.682, 140
Trd, 8638486.382, 140
Trd, 8638486.432, 140
Trd, 8638487.332, 140
Trd, 8638488.332, 108
Trd, 8638489.032, 60
Trd, 8638489.932, 61
Trd, 8638489.982, 61
Trd, 8638490.532, 62
Trd, 8638491.182, 60
Trd, 8638491.382, 99
Trd, 8638492.682, 72
Trd, 8638493.532, 139
Trd, 8638493.682, 138
Trd, 8638494.582, 140
Trd, 8638494.932, 140
Trd, 8638494.982, 139
Trd, 8638495.132, 136
Trd, 8638497.332, 140
Trd, 8638497.382, 134
Trd, 8638498.832, 140
Trd, 8638499.382, 139
Trd, 8638499.432, 125
Trd, 8638500.632, 67
Trd, 8638501.982, 140
Trd, 8638502.082, 140
Trd, 8638502.482, 140
Trd, 8638502.632, 140
Trd, 8638504.682, 140
Trd, 8638504.982, 140
Trd, 8638506.032, 140
Trd, 8638506.282, 140
Trd, 8638506.932, 140
Trd, 8638507.782, 139
Trd, 8638508.432, 139
Trd, 8638508.832, 139
Trd, 8638509.182, 130
Trd, 8638510.582, 140
Trd, 8638510.882, 140
Trd, 8638511.082, 140
Trd, 8638511.432, 71
Trd, 8638511.482, 117
Trd, 8638511.932, 61
Trd, 8638513.182, 139
Trd, 8638513.582, 140
Trd, 8638513.832, 138
Trd, 8638515.032, 139
Trd, 8638515.132, 137
Trd, 8638515.382, 140
Trd, 8638515.482, 68
Trd, 8638516.732, 140
Trd, 8638516.982, 139
Trd, 8638517.782, 139
Trd, 8638518.832, 140
Trd, 8638518.982, 138
Trd, 8638520.382, 140
Trd, 8638521.282, 140
Trd, 8638521.782, 139
Trd, 8638523.232, 140
Trd, 8638523.282, 140
Trd, 8638523.532, 139
Trd, 8638523.932, 98
Trd, 8638524.232, 140
Trd, 8638524.782, 92
Trd, 8638526.082, 62
Trd, 8638526.332, 62
Trd, 8638527.082, 73
Trd, 8638527.282, 135
Trd, 8638527.782, 111
Trd, 8638528.682, 78
Trd, 8638530.432, 64
Trd, 8638530.882, 84
Trd, 8638531.132, 86
Trd, 8638532.932, 61
Trd, 8638533.132, 61
Trd, 8638533.332, 74
Trd, 8638533.882, 75
Trd, 8638534.582, 64
Trd, 8638535.032, 76
Trd, 8638536.132, 63
Trd, 8638536.632, 107
Trd, 8638537.132, 61
Trd, 8638537.932, 140
Trd, 8638538.232, 140
Trd, 8638539.432, 140
Trd, 8638539.882, 140
Trd, 8638540.182, 139
Trd, 8638540.282, 140
Trd, 8638540.782, 126
Trd, 8638541.082, 100
Trd, 8638541.782, 137
Trd, 8638542.932, 140
Trd, 8638543.282, 140
Trd, 8638543.632, 140
Trd, 8638544.032, 140
Trd, 8638544.732, 140
Trd, 8638546.232, 140
Trd, 8638548.382, 140
Trd, 8638548.432, 140
Trd, 8638549.032, 140
Trd, 8638549.182, 140
Trd, 8638549.982, 140
Trd, 8638550.432, 140
Trd, 8638550.532, 140
Trd, 8638550.732, 140
Trd, 8638552.132, 140
Trd, 8638552.382, 139
Trd, 8638552.932, 138
Trd, 8638553.832, 140
Trd, 8638554.032, 140
Trd, 8638555.032, 140
Trd, 8638555.132, 139
Trd, 8638556.032, 139
Trd, 8638556.882, 140
Trd, 8638557.132, 140
Trd, 8638557.832, 63
Trd, 8638559.032, 138
Trd, 8638560.182, 140
Trd, 8638560.382, 137
Trd, 8638560.882, 116
Trd, 8638561.082, 115
Trd, 8638561.782, 138
Trd, 8638562.282, 139
Trd, 8638562.882, 66
Trd, 8638563.282, 60
Trd, 8638564.782, 140
Trd, 8638564.932, 140
Trd, 8638565.232, 140
Trd, 8638565.932, 126
Trd, 8638566.432, 140
Trd, 8638566.932, 140
Trd, 8638567.232, 140
Trd, 8638568.182, 140
Trd, 8638568.782, 140
Trd, 8638568.882, 68
Trd, 8638569.282, 138
Trd, 8638570.332, 84
Trd, 8638571.382, 140
Trd, 8638572.132, 139
Trd, 8638572.932, 140
Trd, 8638573.632, 140
Trd, 8638573.832, 140
Trd, 8638574.032, 140
Trd, 8638574.632, 137
Trd, 8638575.732, 139
Trd, 8638575.782, 138
Trd, 8638578.682, 140
Trd, 8638578.932, 140
Trd, 8638579.232, 140
Trd, 8638579.332, 139
Trd, 8638579.882, 120
Trd, 8638580.082, 113
Trd, 8638580.382, 137
Trd, 8638580.832, 103
Trd, 8638582.182, 140
Trd, 8638582.682, 140
Trd, 8638583.432, 140
Trd, 8638583.632, 140
Trd, 8638583.982, 135
Trd, 8638584.682, 63
Trd, 8638585.632, 62
Trd, 8638586.032, 140
Trd, 8638586.482, 139
Trd, 8638587.532, 140
Trd, 8638587.682, 140
Trd, 8638587.882, 140
Trd, 8638588.632, 138
Trd, 8638589.482, 140
Trd, 8638590.582, 140
Trd, 8638591.082, 140
Trd, 8638591.582, 140
Trd, 8638591.882, 140
Trd, 8638592.082, 139
Trd, 8638594.782, 140
Trd, 8638595.582, 139
Trd, 8638595.982, 139
Trd, 8638596.132, 139
Trd, 8638596.482, 121
Trd, 8638597.132, 140
Trd, 8638597.582, 140
Trd, 8638597.732, 138
Trd, 8638598.032, 98
Trd, 8638598.332, 140
Trd, 8638599.282, 140
Trd, 8638599.732, 139
Trd, 8638601.132, 140
Trd, 8638601.332, 140
Trd, 8638602.532, 140
Trd, 8638602.632, 140
Trd, 8638603.732, 140
Trd, 8638603.782, 140
Trd, 8638605.982, 140
Trd, 8638606.382, 140
Trd, 8638606.882, 140
Trd, 8638607.732, 140
Trd, 8638607.832, 140
Trd, 8638608.282, 140
Trd, 8638608.482, 140
Trd, 8638608.782, 137
Trd, 8638609.832, 140
Trd, 8638611.232, 140
Trd, 8638611.282, 139
Trd, 8638612.282, 140
Trd, 8638612.432, 140
Trd, 8638612.882, 139
Trd, 8638613.082, 138
Trd, 8638614.232, 140
Trd, 8638614.832, 139
Trd, 8638615.532, 140
Trd, 8638615.632, 140
Trd, 8638616.382, 140
Trd, 8638616.582, 138
Trd, 8638617.482, 61
Trd, 8638618.032, 137
Trd, 8638619.232, 140
Trd, 8638619.682, 140
Trd, 8638620.082, 140
Trd, 8638621.482, 140
Trd, 8638621.782, 140
Trd, 8638621.982, 139
Trd, 8638622.432, 140
Trd, 8638622.632, 138
Trd, 8638622.882, 140
Trd, 8638624.182, 135
Trd, 8638624.282, 140
Trd, 8638624.632, 138
Trd, 8638627.432, 140
Trd, 8638627.482, 140
Trd, 8638627.632, 139
Trd, 8638627.782, 139
Trd, 8638628.132, 138
Trd, 8638628.582, 140
Trd, 8638629.182, 140
Trd, 8638629.932, 95
Trd, 8638630.882, 135
Trd, 8638630.982, 140
Trd, 8638631.682, 76
Trd, 8638631.882, 99
Trd, 8638632.632, 63
Trd, 8638632.782, 105
Trd, 8638633.782, 120
Trd, 8638634.332, 139
Trd, 8638634.782, 65
Trd, 8638636.432, 60
Trd, 8638636.532, 62
Trd, 8638637.432, 60
Trd, 8638637.732, 71
Trd, 8638638.082, 61
Trd, 8638638.182, 82
Trd, 8638640.132, 140
Trd, 8638640.232, 140
Trd, 8638640.532, 139
Trd, 8638641.232, 139
Trd, 8638641.932, 140
Trd, 8638642.282, 137
Trd, 8638644.132, 139
Trd, 8638645.082, 140
Trd, 8638645.532, 139
Trd, 8638645.732, 137
Trd, 8638646.032, 126
Trd, 8638646.382, 77
Trd, 8638646.582, 111
Trd, 8638647.282, 61
Trd, 8638648.632, 63
Trd, 8638648.682, 64
Trd, 8638648.932, 80
Trd, 8638649.432, 111
Trd, 8638649.682, 93
Trd, 8638650.432, 103
Trd, 8638651.032, 135
Trd, 8638652.332, 64
Trd, 8638652.532, 127
Trd, 8638653.232, 140
Trd, 8638653.282, 139
Trd, 8638653.582, 140
Trd, 8638654.582, 140
Trd, 8638654.682, 140
Trd, 8638655.432, 139
Trd, 8638655.832, 136
Trd, 8638657.132, 140
Trd, 8638657.282, 139
Trd, 8638657.832, 137
Trd, 8638658.182, 140
Trd, 8638659.882, 60
Trd, 8638659.932, 62
Trd, 8638660.532, 60
Trd, 8638661.082, 64
Trd, 8638661.882, 70
Trd, 8638662.682, 137
Trd, 8638663.282, 140
Trd, 8638663.832, 140
Trd, 8638664.182, 140
Trd, 8638665.182, 65
Trd, 8638666.732, 140
Trd, 8638666.782, 140
Trd, 8638666.982, 140
Trd, 8638667.382, 139
Trd, 8638667.482, 112
Trd, 8638668.832, 140
Trd, 8638669.182, 139
Trd, 8638670.032, 140
Trd, 8638670.832, 140
Trd, 8638670.932, 140
Trd, 8638671.682, 139
Trd, 8638672.482, 140
Trd, 8638672.982, 140
Trd, 8638673.082, 140
Trd, 8638673.582, 137
Trd, 8638674.032, 138
Trd, 8638674.632, 140
Trd, 8638675.582, 138
Trd, 8638676.282, 140
Trd, 8638677.032, 139
Trd, 8638677.482, 140
Trd, 8638677.732, 140
Trd, 8638678.282, 140
Trd, 8638679.782, 140
Trd, 8638680.332, 140
Trd, 8638680.582, 139
Trd, 8638681.182, 137
Trd, 8638681.382, 139
Trd, 8638681.482, 60
Trd, 8638681.782, 140
Trd, 8638681.932, 87
Trd, 8638682.282, 90
Trd, 8638683.932, 140
Trd, 8638683.982, 137
Trd, 8638684.682, 67
Trd, 8638685.732, 140
Trd, 8638686.682, 140
Trd, 8638686.732, 138
Trd, 8638686.882, 137
Trd, 8638689.782, 140
Trd, 8638689.932, 140
Trd, 8638690.032, 139
Trd, 8638690.582, 140
Trd, 8638690.882, 140
Trd, 8638691.232, 135
Trd, 8638691.732, 66
Trd, 8638692.782, 140
Trd, 8638693.982, 70
Trd, 8638694.982, 140
Trd, 8638696.332, 140
Trd, 8638696.382, 140
Trd, 8638696.882, 140
Trd, 8638697.032, 137
Trd, 8638697.632, 140
Trd, 8638697.682, 62
Trd, 8638698.582, 75
Trd, 8638698.982, 60
Trd, 8638699.632, 72
Trd, 8638700.482, 77
Trd, 8638702.232, 139
Trd, 8638703.232, 138
Trd, 8638703.432, 138
Trd, 8638703.982, 140
Trd, 8638704.582, 139
Trd, 8638705.282, 139
Trd, 8638705.832, 122
Trd, 8638706.032, 74
Trd, 8638707.032, 68
Trd, 8638707.732, 63
Trd, 8638708.182, 140
Trd, 8638708.382, 87
Trd, 8638708.582, 140
Trd, 8638709.432, 140
Trd, 8638710.382, 140
Trd, 8638711.032, 140
Trd, 8638712.132, 140
Trd, 8638712.332, 140
Trd, 8638713.182, 139
Trd, 8638713.432, 139
Trd, 8638714.032, 140
Trd, 8638714.282, 139
Trd, 8638714.932, 139
Trd, 8638715.082, 137
Trd, 8638716.132, 140
Trd, 8638716.182, 140
Trd, 8638716.382, 139
Trd, 8638717.532, 140
Trd, 8638718.432, 134
Trd, 8638718.982, 139
Trd, 8638719.582, 137
Trd, 8638719.832, 102
Trd, 8638721.782, 139
Trd, 8638723.282, 140
Trd, 8638723.932, 140
Trd, 8638723.982, 140
Trd, 8638725.482, 140
Trd, 8638725.532, 140
Trd, 8638725.732, 140
Trd, 8638725.832, 139
Trd, 8638727.532, 140
Trd, 8638727.832, 139
Trd, 8638728.832, 136
Trd, 8638729.182, 131
Trd, 8638729.732, 139
Trd, 8638730.282, 105
Trd, 8638730.632, 76
Trd, 8638731.882, 112
Trd, 8638732.132, 101
Trd, 8638733.082, 140
Trd, 8638733.882, 140
Trd, 8638734.082, 140
Trd, 8638734.232, 140
Trd, 8638734.832, 137
Trd, 8638735.032, 139
Trd, 8638736.632, 140
Trd, 8638737.582, 138
Trd, 8638738.382, 140
Trd, 8638738.482, 86
Trd, 8638739.582, 140
Trd, 8638739.932, 139
Trd, 8638740.832, 139
Trd, 8638741.082, 139
Trd, 8638741.582, 63
Trd, 8638742.082, 140
Trd, 8638743.182, 124
Trd, 8638744.482, 140
Trd, 8638744.782, 136
Trd, 8638745.782, 139
Trd, 8638745.932, 105
Trd, 8638746.032, 140
Trd, 8638746.782, 140
Trd, 8638747.132, 140
Trd, 8638747.682, 139
Trd, 8638748.732, 140
Trd, 8638749.132, 140
Trd, 8638749.482, 140
Trd, 8638749.632, 140
Trd, 8638752.782, 140
Trd, 8638753.232, 140
Trd, 8638753.282, 140
Trd, 8638754.482, 140
Trd, 8638754.682, 140
Trd, 8638755.132, 140
Trd, 8638755.932, 140
Trd, 8638756.132, 136
Trd, 8638756.782, 134
Trd, 8638757.432, 140
Trd, 8638758.132, 138
Trd, 8638758.932, 137
Trd, 8638759.082, 127
Trd, 8638759.382, 140
Trd, 8638759.532, 139
Trd, 8638760.732, 60
Trd, 8638761.382, 140
Trd, 8638762.082, 140
Trd, 8638763.582, 140
Trd, 8638764.032, 140
Trd, 8638764.232, 139
Trd, 8638764.582, 140
Trd, 8638764.732, 140
Trd, 8638765.782, 140
Trd, 8638766.432, 140
Trd, 8638768.382, 140
Trd, 8638768.432, 140
Trd, 8638768.532, 140
Trd, 8638768.632, 140
Trd, 8638769.782, 140
Trd, 8638769.982, 140
Trd, 8638771.082, 114
Trd, 8638771.782, 67
Trd, 8638772.632, 65
Trd, 8638774.082, 140
Trd, 8638775.032, 140
Trd, 8638775.232, 138
Trd, 8638775.832, 140
Trd, 8638775.932, 140
Trd, 8638776.582, 140
Trd, 8638776.882, 111
Trd, 8638776.982, 110
Trd, 8638777.532, 140
Trd, 8638778.532, 140
Trd, 8638778.882, 139
Trd, 8638779.682, 78
Trd, 8638779.732, 97
Trd, 8638780.732, 140
Trd, 8638781.682, 139
Trd, 8638782.232, 140
Trd, 8638782.582, 135
Trd, 8638783.432, 140
Trd, 8638783.832, 140
Trd, 8638784.482, 140
Trd, 8638784.632, 139
Trd, 8638784.782, 139
Trd, 8638785.332, 137
Trd, 8638786.432, 140
Trd, 8638786.532, 140
Trd, 8638786.982, 135
Trd, 8638788.582, 140
Trd, 8638788.732, 140
Trd, 8638788.932, 140
Trd, 8638789.132, 122
Trd, 8638790.182, 140
Trd, 8638790.582, 140
Trd, 8638791.682, 138
Trd, 8638792.932, 139
Trd, 8638793.632, 138
Trd, 8638793.832, 140
Trd, 8638793.932, 137
Trd, 8638795.182, 140
Trd, 8638796.082, 140
Trd, 8638797.032, 140
Trd, 8638797.582, 140
Trd, 8638797.982, 137
Trd, 8638798.682, 139
Trd, 8638799.432, 140
Trd, 8638799.582, 140
Trd, 8638800.232, 140
Trd, 8638800.432, 139
Trd, 8638801.482, 140
Trd, 8638802.282, 136
Trd, 8638802.382, 80
Trd, 8638803.132, 139
Trd, 8638803.682, 139
Trd, 8638804.182, 140
Trd, 8638804.432, 140
Trd, 8638805.582, 138
Trd, 8638805.732, 137
Trd, 8638806.732, 136
Trd, 8638807.382, 137
Trd, 8638807.732, 140
Trd, 8638808.482, 121
Trd, 8638809.282, 137
Trd, 8638809.582, 139
Trd, 8638810.582, 140
Trd, 8638812.532, 140
Trd, 8638813.332, 140
Trd, 8638813.932, 140
Trd, 8638814.082, 140
Trd, 8638814.682, 140
Trd, 8638814.832, 135
Trd, 8638815.532, 140
Trd, 8638816.932, 140
Trd, 8638817.282, 140
Trd, 8638817.632, 139
Trd, 8638819.132, 140
Trd, 8638819.232, 140
Trd, 8638819.532, 140
Trd, 8638819.982, 140
Trd, 8638820.932, 140
Trd, 8638821.432, 140
Trd, 8638822.082, 139
Trd, 8638822.432, 140
Trd, 8638823.332, 140
Trd, 8638823.882, 140
Trd, 8638824.282, 140
Trd, 8638825.082, 140
Trd, 8638825.232, 140
Trd, 8638826.582, 139
Trd, 8638826.632, 138
Trd, 8638828.082, 139
Trd, 8638828.732, 96
Trd, 8638829.482, 138
Trd, 8638829.832, 132
Trd, 8638830.132, 130
Trd, 8638830.682, 73
Trd, 8638831.232, 140
Trd, 8638832.232, 138
Trd, 8638832.632, 138
Trd, 8638832.882, 138
Trd, 8638833.332, 140
Trd, 8638834.932, 140
Trd, 8638835.032, 138
Trd, 8638835.132, 130
Trd, 8638836.382, 140
Trd, 8638837.532, 140
Trd, 8638838.432, 140
Trd, 8638839.632, 140
Trd, 8638840.232, 140
Trd, 8638840.332, 140
Trd, 8638840.532, 139
Trd, 8638840.882, 138
Trd, 8638840.932, 136
Trd, 8638842.682, 140
Trd, 8638843.132, 140
Trd, 8638843.432, 139
Trd, 8638843.532, 136
Trd, 8638844.932, 140
Trd, 8638845.632, 139
Trd, 8638846.632, 140
Trd, 8638847.232, 140
Trd, 8638847.482, 140
Trd, 8638847.582, 137
Trd, 8638848.432, 140
Trd, 8638848.482, 140
Trd, 8638849.432, 137
Trd, 8638849.732, 60
Trd, 8638850.132, 101
Trd, 8638850.332, 140
Trd, 8638850.832, 100
Trd, 8638851.082, 98
Trd, 8638852.532, 139
Trd, 8638853.282, 139
Trd, 8638853.382, 137
Trd, 8638854.532, 137
Trd, 8638854.882, 112
Trd, 8638854.982, 140
Trd, 8638855.532, 136
Trd, 8638856.782, 140
Trd, 8638857.032, 140
Trd, 8638857.632, 140
Trd, 8638859.982, 140
Trd, 8638860.332, 140
Trd, 8638860.582, 140
Trd, 8638861.132, 139
Trd, 8638861.782, 140
Trd, 8638862.832, 140
Trd, 8638863.032, 140
Trd, 8638863.382, 140
Trd, 8638863.882, 139
Trd, 8638864.282, 138
Trd, 8638864.582, 130
Trd, 8638865.832, 139
Trd, 8638866.232, 60
Trd, 8638867.632, 139
Trd, 8638869.332, 140
Trd, 8638869.482, 138
Trd, 8638870.532, 140
Trd, 8638871.082, 140
Trd, 8638871.282, 139
Trd, 8638871.382, 139
Trd, 8638872.932, 140
Trd, 8638873.232, 140
Trd, 8638874.182, 140
Trd, 8638874.382, 139
Trd, 8638874.682, 139
Trd, 8638874.732, 121
Trd, 8638876.632, 140
Trd, 8638876.882, 140
Trd, 8638877.532, 67
Trd, 8638877.882, 63
Trd, 8638878.782, 140
Trd, 8638878.882, 138
Trd, 8638879.332, 124
Trd, 8638879.482, 140
Trd, 8638880.182, 140
Trd, 8638881.482, 65
Trd, 8638881.632, 140
Trd, 8638881.882, 139
Trd, 8638883.132, 140
Trd, 8638884.182, 140
Trd, 8638884.782, 140
Trd, 8638884.832, 140
Trd, 8638885.132, 139
Trd, 8638885.332, 131
Trd, 8638886.582, 140
Trd, 8638887.232, 139
Trd, 8638887.982, 140
Trd, 8638888.182, 140
Trd, 8638890.682, 140
Trd, 8638890.882, 140
Trd, 8638892.182, 140
Trd, 8638892.732, 140
Trd, 8638892.932, 140
Trd, 8638893.182, 140
Trd, 8638894.032, 140
Trd, 8638895.832, 140
Trd, 8638895.882, 140
Trd, 8638896.382, 140
Trd, 8638896.932, 140
Trd, 8638897.082, 139
Trd, 8638897.982, 140
Trd, 8638898.332, 140
Trd, 8638898.832, 139
Trd, 8638899.132, 138
Trd, 8638899.332, 138
Trd, 8638900.932, 140
Trd, 8638900.982, 106
Trd, 8638901.532, 139
Trd, 8638902.682, 140
Trd, 8638903.382, 140
Trd, 8638903.482, 140
Trd, 8638904.932, 60
Trd, 8638905.082, 68
Trd, 8638906.232, 139
Trd, 8638906.332, 138
Trd, 8638906.982, 139
Trd, 8638907.582, 140
Trd, 8638908.782, 140
Trd, 8638909.082, 135
Trd, 8638910.182, 140
Trd, 8638910.232, 137
Trd, 8638910.332, 101
Trd, 8638911.832, 140
Trd, 8638911.932, 140
Trd, 8638911.982, 139
Trd, 8638912.632, 64
Trd, 8638913.032, 140
Trd, 8638914.382, 139
Trd, 8638914.932, 103
Trd, 8638915.532, 140
Trd, 8638915.632, 128
Trd, 8638916.982, 69
Trd, 8638918.182, 83
Trd, 8638918.732, 69
Trd, 8638919.182, 61
Trd, 8638919.282, 124
Trd, 8638920.232, 140
Trd, 8638921.282, 140
Trd, 8638922.282, 140
Trd, 8638922.382, 138
Trd, 8638922.682, 138
Trd, 8638922.882, 139
Trd, 8638923.382, 88
Trd, 8638924.332, 126
Trd, 8638925.782, 140
Trd, 8638926.482, 140
Trd, 8638926.782, 139
Trd, 8638926.982, 139
Trd, 8638928.432, 140
Trd, 8638928.582, 140
Trd, 8638929.332, 140
Trd, 8638929.432, 137
Trd, 8638929.582, 136
Trd, 8638930.482, 139
Trd, 8638931.032, 140
Trd, 8638931.982, 139
Trd, 8638933.382, 140
Trd, 8638934.232, 140
Trd, 8638934.382, 140
Trd, 8638934.632, 140
Trd, 8638935.532, 139
Trd, 8638935.782, 139
Trd, 8638935.882, 138
Trd, 8638936.432, 127
Trd, 8638936.732, 91
Trd, 8638937.232, 62
Trd, 8638937.382, 138
Trd, 8638938.982, 138
Trd, 8638939.132, 137
Trd, 8638940.332, 139
Trd, 8638940.432, 76
Trd, 8638940.582, 63
Trd, 8638941.832, 139
Trd, 8638942.432, 140
Trd, 8638942.982, 140
Trd, 8638943.882, 140
Trd, 8638944.032, 139
Trd, 8638944.532, 140
Trd, 8638946.032, 140
Trd, 8638946.082, 140
Trd, 8638946.132, 139
Trd, 8638946.382, 139
Trd, 8638946.732, 139
Trd, 8638948.332, 140
Trd, 8638949.182, 140
Trd, 8638949.482, 140
Trd, 8638950.332, 140
Trd, 8638950.432, 138
Trd, 8638951.632, 140
Trd, 8638951.782, 72
Trd, 8638951.882, 139
Trd, 8638952.382, 140
Trd, 8638953.032, 105
Trd, 8638953.632, 60
Trd, 8638954.482, 138
Trd, 8638955.082, 106
Trd, 8638955.132, 105
Trd, 8638956.232, 140
Trd, 8638957.232, 136
Trd, 8638957.532, 136
Trd, 8638957.982, 99
Trd, 8638959.582, 140
Trd, 8638959.732, 140
Trd, 8638960.082, 140
Trd, 8638960.132, 140
Trd, 8638960.232, 140
Trd, 8638960.632, 138
Trd, 8638962.582, 140
Trd, 8638962.632, 140
Trd, 8638962.882, 138
Trd, 8638963.682, 140
Trd, 8638964.982, 139
Trd, 8638965.982, 140
Trd, 8638966.182, 140
Trd, 8638966.382, 140
Trd, 8638966.882, 140
Trd, 8638967.032, 140
Trd, 8638968.382, 66
Trd, 8638968.882, 61
Trd, 8638969.782, 60
Trd, 8638970.532, 60
Trd, 8638970.632, 68
Trd, 8638971.382, 61
Trd, 8638971.582, 69
Trd, 8638972.782, 82
Trd, 8638973.432, 60
Trd, 8638973.532, 97
Trd, 8638974.232, 63
Trd, 8638975.282, 140
Trd, 8638975.632, 65
Trd, 8638976.132, 139
Trd, 8638976.782, 73
Trd, 8638977.332, 140
Trd, 8638977.582, 139
Trd, 8638978.132, 140
Trd, 8638978.932, 71
Trd, 8638979.232, 83
Trd, 8638979.932, 140
Trd, 8638980.732, 140
Trd, 8638981.432, 140
Trd, 8638982.132, 140
Trd, 8638982.632, 139
Trd, 8638983.182, 140
Trd, 8638983.832, 140
Trd, 8638984.032, 139
Trd, 8638984.632, 140
Trd, 8638985.232, 139
Trd, 8638985.782, 139
Trd, 8638986.082, 109
Trd, 8638987.782, 74
Trd, 8638988.182, 62
Trd, 8638988.832, 63
Trd, 8638988.882, 122
Trd, 8638989.382, 61
Trd, 8638990.082, 67
Trd, 8638990.582, 63
Trd, 8638991.032, 135
Trd, 8638992.282, 62
Trd, 8638993.332, 139
Trd, 8638993.382, 139
Trd, 8638993.782, 140
Trd, 8638994.432, 109
Trd, 8638995.682, 140
Trd, 8638995.982, 140
Trd, 8638996.582, 140
Trd, 8638997.132, 75
Trd, 8638997.682, 121
Trd, 8638998.832, 138
Trd, 8638999.632, 105
Trd, 8639001.732, 62
Trd, 8639001.882, 65
Trd, 8639002.032, 60
Trd, 8639002.332, 138
Trd, 8639002.932, 140
Trd, 8639004.332, 140
Trd, 8639004.532, 139
Trd, 8639005.082, 139
Trd, 8639005.232, 138
Trd, 8639005.732, 85
Trd, 8639007.382, 140
Trd, 8639007.632, 140
Trd, 8639009.532, 140
Trd, 8639009.582, 140
Trd, 8639010.232, 140
Trd, 8639010.332, 139
Trd, 8639010.782, 70
Trd, 8639011.682, 136
Trd, 8639011.882, 140
Trd, 8639012.432, 140
Trd, 8639013.282, 140
Trd, 8639013.882, 138
Trd, 8639015.532, 140
Trd, 8639015.682, 140
Trd, 8639015.832, 140
Trd, 8639017.182, 139
Trd, 8639017.432, 139
Trd, 8639018.432, 140
Trd, 8639018.932, 140
Trd, 8639020.782, 140
Trd, 8639021.032, 139
Trd, 8639021.382, 139
Trd, 8639021.632, 139
Trd, 8639021.682, 138
Trd, 8639022.732, 136
Trd, 8639024.232, 140
Trd, 8639024.682, 139
Trd, 8639025.182, 139
Trd, 8639026.132, 140
Trd, 8639026.582, 140
Trd, 8639027.732, 140
Trd, 8639027.932, 140
Trd, 8639028.032, 138
Trd, 8639029.082, 139
Trd, 8639029.532, 139
Trd, 8639030.282, 134
Trd, 8639030.932, 139
Trd, 8639031.332, 140
Trd, 8639032.432, 139
Trd, 8639032.632, 60
Trd, 8639034.182, 64
Trd, 8639034.432, 67
Trd, 8639034.732, 117
Trd, 8639035.682, 140
Trd, 8639035.982, 139
Trd, 8639036.232, 140
Trd, 8639037.082, 140
Trd, 8639038.782, 140
Trd, 8639039.332, 139
Trd, 8639039.382, 139
Trd, 8639040.232, 140
Trd, 8639040.382, 140
Trd, 8639040.432, 138
Trd, 8639040.632, 85
Trd, 8639041.532, 138
Trd, 8639042.582, 78
Trd, 8639043.082, 65
Trd, 8639044.382, 140
Trd, 8639045.282, 140
Trd, 8639045.682, 140
Trd, 8639045.882, 140
Trd, 8639047.932, 140
Trd, 8639048.182, 140
Trd, 8639048.582, 138
Trd, 8639048.732, 134
Trd, 8639050.782, 139
Trd, 8639050.832, 139
Trd, 8639051.182, 140
Trd, 8639051.232, 138
Trd, 8639051.732, 139
Trd, 8639051.832, 71
Trd, 8639052.882, 140
Trd, 8639053.782, 140
Trd, 8639055.482, 140
Trd, 8639055.632, 140
Trd, 8639055.882, 140
Trd, 8639056.482, 140
Trd, 8639056.932, 140
Trd, 8639057.682, 140
Trd, 8639058.132, 140
Trd, 8639058.582, 140
Trd, 8639058.732, 139
Trd, 8639059.032, 140
Trd, 8639059.732, 133
Trd, 8639060.282, 140
Trd, 8639060.982, 140
Trd, 8639061.082, 139
Trd, 8639063.032, 140
Trd, 8639063.532, 140
Trd, 8639064.582, 139
Trd, 8639065.582, 140
Trd, 8639066.182, 139
Trd, 8639066.932, 140
Trd, 8639067.332, 139
Trd, 8639067.832, 140
Trd, 8639068.082, 140
Trd, 8639068.332, 139
Trd, 8639070.182, 139
Trd, 8639070.482, 74
Trd, 8639070.632, 60
Trd, 8639070.832, 86
Trd, 8639072.082, 140
Trd, 8639073.232, 140
Trd, 8639073.582, 140
Trd, 8639074.482, 140
Trd, 8639075.682, 139
Trd, 8639076.082, 139
Trd, 8639076.882, 140
Trd, 8639077.332, 140
Trd, 8639077.832, 140
Trd, 8639078.182, 138
Trd, 8639078.482, 138
Trd, 8639079.782, 64
Trd, 8639080.232, 140
Trd, 8639080.882, 139
Trd, 8639081.382, 140
Trd, 8639081.732, 139
Trd, 8639082.182, 140
Trd, 8639082.682, 140
Trd, 8639084.382, 140
Trd, 8639084.432, 139
Trd, 8639084.882, 140
Trd, 8639085.432, 130
Trd, 8639085.832, 63
Trd, 8639086.582, 139
Trd, 8639087.632, 61
Trd, 8639087.782, 92
Trd, 8639088.582, 139
Trd, 8639089.032, 140
Trd, 8639089.382, 79
Trd, 8639089.782, 140
Trd, 8639090.382, 140
Trd, 8639091.132, 140
Trd, 8639091.332, 140
Trd, 8639091.482, 139
Trd, 8639091.982, 140
Trd, 8639092.532, 140
Trd, 8639094.932, 140
Trd, 8639095.332, 140
Trd, 8639095.632, 140
Trd, 8639095.682, 140
Trd, 8639096.232, 139
Trd, 8639096.732, 139
Trd, 8639096.982, 103
Trd, 8639098.082, 138
Trd, 8639098.532, 140
Trd, 8639098.982, 138
Trd, 8639099.832, 140
Trd, 8639100.032, 139
Trd, 8639100.732, 140
Trd, 8639101.232, 140
Trd, 8639102.132, 139
Trd, 8639102.382, 140
Trd, 8639103.382, 140
Trd, 8639103.882, 111
Trd, 8639104.382, 65
Trd, 8639104.582, 140
Trd, 8639105.432, 137
Trd, 8639106.382, 83
Trd, 8639106.582, 134
Trd, 8639107.032, 139
Trd, 8639107.532, 136
Trd, 8639108.932, 140
Trd, 8639109.732, 140
Trd, 8639110.082, 140
Trd, 8639110.532, 140
Trd, 8639111.382, 139
Trd, 8639113.282, 140
Trd, 8639113.332, 140
Trd, 8639113.682, 140
Trd, 8639114.232, 140
Trd, 8639114.632, 140
Trd, 8639115.882, 138
Trd, 8639116.382, 139
Trd, 8639116.982, 140
Trd, 8639117.582, 140
Trd, 8639118.432, 140
Trd, 8639119.232, 139
Trd, 8639119.282, 138
Trd, 8639119.382, 134
Trd, 8639122.582, 140
Trd, 8639123.082, 138
Trd, 8639123.482, 140
Trd, 8639123.732, 139
Trd, 8639123.832, 126
Trd, 8639123.982, 125
Trd, 8639125.282, 140
Trd, 8639125.932, 140
Trd, 8639126.082, 139
Trd, 8639126.632, 139
Trd, 8639127.782, 140
Trd, 8639127.932, 140
Trd, 8639128.132, 138
Trd, 8639129.332, 136
Trd, 8639129.682, 61
Trd, 8639129.882, 136
Trd, 8639130.532, 65
Trd, 8639130.932, 83
Trd, 8639132.032, 110
Trd, 8639132.732, 140
Trd, 8639132.882, 139
Trd, 8639133.082, 140
Trd, 8639133.282, 140
Trd, 8639134.032, 60
Trd, 8639134.332, 62
Trd, 8639135.482, 139
Trd, 8639135.682, 60
Trd, 8639136.732, 132
Trd, 8639136.932, 139
Trd, 8639137.332, 71
Trd, 8639137.732, 140
Trd, 8639138.782, 140
Trd, 8639139.032, 137
Trd, 8639139.082, 137
Trd, 8639140.732, 136
Trd, 8639140.882, 135
Trd, 8639141.932, 60
Trd, 8639142.782, 84
Trd, 8639143.232, 112
Trd, 8639144.182, 140
Trd, 8639144.982, 140
Trd, 8639145.182, 139
Trd, 8639145.582, 140
Trd, 8639146.182, 140
Trd, 8639147.332, 140
Trd, 8639148.482, 140
Trd, 8639149.332, 140
Trd, 8639149.582, 140
Trd, 8639150.582, 140
Trd, 8639151.132, 140
Trd, 8639152.032, 140
Trd, 8639152.232, 140
Trd, 8639153.632, 140
Trd, 8639153.932, 140
Trd, 8639154.132, 140
Trd, 8639154.332, 140
Trd, 8639154.682, 140
Trd, 8639155.832, 140
Trd, 8639156.182, 140
Trd, 8639156.832, 140
Trd, 8639157.482, 140
Trd, 8639158.932, 140
Trd, 8639159.232, 140
Trd, 8639159.932, 140
Trd, 8639160.132, 139
Trd, 8639160.182, 138
Trd, 8639161.732, 63
Trd, 8639162.382, 140
Trd, 8639162.532, 139
Trd, 8639163.232, 85
Trd, 8639163.632, 68
Trd, 8639164.082, 138
Trd, 8639164.232, 140
Trd, 8639164.932, 137
Trd, 8639165.132, 62
Trd, 8639165.482, 69
Trd, 8639167.532, 139
Trd, 8639168.732, 140
Trd, 8639169.732, 140
Trd, 8639169.882, 140
Trd, 8639171.432, 140
Trd, 8639171.482, 138
Trd, 8639171.632, 140
Trd, 8639171.682, 138
Trd, 8639172.282, 83
Trd, 8639172.532, 95
Trd, 8639172.782, 138
Trd, 8639174.532, 60
Trd, 8639175.982, 67
Trd, 8639176.132, 71
Trd, 8639176.182, 118
Trd, 8639176.682, 88
Trd, 8639177.982, 140
Trd, 8639178.732, 140
Trd, 8639179.182, 140
Trd, 8639179.432, 138
Trd, 8639180.082, 136
Trd, 8639180.882, 140
Trd, 8639181.932, 140
Trd, 8639182.182, 140
Trd, 8639182.682, 140
Trd, 8639183.032, 62
Trd, 8639183.782, 140
Trd, 8639184.032, 140
Trd, 8639184.132, 140
Trd, 8639185.482, 140
Trd, 8639185.882, 140
Trd, 8639186.132, 138
Trd, 8639186.982, 140
Trd, 8639187.632, 140
Trd, 8639188.332, 139
Trd, 8639188.682, 140
Trd, 8639188.932, 134
Trd, 8639188.982, 133
Trd, 8639190.632, 62
Trd, 8639191.832, 140
Trd, 8639192.632, 140
Trd, 8639193.032, 140
Trd, 8639193.482, 139
Trd, 8639194.432, 140
Trd, 8639194.582, 138
Trd, 8639195.332, 140
Trd, 8639195.632, 124
Trd, 8639196.282, 61
Trd, 8639197.832, 73
Trd, 8639197.882, 121
Trd, 8639198.582, 140
Trd, 8639199.232, 140
Trd, 8639199.482, 140
Trd, 8639199.682, 140
Trd, 8639200.932, 139
Trd, 8639201.682, 139
Trd, 8639202.732, 138
Trd, 8639202.932, 133
Trd, 8639204.232, 140
Trd, 8639204.332, 139
Trd, 8639205.782, 140
Trd, 8639206.382, 139
Trd, 8639206.882, 126
Trd, 8639207.782, 95
Trd, 8639208.932, 140
Trd, 8639208.982, 139
Trd, 8639209.382, 140
Trd, 8639210.282, 140
Trd, 8639210.332, 139
Trd, 8639210.932, 137
Trd, 8639211.832, 140
Trd, 8639212.432, 138
Trd, 8639213.482, 132
Trd, 8639213.632, 97
Trd, 8639213.832, 140
Trd, 8639214.382, 136
Trd, 8639215.982, 139
Trd, 8639216.482, 139
Trd, 8639217.082, 140
Trd, 8639217.132, 139
Trd, 8639217.432, 139
Trd, 8639218.132, 125
Trd, 8639218.382, 83
Trd, 8639220.032, 140
Trd, 8639220.132, 139
Trd, 8639221.932, 140
Trd, 8639222.432, 137
Trd, 8639222.782, 139
Trd, 8639223.182, 137
Trd, 8639223.432, 130
Trd, 8639224.982, 61
Trd, 8639225.032, 76
Trd, 8639225.682, 109
Trd, 8639226.332, 62
Trd, 8639226.432, 64
Trd, 8639226.582, 136
Trd, 8639227.282, 138
Trd, 8639227.632, 140
Trd, 8639228.682, 63
Trd, 8639229.282, 137
Trd, 8639229.732, 140
Trd, 8639231.282, 140
Trd, 8639231.632, 139
Trd, 8639233.682, 140
Trd, 8639233.782, 140
Trd, 8639233.982, 138
Trd, 8639234.382, 130
Trd, 8639235.782, 140
Trd, 8639235.882, 140
Trd, 8639236.182, 138
Trd, 8639237.232, 140
Trd, 8639237.582, 121
Trd, 8639237.932, 135
Trd, 8639239.082, 140
Trd, 8639239.282, 139
Trd, 8639239.832, 140
Trd, 8639240.982, 140
Trd, 8639241.032, 140
Trd, 8639241.632, 140
Trd, 8639242.082, 140
Trd, 8639243.132, 103
Trd, 8639243.482, 137
Trd, 8639243.682, 63
Trd, 8639244.132, 116
Trd, 8639246.332, 139
Trd, 8639247.282, 139
Trd, 8639247.882, 139
Trd, 8639247.932, 138
Trd, 8639248.032, 138
Trd, 8639249.832, 139
Trd, 8639249.932, 139
Trd, 8639250.082, 138
Trd, 8639251.732, 140
Trd, 8639252.082, 140
Trd, 8639252.832, 140
Trd, 8639253.582, 140
Trd, 8639254.432, 140
Trd, 8639254.982, 139
Trd, 8639255.282, 140
Trd, 8639255.632, 140
Trd, 8639256.182, 140
Trd, 8639256.632, 140
Trd, 8639258.732, 140
Trd, 8639259.232, 140
Trd, 8639259.832, 140
Trd, 8639260.082, 140
Trd, 8639262.032, 140
Trd, 8639262.082, 140
Trd, 8639262.982, 140
Trd, 8639263.232, 140
Trd, 8639263.682, 140
Trd, 8639263.782, 139
Trd, 8639264.482, 74
Trd, 8639264.882, 65
Trd, 8639265.032, 123
Trd, 8639266.232, 139
Trd, 8639266.882, 139
Trd, 8639267.632, 140
Trd, 8639268.182, 140
Trd, 8639268.332, 139
Trd, 8639268.532, 137
Trd, 8639268.732, 128
Trd, 8639269.332, 70
Trd, 8639269.782, 140
Trd, 8639270.282, 139
Trd, 8639270.932, 140
Trd, 8639273.082, 140
Trd, 8639273.582, 140
Trd, 8639274.682, 140
Trd, 8639274.882, 140
Trd, 8639275.382, 140
Trd, 8639275.432, 139
Trd, 8639276.532, 140
Trd, 8639276.582, 137
Trd, 8639276.782, 139
Trd, 8639277.132, 127
Trd, 8639277.682, 135
Trd, 8639278.832, 140
Trd, 8639279.032, 140
Trd, 8639279.432, 140
Trd, 8639280.132, 138
Trd, 8639280.632, 140
Trd, 8639281.582, 140
Trd, 8639282.032, 139
Trd, 8639282.382, 137
Trd, 8639282.932, 68
Trd, 8639283.232, 122
Trd, 8639283.832, 80
Trd, 8639284.032, 67
Trd, 8639284.532, 67
Trd, 8639284.782, 90
Trd, 8639287.082, 140
Trd, 8639288.132, 140
Trd, 8639288.232, 140
Trd, 8639288.632, 140
Trd, 8639289.482, 140
Trd, 8639289.582, 138
Trd, 8639289.832, 139
Trd, 8639290.282, 137
Trd, 8639291.932, 140
Trd, 8639292.332, 140
Trd, 8639292.782, 140
Trd, 8639293.282, 132
Trd, 8639293.682, 140
Trd, 8639293.782, 140
Trd, 8639294.332, 64
Trd, 8639295.132, 63
Trd, 8639295.332, 80
Trd, 8639296.282, 68
Trd, 8639296.632, 66
Trd, 8639297.032, 139
Trd, 8639297.382, 60
Trd, 8639298.332, 140
Trd, 8639299.432, 140
Trd, 8639299.532, 139
Trd, 8639302.082, 140
Trd, 8639303.582, 140
Trd, 8639303.732, 139
Trd, 8639304.332, 140
Trd, 8639304.732, 139
Trd, 8639304.982, 139
Trd, 8639305.132, 139
Trd, 8639305.682, 139
Trd, 8639305.782, 118
Trd, 8639306.682, 138
Trd, 8639308.432, 138
Trd, 8639308.732, 140
Trd, 8639308.832, 139
Trd, 8639308.882, 137
Trd, 8639309.832, 60
Trd, 8639310.232, 94
Trd, 8639311.432, 128
Trd, 8639312.932, 139
Trd, 8639313.532, 139
Trd, 8639314.382, 140
Trd, 8639314.782, 140
Trd, 8639316.282, 140
Trd, 8639316.782, 140
Trd, 8639316.982, 139
Trd, 8639317.032, 138
Trd, 8639318.332, 140
Trd, 8639319.182, 140
Trd, 8639320.032, 140
Trd, 8639320.282, 140
Trd, 8639320.332, 140
Trd, 8639320.982, 68
Trd, 8639321.682, 60
Trd, 8639322.182, 79
Trd, 8639322.282, 93
Trd, 8639323.832, 140
Trd, 8639323.982, 140
Trd, 8639324.132, 140
Trd, 8639324.832, 139
Trd, 8639325.282, 133
Trd, 8639326.632, 60
Trd, 8639327.632, 60
Trd, 8639328.332, 65
Trd, 8639328.882, 140
Trd, 8639329.382, 135
Trd, 8639330.232, 62
Trd, 8639330.332, 87
Trd, 8639331.182, 60
Trd, 8639331.482, 63
Trd, 8639332.582, 139
Trd, 8639332.982, 139
Trd, 8639333.082, 138
Trd, 8639333.232, 129
Trd, 8639334.982, 140
Trd, 8639335.932, 140
Trd, 8639336.382, 140
Trd, 8639337.132, 140
Trd, 8639337.832, 140
Trd, 8639338.532, 140
Trd, 8639339.532, 139
Trd, 8639339.782, 139
Trd, 8639340.482, 140
Trd, 8639340.732, 140
Trd, 8639342.032, 62
Trd, 8639342.232, 102
Trd, 8639342.782, 132
Trd, 8639342.882, 140
Trd, 8639343.932, 68
Trd, 8639344.282, 61
Trd, 8639345.082, 111
Trd, 8639345.582, 140
Trd, 8639345.682, 140
Trd, 8639347.082, 140
Trd, 8639348.182, 140
Trd, 8639348.732, 138
Trd, 8639349.482, 140
Trd, 8639349.532, 140
Trd, 8639349.782, 137
Trd, 8639350.932, 140
Trd, 8639352.882, 140
Trd, 8639353.632, 140
Trd, 8639354.082, 139
Trd, 8639354.782, 140
Trd, 8639355.582, 140
Trd, 8639356.732, 140
Trd, 8639356.882, 140
Trd, 8639357.882, 140
Trd, 8639357.982, 138
Trd, 8639358.732, 140
Trd, 8639359.482, 140
Trd, 8639359.532, 140
Trd, 8639359.782, 140
Trd, 8639361.882, 140
Trd, 8639361.932, 140
Trd, 8639362.882, 140
Trd, 8639364.132, 140
Trd, 8639364.432, 140
Trd, 8639364.482, 140
Trd, 8639364.882, 139
Trd, 8639365.332, 140
Trd, 8639366.482, 140
Trd, 8639366.732, 140
Trd, 8639367.182, 140
Trd, 8639367.232, 140
Trd, 8639367.682, 140
Trd, 8639368.882, 140
Trd, 8639368.982, 140
Trd, 8639369.082, 140
Trd, 8639369.632, 136
Trd, 8639370.282, 139
Trd, 8639371.732, 140
Trd, 8639372.532, 140
Trd, 8639372.582, 140
Trd, 8639373.382, 139
Trd, 8639374.082, 140
Trd, 8639374.832, 140
Trd, 8639375.532, 137
Trd, 8639376.382, 140
Trd, 8639376.882, 139
Trd, 8639377.032, 137
Trd, 8639377.232, 140
Trd, 8639377.382, 140
Trd, 8639379.432, 140
Trd, 8639379.732, 140
Trd, 8639380.532, 140
Trd, 8639381.332, 140
Trd, 8639381.632, 140
Trd, 8639382.782, 137
Trd, 8639383.282, 140
Trd, 8639384.182, 140
Trd, 8639384.282, 140
Trd, 8639386.932, 140
Trd, 8639387.232, 140
Trd, 8639388.332, 140
Trd, 8639388.482, 140
Trd, 8639388.532, 140
Trd, 8639388.582, 140
Trd, 8639389.132, 140
Trd, 8639389.632, 139
Trd, 8639390.232, 140
Trd, 8639392.632, 140
Trd, 8639392.782, 140
Trd, 8639393.432, 139
Trd, 8639393.482, 139
Trd, 8639393.532, 136
Trd, 8639395.032, 139
Trd, 8639395.182, 80
Trd, 8639395.382, 74
Trd, 8639395.632, 90
Trd, 8639395.832, 140
Trd, 8639396.632, 140
Trd, 8639397.482, 140
Trd, 8639398.232, 140
Trd, 8639398.532, 136
Trd, 8639400.032, 140
Trd, 8639400.632, 140
Trd, 8639401.232, 137
Trd, 8639401.482, 62
Trd, 8639402.232, 137
Trd, 8639402.482, 112
Trd, 8639402.932, 139
Trd, 8639403.232, 138
Trd, 8639403.832, 140
Trd, 8639403.982, 137
Trd, 8639405.282, 140
Trd, 8639405.832, 139
Trd, 8639407.332, 69
Trd, 8639407.832, 140
Trd, 8639408.182, 139
Trd, 8639408.732, 60
Trd, 8639409.582, 74
Trd, 8639410.132, 71
Trd, 8639410.782, 64
Trd, 8639411.782, 140
Trd, 8639412.182, 140
Trd, 8639412.532, 139
Trd, 8639412.632, 139
Trd, 8639413.432, 139
Trd, 8639413.582, 101
Trd, 8639413.932, 60
Trd, 8639414.982, 140
Trd, 8639415.232, 138
Trd, 8639415.782, 120
Trd, 8639416.282, 137
Trd, 8639416.532, 135
Trd, 8639417.532, 62
Trd, 8639418.282, 63
Trd, 8639418.682, 140
Trd, 8639419.082, 60
Trd, 8639419.732, 140
Trd, 8639420.032, 77
Trd, 8639420.182, 108
Trd, 8639421.982, 60
Trd, 8639422.782, 61
Trd, 8639422.932, 123
Trd, 8639424.182, 140
Trd, 8639424.332, 140
Trd, 8639424.782, 137
Trd, 8639424.832, 136
Trd, 8639425.232, 92
Trd, 8639425.932, 140
Trd, 8639427.482, 63
Trd, 8639428.132, 140
Trd, 8639428.282, 140
Trd, 8639429.132, 139
Trd, 8639429.882, 140
Trd, 8639430.282, 140
Trd, 8639430.832, 138
Trd, 8639432.082, 139
Trd, 8639432.132, 139
Trd, 8639432.432, 138
Trd, 8639432.632, 139
Trd, 8639432.982, 111
Trd, 8639433.082, 110
Trd, 8639433.932, 140
Trd, 8639434.332, 138
Trd, 8639435.332, 139
Trd, 8639435.732, 134
Trd, 8639437.132, 140
Trd, 8639437.482, 140
Trd, 8639437.532, 139
Trd, 8639438.782, 139
Trd, 8639439.232, 140
Trd, 8639439.682, 140
Trd, 8639440.482, 139
Trd, 8639440.782, 116
Trd, 8639440.932, 134
Trd, 8639442.632, 140
Trd, 8639443.082, 140
Trd, 8639444.232, 140
Trd, 8639444.332, 139
Trd, 8639444.582, 139
Trd, 8639445.732, 140
Trd, 8639445.982, 140
Trd, 8639446.282, 138
Trd, 8639446.432, 86
Trd, 8639447.482, 140
Trd, 8639448.732, 140
Trd, 8639448.782, 140
Trd, 8639449.232, 138
Trd, 8639449.682, 139
Trd, 8639449.732, 138
Trd, 8639450.732, 138
Trd, 8639450.832, 98
Trd, 8639451.532, 139
Trd, 8639452.482, 140
Trd, 8639453.932, 140
Trd, 8639454.232, 140
Trd, 8639454.582, 140
Trd, 8639454.732, 139
Trd, 8639455.132, 140
Trd, 8639455.832, 138
Trd, 8639456.232, 140
Trd, 8639456.382, 135
Trd, 8639457.132, 140
Trd, 8639457.282, 113
Trd, 8639458.782, 63
Trd, 8639458.832, 69
Trd, 8639460.132, 139
Trd, 8639461.032, 139
Trd, 8639461.532, 135
Trd, 8639462.482, 140
Trd, 8639462.682, 140
Trd, 8639463.682, 140
Trd, 8639463.882, 140
Trd, 8639464.632, 138
Trd, 8639465.732, 140
Trd, 8639465.832, 138
Trd, 8639466.532, 140
Trd, 8639466.632, 140
Trd, 8639466.982, 140
Trd, 8639467.732, 85
Trd, 8639467.782, 127
Trd, 8639468.532, 138
Trd, 8639469.082, 140
Trd, 8639469.482, 140
Trd, 8639470.982, 140
Trd, 8639471.032, 140
Trd, 8639471.782, 139
Trd, 8639472.182, 140
Trd, 8639472.932, 140
Trd, 8639473.982, 140
Trd, 8639475.332, 139
Trd, 8639475.982, 140
Trd, 8639476.032, 140
Trd, 8639476.482, 140
Trd, 8639478.432, 140
Trd, 8639478.582, 140
Trd, 8639480.132, 140
Trd, 8639480.382, 140
Trd, 8639480.432, 140
Trd, 8639480.932, 138
Trd, 8639481.332, 97
Trd, 8639481.682, 62
Trd, 8639482.532, 140
Trd, 8639482.632, 140
Trd, 8639483.082, 140
Trd, 8639483.882, 140
Trd, 8639483.932, 140
Trd, 8639484.432, 65
Trd, 8639485.032, 137
Trd, 8639485.882, 140
Trd, 8639487.082, 140
Trd, 8639487.832, 140
Trd, 8639488.132, 138
Trd, 8639488.182, 138
Trd, 8639490.682, 140
Trd, 8639490.782, 138
Trd, 8639491.282, 79
Trd, 8639491.932, 62
Trd, 8639492.132, 85
Trd, 8639493.182, 98
Trd, 8639493.682, 63
Trd, 8639494.032, 103
Trd, 8639494.482, 139
Trd, 8639494.782, 64
Trd, 8639497.232, 140
Trd, 8639497.632, 137
Trd, 8639497.782, 116
Trd, 8639498.282, 140
Trd, 8639499.732, 140
Trd, 8639499.782, 140
Trd, 8639500.532, 140
Trd, 8639501.732, 140
Trd, 8639502.132, 140
Trd, 8639502.932, 140
Trd, 8639503.282, 140
Trd, 8639503.532, 140
Trd, 8639504.382, 140
Trd, 8639504.782, 139
Trd, 8639505.482, 140
Trd, 8639505.882, 140
Trd, 8639507.432, 140
Trd, 8639508.332, 140
Trd, 8639508.932, 140
Trd, 8639511.082, 140
Trd, 8639511.282, 140
Trd, 8639511.382, 140
Trd, 8639511.532, 140
Trd, 8639512.332, 140
Trd, 8639512.782, 139
Trd, 8639513.432, 140
Trd, 8639513.682, 140
Trd, 8639513.982, 140
Trd, 8639514.482, 138
Trd, 8639514.932, 138
Trd, 8639515.082, 127
Trd, 8639515.982, 140
Trd, 8639516.882, 139
Trd, 8639517.032, 139
Trd, 8639517.582, 135
Trd, 8639518.982, 139
Trd, 8639519.732, 139
Trd, 8639520.232, 140
Trd, 8639520.382, 132
Trd, 8639520.482, 122
Trd, 8639521.232, 140
Trd, 8639522.182, 140
Trd, 8639522.532, 140
Trd, 8639523.032, 132
Trd, 8639524.382, 137
Trd, 8639525.882, 73
Trd, 8639525.932, 75
Trd, 8639526.032, 80
Trd, 8639527.082, 140
Trd, 8639527.182, 140
Trd, 8639527.482, 140
Trd, 8639527.782, 140
Trd, 8639528.532, 68
Trd, 8639529.032, 140
Trd, 8639529.882, 127
Trd, 8639530.032, 138
Trd, 8639531.482, 137
Trd, 8639533.082, 140
Trd, 8639533.132, 140
Trd, 8639533.382, 140
Trd, 8639533.682, 139
Trd, 8639534.032, 140
Trd, 8639534.482, 60
Trd, 8639536.932, 140
Trd, 8639537.032, 133
Trd, 8639537.832, 140
Trd, 8639538.082, 139
Trd, 8639538.382, 139
Trd, 8639538.682, 138
Trd, 8639539.532, 81
Trd, 8639539.982, 139
Trd, 8639540.432, 140
Trd, 8639541.032, 140
Trd, 8639541.982, 140
Trd, 8639542.582, 140
Trd, 8639544.982, 139
Trd, 8639545.432, 140
Trd, 8639545.782, 140
Trd, 8639546.032, 140
Trd, 8639546.182, 139
Trd, 8639547.082, 140
Trd, 8639547.382, 139
Trd, 8639548.732, 140
Trd, 8639549.332, 140
Trd, 8639549.732, 140
Trd, 8639549.982, 139
Trd, 8639550.182, 136
Trd, 8639550.782, 140
Trd, 8639551.232, 91
Trd, 8639551.632, 87
Trd, 8639553.132, 140
Trd, 8639553.282, 140
Trd, 8639554.182, 140
Trd, 8639554.482, 110
Trd, 8639555.482, 140
Trd, 8639555.582, 140
Trd, 8639555.932, 140
Trd, 8639556.832, 140
Trd, 8639557.732, 140
Trd, 8639557.982, 61
Trd, 8639558.632, 140
Trd, 8639559.632, 90
Trd, 8639560.082, 96
Trd, 8639561.132, 139
Trd, 8639562.082, 139
Trd, 8639562.282, 140
Trd, 8639562.332, 138
Trd, 8639563.632, 140
Trd, 8639564.782, 139
Trd, 8639565.482, 140
Trd, 8639565.682, 139
Trd, 8639565.782, 138
Trd, 8639566.682, 140
Trd, 8639566.732, 137
Trd, 8639567.332, 140
Trd, 8639568.082, 140
Trd, 8639568.132, 140
Trd, 8639568.982, 139
Trd, 8639569.682, 140
Trd, 8639570.082, 80
Trd, 8639570.532, 140
Trd, 8639571.732, 139
Trd, 8639572.732, 138
Trd, 8639573.132, 140
Trd, 8639573.182, 139
Trd, 8639574.182, 138
Trd, 8639574.832, 139
Trd, 8639576.182, 140
Trd, 8639576.232, 140
Trd, 8639576.682, 136
Trd, 8639576.832, 140
Trd, 8639577.282, 139
Trd, 8639577.782, 88
Trd, 8639578.182, 140
Trd, 8639579.832, 140
Trd, 8639579.932, 139
Trd, 8639581.082, 140
Trd, 8639581.582, 117
Trd, 8639582.532, 140
Trd, 8639582.682, 140
Trd, 8639583.932, 140
Trd, 8639584.482, 140
Trd, 8639584.782, 139
Trd, 8639585.682, 140
Trd, 8639586.082, 139
Trd, 8639586.482, 70
Trd, 8639587.282, 138
Trd, 8639588.132, 140
Trd, 8639588.582, 140
Trd, 8639588.782, 137
Trd, 8639589.132, 128
Trd, 8639590.032, 65
Trd, 8639591.032, 73
Trd, 8639591.532, 64
Trd, 8639593.482, 140
Trd, 8639595.332, 140
Trd, 8639595.532, 140
Trd, 8639596.032, 139
Trd, 8639596.082, 138
Trd, 8639596.582, 140
Trd, 8639596.632, 125
Trd, 8639597.132, 139
Trd, 8639597.582, 140
Trd, 8639598.932, 140
Trd, 8639599.032, 127
Trd, 8639600.282, 64
Trd, 8639600.632, 89
Trd, 8639600.682, 125
Trd, 8639600.932, 107
Trd, 8639601.132, 140
Trd, 8639601.382, 140
Trd, 8639602.982, 134
Trd, 8639603.332, 133
Trd, 8639604.982, 140
Trd, 8639605.032, 140
Trd, 8639606.032, 140
Trd, 8639607.582, 140
Trd, 8639607.732, 140
Trd, 8639608.332, 140
Trd, 8639608.532, 139
Trd, 8639608.582, 139
Trd, 8639609.132, 140
Trd, 8639610.232, 140
Trd, 8639610.782, 138
Trd, 8639610.832, 82
Trd, 8639611.682, 140
Trd, 8639612.632, 140
Trd, 8639612.682, 134
Trd, 8639612.982, 77
Trd, 8639613.782, 140
Trd, 8639614.432, 139
Trd, 8639614.982, 139
Trd, 8639615.832, 60
Trd, 8639616.332, 140
Trd, 8639616.682, 66
Trd, 8639617.582, 75
Trd, 8639618.132, 65
Trd, 8639619.932, 140
Trd, 8639620.382, 138
Trd, 8639620.982, 140
Trd, 8639621.582, 140
Trd, 8639621.732, 138
Trd, 8639622.582, 140
Trd, 8639622.732, 139
Trd, 8639623.382, 140
Trd, 8639623.682, 103
Trd, 8639623.832, 140
Trd, 8639625.532, 65
Trd, 8639626.382, 74
Trd, 8639626.532, 71
Trd, 8639627.232, 62
Trd, 8639627.382, 82
Trd, 8639628.182, 139
Trd, 8639628.582, 138
Trd, 8639629.532, 137
Trd, 8639629.682, 139
Trd, 8639630.132, 112
Trd, 8639630.332, 119
Trd, 8639631.132, 60
Trd, 8639631.582, 70
Trd, 8639632.332, 140
Trd, 8639632.782, 140
Trd, 8639634.732, 140
Trd, 8639635.332, 140
Trd, 8639636.732, 140
Trd, 8639636.982, 140
Trd, 8639637.032, 140
Trd, 8639637.982, 140
Trd, 8639638.232, 140
Trd, 8639638.432, 139
Trd, 8639638.732, 138
Trd, 8639639.232, 118
Trd, 8639640.132, 140
Trd, 8639640.882, 61
Trd, 8639641.432, 102
Trd, 8639642.182, 140
Trd, 8639643.082, 140
Trd, 8639643.632, 140
Trd, 8639643.732, 137
Trd, 8639644.632, 140
Trd, 8639645.832, 140
Trd, 8639646.082, 140
Trd, 8639646.132, 139
Trd, 8639646.982, 140
Trd, 8639647.282, 139
Trd, 8639647.382, 139
Trd, 8639647.932, 136
Trd, 8639648.132, 140
Trd, 8639648.332, 135
Trd, 8639649.082, 140
Trd, 8639650.482, 140
Trd, 8639650.982, 140
Trd, 8639651.182, 138
Trd, 8639651.232, 92
Trd, 8639652.332, 140
Trd, 8639652.782, 140
Trd, 8639653.632, 140
Trd, 8639654.682, 140
Trd, 8639655.882, 140
Trd, 8639656.582, 140
Trd, 8639657.032, 64
Trd, 8639657.432, 74
Trd, 8639657.682, 62
Trd, 8639658.082, 64
Trd, 8639658.432, 67
Trd, 8639658.632, 115
Trd, 8639659.832, 139
Trd, 8639659.982, 65
Trd, 8639661.882, 140
Trd, 8639663.682, 140
Trd, 8639664.882, 140
Trd, 8639665.432, 140
Trd, 8639666.382, 140
Trd, 8639666.482, 140
Trd, 8639666.532, 134
Trd, 8639666.982, 140
Trd, 8639667.232, 63
Trd, 8639667.732, 88
Trd, 8639668.332, 73
Trd, 8639669.282, 140
Trd, 8639669.332, 140
Trd, 8639669.832, 134
Trd, 8639670.282, 62
Trd, 8639670.732, 122
Trd, 8639671.732, 140
Trd, 8639672.682, 134
Trd, 8639672.882, 73
Trd, 8639673.832, 62
Trd, 8639675.732, 76
Trd, 8639675.832, 77
Trd, 8639675.882, 79
Trd, 8639676.482, 66
Trd, 8639677.332, 66
Trd, 8639678.332, 80
Trd, 8639678.482, 125
Trd, 8639679.332, 140
Trd, 8639679.532, 140
Trd, 8639680.582, 140
Trd, 8639680.932, 140
Trd, 8639681.032, 140
Trd, 8639682.232, 101
Trd, 8639682.582, 139
Trd, 8639683.432, 76
Trd, 8639684.532, 140
Trd, 8639685.382, 140
Trd, 8639685.632, 140
Trd, 8639686.382, 74
Trd, 8639686.532, 68
Trd, 8639687.232, 69
Trd, 8639688.382, 140
Trd, 8639688.632, 140
Trd, 8639688.732, 135
Trd, 8639688.982, 119
Trd, 8639690.032, 63
Trd, 8639690.182, 73
Trd, 8639692.232, 63
Trd, 8639692.482, 63
Trd, 8639692.832, 64
Trd, 8639693.382, 96
Trd, 8639693.632, 60
Trd, 8639693.682, 110
Trd, 8639694.332, 64
Trd, 8639694.882, 109
Trd, 8639694.932, 127
Trd, 8639696.482, 140
Trd, 8639696.832, 140
Trd, 8639697.782, 140
Trd, 8639698.232, 140
Trd, 8639698.482, 138
Trd, 8639698.932, 135
Trd, 8639699.082, 126
Trd, 8639699.682, 140
Trd, 8639700.132, 139
Trd, 8639701.482, 138
Trd, 8639702.332, 140
Trd, 8639702.882, 140
Trd, 8639703.082, 140
Trd, 8639703.582, 140
Trd, 8639703.782, 140
Trd, 8639704.182, 140
Trd, 8639704.932, 140
Trd, 8639705.232, 140
Trd, 8639705.532, 140
Trd, 8639707.082, 62
Trd, 8639708.082, 140
Trd, 8639708.232, 139
Trd, 8639708.682, 97
Trd, 8639710.482, 93
Trd, 8639710.682, 109
Trd, 8639710.932, 140
Trd, 8639711.132, 139
Trd, 8639711.832, 104
Trd, 8639712.582, 67
Trd, 8639713.232, 118
Trd, 8639714.332, 131
Trd, 8639714.532, 137
Trd, 8639716.282, 66
Trd, 8639717.082, 140
Trd, 8639717.132, 140
Trd, 8639717.732, 140
Trd, 8639717.832, 138
Trd, 8639718.782, 140
Trd, 8639719.332, 92
Trd, 8639719.582, 138
Trd, 8639720.032, 139
Trd, 8639720.732, 68
Trd, 8639722.032, 72
Trd, 8639722.582, 65
Trd, 8639723.932, 72
Trd, 8639724.582, 139
Trd, 8639724.882, 139
Trd, 8639725.332, 140
Trd, 8639725.882, 83
Trd, 8639726.732, 112
Trd, 8639726.882, 60
Trd, 8639727.282, 140
Trd, 8639727.882, 139
Trd, 8639728.582, 62
Trd, 8639729.882, 124
Trd, 8639730.782, 140
Trd, 8639731.282, 140
Trd, 8639731.382, 140
Trd, 8639732.482, 140
Trd, 8639732.682, 140
Trd, 8639732.732, 140
Trd, 8639734.332, 140
Trd, 8639734.732, 140
Trd, 8639734.932, 140
Trd, 8639735.482, 140
Trd, 8639735.582, 133
Trd, 8639737.232, 140
Trd, 8639737.382, 140
Trd, 8639738.582, 140
Trd, 8639738.832, 140
Trd, 8639739.282, 140
Trd, 8639741.132, 140
Trd, 8639741.382, 140
Trd, 8639741.732, 140
Trd, 8639742.082, 138
Trd, 8639742.682, 140
Trd, 8639743.682, 140
Trd, 8639743.832, 138
Trd, 8639744.632, 140
Trd, 8639744.832, 140
Trd, 8639746.732, 140
Trd, 8639747.082, 138
Trd, 8639747.132, 137
Trd, 8639748.282, 140
Trd, 8639748.582, 138
Trd, 8639748.732, 140
Trd, 8639749.232, 139
Trd, 8639750.832, 140
Trd, 8639751.282, 140
Trd, 8639751.832, 139
Trd, 8639752.782, 140
Trd, 8639752.832, 140
Trd, 8639754.082, 140
Trd, 8639754.732, 140
Trd, 8639754.932, 140
Trd, 8639755.982, 140
Trd, 8639756.482, 140
Trd, 8639756.732, 140
Trd, 8639757.282, 139
Trd, 8639757.582, 140
Trd, 8639759.082, 140
Trd, 8639759.132, 140
Trd, 8639760.282, 139
Trd, 8639760.532, 139
Trd, 8639760.932, 138
Trd, 8639761.832, 139
Trd, 8639762.432, 140
Trd, 8639762.782, 140
Trd, 8639763.782, 140
Trd, 8639763.882, 140
Trd, 8639764.082, 140
Trd, 8639765.482, 140
Trd, 8639765.632, 138
Trd, 8639765.732, 137
Trd, 8639766.982, 140
Trd, 8639767.382, 127
Trd, 8639768.132, 135
Trd, 8639768.882, 139
Trd, 8639769.232, 139
Trd, 8639770.132, 60
Trd, 8639770.932, 60
Trd, 8639771.132, 66
Trd, 8639771.582, 110
Trd, 8639772.182, 122
Trd, 8639773.132, 94
Trd, 8639773.882, 61
Trd, 8639774.682, 140
Trd, 8639774.732, 140
Trd, 8639774.832, 138
Trd, 8639775.582, 136
Trd, 8639776.632, 139
Trd, 8639777.582, 140
Trd, 8639779.082, 139
Trd, 8639780.032, 140
Trd, 8639780.282, 140
Trd, 8639780.582, 140
Trd, 8639781.132, 140
Trd, 8639781.382, 140
Trd, 8639781.982, 61
Trd, 8639782.732, 60
Trd, 8639783.182, 67
Trd, 8639783.682, 140
Trd, 8639784.132, 76
Trd, 8639784.682, 78
Trd, 8639785.182, 64
Trd, 8639786.082, 69
Trd, 8639787.232, 140
Trd, 8639787.332, 140
Trd, 8639788.032, 139
Trd, 8639788.132, 138
Trd, 8639788.932, 140
Trd, 8639789.732, 140
Trd, 8639789.932, 113
Trd, 8639790.582, 139
Trd, 8639791.382, 62
Trd, 8639791.582, 87
Trd, 8639791.882, 140
Trd, 8639793.232, 140
Trd, 8639793.932, 140
Trd, 8639794.482, 140
Trd, 8639795.432, 140
Trd, 8639796.232, 140
Trd, 8639797.232, 140
Trd, 8639797.432, 140
Trd, 8639797.632, 139
Trd, 8639798.232, 140
Trd, 8639798.482, 139
Trd, 8639799.032, 139
Trd, 8639800.032, 135
Trd, 8639800.132, 78
Trd, 8639800.182, 112
Trd, 8639800.532, 139
Trd, 8639801.732, 140
Trd, 8639803.182, 140
Trd, 8639803.632, 139
Trd, 8639804.132, 138
Trd, 8639804.182, 136
Trd, 8639805.132, 60
Trd, 8639805.682, 67
Trd, 8639807.032, 140
Trd, 8639807.382, 139
Trd, 8639807.782, 138
Trd, 8639808.082, 140
Trd, 8639808.482, 138
Trd, 8639808.682, 63
Trd, 8639808.882, 74
Trd, 8639810.332, 140
Trd, 8639810.582, 140
Trd, 8639810.732, 140
Trd, 8639810.982, 82
Trd, 8639811.982, 140
Trd, 8639812.832, 140
Trd, 8639813.782, 140
Trd, 8639815.532, 140
Trd, 8639816.632, 140
Trd, 8639816.682, 140
Trd, 8639816.982, 139
Trd, 8639817.082, 138
Trd, 8639819.682, 140
Trd, 8639820.082, 140
Trd, 8639820.382, 140
Trd, 8639820.582, 140
Trd, 8639820.682, 140
Trd, 8639820.982, 140
Trd, 8639821.132, 140
Trd, 8639821.332, 138
Trd, 8639821.982, 140
Trd, 8639823.432, 126
Trd, 8639823.482, 125
Trd, 8639823.832, 66
Trd, 8639825.332, 140
Trd, 8639825.982, 140
Trd, 8639826.482, 140
Trd, 8639826.732, 140
Trd, 8639826.882, 136
Trd, 8639827.732, 136
Trd, 8639827.982, 139
Trd, 8639828.782, 136
Trd, 8639829.432, 139
Trd, 8639829.682, 93
Trd, 8639830.582, 140
Trd, 8639830.932, 140
Trd, 8639831.882, 136
Trd, 8639832.182, 67
Trd, 8639832.782, 61
Trd, 8639834.182, 140
Trd, 8639835.132, 140
Trd, 8639836.682, 140
Trd, 8639837.132, 140
Trd, 8639837.982, 140
Trd, 8639839.582, 140
Trd, 8639840.032, 140
Trd, 8639840.482, 140
Trd, 8639841.432, 140
Trd, 8639841.482, 139
Trd, 8639841.732, 140
Trd, 8639842.132, 139
Trd, 8639842.732, 139
Trd, 8639843.882, 140
Trd, 8639844.732, 140
Trd, 8639844.932, 140
Trd, 8639845.132, 139
Trd, 8639845.482, 140
Trd, 8639845.832, 137
Trd, 8639846.032, 137
Trd, 8639846.582, 113
Trd, 8639847.032, 81
Trd, 8639847.782, 60
Trd, 8639849.082, 140
Trd, 8639849.182, 140
Trd, 8639850.132, 140
Trd, 8639851.932, 140
Trd, 8639852.032, 140
Trd, 8639852.132, 140
Trd, 8639852.432, 140
Trd, 8639854.182, 140
Trd, 8639854.682, 139
Trd, 8639855.932, 140
Trd, 8639856.182, 140
Trd, 8639856.282, 140
Trd, 8639856.632, 139
Trd, 8639858.082, 140
Trd, 8639858.382, 138
Trd, 8639859.032, 77
Trd, 8639859.432, 60
Trd, 8639859.932, 140
Trd, 8639860.832, 140
Trd, 8639861.982, 140
Trd, 8639862.732, 140
Trd, 8639863.282, 139
Trd, 8639863.732, 140
Trd, 8639864.582, 140
Trd, 8639864.932, 140
Trd, 8639865.032, 140
Trd, 8639865.082, 140
Trd, 8639865.632, 140
Trd, 8639866.932, 140
Trd, 8639868.832, 140
Trd, 8639869.432, 140
Trd, 8639869.782, 140
Trd, 8639869.832, 139
Trd, 8639871.182, 140
Trd, 8639871.432, 140
Trd, 8639871.582, 139
Trd, 8639872.782, 140
Trd, 8639873.132, 137
Trd, 8639873.482, 140
Trd, 8639873.582, 86
Trd, 8639874.532, 140
Trd, 8639874.932, 140
Trd, 8639876.282, 140
Trd, 8639877.682, 140
Trd, 8639877.782, 140
Trd, 8639878.282, 140
Trd, 8639878.482, 131
Trd, 8639879.132, 80
Trd, 8639879.382, 84
Trd, 8639879.932, 124
Trd, 8639880.582, 123
Trd, 8639881.082, 139
Trd, 8639881.282, 138
Trd, 8639881.582, 82
Trd, 8639882.832, 140
Trd, 8639882.882, 136
Trd, 8639884.932, 140
Trd, 8639885.432, 140
Trd, 8639885.482, 139
Trd, 8639885.632, 140
Trd, 8639886.032, 123
Trd, 8639886.532, 86
Trd, 8639887.332, 61
Trd, 8639887.532, 63
Trd, 8639888.482, 140
Trd, 8639888.532, 140
Trd, 8639889.682, 73
Trd, 8639890.482, 61
Trd, 8639890.782, 60
Trd, 8639892.132, 140
Trd, 8639892.882, 101
Trd, 8639893.032, 105
Trd, 8639893.282, 140
Trd, 8639893.932, 140
Trd, 8639894.382, 83
Trd, 8639894.782, 62
Trd, 8639896.232, 139
Trd, 8639896.332, 139
Trd, 8639897.382, 140
Trd, 8639898.532, 140
Trd, 8639898.782, 102
Trd, 8639899.332, 64
Trd, 8639899.582, 60
Trd, 8639900.182, 60
Trd, 8639901.282, 61
Trd, 8639901.432, 140
Trd, 8639903.782, 61
Trd, 8639903.832, 70
Trd, 8639903.932, 71
Trd, 8639904.432, 63
Trd, 8639904.632, 74
Trd, 8639905.382, 63
Trd, 8639905.982, 60
Trd, 8639906.032, 99
Trd, 8639906.832, 61
Trd, 8639907.332, 92
Trd, 8639907.932, 140
Trd, 8639908.482, 63
Trd, 8639909.582, 79
Trd, 8639910.832, 140
Trd, 8639911.732, 140
Trd, 8639912.432, 140
Trd, 8639912.582, 139
Trd, 8639914.132, 71
Trd, 8639914.332, 60
Trd, 8639914.382, 74
Trd, 8639914.832, 117
Trd, 8639916.682, 140
Trd, 8639917.782, 140
Trd, 8639918.082, 140
Trd, 8639918.332, 139
Trd, 8639918.632, 140
Trd, 8639918.882, 97
Trd, 8639919.882, 140
Trd, 8639920.332, 140
Trd, 8639920.932, 140
Trd, 8639921.282, 139
Trd, 8639922.132, 139
Trd, 8639923.932, 140
Trd, 8639924.332, 140
Trd, 8639924.932, 140
Trd, 8639925.482, 140
Trd, 8639926.482, 138
Trd, 8639926.532, 137
Trd, 8639927.132, 137
Trd, 8639927.732, 67
Trd, 8639928.382, 93
Trd, 8639928.582, 60
Trd, 8639930.232, 140
Trd, 8639930.382, 140
Trd, 8639931.082, 139
Trd, 8639931.282, 138
Trd, 8639931.832, 137
Trd, 8639932.082, 128
Trd, 8639932.782, 140
Trd, 8639933.582, 140
Trd, 8639933.882, 140
Trd, 8639934.282, 140
Trd, 8639935.182, 61
Trd, 8639935.982, 138
Trd, 8639936.082, 137
Trd, 8639936.832, 140
Trd, 8639937.032, 140
Trd, 8639937.382, 138
Trd, 8639937.832, 138
Trd, 8639938.782, 64
Trd, 8639940.082, 139
Trd, 8639940.732, 137
Trd, 8639941.782, 140
Trd, 8639942.832, 140
Trd, 8639943.282, 140
Trd, 8639943.482, 138
Trd, 8639943.882, 140
Trd, 8639944.232, 140
Trd, 8639945.082, 138
Trd, 8639945.482, 123
Trd, 8639946.032, 114
Trd, 8639947.032, 140
Trd, 8639947.382, 140
Trd, 8639947.882, 138
Trd, 8639949.132, 140
Trd, 8639949.482, 139
Trd, 8639949.832, 139
Trd, 8639950.132, 137
Trd, 8639950.732, 140
Trd, 8639951.332, 138
Trd, 8639953.082, 140
Trd, 8639953.582, 140
Trd, 8639954.232, 139
Trd, 8639954.882, 138
Trd, 8639955.082, 140
Trd, 8639955.282, 108
Trd, 8639955.632, 138
Trd, 8639958.032, 140
Trd, 8639958.682, 140
Trd, 8639958.732, 140
Trd, 8639958.782, 139
Trd, 8639959.232, 139
Trd, 8639959.332, 136
Trd, 8639959.932, 136
Trd, 8639961.432, 140
Trd, 8639961.982, 140
Trd, 8639962.232, 139
Trd, 8639962.582, 140
Trd, 8639963.232, 140
Trd, 8639963.332, 140
Trd, 8639964.482, 138
Trd, 8639965.432, 140
Trd, 8639965.832, 139
Trd, 8639967.632, 140
Trd, 8639968.232, 140
Trd, 8639968.382, 140
Trd, 8639968.632, 139
Trd, 8639968.982, 135
Trd, 8639969.282, 76
Trd, 8639969.782, 138
Trd, 8639970.132, 62
Trd, 8639972.032, 140
Trd, 8639972.332, 139
Trd, 8639972.432, 137
Trd, 8639972.782, 140
Trd, 8639973.432, 140
Trd, 8639974.532, 139
Trd, 8639974.832, 139
Trd, 8639974.932, 138
Trd, 8639975.282, 96
Trd, 8639975.832, 125
Trd, 8639977.982, 62
Trd, 8639978.082, 63
Trd, 8639978.832, 66
Trd, 8639980.532, 61
Trd, 8639980.832, 117
Trd, 8639981.432, 140
Trd, 8639981.882, 140
Trd, 8639982.732, 140
Trd, 8639982.782, 139
Trd, 8639982.832, 139
Trd, 8639983.032, 106
Trd, 8639984.332, 140
Trd, 8639984.632, 136
Trd, 8639987.332, 140
Trd, 8639987.682, 139
Trd, 8639987.932, 139
Trd, 8639988.282, 140
Trd, 8639988.332, 138
Trd, 8639989.682, 140
Trd, 8639990.632, 140
Trd, 8639991.282, 139
Trd, 8639991.582, 140
Trd, 8639992.282, 140
Trd, 8639992.432, 139
Trd, 8639992.532, 134
Trd, 8639993.482, 139
Trd, 8639993.882, 73
Trd, 8639994.682, 139
Trd, 8639995.632, 140
Trd, 8639996.032, 140
Trd, 8639996.432, 140
Trd, 8639996.932, 62
Trd, 8639997.132, 69
Trd, 8639997.882, 71
Trd, 8639997.932, 99
Trd, 8639998.432, 60
Trd, 8639999.582, 140
Trd, 8639999.882, 61
