Trd, 8638174.832, 65
Trd, 8638176.082, 60
Trd, 8638176.532, 61
Trd, 8638176.932, 61
Trd, 8638177.982, 61
Trd, 8638179.432, 61
Trd, 8638179.932, 64
Trd, 8638180.032, 67
Trd, 8638180.332, 62
Trd, 8638181.282, 71
Trd, 8638181.932, 62
Trd, 8638182.132, 61
Trd, 8638182.482, 64
Trd, 8638183.082, 65
Trd, 8638183.532, 82
Trd, 8638184.382, 65
Trd, 8638184.732, 70
Trd, 8638185.832, 70
Trd, 8638186.482, 67
Trd, 8638187.332, 64
Trd, 8638187.882, 140
Trd, 8638188.132, 140
Trd, 8638189.482, 91
Trd, 8638189.932, 60
Trd, 8638190.382, 60
Trd, 8638191.482, 61
Trd, 8638192.782, 63
Trd, 8638192.882, 65
Trd, 8638194.532, 60
Trd, 8638195.332, 61
Trd, 8638196.632, 62
Trd, 8638196.782, 63
Trd, 8638196.932, 61
Trd, 8638197.332, 64
Trd, 8638197.982, 60
Trd, 8638198.232, 60
Trd, 8638198.382, 62
Trd, 8638200.832, 61
Trd, 8638201.682, 61
Trd, 8638202.082, 61
Trd, 8638203.282, 60
Trd, 8638203.732, 63
Trd, 8638204.432, 63
Trd, 8638207.182, 60
Trd, 8638207.332, 61
Trd, 8638207.882, 60
Trd, 8638208.482, 60
Trd, 8638209.032, 61
Trd, 8638209.932, 61
Trd, 8638211.982, 65
Trd, 8638212.532, 67
Trd, 8638212.632, 66
Trd, 8638213.032, 75
Trd, 8638213.082, 87
Trd, 8638213.882, 138
Trd, 8638214.032, 126
Trd, 8638214.382, 140
Trd, 8638214.482, 70
Trd, 8638215.232, 69
Trd, 8638216.482, 63
Trd, 8638218.032, 140
Trd, 8638218.432, 140
Trd, 8638218.532, 139
Trd, 8638218.582, 112
Trd, 8638219.582, 140
Trd, 8638220.882, 140
Trd, 8638221.582, 140
Trd, 8638222.282, 140
Trd, 8638223.582, 140
Trd, 8638223.882, 140
Trd, 8638224.682, 140
Trd, 8638225.182, 137
Trd, 8638225.282, 137
Trd, 8638225.532, 126
Trd, 8638227.032, 140
Trd, 8638227.432, 140
Trd, 8638228.282, 140
Trd, 8638228.532, 140
Trd, 8638228.582, 139
Trd, 8638229.382, 140
Trd, 8638229.932, 121
Trd, 8638231.432, 140
Trd, 8638231.532, 104
Trd, 8638232.032, 140
Trd, 8638233.082, 104
Trd, 8638233.682, 96
Trd, 8638234.732, 140
Trd, 8638234.832, 139
Trd, 8638235.182, 137
Trd, 8638235.982, 140
Trd, 8638236.582, 92
Trd, 8638236.832, 64
Trd, 8638238.332, 61
Trd, 8638238.682, 60
Trd, 8638239.032, 63
Trd, 8638239.132, 69
Trd, 8638239.732, 94
Trd, 8638241.532, 62
Trd, 8638243.032, 60
Trd, 8638243.482, 60
Trd, 8638243.582, 61
Trd, 8638244.832, 60
Trd, 8638245.382, 60
Trd, 8638245.982, 63
Trd, 8638246.132, 61
Trd, 8638246.732, 60
Trd, 8638247.582, 60
Trd, 8638247.632, 61
Trd, 8638247.682, 61
Trd, 8638248.682, 88
Trd, 8638250.432, 140
Trd, 8638251.082, 114
Trd, 8638251.332, 113
Trd, 8638251.432, 91
Trd, 8638252.182, 140
Trd, 8638252.732, 73
Trd, 8638253.532, 66
Trd, 8638254.282, 139
Trd, 8638255.182, 62
Trd, 8638255.232, 63
Trd, 8638256.482, 62
Trd, 8638257.732, 68
Trd, 8638257.882, 70
Trd, 8638257.982, 61
Trd, 8638258.932, 62
Trd, 8638259.082, 65
Trd, 8638259.282, 66
Trd, 8638260.882, 69
Trd, 8638261.932, 140
Trd, 8638262.082, 140
Trd, 8638262.582, 140
Trd, 8638262.632, 140
Trd, 8638262.782, 140
Trd, 8638264.232, 138
Trd, 8638264.532, 101
Trd, 8638265.382, 65
Trd, 8638266.182, 131
Trd, 8638266.532, 78
Trd, 8638266.882, 139
Trd, 8638267.282, 126
Trd, 8638268.432, 140
Trd, 8638268.682, 140
Trd, 8638270.232, 139
Trd, 8638270.932, 93
Trd, 8638272.282, 63
Trd, 8638272.482, 126
Trd, 8638272.982, 62
Trd, 8638273.232, 79
Trd, 8638273.782, 63
Trd, 8638273.832, 62
Trd, 8638275.282, 60
Trd, 8638275.582, 62
Trd, 8638276.732, 140
Trd, 8638277.332, 140
Trd, 8638277.732, 139
Trd, 8638279.332, 60
Trd, 8638280.082, 64
Trd, 8638280.682, 60
Trd, 8638280.832, 65
Trd, 8638281.132, 61
Trd, 8638281.782, 65
Trd, 8638282.782, 60
Trd, 8638282.982, 60
Trd, 8638283.932, 61
Trd, 8638284.332, 61
Trd, 8638285.232, 62
Trd, 8638285.432, 62
Trd, 8638286.482, 60
Trd, 8638287.032, 60
Trd, 8638287.582, 63
Trd, 8638288.732, 60
Trd, 8638289.282, 61
Trd, 8638289.682, 64
Trd, 8638290.182, 76
Trd, 8638291.082, 140
Trd, 8638291.232, 137
Trd, 8638292.782, 60
Trd, 8638293.082, 110
Trd, 8638293.582, 140
Trd, 8638294.182, 67
Trd, 8638295.182, 136
Trd, 8638295.232, 135
Trd, 8638295.382, 122
Trd, 8638296.632, 140
Trd, 8638297.232, 140
Trd, 8638298.182, 140
Trd, 8638298.382, 140
Trd, 8638298.932, 139
Trd, 8638299.482, 139
Trd, 8638299.782, 127
Trd, 8638300.482, 140
Trd, 8638300.932, 126
Trd, 8638301.332, 89
Trd, 8638302.082, 140
Trd, 8638303.982, 140
Trd, 8638304.232, 138
Trd, 8638305.532, 140
Trd, 8638305.932, 139
Trd, 8638306.182, 139
Trd, 8638306.932, 140
Trd, 8638307.432, 140
Trd, 8638307.882, 140
Trd, 8638308.282, 140
Trd, 8638308.932, 139
Trd, 8638310.132, 109
Trd, 8638310.682, 107
Trd, 8638311.982, 140
Trd, 8638313.982, 140
Trd, 8638314.082, 140
Trd, 8638314.882, 140
Trd, 8638315.532, 140
Trd, 8638316.132, 140
Trd, 8638316.282, 140
Trd, 8638316.432, 125
Trd, 8638316.832, 140
Trd, 8638317.182, 137
Trd, 8638318.382, 69
Trd, 8638318.782, 68
Trd, 8638319.932, 140
Trd, 8638320.132, 140
Trd, 8638320.332, 125
Trd, 8638320.932, 140
Trd, 8638321.632, 139
Trd, 8638323.132, 138
Trd, 8638323.882, 97
Trd, 8638324.282, 97
Trd, 8638324.582, 96
Trd, 8638325.432, 139
Trd, 8638325.582, 103
Trd, 8638326.482, 62
Trd, 8638326.632, 63
Trd, 8638327.082, 87
Trd, 8638328.282, 109
Trd, 8638329.032, 63
Trd, 8638329.682, 61
Trd, 8638330.582, 61
Trd, 8638331.482, 60
Trd, 8638332.732, 60
Trd, 8638333.482, 60
Trd, 8638334.132, 61
Trd, 8638334.582, 61
Trd, 8638334.832, 61
Trd, 8638335.482, 67
Trd, 8638336.082, 61
Trd, 8638337.932, 67
Trd, 8638338.732, 63
Trd, 8638339.132, 63
Trd, 8638339.632, 67
Trd, 8638340.032, 63
Trd, 8638340.082, 81
Trd, 8638340.782, 60
Trd, 8638342.032, 134
Trd, 8638342.182, 136
Trd, 8638342.232, 90
Trd, 8638342.482, 83
Trd, 8638342.782, 74
Trd, 8638343.632, 139
Trd, 8638346.482, 140
Trd, 8638347.432, 140
Trd, 8638348.032, 140
Trd, 8638348.532, 140
Trd, 8638348.682, 140
Trd, 8638349.032, 140
Trd, 8638350.482, 140
Trd, 8638350.632, 140
Trd, 8638351.632, 140
Trd, 8638352.032, 140
Trd, 8638352.882, 140
Trd, 8638353.682, 60
Trd, 8638354.082, 64
Trd, 8638355.182, 60
Trd, 8638355.282, 63
Trd, 8638356.232, 60
Trd, 8638356.482, 62
Trd, 8638357.482, 61
Trd, 8638357.632, 62
Trd, 8638357.932, 111
Trd, 8638358.382, 79
Trd, 8638358.632, 78
Trd, 8638359.032, 65
Trd, 8638361.582, 64
Trd, 8638362.232, 62
Trd, 8638362.782, 64
Trd, 8638364.582, 61
Trd, 8638365.732, 62
Trd, 8638365.932, 60
Trd, 8638366.232, 60
Trd, 8638367.332, 60
Trd, 8638367.782, 60
Trd, 8638367.982, 61
Trd, 8638368.582, 60
Trd, 8638369.682, 69
Trd, 8638370.582, 140
Trd, 8638370.632, 140
Trd, 8638371.132, 92
Trd, 8638371.782, 138
Trd, 8638372.982, 140
Trd, 8638373.282, 117
Trd, 8638373.732, 138
Trd, 8638373.982, 100
Trd, 8638374.582, 99
Trd, 8638375.582, 89
Trd, 8638375.682, 60
Trd, 8638377.282, 64
Trd, 8638378.582, 140
Trd, 8638378.782, 140
Trd, 8638379.332, 137
Trd, 8638380.082, 125
Trd, 8638380.632, 117
Trd, 8638380.832, 115
Trd, 8638382.382, 60
Trd, 8638382.932, 60
Trd, 8638383.182, 60
Trd, 8638383.782, 65
Trd, 8638384.382, 62
Trd, 8638385.232, 61
Trd, 8638386.082, 61
Trd, 8638388.482, 60
Trd, 8638388.932, 60
Trd, 8638388.982, 60
Trd, 8638389.282, 62
Trd, 8638389.982, 62
Trd, 8638390.932, 65
Trd, 8638391.232, 70
Trd, 8638392.032, 60
Trd, 8638392.932, 64
Trd, 8638393.682, 61
Trd, 8638393.982, 65
Trd, 8638395.082, 60
Trd, 8638395.932, 60
Trd, 8638396.032, 62
Trd, 8638396.332, 60
Trd, 8638396.582, 61
Trd, 8638397.982, 62
Trd, 8638398.832, 61
Trd, 8638400.282, 60
Trd, 8638400.882, 61
Trd, 8638400.982, 62
Trd, 8638401.032, 65
Trd, 8638402.782, 60
Trd, 8638403.082, 62
Trd, 8638403.682, 60
Trd, 8638404.132, 60
Trd, 8638404.982, 60
Trd, 8638405.032, 64
Trd, 8638407.482, 61
Trd, 8638407.732, 61
Trd, 8638408.382, 66
Trd, 8638408.732, 62
Trd, 8638408.832, 76
Trd, 8638410.732, 140
Trd, 8638410.782, 139
Trd, 8638411.382, 140
Trd, 8638411.632, 94
Trd, 8638411.832, 90
Trd, 8638413.382, 140
Trd, 8638413.632, 98
Trd, 8638414.932, 140
Trd, 8638414.982, 94
Trd, 8638415.482, 125
Trd, 8638416.282, 71
Trd, 8638417.332, 84
Trd, 8638418.032, 60
Trd, 8638418.982, 70
Trd, 8638419.982, 83
Trd, 8638421.082, 60
Trd, 8638421.482, 61
Trd, 8638422.382, 60
Trd, 8638422.682, 61
Trd, 8638423.632, 64
Trd, 8638423.782, 78
Trd, 8638424.282, 112
Trd, 8638424.482, 111
Trd, 8638424.632, 123
Trd, 8638424.832, 129
Trd, 8638426.582, 140
Trd, 8638426.882, 140
Trd, 8638427.432, 140
Trd, 8638427.782, 138
Trd, 8638428.532, 140
Trd, 8638428.632, 125
Trd, 8638429.582, 140
Trd, 8638430.032, 81
Trd, 8638431.732, 140
Trd, 8638431.782, 139
Trd, 8638432.482, 139
Trd, 8638432.932, 91
Trd, 8638433.982, 131
Trd, 8638434.882, 140
Trd, 8638435.182, 120
Trd, 8638435.482, 120
Trd, 8638436.832, 140
Trd, 8638437.082, 134
Trd, 8638437.132, 121
Trd, 8638438.082, 75
Trd, 8638439.432, 140
Trd, 8638440.432, 140
Trd, 8638440.932, 140
Trd, 8638441.082, 140
Trd, 8638441.232, 140
Trd, 8638441.332, 140
Trd, 8638443.982, 140
Trd, 8638444.232, 140
Trd, 8638444.732, 140
Trd, 8638445.582, 140
Trd, 8638445.932, 135
Trd, 8638446.382, 112
Trd, 8638446.582, 140
Trd, 8638447.182, 140
Trd, 8638447.882, 118
Trd, 8638448.832, 140
Trd, 8638450.082, 140
Trd, 8638450.632, 140
Trd, 8638450.782, 140
Trd, 8638451.082, 140
Trd, 8638452.332, 140
Trd, 8638453.382, 140
Trd, 8638453.882, 139
Trd, 8638454.482, 140
Trd, 8638455.332, 140
Trd, 8638455.782, 140
Trd, 8638456.282, 140
Trd, 8638457.282, 139
Trd, 8638458.432, 140
Trd, 8638458.782, 140
Trd, 8638459.482, 133
Trd, 8638459.532, 121
Trd, 8638459.882, 139
Trd, 8638460.032, 116
Trd, 8638460.182, 68
Trd, 8638460.982, 60
Trd, 8638461.382, 69
Trd, 8638461.732, 96
Trd, 8638461.932, 63
Trd, 8638462.082, 140
Trd, 8638465.882, 60
Trd, 8638465.982, 60
Trd, 8638467.882, 60
Trd, 8638468.982, 60
Trd, 8638469.582, 62
Trd, 8638470.232, 65
Trd, 8638471.282, 62
Trd, 8638471.432, 67
Trd, 8638471.532, 61
Trd, 8638471.832, 61
Trd, 8638473.182, 68
Trd, 8638473.382, 72
Trd, 8638473.682, 64
Trd, 8638474.132, 66
Trd, 8638474.432, 64
Trd, 8638474.982, 140
Trd, 8638475.732, 140
Trd, 8638476.182, 140
Trd, 8638477.632, 140
Trd, 8638477.882, 140
Trd, 8638478.332, 138
Trd, 8638478.382, 137
Trd, 8638479.032, 124
Trd, 8638479.832, 113
Trd, 8638481.282, 139
Trd, 8638482.182, 140
Trd, 8638482.682, 140
Trd, 8638483.582, 140
Trd, 8638484.232, 140
Trd, 8638484.632, 140
Trd, 8638485.082, 126
Trd, 8638485.482, 107
Trd, 8638485.582, 82
Trd, 8638486.932, 60
Trd, 8638487.032, 95
Trd, 8638487.932, 62
Trd, 8638488.332, 64
Trd, 8638489.582, 60
Trd, 8638489.832, 62
Trd, 8638490.182, 68
Trd, 8638490.582, 66
Trd, 8638490.832, 66
Trd, 8638491.932, 66
Trd, 8638492.032, 72
Trd, 8638492.332, 60
Trd, 8638492.882, 109
Trd, 8638492.982, 111
Trd, 8638494.532, 140
Trd, 8638495.832, 140
Trd, 8638495.982, 140
Trd, 8638496.032, 138
Trd, 8638496.782, 135
Trd, 8638498.082, 136
Trd, 8638499.482, 139
Trd, 8638499.682, 137
Trd, 8638500.532, 137
Trd, 8638500.782, 115
Trd, 8638501.282, 136
Trd, 8638501.332, 126
Trd, 8638501.932, 140
Trd, 8638502.132, 134
Trd, 8638503.232, 60
Trd, 8638504.632, 60
Trd, 8638506.932, 60
Trd, 8638507.032, 60
Trd, 8638508.682, 60
Trd, 8638508.982, 60
Trd, 8638509.282, 61
Trd, 8638509.432, 61
Trd, 8638510.332, 62
Trd, 8638511.082, 61
Trd, 8638511.532, 69
Trd, 8638511.782, 61
Trd, 8638513.332, 60
Trd, 8638513.982, 61
Trd, 8638515.082, 62
Trd, 8638515.832, 60
Trd, 8638516.032, 61
Trd, 8638516.282, 64
Trd, 8638516.582, 60
Trd, 8638516.682, 61
Trd, 8638516.782, 112
Trd, 8638518.032, 60
Trd, 8638518.632, 61
Trd, 8638519.482, 61
Trd, 8638519.582, 62
Trd, 8638520.032, 64
Trd, 8638520.282, 66
Trd, 8638520.782, 67
Trd, 8638521.732, 61
Trd, 8638523.282, 60
Trd, 8638524.632, 60
Trd, 8638524.782, 60
Trd, 8638525.982, 60
Trd, 8638526.082, 62
Trd, 8638526.932, 60
Trd, 8638527.582, 60
Trd, 8638528.682, 61
Trd, 8638528.932, 61
Trd, 8638529.532, 62
Trd, 8638530.582, 64
Trd, 8638531.032, 60
Trd, 8638532.432, 60
Trd, 8638532.482, 60
Trd, 8638533.232, 139
Trd, 8638533.332, 97
Trd, 8638533.782, 64
Trd, 8638536.382, 60
Trd, 8638536.782, 61
Trd, 8638537.032, 66
Trd, 8638537.532, 140
Trd, 8638537.732, 112
Trd, 8638538.432, 82
Trd, 8638538.932, 64
Trd, 8638539.182, 83
Trd, 8638539.732, 62
Trd, 8638539.932, 65
Trd, 8638541.432, 67
Trd, 8638542.532, 62
Trd, 8638543.532, 60
Trd, 8638543.882, 70
Trd, 8638544.732, 140
Trd, 8638544.882, 128
Trd, 8638546.182, 122
Trd, 8638546.732, 121
Trd, 8638546.882, 133
Trd, 8638547.082, 138
Trd, 8638547.532, 99
Trd, 8638548.532, 63
Trd, 8638549.882, 74
Trd, 8638551.032, 96
Trd, 8638551.432, 124
Trd, 8638551.532, 88
Trd, 8638552.532, 140
Trd, 8638554.432, 140
Trd, 8638554.632, 140
Trd, 8638555.132, 140
Trd, 8638556.032, 140
Trd, 8638556.482, 140
Trd, 8638556.632, 140
Trd, 8638557.532, 128
Trd, 8638557.732, 126
Trd, 8638558.482, 127
Trd, 8638558.982, 137
Trd, 8638560.782, 140
Trd, 8638561.182, 70
Trd, 8638561.732, 69
Trd, 8638562.032, 139
Trd, 8638562.132, 126
Trd, 8638563.782, 140
Trd, 8638564.782, 139
Trd, 8638565.482, 140
Trd, 8638565.882, 140
Trd, 8638567.132, 140
Trd, 8638567.282, 139
Trd, 8638567.782, 128
Trd, 8638567.832, 125
Trd, 8638568.582, 140
Trd, 8638569.532, 140
Trd, 8638569.682, 140
Trd, 8638569.882, 140
Trd, 8638570.582, 140
Trd, 8638571.382, 135
Trd, 8638571.682, 139
Trd, 8638571.932, 140
Trd, 8638572.682, 139
Trd, 8638573.032, 126
Trd, 8638573.582, 115
Trd, 8638575.232, 140
Trd, 8638576.382, 140
Trd, 8638576.632, 125
Trd, 8638576.732, 92
Trd, 8638577.382, 140
Trd, 8638577.482, 140
Trd, 8638579.032, 63
Trd, 8638579.582, 65
Trd, 8638579.682, 66
Trd, 8638580.382, 60
Trd, 8638581.332, 85
Trd, 8638582.132, 140
Trd, 8638582.232, 140
Trd, 8638582.882, 81
Trd, 8638584.232, 140
Trd, 8638585.482, 140
Trd, 8638585.632, 140
Trd, 8638585.932, 114
Trd, 8638586.532, 140
Trd, 8638586.832, 108
Trd, 8638586.982, 107
Trd, 8638587.932, 70
Trd, 8638588.282, 69
Trd, 8638589.182, 77
Trd, 8638590.282, 60
Trd, 8638591.282, 139
Trd, 8638592.732, 61
Trd, 8638592.832, 64
Trd, 8638593.982, 140
Trd, 8638594.582, 140
Trd, 8638594.682, 140
Trd, 8638594.982, 140
Trd, 8638595.932, 131
Trd, 8638596.532, 140
Trd, 8638597.132, 140
Trd, 8638597.582, 126
Trd, 8638597.632, 125
Trd, 8638598.132, 88
Trd, 8638598.282, 87
Trd, 8638598.782, 86
Trd, 8638598.882, 85
Trd, 8638600.632, 62
Trd, 8638600.732, 60
Trd, 8638601.432, 64
Trd, 8638603.582, 61
Trd, 8638603.932, 63
Trd, 8638604.182, 62
Trd, 8638605.982, 60
Trd, 8638606.182, 60
Trd, 8638606.482, 61
Trd, 8638606.882, 61
Trd, 8638607.982, 62
Trd, 8638608.782, 60
Trd, 8638609.632, 62
Trd, 8638610.132, 62
Trd, 8638610.282, 66
Trd, 8638610.532, 62
Trd, 8638611.782, 61
Trd, 8638612.482, 140
Trd, 8638612.582, 139
Trd, 8638613.682, 140
Trd, 8638614.182, 117
Trd, 8638615.032, 138
Trd, 8638616.832, 140
Trd, 8638617.082, 140
Trd, 8638617.832, 124
Trd, 8638618.032, 94
Trd, 8638618.732, 89
Trd, 8638619.832, 139
Trd, 8638620.032, 97
Trd, 8638620.682, 140
Trd, 8638620.732, 140
Trd, 8638620.932, 140
Trd, 8638621.732, 140
Trd, 8638621.832, 91
Trd, 8638622.782, 91
Trd, 8638623.432, 138
Trd, 8638625.332, 98
Trd, 8638625.882, 138
Trd, 8638626.782, 96
Trd, 8638627.032, 89
Trd, 8638627.082, 87
Trd, 8638628.432, 140
Trd, 8638629.082, 140
Trd, 8638629.132, 114
Trd, 8638630.882, 60
Trd, 8638631.032, 60
Trd, 8638631.482, 60
Trd, 8638633.282, 60
Trd, 8638634.282, 62
Trd, 8638635.232, 67
Trd, 8638636.182, 60
Trd, 8638636.282, 61
Trd, 8638637.182, 60
Trd, 8638638.982, 61
Trd, 8638639.482, 63
Trd, 8638640.482, 62
Trd, 8638640.632, 61
Trd, 8638641.082, 61
Trd, 8638642.282, 60
Trd, 8638642.732, 60
Trd, 8638643.082, 65
Trd, 8638643.382, 76
Trd, 8638643.982, 62
Trd, 8638645.332, 140
Trd, 8638645.432, 139
Trd, 8638645.782, 140
Trd, 8638647.182, 139
Trd, 8638647.332, 111
Trd, 8638647.382, 100
Trd, 8638648.882, 63
Trd, 8638649.332, 60
Trd, 8638649.682, 62
Trd, 8638650.632, 60
Trd, 8638650.782, 62
Trd, 8638651.432, 64
Trd, 8638652.232, 63
Trd, 8638652.532, 73
Trd, 8638652.982, 68
Trd, 8638654.632, 76
Trd, 8638654.732, 69
Trd, 8638655.832, 61
Trd, 8638656.532, 62
Trd, 8638656.832, 66
Trd, 8638657.082, 111
Trd, 8638657.932, 61
Trd, 8638658.732, 60
Trd, 8638659.432, 64
Trd, 8638660.832, 61
Trd, 8638660.932, 62
Trd, 8638661.282, 73
Trd, 8638662.382, 60
Trd, 8638662.682, 60
Trd, 8638663.832, 60
Trd, 8638664.832, 60
Trd, 8638665.632, 62
Trd, 8638665.732, 67
Trd, 8638666.732, 60
Trd, 8638667.882, 61
Trd, 8638667.982, 62
Trd, 8638669.032, 60
Trd, 8638669.932, 61
Trd, 8638670.282, 66
Trd, 8638670.982, 140
Trd, 8638671.132, 138
Trd, 8638672.182, 73
Trd, 8638672.982, 140
Trd, 8638673.932, 140
Trd, 8638674.532, 140
Trd, 8638674.632, 140
Trd, 8638675.182, 140
Trd, 8638675.882, 140
Trd, 8638676.432, 140
Trd, 8638676.482, 140
Trd, 8638677.232, 136
Trd, 8638677.532, 117
Trd, 8638678.532, 140
Trd, 8638679.032, 107
Trd, 8638680.282, 104
Trd, 8638680.382, 102
Trd, 8638680.882, 133
Trd, 8638681.682, 60
Trd, 8638681.832, 61
Trd, 8638682.232, 103
Trd, 8638682.582, 122
Trd, 8638685.732, 140
Trd, 8638685.882, 114
Trd, 8638686.332, 138
Trd, 8638686.532, 75
Trd, 8638687.132, 75
Trd, 8638687.832, 139
Trd, 8638688.632, 67
Trd, 8638688.982, 63
Trd, 8638689.232, 65
Trd, 8638690.232, 65
Trd, 8638691.032, 62
Trd, 8638691.282, 68
Trd, 8638692.032, 139
Trd, 8638693.532, 60
Trd, 8638695.232, 61
Trd, 8638696.332, 61
Trd, 8638697.532, 60
Trd, 8638698.882, 61
Trd, 8638699.182, 61
Trd, 8638699.382, 62
Trd, 8638699.532, 74
Trd, 8638700.282, 61
Trd, 8638700.482, 127
Trd, 8638701.132, 64
Trd, 8638701.382, 60
Trd, 8638703.032, 62
Trd, 8638703.082, 65
Trd, 8638703.682, 62
Trd, 8638703.882, 61
Trd, 8638704.582, 67
Trd, 8638705.182, 64
Trd, 8638706.482, 68
Trd, 8638706.582, 66
Trd, 8638707.432, 140
Trd, 8638708.332, 140
Trd, 8638709.882, 140
Trd, 8638710.082, 140
Trd, 8638710.732, 62
Trd, 8638711.382, 137
Trd, 8638712.032, 98
Trd, 8638713.282, 110
Trd, 8638713.632, 109
Trd, 8638713.832, 102
Trd, 8638714.432, 139
Trd, 8638714.982, 140
Trd, 8638715.432, 129
Trd, 8638716.682, 140
Trd, 8638716.732, 136
Trd, 8638716.832, 129
Trd, 8638717.132, 67
Trd, 8638718.082, 139
Trd, 8638721.182, 60
Trd, 8638722.082, 62
Trd, 8638722.482, 62
Trd, 8638722.532, 62
Trd, 8638722.832, 62
Trd, 8638723.332, 65
Trd, 8638723.532, 79
Trd, 8638724.482, 138
Trd, 8638725.082, 137
Trd, 8638725.382, 123
Trd, 8638725.882, 112
Trd, 8638726.382, 108
Trd, 8638726.682, 64
Trd, 8638727.732, 71
Trd, 8638728.582, 60
Trd, 8638729.432, 61
Trd, 8638730.282, 68
Trd, 8638730.582, 69
Trd, 8638731.182, 61
Trd, 8638731.682, 75
Trd, 8638732.932, 64
Trd, 8638735.632, 60
Trd, 8638736.182, 60
Trd, 8638736.582, 60
Trd, 8638736.782, 60
Trd, 8638737.132, 62
Trd, 8638737.732, 61
Trd, 8638737.982, 64
Trd, 8638738.382, 140
Trd, 8638738.482, 139
Trd, 8638739.682, 105
Trd, 8638739.932, 140
Trd, 8638740.482, 139
Trd, 8638742.632, 121
Trd, 8638743.282, 140
Trd, 8638743.382, 139
Trd, 8638743.482, 119
Trd, 8638743.532, 118
Trd, 8638744.082, 140
Trd, 8638744.682, 67
Trd, 8638745.932, 66
Trd, 8638746.082, 67
Trd, 8638746.282, 68
Trd, 8638746.482, 81
Trd, 8638747.632, 65
Trd, 8638748.032, 64
Trd, 8638748.832, 140
Trd, 8638749.232, 140
Trd, 8638749.732, 122
Trd, 8638750.982, 93
Trd, 8638751.232, 91
Trd, 8638751.832, 60
Trd, 8638752.532, 60
Trd, 8638752.682, 61
Trd, 8638752.832, 61
Trd, 8638753.282, 139
Trd, 8638754.382, 140
Trd, 8638755.032, 140
Trd, 8638755.432, 139
Trd, 8638756.332, 89
Trd, 8638756.932, 138
Trd, 8638757.632, 71
Trd, 8638757.832, 73
Trd, 8638758.932, 140
Trd, 8638759.082, 140
Trd, 8638759.532, 62
Trd, 8638759.832, 63
Trd, 8638761.032, 60
Trd, 8638762.132, 60
Trd, 8638762.682, 60
Trd, 8638762.982, 61
Trd, 8638763.082, 66
Trd, 8638764.582, 61
Trd, 8638764.732, 63
Trd, 8638765.832, 60
Trd, 8638766.382, 61
Trd, 8638767.082, 65
Trd, 8638767.282, 66
Trd, 8638767.982, 60
Trd, 8638768.032, 60
Trd, 8638769.282, 60
Trd, 8638769.682, 62
Trd, 8638770.432, 67
Trd, 8638770.732, 67
Trd, 8638774.132, 60
Trd, 8638774.282, 61
Trd, 8638774.832, 60
Trd, 8638775.532, 62
Trd, 8638775.782, 66
Trd, 8638775.882, 90
Trd, 8638776.682, 77
Trd, 8638776.982, 76
Trd, 8638777.382, 64
Trd, 8638778.032, 85
Trd, 8638778.632, 60
Trd, 8638779.082, 60
Trd, 8638779.182, 65
Trd, 8638781.032, 60
Trd, 8638781.132, 60
Trd, 8638781.532, 60
Trd, 8638781.732, 62
Trd, 8638782.232, 70
Trd, 8638782.482, 95
Trd, 8638783.182, 67
Trd, 8638783.632, 136
Trd, 8638784.282, 76
Trd, 8638784.832, 68
Trd, 8638785.382, 136
Trd, 8638787.132, 60
Trd, 8638787.432, 60
Trd, 8638787.982, 60
Trd, 8638788.532, 61
Trd, 8638789.482, 60
Trd, 8638789.682, 63
Trd, 8638789.932, 65
Trd, 8638790.432, 60
Trd, 8638790.832, 112
Trd, 8638792.082, 66
Trd, 8638793.632, 73
Trd, 8638793.832, 74
Trd, 8638793.982, 73
Trd, 8638794.482, 140
Trd, 8638794.682, 126
Trd, 8638795.132, 82
Trd, 8638797.582, 139
Trd, 8638797.832, 137
Trd, 8638798.282, 114
Trd, 8638799.132, 112
Trd, 8638799.632, 140
Trd, 8638799.682, 138
Trd, 8638800.382, 108
Trd, 8638800.482, 107
Trd, 8638800.682, 66
Trd, 8638802.782, 63
Trd, 8638802.832, 73
Trd, 8638802.932, 78
Trd, 8638803.632, 66
Trd, 8638807.582, 60
Trd, 8638807.832, 60
Trd, 8638807.982, 61
Trd, 8638808.382, 60
Trd, 8638808.582, 60
Trd, 8638809.082, 65
Trd, 8638809.732, 68
Trd, 8638810.632, 67
Trd, 8638810.782, 67
Trd, 8638811.532, 66
Trd, 8638812.432, 67
Trd, 8638813.182, 69
Trd, 8638813.582, 61
Trd, 8638813.832, 76
Trd, 8638814.082, 68
Trd, 8638816.882, 61
Trd, 8638816.932, 64
Trd, 8638818.032, 62
Trd, 8638818.332, 69
Trd, 8638819.182, 60
Trd, 8638820.532, 60
Trd, 8638820.932, 60
Trd, 8638822.232, 60
Trd, 8638822.282, 60
Trd, 8638822.382, 68
Trd, 8638822.782, 74
Trd, 8638823.382, 61
Trd, 8638824.432, 140
Trd, 8638826.082, 60
Trd, 8638826.832, 66
Trd, 8638826.882, 67
Trd, 8638828.382, 60
Trd, 8638828.832, 70
Trd, 8638829.932, 64
Trd, 8638830.182, 140
Trd, 8638831.282, 75
Trd, 8638831.582, 75
Trd, 8638831.882, 139
Trd, 8638832.032, 81
Trd, 8638832.182, 140
Trd, 8638832.732, 65
Trd, 8638834.982, 61
Trd, 8638835.782, 61
Trd, 8638836.332, 89
Trd, 8638836.432, 110
Trd, 8638837.582, 60
Trd, 8638838.082, 60
Trd, 8638838.532, 61
Trd, 8638839.382, 62
Trd, 8638840.382, 60
Trd, 8638841.482, 60
Trd, 8638841.582, 61
Trd, 8638842.932, 60
Trd, 8638843.582, 60
Trd, 8638843.882, 60
Trd, 8638844.332, 60
Trd, 8638846.232, 60
Trd, 8638846.432, 60
Trd, 8638847.732, 61
Trd, 8638848.332, 60
Trd, 8638848.982, 63
Trd, 8638849.282, 65
Trd, 8638849.532, 63
Trd, 8638850.032, 60
Trd, 8638852.632, 63
Trd, 8638852.882, 61
Trd, 8638853.482, 62
Trd, 8638853.982, 64
Trd, 8638854.982, 63
Trd, 8638856.332, 60
Trd, 8638858.082, 60
Trd, 8638858.232, 60
Trd, 8638859.132, 62
Trd, 8638859.832, 62
Trd, 8638859.982, 62
Trd, 8638860.132, 65
Trd, 8638860.232, 60
Trd, 8638860.532, 61
Trd, 8638862.232, 62
Trd, 8638863.182, 60
Trd, 8638863.232, 60
Trd, 8638863.432, 67
Trd, 8638863.832, 77
Trd, 8638865.032, 63
Trd, 8638865.332, 62
Trd, 8638865.532, 68
Trd, 8638866.182, 65
Trd, 8638867.282, 60
Trd, 8638870.032, 60
Trd, 8638870.182, 62
Trd, 8638870.282, 64
Trd, 8638870.582, 60
Trd, 8638871.232, 61
Trd, 8638871.632, 61
Trd, 8638871.982, 75
Trd, 8638872.732, 67
Trd, 8638873.682, 140
Trd, 8638874.282, 140
Trd, 8638874.482, 139
Trd, 8638874.582, 100
Trd, 8638875.332, 63
Trd, 8638876.032, 62
Trd, 8638877.382, 140
Trd, 8638877.482, 140
Trd, 8638878.532, 139
Trd, 8638879.432, 140
Trd, 8638880.082, 140
Trd, 8638880.132, 140
Trd, 8638880.582, 140
Trd, 8638881.282, 126
Trd, 8638881.432, 125
Trd, 8638883.032, 140
Trd, 8638884.332, 140
Trd, 8638884.482, 140
Trd, 8638885.082, 140
Trd, 8638885.132, 140
Trd, 8638885.632, 139
Trd, 8638885.732, 87
Trd, 8638887.082, 108
Trd, 8638888.082, 65
Trd, 8638888.982, 140
Trd, 8638889.782, 140
Trd, 8638890.332, 140
Trd, 8638891.232, 140
Trd, 8638892.682, 140
Trd, 8638892.932, 140
Trd, 8638893.032, 140
Trd, 8638893.132, 140
Trd, 8638893.832, 140
Trd, 8638894.282, 140
Trd, 8638894.632, 120
Trd, 8638895.432, 113
Trd, 8638895.632, 100
Trd, 8638896.082, 98
Trd, 8638897.482, 140
Trd, 8638898.332, 140
Trd, 8638898.432, 139
Trd, 8638899.132, 83
Trd, 8638899.632, 114
Trd, 8638899.682, 82
Trd, 8638901.032, 138
Trd, 8638901.432, 68
Trd, 8638902.832, 95
Trd, 8638903.382, 95
Trd, 8638904.132, 140
Trd, 8638904.632, 140
Trd, 8638904.782, 139
Trd, 8638906.182, 140
Trd, 8638906.482, 125
Trd, 8638906.582, 102
Trd, 8638907.032, 140
Trd, 8638907.432, 139
Trd, 8638909.332, 135
Trd, 8638909.632, 121
Trd, 8638910.432, 122
Trd, 8638911.932, 120
Trd, 8638911.982, 135
Trd, 8638912.332, 139
Trd, 8638912.732, 140
Trd, 8638913.132, 140
Trd, 8638913.632, 119
Trd, 8638914.282, 67
Trd, 8638914.982, 125
Trd, 8638915.882, 60
Trd, 8638916.782, 60
Trd, 8638918.532, 60
Trd, 8638918.682, 61
Trd, 8638919.132, 61
Trd, 8638919.232, 61
Trd, 8638920.432, 61
Trd, 8638920.532, 63
Trd, 8638920.882, 81
Trd, 8638921.532, 62
Trd, 8638922.182, 62
Trd, 8638923.232, 82
Trd, 8638923.432, 140
Trd, 8638923.882, 139
Trd, 8638924.582, 130
Trd, 8638924.932, 137
Trd, 8638925.282, 120
Trd, 8638926.432, 60
Trd, 8638926.782, 72
Trd, 8638927.832, 139
Trd, 8638928.032, 138
Trd, 8638928.582, 60
Trd, 8638930.082, 60
Trd, 8638930.332, 60
Trd, 8638930.982, 61
Trd, 8638931.132, 70
Trd, 8638932.332, 60
Trd, 8638933.982, 60
Trd, 8638934.432, 63
Trd, 8638935.082, 64
Trd, 8638935.132, 65
Trd, 8638935.832, 64
Trd, 8638935.982, 63
Trd, 8638936.132, 65
Trd, 8638936.982, 64
Trd, 8638938.132, 61
Trd, 8638938.582, 68
Trd, 8638938.932, 77
Trd, 8638939.932, 61
Trd, 8638940.432, 61
Trd, 8638940.732, 63
Trd, 8638940.882, 62
Trd, 8638941.532, 140
Trd, 8638941.782, 138
Trd, 8638942.582, 74
Trd, 8638942.682, 73
Trd, 8638943.382, 62
Trd, 8638943.982, 65
Trd, 8638945.482, 60
Trd, 8638946.582, 60
Trd, 8638947.682, 60
Trd, 8638948.582, 60
Trd, 8638948.632, 60
Trd, 8638948.732, 61
Trd, 8638950.132, 60
Trd, 8638951.232, 61
Trd, 8638951.882, 61
Trd, 8638951.982, 64
Trd, 8638952.482, 85
Trd, 8638952.882, 138
Trd, 8638953.782, 140
Trd, 8638955.132, 140
Trd, 8638955.632, 140
Trd, 8638956.182, 140
Trd, 8638956.282, 125
Trd, 8638958.032, 139
Trd, 8638958.232, 138
Trd, 8638958.682, 138
Trd, 8638959.782, 140
Trd, 8638959.832, 139
Trd, 8638960.032, 126
Trd, 8638960.482, 108
Trd, 8638961.182, 106
Trd, 8638961.382, 140
Trd, 8638961.982, 105
Trd, 8638962.832, 101
Trd, 8638962.932, 140
Trd, 8638963.532, 140
Trd, 8638963.632, 139
Trd, 8638964.582, 65
Trd, 8638966.082, 60
Trd, 8638967.282, 61
Trd, 8638969.232, 62
Trd, 8638969.782, 60
Trd, 8638970.532, 60
Trd, 8638970.582, 61
Trd, 8638971.082, 60
Trd, 8638971.782, 60
Trd, 8638972.382, 60
Trd, 8638972.632, 61
Trd, 8638973.032, 60
Trd, 8638973.232, 70
Trd, 8638973.482, 84
Trd, 8638975.482, 67
Trd, 8638975.982, 61
Trd, 8638976.482, 68
Trd, 8638976.582, 98
Trd, 8638977.382, 60
Trd, 8638978.182, 60
Trd, 8638978.682, 61
Trd, 8638978.982, 62
Trd, 8638980.082, 61
Trd, 8638981.332, 67
Trd, 8638981.432, 66
Trd, 8638981.482, 70
Trd, 8638982.182, 65
Trd, 8638982.732, 61
Trd, 8638982.882, 60
Trd, 8638983.732, 90
Trd, 8638984.282, 84
Trd, 8638984.532, 81
Trd, 8638985.382, 99
Trd, 8638986.532, 140
Trd, 8638986.732, 140
Trd, 8638986.932, 140
Trd, 8638987.582, 127
Trd, 8638987.932, 115
Trd, 8638988.232, 136
Trd, 8638989.532, 60
Trd, 8638989.632, 61
Trd, 8638989.682, 64
Trd, 8638991.232, 81
Trd, 8638991.932, 140
Trd, 8638992.132, 138
Trd, 8638992.682, 126
Trd, 8638994.032, 140
Trd, 8638994.932, 140
Trd, 8638994.982, 140
Trd, 8638995.782, 140
Trd, 8638996.432, 140
Trd, 8638996.882, 140
Trd, 8638998.282, 140
Trd, 8638998.332, 139
Trd, 8638998.882, 139
Trd, 8638999.732, 99
Trd, 8639000.182, 99
Trd, 8639000.732, 140
Trd, 8639001.032, 81
Trd, 8639001.782, 140
Trd, 8639001.882, 135
Trd, 8639002.482, 139
Trd, 8639003.032, 135
Trd, 8639004.132, 118
Trd, 8639004.782, 108
Trd, 8639005.132, 81
Trd, 8639005.682, 77
Trd, 8639005.782, 72
Trd, 8639006.632, 138
Trd, 8639007.982, 60
Trd, 8639008.682, 63
Trd, 8639008.832, 63
Trd, 8639009.682, 103
Trd, 8639010.732, 61
Trd, 8639011.582, 60
Trd, 8639011.932, 61
Trd, 8639014.432, 60
Trd, 8639014.632, 61
Trd, 8639015.332, 62
Trd, 8639015.732, 61
Trd, 8639016.432, 63
Trd, 8639016.632, 64
Trd, 8639016.732, 122
Trd, 8639016.882, 61
Trd, 8639018.032, 66
Trd, 8639019.732, 60
Trd, 8639020.132, 61
Trd, 8639020.332, 61
Trd, 8639020.482, 62
Trd, 8639020.832, 101
Trd, 8639021.682, 62
Trd, 8639022.132, 70
Trd, 8639022.632, 61
Trd, 8639024.532, 60
Trd, 8639025.682, 62
Trd, 8639025.982, 73
Trd, 8639026.932, 66
Trd, 8639027.282, 66
Trd, 8639028.582, 60
Trd, 8639028.782, 60
Trd, 8639029.582, 61
Trd, 8639030.982, 61
Trd, 8639031.132, 64
Trd, 8639031.532, 75
Trd, 8639032.182, 66
Trd, 8639032.832, 124
Trd, 8639033.032, 103
Trd, 8639033.932, 66
Trd, 8639034.232, 65
Trd, 8639035.132, 140
Trd, 8639036.482, 140
Trd, 8639036.782, 140
Trd, 8639037.882, 140
Trd, 8639038.182, 140
Trd, 8639038.932, 140
Trd, 8639039.382, 140
Trd, 8639040.332, 111
Trd, 8639040.382, 110
Trd, 8639040.732, 78
Trd, 8639041.482, 140
Trd, 8639041.782, 140
Trd, 8639042.132, 63
Trd, 8639043.132, 60
Trd, 8639044.032, 61
Trd, 8639044.632, 61
Trd, 8639044.682, 67
Trd, 8639047.132, 60
Trd, 8639047.432, 60
Trd, 8639047.932, 60
Trd, 8639049.082, 60
Trd, 8639049.932, 61
Trd, 8639050.532, 65
Trd, 8639050.632, 65
Trd, 8639050.982, 66
Trd, 8639051.482, 66
Trd, 8639052.432, 69
Trd, 8639052.632, 68
Trd, 8639054.032, 98
Trd, 8639054.732, 81
Trd, 8639055.482, 140
Trd, 8639055.582, 140
Trd, 8639055.932, 139
Trd, 8639058.032, 140
Trd, 8639058.132, 140
Trd, 8639058.432, 140
Trd, 8639058.782, 125
Trd, 8639059.882, 122
Trd, 8639060.082, 122
Trd, 8639060.682, 123
Trd, 8639061.732, 126
Trd, 8639062.632, 140
Trd, 8639063.632, 140
Trd, 8639063.982, 99
Trd, 8639064.082, 99
Trd, 8639064.582, 118
Trd, 8639064.932, 108
Trd, 8639065.382, 97
Trd, 8639066.282, 139
Trd, 8639066.882, 77
Trd, 8639067.632, 137
Trd, 8639067.782, 123
Trd, 8639069.232, 140
Trd, 8639069.582, 138
Trd, 8639069.782, 71
Trd, 8639070.282, 60
Trd, 8639071.782, 61
Trd, 8639072.282, 140
Trd, 8639072.482, 139
Trd, 8639073.032, 138
Trd, 8639073.932, 140
Trd, 8639074.582, 140
Trd, 8639075.032, 140
Trd, 8639076.082, 140
Trd, 8639076.282, 135
Trd, 8639076.682, 127
Trd, 8639077.082, 125
Trd, 8639077.732, 138
Trd, 8639078.382, 61
Trd, 8639078.832, 61
Trd, 8639080.582, 60
Trd, 8639081.532, 60
Trd, 8639081.982, 62
Trd, 8639082.082, 62
Trd, 8639082.482, 61
Trd, 8639082.632, 67
Trd, 8639083.732, 67
Trd, 8639083.982, 64
Trd, 8639084.182, 68
Trd, 8639084.682, 64
Trd, 8639085.032, 75
Trd, 8639085.282, 134
Trd, 8639086.282, 69
Trd, 8639087.132, 70
Trd, 8639087.182, 71
Trd, 8639087.832, 64
Trd, 8639088.832, 61
Trd, 8639089.082, 62
Trd, 8639091.332, 60
Trd, 8639091.882, 60
Trd, 8639092.382, 63
Trd, 8639093.132, 60
Trd, 8639093.282, 61
Trd, 8639094.382, 63
Trd, 8639094.932, 63
Trd, 8639095.082, 72
Trd, 8639096.682, 138
Trd, 8639097.132, 138
Trd, 8639097.682, 136
Trd, 8639097.782, 127
Trd, 8639097.932, 122
Trd, 8639098.232, 62
Trd, 8639099.632, 140
Trd, 8639100.582, 140
Trd, 8639102.282, 140
Trd, 8639102.532, 140
Trd, 8639102.782, 140
Trd, 8639103.482, 140
Trd, 8639103.982, 140
Trd, 8639104.332, 132
Trd, 8639104.482, 112
Trd, 8639105.132, 113
Trd, 8639105.582, 111
Trd, 8639106.632, 140
Trd, 8639106.732, 140
Trd, 8639107.582, 63
Trd, 8639108.182, 140
Trd, 8639108.732, 139
Trd, 8639109.232, 140
Trd, 8639110.432, 129
Trd, 8639111.682, 140
Trd, 8639111.732, 126
Trd, 8639112.682, 139
Trd, 8639113.032, 138
Trd, 8639113.432, 109
Trd, 8639113.832, 109
Trd, 8639114.332, 92
Trd, 8639115.232, 139
Trd, 8639115.482, 139
Trd, 8639115.532, 125
Trd, 8639116.032, 140
Trd, 8639116.832, 93
Trd, 8639116.882, 81
Trd, 8639118.382, 60
Trd, 8639118.832, 61
Trd, 8639121.282, 60
Trd, 8639121.682, 60
Trd, 8639121.932, 63
Trd, 8639122.432, 61
Trd, 8639122.782, 64
Trd, 8639123.032, 61
Trd, 8639123.732, 61
Trd, 8639123.832, 63
Trd, 8639124.732, 65
Trd, 8639125.232, 62
Trd, 8639125.832, 79
Trd, 8639127.732, 62
Trd, 8639128.632, 60
Trd, 8639129.882, 60
Trd, 8639130.782, 60
Trd, 8639130.832, 60
Trd, 8639131.532, 60
Trd, 8639131.982, 62
Trd, 8639133.232, 62
Trd, 8639133.582, 61
Trd, 8639134.782, 62
Trd, 8639135.282, 62
Trd, 8639135.782, 61
Trd, 8639136.282, 61
Trd, 8639136.982, 61
Trd, 8639138.882, 60
Trd, 8639139.732, 61
Trd, 8639140.082, 65
Trd, 8639140.582, 62
Trd, 8639141.332, 63
Trd, 8639141.732, 60
Trd, 8639142.632, 95
Trd, 8639143.332, 66
Trd, 8639143.932, 140
Trd, 8639144.182, 140
Trd, 8639144.282, 140
Trd, 8639144.832, 73
Trd, 8639145.932, 136
Trd, 8639146.132, 136
Trd, 8639146.782, 135
Trd, 8639147.132, 105
Trd, 8639148.632, 140
Trd, 8639149.282, 140
Trd, 8639149.382, 140
Trd, 8639149.832, 126
Trd, 8639151.882, 140
Trd, 8639152.382, 140
Trd, 8639152.432, 140
Trd, 8639152.582, 136
Trd, 8639153.432, 127
Trd, 8639153.482, 126
Trd, 8639153.882, 83
Trd, 8639155.332, 102
Trd, 8639156.332, 138
Trd, 8639156.432, 124
Trd, 8639157.532, 140
Trd, 8639158.482, 140
Trd, 8639158.832, 139
Trd, 8639159.182, 138
Trd, 8639159.882, 140
Trd, 8639160.582, 140
Trd, 8639162.782, 140
Trd, 8639163.532, 140
Trd, 8639163.832, 139
Trd, 8639164.382, 137
Trd, 8639165.132, 126
Trd, 8639165.482, 123
Trd, 8639165.832, 74
Trd, 8639166.032, 62
Trd, 8639166.932, 140
Trd, 8639167.032, 140
Trd, 8639168.082, 140
Trd, 8639169.582, 64
Trd, 8639170.132, 60
Trd, 8639170.382, 62
Trd, 8639171.982, 60
Trd, 8639172.582, 60
Trd, 8639172.732, 65
Trd, 8639173.532, 61
Trd, 8639174.332, 74
Trd, 8639174.782, 71
Trd, 8639175.282, 69
Trd, 8639175.332, 76
Trd, 8639176.232, 63
Trd, 8639176.432, 140
Trd, 8639177.132, 74
Trd, 8639179.682, 60
Trd, 8639180.582, 60
Trd, 8639181.682, 60
Trd, 8639181.882, 61
Trd, 8639182.782, 62
Trd, 8639182.982, 62
Trd, 8639183.032, 71
Trd, 8639184.182, 62
Trd, 8639185.482, 61
Trd, 8639185.682, 65
Trd, 8639186.032, 82
Trd, 8639187.382, 60
Trd, 8639188.082, 60
Trd, 8639188.682, 60
Trd, 8639189.632, 60
Trd, 8639190.082, 60
Trd, 8639190.632, 65
Trd, 8639192.082, 61
Trd, 8639192.382, 63
Trd, 8639193.282, 60
Trd, 8639194.982, 60
Trd, 8639195.032, 60
Trd, 8639195.532, 63
Trd, 8639196.032, 60
Trd, 8639196.182, 62
Trd, 8639196.432, 63
Trd, 8639197.532, 60
Trd, 8639197.582, 71
Trd, 8639199.882, 60
Trd, 8639201.532, 60
Trd, 8639201.682, 60
Trd, 8639201.832, 61
Trd, 8639202.132, 64
Trd, 8639202.282, 60
Trd, 8639202.332, 65
Trd, 8639203.782, 72
Trd, 8639204.282, 68
Trd, 8639205.082, 62
Trd, 8639205.382, 65
Trd, 8639207.232, 140
Trd, 8639207.282, 140
Trd, 8639207.582, 140
Trd, 8639208.532, 139
Trd, 8639209.332, 128
Trd, 8639209.382, 127
Trd, 8639209.482, 118
Trd, 8639210.082, 140
Trd, 8639211.082, 62
Trd, 8639211.282, 65
Trd, 8639211.382, 64
Trd, 8639212.932, 63
Trd, 8639213.282, 61
Trd, 8639213.632, 60
Trd, 8639214.182, 135
Trd, 8639214.632, 140
Trd, 8639216.232, 140
Trd, 8639216.282, 140
Trd, 8639216.532, 125
Trd, 8639217.132, 140
Trd, 8639217.682, 140
Trd, 8639217.932, 81
Trd, 8639218.932, 140
Trd, 8639220.132, 140
Trd, 8639221.232, 140
Trd, 8639222.032, 131
Trd, 8639222.582, 137
Trd, 8639222.832, 137
Trd, 8639223.432, 87
Trd, 8639224.982, 140
Trd, 8639225.482, 140
Trd, 8639225.982, 140
Trd, 8639226.282, 139
Trd, 8639226.632, 90
Trd, 8639227.832, 63
Trd, 8639229.482, 60
Trd, 8639229.632, 64
Trd, 8639230.982, 64
Trd, 8639231.732, 61
Trd, 8639232.132, 60
Trd, 8639232.482, 60
Trd, 8639232.932, 60
Trd, 8639233.132, 73
Trd, 8639233.332, 72
Trd, 8639234.732, 140
Trd, 8639235.432, 140
Trd, 8639235.932, 119
Trd, 8639236.132, 115
Trd, 8639236.532, 87
Trd, 8639237.332, 87
Trd, 8639238.532, 140
Trd, 8639238.732, 139
Trd, 8639239.182, 140
Trd, 8639239.882, 139
Trd, 8639240.682, 63
Trd, 8639241.532, 100
Trd, 8639242.282, 140
Trd, 8639242.832, 62
Trd, 8639244.182, 63
Trd, 8639244.332, 67
Trd, 8639245.032, 62
Trd, 8639246.082, 63
Trd, 8639246.682, 67
Trd, 8639249.082, 60
Trd, 8639249.332, 70
Trd, 8639249.882, 65
Trd, 8639250.182, 69
Trd, 8639250.282, 65
Trd, 8639251.432, 63
Trd, 8639251.882, 62
Trd, 8639252.182, 64
Trd, 8639253.682, 140
Trd, 8639253.932, 140
Trd, 8639254.182, 140
Trd, 8639254.582, 140
Trd, 8639254.732, 130
Trd, 8639255.732, 60
Trd, 8639256.832, 60
Trd, 8639257.132, 60
Trd, 8639257.482, 60
Trd, 8639259.432, 60
Trd, 8639259.932, 62
Trd, 8639260.982, 60
Trd, 8639261.782, 60
Trd, 8639262.632, 60
Trd, 8639263.032, 61
Trd, 8639263.682, 61
Trd, 8639263.932, 61
Trd, 8639264.382, 61
Trd, 8639264.732, 62
Trd, 8639266.082, 61
Trd, 8639266.182, 62
Trd, 8639267.332, 62
Trd, 8639268.082, 63
Trd, 8639269.182, 69
Trd, 8639269.332, 67
Trd, 8639269.782, 71
Trd, 8639270.132, 139
Trd, 8639270.332, 126
Trd, 8639270.832, 61
Trd, 8639271.682, 69
Trd, 8639271.782, 90
Trd, 8639272.882, 66
Trd, 8639274.182, 66
Trd, 8639274.282, 74
Trd, 8639274.382, 75
Trd, 8639274.632, 64
Trd, 8639275.632, 139
Trd, 8639276.882, 137
Trd, 8639277.832, 140
Trd, 8639278.482, 100
Trd, 8639279.382, 138
Trd, 8639279.632, 87
Trd, 8639279.932, 67
Trd, 8639280.732, 60
Trd, 8639280.782, 60
Trd, 8639282.782, 60
Trd, 8639283.232, 62
Trd, 8639283.832, 60
Trd, 8639283.932, 60
Trd, 8639284.932, 60
Trd, 8639285.382, 65
Trd, 8639286.082, 62
Trd, 8639286.382, 61
Trd, 8639286.682, 61
Trd, 8639286.782, 61
Trd, 8639287.832, 81
Trd, 8639288.382, 140
Trd, 8639290.732, 60
Trd, 8639291.182, 63
Trd, 8639292.032, 62
Trd, 8639293.282, 63
Trd, 8639293.682, 140
Trd, 8639294.182, 140
Trd, 8639294.582, 138
Trd, 8639295.082, 140
Trd, 8639295.682, 126
Trd, 8639296.032, 125
Trd, 8639297.532, 138
Trd, 8639298.032, 137
Trd, 8639299.582, 140
Trd, 8639299.882, 140
Trd, 8639299.932, 140
Trd, 8639301.782, 140
Trd, 8639302.932, 140
Trd, 8639303.332, 140
Trd, 8639303.432, 140
Trd, 8639303.782, 139
Trd, 8639303.882, 137
Trd, 8639304.932, 137
Trd, 8639305.782, 140
Trd, 8639306.482, 140
Trd, 8639307.782, 140
Trd, 8639307.982, 140
Trd, 8639308.382, 138
Trd, 8639308.432, 136
Trd, 8639309.232, 140
Trd, 8639309.432, 140
Trd, 8639310.132, 69
Trd, 8639310.932, 140
Trd, 8639312.132, 62
Trd, 8639312.882, 140
Trd, 8639312.932, 138
Trd, 8639313.332, 116
Trd, 8639313.732, 115
Trd, 8639314.582, 60
Trd, 8639314.732, 68
Trd, 8639314.932, 64
Trd, 8639316.932, 60
Trd, 8639317.532, 64
Trd, 8639317.982, 68
Trd, 8639318.732, 66
Trd, 8639319.932, 60
Trd, 8639321.232, 61
Trd, 8639321.932, 62
Trd, 8639322.082, 63
Trd, 8639322.282, 62
Trd, 8639323.182, 69
Trd, 8639323.382, 68
Trd, 8639323.482, 70
Trd, 8639323.932, 64
Trd, 8639324.532, 87
Trd, 8639326.032, 60
Trd, 8639326.282, 60
Trd, 8639328.832, 60
Trd, 8639329.032, 61
Trd, 8639330.282, 60
Trd, 8639330.482, 60
Trd, 8639330.682, 61
Trd, 8639331.332, 60
Trd, 8639332.132, 62
Trd, 8639333.032, 63
Trd, 8639333.832, 61
Trd, 8639334.382, 60
Trd, 8639334.732, 60
Trd, 8639335.532, 63
Trd, 8639336.932, 60
Trd, 8639336.982, 60
Trd, 8639337.082, 62
Trd, 8639340.282, 64
Trd, 8639340.332, 62
Trd, 8639341.132, 61
Trd, 8639341.432, 61
Trd, 8639341.732, 66
Trd, 8639342.182, 65
Trd, 8639343.682, 60
Trd, 8639344.532, 62
Trd, 8639345.182, 62
Trd, 8639345.232, 63
Trd, 8639346.032, 62
Trd, 8639346.332, 70
Trd, 8639346.782, 60
Trd, 8639349.832, 60
Trd, 8639350.082, 60
Trd, 8639350.382, 62
Trd, 8639350.482, 68
Trd, 8639352.682, 61
Trd, 8639352.982, 60
Trd, 8639353.732, 62
Trd, 8639354.332, 71
Trd, 8639354.832, 70
Trd, 8639355.282, 69
Trd, 8639356.182, 100
Trd, 8639356.432, 140
Trd, 8639356.732, 140
Trd, 8639359.232, 60
Trd, 8639359.382, 61
Trd, 8639359.582, 61
Trd, 8639359.882, 61
Trd, 8639360.282, 93
Trd, 8639360.582, 138
Trd, 8639361.132, 140
Trd, 8639361.932, 140
Trd, 8639362.532, 128
Trd, 8639363.482, 95
Trd, 8639365.232, 140
Trd, 8639365.382, 140
Trd, 8639365.432, 139
Trd, 8639365.682, 126
Trd, 8639366.382, 101
Trd, 8639366.782, 137
Trd, 8639367.032, 97
Trd, 8639367.732, 96
Trd, 8639368.732, 137
Trd, 8639370.132, 138
Trd, 8639370.332, 117
Trd, 8639370.582, 116
Trd, 8639370.832, 120
Trd, 8639372.182, 117
Trd, 8639372.582, 61
Trd, 8639373.682, 67
Trd, 8639373.782, 68
Trd, 8639374.282, 140
Trd, 8639375.832, 140
Trd, 8639376.082, 140
Trd, 8639376.782, 140
Trd, 8639377.282, 140
Trd, 8639377.782, 139
Trd, 8639378.132, 114
Trd, 8639378.982, 66
Trd, 8639379.882, 62
Trd, 8639381.282, 61
Trd, 8639382.732, 60
Trd, 8639383.532, 60
Trd, 8639383.782, 60
Trd, 8639383.882, 61
Trd, 8639385.282, 60
Trd, 8639385.332, 62
Trd, 8639385.732, 62
Trd, 8639386.332, 68
Trd, 8639387.132, 66
Trd, 8639387.282, 65
Trd, 8639387.332, 64
Trd, 8639387.632, 60
Trd, 8639388.182, 66
Trd, 8639388.732, 89
Trd, 8639389.832, 140
Trd, 8639391.982, 139
Trd, 8639392.532, 134
Trd, 8639392.782, 137
Trd, 8639393.532, 140
Trd, 8639393.982, 140
Trd, 8639394.032, 140
Trd, 8639394.932, 123
Trd, 8639396.382, 75
Trd, 8639397.432, 140
Trd, 8639397.732, 140
Trd, 8639398.132, 138
Trd, 8639398.182, 79
Trd, 8639399.432, 138
Trd, 8639399.682, 84
Trd, 8639399.982, 140
Trd, 8639401.082, 140
Trd, 8639401.332, 138
Trd, 8639401.382, 125
Trd, 8639402.032, 139
Trd, 8639402.182, 83
Trd, 8639403.532, 138
Trd, 8639404.082, 139
Trd, 8639404.132, 138
Trd, 8639405.032, 138
Trd, 8639406.232, 114
Trd, 8639406.682, 105
Trd, 8639406.882, 70
Trd, 8639408.382, 140
Trd, 8639408.532, 140
Trd, 8639409.282, 140
Trd, 8639409.482, 140
Trd, 8639410.532, 140
Trd, 8639411.382, 140
Trd, 8639412.032, 138
Trd, 8639412.582, 140
Trd, 8639412.732, 140
Trd, 8639413.382, 140
Trd, 8639414.832, 61
Trd, 8639415.482, 61
Trd, 8639416.082, 60
Trd, 8639416.332, 60
Trd, 8639417.082, 60
Trd, 8639418.082, 69
Trd, 8639418.382, 61
Trd, 8639419.332, 64
Trd, 8639419.582, 76
Trd, 8639419.732, 78
Trd, 8639420.432, 62
Trd, 8639421.432, 62
Trd, 8639423.132, 62
Trd, 8639424.182, 60
Trd, 8639424.632, 60
Trd, 8639425.032, 60
Trd, 8639425.232, 61
Trd, 8639425.882, 61
Trd, 8639426.632, 76
Trd, 8639426.682, 116
Trd, 8639428.932, 61
Trd, 8639429.182, 66
Trd, 8639430.582, 60
Trd, 8639430.682, 60
Trd, 8639431.532, 63
Trd, 8639432.182, 61
Trd, 8639432.332, 71
Trd, 8639432.382, 61
Trd, 8639433.082, 61
Trd, 8639434.132, 61
Trd, 8639434.582, 82
Trd, 8639435.332, 62
Trd, 8639436.182, 72
Trd, 8639436.332, 80
Trd, 8639437.932, 140
Trd, 8639438.132, 127
Trd, 8639438.182, 90
Trd, 8639439.132, 139
Trd, 8639439.682, 139
Trd, 8639441.332, 140
Trd, 8639441.382, 140
Trd, 8639441.432, 140
Trd, 8639441.782, 140
Trd, 8639442.482, 137
Trd, 8639442.632, 136
Trd, 8639442.982, 126
Trd, 8639444.332, 140
Trd, 8639445.582, 140
Trd, 8639445.832, 140
Trd, 8639446.132, 140
Trd, 8639447.182, 139
Trd, 8639447.232, 125
Trd, 8639448.482, 140
Trd, 8639449.082, 93
Trd, 8639450.332, 60
Trd, 8639450.632, 61
Trd, 8639452.032, 60
Trd, 8639452.282, 60
Trd, 8639452.482, 60
Trd, 8639453.182, 62
Trd, 8639453.432, 60
Trd, 8639453.582, 66
Trd, 8639453.932, 60
Trd, 8639454.582, 60
Trd, 8639455.932, 65
Trd, 8639456.032, 95
Trd, 8639456.132, 60
Trd, 8639456.732, 139
Trd, 8639457.032, 140
Trd, 8639458.382, 140
Trd, 8639458.832, 140
Trd, 8639459.682, 88
Trd, 8639460.032, 64
Trd, 8639461.632, 136
Trd, 8639462.332, 63
Trd, 8639462.932, 136
Trd, 8639463.182, 123
Trd, 8639464.632, 140
Trd, 8639464.882, 71
Trd, 8639465.182, 65
Trd, 8639465.632, 61
Trd, 8639466.132, 60
Trd, 8639467.032, 65
Trd, 8639468.282, 60
Trd, 8639469.282, 63
Trd, 8639471.232, 61
Trd, 8639471.432, 62
Trd, 8639471.982, 60
Trd, 8639472.932, 60
Trd, 8639473.232, 64
Trd, 8639474.082, 62
Trd, 8639474.732, 64
Trd, 8639475.632, 61
Trd, 8639475.682, 61
Trd, 8639475.732, 62
Trd, 8639476.982, 139
Trd, 8639478.132, 130
Trd, 8639478.282, 129
Trd, 8639478.382, 122
Trd, 8639479.232, 140
Trd, 8639479.582, 101
Trd, 8639480.132, 64
Trd, 8639480.532, 82
Trd, 8639480.782, 140
Trd, 8639482.682, 140
Trd, 8639483.532, 140
Trd, 8639483.882, 124
Trd, 8639484.082, 138
Trd, 8639484.382, 123
Trd, 8639484.982, 77
Trd, 8639486.032, 112
Trd, 8639486.732, 60
Trd, 8639487.832, 63
Trd, 8639488.432, 140
Trd, 8639489.332, 140
Trd, 8639489.432, 140
Trd, 8639489.832, 140
Trd, 8639490.082, 131
Trd, 8639490.782, 127
Trd, 8639491.932, 139
Trd, 8639492.932, 140
Trd, 8639493.382, 140
Trd, 8639493.732, 140
Trd, 8639493.932, 138
Trd, 8639494.282, 120
Trd, 8639495.182, 137
Trd, 8639497.282, 115
Trd, 8639499.032, 140
Trd, 8639499.782, 140
Trd, 8639500.232, 140
Trd, 8639500.932, 140
Trd, 8639501.132, 140
Trd, 8639501.282, 125
Trd, 8639502.732, 140
Trd, 8639503.132, 140
Trd, 8639503.682, 139
Trd, 8639504.232, 128
Trd, 8639505.032, 139
Trd, 8639505.582, 125
Trd, 8639506.632, 140
Trd, 8639506.782, 140
Trd, 8639507.332, 139
Trd, 8639508.032, 140
Trd, 8639508.582, 131
Trd, 8639508.682, 127
Trd, 8639509.382, 140
Trd, 8639509.982, 139
Trd, 8639510.232, 84
Trd, 8639511.132, 139
Trd, 8639511.332, 138
Trd, 8639511.882, 74
Trd, 8639512.082, 71
Trd, 8639512.932, 140
Trd, 8639514.932, 140
Trd, 8639515.632, 140
Trd, 8639516.032, 140
Trd, 8639516.432, 139
Trd, 8639517.032, 99
Trd, 8639517.282, 92
Trd, 8639517.532, 86
Trd, 8639517.582, 85
Trd, 8639519.132, 140
Trd, 8639519.182, 140
Trd, 8639519.632, 139
Trd, 8639520.482, 140
Trd, 8639520.582, 119
Trd, 8639520.932, 118
Trd, 8639521.632, 89
Trd, 8639522.032, 88
Trd, 8639522.232, 140
Trd, 8639524.182, 138
Trd, 8639525.932, 140
Trd, 8639527.232, 136
Trd, 8639527.532, 136
Trd, 8639528.332, 139
Trd, 8639528.382, 125
Trd, 8639528.482, 122
Trd, 8639528.582, 85
Trd, 8639529.082, 64
Trd, 8639529.982, 64
Trd, 8639530.682, 65
Trd, 8639530.882, 66
Trd, 8639532.232, 140
Trd, 8639534.232, 60
Trd, 8639534.782, 61
Trd, 8639535.882, 62
Trd, 8639536.132, 61
Trd, 8639536.682, 60
Trd, 8639538.182, 61
Trd, 8639538.232, 64
Trd, 8639538.332, 68
Trd, 8639538.632, 139
Trd, 8639539.332, 69
Trd, 8639539.882, 63
Trd, 8639540.232, 64
Trd, 8639540.732, 139
Trd, 8639541.432, 66
Trd, 8639542.282, 61
Trd, 8639542.882, 60
Trd, 8639544.532, 140
Trd, 8639545.682, 140
Trd, 8639545.832, 140
Trd, 8639546.332, 140
Trd, 8639546.532, 140
Trd, 8639546.732, 140
Trd, 8639546.782, 98
Trd, 8639547.032, 64
Trd, 8639548.632, 61
Trd, 8639549.632, 63
Trd, 8639550.282, 66
Trd, 8639550.482, 60
Trd, 8639551.332, 61
Trd, 8639552.082, 60
Trd, 8639552.332, 61
Trd, 8639552.932, 67
Trd, 8639553.782, 60
Trd, 8639554.082, 102
Trd, 8639555.082, 79
Trd, 8639555.582, 60
Trd, 8639556.382, 60
Trd, 8639557.082, 61
Trd, 8639557.182, 65
Trd, 8639558.082, 109
Trd, 8639558.732, 137
Trd, 8639558.782, 67
Trd, 8639558.982, 67
Trd, 8639561.232, 60
Trd, 8639561.632, 60
Trd, 8639562.532, 63
Trd, 8639562.632, 68
Trd, 8639562.982, 60
Trd, 8639564.632, 60
Trd, 8639564.982, 60
Trd, 8639565.482, 65
Trd, 8639565.932, 140
Trd, 8639566.682, 64
Trd, 8639566.932, 63
Trd, 8639567.132, 64
Trd, 8639568.832, 60
Trd, 8639569.232, 92
Trd, 8639570.332, 140
Trd, 8639570.632, 139
Trd, 8639571.482, 61
Trd, 8639572.632, 60
Trd, 8639572.782, 60
Trd, 8639573.482, 63
Trd, 8639573.582, 66
Trd, 8639575.332, 61
Trd, 8639575.532, 63
Trd, 8639577.332, 60
Trd, 8639577.482, 60
Trd, 8639577.932, 62
Trd, 8639579.332, 62
Trd, 8639580.132, 60
Trd, 8639580.682, 60
Trd, 8639580.932, 60
Trd, 8639582.382, 60
Trd, 8639582.632, 61
Trd, 8639583.682, 61
Trd, 8639584.032, 61
Trd, 8639584.182, 62
Trd, 8639584.832, 65
Trd, 8639585.782, 140
Trd, 8639586.732, 140
Trd, 8639586.882, 139
Trd, 8639588.832, 140
Trd, 8639588.932, 140
Trd, 8639589.782, 140
Trd, 8639590.332, 140
Trd, 8639591.032, 140
Trd, 8639591.082, 137
Trd, 8639591.382, 132
Trd, 8639593.182, 139
Trd, 8639593.932, 140
Trd, 8639594.032, 126
Trd, 8639594.582, 81
Trd, 8639595.132, 99
Trd, 8639595.332, 64
Trd, 8639596.532, 140
Trd, 8639597.082, 140
Trd, 8639597.332, 140
Trd, 8639597.632, 140
Trd, 8639598.282, 140
Trd, 8639599.332, 140
Trd, 8639599.482, 140
Trd, 8639600.532, 60
Trd, 8639601.782, 80
Trd, 8639601.932, 139
Trd, 8639601.982, 65
Trd, 8639603.182, 71
Trd, 8639604.182, 81
Trd, 8639604.632, 93
Trd, 8639605.082, 63
Trd, 8639606.782, 61
Trd, 8639607.882, 60
Trd, 8639608.232, 60
Trd, 8639608.432, 60
Trd, 8639608.632, 61
Trd, 8639608.732, 107
Trd, 8639609.382, 71
Trd, 8639610.082, 61
Trd, 8639610.282, 61
Trd, 8639610.932, 61
Trd, 8639613.482, 61
Trd, 8639614.182, 61
Trd, 8639616.282, 61
Trd, 8639617.032, 60
Trd, 8639617.932, 60
Trd, 8639618.082, 60
Trd, 8639618.282, 62
Trd, 8639618.382, 63
Trd, 8639619.132, 60
Trd, 8639620.232, 61
Trd, 8639620.482, 64
Trd, 8639621.432, 61
Trd, 8639622.532, 60
Trd, 8639623.082, 61
Trd, 8639623.932, 60
Trd, 8639625.882, 60
Trd, 8639627.532, 60
Trd, 8639627.832, 62
Trd, 8639627.882, 63
Trd, 8639628.032, 71
Trd, 8639628.282, 62
Trd, 8639629.782, 130
Trd, 8639630.182, 127
Trd, 8639630.232, 114
Trd, 8639630.332, 73
Trd, 8639630.432, 71
Trd, 8639631.332, 140
Trd, 8639632.582, 140
Trd, 8639632.832, 139
Trd, 8639632.982, 138
Trd, 8639633.582, 139
Trd, 8639634.082, 140
Trd, 8639634.782, 85
Trd, 8639635.182, 67
Trd, 8639636.232, 140
Trd, 8639636.832, 139
Trd, 8639637.782, 140
Trd, 8639638.182, 140
Trd, 8639639.182, 140
Trd, 8639639.632, 139
Trd, 8639639.932, 126
Trd, 8639640.682, 77
Trd, 8639640.782, 74
Trd, 8639642.082, 140
Trd, 8639642.732, 140
Trd, 8639643.132, 139
Trd, 8639644.332, 82
Trd, 8639645.332, 81
Trd, 8639645.432, 98
Trd, 8639646.332, 99
Trd, 8639646.832, 67
Trd, 8639649.032, 61
Trd, 8639650.482, 61
Trd, 8639651.382, 62
Trd, 8639652.532, 60
Trd, 8639652.832, 60
Trd, 8639653.282, 61
Trd, 8639653.332, 61
Trd, 8639653.982, 60
Trd, 8639654.882, 62
Trd, 8639655.382, 60
Trd, 8639656.082, 61
Trd, 8639656.632, 61
Trd, 8639657.182, 60
Trd, 8639657.482, 61
Trd, 8639657.732, 63
Trd, 8639658.832, 61
Trd, 8639659.332, 60
Trd, 8639659.982, 60
Trd, 8639661.582, 60
Trd, 8639662.032, 60
Trd, 8639663.932, 62
Trd, 8639664.182, 63
Trd, 8639665.232, 61
Trd, 8639665.282, 63
Trd, 8639665.582, 61
Trd, 8639665.882, 60
Trd, 8639666.832, 66
Trd, 8639667.782, 138
Trd, 8639667.832, 137
Trd, 8639669.132, 62
Trd, 8639669.932, 63
Trd, 8639670.082, 65
Trd, 8639670.432, 140
Trd, 8639671.432, 61
Trd, 8639672.532, 140
Trd, 8639672.882, 140
Trd, 8639673.132, 97
Trd, 8639674.332, 67
Trd, 8639675.382, 68
Trd, 8639675.782, 80
Trd, 8639676.832, 67
Trd, 8639677.232, 70
Trd, 8639677.432, 75
Trd, 8639677.582, 67
Trd, 8639678.032, 140
Trd, 8639678.432, 62
Trd, 8639679.382, 138
Trd, 8639679.732, 136
Trd, 8639680.482, 140
Trd, 8639680.782, 139
Trd, 8639681.732, 106
Trd, 8639682.632, 128
Trd, 8639682.682, 94
Trd, 8639682.982, 133
Trd, 8639683.732, 61
Trd, 8639684.532, 139
Trd, 8639684.782, 140
Trd, 8639684.932, 139
Trd, 8639685.782, 60
Trd, 8639686.032, 60
Trd, 8639687.682, 64
Trd, 8639688.082, 64
Trd, 8639688.782, 61
Trd, 8639689.732, 64
Trd, 8639690.082, 63
Trd, 8639690.982, 140
Trd, 8639691.232, 140
Trd, 8639691.282, 139
Trd, 8639691.632, 64
Trd, 8639693.082, 64
Trd, 8639694.882, 60
Trd, 8639695.282, 61
Trd, 8639695.732, 63
Trd, 8639695.932, 60
Trd, 8639696.432, 60
Trd, 8639696.932, 60
Trd, 8639698.032, 62
Trd, 8639700.132, 62
Trd, 8639701.032, 62
Trd, 8639701.132, 62
Trd, 8639701.332, 64
Trd, 8639701.532, 72
Trd, 8639702.032, 62
Trd, 8639702.582, 60
Trd, 8639703.782, 60
Trd, 8639704.282, 62
Trd, 8639704.782, 61
Trd, 8639705.032, 139
Trd, 8639705.682, 62
Trd, 8639706.832, 61
Trd, 8639708.232, 71
Trd, 8639708.632, 68
Trd, 8639708.682, 67
Trd, 8639709.132, 66
Trd, 8639709.482, 64
Trd, 8639710.332, 140
Trd, 8639710.732, 85
Trd, 8639711.932, 120
Trd, 8639712.482, 86
Trd, 8639713.532, 140
Trd, 8639714.032, 140
Trd, 8639714.082, 140
Trd, 8639714.582, 60
Trd, 8639715.282, 140
Trd, 8639715.482, 140
Trd, 8639716.532, 139
Trd, 8639716.782, 140
Trd, 8639718.332, 104
Trd, 8639718.582, 100
Trd, 8639718.882, 95
Trd, 8639720.732, 140
Trd, 8639720.832, 140
Trd, 8639721.032, 140
Trd, 8639722.132, 140
Trd, 8639722.432, 140
Trd, 8639722.882, 113
Trd, 8639723.282, 108
Trd, 8639723.832, 67
Trd, 8639724.782, 61
Trd, 8639725.032, 63
Trd, 8639725.582, 67
Trd, 8639726.432, 60
Trd, 8639727.532, 60
Trd, 8639729.082, 61
Trd, 8639730.282, 60
Trd, 8639731.132, 63
Trd, 8639731.632, 64
Trd, 8639732.432, 68
Trd, 8639732.732, 69
Trd, 8639733.332, 60
Trd, 8639733.582, 60
Trd, 8639733.732, 76
Trd, 8639734.832, 65
Trd, 8639736.132, 61
Trd, 8639736.682, 61
Trd, 8639737.232, 61
Trd, 8639737.682, 91
Trd, 8639737.832, 83
Trd, 8639738.682, 140
Trd, 8639739.182, 140
Trd, 8639740.032, 140
Trd, 8639740.382, 140
Trd, 8639740.882, 140
Trd, 8639741.482, 140
Trd, 8639741.832, 140
Trd, 8639742.682, 88
Trd, 8639742.832, 60
Trd, 8639743.482, 140
Trd, 8639744.732, 60
Trd, 8639744.982, 60
Trd, 8639747.032, 62
Trd, 8639747.082, 61
Trd, 8639747.732, 61
Trd, 8639747.932, 61
Trd, 8639748.032, 60
Trd, 8639749.682, 60
Trd, 8639749.732, 60
Trd, 8639750.232, 61
Trd, 8639750.782, 61
Trd, 8639750.982, 67
Trd, 8639751.982, 140
Trd, 8639753.282, 140
Trd, 8639753.932, 140
Trd, 8639754.032, 140
Trd, 8639754.182, 140
Trd, 8639754.332, 140
Trd, 8639754.532, 125
Trd, 8639754.782, 95
Trd, 8639756.832, 140
Trd, 8639757.232, 140
Trd, 8639757.482, 63
Trd, 8639758.432, 64
Trd, 8639758.832, 140
Trd, 8639759.282, 140
Trd, 8639759.432, 126
Trd, 8639760.782, 140
Trd, 8639761.432, 140
Trd, 8639762.132, 139
Trd, 8639762.332, 103
Trd, 8639763.232, 87
Trd, 8639763.782, 87
Trd, 8639764.282, 93
Trd, 8639765.432, 140
Trd, 8639765.532, 140
Trd, 8639765.732, 140
Trd, 8639766.232, 139
Trd, 8639766.582, 140
Trd, 8639767.932, 140
Trd, 8639768.182, 140
Trd, 8639768.632, 140
Trd, 8639768.682, 125
Trd, 8639769.482, 104
Trd, 8639769.932, 140
Trd, 8639772.132, 140
Trd, 8639773.032, 139
Trd, 8639773.132, 138
Trd, 8639773.732, 139
Trd, 8639774.582, 137
Trd, 8639774.832, 140
Trd, 8639774.982, 129
Trd, 8639775.382, 123
Trd, 8639775.682, 140
Trd, 8639777.532, 62
Trd, 8639778.082, 60
Trd, 8639778.782, 61
Trd, 8639779.682, 61
Trd, 8639780.332, 61
Trd, 8639782.482, 60
Trd, 8639782.882, 63
Trd, 8639783.582, 62
Trd, 8639783.682, 60
Trd, 8639783.932, 62
Trd, 8639784.282, 61
Trd, 8639785.382, 62
Trd, 8639785.732, 60
Trd, 8639786.882, 140
Trd, 8639788.182, 140
Trd, 8639789.182, 140
Trd, 8639789.382, 140
Trd, 8639789.532, 115
Trd, 8639791.032, 140
Trd, 8639792.282, 140
Trd, 8639792.782, 140
Trd, 8639792.832, 140
Trd, 8639793.982, 140
Trd, 8639794.132, 140
Trd, 8639794.732, 140
Trd, 8639795.382, 138
Trd, 8639796.832, 140
Trd, 8639797.232, 117
Trd, 8639797.782, 106
Trd, 8639798.482, 136
Trd, 8639799.032, 126
Trd, 8639799.782, 139
Trd, 8639800.182, 136
Trd, 8639800.582, 95
Trd, 8639801.132, 111
Trd, 8639802.082, 79
Trd, 8639803.482, 128
Trd, 8639803.832, 73
Trd, 8639804.532, 65
Trd, 8639805.082, 66
Trd, 8639805.782, 139
Trd, 8639805.832, 136
Trd, 8639806.482, 106
Trd, 8639807.432, 139
Trd, 8639807.832, 62
Trd, 8639808.732, 140
Trd, 8639808.832, 140
Trd, 8639808.982, 140
Trd, 8639810.682, 140
Trd, 8639811.382, 140
Trd, 8639812.382, 140
Trd, 8639812.632, 140
Trd, 8639812.932, 140
Trd, 8639813.682, 140
Trd, 8639813.832, 140
Trd, 8639814.332, 140
Trd, 8639814.732, 140
Trd, 8639815.882, 140
Trd, 8639815.982, 140
Trd, 8639816.132, 125
Trd, 8639817.082, 139
Trd, 8639818.282, 140
Trd, 8639818.982, 140
Trd, 8639820.282, 140
Trd, 8639820.782, 138
Trd, 8639821.282, 140
Trd, 8639821.482, 140
Trd, 8639821.732, 140
Trd, 8639822.832, 83
Trd, 8639823.632, 77
Trd, 8639824.232, 140
Trd, 8639824.482, 75
Trd, 8639825.082, 62
Trd, 8639826.332, 66
Trd, 8639826.732, 67
Trd, 8639828.282, 140
Trd, 8639828.332, 140
Trd, 8639828.382, 140
Trd, 8639829.382, 60
Trd, 8639829.982, 61
Trd, 8639830.832, 60
Trd, 8639831.732, 60
Trd, 8639831.932, 60
Trd, 8639833.282, 60
Trd, 8639833.332, 61
Trd, 8639833.632, 60
Trd, 8639833.882, 63
Trd, 8639834.632, 61
Trd, 8639834.782, 62
Trd, 8639835.732, 139
Trd, 8639836.782, 60
Trd, 8639836.982, 67
Trd, 8639837.482, 134
Trd, 8639839.782, 60
Trd, 8639840.132, 60
Trd, 8639840.232, 60
Trd, 8639840.682, 64
Trd, 8639841.632, 60
Trd, 8639843.532, 60
Trd, 8639843.682, 61
Trd, 8639843.882, 62
Trd, 8639844.432, 61
Trd, 8639844.732, 62
Trd, 8639844.832, 63
Trd, 8639845.182, 60
Trd, 8639848.232, 60
Trd, 8639848.532, 61
Trd, 8639848.682, 62
Trd, 8639849.632, 60
Trd, 8639850.332, 60
Trd, 8639850.832, 61
Trd, 8639851.082, 66
Trd, 8639851.832, 62
Trd, 8639851.882, 62
Trd, 8639854.182, 60
Trd, 8639854.632, 60
Trd, 8639855.982, 60
Trd, 8639856.232, 60
Trd, 8639856.332, 63
Trd, 8639858.132, 60
Trd, 8639858.732, 60
Trd, 8639858.982, 60
Trd, 8639859.532, 61
Trd, 8639859.832, 63
Trd, 8639859.932, 62
Trd, 8639861.132, 61
Trd, 8639862.232, 60
Trd, 8639863.932, 61
Trd, 8639864.032, 62
Trd, 8639865.532, 60
Trd, 8639866.032, 60
Trd, 8639866.682, 60
Trd, 8639867.082, 61
Trd, 8639867.332, 61
Trd, 8639867.582, 62
Trd, 8639867.632, 63
Trd, 8639868.382, 82
Trd, 8639869.082, 62
Trd, 8639870.032, 71
Trd, 8639871.432, 140
Trd, 8639871.982, 140
Trd, 8639872.382, 140
Trd, 8639872.532, 139
Trd, 8639872.582, 125
Trd, 8639873.082, 68
Trd, 8639875.382, 63
Trd, 8639876.382, 63
Trd, 8639876.532, 62
Trd, 8639877.582, 62
Trd, 8639877.882, 62
Trd, 8639878.482, 140
Trd, 8639878.582, 125
Trd, 8639878.932, 62
Trd, 8639879.932, 139
Trd, 8639880.282, 140
Trd, 8639882.132, 140
Trd, 8639882.732, 140
Trd, 8639884.332, 140
Trd, 8639884.932, 140
Trd, 8639884.982, 139
Trd, 8639886.082, 139
Trd, 8639886.732, 140
Trd, 8639886.832, 140
Trd, 8639887.182, 138
Trd, 8639888.382, 139
Trd, 8639889.082, 113
Trd, 8639889.382, 140
Trd, 8639890.132, 61
Trd, 8639890.732, 62
Trd, 8639892.582, 60
Trd, 8639894.232, 60
Trd, 8639894.332, 61
Trd, 8639894.532, 62
Trd, 8639896.382, 61
Trd, 8639897.782, 60
Trd, 8639898.232, 60
Trd, 8639898.332, 61
Trd, 8639898.782, 60
Trd, 8639898.982, 60
Trd, 8639899.032, 60
Trd, 8639899.482, 66
Trd, 8639900.982, 78
Trd, 8639902.632, 63
Trd, 8639903.482, 62
Trd, 8639904.232, 60
Trd, 8639904.482, 60
Trd, 8639905.232, 61
Trd, 8639905.282, 64
Trd, 8639905.482, 64
Trd, 8639905.732, 62
Trd, 8639907.032, 140
Trd, 8639907.382, 139
Trd, 8639907.782, 67
Trd, 8639909.082, 62
Trd, 8639909.882, 139
Trd, 8639910.382, 137
Trd, 8639910.782, 60
Trd, 8639911.132, 69
Trd, 8639912.082, 85
Trd, 8639912.232, 139
Trd, 8639912.782, 83
Trd, 8639913.082, 140
Trd, 8639914.982, 139
Trd, 8639915.532, 97
Trd, 8639915.832, 89
Trd, 8639916.582, 140
Trd, 8639917.082, 140
Trd, 8639918.432, 140
Trd, 8639918.832, 60
Trd, 8639919.132, 62
Trd, 8639919.382, 63
Trd, 8639920.532, 60
Trd, 8639920.732, 62
Trd, 8639924.132, 60
Trd, 8639925.732, 60
Trd, 8639926.282, 61
Trd, 8639926.682, 60
Trd, 8639926.832, 62
Trd, 8639927.332, 62
Trd, 8639927.632, 65
Trd, 8639928.932, 61
Trd, 8639929.932, 62
Trd, 8639930.082, 68
Trd, 8639931.882, 60
Trd, 8639932.482, 60
Trd, 8639932.582, 60
Trd, 8639932.832, 62
Trd, 8639933.282, 61
Trd, 8639934.082, 60
Trd, 8639934.282, 66
Trd, 8639934.782, 61
Trd, 8639934.982, 63
Trd, 8639935.482, 63
Trd, 8639935.582, 64
Trd, 8639936.132, 61
Trd, 8639936.882, 140
Trd, 8639937.932, 140
Trd, 8639938.432, 140
Trd, 8639938.832, 140
Trd, 8639940.082, 138
Trd, 8639940.432, 137
Trd, 8639940.832, 124
Trd, 8639941.282, 115
Trd, 8639941.582, 114
Trd, 8639944.132, 140
Trd, 8639944.682, 140
Trd, 8639944.832, 140
Trd, 8639944.932, 139
Trd, 8639945.582, 125
Trd, 8639946.332, 106
Trd, 8639946.482, 87
Trd, 8639948.082, 63
Trd, 8639948.432, 64
Trd, 8639948.482, 68
Trd, 8639949.132, 62
Trd, 8639949.682, 68
Trd, 8639950.132, 61
Trd, 8639951.332, 63
Trd, 8639951.782, 61
Trd, 8639952.732, 60
Trd, 8639954.432, 60
Trd, 8639954.882, 60
Trd, 8639955.582, 60
Trd, 8639955.632, 60
Trd, 8639955.832, 61
Trd, 8639956.232, 84
Trd, 8639957.082, 63
Trd, 8639958.182, 62
Trd, 8639958.832, 73
Trd, 8639959.482, 79
Trd, 8639960.032, 64
Trd, 8639960.532, 60
Trd, 8639960.732, 61
Trd, 8639962.882, 62
Trd, 8639962.982, 62
Trd, 8639963.432, 64
Trd, 8639964.032, 61
Trd, 8639964.632, 138
Trd, 8639964.982, 116
Trd, 8639965.782, 94
Trd, 8639966.832, 140
Trd, 8639967.582, 140
Trd, 8639967.632, 139
Trd, 8639967.782, 139
Trd, 8639968.132, 135
Trd, 8639969.482, 60
Trd, 8639969.982, 92
Trd, 8639971.132, 94
Trd, 8639971.182, 93
Trd, 8639971.382, 85
Trd, 8639971.532, 128
Trd, 8639972.732, 80
Trd, 8639972.832, 79
Trd, 8639973.582, 140
Trd, 8639974.682, 140
Trd, 8639975.032, 140
Trd, 8639975.932, 128
Trd, 8639976.332, 88
Trd, 8639976.932, 99
Trd, 8639977.482, 140
Trd, 8639978.482, 140
Trd, 8639978.782, 140
Trd, 8639979.232, 140
Trd, 8639979.282, 137
Trd, 8639980.232, 92
Trd, 8639980.682, 131
Trd, 8639981.882, 140
Trd, 8639982.882, 140
Trd, 8639983.332, 140
Trd, 8639983.382, 135
Trd, 8639984.132, 140
Trd, 8639984.782, 140
Trd, 8639985.982, 140
Trd, 8639986.032, 140
Trd, 8639987.082, 137
Trd, 8639987.132, 123
Trd, 8639987.282, 120
Trd, 8639988.482, 140
Trd, 8639989.432, 140
Trd, 8639990.482, 140
Trd, 8639990.682, 140
Trd, 8639990.882, 140
Trd, 8639991.432, 61
Trd, 8639993.132, 60
Trd, 8639994.382, 60
Trd, 8639994.782, 61
Trd, 8639995.182, 60
Trd, 8639995.532, 61
Trd, 8639995.582, 62
Trd, 8639996.182, 63
Trd, 8639997.082, 60
Trd, 8639997.332, 61
Trd, 8639997.932, 61
Trd, 8639998.982, 62
Trd, 8639999.882, 63
Trd, 8639999.982, 72
