Trd, 8638145.932, 135
Trd, 8638146.982, 134
Trd, 8638147.382, 104
Trd, 8638147.582, 140
Trd, 8638149.332, 61
Trd, 8638149.732, 60
Trd, 8638149.982, 62
Trd, 8638150.732, 69
Trd, 8638151.982, 73
Trd, 8638152.182, 75
Trd, 8638152.332, 74
Trd, 8638153.182, 121
Trd, 8638153.982, 138
Trd, 8638154.182, 84
Trd, 8638155.232, 125
Trd, 8638155.732, 124
Trd, 8638155.782, 77
Trd, 8638156.432, 86
Trd, 8638157.282, 61
Trd, 8638158.432, 62
Trd, 8638159.632, 63
Trd, 8638161.882, 60
Trd, 8638163.432, 60
Trd, 8638163.732, 60
Trd, 8638163.882, 60
Trd, 8638164.032, 60
Trd, 8638164.932, 61
Trd, 8638165.282, 135
Trd, 8638165.932, 60
Trd, 8638166.082, 62
Trd, 8638166.832, 83
Trd, 8638167.632, 66
Trd, 8638168.432, 60
Trd, 8638168.582, 111
Trd, 8638170.782, 60
Trd, 8638173.282, 62
Trd, 8638173.332, 62
Trd, 8638173.682, 64
Trd, 8638174.632, 68
Trd, 8638174.682, 70
Trd, 8638174.832, 64
Trd, 8638175.182, 65
Trd, 8638175.582, 65
Trd, 8638176.032, 65
Trd, 8638176.832, 61
Trd, 8638177.132, 62
Trd, 8638180.682, 60
Trd, 8638181.682, 62
Trd, 8638181.932, 61
Trd, 8638182.032, 65
Trd, 8638183.132, 63
Trd, 8638183.432, 65
Trd, 8638184.182, 140
Trd, 8638184.382, 67
Trd, 8638184.732, 65
Trd, 8638185.382, 69
Trd, 8638186.332, 72
Trd, 8638186.482, 76
Trd, 8638186.632, 69
Trd, 8638188.432, 61
Trd, 8638188.632, 96
Trd, 8638188.782, 95
Trd, 8638189.132, 61
Trd, 8638190.982, 63
Trd, 8638191.982, 60
Trd, 8638192.332, 61
Trd, 8638192.982, 69
Trd, 8638193.682, 140
Trd, 8638194.632, 75
Trd, 8638194.782, 74
Trd, 8638194.932, 75
Trd, 8638195.332, 75
Trd, 8638195.832, 76
Trd, 8638196.632, 140
Trd, 8638197.632, 140
Trd, 8638198.232, 140
Trd, 8638198.882, 140
Trd, 8638199.132, 140
Trd, 8638199.482, 140
Trd, 8638199.782, 140
Trd, 8638200.382, 126
Trd, 8638200.832, 68
Trd, 8638201.782, 140
Trd, 8638202.182, 140
Trd, 8638202.282, 140
Trd, 8638203.432, 140
Trd, 8638204.132, 89
Trd, 8638204.832, 79
Trd, 8638204.932, 87
Trd, 8638207.432, 65
Trd, 8638207.882, 69
Trd, 8638207.932, 70
Trd, 8638209.282, 64
Trd, 8638209.532, 63
Trd, 8638209.882, 113
Trd, 8638210.832, 68
Trd, 8638211.582, 70
Trd, 8638212.682, 71
Trd, 8638212.882, 71
Trd, 8638213.582, 93
Trd, 8638214.032, 86
Trd, 8638214.082, 85
Trd, 8638214.332, 110
Trd, 8638215.182, 76
Trd, 8638215.832, 77
Trd, 8638216.382, 93
Trd, 8638216.932, 79
Trd, 8638217.432, 78
Trd, 8638218.282, 64
Trd, 8638219.032, 60
Trd, 8638219.182, 60
Trd, 8638223.232, 60
Trd, 8638223.382, 62
Trd, 8638223.432, 65
Trd, 8638223.682, 65
Trd, 8638223.882, 66
Trd, 8638223.982, 66
Trd, 8638226.232, 95
Trd, 8638226.532, 75
Trd, 8638226.782, 74
Trd, 8638227.182, 97
Trd, 8638228.432, 140
Trd, 8638228.482, 140
Trd, 8638228.582, 140
Trd, 8638228.682, 140
Trd, 8638228.932, 139
Trd, 8638230.882, 61
Trd, 8638231.282, 61
Trd, 8638231.982, 61
Trd, 8638233.432, 60
Trd, 8638234.382, 60
Trd, 8638236.132, 60
Trd, 8638236.682, 61
Trd, 8638236.832, 63
Trd, 8638236.882, 65
Trd, 8638237.282, 61
Trd, 8638238.582, 80
Trd, 8638238.682, 78
Trd, 8638238.982, 74
Trd, 8638239.482, 73
Trd, 8638239.532, 97
Trd, 8638239.582, 72
Trd, 8638241.282, 63
Trd, 8638242.782, 60
Trd, 8638244.132, 60
Trd, 8638245.732, 61
Trd, 8638247.782, 60
Trd, 8638247.982, 61
Trd, 8638248.932, 64
Trd, 8638249.882, 65
Trd, 8638250.082, 67
Trd, 8638250.832, 66
Trd, 8638251.032, 66
Trd, 8638252.182, 67
Trd, 8638254.382, 61
Trd, 8638254.982, 61
Trd, 8638255.232, 63
Trd, 8638256.582, 60
Trd, 8638256.832, 61
Trd, 8638257.282, 71
Trd, 8638257.882, 127
Trd, 8638258.382, 140
Trd, 8638258.482, 140
Trd, 8638259.182, 140
Trd, 8638259.732, 140
Trd, 8638260.132, 140
Trd, 8638260.332, 140
Trd, 8638260.632, 140
Trd, 8638261.732, 140
Trd, 8638261.832, 140
Trd, 8638262.032, 140
Trd, 8638262.132, 125
Trd, 8638262.632, 64
Trd, 8638263.382, 60
Trd, 8638264.932, 63
Trd, 8638267.282, 60
Trd, 8638268.032, 60
Trd, 8638268.282, 61
Trd, 8638269.782, 61
Trd, 8638270.432, 63
Trd, 8638272.982, 60
Trd, 8638273.432, 61
Trd, 8638273.582, 62
Trd, 8638273.732, 62
Trd, 8638273.982, 60
Trd, 8638274.782, 62
Trd, 8638275.182, 62
Trd, 8638275.632, 65
Trd, 8638276.632, 72
Trd, 8638276.832, 65
Trd, 8638277.232, 65
Trd, 8638277.582, 63
Trd, 8638278.232, 62
Trd, 8638279.432, 116
Trd, 8638281.032, 65
Trd, 8638283.332, 60
Trd, 8638283.982, 60
Trd, 8638286.132, 60
Trd, 8638286.232, 62
Trd, 8638286.732, 63
Trd, 8638286.782, 71
Trd, 8638287.232, 61
Trd, 8638287.282, 62
Trd, 8638287.932, 61
Trd, 8638288.632, 62
Trd, 8638288.982, 67
Trd, 8638290.932, 61
Trd, 8638291.382, 60
Trd, 8638292.982, 60
Trd, 8638294.632, 68
Trd, 8638295.132, 60
Trd, 8638297.132, 60
Trd, 8638297.482, 68
Trd, 8638297.882, 67
Trd, 8638298.082, 66
Trd, 8638298.132, 63
Trd, 8638298.732, 60
Trd, 8638299.032, 138
Trd, 8638300.132, 140
Trd, 8638301.232, 140
Trd, 8638301.482, 140
Trd, 8638301.732, 136
Trd, 8638302.182, 116
Trd, 8638304.482, 61
Trd, 8638305.082, 62
Trd, 8638305.732, 60
Trd, 8638307.032, 62
Trd, 8638307.532, 60
Trd, 8638307.932, 61
Trd, 8638308.982, 60
Trd, 8638310.232, 64
Trd, 8638311.532, 61
Trd, 8638311.782, 61
Trd, 8638312.232, 65
Trd, 8638312.982, 61
Trd, 8638313.782, 61
Trd, 8638314.182, 60
Trd, 8638314.282, 68
Trd, 8638315.032, 66
Trd, 8638317.682, 63
Trd, 8638317.782, 62
Trd, 8638319.532, 61
Trd, 8638321.132, 61
Trd, 8638321.882, 61
Trd, 8638322.682, 62
Trd, 8638323.082, 62
Trd, 8638323.482, 61
Trd, 8638323.632, 84
Trd, 8638324.582, 66
Trd, 8638324.782, 66
Trd, 8638325.232, 66
Trd, 8638325.532, 66
Trd, 8638325.832, 121
Trd, 8638327.832, 60
Trd, 8638328.332, 62
Trd, 8638329.282, 60
Trd, 8638329.632, 61
Trd, 8638329.782, 62
Trd, 8638329.882, 60
Trd, 8638330.582, 71
Trd, 8638330.682, 62
Trd, 8638331.582, 87
Trd, 8638331.832, 64
Trd, 8638333.182, 73
Trd, 8638333.332, 72
Trd, 8638334.232, 87
Trd, 8638334.332, 70
Trd, 8638334.882, 72
Trd, 8638335.132, 72
Trd, 8638336.032, 95
Trd, 8638336.832, 101
Trd, 8638337.032, 100
Trd, 8638337.632, 107
Trd, 8638339.032, 61
Trd, 8638340.432, 60
Trd, 8638341.132, 62
Trd, 8638342.382, 65
Trd, 8638343.582, 60
Trd, 8638345.432, 60
Trd, 8638345.832, 60
Trd, 8638346.632, 61
Trd, 8638346.932, 64
Trd, 8638347.332, 63
Trd, 8638347.832, 62
Trd, 8638348.382, 66
Trd, 8638348.782, 63
Trd, 8638349.632, 87
Trd, 8638349.832, 65
Trd, 8638351.232, 104
Trd, 8638351.382, 119
Trd, 8638351.432, 103
Trd, 8638351.832, 140
Trd, 8638352.482, 140
Trd, 8638353.882, 60
Trd, 8638355.232, 62
Trd, 8638355.582, 62
Trd, 8638355.832, 61
Trd, 8638356.182, 61
Trd, 8638357.032, 67
Trd, 8638357.332, 138
Trd, 8638358.532, 62
Trd, 8638359.632, 65
Trd, 8638360.382, 69
Trd, 8638360.432, 67
Trd, 8638361.332, 66
Trd, 8638362.032, 66
Trd, 8638364.482, 61
Trd, 8638365.182, 126
Trd, 8638365.332, 136
Trd, 8638365.382, 62
Trd, 8638366.582, 71
Trd, 8638367.632, 140
Trd, 8638367.782, 140
Trd, 8638368.132, 140
Trd, 8638368.382, 140
Trd, 8638368.832, 140
Trd, 8638369.382, 140
Trd, 8638369.632, 140
Trd, 8638369.982, 140
Trd, 8638370.632, 62
Trd, 8638371.332, 139
Trd, 8638372.132, 60
Trd, 8638372.582, 60
Trd, 8638372.832, 65
Trd, 8638373.432, 66
Trd, 8638373.932, 72
Trd, 8638373.982, 66
Trd, 8638376.632, 140
Trd, 8638376.682, 108
Trd, 8638377.382, 93
Trd, 8638377.482, 82
Trd, 8638379.182, 85
Trd, 8638379.582, 85
Trd, 8638380.082, 139
Trd, 8638380.632, 140
Trd, 8638381.282, 83
Trd, 8638382.432, 129
Trd, 8638382.482, 83
Trd, 8638383.582, 86
Trd, 8638384.632, 121
Trd, 8638384.882, 84
Trd, 8638385.282, 139
Trd, 8638385.932, 139
Trd, 8638386.782, 140
Trd, 8638387.282, 140
Trd, 8638387.482, 139
Trd, 8638388.782, 140
Trd, 8638389.082, 140
Trd, 8638390.482, 140
Trd, 8638390.582, 140
Trd, 8638390.632, 140
Trd, 8638390.932, 134
Trd, 8638391.532, 133
Trd, 8638391.632, 132
Trd, 8638392.382, 135
Trd, 8638393.932, 140
Trd, 8638394.732, 140
Trd, 8638395.032, 140
Trd, 8638395.882, 140
Trd, 8638396.382, 140
Trd, 8638396.832, 140
Trd, 8638397.832, 140
Trd, 8638397.882, 140
Trd, 8638398.082, 113
Trd, 8638398.432, 140
Trd, 8638400.082, 132
Trd, 8638400.482, 127
Trd, 8638400.632, 108
Trd, 8638400.682, 106
Trd, 8638402.582, 124
Trd, 8638403.532, 61
Trd, 8638403.682, 69
Trd, 8638404.832, 60
Trd, 8638405.782, 62
Trd, 8638405.882, 63
Trd, 8638406.432, 75
Trd, 8638407.482, 62
Trd, 8638407.632, 61
Trd, 8638408.932, 63
Trd, 8638409.332, 62
Trd, 8638410.332, 140
Trd, 8638410.632, 140
Trd, 8638410.682, 140
Trd, 8638411.282, 139
Trd, 8638411.532, 61
Trd, 8638412.332, 140
Trd, 8638412.632, 61
Trd, 8638412.932, 73
Trd, 8638414.632, 93
Trd, 8638414.732, 92
Trd, 8638414.782, 68
Trd, 8638415.732, 133
Trd, 8638417.582, 140
Trd, 8638417.732, 140
Trd, 8638417.832, 140
Trd, 8638418.232, 140
Trd, 8638418.332, 140
Trd, 8638418.382, 140
Trd, 8638419.832, 138
Trd, 8638420.332, 135
Trd, 8638421.132, 98
Trd, 8638421.232, 96
Trd, 8638423.232, 95
Trd, 8638423.782, 94
Trd, 8638424.732, 65
Trd, 8638425.532, 60
Trd, 8638426.882, 60
Trd, 8638429.682, 61
Trd, 8638429.932, 62
Trd, 8638430.132, 63
Trd, 8638430.432, 60
Trd, 8638430.482, 65
Trd, 8638431.582, 63
Trd, 8638431.732, 62
Trd, 8638432.482, 70
Trd, 8638432.582, 68
Trd, 8638432.782, 60
Trd, 8638434.932, 60
Trd, 8638435.232, 60
Trd, 8638437.982, 61
Trd, 8638438.382, 60
Trd, 8638438.882, 64
Trd, 8638439.932, 61
Trd, 8638440.032, 62
Trd, 8638440.282, 64
Trd, 8638440.332, 62
Trd, 8638442.032, 67
Trd, 8638442.132, 71
Trd, 8638442.582, 66
Trd, 8638442.882, 65
Trd, 8638443.282, 62
Trd, 8638444.282, 63
Trd, 8638446.782, 60
Trd, 8638446.832, 60
Trd, 8638448.382, 63
Trd, 8638450.382, 60
Trd, 8638450.932, 61
Trd, 8638451.132, 61
Trd, 8638451.632, 62
Trd, 8638452.132, 63
Trd, 8638452.432, 62
Trd, 8638452.632, 61
Trd, 8638453.032, 64
Trd, 8638453.382, 61
Trd, 8638454.232, 61
Trd, 8638456.282, 60
Trd, 8638456.382, 64
Trd, 8638456.482, 67
Trd, 8638457.882, 86
Trd, 8638458.082, 80
Trd, 8638458.482, 139
Trd, 8638459.482, 99
Trd, 8638459.982, 63
Trd, 8638461.382, 73
Trd, 8638461.432, 72
Trd, 8638462.632, 137
Trd, 8638462.882, 82
Trd, 8638463.632, 86
Trd, 8638463.982, 86
Trd, 8638464.482, 84
Trd, 8638465.032, 140
Trd, 8638465.332, 134
Trd, 8638465.382, 133
Trd, 8638466.082, 132
Trd, 8638468.532, 60
Trd, 8638468.732, 60
Trd, 8638469.682, 60
Trd, 8638472.032, 65
Trd, 8638474.532, 61
Trd, 8638474.982, 60
Trd, 8638475.982, 62
Trd, 8638476.182, 64
Trd, 8638477.032, 61
Trd, 8638477.132, 61
Trd, 8638477.582, 128
Trd, 8638477.632, 127
Trd, 8638478.632, 131
Trd, 8638479.232, 133
Trd, 8638479.432, 140
Trd, 8638479.482, 133
Trd, 8638479.682, 132
Trd, 8638480.382, 119
Trd, 8638481.432, 122
Trd, 8638482.032, 67
Trd, 8638482.232, 126
Trd, 8638484.132, 61
Trd, 8638484.682, 62
Trd, 8638484.982, 64
Trd, 8638485.132, 65
Trd, 8638485.582, 65
Trd, 8638486.082, 64
Trd, 8638486.482, 71
Trd, 8638488.032, 61
Trd, 8638488.332, 61
Trd, 8638490.182, 61
Trd, 8638490.682, 61
Trd, 8638491.182, 70
Trd, 8638491.232, 68
Trd, 8638491.332, 65
Trd, 8638492.332, 140
Trd, 8638492.632, 140
Trd, 8638493.632, 134
Trd, 8638494.182, 135
Trd, 8638494.282, 69
Trd, 8638495.082, 62
Trd, 8638495.282, 61
Trd, 8638495.832, 138
Trd, 8638496.632, 60
Trd, 8638501.982, 60
Trd, 8638502.832, 60
Trd, 8638503.232, 60
Trd, 8638503.732, 60
Trd, 8638504.132, 61
Trd, 8638504.332, 61
Trd, 8638504.982, 61
Trd, 8638505.132, 62
Trd, 8638505.482, 60
Trd, 8638506.382, 64
Trd, 8638506.732, 64
Trd, 8638506.832, 75
Trd, 8638506.932, 68
Trd, 8638507.332, 65
Trd, 8638509.632, 64
Trd, 8638510.982, 61
Trd, 8638512.032, 60
Trd, 8638512.382, 62
Trd, 8638513.032, 63
Trd, 8638513.432, 62
Trd, 8638513.482, 61
Trd, 8638514.132, 64
Trd, 8638514.532, 111
Trd, 8638515.282, 98
Trd, 8638515.632, 98
Trd, 8638515.782, 65
Trd, 8638516.382, 140
Trd, 8638516.882, 115
Trd, 8638517.682, 68
Trd, 8638518.332, 67
Trd, 8638520.182, 129
Trd, 8638520.532, 108
Trd, 8638520.982, 107
Trd, 8638521.282, 132
Trd, 8638521.682, 70
Trd, 8638521.782, 69
Trd, 8638523.282, 63
Trd, 8638524.982, 65
Trd, 8638526.582, 61
Trd, 8638526.982, 60
Trd, 8638527.632, 63
Trd, 8638527.732, 64
Trd, 8638527.832, 62
Trd, 8638528.132, 65
Trd, 8638528.482, 62
Trd, 8638529.882, 64
Trd, 8638530.782, 68
Trd, 8638530.882, 65
Trd, 8638531.882, 108
Trd, 8638533.632, 140
Trd, 8638534.132, 140
Trd, 8638534.182, 140
Trd, 8638534.482, 140
Trd, 8638535.732, 140
Trd, 8638535.932, 140
Trd, 8638536.182, 138
Trd, 8638536.632, 125
Trd, 8638537.632, 60
Trd, 8638537.782, 80
Trd, 8638537.882, 135
Trd, 8638538.632, 140
Trd, 8638540.582, 62
Trd, 8638541.232, 62
Trd, 8638542.082, 64
Trd, 8638542.732, 63
Trd, 8638543.032, 63
Trd, 8638543.532, 64
Trd, 8638543.632, 68
Trd, 8638544.482, 62
Trd, 8638544.982, 138
Trd, 8638545.782, 138
Trd, 8638545.832, 115
Trd, 8638548.682, 62
Trd, 8638551.532, 64
Trd, 8638551.632, 61
Trd, 8638552.382, 61
Trd, 8638552.482, 60
Trd, 8638553.432, 65
Trd, 8638553.782, 64
Trd, 8638555.182, 66
Trd, 8638556.082, 62
Trd, 8638556.932, 60
Trd, 8638557.082, 60
Trd, 8638558.432, 116
Trd, 8638558.632, 115
Trd, 8638559.282, 92
Trd, 8638559.482, 102
Trd, 8638559.682, 70
Trd, 8638560.782, 140
Trd, 8638560.882, 140
Trd, 8638562.132, 140
Trd, 8638562.532, 140
Trd, 8638562.632, 138
Trd, 8638562.732, 72
Trd, 8638564.332, 61
Trd, 8638566.082, 63
Trd, 8638566.682, 60
Trd, 8638567.132, 60
Trd, 8638567.382, 69
Trd, 8638569.232, 60
Trd, 8638569.482, 62
Trd, 8638569.882, 62
Trd, 8638570.432, 63
Trd, 8638571.582, 64
Trd, 8638572.782, 65
Trd, 8638574.782, 60
Trd, 8638575.032, 66
Trd, 8638575.432, 71
Trd, 8638576.132, 73
Trd, 8638577.182, 61
Trd, 8638577.232, 63
Trd, 8638577.982, 65
Trd, 8638578.082, 63
Trd, 8638578.582, 64
Trd, 8638580.432, 77
Trd, 8638580.682, 75
Trd, 8638581.232, 75
Trd, 8638581.382, 74
Trd, 8638581.432, 68
Trd, 8638582.432, 125
Trd, 8638582.832, 126
Trd, 8638583.132, 124
Trd, 8638585.032, 140
Trd, 8638585.732, 140
Trd, 8638585.982, 139
Trd, 8638587.532, 75
Trd, 8638587.882, 99
Trd, 8638588.032, 100
Trd, 8638588.232, 98
Trd, 8638589.282, 138
Trd, 8638589.682, 76
Trd, 8638590.382, 61
Trd, 8638591.132, 62
Trd, 8638591.782, 62
Trd, 8638592.632, 60
Trd, 8638593.282, 62
Trd, 8638594.032, 61
Trd, 8638595.082, 60
Trd, 8638595.482, 61
Trd, 8638595.732, 61
Trd, 8638596.782, 61
Trd, 8638597.032, 62
Trd, 8638597.782, 140
Trd, 8638597.982, 140
Trd, 8638598.682, 117
Trd, 8638599.282, 117
Trd, 8638599.732, 118
Trd, 8638599.982, 118
Trd, 8638600.032, 117
Trd, 8638601.682, 140
Trd, 8638602.182, 118
Trd, 8638602.932, 140
Trd, 8638603.032, 139
Trd, 8638603.682, 115
Trd, 8638603.932, 115
Trd, 8638604.732, 138
Trd, 8638605.532, 140
Trd, 8638606.032, 140
Trd, 8638606.632, 77
Trd, 8638607.782, 129
Trd, 8638609.482, 60
Trd, 8638609.582, 99
Trd, 8638611.082, 61
Trd, 8638611.582, 104
Trd, 8638611.832, 80
Trd, 8638612.782, 81
Trd, 8638613.382, 140
Trd, 8638613.882, 83
Trd, 8638614.132, 79
Trd, 8638614.632, 140
Trd, 8638615.882, 138
Trd, 8638616.532, 68
Trd, 8638616.732, 69
Trd, 8638618.082, 60
Trd, 8638618.582, 62
Trd, 8638620.382, 61
Trd, 8638621.582, 61
Trd, 8638621.982, 64
Trd, 8638622.582, 66
Trd, 8638622.882, 67
Trd, 8638623.232, 68
Trd, 8638623.482, 67
Trd, 8638623.632, 65
Trd, 8638625.082, 139
Trd, 8638625.432, 138
Trd, 8638625.582, 126
Trd, 8638627.482, 130
Trd, 8638627.982, 130
Trd, 8638628.132, 135
Trd, 8638629.682, 140
Trd, 8638629.882, 140
Trd, 8638630.132, 140
Trd, 8638630.882, 140
Trd, 8638631.082, 140
Trd, 8638631.482, 140
Trd, 8638633.632, 64
Trd, 8638633.782, 69
Trd, 8638634.232, 84
Trd, 8638634.332, 64
Trd, 8638634.582, 138
Trd, 8638635.082, 131
Trd, 8638635.882, 60
Trd, 8638637.132, 67
Trd, 8638638.082, 68
Trd, 8638638.832, 105
Trd, 8638639.232, 81
Trd, 8638639.282, 80
Trd, 8638639.332, 79
Trd, 8638640.332, 140
Trd, 8638641.482, 140
Trd, 8638642.732, 140
Trd, 8638642.882, 140
Trd, 8638643.032, 140
Trd, 8638643.532, 140
Trd, 8638644.232, 140
Trd, 8638645.632, 140
Trd, 8638645.982, 140
Trd, 8638646.382, 140
Trd, 8638646.732, 140
Trd, 8638647.082, 140
Trd, 8638647.482, 139
Trd, 8638648.132, 126
Trd, 8638648.232, 126
Trd, 8638648.932, 140
Trd, 8638649.082, 140
Trd, 8638649.832, 66
Trd, 8638651.282, 60
Trd, 8638652.732, 66
Trd, 8638653.582, 62
Trd, 8638653.782, 60
Trd, 8638656.682, 60
Trd, 8638656.882, 64
Trd, 8638657.832, 64
Trd, 8638658.032, 65
Trd, 8638658.232, 62
Trd, 8638658.432, 62
Trd, 8638658.832, 60
Trd, 8638660.032, 63
Trd, 8638660.782, 65
Trd, 8638661.282, 126
Trd, 8638662.132, 73
Trd, 8638662.882, 76
Trd, 8638663.132, 75
Trd, 8638663.782, 140
Trd, 8638664.132, 79
Trd, 8638664.182, 78
Trd, 8638664.282, 74
Trd, 8638666.232, 60
Trd, 8638666.482, 62
Trd, 8638667.382, 63
Trd, 8638667.482, 64
Trd, 8638667.682, 68
Trd, 8638667.732, 62
Trd, 8638668.832, 62
Trd, 8638669.132, 77
Trd, 8638670.132, 140
Trd, 8638670.682, 140
Trd, 8638672.082, 61
Trd, 8638673.632, 60
Trd, 8638676.082, 60
Trd, 8638676.732, 61
Trd, 8638676.782, 62
Trd, 8638677.482, 60
Trd, 8638679.232, 62
Trd, 8638679.382, 64
Trd, 8638680.032, 65
Trd, 8638680.232, 65
Trd, 8638680.732, 67
Trd, 8638681.182, 68
Trd, 8638683.132, 61
Trd, 8638684.782, 60
Trd, 8638685.282, 63
Trd, 8638685.732, 65
Trd, 8638689.782, 60
Trd, 8638690.132, 60
Trd, 8638690.282, 60
Trd, 8638690.882, 61
Trd, 8638691.282, 62
Trd, 8638691.432, 62
Trd, 8638691.582, 61
Trd, 8638692.282, 139
Trd, 8638694.132, 60
Trd, 8638694.482, 60
Trd, 8638695.882, 60
Trd, 8638698.232, 61
Trd, 8638699.682, 60
Trd, 8638699.832, 60
Trd, 8638700.532, 60
Trd, 8638700.682, 61
Trd, 8638701.232, 60
Trd, 8638701.782, 61
Trd, 8638702.382, 64
Trd, 8638704.982, 60
Trd, 8638705.582, 61
Trd, 8638706.032, 60
Trd, 8638709.282, 60
Trd, 8638709.682, 61
Trd, 8638710.432, 61
Trd, 8638711.182, 60
Trd, 8638711.382, 61
Trd, 8638711.732, 62
Trd, 8638712.282, 138
Trd, 8638712.382, 64
Trd, 8638713.282, 64
Trd, 8638714.232, 64
Trd, 8638714.532, 77
Trd, 8638715.632, 61
Trd, 8638715.782, 64
Trd, 8638716.382, 65
Trd, 8638719.582, 62
Trd, 8638720.582, 64
Trd, 8638720.832, 60
Trd, 8638721.332, 60
Trd, 8638722.282, 65
Trd, 8638722.482, 67
Trd, 8638723.982, 84
Trd, 8638724.382, 85
Trd, 8638726.582, 140
Trd, 8638726.832, 140
Trd, 8638727.082, 140
Trd, 8638727.532, 140
Trd, 8638727.732, 140
Trd, 8638727.832, 140
Trd, 8638728.032, 135
Trd, 8638728.882, 129
Trd, 8638729.732, 86
Trd, 8638731.482, 64
Trd, 8638731.632, 140
Trd, 8638733.382, 61
Trd, 8638734.482, 62
Trd, 8638734.782, 60
Trd, 8638736.282, 66
Trd, 8638737.932, 61
Trd, 8638737.982, 64
Trd, 8638738.132, 63
Trd, 8638738.932, 70
Trd, 8638739.082, 72
Trd, 8638739.782, 72
Trd, 8638740.782, 76
Trd, 8638741.482, 140
Trd, 8638741.682, 140
Trd, 8638742.082, 140
Trd, 8638742.532, 140
Trd, 8638743.082, 114
Trd, 8638743.482, 139
Trd, 8638743.632, 87
Trd, 8638743.932, 75
Trd, 8638746.332, 60
Trd, 8638747.382, 60
Trd, 8638749.182, 60
Trd, 8638749.282, 61
Trd, 8638749.782, 62
Trd, 8638749.832, 64
Trd, 8638749.982, 60
Trd, 8638750.882, 65
Trd, 8638751.182, 65
Trd, 8638751.432, 90
Trd, 8638754.432, 60
Trd, 8638754.682, 61
Trd, 8638754.982, 61
Trd, 8638755.332, 62
Trd, 8638755.832, 62
Trd, 8638756.832, 76
Trd, 8638757.232, 66
Trd, 8638757.332, 66
Trd, 8638758.632, 110
Trd, 8638759.082, 73
Trd, 8638759.382, 77
Trd, 8638759.732, 70
Trd, 8638761.382, 63
Trd, 8638762.832, 65
Trd, 8638763.332, 61
Trd, 8638765.032, 66
Trd, 8638765.132, 64
Trd, 8638765.182, 63
Trd, 8638765.632, 140
Trd, 8638765.932, 61
Trd, 8638767.132, 66
Trd, 8638767.682, 69
Trd, 8638768.232, 70
Trd, 8638769.182, 70
Trd, 8638769.382, 121
Trd, 8638769.882, 106
Trd, 8638770.282, 140
Trd, 8638772.382, 62
Trd, 8638772.782, 65
Trd, 8638773.182, 68
Trd, 8638773.432, 66
Trd, 8638773.832, 64
Trd, 8638774.282, 65
Trd, 8638774.782, 140
Trd, 8638775.632, 70
Trd, 8638775.932, 70
Trd, 8638776.532, 122
Trd, 8638776.682, 80
Trd, 8638778.432, 93
Trd, 8638778.482, 91
Trd, 8638778.582, 88
Trd, 8638779.032, 85
Trd, 8638780.082, 140
Trd, 8638780.682, 140
Trd, 8638781.132, 140
Trd, 8638781.432, 137
Trd, 8638781.682, 96
Trd, 8638782.132, 140
Trd, 8638782.932, 60
Trd, 8638783.432, 62
Trd, 8638785.932, 61
Trd, 8638786.182, 61
Trd, 8638786.282, 94
Trd, 8638787.382, 95
Trd, 8638788.132, 68
Trd, 8638788.382, 67
Trd, 8638789.132, 83
Trd, 8638789.232, 64
Trd, 8638789.782, 139
Trd, 8638789.832, 137
Trd, 8638789.982, 136
Trd, 8638790.132, 66
Trd, 8638791.482, 61
Trd, 8638794.682, 60
Trd, 8638795.582, 61
Trd, 8638796.332, 62
Trd, 8638796.382, 63
Trd, 8638796.882, 60
Trd, 8638797.232, 64
Trd, 8638797.682, 140
Trd, 8638798.582, 67
Trd, 8638799.432, 92
Trd, 8638800.082, 64
Trd, 8638800.982, 72
Trd, 8638801.382, 73
Trd, 8638801.632, 69
Trd, 8638802.182, 128
Trd, 8638804.032, 113
Trd, 8638804.082, 112
Trd, 8638804.632, 76
Trd, 8638805.682, 139
Trd, 8638806.032, 84
Trd, 8638806.182, 83
Trd, 8638806.382, 81
Trd, 8638807.482, 60
Trd, 8638808.132, 140
Trd, 8638808.282, 139
Trd, 8638810.232, 61
Trd, 8638810.482, 79
Trd, 8638811.332, 60
Trd, 8638813.232, 64
Trd, 8638813.482, 63
Trd, 8638813.732, 66
Trd, 8638813.932, 64
Trd, 8638815.082, 64
Trd, 8638816.032, 63
Trd, 8638816.132, 63
Trd, 8638816.882, 64
Trd, 8638817.032, 63
Trd, 8638817.532, 109
Trd, 8638818.382, 111
Trd, 8638820.182, 60
Trd, 8638821.032, 60
Trd, 8638823.432, 60
Trd, 8638823.882, 61
Trd, 8638824.282, 61
Trd, 8638826.732, 60
Trd, 8638826.982, 61
Trd, 8638827.432, 67
Trd, 8638827.632, 140
Trd, 8638828.082, 66
Trd, 8638828.332, 66
Trd, 8638828.382, 62
Trd, 8638830.332, 60
Trd, 8638832.482, 62
Trd, 8638833.382, 62
Trd, 8638833.732, 60
Trd, 8638834.082, 60
Trd, 8638834.782, 63
Trd, 8638835.482, 66
Trd, 8638835.682, 65
Trd, 8638836.082, 65
Trd, 8638837.332, 69
Trd, 8638837.382, 68
Trd, 8638837.932, 70
Trd, 8638838.082, 70
Trd, 8638839.282, 70
Trd, 8638839.782, 69
Trd, 8638840.282, 71
Trd, 8638840.582, 116
Trd, 8638840.982, 66
Trd, 8638842.582, 61
Trd, 8638843.332, 63
Trd, 8638843.882, 63
Trd, 8638845.532, 61
Trd, 8638845.882, 61
Trd, 8638847.082, 62
Trd, 8638847.632, 62
Trd, 8638848.132, 63
Trd, 8638848.332, 62
Trd, 8638848.532, 65
Trd, 8638849.082, 64
Trd, 8638850.482, 66
Trd, 8638851.432, 65
Trd, 8638851.932, 68
Trd, 8638852.282, 65
Trd, 8638852.632, 64
Trd, 8638853.732, 68
Trd, 8638854.232, 71
Trd, 8638854.682, 75
Trd, 8638855.282, 75
Trd, 8638855.482, 74
Trd, 8638856.132, 140
Trd, 8638856.482, 140
Trd, 8638856.532, 140
Trd, 8638857.682, 140
Trd, 8638858.132, 137
Trd, 8638860.982, 62
Trd, 8638861.382, 63
Trd, 8638861.632, 62
Trd, 8638862.232, 62
Trd, 8638862.332, 63
Trd, 8638862.882, 60
Trd, 8638863.232, 68
Trd, 8638863.982, 63
Trd, 8638864.382, 64
Trd, 8638865.482, 70
Trd, 8638866.332, 68
Trd, 8638866.432, 67
Trd, 8638867.082, 69
Trd, 8638867.632, 81
Trd, 8638868.132, 75
Trd, 8638869.632, 140
Trd, 8638870.132, 140
Trd, 8638870.282, 140
Trd, 8638870.382, 140
Trd, 8638870.482, 140
Trd, 8638871.632, 103
Trd, 8638873.732, 62
Trd, 8638874.182, 62
Trd, 8638875.482, 66
Trd, 8638876.332, 65
Trd, 8638877.432, 61
Trd, 8638878.432, 65
Trd, 8638878.682, 64
Trd, 8638879.432, 62
Trd, 8638880.382, 64
Trd, 8638881.582, 138
Trd, 8638881.682, 138
Trd, 8638882.782, 137
Trd, 8638883.232, 138
Trd, 8638883.632, 140
Trd, 8638884.382, 140
Trd, 8638884.532, 140
Trd, 8638884.732, 138
Trd, 8638884.932, 101
Trd, 8638887.782, 61
Trd, 8638888.232, 61
Trd, 8638888.382, 60
Trd, 8638888.482, 88
Trd, 8638889.982, 60
Trd, 8638890.382, 63
Trd, 8638891.082, 66
Trd, 8638891.932, 140
Trd, 8638892.232, 139
Trd, 8638892.432, 139
Trd, 8638893.982, 61
Trd, 8638894.182, 61
Trd, 8638895.582, 60
Trd, 8638896.532, 63
Trd, 8638896.982, 64
Trd, 8638898.332, 66
Trd, 8638898.382, 62
Trd, 8638898.682, 79
Trd, 8638899.982, 90
Trd, 8638900.632, 81
Trd, 8638901.032, 81
Trd, 8638901.432, 77
Trd, 8638901.982, 71
Trd, 8638904.532, 63
Trd, 8638904.732, 78
Trd, 8638904.832, 61
Trd, 8638905.482, 61
Trd, 8638906.382, 61
Trd, 8638906.982, 61
Trd, 8638908.582, 62
Trd, 8638909.932, 60
Trd, 8638910.882, 60
Trd, 8638911.182, 61
Trd, 8638911.882, 61
Trd, 8638911.932, 60
Trd, 8638912.982, 71
Trd, 8638913.382, 117
Trd, 8638914.832, 122
Trd, 8638915.132, 121
Trd, 8638915.682, 140
Trd, 8638915.732, 139
Trd, 8638916.182, 120
Trd, 8638916.232, 119
Trd, 8638916.882, 115
Trd, 8638917.582, 74
Trd, 8638919.182, 140
Trd, 8638919.482, 140
Trd, 8638919.782, 140
Trd, 8638920.832, 65
Trd, 8638921.482, 70
Trd, 8638921.682, 71
Trd, 8638922.532, 65
Trd, 8638923.532, 66
Trd, 8638923.932, 67
Trd, 8638924.232, 78
Trd, 8638925.082, 117
Trd, 8638925.832, 123
Trd, 8638926.432, 88
Trd, 8638926.682, 88
Trd, 8638928.232, 140
Trd, 8638928.282, 88
Trd, 8638929.032, 140
Trd, 8638929.332, 114
Trd, 8638929.582, 91
Trd, 8638929.732, 89
Trd, 8638930.832, 61
Trd, 8638932.182, 60
Trd, 8638933.032, 61
Trd, 8638935.582, 62
Trd, 8638936.232, 60
Trd, 8638937.832, 60
Trd, 8638938.132, 61
Trd, 8638938.582, 62
Trd, 8638938.732, 68
Trd, 8638939.282, 65
Trd, 8638939.732, 65
Trd, 8638939.982, 65
Trd, 8638940.182, 63
Trd, 8638941.982, 61
Trd, 8638942.282, 64
Trd, 8638942.732, 108
Trd, 8638943.682, 112
Trd, 8638943.982, 112
Trd, 8638944.182, 140
Trd, 8638944.332, 111
Trd, 8638944.382, 107
Trd, 8638944.782, 73
Trd, 8638946.382, 67
Trd, 8638947.482, 61
Trd, 8638949.782, 60
Trd, 8638950.332, 60
Trd, 8638951.882, 60
Trd, 8638952.332, 61
Trd, 8638952.982, 62
Trd, 8638953.682, 64
Trd, 8638953.882, 66
Trd, 8638954.132, 63
Trd, 8638954.782, 64
Trd, 8638955.832, 140
Trd, 8638956.482, 140
Trd, 8638957.082, 140
Trd, 8638957.182, 140
Trd, 8638957.232, 139
Trd, 8638959.382, 64
Trd, 8638959.582, 122
Trd, 8638960.232, 62
Trd, 8638960.582, 68
Trd, 8638961.782, 64
Trd, 8638962.332, 67
Trd, 8638963.532, 140
Trd, 8638964.032, 140
Trd, 8638964.082, 139
Trd, 8638964.232, 139
Trd, 8638965.282, 69
Trd, 8638965.332, 68
Trd, 8638966.732, 107
Trd, 8638966.832, 106
Trd, 8638967.132, 112
Trd, 8638969.182, 94
Trd, 8638970.082, 67
Trd, 8638970.132, 66
Trd, 8638971.582, 66
Trd, 8638971.882, 63
Trd, 8638972.232, 73
Trd, 8638972.432, 135
Trd, 8638972.732, 138
Trd, 8638973.232, 60
Trd, 8638974.482, 63
Trd, 8638974.982, 67
Trd, 8638975.132, 63
Trd, 8638975.332, 63
Trd, 8638976.382, 67
Trd, 8638976.982, 65
Trd, 8638978.682, 117
Trd, 8638979.032, 140
Trd, 8638979.082, 139
Trd, 8638979.182, 125
Trd, 8638979.982, 99
Trd, 8638980.832, 98
Trd, 8638982.132, 103
Trd, 8638982.682, 104
Trd, 8638983.632, 108
Trd, 8638984.632, 112
Trd, 8638985.182, 113
Trd, 8638985.532, 113
Trd, 8638986.182, 68
Trd, 8638986.282, 64
Trd, 8638986.932, 60
Trd, 8638987.732, 64
Trd, 8638988.332, 62
Trd, 8638988.582, 61
Trd, 8638989.232, 140
Trd, 8638989.782, 140
Trd, 8638989.932, 140
Trd, 8638990.032, 140
Trd, 8638992.032, 72
Trd, 8638994.882, 60
Trd, 8638995.032, 60
Trd, 8638995.382, 61
Trd, 8638995.532, 60
Trd, 8638996.582, 140
Trd, 8638996.682, 140
Trd, 8638996.782, 140
Trd, 8638997.832, 140
Trd, 8638998.282, 132
Trd, 8638999.182, 140
Trd, 8638999.682, 140
Trd, 8638999.732, 140
Trd, 8639000.132, 139
Trd, 8639001.482, 139
Trd, 8639002.232, 61
Trd, 8639002.832, 61
Trd, 8639003.382, 140
Trd, 8639004.782, 140
Trd, 8639005.132, 140
Trd, 8639006.082, 140
Trd, 8639006.432, 140
Trd, 8639007.132, 140
Trd, 8639007.182, 139
Trd, 8639008.382, 139
Trd, 8639009.482, 61
Trd, 8639010.082, 63
Trd, 8639010.182, 102
Trd, 8639010.382, 76
Trd, 8639010.732, 61
Trd, 8639010.982, 140
Trd, 8639011.882, 64
Trd, 8639012.632, 64
Trd, 8639013.332, 60
Trd, 8639015.882, 70
Trd, 8639016.132, 69
Trd, 8639016.382, 70
Trd, 8639016.482, 68
Trd, 8639017.082, 140
Trd, 8639017.182, 113
Trd, 8639017.432, 112
Trd, 8639018.132, 112
Trd, 8639018.832, 119
Trd, 8639018.982, 118
Trd, 8639020.382, 61
Trd, 8639021.082, 132
Trd, 8639021.232, 66
Trd, 8639021.332, 63
Trd, 8639022.132, 64
Trd, 8639022.432, 60
Trd, 8639022.682, 89
Trd, 8639026.582, 60
Trd, 8639027.132, 60
Trd, 8639028.732, 61
Trd, 8639029.032, 62
Trd, 8639029.082, 64
Trd, 8639029.382, 60
Trd, 8639029.932, 71
Trd, 8639030.182, 140
Trd, 8639031.482, 62
Trd, 8639032.382, 65
Trd, 8639032.582, 66
Trd, 8639032.632, 80
Trd, 8639032.832, 68
Trd, 8639033.082, 69
Trd, 8639034.082, 136
Trd, 8639034.482, 70
Trd, 8639035.182, 70
Trd, 8639036.282, 140
Trd, 8639036.532, 139
Trd, 8639036.832, 91
Trd, 8639038.432, 140
Trd, 8639038.532, 139
Trd, 8639038.882, 132
Trd, 8639039.882, 97
Trd, 8639040.032, 66
Trd, 8639040.732, 63
Trd, 8639041.932, 63
Trd, 8639042.982, 75
Trd, 8639044.532, 63
Trd, 8639044.732, 64
Trd, 8639046.932, 60
Trd, 8639046.982, 61
Trd, 8639047.582, 63
Trd, 8639047.632, 61
Trd, 8639050.182, 63
Trd, 8639050.532, 63
Trd, 8639050.982, 70
Trd, 8639051.282, 67
Trd, 8639052.232, 76
Trd, 8639052.332, 71
Trd, 8639052.932, 70
Trd, 8639053.982, 113
Trd, 8639054.332, 112
Trd, 8639054.432, 123
Trd, 8639055.382, 111
Trd, 8639056.882, 60
Trd, 8639057.032, 66
Trd, 8639057.582, 74
Trd, 8639058.132, 74
Trd, 8639059.082, 68
Trd, 8639060.282, 69
Trd, 8639060.832, 140
Trd, 8639061.282, 69
Trd, 8639061.482, 70
Trd, 8639062.232, 98
Trd, 8639063.082, 89
Trd, 8639063.582, 138
Trd, 8639064.032, 140
Trd, 8639064.132, 140
Trd, 8639064.882, 138
Trd, 8639065.132, 88
Trd, 8639065.782, 60
Trd, 8639067.382, 61
Trd, 8639067.932, 62
Trd, 8639068.382, 61
Trd, 8639068.532, 61
Trd, 8639068.782, 115
Trd, 8639069.382, 139
Trd, 8639070.332, 139
Trd, 8639070.682, 140
Trd, 8639070.732, 138
Trd, 8639071.282, 63
Trd, 8639073.732, 61
Trd, 8639073.932, 66
Trd, 8639075.582, 62
Trd, 8639076.532, 60
Trd, 8639077.982, 62
Trd, 8639079.332, 60
Trd, 8639079.832, 63
Trd, 8639080.332, 65
Trd, 8639080.482, 76
Trd, 8639081.282, 66
Trd, 8639081.382, 65
Trd, 8639081.882, 68
Trd, 8639082.432, 62
Trd, 8639082.982, 68
Trd, 8639086.032, 60
Trd, 8639086.132, 61
Trd, 8639087.132, 60
Trd, 8639088.082, 60
Trd, 8639088.882, 63
Trd, 8639089.432, 61
Trd, 8639089.482, 66
Trd, 8639090.082, 62
Trd, 8639090.532, 61
Trd, 8639091.632, 131
Trd, 8639091.782, 64
Trd, 8639092.882, 74
Trd, 8639093.032, 79
Trd, 8639093.282, 72
Trd, 8639095.332, 75
Trd, 8639096.132, 75
Trd, 8639097.082, 60
Trd, 8639097.482, 65
Trd, 8639097.682, 140
Trd, 8639097.732, 61
Trd, 8639098.682, 64
Trd, 8639099.232, 64
Trd, 8639099.332, 63
Trd, 8639099.782, 106
Trd, 8639100.482, 140
Trd, 8639100.682, 140
Trd, 8639102.382, 140
Trd, 8639103.132, 140
Trd, 8639103.582, 140
Trd, 8639103.632, 140
Trd, 8639104.982, 140
Trd, 8639105.382, 140
Trd, 8639105.432, 140
Trd, 8639105.932, 89
Trd, 8639106.932, 135
Trd, 8639107.182, 61
Trd, 8639107.982, 77
Trd, 8639108.232, 98
Trd, 8639109.132, 62
Trd, 8639109.332, 69
Trd, 8639113.232, 60
Trd, 8639114.332, 60
Trd, 8639115.932, 60
Trd, 8639116.432, 60
Trd, 8639116.982, 61
Trd, 8639117.032, 60
Trd, 8639117.632, 67
Trd, 8639118.182, 60
Trd, 8639118.732, 60
Trd, 8639119.382, 60
Trd, 8639120.282, 61
Trd, 8639120.682, 61
Trd, 8639121.082, 62
Trd, 8639122.932, 61
Trd, 8639123.132, 62
Trd, 8639126.182, 60
Trd, 8639126.882, 60
Trd, 8639127.182, 60
Trd, 8639127.932, 63
Trd, 8639128.382, 62
Trd, 8639128.782, 61
Trd, 8639129.732, 87
Trd, 8639129.882, 86
Trd, 8639130.132, 102
Trd, 8639131.482, 101
Trd, 8639131.782, 117
Trd, 8639131.832, 99
Trd, 8639133.682, 75
Trd, 8639134.482, 140
Trd, 8639135.432, 127
Trd, 8639137.882, 60
Trd, 8639138.282, 60
Trd, 8639140.382, 61
Trd, 8639140.732, 65
Trd, 8639141.232, 63
Trd, 8639141.882, 61
Trd, 8639142.032, 64
Trd, 8639142.632, 65
Trd, 8639142.682, 63
Trd, 8639143.282, 63
Trd, 8639143.782, 69
Trd, 8639145.632, 72
Trd, 8639145.982, 71
Trd, 8639146.132, 82
Trd, 8639147.982, 60
Trd, 8639148.232, 61
Trd, 8639148.582, 62
Trd, 8639149.032, 64
Trd, 8639149.332, 64
Trd, 8639150.382, 67
Trd, 8639151.482, 140
Trd, 8639152.882, 140
Trd, 8639153.482, 140
Trd, 8639153.932, 140
Trd, 8639154.082, 140
Trd, 8639155.732, 140
Trd, 8639155.832, 140
Trd, 8639155.932, 140
Trd, 8639156.132, 138
Trd, 8639157.232, 60
Trd, 8639158.132, 60
Trd, 8639158.532, 61
Trd, 8639159.282, 62
Trd, 8639159.682, 62
Trd, 8639161.082, 68
Trd, 8639161.182, 85
Trd, 8639161.282, 68
Trd, 8639161.532, 68
Trd, 8639161.932, 67
Trd, 8639162.682, 61
Trd, 8639163.382, 62
Trd, 8639164.482, 61
Trd, 8639166.582, 60
Trd, 8639166.932, 61
Trd, 8639167.132, 61
Trd, 8639167.182, 60
Trd, 8639167.582, 126
Trd, 8639168.482, 95
Trd, 8639168.532, 94
Trd, 8639168.882, 93
Trd, 8639169.132, 91
Trd, 8639170.432, 139
Trd, 8639170.932, 138
Trd, 8639171.682, 139
Trd, 8639172.382, 140
Trd, 8639173.082, 140
Trd, 8639173.882, 75
Trd, 8639174.732, 140
Trd, 8639174.932, 140
Trd, 8639174.982, 138
Trd, 8639175.432, 70
Trd, 8639177.282, 61
Trd, 8639177.832, 61
Trd, 8639178.132, 62
Trd, 8639178.932, 78
Trd, 8639179.882, 67
Trd, 8639179.932, 65
Trd, 8639180.282, 64
Trd, 8639180.332, 63
Trd, 8639180.832, 83
Trd, 8639183.432, 60
Trd, 8639183.832, 61
Trd, 8639184.482, 62
Trd, 8639184.882, 60
Trd, 8639186.182, 60
Trd, 8639186.582, 61
Trd, 8639186.682, 99
Trd, 8639187.082, 65
Trd, 8639187.832, 60
Trd, 8639188.282, 61
Trd, 8639188.932, 60
Trd, 8639189.882, 60
Trd, 8639190.032, 63
Trd, 8639191.132, 61
Trd, 8639193.682, 60
Trd, 8639195.082, 60
Trd, 8639195.882, 61
Trd, 8639196.482, 60
Trd, 8639196.732, 61
Trd, 8639197.232, 61
Trd, 8639197.882, 64
Trd, 8639197.932, 63
Trd, 8639198.982, 61
Trd, 8639199.432, 61
Trd, 8639202.282, 60
Trd, 8639202.532, 65
Trd, 8639204.232, 61
Trd, 8639204.282, 62
Trd, 8639204.432, 62
Trd, 8639205.532, 62
Trd, 8639206.182, 63
Trd, 8639206.382, 120
Trd, 8639207.182, 139
Trd, 8639208.382, 60
Trd, 8639208.432, 67
Trd, 8639209.332, 62
Trd, 8639209.482, 62
Trd, 8639211.132, 67
Trd, 8639211.482, 64
Trd, 8639214.082, 60
Trd, 8639214.582, 60
Trd, 8639218.332, 60
Trd, 8639218.382, 63
Trd, 8639218.682, 64
Trd, 8639218.832, 62
Trd, 8639219.132, 60
Trd, 8639220.432, 63
Trd, 8639220.632, 65
Trd, 8639220.682, 64
Trd, 8639221.682, 140
Trd, 8639222.482, 140
Trd, 8639222.682, 69
Trd, 8639223.132, 68
Trd, 8639223.432, 62
Trd, 8639223.782, 67
Trd, 8639225.082, 90
Trd, 8639226.332, 123
Trd, 8639227.032, 134
Trd, 8639227.082, 133
Trd, 8639227.832, 127
Trd, 8639228.182, 137
Trd, 8639228.632, 127
Trd, 8639228.732, 124
Trd, 8639228.782, 100
Trd, 8639229.432, 138
Trd, 8639230.532, 60
Trd, 8639232.082, 116
Trd, 8639233.782, 60
Trd, 8639234.982, 63
Trd, 8639235.132, 64
Trd, 8639235.432, 65
Trd, 8639235.932, 65
Trd, 8639236.582, 68
Trd, 8639237.282, 67
Trd, 8639238.182, 60
Trd, 8639239.632, 60
Trd, 8639241.482, 61
Trd, 8639243.882, 60
Trd, 8639244.282, 61
Trd, 8639244.932, 67
Trd, 8639245.132, 69
Trd, 8639245.432, 68
Trd, 8639246.382, 86
Trd, 8639246.632, 60
Trd, 8639246.782, 72
Trd, 8639248.782, 60
Trd, 8639249.282, 61
Trd, 8639250.082, 63
Trd, 8639250.282, 63
Trd, 8639250.382, 62
Trd, 8639250.932, 84
Trd, 8639251.482, 60
Trd, 8639252.082, 61
Trd, 8639252.282, 65
Trd, 8639252.982, 64
Trd, 8639254.082, 68
Trd, 8639254.382, 140
Trd, 8639255.332, 139
Trd, 8639255.632, 63
Trd, 8639256.682, 64
Trd, 8639257.832, 66
Trd, 8639258.432, 60
Trd, 8639260.632, 60
Trd, 8639262.632, 60
Trd, 8639262.832, 69
Trd, 8639263.482, 63
Trd, 8639263.732, 63
Trd, 8639264.132, 65
Trd, 8639264.632, 72
Trd, 8639265.282, 68
Trd, 8639265.882, 140
Trd, 8639267.432, 61
Trd, 8639267.682, 61
Trd, 8639268.132, 61
Trd, 8639269.182, 63
Trd, 8639269.982, 66
Trd, 8639270.682, 72
Trd, 8639271.232, 68
Trd, 8639271.332, 67
Trd, 8639272.582, 63
Trd, 8639274.182, 60
Trd, 8639274.682, 67
Trd, 8639275.032, 60
Trd, 8639275.782, 63
Trd, 8639276.032, 63
Trd, 8639276.682, 140
Trd, 8639276.782, 140
Trd, 8639277.232, 140
Trd, 8639278.832, 140
Trd, 8639279.082, 140
Trd, 8639279.182, 140
Trd, 8639280.182, 140
Trd, 8639280.732, 140
Trd, 8639281.232, 140
Trd, 8639281.732, 140
Trd, 8639282.032, 124
Trd, 8639282.882, 100
Trd, 8639283.132, 99
Trd, 8639283.932, 118
Trd, 8639284.432, 109
Trd, 8639285.832, 61
Trd, 8639286.032, 62
Trd, 8639288.882, 60
Trd, 8639289.232, 64
Trd, 8639289.682, 62
Trd, 8639290.982, 60
Trd, 8639291.182, 60
Trd, 8639291.982, 64
Trd, 8639292.282, 81
Trd, 8639292.532, 98
Trd, 8639293.182, 66
Trd, 8639293.382, 69
Trd, 8639293.782, 66
Trd, 8639296.182, 60
Trd, 8639296.282, 60
Trd, 8639296.632, 62
Trd, 8639298.082, 60
Trd, 8639298.332, 60
Trd, 8639298.782, 64
Trd, 8639298.832, 70
Trd, 8639299.632, 61
Trd, 8639299.882, 65
Trd, 8639300.332, 122
Trd, 8639302.182, 60
Trd, 8639302.532, 74
Trd, 8639303.032, 60
Trd, 8639305.582, 66
Trd, 8639305.632, 66
Trd, 8639305.732, 69
Trd, 8639305.832, 97
Trd, 8639307.282, 140
Trd, 8639307.382, 140
Trd, 8639307.782, 74
Trd, 8639308.232, 72
Trd, 8639309.482, 62
Trd, 8639311.532, 61
Trd, 8639312.182, 61
Trd, 8639312.482, 61
Trd, 8639312.582, 62
Trd, 8639313.282, 63
Trd, 8639313.532, 111
Trd, 8639313.832, 60
Trd, 8639316.382, 63
Trd, 8639316.582, 63
Trd, 8639317.332, 67
Trd, 8639318.032, 67
Trd, 8639318.582, 75
Trd, 8639318.682, 72
Trd, 8639319.032, 114
Trd, 8639319.132, 73
Trd, 8639319.282, 70
Trd, 8639319.782, 69
Trd, 8639321.182, 71
Trd, 8639321.882, 60
Trd, 8639322.982, 60
Trd, 8639324.432, 60
Trd, 8639326.082, 61
Trd, 8639326.182, 61
Trd, 8639326.332, 63
Trd, 8639326.482, 63
Trd, 8639326.682, 62
Trd, 8639327.382, 64
Trd, 8639328.982, 62
Trd, 8639329.532, 66
Trd, 8639330.382, 68
Trd, 8639330.982, 80
Trd, 8639331.032, 77
Trd, 8639331.932, 65
Trd, 8639332.232, 115
Trd, 8639332.632, 61
Trd, 8639333.832, 67
Trd, 8639334.182, 69
Trd, 8639334.882, 71
Trd, 8639335.132, 70
Trd, 8639335.182, 69
Trd, 8639335.482, 83
Trd, 8639336.532, 89
Trd, 8639337.282, 81
Trd, 8639338.932, 61
Trd, 8639339.182, 62
Trd, 8639340.882, 60
Trd, 8639340.982, 61
Trd, 8639341.332, 62
Trd, 8639341.532, 60
Trd, 8639342.132, 63
Trd, 8639342.832, 67
Trd, 8639343.332, 86
Trd, 8639345.632, 60
Trd, 8639345.682, 61
Trd, 8639345.782, 63
Trd, 8639346.282, 60
Trd, 8639348.382, 62
Trd, 8639348.432, 80
Trd, 8639351.682, 60
Trd, 8639353.032, 62
Trd, 8639354.082, 64
Trd, 8639355.182, 65
Trd, 8639355.532, 63
Trd, 8639356.782, 60
Trd, 8639358.382, 60
Trd, 8639360.882, 60
Trd, 8639361.032, 60
Trd, 8639361.132, 60
Trd, 8639361.432, 61
Trd, 8639362.332, 69
Trd, 8639363.932, 64
Trd, 8639363.982, 63
Trd, 8639364.182, 65
Trd, 8639364.732, 140
Trd, 8639364.782, 139
Trd, 8639364.832, 63
Trd, 8639368.182, 63
Trd, 8639368.882, 60
Trd, 8639369.382, 61
Trd, 8639369.782, 61
Trd, 8639370.532, 62
Trd, 8639371.582, 62
Trd, 8639372.182, 64
Trd, 8639372.832, 67
Trd, 8639373.532, 73
Trd, 8639373.632, 74
Trd, 8639373.782, 89
Trd, 8639374.832, 102
Trd, 8639375.632, 70
Trd, 8639375.782, 69
Trd, 8639376.182, 140
Trd, 8639376.432, 140
Trd, 8639376.732, 66
Trd, 8639378.682, 60
Trd, 8639378.882, 61
Trd, 8639378.932, 62
Trd, 8639379.182, 63
Trd, 8639379.732, 139
Trd, 8639380.332, 139
Trd, 8639380.582, 138
Trd, 8639383.432, 62
Trd, 8639383.932, 64
Trd, 8639385.332, 62
Trd, 8639385.732, 63
Trd, 8639385.932, 62
Trd, 8639386.882, 62
Trd, 8639387.132, 65
Trd, 8639387.582, 74
Trd, 8639387.732, 62
Trd, 8639387.982, 127
Trd, 8639389.232, 67
Trd, 8639389.632, 63
Trd, 8639389.782, 63
Trd, 8639390.382, 64
Trd, 8639390.932, 63
Trd, 8639392.432, 127
Trd, 8639392.682, 127
Trd, 8639392.782, 126
Trd, 8639394.082, 61
Trd, 8639395.832, 60
Trd, 8639396.182, 61
Trd, 8639396.332, 61
Trd, 8639398.332, 60
Trd, 8639398.582, 61
Trd, 8639398.832, 71
Trd, 8639398.882, 78
Trd, 8639399.682, 67
Trd, 8639399.782, 66
Trd, 8639400.082, 103
Trd, 8639400.632, 69
Trd, 8639400.982, 68
Trd, 8639401.132, 108
Trd, 8639401.182, 66
Trd, 8639401.532, 70
Trd, 8639403.132, 60
Trd, 8639404.632, 63
Trd, 8639406.432, 72
Trd, 8639407.232, 62
Trd, 8639407.532, 65
Trd, 8639408.232, 60
Trd, 8639409.332, 63
Trd, 8639409.582, 65
Trd, 8639409.932, 65
Trd, 8639410.382, 62
Trd, 8639410.782, 67
Trd, 8639411.482, 62
Trd, 8639412.032, 133
Trd, 8639412.132, 131
Trd, 8639412.532, 73
Trd, 8639415.032, 65
Trd, 8639415.882, 60
Trd, 8639417.182, 61
Trd, 8639417.682, 61
Trd, 8639417.932, 60
Trd, 8639418.482, 63
Trd, 8639418.582, 62
Trd, 8639419.582, 68
Trd, 8639420.732, 70
Trd, 8639421.132, 61
Trd, 8639422.332, 63
Trd, 8639422.932, 64
Trd, 8639423.182, 75
Trd, 8639423.432, 63
Trd, 8639424.282, 61
Trd, 8639424.582, 61
Trd, 8639425.582, 61
Trd, 8639429.182, 60
Trd, 8639430.732, 62
Trd, 8639430.832, 64
Trd, 8639431.032, 65
Trd, 8639431.182, 71
Trd, 8639431.282, 64
Trd, 8639431.482, 75
Trd, 8639432.082, 65
Trd, 8639432.532, 63
Trd, 8639433.482, 70
Trd, 8639434.932, 78
Trd, 8639435.232, 76
Trd, 8639435.532, 85
Trd, 8639435.782, 139
Trd, 8639437.282, 140
Trd, 8639437.482, 92
Trd, 8639437.732, 80
Trd, 8639437.832, 79
Trd, 8639438.582, 73
Trd, 8639439.132, 138
Trd, 8639439.382, 75
Trd, 8639441.332, 62
Trd, 8639443.282, 61
Trd, 8639443.932, 60
Trd, 8639444.582, 60
Trd, 8639445.132, 60
Trd, 8639445.232, 61
Trd, 8639446.382, 70
Trd, 8639446.432, 64
Trd, 8639446.532, 61
Trd, 8639448.482, 104
Trd, 8639448.582, 79
Trd, 8639449.432, 65
Trd, 8639449.532, 75
Trd, 8639449.982, 64
Trd, 8639450.182, 65
Trd, 8639451.182, 73
Trd, 8639451.982, 140
Trd, 8639452.582, 140
Trd, 8639453.582, 140
Trd, 8639453.632, 140
Trd, 8639453.982, 140
Trd, 8639454.932, 140
Trd, 8639454.982, 140
Trd, 8639455.882, 114
Trd, 8639456.332, 140
Trd, 8639456.532, 106
Trd, 8639456.832, 127
Trd, 8639458.232, 66
Trd, 8639459.632, 62
Trd, 8639460.682, 71
Trd, 8639461.482, 60
Trd, 8639461.882, 60
Trd, 8639462.232, 65
Trd, 8639462.382, 62
Trd, 8639462.832, 63
Trd, 8639463.232, 65
Trd, 8639463.432, 63
Trd, 8639464.082, 85
Trd, 8639465.032, 139
Trd, 8639465.082, 120
Trd, 8639465.232, 88
Trd, 8639465.932, 65
Trd, 8639467.732, 98
Trd, 8639467.782, 87
Trd, 8639468.582, 140
Trd, 8639468.682, 105
Trd, 8639469.782, 140
Trd, 8639471.332, 124
Trd, 8639471.582, 124
Trd, 8639471.732, 123
Trd, 8639471.932, 103
Trd, 8639473.032, 60
Trd, 8639474.532, 65
Trd, 8639474.882, 60
Trd, 8639475.032, 84
Trd, 8639475.232, 62
Trd, 8639475.632, 78
Trd, 8639476.382, 133
Trd, 8639476.932, 133
Trd, 8639477.332, 121
Trd, 8639477.932, 66
Trd, 8639479.432, 140
Trd, 8639479.982, 140
Trd, 8639480.132, 139
Trd, 8639480.482, 69
Trd, 8639482.682, 60
Trd, 8639482.782, 62
Trd, 8639483.932, 72
Trd, 8639485.082, 63
Trd, 8639486.182, 62
Trd, 8639486.732, 67
Trd, 8639486.782, 66
Trd, 8639487.032, 66
Trd, 8639487.082, 90
Trd, 8639487.132, 65
Trd, 8639487.432, 93
Trd, 8639488.182, 94
Trd, 8639488.332, 111
Trd, 8639489.032, 60
Trd, 8639489.532, 62
Trd, 8639491.032, 67
Trd, 8639493.082, 78
Trd, 8639493.532, 78
Trd, 8639493.582, 77
Trd, 8639493.732, 81
Trd, 8639494.182, 75
Trd, 8639494.532, 75
Trd, 8639494.982, 65
Trd, 8639495.132, 83
Trd, 8639496.682, 60
Trd, 8639497.882, 62
Trd, 8639500.432, 60
Trd, 8639500.832, 61
Trd, 8639501.682, 60
Trd, 8639501.782, 60
Trd, 8639502.132, 62
Trd, 8639502.282, 62
Trd, 8639502.482, 71
Trd, 8639502.782, 65
Trd, 8639503.182, 91
Trd, 8639504.032, 67
Trd, 8639504.532, 68
Trd, 8639504.782, 104
Trd, 8639505.482, 70
Trd, 8639507.682, 60
Trd, 8639509.182, 60
Trd, 8639509.532, 60
Trd, 8639510.232, 69
Trd, 8639511.432, 64
Trd, 8639511.532, 70
Trd, 8639512.282, 60
Trd, 8639512.332, 73
Trd, 8639512.532, 61
Trd, 8639513.682, 63
Trd, 8639514.482, 99
Trd, 8639515.282, 133
Trd, 8639515.482, 133
Trd, 8639515.682, 132
Trd, 8639516.082, 96
Trd, 8639516.332, 96
Trd, 8639517.232, 140
Trd, 8639517.632, 140
Trd, 8639518.732, 140
Trd, 8639519.332, 140
Trd, 8639519.782, 140
Trd, 8639520.282, 108
Trd, 8639520.632, 60
Trd, 8639521.832, 60
Trd, 8639522.832, 63
Trd, 8639525.532, 61
Trd, 8639526.832, 60
Trd, 8639527.932, 60
Trd, 8639528.332, 61
Trd, 8639530.582, 60
Trd, 8639531.082, 63
Trd, 8639531.232, 64
Trd, 8639531.532, 63
Trd, 8639531.932, 64
Trd, 8639532.532, 111
Trd, 8639533.632, 140
Trd, 8639534.782, 130
Trd, 8639535.182, 112
Trd, 8639535.582, 111
Trd, 8639535.782, 65
Trd, 8639536.932, 62
Trd, 8639537.232, 61
Trd, 8639537.532, 61
Trd, 8639539.182, 65
Trd, 8639539.782, 65
Trd, 8639539.882, 103
Trd, 8639541.032, 62
Trd, 8639541.132, 61
Trd, 8639542.482, 65
Trd, 8639544.832, 60
Trd, 8639545.082, 60
Trd, 8639545.582, 64
Trd, 8639545.682, 63
Trd, 8639546.232, 71
Trd, 8639546.482, 69
Trd, 8639546.832, 68
Trd, 8639547.582, 134
Trd, 8639547.932, 98
Trd, 8639549.532, 74
Trd, 8639550.182, 74
Trd, 8639550.332, 137
Trd, 8639551.032, 125
Trd, 8639551.232, 124
Trd, 8639551.632, 139
Trd, 8639552.382, 126
Trd, 8639552.732, 125
Trd, 8639554.282, 140
Trd, 8639554.782, 140
Trd, 8639555.282, 140
Trd, 8639555.832, 140
Trd, 8639556.482, 140
Trd, 8639556.832, 140
Trd, 8639557.232, 140
Trd, 8639557.632, 140
Trd, 8639557.832, 139
Trd, 8639558.432, 139
Trd, 8639558.682, 90
Trd, 8639559.282, 79
Trd, 8639559.782, 80
Trd, 8639560.082, 78
Trd, 8639562.182, 140
Trd, 8639562.532, 140
Trd, 8639563.382, 140
Trd, 8639564.182, 140
Trd, 8639564.682, 140
Trd, 8639564.782, 140
Trd, 8639565.232, 139
Trd, 8639565.632, 66
Trd, 8639567.032, 62
Trd, 8639567.732, 63
Trd, 8639568.232, 64
Trd, 8639568.632, 92
Trd, 8639570.532, 61
Trd, 8639570.732, 65
Trd, 8639571.082, 62
Trd, 8639571.532, 67
Trd, 8639572.132, 63
Trd, 8639572.582, 104
Trd, 8639574.382, 140
Trd, 8639575.482, 140
Trd, 8639575.582, 140
Trd, 8639576.232, 140
Trd, 8639576.532, 140
Trd, 8639576.982, 140
Trd, 8639577.882, 140
Trd, 8639578.582, 140
Trd, 8639578.982, 140
Trd, 8639579.132, 139
Trd, 8639579.732, 84
Trd, 8639580.632, 74
Trd, 8639581.182, 77
Trd, 8639581.832, 87
Trd, 8639583.532, 140
Trd, 8639584.032, 140
Trd, 8639584.182, 140
Trd, 8639584.682, 136
Trd, 8639586.582, 61
Trd, 8639586.882, 61
Trd, 8639588.132, 61
Trd, 8639589.832, 60
Trd, 8639590.082, 65
Trd, 8639590.332, 66
Trd, 8639591.032, 66
Trd, 8639591.732, 67
Trd, 8639591.882, 65
Trd, 8639592.932, 73
Trd, 8639592.982, 72
Trd, 8639593.032, 95
Trd, 8639593.282, 72
Trd, 8639595.132, 61
Trd, 8639596.282, 62
Trd, 8639599.032, 61
Trd, 8639600.382, 60
Trd, 8639601.382, 60
Trd, 8639601.732, 62
Trd, 8639602.632, 63
Trd, 8639603.582, 70
Trd, 8639603.632, 71
Trd, 8639604.582, 74
Trd, 8639605.382, 78
Trd, 8639605.782, 103
Trd, 8639605.882, 80
Trd, 8639606.582, 80
Trd, 8639607.032, 78
Trd, 8639607.532, 77
Trd, 8639608.532, 81
Trd, 8639608.682, 80
Trd, 8639609.432, 81
Trd, 8639609.632, 139
Trd, 8639609.932, 82
Trd, 8639610.082, 139
Trd, 8639611.832, 125
Trd, 8639612.032, 121
Trd, 8639612.682, 122
Trd, 8639613.182, 135
Trd, 8639614.282, 140
Trd, 8639614.982, 140
Trd, 8639615.332, 140
Trd, 8639615.832, 139
Trd, 8639616.332, 140
Trd, 8639616.832, 116
Trd, 8639617.232, 100
Trd, 8639618.932, 105
Trd, 8639619.332, 137
Trd, 8639619.582, 107
Trd, 8639621.132, 109
Trd, 8639621.532, 108
Trd, 8639621.632, 107
Trd, 8639621.732, 109
Trd, 8639622.432, 60
Trd, 8639623.732, 70
Trd, 8639624.582, 140
Trd, 8639624.682, 140
Trd, 8639624.832, 140
Trd, 8639625.832, 64
Trd, 8639626.532, 140
Trd, 8639627.032, 140
Trd, 8639627.532, 139
Trd, 8639628.382, 89
Trd, 8639629.332, 140
Trd, 8639629.382, 140
Trd, 8639630.082, 125
Trd, 8639631.082, 138
Trd, 8639631.332, 125
Trd, 8639631.582, 124
Trd, 8639634.132, 62
Trd, 8639634.832, 72
Trd, 8639635.982, 61
Trd, 8639636.232, 129
Trd, 8639637.232, 60
Trd, 8639639.082, 60
Trd, 8639639.782, 63
Trd, 8639639.832, 62
Trd, 8639639.882, 63
Trd, 8639639.932, 61
Trd, 8639640.482, 63
Trd, 8639641.482, 60
Trd, 8639642.382, 61
Trd, 8639642.932, 64
Trd, 8639643.182, 61
Trd, 8639643.532, 62
Trd, 8639643.882, 103
Trd, 8639644.082, 137
Trd, 8639645.782, 60
Trd, 8639646.532, 62
Trd, 8639649.282, 60
Trd, 8639650.632, 62
Trd, 8639650.832, 63
Trd, 8639651.032, 64
Trd, 8639651.282, 63
Trd, 8639651.882, 61
Trd, 8639653.882, 125
Trd, 8639654.382, 71
Trd, 8639654.982, 126
Trd, 8639655.082, 74
Trd, 8639655.382, 73
Trd, 8639655.682, 73
Trd, 8639656.832, 60
Trd, 8639658.032, 62
Trd, 8639658.932, 65
Trd, 8639659.132, 75
Trd, 8639659.682, 68
Trd, 8639660.282, 140
Trd, 8639661.082, 140
Trd, 8639661.382, 140
Trd, 8639661.982, 140
Trd, 8639662.832, 140
Trd, 8639662.932, 140
Trd, 8639663.082, 78
Trd, 8639663.532, 135
Trd, 8639663.582, 77
Trd, 8639664.832, 80
Trd, 8639665.082, 139
Trd, 8639666.882, 140
Trd, 8639667.532, 140
Trd, 8639667.582, 140
Trd, 8639667.632, 140
Trd, 8639668.582, 65
Trd, 8639669.432, 61
Trd, 8639669.582, 68
Trd, 8639671.732, 61
Trd, 8639672.482, 62
Trd, 8639673.082, 64
Trd, 8639673.182, 64
Trd, 8639673.632, 64
Trd, 8639673.832, 62
Trd, 8639674.682, 60
Trd, 8639675.132, 127
Trd, 8639675.682, 70
Trd, 8639676.132, 67
Trd, 8639676.332, 135
Trd, 8639678.032, 70
Trd, 8639678.282, 107
Trd, 8639680.482, 140
Trd, 8639680.582, 140
Trd, 8639680.632, 140
Trd, 8639681.532, 140
Trd, 8639681.682, 140
Trd, 8639681.732, 139
Trd, 8639682.782, 104
Trd, 8639683.282, 95
Trd, 8639683.382, 94
Trd, 8639685.482, 61
Trd, 8639686.232, 61
Trd, 8639689.432, 61
Trd, 8639689.982, 60
Trd, 8639690.132, 61
Trd, 8639690.382, 62
Trd, 8639690.632, 62
Trd, 8639693.232, 61
Trd, 8639693.582, 62
Trd, 8639693.882, 62
Trd, 8639694.582, 65
Trd, 8639695.032, 66
Trd, 8639695.082, 66
Trd, 8639695.432, 69
Trd, 8639696.032, 87
Trd, 8639696.582, 71
Trd, 8639697.432, 140
Trd, 8639697.732, 140
Trd, 8639699.882, 62
Trd, 8639700.382, 70
Trd, 8639700.982, 62
Trd, 8639701.732, 60
Trd, 8639702.832, 60
Trd, 8639704.182, 60
Trd, 8639705.982, 60
Trd, 8639707.082, 61
Trd, 8639707.782, 62
Trd, 8639708.932, 61
Trd, 8639709.282, 63
Trd, 8639710.232, 63
Trd, 8639710.282, 62
Trd, 8639710.582, 63
Trd, 8639711.182, 70
Trd, 8639711.782, 66
Trd, 8639713.232, 140
Trd, 8639713.432, 65
Trd, 8639715.932, 62
Trd, 8639718.482, 61
Trd, 8639718.732, 61
Trd, 8639720.182, 62
Trd, 8639720.232, 61
Trd, 8639720.582, 64
Trd, 8639721.182, 60
Trd, 8639722.632, 60
Trd, 8639722.932, 62
Trd, 8639723.232, 65
Trd, 8639724.032, 61
Trd, 8639724.182, 64
Trd, 8639725.032, 84
Trd, 8639725.232, 64
Trd, 8639725.732, 66
Trd, 8639725.932, 66
Trd, 8639726.482, 80
Trd, 8639728.082, 60
Trd, 8639728.682, 140
Trd, 8639729.232, 140
Trd, 8639729.432, 138
Trd, 8639730.132, 140
Trd, 8639731.282, 140
Trd, 8639731.432, 140
Trd, 8639731.532, 140
Trd, 8639731.832, 118
Trd, 8639732.082, 118
Trd, 8639732.932, 62
Trd, 8639734.532, 140
Trd, 8639735.582, 61
Trd, 8639736.832, 65
Trd, 8639737.032, 66
Trd, 8639737.382, 65
Trd, 8639738.082, 124
Trd, 8639739.782, 140
Trd, 8639739.932, 140
Trd, 8639740.182, 140
Trd, 8639741.582, 140
Trd, 8639742.232, 140
Trd, 8639742.332, 139
Trd, 8639742.532, 91
Trd, 8639743.032, 60
Trd, 8639744.182, 60
Trd, 8639746.082, 64
Trd, 8639746.682, 84
Trd, 8639747.832, 60
Trd, 8639747.932, 60
Trd, 8639748.282, 62
Trd, 8639748.832, 90
Trd, 8639749.032, 90
Trd, 8639749.082, 89
Trd, 8639750.032, 109
Trd, 8639751.832, 62
Trd, 8639753.132, 63
Trd, 8639753.782, 70
Trd, 8639753.982, 140
Trd, 8639754.032, 139
Trd, 8639754.082, 67
Trd, 8639754.382, 139
Trd, 8639756.282, 69
Trd, 8639756.382, 68
Trd, 8639756.982, 71
Trd, 8639757.982, 75
Trd, 8639758.232, 75
Trd, 8639758.682, 132
Trd, 8639758.882, 90
Trd, 8639759.982, 138
Trd, 8639760.132, 137
Trd, 8639760.632, 140
Trd, 8639760.682, 136
Trd, 8639760.982, 133
Trd, 8639761.832, 140
Trd, 8639762.682, 140
Trd, 8639764.332, 125
Trd, 8639764.482, 124
Trd, 8639764.582, 123
Trd, 8639766.282, 140
Trd, 8639766.832, 140
Trd, 8639767.532, 140
Trd, 8639768.282, 140
Trd, 8639768.832, 140
Trd, 8639769.032, 140
Trd, 8639769.182, 140
Trd, 8639769.232, 140
Trd, 8639770.532, 140
Trd, 8639771.332, 140
Trd, 8639772.182, 65
Trd, 8639772.582, 62
Trd, 8639773.232, 64
Trd, 8639777.982, 60
Trd, 8639778.232, 60
Trd, 8639778.732, 61
Trd, 8639778.932, 62
Trd, 8639779.232, 65
Trd, 8639779.532, 62
Trd, 8639779.782, 66
Trd, 8639780.282, 63
Trd, 8639780.632, 63
Trd, 8639781.582, 60
Trd, 8639782.432, 60
Trd, 8639785.482, 61
Trd, 8639785.982, 60
Trd, 8639786.082, 60
Trd, 8639786.582, 60
Trd, 8639786.782, 60
Trd, 8639787.782, 64
Trd, 8639788.482, 92
Trd, 8639788.682, 65
Trd, 8639788.882, 64
Trd, 8639791.232, 60
Trd, 8639792.632, 60
Trd, 8639792.782, 60
Trd, 8639793.432, 64
Trd, 8639793.932, 63
Trd, 8639794.532, 63
Trd, 8639794.632, 74
Trd, 8639795.632, 67
Trd, 8639796.332, 68
Trd, 8639796.682, 71
Trd, 8639797.932, 73
Trd, 8639798.832, 140
Trd, 8639799.382, 129
Trd, 8639799.432, 126
Trd, 8639799.732, 100
Trd, 8639800.682, 93
Trd, 8639801.082, 92
Trd, 8639802.382, 133
Trd, 8639802.432, 66
Trd, 8639803.482, 108
Trd, 8639803.832, 107
Trd, 8639804.382, 61
Trd, 8639805.432, 139
Trd, 8639805.982, 139
Trd, 8639807.282, 140
Trd, 8639807.482, 140
Trd, 8639807.682, 139
Trd, 8639808.882, 140
Trd, 8639808.932, 140
Trd, 8639809.232, 113
Trd, 8639809.482, 103
Trd, 8639810.332, 66
Trd, 8639810.482, 76
Trd, 8639812.382, 61
Trd, 8639813.932, 63
Trd, 8639814.782, 60
Trd, 8639814.982, 61
Trd, 8639815.332, 64
Trd, 8639816.382, 61
Trd, 8639816.782, 61
Trd, 8639817.132, 60
Trd, 8639817.432, 66
Trd, 8639817.882, 79
Trd, 8639819.232, 66
Trd, 8639819.382, 63
Trd, 8639820.632, 139
Trd, 8639822.382, 61
Trd, 8639823.632, 62
Trd, 8639823.982, 60
Trd, 8639825.432, 60
Trd, 8639827.582, 60
Trd, 8639828.832, 60
Trd, 8639829.332, 61
Trd, 8639829.582, 61
Trd, 8639829.732, 62
Trd, 8639830.082, 62
Trd, 8639830.282, 60
Trd, 8639831.632, 62
Trd, 8639831.882, 61
Trd, 8639832.332, 75
Trd, 8639833.532, 70
Trd, 8639834.782, 85
Trd, 8639834.982, 94
Trd, 8639835.132, 86
Trd, 8639835.332, 85
Trd, 8639835.482, 82
Trd, 8639836.132, 78
Trd, 8639837.732, 136
Trd, 8639837.882, 95
Trd, 8639838.182, 103
Trd, 8639839.382, 95
Trd, 8639839.832, 140
Trd, 8639840.132, 140
Trd, 8639841.482, 140
Trd, 8639842.082, 140
Trd, 8639842.132, 139
Trd, 8639842.382, 105
Trd, 8639843.882, 140
Trd, 8639843.932, 139
Trd, 8639844.232, 102
Trd, 8639845.232, 69
Trd, 8639845.282, 68
Trd, 8639846.482, 60
Trd, 8639846.682, 60
Trd, 8639846.832, 73
Trd, 8639848.682, 70
Trd, 8639849.332, 140
Trd, 8639849.632, 140
Trd, 8639852.832, 60
Trd, 8639852.982, 61
Trd, 8639853.032, 61
Trd, 8639853.732, 61
Trd, 8639853.982, 62
Trd, 8639855.132, 67
Trd, 8639855.882, 70
Trd, 8639856.482, 96
Trd, 8639858.132, 66
Trd, 8639860.482, 60
Trd, 8639861.282, 60
Trd, 8639861.532, 61
Trd, 8639861.732, 62
Trd, 8639863.332, 61
Trd, 8639863.832, 64
Trd, 8639864.232, 64
Trd, 8639864.732, 66
Trd, 8639864.882, 61
Trd, 8639866.432, 61
Trd, 8639868.432, 61
Trd, 8639869.532, 62
Trd, 8639871.432, 61
Trd, 8639871.682, 63
Trd, 8639872.732, 60
Trd, 8639873.182, 61
Trd, 8639873.432, 61
Trd, 8639873.982, 61
Trd, 8639874.832, 61
Trd, 8639875.032, 61
Trd, 8639875.832, 70
Trd, 8639877.182, 138
Trd, 8639877.682, 83
Trd, 8639877.832, 82
Trd, 8639878.582, 85
Trd, 8639879.332, 140
Trd, 8639880.082, 140
Trd, 8639880.282, 140
Trd, 8639881.082, 140
Trd, 8639881.832, 86
Trd, 8639882.282, 86
Trd, 8639882.932, 123
Trd, 8639883.232, 129
Trd, 8639884.582, 140
Trd, 8639885.282, 140
Trd, 8639885.582, 136
Trd, 8639886.182, 68
Trd, 8639887.332, 79
Trd, 8639887.382, 74
Trd, 8639888.532, 78
Trd, 8639889.182, 79
Trd, 8639889.432, 80
Trd, 8639889.532, 78
Trd, 8639890.532, 79
Trd, 8639891.582, 61
Trd, 8639892.682, 60
Trd, 8639893.482, 64
Trd, 8639894.582, 60
Trd, 8639895.832, 61
Trd, 8639896.482, 62
Trd, 8639897.832, 106
Trd, 8639898.032, 84
Trd, 8639898.582, 126
Trd, 8639898.682, 139
Trd, 8639898.832, 125
Trd, 8639899.132, 124
Trd, 8639901.132, 62
Trd, 8639902.732, 61
Trd, 8639907.182, 60
Trd, 8639907.232, 60
Trd, 8639907.282, 60
Trd, 8639907.332, 60
Trd, 8639907.432, 61
Trd, 8639907.532, 61
Trd, 8639908.432, 116
Trd, 8639908.532, 115
Trd, 8639909.732, 140
Trd, 8639910.632, 140
Trd, 8639910.682, 140
Trd, 8639910.782, 137
Trd, 8639910.982, 68
Trd, 8639911.632, 65
Trd, 8639912.932, 86
Trd, 8639914.232, 62
Trd, 8639916.532, 68
Trd, 8639919.582, 64
Trd, 8639919.732, 63
Trd, 8639920.182, 66
Trd, 8639920.382, 65
Trd, 8639920.732, 63
Trd, 8639921.282, 60
Trd, 8639921.682, 60
Trd, 8639922.782, 65
Trd, 8639923.082, 64
Trd, 8639923.182, 60
Trd, 8639923.832, 140
Trd, 8639924.182, 137
Trd, 8639924.532, 105
Trd, 8639927.132, 62
Trd, 8639928.982, 63
Trd, 8639929.932, 60
Trd, 8639929.982, 61
Trd, 8639931.782, 62
Trd, 8639932.682, 62
Trd, 8639932.932, 62
Trd, 8639933.182, 63
Trd, 8639933.932, 68
Trd, 8639934.082, 66
Trd, 8639935.582, 63
Trd, 8639935.982, 61
Trd, 8639936.582, 140
Trd, 8639937.082, 140
Trd, 8639937.282, 140
Trd, 8639939.732, 129
Trd, 8639940.382, 140
Trd, 8639941.682, 60
Trd, 8639942.432, 61
Trd, 8639942.632, 63
Trd, 8639943.882, 60
Trd, 8639944.232, 60
Trd, 8639944.882, 60
Trd, 8639945.482, 65
Trd, 8639945.732, 64
Trd, 8639946.882, 69
Trd, 8639947.782, 81
Trd, 8639947.982, 80
Trd, 8639948.032, 97
Trd, 8639948.382, 84
Trd, 8639949.082, 60
Trd, 8639950.632, 61
Trd, 8639952.482, 60
Trd, 8639953.232, 61
Trd, 8639954.232, 60
Trd, 8639954.482, 63
Trd, 8639955.032, 61
Trd, 8639955.682, 61
Trd, 8639956.082, 60
Trd, 8639956.732, 61
Trd, 8639957.932, 64
Trd, 8639958.482, 65
Trd, 8639958.882, 64
Trd, 8639959.832, 66
Trd, 8639960.382, 66
Trd, 8639960.482, 71
Trd, 8639962.282, 69
Trd, 8639962.432, 102
Trd, 8639962.482, 65
Trd, 8639963.132, 65
Trd, 8639964.232, 79
Trd, 8639964.782, 110
Trd, 8639965.232, 71
Trd, 8639966.882, 140
Trd, 8639966.932, 140
Trd, 8639967.982, 140
Trd, 8639968.382, 140
Trd, 8639969.082, 140
Trd, 8639969.182, 140
Trd, 8639969.232, 140
Trd, 8639969.682, 140
Trd, 8639970.782, 60
Trd, 8639970.882, 60
Trd, 8639971.332, 60
Trd, 8639972.132, 61
Trd, 8639972.632, 93
Trd, 8639973.482, 63
Trd, 8639974.432, 62
Trd, 8639974.582, 62
Trd, 8639975.182, 64
Trd, 8639976.232, 68
Trd, 8639977.232, 135
Trd, 8639977.482, 71
Trd, 8639977.882, 71
Trd, 8639978.332, 74
Trd, 8639978.532, 74
Trd, 8639979.732, 77
Trd, 8639980.232, 120
Trd, 8639980.532, 79
Trd, 8639980.932, 78
Trd, 8639981.032, 76
Trd, 8639981.232, 75
Trd, 8639982.032, 140
Trd, 8639982.532, 140
Trd, 8639982.632, 140
Trd, 8639983.282, 68
Trd, 8639984.832, 63
Trd, 8639985.332, 63
Trd, 8639986.632, 60
Trd, 8639986.682, 60
Trd, 8639990.232, 62
Trd, 8639990.932, 60
Trd, 8639991.732, 61
Trd, 8639992.382, 62
Trd, 8639992.582, 62
Trd, 8639992.882, 63
Trd, 8639993.632, 66
Trd, 8639993.782, 66
Trd, 8639993.982, 67
Trd, 8639994.532, 65
Trd, 8639995.382, 65
Trd, 8639995.482, 64
Trd, 8639995.632, 73
Trd, 8639996.032, 67
Trd, 8639998.282, 61
Trd, 8639998.782, 61
