Trd, 8638138.832, 64
Trd, 8638139.532, 63
Trd, 8638141.232, 93
Trd, 8638142.082, 86
Trd, 8638142.682, 94
Trd, 8638143.032, 91
Trd, 8638143.932, 119
Trd, 8638144.982, 103
Trd, 8638145.682, 92
Trd, 8638145.982, 80
Trd, 8638146.232, 68
Trd, 8638147.782, 98
Trd, 8638148.032, 96
Trd, 8638149.932, 114
Trd, 8638150.282, 108
Trd, 8638150.582, 101
Trd, 8638150.732, 99
Trd, 8638151.582, 90
Trd, 8638152.082, 68
Trd, 8638153.132, 121
Trd, 8638153.182, 120
Trd, 8638153.732, 67
Trd, 8638154.482, 63
Trd, 8638156.082, 60
Trd, 8638156.732, 120
Trd, 8638156.982, 140
Trd, 8638157.432, 81
Trd, 8638158.232, 65
Trd, 8638160.332, 65
Trd, 8638161.732, 64
Trd, 8638161.932, 65
Trd, 8638162.632, 69
Trd, 8638162.982, 99
Trd, 8638163.282, 69
Trd, 8638164.532, 96
Trd, 8638166.182, 128
Trd, 8638167.382, 121
Trd, 8638168.032, 115
Trd, 8638168.182, 114
Trd, 8638169.232, 128
Trd, 8638169.382, 100
Trd, 8638169.832, 90
Trd, 8638170.332, 78
Trd, 8638171.182, 84
Trd, 8638172.232, 76
Trd, 8638173.182, 126
Trd, 8638173.682, 77
Trd, 8638174.132, 80
Trd, 8638175.232, 108
Trd, 8638176.032, 98
Trd, 8638176.182, 97
Trd, 8638176.532, 92
Trd, 8638177.482, 106
Trd, 8638178.882, 110
Trd, 8638179.032, 109
Trd, 8638180.882, 117
Trd, 8638181.232, 122
Trd, 8638181.982, 104
Trd, 8638183.082, 111
Trd, 8638184.832, 134
Trd, 8638186.382, 137
Trd, 8638186.532, 134
Trd, 8638186.582, 115
Trd, 8638186.982, 107
Trd, 8638187.882, 102
Trd, 8638189.232, 140
Trd, 8638189.282, 126
Trd, 8638190.232, 136
Trd, 8638190.882, 89
Trd, 8638191.432, 116
Trd, 8638193.032, 107
Trd, 8638193.132, 104
Trd, 8638194.232, 92
Trd, 8638195.932, 107
Trd, 8638197.682, 134
Trd, 8638197.832, 114
Trd, 8638198.132, 105
Trd, 8638198.932, 113
Trd, 8638199.632, 106
Trd, 8638200.482, 96
Trd, 8638201.382, 112
Trd, 8638201.682, 87
Trd, 8638202.032, 73
Trd, 8638202.132, 64
Trd, 8638202.832, 67
Trd, 8638203.082, 84
Trd, 8638204.132, 82
Trd, 8638205.932, 77
Trd, 8638206.082, 78
Trd, 8638206.232, 76
Trd, 8638207.132, 76
Trd, 8638207.232, 75
Trd, 8638207.482, 77
Trd, 8638207.582, 65
Trd, 8638210.632, 63
Trd, 8638211.982, 82
Trd, 8638213.382, 88
Trd, 8638213.632, 87
Trd, 8638213.932, 83
Trd, 8638214.232, 77
Trd, 8638214.532, 76
Trd, 8638215.282, 95
Trd, 8638215.432, 94
Trd, 8638216.482, 109
Trd, 8638217.032, 81
Trd, 8638217.132, 69
Trd, 8638217.832, 81
Trd, 8638219.682, 69
Trd, 8638220.582, 60
Trd, 8638221.582, 68
Trd, 8638222.232, 94
Trd, 8638222.782, 93
Trd, 8638223.382, 94
Trd, 8638224.482, 102
Trd, 8638225.432, 100
Trd, 8638225.732, 98
Trd, 8638226.882, 61
Trd, 8638227.382, 73
Trd, 8638227.532, 68
Trd, 8638228.582, 76
Trd, 8638229.582, 88
Trd, 8638229.982, 90
Trd, 8638231.282, 113
Trd, 8638231.682, 113
Trd, 8638231.982, 81
Trd, 8638232.882, 91
Trd, 8638232.982, 72
Trd, 8638234.732, 125
Trd, 8638235.182, 124
Trd, 8638235.232, 111
Trd, 8638235.782, 123
Trd, 8638236.132, 90
Trd, 8638237.782, 119
Trd, 8638237.832, 109
Trd, 8638238.482, 61
Trd, 8638239.982, 87
Trd, 8638240.932, 106
Trd, 8638241.382, 104
Trd, 8638242.282, 138
Trd, 8638244.732, 140
Trd, 8638245.032, 140
Trd, 8638245.232, 140
Trd, 8638245.682, 104
Trd, 8638245.732, 102
Trd, 8638245.782, 101
Trd, 8638246.832, 101
Trd, 8638247.832, 107
Trd, 8638248.132, 97
Trd, 8638248.832, 97
Trd, 8638249.432, 96
Trd, 8638249.632, 136
Trd, 8638250.682, 119
Trd, 8638253.532, 96
Trd, 8638253.632, 95
Trd, 8638254.182, 133
Trd, 8638254.482, 118
Trd, 8638255.182, 118
Trd, 8638255.682, 71
Trd, 8638256.732, 74
Trd, 8638257.932, 85
Trd, 8638258.332, 85
Trd, 8638258.982, 86
Trd, 8638259.232, 88
Trd, 8638260.082, 100
Trd, 8638260.682, 62
Trd, 8638261.582, 88
Trd, 8638261.632, 67
Trd, 8638262.432, 94
Trd, 8638263.682, 93
Trd, 8638263.932, 85
Trd, 8638264.282, 101
Trd, 8638264.782, 98
Trd, 8638265.732, 77
Trd, 8638265.932, 65
Trd, 8638267.182, 131
Trd, 8638267.932, 134
Trd, 8638269.332, 103
Trd, 8638269.832, 108
Trd, 8638270.182, 107
Trd, 8638270.932, 120
Trd, 8638271.182, 118
Trd, 8638272.182, 118
Trd, 8638272.882, 106
Trd, 8638273.782, 119
Trd, 8638274.132, 93
Trd, 8638274.232, 85
Trd, 8638276.232, 112
Trd, 8638276.432, 110
Trd, 8638276.882, 101
Trd, 8638277.782, 103
Trd, 8638278.232, 102
Trd, 8638278.832, 124
Trd, 8638278.982, 90
Trd, 8638280.932, 132
Trd, 8638281.232, 131
Trd, 8638281.982, 118
Trd, 8638282.282, 114
Trd, 8638282.432, 108
Trd, 8638283.182, 117
Trd, 8638284.732, 113
Trd, 8638285.532, 113
Trd, 8638287.682, 86
Trd, 8638288.432, 110
Trd, 8638288.532, 109
Trd, 8638289.632, 117
Trd, 8638289.882, 95
Trd, 8638290.582, 132
Trd, 8638291.182, 131
Trd, 8638292.432, 131
Trd, 8638293.182, 89
Trd, 8638293.932, 139
Trd, 8638294.732, 94
Trd, 8638295.032, 108
Trd, 8638295.182, 82
Trd, 8638296.432, 91
Trd, 8638296.732, 74
Trd, 8638297.432, 71
Trd, 8638298.682, 110
Trd, 8638298.782, 93
Trd, 8638299.132, 140
Trd, 8638300.582, 120
Trd, 8638301.532, 130
Trd, 8638302.432, 103
Trd, 8638302.532, 99
Trd, 8638302.682, 87
Trd, 8638303.532, 91
Trd, 8638303.982, 82
Trd, 8638305.182, 121
Trd, 8638305.332, 120
Trd, 8638306.132, 70
Trd, 8638306.632, 63
Trd, 8638307.232, 62
Trd, 8638307.382, 65
Trd, 8638308.182, 116
Trd, 8638310.332, 122
Trd, 8638310.382, 117
Trd, 8638310.732, 114
Trd, 8638311.182, 105
Trd, 8638311.632, 89
Trd, 8638313.282, 103
Trd, 8638313.332, 91
Trd, 8638314.732, 116
Trd, 8638315.232, 112
Trd, 8638315.282, 111
Trd, 8638315.632, 62
Trd, 8638317.532, 64
Trd, 8638317.932, 61
Trd, 8638318.882, 67
Trd, 8638319.032, 65
Trd, 8638320.382, 95
Trd, 8638320.432, 91
Trd, 8638321.232, 83
Trd, 8638321.482, 68
Trd, 8638322.132, 76
Trd, 8638322.532, 68
Trd, 8638323.282, 118
Trd, 8638324.932, 64
Trd, 8638325.782, 65
Trd, 8638326.682, 62
Trd, 8638328.032, 119
Trd, 8638328.532, 96
Trd, 8638329.182, 98
Trd, 8638329.382, 129
Trd, 8638329.982, 67
Trd, 8638330.932, 95
Trd, 8638331.132, 64
Trd, 8638332.182, 101
Trd, 8638332.782, 111
Trd, 8638333.982, 94
Trd, 8638334.232, 95
Trd, 8638334.882, 98
Trd, 8638335.032, 79
Trd, 8638336.132, 73
Trd, 8638336.582, 60
Trd, 8638336.782, 76
Trd, 8638338.282, 121
Trd, 8638339.432, 74
Trd, 8638339.882, 96
Trd, 8638340.032, 95
Trd, 8638340.732, 103
Trd, 8638341.182, 98
Trd, 8638342.182, 85
Trd, 8638342.482, 84
Trd, 8638343.182, 121
Trd, 8638343.382, 61
Trd, 8638343.882, 63
Trd, 8638345.332, 63
Trd, 8638345.632, 68
Trd, 8638346.082, 82
Trd, 8638346.332, 65
Trd, 8638346.782, 69
Trd, 8638348.532, 75
Trd, 8638348.882, 103
Trd, 8638349.382, 75
Trd, 8638349.632, 95
Trd, 8638351.432, 83
Trd, 8638352.332, 84
Trd, 8638353.382, 140
Trd, 8638353.632, 104
Trd, 8638354.182, 84
Trd, 8638354.632, 65
Trd, 8638356.482, 60
Trd, 8638357.332, 61
Trd, 8638358.232, 82
Trd, 8638358.832, 89
Trd, 8638359.632, 98
Trd, 8638360.182, 82
Trd, 8638360.282, 86
Trd, 8638361.382, 76
Trd, 8638363.032, 126
Trd, 8638363.132, 124
Trd, 8638363.432, 117
Trd, 8638364.582, 129
Trd, 8638365.132, 105
Trd, 8638366.032, 103
Trd, 8638366.882, 88
Trd, 8638367.032, 87
Trd, 8638367.432, 87
Trd, 8638368.132, 109
Trd, 8638369.482, 107
Trd, 8638369.732, 106
Trd, 8638370.332, 109
Trd, 8638370.532, 105
Trd, 8638371.832, 105
Trd, 8638372.232, 115
Trd, 8638372.432, 114
Trd, 8638372.782, 92
Trd, 8638372.882, 89
Trd, 8638375.182, 64
Trd, 8638376.632, 74
Trd, 8638376.782, 73
Trd, 8638377.232, 71
Trd, 8638378.482, 112
Trd, 8638379.032, 113
Trd, 8638379.832, 113
Trd, 8638380.582, 129
Trd, 8638381.382, 128
Trd, 8638383.582, 116
Trd, 8638384.082, 115
Trd, 8638385.282, 127
Trd, 8638385.382, 118
Trd, 8638385.932, 119
Trd, 8638386.582, 116
Trd, 8638387.332, 133
Trd, 8638387.682, 112
Trd, 8638388.732, 102
Trd, 8638390.432, 112
Trd, 8638390.532, 110
Trd, 8638390.832, 80
Trd, 8638391.032, 130
Trd, 8638391.882, 110
Trd, 8638391.932, 109
Trd, 8638393.232, 89
Trd, 8638393.282, 102
Trd, 8638394.732, 94
Trd, 8638394.932, 93
Trd, 8638395.682, 96
Trd, 8638396.182, 107
Trd, 8638396.882, 90
Trd, 8638398.232, 91
Trd, 8638398.682, 89
Trd, 8638399.532, 108
Trd, 8638400.332, 126
Trd, 8638400.832, 109
Trd, 8638401.532, 101
Trd, 8638402.132, 101
Trd, 8638402.582, 100
Trd, 8638403.632, 136
Trd, 8638404.582, 130
Trd, 8638405.232, 88
Trd, 8638406.482, 111
Trd, 8638406.832, 78
Trd, 8638407.132, 78
Trd, 8638407.582, 68
Trd, 8638408.282, 94
Trd, 8638410.182, 105
Trd, 8638410.332, 103
Trd, 8638411.232, 61
Trd, 8638411.932, 124
Trd, 8638412.132, 68
Trd, 8638413.132, 66
Trd, 8638413.782, 92
Trd, 8638414.932, 89
Trd, 8638415.332, 113
Trd, 8638416.582, 62
Trd, 8638418.132, 96
Trd, 8638418.482, 112
Trd, 8638418.932, 91
Trd, 8638419.282, 80
Trd, 8638420.282, 137
Trd, 8638420.832, 60
Trd, 8638421.032, 63
Trd, 8638421.882, 71
Trd, 8638422.632, 116
Trd, 8638425.182, 104
Trd, 8638425.532, 96
Trd, 8638426.732, 96
Trd, 8638427.032, 129
Trd, 8638427.332, 84
Trd, 8638427.882, 84
Trd, 8638428.082, 87
Trd, 8638429.532, 85
Trd, 8638429.982, 83
Trd, 8638431.182, 104
Trd, 8638431.432, 83
Trd, 8638431.482, 73
Trd, 8638433.482, 71
Trd, 8638433.532, 66
Trd, 8638434.532, 81
Trd, 8638435.032, 127
Trd, 8638435.682, 66
Trd, 8638437.432, 111
Trd, 8638438.432, 114
Trd, 8638438.482, 112
Trd, 8638439.032, 130
Trd, 8638439.932, 130
Trd, 8638439.982, 116
Trd, 8638440.232, 140
Trd, 8638440.982, 109
Trd, 8638441.332, 108
Trd, 8638441.882, 98
Trd, 8638442.632, 103
Trd, 8638444.632, 116
Trd, 8638444.832, 101
Trd, 8638445.732, 100
Trd, 8638445.782, 100
Trd, 8638446.682, 86
Trd, 8638447.332, 76
Trd, 8638448.282, 69
Trd, 8638448.482, 64
Trd, 8638448.582, 61
Trd, 8638450.782, 80
Trd, 8638451.282, 128
Trd, 8638451.882, 90
Trd, 8638452.182, 85
Trd, 8638452.232, 81
Trd, 8638452.432, 80
Trd, 8638453.282, 69
Trd, 8638453.632, 75
Trd, 8638454.132, 80
Trd, 8638455.032, 108
Trd, 8638455.432, 90
Trd, 8638457.282, 85
Trd, 8638457.332, 83
Trd, 8638458.832, 83
Trd, 8638458.932, 81
Trd, 8638459.482, 140
Trd, 8638460.982, 106
Trd, 8638461.932, 119
Trd, 8638462.732, 127
Trd, 8638463.432, 120
Trd, 8638465.432, 126
Trd, 8638465.982, 128
Trd, 8638466.532, 90
Trd, 8638466.932, 86
Trd, 8638467.032, 103
Trd, 8638467.332, 85
Trd, 8638467.882, 75
Trd, 8638469.732, 100
Trd, 8638469.882, 99
Trd, 8638470.382, 79
Trd, 8638470.982, 96
Trd, 8638471.032, 94
Trd, 8638472.232, 103
Trd, 8638472.282, 102
Trd, 8638473.082, 78
Trd, 8638473.282, 77
Trd, 8638474.482, 138
Trd, 8638474.732, 93
Trd, 8638475.782, 93
Trd, 8638477.782, 101
Trd, 8638478.582, 123
Trd, 8638480.432, 115
Trd, 8638480.982, 114
Trd, 8638481.582, 109
Trd, 8638481.782, 120
Trd, 8638482.232, 103
Trd, 8638482.932, 111
Trd, 8638483.582, 81
Trd, 8638483.782, 80
Trd, 8638484.432, 106
Trd, 8638485.382, 105
Trd, 8638486.832, 111
Trd, 8638487.132, 129
Trd, 8638488.332, 118
Trd, 8638489.232, 116
Trd, 8638489.332, 126
Trd, 8638489.582, 119
Trd, 8638491.932, 133
Trd, 8638492.282, 91
Trd, 8638494.732, 107
Trd, 8638494.932, 101
Trd, 8638495.132, 100
Trd, 8638496.032, 83
Trd, 8638496.682, 94
Trd, 8638497.482, 136
Trd, 8638498.282, 104
Trd, 8638498.832, 104
Trd, 8638498.932, 83
Trd, 8638499.532, 126
Trd, 8638500.782, 129
Trd, 8638501.182, 128
Trd, 8638501.532, 108
Trd, 8638501.682, 89
Trd, 8638503.382, 60
Trd, 8638503.532, 61
Trd, 8638504.432, 137
Trd, 8638504.582, 136
Trd, 8638504.732, 67
Trd, 8638505.682, 105
Trd, 8638505.882, 104
Trd, 8638507.832, 105
Trd, 8638508.732, 135
Trd, 8638508.982, 89
Trd, 8638511.032, 102
Trd, 8638511.232, 79
Trd, 8638512.982, 104
Trd, 8638513.032, 103
Trd, 8638513.082, 107
Trd, 8638513.132, 93
Trd, 8638515.832, 103
Trd, 8638516.532, 84
Trd, 8638516.582, 80
Trd, 8638517.132, 92
Trd, 8638517.732, 97
Trd, 8638518.132, 77
Trd, 8638520.632, 113
Trd, 8638520.732, 112
Trd, 8638521.332, 73
Trd, 8638522.182, 68
Trd, 8638522.832, 62
Trd, 8638523.682, 84
Trd, 8638523.882, 124
Trd, 8638524.382, 96
Trd, 8638524.432, 83
Trd, 8638525.382, 112
Trd, 8638525.532, 111
Trd, 8638526.332, 114
Trd, 8638527.432, 62
Trd, 8638528.482, 73
Trd, 8638529.332, 62
Trd, 8638529.932, 61
Trd, 8638530.182, 66
Trd, 8638530.932, 76
Trd, 8638531.732, 107
Trd, 8638531.882, 72
Trd, 8638532.882, 66
Trd, 8638533.782, 63
Trd, 8638534.532, 96
Trd, 8638535.882, 89
Trd, 8638535.982, 88
Trd, 8638536.632, 102
Trd, 8638538.382, 98
Trd, 8638539.182, 135
Trd, 8638539.932, 108
Trd, 8638540.532, 105
Trd, 8638541.732, 74
Trd, 8638542.432, 74
Trd, 8638542.632, 111
Trd, 8638542.782, 65
Trd, 8638542.982, 72
Trd, 8638543.182, 90
Trd, 8638544.532, 60
Trd, 8638545.682, 107
Trd, 8638546.332, 117
Trd, 8638546.382, 116
Trd, 8638546.532, 105
Trd, 8638547.432, 119
Trd, 8638548.732, 61
Trd, 8638549.132, 105
Trd, 8638550.082, 98
Trd, 8638552.482, 117
Trd, 8638552.632, 115
Trd, 8638552.682, 113
Trd, 8638553.682, 110
Trd, 8638554.132, 99
Trd, 8638554.282, 88
Trd, 8638554.982, 90
Trd, 8638555.232, 87
Trd, 8638555.632, 75
Trd, 8638556.182, 69
Trd, 8638556.632, 125
Trd, 8638556.982, 96
Trd, 8638559.982, 113
Trd, 8638560.032, 112
Trd, 8638560.082, 111
Trd, 8638561.532, 118
Trd, 8638563.132, 134
Trd, 8638563.382, 134
Trd, 8638563.582, 105
Trd, 8638564.082, 100
Trd, 8638564.432, 109
Trd, 8638564.932, 96
Trd, 8638565.982, 90
Trd, 8638566.382, 102
Trd, 8638566.882, 85
Trd, 8638569.332, 96
Trd, 8638569.482, 94
Trd, 8638570.632, 82
Trd, 8638570.782, 70
Trd, 8638571.982, 72
Trd, 8638572.732, 71
Trd, 8638573.532, 61
Trd, 8638574.182, 60
Trd, 8638574.732, 79
Trd, 8638576.582, 114
Trd, 8638576.732, 113
Trd, 8638576.932, 94
Trd, 8638577.032, 85
Trd, 8638577.482, 75
Trd, 8638578.832, 87
Trd, 8638579.632, 82
Trd, 8638579.932, 104
Trd, 8638579.982, 83
Trd, 8638580.482, 125
Trd, 8638582.032, 119
Trd, 8638583.232, 101
Trd, 8638583.382, 111
Trd, 8638584.532, 125
Trd, 8638584.782, 123
Trd, 8638584.982, 101
Trd, 8638586.332, 90
Trd, 8638587.482, 86
Trd, 8638588.432, 96
Trd, 8638589.132, 83
Trd, 8638589.732, 85
Trd, 8638590.232, 68
Trd, 8638591.332, 106
Trd, 8638591.532, 97
Trd, 8638592.132, 80
Trd, 8638592.332, 73
Trd, 8638592.382, 72
Trd, 8638592.882, 74
Trd, 8638593.782, 61
Trd, 8638595.782, 60
Trd, 8638596.982, 120
Trd, 8638597.432, 111
Trd, 8638598.182, 122
Trd, 8638598.782, 115
Trd, 8638598.882, 113
Trd, 8638598.932, 103
Trd, 8638600.682, 128
Trd, 8638601.532, 111
Trd, 8638601.732, 97
Trd, 8638602.082, 88
Trd, 8638603.032, 85
Trd, 8638603.082, 118
Trd, 8638604.782, 108
Trd, 8638605.032, 88
Trd, 8638605.232, 82
Trd, 8638605.682, 106
Trd, 8638606.382, 85
Trd, 8638607.682, 92
Trd, 8638609.682, 123
Trd, 8638610.582, 121
Trd, 8638610.782, 109
Trd, 8638611.282, 97
Trd, 8638611.882, 84
Trd, 8638613.082, 84
Trd, 8638613.682, 84
Trd, 8638614.882, 98
Trd, 8638614.932, 97
Trd, 8638615.432, 88
Trd, 8638615.482, 81
Trd, 8638616.882, 60
Trd, 8638617.332, 74
Trd, 8638618.332, 65
Trd, 8638618.882, 121
Trd, 8638620.282, 118
Trd, 8638620.982, 118
Trd, 8638621.032, 98
Trd, 8638621.532, 118
Trd, 8638622.082, 66
Trd, 8638622.432, 115
Trd, 8638623.232, 111
Trd, 8638623.582, 126
Trd, 8638626.032, 121
Trd, 8638626.082, 106
Trd, 8638626.682, 89
Trd, 8638626.932, 86
Trd, 8638627.732, 106
Trd, 8638628.482, 135
Trd, 8638630.032, 134
Trd, 8638630.482, 110
Trd, 8638631.382, 79
Trd, 8638631.632, 71
Trd, 8638631.932, 133
Trd, 8638633.582, 61
Trd, 8638633.932, 84
Trd, 8638634.182, 62
Trd, 8638635.682, 95
Trd, 8638636.132, 99
Trd, 8638636.182, 97
Trd, 8638636.582, 108
Trd, 8638637.182, 96
Trd, 8638637.532, 100
Trd, 8638638.432, 90
Trd, 8638639.182, 77
Trd, 8638640.132, 61
Trd, 8638641.382, 118
Trd, 8638641.882, 94
Trd, 8638641.932, 93
Trd, 8638643.332, 76
Trd, 8638644.232, 71
Trd, 8638645.032, 113
Trd, 8638645.632, 96
Trd, 8638645.982, 96
Trd, 8638647.032, 74
Trd, 8638647.382, 61
Trd, 8638647.432, 114
Trd, 8638647.832, 133
Trd, 8638648.182, 132
Trd, 8638648.682, 120
Trd, 8638648.882, 74
Trd, 8638651.482, 109
Trd, 8638651.832, 108
Trd, 8638652.032, 97
Trd, 8638653.282, 90
Trd, 8638653.532, 89
Trd, 8638654.132, 81
Trd, 8638654.232, 81
Trd, 8638654.882, 128
Trd, 8638654.982, 73
Trd, 8638656.132, 69
Trd, 8638658.782, 118
Trd, 8638659.182, 117
Trd, 8638659.332, 112
Trd, 8638659.832, 88
Trd, 8638660.832, 116
Trd, 8638661.032, 115
Trd, 8638661.932, 113
Trd, 8638662.082, 124
Trd, 8638662.182, 90
Trd, 8638662.482, 122
Trd, 8638663.582, 79
Trd, 8638665.332, 122
Trd, 8638666.082, 88
Trd, 8638666.382, 125
Trd, 8638667.182, 99
Trd, 8638667.932, 101
Trd, 8638668.482, 70
Trd, 8638669.382, 78
Trd, 8638671.332, 135
Trd, 8638671.832, 136
Trd, 8638672.032, 135
Trd, 8638672.232, 134
Trd, 8638672.932, 110
Trd, 8638673.282, 81
Trd, 8638673.582, 130
Trd, 8638675.482, 81
Trd, 8638675.832, 66
Trd, 8638676.082, 66
Trd, 8638677.082, 69
Trd, 8638677.482, 67
Trd, 8638677.932, 67
Trd, 8638678.882, 117
Trd, 8638679.932, 86
Trd, 8638680.732, 60
Trd, 8638682.432, 62
Trd, 8638683.032, 84
Trd, 8638683.232, 81
Trd, 8638684.132, 71
Trd, 8638684.732, 70
Trd, 8638684.832, 67
Trd, 8638685.432, 91
Trd, 8638685.732, 66
Trd, 8638685.832, 65
Trd, 8638688.982, 139
Trd, 8638689.082, 121
Trd, 8638689.132, 109
Trd, 8638690.182, 114
Trd, 8638691.032, 112
Trd, 8638692.232, 98
Trd, 8638692.832, 97
Trd, 8638693.382, 94
Trd, 8638693.482, 93
Trd, 8638693.532, 87
Trd, 8638695.582, 92
Trd, 8638695.932, 110
Trd, 8638696.632, 113
Trd, 8638697.382, 115
Trd, 8638697.432, 92
Trd, 8638698.082, 94
Trd, 8638698.132, 71
Trd, 8638698.282, 70
Trd, 8638698.532, 110
Trd, 8638699.682, 93
Trd, 8638700.382, 117
Trd, 8638700.682, 98
Trd, 8638701.182, 89
Trd, 8638702.482, 87
Trd, 8638703.382, 133
Trd, 8638704.982, 132
Trd, 8638705.082, 129
Trd, 8638705.332, 118
Trd, 8638705.982, 114
Trd, 8638706.182, 76
Trd, 8638706.432, 115
Trd, 8638707.432, 77
Trd, 8638707.932, 74
Trd, 8638708.932, 90
Trd, 8638710.482, 91
Trd, 8638713.032, 104
Trd, 8638713.132, 103
Trd, 8638713.432, 85
Trd, 8638713.532, 84
Trd, 8638713.982, 87
Trd, 8638714.032, 74
Trd, 8638714.182, 111
Trd, 8638715.432, 128
Trd, 8638716.232, 107
Trd, 8638716.382, 106
Trd, 8638716.782, 91
Trd, 8638718.032, 124
Trd, 8638718.482, 114
Trd, 8638719.482, 105
Trd, 8638719.832, 104
Trd, 8638719.982, 86
Trd, 8638720.082, 85
Trd, 8638720.432, 83
Trd, 8638721.382, 101
Trd, 8638721.882, 99
Trd, 8638722.082, 76
Trd, 8638723.032, 60
Trd, 8638723.982, 60
Trd, 8638725.032, 64
Trd, 8638726.282, 88
Trd, 8638727.932, 111
Trd, 8638728.232, 121
Trd, 8638730.332, 126
Trd, 8638730.432, 117
Trd, 8638730.682, 118
Trd, 8638731.332, 126
Trd, 8638731.982, 115
Trd, 8638732.382, 91
Trd, 8638733.382, 122
Trd, 8638734.232, 99
Trd, 8638734.332, 105
Trd, 8638734.432, 66
Trd, 8638734.482, 79
Trd, 8638735.982, 93
Trd, 8638736.632, 73
Trd, 8638737.232, 131
Trd, 8638737.732, 75
Trd, 8638740.932, 62
Trd, 8638741.032, 63
Trd, 8638741.582, 64
Trd, 8638741.932, 80
Trd, 8638743.432, 61
Trd, 8638743.682, 63
Trd, 8638743.732, 63
Trd, 8638744.482, 71
Trd, 8638746.132, 128
Trd, 8638746.182, 127
Trd, 8638746.532, 114
Trd, 8638746.682, 138
Trd, 8638747.182, 113
Trd, 8638747.732, 132
Trd, 8638748.182, 102
Trd, 8638748.282, 99
Trd, 8638749.382, 68
Trd, 8638750.082, 88
Trd, 8638750.482, 116
Trd, 8638751.782, 86
Trd, 8638752.582, 107
Trd, 8638753.132, 70
Trd, 8638754.882, 116
Trd, 8638755.382, 89
Trd, 8638755.932, 108
Trd, 8638756.432, 126
Trd, 8638757.532, 91
Trd, 8638758.282, 66
Trd, 8638758.382, 64
Trd, 8638758.782, 68
Trd, 8638759.632, 67
Trd, 8638761.882, 60
Trd, 8638762.232, 67
Trd, 8638762.632, 64
Trd, 8638762.982, 81
Trd, 8638763.532, 85
Trd, 8638763.782, 124
Trd, 8638765.032, 100
Trd, 8638766.182, 113
Trd, 8638767.482, 108
Trd, 8638767.632, 80
Trd, 8638768.432, 78
Trd, 8638769.782, 72
Trd, 8638770.232, 75
Trd, 8638770.582, 66
Trd, 8638771.432, 71
Trd, 8638771.632, 64
Trd, 8638772.132, 99
Trd, 8638773.332, 78
Trd, 8638773.532, 77
Trd, 8638774.082, 70
Trd, 8638774.432, 91
Trd, 8638775.182, 98
Trd, 8638776.682, 70
Trd, 8638777.032, 94
Trd, 8638777.582, 104
Trd, 8638778.082, 87
Trd, 8638780.132, 107
Trd, 8638781.682, 132
Trd, 8638781.882, 131
Trd, 8638782.082, 130
Trd, 8638783.082, 122
Trd, 8638783.482, 121
Trd, 8638784.232, 95
Trd, 8638784.682, 103
Trd, 8638784.882, 103
Trd, 8638786.082, 106
Trd, 8638786.582, 94
Trd, 8638788.082, 92
Trd, 8638789.332, 102
Trd, 8638789.432, 105
Trd, 8638789.882, 91
Trd, 8638790.282, 79
Trd, 8638790.332, 68
Trd, 8638791.682, 124
Trd, 8638793.132, 60
Trd, 8638793.232, 64
Trd, 8638794.382, 86
Trd, 8638794.532, 78
Trd, 8638796.882, 132
Trd, 8638797.082, 131
Trd, 8638797.882, 127
Trd, 8638798.232, 126
Trd, 8638798.582, 125
Trd, 8638799.732, 139
Trd, 8638799.932, 138
Trd, 8638800.432, 110
Trd, 8638802.332, 102
Trd, 8638803.732, 113
Trd, 8638803.932, 96
Trd, 8638804.032, 96
Trd, 8638804.982, 119
Trd, 8638805.282, 105
Trd, 8638806.632, 139
Trd, 8638808.082, 113
Trd, 8638808.532, 112
Trd, 8638809.082, 97
Trd, 8638809.332, 130
Trd, 8638809.432, 96
Trd, 8638809.632, 85
Trd, 8638809.782, 77
Trd, 8638811.682, 86
Trd, 8638812.082, 112
Trd, 8638812.982, 62
Trd, 8638813.532, 64
Trd, 8638813.782, 91
Trd, 8638814.482, 62
Trd, 8638814.732, 90
Trd, 8638815.632, 118
Trd, 8638815.882, 117
Trd, 8638816.432, 90
Trd, 8638817.332, 109
Trd, 8638818.332, 81
Trd, 8638818.932, 100
Trd, 8638818.982, 62
Trd, 8638819.832, 93
Trd, 8638820.632, 129
Trd, 8638821.282, 105
Trd, 8638821.632, 104
Trd, 8638822.232, 113
Trd, 8638822.532, 103
Trd, 8638824.532, 83
Trd, 8638824.832, 81
Trd, 8638825.732, 117
Trd, 8638826.132, 81
Trd, 8638826.232, 89
Trd, 8638826.932, 81
Trd, 8638827.082, 82
Trd, 8638827.782, 72
Trd, 8638829.682, 88
Trd, 8638830.432, 85
Trd, 8638830.482, 62
Trd, 8638831.582, 95
Trd, 8638832.232, 80
Trd, 8638832.332, 85
Trd, 8638832.482, 63
Trd, 8638834.032, 91
Trd, 8638834.432, 85
Trd, 8638834.632, 97
Trd, 8638835.782, 106
Trd, 8638836.382, 100
Trd, 8638836.482, 99
Trd, 8638837.382, 66
Trd, 8638837.832, 61
Trd, 8638838.782, 74
Trd, 8638840.132, 124
Trd, 8638840.432, 123
Trd, 8638841.082, 92
Trd, 8638842.432, 123
Trd, 8638842.682, 122
Trd, 8638843.382, 121
Trd, 8638844.932, 138
Trd, 8638845.382, 108
Trd, 8638845.682, 92
Trd, 8638845.882, 90
Trd, 8638846.732, 116
Trd, 8638847.182, 117
Trd, 8638848.032, 127
Trd, 8638848.082, 115
Trd, 8638848.682, 81
Trd, 8638849.182, 81
Trd, 8638849.232, 76
Trd, 8638849.582, 62
Trd, 8638850.032, 66
Trd, 8638850.782, 88
Trd, 8638852.432, 84
Trd, 8638853.582, 88
Trd, 8638853.882, 80
Trd, 8638854.282, 102
Trd, 8638855.182, 90
Trd, 8638855.232, 86
Trd, 8638855.782, 82
Trd, 8638855.932, 81
Trd, 8638857.182, 77
Trd, 8638857.232, 114
Trd, 8638857.432, 105
Trd, 8638858.382, 61
Trd, 8638859.232, 62
Trd, 8638859.282, 61
Trd, 8638860.082, 80
Trd, 8638861.532, 60
Trd, 8638862.182, 70
Trd, 8638862.332, 101
Trd, 8638863.332, 88
Trd, 8638864.032, 105
Trd, 8638864.132, 91
Trd, 8638864.382, 78
Trd, 8638866.082, 101
Trd, 8638866.532, 78
Trd, 8638866.782, 78
Trd, 8638867.882, 78
Trd, 8638868.782, 125
Trd, 8638868.832, 123
Trd, 8638869.082, 76
Trd, 8638870.082, 78
Trd, 8638871.482, 60
Trd, 8638873.382, 62
Trd, 8638874.332, 61
Trd, 8638875.582, 78
Trd, 8638876.332, 84
Trd, 8638877.482, 60
Trd, 8638878.282, 62
Trd, 8638878.682, 76
Trd, 8638879.182, 64
Trd, 8638879.582, 64
Trd, 8638880.182, 67
Trd, 8638881.682, 90
Trd, 8638882.082, 87
Trd, 8638882.432, 85
Trd, 8638882.932, 88
Trd, 8638883.132, 81
Trd, 8638883.732, 97
Trd, 8638883.782, 81
Trd, 8638885.582, 98
Trd, 8638885.882, 115
Trd, 8638886.882, 98
Trd, 8638887.682, 92
Trd, 8638887.832, 70
Trd, 8638889.582, 97
Trd, 8638889.632, 86
Trd, 8638890.282, 86
Trd, 8638891.832, 62
Trd, 8638892.932, 123
Trd, 8638893.582, 135
Trd, 8638894.082, 114
Trd, 8638894.682, 122
Trd, 8638894.932, 121
Trd, 8638896.232, 92
Trd, 8638896.432, 84
Trd, 8638896.782, 109
Trd, 8638898.332, 115
Trd, 8638898.732, 112
Trd, 8638900.382, 135
Trd, 8638900.732, 105
Trd, 8638900.882, 104
Trd, 8638901.182, 87
Trd, 8638902.982, 102
Trd, 8638903.132, 118
Trd, 8638903.632, 101
Trd, 8638904.382, 111
Trd, 8638905.182, 111
Trd, 8638906.382, 95
Trd, 8638906.782, 112
Trd, 8638906.982, 123
Trd, 8638907.282, 93
Trd, 8638907.582, 83
Trd, 8638908.782, 81
Trd, 8638910.182, 69
Trd, 8638910.432, 120
Trd, 8638911.182, 124
Trd, 8638912.282, 114
Trd, 8638912.332, 101
Trd, 8638912.782, 85
Trd, 8638913.532, 85
Trd, 8638913.982, 68
Trd, 8638914.432, 80
Trd, 8638915.732, 107
Trd, 8638916.032, 125
Trd, 8638916.082, 88
Trd, 8638916.932, 75
Trd, 8638917.382, 94
Trd, 8638917.932, 76
Trd, 8638918.232, 74
Trd, 8638921.632, 115
Trd, 8638921.682, 114
Trd, 8638921.782, 113
Trd, 8638923.282, 107
Trd, 8638923.782, 111
Trd, 8638924.082, 90
Trd, 8638925.632, 118
Trd, 8638925.832, 117
Trd, 8638925.932, 77
Trd, 8638926.682, 85
Trd, 8638927.482, 107
Trd, 8638928.282, 113
Trd, 8638929.132, 112
Trd, 8638929.782, 103
Trd, 8638929.832, 98
Trd, 8638931.132, 123
Trd, 8638932.482, 83
Trd, 8638932.982, 105
Trd, 8638933.282, 86
Trd, 8638933.782, 61
Trd, 8638936.032, 62
Trd, 8638937.632, 121
Trd, 8638939.232, 112
Trd, 8638939.332, 101
Trd, 8638939.482, 85
Trd, 8638939.832, 68
Trd, 8638941.332, 65
Trd, 8638941.532, 89
Trd, 8638942.532, 63
Trd, 8638942.632, 64
Trd, 8638943.232, 93
Trd, 8638943.332, 90
Trd, 8638943.532, 88
Trd, 8638945.932, 75
Trd, 8638946.682, 114
Trd, 8638947.232, 77
Trd, 8638947.432, 75
Trd, 8638949.282, 94
Trd, 8638949.782, 132
Trd, 8638950.482, 104
Trd, 8638950.682, 104
Trd, 8638951.032, 118
Trd, 8638951.432, 122
Trd, 8638951.832, 87
Trd, 8638952.432, 71
Trd, 8638952.882, 96
Trd, 8638954.332, 103
Trd, 8638956.732, 88
Trd, 8638957.282, 107
Trd, 8638957.782, 79
Trd, 8638957.982, 82
Trd, 8638960.132, 67
Trd, 8638960.482, 100
Trd, 8638961.082, 85
Trd, 8638961.232, 87
Trd, 8638961.932, 136
Trd, 8638963.132, 129
Trd, 8638963.982, 90
Trd, 8638964.032, 73
Trd, 8638964.382, 66
Trd, 8638966.132, 71
Trd, 8638967.082, 91
Trd, 8638968.432, 61
Trd, 8638968.732, 66
Trd, 8638969.182, 61
Trd, 8638969.482, 63
Trd, 8638969.882, 124
Trd, 8638971.182, 128
Trd, 8638971.432, 127
Trd, 8638972.032, 111
Trd, 8638972.182, 73
Trd, 8638972.832, 69
Trd, 8638974.282, 60
Trd, 8638975.432, 136
Trd, 8638975.582, 136
Trd, 8638976.082, 137
Trd, 8638976.682, 118
Trd, 8638977.182, 117
Trd, 8638977.732, 131
Trd, 8638977.982, 116
Trd, 8638978.432, 114
Trd, 8638979.432, 90
Trd, 8638980.032, 132
Trd, 8638981.182, 107
Trd, 8638981.232, 103
Trd, 8638982.182, 62
Trd, 8638984.282, 66
Trd, 8638985.132, 90
Trd, 8638986.032, 117
Trd, 8638986.132, 95
Trd, 8638986.232, 93
Trd, 8638987.282, 99
Trd, 8638988.282, 115
Trd, 8638988.432, 110
Trd, 8638988.932, 123
Trd, 8638990.132, 102
Trd, 8638990.182, 67
Trd, 8638990.432, 66
Trd, 8638991.532, 78
Trd, 8638991.632, 66
Trd, 8638993.132, 128
Trd, 8638993.232, 106
Trd, 8638993.582, 112
Trd, 8638993.732, 98
Trd, 8638995.382, 77
Trd, 8638995.532, 74
Trd, 8638997.282, 61
Trd, 8638997.982, 60
Trd, 8638998.232, 60
Trd, 8638999.282, 66
Trd, 8639000.732, 64
Trd, 8639000.832, 90
Trd, 8639002.182, 62
Trd, 8639003.432, 107
Trd, 8639003.532, 106
Trd, 8639004.382, 129
Trd, 8639005.082, 129
Trd, 8639005.182, 127
Trd, 8639007.032, 133
Trd, 8639007.682, 94
Trd, 8639007.882, 133
Trd, 8639008.132, 95
Trd, 8639008.532, 101
Trd, 8639008.732, 92
Trd, 8639009.532, 101
Trd, 8639010.082, 81
Trd, 8639013.032, 117
Trd, 8639013.382, 111
Trd, 8639014.382, 101
Trd, 8639014.482, 100
Trd, 8639015.382, 89
Trd, 8639015.482, 64
Trd, 8639016.332, 86
Trd, 8639016.582, 109
Trd, 8639016.782, 94
Trd, 8639017.032, 84
Trd, 8639019.032, 60
Trd, 8639019.582, 68
Trd, 8639020.232, 66
Trd, 8639021.332, 100
Trd, 8639021.682, 81
Trd, 8639023.482, 101
Trd, 8639023.832, 100
Trd, 8639024.832, 100
Trd, 8639025.282, 80
Trd, 8639026.132, 137
Trd, 8639026.232, 113
Trd, 8639026.782, 98
Trd, 8639027.882, 82
Trd, 8639028.432, 114
Trd, 8639028.682, 96
Trd, 8639029.282, 94
Trd, 8639029.782, 84
Trd, 8639031.182, 76
Trd, 8639031.582, 77
Trd, 8639031.732, 75
Trd, 8639033.132, 91
Trd, 8639034.382, 112
Trd, 8639034.782, 93
Trd, 8639035.082, 85
Trd, 8639035.282, 82
Trd, 8639036.732, 67
Trd, 8639037.232, 66
Trd, 8639037.982, 63
Trd, 8639039.082, 60
Trd, 8639039.282, 61
Trd, 8639039.782, 93
Trd, 8639040.582, 66
Trd, 8639041.382, 114
Trd, 8639041.932, 68
Trd, 8639042.282, 122
Trd, 8639044.532, 123
Trd, 8639045.382, 98
Trd, 8639047.182, 79
Trd, 8639047.482, 71
Trd, 8639047.782, 61
Trd, 8639048.032, 66
Trd, 8639048.332, 86
Trd, 8639049.682, 72
Trd, 8639051.332, 73
Trd, 8639051.482, 72
Trd, 8639052.632, 60
Trd, 8639053.082, 63
Trd, 8639053.932, 63
Trd, 8639054.482, 63
Trd, 8639054.782, 70
Trd, 8639055.882, 72
Trd, 8639056.132, 84
Trd, 8639056.382, 78
Trd, 8639057.632, 85
Trd, 8639058.382, 88
Trd, 8639058.782, 87
Trd, 8639059.582, 112
Trd, 8639059.732, 102
Trd, 8639060.232, 61
Trd, 8639060.832, 91
Trd, 8639061.582, 90
Trd, 8639062.182, 73
Trd, 8639065.082, 133
Trd, 8639065.132, 132
Trd, 8639065.382, 122
Trd, 8639065.432, 107
Trd, 8639065.582, 106
Trd, 8639065.882, 94
Trd, 8639068.882, 133
Trd, 8639069.282, 132
Trd, 8639069.582, 101
Trd, 8639070.082, 87
Trd, 8639070.582, 86
Trd, 8639072.732, 119
Trd, 8639072.982, 127
Trd, 8639073.682, 96
Trd, 8639074.882, 123
Trd, 8639075.632, 131
Trd, 8639076.082, 131
Trd, 8639077.732, 123
Trd, 8639077.782, 102
Trd, 8639078.532, 101
Trd, 8639078.582, 87
Trd, 8639079.182, 85
Trd, 8639081.432, 103
Trd, 8639081.832, 125
Trd, 8639081.982, 110
Trd, 8639082.032, 109
Trd, 8639082.582, 126
Trd, 8639082.982, 126
Trd, 8639084.182, 134
Trd, 8639084.332, 112
Trd, 8639084.932, 109
Trd, 8639085.082, 99
Trd, 8639085.932, 61
Trd, 8639086.632, 60
Trd, 8639088.032, 100
Trd, 8639088.132, 76
Trd, 8639089.932, 113
Trd, 8639090.882, 130
Trd, 8639091.032, 114
Trd, 8639091.082, 98
Trd, 8639091.532, 79
Trd, 8639092.082, 107
Trd, 8639093.932, 69
Trd, 8639094.632, 67
Trd, 8639096.082, 86
Trd, 8639096.732, 67
Trd, 8639096.932, 62
Trd, 8639097.182, 98
Trd, 8639097.332, 105
Trd, 8639097.482, 66
Trd, 8639098.732, 66
Trd, 8639099.432, 71
Trd, 8639099.732, 68
Trd, 8639099.932, 72
Trd, 8639100.882, 96
Trd, 8639101.732, 134
Trd, 8639102.932, 95
Trd, 8639103.482, 91
Trd, 8639104.682, 78
Trd, 8639106.332, 114
Trd, 8639106.432, 107
Trd, 8639106.582, 106
Trd, 8639106.782, 90
Trd, 8639107.882, 121
Trd, 8639108.032, 114
Trd, 8639108.482, 87
Trd, 8639110.132, 101
Trd, 8639110.932, 101
Trd, 8639111.032, 89
Trd, 8639111.432, 88
Trd, 8639111.582, 86
Trd, 8639112.432, 73
Trd, 8639112.482, 90
Trd, 8639114.482, 91
Trd, 8639115.182, 81
Trd, 8639115.332, 99
Trd, 8639115.582, 95
Trd, 8639115.682, 64
Trd, 8639117.482, 66
Trd, 8639118.232, 113
Trd, 8639119.332, 110
Trd, 8639119.382, 109
Trd, 8639119.982, 99
Trd, 8639120.532, 120
Trd, 8639121.782, 127
Trd, 8639121.882, 115
Trd, 8639122.582, 131
Trd, 8639123.432, 127
Trd, 8639125.182, 111
Trd, 8639125.282, 110
Trd, 8639125.782, 113
Trd, 8639126.132, 110
Trd, 8639126.332, 88
Trd, 8639126.932, 65
Trd, 8639128.182, 62
Trd, 8639128.282, 87
Trd, 8639129.532, 86
Trd, 8639129.782, 83
Trd, 8639130.482, 103
Trd, 8639132.432, 60
Trd, 8639132.932, 64
Trd, 8639133.682, 73
Trd, 8639133.732, 112
Trd, 8639134.482, 121
Trd, 8639134.932, 117
Trd, 8639135.682, 89
Trd, 8639136.032, 88
Trd, 8639137.082, 75
Trd, 8639139.082, 103
Trd, 8639139.982, 102
Trd, 8639141.032, 101
Trd, 8639142.582, 98
Trd, 8639143.432, 91
Trd, 8639144.832, 99
Trd, 8639145.432, 122
Trd, 8639146.032, 125
Trd, 8639146.082, 122
Trd, 8639146.332, 107
Trd, 8639146.682, 99
Trd, 8639147.232, 62
Trd, 8639147.482, 62
Trd, 8639148.182, 117
Trd, 8639148.882, 70
Trd, 8639150.432, 132
Trd, 8639150.582, 119
Trd, 8639151.932, 85
Trd, 8639152.982, 113
Trd, 8639153.282, 102
Trd, 8639153.332, 100
Trd, 8639154.282, 132
Trd, 8639154.432, 130
Trd, 8639156.132, 101
Trd, 8639156.182, 99
Trd, 8639157.582, 92
Trd, 8639157.732, 72
Trd, 8639158.332, 79
Trd, 8639158.782, 68
Trd, 8639159.882, 74
Trd, 8639161.482, 64
Trd, 8639162.932, 64
Trd, 8639163.082, 62
Trd, 8639164.732, 61
Trd, 8639165.082, 67
Trd, 8639165.582, 66
Trd, 8639165.732, 61
Trd, 8639166.082, 65
Trd, 8639166.982, 64
Trd, 8639167.482, 64
Trd, 8639167.832, 94
Trd, 8639168.932, 92
Trd, 8639170.082, 72
Trd, 8639170.532, 75
Trd, 8639171.032, 112
Trd, 8639171.982, 75
Trd, 8639173.632, 125
Trd, 8639175.832, 122
Trd, 8639176.132, 123
Trd, 8639176.182, 116
Trd, 8639176.332, 115
Trd, 8639177.182, 109
Trd, 8639177.682, 120
Trd, 8639178.032, 95
Trd, 8639178.532, 63
Trd, 8639178.782, 66
Trd, 8639180.232, 72
Trd, 8639180.332, 106
Trd, 8639180.582, 71
Trd, 8639180.832, 81
Trd, 8639182.282, 132
Trd, 8639183.982, 137
Trd, 8639184.082, 136
Trd, 8639184.782, 119
Trd, 8639185.182, 118
Trd, 8639186.982, 114
Trd, 8639187.282, 127
Trd, 8639187.482, 113
Trd, 8639187.832, 105
Trd, 8639187.932, 95
Trd, 8639188.232, 115
Trd, 8639188.432, 92
Trd, 8639190.532, 126
Trd, 8639191.332, 122
Trd, 8639191.782, 110
Trd, 8639192.232, 125
Trd, 8639193.082, 114
Trd, 8639193.182, 87
Trd, 8639193.782, 105
Trd, 8639194.082, 95
Trd, 8639194.132, 90
Trd, 8639194.582, 72
Trd, 8639195.832, 73
Trd, 8639196.632, 84
Trd, 8639198.482, 116
Trd, 8639198.782, 119
Trd, 8639199.082, 116
Trd, 8639199.132, 115
Trd, 8639199.432, 118
Trd, 8639200.432, 61
Trd, 8639201.532, 60
Trd, 8639202.182, 70
Trd, 8639202.782, 95
Trd, 8639203.282, 84
Trd, 8639204.282, 86
Trd, 8639204.482, 85
Trd, 8639204.982, 84
Trd, 8639205.132, 83
Trd, 8639205.632, 99
Trd, 8639206.232, 98
Trd, 8639207.832, 103
Trd, 8639208.082, 79
Trd, 8639208.782, 119
Trd, 8639208.882, 118
Trd, 8639209.182, 86
Trd, 8639210.732, 84
Trd, 8639212.232, 135
Trd, 8639214.782, 113
Trd, 8639214.832, 112
Trd, 8639215.182, 113
Trd, 8639215.482, 110
Trd, 8639215.982, 96
Trd, 8639216.882, 114
Trd, 8639218.882, 100
Trd, 8639219.982, 100
Trd, 8639220.082, 98
Trd, 8639220.532, 105
Trd, 8639220.782, 94
Trd, 8639222.082, 95
Trd, 8639223.382, 91
Trd, 8639223.882, 91
Trd, 8639224.182, 72
Trd, 8639224.332, 80
Trd, 8639225.632, 133
Trd, 8639225.732, 83
Trd, 8639226.482, 101
Trd, 8639228.782, 61
Trd, 8639229.032, 62
Trd, 8639229.682, 63
Trd, 8639230.332, 79
Trd, 8639230.382, 78
Trd, 8639230.832, 90
Trd, 8639232.032, 80
Trd, 8639232.432, 60
Trd, 8639232.682, 63
Trd, 8639234.582, 82
Trd, 8639234.932, 96
Trd, 8639235.532, 116
Trd, 8639235.882, 105
Trd, 8639236.732, 69
Trd, 8639237.232, 95
Trd, 8639237.482, 76
Trd, 8639238.132, 72
Trd, 8639239.332, 88
Trd, 8639240.332, 137
Trd, 8639240.632, 128
Trd, 8639242.332, 108
Trd, 8639244.332, 90
Trd, 8639245.282, 111
Trd, 8639246.632, 118
Trd, 8639247.482, 85
Trd, 8639248.282, 111
Trd, 8639248.482, 109
Trd, 8639248.732, 127
Trd, 8639249.332, 124
Trd, 8639251.132, 94
Trd, 8639251.282, 134
Trd, 8639251.982, 98
Trd, 8639252.732, 92
Trd, 8639253.482, 76
Trd, 8639253.532, 71
Trd, 8639254.282, 140
Trd, 8639254.382, 101
Trd, 8639256.282, 76
Trd, 8639256.732, 99
Trd, 8639257.382, 138
Trd, 8639257.982, 112
Trd, 8639258.332, 99
Trd, 8639259.982, 68
Trd, 8639260.482, 65
Trd, 8639262.532, 70
Trd, 8639264.082, 82
Trd, 8639264.232, 113
Trd, 8639265.082, 81
Trd, 8639265.132, 80
Trd, 8639266.082, 138
Trd, 8639266.832, 84
Trd, 8639266.882, 83
Trd, 8639267.682, 82
Trd, 8639267.882, 104
Trd, 8639268.132, 79
Trd, 8639269.232, 107
Trd, 8639269.282, 105
Trd, 8639269.532, 81
Trd, 8639269.582, 78
Trd, 8639269.732, 77
Trd, 8639271.032, 85
Trd, 8639272.282, 62
Trd, 8639273.832, 64
Trd, 8639274.132, 61
Trd, 8639274.982, 76
Trd, 8639275.432, 76
Trd, 8639275.732, 86
Trd, 8639276.682, 85
Trd, 8639277.782, 109
Trd, 8639278.982, 61
Trd, 8639279.332, 62
Trd, 8639281.982, 62
Trd, 8639282.882, 60
Trd, 8639282.932, 62
Trd, 8639283.532, 73
Trd, 8639284.182, 93
Trd, 8639284.432, 69
Trd, 8639286.282, 136
Trd, 8639286.332, 119
Trd, 8639286.582, 119
Trd, 8639286.732, 106
Trd, 8639287.932, 72
Trd, 8639288.032, 98
Trd, 8639289.332, 92
Trd, 8639289.432, 91
Trd, 8639289.532, 88
Trd, 8639289.932, 67
Trd, 8639291.232, 90
Trd, 8639291.932, 64
Trd, 8639292.832, 63
Trd, 8639293.482, 83
Trd, 8639295.282, 105
Trd, 8639297.082, 111
Trd, 8639297.482, 109
Trd, 8639297.982, 122
Trd, 8639298.032, 119
Trd, 8639298.632, 104
Trd, 8639300.682, 133
Trd, 8639300.732, 132
Trd, 8639300.882, 130
Trd, 8639301.932, 121
Trd, 8639302.632, 129
Trd, 8639302.932, 75
Trd, 8639303.132, 76
Trd, 8639303.182, 69
Trd, 8639304.782, 116
Trd, 8639305.182, 112
Trd, 8639305.232, 95
Trd, 8639306.782, 69
Trd, 8639307.382, 68
Trd, 8639308.182, 72
Trd, 8639308.982, 75
Trd, 8639309.632, 78
Trd, 8639311.132, 103
Trd, 8639311.532, 101
Trd, 8639312.332, 113
Trd, 8639313.082, 95
Trd, 8639313.332, 89
Trd, 8639314.082, 91
Trd, 8639314.432, 106
Trd, 8639314.532, 88
Trd, 8639317.282, 128
Trd, 8639318.132, 134
Trd, 8639318.382, 132
Trd, 8639318.982, 108
Trd, 8639320.082, 99
Trd, 8639320.282, 103
Trd, 8639320.582, 84
Trd, 8639320.732, 82
Trd, 8639321.582, 119
Trd, 8639322.182, 87
Trd, 8639322.682, 126
Trd, 8639322.832, 125
Trd, 8639323.032, 89
Trd, 8639324.082, 108
Trd, 8639324.382, 76
Trd, 8639325.982, 103
Trd, 8639326.532, 96
Trd, 8639327.582, 83
Trd, 8639327.782, 94
Trd, 8639330.382, 60
Trd, 8639330.932, 60
Trd, 8639331.882, 62
Trd, 8639332.532, 65
Trd, 8639332.782, 84
Trd, 8639333.132, 63
Trd, 8639335.682, 61
Trd, 8639336.132, 62
Trd, 8639337.482, 67
Trd, 8639337.782, 67
Trd, 8639338.582, 103
Trd, 8639339.232, 93
Trd, 8639340.232, 122
Trd, 8639340.332, 91
Trd, 8639341.082, 95
Trd, 8639343.132, 110
Trd, 8639343.732, 116
Trd, 8639343.882, 109
Trd, 8639344.582, 119
Trd, 8639344.732, 95
Trd, 8639345.832, 121
Trd, 8639347.332, 101
Trd, 8639347.732, 100
Trd, 8639347.782, 88
Trd, 8639349.782, 103
Trd, 8639349.932, 102
Trd, 8639350.132, 88
Trd, 8639350.282, 84
Trd, 8639351.982, 119
Trd, 8639352.082, 117
Trd, 8639352.332, 94
Trd, 8639352.582, 88
Trd, 8639353.682, 104
Trd, 8639355.132, 114
Trd, 8639356.132, 136
Trd, 8639357.032, 137
Trd, 8639357.732, 136
Trd, 8639357.832, 117
Trd, 8639358.282, 104
Trd, 8639358.782, 100
Trd, 8639359.032, 98
Trd, 8639361.432, 105
Trd, 8639361.982, 128
Trd, 8639362.332, 120
Trd, 8639362.482, 120
Trd, 8639363.432, 119
Trd, 8639363.882, 118
Trd, 8639364.732, 89
Trd, 8639365.632, 98
Trd, 8639366.232, 133
Trd, 8639366.482, 131
Trd, 8639366.582, 91
Trd, 8639367.932, 125
Trd, 8639368.182, 115
Trd, 8639368.782, 83
Trd, 8639369.282, 72
Trd, 8639369.882, 79
Trd, 8639372.532, 108
Trd, 8639372.632, 91
Trd, 8639372.682, 73
Trd, 8639373.582, 96
Trd, 8639374.082, 90
Trd, 8639374.432, 71
Trd, 8639374.632, 111
Trd, 8639375.532, 75
Trd, 8639375.882, 122
Trd, 8639377.032, 108
Trd, 8639378.082, 137
Trd, 8639378.582, 120
Trd, 8639379.082, 120
Trd, 8639379.832, 112
Trd, 8639380.232, 110
Trd, 8639380.282, 101
Trd, 8639381.032, 72
Trd, 8639382.232, 135
Trd, 8639382.582, 105
Trd, 8639383.432, 99
Trd, 8639383.582, 98
Trd, 8639383.982, 80
Trd, 8639385.232, 110
Trd, 8639385.882, 68
Trd, 8639387.132, 75
Trd, 8639387.482, 72
Trd, 8639388.332, 71
Trd, 8639388.532, 70
Trd, 8639389.282, 106
Trd, 8639389.482, 105
Trd, 8639390.882, 80
Trd, 8639391.382, 67
Trd, 8639392.082, 73
Trd, 8639392.182, 66
Trd, 8639393.082, 61
Trd, 8639394.682, 83
Trd, 8639395.482, 95
Trd, 8639396.982, 116
Trd, 8639397.082, 93
Trd, 8639397.182, 71
Trd, 8639397.932, 70
Trd, 8639399.132, 73
Trd, 8639400.132, 91
Trd, 8639400.582, 73
Trd, 8639401.282, 127
Trd, 8639401.632, 96
Trd, 8639402.582, 79
Trd, 8639403.282, 74
Trd, 8639403.582, 105
Trd, 8639403.732, 72
Trd, 8639404.532, 84
Trd, 8639405.432, 60
Trd, 8639406.682, 71
Trd, 8639407.132, 72
Trd, 8639408.482, 91
Trd, 8639409.682, 124
Trd, 8639409.732, 123
Trd, 8639409.932, 103
Trd, 8639410.032, 92
Trd, 8639410.432, 105
Trd, 8639411.332, 97
Trd, 8639414.382, 61
Trd, 8639414.632, 63
Trd, 8639414.832, 63
Trd, 8639415.532, 65
Trd, 8639416.082, 79
Trd, 8639416.332, 86
Trd, 8639416.382, 64
Trd, 8639417.182, 63
Trd, 8639418.482, 96
Trd, 8639419.832, 60
Trd, 8639420.282, 71
Trd, 8639420.682, 64
Trd, 8639421.532, 102
Trd, 8639423.082, 125
Trd, 8639423.432, 125
Trd, 8639424.782, 125
Trd, 8639425.032, 110
Trd, 8639425.732, 103
Trd, 8639425.782, 84
Trd, 8639427.782, 76
Trd, 8639427.882, 75
Trd, 8639429.132, 69
Trd, 8639429.832, 109
Trd, 8639430.332, 106
Trd, 8639430.432, 125
Trd, 8639432.182, 102
Trd, 8639432.882, 75
Trd, 8639433.782, 83
Trd, 8639435.032, 110
Trd, 8639435.132, 109
Trd, 8639435.232, 115
Trd, 8639435.932, 108
Trd, 8639436.232, 77
Trd, 8639438.332, 98
Trd, 8639439.632, 96
Trd, 8639439.982, 120
Trd, 8639440.432, 100
Trd, 8639440.832, 95
Trd, 8639442.282, 101
Trd, 8639442.532, 102
Trd, 8639443.082, 112
Trd, 8639443.132, 101
Trd, 8639444.032, 86
Trd, 8639444.432, 118
Trd, 8639445.132, 116
Trd, 8639445.532, 99
Trd, 8639446.082, 85
Trd, 8639447.082, 88
Trd, 8639448.282, 80
Trd, 8639449.282, 96
Trd, 8639449.582, 130
Trd, 8639451.082, 107
Trd, 8639451.432, 106
Trd, 8639451.632, 100
Trd, 8639452.182, 89
Trd, 8639455.282, 132
Trd, 8639455.382, 131
Trd, 8639456.132, 130
Trd, 8639456.332, 115
Trd, 8639456.482, 98
Trd, 8639456.582, 90
Trd, 8639458.332, 87
Trd, 8639460.032, 87
Trd, 8639460.182, 65
Trd, 8639461.432, 122
Trd, 8639461.782, 97
Trd, 8639462.432, 91
Trd, 8639464.032, 129
Trd, 8639464.282, 104
Trd, 8639465.082, 95
Trd, 8639465.982, 94
Trd, 8639466.532, 118
Trd, 8639467.032, 71
Trd, 8639467.482, 70
Trd, 8639468.232, 90
Trd, 8639468.932, 66
Trd, 8639469.382, 76
Trd, 8639470.382, 77
Trd, 8639471.282, 86
Trd, 8639473.382, 114
Trd, 8639473.582, 92
Trd, 8639473.832, 101
Trd, 8639475.682, 107
Trd, 8639475.932, 71
Trd, 8639476.882, 91
Trd, 8639478.082, 80
Trd, 8639478.532, 71
Trd, 8639480.282, 69
Trd, 8639480.432, 111
Trd, 8639480.732, 114
Trd, 8639481.182, 68
Trd, 8639481.732, 62
Trd, 8639482.182, 133
Trd, 8639482.682, 80
Trd, 8639483.482, 108
Trd, 8639483.832, 80
Trd, 8639484.932, 77
Trd, 8639484.982, 76
Trd, 8639485.382, 72
Trd, 8639486.282, 76
Trd, 8639486.832, 66
Trd, 8639488.182, 65
Trd, 8639489.182, 69
Trd, 8639489.482, 64
Trd, 8639491.182, 123
Trd, 8639491.732, 140
Trd, 8639492.582, 127
Trd, 8639492.832, 119
Trd, 8639494.132, 127
Trd, 8639494.282, 116
Trd, 8639494.382, 93
Trd, 8639494.882, 81
Trd, 8639495.032, 80
Trd, 8639495.782, 60
Trd, 8639496.532, 100
Trd, 8639496.832, 76
Trd, 8639498.432, 62
Trd, 8639498.532, 61
Trd, 8639498.632, 61
Trd, 8639499.032, 84
Trd, 8639499.332, 77
Trd, 8639500.882, 72
Trd, 8639502.682, 116
Trd, 8639502.782, 115
Trd, 8639503.432, 103
Trd, 8639503.932, 100
Trd, 8639504.682, 82
Trd, 8639505.682, 60
Trd, 8639506.382, 61
Trd, 8639506.582, 117
Trd, 8639508.932, 126
Trd, 8639509.082, 99
Trd, 8639509.282, 89
Trd, 8639509.582, 89
Trd, 8639510.432, 92
Trd, 8639511.382, 78
Trd, 8639512.482, 78
Trd, 8639512.732, 104
Trd, 8639513.782, 72
Trd, 8639514.032, 100
Trd, 8639516.982, 104
Trd, 8639517.532, 103
Trd, 8639517.882, 102
Trd, 8639518.032, 88
Trd, 8639518.382, 113
Trd, 8639518.482, 83
Trd, 8639520.532, 114
Trd, 8639520.682, 100
Trd, 8639521.282, 100
Trd, 8639522.132, 109
Trd, 8639522.182, 108
Trd, 8639522.332, 95
Trd, 8639522.782, 111
Trd, 8639523.332, 96
Trd, 8639524.432, 74
Trd, 8639525.432, 78
Trd, 8639527.982, 67
Trd, 8639528.032, 78
Trd, 8639528.782, 63
Trd, 8639529.232, 67
Trd, 8639529.682, 119
Trd, 8639530.382, 111
Trd, 8639531.032, 79
Trd, 8639531.132, 90
Trd, 8639533.882, 112
Trd, 8639533.932, 104
Trd, 8639534.182, 104
Trd, 8639534.432, 95
Trd, 8639535.182, 86
Trd, 8639535.732, 84
Trd, 8639536.432, 118
Trd, 8639537.232, 85
Trd, 8639538.032, 61
Trd, 8639540.232, 65
Trd, 8639540.332, 66
Trd, 8639540.632, 71
Trd, 8639541.782, 73
Trd, 8639544.582, 78
Trd, 8639544.682, 76
Trd, 8639544.982, 92
Trd, 8639546.182, 112
Trd, 8639546.882, 112
Trd, 8639546.982, 127
Trd, 8639548.182, 111
Trd, 8639548.232, 107
Trd, 8639548.282, 99
Trd, 8639548.332, 93
Trd, 8639548.832, 81
Trd, 8639548.982, 69
Trd, 8639550.532, 91
Trd, 8639552.082, 90
Trd, 8639552.132, 87
Trd, 8639552.432, 84
Trd, 8639552.482, 76
Trd, 8639553.482, 85
Trd, 8639554.132, 72
Trd, 8639554.532, 72
Trd, 8639554.682, 72
Trd, 8639555.482, 116
Trd, 8639557.082, 96
Trd, 8639557.582, 75
Trd, 8639557.932, 106
Trd, 8639558.332, 89
Trd, 8639560.282, 60
Trd, 8639561.282, 61
Trd, 8639561.732, 70
Trd, 8639563.182, 61
Trd, 8639563.232, 71
Trd, 8639563.332, 71
Trd, 8639565.032, 92
Trd, 8639565.432, 112
Trd, 8639565.682, 90
Trd, 8639566.882, 91
Trd, 8639567.582, 85
Trd, 8639568.532, 136
Trd, 8639569.282, 104
Trd, 8639569.332, 106
Trd, 8639570.332, 100
Trd, 8639570.732, 98
Trd, 8639571.032, 102
Trd, 8639571.332, 98
Trd, 8639572.082, 97
Trd, 8639572.532, 130
Trd, 8639572.682, 75
Trd, 8639575.282, 61
Trd, 8639576.632, 63
Trd, 8639576.832, 65
Trd, 8639577.332, 62
Trd, 8639578.232, 62
Trd, 8639578.432, 78
Trd, 8639579.932, 97
Trd, 8639580.282, 81
Trd, 8639581.482, 104
Trd, 8639581.782, 96
Trd, 8639582.032, 76
Trd, 8639582.632, 66
Trd, 8639583.332, 67
Trd, 8639584.332, 66
Trd, 8639584.582, 119
Trd, 8639586.582, 135
Trd, 8639587.332, 85
Trd, 8639587.932, 87
Trd, 8639588.532, 86
Trd, 8639588.582, 85
Trd, 8639590.232, 94
Trd, 8639590.932, 130
Trd, 8639591.482, 124
Trd, 8639592.532, 66
Trd, 8639592.882, 91
Trd, 8639593.132, 63
Trd, 8639594.982, 90
Trd, 8639595.082, 76
Trd, 8639595.632, 102
Trd, 8639596.382, 79
Trd, 8639596.582, 78
Trd, 8639596.732, 114
Trd, 8639598.132, 63
Trd, 8639598.382, 62
Trd, 8639599.632, 63
Trd, 8639600.382, 102
Trd, 8639601.932, 61
Trd, 8639602.282, 62
Trd, 8639602.382, 60
Trd, 8639603.582, 70
Trd, 8639603.882, 83
Trd, 8639604.732, 66
Trd, 8639607.532, 132
Trd, 8639607.582, 131
Trd, 8639607.982, 130
Trd, 8639608.382, 127
Trd, 8639608.432, 120
Trd, 8639609.532, 120
Trd, 8639609.632, 119
Trd, 8639610.332, 104
Trd, 8639610.982, 86
Trd, 8639611.832, 91
Trd, 8639611.982, 84
Trd, 8639612.382, 93
Trd, 8639613.282, 86
Trd, 8639614.132, 91
Trd, 8639615.532, 99
Trd, 8639615.732, 98
Trd, 8639616.082, 71
Trd, 8639616.482, 96
Trd, 8639617.132, 99
Trd, 8639618.782, 103
Trd, 8639619.182, 102
Trd, 8639619.932, 124
Trd, 8639620.682, 124
Trd, 8639620.882, 123
Trd, 8639621.482, 106
Trd, 8639621.932, 102
Trd, 8639622.782, 88
Trd, 8639623.382, 79
Trd, 8639624.182, 66
Trd, 8639626.482, 103
Trd, 8639626.532, 97
Trd, 8639626.982, 135
Trd, 8639627.532, 117
Trd, 8639628.382, 116
Trd, 8639628.582, 99
Trd, 8639628.782, 112
Trd, 8639629.282, 71
Trd, 8639629.682, 96
Trd, 8639631.132, 95
Trd, 8639631.632, 96
Trd, 8639632.132, 115
Trd, 8639632.732, 85
Trd, 8639632.782, 80
Trd, 8639634.182, 67
Trd, 8639634.682, 61
Trd, 8639635.782, 63
Trd, 8639636.282, 75
Trd, 8639637.982, 138
Trd, 8639638.432, 108
Trd, 8639638.682, 108
Trd, 8639640.632, 100
Trd, 8639640.732, 99
Trd, 8639641.282, 135
Trd, 8639642.132, 109
Trd, 8639642.932, 113
Trd, 8639643.082, 108
Trd, 8639643.482, 105
Trd, 8639643.782, 104
Trd, 8639644.082, 75
Trd, 8639644.532, 82
Trd, 8639645.532, 64
Trd, 8639646.082, 70
Trd, 8639646.182, 66
Trd, 8639647.632, 66
Trd, 8639648.282, 89
Trd, 8639649.732, 72
Trd, 8639650.532, 78
Trd, 8639651.232, 94
Trd, 8639651.782, 86
Trd, 8639653.082, 99
Trd, 8639653.932, 88
Trd, 8639654.082, 85
Trd, 8639655.882, 83
Trd, 8639656.832, 117
Trd, 8639657.982, 119
Trd, 8639658.082, 104
Trd, 8639658.332, 82
Trd, 8639659.182, 63
Trd, 8639659.282, 62
Trd, 8639660.632, 72
Trd, 8639661.032, 101
Trd, 8639663.332, 73
Trd, 8639663.382, 81
Trd, 8639663.682, 94
Trd, 8639664.332, 94
Trd, 8639664.732, 94
Trd, 8639664.782, 136
Trd, 8639664.882, 69
Trd, 8639666.032, 77
Trd, 8639667.932, 88
Trd, 8639668.632, 101
Trd, 8639669.982, 94
Trd, 8639670.182, 92
Trd, 8639670.532, 103
Trd, 8639670.982, 87
Trd, 8639672.032, 124
Trd, 8639672.732, 87
Trd, 8639673.332, 122
Trd, 8639675.182, 63
Trd, 8639676.732, 61
Trd, 8639677.232, 63
Trd, 8639677.982, 83
Trd, 8639679.082, 126
Trd, 8639680.782, 124
Trd, 8639681.282, 117
Trd, 8639681.332, 116
Trd, 8639682.632, 112
Trd, 8639683.382, 122
Trd, 8639683.632, 111
Trd, 8639683.782, 92
Trd, 8639683.932, 72
Trd, 8639685.282, 86
Trd, 8639685.432, 89
Trd, 8639686.182, 89
Trd, 8639687.282, 95
Trd, 8639687.482, 92
Trd, 8639688.082, 92
Trd, 8639688.882, 84
Trd, 8639689.782, 76
Trd, 8639690.432, 64
Trd, 8639691.782, 125
Trd, 8639692.282, 124
Trd, 8639692.482, 104
Trd, 8639693.432, 90
Trd, 8639694.782, 126
Trd, 8639694.832, 91
Trd, 8639695.582, 64
Trd, 8639695.682, 79
Trd, 8639696.282, 128
Trd, 8639696.332, 127
Trd, 8639699.282, 99
Trd, 8639699.582, 85
Trd, 8639700.232, 85
Trd, 8639701.082, 71
Trd, 8639703.282, 132
Trd, 8639703.732, 109
Trd, 8639703.782, 108
Trd, 8639704.882, 115
Trd, 8639705.782, 137
Trd, 8639706.732, 93
Trd, 8639708.532, 98
Trd, 8639708.632, 93
Trd, 8639708.832, 98
Trd, 8639709.632, 72
Trd, 8639710.632, 60
Trd, 8639711.032, 60
Trd, 8639712.032, 66
Trd, 8639712.282, 96
Trd, 8639713.182, 73
Trd, 8639714.082, 65
Trd, 8639714.182, 64
Trd, 8639714.682, 62
Trd, 8639715.232, 87
Trd, 8639716.982, 66
Trd, 8639717.332, 83
Trd, 8639718.532, 108
Trd, 8639718.832, 83
Trd, 8639719.032, 75
Trd, 8639720.382, 61
Trd, 8639720.682, 61
Trd, 8639722.332, 62
Trd, 8639723.732, 61
Trd, 8639724.932, 73
Trd, 8639725.432, 78
Trd, 8639725.532, 109
Trd, 8639726.132, 88
Trd, 8639726.632, 112
Trd, 8639727.332, 100
Trd, 8639727.782, 77
Trd, 8639728.082, 75
Trd, 8639729.482, 117
Trd, 8639730.232, 64
Trd, 8639731.732, 67
Trd, 8639733.382, 60
Trd, 8639733.632, 61
Trd, 8639733.682, 106
Trd, 8639734.132, 87
Trd, 8639735.482, 95
Trd, 8639736.682, 96
Trd, 8639737.132, 95
Trd, 8639737.182, 90
Trd, 8639737.432, 77
Trd, 8639737.832, 74
Trd, 8639740.182, 74
Trd, 8639740.782, 76
Trd, 8639741.132, 94
Trd, 8639741.282, 97
Trd, 8639741.432, 78
Trd, 8639741.932, 85
Trd, 8639742.532, 134
Trd, 8639743.482, 110
Trd, 8639745.632, 138
Trd, 8639746.032, 138
Trd, 8639746.282, 120
Trd, 8639746.332, 82
Trd, 8639746.832, 62
Trd, 8639747.882, 118
Trd, 8639748.632, 104
Trd, 8639750.782, 116
Trd, 8639751.032, 114
Trd, 8639751.082, 121
Trd, 8639751.382, 111
Trd, 8639751.632, 95
Trd, 8639753.132, 77
Trd, 8639753.332, 96
Trd, 8639754.132, 109
Trd, 8639755.882, 124
Trd, 8639756.082, 104
Trd, 8639756.832, 107
Trd, 8639757.182, 96
Trd, 8639758.182, 62
Trd, 8639758.682, 68
Trd, 8639759.482, 88
Trd, 8639759.932, 87
Trd, 8639760.482, 85
Trd, 8639761.332, 89
Trd, 8639761.532, 101
Trd, 8639761.582, 87
Trd, 8639762.082, 101
Trd, 8639763.082, 118
Trd, 8639764.632, 103
Trd, 8639764.832, 101
Trd, 8639765.182, 91
Trd, 8639767.082, 121
Trd, 8639767.482, 105
Trd, 8639767.582, 104
Trd, 8639768.832, 125
Trd, 8639769.382, 98
Trd, 8639770.532, 119
Trd, 8639772.382, 124
Trd, 8639772.832, 124
Trd, 8639773.332, 96
Trd, 8639773.382, 86
Trd, 8639773.932, 121
Trd, 8639774.432, 121
Trd, 8639774.482, 78
Trd, 8639774.732, 73
Trd, 8639775.032, 118
Trd, 8639775.832, 90
Trd, 8639777.282, 86
Trd, 8639777.932, 86
Trd, 8639778.332, 85
Trd, 8639778.832, 89
Trd, 8639779.732, 78
Trd, 8639780.482, 111
Trd, 8639781.582, 68
Trd, 8639781.982, 86
Trd, 8639783.332, 68
Trd, 8639784.432, 104
Trd, 8639784.782, 102
Trd, 8639785.182, 103
Trd, 8639785.682, 102
Trd, 8639785.732, 84
Trd, 8639786.932, 130
Trd, 8639787.382, 66
Trd, 8639788.082, 89
Trd, 8639789.082, 67
Trd, 8639789.482, 71
Trd, 8639790.282, 63
Trd, 8639790.732, 113
Trd, 8639791.932, 87
Trd, 8639793.032, 81
Trd, 8639793.332, 80
Trd, 8639793.732, 79
Trd, 8639794.782, 135
Trd, 8639795.982, 90
Trd, 8639796.132, 74
Trd, 8639796.932, 65
Trd, 8639797.082, 66
Trd, 8639797.332, 68
Trd, 8639797.782, 75
Trd, 8639798.482, 62
Trd, 8639799.932, 71
Trd, 8639802.432, 63
Trd, 8639803.232, 63
Trd, 8639803.532, 64
Trd, 8639803.882, 98
Trd, 8639804.332, 66
Trd, 8639805.082, 109
Trd, 8639806.082, 119
Trd, 8639806.232, 91
Trd, 8639806.332, 90
Trd, 8639806.382, 85
Trd, 8639807.482, 104
Trd, 8639808.982, 103
Trd, 8639809.382, 102
Trd, 8639809.982, 94
Trd, 8639810.282, 71
Trd, 8639810.882, 82
Trd, 8639811.532, 75
Trd, 8639812.182, 88
Trd, 8639812.482, 74
Trd, 8639814.282, 100
Trd, 8639815.032, 103
Trd, 8639815.582, 101
Trd, 8639816.332, 104
Trd, 8639818.232, 135
Trd, 8639818.482, 134
Trd, 8639819.032, 118
Trd, 8639819.082, 114
Trd, 8639819.482, 92
Trd, 8639820.432, 123
Trd, 8639821.332, 133
Trd, 8639822.882, 124
Trd, 8639823.232, 86
Trd, 8639823.682, 88
Trd, 8639824.882, 138
Trd, 8639825.232, 93
Trd, 8639825.932, 92
Trd, 8639827.082, 114
Trd, 8639827.532, 94
Trd, 8639828.532, 78
Trd, 8639828.832, 73
Trd, 8639829.532, 84
Trd, 8639831.282, 118
Trd, 8639832.032, 103
Trd, 8639833.182, 114
Trd, 8639835.382, 112
Trd, 8639835.932, 111
Trd, 8639835.982, 110
Trd, 8639836.082, 97
Trd, 8639836.832, 112
Trd, 8639836.932, 111
Trd, 8639837.732, 111
Trd, 8639838.332, 123
Trd, 8639838.782, 90
Trd, 8639840.432, 110
Trd, 8639840.932, 79
Trd, 8639842.982, 70
Trd, 8639843.832, 91
Trd, 8639844.032, 104
Trd, 8639845.132, 125
Trd, 8639845.382, 104
Trd, 8639845.732, 75
Trd, 8639847.032, 68
Trd, 8639848.732, 66
Trd, 8639850.482, 63
Trd, 8639851.782, 113
Trd, 8639851.832, 112
Trd, 8639853.482, 106
Trd, 8639853.982, 97
Trd, 8639854.082, 121
Trd, 8639854.282, 129
Trd, 8639855.432, 96
Trd, 8639855.732, 108
Trd, 8639856.582, 86
Trd, 8639856.632, 83
Trd, 8639857.182, 72
Trd, 8639857.432, 89
Trd, 8639857.582, 62
Trd, 8639858.032, 64
Trd, 8639859.232, 90
Trd, 8639860.432, 84
Trd, 8639862.382, 83
Trd, 8639862.732, 93
Trd, 8639862.782, 97
Trd, 8639863.382, 81
Trd, 8639864.232, 84
Trd, 8639864.932, 83
Trd, 8639865.632, 88
Trd, 8639865.982, 92
Trd, 8639866.582, 118
Trd, 8639866.882, 83
Trd, 8639867.682, 116
Trd, 8639867.832, 101
Trd, 8639868.332, 113
Trd, 8639869.532, 106
Trd, 8639869.682, 72
Trd, 8639870.332, 80
Trd, 8639870.482, 115
Trd, 8639871.032, 71
Trd, 8639871.632, 67
Trd, 8639873.782, 67
Trd, 8639873.982, 82
Trd, 8639874.282, 74
Trd, 8639874.382, 62
Trd, 8639876.082, 111
Trd, 8639876.432, 109
Trd, 8639877.182, 102
Trd, 8639877.232, 93
Trd, 8639878.132, 133
Trd, 8639880.232, 121
Trd, 8639880.932, 122
Trd, 8639881.532, 121
Trd, 8639881.582, 76
Trd, 8639881.982, 93
Trd, 8639882.182, 104
Trd, 8639882.582, 72
Trd, 8639883.732, 78
Trd, 8639884.132, 68
Trd, 8639885.232, 102
Trd, 8639886.432, 66
Trd, 8639886.832, 93
Trd, 8639887.082, 113
Trd, 8639887.832, 95
Trd, 8639889.182, 111
Trd, 8639889.932, 116
Trd, 8639890.132, 114
Trd, 8639891.382, 114
Trd, 8639891.532, 106
Trd, 8639892.032, 98
Trd, 8639892.532, 90
Trd, 8639893.432, 78
Trd, 8639893.682, 63
Trd, 8639894.232, 117
Trd, 8639894.332, 96
Trd, 8639895.232, 81
Trd, 8639895.532, 63
Trd, 8639897.782, 135
Trd, 8639898.482, 122
Trd, 8639899.982, 84
Trd, 8639900.182, 81
Trd, 8639900.382, 79
Trd, 8639900.432, 72
Trd, 8639902.182, 60
Trd, 8639903.132, 125
Trd, 8639903.332, 125
Trd, 8639903.832, 123
Trd, 8639903.932, 122
Trd, 8639904.182, 104
Trd, 8639905.882, 112
Trd, 8639905.932, 92
Trd, 8639906.432, 114
Trd, 8639907.032, 93
Trd, 8639907.632, 79
Trd, 8639909.132, 77
Trd, 8639909.982, 125
Trd, 8639910.232, 81
Trd, 8639910.582, 82
Trd, 8639911.032, 94
Trd, 8639911.332, 98
Trd, 8639911.632, 62
Trd, 8639913.132, 80
Trd, 8639913.382, 103
Trd, 8639914.032, 89
Trd, 8639914.832, 81
Trd, 8639916.132, 76
Trd, 8639917.982, 79
Trd, 8639918.532, 107
Trd, 8639918.832, 98
Trd, 8639919.482, 109
Trd, 8639919.732, 90
Trd, 8639920.482, 102
Trd, 8639920.632, 85
Trd, 8639922.132, 128
Trd, 8639922.332, 116
Trd, 8639923.232, 119
Trd, 8639924.482, 140
Trd, 8639924.882, 140
Trd, 8639924.982, 140
Trd, 8639925.532, 103
Trd, 8639925.632, 94
Trd, 8639926.132, 94
Trd, 8639926.282, 62
Trd, 8639928.032, 99
Trd, 8639928.532, 84
Trd, 8639928.832, 83
Trd, 8639930.382, 77
Trd, 8639930.632, 80
Trd, 8639931.132, 62
Trd, 8639931.482, 84
Trd, 8639931.682, 64
Trd, 8639933.182, 91
Trd, 8639933.832, 69
Trd, 8639934.682, 98
Trd, 8639934.782, 97
Trd, 8639935.432, 111
Trd, 8639936.032, 90
Trd, 8639937.182, 89
Trd, 8639937.682, 88
Trd, 8639938.782, 86
Trd, 8639940.282, 87
Trd, 8639940.532, 90
Trd, 8639940.632, 83
Trd, 8639941.982, 80
Trd, 8639943.232, 132
Trd, 8639944.332, 119
Trd, 8639944.632, 118
Trd, 8639945.432, 99
Trd, 8639945.582, 97
Trd, 8639945.632, 106
Trd, 8639947.432, 89
Trd, 8639947.532, 88
Trd, 8639947.832, 80
Trd, 8639947.882, 74
Trd, 8639948.432, 95
Trd, 8639948.882, 115
Trd, 8639949.932, 97
Trd, 8639950.632, 94
Trd, 8639952.382, 82
Trd, 8639952.632, 81
Trd, 8639953.032, 78
Trd, 8639953.132, 99
Trd, 8639953.532, 77
Trd, 8639954.432, 105
Trd, 8639955.932, 81
Trd, 8639957.282, 88
Trd, 8639957.482, 88
Trd, 8639959.082, 91
Trd, 8639960.632, 104
Trd, 8639960.682, 103
Trd, 8639960.832, 95
Trd, 8639961.232, 106
Trd, 8639961.332, 94
Trd, 8639961.482, 93
Trd, 8639964.032, 64
Trd, 8639964.332, 67
Trd, 8639964.482, 60
Trd, 8639964.782, 62
Trd, 8639965.582, 61
Trd, 8639965.782, 66
Trd, 8639966.482, 77
Trd, 8639967.232, 107
Trd, 8639967.282, 106
Trd, 8639967.532, 116
Trd, 8639967.782, 79
Trd, 8639969.082, 116
Trd, 8639969.132, 116
Trd, 8639969.832, 107
Trd, 8639971.182, 98
Trd, 8639972.032, 115
Trd, 8639972.132, 98
Trd, 8639972.282, 98
Trd, 8639972.382, 100
Trd, 8639973.782, 82
Trd, 8639974.182, 79
Trd, 8639975.832, 82
Trd, 8639976.182, 82
Trd, 8639976.882, 79
Trd, 8639977.032, 76
Trd, 8639977.682, 61
Trd, 8639979.332, 64
Trd, 8639980.182, 65
Trd, 8639980.482, 70
Trd, 8639980.532, 63
Trd, 8639980.932, 103
Trd, 8639981.882, 89
Trd, 8639982.482, 110
Trd, 8639983.132, 93
Trd, 8639983.232, 92
Trd, 8639984.082, 92
Trd, 8639984.632, 82
Trd, 8639985.082, 98
Trd, 8639985.382, 87
Trd, 8639986.732, 127
Trd, 8639987.282, 89
Trd, 8639987.932, 98
Trd, 8639988.732, 121
Trd, 8639988.982, 88
Trd, 8639989.532, 128
Trd, 8639990.682, 128
Trd, 8639991.682, 115
Trd, 8639992.532, 92
Trd, 8639993.532, 91
Trd, 8639994.132, 104
Trd, 8639994.682, 84
Trd, 8639994.782, 84
Trd, 8639995.332, 96
Trd, 8639995.532, 89
Trd, 8639996.282, 60
Trd, 8639998.182, 93
Trd, 8639998.682, 133
Trd, 8639999.082, 133
Trd, 8639999.132, 132
Trd, 8639999.432, 132
