Trd, 8638155.182, 116
Trd, 8638155.282, 86
Trd, 8638156.482, 106
Trd, 8638156.532, 85
Trd, 8638157.482, 125
Trd, 8638157.582, 62
Trd, 8638158.182, 139
Trd, 8638160.482, 122
Trd, 8638161.132, 110
Trd, 8638161.182, 93
Trd, 8638162.032, 109
Trd, 8638162.182, 84
Trd, 8638163.282, 140
Trd, 8638164.532, 139
Trd, 8638165.732, 125
Trd, 8638165.932, 108
Trd, 8638167.132, 138
Trd, 8638168.182, 132
Trd, 8638169.882, 60
Trd, 8638170.432, 63
Trd, 8638170.832, 72
Trd, 8638171.582, 136
Trd, 8638171.732, 86
Trd, 8638172.882, 94
Trd, 8638173.732, 94
Trd, 8638174.082, 97
Trd, 8638174.382, 122
Trd, 8638175.382, 98
Trd, 8638175.882, 88
Trd, 8638176.832, 97
Trd, 8638176.932, 76
Trd, 8638180.432, 72
Trd, 8638181.232, 125
Trd, 8638181.282, 112
Trd, 8638181.382, 101
Trd, 8638182.182, 95
Trd, 8638182.682, 94
Trd, 8638183.032, 128
Trd, 8638183.732, 119
Trd, 8638184.182, 120
Trd, 8638184.732, 113
Trd, 8638185.282, 102
Trd, 8638185.482, 125
Trd, 8638185.982, 90
Trd, 8638187.532, 128
Trd, 8638188.082, 123
Trd, 8638188.682, 95
Trd, 8638189.732, 98
Trd, 8638191.232, 85
Trd, 8638191.682, 127
Trd, 8638191.932, 138
Trd, 8638192.082, 100
Trd, 8638193.082, 121
Trd, 8638193.832, 81
Trd, 8638194.432, 119
Trd, 8638194.832, 123
Trd, 8638195.832, 109
Trd, 8638196.332, 108
Trd, 8638196.682, 103
Trd, 8638197.782, 102
Trd, 8638198.482, 77
Trd, 8638198.832, 119
Trd, 8638200.082, 103
Trd, 8638200.532, 87
Trd, 8638201.282, 82
Trd, 8638203.132, 140
Trd, 8638203.582, 140
Trd, 8638204.082, 116
Trd, 8638204.482, 92
Trd, 8638204.782, 93
Trd, 8638205.882, 95
Trd, 8638206.832, 120
Trd, 8638207.782, 104
Trd, 8638208.132, 63
Trd, 8638208.932, 64
Trd, 8638209.732, 124
Trd, 8638210.432, 127
Trd, 8638211.532, 106
Trd, 8638212.332, 109
Trd, 8638213.182, 112
Trd, 8638213.282, 103
Trd, 8638213.332, 81
Trd, 8638214.232, 103
Trd, 8638215.432, 79
Trd, 8638215.732, 85
Trd, 8638216.332, 103
Trd, 8638217.482, 127
Trd, 8638217.732, 98
Trd, 8638219.032, 69
Trd, 8638219.082, 94
Trd, 8638219.732, 111
Trd, 8638220.332, 61
Trd, 8638221.282, 129
Trd, 8638222.232, 83
Trd, 8638223.682, 128
Trd, 8638223.982, 66
Trd, 8638224.432, 133
Trd, 8638224.782, 72
Trd, 8638225.682, 75
Trd, 8638225.782, 76
Trd, 8638226.332, 96
Trd, 8638226.532, 109
Trd, 8638227.132, 122
Trd, 8638228.632, 112
Trd, 8638228.932, 114
Trd, 8638229.182, 75
Trd, 8638229.632, 128
Trd, 8638230.132, 101
Trd, 8638230.682, 89
Trd, 8638232.332, 122
Trd, 8638232.532, 101
Trd, 8638232.932, 108
Trd, 8638232.982, 100
Trd, 8638233.432, 102
Trd, 8638234.432, 129
Trd, 8638234.532, 134
Trd, 8638235.582, 118
Trd, 8638236.632, 73
Trd, 8638237.932, 85
Trd, 8638238.232, 129
Trd, 8638238.482, 104
Trd, 8638239.782, 117
Trd, 8638240.932, 97
Trd, 8638242.332, 122
Trd, 8638242.432, 119
Trd, 8638242.932, 106
Trd, 8638243.082, 100
Trd, 8638243.282, 100
Trd, 8638243.932, 113
Trd, 8638244.532, 80
Trd, 8638245.582, 91
Trd, 8638245.832, 131
Trd, 8638247.182, 140
Trd, 8638247.382, 123
Trd, 8638248.182, 127
Trd, 8638248.432, 122
Trd, 8638248.632, 84
Trd, 8638248.832, 118
Trd, 8638249.982, 87
Trd, 8638250.982, 121
Trd, 8638251.032, 93
Trd, 8638251.482, 105
Trd, 8638251.582, 82
Trd, 8638251.682, 85
Trd, 8638252.882, 118
Trd, 8638253.582, 107
Trd, 8638254.382, 120
Trd, 8638255.282, 102
Trd, 8638256.432, 113
Trd, 8638256.982, 104
Trd, 8638257.682, 135
Trd, 8638259.332, 133
Trd, 8638259.582, 128
Trd, 8638259.932, 137
Trd, 8638262.432, 98
Trd, 8638262.832, 78
Trd, 8638263.332, 86
Trd, 8638264.432, 87
Trd, 8638265.382, 107
Trd, 8638265.932, 115
Trd, 8638266.132, 104
Trd, 8638267.482, 109
Trd, 8638268.882, 131
Trd, 8638268.982, 127
Trd, 8638269.232, 111
Trd, 8638269.882, 102
Trd, 8638270.432, 120
Trd, 8638270.682, 93
Trd, 8638271.532, 81
Trd, 8638272.232, 119
Trd, 8638272.532, 117
Trd, 8638274.232, 95
Trd, 8638275.432, 107
Trd, 8638275.932, 86
Trd, 8638276.932, 85
Trd, 8638277.632, 96
Trd, 8638278.032, 137
Trd, 8638278.082, 119
Trd, 8638278.682, 89
Trd, 8638280.182, 139
Trd, 8638280.582, 121
Trd, 8638280.882, 131
Trd, 8638281.982, 125
Trd, 8638282.482, 104
Trd, 8638282.582, 101
Trd, 8638283.682, 112
Trd, 8638285.332, 111
Trd, 8638285.482, 86
Trd, 8638285.932, 108
Trd, 8638286.232, 62
Trd, 8638286.532, 89
Trd, 8638287.132, 139
Trd, 8638287.482, 92
Trd, 8638289.082, 69
Trd, 8638289.282, 90
Trd, 8638290.182, 93
Trd, 8638291.232, 78
Trd, 8638291.682, 102
Trd, 8638292.432, 135
Trd, 8638292.882, 117
Trd, 8638293.332, 119
Trd, 8638293.532, 108
Trd, 8638294.532, 89
Trd, 8638295.482, 90
Trd, 8638296.882, 129
Trd, 8638297.082, 127
Trd, 8638298.632, 92
Trd, 8638298.932, 102
Trd, 8638299.432, 92
Trd, 8638299.532, 127
Trd, 8638300.182, 129
Trd, 8638300.582, 131
Trd, 8638301.482, 113
Trd, 8638302.582, 97
Trd, 8638302.782, 83
Trd, 8638303.732, 99
Trd, 8638303.982, 94
Trd, 8638304.082, 86
Trd, 8638304.532, 75
Trd, 8638305.632, 112
Trd, 8638307.582, 121
Trd, 8638308.282, 105
Trd, 8638308.482, 110
Trd, 8638309.332, 140
Trd, 8638310.132, 78
Trd, 8638310.382, 68
Trd, 8638310.932, 81
Trd, 8638311.232, 95
Trd, 8638311.432, 84
Trd, 8638313.182, 60
Trd, 8638313.482, 60
Trd, 8638313.932, 62
Trd, 8638313.982, 66
Trd, 8638315.382, 139
Trd, 8638316.832, 134
Trd, 8638317.132, 120
Trd, 8638317.182, 119
Trd, 8638317.982, 116
Trd, 8638318.282, 89
Trd, 8638319.182, 95
Trd, 8638319.532, 120
Trd, 8638320.432, 93
Trd, 8638320.532, 72
Trd, 8638321.132, 123
Trd, 8638323.432, 68
Trd, 8638324.332, 129
Trd, 8638325.132, 97
Trd, 8638325.432, 109
Trd, 8638326.832, 106
Trd, 8638327.282, 97
Trd, 8638327.682, 92
Trd, 8638328.582, 126
Trd, 8638328.782, 87
Trd, 8638329.332, 98
Trd, 8638329.882, 115
Trd, 8638330.582, 87
Trd, 8638332.232, 86
Trd, 8638332.832, 75
Trd, 8638333.182, 65
Trd, 8638333.432, 70
Trd, 8638335.082, 138
Trd, 8638335.432, 137
Trd, 8638337.132, 137
Trd, 8638337.382, 130
Trd, 8638337.832, 109
Trd, 8638338.832, 118
Trd, 8638339.432, 134
Trd, 8638340.032, 64
Trd, 8638340.832, 86
Trd, 8638341.732, 70
Trd, 8638342.232, 76
Trd, 8638343.432, 64
Trd, 8638344.182, 140
Trd, 8638344.282, 109
Trd, 8638344.482, 129
Trd, 8638344.632, 86
Trd, 8638346.082, 81
Trd, 8638346.432, 104
Trd, 8638347.332, 122
Trd, 8638347.582, 128
Trd, 8638348.882, 101
Trd, 8638349.232, 94
Trd, 8638349.432, 79
Trd, 8638351.082, 139
Trd, 8638351.732, 62
Trd, 8638352.132, 79
Trd, 8638352.682, 63
Trd, 8638353.932, 72
Trd, 8638354.982, 108
Trd, 8638355.482, 90
Trd, 8638357.332, 112
Trd, 8638357.382, 107
Trd, 8638357.482, 140
Trd, 8638358.232, 101
Trd, 8638358.982, 80
Trd, 8638359.582, 108
Trd, 8638360.832, 93
Trd, 8638361.432, 88
Trd, 8638361.832, 92
Trd, 8638362.582, 84
Trd, 8638363.832, 124
Trd, 8638364.332, 124
Trd, 8638365.382, 104
Trd, 8638365.782, 103
Trd, 8638365.982, 101
Trd, 8638366.082, 126
Trd, 8638366.282, 95
Trd, 8638366.782, 139
Trd, 8638368.732, 126
Trd, 8638369.232, 93
Trd, 8638369.832, 75
Trd, 8638370.482, 109
Trd, 8638370.532, 71
Trd, 8638371.082, 133
Trd, 8638372.132, 94
Trd, 8638372.482, 130
Trd, 8638373.482, 130
Trd, 8638374.132, 80
Trd, 8638375.132, 119
Trd, 8638376.032, 122
Trd, 8638376.782, 132
Trd, 8638376.932, 114
Trd, 8638377.082, 104
Trd, 8638377.332, 102
Trd, 8638378.432, 90
Trd, 8638378.932, 128
Trd, 8638379.032, 96
Trd, 8638380.782, 103
Trd, 8638380.882, 74
Trd, 8638381.232, 69
Trd, 8638381.782, 61
Trd, 8638383.132, 84
Trd, 8638384.832, 67
Trd, 8638385.032, 90
Trd, 8638385.432, 89
Trd, 8638385.682, 64
Trd, 8638386.082, 103
Trd, 8638387.082, 115
Trd, 8638388.382, 63
Trd, 8638388.782, 62
Trd, 8638390.132, 74
Trd, 8638390.432, 64
Trd, 8638391.432, 89
Trd, 8638394.132, 101
Trd, 8638394.332, 68
Trd, 8638394.482, 62
Trd, 8638395.282, 129
Trd, 8638397.332, 127
Trd, 8638397.782, 128
Trd, 8638397.882, 117
Trd, 8638398.232, 134
Trd, 8638398.932, 140
Trd, 8638399.632, 132
Trd, 8638400.032, 118
Trd, 8638401.182, 81
Trd, 8638402.132, 119
Trd, 8638402.582, 132
Trd, 8638403.982, 84
Trd, 8638404.032, 88
Trd, 8638405.982, 65
Trd, 8638406.282, 74
Trd, 8638407.132, 68
Trd, 8638407.532, 78
Trd, 8638407.832, 95
Trd, 8638408.382, 72
Trd, 8638408.782, 79
Trd, 8638409.332, 90
Trd, 8638410.832, 129
Trd, 8638412.532, 92
Trd, 8638412.832, 87
Trd, 8638413.332, 76
Trd, 8638414.032, 116
Trd, 8638415.182, 114
Trd, 8638415.432, 127
Trd, 8638415.582, 92
Trd, 8638415.882, 72
Trd, 8638416.232, 76
Trd, 8638416.832, 63
Trd, 8638417.482, 63
Trd, 8638418.882, 75
Trd, 8638419.232, 77
Trd, 8638420.482, 91
Trd, 8638420.632, 115
Trd, 8638421.182, 80
Trd, 8638422.282, 74
Trd, 8638423.082, 60
Trd, 8638423.432, 81
Trd, 8638424.182, 98
Trd, 8638424.282, 101
Trd, 8638424.382, 97
Trd, 8638424.782, 107
Trd, 8638425.582, 93
Trd, 8638425.982, 124
Trd, 8638427.682, 67
Trd, 8638428.932, 130
Trd, 8638429.582, 67
Trd, 8638430.732, 78
Trd, 8638431.082, 123
Trd, 8638431.332, 133
Trd, 8638433.482, 130
Trd, 8638433.582, 121
Trd, 8638433.732, 82
Trd, 8638434.982, 128
Trd, 8638435.582, 133
Trd, 8638435.632, 109
Trd, 8638436.282, 125
Trd, 8638437.632, 107
Trd, 8638437.732, 99
Trd, 8638438.032, 120
Trd, 8638438.382, 83
Trd, 8638439.782, 99
Trd, 8638440.082, 95
Trd, 8638440.832, 132
Trd, 8638441.132, 92
Trd, 8638441.232, 71
Trd, 8638441.532, 90
Trd, 8638442.832, 67
Trd, 8638443.782, 101
Trd, 8638444.232, 131
Trd, 8638445.132, 131
Trd, 8638445.832, 81
Trd, 8638446.032, 125
Trd, 8638446.082, 99
Trd, 8638447.132, 97
Trd, 8638447.982, 97
Trd, 8638448.582, 102
Trd, 8638448.932, 86
Trd, 8638449.082, 71
Trd, 8638449.982, 69
Trd, 8638450.582, 103
Trd, 8638451.182, 97
Trd, 8638451.282, 94
Trd, 8638452.332, 115
Trd, 8638453.082, 89
Trd, 8638453.582, 80
Trd, 8638454.332, 95
Trd, 8638454.682, 104
Trd, 8638456.632, 76
Trd, 8638457.982, 115
Trd, 8638458.032, 88
Trd, 8638458.482, 87
Trd, 8638459.532, 135
Trd, 8638460.332, 124
Trd, 8638462.632, 136
Trd, 8638462.782, 105
Trd, 8638463.432, 99
Trd, 8638463.532, 95
Trd, 8638464.232, 87
Trd, 8638464.832, 68
Trd, 8638465.032, 60
Trd, 8638465.582, 77
Trd, 8638466.682, 135
Trd, 8638467.832, 119
Trd, 8638469.482, 112
Trd, 8638470.282, 124
Trd, 8638471.132, 121
Trd, 8638471.282, 106
Trd, 8638471.382, 81
Trd, 8638472.032, 69
Trd, 8638472.832, 73
Trd, 8638473.732, 109
Trd, 8638474.182, 87
Trd, 8638474.932, 117
Trd, 8638476.782, 138
Trd, 8638476.882, 124
Trd, 8638477.132, 122
Trd, 8638477.382, 112
Trd, 8638477.882, 113
Trd, 8638478.382, 101
Trd, 8638479.582, 68
Trd, 8638480.532, 72
Trd, 8638480.632, 72
Trd, 8638480.832, 100
Trd, 8638481.732, 85
Trd, 8638481.882, 68
Trd, 8638482.382, 89
Trd, 8638482.632, 115
Trd, 8638484.182, 63
Trd, 8638485.082, 115
Trd, 8638485.282, 121
Trd, 8638485.882, 104
Trd, 8638485.932, 95
Trd, 8638486.632, 70
Trd, 8638487.382, 90
Trd, 8638487.582, 82
Trd, 8638489.982, 77
Trd, 8638490.432, 138
Trd, 8638490.482, 135
Trd, 8638491.782, 128
Trd, 8638491.982, 112
Trd, 8638492.282, 113
Trd, 8638493.282, 123
Trd, 8638493.932, 60
Trd, 8638495.132, 97
Trd, 8638495.782, 100
Trd, 8638495.982, 77
Trd, 8638496.982, 66
Trd, 8638497.632, 60
Trd, 8638497.982, 73
Trd, 8638499.482, 61
Trd, 8638499.632, 73
Trd, 8638499.782, 77
Trd, 8638500.482, 101
Trd, 8638500.832, 111
Trd, 8638501.382, 80
Trd, 8638501.832, 74
Trd, 8638502.232, 90
Trd, 8638503.382, 63
Trd, 8638505.082, 60
Trd, 8638505.132, 72
Trd, 8638505.432, 89
Trd, 8638505.982, 80
Trd, 8638506.332, 66
Trd, 8638507.182, 74
Trd, 8638507.582, 131
Trd, 8638508.382, 134
Trd, 8638510.282, 139
Trd, 8638510.582, 117
Trd, 8638510.932, 112
Trd, 8638511.232, 104
Trd, 8638511.982, 106
Trd, 8638512.382, 127
Trd, 8638512.582, 121
Trd, 8638513.932, 121
Trd, 8638514.832, 106
Trd, 8638515.382, 133
Trd, 8638516.082, 96
Trd, 8638516.582, 91
Trd, 8638516.782, 84
Trd, 8638516.832, 77
Trd, 8638517.582, 102
Trd, 8638519.032, 123
Trd, 8638519.482, 98
Trd, 8638520.082, 88
Trd, 8638520.532, 113
Trd, 8638520.832, 106
Trd, 8638521.982, 107
Trd, 8638522.532, 134
Trd, 8638522.882, 96
Trd, 8638523.532, 95
Trd, 8638524.132, 107
Trd, 8638525.782, 78
Trd, 8638525.882, 118
Trd, 8638525.982, 72
Trd, 8638526.432, 120
Trd, 8638527.182, 97
Trd, 8638527.632, 99
Trd, 8638529.732, 60
Trd, 8638529.782, 68
Trd, 8638530.032, 63
Trd, 8638530.082, 85
Trd, 8638531.082, 136
Trd, 8638531.632, 100
Trd, 8638532.232, 102
Trd, 8638532.582, 125
Trd, 8638532.632, 72
Trd, 8638533.182, 138
Trd, 8638533.532, 100
Trd, 8638534.532, 62
Trd, 8638535.482, 103
Trd, 8638536.182, 106
Trd, 8638536.532, 94
Trd, 8638536.732, 94
Trd, 8638539.532, 96
Trd, 8638539.932, 71
Trd, 8638541.282, 74
Trd, 8638541.682, 129
Trd, 8638541.732, 80
Trd, 8638541.932, 113
Trd, 8638542.432, 98
Trd, 8638542.732, 110
Trd, 8638543.282, 88
Trd, 8638543.982, 123
Trd, 8638545.282, 96
Trd, 8638546.082, 97
Trd, 8638546.732, 62
Trd, 8638546.832, 93
Trd, 8638548.532, 127
Trd, 8638549.482, 128
Trd, 8638550.882, 103
Trd, 8638550.982, 107
Trd, 8638551.282, 88
Trd, 8638552.582, 112
Trd, 8638553.382, 139
Trd, 8638553.782, 138
Trd, 8638554.482, 121
Trd, 8638554.582, 106
Trd, 8638555.182, 85
Trd, 8638555.982, 123
Trd, 8638556.382, 81
Trd, 8638557.732, 102
Trd, 8638557.882, 112
Trd, 8638558.782, 129
Trd, 8638558.982, 122
Trd, 8638560.382, 132
Trd, 8638560.632, 126
Trd, 8638561.182, 133
Trd, 8638562.082, 107
Trd, 8638563.382, 135
Trd, 8638563.482, 126
Trd, 8638563.632, 119
Trd, 8638563.882, 100
Trd, 8638564.682, 115
Trd, 8638564.982, 116
Trd, 8638565.282, 106
Trd, 8638565.832, 119
Trd, 8638566.232, 116
Trd, 8638566.432, 80
Trd, 8638569.882, 133
Trd, 8638571.382, 117
Trd, 8638571.532, 103
Trd, 8638571.732, 77
Trd, 8638571.832, 128
Trd, 8638571.932, 109
Trd, 8638572.332, 73
Trd, 8638573.382, 103
Trd, 8638575.132, 61
Trd, 8638575.782, 94
Trd, 8638576.732, 79
Trd, 8638577.032, 95
Trd, 8638578.232, 80
Trd, 8638578.282, 78
Trd, 8638578.932, 79
Trd, 8638579.632, 86
Trd, 8638580.132, 128
Trd, 8638581.332, 119
Trd, 8638581.632, 135
Trd, 8638582.132, 101
Trd, 8638583.632, 73
Trd, 8638583.732, 67
Trd, 8638584.232, 60
Trd, 8638585.082, 124
Trd, 8638586.632, 119
Trd, 8638586.832, 109
Trd, 8638586.932, 93
Trd, 8638587.382, 131
Trd, 8638587.482, 85
Trd, 8638588.432, 86
Trd, 8638589.382, 65
Trd, 8638589.932, 67
Trd, 8638590.932, 74
Trd, 8638591.532, 82
Trd, 8638591.732, 89
Trd, 8638591.832, 76
Trd, 8638592.332, 75
Trd, 8638593.082, 140
Trd, 8638594.332, 113
Trd, 8638595.132, 99
Trd, 8638596.082, 104
Trd, 8638596.382, 103
Trd, 8638597.882, 129
Trd, 8638597.932, 112
Trd, 8638598.282, 86
Trd, 8638598.982, 90
Trd, 8638600.132, 117
Trd, 8638600.882, 139
Trd, 8638602.182, 120
Trd, 8638602.482, 104
Trd, 8638602.532, 88
Trd, 8638603.182, 129
Trd, 8638603.732, 120
Trd, 8638605.182, 128
Trd, 8638605.882, 100
Trd, 8638606.682, 118
Trd, 8638606.782, 94
Trd, 8638608.332, 90
Trd, 8638608.832, 94
Trd, 8638610.482, 100
Trd, 8638610.882, 101
Trd, 8638611.232, 94
Trd, 8638612.332, 130
Trd, 8638612.932, 118
Trd, 8638613.782, 115
Trd, 8638614.132, 73
Trd, 8638615.782, 99
Trd, 8638616.582, 134
Trd, 8638617.232, 99
Trd, 8638617.332, 93
Trd, 8638617.382, 82
Trd, 8638618.932, 121
Trd, 8638619.132, 89
Trd, 8638620.132, 99
Trd, 8638620.382, 112
Trd, 8638621.682, 75
Trd, 8638621.732, 114
Trd, 8638622.332, 79
Trd, 8638622.732, 66
Trd, 8638623.082, 90
Trd, 8638623.732, 133
Trd, 8638625.932, 135
Trd, 8638626.482, 127
Trd, 8638627.132, 84
Trd, 8638627.982, 90
Trd, 8638628.232, 98
Trd, 8638628.782, 99
Trd, 8638629.332, 96
Trd, 8638629.832, 85
Trd, 8638630.082, 88
Trd, 8638630.632, 83
Trd, 8638631.182, 70
Trd, 8638631.682, 114
Trd, 8638632.332, 132
Trd, 8638634.332, 101
Trd, 8638634.582, 134
Trd, 8638635.232, 95
Trd, 8638636.582, 78
Trd, 8638636.682, 88
Trd, 8638637.382, 64
Trd, 8638637.782, 65
Trd, 8638638.982, 66
Trd, 8638639.132, 67
Trd, 8638639.932, 97
Trd, 8638640.182, 139
Trd, 8638641.332, 91
Trd, 8638642.882, 81
Trd, 8638643.132, 87
Trd, 8638643.532, 76
Trd, 8638644.132, 112
Trd, 8638644.582, 82
Trd, 8638645.482, 72
Trd, 8638647.732, 61
Trd, 8638647.782, 82
Trd, 8638648.582, 77
Trd, 8638649.482, 69
Trd, 8638649.682, 114
Trd, 8638650.382, 97
Trd, 8638650.632, 69
Trd, 8638651.332, 98
Trd, 8638653.082, 81
Trd, 8638653.532, 111
Trd, 8638654.282, 83
Trd, 8638654.832, 128
Trd, 8638656.332, 123
Trd, 8638656.982, 127
Trd, 8638657.982, 85
Trd, 8638658.432, 119
Trd, 8638658.632, 123
Trd, 8638659.032, 77
Trd, 8638659.632, 67
Trd, 8638660.332, 78
Trd, 8638661.382, 87
Trd, 8638661.782, 99
Trd, 8638662.232, 90
Trd, 8638662.682, 78
Trd, 8638663.582, 67
Trd, 8638663.782, 85
Trd, 8638664.582, 102
Trd, 8638665.132, 105
Trd, 8638666.482, 76
Trd, 8638667.132, 121
Trd, 8638667.182, 104
Trd, 8638667.582, 91
Trd, 8638668.532, 121
Trd, 8638668.832, 86
Trd, 8638669.482, 97
Trd, 8638670.832, 91
Trd, 8638672.182, 86
Trd, 8638672.432, 97
Trd, 8638672.732, 84
Trd, 8638672.882, 83
Trd, 8638673.632, 118
Trd, 8638674.182, 82
Trd, 8638676.332, 135
Trd, 8638676.782, 135
Trd, 8638676.932, 102
Trd, 8638677.032, 107
Trd, 8638678.832, 95
Trd, 8638678.982, 95
Trd, 8638679.932, 106
Trd, 8638681.282, 114
Trd, 8638681.782, 88
Trd, 8638682.132, 95
Trd, 8638682.582, 72
Trd, 8638682.782, 136
Trd, 8638684.232, 81
Trd, 8638684.532, 104
Trd, 8638685.682, 71
Trd, 8638687.132, 61
Trd, 8638687.582, 88
Trd, 8638688.682, 110
Trd, 8638689.882, 120
Trd, 8638690.382, 103
Trd, 8638690.682, 100
Trd, 8638691.132, 99
Trd, 8638691.382, 82
Trd, 8638692.832, 66
Trd, 8638693.382, 66
Trd, 8638694.682, 131
Trd, 8638694.982, 75
Trd, 8638695.332, 115
Trd, 8638696.182, 68
Trd, 8638696.482, 101
Trd, 8638697.432, 89
Trd, 8638697.632, 83
Trd, 8638699.032, 66
Trd, 8638699.632, 69
Trd, 8638699.832, 81
Trd, 8638700.182, 113
Trd, 8638700.582, 60
Trd, 8638702.882, 63
Trd, 8638703.082, 70
Trd, 8638705.982, 67
Trd, 8638706.382, 73
Trd, 8638706.582, 88
Trd, 8638707.582, 88
Trd, 8638708.282, 120
Trd, 8638708.682, 125
Trd, 8638708.782, 106
Trd, 8638709.682, 136
Trd, 8638709.882, 80
Trd, 8638710.632, 134
Trd, 8638711.582, 65
Trd, 8638711.982, 73
Trd, 8638713.382, 112
Trd, 8638713.532, 106
Trd, 8638714.032, 93
Trd, 8638714.882, 64
Trd, 8638715.132, 74
Trd, 8638715.282, 62
Trd, 8638715.882, 140
Trd, 8638718.232, 72
Trd, 8638718.682, 125
Trd, 8638720.032, 73
Trd, 8638720.382, 80
Trd, 8638720.982, 92
Trd, 8638722.232, 98
Trd, 8638722.982, 137
Trd, 8638723.432, 72
Trd, 8638723.982, 121
Trd, 8638725.132, 104
Trd, 8638725.382, 92
Trd, 8638725.632, 68
Trd, 8638725.732, 110
Trd, 8638726.882, 70
Trd, 8638728.182, 86
Trd, 8638729.632, 113
Trd, 8638729.682, 112
Trd, 8638729.732, 112
Trd, 8638730.382, 89
Trd, 8638730.732, 73
Trd, 8638731.582, 85
Trd, 8638731.982, 114
Trd, 8638734.032, 76
Trd, 8638734.932, 69
Trd, 8638734.982, 79
Trd, 8638735.382, 94
Trd, 8638735.482, 62
Trd, 8638735.932, 80
Trd, 8638736.782, 69
Trd, 8638737.582, 123
Trd, 8638738.332, 116
Trd, 8638738.632, 105
Trd, 8638738.882, 95
Trd, 8638739.782, 94
Trd, 8638741.182, 118
Trd, 8638742.182, 139
Trd, 8638743.632, 120
Trd, 8638744.182, 121
Trd, 8638744.282, 120
Trd, 8638744.582, 115
Trd, 8638744.682, 92
Trd, 8638745.582, 120
Trd, 8638746.632, 134
Trd, 8638748.432, 132
Trd, 8638748.482, 94
Trd, 8638748.832, 103
Trd, 8638748.982, 63
Trd, 8638750.532, 67
Trd, 8638750.882, 83
Trd, 8638751.432, 88
Trd, 8638751.982, 67
Trd, 8638752.332, 65
Trd, 8638752.832, 77
Trd, 8638753.832, 121
Trd, 8638754.182, 116
Trd, 8638754.932, 62
Trd, 8638755.882, 72
Trd, 8638755.982, 79
Trd, 8638757.082, 140
Trd, 8638757.332, 136
Trd, 8638758.182, 118
Trd, 8638758.732, 96
Trd, 8638760.382, 122
Trd, 8638761.632, 125
Trd, 8638761.732, 115
Trd, 8638762.082, 82
Trd, 8638762.582, 93
Trd, 8638762.932, 103
Trd, 8638762.982, 64
Trd, 8638763.532, 139
Trd, 8638765.132, 137
Trd, 8638765.282, 127
Trd, 8638765.732, 122
Trd, 8638768.082, 135
Trd, 8638768.182, 104
Trd, 8638768.632, 89
Trd, 8638768.932, 87
Trd, 8638769.382, 77
Trd, 8638770.082, 93
Trd, 8638771.082, 110
Trd, 8638771.682, 101
Trd, 8638772.432, 128
Trd, 8638773.082, 91
Trd, 8638773.382, 91
Trd, 8638774.832, 135
Trd, 8638775.682, 125
Trd, 8638776.582, 120
Trd, 8638776.982, 120
Trd, 8638777.032, 96
Trd, 8638777.532, 110
Trd, 8638778.032, 103
Trd, 8638778.932, 116
Trd, 8638779.382, 120
Trd, 8638781.232, 134
Trd, 8638782.732, 110
Trd, 8638783.182, 101
Trd, 8638783.482, 100
Trd, 8638783.832, 112
Trd, 8638784.282, 94
Trd, 8638784.882, 66
Trd, 8638785.132, 97
Trd, 8638786.432, 60
Trd, 8638786.582, 60
Trd, 8638787.732, 68
Trd, 8638788.632, 101
Trd, 8638788.832, 84
Trd, 8638790.032, 129
Trd, 8638790.082, 102
Trd, 8638790.732, 71
Trd, 8638791.682, 72
Trd, 8638792.982, 94
Trd, 8638793.332, 94
Trd, 8638793.432, 86
Trd, 8638793.832, 88
Trd, 8638794.782, 63
Trd, 8638795.332, 73
Trd, 8638796.082, 70
Trd, 8638797.332, 79
Trd, 8638797.632, 80
Trd, 8638798.732, 97
Trd, 8638799.382, 88
Trd, 8638800.432, 65
Trd, 8638800.682, 69
Trd, 8638801.232, 83
Trd, 8638801.682, 74
Trd, 8638802.882, 80
Trd, 8638803.832, 73
Trd, 8638804.082, 107
Trd, 8638804.532, 100
Trd, 8638805.282, 72
Trd, 8638805.432, 73
Trd, 8638806.482, 62
Trd, 8638808.132, 65
Trd, 8638808.482, 72
Trd, 8638809.382, 103
Trd, 8638809.482, 75
Trd, 8638809.932, 71
Trd, 8638811.082, 67
Trd, 8638811.432, 83
Trd, 8638811.882, 85
Trd, 8638812.682, 79
Trd, 8638812.832, 80
Trd, 8638813.582, 61
Trd, 8638814.682, 76
Trd, 8638815.432, 118
Trd, 8638816.532, 94
Trd, 8638817.032, 101
Trd, 8638817.932, 124
Trd, 8638818.782, 115
Trd, 8638818.932, 104
Trd, 8638821.332, 134
Trd, 8638821.582, 94
Trd, 8638822.232, 66
Trd, 8638822.532, 117
Trd, 8638822.832, 131
Trd, 8638823.182, 100
Trd, 8638824.432, 60
Trd, 8638825.382, 70
Trd, 8638825.632, 73
Trd, 8638825.782, 118
Trd, 8638826.232, 110
Trd, 8638828.332, 63
Trd, 8638828.582, 68
Trd, 8638828.682, 68
Trd, 8638829.632, 74
Trd, 8638830.482, 89
Trd, 8638832.132, 72
Trd, 8638832.882, 112
Trd, 8638833.132, 79
Trd, 8638834.182, 87
Trd, 8638834.532, 87
Trd, 8638834.932, 92
Trd, 8638835.232, 86
Trd, 8638835.732, 77
Trd, 8638836.482, 125
Trd, 8638836.932, 97
Trd, 8638837.182, 63
Trd, 8638837.782, 131
Trd, 8638839.682, 129
Trd, 8638840.682, 121
Trd, 8638840.932, 98
Trd, 8638841.232, 98
Trd, 8638842.282, 76
Trd, 8638842.632, 96
Trd, 8638844.082, 138
Trd, 8638844.282, 118
Trd, 8638844.832, 98
Trd, 8638845.932, 140
Trd, 8638845.982, 79
Trd, 8638846.732, 100
Trd, 8638847.432, 138
Trd, 8638849.532, 134
Trd, 8638850.082, 119
Trd, 8638851.882, 87
Trd, 8638851.932, 81
Trd, 8638852.182, 110
Trd, 8638852.332, 99
Trd, 8638853.332, 135
Trd, 8638853.582, 124
Trd, 8638854.532, 136
Trd, 8638854.782, 118
Trd, 8638855.332, 94
Trd, 8638856.382, 86
Trd, 8638856.682, 80
Trd, 8638857.482, 88
Trd, 8638859.332, 137
Trd, 8638859.632, 129
Trd, 8638860.632, 118
Trd, 8638860.682, 109
Trd, 8638861.282, 131
Trd, 8638861.682, 97
Trd, 8638861.982, 62
Trd, 8638863.282, 66
Trd, 8638863.632, 91
Trd, 8638865.782, 100
Trd, 8638866.382, 115
Trd, 8638866.882, 99
Trd, 8638867.082, 121
Trd, 8638867.132, 129
Trd, 8638867.682, 67
Trd, 8638868.732, 84
Trd, 8638869.182, 68
Trd, 8638869.582, 60
Trd, 8638871.082, 69
Trd, 8638871.582, 80
Trd, 8638871.682, 90
Trd, 8638872.082, 118
Trd, 8638874.632, 62
Trd, 8638875.082, 65
Trd, 8638875.182, 71
Trd, 8638875.332, 105
Trd, 8638876.632, 104
Trd, 8638876.882, 96
Trd, 8638876.982, 90
Trd, 8638877.982, 136
Trd, 8638878.032, 101
Trd, 8638879.432, 112
Trd, 8638880.132, 131
Trd, 8638880.932, 121
Trd, 8638881.332, 102
Trd, 8638881.682, 101
Trd, 8638882.182, 135
Trd, 8638882.932, 103
Trd, 8638884.632, 136
Trd, 8638884.732, 118
Trd, 8638884.832, 112
Trd, 8638885.682, 108
Trd, 8638885.982, 86
Trd, 8638886.082, 78
Trd, 8638888.432, 136
Trd, 8638889.332, 117
Trd, 8638890.032, 101
Trd, 8638890.282, 99
Trd, 8638890.382, 92
Trd, 8638890.682, 130
Trd, 8638891.432, 85
Trd, 8638893.532, 127
Trd, 8638893.882, 82
Trd, 8638894.432, 86
Trd, 8638895.482, 102
Trd, 8638896.882, 128
Trd, 8638897.282, 111
Trd, 8638897.382, 77
Trd, 8638897.982, 78
Trd, 8638898.082, 113
Trd, 8638898.832, 134
Trd, 8638899.632, 109
Trd, 8638899.732, 103
Trd, 8638900.382, 135
Trd, 8638900.832, 136
Trd, 8638902.032, 91
Trd, 8638902.332, 71
Trd, 8638904.182, 129
Trd, 8638904.682, 117
Trd, 8638906.182, 108
Trd, 8638906.332, 89
Trd, 8638907.682, 138
Trd, 8638908.132, 130
Trd, 8638908.682, 96
Trd, 8638908.782, 108
Trd, 8638911.432, 121
Trd, 8638911.482, 91
Trd, 8638911.882, 76
Trd, 8638912.882, 63
Trd, 8638913.082, 74
Trd, 8638913.282, 95
Trd, 8638915.182, 136
Trd, 8638915.582, 124
Trd, 8638916.182, 107
Trd, 8638916.632, 103
Trd, 8638916.882, 94
Trd, 8638917.032, 77
Trd, 8638917.882, 131
Trd, 8638918.132, 76
Trd, 8638918.332, 124
Trd, 8638919.232, 128
Trd, 8638921.132, 103
Trd, 8638921.732, 121
Trd, 8638922.332, 127
Trd, 8638923.182, 123
Trd, 8638923.382, 115
Trd, 8638923.882, 93
Trd, 8638924.082, 93
Trd, 8638925.782, 62
Trd, 8638926.982, 65
Trd, 8638927.832, 122
Trd, 8638928.032, 134
Trd, 8638928.382, 137
Trd, 8638929.982, 112
Trd, 8638930.532, 94
Trd, 8638931.232, 81
Trd, 8638931.282, 72
Trd, 8638931.682, 92
Trd, 8638932.032, 90
Trd, 8638932.432, 82
Trd, 8638933.032, 140
Trd, 8638933.432, 124
Trd, 8638934.582, 139
Trd, 8638935.482, 95
Trd, 8638935.982, 101
Trd, 8638936.382, 74
Trd, 8638936.782, 80
Trd, 8638938.532, 87
Trd, 8638940.032, 99
Trd, 8638940.182, 94
Trd, 8638940.232, 106
Trd, 8638940.782, 88
Trd, 8638942.432, 131
Trd, 8638942.532, 114
Trd, 8638943.982, 102
Trd, 8638944.032, 95
Trd, 8638945.382, 140
Trd, 8638946.182, 133
Trd, 8638946.232, 117
Trd, 8638946.282, 112
Trd, 8638946.932, 112
Trd, 8638948.082, 89
Trd, 8638949.482, 115
Trd, 8638950.182, 100
Trd, 8638950.582, 95
Trd, 8638951.432, 75
Trd, 8638953.532, 135
Trd, 8638953.732, 139
Trd, 8638953.932, 106
Trd, 8638953.982, 105
Trd, 8638954.032, 92
Trd, 8638954.582, 84
Trd, 8638955.682, 89
Trd, 8638956.632, 104
Trd, 8638956.832, 102
Trd, 8638957.482, 114
Trd, 8638957.632, 87
Trd, 8638957.682, 83
Trd, 8638957.932, 70
Trd, 8638958.632, 61
Trd, 8638958.932, 109
Trd, 8638960.032, 132
Trd, 8638961.282, 126
Trd, 8638961.732, 126
Trd, 8638962.182, 111
Trd, 8638963.432, 113
Trd, 8638963.882, 94
Trd, 8638964.132, 117
Trd, 8638964.532, 120
Trd, 8638966.232, 75
Trd, 8638966.482, 77
Trd, 8638967.732, 109
Trd, 8638968.182, 126
Trd, 8638968.832, 85
Trd, 8638968.882, 79
Trd, 8638969.032, 106
Trd, 8638970.032, 80
Trd, 8638970.832, 88
Trd, 8638971.132, 67
Trd, 8638971.732, 100
Trd, 8638972.782, 108
Trd, 8638973.232, 73
Trd, 8638974.482, 127
Trd, 8638975.532, 116
Trd, 8638976.132, 113
Trd, 8638976.782, 74
Trd, 8638977.582, 61
Trd, 8638978.832, 84
Trd, 8638978.882, 83
Trd, 8638979.682, 80
Trd, 8638979.932, 78
Trd, 8638981.582, 138
Trd, 8638981.932, 134
Trd, 8638983.332, 136
Trd, 8638984.082, 110
Trd, 8638984.532, 108
Trd, 8638985.582, 99
Trd, 8638985.832, 93
Trd, 8638986.382, 137
Trd, 8638986.732, 97
Trd, 8638988.032, 105
Trd, 8638988.482, 109
Trd, 8638988.782, 69
Trd, 8638988.832, 65
Trd, 8638989.182, 126
Trd, 8638989.882, 62
Trd, 8638990.632, 93
Trd, 8638991.282, 99
Trd, 8638992.132, 131
Trd, 8638992.732, 88
Trd, 8638993.732, 80
Trd, 8638993.932, 112
Trd, 8638994.282, 86
Trd, 8638995.582, 91
Trd, 8638997.082, 101
Trd, 8638997.232, 108
Trd, 8638998.332, 78
Trd, 8638998.432, 75
Trd, 8638998.932, 74
Trd, 8639000.032, 80
Trd, 8639000.132, 75
Trd, 8639000.932, 140
Trd, 8639001.182, 77
Trd, 8639003.182, 139
Trd, 8639003.282, 120
Trd, 8639004.032, 121
Trd, 8639004.182, 135
Trd, 8639005.332, 79
Trd, 8639005.432, 96
Trd, 8639006.282, 116
Trd, 8639007.432, 100
Trd, 8639008.032, 94
Trd, 8639008.732, 111
Trd, 8639009.032, 89
Trd, 8639010.182, 84
Trd, 8639010.332, 91
Trd, 8639011.382, 71
Trd, 8639011.782, 126
Trd, 8639011.932, 76
Trd, 8639012.182, 89
Trd, 8639012.582, 99
Trd, 8639014.082, 66
Trd, 8639014.332, 72
Trd, 8639015.532, 68
Trd, 8639016.332, 74
Trd, 8639016.782, 68
Trd, 8639016.882, 81
Trd, 8639017.582, 119
Trd, 8639018.182, 106
Trd, 8639018.682, 108
Trd, 8639020.332, 81
Trd, 8639020.582, 93
Trd, 8639022.132, 138
Trd, 8639023.082, 132
Trd, 8639023.432, 118
Trd, 8639024.232, 99
Trd, 8639024.582, 84
Trd, 8639024.982, 78
Trd, 8639027.032, 139
Trd, 8639027.182, 124
Trd, 8639027.532, 134
Trd, 8639027.932, 98
Trd, 8639028.032, 84
Trd, 8639028.982, 70
Trd, 8639029.082, 70
Trd, 8639029.882, 85
Trd, 8639030.982, 103
Trd, 8639031.482, 90
Trd, 8639032.632, 98
Trd, 8639032.932, 93
Trd, 8639033.382, 87
Trd, 8639034.132, 76
Trd, 8639035.432, 108
Trd, 8639035.632, 126
Trd, 8639035.982, 79
Trd, 8639036.482, 60
Trd, 8639036.982, 70
Trd, 8639037.532, 69
Trd, 8639038.682, 89
Trd, 8639040.232, 64
Trd, 8639041.082, 69
Trd, 8639041.532, 93
Trd, 8639042.332, 126
Trd, 8639042.732, 113
Trd, 8639043.082, 91
Trd, 8639043.332, 113
Trd, 8639043.782, 84
Trd, 8639044.932, 64
Trd, 8639045.432, 66
Trd, 8639045.782, 81
Trd, 8639045.982, 70
Trd, 8639046.232, 117
Trd, 8639046.932, 81
Trd, 8639048.082, 63
Trd, 8639049.582, 88
Trd, 8639050.682, 136
Trd, 8639050.932, 125
Trd, 8639051.032, 63
Trd, 8639051.882, 99
Trd, 8639052.532, 67
Trd, 8639052.982, 72
Trd, 8639053.282, 93
Trd, 8639053.682, 65
Trd, 8639054.282, 94
Trd, 8639055.232, 96
Trd, 8639055.832, 72
Trd, 8639056.282, 133
Trd, 8639056.382, 130
Trd, 8639058.332, 62
Trd, 8639058.432, 69
Trd, 8639060.032, 132
Trd, 8639060.332, 91
Trd, 8639060.382, 87
Trd, 8639062.332, 120
Trd, 8639062.482, 134
Trd, 8639062.632, 118
Trd, 8639063.982, 87
Trd, 8639065.182, 112
Trd, 8639065.232, 103
Trd, 8639065.982, 128
Trd, 8639066.282, 82
Trd, 8639066.382, 88
Trd, 8639067.182, 62
Trd, 8639067.482, 64
Trd, 8639069.332, 107
Trd, 8639069.832, 133
Trd, 8639071.132, 90
Trd, 8639071.732, 114
Trd, 8639072.232, 99
Trd, 8639072.332, 99
Trd, 8639073.582, 136
Trd, 8639074.132, 133
Trd, 8639074.282, 117
Trd, 8639074.732, 96
Trd, 8639074.882, 95
Trd, 8639075.382, 120
Trd, 8639076.132, 82
Trd, 8639077.132, 137
Trd, 8639078.082, 123
Trd, 8639078.182, 115
Trd, 8639079.632, 131
Trd, 8639080.182, 107
Trd, 8639081.282, 119
Trd, 8639081.632, 119
Trd, 8639081.932, 101
Trd, 8639081.982, 99
Trd, 8639082.782, 134
Trd, 8639083.632, 98
Trd, 8639083.732, 75
Trd, 8639085.582, 116
Trd, 8639086.032, 114
Trd, 8639086.282, 119
Trd, 8639086.732, 106
Trd, 8639087.682, 119
Trd, 8639088.082, 124
Trd, 8639088.182, 110
Trd, 8639088.632, 119
Trd, 8639089.682, 87
Trd, 8639091.032, 77
Trd, 8639091.482, 66
Trd, 8639091.882, 90
Trd, 8639092.082, 102
Trd, 8639092.582, 126
Trd, 8639092.882, 100
Trd, 8639094.282, 82
Trd, 8639095.382, 76
Trd, 8639096.382, 135
Trd, 8639096.682, 121
Trd, 8639097.332, 97
Trd, 8639098.282, 98
Trd, 8639098.482, 92
Trd, 8639098.532, 90
Trd, 8639099.082, 74
Trd, 8639099.182, 79
Trd, 8639100.432, 127
Trd, 8639100.932, 112
Trd, 8639101.082, 109
Trd, 8639102.432, 114
Trd, 8639104.882, 91
Trd, 8639105.332, 88
Trd, 8639107.132, 129
Trd, 8639107.932, 125
Trd, 8639108.282, 103
Trd, 8639108.382, 94
Trd, 8639109.182, 107
Trd, 8639110.682, 96
Trd, 8639110.732, 89
Trd, 8639111.882, 80
Trd, 8639113.132, 80
Trd, 8639113.532, 84
Trd, 8639114.582, 87
Trd, 8639115.282, 83
Trd, 8639115.432, 136
Trd, 8639115.482, 103
Trd, 8639116.082, 90
Trd, 8639117.632, 125
Trd, 8639118.532, 100
Trd, 8639119.382, 82
Trd, 8639121.082, 125
Trd, 8639121.882, 61
Trd, 8639122.432, 93
Trd, 8639122.632, 91
Trd, 8639123.282, 73
Trd, 8639123.582, 80
Trd, 8639123.732, 98
Trd, 8639124.382, 83
Trd, 8639126.632, 139
Trd, 8639126.682, 129
Trd, 8639128.182, 129
Trd, 8639129.182, 134
Trd, 8639130.982, 138
Trd, 8639131.882, 128
Trd, 8639131.932, 99
Trd, 8639132.482, 97
Trd, 8639132.882, 85
Trd, 8639133.332, 103
Trd, 8639133.382, 80
Trd, 8639133.682, 71
Trd, 8639134.032, 79
Trd, 8639134.882, 72
Trd, 8639136.482, 99
Trd, 8639136.882, 75
Trd, 8639137.632, 65
Trd, 8639138.032, 64
Trd, 8639138.632, 73
Trd, 8639139.732, 61
Trd, 8639139.832, 94
Trd, 8639140.132, 120
Trd, 8639141.532, 84
Trd, 8639142.682, 131
Trd, 8639142.932, 118
Trd, 8639143.082, 99
Trd, 8639143.182, 89
Trd, 8639144.482, 138
Trd, 8639145.132, 119
Trd, 8639146.182, 118
Trd, 8639146.932, 116
Trd, 8639147.132, 120
Trd, 8639147.732, 139
Trd, 8639147.982, 124
Trd, 8639148.632, 112
Trd, 8639149.182, 83
Trd, 8639149.782, 94
Trd, 8639150.282, 109
Trd, 8639151.482, 65
Trd, 8639151.832, 72
Trd, 8639152.582, 73
Trd, 8639153.132, 71
Trd, 8639153.282, 90
Trd, 8639153.732, 129
Trd, 8639153.882, 129
Trd, 8639155.082, 74
Trd, 8639155.332, 111
Trd, 8639155.532, 97
Trd, 8639157.332, 61
Trd, 8639158.282, 135
Trd, 8639159.482, 120
Trd, 8639159.732, 118
Trd, 8639159.782, 113
Trd, 8639159.982, 127
Trd, 8639160.582, 118
Trd, 8639160.632, 98
Trd, 8639162.482, 71
Trd, 8639162.632, 68
Trd, 8639162.782, 64
Trd, 8639163.932, 132
Trd, 8639164.032, 115
Trd, 8639165.032, 66
Trd, 8639165.932, 65
Trd, 8639166.782, 138
Trd, 8639166.982, 120
Trd, 8639167.082, 106
Trd, 8639167.982, 68
Trd, 8639168.432, 106
Trd, 8639170.432, 69
Trd, 8639170.732, 75
Trd, 8639171.282, 67
Trd, 8639171.932, 84
Trd, 8639172.882, 61
Trd, 8639173.782, 134
Trd, 8639174.232, 131
Trd, 8639174.332, 107
Trd, 8639175.082, 91
Trd, 8639175.282, 85
Trd, 8639175.482, 136
Trd, 8639176.832, 131
Trd, 8639178.282, 82
Trd, 8639179.082, 84
Trd, 8639180.932, 63
Trd, 8639180.982, 98
Trd, 8639181.932, 93
Trd, 8639182.082, 111
Trd, 8639182.332, 85
Trd, 8639182.632, 84
Trd, 8639183.332, 85
Trd, 8639185.432, 105
Trd, 8639186.182, 80
Trd, 8639187.482, 74
Trd, 8639188.482, 140
Trd, 8639189.082, 124
Trd, 8639189.632, 134
Trd, 8639190.032, 140
Trd, 8639190.782, 118
Trd, 8639191.132, 93
Trd, 8639191.632, 60
Trd, 8639191.982, 102
Trd, 8639193.132, 127
Trd, 8639193.432, 102
Trd, 8639193.782, 96
Trd, 8639194.632, 120
Trd, 8639195.482, 96
Trd, 8639196.432, 116
Trd, 8639196.632, 136
Trd, 8639197.682, 118
Trd, 8639198.582, 107
Trd, 8639198.932, 135
Trd, 8639199.432, 119
Trd, 8639200.282, 107
Trd, 8639200.332, 84
Trd, 8639201.782, 84
Trd, 8639203.232, 101
Trd, 8639203.282, 108
Trd, 8639203.582, 85
Trd, 8639204.682, 136
Trd, 8639205.382, 138
Trd, 8639206.732, 125
Trd, 8639207.232, 124
Trd, 8639207.582, 116
Trd, 8639208.082, 115
Trd, 8639208.332, 120
Trd, 8639208.782, 103
Trd, 8639208.982, 112
Trd, 8639209.232, 75
Trd, 8639210.332, 85
Trd, 8639210.682, 80
Trd, 8639211.382, 89
Trd, 8639211.782, 138
Trd, 8639212.282, 119
Trd, 8639213.932, 89
Trd, 8639214.632, 123
Trd, 8639214.832, 117
Trd, 8639215.532, 114
Trd, 8639216.132, 105
Trd, 8639217.682, 112
Trd, 8639218.382, 102
Trd, 8639218.432, 98
Trd, 8639218.482, 130
Trd, 8639220.182, 127
Trd, 8639221.082, 121
Trd, 8639221.482, 118
Trd, 8639221.782, 125
Trd, 8639222.032, 100
Trd, 8639222.632, 83
Trd, 8639223.682, 84
Trd, 8639224.032, 70
Trd, 8639224.332, 107
Trd, 8639225.282, 112
Trd, 8639226.032, 131
Trd, 8639226.382, 89
Trd, 8639227.082, 88
Trd, 8639227.832, 64
Trd, 8639227.982, 94
Trd, 8639230.482, 81
Trd, 8639230.732, 127
Trd, 8639231.482, 112
Trd, 8639231.982, 82
Trd, 8639233.632, 60
Trd, 8639234.182, 63
Trd, 8639234.582, 93
Trd, 8639234.882, 110
Trd, 8639236.532, 113
Trd, 8639236.582, 102
Trd, 8639237.432, 83
Trd, 8639237.882, 67
Trd, 8639238.082, 87
Trd, 8639238.632, 117
Trd, 8639239.332, 78
Trd, 8639240.432, 123
Trd, 8639240.982, 123
Trd, 8639242.132, 140
Trd, 8639242.482, 117
Trd, 8639243.782, 139
Trd, 8639244.032, 120
Trd, 8639245.732, 88
Trd, 8639246.282, 78
Trd, 8639247.182, 80
Trd, 8639247.732, 73
Trd, 8639248.582, 126
Trd, 8639249.932, 127
Trd, 8639250.782, 73
Trd, 8639250.932, 98
Trd, 8639252.282, 69
Trd, 8639253.132, 106
Trd, 8639254.382, 93
Trd, 8639254.782, 69
Trd, 8639255.232, 74
Trd, 8639256.332, 132
Trd, 8639258.032, 84
Trd, 8639258.132, 65
Trd, 8639258.782, 135
Trd, 8639259.182, 124
Trd, 8639259.582, 133
Trd, 8639260.332, 118
Trd, 8639261.632, 123
Trd, 8639262.732, 116
Trd, 8639263.682, 107
Trd, 8639263.932, 77
Trd, 8639264.482, 72
Trd, 8639264.982, 66
Trd, 8639265.982, 71
Trd, 8639267.032, 106
Trd, 8639267.182, 117
Trd, 8639267.932, 124
Trd, 8639268.032, 121
Trd, 8639268.682, 130
Trd, 8639268.832, 83
Trd, 8639269.782, 98
Trd, 8639270.632, 129
Trd, 8639270.882, 125
Trd, 8639271.982, 100
Trd, 8639273.332, 138
Trd, 8639273.582, 120
Trd, 8639274.432, 108
Trd, 8639274.582, 124
Trd, 8639274.982, 110
Trd, 8639277.232, 125
Trd, 8639278.432, 139
Trd, 8639278.732, 105
Trd, 8639279.132, 112
Trd, 8639279.182, 92
Trd, 8639280.632, 128
Trd, 8639280.832, 120
Trd, 8639281.232, 86
Trd, 8639282.182, 95
Trd, 8639282.782, 76
Trd, 8639283.082, 68
Trd, 8639283.382, 70
Trd, 8639284.282, 112
Trd, 8639285.832, 122
Trd, 8639287.282, 105
Trd, 8639288.332, 69
Trd, 8639288.732, 104
Trd, 8639288.782, 112
Trd, 8639288.882, 96
Trd, 8639289.182, 67
Trd, 8639290.582, 66
Trd, 8639290.882, 117
Trd, 8639291.482, 113
Trd, 8639291.732, 102
Trd, 8639291.832, 108
Trd, 8639292.082, 125
Trd, 8639292.232, 109
Trd, 8639293.232, 73
Trd, 8639293.532, 73
Trd, 8639294.632, 118
Trd, 8639295.132, 131
Trd, 8639295.882, 134
Trd, 8639296.532, 124
Trd, 8639297.682, 103
Trd, 8639298.032, 113
Trd, 8639299.532, 114
Trd, 8639300.682, 135
Trd, 8639301.232, 95
Trd, 8639301.682, 84
Trd, 8639302.032, 131
Trd, 8639302.182, 80
Trd, 8639303.582, 69
Trd, 8639304.132, 79
Trd, 8639304.782, 74
Trd, 8639305.382, 88
Trd, 8639305.582, 63
Trd, 8639307.032, 65
Trd, 8639308.382, 62
Trd, 8639308.832, 72
Trd, 8639309.082, 91
Trd, 8639309.532, 124
Trd, 8639310.282, 100
Trd, 8639311.132, 68
Trd, 8639311.732, 136
Trd, 8639312.582, 113
Trd, 8639314.632, 129
Trd, 8639314.882, 137
Trd, 8639315.182, 103
Trd, 8639315.282, 92
Trd, 8639317.082, 108
Trd, 8639317.182, 102
Trd, 8639317.582, 124
Trd, 8639318.732, 106
Trd, 8639318.982, 126
Trd, 8639319.232, 119
Trd, 8639320.182, 123
Trd, 8639320.832, 132
Trd, 8639320.932, 118
Trd, 8639321.182, 115
Trd, 8639322.832, 85
Trd, 8639323.582, 63
Trd, 8639324.532, 66
Trd, 8639325.232, 69
Trd, 8639325.582, 75
Trd, 8639326.482, 79
Trd, 8639327.432, 103
Trd, 8639327.582, 110
Trd, 8639327.782, 73
Trd, 8639328.832, 100
Trd, 8639329.582, 128
Trd, 8639329.832, 97
Trd, 8639331.882, 132
Trd, 8639332.182, 136
Trd, 8639333.232, 128
Trd, 8639333.432, 134
Trd, 8639333.782, 101
Trd, 8639334.282, 135
Trd, 8639334.732, 110
Trd, 8639336.232, 84
Trd, 8639336.332, 65
Trd, 8639337.332, 68
Trd, 8639337.782, 81
Trd, 8639338.632, 69
Trd, 8639338.982, 110
Trd, 8639339.932, 109
Trd, 8639340.382, 86
Trd, 8639342.032, 131
Trd, 8639342.682, 121
Trd, 8639342.832, 110
Trd, 8639343.032, 139
Trd, 8639343.382, 133
Trd, 8639343.432, 107
Trd, 8639343.782, 98
Trd, 8639344.682, 97
Trd, 8639345.082, 125
Trd, 8639346.232, 128
Trd, 8639346.432, 68
Trd, 8639347.132, 65
Trd, 8639348.582, 76
Trd, 8639348.682, 99
Trd, 8639349.032, 74
Trd, 8639350.082, 135
Trd, 8639350.482, 70
Trd, 8639350.882, 80
Trd, 8639351.782, 62
Trd, 8639353.032, 63
Trd, 8639354.832, 137
Trd, 8639356.082, 133
Trd, 8639356.182, 70
Trd, 8639356.732, 98
Trd, 8639357.182, 93
Trd, 8639359.282, 70
Trd, 8639359.882, 128
Trd, 8639360.182, 102
Trd, 8639360.732, 74
Trd, 8639361.382, 130
Trd, 8639361.732, 96
Trd, 8639361.882, 129
Trd, 8639363.282, 106
Trd, 8639363.482, 106
Trd, 8639365.632, 129
Trd, 8639365.882, 68
Trd, 8639366.582, 74
Trd, 8639366.782, 84
Trd, 8639367.982, 121
Trd, 8639368.532, 119
Trd, 8639369.382, 116
Trd, 8639369.982, 132
Trd, 8639370.932, 79
Trd, 8639370.982, 69
Trd, 8639371.932, 73
Trd, 8639372.232, 108
Trd, 8639373.882, 88
Trd, 8639374.182, 82
Trd, 8639375.482, 69
Trd, 8639375.632, 88
Trd, 8639376.432, 72
Trd, 8639377.332, 133
Trd, 8639378.132, 98
Trd, 8639378.432, 122
Trd, 8639379.382, 116
Trd, 8639380.132, 113
Trd, 8639380.282, 99
Trd, 8639381.532, 98
Trd, 8639381.882, 139
Trd, 8639383.432, 113
Trd, 8639384.382, 78
Trd, 8639384.782, 125
Trd, 8639385.582, 136
Trd, 8639386.282, 133
Trd, 8639386.882, 126
Trd, 8639387.032, 122
Trd, 8639387.132, 93
Trd, 8639387.632, 100
Trd, 8639389.732, 93
Trd, 8639390.932, 64
Trd, 8639390.982, 60
Trd, 8639391.432, 78
Trd, 8639391.682, 112
Trd, 8639392.332, 101
Trd, 8639392.982, 72
Trd, 8639393.132, 69
Trd, 8639394.182, 75
Trd, 8639395.732, 63
Trd, 8639396.032, 129
Trd, 8639396.932, 136
Trd, 8639397.832, 98
Trd, 8639398.982, 116
Trd, 8639399.532, 129
Trd, 8639400.232, 98
Trd, 8639402.332, 123
Trd, 8639402.732, 110
Trd, 8639403.382, 117
Trd, 8639403.682, 68
Trd, 8639404.232, 67
Trd, 8639404.482, 60
Trd, 8639405.332, 66
Trd, 8639406.632, 109
Trd, 8639407.432, 102
Trd, 8639408.182, 128
Trd, 8639408.632, 101
Trd, 8639409.432, 78
Trd, 8639409.632, 80
Trd, 8639410.782, 96
Trd, 8639410.932, 98
Trd, 8639411.082, 102
Trd, 8639411.532, 68
Trd, 8639412.482, 62
Trd, 8639414.032, 119
Trd, 8639414.082, 109
Trd, 8639415.232, 60
Trd, 8639416.732, 98
Trd, 8639417.182, 96
Trd, 8639417.482, 103
Trd, 8639417.632, 91
Trd, 8639419.182, 104
Trd, 8639419.282, 105
Trd, 8639419.732, 60
Trd, 8639420.582, 64
Trd, 8639421.932, 86
Trd, 8639422.782, 70
Trd, 8639423.682, 60
Trd, 8639423.982, 62
Trd, 8639424.132, 80
Trd, 8639424.682, 83
Trd, 8639425.182, 120
Trd, 8639427.182, 107
Trd, 8639427.482, 98
Trd, 8639428.132, 93
Trd, 8639428.182, 81
Trd, 8639430.132, 138
Trd, 8639430.882, 132
Trd, 8639430.932, 111
Trd, 8639431.482, 89
Trd, 8639432.532, 129
Trd, 8639432.782, 73
Trd, 8639433.132, 137
Trd, 8639434.382, 117
Trd, 8639434.732, 100
Trd, 8639435.232, 71
Trd, 8639435.782, 108
Trd, 8639437.832, 60
Trd, 8639437.982, 104
Trd, 8639439.382, 129
Trd, 8639439.982, 139
Trd, 8639440.382, 124
Trd, 8639440.682, 116
Trd, 8639441.582, 121
Trd, 8639441.832, 70
Trd, 8639442.632, 80
Trd, 8639443.082, 94
Trd, 8639443.182, 108
Trd, 8639444.432, 96
Trd, 8639445.932, 117
Trd, 8639446.082, 81
Trd, 8639446.782, 68
Trd, 8639447.932, 75
Trd, 8639448.832, 89
Trd, 8639449.032, 99
Trd, 8639449.832, 106
Trd, 8639450.182, 128
Trd, 8639450.632, 104
Trd, 8639452.382, 105
Trd, 8639453.482, 83
Trd, 8639453.682, 93
Trd, 8639453.782, 67
Trd, 8639454.882, 63
Trd, 8639455.832, 60
Trd, 8639456.882, 67
Trd, 8639456.982, 88
Trd, 8639458.182, 112
Trd, 8639459.082, 140
Trd, 8639459.182, 133
Trd, 8639459.832, 130
Trd, 8639460.332, 137
Trd, 8639461.482, 123
Trd, 8639461.682, 109
Trd, 8639462.382, 64
Trd, 8639462.432, 69
Trd, 8639463.432, 98
Trd, 8639464.232, 111
Trd, 8639464.432, 88
Trd, 8639464.582, 79
Trd, 8639466.282, 134
Trd, 8639467.932, 67
Trd, 8639468.432, 68
Trd, 8639468.932, 88
Trd, 8639469.232, 96
Trd, 8639469.582, 82
Trd, 8639469.832, 65
Trd, 8639470.132, 139
Trd, 8639470.882, 65
Trd, 8639471.782, 101
Trd, 8639472.432, 99
Trd, 8639473.082, 118
Trd, 8639473.832, 83
Trd, 8639474.332, 129
Trd, 8639475.532, 131
Trd, 8639476.082, 80
Trd, 8639476.432, 85
Trd, 8639476.482, 80
Trd, 8639477.382, 105
Trd, 8639477.782, 63
Trd, 8639478.332, 96
Trd, 8639478.832, 65
Trd, 8639479.682, 120
Trd, 8639480.332, 89
Trd, 8639480.882, 85
Trd, 8639481.132, 104
Trd, 8639482.882, 79
Trd, 8639483.282, 90
Trd, 8639483.632, 126
Trd, 8639484.482, 93
Trd, 8639484.932, 83
Trd, 8639485.082, 87
Trd, 8639486.482, 112
Trd, 8639487.332, 139
Trd, 8639487.382, 119
Trd, 8639488.032, 85
Trd, 8639488.682, 127
Trd, 8639490.032, 97
Trd, 8639490.832, 111
Trd, 8639491.232, 105
Trd, 8639492.382, 99
Trd, 8639492.732, 105
Trd, 8639493.582, 138
Trd, 8639493.682, 119
Trd, 8639494.582, 118
Trd, 8639495.032, 84
Trd, 8639496.082, 137
Trd, 8639496.282, 119
Trd, 8639497.432, 114
Trd, 8639497.832, 104
Trd, 8639498.082, 78
Trd, 8639498.332, 60
Trd, 8639499.032, 110
Trd, 8639500.782, 137
Trd, 8639500.932, 130
Trd, 8639501.132, 101
Trd, 8639501.382, 93
Trd, 8639502.432, 81
Trd, 8639503.182, 133
Trd, 8639504.482, 71
Trd, 8639504.982, 72
Trd, 8639505.832, 72
Trd, 8639506.182, 62
Trd, 8639506.582, 114
Trd, 8639507.482, 99
Trd, 8639509.082, 86
Trd, 8639509.332, 102
Trd, 8639509.982, 139
Trd, 8639510.532, 101
Trd, 8639511.082, 105
Trd, 8639511.282, 78
Trd, 8639512.982, 113
Trd, 8639513.232, 136
Trd, 8639513.632, 106
Trd, 8639513.782, 77
Trd, 8639514.032, 61
Trd, 8639514.182, 105
Trd, 8639515.282, 94
Trd, 8639515.382, 85
Trd, 8639516.182, 68
Trd, 8639517.532, 75
Trd, 8639517.632, 72
Trd, 8639518.082, 77
Trd, 8639519.782, 69
Trd, 8639520.382, 80
Trd, 8639520.832, 74
Trd, 8639522.682, 133
Trd, 8639523.032, 119
Trd, 8639523.432, 107
Trd, 8639524.932, 107
Trd, 8639525.482, 103
Trd, 8639526.782, 65
Trd, 8639526.882, 74
Trd, 8639527.282, 105
Trd, 8639527.382, 123
Trd, 8639527.832, 63
Trd, 8639528.182, 71
Trd, 8639529.582, 79
Trd, 8639530.932, 99
Trd, 8639532.232, 111
Trd, 8639532.332, 113
Trd, 8639533.132, 134
Trd, 8639535.632, 126
Trd, 8639536.132, 109
Trd, 8639536.382, 117
Trd, 8639536.682, 123
Trd, 8639537.182, 94
Trd, 8639537.582, 108
Trd, 8639538.882, 131
Trd, 8639538.932, 108
Trd, 8639540.032, 91
Trd, 8639540.082, 93
Trd, 8639541.032, 91
Trd, 8639541.932, 87
Trd, 8639542.232, 66
Trd, 8639542.532, 63
Trd, 8639542.982, 104
Trd, 8639543.932, 125
Trd, 8639544.682, 91
Trd, 8639545.382, 99
Trd, 8639545.882, 113
Trd, 8639546.782, 109
Trd, 8639547.232, 60
Trd, 8639547.982, 138
Trd, 8639548.832, 70
Trd, 8639549.082, 92
Trd, 8639550.082, 60
Trd, 8639552.032, 75
Trd, 8639552.432, 78
Trd, 8639553.282, 73
Trd, 8639553.482, 93
Trd, 8639553.782, 70
Trd, 8639554.082, 96
Trd, 8639554.532, 91
Trd, 8639555.282, 90
Trd, 8639556.132, 114
Trd, 8639556.632, 139
Trd, 8639557.732, 134
Trd, 8639559.182, 85
Trd, 8639559.532, 67
Trd, 8639559.982, 69
Trd, 8639561.682, 101
Trd, 8639562.132, 103
Trd, 8639563.682, 138
Trd, 8639563.732, 99
Trd, 8639564.532, 114
Trd, 8639565.182, 101
Trd, 8639565.582, 64
Trd, 8639566.432, 112
Trd, 8639566.982, 78
Trd, 8639568.032, 110
Trd, 8639569.582, 86
Trd, 8639569.732, 75
Trd, 8639570.432, 90
Trd, 8639570.682, 68
Trd, 8639571.332, 116
Trd, 8639572.382, 140
Trd, 8639573.782, 87
Trd, 8639574.682, 90
Trd, 8639575.032, 86
Trd, 8639575.232, 86
Trd, 8639575.732, 76
Trd, 8639576.032, 97
Trd, 8639576.432, 91
Trd, 8639577.632, 116
Trd, 8639579.032, 132
Trd, 8639579.432, 105
Trd, 8639580.182, 101
Trd, 8639580.732, 92
Trd, 8639580.982, 95
Trd, 8639581.332, 82
Trd, 8639583.682, 85
Trd, 8639584.332, 76
Trd, 8639584.582, 92
Trd, 8639585.332, 73
Trd, 8639585.432, 97
Trd, 8639586.482, 101
Trd, 8639586.582, 96
Trd, 8639587.132, 119
Trd, 8639587.782, 78
Trd, 8639587.882, 82
Trd, 8639589.332, 112
Trd, 8639589.432, 97
Trd, 8639590.082, 78
Trd, 8639590.232, 62
Trd, 8639591.582, 65
Trd, 8639592.032, 74
Trd, 8639592.232, 85
Trd, 8639594.082, 63
Trd, 8639594.182, 82
Trd, 8639594.732, 104
Trd, 8639595.582, 121
Trd, 8639596.432, 135
Trd, 8639596.782, 116
Trd, 8639597.632, 110
Trd, 8639597.832, 110
Trd, 8639600.182, 140
Trd, 8639600.782, 106
Trd, 8639600.982, 85
Trd, 8639601.182, 74
Trd, 8639601.632, 135
Trd, 8639602.582, 122
Trd, 8639603.082, 136
Trd, 8639603.932, 121
Trd, 8639604.832, 97
Trd, 8639605.032, 95
Trd, 8639606.082, 61
Trd, 8639606.982, 67
Trd, 8639608.032, 106
Trd, 8639608.982, 109
Trd, 8639609.082, 125
Trd, 8639611.232, 135
Trd, 8639611.382, 118
Trd, 8639611.982, 136
Trd, 8639612.732, 123
Trd, 8639613.432, 128
Trd, 8639615.132, 132
Trd, 8639615.232, 110
Trd, 8639616.032, 123
Trd, 8639616.082, 75
Trd, 8639616.782, 95
Trd, 8639617.482, 99
Trd, 8639618.382, 132
Trd, 8639619.332, 113
Trd, 8639619.882, 113
Trd, 8639620.232, 78
Trd, 8639620.432, 78
Trd, 8639620.732, 60
Trd, 8639622.132, 110
Trd, 8639622.882, 120
Trd, 8639623.332, 106
Trd, 8639625.032, 129
Trd, 8639625.682, 81
Trd, 8639626.832, 131
Trd, 8639627.032, 132
Trd, 8639627.382, 114
Trd, 8639627.832, 134
Trd, 8639628.082, 123
Trd, 8639628.732, 140
Trd, 8639629.082, 133
Trd, 8639629.632, 118
Trd, 8639629.782, 114
Trd, 8639630.582, 113
Trd, 8639631.582, 86
Trd, 8639631.732, 73
Trd, 8639633.682, 116
Trd, 8639633.882, 97
Trd, 8639634.882, 90
Trd, 8639635.032, 83
Trd, 8639635.832, 138
Trd, 8639637.082, 127
Trd, 8639637.532, 103
Trd, 8639638.182, 123
Trd, 8639638.232, 92
Trd, 8639638.982, 140
Trd, 8639639.632, 139
Trd, 8639640.382, 136
Trd, 8639641.382, 109
Trd, 8639641.882, 88
Trd, 8639642.682, 94
Trd, 8639643.382, 100
Trd, 8639645.032, 84
Trd, 8639645.732, 66
Trd, 8639646.132, 93
Trd, 8639646.732, 60
Trd, 8639647.032, 65
Trd, 8639647.332, 72
Trd, 8639648.682, 114
Trd, 8639649.882, 123
Trd, 8639650.382, 119
Trd, 8639650.832, 137
Trd, 8639652.232, 72
Trd, 8639652.482, 74
Trd, 8639653.432, 84
Trd, 8639653.482, 79
Trd, 8639654.882, 132
Trd, 8639655.132, 126
Trd, 8639655.482, 117
Trd, 8639656.132, 129
Trd, 8639656.482, 135
Trd, 8639657.132, 136
Trd, 8639657.532, 114
Trd, 8639658.532, 113
Trd, 8639659.882, 65
Trd, 8639660.132, 68
Trd, 8639661.432, 111
Trd, 8639662.282, 112
Trd, 8639662.682, 91
Trd, 8639663.532, 129
Trd, 8639663.982, 140
Trd, 8639664.282, 85
Trd, 8639664.482, 74
Trd, 8639664.632, 86
Trd, 8639665.232, 109
Trd, 8639665.882, 121
Trd, 8639666.132, 108
Trd, 8639667.832, 111
Trd, 8639667.932, 101
Trd, 8639668.382, 121
Trd, 8639669.432, 104
Trd, 8639670.132, 98
Trd, 8639671.482, 128
Trd, 8639672.582, 95
Trd, 8639672.932, 139
Trd, 8639673.682, 61
Trd, 8639674.532, 73
Trd, 8639674.582, 83
Trd, 8639676.332, 65
Trd, 8639676.482, 83
Trd, 8639676.932, 91
Trd, 8639677.232, 114
Trd, 8639677.682, 109
Trd, 8639678.082, 70
Trd, 8639679.032, 137
Trd, 8639680.382, 92
Trd, 8639680.582, 77
Trd, 8639680.982, 90
Trd, 8639682.582, 109
Trd, 8639682.982, 109
Trd, 8639683.832, 110
Trd, 8639684.232, 85
Trd, 8639684.932, 104
Trd, 8639685.532, 95
Trd, 8639687.832, 61
Trd, 8639688.132, 80
Trd, 8639688.432, 60
Trd, 8639688.632, 70
Trd, 8639689.132, 128
Trd, 8639691.132, 135
Trd, 8639691.632, 123
Trd, 8639692.182, 116
Trd, 8639693.332, 140
Trd, 8639693.432, 121
Trd, 8639694.332, 137
Trd, 8639695.532, 93
Trd, 8639695.832, 78
Trd, 8639696.932, 84
Trd, 8639697.982, 122
Trd, 8639698.432, 137
Trd, 8639699.482, 135
Trd, 8639699.682, 122
Trd, 8639701.182, 131
Trd, 8639701.582, 128
Trd, 8639701.682, 111
Trd, 8639702.032, 84
Trd, 8639702.732, 124
Trd, 8639703.732, 81
Trd, 8639704.182, 77
Trd, 8639705.732, 101
Trd, 8639706.582, 91
Trd, 8639706.732, 126
Trd, 8639707.882, 92
Trd, 8639708.382, 132
Trd, 8639709.182, 95
Trd, 8639709.982, 117
Trd, 8639710.482, 100
Trd, 8639712.432, 87
Trd, 8639712.982, 132
Trd, 8639713.232, 99
Trd, 8639713.582, 64
Trd, 8639713.682, 114
Trd, 8639715.282, 119
Trd, 8639715.782, 106
Trd, 8639716.232, 131
Trd, 8639716.582, 124
Trd, 8639717.182, 133
Trd, 8639717.582, 131
Trd, 8639718.682, 136
Trd, 8639719.132, 120
Trd, 8639719.582, 132
Trd, 8639720.482, 137
Trd, 8639720.782, 121
Trd, 8639721.332, 92
Trd, 8639722.532, 124
Trd, 8639722.932, 112
Trd, 8639723.082, 98
Trd, 8639724.082, 74
Trd, 8639725.232, 140
Trd, 8639726.132, 129
Trd, 8639726.982, 110
Trd, 8639727.632, 91
Trd, 8639728.432, 85
Trd, 8639728.732, 100
Trd, 8639728.932, 73
Trd, 8639729.082, 76
Trd, 8639730.882, 72
Trd, 8639731.932, 92
Trd, 8639732.032, 128
Trd, 8639732.882, 84
Trd, 8639734.782, 88
Trd, 8639735.032, 70
Trd, 8639735.832, 100
Trd, 8639736.082, 85
Trd, 8639736.382, 79
Trd, 8639737.132, 65
Trd, 8639737.182, 89
Trd, 8639737.532, 70
Trd, 8639739.032, 91
Trd, 8639739.182, 80
Trd, 8639740.382, 126
Trd, 8639740.432, 109
Trd, 8639742.432, 87
Trd, 8639743.732, 116
Trd, 8639743.832, 102
Trd, 8639744.882, 100
Trd, 8639745.582, 105
Trd, 8639745.832, 101
Trd, 8639746.732, 100
Trd, 8639747.532, 92
Trd, 8639748.432, 110
Trd, 8639748.582, 119
Trd, 8639748.932, 107
Trd, 8639749.432, 95
Trd, 8639752.132, 136
Trd, 8639752.832, 139
Trd, 8639752.932, 120
Trd, 8639753.182, 101
Trd, 8639753.332, 97
Trd, 8639754.032, 66
Trd, 8639754.582, 103
Trd, 8639755.232, 114
Trd, 8639755.532, 74
Trd, 8639756.432, 71
Trd, 8639756.682, 66
Trd, 8639757.682, 134
Trd, 8639758.382, 119
Trd, 8639758.582, 94
Trd, 8639759.282, 139
Trd, 8639759.732, 116
Trd, 8639760.282, 132
Trd, 8639760.332, 120
Trd, 8639762.732, 92
Trd, 8639763.432, 102
Trd, 8639763.782, 104
Trd, 8639765.532, 122
Trd, 8639765.582, 105
Trd, 8639766.532, 109
Trd, 8639767.082, 132
Trd, 8639767.932, 134
Trd, 8639768.332, 120
Trd, 8639768.382, 114
Trd, 8639769.732, 131
Trd, 8639771.382, 133
Trd, 8639771.682, 132
Trd, 8639772.032, 131
Trd, 8639773.132, 90
Trd, 8639773.832, 60
Trd, 8639774.332, 66
Trd, 8639775.332, 136
Trd, 8639775.882, 110
Trd, 8639776.432, 116
Trd, 8639776.482, 103
Trd, 8639777.782, 138
Trd, 8639778.082, 96
Trd, 8639780.432, 74
Trd, 8639781.482, 64
Trd, 8639781.882, 67
Trd, 8639781.932, 76
Trd, 8639783.932, 135
Trd, 8639784.332, 104
Trd, 8639784.382, 104
Trd, 8639784.782, 90
Trd, 8639786.232, 128
Trd, 8639786.582, 124
Trd, 8639786.882, 113
Trd, 8639787.082, 93
Trd, 8639787.732, 75
Trd, 8639790.032, 124
Trd, 8639790.632, 111
Trd, 8639791.232, 100
Trd, 8639791.382, 83
Trd, 8639792.132, 103
Trd, 8639792.232, 82
Trd, 8639792.482, 133
Trd, 8639793.082, 131
Trd, 8639794.782, 91
Trd, 8639795.032, 100
Trd, 8639796.432, 90
Trd, 8639797.732, 104
Trd, 8639797.882, 68
Trd, 8639798.782, 88
Trd, 8639799.082, 87
Trd, 8639799.432, 81
Trd, 8639799.632, 89
Trd, 8639800.182, 111
Trd, 8639800.282, 139
Trd, 8639801.432, 64
Trd, 8639801.832, 82
Trd, 8639802.782, 61
Trd, 8639803.332, 65
Trd, 8639804.232, 133
Trd, 8639805.032, 106
Trd, 8639805.132, 78
Trd, 8639805.882, 80
Trd, 8639806.632, 63
Trd, 8639807.232, 103
Trd, 8639807.882, 88
Trd, 8639808.582, 120
Trd, 8639808.982, 119
Trd, 8639809.182, 95
Trd, 8639810.232, 64
Trd, 8639810.682, 115
Trd, 8639811.632, 75
Trd, 8639812.432, 75
Trd, 8639813.482, 99
Trd, 8639813.682, 69
Trd, 8639813.782, 76
Trd, 8639814.382, 93
Trd, 8639814.582, 78
Trd, 8639814.632, 111
Trd, 8639816.732, 121
Trd, 8639818.132, 130
Trd, 8639818.582, 102
Trd, 8639818.782, 99
Trd, 8639820.482, 66
Trd, 8639820.882, 66
Trd, 8639821.382, 72
Trd, 8639823.482, 134
Trd, 8639823.732, 114
Trd, 8639823.832, 102
Trd, 8639824.982, 98
Trd, 8639825.482, 97
Trd, 8639825.732, 85
Trd, 8639827.582, 119
Trd, 8639828.782, 99
Trd, 8639828.882, 93
Trd, 8639829.232, 112
Trd, 8639829.382, 87
Trd, 8639829.582, 130
Trd, 8639830.882, 87
Trd, 8639831.882, 79
Trd, 8639833.082, 101
Trd, 8639833.632, 127
Trd, 8639834.132, 86
Trd, 8639834.682, 93
Trd, 8639835.432, 105
Trd, 8639836.382, 109
Trd, 8639836.782, 103
Trd, 8639837.482, 77
Trd, 8639838.332, 87
Trd, 8639838.782, 82
Trd, 8639839.282, 70
Trd, 8639839.732, 114
Trd, 8639840.532, 65
Trd, 8639841.332, 66
Trd, 8639841.932, 96
Trd, 8639842.532, 106
Trd, 8639842.682, 89
Trd, 8639843.032, 119
Trd, 8639845.232, 132
Trd, 8639845.882, 140
Trd, 8639845.982, 95
Trd, 8639846.732, 87
Trd, 8639847.032, 88
Trd, 8639847.732, 61
Trd, 8639847.832, 60
Trd, 8639848.882, 84
Trd, 8639849.932, 90
Trd, 8639850.332, 73
Trd, 8639850.832, 113
Trd, 8639851.932, 89
Trd, 8639852.332, 112
Trd, 8639852.682, 65
Trd, 8639854.532, 93
Trd, 8639857.082, 136
Trd, 8639857.332, 119
Trd, 8639857.382, 118
Trd, 8639857.882, 105
Trd, 8639858.232, 99
Trd, 8639858.532, 89
Trd, 8639858.582, 77
Trd, 8639859.432, 99
Trd, 8639860.032, 139
Trd, 8639860.132, 96
Trd, 8639862.282, 140
Trd, 8639862.632, 132
Trd, 8639863.532, 101
Trd, 8639863.882, 117
Trd, 8639864.732, 99
Trd, 8639865.282, 91
Trd, 8639865.682, 72
Trd, 8639867.332, 132
Trd, 8639867.882, 103
Trd, 8639868.382, 82
Trd, 8639869.332, 78
Trd, 8639869.482, 126
Trd, 8639870.032, 136
Trd, 8639870.732, 111
Trd, 8639871.082, 127
Trd, 8639872.482, 125
Trd, 8639872.682, 80
Trd, 8639874.032, 122
Trd, 8639874.832, 106
Trd, 8639875.282, 108
Trd, 8639875.432, 90
Trd, 8639875.582, 132
Trd, 8639876.182, 87
Trd, 8639876.632, 140
Trd, 8639876.882, 131
Trd, 8639878.132, 114
Trd, 8639880.632, 125
Trd, 8639881.732, 95
Trd, 8639883.082, 124
Trd, 8639883.982, 127
Trd, 8639884.282, 105
Trd, 8639885.482, 86
Trd, 8639885.682, 84
Trd, 8639886.132, 125
Trd, 8639886.332, 139
Trd, 8639886.382, 76
Trd, 8639886.832, 92
Trd, 8639888.482, 89
Trd, 8639889.182, 69
Trd, 8639889.832, 104
Trd, 8639890.482, 98
Trd, 8639890.932, 115
Trd, 8639891.482, 78
Trd, 8639893.182, 107
Trd, 8639894.482, 125
Trd, 8639894.832, 113
Trd, 8639895.282, 134
Trd, 8639895.532, 120
Trd, 8639896.132, 133
Trd, 8639897.032, 99
Trd, 8639897.582, 111
Trd, 8639897.982, 109
Trd, 8639898.382, 123
Trd, 8639898.582, 115
Trd, 8639899.232, 135
Trd, 8639899.482, 62
Trd, 8639900.882, 129
Trd, 8639902.182, 126
Trd, 8639902.782, 119
Trd, 8639904.132, 103
Trd, 8639904.782, 84
Trd, 8639905.432, 140
Trd, 8639905.732, 72
Trd, 8639906.482, 76
Trd, 8639907.582, 130
Trd, 8639908.182, 92
Trd, 8639908.582, 115
Trd, 8639909.932, 77
Trd, 8639910.182, 87
Trd, 8639910.632, 68
Trd, 8639911.132, 81
Trd, 8639912.182, 138
Trd, 8639913.082, 127
Trd, 8639913.432, 113
Trd, 8639914.232, 137
Trd, 8639914.432, 97
Trd, 8639914.882, 114
Trd, 8639915.182, 105
Trd, 8639915.382, 97
Trd, 8639915.732, 64
Trd, 8639916.382, 65
Trd, 8639917.082, 109
Trd, 8639918.032, 126
Trd, 8639918.832, 73
Trd, 8639919.582, 66
Trd, 8639919.682, 71
Trd, 8639920.182, 113
Trd, 8639920.332, 78
Trd, 8639920.782, 130
Trd, 8639921.382, 77
Trd, 8639922.532, 136
Trd, 8639922.682, 95
Trd, 8639923.032, 119
Trd, 8639923.932, 67
Trd, 8639924.932, 62
Trd, 8639925.332, 70
Trd, 8639926.732, 107
Trd, 8639927.182, 67
Trd, 8639927.482, 83
Trd, 8639928.532, 83
Trd, 8639929.282, 61
Trd, 8639930.482, 109
Trd, 8639930.732, 124
Trd, 8639930.782, 80
Trd, 8639931.532, 82
Trd, 8639932.682, 74
Trd, 8639932.832, 78
Trd, 8639933.282, 109
Trd, 8639934.532, 82
Trd, 8639935.232, 71
Trd, 8639935.632, 131
Trd, 8639936.032, 139
Trd, 8639936.082, 108
Trd, 8639936.332, 108
Trd, 8639938.582, 111
Trd, 8639939.382, 137
Trd, 8639939.432, 125
Trd, 8639940.582, 126
Trd, 8639942.332, 98
Trd, 8639942.882, 88
Trd, 8639943.032, 74
Trd, 8639943.432, 126
Trd, 8639943.482, 73
Trd, 8639944.782, 77
Trd, 8639945.982, 90
Trd, 8639947.432, 125
Trd, 8639947.732, 110
Trd, 8639949.182, 93
Trd, 8639949.232, 84
Trd, 8639949.832, 101
Trd, 8639950.782, 60
Trd, 8639951.382, 62
Trd, 8639951.982, 119
Trd, 8639952.682, 75
Trd, 8639953.132, 75
Trd, 8639953.682, 64
Trd, 8639955.632, 89
Trd, 8639955.682, 82
Trd, 8639955.932, 99
Trd, 8639956.482, 72
Trd, 8639957.132, 71
Trd, 8639957.482, 81
Trd, 8639958.332, 122
Trd, 8639958.932, 117
Trd, 8639959.432, 108
Trd, 8639960.332, 135
Trd, 8639960.782, 134
Trd, 8639961.182, 131
Trd, 8639961.282, 117
Trd, 8639961.532, 73
Trd, 8639962.182, 68
Trd, 8639964.132, 97
Trd, 8639964.432, 120
Trd, 8639965.932, 92
Trd, 8639966.182, 87
Trd, 8639966.982, 139
Trd, 8639967.182, 135
Trd, 8639967.382, 126
Trd, 8639967.882, 106
Trd, 8639969.532, 101
Trd, 8639969.832, 133
Trd, 8639971.382, 98
Trd, 8639971.682, 103
Trd, 8639972.582, 117
Trd, 8639972.982, 99
Trd, 8639974.132, 91
Trd, 8639974.482, 81
Trd, 8639974.582, 80
Trd, 8639975.282, 84
Trd, 8639975.432, 74
Trd, 8639977.682, 95
Trd, 8639977.932, 88
Trd, 8639978.232, 79
Trd, 8639979.182, 131
Trd, 8639979.232, 86
Trd, 8639979.532, 109
Trd, 8639979.932, 97
Trd, 8639980.682, 104
Trd, 8639981.182, 128
Trd, 8639981.882, 108
Trd, 8639982.432, 77
Trd, 8639983.582, 75
Trd, 8639984.182, 101
Trd, 8639986.132, 115
Trd, 8639986.382, 128
Trd, 8639986.482, 113
Trd, 8639986.932, 109
Trd, 8639987.582, 88
Trd, 8639987.782, 118
Trd, 8639988.432, 87
Trd, 8639990.382, 123
Trd, 8639990.532, 121
Trd, 8639990.582, 86
Trd, 8639991.082, 60
Trd, 8639991.582, 140
Trd, 8639991.932, 134
Trd, 8639992.382, 133
Trd, 8639992.982, 82
Trd, 8639993.232, 118
Trd, 8639996.332, 131
Trd, 8639996.382, 121
Trd, 8639996.782, 126
Trd, 8639996.882, 102
Trd, 8639997.482, 83
Trd, 8639999.582, 75
Trd, 8639999.782, 64
