Trd, 8638120.582, 140
Trd, 8638121.182, 94
Trd, 8638122.132, 86
Trd, 8638122.532, 76
Trd, 8638122.982, 111
Trd, 8638124.982, 102
Trd, 8638125.482, 96
Trd, 8638126.132, 112
Trd, 8638126.832, 131
Trd, 8638127.282, 98
Trd, 8638127.482, 96
Trd, 8638128.182, 68
Trd, 8638129.832, 98
Trd, 8638130.232, 72
Trd, 8638131.432, 128
Trd, 8638131.682, 133
Trd, 8638133.932, 106
Trd, 8638134.432, 137
Trd, 8638134.932, 140
Trd, 8638135.432, 123
Trd, 8638135.482, 135
Trd, 8638135.532, 99
Trd, 8638136.182, 83
Trd, 8638137.582, 61
Trd, 8638140.832, 113
Trd, 8638141.282, 106
Trd, 8638141.332, 87
Trd, 8638141.882, 125
Trd, 8638141.982, 103
Trd, 8638143.682, 100
Trd, 8638144.582, 65
Trd, 8638144.882, 61
Trd, 8638145.132, 62
Trd, 8638145.432, 126
Trd, 8638146.982, 68
Trd, 8638148.832, 123
Trd, 8638149.132, 89
Trd, 8638149.232, 70
Trd, 8638150.532, 125
Trd, 8638150.582, 110
Trd, 8638152.432, 111
Trd, 8638152.532, 107
Trd, 8638152.732, 106
Trd, 8638154.282, 86
Trd, 8638154.832, 89
Trd, 8638155.582, 129
Trd, 8638156.032, 114
Trd, 8638157.132, 129
Trd, 8638157.882, 118
Trd, 8638160.132, 109
Trd, 8638160.432, 61
Trd, 8638161.432, 71
Trd, 8638161.882, 75
Trd, 8638161.982, 77
Trd, 8638162.582, 69
Trd, 8638163.482, 75
Trd, 8638163.882, 83
Trd, 8638164.682, 83
Trd, 8638165.282, 96
Trd, 8638165.982, 104
Trd, 8638166.232, 85
Trd, 8638166.282, 84
Trd, 8638167.882, 89
Trd, 8638168.782, 65
Trd, 8638169.582, 79
Trd, 8638169.882, 90
Trd, 8638171.282, 138
Trd, 8638171.332, 136
Trd, 8638171.732, 122
Trd, 8638173.232, 120
Trd, 8638174.232, 80
Trd, 8638174.432, 129
Trd, 8638175.632, 78
Trd, 8638176.332, 97
Trd, 8638177.282, 108
Trd, 8638178.032, 102
Trd, 8638180.032, 121
Trd, 8638180.382, 106
Trd, 8638180.532, 92
Trd, 8638180.982, 91
Trd, 8638181.482, 87
Trd, 8638182.582, 69
Trd, 8638183.632, 135
Trd, 8638183.782, 97
Trd, 8638185.032, 91
Trd, 8638185.482, 110
Trd, 8638186.982, 138
Trd, 8638187.382, 123
Trd, 8638188.282, 130
Trd, 8638189.682, 102
Trd, 8638190.482, 113
Trd, 8638190.632, 93
Trd, 8638191.682, 125
Trd, 8638192.132, 129
Trd, 8638192.882, 129
Trd, 8638193.282, 114
Trd, 8638193.982, 126
Trd, 8638194.032, 85
Trd, 8638194.082, 133
Trd, 8638196.182, 114
Trd, 8638196.682, 125
Trd, 8638197.782, 119
Trd, 8638198.082, 111
Trd, 8638198.382, 107
Trd, 8638199.032, 127
Trd, 8638199.782, 101
Trd, 8638200.482, 111
Trd, 8638200.632, 98
Trd, 8638201.032, 105
Trd, 8638201.832, 63
Trd, 8638202.482, 119
Trd, 8638202.982, 114
Trd, 8638203.732, 103
Trd, 8638204.682, 104
Trd, 8638205.632, 128
Trd, 8638205.832, 93
Trd, 8638206.982, 93
Trd, 8638207.532, 133
Trd, 8638208.232, 85
Trd, 8638208.932, 73
Trd, 8638209.132, 71
Trd, 8638209.882, 77
Trd, 8638210.632, 138
Trd, 8638210.982, 120
Trd, 8638211.932, 100
Trd, 8638212.082, 122
Trd, 8638212.882, 127
Trd, 8638213.232, 110
Trd, 8638213.532, 67
Trd, 8638214.882, 132
Trd, 8638215.032, 82
Trd, 8638217.132, 117
Trd, 8638217.682, 110
Trd, 8638218.232, 120
Trd, 8638219.032, 125
Trd, 8638219.182, 73
Trd, 8638220.082, 65
Trd, 8638220.582, 139
Trd, 8638221.382, 140
Trd, 8638221.682, 99
Trd, 8638222.932, 112
Trd, 8638224.632, 98
Trd, 8638224.682, 99
Trd, 8638225.182, 118
Trd, 8638225.732, 91
Trd, 8638228.532, 122
Trd, 8638228.882, 103
Trd, 8638230.132, 120
Trd, 8638230.332, 115
Trd, 8638230.582, 114
Trd, 8638231.232, 117
Trd, 8638231.532, 113
Trd, 8638233.082, 137
Trd, 8638233.132, 128
Trd, 8638233.682, 118
Trd, 8638234.532, 118
Trd, 8638235.082, 104
Trd, 8638235.282, 134
Trd, 8638236.382, 111
Trd, 8638236.432, 107
Trd, 8638236.982, 97
Trd, 8638237.882, 91
Trd, 8638239.482, 91
Trd, 8638241.032, 127
Trd, 8638241.332, 107
Trd, 8638241.682, 90
Trd, 8638241.932, 97
Trd, 8638242.632, 133
Trd, 8638244.282, 111
Trd, 8638246.182, 106
Trd, 8638246.382, 125
Trd, 8638246.532, 100
Trd, 8638246.882, 138
Trd, 8638247.632, 136
Trd, 8638248.982, 129
Trd, 8638249.132, 125
Trd, 8638249.332, 117
Trd, 8638249.732, 117
Trd, 8638250.382, 83
Trd, 8638250.932, 100
Trd, 8638252.882, 140
Trd, 8638253.432, 96
Trd, 8638254.882, 138
Trd, 8638255.282, 105
Trd, 8638256.082, 127
Trd, 8638258.732, 126
Trd, 8638259.132, 119
Trd, 8638259.882, 128
Trd, 8638260.082, 117
Trd, 8638260.282, 135
Trd, 8638260.332, 129
Trd, 8638260.682, 83
Trd, 8638263.082, 119
Trd, 8638263.532, 84
Trd, 8638264.532, 121
Trd, 8638265.282, 114
Trd, 8638266.432, 113
Trd, 8638266.532, 102
Trd, 8638266.682, 135
Trd, 8638267.132, 97
Trd, 8638267.632, 96
Trd, 8638268.882, 100
Trd, 8638270.232, 101
Trd, 8638270.582, 114
Trd, 8638272.232, 115
Trd, 8638273.282, 93
Trd, 8638273.932, 90
Trd, 8638275.032, 122
Trd, 8638275.482, 88
Trd, 8638275.732, 133
Trd, 8638277.032, 106
Trd, 8638277.482, 83
Trd, 8638278.782, 82
Trd, 8638278.832, 82
Trd, 8638279.132, 102
Trd, 8638280.582, 120
Trd, 8638281.332, 120
Trd, 8638283.032, 119
Trd, 8638283.332, 111
Trd, 8638284.582, 99
Trd, 8638284.782, 118
Trd, 8638286.282, 91
Trd, 8638286.332, 104
Trd, 8638287.882, 86
Trd, 8638287.982, 90
Trd, 8638288.632, 134
Trd, 8638289.982, 134
Trd, 8638291.032, 103
Trd, 8638291.132, 101
Trd, 8638291.782, 94
Trd, 8638292.882, 137
Trd, 8638293.032, 128
Trd, 8638293.132, 113
Trd, 8638294.082, 79
Trd, 8638294.632, 71
Trd, 8638295.482, 139
Trd, 8638296.082, 89
Trd, 8638296.932, 98
Trd, 8638297.282, 135
Trd, 8638299.682, 98
Trd, 8638299.832, 90
Trd, 8638301.332, 109
Trd, 8638302.132, 91
Trd, 8638303.132, 109
Trd, 8638303.732, 86
Trd, 8638304.632, 103
Trd, 8638304.732, 105
Trd, 8638305.132, 75
Trd, 8638305.682, 107
Trd, 8638305.982, 120
Trd, 8638306.282, 83
Trd, 8638306.582, 107
Trd, 8638307.382, 64
Trd, 8638308.732, 61
Trd, 8638308.782, 77
Trd, 8638308.982, 101
Trd, 8638310.482, 132
Trd, 8638311.332, 94
Trd, 8638312.582, 109
Trd, 8638313.032, 95
Trd, 8638314.032, 76
Trd, 8638314.682, 86
Trd, 8638315.232, 135
Trd, 8638315.382, 108
Trd, 8638315.832, 81
Trd, 8638316.032, 85
Trd, 8638316.182, 87
Trd, 8638316.932, 113
Trd, 8638317.582, 132
Trd, 8638318.882, 136
Trd, 8638320.432, 112
Trd, 8638320.982, 129
Trd, 8638321.282, 104
Trd, 8638321.632, 100
Trd, 8638323.332, 66
Trd, 8638323.582, 86
Trd, 8638323.932, 74
Trd, 8638324.632, 107
Trd, 8638325.332, 62
Trd, 8638326.032, 127
Trd, 8638326.132, 68
Trd, 8638326.932, 112
Trd, 8638327.682, 135
Trd, 8638327.982, 87
Trd, 8638330.282, 139
Trd, 8638330.482, 106
Trd, 8638330.582, 102
Trd, 8638330.832, 98
Trd, 8638331.382, 91
Trd, 8638333.082, 116
Trd, 8638334.032, 85
Trd, 8638334.082, 81
Trd, 8638335.332, 84
Trd, 8638335.682, 93
Trd, 8638336.232, 103
Trd, 8638337.282, 123
Trd, 8638337.432, 76
Trd, 8638338.682, 72
Trd, 8638338.832, 72
Trd, 8638339.782, 76
Trd, 8638340.482, 97
Trd, 8638343.182, 138
Trd, 8638343.332, 130
Trd, 8638343.882, 127
Trd, 8638344.832, 113
Trd, 8638345.332, 130
Trd, 8638345.832, 92
Trd, 8638346.032, 69
Trd, 8638346.582, 93
Trd, 8638347.282, 81
Trd, 8638347.382, 130
Trd, 8638349.182, 132
Trd, 8638349.232, 99
Trd, 8638349.982, 107
Trd, 8638350.182, 86
Trd, 8638350.232, 79
Trd, 8638352.032, 84
Trd, 8638353.632, 121
Trd, 8638353.932, 88
Trd, 8638354.332, 106
Trd, 8638355.932, 87
Trd, 8638356.432, 98
Trd, 8638356.882, 131
Trd, 8638357.832, 70
Trd, 8638358.032, 62
Trd, 8638358.582, 103
Trd, 8638359.032, 77
Trd, 8638359.682, 88
Trd, 8638360.032, 77
Trd, 8638362.032, 105
Trd, 8638362.732, 123
Trd, 8638362.932, 79
Trd, 8638363.732, 65
Trd, 8638363.832, 78
Trd, 8638364.332, 71
Trd, 8638365.832, 60
Trd, 8638366.782, 71
Trd, 8638367.732, 93
Trd, 8638367.882, 117
Trd, 8638369.482, 134
Trd, 8638370.032, 135
Trd, 8638370.632, 98
Trd, 8638371.132, 73
Trd, 8638371.432, 89
Trd, 8638373.282, 61
Trd, 8638374.232, 109
Trd, 8638374.682, 119
Trd, 8638374.932, 113
Trd, 8638375.282, 128
Trd, 8638376.082, 108
Trd, 8638377.432, 127
Trd, 8638377.882, 98
Trd, 8638379.032, 112
Trd, 8638380.032, 95
Trd, 8638381.382, 136
Trd, 8638382.132, 135
Trd, 8638382.582, 125
Trd, 8638383.182, 86
Trd, 8638384.332, 104
Trd, 8638384.382, 87
Trd, 8638386.832, 129
Trd, 8638386.882, 94
Trd, 8638387.132, 90
Trd, 8638388.032, 129
Trd, 8638389.032, 106
Trd, 8638389.432, 119
Trd, 8638391.232, 113
Trd, 8638392.382, 82
Trd, 8638393.482, 79
Trd, 8638393.532, 83
Trd, 8638393.632, 78
Trd, 8638394.732, 84
Trd, 8638395.882, 60
Trd, 8638396.032, 65
Trd, 8638396.432, 76
Trd, 8638396.482, 98
Trd, 8638397.332, 95
Trd, 8638398.182, 95
Trd, 8638398.482, 82
Trd, 8638400.232, 126
Trd, 8638400.432, 104
Trd, 8638401.332, 111
Trd, 8638401.582, 99
Trd, 8638402.682, 95
Trd, 8638403.632, 120
Trd, 8638403.832, 101
Trd, 8638404.682, 137
Trd, 8638404.982, 112
Trd, 8638405.632, 107
Trd, 8638405.682, 104
Trd, 8638405.982, 100
Trd, 8638406.682, 81
Trd, 8638406.982, 60
Trd, 8638407.832, 95
Trd, 8638408.182, 80
Trd, 8638410.932, 122
Trd, 8638411.232, 115
Trd, 8638411.582, 104
Trd, 8638412.082, 104
Trd, 8638412.282, 99
Trd, 8638413.382, 126
Trd, 8638413.532, 122
Trd, 8638413.732, 91
Trd, 8638415.032, 108
Trd, 8638416.532, 101
Trd, 8638417.432, 103
Trd, 8638417.482, 97
Trd, 8638420.482, 126
Trd, 8638421.082, 132
Trd, 8638421.332, 120
Trd, 8638421.832, 106
Trd, 8638422.232, 85
Trd, 8638422.882, 95
Trd, 8638423.932, 118
Trd, 8638424.032, 112
Trd, 8638425.832, 134
Trd, 8638425.882, 126
Trd, 8638425.982, 125
Trd, 8638428.682, 117
Trd, 8638428.932, 138
Trd, 8638429.282, 135
Trd, 8638429.432, 134
Trd, 8638429.782, 126
Trd, 8638430.682, 123
Trd, 8638431.332, 120
Trd, 8638431.682, 107
Trd, 8638433.282, 129
Trd, 8638433.432, 121
Trd, 8638433.632, 81
Trd, 8638434.332, 68
Trd, 8638434.582, 100
Trd, 8638435.282, 61
Trd, 8638436.182, 124
Trd, 8638437.582, 103
Trd, 8638438.682, 126
Trd, 8638438.882, 92
Trd, 8638439.832, 84
Trd, 8638441.382, 80
Trd, 8638441.782, 75
Trd, 8638442.582, 97
Trd, 8638443.382, 114
Trd, 8638443.932, 100
Trd, 8638445.782, 139
Trd, 8638445.932, 118
Trd, 8638446.632, 105
Trd, 8638449.332, 110
Trd, 8638449.732, 106
Trd, 8638450.182, 98
Trd, 8638451.382, 98
Trd, 8638451.432, 79
Trd, 8638451.732, 69
Trd, 8638451.882, 111
Trd, 8638453.732, 62
Trd, 8638453.932, 66
Trd, 8638454.332, 69
Trd, 8638454.382, 70
Trd, 8638454.682, 76
Trd, 8638457.132, 105
Trd, 8638457.482, 99
Trd, 8638458.432, 93
Trd, 8638459.232, 97
Trd, 8638459.482, 93
Trd, 8638460.182, 79
Trd, 8638461.232, 136
Trd, 8638461.732, 103
Trd, 8638463.382, 61
Trd, 8638463.632, 94
Trd, 8638465.132, 70
Trd, 8638465.532, 98
Trd, 8638466.182, 82
Trd, 8638467.032, 86
Trd, 8638467.182, 70
Trd, 8638467.232, 111
Trd, 8638467.932, 76
Trd, 8638468.632, 78
Trd, 8638469.582, 86
Trd, 8638470.282, 77
Trd, 8638471.632, 98
Trd, 8638472.032, 85
Trd, 8638472.482, 95
Trd, 8638472.782, 115
Trd, 8638473.932, 94
Trd, 8638474.082, 89
Trd, 8638474.732, 75
Trd, 8638475.682, 130
Trd, 8638476.582, 133
Trd, 8638477.682, 69
Trd, 8638478.432, 93
Trd, 8638478.632, 96
Trd, 8638479.882, 78
Trd, 8638480.382, 106
Trd, 8638481.332, 134
Trd, 8638481.482, 111
Trd, 8638482.282, 63
Trd, 8638482.532, 65
Trd, 8638483.782, 115
Trd, 8638484.232, 123
Trd, 8638485.182, 134
Trd, 8638486.132, 103
Trd, 8638486.232, 104
Trd, 8638486.532, 85
Trd, 8638487.482, 114
Trd, 8638488.382, 106
Trd, 8638489.332, 61
Trd, 8638489.782, 128
Trd, 8638490.482, 125
Trd, 8638491.332, 128
Trd, 8638492.532, 91
Trd, 8638492.982, 121
Trd, 8638493.382, 101
Trd, 8638494.332, 66
Trd, 8638495.432, 63
Trd, 8638495.982, 105
Trd, 8638496.932, 100
Trd, 8638497.732, 94
Trd, 8638497.932, 105
Trd, 8638499.232, 81
Trd, 8638499.382, 99
Trd, 8638499.832, 116
Trd, 8638500.482, 125
Trd, 8638500.532, 91
Trd, 8638502.532, 91
Trd, 8638502.632, 113
Trd, 8638503.632, 126
Trd, 8638504.132, 94
Trd, 8638505.332, 119
Trd, 8638505.732, 92
Trd, 8638505.932, 138
Trd, 8638508.282, 130
Trd, 8638508.382, 122
Trd, 8638508.682, 89
Trd, 8638509.632, 133
Trd, 8638510.632, 135
Trd, 8638511.782, 80
Trd, 8638512.482, 73
Trd, 8638513.532, 107
Trd, 8638514.282, 121
Trd, 8638514.532, 112
Trd, 8638515.082, 100
Trd, 8638515.182, 128
Trd, 8638517.332, 131
Trd, 8638518.082, 112
Trd, 8638518.682, 113
Trd, 8638518.882, 108
Trd, 8638519.482, 135
Trd, 8638521.132, 122
Trd, 8638521.332, 112
Trd, 8638521.732, 94
Trd, 8638522.232, 104
Trd, 8638522.632, 95
Trd, 8638523.232, 85
Trd, 8638524.282, 99
Trd, 8638526.432, 139
Trd, 8638526.482, 112
Trd, 8638526.982, 107
Trd, 8638527.232, 91
Trd, 8638527.632, 139
Trd, 8638529.332, 88
Trd, 8638529.732, 65
Trd, 8638529.832, 65
Trd, 8638531.082, 139
Trd, 8638531.832, 133
Trd, 8638532.282, 117
Trd, 8638532.432, 95
Trd, 8638532.782, 134
Trd, 8638532.882, 118
Trd, 8638535.082, 113
Trd, 8638535.232, 107
Trd, 8638535.482, 119
Trd, 8638535.932, 62
Trd, 8638537.382, 124
Trd, 8638537.782, 115
Trd, 8638539.482, 60
Trd, 8638539.782, 64
Trd, 8638539.982, 72
Trd, 8638540.182, 80
Trd, 8638541.732, 76
Trd, 8638542.532, 118
Trd, 8638542.632, 139
Trd, 8638544.082, 110
Trd, 8638544.982, 107
Trd, 8638545.882, 135
Trd, 8638546.082, 125
Trd, 8638546.882, 69
Trd, 8638546.982, 68
Trd, 8638547.682, 64
Trd, 8638548.182, 115
Trd, 8638549.382, 89
Trd, 8638549.432, 78
Trd, 8638549.632, 63
Trd, 8638551.932, 127
Trd, 8638552.332, 89
Trd, 8638554.432, 134
Trd, 8638555.032, 103
Trd, 8638556.082, 106
Trd, 8638557.632, 111
Trd, 8638558.132, 114
Trd, 8638559.682, 112
Trd, 8638560.132, 120
Trd, 8638560.182, 113
Trd, 8638560.482, 98
Trd, 8638560.532, 93
Trd, 8638561.632, 120
Trd, 8638563.182, 60
Trd, 8638563.332, 62
Trd, 8638563.632, 95
Trd, 8638564.982, 115
Trd, 8638565.982, 72
Trd, 8638566.832, 118
Trd, 8638566.932, 77
Trd, 8638567.232, 131
Trd, 8638567.782, 132
Trd, 8638569.282, 60
Trd, 8638569.632, 62
Trd, 8638570.232, 63
Trd, 8638570.482, 61
Trd, 8638572.182, 82
Trd, 8638572.532, 93
Trd, 8638573.932, 110
Trd, 8638573.982, 106
Trd, 8638574.782, 60
Trd, 8638576.082, 110
Trd, 8638576.832, 118
Trd, 8638577.932, 74
Trd, 8638579.732, 129
Trd, 8638579.882, 92
Trd, 8638580.932, 92
Trd, 8638581.282, 111
Trd, 8638582.182, 100
Trd, 8638582.832, 130
Trd, 8638583.182, 112
Trd, 8638583.882, 82
Trd, 8638584.632, 81
Trd, 8638585.832, 65
Trd, 8638587.382, 126
Trd, 8638587.682, 80
Trd, 8638588.082, 100
Trd, 8638588.232, 130
Trd, 8638589.582, 89
Trd, 8638590.682, 89
Trd, 8638590.982, 110
Trd, 8638591.932, 103
Trd, 8638592.582, 116
Trd, 8638593.082, 108
Trd, 8638594.232, 124
Trd, 8638594.782, 124
Trd, 8638594.882, 83
Trd, 8638595.932, 78
Trd, 8638597.632, 130
Trd, 8638600.332, 115
Trd, 8638600.482, 96
Trd, 8638600.532, 89
Trd, 8638601.282, 88
Trd, 8638601.382, 125
Trd, 8638602.182, 87
Trd, 8638603.482, 84
Trd, 8638604.632, 75
Trd, 8638604.682, 71
Trd, 8638604.832, 117
Trd, 8638605.232, 138
Trd, 8638606.882, 140
Trd, 8638609.032, 140
Trd, 8638609.482, 101
Trd, 8638609.882, 93
Trd, 8638610.032, 140
Trd, 8638612.082, 84
Trd, 8638612.232, 104
Trd, 8638612.382, 82
Trd, 8638613.832, 132
Trd, 8638613.982, 104
Trd, 8638614.332, 118
Trd, 8638616.032, 124
Trd, 8638616.282, 111
Trd, 8638616.932, 104
Trd, 8638617.482, 111
Trd, 8638617.732, 107
Trd, 8638618.332, 118
Trd, 8638619.032, 124
Trd, 8638619.432, 100
Trd, 8638621.082, 132
Trd, 8638621.332, 122
Trd, 8638621.432, 121
Trd, 8638623.982, 122
Trd, 8638624.082, 117
Trd, 8638625.132, 112
Trd, 8638625.782, 88
Trd, 8638627.132, 102
Trd, 8638627.182, 99
Trd, 8638627.532, 99
Trd, 8638627.882, 125
Trd, 8638628.032, 119
Trd, 8638629.682, 114
Trd, 8638629.732, 119
Trd, 8638630.832, 137
Trd, 8638631.582, 138
Trd, 8638632.582, 137
Trd, 8638632.632, 132
Trd, 8638633.232, 122
Trd, 8638633.282, 117
Trd, 8638633.882, 89
Trd, 8638633.982, 67
Trd, 8638634.382, 127
Trd, 8638635.882, 138
Trd, 8638637.982, 118
Trd, 8638638.082, 106
Trd, 8638639.282, 129
Trd, 8638640.082, 135
Trd, 8638640.532, 116
Trd, 8638640.882, 110
Trd, 8638641.532, 95
Trd, 8638642.082, 92
Trd, 8638642.332, 133
Trd, 8638643.882, 102
Trd, 8638644.232, 124
Trd, 8638644.682, 60
Trd, 8638646.432, 90
Trd, 8638646.682, 77
Trd, 8638647.482, 61
Trd, 8638647.982, 88
Trd, 8638648.632, 140
Trd, 8638649.632, 137
Trd, 8638649.982, 91
Trd, 8638652.132, 118
Trd, 8638653.282, 113
Trd, 8638654.682, 104
Trd, 8638654.732, 92
Trd, 8638655.082, 90
Trd, 8638655.582, 114
Trd, 8638657.482, 138
Trd, 8638657.582, 65
Trd, 8638658.282, 97
Trd, 8638659.182, 118
Trd, 8638661.282, 104
Trd, 8638661.532, 88
Trd, 8638661.582, 84
Trd, 8638662.782, 125
Trd, 8638663.282, 106
Trd, 8638664.982, 99
Trd, 8638665.682, 117
Trd, 8638666.182, 102
Trd, 8638666.932, 119
Trd, 8638667.832, 133
Trd, 8638668.132, 98
Trd, 8638669.782, 135
Trd, 8638669.882, 115
Trd, 8638670.032, 115
Trd, 8638670.532, 114
Trd, 8638670.932, 115
Trd, 8638671.282, 100
Trd, 8638672.532, 123
Trd, 8638673.032, 131
Trd, 8638673.932, 84
Trd, 8638674.732, 104
Trd, 8638675.282, 64
Trd, 8638675.582, 87
Trd, 8638676.632, 119
Trd, 8638679.082, 117
Trd, 8638679.632, 91
Trd, 8638680.182, 87
Trd, 8638680.682, 110
Trd, 8638682.932, 72
Trd, 8638683.082, 97
Trd, 8638683.832, 88
Trd, 8638683.932, 120
Trd, 8638684.282, 78
Trd, 8638684.732, 121
Trd, 8638684.982, 110
Trd, 8638685.282, 84
Trd, 8638686.382, 89
Trd, 8638686.682, 124
Trd, 8638687.482, 73
Trd, 8638688.432, 102
Trd, 8638688.682, 96
Trd, 8638689.232, 121
Trd, 8638690.132, 95
Trd, 8638690.632, 94
Trd, 8638691.532, 139
Trd, 8638692.632, 100
Trd, 8638693.432, 128
Trd, 8638693.782, 129
Trd, 8638694.032, 120
Trd, 8638695.932, 125
Trd, 8638696.232, 105
Trd, 8638696.432, 104
Trd, 8638697.032, 97
Trd, 8638697.132, 91
Trd, 8638699.282, 119
Trd, 8638699.482, 108
Trd, 8638700.132, 105
Trd, 8638700.732, 90
Trd, 8638701.832, 117
Trd, 8638702.282, 108
Trd, 8638704.782, 130
Trd, 8638705.532, 123
Trd, 8638705.832, 116
Trd, 8638705.982, 100
Trd, 8638706.732, 118
Trd, 8638707.482, 133
Trd, 8638708.482, 137
Trd, 8638709.482, 114
Trd, 8638709.782, 97
Trd, 8638710.182, 140
Trd, 8638710.382, 89
Trd, 8638712.332, 90
Trd, 8638713.532, 88
Trd, 8638713.932, 88
Trd, 8638714.632, 134
Trd, 8638714.782, 104
Trd, 8638716.732, 121
Trd, 8638716.932, 114
Trd, 8638717.982, 99
Trd, 8638719.132, 123
Trd, 8638720.932, 115
Trd, 8638721.832, 113
Trd, 8638722.182, 134
Trd, 8638723.032, 128
Trd, 8638723.982, 110
Trd, 8638724.282, 103
Trd, 8638724.782, 113
Trd, 8638725.232, 91
Trd, 8638726.132, 131
Trd, 8638726.532, 136
Trd, 8638727.482, 133
Trd, 8638729.032, 97
Trd, 8638729.482, 98
Trd, 8638730.232, 124
Trd, 8638730.432, 99
Trd, 8638731.432, 140
Trd, 8638731.482, 105
Trd, 8638731.732, 99
Trd, 8638733.082, 97
Trd, 8638734.232, 110
Trd, 8638734.332, 103
Trd, 8638734.832, 102
Trd, 8638736.732, 105
Trd, 8638736.982, 95
Trd, 8638738.232, 84
Trd, 8638739.182, 129
Trd, 8638740.132, 134
Trd, 8638740.182, 114
Trd, 8638741.032, 140
Trd, 8638742.232, 101
Trd, 8638742.482, 98
Trd, 8638744.182, 130
Trd, 8638744.282, 123
Trd, 8638745.032, 114
Trd, 8638746.232, 119
Trd, 8638747.432, 134
Trd, 8638748.382, 121
Trd, 8638748.982, 123
Trd, 8638749.482, 109
Trd, 8638749.982, 106
Trd, 8638750.182, 103
Trd, 8638750.232, 86
Trd, 8638750.482, 79
Trd, 8638751.532, 103
Trd, 8638751.882, 119
Trd, 8638752.882, 65
Trd, 8638754.082, 96
Trd, 8638754.632, 61
Trd, 8638755.232, 78
Trd, 8638756.182, 108
Trd, 8638758.132, 111
Trd, 8638758.332, 138
Trd, 8638758.782, 110
Trd, 8638759.132, 108
Trd, 8638759.232, 98
Trd, 8638760.032, 133
Trd, 8638760.232, 106
Trd, 8638761.132, 103
Trd, 8638761.432, 79
Trd, 8638762.132, 121
Trd, 8638764.682, 125
Trd, 8638765.032, 111
Trd, 8638765.432, 74
Trd, 8638765.882, 74
Trd, 8638766.332, 89
Trd, 8638767.932, 82
Trd, 8638768.482, 128
Trd, 8638768.882, 86
Trd, 8638769.532, 133
Trd, 8638770.182, 135
Trd, 8638770.332, 130
Trd, 8638770.482, 124
Trd, 8638771.432, 70
Trd, 8638771.932, 126
Trd, 8638773.532, 89
Trd, 8638773.982, 85
Trd, 8638774.682, 124
Trd, 8638775.482, 63
Trd, 8638775.932, 81
Trd, 8638776.782, 126
Trd, 8638776.882, 127
Trd, 8638777.382, 116
Trd, 8638778.332, 113
Trd, 8638778.882, 112
Trd, 8638779.732, 138
Trd, 8638779.982, 109
Trd, 8638782.732, 117
Trd, 8638783.432, 119
Trd, 8638784.982, 135
Trd, 8638785.432, 119
Trd, 8638785.782, 128
Trd, 8638786.632, 110
Trd, 8638787.082, 109
Trd, 8638787.132, 102
Trd, 8638787.482, 92
Trd, 8638788.732, 84
Trd, 8638789.982, 92
Trd, 8638792.032, 133
Trd, 8638792.232, 123
Trd, 8638793.282, 94
Trd, 8638793.882, 93
Trd, 8638794.832, 123
Trd, 8638795.532, 90
Trd, 8638795.982, 80
Trd, 8638796.432, 77
Trd, 8638797.832, 62
Trd, 8638798.032, 113
Trd, 8638800.832, 103
Trd, 8638801.382, 112
Trd, 8638801.732, 89
Trd, 8638801.882, 87
Trd, 8638802.732, 73
Trd, 8638802.982, 78
Trd, 8638803.482, 100
Trd, 8638804.332, 79
Trd, 8638806.032, 106
Trd, 8638806.932, 112
Trd, 8638808.182, 119
Trd, 8638808.782, 125
Trd, 8638809.282, 98
Trd, 8638809.982, 116
Trd, 8638810.182, 79
Trd, 8638810.482, 129
Trd, 8638811.932, 85
Trd, 8638812.932, 68
Trd, 8638813.232, 75
Trd, 8638813.482, 67
Trd, 8638814.932, 83
Trd, 8638815.432, 135
Trd, 8638815.532, 79
Trd, 8638815.982, 120
Trd, 8638816.282, 71
Trd, 8638817.132, 110
Trd, 8638818.332, 105
Trd, 8638819.682, 125
Trd, 8638820.332, 132
Trd, 8638820.432, 118
Trd, 8638821.382, 135
Trd, 8638821.432, 128
Trd, 8638822.882, 128
Trd, 8638823.332, 110
Trd, 8638823.382, 113
Trd, 8638823.932, 135
Trd, 8638824.132, 118
Trd, 8638825.582, 94
Trd, 8638826.432, 124
Trd, 8638827.232, 79
Trd, 8638827.632, 119
Trd, 8638828.332, 64
Trd, 8638828.982, 81
Trd, 8638829.532, 73
Trd, 8638829.932, 73
Trd, 8638831.682, 115
Trd, 8638833.482, 99
Trd, 8638834.732, 140
Trd, 8638834.982, 72
Trd, 8638835.582, 70
Trd, 8638836.532, 114
Trd, 8638837.832, 122
Trd, 8638838.132, 101
Trd, 8638838.182, 93
Trd, 8638838.782, 139
Trd, 8638839.282, 97
Trd, 8638839.782, 93
Trd, 8638840.082, 125
Trd, 8638841.682, 120
Trd, 8638842.582, 140
Trd, 8638843.632, 126
Trd, 8638844.082, 81
Trd, 8638845.032, 134
Trd, 8638845.132, 97
Trd, 8638845.282, 85
Trd, 8638847.482, 119
Trd, 8638847.882, 118
Trd, 8638848.082, 115
Trd, 8638848.182, 120
Trd, 8638848.432, 112
Trd, 8638850.032, 99
Trd, 8638851.682, 114
Trd, 8638851.782, 96
Trd, 8638852.882, 87
Trd, 8638853.832, 130
Trd, 8638854.482, 122
Trd, 8638854.932, 60
Trd, 8638855.482, 62
Trd, 8638856.382, 87
Trd, 8638856.682, 110
Trd, 8638856.782, 123
Trd, 8638857.432, 107
Trd, 8638858.182, 109
Trd, 8638859.132, 94
Trd, 8638859.282, 112
Trd, 8638859.882, 118
Trd, 8638860.032, 92
Trd, 8638860.282, 83
Trd, 8638861.882, 85
Trd, 8638862.882, 132
Trd, 8638862.982, 104
Trd, 8638863.432, 114
Trd, 8638863.532, 98
Trd, 8638864.332, 90
Trd, 8638865.332, 103
Trd, 8638865.482, 84
Trd, 8638866.132, 122
Trd, 8638867.482, 111
Trd, 8638868.632, 101
Trd, 8638869.532, 135
Trd, 8638869.632, 94
Trd, 8638872.132, 138
Trd, 8638873.032, 126
Trd, 8638873.382, 124
Trd, 8638874.132, 131
Trd, 8638874.532, 117
Trd, 8638874.582, 140
Trd, 8638875.482, 91
Trd, 8638875.882, 90
Trd, 8638877.032, 99
Trd, 8638877.632, 121
Trd, 8638878.132, 114
Trd, 8638878.982, 112
Trd, 8638879.082, 98
Trd, 8638879.332, 97
Trd, 8638880.282, 65
Trd, 8638880.382, 127
Trd, 8638882.032, 67
Trd, 8638882.532, 76
Trd, 8638882.982, 97
Trd, 8638883.532, 114
Trd, 8638884.382, 121
Trd, 8638884.732, 76
Trd, 8638884.882, 122
Trd, 8638885.782, 139
Trd, 8638886.682, 100
Trd, 8638887.432, 119
Trd, 8638887.932, 93
Trd, 8638888.282, 136
Trd, 8638888.582, 83
Trd, 8638889.732, 98
Trd, 8638890.682, 113
Trd, 8638892.382, 134
Trd, 8638892.432, 97
Trd, 8638892.582, 133
Trd, 8638893.732, 114
Trd, 8638894.332, 130
Trd, 8638894.932, 122
Trd, 8638897.082, 139
Trd, 8638898.082, 115
Trd, 8638898.382, 92
Trd, 8638899.532, 135
Trd, 8638900.532, 122
Trd, 8638901.232, 116
Trd, 8638901.632, 140
Trd, 8638903.782, 102
Trd, 8638903.832, 94
Trd, 8638904.182, 75
Trd, 8638905.582, 122
Trd, 8638906.532, 98
Trd, 8638907.082, 128
Trd, 8638907.232, 124
Trd, 8638907.432, 109
Trd, 8638908.482, 103
Trd, 8638909.482, 133
Trd, 8638910.632, 106
Trd, 8638910.832, 105
Trd, 8638911.332, 79
Trd, 8638912.532, 108
Trd, 8638913.132, 92
Trd, 8638913.732, 74
Trd, 8638914.232, 73
Trd, 8638915.132, 88
Trd, 8638916.482, 123
Trd, 8638916.882, 112
Trd, 8638917.432, 101
Trd, 8638919.082, 103
Trd, 8638919.632, 95
Trd, 8638919.732, 113
Trd, 8638919.882, 92
Trd, 8638921.132, 94
Trd, 8638921.882, 90
Trd, 8638922.932, 138
Trd, 8638923.032, 123
Trd, 8638924.032, 110
Trd, 8638924.482, 114
Trd, 8638925.932, 107
Trd, 8638926.682, 130
Trd, 8638927.182, 108
Trd, 8638927.482, 125
Trd, 8638927.732, 100
Trd, 8638929.082, 130
Trd, 8638929.582, 123
Trd, 8638929.882, 103
Trd, 8638930.582, 84
Trd, 8638930.982, 114
Trd, 8638931.482, 93
Trd, 8638931.882, 117
Trd, 8638932.532, 123
Trd, 8638933.232, 124
Trd, 8638933.532, 92
Trd, 8638934.982, 81
Trd, 8638935.782, 139
Trd, 8638935.882, 108
Trd, 8638936.582, 60
Trd, 8638937.232, 61
Trd, 8638937.832, 120
Trd, 8638937.982, 129
Trd, 8638939.032, 80
Trd, 8638939.932, 82
Trd, 8638942.032, 109
Trd, 8638942.832, 101
Trd, 8638944.582, 122
Trd, 8638945.732, 139
Trd, 8638945.782, 130
Trd, 8638946.132, 108
Trd, 8638946.732, 129
Trd, 8638946.882, 117
Trd, 8638947.582, 108
Trd, 8638948.332, 125
Trd, 8638949.182, 123
Trd, 8638949.732, 102
Trd, 8638949.832, 101
Trd, 8638950.482, 91
Trd, 8638950.682, 87
Trd, 8638951.282, 80
Trd, 8638951.882, 80
Trd, 8638953.432, 97
Trd, 8638953.532, 128
Trd, 8638954.432, 127
Trd, 8638956.082, 127
Trd, 8638956.732, 105
Trd, 8638957.032, 81
Trd, 8638957.132, 79
Trd, 8638957.932, 60
Trd, 8638959.182, 118
Trd, 8638960.532, 111
Trd, 8638961.232, 107
Trd, 8638962.232, 133
Trd, 8638963.532, 118
Trd, 8638964.782, 123
Trd, 8638964.982, 108
Trd, 8638965.132, 103
Trd, 8638965.332, 122
Trd, 8638965.632, 79
Trd, 8638967.732, 137
Trd, 8638968.282, 107
Trd, 8638968.982, 90
Trd, 8638969.282, 113
Trd, 8638970.532, 125
Trd, 8638971.632, 134
Trd, 8638972.782, 133
Trd, 8638973.532, 117
Trd, 8638974.832, 102
Trd, 8638975.332, 113
Trd, 8638976.082, 109
Trd, 8638976.132, 122
Trd, 8638977.282, 111
Trd, 8638977.882, 82
Trd, 8638978.982, 92
Trd, 8638981.282, 134
Trd, 8638981.532, 132
Trd, 8638981.682, 125
Trd, 8638982.832, 125
Trd, 8638984.132, 123
Trd, 8638984.532, 118
Trd, 8638984.832, 108
Trd, 8638985.182, 86
Trd, 8638985.632, 87
Trd, 8638985.982, 67
Trd, 8638987.932, 80
Trd, 8638988.482, 134
Trd, 8638988.732, 80
Trd, 8638989.132, 79
Trd, 8638989.282, 102
Trd, 8638991.032, 140
Trd, 8638991.632, 131
Trd, 8638992.232, 106
Trd, 8638992.632, 93
Trd, 8638993.782, 134
Trd, 8638994.432, 121
Trd, 8638994.732, 115
Trd, 8638994.832, 99
Trd, 8638995.382, 102
Trd, 8638995.782, 71
Trd, 8638995.882, 95
Trd, 8638997.382, 127
Trd, 8638998.832, 137
Trd, 8638999.832, 119
Trd, 8639000.532, 104
Trd, 8639001.032, 130
Trd, 8639001.082, 122
Trd, 8639002.732, 137
Trd, 8639003.282, 122
Trd, 8639003.982, 116
Trd, 8639004.932, 124
Trd, 8639005.032, 115
Trd, 8639006.432, 134
Trd, 8639008.982, 89
Trd, 8639009.932, 139
Trd, 8639010.282, 117
Trd, 8639010.482, 84
Trd, 8639011.032, 87
Trd, 8639011.482, 124
Trd, 8639012.032, 77
Trd, 8639013.032, 76
Trd, 8639013.282, 136
Trd, 8639013.982, 102
Trd, 8639015.382, 65
Trd, 8639016.882, 112
Trd, 8639018.382, 110
Trd, 8639019.032, 126
Trd, 8639019.532, 129
Trd, 8639019.632, 125
Trd, 8639020.332, 81
Trd, 8639021.432, 135
Trd, 8639022.582, 125
Trd, 8639022.832, 126
Trd, 8639023.032, 103
Trd, 8639025.232, 131
Trd, 8639025.332, 122
Trd, 8639025.382, 120
Trd, 8639025.632, 84
Trd, 8639025.982, 82
Trd, 8639026.132, 80
Trd, 8639026.832, 115
Trd, 8639027.382, 83
Trd, 8639028.182, 71
Trd, 8639028.882, 84
Trd, 8639030.432, 61
Trd, 8639030.832, 84
Trd, 8639031.182, 127
Trd, 8639031.582, 81
Trd, 8639032.582, 136
Trd, 8639032.882, 107
Trd, 8639033.332, 78
Trd, 8639034.082, 136
Trd, 8639034.132, 134
Trd, 8639034.382, 134
Trd, 8639036.282, 128
Trd, 8639038.282, 83
Trd, 8639038.782, 61
Trd, 8639039.882, 135
Trd, 8639039.932, 96
Trd, 8639040.582, 82
Trd, 8639040.932, 93
Trd, 8639041.282, 93
Trd, 8639041.982, 124
Trd, 8639042.082, 117
Trd, 8639043.832, 91
Trd, 8639043.882, 118
Trd, 8639044.732, 80
Trd, 8639046.632, 60
Trd, 8639046.732, 75
Trd, 8639047.482, 103
Trd, 8639048.532, 126
Trd, 8639048.882, 124
Trd, 8639048.982, 136
Trd, 8639050.332, 95
Trd, 8639050.582, 87
Trd, 8639051.832, 107
Trd, 8639053.232, 119
Trd, 8639054.432, 115
Trd, 8639054.732, 130
Trd, 8639054.882, 131
Trd, 8639055.182, 112
Trd, 8639055.582, 99
Trd, 8639056.282, 134
Trd, 8639057.032, 79
Trd, 8639057.232, 121
Trd, 8639058.182, 108
Trd, 8639059.582, 110
Trd, 8639059.632, 106
Trd, 8639060.332, 106
Trd, 8639061.232, 60
Trd, 8639063.132, 109
Trd, 8639063.582, 100
Trd, 8639064.382, 117
Trd, 8639065.082, 110
Trd, 8639066.332, 97
Trd, 8639066.532, 96
Trd, 8639066.982, 75
Trd, 8639067.332, 107
Trd, 8639067.432, 107
Trd, 8639068.232, 133
Trd, 8639068.482, 95
Trd, 8639070.382, 124
Trd, 8639070.782, 130
Trd, 8639071.182, 97
Trd, 8639071.632, 111
Trd, 8639071.932, 94
Trd, 8639072.082, 88
Trd, 8639073.182, 101
Trd, 8639075.532, 124
Trd, 8639075.632, 117
Trd, 8639075.882, 107
Trd, 8639076.032, 114
Trd, 8639077.832, 99
Trd, 8639078.182, 93
Trd, 8639078.632, 92
Trd, 8639079.782, 97
Trd, 8639082.532, 140
Trd, 8639083.182, 133
Trd, 8639084.182, 110
Trd, 8639084.482, 105
Trd, 8639084.732, 100
Trd, 8639085.732, 91
Trd, 8639086.532, 129
Trd, 8639087.132, 116
Trd, 8639087.982, 136
Trd, 8639088.132, 127
Trd, 8639088.532, 113
Trd, 8639088.882, 110
Trd, 8639088.982, 125
Trd, 8639089.232, 99
Trd, 8639091.332, 109
Trd, 8639091.932, 98
Trd, 8639092.682, 117
Trd, 8639094.632, 106
Trd, 8639095.332, 94
Trd, 8639096.082, 123
Trd, 8639096.382, 111
Trd, 8639096.932, 95
Trd, 8639097.132, 88
Trd, 8639097.432, 138
Trd, 8639098.182, 119
Trd, 8639098.232, 87
Trd, 8639100.232, 70
Trd, 8639100.382, 83
Trd, 8639100.832, 84
Trd, 8639102.082, 88
Trd, 8639103.682, 110
Trd, 8639103.832, 95
Trd, 8639104.332, 117
Trd, 8639104.632, 90
Trd, 8639105.132, 77
Trd, 8639106.432, 115
Trd, 8639108.032, 126
Trd, 8639108.132, 118
Trd, 8639108.332, 112
Trd, 8639110.682, 111
Trd, 8639112.682, 137
Trd, 8639112.782, 128
Trd, 8639113.082, 127
Trd, 8639113.632, 130
Trd, 8639113.882, 136
Trd, 8639114.282, 92
Trd, 8639114.882, 85
Trd, 8639115.382, 132
Trd, 8639115.532, 98
Trd, 8639116.232, 136
Trd, 8639118.132, 133
Trd, 8639118.182, 117
Trd, 8639118.932, 100
Trd, 8639120.182, 117
Trd, 8639120.332, 109
Trd, 8639121.082, 137
Trd, 8639121.482, 103
Trd, 8639121.732, 94
Trd, 8639123.332, 110
Trd, 8639123.532, 97
Trd, 8639124.432, 103
Trd, 8639124.782, 74
Trd, 8639125.782, 112
Trd, 8639125.832, 80
Trd, 8639126.182, 103
Trd, 8639127.482, 94
Trd, 8639128.182, 112
Trd, 8639128.232, 107
Trd, 8639129.032, 105
Trd, 8639131.032, 138
Trd, 8639131.132, 129
Trd, 8639131.232, 127
Trd, 8639131.282, 109
Trd, 8639134.282, 113
Trd, 8639135.482, 117
Trd, 8639135.982, 102
Trd, 8639137.282, 100
Trd, 8639137.332, 90
Trd, 8639137.882, 136
Trd, 8639137.932, 109
Trd, 8639138.982, 131
Trd, 8639139.632, 89
Trd, 8639139.782, 92
Trd, 8639140.332, 138
Trd, 8639140.632, 138
Trd, 8639141.582, 110
Trd, 8639142.432, 118
Trd, 8639143.332, 96
Trd, 8639143.732, 74
Trd, 8639143.932, 106
Trd, 8639144.432, 85
Trd, 8639144.482, 80
Trd, 8639146.282, 112
Trd, 8639146.682, 107
Trd, 8639147.032, 95
Trd, 8639147.632, 96
Trd, 8639149.432, 131
Trd, 8639149.582, 106
Trd, 8639151.282, 126
Trd, 8639152.982, 115
Trd, 8639153.532, 101
Trd, 8639153.982, 106
Trd, 8639155.432, 106
Trd, 8639155.832, 133
Trd, 8639156.282, 87
Trd, 8639157.332, 120
Trd, 8639157.782, 124
Trd, 8639158.232, 122
Trd, 8639158.582, 112
Trd, 8639159.382, 127
Trd, 8639159.682, 106
Trd, 8639159.832, 106
Trd, 8639161.882, 133
Trd, 8639163.382, 104
Trd, 8639163.732, 100
Trd, 8639163.782, 99
Trd, 8639165.732, 109
Trd, 8639166.382, 109
Trd, 8639166.732, 105
Trd, 8639167.282, 125
Trd, 8639167.332, 125
Trd, 8639168.382, 115
Trd, 8639169.182, 101
Trd, 8639169.982, 105
Trd, 8639170.432, 98
Trd, 8639171.382, 92
Trd, 8639172.232, 131
Trd, 8639172.332, 89
Trd, 8639172.732, 88
Trd, 8639173.232, 67
Trd, 8639174.682, 129
Trd, 8639175.632, 80
Trd, 8639175.932, 97
Trd, 8639176.582, 129
Trd, 8639176.732, 114
Trd, 8639178.032, 133
Trd, 8639179.132, 118
Trd, 8639179.332, 65
Trd, 8639179.432, 96
Trd, 8639180.082, 125
Trd, 8639180.782, 115
Trd, 8639181.482, 133
Trd, 8639181.882, 139
Trd, 8639182.132, 98
Trd, 8639182.882, 97
Trd, 8639184.832, 65
Trd, 8639185.232, 109
Trd, 8639186.882, 117
Trd, 8639187.232, 97
Trd, 8639188.632, 133
Trd, 8639188.732, 125
Trd, 8639190.232, 96
Trd, 8639191.582, 133
Trd, 8639193.682, 129
Trd, 8639193.732, 127
Trd, 8639194.232, 117
Trd, 8639194.532, 108
Trd, 8639194.732, 96
Trd, 8639194.932, 126
Trd, 8639196.882, 95
Trd, 8639197.232, 98
Trd, 8639197.332, 84
Trd, 8639198.182, 124
Trd, 8639199.232, 61
Trd, 8639200.482, 119
Trd, 8639201.382, 118
Trd, 8639201.582, 117
Trd, 8639201.682, 116
Trd, 8639203.582, 114
Trd, 8639204.282, 130
Trd, 8639204.682, 106
Trd, 8639205.332, 88
Trd, 8639206.932, 102
Trd, 8639207.132, 70
Trd, 8639207.332, 101
Trd, 8639208.132, 62
Trd, 8639208.182, 63
Trd, 8639209.032, 65
Trd, 8639210.232, 62
Trd, 8639210.332, 99
Trd, 8639211.582, 109
Trd, 8639211.932, 111
Trd, 8639212.582, 80
Trd, 8639214.282, 115
Trd, 8639215.382, 103
Trd, 8639215.782, 106
Trd, 8639217.382, 84
Trd, 8639217.582, 102
Trd, 8639217.782, 105
Trd, 8639218.382, 61
Trd, 8639220.432, 117
Trd, 8639220.482, 125
Trd, 8639221.382, 71
Trd, 8639221.932, 127
Trd, 8639223.032, 134
Trd, 8639223.382, 129
Trd, 8639223.582, 120
Trd, 8639224.432, 122
Trd, 8639224.732, 78
Trd, 8639225.632, 110
Trd, 8639227.632, 72
Trd, 8639227.732, 113
Trd, 8639229.532, 116
Trd, 8639229.632, 109
Trd, 8639230.682, 92
Trd, 8639231.032, 80
Trd, 8639231.882, 85
Trd, 8639232.382, 77
Trd, 8639232.832, 96
Trd, 8639232.932, 125
Trd, 8639233.482, 137
Trd, 8639234.482, 94
Trd, 8639235.332, 118
Trd, 8639235.632, 107
Trd, 8639236.682, 83
Trd, 8639237.082, 112
Trd, 8639237.182, 75
Trd, 8639237.582, 73
Trd, 8639238.332, 101
Trd, 8639238.632, 139
Trd, 8639238.732, 68
Trd, 8639241.332, 64
Trd, 8639242.182, 79
Trd, 8639243.132, 119
Trd, 8639243.732, 114
Trd, 8639244.282, 125
Trd, 8639244.532, 127
Trd, 8639245.832, 61
Trd, 8639245.932, 102
Trd, 8639246.182, 79
Trd, 8639246.782, 93
Trd, 8639247.932, 79
Trd, 8639248.232, 88
Trd, 8639248.532, 81
Trd, 8639248.632, 103
Trd, 8639251.232, 94
Trd, 8639252.432, 110
Trd, 8639252.582, 105
Trd, 8639253.032, 117
Trd, 8639253.182, 114
Trd, 8639253.782, 92
Trd, 8639256.282, 121
Trd, 8639256.632, 133
Trd, 8639257.782, 126
Trd, 8639258.182, 89
Trd, 8639259.232, 126
Trd, 8639259.582, 115
Trd, 8639261.132, 137
Trd, 8639261.282, 130
Trd, 8639262.132, 97
Trd, 8639263.232, 97
Trd, 8639263.682, 107
Trd, 8639263.832, 86
Trd, 8639265.682, 76
Trd, 8639265.932, 102
Trd, 8639266.282, 128
Trd, 8639266.482, 102
Trd, 8639266.832, 100
Trd, 8639266.932, 85
Trd, 8639266.982, 81
Trd, 8639267.982, 62
Trd, 8639268.832, 115
Trd, 8639269.032, 80
Trd, 8639269.332, 88
Trd, 8639270.682, 77
Trd, 8639271.632, 69
Trd, 8639272.232, 87
Trd, 8639272.582, 112
Trd, 8639274.732, 125
Trd, 8639275.932, 91
Trd, 8639278.432, 133
Trd, 8639278.632, 115
Trd, 8639278.682, 109
Trd, 8639278.932, 108
Trd, 8639281.332, 110
Trd, 8639281.682, 110
Trd, 8639281.732, 86
Trd, 8639282.332, 78
Trd, 8639283.082, 82
Trd, 8639283.832, 85
Trd, 8639284.282, 94
Trd, 8639285.582, 94
Trd, 8639286.532, 137
Trd, 8639286.682, 90
Trd, 8639286.732, 89
Trd, 8639287.232, 114
Trd, 8639288.232, 64
Trd, 8639288.582, 86
Trd, 8639290.332, 98
Trd, 8639290.482, 89
Trd, 8639290.932, 77
Trd, 8639291.332, 111
Trd, 8639293.232, 116
Trd, 8639293.432, 135
Trd, 8639294.432, 111
Trd, 8639294.482, 101
Trd, 8639295.432, 127
Trd, 8639295.932, 100
Trd, 8639296.682, 97
Trd, 8639296.782, 78
Trd, 8639297.032, 62
Trd, 8639297.382, 67
Trd, 8639298.382, 115
Trd, 8639298.882, 119
Trd, 8639299.282, 132
Trd, 8639299.832, 75
Trd, 8639299.882, 70
Trd, 8639301.332, 116
Trd, 8639302.332, 137
Trd, 8639302.932, 137
Trd, 8639303.932, 119
Trd, 8639304.432, 83
Trd, 8639305.882, 121
Trd, 8639306.832, 134
Trd, 8639306.982, 75
Trd, 8639308.232, 80
Trd, 8639308.632, 100
Trd, 8639309.482, 139
Trd, 8639309.782, 131
Trd, 8639310.832, 108
Trd, 8639311.282, 92
Trd, 8639311.582, 61
Trd, 8639311.782, 92
Trd, 8639312.732, 112
Trd, 8639314.232, 101
Trd, 8639314.632, 120
Trd, 8639315.932, 100
Trd, 8639316.332, 114
Trd, 8639316.982, 136
Trd, 8639317.782, 73
Trd, 8639317.832, 63
Trd, 8639318.582, 128
Trd, 8639319.182, 105
Trd, 8639319.332, 137
Trd, 8639320.632, 110
Trd, 8639321.282, 133
Trd, 8639321.682, 122
Trd, 8639322.582, 135
Trd, 8639322.682, 120
Trd, 8639324.282, 101
Trd, 8639324.682, 95
Trd, 8639324.782, 95
Trd, 8639325.932, 123
Trd, 8639328.032, 118
Trd, 8639328.282, 76
Trd, 8639329.132, 83
Trd, 8639329.732, 68
Trd, 8639331.882, 83
Trd, 8639332.832, 117
Trd, 8639332.882, 88
Trd, 8639333.532, 130
Trd, 8639333.982, 117
Trd, 8639334.882, 115
Trd, 8639335.682, 114
Trd, 8639335.932, 91
Trd, 8639336.432, 130
Trd, 8639336.732, 98
Trd, 8639338.782, 138
Trd, 8639339.332, 100
Trd, 8639339.982, 99
Trd, 8639340.882, 135
Trd, 8639340.982, 127
Trd, 8639341.032, 99
Trd, 8639341.432, 90
Trd, 8639343.932, 130
Trd, 8639344.682, 134
Trd, 8639345.732, 130
Trd, 8639346.182, 138
Trd, 8639348.582, 140
Trd, 8639349.782, 134
Trd, 8639350.832, 133
Trd, 8639351.382, 120
Trd, 8639351.932, 129
Trd, 8639352.332, 103
Trd, 8639353.282, 97
Trd, 8639353.582, 121
Trd, 8639354.432, 88
Trd, 8639355.082, 105
Trd, 8639355.132, 79
Trd, 8639358.032, 82
Trd, 8639358.832, 117
Trd, 8639359.132, 134
Trd, 8639359.432, 134
Trd, 8639359.632, 103
Trd, 8639359.932, 82
Trd, 8639360.432, 130
Trd, 8639360.682, 78
Trd, 8639361.132, 93
Trd, 8639362.082, 139
Trd, 8639362.232, 130
Trd, 8639363.132, 116
Trd, 8639364.282, 132
Trd, 8639365.182, 108
Trd, 8639365.932, 111
Trd, 8639366.282, 135
Trd, 8639366.332, 101
Trd, 8639367.082, 100
Trd, 8639368.732, 130
Trd, 8639369.282, 117
Trd, 8639370.582, 135
Trd, 8639370.632, 126
Trd, 8639371.632, 107
Trd, 8639373.932, 105
Trd, 8639374.482, 128
Trd, 8639374.732, 126
Trd, 8639375.432, 113
Trd, 8639375.632, 123
Trd, 8639376.832, 101
Trd, 8639377.432, 100
Trd, 8639378.482, 76
Trd, 8639378.782, 72
Trd, 8639380.032, 120
Trd, 8639380.732, 139
Trd, 8639380.882, 120
Trd, 8639382.332, 124
Trd, 8639382.682, 119
Trd, 8639382.882, 89
Trd, 8639384.232, 93
Trd, 8639385.232, 120
Trd, 8639386.682, 118
Trd, 8639386.982, 119
Trd, 8639387.032, 97
Trd, 8639387.432, 105
Trd, 8639387.632, 98
Trd, 8639387.682, 96
Trd, 8639388.882, 87
Trd, 8639389.382, 101
Trd, 8639391.482, 102
Trd, 8639392.732, 118
Trd, 8639393.282, 81
Trd, 8639393.432, 128
Trd, 8639394.932, 126
Trd, 8639395.782, 74
Trd, 8639396.032, 67
Trd, 8639396.532, 61
Trd, 8639397.882, 118
Trd, 8639398.132, 106
Trd, 8639401.032, 96
Trd, 8639401.432, 89
Trd, 8639401.782, 114
Trd, 8639401.832, 107
Trd, 8639401.932, 73
Trd, 8639403.882, 100
Trd, 8639405.232, 109
Trd, 8639406.532, 120
Trd, 8639407.232, 113
Trd, 8639407.582, 91
Trd, 8639409.582, 98
Trd, 8639410.232, 87
Trd, 8639411.232, 82
Trd, 8639412.032, 71
Trd, 8639412.182, 90
Trd, 8639413.432, 109
Trd, 8639413.532, 106
Trd, 8639413.832, 73
Trd, 8639414.482, 76
Trd, 8639415.782, 87
Trd, 8639417.732, 137
Trd, 8639417.982, 129
Trd, 8639418.032, 95
Trd, 8639418.382, 70
Trd, 8639418.882, 138
Trd, 8639420.532, 94
Trd, 8639420.832, 116
Trd, 8639421.832, 113
Trd, 8639422.532, 111
Trd, 8639422.582, 83
Trd, 8639423.082, 91
Trd, 8639423.482, 99
Trd, 8639424.382, 73
Trd, 8639424.932, 97
Trd, 8639425.782, 82
Trd, 8639426.882, 127
Trd, 8639428.082, 121
Trd, 8639429.082, 128
Trd, 8639430.132, 137
Trd, 8639430.732, 131
Trd, 8639430.982, 123
Trd, 8639431.982, 107
Trd, 8639432.182, 137
Trd, 8639432.732, 107
Trd, 8639435.282, 122
Trd, 8639435.782, 121
Trd, 8639436.082, 93
Trd, 8639436.232, 83
Trd, 8639436.982, 102
Trd, 8639437.082, 100
Trd, 8639438.632, 85
Trd, 8639440.682, 106
Trd, 8639441.282, 101
Trd, 8639441.782, 113
Trd, 8639442.382, 98
Trd, 8639442.832, 84
Trd, 8639444.232, 117
Trd, 8639444.482, 113
Trd, 8639445.832, 95
Trd, 8639446.532, 102
Trd, 8639447.632, 93
Trd, 8639448.082, 110
Trd, 8639448.482, 90
Trd, 8639448.682, 130
Trd, 8639449.182, 125
Trd, 8639450.382, 100
Trd, 8639450.782, 87
Trd, 8639451.182, 114
Trd, 8639451.832, 119
Trd, 8639452.982, 133
Trd, 8639454.032, 121
Trd, 8639454.082, 113
Trd, 8639454.282, 94
Trd, 8639455.732, 115
Trd, 8639455.982, 130
Trd, 8639456.032, 109
Trd, 8639456.182, 84
Trd, 8639456.382, 79
Trd, 8639458.032, 61
Trd, 8639460.182, 67
Trd, 8639460.782, 109
Trd, 8639461.732, 127
Trd, 8639462.182, 114
Trd, 8639462.232, 88
Trd, 8639462.932, 74
Trd, 8639463.932, 80
Trd, 8639464.082, 62
Trd, 8639464.982, 92
Trd, 8639466.382, 66
Trd, 8639466.632, 64
Trd, 8639467.582, 127
Trd, 8639468.032, 98
Trd, 8639469.582, 138
Trd, 8639469.932, 132
Trd, 8639471.132, 137
Trd, 8639471.182, 128
Trd, 8639472.282, 106
Trd, 8639473.532, 122
Trd, 8639473.682, 84
Trd, 8639474.832, 122
Trd, 8639475.582, 117
Trd, 8639476.132, 91
Trd, 8639476.832, 136
Trd, 8639478.732, 97
Trd, 8639478.832, 88
Trd, 8639479.082, 92
Trd, 8639479.682, 98
Trd, 8639480.432, 101
Trd, 8639481.432, 80
Trd, 8639482.282, 130
Trd, 8639482.332, 92
Trd, 8639483.882, 115
Trd, 8639485.132, 123
Trd, 8639485.282, 98
Trd, 8639485.982, 67
Trd, 8639486.382, 88
Trd, 8639487.082, 140
Trd, 8639488.032, 100
Trd, 8639489.382, 123
Trd, 8639489.532, 117
Trd, 8639489.982, 105
Trd, 8639490.382, 90
Trd, 8639490.582, 120
Trd, 8639491.532, 66
Trd, 8639491.582, 82
Trd, 8639492.332, 93
Trd, 8639495.282, 102
Trd, 8639495.632, 83
Trd, 8639496.132, 137
Trd, 8639496.782, 113
Trd, 8639497.282, 110
Trd, 8639497.332, 66
Trd, 8639497.732, 60
Trd, 8639500.282, 96
Trd, 8639500.482, 73
Trd, 8639501.032, 107
Trd, 8639501.282, 94
Trd, 8639501.782, 128
Trd, 8639501.982, 112
Trd, 8639503.182, 119
Trd, 8639503.782, 80
Trd, 8639504.382, 98
Trd, 8639504.582, 97
Trd, 8639505.532, 91
Trd, 8639505.982, 96
Trd, 8639506.182, 89
Trd, 8639506.682, 70
Trd, 8639508.182, 135
Trd, 8639509.282, 80
Trd, 8639509.732, 87
Trd, 8639509.832, 105
Trd, 8639511.332, 81
Trd, 8639512.982, 128
Trd, 8639513.632, 112
Trd, 8639513.782, 99
Trd, 8639515.532, 133
Trd, 8639515.832, 132
Trd, 8639516.282, 108
Trd, 8639516.432, 103
Trd, 8639518.982, 131
Trd, 8639520.032, 125
Trd, 8639520.482, 123
Trd, 8639521.532, 116
Trd, 8639521.832, 113
Trd, 8639523.182, 78
Trd, 8639524.132, 97
Trd, 8639524.282, 94
Trd, 8639525.482, 109
Trd, 8639525.882, 85
Trd, 8639526.282, 121
Trd, 8639527.132, 120
Trd, 8639527.682, 107
Trd, 8639527.732, 104
Trd, 8639528.382, 72
Trd, 8639529.132, 61
Trd, 8639529.632, 73
Trd, 8639530.232, 92
Trd, 8639531.082, 66
Trd, 8639531.582, 110
Trd, 8639532.682, 68
Trd, 8639532.982, 88
Trd, 8639533.532, 81
Trd, 8639534.532, 116
Trd, 8639535.432, 129
Trd, 8639536.332, 129
Trd, 8639537.732, 137
Trd, 8639538.032, 103
Trd, 8639538.782, 83
Trd, 8639541.282, 104
Trd, 8639541.332, 103
Trd, 8639541.832, 121
Trd, 8639542.782, 95
Trd, 8639543.432, 104
Trd, 8639544.182, 114
Trd, 8639544.682, 111
Trd, 8639545.432, 84
Trd, 8639546.532, 60
Trd, 8639546.782, 68
Trd, 8639547.182, 81
Trd, 8639548.232, 70
Trd, 8639548.882, 112
Trd, 8639549.282, 113
Trd, 8639549.532, 107
Trd, 8639551.582, 136
Trd, 8639552.282, 106
Trd, 8639552.982, 86
Trd, 8639553.332, 97
Trd, 8639554.132, 126
Trd, 8639554.432, 111
Trd, 8639555.582, 128
Trd, 8639556.232, 113
Trd, 8639556.482, 99
Trd, 8639557.282, 106
Trd, 8639559.082, 89
Trd, 8639560.882, 138
Trd, 8639560.982, 130
Trd, 8639561.032, 123
Trd, 8639561.182, 115
Trd, 8639561.732, 95
Trd, 8639561.782, 97
Trd, 8639562.282, 96
Trd, 8639563.932, 89
Trd, 8639564.082, 66
Trd, 8639564.632, 89
Trd, 8639566.182, 81
Trd, 8639566.882, 69
Trd, 8639567.982, 129
Trd, 8639568.832, 123
Trd, 8639571.032, 98
Trd, 8639571.082, 108
Trd, 8639571.982, 122
Trd, 8639573.232, 138
Trd, 8639573.632, 120
Trd, 8639574.582, 118
Trd, 8639574.982, 137
Trd, 8639575.232, 117
Trd, 8639575.482, 109
Trd, 8639576.332, 78
Trd, 8639577.332, 85
Trd, 8639577.632, 65
Trd, 8639579.282, 133
Trd, 8639580.032, 119
Trd, 8639580.232, 116
Trd, 8639580.282, 112
Trd, 8639581.532, 110
Trd, 8639581.982, 121
Trd, 8639582.832, 133
Trd, 8639583.582, 81
Trd, 8639584.232, 68
Trd, 8639584.532, 69
Trd, 8639585.632, 77
Trd, 8639586.032, 90
Trd, 8639587.982, 134
Trd, 8639589.082, 136
Trd, 8639589.382, 104
Trd, 8639590.382, 135
Trd, 8639590.682, 122
Trd, 8639590.732, 114
Trd, 8639592.082, 97
Trd, 8639592.582, 106
Trd, 8639593.832, 134
Trd, 8639593.982, 82
Trd, 8639594.682, 105
Trd, 8639595.332, 120
Trd, 8639595.982, 113
Trd, 8639596.232, 105
Trd, 8639597.132, 112
Trd, 8639598.582, 114
Trd, 8639598.682, 113
Trd, 8639599.582, 74
Trd, 8639599.882, 74
Trd, 8639601.432, 125
Trd, 8639602.532, 120
Trd, 8639603.282, 132
Trd, 8639603.482, 133
Trd, 8639603.582, 119
Trd, 8639604.032, 115
Trd, 8639606.382, 125
Trd, 8639607.982, 137
Trd, 8639609.282, 108
Trd, 8639609.532, 104
Trd, 8639610.132, 100
Trd, 8639610.582, 120
Trd, 8639610.832, 98
Trd, 8639612.432, 109
Trd, 8639613.182, 103
Trd, 8639613.432, 110
Trd, 8639614.432, 89
Trd, 8639615.482, 120
Trd, 8639615.732, 110
Trd, 8639616.132, 127
Trd, 8639618.082, 139
Trd, 8639618.182, 127
Trd, 8639618.282, 121
Trd, 8639618.932, 129
Trd, 8639619.882, 115
Trd, 8639620.282, 114
Trd, 8639621.132, 94
Trd, 8639624.032, 102
Trd, 8639624.132, 109
Trd, 8639624.232, 121
Trd, 8639625.332, 120
Trd, 8639625.932, 135
Trd, 8639628.282, 130
Trd, 8639628.582, 128
Trd, 8639628.632, 121
Trd, 8639628.732, 95
Trd, 8639629.432, 98
Trd, 8639629.682, 68
Trd, 8639631.632, 82
Trd, 8639632.232, 64
Trd, 8639634.282, 110
Trd, 8639634.532, 103
Trd, 8639634.732, 93
Trd, 8639634.832, 98
Trd, 8639635.082, 91
Trd, 8639635.482, 86
Trd, 8639635.732, 112
Trd, 8639636.182, 87
Trd, 8639638.382, 139
Trd, 8639639.782, 129
Trd, 8639639.832, 125
Trd, 8639640.182, 122
Trd, 8639640.682, 108
Trd, 8639641.332, 111
Trd, 8639642.532, 118
Trd, 8639642.882, 116
Trd, 8639643.832, 95
Trd, 8639645.482, 134
Trd, 8639646.132, 102
Trd, 8639646.432, 99
Trd, 8639647.082, 111
Trd, 8639648.482, 124
Trd, 8639648.532, 116
Trd, 8639649.282, 96
Trd, 8639650.632, 90
Trd, 8639651.232, 96
Trd, 8639651.282, 100
Trd, 8639651.332, 90
Trd, 8639652.282, 126
Trd, 8639653.332, 140
Trd, 8639654.682, 134
Trd, 8639655.282, 128
Trd, 8639655.582, 84
Trd, 8639656.432, 118
Trd, 8639658.482, 130
Trd, 8639658.982, 115
Trd, 8639659.032, 96
Trd, 8639660.382, 131
Trd, 8639661.482, 108
Trd, 8639662.532, 128
Trd, 8639662.682, 104
Trd, 8639663.682, 139
Trd, 8639663.882, 131
Trd, 8639665.032, 103
Trd, 8639665.232, 124
Trd, 8639666.082, 97
Trd, 8639666.782, 96
Trd, 8639668.032, 96
Trd, 8639668.382, 123
Trd, 8639668.632, 113
Trd, 8639670.182, 111
Trd, 8639670.532, 101
Trd, 8639670.932, 87
Trd, 8639671.082, 132
Trd, 8639671.732, 90
Trd, 8639672.032, 125
Trd, 8639672.432, 82
Trd, 8639674.032, 99
Trd, 8639674.832, 82
Trd, 8639675.532, 124
Trd, 8639675.632, 101
Trd, 8639676.332, 85
Trd, 8639678.032, 125
Trd, 8639678.782, 138
Trd, 8639679.032, 115
Trd, 8639679.632, 105
Trd, 8639680.882, 123
Trd, 8639682.082, 116
Trd, 8639682.332, 109
Trd, 8639683.732, 105
Trd, 8639684.482, 132
Trd, 8639685.032, 128
Trd, 8639685.682, 140
Trd, 8639685.782, 130
Trd, 8639686.032, 106
Trd, 8639687.132, 75
Trd, 8639688.132, 103
Trd, 8639689.832, 113
Trd, 8639690.532, 137
Trd, 8639690.882, 84
Trd, 8639691.532, 87
Trd, 8639691.582, 82
Trd, 8639692.182, 99
Trd, 8639694.032, 97
Trd, 8639695.282, 102
Trd, 8639696.132, 137
Trd, 8639696.932, 135
Trd, 8639697.382, 106
Trd, 8639697.682, 101
Trd, 8639698.232, 133
Trd, 8639699.032, 122
Trd, 8639699.832, 115
Trd, 8639700.882, 131
Trd, 8639701.632, 120
Trd, 8639703.032, 125
Trd, 8639703.082, 114
Trd, 8639703.332, 104
Trd, 8639704.232, 93
Trd, 8639704.632, 69
Trd, 8639705.532, 77
Trd, 8639706.982, 102
Trd, 8639707.182, 86
Trd, 8639707.532, 89
Trd, 8639708.232, 105
Trd, 8639708.332, 64
Trd, 8639708.782, 77
Trd, 8639709.582, 61
Trd, 8639710.382, 127
Trd, 8639711.232, 92
Trd, 8639712.182, 65
Trd, 8639713.132, 76
Trd, 8639714.782, 86
Trd, 8639714.982, 110
Trd, 8639715.282, 72
Trd, 8639715.532, 66
Trd, 8639715.832, 106
Trd, 8639716.032, 90
Trd, 8639717.032, 84
Trd, 8639717.382, 135
Trd, 8639718.532, 133
Trd, 8639719.532, 105
Trd, 8639720.382, 83
Trd, 8639721.782, 87
Trd, 8639723.532, 107
Trd, 8639723.982, 111
Trd, 8639724.132, 76
Trd, 8639724.332, 75
Trd, 8639724.882, 83
Trd, 8639725.732, 112
Trd, 8639726.632, 60
Trd, 8639727.132, 61
Trd, 8639727.282, 87
Trd, 8639728.532, 69
Trd, 8639728.732, 75
Trd, 8639729.332, 124
Trd, 8639729.732, 116
Trd, 8639731.082, 128
Trd, 8639731.282, 119
Trd, 8639731.332, 111
Trd, 8639733.082, 106
Trd, 8639733.332, 140
Trd, 8639733.832, 91
Trd, 8639734.582, 80
Trd, 8639736.532, 107
Trd, 8639736.582, 102
Trd, 8639737.082, 135
Trd, 8639737.282, 136
Trd, 8639737.582, 120
Trd, 8639738.082, 72
Trd, 8639739.082, 107
Trd, 8639740.032, 107
Trd, 8639740.232, 120
Trd, 8639742.582, 84
Trd, 8639742.632, 95
Trd, 8639743.132, 64
Trd, 8639743.332, 71
Trd, 8639744.032, 140
Trd, 8639744.632, 75
Trd, 8639746.582, 82
Trd, 8639747.282, 71
Trd, 8639747.332, 78
Trd, 8639748.482, 66
Trd, 8639749.282, 62
Trd, 8639749.382, 94
Trd, 8639749.882, 101
Trd, 8639750.682, 132
Trd, 8639751.232, 60
Trd, 8639751.682, 89
Trd, 8639752.232, 70
Trd, 8639752.882, 100
Trd, 8639754.182, 110
Trd, 8639755.232, 109
Trd, 8639756.382, 101
Trd, 8639757.032, 89
Trd, 8639758.082, 124
Trd, 8639758.982, 90
Trd, 8639759.932, 135
Trd, 8639762.032, 137
Trd, 8639762.432, 110
Trd, 8639762.532, 92
Trd, 8639762.832, 123
Trd, 8639763.782, 126
Trd, 8639764.832, 124
Trd, 8639765.282, 99
Trd, 8639765.832, 88
Trd, 8639767.232, 118
Trd, 8639767.382, 123
Trd, 8639767.482, 81
Trd, 8639769.082, 113
Trd, 8639770.582, 129
Trd, 8639771.482, 129
Trd, 8639772.632, 128
Trd, 8639773.232, 123
Trd, 8639773.582, 88
Trd, 8639774.932, 133
Trd, 8639775.432, 72
Trd, 8639776.832, 125
Trd, 8639777.132, 119
Trd, 8639777.582, 112
Trd, 8639777.982, 117
Trd, 8639778.582, 124
Trd, 8639778.682, 116
Trd, 8639779.282, 62
Trd, 8639779.482, 107
Trd, 8639780.182, 121
Trd, 8639782.132, 139
Trd, 8639782.632, 113
Trd, 8639782.682, 111
Trd, 8639784.282, 95
Trd, 8639785.832, 106
Trd, 8639786.582, 94
Trd, 8639787.282, 85
Trd, 8639787.632, 97
Trd, 8639788.582, 99
Trd, 8639790.582, 115
Trd, 8639790.782, 128
Trd, 8639793.482, 104
Trd, 8639793.932, 115
Trd, 8639794.082, 72
Trd, 8639795.982, 81
Trd, 8639796.182, 102
Trd, 8639796.882, 95
Trd, 8639798.582, 112
Trd, 8639798.932, 118
Trd, 8639799.582, 98
Trd, 8639799.782, 109
Trd, 8639800.282, 109
Trd, 8639800.632, 80
Trd, 8639801.482, 81
Trd, 8639802.532, 95
Trd, 8639803.032, 91
Trd, 8639803.982, 140
Trd, 8639804.332, 128
Trd, 8639804.982, 109
Trd, 8639805.032, 98
Trd, 8639807.032, 77
Trd, 8639807.682, 136
Trd, 8639808.082, 136
Trd, 8639809.882, 131
Trd, 8639811.282, 109
Trd, 8639811.382, 109
Trd, 8639811.482, 116
Trd, 8639812.532, 89
Trd, 8639814.832, 136
Trd, 8639814.882, 112
Trd, 8639815.082, 107
Trd, 8639816.982, 93
Trd, 8639817.032, 106
Trd, 8639818.482, 135
Trd, 8639819.582, 116
Trd, 8639820.632, 116
Trd, 8639821.082, 123
Trd, 8639821.832, 120
Trd, 8639821.982, 118
Trd, 8639822.082, 112
Trd, 8639822.482, 127
Trd, 8639823.332, 127
Trd, 8639824.132, 124
Trd, 8639824.682, 117
Trd, 8639824.782, 116
Trd, 8639824.932, 125
Trd, 8639825.032, 108
Trd, 8639825.382, 92
Trd, 8639826.732, 110
Trd, 8639828.432, 132
Trd, 8639830.032, 128
Trd, 8639830.432, 127
Trd, 8639831.182, 117
Trd, 8639831.582, 81
Trd, 8639831.932, 92
Trd, 8639832.432, 82
Trd, 8639833.082, 80
Trd, 8639833.982, 81
Trd, 8639834.432, 88
Trd, 8639834.932, 138
Trd, 8639837.032, 133
Trd, 8639837.232, 110
Trd, 8639838.232, 131
Trd, 8639838.632, 127
Trd, 8639839.032, 107
Trd, 8639839.582, 109
Trd, 8639839.732, 122
Trd, 8639841.132, 131
Trd, 8639841.832, 123
Trd, 8639843.832, 132
Trd, 8639844.082, 104
Trd, 8639845.132, 115
Trd, 8639845.532, 83
Trd, 8639845.582, 100
Trd, 8639845.882, 77
Trd, 8639847.532, 100
Trd, 8639848.582, 88
Trd, 8639848.732, 87
Trd, 8639850.582, 86
Trd, 8639850.982, 105
Trd, 8639851.582, 92
Trd, 8639852.832, 124
Trd, 8639853.132, 84
Trd, 8639854.682, 107
Trd, 8639854.832, 101
Trd, 8639854.882, 114
Trd, 8639855.132, 135
Trd, 8639856.082, 94
Trd, 8639856.482, 95
Trd, 8639857.082, 108
Trd, 8639858.532, 66
Trd, 8639859.082, 75
Trd, 8639859.282, 69
Trd, 8639859.732, 81
Trd, 8639859.932, 70
Trd, 8639860.832, 73
Trd, 8639861.032, 66
Trd, 8639861.782, 67
Trd, 8639863.032, 125
Trd, 8639863.382, 114
Trd, 8639863.832, 131
Trd, 8639864.232, 131
Trd, 8639864.532, 93
Trd, 8639866.332, 113
Trd, 8639867.132, 108
Trd, 8639867.532, 99
Trd, 8639868.132, 126
Trd, 8639869.082, 127
Trd, 8639869.332, 110
Trd, 8639872.432, 114
Trd, 8639873.182, 109
Trd, 8639873.382, 98
Trd, 8639873.932, 102
Trd, 8639874.682, 111
Trd, 8639875.332, 108
Trd, 8639877.082, 138
Trd, 8639880.232, 122
Trd, 8639880.632, 124
Trd, 8639880.682, 122
Trd, 8639880.882, 117
Trd, 8639880.982, 85
Trd, 8639881.182, 84
Trd, 8639882.382, 137
Trd, 8639883.832, 113
Trd, 8639884.532, 95
Trd, 8639884.932, 73
Trd, 8639885.282, 112
Trd, 8639885.482, 97
Trd, 8639886.632, 137
Trd, 8639889.482, 120
Trd, 8639889.732, 125
Trd, 8639889.782, 99
Trd, 8639890.182, 139
Trd, 8639890.782, 99
Trd, 8639891.732, 83
Trd, 8639892.182, 82
Trd, 8639892.682, 122
Trd, 8639893.182, 119
Trd, 8639893.232, 117
Trd, 8639893.582, 62
Trd, 8639896.482, 120
Trd, 8639896.932, 114
Trd, 8639898.132, 125
Trd, 8639898.582, 116
Trd, 8639899.032, 106
Trd, 8639899.482, 126
Trd, 8639900.032, 108
Trd, 8639900.682, 103
Trd, 8639904.232, 133
Trd, 8639904.282, 81
Trd, 8639904.732, 127
Trd, 8639905.082, 115
Trd, 8639905.882, 115
Trd, 8639906.682, 129
Trd, 8639907.732, 85
Trd, 8639907.832, 108
Trd, 8639908.132, 130
Trd, 8639909.332, 139
Trd, 8639910.832, 108
Trd, 8639911.432, 107
Trd, 8639911.682, 128
Trd, 8639912.582, 124
Trd, 8639912.732, 121
Trd, 8639913.182, 106
Trd, 8639913.532, 95
Trd, 8639915.682, 97
Trd, 8639917.132, 128
Trd, 8639917.332, 114
Trd, 8639917.632, 131
Trd, 8639918.382, 93
Trd, 8639918.832, 95
Trd, 8639919.432, 97
Trd, 8639920.032, 127
Trd, 8639920.382, 124
Trd, 8639920.632, 91
Trd, 8639921.732, 62
Trd, 8639923.932, 97
Trd, 8639924.232, 103
Trd, 8639924.782, 121
Trd, 8639924.882, 117
Trd, 8639925.032, 73
Trd, 8639925.982, 60
Trd, 8639927.182, 81
Trd, 8639929.482, 75
Trd, 8639930.632, 99
Trd, 8639930.832, 82
Trd, 8639931.482, 82
Trd, 8639931.882, 97
Trd, 8639932.432, 77
Trd, 8639932.682, 115
Trd, 8639933.382, 97
Trd, 8639933.732, 87
Trd, 8639934.482, 109
Trd, 8639935.082, 114
Trd, 8639935.332, 140
Trd, 8639935.882, 99
Trd, 8639937.282, 85
Trd, 8639937.482, 102
Trd, 8639938.082, 111
Trd, 8639938.832, 125
Trd, 8639940.182, 110
Trd, 8639941.232, 121
Trd, 8639941.532, 119
Trd, 8639941.632, 110
Trd, 8639942.582, 135
Trd, 8639943.382, 109
Trd, 8639943.732, 130
Trd, 8639944.582, 101
Trd, 8639945.282, 120
Trd, 8639945.782, 124
Trd, 8639946.532, 136
Trd, 8639946.982, 101
Trd, 8639948.032, 129
Trd, 8639948.882, 113
Trd, 8639949.982, 103
Trd, 8639950.732, 84
Trd, 8639950.832, 76
Trd, 8639950.932, 86
Trd, 8639953.532, 135
Trd, 8639953.682, 128
Trd, 8639954.332, 124
Trd, 8639955.332, 137
Trd, 8639955.782, 115
Trd, 8639956.082, 113
Trd, 8639958.032, 138
Trd, 8639958.132, 116
Trd, 8639958.282, 105
Trd, 8639958.882, 124
Trd, 8639959.082, 100
Trd, 8639961.132, 128
Trd, 8639961.632, 119
Trd, 8639962.182, 125
Trd, 8639963.132, 109
Trd, 8639964.082, 111
Trd, 8639964.332, 83
Trd, 8639964.732, 110
Trd, 8639966.682, 126
Trd, 8639967.282, 107
Trd, 8639967.882, 80
Trd, 8639968.332, 134
Trd, 8639969.282, 94
Trd, 8639969.932, 79
Trd, 8639970.632, 114
Trd, 8639971.932, 85
Trd, 8639973.032, 103
Trd, 8639973.732, 119
Trd, 8639974.132, 121
Trd, 8639974.582, 79
Trd, 8639976.282, 100
Trd, 8639977.082, 94
Trd, 8639977.532, 114
Trd, 8639977.782, 110
Trd, 8639978.882, 87
Trd, 8639980.282, 95
Trd, 8639980.732, 61
Trd, 8639981.632, 105
Trd, 8639983.482, 106
Trd, 8639983.982, 102
Trd, 8639984.282, 98
Trd, 8639984.782, 88
Trd, 8639987.382, 126
Trd, 8639987.432, 78
Trd, 8639987.482, 76
Trd, 8639987.832, 133
Trd, 8639988.782, 118
Trd, 8639989.182, 93
Trd, 8639989.682, 106
Trd, 8639991.032, 86
Trd, 8639991.782, 136
Trd, 8639992.232, 80
Trd, 8639992.832, 83
Trd, 8639994.032, 79
Trd, 8639994.432, 76
Trd, 8639994.882, 107
Trd, 8639995.582, 133
Trd, 8639996.032, 121
Trd, 8639996.432, 114
Trd, 8639997.432, 111
Trd, 8639997.982, 118
Trd, 8639999.132, 138
Trd, 8639999.882, 131
Trd, 8639999.932, 96
