Trd, 8638137.232, 122
Trd, 8638137.332, 102
Trd, 8638137.482, 99
Trd, 8638137.632, 77
Trd, 8638138.182, 81
Trd, 8638139.432, 81
Trd, 8638139.982, 93
Trd, 8638140.232, 111
Trd, 8638140.932, 96
Trd, 8638141.382, 88
Trd, 8638142.482, 110
Trd, 8638142.932, 100
Trd, 8638143.032, 107
Trd, 8638143.132, 90
Trd, 8638143.982, 85
Trd, 8638144.682, 84
Trd, 8638145.482, 93
Trd, 8638146.432, 95
Trd, 8638147.982, 120
Trd, 8638148.382, 122
Trd, 8638149.032, 136
Trd, 8638149.082, 104
Trd, 8638149.432, 103
Trd, 8638149.932, 90
Trd, 8638150.982, 117
Trd, 8638151.582, 88
Trd, 8638152.232, 72
Trd, 8638152.382, 70
Trd, 8638153.782, 134
Trd, 8638154.282, 136
Trd, 8638154.832, 134
Trd, 8638155.082, 135
Trd, 8638155.582, 102
Trd, 8638155.982, 103
Trd, 8638156.282, 133
Trd, 8638156.432, 101
Trd, 8638159.182, 105
Trd, 8638159.832, 111
Trd, 8638160.432, 68
Trd, 8638161.632, 93
Trd, 8638162.032, 92
Trd, 8638162.932, 118
Trd, 8638164.482, 137
Trd, 8638165.532, 91
Trd, 8638165.732, 90
Trd, 8638167.332, 130
Trd, 8638167.482, 106
Trd, 8638167.732, 105
Trd, 8638168.332, 81
Trd, 8638168.532, 80
Trd, 8638168.782, 75
Trd, 8638168.932, 98
Trd, 8638169.382, 62
Trd, 8638169.682, 66
Trd, 8638170.782, 71
Trd, 8638171.382, 81
Trd, 8638172.082, 95
Trd, 8638172.332, 79
Trd, 8638173.832, 61
Trd, 8638174.682, 66
Trd, 8638175.582, 75
Trd, 8638176.682, 85
Trd, 8638178.082, 101
Trd, 8638178.532, 77
Trd, 8638178.582, 120
Trd, 8638180.232, 77
Trd, 8638180.432, 116
Trd, 8638180.482, 115
Trd, 8638181.632, 74
Trd, 8638181.982, 87
Trd, 8638182.782, 86
Trd, 8638182.932, 67
Trd, 8638183.232, 118
Trd, 8638185.732, 119
Trd, 8638186.832, 120
Trd, 8638187.532, 104
Trd, 8638187.982, 88
Trd, 8638188.132, 87
Trd, 8638189.282, 72
Trd, 8638190.932, 85
Trd, 8638191.432, 105
Trd, 8638192.182, 75
Trd, 8638193.082, 101
Trd, 8638193.532, 97
Trd, 8638193.582, 95
Trd, 8638193.932, 77
Trd, 8638194.482, 103
Trd, 8638195.532, 105
Trd, 8638196.182, 103
Trd, 8638197.032, 68
Trd, 8638197.732, 76
Trd, 8638197.982, 125
Trd, 8638198.132, 112
Trd, 8638199.382, 66
Trd, 8638200.132, 130
Trd, 8638200.432, 119
Trd, 8638202.382, 122
Trd, 8638202.632, 109
Trd, 8638203.282, 119
Trd, 8638203.632, 119
Trd, 8638204.082, 84
Trd, 8638204.932, 98
Trd, 8638204.982, 87
Trd, 8638205.732, 86
Trd, 8638206.682, 128
Trd, 8638206.832, 107
Trd, 8638209.382, 109
Trd, 8638209.432, 107
Trd, 8638209.582, 90
Trd, 8638209.932, 74
Trd, 8638210.132, 73
Trd, 8638211.232, 106
Trd, 8638211.632, 106
Trd, 8638211.832, 94
Trd, 8638212.332, 130
Trd, 8638212.682, 88
Trd, 8638213.432, 75
Trd, 8638213.632, 68
Trd, 8638214.232, 73
Trd, 8638214.582, 69
Trd, 8638215.382, 73
Trd, 8638216.082, 127
Trd, 8638217.282, 62
Trd, 8638217.882, 126
Trd, 8638218.682, 108
Trd, 8638220.332, 112
Trd, 8638221.032, 111
Trd, 8638221.232, 106
Trd, 8638221.582, 116
Trd, 8638221.732, 105
Trd, 8638221.982, 91
Trd, 8638224.232, 125
Trd, 8638225.182, 124
Trd, 8638226.182, 112
Trd, 8638226.582, 88
Trd, 8638227.232, 73
Trd, 8638227.632, 98
Trd, 8638227.982, 117
Trd, 8638228.432, 140
Trd, 8638230.182, 139
Trd, 8638230.282, 115
Trd, 8638230.782, 114
Trd, 8638232.032, 130
Trd, 8638233.032, 130
Trd, 8638233.582, 101
Trd, 8638234.632, 115
Trd, 8638235.032, 100
Trd, 8638235.282, 95
Trd, 8638236.432, 123
Trd, 8638236.832, 96
Trd, 8638237.882, 90
Trd, 8638238.832, 132
Trd, 8638239.282, 98
Trd, 8638240.682, 136
Trd, 8638241.182, 120
Trd, 8638241.332, 97
Trd, 8638242.132, 91
Trd, 8638242.282, 84
Trd, 8638243.782, 67
Trd, 8638244.482, 68
Trd, 8638244.732, 71
Trd, 8638244.882, 86
Trd, 8638245.532, 85
Trd, 8638245.732, 84
Trd, 8638245.982, 107
Trd, 8638246.332, 77
Trd, 8638247.832, 67
Trd, 8638248.632, 117
Trd, 8638249.332, 65
Trd, 8638249.482, 139
Trd, 8638250.782, 87
Trd, 8638250.882, 74
Trd, 8638252.532, 72
Trd, 8638253.282, 99
Trd, 8638255.082, 110
Trd, 8638255.232, 118
Trd, 8638256.932, 112
Trd, 8638257.582, 101
Trd, 8638258.282, 73
Trd, 8638259.132, 99
Trd, 8638259.182, 86
Trd, 8638260.382, 84
Trd, 8638260.532, 63
Trd, 8638261.832, 116
Trd, 8638262.932, 72
Trd, 8638263.332, 97
Trd, 8638265.782, 110
Trd, 8638265.882, 102
Trd, 8638267.382, 79
Trd, 8638267.432, 74
Trd, 8638267.882, 134
Trd, 8638268.082, 63
Trd, 8638268.482, 80
Trd, 8638268.982, 66
Trd, 8638271.682, 106
Trd, 8638271.882, 63
Trd, 8638272.282, 122
Trd, 8638272.332, 111
Trd, 8638272.382, 109
Trd, 8638273.232, 65
Trd, 8638275.682, 75
Trd, 8638276.332, 107
Trd, 8638276.782, 88
Trd, 8638278.632, 107
Trd, 8638279.382, 101
Trd, 8638280.132, 95
Trd, 8638280.232, 88
Trd, 8638281.282, 110
Trd, 8638281.882, 131
Trd, 8638283.432, 89
Trd, 8638283.732, 115
Trd, 8638284.932, 118
Trd, 8638285.382, 125
Trd, 8638285.732, 87
Trd, 8638286.232, 126
Trd, 8638287.432, 94
Trd, 8638287.682, 94
Trd, 8638288.482, 76
Trd, 8638288.582, 73
Trd, 8638289.432, 84
Trd, 8638289.632, 116
Trd, 8638290.032, 92
Trd, 8638291.082, 91
Trd, 8638292.582, 77
Trd, 8638293.082, 62
Trd, 8638293.282, 102
Trd, 8638293.532, 87
Trd, 8638293.782, 82
Trd, 8638296.182, 63
Trd, 8638297.032, 96
Trd, 8638298.432, 128
Trd, 8638299.282, 74
Trd, 8638299.882, 101
Trd, 8638301.282, 94
Trd, 8638301.782, 92
Trd, 8638302.432, 129
Trd, 8638303.282, 135
Trd, 8638303.482, 130
Trd, 8638303.532, 129
Trd, 8638303.682, 101
Trd, 8638305.282, 62
Trd, 8638306.232, 81
Trd, 8638307.032, 60
Trd, 8638307.332, 85
Trd, 8638308.082, 76
Trd, 8638309.732, 60
Trd, 8638310.132, 60
Trd, 8638311.032, 97
Trd, 8638311.782, 75
Trd, 8638311.832, 74
Trd, 8638313.032, 89
Trd, 8638313.282, 123
Trd, 8638314.032, 122
Trd, 8638315.782, 126
Trd, 8638316.582, 130
Trd, 8638317.382, 129
Trd, 8638317.982, 129
Trd, 8638318.332, 113
Trd, 8638319.832, 134
Trd, 8638320.082, 101
Trd, 8638320.132, 93
Trd, 8638321.082, 113
Trd, 8638321.982, 125
Trd, 8638322.682, 120
Trd, 8638323.332, 108
Trd, 8638323.732, 103
Trd, 8638323.982, 101
Trd, 8638324.432, 115
Trd, 8638324.782, 95
Trd, 8638325.132, 81
Trd, 8638326.932, 99
Trd, 8638327.582, 84
Trd, 8638328.932, 91
Trd, 8638329.282, 74
Trd, 8638329.432, 116
Trd, 8638329.732, 67
Trd, 8638329.882, 99
Trd, 8638330.732, 80
Trd, 8638331.882, 99
Trd, 8638331.932, 63
Trd, 8638333.232, 96
Trd, 8638334.332, 95
Trd, 8638334.532, 95
Trd, 8638334.882, 93
Trd, 8638335.282, 76
Trd, 8638336.132, 84
Trd, 8638336.482, 70
Trd, 8638336.632, 119
Trd, 8638338.082, 100
Trd, 8638338.432, 110
Trd, 8638339.332, 114
Trd, 8638340.182, 122
Trd, 8638342.482, 103
Trd, 8638343.382, 94
Trd, 8638343.782, 100
Trd, 8638344.682, 120
Trd, 8638345.282, 121
Trd, 8638345.532, 120
Trd, 8638346.032, 84
Trd, 8638347.132, 68
Trd, 8638347.182, 77
Trd, 8638347.782, 87
Trd, 8638347.882, 82
Trd, 8638348.082, 133
Trd, 8638348.132, 77
Trd, 8638349.982, 103
Trd, 8638350.382, 99
Trd, 8638350.682, 91
Trd, 8638351.582, 72
Trd, 8638352.782, 62
Trd, 8638354.732, 124
Trd, 8638354.832, 99
Trd, 8638354.982, 99
Trd, 8638355.282, 92
Trd, 8638355.382, 101
Trd, 8638356.132, 86
Trd, 8638357.982, 114
Trd, 8638358.882, 95
Trd, 8638358.932, 85
Trd, 8638359.232, 115
Trd, 8638360.482, 85
Trd, 8638361.032, 61
Trd, 8638361.082, 66
Trd, 8638361.182, 115
Trd, 8638361.582, 89
Trd, 8638361.632, 89
Trd, 8638362.232, 79
Trd, 8638363.182, 99
Trd, 8638364.782, 67
Trd, 8638365.782, 70
Trd, 8638365.982, 93
Trd, 8638367.282, 113
Trd, 8638367.332, 76
Trd, 8638367.932, 90
Trd, 8638368.232, 86
Trd, 8638369.132, 95
Trd, 8638370.132, 102
Trd, 8638370.432, 130
Trd, 8638370.632, 123
Trd, 8638371.732, 72
Trd, 8638372.332, 79
Trd, 8638373.282, 87
Trd, 8638374.832, 86
Trd, 8638375.232, 99
Trd, 8638375.282, 85
Trd, 8638375.632, 120
Trd, 8638376.482, 114
Trd, 8638377.132, 90
Trd, 8638377.932, 133
Trd, 8638378.582, 66
Trd, 8638378.932, 118
Trd, 8638380.882, 103
Trd, 8638381.032, 93
Trd, 8638381.332, 127
Trd, 8638382.032, 105
Trd, 8638382.882, 129
Trd, 8638383.882, 81
Trd, 8638384.682, 82
Trd, 8638385.432, 80
Trd, 8638385.532, 74
Trd, 8638385.782, 87
Trd, 8638386.482, 62
Trd, 8638387.232, 79
Trd, 8638388.582, 104
Trd, 8638388.882, 121
Trd, 8638389.632, 121
Trd, 8638390.532, 107
Trd, 8638390.782, 114
Trd, 8638390.832, 97
Trd, 8638392.032, 133
Trd, 8638393.182, 100
Trd, 8638393.682, 97
Trd, 8638394.432, 97
Trd, 8638394.732, 91
Trd, 8638394.782, 92
Trd, 8638394.832, 84
Trd, 8638395.832, 77
Trd, 8638396.782, 85
Trd, 8638397.382, 88
Trd, 8638399.282, 94
Trd, 8638399.882, 94
Trd, 8638400.132, 105
Trd, 8638400.182, 81
Trd, 8638400.282, 72
Trd, 8638402.032, 124
Trd, 8638402.232, 123
Trd, 8638403.132, 123
Trd, 8638403.482, 117
Trd, 8638403.982, 73
Trd, 8638404.182, 85
Trd, 8638404.682, 74
Trd, 8638405.282, 76
Trd, 8638405.582, 126
Trd, 8638408.132, 111
Trd, 8638408.382, 90
Trd, 8638408.732, 90
Trd, 8638409.232, 111
Trd, 8638409.982, 104
Trd, 8638410.232, 129
Trd, 8638410.782, 76
Trd, 8638411.632, 126
Trd, 8638412.232, 129
Trd, 8638412.332, 126
Trd, 8638412.482, 85
Trd, 8638414.082, 100
Trd, 8638415.482, 101
Trd, 8638415.632, 100
Trd, 8638415.932, 104
Trd, 8638417.232, 73
Trd, 8638417.282, 88
Trd, 8638417.732, 62
Trd, 8638417.882, 86
Trd, 8638419.782, 125
Trd, 8638420.882, 136
Trd, 8638420.982, 118
Trd, 8638421.332, 115
Trd, 8638422.332, 65
Trd, 8638424.132, 70
Trd, 8638424.532, 66
Trd, 8638425.132, 117
Trd, 8638425.482, 72
Trd, 8638425.632, 61
Trd, 8638425.982, 66
Trd, 8638426.582, 74
Trd, 8638427.282, 77
Trd, 8638428.632, 120
Trd, 8638429.132, 105
Trd, 8638429.882, 104
Trd, 8638430.132, 121
Trd, 8638430.282, 77
Trd, 8638431.582, 76
Trd, 8638432.282, 123
Trd, 8638433.282, 123
Trd, 8638434.082, 112
Trd, 8638434.482, 103
Trd, 8638434.582, 89
Trd, 8638434.982, 87
Trd, 8638435.432, 66
Trd, 8638435.932, 87
Trd, 8638437.632, 111
Trd, 8638439.182, 116
Trd, 8638440.682, 79
Trd, 8638440.832, 83
Trd, 8638442.282, 68
Trd, 8638442.382, 119
Trd, 8638443.782, 117
Trd, 8638443.932, 87
Trd, 8638444.432, 140
Trd, 8638445.332, 139
Trd, 8638447.432, 119
Trd, 8638448.032, 114
Trd, 8638448.432, 114
Trd, 8638448.832, 113
Trd, 8638449.432, 99
Trd, 8638449.932, 94
Trd, 8638450.732, 112
Trd, 8638450.832, 84
Trd, 8638450.882, 75
Trd, 8638452.382, 122
Trd, 8638453.482, 121
Trd, 8638454.532, 106
Trd, 8638454.632, 97
Trd, 8638454.982, 125
Trd, 8638455.632, 115
Trd, 8638455.982, 93
Trd, 8638456.782, 67
Trd, 8638458.182, 118
Trd, 8638458.582, 114
Trd, 8638459.482, 96
Trd, 8638459.982, 84
Trd, 8638460.132, 72
Trd, 8638461.532, 68
Trd, 8638462.682, 88
Trd, 8638463.182, 85
Trd, 8638464.232, 80
Trd, 8638464.282, 74
Trd, 8638464.982, 101
Trd, 8638465.582, 131
Trd, 8638466.032, 110
Trd, 8638466.082, 95
Trd, 8638467.032, 118
Trd, 8638467.082, 86
Trd, 8638467.432, 74
Trd, 8638468.582, 85
Trd, 8638469.632, 105
Trd, 8638470.232, 119
Trd, 8638471.182, 123
Trd, 8638473.232, 97
Trd, 8638473.732, 97
Trd, 8638473.882, 99
Trd, 8638474.432, 84
Trd, 8638475.832, 66
Trd, 8638476.432, 90
Trd, 8638477.432, 61
Trd, 8638478.282, 122
Trd, 8638478.532, 121
Trd, 8638479.282, 92
Trd, 8638479.582, 109
Trd, 8638480.182, 106
Trd, 8638480.382, 105
Trd, 8638480.982, 71
Trd, 8638482.232, 63
Trd, 8638482.532, 61
Trd, 8638484.232, 71
Trd, 8638485.032, 60
Trd, 8638485.232, 64
Trd, 8638485.282, 67
Trd, 8638486.432, 68
Trd, 8638487.532, 96
Trd, 8638489.032, 124
Trd, 8638489.832, 123
Trd, 8638489.882, 123
Trd, 8638490.832, 107
Trd, 8638491.182, 106
Trd, 8638491.382, 105
Trd, 8638491.532, 111
Trd, 8638491.932, 91
Trd, 8638492.382, 104
Trd, 8638494.382, 88
Trd, 8638494.682, 76
Trd, 8638495.032, 66
Trd, 8638496.132, 111
Trd, 8638496.632, 81
Trd, 8638497.232, 79
Trd, 8638497.882, 102
Trd, 8638498.882, 127
Trd, 8638499.832, 128
Trd, 8638500.232, 105
Trd, 8638501.382, 107
Trd, 8638501.932, 96
Trd, 8638503.632, 95
Trd, 8638504.132, 92
Trd, 8638504.232, 88
Trd, 8638504.982, 85
Trd, 8638505.082, 66
Trd, 8638505.982, 70
Trd, 8638507.982, 103
Trd, 8638509.382, 104
Trd, 8638509.632, 116
Trd, 8638509.882, 115
Trd, 8638510.332, 103
Trd, 8638510.732, 102
Trd, 8638510.882, 104
Trd, 8638510.982, 98
Trd, 8638511.082, 97
Trd, 8638511.832, 86
Trd, 8638512.182, 86
Trd, 8638512.982, 75
Trd, 8638515.132, 79
Trd, 8638515.882, 93
Trd, 8638516.982, 79
Trd, 8638517.782, 91
Trd, 8638518.432, 73
Trd, 8638519.532, 93
Trd, 8638520.232, 76
Trd, 8638520.382, 74
Trd, 8638521.982, 114
Trd, 8638522.082, 109
Trd, 8638523.232, 118
Trd, 8638523.382, 97
Trd, 8638523.582, 82
Trd, 8638523.632, 72
Trd, 8638524.732, 81
Trd, 8638525.932, 102
Trd, 8638526.482, 113
Trd, 8638527.782, 114
Trd, 8638528.132, 96
Trd, 8638528.432, 96
Trd, 8638529.682, 102
Trd, 8638530.832, 122
Trd, 8638530.982, 89
Trd, 8638531.332, 137
Trd, 8638531.882, 84
Trd, 8638532.882, 124
Trd, 8638533.232, 116
Trd, 8638533.632, 129
Trd, 8638534.382, 109
Trd, 8638534.832, 97
Trd, 8638536.182, 89
Trd, 8638536.482, 88
Trd, 8638537.682, 110
Trd, 8638538.682, 76
Trd, 8638538.782, 122
Trd, 8638540.532, 80
Trd, 8638541.032, 61
Trd, 8638542.332, 95
Trd, 8638542.782, 121
Trd, 8638543.982, 104
Trd, 8638544.082, 108
Trd, 8638544.332, 103
Trd, 8638545.332, 113
Trd, 8638545.882, 82
Trd, 8638546.482, 134
Trd, 8638549.182, 140
Trd, 8638549.382, 134
Trd, 8638549.782, 110
Trd, 8638550.182, 74
Trd, 8638550.932, 90
Trd, 8638551.232, 89
Trd, 8638552.182, 73
Trd, 8638553.282, 67
Trd, 8638554.032, 68
Trd, 8638554.232, 61
Trd, 8638554.882, 86
Trd, 8638554.982, 91
Trd, 8638557.182, 70
Trd, 8638557.232, 69
Trd, 8638558.282, 69
Trd, 8638558.682, 99
Trd, 8638559.282, 93
Trd, 8638559.432, 73
Trd, 8638559.782, 134
Trd, 8638560.232, 113
Trd, 8638560.482, 107
Trd, 8638561.432, 96
Trd, 8638563.182, 67
Trd, 8638564.932, 64
Trd, 8638565.632, 131
Trd, 8638567.082, 108
Trd, 8638567.182, 98
Trd, 8638567.932, 112
Trd, 8638568.532, 96
Trd, 8638570.182, 78
Trd, 8638570.282, 73
Trd, 8638570.632, 90
Trd, 8638571.032, 76
Trd, 8638571.982, 109
Trd, 8638572.732, 120
Trd, 8638573.782, 124
Trd, 8638573.832, 123
Trd, 8638575.532, 101
Trd, 8638575.782, 113
Trd, 8638576.232, 98
Trd, 8638577.082, 118
Trd, 8638578.382, 121
Trd, 8638578.982, 86
Trd, 8638579.032, 98
Trd, 8638581.932, 109
Trd, 8638582.382, 109
Trd, 8638582.832, 128
Trd, 8638582.982, 133
Trd, 8638583.182, 94
Trd, 8638583.932, 88
Trd, 8638584.232, 86
Trd, 8638584.882, 103
Trd, 8638585.332, 92
Trd, 8638586.182, 74
Trd, 8638586.832, 100
Trd, 8638587.432, 111
Trd, 8638588.982, 105
Trd, 8638590.282, 122
Trd, 8638591.282, 118
Trd, 8638591.382, 104
Trd, 8638591.782, 91
Trd, 8638592.232, 112
Trd, 8638592.332, 112
Trd, 8638592.432, 82
Trd, 8638593.332, 114
Trd, 8638593.382, 113
Trd, 8638593.982, 134
Trd, 8638595.582, 108
Trd, 8638595.632, 92
Trd, 8638598.282, 117
Trd, 8638599.082, 101
Trd, 8638599.532, 65
Trd, 8638599.682, 100
Trd, 8638602.132, 128
Trd, 8638602.832, 96
Trd, 8638602.982, 94
Trd, 8638603.232, 84
Trd, 8638604.182, 110
Trd, 8638605.082, 86
Trd, 8638606.482, 113
Trd, 8638606.682, 112
Trd, 8638606.932, 76
Trd, 8638607.282, 131
Trd, 8638608.032, 103
Trd, 8638608.232, 88
Trd, 8638609.282, 133
Trd, 8638609.582, 132
Trd, 8638609.832, 132
Trd, 8638610.032, 127
Trd, 8638611.682, 101
Trd, 8638612.332, 110
Trd, 8638613.182, 111
Trd, 8638613.582, 99
Trd, 8638614.282, 93
Trd, 8638615.282, 88
Trd, 8638615.882, 121
Trd, 8638616.132, 87
Trd, 8638616.382, 74
Trd, 8638616.982, 115
Trd, 8638617.632, 86
Trd, 8638618.932, 114
Trd, 8638619.082, 125
Trd, 8638620.232, 132
Trd, 8638620.282, 79
Trd, 8638620.832, 99
Trd, 8638622.282, 139
Trd, 8638622.332, 129
Trd, 8638622.932, 113
Trd, 8638623.732, 115
Trd, 8638624.082, 111
Trd, 8638624.832, 111
Trd, 8638625.332, 109
Trd, 8638626.082, 129
Trd, 8638626.582, 84
Trd, 8638627.182, 88
Trd, 8638628.082, 60
Trd, 8638628.132, 61
Trd, 8638629.232, 106
Trd, 8638630.132, 60
Trd, 8638630.932, 64
Trd, 8638631.332, 69
Trd, 8638632.432, 82
Trd, 8638632.632, 84
Trd, 8638634.082, 65
Trd, 8638634.182, 68
Trd, 8638635.032, 119
Trd, 8638635.882, 62
Trd, 8638635.982, 81
Trd, 8638637.882, 100
Trd, 8638638.332, 97
Trd, 8638638.382, 97
Trd, 8638640.382, 116
Trd, 8638640.732, 63
Trd, 8638640.982, 91
Trd, 8638642.632, 60
Trd, 8638642.782, 105
Trd, 8638643.332, 67
Trd, 8638643.832, 111
Trd, 8638644.932, 60
Trd, 8638645.732, 61
Trd, 8638646.282, 96
Trd, 8638646.582, 61
Trd, 8638647.682, 98
Trd, 8638648.832, 96
Trd, 8638648.982, 87
Trd, 8638649.532, 114
Trd, 8638650.232, 97
Trd, 8638651.082, 101
Trd, 8638651.182, 96
Trd, 8638652.882, 97
Trd, 8638653.432, 96
Trd, 8638654.082, 90
Trd, 8638654.632, 81
Trd, 8638655.082, 88
Trd, 8638656.282, 80
Trd, 8638657.532, 135
Trd, 8638658.832, 129
Trd, 8638659.482, 131
Trd, 8638659.732, 109
Trd, 8638660.432, 123
Trd, 8638661.082, 112
Trd, 8638661.632, 105
Trd, 8638662.282, 81
Trd, 8638663.032, 60
Trd, 8638663.832, 104
Trd, 8638664.182, 104
Trd, 8638664.832, 125
Trd, 8638665.032, 119
Trd, 8638665.682, 131
Trd, 8638666.082, 130
Trd, 8638666.932, 131
Trd, 8638668.232, 83
Trd, 8638668.532, 97
Trd, 8638668.682, 105
Trd, 8638668.782, 82
Trd, 8638669.482, 122
Trd, 8638670.932, 61
Trd, 8638672.182, 93
Trd, 8638673.132, 106
Trd, 8638673.782, 124
Trd, 8638674.432, 90
Trd, 8638675.282, 108
Trd, 8638675.832, 112
Trd, 8638676.782, 108
Trd, 8638677.432, 107
Trd, 8638677.682, 106
Trd, 8638677.932, 88
Trd, 8638678.732, 90
Trd, 8638679.182, 114
Trd, 8638679.732, 84
Trd, 8638679.932, 95
Trd, 8638680.932, 83
Trd, 8638681.082, 68
Trd, 8638681.532, 105
Trd, 8638682.882, 88
Trd, 8638683.932, 87
Trd, 8638684.682, 85
Trd, 8638684.832, 89
Trd, 8638686.982, 67
Trd, 8638687.932, 85
Trd, 8638688.632, 107
Trd, 8638688.682, 101
Trd, 8638688.932, 82
Trd, 8638689.632, 97
Trd, 8638689.782, 80
Trd, 8638690.182, 79
Trd, 8638690.882, 94
Trd, 8638691.882, 73
Trd, 8638691.982, 67
Trd, 8638692.432, 77
Trd, 8638694.832, 74
Trd, 8638695.232, 72
Trd, 8638695.982, 82
Trd, 8638696.732, 85
Trd, 8638697.382, 130
Trd, 8638697.482, 130
Trd, 8638698.732, 139
Trd, 8638699.032, 139
Trd, 8638699.232, 138
Trd, 8638699.782, 113
Trd, 8638700.032, 110
Trd, 8638700.782, 108
Trd, 8638701.532, 132
Trd, 8638701.932, 99
Trd, 8638702.682, 98
Trd, 8638703.432, 97
Trd, 8638703.882, 98
Trd, 8638703.982, 95
Trd, 8638705.282, 89
Trd, 8638707.082, 116
Trd, 8638707.482, 117
Trd, 8638708.032, 108
Trd, 8638708.282, 85
Trd, 8638708.832, 108
Trd, 8638709.632, 96
Trd, 8638710.232, 77
Trd, 8638711.232, 61
Trd, 8638712.182, 104
Trd, 8638713.132, 78
Trd, 8638714.632, 79
Trd, 8638714.782, 71
Trd, 8638714.882, 61
Trd, 8638714.932, 92
Trd, 8638716.282, 100
Trd, 8638717.982, 96
Trd, 8638718.632, 111
Trd, 8638719.182, 80
Trd, 8638720.032, 76
Trd, 8638721.182, 97
Trd, 8638721.682, 106
Trd, 8638721.982, 88
Trd, 8638722.332, 110
Trd, 8638722.482, 110
Trd, 8638723.532, 120
Trd, 8638724.332, 117
Trd, 8638724.582, 99
Trd, 8638725.782, 116
Trd, 8638726.482, 100
Trd, 8638727.432, 104
Trd, 8638728.132, 97
Trd, 8638728.582, 85
Trd, 8638729.332, 97
Trd, 8638731.332, 99
Trd, 8638732.332, 127
Trd, 8638732.932, 127
Trd, 8638733.432, 118
Trd, 8638733.882, 117
Trd, 8638733.932, 94
Trd, 8638734.382, 91
Trd, 8638735.032, 110
Trd, 8638735.982, 81
Trd, 8638736.732, 88
Trd, 8638738.332, 106
Trd, 8638739.132, 100
Trd, 8638739.682, 84
Trd, 8638740.082, 83
Trd, 8638740.682, 96
Trd, 8638741.532, 81
Trd, 8638741.732, 79
Trd, 8638741.932, 96
Trd, 8638742.982, 134
Trd, 8638743.482, 123
Trd, 8638743.932, 89
Trd, 8638744.882, 94
Trd, 8638745.032, 86
Trd, 8638745.732, 90
Trd, 8638746.382, 136
Trd, 8638746.982, 104
Trd, 8638747.632, 60
Trd, 8638749.782, 63
Trd, 8638751.482, 62
Trd, 8638751.982, 60
Trd, 8638752.082, 68
Trd, 8638753.832, 99
Trd, 8638753.882, 77
Trd, 8638754.082, 83
Trd, 8638754.932, 105
Trd, 8638756.532, 104
Trd, 8638756.782, 84
Trd, 8638757.232, 111
Trd, 8638757.732, 82
Trd, 8638758.932, 69
Trd, 8638759.082, 83
Trd, 8638759.632, 61
Trd, 8638759.732, 85
Trd, 8638760.382, 121
Trd, 8638760.932, 103
Trd, 8638761.382, 102
Trd, 8638761.832, 98
Trd, 8638762.082, 77
Trd, 8638763.182, 98
Trd, 8638764.082, 95
Trd, 8638765.132, 97
Trd, 8638766.282, 73
Trd, 8638767.382, 68
Trd, 8638767.832, 95
Trd, 8638768.832, 99
Trd, 8638769.132, 101
Trd, 8638769.232, 97
Trd, 8638769.682, 107
Trd, 8638769.832, 103
Trd, 8638770.732, 98
Trd, 8638770.782, 72
Trd, 8638772.482, 107
Trd, 8638772.632, 98
Trd, 8638775.932, 112
Trd, 8638776.182, 98
Trd, 8638776.382, 95
Trd, 8638777.382, 114
Trd, 8638777.932, 119
Trd, 8638778.232, 119
Trd, 8638779.082, 117
Trd, 8638779.132, 116
Trd, 8638780.832, 84
Trd, 8638781.982, 106
Trd, 8638782.882, 102
Trd, 8638783.032, 94
Trd, 8638784.082, 110
Trd, 8638785.082, 125
Trd, 8638785.732, 131
Trd, 8638785.882, 95
Trd, 8638786.632, 96
Trd, 8638786.982, 113
Trd, 8638787.982, 87
Trd, 8638788.932, 106
Trd, 8638789.132, 107
Trd, 8638789.432, 88
Trd, 8638790.032, 76
Trd, 8638790.732, 64
Trd, 8638793.932, 63
Trd, 8638793.982, 62
Trd, 8638794.082, 74
Trd, 8638794.582, 75
Trd, 8638794.782, 81
Trd, 8638795.282, 91
Trd, 8638795.582, 84
Trd, 8638795.932, 70
Trd, 8638796.382, 73
Trd, 8638796.782, 77
Trd, 8638797.682, 94
Trd, 8638798.332, 96
Trd, 8638798.932, 94
Trd, 8638799.282, 89
Trd, 8638799.982, 93
Trd, 8638800.282, 75
Trd, 8638800.982, 96
Trd, 8638802.032, 108
Trd, 8638802.182, 121
Trd, 8638804.082, 113
Trd, 8638804.932, 113
Trd, 8638805.082, 109
Trd, 8638805.232, 103
Trd, 8638805.982, 97
Trd, 8638806.882, 84
Trd, 8638808.582, 99
Trd, 8638808.682, 88
Trd, 8638810.032, 96
Trd, 8638810.232, 84
Trd, 8638810.732, 95
Trd, 8638811.132, 103
Trd, 8638812.482, 124
Trd, 8638812.932, 123
Trd, 8638813.382, 116
Trd, 8638813.432, 111
Trd, 8638813.582, 107
Trd, 8638815.032, 74
Trd, 8638815.782, 100
Trd, 8638816.732, 113
Trd, 8638817.132, 125
Trd, 8638817.532, 95
Trd, 8638817.582, 89
Trd, 8638818.782, 92
Trd, 8638820.332, 84
Trd, 8638821.682, 116
Trd, 8638822.082, 107
Trd, 8638823.982, 137
Trd, 8638824.032, 119
Trd, 8638825.632, 111
Trd, 8638825.932, 108
Trd, 8638826.832, 105
Trd, 8638827.632, 111
Trd, 8638828.482, 138
Trd, 8638829.232, 131
Trd, 8638829.382, 95
Trd, 8638830.732, 120
Trd, 8638832.132, 117
Trd, 8638832.232, 101
Trd, 8638833.232, 100
Trd, 8638834.232, 121
Trd, 8638834.382, 92
Trd, 8638834.882, 66
Trd, 8638835.182, 67
Trd, 8638835.982, 66
Trd, 8638836.532, 117
Trd, 8638836.882, 74
Trd, 8638837.132, 139
Trd, 8638839.132, 82
Trd, 8638840.232, 67
Trd, 8638840.682, 122
Trd, 8638841.232, 102
Trd, 8638841.332, 66
Trd, 8638842.782, 89
Trd, 8638843.532, 90
Trd, 8638843.832, 74
Trd, 8638846.182, 107
Trd, 8638846.282, 94
Trd, 8638847.232, 107
Trd, 8638847.282, 107
Trd, 8638848.882, 119
Trd, 8638849.232, 115
Trd, 8638849.432, 86
Trd, 8638850.282, 64
Trd, 8638851.482, 99
Trd, 8638852.182, 117
Trd, 8638852.632, 86
Trd, 8638853.882, 123
Trd, 8638854.882, 75
Trd, 8638856.182, 76
Trd, 8638856.782, 75
Trd, 8638858.282, 61
Trd, 8638858.432, 62
Trd, 8638858.482, 62
Trd, 8638860.232, 78
Trd, 8638861.132, 117
Trd, 8638862.282, 111
Trd, 8638862.332, 109
Trd, 8638863.582, 105
Trd, 8638864.032, 104
Trd, 8638864.382, 89
Trd, 8638866.232, 90
Trd, 8638866.382, 88
Trd, 8638866.532, 80
Trd, 8638867.032, 103
Trd, 8638867.882, 72
Trd, 8638869.182, 65
Trd, 8638869.782, 93
Trd, 8638870.132, 88
Trd, 8638871.382, 77
Trd, 8638871.532, 94
Trd, 8638871.782, 113
Trd, 8638873.082, 61
Trd, 8638873.332, 64
Trd, 8638873.532, 74
Trd, 8638874.882, 88
Trd, 8638875.932, 64
Trd, 8638876.082, 63
Trd, 8638878.332, 68
Trd, 8638878.482, 68
Trd, 8638879.382, 85
Trd, 8638879.982, 71
Trd, 8638880.082, 78
Trd, 8638880.682, 68
Trd, 8638882.032, 100
Trd, 8638882.182, 112
Trd, 8638883.282, 82
Trd, 8638884.232, 101
Trd, 8638884.882, 98
Trd, 8638885.632, 85
Trd, 8638887.132, 61
Trd, 8638888.082, 71
Trd, 8638889.482, 60
Trd, 8638889.532, 64
Trd, 8638889.882, 94
Trd, 8638890.882, 66
Trd, 8638891.832, 67
Trd, 8638893.882, 79
Trd, 8638893.982, 72
Trd, 8638894.132, 109
Trd, 8638896.582, 129
Trd, 8638897.182, 129
Trd, 8638897.782, 138
Trd, 8638898.582, 140
Trd, 8638898.782, 140
Trd, 8638899.582, 133
Trd, 8638899.682, 116
Trd, 8638899.932, 112
Trd, 8638900.032, 110
Trd, 8638901.732, 77
Trd, 8638902.532, 107
Trd, 8638902.832, 78
Trd, 8638903.732, 62
Trd, 8638904.082, 112
Trd, 8638904.532, 85
Trd, 8638906.282, 115
Trd, 8638906.932, 95
Trd, 8638907.732, 80
Trd, 8638908.682, 110
Trd, 8638909.232, 122
Trd, 8638909.632, 100
Trd, 8638910.382, 79
Trd, 8638911.632, 62
Trd, 8638911.682, 75
Trd, 8638912.132, 81
Trd, 8638912.882, 102
Trd, 8638913.182, 80
Trd, 8638914.382, 87
Trd, 8638914.782, 81
Trd, 8638915.432, 68
Trd, 8638915.632, 63
Trd, 8638916.282, 74
Trd, 8638916.382, 76
Trd, 8638918.582, 108
Trd, 8638919.682, 77
Trd, 8638920.232, 108
Trd, 8638920.282, 96
Trd, 8638920.732, 79
Trd, 8638921.282, 77
Trd, 8638921.982, 91
Trd, 8638922.682, 85
Trd, 8638924.532, 73
Trd, 8638924.932, 91
Trd, 8638925.682, 62
Trd, 8638926.332, 69
Trd, 8638926.832, 111
Trd, 8638927.232, 121
Trd, 8638928.382, 136
Trd, 8638928.482, 115
Trd, 8638928.932, 114
Trd, 8638929.682, 110
Trd, 8638930.132, 136
Trd, 8638932.332, 95
Trd, 8638932.732, 67
Trd, 8638933.282, 122
Trd, 8638934.432, 105
Trd, 8638934.832, 116
Trd, 8638935.532, 115
Trd, 8638936.282, 97
Trd, 8638936.782, 111
Trd, 8638937.632, 97
Trd, 8638937.732, 93
Trd, 8638938.182, 78
Trd, 8638938.782, 76
Trd, 8638939.132, 113
Trd, 8638939.582, 97
Trd, 8638940.832, 85
Trd, 8638942.632, 84
Trd, 8638942.932, 82
Trd, 8638945.032, 89
Trd, 8638946.282, 92
Trd, 8638946.632, 86
Trd, 8638946.882, 134
Trd, 8638947.482, 87
Trd, 8638947.782, 112
Trd, 8638947.832, 85
Trd, 8638950.432, 105
Trd, 8638950.682, 104
Trd, 8638952.082, 115
Trd, 8638952.782, 101
Trd, 8638953.082, 126
Trd, 8638954.332, 134
Trd, 8638954.382, 112
Trd, 8638954.932, 70
Trd, 8638955.382, 115
Trd, 8638956.782, 88
Trd, 8638957.382, 65
Trd, 8638958.132, 80
Trd, 8638958.482, 72
Trd, 8638958.982, 63
Trd, 8638959.932, 89
Trd, 8638960.382, 127
Trd, 8638960.682, 72
Trd, 8638963.282, 97
Trd, 8638963.682, 97
Trd, 8638964.132, 84
Trd, 8638964.382, 94
Trd, 8638964.732, 68
Trd, 8638965.332, 77
Trd, 8638965.732, 113
Trd, 8638967.432, 111
Trd, 8638967.532, 82
Trd, 8638969.432, 72
Trd, 8638969.882, 120
Trd, 8638970.232, 100
Trd, 8638971.182, 91
Trd, 8638971.332, 125
Trd, 8638971.382, 65
Trd, 8638973.082, 102
Trd, 8638973.432, 99
Trd, 8638973.882, 110
Trd, 8638973.932, 81
Trd, 8638975.682, 83
Trd, 8638976.382, 99
Trd, 8638977.082, 89
Trd, 8638978.432, 102
Trd, 8638978.482, 67
Trd, 8638978.832, 110
Trd, 8638980.032, 86
Trd, 8638980.582, 122
Trd, 8638981.382, 115
Trd, 8638981.432, 93
Trd, 8638982.182, 121
Trd, 8638982.782, 97
Trd, 8638982.832, 69
Trd, 8638983.782, 97
Trd, 8638984.682, 121
Trd, 8638985.132, 121
Trd, 8638985.182, 114
Trd, 8638987.182, 92
Trd, 8638987.632, 91
Trd, 8638987.732, 89
Trd, 8638987.782, 65
Trd, 8638989.182, 61
Trd, 8638990.232, 85
Trd, 8638990.482, 84
Trd, 8638992.132, 105
Trd, 8638992.732, 84
Trd, 8638992.882, 109
Trd, 8638994.682, 128
Trd, 8638995.082, 100
Trd, 8638995.332, 77
Trd, 8638995.882, 69
Trd, 8638997.232, 90
Trd, 8638998.682, 118
Trd, 8638998.732, 93
Trd, 8638998.932, 107
Trd, 8639000.382, 125
Trd, 8639000.432, 95
Trd, 8639000.532, 94
Trd, 8639000.882, 98
Trd, 8639002.932, 134
Trd, 8639003.382, 137
Trd, 8639004.082, 106
Trd, 8639004.532, 102
Trd, 8639004.832, 114
Trd, 8639005.582, 85
Trd, 8639006.432, 63
Trd, 8639007.032, 61
Trd, 8639007.632, 104
Trd, 8639008.382, 99
Trd, 8639008.582, 99
Trd, 8639008.832, 86
Trd, 8639010.482, 121
Trd, 8639010.582, 93
Trd, 8639010.982, 87
Trd, 8639011.232, 84
Trd, 8639012.632, 91
Trd, 8639015.032, 77
Trd, 8639015.682, 79
Trd, 8639016.632, 137
Trd, 8639016.682, 132
Trd, 8639016.832, 116
Trd, 8639018.682, 118
Trd, 8639019.332, 84
Trd, 8639020.132, 82
Trd, 8639020.982, 82
Trd, 8639021.732, 92
Trd, 8639022.332, 91
Trd, 8639023.132, 92
Trd, 8639023.232, 83
Trd, 8639024.482, 124
Trd, 8639024.732, 86
Trd, 8639025.182, 100
Trd, 8639025.932, 103
Trd, 8639026.932, 105
Trd, 8639028.582, 63
Trd, 8639030.882, 139
Trd, 8639031.182, 90
Trd, 8639031.732, 93
Trd, 8639031.882, 120
Trd, 8639032.132, 93
Trd, 8639033.182, 92
Trd, 8639033.282, 89
Trd, 8639033.982, 60
Trd, 8639034.432, 128
Trd, 8639034.582, 74
Trd, 8639037.032, 128
Trd, 8639037.732, 127
Trd, 8639038.882, 104
Trd, 8639039.482, 89
Trd, 8639041.232, 128
Trd, 8639041.982, 132
Trd, 8639043.132, 109
Trd, 8639044.182, 133
Trd, 8639044.432, 134
Trd, 8639044.482, 110
Trd, 8639044.532, 108
Trd, 8639045.982, 113
Trd, 8639047.282, 122
Trd, 8639047.732, 106
Trd, 8639048.132, 77
Trd, 8639049.932, 102
Trd, 8639050.182, 102
Trd, 8639050.332, 86
Trd, 8639051.782, 132
Trd, 8639052.082, 113
Trd, 8639052.632, 98
Trd, 8639053.282, 137
Trd, 8639053.382, 124
Trd, 8639054.382, 86
Trd, 8639054.532, 91
Trd, 8639055.382, 127
Trd, 8639056.332, 89
Trd, 8639056.732, 79
Trd, 8639058.082, 112
Trd, 8639059.132, 124
Trd, 8639059.482, 124
Trd, 8639059.632, 118
Trd, 8639060.332, 100
Trd, 8639061.182, 112
Trd, 8639061.332, 122
Trd, 8639062.232, 90
Trd, 8639063.282, 102
Trd, 8639063.732, 112
Trd, 8639064.132, 86
Trd, 8639065.132, 123
Trd, 8639065.782, 111
Trd, 8639065.832, 111
Trd, 8639066.282, 71
Trd, 8639066.382, 88
Trd, 8639067.682, 106
Trd, 8639068.982, 109
Trd, 8639070.032, 128
Trd, 8639070.332, 122
Trd, 8639071.032, 115
Trd, 8639071.082, 114
Trd, 8639071.332, 93
Trd, 8639071.832, 77
Trd, 8639074.182, 116
Trd, 8639074.432, 113
Trd, 8639074.832, 78
Trd, 8639075.282, 75
Trd, 8639075.732, 90
Trd, 8639077.282, 133
Trd, 8639077.332, 126
Trd, 8639078.732, 99
Trd, 8639079.282, 124
Trd, 8639080.682, 115
Trd, 8639080.932, 110
Trd, 8639080.982, 104
Trd, 8639081.382, 94
Trd, 8639081.882, 119
Trd, 8639082.632, 118
Trd, 8639082.932, 117
Trd, 8639083.482, 97
Trd, 8639084.132, 123
Trd, 8639085.082, 117
Trd, 8639085.732, 106
Trd, 8639086.732, 93
Trd, 8639086.832, 93
Trd, 8639088.082, 86
Trd, 8639088.382, 98
Trd, 8639088.632, 77
Trd, 8639089.982, 87
Trd, 8639090.432, 104
Trd, 8639090.482, 64
Trd, 8639091.532, 120
Trd, 8639091.582, 107
Trd, 8639092.482, 104
Trd, 8639092.882, 64
Trd, 8639095.382, 122
Trd, 8639096.032, 121
Trd, 8639096.232, 112
Trd, 8639096.532, 112
Trd, 8639097.982, 108
Trd, 8639098.782, 107
Trd, 8639099.132, 114
Trd, 8639099.432, 135
Trd, 8639100.032, 132
Trd, 8639100.232, 84
Trd, 8639101.532, 76
Trd, 8639101.832, 85
Trd, 8639101.982, 100
Trd, 8639103.032, 91
Trd, 8639103.732, 86
Trd, 8639104.232, 100
Trd, 8639106.382, 102
Trd, 8639106.682, 104
Trd, 8639107.132, 106
Trd, 8639107.332, 107
Trd, 8639108.232, 123
Trd, 8639108.282, 123
Trd, 8639108.532, 101
Trd, 8639109.282, 93
Trd, 8639111.482, 85
Trd, 8639111.582, 108
Trd, 8639111.882, 79
Trd, 8639113.082, 101
Trd, 8639113.882, 118
Trd, 8639114.232, 97
Trd, 8639114.532, 65
Trd, 8639116.132, 101
Trd, 8639116.532, 105
Trd, 8639116.582, 100
Trd, 8639117.532, 104
Trd, 8639118.032, 107
Trd, 8639120.082, 95
Trd, 8639120.632, 94
Trd, 8639121.482, 95
Trd, 8639122.432, 94
Trd, 8639124.282, 98
Trd, 8639125.082, 98
Trd, 8639126.232, 99
Trd, 8639126.832, 99
Trd, 8639127.282, 119
Trd, 8639127.482, 102
Trd, 8639128.032, 74
Trd, 8639130.132, 121
Trd, 8639131.082, 97
Trd, 8639131.132, 74
Trd, 8639131.432, 99
Trd, 8639132.082, 98
Trd, 8639134.032, 89
Trd, 8639134.532, 85
Trd, 8639134.682, 84
Trd, 8639135.182, 78
Trd, 8639135.732, 89
Trd, 8639137.582, 77
Trd, 8639138.182, 68
Trd, 8639139.382, 71
Trd, 8639140.432, 78
Trd, 8639140.582, 108
Trd, 8639140.982, 123
Trd, 8639141.582, 133
Trd, 8639143.082, 124
Trd, 8639144.032, 123
Trd, 8639144.482, 128
Trd, 8639145.432, 121
Trd, 8639145.582, 110
Trd, 8639146.632, 103
Trd, 8639146.932, 76
Trd, 8639148.082, 65
Trd, 8639148.532, 68
Trd, 8639149.282, 127
Trd, 8639150.582, 135
Trd, 8639150.632, 135
Trd, 8639151.782, 91
Trd, 8639152.482, 100
Trd, 8639153.332, 93
Trd, 8639153.982, 72
Trd, 8639154.632, 81
Trd, 8639155.732, 77
Trd, 8639156.132, 76
Trd, 8639157.482, 71
Trd, 8639158.082, 82
Trd, 8639159.182, 60
Trd, 8639160.782, 87
Trd, 8639161.032, 83
Trd, 8639161.182, 64
Trd, 8639162.032, 133
Trd, 8639162.132, 127
Trd, 8639162.782, 65
Trd, 8639163.632, 84
Trd, 8639164.532, 101
Trd, 8639165.882, 60
Trd, 8639166.732, 60
Trd, 8639167.132, 64
Trd, 8639168.282, 110
Trd, 8639168.832, 85
Trd, 8639169.082, 97
Trd, 8639169.532, 64
Trd, 8639169.832, 61
Trd, 8639171.032, 78
Trd, 8639171.832, 98
Trd, 8639172.682, 93
Trd, 8639173.282, 77
Trd, 8639173.832, 133
Trd, 8639174.582, 99
Trd, 8639175.982, 129
Trd, 8639176.432, 110
Trd, 8639176.532, 124
Trd, 8639176.882, 108
Trd, 8639178.232, 83
Trd, 8639178.382, 82
Trd, 8639178.982, 107
Trd, 8639179.232, 63
Trd, 8639180.182, 116
Trd, 8639180.682, 96
Trd, 8639180.982, 107
Trd, 8639182.382, 109
Trd, 8639183.482, 89
Trd, 8639184.582, 89
Trd, 8639184.682, 88
Trd, 8639184.932, 84
Trd, 8639185.932, 128
Trd, 8639186.732, 129
Trd, 8639187.582, 98
Trd, 8639188.632, 96
Trd, 8639189.332, 105
Trd, 8639190.932, 133
Trd, 8639191.282, 132
Trd, 8639191.682, 111
Trd, 8639192.882, 122
Trd, 8639193.032, 111
Trd, 8639194.282, 125
Trd, 8639194.432, 125
Trd, 8639196.432, 130
Trd, 8639196.932, 100
Trd, 8639197.932, 125
Trd, 8639198.932, 133
Trd, 8639199.332, 132
Trd, 8639199.482, 117
Trd, 8639199.532, 109
Trd, 8639200.682, 95
Trd, 8639201.932, 124
Trd, 8639202.832, 102
Trd, 8639203.082, 96
Trd, 8639203.782, 99
Trd, 8639204.432, 126
Trd, 8639205.082, 87
Trd, 8639206.532, 94
Trd, 8639206.632, 87
Trd, 8639207.132, 76
Trd, 8639207.182, 89
Trd, 8639208.082, 138
Trd, 8639208.132, 137
Trd, 8639208.782, 111
Trd, 8639209.132, 127
Trd, 8639210.182, 97
Trd, 8639210.582, 97
Trd, 8639211.332, 83
Trd, 8639211.832, 123
Trd, 8639213.382, 123
Trd, 8639214.082, 112
Trd, 8639214.382, 108
Trd, 8639215.682, 113
Trd, 8639216.982, 129
Trd, 8639217.182, 130
Trd, 8639218.132, 129
Trd, 8639218.232, 105
Trd, 8639218.332, 102
Trd, 8639219.582, 87
Trd, 8639220.332, 101
Trd, 8639220.632, 92
Trd, 8639222.382, 104
Trd, 8639223.332, 125
Trd, 8639223.732, 124
Trd, 8639224.782, 113
Trd, 8639226.632, 110
Trd, 8639226.982, 108
Trd, 8639227.082, 98
Trd, 8639228.282, 66
Trd, 8639228.332, 74
Trd, 8639228.682, 97
Trd, 8639229.232, 134
Trd, 8639229.582, 113
Trd, 8639229.982, 87
Trd, 8639230.732, 135
Trd, 8639232.332, 108
Trd, 8639232.682, 108
Trd, 8639232.732, 106
Trd, 8639233.032, 93
Trd, 8639233.332, 77
Trd, 8639233.382, 60
Trd, 8639234.582, 79
Trd, 8639235.332, 63
Trd, 8639235.732, 132
Trd, 8639237.932, 112
Trd, 8639238.132, 87
Trd, 8639238.482, 132
Trd, 8639238.782, 76
Trd, 8639239.332, 69
Trd, 8639240.082, 60
Trd, 8639240.732, 63
Trd, 8639241.232, 86
Trd, 8639242.332, 81
Trd, 8639242.832, 118
Trd, 8639243.732, 84
Trd, 8639244.282, 77
Trd, 8639244.932, 60
Trd, 8639246.732, 65
Trd, 8639248.282, 81
Trd, 8639248.832, 69
Trd, 8639249.132, 127
Trd, 8639249.432, 69
Trd, 8639250.532, 82
Trd, 8639251.032, 70
Trd, 8639251.182, 83
Trd, 8639251.482, 105
Trd, 8639252.182, 61
Trd, 8639253.532, 61
Trd, 8639253.732, 69
Trd, 8639254.082, 91
Trd, 8639256.232, 66
Trd, 8639256.482, 73
Trd, 8639257.582, 80
Trd, 8639257.882, 82
Trd, 8639258.382, 71
Trd, 8639258.682, 89
Trd, 8639259.232, 114
Trd, 8639259.682, 70
Trd, 8639261.932, 95
Trd, 8639262.132, 81
Trd, 8639262.532, 99
Trd, 8639262.632, 99
Trd, 8639262.732, 66
Trd, 8639263.282, 105
Trd, 8639263.882, 71
Trd, 8639265.482, 133
Trd, 8639265.632, 117
Trd, 8639266.432, 115
Trd, 8639266.632, 107
Trd, 8639266.832, 109
Trd, 8639267.132, 123
Trd, 8639267.532, 78
Trd, 8639269.632, 62
Trd, 8639269.732, 64
Trd, 8639270.682, 77
Trd, 8639271.082, 122
Trd, 8639271.882, 81
Trd, 8639272.832, 71
Trd, 8639273.582, 63
Trd, 8639274.282, 62
Trd, 8639274.932, 84
Trd, 8639275.332, 120
Trd, 8639275.382, 119
Trd, 8639275.982, 62
Trd, 8639277.332, 124
Trd, 8639277.832, 124
Trd, 8639278.432, 115
Trd, 8639278.732, 109
Trd, 8639279.282, 90
Trd, 8639279.632, 82
Trd, 8639280.132, 105
Trd, 8639281.432, 61
Trd, 8639282.632, 61
Trd, 8639284.082, 111
Trd, 8639285.282, 119
Trd, 8639285.482, 114
Trd, 8639286.532, 139
Trd, 8639287.432, 99
Trd, 8639287.882, 86
Trd, 8639289.432, 66
Trd, 8639289.882, 63
Trd, 8639289.932, 73
Trd, 8639290.532, 64
Trd, 8639291.282, 68
Trd, 8639291.932, 67
Trd, 8639292.032, 75
Trd, 8639294.482, 70
Trd, 8639294.732, 78
Trd, 8639295.982, 118
Trd, 8639296.282, 133
Trd, 8639296.332, 86
Trd, 8639297.232, 121
Trd, 8639297.282, 118
Trd, 8639299.382, 108
Trd, 8639299.532, 85
Trd, 8639300.332, 72
Trd, 8639301.132, 70
Trd, 8639303.482, 117
Trd, 8639303.782, 107
Trd, 8639303.882, 64
Trd, 8639304.882, 98
Trd, 8639305.382, 82
Trd, 8639305.982, 103
Trd, 8639306.132, 85
Trd, 8639306.232, 120
Trd, 8639306.932, 114
Trd, 8639308.132, 131
Trd, 8639309.082, 104
Trd, 8639309.682, 97
Trd, 8639311.232, 100
Trd, 8639311.982, 101
Trd, 8639312.132, 90
Trd, 8639312.632, 88
Trd, 8639313.982, 97
Trd, 8639314.832, 108
Trd, 8639315.632, 126
Trd, 8639316.032, 108
Trd, 8639316.432, 129
Trd, 8639317.082, 105
Trd, 8639318.782, 118
Trd, 8639319.182, 117
Trd, 8639319.832, 113
Trd, 8639321.082, 112
Trd, 8639321.132, 82
Trd, 8639321.432, 136
Trd, 8639322.282, 89
Trd, 8639322.982, 87
Trd, 8639323.682, 79
Trd, 8639323.982, 83
Trd, 8639324.582, 67
Trd, 8639325.532, 60
Trd, 8639326.532, 67
Trd, 8639327.982, 127
Trd, 8639328.282, 126
Trd, 8639328.882, 126
Trd, 8639329.182, 69
Trd, 8639330.982, 121
Trd, 8639332.432, 120
Trd, 8639332.582, 118
Trd, 8639332.832, 110
Trd, 8639333.582, 121
Trd, 8639334.382, 91
Trd, 8639334.732, 124
Trd, 8639335.282, 110
Trd, 8639335.982, 80
Trd, 8639336.882, 132
Trd, 8639337.482, 130
Trd, 8639339.182, 73
Trd, 8639340.182, 74
Trd, 8639340.282, 97
Trd, 8639340.632, 87
Trd, 8639342.282, 88
Trd, 8639342.982, 85
Trd, 8639343.282, 88
Trd, 8639344.232, 88
Trd, 8639344.532, 107
Trd, 8639344.632, 65
Trd, 8639345.082, 95
Trd, 8639346.682, 67
Trd, 8639347.832, 97
Trd, 8639348.782, 131
Trd, 8639349.182, 109
Trd, 8639349.382, 108
Trd, 8639350.382, 140
Trd, 8639350.882, 85
Trd, 8639350.932, 85
Trd, 8639351.382, 137
Trd, 8639351.532, 124
Trd, 8639352.782, 100
Trd, 8639353.482, 105
Trd, 8639354.032, 100
Trd, 8639354.282, 91
Trd, 8639354.882, 85
Trd, 8639355.382, 123
Trd, 8639355.632, 106
Trd, 8639356.582, 73
Trd, 8639358.132, 93
Trd, 8639358.382, 121
Trd, 8639358.582, 74
Trd, 8639359.032, 131
Trd, 8639360.182, 79
Trd, 8639360.582, 74
Trd, 8639361.282, 87
Trd, 8639361.832, 118
Trd, 8639363.782, 86
Trd, 8639364.082, 83
Trd, 8639364.732, 117
Trd, 8639365.582, 131
Trd, 8639366.432, 111
Trd, 8639366.482, 103
Trd, 8639367.732, 85
Trd, 8639368.532, 88
Trd, 8639368.732, 92
Trd, 8639369.432, 88
Trd, 8639370.332, 102
Trd, 8639370.432, 89
Trd, 8639371.482, 123
Trd, 8639371.782, 122
Trd, 8639372.082, 71
Trd, 8639372.982, 112
Trd, 8639373.032, 104
Trd, 8639373.982, 115
Trd, 8639374.632, 111
Trd, 8639376.182, 86
Trd, 8639377.282, 83
Trd, 8639377.532, 74
Trd, 8639378.082, 66
Trd, 8639380.132, 73
Trd, 8639380.532, 108
Trd, 8639380.632, 97
Trd, 8639381.232, 124
Trd, 8639381.682, 111
Trd, 8639382.032, 108
Trd, 8639382.082, 94
Trd, 8639383.232, 134
Trd, 8639384.232, 112
Trd, 8639385.182, 107
Trd, 8639385.282, 78
Trd, 8639386.132, 112
Trd, 8639387.032, 95
Trd, 8639387.182, 95
Trd, 8639387.382, 79
Trd, 8639387.532, 74
Trd, 8639388.382, 91
Trd, 8639388.932, 98
Trd, 8639389.532, 68
Trd, 8639392.182, 115
Trd, 8639394.532, 137
Trd, 8639394.732, 112
Trd, 8639395.882, 135
Trd, 8639395.932, 134
Trd, 8639396.032, 121
Trd, 8639396.282, 128
Trd, 8639397.532, 137
Trd, 8639397.832, 134
Trd, 8639399.832, 107
Trd, 8639400.382, 116
Trd, 8639400.782, 112
Trd, 8639401.182, 101
Trd, 8639401.432, 109
Trd, 8639401.982, 115
Trd, 8639404.532, 113
Trd, 8639404.582, 104
Trd, 8639404.932, 96
Trd, 8639405.132, 115
Trd, 8639406.282, 88
Trd, 8639406.682, 90
Trd, 8639407.882, 91
Trd, 8639408.732, 80
Trd, 8639409.632, 87
Trd, 8639409.982, 73
Trd, 8639410.382, 127
Trd, 8639410.682, 126
Trd, 8639411.132, 108
Trd, 8639411.832, 83
Trd, 8639413.532, 137
Trd, 8639413.632, 109
Trd, 8639413.882, 106
Trd, 8639414.182, 102
Trd, 8639414.332, 98
Trd, 8639414.432, 89
Trd, 8639414.782, 104
Trd, 8639415.232, 104
Trd, 8639415.982, 89
Trd, 8639416.682, 103
Trd, 8639417.582, 123
Trd, 8639419.732, 63
Trd, 8639420.482, 100
Trd, 8639420.782, 67
Trd, 8639421.282, 61
Trd, 8639421.332, 68
Trd, 8639423.232, 78
Trd, 8639423.532, 81
Trd, 8639424.132, 60
Trd, 8639424.232, 91
Trd, 8639424.432, 83
Trd, 8639426.032, 70
Trd, 8639427.482, 83
Trd, 8639428.832, 79
Trd, 8639429.632, 77
Trd, 8639430.682, 62
Trd, 8639431.182, 62
Trd, 8639432.382, 132
Trd, 8639432.682, 86
Trd, 8639432.832, 83
Trd, 8639432.882, 71
Trd, 8639433.182, 82
Trd, 8639434.982, 62
Trd, 8639435.582, 123
Trd, 8639435.882, 122
Trd, 8639436.932, 81
Trd, 8639437.682, 85
Trd, 8639437.882, 82
Trd, 8639438.732, 127
Trd, 8639439.132, 98
Trd, 8639439.632, 100
Trd, 8639440.732, 101
Trd, 8639442.682, 64
Trd, 8639442.732, 82
Trd, 8639443.432, 67
Trd, 8639443.482, 114
Trd, 8639445.082, 103
Trd, 8639445.232, 103
Trd, 8639445.682, 102
Trd, 8639445.782, 72
Trd, 8639446.632, 100
Trd, 8639446.882, 124
Trd, 8639447.082, 69
Trd, 8639449.382, 102
Trd, 8639449.832, 134
Trd, 8639450.532, 118
Trd, 8639451.332, 96
Trd, 8639451.482, 110
Trd, 8639451.832, 110
Trd, 8639452.882, 125
Trd, 8639453.082, 98
Trd, 8639453.732, 68
Trd, 8639454.932, 127
Trd, 8639455.982, 113
Trd, 8639457.482, 125
Trd, 8639458.432, 97
Trd, 8639458.632, 96
Trd, 8639459.082, 128
Trd, 8639459.282, 89
Trd, 8639459.482, 101
Trd, 8639461.232, 77
Trd, 8639461.482, 69
Trd, 8639462.082, 86
Trd, 8639462.382, 124
Trd, 8639463.282, 124
Trd, 8639465.382, 115
Trd, 8639465.432, 129
Trd, 8639465.932, 124
Trd, 8639467.232, 62
Trd, 8639467.782, 77
Trd, 8639467.832, 109
Trd, 8639468.332, 119
Trd, 8639469.932, 68
Trd, 8639471.282, 62
Trd, 8639471.832, 61
Trd, 8639472.232, 78
Trd, 8639473.182, 78
Trd, 8639473.482, 66
Trd, 8639474.532, 66
Trd, 8639475.282, 113
Trd, 8639476.282, 82
Trd, 8639476.982, 90
Trd, 8639477.182, 62
Trd, 8639477.982, 106
Trd, 8639478.282, 106
Trd, 8639478.432, 105
Trd, 8639479.832, 72
Trd, 8639480.432, 82
Trd, 8639480.782, 75
Trd, 8639481.582, 61
Trd, 8639482.832, 60
Trd, 8639483.182, 89
Trd, 8639484.632, 92
Trd, 8639485.082, 88
Trd, 8639486.032, 116
Trd, 8639486.282, 115
Trd, 8639487.832, 94
Trd, 8639488.832, 73
Trd, 8639490.132, 69
Trd, 8639491.632, 116
Trd, 8639492.032, 117
Trd, 8639492.332, 116
Trd, 8639492.682, 111
Trd, 8639493.182, 95
Trd, 8639493.382, 78
Trd, 8639493.732, 85
Trd, 8639494.132, 99
Trd, 8639494.682, 87
Trd, 8639495.232, 77
Trd, 8639495.432, 63
Trd, 8639497.032, 127
Trd, 8639497.432, 96
Trd, 8639498.132, 127
Trd, 8639498.432, 89
Trd, 8639499.132, 76
Trd, 8639500.432, 122
Trd, 8639501.082, 95
Trd, 8639501.682, 127
Trd, 8639501.782, 126
Trd, 8639502.132, 101
Trd, 8639502.882, 72
Trd, 8639504.132, 122
Trd, 8639505.432, 121
Trd, 8639505.532, 92
Trd, 8639505.882, 71
Trd, 8639507.382, 119
Trd, 8639507.432, 83
Trd, 8639508.132, 72
Trd, 8639510.282, 96
Trd, 8639511.182, 94
Trd, 8639512.182, 123
Trd, 8639513.732, 101
Trd, 8639513.932, 91
Trd, 8639515.182, 130
Trd, 8639516.282, 80
Trd, 8639516.732, 114
Trd, 8639518.182, 114
Trd, 8639518.232, 109
Trd, 8639519.332, 60
Trd, 8639520.132, 82
Trd, 8639520.782, 63
Trd, 8639521.882, 95
Trd, 8639522.532, 123
Trd, 8639523.182, 99
Trd, 8639523.582, 119
Trd, 8639523.682, 115
Trd, 8639523.732, 90
Trd, 8639523.782, 71
Trd, 8639525.632, 108
Trd, 8639525.982, 74
Trd, 8639526.082, 82
Trd, 8639526.982, 71
Trd, 8639527.882, 122
Trd, 8639528.282, 113
Trd, 8639529.432, 83
Trd, 8639530.032, 91
Trd, 8639530.432, 113
Trd, 8639530.882, 91
Trd, 8639531.082, 89
Trd, 8639531.432, 131
Trd, 8639532.132, 60
Trd, 8639535.082, 75
Trd, 8639535.332, 72
Trd, 8639535.982, 83
Trd, 8639536.032, 71
Trd, 8639537.232, 60
Trd, 8639537.382, 102
Trd, 8639537.732, 109
Trd, 8639539.132, 63
Trd, 8639539.832, 112
Trd, 8639540.682, 97
Trd, 8639541.632, 95
Trd, 8639541.732, 92
Trd, 8639544.532, 109
Trd, 8639545.582, 108
Trd, 8639545.682, 121
Trd, 8639545.882, 118
Trd, 8639546.732, 110
Trd, 8639546.832, 107
Trd, 8639547.832, 106
Trd, 8639548.132, 80
Trd, 8639548.582, 91
Trd, 8639549.132, 120
Trd, 8639550.332, 62
Trd, 8639550.432, 79
Trd, 8639551.532, 69
Trd, 8639552.032, 98
Trd, 8639552.582, 125
Trd, 8639553.082, 84
Trd, 8639553.732, 68
Trd, 8639555.182, 110
Trd, 8639555.632, 108
Trd, 8639556.532, 100
Trd, 8639557.532, 90
Trd, 8639557.982, 102
Trd, 8639559.082, 97
Trd, 8639559.482, 99
Trd, 8639560.582, 103
Trd, 8639560.982, 136
Trd, 8639561.032, 92
Trd, 8639561.382, 98
Trd, 8639561.882, 78
Trd, 8639562.982, 118
Trd, 8639563.132, 72
Trd, 8639563.582, 64
Trd, 8639564.732, 89
Trd, 8639565.282, 107
Trd, 8639567.032, 111
Trd, 8639567.282, 110
Trd, 8639568.632, 124
Trd, 8639569.332, 121
Trd, 8639569.732, 125
Trd, 8639569.932, 120
Trd, 8639570.382, 110
Trd, 8639571.882, 110
Trd, 8639571.932, 121
Trd, 8639573.132, 96
Trd, 8639574.732, 120
Trd, 8639575.432, 111
Trd, 8639575.632, 99
Trd, 8639575.932, 94
Trd, 8639576.182, 94
Trd, 8639576.282, 88
Trd, 8639576.432, 100
Trd, 8639576.632, 87
Trd, 8639577.582, 71
Trd, 8639577.982, 113
Trd, 8639579.132, 86
Trd, 8639579.882, 79
Trd, 8639580.832, 99
Trd, 8639582.132, 116
Trd, 8639582.382, 75
Trd, 8639583.632, 116
Trd, 8639584.382, 115
Trd, 8639584.732, 114
Trd, 8639586.832, 108
Trd, 8639587.332, 109
Trd, 8639588.032, 103
Trd, 8639588.132, 102
Trd, 8639588.682, 121
Trd, 8639588.782, 115
Trd, 8639590.232, 115
Trd, 8639590.582, 115
Trd, 8639590.782, 94
Trd, 8639591.132, 77
Trd, 8639593.232, 132
Trd, 8639594.382, 89
Trd, 8639595.182, 65
Trd, 8639595.382, 87
Trd, 8639596.282, 69
Trd, 8639596.932, 71
Trd, 8639597.382, 93
Trd, 8639597.732, 72
Trd, 8639598.032, 93
Trd, 8639598.482, 85
Trd, 8639598.582, 92
Trd, 8639598.682, 70
Trd, 8639600.132, 98
Trd, 8639601.182, 104
Trd, 8639601.682, 74
Trd, 8639603.782, 127
Trd, 8639604.132, 102
Trd, 8639604.882, 101
Trd, 8639606.132, 128
Trd, 8639606.182, 105
Trd, 8639606.432, 75
Trd, 8639607.832, 64
Trd, 8639608.032, 89
Trd, 8639608.682, 85
Trd, 8639609.432, 121
Trd, 8639610.032, 130
Trd, 8639610.532, 72
Trd, 8639611.432, 97
Trd, 8639612.782, 77
Trd, 8639613.232, 82
Trd, 8639613.882, 99
Trd, 8639614.032, 72
Trd, 8639614.632, 96
Trd, 8639615.582, 98
Trd, 8639615.832, 92
Trd, 8639616.332, 89
Trd, 8639617.782, 102
Trd, 8639618.482, 79
Trd, 8639618.782, 107
Trd, 8639619.932, 82
Trd, 8639620.732, 64
Trd, 8639620.982, 109
Trd, 8639621.732, 63
Trd, 8639621.832, 80
Trd, 8639624.632, 113
Trd, 8639625.032, 118
Trd, 8639626.182, 88
Trd, 8639626.282, 88
Trd, 8639627.232, 108
Trd, 8639627.332, 83
Trd, 8639627.632, 79
Trd, 8639628.782, 81
Trd, 8639629.482, 111
Trd, 8639630.182, 93
Trd, 8639630.882, 72
Trd, 8639631.432, 110
Trd, 8639631.532, 68
Trd, 8639631.982, 69
Trd, 8639633.932, 102
Trd, 8639634.232, 77
Trd, 8639635.532, 78
Trd, 8639635.882, 80
Trd, 8639636.382, 112
Trd, 8639636.682, 78
Trd, 8639637.332, 82
Trd, 8639637.532, 119
Trd, 8639638.682, 74
Trd, 8639638.782, 78
Trd, 8639639.082, 60
Trd, 8639641.432, 124
Trd, 8639642.782, 140
Trd, 8639643.882, 139
Trd, 8639643.932, 127
Trd, 8639644.382, 114
Trd, 8639645.132, 69
Trd, 8639646.382, 90
Trd, 8639646.482, 74
Trd, 8639648.482, 78
Trd, 8639649.132, 114
Trd, 8639650.282, 61
Trd, 8639652.482, 119
Trd, 8639652.732, 124
Trd, 8639652.982, 117
Trd, 8639653.082, 117
Trd, 8639653.282, 105
Trd, 8639653.882, 116
Trd, 8639654.432, 99
Trd, 8639654.532, 95
Trd, 8639655.432, 90
Trd, 8639656.932, 115
Trd, 8639657.332, 118
Trd, 8639657.432, 115
Trd, 8639657.632, 100
Trd, 8639658.782, 127
Trd, 8639660.632, 100
Trd, 8639660.832, 115
Trd, 8639661.032, 97
Trd, 8639662.232, 85
Trd, 8639663.182, 117
Trd, 8639663.332, 117
Trd, 8639663.482, 86
Trd, 8639664.232, 110
Trd, 8639665.132, 84
Trd, 8639665.832, 83
Trd, 8639665.932, 137
Trd, 8639666.332, 82
Trd, 8639667.282, 76
Trd, 8639667.582, 122
Trd, 8639668.482, 67
Trd, 8639668.532, 75
Trd, 8639669.932, 115
Trd, 8639671.282, 84
Trd, 8639671.582, 73
Trd, 8639671.632, 71
Trd, 8639672.732, 76
Trd, 8639672.832, 75
Trd, 8639674.182, 136
Trd, 8639675.182, 100
Trd, 8639675.682, 101
Trd, 8639676.582, 75
Trd, 8639676.632, 96
Trd, 8639677.182, 72
Trd, 8639677.932, 87
Trd, 8639678.582, 106
Trd, 8639678.982, 70
Trd, 8639679.982, 79
Trd, 8639680.632, 115
Trd, 8639682.032, 97
Trd, 8639682.982, 97
Trd, 8639683.032, 86
Trd, 8639684.082, 109
Trd, 8639684.232, 113
Trd, 8639685.132, 119
Trd, 8639685.782, 118
Trd, 8639686.032, 126
Trd, 8639687.332, 125
Trd, 8639687.782, 115
Trd, 8639688.582, 86
Trd, 8639689.482, 69
Trd, 8639690.582, 127
Trd, 8639692.132, 91
Trd, 8639692.532, 88
Trd, 8639692.732, 100
Trd, 8639693.332, 75
Trd, 8639694.732, 94
Trd, 8639695.382, 89
Trd, 8639696.882, 124
Trd, 8639697.582, 120
Trd, 8639697.632, 120
Trd, 8639698.232, 119
Trd, 8639698.332, 118
Trd, 8639698.482, 117
Trd, 8639700.582, 105
Trd, 8639701.232, 96
Trd, 8639701.482, 84
Trd, 8639702.032, 81
Trd, 8639703.032, 120
Trd, 8639703.932, 127
Trd, 8639704.082, 97
Trd, 8639705.182, 106
Trd, 8639705.482, 106
Trd, 8639707.182, 127
Trd, 8639707.782, 123
Trd, 8639708.432, 119
Trd, 8639708.932, 134
Trd, 8639708.982, 132
Trd, 8639709.532, 102
Trd, 8639711.782, 129
Trd, 8639712.082, 110
Trd, 8639712.132, 96
Trd, 8639712.832, 96
Trd, 8639715.382, 104
Trd, 8639715.682, 105
Trd, 8639716.182, 102
Trd, 8639716.382, 92
Trd, 8639718.282, 134
Trd, 8639718.482, 100
Trd, 8639719.332, 105
Trd, 8639719.382, 100
Trd, 8639719.932, 108
Trd, 8639719.982, 116
Trd, 8639721.682, 106
Trd, 8639722.832, 64
Trd, 8639723.582, 99
Trd, 8639723.982, 76
Trd, 8639724.482, 96
Trd, 8639724.882, 116
Trd, 8639725.032, 116
Trd, 8639725.632, 90
Trd, 8639726.532, 93
Trd, 8639728.532, 123
Trd, 8639729.282, 127
Trd, 8639729.982, 121
Trd, 8639730.782, 130
Trd, 8639731.332, 102
Trd, 8639732.632, 116
Trd, 8639733.282, 113
Trd, 8639733.882, 86
Trd, 8639734.482, 84
Trd, 8639734.632, 63
Trd, 8639737.882, 93
Trd, 8639737.932, 83
Trd, 8639738.682, 88
Trd, 8639739.282, 118
Trd, 8639739.632, 85
Trd, 8639740.182, 104
Trd, 8639740.232, 84
Trd, 8639741.682, 75
Trd, 8639742.182, 118
Trd, 8639743.082, 108
Trd, 8639743.782, 109
Trd, 8639743.882, 109
Trd, 8639743.982, 93
Trd, 8639745.932, 101
Trd, 8639746.132, 86
Trd, 8639747.782, 108
Trd, 8639748.182, 108
Trd, 8639748.782, 97
Trd, 8639749.382, 138
Trd, 8639749.782, 117
Trd, 8639750.432, 116
Trd, 8639750.482, 116
Trd, 8639750.632, 108
Trd, 8639752.482, 93
Trd, 8639752.582, 90
Trd, 8639754.632, 62
Trd, 8639756.032, 83
Trd, 8639756.682, 72
Trd, 8639756.932, 83
Trd, 8639757.232, 67
Trd, 8639757.332, 64
Trd, 8639757.882, 83
Trd, 8639758.832, 89
Trd, 8639760.732, 118
Trd, 8639760.782, 116
Trd, 8639761.732, 95
Trd, 8639762.832, 123
Trd, 8639763.132, 106
Trd, 8639763.832, 94
Trd, 8639764.582, 93
Trd, 8639764.632, 90
Trd, 8639765.632, 82
Trd, 8639765.932, 97
Trd, 8639768.232, 132
Trd, 8639768.832, 132
Trd, 8639769.282, 107
Trd, 8639769.832, 111
Trd, 8639770.632, 98
Trd, 8639772.482, 136
Trd, 8639772.832, 112
Trd, 8639773.632, 90
Trd, 8639775.532, 90
Trd, 8639776.032, 94
Trd, 8639777.182, 124
Trd, 8639777.882, 113
Trd, 8639777.932, 110
Trd, 8639778.432, 100
Trd, 8639779.182, 123
Trd, 8639779.382, 100
Trd, 8639779.482, 100
Trd, 8639781.032, 120
Trd, 8639781.432, 86
Trd, 8639782.382, 107
Trd, 8639782.732, 83
Trd, 8639782.782, 78
Trd, 8639782.932, 62
Trd, 8639784.082, 76
Trd, 8639785.882, 102
Trd, 8639786.182, 117
Trd, 8639787.082, 68
Trd, 8639788.882, 111
Trd, 8639789.432, 87
Trd, 8639789.482, 69
Trd, 8639790.282, 106
Trd, 8639790.982, 102
Trd, 8639792.182, 128
Trd, 8639792.282, 128
Trd, 8639793.082, 117
Trd, 8639793.982, 88
Trd, 8639794.182, 87
Trd, 8639795.732, 72
Trd, 8639795.882, 83
Trd, 8639795.932, 121
Trd, 8639797.932, 127
Trd, 8639798.132, 118
Trd, 8639799.332, 117
Trd, 8639799.632, 118
Trd, 8639800.532, 117
Trd, 8639800.782, 98
Trd, 8639800.832, 98
Trd, 8639801.532, 133
Trd, 8639802.182, 66
Trd, 8639802.782, 61
Trd, 8639803.682, 79
Trd, 8639804.632, 84
Trd, 8639805.282, 69
Trd, 8639805.882, 122
Trd, 8639806.132, 77
Trd, 8639809.182, 63
Trd, 8639810.132, 108
Trd, 8639810.632, 124
Trd, 8639810.932, 107
Trd, 8639811.682, 125
Trd, 8639811.782, 127
Trd, 8639812.432, 93
Trd, 8639812.682, 71
Trd, 8639813.482, 84
Trd, 8639813.532, 62
Trd, 8639814.932, 82
Trd, 8639815.932, 66
Trd, 8639816.982, 80
Trd, 8639818.882, 60
Trd, 8639819.082, 70
Trd, 8639819.232, 111
Trd, 8639820.032, 99
Trd, 8639821.182, 106
Trd, 8639821.782, 102
Trd, 8639822.032, 97
Trd, 8639823.232, 106
Trd, 8639823.632, 124
Trd, 8639823.832, 94
Trd, 8639824.332, 94
Trd, 8639825.982, 115
Trd, 8639827.432, 114
Trd, 8639827.682, 138
Trd, 8639827.832, 113
Trd, 8639828.032, 96
Trd, 8639829.082, 131
Trd, 8639831.032, 75
Trd, 8639832.032, 109
Trd, 8639832.532, 82
Trd, 8639832.882, 76
Trd, 8639833.182, 113
Trd, 8639833.932, 114
Trd, 8639834.032, 86
Trd, 8639834.682, 115
Trd, 8639835.932, 104
Trd, 8639836.782, 100
Trd, 8639837.432, 68
Trd, 8639838.982, 67
Trd, 8639839.532, 71
Trd, 8639839.882, 69
Trd, 8639840.582, 140
Trd, 8639840.982, 84
Trd, 8639843.232, 128
Trd, 8639843.582, 93
Trd, 8639844.232, 94
Trd, 8639845.332, 102
Trd, 8639845.482, 94
Trd, 8639845.932, 80
Trd, 8639846.132, 86
Trd, 8639847.982, 96
Trd, 8639849.182, 73
Trd, 8639850.032, 84
Trd, 8639850.632, 75
Trd, 8639851.082, 110
Trd, 8639851.932, 122
Trd, 8639852.032, 122
Trd, 8639854.532, 99
Trd, 8639854.682, 105
Trd, 8639854.732, 94
Trd, 8639855.532, 115
Trd, 8639855.982, 113
Trd, 8639857.132, 126
Trd, 8639857.482, 116
Trd, 8639858.932, 130
Trd, 8639859.732, 115
Trd, 8639860.832, 103
Trd, 8639861.932, 102
Trd, 8639862.732, 101
Trd, 8639863.082, 98
Trd, 8639863.382, 119
Trd, 8639864.282, 89
Trd, 8639864.582, 95
Trd, 8639865.982, 63
Trd, 8639866.332, 79
Trd, 8639867.682, 84
Trd, 8639868.232, 88
Trd, 8639868.482, 85
Trd, 8639869.032, 98
Trd, 8639869.832, 84
Trd, 8639870.782, 83
Trd, 8639871.432, 124
Trd, 8639871.632, 94
Trd, 8639872.582, 98
Trd, 8639872.732, 108
Trd, 8639873.082, 82
Trd, 8639873.732, 62
Trd, 8639875.432, 63
Trd, 8639876.032, 90
Trd, 8639876.132, 78
Trd, 8639879.082, 63
Trd, 8639879.232, 102
Trd, 8639880.732, 87
Trd, 8639881.382, 86
Trd, 8639881.632, 93
Trd, 8639881.882, 113
Trd, 8639882.782, 95
Trd, 8639884.132, 100
Trd, 8639884.232, 97
Trd, 8639884.682, 99
Trd, 8639885.382, 118
Trd, 8639885.732, 98
Trd, 8639886.132, 118
Trd, 8639886.732, 72
Trd, 8639887.182, 70
Trd, 8639887.682, 63
Trd, 8639888.832, 126
Trd, 8639889.382, 125
Trd, 8639889.532, 91
Trd, 8639891.482, 91
Trd, 8639891.582, 90
Trd, 8639891.682, 76
Trd, 8639892.732, 121
Trd, 8639893.132, 89
Trd, 8639894.582, 69
Trd, 8639895.932, 64
Trd, 8639896.482, 72
Trd, 8639897.032, 90
Trd, 8639898.082, 90
Trd, 8639899.182, 87
Trd, 8639899.432, 83
Trd, 8639900.032, 64
Trd, 8639901.282, 65
Trd, 8639902.682, 83
Trd, 8639903.132, 94
Trd, 8639903.882, 71
Trd, 8639904.282, 79
Trd, 8639904.582, 118
Trd, 8639905.132, 100
Trd, 8639905.682, 69
Trd, 8639907.682, 74
Trd, 8639908.232, 95
Trd, 8639908.482, 95
Trd, 8639908.732, 121
Trd, 8639909.232, 74
Trd, 8639909.682, 61
Trd, 8639910.282, 69
Trd, 8639911.332, 62
Trd, 8639913.032, 102
Trd, 8639913.182, 109
Trd, 8639914.282, 96
Trd, 8639914.332, 83
Trd, 8639915.032, 83
Trd, 8639916.282, 104
Trd, 8639916.932, 97
Trd, 8639917.432, 69
Trd, 8639918.132, 93
Trd, 8639920.182, 125
Trd, 8639921.032, 122
Trd, 8639921.282, 120
Trd, 8639921.632, 104
Trd, 8639922.182, 93
Trd, 8639924.632, 121
Trd, 8639924.682, 125
Trd, 8639926.132, 99
Trd, 8639926.332, 84
Trd, 8639926.632, 94
Trd, 8639927.232, 88
Trd, 8639927.682, 84
Trd, 8639929.032, 102
Trd, 8639929.982, 118
Trd, 8639930.432, 105
Trd, 8639930.832, 93
Trd, 8639931.682, 106
Trd, 8639931.832, 93
Trd, 8639933.832, 139
Trd, 8639934.032, 96
Trd, 8639934.282, 116
Trd, 8639935.232, 105
Trd, 8639935.782, 97
Trd, 8639935.982, 89
Trd, 8639936.182, 118
Trd, 8639936.632, 88
Trd, 8639936.782, 87
Trd, 8639937.732, 97
Trd, 8639938.782, 71
Trd, 8639940.182, 93
Trd, 8639940.632, 111
Trd, 8639942.032, 117
Trd, 8639942.532, 117
Trd, 8639942.782, 96
Trd, 8639944.482, 132
Trd, 8639945.582, 117
Trd, 8639946.032, 93
Trd, 8639946.132, 95
Trd, 8639947.132, 87
Trd, 8639947.282, 89
Trd, 8639949.432, 61
Trd, 8639950.532, 63
Trd, 8639950.682, 76
Trd, 8639951.182, 75
Trd, 8639951.882, 78
Trd, 8639954.382, 77
Trd, 8639954.432, 84
Trd, 8639954.832, 72
Trd, 8639955.132, 109
Trd, 8639956.732, 91
Trd, 8639956.882, 94
Trd, 8639958.032, 120
Trd, 8639958.332, 120
Trd, 8639959.432, 79
Trd, 8639961.582, 89
Trd, 8639961.732, 118
Trd, 8639962.582, 88
Trd, 8639962.982, 84
Trd, 8639963.082, 82
Trd, 8639964.532, 64
Trd, 8639964.732, 62
Trd, 8639965.382, 126
Trd, 8639966.732, 91
Trd, 8639967.732, 119
Trd, 8639967.932, 91
Trd, 8639968.782, 114
Trd, 8639969.132, 113
Trd, 8639969.432, 87
Trd, 8639970.432, 104
Trd, 8639971.232, 105
Trd, 8639971.632, 82
Trd, 8639972.932, 87
Trd, 8639974.732, 135
Trd, 8639975.282, 136
Trd, 8639976.082, 109
Trd, 8639976.332, 96
Trd, 8639976.482, 95
Trd, 8639976.932, 93
Trd, 8639978.482, 90
Trd, 8639979.182, 81
Trd, 8639979.532, 73
Trd, 8639980.632, 123
Trd, 8639980.982, 122
Trd, 8639981.682, 122
Trd, 8639983.582, 83
Trd, 8639983.932, 95
Trd, 8639984.782, 82
Trd, 8639985.032, 131
Trd, 8639987.282, 84
Trd, 8639988.132, 63
Trd, 8639989.632, 63
Trd, 8639989.682, 82
Trd, 8639990.232, 134
Trd, 8639991.282, 126
Trd, 8639991.632, 126
Trd, 8639991.832, 131
Trd, 8639993.032, 83
Trd, 8639993.082, 62
Trd, 8639993.582, 62
Trd, 8639994.282, 78
Trd, 8639995.682, 122
Trd, 8639996.632, 103
Trd, 8639996.982, 78
Trd, 8639997.582, 70
Trd, 8639998.432, 95
Trd, 8639998.932, 62
