Trd, 8638120.132, 97
Trd, 8638120.582, 109
Trd, 8638121.232, 108
Trd, 8638122.382, 102
Trd, 8638122.632, 97
Trd, 8638123.082, 103
Trd, 8638124.482, 65
Trd, 8638125.832, 80
Trd, 8638125.982, 111
Trd, 8638126.732, 104
Trd, 8638126.982, 108
Trd, 8638127.482, 109
Trd, 8638127.982, 68
Trd, 8638128.682, 71
Trd, 8638129.732, 71
Trd, 8638131.632, 122
Trd, 8638132.232, 124
Trd, 8638132.282, 123
Trd, 8638132.732, 120
Trd, 8638133.032, 90
Trd, 8638133.332, 82
Trd, 8638133.932, 89
Trd, 8638135.732, 106
Trd, 8638136.482, 103
Trd, 8638136.732, 117
Trd, 8638137.282, 105
Trd, 8638137.582, 104
Trd, 8638137.982, 106
Trd, 8638138.182, 91
Trd, 8638139.932, 98
Trd, 8638140.232, 92
Trd, 8638140.882, 95
Trd, 8638141.482, 128
Trd, 8638142.432, 82
Trd, 8638142.882, 71
Trd, 8638144.432, 101
Trd, 8638144.882, 106
Trd, 8638146.032, 109
Trd, 8638146.282, 85
Trd, 8638146.582, 109
Trd, 8638148.632, 67
Trd, 8638149.632, 80
Trd, 8638149.832, 69
Trd, 8638150.032, 64
Trd, 8638150.582, 102
Trd, 8638150.932, 78
Trd, 8638151.332, 98
Trd, 8638152.832, 104
Trd, 8638153.132, 102
Trd, 8638153.732, 111
Trd, 8638153.832, 103
Trd, 8638155.232, 93
Trd, 8638155.382, 78
Trd, 8638156.032, 110
Trd, 8638156.782, 86
Trd, 8638157.532, 88
Trd, 8638158.132, 105
Trd, 8638159.232, 92
Trd, 8638159.982, 91
Trd, 8638161.532, 88
Trd, 8638162.182, 94
Trd, 8638163.332, 90
Trd, 8638163.682, 94
Trd, 8638163.782, 81
Trd, 8638164.032, 79
Trd, 8638164.732, 64
Trd, 8638166.782, 102
Trd, 8638168.182, 123
Trd, 8638169.032, 104
Trd, 8638170.032, 100
Trd, 8638171.632, 103
Trd, 8638172.582, 130
Trd, 8638172.882, 130
Trd, 8638172.982, 114
Trd, 8638173.332, 133
Trd, 8638174.482, 132
Trd, 8638175.232, 124
Trd, 8638176.132, 107
Trd, 8638176.482, 105
Trd, 8638176.932, 80
Trd, 8638177.082, 112
Trd, 8638178.332, 110
Trd, 8638179.032, 127
Trd, 8638179.682, 115
Trd, 8638181.182, 86
Trd, 8638181.332, 86
Trd, 8638182.332, 93
Trd, 8638182.432, 75
Trd, 8638182.582, 121
Trd, 8638183.082, 73
Trd, 8638184.632, 100
Trd, 8638186.082, 116
Trd, 8638187.482, 119
Trd, 8638188.332, 133
Trd, 8638188.532, 120
Trd, 8638188.782, 91
Trd, 8638189.732, 99
Trd, 8638190.782, 101
Trd, 8638191.732, 101
Trd, 8638192.082, 101
Trd, 8638192.132, 100
Trd, 8638192.232, 92
Trd, 8638193.232, 127
Trd, 8638193.532, 105
Trd, 8638194.182, 103
Trd, 8638194.682, 101
Trd, 8638196.932, 116
Trd, 8638197.132, 102
Trd, 8638197.332, 100
Trd, 8638198.032, 98
Trd, 8638198.132, 90
Trd, 8638199.432, 60
Trd, 8638200.282, 69
Trd, 8638200.882, 66
Trd, 8638201.582, 67
Trd, 8638201.882, 70
Trd, 8638202.882, 71
Trd, 8638203.232, 69
Trd, 8638203.682, 73
Trd, 8638204.682, 70
Trd, 8638205.082, 91
Trd, 8638206.132, 116
Trd, 8638207.632, 104
Trd, 8638207.932, 112
Trd, 8638208.282, 104
Trd, 8638209.082, 133
Trd, 8638210.132, 132
Trd, 8638210.182, 106
Trd, 8638210.482, 100
Trd, 8638210.532, 86
Trd, 8638212.182, 104
Trd, 8638212.332, 119
Trd, 8638212.682, 104
Trd, 8638212.832, 103
Trd, 8638214.382, 82
Trd, 8638216.032, 138
Trd, 8638216.332, 137
Trd, 8638216.532, 82
Trd, 8638217.582, 93
Trd, 8638217.782, 65
Trd, 8638219.232, 95
Trd, 8638219.282, 120
Trd, 8638220.632, 76
Trd, 8638220.932, 64
Trd, 8638222.832, 96
Trd, 8638223.232, 117
Trd, 8638223.482, 97
Trd, 8638223.682, 96
Trd, 8638223.882, 66
Trd, 8638225.532, 72
Trd, 8638225.882, 102
Trd, 8638226.032, 71
Trd, 8638226.582, 75
Trd, 8638227.232, 62
Trd, 8638228.482, 63
Trd, 8638229.482, 109
Trd, 8638230.382, 109
Trd, 8638231.682, 98
Trd, 8638231.932, 86
Trd, 8638232.682, 120
Trd, 8638233.282, 105
Trd, 8638233.632, 101
Trd, 8638233.682, 100
Trd, 8638236.382, 135
Trd, 8638236.932, 115
Trd, 8638236.982, 96
Trd, 8638238.632, 69
Trd, 8638239.482, 79
Trd, 8638240.182, 67
Trd, 8638241.032, 60
Trd, 8638242.032, 81
Trd, 8638243.682, 127
Trd, 8638244.482, 134
Trd, 8638245.082, 102
Trd, 8638245.932, 127
Trd, 8638246.032, 125
Trd, 8638247.732, 124
Trd, 8638247.832, 123
Trd, 8638249.232, 119
Trd, 8638249.382, 109
Trd, 8638250.682, 129
Trd, 8638251.032, 84
Trd, 8638251.982, 111
Trd, 8638252.982, 111
Trd, 8638253.432, 110
Trd, 8638253.482, 105
Trd, 8638254.432, 117
Trd, 8638255.482, 102
Trd, 8638255.632, 103
Trd, 8638256.632, 113
Trd, 8638256.882, 112
Trd, 8638257.332, 83
Trd, 8638258.782, 124
Trd, 8638259.182, 114
Trd, 8638260.232, 113
Trd, 8638260.732, 92
Trd, 8638261.732, 65
Trd, 8638261.832, 78
Trd, 8638263.582, 113
Trd, 8638264.082, 75
Trd, 8638264.632, 129
Trd, 8638265.182, 70
Trd, 8638267.082, 70
Trd, 8638267.332, 67
Trd, 8638268.132, 75
Trd, 8638268.332, 74
Trd, 8638268.782, 63
Trd, 8638269.932, 107
Trd, 8638270.532, 67
Trd, 8638272.632, 98
Trd, 8638273.132, 81
Trd, 8638273.332, 135
Trd, 8638274.132, 83
Trd, 8638274.532, 109
Trd, 8638275.232, 119
Trd, 8638275.282, 87
Trd, 8638277.532, 77
Trd, 8638277.632, 75
Trd, 8638277.782, 74
Trd, 8638278.832, 69
Trd, 8638281.082, 112
Trd, 8638282.032, 135
Trd, 8638282.882, 109
Trd, 8638283.782, 110
Trd, 8638284.082, 108
Trd, 8638284.382, 89
Trd, 8638285.882, 125
Trd, 8638286.932, 122
Trd, 8638287.532, 60
Trd, 8638287.632, 68
Trd, 8638288.232, 100
Trd, 8638288.832, 99
Trd, 8638291.182, 140
Trd, 8638291.532, 140
Trd, 8638292.232, 138
Trd, 8638292.332, 119
Trd, 8638294.482, 108
Trd, 8638295.632, 118
Trd, 8638295.832, 81
Trd, 8638297.382, 128
Trd, 8638297.882, 79
Trd, 8638298.532, 123
Trd, 8638298.782, 80
Trd, 8638300.082, 80
Trd, 8638300.732, 109
Trd, 8638301.082, 108
Trd, 8638301.182, 77
Trd, 8638302.982, 105
Trd, 8638303.082, 102
Trd, 8638303.132, 101
Trd, 8638303.432, 94
Trd, 8638305.682, 62
Trd, 8638305.832, 71
Trd, 8638306.832, 110
Trd, 8638307.982, 123
Trd, 8638308.532, 122
Trd, 8638309.382, 117
Trd, 8638309.782, 117
Trd, 8638310.582, 107
Trd, 8638311.182, 95
Trd, 8638312.082, 82
Trd, 8638313.232, 73
Trd, 8638314.032, 102
Trd, 8638314.482, 90
Trd, 8638314.582, 89
Trd, 8638316.132, 83
Trd, 8638317.232, 98
Trd, 8638317.282, 96
Trd, 8638318.382, 77
Trd, 8638319.332, 91
Trd, 8638320.582, 110
Trd, 8638321.332, 109
Trd, 8638321.782, 97
Trd, 8638321.982, 72
Trd, 8638322.682, 124
Trd, 8638323.032, 109
Trd, 8638324.782, 128
Trd, 8638325.382, 128
Trd, 8638326.032, 88
Trd, 8638326.082, 87
Trd, 8638328.232, 135
Trd, 8638328.282, 134
Trd, 8638328.632, 99
Trd, 8638328.682, 78
Trd, 8638329.482, 72
Trd, 8638330.832, 69
Trd, 8638331.282, 67
Trd, 8638332.332, 60
Trd, 8638333.382, 61
Trd, 8638333.932, 83
Trd, 8638335.032, 76
Trd, 8638336.082, 133
Trd, 8638336.382, 111
Trd, 8638336.782, 107
Trd, 8638338.032, 93
Trd, 8638339.282, 93
Trd, 8638339.332, 79
Trd, 8638339.532, 78
Trd, 8638340.482, 109
Trd, 8638340.682, 78
Trd, 8638340.832, 75
Trd, 8638342.582, 121
Trd, 8638343.832, 133
Trd, 8638344.982, 120
Trd, 8638345.732, 129
Trd, 8638346.432, 116
Trd, 8638346.682, 123
Trd, 8638347.482, 81
Trd, 8638348.582, 63
Trd, 8638348.982, 64
Trd, 8638350.732, 64
Trd, 8638350.982, 107
Trd, 8638352.432, 110
Trd, 8638352.582, 118
Trd, 8638353.332, 110
Trd, 8638354.182, 104
Trd, 8638354.482, 124
Trd, 8638355.882, 68
Trd, 8638356.432, 85
Trd, 8638358.732, 100
Trd, 8638359.032, 88
Trd, 8638360.032, 110
Trd, 8638360.632, 101
Trd, 8638361.032, 112
Trd, 8638361.282, 113
Trd, 8638362.232, 92
Trd, 8638363.332, 91
Trd, 8638364.132, 75
Trd, 8638364.232, 76
Trd, 8638365.532, 98
Trd, 8638367.232, 63
Trd, 8638367.532, 108
Trd, 8638368.332, 115
Trd, 8638369.332, 129
Trd, 8638369.482, 111
Trd, 8638369.532, 110
Trd, 8638369.582, 102
Trd, 8638369.982, 72
Trd, 8638371.582, 132
Trd, 8638371.882, 132
Trd, 8638372.482, 131
Trd, 8638374.332, 61
Trd, 8638375.082, 74
Trd, 8638375.682, 101
Trd, 8638375.732, 67
Trd, 8638377.432, 93
Trd, 8638378.282, 125
Trd, 8638378.532, 69
Trd, 8638379.232, 118
Trd, 8638379.482, 78
Trd, 8638380.182, 93
Trd, 8638380.332, 91
Trd, 8638382.732, 63
Trd, 8638383.432, 80
Trd, 8638384.782, 116
Trd, 8638385.682, 78
Trd, 8638386.032, 93
Trd, 8638386.332, 79
Trd, 8638386.382, 77
Trd, 8638386.632, 81
Trd, 8638386.982, 60
Trd, 8638387.582, 91
Trd, 8638389.282, 122
Trd, 8638390.132, 99
Trd, 8638390.932, 109
Trd, 8638391.632, 101
Trd, 8638391.982, 101
Trd, 8638392.232, 74
Trd, 8638393.182, 60
Trd, 8638394.232, 63
Trd, 8638394.782, 92
Trd, 8638395.482, 129
Trd, 8638398.032, 129
Trd, 8638398.132, 128
Trd, 8638398.182, 127
Trd, 8638398.632, 89
Trd, 8638400.032, 76
Trd, 8638401.032, 102
Trd, 8638401.782, 93
Trd, 8638403.182, 83
Trd, 8638404.032, 107
Trd, 8638404.832, 74
Trd, 8638405.782, 75
Trd, 8638405.882, 79
Trd, 8638406.132, 73
Trd, 8638406.882, 122
Trd, 8638408.282, 76
Trd, 8638411.032, 95
Trd, 8638411.232, 94
Trd, 8638411.482, 88
Trd, 8638413.182, 69
Trd, 8638413.282, 66
Trd, 8638413.532, 61
Trd, 8638413.882, 85
Trd, 8638413.982, 84
Trd, 8638414.332, 68
Trd, 8638415.782, 113
Trd, 8638416.782, 113
Trd, 8638416.832, 112
Trd, 8638416.982, 78
Trd, 8638418.332, 70
Trd, 8638419.082, 111
Trd, 8638420.282, 69
Trd, 8638420.782, 62
Trd, 8638421.082, 61
Trd, 8638421.582, 91
Trd, 8638421.632, 90
Trd, 8638421.782, 75
Trd, 8638423.382, 76
Trd, 8638425.782, 89
Trd, 8638426.082, 88
Trd, 8638427.632, 126
Trd, 8638428.032, 103
Trd, 8638428.332, 110
Trd, 8638428.482, 109
Trd, 8638430.482, 100
Trd, 8638430.632, 80
Trd, 8638430.832, 107
Trd, 8638430.932, 67
Trd, 8638433.032, 70
Trd, 8638433.282, 70
Trd, 8638433.582, 71
Trd, 8638433.882, 107
Trd, 8638434.432, 123
Trd, 8638435.332, 117
Trd, 8638436.482, 119
Trd, 8638436.732, 78
Trd, 8638436.982, 83
Trd, 8638438.332, 102
Trd, 8638438.682, 110
Trd, 8638438.732, 95
Trd, 8638439.232, 91
Trd, 8638440.432, 101
Trd, 8638440.682, 97
Trd, 8638440.932, 99
Trd, 8638441.432, 69
Trd, 8638442.632, 88
Trd, 8638443.382, 110
Trd, 8638443.832, 92
Trd, 8638444.832, 64
Trd, 8638446.582, 64
Trd, 8638447.232, 70
Trd, 8638447.282, 67
Trd, 8638447.432, 93
Trd, 8638448.882, 104
Trd, 8638450.082, 132
Trd, 8638451.182, 106
Trd, 8638452.032, 88
Trd, 8638452.082, 102
Trd, 8638452.232, 120
Trd, 8638452.682, 115
Trd, 8638453.282, 62
Trd, 8638455.582, 114
Trd, 8638456.932, 126
Trd, 8638456.982, 117
Trd, 8638457.182, 113
Trd, 8638457.582, 104
Trd, 8638458.582, 72
Trd, 8638458.632, 65
Trd, 8638459.132, 87
Trd, 8638460.832, 124
Trd, 8638462.082, 104
Trd, 8638462.382, 76
Trd, 8638463.532, 136
Trd, 8638464.382, 125
Trd, 8638465.082, 102
Trd, 8638465.532, 72
Trd, 8638465.982, 75
Trd, 8638466.132, 106
Trd, 8638467.332, 113
Trd, 8638467.932, 108
Trd, 8638468.432, 107
Trd, 8638469.232, 101
Trd, 8638469.632, 124
Trd, 8638470.982, 95
Trd, 8638472.032, 65
Trd, 8638472.532, 63
Trd, 8638474.632, 114
Trd, 8638474.732, 113
Trd, 8638474.882, 113
Trd, 8638475.882, 97
Trd, 8638478.182, 114
Trd, 8638478.532, 107
Trd, 8638479.282, 110
Trd, 8638479.382, 100
Trd, 8638479.732, 96
Trd, 8638480.232, 62
Trd, 8638480.532, 76
Trd, 8638482.132, 63
Trd, 8638482.782, 64
Trd, 8638483.382, 72
Trd, 8638484.232, 77
Trd, 8638485.832, 85
Trd, 8638486.982, 123
Trd, 8638487.382, 123
Trd, 8638487.982, 125
Trd, 8638488.632, 125
Trd, 8638489.482, 60
Trd, 8638489.582, 75
Trd, 8638490.282, 110
Trd, 8638491.432, 105
Trd, 8638491.782, 96
Trd, 8638493.032, 107
Trd, 8638493.432, 73
Trd, 8638493.632, 71
Trd, 8638494.432, 99
Trd, 8638495.782, 92
Trd, 8638497.482, 95
Trd, 8638497.682, 94
Trd, 8638498.682, 122
Trd, 8638499.282, 114
Trd, 8638499.532, 104
Trd, 8638500.382, 118
Trd, 8638500.482, 97
Trd, 8638501.532, 103
Trd, 8638501.582, 94
Trd, 8638502.482, 118
Trd, 8638502.682, 114
Trd, 8638502.982, 109
Trd, 8638504.032, 103
Trd, 8638505.732, 104
Trd, 8638505.832, 74
Trd, 8638507.282, 105
Trd, 8638507.432, 104
Trd, 8638507.532, 100
Trd, 8638509.482, 119
Trd, 8638510.032, 114
Trd, 8638510.932, 111
Trd, 8638511.082, 94
Trd, 8638511.632, 83
Trd, 8638513.332, 112
Trd, 8638515.332, 93
Trd, 8638515.532, 92
Trd, 8638515.582, 74
Trd, 8638515.732, 108
Trd, 8638516.182, 129
Trd, 8638516.732, 102
Trd, 8638516.882, 101
Trd, 8638517.232, 65
Trd, 8638518.682, 122
Trd, 8638520.432, 140
Trd, 8638520.632, 114
Trd, 8638520.682, 111
Trd, 8638521.382, 106
Trd, 8638521.732, 99
Trd, 8638522.182, 97
Trd, 8638523.082, 102
Trd, 8638523.382, 94
Trd, 8638523.732, 78
Trd, 8638526.582, 60
Trd, 8638527.582, 61
Trd, 8638527.882, 60
Trd, 8638527.982, 81
Trd, 8638530.182, 82
Trd, 8638530.782, 106
Trd, 8638530.982, 83
Trd, 8638532.182, 114
Trd, 8638533.232, 109
Trd, 8638533.382, 108
Trd, 8638533.432, 129
Trd, 8638533.732, 122
Trd, 8638534.782, 98
Trd, 8638534.882, 97
Trd, 8638536.282, 126
Trd, 8638536.782, 125
Trd, 8638537.082, 121
Trd, 8638537.332, 106
Trd, 8638538.632, 84
Trd, 8638539.332, 128
Trd, 8638539.382, 111
Trd, 8638539.632, 83
Trd, 8638540.982, 84
Trd, 8638541.032, 88
Trd, 8638541.532, 107
Trd, 8638543.232, 91
Trd, 8638543.382, 84
Trd, 8638543.582, 90
Trd, 8638543.832, 134
Trd, 8638545.382, 121
Trd, 8638546.332, 100
Trd, 8638546.932, 100
Trd, 8638547.082, 105
Trd, 8638547.432, 100
Trd, 8638547.732, 100
Trd, 8638548.482, 102
Trd, 8638549.382, 99
Trd, 8638549.732, 76
Trd, 8638550.982, 88
Trd, 8638552.832, 93
Trd, 8638553.482, 91
Trd, 8638553.732, 111
Trd, 8638554.132, 73
Trd, 8638555.032, 64
Trd, 8638555.432, 67
Trd, 8638556.182, 107
Trd, 8638556.732, 61
Trd, 8638558.982, 74
Trd, 8638559.532, 106
Trd, 8638560.332, 83
Trd, 8638560.782, 65
Trd, 8638561.282, 65
Trd, 8638562.332, 62
Trd, 8638562.482, 88
Trd, 8638562.832, 70
Trd, 8638563.882, 121
Trd, 8638564.282, 87
Trd, 8638564.582, 87
Trd, 8638564.732, 86
Trd, 8638564.982, 73
Trd, 8638565.482, 78
Trd, 8638566.332, 78
Trd, 8638566.932, 68
Trd, 8638568.832, 77
Trd, 8638569.582, 79
Trd, 8638569.732, 78
Trd, 8638570.232, 76
Trd, 8638572.032, 76
Trd, 8638572.782, 76
Trd, 8638572.932, 73
Trd, 8638573.282, 68
Trd, 8638574.582, 134
Trd, 8638576.132, 96
Trd, 8638577.782, 96
Trd, 8638578.182, 96
Trd, 8638578.332, 108
Trd, 8638579.432, 115
Trd, 8638579.482, 114
Trd, 8638581.182, 116
Trd, 8638581.782, 86
Trd, 8638582.632, 92
Trd, 8638583.282, 74
Trd, 8638584.032, 125
Trd, 8638584.232, 115
Trd, 8638584.732, 94
Trd, 8638586.482, 116
Trd, 8638586.982, 112
Trd, 8638588.882, 115
Trd, 8638589.682, 111
Trd, 8638590.132, 112
Trd, 8638590.332, 110
Trd, 8638591.732, 91
Trd, 8638591.832, 85
Trd, 8638591.882, 84
Trd, 8638592.332, 83
Trd, 8638593.732, 120
Trd, 8638594.382, 97
Trd, 8638594.732, 70
Trd, 8638595.332, 60
Trd, 8638595.982, 67
Trd, 8638596.682, 98
Trd, 8638597.582, 83
Trd, 8638598.082, 80
Trd, 8638599.432, 102
Trd, 8638600.382, 113
Trd, 8638602.832, 105
Trd, 8638602.932, 104
Trd, 8638602.982, 98
Trd, 8638603.482, 88
Trd, 8638603.832, 66
Trd, 8638606.882, 60
Trd, 8638607.082, 64
Trd, 8638607.732, 71
Trd, 8638608.082, 118
Trd, 8638609.182, 68
Trd, 8638609.632, 67
Trd, 8638609.732, 85
Trd, 8638609.882, 102
Trd, 8638610.332, 70
Trd, 8638611.132, 68
Trd, 8638611.382, 130
Trd, 8638612.582, 63
Trd, 8638614.632, 94
Trd, 8638614.682, 92
Trd, 8638616.632, 114
Trd, 8638616.982, 117
Trd, 8638617.382, 114
Trd, 8638617.682, 92
Trd, 8638618.582, 82
Trd, 8638619.282, 112
Trd, 8638620.532, 93
Trd, 8638621.182, 78
Trd, 8638621.832, 69
Trd, 8638622.482, 74
Trd, 8638622.732, 64
Trd, 8638624.332, 76
Trd, 8638625.832, 139
Trd, 8638625.932, 138
Trd, 8638626.232, 129
Trd, 8638628.132, 129
Trd, 8638628.432, 81
Trd, 8638629.532, 117
Trd, 8638629.732, 115
Trd, 8638631.532, 137
Trd, 8638631.932, 136
Trd, 8638632.982, 111
Trd, 8638633.932, 113
Trd, 8638634.132, 76
Trd, 8638634.832, 78
Trd, 8638635.482, 90
Trd, 8638636.732, 82
Trd, 8638637.632, 65
Trd, 8638637.982, 72
Trd, 8638639.282, 123
Trd, 8638639.782, 122
Trd, 8638641.182, 126
Trd, 8638641.482, 105
Trd, 8638641.532, 103
Trd, 8638642.032, 130
Trd, 8638643.332, 93
Trd, 8638644.482, 106
Trd, 8638645.232, 85
Trd, 8638647.032, 138
Trd, 8638648.682, 120
Trd, 8638649.282, 122
Trd, 8638649.382, 114
Trd, 8638649.682, 98
Trd, 8638649.732, 88
Trd, 8638650.682, 78
Trd, 8638651.382, 140
Trd, 8638652.282, 136
Trd, 8638653.132, 85
Trd, 8638653.982, 60
Trd, 8638655.032, 121
Trd, 8638655.182, 120
Trd, 8638655.282, 86
Trd, 8638656.032, 129
Trd, 8638658.182, 101
Trd, 8638659.982, 105
Trd, 8638660.032, 89
Trd, 8638660.882, 60
Trd, 8638661.332, 62
Trd, 8638662.632, 88
Trd, 8638664.232, 97
Trd, 8638664.882, 93
Trd, 8638665.682, 81
Trd, 8638666.382, 123
Trd, 8638666.682, 122
Trd, 8638667.582, 88
Trd, 8638667.832, 84
Trd, 8638669.582, 96
Trd, 8638669.932, 126
Trd, 8638670.282, 97
Trd, 8638671.732, 137
Trd, 8638672.532, 127
Trd, 8638673.232, 127
Trd, 8638673.932, 126
Trd, 8638674.832, 70
Trd, 8638674.882, 83
Trd, 8638676.032, 121
Trd, 8638676.382, 120
Trd, 8638676.882, 61
Trd, 8638677.832, 60
Trd, 8638678.832, 80
Trd, 8638679.482, 83
Trd, 8638679.632, 82
Trd, 8638681.032, 96
Trd, 8638681.232, 84
Trd, 8638681.382, 81
Trd, 8638681.482, 73
Trd, 8638681.582, 113
Trd, 8638682.732, 65
Trd, 8638683.982, 68
Trd, 8638684.232, 91
Trd, 8638686.732, 104
Trd, 8638687.132, 117
Trd, 8638687.282, 123
Trd, 8638688.232, 93
Trd, 8638688.532, 91
Trd, 8638688.632, 83
Trd, 8638691.582, 74
Trd, 8638692.032, 69
Trd, 8638692.282, 91
Trd, 8638692.632, 122
Trd, 8638693.382, 72
Trd, 8638693.682, 80
Trd, 8638694.032, 70
Trd, 8638695.432, 90
Trd, 8638696.232, 100
Trd, 8638696.532, 82
Trd, 8638697.532, 120
Trd, 8638698.482, 83
Trd, 8638698.932, 106
Trd, 8638700.632, 114
Trd, 8638702.632, 121
Trd, 8638702.832, 126
Trd, 8638702.982, 118
Trd, 8638703.432, 86
Trd, 8638703.532, 77
Trd, 8638704.132, 122
Trd, 8638704.182, 121
Trd, 8638705.232, 91
Trd, 8638706.682, 63
Trd, 8638707.982, 131
Trd, 8638708.382, 131
Trd, 8638710.332, 130
Trd, 8638710.582, 110
Trd, 8638712.182, 103
Trd, 8638712.282, 91
Trd, 8638712.982, 138
Trd, 8638714.682, 140
Trd, 8638715.432, 120
Trd, 8638715.482, 107
Trd, 8638715.582, 100
Trd, 8638716.582, 104
Trd, 8638716.782, 88
Trd, 8638716.832, 82
Trd, 8638718.682, 85
Trd, 8638718.732, 87
Trd, 8638720.682, 90
Trd, 8638721.582, 94
Trd, 8638721.782, 124
Trd, 8638721.932, 90
Trd, 8638722.682, 84
Trd, 8638723.832, 68
Trd, 8638724.582, 81
Trd, 8638724.782, 69
Trd, 8638725.482, 97
Trd, 8638726.682, 78
Trd, 8638727.332, 69
Trd, 8638729.732, 60
Trd, 8638729.882, 61
Trd, 8638730.732, 65
Trd, 8638730.982, 66
Trd, 8638731.182, 72
Trd, 8638732.782, 129
Trd, 8638733.482, 132
Trd, 8638733.782, 131
Trd, 8638733.932, 112
Trd, 8638736.282, 63
Trd, 8638736.932, 61
Trd, 8638738.282, 69
Trd, 8638739.082, 73
Trd, 8638739.332, 113
Trd, 8638739.632, 79
Trd, 8638740.582, 109
Trd, 8638742.632, 67
Trd, 8638744.232, 61
Trd, 8638744.782, 74
Trd, 8638745.532, 76
Trd, 8638745.682, 88
Trd, 8638745.882, 76
Trd, 8638747.832, 135
Trd, 8638748.082, 135
Trd, 8638748.382, 102
Trd, 8638749.032, 99
Trd, 8638749.382, 63
Trd, 8638749.832, 70
Trd, 8638751.132, 70
Trd, 8638752.032, 63
Trd, 8638752.732, 71
Trd, 8638752.832, 62
Trd, 8638753.882, 112
Trd, 8638754.182, 113
Trd, 8638754.332, 111
Trd, 8638754.582, 63
Trd, 8638754.682, 69
Trd, 8638756.832, 77
Trd, 8638757.982, 71
Trd, 8638758.532, 74
Trd, 8638759.232, 73
Trd, 8638760.482, 88
Trd, 8638760.732, 64
Trd, 8638761.182, 61
Trd, 8638761.332, 62
Trd, 8638761.982, 72
Trd, 8638763.232, 65
Trd, 8638763.982, 61
Trd, 8638764.782, 97
Trd, 8638767.732, 98
Trd, 8638767.932, 104
Trd, 8638768.782, 113
Trd, 8638769.182, 64
Trd, 8638769.482, 69
Trd, 8638769.732, 64
Trd, 8638770.582, 78
Trd, 8638771.732, 93
Trd, 8638773.632, 137
Trd, 8638773.982, 137
Trd, 8638774.032, 136
Trd, 8638775.782, 106
Trd, 8638776.282, 89
Trd, 8638776.432, 133
Trd, 8638776.532, 70
Trd, 8638777.432, 82
Trd, 8638778.682, 84
Trd, 8638781.782, 62
Trd, 8638783.082, 61
Trd, 8638783.582, 63
Trd, 8638783.632, 76
Trd, 8638783.932, 64
Trd, 8638785.182, 60
Trd, 8638785.282, 62
Trd, 8638786.432, 78
Trd, 8638786.582, 76
Trd, 8638787.032, 67
Trd, 8638787.682, 63
Trd, 8638789.982, 133
Trd, 8638790.582, 132
Trd, 8638790.782, 103
Trd, 8638791.032, 103
Trd, 8638792.132, 101
Trd, 8638792.232, 102
Trd, 8638794.032, 96
Trd, 8638794.182, 96
Trd, 8638796.182, 112
Trd, 8638796.582, 92
Trd, 8638797.432, 98
Trd, 8638797.982, 87
Trd, 8638798.082, 107
Trd, 8638799.532, 98
Trd, 8638799.682, 119
Trd, 8638801.032, 94
Trd, 8638801.082, 93
Trd, 8638801.432, 120
Trd, 8638801.832, 129
Trd, 8638802.632, 111
Trd, 8638802.882, 110
Trd, 8638803.382, 86
Trd, 8638805.032, 118
Trd, 8638806.732, 91
Trd, 8638807.732, 114
Trd, 8638808.982, 109
Trd, 8638809.532, 132
Trd, 8638809.732, 131
Trd, 8638809.782, 125
Trd, 8638811.182, 125
Trd, 8638811.582, 125
Trd, 8638811.982, 120
Trd, 8638812.882, 105
Trd, 8638813.482, 132
Trd, 8638813.732, 101
Trd, 8638813.982, 98
Trd, 8638814.732, 89
Trd, 8638815.382, 72
Trd, 8638815.982, 125
Trd, 8638817.132, 103
Trd, 8638818.532, 78
Trd, 8638818.832, 71
Trd, 8638819.582, 120
Trd, 8638819.832, 121
Trd, 8638820.132, 96
Trd, 8638821.532, 103
Trd, 8638822.482, 98
Trd, 8638822.682, 97
Trd, 8638823.932, 94
Trd, 8638824.832, 107
Trd, 8638825.682, 99
Trd, 8638826.182, 112
Trd, 8638827.032, 76
Trd, 8638827.832, 63
Trd, 8638828.232, 87
Trd, 8638829.182, 100
Trd, 8638829.732, 84
Trd, 8638830.182, 75
Trd, 8638830.332, 94
Trd, 8638832.132, 82
Trd, 8638833.682, 68
Trd, 8638834.582, 83
Trd, 8638834.832, 75
Trd, 8638834.982, 75
Trd, 8638835.532, 133
Trd, 8638836.082, 114
Trd, 8638837.582, 117
Trd, 8638837.832, 99
Trd, 8638837.882, 96
Trd, 8638838.832, 115
Trd, 8638839.432, 87
Trd, 8638840.282, 90
Trd, 8638841.132, 129
Trd, 8638841.982, 115
Trd, 8638842.982, 108
Trd, 8638843.832, 112
Trd, 8638844.232, 97
Trd, 8638845.232, 140
Trd, 8638845.482, 140
Trd, 8638845.782, 97
Trd, 8638847.032, 76
Trd, 8638848.082, 68
Trd, 8638848.932, 70
Trd, 8638850.032, 87
Trd, 8638850.882, 110
Trd, 8638851.932, 83
Trd, 8638852.282, 118
Trd, 8638853.082, 126
Trd, 8638853.732, 119
Trd, 8638854.232, 119
Trd, 8638855.532, 115
Trd, 8638856.282, 70
Trd, 8638857.432, 101
Trd, 8638857.732, 78
Trd, 8638857.882, 69
Trd, 8638859.282, 68
Trd, 8638859.532, 127
Trd, 8638859.632, 134
Trd, 8638860.382, 119
Trd, 8638860.432, 85
Trd, 8638862.232, 112
Trd, 8638862.332, 112
Trd, 8638862.482, 97
Trd, 8638863.632, 69
Trd, 8638865.782, 86
Trd, 8638867.682, 88
Trd, 8638869.332, 93
Trd, 8638869.482, 91
Trd, 8638869.782, 124
Trd, 8638869.882, 75
Trd, 8638870.482, 98
Trd, 8638870.632, 97
Trd, 8638870.732, 70
Trd, 8638871.332, 71
Trd, 8638872.332, 73
Trd, 8638873.582, 67
Trd, 8638874.582, 71
Trd, 8638874.982, 116
Trd, 8638876.582, 65
Trd, 8638877.332, 111
Trd, 8638877.682, 110
Trd, 8638878.232, 96
Trd, 8638879.882, 98
Trd, 8638880.082, 112
Trd, 8638880.182, 71
Trd, 8638881.182, 69
Trd, 8638881.982, 133
Trd, 8638883.282, 105
Trd, 8638883.732, 104
Trd, 8638884.732, 124
Trd, 8638885.182, 111
Trd, 8638885.982, 126
Trd, 8638886.132, 122
Trd, 8638887.032, 122
Trd, 8638887.182, 109
Trd, 8638887.932, 107
Trd, 8638888.732, 76
Trd, 8638888.982, 131
Trd, 8638890.332, 109
Trd, 8638890.482, 108
Trd, 8638891.332, 100
Trd, 8638891.932, 135
Trd, 8638893.182, 135
Trd, 8638893.482, 92
Trd, 8638894.732, 121
Trd, 8638895.282, 113
Trd, 8638895.332, 112
Trd, 8638895.532, 91
Trd, 8638896.282, 74
Trd, 8638899.182, 115
Trd, 8638899.482, 122
Trd, 8638900.332, 124
Trd, 8638902.582, 125
Trd, 8638902.782, 121
Trd, 8638902.882, 109
Trd, 8638903.332, 104
Trd, 8638903.782, 71
Trd, 8638905.582, 72
Trd, 8638905.832, 68
Trd, 8638906.282, 89
Trd, 8638906.482, 103
Trd, 8638907.832, 68
Trd, 8638908.232, 83
Trd, 8638908.682, 120
Trd, 8638910.432, 117
Trd, 8638910.682, 127
Trd, 8638911.432, 104
Trd, 8638912.732, 114
Trd, 8638912.782, 99
Trd, 8638913.632, 106
Trd, 8638913.882, 105
Trd, 8638914.132, 119
Trd, 8638914.782, 131
Trd, 8638916.682, 67
Trd, 8638916.932, 134
Trd, 8638916.982, 133
Trd, 8638917.482, 110
Trd, 8638918.682, 60
Trd, 8638920.582, 109
Trd, 8638920.732, 114
Trd, 8638921.582, 109
Trd, 8638921.632, 108
Trd, 8638921.932, 107
Trd, 8638922.682, 129
Trd, 8638924.082, 97
Trd, 8638924.782, 63
Trd, 8638924.882, 70
Trd, 8638926.932, 60
Trd, 8638928.482, 84
Trd, 8638929.132, 102
Trd, 8638929.782, 117
Trd, 8638931.382, 103
Trd, 8638931.532, 102
Trd, 8638931.732, 118
Trd, 8638931.982, 97
Trd, 8638932.682, 100
Trd, 8638933.032, 98
Trd, 8638934.132, 110
Trd, 8638934.482, 79
Trd, 8638935.632, 80
Trd, 8638935.932, 82
Trd, 8638937.382, 135
Trd, 8638937.582, 93
Trd, 8638937.732, 92
Trd, 8638938.332, 89
Trd, 8638939.282, 138
Trd, 8638939.682, 119
Trd, 8638940.482, 105
Trd, 8638940.832, 74
Trd, 8638941.532, 66
Trd, 8638942.232, 62
Trd, 8638943.332, 84
Trd, 8638944.582, 128
Trd, 8638944.632, 94
Trd, 8638945.032, 120
Trd, 8638945.232, 90
Trd, 8638946.032, 63
Trd, 8638946.482, 62
Trd, 8638947.732, 124
Trd, 8638948.682, 83
Trd, 8638949.132, 82
Trd, 8638950.232, 62
Trd, 8638950.332, 82
Trd, 8638951.032, 95
Trd, 8638951.382, 101
Trd, 8638951.882, 61
Trd, 8638952.132, 67
Trd, 8638953.932, 64
Trd, 8638954.682, 70
Trd, 8638954.882, 73
Trd, 8638955.082, 70
Trd, 8638955.432, 110
Trd, 8638956.582, 63
Trd, 8638958.382, 87
Trd, 8638959.432, 85
Trd, 8638959.782, 96
Trd, 8638960.132, 94
Trd, 8638960.682, 92
Trd, 8638961.582, 94
Trd, 8638961.682, 93
Trd, 8638962.782, 82
Trd, 8638963.832, 65
Trd, 8638964.282, 117
Trd, 8638964.382, 82
Trd, 8638965.832, 135
Trd, 8638966.732, 137
Trd, 8638967.082, 136
Trd, 8638967.782, 127
Trd, 8638967.932, 120
Trd, 8638969.082, 74
Trd, 8638971.232, 134
Trd, 8638971.482, 135
Trd, 8638971.982, 135
Trd, 8638972.532, 130
Trd, 8638972.932, 113
Trd, 8638973.282, 99
Trd, 8638974.132, 115
Trd, 8638975.182, 69
Trd, 8638976.582, 71
Trd, 8638976.932, 93
Trd, 8638977.082, 93
Trd, 8638978.532, 93
Trd, 8638978.782, 100
Trd, 8638979.782, 64
Trd, 8638980.882, 81
Trd, 8638982.382, 66
Trd, 8638982.782, 85
Trd, 8638982.982, 89
Trd, 8638983.382, 66
Trd, 8638984.132, 115
Trd, 8638984.482, 69
Trd, 8638986.532, 86
Trd, 8638986.782, 82
Trd, 8638987.282, 84
Trd, 8638988.282, 113
Trd, 8638989.232, 109
Trd, 8638990.082, 109
Trd, 8638990.682, 110
Trd, 8638990.732, 109
Trd, 8638990.932, 108
Trd, 8638992.282, 102
Trd, 8638993.682, 95
Trd, 8638993.882, 87
Trd, 8638994.082, 80
Trd, 8638994.582, 130
Trd, 8638996.582, 114
Trd, 8638996.832, 119
Trd, 8638996.882, 97
Trd, 8638997.732, 101
Trd, 8638998.332, 93
Trd, 8638998.982, 94
Trd, 8638999.032, 96
Trd, 8638999.632, 92
Trd, 8639002.182, 93
Trd, 8639002.782, 94
Trd, 8639002.982, 93
Trd, 8639003.082, 64
Trd, 8639003.482, 133
Trd, 8639004.932, 60
Trd, 8639005.232, 63
Trd, 8639005.682, 72
Trd, 8639006.182, 90
Trd, 8639007.232, 90
Trd, 8639007.282, 89
Trd, 8639009.332, 62
Trd, 8639009.832, 61
Trd, 8639009.982, 73
Trd, 8639010.382, 69
Trd, 8639011.732, 93
Trd, 8639014.132, 96
Trd, 8639014.832, 89
Trd, 8639015.132, 107
Trd, 8639015.432, 117
Trd, 8639015.832, 95
Trd, 8639015.882, 92
Trd, 8639016.532, 114
Trd, 8639016.882, 77
Trd, 8639018.532, 113
Trd, 8639019.732, 91
Trd, 8639020.082, 102
Trd, 8639020.882, 76
Trd, 8639021.032, 75
Trd, 8639022.282, 74
Trd, 8639023.632, 62
Trd, 8639023.932, 89
Trd, 8639024.232, 85
Trd, 8639025.182, 91
Trd, 8639026.432, 66
Trd, 8639026.582, 65
Trd, 8639027.882, 71
Trd, 8639028.682, 80
Trd, 8639028.832, 77
Trd, 8639029.882, 103
Trd, 8639030.332, 80
Trd, 8639032.182, 97
Trd, 8639032.332, 67
Trd, 8639032.482, 64
Trd, 8639033.082, 85
Trd, 8639033.182, 117
Trd, 8639033.532, 62
Trd, 8639034.682, 69
Trd, 8639035.232, 70
Trd, 8639035.432, 111
Trd, 8639036.632, 68
Trd, 8639036.782, 117
Trd, 8639037.832, 66
Trd, 8639039.332, 120
Trd, 8639039.432, 87
Trd, 8639039.932, 102
Trd, 8639040.332, 71
Trd, 8639041.432, 112
Trd, 8639041.682, 80
Trd, 8639043.332, 107
Trd, 8639043.432, 79
Trd, 8639043.732, 65
Trd, 8639044.182, 127
Trd, 8639045.232, 70
Trd, 8639046.382, 86
Trd, 8639046.932, 73
Trd, 8639048.082, 120
Trd, 8639048.832, 108
Trd, 8639049.182, 125
Trd, 8639049.532, 117
Trd, 8639049.882, 99
Trd, 8639050.582, 137
Trd, 8639051.682, 82
Trd, 8639052.482, 112
Trd, 8639052.982, 104
Trd, 8639054.532, 127
Trd, 8639054.932, 127
Trd, 8639055.082, 126
Trd, 8639055.882, 124
Trd, 8639056.582, 85
Trd, 8639057.032, 114
Trd, 8639058.432, 71
Trd, 8639059.882, 119
Trd, 8639060.182, 110
Trd, 8639060.432, 109
Trd, 8639060.832, 88
Trd, 8639061.832, 112
Trd, 8639062.632, 111
Trd, 8639063.132, 119
Trd, 8639063.382, 91
Trd, 8639064.182, 97
Trd, 8639065.182, 130
Trd, 8639065.832, 129
Trd, 8639066.732, 80
Trd, 8639067.082, 79
Trd, 8639067.932, 104
Trd, 8639069.182, 101
Trd, 8639070.482, 60
Trd, 8639071.832, 65
Trd, 8639073.432, 70
Trd, 8639074.432, 73
Trd, 8639074.582, 82
Trd, 8639074.782, 78
Trd, 8639074.832, 72
Trd, 8639075.632, 110
Trd, 8639076.032, 126
Trd, 8639077.582, 96
Trd, 8639077.982, 100
Trd, 8639079.782, 63
Trd, 8639080.282, 103
Trd, 8639081.182, 99
Trd, 8639081.482, 77
Trd, 8639081.632, 69
Trd, 8639083.332, 69
Trd, 8639085.082, 61
Trd, 8639085.682, 68
Trd, 8639087.032, 65
Trd, 8639087.432, 64
Trd, 8639087.532, 63
Trd, 8639087.832, 65
Trd, 8639088.782, 105
Trd, 8639090.932, 74
Trd, 8639091.632, 66
Trd, 8639091.682, 63
Trd, 8639093.082, 62
Trd, 8639093.582, 66
Trd, 8639095.432, 76
Trd, 8639095.932, 63
Trd, 8639096.232, 75
Trd, 8639096.882, 89
Trd, 8639099.032, 69
Trd, 8639099.632, 88
Trd, 8639100.832, 117
Trd, 8639100.882, 98
Trd, 8639101.282, 91
Trd, 8639101.832, 120
Trd, 8639102.332, 80
Trd, 8639102.532, 79
Trd, 8639104.782, 88
Trd, 8639104.832, 87
Trd, 8639105.332, 94
Trd, 8639105.432, 81
Trd, 8639106.332, 72
Trd, 8639107.232, 120
Trd, 8639108.032, 101
Trd, 8639108.332, 106
Trd, 8639108.632, 101
Trd, 8639110.132, 96
Trd, 8639110.282, 93
Trd, 8639111.882, 88
Trd, 8639111.932, 96
Trd, 8639113.032, 133
Trd, 8639113.282, 132
Trd, 8639114.582, 103
Trd, 8639114.882, 87
Trd, 8639115.382, 75
Trd, 8639116.132, 72
Trd, 8639116.432, 91
Trd, 8639118.332, 95
Trd, 8639118.732, 115
Trd, 8639119.782, 102
Trd, 8639119.982, 97
Trd, 8639120.982, 97
Trd, 8639121.082, 93
Trd, 8639121.582, 89
Trd, 8639122.932, 96
Trd, 8639123.982, 73
Trd, 8639125.732, 91
Trd, 8639126.582, 98
Trd, 8639126.632, 78
Trd, 8639128.482, 127
Trd, 8639128.632, 108
Trd, 8639128.682, 107
Trd, 8639128.782, 93
Trd, 8639130.532, 134
Trd, 8639131.032, 97
Trd, 8639131.232, 92
Trd, 8639132.132, 119
Trd, 8639132.932, 116
Trd, 8639133.632, 111
Trd, 8639133.832, 92
Trd, 8639134.282, 79
Trd, 8639134.632, 88
Trd, 8639136.782, 116
Trd, 8639137.832, 113
Trd, 8639138.432, 106
Trd, 8639139.882, 110
Trd, 8639139.932, 109
Trd, 8639140.082, 106
Trd, 8639140.232, 118
Trd, 8639140.782, 120
Trd, 8639141.582, 118
Trd, 8639142.582, 81
Trd, 8639142.632, 65
Trd, 8639143.932, 74
Trd, 8639144.632, 87
Trd, 8639145.332, 89
Trd, 8639146.332, 105
Trd, 8639147.832, 90
Trd, 8639148.032, 73
Trd, 8639149.832, 67
Trd, 8639150.132, 60
Trd, 8639151.082, 120
Trd, 8639152.582, 107
Trd, 8639152.932, 76
Trd, 8639153.332, 75
Trd, 8639153.532, 81
Trd, 8639153.782, 80
Trd, 8639155.082, 109
Trd, 8639155.532, 93
Trd, 8639156.382, 93
Trd, 8639156.832, 81
Trd, 8639157.132, 80
Trd, 8639159.432, 93
Trd, 8639159.832, 121
Trd, 8639160.832, 100
Trd, 8639161.032, 113
Trd, 8639163.082, 115
Trd, 8639163.132, 114
Trd, 8639163.532, 79
Trd, 8639164.332, 68
Trd, 8639165.232, 78
Trd, 8639165.832, 88
Trd, 8639166.682, 83
Trd, 8639166.982, 100
Trd, 8639167.382, 65
Trd, 8639168.632, 66
Trd, 8639168.982, 79
Trd, 8639170.132, 71
Trd, 8639171.182, 100
Trd, 8639171.232, 69
Trd, 8639172.832, 60
Trd, 8639173.282, 67
Trd, 8639174.482, 65
Trd, 8639175.232, 67
Trd, 8639176.032, 90
Trd, 8639176.682, 75
Trd, 8639176.982, 68
Trd, 8639178.132, 77
Trd, 8639179.782, 125
Trd, 8639180.282, 81
Trd, 8639180.882, 66
Trd, 8639181.982, 109
Trd, 8639183.532, 76
Trd, 8639183.882, 87
Trd, 8639184.732, 137
Trd, 8639184.932, 137
Trd, 8639185.082, 136
Trd, 8639185.632, 113
Trd, 8639186.232, 66
Trd, 8639186.482, 105
Trd, 8639187.282, 104
Trd, 8639187.582, 65
Trd, 8639190.132, 105
Trd, 8639191.632, 82
Trd, 8639192.332, 99
Trd, 8639192.582, 79
Trd, 8639192.682, 78
Trd, 8639192.932, 104
Trd, 8639193.282, 62
Trd, 8639195.082, 63
Trd, 8639196.282, 60
Trd, 8639196.932, 61
Trd, 8639197.432, 77
Trd, 8639198.082, 83
Trd, 8639198.282, 71
Trd, 8639199.682, 105
Trd, 8639199.732, 87
Trd, 8639200.132, 83
Trd, 8639200.182, 70
Trd, 8639200.432, 69
Trd, 8639202.232, 65
Trd, 8639203.382, 60
Trd, 8639204.132, 61
Trd, 8639204.682, 84
Trd, 8639205.532, 69
Trd, 8639207.182, 60
Trd, 8639207.732, 61
Trd, 8639208.282, 63
Trd, 8639209.282, 61
Trd, 8639211.582, 62
Trd, 8639211.732, 63
Trd, 8639212.332, 98
Trd, 8639212.582, 107
Trd, 8639213.482, 110
Trd, 8639214.282, 128
Trd, 8639214.882, 126
Trd, 8639215.882, 110
Trd, 8639217.082, 111
Trd, 8639217.582, 94
Trd, 8639218.332, 104
Trd, 8639218.682, 88
Trd, 8639219.732, 104
Trd, 8639221.132, 116
Trd, 8639221.432, 112
Trd, 8639222.032, 119
Trd, 8639223.282, 121
Trd, 8639224.782, 126
Trd, 8639224.982, 92
Trd, 8639225.382, 105
Trd, 8639226.282, 114
Trd, 8639227.382, 116
Trd, 8639227.632, 71
Trd, 8639228.582, 62
Trd, 8639229.432, 107
Trd, 8639229.832, 103
Trd, 8639231.532, 60
Trd, 8639232.432, 60
Trd, 8639233.332, 71
Trd, 8639233.782, 103
Trd, 8639234.832, 129
Trd, 8639234.982, 90
Trd, 8639235.382, 100
Trd, 8639236.382, 112
Trd, 8639237.882, 109
Trd, 8639237.932, 90
Trd, 8639238.032, 89
Trd, 8639238.482, 85
Trd, 8639239.732, 61
Trd, 8639240.532, 78
Trd, 8639240.932, 86
Trd, 8639241.932, 60
Trd, 8639241.982, 77
Trd, 8639244.632, 130
Trd, 8639245.082, 130
Trd, 8639245.232, 129
Trd, 8639245.982, 130
Trd, 8639246.982, 96
Trd, 8639248.182, 120
Trd, 8639249.182, 114
Trd, 8639249.232, 113
Trd, 8639249.332, 111
Trd, 8639249.632, 81
Trd, 8639251.182, 71
Trd, 8639252.232, 140
Trd, 8639252.632, 117
Trd, 8639253.132, 100
Trd, 8639253.532, 97
Trd, 8639254.582, 124
Trd, 8639254.732, 126
Trd, 8639256.632, 111
Trd, 8639256.882, 109
Trd, 8639257.632, 107
Trd, 8639258.482, 119
Trd, 8639258.532, 116
Trd, 8639259.282, 64
Trd, 8639259.332, 68
Trd, 8639260.732, 87
Trd, 8639261.232, 129
Trd, 8639262.432, 80
Trd, 8639263.282, 116
Trd, 8639263.682, 115
Trd, 8639263.832, 91
Trd, 8639264.782, 75
Trd, 8639264.982, 75
Trd, 8639265.532, 63
Trd, 8639266.232, 98
Trd, 8639266.982, 135
Trd, 8639267.232, 123
Trd, 8639268.082, 128
Trd, 8639268.882, 114
Trd, 8639269.782, 80
Trd, 8639270.832, 61
Trd, 8639271.082, 67
Trd, 8639274.182, 63
Trd, 8639274.532, 67
Trd, 8639274.832, 65
Trd, 8639275.982, 87
Trd, 8639276.532, 102
Trd, 8639277.032, 71
Trd, 8639277.432, 95
Trd, 8639277.932, 96
Trd, 8639277.982, 114
Trd, 8639278.832, 128
Trd, 8639279.432, 131
Trd, 8639279.832, 97
Trd, 8639280.682, 74
Trd, 8639281.982, 68
Trd, 8639283.432, 64
Trd, 8639284.582, 121
Trd, 8639285.482, 134
Trd, 8639286.782, 116
Trd, 8639287.132, 116
Trd, 8639287.882, 125
Trd, 8639287.932, 120
Trd, 8639287.982, 78
Trd, 8639288.082, 67
Trd, 8639289.382, 117
Trd, 8639289.632, 107
Trd, 8639290.682, 63
Trd, 8639291.082, 69
Trd, 8639293.732, 116
Trd, 8639294.032, 115
Trd, 8639294.182, 115
Trd, 8639294.332, 96
Trd, 8639294.482, 93
Trd, 8639294.932, 84
Trd, 8639295.332, 79
Trd, 8639295.982, 84
Trd, 8639296.282, 65
Trd, 8639297.132, 70
Trd, 8639297.582, 63
Trd, 8639298.982, 73
Trd, 8639300.282, 100
Trd, 8639301.282, 94
Trd, 8639302.032, 122
Trd, 8639303.282, 84
Trd, 8639303.382, 90
Trd, 8639303.882, 90
Trd, 8639304.782, 113
Trd, 8639305.482, 123
Trd, 8639306.282, 116
Trd, 8639306.682, 116
Trd, 8639308.032, 120
Trd, 8639309.282, 74
Trd, 8639309.632, 120
Trd, 8639310.582, 117
Trd, 8639310.682, 102
Trd, 8639310.732, 86
Trd, 8639312.532, 62
Trd, 8639312.782, 63
Trd, 8639313.832, 96
Trd, 8639314.132, 118
Trd, 8639315.532, 118
Trd, 8639316.232, 121
Trd, 8639317.532, 94
Trd, 8639318.182, 103
Trd, 8639318.532, 98
Trd, 8639318.632, 117
Trd, 8639319.282, 111
Trd, 8639319.432, 93
Trd, 8639319.682, 89
Trd, 8639319.982, 88
Trd, 8639321.432, 130
Trd, 8639321.682, 113
Trd, 8639321.882, 82
Trd, 8639323.282, 117
Trd, 8639323.632, 87
Trd, 8639325.782, 110
Trd, 8639326.882, 61
Trd, 8639327.082, 60
Trd, 8639327.132, 91
Trd, 8639328.082, 75
Trd, 8639329.482, 92
Trd, 8639330.732, 75
Trd, 8639331.032, 75
Trd, 8639331.882, 95
Trd, 8639332.332, 87
Trd, 8639332.832, 73
Trd, 8639333.032, 72
Trd, 8639333.382, 79
Trd, 8639333.882, 62
Trd, 8639336.082, 75
Trd, 8639336.832, 77
Trd, 8639337.332, 77
Trd, 8639337.932, 105
Trd, 8639338.182, 112
Trd, 8639338.682, 119
Trd, 8639338.932, 109
Trd, 8639340.032, 134
Trd, 8639340.432, 110
Trd, 8639340.832, 120
Trd, 8639340.982, 95
Trd, 8639342.182, 71
Trd, 8639343.182, 83
Trd, 8639345.182, 132
Trd, 8639346.032, 111
Trd, 8639346.282, 110
Trd, 8639346.432, 119
Trd, 8639346.682, 93
Trd, 8639346.932, 76
Trd, 8639348.232, 120
Trd, 8639348.982, 118
Trd, 8639349.682, 119
Trd, 8639350.182, 119
Trd, 8639350.432, 112
Trd, 8639351.082, 116
Trd, 8639351.432, 108
Trd, 8639351.582, 125
Trd, 8639351.882, 117
Trd, 8639352.932, 140
Trd, 8639354.632, 73
Trd, 8639355.032, 129
Trd, 8639355.332, 62
Trd, 8639355.882, 84
Trd, 8639356.732, 69
Trd, 8639358.232, 68
Trd, 8639358.982, 68
Trd, 8639359.132, 92
Trd, 8639360.132, 106
Trd, 8639360.332, 72
Trd, 8639362.532, 106
Trd, 8639362.582, 105
Trd, 8639362.682, 75
Trd, 8639363.132, 62
Trd, 8639363.882, 127
Trd, 8639364.432, 126
Trd, 8639364.732, 121
Trd, 8639365.032, 119
Trd, 8639366.032, 120
Trd, 8639367.032, 102
Trd, 8639367.082, 101
Trd, 8639367.882, 98
Trd, 8639368.232, 84
Trd, 8639369.282, 131
Trd, 8639370.132, 80
Trd, 8639371.432, 99
Trd, 8639371.582, 96
Trd, 8639372.882, 112
Trd, 8639373.832, 133
Trd, 8639375.032, 123
Trd, 8639375.282, 123
Trd, 8639375.482, 130
Trd, 8639375.882, 122
Trd, 8639376.182, 120
Trd, 8639376.532, 91
Trd, 8639376.882, 109
Trd, 8639379.632, 128
Trd, 8639379.732, 127
Trd, 8639379.932, 125
Trd, 8639380.832, 101
Trd, 8639381.132, 65
Trd, 8639381.432, 93
Trd, 8639382.332, 127
Trd, 8639382.382, 95
Trd, 8639383.882, 73
Trd, 8639387.382, 124
Trd, 8639387.632, 122
Trd, 8639388.182, 121
Trd, 8639388.482, 119
Trd, 8639389.582, 107
Trd, 8639390.332, 95
Trd, 8639390.682, 100
Trd, 8639392.382, 89
Trd, 8639393.582, 95
Trd, 8639394.032, 79
Trd, 8639394.782, 68
Trd, 8639395.082, 126
Trd, 8639395.732, 76
Trd, 8639396.732, 106
Trd, 8639396.882, 84
Trd, 8639397.132, 118
Trd, 8639397.882, 110
Trd, 8639398.882, 96
Trd, 8639400.282, 71
Trd, 8639400.982, 77
Trd, 8639402.782, 126
Trd, 8639403.532, 127
Trd, 8639404.132, 127
Trd, 8639404.782, 129
Trd, 8639404.982, 133
Trd, 8639405.182, 120
Trd, 8639406.682, 68
Trd, 8639407.932, 105
Trd, 8639408.682, 81
Trd, 8639409.482, 60
Trd, 8639410.582, 66
Trd, 8639410.782, 70
Trd, 8639413.082, 75
Trd, 8639413.382, 75
Trd, 8639413.432, 81
Trd, 8639414.032, 107
Trd, 8639414.782, 107
Trd, 8639415.082, 106
Trd, 8639415.382, 93
Trd, 8639416.482, 98
Trd, 8639416.682, 97
Trd, 8639417.082, 117
Trd, 8639417.532, 95
Trd, 8639418.282, 68
Trd, 8639418.682, 71
Trd, 8639418.782, 97
Trd, 8639420.782, 67
Trd, 8639421.932, 60
Trd, 8639424.432, 63
Trd, 8639424.882, 62
Trd, 8639425.682, 87
Trd, 8639425.882, 82
Trd, 8639426.282, 91
Trd, 8639426.432, 128
Trd, 8639426.782, 128
Trd, 8639428.282, 131
Trd, 8639428.382, 130
Trd, 8639428.532, 75
Trd, 8639428.582, 69
Trd, 8639429.832, 87
Trd, 8639430.882, 76
Trd, 8639431.132, 77
Trd, 8639431.632, 66
Trd, 8639431.832, 67
Trd, 8639433.982, 61
Trd, 8639434.782, 70
Trd, 8639435.282, 60
Trd, 8639436.732, 68
Trd, 8639436.832, 66
Trd, 8639437.082, 80
Trd, 8639439.232, 63
Trd, 8639439.882, 67
Trd, 8639439.932, 65
Trd, 8639440.132, 74
Trd, 8639440.532, 64
Trd, 8639442.732, 89
Trd, 8639443.282, 70
Trd, 8639444.882, 80
Trd, 8639445.082, 80
Trd, 8639445.882, 78
Trd, 8639446.882, 98
Trd, 8639447.282, 97
Trd, 8639448.182, 97
Trd, 8639448.832, 112
Trd, 8639449.382, 86
Trd, 8639450.182, 139
Trd, 8639450.882, 71
Trd, 8639451.032, 81
Trd, 8639451.082, 69
Trd, 8639451.732, 81
Trd, 8639452.432, 108
Trd, 8639454.032, 129
Trd, 8639454.182, 104
Trd, 8639454.882, 64
Trd, 8639456.482, 98
Trd, 8639456.632, 79
Trd, 8639456.732, 78
Trd, 8639457.332, 62
Trd, 8639458.032, 121
Trd, 8639459.732, 111
Trd, 8639461.682, 113
Trd, 8639461.882, 112
Trd, 8639462.382, 107
Trd, 8639462.482, 100
Trd, 8639463.582, 118
Trd, 8639463.732, 116
Trd, 8639464.732, 85
Trd, 8639465.382, 118
Trd, 8639467.432, 127
Trd, 8639467.482, 126
Trd, 8639467.582, 124
Trd, 8639468.582, 102
Trd, 8639468.832, 102
Trd, 8639469.632, 112
Trd, 8639471.132, 105
Trd, 8639471.532, 94
Trd, 8639471.882, 79
Trd, 8639472.982, 113
Trd, 8639473.732, 115
Trd, 8639474.282, 114
Trd, 8639475.082, 127
Trd, 8639475.732, 115
Trd, 8639475.832, 102
Trd, 8639476.182, 92
Trd, 8639477.282, 98
Trd, 8639477.732, 81
Trd, 8639478.282, 79
Trd, 8639478.632, 95
Trd, 8639480.982, 70
Trd, 8639481.882, 114
Trd, 8639482.182, 112
Trd, 8639482.682, 103
Trd, 8639486.182, 63
Trd, 8639486.582, 67
Trd, 8639487.932, 71
Trd, 8639489.032, 111
Trd, 8639490.782, 115
Trd, 8639490.982, 114
Trd, 8639491.632, 121
Trd, 8639492.082, 131
Trd, 8639492.632, 112
Trd, 8639492.932, 86
Trd, 8639495.532, 125
Trd, 8639495.782, 105
Trd, 8639495.982, 78
Trd, 8639496.332, 74
Trd, 8639497.932, 79
Trd, 8639497.982, 70
Trd, 8639499.382, 99
Trd, 8639499.582, 99
Trd, 8639499.882, 98
Trd, 8639500.332, 88
Trd, 8639501.282, 126
Trd, 8639501.332, 101
Trd, 8639502.832, 115
Trd, 8639503.032, 121
Trd, 8639503.182, 108
Trd, 8639503.682, 117
Trd, 8639503.932, 108
Trd, 8639504.782, 75
Trd, 8639506.382, 61
Trd, 8639506.832, 61
Trd, 8639507.882, 64
Trd, 8639508.882, 64
Trd, 8639510.432, 122
Trd, 8639511.282, 118
Trd, 8639511.482, 97
Trd, 8639511.632, 97
Trd, 8639512.282, 93
Trd, 8639513.882, 94
Trd, 8639514.732, 101
Trd, 8639514.932, 83
Trd, 8639515.232, 63
Trd, 8639516.132, 83
Trd, 8639517.782, 83
Trd, 8639517.882, 83
Trd, 8639518.082, 70
Trd, 8639519.582, 68
Trd, 8639520.032, 86
Trd, 8639520.432, 97
Trd, 8639521.082, 63
Trd, 8639522.432, 89
Trd, 8639523.632, 100
Trd, 8639523.982, 81
Trd, 8639524.332, 117
Trd, 8639524.932, 110
Trd, 8639525.832, 123
Trd, 8639526.132, 104
Trd, 8639527.732, 125
Trd, 8639527.882, 106
Trd, 8639528.082, 99
Trd, 8639529.482, 132
Trd, 8639530.982, 136
Trd, 8639531.482, 136
Trd, 8639532.232, 109
Trd, 8639532.432, 106
Trd, 8639533.082, 122
Trd, 8639533.332, 86
Trd, 8639534.432, 68
Trd, 8639534.982, 104
Trd, 8639536.132, 98
Trd, 8639536.332, 97
Trd, 8639536.782, 129
Trd, 8639536.982, 95
Trd, 8639537.932, 107
Trd, 8639538.782, 124
Trd, 8639539.582, 70
Trd, 8639540.132, 114
Trd, 8639540.432, 76
Trd, 8639541.082, 99
Trd, 8639541.932, 79
Trd, 8639542.382, 87
Trd, 8639542.882, 87
Trd, 8639543.532, 78
Trd, 8639544.832, 109
Trd, 8639545.682, 79
Trd, 8639546.682, 88
Trd, 8639548.032, 87
Trd, 8639550.132, 126
Trd, 8639550.432, 126
Trd, 8639550.882, 126
Trd, 8639550.932, 125
Trd, 8639551.232, 122
Trd, 8639552.432, 139
Trd, 8639553.282, 95
Trd, 8639553.682, 89
Trd, 8639554.532, 92
Trd, 8639554.982, 94
Trd, 8639555.382, 89
Trd, 8639556.682, 119
Trd, 8639557.482, 99
Trd, 8639557.532, 97
Trd, 8639557.682, 72
Trd, 8639558.532, 102
Trd, 8639559.182, 78
Trd, 8639559.932, 68
Trd, 8639561.032, 109
Trd, 8639562.682, 113
Trd, 8639563.682, 90
Trd, 8639563.882, 87
Trd, 8639564.832, 69
Trd, 8639567.232, 97
Trd, 8639567.332, 99
Trd, 8639568.432, 106
Trd, 8639568.982, 104
Trd, 8639569.132, 103
Trd, 8639570.232, 65
Trd, 8639571.232, 100
Trd, 8639572.682, 132
Trd, 8639573.032, 133
Trd, 8639573.282, 90
Trd, 8639573.582, 101
Trd, 8639574.032, 89
Trd, 8639574.782, 68
Trd, 8639576.132, 60
Trd, 8639576.582, 100
Trd, 8639577.182, 95
Trd, 8639577.532, 106
Trd, 8639577.682, 93
Trd, 8639578.982, 74
Trd, 8639579.982, 74
Trd, 8639580.582, 97
Trd, 8639581.532, 139
Trd, 8639581.832, 138
Trd, 8639582.782, 115
Trd, 8639582.982, 99
Trd, 8639583.732, 97
Trd, 8639584.982, 133
Trd, 8639586.082, 114
Trd, 8639586.382, 112
Trd, 8639587.132, 125
Trd, 8639587.582, 112
Trd, 8639587.832, 108
Trd, 8639588.382, 92
Trd, 8639588.832, 72
Trd, 8639589.182, 65
Trd, 8639590.332, 61
Trd, 8639591.682, 64
Trd, 8639593.032, 68
Trd, 8639593.982, 104
Trd, 8639594.032, 87
Trd, 8639594.932, 60
Trd, 8639595.032, 70
Trd, 8639596.382, 76
Trd, 8639596.582, 75
Trd, 8639597.432, 67
Trd, 8639599.132, 82
Trd, 8639599.532, 94
Trd, 8639599.882, 89
Trd, 8639602.282, 96
Trd, 8639603.332, 126
Trd, 8639603.632, 96
Trd, 8639603.732, 90
Trd, 8639605.182, 133
Trd, 8639606.632, 135
Trd, 8639607.132, 133
Trd, 8639608.082, 130
Trd, 8639608.282, 77
Trd, 8639608.682, 126
Trd, 8639609.332, 99
Trd, 8639611.332, 121
Trd, 8639611.432, 101
Trd, 8639611.932, 115
Trd, 8639612.182, 94
Trd, 8639612.682, 109
Trd, 8639613.832, 130
Trd, 8639614.032, 66
Trd, 8639614.132, 65
Trd, 8639615.182, 91
Trd, 8639615.332, 90
Trd, 8639616.232, 65
Trd, 8639616.882, 104
Trd, 8639617.282, 82
Trd, 8639618.182, 87
Trd, 8639618.882, 128
Trd, 8639619.582, 87
Trd, 8639620.432, 101
Trd, 8639621.232, 85
Trd, 8639622.232, 134
Trd, 8639622.532, 111
Trd, 8639622.582, 96
Trd, 8639623.932, 65
Trd, 8639624.232, 105
Trd, 8639624.382, 72
Trd, 8639625.832, 112
Trd, 8639626.532, 126
Trd, 8639627.832, 85
Trd, 8639628.132, 93
Trd, 8639628.682, 127
Trd, 8639628.732, 102
Trd, 8639629.832, 61
Trd, 8639631.432, 63
Trd, 8639631.682, 78
Trd, 8639631.832, 62
Trd, 8639633.182, 83
Trd, 8639633.882, 83
Trd, 8639633.932, 82
Trd, 8639634.282, 79
Trd, 8639636.882, 95
Trd, 8639637.882, 105
Trd, 8639638.482, 119
Trd, 8639639.082, 118
Trd, 8639639.182, 116
Trd, 8639640.682, 79
Trd, 8639641.332, 68
Trd, 8639641.882, 75
Trd, 8639642.482, 76
Trd, 8639643.832, 100
Trd, 8639643.982, 99
Trd, 8639644.482, 68
Trd, 8639645.382, 65
Trd, 8639645.982, 87
Trd, 8639647.132, 102
Trd, 8639647.432, 101
Trd, 8639648.132, 66
Trd, 8639648.632, 100
Trd, 8639649.332, 99
Trd, 8639651.582, 94
Trd, 8639652.282, 128
Trd, 8639652.332, 115
Trd, 8639652.632, 114
Trd, 8639653.132, 119
Trd, 8639653.382, 73
Trd, 8639654.632, 63
Trd, 8639655.282, 64
Trd, 8639656.582, 104
Trd, 8639656.982, 86
Trd, 8639657.732, 94
Trd, 8639658.482, 104
Trd, 8639659.282, 108
Trd, 8639659.932, 107
Trd, 8639660.232, 103
Trd, 8639660.732, 82
Trd, 8639663.482, 130
Trd, 8639663.632, 113
Trd, 8639663.882, 110
Trd, 8639666.282, 119
Trd, 8639666.532, 111
Trd, 8639667.482, 111
Trd, 8639667.982, 112
Trd, 8639668.082, 122
Trd, 8639669.732, 105
Trd, 8639670.982, 87
Trd, 8639671.682, 102
Trd, 8639672.382, 90
Trd, 8639672.432, 75
Trd, 8639672.832, 111
Trd, 8639673.132, 112
Trd, 8639673.882, 100
Trd, 8639673.932, 74
Trd, 8639674.382, 93
Trd, 8639675.532, 78
Trd, 8639676.332, 81
Trd, 8639677.582, 138
Trd, 8639678.082, 83
Trd, 8639679.132, 82
Trd, 8639679.532, 78
Trd, 8639681.382, 69
Trd, 8639681.882, 65
Trd, 8639682.532, 85
Trd, 8639682.982, 78
Trd, 8639684.682, 103
Trd, 8639685.082, 102
Trd, 8639685.432, 100
Trd, 8639685.932, 133
Trd, 8639686.182, 95
Trd, 8639686.232, 69
Trd, 8639688.732, 126
Trd, 8639688.932, 125
Trd, 8639690.132, 113
Trd, 8639690.182, 84
Trd, 8639691.382, 64
Trd, 8639692.132, 71
Trd, 8639692.432, 106
Trd, 8639693.532, 60
Trd, 8639694.632, 61
Trd, 8639694.832, 65
Trd, 8639695.382, 70
Trd, 8639696.232, 81
Trd, 8639697.232, 67
Trd, 8639698.032, 80
Trd, 8639699.032, 65
Trd, 8639699.432, 70
Trd, 8639699.482, 87
Trd, 8639701.682, 82
Trd, 8639701.932, 91
Trd, 8639702.332, 82
Trd, 8639702.832, 98
Trd, 8639704.382, 60
Trd, 8639705.532, 62
Trd, 8639706.682, 101
Trd, 8639707.432, 140
Trd, 8639707.632, 139
Trd, 8639708.132, 109
Trd, 8639708.982, 124
Trd, 8639709.882, 102
Trd, 8639709.932, 90
Trd, 8639712.232, 135
Trd, 8639712.282, 134
Trd, 8639712.882, 125
Trd, 8639713.182, 124
Trd, 8639713.582, 123
Trd, 8639714.732, 113
Trd, 8639714.882, 92
Trd, 8639715.732, 131
Trd, 8639716.382, 119
Trd, 8639716.582, 97
Trd, 8639717.382, 92
Trd, 8639717.582, 102
Trd, 8639718.332, 95
Trd, 8639718.482, 115
Trd, 8639719.332, 67
Trd, 8639719.532, 70
Trd, 8639719.932, 81
Trd, 8639720.532, 69
Trd, 8639722.532, 63
Trd, 8639723.532, 61
Trd, 8639723.832, 80
Trd, 8639725.532, 63
Trd, 8639725.832, 79
Trd, 8639726.482, 105
Trd, 8639727.332, 72
Trd, 8639728.832, 74
Trd, 8639729.632, 87
Trd, 8639729.732, 90
Trd, 8639730.482, 73
Trd, 8639730.682, 68
Trd, 8639731.732, 61
Trd, 8639732.532, 66
Trd, 8639733.732, 69
Trd, 8639733.882, 68
Trd, 8639734.182, 77
Trd, 8639735.032, 86
Trd, 8639737.932, 120
Trd, 8639737.982, 119
Trd, 8639738.532, 104
Trd, 8639738.632, 102
Trd, 8639738.832, 102
Trd, 8639739.032, 101
Trd, 8639739.432, 108
Trd, 8639740.832, 101
Trd, 8639740.882, 81
Trd, 8639741.982, 119
Trd, 8639743.032, 115
Trd, 8639743.382, 78
Trd, 8639743.582, 103
Trd, 8639743.832, 104
Trd, 8639744.032, 76
Trd, 8639744.432, 89
Trd, 8639744.532, 73
Trd, 8639745.032, 138
Trd, 8639747.382, 66
Trd, 8639748.532, 105
Trd, 8639748.582, 104
Trd, 8639749.732, 110
Trd, 8639750.132, 103
Trd, 8639750.332, 113
Trd, 8639750.882, 88
Trd, 8639751.782, 77
Trd, 8639753.682, 91
Trd, 8639754.032, 89
Trd, 8639755.782, 124
Trd, 8639755.882, 123
Trd, 8639756.082, 113
Trd, 8639756.882, 102
Trd, 8639757.682, 98
Trd, 8639759.032, 138
Trd, 8639759.532, 123
Trd, 8639760.232, 124
Trd, 8639760.582, 124
Trd, 8639761.332, 115
Trd, 8639762.182, 113
Trd, 8639762.532, 93
Trd, 8639763.282, 119
Trd, 8639764.532, 99
Trd, 8639764.582, 84
Trd, 8639765.032, 86
Trd, 8639766.682, 117
Trd, 8639767.632, 111
Trd, 8639768.032, 108
Trd, 8639768.432, 72
Trd, 8639768.632, 81
Trd, 8639771.682, 61
Trd, 8639772.082, 67
Trd, 8639772.282, 68
Trd, 8639772.582, 71
Trd, 8639773.632, 85
Trd, 8639774.182, 75
Trd, 8639775.182, 119
Trd, 8639775.432, 119
Trd, 8639775.882, 118
Trd, 8639776.232, 69
Trd, 8639777.582, 104
Trd, 8639777.732, 75
Trd, 8639778.332, 113
Trd, 8639778.532, 64
Trd, 8639780.532, 120
Trd, 8639781.182, 121
Trd, 8639781.882, 121
Trd, 8639782.432, 89
Trd, 8639782.482, 79
Trd, 8639782.832, 93
Trd, 8639782.982, 92
Trd, 8639785.732, 126
Trd, 8639787.182, 109
Trd, 8639787.482, 104
Trd, 8639787.982, 97
Trd, 8639788.482, 128
Trd, 8639789.532, 72
Trd, 8639789.882, 69
Trd, 8639790.282, 69
Trd, 8639790.982, 110
Trd, 8639792.032, 72
Trd, 8639792.932, 93
Trd, 8639793.632, 115
Trd, 8639794.182, 96
Trd, 8639794.882, 69
Trd, 8639795.082, 79
Trd, 8639795.382, 66
Trd, 8639796.582, 115
Trd, 8639796.982, 115
Trd, 8639798.682, 118
Trd, 8639799.082, 116
Trd, 8639799.732, 113
Trd, 8639800.282, 94
Trd, 8639800.632, 88
Trd, 8639801.332, 86
Trd, 8639802.432, 124
Trd, 8639803.332, 114
Trd, 8639804.282, 134
Trd, 8639804.782, 115
Trd, 8639805.732, 134
Trd, 8639807.532, 94
Trd, 8639808.632, 86
Trd, 8639809.332, 85
Trd, 8639809.882, 89
Trd, 8639810.032, 83
Trd, 8639810.132, 104
Trd, 8639810.882, 136
Trd, 8639811.082, 83
Trd, 8639811.232, 120
Trd, 8639811.782, 77
Trd, 8639812.082, 98
Trd, 8639813.082, 74
Trd, 8639814.132, 87
Trd, 8639814.832, 62
Trd, 8639815.532, 61
Trd, 8639816.732, 125
Trd, 8639817.182, 108
Trd, 8639817.232, 98
Trd, 8639818.682, 68
Trd, 8639819.082, 62
Trd, 8639819.982, 93
Trd, 8639820.632, 80
Trd, 8639820.882, 91
Trd, 8639821.882, 93
Trd, 8639822.482, 130
Trd, 8639823.182, 129
Trd, 8639823.282, 129
Trd, 8639824.532, 96
Trd, 8639825.782, 118
Trd, 8639827.182, 108
Trd, 8639827.532, 83
Trd, 8639827.582, 82
Trd, 8639829.282, 76
Trd, 8639830.282, 126
Trd, 8639830.382, 78
Trd, 8639832.282, 98
Trd, 8639833.132, 101
Trd, 8639833.532, 89
Trd, 8639834.982, 123
Trd, 8639835.182, 102
Trd, 8639835.682, 105
Trd, 8639836.832, 93
Trd, 8639837.482, 106
Trd, 8639837.682, 105
Trd, 8639838.182, 64
Trd, 8639838.982, 88
Trd, 8639839.382, 69
Trd, 8639840.282, 70
Trd, 8639841.282, 72
Trd, 8639841.382, 68
Trd, 8639841.532, 67
Trd, 8639843.382, 61
Trd, 8639843.682, 66
Trd, 8639843.932, 67
Trd, 8639844.632, 102
Trd, 8639845.082, 105
Trd, 8639845.232, 103
Trd, 8639847.332, 102
Trd, 8639847.682, 100
Trd, 8639848.532, 101
Trd, 8639848.832, 122
Trd, 8639849.332, 101
Trd, 8639849.782, 100
Trd, 8639849.932, 113
Trd, 8639850.382, 98
Trd, 8639851.082, 123
Trd, 8639851.332, 97
Trd, 8639853.182, 77
Trd, 8639853.432, 127
Trd, 8639854.232, 64
Trd, 8639854.282, 69
Trd, 8639854.982, 60
Trd, 8639855.432, 98
Trd, 8639856.232, 96
Trd, 8639857.482, 83
Trd, 8639857.832, 128
Trd, 8639858.682, 95
Trd, 8639860.332, 121
Trd, 8639860.482, 89
Trd, 8639860.532, 88
Trd, 8639861.332, 71
Trd, 8639862.032, 79
Trd, 8639862.332, 63
Trd, 8639863.982, 106
Trd, 8639864.132, 127
Trd, 8639864.232, 105
Trd, 8639865.532, 108
Trd, 8639866.782, 102
Trd, 8639867.232, 76
Trd, 8639867.732, 60
Trd, 8639868.832, 111
Trd, 8639869.332, 137
Trd, 8639870.832, 99
Trd, 8639871.732, 92
Trd, 8639871.782, 91
Trd, 8639872.632, 130
Trd, 8639874.382, 109
Trd, 8639874.482, 93
Trd, 8639874.932, 81
Trd, 8639875.932, 75
Trd, 8639876.532, 74
Trd, 8639876.832, 112
Trd, 8639877.132, 91
Trd, 8639877.982, 111
Trd, 8639878.432, 107
Trd, 8639880.532, 71
Trd, 8639880.932, 82
Trd, 8639881.082, 80
Trd, 8639881.982, 93
Trd, 8639884.832, 60
Trd, 8639884.932, 61
Trd, 8639887.282, 62
Trd, 8639888.182, 72
Trd, 8639888.682, 77
Trd, 8639889.482, 101
Trd, 8639889.532, 100
Trd, 8639890.132, 128
Trd, 8639890.382, 127
Trd, 8639890.532, 108
Trd, 8639891.882, 122
Trd, 8639892.632, 101
Trd, 8639892.932, 101
Trd, 8639894.182, 111
Trd, 8639894.282, 99
Trd, 8639896.832, 99
Trd, 8639897.782, 123
Trd, 8639898.182, 125
Trd, 8639898.232, 122
Trd, 8639898.382, 107
Trd, 8639898.482, 102
Trd, 8639900.332, 138
Trd, 8639901.082, 63
Trd, 8639901.582, 64
Trd, 8639901.982, 65
Trd, 8639903.282, 94
Trd, 8639903.382, 121
Trd, 8639904.482, 104
Trd, 8639904.582, 103
Trd, 8639905.132, 90
Trd, 8639905.882, 132
Trd, 8639906.432, 127
Trd, 8639906.682, 127
Trd, 8639907.582, 65
Trd, 8639909.182, 62
Trd, 8639910.882, 61
Trd, 8639911.982, 62
Trd, 8639912.632, 63
Trd, 8639913.332, 62
Trd, 8639914.732, 85
Trd, 8639915.432, 61
Trd, 8639915.682, 86
Trd, 8639916.432, 63
Trd, 8639916.982, 64
Trd, 8639917.382, 80
Trd, 8639918.232, 91
Trd, 8639919.532, 77
Trd, 8639920.032, 82
Trd, 8639920.182, 86
Trd, 8639920.932, 126
Trd, 8639920.982, 125
Trd, 8639922.582, 85
Trd, 8639922.732, 84
Trd, 8639922.782, 83
Trd, 8639923.932, 131
Trd, 8639924.582, 87
Trd, 8639924.732, 78
Trd, 8639925.982, 101
Trd, 8639926.932, 98
Trd, 8639928.632, 103
Trd, 8639928.882, 100
Trd, 8639929.132, 131
Trd, 8639929.182, 120
Trd, 8639930.282, 102
Trd, 8639931.582, 76
Trd, 8639931.932, 75
Trd, 8639932.532, 129
Trd, 8639932.832, 116
Trd, 8639933.632, 101
Trd, 8639933.932, 133
Trd, 8639934.382, 100
Trd, 8639935.982, 105
Trd, 8639936.382, 91
Trd, 8639937.232, 95
Trd, 8639937.382, 95
Trd, 8639937.732, 104
Trd, 8639939.332, 72
Trd, 8639940.382, 65
Trd, 8639940.632, 64
Trd, 8639941.082, 75
Trd, 8639941.632, 93
Trd, 8639943.232, 102
Trd, 8639944.182, 85
Trd, 8639944.632, 91
Trd, 8639944.982, 113
Trd, 8639945.932, 121
Trd, 8639946.632, 86
Trd, 8639947.832, 89
Trd, 8639947.982, 89
Trd, 8639948.882, 107
Trd, 8639948.932, 105
Trd, 8639949.682, 65
Trd, 8639950.882, 84
Trd, 8639951.282, 93
Trd, 8639951.982, 93
Trd, 8639952.332, 92
Trd, 8639952.882, 119
Trd, 8639953.332, 102
Trd, 8639955.682, 90
Trd, 8639955.732, 89
Trd, 8639956.032, 90
Trd, 8639957.282, 107
Trd, 8639957.582, 104
Trd, 8639958.132, 106
Trd, 8639959.482, 102
Trd, 8639960.632, 94
Trd, 8639960.882, 93
Trd, 8639961.782, 123
Trd, 8639963.682, 120
Trd, 8639964.682, 121
Trd, 8639964.782, 101
Trd, 8639965.132, 102
Trd, 8639966.632, 127
Trd, 8639966.832, 92
Trd, 8639967.082, 84
Trd, 8639967.132, 87
Trd, 8639967.432, 63
Trd, 8639969.232, 82
Trd, 8639969.582, 129
Trd, 8639969.732, 106
Trd, 8639971.832, 103
Trd, 8639972.032, 93
Trd, 8639973.232, 60
Trd, 8639974.882, 62
Trd, 8639975.732, 73
Trd, 8639975.932, 71
Trd, 8639976.732, 77
Trd, 8639977.632, 62
Trd, 8639978.132, 65
Trd, 8639979.432, 82
Trd, 8639979.982, 106
Trd, 8639980.982, 108
Trd, 8639981.582, 106
Trd, 8639982.532, 69
Trd, 8639982.932, 88
Trd, 8639984.032, 114
Trd, 8639984.882, 133
Trd, 8639985.082, 67
Trd, 8639985.682, 108
Trd, 8639985.932, 80
Trd, 8639987.032, 86
Trd, 8639987.832, 75
Trd, 8639987.932, 63
Trd, 8639989.782, 70
Trd, 8639990.582, 95
Trd, 8639990.982, 124
Trd, 8639991.832, 98
Trd, 8639992.582, 69
Trd, 8639994.082, 76
Trd, 8639996.382, 118
Trd, 8639996.532, 118
Trd, 8639997.632, 97
Trd, 8639998.632, 111
Trd, 8639998.682, 124
Trd, 8639998.832, 72
