Trd, 8638074.732, 115
Trd, 8638075.432, 96
Trd, 8638075.982, 81
Trd, 8638077.082, 103
Trd, 8638077.132, 90
Trd, 8638078.082, 140
Trd, 8638078.282, 140
Trd, 8638080.082, 61
Trd, 8638080.882, 90
Trd, 8638080.932, 91
Trd, 8638081.732, 82
Trd, 8638082.582, 86
Trd, 8638083.332, 140
Trd, 8638084.032, 117
Trd, 8638085.282, 116
Trd, 8638085.432, 97
Trd, 8638086.582, 94
Trd, 8638086.732, 121
Trd, 8638086.982, 69
Trd, 8638087.832, 117
Trd, 8638089.132, 133
Trd, 8638089.582, 119
Trd, 8638090.232, 103
Trd, 8638091.032, 96
Trd, 8638093.032, 140
Trd, 8638094.682, 94
Trd, 8638094.932, 71
Trd, 8638095.782, 78
Trd, 8638096.332, 79
Trd, 8638096.732, 78
Trd, 8638097.132, 77
Trd, 8638097.932, 113
Trd, 8638098.482, 99
Trd, 8638099.432, 104
Trd, 8638099.582, 103
Trd, 8638101.582, 133
Trd, 8638102.532, 139
Trd, 8638103.182, 138
Trd, 8638104.232, 113
Trd, 8638104.632, 111
Trd, 8638104.832, 97
Trd, 8638105.332, 80
Trd, 8638105.882, 97
Trd, 8638108.082, 139
Trd, 8638108.132, 138
Trd, 8638108.182, 137
Trd, 8638109.182, 128
Trd, 8638109.432, 126
Trd, 8638110.232, 138
Trd, 8638111.182, 134
Trd, 8638111.832, 98
Trd, 8638111.932, 87
Trd, 8638112.732, 133
Trd, 8638114.082, 140
Trd, 8638115.182, 118
Trd, 8638116.482, 140
Trd, 8638117.132, 140
Trd, 8638117.682, 139
Trd, 8638117.782, 135
Trd, 8638119.182, 140
Trd, 8638119.282, 136
Trd, 8638120.082, 140
Trd, 8638121.982, 140
Trd, 8638122.082, 140
Trd, 8638122.482, 140
Trd, 8638123.232, 140
Trd, 8638123.482, 140
Trd, 8638124.632, 139
Trd, 8638124.882, 139
Trd, 8638125.832, 140
Trd, 8638126.432, 140
Trd, 8638127.082, 103
Trd, 8638127.982, 137
Trd, 8638129.382, 101
Trd, 8638130.932, 85
Trd, 8638131.832, 137
Trd, 8638132.882, 101
Trd, 8638133.132, 136
Trd, 8638133.232, 100
Trd, 8638134.332, 83
Trd, 8638135.782, 97
Trd, 8638136.282, 132
Trd, 8638137.532, 98
Trd, 8638137.882, 106
Trd, 8638138.732, 140
Trd, 8638139.082, 136
Trd, 8638140.082, 111
Trd, 8638140.382, 65
Trd, 8638141.482, 65
Trd, 8638142.732, 140
Trd, 8638143.632, 140
Trd, 8638143.782, 140
Trd, 8638144.032, 109
Trd, 8638144.782, 140
Trd, 8638145.682, 125
Trd, 8638145.982, 106
Trd, 8638146.782, 109
Trd, 8638146.882, 108
Trd, 8638149.482, 136
Trd, 8638151.582, 122
Trd, 8638151.632, 120
Trd, 8638152.432, 118
Trd, 8638152.832, 139
Trd, 8638153.032, 138
Trd, 8638154.082, 115
Trd, 8638155.532, 105
Trd, 8638155.932, 101
Trd, 8638156.382, 100
Trd, 8638157.282, 92
Trd, 8638159.432, 140
Trd, 8638161.032, 140
Trd, 8638161.432, 140
Trd, 8638161.882, 140
Trd, 8638162.932, 140
Trd, 8638163.682, 140
Trd, 8638164.432, 135
Trd, 8638164.582, 119
Trd, 8638165.332, 110
Trd, 8638165.732, 93
Trd, 8638166.932, 139
Trd, 8638167.882, 140
Trd, 8638168.632, 139
Trd, 8638169.132, 138
Trd, 8638169.882, 116
Trd, 8638172.632, 140
Trd, 8638174.032, 140
Trd, 8638174.382, 140
Trd, 8638175.032, 140
Trd, 8638175.482, 139
Trd, 8638177.382, 140
Trd, 8638177.782, 140
Trd, 8638178.732, 140
Trd, 8638179.432, 128
Trd, 8638179.932, 114
Trd, 8638180.682, 114
Trd, 8638180.982, 103
Trd, 8638181.232, 99
Trd, 8638183.382, 140
Trd, 8638184.532, 140
Trd, 8638185.682, 140
Trd, 8638185.732, 140
Trd, 8638186.032, 116
Trd, 8638186.332, 93
Trd, 8638186.482, 137
Trd, 8638188.432, 135
Trd, 8638188.582, 89
Trd, 8638188.732, 76
Trd, 8638190.182, 91
Trd, 8638190.932, 99
Trd, 8638191.582, 139
Trd, 8638191.882, 105
Trd, 8638193.832, 140
Trd, 8638194.132, 139
Trd, 8638194.782, 139
Trd, 8638194.832, 138
Trd, 8638196.482, 140
Trd, 8638197.532, 132
Trd, 8638197.782, 132
Trd, 8638199.232, 139
Trd, 8638200.032, 134
Trd, 8638200.432, 111
Trd, 8638202.732, 137
Trd, 8638202.982, 116
Trd, 8638203.432, 115
Trd, 8638204.082, 115
Trd, 8638204.932, 140
Trd, 8638205.432, 140
Trd, 8638206.332, 119
Trd, 8638207.082, 119
Trd, 8638207.382, 120
Trd, 8638208.282, 121
Trd, 8638209.182, 120
Trd, 8638209.982, 139
Trd, 8638210.982, 138
Trd, 8638211.132, 122
Trd, 8638211.782, 106
Trd, 8638213.132, 96
Trd, 8638214.332, 137
Trd, 8638216.482, 140
Trd, 8638217.782, 140
Trd, 8638218.032, 140
Trd, 8638218.582, 140
Trd, 8638219.232, 138
Trd, 8638219.982, 140
Trd, 8638220.432, 140
Trd, 8638220.632, 139
Trd, 8638221.482, 138
Trd, 8638221.832, 137
Trd, 8638222.432, 135
Trd, 8638223.832, 120
Trd, 8638223.882, 138
Trd, 8638224.482, 120
Trd, 8638224.982, 116
Trd, 8638226.182, 90
Trd, 8638226.232, 73
Trd, 8638226.882, 139
Trd, 8638230.132, 99
Trd, 8638230.632, 115
Trd, 8638231.332, 100
Trd, 8638231.932, 117
Trd, 8638232.032, 96
Trd, 8638232.832, 140
Trd, 8638233.832, 138
Trd, 8638234.232, 137
Trd, 8638234.482, 136
Trd, 8638235.332, 139
Trd, 8638235.832, 83
Trd, 8638236.282, 124
Trd, 8638237.432, 128
Trd, 8638239.782, 140
Trd, 8638239.832, 140
Trd, 8638241.132, 140
Trd, 8638242.132, 140
Trd, 8638245.282, 140
Trd, 8638245.982, 140
Trd, 8638246.032, 140
Trd, 8638246.282, 140
Trd, 8638246.632, 139
Trd, 8638247.382, 110
Trd, 8638249.132, 98
Trd, 8638249.882, 64
Trd, 8638251.632, 64
Trd, 8638252.832, 61
Trd, 8638253.332, 60
Trd, 8638253.482, 61
Trd, 8638253.582, 62
Trd, 8638253.782, 66
Trd, 8638254.732, 131
Trd, 8638255.582, 67
Trd, 8638256.082, 83
Trd, 8638257.982, 96
Trd, 8638258.032, 95
Trd, 8638258.582, 97
Trd, 8638259.832, 139
Trd, 8638260.932, 99
Trd, 8638261.932, 99
Trd, 8638262.832, 86
Trd, 8638263.432, 139
Trd, 8638263.482, 129
Trd, 8638265.982, 140
Trd, 8638266.382, 139
Trd, 8638267.332, 140
Trd, 8638267.632, 140
Trd, 8638268.332, 140
Trd, 8638268.432, 140
Trd, 8638268.532, 130
Trd, 8638269.632, 120
Trd, 8638270.282, 107
Trd, 8638270.332, 92
Trd, 8638270.482, 91
Trd, 8638271.732, 125
Trd, 8638272.482, 96
Trd, 8638273.282, 97
Trd, 8638273.882, 85
Trd, 8638277.182, 140
Trd, 8638277.432, 140
Trd, 8638277.832, 140
Trd, 8638278.732, 140
Trd, 8638278.982, 140
Trd, 8638279.982, 140
Trd, 8638280.832, 138
Trd, 8638281.382, 109
Trd, 8638283.032, 138
Trd, 8638284.382, 112
Trd, 8638284.682, 71
Trd, 8638285.182, 60
Trd, 8638285.882, 60
Trd, 8638286.582, 61
Trd, 8638286.932, 116
Trd, 8638287.432, 121
Trd, 8638288.532, 64
Trd, 8638288.782, 65
Trd, 8638288.832, 63
Trd, 8638290.582, 73
Trd, 8638291.532, 77
Trd, 8638293.782, 140
Trd, 8638294.532, 140
Trd, 8638294.832, 140
Trd, 8638295.032, 139
Trd, 8638296.132, 140
Trd, 8638296.582, 127
Trd, 8638298.832, 139
Trd, 8638299.132, 127
Trd, 8638299.382, 124
Trd, 8638299.432, 104
Trd, 8638299.982, 101
Trd, 8638300.782, 100
Trd, 8638302.082, 61
Trd, 8638302.782, 140
Trd, 8638303.332, 140
Trd, 8638304.582, 139
Trd, 8638304.932, 139
Trd, 8638305.182, 118
Trd, 8638305.582, 140
Trd, 8638306.332, 140
Trd, 8638308.382, 118
Trd, 8638308.932, 119
Trd, 8638308.982, 120
Trd, 8638309.282, 118
Trd, 8638310.682, 61
Trd, 8638310.882, 71
Trd, 8638312.232, 63
Trd, 8638313.282, 60
Trd, 8638313.332, 61
Trd, 8638313.832, 112
Trd, 8638315.632, 74
Trd, 8638316.132, 79
Trd, 8638316.782, 140
Trd, 8638317.732, 140
Trd, 8638318.832, 140
Trd, 8638319.682, 140
Trd, 8638319.832, 140
Trd, 8638320.232, 123
Trd, 8638321.232, 105
Trd, 8638322.332, 140
Trd, 8638323.132, 140
Trd, 8638324.582, 140
Trd, 8638324.982, 140
Trd, 8638325.582, 140
Trd, 8638326.282, 140
Trd, 8638327.432, 140
Trd, 8638327.532, 139
Trd, 8638328.582, 137
Trd, 8638330.682, 133
Trd, 8638330.832, 137
Trd, 8638330.882, 131
Trd, 8638331.932, 131
Trd, 8638332.232, 135
Trd, 8638333.482, 122
Trd, 8638335.282, 116
Trd, 8638336.032, 118
Trd, 8638336.832, 136
Trd, 8638337.432, 100
Trd, 8638338.332, 93
Trd, 8638341.482, 140
Trd, 8638341.732, 140
Trd, 8638341.932, 140
Trd, 8638342.132, 140
Trd, 8638342.832, 140
Trd, 8638343.682, 140
Trd, 8638343.882, 140
Trd, 8638344.582, 140
Trd, 8638345.232, 111
Trd, 8638346.632, 140
Trd, 8638346.882, 140
Trd, 8638348.732, 71
Trd, 8638349.332, 67
Trd, 8638349.582, 72
Trd, 8638352.032, 88
Trd, 8638352.182, 85
Trd, 8638352.832, 81
Trd, 8638353.282, 140
Trd, 8638353.532, 137
Trd, 8638354.582, 83
Trd, 8638356.682, 106
Trd, 8638356.882, 98
Trd, 8638357.782, 104
Trd, 8638359.132, 108
Trd, 8638359.982, 140
Trd, 8638360.032, 139
Trd, 8638361.582, 140
Trd, 8638361.932, 139
Trd, 8638362.682, 130
Trd, 8638364.332, 140
Trd, 8638364.382, 139
Trd, 8638364.932, 112
Trd, 8638365.182, 112
Trd, 8638365.632, 106
Trd, 8638366.332, 139
Trd, 8638366.882, 128
Trd, 8638367.482, 100
Trd, 8638369.732, 103
Trd, 8638371.632, 139
Trd, 8638372.132, 106
Trd, 8638372.632, 140
Trd, 8638373.932, 140
Trd, 8638375.032, 140
Trd, 8638375.982, 140
Trd, 8638376.282, 140
Trd, 8638377.132, 140
Trd, 8638378.482, 140
Trd, 8638378.582, 140
Trd, 8638378.682, 139
Trd, 8638379.832, 119
Trd, 8638381.482, 140
Trd, 8638381.782, 136
Trd, 8638383.032, 140
Trd, 8638383.082, 140
Trd, 8638385.082, 76
Trd, 8638387.782, 140
Trd, 8638387.882, 140
Trd, 8638387.932, 138
Trd, 8638388.432, 131
Trd, 8638389.282, 139
Trd, 8638390.182, 130
Trd, 8638390.282, 114
Trd, 8638393.582, 140
Trd, 8638394.232, 140
Trd, 8638394.632, 140
Trd, 8638394.832, 139
Trd, 8638395.832, 140
Trd, 8638396.882, 139
Trd, 8638396.982, 138
Trd, 8638397.782, 138
Trd, 8638398.532, 124
Trd, 8638400.632, 138
Trd, 8638401.332, 126
Trd, 8638401.732, 105
Trd, 8638404.732, 140
Trd, 8638404.782, 140
Trd, 8638404.832, 140
Trd, 8638405.432, 140
Trd, 8638406.782, 139
Trd, 8638408.432, 140
Trd, 8638408.532, 140
Trd, 8638409.682, 140
Trd, 8638410.582, 139
Trd, 8638410.982, 61
Trd, 8638412.182, 61
Trd, 8638413.482, 65
Trd, 8638413.982, 71
Trd, 8638414.132, 65
Trd, 8638414.982, 121
Trd, 8638415.032, 72
Trd, 8638415.182, 137
Trd, 8638416.282, 77
Trd, 8638416.882, 116
Trd, 8638417.332, 75
Trd, 8638418.832, 140
Trd, 8638419.982, 140
Trd, 8638420.082, 140
Trd, 8638420.432, 140
Trd, 8638422.182, 124
Trd, 8638422.732, 110
Trd, 8638422.882, 109
Trd, 8638423.732, 122
Trd, 8638424.432, 114
Trd, 8638427.082, 135
Trd, 8638429.282, 140
Trd, 8638429.932, 140
Trd, 8638430.382, 140
Trd, 8638430.632, 140
Trd, 8638430.982, 117
Trd, 8638431.032, 116
Trd, 8638431.832, 140
Trd, 8638432.482, 140
Trd, 8638433.182, 117
Trd, 8638434.382, 136
Trd, 8638435.382, 108
Trd, 8638435.532, 99
Trd, 8638435.932, 98
Trd, 8638436.682, 93
Trd, 8638437.082, 108
Trd, 8638437.882, 115
Trd, 8638439.032, 85
Trd, 8638439.432, 85
Trd, 8638439.632, 84
Trd, 8638439.832, 81
Trd, 8638439.982, 80
Trd, 8638441.032, 93
Trd, 8638442.782, 140
Trd, 8638443.132, 140
Trd, 8638443.532, 139
Trd, 8638443.932, 125
Trd, 8638444.132, 124
Trd, 8638444.832, 109
Trd, 8638444.882, 136
Trd, 8638447.582, 97
Trd, 8638448.032, 76
Trd, 8638449.032, 85
Trd, 8638449.082, 84
Trd, 8638450.882, 82
Trd, 8638451.682, 131
Trd, 8638452.332, 126
Trd, 8638452.782, 140
Trd, 8638454.932, 140
Trd, 8638455.782, 140
Trd, 8638455.982, 139
Trd, 8638456.682, 129
Trd, 8638457.082, 122
Trd, 8638457.332, 120
Trd, 8638458.082, 128
Trd, 8638458.482, 124
Trd, 8638458.882, 135
Trd, 8638459.232, 135
Trd, 8638460.082, 140
Trd, 8638460.432, 122
Trd, 8638461.082, 96
Trd, 8638461.582, 76
Trd, 8638462.982, 136
Trd, 8638463.282, 111
Trd, 8638463.632, 110
Trd, 8638465.782, 140
Trd, 8638466.882, 140
Trd, 8638467.332, 140
Trd, 8638469.632, 140
Trd, 8638470.532, 140
Trd, 8638470.582, 140
Trd, 8638471.482, 138
Trd, 8638472.382, 138
Trd, 8638472.632, 123
Trd, 8638473.082, 118
Trd, 8638475.182, 140
Trd, 8638475.332, 140
Trd, 8638475.782, 140
Trd, 8638476.732, 140
Trd, 8638477.332, 140
Trd, 8638477.882, 140
Trd, 8638477.932, 122
Trd, 8638478.132, 113
Trd, 8638480.232, 60
Trd, 8638481.082, 60
Trd, 8638481.532, 63
Trd, 8638482.082, 64
Trd, 8638482.382, 63
Trd, 8638483.932, 62
Trd, 8638484.982, 62
Trd, 8638485.682, 67
Trd, 8638486.382, 76
Trd, 8638486.582, 60
Trd, 8638486.932, 96
Trd, 8638489.632, 90
Trd, 8638489.982, 87
Trd, 8638490.232, 85
Trd, 8638490.832, 83
Trd, 8638491.832, 139
Trd, 8638493.682, 140
Trd, 8638496.282, 140
Trd, 8638496.532, 140
Trd, 8638496.682, 140
Trd, 8638497.232, 140
Trd, 8638497.532, 138
Trd, 8638498.882, 140
Trd, 8638498.982, 140
Trd, 8638500.232, 140
Trd, 8638500.682, 140
Trd, 8638502.082, 140
Trd, 8638502.982, 140
Trd, 8638504.482, 140
Trd, 8638505.582, 140
Trd, 8638507.332, 140
Trd, 8638508.782, 140
Trd, 8638508.932, 140
Trd, 8638509.882, 140
Trd, 8638510.982, 140
Trd, 8638511.832, 140
Trd, 8638512.082, 140
Trd, 8638513.032, 71
Trd, 8638513.532, 73
Trd, 8638514.532, 86
Trd, 8638515.332, 140
Trd, 8638515.982, 140
Trd, 8638517.382, 140
Trd, 8638518.232, 140
Trd, 8638519.082, 140
Trd, 8638520.132, 140
Trd, 8638520.582, 140
Trd, 8638521.082, 107
Trd, 8638522.782, 140
Trd, 8638523.482, 132
Trd, 8638524.182, 97
Trd, 8638525.532, 110
Trd, 8638526.732, 140
Trd, 8638527.332, 140
Trd, 8638527.532, 140
Trd, 8638528.632, 137
Trd, 8638529.132, 139
Trd, 8638530.532, 140
Trd, 8638530.732, 140
Trd, 8638531.132, 132
Trd, 8638532.432, 133
Trd, 8638533.332, 136
Trd, 8638534.582, 140
Trd, 8638535.582, 140
Trd, 8638536.032, 140
Trd, 8638536.882, 140
Trd, 8638537.432, 140
Trd, 8638540.182, 136
Trd, 8638540.682, 140
Trd, 8638540.782, 139
Trd, 8638540.932, 137
Trd, 8638541.832, 137
Trd, 8638541.882, 130
Trd, 8638542.682, 112
Trd, 8638543.382, 84
Trd, 8638544.282, 140
Trd, 8638544.632, 139
Trd, 8638545.032, 139
Trd, 8638546.532, 91
Trd, 8638546.682, 89
Trd, 8638548.832, 140
Trd, 8638549.482, 140
Trd, 8638549.532, 139
Trd, 8638550.132, 117
Trd, 8638551.982, 118
Trd, 8638555.132, 120
Trd, 8638555.182, 118
Trd, 8638555.682, 123
Trd, 8638555.782, 114
Trd, 8638556.382, 115
Trd, 8638557.132, 117
Trd, 8638557.982, 76
Trd, 8638558.282, 83
Trd, 8638558.782, 64
Trd, 8638559.532, 120
Trd, 8638559.882, 121
Trd, 8638561.232, 61
Trd, 8638563.132, 86
Trd, 8638564.982, 140
Trd, 8638565.332, 140
Trd, 8638566.082, 140
Trd, 8638566.982, 140
Trd, 8638567.382, 140
Trd, 8638568.332, 140
Trd, 8638569.482, 130
Trd, 8638569.582, 129
Trd, 8638571.182, 140
Trd, 8638571.832, 139
Trd, 8638574.482, 140
Trd, 8638574.932, 140
Trd, 8638574.982, 140
Trd, 8638577.132, 140
Trd, 8638577.482, 114
Trd, 8638577.682, 121
Trd, 8638579.082, 120
Trd, 8638579.832, 120
Trd, 8638580.882, 113
Trd, 8638581.232, 78
Trd, 8638581.382, 63
Trd, 8638581.982, 128
Trd, 8638582.632, 137
Trd, 8638583.432, 135
Trd, 8638584.082, 72
Trd, 8638585.932, 63
Trd, 8638586.432, 65
Trd, 8638586.582, 63
Trd, 8638587.882, 120
Trd, 8638589.432, 140
Trd, 8638589.482, 140
Trd, 8638591.832, 140
Trd, 8638591.882, 140
Trd, 8638593.232, 140
Trd, 8638593.632, 130
Trd, 8638596.332, 138
Trd, 8638597.582, 140
Trd, 8638597.932, 140
Trd, 8638598.482, 140
Trd, 8638598.832, 140
Trd, 8638602.432, 140
Trd, 8638602.632, 140
Trd, 8638603.132, 140
Trd, 8638603.382, 140
Trd, 8638604.182, 130
Trd, 8638604.482, 114
Trd, 8638604.682, 106
Trd, 8638604.882, 105
Trd, 8638606.332, 103
Trd, 8638607.582, 102
Trd, 8638609.532, 140
Trd, 8638609.582, 140
Trd, 8638611.032, 140
Trd, 8638611.682, 136
Trd, 8638612.382, 123
Trd, 8638614.332, 140
Trd, 8638616.132, 123
Trd, 8638616.382, 118
Trd, 8638617.282, 122
Trd, 8638617.532, 114
Trd, 8638617.732, 112
Trd, 8638618.182, 103
Trd, 8638619.432, 135
Trd, 8638621.632, 121
Trd, 8638622.782, 140
Trd, 8638623.182, 131
Trd, 8638623.382, 130
Trd, 8638623.632, 95
Trd, 8638624.932, 140
Trd, 8638626.182, 140
Trd, 8638626.782, 140
Trd, 8638628.632, 140
Trd, 8638629.032, 140
Trd, 8638629.082, 140
Trd, 8638629.482, 140
Trd, 8638630.932, 140
Trd, 8638631.632, 139
Trd, 8638632.532, 124
Trd, 8638633.232, 124
Trd, 8638633.632, 123
Trd, 8638636.482, 137
Trd, 8638637.182, 136
Trd, 8638638.132, 135
Trd, 8638639.132, 127
Trd, 8638639.382, 126
Trd, 8638639.632, 122
Trd, 8638640.432, 140
Trd, 8638641.082, 133
Trd, 8638642.732, 139
Trd, 8638642.882, 98
Trd, 8638644.182, 140
Trd, 8638644.932, 138
Trd, 8638646.582, 140
Trd, 8638647.432, 140
Trd, 8638648.382, 140
Trd, 8638649.532, 140
Trd, 8638650.882, 140
Trd, 8638651.632, 140
Trd, 8638652.132, 140
Trd, 8638654.982, 140
Trd, 8638656.682, 140
Trd, 8638658.232, 140
Trd, 8638658.432, 140
Trd, 8638658.632, 140
Trd, 8638658.782, 140
Trd, 8638658.832, 117
Trd, 8638658.932, 113
Trd, 8638662.232, 140
Trd, 8638663.332, 140
Trd, 8638664.832, 140
Trd, 8638665.382, 140
Trd, 8638665.532, 140
Trd, 8638666.532, 138
Trd, 8638666.882, 100
Trd, 8638668.532, 140
Trd, 8638669.082, 140
Trd, 8638669.482, 140
Trd, 8638669.682, 140
Trd, 8638670.882, 63
Trd, 8638671.582, 139
Trd, 8638673.882, 140
Trd, 8638675.632, 140
Trd, 8638675.682, 140
Trd, 8638676.182, 129
Trd, 8638676.682, 125
Trd, 8638678.532, 140
Trd, 8638678.682, 140
Trd, 8638679.682, 140
Trd, 8638679.732, 140
Trd, 8638681.032, 120
Trd, 8638681.632, 121
Trd, 8638681.932, 120
Trd, 8638684.882, 140
Trd, 8638684.932, 140
Trd, 8638685.532, 140
Trd, 8638685.982, 127
Trd, 8638686.132, 116
Trd, 8638687.232, 116
Trd, 8638687.632, 133
Trd, 8638688.882, 102
Trd, 8638689.432, 109
Trd, 8638690.032, 140
Trd, 8638690.082, 139
Trd, 8638690.832, 95
Trd, 8638691.332, 93
Trd, 8638691.482, 73
Trd, 8638692.282, 138
Trd, 8638694.382, 119
Trd, 8638695.482, 121
Trd, 8638697.182, 140
Trd, 8638697.882, 140
Trd, 8638698.532, 140
Trd, 8638699.132, 140
Trd, 8638699.382, 140
Trd, 8638700.582, 140
Trd, 8638700.832, 140
Trd, 8638701.082, 139
Trd, 8638701.282, 114
Trd, 8638703.832, 138
Trd, 8638704.832, 140
Trd, 8638704.882, 140
Trd, 8638705.182, 120
Trd, 8638706.332, 98
Trd, 8638707.332, 97
Trd, 8638708.982, 112
Trd, 8638709.282, 82
Trd, 8638710.132, 135
Trd, 8638711.132, 85
Trd, 8638711.682, 85
Trd, 8638711.932, 73
Trd, 8638712.932, 124
Trd, 8638713.632, 77
Trd, 8638714.482, 77
Trd, 8638714.782, 132
Trd, 8638714.932, 127
Trd, 8638717.932, 140
Trd, 8638718.532, 140
Trd, 8638720.382, 140
Trd, 8638720.982, 140
Trd, 8638722.132, 140
Trd, 8638722.682, 140
Trd, 8638723.632, 140
Trd, 8638723.982, 134
Trd, 8638724.282, 114
Trd, 8638726.432, 140
Trd, 8638727.482, 140
Trd, 8638727.982, 140
Trd, 8638728.732, 140
Trd, 8638729.082, 140
Trd, 8638729.532, 135
Trd, 8638730.332, 128
Trd, 8638730.532, 127
Trd, 8638732.682, 140
Trd, 8638734.732, 140
Trd, 8638735.832, 140
Trd, 8638736.282, 140
Trd, 8638736.582, 140
Trd, 8638737.332, 140
Trd, 8638738.282, 140
Trd, 8638739.882, 140
Trd, 8638740.782, 140
Trd, 8638740.982, 140
Trd, 8638741.332, 140
Trd, 8638742.082, 113
Trd, 8638743.382, 140
Trd, 8638743.682, 133
Trd, 8638743.782, 132
Trd, 8638743.882, 116
Trd, 8638746.082, 140
Trd, 8638746.882, 137
Trd, 8638747.132, 116
Trd, 8638747.932, 140
Trd, 8638749.582, 116
Trd, 8638749.682, 114
Trd, 8638749.732, 112
Trd, 8638751.782, 120
Trd, 8638752.982, 98
Trd, 8638753.832, 140
Trd, 8638754.232, 138
Trd, 8638754.432, 110
Trd, 8638754.732, 94
Trd, 8638754.932, 140
Trd, 8638755.382, 115
Trd, 8638757.332, 140
Trd, 8638758.032, 140
Trd, 8638758.482, 140
Trd, 8638759.232, 140
Trd, 8638759.432, 140
Trd, 8638759.532, 140
Trd, 8638760.932, 113
Trd, 8638761.782, 139
Trd, 8638762.782, 137
Trd, 8638763.482, 98
Trd, 8638765.132, 139
Trd, 8638765.632, 80
Trd, 8638765.782, 81
Trd, 8638765.882, 78
Trd, 8638766.482, 140
Trd, 8638767.732, 79
Trd, 8638768.532, 62
Trd, 8638768.932, 140
Trd, 8638768.982, 139
Trd, 8638771.032, 93
Trd, 8638771.482, 85
Trd, 8638772.082, 82
Trd, 8638772.232, 133
Trd, 8638773.782, 101
Trd, 8638773.982, 100
Trd, 8638774.732, 99
Trd, 8638775.882, 126
Trd, 8638776.282, 121
Trd, 8638778.182, 129
Trd, 8638778.632, 127
Trd, 8638779.732, 136
Trd, 8638780.332, 85
Trd, 8638782.982, 93
Trd, 8638783.382, 96
Trd, 8638783.432, 92
Trd, 8638783.982, 105
Trd, 8638784.432, 105
Trd, 8638784.782, 107
Trd, 8638784.982, 76
Trd, 8638785.682, 73
Trd, 8638787.232, 62
Trd, 8638788.082, 64
Trd, 8638788.582, 60
Trd, 8638789.582, 140
Trd, 8638789.982, 140
Trd, 8638792.282, 140
Trd, 8638792.632, 140
Trd, 8638793.732, 116
Trd, 8638794.582, 118
Trd, 8638794.832, 117
Trd, 8638794.932, 92
Trd, 8638796.132, 118
Trd, 8638796.532, 110
Trd, 8638796.682, 102
Trd, 8638797.682, 68
Trd, 8638799.532, 140
Trd, 8638800.582, 140
Trd, 8638800.782, 140
Trd, 8638801.882, 97
Trd, 8638804.032, 140
Trd, 8638805.032, 140
Trd, 8638805.732, 140
Trd, 8638806.282, 140
Trd, 8638806.582, 140
Trd, 8638807.132, 140
Trd, 8638807.632, 122
Trd, 8638808.682, 136
Trd, 8638808.782, 118
Trd, 8638808.882, 110
Trd, 8638811.382, 139
Trd, 8638813.782, 140
Trd, 8638814.032, 140
Trd, 8638814.332, 139
Trd, 8638814.582, 138
Trd, 8638814.882, 122
Trd, 8638816.032, 140
Trd, 8638816.382, 140
Trd, 8638817.332, 140
Trd, 8638819.182, 140
Trd, 8638819.982, 140
Trd, 8638821.732, 140
Trd, 8638821.932, 140
Trd, 8638823.282, 137
Trd, 8638823.782, 124
Trd, 8638823.832, 123
Trd, 8638824.782, 81
Trd, 8638825.882, 139
Trd, 8638826.682, 125
Trd, 8638826.882, 115
Trd, 8638827.832, 140
Trd, 8638828.682, 95
Trd, 8638829.282, 95
Trd, 8638829.782, 95
Trd, 8638830.182, 96
Trd, 8638830.282, 95
Trd, 8638831.382, 96
Trd, 8638833.532, 74
Trd, 8638833.932, 86
Trd, 8638834.032, 87
Trd, 8638834.132, 123
Trd, 8638834.732, 122
Trd, 8638835.282, 64
Trd, 8638835.882, 140
Trd, 8638836.332, 139
Trd, 8638836.782, 121
Trd, 8638838.482, 133
Trd, 8638839.782, 140
Trd, 8638841.032, 140
Trd, 8638841.082, 140
Trd, 8638841.682, 140
Trd, 8638842.782, 140
Trd, 8638843.182, 140
Trd, 8638843.682, 134
Trd, 8638844.182, 105
Trd, 8638845.132, 140
Trd, 8638846.382, 112
Trd, 8638846.682, 101
Trd, 8638848.432, 102
Trd, 8638848.882, 84
Trd, 8638849.632, 84
Trd, 8638853.082, 140
Trd, 8638853.332, 140
Trd, 8638853.582, 140
Trd, 8638854.332, 140
Trd, 8638854.432, 139
Trd, 8638855.082, 138
Trd, 8638856.532, 67
Trd, 8638856.732, 71
Trd, 8638857.282, 61
Trd, 8638858.832, 68
Trd, 8638858.882, 70
Trd, 8638859.782, 66
Trd, 8638860.982, 111
Trd, 8638861.682, 112
Trd, 8638861.732, 111
Trd, 8638862.782, 130
Trd, 8638864.932, 140
Trd, 8638865.632, 140
Trd, 8638867.182, 139
Trd, 8638868.582, 140
Trd, 8638869.982, 140
Trd, 8638870.382, 140
Trd, 8638870.832, 140
Trd, 8638871.082, 118
Trd, 8638871.832, 138
Trd, 8638871.932, 102
Trd, 8638873.382, 113
Trd, 8638874.032, 128
Trd, 8638876.082, 119
Trd, 8638876.582, 119
Trd, 8638876.782, 111
Trd, 8638877.032, 91
Trd, 8638878.082, 140
Trd, 8638878.782, 140
Trd, 8638879.132, 140
Trd, 8638881.182, 132
Trd, 8638881.232, 131
Trd, 8638881.882, 137
Trd, 8638882.982, 140
Trd, 8638883.932, 136
Trd, 8638884.632, 138
Trd, 8638886.032, 116
Trd, 8638887.432, 107
Trd, 8638888.232, 140
Trd, 8638889.282, 125
Trd, 8638890.732, 140
Trd, 8638892.582, 129
Trd, 8638892.632, 110
Trd, 8638893.132, 139
Trd, 8638893.282, 102
Trd, 8638894.032, 110
Trd, 8638894.682, 140
Trd, 8638895.882, 139
Trd, 8638896.682, 140
Trd, 8638897.032, 125
Trd, 8638897.132, 124
Trd, 8638897.582, 140
Trd, 8638898.132, 139
Trd, 8638898.832, 69
Trd, 8638899.182, 125
Trd, 8638902.082, 114
Trd, 8638902.732, 78
Trd, 8638903.232, 121
Trd, 8638903.332, 69
Trd, 8638903.482, 124
Trd, 8638905.182, 78
Trd, 8638905.332, 78
Trd, 8638905.532, 134
Trd, 8638906.882, 61
Trd, 8638908.682, 60
Trd, 8638909.082, 60
Trd, 8638909.332, 71
Trd, 8638910.982, 105
Trd, 8638912.532, 140
Trd, 8638913.682, 140
Trd, 8638913.782, 138
Trd, 8638914.632, 140
Trd, 8638914.732, 140
Trd, 8638915.182, 140
Trd, 8638915.382, 120
Trd, 8638917.932, 140
Trd, 8638918.732, 140
Trd, 8638918.832, 139
Trd, 8638919.732, 140
Trd, 8638919.982, 140
Trd, 8638920.132, 94
Trd, 8638921.582, 90
Trd, 8638923.032, 93
Trd, 8638924.632, 137
Trd, 8638925.082, 102
Trd, 8638925.482, 140
Trd, 8638929.032, 140
Trd, 8638929.382, 140
Trd, 8638931.532, 140
Trd, 8638931.582, 140
Trd, 8638932.282, 140
Trd, 8638932.382, 140
Trd, 8638932.782, 139
Trd, 8638933.732, 120
Trd, 8638935.732, 140
Trd, 8638937.882, 140
Trd, 8638938.082, 139
Trd, 8638938.132, 138
Trd, 8638939.132, 128
Trd, 8638939.432, 139
Trd, 8638939.732, 125
Trd, 8638941.332, 109
Trd, 8638941.482, 107
Trd, 8638941.982, 98
Trd, 8638942.332, 97
Trd, 8638942.382, 95
Trd, 8638944.632, 139
Trd, 8638945.332, 138
Trd, 8638946.332, 140
Trd, 8638946.432, 140
Trd, 8638946.482, 140
Trd, 8638947.632, 139
Trd, 8638948.682, 138
Trd, 8638950.132, 106
Trd, 8638952.532, 140
Trd, 8638952.732, 140
Trd, 8638953.182, 140
Trd, 8638953.882, 139
Trd, 8638954.232, 137
Trd, 8638954.532, 122
Trd, 8638955.132, 95
Trd, 8638955.932, 69
Trd, 8638958.032, 60
Trd, 8638958.482, 68
Trd, 8638958.632, 69
Trd, 8638958.932, 60
Trd, 8638959.132, 61
Trd, 8638961.932, 62
Trd, 8638962.082, 62
Trd, 8638962.782, 60
Trd, 8638963.132, 60
Trd, 8638964.032, 62
Trd, 8638964.682, 60
Trd, 8638965.132, 73
Trd, 8638965.832, 63
Trd, 8638967.232, 139
Trd, 8638967.532, 110
Trd, 8638967.932, 84
Trd, 8638970.082, 140
Trd, 8638970.282, 140
Trd, 8638971.882, 121
Trd, 8638973.932, 132
Trd, 8638974.082, 127
Trd, 8638974.732, 125
Trd, 8638974.982, 106
Trd, 8638975.282, 105
Trd, 8638975.382, 71
Trd, 8638976.332, 73
Trd, 8638977.582, 135
Trd, 8638978.132, 109
Trd, 8638978.832, 107
Trd, 8638979.682, 97
Trd, 8638980.632, 96
Trd, 8638981.632, 61
Trd, 8638982.232, 71
Trd, 8638984.582, 119
Trd, 8638985.182, 119
Trd, 8638985.232, 117
Trd, 8638985.582, 113
Trd, 8638986.882, 140
Trd, 8638987.932, 140
Trd, 8638988.882, 140
Trd, 8638989.582, 140
Trd, 8638991.232, 140
Trd, 8638991.332, 140
Trd, 8638991.632, 140
Trd, 8638992.882, 128
Trd, 8638993.982, 113
Trd, 8638994.932, 139
Trd, 8638995.582, 117
Trd, 8638995.832, 116
Trd, 8638996.632, 140
Trd, 8638997.632, 114
Trd, 8638998.632, 119
Trd, 8638999.982, 140
Trd, 8639000.432, 132
Trd, 8639001.182, 132
Trd, 8639001.232, 116
Trd, 8639001.782, 108
Trd, 8639003.432, 139
Trd, 8639004.282, 139
Trd, 8639004.732, 120
Trd, 8639005.032, 100
Trd, 8639006.182, 138
Trd, 8639008.482, 108
Trd, 8639009.632, 81
Trd, 8639010.082, 108
Trd, 8639010.432, 140
Trd, 8639010.532, 139
Trd, 8639012.082, 140
Trd, 8639012.832, 140
Trd, 8639012.882, 139
Trd, 8639014.332, 112
Trd, 8639014.832, 110
Trd, 8639015.632, 140
Trd, 8639016.132, 139
Trd, 8639018.282, 109
Trd, 8639018.682, 99
Trd, 8639019.682, 80
Trd, 8639020.332, 114
Trd, 8639021.582, 92
Trd, 8639021.632, 90
Trd, 8639022.032, 90
Trd, 8639022.932, 83
Trd, 8639023.682, 133
Trd, 8639024.182, 69
Trd, 8639025.032, 91
Trd, 8639025.382, 90
Trd, 8639027.732, 140
Trd, 8639027.882, 140
Trd, 8639027.932, 114
Trd, 8639029.532, 140
Trd, 8639029.882, 123
Trd, 8639030.682, 112
Trd, 8639030.982, 111
Trd, 8639032.182, 140
Trd, 8639033.282, 140
Trd, 8639033.782, 140
Trd, 8639036.332, 140
Trd, 8639036.532, 140
Trd, 8639037.382, 140
Trd, 8639037.432, 139
Trd, 8639038.882, 138
Trd, 8639039.232, 140
Trd, 8639040.382, 121
Trd, 8639040.482, 108
Trd, 8639043.832, 140
Trd, 8639043.932, 140
Trd, 8639046.532, 140
Trd, 8639046.882, 140
Trd, 8639046.982, 140
Trd, 8639048.432, 140
Trd, 8639049.432, 140
Trd, 8639050.032, 140
Trd, 8639050.532, 140
Trd, 8639050.732, 140
Trd, 8639052.032, 111
Trd, 8639053.132, 97
Trd, 8639053.982, 108
Trd, 8639054.182, 107
Trd, 8639054.382, 126
Trd, 8639055.582, 99
Trd, 8639055.832, 99
Trd, 8639057.432, 92
Trd, 8639057.732, 121
Trd, 8639057.982, 122
Trd, 8639059.532, 125
Trd, 8639059.982, 125
Trd, 8639060.482, 139
Trd, 8639061.682, 124
Trd, 8639062.182, 124
Trd, 8639062.732, 135
Trd, 8639063.132, 108
Trd, 8639063.382, 107
Trd, 8639065.132, 140
Trd, 8639065.482, 106
Trd, 8639066.782, 108
Trd, 8639067.132, 107
Trd, 8639068.182, 72
Trd, 8639069.782, 128
Trd, 8639071.132, 132
Trd, 8639071.532, 134
Trd, 8639072.682, 140
Trd, 8639073.532, 140
Trd, 8639073.582, 139
Trd, 8639074.932, 140
Trd, 8639075.582, 140
Trd, 8639076.932, 123
Trd, 8639077.182, 103
Trd, 8639078.332, 131
Trd, 8639080.232, 136
Trd, 8639080.732, 132
Trd, 8639080.782, 128
Trd, 8639081.632, 140
Trd, 8639082.282, 140
Trd, 8639084.332, 60
Trd, 8639085.032, 60
Trd, 8639085.332, 60
Trd, 8639085.782, 60
Trd, 8639085.882, 87
Trd, 8639087.282, 63
Trd, 8639087.332, 66
Trd, 8639088.532, 74
Trd, 8639089.282, 107
Trd, 8639089.732, 133
Trd, 8639090.382, 140
Trd, 8639090.482, 140
Trd, 8639091.182, 140
Trd, 8639092.282, 140
Trd, 8639092.382, 140
Trd, 8639093.882, 140
Trd, 8639094.482, 140
Trd, 8639094.732, 127
Trd, 8639095.032, 127
Trd, 8639096.232, 123
Trd, 8639096.782, 140
Trd, 8639096.982, 121
Trd, 8639098.132, 115
Trd, 8639099.982, 140
Trd, 8639102.182, 140
Trd, 8639102.332, 140
Trd, 8639102.982, 140
Trd, 8639103.282, 140
Trd, 8639103.782, 140
Trd, 8639105.032, 134
Trd, 8639105.532, 131
Trd, 8639105.732, 130
Trd, 8639105.982, 135
Trd, 8639106.332, 130
Trd, 8639107.932, 123
Trd, 8639108.582, 82
Trd, 8639108.932, 80
Trd, 8639111.332, 139
Trd, 8639111.382, 137
Trd, 8639112.232, 135
Trd, 8639114.332, 140
Trd, 8639114.432, 140
Trd, 8639116.282, 140
Trd, 8639116.682, 140
Trd, 8639116.732, 140
Trd, 8639116.832, 137
Trd, 8639117.832, 121
Trd, 8639118.982, 130
Trd, 8639119.932, 139
Trd, 8639120.332, 139
Trd, 8639121.482, 95
Trd, 8639122.032, 105
Trd, 8639122.182, 99
Trd, 8639122.582, 89
Trd, 8639123.432, 108
Trd, 8639123.682, 110
Trd, 8639123.782, 84
Trd, 8639125.682, 84
Trd, 8639126.982, 94
Trd, 8639127.482, 93
Trd, 8639127.882, 96
Trd, 8639128.632, 85
Trd, 8639130.132, 95
Trd, 8639130.532, 139
Trd, 8639130.732, 140
Trd, 8639131.282, 90
Trd, 8639132.082, 108
Trd, 8639132.932, 89
Trd, 8639132.982, 77
Trd, 8639135.832, 125
Trd, 8639136.282, 132
Trd, 8639137.432, 87
Trd, 8639137.482, 138
Trd, 8639137.532, 139
Trd, 8639138.032, 87
Trd, 8639138.332, 87
Trd, 8639139.182, 87
Trd, 8639139.432, 86
Trd, 8639140.632, 106
Trd, 8639142.382, 85
Trd, 8639143.382, 140
Trd, 8639143.882, 140
Trd, 8639144.682, 138
Trd, 8639145.382, 138
Trd, 8639146.932, 133
Trd, 8639147.132, 117
Trd, 8639147.632, 134
Trd, 8639148.432, 119
Trd, 8639149.182, 118
Trd, 8639150.582, 139
Trd, 8639150.882, 140
Trd, 8639151.082, 138
Trd, 8639152.282, 140
Trd, 8639152.982, 125
Trd, 8639153.732, 139
Trd, 8639154.282, 113
Trd, 8639155.582, 102
Trd, 8639156.432, 94
Trd, 8639157.982, 101
Trd, 8639158.132, 100
Trd, 8639158.282, 104
Trd, 8639160.432, 140
Trd, 8639160.882, 140
Trd, 8639161.932, 110
Trd, 8639162.582, 100
Trd, 8639162.632, 98
Trd, 8639162.882, 97
Trd, 8639163.282, 121
Trd, 8639164.182, 98
Trd, 8639164.582, 98
Trd, 8639164.982, 112
Trd, 8639165.682, 87
Trd, 8639167.232, 64
Trd, 8639168.782, 140
Trd, 8639168.882, 140
Trd, 8639170.282, 140
Trd, 8639170.732, 140
Trd, 8639171.782, 140
Trd, 8639172.182, 139
Trd, 8639174.182, 140
Trd, 8639175.182, 140
Trd, 8639176.532, 140
Trd, 8639177.182, 140
Trd, 8639177.532, 140
Trd, 8639177.582, 114
Trd, 8639177.632, 112
Trd, 8639178.882, 140
Trd, 8639179.732, 140
Trd, 8639180.032, 140
Trd, 8639180.682, 112
Trd, 8639181.582, 95
Trd, 8639183.032, 106
Trd, 8639183.682, 128
Trd, 8639184.132, 139
Trd, 8639184.882, 111
Trd, 8639187.182, 140
Trd, 8639187.632, 140
Trd, 8639188.032, 140
Trd, 8639189.582, 134
Trd, 8639190.682, 135
Trd, 8639190.732, 131
Trd, 8639193.182, 140
Trd, 8639193.582, 140
Trd, 8639194.082, 140
Trd, 8639196.182, 140
Trd, 8639196.982, 140
Trd, 8639197.382, 140
Trd, 8639197.882, 140
Trd, 8639199.132, 140
Trd, 8639199.832, 140
Trd, 8639200.382, 140
Trd, 8639200.482, 140
Trd, 8639201.532, 140
Trd, 8639202.382, 140
Trd, 8639203.132, 140
Trd, 8639204.132, 116
Trd, 8639204.232, 112
Trd, 8639205.082, 140
Trd, 8639205.332, 140
Trd, 8639205.832, 132
Trd, 8639206.182, 122
Trd, 8639206.532, 121
Trd, 8639207.382, 117
Trd, 8639209.532, 67
Trd, 8639211.232, 140
Trd, 8639211.632, 139
Trd, 8639212.582, 140
Trd, 8639213.632, 140
Trd, 8639214.132, 140
Trd, 8639215.282, 140
Trd, 8639215.432, 140
Trd, 8639215.632, 140
Trd, 8639216.032, 140
Trd, 8639216.182, 127
Trd, 8639217.232, 127
Trd, 8639217.432, 126
Trd, 8639219.832, 60
Trd, 8639219.882, 61
Trd, 8639220.682, 140
Trd, 8639220.732, 140
Trd, 8639220.832, 140
Trd, 8639223.332, 140
Trd, 8639224.032, 140
Trd, 8639224.282, 140
Trd, 8639225.082, 137
Trd, 8639225.582, 114
Trd, 8639226.132, 113
Trd, 8639227.832, 113
Trd, 8639228.632, 115
Trd, 8639228.782, 139
Trd, 8639228.882, 103
Trd, 8639229.582, 94
Trd, 8639230.082, 118
Trd, 8639230.532, 94
Trd, 8639232.732, 123
Trd, 8639232.932, 100
Trd, 8639233.582, 88
Trd, 8639233.732, 78
Trd, 8639234.132, 60
Trd, 8639235.582, 68
Trd, 8639236.032, 61
Trd, 8639237.282, 64
Trd, 8639237.332, 60
Trd, 8639237.632, 73
Trd, 8639238.382, 110
Trd, 8639238.682, 62
Trd, 8639240.632, 140
Trd, 8639241.682, 140
Trd, 8639242.332, 139
Trd, 8639242.732, 138
Trd, 8639243.132, 137
Trd, 8639244.382, 121
Trd, 8639245.682, 127
Trd, 8639246.382, 120
Trd, 8639247.632, 139
Trd, 8639247.982, 138
Trd, 8639248.382, 137
Trd, 8639248.832, 140
Trd, 8639249.382, 140
Trd, 8639249.932, 131
Trd, 8639253.432, 140
Trd, 8639253.482, 140
Trd, 8639254.532, 140
Trd, 8639255.432, 140
Trd, 8639256.382, 140
Trd, 8639256.782, 140
Trd, 8639256.932, 140
Trd, 8639257.932, 139
Trd, 8639258.232, 116
Trd, 8639258.332, 116
Trd, 8639260.282, 140
Trd, 8639260.932, 137
Trd, 8639261.082, 115
Trd, 8639261.732, 117
Trd, 8639262.532, 122
Trd, 8639264.182, 60
Trd, 8639264.282, 60
Trd, 8639264.582, 63
Trd, 8639266.382, 64
Trd, 8639266.832, 65
Trd, 8639267.132, 62
Trd, 8639267.282, 63
Trd, 8639269.582, 140
Trd, 8639272.432, 140
Trd, 8639272.732, 140
Trd, 8639275.982, 140
Trd, 8639276.032, 140
Trd, 8639278.232, 140
Trd, 8639278.332, 140
Trd, 8639278.932, 140
Trd, 8639279.232, 140
Trd, 8639279.682, 140
Trd, 8639279.932, 138
Trd, 8639281.232, 125
Trd, 8639281.632, 89
Trd, 8639281.832, 137
Trd, 8639282.832, 100
Trd, 8639283.332, 107
Trd, 8639283.732, 136
Trd, 8639284.282, 89
Trd, 8639286.132, 103
Trd, 8639286.182, 94
Trd, 8639287.332, 139
Trd, 8639288.082, 140
Trd, 8639288.232, 140
Trd, 8639289.482, 140
Trd, 8639289.532, 140
Trd, 8639290.482, 140
Trd, 8639292.282, 140
Trd, 8639294.032, 140
Trd, 8639294.082, 140
Trd, 8639294.182, 137
Trd, 8639294.482, 137
Trd, 8639294.832, 119
Trd, 8639295.782, 78
Trd, 8639295.882, 79
Trd, 8639297.582, 103
Trd, 8639297.682, 102
Trd, 8639299.832, 97
Trd, 8639300.432, 97
Trd, 8639300.582, 117
Trd, 8639302.582, 135
Trd, 8639304.932, 140
Trd, 8639305.582, 140
Trd, 8639305.982, 140
Trd, 8639306.732, 140
Trd, 8639307.982, 140
Trd, 8639308.932, 140
Trd, 8639310.032, 140
Trd, 8639310.582, 140
Trd, 8639310.932, 134
Trd, 8639311.482, 127
Trd, 8639311.582, 126
Trd, 8639312.282, 140
Trd, 8639312.432, 140
Trd, 8639313.832, 106
Trd, 8639314.182, 106
Trd, 8639314.732, 94
Trd, 8639315.482, 116
Trd, 8639316.932, 140
Trd, 8639319.332, 125
Trd, 8639319.482, 119
Trd, 8639320.282, 140
Trd, 8639321.082, 101
Trd, 8639321.582, 140
Trd, 8639322.332, 139
Trd, 8639323.532, 140
Trd, 8639323.682, 140
Trd, 8639324.582, 140
Trd, 8639326.782, 140
Trd, 8639327.632, 140
Trd, 8639327.682, 140
Trd, 8639329.932, 108
Trd, 8639330.032, 136
Trd, 8639330.232, 107
Trd, 8639332.332, 100
Trd, 8639332.782, 99
Trd, 8639333.632, 140
Trd, 8639335.382, 140
Trd, 8639335.482, 140
Trd, 8639337.532, 88
Trd, 8639337.832, 131
Trd, 8639338.632, 123
Trd, 8639339.432, 71
Trd, 8639339.782, 78
Trd, 8639340.282, 84
Trd, 8639340.482, 84
Trd, 8639340.682, 85
Trd, 8639341.132, 76
Trd, 8639344.682, 136
Trd, 8639344.832, 112
Trd, 8639344.882, 101
Trd, 8639345.232, 99
Trd, 8639346.632, 114
Trd, 8639347.632, 125
Trd, 8639347.982, 112
Trd, 8639348.082, 111
Trd, 8639348.432, 104
Trd, 8639349.132, 140
Trd, 8639351.382, 140
Trd, 8639351.932, 140
Trd, 8639353.732, 140
Trd, 8639354.432, 140
Trd, 8639356.382, 140
Trd, 8639356.432, 140
Trd, 8639356.632, 140
Trd, 8639357.132, 139
Trd, 8639357.732, 126
Trd, 8639358.532, 126
Trd, 8639360.082, 140
Trd, 8639360.532, 139
Trd, 8639360.732, 140
Trd, 8639361.482, 110
Trd, 8639363.382, 140
Trd, 8639363.432, 119
Trd, 8639364.282, 109
Trd, 8639365.332, 110
Trd, 8639366.232, 111
Trd, 8639367.382, 97
Trd, 8639367.632, 129
Trd, 8639367.782, 97
Trd, 8639367.982, 78
Trd, 8639368.932, 139
Trd, 8639371.982, 140
Trd, 8639372.532, 122
Trd, 8639373.232, 121
Trd, 8639373.632, 115
Trd, 8639373.782, 128
Trd, 8639373.982, 106
Trd, 8639374.232, 94
Trd, 8639375.682, 140
Trd, 8639376.032, 140
Trd, 8639376.382, 140
Trd, 8639378.482, 140
Trd, 8639379.232, 140
Trd, 8639381.332, 140
Trd, 8639381.982, 140
Trd, 8639385.182, 140
Trd, 8639385.782, 140
Trd, 8639385.982, 140
Trd, 8639386.582, 140
Trd, 8639387.532, 140
Trd, 8639388.432, 140
Trd, 8639388.732, 139
Trd, 8639390.882, 116
Trd, 8639391.982, 120
Trd, 8639392.082, 119
Trd, 8639392.232, 110
Trd, 8639392.682, 119
Trd, 8639394.682, 134
Trd, 8639394.982, 118
Trd, 8639395.182, 117
Trd, 8639395.782, 140
Trd, 8639397.482, 98
Trd, 8639397.582, 97
Trd, 8639398.332, 140
Trd, 8639399.032, 140
Trd, 8639399.232, 139
Trd, 8639401.582, 117
Trd, 8639402.182, 114
Trd, 8639402.782, 139
Trd, 8639403.382, 115
Trd, 8639405.782, 117
Trd, 8639406.332, 116
Trd, 8639406.382, 115
Trd, 8639406.432, 111
Trd, 8639406.982, 130
Trd, 8639407.282, 91
Trd, 8639408.882, 60
Trd, 8639408.932, 62
Trd, 8639409.632, 61
Trd, 8639409.932, 64
Trd, 8639412.082, 81
Trd, 8639412.782, 122
Trd, 8639413.532, 115
Trd, 8639413.632, 82
Trd, 8639414.782, 124
Trd, 8639415.382, 101
Trd, 8639416.782, 140
Trd, 8639417.482, 140
Trd, 8639418.382, 140
Trd, 8639418.482, 114
Trd, 8639419.782, 139
Trd, 8639420.132, 120
Trd, 8639420.382, 115
Trd, 8639420.482, 113
Trd, 8639422.632, 140
Trd, 8639423.782, 140
Trd, 8639425.082, 140
Trd, 8639425.482, 140
Trd, 8639426.032, 140
Trd, 8639428.132, 140
Trd, 8639428.282, 140
Trd, 8639428.482, 137
Trd, 8639428.632, 116
Trd, 8639428.682, 108
Trd, 8639428.932, 74
Trd, 8639429.882, 140
Trd, 8639431.182, 140
Trd, 8639432.232, 140
Trd, 8639432.482, 140
Trd, 8639433.582, 98
Trd, 8639434.682, 140
Trd, 8639435.582, 140
Trd, 8639437.482, 140
Trd, 8639438.132, 140
Trd, 8639438.432, 140
Trd, 8639439.282, 133
Trd, 8639440.132, 119
Trd, 8639440.832, 106
Trd, 8639441.532, 140
Trd, 8639441.882, 133
Trd, 8639442.032, 132
Trd, 8639443.682, 115
Trd, 8639444.432, 126
Trd, 8639445.182, 140
Trd, 8639445.332, 140
Trd, 8639446.782, 129
Trd, 8639446.882, 131
Trd, 8639448.182, 134
Trd, 8639448.682, 135
Trd, 8639449.682, 137
Trd, 8639450.432, 140
Trd, 8639450.682, 140
Trd, 8639450.932, 140
Trd, 8639452.082, 125
Trd, 8639453.632, 132
Trd, 8639453.782, 116
Trd, 8639454.032, 84
Trd, 8639454.182, 133
Trd, 8639456.432, 140
Trd, 8639457.282, 134
Trd, 8639458.332, 139
Trd, 8639459.682, 140
Trd, 8639459.882, 139
Trd, 8639460.182, 140
Trd, 8639461.782, 140
Trd, 8639462.382, 140
Trd, 8639463.532, 140
Trd, 8639463.832, 116
Trd, 8639464.732, 140
Trd, 8639464.982, 140
Trd, 8639465.332, 138
Trd, 8639465.632, 118
Trd, 8639466.732, 137
Trd, 8639466.932, 123
Trd, 8639467.732, 121
Trd, 8639469.332, 60
Trd, 8639471.232, 100
Trd, 8639471.632, 66
Trd, 8639471.732, 65
Trd, 8639472.782, 63
Trd, 8639474.932, 70
Trd, 8639475.332, 97
Trd, 8639476.182, 99
Trd, 8639476.282, 70
Trd, 8639477.232, 136
Trd, 8639478.482, 138
Trd, 8639478.532, 137
Trd, 8639478.932, 120
Trd, 8639480.282, 140
Trd, 8639480.582, 139
Trd, 8639483.332, 123
Trd, 8639483.682, 126
Trd, 8639484.032, 127
Trd, 8639484.082, 137
Trd, 8639484.132, 125
Trd, 8639484.782, 138
Trd, 8639485.182, 123
Trd, 8639485.582, 108
Trd, 8639487.382, 64
Trd, 8639488.032, 140
Trd, 8639489.732, 140
Trd, 8639490.032, 139
Trd, 8639490.932, 139
Trd, 8639491.382, 136
Trd, 8639491.482, 115
Trd, 8639492.682, 84
Trd, 8639493.282, 65
Trd, 8639494.232, 139
Trd, 8639494.832, 60
Trd, 8639495.182, 78
Trd, 8639496.332, 115
Trd, 8639497.982, 140
Trd, 8639498.632, 126
Trd, 8639499.682, 140
Trd, 8639500.332, 133
Trd, 8639500.782, 131
Trd, 8639501.732, 121
Trd, 8639502.232, 122
Trd, 8639502.682, 124
Trd, 8639503.882, 131
Trd, 8639504.932, 129
Trd, 8639505.532, 125
Trd, 8639505.832, 124
Trd, 8639507.832, 140
Trd, 8639508.482, 140
Trd, 8639508.632, 140
Trd, 8639508.682, 140
Trd, 8639509.432, 109
Trd, 8639509.582, 64
Trd, 8639511.482, 66
Trd, 8639513.032, 88
Trd, 8639513.082, 86
Trd, 8639513.932, 105
Trd, 8639515.282, 127
Trd, 8639516.032, 133
Trd, 8639516.732, 116
Trd, 8639518.332, 104
Trd, 8639519.332, 140
Trd, 8639519.782, 140
Trd, 8639520.532, 140
Trd, 8639521.132, 140
Trd, 8639523.232, 137
Trd, 8639524.632, 132
Trd, 8639524.882, 139
Trd, 8639525.182, 132
Trd, 8639526.032, 140
Trd, 8639526.882, 140
Trd, 8639527.232, 140
Trd, 8639527.732, 102
Trd, 8639528.832, 61
Trd, 8639528.882, 60
Trd, 8639529.782, 66
Trd, 8639530.032, 96
Trd, 8639530.082, 97
Trd, 8639531.232, 67
Trd, 8639532.582, 62
Trd, 8639532.832, 67
Trd, 8639533.732, 72
Trd, 8639535.532, 60
Trd, 8639536.182, 62
Trd, 8639536.282, 61
Trd, 8639536.532, 60
Trd, 8639537.832, 65
Trd, 8639539.982, 109
Trd, 8639540.282, 108
Trd, 8639540.432, 104
Trd, 8639542.232, 140
Trd, 8639542.782, 140
Trd, 8639543.282, 140
Trd, 8639545.232, 140
Trd, 8639545.282, 140
Trd, 8639545.832, 140
Trd, 8639546.582, 140
Trd, 8639550.182, 116
Trd, 8639550.482, 115
Trd, 8639551.132, 101
Trd, 8639551.432, 99
Trd, 8639552.482, 140
Trd, 8639553.232, 140
Trd, 8639553.382, 140
Trd, 8639553.432, 140
Trd, 8639553.682, 140
Trd, 8639555.082, 140
Trd, 8639556.932, 106
Trd, 8639559.382, 140
Trd, 8639560.432, 140
Trd, 8639560.782, 140
Trd, 8639561.832, 135
Trd, 8639562.632, 140
Trd, 8639562.932, 139
Trd, 8639565.932, 140
Trd, 8639566.032, 140
Trd, 8639566.082, 140
Trd, 8639567.582, 140
Trd, 8639569.032, 121
Trd, 8639570.932, 140
Trd, 8639572.182, 140
Trd, 8639572.482, 139
Trd, 8639572.832, 119
Trd, 8639573.982, 114
Trd, 8639574.332, 140
Trd, 8639574.882, 72
Trd, 8639576.332, 138
Trd, 8639577.432, 84
Trd, 8639577.682, 74
Trd, 8639578.682, 77
Trd, 8639579.082, 92
Trd, 8639580.932, 140
Trd, 8639581.182, 140
Trd, 8639581.382, 140
Trd, 8639581.882, 140
Trd, 8639583.132, 140
Trd, 8639583.932, 140
Trd, 8639583.982, 110
Trd, 8639584.882, 140
Trd, 8639585.632, 101
Trd, 8639586.882, 125
Trd, 8639588.732, 140
Trd, 8639589.082, 140
Trd, 8639589.282, 114
Trd, 8639592.782, 140
Trd, 8639593.032, 140
Trd, 8639593.432, 140
Trd, 8639594.582, 126
Trd, 8639595.282, 125
Trd, 8639595.332, 124
Trd, 8639596.932, 139
Trd, 8639598.582, 140
Trd, 8639599.932, 131
Trd, 8639600.182, 136
Trd, 8639601.182, 133
Trd, 8639601.532, 134
Trd, 8639601.982, 111
Trd, 8639602.432, 117
Trd, 8639604.482, 131
Trd, 8639604.732, 131
Trd, 8639606.482, 64
Trd, 8639606.532, 100
Trd, 8639607.832, 95
Trd, 8639608.032, 94
Trd, 8639608.132, 91
Trd, 8639609.882, 83
Trd, 8639610.532, 104
Trd, 8639611.132, 82
Trd, 8639612.832, 85
Trd, 8639613.082, 139
Trd, 8639613.382, 118
Trd, 8639613.682, 140
Trd, 8639615.032, 140
Trd, 8639615.232, 122
Trd, 8639616.032, 113
Trd, 8639618.032, 137
Trd, 8639618.532, 132
Trd, 8639618.582, 115
Trd, 8639618.832, 79
Trd, 8639619.432, 108
Trd, 8639621.582, 82
Trd, 8639621.882, 83
Trd, 8639622.532, 101
Trd, 8639623.182, 98
Trd, 8639623.732, 86
Trd, 8639624.632, 140
Trd, 8639626.332, 135
Trd, 8639626.382, 136
Trd, 8639626.982, 127
Trd, 8639628.482, 130
Trd, 8639628.582, 128
Trd, 8639628.832, 126
Trd, 8639631.282, 140
Trd, 8639631.432, 140
Trd, 8639631.582, 140
Trd, 8639632.132, 140
Trd, 8639632.632, 127
Trd, 8639633.332, 132
Trd, 8639633.782, 117
Trd, 8639634.032, 114
Trd, 8639635.432, 63
Trd, 8639636.332, 100
Trd, 8639636.832, 102
Trd, 8639637.382, 116
Trd, 8639637.532, 116
Trd, 8639637.582, 105
Trd, 8639637.632, 102
Trd, 8639638.332, 139
Trd, 8639640.732, 140
Trd, 8639641.832, 140
Trd, 8639642.232, 140
Trd, 8639642.332, 140
Trd, 8639643.382, 140
Trd, 8639643.832, 140
Trd, 8639645.182, 140
Trd, 8639645.232, 140
Trd, 8639646.382, 138
Trd, 8639647.182, 139
Trd, 8639647.332, 126
Trd, 8639647.982, 117
Trd, 8639648.682, 106
Trd, 8639650.632, 140
Trd, 8639650.682, 118
Trd, 8639652.582, 108
Trd, 8639654.682, 140
Trd, 8639655.232, 140
Trd, 8639655.882, 140
Trd, 8639657.232, 140
Trd, 8639657.632, 140
Trd, 8639658.982, 140
Trd, 8639659.082, 140
Trd, 8639659.382, 140
Trd, 8639660.132, 114
Trd, 8639662.132, 140
Trd, 8639662.232, 137
Trd, 8639663.832, 115
Trd, 8639664.082, 114
Trd, 8639665.982, 75
Trd, 8639666.332, 133
Trd, 8639666.582, 135
Trd, 8639666.882, 106
Trd, 8639667.632, 90
Trd, 8639668.582, 72
Trd, 8639669.282, 74
Trd, 8639669.782, 73
Trd, 8639670.382, 140
Trd, 8639671.232, 111
Trd, 8639672.882, 138
Trd, 8639673.882, 107
Trd, 8639674.382, 106
Trd, 8639674.582, 129
Trd, 8639675.232, 91
Trd, 8639676.732, 61
Trd, 8639676.882, 62
Trd, 8639678.182, 88
Trd, 8639679.132, 108
Trd, 8639679.182, 91
Trd, 8639681.382, 98
Trd, 8639682.782, 124
Trd, 8639684.132, 105
Trd, 8639684.582, 125
Trd, 8639684.632, 103
Trd, 8639684.932, 98
Trd, 8639686.332, 116
Trd, 8639686.482, 110
Trd, 8639686.782, 140
Trd, 8639688.282, 138
Trd, 8639688.732, 138
Trd, 8639690.032, 140
Trd, 8639690.132, 138
Trd, 8639690.632, 108
Trd, 8639692.382, 60
Trd, 8639692.532, 60
Trd, 8639692.732, 61
Trd, 8639693.282, 61
Trd, 8639694.332, 139
Trd, 8639694.582, 123
Trd, 8639695.282, 66
Trd, 8639696.232, 75
Trd, 8639697.432, 101
Trd, 8639698.382, 116
Trd, 8639699.382, 103
Trd, 8639701.132, 140
Trd, 8639701.232, 140
Trd, 8639701.882, 140
Trd, 8639702.682, 139
Trd, 8639702.732, 115
Trd, 8639703.082, 111
Trd, 8639703.982, 99
Trd, 8639704.782, 79
Trd, 8639706.532, 140
Trd, 8639707.782, 124
Trd, 8639708.382, 139
Trd, 8639708.782, 123
Trd, 8639709.932, 109
Trd, 8639710.132, 108
Trd, 8639710.182, 104
Trd, 8639710.732, 98
Trd, 8639713.532, 140
Trd, 8639714.782, 112
Trd, 8639714.882, 101
Trd, 8639715.332, 140
Trd, 8639715.982, 60
Trd, 8639716.232, 123
Trd, 8639716.682, 124
Trd, 8639717.182, 64
Trd, 8639719.632, 115
Trd, 8639719.832, 114
Trd, 8639720.232, 84
Trd, 8639720.332, 83
Trd, 8639720.682, 82
Trd, 8639722.482, 80
Trd, 8639724.382, 140
Trd, 8639725.682, 140
Trd, 8639727.182, 140
Trd, 8639727.632, 140
Trd, 8639728.882, 140
Trd, 8639729.582, 140
Trd, 8639730.682, 140
Trd, 8639730.732, 140
Trd, 8639730.982, 140
Trd, 8639731.732, 110
Trd, 8639732.482, 140
Trd, 8639733.182, 92
Trd, 8639733.282, 126
Trd, 8639733.982, 132
Trd, 8639734.482, 92
Trd, 8639734.782, 96
Trd, 8639735.232, 128
Trd, 8639737.382, 120
Trd, 8639738.232, 139
Trd, 8639739.432, 138
Trd, 8639739.932, 129
Trd, 8639740.682, 140
Trd, 8639741.582, 108
Trd, 8639743.332, 97
Trd, 8639743.682, 96
Trd, 8639744.382, 96
Trd, 8639744.432, 83
Trd, 8639745.032, 61
Trd, 8639745.782, 61
Trd, 8639747.332, 61
Trd, 8639747.732, 60
Trd, 8639748.282, 62
Trd, 8639748.332, 65
Trd, 8639749.932, 79
Trd, 8639750.332, 79
Trd, 8639750.482, 69
Trd, 8639753.232, 140
Trd, 8639754.582, 140
Trd, 8639754.932, 140
Trd, 8639755.582, 140
Trd, 8639756.182, 140
Trd, 8639757.482, 140
Trd, 8639758.832, 118
Trd, 8639759.232, 115
Trd, 8639759.282, 114
Trd, 8639760.132, 97
Trd, 8639760.882, 130
Trd, 8639761.832, 138
Trd, 8639763.282, 115
Trd, 8639763.432, 113
Trd, 8639763.732, 102
Trd, 8639764.132, 104
Trd, 8639764.682, 103
Trd, 8639764.982, 81
Trd, 8639766.732, 65
Trd, 8639767.682, 62
Trd, 8639767.932, 63
Trd, 8639768.282, 63
Trd, 8639769.582, 66
Trd, 8639770.682, 77
Trd, 8639772.282, 70
Trd, 8639772.332, 68
Trd, 8639773.432, 99
Trd, 8639774.132, 139
Trd, 8639775.532, 140
Trd, 8639776.282, 140
Trd, 8639777.032, 140
Trd, 8639777.632, 139
Trd, 8639778.332, 140
Trd, 8639779.932, 140
Trd, 8639780.032, 137
Trd, 8639780.332, 116
Trd, 8639781.332, 112
Trd, 8639782.882, 132
Trd, 8639784.132, 140
Trd, 8639784.582, 140
Trd, 8639785.682, 140
Trd, 8639786.632, 140
Trd, 8639786.982, 140
Trd, 8639787.032, 140
Trd, 8639788.132, 140
Trd, 8639788.282, 139
Trd, 8639790.432, 140
Trd, 8639791.382, 140
Trd, 8639791.482, 140
Trd, 8639791.632, 140
Trd, 8639792.882, 140
Trd, 8639794.182, 140
Trd, 8639795.182, 140
Trd, 8639796.232, 139
Trd, 8639796.582, 140
Trd, 8639797.932, 100
Trd, 8639799.732, 140
Trd, 8639799.882, 140
Trd, 8639800.482, 140
Trd, 8639800.782, 115
Trd, 8639802.232, 140
Trd, 8639802.682, 140
Trd, 8639803.582, 140
Trd, 8639803.932, 140
Trd, 8639806.132, 140
Trd, 8639806.832, 140
Trd, 8639806.882, 111
Trd, 8639807.782, 129
Trd, 8639809.332, 135
Trd, 8639810.032, 140
Trd, 8639810.132, 134
Trd, 8639810.532, 136
Trd, 8639811.482, 139
Trd, 8639812.682, 115
Trd, 8639812.932, 113
Trd, 8639813.882, 98
Trd, 8639815.282, 97
Trd, 8639816.582, 114
Trd, 8639817.282, 135
Trd, 8639818.282, 127
Trd, 8639819.932, 135
Trd, 8639820.182, 135
Trd, 8639820.382, 135
Trd, 8639820.432, 134
Trd, 8639820.482, 123
Trd, 8639823.282, 140
Trd, 8639824.232, 140
Trd, 8639825.432, 140
Trd, 8639826.482, 140
Trd, 8639826.982, 140
Trd, 8639827.382, 140
Trd, 8639828.332, 140
Trd, 8639828.832, 139
Trd, 8639831.032, 123
Trd, 8639831.932, 123
Trd, 8639832.432, 127
Trd, 8639833.632, 104
Trd, 8639833.982, 140
Trd, 8639834.082, 99
Trd, 8639834.282, 140
Trd, 8639834.932, 96
Trd, 8639835.282, 76
Trd, 8639835.482, 137
Trd, 8639838.282, 60
Trd, 8639838.432, 60
Trd, 8639839.282, 60
Trd, 8639839.832, 61
Trd, 8639840.232, 61
Trd, 8639840.582, 63
Trd, 8639842.232, 64
Trd, 8639842.282, 63
Trd, 8639843.582, 61
Trd, 8639845.532, 140
Trd, 8639846.582, 140
Trd, 8639847.682, 140
Trd, 8639848.732, 140
Trd, 8639850.232, 140
Trd, 8639851.182, 140
Trd, 8639851.682, 140
Trd, 8639852.282, 140
Trd, 8639852.682, 140
Trd, 8639853.032, 139
Trd, 8639853.632, 139
Trd, 8639855.382, 140
Trd, 8639857.232, 127
Trd, 8639858.032, 116
Trd, 8639859.232, 140
Trd, 8639859.832, 110
Trd, 8639861.782, 140
Trd, 8639861.932, 140
Trd, 8639862.082, 140
Trd, 8639862.432, 140
Trd, 8639864.082, 140
Trd, 8639864.132, 140
Trd, 8639864.282, 139
Trd, 8639865.532, 140
Trd, 8639865.682, 140
Trd, 8639865.732, 140
Trd, 8639867.432, 125
Trd, 8639867.532, 124
Trd, 8639868.482, 109
Trd, 8639868.682, 106
Trd, 8639869.532, 140
Trd, 8639870.582, 132
Trd, 8639871.032, 121
Trd, 8639873.282, 140
Trd, 8639874.032, 140
Trd, 8639874.282, 140
Trd, 8639875.432, 140
Trd, 8639876.232, 140
Trd, 8639876.582, 140
Trd, 8639877.082, 139
Trd, 8639878.632, 118
Trd, 8639878.732, 117
Trd, 8639879.732, 140
Trd, 8639882.632, 140
Trd, 8639883.632, 140
Trd, 8639883.932, 140
Trd, 8639884.232, 140
Trd, 8639885.332, 140
Trd, 8639885.532, 139
Trd, 8639886.132, 123
Trd, 8639886.932, 140
Trd, 8639887.982, 94
Trd, 8639889.182, 127
Trd, 8639890.482, 140
Trd, 8639891.132, 140
Trd, 8639891.332, 140
Trd, 8639891.632, 140
Trd, 8639893.432, 140
Trd, 8639893.782, 140
Trd, 8639894.632, 140
Trd, 8639895.632, 139
Trd, 8639895.882, 124
Trd, 8639896.482, 124
Trd, 8639898.182, 140
Trd, 8639898.832, 113
Trd, 8639899.082, 106
Trd, 8639900.982, 140
Trd, 8639902.132, 140
Trd, 8639903.032, 140
Trd, 8639903.532, 140
Trd, 8639904.232, 140
Trd, 8639904.832, 112
Trd, 8639905.482, 140
Trd, 8639906.882, 140
Trd, 8639907.832, 114
Trd, 8639908.482, 103
Trd, 8639908.782, 103
Trd, 8639909.382, 115
Trd, 8639909.782, 111
Trd, 8639910.882, 102
Trd, 8639911.232, 101
Trd, 8639913.232, 140
Trd, 8639914.082, 140
Trd, 8639914.382, 140
Trd, 8639915.732, 140
Trd, 8639917.182, 140
Trd, 8639917.882, 140
Trd, 8639918.032, 140
Trd, 8639918.732, 140
Trd, 8639918.982, 140
Trd, 8639921.632, 140
Trd, 8639922.032, 140
Trd, 8639922.432, 140
Trd, 8639922.582, 123
Trd, 8639922.782, 122
Trd, 8639924.332, 118
Trd, 8639924.982, 95
Trd, 8639925.682, 81
Trd, 8639927.182, 140
Trd, 8639928.582, 140
Trd, 8639928.932, 140
Trd, 8639929.582, 140
Trd, 8639929.882, 140
Trd, 8639930.532, 138
Trd, 8639932.032, 135
Trd, 8639933.032, 128
Trd, 8639933.482, 132
Trd, 8639934.132, 101
Trd, 8639935.782, 140
Trd, 8639936.082, 140
Trd, 8639936.332, 140
Trd, 8639937.182, 140
Trd, 8639937.382, 110
Trd, 8639939.932, 140
Trd, 8639940.182, 140
Trd, 8639940.232, 139
Trd, 8639940.482, 138
Trd, 8639941.432, 139
Trd, 8639942.282, 140
Trd, 8639942.432, 138
Trd, 8639944.882, 118
Trd, 8639945.332, 118
Trd, 8639945.382, 117
Trd, 8639946.382, 140
Trd, 8639946.832, 132
Trd, 8639947.182, 132
Trd, 8639948.182, 140
Trd, 8639949.482, 140
Trd, 8639949.782, 140
Trd, 8639950.282, 135
Trd, 8639950.982, 102
Trd, 8639953.682, 140
Trd, 8639954.332, 140
Trd, 8639954.982, 140
Trd, 8639955.082, 140
Trd, 8639955.482, 140
Trd, 8639955.782, 118
Trd, 8639955.932, 72
Trd, 8639957.432, 60
Trd, 8639958.032, 61
Trd, 8639959.682, 135
Trd, 8639960.982, 60
Trd, 8639961.232, 67
Trd, 8639961.682, 86
Trd, 8639962.682, 107
Trd, 8639963.382, 138
Trd, 8639964.032, 90
Trd, 8639964.282, 89
Trd, 8639964.932, 140
Trd, 8639965.482, 140
Trd, 8639967.482, 140
Trd, 8639968.832, 140
Trd, 8639970.282, 140
Trd, 8639970.632, 136
Trd, 8639970.882, 117
Trd, 8639970.982, 115
Trd, 8639971.182, 113
Trd, 8639972.082, 140
Trd, 8639972.182, 100
Trd, 8639973.232, 100
Trd, 8639974.182, 84
Trd, 8639974.982, 140
Trd, 8639976.232, 140
Trd, 8639976.932, 140
Trd, 8639977.082, 140
Trd, 8639977.582, 127
Trd, 8639979.382, 101
Trd, 8639979.482, 67
Trd, 8639980.032, 69
Trd, 8639980.332, 138
Trd, 8639980.482, 68
Trd, 8639981.082, 138
Trd, 8639982.232, 67
Trd, 8639984.582, 89
Trd, 8639984.632, 89
Trd, 8639984.682, 90
Trd, 8639984.832, 88
Trd, 8639986.132, 66
Trd, 8639986.832, 139
Trd, 8639986.932, 116
Trd, 8639988.632, 60
Trd, 8639989.532, 60
Trd, 8639989.582, 123
Trd, 8639991.132, 60
Trd, 8639991.782, 60
Trd, 8639991.982, 60
Trd, 8639992.432, 60
Trd, 8639992.582, 63
Trd, 8639994.532, 140
Trd, 8639994.732, 137
Trd, 8639995.132, 140
Trd, 8639997.532, 73
Trd, 8639997.832, 70
Trd, 8639997.982, 76
Trd, 8639998.332, 75
Trd, 8639998.782, 78
Trd, 8639999.482, 140
