Trd, 8638121.032, 103
Trd, 8638121.832, 102
Trd, 8638122.182, 88
Trd, 8638122.382, 85
Trd, 8638122.432, 103
Trd, 8638123.832, 125
Trd, 8638124.732, 94
Trd, 8638125.132, 90
Trd, 8638125.682, 139
Trd, 8638127.032, 103
Trd, 8638127.082, 95
Trd, 8638128.532, 127
Trd, 8638129.182, 84
Trd, 8638129.332, 88
Trd, 8638130.082, 101
Trd, 8638131.732, 106
Trd, 8638132.782, 111
Trd, 8638132.882, 117
Trd, 8638133.332, 131
Trd, 8638134.132, 126
Trd, 8638135.032, 105
Trd, 8638135.732, 85
Trd, 8638136.332, 68
Trd, 8638136.482, 116
Trd, 8638137.882, 65
Trd, 8638139.332, 80
Trd, 8638140.532, 83
Trd, 8638140.832, 84
Trd, 8638141.382, 123
Trd, 8638141.582, 122
Trd, 8638143.382, 77
Trd, 8638144.032, 93
Trd, 8638144.382, 66
Trd, 8638144.482, 113
Trd, 8638145.332, 88
Trd, 8638145.732, 102
Trd, 8638146.732, 94
Trd, 8638147.582, 104
Trd, 8638148.082, 73
Trd, 8638148.732, 88
Trd, 8638149.882, 76
Trd, 8638150.032, 130
Trd, 8638150.782, 95
Trd, 8638151.732, 95
Trd, 8638152.182, 121
Trd, 8638152.532, 121
Trd, 8638152.982, 109
Trd, 8638153.032, 115
Trd, 8638155.132, 98
Trd, 8638155.432, 97
Trd, 8638155.582, 88
Trd, 8638155.682, 77
Trd, 8638156.232, 67
Trd, 8638157.232, 109
Trd, 8638158.032, 107
Trd, 8638158.082, 102
Trd, 8638158.482, 70
Trd, 8638159.082, 95
Trd, 8638160.282, 117
Trd, 8638161.782, 127
Trd, 8638162.132, 96
Trd, 8638162.932, 86
Trd, 8638163.982, 133
Trd, 8638164.032, 130
Trd, 8638164.332, 113
Trd, 8638164.482, 107
Trd, 8638165.582, 98
Trd, 8638166.082, 119
Trd, 8638166.682, 95
Trd, 8638167.182, 136
Trd, 8638167.382, 107
Trd, 8638168.682, 136
Trd, 8638169.232, 125
Trd, 8638169.382, 125
Trd, 8638169.882, 104
Trd, 8638170.532, 83
Trd, 8638172.782, 115
Trd, 8638172.832, 102
Trd, 8638172.882, 97
Trd, 8638174.132, 102
Trd, 8638174.332, 101
Trd, 8638174.632, 98
Trd, 8638175.232, 122
Trd, 8638175.732, 93
Trd, 8638176.182, 120
Trd, 8638177.532, 125
Trd, 8638177.582, 125
Trd, 8638179.332, 123
Trd, 8638179.782, 100
Trd, 8638180.132, 88
Trd, 8638180.182, 77
Trd, 8638181.882, 78
Trd, 8638183.132, 109
Trd, 8638183.382, 89
Trd, 8638184.382, 68
Trd, 8638184.782, 81
Trd, 8638184.982, 87
Trd, 8638185.782, 90
Trd, 8638186.132, 124
Trd, 8638186.682, 133
Trd, 8638186.882, 93
Trd, 8638188.282, 81
Trd, 8638188.382, 115
Trd, 8638189.582, 138
Trd, 8638189.832, 117
Trd, 8638191.232, 129
Trd, 8638191.732, 106
Trd, 8638192.382, 105
Trd, 8638193.282, 82
Trd, 8638194.082, 115
Trd, 8638194.232, 84
Trd, 8638195.082, 99
Trd, 8638196.682, 90
Trd, 8638197.632, 124
Trd, 8638198.032, 93
Trd, 8638199.132, 86
Trd, 8638199.682, 94
Trd, 8638200.332, 84
Trd, 8638201.332, 105
Trd, 8638201.682, 89
Trd, 8638202.082, 76
Trd, 8638202.382, 132
Trd, 8638203.332, 108
Trd, 8638204.282, 91
Trd, 8638204.382, 102
Trd, 8638205.432, 73
Trd, 8638205.732, 101
Trd, 8638206.482, 65
Trd, 8638207.182, 82
Trd, 8638207.782, 93
Trd, 8638208.532, 80
Trd, 8638209.482, 86
Trd, 8638210.082, 130
Trd, 8638210.182, 99
Trd, 8638210.432, 131
Trd, 8638211.232, 114
Trd, 8638211.582, 114
Trd, 8638212.532, 69
Trd, 8638213.732, 90
Trd, 8638214.182, 93
Trd, 8638214.932, 95
Trd, 8638215.532, 104
Trd, 8638216.032, 86
Trd, 8638216.882, 73
Trd, 8638218.582, 102
Trd, 8638218.732, 115
Trd, 8638219.832, 99
Trd, 8638221.082, 136
Trd, 8638221.982, 111
Trd, 8638223.332, 102
Trd, 8638224.832, 131
Trd, 8638224.932, 118
Trd, 8638225.182, 88
Trd, 8638226.382, 93
Trd, 8638227.182, 140
Trd, 8638227.882, 110
Trd, 8638227.982, 108
Trd, 8638228.032, 122
Trd, 8638228.232, 100
Trd, 8638228.632, 125
Trd, 8638229.432, 116
Trd, 8638231.232, 126
Trd, 8638231.982, 139
Trd, 8638232.532, 135
Trd, 8638232.932, 125
Trd, 8638234.182, 133
Trd, 8638235.682, 129
Trd, 8638236.032, 116
Trd, 8638236.232, 96
Trd, 8638237.982, 138
Trd, 8638238.382, 109
Trd, 8638238.832, 91
Trd, 8638239.032, 105
Trd, 8638240.482, 131
Trd, 8638240.932, 127
Trd, 8638241.332, 113
Trd, 8638242.082, 102
Trd, 8638242.482, 89
Trd, 8638243.632, 129
Trd, 8638246.032, 126
Trd, 8638246.332, 119
Trd, 8638246.582, 110
Trd, 8638247.932, 112
Trd, 8638248.582, 113
Trd, 8638249.132, 133
Trd, 8638249.982, 136
Trd, 8638250.082, 113
Trd, 8638250.182, 102
Trd, 8638251.132, 95
Trd, 8638252.432, 108
Trd, 8638253.132, 116
Trd, 8638254.132, 139
Trd, 8638254.582, 105
Trd, 8638254.932, 120
Trd, 8638255.232, 133
Trd, 8638256.582, 102
Trd, 8638257.082, 110
Trd, 8638257.132, 100
Trd, 8638257.782, 138
Trd, 8638259.982, 114
Trd, 8638260.032, 109
Trd, 8638260.132, 101
Trd, 8638260.532, 118
Trd, 8638261.032, 103
Trd, 8638263.732, 134
Trd, 8638263.832, 126
Trd, 8638264.782, 109
Trd, 8638267.282, 135
Trd, 8638268.682, 116
Trd, 8638269.582, 93
Trd, 8638270.282, 112
Trd, 8638270.332, 118
Trd, 8638270.482, 88
Trd, 8638270.632, 118
Trd, 8638271.682, 100
Trd, 8638272.382, 112
Trd, 8638273.182, 112
Trd, 8638273.882, 108
Trd, 8638274.082, 102
Trd, 8638274.732, 114
Trd, 8638275.132, 130
Trd, 8638276.182, 98
Trd, 8638277.082, 83
Trd, 8638277.882, 94
Trd, 8638278.782, 62
Trd, 8638279.332, 111
Trd, 8638280.582, 122
Trd, 8638281.782, 114
Trd, 8638282.332, 82
Trd, 8638283.432, 111
Trd, 8638283.982, 94
Trd, 8638284.132, 93
Trd, 8638284.332, 122
Trd, 8638285.832, 123
Trd, 8638286.182, 108
Trd, 8638286.732, 124
Trd, 8638286.982, 117
Trd, 8638288.482, 92
Trd, 8638288.832, 132
Trd, 8638288.932, 79
Trd, 8638290.082, 75
Trd, 8638290.132, 90
Trd, 8638290.832, 124
Trd, 8638291.432, 119
Trd, 8638291.932, 61
Trd, 8638293.732, 78
Trd, 8638293.882, 123
Trd, 8638295.132, 101
Trd, 8638296.032, 110
Trd, 8638297.082, 88
Trd, 8638297.182, 89
Trd, 8638297.232, 87
Trd, 8638298.632, 89
Trd, 8638299.182, 123
Trd, 8638300.832, 134
Trd, 8638301.482, 127
Trd, 8638302.532, 96
Trd, 8638302.782, 95
Trd, 8638303.232, 94
Trd, 8638304.132, 122
Trd, 8638304.982, 134
Trd, 8638305.032, 136
Trd, 8638305.432, 119
Trd, 8638306.682, 99
Trd, 8638307.132, 82
Trd, 8638307.582, 117
Trd, 8638307.832, 66
Trd, 8638308.132, 75
Trd, 8638308.682, 82
Trd, 8638310.482, 105
Trd, 8638310.532, 112
Trd, 8638310.982, 90
Trd, 8638312.682, 64
Trd, 8638313.182, 67
Trd, 8638313.682, 83
Trd, 8638314.182, 129
Trd, 8638314.282, 138
Trd, 8638315.482, 63
Trd, 8638317.332, 134
Trd, 8638317.432, 122
Trd, 8638317.932, 125
Trd, 8638319.282, 86
Trd, 8638320.082, 125
Trd, 8638320.282, 130
Trd, 8638321.682, 125
Trd, 8638322.632, 138
Trd, 8638322.932, 95
Trd, 8638323.182, 94
Trd, 8638324.182, 82
Trd, 8638324.682, 92
Trd, 8638324.832, 89
Trd, 8638325.782, 133
Trd, 8638326.182, 116
Trd, 8638327.332, 120
Trd, 8638327.382, 102
Trd, 8638327.782, 134
Trd, 8638331.082, 100
Trd, 8638331.282, 103
Trd, 8638331.932, 108
Trd, 8638332.332, 98
Trd, 8638333.382, 89
Trd, 8638336.082, 135
Trd, 8638336.632, 124
Trd, 8638336.982, 106
Trd, 8638337.632, 96
Trd, 8638338.482, 98
Trd, 8638339.182, 98
Trd, 8638340.132, 102
Trd, 8638341.382, 131
Trd, 8638341.432, 104
Trd, 8638342.082, 105
Trd, 8638342.332, 102
Trd, 8638342.682, 98
Trd, 8638343.482, 75
Trd, 8638346.182, 119
Trd, 8638346.232, 126
Trd, 8638346.882, 114
Trd, 8638349.132, 100
Trd, 8638349.582, 110
Trd, 8638350.432, 104
Trd, 8638351.332, 129
Trd, 8638351.782, 114
Trd, 8638351.832, 111
Trd, 8638353.482, 117
Trd, 8638353.632, 107
Trd, 8638354.982, 134
Trd, 8638355.932, 107
Trd, 8638356.632, 89
Trd, 8638357.332, 78
Trd, 8638357.532, 83
Trd, 8638359.482, 73
Trd, 8638359.682, 74
Trd, 8638360.282, 131
Trd, 8638360.432, 121
Trd, 8638361.532, 73
Trd, 8638362.482, 120
Trd, 8638363.282, 124
Trd, 8638363.832, 87
Trd, 8638364.282, 125
Trd, 8638364.732, 89
Trd, 8638366.082, 112
Trd, 8638366.582, 126
Trd, 8638367.582, 138
Trd, 8638368.382, 114
Trd, 8638368.982, 121
Trd, 8638369.882, 122
Trd, 8638369.982, 103
Trd, 8638370.632, 110
Trd, 8638370.682, 96
Trd, 8638373.782, 120
Trd, 8638374.282, 108
Trd, 8638374.832, 113
Trd, 8638375.382, 94
Trd, 8638376.182, 122
Trd, 8638376.232, 118
Trd, 8638376.832, 99
Trd, 8638378.632, 137
Trd, 8638379.382, 125
Trd, 8638380.282, 95
Trd, 8638380.782, 117
Trd, 8638380.982, 88
Trd, 8638382.282, 81
Trd, 8638382.832, 96
Trd, 8638383.032, 67
Trd, 8638383.832, 119
Trd, 8638384.132, 135
Trd, 8638385.382, 133
Trd, 8638385.482, 132
Trd, 8638385.632, 130
Trd, 8638387.532, 130
Trd, 8638388.282, 100
Trd, 8638388.382, 99
Trd, 8638388.482, 116
Trd, 8638389.182, 116
Trd, 8638389.882, 74
Trd, 8638391.282, 130
Trd, 8638392.682, 92
Trd, 8638393.282, 88
Trd, 8638394.382, 115
Trd, 8638395.182, 115
Trd, 8638396.032, 82
Trd, 8638396.582, 87
Trd, 8638397.832, 102
Trd, 8638399.032, 92
Trd, 8638399.482, 118
Trd, 8638399.882, 108
Trd, 8638399.982, 131
Trd, 8638400.682, 97
Trd, 8638401.432, 82
Trd, 8638401.932, 109
Trd, 8638402.582, 81
Trd, 8638403.682, 82
Trd, 8638405.532, 97
Trd, 8638405.832, 108
Trd, 8638406.232, 89
Trd, 8638406.332, 110
Trd, 8638406.482, 108
Trd, 8638407.432, 135
Trd, 8638408.832, 102
Trd, 8638409.632, 105
Trd, 8638410.582, 130
Trd, 8638410.882, 105
Trd, 8638411.682, 100
Trd, 8638412.232, 94
Trd, 8638412.732, 72
Trd, 8638412.932, 92
Trd, 8638414.232, 63
Trd, 8638414.682, 61
Trd, 8638415.082, 70
Trd, 8638415.782, 128
Trd, 8638416.332, 95
Trd, 8638417.182, 123
Trd, 8638419.032, 82
Trd, 8638419.332, 116
Trd, 8638419.432, 66
Trd, 8638420.132, 77
Trd, 8638422.282, 113
Trd, 8638422.332, 128
Trd, 8638422.932, 106
Trd, 8638423.332, 110
Trd, 8638423.532, 94
Trd, 8638424.682, 136
Trd, 8638425.532, 118
Trd, 8638426.232, 106
Trd, 8638426.682, 87
Trd, 8638427.482, 86
Trd, 8638428.132, 83
Trd, 8638428.632, 103
Trd, 8638429.082, 79
Trd, 8638429.432, 64
Trd, 8638430.882, 91
Trd, 8638432.732, 106
Trd, 8638433.282, 130
Trd, 8638433.432, 118
Trd, 8638433.982, 104
Trd, 8638435.032, 135
Trd, 8638435.882, 94
Trd, 8638439.132, 134
Trd, 8638439.332, 122
Trd, 8638440.382, 89
Trd, 8638440.632, 98
Trd, 8638440.732, 92
Trd, 8638441.232, 102
Trd, 8638441.832, 86
Trd, 8638442.632, 98
Trd, 8638442.882, 82
Trd, 8638444.132, 111
Trd, 8638444.932, 120
Trd, 8638445.282, 136
Trd, 8638445.482, 94
Trd, 8638446.782, 120
Trd, 8638447.882, 93
Trd, 8638448.432, 84
Trd, 8638448.582, 96
Trd, 8638449.282, 103
Trd, 8638449.732, 92
Trd, 8638450.582, 63
Trd, 8638451.132, 81
Trd, 8638451.282, 74
Trd, 8638452.082, 65
Trd, 8638454.532, 124
Trd, 8638455.032, 121
Trd, 8638455.782, 78
Trd, 8638456.632, 95
Trd, 8638457.432, 81
Trd, 8638458.782, 89
Trd, 8638458.982, 96
Trd, 8638459.132, 92
Trd, 8638459.682, 122
Trd, 8638459.782, 87
Trd, 8638460.182, 119
Trd, 8638460.232, 84
Trd, 8638463.732, 140
Trd, 8638464.432, 136
Trd, 8638464.832, 129
Trd, 8638465.632, 115
Trd, 8638466.132, 113
Trd, 8638466.182, 103
Trd, 8638466.282, 100
Trd, 8638467.132, 107
Trd, 8638467.782, 91
Trd, 8638468.682, 86
Trd, 8638469.532, 103
Trd, 8638470.632, 83
Trd, 8638471.282, 100
Trd, 8638471.932, 73
Trd, 8638473.132, 103
Trd, 8638474.082, 101
Trd, 8638474.832, 109
Trd, 8638475.332, 110
Trd, 8638475.482, 99
Trd, 8638475.882, 117
Trd, 8638476.382, 109
Trd, 8638478.182, 129
Trd, 8638478.532, 114
Trd, 8638479.582, 101
Trd, 8638480.782, 96
Trd, 8638481.432, 123
Trd, 8638482.182, 132
Trd, 8638482.432, 96
Trd, 8638483.332, 117
Trd, 8638483.732, 103
Trd, 8638484.582, 130
Trd, 8638485.282, 80
Trd, 8638486.382, 116
Trd, 8638486.532, 100
Trd, 8638486.832, 95
Trd, 8638487.832, 104
Trd, 8638488.832, 82
Trd, 8638489.282, 98
Trd, 8638491.382, 127
Trd, 8638491.832, 127
Trd, 8638492.632, 135
Trd, 8638493.132, 119
Trd, 8638493.182, 109
Trd, 8638493.282, 107
Trd, 8638494.182, 112
Trd, 8638495.782, 109
Trd, 8638496.332, 138
Trd, 8638496.432, 102
Trd, 8638497.332, 136
Trd, 8638498.582, 77
Trd, 8638498.782, 76
Trd, 8638499.582, 66
Trd, 8638499.782, 67
Trd, 8638500.382, 64
Trd, 8638501.232, 105
Trd, 8638502.182, 134
Trd, 8638502.532, 133
Trd, 8638503.032, 117
Trd, 8638503.332, 94
Trd, 8638504.182, 110
Trd, 8638504.482, 102
Trd, 8638505.932, 113
Trd, 8638506.432, 110
Trd, 8638506.632, 121
Trd, 8638507.582, 111
Trd, 8638509.332, 115
Trd, 8638510.782, 98
Trd, 8638510.932, 88
Trd, 8638511.332, 126
Trd, 8638512.532, 83
Trd, 8638512.832, 82
Trd, 8638513.982, 133
Trd, 8638514.282, 134
Trd, 8638515.532, 95
Trd, 8638516.432, 118
Trd, 8638517.832, 140
Trd, 8638517.882, 126
Trd, 8638518.332, 108
Trd, 8638519.632, 115
Trd, 8638521.582, 135
Trd, 8638521.632, 134
Trd, 8638521.782, 128
Trd, 8638522.882, 138
Trd, 8638523.482, 135
Trd, 8638524.432, 109
Trd, 8638524.732, 135
Trd, 8638526.232, 96
Trd, 8638527.582, 108
Trd, 8638528.832, 95
Trd, 8638529.132, 86
Trd, 8638530.232, 126
Trd, 8638530.532, 136
Trd, 8638530.832, 126
Trd, 8638532.782, 119
Trd, 8638533.832, 114
Trd, 8638535.182, 122
Trd, 8638535.532, 110
Trd, 8638535.632, 98
Trd, 8638535.782, 90
Trd, 8638536.932, 137
Trd, 8638537.082, 114
Trd, 8638537.432, 97
Trd, 8638537.482, 96
Trd, 8638537.982, 77
Trd, 8638539.082, 135
Trd, 8638539.932, 89
Trd, 8638541.182, 98
Trd, 8638541.232, 74
Trd, 8638542.132, 128
Trd, 8638543.082, 111
Trd, 8638543.432, 101
Trd, 8638544.082, 138
Trd, 8638546.532, 106
Trd, 8638547.032, 102
Trd, 8638547.932, 100
Trd, 8638548.432, 112
Trd, 8638548.932, 136
Trd, 8638550.732, 132
Trd, 8638551.332, 125
Trd, 8638551.782, 122
Trd, 8638552.182, 102
Trd, 8638553.182, 100
Trd, 8638553.232, 88
Trd, 8638553.932, 79
Trd, 8638554.132, 88
Trd, 8638554.532, 139
Trd, 8638556.882, 122
Trd, 8638557.232, 129
Trd, 8638557.832, 130
Trd, 8638558.082, 86
Trd, 8638558.982, 60
Trd, 8638559.732, 114
Trd, 8638560.782, 93
Trd, 8638561.032, 107
Trd, 8638563.532, 139
Trd, 8638564.782, 132
Trd, 8638565.682, 120
Trd, 8638566.732, 84
Trd, 8638566.882, 131
Trd, 8638568.782, 88
Trd, 8638569.332, 101
Trd, 8638569.982, 83
Trd, 8638570.382, 69
Trd, 8638570.932, 69
Trd, 8638571.682, 131
Trd, 8638572.932, 105
Trd, 8638574.132, 124
Trd, 8638574.332, 133
Trd, 8638577.232, 122
Trd, 8638577.682, 98
Trd, 8638577.982, 126
Trd, 8638578.682, 132
Trd, 8638579.182, 89
Trd, 8638579.632, 95
Trd, 8638579.932, 81
Trd, 8638580.132, 76
Trd, 8638581.282, 81
Trd, 8638582.382, 123
Trd, 8638582.782, 130
Trd, 8638583.832, 113
Trd, 8638584.182, 119
Trd, 8638584.732, 121
Trd, 8638587.182, 101
Trd, 8638587.582, 99
Trd, 8638587.782, 98
Trd, 8638588.132, 118
Trd, 8638588.532, 136
Trd, 8638589.282, 128
Trd, 8638590.582, 83
Trd, 8638591.532, 82
Trd, 8638592.032, 68
Trd, 8638593.032, 102
Trd, 8638593.882, 97
Trd, 8638594.782, 95
Trd, 8638595.182, 96
Trd, 8638595.482, 97
Trd, 8638595.982, 137
Trd, 8638596.832, 67
Trd, 8638597.932, 115
Trd, 8638598.382, 117
Trd, 8638599.482, 140
Trd, 8638599.532, 116
Trd, 8638599.732, 94
Trd, 8638600.732, 102
Trd, 8638601.482, 124
Trd, 8638602.182, 86
Trd, 8638602.482, 85
Trd, 8638602.582, 77
Trd, 8638603.682, 77
Trd, 8638604.932, 74
Trd, 8638606.132, 93
Trd, 8638607.582, 89
Trd, 8638608.432, 109
Trd, 8638608.982, 114
Trd, 8638609.032, 85
Trd, 8638609.582, 112
Trd, 8638610.332, 106
Trd, 8638610.782, 135
Trd, 8638611.182, 106
Trd, 8638611.832, 131
Trd, 8638613.182, 129
Trd, 8638613.282, 102
Trd, 8638613.582, 95
Trd, 8638614.082, 129
Trd, 8638615.182, 119
Trd, 8638615.982, 86
Trd, 8638616.682, 136
Trd, 8638617.632, 89
Trd, 8638617.732, 97
Trd, 8638618.432, 78
Trd, 8638619.332, 111
Trd, 8638620.032, 112
Trd, 8638622.682, 105
Trd, 8638623.382, 96
Trd, 8638623.632, 124
Trd, 8638624.232, 111
Trd, 8638625.032, 102
Trd, 8638625.632, 74
Trd, 8638625.782, 107
Trd, 8638626.832, 132
Trd, 8638627.582, 99
Trd, 8638628.632, 88
Trd, 8638630.082, 97
Trd, 8638630.132, 104
Trd, 8638630.832, 91
Trd, 8638631.132, 104
Trd, 8638632.232, 102
Trd, 8638632.732, 79
Trd, 8638633.032, 76
Trd, 8638633.132, 75
Trd, 8638633.632, 91
Trd, 8638634.982, 85
Trd, 8638635.882, 77
Trd, 8638636.882, 96
Trd, 8638637.232, 61
Trd, 8638637.882, 115
Trd, 8638638.582, 124
Trd, 8638638.732, 96
Trd, 8638639.382, 127
Trd, 8638640.532, 134
Trd, 8638641.832, 135
Trd, 8638642.632, 106
Trd, 8638642.832, 100
Trd, 8638643.182, 80
Trd, 8638645.882, 136
Trd, 8638646.532, 105
Trd, 8638646.932, 107
Trd, 8638648.182, 95
Trd, 8638649.532, 108
Trd, 8638650.582, 96
Trd, 8638651.282, 95
Trd, 8638651.732, 90
Trd, 8638651.832, 117
Trd, 8638653.732, 127
Trd, 8638654.882, 133
Trd, 8638655.632, 99
Trd, 8638656.232, 76
Trd, 8638657.032, 97
Trd, 8638657.132, 86
Trd, 8638657.982, 94
Trd, 8638658.182, 101
Trd, 8638659.732, 72
Trd, 8638659.782, 110
Trd, 8638660.282, 80
Trd, 8638661.782, 114
Trd, 8638662.832, 76
Trd, 8638663.182, 68
Trd, 8638664.232, 71
Trd, 8638664.882, 135
Trd, 8638666.732, 73
Trd, 8638666.832, 120
Trd, 8638667.232, 109
Trd, 8638668.132, 130
Trd, 8638668.632, 126
Trd, 8638669.532, 108
Trd, 8638669.832, 122
Trd, 8638670.382, 109
Trd, 8638671.432, 124
Trd, 8638671.532, 132
Trd, 8638673.432, 82
Trd, 8638673.782, 117
Trd, 8638674.632, 118
Trd, 8638674.682, 103
Trd, 8638674.982, 112
Trd, 8638675.682, 136
Trd, 8638676.132, 123
Trd, 8638676.482, 122
Trd, 8638677.632, 140
Trd, 8638677.982, 113
Trd, 8638679.382, 124
Trd, 8638680.232, 121
Trd, 8638681.032, 101
Trd, 8638682.432, 68
Trd, 8638682.582, 76
Trd, 8638683.232, 100
Trd, 8638683.832, 116
Trd, 8638683.882, 88
Trd, 8638684.682, 88
Trd, 8638685.932, 79
Trd, 8638686.032, 116
Trd, 8638687.732, 131
Trd, 8638689.532, 121
Trd, 8638689.682, 102
Trd, 8638690.032, 90
Trd, 8638690.482, 108
Trd, 8638691.682, 101
Trd, 8638692.632, 116
Trd, 8638693.582, 110
Trd, 8638693.632, 87
Trd, 8638693.882, 115
Trd, 8638694.532, 74
Trd, 8638694.832, 105
Trd, 8638695.182, 83
Trd, 8638696.382, 67
Trd, 8638697.932, 89
Trd, 8638698.382, 83
Trd, 8638698.882, 73
Trd, 8638701.382, 76
Trd, 8638701.732, 98
Trd, 8638702.582, 127
Trd, 8638702.932, 124
Trd, 8638703.282, 140
Trd, 8638703.582, 128
Trd, 8638704.082, 111
Trd, 8638704.132, 75
Trd, 8638704.232, 68
Trd, 8638705.032, 134
Trd, 8638706.882, 91
Trd, 8638708.632, 89
Trd, 8638708.732, 116
Trd, 8638709.232, 131
Trd, 8638709.632, 109
Trd, 8638710.282, 103
Trd, 8638711.382, 118
Trd, 8638711.882, 139
Trd, 8638712.282, 81
Trd, 8638713.582, 76
Trd, 8638713.782, 70
Trd, 8638714.232, 92
Trd, 8638715.382, 93
Trd, 8638716.682, 136
Trd, 8638717.032, 106
Trd, 8638717.832, 133
Trd, 8638718.532, 94
Trd, 8638719.732, 93
Trd, 8638721.232, 105
Trd, 8638721.532, 83
Trd, 8638721.932, 81
Trd, 8638722.632, 93
Trd, 8638722.832, 139
Trd, 8638724.082, 137
Trd, 8638724.482, 118
Trd, 8638724.982, 117
Trd, 8638725.282, 113
Trd, 8638725.532, 134
Trd, 8638725.682, 116
Trd, 8638726.782, 103
Trd, 8638728.232, 131
Trd, 8638728.782, 110
Trd, 8638729.432, 105
Trd, 8638731.432, 107
Trd, 8638732.132, 85
Trd, 8638733.032, 124
Trd, 8638733.932, 121
Trd, 8638734.082, 84
Trd, 8638734.632, 60
Trd, 8638735.182, 60
Trd, 8638735.732, 137
Trd, 8638736.332, 124
Trd, 8638737.382, 127
Trd, 8638737.732, 87
Trd, 8638738.182, 95
Trd, 8638738.982, 92
Trd, 8638740.132, 124
Trd, 8638740.282, 124
Trd, 8638741.032, 112
Trd, 8638741.182, 88
Trd, 8638741.232, 74
Trd, 8638743.282, 114
Trd, 8638743.882, 134
Trd, 8638744.382, 117
Trd, 8638745.332, 113
Trd, 8638745.782, 99
Trd, 8638746.832, 106
Trd, 8638747.582, 85
Trd, 8638748.182, 109
Trd, 8638748.282, 111
Trd, 8638749.182, 133
Trd, 8638750.932, 129
Trd, 8638751.732, 140
Trd, 8638751.782, 128
Trd, 8638752.182, 95
Trd, 8638752.532, 72
Trd, 8638752.732, 104
Trd, 8638752.882, 110
Trd, 8638755.632, 108
Trd, 8638756.182, 90
Trd, 8638756.232, 121
Trd, 8638756.932, 120
Trd, 8638757.432, 105
Trd, 8638757.832, 85
Trd, 8638757.882, 68
Trd, 8638758.582, 71
Trd, 8638759.182, 80
Trd, 8638760.032, 112
Trd, 8638760.932, 114
Trd, 8638762.032, 65
Trd, 8638762.182, 84
Trd, 8638763.532, 72
Trd, 8638763.632, 81
Trd, 8638765.082, 83
Trd, 8638766.132, 135
Trd, 8638767.782, 90
Trd, 8638767.832, 85
Trd, 8638768.632, 102
Trd, 8638769.182, 77
Trd, 8638771.282, 138
Trd, 8638772.032, 134
Trd, 8638772.932, 136
Trd, 8638773.832, 124
Trd, 8638775.382, 126
Trd, 8638775.532, 105
Trd, 8638775.932, 121
Trd, 8638777.332, 104
Trd, 8638777.582, 107
Trd, 8638778.032, 100
Trd, 8638779.332, 111
Trd, 8638779.582, 84
Trd, 8638780.732, 103
Trd, 8638781.382, 105
Trd, 8638782.732, 139
Trd, 8638783.332, 120
Trd, 8638783.982, 110
Trd, 8638785.882, 140
Trd, 8638787.732, 112
Trd, 8638787.932, 101
Trd, 8638789.382, 137
Trd, 8638789.532, 128
Trd, 8638789.582, 118
Trd, 8638789.832, 127
Trd, 8638790.732, 119
Trd, 8638790.982, 132
Trd, 8638792.082, 114
Trd, 8638792.182, 106
Trd, 8638792.632, 79
Trd, 8638794.232, 84
Trd, 8638795.032, 74
Trd, 8638795.082, 101
Trd, 8638795.932, 82
Trd, 8638796.682, 82
Trd, 8638797.182, 83
Trd, 8638797.582, 137
Trd, 8638798.782, 65
Trd, 8638799.432, 75
Trd, 8638799.582, 99
Trd, 8638799.982, 92
Trd, 8638800.832, 130
Trd, 8638801.782, 109
Trd, 8638802.732, 138
Trd, 8638804.232, 101
Trd, 8638804.432, 80
Trd, 8638804.832, 132
Trd, 8638805.082, 98
Trd, 8638805.582, 96
Trd, 8638806.182, 76
Trd, 8638807.132, 103
Trd, 8638808.982, 119
Trd, 8638809.982, 107
Trd, 8638810.082, 106
Trd, 8638810.732, 102
Trd, 8638812.432, 94
Trd, 8638813.382, 79
Trd, 8638813.882, 82
Trd, 8638813.982, 68
Trd, 8638814.882, 74
Trd, 8638815.382, 79
Trd, 8638816.082, 86
Trd, 8638817.232, 71
Trd, 8638817.832, 73
Trd, 8638818.482, 110
Trd, 8638819.032, 99
Trd, 8638819.532, 74
Trd, 8638819.582, 87
Trd, 8638822.882, 140
Trd, 8638823.132, 108
Trd, 8638823.682, 84
Trd, 8638824.232, 79
Trd, 8638824.732, 119
Trd, 8638825.982, 136
Trd, 8638827.032, 139
Trd, 8638827.632, 113
Trd, 8638827.732, 104
Trd, 8638828.082, 94
Trd, 8638828.182, 76
Trd, 8638829.232, 99
Trd, 8638831.932, 109
Trd, 8638832.032, 83
Trd, 8638832.482, 109
Trd, 8638833.582, 135
Trd, 8638834.232, 108
Trd, 8638834.382, 133
Trd, 8638834.732, 127
Trd, 8638836.032, 111
Trd, 8638836.482, 105
Trd, 8638836.582, 103
Trd, 8638838.282, 119
Trd, 8638838.532, 111
Trd, 8638839.632, 125
Trd, 8638839.882, 110
Trd, 8638840.132, 82
Trd, 8638840.882, 102
Trd, 8638841.382, 75
Trd, 8638842.332, 130
Trd, 8638843.182, 105
Trd, 8638844.482, 104
Trd, 8638844.532, 96
Trd, 8638844.732, 90
Trd, 8638845.482, 102
Trd, 8638847.132, 117
Trd, 8638847.582, 130
Trd, 8638848.382, 139
Trd, 8638848.882, 130
Trd, 8638848.982, 129
Trd, 8638849.732, 125
Trd, 8638849.932, 113
Trd, 8638850.182, 95
Trd, 8638850.582, 77
Trd, 8638851.932, 100
Trd, 8638852.132, 135
Trd, 8638852.732, 138
Trd, 8638855.832, 130
Trd, 8638856.082, 109
Trd, 8638856.182, 102
Trd, 8638857.982, 101
Trd, 8638858.782, 75
Trd, 8638859.432, 116
Trd, 8638860.482, 78
Trd, 8638860.932, 93
Trd, 8638861.632, 120
Trd, 8638862.382, 97
Trd, 8638862.882, 70
Trd, 8638863.432, 131
Trd, 8638864.632, 91
Trd, 8638864.832, 69
Trd, 8638865.382, 67
Trd, 8638866.482, 121
Trd, 8638867.382, 134
Trd, 8638867.682, 138
Trd, 8638869.482, 95
Trd, 8638870.032, 118
Trd, 8638870.282, 106
Trd, 8638870.882, 91
Trd, 8638871.432, 114
Trd, 8638872.132, 118
Trd, 8638873.882, 100
Trd, 8638874.632, 127
Trd, 8638874.782, 130
Trd, 8638875.582, 139
Trd, 8638876.382, 81
Trd, 8638877.182, 76
Trd, 8638879.082, 111
Trd, 8638879.382, 124
Trd, 8638880.082, 130
Trd, 8638880.682, 128
Trd, 8638881.432, 72
Trd, 8638881.582, 84
Trd, 8638883.882, 110
Trd, 8638884.382, 117
Trd, 8638885.332, 96
Trd, 8638885.932, 102
Trd, 8638886.582, 116
Trd, 8638888.132, 82
Trd, 8638888.282, 99
Trd, 8638888.632, 110
Trd, 8638889.182, 97
Trd, 8638891.482, 104
Trd, 8638892.032, 75
Trd, 8638892.232, 103
Trd, 8638892.782, 139
Trd, 8638893.532, 110
Trd, 8638894.132, 78
Trd, 8638894.982, 106
Trd, 8638895.782, 65
Trd, 8638896.082, 60
Trd, 8638897.282, 76
Trd, 8638898.682, 104
Trd, 8638899.182, 103
Trd, 8638900.832, 103
Trd, 8638901.032, 101
Trd, 8638901.332, 95
Trd, 8638901.832, 93
Trd, 8638902.482, 79
Trd, 8638903.132, 105
Trd, 8638904.232, 94
Trd, 8638904.432, 71
Trd, 8638905.582, 118
Trd, 8638906.232, 138
Trd, 8638906.932, 115
Trd, 8638907.732, 122
Trd, 8638908.332, 103
Trd, 8638909.032, 135
Trd, 8638909.382, 124
Trd, 8638911.032, 100
Trd, 8638911.582, 139
Trd, 8638912.582, 95
Trd, 8638913.632, 90
Trd, 8638915.332, 95
Trd, 8638915.632, 83
Trd, 8638916.282, 71
Trd, 8638916.782, 68
Trd, 8638917.382, 99
Trd, 8638917.432, 97
Trd, 8638918.082, 118
Trd, 8638918.182, 114
Trd, 8638918.432, 88
Trd, 8638919.732, 87
Trd, 8638921.182, 91
Trd, 8638922.382, 101
Trd, 8638923.382, 113
Trd, 8638924.182, 103
Trd, 8638924.232, 94
Trd, 8638925.232, 115
Trd, 8638925.982, 112
Trd, 8638926.682, 95
Trd, 8638926.832, 91
Trd, 8638926.882, 101
Trd, 8638928.082, 91
Trd, 8638929.432, 120
Trd, 8638929.532, 115
Trd, 8638930.582, 79
Trd, 8638931.532, 95
Trd, 8638932.032, 119
Trd, 8638932.432, 98
Trd, 8638935.532, 70
Trd, 8638935.682, 63
Trd, 8638936.182, 70
Trd, 8638937.032, 115
Trd, 8638938.182, 112
Trd, 8638939.032, 96
Trd, 8638940.082, 120
Trd, 8638940.382, 100
Trd, 8638940.432, 79
Trd, 8638941.032, 115
Trd, 8638941.182, 74
Trd, 8638941.682, 102
Trd, 8638941.732, 133
Trd, 8638943.232, 123
Trd, 8638943.332, 124
Trd, 8638943.982, 92
Trd, 8638944.782, 135
Trd, 8638945.782, 119
Trd, 8638947.282, 114
Trd, 8638947.532, 107
Trd, 8638947.932, 93
Trd, 8638948.332, 86
Trd, 8638949.482, 90
Trd, 8638949.632, 122
Trd, 8638951.232, 91
Trd, 8638951.282, 88
Trd, 8638952.032, 101
Trd, 8638952.482, 72
Trd, 8638953.932, 94
Trd, 8638954.582, 79
Trd, 8638954.882, 66
Trd, 8638955.582, 95
Trd, 8638955.682, 79
Trd, 8638955.832, 125
Trd, 8638957.182, 125
Trd, 8638957.982, 115
Trd, 8638959.432, 94
Trd, 8638960.032, 130
Trd, 8638960.482, 131
Trd, 8638962.632, 120
Trd, 8638962.732, 112
Trd, 8638964.182, 137
Trd, 8638964.382, 138
Trd, 8638964.632, 121
Trd, 8638964.882, 85
Trd, 8638965.032, 83
Trd, 8638965.682, 64
Trd, 8638967.132, 80
Trd, 8638967.182, 101
Trd, 8638967.832, 134
Trd, 8638969.682, 122
Trd, 8638970.632, 118
Trd, 8638971.032, 111
Trd, 8638972.132, 109
Trd, 8638972.482, 111
Trd, 8638972.982, 117
Trd, 8638973.282, 91
Trd, 8638973.882, 118
Trd, 8638974.382, 118
Trd, 8638974.932, 110
Trd, 8638975.882, 102
Trd, 8638976.732, 96
Trd, 8638977.482, 131
Trd, 8638977.932, 106
Trd, 8638978.982, 138
Trd, 8638979.082, 130
Trd, 8638979.232, 130
Trd, 8638980.782, 100
Trd, 8638982.082, 125
Trd, 8638982.532, 81
Trd, 8638983.182, 100
Trd, 8638983.882, 127
Trd, 8638984.482, 102
Trd, 8638985.382, 99
Trd, 8638986.532, 70
Trd, 8638987.982, 115
Trd, 8638988.882, 86
Trd, 8638988.982, 111
Trd, 8638990.182, 94
Trd, 8638990.282, 127
Trd, 8638991.282, 128
Trd, 8638991.982, 130
Trd, 8638992.882, 72
Trd, 8638992.932, 112
Trd, 8638994.382, 78
Trd, 8638994.532, 86
Trd, 8638995.082, 127
Trd, 8638995.982, 81
Trd, 8638997.032, 112
Trd, 8638997.782, 74
Trd, 8638998.532, 117
Trd, 8638999.082, 139
Trd, 8638999.982, 108
Trd, 8639001.132, 78
Trd, 8639001.932, 71
Trd, 8639003.632, 106
Trd, 8639004.282, 120
Trd, 8639004.732, 129
Trd, 8639004.782, 119
Trd, 8639005.982, 96
Trd, 8639008.032, 110
Trd, 8639008.582, 82
Trd, 8639009.032, 88
Trd, 8639009.382, 97
Trd, 8639011.732, 140
Trd, 8639011.932, 137
Trd, 8639011.982, 108
Trd, 8639012.482, 108
Trd, 8639012.982, 97
Trd, 8639014.282, 122
Trd, 8639015.032, 111
Trd, 8639016.332, 130
Trd, 8639017.232, 101
Trd, 8639017.382, 90
Trd, 8639018.032, 87
Trd, 8639018.532, 92
Trd, 8639019.632, 119
Trd, 8639020.782, 69
Trd, 8639021.632, 83
Trd, 8639022.382, 103
Trd, 8639022.632, 133
Trd, 8639024.282, 131
Trd, 8639024.332, 109
Trd, 8639025.082, 139
Trd, 8639025.682, 96
Trd, 8639025.932, 84
Trd, 8639027.382, 136
Trd, 8639027.932, 82
Trd, 8639028.232, 101
Trd, 8639028.632, 93
Trd, 8639029.732, 63
Trd, 8639030.332, 79
Trd, 8639030.532, 89
Trd, 8639030.682, 97
Trd, 8639031.982, 89
Trd, 8639033.382, 130
Trd, 8639033.582, 94
Trd, 8639034.482, 130
Trd, 8639035.432, 88
Trd, 8639037.082, 97
Trd, 8639039.382, 100
Trd, 8639040.132, 118
Trd, 8639040.182, 90
Trd, 8639040.882, 140
Trd, 8639041.332, 102
Trd, 8639042.682, 134
Trd, 8639042.832, 88
Trd, 8639043.282, 77
Trd, 8639044.732, 90
Trd, 8639045.382, 100
Trd, 8639046.982, 111
Trd, 8639047.832, 137
Trd, 8639048.082, 112
Trd, 8639048.132, 98
Trd, 8639048.832, 116
Trd, 8639048.882, 77
Trd, 8639051.082, 77
Trd, 8639051.932, 83
Trd, 8639052.182, 98
Trd, 8639052.432, 136
Trd, 8639053.932, 124
Trd, 8639054.882, 102
Trd, 8639054.932, 93
Trd, 8639055.082, 102
Trd, 8639057.382, 125
Trd, 8639057.632, 105
Trd, 8639058.032, 110
Trd, 8639058.632, 114
Trd, 8639059.482, 94
Trd, 8639060.432, 107
Trd, 8639060.632, 136
Trd, 8639062.832, 108
Trd, 8639062.882, 97
Trd, 8639062.932, 88
Trd, 8639063.282, 82
Trd, 8639063.482, 84
Trd, 8639064.632, 131
Trd, 8639065.282, 131
Trd, 8639066.382, 125
Trd, 8639067.182, 120
Trd, 8639067.782, 106
Trd, 8639068.032, 108
Trd, 8639068.332, 69
Trd, 8639069.782, 139
Trd, 8639070.032, 92
Trd, 8639070.082, 79
Trd, 8639071.082, 108
Trd, 8639072.182, 93
Trd, 8639072.832, 134
Trd, 8639073.082, 139
Trd, 8639073.432, 96
Trd, 8639074.632, 106
Trd, 8639074.832, 93
Trd, 8639075.732, 98
Trd, 8639075.832, 86
Trd, 8639075.982, 70
Trd, 8639077.382, 114
Trd, 8639077.682, 94
Trd, 8639078.332, 125
Trd, 8639079.382, 130
Trd, 8639079.732, 103
Trd, 8639081.332, 94
Trd, 8639082.432, 114
Trd, 8639083.332, 102
Trd, 8639084.182, 140
Trd, 8639084.432, 101
Trd, 8639085.632, 120
Trd, 8639085.932, 109
Trd, 8639087.982, 108
Trd, 8639088.482, 96
Trd, 8639088.582, 90
Trd, 8639090.382, 69
Trd, 8639090.582, 117
Trd, 8639091.232, 115
Trd, 8639091.732, 64
Trd, 8639092.232, 93
Trd, 8639094.132, 82
Trd, 8639095.282, 130
Trd, 8639095.532, 127
Trd, 8639095.832, 140
Trd, 8639096.832, 117
Trd, 8639097.782, 120
Trd, 8639098.632, 113
Trd, 8639098.882, 110
Trd, 8639100.032, 120
Trd, 8639100.282, 107
Trd, 8639101.282, 97
Trd, 8639102.432, 140
Trd, 8639103.132, 78
Trd, 8639103.532, 81
Trd, 8639104.432, 130
Trd, 8639105.782, 81
Trd, 8639107.832, 121
Trd, 8639108.432, 94
Trd, 8639108.532, 92
Trd, 8639109.082, 125
Trd, 8639109.282, 119
Trd, 8639110.282, 112
Trd, 8639111.482, 139
Trd, 8639111.732, 113
Trd, 8639111.832, 103
Trd, 8639113.082, 114
Trd, 8639115.032, 112
Trd, 8639115.182, 124
Trd, 8639116.132, 91
Trd, 8639116.532, 112
Trd, 8639116.682, 79
Trd, 8639119.482, 140
Trd, 8639119.782, 107
Trd, 8639119.832, 91
Trd, 8639120.532, 73
Trd, 8639120.932, 76
Trd, 8639121.332, 110
Trd, 8639121.932, 84
Trd, 8639122.182, 112
Trd, 8639123.182, 96
Trd, 8639125.182, 93
Trd, 8639126.182, 89
Trd, 8639126.532, 92
Trd, 8639126.782, 129
Trd, 8639127.582, 130
Trd, 8639128.182, 115
Trd, 8639128.982, 84
Trd, 8639129.882, 90
Trd, 8639130.082, 128
Trd, 8639130.632, 130
Trd, 8639130.982, 70
Trd, 8639132.382, 83
Trd, 8639133.182, 80
Trd, 8639133.682, 66
Trd, 8639134.882, 99
Trd, 8639135.632, 76
Trd, 8639135.682, 85
Trd, 8639136.032, 98
Trd, 8639136.782, 122
Trd, 8639138.232, 138
Trd, 8639139.732, 139
Trd, 8639140.032, 132
Trd, 8639141.432, 86
Trd, 8639141.782, 111
Trd, 8639142.332, 128
Trd, 8639142.532, 126
Trd, 8639143.332, 77
Trd, 8639144.682, 102
Trd, 8639146.182, 86
Trd, 8639146.882, 127
Trd, 8639147.132, 89
Trd, 8639147.582, 89
Trd, 8639148.732, 140
Trd, 8639148.932, 112
Trd, 8639151.632, 119
Trd, 8639151.882, 113
Trd, 8639152.282, 129
Trd, 8639153.732, 113
Trd, 8639154.582, 85
Trd, 8639155.432, 71
Trd, 8639155.582, 104
Trd, 8639156.132, 90
Trd, 8639156.782, 119
Trd, 8639157.432, 77
Trd, 8639157.882, 75
Trd, 8639160.382, 135
Trd, 8639160.732, 119
Trd, 8639160.932, 105
Trd, 8639161.932, 132
Trd, 8639163.732, 96
Trd, 8639164.832, 109
Trd, 8639164.882, 90
Trd, 8639166.332, 116
Trd, 8639166.932, 139
Trd, 8639167.332, 109
Trd, 8639169.082, 102
Trd, 8639169.382, 91
Trd, 8639170.132, 121
Trd, 8639170.332, 135
Trd, 8639170.482, 115
Trd, 8639171.382, 135
Trd, 8639172.282, 124
Trd, 8639173.082, 112
Trd, 8639175.182, 126
Trd, 8639175.532, 101
Trd, 8639176.632, 110
Trd, 8639177.082, 134
Trd, 8639177.682, 86
Trd, 8639178.332, 125
Trd, 8639179.032, 140
Trd, 8639179.882, 113
Trd, 8639180.582, 84
Trd, 8639180.882, 101
Trd, 8639182.882, 89
Trd, 8639183.032, 79
Trd, 8639183.882, 114
Trd, 8639184.132, 74
Trd, 8639184.382, 73
Trd, 8639185.682, 116
Trd, 8639185.982, 109
Trd, 8639186.082, 106
Trd, 8639186.132, 101
Trd, 8639188.382, 98
Trd, 8639188.682, 118
Trd, 8639189.082, 83
Trd, 8639189.382, 93
Trd, 8639189.832, 66
Trd, 8639189.932, 101
Trd, 8639190.532, 71
Trd, 8639191.682, 134
Trd, 8639193.482, 139
Trd, 8639193.632, 133
Trd, 8639194.332, 107
Trd, 8639194.632, 92
Trd, 8639194.982, 112
Trd, 8639195.932, 130
Trd, 8639196.432, 116
Trd, 8639197.632, 139
Trd, 8639198.832, 125
Trd, 8639199.532, 139
Trd, 8639200.382, 105
Trd, 8639201.232, 122
Trd, 8639202.032, 105
Trd, 8639202.432, 103
Trd, 8639202.632, 88
Trd, 8639203.182, 123
Trd, 8639203.982, 114
Trd, 8639205.832, 112
Trd, 8639206.882, 88
Trd, 8639208.432, 69
Trd, 8639208.582, 88
Trd, 8639208.932, 109
Trd, 8639209.132, 89
Trd, 8639209.532, 116
Trd, 8639209.582, 97
Trd, 8639211.232, 106
Trd, 8639211.582, 124
Trd, 8639211.982, 99
Trd, 8639213.232, 86
Trd, 8639213.582, 127
Trd, 8639213.832, 65
Trd, 8639213.932, 79
Trd, 8639215.082, 125
Trd, 8639215.282, 91
Trd, 8639216.282, 138
Trd, 8639217.832, 103
Trd, 8639218.382, 97
Trd, 8639218.782, 95
Trd, 8639219.032, 120
Trd, 8639219.982, 102
Trd, 8639220.682, 90
Trd, 8639221.382, 111
Trd, 8639222.682, 108
Trd, 8639222.732, 85
Trd, 8639224.132, 92
Trd, 8639224.432, 140
Trd, 8639224.582, 91
Trd, 8639226.582, 125
Trd, 8639226.932, 117
Trd, 8639228.682, 130
Trd, 8639228.782, 121
Trd, 8639228.832, 111
Trd, 8639229.432, 129
Trd, 8639229.632, 107
Trd, 8639230.782, 92
Trd, 8639230.832, 89
Trd, 8639233.082, 140
Trd, 8639233.782, 112
Trd, 8639233.882, 117
Trd, 8639235.432, 113
Trd, 8639235.532, 78
Trd, 8639235.732, 120
Trd, 8639236.032, 105
Trd, 8639238.032, 136
Trd, 8639238.132, 99
Trd, 8639239.932, 130
Trd, 8639240.332, 131
Trd, 8639240.782, 105
Trd, 8639241.832, 114
Trd, 8639242.082, 111
Trd, 8639242.332, 112
Trd, 8639242.732, 129
Trd, 8639242.882, 111
Trd, 8639243.782, 89
Trd, 8639243.982, 86
Trd, 8639244.182, 79
Trd, 8639245.282, 103
Trd, 8639245.482, 94
Trd, 8639247.332, 131
Trd, 8639248.232, 136
Trd, 8639248.682, 103
Trd, 8639249.482, 120
Trd, 8639250.032, 83
Trd, 8639250.182, 92
Trd, 8639250.832, 113
Trd, 8639252.182, 88
Trd, 8639253.182, 77
Trd, 8639253.482, 76
Trd, 8639254.082, 126
Trd, 8639255.232, 97
Trd, 8639255.632, 113
Trd, 8639255.682, 83
Trd, 8639255.832, 68
Trd, 8639256.432, 132
Trd, 8639257.032, 109
Trd, 8639258.182, 110
Trd, 8639258.732, 73
Trd, 8639259.132, 74
Trd, 8639259.632, 123
Trd, 8639260.182, 81
Trd, 8639261.432, 68
Trd, 8639263.182, 90
Trd, 8639263.432, 111
Trd, 8639264.382, 69
Trd, 8639264.532, 127
Trd, 8639265.482, 110
Trd, 8639265.532, 89
Trd, 8639266.832, 111
Trd, 8639267.132, 126
Trd, 8639268.432, 112
Trd, 8639269.232, 136
Trd, 8639269.882, 98
Trd, 8639272.382, 101
Trd, 8639272.682, 93
Trd, 8639272.782, 120
Trd, 8639273.682, 112
Trd, 8639273.832, 96
Trd, 8639274.532, 90
Trd, 8639274.832, 93
Trd, 8639276.682, 132
Trd, 8639277.332, 138
Trd, 8639277.982, 110
Trd, 8639278.382, 88
Trd, 8639280.232, 106
Trd, 8639280.482, 111
Trd, 8639281.582, 107
Trd, 8639282.082, 82
Trd, 8639282.782, 108
Trd, 8639283.082, 96
Trd, 8639283.332, 93
Trd, 8639284.232, 89
Trd, 8639285.082, 105
Trd, 8639285.432, 88
Trd, 8639286.932, 79
Trd, 8639286.982, 75
Trd, 8639287.782, 108
Trd, 8639288.532, 121
Trd, 8639289.432, 121
Trd, 8639290.282, 118
Trd, 8639290.682, 112
Trd, 8639291.332, 111
Trd, 8639291.632, 102
Trd, 8639292.832, 128
Trd, 8639292.882, 106
Trd, 8639293.632, 129
Trd, 8639296.432, 135
Trd, 8639296.582, 118
Trd, 8639296.782, 105
Trd, 8639297.682, 108
Trd, 8639298.232, 108
Trd, 8639298.532, 95
Trd, 8639299.032, 133
Trd, 8639299.182, 92
Trd, 8639301.282, 123
Trd, 8639301.482, 111
Trd, 8639301.732, 111
Trd, 8639302.832, 93
Trd, 8639303.782, 135
Trd, 8639304.332, 115
Trd, 8639304.932, 93
Trd, 8639305.332, 85
Trd, 8639305.582, 138
Trd, 8639306.832, 119
Trd, 8639307.582, 132
Trd, 8639308.032, 124
Trd, 8639310.582, 103
Trd, 8639312.382, 96
Trd, 8639313.232, 122
Trd, 8639313.832, 80
Trd, 8639313.882, 70
Trd, 8639313.982, 92
Trd, 8639314.982, 139
Trd, 8639317.782, 118
Trd, 8639318.082, 104
Trd, 8639318.482, 88
Trd, 8639319.582, 134
Trd, 8639319.882, 87
Trd, 8639320.282, 99
Trd, 8639321.132, 125
Trd, 8639322.282, 138
Trd, 8639322.782, 112
Trd, 8639322.832, 110
Trd, 8639324.132, 91
Trd, 8639324.282, 126
Trd, 8639325.082, 90
Trd, 8639325.782, 73
Trd, 8639327.532, 110
Trd, 8639327.582, 97
Trd, 8639328.482, 121
Trd, 8639329.032, 115
Trd, 8639329.482, 98
Trd, 8639329.982, 137
Trd, 8639330.232, 121
Trd, 8639330.932, 129
Trd, 8639332.482, 101
Trd, 8639332.982, 95
Trd, 8639333.232, 99
Trd, 8639333.482, 95
Trd, 8639334.032, 98
Trd, 8639334.282, 79
Trd, 8639334.982, 81
Trd, 8639335.282, 89
Trd, 8639335.882, 81
Trd, 8639336.982, 124
Trd, 8639337.632, 71
Trd, 8639337.982, 82
Trd, 8639339.732, 120
Trd, 8639340.082, 126
Trd, 8639340.182, 111
Trd, 8639341.032, 139
Trd, 8639341.532, 112
Trd, 8639341.782, 97
Trd, 8639343.582, 78
Trd, 8639344.782, 127
Trd, 8639346.082, 129
Trd, 8639347.232, 127
Trd, 8639347.282, 127
Trd, 8639347.632, 91
Trd, 8639347.932, 78
Trd, 8639348.132, 122
Trd, 8639350.332, 73
Trd, 8639350.782, 90
Trd, 8639351.282, 78
Trd, 8639351.782, 89
Trd, 8639352.082, 69
Trd, 8639352.632, 75
Trd, 8639353.632, 129
Trd, 8639354.432, 69
Trd, 8639354.932, 71
Trd, 8639355.682, 114
Trd, 8639357.132, 123
Trd, 8639357.532, 125
Trd, 8639357.782, 116
Trd, 8639359.332, 85
Trd, 8639359.682, 111
Trd, 8639359.882, 136
Trd, 8639360.582, 117
Trd, 8639361.482, 132
Trd, 8639362.432, 127
Trd, 8639362.482, 113
Trd, 8639363.332, 119
Trd, 8639363.632, 107
Trd, 8639364.132, 96
Trd, 8639366.632, 106
Trd, 8639368.032, 134
Trd, 8639368.782, 84
Trd, 8639369.532, 128
Trd, 8639369.832, 92
Trd, 8639370.382, 91
Trd, 8639370.882, 96
Trd, 8639371.732, 83
Trd, 8639372.382, 82
Trd, 8639372.782, 90
Trd, 8639373.382, 126
Trd, 8639375.332, 138
Trd, 8639375.732, 120
Trd, 8639376.382, 114
Trd, 8639376.432, 106
Trd, 8639377.282, 111
Trd, 8639377.632, 116
Trd, 8639378.432, 65
Trd, 8639378.682, 95
Trd, 8639381.732, 118
Trd, 8639381.832, 114
Trd, 8639382.282, 122
Trd, 8639382.432, 114
Trd, 8639382.682, 105
Trd, 8639383.082, 96
Trd, 8639383.382, 93
Trd, 8639385.132, 137
Trd, 8639386.882, 119
Trd, 8639388.232, 103
Trd, 8639389.482, 119
Trd, 8639389.682, 121
Trd, 8639389.832, 106
Trd, 8639390.982, 131
Trd, 8639391.932, 128
Trd, 8639391.982, 121
Trd, 8639392.082, 117
Trd, 8639395.082, 126
Trd, 8639395.132, 120
Trd, 8639395.532, 118
Trd, 8639396.582, 100
Trd, 8639397.882, 138
Trd, 8639398.032, 118
Trd, 8639398.782, 119
Trd, 8639399.082, 86
Trd, 8639400.432, 123
Trd, 8639400.782, 111
Trd, 8639402.732, 110
Trd, 8639403.632, 113
Trd, 8639403.832, 131
Trd, 8639405.032, 132
Trd, 8639405.332, 103
Trd, 8639406.032, 138
Trd, 8639407.232, 128
Trd, 8639408.932, 124
Trd, 8639409.532, 98
Trd, 8639409.732, 132
Trd, 8639410.632, 124
Trd, 8639411.232, 105
Trd, 8639411.832, 138
Trd, 8639412.082, 116
Trd, 8639414.032, 113
Trd, 8639414.932, 126
Trd, 8639415.532, 106
Trd, 8639416.482, 110
Trd, 8639417.082, 139
Trd, 8639417.332, 126
Trd, 8639417.682, 130
Trd, 8639417.982, 100
Trd, 8639418.682, 97
Trd, 8639420.432, 135
Trd, 8639420.732, 113
Trd, 8639421.232, 119
Trd, 8639422.082, 88
Trd, 8639422.332, 122
Trd, 8639422.532, 107
Trd, 8639424.232, 136
Trd, 8639424.432, 136
Trd, 8639424.482, 134
Trd, 8639424.982, 130
Trd, 8639425.982, 116
Trd, 8639426.032, 94
Trd, 8639426.232, 93
Trd, 8639426.732, 84
Trd, 8639428.482, 132
Trd, 8639429.882, 130
Trd, 8639430.332, 108
Trd, 8639431.082, 100
Trd, 8639431.382, 87
Trd, 8639431.632, 82
Trd, 8639431.932, 99
Trd, 8639431.982, 99
Trd, 8639433.882, 137
Trd, 8639433.982, 131
Trd, 8639435.032, 99
Trd, 8639435.882, 93
Trd, 8639436.632, 128
Trd, 8639438.182, 107
Trd, 8639438.882, 87
Trd, 8639439.332, 89
Trd, 8639439.482, 116
Trd, 8639441.132, 118
Trd, 8639441.982, 121
Trd, 8639443.182, 117
Trd, 8639443.432, 94
Trd, 8639443.682, 85
Trd, 8639443.832, 89
Trd, 8639444.332, 135
Trd, 8639445.032, 119
Trd, 8639447.032, 114
Trd, 8639447.532, 135
Trd, 8639447.682, 124
Trd, 8639449.732, 97
Trd, 8639449.982, 132
Trd, 8639450.282, 101
Trd, 8639451.632, 121
Trd, 8639451.732, 103
Trd, 8639451.982, 88
Trd, 8639453.582, 96
Trd, 8639453.932, 98
Trd, 8639455.332, 104
Trd, 8639455.382, 93
Trd, 8639455.682, 118
Trd, 8639456.082, 120
Trd, 8639458.282, 140
Trd, 8639459.082, 139
Trd, 8639459.982, 116
Trd, 8639460.232, 96
Trd, 8639461.082, 99
Trd, 8639462.632, 125
Trd, 8639463.532, 103
Trd, 8639464.182, 134
Trd, 8639464.382, 111
Trd, 8639464.632, 91
Trd, 8639464.732, 97
Trd, 8639464.782, 85
Trd, 8639466.482, 87
Trd, 8639466.732, 119
Trd, 8639467.182, 95
Trd, 8639467.282, 70
Trd, 8639469.432, 140
Trd, 8639470.882, 131
Trd, 8639470.982, 119
Trd, 8639472.082, 135
Trd, 8639472.482, 133
Trd, 8639473.732, 128
Trd, 8639474.782, 121
Trd, 8639475.032, 95
Trd, 8639475.632, 139
Trd, 8639477.082, 127
Trd, 8639477.582, 100
Trd, 8639478.432, 78
Trd, 8639478.932, 87
Trd, 8639480.132, 74
Trd, 8639480.232, 99
Trd, 8639480.932, 135
Trd, 8639482.782, 126
Trd, 8639483.732, 137
Trd, 8639484.182, 123
Trd, 8639484.932, 133
Trd, 8639485.032, 119
Trd, 8639485.682, 101
Trd, 8639486.832, 130
Trd, 8639487.632, 105
Trd, 8639488.282, 86
Trd, 8639489.282, 75
Trd, 8639489.332, 93
Trd, 8639491.432, 118
Trd, 8639492.082, 134
Trd, 8639493.882, 107
Trd, 8639494.432, 103
Trd, 8639495.082, 92
Trd, 8639495.932, 89
Trd, 8639496.232, 105
Trd, 8639496.532, 104
Trd, 8639496.782, 104
Trd, 8639496.932, 115
Trd, 8639499.882, 139
Trd, 8639500.382, 116
Trd, 8639500.932, 126
Trd, 8639501.232, 119
Trd, 8639501.282, 117
Trd, 8639502.332, 138
Trd, 8639503.082, 140
Trd, 8639504.232, 104
Trd, 8639504.982, 83
Trd, 8639505.182, 110
Trd, 8639506.482, 122
Trd, 8639507.032, 136
Trd, 8639507.182, 122
Trd, 8639507.982, 130
Trd, 8639509.182, 112
Trd, 8639509.382, 102
Trd, 8639510.282, 139
Trd, 8639511.432, 125
Trd, 8639511.882, 123
Trd, 8639512.132, 119
Trd, 8639512.282, 99
Trd, 8639512.882, 91
Trd, 8639513.832, 60
Trd, 8639514.082, 78
Trd, 8639514.432, 82
Trd, 8639515.882, 64
Trd, 8639515.982, 102
Trd, 8639516.632, 67
Trd, 8639517.732, 61
Trd, 8639518.582, 69
Trd, 8639519.282, 65
Trd, 8639520.082, 91
Trd, 8639520.532, 129
Trd, 8639521.882, 117
Trd, 8639522.432, 111
Trd, 8639522.782, 90
Trd, 8639523.132, 93
Trd, 8639524.132, 129
Trd, 8639524.282, 96
Trd, 8639525.032, 96
Trd, 8639525.232, 102
Trd, 8639526.232, 76
Trd, 8639527.482, 134
Trd, 8639527.832, 88
Trd, 8639528.382, 118
Trd, 8639530.582, 140
Trd, 8639531.432, 125
Trd, 8639533.182, 124
Trd, 8639533.532, 119
Trd, 8639533.932, 101
Trd, 8639534.082, 96
Trd, 8639535.582, 95
Trd, 8639535.782, 93
Trd, 8639536.032, 102
Trd, 8639536.532, 69
Trd, 8639536.932, 117
Trd, 8639537.332, 102
Trd, 8639539.532, 126
Trd, 8639539.682, 112
Trd, 8639540.382, 101
Trd, 8639540.982, 140
Trd, 8639541.632, 133
Trd, 8639542.632, 80
Trd, 8639543.182, 139
Trd, 8639543.932, 125
Trd, 8639545.232, 102
Trd, 8639546.282, 133
Trd, 8639546.432, 105
Trd, 8639546.482, 101
Trd, 8639547.582, 114
Trd, 8639547.682, 98
Trd, 8639549.132, 101
Trd, 8639549.232, 119
Trd, 8639549.982, 138
Trd, 8639550.332, 127
Trd, 8639551.032, 129
Trd, 8639552.782, 123
Trd, 8639554.582, 105
Trd, 8639555.132, 110
Trd, 8639555.282, 95
Trd, 8639555.982, 69
Trd, 8639557.482, 99
Trd, 8639557.832, 99
Trd, 8639558.982, 102
Trd, 8639560.182, 92
Trd, 8639560.482, 70
Trd, 8639561.282, 83
Trd, 8639561.482, 91
Trd, 8639561.532, 69
Trd, 8639561.782, 127
Trd, 8639562.282, 109
Trd, 8639562.582, 74
Trd, 8639564.232, 133
Trd, 8639564.932, 120
Trd, 8639565.132, 89
Trd, 8639565.932, 87
Trd, 8639566.982, 111
Trd, 8639567.532, 96
Trd, 8639567.982, 90
Trd, 8639568.032, 82
Trd, 8639568.182, 106
Trd, 8639568.482, 107
Trd, 8639568.732, 73
Trd, 8639571.032, 109
Trd, 8639571.282, 89
Trd, 8639571.782, 123
Trd, 8639572.282, 99
Trd, 8639572.832, 83
Trd, 8639573.182, 87
Trd, 8639575.082, 69
Trd, 8639575.332, 85
Trd, 8639575.782, 139
Trd, 8639576.082, 115
Trd, 8639576.982, 98
Trd, 8639577.282, 102
Trd, 8639577.482, 112
Trd, 8639578.382, 64
Trd, 8639579.182, 68
Trd, 8639579.332, 94
Trd, 8639580.832, 61
Trd, 8639582.232, 109
Trd, 8639584.032, 96
Trd, 8639584.782, 127
Trd, 8639585.032, 104
Trd, 8639586.532, 83
Trd, 8639587.482, 98
Trd, 8639587.632, 110
Trd, 8639587.782, 72
Trd, 8639588.532, 118
Trd, 8639589.082, 132
Trd, 8639590.382, 127
Trd, 8639591.282, 124
Trd, 8639591.382, 121
Trd, 8639592.132, 111
Trd, 8639593.132, 118
Trd, 8639593.832, 115
Trd, 8639593.932, 114
Trd, 8639594.482, 99
Trd, 8639594.982, 139
Trd, 8639595.682, 96
Trd, 8639596.582, 113
Trd, 8639597.082, 127
Trd, 8639600.532, 83
Trd, 8639600.782, 112
Trd, 8639601.182, 128
Trd, 8639602.082, 123
Trd, 8639602.432, 129
Trd, 8639604.082, 70
Trd, 8639605.332, 140
Trd, 8639606.432, 140
Trd, 8639606.932, 122
Trd, 8639606.982, 104
Trd, 8639607.082, 100
Trd, 8639608.332, 95
Trd, 8639609.482, 117
Trd, 8639609.932, 77
Trd, 8639610.982, 100
Trd, 8639611.282, 95
Trd, 8639611.582, 91
Trd, 8639611.682, 77
Trd, 8639612.782, 104
Trd, 8639613.632, 112
Trd, 8639613.832, 99
Trd, 8639614.232, 72
Trd, 8639616.482, 94
Trd, 8639616.532, 84
Trd, 8639617.532, 132
Trd, 8639618.582, 110
Trd, 8639619.232, 137
Trd, 8639619.282, 109
Trd, 8639620.382, 102
Trd, 8639620.582, 109
Trd, 8639621.082, 105
Trd, 8639621.432, 86
Trd, 8639621.532, 74
Trd, 8639621.832, 65
Trd, 8639622.882, 95
Trd, 8639623.532, 113
Trd, 8639624.632, 96
Trd, 8639625.432, 117
Trd, 8639626.482, 122
Trd, 8639627.782, 120
Trd, 8639627.832, 111
Trd, 8639629.782, 114
Trd, 8639630.182, 112
Trd, 8639630.532, 91
Trd, 8639631.632, 108
Trd, 8639631.932, 111
Trd, 8639633.232, 101
Trd, 8639634.532, 76
Trd, 8639634.782, 120
Trd, 8639635.882, 101
Trd, 8639636.782, 98
Trd, 8639637.532, 140
Trd, 8639638.232, 127
Trd, 8639639.132, 125
Trd, 8639639.232, 125
Trd, 8639639.732, 114
Trd, 8639640.432, 89
Trd, 8639641.282, 127
Trd, 8639641.582, 85
Trd, 8639641.782, 97
Trd, 8639643.182, 97
Trd, 8639643.932, 101
Trd, 8639644.832, 139
Trd, 8639645.582, 115
Trd, 8639646.732, 111
Trd, 8639647.482, 101
Trd, 8639647.682, 118
Trd, 8639647.932, 81
Trd, 8639648.382, 133
Trd, 8639649.332, 135
Trd, 8639649.532, 119
Trd, 8639650.332, 123
Trd, 8639650.732, 129
Trd, 8639652.632, 122
Trd, 8639653.332, 133
Trd, 8639654.182, 133
Trd, 8639654.532, 113
Trd, 8639655.382, 121
Trd, 8639655.482, 114
Trd, 8639657.782, 114
Trd, 8639658.082, 97
Trd, 8639658.482, 116
Trd, 8639658.882, 126
Trd, 8639659.432, 71
Trd, 8639660.032, 60
Trd, 8639661.282, 96
Trd, 8639662.232, 96
Trd, 8639662.632, 121
Trd, 8639663.282, 68
Trd, 8639663.632, 116
Trd, 8639664.332, 103
Trd, 8639665.332, 76
Trd, 8639666.032, 82
Trd, 8639666.932, 85
Trd, 8639668.382, 87
Trd, 8639670.532, 140
Trd, 8639670.732, 124
Trd, 8639670.982, 113
Trd, 8639671.832, 134
Trd, 8639673.832, 116
Trd, 8639673.932, 108
Trd, 8639674.682, 96
Trd, 8639674.782, 94
Trd, 8639674.982, 101
Trd, 8639675.782, 140
Trd, 8639676.382, 135
Trd, 8639677.232, 122
Trd, 8639678.332, 128
Trd, 8639679.532, 104
Trd, 8639680.132, 120
Trd, 8639681.882, 131
Trd, 8639682.182, 116
Trd, 8639682.582, 111
Trd, 8639683.532, 110
Trd, 8639684.332, 97
Trd, 8639685.182, 97
Trd, 8639685.482, 95
Trd, 8639687.082, 78
Trd, 8639687.532, 113
Trd, 8639687.982, 83
Trd, 8639689.032, 132
Trd, 8639689.732, 66
Trd, 8639690.332, 101
Trd, 8639691.282, 122
Trd, 8639692.232, 117
Trd, 8639692.582, 115
Trd, 8639693.032, 101
Trd, 8639694.132, 102
Trd, 8639694.382, 140
Trd, 8639697.782, 112
Trd, 8639697.882, 111
Trd, 8639698.032, 98
Trd, 8639698.982, 82
Trd, 8639699.332, 75
Trd, 8639700.232, 62
Trd, 8639700.582, 65
Trd, 8639701.132, 96
Trd, 8639701.182, 88
Trd, 8639702.532, 111
Trd, 8639703.182, 140
Trd, 8639703.282, 111
Trd, 8639703.482, 90
Trd, 8639704.382, 131
Trd, 8639704.932, 138
Trd, 8639705.632, 123
Trd, 8639706.282, 114
Trd, 8639708.432, 90
Trd, 8639708.832, 84
Trd, 8639709.432, 84
Trd, 8639710.682, 76
Trd, 8639712.082, 125
Trd, 8639712.132, 90
Trd, 8639713.132, 106
Trd, 8639713.782, 130
Trd, 8639717.282, 138
Trd, 8639718.332, 137
Trd, 8639718.732, 135
Trd, 8639719.382, 116
Trd, 8639719.832, 114
Trd, 8639720.282, 129
Trd, 8639721.232, 112
Trd, 8639722.432, 135
Trd, 8639722.682, 111
Trd, 8639722.832, 98
Trd, 8639723.832, 108
Trd, 8639723.932, 107
Trd, 8639725.082, 98
Trd, 8639725.232, 84
Trd, 8639725.382, 66
Trd, 8639725.932, 129
Trd, 8639727.532, 133
Trd, 8639728.732, 131
Trd, 8639729.532, 120
Trd, 8639730.632, 127
Trd, 8639732.232, 133
Trd, 8639732.832, 110
Trd, 8639733.182, 94
Trd, 8639733.482, 103
Trd, 8639734.682, 93
Trd, 8639734.932, 90
Trd, 8639735.632, 87
Trd, 8639736.382, 82
Trd, 8639737.882, 133
Trd, 8639738.482, 121
Trd, 8639739.682, 93
Trd, 8639739.882, 122
Trd, 8639742.232, 102
Trd, 8639742.982, 104
Trd, 8639743.132, 130
Trd, 8639743.382, 93
Trd, 8639744.082, 76
Trd, 8639744.782, 111
Trd, 8639745.132, 116
Trd, 8639746.032, 61
Trd, 8639746.532, 77
Trd, 8639747.132, 77
Trd, 8639747.282, 79
Trd, 8639748.832, 88
Trd, 8639750.382, 124
Trd, 8639752.032, 75
Trd, 8639752.632, 88
Trd, 8639753.882, 115
Trd, 8639754.332, 131
Trd, 8639755.032, 84
Trd, 8639755.382, 82
Trd, 8639755.482, 78
Trd, 8639756.232, 107
Trd, 8639757.682, 78
Trd, 8639758.082, 123
Trd, 8639758.532, 132
Trd, 8639758.782, 104
Trd, 8639759.082, 124
Trd, 8639760.082, 136
Trd, 8639762.132, 129
Trd, 8639762.882, 109
Trd, 8639763.482, 125
Trd, 8639764.582, 117
Trd, 8639765.632, 124
Trd, 8639765.782, 116
Trd, 8639766.332, 140
Trd, 8639767.832, 130
Trd, 8639767.932, 122
Trd, 8639767.982, 118
Trd, 8639768.432, 116
Trd, 8639768.482, 85
Trd, 8639770.032, 99
Trd, 8639770.282, 99
Trd, 8639771.132, 93
Trd, 8639771.832, 81
Trd, 8639772.582, 76
Trd, 8639772.932, 107
Trd, 8639773.632, 111
Trd, 8639775.232, 127
Trd, 8639775.782, 135
Trd, 8639775.832, 102
Trd, 8639777.582, 92
Trd, 8639778.082, 119
Trd, 8639778.282, 140
Trd, 8639778.732, 94
Trd, 8639780.232, 96
Trd, 8639781.082, 136
Trd, 8639781.282, 86
Trd, 8639781.532, 74
Trd, 8639782.232, 120
Trd, 8639782.932, 124
Trd, 8639783.632, 80
Trd, 8639784.382, 95
Trd, 8639785.032, 75
Trd, 8639785.882, 127
Trd, 8639786.532, 128
Trd, 8639787.132, 103
Trd, 8639787.482, 101
Trd, 8639788.182, 122
Trd, 8639788.532, 89
Trd, 8639789.932, 86
Trd, 8639790.332, 75
Trd, 8639791.332, 70
Trd, 8639792.532, 115
Trd, 8639793.282, 81
Trd, 8639793.932, 79
Trd, 8639794.582, 76
Trd, 8639794.982, 82
Trd, 8639795.382, 92
Trd, 8639798.082, 127
Trd, 8639798.132, 113
Trd, 8639798.182, 106
Trd, 8639799.032, 129
Trd, 8639800.382, 109
Trd, 8639800.882, 84
Trd, 8639801.482, 109
Trd, 8639802.582, 93
Trd, 8639803.432, 84
Trd, 8639804.082, 74
Trd, 8639804.532, 127
Trd, 8639804.732, 102
Trd, 8639806.882, 82
Trd, 8639808.132, 104
Trd, 8639809.832, 104
Trd, 8639810.332, 105
Trd, 8639810.632, 98
Trd, 8639810.832, 94
Trd, 8639811.082, 96
Trd, 8639811.382, 86
Trd, 8639811.782, 114
Trd, 8639813.682, 119
Trd, 8639814.632, 138
Trd, 8639815.732, 120
Trd, 8639816.032, 118
Trd, 8639816.682, 102
Trd, 8639817.282, 122
Trd, 8639817.632, 127
Trd, 8639818.432, 104
Trd, 8639819.032, 112
Trd, 8639820.132, 112
Trd, 8639821.032, 114
Trd, 8639821.782, 135
Trd, 8639822.332, 111
Trd, 8639822.882, 127
Trd, 8639823.332, 113
Trd, 8639824.082, 106
Trd, 8639824.932, 84
Trd, 8639825.632, 91
Trd, 8639825.982, 84
Trd, 8639827.482, 79
Trd, 8639827.932, 115
Trd, 8639828.232, 77
Trd, 8639829.932, 86
Trd, 8639830.232, 95
Trd, 8639830.482, 81
Trd, 8639831.932, 133
Trd, 8639832.782, 122
Trd, 8639833.982, 122
Trd, 8639834.282, 88
Trd, 8639835.182, 129
Trd, 8639835.232, 91
Trd, 8639835.482, 129
Trd, 8639836.582, 81
Trd, 8639837.632, 82
Trd, 8639837.982, 79
Trd, 8639838.882, 91
Trd, 8639839.232, 82
Trd, 8639839.432, 74
Trd, 8639839.932, 70
Trd, 8639840.232, 79
Trd, 8639841.532, 105
Trd, 8639842.332, 111
Trd, 8639842.682, 94
Trd, 8639842.982, 86
Trd, 8639844.632, 102
Trd, 8639845.632, 96
Trd, 8639846.332, 76
Trd, 8639847.232, 65
Trd, 8639848.082, 115
Trd, 8639848.832, 92
Trd, 8639849.032, 113
Trd, 8639850.482, 135
Trd, 8639851.582, 122
Trd, 8639852.032, 106
Trd, 8639852.332, 97
Trd, 8639852.532, 93
Trd, 8639854.632, 140
Trd, 8639854.782, 96
Trd, 8639855.432, 81
Trd, 8639855.532, 100
Trd, 8639857.282, 63
Trd, 8639858.082, 74
Trd, 8639858.682, 75
Trd, 8639859.282, 72
Trd, 8639859.732, 94
Trd, 8639860.132, 113
Trd, 8639861.232, 129
Trd, 8639861.282, 85
Trd, 8639861.782, 91
Trd, 8639862.532, 107
Trd, 8639864.532, 113
Trd, 8639864.782, 94
Trd, 8639865.332, 68
Trd, 8639866.282, 84
Trd, 8639866.882, 129
Trd, 8639867.282, 97
Trd, 8639868.332, 91
Trd, 8639868.882, 101
Trd, 8639869.432, 125
Trd, 8639870.532, 87
Trd, 8639871.132, 121
Trd, 8639871.182, 107
Trd, 8639871.382, 76
Trd, 8639872.632, 104
Trd, 8639873.182, 124
Trd, 8639873.332, 90
Trd, 8639875.232, 132
Trd, 8639875.332, 130
Trd, 8639875.732, 126
Trd, 8639876.732, 120
Trd, 8639878.332, 95
Trd, 8639879.082, 107
Trd, 8639879.732, 128
Trd, 8639880.732, 139
Trd, 8639880.782, 134
Trd, 8639880.832, 95
Trd, 8639881.782, 104
Trd, 8639882.382, 96
Trd, 8639882.582, 81
Trd, 8639883.332, 87
Trd, 8639883.682, 97
Trd, 8639883.982, 108
Trd, 8639885.132, 94
Trd, 8639886.582, 132
Trd, 8639886.732, 101
Trd, 8639887.082, 115
Trd, 8639887.232, 119
Trd, 8639888.582, 89
Trd, 8639889.332, 68
Trd, 8639890.532, 140
Trd, 8639890.982, 121
Trd, 8639891.032, 79
Trd, 8639891.832, 131
Trd, 8639892.732, 107
Trd, 8639893.432, 94
Trd, 8639896.282, 128
Trd, 8639896.732, 137
Trd, 8639897.082, 83
Trd, 8639897.932, 140
Trd, 8639898.232, 103
Trd, 8639899.882, 102
Trd, 8639900.182, 120
Trd, 8639900.382, 102
Trd, 8639900.832, 92
Trd, 8639901.782, 135
Trd, 8639901.932, 120
Trd, 8639903.482, 136
Trd, 8639904.332, 107
Trd, 8639904.882, 104
Trd, 8639906.332, 102
Trd, 8639906.382, 98
Trd, 8639906.682, 125
Trd, 8639907.682, 99
Trd, 8639907.982, 86
Trd, 8639908.032, 118
Trd, 8639908.882, 132
Trd, 8639909.132, 139
Trd, 8639910.632, 109
Trd, 8639911.732, 122
Trd, 8639912.382, 105
Trd, 8639912.832, 99
Trd, 8639913.082, 82
Trd, 8639914.082, 108
Trd, 8639914.332, 132
Trd, 8639915.632, 94
Trd, 8639916.032, 98
Trd, 8639916.182, 93
Trd, 8639917.682, 101
Trd, 8639917.932, 108
Trd, 8639918.482, 123
Trd, 8639919.182, 116
Trd, 8639919.582, 113
Trd, 8639919.982, 98
Trd, 8639921.682, 136
Trd, 8639922.232, 139
Trd, 8639922.382, 82
Trd, 8639924.082, 136
Trd, 8639924.232, 94
Trd, 8639924.932, 110
Trd, 8639925.082, 115
Trd, 8639925.732, 125
Trd, 8639925.832, 94
Trd, 8639926.182, 91
Trd, 8639926.782, 81
Trd, 8639928.182, 77
Trd, 8639930.032, 139
Trd, 8639930.382, 110
Trd, 8639931.282, 107
Trd, 8639931.432, 107
Trd, 8639931.932, 134
Trd, 8639932.032, 124
Trd, 8639933.232, 131
Trd, 8639933.532, 107
Trd, 8639933.582, 103
Trd, 8639933.882, 102
Trd, 8639935.832, 115
Trd, 8639936.932, 122
Trd, 8639937.332, 90
Trd, 8639938.182, 92
Trd, 8639938.332, 88
Trd, 8639939.382, 114
Trd, 8639939.532, 114
Trd, 8639940.832, 82
Trd, 8639941.532, 104
Trd, 8639941.932, 112
Trd, 8639942.132, 103
Trd, 8639943.232, 119
Trd, 8639944.232, 124
Trd, 8639944.382, 119
Trd, 8639944.982, 110
Trd, 8639945.482, 105
Trd, 8639945.582, 85
Trd, 8639946.582, 98
Trd, 8639947.482, 114
Trd, 8639948.632, 91
Trd, 8639949.582, 81
Trd, 8639950.532, 91
Trd, 8639951.232, 73
Trd, 8639952.032, 95
Trd, 8639952.832, 125
Trd, 8639952.932, 109
Trd, 8639953.432, 98
Trd, 8639953.732, 77
Trd, 8639954.832, 62
Trd, 8639956.232, 77
Trd, 8639958.132, 112
Trd, 8639959.282, 95
Trd, 8639959.532, 97
Trd, 8639959.982, 81
Trd, 8639960.332, 110
Trd, 8639960.782, 80
Trd, 8639963.032, 100
Trd, 8639963.882, 103
Trd, 8639964.432, 123
Trd, 8639964.682, 81
Trd, 8639965.232, 70
Trd, 8639966.132, 93
Trd, 8639966.182, 89
Trd, 8639966.732, 67
Trd, 8639967.082, 73
Trd, 8639968.982, 97
Trd, 8639969.832, 130
Trd, 8639969.982, 91
Trd, 8639970.532, 137
Trd, 8639971.032, 83
Trd, 8639971.982, 82
Trd, 8639972.882, 89
Trd, 8639974.332, 96
Trd, 8639975.282, 134
Trd, 8639976.432, 99
Trd, 8639976.832, 89
Trd, 8639978.282, 100
Trd, 8639978.432, 93
Trd, 8639978.732, 92
Trd, 8639980.382, 137
Trd, 8639981.732, 102
Trd, 8639982.932, 118
Trd, 8639983.432, 98
Trd, 8639984.182, 91
Trd, 8639984.482, 124
Trd, 8639984.582, 90
Trd, 8639984.982, 67
Trd, 8639985.282, 92
Trd, 8639987.032, 137
Trd, 8639987.782, 111
Trd, 8639989.532, 132
Trd, 8639990.232, 96
Trd, 8639991.082, 132
Trd, 8639991.632, 111
Trd, 8639992.782, 118
Trd, 8639993.032, 111
Trd, 8639993.682, 83
Trd, 8639994.382, 84
Trd, 8639994.632, 103
Trd, 8639995.032, 95
Trd, 8639996.032, 66
Trd, 8639998.232, 126
Trd, 8639998.482, 114
Trd, 8639999.232, 84
Trd, 8639999.932, 116
