Trd, 8638156.332, 61
Trd, 8638157.082, 140
Trd, 8638157.332, 140
Trd, 8638157.582, 140
Trd, 8638158.532, 129
Trd, 8638159.882, 140
Trd, 8638161.282, 140
Trd, 8638161.832, 140
Trd, 8638162.332, 140
Trd, 8638162.532, 139
Trd, 8638163.482, 140
Trd, 8638164.832, 140
Trd, 8638165.582, 140
Trd, 8638165.932, 140
Trd, 8638165.982, 128
Trd, 8638167.232, 60
Trd, 8638167.982, 60
Trd, 8638169.282, 60
Trd, 8638170.632, 60
Trd, 8638171.282, 60
Trd, 8638171.632, 60
Trd, 8638172.032, 60
Trd, 8638173.732, 63
Trd, 8638173.882, 61
Trd, 8638174.132, 60
Trd, 8638175.432, 62
Trd, 8638175.532, 61
Trd, 8638176.832, 61
Trd, 8638177.832, 60
Trd, 8638178.682, 60
Trd, 8638180.032, 61
Trd, 8638180.632, 66
Trd, 8638181.232, 65
Trd, 8638181.632, 62
Trd, 8638182.482, 60
Trd, 8638182.582, 63
Trd, 8638182.782, 63
Trd, 8638184.432, 60
Trd, 8638184.582, 60
Trd, 8638185.332, 62
Trd, 8638185.482, 63
Trd, 8638185.632, 64
Trd, 8638187.082, 62
Trd, 8638188.132, 60
Trd, 8638188.182, 63
Trd, 8638190.132, 65
Trd, 8638191.932, 60
Trd, 8638192.182, 61
Trd, 8638192.532, 62
Trd, 8638192.832, 60
Trd, 8638193.582, 62
Trd, 8638193.882, 63
Trd, 8638194.082, 61
Trd, 8638194.432, 63
Trd, 8638194.782, 68
Trd, 8638196.682, 60
Trd, 8638197.582, 61
Trd, 8638197.982, 61
Trd, 8638198.482, 60
Trd, 8638199.182, 61
Trd, 8638199.732, 62
Trd, 8638200.332, 64
Trd, 8638200.532, 64
Trd, 8638200.632, 66
Trd, 8638200.832, 63
Trd, 8638200.932, 94
Trd, 8638203.132, 138
Trd, 8638203.632, 140
Trd, 8638203.732, 140
Trd, 8638204.332, 61
Trd, 8638205.882, 65
Trd, 8638206.832, 62
Trd, 8638207.132, 60
Trd, 8638207.982, 61
Trd, 8638208.332, 60
Trd, 8638208.432, 88
Trd, 8638210.182, 60
Trd, 8638210.682, 61
Trd, 8638210.882, 62
Trd, 8638211.582, 63
Trd, 8638213.132, 60
Trd, 8638214.082, 60
Trd, 8638215.032, 60
Trd, 8638215.132, 60
Trd, 8638215.832, 61
Trd, 8638216.032, 62
Trd, 8638216.582, 66
Trd, 8638216.832, 61
Trd, 8638216.882, 86
Trd, 8638217.482, 62
Trd, 8638217.582, 60
Trd, 8638218.132, 74
Trd, 8638219.182, 62
Trd, 8638219.882, 60
Trd, 8638220.582, 61
Trd, 8638222.982, 60
Trd, 8638224.282, 60
Trd, 8638226.632, 61
Trd, 8638226.682, 62
Trd, 8638227.082, 62
Trd, 8638228.132, 61
Trd, 8638228.282, 62
Trd, 8638229.132, 61
Trd, 8638229.182, 68
Trd, 8638229.282, 68
Trd, 8638229.982, 70
Trd, 8638230.782, 62
Trd, 8638232.532, 60
Trd, 8638232.732, 60
Trd, 8638233.382, 60
Trd, 8638234.132, 61
Trd, 8638234.332, 64
Trd, 8638234.782, 63
Trd, 8638235.182, 61
Trd, 8638235.982, 62
Trd, 8638236.582, 63
Trd, 8638238.232, 66
Trd, 8638238.582, 60
Trd, 8638239.132, 70
Trd, 8638241.282, 60
Trd, 8638241.332, 60
Trd, 8638241.882, 60
Trd, 8638242.232, 62
Trd, 8638242.332, 61
Trd, 8638244.082, 61
Trd, 8638244.132, 62
Trd, 8638244.632, 62
Trd, 8638244.832, 61
Trd, 8638245.632, 62
Trd, 8638245.932, 65
Trd, 8638246.482, 61
Trd, 8638246.682, 61
Trd, 8638247.232, 63
Trd, 8638247.532, 63
Trd, 8638248.532, 72
Trd, 8638248.832, 62
Trd, 8638249.232, 119
Trd, 8638250.482, 140
Trd, 8638251.682, 60
Trd, 8638251.882, 61
Trd, 8638252.482, 60
Trd, 8638253.332, 61
Trd, 8638254.832, 62
Trd, 8638255.332, 63
Trd, 8638256.882, 61
Trd, 8638257.032, 61
Trd, 8638257.232, 60
Trd, 8638258.132, 62
Trd, 8638258.232, 66
Trd, 8638258.432, 62
Trd, 8638258.932, 61
Trd, 8638260.182, 61
Trd, 8638260.932, 60
Trd, 8638261.332, 60
Trd, 8638263.032, 62
Trd, 8638263.632, 61
Trd, 8638264.832, 62
Trd, 8638265.182, 63
Trd, 8638265.232, 65
Trd, 8638265.482, 64
Trd, 8638266.332, 62
Trd, 8638267.182, 64
Trd, 8638267.632, 63
Trd, 8638267.982, 62
Trd, 8638268.132, 64
Trd, 8638268.982, 66
Trd, 8638269.082, 62
Trd, 8638269.582, 92
Trd, 8638269.632, 61
Trd, 8638270.282, 140
Trd, 8638271.982, 140
Trd, 8638272.532, 140
Trd, 8638272.832, 140
Trd, 8638273.682, 140
Trd, 8638274.432, 140
Trd, 8638274.532, 139
Trd, 8638274.582, 139
Trd, 8638275.182, 140
Trd, 8638275.932, 139
Trd, 8638277.132, 140
Trd, 8638277.832, 140
Trd, 8638278.132, 110
Trd, 8638278.932, 140
Trd, 8638279.682, 140
Trd, 8638280.082, 140
Trd, 8638280.482, 140
Trd, 8638280.932, 140
Trd, 8638282.832, 140
Trd, 8638284.432, 60
Trd, 8638284.732, 61
Trd, 8638285.482, 61
Trd, 8638286.332, 62
Trd, 8638287.182, 63
Trd, 8638287.432, 62
Trd, 8638287.882, 63
Trd, 8638288.132, 63
Trd, 8638289.232, 66
Trd, 8638289.382, 63
Trd, 8638289.582, 127
Trd, 8638290.782, 60
Trd, 8638290.932, 61
Trd, 8638292.982, 60
Trd, 8638293.332, 60
Trd, 8638293.882, 60
Trd, 8638294.482, 60
Trd, 8638296.082, 66
Trd, 8638296.332, 61
Trd, 8638296.632, 71
Trd, 8638296.832, 61
Trd, 8638297.132, 119
Trd, 8638299.032, 60
Trd, 8638299.132, 60
Trd, 8638299.982, 60
Trd, 8638300.882, 60
Trd, 8638301.282, 61
Trd, 8638301.432, 63
Trd, 8638301.982, 63
Trd, 8638303.182, 60
Trd, 8638303.782, 64
Trd, 8638303.832, 63
Trd, 8638304.082, 68
Trd, 8638304.732, 64
Trd, 8638304.882, 64
Trd, 8638304.932, 120
Trd, 8638305.732, 77
Trd, 8638305.882, 76
Trd, 8638307.432, 140
Trd, 8638307.482, 140
Trd, 8638307.532, 135
Trd, 8638308.732, 140
Trd, 8638310.032, 60
Trd, 8638310.582, 62
Trd, 8638311.682, 60
Trd, 8638312.482, 64
Trd, 8638313.482, 61
Trd, 8638314.732, 60
Trd, 8638315.082, 60
Trd, 8638315.832, 60
Trd, 8638317.182, 60
Trd, 8638317.482, 61
Trd, 8638317.782, 61
Trd, 8638318.382, 62
Trd, 8638318.932, 61
Trd, 8638319.532, 63
Trd, 8638319.682, 60
Trd, 8638320.132, 60
Trd, 8638321.532, 60
Trd, 8638321.732, 60
Trd, 8638321.882, 61
Trd, 8638323.332, 62
Trd, 8638326.432, 60
Trd, 8638327.182, 60
Trd, 8638327.432, 60
Trd, 8638328.482, 60
Trd, 8638328.882, 60
Trd, 8638329.582, 60
Trd, 8638330.282, 60
Trd, 8638330.682, 65
Trd, 8638330.932, 65
Trd, 8638331.132, 61
Trd, 8638331.232, 71
Trd, 8638331.732, 62
Trd, 8638332.082, 62
Trd, 8638333.382, 60
Trd, 8638333.932, 61
Trd, 8638334.082, 66
Trd, 8638335.332, 92
Trd, 8638335.432, 116
Trd, 8638337.782, 61
Trd, 8638339.032, 60
Trd, 8638339.482, 60
Trd, 8638339.682, 60
Trd, 8638339.982, 60
Trd, 8638340.282, 61
Trd, 8638340.332, 63
Trd, 8638340.582, 60
Trd, 8638342.132, 60
Trd, 8638343.832, 60
Trd, 8638344.082, 60
Trd, 8638345.632, 64
Trd, 8638346.482, 63
Trd, 8638346.932, 60
Trd, 8638347.032, 62
Trd, 8638347.282, 61
Trd, 8638347.582, 63
Trd, 8638347.982, 61
Trd, 8638348.132, 78
Trd, 8638349.632, 60
Trd, 8638349.782, 62
Trd, 8638350.432, 62
Trd, 8638351.982, 60
Trd, 8638352.682, 62
Trd, 8638353.132, 60
Trd, 8638354.882, 60
Trd, 8638356.282, 60
Trd, 8638356.882, 60
Trd, 8638358.332, 60
Trd, 8638359.532, 60
Trd, 8638359.832, 61
Trd, 8638360.982, 61
Trd, 8638361.432, 60
Trd, 8638361.732, 60
Trd, 8638362.782, 60
Trd, 8638363.932, 61
Trd, 8638364.282, 61
Trd, 8638364.382, 62
Trd, 8638365.082, 64
Trd, 8638365.782, 68
Trd, 8638365.932, 74
Trd, 8638366.132, 61
Trd, 8638367.032, 64
Trd, 8638367.382, 70
Trd, 8638368.082, 60
Trd, 8638369.282, 60
Trd, 8638369.982, 61
Trd, 8638371.582, 60
Trd, 8638372.582, 60
Trd, 8638373.732, 60
Trd, 8638373.982, 61
Trd, 8638374.932, 60
Trd, 8638376.082, 60
Trd, 8638376.132, 62
Trd, 8638377.132, 60
Trd, 8638378.082, 60
Trd, 8638378.282, 61
Trd, 8638378.782, 63
Trd, 8638379.382, 63
Trd, 8638379.682, 63
Trd, 8638379.832, 64
Trd, 8638380.882, 60
Trd, 8638381.732, 61
Trd, 8638382.932, 61
Trd, 8638384.082, 60
Trd, 8638384.182, 66
Trd, 8638384.482, 62
Trd, 8638384.582, 61
Trd, 8638385.232, 66
Trd, 8638385.282, 61
Trd, 8638385.582, 60
Trd, 8638386.332, 60
Trd, 8638387.432, 62
Trd, 8638387.632, 62
Trd, 8638388.032, 62
Trd, 8638388.232, 64
Trd, 8638389.732, 64
Trd, 8638389.832, 60
Trd, 8638390.832, 60
Trd, 8638390.932, 65
Trd, 8638391.482, 60
Trd, 8638392.432, 61
Trd, 8638392.782, 91
Trd, 8638394.132, 64
Trd, 8638396.532, 60
Trd, 8638396.882, 60
Trd, 8638397.282, 65
Trd, 8638398.082, 66
Trd, 8638398.532, 67
Trd, 8638398.582, 68
Trd, 8638398.932, 61
Trd, 8638400.232, 63
Trd, 8638400.682, 66
Trd, 8638400.782, 79
Trd, 8638403.432, 60
Trd, 8638404.732, 62
Trd, 8638404.782, 60
Trd, 8638404.982, 60
Trd, 8638405.232, 70
Trd, 8638405.382, 62
Trd, 8638405.932, 63
Trd, 8638406.182, 63
Trd, 8638406.582, 71
Trd, 8638407.082, 63
Trd, 8638408.082, 62
Trd, 8638410.032, 60
Trd, 8638410.182, 61
Trd, 8638410.932, 63
Trd, 8638411.132, 64
Trd, 8638411.532, 69
Trd, 8638412.182, 71
Trd, 8638412.982, 140
Trd, 8638413.832, 140
Trd, 8638414.082, 140
Trd, 8638414.582, 140
Trd, 8638417.282, 140
Trd, 8638417.582, 140
Trd, 8638417.682, 140
Trd, 8638417.932, 140
Trd, 8638419.282, 140
Trd, 8638419.882, 140
Trd, 8638420.182, 140
Trd, 8638420.782, 140
Trd, 8638420.982, 129
Trd, 8638421.282, 67
Trd, 8638421.682, 139
Trd, 8638421.932, 138
Trd, 8638422.982, 67
Trd, 8638425.182, 61
Trd, 8638425.332, 63
Trd, 8638426.832, 61
Trd, 8638427.932, 60
Trd, 8638428.632, 62
Trd, 8638429.032, 66
Trd, 8638429.482, 69
Trd, 8638429.982, 63
Trd, 8638430.032, 62
Trd, 8638430.632, 60
Trd, 8638430.682, 70
Trd, 8638431.482, 76
Trd, 8638431.932, 60
Trd, 8638433.082, 61
Trd, 8638433.282, 64
Trd, 8638434.182, 74
Trd, 8638434.832, 62
Trd, 8638437.682, 60
Trd, 8638439.682, 60
Trd, 8638440.082, 62
Trd, 8638440.332, 62
Trd, 8638440.682, 62
Trd, 8638440.932, 60
Trd, 8638440.982, 91
Trd, 8638442.382, 62
Trd, 8638442.482, 60
Trd, 8638443.032, 64
Trd, 8638443.182, 60
Trd, 8638443.282, 119
Trd, 8638445.882, 60
Trd, 8638446.932, 60
Trd, 8638447.332, 60
Trd, 8638447.782, 63
Trd, 8638447.832, 63
Trd, 8638450.582, 62
Trd, 8638450.932, 60
Trd, 8638451.282, 62
Trd, 8638451.482, 65
Trd, 8638451.832, 63
Trd, 8638451.932, 63
Trd, 8638451.982, 62
Trd, 8638452.082, 92
Trd, 8638453.232, 139
Trd, 8638453.582, 140
Trd, 8638454.882, 140
Trd, 8638455.182, 140
Trd, 8638455.232, 128
Trd, 8638455.932, 138
Trd, 8638456.882, 60
Trd, 8638458.132, 60
Trd, 8638458.882, 61
Trd, 8638459.482, 66
Trd, 8638459.532, 64
Trd, 8638459.932, 64
Trd, 8638460.432, 137
Trd, 8638460.532, 136
Trd, 8638460.832, 125
Trd, 8638462.432, 60
Trd, 8638462.532, 61
Trd, 8638463.782, 62
Trd, 8638464.432, 60
Trd, 8638465.232, 60
Trd, 8638466.282, 60
Trd, 8638466.832, 61
Trd, 8638467.432, 61
Trd, 8638469.032, 60
Trd, 8638469.482, 60
Trd, 8638470.532, 62
Trd, 8638470.732, 60
Trd, 8638471.082, 61
Trd, 8638471.432, 62
Trd, 8638471.832, 60
Trd, 8638472.032, 62
Trd, 8638472.282, 64
Trd, 8638472.932, 67
Trd, 8638473.482, 67
Trd, 8638473.632, 73
Trd, 8638473.782, 103
Trd, 8638473.882, 66
Trd, 8638476.732, 60
Trd, 8638476.982, 61
Trd, 8638477.532, 61
Trd, 8638478.832, 60
Trd, 8638480.982, 60
Trd, 8638481.732, 60
Trd, 8638482.282, 60
Trd, 8638483.082, 63
Trd, 8638483.182, 62
Trd, 8638483.282, 61
Trd, 8638483.682, 60
Trd, 8638483.832, 64
Trd, 8638484.682, 60
Trd, 8638487.182, 60
Trd, 8638488.182, 60
Trd, 8638489.132, 60
Trd, 8638490.382, 61
Trd, 8638490.732, 62
Trd, 8638491.232, 61
Trd, 8638491.482, 60
Trd, 8638491.882, 63
Trd, 8638492.232, 60
Trd, 8638493.582, 60
Trd, 8638495.682, 60
Trd, 8638495.932, 61
Trd, 8638496.182, 61
Trd, 8638499.032, 60
Trd, 8638499.132, 60
Trd, 8638499.782, 61
Trd, 8638500.832, 61
Trd, 8638501.482, 60
Trd, 8638502.782, 60
Trd, 8638504.182, 60
Trd, 8638505.532, 60
Trd, 8638505.582, 60
Trd, 8638505.682, 60
Trd, 8638506.032, 63
Trd, 8638506.082, 65
Trd, 8638506.732, 62
Trd, 8638507.682, 62
Trd, 8638507.982, 60
Trd, 8638508.132, 64
Trd, 8638509.032, 60
Trd, 8638510.282, 60
Trd, 8638510.932, 60
Trd, 8638511.482, 66
Trd, 8638511.832, 61
Trd, 8638513.432, 60
Trd, 8638514.332, 60
Trd, 8638515.932, 60
Trd, 8638516.232, 61
Trd, 8638516.682, 63
Trd, 8638517.382, 64
Trd, 8638517.832, 60
Trd, 8638518.082, 62
Trd, 8638518.432, 62
Trd, 8638519.282, 60
Trd, 8638520.182, 62
Trd, 8638520.232, 61
Trd, 8638521.082, 61
Trd, 8638522.132, 63
Trd, 8638522.532, 61
Trd, 8638523.632, 61
Trd, 8638523.732, 65
Trd, 8638524.782, 60
Trd, 8638525.882, 61
Trd, 8638526.582, 61
Trd, 8638526.832, 61
Trd, 8638527.232, 62
Trd, 8638527.332, 65
Trd, 8638528.282, 67
Trd, 8638528.482, 66
Trd, 8638528.532, 65
Trd, 8638528.982, 60
Trd, 8638529.782, 140
Trd, 8638531.532, 140
Trd, 8638531.582, 138
Trd, 8638531.932, 138
Trd, 8638532.082, 128
Trd, 8638532.782, 67
Trd, 8638533.782, 69
Trd, 8638535.482, 66
Trd, 8638536.332, 62
Trd, 8638536.882, 63
Trd, 8638539.082, 60
Trd, 8638539.882, 61
Trd, 8638540.132, 61
Trd, 8638540.932, 61
Trd, 8638542.282, 62
Trd, 8638543.132, 62
Trd, 8638544.382, 62
Trd, 8638545.032, 64
Trd, 8638545.782, 60
Trd, 8638546.032, 60
Trd, 8638546.132, 62
Trd, 8638546.632, 71
Trd, 8638547.182, 66
Trd, 8638547.782, 140
Trd, 8638547.982, 140
Trd, 8638548.632, 140
Trd, 8638549.282, 140
Trd, 8638549.482, 140
Trd, 8638549.732, 129
Trd, 8638550.532, 140
Trd, 8638551.682, 64
Trd, 8638551.732, 66
Trd, 8638553.182, 66
Trd, 8638555.032, 60
Trd, 8638555.632, 60
Trd, 8638556.332, 60
Trd, 8638556.582, 60
Trd, 8638557.532, 61
Trd, 8638557.632, 62
Trd, 8638557.932, 61
Trd, 8638558.982, 61
Trd, 8638561.132, 61
Trd, 8638561.932, 61
Trd, 8638562.782, 60
Trd, 8638562.932, 63
Trd, 8638563.982, 60
Trd, 8638564.182, 62
Trd, 8638564.932, 62
Trd, 8638565.182, 61
Trd, 8638565.782, 61
Trd, 8638566.832, 62
Trd, 8638566.932, 63
Trd, 8638567.482, 60
Trd, 8638568.082, 60
Trd, 8638569.532, 60
Trd, 8638569.632, 61
Trd, 8638569.932, 63
Trd, 8638570.282, 60
Trd, 8638570.582, 60
Trd, 8638571.182, 62
Trd, 8638571.482, 64
Trd, 8638571.782, 93
Trd, 8638572.732, 140
Trd, 8638573.732, 140
Trd, 8638573.882, 140
Trd, 8638574.382, 139
Trd, 8638574.732, 67
Trd, 8638575.682, 140
Trd, 8638577.182, 140
Trd, 8638578.282, 140
Trd, 8638578.332, 140
Trd, 8638578.632, 140
Trd, 8638578.682, 140
Trd, 8638579.032, 140
Trd, 8638579.682, 140
Trd, 8638581.332, 140
Trd, 8638581.582, 140
Trd, 8638582.332, 140
Trd, 8638582.782, 140
Trd, 8638583.232, 140
Trd, 8638585.032, 140
Trd, 8638585.432, 140
Trd, 8638586.282, 140
Trd, 8638586.482, 140
Trd, 8638587.882, 140
Trd, 8638588.282, 140
Trd, 8638588.982, 140
Trd, 8638590.682, 140
Trd, 8638590.982, 140
Trd, 8638591.432, 140
Trd, 8638591.532, 137
Trd, 8638592.082, 140
Trd, 8638592.732, 61
Trd, 8638594.182, 140
Trd, 8638594.482, 140
Trd, 8638595.782, 140
Trd, 8638595.932, 140
Trd, 8638596.582, 139
Trd, 8638597.282, 140
Trd, 8638597.332, 139
Trd, 8638597.482, 136
Trd, 8638597.632, 129
Trd, 8638598.632, 139
Trd, 8638600.132, 140
Trd, 8638600.232, 140
Trd, 8638600.532, 140
Trd, 8638600.682, 140
Trd, 8638601.732, 138
Trd, 8638602.232, 139
Trd, 8638602.982, 60
Trd, 8638604.932, 60
Trd, 8638605.232, 61
Trd, 8638605.932, 65
Trd, 8638606.532, 63
Trd, 8638606.932, 63
Trd, 8638607.182, 63
Trd, 8638607.232, 95
Trd, 8638607.832, 68
Trd, 8638609.382, 62
Trd, 8638609.782, 62
Trd, 8638610.332, 61
Trd, 8638611.582, 60
Trd, 8638613.032, 60
Trd, 8638613.482, 60
Trd, 8638614.032, 61
Trd, 8638614.132, 61
Trd, 8638614.332, 61
Trd, 8638614.482, 62
Trd, 8638614.632, 84
Trd, 8638615.682, 140
Trd, 8638616.382, 140
Trd, 8638616.632, 140
Trd, 8638617.932, 116
Trd, 8638617.982, 115
Trd, 8638618.432, 140
Trd, 8638618.732, 140
Trd, 8638619.632, 62
Trd, 8638620.532, 140
Trd, 8638620.732, 140
Trd, 8638621.582, 136
Trd, 8638622.582, 139
Trd, 8638622.632, 130
Trd, 8638623.932, 140
Trd, 8638624.432, 138
Trd, 8638625.532, 140
Trd, 8638625.632, 140
Trd, 8638625.882, 140
Trd, 8638625.982, 128
Trd, 8638627.032, 62
Trd, 8638628.382, 60
Trd, 8638629.382, 60
Trd, 8638630.632, 60
Trd, 8638631.432, 60
Trd, 8638632.732, 60
Trd, 8638632.982, 61
Trd, 8638633.282, 62
Trd, 8638633.732, 63
Trd, 8638633.932, 62
Trd, 8638634.282, 61
Trd, 8638634.682, 63
Trd, 8638636.032, 60
Trd, 8638637.732, 60
Trd, 8638637.832, 65
Trd, 8638638.682, 61
Trd, 8638638.782, 66
Trd, 8638639.582, 63
Trd, 8638639.782, 64
Trd, 8638640.432, 62
Trd, 8638641.132, 62
Trd, 8638641.732, 61
Trd, 8638642.182, 61
Trd, 8638645.382, 61
Trd, 8638645.532, 60
Trd, 8638645.882, 62
Trd, 8638646.332, 62
Trd, 8638647.282, 65
Trd, 8638647.732, 66
Trd, 8638647.782, 65
Trd, 8638648.432, 66
Trd, 8638649.482, 62
Trd, 8638649.732, 63
Trd, 8638649.782, 61
Trd, 8638650.132, 67
Trd, 8638650.382, 73
Trd, 8638651.782, 60
Trd, 8638652.232, 62
Trd, 8638653.532, 60
Trd, 8638655.632, 60
Trd, 8638655.782, 60
Trd, 8638656.582, 70
Trd, 8638656.782, 63
Trd, 8638656.982, 61
Trd, 8638657.632, 67
Trd, 8638657.832, 61
Trd, 8638658.932, 61
Trd, 8638659.282, 60
Trd, 8638659.632, 60
Trd, 8638660.432, 90
Trd, 8638662.482, 60
Trd, 8638662.732, 63
Trd, 8638663.432, 63
Trd, 8638664.232, 61
Trd, 8638667.432, 60
Trd, 8638667.782, 61
Trd, 8638668.732, 60
Trd, 8638669.282, 61
Trd, 8638669.382, 62
Trd, 8638669.832, 61
Trd, 8638669.932, 66
Trd, 8638669.982, 91
Trd, 8638670.182, 61
Trd, 8638670.532, 79
Trd, 8638671.882, 61
Trd, 8638672.632, 60
Trd, 8638673.682, 62
Trd, 8638674.732, 62
Trd, 8638675.632, 61
Trd, 8638677.082, 60
Trd, 8638679.382, 60
Trd, 8638679.782, 60
Trd, 8638679.982, 63
Trd, 8638680.032, 69
Trd, 8638680.732, 70
Trd, 8638681.232, 63
Trd, 8638681.682, 75
Trd, 8638681.982, 124
Trd, 8638682.232, 62
Trd, 8638682.882, 70
Trd, 8638683.732, 138
Trd, 8638683.982, 66
Trd, 8638685.382, 139
Trd, 8638685.782, 136
Trd, 8638685.982, 65
Trd, 8638686.332, 139
Trd, 8638687.132, 68
Trd, 8638688.182, 140
Trd, 8638688.732, 60
Trd, 8638688.982, 140
Trd, 8638690.982, 140
Trd, 8638691.132, 140
Trd, 8638691.682, 129
Trd, 8638692.632, 140
Trd, 8638692.832, 140
Trd, 8638693.332, 140
Trd, 8638693.532, 140
Trd, 8638695.382, 140
Trd, 8638695.732, 140
Trd, 8638696.332, 140
Trd, 8638696.632, 140
Trd, 8638698.332, 140
Trd, 8638698.532, 140
Trd, 8638699.182, 140
Trd, 8638699.232, 140
Trd, 8638699.432, 140
Trd, 8638700.632, 140
Trd, 8638701.632, 140
Trd, 8638702.132, 140
Trd, 8638703.232, 140
Trd, 8638703.732, 140
Trd, 8638704.132, 140
Trd, 8638704.982, 140
Trd, 8638705.532, 140
Trd, 8638706.032, 139
Trd, 8638707.632, 140
Trd, 8638708.432, 140
Trd, 8638708.982, 140
Trd, 8638709.582, 140
Trd, 8638709.732, 140
Trd, 8638710.982, 140
Trd, 8638711.082, 140
Trd, 8638712.082, 140
Trd, 8638712.682, 140
Trd, 8638713.332, 140
Trd, 8638713.932, 140
Trd, 8638714.232, 63
Trd, 8638714.482, 140
Trd, 8638715.582, 140
Trd, 8638715.632, 128
Trd, 8638716.332, 60
Trd, 8638717.282, 140
Trd, 8638718.982, 140
Trd, 8638719.232, 140
Trd, 8638719.332, 140
Trd, 8638720.032, 140
Trd, 8638720.882, 140
Trd, 8638721.582, 140
Trd, 8638721.782, 140
Trd, 8638722.882, 140
Trd, 8638723.132, 136
Trd, 8638723.332, 134
Trd, 8638724.282, 136
Trd, 8638725.532, 140
Trd, 8638725.582, 138
Trd, 8638726.082, 130
Trd, 8638727.382, 140
Trd, 8638727.632, 140
Trd, 8638728.682, 140
Trd, 8638729.282, 140
Trd, 8638729.982, 140
Trd, 8638731.032, 140
Trd, 8638731.382, 140
Trd, 8638732.482, 140
Trd, 8638732.682, 140
Trd, 8638733.182, 140
Trd, 8638734.282, 140
Trd, 8638734.432, 140
Trd, 8638734.632, 140
Trd, 8638735.432, 140
Trd, 8638735.482, 140
Trd, 8638736.182, 140
Trd, 8638737.182, 140
Trd, 8638737.432, 140
Trd, 8638739.332, 140
Trd, 8638739.932, 140
Trd, 8638740.332, 140
Trd, 8638741.082, 140
Trd, 8638742.282, 140
Trd, 8638742.532, 140
Trd, 8638743.682, 140
Trd, 8638743.732, 140
Trd, 8638744.682, 140
Trd, 8638745.882, 140
Trd, 8638746.082, 140
Trd, 8638747.432, 140
Trd, 8638747.582, 140
Trd, 8638747.682, 140
Trd, 8638747.932, 140
Trd, 8638748.782, 140
Trd, 8638750.082, 140
Trd, 8638751.232, 140
Trd, 8638751.432, 139
Trd, 8638752.432, 139
Trd, 8638752.482, 138
Trd, 8638752.682, 138
Trd, 8638754.232, 140
Trd, 8638755.532, 140
Trd, 8638755.732, 139
Trd, 8638755.782, 139
Trd, 8638756.482, 140
Trd, 8638758.232, 135
Trd, 8638758.932, 138
Trd, 8638758.982, 136
Trd, 8638760.932, 140
Trd, 8638761.832, 140
Trd, 8638762.732, 140
Trd, 8638762.782, 140
Trd, 8638762.932, 140
Trd, 8638763.682, 140
Trd, 8638764.582, 140
Trd, 8638764.882, 140
Trd, 8638765.132, 140
Trd, 8638766.482, 138
Trd, 8638767.432, 140
Trd, 8638768.332, 140
Trd, 8638768.432, 140
Trd, 8638769.232, 140
Trd, 8638769.432, 138
Trd, 8638770.582, 140
Trd, 8638770.882, 139
Trd, 8638772.282, 140
Trd, 8638773.232, 140
Trd, 8638773.682, 140
Trd, 8638773.982, 140
Trd, 8638774.532, 140
Trd, 8638777.232, 140
Trd, 8638778.132, 140
Trd, 8638778.432, 140
Trd, 8638778.482, 140
Trd, 8638778.732, 139
Trd, 8638779.032, 140
Trd, 8638779.432, 140
Trd, 8638780.432, 139
Trd, 8638780.932, 140
Trd, 8638781.532, 140
Trd, 8638781.682, 139
Trd, 8638782.232, 140
Trd, 8638783.532, 140
Trd, 8638783.682, 140
Trd, 8638783.732, 139
Trd, 8638785.082, 138
Trd, 8638785.532, 140
Trd, 8638786.882, 67
Trd, 8638787.082, 61
Trd, 8638787.582, 64
Trd, 8638787.732, 69
Trd, 8638788.232, 64
Trd, 8638789.332, 140
Trd, 8638789.632, 139
Trd, 8638791.032, 72
Trd, 8638791.482, 140
Trd, 8638791.532, 138
Trd, 8638793.382, 140
Trd, 8638793.432, 139
Trd, 8638794.532, 140
Trd, 8638794.632, 126
Trd, 8638795.582, 127
Trd, 8638796.732, 140
Trd, 8638797.482, 139
Trd, 8638797.532, 139
Trd, 8638798.082, 140
Trd, 8638799.282, 140
Trd, 8638799.582, 140
Trd, 8638800.682, 140
Trd, 8638800.832, 139
Trd, 8638801.482, 71
Trd, 8638801.982, 72
Trd, 8638802.282, 61
Trd, 8638803.532, 60
Trd, 8638804.682, 62
Trd, 8638804.982, 63
Trd, 8638805.682, 60
Trd, 8638806.082, 60
Trd, 8638806.782, 60
Trd, 8638807.182, 65
Trd, 8638807.232, 90
Trd, 8638807.982, 64
Trd, 8638808.932, 61
Trd, 8638809.732, 65
Trd, 8638810.482, 61
Trd, 8638812.032, 60
Trd, 8638812.182, 61
Trd, 8638812.632, 61
Trd, 8638814.282, 60
Trd, 8638815.032, 61
Trd, 8638815.582, 63
Trd, 8638815.782, 61
Trd, 8638816.082, 64
Trd, 8638816.282, 63
Trd, 8638816.682, 60
Trd, 8638818.032, 73
Trd, 8638818.282, 63
Trd, 8638820.882, 60
Trd, 8638823.132, 60
Trd, 8638823.732, 61
Trd, 8638823.882, 60
Trd, 8638824.232, 61
Trd, 8638825.382, 65
Trd, 8638825.482, 70
Trd, 8638825.882, 64
Trd, 8638826.782, 69
Trd, 8638827.182, 71
Trd, 8638827.232, 69
Trd, 8638827.532, 68
Trd, 8638827.882, 98
Trd, 8638828.732, 60
Trd, 8638828.982, 62
Trd, 8638829.782, 137
Trd, 8638830.332, 140
Trd, 8638831.182, 140
Trd, 8638832.382, 140
Trd, 8638832.532, 140
Trd, 8638832.632, 140
Trd, 8638834.732, 140
Trd, 8638835.032, 140
Trd, 8638835.082, 140
Trd, 8638836.332, 140
Trd, 8638836.632, 140
Trd, 8638837.032, 118
Trd, 8638839.182, 60
Trd, 8638839.332, 60
Trd, 8638839.582, 61
Trd, 8638839.982, 61
Trd, 8638840.182, 68
Trd, 8638840.432, 60
Trd, 8638843.332, 60
Trd, 8638843.382, 60
Trd, 8638843.632, 62
Trd, 8638843.832, 64
Trd, 8638843.982, 63
Trd, 8638844.682, 63
Trd, 8638845.282, 64
Trd, 8638845.782, 66
Trd, 8638846.382, 66
Trd, 8638847.482, 140
Trd, 8638847.532, 140
Trd, 8638848.732, 140
Trd, 8638848.932, 138
Trd, 8638849.932, 140
Trd, 8638850.632, 140
Trd, 8638852.032, 140
Trd, 8638852.482, 140
Trd, 8638852.732, 140
Trd, 8638852.882, 140
Trd, 8638853.282, 140
Trd, 8638854.482, 140
Trd, 8638855.432, 140
Trd, 8638855.732, 139
Trd, 8638856.332, 139
Trd, 8638856.982, 140
Trd, 8638857.532, 140
Trd, 8638857.632, 138
Trd, 8638857.982, 137
Trd, 8638858.732, 140
Trd, 8638859.682, 140
Trd, 8638860.132, 140
Trd, 8638860.332, 139
Trd, 8638861.782, 139
Trd, 8638862.132, 138
Trd, 8638862.182, 127
Trd, 8638863.982, 140
Trd, 8638864.682, 140
Trd, 8638864.782, 139
Trd, 8638865.432, 140
Trd, 8638865.532, 140
Trd, 8638866.182, 69
Trd, 8638867.332, 64
Trd, 8638869.282, 62
Trd, 8638869.582, 63
Trd, 8638869.882, 65
Trd, 8638870.282, 70
Trd, 8638872.232, 60
Trd, 8638872.532, 61
Trd, 8638873.482, 60
Trd, 8638875.082, 60
Trd, 8638876.732, 61
Trd, 8638877.282, 61
Trd, 8638877.432, 62
Trd, 8638878.732, 60
Trd, 8638878.882, 63
Trd, 8638880.732, 61
Trd, 8638881.282, 60
Trd, 8638882.482, 61
Trd, 8638882.932, 60
Trd, 8638884.782, 60
Trd, 8638885.232, 60
Trd, 8638885.632, 60
Trd, 8638885.782, 60
Trd, 8638887.432, 60
Trd, 8638889.082, 62
Trd, 8638890.132, 60
Trd, 8638890.982, 60
Trd, 8638892.082, 60
Trd, 8638892.632, 60
Trd, 8638892.982, 61
Trd, 8638893.082, 61
Trd, 8638893.982, 61
Trd, 8638894.382, 60
Trd, 8638895.132, 62
Trd, 8638896.132, 65
Trd, 8638897.082, 63
Trd, 8638897.132, 62
Trd, 8638897.782, 64
Trd, 8638897.832, 70
Trd, 8638898.682, 64
Trd, 8638899.682, 62
Trd, 8638900.632, 62
Trd, 8638901.032, 61
Trd, 8638901.132, 60
Trd, 8638902.682, 62
Trd, 8638904.282, 60
Trd, 8638905.732, 60
Trd, 8638908.532, 60
Trd, 8638908.682, 60
Trd, 8638909.682, 60
Trd, 8638909.732, 60
Trd, 8638909.882, 61
Trd, 8638910.032, 66
Trd, 8638910.782, 68
Trd, 8638911.232, 61
Trd, 8638911.932, 64
Trd, 8638912.682, 67
Trd, 8638912.782, 65
Trd, 8638912.932, 70
Trd, 8638912.982, 64
Trd, 8638913.782, 62
Trd, 8638915.532, 60
Trd, 8638916.232, 62
Trd, 8638916.982, 116
Trd, 8638918.932, 60
Trd, 8638920.032, 60
Trd, 8638920.132, 61
Trd, 8638920.882, 60
Trd, 8638920.932, 65
Trd, 8638921.332, 62
Trd, 8638921.632, 66
Trd, 8638921.732, 67
Trd, 8638921.982, 93
Trd, 8638922.232, 63
Trd, 8638923.332, 60
Trd, 8638924.032, 60
Trd, 8638924.832, 60
Trd, 8638926.032, 61
Trd, 8638926.182, 61
Trd, 8638929.132, 60
Trd, 8638929.682, 60
Trd, 8638930.932, 61
Trd, 8638931.832, 60
Trd, 8638931.882, 60
Trd, 8638932.182, 60
Trd, 8638932.382, 60
Trd, 8638932.832, 60
Trd, 8638933.032, 62
Trd, 8638933.532, 61
Trd, 8638935.782, 60
Trd, 8638936.682, 60
Trd, 8638938.032, 60
Trd, 8638939.282, 60
Trd, 8638940.432, 60
Trd, 8638940.882, 60
Trd, 8638941.432, 60
Trd, 8638941.982, 60
Trd, 8638942.482, 63
Trd, 8638942.682, 60
Trd, 8638943.432, 63
Trd, 8638944.482, 61
Trd, 8638945.032, 60
Trd, 8638945.132, 62
Trd, 8638945.382, 61
Trd, 8638947.682, 60
Trd, 8638947.932, 63
Trd, 8638949.632, 68
Trd, 8638950.032, 72
Trd, 8638950.132, 78
Trd, 8638951.832, 60
Trd, 8638952.232, 60
Trd, 8638952.582, 60
Trd, 8638952.832, 61
Trd, 8638953.232, 68
Trd, 8638953.532, 62
Trd, 8638954.732, 60
Trd, 8638955.382, 60
Trd, 8638955.732, 62
Trd, 8638955.982, 66
Trd, 8638956.382, 117
Trd, 8638957.182, 61
Trd, 8638957.232, 60
Trd, 8638957.782, 65
Trd, 8638958.082, 76
Trd, 8638958.732, 64
Trd, 8638959.532, 61
Trd, 8638961.182, 60
Trd, 8638961.832, 60
Trd, 8638962.182, 61
Trd, 8638964.582, 62
Trd, 8638965.482, 65
Trd, 8638966.932, 61
Trd, 8638967.432, 61
Trd, 8638968.732, 61
Trd, 8638968.932, 60
Trd, 8638969.232, 60
Trd, 8638970.732, 60
Trd, 8638971.882, 60
Trd, 8638972.282, 61
Trd, 8638972.782, 60
Trd, 8638973.282, 60
Trd, 8638973.332, 63
Trd, 8638974.732, 61
Trd, 8638974.782, 61
Trd, 8638975.482, 60
Trd, 8638975.532, 60
Trd, 8638976.382, 60
Trd, 8638977.932, 60
Trd, 8638977.982, 63
Trd, 8638979.032, 60
Trd, 8638979.632, 61
Trd, 8638979.982, 63
Trd, 8638982.232, 60
Trd, 8638982.532, 63
Trd, 8638984.432, 62
Trd, 8638984.532, 63
Trd, 8638984.732, 66
Trd, 8638985.032, 60
Trd, 8638985.632, 62
Trd, 8638986.482, 60
Trd, 8638986.582, 61
Trd, 8638986.732, 61
Trd, 8638987.782, 69
Trd, 8638988.682, 62
Trd, 8638988.732, 125
Trd, 8638989.832, 60
Trd, 8638990.882, 60
Trd, 8638991.182, 67
Trd, 8638993.232, 60
Trd, 8638993.932, 60
Trd, 8638994.482, 60
Trd, 8638994.732, 63
Trd, 8638996.082, 60
Trd, 8638996.182, 62
Trd, 8638996.332, 65
Trd, 8638996.782, 60
Trd, 8638997.332, 60
Trd, 8638997.882, 61
Trd, 8638998.182, 64
Trd, 8638999.132, 61
Trd, 8639000.182, 66
Trd, 8639000.232, 63
Trd, 8639000.432, 67
Trd, 8639001.182, 63
Trd, 8639001.232, 62
Trd, 8639002.382, 69
Trd, 8639002.632, 98
Trd, 8639004.832, 60
Trd, 8639006.132, 60
Trd, 8639006.432, 60
Trd, 8639006.582, 60
Trd, 8639007.332, 61
Trd, 8639007.882, 61
Trd, 8639008.932, 62
Trd, 8639009.432, 64
Trd, 8639009.832, 64
Trd, 8639009.882, 63
Trd, 8639010.332, 61
Trd, 8639010.682, 60
Trd, 8639011.782, 62
Trd, 8639013.682, 60
Trd, 8639014.232, 60
Trd, 8639014.982, 60
Trd, 8639015.882, 61
Trd, 8639016.632, 60
Trd, 8639017.232, 63
Trd, 8639017.532, 63
Trd, 8639018.132, 60
Trd, 8639018.382, 60
Trd, 8639020.532, 60
Trd, 8639020.832, 61
Trd, 8639020.982, 60
Trd, 8639021.432, 63
Trd, 8639021.632, 62
Trd, 8639021.732, 68
Trd, 8639021.982, 67
Trd, 8639022.632, 68
Trd, 8639024.332, 140
Trd, 8639024.532, 138
Trd, 8639027.532, 60
Trd, 8639028.032, 62
Trd, 8639028.932, 61
Trd, 8639029.082, 67
Trd, 8639031.482, 60
Trd, 8639032.032, 60
Trd, 8639032.382, 60
Trd, 8639033.232, 66
Trd, 8639033.332, 64
Trd, 8639033.732, 64
Trd, 8639034.232, 65
Trd, 8639034.332, 65
Trd, 8639034.932, 133
Trd, 8639035.632, 68
Trd, 8639035.682, 64
Trd, 8639036.482, 64
Trd, 8639037.032, 140
Trd, 8639037.382, 139
Trd, 8639037.432, 129
Trd, 8639037.482, 63
Trd, 8639039.032, 61
Trd, 8639039.332, 62
Trd, 8639039.632, 64
Trd, 8639041.632, 60
Trd, 8639042.532, 60
Trd, 8639044.082, 60
Trd, 8639045.132, 63
Trd, 8639045.432, 68
Trd, 8639046.382, 60
Trd, 8639046.782, 61
Trd, 8639046.982, 60
Trd, 8639048.332, 64
Trd, 8639048.432, 67
Trd, 8639048.882, 70
Trd, 8639049.132, 68
Trd, 8639049.332, 97
Trd, 8639050.132, 72
Trd, 8639050.282, 72
Trd, 8639051.282, 60
Trd, 8639053.132, 63
Trd, 8639055.432, 62
Trd, 8639056.832, 62
Trd, 8639056.882, 62
Trd, 8639057.482, 62
Trd, 8639057.732, 63
Trd, 8639058.082, 64
Trd, 8639058.182, 61
Trd, 8639058.582, 139
Trd, 8639059.332, 139
Trd, 8639060.132, 61
Trd, 8639061.282, 60
Trd, 8639061.432, 60
Trd, 8639062.232, 61
Trd, 8639062.382, 62
Trd, 8639062.682, 63
Trd, 8639064.032, 64
Trd, 8639064.332, 60
Trd, 8639064.582, 61
Trd, 8639066.782, 140
Trd, 8639067.282, 140
Trd, 8639067.682, 140
Trd, 8639068.182, 139
Trd, 8639068.432, 138
Trd, 8639068.582, 129
Trd, 8639069.832, 140
Trd, 8639070.382, 140
Trd, 8639070.582, 140
Trd, 8639071.732, 140
Trd, 8639071.932, 140
Trd, 8639073.082, 140
Trd, 8639074.682, 61
Trd, 8639074.832, 61
Trd, 8639076.632, 60
Trd, 8639076.932, 60
Trd, 8639077.232, 60
Trd, 8639078.282, 60
Trd, 8639078.682, 61
Trd, 8639080.982, 60
Trd, 8639081.582, 60
Trd, 8639082.332, 60
Trd, 8639083.032, 60
Trd, 8639083.182, 60
Trd, 8639083.282, 62
Trd, 8639083.682, 60
Trd, 8639085.232, 60
Trd, 8639085.632, 61
Trd, 8639086.132, 62
Trd, 8639086.482, 64
Trd, 8639087.082, 64
Trd, 8639087.432, 65
Trd, 8639087.532, 63
Trd, 8639088.832, 118
Trd, 8639089.132, 140
Trd, 8639089.232, 140
Trd, 8639089.482, 72
Trd, 8639090.082, 66
Trd, 8639091.232, 140
Trd, 8639091.332, 140
Trd, 8639092.632, 62
Trd, 8639093.182, 60
Trd, 8639094.332, 62
Trd, 8639095.132, 62
Trd, 8639097.332, 60
Trd, 8639098.182, 60
Trd, 8639098.232, 60
Trd, 8639098.332, 68
Trd, 8639099.432, 61
Trd, 8639099.582, 62
Trd, 8639099.632, 69
Trd, 8639100.582, 118
Trd, 8639101.332, 68
Trd, 8639102.032, 60
Trd, 8639102.632, 60
Trd, 8639103.432, 60
Trd, 8639104.332, 62
Trd, 8639104.732, 63
Trd, 8639105.182, 64
Trd, 8639105.282, 94
Trd, 8639106.082, 60
Trd, 8639106.932, 66
Trd, 8639108.432, 60
Trd, 8639108.882, 65
Trd, 8639109.682, 60
Trd, 8639110.432, 62
Trd, 8639112.182, 60
Trd, 8639114.282, 60
Trd, 8639114.432, 60
Trd, 8639114.832, 60
Trd, 8639116.782, 60
Trd, 8639117.382, 60
Trd, 8639117.682, 60
Trd, 8639118.582, 71
Trd, 8639118.682, 89
Trd, 8639118.732, 66
Trd, 8639118.832, 64
Trd, 8639119.132, 61
Trd, 8639121.432, 140
Trd, 8639121.782, 140
Trd, 8639122.032, 140
Trd, 8639122.132, 139
Trd, 8639122.982, 138
Trd, 8639124.082, 61
Trd, 8639124.582, 61
Trd, 8639125.982, 60
Trd, 8639127.732, 60
Trd, 8639128.382, 60
Trd, 8639128.732, 61
Trd, 8639129.132, 61
Trd, 8639131.282, 60
Trd, 8639131.482, 61
Trd, 8639131.732, 62
Trd, 8639131.832, 66
Trd, 8639132.482, 61
Trd, 8639132.582, 67
Trd, 8639133.232, 75
Trd, 8639133.382, 60
Trd, 8639133.632, 63
Trd, 8639136.332, 60
Trd, 8639137.532, 60
Trd, 8639138.182, 61
Trd, 8639139.582, 60
Trd, 8639139.632, 64
Trd, 8639140.282, 60
Trd, 8639140.332, 61
Trd, 8639140.432, 62
Trd, 8639141.532, 60
Trd, 8639142.382, 60
Trd, 8639142.532, 61
Trd, 8639143.132, 63
Trd, 8639143.282, 64
Trd, 8639143.332, 79
Trd, 8639144.132, 63
Trd, 8639144.682, 66
Trd, 8639144.832, 113
Trd, 8639145.632, 68
Trd, 8639146.182, 140
Trd, 8639146.782, 140
Trd, 8639146.982, 139
Trd, 8639147.082, 62
Trd, 8639148.932, 61
Trd, 8639149.132, 62
Trd, 8639150.082, 63
Trd, 8639151.182, 60
Trd, 8639151.532, 62
Trd, 8639152.132, 60
Trd, 8639152.632, 62
Trd, 8639153.082, 61
Trd, 8639153.582, 93
Trd, 8639155.582, 60
Trd, 8639155.982, 62
Trd, 8639157.282, 60
Trd, 8639159.232, 60
Trd, 8639159.432, 60
Trd, 8639160.432, 60
Trd, 8639161.432, 60
Trd, 8639161.482, 61
Trd, 8639162.182, 60
Trd, 8639162.232, 60
Trd, 8639162.432, 63
Trd, 8639163.682, 63
Trd, 8639164.082, 61
Trd, 8639164.782, 61
Trd, 8639165.182, 65
Trd, 8639165.982, 62
Trd, 8639166.532, 62
Trd, 8639167.132, 62
Trd, 8639167.232, 68
Trd, 8639167.382, 60
Trd, 8639167.882, 120
Trd, 8639168.432, 62
Trd, 8639169.832, 61
Trd, 8639170.582, 61
Trd, 8639171.732, 66
Trd, 8639172.082, 65
Trd, 8639173.582, 60
Trd, 8639174.632, 60
Trd, 8639174.782, 60
Trd, 8639174.832, 68
Trd, 8639175.032, 68
Trd, 8639175.282, 62
Trd, 8639175.832, 102
Trd, 8639175.882, 61
Trd, 8639177.332, 60
Trd, 8639177.632, 64
Trd, 8639178.732, 61
Trd, 8639178.832, 64
Trd, 8639178.932, 71
Trd, 8639179.382, 61
Trd, 8639180.882, 62
Trd, 8639181.032, 61
Trd, 8639181.232, 91
Trd, 8639181.382, 93
Trd, 8639184.282, 60
Trd, 8639184.832, 60
Trd, 8639186.282, 62
Trd, 8639186.482, 63
Trd, 8639187.682, 140
Trd, 8639187.882, 140
Trd, 8639188.182, 140
Trd, 8639188.332, 140
Trd, 8639189.682, 140
Trd, 8639190.632, 140
Trd, 8639190.882, 140
Trd, 8639191.032, 140
Trd, 8639191.932, 140
Trd, 8639193.432, 140
Trd, 8639193.532, 140
Trd, 8639193.932, 139
Trd, 8639195.082, 140
Trd, 8639196.782, 140
Trd, 8639196.932, 140
Trd, 8639197.032, 140
Trd, 8639197.482, 140
Trd, 8639198.482, 140
Trd, 8639199.332, 140
Trd, 8639199.532, 140
Trd, 8639199.732, 140
Trd, 8639200.832, 140
Trd, 8639201.032, 140
Trd, 8639201.582, 140
Trd, 8639203.632, 140
Trd, 8639204.032, 140
Trd, 8639204.232, 140
Trd, 8639204.582, 140
Trd, 8639205.882, 140
Trd, 8639206.732, 140
Trd, 8639207.432, 140
Trd, 8639207.782, 139
Trd, 8639208.982, 140
Trd, 8639209.682, 139
Trd, 8639210.682, 140
Trd, 8639211.082, 140
Trd, 8639211.882, 140
Trd, 8639211.932, 140
Trd, 8639213.232, 140
Trd, 8639213.832, 139
Trd, 8639213.882, 139
Trd, 8639214.332, 138
Trd, 8639214.632, 139
Trd, 8639216.082, 140
Trd, 8639217.332, 140
Trd, 8639217.782, 140
Trd, 8639218.632, 140
Trd, 8639218.932, 140
Trd, 8639219.182, 139
Trd, 8639219.332, 139
Trd, 8639219.932, 130
Trd, 8639220.882, 131
Trd, 8639221.732, 137
Trd, 8639221.832, 127
Trd, 8639222.482, 139
Trd, 8639224.632, 140
Trd, 8639225.482, 140
Trd, 8639225.632, 140
Trd, 8639226.582, 140
Trd, 8639226.732, 140
Trd, 8639227.032, 140
Trd, 8639227.132, 140
Trd, 8639227.382, 136
Trd, 8639228.132, 140
Trd, 8639228.632, 139
Trd, 8639229.232, 140
Trd, 8639231.532, 129
Trd, 8639231.882, 139
Trd, 8639232.782, 140
Trd, 8639233.982, 140
Trd, 8639234.332, 140
Trd, 8639234.482, 140
Trd, 8639234.782, 140
Trd, 8639235.332, 140
Trd, 8639236.782, 140
Trd, 8639237.132, 140
Trd, 8639237.532, 140
Trd, 8639239.632, 61
Trd, 8639239.932, 60
Trd, 8639240.282, 90
Trd, 8639241.532, 60
Trd, 8639241.982, 61
Trd, 8639242.032, 60
Trd, 8639242.682, 61
Trd, 8639242.832, 67
Trd, 8639243.882, 140
Trd, 8639244.432, 140
Trd, 8639244.782, 65
Trd, 8639247.532, 60
Trd, 8639249.432, 60
Trd, 8639249.632, 60
Trd, 8639249.932, 60
Trd, 8639250.582, 60
Trd, 8639251.832, 60
Trd, 8639252.132, 61
Trd, 8639254.582, 60
Trd, 8639255.182, 62
Trd, 8639255.982, 62
Trd, 8639256.232, 60
Trd, 8639256.382, 62
Trd, 8639258.082, 60
Trd, 8639258.182, 60
Trd, 8639259.132, 66
Trd, 8639259.482, 66
Trd, 8639260.382, 60
Trd, 8639260.582, 63
Trd, 8639260.982, 60
Trd, 8639262.432, 60
Trd, 8639262.882, 60
Trd, 8639263.632, 60
Trd, 8639263.682, 62
Trd, 8639264.632, 63
Trd, 8639266.882, 60
Trd, 8639267.632, 61
Trd, 8639267.782, 63
Trd, 8639268.282, 60
Trd, 8639269.332, 61
Trd, 8639270.432, 60
Trd, 8639271.832, 60
Trd, 8639272.482, 63
Trd, 8639272.982, 60
Trd, 8639274.082, 60
Trd, 8639274.382, 60
Trd, 8639274.732, 62
Trd, 8639275.082, 63
Trd, 8639276.182, 61
Trd, 8639276.632, 62
Trd, 8639277.232, 61
Trd, 8639277.682, 60
Trd, 8639278.132, 64
Trd, 8639278.932, 65
Trd, 8639279.332, 60
Trd, 8639279.782, 137
Trd, 8639282.282, 60
Trd, 8639282.682, 61
Trd, 8639284.132, 60
Trd, 8639284.582, 61
Trd, 8639285.732, 61
Trd, 8639285.932, 60
Trd, 8639286.282, 61
Trd, 8639286.482, 62
Trd, 8639286.782, 60
Trd, 8639288.132, 139
Trd, 8639288.182, 64
Trd, 8639288.532, 138
Trd, 8639288.932, 66
Trd, 8639289.882, 139
Trd, 8639290.232, 133
Trd, 8639290.482, 140
Trd, 8639290.532, 140
Trd, 8639290.982, 60
Trd, 8639293.132, 60
Trd, 8639294.482, 60
Trd, 8639294.882, 60
Trd, 8639295.432, 61
Trd, 8639296.032, 60
Trd, 8639296.582, 61
Trd, 8639297.282, 62
Trd, 8639298.982, 63
Trd, 8639299.782, 63
Trd, 8639300.182, 60
Trd, 8639300.332, 60
Trd, 8639301.782, 60
Trd, 8639302.132, 60
Trd, 8639302.432, 60
Trd, 8639302.482, 66
Trd, 8639303.332, 60
Trd, 8639304.082, 61
Trd, 8639304.732, 60
Trd, 8639304.782, 64
Trd, 8639305.732, 72
Trd, 8639306.582, 62
Trd, 8639307.482, 60
Trd, 8639309.382, 62
Trd, 8639309.632, 61
Trd, 8639310.932, 60
Trd, 8639311.082, 60
Trd, 8639311.132, 62
Trd, 8639311.732, 63
Trd, 8639312.832, 62
Trd, 8639313.032, 63
Trd, 8639313.282, 60
Trd, 8639314.332, 73
Trd, 8639314.632, 66
Trd, 8639316.282, 140
Trd, 8639316.482, 140
Trd, 8639317.782, 140
Trd, 8639317.882, 140
Trd, 8639318.582, 140
Trd, 8639319.532, 140
Trd, 8639320.082, 140
Trd, 8639321.082, 140
Trd, 8639321.632, 140
Trd, 8639321.782, 140
Trd, 8639322.632, 140
Trd, 8639323.332, 140
Trd, 8639323.932, 140
Trd, 8639324.132, 140
Trd, 8639324.482, 139
Trd, 8639325.232, 65
Trd, 8639326.882, 62
Trd, 8639326.982, 84
Trd, 8639327.682, 60
Trd, 8639328.682, 60
Trd, 8639330.432, 63
Trd, 8639330.832, 61
Trd, 8639331.232, 62
Trd, 8639331.532, 63
Trd, 8639331.932, 62
Trd, 8639331.982, 65
Trd, 8639333.032, 70
Trd, 8639333.282, 140
Trd, 8639334.532, 140
Trd, 8639335.682, 61
Trd, 8639336.282, 61
Trd, 8639337.132, 61
Trd, 8639337.182, 66
Trd, 8639338.832, 61
Trd, 8639341.232, 60
Trd, 8639341.332, 62
Trd, 8639341.982, 60
Trd, 8639342.882, 60
Trd, 8639343.282, 60
Trd, 8639344.932, 60
Trd, 8639345.182, 63
Trd, 8639346.032, 62
Trd, 8639346.932, 60
Trd, 8639346.982, 63
Trd, 8639347.582, 61
Trd, 8639348.432, 62
Trd, 8639349.632, 60
Trd, 8639349.682, 60
Trd, 8639350.432, 61
Trd, 8639350.482, 63
Trd, 8639351.582, 62
Trd, 8639351.882, 63
Trd, 8639352.082, 62
Trd, 8639352.932, 64
Trd, 8639353.032, 68
Trd, 8639353.382, 61
Trd, 8639353.732, 94
Trd, 8639355.332, 61
Trd, 8639355.832, 60
Trd, 8639357.232, 60
Trd, 8639357.332, 60
Trd, 8639357.732, 67
Trd, 8639359.282, 60
Trd, 8639362.882, 60
Trd, 8639363.032, 60
Trd, 8639364.032, 60
Trd, 8639364.132, 61
Trd, 8639364.332, 62
Trd, 8639364.532, 60
Trd, 8639364.582, 62
Trd, 8639365.082, 65
Trd, 8639365.382, 63
Trd, 8639365.832, 60
Trd, 8639366.282, 68
Trd, 8639367.182, 140
Trd, 8639369.532, 60
Trd, 8639370.832, 60
Trd, 8639372.182, 60
Trd, 8639372.982, 61
Trd, 8639373.282, 64
Trd, 8639373.582, 60
Trd, 8639374.082, 60
Trd, 8639374.532, 60
Trd, 8639374.982, 61
Trd, 8639375.332, 60
Trd, 8639375.932, 62
Trd, 8639375.982, 61
Trd, 8639376.582, 60
Trd, 8639377.532, 60
Trd, 8639378.682, 63
Trd, 8639379.132, 61
Trd, 8639380.332, 60
Trd, 8639380.982, 60
Trd, 8639381.782, 60
Trd, 8639382.932, 60
Trd, 8639383.332, 60
Trd, 8639383.582, 60
Trd, 8639383.982, 60
Trd, 8639384.132, 60
Trd, 8639386.482, 60
Trd, 8639387.532, 61
Trd, 8639387.582, 61
Trd, 8639388.432, 60
Trd, 8639388.582, 85
Trd, 8639388.982, 61
Trd, 8639389.432, 60
Trd, 8639389.982, 62
Trd, 8639390.432, 62
Trd, 8639390.832, 61
Trd, 8639391.832, 90
Trd, 8639392.382, 140
Trd, 8639392.632, 140
Trd, 8639393.582, 140
Trd, 8639393.732, 129
Trd, 8639394.282, 130
Trd, 8639394.332, 128
Trd, 8639394.632, 62
Trd, 8639395.432, 68
Trd, 8639396.682, 140
Trd, 8639396.832, 140
Trd, 8639398.982, 140
Trd, 8639399.082, 140
Trd, 8639400.232, 140
Trd, 8639400.382, 140
Trd, 8639401.182, 140
Trd, 8639401.982, 140
Trd, 8639402.082, 140
Trd, 8639403.132, 140
Trd, 8639404.482, 140
Trd, 8639404.632, 140
Trd, 8639405.382, 140
Trd, 8639405.582, 140
Trd, 8639406.732, 140
Trd, 8639406.832, 140
Trd, 8639407.132, 140
Trd, 8639407.832, 139
Trd, 8639409.532, 140
Trd, 8639409.832, 140
Trd, 8639410.632, 140
Trd, 8639410.882, 140
Trd, 8639412.582, 140
Trd, 8639413.732, 140
Trd, 8639413.932, 140
Trd, 8639414.482, 140
Trd, 8639414.532, 140
Trd, 8639415.182, 140
Trd, 8639415.532, 140
Trd, 8639415.932, 140
Trd, 8639416.932, 140
Trd, 8639417.182, 140
Trd, 8639418.082, 139
Trd, 8639418.382, 140
Trd, 8639420.182, 140
Trd, 8639420.282, 140
Trd, 8639422.032, 140
Trd, 8639422.082, 140
Trd, 8639422.582, 140
Trd, 8639422.882, 140
Trd, 8639423.182, 140
Trd, 8639423.782, 139
Trd, 8639424.082, 140
Trd, 8639425.932, 140
Trd, 8639426.932, 140
Trd, 8639427.532, 140
Trd, 8639428.432, 140
Trd, 8639428.782, 140
Trd, 8639429.832, 140
Trd, 8639431.082, 140
Trd, 8639431.432, 140
Trd, 8639431.832, 140
Trd, 8639432.332, 140
Trd, 8639433.032, 140
Trd, 8639434.082, 140
Trd, 8639434.682, 140
Trd, 8639434.982, 140
Trd, 8639435.382, 139
Trd, 8639436.332, 140
Trd, 8639436.482, 140
Trd, 8639437.132, 140
Trd, 8639437.382, 139
Trd, 8639438.732, 62
Trd, 8639439.582, 60
Trd, 8639440.232, 64
Trd, 8639441.282, 60
Trd, 8639441.732, 60
Trd, 8639442.232, 64
Trd, 8639443.532, 60
Trd, 8639443.682, 63
Trd, 8639444.782, 61
Trd, 8639445.032, 64
Trd, 8639445.582, 61
Trd, 8639445.732, 60
Trd, 8639446.482, 140
Trd, 8639446.582, 140
Trd, 8639447.582, 140
Trd, 8639447.882, 140
Trd, 8639448.132, 140
Trd, 8639449.082, 140
Trd, 8639449.482, 140
Trd, 8639449.832, 139
Trd, 8639451.432, 140
Trd, 8639451.732, 140
Trd, 8639453.432, 140
Trd, 8639454.332, 140
Trd, 8639454.732, 140
Trd, 8639454.882, 140
Trd, 8639455.732, 140
Trd, 8639456.032, 140
Trd, 8639456.082, 140
Trd, 8639456.732, 140
Trd, 8639457.082, 65
Trd, 8639457.732, 137
Trd, 8639460.032, 140
Trd, 8639460.082, 139
Trd, 8639461.282, 67
Trd, 8639463.332, 61
Trd, 8639463.782, 60
Trd, 8639464.232, 63
Trd, 8639465.232, 61
Trd, 8639465.432, 61
Trd, 8639465.532, 60
Trd, 8639466.082, 60
Trd, 8639466.782, 61
Trd, 8639467.782, 61
Trd, 8639469.032, 60
Trd, 8639469.482, 62
Trd, 8639472.132, 60
Trd, 8639472.382, 61
Trd, 8639472.832, 61
Trd, 8639473.432, 60
Trd, 8639473.782, 61
Trd, 8639473.882, 61
Trd, 8639474.032, 61
Trd, 8639474.732, 64
Trd, 8639474.882, 63
Trd, 8639475.182, 60
Trd, 8639476.682, 60
Trd, 8639476.882, 62
Trd, 8639476.982, 63
Trd, 8639477.832, 64
Trd, 8639478.282, 62
Trd, 8639479.182, 67
Trd, 8639480.282, 140
Trd, 8639481.332, 140
Trd, 8639481.982, 140
Trd, 8639482.332, 140
Trd, 8639482.382, 140
Trd, 8639483.182, 139
Trd, 8639483.282, 138
Trd, 8639484.082, 140
Trd, 8639486.282, 140
Trd, 8639486.932, 140
Trd, 8639487.332, 140
Trd, 8639488.182, 140
Trd, 8639488.282, 140
Trd, 8639489.582, 140
Trd, 8639490.732, 140
Trd, 8639491.182, 140
Trd, 8639491.282, 140
Trd, 8639491.432, 140
Trd, 8639492.432, 140
Trd, 8639492.832, 140
Trd, 8639493.432, 140
Trd, 8639493.732, 140
Trd, 8639493.782, 140
Trd, 8639495.782, 140
Trd, 8639495.932, 140
Trd, 8639496.332, 140
Trd, 8639497.782, 140
Trd, 8639498.332, 140
Trd, 8639498.882, 140
Trd, 8639500.732, 140
Trd, 8639501.232, 140
Trd, 8639501.332, 140
Trd, 8639501.532, 140
Trd, 8639503.082, 140
Trd, 8639503.132, 140
Trd, 8639503.832, 140
Trd, 8639504.732, 140
Trd, 8639504.982, 139
Trd, 8639505.632, 140
Trd, 8639506.432, 139
Trd, 8639506.482, 139
Trd, 8639507.532, 140
Trd, 8639507.832, 140
Trd, 8639509.732, 140
Trd, 8639509.982, 140
Trd, 8639510.532, 140
Trd, 8639510.832, 140
Trd, 8639511.232, 140
Trd, 8639511.732, 140
Trd, 8639512.432, 140
Trd, 8639512.532, 140
Trd, 8639513.332, 140
Trd, 8639513.682, 140
Trd, 8639515.482, 140
Trd, 8639516.132, 140
Trd, 8639516.932, 140
Trd, 8639517.182, 140
Trd, 8639517.432, 140
Trd, 8639517.732, 140
Trd, 8639520.032, 140
Trd, 8639520.682, 140
Trd, 8639521.182, 138
Trd, 8639521.732, 139
Trd, 8639522.032, 136
Trd, 8639522.282, 134
Trd, 8639522.632, 139
Trd, 8639522.732, 139
Trd, 8639524.282, 140
Trd, 8639524.832, 140
Trd, 8639525.382, 140
Trd, 8639526.832, 140
Trd, 8639527.532, 140
Trd, 8639527.582, 140
Trd, 8639528.482, 140
Trd, 8639528.732, 140
Trd, 8639529.232, 139
Trd, 8639530.132, 140
Trd, 8639530.782, 140
Trd, 8639530.832, 138
Trd, 8639532.332, 140
Trd, 8639532.782, 140
Trd, 8639533.682, 140
Trd, 8639534.182, 140
Trd, 8639534.682, 139
Trd, 8639535.582, 139
Trd, 8639535.982, 140
Trd, 8639537.032, 61
Trd, 8639539.032, 60
Trd, 8639539.732, 62
Trd, 8639540.682, 61
Trd, 8639542.632, 62
Trd, 8639542.682, 63
Trd, 8639543.182, 63
Trd, 8639543.932, 65
Trd, 8639544.832, 75
Trd, 8639545.182, 139
Trd, 8639545.282, 139
Trd, 8639546.032, 75
Trd, 8639546.732, 139
Trd, 8639547.032, 138
Trd, 8639547.482, 139
Trd, 8639548.182, 130
Trd, 8639548.782, 113
Trd, 8639548.982, 140
Trd, 8639550.582, 64
Trd, 8639551.182, 140
Trd, 8639551.882, 140
Trd, 8639552.032, 140
Trd, 8639553.232, 140
Trd, 8639553.382, 140
Trd, 8639553.632, 140
Trd, 8639554.332, 139
Trd, 8639556.082, 140
Trd, 8639556.382, 140
Trd, 8639556.982, 140
Trd, 8639557.182, 140
Trd, 8639558.382, 140
Trd, 8639559.282, 140
Trd, 8639560.432, 140
Trd, 8639560.982, 140
Trd, 8639561.532, 140
Trd, 8639561.682, 140
Trd, 8639562.732, 140
Trd, 8639562.782, 140
Trd, 8639563.632, 140
Trd, 8639563.682, 140
Trd, 8639564.982, 140
Trd, 8639565.782, 140
Trd, 8639566.432, 139
Trd, 8639566.832, 138
Trd, 8639567.282, 140
Trd, 8639567.782, 140
Trd, 8639570.082, 63
Trd, 8639571.832, 60
Trd, 8639571.932, 60
Trd, 8639572.032, 63
Trd, 8639572.532, 61
Trd, 8639572.632, 62
Trd, 8639572.932, 63
Trd, 8639573.082, 70
Trd, 8639573.132, 99
Trd, 8639573.532, 140
Trd, 8639576.132, 60
Trd, 8639577.432, 61
Trd, 8639577.982, 62
Trd, 8639578.432, 60
Trd, 8639578.632, 61
Trd, 8639578.882, 61
Trd, 8639579.082, 62
Trd, 8639579.632, 63
Trd, 8639579.782, 91
Trd, 8639582.282, 60
Trd, 8639583.382, 60
Trd, 8639583.882, 62
Trd, 8639584.982, 61
Trd, 8639585.582, 62
Trd, 8639586.182, 60
Trd, 8639588.132, 60
Trd, 8639589.682, 60
Trd, 8639590.132, 60
Trd, 8639590.632, 60
Trd, 8639590.982, 61
Trd, 8639591.782, 61
Trd, 8639592.332, 61
Trd, 8639592.732, 67
Trd, 8639593.832, 140
Trd, 8639594.032, 140
Trd, 8639594.132, 140
Trd, 8639594.782, 140
Trd, 8639595.482, 140
Trd, 8639596.182, 140
Trd, 8639596.232, 140
Trd, 8639596.732, 140
Trd, 8639597.882, 140
Trd, 8639598.182, 61
Trd, 8639599.132, 60
Trd, 8639599.782, 64
Trd, 8639600.782, 60
Trd, 8639601.732, 60
Trd, 8639601.782, 61
Trd, 8639603.682, 60
Trd, 8639603.882, 61
Trd, 8639604.132, 62
Trd, 8639604.582, 61
Trd, 8639604.832, 63
Trd, 8639604.882, 61
Trd, 8639605.182, 138
Trd, 8639605.532, 61
Trd, 8639605.932, 61
Trd, 8639606.482, 140
Trd, 8639607.332, 61
Trd, 8639607.482, 63
Trd, 8639608.132, 93
Trd, 8639608.732, 140
Trd, 8639609.882, 60
Trd, 8639611.732, 61
Trd, 8639612.532, 60
Trd, 8639613.582, 60
Trd, 8639613.732, 61
Trd, 8639614.332, 61
Trd, 8639616.532, 60
Trd, 8639616.582, 60
Trd, 8639616.882, 65
Trd, 8639617.432, 65
Trd, 8639617.782, 70
Trd, 8639618.282, 61
Trd, 8639619.082, 62
Trd, 8639619.332, 65
Trd, 8639619.682, 61
Trd, 8639619.932, 61
Trd, 8639620.282, 63
Trd, 8639622.582, 60
Trd, 8639623.982, 61
Trd, 8639624.482, 61
Trd, 8639625.082, 62
Trd, 8639625.582, 62
Trd, 8639627.032, 61
Trd, 8639627.432, 62
Trd, 8639629.282, 61
Trd, 8639630.332, 60
Trd, 8639630.982, 60
Trd, 8639631.482, 60
Trd, 8639632.882, 60
Trd, 8639633.132, 60
Trd, 8639633.232, 62
Trd, 8639633.382, 64
Trd, 8639633.982, 60
Trd, 8639635.132, 60
Trd, 8639636.532, 60
Trd, 8639636.582, 62
Trd, 8639637.082, 64
Trd, 8639638.132, 65
Trd, 8639638.732, 64
Trd, 8639639.132, 62
Trd, 8639640.432, 60
Trd, 8639641.482, 60
Trd, 8639643.332, 60
Trd, 8639643.682, 60
Trd, 8639644.732, 60
Trd, 8639645.382, 64
Trd, 8639645.432, 67
Trd, 8639645.632, 60
Trd, 8639647.432, 60
Trd, 8639647.632, 60
Trd, 8639647.782, 62
Trd, 8639648.582, 60
Trd, 8639648.832, 61
Trd, 8639649.082, 62
Trd, 8639649.382, 61
Trd, 8639650.132, 61
Trd, 8639651.132, 61
Trd, 8639651.882, 65
Trd, 8639652.732, 65
Trd, 8639653.432, 60
Trd, 8639653.882, 64
Trd, 8639655.382, 140
Trd, 8639655.482, 140
Trd, 8639656.332, 140
Trd, 8639656.432, 140
Trd, 8639656.532, 139
Trd, 8639657.882, 62
Trd, 8639659.232, 60
Trd, 8639659.882, 61
Trd, 8639661.382, 60
Trd, 8639662.082, 61
Trd, 8639662.332, 63
Trd, 8639662.832, 63
Trd, 8639662.982, 61
Trd, 8639663.432, 62
Trd, 8639663.832, 62
Trd, 8639663.982, 61
Trd, 8639664.282, 63
Trd, 8639665.432, 61
Trd, 8639666.682, 61
Trd, 8639667.182, 69
Trd, 8639667.332, 67
Trd, 8639670.082, 60
Trd, 8639670.382, 60
Trd, 8639670.632, 60
Trd, 8639670.682, 62
Trd, 8639671.482, 63
Trd, 8639672.532, 60
Trd, 8639672.782, 60
Trd, 8639673.132, 62
Trd, 8639674.582, 61
Trd, 8639675.182, 60
Trd, 8639676.632, 60
Trd, 8639676.882, 61
Trd, 8639679.732, 60
Trd, 8639680.032, 60
Trd, 8639680.532, 60
Trd, 8639681.332, 60
Trd, 8639681.782, 69
Trd, 8639682.182, 68
Trd, 8639682.332, 67
Trd, 8639682.832, 61
Trd, 8639683.432, 60
Trd, 8639683.482, 65
Trd, 8639684.332, 60
Trd, 8639685.032, 62
Trd, 8639685.432, 61
Trd, 8639685.882, 67
Trd, 8639687.332, 60
Trd, 8639687.832, 60
Trd, 8639688.332, 60
Trd, 8639688.932, 61
Trd, 8639689.232, 62
Trd, 8639689.582, 62
Trd, 8639690.432, 61
Trd, 8639690.482, 64
Trd, 8639690.682, 61
Trd, 8639691.632, 61
Trd, 8639692.532, 61
Trd, 8639693.282, 75
Trd, 8639693.582, 63
Trd, 8639694.632, 62
Trd, 8639694.732, 87
Trd, 8639695.732, 140
Trd, 8639697.032, 140
Trd, 8639697.482, 140
Trd, 8639698.082, 140
Trd, 8639698.482, 140
Trd, 8639698.832, 139
Trd, 8639699.482, 140
Trd, 8639699.782, 139
Trd, 8639699.932, 138
Trd, 8639700.632, 140
Trd, 8639701.182, 139
Trd, 8639702.882, 66
Trd, 8639703.332, 64
Trd, 8639703.532, 63
Trd, 8639703.582, 67
Trd, 8639704.032, 139
Trd, 8639705.032, 60
Trd, 8639705.132, 77
Trd, 8639706.182, 62
Trd, 8639706.732, 63
Trd, 8639707.082, 64
Trd, 8639707.882, 93
Trd, 8639708.182, 67
Trd, 8639708.382, 68
Trd, 8639710.732, 140
Trd, 8639710.782, 139
Trd, 8639710.882, 138
Trd, 8639710.932, 130
Trd, 8639711.932, 139
Trd, 8639712.482, 61
Trd, 8639713.882, 60
Trd, 8639714.632, 61
Trd, 8639715.632, 60
Trd, 8639716.332, 61
Trd, 8639716.932, 60
Trd, 8639719.232, 60
Trd, 8639719.282, 60
Trd, 8639719.882, 60
Trd, 8639720.432, 60
Trd, 8639720.582, 60
Trd, 8639720.932, 62
Trd, 8639721.982, 60
Trd, 8639722.532, 61
Trd, 8639723.032, 87
Trd, 8639724.132, 60
Trd, 8639725.482, 60
Trd, 8639726.282, 62
Trd, 8639727.432, 63
Trd, 8639728.432, 60
Trd, 8639730.082, 60
Trd, 8639730.332, 60
Trd, 8639731.082, 62
Trd, 8639731.232, 63
Trd, 8639731.582, 65
Trd, 8639731.682, 63
Trd, 8639732.282, 62
Trd, 8639732.332, 63
Trd, 8639733.032, 62
Trd, 8639735.482, 60
Trd, 8639735.732, 67
Trd, 8639735.982, 60
Trd, 8639737.032, 64
Trd, 8639737.782, 140
Trd, 8639738.332, 140
Trd, 8639738.382, 140
Trd, 8639738.782, 140
Trd, 8639739.532, 140
Trd, 8639739.682, 128
Trd, 8639740.882, 62
Trd, 8639743.182, 60
Trd, 8639743.732, 60
Trd, 8639743.782, 60
Trd, 8639744.532, 61
Trd, 8639744.982, 62
Trd, 8639745.632, 60
Trd, 8639745.782, 62
Trd, 8639746.932, 61
Trd, 8639748.232, 61
Trd, 8639748.632, 60
Trd, 8639749.032, 60
Trd, 8639750.132, 60
Trd, 8639750.282, 61
Trd, 8639751.732, 60
Trd, 8639752.132, 61
Trd, 8639752.382, 62
Trd, 8639752.532, 62
Trd, 8639752.582, 63
Trd, 8639752.932, 118
Trd, 8639754.932, 61
Trd, 8639754.982, 62
Trd, 8639755.332, 70
Trd, 8639756.082, 140
Trd, 8639756.732, 140
Trd, 8639756.832, 140
Trd, 8639757.282, 140
Trd, 8639758.082, 140
Trd, 8639758.382, 139
Trd, 8639759.132, 140
Trd, 8639759.382, 140
Trd, 8639760.132, 140
Trd, 8639760.432, 140
Trd, 8639761.682, 140
Trd, 8639763.782, 140
Trd, 8639764.582, 140
Trd, 8639764.782, 140
Trd, 8639764.882, 140
Trd, 8639765.582, 140
Trd, 8639765.782, 140
Trd, 8639765.832, 139
Trd, 8639767.382, 140
Trd, 8639767.782, 140
Trd, 8639769.632, 60
Trd, 8639771.332, 60
Trd, 8639771.432, 60
Trd, 8639772.932, 60
Trd, 8639773.132, 60
Trd, 8639774.082, 61
Trd, 8639775.132, 60
Trd, 8639776.282, 60
Trd, 8639776.332, 60
Trd, 8639777.032, 60
Trd, 8639777.082, 60
Trd, 8639778.432, 62
Trd, 8639778.632, 62
Trd, 8639778.782, 63
Trd, 8639778.832, 63
Trd, 8639778.982, 65
Trd, 8639779.582, 62
Trd, 8639780.732, 65
Trd, 8639780.832, 69
Trd, 8639781.682, 140
Trd, 8639782.182, 140
Trd, 8639783.282, 140
Trd, 8639783.382, 140
Trd, 8639784.682, 140
Trd, 8639784.832, 140
Trd, 8639785.432, 140
Trd, 8639785.882, 140
Trd, 8639786.832, 140
Trd, 8639788.932, 137
Trd, 8639788.982, 130
Trd, 8639789.282, 140
Trd, 8639790.482, 140
Trd, 8639790.532, 140
Trd, 8639791.182, 140
Trd, 8639791.282, 140
Trd, 8639792.532, 140
Trd, 8639792.632, 140
Trd, 8639793.432, 140
Trd, 8639793.932, 140
Trd, 8639794.182, 138
Trd, 8639794.482, 128
Trd, 8639795.582, 140
Trd, 8639796.482, 140
Trd, 8639796.882, 140
Trd, 8639797.182, 139
Trd, 8639798.082, 140
Trd, 8639798.282, 140
Trd, 8639799.982, 140
Trd, 8639800.732, 140
Trd, 8639800.832, 140
Trd, 8639802.332, 140
Trd, 8639803.032, 140
Trd, 8639803.632, 140
Trd, 8639804.632, 140
Trd, 8639804.732, 139
Trd, 8639805.282, 140
Trd, 8639805.382, 139
Trd, 8639806.532, 140
Trd, 8639806.882, 139
Trd, 8639807.082, 128
Trd, 8639807.432, 69
Trd, 8639808.982, 67
Trd, 8639810.532, 60
Trd, 8639810.632, 61
Trd, 8639811.932, 60
Trd, 8639813.382, 60
Trd, 8639814.332, 60
Trd, 8639814.732, 61
Trd, 8639816.582, 60
Trd, 8639817.082, 64
Trd, 8639817.182, 64
Trd, 8639817.982, 62
Trd, 8639818.682, 60
Trd, 8639818.932, 60
Trd, 8639819.182, 62
Trd, 8639819.832, 60
Trd, 8639820.032, 62
Trd, 8639820.832, 62
Trd, 8639821.882, 61
Trd, 8639823.282, 61
Trd, 8639824.882, 61
Trd, 8639825.232, 62
Trd, 8639826.832, 60
Trd, 8639826.882, 64
Trd, 8639827.032, 68
Trd, 8639827.582, 60
Trd, 8639828.232, 61
Trd, 8639828.532, 63
Trd, 8639829.132, 62
Trd, 8639829.232, 61
Trd, 8639829.532, 70
Trd, 8639829.832, 64
Trd, 8639830.332, 65
Trd, 8639831.232, 65
Trd, 8639831.632, 68
Trd, 8639832.132, 65
Trd, 8639835.182, 60
Trd, 8639836.082, 60
Trd, 8639836.382, 60
Trd, 8639837.232, 60
Trd, 8639837.682, 60
Trd, 8639839.632, 60
Trd, 8639840.382, 60
Trd, 8639840.882, 60
Trd, 8639841.282, 60
Trd, 8639841.932, 60
Trd, 8639843.082, 60
Trd, 8639844.332, 60
Trd, 8639845.132, 60
Trd, 8639845.982, 60
Trd, 8639846.232, 66
Trd, 8639847.532, 60
Trd, 8639848.332, 63
Trd, 8639849.682, 60
Trd, 8639850.432, 60
Trd, 8639850.582, 60
Trd, 8639851.032, 61
Trd, 8639851.982, 63
Trd, 8639852.432, 61
Trd, 8639852.932, 63
Trd, 8639853.882, 65
Trd, 8639853.982, 62
Trd, 8639855.082, 61
Trd, 8639855.632, 61
Trd, 8639858.582, 60
Trd, 8639858.782, 60
Trd, 8639859.482, 61
Trd, 8639860.732, 61
Trd, 8639861.432, 60
Trd, 8639861.632, 60
Trd, 8639862.232, 60
Trd, 8639862.632, 64
Trd, 8639862.732, 98
Trd, 8639863.032, 140
Trd, 8639864.482, 140
Trd, 8639864.732, 140
Trd, 8639864.932, 140
Trd, 8639865.882, 140
Trd, 8639866.132, 140
Trd, 8639867.632, 140
Trd, 8639867.832, 140
Trd, 8639868.632, 140
Trd, 8639870.582, 140
Trd, 8639871.282, 140
Trd, 8639871.332, 140
Trd, 8639871.832, 140
Trd, 8639872.332, 140
Trd, 8639873.032, 140
Trd, 8639873.232, 139
Trd, 8639873.632, 139
Trd, 8639874.182, 139
Trd, 8639874.882, 139
Trd, 8639876.532, 140
Trd, 8639877.382, 140
Trd, 8639877.932, 140
Trd, 8639878.882, 140
Trd, 8639879.232, 140
Trd, 8639880.082, 140
Trd, 8639880.482, 140
Trd, 8639880.632, 139
Trd, 8639882.382, 140
Trd, 8639882.732, 140
Trd, 8639883.232, 138
Trd, 8639884.182, 140
Trd, 8639884.532, 140
Trd, 8639884.832, 140
Trd, 8639885.582, 140
Trd, 8639885.932, 118
Trd, 8639886.232, 138
Trd, 8639889.282, 61
Trd, 8639889.532, 61
Trd, 8639889.582, 71
Trd, 8639890.182, 63
Trd, 8639890.432, 62
Trd, 8639890.832, 91
Trd, 8639890.932, 61
Trd, 8639891.182, 63
Trd, 8639892.182, 140
Trd, 8639892.432, 140
Trd, 8639893.832, 140
Trd, 8639893.882, 128
Trd, 8639894.832, 136
Trd, 8639895.082, 140
Trd, 8639895.882, 140
Trd, 8639897.182, 140
Trd, 8639897.432, 140
Trd, 8639897.682, 140
Trd, 8639898.182, 140
Trd, 8639898.732, 137
Trd, 8639899.782, 135
Trd, 8639900.582, 68
Trd, 8639902.032, 66
Trd, 8639902.182, 66
Trd, 8639903.832, 60
Trd, 8639903.882, 62
Trd, 8639904.682, 71
Trd, 8639905.082, 62
Trd, 8639905.482, 62
Trd, 8639905.882, 63
Trd, 8639906.182, 61
Trd, 8639906.532, 61
Trd, 8639907.282, 68
Trd, 8639908.082, 64
Trd, 8639908.782, 69
Trd, 8639911.832, 60
Trd, 8639912.432, 60
Trd, 8639913.432, 60
Trd, 8639914.732, 64
Trd, 8639915.432, 60
Trd, 8639915.482, 65
Trd, 8639916.482, 69
Trd, 8639916.532, 67
Trd, 8639916.982, 69
Trd, 8639917.032, 96
Trd, 8639917.282, 66
Trd, 8639917.482, 63
Trd, 8639918.232, 63
Trd, 8639919.732, 60
Trd, 8639922.532, 60
Trd, 8639923.182, 60
Trd, 8639924.082, 60
Trd, 8639924.182, 60
Trd, 8639924.632, 61
Trd, 8639924.882, 61
Trd, 8639924.982, 61
Trd, 8639925.282, 62
Trd, 8639926.182, 63
Trd, 8639927.182, 67
Trd, 8639927.532, 68
Trd, 8639928.032, 63
Trd, 8639929.182, 66
Trd, 8639929.532, 63
Trd, 8639929.682, 69
Trd, 8639930.982, 120
Trd, 8639931.182, 66
Trd, 8639931.432, 139
Trd, 8639931.682, 64
Trd, 8639932.682, 64
Trd, 8639932.932, 64
Trd, 8639932.982, 62
Trd, 8639933.482, 139
Trd, 8639934.832, 139
Trd, 8639937.082, 140
Trd, 8639937.732, 140
Trd, 8639938.382, 140
Trd, 8639939.032, 140
Trd, 8639939.532, 140
Trd, 8639939.932, 140
Trd, 8639940.182, 140
Trd, 8639940.432, 140
Trd, 8639940.682, 140
Trd, 8639941.832, 140
Trd, 8639942.582, 140
Trd, 8639943.882, 140
Trd, 8639944.582, 140
Trd, 8639944.682, 140
Trd, 8639945.132, 140
Trd, 8639945.832, 140
Trd, 8639946.332, 139
Trd, 8639946.832, 140
Trd, 8639947.432, 140
Trd, 8639947.732, 140
Trd, 8639949.232, 139
Trd, 8639949.382, 140
Trd, 8639950.532, 140
Trd, 8639950.582, 140
Trd, 8639950.732, 139
Trd, 8639951.432, 140
Trd, 8639952.282, 140
Trd, 8639953.182, 136
Trd, 8639953.282, 135
Trd, 8639953.582, 133
Trd, 8639956.632, 140
Trd, 8639956.782, 139
Trd, 8639957.332, 140
Trd, 8639958.332, 140
Trd, 8639958.632, 140
Trd, 8639959.182, 140
Trd, 8639959.782, 140
Trd, 8639960.432, 140
Trd, 8639961.532, 140
Trd, 8639962.682, 140
Trd, 8639962.732, 140
Trd, 8639963.432, 140
Trd, 8639964.082, 138
Trd, 8639964.932, 131
Trd, 8639965.532, 140
Trd, 8639965.732, 130
Trd, 8639966.682, 140
Trd, 8639966.732, 140
Trd, 8639967.382, 61
Trd, 8639967.982, 113
Trd, 8639968.132, 63
Trd, 8639970.532, 60
Trd, 8639971.082, 65
Trd, 8639972.982, 60
Trd, 8639973.232, 61
Trd, 8639973.382, 60
Trd, 8639973.832, 60
Trd, 8639974.132, 61
Trd, 8639974.232, 64
Trd, 8639974.432, 60
Trd, 8639976.432, 140
Trd, 8639976.682, 140
Trd, 8639978.232, 140
Trd, 8639978.332, 140
Trd, 8639979.382, 140
Trd, 8639979.482, 140
Trd, 8639979.632, 139
Trd, 8639980.682, 140
Trd, 8639980.982, 138
Trd, 8639982.282, 131
Trd, 8639983.082, 60
Trd, 8639984.482, 60
Trd, 8639985.332, 60
Trd, 8639986.182, 60
Trd, 8639986.332, 61
Trd, 8639986.682, 61
Trd, 8639987.432, 60
Trd, 8639989.132, 60
Trd, 8639989.532, 60
Trd, 8639990.182, 60
Trd, 8639990.232, 60
Trd, 8639991.082, 64
Trd, 8639991.432, 60
Trd, 8639993.782, 60
Trd, 8639994.182, 60
Trd, 8639994.482, 60
Trd, 8639994.932, 60
Trd, 8639994.982, 60
Trd, 8639995.582, 60
Trd, 8639995.732, 61
Trd, 8639997.282, 61
Trd, 8639998.282, 63
Trd, 8639999.682, 61
