Trd, 8638038.232, 140
Trd, 8638039.082, 140
Trd, 8638039.982, 140
Trd, 8638041.532, 140
Trd, 8638041.882, 140
Trd, 8638042.532, 138
Trd, 8638043.732, 140
Trd, 8638043.832, 140
Trd, 8638044.032, 140
Trd, 8638044.332, 113
Trd, 8638044.982, 137
Trd, 8638045.882, 70
Trd, 8638046.332, 95
Trd, 8638046.482, 140
Trd, 8638046.932, 78
Trd, 8638047.082, 96
Trd, 8638048.182, 64
Trd, 8638049.532, 140
Trd, 8638050.982, 140
Trd, 8638051.082, 139
Trd, 8638053.082, 140
Trd, 8638054.282, 140
Trd, 8638054.332, 140
Trd, 8638056.182, 140
Trd, 8638056.382, 139
Trd, 8638056.932, 140
Trd, 8638057.332, 137
Trd, 8638058.882, 139
Trd, 8638059.382, 126
Trd, 8638059.982, 140
Trd, 8638060.482, 63
Trd, 8638063.182, 140
Trd, 8638064.532, 138
Trd, 8638066.482, 140
Trd, 8638066.832, 140
Trd, 8638066.982, 140
Trd, 8638067.232, 140
Trd, 8638068.132, 140
Trd, 8638068.882, 140
Trd, 8638069.182, 140
Trd, 8638069.832, 140
Trd, 8638070.832, 139
Trd, 8638071.382, 139
Trd, 8638072.232, 140
Trd, 8638074.082, 140
Trd, 8638074.782, 140
Trd, 8638075.382, 137
Trd, 8638076.482, 139
Trd, 8638076.632, 139
Trd, 8638077.932, 139
Trd, 8638077.982, 139
Trd, 8638078.932, 140
Trd, 8638079.932, 140
Trd, 8638080.782, 140
Trd, 8638081.932, 140
Trd, 8638082.532, 139
Trd, 8638085.382, 140
Trd, 8638085.582, 140
Trd, 8638086.482, 139
Trd, 8638087.082, 140
Trd, 8638088.432, 140
Trd, 8638088.482, 140
Trd, 8638089.632, 140
Trd, 8638090.532, 140
Trd, 8638091.482, 140
Trd, 8638092.182, 140
Trd, 8638093.732, 140
Trd, 8638094.732, 140
Trd, 8638097.382, 140
Trd, 8638098.132, 140
Trd, 8638098.382, 140
Trd, 8638098.732, 140
Trd, 8638098.782, 139
Trd, 8638099.032, 140
Trd, 8638100.732, 140
Trd, 8638100.982, 139
Trd, 8638101.982, 140
Trd, 8638103.582, 140
Trd, 8638104.432, 140
Trd, 8638104.982, 139
Trd, 8638105.582, 140
Trd, 8638106.382, 139
Trd, 8638106.932, 140
Trd, 8638107.482, 139
Trd, 8638107.882, 140
Trd, 8638109.732, 140
Trd, 8638112.482, 140
Trd, 8638113.132, 140
Trd, 8638113.182, 140
Trd, 8638114.432, 140
Trd, 8638114.732, 140
Trd, 8638114.882, 138
Trd, 8638115.582, 140
Trd, 8638115.782, 139
Trd, 8638118.082, 140
Trd, 8638119.232, 140
Trd, 8638120.832, 140
Trd, 8638121.682, 139
Trd, 8638122.582, 140
Trd, 8638123.082, 140
Trd, 8638123.482, 140
Trd, 8638123.882, 140
Trd, 8638125.982, 140
Trd, 8638126.732, 140
Trd, 8638127.282, 140
Trd, 8638129.132, 140
Trd, 8638129.382, 140
Trd, 8638129.532, 140
Trd, 8638130.232, 140
Trd, 8638130.882, 140
Trd, 8638133.082, 139
Trd, 8638134.582, 140
Trd, 8638135.982, 140
Trd, 8638136.482, 139
Trd, 8638136.732, 140
Trd, 8638136.782, 139
Trd, 8638137.682, 139
Trd, 8638139.982, 140
Trd, 8638140.282, 140
Trd, 8638140.882, 139
Trd, 8638142.732, 140
Trd, 8638143.282, 140
Trd, 8638143.432, 137
Trd, 8638144.632, 139
Trd, 8638146.482, 140
Trd, 8638147.182, 140
Trd, 8638147.482, 139
Trd, 8638148.432, 138
Trd, 8638148.732, 138
Trd, 8638149.532, 140
Trd, 8638150.882, 140
Trd, 8638151.382, 140
Trd, 8638152.032, 140
Trd, 8638152.532, 140
Trd, 8638152.832, 140
Trd, 8638156.282, 140
Trd, 8638157.232, 140
Trd, 8638157.682, 140
Trd, 8638158.082, 140
Trd, 8638158.182, 139
Trd, 8638159.032, 139
Trd, 8638159.832, 139
Trd, 8638160.832, 140
Trd, 8638162.982, 140
Trd, 8638163.232, 140
Trd, 8638164.482, 140
Trd, 8638164.732, 140
Trd, 8638165.082, 140
Trd, 8638165.182, 140
Trd, 8638168.832, 140
Trd, 8638169.682, 140
Trd, 8638170.682, 140
Trd, 8638170.932, 139
Trd, 8638171.632, 139
Trd, 8638172.732, 140
Trd, 8638172.932, 140
Trd, 8638173.682, 126
Trd, 8638173.732, 128
Trd, 8638174.532, 80
Trd, 8638175.032, 64
Trd, 8638177.532, 138
Trd, 8638178.132, 140
Trd, 8638178.382, 140
Trd, 8638178.582, 139
Trd, 8638180.932, 140
Trd, 8638181.782, 140
Trd, 8638182.032, 139
Trd, 8638182.582, 140
Trd, 8638182.932, 140
Trd, 8638185.332, 140
Trd, 8638186.382, 137
Trd, 8638186.582, 120
Trd, 8638187.732, 140
Trd, 8638187.882, 136
Trd, 8638187.982, 131
Trd, 8638188.532, 139
Trd, 8638189.832, 140
Trd, 8638190.532, 140
Trd, 8638190.932, 140
Trd, 8638191.732, 140
Trd, 8638193.232, 140
Trd, 8638193.732, 139
Trd, 8638194.032, 139
Trd, 8638194.832, 65
Trd, 8638195.382, 128
Trd, 8638196.632, 140
Trd, 8638198.582, 140
Trd, 8638199.182, 140
Trd, 8638199.682, 140
Trd, 8638200.332, 139
Trd, 8638200.632, 138
Trd, 8638201.282, 140
Trd, 8638204.982, 140
Trd, 8638205.382, 140
Trd, 8638206.132, 140
Trd, 8638206.282, 140
Trd, 8638208.432, 140
Trd, 8638208.532, 140
Trd, 8638208.832, 140
Trd, 8638211.032, 140
Trd, 8638211.982, 140
Trd, 8638212.532, 140
Trd, 8638213.432, 140
Trd, 8638213.582, 140
Trd, 8638214.882, 140
Trd, 8638215.132, 139
Trd, 8638216.582, 140
Trd, 8638216.732, 140
Trd, 8638216.882, 140
Trd, 8638217.532, 140
Trd, 8638218.332, 139
Trd, 8638219.432, 140
Trd, 8638220.982, 140
Trd, 8638221.582, 140
Trd, 8638222.182, 140
Trd, 8638225.682, 140
Trd, 8638226.732, 140
Trd, 8638227.532, 140
Trd, 8638228.382, 139
Trd, 8638228.582, 140
Trd, 8638228.782, 139
Trd, 8638228.832, 138
Trd, 8638229.632, 140
Trd, 8638230.932, 123
Trd, 8638232.282, 140
Trd, 8638232.582, 140
Trd, 8638233.082, 140
Trd, 8638235.232, 140
Trd, 8638236.382, 140
Trd, 8638237.232, 140
Trd, 8638237.382, 139
Trd, 8638238.282, 139
Trd, 8638238.332, 139
Trd, 8638240.832, 140
Trd, 8638241.782, 140
Trd, 8638242.182, 140
Trd, 8638242.332, 140
Trd, 8638243.132, 140
Trd, 8638244.182, 140
Trd, 8638244.732, 140
Trd, 8638244.832, 140
Trd, 8638247.132, 140
Trd, 8638247.982, 140
Trd, 8638248.282, 140
Trd, 8638249.982, 139
Trd, 8638250.732, 140
Trd, 8638250.932, 140
Trd, 8638251.432, 139
Trd, 8638253.482, 140
Trd, 8638253.832, 140
Trd, 8638253.982, 140
Trd, 8638254.132, 140
Trd, 8638256.532, 140
Trd, 8638256.632, 139
Trd, 8638257.332, 140
Trd, 8638257.932, 139
Trd, 8638258.232, 138
Trd, 8638260.732, 140
Trd, 8638261.882, 140
Trd, 8638262.332, 140
Trd, 8638262.882, 140
Trd, 8638264.182, 140
Trd, 8638264.282, 140
Trd, 8638264.832, 139
Trd, 8638265.582, 140
Trd, 8638268.082, 140
Trd, 8638268.232, 140
Trd, 8638269.832, 140
Trd, 8638270.432, 140
Trd, 8638270.782, 139
Trd, 8638271.532, 140
Trd, 8638271.582, 139
Trd, 8638272.432, 140
Trd, 8638273.082, 140
Trd, 8638274.132, 139
Trd, 8638275.332, 140
Trd, 8638275.982, 139
Trd, 8638277.582, 140
Trd, 8638277.832, 140
Trd, 8638278.532, 140
Trd, 8638280.632, 140
Trd, 8638281.382, 140
Trd, 8638282.382, 140
Trd, 8638282.882, 140
Trd, 8638283.482, 140
Trd, 8638285.532, 139
Trd, 8638286.532, 136
Trd, 8638287.732, 140
Trd, 8638287.782, 139
Trd, 8638287.832, 77
Trd, 8638289.432, 140
Trd, 8638290.332, 139
Trd, 8638290.782, 139
Trd, 8638292.332, 140
Trd, 8638294.632, 140
Trd, 8638295.182, 140
Trd, 8638295.832, 140
Trd, 8638297.182, 139
Trd, 8638298.132, 140
Trd, 8638299.132, 140
Trd, 8638299.982, 140
Trd, 8638300.332, 140
Trd, 8638300.682, 140
Trd, 8638302.082, 140
Trd, 8638302.832, 140
Trd, 8638303.232, 140
Trd, 8638304.132, 140
Trd, 8638304.832, 140
Trd, 8638306.582, 140
Trd, 8638308.082, 140
Trd, 8638308.382, 140
Trd, 8638308.982, 140
Trd, 8638309.332, 140
Trd, 8638310.682, 140
Trd, 8638311.682, 140
Trd, 8638311.732, 140
Trd, 8638313.782, 139
Trd, 8638314.732, 140
Trd, 8638315.232, 140
Trd, 8638316.282, 140
Trd, 8638317.132, 140
Trd, 8638317.332, 139
Trd, 8638318.232, 140
Trd, 8638318.432, 138
Trd, 8638318.682, 138
Trd, 8638319.982, 137
Trd, 8638320.932, 140
Trd, 8638321.682, 140
Trd, 8638322.332, 140
Trd, 8638323.482, 140
Trd, 8638325.182, 140
Trd, 8638326.482, 140
Trd, 8638328.182, 140
Trd, 8638328.232, 139
Trd, 8638328.682, 140
Trd, 8638329.382, 140
Trd, 8638329.982, 137
Trd, 8638330.982, 140
Trd, 8638333.032, 140
Trd, 8638333.882, 140
Trd, 8638334.432, 140
Trd, 8638334.982, 139
Trd, 8638335.432, 138
Trd, 8638335.932, 140
Trd, 8638336.482, 139
Trd, 8638337.682, 140
Trd, 8638337.782, 139
Trd, 8638340.082, 140
Trd, 8638340.932, 139
Trd, 8638341.782, 140
Trd, 8638342.932, 139
Trd, 8638344.182, 140
Trd, 8638345.832, 140
Trd, 8638347.282, 140
Trd, 8638348.432, 140
Trd, 8638348.532, 140
Trd, 8638348.632, 139
Trd, 8638351.682, 140
Trd, 8638351.782, 140
Trd, 8638351.982, 140
Trd, 8638352.282, 137
Trd, 8638353.582, 140
Trd, 8638353.882, 140
Trd, 8638354.582, 140
Trd, 8638356.882, 140
Trd, 8638357.432, 139
Trd, 8638357.482, 138
Trd, 8638359.182, 140
Trd, 8638361.732, 140
Trd, 8638363.232, 140
Trd, 8638363.282, 140
Trd, 8638363.432, 140
Trd, 8638363.632, 139
Trd, 8638364.082, 137
Trd, 8638365.432, 140
Trd, 8638365.732, 140
Trd, 8638365.882, 138
Trd, 8638368.032, 139
Trd, 8638369.432, 140
Trd, 8638369.832, 138
Trd, 8638372.732, 140
Trd, 8638372.782, 140
Trd, 8638373.382, 140
Trd, 8638373.682, 140
Trd, 8638374.832, 140
Trd, 8638374.882, 140
Trd, 8638375.882, 139
Trd, 8638376.032, 137
Trd, 8638376.232, 137
Trd, 8638379.082, 140
Trd, 8638380.232, 140
Trd, 8638380.732, 140
Trd, 8638381.182, 140
Trd, 8638383.082, 140
Trd, 8638384.032, 140
Trd, 8638385.282, 140
Trd, 8638385.732, 140
Trd, 8638386.082, 140
Trd, 8638386.232, 139
Trd, 8638386.282, 138
Trd, 8638389.282, 140
Trd, 8638389.482, 140
Trd, 8638391.332, 140
Trd, 8638392.182, 140
Trd, 8638392.632, 140
Trd, 8638393.482, 140
Trd, 8638393.982, 140
Trd, 8638394.032, 139
Trd, 8638394.432, 140
Trd, 8638394.732, 138
Trd, 8638396.332, 140
Trd, 8638396.732, 140
Trd, 8638399.732, 140
Trd, 8638399.932, 140
Trd, 8638400.482, 138
Trd, 8638400.982, 140
Trd, 8638403.432, 140
Trd, 8638404.582, 140
Trd, 8638405.182, 140
Trd, 8638405.432, 140
Trd, 8638405.882, 139
Trd, 8638407.282, 140
Trd, 8638407.632, 140
Trd, 8638408.182, 140
Trd, 8638409.982, 140
Trd, 8638412.282, 140
Trd, 8638412.732, 140
Trd, 8638413.482, 140
Trd, 8638414.132, 139
Trd, 8638414.732, 138
Trd, 8638416.132, 140
Trd, 8638417.132, 140
Trd, 8638417.932, 139
Trd, 8638419.082, 139
Trd, 8638421.232, 140
Trd, 8638423.332, 140
Trd, 8638424.732, 140
Trd, 8638424.932, 140
Trd, 8638425.682, 140
Trd, 8638425.982, 140
Trd, 8638426.932, 140
Trd, 8638427.632, 140
Trd, 8638428.482, 140
Trd, 8638432.182, 140
Trd, 8638432.682, 140
Trd, 8638432.782, 140
Trd, 8638434.682, 140
Trd, 8638434.782, 138
Trd, 8638434.882, 138
Trd, 8638437.632, 140
Trd, 8638437.882, 140
Trd, 8638438.682, 140
Trd, 8638439.332, 140
Trd, 8638440.282, 140
Trd, 8638440.432, 140
Trd, 8638440.582, 140
Trd, 8638440.882, 140
Trd, 8638441.332, 139
Trd, 8638443.182, 140
Trd, 8638443.882, 140
Trd, 8638444.282, 140
Trd, 8638445.232, 140
Trd, 8638448.032, 139
Trd, 8638449.582, 140
Trd, 8638450.382, 140
Trd, 8638450.782, 140
Trd, 8638451.882, 140
Trd, 8638452.432, 140
Trd, 8638453.432, 140
Trd, 8638453.782, 140
Trd, 8638455.082, 140
Trd, 8638455.232, 140
Trd, 8638456.082, 140
Trd, 8638458.082, 140
Trd, 8638458.232, 140
Trd, 8638458.732, 140
Trd, 8638459.632, 140
Trd, 8638460.082, 140
Trd, 8638460.732, 138
Trd, 8638460.932, 139
Trd, 8638461.232, 138
Trd, 8638463.082, 140
Trd, 8638464.082, 139
Trd, 8638466.082, 140
Trd, 8638466.632, 139
Trd, 8638466.782, 139
Trd, 8638468.932, 140
Trd, 8638470.682, 140
Trd, 8638471.082, 140
Trd, 8638471.332, 140
Trd, 8638472.032, 140
Trd, 8638473.532, 140
Trd, 8638473.782, 140
Trd, 8638474.382, 139
Trd, 8638474.432, 139
Trd, 8638475.482, 140
Trd, 8638477.082, 140
Trd, 8638478.032, 140
Trd, 8638478.382, 138
Trd, 8638478.582, 140
Trd, 8638480.482, 140
Trd, 8638481.382, 138
Trd, 8638483.732, 140
Trd, 8638484.182, 140
Trd, 8638486.482, 140
Trd, 8638486.582, 140
Trd, 8638486.982, 140
Trd, 8638487.482, 140
Trd, 8638489.232, 140
Trd, 8638490.332, 140
Trd, 8638490.432, 139
Trd, 8638491.732, 140
Trd, 8638491.932, 140
Trd, 8638493.232, 140
Trd, 8638493.432, 139
Trd, 8638493.582, 139
Trd, 8638495.482, 140
Trd, 8638495.832, 140
Trd, 8638496.782, 140
Trd, 8638497.032, 139
Trd, 8638497.532, 140
Trd, 8638497.732, 140
Trd, 8638498.632, 140
Trd, 8638499.732, 140
Trd, 8638501.432, 140
Trd, 8638502.282, 140
Trd, 8638502.932, 140
Trd, 8638505.582, 140
Trd, 8638505.832, 140
Trd, 8638507.082, 140
Trd, 8638507.732, 139
Trd, 8638507.832, 139
Trd, 8638508.732, 139
Trd, 8638509.582, 140
Trd, 8638509.932, 139
Trd, 8638511.482, 140
Trd, 8638513.482, 140
Trd, 8638513.682, 140
Trd, 8638515.082, 139
Trd, 8638515.432, 140
Trd, 8638515.532, 140
Trd, 8638515.632, 134
Trd, 8638516.032, 140
Trd, 8638518.232, 140
Trd, 8638518.532, 139
Trd, 8638519.332, 140
Trd, 8638519.632, 139
Trd, 8638520.432, 140
Trd, 8638522.632, 140
Trd, 8638523.632, 140
Trd, 8638523.982, 140
Trd, 8638525.682, 139
Trd, 8638526.382, 140
Trd, 8638526.682, 140
Trd, 8638526.832, 140
Trd, 8638527.032, 136
Trd, 8638527.082, 118
Trd, 8638530.382, 140
Trd, 8638530.832, 140
Trd, 8638531.382, 140
Trd, 8638531.832, 140
Trd, 8638532.532, 139
Trd, 8638533.232, 140
Trd, 8638533.332, 138
Trd, 8638535.682, 139
Trd, 8638536.632, 139
Trd, 8638537.482, 140
Trd, 8638540.432, 140
Trd, 8638540.632, 140
Trd, 8638541.232, 140
Trd, 8638541.582, 140
Trd, 8638542.232, 139
Trd, 8638542.782, 139
Trd, 8638543.082, 138
Trd, 8638543.232, 85
Trd, 8638543.932, 139
Trd, 8638544.432, 140
Trd, 8638544.832, 140
Trd, 8638546.682, 107
Trd, 8638547.882, 140
Trd, 8638549.132, 140
Trd, 8638549.432, 140
Trd, 8638551.032, 140
Trd, 8638551.332, 140
Trd, 8638551.582, 140
Trd, 8638552.382, 140
Trd, 8638553.882, 139
Trd, 8638553.932, 136
Trd, 8638554.632, 137
Trd, 8638555.232, 140
Trd, 8638558.282, 140
Trd, 8638558.732, 139
Trd, 8638558.982, 139
Trd, 8638560.932, 140
Trd, 8638563.182, 140
Trd, 8638563.882, 140
Trd, 8638566.932, 140
Trd, 8638567.382, 140
Trd, 8638568.082, 140
Trd, 8638568.182, 140
Trd, 8638568.382, 139
Trd, 8638570.482, 140
Trd, 8638570.732, 139
Trd, 8638572.182, 140
Trd, 8638573.432, 140
Trd, 8638573.832, 140
Trd, 8638576.832, 140
Trd, 8638577.932, 140
Trd, 8638578.682, 140
Trd, 8638579.182, 140
Trd, 8638579.632, 140
Trd, 8638580.282, 140
Trd, 8638580.932, 140
Trd, 8638581.132, 140
Trd, 8638582.182, 140
Trd, 8638583.332, 140
Trd, 8638583.582, 140
Trd, 8638584.082, 140
Trd, 8638584.182, 140
Trd, 8638584.432, 140
Trd, 8638584.532, 138
Trd, 8638587.232, 140
Trd, 8638587.932, 138
Trd, 8638587.982, 138
Trd, 8638588.282, 140
Trd, 8638588.482, 138
Trd, 8638588.732, 140
Trd, 8638592.282, 140
Trd, 8638592.382, 140
Trd, 8638593.432, 140
Trd, 8638593.632, 139
Trd, 8638594.782, 140
Trd, 8638594.882, 139
Trd, 8638595.532, 140
Trd, 8638596.282, 140
Trd, 8638597.382, 140
Trd, 8638597.482, 140
Trd, 8638598.182, 140
Trd, 8638600.882, 140
Trd, 8638602.132, 140
Trd, 8638602.582, 140
Trd, 8638602.682, 140
Trd, 8638603.182, 139
Trd, 8638605.032, 140
Trd, 8638605.682, 139
Trd, 8638605.982, 139
Trd, 8638606.432, 140
Trd, 8638607.682, 140
Trd, 8638608.032, 140
Trd, 8638609.132, 139
Trd, 8638609.582, 139
Trd, 8638611.932, 140
Trd, 8638613.532, 140
Trd, 8638615.682, 140
Trd, 8638615.832, 140
Trd, 8638616.932, 140
Trd, 8638617.282, 140
Trd, 8638617.882, 140
Trd, 8638618.282, 140
Trd, 8638618.332, 140
Trd, 8638618.832, 139
Trd, 8638619.532, 138
Trd, 8638620.032, 140
Trd, 8638621.382, 139
Trd, 8638623.032, 140
Trd, 8638623.282, 139
Trd, 8638623.832, 138
Trd, 8638624.132, 137
Trd, 8638625.332, 139
Trd, 8638626.832, 140
Trd, 8638627.132, 140
Trd, 8638627.782, 140
Trd, 8638630.332, 140
Trd, 8638630.632, 139
Trd, 8638631.482, 140
Trd, 8638633.732, 140
Trd, 8638634.282, 140
Trd, 8638634.332, 140
Trd, 8638635.632, 140
Trd, 8638635.932, 139
Trd, 8638636.732, 138
Trd, 8638637.332, 68
Trd, 8638638.382, 140
Trd, 8638639.232, 140
Trd, 8638639.732, 139
Trd, 8638640.332, 140
Trd, 8638641.582, 140
Trd, 8638642.282, 140
Trd, 8638644.432, 140
Trd, 8638646.282, 140
Trd, 8638647.382, 140
Trd, 8638647.832, 139
Trd, 8638648.482, 139
Trd, 8638648.582, 139
Trd, 8638650.582, 140
Trd, 8638653.432, 140
Trd, 8638653.782, 140
Trd, 8638654.282, 139
Trd, 8638654.632, 140
Trd, 8638655.882, 140
Trd, 8638657.782, 140
Trd, 8638657.882, 140
Trd, 8638658.782, 140
Trd, 8638659.232, 140
Trd, 8638659.432, 140
Trd, 8638659.882, 139
Trd, 8638660.382, 140
Trd, 8638662.332, 140
Trd, 8638662.482, 139
Trd, 8638663.632, 140
Trd, 8638664.132, 139
Trd, 8638664.682, 137
Trd, 8638665.782, 140
Trd, 8638666.232, 140
Trd, 8638666.282, 139
Trd, 8638669.782, 140
Trd, 8638670.182, 140
Trd, 8638671.582, 140
Trd, 8638672.182, 139
Trd, 8638673.232, 140
Trd, 8638675.282, 140
Trd, 8638676.982, 140
Trd, 8638677.182, 140
Trd, 8638677.582, 140
Trd, 8638679.082, 140
Trd, 8638679.282, 140
Trd, 8638679.482, 140
Trd, 8638679.832, 140
Trd, 8638681.182, 140
Trd, 8638681.732, 140
Trd, 8638682.032, 140
Trd, 8638682.482, 140
Trd, 8638683.282, 140
Trd, 8638684.532, 140
Trd, 8638686.432, 140
Trd, 8638687.482, 140
Trd, 8638687.882, 140
Trd, 8638687.982, 139
Trd, 8638688.232, 139
Trd, 8638689.032, 140
Trd, 8638689.282, 140
Trd, 8638691.132, 139
Trd, 8638691.482, 140
Trd, 8638692.032, 139
Trd, 8638692.282, 139
Trd, 8638694.682, 140
Trd, 8638696.332, 140
Trd, 8638697.482, 140
Trd, 8638697.932, 140
Trd, 8638698.432, 140
Trd, 8638698.632, 140
Trd, 8638699.982, 140
Trd, 8638701.132, 140
Trd, 8638701.382, 140
Trd, 8638701.832, 139
Trd, 8638703.182, 139
Trd, 8638703.232, 138
Trd, 8638704.582, 139
Trd, 8638705.682, 140
Trd, 8638706.432, 140
Trd, 8638708.632, 140
Trd, 8638708.782, 140
Trd, 8638709.632, 140
Trd, 8638709.932, 134
Trd, 8638711.582, 140
Trd, 8638712.432, 140
Trd, 8638713.632, 140
Trd, 8638715.082, 140
Trd, 8638715.732, 140
Trd, 8638716.182, 140
Trd, 8638716.432, 140
Trd, 8638718.582, 140
Trd, 8638719.232, 140
Trd, 8638720.532, 140
Trd, 8638721.132, 140
Trd, 8638721.532, 139
Trd, 8638722.032, 140
Trd, 8638724.232, 140
Trd, 8638724.682, 140
Trd, 8638725.232, 140
Trd, 8638725.582, 82
Trd, 8638726.782, 140
Trd, 8638727.232, 140
Trd, 8638729.032, 140
Trd, 8638729.482, 140
Trd, 8638730.082, 140
Trd, 8638730.332, 140
Trd, 8638732.332, 140
Trd, 8638732.832, 137
Trd, 8638734.232, 140
Trd, 8638734.832, 140
Trd, 8638736.632, 140
Trd, 8638738.482, 140
Trd, 8638738.882, 140
Trd, 8638739.582, 140
Trd, 8638740.282, 140
Trd, 8638740.782, 140
Trd, 8638742.832, 140
Trd, 8638743.182, 140
Trd, 8638745.632, 140
Trd, 8638747.232, 140
Trd, 8638747.982, 140
Trd, 8638748.382, 140
Trd, 8638749.482, 140
Trd, 8638750.382, 140
Trd, 8638750.432, 139
Trd, 8638750.582, 138
Trd, 8638751.132, 140
Trd, 8638751.282, 136
Trd, 8638751.432, 129
Trd, 8638752.882, 140
Trd, 8638753.482, 140
Trd, 8638753.782, 140
Trd, 8638754.082, 140
Trd, 8638754.732, 138
Trd, 8638755.382, 140
Trd, 8638756.182, 140
Trd, 8638758.232, 140
Trd, 8638758.282, 139
Trd, 8638759.932, 140
Trd, 8638762.832, 140
Trd, 8638763.282, 140
Trd, 8638764.182, 140
Trd, 8638764.232, 140
Trd, 8638764.482, 140
Trd, 8638765.482, 139
Trd, 8638765.532, 138
Trd, 8638765.782, 139
Trd, 8638767.632, 140
Trd, 8638767.732, 140
Trd, 8638768.782, 140
Trd, 8638770.682, 140
Trd, 8638770.932, 140
Trd, 8638771.732, 139
Trd, 8638772.882, 138
Trd, 8638775.082, 140
Trd, 8638775.232, 138
Trd, 8638776.232, 140
Trd, 8638776.532, 138
Trd, 8638777.332, 140
Trd, 8638777.882, 137
Trd, 8638778.282, 140
Trd, 8638780.582, 140
Trd, 8638781.432, 140
Trd, 8638781.882, 140
Trd, 8638782.382, 140
Trd, 8638784.282, 140
Trd, 8638785.132, 140
Trd, 8638786.132, 140
Trd, 8638787.532, 138
Trd, 8638788.532, 140
Trd, 8638788.782, 140
Trd, 8638789.982, 140
Trd, 8638791.132, 140
Trd, 8638793.632, 140
Trd, 8638793.682, 140
Trd, 8638793.882, 140
Trd, 8638795.232, 140
Trd, 8638795.932, 140
Trd, 8638796.132, 140
Trd, 8638796.732, 140
Trd, 8638796.882, 139
Trd, 8638799.282, 140
Trd, 8638799.882, 140
Trd, 8638802.182, 140
Trd, 8638802.382, 140
Trd, 8638802.882, 140
Trd, 8638805.832, 140
Trd, 8638805.882, 140
Trd, 8638806.832, 140
Trd, 8638808.832, 140
Trd, 8638809.132, 140
Trd, 8638810.482, 140
Trd, 8638810.682, 139
Trd, 8638810.832, 140
Trd, 8638811.182, 138
Trd, 8638812.032, 140
Trd, 8638812.932, 139
Trd, 8638813.432, 139
Trd, 8638815.082, 140
Trd, 8638816.882, 140
Trd, 8638817.282, 140
Trd, 8638819.332, 140
Trd, 8638819.532, 140
Trd, 8638819.932, 139
Trd, 8638820.682, 140
Trd, 8638822.882, 140
Trd, 8638826.732, 140
Trd, 8638826.982, 140
Trd, 8638828.332, 140
Trd, 8638828.482, 140
Trd, 8638828.732, 139
Trd, 8638829.432, 138
Trd, 8638830.332, 140
Trd, 8638831.632, 139
Trd, 8638832.582, 140
Trd, 8638833.282, 140
Trd, 8638834.982, 140
Trd, 8638836.132, 140
Trd, 8638837.832, 140
Trd, 8638837.882, 140
Trd, 8638838.282, 140
Trd, 8638838.682, 140
Trd, 8638840.582, 140
Trd, 8638841.232, 140
Trd, 8638841.332, 140
Trd, 8638843.132, 140
Trd, 8638845.082, 140
Trd, 8638847.532, 140
Trd, 8638847.682, 140
Trd, 8638848.132, 140
Trd, 8638849.282, 140
Trd, 8638849.332, 140
Trd, 8638850.032, 140
Trd, 8638850.832, 140
Trd, 8638851.632, 140
Trd, 8638853.282, 140
Trd, 8638853.732, 140
Trd, 8638855.232, 140
Trd, 8638855.332, 140
Trd, 8638855.582, 140
Trd, 8638856.332, 140
Trd, 8638857.382, 140
Trd, 8638860.082, 140
Trd, 8638861.432, 140
Trd, 8638862.332, 140
Trd, 8638863.082, 140
Trd, 8638863.732, 139
Trd, 8638864.532, 140
Trd, 8638866.382, 140
Trd, 8638866.782, 140
Trd, 8638869.082, 140
Trd, 8638869.432, 140
Trd, 8638870.882, 140
Trd, 8638870.932, 140
Trd, 8638872.882, 140
Trd, 8638873.082, 140
Trd, 8638873.282, 140
Trd, 8638874.732, 140
Trd, 8638875.232, 140
Trd, 8638875.532, 140
Trd, 8638876.632, 139
Trd, 8638876.832, 139
Trd, 8638878.382, 139
Trd, 8638879.932, 139
Trd, 8638880.032, 139
Trd, 8638880.982, 140
Trd, 8638882.582, 140
Trd, 8638883.932, 140
Trd, 8638884.782, 140
Trd, 8638885.332, 140
Trd, 8638886.832, 140
Trd, 8638888.082, 140
Trd, 8638888.132, 140
Trd, 8638889.832, 140
Trd, 8638890.532, 140
Trd, 8638891.932, 140
Trd, 8638892.082, 140
Trd, 8638892.382, 140
Trd, 8638892.882, 140
Trd, 8638893.782, 140
Trd, 8638895.582, 140
Trd, 8638895.732, 139
Trd, 8638898.682, 140
Trd, 8638899.032, 140
Trd, 8638900.182, 140
Trd, 8638901.432, 140
Trd, 8638901.982, 140
Trd, 8638902.782, 139
Trd, 8638902.832, 139
Trd, 8638904.282, 140
Trd, 8638904.532, 138
Trd, 8638904.632, 120
Trd, 8638908.132, 139
Trd, 8638908.282, 139
Trd, 8638908.982, 140
Trd, 8638909.232, 139
Trd, 8638909.782, 140
Trd, 8638911.732, 140
Trd, 8638912.782, 140
Trd, 8638913.232, 140
Trd, 8638914.982, 140
Trd, 8638915.282, 138
Trd, 8638916.182, 139
Trd, 8638916.282, 140
Trd, 8638917.682, 140
Trd, 8638917.832, 139
Trd, 8638919.182, 140
Trd, 8638920.432, 140
Trd, 8638920.632, 139
Trd, 8638921.882, 140
Trd, 8638922.182, 83
Trd, 8638922.782, 140
Trd, 8638923.032, 140
Trd, 8638923.682, 140
Trd, 8638925.982, 140
Trd, 8638926.082, 139
Trd, 8638927.382, 140
Trd, 8638927.432, 140
Trd, 8638930.782, 140
Trd, 8638930.982, 139
Trd, 8638932.182, 140
Trd, 8638932.332, 140
Trd, 8638932.682, 140
Trd, 8638934.732, 140
Trd, 8638934.982, 140
Trd, 8638935.382, 139
Trd, 8638935.682, 140
Trd, 8638935.982, 140
Trd, 8638938.382, 140
Trd, 8638938.932, 140
Trd, 8638938.982, 140
Trd, 8638939.532, 140
Trd, 8638939.582, 140
Trd, 8638941.282, 140
Trd, 8638942.832, 138
Trd, 8638942.882, 138
Trd, 8638943.032, 113
Trd, 8638944.882, 140
Trd, 8638945.482, 140
Trd, 8638946.782, 140
Trd, 8638947.732, 140
Trd, 8638950.032, 140
Trd, 8638951.232, 140
Trd, 8638951.432, 140
Trd, 8638951.582, 140
Trd, 8638951.632, 139
Trd, 8638952.632, 140
Trd, 8638953.482, 138
Trd, 8638955.432, 140
Trd, 8638956.232, 140
Trd, 8638956.632, 140
Trd, 8638957.632, 140
Trd, 8638958.632, 140
Trd, 8638958.882, 139
Trd, 8638960.532, 140
Trd, 8638960.682, 140
Trd, 8638961.132, 140
Trd, 8638961.532, 140
Trd, 8638961.632, 140
Trd, 8638962.782, 140
Trd, 8638962.832, 140
Trd, 8638963.232, 140
Trd, 8638965.732, 140
Trd, 8638966.182, 140
Trd, 8638966.482, 140
Trd, 8638966.982, 139
Trd, 8638969.932, 140
Trd, 8638971.282, 140
Trd, 8638971.482, 140
Trd, 8638973.032, 140
Trd, 8638974.432, 140
Trd, 8638976.082, 140
Trd, 8638976.432, 140
Trd, 8638976.782, 140
Trd, 8638977.482, 140
Trd, 8638977.732, 140
Trd, 8638977.982, 139
Trd, 8638981.132, 140
Trd, 8638981.732, 140
Trd, 8638982.282, 140
Trd, 8638982.782, 140
Trd, 8638983.482, 140
Trd, 8638984.432, 140
Trd, 8638985.032, 140
Trd, 8638985.282, 140
Trd, 8638986.232, 140
Trd, 8638987.082, 138
Trd, 8638987.932, 140
Trd, 8638988.032, 140
Trd, 8638988.232, 139
Trd, 8638988.732, 138
Trd, 8638990.732, 140
Trd, 8638992.782, 140
Trd, 8638993.732, 140
Trd, 8638993.832, 140
Trd, 8638996.632, 140
Trd, 8638996.782, 140
Trd, 8638999.232, 140
Trd, 8638999.282, 140
Trd, 8639000.082, 140
Trd, 8639000.482, 140
Trd, 8639001.532, 140
Trd, 8639002.932, 140
Trd, 8639002.982, 140
Trd, 8639003.732, 140
Trd, 8639005.032, 140
Trd, 8639005.182, 138
Trd, 8639008.032, 140
Trd, 8639008.082, 140
Trd, 8639009.782, 139
Trd, 8639009.882, 139
Trd, 8639010.632, 140
Trd, 8639011.882, 140
Trd, 8639012.032, 140
Trd, 8639012.332, 140
Trd, 8639013.982, 140
Trd, 8639014.932, 140
Trd, 8639015.682, 140
Trd, 8639016.382, 140
Trd, 8639017.682, 140
Trd, 8639018.582, 140
Trd, 8639021.632, 140
Trd, 8639021.682, 140
Trd, 8639022.032, 140
Trd, 8639022.382, 140
Trd, 8639024.232, 140
Trd, 8639024.382, 140
Trd, 8639025.632, 140
Trd, 8639025.832, 140
Trd, 8639026.432, 140
Trd, 8639027.732, 137
Trd, 8639028.382, 140
Trd, 8639029.982, 138
Trd, 8639031.582, 140
Trd, 8639032.082, 140
Trd, 8639032.682, 140
Trd, 8639033.332, 140
Trd, 8639033.732, 140
Trd, 8639034.182, 139
Trd, 8639034.932, 140
Trd, 8639035.382, 139
Trd, 8639035.682, 139
Trd, 8639036.532, 140
Trd, 8639037.782, 139
Trd, 8639038.482, 140
Trd, 8639038.532, 139
Trd, 8639039.282, 140
Trd, 8639041.182, 140
Trd, 8639042.132, 140
Trd, 8639042.182, 140
Trd, 8639043.382, 140
Trd, 8639043.882, 140
Trd, 8639044.182, 140
Trd, 8639046.382, 140
Trd, 8639046.832, 140
Trd, 8639047.382, 140
Trd, 8639048.482, 140
Trd, 8639049.682, 140
Trd, 8639050.782, 140
Trd, 8639050.982, 140
Trd, 8639052.882, 139
Trd, 8639054.132, 140
Trd, 8639054.982, 140
Trd, 8639055.332, 139
Trd, 8639055.932, 139
Trd, 8639056.132, 140
Trd, 8639056.282, 138
Trd, 8639057.382, 139
Trd, 8639058.282, 139
Trd, 8639058.382, 92
Trd, 8639059.432, 140
Trd, 8639061.282, 140
Trd, 8639061.582, 140
Trd, 8639064.032, 140
Trd, 8639064.082, 140
Trd, 8639064.782, 140
Trd, 8639065.482, 138
Trd, 8639065.832, 96
Trd, 8639066.732, 140
Trd, 8639067.782, 140
Trd, 8639067.982, 140
Trd, 8639068.982, 140
Trd, 8639069.232, 140
Trd, 8639069.632, 136
Trd, 8639072.382, 140
Trd, 8639073.332, 140
Trd, 8639073.382, 140
Trd, 8639073.732, 139
Trd, 8639074.082, 140
Trd, 8639076.382, 140
Trd, 8639076.782, 140
Trd, 8639076.932, 140
Trd, 8639077.432, 138
Trd, 8639077.832, 135
Trd, 8639080.782, 140
Trd, 8639081.032, 140
Trd, 8639081.332, 140
Trd, 8639082.982, 140
Trd, 8639083.182, 140
Trd, 8639083.432, 140
Trd, 8639084.632, 140
Trd, 8639086.782, 140
Trd, 8639087.782, 140
Trd, 8639087.882, 140
Trd, 8639089.632, 140
Trd, 8639089.932, 140
Trd, 8639090.432, 139
Trd, 8639093.082, 140
Trd, 8639093.132, 140
Trd, 8639093.432, 140
Trd, 8639094.582, 140
Trd, 8639095.232, 140
Trd, 8639097.232, 140
Trd, 8639097.932, 140
Trd, 8639098.182, 140
Trd, 8639098.782, 140
Trd, 8639101.332, 140
Trd, 8639104.682, 140
Trd, 8639106.332, 140
Trd, 8639106.932, 139
Trd, 8639107.332, 139
Trd, 8639107.832, 139
Trd, 8639108.132, 140
Trd, 8639110.232, 139
Trd, 8639110.932, 140
Trd, 8639111.332, 136
Trd, 8639111.432, 138
Trd, 8639111.682, 106
Trd, 8639113.582, 140
Trd, 8639115.182, 140
Trd, 8639116.432, 140
Trd, 8639116.982, 139
Trd, 8639117.632, 140
Trd, 8639118.082, 140
Trd, 8639119.082, 139
Trd, 8639119.232, 139
Trd, 8639119.732, 138
Trd, 8639120.432, 138
Trd, 8639120.582, 138
Trd, 8639121.782, 140
Trd, 8639122.682, 139
Trd, 8639123.232, 139
Trd, 8639124.382, 140
Trd, 8639124.732, 139
Trd, 8639125.682, 140
Trd, 8639125.932, 140
Trd, 8639127.032, 140
Trd, 8639128.232, 140
Trd, 8639128.932, 140
Trd, 8639130.582, 140
Trd, 8639131.482, 140
Trd, 8639132.132, 139
Trd, 8639135.032, 140
Trd, 8639136.532, 140
Trd, 8639136.632, 140
Trd, 8639136.682, 140
Trd, 8639137.932, 140
Trd, 8639138.532, 139
Trd, 8639140.532, 140
Trd, 8639140.632, 140
Trd, 8639142.032, 140
Trd, 8639142.482, 140
Trd, 8639144.632, 139
Trd, 8639145.132, 140
Trd, 8639145.632, 139
Trd, 8639145.682, 137
Trd, 8639147.232, 139
Trd, 8639147.432, 136
Trd, 8639148.682, 140
Trd, 8639149.632, 140
Trd, 8639149.832, 139
Trd, 8639151.632, 140
Trd, 8639152.432, 140
Trd, 8639152.932, 140
Trd, 8639154.782, 140
Trd, 8639154.882, 139
Trd, 8639155.782, 140
Trd, 8639156.282, 140
Trd, 8639156.832, 138
Trd, 8639158.982, 140
Trd, 8639159.882, 140
Trd, 8639162.982, 140
Trd, 8639163.082, 140
Trd, 8639163.182, 138
Trd, 8639166.082, 140
Trd, 8639166.282, 140
Trd, 8639166.932, 140
Trd, 8639167.032, 140
Trd, 8639167.232, 140
Trd, 8639167.532, 140
Trd, 8639168.432, 140
Trd, 8639169.582, 140
Trd, 8639169.982, 128
Trd, 8639171.382, 139
Trd, 8639171.732, 138
Trd, 8639172.132, 139
Trd, 8639172.932, 140
Trd, 8639173.182, 140
Trd, 8639174.382, 140
Trd, 8639174.732, 62
Trd, 8639175.232, 140
Trd, 8639177.582, 139
Trd, 8639177.932, 140
Trd, 8639178.332, 139
Trd, 8639178.482, 138
Trd, 8639179.682, 138
Trd, 8639180.782, 140
Trd, 8639181.982, 140
Trd, 8639184.932, 140
Trd, 8639185.532, 140
Trd, 8639186.282, 140
Trd, 8639187.582, 140
Trd, 8639187.882, 139
Trd, 8639188.282, 139
Trd, 8639188.682, 137
Trd, 8639190.032, 140
Trd, 8639190.632, 140
Trd, 8639191.882, 140
Trd, 8639192.732, 139
Trd, 8639193.382, 140
Trd, 8639195.932, 138
Trd, 8639197.082, 140
Trd, 8639197.882, 140
Trd, 8639197.982, 139
Trd, 8639200.082, 140
Trd, 8639200.132, 140
Trd, 8639201.132, 140
Trd, 8639202.132, 140
Trd, 8639203.482, 140
Trd, 8639203.732, 137
Trd, 8639205.182, 140
Trd, 8639206.032, 140
Trd, 8639206.282, 140
Trd, 8639207.232, 140
Trd, 8639207.382, 140
Trd, 8639207.682, 139
Trd, 8639209.782, 140
Trd, 8639212.132, 140
Trd, 8639212.582, 140
Trd, 8639213.382, 140
Trd, 8639214.932, 140
Trd, 8639215.032, 140
Trd, 8639215.232, 140
Trd, 8639215.982, 140
Trd, 8639216.382, 139
Trd, 8639216.582, 140
Trd, 8639217.082, 139
Trd, 8639218.382, 140
Trd, 8639218.432, 139
Trd, 8639219.732, 140
Trd, 8639221.882, 140
Trd, 8639222.632, 138
Trd, 8639224.432, 140
Trd, 8639226.682, 140
Trd, 8639227.732, 140
Trd, 8639227.782, 140
Trd, 8639228.632, 140
Trd, 8639228.682, 139
Trd, 8639229.282, 140
Trd, 8639229.432, 140
Trd, 8639230.282, 140
Trd, 8639231.782, 140
Trd, 8639231.982, 139
Trd, 8639235.432, 140
Trd, 8639235.532, 139
Trd, 8639235.782, 139
Trd, 8639238.132, 140
Trd, 8639238.382, 139
Trd, 8639240.632, 140
Trd, 8639240.982, 140
Trd, 8639242.182, 140
Trd, 8639242.932, 140
Trd, 8639243.582, 140
Trd, 8639244.432, 140
Trd, 8639244.682, 140
Trd, 8639245.532, 140
Trd, 8639247.332, 140
Trd, 8639247.432, 140
Trd, 8639248.732, 139
Trd, 8639248.982, 139
Trd, 8639249.332, 139
Trd, 8639251.082, 140
Trd, 8639252.282, 139
Trd, 8639253.032, 140
Trd, 8639253.232, 140
Trd, 8639253.982, 139
Trd, 8639254.982, 140
Trd, 8639256.032, 140
Trd, 8639256.632, 136
Trd, 8639256.982, 140
Trd, 8639257.732, 61
Trd, 8639258.982, 61
Trd, 8639259.082, 62
Trd, 8639262.232, 140
Trd, 8639262.832, 140
Trd, 8639263.232, 140
Trd, 8639264.132, 140
Trd, 8639264.282, 140
Trd, 8639264.632, 140
Trd, 8639265.082, 139
Trd, 8639265.332, 111
Trd, 8639266.182, 140
Trd, 8639268.432, 140
Trd, 8639268.632, 140
Trd, 8639268.732, 140
Trd, 8639270.682, 140
Trd, 8639270.732, 140
Trd, 8639271.682, 140
Trd, 8639274.082, 140
Trd, 8639274.782, 140
Trd, 8639275.132, 139
Trd, 8639275.482, 140
Trd, 8639278.132, 140
Trd, 8639278.832, 140
Trd, 8639278.932, 140
Trd, 8639278.982, 139
Trd, 8639279.732, 140
Trd, 8639280.132, 140
Trd, 8639280.632, 139
Trd, 8639280.982, 140
Trd, 8639281.282, 138
Trd, 8639281.482, 139
Trd, 8639282.132, 140
Trd, 8639282.382, 134
Trd, 8639285.132, 139
Trd, 8639286.382, 139
Trd, 8639286.882, 140
Trd, 8639287.832, 140
Trd, 8639288.932, 140
Trd, 8639289.332, 140
Trd, 8639290.082, 140
Trd, 8639290.332, 139
Trd, 8639291.132, 140
Trd, 8639291.432, 139
Trd, 8639293.782, 140
Trd, 8639293.882, 140
Trd, 8639293.932, 139
Trd, 8639296.882, 140
Trd, 8639296.932, 140
Trd, 8639296.982, 140
Trd, 8639298.132, 138
Trd, 8639299.382, 140
Trd, 8639300.332, 140
Trd, 8639301.382, 140
Trd, 8639301.932, 140
Trd, 8639302.582, 140
Trd, 8639304.332, 140
Trd, 8639304.632, 137
Trd, 8639305.032, 140
Trd, 8639306.582, 140
Trd, 8639306.682, 140
Trd, 8639306.982, 138
Trd, 8639307.682, 138
Trd, 8639308.782, 140
Trd, 8639310.782, 140
Trd, 8639310.882, 140
Trd, 8639311.132, 140
Trd, 8639311.782, 140
Trd, 8639312.732, 140
Trd, 8639313.832, 140
Trd, 8639314.682, 140
Trd, 8639315.082, 140
Trd, 8639316.482, 140
Trd, 8639316.532, 139
Trd, 8639318.082, 140
Trd, 8639318.732, 135
Trd, 8639320.082, 140
Trd, 8639320.182, 140
Trd, 8639321.332, 140
Trd, 8639322.182, 140
Trd, 8639322.482, 139
Trd, 8639322.682, 135
Trd, 8639322.982, 121
Trd, 8639323.732, 140
Trd, 8639324.132, 140
Trd, 8639325.282, 140
Trd, 8639326.532, 139
Trd, 8639326.732, 139
Trd, 8639328.382, 140
Trd, 8639328.832, 140
Trd, 8639329.182, 140
Trd, 8639330.482, 140
Trd, 8639331.332, 140
Trd, 8639331.982, 140
Trd, 8639332.132, 140
Trd, 8639332.732, 140
Trd, 8639332.932, 140
Trd, 8639333.282, 138
Trd, 8639334.932, 140
Trd, 8639335.632, 140
Trd, 8639336.332, 140
Trd, 8639337.482, 139
Trd, 8639340.282, 140
Trd, 8639340.432, 140
Trd, 8639344.082, 140
Trd, 8639344.232, 139
Trd, 8639344.632, 140
Trd, 8639345.132, 140
Trd, 8639345.182, 140
Trd, 8639345.532, 140
Trd, 8639347.882, 140
Trd, 8639348.082, 139
Trd, 8639349.932, 140
Trd, 8639351.232, 140
Trd, 8639351.732, 139
Trd, 8639352.682, 140
Trd, 8639353.982, 140
Trd, 8639355.032, 140
Trd, 8639357.732, 140
Trd, 8639358.132, 140
Trd, 8639358.632, 140
Trd, 8639359.132, 140
Trd, 8639360.582, 140
Trd, 8639361.982, 140
Trd, 8639362.282, 140
Trd, 8639363.782, 140
Trd, 8639364.732, 140
Trd, 8639364.782, 140
Trd, 8639365.382, 140
Trd, 8639365.832, 139
Trd, 8639366.282, 140
Trd, 8639366.982, 140
Trd, 8639368.582, 140
Trd, 8639369.432, 140
Trd, 8639369.982, 139
Trd, 8639372.732, 140
Trd, 8639374.532, 140
Trd, 8639375.782, 140
Trd, 8639375.832, 140
Trd, 8639377.682, 140
Trd, 8639378.132, 140
Trd, 8639378.782, 140
Trd, 8639379.032, 140
Trd, 8639379.382, 140
Trd, 8639379.432, 138
Trd, 8639382.182, 140
Trd, 8639382.582, 139
Trd, 8639383.082, 140
Trd, 8639384.382, 140
Trd, 8639385.532, 140
Trd, 8639386.982, 140
Trd, 8639387.282, 140
Trd, 8639389.182, 140
Trd, 8639390.732, 140
Trd, 8639390.982, 140
Trd, 8639391.132, 140
Trd, 8639392.132, 140
Trd, 8639393.982, 140
Trd, 8639395.382, 140
Trd, 8639395.882, 139
Trd, 8639397.032, 140
Trd, 8639397.732, 139
Trd, 8639398.282, 140
Trd, 8639399.032, 138
Trd, 8639399.332, 128
Trd, 8639400.232, 140
Trd, 8639401.182, 140
Trd, 8639401.482, 140
Trd, 8639402.682, 140
Trd, 8639404.282, 140
Trd, 8639405.032, 140
Trd, 8639405.682, 140
Trd, 8639408.782, 140
Trd, 8639409.232, 140
Trd, 8639409.332, 140
Trd, 8639409.382, 140
Trd, 8639409.832, 140
Trd, 8639410.082, 139
Trd, 8639411.682, 140
Trd, 8639412.282, 139
Trd, 8639412.532, 140
Trd, 8639413.732, 140
Trd, 8639414.282, 140
Trd, 8639416.082, 140
Trd, 8639417.382, 140
Trd, 8639418.482, 140
Trd, 8639419.282, 140
Trd, 8639420.432, 140
Trd, 8639420.582, 139
Trd, 8639420.732, 138
Trd, 8639421.082, 140
Trd, 8639421.332, 138
Trd, 8639421.982, 138
Trd, 8639424.732, 140
Trd, 8639425.332, 140
Trd, 8639425.982, 140
Trd, 8639426.032, 140
Trd, 8639426.432, 140
Trd, 8639426.582, 139
Trd, 8639427.532, 65
Trd, 8639429.482, 139
Trd, 8639430.132, 139
Trd, 8639431.632, 140
Trd, 8639432.382, 140
Trd, 8639433.082, 140
Trd, 8639433.832, 140
Trd, 8639434.082, 140
Trd, 8639434.432, 140
Trd, 8639436.682, 140
Trd, 8639437.282, 135
Trd, 8639437.982, 139
Trd, 8639438.382, 139
Trd, 8639439.682, 139
Trd, 8639440.032, 139
Trd, 8639440.832, 140
Trd, 8639441.932, 140
Trd, 8639442.182, 140
Trd, 8639442.582, 137
Trd, 8639442.732, 107
Trd, 8639443.132, 138
Trd, 8639444.232, 140
Trd, 8639446.032, 140
Trd, 8639446.282, 116
Trd, 8639447.582, 140
Trd, 8639447.782, 140
Trd, 8639449.332, 140
Trd, 8639449.432, 139
Trd, 8639451.832, 140
Trd, 8639452.632, 140
Trd, 8639453.632, 139
Trd, 8639455.032, 140
Trd, 8639455.482, 140
Trd, 8639456.582, 140
Trd, 8639457.532, 139
Trd, 8639458.232, 140
Trd, 8639459.182, 139
Trd, 8639459.682, 140
Trd, 8639460.082, 140
Trd, 8639460.732, 139
Trd, 8639461.182, 137
Trd, 8639462.382, 140
Trd, 8639463.332, 140
Trd, 8639465.032, 140
Trd, 8639466.882, 140
Trd, 8639467.682, 140
Trd, 8639467.732, 140
Trd, 8639468.082, 140
Trd, 8639468.682, 140
Trd, 8639468.782, 140
Trd, 8639469.582, 139
Trd, 8639471.432, 140
Trd, 8639471.632, 140
Trd, 8639471.882, 139
Trd, 8639474.632, 140
Trd, 8639475.132, 140
Trd, 8639475.732, 140
Trd, 8639476.632, 140
Trd, 8639477.782, 140
Trd, 8639479.632, 140
Trd, 8639481.332, 140
Trd, 8639481.532, 140
Trd, 8639481.582, 140
Trd, 8639481.682, 139
Trd, 8639481.832, 138
Trd, 8639482.182, 139
Trd, 8639483.882, 140
Trd, 8639484.182, 137
Trd, 8639484.782, 60
Trd, 8639488.632, 140
Trd, 8639488.882, 140
Trd, 8639489.032, 140
Trd, 8639489.082, 139
Trd, 8639490.282, 139
Trd, 8639492.382, 140
Trd, 8639492.832, 140
Trd, 8639492.932, 139
Trd, 8639493.932, 140
Trd, 8639494.082, 140
Trd, 8639496.032, 140
Trd, 8639497.682, 140
Trd, 8639498.782, 140
Trd, 8639499.232, 140
Trd, 8639500.432, 140
Trd, 8639501.032, 139
Trd, 8639501.682, 140
Trd, 8639501.782, 139
Trd, 8639502.432, 140
Trd, 8639503.632, 140
Trd, 8639504.632, 140
Trd, 8639505.082, 130
Trd, 8639506.382, 140
Trd, 8639506.982, 140
Trd, 8639507.332, 139
Trd, 8639509.382, 139
Trd, 8639511.532, 140
Trd, 8639512.282, 140
Trd, 8639512.582, 140
Trd, 8639513.632, 140
Trd, 8639515.532, 140
Trd, 8639516.682, 140
Trd, 8639517.032, 140
Trd, 8639517.682, 140
Trd, 8639519.082, 140
Trd, 8639519.582, 140
Trd, 8639519.682, 140
Trd, 8639522.982, 139
Trd, 8639523.132, 140
Trd, 8639525.132, 140
Trd, 8639525.832, 140
Trd, 8639526.582, 140
Trd, 8639527.332, 140
Trd, 8639528.582, 140
Trd, 8639528.982, 140
Trd, 8639530.382, 139
Trd, 8639531.032, 140
Trd, 8639531.532, 138
Trd, 8639532.782, 140
Trd, 8639533.532, 139
Trd, 8639534.782, 140
Trd, 8639534.882, 139
Trd, 8639536.982, 140
Trd, 8639537.432, 140
Trd, 8639539.182, 140
Trd, 8639539.632, 140
Trd, 8639541.132, 140
Trd, 8639541.532, 139
Trd, 8639543.482, 139
Trd, 8639543.632, 139
Trd, 8639545.032, 137
Trd, 8639545.582, 140
Trd, 8639546.232, 139
Trd, 8639548.982, 140
Trd, 8639549.582, 140
Trd, 8639549.932, 140
Trd, 8639550.732, 140
Trd, 8639551.532, 139
Trd, 8639552.182, 140
Trd, 8639552.682, 140
Trd, 8639552.832, 139
Trd, 8639553.282, 140
Trd, 8639553.632, 138
Trd, 8639553.832, 137
Trd, 8639554.982, 139
Trd, 8639556.082, 137
Trd, 8639556.232, 131
Trd, 8639556.432, 106
Trd, 8639560.182, 140
Trd, 8639560.582, 140
Trd, 8639561.382, 139
Trd, 8639562.082, 140
Trd, 8639562.932, 140
Trd, 8639563.932, 140
Trd, 8639564.032, 140
Trd, 8639565.882, 140
Trd, 8639566.082, 140
Trd, 8639566.532, 140
Trd, 8639566.732, 140
Trd, 8639568.832, 140
Trd, 8639569.632, 140
Trd, 8639569.732, 140
Trd, 8639569.932, 138
Trd, 8639570.432, 140
Trd, 8639571.282, 140
Trd, 8639572.582, 132
Trd, 8639573.382, 140
Trd, 8639573.782, 140
Trd, 8639574.882, 140
Trd, 8639575.482, 140
Trd, 8639576.482, 140
Trd, 8639577.282, 140
Trd, 8639578.782, 140
Trd, 8639580.632, 138
Trd, 8639581.332, 139
Trd, 8639581.782, 140
Trd, 8639582.932, 140
Trd, 8639586.032, 140
Trd, 8639586.232, 140
Trd, 8639586.282, 140
Trd, 8639586.732, 139
Trd, 8639587.032, 138
Trd, 8639589.082, 140
Trd, 8639589.132, 140
Trd, 8639589.182, 139
Trd, 8639590.432, 140
Trd, 8639592.432, 140
Trd, 8639593.032, 140
Trd, 8639594.132, 140
Trd, 8639594.182, 139
Trd, 8639596.182, 140
Trd, 8639596.282, 139
Trd, 8639597.282, 140
Trd, 8639597.882, 140
Trd, 8639597.932, 140
Trd, 8639598.882, 140
Trd, 8639599.032, 140
Trd, 8639601.332, 140
Trd, 8639601.682, 140
Trd, 8639602.482, 140
Trd, 8639604.882, 140
Trd, 8639606.082, 140
Trd, 8639606.832, 140
Trd, 8639608.332, 140
Trd, 8639608.532, 140
Trd, 8639608.582, 140
Trd, 8639609.482, 136
Trd, 8639609.682, 139
Trd, 8639610.332, 113
Trd, 8639612.682, 140
Trd, 8639612.782, 140
Trd, 8639613.532, 140
Trd, 8639613.632, 140
Trd, 8639617.132, 140
Trd, 8639617.282, 140
Trd, 8639619.032, 140
Trd, 8639619.182, 140
Trd, 8639619.282, 140
Trd, 8639619.482, 140
Trd, 8639619.932, 140
Trd, 8639620.532, 140
Trd, 8639621.732, 140
Trd, 8639622.382, 139
Trd, 8639623.832, 140
Trd, 8639625.082, 140
Trd, 8639625.582, 140
Trd, 8639625.632, 140
Trd, 8639626.632, 140
Trd, 8639626.832, 140
Trd, 8639627.082, 140
Trd, 8639627.532, 139
Trd, 8639627.732, 139
Trd, 8639628.882, 140
Trd, 8639629.482, 137
Trd, 8639630.182, 140
Trd, 8639631.882, 140
Trd, 8639632.132, 139
Trd, 8639632.332, 139
Trd, 8639633.182, 140
Trd, 8639635.732, 140
Trd, 8639635.932, 140
Trd, 8639636.532, 140
Trd, 8639636.932, 140
Trd, 8639637.732, 140
Trd, 8639638.582, 140
Trd, 8639641.232, 139
Trd, 8639641.332, 139
Trd, 8639641.882, 140
Trd, 8639642.432, 139
Trd, 8639642.882, 140
Trd, 8639644.432, 140
Trd, 8639645.332, 140
Trd, 8639647.682, 140
Trd, 8639647.782, 140
Trd, 8639647.832, 140
Trd, 8639650.782, 140
Trd, 8639650.932, 140
Trd, 8639651.482, 140
Trd, 8639651.982, 140
Trd, 8639652.582, 140
Trd, 8639653.782, 140
Trd, 8639654.582, 140
Trd, 8639655.382, 140
Trd, 8639656.282, 140
Trd, 8639658.032, 140
Trd, 8639658.532, 140
Trd, 8639659.032, 140
Trd, 8639659.382, 140
Trd, 8639659.482, 138
Trd, 8639660.832, 140
Trd, 8639660.932, 136
Trd, 8639661.832, 140
Trd, 8639661.932, 134
Trd, 8639663.182, 139
Trd, 8639663.832, 140
Trd, 8639664.232, 138
Trd, 8639664.582, 138
Trd, 8639665.732, 140
Trd, 8639667.832, 140
Trd, 8639669.432, 140
Trd, 8639669.782, 140
Trd, 8639670.082, 140
Trd, 8639671.532, 140
Trd, 8639671.632, 140
Trd, 8639673.632, 140
Trd, 8639675.532, 140
Trd, 8639676.882, 140
Trd, 8639678.082, 140
Trd, 8639679.932, 140
Trd, 8639680.032, 140
Trd, 8639680.482, 140
Trd, 8639680.682, 140
Trd, 8639680.732, 139
Trd, 8639680.832, 137
Trd, 8639681.032, 138
Trd, 8639681.532, 80
Trd, 8639682.832, 140
Trd, 8639683.932, 140
Trd, 8639684.132, 140
Trd, 8639686.032, 140
Trd, 8639686.132, 140
Trd, 8639688.082, 140
Trd, 8639688.182, 139
Trd, 8639688.732, 139
Trd, 8639689.632, 140
Trd, 8639691.932, 140
Trd, 8639691.982, 140
Trd, 8639692.482, 140
Trd, 8639692.732, 139
Trd, 8639695.582, 140
Trd, 8639696.632, 140
Trd, 8639698.382, 140
Trd, 8639699.232, 140
Trd, 8639700.132, 140
Trd, 8639700.882, 140
Trd, 8639702.282, 140
Trd, 8639702.782, 140
Trd, 8639703.632, 140
Trd, 8639704.232, 140
Trd, 8639704.982, 140
Trd, 8639706.282, 140
Trd, 8639707.232, 139
Trd, 8639708.132, 140
Trd, 8639709.482, 139
Trd, 8639709.632, 138
Trd, 8639709.982, 137
Trd, 8639712.082, 140
Trd, 8639712.482, 140
Trd, 8639712.832, 140
Trd, 8639713.032, 140
Trd, 8639714.082, 140
Trd, 8639714.332, 139
Trd, 8639714.682, 103
Trd, 8639714.782, 79
Trd, 8639715.632, 138
Trd, 8639718.782, 140
Trd, 8639719.932, 140
Trd, 8639720.132, 140
Trd, 8639720.532, 140
Trd, 8639720.782, 140
Trd, 8639721.782, 140
Trd, 8639722.332, 140
Trd, 8639722.782, 140
Trd, 8639725.782, 140
Trd, 8639726.582, 140
Trd, 8639726.732, 140
Trd, 8639727.882, 140
Trd, 8639728.582, 140
Trd, 8639730.382, 140
Trd, 8639730.632, 140
Trd, 8639733.382, 140
Trd, 8639734.582, 140
Trd, 8639735.032, 140
Trd, 8639735.532, 140
Trd, 8639735.832, 140
Trd, 8639736.982, 140
Trd, 8639737.832, 140
Trd, 8639738.132, 140
Trd, 8639738.232, 140
Trd, 8639739.032, 140
Trd, 8639740.732, 140
Trd, 8639740.882, 139
Trd, 8639741.982, 140
Trd, 8639743.332, 140
Trd, 8639743.382, 140
Trd, 8639743.482, 140
Trd, 8639744.382, 139
Trd, 8639746.732, 140
Trd, 8639748.382, 140
Trd, 8639748.582, 140
Trd, 8639749.232, 140
Trd, 8639749.282, 140
Trd, 8639750.332, 140
Trd, 8639750.832, 140
Trd, 8639751.282, 140
Trd, 8639753.082, 140
Trd, 8639754.982, 140
Trd, 8639755.482, 140
Trd, 8639755.832, 140
Trd, 8639758.682, 140
Trd, 8639759.082, 140
Trd, 8639761.782, 140
Trd, 8639761.882, 140
Trd, 8639762.482, 140
Trd, 8639763.332, 140
Trd, 8639763.382, 140
Trd, 8639764.282, 140
Trd, 8639765.132, 140
Trd, 8639766.582, 140
Trd, 8639767.432, 140
Trd, 8639767.832, 140
Trd, 8639768.982, 140
Trd, 8639769.632, 140
Trd, 8639769.932, 140
Trd, 8639772.032, 140
Trd, 8639772.582, 140
Trd, 8639773.132, 136
Trd, 8639774.232, 140
Trd, 8639775.382, 140
Trd, 8639776.732, 140
Trd, 8639776.932, 140
Trd, 8639777.132, 139
Trd, 8639778.632, 140
Trd, 8639779.532, 140
Trd, 8639779.682, 140
Trd, 8639780.082, 140
Trd, 8639780.232, 139
Trd, 8639782.732, 140
Trd, 8639782.882, 140
Trd, 8639782.982, 140
Trd, 8639783.882, 140
Trd, 8639785.732, 139
Trd, 8639787.082, 140
Trd, 8639787.982, 139
Trd, 8639788.182, 138
Trd, 8639789.832, 140
Trd, 8639791.332, 140
Trd, 8639791.982, 140
Trd, 8639793.032, 140
Trd, 8639794.082, 140
Trd, 8639795.082, 140
Trd, 8639795.332, 140
Trd, 8639795.632, 140
Trd, 8639796.482, 140
Trd, 8639797.082, 137
Trd, 8639797.832, 137
Trd, 8639799.232, 140
Trd, 8639800.682, 140
Trd, 8639800.982, 140
Trd, 8639801.982, 140
Trd, 8639803.582, 139
Trd, 8639804.682, 139
Trd, 8639804.932, 140
Trd, 8639805.932, 140
Trd, 8639806.382, 139
Trd, 8639806.582, 140
Trd, 8639807.482, 140
Trd, 8639807.582, 139
Trd, 8639807.932, 140
Trd, 8639810.032, 140
Trd, 8639811.682, 140
Trd, 8639811.782, 140
Trd, 8639812.182, 140
Trd, 8639813.382, 140
Trd, 8639813.432, 139
Trd, 8639814.232, 140
Trd, 8639816.482, 139
Trd, 8639816.732, 139
Trd, 8639817.132, 138
Trd, 8639818.532, 140
Trd, 8639819.332, 140
Trd, 8639819.782, 139
Trd, 8639820.532, 140
Trd, 8639821.232, 140
Trd, 8639821.582, 140
Trd, 8639822.532, 140
Trd, 8639823.432, 139
Trd, 8639823.882, 140
Trd, 8639825.432, 140
Trd, 8639825.632, 140
Trd, 8639825.882, 139
Trd, 8639826.932, 139
Trd, 8639829.132, 140
Trd, 8639829.382, 140
Trd, 8639829.582, 140
Trd, 8639830.282, 140
Trd, 8639831.032, 140
Trd, 8639834.632, 140
Trd, 8639835.632, 140
Trd, 8639836.182, 140
Trd, 8639837.632, 140
Trd, 8639838.482, 140
Trd, 8639838.732, 140
Trd, 8639840.132, 140
Trd, 8639840.232, 140
Trd, 8639840.782, 140
Trd, 8639842.382, 140
Trd, 8639842.482, 140
Trd, 8639842.732, 140
Trd, 8639843.632, 140
Trd, 8639845.132, 140
Trd, 8639845.532, 139
Trd, 8639845.732, 138
Trd, 8639846.582, 140
Trd, 8639847.482, 140
Trd, 8639849.382, 140
Trd, 8639849.782, 140
Trd, 8639850.482, 140
Trd, 8639852.132, 140
Trd, 8639852.682, 140
Trd, 8639853.132, 138
Trd, 8639853.782, 140
Trd, 8639853.832, 139
Trd, 8639854.532, 140
Trd, 8639854.832, 140
Trd, 8639855.332, 140
Trd, 8639856.332, 140
Trd, 8639856.832, 140
Trd, 8639857.332, 118
Trd, 8639859.682, 140
Trd, 8639862.532, 140
Trd, 8639863.632, 140
Trd, 8639863.782, 140
Trd, 8639865.332, 140
Trd, 8639865.632, 140
Trd, 8639866.782, 139
Trd, 8639867.332, 138
Trd, 8639868.432, 140
Trd, 8639870.182, 140
Trd, 8639870.232, 140
Trd, 8639872.082, 140
Trd, 8639872.132, 140
Trd, 8639873.232, 140
Trd, 8639874.332, 140
Trd, 8639874.432, 140
Trd, 8639876.782, 140
Trd, 8639877.232, 140
Trd, 8639877.732, 140
Trd, 8639877.932, 140
Trd, 8639878.582, 140
Trd, 8639878.782, 140
Trd, 8639880.782, 140
Trd, 8639880.982, 140
Trd, 8639882.632, 140
Trd, 8639883.132, 139
Trd, 8639883.582, 140
Trd, 8639884.682, 140
Trd, 8639885.132, 140
Trd, 8639887.082, 140
Trd, 8639887.582, 140
Trd, 8639888.182, 139
Trd, 8639888.282, 139
Trd, 8639888.532, 139
Trd, 8639890.332, 139
Trd, 8639890.932, 136
Trd, 8639892.232, 60
Trd, 8639892.582, 60
Trd, 8639892.832, 125
Trd, 8639893.082, 127
Trd, 8639893.282, 75
Trd, 8639894.582, 140
Trd, 8639895.582, 140
Trd, 8639895.982, 139
Trd, 8639896.282, 139
Trd, 8639896.682, 140
Trd, 8639899.282, 140
Trd, 8639899.982, 140
Trd, 8639901.182, 140
Trd, 8639901.582, 140
Trd, 8639901.932, 140
Trd, 8639902.432, 140
Trd, 8639903.332, 140
Trd, 8639904.382, 140
Trd, 8639906.282, 140
Trd, 8639906.782, 140
Trd, 8639907.282, 140
Trd, 8639907.632, 140
Trd, 8639908.432, 140
Trd, 8639909.482, 139
Trd, 8639909.882, 140
Trd, 8639911.482, 140
Trd, 8639912.182, 139
Trd, 8639913.132, 140
Trd, 8639914.832, 140
Trd, 8639915.632, 140
Trd, 8639915.832, 140
Trd, 8639917.482, 140
Trd, 8639918.532, 140
Trd, 8639919.182, 140
Trd, 8639919.282, 139
Trd, 8639921.082, 140
Trd, 8639921.232, 140
Trd, 8639922.182, 140
Trd, 8639925.582, 140
Trd, 8639925.832, 140
Trd, 8639926.132, 140
Trd, 8639926.782, 140
Trd, 8639927.682, 140
Trd, 8639927.832, 140
Trd, 8639928.932, 140
Trd, 8639929.482, 140
Trd, 8639930.382, 140
Trd, 8639931.732, 140
Trd, 8639932.482, 140
Trd, 8639932.782, 140
Trd, 8639933.332, 140
Trd, 8639934.432, 139
Trd, 8639935.382, 140
Trd, 8639935.582, 139
Trd, 8639935.982, 63
Trd, 8639937.182, 140
Trd, 8639937.432, 139
Trd, 8639938.032, 114
Trd, 8639938.682, 117
Trd, 8639940.482, 140
Trd, 8639940.682, 140
Trd, 8639941.082, 140
Trd, 8639943.032, 140
Trd, 8639943.332, 140
Trd, 8639944.732, 140
Trd, 8639945.832, 140
Trd, 8639946.082, 140
Trd, 8639947.632, 140
Trd, 8639948.082, 140
Trd, 8639948.332, 140
Trd, 8639949.032, 137
Trd, 8639949.932, 140
Trd, 8639950.632, 140
Trd, 8639953.632, 140
Trd, 8639953.932, 139
Trd, 8639954.832, 140
Trd, 8639955.232, 140
Trd, 8639956.332, 140
Trd, 8639957.032, 140
Trd, 8639958.782, 140
Trd, 8639960.532, 140
Trd, 8639961.232, 140
Trd, 8639962.232, 140
Trd, 8639962.582, 140
Trd, 8639963.282, 140
Trd, 8639963.682, 140
Trd, 8639965.132, 140
Trd, 8639965.332, 140
Trd, 8639965.932, 140
Trd, 8639966.982, 140
Trd, 8639967.382, 139
Trd, 8639968.032, 137
Trd, 8639969.032, 140
Trd, 8639969.332, 140
Trd, 8639971.782, 140
Trd, 8639972.682, 140
Trd, 8639972.932, 140
Trd, 8639973.082, 138
Trd, 8639973.832, 140
Trd, 8639974.582, 140
Trd, 8639974.732, 139
Trd, 8639976.182, 139
Trd, 8639977.782, 138
Trd, 8639979.782, 140
Trd, 8639980.332, 139
Trd, 8639981.882, 140
Trd, 8639982.432, 140
Trd, 8639983.532, 140
Trd, 8639984.032, 140
Trd, 8639984.632, 140
Trd, 8639985.332, 140
Trd, 8639987.632, 140
Trd, 8639987.782, 140
Trd, 8639987.882, 140
Trd, 8639990.432, 140
Trd, 8639990.832, 140
Trd, 8639990.882, 140
Trd, 8639990.932, 140
Trd, 8639993.032, 140
Trd, 8639995.632, 140
Trd, 8639996.632, 140
Trd, 8639996.882, 140
Trd, 8639997.232, 139
Trd, 8639998.032, 137
Trd, 8639998.182, 139
Trd, 8639998.582, 140
