Trd, 8638135.132, 140
Trd, 8638137.732, 61
Trd, 8638141.432, 60
Trd, 8638142.282, 60
Trd, 8638142.382, 61
Trd, 8638142.632, 63
Trd, 8638142.732, 67
Trd, 8638143.132, 63
Trd, 8638143.282, 63
Trd, 8638144.582, 60
Trd, 8638145.482, 115
Trd, 8638145.582, 112
Trd, 8638147.832, 139
Trd, 8638147.982, 79
Trd, 8638148.032, 77
Trd, 8638148.232, 76
Trd, 8638148.482, 140
Trd, 8638148.832, 75
Trd, 8638149.282, 77
Trd, 8638150.482, 60
Trd, 8638151.032, 80
Trd, 8638151.432, 66
Trd, 8638152.082, 63
Trd, 8638154.232, 62
Trd, 8638154.582, 64
Trd, 8638156.382, 60
Trd, 8638157.082, 61
Trd, 8638157.132, 61
Trd, 8638157.782, 62
Trd, 8638157.932, 62
Trd, 8638158.082, 61
Trd, 8638159.632, 63
Trd, 8638159.782, 63
Trd, 8638160.082, 61
Trd, 8638160.932, 62
Trd, 8638162.182, 62
Trd, 8638162.332, 63
Trd, 8638163.732, 60
Trd, 8638163.882, 60
Trd, 8638164.632, 61
Trd, 8638165.032, 62
Trd, 8638165.132, 62
Trd, 8638166.132, 76
Trd, 8638166.732, 126
Trd, 8638166.782, 125
Trd, 8638167.482, 68
Trd, 8638167.582, 63
Trd, 8638167.832, 63
Trd, 8638169.232, 60
Trd, 8638170.332, 60
Trd, 8638171.482, 62
Trd, 8638172.082, 60
Trd, 8638175.332, 62
Trd, 8638176.032, 65
Trd, 8638177.182, 62
Trd, 8638177.382, 64
Trd, 8638177.882, 67
Trd, 8638178.282, 64
Trd, 8638178.632, 66
Trd, 8638178.682, 63
Trd, 8638179.282, 62
Trd, 8638180.032, 70
Trd, 8638180.382, 61
Trd, 8638181.682, 66
Trd, 8638182.032, 65
Trd, 8638182.082, 62
Trd, 8638182.282, 136
Trd, 8638183.532, 70
Trd, 8638183.632, 68
Trd, 8638184.282, 62
Trd, 8638184.532, 61
Trd, 8638186.332, 140
Trd, 8638186.932, 140
Trd, 8638187.332, 140
Trd, 8638188.482, 140
Trd, 8638188.682, 140
Trd, 8638188.832, 140
Trd, 8638188.982, 140
Trd, 8638189.732, 64
Trd, 8638192.332, 61
Trd, 8638193.782, 60
Trd, 8638194.032, 61
Trd, 8638194.332, 62
Trd, 8638194.482, 61
Trd, 8638195.032, 63
Trd, 8638195.182, 63
Trd, 8638196.232, 67
Trd, 8638196.482, 66
Trd, 8638196.632, 62
Trd, 8638197.282, 109
Trd, 8638198.032, 60
Trd, 8638198.382, 140
Trd, 8638199.182, 138
Trd, 8638199.432, 138
Trd, 8638200.632, 140
Trd, 8638200.732, 140
Trd, 8638200.882, 140
Trd, 8638201.332, 140
Trd, 8638202.382, 140
Trd, 8638204.632, 61
Trd, 8638205.332, 60
Trd, 8638205.582, 60
Trd, 8638206.132, 60
Trd, 8638207.082, 62
Trd, 8638207.432, 63
Trd, 8638207.632, 63
Trd, 8638208.532, 63
Trd, 8638210.832, 64
Trd, 8638212.482, 60
Trd, 8638213.932, 60
Trd, 8638215.182, 60
Trd, 8638215.782, 61
Trd, 8638216.182, 60
Trd, 8638216.332, 60
Trd, 8638217.082, 64
Trd, 8638217.182, 62
Trd, 8638218.032, 65
Trd, 8638218.332, 65
Trd, 8638218.682, 66
Trd, 8638220.082, 61
Trd, 8638220.282, 60
Trd, 8638221.932, 140
Trd, 8638222.032, 139
Trd, 8638222.282, 140
Trd, 8638222.732, 86
Trd, 8638223.782, 60
Trd, 8638224.982, 62
Trd, 8638228.132, 60
Trd, 8638228.982, 61
Trd, 8638229.382, 61
Trd, 8638230.132, 61
Trd, 8638230.482, 62
Trd, 8638230.732, 60
Trd, 8638231.282, 63
Trd, 8638231.382, 62
Trd, 8638231.832, 66
Trd, 8638232.882, 73
Trd, 8638233.482, 71
Trd, 8638233.582, 70
Trd, 8638234.432, 110
Trd, 8638234.782, 110
Trd, 8638235.082, 111
Trd, 8638235.582, 112
Trd, 8638235.932, 109
Trd, 8638236.932, 65
Trd, 8638238.032, 63
Trd, 8638238.532, 62
Trd, 8638238.732, 62
Trd, 8638239.382, 63
Trd, 8638239.582, 63
Trd, 8638241.132, 60
Trd, 8638242.332, 62
Trd, 8638242.382, 61
Trd, 8638242.432, 73
Trd, 8638242.782, 62
Trd, 8638242.982, 66
Trd, 8638244.832, 67
Trd, 8638245.132, 66
Trd, 8638245.632, 140
Trd, 8638246.032, 140
Trd, 8638246.082, 138
Trd, 8638246.432, 67
Trd, 8638246.782, 74
Trd, 8638248.032, 60
Trd, 8638250.832, 61
Trd, 8638252.232, 60
Trd, 8638252.532, 62
Trd, 8638253.932, 60
Trd, 8638254.382, 61
Trd, 8638257.382, 60
Trd, 8638257.732, 62
Trd, 8638257.932, 60
Trd, 8638258.282, 60
Trd, 8638258.732, 61
Trd, 8638258.782, 60
Trd, 8638258.932, 62
Trd, 8638259.082, 64
Trd, 8638260.582, 66
Trd, 8638260.632, 64
Trd, 8638261.082, 66
Trd, 8638261.432, 65
Trd, 8638262.032, 131
Trd, 8638263.382, 60
Trd, 8638264.232, 60
Trd, 8638264.632, 62
Trd, 8638266.882, 60
Trd, 8638269.032, 60
Trd, 8638269.932, 60
Trd, 8638270.132, 60
Trd, 8638270.782, 61
Trd, 8638270.982, 62
Trd, 8638271.582, 64
Trd, 8638271.682, 62
Trd, 8638272.182, 65
Trd, 8638272.732, 69
Trd, 8638273.082, 70
Trd, 8638273.432, 72
Trd, 8638273.532, 71
Trd, 8638274.382, 139
Trd, 8638274.432, 138
Trd, 8638275.332, 72
Trd, 8638276.032, 60
Trd, 8638277.582, 62
Trd, 8638279.882, 61
Trd, 8638280.032, 63
Trd, 8638281.132, 60
Trd, 8638281.482, 64
Trd, 8638281.632, 64
Trd, 8638281.932, 65
Trd, 8638282.082, 64
Trd, 8638282.882, 66
Trd, 8638283.332, 65
Trd, 8638283.382, 64
Trd, 8638284.382, 63
Trd, 8638286.182, 63
Trd, 8638286.632, 60
Trd, 8638287.682, 62
Trd, 8638288.082, 62
Trd, 8638288.982, 63
Trd, 8638289.432, 63
Trd, 8638289.682, 63
Trd, 8638289.832, 62
Trd, 8638290.632, 62
Trd, 8638291.982, 60
Trd, 8638293.132, 63
Trd, 8638295.232, 60
Trd, 8638297.682, 61
Trd, 8638298.482, 61
Trd, 8638298.582, 61
Trd, 8638299.232, 62
Trd, 8638299.382, 93
Trd, 8638299.482, 61
Trd, 8638299.582, 62
Trd, 8638299.832, 60
Trd, 8638301.132, 62
Trd, 8638301.382, 63
Trd, 8638302.632, 63
Trd, 8638302.782, 60
Trd, 8638303.432, 68
Trd, 8638305.332, 61
Trd, 8638306.132, 60
Trd, 8638306.982, 60
Trd, 8638307.982, 60
Trd, 8638309.432, 62
Trd, 8638310.132, 61
Trd, 8638310.532, 63
Trd, 8638310.632, 63
Trd, 8638310.882, 63
Trd, 8638311.182, 63
Trd, 8638311.782, 123
Trd, 8638312.982, 65
Trd, 8638314.882, 61
Trd, 8638315.482, 60
Trd, 8638315.532, 65
Trd, 8638317.432, 60
Trd, 8638317.632, 61
Trd, 8638318.132, 60
Trd, 8638318.782, 61
Trd, 8638319.132, 61
Trd, 8638319.282, 64
Trd, 8638320.432, 60
Trd, 8638320.482, 60
Trd, 8638321.282, 63
Trd, 8638321.682, 62
Trd, 8638322.832, 61
Trd, 8638324.282, 60
Trd, 8638326.082, 63
Trd, 8638326.332, 62
Trd, 8638326.432, 67
Trd, 8638326.682, 61
Trd, 8638326.732, 67
Trd, 8638327.082, 77
Trd, 8638327.932, 74
Trd, 8638328.932, 65
Trd, 8638329.082, 63
Trd, 8638329.182, 62
Trd, 8638332.232, 60
Trd, 8638333.832, 60
Trd, 8638333.982, 61
Trd, 8638335.032, 60
Trd, 8638336.432, 60
Trd, 8638336.532, 61
Trd, 8638337.082, 62
Trd, 8638337.482, 63
Trd, 8638337.582, 63
Trd, 8638337.632, 78
Trd, 8638338.282, 62
Trd, 8638338.632, 64
Trd, 8638339.432, 62
Trd, 8638340.232, 61
Trd, 8638341.382, 60
Trd, 8638341.482, 60
Trd, 8638343.132, 60
Trd, 8638343.182, 62
Trd, 8638343.432, 63
Trd, 8638346.782, 60
Trd, 8638347.682, 61
Trd, 8638347.832, 60
Trd, 8638347.982, 61
Trd, 8638348.282, 65
Trd, 8638348.582, 67
Trd, 8638348.982, 65
Trd, 8638349.682, 67
Trd, 8638350.232, 65
Trd, 8638352.532, 87
Trd, 8638353.732, 66
Trd, 8638353.832, 65
Trd, 8638354.032, 66
Trd, 8638354.832, 68
Trd, 8638354.932, 63
Trd, 8638355.432, 134
Trd, 8638357.882, 61
Trd, 8638358.232, 64
Trd, 8638359.582, 60
Trd, 8638359.782, 60
Trd, 8638359.882, 69
Trd, 8638360.182, 71
Trd, 8638360.382, 66
Trd, 8638361.032, 115
Trd, 8638363.482, 60
Trd, 8638363.582, 61
Trd, 8638364.982, 61
Trd, 8638365.032, 61
Trd, 8638366.382, 65
Trd, 8638366.432, 70
Trd, 8638366.582, 64
Trd, 8638366.782, 63
Trd, 8638367.932, 68
Trd, 8638368.232, 64
Trd, 8638370.032, 62
Trd, 8638370.082, 62
Trd, 8638370.732, 61
Trd, 8638371.482, 63
Trd, 8638372.232, 64
Trd, 8638372.882, 62
Trd, 8638373.332, 61
Trd, 8638374.032, 61
Trd, 8638375.732, 61
Trd, 8638376.632, 61
Trd, 8638376.832, 66
Trd, 8638377.282, 140
Trd, 8638378.732, 60
Trd, 8638380.132, 60
Trd, 8638380.682, 60
Trd, 8638380.932, 61
Trd, 8638381.432, 60
Trd, 8638381.832, 61
Trd, 8638382.382, 60
Trd, 8638383.582, 60
Trd, 8638384.782, 61
Trd, 8638385.482, 61
Trd, 8638385.582, 62
Trd, 8638385.782, 64
Trd, 8638386.382, 61
Trd, 8638387.782, 140
Trd, 8638388.032, 138
Trd, 8638389.382, 130
Trd, 8638389.432, 129
Trd, 8638389.532, 128
Trd, 8638390.482, 98
Trd, 8638390.732, 73
Trd, 8638391.582, 137
Trd, 8638393.482, 60
Trd, 8638393.782, 60
Trd, 8638394.782, 60
Trd, 8638396.232, 61
Trd, 8638398.082, 60
Trd, 8638398.382, 60
Trd, 8638398.832, 61
Trd, 8638399.182, 61
Trd, 8638399.432, 63
Trd, 8638399.632, 68
Trd, 8638401.032, 74
Trd, 8638401.432, 76
Trd, 8638401.982, 81
Trd, 8638402.032, 77
Trd, 8638402.932, 80
Trd, 8638403.682, 81
Trd, 8638403.882, 73
Trd, 8638404.532, 140
Trd, 8638405.182, 140
Trd, 8638406.582, 60
Trd, 8638407.082, 60
Trd, 8638408.832, 60
Trd, 8638409.082, 60
Trd, 8638410.632, 60
Trd, 8638410.782, 60
Trd, 8638411.082, 61
Trd, 8638411.432, 63
Trd, 8638411.982, 66
Trd, 8638412.532, 140
Trd, 8638413.332, 69
Trd, 8638413.382, 67
Trd, 8638413.732, 61
Trd, 8638414.232, 61
Trd, 8638416.232, 67
Trd, 8638416.482, 66
Trd, 8638417.182, 68
Trd, 8638418.032, 74
Trd, 8638418.232, 73
Trd, 8638418.532, 78
Trd, 8638419.382, 135
Trd, 8638420.532, 139
Trd, 8638420.782, 136
Trd, 8638421.982, 122
Trd, 8638422.132, 120
Trd, 8638422.382, 112
Trd, 8638423.482, 138
Trd, 8638424.532, 140
Trd, 8638424.682, 140
Trd, 8638424.832, 139
Trd, 8638425.832, 106
Trd, 8638425.932, 96
Trd, 8638426.932, 60
Trd, 8638427.232, 63
Trd, 8638428.632, 62
Trd, 8638429.132, 64
Trd, 8638429.182, 62
Trd, 8638429.832, 62
Trd, 8638430.032, 104
Trd, 8638431.632, 60
Trd, 8638432.332, 60
Trd, 8638433.982, 60
Trd, 8638434.432, 60
Trd, 8638438.482, 60
Trd, 8638438.732, 60
Trd, 8638439.032, 60
Trd, 8638439.232, 61
Trd, 8638439.532, 63
Trd, 8638439.682, 64
Trd, 8638440.282, 75
Trd, 8638440.732, 63
Trd, 8638440.832, 62
Trd, 8638441.982, 65
Trd, 8638443.082, 61
Trd, 8638443.782, 67
Trd, 8638446.332, 67
Trd, 8638446.582, 67
Trd, 8638447.382, 67
Trd, 8638447.682, 66
Trd, 8638447.832, 65
Trd, 8638447.932, 62
Trd, 8638449.232, 140
Trd, 8638449.582, 140
Trd, 8638449.832, 140
Trd, 8638450.082, 138
Trd, 8638450.882, 93
Trd, 8638451.482, 92
Trd, 8638451.682, 92
Trd, 8638451.732, 105
Trd, 8638455.032, 60
Trd, 8638455.532, 60
Trd, 8638455.632, 61
Trd, 8638456.882, 63
Trd, 8638457.432, 63
Trd, 8638457.682, 64
Trd, 8638457.982, 63
Trd, 8638458.682, 65
Trd, 8638460.132, 61
Trd, 8638461.032, 62
Trd, 8638461.682, 62
Trd, 8638464.382, 60
Trd, 8638464.732, 63
Trd, 8638464.882, 60
Trd, 8638465.282, 60
Trd, 8638466.232, 62
Trd, 8638467.032, 60
Trd, 8638470.182, 60
Trd, 8638470.532, 60
Trd, 8638470.782, 60
Trd, 8638471.882, 60
Trd, 8638472.632, 61
Trd, 8638473.432, 60
Trd, 8638473.632, 62
Trd, 8638474.182, 62
Trd, 8638474.582, 63
Trd, 8638474.732, 61
Trd, 8638474.882, 60
Trd, 8638475.832, 71
Trd, 8638477.932, 89
Trd, 8638478.632, 140
Trd, 8638478.832, 134
Trd, 8638479.132, 89
Trd, 8638480.182, 77
Trd, 8638480.532, 140
Trd, 8638481.182, 81
Trd, 8638481.532, 77
Trd, 8638483.382, 61
Trd, 8638483.832, 62
Trd, 8638483.982, 70
Trd, 8638484.932, 60
Trd, 8638488.382, 60
Trd, 8638488.932, 60
Trd, 8638489.382, 64
Trd, 8638489.582, 64
Trd, 8638489.682, 65
Trd, 8638489.932, 60
Trd, 8638491.032, 65
Trd, 8638492.782, 63
Trd, 8638493.382, 62
Trd, 8638496.732, 60
Trd, 8638497.132, 62
Trd, 8638499.232, 60
Trd, 8638499.482, 60
Trd, 8638499.782, 61
Trd, 8638499.982, 60
Trd, 8638500.482, 61
Trd, 8638501.032, 60
Trd, 8638501.282, 62
Trd, 8638501.832, 62
Trd, 8638502.582, 70
Trd, 8638503.182, 83
Trd, 8638503.782, 81
Trd, 8638504.032, 97
Trd, 8638504.732, 84
Trd, 8638506.682, 139
Trd, 8638507.482, 91
Trd, 8638507.732, 140
Trd, 8638507.982, 140
Trd, 8638508.332, 131
Trd, 8638508.732, 140
Trd, 8638508.932, 83
Trd, 8638509.332, 140
Trd, 8638511.632, 140
Trd, 8638511.732, 140
Trd, 8638512.782, 140
Trd, 8638512.982, 140
Trd, 8638513.032, 140
Trd, 8638513.282, 140
Trd, 8638514.532, 140
Trd, 8638515.082, 140
Trd, 8638516.582, 140
Trd, 8638516.882, 140
Trd, 8638517.082, 140
Trd, 8638517.332, 140
Trd, 8638518.082, 138
Trd, 8638518.832, 139
Trd, 8638519.282, 139
Trd, 8638520.582, 138
Trd, 8638521.432, 140
Trd, 8638521.582, 139
Trd, 8638522.832, 140
Trd, 8638523.382, 140
Trd, 8638523.582, 138
Trd, 8638523.782, 136
Trd, 8638524.932, 114
Trd, 8638524.982, 67
Trd, 8638526.432, 139
Trd, 8638526.882, 140
Trd, 8638527.182, 140
Trd, 8638527.232, 140
Trd, 8638528.382, 140
Trd, 8638529.182, 140
Trd, 8638530.132, 140
Trd, 8638530.732, 140
Trd, 8638530.932, 140
Trd, 8638531.132, 136
Trd, 8638531.582, 62
Trd, 8638532.532, 67
Trd, 8638533.382, 140
Trd, 8638533.582, 140
Trd, 8638533.632, 140
Trd, 8638534.832, 140
Trd, 8638535.232, 140
Trd, 8638535.732, 140
Trd, 8638535.882, 116
Trd, 8638536.482, 139
Trd, 8638537.632, 140
Trd, 8638538.032, 140
Trd, 8638538.232, 139
Trd, 8638538.282, 115
Trd, 8638541.232, 60
Trd, 8638542.082, 60
Trd, 8638542.982, 60
Trd, 8638543.032, 61
Trd, 8638546.282, 60
Trd, 8638546.632, 60
Trd, 8638546.732, 61
Trd, 8638546.932, 61
Trd, 8638547.532, 67
Trd, 8638547.832, 70
Trd, 8638548.032, 75
Trd, 8638548.232, 112
Trd, 8638548.332, 77
Trd, 8638549.432, 86
Trd, 8638550.732, 60
Trd, 8638553.132, 61
Trd, 8638553.432, 61
Trd, 8638553.482, 64
Trd, 8638554.732, 62
Trd, 8638554.782, 62
Trd, 8638554.832, 61
Trd, 8638555.232, 61
Trd, 8638555.282, 99
Trd, 8638556.832, 62
Trd, 8638559.832, 61
Trd, 8638560.282, 61
Trd, 8638562.232, 61
Trd, 8638562.682, 63
Trd, 8638563.582, 63
Trd, 8638563.932, 63
Trd, 8638564.232, 68
Trd, 8638564.382, 63
Trd, 8638564.632, 66
Trd, 8638565.632, 60
Trd, 8638566.182, 61
Trd, 8638566.482, 66
Trd, 8638567.232, 66
Trd, 8638568.582, 72
Trd, 8638568.632, 70
Trd, 8638568.782, 67
Trd, 8638569.032, 105
Trd, 8638572.432, 60
Trd, 8638573.982, 60
Trd, 8638574.082, 61
Trd, 8638574.332, 61
Trd, 8638576.082, 60
Trd, 8638576.232, 60
Trd, 8638576.832, 69
Trd, 8638577.632, 67
Trd, 8638578.682, 139
Trd, 8638579.032, 69
Trd, 8638579.532, 125
Trd, 8638580.032, 100
Trd, 8638580.082, 99
Trd, 8638580.132, 98
Trd, 8638580.582, 97
Trd, 8638582.182, 69
Trd, 8638583.082, 84
Trd, 8638583.282, 82
Trd, 8638585.132, 140
Trd, 8638585.332, 140
Trd, 8638585.532, 140
Trd, 8638585.932, 140
Trd, 8638586.932, 60
Trd, 8638587.182, 62
Trd, 8638588.632, 64
Trd, 8638589.282, 63
Trd, 8638589.532, 64
Trd, 8638589.632, 61
Trd, 8638591.782, 60
Trd, 8638593.632, 60
Trd, 8638594.032, 61
Trd, 8638595.232, 60
Trd, 8638595.732, 60
Trd, 8638596.532, 60
Trd, 8638596.832, 62
Trd, 8638596.882, 65
Trd, 8638597.382, 64
Trd, 8638598.432, 82
Trd, 8638598.532, 61
Trd, 8638600.432, 61
Trd, 8638601.132, 60
Trd, 8638601.282, 64
Trd, 8638601.632, 60
Trd, 8638602.332, 65
Trd, 8638603.232, 66
Trd, 8638603.282, 102
Trd, 8638603.582, 66
Trd, 8638603.932, 61
Trd, 8638608.032, 60
Trd, 8638608.082, 61
Trd, 8638608.132, 62
Trd, 8638608.532, 61
Trd, 8638608.782, 61
Trd, 8638609.782, 65
Trd, 8638609.932, 64
Trd, 8638610.332, 63
Trd, 8638612.432, 61
Trd, 8638612.582, 61
Trd, 8638612.882, 131
Trd, 8638615.232, 64
Trd, 8638616.132, 64
Trd, 8638616.332, 65
Trd, 8638617.132, 138
Trd, 8638617.232, 137
Trd, 8638617.532, 64
Trd, 8638618.432, 60
Trd, 8638619.032, 136
Trd, 8638619.582, 135
Trd, 8638620.532, 69
Trd, 8638620.932, 69
Trd, 8638621.432, 76
Trd, 8638621.482, 75
Trd, 8638622.582, 65
Trd, 8638622.782, 64
Trd, 8638623.182, 138
Trd, 8638623.782, 79
Trd, 8638624.782, 122
Trd, 8638626.732, 64
Trd, 8638627.332, 60
Trd, 8638628.582, 60
Trd, 8638628.932, 64
Trd, 8638629.582, 60
Trd, 8638630.032, 62
Trd, 8638630.282, 62
Trd, 8638630.482, 61
Trd, 8638631.332, 138
Trd, 8638631.382, 137
Trd, 8638632.632, 140
Trd, 8638633.682, 140
Trd, 8638633.932, 140
Trd, 8638634.182, 140
Trd, 8638634.682, 140
Trd, 8638634.932, 140
Trd, 8638635.532, 140
Trd, 8638636.382, 139
Trd, 8638637.182, 140
Trd, 8638637.582, 81
Trd, 8638640.532, 61
Trd, 8638640.582, 62
Trd, 8638641.582, 64
Trd, 8638642.782, 62
Trd, 8638643.432, 62
Trd, 8638643.732, 64
Trd, 8638644.232, 64
Trd, 8638644.332, 62
Trd, 8638644.882, 64
Trd, 8638645.732, 60
Trd, 8638646.182, 61
Trd, 8638648.682, 60
Trd, 8638650.082, 63
Trd, 8638650.832, 70
Trd, 8638651.632, 60
Trd, 8638651.982, 62
Trd, 8638652.082, 65
Trd, 8638652.582, 132
Trd, 8638652.832, 132
Trd, 8638653.532, 134
Trd, 8638653.632, 133
Trd, 8638654.932, 137
Trd, 8638655.132, 137
Trd, 8638655.482, 137
Trd, 8638655.832, 140
Trd, 8638656.232, 135
Trd, 8638656.332, 99
Trd, 8638657.332, 69
Trd, 8638658.732, 60
Trd, 8638659.432, 62
Trd, 8638659.732, 65
Trd, 8638662.082, 61
Trd, 8638662.682, 60
Trd, 8638663.182, 60
Trd, 8638663.682, 60
Trd, 8638665.432, 61
Trd, 8638665.682, 62
Trd, 8638665.932, 62
Trd, 8638666.232, 65
Trd, 8638667.032, 63
Trd, 8638668.132, 68
Trd, 8638668.182, 67
Trd, 8638668.432, 65
Trd, 8638668.682, 65
Trd, 8638669.482, 63
Trd, 8638669.982, 72
Trd, 8638671.332, 63
Trd, 8638671.882, 64
Trd, 8638673.532, 62
Trd, 8638674.482, 63
Trd, 8638676.532, 61
Trd, 8638677.032, 62
Trd, 8638677.082, 63
Trd, 8638677.232, 64
Trd, 8638677.982, 63
Trd, 8638678.282, 63
Trd, 8638678.582, 61
Trd, 8638679.782, 68
Trd, 8638680.282, 69
Trd, 8638680.582, 97
Trd, 8638680.732, 69
Trd, 8638681.782, 97
Trd, 8638682.432, 140
Trd, 8638682.532, 140
Trd, 8638683.082, 140
Trd, 8638683.882, 140
Trd, 8638684.132, 140
Trd, 8638684.832, 140
Trd, 8638684.882, 140
Trd, 8638685.082, 68
Trd, 8638686.732, 140
Trd, 8638687.932, 140
Trd, 8638688.182, 140
Trd, 8638688.432, 138
Trd, 8638688.632, 139
Trd, 8638688.932, 78
Trd, 8638690.832, 140
Trd, 8638690.882, 133
Trd, 8638691.132, 64
Trd, 8638691.482, 63
Trd, 8638694.032, 62
Trd, 8638694.382, 62
Trd, 8638694.432, 62
Trd, 8638694.782, 68
Trd, 8638694.932, 62
Trd, 8638695.332, 61
Trd, 8638696.032, 64
Trd, 8638696.782, 124
Trd, 8638697.432, 69
Trd, 8638698.382, 68
Trd, 8638699.582, 140
Trd, 8638699.982, 140
Trd, 8638700.082, 140
Trd, 8638702.032, 60
Trd, 8638702.082, 61
Trd, 8638702.782, 62
Trd, 8638704.182, 63
Trd, 8638704.482, 75
Trd, 8638704.982, 67
Trd, 8638705.082, 66
Trd, 8638705.282, 62
Trd, 8638705.582, 61
Trd, 8638706.582, 63
Trd, 8638707.132, 64
Trd, 8638707.932, 64
Trd, 8638708.732, 140
Trd, 8638709.332, 88
Trd, 8638709.582, 103
Trd, 8638709.632, 70
Trd, 8638711.532, 61
Trd, 8638713.582, 60
Trd, 8638714.082, 62
Trd, 8638714.332, 62
Trd, 8638714.532, 63
Trd, 8638714.632, 62
Trd, 8638715.382, 63
Trd, 8638715.482, 60
Trd, 8638716.532, 62
Trd, 8638716.982, 61
Trd, 8638717.332, 61
Trd, 8638717.932, 61
Trd, 8638718.282, 107
Trd, 8638718.682, 62
Trd, 8638718.982, 63
Trd, 8638719.532, 112
Trd, 8638719.982, 63
Trd, 8638721.132, 70
Trd, 8638721.182, 66
Trd, 8638722.132, 67
Trd, 8638723.132, 122
Trd, 8638723.482, 139
Trd, 8638723.782, 69
Trd, 8638724.132, 68
Trd, 8638725.132, 63
Trd, 8638726.632, 60
Trd, 8638727.082, 60
Trd, 8638728.432, 60
Trd, 8638730.182, 60
Trd, 8638730.582, 60
Trd, 8638733.232, 61
Trd, 8638733.582, 61
Trd, 8638733.632, 60
Trd, 8638734.132, 63
Trd, 8638734.882, 61
Trd, 8638735.032, 61
Trd, 8638735.282, 61
Trd, 8638735.432, 62
Trd, 8638737.382, 61
Trd, 8638740.432, 60
Trd, 8638740.732, 64
Trd, 8638741.182, 61
Trd, 8638741.782, 62
Trd, 8638742.632, 61
Trd, 8638743.282, 64
Trd, 8638743.582, 64
Trd, 8638744.032, 87
Trd, 8638745.482, 62
Trd, 8638745.982, 61
Trd, 8638746.682, 60
Trd, 8638750.382, 61
Trd, 8638750.932, 62
Trd, 8638751.582, 61
Trd, 8638751.832, 63
Trd, 8638752.332, 61
Trd, 8638752.382, 62
Trd, 8638752.632, 61
Trd, 8638753.982, 68
Trd, 8638754.382, 139
Trd, 8638754.982, 69
Trd, 8638755.932, 91
Trd, 8638758.832, 61
Trd, 8638759.982, 60
Trd, 8638760.582, 62
Trd, 8638761.282, 60
Trd, 8638761.782, 60
Trd, 8638761.932, 62
Trd, 8638762.632, 65
Trd, 8638763.032, 64
Trd, 8638763.232, 65
Trd, 8638763.982, 75
Trd, 8638764.232, 64
Trd, 8638764.832, 65
Trd, 8638765.482, 64
Trd, 8638765.982, 63
Trd, 8638766.132, 136
Trd, 8638767.282, 140
Trd, 8638768.032, 62
Trd, 8638769.082, 62
Trd, 8638771.432, 60
Trd, 8638772.182, 61
Trd, 8638774.782, 60
Trd, 8638775.632, 60
Trd, 8638775.782, 63
Trd, 8638776.132, 60
Trd, 8638776.282, 61
Trd, 8638776.582, 64
Trd, 8638777.132, 61
Trd, 8638777.432, 62
Trd, 8638778.032, 62
Trd, 8638780.282, 60
Trd, 8638780.632, 61
Trd, 8638781.582, 60
Trd, 8638782.132, 60
Trd, 8638782.382, 60
Trd, 8638783.082, 60
Trd, 8638783.832, 62
Trd, 8638784.432, 63
Trd, 8638784.482, 61
Trd, 8638785.132, 63
Trd, 8638788.182, 61
Trd, 8638788.882, 63
Trd, 8638789.682, 60
Trd, 8638790.732, 60
Trd, 8638790.882, 60
Trd, 8638791.232, 61
Trd, 8638791.532, 60
Trd, 8638791.832, 61
Trd, 8638791.982, 65
Trd, 8638792.382, 65
Trd, 8638793.032, 62
Trd, 8638795.732, 62
Trd, 8638798.032, 60
Trd, 8638799.282, 60
Trd, 8638801.632, 60
Trd, 8638801.682, 60
Trd, 8638801.882, 61
Trd, 8638802.432, 62
Trd, 8638802.532, 61
Trd, 8638802.732, 140
Trd, 8638803.632, 65
Trd, 8638803.882, 62
Trd, 8638804.332, 92
Trd, 8638804.782, 140
Trd, 8638805.732, 140
Trd, 8638806.082, 140
Trd, 8638806.132, 140
Trd, 8638807.332, 140
Trd, 8638807.932, 140
Trd, 8638809.132, 137
Trd, 8638809.332, 133
Trd, 8638810.232, 122
Trd, 8638810.732, 101
Trd, 8638811.982, 98
Trd, 8638812.532, 97
Trd, 8638812.582, 96
Trd, 8638812.832, 63
Trd, 8638813.182, 63
Trd, 8638813.982, 60
Trd, 8638814.232, 117
Trd, 8638816.132, 60
Trd, 8638816.732, 61
Trd, 8638818.232, 60
Trd, 8638819.182, 61
Trd, 8638819.282, 61
Trd, 8638819.482, 62
Trd, 8638819.882, 64
Trd, 8638820.932, 140
Trd, 8638821.282, 140
Trd, 8638822.282, 140
Trd, 8638822.482, 140
Trd, 8638822.882, 140
Trd, 8638823.282, 139
Trd, 8638823.382, 136
Trd, 8638824.432, 106
Trd, 8638825.182, 90
Trd, 8638825.382, 87
Trd, 8638826.132, 73
Trd, 8638826.482, 71
Trd, 8638826.582, 62
Trd, 8638829.532, 60
Trd, 8638829.882, 75
Trd, 8638829.932, 116
Trd, 8638831.232, 62
Trd, 8638832.932, 60
Trd, 8638833.232, 60
Trd, 8638833.482, 61
Trd, 8638833.582, 64
Trd, 8638833.732, 61
Trd, 8638834.682, 68
Trd, 8638834.782, 83
Trd, 8638835.582, 140
Trd, 8638836.032, 140
Trd, 8638836.232, 140
Trd, 8638836.282, 140
Trd, 8638837.232, 62
Trd, 8638838.432, 132
Trd, 8638838.682, 105
Trd, 8638839.082, 106
Trd, 8638839.332, 105
Trd, 8638839.782, 60
Trd, 8638840.282, 61
Trd, 8638840.832, 71
Trd, 8638841.332, 71
Trd, 8638842.032, 62
Trd, 8638844.082, 60
Trd, 8638844.582, 60
Trd, 8638845.282, 62
Trd, 8638845.682, 61
Trd, 8638846.032, 61
Trd, 8638846.082, 65
Trd, 8638846.832, 60
Trd, 8638849.882, 63
Trd, 8638850.432, 61
Trd, 8638850.582, 63
Trd, 8638852.382, 61
Trd, 8638853.482, 63
Trd, 8638856.032, 60
Trd, 8638856.332, 61
Trd, 8638856.582, 61
Trd, 8638856.932, 61
Trd, 8638857.382, 60
Trd, 8638858.432, 62
Trd, 8638858.882, 63
Trd, 8638859.332, 62
Trd, 8638861.582, 61
Trd, 8638861.732, 61
Trd, 8638862.782, 61
Trd, 8638863.132, 61
Trd, 8638863.532, 62
Trd, 8638863.782, 64
Trd, 8638864.332, 140
Trd, 8638865.332, 140
Trd, 8638865.582, 140
Trd, 8638865.782, 140
Trd, 8638866.132, 140
Trd, 8638866.832, 140
Trd, 8638867.382, 140
Trd, 8638867.582, 140
Trd, 8638868.032, 140
Trd, 8638868.582, 139
Trd, 8638868.832, 138
Trd, 8638868.932, 130
Trd, 8638870.282, 140
Trd, 8638871.032, 136
Trd, 8638871.882, 63
Trd, 8638872.432, 64
Trd, 8638873.182, 61
Trd, 8638874.782, 78
Trd, 8638874.832, 68
Trd, 8638874.882, 67
Trd, 8638875.482, 64
Trd, 8638875.932, 64
Trd, 8638876.132, 140
Trd, 8638876.482, 140
Trd, 8638877.082, 140
Trd, 8638877.232, 140
Trd, 8638877.582, 140
Trd, 8638879.282, 61
Trd, 8638879.632, 133
Trd, 8638880.232, 70
Trd, 8638880.432, 71
Trd, 8638880.982, 140
Trd, 8638881.932, 140
Trd, 8638881.982, 140
Trd, 8638882.032, 139
Trd, 8638882.132, 100
Trd, 8638882.932, 67
Trd, 8638883.982, 111
Trd, 8638885.482, 124
Trd, 8638885.882, 140
Trd, 8638885.982, 123
Trd, 8638886.332, 93
Trd, 8638886.532, 94
Trd, 8638886.832, 62
Trd, 8638887.582, 132
Trd, 8638889.932, 60
Trd, 8638892.532, 62
Trd, 8638893.082, 64
Trd, 8638893.582, 64
Trd, 8638895.182, 60
Trd, 8638896.332, 62
Trd, 8638896.832, 64
Trd, 8638897.032, 64
Trd, 8638897.132, 65
Trd, 8638897.932, 65
Trd, 8638899.782, 60
Trd, 8638900.082, 61
Trd, 8638900.332, 60
Trd, 8638901.282, 60
Trd, 8638901.432, 60
Trd, 8638901.782, 63
Trd, 8638901.982, 66
Trd, 8638904.632, 60
Trd, 8638906.682, 61
Trd, 8638906.832, 61
Trd, 8638909.682, 60
Trd, 8638910.432, 60
Trd, 8638911.632, 60
Trd, 8638911.732, 61
Trd, 8638912.132, 62
Trd, 8638912.432, 67
Trd, 8638912.582, 63
Trd, 8638913.032, 68
Trd, 8638913.182, 105
Trd, 8638913.782, 71
Trd, 8638914.082, 72
Trd, 8638915.532, 134
Trd, 8638915.832, 134
Trd, 8638916.082, 138
Trd, 8638916.432, 135
Trd, 8638916.532, 134
Trd, 8638917.182, 132
Trd, 8638917.532, 96
Trd, 8638919.032, 63
Trd, 8638919.932, 62
Trd, 8638920.582, 61
Trd, 8638920.732, 61
Trd, 8638921.132, 61
Trd, 8638921.232, 61
Trd, 8638922.232, 64
Trd, 8638922.382, 63
Trd, 8638922.682, 63
Trd, 8638923.182, 60
Trd, 8638923.532, 92
Trd, 8638924.032, 74
Trd, 8638925.982, 60
Trd, 8638927.682, 62
Trd, 8638929.082, 60
Trd, 8638929.882, 61
Trd, 8638929.932, 60
Trd, 8638930.482, 63
Trd, 8638930.732, 65
Trd, 8638931.182, 140
Trd, 8638931.882, 61
Trd, 8638932.482, 60
Trd, 8638935.332, 62
Trd, 8638935.932, 62
Trd, 8638938.132, 63
Trd, 8638938.432, 61
Trd, 8638938.832, 61
Trd, 8638939.282, 61
Trd, 8638939.982, 63
Trd, 8638940.132, 73
Trd, 8638940.882, 66
Trd, 8638941.032, 67
Trd, 8638941.332, 66
Trd, 8638941.482, 74
Trd, 8638942.082, 68
Trd, 8638942.182, 67
Trd, 8638943.332, 91
Trd, 8638943.382, 90
Trd, 8638945.682, 60
Trd, 8638945.782, 61
Trd, 8638946.082, 61
Trd, 8638946.232, 63
Trd, 8638948.182, 140
Trd, 8638949.232, 140
Trd, 8638949.382, 140
Trd, 8638949.982, 140
Trd, 8638950.032, 140
Trd, 8638950.082, 140
Trd, 8638950.482, 140
Trd, 8638950.582, 135
Trd, 8638952.282, 60
Trd, 8638953.032, 68
Trd, 8638953.182, 69
Trd, 8638954.882, 62
Trd, 8638955.682, 60
Trd, 8638957.332, 69
Trd, 8638958.282, 64
Trd, 8638958.532, 62
Trd, 8638959.132, 60
Trd, 8638959.982, 60
Trd, 8638960.132, 66
Trd, 8638961.582, 62
Trd, 8638963.332, 62
Trd, 8638963.732, 62
Trd, 8638964.232, 60
Trd, 8638964.282, 64
Trd, 8638964.882, 60
Trd, 8638966.182, 63
Trd, 8638966.482, 61
Trd, 8638966.882, 66
Trd, 8638967.682, 64
Trd, 8638968.682, 70
Trd, 8638972.382, 60
Trd, 8638972.432, 60
Trd, 8638972.782, 60
Trd, 8638972.982, 62
Trd, 8638973.232, 61
Trd, 8638974.182, 61
Trd, 8638974.932, 62
Trd, 8638975.232, 61
Trd, 8638975.332, 64
Trd, 8638976.532, 64
Trd, 8638977.232, 61
Trd, 8638977.432, 65
Trd, 8638979.532, 140
Trd, 8638980.132, 140
Trd, 8638980.182, 140
Trd, 8638980.482, 140
Trd, 8638981.632, 140
Trd, 8638983.432, 140
Trd, 8638983.932, 140
Trd, 8638984.132, 140
Trd, 8638984.532, 140
Trd, 8638984.782, 140
Trd, 8638985.032, 140
Trd, 8638985.432, 136
Trd, 8638987.782, 60
Trd, 8638988.082, 62
Trd, 8638988.782, 63
Trd, 8638989.082, 63
Trd, 8638989.382, 64
Trd, 8638989.732, 63
Trd, 8638991.432, 60
Trd, 8638992.182, 62
Trd, 8638992.232, 60
Trd, 8638993.382, 63
Trd, 8638994.482, 65
Trd, 8638995.782, 60
Trd, 8638996.932, 60
Trd, 8638998.232, 60
Trd, 8638998.632, 61
Trd, 8638999.582, 62
Trd, 8639001.432, 61
Trd, 8639001.582, 60
Trd, 8639001.732, 61
Trd, 8639002.032, 62
Trd, 8639002.682, 62
Trd, 8639003.082, 63
Trd, 8639003.632, 68
Trd, 8639005.132, 60
Trd, 8639007.132, 60
Trd, 8639008.432, 62
Trd, 8639008.782, 62
Trd, 8639008.932, 65
Trd, 8639010.432, 62
Trd, 8639010.832, 61
Trd, 8639010.932, 60
Trd, 8639011.432, 60
Trd, 8639011.682, 62
Trd, 8639012.432, 117
Trd, 8639012.732, 116
Trd, 8639012.982, 66
Trd, 8639014.032, 63
Trd, 8639014.282, 63
Trd, 8639014.882, 63
Trd, 8639015.132, 66
Trd, 8639016.432, 67
Trd, 8639017.132, 140
Trd, 8639017.182, 129
Trd, 8639017.232, 128
Trd, 8639017.782, 67
Trd, 8639022.282, 60
Trd, 8639022.482, 60
Trd, 8639022.532, 62
Trd, 8639022.832, 62
Trd, 8639023.482, 62
Trd, 8639023.782, 62
Trd, 8639024.332, 63
Trd, 8639024.432, 64
Trd, 8639024.982, 64
Trd, 8639025.332, 63
Trd, 8639027.782, 62
Trd, 8639028.132, 62
Trd, 8639031.382, 61
Trd, 8639032.282, 60
Trd, 8639032.482, 60
Trd, 8639033.182, 61
Trd, 8639033.782, 62
Trd, 8639033.932, 64
Trd, 8639034.382, 65
Trd, 8639034.532, 132
Trd, 8639035.232, 65
Trd, 8639035.432, 65
Trd, 8639035.782, 64
Trd, 8639035.882, 63
Trd, 8639036.732, 60
Trd, 8639038.682, 62
Trd, 8639039.382, 68
Trd, 8639043.032, 62
Trd, 8639043.482, 62
Trd, 8639043.682, 63
Trd, 8639043.832, 63
Trd, 8639044.132, 63
Trd, 8639044.482, 64
Trd, 8639044.732, 61
Trd, 8639045.932, 60
Trd, 8639046.432, 62
Trd, 8639046.932, 63
Trd, 8639048.332, 60
Trd, 8639049.532, 60
Trd, 8639049.632, 60
Trd, 8639050.832, 60
Trd, 8639052.882, 61
Trd, 8639053.082, 60
Trd, 8639053.932, 67
Trd, 8639053.982, 65
Trd, 8639054.382, 67
Trd, 8639054.932, 62
Trd, 8639055.482, 64
Trd, 8639056.232, 61
Trd, 8639057.032, 140
Trd, 8639057.682, 124
Trd, 8639057.932, 123
Trd, 8639057.982, 121
Trd, 8639058.582, 64
Trd, 8639059.082, 62
Trd, 8639059.532, 67
Trd, 8639060.532, 90
Trd, 8639062.482, 67
Trd, 8639062.882, 60
Trd, 8639066.082, 60
Trd, 8639066.232, 60
Trd, 8639066.282, 60
Trd, 8639066.382, 60
Trd, 8639066.532, 61
Trd, 8639067.132, 62
Trd, 8639067.382, 62
Trd, 8639067.882, 66
Trd, 8639068.382, 60
Trd, 8639069.382, 62
Trd, 8639069.432, 65
Trd, 8639070.532, 64
Trd, 8639070.882, 63
Trd, 8639072.132, 61
Trd, 8639074.432, 60
Trd, 8639074.832, 60
Trd, 8639075.832, 60
Trd, 8639076.982, 60
Trd, 8639077.132, 61
Trd, 8639077.282, 60
Trd, 8639077.332, 61
Trd, 8639078.082, 60
Trd, 8639079.632, 61
Trd, 8639079.782, 62
Trd, 8639081.132, 62
Trd, 8639081.332, 64
Trd, 8639081.932, 61
Trd, 8639082.632, 66
Trd, 8639083.982, 60
Trd, 8639088.232, 60
Trd, 8639088.532, 61
Trd, 8639089.582, 61
Trd, 8639089.832, 62
Trd, 8639089.932, 62
Trd, 8639090.432, 61
Trd, 8639090.482, 61
Trd, 8639091.032, 61
Trd, 8639093.532, 60
Trd, 8639094.432, 63
Trd, 8639095.432, 111
Trd, 8639096.282, 60
Trd, 8639096.332, 60
Trd, 8639096.382, 60
Trd, 8639097.432, 60
Trd, 8639097.482, 60
Trd, 8639097.632, 61
Trd, 8639099.132, 62
Trd, 8639099.582, 65
Trd, 8639099.682, 64
Trd, 8639099.832, 63
Trd, 8639101.532, 62
Trd, 8639101.882, 64
Trd, 8639102.482, 66
Trd, 8639103.982, 64
Trd, 8639104.782, 60
Trd, 8639107.032, 62
Trd, 8639108.432, 60
Trd, 8639109.332, 60
Trd, 8639109.682, 61
Trd, 8639109.832, 63
Trd, 8639110.732, 62
Trd, 8639111.082, 64
Trd, 8639112.382, 60
Trd, 8639112.832, 62
Trd, 8639113.182, 63
Trd, 8639113.232, 62
Trd, 8639113.782, 61
Trd, 8639114.982, 61
Trd, 8639115.632, 61
Trd, 8639116.032, 67
Trd, 8639116.332, 70
Trd, 8639116.782, 70
Trd, 8639116.932, 69
Trd, 8639117.632, 91
Trd, 8639118.082, 139
Trd, 8639118.782, 76
Trd, 8639119.332, 78
Trd, 8639120.132, 83
Trd, 8639120.482, 82
Trd, 8639120.982, 140
Trd, 8639121.132, 138
Trd, 8639121.582, 87
Trd, 8639121.632, 76
Trd, 8639122.482, 140
Trd, 8639122.732, 140
Trd, 8639123.482, 61
Trd, 8639124.182, 82
Trd, 8639125.082, 61
Trd, 8639126.332, 60
Trd, 8639126.532, 71
Trd, 8639129.232, 60
Trd, 8639129.532, 61
Trd, 8639129.732, 61
Trd, 8639130.082, 61
Trd, 8639130.482, 63
Trd, 8639131.332, 67
Trd, 8639131.732, 68
Trd, 8639132.682, 73
Trd, 8639132.782, 68
Trd, 8639133.632, 139
Trd, 8639133.682, 136
Trd, 8639135.532, 105
Trd, 8639135.932, 85
Trd, 8639136.082, 83
Trd, 8639136.282, 81
Trd, 8639136.732, 105
Trd, 8639136.782, 104
Trd, 8639138.132, 140
Trd, 8639138.682, 140
Trd, 8639138.782, 140
Trd, 8639139.632, 126
Trd, 8639140.882, 62
Trd, 8639142.032, 62
Trd, 8639143.732, 61
Trd, 8639144.582, 62
Trd, 8639146.782, 60
Trd, 8639146.982, 61
Trd, 8639147.482, 61
Trd, 8639147.682, 62
Trd, 8639148.232, 64
Trd, 8639148.282, 63
Trd, 8639149.332, 64
Trd, 8639149.982, 65
Trd, 8639150.782, 66
Trd, 8639151.382, 67
Trd, 8639151.532, 67
Trd, 8639152.082, 66
Trd, 8639152.682, 132
Trd, 8639154.132, 60
Trd, 8639154.732, 61
Trd, 8639157.782, 60
Trd, 8639158.282, 60
Trd, 8639158.582, 60
Trd, 8639159.432, 63
Trd, 8639159.932, 62
Trd, 8639160.232, 60
Trd, 8639160.332, 61
Trd, 8639161.382, 119
Trd, 8639161.882, 66
Trd, 8639162.132, 69
Trd, 8639162.982, 70
Trd, 8639163.532, 64
Trd, 8639165.782, 73
Trd, 8639166.032, 97
Trd, 8639166.582, 69
Trd, 8639166.932, 140
Trd, 8639167.032, 69
Trd, 8639167.082, 68
Trd, 8639168.132, 113
Trd, 8639168.382, 126
Trd, 8639168.932, 127
Trd, 8639169.082, 125
Trd, 8639170.782, 138
Trd, 8639172.232, 60
Trd, 8639173.632, 63
Trd, 8639173.982, 60
Trd, 8639175.182, 60
Trd, 8639175.932, 60
Trd, 8639176.132, 60
Trd, 8639176.482, 60
Trd, 8639177.732, 60
Trd, 8639179.482, 62
Trd, 8639181.082, 60
Trd, 8639181.532, 61
Trd, 8639181.932, 62
Trd, 8639182.132, 60
Trd, 8639182.182, 64
Trd, 8639182.682, 107
Trd, 8639182.982, 65
Trd, 8639183.882, 60
Trd, 8639184.782, 63
Trd, 8639186.832, 60
Trd, 8639188.182, 60
Trd, 8639190.132, 60
Trd, 8639190.782, 61
Trd, 8639191.032, 62
Trd, 8639191.282, 62
Trd, 8639191.432, 62
Trd, 8639191.482, 64
Trd, 8639191.732, 62
Trd, 8639192.132, 63
Trd, 8639193.082, 63
Trd, 8639193.232, 60
Trd, 8639194.232, 140
Trd, 8639194.282, 140
Trd, 8639194.632, 90
Trd, 8639195.182, 61
Trd, 8639197.482, 61
Trd, 8639197.882, 60
Trd, 8639199.182, 61
Trd, 8639199.732, 64
Trd, 8639200.182, 66
Trd, 8639200.332, 65
Trd, 8639200.582, 63
Trd, 8639201.082, 96
Trd, 8639202.282, 61
Trd, 8639202.582, 61
Trd, 8639203.032, 65
Trd, 8639203.132, 64
Trd, 8639204.032, 65
Trd, 8639204.282, 63
Trd, 8639204.532, 63
Trd, 8639205.932, 140
Trd, 8639206.182, 140
Trd, 8639206.482, 140
Trd, 8639206.732, 139
Trd, 8639207.282, 135
Trd, 8639208.232, 85
Trd, 8639210.832, 62
Trd, 8639211.382, 60
Trd, 8639212.032, 61
Trd, 8639213.082, 62
Trd, 8639214.582, 63
Trd, 8639216.682, 60
Trd, 8639216.832, 61
Trd, 8639216.982, 61
Trd, 8639217.432, 61
Trd, 8639217.982, 64
Trd, 8639218.382, 89
Trd, 8639218.732, 135
Trd, 8639219.532, 65
Trd, 8639219.832, 65
Trd, 8639220.132, 69
Trd, 8639220.582, 66
Trd, 8639220.632, 103
Trd, 8639221.132, 139
Trd, 8639221.982, 64
Trd, 8639224.832, 60
Trd, 8639225.632, 61
Trd, 8639227.332, 60
Trd, 8639228.032, 61
Trd, 8639228.132, 62
Trd, 8639228.282, 63
Trd, 8639229.732, 60
Trd, 8639230.132, 60
Trd, 8639230.282, 60
Trd, 8639231.482, 60
Trd, 8639231.882, 61
Trd, 8639233.082, 63
Trd, 8639234.482, 60
Trd, 8639235.032, 60
Trd, 8639236.682, 60
Trd, 8639238.432, 60
Trd, 8639238.732, 60
Trd, 8639238.982, 61
Trd, 8639239.582, 61
Trd, 8639239.682, 61
Trd, 8639240.182, 61
Trd, 8639240.782, 61
Trd, 8639240.832, 63
Trd, 8639241.232, 64
Trd, 8639242.432, 94
Trd, 8639243.432, 60
Trd, 8639246.432, 62
Trd, 8639246.682, 65
Trd, 8639247.182, 61
Trd, 8639248.782, 60
Trd, 8639248.882, 60
Trd, 8639250.482, 61
Trd, 8639250.682, 62
Trd, 8639251.032, 62
Trd, 8639251.132, 61
Trd, 8639251.482, 62
Trd, 8639252.132, 65
Trd, 8639252.182, 63
Trd, 8639253.582, 66
Trd, 8639254.132, 66
Trd, 8639254.482, 70
Trd, 8639256.032, 62
Trd, 8639257.032, 60
Trd, 8639257.532, 61
Trd, 8639259.032, 61
Trd, 8639260.532, 62
Trd, 8639261.432, 60
Trd, 8639262.882, 60
Trd, 8639262.982, 60
Trd, 8639263.082, 61
Trd, 8639263.682, 62
Trd, 8639263.832, 62
Trd, 8639263.982, 61
Trd, 8639264.232, 64
Trd, 8639264.782, 61
Trd, 8639266.032, 61
Trd, 8639267.082, 63
Trd, 8639268.082, 62
Trd, 8639269.682, 60
Trd, 8639270.132, 61
Trd, 8639270.482, 61
Trd, 8639270.632, 61
Trd, 8639271.382, 60
Trd, 8639272.882, 63
Trd, 8639273.282, 63
Trd, 8639273.682, 64
Trd, 8639274.132, 64
Trd, 8639275.182, 138
Trd, 8639275.282, 137
Trd, 8639276.082, 72
Trd, 8639276.382, 70
Trd, 8639277.632, 65
Trd, 8639278.882, 60
Trd, 8639279.132, 60
Trd, 8639280.882, 60
Trd, 8639280.932, 61
Trd, 8639281.082, 64
Trd, 8639281.532, 65
Trd, 8639281.832, 60
Trd, 8639282.232, 62
Trd, 8639282.682, 62
Trd, 8639282.732, 72
Trd, 8639283.182, 62
Trd, 8639285.832, 61
Trd, 8639285.982, 61
Trd, 8639288.532, 60
Trd, 8639290.282, 61
Trd, 8639290.732, 62
Trd, 8639290.782, 65
Trd, 8639290.882, 62
Trd, 8639291.482, 67
Trd, 8639291.832, 61
Trd, 8639292.182, 68
Trd, 8639293.482, 70
Trd, 8639297.082, 61
Trd, 8639298.432, 60
Trd, 8639299.182, 61
Trd, 8639299.382, 63
Trd, 8639299.432, 66
Trd, 8639299.532, 63
Trd, 8639299.782, 63
Trd, 8639300.132, 68
Trd, 8639300.382, 67
Trd, 8639300.932, 66
Trd, 8639301.482, 69
Trd, 8639302.882, 72
Trd, 8639303.632, 136
Trd, 8639304.732, 140
Trd, 8639305.032, 140
Trd, 8639305.782, 138
Trd, 8639306.182, 137
Trd, 8639306.282, 136
Trd, 8639306.482, 123
Trd, 8639307.282, 140
Trd, 8639307.532, 61
Trd, 8639309.332, 61
Trd, 8639309.982, 61
Trd, 8639310.682, 62
Trd, 8639313.182, 60
Trd, 8639314.982, 60
Trd, 8639315.082, 60
Trd, 8639315.332, 60
Trd, 8639315.982, 61
Trd, 8639316.732, 60
Trd, 8639317.482, 60
Trd, 8639318.532, 62
Trd, 8639319.582, 63
Trd, 8639322.532, 61
Trd, 8639322.732, 63
Trd, 8639322.832, 62
Trd, 8639323.332, 62
Trd, 8639323.632, 69
Trd, 8639324.182, 73
Trd, 8639324.382, 62
Trd, 8639324.682, 82
Trd, 8639325.232, 68
Trd, 8639325.632, 68
Trd, 8639325.932, 67
Trd, 8639326.332, 140
Trd, 8639327.232, 61
Trd, 8639328.182, 133
Trd, 8639328.482, 133
Trd, 8639328.682, 133
Trd, 8639329.032, 134
Trd, 8639329.532, 133
Trd, 8639330.982, 81
Trd, 8639331.882, 85
Trd, 8639332.632, 139
Trd, 8639332.882, 99
Trd, 8639333.332, 96
Trd, 8639333.832, 85
Trd, 8639334.182, 62
Trd, 8639334.832, 140
Trd, 8639337.932, 60
Trd, 8639338.582, 62
Trd, 8639339.982, 60
Trd, 8639340.332, 61
Trd, 8639340.632, 62
Trd, 8639340.782, 65
Trd, 8639341.432, 61
Trd, 8639342.432, 61
Trd, 8639342.682, 61
Trd, 8639343.082, 62
Trd, 8639344.132, 64
Trd, 8639344.882, 140
Trd, 8639344.932, 139
Trd, 8639345.082, 131
Trd, 8639345.182, 72
Trd, 8639346.732, 139
Trd, 8639347.932, 61
Trd, 8639351.182, 60
Trd, 8639351.582, 60
Trd, 8639352.582, 61
Trd, 8639352.882, 63
Trd, 8639353.232, 62
Trd, 8639353.532, 63
Trd, 8639353.832, 62
Trd, 8639354.282, 62
Trd, 8639354.532, 65
Trd, 8639354.732, 64
Trd, 8639355.232, 61
Trd, 8639355.532, 60
Trd, 8639356.382, 64
Trd, 8639357.932, 60
Trd, 8639358.082, 61
Trd, 8639358.232, 61
Trd, 8639358.682, 61
Trd, 8639358.882, 61
Trd, 8639360.282, 67
Trd, 8639360.982, 67
Trd, 8639361.132, 68
Trd, 8639361.232, 66
Trd, 8639362.232, 64
Trd, 8639362.532, 65
Trd, 8639362.682, 66
Trd, 8639364.482, 62
Trd, 8639366.132, 61
Trd, 8639367.932, 60
Trd, 8639369.432, 60
Trd, 8639369.882, 68
Trd, 8639370.282, 67
Trd, 8639370.332, 66
Trd, 8639370.782, 116
Trd, 8639371.032, 113
Trd, 8639371.532, 113
Trd, 8639371.632, 112
Trd, 8639372.282, 61
Trd, 8639372.882, 139
Trd, 8639374.132, 140
Trd, 8639374.182, 140
Trd, 8639374.282, 95
Trd, 8639376.482, 65
Trd, 8639377.582, 61
Trd, 8639378.182, 62
Trd, 8639381.032, 61
Trd, 8639381.182, 60
Trd, 8639382.032, 60
Trd, 8639382.082, 62
Trd, 8639382.282, 69
Trd, 8639383.382, 61
Trd, 8639384.182, 61
Trd, 8639385.982, 60
Trd, 8639386.532, 60
Trd, 8639387.932, 61
Trd, 8639389.432, 60
Trd, 8639389.882, 62
Trd, 8639392.382, 60
Trd, 8639392.432, 61
Trd, 8639392.582, 61
Trd, 8639392.632, 61
Trd, 8639392.732, 60
Trd, 8639392.882, 65
Trd, 8639393.882, 61
Trd, 8639394.432, 68
Trd, 8639395.482, 101
Trd, 8639395.582, 100
Trd, 8639395.632, 99
Trd, 8639397.582, 60
Trd, 8639399.732, 60
Trd, 8639400.582, 61
Trd, 8639401.332, 62
Trd, 8639402.082, 60
Trd, 8639402.582, 62
Trd, 8639403.082, 60
Trd, 8639404.432, 63
Trd, 8639405.082, 65
Trd, 8639405.182, 66
Trd, 8639405.482, 66
Trd, 8639405.732, 71
Trd, 8639405.782, 65
Trd, 8639407.082, 99
Trd, 8639407.382, 62
Trd, 8639408.232, 61
Trd, 8639409.482, 61
Trd, 8639412.782, 60
Trd, 8639413.832, 60
Trd, 8639415.132, 60
Trd, 8639415.332, 60
Trd, 8639415.382, 60
Trd, 8639416.632, 62
Trd, 8639416.682, 62
Trd, 8639417.332, 61
Trd, 8639417.532, 63
Trd, 8639418.332, 60
Trd, 8639419.082, 64
Trd, 8639419.382, 62
Trd, 8639420.532, 81
Trd, 8639421.032, 66
Trd, 8639421.132, 65
Trd, 8639421.282, 68
Trd, 8639422.032, 118
Trd, 8639422.082, 117
Trd, 8639423.432, 140
Trd, 8639423.532, 140
Trd, 8639424.882, 62
Trd, 8639425.732, 61
Trd, 8639426.232, 68
Trd, 8639428.282, 60
Trd, 8639429.132, 60
Trd, 8639429.832, 62
Trd, 8639430.882, 63
Trd, 8639430.982, 62
Trd, 8639431.532, 65
Trd, 8639432.132, 138
Trd, 8639432.582, 68
Trd, 8639433.332, 71
Trd, 8639434.232, 72
Trd, 8639434.382, 120
Trd, 8639439.132, 64
Trd, 8639440.382, 60
Trd, 8639440.782, 62
Trd, 8639440.882, 63
Trd, 8639441.132, 66
Trd, 8639441.282, 69
Trd, 8639441.832, 64
Trd, 8639442.032, 66
Trd, 8639442.332, 62
Trd, 8639443.282, 139
Trd, 8639443.682, 72
Trd, 8639443.732, 71
Trd, 8639444.882, 95
Trd, 8639445.582, 72
Trd, 8639445.832, 101
Trd, 8639445.982, 100
Trd, 8639446.682, 81
Trd, 8639448.682, 61
Trd, 8639448.832, 62
Trd, 8639450.382, 62
Trd, 8639451.982, 60
Trd, 8639453.832, 61
Trd, 8639453.882, 61
Trd, 8639454.032, 61
Trd, 8639454.082, 63
Trd, 8639454.682, 61
Trd, 8639454.832, 79
Trd, 8639455.932, 60
Trd, 8639456.782, 60
Trd, 8639457.332, 61
Trd, 8639457.682, 60
Trd, 8639458.232, 62
Trd, 8639459.282, 63
Trd, 8639459.832, 63
Trd, 8639460.282, 66
Trd, 8639461.332, 70
Trd, 8639461.632, 68
Trd, 8639461.732, 66
Trd, 8639463.332, 66
Trd, 8639463.532, 72
Trd, 8639466.332, 61
Trd, 8639467.332, 60
Trd, 8639468.382, 60
Trd, 8639469.882, 60
Trd, 8639470.032, 61
Trd, 8639470.132, 62
Trd, 8639470.482, 62
Trd, 8639470.782, 73
Trd, 8639472.332, 140
Trd, 8639472.432, 140
Trd, 8639472.682, 140
Trd, 8639472.882, 140
Trd, 8639473.282, 140
Trd, 8639473.732, 85
Trd, 8639474.332, 77
Trd, 8639474.832, 63
Trd, 8639477.182, 61
Trd, 8639477.532, 62
Trd, 8639478.682, 61
Trd, 8639479.382, 61
Trd, 8639480.982, 61
Trd, 8639481.282, 61
Trd, 8639481.382, 62
Trd, 8639481.482, 62
Trd, 8639482.082, 64
Trd, 8639482.282, 62
Trd, 8639482.482, 65
Trd, 8639483.282, 63
Trd, 8639483.332, 62
Trd, 8639485.982, 60
Trd, 8639486.932, 60
Trd, 8639487.882, 60
Trd, 8639488.182, 67
Trd, 8639490.782, 60
Trd, 8639491.982, 60
Trd, 8639492.182, 61
Trd, 8639492.632, 61
Trd, 8639492.832, 63
Trd, 8639493.332, 65
Trd, 8639493.432, 68
Trd, 8639495.532, 71
Trd, 8639495.582, 70
Trd, 8639496.332, 73
Trd, 8639496.782, 75
Trd, 8639497.532, 100
Trd, 8639497.632, 108
Trd, 8639497.682, 135
Trd, 8639498.782, 60
Trd, 8639503.032, 61
Trd, 8639503.832, 60
Trd, 8639504.782, 61
Trd, 8639504.882, 62
Trd, 8639504.982, 63
Trd, 8639506.232, 62
Trd, 8639506.332, 65
Trd, 8639506.882, 63
Trd, 8639507.532, 67
Trd, 8639507.732, 67
Trd, 8639507.982, 72
Trd, 8639508.232, 66
Trd, 8639510.882, 60
Trd, 8639510.932, 64
Trd, 8639511.382, 62
Trd, 8639514.032, 62
Trd, 8639515.432, 62
Trd, 8639515.782, 62
Trd, 8639516.182, 62
Trd, 8639516.432, 62
Trd, 8639517.232, 60
Trd, 8639517.582, 60
Trd, 8639518.082, 60
Trd, 8639518.782, 60
Trd, 8639519.482, 60
Trd, 8639521.782, 60
Trd, 8639522.482, 60
Trd, 8639524.582, 60
Trd, 8639525.382, 61
Trd, 8639526.532, 60
Trd, 8639527.432, 60
Trd, 8639527.982, 63
Trd, 8639528.132, 64
Trd, 8639528.332, 64
Trd, 8639528.432, 85
Trd, 8639529.332, 113
Trd, 8639529.732, 113
Trd, 8639530.132, 138
Trd, 8639531.182, 140
Trd, 8639531.782, 140
Trd, 8639532.282, 140
Trd, 8639532.532, 140
Trd, 8639533.082, 140
Trd, 8639533.782, 140
Trd, 8639534.482, 124
Trd, 8639535.182, 83
Trd, 8639538.382, 60
Trd, 8639538.982, 61
Trd, 8639540.282, 60
Trd, 8639540.532, 61
Trd, 8639541.582, 61
Trd, 8639541.682, 61
Trd, 8639541.732, 62
Trd, 8639542.132, 65
Trd, 8639543.182, 140
Trd, 8639544.082, 140
Trd, 8639544.332, 140
Trd, 8639544.982, 140
Trd, 8639545.282, 114
Trd, 8639545.682, 140
Trd, 8639545.982, 139
Trd, 8639547.032, 70
Trd, 8639547.682, 67
Trd, 8639548.482, 65
Trd, 8639549.082, 140
Trd, 8639549.582, 63
Trd, 8639549.682, 62
Trd, 8639550.582, 67
Trd, 8639551.332, 60
Trd, 8639552.232, 67
Trd, 8639553.782, 60
Trd, 8639556.082, 60
Trd, 8639556.482, 60
Trd, 8639557.182, 60
Trd, 8639557.732, 62
Trd, 8639559.132, 60
Trd, 8639559.632, 62
Trd, 8639559.932, 64
Trd, 8639560.132, 64
Trd, 8639560.182, 64
Trd, 8639560.882, 64
Trd, 8639561.432, 61
Trd, 8639561.882, 69
Trd, 8639562.882, 104
Trd, 8639563.082, 63
Trd, 8639563.332, 62
Trd, 8639563.532, 62
Trd, 8639567.032, 60
Trd, 8639567.932, 61
Trd, 8639568.282, 62
Trd, 8639568.532, 62
Trd, 8639569.132, 63
Trd, 8639569.982, 65
Trd, 8639570.632, 65
Trd, 8639571.182, 62
Trd, 8639573.082, 66
Trd, 8639573.782, 60
Trd, 8639574.882, 65
Trd, 8639576.082, 60
Trd, 8639576.382, 61
Trd, 8639576.532, 62
Trd, 8639577.282, 64
Trd, 8639577.632, 69
Trd, 8639578.082, 138
Trd, 8639579.182, 140
Trd, 8639579.782, 140
Trd, 8639579.982, 139
Trd, 8639580.382, 139
Trd, 8639580.482, 138
Trd, 8639583.532, 60
Trd, 8639585.382, 62
Trd, 8639585.932, 64
Trd, 8639587.082, 60
Trd, 8639587.132, 62
Trd, 8639587.582, 65
Trd, 8639587.932, 67
Trd, 8639588.082, 64
Trd, 8639589.582, 60
Trd, 8639590.932, 61
Trd, 8639591.482, 61
Trd, 8639592.182, 61
Trd, 8639595.182, 62
Trd, 8639595.732, 61
Trd, 8639596.332, 60
Trd, 8639597.832, 60
Trd, 8639598.182, 63
Trd, 8639598.332, 67
Trd, 8639598.582, 68
Trd, 8639598.682, 73
Trd, 8639598.932, 63
Trd, 8639598.982, 71
Trd, 8639600.582, 66
Trd, 8639601.482, 71
Trd, 8639601.782, 70
Trd, 8639602.032, 69
Trd, 8639602.232, 68
Trd, 8639604.982, 61
Trd, 8639605.582, 62
Trd, 8639605.732, 62
Trd, 8639608.032, 63
Trd, 8639608.532, 63
Trd, 8639609.332, 62
Trd, 8639609.632, 63
Trd, 8639609.682, 62
Trd, 8639609.932, 60
Trd, 8639610.432, 61
Trd, 8639611.232, 77
Trd, 8639611.532, 63
Trd, 8639612.432, 93
Trd, 8639612.882, 68
Trd, 8639613.282, 68
Trd, 8639613.432, 67
Trd, 8639614.132, 68
Trd, 8639616.582, 60
Trd, 8639616.682, 62
Trd, 8639617.632, 64
Trd, 8639618.032, 72
Trd, 8639620.032, 60
Trd, 8639621.482, 60
Trd, 8639621.882, 62
Trd, 8639622.082, 61
Trd, 8639622.232, 61
Trd, 8639622.382, 64
Trd, 8639622.482, 62
Trd, 8639623.582, 63
Trd, 8639623.732, 66
Trd, 8639623.832, 62
Trd, 8639624.232, 63
Trd, 8639624.782, 66
Trd, 8639626.582, 62
Trd, 8639627.782, 62
Trd, 8639627.982, 65
Trd, 8639628.582, 61
Trd, 8639629.082, 63
Trd, 8639631.982, 60
Trd, 8639632.982, 61
Trd, 8639635.332, 62
Trd, 8639635.432, 64
Trd, 8639636.032, 63
Trd, 8639636.182, 63
Trd, 8639636.232, 62
Trd, 8639637.432, 60
Trd, 8639637.582, 60
Trd, 8639639.982, 61
Trd, 8639640.532, 61
Trd, 8639641.232, 62
Trd, 8639641.832, 63
Trd, 8639642.182, 62
Trd, 8639642.382, 62
Trd, 8639643.082, 63
Trd, 8639643.582, 65
Trd, 8639644.632, 67
Trd, 8639644.682, 99
Trd, 8639644.782, 65
Trd, 8639645.532, 63
Trd, 8639646.282, 103
Trd, 8639648.032, 64
Trd, 8639648.682, 68
Trd, 8639649.582, 60
Trd, 8639650.132, 60
Trd, 8639650.782, 61
Trd, 8639653.182, 60
Trd, 8639653.382, 63
Trd, 8639654.282, 61
Trd, 8639654.582, 62
Trd, 8639655.232, 63
Trd, 8639655.482, 106
Trd, 8639655.682, 63
Trd, 8639656.732, 65
Trd, 8639658.282, 63
Trd, 8639658.682, 66
Trd, 8639658.932, 73
Trd, 8639660.632, 62
Trd, 8639661.632, 60
Trd, 8639663.832, 60
Trd, 8639663.882, 60
Trd, 8639665.032, 60
Trd, 8639665.882, 60
Trd, 8639666.082, 60
Trd, 8639667.082, 67
Trd, 8639667.582, 61
Trd, 8639669.182, 60
Trd, 8639669.532, 63
Trd, 8639670.382, 60
Trd, 8639670.582, 61
Trd, 8639671.232, 61
Trd, 8639671.282, 66
Trd, 8639671.532, 61
Trd, 8639672.982, 63
Trd, 8639673.282, 67
Trd, 8639673.682, 70
Trd, 8639674.232, 65
Trd, 8639674.432, 66
Trd, 8639675.032, 62
Trd, 8639675.682, 63
Trd, 8639676.632, 63
Trd, 8639677.882, 61
Trd, 8639678.182, 60
Trd, 8639679.032, 61
Trd, 8639679.732, 63
Trd, 8639680.082, 77
Trd, 8639681.232, 69
Trd, 8639681.832, 65
Trd, 8639682.032, 68
Trd, 8639682.132, 123
Trd, 8639682.582, 73
Trd, 8639684.332, 82
Trd, 8639684.532, 81
Trd, 8639685.332, 95
Trd, 8639685.382, 94
Trd, 8639685.532, 75
Trd, 8639686.332, 140
Trd, 8639687.032, 140
Trd, 8639687.532, 139
Trd, 8639688.232, 139
Trd, 8639690.132, 62
Trd, 8639690.232, 60
Trd, 8639690.532, 65
Trd, 8639690.632, 68
Trd, 8639691.332, 60
Trd, 8639692.232, 66
Trd, 8639692.582, 65
Trd, 8639693.232, 99
Trd, 8639694.482, 77
Trd, 8639695.632, 79
Trd, 8639696.332, 82
Trd, 8639696.632, 72
Trd, 8639697.182, 68
Trd, 8639697.432, 62
Trd, 8639697.832, 61
Trd, 8639700.682, 60
Trd, 8639701.982, 61
Trd, 8639702.182, 61
Trd, 8639702.432, 62
Trd, 8639705.232, 61
Trd, 8639706.582, 60
Trd, 8639706.682, 60
Trd, 8639707.332, 61
Trd, 8639707.382, 61
Trd, 8639707.432, 60
Trd, 8639707.782, 61
Trd, 8639707.982, 67
Trd, 8639708.982, 62
Trd, 8639709.482, 62
Trd, 8639709.682, 74
Trd, 8639710.382, 60
Trd, 8639711.732, 66
Trd, 8639711.932, 138
Trd, 8639714.232, 63
Trd, 8639714.982, 64
Trd, 8639715.732, 63
Trd, 8639715.832, 60
Trd, 8639716.182, 80
Trd, 8639717.182, 140
Trd, 8639717.232, 66
Trd, 8639717.682, 66
Trd, 8639717.832, 63
Trd, 8639718.282, 62
Trd, 8639719.182, 61
Trd, 8639719.782, 62
Trd, 8639722.632, 60
Trd, 8639722.982, 60
Trd, 8639724.532, 61
Trd, 8639724.682, 60
Trd, 8639726.082, 60
Trd, 8639726.432, 61
Trd, 8639726.532, 60
Trd, 8639727.232, 60
Trd, 8639727.382, 61
Trd, 8639728.032, 60
Trd, 8639728.432, 61
Trd, 8639728.532, 115
Trd, 8639728.882, 61
Trd, 8639730.282, 63
Trd, 8639731.682, 61
Trd, 8639732.882, 60
Trd, 8639733.282, 66
Trd, 8639734.632, 62
Trd, 8639734.982, 60
Trd, 8639737.132, 60
Trd, 8639737.382, 60
Trd, 8639737.932, 60
Trd, 8639738.932, 62
Trd, 8639739.232, 62
Trd, 8639739.682, 64
Trd, 8639740.482, 118
Trd, 8639741.532, 65
Trd, 8639742.132, 68
Trd, 8639742.332, 72
Trd, 8639742.782, 136
Trd, 8639743.332, 135
Trd, 8639747.332, 62
Trd, 8639747.832, 62
Trd, 8639747.882, 63
Trd, 8639750.632, 60
Trd, 8639750.982, 60
Trd, 8639751.782, 61
Trd, 8639752.382, 64
Trd, 8639752.632, 63
Trd, 8639753.182, 61
Trd, 8639753.882, 68
Trd, 8639754.082, 83
Trd, 8639754.332, 67
Trd, 8639754.382, 66
Trd, 8639754.682, 67
Trd, 8639755.332, 72
Trd, 8639755.432, 64
Trd, 8639756.532, 115
Trd, 8639756.732, 114
Trd, 8639758.282, 60
Trd, 8639759.232, 61
Trd, 8639759.532, 128
Trd, 8639760.432, 62
Trd, 8639761.532, 61
Trd, 8639762.732, 61
Trd, 8639763.182, 61
Trd, 8639763.582, 61
Trd, 8639764.132, 65
Trd, 8639764.782, 62
Trd, 8639765.882, 60
Trd, 8639765.932, 65
Trd, 8639766.832, 63
Trd, 8639767.032, 66
Trd, 8639767.382, 118
Trd, 8639767.432, 62
Trd, 8639768.482, 66
Trd, 8639769.632, 133
Trd, 8639769.732, 133
Trd, 8639770.782, 133
Trd, 8639771.182, 132
Trd, 8639771.332, 66
Trd, 8639772.332, 63
Trd, 8639772.932, 61
Trd, 8639774.932, 60
Trd, 8639776.932, 60
Trd, 8639778.282, 60
Trd, 8639778.582, 60
Trd, 8639779.032, 61
Trd, 8639779.582, 62
Trd, 8639780.182, 63
Trd, 8639780.832, 64
Trd, 8639780.882, 63
Trd, 8639781.282, 60
Trd, 8639781.432, 60
Trd, 8639781.582, 107
Trd, 8639782.182, 60
Trd, 8639784.432, 134
Trd, 8639784.632, 123
Trd, 8639784.682, 122
Trd, 8639785.832, 140
Trd, 8639786.082, 138
Trd, 8639787.132, 140
Trd, 8639787.382, 140
Trd, 8639787.582, 140
Trd, 8639787.732, 140
Trd, 8639788.132, 139
Trd, 8639789.032, 121
Trd, 8639789.682, 108
Trd, 8639790.032, 70
Trd, 8639790.582, 68
Trd, 8639791.582, 60
Trd, 8639792.382, 63
Trd, 8639792.882, 61
Trd, 8639793.332, 68
Trd, 8639793.832, 140
Trd, 8639794.882, 140
Trd, 8639795.332, 140
Trd, 8639795.832, 140
Trd, 8639796.832, 140
Trd, 8639797.782, 60
Trd, 8639798.032, 60
Trd, 8639798.332, 60
Trd, 8639800.082, 60
Trd, 8639800.982, 60
Trd, 8639801.582, 62
Trd, 8639801.882, 62
Trd, 8639802.782, 62
Trd, 8639804.682, 63
Trd, 8639805.182, 60
Trd, 8639805.282, 60
Trd, 8639805.682, 60
Trd, 8639806.282, 62
Trd, 8639806.432, 62
Trd, 8639806.882, 61
Trd, 8639807.632, 140
Trd, 8639807.832, 140
Trd, 8639808.932, 140
Trd, 8639809.182, 140
Trd, 8639809.282, 140
Trd, 8639810.032, 139
Trd, 8639811.332, 140
Trd, 8639811.782, 140
Trd, 8639812.082, 140
Trd, 8639812.582, 140
Trd, 8639813.832, 140
Trd, 8639813.882, 140
Trd, 8639813.932, 140
Trd, 8639815.082, 140
Trd, 8639815.232, 138
Trd, 8639816.332, 137
Trd, 8639816.432, 136
Trd, 8639816.832, 106
Trd, 8639817.082, 110
Trd, 8639817.332, 109
Trd, 8639818.332, 139
Trd, 8639818.732, 84
Trd, 8639819.032, 83
Trd, 8639819.232, 139
Trd, 8639821.082, 61
Trd, 8639821.282, 62
Trd, 8639823.382, 60
Trd, 8639824.382, 60
Trd, 8639825.732, 60
Trd, 8639827.032, 60
Trd, 8639827.082, 63
Trd, 8639828.132, 64
Trd, 8639828.532, 64
Trd, 8639828.682, 61
Trd, 8639829.382, 60
Trd, 8639832.432, 60
Trd, 8639832.582, 60
Trd, 8639834.382, 60
Trd, 8639834.682, 61
Trd, 8639835.032, 61
Trd, 8639835.132, 62
Trd, 8639835.382, 63
Trd, 8639835.982, 71
Trd, 8639836.082, 61
Trd, 8639838.032, 60
Trd, 8639838.532, 60
Trd, 8639838.632, 63
Trd, 8639838.782, 129
Trd, 8639839.832, 116
Trd, 8639840.032, 140
Trd, 8639840.832, 62
Trd, 8639841.882, 70
Trd, 8639842.082, 62
Trd, 8639845.082, 60
Trd, 8639845.132, 63
Trd, 8639846.182, 61
Trd, 8639846.782, 61
Trd, 8639847.232, 60
Trd, 8639848.482, 62
Trd, 8639848.982, 63
Trd, 8639850.882, 61
Trd, 8639851.332, 62
Trd, 8639851.382, 64
Trd, 8639851.732, 61
Trd, 8639851.932, 60
Trd, 8639852.832, 118
Trd, 8639853.732, 137
Trd, 8639854.232, 128
Trd, 8639854.432, 128
Trd, 8639854.732, 127
Trd, 8639855.582, 138
Trd, 8639855.832, 72
Trd, 8639858.582, 64
Trd, 8639859.882, 61
Trd, 8639860.782, 60
Trd, 8639862.432, 60
Trd, 8639863.482, 60
Trd, 8639863.532, 60
Trd, 8639864.782, 60
Trd, 8639865.332, 60
Trd, 8639865.832, 60
Trd, 8639866.232, 60
Trd, 8639866.782, 63
Trd, 8639868.232, 62
Trd, 8639868.532, 63
Trd, 8639870.282, 60
Trd, 8639871.132, 60
Trd, 8639871.582, 61
Trd, 8639872.132, 61
Trd, 8639872.732, 62
Trd, 8639872.982, 62
Trd, 8639874.232, 140
Trd, 8639874.632, 65
Trd, 8639875.132, 65
Trd, 8639876.482, 102
Trd, 8639876.882, 138
Trd, 8639878.032, 140
Trd, 8639878.682, 91
Trd, 8639879.182, 91
Trd, 8639879.382, 90
Trd, 8639879.982, 91
Trd, 8639880.582, 81
Trd, 8639880.782, 140
Trd, 8639882.232, 140
Trd, 8639882.332, 140
Trd, 8639882.682, 122
Trd, 8639883.032, 122
Trd, 8639883.282, 121
Trd, 8639884.132, 63
Trd, 8639886.382, 60
Trd, 8639887.532, 65
Trd, 8639887.832, 63
Trd, 8639889.282, 60
Trd, 8639889.632, 63
Trd, 8639890.232, 64
Trd, 8639891.032, 67
Trd, 8639891.282, 70
Trd, 8639891.432, 70
Trd, 8639891.582, 107
Trd, 8639891.632, 68
Trd, 8639892.882, 75
Trd, 8639893.182, 73
Trd, 8639894.232, 114
Trd, 8639895.682, 67
Trd, 8639896.432, 61
Trd, 8639898.582, 60
Trd, 8639899.332, 62
Trd, 8639900.282, 61
Trd, 8639900.482, 64
Trd, 8639900.782, 64
Trd, 8639901.332, 66
Trd, 8639901.582, 66
Trd, 8639901.782, 65
Trd, 8639901.932, 125
Trd, 8639902.532, 98
Trd, 8639902.832, 71
Trd, 8639903.432, 126
Trd, 8639903.482, 125
Trd, 8639903.882, 72
Trd, 8639905.282, 140
Trd, 8639905.482, 140
Trd, 8639905.632, 139
Trd, 8639908.032, 65
Trd, 8639908.982, 64
Trd, 8639910.032, 61
Trd, 8639911.182, 61
Trd, 8639912.582, 63
Trd, 8639913.232, 65
Trd, 8639913.632, 65
Trd, 8639913.832, 68
Trd, 8639914.582, 136
Trd, 8639915.232, 67
Trd, 8639916.132, 118
Trd, 8639916.482, 68
Trd, 8639916.782, 70
Trd, 8639916.882, 67
Trd, 8639917.882, 73
Trd, 8639917.932, 69
Trd, 8639918.632, 66
Trd, 8639919.632, 140
Trd, 8639920.632, 118
Trd, 8639921.132, 126
Trd, 8639921.532, 126
Trd, 8639921.782, 107
Trd, 8639922.082, 89
Trd, 8639924.632, 60
Trd, 8639924.832, 67
Trd, 8639925.382, 60
Trd, 8639927.232, 60
Trd, 8639927.332, 69
Trd, 8639928.532, 60
Trd, 8639928.682, 64
Trd, 8639929.332, 69
Trd, 8639929.932, 65
Trd, 8639930.182, 65
Trd, 8639930.282, 75
Trd, 8639930.732, 62
Trd, 8639930.832, 139
Trd, 8639931.682, 63
Trd, 8639934.882, 62
Trd, 8639934.982, 64
Trd, 8639935.732, 63
Trd, 8639935.782, 68
Trd, 8639935.982, 60
Trd, 8639938.182, 61
Trd, 8639939.182, 60
Trd, 8639940.832, 60
Trd, 8639940.982, 61
Trd, 8639941.582, 62
Trd, 8639942.182, 65
Trd, 8639942.232, 63
Trd, 8639942.282, 62
Trd, 8639943.832, 140
Trd, 8639944.082, 140
Trd, 8639945.282, 140
Trd, 8639945.532, 140
Trd, 8639946.782, 140
Trd, 8639947.182, 140
Trd, 8639947.582, 140
Trd, 8639948.282, 140
Trd, 8639950.132, 140
Trd, 8639950.432, 140
Trd, 8639950.682, 140
Trd, 8639951.332, 140
Trd, 8639951.932, 140
Trd, 8639952.132, 137
Trd, 8639952.682, 122
Trd, 8639952.732, 114
Trd, 8639953.432, 79
Trd, 8639954.732, 64
Trd, 8639955.782, 60
Trd, 8639956.782, 64
Trd, 8639958.532, 60
Trd, 8639959.382, 60
Trd, 8639960.882, 61
Trd, 8639961.182, 62
Trd, 8639961.332, 62
Trd, 8639961.482, 63
Trd, 8639961.732, 66
Trd, 8639962.082, 67
Trd, 8639962.232, 66
Trd, 8639962.632, 64
Trd, 8639964.232, 70
Trd, 8639964.732, 140
Trd, 8639964.932, 140
Trd, 8639965.182, 140
Trd, 8639965.682, 140
Trd, 8639966.132, 140
Trd, 8639966.232, 140
Trd, 8639966.782, 112
Trd, 8639966.882, 110
Trd, 8639968.032, 67
Trd, 8639969.732, 64
Trd, 8639971.582, 62
Trd, 8639971.632, 63
Trd, 8639971.832, 61
Trd, 8639972.932, 62
Trd, 8639973.232, 61
Trd, 8639973.732, 61
Trd, 8639974.032, 63
Trd, 8639975.082, 64
Trd, 8639975.832, 66
Trd, 8639976.332, 127
Trd, 8639978.082, 75
Trd, 8639978.332, 86
Trd, 8639978.382, 74
Trd, 8639978.532, 74
Trd, 8639980.582, 60
Trd, 8639980.982, 71
Trd, 8639981.582, 71
Trd, 8639981.882, 138
Trd, 8639982.432, 64
Trd, 8639982.782, 63
Trd, 8639985.082, 60
Trd, 8639986.082, 67
Trd, 8639986.882, 62
Trd, 8639987.232, 62
Trd, 8639987.432, 61
Trd, 8639988.482, 62
Trd, 8639988.732, 63
Trd, 8639989.532, 60
Trd, 8639989.582, 68
Trd, 8639990.132, 64
Trd, 8639991.232, 62
Trd, 8639991.832, 64
Trd, 8639992.332, 78
Trd, 8639994.182, 60
Trd, 8639995.782, 65
Trd, 8639997.032, 60
Trd, 8639999.332, 60
Trd, 8639999.382, 61
Trd, 8639999.682, 60
Trd, 8639999.732, 60
