Trd, 8638069.182, 121
Trd, 8638069.982, 88
Trd, 8638070.332, 90
Trd, 8638070.682, 108
Trd, 8638072.032, 126
Trd, 8638072.482, 139
Trd, 8638072.732, 125
Trd, 8638074.782, 140
Trd, 8638075.482, 137
Trd, 8638076.832, 140
Trd, 8638077.182, 139
Trd, 8638077.832, 137
Trd, 8638078.182, 136
Trd, 8638078.832, 114
Trd, 8638078.982, 102
Trd, 8638079.582, 140
Trd, 8638079.932, 138
Trd, 8638080.332, 137
Trd, 8638081.982, 129
Trd, 8638082.082, 127
Trd, 8638083.132, 140
Trd, 8638084.032, 135
Trd, 8638085.582, 140
Trd, 8638085.732, 138
Trd, 8638086.432, 137
Trd, 8638087.532, 111
Trd, 8638087.632, 100
Trd, 8638088.482, 139
Trd, 8638088.582, 138
Trd, 8638090.332, 134
Trd, 8638091.582, 131
Trd, 8638091.982, 122
Trd, 8638092.982, 139
Trd, 8638093.382, 131
Trd, 8638093.832, 97
Trd, 8638094.282, 95
Trd, 8638095.332, 68
Trd, 8638096.532, 97
Trd, 8638097.182, 65
Trd, 8638099.682, 135
Trd, 8638100.082, 135
Trd, 8638100.282, 134
Trd, 8638101.332, 132
Trd, 8638102.832, 111
Trd, 8638103.332, 123
Trd, 8638103.532, 108
Trd, 8638103.832, 101
Trd, 8638103.882, 81
Trd, 8638104.482, 125
Trd, 8638105.932, 128
Trd, 8638106.582, 132
Trd, 8638107.882, 128
Trd, 8638107.932, 127
Trd, 8638109.132, 124
Trd, 8638109.532, 140
Trd, 8638110.732, 140
Trd, 8638111.082, 140
Trd, 8638111.182, 140
Trd, 8638112.082, 132
Trd, 8638113.982, 134
Trd, 8638114.382, 123
Trd, 8638116.132, 137
Trd, 8638117.082, 138
Trd, 8638118.432, 140
Trd, 8638118.582, 130
Trd, 8638118.782, 129
Trd, 8638118.832, 115
Trd, 8638120.832, 138
Trd, 8638121.682, 137
Trd, 8638122.882, 132
Trd, 8638123.282, 132
Trd, 8638123.382, 105
Trd, 8638123.632, 131
Trd, 8638123.832, 97
Trd, 8638124.082, 125
Trd, 8638126.782, 115
Trd, 8638127.082, 88
Trd, 8638128.232, 101
Trd, 8638128.382, 102
Trd, 8638128.682, 90
Trd, 8638129.782, 140
Trd, 8638131.432, 140
Trd, 8638132.032, 140
Trd, 8638132.882, 140
Trd, 8638133.032, 135
Trd, 8638133.582, 138
Trd, 8638135.332, 134
Trd, 8638136.632, 124
Trd, 8638136.982, 123
Trd, 8638137.132, 110
Trd, 8638137.632, 106
Trd, 8638141.032, 140
Trd, 8638142.332, 140
Trd, 8638142.732, 140
Trd, 8638143.132, 140
Trd, 8638143.632, 126
Trd, 8638144.182, 139
Trd, 8638145.782, 117
Trd, 8638146.032, 98
Trd, 8638146.382, 96
Trd, 8638147.832, 133
Trd, 8638148.482, 127
Trd, 8638148.582, 130
Trd, 8638148.682, 124
Trd, 8638149.982, 140
Trd, 8638150.132, 140
Trd, 8638150.682, 139
Trd, 8638150.832, 135
Trd, 8638153.182, 113
Trd, 8638153.782, 123
Trd, 8638155.832, 119
Trd, 8638157.332, 118
Trd, 8638159.082, 140
Trd, 8638159.282, 138
Trd, 8638159.582, 109
Trd, 8638159.932, 101
Trd, 8638161.532, 139
Trd, 8638161.632, 138
Trd, 8638161.732, 138
Trd, 8638162.532, 140
Trd, 8638163.732, 140
Trd, 8638165.082, 138
Trd, 8638166.132, 140
Trd, 8638166.382, 140
Trd, 8638167.482, 126
Trd, 8638167.682, 106
Trd, 8638168.932, 104
Trd, 8638169.382, 95
Trd, 8638169.932, 139
Trd, 8638170.632, 92
Trd, 8638171.182, 137
Trd, 8638171.382, 106
Trd, 8638174.782, 133
Trd, 8638174.982, 131
Trd, 8638175.432, 123
Trd, 8638176.382, 125
Trd, 8638176.882, 140
Trd, 8638176.932, 124
Trd, 8638177.432, 123
Trd, 8638178.832, 133
Trd, 8638179.882, 132
Trd, 8638180.382, 131
Trd, 8638180.432, 130
Trd, 8638180.682, 98
Trd, 8638182.532, 133
Trd, 8638185.682, 140
Trd, 8638186.432, 140
Trd, 8638186.932, 140
Trd, 8638187.182, 140
Trd, 8638187.832, 122
Trd, 8638188.632, 135
Trd, 8638189.482, 122
Trd, 8638190.132, 120
Trd, 8638190.282, 107
Trd, 8638192.082, 112
Trd, 8638192.432, 140
Trd, 8638192.682, 137
Trd, 8638193.732, 127
Trd, 8638196.082, 140
Trd, 8638196.782, 140
Trd, 8638197.482, 140
Trd, 8638197.832, 140
Trd, 8638198.782, 118
Trd, 8638199.582, 119
Trd, 8638200.732, 138
Trd, 8638201.432, 128
Trd, 8638202.532, 116
Trd, 8638203.532, 123
Trd, 8638203.732, 106
Trd, 8638204.232, 101
Trd, 8638204.732, 121
Trd, 8638205.632, 100
Trd, 8638207.682, 138
Trd, 8638208.882, 140
Trd, 8638209.032, 140
Trd, 8638210.832, 140
Trd, 8638211.882, 140
Trd, 8638212.982, 140
Trd, 8638213.782, 140
Trd, 8638213.832, 131
Trd, 8638215.182, 130
Trd, 8638215.282, 125
Trd, 8638215.382, 120
Trd, 8638216.882, 100
Trd, 8638217.782, 139
Trd, 8638217.832, 136
Trd, 8638218.432, 114
Trd, 8638218.582, 113
Trd, 8638221.032, 107
Trd, 8638221.582, 115
Trd, 8638221.732, 106
Trd, 8638222.582, 117
Trd, 8638222.782, 100
Trd, 8638223.532, 134
Trd, 8638224.432, 135
Trd, 8638225.682, 105
Trd, 8638225.782, 104
Trd, 8638225.882, 103
Trd, 8638229.582, 132
Trd, 8638230.082, 132
Trd, 8638230.332, 139
Trd, 8638232.432, 139
Trd, 8638234.182, 137
Trd, 8638234.582, 123
Trd, 8638234.832, 120
Trd, 8638235.082, 114
Trd, 8638235.732, 127
Trd, 8638236.282, 91
Trd, 8638236.982, 140
Trd, 8638237.682, 136
Trd, 8638238.032, 117
Trd, 8638238.332, 117
Trd, 8638239.382, 131
Trd, 8638239.532, 112
Trd, 8638242.332, 140
Trd, 8638242.782, 140
Trd, 8638243.932, 135
Trd, 8638244.782, 138
Trd, 8638245.182, 121
Trd, 8638246.432, 126
Trd, 8638247.532, 94
Trd, 8638247.782, 119
Trd, 8638248.182, 140
Trd, 8638250.982, 113
Trd, 8638251.232, 112
Trd, 8638251.732, 138
Trd, 8638251.932, 111
Trd, 8638253.882, 112
Trd, 8638255.032, 124
Trd, 8638255.332, 139
Trd, 8638256.032, 112
Trd, 8638256.132, 111
Trd, 8638257.782, 111
Trd, 8638258.982, 124
Trd, 8638260.032, 113
Trd, 8638260.832, 104
Trd, 8638261.932, 125
Trd, 8638262.232, 135
Trd, 8638262.582, 123
Trd, 8638262.632, 121
Trd, 8638263.032, 121
Trd, 8638264.082, 123
Trd, 8638264.632, 126
Trd, 8638266.732, 108
Trd, 8638266.782, 106
Trd, 8638266.932, 129
Trd, 8638267.582, 125
Trd, 8638268.932, 122
Trd, 8638271.082, 140
Trd, 8638271.432, 140
Trd, 8638272.082, 140
Trd, 8638273.182, 140
Trd, 8638273.532, 140
Trd, 8638274.182, 123
Trd, 8638274.582, 110
Trd, 8638275.482, 100
Trd, 8638276.582, 139
Trd, 8638278.332, 126
Trd, 8638280.032, 134
Trd, 8638280.832, 140
Trd, 8638282.782, 140
Trd, 8638283.032, 140
Trd, 8638284.682, 130
Trd, 8638285.732, 119
Trd, 8638285.982, 125
Trd, 8638287.732, 139
Trd, 8638287.832, 136
Trd, 8638288.732, 118
Trd, 8638289.282, 140
Trd, 8638289.532, 130
Trd, 8638289.732, 118
Trd, 8638291.732, 140
Trd, 8638292.282, 140
Trd, 8638292.482, 133
Trd, 8638293.782, 120
Trd, 8638294.632, 140
Trd, 8638295.132, 140
Trd, 8638295.532, 140
Trd, 8638296.432, 139
Trd, 8638296.632, 138
Trd, 8638298.582, 139
Trd, 8638298.932, 135
Trd, 8638299.582, 133
Trd, 8638299.732, 132
Trd, 8638300.132, 98
Trd, 8638300.232, 97
Trd, 8638302.982, 126
Trd, 8638304.082, 133
Trd, 8638304.432, 132
Trd, 8638304.532, 116
Trd, 8638305.732, 97
Trd, 8638306.282, 84
Trd, 8638307.082, 136
Trd, 8638308.732, 138
Trd, 8638308.882, 133
Trd, 8638309.732, 138
Trd, 8638311.082, 137
Trd, 8638312.432, 135
Trd, 8638312.632, 134
Trd, 8638312.682, 109
Trd, 8638314.182, 99
Trd, 8638315.282, 140
Trd, 8638315.682, 136
Trd, 8638316.232, 127
Trd, 8638316.582, 123
Trd, 8638318.032, 131
Trd, 8638318.632, 139
Trd, 8638318.932, 129
Trd, 8638321.132, 140
Trd, 8638322.132, 140
Trd, 8638322.182, 139
Trd, 8638322.482, 121
Trd, 8638323.282, 118
Trd, 8638323.332, 98
Trd, 8638325.282, 140
Trd, 8638326.532, 140
Trd, 8638326.982, 140
Trd, 8638327.132, 139
Trd, 8638327.682, 111
Trd, 8638327.732, 89
Trd, 8638329.632, 136
Trd, 8638330.982, 119
Trd, 8638332.332, 119
Trd, 8638332.682, 112
Trd, 8638335.182, 140
Trd, 8638335.382, 135
Trd, 8638336.932, 138
Trd, 8638337.082, 137
Trd, 8638337.832, 138
Trd, 8638338.182, 137
Trd, 8638340.832, 135
Trd, 8638341.832, 140
Trd, 8638342.532, 137
Trd, 8638343.832, 130
Trd, 8638344.082, 130
Trd, 8638344.232, 129
Trd, 8638346.332, 99
Trd, 8638346.382, 96
Trd, 8638347.132, 133
Trd, 8638348.082, 115
Trd, 8638349.632, 132
Trd, 8638350.182, 140
Trd, 8638351.682, 127
Trd, 8638352.382, 118
Trd, 8638352.732, 119
Trd, 8638354.432, 121
Trd, 8638354.832, 136
Trd, 8638355.182, 130
Trd, 8638355.582, 127
Trd, 8638355.882, 125
Trd, 8638358.132, 136
Trd, 8638360.132, 140
Trd, 8638360.282, 140
Trd, 8638360.482, 140
Trd, 8638361.832, 140
Trd, 8638362.132, 140
Trd, 8638362.282, 131
Trd, 8638363.132, 119
Trd, 8638364.182, 118
Trd, 8638365.032, 138
Trd, 8638366.432, 140
Trd, 8638367.832, 131
Trd, 8638368.782, 138
Trd, 8638368.982, 137
Trd, 8638370.082, 136
Trd, 8638371.432, 129
Trd, 8638371.682, 119
Trd, 8638372.082, 118
Trd, 8638373.632, 131
Trd, 8638373.782, 139
Trd, 8638374.882, 133
Trd, 8638374.982, 112
Trd, 8638377.232, 139
Trd, 8638377.632, 136
Trd, 8638378.282, 137
Trd, 8638378.932, 139
Trd, 8638380.132, 140
Trd, 8638380.532, 140
Trd, 8638380.882, 113
Trd, 8638382.832, 126
Trd, 8638382.932, 140
Trd, 8638383.882, 126
Trd, 8638385.082, 137
Trd, 8638385.882, 136
Trd, 8638386.082, 139
Trd, 8638386.732, 136
Trd, 8638387.732, 140
Trd, 8638388.032, 138
Trd, 8638389.632, 107
Trd, 8638390.432, 105
Trd, 8638390.682, 140
Trd, 8638391.482, 127
Trd, 8638391.932, 111
Trd, 8638391.982, 117
Trd, 8638393.182, 136
Trd, 8638394.232, 137
Trd, 8638394.532, 115
Trd, 8638395.382, 132
Trd, 8638396.132, 119
Trd, 8638396.582, 118
Trd, 8638397.432, 96
Trd, 8638397.532, 109
Trd, 8638400.532, 85
Trd, 8638400.882, 114
Trd, 8638401.232, 107
Trd, 8638401.582, 140
Trd, 8638403.732, 140
Trd, 8638403.982, 140
Trd, 8638404.382, 112
Trd, 8638405.082, 70
Trd, 8638405.932, 138
Trd, 8638406.332, 122
Trd, 8638407.532, 140
Trd, 8638408.282, 127
Trd, 8638409.132, 140
Trd, 8638409.632, 134
Trd, 8638410.032, 123
Trd, 8638410.282, 108
Trd, 8638411.582, 106
Trd, 8638412.432, 109
Trd, 8638412.682, 136
Trd, 8638413.782, 84
Trd, 8638414.882, 137
Trd, 8638415.132, 139
Trd, 8638415.482, 119
Trd, 8638417.532, 122
Trd, 8638418.432, 140
Trd, 8638419.782, 140
Trd, 8638421.282, 140
Trd, 8638421.582, 140
Trd, 8638421.782, 129
Trd, 8638423.082, 140
Trd, 8638423.582, 140
Trd, 8638424.382, 120
Trd, 8638424.832, 118
Trd, 8638425.582, 137
Trd, 8638426.132, 127
Trd, 8638427.282, 133
Trd, 8638427.682, 131
Trd, 8638428.932, 140
Trd, 8638431.832, 118
Trd, 8638433.032, 131
Trd, 8638433.582, 131
Trd, 8638433.782, 130
Trd, 8638434.582, 139
Trd, 8638434.832, 115
Trd, 8638434.882, 98
Trd, 8638436.532, 125
Trd, 8638438.232, 119
Trd, 8638438.832, 97
Trd, 8638439.032, 96
Trd, 8638439.432, 97
Trd, 8638440.682, 94
Trd, 8638441.332, 93
Trd, 8638441.382, 114
Trd, 8638443.632, 140
Trd, 8638444.032, 140
Trd, 8638445.482, 140
Trd, 8638445.532, 136
Trd, 8638446.132, 138
Trd, 8638446.382, 135
Trd, 8638447.632, 126
Trd, 8638447.732, 125
Trd, 8638449.282, 139
Trd, 8638449.632, 117
Trd, 8638449.882, 136
Trd, 8638451.232, 123
Trd, 8638453.982, 140
Trd, 8638454.432, 140
Trd, 8638454.982, 140
Trd, 8638455.732, 140
Trd, 8638455.982, 140
Trd, 8638457.432, 140
Trd, 8638458.632, 130
Trd, 8638458.732, 127
Trd, 8638459.382, 107
Trd, 8638460.332, 124
Trd, 8638461.432, 130
Trd, 8638463.082, 140
Trd, 8638465.132, 140
Trd, 8638465.232, 140
Trd, 8638465.682, 140
Trd, 8638466.182, 140
Trd, 8638467.682, 140
Trd, 8638467.832, 140
Trd, 8638468.432, 128
Trd, 8638470.582, 139
Trd, 8638471.082, 136
Trd, 8638472.182, 130
Trd, 8638472.832, 129
Trd, 8638473.382, 115
Trd, 8638473.632, 115
Trd, 8638474.832, 114
Trd, 8638474.932, 114
Trd, 8638476.182, 110
Trd, 8638476.682, 121
Trd, 8638478.832, 136
Trd, 8638479.132, 117
Trd, 8638479.532, 139
Trd, 8638480.182, 119
Trd, 8638481.282, 122
Trd, 8638483.032, 132
Trd, 8638484.732, 126
Trd, 8638485.132, 128
Trd, 8638485.732, 127
Trd, 8638486.182, 140
Trd, 8638486.232, 129
Trd, 8638487.332, 113
Trd, 8638487.782, 112
Trd, 8638489.132, 129
Trd, 8638490.582, 140
Trd, 8638491.682, 140
Trd, 8638492.332, 140
Trd, 8638492.932, 133
Trd, 8638492.982, 132
Trd, 8638494.232, 117
Trd, 8638495.382, 139
Trd, 8638496.182, 140
Trd, 8638497.682, 140
Trd, 8638497.882, 105
Trd, 8638498.682, 121
Trd, 8638499.932, 139
Trd, 8638500.232, 137
Trd, 8638502.132, 140
Trd, 8638503.832, 140
Trd, 8638503.982, 137
Trd, 8638504.482, 136
Trd, 8638504.582, 135
Trd, 8638504.632, 135
Trd, 8638504.832, 117
Trd, 8638506.482, 140
Trd, 8638508.582, 140
Trd, 8638509.382, 140
Trd, 8638510.232, 140
Trd, 8638511.182, 139
Trd, 8638511.382, 128
Trd, 8638512.032, 128
Trd, 8638512.532, 103
Trd, 8638513.082, 136
Trd, 8638513.382, 126
Trd, 8638513.832, 130
Trd, 8638514.082, 125
Trd, 8638514.132, 124
Trd, 8638515.482, 140
Trd, 8638516.732, 136
Trd, 8638517.832, 140
Trd, 8638518.982, 140
Trd, 8638519.232, 139
Trd, 8638520.732, 139
Trd, 8638520.982, 137
Trd, 8638522.232, 140
Trd, 8638523.532, 127
Trd, 8638524.532, 114
Trd, 8638524.832, 112
Trd, 8638525.332, 109
Trd, 8638525.982, 91
Trd, 8638526.782, 88
Trd, 8638528.282, 95
Trd, 8638528.632, 137
Trd, 8638529.032, 123
Trd, 8638531.332, 129
Trd, 8638531.832, 128
Trd, 8638533.182, 133
Trd, 8638533.332, 125
Trd, 8638534.182, 128
Trd, 8638534.982, 137
Trd, 8638535.682, 131
Trd, 8638536.532, 127
Trd, 8638538.682, 140
Trd, 8638538.832, 140
Trd, 8638539.082, 139
Trd, 8638539.582, 124
Trd, 8638539.682, 107
Trd, 8638540.082, 118
Trd, 8638541.582, 107
Trd, 8638541.682, 122
Trd, 8638543.132, 80
Trd, 8638543.482, 140
Trd, 8638544.082, 106
Trd, 8638545.182, 60
Trd, 8638547.532, 128
Trd, 8638547.582, 111
Trd, 8638548.232, 105
Trd, 8638548.582, 88
Trd, 8638550.282, 129
Trd, 8638550.782, 122
Trd, 8638551.582, 128
Trd, 8638553.132, 140
Trd, 8638553.382, 126
Trd, 8638553.632, 103
Trd, 8638553.982, 99
Trd, 8638554.332, 112
Trd, 8638554.782, 139
Trd, 8638554.932, 137
Trd, 8638556.832, 130
Trd, 8638556.982, 130
Trd, 8638559.082, 128
Trd, 8638560.682, 129
Trd, 8638561.032, 128
Trd, 8638562.232, 129
Trd, 8638563.932, 137
Trd, 8638564.532, 139
Trd, 8638565.282, 140
Trd, 8638565.882, 136
Trd, 8638566.482, 136
Trd, 8638567.282, 125
Trd, 8638568.082, 134
Trd, 8638568.282, 108
Trd, 8638569.082, 64
Trd, 8638571.182, 112
Trd, 8638571.932, 100
Trd, 8638572.582, 128
Trd, 8638573.682, 129
Trd, 8638573.782, 125
Trd, 8638574.232, 140
Trd, 8638577.382, 138
Trd, 8638577.632, 133
Trd, 8638577.732, 95
Trd, 8638578.332, 90
Trd, 8638578.932, 125
Trd, 8638580.182, 91
Trd, 8638580.682, 90
Trd, 8638580.882, 92
Trd, 8638581.982, 137
Trd, 8638582.182, 120
Trd, 8638582.332, 140
Trd, 8638582.532, 90
Trd, 8638584.632, 140
Trd, 8638584.882, 137
Trd, 8638585.132, 131
Trd, 8638586.282, 133
Trd, 8638586.732, 130
Trd, 8638587.332, 140
Trd, 8638587.982, 136
Trd, 8638591.832, 140
Trd, 8638592.582, 140
Trd, 8638593.482, 135
Trd, 8638594.132, 134
Trd, 8638595.232, 140
Trd, 8638595.882, 140
Trd, 8638595.982, 140
Trd, 8638597.782, 140
Trd, 8638598.132, 140
Trd, 8638598.682, 129
Trd, 8638599.482, 135
Trd, 8638599.932, 134
Trd, 8638600.782, 140
Trd, 8638601.582, 140
Trd, 8638602.082, 140
Trd, 8638602.532, 131
Trd, 8638602.932, 125
Trd, 8638603.882, 116
Trd, 8638604.982, 110
Trd, 8638607.282, 140
Trd, 8638607.532, 140
Trd, 8638608.232, 140
Trd, 8638609.632, 113
Trd, 8638610.532, 90
Trd, 8638611.082, 86
Trd, 8638612.882, 109
Trd, 8638612.932, 113
Trd, 8638613.732, 134
Trd, 8638614.332, 133
Trd, 8638614.982, 120
Trd, 8638615.782, 116
Trd, 8638616.232, 123
Trd, 8638617.282, 126
Trd, 8638617.632, 139
Trd, 8638617.832, 130
Trd, 8638619.332, 98
Trd, 8638619.982, 140
Trd, 8638620.582, 140
Trd, 8638621.432, 105
Trd, 8638623.982, 116
Trd, 8638624.832, 117
Trd, 8638625.282, 124
Trd, 8638625.982, 138
Trd, 8638626.132, 133
Trd, 8638626.382, 138
Trd, 8638626.432, 115
Trd, 8638626.482, 99
Trd, 8638629.032, 80
Trd, 8638629.482, 140
Trd, 8638630.532, 135
Trd, 8638630.982, 124
Trd, 8638631.982, 124
Trd, 8638632.032, 129
Trd, 8638633.132, 132
Trd, 8638633.432, 132
Trd, 8638633.732, 131
Trd, 8638634.932, 135
Trd, 8638635.632, 139
Trd, 8638637.732, 140
Trd, 8638637.982, 135
Trd, 8638638.082, 134
Trd, 8638638.682, 140
Trd, 8638639.332, 140
Trd, 8638640.332, 140
Trd, 8638640.982, 136
Trd, 8638641.332, 132
Trd, 8638642.732, 139
Trd, 8638643.332, 140
Trd, 8638643.582, 138
Trd, 8638643.882, 129
Trd, 8638644.282, 105
Trd, 8638644.382, 104
Trd, 8638645.982, 140
Trd, 8638646.882, 140
Trd, 8638647.482, 139
Trd, 8638649.282, 131
Trd, 8638649.682, 130
Trd, 8638650.032, 128
Trd, 8638650.732, 139
Trd, 8638651.182, 128
Trd, 8638651.732, 125
Trd, 8638651.782, 110
Trd, 8638654.082, 137
Trd, 8638654.282, 132
Trd, 8638654.482, 118
Trd, 8638655.532, 139
Trd, 8638657.332, 140
Trd, 8638657.782, 140
Trd, 8638658.282, 127
Trd, 8638658.382, 131
Trd, 8638658.982, 107
Trd, 8638659.532, 90
Trd, 8638662.582, 140
Trd, 8638662.982, 138
Trd, 8638663.832, 136
Trd, 8638664.032, 123
Trd, 8638664.782, 118
Trd, 8638664.832, 87
Trd, 8638665.632, 110
Trd, 8638666.432, 132
Trd, 8638668.182, 140
Trd, 8638668.482, 140
Trd, 8638668.982, 140
Trd, 8638669.582, 140
Trd, 8638670.732, 140
Trd, 8638670.782, 140
Trd, 8638671.332, 126
Trd, 8638671.882, 134
Trd, 8638672.632, 135
Trd, 8638673.782, 125
Trd, 8638674.232, 125
Trd, 8638674.382, 124
Trd, 8638674.882, 127
Trd, 8638675.332, 125
Trd, 8638675.882, 140
Trd, 8638677.182, 101
Trd, 8638679.732, 103
Trd, 8638680.182, 115
Trd, 8638680.632, 124
Trd, 8638681.082, 102
Trd, 8638681.882, 88
Trd, 8638682.432, 140
Trd, 8638683.232, 139
Trd, 8638684.882, 140
Trd, 8638685.982, 134
Trd, 8638687.332, 131
Trd, 8638687.682, 130
Trd, 8638688.732, 131
Trd, 8638688.982, 131
Trd, 8638689.332, 131
Trd, 8638690.532, 135
Trd, 8638691.682, 140
Trd, 8638691.732, 126
Trd, 8638691.832, 100
Trd, 8638693.382, 139
Trd, 8638694.382, 137
Trd, 8638695.132, 137
Trd, 8638695.482, 134
Trd, 8638697.582, 140
Trd, 8638697.682, 140
Trd, 8638697.782, 124
Trd, 8638698.782, 122
Trd, 8638699.832, 112
Trd, 8638700.632, 138
Trd, 8638701.432, 140
Trd, 8638702.032, 140
Trd, 8638703.232, 139
Trd, 8638703.632, 139
Trd, 8638704.132, 138
Trd, 8638705.182, 140
Trd, 8638705.982, 124
Trd, 8638706.032, 123
Trd, 8638706.882, 136
Trd, 8638707.532, 128
Trd, 8638709.382, 126
Trd, 8638710.082, 140
Trd, 8638711.282, 116
Trd, 8638712.282, 129
Trd, 8638712.432, 128
Trd, 8638712.532, 109
Trd, 8638716.132, 140
Trd, 8638716.582, 140
Trd, 8638717.382, 140
Trd, 8638718.782, 140
Trd, 8638721.232, 134
Trd, 8638721.732, 134
Trd, 8638722.082, 133
Trd, 8638722.132, 124
Trd, 8638722.332, 113
Trd, 8638722.432, 112
Trd, 8638723.282, 140
Trd, 8638723.632, 120
Trd, 8638727.032, 139
Trd, 8638727.132, 136
Trd, 8638727.382, 134
Trd, 8638727.632, 132
Trd, 8638727.832, 130
Trd, 8638728.382, 111
Trd, 8638728.632, 109
Trd, 8638730.432, 135
Trd, 8638732.282, 139
Trd, 8638732.532, 106
Trd, 8638733.032, 135
Trd, 8638734.132, 140
Trd, 8638734.232, 108
Trd, 8638734.332, 102
Trd, 8638734.932, 98
Trd, 8638737.332, 116
Trd, 8638737.432, 133
Trd, 8638738.882, 114
Trd, 8638739.782, 122
Trd, 8638740.282, 121
Trd, 8638740.432, 121
Trd, 8638742.432, 101
Trd, 8638743.682, 140
Trd, 8638744.782, 140
Trd, 8638744.982, 140
Trd, 8638745.582, 135
Trd, 8638746.232, 136
Trd, 8638746.482, 134
Trd, 8638748.782, 140
Trd, 8638749.182, 127
Trd, 8638751.332, 139
Trd, 8638751.982, 139
Trd, 8638752.382, 137
Trd, 8638754.332, 137
Trd, 8638755.132, 135
Trd, 8638755.382, 133
Trd, 8638755.482, 116
Trd, 8638755.832, 110
Trd, 8638756.382, 112
Trd, 8638756.432, 111
Trd, 8638756.482, 110
Trd, 8638757.282, 98
Trd, 8638758.632, 140
Trd, 8638759.382, 136
Trd, 8638759.732, 132
Trd, 8638759.982, 130
Trd, 8638760.232, 116
Trd, 8638761.332, 109
Trd, 8638761.932, 135
Trd, 8638762.982, 108
Trd, 8638764.032, 138
Trd, 8638765.432, 115
Trd, 8638765.782, 86
Trd, 8638766.282, 138
Trd, 8638767.482, 137
Trd, 8638768.782, 119
Trd, 8638769.082, 118
Trd, 8638769.432, 125
Trd, 8638770.882, 140
Trd, 8638771.782, 140
Trd, 8638771.832, 137
Trd, 8638772.332, 80
Trd, 8638774.232, 140
Trd, 8638774.632, 140
Trd, 8638775.832, 121
Trd, 8638777.332, 140
Trd, 8638777.632, 140
Trd, 8638779.782, 140
Trd, 8638779.882, 139
Trd, 8638780.332, 138
Trd, 8638780.782, 132
Trd, 8638781.282, 139
Trd, 8638782.682, 120
Trd, 8638783.682, 126
Trd, 8638785.232, 140
Trd, 8638787.132, 140
Trd, 8638787.382, 140
Trd, 8638787.682, 135
Trd, 8638787.982, 140
Trd, 8638789.532, 115
Trd, 8638790.682, 140
Trd, 8638791.082, 140
Trd, 8638792.332, 140
Trd, 8638792.382, 140
Trd, 8638792.882, 130
Trd, 8638794.382, 129
Trd, 8638795.282, 119
Trd, 8638797.332, 136
Trd, 8638798.082, 140
Trd, 8638799.282, 140
Trd, 8638799.432, 140
Trd, 8638800.082, 136
Trd, 8638800.582, 126
Trd, 8638802.132, 118
Trd, 8638803.232, 140
Trd, 8638803.532, 107
Trd, 8638804.232, 125
Trd, 8638804.782, 121
Trd, 8638805.232, 111
Trd, 8638806.182, 109
Trd, 8638807.182, 139
Trd, 8638808.832, 135
Trd, 8638810.532, 136
Trd, 8638811.582, 138
Trd, 8638812.682, 119
Trd, 8638813.032, 116
Trd, 8638813.932, 115
Trd, 8638814.332, 140
Trd, 8638814.482, 113
Trd, 8638816.332, 134
Trd, 8638817.532, 92
Trd, 8638817.832, 93
Trd, 8638818.282, 114
Trd, 8638820.132, 124
Trd, 8638822.282, 140
Trd, 8638822.932, 140
Trd, 8638823.482, 140
Trd, 8638824.432, 140
Trd, 8638824.482, 123
Trd, 8638825.982, 140
Trd, 8638826.332, 130
Trd, 8638826.732, 136
Trd, 8638827.782, 111
Trd, 8638827.832, 110
Trd, 8638828.582, 94
Trd, 8638828.832, 91
Trd, 8638829.232, 104
Trd, 8638829.382, 73
Trd, 8638830.532, 138
Trd, 8638830.982, 104
Trd, 8638833.182, 140
Trd, 8638835.132, 140
Trd, 8638835.232, 140
Trd, 8638835.382, 137
Trd, 8638837.632, 138
Trd, 8638837.982, 130
Trd, 8638838.432, 130
Trd, 8638838.882, 131
Trd, 8638839.782, 122
Trd, 8638842.682, 138
Trd, 8638844.182, 137
Trd, 8638844.282, 136
Trd, 8638844.782, 123
Trd, 8638844.982, 115
Trd, 8638847.082, 140
Trd, 8638848.132, 140
Trd, 8638848.632, 138
Trd, 8638849.232, 139
Trd, 8638849.632, 138
Trd, 8638850.782, 126
Trd, 8638851.132, 116
Trd, 8638851.532, 97
Trd, 8638852.732, 134
Trd, 8638853.532, 119
Trd, 8638853.832, 117
Trd, 8638854.582, 140
Trd, 8638854.732, 140
Trd, 8638855.432, 100
Trd, 8638855.832, 96
Trd, 8638856.632, 136
Trd, 8638858.232, 131
Trd, 8638859.282, 135
Trd, 8638859.482, 129
Trd, 8638860.182, 91
Trd, 8638861.232, 119
Trd, 8638861.932, 140
Trd, 8638862.682, 127
Trd, 8638862.982, 116
Trd, 8638863.032, 113
Trd, 8638863.232, 99
Trd, 8638865.082, 114
Trd, 8638866.282, 124
Trd, 8638867.632, 102
Trd, 8638867.782, 93
Trd, 8638868.532, 83
Trd, 8638870.082, 132
Trd, 8638870.132, 95
Trd, 8638871.432, 139
Trd, 8638871.732, 138
Trd, 8638871.782, 138
Trd, 8638872.282, 126
Trd, 8638873.432, 121
Trd, 8638873.582, 121
Trd, 8638873.882, 120
Trd, 8638876.482, 139
Trd, 8638876.932, 136
Trd, 8638878.682, 133
Trd, 8638878.932, 125
Trd, 8638879.432, 114
Trd, 8638879.482, 126
Trd, 8638880.682, 140
Trd, 8638881.032, 139
Trd, 8638883.182, 140
Trd, 8638883.582, 140
Trd, 8638883.682, 139
Trd, 8638884.432, 135
Trd, 8638885.632, 135
Trd, 8638885.682, 132
Trd, 8638885.782, 109
Trd, 8638885.932, 109
Trd, 8638886.782, 104
Trd, 8638887.582, 140
Trd, 8638888.382, 139
Trd, 8638890.782, 140
Trd, 8638890.982, 136
Trd, 8638891.032, 96
Trd, 8638891.832, 118
Trd, 8638893.982, 135
Trd, 8638895.932, 140
Trd, 8638896.432, 140
Trd, 8638896.582, 140
Trd, 8638897.432, 140
Trd, 8638897.532, 140
Trd, 8638899.332, 96
Trd, 8638899.732, 121
Trd, 8638900.282, 136
Trd, 8638901.082, 102
Trd, 8638903.532, 140
Trd, 8638904.682, 140
Trd, 8638904.832, 139
Trd, 8638905.182, 131
Trd, 8638906.782, 138
Trd, 8638907.032, 136
Trd, 8638907.532, 110
Trd, 8638908.382, 131
Trd, 8638908.782, 113
Trd, 8638910.682, 140
Trd, 8638911.132, 134
Trd, 8638912.482, 139
Trd, 8638912.882, 122
Trd, 8638914.132, 138
Trd, 8638914.232, 121
Trd, 8638917.282, 140
Trd, 8638917.332, 138
Trd, 8638919.132, 137
Trd, 8638919.682, 138
Trd, 8638920.282, 140
Trd, 8638921.282, 140
Trd, 8638921.632, 136
Trd, 8638921.732, 113
Trd, 8638921.832, 103
Trd, 8638923.432, 132
Trd, 8638924.132, 84
Trd, 8638925.332, 139
Trd, 8638927.132, 126
Trd, 8638929.782, 140
Trd, 8638930.382, 140
Trd, 8638930.632, 140
Trd, 8638931.132, 138
Trd, 8638931.182, 137
Trd, 8638931.232, 135
Trd, 8638932.082, 140
Trd, 8638932.432, 128
Trd, 8638932.982, 119
Trd, 8638935.632, 139
Trd, 8638935.682, 138
Trd, 8638936.832, 125
Trd, 8638937.532, 97
Trd, 8638938.232, 132
Trd, 8638938.282, 94
Trd, 8638939.632, 66
Trd, 8638940.482, 88
Trd, 8638941.532, 86
Trd, 8638941.582, 109
Trd, 8638943.482, 137
Trd, 8638943.882, 87
Trd, 8638944.682, 90
Trd, 8638945.782, 126
Trd, 8638946.132, 91
Trd, 8638948.182, 94
Trd, 8638948.532, 132
Trd, 8638948.632, 103
Trd, 8638948.982, 100
Trd, 8638949.282, 138
Trd, 8638949.982, 134
Trd, 8638951.082, 128
Trd, 8638951.732, 138
Trd, 8638951.932, 125
Trd, 8638954.382, 131
Trd, 8638956.382, 140
Trd, 8638956.482, 140
Trd, 8638956.632, 138
Trd, 8638956.832, 140
Trd, 8638958.432, 132
Trd, 8638959.332, 130
Trd, 8638959.682, 132
Trd, 8638961.132, 126
Trd, 8638961.282, 119
Trd, 8638961.482, 118
Trd, 8638962.132, 107
Trd, 8638964.532, 140
Trd, 8638964.832, 140
Trd, 8638966.132, 140
Trd, 8638966.232, 140
Trd, 8638966.682, 116
Trd, 8638967.532, 139
Trd, 8638968.182, 138
Trd, 8638968.882, 70
Trd, 8638969.482, 71
Trd, 8638971.082, 76
Trd, 8638971.582, 90
Trd, 8638972.032, 92
Trd, 8638974.082, 140
Trd, 8638974.182, 140
Trd, 8638974.332, 138
Trd, 8638974.382, 104
Trd, 8638975.032, 93
Trd, 8638975.982, 106
Trd, 8638976.532, 132
Trd, 8638977.232, 140
Trd, 8638977.332, 139
Trd, 8638978.832, 140
Trd, 8638980.932, 140
Trd, 8638981.982, 140
Trd, 8638982.782, 140
Trd, 8638984.332, 138
Trd, 8638984.832, 137
Trd, 8638986.832, 140
Trd, 8638987.182, 134
Trd, 8638987.282, 128
Trd, 8638988.132, 140
Trd, 8638988.532, 140
Trd, 8638989.432, 132
Trd, 8638990.432, 117
Trd, 8638991.232, 113
Trd, 8638992.932, 128
Trd, 8638993.182, 138
Trd, 8638993.682, 136
Trd, 8638994.032, 127
Trd, 8638994.482, 140
Trd, 8638994.832, 140
Trd, 8638995.682, 126
Trd, 8638997.582, 133
Trd, 8638999.032, 140
Trd, 8638999.582, 140
Trd, 8638999.782, 121
Trd, 8639000.082, 140
Trd, 8639002.182, 125
Trd, 8639004.382, 135
Trd, 8639004.582, 133
Trd, 8639005.432, 127
Trd, 8639005.982, 126
Trd, 8639006.582, 139
Trd, 8639008.532, 136
Trd, 8639009.582, 136
Trd, 8639009.982, 135
Trd, 8639011.382, 128
Trd, 8639011.682, 109
Trd, 8639012.882, 139
Trd, 8639014.482, 134
Trd, 8639015.532, 139
Trd, 8639016.382, 140
Trd, 8639016.932, 140
Trd, 8639017.082, 140
Trd, 8639017.432, 139
Trd, 8639017.632, 114
Trd, 8639019.882, 138
Trd, 8639020.682, 139
Trd, 8639021.282, 138
Trd, 8639021.482, 105
Trd, 8639022.482, 118
Trd, 8639024.132, 131
Trd, 8639024.282, 133
Trd, 8639024.682, 130
Trd, 8639025.082, 117
Trd, 8639026.482, 108
Trd, 8639026.932, 77
Trd, 8639027.282, 81
Trd, 8639027.332, 79
Trd, 8639027.932, 123
Trd, 8639029.782, 140
Trd, 8639030.182, 140
Trd, 8639030.882, 140
Trd, 8639033.332, 140
Trd, 8639033.382, 128
Trd, 8639033.732, 139
Trd, 8639033.982, 125
Trd, 8639034.332, 93
Trd, 8639036.332, 140
Trd, 8639037.382, 140
Trd, 8639038.332, 140
Trd, 8639038.532, 140
Trd, 8639038.732, 112
Trd, 8639040.282, 137
Trd, 8639040.332, 94
Trd, 8639042.232, 139
Trd, 8639043.932, 135
Trd, 8639044.032, 131
Trd, 8639044.782, 139
Trd, 8639045.932, 93
Trd, 8639049.332, 128
Trd, 8639050.082, 140
Trd, 8639050.132, 100
Trd, 8639050.932, 140
Trd, 8639051.782, 123
Trd, 8639053.082, 97
Trd, 8639053.532, 134
Trd, 8639054.032, 140
Trd, 8639055.232, 132
Trd, 8639055.382, 131
Trd, 8639056.182, 129
Trd, 8639056.482, 135
Trd, 8639057.132, 135
Trd, 8639057.582, 135
Trd, 8639058.282, 110
Trd, 8639059.082, 140
Trd, 8639060.632, 111
Trd, 8639060.732, 110
Trd, 8639061.432, 116
Trd, 8639061.832, 134
Trd, 8639062.932, 103
Trd, 8639063.682, 128
Trd, 8639064.182, 77
Trd, 8639065.132, 106
Trd, 8639066.732, 116
Trd, 8639067.032, 114
Trd, 8639067.632, 140
Trd, 8639067.782, 140
Trd, 8639068.182, 140
Trd, 8639068.932, 112
Trd, 8639069.132, 118
Trd, 8639070.332, 110
Trd, 8639070.582, 136
Trd, 8639072.132, 100
Trd, 8639072.882, 91
Trd, 8639073.682, 77
Trd, 8639074.782, 79
Trd, 8639075.932, 97
Trd, 8639076.232, 97
Trd, 8639077.382, 140
Trd, 8639079.232, 140
Trd, 8639079.832, 140
Trd, 8639080.982, 139
Trd, 8639081.032, 122
Trd, 8639081.582, 99
Trd, 8639081.682, 84
Trd, 8639082.082, 135
Trd, 8639082.982, 87
Trd, 8639084.082, 134
Trd, 8639084.832, 136
Trd, 8639084.932, 135
Trd, 8639085.182, 124
Trd, 8639086.532, 140
Trd, 8639087.032, 140
Trd, 8639087.082, 140
Trd, 8639088.832, 110
Trd, 8639089.782, 117
Trd, 8639090.132, 93
Trd, 8639090.332, 107
Trd, 8639091.982, 140
Trd, 8639093.132, 140
Trd, 8639093.932, 104
Trd, 8639095.232, 134
Trd, 8639095.332, 111
Trd, 8639096.532, 126
Trd, 8639096.882, 125
Trd, 8639097.082, 125
Trd, 8639097.132, 124
Trd, 8639098.332, 112
Trd, 8639099.332, 116
Trd, 8639100.132, 115
Trd, 8639100.982, 137
Trd, 8639101.582, 129
Trd, 8639101.732, 119
Trd, 8639101.882, 108
Trd, 8639102.632, 139
Trd, 8639104.632, 132
Trd, 8639105.032, 125
Trd, 8639105.382, 124
Trd, 8639105.932, 87
Trd, 8639106.532, 96
Trd, 8639106.982, 136
Trd, 8639107.582, 96
Trd, 8639108.832, 98
Trd, 8639111.032, 108
Trd, 8639113.082, 140
Trd, 8639113.232, 140
Trd, 8639113.682, 138
Trd, 8639114.382, 140
Trd, 8639114.832, 132
Trd, 8639115.582, 92
Trd, 8639115.632, 125
Trd, 8639116.482, 122
Trd, 8639117.182, 120
Trd, 8639117.932, 120
Trd, 8639118.782, 139
Trd, 8639118.832, 96
Trd, 8639120.082, 136
Trd, 8639120.832, 71
Trd, 8639121.732, 107
Trd, 8639122.232, 88
Trd, 8639123.132, 113
Trd, 8639123.832, 128
Trd, 8639124.182, 128
Trd, 8639124.982, 128
Trd, 8639125.932, 131
Trd, 8639126.732, 140
Trd, 8639128.232, 140
Trd, 8639128.382, 139
Trd, 8639129.232, 110
Trd, 8639129.782, 122
Trd, 8639132.382, 84
Trd, 8639132.932, 129
Trd, 8639133.382, 83
Trd, 8639134.132, 128
Trd, 8639134.732, 128
Trd, 8639135.632, 103
Trd, 8639136.432, 102
Trd, 8639136.532, 91
Trd, 8639137.182, 140
Trd, 8639138.332, 128
Trd, 8639138.532, 139
Trd, 8639139.182, 115
Trd, 8639139.532, 114
Trd, 8639142.082, 123
Trd, 8639143.082, 128
Trd, 8639143.382, 134
Trd, 8639143.882, 127
Trd, 8639145.932, 117
Trd, 8639146.732, 109
Trd, 8639147.032, 108
Trd, 8639147.432, 105
Trd, 8639148.782, 140
Trd, 8639149.132, 140
Trd, 8639150.632, 132
Trd, 8639150.732, 140
Trd, 8639151.532, 99
Trd, 8639152.682, 98
Trd, 8639154.232, 140
Trd, 8639154.682, 140
Trd, 8639155.232, 137
Trd, 8639155.332, 118
Trd, 8639156.282, 139
Trd, 8639156.332, 116
Trd, 8639157.432, 116
Trd, 8639157.882, 120
Trd, 8639158.232, 109
Trd, 8639158.332, 106
Trd, 8639158.982, 135
Trd, 8639159.532, 103
Trd, 8639161.132, 121
Trd, 8639161.382, 107
Trd, 8639161.582, 103
Trd, 8639162.332, 102
Trd, 8639163.082, 139
Trd, 8639163.782, 96
Trd, 8639163.982, 96
Trd, 8639164.632, 95
Trd, 8639165.732, 127
Trd, 8639166.332, 127
Trd, 8639166.932, 140
Trd, 8639168.032, 130
Trd, 8639168.832, 128
Trd, 8639169.632, 139
Trd, 8639169.782, 123
Trd, 8639170.782, 125
Trd, 8639170.832, 112
Trd, 8639171.682, 139
Trd, 8639172.732, 136
Trd, 8639172.932, 136
Trd, 8639173.232, 135
Trd, 8639175.082, 140
Trd, 8639175.282, 140
Trd, 8639175.932, 140
Trd, 8639176.232, 111
Trd, 8639177.832, 139
Trd, 8639179.382, 140
Trd, 8639180.032, 135
Trd, 8639181.082, 140
Trd, 8639182.682, 140
Trd, 8639183.182, 118
Trd, 8639183.832, 118
Trd, 8639185.032, 120
Trd, 8639185.782, 125
Trd, 8639186.682, 121
Trd, 8639187.282, 137
Trd, 8639187.532, 140
Trd, 8639188.182, 118
Trd, 8639189.032, 101
Trd, 8639189.182, 100
Trd, 8639190.032, 77
Trd, 8639190.232, 74
Trd, 8639190.682, 85
Trd, 8639191.532, 77
Trd, 8639192.232, 77
Trd, 8639192.882, 127
Trd, 8639193.332, 90
Trd, 8639194.732, 139
Trd, 8639195.132, 137
Trd, 8639195.182, 92
Trd, 8639195.982, 136
Trd, 8639197.982, 140
Trd, 8639198.332, 140
Trd, 8639198.932, 140
Trd, 8639199.032, 126
Trd, 8639199.382, 112
Trd, 8639199.482, 111
Trd, 8639201.232, 62
Trd, 8639202.282, 73
Trd, 8639202.832, 85
Trd, 8639203.582, 109
Trd, 8639204.182, 114
Trd, 8639205.282, 67
Trd, 8639205.732, 71
Trd, 8639207.832, 140
Trd, 8639208.532, 140
Trd, 8639208.682, 137
Trd, 8639208.832, 136
Trd, 8639209.382, 118
Trd, 8639210.332, 129
Trd, 8639212.082, 140
Trd, 8639212.282, 140
Trd, 8639212.832, 130
Trd, 8639213.482, 123
Trd, 8639213.532, 82
Trd, 8639213.932, 140
Trd, 8639217.632, 140
Trd, 8639218.482, 140
Trd, 8639218.732, 139
Trd, 8639218.832, 128
Trd, 8639219.982, 138
Trd, 8639220.782, 138
Trd, 8639221.182, 138
Trd, 8639221.982, 131
Trd, 8639222.182, 122
Trd, 8639222.432, 84
Trd, 8639222.932, 116
Trd, 8639224.982, 140
Trd, 8639227.132, 140
Trd, 8639227.432, 140
Trd, 8639228.082, 140
Trd, 8639228.432, 139
Trd, 8639228.532, 118
Trd, 8639228.632, 108
Trd, 8639230.432, 84
Trd, 8639231.332, 133
Trd, 8639233.532, 134
Trd, 8639234.082, 130
Trd, 8639235.132, 136
Trd, 8639237.482, 140
Trd, 8639237.582, 140
Trd, 8639239.582, 140
Trd, 8639239.632, 138
Trd, 8639239.882, 136
Trd, 8639240.732, 140
Trd, 8639240.932, 139
Trd, 8639241.682, 94
Trd, 8639241.932, 140
Trd, 8639242.732, 140
Trd, 8639243.732, 129
Trd, 8639244.282, 100
Trd, 8639244.582, 108
Trd, 8639245.132, 80
Trd, 8639247.082, 112
Trd, 8639248.132, 112
Trd, 8639248.732, 110
Trd, 8639248.982, 106
Trd, 8639249.232, 108
Trd, 8639251.382, 119
Trd, 8639253.282, 140
Trd, 8639253.332, 138
Trd, 8639253.932, 121
Trd, 8639255.432, 134
Trd, 8639256.782, 137
Trd, 8639257.232, 135
Trd, 8639258.132, 136
Trd, 8639258.532, 135
Trd, 8639261.232, 138
Trd, 8639262.282, 139
Trd, 8639263.832, 140
Trd, 8639264.132, 140
Trd, 8639265.082, 139
Trd, 8639266.482, 132
Trd, 8639266.582, 130
Trd, 8639266.782, 114
Trd, 8639266.932, 107
Trd, 8639268.732, 140
Trd, 8639269.582, 133
Trd, 8639269.632, 132
Trd, 8639270.532, 138
Trd, 8639272.032, 116
Trd, 8639273.082, 134
Trd, 8639273.832, 139
Trd, 8639274.682, 125
Trd, 8639275.782, 131
Trd, 8639276.532, 111
Trd, 8639276.632, 121
Trd, 8639278.232, 140
Trd, 8639278.382, 139
Trd, 8639279.532, 112
Trd, 8639281.182, 140
Trd, 8639281.432, 128
Trd, 8639282.232, 130
Trd, 8639282.532, 128
Trd, 8639283.532, 125
Trd, 8639283.982, 103
Trd, 8639285.232, 103
Trd, 8639286.032, 140
Trd, 8639287.182, 103
Trd, 8639288.732, 140
Trd, 8639289.082, 140
Trd, 8639291.132, 126
Trd, 8639291.332, 124
Trd, 8639292.382, 140
Trd, 8639293.732, 140
Trd, 8639293.832, 130
Trd, 8639294.582, 132
Trd, 8639296.532, 126
Trd, 8639296.732, 125
Trd, 8639296.832, 123
Trd, 8639297.582, 128
Trd, 8639298.232, 115
Trd, 8639298.382, 107
Trd, 8639299.132, 122
Trd, 8639299.482, 110
Trd, 8639299.632, 123
Trd, 8639301.532, 136
Trd, 8639301.932, 135
Trd, 8639302.032, 134
Trd, 8639303.932, 138
Trd, 8639304.632, 140
Trd, 8639306.332, 139
Trd, 8639307.032, 113
Trd, 8639307.332, 135
Trd, 8639307.932, 140
Trd, 8639308.932, 106
Trd, 8639309.132, 122
Trd, 8639310.232, 127
Trd, 8639311.532, 127
Trd, 8639313.532, 140
Trd, 8639314.632, 140
Trd, 8639315.532, 140
Trd, 8639316.032, 140
Trd, 8639317.232, 140
Trd, 8639317.482, 130
Trd, 8639318.082, 120
Trd, 8639318.832, 128
Trd, 8639319.782, 119
Trd, 8639322.532, 140
Trd, 8639322.732, 140
Trd, 8639323.582, 140
Trd, 8639324.332, 140
Trd, 8639324.832, 130
Trd, 8639324.982, 116
Trd, 8639326.832, 140
Trd, 8639327.982, 132
Trd, 8639328.432, 125
Trd, 8639329.032, 126
Trd, 8639329.382, 124
Trd, 8639331.332, 129
Trd, 8639331.482, 140
Trd, 8639331.682, 112
Trd, 8639332.732, 109
Trd, 8639335.282, 137
Trd, 8639335.682, 132
Trd, 8639335.932, 140
Trd, 8639337.432, 140
Trd, 8639337.832, 140
Trd, 8639338.132, 139
Trd, 8639338.482, 104
Trd, 8639340.082, 92
Trd, 8639341.632, 100
Trd, 8639343.182, 140
Trd, 8639345.432, 140
Trd, 8639348.632, 140
Trd, 8639348.982, 140
Trd, 8639349.082, 137
Trd, 8639350.032, 136
Trd, 8639350.982, 139
Trd, 8639351.132, 138
Trd, 8639351.482, 134
Trd, 8639352.532, 124
Trd, 8639353.382, 128
Trd, 8639353.982, 131
Trd, 8639354.082, 116
Trd, 8639355.182, 125
Trd, 8639357.932, 124
Trd, 8639358.082, 129
Trd, 8639359.382, 114
Trd, 8639360.132, 138
Trd, 8639360.282, 137
Trd, 8639360.482, 138
Trd, 8639360.732, 136
Trd, 8639362.832, 136
Trd, 8639362.882, 126
Trd, 8639363.232, 132
Trd, 8639363.382, 125
Trd, 8639364.782, 114
Trd, 8639366.732, 80
Trd, 8639367.232, 96
Trd, 8639367.782, 118
Trd, 8639369.582, 92
Trd, 8639370.682, 136
Trd, 8639371.932, 97
Trd, 8639372.982, 125
Trd, 8639373.332, 128
Trd, 8639373.882, 131
Trd, 8639374.032, 125
Trd, 8639374.782, 122
Trd, 8639375.532, 100
Trd, 8639376.432, 139
Trd, 8639376.832, 139
Trd, 8639377.782, 138
Trd, 8639378.632, 104
Trd, 8639379.832, 133
Trd, 8639380.232, 132
Trd, 8639381.232, 132
Trd, 8639381.282, 109
Trd, 8639382.432, 140
Trd, 8639382.632, 140
Trd, 8639382.682, 140
Trd, 8639383.632, 134
Trd, 8639385.232, 112
Trd, 8639385.482, 63
Trd, 8639386.032, 125
Trd, 8639387.982, 129
Trd, 8639389.032, 123
Trd, 8639389.332, 133
Trd, 8639389.732, 86
Trd, 8639392.682, 104
Trd, 8639392.982, 116
Trd, 8639393.182, 81
Trd, 8639394.482, 140
Trd, 8639394.632, 140
Trd, 8639396.032, 102
Trd, 8639397.732, 108
Trd, 8639400.932, 140
Trd, 8639401.732, 140
Trd, 8639401.832, 140
Trd, 8639402.332, 140
Trd, 8639402.832, 140
Trd, 8639403.682, 140
Trd, 8639404.182, 140
Trd, 8639405.132, 140
Trd, 8639405.732, 120
Trd, 8639405.832, 110
Trd, 8639406.832, 109
Trd, 8639410.282, 140
Trd, 8639411.282, 135
Trd, 8639411.832, 140
Trd, 8639412.082, 140
Trd, 8639413.432, 135
Trd, 8639414.382, 140
Trd, 8639414.532, 140
Trd, 8639414.582, 140
Trd, 8639415.032, 133
Trd, 8639416.882, 137
Trd, 8639417.082, 132
Trd, 8639417.632, 136
Trd, 8639418.132, 130
Trd, 8639418.882, 118
Trd, 8639419.832, 140
Trd, 8639421.532, 111
Trd, 8639422.532, 120
Trd, 8639422.882, 119
Trd, 8639424.782, 140
Trd, 8639425.332, 140
Trd, 8639425.582, 139
Trd, 8639426.282, 129
Trd, 8639426.682, 124
Trd, 8639427.582, 93
Trd, 8639427.882, 75
Trd, 8639428.182, 118
Trd, 8639428.932, 91
Trd, 8639431.382, 86
Trd, 8639431.482, 81
Trd, 8639431.832, 120
Trd, 8639432.132, 99
Trd, 8639432.732, 81
Trd, 8639434.582, 133
Trd, 8639435.532, 135
Trd, 8639436.432, 134
Trd, 8639436.482, 133
Trd, 8639436.732, 125
Trd, 8639438.132, 119
Trd, 8639440.182, 139
Trd, 8639443.032, 140
Trd, 8639443.332, 140
Trd, 8639443.532, 139
Trd, 8639444.682, 139
Trd, 8639445.132, 136
Trd, 8639445.932, 132
Trd, 8639447.682, 138
Trd, 8639448.232, 138
Trd, 8639449.032, 137
Trd, 8639449.882, 118
Trd, 8639450.332, 136
Trd, 8639451.682, 125
Trd, 8639453.182, 114
Trd, 8639453.332, 111
Trd, 8639453.882, 140
Trd, 8639454.332, 111
Trd, 8639454.482, 110
Trd, 8639454.782, 94
Trd, 8639455.382, 132
Trd, 8639456.132, 98
Trd, 8639457.482, 96
Trd, 8639458.632, 133
Trd, 8639458.782, 118
Trd, 8639459.232, 87
Trd, 8639459.632, 136
Trd, 8639461.182, 140
Trd, 8639461.232, 139
Trd, 8639461.332, 111
Trd, 8639464.282, 131
Trd, 8639465.582, 140
Trd, 8639465.632, 138
Trd, 8639465.932, 135
Trd, 8639466.882, 133
Trd, 8639468.182, 139
Trd, 8639469.382, 140
Trd, 8639469.682, 137
Trd, 8639469.982, 136
Trd, 8639470.032, 123
Trd, 8639470.632, 135
Trd, 8639471.232, 114
Trd, 8639472.582, 118
Trd, 8639472.982, 115
Trd, 8639473.232, 116
Trd, 8639473.582, 140
Trd, 8639475.132, 97
Trd, 8639475.682, 116
Trd, 8639476.982, 138
Trd, 8639477.332, 132
Trd, 8639477.382, 114
Trd, 8639478.482, 89
Trd, 8639478.632, 94
Trd, 8639480.182, 127
Trd, 8639481.582, 131
Trd, 8639481.982, 139
Trd, 8639484.032, 140
Trd, 8639485.032, 140
Trd, 8639485.382, 140
Trd, 8639485.532, 139
Trd, 8639485.932, 117
Trd, 8639486.632, 113
Trd, 8639487.282, 111
Trd, 8639488.032, 84
Trd, 8639489.682, 132
Trd, 8639490.582, 131
Trd, 8639490.782, 140
Trd, 8639491.032, 129
Trd, 8639492.982, 139
Trd, 8639493.482, 110
Trd, 8639493.532, 100
Trd, 8639493.832, 122
Trd, 8639496.282, 108
Trd, 8639496.782, 132
Trd, 8639498.382, 121
Trd, 8639498.682, 114
Trd, 8639498.732, 112
Trd, 8639500.882, 124
Trd, 8639502.582, 140
Trd, 8639504.332, 140
Trd, 8639505.082, 140
Trd, 8639506.882, 140
Trd, 8639507.132, 140
Trd, 8639507.782, 137
Trd, 8639507.832, 136
Trd, 8639508.682, 140
Trd, 8639509.132, 118
Trd, 8639509.582, 95
Trd, 8639510.732, 101
Trd, 8639512.132, 131
Trd, 8639513.632, 129
Trd, 8639515.032, 140
Trd, 8639515.482, 140
Trd, 8639516.732, 137
Trd, 8639517.632, 137
Trd, 8639518.182, 138
Trd, 8639518.232, 136
Trd, 8639520.132, 127
Trd, 8639520.932, 127
Trd, 8639521.782, 139
Trd, 8639522.132, 129
Trd, 8639522.482, 120
Trd, 8639523.682, 138
Trd, 8639524.132, 139
Trd, 8639525.232, 136
Trd, 8639527.182, 138
Trd, 8639527.682, 140
Trd, 8639528.232, 139
Trd, 8639528.582, 138
Trd, 8639530.082, 94
Trd, 8639532.282, 91
Trd, 8639532.332, 111
Trd, 8639533.432, 105
Trd, 8639533.732, 83
Trd, 8639534.832, 140
Trd, 8639535.282, 140
Trd, 8639535.682, 104
Trd, 8639536.032, 91
Trd, 8639537.182, 140
Trd, 8639537.382, 140
Trd, 8639537.882, 139
Trd, 8639538.082, 114
Trd, 8639538.882, 132
Trd, 8639538.982, 131
Trd, 8639540.532, 133
Trd, 8639541.982, 117
Trd, 8639542.732, 137
Trd, 8639542.832, 136
Trd, 8639543.232, 140
Trd, 8639544.332, 131
Trd, 8639545.332, 134
Trd, 8639546.182, 140
Trd, 8639546.632, 140
Trd, 8639547.482, 136
Trd, 8639548.682, 132
Trd, 8639548.832, 129
Trd, 8639549.882, 135
Trd, 8639550.882, 121
Trd, 8639551.432, 116
Trd, 8639551.682, 140
Trd, 8639552.582, 97
Trd, 8639553.032, 96
Trd, 8639554.882, 129
Trd, 8639555.032, 121
Trd, 8639555.382, 101
Trd, 8639555.432, 75
Trd, 8639556.882, 107
Trd, 8639559.532, 100
Trd, 8639560.332, 134
Trd, 8639560.432, 132
Trd, 8639560.932, 98
Trd, 8639561.132, 97
Trd, 8639562.682, 96
Trd, 8639563.532, 140
Trd, 8639563.982, 140
Trd, 8639564.582, 140
Trd, 8639565.482, 132
Trd, 8639566.332, 140
Trd, 8639566.382, 139
Trd, 8639566.732, 138
Trd, 8639567.682, 118
Trd, 8639569.282, 87
Trd, 8639571.882, 140
Trd, 8639572.182, 140
Trd, 8639572.332, 140
Trd, 8639573.682, 138
Trd, 8639574.582, 126
Trd, 8639575.282, 136
Trd, 8639575.532, 125
Trd, 8639576.932, 140
Trd, 8639577.232, 140
Trd, 8639577.882, 118
Trd, 8639579.482, 140
Trd, 8639580.332, 138
Trd, 8639580.682, 134
Trd, 8639580.982, 133
Trd, 8639581.282, 132
Trd, 8639581.982, 140
Trd, 8639582.082, 123
Trd, 8639585.182, 139
Trd, 8639585.432, 136
Trd, 8639585.682, 138
Trd, 8639586.082, 135
Trd, 8639587.232, 116
Trd, 8639587.332, 124
Trd, 8639588.382, 117
Trd, 8639591.482, 139
Trd, 8639592.532, 118
Trd, 8639592.882, 138
Trd, 8639593.182, 117
Trd, 8639594.782, 140
Trd, 8639595.032, 140
Trd, 8639595.382, 138
Trd, 8639595.682, 137
Trd, 8639597.432, 108
Trd, 8639597.882, 138
Trd, 8639598.432, 140
Trd, 8639598.982, 120
Trd, 8639600.132, 96
Trd, 8639600.632, 97
Trd, 8639600.832, 83
Trd, 8639601.632, 116
Trd, 8639601.982, 129
Trd, 8639602.282, 128
Trd, 8639603.732, 140
Trd, 8639604.182, 140
Trd, 8639604.482, 113
Trd, 8639605.432, 85
Trd, 8639605.732, 102
Trd, 8639607.732, 140
Trd, 8639608.932, 135
Trd, 8639609.732, 139
Trd, 8639610.282, 138
Trd, 8639611.182, 131
Trd, 8639611.482, 97
Trd, 8639612.832, 140
Trd, 8639613.482, 140
Trd, 8639613.832, 140
Trd, 8639614.132, 111
Trd, 8639614.732, 140
Trd, 8639615.182, 125
Trd, 8639617.482, 140
Trd, 8639617.532, 140
Trd, 8639618.782, 140
Trd, 8639620.382, 140
Trd, 8639620.782, 140
Trd, 8639621.182, 137
Trd, 8639621.782, 136
Trd, 8639623.182, 122
Trd, 8639623.232, 99
Trd, 8639623.332, 89
Trd, 8639623.632, 110
Trd, 8639625.782, 140
Trd, 8639626.082, 140
Trd, 8639626.232, 140
Trd, 8639627.832, 140
Trd, 8639628.882, 132
Trd, 8639630.132, 139
Trd, 8639631.432, 140
Trd, 8639631.832, 140
Trd, 8639631.882, 133
Trd, 8639632.582, 140
Trd, 8639633.932, 106
Trd, 8639634.132, 121
Trd, 8639635.032, 120
Trd, 8639638.082, 139
Trd, 8639638.582, 140
Trd, 8639639.032, 139
Trd, 8639640.382, 140
Trd, 8639641.232, 140
Trd, 8639641.532, 140
Trd, 8639644.182, 138
Trd, 8639644.682, 122
Trd, 8639644.982, 135
Trd, 8639645.282, 110
Trd, 8639645.532, 137
Trd, 8639646.432, 135
Trd, 8639647.982, 134
Trd, 8639648.332, 135
Trd, 8639651.132, 140
Trd, 8639651.582, 140
Trd, 8639652.682, 140
Trd, 8639652.732, 138
Trd, 8639652.982, 127
Trd, 8639654.532, 116
Trd, 8639654.882, 116
Trd, 8639656.982, 140
Trd, 8639657.082, 140
Trd, 8639657.382, 139
Trd, 8639657.482, 135
Trd, 8639657.582, 123
Trd, 8639657.732, 106
Trd, 8639658.582, 70
Trd, 8639659.682, 133
Trd, 8639660.982, 75
Trd, 8639662.032, 136
Trd, 8639662.932, 108
Trd, 8639663.082, 107
Trd, 8639664.382, 139
Trd, 8639664.882, 140
Trd, 8639665.832, 140
Trd, 8639666.732, 114
Trd, 8639666.932, 108
Trd, 8639667.832, 119
Trd, 8639668.182, 117
Trd, 8639668.282, 116
Trd, 8639671.482, 140
Trd, 8639671.932, 140
Trd, 8639672.182, 140
Trd, 8639672.482, 132
Trd, 8639673.732, 134
Trd, 8639674.632, 130
Trd, 8639675.282, 140
Trd, 8639675.432, 118
Trd, 8639675.982, 82
Trd, 8639676.782, 139
Trd, 8639678.132, 128
Trd, 8639678.882, 140
Trd, 8639679.132, 114
Trd, 8639679.682, 133
Trd, 8639681.382, 136
Trd, 8639681.982, 125
Trd, 8639682.732, 111
Trd, 8639683.782, 139
Trd, 8639684.532, 115
Trd, 8639684.882, 92
Trd, 8639686.882, 115
Trd, 8639687.832, 139
Trd, 8639689.582, 130
Trd, 8639689.732, 128
Trd, 8639692.232, 136
Trd, 8639693.582, 137
Trd, 8639694.782, 133
Trd, 8639695.232, 133
Trd, 8639695.532, 121
Trd, 8639697.132, 119
Trd, 8639697.582, 135
Trd, 8639698.032, 116
Trd, 8639700.632, 140
Trd, 8639700.732, 140
Trd, 8639700.882, 115
Trd, 8639700.982, 112
Trd, 8639701.532, 102
Trd, 8639702.982, 135
Trd, 8639703.532, 134
Trd, 8639704.432, 140
Trd, 8639705.632, 99
Trd, 8639706.032, 117
Trd, 8639706.482, 115
Trd, 8639706.982, 136
Trd, 8639708.532, 140
Trd, 8639709.532, 93
Trd, 8639709.832, 115
Trd, 8639711.232, 121
Trd, 8639712.382, 139
Trd, 8639713.132, 140
Trd, 8639713.582, 140
Trd, 8639714.782, 140
Trd, 8639715.732, 140
Trd, 8639716.132, 135
Trd, 8639716.232, 118
Trd, 8639716.432, 129
Trd, 8639718.132, 140
Trd, 8639718.882, 103
Trd, 8639719.032, 102
Trd, 8639719.632, 91
Trd, 8639721.032, 91
Trd, 8639721.182, 105
Trd, 8639722.832, 115
Trd, 8639723.482, 140
Trd, 8639723.582, 92
Trd, 8639724.382, 92
Trd, 8639724.682, 90
Trd, 8639725.132, 80
Trd, 8639725.282, 79
Trd, 8639725.682, 96
Trd, 8639727.932, 140
Trd, 8639728.382, 133
Trd, 8639729.032, 132
Trd, 8639729.682, 131
Trd, 8639730.932, 139
Trd, 8639732.382, 139
Trd, 8639732.582, 129
Trd, 8639732.932, 129
Trd, 8639735.482, 140
Trd, 8639735.832, 125
Trd, 8639736.532, 131
Trd, 8639737.582, 138
Trd, 8639737.682, 128
Trd, 8639739.382, 140
Trd, 8639740.132, 140
Trd, 8639741.032, 140
Trd, 8639741.732, 140
Trd, 8639742.532, 139
Trd, 8639743.182, 124
Trd, 8639743.582, 122
Trd, 8639745.032, 127
Trd, 8639745.082, 124
Trd, 8639745.532, 122
Trd, 8639746.332, 129
Trd, 8639747.032, 66
Trd, 8639749.482, 140
Trd, 8639751.632, 136
Trd, 8639752.732, 140
Trd, 8639753.282, 140
Trd, 8639753.882, 140
Trd, 8639754.832, 140
Trd, 8639755.132, 137
Trd, 8639757.232, 140
Trd, 8639758.732, 140
Trd, 8639758.832, 140
Trd, 8639759.332, 133
Trd, 8639761.782, 139
Trd, 8639762.382, 114
Trd, 8639763.182, 114
Trd, 8639763.832, 113
Trd, 8639765.032, 125
Trd, 8639765.632, 139
Trd, 8639766.832, 140
Trd, 8639767.082, 131
Trd, 8639767.382, 130
Trd, 8639767.682, 105
Trd, 8639768.482, 82
Trd, 8639769.832, 119
Trd, 8639770.432, 134
Trd, 8639771.282, 134
Trd, 8639771.482, 99
Trd, 8639774.132, 133
Trd, 8639774.382, 137
Trd, 8639774.882, 138
Trd, 8639776.132, 133
Trd, 8639776.582, 111
Trd, 8639777.282, 110
Trd, 8639777.582, 110
Trd, 8639778.932, 139
Trd, 8639779.482, 140
Trd, 8639779.932, 140
Trd, 8639780.282, 138
Trd, 8639780.982, 135
Trd, 8639781.582, 140
Trd, 8639785.432, 140
Trd, 8639786.932, 140
Trd, 8639787.932, 120
Trd, 8639789.032, 116
Trd, 8639789.732, 132
Trd, 8639791.082, 132
Trd, 8639792.232, 119
Trd, 8639792.982, 127
Trd, 8639793.032, 101
Trd, 8639793.182, 99
Trd, 8639794.532, 114
Trd, 8639795.732, 135
Trd, 8639796.932, 136
Trd, 8639797.032, 117
Trd, 8639797.132, 97
Trd, 8639797.782, 136
Trd, 8639800.682, 109
Trd, 8639800.832, 95
Trd, 8639802.432, 95
Trd, 8639803.132, 95
Trd, 8639803.932, 136
Trd, 8639804.132, 105
Trd, 8639805.082, 140
Trd, 8639806.182, 112
Trd, 8639806.882, 107
Trd, 8639806.932, 109
Trd, 8639808.932, 140
Trd, 8639809.032, 139
Trd, 8639810.332, 140
Trd, 8639810.482, 138
Trd, 8639811.782, 124
Trd, 8639812.782, 140
Trd, 8639812.982, 139
Trd, 8639814.382, 139
Trd, 8639814.682, 106
Trd, 8639814.882, 98
Trd, 8639815.182, 139
Trd, 8639816.482, 98
Trd, 8639817.582, 123
Trd, 8639818.182, 111
Trd, 8639818.432, 110
Trd, 8639819.282, 127
Trd, 8639819.382, 127
Trd, 8639819.632, 125
Trd, 8639820.582, 140
Trd, 8639822.882, 135
Trd, 8639823.682, 134
Trd, 8639824.632, 135
Trd, 8639825.082, 140
Trd, 8639825.132, 122
Trd, 8639826.582, 140
Trd, 8639827.582, 138
Trd, 8639827.932, 135
Trd, 8639829.582, 130
Trd, 8639829.682, 121
Trd, 8639829.832, 119
Trd, 8639830.032, 74
Trd, 8639831.782, 120
Trd, 8639832.232, 127
Trd, 8639832.682, 127
Trd, 8639834.882, 131
Trd, 8639836.732, 140
Trd, 8639836.932, 138
Trd, 8639839.232, 126
Trd, 8639839.482, 125
Trd, 8639840.932, 102
Trd, 8639842.482, 140
Trd, 8639842.832, 119
Trd, 8639843.382, 119
Trd, 8639844.332, 134
Trd, 8639845.882, 140
Trd, 8639846.982, 140
Trd, 8639847.032, 130
Trd, 8639849.532, 122
Trd, 8639851.132, 140
Trd, 8639851.932, 138
Trd, 8639852.782, 135
Trd, 8639852.932, 134
Trd, 8639853.082, 128
Trd, 8639853.632, 125
Trd, 8639855.432, 100
Trd, 8639855.982, 104
Trd, 8639856.932, 135
Trd, 8639857.282, 85
Trd, 8639859.232, 140
Trd, 8639859.682, 140
Trd, 8639860.382, 128
Trd, 8639862.482, 120
Trd, 8639862.632, 118
Trd, 8639863.332, 132
Trd, 8639863.982, 132
Trd, 8639864.332, 122
Trd, 8639864.382, 106
Trd, 8639864.882, 140
Trd, 8639866.482, 140
Trd, 8639866.932, 139
Trd, 8639867.182, 139
Trd, 8639867.932, 122
Trd, 8639868.832, 136
Trd, 8639869.582, 123
Trd, 8639869.782, 120
Trd, 8639870.932, 128
Trd, 8639871.682, 64
Trd, 8639873.382, 133
Trd, 8639874.132, 68
Trd, 8639876.232, 127
Trd, 8639876.832, 136
Trd, 8639877.282, 140
Trd, 8639877.382, 134
Trd, 8639877.932, 140
Trd, 8639878.232, 120
Trd, 8639880.382, 139
Trd, 8639882.132, 116
Trd, 8639882.632, 127
Trd, 8639883.582, 109
Trd, 8639886.132, 140
Trd, 8639887.532, 140
Trd, 8639888.132, 139
Trd, 8639888.732, 118
Trd, 8639889.732, 130
Trd, 8639890.032, 130
Trd, 8639890.182, 113
Trd, 8639891.382, 114
Trd, 8639893.432, 140
Trd, 8639894.132, 140
Trd, 8639894.232, 139
Trd, 8639894.832, 123
Trd, 8639894.882, 121
Trd, 8639895.682, 133
Trd, 8639896.332, 83
Trd, 8639896.632, 140
Trd, 8639897.032, 116
Trd, 8639898.882, 140
Trd, 8639899.282, 140
Trd, 8639900.832, 140
Trd, 8639901.182, 140
Trd, 8639901.832, 140
Trd, 8639902.632, 85
Trd, 8639904.582, 120
Trd, 8639904.732, 102
Trd, 8639905.932, 140
Trd, 8639906.232, 139
Trd, 8639906.332, 126
Trd, 8639908.082, 87
Trd, 8639909.882, 140
Trd, 8639910.532, 122
Trd, 8639911.682, 130
Trd, 8639912.232, 124
Trd, 8639913.532, 133
Trd, 8639914.282, 118
Trd, 8639914.432, 140
Trd, 8639915.082, 117
Trd, 8639915.382, 115
Trd, 8639916.332, 137
Trd, 8639916.632, 116
Trd, 8639916.832, 115
Trd, 8639918.082, 138
Trd, 8639919.082, 114
Trd, 8639920.382, 115
Trd, 8639920.582, 112
Trd, 8639921.182, 125
Trd, 8639922.332, 140
Trd, 8639922.982, 139
Trd, 8639923.782, 130
Trd, 8639925.432, 120
Trd, 8639926.482, 132
Trd, 8639927.282, 120
Trd, 8639927.482, 117
Trd, 8639928.132, 103
Trd, 8639929.232, 140
Trd, 8639930.482, 122
Trd, 8639932.632, 140
Trd, 8639933.382, 140
Trd, 8639934.382, 140
Trd, 8639934.532, 139
Trd, 8639934.632, 123
Trd, 8639935.282, 124
Trd, 8639936.182, 131
Trd, 8639936.882, 139
Trd, 8639938.982, 140
Trd, 8639939.482, 130
Trd, 8639940.582, 136
Trd, 8639940.932, 131
Trd, 8639941.482, 130
Trd, 8639943.032, 110
Trd, 8639944.032, 101
Trd, 8639946.782, 140
Trd, 8639947.532, 140
Trd, 8639948.382, 140
Trd, 8639948.432, 139
Trd, 8639948.832, 132
Trd, 8639948.982, 132
Trd, 8639949.282, 89
Trd, 8639949.932, 131
Trd, 8639951.982, 117
Trd, 8639952.982, 140
Trd, 8639953.132, 140
Trd, 8639953.182, 131
Trd, 8639953.432, 115
Trd, 8639953.982, 112
Trd, 8639955.882, 128
Trd, 8639956.682, 127
Trd, 8639956.882, 99
Trd, 8639956.982, 138
Trd, 8639957.332, 92
Trd, 8639958.782, 123
Trd, 8639959.632, 129
Trd, 8639959.682, 128
Trd, 8639960.232, 116
Trd, 8639963.732, 136
Trd, 8639964.082, 125
Trd, 8639965.382, 121
Trd, 8639965.982, 140
Trd, 8639966.182, 140
Trd, 8639966.832, 140
Trd, 8639968.082, 140
Trd, 8639968.682, 133
Trd, 8639969.432, 113
Trd, 8639970.782, 96
Trd, 8639971.382, 98
Trd, 8639971.432, 119
Trd, 8639972.032, 140
Trd, 8639972.832, 132
Trd, 8639974.332, 110
Trd, 8639976.232, 112
Trd, 8639976.582, 139
Trd, 8639977.282, 130
Trd, 8639978.032, 113
Trd, 8639979.882, 138
Trd, 8639980.732, 128
Trd, 8639981.732, 120
Trd, 8639982.982, 129
Trd, 8639983.232, 123
Trd, 8639983.532, 122
Trd, 8639984.032, 109
Trd, 8639985.632, 140
Trd, 8639985.732, 140
Trd, 8639985.832, 128
Trd, 8639986.332, 91
Trd, 8639987.432, 139
Trd, 8639987.682, 131
Trd, 8639988.832, 138
Trd, 8639989.632, 123
Trd, 8639989.732, 122
Trd, 8639990.832, 139
Trd, 8639991.482, 112
Trd, 8639992.932, 132
Trd, 8639993.632, 128
Trd, 8639993.732, 109
Trd, 8639995.282, 140
Trd, 8639995.532, 123
Trd, 8639996.632, 82
Trd, 8639996.682, 87
Trd, 8639998.632, 140
