Trd, 8638116.782, 87
Trd, 8638117.032, 85
Trd, 8638118.032, 88
Trd, 8638119.332, 102
Trd, 8638120.132, 126
Trd, 8638120.632, 103
Trd, 8638120.832, 118
Trd, 8638121.132, 86
Trd, 8638121.982, 77
Trd, 8638122.182, 65
Trd, 8638123.282, 101
Trd, 8638123.832, 101
Trd, 8638124.832, 101
Trd, 8638125.732, 99
Trd, 8638127.082, 125
Trd, 8638127.532, 110
Trd, 8638129.282, 120
Trd, 8638130.382, 101
Trd, 8638130.632, 102
Trd, 8638130.832, 100
Trd, 8638131.032, 88
Trd, 8638132.882, 98
Trd, 8638133.382, 115
Trd, 8638133.632, 106
Trd, 8638133.832, 122
Trd, 8638134.332, 88
Trd, 8638135.132, 123
Trd, 8638137.282, 101
Trd, 8638137.732, 74
Trd, 8638138.432, 72
Trd, 8638139.682, 112
Trd, 8638141.282, 127
Trd, 8638141.582, 124
Trd, 8638142.132, 114
Trd, 8638142.932, 127
Trd, 8638143.032, 122
Trd, 8638143.282, 108
Trd, 8638143.832, 90
Trd, 8638145.082, 91
Trd, 8638146.332, 136
Trd, 8638146.582, 136
Trd, 8638147.982, 124
Trd, 8638150.032, 119
Trd, 8638150.682, 114
Trd, 8638151.032, 105
Trd, 8638152.382, 139
Trd, 8638152.682, 119
Trd, 8638153.032, 122
Trd, 8638153.682, 110
Trd, 8638155.232, 87
Trd, 8638155.582, 80
Trd, 8638155.782, 81
Trd, 8638155.982, 88
Trd, 8638157.132, 100
Trd, 8638157.382, 107
Trd, 8638159.382, 73
Trd, 8638159.482, 107
Trd, 8638159.932, 77
Trd, 8638160.582, 102
Trd, 8638161.432, 68
Trd, 8638162.082, 65
Trd, 8638163.782, 79
Trd, 8638164.482, 118
Trd, 8638165.432, 89
Trd, 8638165.482, 85
Trd, 8638165.982, 97
Trd, 8638168.682, 130
Trd, 8638169.282, 109
Trd, 8638169.632, 102
Trd, 8638169.732, 115
Trd, 8638170.632, 117
Trd, 8638171.882, 85
Trd, 8638172.232, 111
Trd, 8638174.832, 120
Trd, 8638175.582, 125
Trd, 8638176.182, 98
Trd, 8638177.032, 85
Trd, 8638177.332, 70
Trd, 8638177.732, 102
Trd, 8638179.032, 116
Trd, 8638179.582, 133
Trd, 8638179.832, 89
Trd, 8638181.832, 119
Trd, 8638181.882, 119
Trd, 8638182.682, 127
Trd, 8638184.282, 110
Trd, 8638184.632, 105
Trd, 8638185.182, 97
Trd, 8638186.082, 109
Trd, 8638186.782, 87
Trd, 8638187.132, 87
Trd, 8638188.532, 87
Trd, 8638189.032, 77
Trd, 8638189.682, 72
Trd, 8638190.582, 91
Trd, 8638191.832, 114
Trd, 8638192.432, 82
Trd, 8638193.582, 83
Trd, 8638194.232, 128
Trd, 8638194.332, 72
Trd, 8638194.732, 76
Trd, 8638194.932, 94
Trd, 8638195.382, 113
Trd, 8638196.282, 110
Trd, 8638196.682, 129
Trd, 8638198.482, 89
Trd, 8638200.032, 85
Trd, 8638200.532, 82
Trd, 8638200.882, 91
Trd, 8638201.482, 82
Trd, 8638201.982, 114
Trd, 8638203.032, 122
Trd, 8638203.282, 89
Trd, 8638203.482, 87
Trd, 8638204.832, 136
Trd, 8638204.982, 98
Trd, 8638205.482, 97
Trd, 8638206.432, 136
Trd, 8638207.132, 63
Trd, 8638208.232, 126
Trd, 8638208.482, 113
Trd, 8638210.432, 89
Trd, 8638210.832, 108
Trd, 8638211.082, 114
Trd, 8638212.132, 89
Trd, 8638212.632, 109
Trd, 8638212.682, 108
Trd, 8638214.982, 82
Trd, 8638215.032, 90
Trd, 8638216.082, 84
Trd, 8638216.132, 103
Trd, 8638217.132, 130
Trd, 8638217.782, 123
Trd, 8638218.182, 121
Trd, 8638218.632, 109
Trd, 8638219.932, 135
Trd, 8638220.982, 85
Trd, 8638222.232, 62
Trd, 8638222.682, 79
Trd, 8638223.332, 85
Trd, 8638224.282, 72
Trd, 8638224.582, 88
Trd, 8638226.782, 63
Trd, 8638227.332, 84
Trd, 8638227.632, 82
Trd, 8638228.682, 111
Trd, 8638229.232, 111
Trd, 8638230.982, 118
Trd, 8638232.782, 105
Trd, 8638233.032, 86
Trd, 8638233.382, 121
Trd, 8638233.882, 73
Trd, 8638234.432, 77
Trd, 8638235.632, 127
Trd, 8638236.332, 101
Trd, 8638236.932, 109
Trd, 8638237.182, 107
Trd, 8638238.132, 89
Trd, 8638238.632, 80
Trd, 8638239.532, 104
Trd, 8638239.732, 94
Trd, 8638241.382, 127
Trd, 8638243.082, 93
Trd, 8638243.132, 88
Trd, 8638243.532, 126
Trd, 8638245.232, 111
Trd, 8638245.382, 86
Trd, 8638245.832, 123
Trd, 8638246.282, 137
Trd, 8638247.782, 116
Trd, 8638248.082, 140
Trd, 8638248.332, 100
Trd, 8638250.332, 85
Trd, 8638251.082, 83
Trd, 8638251.632, 129
Trd, 8638251.732, 68
Trd, 8638251.982, 73
Trd, 8638252.132, 106
Trd, 8638253.032, 80
Trd, 8638253.982, 93
Trd, 8638254.532, 118
Trd, 8638255.882, 79
Trd, 8638256.382, 77
Trd, 8638256.582, 118
Trd, 8638257.332, 61
Trd, 8638257.432, 95
Trd, 8638259.032, 67
Trd, 8638259.232, 80
Trd, 8638259.532, 100
Trd, 8638259.932, 79
Trd, 8638260.732, 99
Trd, 8638262.832, 138
Trd, 8638262.982, 136
Trd, 8638263.532, 111
Trd, 8638263.882, 90
Trd, 8638264.982, 81
Trd, 8638266.082, 63
Trd, 8638266.182, 95
Trd, 8638266.732, 77
Trd, 8638266.932, 90
Trd, 8638267.282, 122
Trd, 8638269.132, 132
Trd, 8638269.332, 126
Trd, 8638270.882, 95
Trd, 8638271.082, 93
Trd, 8638271.482, 101
Trd, 8638272.632, 124
Trd, 8638272.932, 119
Trd, 8638274.482, 103
Trd, 8638274.782, 112
Trd, 8638276.282, 127
Trd, 8638276.582, 122
Trd, 8638276.832, 75
Trd, 8638277.582, 76
Trd, 8638279.882, 98
Trd, 8638279.982, 95
Trd, 8638280.182, 71
Trd, 8638281.332, 128
Trd, 8638281.682, 118
Trd, 8638283.232, 123
Trd, 8638283.882, 125
Trd, 8638285.682, 131
Trd, 8638285.782, 121
Trd, 8638286.432, 118
Trd, 8638287.632, 116
Trd, 8638288.932, 106
Trd, 8638289.182, 119
Trd, 8638289.932, 114
Trd, 8638290.082, 97
Trd, 8638290.982, 116
Trd, 8638291.182, 117
Trd, 8638291.482, 139
Trd, 8638292.532, 99
Trd, 8638292.682, 97
Trd, 8638293.282, 127
Trd, 8638295.082, 114
Trd, 8638295.532, 130
Trd, 8638296.632, 70
Trd, 8638296.782, 120
Trd, 8638297.232, 77
Trd, 8638298.532, 101
Trd, 8638301.332, 92
Trd, 8638301.782, 137
Trd, 8638303.332, 97
Trd, 8638304.332, 123
Trd, 8638304.482, 121
Trd, 8638305.782, 131
Trd, 8638305.882, 107
Trd, 8638306.182, 84
Trd, 8638306.432, 113
Trd, 8638307.132, 64
Trd, 8638307.332, 113
Trd, 8638309.132, 86
Trd, 8638309.182, 95
Trd, 8638311.432, 82
Trd, 8638312.432, 130
Trd, 8638313.282, 127
Trd, 8638313.632, 134
Trd, 8638314.132, 110
Trd, 8638314.932, 99
Trd, 8638315.582, 108
Trd, 8638317.182, 118
Trd, 8638317.632, 105
Trd, 8638317.682, 104
Trd, 8638318.832, 98
Trd, 8638320.432, 80
Trd, 8638320.582, 99
Trd, 8638321.832, 128
Trd, 8638322.282, 125
Trd, 8638322.632, 101
Trd, 8638323.232, 93
Trd, 8638324.682, 72
Trd, 8638324.782, 84
Trd, 8638325.282, 94
Trd, 8638325.832, 107
Trd, 8638326.582, 130
Trd, 8638326.882, 124
Trd, 8638328.582, 79
Trd, 8638329.882, 117
Trd, 8638330.332, 120
Trd, 8638332.332, 113
Trd, 8638332.732, 127
Trd, 8638333.082, 93
Trd, 8638333.182, 82
Trd, 8638333.582, 103
Trd, 8638334.082, 70
Trd, 8638334.732, 116
Trd, 8638336.232, 97
Trd, 8638337.382, 138
Trd, 8638338.282, 112
Trd, 8638338.332, 81
Trd, 8638338.382, 80
Trd, 8638338.582, 78
Trd, 8638340.382, 69
Trd, 8638340.782, 75
Trd, 8638341.332, 76
Trd, 8638342.332, 97
Trd, 8638342.882, 109
Trd, 8638343.382, 103
Trd, 8638346.282, 95
Trd, 8638346.732, 79
Trd, 8638347.332, 117
Trd, 8638347.432, 116
Trd, 8638348.132, 102
Trd, 8638348.182, 93
Trd, 8638348.882, 73
Trd, 8638348.932, 80
Trd, 8638349.232, 112
Trd, 8638349.732, 72
Trd, 8638350.532, 79
Trd, 8638350.582, 88
Trd, 8638350.782, 74
Trd, 8638351.132, 115
Trd, 8638353.332, 70
Trd, 8638355.132, 62
Trd, 8638355.682, 86
Trd, 8638355.832, 111
Trd, 8638356.282, 68
Trd, 8638357.332, 120
Trd, 8638357.632, 78
Trd, 8638359.882, 117
Trd, 8638360.182, 96
Trd, 8638362.532, 86
Trd, 8638362.932, 101
Trd, 8638363.732, 91
Trd, 8638364.232, 93
Trd, 8638365.382, 131
Trd, 8638366.082, 126
Trd, 8638366.432, 96
Trd, 8638366.682, 138
Trd, 8638367.532, 128
Trd, 8638368.182, 85
Trd, 8638368.532, 114
Trd, 8638369.032, 137
Trd, 8638370.682, 79
Trd, 8638372.782, 127
Trd, 8638372.932, 123
Trd, 8638373.032, 129
Trd, 8638373.932, 97
Trd, 8638374.082, 108
Trd, 8638375.082, 96
Trd, 8638375.232, 96
Trd, 8638375.582, 102
Trd, 8638376.032, 82
Trd, 8638377.282, 132
Trd, 8638378.382, 83
Trd, 8638379.482, 86
Trd, 8638380.182, 93
Trd, 8638380.732, 76
Trd, 8638380.982, 103
Trd, 8638381.632, 111
Trd, 8638381.682, 98
Trd, 8638383.632, 126
Trd, 8638384.532, 123
Trd, 8638384.632, 112
Trd, 8638385.732, 98
Trd, 8638386.632, 135
Trd, 8638387.582, 138
Trd, 8638387.982, 104
Trd, 8638389.982, 108
Trd, 8638390.182, 104
Trd, 8638390.332, 99
Trd, 8638390.382, 93
Trd, 8638391.032, 73
Trd, 8638391.182, 124
Trd, 8638391.532, 64
Trd, 8638394.732, 84
Trd, 8638394.982, 80
Trd, 8638396.182, 89
Trd, 8638396.782, 125
Trd, 8638397.382, 99
Trd, 8638397.582, 106
Trd, 8638398.832, 127
Trd, 8638398.982, 125
Trd, 8638399.682, 127
Trd, 8638400.782, 102
Trd, 8638402.782, 101
Trd, 8638403.482, 99
Trd, 8638404.482, 102
Trd, 8638404.882, 103
Trd, 8638405.382, 94
Trd, 8638405.582, 89
Trd, 8638405.732, 119
Trd, 8638405.982, 108
Trd, 8638406.782, 111
Trd, 8638408.632, 77
Trd, 8638409.232, 71
Trd, 8638409.832, 125
Trd, 8638409.932, 99
Trd, 8638410.332, 110
Trd, 8638412.182, 117
Trd, 8638412.682, 112
Trd, 8638414.232, 89
Trd, 8638414.632, 95
Trd, 8638415.482, 91
Trd, 8638416.182, 83
Trd, 8638416.332, 122
Trd, 8638417.182, 75
Trd, 8638417.482, 70
Trd, 8638418.282, 112
Trd, 8638418.782, 128
Trd, 8638421.132, 76
Trd, 8638421.282, 82
Trd, 8638421.332, 74
Trd, 8638422.032, 112
Trd, 8638422.882, 121
Trd, 8638423.382, 72
Trd, 8638423.782, 92
Trd, 8638425.232, 120
Trd, 8638425.432, 119
Trd, 8638426.432, 103
Trd, 8638426.532, 98
Trd, 8638427.832, 100
Trd, 8638428.282, 85
Trd, 8638428.382, 82
Trd, 8638429.382, 81
Trd, 8638429.932, 74
Trd, 8638431.632, 67
Trd, 8638432.832, 128
Trd, 8638434.582, 82
Trd, 8638434.632, 75
Trd, 8638435.232, 117
Trd, 8638435.632, 98
Trd, 8638436.082, 89
Trd, 8638436.932, 96
Trd, 8638437.432, 89
Trd, 8638439.232, 107
Trd, 8638439.632, 95
Trd, 8638440.732, 74
Trd, 8638440.882, 69
Trd, 8638441.332, 111
Trd, 8638442.232, 81
Trd, 8638443.232, 87
Trd, 8638443.682, 110
Trd, 8638444.232, 104
Trd, 8638444.532, 110
Trd, 8638446.732, 101
Trd, 8638446.932, 125
Trd, 8638448.882, 94
Trd, 8638448.982, 82
Trd, 8638449.682, 136
Trd, 8638450.582, 113
Trd, 8638451.382, 117
Trd, 8638451.732, 102
Trd, 8638451.832, 99
Trd, 8638453.482, 104
Trd, 8638453.882, 86
Trd, 8638454.082, 73
Trd, 8638455.382, 125
Trd, 8638455.482, 115
Trd, 8638455.932, 107
Trd, 8638456.732, 103
Trd, 8638457.532, 74
Trd, 8638458.232, 100
Trd, 8638458.682, 95
Trd, 8638459.132, 92
Trd, 8638459.982, 90
Trd, 8638460.232, 88
Trd, 8638460.482, 84
Trd, 8638461.882, 68
Trd, 8638461.982, 70
Trd, 8638462.732, 103
Trd, 8638463.282, 123
Trd, 8638463.582, 62
Trd, 8638463.682, 79
Trd, 8638466.082, 87
Trd, 8638467.032, 105
Trd, 8638467.732, 88
Trd, 8638467.832, 79
Trd, 8638468.832, 132
Trd, 8638468.982, 112
Trd, 8638470.782, 72
Trd, 8638471.532, 83
Trd, 8638471.632, 68
Trd, 8638472.282, 65
Trd, 8638472.682, 102
Trd, 8638473.782, 78
Trd, 8638473.832, 77
Trd, 8638474.582, 118
Trd, 8638474.632, 113
Trd, 8638476.432, 111
Trd, 8638477.132, 133
Trd, 8638478.332, 109
Trd, 8638480.432, 128
Trd, 8638480.882, 121
Trd, 8638481.682, 111
Trd, 8638481.732, 106
Trd, 8638482.482, 109
Trd, 8638483.082, 86
Trd, 8638484.732, 112
Trd, 8638485.632, 113
Trd, 8638486.282, 123
Trd, 8638486.832, 124
Trd, 8638487.032, 123
Trd, 8638488.532, 132
Trd, 8638489.132, 126
Trd, 8638489.582, 102
Trd, 8638489.632, 93
Trd, 8638491.732, 139
Trd, 8638492.282, 128
Trd, 8638492.432, 119
Trd, 8638492.532, 113
Trd, 8638493.182, 108
Trd, 8638493.782, 62
Trd, 8638494.682, 125
Trd, 8638495.332, 64
Trd, 8638496.082, 90
Trd, 8638497.832, 75
Trd, 8638498.532, 112
Trd, 8638498.932, 94
Trd, 8638499.082, 74
Trd, 8638499.382, 110
Trd, 8638501.032, 100
Trd, 8638501.832, 135
Trd, 8638502.132, 130
Trd, 8638502.332, 89
Trd, 8638503.232, 111
Trd, 8638504.182, 81
Trd, 8638506.432, 125
Trd, 8638507.232, 126
Trd, 8638507.282, 97
Trd, 8638507.482, 93
Trd, 8638507.532, 107
Trd, 8638509.432, 116
Trd, 8638509.832, 75
Trd, 8638510.632, 92
Trd, 8638510.932, 90
Trd, 8638511.482, 121
Trd, 8638512.232, 100
Trd, 8638514.482, 130
Trd, 8638514.782, 125
Trd, 8638515.482, 97
Trd, 8638516.832, 120
Trd, 8638517.182, 102
Trd, 8638518.432, 125
Trd, 8638518.532, 97
Trd, 8638518.882, 93
Trd, 8638519.232, 130
Trd, 8638519.382, 108
Trd, 8638520.232, 70
Trd, 8638520.282, 107
Trd, 8638522.132, 70
Trd, 8638522.432, 89
Trd, 8638523.232, 104
Trd, 8638524.332, 78
Trd, 8638524.732, 99
Trd, 8638525.682, 77
Trd, 8638526.682, 131
Trd, 8638526.832, 99
Trd, 8638527.832, 82
Trd, 8638529.332, 88
Trd, 8638529.382, 86
Trd, 8638529.482, 76
Trd, 8638531.132, 84
Trd, 8638531.482, 96
Trd, 8638532.732, 90
Trd, 8638533.482, 96
Trd, 8638533.632, 105
Trd, 8638535.082, 72
Trd, 8638536.182, 63
Trd, 8638536.832, 98
Trd, 8638538.182, 88
Trd, 8638538.332, 79
Trd, 8638540.032, 80
Trd, 8638540.132, 77
Trd, 8638540.182, 76
Trd, 8638540.582, 66
Trd, 8638540.732, 92
Trd, 8638541.032, 119
Trd, 8638541.382, 62
Trd, 8638542.682, 79
Trd, 8638543.032, 100
Trd, 8638544.582, 114
Trd, 8638545.882, 112
Trd, 8638546.332, 106
Trd, 8638546.782, 114
Trd, 8638547.032, 104
Trd, 8638547.082, 77
Trd, 8638547.332, 105
Trd, 8638548.632, 80
Trd, 8638550.132, 127
Trd, 8638550.732, 101
Trd, 8638551.132, 99
Trd, 8638551.182, 86
Trd, 8638551.682, 96
Trd, 8638552.882, 92
Trd, 8638553.382, 120
Trd, 8638553.882, 76
Trd, 8638555.682, 127
Trd, 8638556.132, 108
Trd, 8638556.382, 117
Trd, 8638556.832, 110
Trd, 8638558.182, 85
Trd, 8638558.782, 129
Trd, 8638559.782, 117
Trd, 8638560.382, 114
Trd, 8638562.082, 102
Trd, 8638562.382, 120
Trd, 8638563.732, 114
Trd, 8638565.032, 123
Trd, 8638565.282, 114
Trd, 8638565.832, 93
Trd, 8638566.182, 100
Trd, 8638567.632, 109
Trd, 8638567.832, 108
Trd, 8638568.332, 126
Trd, 8638569.432, 137
Trd, 8638569.732, 98
Trd, 8638570.732, 117
Trd, 8638572.832, 78
Trd, 8638573.332, 122
Trd, 8638573.432, 73
Trd, 8638573.632, 88
Trd, 8638573.782, 103
Trd, 8638575.232, 125
Trd, 8638575.382, 127
Trd, 8638576.082, 89
Trd, 8638576.632, 101
Trd, 8638579.082, 102
Trd, 8638580.032, 125
Trd, 8638581.332, 113
Trd, 8638581.932, 99
Trd, 8638582.032, 76
Trd, 8638582.732, 107
Trd, 8638582.832, 104
Trd, 8638583.932, 71
Trd, 8638584.182, 102
Trd, 8638584.982, 104
Trd, 8638585.732, 69
Trd, 8638586.232, 103
Trd, 8638586.932, 92
Trd, 8638586.982, 79
Trd, 8638587.582, 97
Trd, 8638589.182, 74
Trd, 8638589.932, 108
Trd, 8638591.482, 90
Trd, 8638591.582, 74
Trd, 8638592.482, 131
Trd, 8638592.982, 69
Trd, 8638593.932, 112
Trd, 8638594.582, 88
Trd, 8638594.682, 63
Trd, 8638596.032, 63
Trd, 8638596.832, 83
Trd, 8638597.282, 103
Trd, 8638597.782, 95
Trd, 8638598.282, 83
Trd, 8638598.682, 94
Trd, 8638599.482, 72
Trd, 8638600.332, 94
Trd, 8638602.382, 136
Trd, 8638602.532, 120
Trd, 8638603.182, 88
Trd, 8638605.282, 112
Trd, 8638605.632, 92
Trd, 8638606.432, 100
Trd, 8638606.832, 93
Trd, 8638607.332, 87
Trd, 8638609.332, 119
Trd, 8638609.582, 105
Trd, 8638609.682, 100
Trd, 8638609.882, 98
Trd, 8638610.932, 104
Trd, 8638611.032, 87
Trd, 8638611.682, 89
Trd, 8638612.382, 78
Trd, 8638614.332, 81
Trd, 8638615.032, 116
Trd, 8638616.982, 75
Trd, 8638617.332, 107
Trd, 8638617.432, 80
Trd, 8638617.782, 86
Trd, 8638618.332, 97
Trd, 8638620.532, 119
Trd, 8638621.132, 78
Trd, 8638621.182, 70
Trd, 8638621.482, 122
Trd, 8638621.882, 126
Trd, 8638622.382, 83
Trd, 8638624.182, 123
Trd, 8638624.632, 67
Trd, 8638624.682, 76
Trd, 8638625.282, 102
Trd, 8638625.732, 121
Trd, 8638627.082, 72
Trd, 8638627.732, 66
Trd, 8638628.332, 99
Trd, 8638630.232, 85
Trd, 8638630.432, 91
Trd, 8638630.982, 95
Trd, 8638632.082, 125
Trd, 8638634.382, 105
Trd, 8638634.782, 124
Trd, 8638635.682, 112
Trd, 8638635.832, 88
Trd, 8638636.332, 116
Trd, 8638636.682, 89
Trd, 8638638.132, 105
Trd, 8638638.282, 102
Trd, 8638638.432, 86
Trd, 8638639.582, 113
Trd, 8638639.882, 92
Trd, 8638640.282, 70
Trd, 8638640.832, 104
Trd, 8638641.482, 131
Trd, 8638643.682, 80
Trd, 8638643.932, 78
Trd, 8638645.132, 85
Trd, 8638645.882, 115
Trd, 8638645.982, 97
Trd, 8638646.232, 75
Trd, 8638647.582, 121
Trd, 8638648.132, 124
Trd, 8638648.782, 113
Trd, 8638649.432, 124
Trd, 8638650.232, 126
Trd, 8638651.182, 95
Trd, 8638652.532, 96
Trd, 8638652.782, 95
Trd, 8638652.882, 92
Trd, 8638653.282, 123
Trd, 8638654.582, 106
Trd, 8638655.332, 76
Trd, 8638655.582, 124
Trd, 8638656.182, 135
Trd, 8638657.032, 119
Trd, 8638657.132, 116
Trd, 8638657.682, 101
Trd, 8638658.582, 97
Trd, 8638658.732, 87
Trd, 8638659.682, 94
Trd, 8638661.232, 75
Trd, 8638661.532, 82
Trd, 8638661.682, 93
Trd, 8638662.382, 102
Trd, 8638662.982, 81
Trd, 8638664.182, 101
Trd, 8638664.282, 103
Trd, 8638665.282, 93
Trd, 8638665.782, 98
Trd, 8638666.832, 128
Trd, 8638667.182, 86
Trd, 8638667.732, 98
Trd, 8638669.132, 119
Trd, 8638670.132, 124
Trd, 8638670.682, 113
Trd, 8638672.382, 122
Trd, 8638672.682, 115
Trd, 8638672.882, 88
Trd, 8638673.982, 84
Trd, 8638674.532, 86
Trd, 8638675.132, 123
Trd, 8638675.982, 134
Trd, 8638677.182, 113
Trd, 8638677.582, 113
Trd, 8638677.782, 91
Trd, 8638678.682, 65
Trd, 8638678.932, 77
Trd, 8638680.032, 92
Trd, 8638681.182, 129
Trd, 8638681.232, 92
Trd, 8638681.682, 112
Trd, 8638682.082, 82
Trd, 8638684.232, 118
Trd, 8638684.632, 132
Trd, 8638685.282, 108
Trd, 8638685.782, 117
Trd, 8638686.432, 85
Trd, 8638687.082, 83
Trd, 8638687.882, 95
Trd, 8638688.732, 92
Trd, 8638689.332, 111
Trd, 8638690.082, 82
Trd, 8638690.282, 106
Trd, 8638690.932, 75
Trd, 8638691.132, 111
Trd, 8638692.182, 126
Trd, 8638692.432, 101
Trd, 8638692.932, 61
Trd, 8638693.582, 128
Trd, 8638695.082, 122
Trd, 8638695.632, 90
Trd, 8638696.132, 89
Trd, 8638696.732, 110
Trd, 8638697.732, 117
Trd, 8638698.332, 131
Trd, 8638698.382, 128
Trd, 8638699.532, 96
Trd, 8638700.232, 76
Trd, 8638700.532, 93
Trd, 8638700.832, 81
Trd, 8638701.782, 118
Trd, 8638702.782, 117
Trd, 8638703.782, 135
Trd, 8638705.482, 102
Trd, 8638705.932, 119
Trd, 8638707.882, 81
Trd, 8638708.132, 88
Trd, 8638708.232, 118
Trd, 8638708.482, 104
Trd, 8638708.732, 119
Trd, 8638709.882, 101
Trd, 8638710.332, 94
Trd, 8638710.432, 87
Trd, 8638712.032, 125
Trd, 8638714.932, 129
Trd, 8638715.432, 105
Trd, 8638715.682, 95
Trd, 8638716.132, 96
Trd, 8638717.182, 127
Trd, 8638717.382, 102
Trd, 8638718.382, 98
Trd, 8638718.882, 97
Trd, 8638719.282, 78
Trd, 8638719.632, 103
Trd, 8638720.682, 114
Trd, 8638720.832, 95
Trd, 8638721.182, 103
Trd, 8638722.932, 104
Trd, 8638723.632, 100
Trd, 8638725.382, 98
Trd, 8638726.282, 124
Trd, 8638727.532, 112
Trd, 8638728.332, 123
Trd, 8638728.482, 117
Trd, 8638728.832, 90
Trd, 8638729.732, 129
Trd, 8638729.832, 111
Trd, 8638730.732, 107
Trd, 8638731.882, 93
Trd, 8638732.182, 115
Trd, 8638733.032, 107
Trd, 8638733.082, 102
Trd, 8638733.882, 93
Trd, 8638734.182, 90
Trd, 8638734.682, 83
Trd, 8638735.982, 123
Trd, 8638736.432, 119
Trd, 8638736.782, 81
Trd, 8638737.682, 103
Trd, 8638738.282, 121
Trd, 8638738.932, 99
Trd, 8638739.732, 95
Trd, 8638740.682, 94
Trd, 8638741.732, 109
Trd, 8638743.982, 118
Trd, 8638745.982, 125
Trd, 8638746.432, 116
Trd, 8638747.032, 121
Trd, 8638747.632, 104
Trd, 8638747.782, 129
Trd, 8638748.132, 122
Trd, 8638748.182, 117
Trd, 8638748.932, 132
Trd, 8638750.332, 120
Trd, 8638750.582, 112
Trd, 8638750.682, 105
Trd, 8638751.632, 117
Trd, 8638751.932, 111
Trd, 8638752.082, 88
Trd, 8638752.732, 62
Trd, 8638753.432, 107
Trd, 8638755.582, 123
Trd, 8638757.682, 137
Trd, 8638757.832, 88
Trd, 8638760.432, 132
Trd, 8638760.882, 116
Trd, 8638761.582, 129
Trd, 8638761.782, 115
Trd, 8638762.132, 108
Trd, 8638763.232, 101
Trd, 8638763.982, 92
Trd, 8638764.532, 108
Trd, 8638765.932, 95
Trd, 8638766.532, 80
Trd, 8638767.182, 89
Trd, 8638767.382, 94
Trd, 8638767.982, 110
Trd, 8638768.532, 108
Trd, 8638768.632, 78
Trd, 8638768.982, 70
Trd, 8638771.882, 101
Trd, 8638772.132, 111
Trd, 8638772.882, 137
Trd, 8638773.732, 109
Trd, 8638773.882, 106
Trd, 8638774.382, 119
Trd, 8638774.532, 88
Trd, 8638774.882, 136
Trd, 8638775.332, 92
Trd, 8638776.432, 90
Trd, 8638777.882, 119
Trd, 8638779.482, 136
Trd, 8638779.782, 135
Trd, 8638780.132, 111
Trd, 8638780.682, 101
Trd, 8638780.782, 86
Trd, 8638781.232, 111
Trd, 8638782.232, 138
Trd, 8638783.182, 135
Trd, 8638784.482, 82
Trd, 8638784.582, 70
Trd, 8638784.882, 69
Trd, 8638785.032, 88
Trd, 8638786.432, 82
Trd, 8638786.482, 62
Trd, 8638786.732, 88
Trd, 8638787.282, 138
Trd, 8638787.532, 79
Trd, 8638789.332, 111
Trd, 8638789.982, 133
Trd, 8638791.282, 89
Trd, 8638791.632, 110
Trd, 8638792.532, 126
Trd, 8638792.582, 86
Trd, 8638794.082, 119
Trd, 8638794.182, 107
Trd, 8638794.932, 122
Trd, 8638795.282, 118
Trd, 8638796.032, 102
Trd, 8638797.132, 113
Trd, 8638798.882, 113
Trd, 8638799.032, 106
Trd, 8638799.882, 118
Trd, 8638799.982, 99
Trd, 8638800.032, 97
Trd, 8638800.132, 96
Trd, 8638800.882, 101
Trd, 8638801.182, 84
Trd, 8638803.682, 103
Trd, 8638803.732, 84
Trd, 8638804.232, 88
Trd, 8638804.632, 94
Trd, 8638805.132, 136
Trd, 8638805.382, 112
Trd, 8638806.582, 105
Trd, 8638807.482, 65
Trd, 8638807.882, 94
Trd, 8638808.432, 77
Trd, 8638808.782, 104
Trd, 8638808.882, 116
Trd, 8638810.032, 95
Trd, 8638812.182, 61
Trd, 8638812.432, 66
Trd, 8638812.632, 76
Trd, 8638812.782, 97
Trd, 8638813.382, 95
Trd, 8638814.732, 120
Trd, 8638815.332, 124
Trd, 8638818.282, 83
Trd, 8638818.482, 82
Trd, 8638818.582, 87
Trd, 8638818.982, 72
Trd, 8638820.332, 85
Trd, 8638820.982, 85
Trd, 8638821.032, 74
Trd, 8638821.332, 90
Trd, 8638823.232, 64
Trd, 8638823.582, 101
Trd, 8638824.882, 109
Trd, 8638826.082, 64
Trd, 8638826.432, 73
Trd, 8638828.332, 73
Trd, 8638828.582, 97
Trd, 8638828.782, 77
Trd, 8638829.532, 98
Trd, 8638830.232, 98
Trd, 8638831.182, 82
Trd, 8638831.982, 101
Trd, 8638832.332, 86
Trd, 8638833.032, 65
Trd, 8638833.932, 91
Trd, 8638834.432, 86
Trd, 8638835.282, 86
Trd, 8638835.782, 119
Trd, 8638836.282, 122
Trd, 8638838.032, 116
Trd, 8638839.232, 117
Trd, 8638839.782, 126
Trd, 8638839.932, 107
Trd, 8638840.582, 86
Trd, 8638840.782, 106
Trd, 8638842.432, 93
Trd, 8638843.382, 101
Trd, 8638844.632, 101
Trd, 8638844.832, 98
Trd, 8638845.232, 109
Trd, 8638845.982, 87
Trd, 8638846.582, 73
Trd, 8638847.782, 128
Trd, 8638848.482, 130
Trd, 8638848.882, 111
Trd, 8638849.332, 111
Trd, 8638850.432, 132
Trd, 8638850.832, 139
Trd, 8638851.132, 112
Trd, 8638851.282, 111
Trd, 8638851.482, 99
Trd, 8638853.582, 121
Trd, 8638853.732, 108
Trd, 8638854.432, 106
Trd, 8638854.782, 80
Trd, 8638855.282, 96
Trd, 8638856.432, 87
Trd, 8638856.682, 116
Trd, 8638856.982, 105
Trd, 8638858.732, 95
Trd, 8638859.882, 123
Trd, 8638860.732, 134
Trd, 8638860.782, 131
Trd, 8638861.982, 128
Trd, 8638863.282, 114
Trd, 8638863.982, 132
Trd, 8638864.332, 102
Trd, 8638864.582, 100
Trd, 8638864.782, 112
Trd, 8638865.282, 94
Trd, 8638865.482, 113
Trd, 8638867.982, 117
Trd, 8638868.282, 108
Trd, 8638868.332, 96
Trd, 8638868.932, 98
Trd, 8638869.132, 92
Trd, 8638869.582, 79
Trd, 8638869.882, 111
Trd, 8638870.232, 125
Trd, 8638871.682, 77
Trd, 8638871.832, 80
Trd, 8638874.532, 112
Trd, 8638874.682, 97
Trd, 8638875.682, 128
Trd, 8638875.982, 107
Trd, 8638876.932, 140
Trd, 8638877.682, 135
Trd, 8638878.032, 95
Trd, 8638878.332, 89
Trd, 8638878.382, 77
Trd, 8638879.032, 98
Trd, 8638879.832, 82
Trd, 8638880.732, 62
Trd, 8638882.632, 116
Trd, 8638883.682, 130
Trd, 8638884.082, 105
Trd, 8638884.882, 72
Trd, 8638885.232, 76
Trd, 8638885.682, 112
Trd, 8638886.582, 68
Trd, 8638887.282, 65
Trd, 8638889.682, 119
Trd, 8638890.832, 110
Trd, 8638892.182, 95
Trd, 8638892.832, 105
Trd, 8638893.482, 125
Trd, 8638894.682, 101
Trd, 8638894.932, 124
Trd, 8638895.482, 105
Trd, 8638895.632, 94
Trd, 8638895.832, 85
Trd, 8638896.332, 74
Trd, 8638896.482, 104
Trd, 8638898.132, 102
Trd, 8638898.932, 95
Trd, 8638899.082, 100
Trd, 8638899.932, 110
Trd, 8638901.782, 127
Trd, 8638901.982, 116
Trd, 8638902.532, 112
Trd, 8638903.932, 133
Trd, 8638904.382, 107
Trd, 8638904.432, 94
Trd, 8638904.782, 89
Trd, 8638905.682, 92
Trd, 8638906.182, 99
Trd, 8638907.032, 99
Trd, 8638908.532, 75
Trd, 8638909.232, 87
Trd, 8638910.032, 125
Trd, 8638910.482, 113
Trd, 8638911.382, 103
Trd, 8638911.732, 105
Trd, 8638912.182, 86
Trd, 8638913.332, 103
Trd, 8638913.932, 92
Trd, 8638914.082, 94
Trd, 8638914.132, 126
Trd, 8638916.332, 130
Trd, 8638916.632, 114
Trd, 8638917.632, 116
Trd, 8638917.732, 114
Trd, 8638918.582, 86
Trd, 8638918.682, 83
Trd, 8638919.132, 64
Trd, 8638919.432, 71
Trd, 8638920.582, 73
Trd, 8638922.132, 115
Trd, 8638922.782, 75
Trd, 8638924.232, 107
Trd, 8638924.982, 108
Trd, 8638925.232, 95
Trd, 8638925.982, 116
Trd, 8638926.682, 120
Trd, 8638927.232, 86
Trd, 8638928.682, 117
Trd, 8638928.782, 121
Trd, 8638929.282, 106
Trd, 8638930.332, 100
Trd, 8638931.382, 92
Trd, 8638931.632, 116
Trd, 8638932.882, 124
Trd, 8638933.432, 92
Trd, 8638934.432, 107
Trd, 8638934.832, 98
Trd, 8638936.632, 120
Trd, 8638936.682, 99
Trd, 8638937.282, 97
Trd, 8638937.932, 109
Trd, 8638940.532, 120
Trd, 8638941.282, 123
Trd, 8638942.332, 119
Trd, 8638942.682, 116
Trd, 8638943.382, 110
Trd, 8638944.282, 113
Trd, 8638944.732, 88
Trd, 8638944.932, 84
Trd, 8638946.132, 110
Trd, 8638946.232, 79
Trd, 8638947.882, 75
Trd, 8638949.682, 119
Trd, 8638950.082, 137
Trd, 8638950.182, 78
Trd, 8638950.932, 90
Trd, 8638951.832, 91
Trd, 8638952.182, 107
Trd, 8638952.632, 132
Trd, 8638953.282, 84
Trd, 8638953.882, 104
Trd, 8638955.282, 88
Trd, 8638955.632, 109
Trd, 8638956.082, 110
Trd, 8638956.232, 105
Trd, 8638956.432, 91
Trd, 8638958.182, 111
Trd, 8638958.582, 117
Trd, 8638959.482, 60
Trd, 8638959.782, 92
Trd, 8638961.332, 97
Trd, 8638963.782, 89
Trd, 8638963.932, 87
Trd, 8638964.532, 101
Trd, 8638964.782, 100
Trd, 8638965.032, 79
Trd, 8638966.782, 137
Trd, 8638967.132, 115
Trd, 8638967.332, 95
Trd, 8638969.632, 66
Trd, 8638970.532, 134
Trd, 8638971.432, 121
Trd, 8638971.532, 117
Trd, 8638971.732, 107
Trd, 8638972.182, 88
Trd, 8638973.832, 104
Trd, 8638974.032, 101
Trd, 8638974.582, 88
Trd, 8638975.582, 76
Trd, 8638976.032, 95
Trd, 8638977.882, 124
Trd, 8638978.182, 97
Trd, 8638978.932, 127
Trd, 8638979.732, 93
Trd, 8638981.632, 85
Trd, 8638981.832, 79
Trd, 8638982.632, 126
Trd, 8638982.782, 123
Trd, 8638983.382, 95
Trd, 8638984.032, 110
Trd, 8638985.782, 135
Trd, 8638986.032, 86
Trd, 8638986.582, 68
Trd, 8638987.982, 118
Trd, 8638988.732, 106
Trd, 8638989.432, 121
Trd, 8638990.732, 97
Trd, 8638991.332, 121
Trd, 8638991.882, 84
Trd, 8638991.932, 113
Trd, 8638992.882, 121
Trd, 8638994.082, 124
Trd, 8638994.282, 119
Trd, 8638994.332, 103
Trd, 8638996.432, 108
Trd, 8638997.082, 103
Trd, 8638999.032, 127
Trd, 8638999.132, 126
Trd, 8638999.282, 126
Trd, 8638999.332, 110
Trd, 8639000.082, 110
Trd, 8639000.632, 89
Trd, 8639000.732, 87
Trd, 8639002.182, 98
Trd, 8639002.232, 106
Trd, 8639004.182, 127
Trd, 8639005.682, 119
Trd, 8639006.582, 138
Trd, 8639006.732, 92
Trd, 8639007.532, 90
Trd, 8639007.932, 122
Trd, 8639008.132, 91
Trd, 8639011.232, 133
Trd, 8639012.382, 140
Trd, 8639012.782, 125
Trd, 8639013.732, 103
Trd, 8639013.832, 113
Trd, 8639014.332, 89
Trd, 8639015.482, 110
Trd, 8639016.832, 91
Trd, 8639017.382, 92
Trd, 8639017.782, 84
Trd, 8639018.482, 113
Trd, 8639019.332, 92
Trd, 8639019.782, 119
Trd, 8639020.282, 126
Trd, 8639022.032, 71
Trd, 8639022.182, 92
Trd, 8639023.432, 132
Trd, 8639023.582, 117
Trd, 8639023.682, 99
Trd, 8639023.932, 122
Trd, 8639025.932, 111
Trd, 8639025.982, 111
Trd, 8639026.032, 95
Trd, 8639027.782, 120
Trd, 8639027.932, 80
Trd, 8639028.132, 121
Trd, 8639029.632, 93
Trd, 8639029.982, 106
Trd, 8639031.232, 112
Trd, 8639031.932, 90
Trd, 8639032.682, 101
Trd, 8639032.932, 93
Trd, 8639033.882, 100
Trd, 8639034.332, 81
Trd, 8639034.532, 77
Trd, 8639035.982, 112
Trd, 8639036.732, 109
Trd, 8639036.832, 103
Trd, 8639038.732, 122
Trd, 8639040.082, 119
Trd, 8639040.382, 111
Trd, 8639040.882, 119
Trd, 8639040.932, 96
Trd, 8639041.182, 96
Trd, 8639042.132, 98
Trd, 8639043.532, 137
Trd, 8639045.432, 104
Trd, 8639045.932, 93
Trd, 8639046.332, 118
Trd, 8639046.632, 108
Trd, 8639047.932, 84
Trd, 8639048.182, 105
Trd, 8639048.782, 106
Trd, 8639049.282, 112
Trd, 8639050.332, 94
Trd, 8639050.482, 87
Trd, 8639051.682, 136
Trd, 8639052.132, 90
Trd, 8639052.182, 68
Trd, 8639053.532, 104
Trd, 8639054.182, 90
Trd, 8639055.782, 86
Trd, 8639056.232, 109
Trd, 8639057.282, 92
Trd, 8639057.382, 88
Trd, 8639058.282, 85
Trd, 8639059.532, 87
Trd, 8639059.832, 113
Trd, 8639060.182, 83
Trd, 8639061.832, 72
Trd, 8639062.532, 76
Trd, 8639062.582, 89
Trd, 8639062.632, 70
Trd, 8639064.532, 122
Trd, 8639064.582, 121
Trd, 8639064.882, 131
Trd, 8639066.082, 133
Trd, 8639066.182, 92
Trd, 8639067.132, 138
Trd, 8639067.282, 120
Trd, 8639067.332, 119
Trd, 8639067.882, 111
Trd, 8639068.082, 82
Trd, 8639070.382, 87
Trd, 8639071.282, 138
Trd, 8639071.532, 125
Trd, 8639071.582, 103
Trd, 8639072.482, 104
Trd, 8639072.982, 101
Trd, 8639074.082, 65
Trd, 8639074.382, 69
Trd, 8639074.682, 88
Trd, 8639074.982, 60
Trd, 8639075.732, 104
Trd, 8639076.732, 82
Trd, 8639078.282, 140
Trd, 8639078.532, 131
Trd, 8639079.182, 119
Trd, 8639080.132, 135
Trd, 8639081.032, 69
Trd, 8639081.482, 68
Trd, 8639082.132, 112
Trd, 8639083.132, 89
Trd, 8639083.332, 101
Trd, 8639085.032, 87
Trd, 8639085.582, 108
Trd, 8639085.932, 106
Trd, 8639087.682, 137
Trd, 8639088.732, 119
Trd, 8639089.682, 110
Trd, 8639089.832, 119
Trd, 8639090.582, 106
Trd, 8639090.982, 101
Trd, 8639092.682, 105
Trd, 8639093.882, 109
Trd, 8639094.132, 129
Trd, 8639094.532, 120
Trd, 8639095.982, 99
Trd, 8639096.482, 127
Trd, 8639096.882, 112
Trd, 8639098.032, 112
Trd, 8639099.282, 106
Trd, 8639099.832, 114
Trd, 8639099.982, 113
Trd, 8639100.182, 81
Trd, 8639101.582, 126
Trd, 8639103.032, 101
Trd, 8639104.382, 95
Trd, 8639105.082, 65
Trd, 8639105.232, 70
Trd, 8639106.132, 137
Trd, 8639106.732, 96
Trd, 8639107.132, 121
Trd, 8639107.782, 110
Trd, 8639109.182, 109
Trd, 8639109.682, 96
Trd, 8639110.082, 133
Trd, 8639110.782, 131
Trd, 8639110.882, 110
Trd, 8639111.632, 107
Trd, 8639113.132, 82
Trd, 8639113.582, 99
Trd, 8639113.932, 102
Trd, 8639114.482, 94
Trd, 8639117.382, 104
Trd, 8639118.082, 137
Trd, 8639118.632, 116
Trd, 8639119.082, 114
Trd, 8639120.182, 98
Trd, 8639120.282, 87
Trd, 8639121.882, 112
Trd, 8639122.132, 135
Trd, 8639122.632, 115
Trd, 8639123.932, 124
Trd, 8639125.432, 129
Trd, 8639125.782, 112
Trd, 8639126.732, 117
Trd, 8639126.982, 113
Trd, 8639127.882, 102
Trd, 8639128.582, 95
Trd, 8639129.682, 116
Trd, 8639130.232, 106
Trd, 8639130.682, 106
Trd, 8639131.332, 125
Trd, 8639132.982, 87
Trd, 8639133.232, 97
Trd, 8639133.282, 78
Trd, 8639134.832, 121
Trd, 8639135.082, 80
Trd, 8639135.832, 73
Trd, 8639136.782, 122
Trd, 8639137.432, 132
Trd, 8639139.882, 114
Trd, 8639140.582, 104
Trd, 8639141.032, 122
Trd, 8639141.832, 113
Trd, 8639142.182, 112
Trd, 8639143.232, 84
Trd, 8639144.482, 125
Trd, 8639145.082, 66
Trd, 8639145.432, 73
Trd, 8639145.682, 76
Trd, 8639145.882, 98
Trd, 8639146.282, 70
Trd, 8639147.782, 72
Trd, 8639147.932, 78
Trd, 8639151.932, 118
Trd, 8639153.132, 126
Trd, 8639153.182, 95
Trd, 8639155.082, 119
Trd, 8639155.282, 101
Trd, 8639155.432, 99
Trd, 8639155.982, 97
Trd, 8639156.732, 72
Trd, 8639157.432, 80
Trd, 8639157.682, 124
Trd, 8639158.532, 87
Trd, 8639159.182, 105
Trd, 8639160.182, 124
Trd, 8639160.382, 92
Trd, 8639160.682, 86
Trd, 8639162.282, 110
Trd, 8639162.882, 109
Trd, 8639164.082, 115
Trd, 8639164.482, 104
Trd, 8639165.732, 87
Trd, 8639166.382, 69
Trd, 8639167.232, 87
Trd, 8639167.932, 86
Trd, 8639168.682, 92
Trd, 8639168.932, 110
Trd, 8639169.682, 99
Trd, 8639169.782, 72
Trd, 8639170.982, 129
Trd, 8639172.132, 120
Trd, 8639173.532, 106
Trd, 8639173.732, 93
Trd, 8639174.382, 125
Trd, 8639174.532, 131
Trd, 8639174.932, 85
Trd, 8639175.182, 72
Trd, 8639176.832, 124
Trd, 8639177.232, 81
Trd, 8639177.382, 88
Trd, 8639178.232, 62
Trd, 8639178.982, 71
Trd, 8639180.482, 109
Trd, 8639181.982, 106
Trd, 8639182.282, 99
Trd, 8639183.982, 125
Trd, 8639185.682, 114
Trd, 8639186.332, 95
Trd, 8639186.482, 86
Trd, 8639187.632, 85
Trd, 8639187.732, 79
Trd, 8639188.932, 127
Trd, 8639189.932, 101
Trd, 8639191.782, 109
Trd, 8639192.282, 127
Trd, 8639192.532, 101
Trd, 8639193.382, 111
Trd, 8639194.982, 125
Trd, 8639195.032, 107
Trd, 8639196.032, 128
Trd, 8639196.982, 101
Trd, 8639197.532, 129
Trd, 8639198.982, 89
Trd, 8639199.082, 139
Trd, 8639199.282, 84
Trd, 8639200.032, 139
Trd, 8639200.732, 117
Trd, 8639200.782, 115
Trd, 8639201.682, 128
Trd, 8639201.932, 115
Trd, 8639203.182, 113
Trd, 8639204.282, 96
Trd, 8639204.532, 81
Trd, 8639204.682, 80
Trd, 8639204.782, 116
Trd, 8639204.932, 75
Trd, 8639205.132, 82
Trd, 8639206.282, 82
Trd, 8639206.482, 104
Trd, 8639208.682, 99
Trd, 8639208.782, 96
Trd, 8639209.232, 106
Trd, 8639209.332, 91
Trd, 8639210.832, 87
Trd, 8639210.882, 118
Trd, 8639211.382, 72
Trd, 8639212.432, 123
Trd, 8639213.032, 105
Trd, 8639213.332, 118
Trd, 8639213.382, 100
Trd, 8639215.732, 98
Trd, 8639216.332, 69
Trd, 8639216.582, 104
Trd, 8639217.732, 127
Trd, 8639218.032, 82
Trd, 8639218.832, 113
Trd, 8639219.582, 123
Trd, 8639220.082, 93
Trd, 8639221.232, 120
Trd, 8639221.882, 92
Trd, 8639221.932, 72
Trd, 8639222.832, 110
Trd, 8639223.032, 97
Trd, 8639225.032, 102
Trd, 8639225.382, 123
Trd, 8639226.282, 109
Trd, 8639227.032, 115
Trd, 8639227.532, 123
Trd, 8639229.132, 127
Trd, 8639230.082, 112
Trd, 8639231.782, 104
Trd, 8639232.282, 140
Trd, 8639232.632, 128
Trd, 8639233.432, 86
Trd, 8639233.732, 79
Trd, 8639234.332, 85
Trd, 8639235.132, 99
Trd, 8639235.282, 126
Trd, 8639235.582, 90
Trd, 8639236.432, 93
Trd, 8639237.332, 73
Trd, 8639237.832, 89
Trd, 8639239.032, 107
Trd, 8639239.182, 111
Trd, 8639239.732, 107
Trd, 8639240.732, 119
Trd, 8639241.932, 96
Trd, 8639242.232, 128
Trd, 8639244.532, 112
Trd, 8639245.332, 103
Trd, 8639245.932, 94
Trd, 8639246.282, 115
Trd, 8639247.082, 87
Trd, 8639247.332, 98
Trd, 8639247.732, 74
Trd, 8639248.832, 91
Trd, 8639249.232, 68
Trd, 8639249.682, 118
Trd, 8639249.882, 100
Trd, 8639251.482, 126
Trd, 8639251.782, 119
Trd, 8639252.482, 74
Trd, 8639253.032, 98
Trd, 8639253.432, 87
Trd, 8639255.332, 106
Trd, 8639256.232, 88
Trd, 8639256.782, 94
Trd, 8639257.182, 79
Trd, 8639257.382, 70
Trd, 8639258.382, 101
Trd, 8639260.382, 113
Trd, 8639260.682, 125
Trd, 8639261.932, 110
Trd, 8639262.032, 86
Trd, 8639262.532, 80
Trd, 8639263.782, 88
Trd, 8639265.682, 76
Trd, 8639266.382, 106
Trd, 8639266.982, 138
Trd, 8639268.082, 125
Trd, 8639268.182, 105
Trd, 8639268.682, 100
Trd, 8639269.332, 90
Trd, 8639269.482, 118
Trd, 8639269.832, 64
Trd, 8639270.632, 60
Trd, 8639271.132, 111
Trd, 8639271.332, 100
Trd, 8639271.682, 123
Trd, 8639271.732, 92
Trd, 8639274.082, 124
Trd, 8639274.282, 107
Trd, 8639274.882, 135
Trd, 8639275.432, 78
Trd, 8639275.482, 72
Trd, 8639275.782, 108
Trd, 8639277.332, 124
Trd, 8639278.932, 96
Trd, 8639279.082, 77
Trd, 8639279.382, 98
Trd, 8639279.882, 113
Trd, 8639281.732, 100
Trd, 8639282.282, 97
Trd, 8639282.582, 106
Trd, 8639282.932, 118
Trd, 8639284.432, 127
Trd, 8639284.532, 107
Trd, 8639286.282, 136
Trd, 8639286.432, 96
Trd, 8639287.432, 96
Trd, 8639287.482, 86
Trd, 8639287.932, 91
Trd, 8639288.132, 101
Trd, 8639288.482, 108
Trd, 8639288.582, 119
Trd, 8639289.032, 132
Trd, 8639289.432, 116
Trd, 8639290.482, 117
Trd, 8639292.182, 104
Trd, 8639292.482, 98
Trd, 8639292.682, 75
Trd, 8639293.682, 87
Trd, 8639295.882, 140
Trd, 8639295.932, 132
Trd, 8639296.832, 132
Trd, 8639296.932, 120
Trd, 8639297.232, 118
Trd, 8639299.832, 102
Trd, 8639301.932, 132
Trd, 8639302.582, 126
Trd, 8639302.632, 118
Trd, 8639302.782, 126
Trd, 8639303.432, 106
Trd, 8639303.782, 105
Trd, 8639304.732, 84
Trd, 8639307.382, 124
Trd, 8639307.532, 118
Trd, 8639308.532, 98
Trd, 8639309.232, 94
Trd, 8639309.432, 92
Trd, 8639310.382, 111
Trd, 8639310.532, 103
Trd, 8639311.182, 78
Trd, 8639311.932, 66
Trd, 8639312.782, 118
Trd, 8639312.982, 88
Trd, 8639313.432, 86
Trd, 8639314.182, 79
Trd, 8639315.032, 65
Trd, 8639317.182, 81
Trd, 8639318.282, 98
Trd, 8639318.582, 111
Trd, 8639319.632, 138
Trd, 8639320.132, 136
Trd, 8639320.482, 109
Trd, 8639321.682, 129
Trd, 8639322.432, 108
Trd, 8639324.482, 127
Trd, 8639324.532, 111
Trd, 8639325.532, 140
Trd, 8639326.232, 136
Trd, 8639326.482, 111
Trd, 8639327.132, 110
Trd, 8639328.232, 108
Trd, 8639328.732, 92
Trd, 8639329.182, 86
Trd, 8639329.882, 102
Trd, 8639330.482, 91
Trd, 8639330.732, 123
Trd, 8639332.782, 104
Trd, 8639332.982, 94
Trd, 8639333.482, 107
Trd, 8639334.882, 105
Trd, 8639335.432, 93
Trd, 8639336.132, 79
Trd, 8639336.882, 98
Trd, 8639337.232, 70
Trd, 8639337.782, 114
Trd, 8639338.332, 70
Trd, 8639339.232, 68
Trd, 8639339.382, 79
Trd, 8639342.132, 121
Trd, 8639342.232, 129
Trd, 8639343.632, 120
Trd, 8639343.882, 110
Trd, 8639344.682, 128
Trd, 8639345.082, 131
Trd, 8639345.132, 127
Trd, 8639345.832, 103
Trd, 8639346.932, 83
Trd, 8639347.032, 81
Trd, 8639348.582, 95
Trd, 8639348.882, 110
Trd, 8639350.082, 123
Trd, 8639350.232, 84
Trd, 8639351.932, 113
Trd, 8639352.782, 84
Trd, 8639353.332, 81
Trd, 8639353.832, 122
Trd, 8639353.932, 131
Trd, 8639354.182, 115
Trd, 8639355.682, 114
Trd, 8639356.082, 88
Trd, 8639358.182, 137
Trd, 8639359.282, 114
Trd, 8639359.582, 112
Trd, 8639360.232, 124
Trd, 8639361.432, 105
Trd, 8639361.632, 103
Trd, 8639362.332, 95
Trd, 8639362.582, 121
Trd, 8639364.182, 100
Trd, 8639364.332, 79
Trd, 8639364.382, 69
Trd, 8639365.482, 91
Trd, 8639365.832, 83
Trd, 8639366.332, 78
Trd, 8639366.532, 80
Trd, 8639367.132, 92
Trd, 8639369.032, 67
Trd, 8639369.582, 77
Trd, 8639369.982, 96
Trd, 8639370.382, 128
Trd, 8639370.432, 65
Trd, 8639371.132, 99
Trd, 8639372.132, 130
Trd, 8639372.432, 80
Trd, 8639374.132, 136
Trd, 8639374.232, 91
Trd, 8639374.782, 87
Trd, 8639374.982, 123
Trd, 8639377.632, 106
Trd, 8639378.482, 108
Trd, 8639379.482, 102
Trd, 8639379.632, 122
Trd, 8639380.682, 106
Trd, 8639381.232, 85
Trd, 8639381.332, 89
Trd, 8639382.582, 79
Trd, 8639383.182, 78
Trd, 8639383.882, 124
Trd, 8639384.982, 80
Trd, 8639386.082, 95
Trd, 8639386.532, 62
Trd, 8639387.032, 66
Trd, 8639387.732, 93
Trd, 8639388.082, 101
Trd, 8639389.932, 114
Trd, 8639391.482, 134
Trd, 8639391.832, 137
Trd, 8639393.232, 94
Trd, 8639393.532, 125
Trd, 8639394.082, 112
Trd, 8639395.132, 80
Trd, 8639396.382, 94
Trd, 8639397.182, 105
Trd, 8639397.482, 81
Trd, 8639398.732, 105
Trd, 8639400.582, 123
Trd, 8639401.482, 121
Trd, 8639401.632, 121
Trd, 8639402.732, 110
Trd, 8639403.082, 75
Trd, 8639403.332, 113
Trd, 8639404.832, 106
Trd, 8639405.782, 107
Trd, 8639405.832, 103
Trd, 8639406.182, 99
Trd, 8639407.082, 95
Trd, 8639409.282, 91
Trd, 8639409.482, 122
Trd, 8639409.682, 91
Trd, 8639410.982, 91
Trd, 8639411.182, 77
Trd, 8639411.832, 89
Trd, 8639412.232, 84
Trd, 8639413.932, 89
Trd, 8639414.482, 99
Trd, 8639415.532, 118
Trd, 8639416.682, 121
Trd, 8639417.032, 113
Trd, 8639417.382, 80
Trd, 8639418.232, 67
Trd, 8639418.732, 71
Trd, 8639420.982, 105
Trd, 8639421.482, 92
Trd, 8639421.532, 83
Trd, 8639422.282, 122
Trd, 8639422.382, 99
Trd, 8639425.182, 107
Trd, 8639425.682, 81
Trd, 8639425.982, 100
Trd, 8639427.082, 128
Trd, 8639428.132, 139
Trd, 8639428.682, 113
Trd, 8639429.032, 110
Trd, 8639429.382, 100
Trd, 8639429.732, 88
Trd, 8639430.282, 89
Trd, 8639432.282, 60
Trd, 8639432.882, 75
Trd, 8639433.982, 78
Trd, 8639434.532, 95
Trd, 8639436.082, 130
Trd, 8639436.532, 102
Trd, 8639437.782, 92
Trd, 8639438.732, 97
Trd, 8639439.082, 107
Trd, 8639439.332, 87
Trd, 8639439.382, 113
Trd, 8639439.782, 88
Trd, 8639441.132, 120
Trd, 8639443.432, 73
Trd, 8639443.632, 74
Trd, 8639444.632, 76
Trd, 8639445.232, 75
Trd, 8639445.632, 78
Trd, 8639447.532, 133
Trd, 8639448.032, 104
Trd, 8639448.582, 85
Trd, 8639449.482, 93
Trd, 8639449.582, 100
Trd, 8639451.282, 95
Trd, 8639453.282, 100
Trd, 8639453.332, 98
Trd, 8639454.082, 122
Trd, 8639454.882, 110
Trd, 8639455.132, 110
Trd, 8639455.732, 109
Trd, 8639456.532, 83
Trd, 8639456.832, 79
Trd, 8639457.182, 76
Trd, 8639458.082, 83
Trd, 8639459.332, 114
Trd, 8639460.232, 90
Trd, 8639460.382, 105
Trd, 8639460.932, 81
Trd, 8639462.582, 101
Trd, 8639463.232, 111
Trd, 8639463.882, 124
Trd, 8639464.282, 118
Trd, 8639464.982, 129
Trd, 8639465.082, 121
Trd, 8639465.382, 112
Trd, 8639465.432, 103
Trd, 8639468.082, 95
Trd, 8639469.132, 112
Trd, 8639469.482, 107
Trd, 8639469.732, 102
Trd, 8639469.882, 97
Trd, 8639470.432, 138
Trd, 8639470.632, 101
Trd, 8639471.032, 93
Trd, 8639472.182, 117
Trd, 8639472.782, 105
Trd, 8639473.832, 90
Trd, 8639474.182, 108
Trd, 8639475.382, 99
Trd, 8639477.182, 108
Trd, 8639477.532, 91
Trd, 8639478.032, 100
Trd, 8639478.582, 76
Trd, 8639479.532, 108
Trd, 8639480.182, 77
Trd, 8639480.782, 99
Trd, 8639481.432, 79
Trd, 8639482.232, 73
Trd, 8639482.782, 97
Trd, 8639484.182, 100
Trd, 8639484.332, 92
Trd, 8639484.632, 76
Trd, 8639484.682, 109
Trd, 8639485.682, 122
Trd, 8639485.982, 99
Trd, 8639486.182, 134
Trd, 8639486.982, 82
Trd, 8639488.232, 109
Trd, 8639488.482, 93
Trd, 8639488.582, 97
Trd, 8639488.882, 119
Trd, 8639492.032, 135
Trd, 8639492.082, 131
Trd, 8639492.782, 109
Trd, 8639493.282, 131
Trd, 8639493.682, 119
Trd, 8639493.982, 91
Trd, 8639495.732, 121
Trd, 8639496.182, 100
Trd, 8639496.632, 84
Trd, 8639496.982, 132
Trd, 8639497.932, 118
Trd, 8639498.482, 111
Trd, 8639499.282, 94
Trd, 8639499.782, 99
Trd, 8639500.582, 133
Trd, 8639501.232, 115
Trd, 8639501.632, 82
Trd, 8639502.132, 64
Trd, 8639503.632, 111
Trd, 8639504.732, 100
Trd, 8639505.682, 81
Trd, 8639506.782, 107
Trd, 8639506.882, 68
Trd, 8639507.132, 75
Trd, 8639507.732, 97
Trd, 8639508.582, 65
Trd, 8639509.932, 109
Trd, 8639510.782, 116
Trd, 8639511.632, 84
Trd, 8639511.782, 118
Trd, 8639512.132, 118
Trd, 8639512.232, 129
Trd, 8639512.382, 72
Trd, 8639512.932, 86
Trd, 8639514.382, 116
Trd, 8639514.482, 87
Trd, 8639516.082, 100
Trd, 8639516.732, 73
Trd, 8639518.832, 129
Trd, 8639519.282, 106
Trd, 8639519.882, 93
Trd, 8639520.582, 117
Trd, 8639521.582, 123
Trd, 8639521.732, 109
Trd, 8639522.282, 95
Trd, 8639522.982, 86
Trd, 8639523.732, 102
Trd, 8639524.382, 124
Trd, 8639524.982, 73
Trd, 8639525.632, 61
Trd, 8639526.782, 101
Trd, 8639526.832, 76
Trd, 8639527.632, 96
Trd, 8639528.632, 89
Trd, 8639529.582, 60
Trd, 8639530.282, 107
Trd, 8639530.582, 102
Trd, 8639530.682, 121
Trd, 8639531.682, 77
Trd, 8639532.082, 115
Trd, 8639532.882, 71
Trd, 8639533.382, 70
Trd, 8639535.132, 139
Trd, 8639535.582, 131
Trd, 8639535.882, 129
Trd, 8639537.782, 116
Trd, 8639538.282, 105
Trd, 8639539.332, 121
Trd, 8639539.482, 117
Trd, 8639540.832, 87
Trd, 8639541.732, 92
Trd, 8639542.482, 121
Trd, 8639542.882, 128
Trd, 8639543.132, 104
Trd, 8639544.432, 61
Trd, 8639545.132, 72
Trd, 8639546.532, 116
Trd, 8639546.732, 120
Trd, 8639547.082, 82
Trd, 8639547.682, 108
Trd, 8639548.282, 80
Trd, 8639550.032, 66
Trd, 8639550.682, 101
Trd, 8639551.182, 77
Trd, 8639551.632, 96
Trd, 8639551.832, 108
Trd, 8639553.032, 103
Trd, 8639553.982, 78
Trd, 8639554.782, 109
Trd, 8639555.432, 89
Trd, 8639555.882, 89
Trd, 8639556.182, 80
Trd, 8639558.532, 106
Trd, 8639559.332, 132
Trd, 8639560.182, 112
Trd, 8639560.482, 91
Trd, 8639561.732, 121
Trd, 8639561.782, 104
Trd, 8639562.182, 120
Trd, 8639563.632, 132
Trd, 8639564.482, 90
Trd, 8639564.632, 89
Trd, 8639564.982, 86
Trd, 8639565.882, 117
Trd, 8639566.032, 102
Trd, 8639566.182, 85
Trd, 8639567.232, 95
Trd, 8639567.982, 105
Trd, 8639568.232, 82
Trd, 8639569.332, 133
Trd, 8639569.482, 119
Trd, 8639570.382, 88
Trd, 8639571.032, 123
Trd, 8639572.982, 104
Trd, 8639574.482, 118
Trd, 8639574.532, 105
Trd, 8639574.632, 98
Trd, 8639575.882, 88
Trd, 8639577.732, 103
Trd, 8639577.882, 100
Trd, 8639578.682, 111
Trd, 8639579.932, 91
Trd, 8639580.282, 85
Trd, 8639580.382, 98
Trd, 8639581.282, 110
Trd, 8639581.932, 103
Trd, 8639582.282, 93
Trd, 8639583.482, 106
Trd, 8639583.582, 90
Trd, 8639583.732, 106
Trd, 8639584.382, 60
Trd, 8639584.832, 78
Trd, 8639586.182, 86
Trd, 8639587.032, 81
Trd, 8639587.932, 123
Trd, 8639588.582, 136
Trd, 8639589.832, 66
Trd, 8639590.082, 86
Trd, 8639590.632, 80
Trd, 8639590.732, 114
Trd, 8639591.732, 85
Trd, 8639593.182, 105
Trd, 8639594.582, 76
Trd, 8639596.082, 114
Trd, 8639597.182, 107
Trd, 8639597.332, 131
Trd, 8639597.782, 95
Trd, 8639599.132, 121
Trd, 8639599.232, 108
Trd, 8639599.282, 89
Trd, 8639599.632, 120
Trd, 8639600.132, 85
Trd, 8639600.532, 86
Trd, 8639602.282, 106
Trd, 8639602.832, 71
Trd, 8639603.182, 96
Trd, 8639604.432, 110
Trd, 8639604.532, 105
Trd, 8639605.132, 72
Trd, 8639605.232, 92
Trd, 8639606.032, 100
Trd, 8639606.232, 125
Trd, 8639606.982, 118
Trd, 8639608.332, 92
Trd, 8639608.582, 106
Trd, 8639609.982, 105
Trd, 8639611.982, 119
Trd, 8639613.432, 104
Trd, 8639614.132, 112
Trd, 8639615.032, 134
Trd, 8639615.532, 111
Trd, 8639615.882, 91
Trd, 8639617.132, 130
Trd, 8639617.532, 127
Trd, 8639618.232, 91
Trd, 8639620.282, 66
Trd, 8639620.482, 99
Trd, 8639621.532, 138
Trd, 8639621.632, 113
Trd, 8639622.532, 107
Trd, 8639623.282, 94
Trd, 8639623.832, 69
Trd, 8639625.032, 69
Trd, 8639625.382, 112
Trd, 8639625.632, 77
Trd, 8639627.982, 85
Trd, 8639628.882, 84
Trd, 8639629.082, 84
Trd, 8639629.582, 72
Trd, 8639630.732, 75
Trd, 8639631.682, 128
Trd, 8639632.232, 115
Trd, 8639632.582, 126
Trd, 8639634.582, 91
Trd, 8639635.082, 86
Trd, 8639635.932, 116
Trd, 8639636.932, 86
Trd, 8639637.182, 81
Trd, 8639638.982, 140
Trd, 8639639.382, 82
Trd, 8639639.532, 77
Trd, 8639639.782, 103
Trd, 8639640.232, 126
Trd, 8639641.132, 101
Trd, 8639641.782, 101
Trd, 8639642.182, 106
Trd, 8639642.432, 104
Trd, 8639642.582, 95
Trd, 8639643.432, 64
Trd, 8639645.032, 60
Trd, 8639646.032, 93
Trd, 8639646.232, 111
Trd, 8639646.682, 107
Trd, 8639647.382, 93
Trd, 8639647.632, 108
Trd, 8639648.982, 97
Trd, 8639649.482, 91
Trd, 8639650.232, 65
Trd, 8639650.532, 85
Trd, 8639651.082, 80
Trd, 8639652.732, 117
Trd, 8639653.582, 121
Trd, 8639653.932, 112
Trd, 8639654.032, 134
Trd, 8639654.882, 104
Trd, 8639654.932, 100
Trd, 8639655.532, 119
Trd, 8639656.082, 73
Trd, 8639657.482, 99
Trd, 8639658.282, 96
Trd, 8639659.082, 130
Trd, 8639659.332, 105
Trd, 8639660.132, 99
Trd, 8639660.182, 97
Trd, 8639661.732, 95
Trd, 8639662.332, 91
Trd, 8639662.532, 101
Trd, 8639664.132, 111
Trd, 8639665.132, 120
Trd, 8639665.382, 117
Trd, 8639666.282, 125
Trd, 8639666.932, 74
Trd, 8639667.232, 88
Trd, 8639667.932, 133
Trd, 8639669.032, 83
Trd, 8639670.132, 90
Trd, 8639671.032, 97
Trd, 8639671.582, 96
Trd, 8639672.482, 116
Trd, 8639672.982, 105
Trd, 8639673.782, 78
Trd, 8639675.132, 70
Trd, 8639676.482, 137
Trd, 8639676.882, 114
Trd, 8639677.182, 106
Trd, 8639678.232, 105
Trd, 8639678.332, 85
Trd, 8639679.432, 105
Trd, 8639679.932, 84
Trd, 8639680.082, 118
Trd, 8639680.782, 74
Trd, 8639682.832, 106
Trd, 8639683.782, 119
Trd, 8639683.982, 109
Trd, 8639684.732, 110
Trd, 8639684.782, 97
Trd, 8639687.482, 124
Trd, 8639688.332, 95
Trd, 8639688.782, 129
Trd, 8639689.332, 88
Trd, 8639691.082, 138
Trd, 8639691.832, 125
Trd, 8639692.382, 138
Trd, 8639692.982, 114
Trd, 8639693.032, 103
Trd, 8639693.182, 85
Trd, 8639693.382, 139
Trd, 8639694.382, 75
Trd, 8639695.532, 116
Trd, 8639696.382, 127
Trd, 8639698.132, 127
Trd, 8639698.982, 112
Trd, 8639699.082, 96
Trd, 8639699.982, 114
Trd, 8639700.082, 134
Trd, 8639700.482, 123
Trd, 8639701.532, 115
Trd, 8639701.632, 94
Trd, 8639702.732, 125
Trd, 8639703.082, 91
Trd, 8639705.282, 91
Trd, 8639705.582, 88
Trd, 8639706.082, 106
Trd, 8639707.282, 114
Trd, 8639708.332, 90
Trd, 8639709.232, 109
Trd, 8639709.582, 122
Trd, 8639710.182, 94
Trd, 8639710.482, 116
Trd, 8639711.332, 109
Trd, 8639711.382, 107
Trd, 8639712.132, 90
Trd, 8639713.032, 105
Trd, 8639713.382, 96
Trd, 8639714.482, 102
Trd, 8639715.332, 113
Trd, 8639716.032, 87
Trd, 8639716.532, 118
Trd, 8639717.682, 101
Trd, 8639718.732, 120
Trd, 8639719.082, 92
Trd, 8639719.532, 94
Trd, 8639719.882, 112
Trd, 8639720.982, 111
Trd, 8639722.632, 75
Trd, 8639723.132, 82
Trd, 8639723.432, 88
Trd, 8639723.482, 85
Trd, 8639723.682, 138
Trd, 8639723.982, 128
Trd, 8639724.982, 82
Trd, 8639726.032, 105
Trd, 8639726.682, 115
Trd, 8639726.832, 113
Trd, 8639728.132, 87
Trd, 8639730.182, 63
Trd, 8639731.782, 90
Trd, 8639731.832, 92
Trd, 8639732.282, 106
Trd, 8639732.382, 105
Trd, 8639733.482, 97
Trd, 8639733.932, 140
Trd, 8639734.232, 84
Trd, 8639735.232, 128
Trd, 8639736.632, 99
Trd, 8639736.682, 98
Trd, 8639738.332, 100
Trd, 8639738.732, 79
Trd, 8639738.782, 99
Trd, 8639740.032, 109
Trd, 8639740.882, 83
Trd, 8639741.982, 75
Trd, 8639742.132, 64
Trd, 8639742.582, 102
Trd, 8639743.282, 136
Trd, 8639744.332, 125
Trd, 8639745.032, 103
Trd, 8639745.332, 86
Trd, 8639746.582, 83
Trd, 8639747.632, 127
Trd, 8639747.732, 109
Trd, 8639748.082, 101
Trd, 8639748.382, 109
Trd, 8639750.582, 125
Trd, 8639752.032, 118
Trd, 8639752.132, 95
Trd, 8639752.282, 85
Trd, 8639752.482, 83
Trd, 8639752.682, 81
Trd, 8639753.782, 75
Trd, 8639756.132, 102
Trd, 8639756.432, 99
Trd, 8639757.332, 110
Trd, 8639757.432, 80
Trd, 8639758.582, 96
Trd, 8639758.882, 96
Trd, 8639761.232, 118
Trd, 8639761.832, 115
Trd, 8639761.932, 113
Trd, 8639762.132, 102
Trd, 8639763.782, 123
Trd, 8639765.432, 120
Trd, 8639765.482, 118
Trd, 8639766.032, 128
Trd, 8639766.632, 120
Trd, 8639766.882, 110
Trd, 8639767.082, 106
Trd, 8639767.632, 121
Trd, 8639768.832, 84
Trd, 8639769.382, 86
Trd, 8639769.782, 83
Trd, 8639772.432, 122
Trd, 8639772.532, 111
Trd, 8639772.882, 117
Trd, 8639774.182, 83
Trd, 8639774.432, 107
Trd, 8639774.682, 132
Trd, 8639775.332, 95
Trd, 8639777.282, 101
Trd, 8639778.382, 121
Trd, 8639778.882, 138
Trd, 8639778.982, 116
Trd, 8639779.132, 103
Trd, 8639779.232, 70
Trd, 8639779.782, 100
Trd, 8639781.382, 109
Trd, 8639781.782, 114
Trd, 8639782.432, 116
Trd, 8639782.732, 111
Trd, 8639783.982, 109
Trd, 8639784.632, 103
Trd, 8639785.732, 74
Trd, 8639785.882, 86
Trd, 8639788.282, 98
Trd, 8639788.782, 113
Trd, 8639789.132, 128
Trd, 8639790.032, 129
Trd, 8639790.632, 125
Trd, 8639791.282, 124
Trd, 8639791.332, 110
Trd, 8639791.382, 109
Trd, 8639791.482, 86
Trd, 8639792.982, 109
Trd, 8639793.832, 86
Trd, 8639795.232, 92
Trd, 8639795.532, 91
Trd, 8639796.782, 133
Trd, 8639798.532, 115
Trd, 8639798.832, 121
Trd, 8639800.532, 79
Trd, 8639801.182, 128
Trd, 8639802.982, 120
Trd, 8639803.132, 126
Trd, 8639804.032, 98
Trd, 8639805.082, 101
Trd, 8639805.532, 95
Trd, 8639805.782, 73
Trd, 8639808.732, 136
Trd, 8639809.432, 100
Trd, 8639809.582, 94
Trd, 8639809.882, 104
Trd, 8639810.732, 81
Trd, 8639811.132, 117
Trd, 8639813.482, 98
Trd, 8639813.932, 109
Trd, 8639814.232, 76
Trd, 8639814.632, 98
Trd, 8639815.382, 138
Trd, 8639815.432, 71
Trd, 8639817.332, 118
Trd, 8639818.732, 134
Trd, 8639818.832, 111
Trd, 8639819.282, 137
Trd, 8639819.482, 109
Trd, 8639821.082, 114
Trd, 8639821.582, 120
Trd, 8639821.732, 111
Trd, 8639822.882, 127
Trd, 8639823.332, 127
Trd, 8639824.332, 116
Trd, 8639825.082, 92
Trd, 8639825.832, 93
Trd, 8639826.532, 98
Trd, 8639826.882, 127
Trd, 8639827.532, 83
Trd, 8639827.882, 82
Trd, 8639830.332, 131
Trd, 8639830.582, 102
Trd, 8639831.832, 88
Trd, 8639833.532, 137
Trd, 8639833.782, 94
Trd, 8639834.782, 114
Trd, 8639835.182, 99
Trd, 8639835.982, 112
Trd, 8639836.082, 85
Trd, 8639836.432, 73
Trd, 8639838.932, 104
Trd, 8639839.482, 74
Trd, 8639839.782, 116
Trd, 8639840.382, 130
Trd, 8639840.432, 123
Trd, 8639841.182, 89
Trd, 8639841.882, 120
Trd, 8639843.332, 108
Trd, 8639844.232, 104
Trd, 8639844.332, 97
Trd, 8639844.982, 126
Trd, 8639845.282, 86
Trd, 8639845.532, 85
Trd, 8639846.532, 86
Trd, 8639848.482, 111
Trd, 8639848.782, 92
Trd, 8639848.932, 98
Trd, 8639849.032, 90
Trd, 8639850.382, 88
Trd, 8639850.732, 71
Trd, 8639851.082, 122
Trd, 8639851.732, 63
Trd, 8639852.632, 127
Trd, 8639852.932, 94
Trd, 8639853.982, 111
Trd, 8639854.532, 91
Trd, 8639855.182, 126
Trd, 8639855.682, 96
Trd, 8639856.282, 111
Trd, 8639856.682, 97
Trd, 8639858.732, 124
Trd, 8639859.432, 100
Trd, 8639860.532, 90
Trd, 8639860.882, 125
Trd, 8639861.382, 86
Trd, 8639862.632, 111
Trd, 8639864.332, 114
Trd, 8639864.782, 132
Trd, 8639864.882, 88
Trd, 8639865.682, 77
Trd, 8639866.282, 118
Trd, 8639866.482, 75
Trd, 8639868.582, 82
Trd, 8639868.982, 93
Trd, 8639869.582, 76
Trd, 8639869.982, 78
Trd, 8639870.232, 81
Trd, 8639870.332, 84
Trd, 8639870.832, 102
Trd, 8639873.782, 136
Trd, 8639873.932, 121
Trd, 8639875.082, 115
Trd, 8639875.582, 113
Trd, 8639875.932, 113
Trd, 8639876.532, 73
Trd, 8639877.882, 98
Trd, 8639879.132, 105
Trd, 8639879.532, 65
Trd, 8639880.332, 95
Trd, 8639880.682, 94
Trd, 8639881.432, 99
Trd, 8639881.682, 81
Trd, 8639883.232, 108
Trd, 8639883.832, 84
Trd, 8639884.482, 95
Trd, 8639884.782, 109
Trd, 8639885.182, 83
Trd, 8639885.282, 85
Trd, 8639886.632, 75
Trd, 8639886.932, 87
Trd, 8639887.282, 70
Trd, 8639889.132, 98
Trd, 8639891.082, 116
Trd, 8639891.232, 108
Trd, 8639891.632, 121
Trd, 8639891.732, 115
Trd, 8639892.282, 106
Trd, 8639892.332, 99
Trd, 8639893.882, 90
Trd, 8639894.382, 97
Trd, 8639894.532, 95
Trd, 8639897.582, 98
Trd, 8639898.282, 132
Trd, 8639898.782, 104
Trd, 8639899.832, 94
Trd, 8639899.982, 93
Trd, 8639901.482, 135
Trd, 8639901.982, 106
Trd, 8639902.432, 89
Trd, 8639903.432, 131
Trd, 8639904.132, 133
Trd, 8639904.432, 128
Trd, 8639904.832, 126
Trd, 8639904.882, 125
Trd, 8639907.082, 123
Trd, 8639908.032, 99
Trd, 8639909.332, 85
Trd, 8639909.682, 95
Trd, 8639910.882, 88
Trd, 8639912.282, 112
Trd, 8639912.432, 103
Trd, 8639912.532, 71
Trd, 8639914.132, 123
Trd, 8639914.682, 128
Trd, 8639917.432, 123
Trd, 8639917.482, 112
Trd, 8639917.532, 110
Trd, 8639918.732, 81
Trd, 8639919.432, 111
Trd, 8639920.232, 107
Trd, 8639920.682, 128
Trd, 8639921.632, 93
Trd, 8639922.582, 106
Trd, 8639923.882, 77
Trd, 8639924.732, 103
Trd, 8639924.982, 113
Trd, 8639925.332, 132
Trd, 8639925.732, 115
Trd, 8639925.782, 100
Trd, 8639925.982, 85
Trd, 8639927.532, 111
Trd, 8639927.982, 118
Trd, 8639928.382, 111
Trd, 8639929.332, 106
Trd, 8639930.882, 113
Trd, 8639931.132, 125
Trd, 8639931.232, 95
Trd, 8639932.032, 119
Trd, 8639932.782, 139
Trd, 8639932.882, 103
Trd, 8639934.882, 72
Trd, 8639935.482, 128
Trd, 8639936.982, 61
Trd, 8639937.032, 76
Trd, 8639937.782, 132
Trd, 8639938.032, 118
Trd, 8639938.082, 82
Trd, 8639939.582, 80
Trd, 8639939.982, 83
Trd, 8639940.982, 84
Trd, 8639941.482, 78
Trd, 8639942.082, 70
Trd, 8639942.632, 106
Trd, 8639942.782, 111
Trd, 8639943.382, 138
Trd, 8639944.182, 72
Trd, 8639945.682, 67
Trd, 8639946.182, 100
Trd, 8639947.132, 76
Trd, 8639947.332, 74
Trd, 8639949.082, 127
Trd, 8639949.182, 132
Trd, 8639950.332, 103
Trd, 8639950.932, 121
Trd, 8639952.182, 113
Trd, 8639952.982, 95
Trd, 8639953.782, 85
Trd, 8639954.982, 98
Trd, 8639955.132, 102
Trd, 8639956.082, 74
Trd, 8639956.582, 105
Trd, 8639957.082, 103
Trd, 8639957.982, 121
Trd, 8639958.232, 119
Trd, 8639958.482, 114
Trd, 8639958.732, 125
Trd, 8639960.182, 87
Trd, 8639960.832, 90
Trd, 8639962.682, 122
Trd, 8639962.882, 102
Trd, 8639963.182, 140
Trd, 8639963.582, 84
Trd, 8639963.932, 103
Trd, 8639964.782, 89
Trd, 8639965.832, 127
Trd, 8639966.132, 115
Trd, 8639966.732, 137
Trd, 8639968.532, 98
Trd, 8639968.832, 84
Trd, 8639969.732, 87
Trd, 8639970.432, 86
Trd, 8639971.232, 72
Trd, 8639971.632, 106
Trd, 8639972.432, 102
Trd, 8639973.032, 101
Trd, 8639973.882, 129
Trd, 8639974.382, 106
Trd, 8639975.332, 114
Trd, 8639976.082, 124
Trd, 8639976.532, 126
Trd, 8639977.832, 113
Trd, 8639978.182, 105
Trd, 8639978.432, 98
Trd, 8639979.132, 108
Trd, 8639979.582, 80
Trd, 8639979.932, 80
Trd, 8639981.632, 100
Trd, 8639983.682, 132
Trd, 8639984.482, 103
Trd, 8639985.482, 138
Trd, 8639985.932, 120
Trd, 8639986.182, 100
Trd, 8639986.532, 97
Trd, 8639986.832, 91
Trd, 8639987.732, 73
Trd, 8639989.332, 62
Trd, 8639989.382, 68
Trd, 8639990.732, 99
Trd, 8639991.432, 140
Trd, 8639993.182, 110
Trd, 8639994.032, 102
Trd, 8639994.932, 72
Trd, 8639996.082, 77
Trd, 8639996.632, 93
Trd, 8639996.982, 92
Trd, 8639997.282, 85
Trd, 8639997.632, 83
Trd, 8639998.282, 72
