Trd, 8638173.632, 61
Trd, 8638173.682, 64
Trd, 8638174.982, 65
Trd, 8638175.082, 67
Trd, 8638176.082, 94
Trd, 8638176.982, 60
Trd, 8638177.532, 62
Trd, 8638177.582, 63
Trd, 8638178.182, 64
Trd, 8638178.932, 65
Trd, 8638179.132, 66
Trd, 8638179.632, 67
Trd, 8638179.882, 76
Trd, 8638180.182, 66
Trd, 8638180.482, 129
Trd, 8638180.932, 67
Trd, 8638181.732, 140
Trd, 8638182.082, 107
Trd, 8638182.132, 99
Trd, 8638183.532, 60
Trd, 8638184.832, 140
Trd, 8638185.282, 140
Trd, 8638185.532, 140
Trd, 8638186.682, 140
Trd, 8638186.932, 140
Trd, 8638187.782, 139
Trd, 8638188.082, 140
Trd, 8638188.182, 140
Trd, 8638189.932, 60
Trd, 8638190.632, 61
Trd, 8638190.732, 63
Trd, 8638191.932, 67
Trd, 8638192.082, 61
Trd, 8638192.482, 73
Trd, 8638193.382, 67
Trd, 8638195.082, 140
Trd, 8638195.282, 91
Trd, 8638197.282, 140
Trd, 8638197.832, 140
Trd, 8638197.932, 139
Trd, 8638198.332, 140
Trd, 8638198.582, 140
Trd, 8638198.982, 140
Trd, 8638199.982, 139
Trd, 8638200.482, 140
Trd, 8638201.282, 140
Trd, 8638201.382, 140
Trd, 8638202.082, 100
Trd, 8638202.832, 140
Trd, 8638203.782, 140
Trd, 8638203.832, 140
Trd, 8638204.582, 64
Trd, 8638205.132, 140
Trd, 8638205.382, 140
Trd, 8638205.932, 140
Trd, 8638208.032, 140
Trd, 8638208.082, 139
Trd, 8638209.432, 119
Trd, 8638209.982, 116
Trd, 8638210.132, 106
Trd, 8638210.432, 106
Trd, 8638210.732, 105
Trd, 8638211.232, 140
Trd, 8638211.632, 140
Trd, 8638213.132, 89
Trd, 8638213.232, 84
Trd, 8638213.982, 62
Trd, 8638214.132, 140
Trd, 8638215.232, 61
Trd, 8638215.782, 60
Trd, 8638216.782, 69
Trd, 8638217.632, 68
Trd, 8638219.782, 60
Trd, 8638220.482, 60
Trd, 8638221.782, 61
Trd, 8638222.282, 60
Trd, 8638222.782, 62
Trd, 8638223.332, 61
Trd, 8638224.132, 63
Trd, 8638225.882, 60
Trd, 8638225.982, 61
Trd, 8638228.632, 60
Trd, 8638229.332, 60
Trd, 8638229.782, 62
Trd, 8638229.832, 63
Trd, 8638230.632, 60
Trd, 8638231.432, 60
Trd, 8638233.732, 60
Trd, 8638233.782, 60
Trd, 8638233.882, 61
Trd, 8638234.332, 60
Trd, 8638234.982, 60
Trd, 8638235.982, 60
Trd, 8638236.232, 61
Trd, 8638237.882, 60
Trd, 8638238.132, 60
Trd, 8638238.632, 60
Trd, 8638238.732, 62
Trd, 8638238.932, 64
Trd, 8638239.382, 60
Trd, 8638240.182, 61
Trd, 8638242.432, 140
Trd, 8638242.732, 140
Trd, 8638242.882, 137
Trd, 8638243.232, 136
Trd, 8638243.832, 86
Trd, 8638244.132, 87
Trd, 8638244.932, 127
Trd, 8638247.032, 140
Trd, 8638248.032, 140
Trd, 8638248.282, 140
Trd, 8638248.982, 140
Trd, 8638249.532, 139
Trd, 8638250.032, 139
Trd, 8638251.332, 140
Trd, 8638251.532, 138
Trd, 8638251.932, 115
Trd, 8638253.632, 140
Trd, 8638253.682, 139
Trd, 8638253.882, 139
Trd, 8638254.682, 117
Trd, 8638254.832, 114
Trd, 8638255.732, 63
Trd, 8638256.732, 99
Trd, 8638256.932, 140
Trd, 8638257.282, 140
Trd, 8638259.182, 137
Trd, 8638260.082, 140
Trd, 8638260.632, 140
Trd, 8638260.732, 133
Trd, 8638261.982, 61
Trd, 8638262.082, 61
Trd, 8638262.482, 98
Trd, 8638262.932, 140
Trd, 8638263.882, 65
Trd, 8638264.382, 103
Trd, 8638265.632, 61
Trd, 8638265.832, 63
Trd, 8638266.682, 140
Trd, 8638267.882, 140
Trd, 8638268.332, 140
Trd, 8638268.532, 140
Trd, 8638269.182, 140
Trd, 8638269.682, 140
Trd, 8638270.032, 140
Trd, 8638270.882, 140
Trd, 8638271.282, 139
Trd, 8638271.382, 128
Trd, 8638272.132, 140
Trd, 8638273.932, 137
Trd, 8638273.982, 110
Trd, 8638276.332, 140
Trd, 8638276.832, 140
Trd, 8638276.982, 140
Trd, 8638277.282, 116
Trd, 8638277.732, 140
Trd, 8638277.882, 110
Trd, 8638278.932, 60
Trd, 8638279.332, 60
Trd, 8638279.982, 62
Trd, 8638280.382, 60
Trd, 8638281.232, 60
Trd, 8638281.882, 64
Trd, 8638282.082, 70
Trd, 8638282.732, 60
Trd, 8638283.182, 63
Trd, 8638284.582, 65
Trd, 8638285.982, 60
Trd, 8638286.032, 66
Trd, 8638287.332, 66
Trd, 8638287.932, 70
Trd, 8638289.732, 60
Trd, 8638290.182, 60
Trd, 8638290.582, 63
Trd, 8638291.482, 60
Trd, 8638291.932, 60
Trd, 8638292.182, 63
Trd, 8638292.382, 63
Trd, 8638293.732, 61
Trd, 8638294.932, 60
Trd, 8638296.382, 60
Trd, 8638297.132, 60
Trd, 8638297.332, 62
Trd, 8638297.732, 68
Trd, 8638299.382, 60
Trd, 8638299.632, 60
Trd, 8638299.682, 63
Trd, 8638299.932, 74
Trd, 8638301.432, 140
Trd, 8638301.482, 139
Trd, 8638302.482, 63
Trd, 8638303.082, 65
Trd, 8638303.932, 140
Trd, 8638304.182, 108
Trd, 8638305.082, 140
Trd, 8638306.232, 125
Trd, 8638306.282, 123
Trd, 8638307.732, 123
Trd, 8638307.832, 103
Trd, 8638308.382, 138
Trd, 8638308.932, 140
Trd, 8638309.732, 140
Trd, 8638309.782, 135
Trd, 8638312.282, 139
Trd, 8638312.682, 129
Trd, 8638312.882, 139
Trd, 8638313.332, 106
Trd, 8638313.482, 117
Trd, 8638314.132, 114
Trd, 8638314.532, 61
Trd, 8638314.782, 61
Trd, 8638315.382, 61
Trd, 8638316.182, 60
Trd, 8638316.332, 62
Trd, 8638317.082, 69
Trd, 8638317.582, 65
Trd, 8638318.432, 60
Trd, 8638320.132, 60
Trd, 8638320.732, 60
Trd, 8638321.582, 60
Trd, 8638322.832, 61
Trd, 8638323.732, 60
Trd, 8638323.982, 60
Trd, 8638324.282, 61
Trd, 8638324.332, 62
Trd, 8638324.832, 138
Trd, 8638325.482, 139
Trd, 8638327.132, 61
Trd, 8638328.132, 63
Trd, 8638328.932, 63
Trd, 8638329.082, 62
Trd, 8638329.682, 60
Trd, 8638329.732, 62
Trd, 8638330.082, 65
Trd, 8638330.382, 140
Trd, 8638331.532, 63
Trd, 8638331.932, 61
Trd, 8638332.032, 63
Trd, 8638332.882, 60
Trd, 8638333.282, 60
Trd, 8638335.232, 129
Trd, 8638335.382, 127
Trd, 8638336.432, 129
Trd, 8638336.482, 127
Trd, 8638338.182, 140
Trd, 8638338.532, 140
Trd, 8638338.632, 140
Trd, 8638339.132, 139
Trd, 8638339.882, 63
Trd, 8638341.382, 138
Trd, 8638342.432, 61
Trd, 8638343.032, 61
Trd, 8638343.682, 115
Trd, 8638344.482, 65
Trd, 8638344.982, 67
Trd, 8638345.182, 62
Trd, 8638345.982, 139
Trd, 8638346.532, 139
Trd, 8638347.132, 140
Trd, 8638347.732, 91
Trd, 8638348.282, 139
Trd, 8638349.682, 140
Trd, 8638349.732, 139
Trd, 8638350.532, 61
Trd, 8638351.132, 60
Trd, 8638351.382, 140
Trd, 8638351.732, 101
Trd, 8638353.182, 62
Trd, 8638354.582, 60
Trd, 8638355.132, 60
Trd, 8638356.082, 60
Trd, 8638356.832, 60
Trd, 8638357.282, 60
Trd, 8638357.882, 65
Trd, 8638360.182, 61
Trd, 8638360.432, 60
Trd, 8638361.682, 60
Trd, 8638361.932, 60
Trd, 8638362.032, 61
Trd, 8638363.132, 62
Trd, 8638363.332, 62
Trd, 8638364.382, 62
Trd, 8638365.032, 62
Trd, 8638365.682, 60
Trd, 8638365.782, 62
Trd, 8638366.782, 63
Trd, 8638366.882, 64
Trd, 8638367.332, 60
Trd, 8638368.132, 60
Trd, 8638369.082, 60
Trd, 8638369.832, 61
Trd, 8638369.932, 64
Trd, 8638371.282, 62
Trd, 8638371.432, 62
Trd, 8638371.732, 62
Trd, 8638371.882, 97
Trd, 8638373.632, 60
Trd, 8638373.732, 61
Trd, 8638374.932, 60
Trd, 8638375.182, 62
Trd, 8638376.082, 60
Trd, 8638376.132, 62
Trd, 8638376.432, 61
Trd, 8638377.432, 60
Trd, 8638378.532, 68
Trd, 8638379.732, 71
Trd, 8638379.932, 126
Trd, 8638380.132, 65
Trd, 8638381.932, 140
Trd, 8638382.182, 140
Trd, 8638382.332, 138
Trd, 8638382.532, 68
Trd, 8638383.432, 66
Trd, 8638384.182, 60
Trd, 8638384.932, 140
Trd, 8638385.982, 140
Trd, 8638386.182, 140
Trd, 8638386.732, 140
Trd, 8638387.382, 140
Trd, 8638387.582, 140
Trd, 8638387.732, 140
Trd, 8638388.182, 140
Trd, 8638389.532, 140
Trd, 8638390.232, 139
Trd, 8638391.932, 129
Trd, 8638392.282, 61
Trd, 8638392.782, 62
Trd, 8638393.432, 140
Trd, 8638393.782, 139
Trd, 8638394.182, 138
Trd, 8638394.932, 136
Trd, 8638395.632, 140
Trd, 8638396.532, 140
Trd, 8638397.732, 138
Trd, 8638398.482, 140
Trd, 8638399.282, 140
Trd, 8638400.132, 138
Trd, 8638400.182, 115
Trd, 8638400.232, 90
Trd, 8638400.782, 140
Trd, 8638401.882, 92
Trd, 8638402.182, 92
Trd, 8638402.882, 93
Trd, 8638403.032, 78
Trd, 8638404.432, 60
Trd, 8638405.332, 61
Trd, 8638405.632, 111
Trd, 8638406.682, 140
Trd, 8638407.182, 138
Trd, 8638407.532, 114
Trd, 8638408.282, 64
Trd, 8638409.332, 65
Trd, 8638409.432, 66
Trd, 8638409.732, 78
Trd, 8638409.932, 60
Trd, 8638411.232, 60
Trd, 8638411.432, 60
Trd, 8638411.482, 73
Trd, 8638412.332, 140
Trd, 8638413.382, 60
Trd, 8638415.432, 61
Trd, 8638416.132, 61
Trd, 8638416.582, 64
Trd, 8638416.782, 62
Trd, 8638418.532, 60
Trd, 8638419.082, 139
Trd, 8638419.582, 140
Trd, 8638420.482, 140
Trd, 8638420.582, 134
Trd, 8638420.632, 124
Trd, 8638421.032, 139
Trd, 8638421.882, 63
Trd, 8638422.132, 60
Trd, 8638422.832, 60
Trd, 8638424.182, 60
Trd, 8638426.632, 61
Trd, 8638427.082, 61
Trd, 8638428.232, 61
Trd, 8638428.732, 63
Trd, 8638428.782, 63
Trd, 8638429.032, 60
Trd, 8638429.482, 64
Trd, 8638430.182, 72
Trd, 8638431.082, 140
Trd, 8638431.632, 140
Trd, 8638432.782, 140
Trd, 8638433.682, 65
Trd, 8638434.482, 60
Trd, 8638434.532, 61
Trd, 8638435.382, 60
Trd, 8638435.432, 62
Trd, 8638435.532, 65
Trd, 8638435.582, 85
Trd, 8638436.332, 140
Trd, 8638437.132, 140
Trd, 8638437.782, 140
Trd, 8638439.582, 140
Trd, 8638440.132, 140
Trd, 8638441.432, 140
Trd, 8638441.532, 140
Trd, 8638441.682, 140
Trd, 8638441.932, 138
Trd, 8638441.982, 124
Trd, 8638442.382, 95
Trd, 8638442.932, 62
Trd, 8638443.882, 92
Trd, 8638444.182, 140
Trd, 8638445.682, 140
Trd, 8638445.882, 139
Trd, 8638446.032, 139
Trd, 8638447.082, 140
Trd, 8638447.432, 140
Trd, 8638450.332, 140
Trd, 8638450.482, 140
Trd, 8638450.832, 140
Trd, 8638451.132, 139
Trd, 8638451.232, 131
Trd, 8638451.882, 80
Trd, 8638452.432, 79
Trd, 8638453.732, 139
Trd, 8638454.432, 139
Trd, 8638455.282, 140
Trd, 8638455.682, 140
Trd, 8638456.332, 140
Trd, 8638456.882, 139
Trd, 8638457.682, 127
Trd, 8638458.832, 101
Trd, 8638459.032, 65
Trd, 8638460.182, 102
Trd, 8638460.632, 64
Trd, 8638461.132, 140
Trd, 8638461.682, 114
Trd, 8638462.932, 140
Trd, 8638463.132, 140
Trd, 8638464.032, 140
Trd, 8638464.732, 138
Trd, 8638465.032, 137
Trd, 8638466.032, 140
Trd, 8638466.582, 136
Trd, 8638466.732, 138
Trd, 8638468.182, 120
Trd, 8638468.332, 62
Trd, 8638469.132, 97
Trd, 8638469.282, 64
Trd, 8638470.882, 140
Trd, 8638471.182, 140
Trd, 8638471.232, 140
Trd, 8638471.982, 137
Trd, 8638472.982, 140
Trd, 8638474.082, 140
Trd, 8638474.682, 140
Trd, 8638475.082, 140
Trd, 8638475.732, 140
Trd, 8638476.282, 61
Trd, 8638477.332, 123
Trd, 8638477.432, 83
Trd, 8638477.982, 139
Trd, 8638478.882, 140
Trd, 8638479.432, 140
Trd, 8638480.232, 140
Trd, 8638481.082, 137
Trd, 8638481.332, 140
Trd, 8638481.932, 140
Trd, 8638482.132, 70
Trd, 8638483.982, 140
Trd, 8638484.332, 140
Trd, 8638485.232, 140
Trd, 8638485.732, 140
Trd, 8638485.832, 140
Trd, 8638485.882, 139
Trd, 8638486.332, 85
Trd, 8638487.182, 140
Trd, 8638487.732, 137
Trd, 8638488.032, 109
Trd, 8638488.232, 109
Trd, 8638489.382, 134
Trd, 8638491.082, 140
Trd, 8638491.182, 140
Trd, 8638491.982, 140
Trd, 8638492.232, 139
Trd, 8638492.482, 138
Trd, 8638493.082, 135
Trd, 8638493.382, 138
Trd, 8638493.532, 100
Trd, 8638495.632, 78
Trd, 8638495.782, 77
Trd, 8638496.782, 140
Trd, 8638497.982, 139
Trd, 8638499.082, 140
Trd, 8638499.132, 140
Trd, 8638500.082, 140
Trd, 8638500.582, 140
Trd, 8638500.632, 115
Trd, 8638500.732, 113
Trd, 8638502.332, 140
Trd, 8638502.732, 139
Trd, 8638503.282, 137
Trd, 8638504.032, 137
Trd, 8638505.132, 140
Trd, 8638505.232, 139
Trd, 8638507.582, 140
Trd, 8638507.782, 140
Trd, 8638507.932, 136
Trd, 8638508.382, 140
Trd, 8638508.682, 140
Trd, 8638508.932, 140
Trd, 8638511.382, 120
Trd, 8638511.682, 140
Trd, 8638511.932, 139
Trd, 8638512.032, 63
Trd, 8638512.382, 67
Trd, 8638513.182, 63
Trd, 8638514.382, 140
Trd, 8638514.682, 132
Trd, 8638514.782, 77
Trd, 8638515.782, 60
Trd, 8638516.282, 63
Trd, 8638518.432, 127
Trd, 8638519.182, 140
Trd, 8638519.332, 126
Trd, 8638519.732, 123
Trd, 8638520.032, 133
Trd, 8638520.182, 76
Trd, 8638521.282, 139
Trd, 8638521.482, 137
Trd, 8638523.532, 140
Trd, 8638523.932, 139
Trd, 8638524.532, 139
Trd, 8638524.782, 87
Trd, 8638525.582, 60
Trd, 8638526.682, 68
Trd, 8638526.932, 67
Trd, 8638527.532, 140
Trd, 8638528.082, 140
Trd, 8638528.482, 140
Trd, 8638529.182, 139
Trd, 8638529.582, 121
Trd, 8638530.432, 140
Trd, 8638531.832, 140
Trd, 8638531.882, 140
Trd, 8638532.932, 140
Trd, 8638533.232, 140
Trd, 8638533.782, 140
Trd, 8638535.032, 140
Trd, 8638535.132, 140
Trd, 8638535.282, 140
Trd, 8638536.532, 139
Trd, 8638537.032, 140
Trd, 8638537.132, 138
Trd, 8638538.432, 99
Trd, 8638539.132, 140
Trd, 8638539.682, 140
Trd, 8638540.682, 100
Trd, 8638540.782, 65
Trd, 8638540.932, 61
Trd, 8638542.032, 68
Trd, 8638542.332, 69
Trd, 8638543.182, 140
Trd, 8638543.782, 140
Trd, 8638544.632, 140
Trd, 8638545.782, 140
Trd, 8638546.132, 140
Trd, 8638546.232, 140
Trd, 8638547.332, 140
Trd, 8638547.682, 140
Trd, 8638548.882, 140
Trd, 8638548.982, 140
Trd, 8638551.382, 140
Trd, 8638551.782, 140
Trd, 8638551.882, 140
Trd, 8638551.982, 140
Trd, 8638552.232, 140
Trd, 8638552.632, 139
Trd, 8638553.082, 133
Trd, 8638553.782, 139
Trd, 8638553.932, 136
Trd, 8638554.732, 135
Trd, 8638555.682, 138
Trd, 8638556.732, 62
Trd, 8638557.082, 63
Trd, 8638557.782, 64
Trd, 8638557.982, 69
Trd, 8638558.982, 63
Trd, 8638559.782, 64
Trd, 8638560.682, 61
Trd, 8638561.432, 60
Trd, 8638561.782, 61
Trd, 8638563.132, 60
Trd, 8638563.932, 61
Trd, 8638564.982, 60
Trd, 8638565.382, 68
Trd, 8638566.582, 60
Trd, 8638566.882, 60
Trd, 8638567.732, 64
Trd, 8638567.832, 139
Trd, 8638567.882, 63
Trd, 8638568.532, 62
Trd, 8638570.832, 60
Trd, 8638571.682, 60
Trd, 8638572.382, 61
Trd, 8638572.432, 62
Trd, 8638572.982, 65
Trd, 8638574.332, 62
Trd, 8638575.032, 65
Trd, 8638575.232, 139
Trd, 8638575.432, 62
Trd, 8638576.232, 67
Trd, 8638576.882, 68
Trd, 8638578.032, 138
Trd, 8638578.082, 86
Trd, 8638578.632, 140
Trd, 8638579.482, 62
Trd, 8638580.482, 64
Trd, 8638581.382, 64
Trd, 8638581.432, 65
Trd, 8638582.682, 65
Trd, 8638583.132, 62
Trd, 8638583.232, 62
Trd, 8638584.632, 62
Trd, 8638585.232, 62
Trd, 8638585.932, 60
Trd, 8638587.532, 64
Trd, 8638588.682, 61
Trd, 8638588.932, 60
Trd, 8638590.232, 60
Trd, 8638590.932, 63
Trd, 8638591.082, 65
Trd, 8638591.982, 62
Trd, 8638592.632, 62
Trd, 8638592.682, 61
Trd, 8638593.132, 120
Trd, 8638593.382, 75
Trd, 8638594.232, 121
Trd, 8638595.682, 67
Trd, 8638596.532, 62
Trd, 8638597.482, 60
Trd, 8638598.082, 62
Trd, 8638598.682, 62
Trd, 8638599.032, 70
Trd, 8638599.482, 60
Trd, 8638599.832, 60
Trd, 8638600.782, 68
Trd, 8638601.832, 140
Trd, 8638602.182, 140
Trd, 8638602.732, 114
Trd, 8638603.132, 140
Trd, 8638603.532, 140
Trd, 8638604.382, 128
Trd, 8638604.432, 98
Trd, 8638604.632, 80
Trd, 8638605.332, 140
Trd, 8638606.132, 62
Trd, 8638608.032, 61
Trd, 8638608.782, 63
Trd, 8638608.982, 65
Trd, 8638609.282, 140
Trd, 8638610.632, 140
Trd, 8638611.182, 135
Trd, 8638611.682, 116
Trd, 8638612.132, 115
Trd, 8638612.582, 139
Trd, 8638614.432, 140
Trd, 8638614.482, 139
Trd, 8638615.732, 140
Trd, 8638615.832, 140
Trd, 8638616.682, 140
Trd, 8638617.732, 140
Trd, 8638618.232, 139
Trd, 8638619.332, 140
Trd, 8638619.432, 140
Trd, 8638619.882, 101
Trd, 8638620.482, 63
Trd, 8638620.532, 67
Trd, 8638621.382, 122
Trd, 8638622.782, 135
Trd, 8638623.082, 140
Trd, 8638623.132, 139
Trd, 8638624.182, 140
Trd, 8638625.382, 140
Trd, 8638625.732, 140
Trd, 8638626.132, 140
Trd, 8638626.332, 140
Trd, 8638626.732, 124
Trd, 8638626.832, 118
Trd, 8638628.782, 61
Trd, 8638628.882, 61
Trd, 8638629.482, 64
Trd, 8638630.482, 60
Trd, 8638631.182, 61
Trd, 8638631.532, 69
Trd, 8638631.732, 60
Trd, 8638633.282, 62
Trd, 8638633.582, 60
Trd, 8638634.082, 138
Trd, 8638635.382, 62
Trd, 8638636.082, 62
Trd, 8638636.732, 63
Trd, 8638636.982, 61
Trd, 8638637.682, 64
Trd, 8638637.882, 65
Trd, 8638639.232, 66
Trd, 8638639.782, 124
Trd, 8638640.382, 95
Trd, 8638640.982, 64
Trd, 8638641.732, 138
Trd, 8638642.432, 137
Trd, 8638642.632, 139
Trd, 8638643.532, 66
Trd, 8638644.332, 66
Trd, 8638644.682, 60
Trd, 8638646.132, 60
Trd, 8638646.782, 60
Trd, 8638646.932, 61
Trd, 8638647.832, 60
Trd, 8638648.732, 60
Trd, 8638649.232, 62
Trd, 8638649.432, 62
Trd, 8638649.932, 62
Trd, 8638651.232, 69
Trd, 8638651.532, 103
Trd, 8638651.582, 68
Trd, 8638652.182, 62
Trd, 8638652.632, 61
Trd, 8638654.982, 60
Trd, 8638655.032, 62
Trd, 8638655.482, 66
Trd, 8638655.682, 68
Trd, 8638656.232, 60
Trd, 8638657.882, 60
Trd, 8638658.632, 64
Trd, 8638659.432, 60
Trd, 8638659.932, 60
Trd, 8638659.982, 61
Trd, 8638660.382, 61
Trd, 8638661.182, 61
Trd, 8638661.432, 61
Trd, 8638661.732, 62
Trd, 8638663.232, 61
Trd, 8638663.832, 67
Trd, 8638663.882, 68
Trd, 8638665.782, 60
Trd, 8638665.932, 61
Trd, 8638666.232, 62
Trd, 8638666.332, 64
Trd, 8638667.132, 60
Trd, 8638667.782, 60
Trd, 8638667.882, 74
Trd, 8638668.582, 60
Trd, 8638669.732, 61
Trd, 8638672.332, 60
Trd, 8638672.432, 62
Trd, 8638673.182, 62
Trd, 8638673.432, 63
Trd, 8638673.832, 60
Trd, 8638673.982, 63
Trd, 8638674.532, 66
Trd, 8638674.932, 72
Trd, 8638676.032, 60
Trd, 8638677.082, 63
Trd, 8638677.432, 60
Trd, 8638678.582, 62
Trd, 8638678.832, 62
Trd, 8638679.932, 66
Trd, 8638680.982, 62
Trd, 8638682.132, 60
Trd, 8638682.532, 64
Trd, 8638682.982, 61
Trd, 8638683.282, 60
Trd, 8638683.782, 63
Trd, 8638684.232, 60
Trd, 8638684.382, 65
Trd, 8638685.282, 78
Trd, 8638686.232, 70
Trd, 8638686.832, 131
Trd, 8638687.632, 62
Trd, 8638687.882, 64
Trd, 8638689.032, 61
Trd, 8638690.082, 60
Trd, 8638690.132, 61
Trd, 8638692.882, 60
Trd, 8638693.082, 61
Trd, 8638693.132, 62
Trd, 8638693.282, 64
Trd, 8638693.382, 66
Trd, 8638693.632, 67
Trd, 8638694.382, 63
Trd, 8638695.182, 120
Trd, 8638695.732, 70
Trd, 8638696.182, 122
Trd, 8638696.832, 70
Trd, 8638697.532, 65
Trd, 8638699.082, 140
Trd, 8638699.782, 140
Trd, 8638699.932, 138
Trd, 8638702.032, 140
Trd, 8638702.232, 140
Trd, 8638702.882, 140
Trd, 8638703.282, 139
Trd, 8638703.482, 84
Trd, 8638704.332, 65
Trd, 8638705.232, 60
Trd, 8638705.782, 65
Trd, 8638706.532, 60
Trd, 8638706.932, 61
Trd, 8638707.482, 92
Trd, 8638708.282, 136
Trd, 8638708.532, 102
Trd, 8638710.232, 140
Trd, 8638710.482, 140
Trd, 8638710.532, 140
Trd, 8638710.882, 127
Trd, 8638713.182, 140
Trd, 8638713.482, 140
Trd, 8638713.932, 140
Trd, 8638714.682, 139
Trd, 8638715.132, 140
Trd, 8638715.532, 132
Trd, 8638715.682, 99
Trd, 8638717.682, 139
Trd, 8638717.732, 138
Trd, 8638718.382, 140
Trd, 8638718.582, 138
Trd, 8638719.432, 139
Trd, 8638720.232, 137
Trd, 8638720.532, 139
Trd, 8638720.682, 113
Trd, 8638720.982, 139
Trd, 8638722.332, 139
Trd, 8638722.782, 122
Trd, 8638723.082, 102
Trd, 8638724.232, 139
Trd, 8638726.382, 140
Trd, 8638726.732, 140
Trd, 8638726.782, 140
Trd, 8638727.332, 139
Trd, 8638728.532, 140
Trd, 8638728.882, 140
Trd, 8638729.282, 138
Trd, 8638729.832, 140
Trd, 8638730.382, 107
Trd, 8638730.782, 140
Trd, 8638731.932, 60
Trd, 8638731.982, 61
Trd, 8638732.482, 64
Trd, 8638733.732, 137
Trd, 8638734.482, 140
Trd, 8638734.882, 140
Trd, 8638735.282, 140
Trd, 8638735.582, 139
Trd, 8638735.732, 106
Trd, 8638736.282, 73
Trd, 8638738.032, 118
Trd, 8638739.782, 140
Trd, 8638739.832, 134
Trd, 8638740.282, 139
Trd, 8638740.982, 139
Trd, 8638741.682, 140
Trd, 8638742.082, 140
Trd, 8638742.282, 136
Trd, 8638742.382, 119
Trd, 8638743.232, 80
Trd, 8638743.782, 139
Trd, 8638744.182, 138
Trd, 8638745.282, 73
Trd, 8638747.182, 140
Trd, 8638747.882, 140
Trd, 8638748.332, 140
Trd, 8638748.732, 140
Trd, 8638748.782, 140
Trd, 8638749.082, 140
Trd, 8638750.282, 140
Trd, 8638750.982, 140
Trd, 8638751.082, 139
Trd, 8638751.132, 133
Trd, 8638752.632, 140
Trd, 8638752.682, 140
Trd, 8638753.382, 139
Trd, 8638754.882, 139
Trd, 8638755.032, 137
Trd, 8638756.982, 137
Trd, 8638757.282, 132
Trd, 8638757.882, 131
Trd, 8638758.132, 139
Trd, 8638759.682, 140
Trd, 8638760.032, 139
Trd, 8638760.282, 114
Trd, 8638760.582, 60
Trd, 8638760.982, 63
Trd, 8638761.932, 64
Trd, 8638763.582, 60
Trd, 8638763.682, 60
Trd, 8638763.832, 65
Trd, 8638764.382, 60
Trd, 8638764.482, 60
Trd, 8638765.282, 88
Trd, 8638765.632, 65
Trd, 8638767.882, 61
Trd, 8638768.182, 61
Trd, 8638768.282, 60
Trd, 8638768.782, 64
Trd, 8638769.232, 62
Trd, 8638770.432, 62
Trd, 8638771.982, 64
Trd, 8638772.382, 60
Trd, 8638772.532, 67
Trd, 8638773.782, 138
Trd, 8638774.532, 140
Trd, 8638774.632, 138
Trd, 8638775.332, 109
Trd, 8638775.482, 109
Trd, 8638775.682, 108
Trd, 8638777.532, 93
Trd, 8638777.732, 86
Trd, 8638778.032, 131
Trd, 8638778.732, 82
Trd, 8638779.332, 139
Trd, 8638779.782, 140
Trd, 8638780.332, 129
Trd, 8638780.682, 61
Trd, 8638781.082, 62
Trd, 8638782.482, 60
Trd, 8638782.732, 62
Trd, 8638783.432, 66
Trd, 8638784.782, 61
Trd, 8638784.882, 66
Trd, 8638785.332, 60
Trd, 8638786.982, 140
Trd, 8638787.032, 140
Trd, 8638788.432, 140
Trd, 8638788.582, 139
Trd, 8638789.282, 137
Trd, 8638790.182, 64
Trd, 8638790.732, 140
Trd, 8638791.032, 139
Trd, 8638792.432, 139
Trd, 8638793.132, 140
Trd, 8638793.182, 140
Trd, 8638793.832, 140
Trd, 8638794.282, 139
Trd, 8638795.032, 140
Trd, 8638795.232, 140
Trd, 8638795.882, 139
Trd, 8638797.132, 134
Trd, 8638797.182, 116
Trd, 8638798.482, 140
Trd, 8638799.232, 140
Trd, 8638799.782, 140
Trd, 8638799.832, 111
Trd, 8638800.782, 139
Trd, 8638801.832, 126
Trd, 8638802.532, 127
Trd, 8638803.282, 140
Trd, 8638804.182, 140
Trd, 8638804.432, 140
Trd, 8638804.932, 140
Trd, 8638805.082, 139
Trd, 8638805.482, 139
Trd, 8638805.782, 64
Trd, 8638806.932, 139
Trd, 8638807.482, 140
Trd, 8638807.832, 140
Trd, 8638808.632, 140
Trd, 8638808.932, 140
Trd, 8638809.332, 140
Trd, 8638809.732, 140
Trd, 8638811.882, 140
Trd, 8638811.982, 138
Trd, 8638813.182, 127
Trd, 8638813.382, 123
Trd, 8638813.882, 97
Trd, 8638814.582, 67
Trd, 8638814.932, 60
Trd, 8638817.532, 140
Trd, 8638817.982, 140
Trd, 8638818.032, 140
Trd, 8638818.132, 140
Trd, 8638818.232, 139
Trd, 8638818.532, 138
Trd, 8638818.782, 137
Trd, 8638819.582, 110
Trd, 8638820.182, 140
Trd, 8638820.332, 119
Trd, 8638821.432, 140
Trd, 8638821.632, 140
Trd, 8638821.782, 139
Trd, 8638822.932, 79
Trd, 8638824.232, 114
Trd, 8638824.632, 81
Trd, 8638825.932, 140
Trd, 8638826.382, 138
Trd, 8638826.832, 138
Trd, 8638827.632, 139
Trd, 8638828.282, 140
Trd, 8638829.582, 140
Trd, 8638829.732, 140
Trd, 8638830.032, 140
Trd, 8638831.132, 140
Trd, 8638831.732, 102
Trd, 8638832.232, 139
Trd, 8638833.082, 140
Trd, 8638834.382, 140
Trd, 8638834.632, 140
Trd, 8638834.732, 140
Trd, 8638835.782, 140
Trd, 8638837.232, 140
Trd, 8638837.382, 140
Trd, 8638837.582, 140
Trd, 8638838.382, 140
Trd, 8638839.082, 139
Trd, 8638839.432, 69
Trd, 8638840.032, 78
Trd, 8638840.632, 73
Trd, 8638841.732, 140
Trd, 8638841.832, 110
Trd, 8638842.282, 140
Trd, 8638842.582, 140
Trd, 8638843.832, 140
Trd, 8638844.032, 140
Trd, 8638844.932, 138
Trd, 8638847.232, 140
Trd, 8638847.682, 140
Trd, 8638847.832, 139
Trd, 8638847.882, 95
Trd, 8638849.232, 60
Trd, 8638849.432, 140
Trd, 8638849.582, 61
Trd, 8638850.082, 71
Trd, 8638850.882, 62
Trd, 8638851.032, 64
Trd, 8638851.182, 140
Trd, 8638851.682, 65
Trd, 8638853.332, 60
Trd, 8638853.932, 61
Trd, 8638854.732, 61
Trd, 8638855.132, 62
Trd, 8638855.632, 92
Trd, 8638855.882, 131
Trd, 8638857.032, 61
Trd, 8638857.332, 60
Trd, 8638859.232, 60
Trd, 8638860.332, 60
Trd, 8638861.032, 60
Trd, 8638862.282, 60
Trd, 8638862.632, 62
Trd, 8638863.082, 66
Trd, 8638863.632, 70
Trd, 8638864.232, 60
Trd, 8638865.032, 61
Trd, 8638865.332, 61
Trd, 8638866.332, 63
Trd, 8638867.382, 140
Trd, 8638867.582, 140
Trd, 8638867.632, 111
Trd, 8638869.032, 140
Trd, 8638870.282, 140
Trd, 8638871.332, 140
Trd, 8638871.432, 140
Trd, 8638872.182, 140
Trd, 8638873.382, 140
Trd, 8638874.032, 139
Trd, 8638874.482, 137
Trd, 8638874.732, 138
Trd, 8638875.182, 139
Trd, 8638875.432, 137
Trd, 8638875.882, 140
Trd, 8638876.632, 111
Trd, 8638876.882, 122
Trd, 8638878.682, 139
Trd, 8638878.732, 138
Trd, 8638880.182, 140
Trd, 8638880.332, 140
Trd, 8638880.932, 140
Trd, 8638881.032, 86
Trd, 8638881.132, 68
Trd, 8638882.082, 90
Trd, 8638882.332, 65
Trd, 8638882.882, 130
Trd, 8638883.382, 63
Trd, 8638884.932, 140
Trd, 8638885.782, 140
Trd, 8638886.632, 140
Trd, 8638887.032, 140
Trd, 8638888.732, 140
Trd, 8638888.982, 140
Trd, 8638889.432, 140
Trd, 8638889.932, 135
Trd, 8638890.282, 120
Trd, 8638890.782, 140
Trd, 8638892.182, 136
Trd, 8638892.682, 95
Trd, 8638893.582, 61
Trd, 8638893.782, 63
Trd, 8638894.782, 67
Trd, 8638895.032, 140
Trd, 8638895.432, 140
Trd, 8638895.882, 140
Trd, 8638897.082, 140
Trd, 8638897.432, 140
Trd, 8638897.532, 138
Trd, 8638898.132, 139
Trd, 8638898.632, 140
Trd, 8638899.032, 103
Trd, 8638899.482, 140
Trd, 8638899.532, 101
Trd, 8638899.882, 127
Trd, 8638902.632, 140
Trd, 8638902.832, 140
Trd, 8638903.032, 140
Trd, 8638904.132, 139
Trd, 8638904.632, 114
Trd, 8638905.482, 132
Trd, 8638906.282, 140
Trd, 8638906.682, 121
Trd, 8638906.882, 115
Trd, 8638907.932, 139
Trd, 8638908.082, 140
Trd, 8638910.182, 127
Trd, 8638910.482, 127
Trd, 8638911.282, 136
Trd, 8638912.582, 139
Trd, 8638913.232, 136
Trd, 8638913.382, 138
Trd, 8638913.482, 69
Trd, 8638913.682, 68
Trd, 8638914.482, 90
Trd, 8638915.032, 140
Trd, 8638915.432, 140
Trd, 8638915.882, 64
Trd, 8638917.082, 60
Trd, 8638917.832, 61
Trd, 8638917.982, 64
Trd, 8638918.432, 92
Trd, 8638918.532, 94
Trd, 8638918.982, 92
Trd, 8638919.232, 91
Trd, 8638919.782, 140
Trd, 8638920.932, 138
Trd, 8638921.632, 138
Trd, 8638922.382, 77
Trd, 8638923.632, 140
Trd, 8638923.782, 140
Trd, 8638924.582, 135
Trd, 8638925.982, 61
Trd, 8638926.232, 64
Trd, 8638926.482, 71
Trd, 8638928.132, 60
Trd, 8638928.282, 64
Trd, 8638928.532, 90
Trd, 8638928.882, 120
Trd, 8638930.082, 137
Trd, 8638930.132, 114
Trd, 8638931.732, 60
Trd, 8638931.982, 60
Trd, 8638932.582, 138
Trd, 8638934.182, 61
Trd, 8638934.232, 62
Trd, 8638935.332, 140
Trd, 8638935.882, 140
Trd, 8638936.732, 120
Trd, 8638936.932, 116
Trd, 8638937.382, 102
Trd, 8638938.182, 74
Trd, 8638938.732, 140
Trd, 8638939.282, 139
Trd, 8638940.232, 139
Trd, 8638940.682, 139
Trd, 8638941.682, 139
Trd, 8638942.182, 140
Trd, 8638943.132, 140
Trd, 8638943.482, 62
Trd, 8638943.732, 140
Trd, 8638945.182, 140
Trd, 8638945.932, 139
Trd, 8638946.482, 119
Trd, 8638946.882, 99
Trd, 8638948.582, 140
Trd, 8638948.782, 140
Trd, 8638949.632, 139
Trd, 8638950.432, 139
Trd, 8638951.332, 140
Trd, 8638951.832, 140
Trd, 8638952.332, 140
Trd, 8638953.132, 137
Trd, 8638953.832, 136
Trd, 8638953.882, 135
Trd, 8638954.782, 108
Trd, 8638956.682, 140
Trd, 8638957.832, 140
Trd, 8638958.032, 140
Trd, 8638958.132, 140
Trd, 8638959.082, 140
Trd, 8638959.232, 140
Trd, 8638960.032, 140
Trd, 8638960.332, 140
Trd, 8638960.682, 138
Trd, 8638961.482, 121
Trd, 8638963.032, 139
Trd, 8638963.382, 134
Trd, 8638963.582, 126
Trd, 8638963.882, 126
Trd, 8638966.032, 140
Trd, 8638966.232, 140
Trd, 8638966.532, 140
Trd, 8638966.682, 139
Trd, 8638967.182, 137
Trd, 8638967.332, 128
Trd, 8638967.532, 122
Trd, 8638968.432, 139
Trd, 8638968.732, 102
Trd, 8638969.732, 140
Trd, 8638969.832, 80
Trd, 8638970.932, 140
Trd, 8638971.882, 140
Trd, 8638972.282, 140
Trd, 8638972.932, 140
Trd, 8638973.232, 140
Trd, 8638973.782, 140
Trd, 8638974.482, 140
Trd, 8638974.532, 139
Trd, 8638975.082, 136
Trd, 8638976.332, 66
Trd, 8638976.532, 139
Trd, 8638978.282, 140
Trd, 8638978.382, 140
Trd, 8638978.882, 140
Trd, 8638979.332, 81
Trd, 8638979.682, 129
Trd, 8638981.932, 140
Trd, 8638982.082, 140
Trd, 8638982.232, 140
Trd, 8638983.032, 140
Trd, 8638983.282, 137
Trd, 8638983.332, 132
Trd, 8638984.332, 140
Trd, 8638985.832, 137
Trd, 8638985.932, 125
Trd, 8638986.082, 120
Trd, 8638986.332, 133
Trd, 8638987.132, 140
Trd, 8638987.182, 129
Trd, 8638987.382, 113
Trd, 8638987.482, 139
Trd, 8638989.632, 140
Trd, 8638989.832, 140
Trd, 8638990.632, 140
Trd, 8638991.632, 140
Trd, 8638992.082, 140
Trd, 8638992.832, 140
Trd, 8638992.932, 140
Trd, 8638993.032, 98
Trd, 8638995.232, 67
Trd, 8638995.732, 68
Trd, 8638995.782, 67
Trd, 8638996.182, 76
Trd, 8638996.432, 111
Trd, 8638998.282, 140
Trd, 8638998.432, 140
Trd, 8638998.532, 140
Trd, 8638998.832, 140
Trd, 8638999.482, 140
Trd, 8638999.532, 127
Trd, 8639001.432, 70
Trd, 8639002.532, 62
Trd, 8639003.782, 65
Trd, 8639004.782, 66
Trd, 8639006.332, 60
Trd, 8639006.482, 73
Trd, 8639006.732, 70
Trd, 8639007.232, 68
Trd, 8639008.182, 61
Trd, 8639008.682, 63
Trd, 8639009.082, 65
Trd, 8639010.382, 138
Trd, 8639010.482, 114
Trd, 8639010.832, 123
Trd, 8639011.332, 111
Trd, 8639013.982, 60
Trd, 8639014.632, 60
Trd, 8639014.732, 61
Trd, 8639015.032, 60
Trd, 8639015.282, 67
Trd, 8639016.182, 60
Trd, 8639016.382, 61
Trd, 8639017.332, 131
Trd, 8639017.382, 108
Trd, 8639018.882, 124
Trd, 8639019.332, 140
Trd, 8639019.832, 138
Trd, 8639020.182, 127
Trd, 8639021.082, 105
Trd, 8639021.532, 70
Trd, 8639022.482, 140
Trd, 8639022.682, 140
Trd, 8639023.332, 140
Trd, 8639024.232, 140
Trd, 8639024.582, 140
Trd, 8639025.032, 119
Trd, 8639025.882, 139
Trd, 8639026.232, 139
Trd, 8639028.132, 140
Trd, 8639028.332, 137
Trd, 8639028.832, 140
Trd, 8639030.182, 140
Trd, 8639030.282, 139
Trd, 8639030.632, 136
Trd, 8639031.932, 140
Trd, 8639033.282, 139
Trd, 8639034.132, 139
Trd, 8639034.482, 136
Trd, 8639034.582, 131
Trd, 8639035.632, 140
Trd, 8639036.282, 140
Trd, 8639036.632, 140
Trd, 8639037.382, 140
Trd, 8639037.732, 140
Trd, 8639037.832, 140
Trd, 8639039.232, 140
Trd, 8639040.132, 140
Trd, 8639041.682, 140
Trd, 8639042.032, 140
Trd, 8639043.982, 140
Trd, 8639044.282, 140
Trd, 8639045.032, 140
Trd, 8639045.632, 140
Trd, 8639047.632, 140
Trd, 8639047.882, 140
Trd, 8639048.032, 136
Trd, 8639048.382, 138
Trd, 8639048.882, 140
Trd, 8639049.282, 93
Trd, 8639049.382, 95
Trd, 8639050.232, 139
Trd, 8639050.932, 111
Trd, 8639051.732, 139
Trd, 8639051.982, 110
Trd, 8639053.732, 63
Trd, 8639053.782, 64
Trd, 8639053.832, 70
Trd, 8639055.082, 69
Trd, 8639055.632, 106
Trd, 8639056.782, 64
Trd, 8639057.182, 75
Trd, 8639059.282, 135
Trd, 8639059.432, 132
Trd, 8639059.782, 135
Trd, 8639060.782, 139
Trd, 8639061.832, 60
Trd, 8639062.032, 63
Trd, 8639063.082, 70
Trd, 8639063.682, 62
Trd, 8639065.432, 60
Trd, 8639065.982, 60
Trd, 8639066.882, 60
Trd, 8639067.382, 60
Trd, 8639067.832, 62
Trd, 8639068.832, 60
Trd, 8639068.882, 67
Trd, 8639069.732, 60
Trd, 8639070.232, 62
Trd, 8639071.082, 71
Trd, 8639072.032, 63
Trd, 8639072.482, 61
Trd, 8639074.082, 60
Trd, 8639075.732, 60
Trd, 8639075.832, 86
Trd, 8639076.482, 64
Trd, 8639077.582, 62
Trd, 8639077.982, 65
Trd, 8639079.682, 60
Trd, 8639079.782, 60
Trd, 8639080.182, 60
Trd, 8639080.882, 60
Trd, 8639081.432, 60
Trd, 8639082.282, 61
Trd, 8639082.732, 60
Trd, 8639083.432, 61
Trd, 8639083.582, 66
Trd, 8639084.832, 60
Trd, 8639085.932, 60
Trd, 8639086.382, 60
Trd, 8639088.132, 60
Trd, 8639088.232, 60
Trd, 8639089.032, 60
Trd, 8639089.282, 60
Trd, 8639089.782, 60
Trd, 8639091.032, 61
Trd, 8639091.582, 63
Trd, 8639091.832, 64
Trd, 8639092.532, 62
Trd, 8639093.332, 62
Trd, 8639093.432, 72
Trd, 8639093.932, 60
Trd, 8639094.232, 64
Trd, 8639094.482, 101
Trd, 8639096.382, 62
Trd, 8639096.632, 60
Trd, 8639098.882, 140
Trd, 8639099.032, 140
Trd, 8639099.132, 140
Trd, 8639100.332, 140
Trd, 8639100.582, 140
Trd, 8639100.732, 140
Trd, 8639101.082, 139
Trd, 8639101.482, 140
Trd, 8639101.732, 138
Trd, 8639102.282, 104
Trd, 8639103.232, 125
Trd, 8639103.282, 124
Trd, 8639104.282, 130
Trd, 8639105.082, 108
Trd, 8639105.282, 62
Trd, 8639105.832, 76
Trd, 8639106.132, 139
Trd, 8639108.332, 61
Trd, 8639108.482, 61
Trd, 8639108.532, 62
Trd, 8639108.732, 60
Trd, 8639108.832, 70
Trd, 8639110.582, 61
Trd, 8639111.482, 140
Trd, 8639112.182, 140
Trd, 8639112.232, 140
Trd, 8639112.282, 139
Trd, 8639113.082, 62
Trd, 8639114.182, 139
Trd, 8639115.782, 60
Trd, 8639115.832, 62
Trd, 8639116.282, 62
Trd, 8639116.982, 70
Trd, 8639117.682, 71
Trd, 8639117.882, 60
Trd, 8639117.982, 62
Trd, 8639118.182, 72
Trd, 8639119.282, 60
Trd, 8639119.332, 95
Trd, 8639119.432, 70
Trd, 8639120.782, 61
Trd, 8639121.132, 65
Trd, 8639121.932, 68
Trd, 8639123.982, 61
Trd, 8639124.232, 61
Trd, 8639125.982, 61
Trd, 8639126.082, 61
Trd, 8639127.232, 61
Trd, 8639127.732, 60
Trd, 8639127.882, 61
Trd, 8639127.982, 63
Trd, 8639128.132, 73
Trd, 8639129.032, 118
Trd, 8639129.932, 65
Trd, 8639130.032, 66
Trd, 8639130.432, 71
Trd, 8639131.182, 60
Trd, 8639133.632, 60
Trd, 8639133.682, 61
Trd, 8639134.982, 66
Trd, 8639135.232, 62
Trd, 8639135.282, 67
Trd, 8639135.632, 62
Trd, 8639137.332, 60
Trd, 8639139.232, 72
Trd, 8639139.732, 68
Trd, 8639140.582, 63
Trd, 8639140.782, 107
Trd, 8639141.832, 133
Trd, 8639142.232, 108
Trd, 8639142.732, 63
Trd, 8639142.932, 64
Trd, 8639143.632, 139
Trd, 8639143.732, 70
Trd, 8639145.232, 61
Trd, 8639145.532, 74
Trd, 8639145.832, 73
Trd, 8639147.132, 140
Trd, 8639148.382, 140
Trd, 8639148.832, 140
Trd, 8639149.182, 140
Trd, 8639150.332, 140
Trd, 8639151.082, 140
Trd, 8639151.232, 140
Trd, 8639151.732, 139
Trd, 8639152.632, 137
Trd, 8639153.082, 136
Trd, 8639153.782, 114
Trd, 8639153.882, 139
Trd, 8639155.082, 140
Trd, 8639155.482, 138
Trd, 8639155.782, 138
Trd, 8639156.182, 91
Trd, 8639158.082, 109
Trd, 8639158.532, 139
Trd, 8639160.132, 140
Trd, 8639160.632, 140
Trd, 8639161.032, 140
Trd, 8639161.232, 138
Trd, 8639162.932, 140
Trd, 8639163.082, 140
Trd, 8639163.432, 140
Trd, 8639165.132, 140
Trd, 8639165.432, 140
Trd, 8639165.582, 140
Trd, 8639166.232, 140
Trd, 8639166.682, 138
Trd, 8639167.532, 137
Trd, 8639167.732, 137
Trd, 8639168.232, 131
Trd, 8639168.432, 104
Trd, 8639169.482, 140
Trd, 8639170.282, 69
Trd, 8639170.482, 68
Trd, 8639171.782, 132
Trd, 8639172.282, 71
Trd, 8639172.332, 70
Trd, 8639172.532, 140
Trd, 8639174.282, 140
Trd, 8639175.182, 139
Trd, 8639175.632, 110
Trd, 8639176.432, 140
Trd, 8639176.482, 72
Trd, 8639176.782, 140
Trd, 8639178.282, 109
Trd, 8639178.732, 139
Trd, 8639179.382, 71
Trd, 8639180.432, 61
Trd, 8639180.632, 60
Trd, 8639182.182, 60
Trd, 8639182.832, 62
Trd, 8639183.482, 61
Trd, 8639183.682, 60
Trd, 8639184.282, 60
Trd, 8639186.332, 79
Trd, 8639186.582, 78
Trd, 8639187.482, 140
Trd, 8639187.632, 140
Trd, 8639188.032, 133
Trd, 8639189.132, 63
Trd, 8639189.482, 65
Trd, 8639189.582, 64
Trd, 8639190.532, 89
Trd, 8639191.032, 138
Trd, 8639191.782, 65
Trd, 8639193.232, 60
Trd, 8639194.282, 60
Trd, 8639194.982, 60
Trd, 8639195.132, 61
Trd, 8639195.982, 61
Trd, 8639196.132, 64
Trd, 8639198.082, 60
Trd, 8639198.332, 61
Trd, 8639198.582, 60
Trd, 8639198.932, 60
Trd, 8639199.332, 61
Trd, 8639201.282, 60
Trd, 8639202.032, 60
Trd, 8639202.882, 61
Trd, 8639203.332, 61
Trd, 8639203.682, 62
Trd, 8639204.582, 60
Trd, 8639205.082, 61
Trd, 8639205.732, 64
Trd, 8639206.582, 60
Trd, 8639206.882, 61
Trd, 8639208.732, 62
Trd, 8639208.832, 64
Trd, 8639209.232, 60
Trd, 8639210.382, 65
Trd, 8639211.232, 62
Trd, 8639212.082, 63
Trd, 8639212.332, 61
Trd, 8639213.932, 60
Trd, 8639214.032, 60
Trd, 8639214.432, 60
Trd, 8639215.232, 60
Trd, 8639215.782, 60
Trd, 8639217.782, 60
Trd, 8639218.132, 61
Trd, 8639218.332, 63
Trd, 8639218.982, 63
Trd, 8639219.082, 66
Trd, 8639219.282, 72
Trd, 8639221.482, 60
Trd, 8639221.582, 62
Trd, 8639221.882, 62
Trd, 8639222.082, 140
Trd, 8639222.882, 140
Trd, 8639223.832, 140
Trd, 8639224.832, 140
Trd, 8639225.082, 112
Trd, 8639226.082, 75
Trd, 8639226.782, 63
Trd, 8639227.032, 66
Trd, 8639227.632, 89
Trd, 8639228.532, 140
Trd, 8639228.982, 140
Trd, 8639229.382, 138
Trd, 8639230.332, 66
Trd, 8639230.582, 139
Trd, 8639230.832, 138
Trd, 8639232.632, 63
Trd, 8639232.782, 67
Trd, 8639233.432, 102
Trd, 8639234.782, 61
Trd, 8639234.832, 63
Trd, 8639237.682, 60
Trd, 8639238.032, 60
Trd, 8639238.082, 61
Trd, 8639238.182, 65
Trd, 8639238.882, 60
Trd, 8639240.332, 61
Trd, 8639241.032, 60
Trd, 8639242.182, 60
Trd, 8639242.982, 65
Trd, 8639243.032, 137
Trd, 8639244.232, 61
Trd, 8639244.432, 140
Trd, 8639244.482, 139
Trd, 8639246.082, 60
Trd, 8639246.482, 60
Trd, 8639246.632, 68
Trd, 8639247.482, 64
Trd, 8639247.882, 127
Trd, 8639248.482, 64
Trd, 8639248.832, 63
Trd, 8639249.432, 65
Trd, 8639249.732, 137
Trd, 8639251.532, 140
Trd, 8639251.632, 139
Trd, 8639251.782, 127
Trd, 8639252.632, 61
Trd, 8639253.082, 63
Trd, 8639253.982, 63
Trd, 8639256.132, 60
Trd, 8639256.982, 61
Trd, 8639258.082, 61
Trd, 8639258.732, 62
Trd, 8639259.582, 60
Trd, 8639260.682, 62
Trd, 8639261.832, 60
Trd, 8639261.882, 60
Trd, 8639262.082, 60
Trd, 8639262.932, 61
Trd, 8639264.282, 60
Trd, 8639265.132, 60
Trd, 8639265.282, 60
Trd, 8639265.382, 61
Trd, 8639265.532, 63
Trd, 8639267.032, 60
Trd, 8639267.082, 61
Trd, 8639267.232, 67
Trd, 8639267.482, 102
Trd, 8639268.032, 134
Trd, 8639271.432, 63
Trd, 8639272.432, 64
Trd, 8639273.432, 60
Trd, 8639273.482, 64
Trd, 8639273.582, 65
Trd, 8639274.232, 60
Trd, 8639274.982, 60
Trd, 8639275.682, 64
Trd, 8639276.232, 97
Trd, 8639276.982, 61
Trd, 8639277.682, 107
Trd, 8639278.232, 136
Trd, 8639278.282, 106
Trd, 8639279.232, 107
Trd, 8639279.682, 136
Trd, 8639281.182, 140
Trd, 8639282.582, 140
Trd, 8639282.682, 108
Trd, 8639283.032, 140
Trd, 8639283.282, 140
Trd, 8639283.982, 140
Trd, 8639284.282, 98
Trd, 8639284.932, 90
Trd, 8639285.132, 89
Trd, 8639285.632, 67
Trd, 8639286.232, 68
Trd, 8639287.282, 64
Trd, 8639288.182, 139
Trd, 8639288.832, 139
Trd, 8639289.682, 60
Trd, 8639290.682, 73
Trd, 8639290.982, 138
Trd, 8639291.182, 138
Trd, 8639292.482, 107
Trd, 8639293.732, 140
Trd, 8639293.882, 140
Trd, 8639294.532, 139
Trd, 8639295.182, 140
Trd, 8639296.232, 140
Trd, 8639297.832, 139
Trd, 8639298.132, 139
Trd, 8639298.932, 140
Trd, 8639299.882, 140
Trd, 8639300.132, 140
Trd, 8639300.332, 140
Trd, 8639300.532, 139
Trd, 8639301.882, 140
Trd, 8639303.232, 140
Trd, 8639303.832, 140
Trd, 8639303.932, 140
Trd, 8639304.032, 140
Trd, 8639304.832, 121
Trd, 8639304.982, 104
Trd, 8639305.282, 138
Trd, 8639306.232, 110
Trd, 8639307.232, 110
Trd, 8639308.382, 132
Trd, 8639308.882, 109
Trd, 8639309.482, 130
Trd, 8639309.782, 114
Trd, 8639310.082, 140
Trd, 8639310.632, 140
Trd, 8639312.732, 140
Trd, 8639312.782, 139
Trd, 8639313.482, 140
Trd, 8639313.732, 139
Trd, 8639314.582, 140
Trd, 8639314.782, 140
Trd, 8639315.132, 99
Trd, 8639315.582, 138
Trd, 8639316.182, 66
Trd, 8639317.032, 139
Trd, 8639317.432, 76
Trd, 8639318.832, 65
Trd, 8639319.282, 93
Trd, 8639319.932, 60
Trd, 8639320.132, 60
Trd, 8639321.232, 140
Trd, 8639321.682, 64
Trd, 8639322.032, 65
Trd, 8639322.482, 123
Trd, 8639323.782, 140
Trd, 8639324.432, 140
Trd, 8639324.582, 115
Trd, 8639324.732, 130
Trd, 8639325.732, 61
Trd, 8639326.332, 60
Trd, 8639327.032, 61
Trd, 8639328.082, 60
Trd, 8639328.582, 60
Trd, 8639329.582, 62
Trd, 8639330.432, 62
Trd, 8639332.032, 67
Trd, 8639332.832, 60
Trd, 8639333.882, 61
Trd, 8639334.082, 61
Trd, 8639334.132, 134
Trd, 8639334.482, 65
Trd, 8639334.982, 139
Trd, 8639335.182, 89
Trd, 8639335.682, 66
Trd, 8639336.032, 138
Trd, 8639337.332, 67
Trd, 8639337.382, 67
Trd, 8639339.282, 60
Trd, 8639339.632, 61
Trd, 8639339.982, 63
Trd, 8639340.532, 72
Trd, 8639341.132, 93
Trd, 8639341.532, 129
Trd, 8639341.732, 112
Trd, 8639342.432, 140
Trd, 8639344.582, 129
Trd, 8639344.682, 127
Trd, 8639344.932, 92
Trd, 8639345.282, 137
Trd, 8639345.532, 81
Trd, 8639346.382, 91
Trd, 8639346.482, 140
Trd, 8639347.232, 67
Trd, 8639347.332, 66
Trd, 8639348.132, 61
Trd, 8639349.232, 140
Trd, 8639350.932, 61
Trd, 8639351.632, 62
Trd, 8639351.682, 78
Trd, 8639352.632, 60
Trd, 8639352.982, 61
Trd, 8639353.482, 130
Trd, 8639353.932, 63
Trd, 8639354.632, 127
Trd, 8639355.082, 63
Trd, 8639355.632, 140
Trd, 8639355.982, 140
Trd, 8639356.132, 140
Trd, 8639356.732, 140
Trd, 8639357.082, 138
Trd, 8639358.432, 62
Trd, 8639360.182, 60
Trd, 8639360.282, 60
Trd, 8639360.482, 61
Trd, 8639360.832, 140
Trd, 8639361.432, 139
Trd, 8639362.482, 124
Trd, 8639362.582, 123
Trd, 8639363.182, 139
Trd, 8639363.832, 69
Trd, 8639365.132, 138
Trd, 8639365.582, 131
Trd, 8639365.932, 96
Trd, 8639366.282, 96
Trd, 8639368.382, 140
Trd, 8639369.182, 140
Trd, 8639370.182, 140
Trd, 8639370.932, 140
Trd, 8639370.982, 140
Trd, 8639371.282, 140
Trd, 8639371.832, 126
Trd, 8639372.632, 128
Trd, 8639372.932, 140
Trd, 8639373.132, 140
Trd, 8639374.182, 140
Trd, 8639374.332, 139
Trd, 8639375.032, 62
Trd, 8639375.582, 63
Trd, 8639375.732, 67
Trd, 8639377.182, 140
Trd, 8639377.482, 139
Trd, 8639379.232, 140
Trd, 8639379.632, 140
Trd, 8639379.782, 135
Trd, 8639379.932, 133
Trd, 8639381.082, 140
Trd, 8639382.082, 60
Trd, 8639383.082, 60
Trd, 8639384.132, 65
Trd, 8639384.632, 62
Trd, 8639385.332, 67
Trd, 8639385.532, 60
Trd, 8639386.532, 67
Trd, 8639386.682, 63
Trd, 8639387.582, 139
Trd, 8639387.832, 121
Trd, 8639388.132, 140
Trd, 8639388.332, 139
Trd, 8639389.382, 62
Trd, 8639390.282, 61
Trd, 8639390.932, 139
Trd, 8639391.582, 137
Trd, 8639392.832, 139
Trd, 8639393.082, 140
Trd, 8639394.582, 140
Trd, 8639394.732, 139
Trd, 8639395.332, 140
Trd, 8639395.382, 140
Trd, 8639396.332, 140
Trd, 8639397.032, 140
Trd, 8639397.682, 140
Trd, 8639398.782, 140
Trd, 8639399.032, 139
Trd, 8639399.532, 136
Trd, 8639400.132, 140
Trd, 8639401.582, 140
Trd, 8639402.582, 140
Trd, 8639403.382, 140
Trd, 8639403.532, 139
Trd, 8639404.982, 140
Trd, 8639405.232, 140
Trd, 8639405.832, 140
Trd, 8639406.182, 139
Trd, 8639406.232, 137
Trd, 8639407.232, 140
Trd, 8639407.532, 135
Trd, 8639408.932, 60
Trd, 8639409.082, 62
Trd, 8639410.682, 66
Trd, 8639410.732, 75
Trd, 8639411.182, 111
Trd, 8639411.732, 69
Trd, 8639412.632, 62
Trd, 8639413.582, 62
Trd, 8639415.282, 60
Trd, 8639415.732, 60
Trd, 8639416.732, 60
Trd, 8639417.582, 60
Trd, 8639417.982, 62
Trd, 8639419.332, 60
Trd, 8639419.382, 60
Trd, 8639420.882, 60
Trd, 8639421.532, 60
Trd, 8639421.932, 63
Trd, 8639422.782, 61
Trd, 8639422.932, 62
Trd, 8639423.182, 60
Trd, 8639423.932, 61
Trd, 8639425.832, 60
Trd, 8639426.882, 61
Trd, 8639427.632, 60
Trd, 8639428.782, 60
Trd, 8639429.482, 63
Trd, 8639430.282, 70
Trd, 8639431.682, 60
Trd, 8639431.782, 64
Trd, 8639431.882, 62
Trd, 8639432.482, 64
Trd, 8639432.532, 76
Trd, 8639433.732, 140
Trd, 8639434.482, 140
Trd, 8639435.332, 140
Trd, 8639435.632, 140
Trd, 8639437.032, 140
Trd, 8639437.132, 140
Trd, 8639437.932, 140
Trd, 8639438.382, 140
Trd, 8639438.782, 139
Trd, 8639439.732, 105
Trd, 8639440.682, 138
Trd, 8639441.732, 140
Trd, 8639442.432, 140
Trd, 8639442.582, 139
Trd, 8639444.132, 118
Trd, 8639444.832, 60
Trd, 8639444.982, 60
Trd, 8639445.982, 60
Trd, 8639446.032, 62
Trd, 8639446.382, 79
Trd, 8639448.582, 60
Trd, 8639448.832, 60
Trd, 8639449.632, 62
Trd, 8639450.032, 64
Trd, 8639450.782, 69
Trd, 8639451.082, 140
Trd, 8639451.282, 130
Trd, 8639451.332, 102
Trd, 8639451.632, 63
Trd, 8639452.682, 60
Trd, 8639453.032, 62
Trd, 8639455.332, 61
Trd, 8639455.832, 61
Trd, 8639456.132, 136
Trd, 8639458.782, 60
Trd, 8639458.982, 60
Trd, 8639460.082, 60
Trd, 8639460.232, 60
Trd, 8639460.532, 60
Trd, 8639460.582, 61
Trd, 8639462.032, 60
Trd, 8639462.582, 60
Trd, 8639462.682, 64
Trd, 8639463.382, 61
Trd, 8639463.432, 61
Trd, 8639464.432, 63
Trd, 8639465.232, 61
Trd, 8639465.332, 94
Trd, 8639466.232, 60
Trd, 8639468.132, 60
Trd, 8639469.082, 60
Trd, 8639469.332, 60
Trd, 8639470.982, 60
Trd, 8639471.582, 60
Trd, 8639471.682, 61
Trd, 8639472.882, 61
Trd, 8639472.982, 62
Trd, 8639473.632, 60
Trd, 8639473.982, 61
Trd, 8639474.732, 63
Trd, 8639475.582, 60
Trd, 8639476.282, 61
Trd, 8639476.532, 63
Trd, 8639477.132, 63
Trd, 8639477.232, 60
Trd, 8639478.282, 70
Trd, 8639479.132, 67
Trd, 8639479.182, 68
Trd, 8639480.082, 140
Trd, 8639480.382, 140
Trd, 8639481.432, 140
Trd, 8639481.632, 137
Trd, 8639482.232, 111
Trd, 8639482.482, 105
Trd, 8639482.982, 139
Trd, 8639484.532, 140
Trd, 8639484.632, 129
Trd, 8639485.432, 110
Trd, 8639485.682, 87
Trd, 8639486.182, 87
Trd, 8639486.832, 62
Trd, 8639487.232, 129
Trd, 8639488.182, 138
Trd, 8639488.232, 77
Trd, 8639489.032, 140
Trd, 8639489.482, 130
Trd, 8639491.182, 140
Trd, 8639491.382, 140
Trd, 8639492.032, 140
Trd, 8639493.082, 140
Trd, 8639494.832, 140
Trd, 8639494.982, 140
Trd, 8639495.232, 140
Trd, 8639495.282, 140
Trd, 8639495.332, 139
Trd, 8639496.132, 106
Trd, 8639496.432, 140
Trd, 8639496.932, 73
Trd, 8639498.232, 140
Trd, 8639498.832, 87
Trd, 8639499.132, 60
Trd, 8639499.632, 60
Trd, 8639500.282, 60
Trd, 8639501.532, 64
Trd, 8639501.632, 140
Trd, 8639502.382, 60
Trd, 8639502.932, 69
Trd, 8639503.532, 140
Trd, 8639505.182, 140
Trd, 8639505.632, 140
Trd, 8639505.782, 140
Trd, 8639506.082, 139
Trd, 8639507.982, 65
Trd, 8639508.282, 66
Trd, 8639508.482, 68
Trd, 8639509.182, 103
Trd, 8639509.582, 102
Trd, 8639510.682, 139
Trd, 8639511.632, 140
Trd, 8639512.332, 140
Trd, 8639512.532, 140
Trd, 8639512.682, 139
Trd, 8639514.232, 131
Trd, 8639514.282, 89
Trd, 8639515.782, 61
Trd, 8639516.982, 76
Trd, 8639517.282, 60
Trd, 8639517.782, 60
Trd, 8639517.932, 62
Trd, 8639518.182, 62
Trd, 8639518.532, 63
Trd, 8639519.032, 64
Trd, 8639519.582, 138
Trd, 8639519.732, 139
Trd, 8639520.732, 140
Trd, 8639521.282, 140
Trd, 8639522.182, 140
Trd, 8639522.232, 81
Trd, 8639523.832, 60
Trd, 8639523.982, 68
Trd, 8639525.382, 140
Trd, 8639525.832, 140
Trd, 8639525.982, 139
Trd, 8639526.682, 140
Trd, 8639527.182, 140
Trd, 8639527.832, 139
Trd, 8639528.282, 140
Trd, 8639528.582, 140
Trd, 8639528.732, 140
Trd, 8639529.532, 119
Trd, 8639530.332, 140
Trd, 8639532.482, 140
Trd, 8639532.732, 140
Trd, 8639532.982, 139
Trd, 8639533.082, 104
Trd, 8639534.232, 137
Trd, 8639534.332, 69
Trd, 8639534.832, 92
Trd, 8639535.082, 68
Trd, 8639535.382, 133
Trd, 8639536.932, 60
Trd, 8639536.982, 60
Trd, 8639537.232, 61
Trd, 8639537.582, 76
Trd, 8639540.282, 61
Trd, 8639541.082, 65
Trd, 8639541.682, 69
Trd, 8639541.982, 80
Trd, 8639542.132, 62
Trd, 8639542.432, 131
Trd, 8639543.382, 73
Trd, 8639543.582, 71
Trd, 8639544.282, 106
Trd, 8639545.882, 140
Trd, 8639546.182, 140
Trd, 8639546.532, 140
Trd, 8639546.632, 139
Trd, 8639547.132, 105
Trd, 8639548.332, 140
Trd, 8639548.532, 138
Trd, 8639550.982, 140
Trd, 8639551.482, 140
Trd, 8639552.032, 140
Trd, 8639552.332, 138
Trd, 8639552.632, 119
Trd, 8639553.432, 140
Trd, 8639555.282, 102
Trd, 8639555.532, 140
Trd, 8639555.982, 99
Trd, 8639556.282, 97
Trd, 8639556.432, 131
Trd, 8639556.932, 96
Trd, 8639557.582, 68
Trd, 8639559.282, 60
Trd, 8639559.332, 60
Trd, 8639559.582, 81
Trd, 8639560.832, 72
Trd, 8639561.482, 138
Trd, 8639562.482, 102
Trd, 8639562.982, 140
Trd, 8639563.032, 140
Trd, 8639564.282, 140
Trd, 8639564.882, 85
Trd, 8639565.082, 83
Trd, 8639565.482, 129
Trd, 8639566.782, 140
Trd, 8639567.082, 140
Trd, 8639567.632, 140
Trd, 8639569.382, 140
Trd, 8639569.782, 140
Trd, 8639570.182, 140
Trd, 8639571.082, 140
Trd, 8639571.232, 140
Trd, 8639573.182, 140
Trd, 8639573.832, 139
Trd, 8639574.282, 138
Trd, 8639574.382, 94
Trd, 8639574.532, 63
Trd, 8639575.132, 137
Trd, 8639575.532, 65
Trd, 8639576.982, 69
Trd, 8639577.282, 140
Trd, 8639577.532, 140
Trd, 8639578.632, 140
Trd, 8639578.732, 140
Trd, 8639579.732, 140
Trd, 8639580.982, 140
Trd, 8639581.682, 140
Trd, 8639582.882, 140
Trd, 8639583.132, 140
Trd, 8639583.182, 140
Trd, 8639584.032, 140
Trd, 8639584.632, 140
Trd, 8639585.282, 139
Trd, 8639585.582, 139
Trd, 8639586.132, 140
Trd, 8639586.232, 139
Trd, 8639587.582, 89
Trd, 8639587.832, 111
Trd, 8639588.632, 60
Trd, 8639588.982, 63
Trd, 8639590.132, 65
Trd, 8639591.532, 60
Trd, 8639591.682, 62
Trd, 8639593.732, 60
Trd, 8639594.032, 61
Trd, 8639594.632, 60
Trd, 8639594.682, 61
Trd, 8639594.932, 64
Trd, 8639596.032, 61
Trd, 8639597.382, 60
Trd, 8639598.182, 61
Trd, 8639599.532, 60
Trd, 8639600.082, 60
Trd, 8639600.332, 61
Trd, 8639600.682, 60
Trd, 8639600.782, 72
Trd, 8639601.882, 99
Trd, 8639602.132, 66
Trd, 8639602.282, 64
Trd, 8639602.582, 60
Trd, 8639603.382, 65
Trd, 8639603.532, 65
Trd, 8639604.882, 140
Trd, 8639605.182, 71
Trd, 8639606.182, 140
Trd, 8639607.032, 139
Trd, 8639607.582, 138
Trd, 8639607.982, 132
Trd, 8639608.582, 97
Trd, 8639608.782, 140
Trd, 8639610.132, 140
Trd, 8639611.232, 140
Trd, 8639612.132, 140
Trd, 8639612.482, 140
Trd, 8639613.432, 140
Trd, 8639613.632, 139
Trd, 8639614.282, 140
Trd, 8639614.532, 136
Trd, 8639614.832, 105
Trd, 8639615.482, 60
Trd, 8639616.132, 60
Trd, 8639616.182, 62
Trd, 8639617.732, 140
Trd, 8639618.132, 140
Trd, 8639618.432, 140
Trd, 8639618.932, 138
Trd, 8639619.182, 72
Trd, 8639621.332, 140
Trd, 8639621.732, 140
Trd, 8639622.732, 140
Trd, 8639623.432, 140
Trd, 8639623.982, 140
Trd, 8639624.082, 140
Trd, 8639625.732, 140
Trd, 8639626.482, 140
Trd, 8639626.532, 101
Trd, 8639627.682, 89
Trd, 8639628.182, 66
Trd, 8639628.532, 62
Trd, 8639628.682, 61
Trd, 8639629.282, 74
Trd, 8639629.782, 75
Trd, 8639630.682, 139
Trd, 8639631.482, 140
Trd, 8639633.082, 140
Trd, 8639633.132, 140
Trd, 8639633.682, 140
Trd, 8639633.982, 140
Trd, 8639634.882, 140
Trd, 8639636.282, 139
Trd, 8639636.632, 140
Trd, 8639636.932, 137
Trd, 8639637.732, 140
Trd, 8639639.082, 140
Trd, 8639639.482, 140
Trd, 8639640.582, 140
Trd, 8639640.982, 140
Trd, 8639641.982, 139
Trd, 8639642.382, 139
Trd, 8639642.732, 138
Trd, 8639643.132, 134
Trd, 8639643.282, 122
Trd, 8639643.532, 100
Trd, 8639645.532, 139
Trd, 8639645.732, 137
Trd, 8639646.032, 119
Trd, 8639646.132, 118
Trd, 8639647.782, 140
Trd, 8639648.582, 140
Trd, 8639648.732, 139
Trd, 8639649.682, 140
Trd, 8639650.032, 140
Trd, 8639650.732, 140
Trd, 8639651.832, 140
Trd, 8639652.732, 126
Trd, 8639652.982, 100
Trd, 8639654.232, 60
Trd, 8639654.432, 60
Trd, 8639655.582, 140
Trd, 8639656.032, 119
Trd, 8639656.532, 119
Trd, 8639657.182, 138
Trd, 8639657.482, 121
Trd, 8639657.532, 101
Trd, 8639658.232, 65
Trd, 8639658.632, 105
Trd, 8639658.832, 140
Trd, 8639658.932, 140
Trd, 8639660.982, 140
Trd, 8639661.082, 140
Trd, 8639662.382, 140
Trd, 8639662.682, 140
Trd, 8639663.132, 125
Trd, 8639664.232, 140
Trd, 8639664.682, 140
Trd, 8639665.682, 140
Trd, 8639665.882, 137
Trd, 8639667.082, 140
Trd, 8639667.682, 140
Trd, 8639669.032, 140
Trd, 8639669.932, 140
Trd, 8639669.982, 140
Trd, 8639670.382, 135
Trd, 8639671.182, 132
Trd, 8639672.082, 131
Trd, 8639672.432, 103
Trd, 8639672.882, 83
Trd, 8639673.282, 138
Trd, 8639674.332, 140
Trd, 8639674.482, 140
Trd, 8639674.882, 140
Trd, 8639675.332, 68
Trd, 8639676.082, 129
Trd, 8639676.282, 131
Trd, 8639677.382, 140
Trd, 8639677.882, 140
Trd, 8639678.732, 136
Trd, 8639679.632, 139
Trd, 8639680.132, 140
Trd, 8639680.482, 139
Trd, 8639680.882, 137
Trd, 8639681.482, 63
Trd, 8639681.782, 64
Trd, 8639682.782, 108
Trd, 8639682.982, 103
Trd, 8639683.782, 140
Trd, 8639684.182, 140
Trd, 8639685.282, 140
Trd, 8639686.782, 140
Trd, 8639687.232, 140
Trd, 8639687.432, 140
Trd, 8639687.482, 140
Trd, 8639687.882, 140
Trd, 8639689.332, 140
Trd, 8639691.082, 140
Trd, 8639691.732, 140
Trd, 8639692.432, 131
Trd, 8639692.582, 123
Trd, 8639693.082, 80
Trd, 8639693.332, 140
Trd, 8639693.582, 140
Trd, 8639693.982, 73
Trd, 8639694.232, 140
Trd, 8639695.532, 140
Trd, 8639695.582, 140
Trd, 8639695.932, 100
Trd, 8639696.432, 82
Trd, 8639697.632, 70
Trd, 8639699.382, 140
Trd, 8639699.482, 140
Trd, 8639700.332, 140
Trd, 8639701.332, 140
Trd, 8639702.182, 140
Trd, 8639702.782, 138
Trd, 8639702.982, 136
Trd, 8639703.532, 91
Trd, 8639703.882, 87
Trd, 8639704.332, 110
Trd, 8639706.182, 139
Trd, 8639706.932, 138
Trd, 8639707.182, 77
Trd, 8639707.482, 76
Trd, 8639708.182, 60
Trd, 8639708.532, 60
Trd, 8639708.582, 64
Trd, 8639709.732, 140
Trd, 8639710.582, 140
Trd, 8639711.632, 140
Trd, 8639711.882, 140
Trd, 8639712.132, 139
Trd, 8639712.732, 140
Trd, 8639712.832, 140
Trd, 8639713.282, 139
Trd, 8639713.332, 64
Trd, 8639713.632, 63
Trd, 8639715.932, 60
Trd, 8639716.132, 60
Trd, 8639716.582, 62
Trd, 8639717.532, 62
Trd, 8639718.132, 65
Trd, 8639718.332, 65
Trd, 8639718.432, 137
Trd, 8639718.882, 139
Trd, 8639719.132, 138
Trd, 8639720.332, 62
Trd, 8639721.032, 61
Trd, 8639721.882, 60
Trd, 8639723.582, 60
Trd, 8639724.382, 60
Trd, 8639724.932, 60
Trd, 8639725.082, 66
Trd, 8639725.882, 60
Trd, 8639727.482, 64
Trd, 8639728.282, 64
Trd, 8639728.582, 62
Trd, 8639731.082, 60
Trd, 8639732.232, 60
Trd, 8639732.582, 60
Trd, 8639732.782, 61
Trd, 8639733.732, 60
Trd, 8639733.782, 62
Trd, 8639734.032, 62
Trd, 8639734.732, 62
Trd, 8639735.532, 60
Trd, 8639736.132, 65
Trd, 8639736.332, 65
Trd, 8639736.632, 65
Trd, 8639736.932, 66
Trd, 8639738.032, 72
Trd, 8639738.282, 139
Trd, 8639739.982, 60
Trd, 8639740.732, 60
Trd, 8639742.032, 60
Trd, 8639742.332, 60
Trd, 8639742.582, 61
Trd, 8639743.582, 60
Trd, 8639743.682, 63
Trd, 8639744.132, 66
Trd, 8639746.082, 60
Trd, 8639746.382, 60
Trd, 8639746.482, 61
Trd, 8639748.582, 61
Trd, 8639749.132, 62
Trd, 8639749.332, 60
Trd, 8639749.832, 60
Trd, 8639750.182, 61
Trd, 8639750.532, 60
Trd, 8639750.582, 61
Trd, 8639750.982, 64
Trd, 8639751.232, 68
Trd, 8639751.282, 123
Trd, 8639752.282, 63
Trd, 8639753.482, 140
Trd, 8639753.682, 139
Trd, 8639754.682, 140
Trd, 8639755.732, 136
Trd, 8639755.782, 134
Trd, 8639756.582, 133
Trd, 8639756.682, 108
Trd, 8639758.232, 140
Trd, 8639758.582, 140
Trd, 8639759.682, 140
Trd, 8639759.732, 140
Trd, 8639761.032, 140
Trd, 8639761.532, 140
Trd, 8639762.582, 140
Trd, 8639763.132, 139
Trd, 8639763.682, 140
Trd, 8639764.282, 138
Trd, 8639764.732, 140
Trd, 8639765.082, 140
Trd, 8639766.032, 116
Trd, 8639767.282, 140
Trd, 8639767.482, 96
Trd, 8639768.582, 102
Trd, 8639769.332, 112
Trd, 8639769.382, 101
Trd, 8639770.482, 60
Trd, 8639771.382, 83
Trd, 8639771.882, 61
Trd, 8639772.232, 68
Trd, 8639773.082, 70
Trd, 8639774.282, 60
Trd, 8639775.982, 60
Trd, 8639776.782, 60
Trd, 8639777.732, 60
Trd, 8639777.832, 65
Trd, 8639778.282, 60
Trd, 8639778.782, 60
Trd, 8639779.032, 64
Trd, 8639779.082, 69
Trd, 8639779.632, 79
Trd, 8639780.882, 65
Trd, 8639781.432, 71
Trd, 8639781.982, 65
Trd, 8639782.582, 140
Trd, 8639783.032, 140
Trd, 8639783.982, 115
Trd, 8639784.782, 140
Trd, 8639785.932, 140
Trd, 8639786.432, 140
Trd, 8639788.032, 140
Trd, 8639788.882, 140
Trd, 8639789.382, 140
Trd, 8639789.532, 139
Trd, 8639790.032, 138
Trd, 8639792.132, 140
Trd, 8639792.282, 140
Trd, 8639793.382, 140
Trd, 8639794.632, 140
Trd, 8639794.732, 140
Trd, 8639794.882, 140
Trd, 8639795.482, 138
Trd, 8639795.982, 139
Trd, 8639796.382, 139
Trd, 8639797.432, 140
Trd, 8639797.682, 138
Trd, 8639798.432, 138
Trd, 8639798.482, 113
Trd, 8639799.182, 104
Trd, 8639800.032, 140
Trd, 8639801.182, 140
Trd, 8639801.382, 138
Trd, 8639801.882, 136
Trd, 8639802.132, 63
Trd, 8639802.582, 84
Trd, 8639804.032, 139
Trd, 8639804.332, 140
Trd, 8639805.332, 140
Trd, 8639806.282, 66
Trd, 8639806.682, 65
Trd, 8639807.332, 140
Trd, 8639807.632, 140
Trd, 8639810.032, 140
Trd, 8639810.532, 140
Trd, 8639811.382, 140
Trd, 8639811.982, 133
Trd, 8639812.282, 61
Trd, 8639812.632, 69
Trd, 8639813.082, 119
Trd, 8639813.282, 78
Trd, 8639814.432, 140
Trd, 8639814.782, 140
Trd, 8639814.932, 115
Trd, 8639815.232, 114
Trd, 8639816.782, 140
Trd, 8639816.982, 139
Trd, 8639817.282, 138
Trd, 8639818.382, 139
Trd, 8639819.332, 139
Trd, 8639819.382, 139
Trd, 8639819.782, 130
Trd, 8639820.232, 138
Trd, 8639821.082, 62
Trd, 8639821.632, 60
Trd, 8639821.832, 60
Trd, 8639822.332, 63
Trd, 8639823.632, 106
Trd, 8639823.732, 105
Trd, 8639823.832, 97
Trd, 8639824.432, 140
Trd, 8639824.782, 140
Trd, 8639825.132, 105
Trd, 8639826.132, 123
Trd, 8639827.332, 120
Trd, 8639827.832, 140
Trd, 8639828.982, 140
Trd, 8639829.382, 140
Trd, 8639829.482, 140
Trd, 8639829.532, 140
Trd, 8639830.432, 140
Trd, 8639830.782, 140
Trd, 8639831.582, 136
Trd, 8639832.432, 140
Trd, 8639833.532, 140
Trd, 8639835.032, 140
Trd, 8639835.682, 70
Trd, 8639835.732, 69
Trd, 8639836.032, 72
Trd, 8639838.082, 60
Trd, 8639839.632, 60
Trd, 8639840.282, 60
Trd, 8639840.332, 63
Trd, 8639840.532, 61
Trd, 8639840.732, 63
Trd, 8639841.232, 60
Trd, 8639841.682, 63
Trd, 8639842.832, 62
Trd, 8639842.982, 60
Trd, 8639843.882, 64
Trd, 8639844.032, 139
Trd, 8639845.582, 139
Trd, 8639845.682, 138
Trd, 8639846.782, 139
Trd, 8639847.132, 137
Trd, 8639848.932, 140
Trd, 8639848.982, 140
Trd, 8639849.232, 140
Trd, 8639850.282, 140
Trd, 8639850.332, 140
Trd, 8639850.532, 72
Trd, 8639852.182, 140
Trd, 8639852.632, 140
Trd, 8639852.732, 131
Trd, 8639852.982, 138
Trd, 8639853.682, 61
Trd, 8639853.932, 61
Trd, 8639855.432, 65
Trd, 8639855.932, 60
Trd, 8639857.382, 60
Trd, 8639857.632, 64
Trd, 8639857.732, 79
Trd, 8639858.532, 64
Trd, 8639860.032, 62
Trd, 8639860.982, 61
Trd, 8639862.082, 63
Trd, 8639862.332, 62
Trd, 8639863.032, 66
Trd, 8639863.732, 140
Trd, 8639863.782, 139
Trd, 8639864.082, 68
Trd, 8639865.082, 65
Trd, 8639865.182, 62
Trd, 8639866.532, 62
Trd, 8639866.932, 64
Trd, 8639868.732, 62
Trd, 8639869.532, 61
Trd, 8639870.582, 70
Trd, 8639871.582, 60
Trd, 8639872.382, 62
Trd, 8639873.232, 62
Trd, 8639874.632, 60
Trd, 8639874.732, 64
Trd, 8639875.382, 60
Trd, 8639876.832, 60
Trd, 8639877.432, 60
Trd, 8639877.532, 60
Trd, 8639877.832, 62
Trd, 8639878.332, 60
Trd, 8639878.882, 60
Trd, 8639879.332, 133
Trd, 8639879.982, 63
Trd, 8639880.782, 60
Trd, 8639881.382, 64
Trd, 8639881.532, 67
Trd, 8639884.482, 88
Trd, 8639884.632, 140
Trd, 8639884.732, 88
Trd, 8639885.032, 86
Trd, 8639885.282, 78
Trd, 8639886.882, 91
Trd, 8639887.932, 140
Trd, 8639888.082, 140
Trd, 8639888.582, 140
Trd, 8639888.882, 86
Trd, 8639889.132, 77
Trd, 8639889.832, 140
Trd, 8639889.982, 139
Trd, 8639890.282, 139
Trd, 8639891.482, 63
Trd, 8639892.032, 62
Trd, 8639893.032, 65
Trd, 8639893.682, 64
Trd, 8639893.982, 86
Trd, 8639895.332, 139
Trd, 8639895.632, 138
Trd, 8639895.682, 135
Trd, 8639897.832, 60
Trd, 8639897.982, 60
Trd, 8639899.032, 60
Trd, 8639899.132, 60
Trd, 8639899.332, 60
Trd, 8639899.882, 60
Trd, 8639900.132, 60
Trd, 8639901.682, 67
Trd, 8639902.082, 62
Trd, 8639902.932, 60
Trd, 8639903.582, 60
Trd, 8639903.632, 61
Trd, 8639903.732, 72
Trd, 8639904.182, 63
Trd, 8639904.832, 66
Trd, 8639905.232, 75
Trd, 8639905.782, 60
Trd, 8639907.582, 63
Trd, 8639907.632, 64
Trd, 8639908.232, 61
Trd, 8639908.632, 61
Trd, 8639909.432, 60
Trd, 8639909.632, 62
Trd, 8639910.132, 60
Trd, 8639911.282, 61
Trd, 8639911.432, 64
Trd, 8639912.282, 135
Trd, 8639913.032, 137
Trd, 8639913.682, 63
Trd, 8639915.032, 60
Trd, 8639915.432, 60
Trd, 8639915.882, 140
Trd, 8639916.132, 139
Trd, 8639916.332, 131
Trd, 8639916.932, 132
Trd, 8639918.032, 140
Trd, 8639918.432, 139
Trd, 8639919.532, 140
Trd, 8639921.032, 140
Trd, 8639921.232, 140
Trd, 8639921.432, 140
Trd, 8639921.532, 139
Trd, 8639922.982, 139
Trd, 8639923.782, 114
Trd, 8639925.382, 140
Trd, 8639925.782, 140
Trd, 8639926.782, 140
Trd, 8639927.982, 140
Trd, 8639928.182, 139
Trd, 8639928.632, 139
Trd, 8639928.732, 139
Trd, 8639929.082, 112
Trd, 8639929.482, 116
Trd, 8639929.632, 103
Trd, 8639930.532, 63
Trd, 8639930.932, 61
Trd, 8639932.082, 69
Trd, 8639932.182, 116
Trd, 8639933.182, 60
Trd, 8639934.582, 65
Trd, 8639934.832, 65
Trd, 8639935.032, 63
Trd, 8639936.232, 60
Trd, 8639936.582, 61
Trd, 8639937.982, 62
Trd, 8639938.282, 60
Trd, 8639938.332, 63
Trd, 8639939.432, 61
Trd, 8639940.532, 60
Trd, 8639940.882, 64
Trd, 8639941.232, 76
Trd, 8639941.282, 75
Trd, 8639942.182, 120
Trd, 8639942.332, 92
Trd, 8639942.582, 87
Trd, 8639942.782, 66
Trd, 8639943.332, 140
Trd, 8639943.982, 140
Trd, 8639945.682, 140
Trd, 8639946.082, 140
Trd, 8639946.982, 140
Trd, 8639947.682, 140
Trd, 8639947.882, 140
Trd, 8639948.082, 137
Trd, 8639948.282, 63
Trd, 8639949.382, 65
Trd, 8639950.532, 60
Trd, 8639950.982, 61
Trd, 8639951.482, 61
Trd, 8639952.632, 122
Trd, 8639952.832, 120
Trd, 8639953.232, 60
Trd, 8639953.582, 63
Trd, 8639954.632, 62
Trd, 8639954.682, 66
Trd, 8639955.682, 60
Trd, 8639956.782, 140
Trd, 8639957.382, 67
Trd, 8639957.882, 66
Trd, 8639958.382, 138
Trd, 8639959.682, 140
Trd, 8639959.982, 140
Trd, 8639960.482, 140
Trd, 8639960.632, 138
Trd, 8639960.682, 137
Trd, 8639962.032, 117
Trd, 8639962.732, 137
Trd, 8639963.382, 132
Trd, 8639963.982, 106
Trd, 8639964.182, 133
Trd, 8639964.782, 94
Trd, 8639964.832, 91
Trd, 8639965.282, 72
Trd, 8639965.332, 120
Trd, 8639967.282, 61
Trd, 8639967.832, 61
Trd, 8639968.732, 60
Trd, 8639969.382, 65
Trd, 8639969.832, 69
Trd, 8639970.782, 60
Trd, 8639971.682, 61
Trd, 8639971.732, 67
Trd, 8639972.732, 68
Trd, 8639973.082, 67
Trd, 8639973.232, 124
Trd, 8639974.532, 60
Trd, 8639975.032, 60
Trd, 8639976.482, 60
Trd, 8639977.982, 60
Trd, 8639978.332, 63
Trd, 8639980.832, 60
Trd, 8639981.532, 60
Trd, 8639982.882, 60
Trd, 8639983.082, 64
Trd, 8639984.732, 60
Trd, 8639984.782, 62
Trd, 8639985.582, 63
Trd, 8639985.632, 60
Trd, 8639986.382, 63
Trd, 8639986.632, 63
Trd, 8639987.382, 63
Trd, 8639987.432, 63
Trd, 8639987.882, 60
Trd, 8639989.932, 63
Trd, 8639990.382, 60
Trd, 8639990.432, 61
Trd, 8639992.082, 60
Trd, 8639992.232, 61
Trd, 8639993.532, 61
Trd, 8639993.982, 64
Trd, 8639994.432, 60
Trd, 8639994.532, 65
Trd, 8639995.132, 140
Trd, 8639995.182, 117
Trd, 8639995.482, 61
Trd, 8639996.482, 140
Trd, 8639997.482, 140
Trd, 8639998.832, 140
Trd, 8639998.932, 136
Trd, 8639999.782, 140
