Trd, 8638155.232, 112
Trd, 8638155.632, 109
Trd, 8638157.132, 125
Trd, 8638158.232, 124
Trd, 8638158.782, 120
Trd, 8638159.182, 120
Trd, 8638159.282, 119
Trd, 8638160.682, 134
Trd, 8638160.982, 131
Trd, 8638162.232, 129
Trd, 8638162.882, 86
Trd, 8638163.832, 61
Trd, 8638164.332, 67
Trd, 8638165.882, 138
Trd, 8638166.032, 97
Trd, 8638166.132, 97
Trd, 8638166.982, 88
Trd, 8638168.132, 77
Trd, 8638168.382, 60
Trd, 8638169.582, 99
Trd, 8638170.382, 62
Trd, 8638170.632, 74
Trd, 8638170.782, 63
Trd, 8638171.682, 103
Trd, 8638173.232, 76
Trd, 8638174.132, 64
Trd, 8638174.682, 72
Trd, 8638174.882, 76
Trd, 8638175.282, 90
Trd, 8638176.832, 99
Trd, 8638177.382, 99
Trd, 8638178.132, 124
Trd, 8638178.732, 108
Trd, 8638179.532, 112
Trd, 8638179.782, 92
Trd, 8638179.982, 98
Trd, 8638181.982, 114
Trd, 8638182.082, 115
Trd, 8638182.182, 101
Trd, 8638182.432, 95
Trd, 8638183.082, 68
Trd, 8638184.032, 74
Trd, 8638184.882, 63
Trd, 8638185.132, 79
Trd, 8638185.332, 68
Trd, 8638185.532, 83
Trd, 8638186.282, 60
Trd, 8638188.732, 60
Trd, 8638189.532, 61
Trd, 8638190.332, 63
Trd, 8638190.582, 76
Trd, 8638190.732, 81
Trd, 8638190.832, 75
Trd, 8638192.032, 68
Trd, 8638194.382, 66
Trd, 8638195.732, 64
Trd, 8638195.982, 75
Trd, 8638196.082, 84
Trd, 8638197.482, 68
Trd, 8638197.532, 67
Trd, 8638198.332, 119
Trd, 8638199.182, 76
Trd, 8638200.982, 76
Trd, 8638201.882, 131
Trd, 8638201.982, 108
Trd, 8638202.082, 67
Trd, 8638203.282, 110
Trd, 8638203.432, 98
Trd, 8638205.032, 66
Trd, 8638205.082, 68
Trd, 8638206.182, 91
Trd, 8638206.832, 88
Trd, 8638208.232, 66
Trd, 8638208.832, 107
Trd, 8638209.082, 106
Trd, 8638209.232, 106
Trd, 8638209.732, 138
Trd, 8638210.582, 87
Trd, 8638211.732, 82
Trd, 8638211.932, 139
Trd, 8638212.782, 71
Trd, 8638213.432, 78
Trd, 8638214.032, 72
Trd, 8638214.482, 70
Trd, 8638215.082, 99
Trd, 8638216.732, 123
Trd, 8638217.032, 84
Trd, 8638217.882, 92
Trd, 8638218.082, 85
Trd, 8638219.232, 121
Trd, 8638220.582, 131
Trd, 8638220.632, 130
Trd, 8638220.932, 111
Trd, 8638221.382, 137
Trd, 8638221.932, 100
Trd, 8638222.432, 103
Trd, 8638222.882, 82
Trd, 8638223.082, 81
Trd, 8638223.532, 110
Trd, 8638223.882, 76
Trd, 8638224.182, 135
Trd, 8638224.832, 75
Trd, 8638224.932, 75
Trd, 8638226.482, 118
Trd, 8638226.582, 116
Trd, 8638227.832, 125
Trd, 8638229.282, 125
Trd, 8638230.232, 123
Trd, 8638231.982, 92
Trd, 8638232.232, 93
Trd, 8638233.032, 135
Trd, 8638233.132, 134
Trd, 8638233.632, 125
Trd, 8638234.032, 80
Trd, 8638234.682, 129
Trd, 8638235.782, 115
Trd, 8638236.282, 118
Trd, 8638237.932, 112
Trd, 8638239.032, 136
Trd, 8638239.232, 135
Trd, 8638239.532, 135
Trd, 8638239.632, 82
Trd, 8638240.182, 89
Trd, 8638240.432, 77
Trd, 8638242.132, 137
Trd, 8638242.532, 129
Trd, 8638242.982, 116
Trd, 8638243.582, 96
Trd, 8638243.632, 93
Trd, 8638243.732, 76
Trd, 8638246.482, 137
Trd, 8638246.982, 137
Trd, 8638247.082, 136
Trd, 8638247.182, 133
Trd, 8638247.932, 60
Trd, 8638248.432, 77
Trd, 8638248.632, 86
Trd, 8638249.382, 108
Trd, 8638250.332, 91
Trd, 8638250.432, 61
Trd, 8638251.932, 111
Trd, 8638252.332, 99
Trd, 8638253.432, 119
Trd, 8638253.732, 97
Trd, 8638253.832, 97
Trd, 8638254.732, 91
Trd, 8638255.332, 75
Trd, 8638256.382, 97
Trd, 8638256.732, 86
Trd, 8638257.032, 75
Trd, 8638258.532, 111
Trd, 8638259.082, 111
Trd, 8638260.032, 124
Trd, 8638261.032, 137
Trd, 8638261.282, 115
Trd, 8638261.982, 96
Trd, 8638262.282, 61
Trd, 8638263.932, 71
Trd, 8638265.482, 60
Trd, 8638265.532, 61
Trd, 8638265.632, 80
Trd, 8638266.432, 62
Trd, 8638266.732, 116
Trd, 8638267.582, 60
Trd, 8638268.182, 71
Trd, 8638268.632, 126
Trd, 8638270.232, 128
Trd, 8638270.482, 127
Trd, 8638270.532, 112
Trd, 8638271.532, 108
Trd, 8638271.632, 107
Trd, 8638272.432, 116
Trd, 8638272.532, 64
Trd, 8638273.182, 121
Trd, 8638274.032, 78
Trd, 8638274.282, 62
Trd, 8638275.582, 62
Trd, 8638276.782, 66
Trd, 8638277.932, 121
Trd, 8638278.032, 121
Trd, 8638279.432, 121
Trd, 8638279.582, 120
Trd, 8638280.082, 100
Trd, 8638280.332, 75
Trd, 8638281.832, 119
Trd, 8638282.282, 133
Trd, 8638283.032, 101
Trd, 8638284.232, 138
Trd, 8638285.032, 134
Trd, 8638285.332, 98
Trd, 8638286.282, 121
Trd, 8638287.182, 98
Trd, 8638287.432, 97
Trd, 8638287.982, 97
Trd, 8638289.832, 103
Trd, 8638289.932, 107
Trd, 8638290.332, 102
Trd, 8638291.382, 117
Trd, 8638291.882, 139
Trd, 8638291.932, 132
Trd, 8638292.882, 108
Trd, 8638293.982, 106
Trd, 8638294.482, 105
Trd, 8638295.382, 119
Trd, 8638295.432, 113
Trd, 8638296.132, 62
Trd, 8638296.732, 67
Trd, 8638296.832, 70
Trd, 8638298.682, 76
Trd, 8638298.832, 75
Trd, 8638299.382, 82
Trd, 8638299.682, 101
Trd, 8638299.732, 78
Trd, 8638300.282, 80
Trd, 8638300.482, 80
Trd, 8638302.182, 124
Trd, 8638302.282, 97
Trd, 8638303.282, 97
Trd, 8638304.232, 63
Trd, 8638306.082, 123
Trd, 8638306.332, 89
Trd, 8638306.882, 97
Trd, 8638307.182, 86
Trd, 8638307.732, 98
Trd, 8638308.082, 86
Trd, 8638308.982, 105
Trd, 8638309.382, 76
Trd, 8638310.082, 60
Trd, 8638311.332, 64
Trd, 8638312.232, 63
Trd, 8638312.582, 60
Trd, 8638313.732, 61
Trd, 8638314.582, 110
Trd, 8638314.932, 102
Trd, 8638315.282, 101
Trd, 8638315.532, 87
Trd, 8638316.382, 70
Trd, 8638316.782, 69
Trd, 8638317.232, 134
Trd, 8638317.782, 123
Trd, 8638318.582, 104
Trd, 8638319.332, 101
Trd, 8638320.582, 107
Trd, 8638321.532, 121
Trd, 8638321.732, 121
Trd, 8638321.932, 93
Trd, 8638322.232, 79
Trd, 8638323.882, 73
Trd, 8638324.032, 68
Trd, 8638324.832, 111
Trd, 8638325.932, 111
Trd, 8638326.132, 117
Trd, 8638326.232, 110
Trd, 8638328.232, 60
Trd, 8638328.382, 69
Trd, 8638328.932, 94
Trd, 8638329.782, 85
Trd, 8638330.132, 97
Trd, 8638330.782, 140
Trd, 8638331.232, 70
Trd, 8638332.632, 106
Trd, 8638333.182, 61
Trd, 8638334.432, 74
Trd, 8638334.532, 62
Trd, 8638334.832, 78
Trd, 8638335.832, 63
Trd, 8638336.032, 61
Trd, 8638338.982, 87
Trd, 8638340.032, 92
Trd, 8638340.582, 92
Trd, 8638340.882, 91
Trd, 8638341.532, 94
Trd, 8638342.432, 116
Trd, 8638342.582, 102
Trd, 8638342.882, 63
Trd, 8638343.682, 63
Trd, 8638344.682, 80
Trd, 8638346.332, 81
Trd, 8638346.382, 81
Trd, 8638346.882, 60
Trd, 8638348.182, 82
Trd, 8638348.282, 88
Trd, 8638349.482, 90
Trd, 8638349.532, 121
Trd, 8638350.182, 105
Trd, 8638351.582, 62
Trd, 8638352.282, 60
Trd, 8638352.532, 62
Trd, 8638353.382, 136
Trd, 8638354.032, 112
Trd, 8638354.082, 111
Trd, 8638355.232, 67
Trd, 8638355.982, 106
Trd, 8638357.732, 62
Trd, 8638358.532, 64
Trd, 8638358.632, 88
Trd, 8638359.532, 60
Trd, 8638360.982, 138
Trd, 8638361.082, 137
Trd, 8638362.132, 137
Trd, 8638362.482, 136
Trd, 8638362.532, 118
Trd, 8638362.982, 89
Trd, 8638365.082, 109
Trd, 8638365.782, 114
Trd, 8638367.182, 112
Trd, 8638368.132, 111
Trd, 8638369.082, 111
Trd, 8638369.182, 100
Trd, 8638370.182, 93
Trd, 8638370.282, 79
Trd, 8638370.682, 69
Trd, 8638372.682, 139
Trd, 8638372.932, 138
Trd, 8638373.632, 136
Trd, 8638373.732, 89
Trd, 8638373.882, 85
Trd, 8638374.282, 85
Trd, 8638375.182, 101
Trd, 8638375.232, 66
Trd, 8638376.382, 94
Trd, 8638378.032, 109
Trd, 8638378.182, 140
Trd, 8638378.282, 108
Trd, 8638378.882, 128
Trd, 8638379.482, 80
Trd, 8638380.232, 81
Trd, 8638380.632, 64
Trd, 8638381.082, 60
Trd, 8638382.132, 98
Trd, 8638383.482, 79
Trd, 8638383.882, 69
Trd, 8638385.332, 61
Trd, 8638385.782, 60
Trd, 8638386.332, 61
Trd, 8638386.882, 78
Trd, 8638388.032, 119
Trd, 8638388.982, 84
Trd, 8638389.332, 63
Trd, 8638389.382, 70
Trd, 8638389.682, 106
Trd, 8638391.832, 107
Trd, 8638393.432, 119
Trd, 8638393.732, 116
Trd, 8638394.182, 96
Trd, 8638394.582, 123
Trd, 8638395.032, 133
Trd, 8638395.732, 79
Trd, 8638396.032, 98
Trd, 8638396.832, 115
Trd, 8638397.882, 138
Trd, 8638398.132, 129
Trd, 8638398.582, 119
Trd, 8638399.782, 79
Trd, 8638400.382, 113
Trd, 8638400.832, 112
Trd, 8638401.532, 83
Trd, 8638402.982, 61
Trd, 8638403.382, 65
Trd, 8638403.832, 67
Trd, 8638404.582, 94
Trd, 8638405.532, 68
Trd, 8638405.732, 70
Trd, 8638407.132, 132
Trd, 8638407.282, 73
Trd, 8638408.782, 134
Trd, 8638409.082, 130
Trd, 8638409.182, 129
Trd, 8638409.482, 128
Trd, 8638409.632, 104
Trd, 8638410.982, 111
Trd, 8638411.532, 105
Trd, 8638413.532, 105
Trd, 8638413.932, 104
Trd, 8638414.182, 102
Trd, 8638415.132, 115
Trd, 8638415.332, 124
Trd, 8638415.432, 114
Trd, 8638416.532, 80
Trd, 8638417.432, 89
Trd, 8638418.632, 64
Trd, 8638419.032, 112
Trd, 8638419.432, 117
Trd, 8638419.532, 103
Trd, 8638422.532, 115
Trd, 8638422.982, 136
Trd, 8638423.582, 116
Trd, 8638424.832, 114
Trd, 8638425.532, 110
Trd, 8638425.582, 119
Trd, 8638425.832, 103
Trd, 8638426.032, 102
Trd, 8638426.382, 140
Trd, 8638426.582, 119
Trd, 8638427.132, 91
Trd, 8638428.082, 116
Trd, 8638429.682, 123
Trd, 8638430.082, 95
Trd, 8638430.732, 94
Trd, 8638431.732, 94
Trd, 8638432.032, 77
Trd, 8638432.882, 104
Trd, 8638433.282, 124
Trd, 8638433.432, 91
Trd, 8638434.282, 94
Trd, 8638434.432, 136
Trd, 8638435.582, 119
Trd, 8638435.682, 102
Trd, 8638435.932, 95
Trd, 8638438.582, 128
Trd, 8638438.882, 117
Trd, 8638439.032, 115
Trd, 8638439.532, 81
Trd, 8638439.882, 85
Trd, 8638440.132, 129
Trd, 8638441.132, 78
Trd, 8638442.132, 60
Trd, 8638442.882, 62
Trd, 8638443.432, 82
Trd, 8638443.682, 102
Trd, 8638444.482, 138
Trd, 8638444.932, 136
Trd, 8638445.232, 107
Trd, 8638446.382, 91
Trd, 8638447.682, 77
Trd, 8638448.082, 77
Trd, 8638449.432, 109
Trd, 8638450.382, 94
Trd, 8638450.432, 94
Trd, 8638451.082, 133
Trd, 8638451.182, 138
Trd, 8638452.332, 110
Trd, 8638453.132, 130
Trd, 8638453.582, 129
Trd, 8638455.032, 109
Trd, 8638455.732, 121
Trd, 8638455.782, 120
Trd, 8638456.532, 109
Trd, 8638456.832, 96
Trd, 8638457.232, 81
Trd, 8638457.482, 67
Trd, 8638459.132, 82
Trd, 8638461.332, 85
Trd, 8638461.432, 93
Trd, 8638461.682, 112
Trd, 8638461.732, 100
Trd, 8638462.032, 76
Trd, 8638463.632, 62
Trd, 8638465.432, 106
Trd, 8638465.832, 102
Trd, 8638466.132, 134
Trd, 8638466.232, 101
Trd, 8638467.632, 83
Trd, 8638467.832, 83
Trd, 8638468.082, 86
Trd, 8638468.382, 119
Trd, 8638468.982, 119
Trd, 8638469.382, 101
Trd, 8638470.582, 111
Trd, 8638470.832, 123
Trd, 8638471.732, 123
Trd, 8638471.782, 120
Trd, 8638472.732, 74
Trd, 8638472.782, 105
Trd, 8638474.782, 140
Trd, 8638475.982, 140
Trd, 8638476.182, 138
Trd, 8638476.432, 135
Trd, 8638476.832, 123
Trd, 8638476.932, 90
Trd, 8638476.982, 125
Trd, 8638478.782, 112
Trd, 8638479.732, 124
Trd, 8638480.032, 111
Trd, 8638480.182, 105
Trd, 8638480.932, 129
Trd, 8638481.432, 127
Trd, 8638481.582, 102
Trd, 8638483.082, 102
Trd, 8638483.582, 99
Trd, 8638484.232, 117
Trd, 8638484.482, 65
Trd, 8638485.082, 117
Trd, 8638485.332, 116
Trd, 8638486.182, 68
Trd, 8638486.982, 68
Trd, 8638487.582, 108
Trd, 8638488.982, 117
Trd, 8638489.582, 127
Trd, 8638490.382, 117
Trd, 8638491.482, 112
Trd, 8638491.832, 122
Trd, 8638492.832, 110
Trd, 8638493.032, 123
Trd, 8638493.532, 99
Trd, 8638493.632, 80
Trd, 8638495.032, 80
Trd, 8638495.482, 105
Trd, 8638497.132, 128
Trd, 8638497.732, 127
Trd, 8638499.332, 117
Trd, 8638499.532, 116
Trd, 8638500.182, 103
Trd, 8638501.082, 132
Trd, 8638501.382, 103
Trd, 8638502.582, 84
Trd, 8638503.682, 124
Trd, 8638504.032, 91
Trd, 8638505.482, 85
Trd, 8638506.382, 85
Trd, 8638506.782, 76
Trd, 8638507.482, 92
Trd, 8638507.532, 133
Trd, 8638507.782, 92
Trd, 8638509.682, 129
Trd, 8638510.082, 136
Trd, 8638510.282, 133
Trd, 8638510.632, 127
Trd, 8638510.882, 70
Trd, 8638511.132, 93
Trd, 8638511.682, 88
Trd, 8638512.532, 105
Trd, 8638512.882, 104
Trd, 8638514.532, 116
Trd, 8638514.932, 112
Trd, 8638515.532, 118
Trd, 8638515.882, 118
Trd, 8638517.232, 102
Trd, 8638518.682, 126
Trd, 8638520.282, 130
Trd, 8638520.782, 129
Trd, 8638521.482, 128
Trd, 8638521.582, 87
Trd, 8638521.932, 88
Trd, 8638522.682, 88
Trd, 8638522.782, 87
Trd, 8638523.232, 115
Trd, 8638523.282, 112
Trd, 8638523.932, 83
Trd, 8638524.132, 72
Trd, 8638524.382, 100
Trd, 8638526.132, 79
Trd, 8638526.232, 74
Trd, 8638527.232, 74
Trd, 8638528.032, 102
Trd, 8638529.082, 97
Trd, 8638529.582, 97
Trd, 8638529.632, 132
Trd, 8638530.882, 104
Trd, 8638531.332, 83
Trd, 8638532.732, 118
Trd, 8638533.782, 140
Trd, 8638533.982, 74
Trd, 8638534.732, 92
Trd, 8638534.782, 92
Trd, 8638535.832, 74
Trd, 8638537.232, 76
Trd, 8638537.732, 97
Trd, 8638538.282, 115
Trd, 8638539.032, 102
Trd, 8638539.582, 105
Trd, 8638540.232, 100
Trd, 8638540.532, 92
Trd, 8638541.882, 61
Trd, 8638542.332, 61
Trd, 8638542.882, 122
Trd, 8638544.232, 84
Trd, 8638544.482, 82
Trd, 8638545.032, 96
Trd, 8638545.382, 82
Trd, 8638545.632, 63
Trd, 8638546.882, 127
Trd, 8638547.182, 115
Trd, 8638548.032, 120
Trd, 8638548.382, 125
Trd, 8638549.782, 80
Trd, 8638550.332, 79
Trd, 8638550.882, 90
Trd, 8638551.582, 82
Trd, 8638552.182, 93
Trd, 8638553.332, 90
Trd, 8638553.582, 89
Trd, 8638554.082, 121
Trd, 8638554.132, 108
Trd, 8638555.182, 115
Trd, 8638555.982, 115
Trd, 8638556.432, 115
Trd, 8638556.982, 93
Trd, 8638557.582, 83
Trd, 8638557.932, 101
Trd, 8638558.882, 62
Trd, 8638559.532, 62
Trd, 8638559.782, 61
Trd, 8638560.332, 70
Trd, 8638562.182, 103
Trd, 8638563.682, 86
Trd, 8638563.932, 89
Trd, 8638564.732, 109
Trd, 8638564.832, 99
Trd, 8638565.132, 138
Trd, 8638565.582, 69
Trd, 8638567.032, 126
Trd, 8638567.732, 125
Trd, 8638567.882, 114
Trd, 8638568.782, 61
Trd, 8638569.132, 100
Trd, 8638570.032, 132
Trd, 8638570.382, 85
Trd, 8638570.932, 136
Trd, 8638571.782, 86
Trd, 8638571.982, 136
Trd, 8638572.232, 135
Trd, 8638572.382, 112
Trd, 8638574.782, 134
Trd, 8638575.382, 132
Trd, 8638575.732, 114
Trd, 8638575.882, 113
Trd, 8638576.232, 115
Trd, 8638577.332, 98
Trd, 8638577.382, 98
Trd, 8638578.132, 94
Trd, 8638579.532, 68
Trd, 8638579.832, 98
Trd, 8638580.832, 61
Trd, 8638581.732, 66
Trd, 8638581.832, 85
Trd, 8638582.982, 93
Trd, 8638584.482, 65
Trd, 8638585.632, 62
Trd, 8638586.432, 119
Trd, 8638587.882, 61
Trd, 8638588.532, 65
Trd, 8638589.082, 78
Trd, 8638590.482, 61
Trd, 8638591.332, 60
Trd, 8638592.582, 80
Trd, 8638593.582, 112
Trd, 8638594.382, 121
Trd, 8638594.732, 111
Trd, 8638595.382, 110
Trd, 8638595.882, 98
Trd, 8638596.032, 98
Trd, 8638596.732, 89
Trd, 8638596.882, 120
Trd, 8638598.232, 100
Trd, 8638598.582, 85
Trd, 8638599.082, 108
Trd, 8638599.432, 107
Trd, 8638599.882, 128
Trd, 8638601.982, 74
Trd, 8638602.732, 120
Trd, 8638602.932, 86
Trd, 8638603.082, 74
Trd, 8638604.682, 106
Trd, 8638606.032, 64
Trd, 8638606.732, 61
Trd, 8638607.182, 68
Trd, 8638608.132, 69
Trd, 8638608.532, 109
Trd, 8638609.082, 105
Trd, 8638609.232, 61
Trd, 8638609.582, 61
Trd, 8638611.532, 84
Trd, 8638613.582, 67
Trd, 8638613.882, 61
Trd, 8638614.432, 85
Trd, 8638615.032, 125
Trd, 8638616.132, 94
Trd, 8638617.732, 131
Trd, 8638617.782, 127
Trd, 8638618.582, 103
Trd, 8638618.632, 102
Trd, 8638619.282, 107
Trd, 8638620.432, 106
Trd, 8638621.132, 129
Trd, 8638621.632, 127
Trd, 8638621.732, 105
Trd, 8638621.782, 67
Trd, 8638622.882, 61
Trd, 8638623.882, 88
Trd, 8638625.332, 101
Trd, 8638625.582, 101
Trd, 8638625.832, 121
Trd, 8638626.432, 101
Trd, 8638626.482, 100
Trd, 8638627.332, 129
Trd, 8638627.832, 87
Trd, 8638628.082, 86
Trd, 8638628.582, 61
Trd, 8638629.332, 80
Trd, 8638629.832, 125
Trd, 8638630.682, 106
Trd, 8638631.632, 117
Trd, 8638632.032, 70
Trd, 8638632.932, 69
Trd, 8638633.682, 77
Trd, 8638634.282, 89
Trd, 8638634.582, 107
Trd, 8638635.982, 64
Trd, 8638636.082, 65
Trd, 8638636.682, 66
Trd, 8638637.282, 84
Trd, 8638638.282, 102
Trd, 8638638.332, 100
Trd, 8638640.632, 106
Trd, 8638640.932, 102
Trd, 8638641.382, 108
Trd, 8638642.632, 104
Trd, 8638642.882, 115
Trd, 8638643.482, 105
Trd, 8638643.782, 95
Trd, 8638644.182, 88
Trd, 8638644.482, 88
Trd, 8638644.682, 60
Trd, 8638645.382, 76
Trd, 8638645.582, 75
Trd, 8638646.732, 120
Trd, 8638648.332, 72
Trd, 8638648.832, 114
Trd, 8638649.482, 113
Trd, 8638649.532, 113
Trd, 8638649.832, 123
Trd, 8638649.982, 87
Trd, 8638650.882, 67
Trd, 8638652.532, 130
Trd, 8638652.932, 125
Trd, 8638653.382, 124
Trd, 8638654.132, 93
Trd, 8638654.732, 106
Trd, 8638655.632, 110
Trd, 8638656.432, 108
Trd, 8638656.682, 133
Trd, 8638656.982, 131
Trd, 8638658.232, 107
Trd, 8638658.732, 107
Trd, 8638659.532, 105
Trd, 8638659.832, 85
Trd, 8638660.282, 84
Trd, 8638661.482, 118
Trd, 8638662.432, 123
Trd, 8638662.832, 119
Trd, 8638663.082, 84
Trd, 8638663.432, 84
Trd, 8638663.482, 67
Trd, 8638663.932, 83
Trd, 8638665.182, 117
Trd, 8638666.632, 87
Trd, 8638666.982, 85
Trd, 8638667.582, 125
Trd, 8638668.132, 75
Trd, 8638668.532, 76
Trd, 8638668.932, 72
Trd, 8638669.582, 72
Trd, 8638669.982, 127
Trd, 8638671.082, 95
Trd, 8638671.882, 128
Trd, 8638673.482, 112
Trd, 8638674.232, 74
Trd, 8638674.732, 80
Trd, 8638675.982, 61
Trd, 8638676.982, 89
Trd, 8638677.932, 74
Trd, 8638678.732, 73
Trd, 8638679.182, 80
Trd, 8638679.432, 91
Trd, 8638679.932, 72
Trd, 8638680.982, 125
Trd, 8638681.032, 107
Trd, 8638683.182, 70
Trd, 8638683.232, 74
Trd, 8638683.532, 60
Trd, 8638684.532, 123
Trd, 8638684.582, 119
Trd, 8638685.132, 119
Trd, 8638688.082, 60
Trd, 8638688.482, 60
Trd, 8638689.432, 69
Trd, 8638689.982, 89
Trd, 8638690.332, 105
Trd, 8638690.482, 103
Trd, 8638692.032, 118
Trd, 8638692.582, 105
Trd, 8638692.832, 135
Trd, 8638693.232, 102
Trd, 8638693.932, 91
Trd, 8638694.532, 61
Trd, 8638695.732, 105
Trd, 8638696.532, 106
Trd, 8638696.732, 74
Trd, 8638697.432, 109
Trd, 8638698.032, 62
Trd, 8638698.482, 94
Trd, 8638700.932, 121
Trd, 8638701.132, 120
Trd, 8638701.282, 110
Trd, 8638701.332, 110
Trd, 8638702.582, 128
Trd, 8638704.282, 114
Trd, 8638705.732, 114
Trd, 8638705.782, 112
Trd, 8638708.082, 133
Trd, 8638708.182, 122
Trd, 8638708.232, 120
Trd, 8638708.832, 115
Trd, 8638709.082, 94
Trd, 8638710.332, 94
Trd, 8638711.382, 94
Trd, 8638712.132, 108
Trd, 8638712.782, 67
Trd, 8638712.982, 101
Trd, 8638713.482, 99
Trd, 8638714.482, 61
Trd, 8638715.332, 61
Trd, 8638715.382, 68
Trd, 8638715.832, 79
Trd, 8638716.132, 61
Trd, 8638719.482, 112
Trd, 8638719.532, 111
Trd, 8638720.882, 98
Trd, 8638720.982, 110
Trd, 8638721.132, 98
Trd, 8638721.282, 81
Trd, 8638721.532, 90
Trd, 8638723.432, 122
Trd, 8638724.282, 110
Trd, 8638724.382, 106
Trd, 8638724.482, 93
Trd, 8638724.582, 74
Trd, 8638725.132, 111
Trd, 8638725.932, 115
Trd, 8638726.082, 113
Trd, 8638727.732, 110
Trd, 8638728.082, 109
Trd, 8638728.332, 75
Trd, 8638728.832, 103
Trd, 8638729.782, 60
Trd, 8638731.732, 64
Trd, 8638732.382, 88
Trd, 8638732.582, 138
Trd, 8638734.082, 102
Trd, 8638734.132, 102
Trd, 8638734.932, 88
Trd, 8638735.232, 70
Trd, 8638735.832, 106
Trd, 8638737.282, 114
Trd, 8638737.532, 91
Trd, 8638739.082, 131
Trd, 8638739.132, 130
Trd, 8638740.582, 112
Trd, 8638741.382, 82
Trd, 8638741.832, 63
Trd, 8638743.232, 61
Trd, 8638743.382, 65
Trd, 8638743.682, 90
Trd, 8638744.232, 96
Trd, 8638744.482, 98
Trd, 8638744.732, 98
Trd, 8638746.832, 60
Trd, 8638747.382, 139
Trd, 8638747.682, 138
Trd, 8638748.782, 123
Trd, 8638749.282, 101
Trd, 8638749.332, 76
Trd, 8638749.932, 71
Trd, 8638751.682, 103
Trd, 8638751.882, 97
Trd, 8638752.132, 96
Trd, 8638752.532, 75
Trd, 8638753.932, 69
Trd, 8638754.182, 134
Trd, 8638754.532, 132
Trd, 8638756.282, 92
Trd, 8638756.532, 101
Trd, 8638757.132, 94
Trd, 8638757.382, 92
Trd, 8638757.782, 89
Trd, 8638758.482, 71
Trd, 8638759.182, 71
Trd, 8638759.432, 60
Trd, 8638760.082, 103
Trd, 8638760.732, 84
Trd, 8638761.382, 65
Trd, 8638762.632, 60
Trd, 8638763.632, 79
Trd, 8638764.232, 71
Trd, 8638764.282, 72
Trd, 8638764.582, 65
Trd, 8638765.182, 106
Trd, 8638765.832, 65
Trd, 8638766.382, 84
Trd, 8638766.982, 109
Trd, 8638768.482, 109
Trd, 8638768.882, 107
Trd, 8638769.382, 103
Trd, 8638769.832, 102
Trd, 8638771.982, 85
Trd, 8638772.182, 97
Trd, 8638772.282, 73
Trd, 8638774.132, 102
Trd, 8638774.182, 99
Trd, 8638774.782, 101
Trd, 8638775.082, 105
Trd, 8638776.182, 123
Trd, 8638776.882, 99
Trd, 8638777.682, 116
Trd, 8638778.782, 70
Trd, 8638779.132, 82
Trd, 8638779.832, 70
Trd, 8638780.382, 65
Trd, 8638781.082, 120
Trd, 8638781.482, 118
Trd, 8638782.432, 118
Trd, 8638783.082, 116
Trd, 8638783.782, 107
Trd, 8638783.882, 106
Trd, 8638784.082, 103
Trd, 8638785.232, 94
Trd, 8638786.232, 60
Trd, 8638787.482, 61
Trd, 8638787.732, 69
Trd, 8638788.532, 75
Trd, 8638789.482, 87
Trd, 8638791.032, 84
Trd, 8638792.582, 85
Trd, 8638793.082, 112
Trd, 8638793.932, 121
Trd, 8638794.282, 120
Trd, 8638794.982, 108
Trd, 8638796.032, 94
Trd, 8638796.982, 136
Trd, 8638797.882, 132
Trd, 8638797.932, 112
Trd, 8638797.982, 81
Trd, 8638798.632, 98
Trd, 8638799.382, 107
Trd, 8638799.482, 100
Trd, 8638800.682, 117
Trd, 8638801.282, 121
Trd, 8638802.032, 104
Trd, 8638802.132, 79
Trd, 8638802.982, 130
Trd, 8638804.482, 136
Trd, 8638806.032, 78
Trd, 8638807.132, 98
Trd, 8638808.332, 122
Trd, 8638808.482, 122
Trd, 8638808.732, 132
Trd, 8638809.332, 131
Trd, 8638809.432, 130
Trd, 8638810.132, 109
Trd, 8638811.382, 133
Trd, 8638811.482, 121
Trd, 8638812.682, 101
Trd, 8638813.032, 61
Trd, 8638814.282, 65
Trd, 8638815.682, 88
Trd, 8638815.982, 88
Trd, 8638817.482, 81
Trd, 8638817.582, 104
Trd, 8638818.332, 90
Trd, 8638819.282, 114
Trd, 8638819.732, 113
Trd, 8638819.882, 101
Trd, 8638820.782, 88
Trd, 8638821.682, 97
Trd, 8638821.882, 103
Trd, 8638823.632, 64
Trd, 8638823.932, 125
Trd, 8638824.382, 108
Trd, 8638824.482, 108
Trd, 8638824.982, 69
Trd, 8638826.282, 103
Trd, 8638826.482, 102
Trd, 8638827.232, 70
Trd, 8638827.882, 66
Trd, 8638829.182, 108
Trd, 8638829.432, 108
Trd, 8638829.782, 70
Trd, 8638830.632, 67
Trd, 8638832.132, 103
Trd, 8638832.582, 65
Trd, 8638832.982, 65
Trd, 8638833.382, 60
Trd, 8638833.632, 65
Trd, 8638834.482, 82
Trd, 8638834.982, 61
Trd, 8638836.782, 68
Trd, 8638838.232, 70
Trd, 8638839.282, 60
Trd, 8638839.882, 97
Trd, 8638839.982, 128
Trd, 8638840.432, 61
Trd, 8638841.432, 60
Trd, 8638841.632, 71
Trd, 8638842.732, 64
Trd, 8638843.232, 63
Trd, 8638843.682, 61
Trd, 8638844.232, 83
Trd, 8638845.532, 81
Trd, 8638846.332, 60
Trd, 8638846.832, 91
Trd, 8638846.982, 115
Trd, 8638849.432, 62
Trd, 8638850.682, 60
Trd, 8638851.332, 61
Trd, 8638851.782, 68
Trd, 8638853.182, 61
Trd, 8638853.582, 72
Trd, 8638854.632, 61
Trd, 8638854.782, 61
Trd, 8638855.432, 110
Trd, 8638855.682, 70
Trd, 8638855.732, 67
Trd, 8638857.382, 113
Trd, 8638858.082, 137
Trd, 8638858.132, 113
Trd, 8638858.582, 111
Trd, 8638858.782, 67
Trd, 8638860.082, 62
Trd, 8638860.432, 63
Trd, 8638860.932, 128
Trd, 8638861.932, 68
Trd, 8638863.932, 68
Trd, 8638864.132, 112
Trd, 8638864.882, 65
Trd, 8638865.482, 87
Trd, 8638866.182, 60
Trd, 8638867.532, 61
Trd, 8638867.982, 95
Trd, 8638868.132, 64
Trd, 8638868.832, 61
Trd, 8638869.182, 63
Trd, 8638869.382, 67
Trd, 8638870.532, 63
Trd, 8638871.332, 139
Trd, 8638871.482, 138
Trd, 8638871.982, 131
Trd, 8638872.932, 92
Trd, 8638873.482, 92
Trd, 8638873.782, 134
Trd, 8638874.132, 109
Trd, 8638874.832, 90
Trd, 8638874.982, 102
Trd, 8638875.232, 89
Trd, 8638876.682, 68
Trd, 8638876.732, 72
Trd, 8638877.432, 115
Trd, 8638878.832, 115
Trd, 8638879.082, 110
Trd, 8638881.582, 66
Trd, 8638881.882, 65
Trd, 8638882.282, 68
Trd, 8638883.532, 126
Trd, 8638883.882, 130
Trd, 8638884.482, 115
Trd, 8638884.782, 112
Trd, 8638886.382, 63
Trd, 8638886.632, 69
Trd, 8638886.782, 84
Trd, 8638887.582, 106
Trd, 8638888.232, 85
Trd, 8638889.232, 85
Trd, 8638889.932, 85
Trd, 8638889.982, 81
Trd, 8638890.232, 62
Trd, 8638890.732, 87
Trd, 8638891.782, 90
Trd, 8638892.532, 104
Trd, 8638893.082, 91
Trd, 8638894.382, 96
Trd, 8638894.432, 93
Trd, 8638895.132, 105
Trd, 8638895.182, 101
Trd, 8638895.382, 92
Trd, 8638896.332, 124
Trd, 8638897.432, 139
Trd, 8638897.532, 120
Trd, 8638897.682, 115
Trd, 8638900.332, 63
Trd, 8638900.832, 70
Trd, 8638903.732, 67
Trd, 8638903.932, 73
Trd, 8638904.082, 62
Trd, 8638905.032, 64
Trd, 8638905.482, 81
Trd, 8638906.582, 94
Trd, 8638906.832, 77
Trd, 8638907.032, 89
Trd, 8638907.382, 75
Trd, 8638907.782, 80
Trd, 8638908.582, 83
Trd, 8638909.082, 82
Trd, 8638910.082, 129
Trd, 8638910.332, 128
Trd, 8638910.732, 127
Trd, 8638910.932, 111
Trd, 8638911.882, 139
Trd, 8638912.982, 109
Trd, 8638914.382, 77
Trd, 8638915.282, 89
Trd, 8638916.132, 103
Trd, 8638916.282, 77
Trd, 8638916.332, 77
Trd, 8638916.882, 73
Trd, 8638917.082, 65
Trd, 8638917.432, 110
Trd, 8638918.382, 91
Trd, 8638919.232, 65
Trd, 8638919.682, 85
Trd, 8638920.182, 108
Trd, 8638921.232, 134
Trd, 8638921.632, 132
Trd, 8638921.682, 131
Trd, 8638922.182, 113
Trd, 8638922.232, 79
Trd, 8638922.632, 98
Trd, 8638924.732, 88
Trd, 8638925.582, 96
Trd, 8638925.982, 87
Trd, 8638926.332, 135
Trd, 8638927.882, 106
Trd, 8638927.932, 105
Trd, 8638928.032, 87
Trd, 8638929.232, 119
Trd, 8638929.282, 107
Trd, 8638931.682, 111
Trd, 8638931.982, 86
Trd, 8638933.732, 70
Trd, 8638934.632, 75
Trd, 8638934.782, 68
Trd, 8638935.632, 67
Trd, 8638936.682, 66
Trd, 8638936.832, 68
Trd, 8638938.232, 80
Trd, 8638938.282, 64
Trd, 8638938.432, 81
Trd, 8638939.032, 81
Trd, 8638939.332, 62
Trd, 8638940.782, 115
Trd, 8638940.882, 115
Trd, 8638941.482, 67
Trd, 8638941.532, 64
Trd, 8638942.282, 67
Trd, 8638942.982, 131
Trd, 8638943.832, 122
Trd, 8638945.532, 124
Trd, 8638945.832, 121
Trd, 8638946.282, 80
Trd, 8638946.682, 81
Trd, 8638948.132, 140
Trd, 8638948.232, 138
Trd, 8638949.432, 130
Trd, 8638950.032, 119
Trd, 8638950.482, 119
Trd, 8638950.832, 91
Trd, 8638952.332, 90
Trd, 8638953.332, 99
Trd, 8638953.382, 95
Trd, 8638953.832, 94
Trd, 8638954.582, 138
Trd, 8638955.332, 102
Trd, 8638956.782, 107
Trd, 8638956.982, 107
Trd, 8638957.582, 106
Trd, 8638957.632, 111
Trd, 8638957.732, 106
Trd, 8638958.832, 123
Trd, 8638959.182, 123
Trd, 8638960.782, 129
Trd, 8638961.482, 122
Trd, 8638962.532, 121
Trd, 8638962.582, 120
Trd, 8638962.632, 108
Trd, 8638963.582, 62
Trd, 8638964.232, 119
Trd, 8638965.382, 113
Trd, 8638965.582, 64
Trd, 8638965.982, 93
Trd, 8638967.232, 71
Trd, 8638968.182, 135
Trd, 8638968.532, 139
Trd, 8638968.882, 134
Trd, 8638969.632, 106
Trd, 8638969.782, 105
Trd, 8638972.732, 126
Trd, 8638972.932, 125
Trd, 8638973.232, 124
Trd, 8638973.282, 100
Trd, 8638973.932, 133
Trd, 8638974.282, 97
Trd, 8638975.582, 98
Trd, 8638977.182, 135
Trd, 8638977.382, 123
Trd, 8638977.732, 116
Trd, 8638979.432, 63
Trd, 8638979.582, 65
Trd, 8638980.182, 60
Trd, 8638980.532, 96
Trd, 8638982.132, 112
Trd, 8638982.432, 112
Trd, 8638982.682, 112
Trd, 8638983.132, 107
Trd, 8638983.232, 106
Trd, 8638983.332, 88
Trd, 8638985.882, 111
Trd, 8638986.532, 111
Trd, 8638986.682, 110
Trd, 8638986.932, 77
Trd, 8638987.432, 70
Trd, 8638988.032, 79
Trd, 8638988.432, 74
Trd, 8638988.482, 99
Trd, 8638989.682, 80
Trd, 8638992.882, 61
Trd, 8638993.032, 120
Trd, 8638993.182, 127
Trd, 8638994.932, 78
Trd, 8638995.032, 71
Trd, 8638995.732, 90
Trd, 8638996.732, 78
Trd, 8638996.982, 101
Trd, 8638998.032, 75
Trd, 8638998.232, 139
Trd, 8638998.682, 94
Trd, 8638999.032, 74
Trd, 8638999.782, 91
Trd, 8639000.082, 70
Trd, 8639000.832, 62
Trd, 8639001.632, 64
Trd, 8639002.232, 65
Trd, 8639003.732, 110
Trd, 8639004.132, 137
Trd, 8639004.332, 106
Trd, 8639004.682, 108
Trd, 8639004.732, 98
Trd, 8639005.732, 120
Trd, 8639006.932, 123
Trd, 8639007.582, 121
Trd, 8639007.682, 120
Trd, 8639009.832, 138
Trd, 8639009.982, 137
Trd, 8639010.032, 137
Trd, 8639010.432, 108
Trd, 8639010.632, 117
Trd, 8639010.782, 88
Trd, 8639012.282, 89
Trd, 8639013.032, 85
Trd, 8639013.332, 88
Trd, 8639014.382, 61
Trd, 8639014.532, 87
Trd, 8639015.332, 62
Trd, 8639015.932, 69
Trd, 8639016.432, 107
Trd, 8639016.632, 106
Trd, 8639018.682, 134
Trd, 8639018.782, 115
Trd, 8639020.532, 105
Trd, 8639020.982, 109
Trd, 8639021.232, 108
Trd, 8639021.482, 105
Trd, 8639023.082, 118
Trd, 8639023.782, 112
Trd, 8639023.882, 106
Trd, 8639023.932, 103
Trd, 8639024.582, 129
Trd, 8639024.932, 100
Trd, 8639024.982, 94
Trd, 8639027.482, 134
Trd, 8639027.682, 122
Trd, 8639027.782, 122
Trd, 8639028.482, 139
Trd, 8639029.532, 139
Trd, 8639029.732, 138
Trd, 8639030.882, 103
Trd, 8639032.532, 139
Trd, 8639032.882, 133
Trd, 8639033.332, 124
Trd, 8639033.782, 109
Trd, 8639034.032, 127
Trd, 8639034.382, 127
Trd, 8639034.482, 104
Trd, 8639035.532, 123
Trd, 8639035.732, 121
Trd, 8639037.932, 136
Trd, 8639038.432, 87
Trd, 8639038.732, 84
Trd, 8639040.382, 103
Trd, 8639041.232, 107
Trd, 8639041.282, 105
Trd, 8639041.332, 91
Trd, 8639041.782, 99
Trd, 8639043.182, 126
Trd, 8639044.182, 99
Trd, 8639044.482, 81
Trd, 8639045.482, 80
Trd, 8639046.932, 79
Trd, 8639047.132, 101
Trd, 8639047.632, 79
Trd, 8639047.732, 101
Trd, 8639048.882, 89
Trd, 8639051.082, 107
Trd, 8639051.132, 107
Trd, 8639051.832, 114
Trd, 8639052.932, 119
Trd, 8639053.032, 113
Trd, 8639053.132, 81
Trd, 8639054.682, 111
Trd, 8639055.032, 70
Trd, 8639055.182, 61
Trd, 8639056.132, 107
Trd, 8639056.532, 107
Trd, 8639057.432, 81
Trd, 8639058.382, 76
Trd, 8639058.982, 107
Trd, 8639059.482, 96
Trd, 8639060.082, 118
Trd, 8639061.632, 105
Trd, 8639061.882, 123
Trd, 8639062.182, 78
Trd, 8639063.032, 139
Trd, 8639063.182, 103
Trd, 8639063.532, 75
Trd, 8639063.732, 74
Trd, 8639065.682, 64
Trd, 8639066.832, 61
Trd, 8639067.582, 105
Trd, 8639067.782, 104
Trd, 8639067.932, 60
Trd, 8639068.732, 128
Trd, 8639068.882, 128
Trd, 8639069.132, 121
Trd, 8639071.032, 120
Trd, 8639071.082, 91
Trd, 8639071.432, 81
Trd, 8639071.982, 70
Trd, 8639072.032, 79
Trd, 8639072.482, 86
Trd, 8639073.982, 61
Trd, 8639075.032, 62
Trd, 8639075.882, 129
Trd, 8639075.982, 127
Trd, 8639076.182, 81
Trd, 8639077.732, 61
Trd, 8639077.782, 86
Trd, 8639079.382, 77
Trd, 8639080.932, 73
Trd, 8639081.432, 76
Trd, 8639081.532, 90
Trd, 8639081.582, 116
Trd, 8639082.732, 67
Trd, 8639082.832, 84
Trd, 8639084.082, 75
Trd, 8639084.432, 65
Trd, 8639085.532, 64
Trd, 8639087.932, 63
Trd, 8639088.282, 70
Trd, 8639088.582, 76
Trd, 8639089.882, 60
Trd, 8639090.382, 60
Trd, 8639091.232, 73
Trd, 8639092.832, 63
Trd, 8639093.532, 61
Trd, 8639094.482, 65
Trd, 8639094.532, 83
Trd, 8639094.732, 62
Trd, 8639096.082, 73
Trd, 8639097.232, 65
Trd, 8639098.082, 63
Trd, 8639098.332, 82
Trd, 8639099.332, 67
Trd, 8639100.032, 88
Trd, 8639100.482, 69
Trd, 8639101.532, 86
Trd, 8639101.682, 66
Trd, 8639102.232, 64
Trd, 8639102.882, 104
Trd, 8639103.382, 61
Trd, 8639104.482, 60
Trd, 8639106.732, 124
Trd, 8639106.832, 87
Trd, 8639106.882, 79
Trd, 8639107.082, 76
Trd, 8639107.282, 122
Trd, 8639109.132, 103
Trd, 8639110.182, 106
Trd, 8639110.482, 98
Trd, 8639111.132, 101
Trd, 8639111.482, 98
Trd, 8639111.932, 82
Trd, 8639112.482, 88
Trd, 8639112.582, 73
Trd, 8639112.732, 71
Trd, 8639113.182, 113
Trd, 8639113.532, 96
Trd, 8639114.932, 64
Trd, 8639115.832, 117
Trd, 8639116.682, 115
Trd, 8639117.032, 82
Trd, 8639117.282, 125
Trd, 8639117.682, 81
Trd, 8639117.982, 112
Trd, 8639118.632, 112
Trd, 8639119.582, 99
Trd, 8639120.232, 91
Trd, 8639121.532, 91
Trd, 8639121.682, 90
Trd, 8639122.882, 127
Trd, 8639125.032, 118
Trd, 8639125.382, 115
Trd, 8639126.532, 128
Trd, 8639126.682, 106
Trd, 8639126.732, 80
Trd, 8639127.032, 116
Trd, 8639127.182, 65
Trd, 8639129.082, 112
Trd, 8639129.182, 108
Trd, 8639129.482, 83
Trd, 8639130.182, 76
Trd, 8639131.232, 128
Trd, 8639131.682, 77
Trd, 8639131.882, 76
Trd, 8639133.232, 86
Trd, 8639133.282, 77
Trd, 8639134.232, 116
Trd, 8639134.582, 136
Trd, 8639135.182, 109
Trd, 8639135.582, 114
Trd, 8639136.882, 92
Trd, 8639137.782, 65
Trd, 8639138.032, 71
Trd, 8639138.232, 89
Trd, 8639139.382, 140
Trd, 8639142.932, 118
Trd, 8639143.032, 122
Trd, 8639143.132, 110
Trd, 8639143.382, 105
Trd, 8639143.782, 98
Trd, 8639145.882, 137
Trd, 8639146.882, 108
Trd, 8639147.482, 121
Trd, 8639147.882, 124
Trd, 8639148.132, 120
Trd, 8639148.932, 130
Trd, 8639151.332, 117
Trd, 8639151.582, 116
Trd, 8639152.832, 115
Trd, 8639152.932, 114
Trd, 8639153.682, 111
Trd, 8639154.432, 98
Trd, 8639154.682, 111
Trd, 8639154.732, 90
Trd, 8639154.882, 93
Trd, 8639156.232, 127
Trd, 8639156.382, 99
Trd, 8639158.082, 90
Trd, 8639158.332, 96
Trd, 8639160.132, 69
Trd, 8639160.782, 95
Trd, 8639162.032, 73
Trd, 8639162.532, 67
Trd, 8639162.782, 60
Trd, 8639162.832, 62
Trd, 8639163.732, 76
Trd, 8639164.332, 124
Trd, 8639164.532, 106
Trd, 8639165.332, 70
Trd, 8639166.932, 127
Trd, 8639167.532, 126
Trd, 8639168.632, 104
Trd, 8639170.332, 81
Trd, 8639170.882, 106
Trd, 8639171.882, 71
Trd, 8639172.482, 60
Trd, 8639172.582, 61
Trd, 8639172.882, 98
Trd, 8639173.282, 105
Trd, 8639173.432, 98
Trd, 8639174.832, 62
Trd, 8639175.382, 65
Trd, 8639175.582, 105
Trd, 8639177.182, 82
Trd, 8639177.782, 87
Trd, 8639178.132, 108
Trd, 8639178.932, 105
Trd, 8639180.332, 114
Trd, 8639180.382, 110
Trd, 8639181.132, 126
Trd, 8639182.982, 101
Trd, 8639183.082, 98
Trd, 8639183.232, 98
Trd, 8639183.482, 77
Trd, 8639184.182, 79
Trd, 8639186.682, 111
Trd, 8639186.832, 91
Trd, 8639187.732, 130
Trd, 8639188.132, 125
Trd, 8639188.482, 110
Trd, 8639188.682, 110
Trd, 8639190.432, 120
Trd, 8639190.582, 111
Trd, 8639191.332, 108
Trd, 8639192.382, 134
Trd, 8639192.432, 133
Trd, 8639192.732, 84
Trd, 8639192.932, 92
Trd, 8639194.482, 119
Trd, 8639195.582, 87
Trd, 8639196.282, 109
Trd, 8639196.882, 129
Trd, 8639197.282, 98
Trd, 8639198.832, 103
Trd, 8639199.982, 120
Trd, 8639200.232, 121
Trd, 8639200.682, 120
Trd, 8639201.082, 140
Trd, 8639201.182, 119
Trd, 8639201.382, 119
Trd, 8639202.232, 101
Trd, 8639203.732, 123
Trd, 8639204.082, 100
Trd, 8639205.282, 108
Trd, 8639206.382, 76
Trd, 8639207.032, 61
Trd, 8639207.132, 79
Trd, 8639207.732, 85
Trd, 8639208.032, 127
Trd, 8639208.382, 62
Trd, 8639209.282, 63
Trd, 8639210.282, 137
Trd, 8639210.782, 136
Trd, 8639211.982, 91
Trd, 8639212.182, 109
Trd, 8639212.432, 94
Trd, 8639212.932, 85
Trd, 8639214.732, 135
Trd, 8639216.082, 125
Trd, 8639216.232, 124
Trd, 8639216.432, 98
Trd, 8639217.432, 131
Trd, 8639219.132, 130
Trd, 8639219.282, 131
Trd, 8639219.382, 123
Trd, 8639219.682, 114
Trd, 8639219.782, 113
Trd, 8639220.932, 98
Trd, 8639221.282, 98
Trd, 8639221.332, 90
Trd, 8639222.082, 103
Trd, 8639223.582, 79
Trd, 8639224.882, 70
Trd, 8639225.382, 70
Trd, 8639225.982, 115
Trd, 8639226.232, 106
Trd, 8639226.832, 115
Trd, 8639227.182, 85
Trd, 8639228.582, 124
Trd, 8639229.732, 101
Trd, 8639231.282, 137
Trd, 8639231.482, 104
Trd, 8639231.932, 134
Trd, 8639232.982, 81
Trd, 8639233.482, 78
Trd, 8639233.982, 92
Trd, 8639234.732, 117
Trd, 8639235.432, 69
Trd, 8639235.582, 99
Trd, 8639237.832, 120
Trd, 8639238.282, 120
Trd, 8639238.482, 121
Trd, 8639239.682, 121
Trd, 8639240.432, 117
Trd, 8639240.632, 98
Trd, 8639241.032, 92
Trd, 8639242.732, 118
Trd, 8639242.782, 117
Trd, 8639243.182, 114
Trd, 8639244.032, 92
Trd, 8639244.782, 127
Trd, 8639246.332, 100
Trd, 8639247.032, 97
Trd, 8639247.532, 97
Trd, 8639248.682, 122
Trd, 8639249.332, 111
Trd, 8639250.632, 95
Trd, 8639251.032, 133
Trd, 8639251.332, 95
Trd, 8639251.782, 118
Trd, 8639252.132, 104
Trd, 8639252.382, 102
Trd, 8639254.082, 112
Trd, 8639254.732, 100
Trd, 8639255.182, 97
Trd, 8639255.732, 105
Trd, 8639255.882, 62
Trd, 8639256.482, 111
Trd, 8639256.682, 103
Trd, 8639258.232, 65
Trd, 8639258.632, 69
Trd, 8639258.732, 113
Trd, 8639259.332, 122
Trd, 8639261.382, 61
Trd, 8639261.882, 66
Trd, 8639262.782, 69
Trd, 8639263.632, 137
Trd, 8639264.182, 134
Trd, 8639264.282, 133
Trd, 8639264.732, 100
Trd, 8639266.482, 126
Trd, 8639267.332, 116
Trd, 8639267.932, 130
Trd, 8639267.982, 105
Trd, 8639268.032, 68
Trd, 8639268.532, 135
Trd, 8639269.732, 124
Trd, 8639270.232, 90
Trd, 8639270.832, 107
Trd, 8639271.082, 106
Trd, 8639271.382, 113
Trd, 8639272.032, 79
Trd, 8639272.682, 85
Trd, 8639273.332, 122
Trd, 8639274.082, 114
Trd, 8639274.382, 97
Trd, 8639274.682, 103
Trd, 8639275.382, 84
Trd, 8639276.132, 62
Trd, 8639277.432, 66
Trd, 8639278.032, 60
Trd, 8639278.932, 93
Trd, 8639279.232, 101
Trd, 8639279.282, 115
Trd, 8639280.382, 76
Trd, 8639281.832, 99
Trd, 8639282.032, 82
Trd, 8639282.982, 75
Trd, 8639285.082, 94
Trd, 8639285.432, 93
Trd, 8639287.182, 107
Trd, 8639287.482, 126
Trd, 8639288.532, 130
Trd, 8639288.582, 129
Trd, 8639289.132, 129
Trd, 8639289.232, 140
Trd, 8639289.782, 129
Trd, 8639290.632, 132
Trd, 8639290.782, 131
Trd, 8639290.982, 120
Trd, 8639291.082, 90
Trd, 8639292.182, 78
Trd, 8639292.282, 61
Trd, 8639292.682, 98
Trd, 8639295.032, 117
Trd, 8639295.132, 109
Trd, 8639295.182, 108
Trd, 8639297.282, 98
Trd, 8639297.732, 93
Trd, 8639299.382, 136
Trd, 8639300.232, 128
Trd, 8639300.982, 87
Trd, 8639301.682, 105
Trd, 8639301.782, 77
Trd, 8639303.432, 89
Trd, 8639303.682, 88
Trd, 8639303.732, 88
Trd, 8639303.782, 95
Trd, 8639303.982, 119
Trd, 8639304.882, 90
Trd, 8639305.582, 86
Trd, 8639305.982, 138
Trd, 8639306.332, 80
Trd, 8639308.132, 120
Trd, 8639308.782, 129
Trd, 8639309.032, 119
Trd, 8639309.332, 96
Trd, 8639309.582, 92
Trd, 8639310.382, 61
Trd, 8639311.182, 107
Trd, 8639312.282, 67
Trd, 8639313.032, 78
Trd, 8639313.432, 62
Trd, 8639314.732, 133
Trd, 8639315.732, 63
Trd, 8639316.682, 61
Trd, 8639317.432, 63
Trd, 8639319.132, 61
Trd, 8639319.282, 76
Trd, 8639319.432, 71
Trd, 8639319.932, 100
Trd, 8639322.082, 117
Trd, 8639323.282, 119
Trd, 8639323.932, 132
Trd, 8639324.182, 131
Trd, 8639324.832, 125
Trd, 8639325.082, 121
Trd, 8639325.132, 89
Trd, 8639325.932, 122
Trd, 8639326.382, 113
Trd, 8639327.882, 64
Trd, 8639328.082, 68
Trd, 8639328.682, 68
Trd, 8639329.182, 97
Trd, 8639330.132, 135
Trd, 8639330.782, 134
Trd, 8639331.282, 132
Trd, 8639331.682, 132
Trd, 8639332.732, 138
Trd, 8639333.882, 127
Trd, 8639335.582, 125
Trd, 8639336.282, 102
Trd, 8639337.132, 110
Trd, 8639338.032, 93
Trd, 8639338.932, 95
Trd, 8639339.582, 74
Trd, 8639339.782, 103
Trd, 8639340.382, 84
Trd, 8639340.982, 65
Trd, 8639342.282, 74
Trd, 8639342.682, 65
Trd, 8639343.432, 63
Trd, 8639344.132, 64
Trd, 8639344.282, 75
Trd, 8639344.632, 60
Trd, 8639345.282, 71
Trd, 8639345.982, 72
Trd, 8639346.382, 131
Trd, 8639347.632, 60
Trd, 8639348.032, 105
Trd, 8639348.782, 63
Trd, 8639349.432, 100
Trd, 8639350.032, 62
Trd, 8639351.032, 136
Trd, 8639351.232, 97
Trd, 8639351.332, 96
Trd, 8639351.482, 62
Trd, 8639351.632, 94
Trd, 8639352.532, 130
Trd, 8639353.782, 70
Trd, 8639353.832, 82
Trd, 8639354.582, 86
Trd, 8639356.282, 106
Trd, 8639356.332, 105
Trd, 8639356.882, 96
Trd, 8639357.932, 71
Trd, 8639358.132, 66
Trd, 8639359.882, 78
Trd, 8639360.132, 61
Trd, 8639360.982, 85
Trd, 8639361.882, 117
Trd, 8639361.982, 117
Trd, 8639362.282, 89
Trd, 8639362.832, 75
Trd, 8639363.482, 63
Trd, 8639364.132, 77
Trd, 8639364.882, 67
Trd, 8639366.582, 79
Trd, 8639366.782, 78
Trd, 8639367.132, 95
Trd, 8639368.182, 129
Trd, 8639368.532, 117
Trd, 8639370.332, 116
Trd, 8639370.882, 115
Trd, 8639371.082, 94
Trd, 8639371.982, 136
Trd, 8639372.032, 135
Trd, 8639372.132, 87
Trd, 8639372.582, 93
Trd, 8639372.982, 122
Trd, 8639373.682, 135
Trd, 8639374.482, 131
Trd, 8639376.232, 102
Trd, 8639377.382, 102
Trd, 8639378.582, 79
Trd, 8639379.232, 88
Trd, 8639379.932, 78
Trd, 8639380.232, 130
Trd, 8639382.582, 140
Trd, 8639382.882, 116
Trd, 8639382.982, 106
Trd, 8639383.182, 124
Trd, 8639384.982, 132
Trd, 8639385.232, 129
Trd, 8639385.982, 88
Trd, 8639386.582, 103
Trd, 8639386.832, 103
Trd, 8639387.132, 115
Trd, 8639387.532, 103
Trd, 8639387.682, 103
Trd, 8639388.632, 64
Trd, 8639388.732, 63
Trd, 8639389.732, 105
Trd, 8639390.382, 101
Trd, 8639391.282, 67
Trd, 8639393.132, 122
Trd, 8639393.282, 119
Trd, 8639393.682, 65
Trd, 8639393.982, 62
Trd, 8639395.782, 90
Trd, 8639396.032, 63
Trd, 8639396.732, 101
Trd, 8639397.282, 119
Trd, 8639397.482, 103
Trd, 8639397.982, 103
Trd, 8639399.182, 111
Trd, 8639399.632, 91
Trd, 8639399.682, 77
Trd, 8639401.382, 123
Trd, 8639401.482, 98
Trd, 8639403.382, 124
Trd, 8639403.482, 108
Trd, 8639404.182, 108
Trd, 8639404.932, 106
Trd, 8639405.382, 108
Trd, 8639405.532, 101
Trd, 8639406.382, 119
Trd, 8639407.482, 76
Trd, 8639407.682, 103
Trd, 8639409.532, 121
Trd, 8639409.682, 120
Trd, 8639409.732, 100
Trd, 8639411.032, 82
Trd, 8639411.982, 125
Trd, 8639412.732, 123
Trd, 8639412.782, 123
Trd, 8639413.582, 121
Trd, 8639414.632, 92
Trd, 8639414.682, 94
Trd, 8639415.882, 83
Trd, 8639416.232, 71
Trd, 8639416.582, 90
Trd, 8639418.932, 137
Trd, 8639419.632, 108
Trd, 8639419.732, 86
Trd, 8639420.982, 129
Trd, 8639421.182, 129
Trd, 8639421.232, 128
Trd, 8639421.932, 118
Trd, 8639422.532, 137
Trd, 8639422.932, 108
Trd, 8639423.682, 111
Trd, 8639424.282, 80
Trd, 8639424.632, 68
Trd, 8639427.832, 123
Trd, 8639428.332, 137
Trd, 8639429.282, 122
Trd, 8639429.632, 121
Trd, 8639429.732, 115
Trd, 8639429.982, 68
Trd, 8639430.932, 61
Trd, 8639431.982, 61
Trd, 8639432.682, 77
Trd, 8639433.082, 61
Trd, 8639433.982, 68
Trd, 8639434.182, 90
Trd, 8639435.632, 94
Trd, 8639435.982, 69
Trd, 8639436.182, 67
Trd, 8639437.682, 81
Trd, 8639437.932, 74
Trd, 8639439.032, 61
Trd, 8639439.782, 97
Trd, 8639440.432, 70
Trd, 8639440.832, 73
Trd, 8639441.182, 88
Trd, 8639442.632, 71
Trd, 8639442.732, 91
Trd, 8639443.282, 111
Trd, 8639444.032, 112
Trd, 8639444.132, 124
Trd, 8639444.382, 83
Trd, 8639445.032, 71
Trd, 8639445.682, 65
Trd, 8639445.732, 65
Trd, 8639446.032, 95
Trd, 8639446.182, 98
Trd, 8639448.082, 61
Trd, 8639448.582, 112
Trd, 8639448.682, 111
Trd, 8639449.482, 131
Trd, 8639449.832, 110
Trd, 8639450.132, 83
Trd, 8639451.582, 61
Trd, 8639453.082, 101
Trd, 8639453.382, 66
Trd, 8639454.332, 63
Trd, 8639454.582, 115
Trd, 8639456.482, 103
Trd, 8639457.382, 116
Trd, 8639457.532, 104
Trd, 8639457.982, 107
Trd, 8639458.382, 104
Trd, 8639458.932, 99
Trd, 8639459.732, 94
Trd, 8639460.032, 128
Trd, 8639460.532, 132
Trd, 8639461.032, 73
Trd, 8639462.082, 93
Trd, 8639462.282, 101
Trd, 8639463.982, 67
Trd, 8639464.682, 76
Trd, 8639465.232, 138
Trd, 8639465.482, 137
Trd, 8639465.782, 136
Trd, 8639465.982, 110
Trd, 8639467.332, 97
Trd, 8639467.732, 131
Trd, 8639468.982, 88
Trd, 8639469.482, 91
Trd, 8639470.082, 109
Trd, 8639470.782, 126
Trd, 8639471.482, 100
Trd, 8639471.682, 88
Trd, 8639471.832, 88
Trd, 8639472.582, 132
Trd, 8639473.782, 85
Trd, 8639474.932, 91
Trd, 8639475.432, 111
Trd, 8639475.982, 124
Trd, 8639476.432, 82
Trd, 8639476.732, 82
Trd, 8639477.732, 130
Trd, 8639477.932, 108
Trd, 8639478.682, 108
Trd, 8639479.032, 106
Trd, 8639479.532, 130
Trd, 8639479.782, 120
Trd, 8639480.082, 131
Trd, 8639480.482, 118
Trd, 8639480.882, 87
Trd, 8639481.682, 61
Trd, 8639483.032, 127
Trd, 8639483.182, 125
Trd, 8639484.532, 117
Trd, 8639484.582, 128
Trd, 8639484.882, 79
Trd, 8639485.782, 78
Trd, 8639486.732, 83
Trd, 8639487.132, 68
Trd, 8639487.332, 87
Trd, 8639488.832, 118
Trd, 8639489.532, 111
Trd, 8639490.082, 88
Trd, 8639490.332, 88
Trd, 8639490.882, 76
Trd, 8639493.132, 64
Trd, 8639493.182, 65
Trd, 8639493.382, 67
Trd, 8639494.282, 102
Trd, 8639494.732, 92
Trd, 8639496.982, 78
Trd, 8639497.232, 99
Trd, 8639497.782, 91
Trd, 8639497.832, 91
Trd, 8639498.232, 93
Trd, 8639499.332, 106
Trd, 8639499.732, 79
Trd, 8639500.032, 78
Trd, 8639500.632, 83
Trd, 8639500.682, 79
Trd, 8639501.282, 81
Trd, 8639501.932, 85
Trd, 8639502.882, 129
Trd, 8639503.332, 120
Trd, 8639503.582, 100
Trd, 8639504.632, 109
Trd, 8639505.482, 88
Trd, 8639506.582, 72
Trd, 8639506.982, 77
Trd, 8639507.532, 90
Trd, 8639507.582, 86
Trd, 8639508.982, 75
Trd, 8639510.082, 71
Trd, 8639510.132, 68
Trd, 8639510.582, 104
Trd, 8639512.532, 64
Trd, 8639512.932, 85
Trd, 8639514.282, 72
Trd, 8639515.382, 75
Trd, 8639516.232, 64
Trd, 8639516.582, 60
Trd, 8639517.432, 64
Trd, 8639518.482, 130
Trd, 8639518.582, 118
Trd, 8639518.782, 87
Trd, 8639518.932, 72
Trd, 8639519.582, 137
Trd, 8639521.132, 68
Trd, 8639521.482, 75
Trd, 8639522.232, 129
Trd, 8639522.982, 64
Trd, 8639523.432, 64
Trd, 8639524.332, 104
Trd, 8639524.832, 93
Trd, 8639525.682, 107
Trd, 8639526.132, 107
Trd, 8639526.432, 107
Trd, 8639526.682, 107
Trd, 8639527.582, 108
Trd, 8639527.832, 71
Trd, 8639529.582, 99
Trd, 8639529.982, 126
Trd, 8639530.132, 125
Trd, 8639531.982, 139
Trd, 8639532.382, 137
Trd, 8639532.432, 133
Trd, 8639532.732, 98
Trd, 8639533.382, 97
Trd, 8639535.882, 64
Trd, 8639536.682, 136
Trd, 8639536.732, 136
Trd, 8639536.932, 135
Trd, 8639537.232, 129
Trd, 8639537.332, 93
Trd, 8639537.832, 100
Trd, 8639538.532, 106
Trd, 8639540.382, 125
Trd, 8639540.532, 124
Trd, 8639541.132, 97
Trd, 8639541.232, 91
Trd, 8639541.832, 109
Trd, 8639541.932, 108
Trd, 8639542.282, 108
Trd, 8639543.032, 132
Trd, 8639543.182, 86
Trd, 8639543.232, 86
Trd, 8639543.532, 126
Trd, 8639545.532, 133
Trd, 8639546.082, 120
Trd, 8639546.532, 114
Trd, 8639547.032, 131
Trd, 8639547.482, 123
Trd, 8639548.232, 89
Trd, 8639549.082, 85
Trd, 8639549.232, 94
Trd, 8639550.382, 100
Trd, 8639551.482, 73
Trd, 8639552.832, 81
Trd, 8639552.882, 81
Trd, 8639553.632, 140
Trd, 8639554.882, 80
Trd, 8639555.332, 79
Trd, 8639556.632, 83
Trd, 8639556.782, 83
Trd, 8639557.132, 63
Trd, 8639557.332, 71
Trd, 8639557.482, 71
Trd, 8639559.182, 93
Trd, 8639560.132, 129
Trd, 8639560.732, 81
Trd, 8639561.532, 127
Trd, 8639561.632, 126
Trd, 8639563.232, 130
Trd, 8639565.132, 128
Trd, 8639566.082, 140
Trd, 8639566.182, 140
Trd, 8639566.232, 138
Trd, 8639566.332, 123
Trd, 8639567.282, 103
Trd, 8639567.432, 115
Trd, 8639568.432, 74
Trd, 8639568.832, 104
Trd, 8639569.382, 73
Trd, 8639569.982, 128
Trd, 8639571.732, 88
Trd, 8639571.932, 116
Trd, 8639572.332, 87
Trd, 8639573.582, 112
Trd, 8639574.532, 104
Trd, 8639575.382, 95
Trd, 8639575.832, 95
Trd, 8639575.882, 77
Trd, 8639577.332, 108
Trd, 8639578.432, 101
Trd, 8639579.882, 129
Trd, 8639580.632, 129
Trd, 8639580.882, 129
Trd, 8639580.982, 127
Trd, 8639581.632, 123
Trd, 8639582.282, 86
Trd, 8639583.982, 106
Trd, 8639584.482, 123
Trd, 8639584.632, 135
Trd, 8639585.432, 99
Trd, 8639585.782, 99
Trd, 8639586.382, 81
Trd, 8639586.732, 77
Trd, 8639586.832, 75
Trd, 8639587.332, 75
Trd, 8639589.082, 94
Trd, 8639589.482, 74
Trd, 8639590.832, 117
Trd, 8639591.132, 104
Trd, 8639591.432, 104
Trd, 8639591.632, 65
Trd, 8639592.382, 100
Trd, 8639593.182, 105
Trd, 8639595.182, 122
Trd, 8639595.582, 121
Trd, 8639596.832, 108
Trd, 8639597.582, 133
Trd, 8639597.782, 127
Trd, 8639597.832, 124
Trd, 8639599.332, 137
Trd, 8639600.532, 79
Trd, 8639600.782, 79
Trd, 8639601.132, 77
Trd, 8639601.532, 64
Trd, 8639602.382, 112
Trd, 8639602.732, 110
Trd, 8639603.982, 111
Trd, 8639604.482, 127
Trd, 8639606.282, 83
Trd, 8639606.382, 99
Trd, 8639607.232, 70
Trd, 8639607.432, 72
Trd, 8639607.532, 70
Trd, 8639607.882, 74
Trd, 8639608.532, 60
Trd, 8639609.982, 61
Trd, 8639610.932, 90
Trd, 8639611.282, 94
Trd, 8639612.082, 136
Trd, 8639612.232, 135
Trd, 8639612.932, 133
Trd, 8639614.832, 103
Trd, 8639615.032, 126
Trd, 8639615.232, 99
Trd, 8639615.832, 103
Trd, 8639616.182, 77
Trd, 8639616.382, 91
Trd, 8639616.882, 79
Trd, 8639617.782, 97
Trd, 8639620.182, 88
Trd, 8639620.332, 87
Trd, 8639620.882, 122
Trd, 8639622.032, 116
Trd, 8639622.132, 70
Trd, 8639622.932, 94
Trd, 8639623.432, 98
Trd, 8639624.082, 100
Trd, 8639624.782, 61
Trd, 8639625.332, 100
Trd, 8639626.782, 63
Trd, 8639626.982, 64
Trd, 8639627.882, 65
Trd, 8639629.732, 75
Trd, 8639629.782, 78
Trd, 8639629.932, 116
Trd, 8639630.782, 109
Trd, 8639632.182, 72
Trd, 8639632.432, 108
Trd, 8639633.582, 60
Trd, 8639634.432, 60
Trd, 8639635.732, 60
Trd, 8639636.032, 111
Trd, 8639636.282, 103
Trd, 8639637.582, 62
Trd, 8639638.232, 77
Trd, 8639638.782, 76
Trd, 8639638.882, 78
Trd, 8639641.182, 117
Trd, 8639641.282, 116
Trd, 8639642.082, 107
Trd, 8639642.282, 108
Trd, 8639642.532, 105
Trd, 8639643.382, 127
Trd, 8639643.982, 91
Trd, 8639644.132, 85
Trd, 8639644.432, 98
Trd, 8639645.182, 102
Trd, 8639645.832, 60
Trd, 8639646.082, 61
Trd, 8639647.132, 85
Trd, 8639647.682, 105
Trd, 8639647.732, 79
Trd, 8639648.832, 78
Trd, 8639649.682, 103
Trd, 8639649.732, 93
Trd, 8639650.232, 81
Trd, 8639650.632, 70
Trd, 8639652.482, 67
Trd, 8639652.732, 70
Trd, 8639654.182, 81
Trd, 8639654.282, 99
Trd, 8639654.332, 79
Trd, 8639654.782, 72
Trd, 8639654.932, 76
Trd, 8639656.482, 125
Trd, 8639657.982, 139
Trd, 8639658.532, 137
Trd, 8639658.732, 112
Trd, 8639659.632, 133
Trd, 8639659.682, 132
Trd, 8639660.932, 85
Trd, 8639662.082, 138
Trd, 8639662.982, 103
Trd, 8639663.032, 94
Trd, 8639663.432, 92
Trd, 8639663.532, 87
Trd, 8639663.932, 103
Trd, 8639664.232, 77
Trd, 8639665.582, 117
Trd, 8639665.632, 117
Trd, 8639666.582, 65
Trd, 8639666.732, 97
Trd, 8639667.682, 105
Trd, 8639668.732, 76
Trd, 8639669.532, 106
Trd, 8639669.632, 80
Trd, 8639670.332, 75
Trd, 8639671.482, 79
Trd, 8639672.282, 122
Trd, 8639672.582, 85
Trd, 8639673.432, 84
Trd, 8639673.532, 80
Trd, 8639675.432, 62
Trd, 8639675.832, 118
Trd, 8639676.032, 102
Trd, 8639677.432, 84
Trd, 8639678.382, 127
Trd, 8639678.832, 119
Trd, 8639679.232, 118
Trd, 8639679.432, 93
Trd, 8639680.032, 76
Trd, 8639680.282, 71
Trd, 8639680.582, 75
Trd, 8639680.782, 70
Trd, 8639681.982, 70
Trd, 8639682.182, 88
Trd, 8639683.582, 98
Trd, 8639684.182, 98
Trd, 8639684.832, 112
Trd, 8639686.132, 110
Trd, 8639686.732, 72
Trd, 8639686.782, 70
Trd, 8639687.732, 79
Trd, 8639687.782, 92
Trd, 8639688.332, 70
Trd, 8639689.932, 125
Trd, 8639690.082, 71
Trd, 8639690.432, 69
Trd, 8639691.032, 68
Trd, 8639692.232, 106
Trd, 8639693.332, 119
Trd, 8639694.532, 118
Trd, 8639694.582, 93
Trd, 8639695.382, 106
Trd, 8639695.732, 106
Trd, 8639695.782, 105
Trd, 8639696.732, 61
Trd, 8639697.882, 138
Trd, 8639698.182, 83
Trd, 8639698.532, 76
Trd, 8639698.982, 98
Trd, 8639699.982, 93
Trd, 8639700.182, 93
Trd, 8639701.282, 122
Trd, 8639701.382, 94
Trd, 8639702.182, 126
Trd, 8639702.482, 124
Trd, 8639703.232, 103
Trd, 8639703.682, 120
Trd, 8639704.582, 122
Trd, 8639704.832, 103
Trd, 8639705.432, 109
Trd, 8639705.682, 84
Trd, 8639706.832, 61
Trd, 8639707.432, 73
Trd, 8639707.782, 107
Trd, 8639708.382, 122
Trd, 8639709.432, 98
Trd, 8639710.382, 60
Trd, 8639710.932, 65
Trd, 8639711.782, 102
Trd, 8639712.782, 104
Trd, 8639713.482, 131
Trd, 8639714.232, 131
Trd, 8639714.832, 130
Trd, 8639715.032, 122
Trd, 8639716.082, 81
Trd, 8639718.082, 128
Trd, 8639718.182, 128
Trd, 8639718.232, 74
Trd, 8639718.532, 97
Trd, 8639719.482, 118
Trd, 8639719.582, 108
Trd, 8639720.482, 60
Trd, 8639721.132, 110
Trd, 8639721.382, 114
Trd, 8639721.632, 62
Trd, 8639722.682, 89
Trd, 8639723.582, 108
Trd, 8639724.032, 71
Trd, 8639724.982, 70
Trd, 8639725.432, 85
Trd, 8639727.282, 88
Trd, 8639729.482, 117
Trd, 8639730.082, 117
Trd, 8639730.182, 116
Trd, 8639731.632, 128
Trd, 8639731.682, 106
Trd, 8639732.732, 129
Trd, 8639732.932, 128
Trd, 8639733.732, 106
Trd, 8639734.432, 102
Trd, 8639734.682, 83
Trd, 8639734.832, 73
Trd, 8639735.332, 84
Trd, 8639735.382, 73
Trd, 8639737.032, 79
Trd, 8639737.432, 84
Trd, 8639737.682, 80
Trd, 8639738.082, 70
Trd, 8639738.432, 92
Trd, 8639739.682, 60
Trd, 8639740.382, 89
Trd, 8639741.582, 64
Trd, 8639742.682, 92
Trd, 8639743.332, 69
Trd, 8639743.832, 68
Trd, 8639743.882, 80
Trd, 8639744.482, 73
Trd, 8639745.182, 70
Trd, 8639745.882, 74
Trd, 8639746.932, 139
Trd, 8639747.782, 97
Trd, 8639748.232, 87
Trd, 8639748.882, 126
Trd, 8639749.632, 97
Trd, 8639749.732, 62
Trd, 8639750.432, 84
Trd, 8639750.582, 138
Trd, 8639751.632, 62
Trd, 8639752.632, 70
Trd, 8639754.782, 104
Trd, 8639755.032, 83
Trd, 8639755.982, 120
Trd, 8639756.182, 121
Trd, 8639756.482, 110
Trd, 8639757.732, 109
Trd, 8639757.832, 107
Trd, 8639759.632, 133
Trd, 8639760.182, 140
Trd, 8639760.932, 138
Trd, 8639761.882, 93
Trd, 8639762.182, 76
Trd, 8639762.282, 90
Trd, 8639763.282, 123
Trd, 8639764.182, 78
Trd, 8639764.282, 61
Trd, 8639766.282, 98
Trd, 8639766.882, 99
Trd, 8639766.982, 104
Trd, 8639767.082, 89
Trd, 8639767.232, 126
Trd, 8639768.332, 115
Trd, 8639768.782, 92
Trd, 8639768.932, 81
Trd, 8639769.432, 93
Trd, 8639770.032, 78
Trd, 8639770.582, 94
Trd, 8639771.282, 60
Trd, 8639772.132, 107
Trd, 8639773.382, 62
Trd, 8639773.682, 75
Trd, 8639774.682, 112
Trd, 8639775.932, 75
Trd, 8639776.482, 60
Trd, 8639778.182, 110
Trd, 8639778.432, 120
Trd, 8639778.832, 109
Trd, 8639779.232, 126
Trd, 8639780.182, 107
Trd, 8639780.582, 109
Trd, 8639781.182, 112
Trd, 8639781.482, 111
Trd, 8639782.632, 83
Trd, 8639783.382, 69
Trd, 8639784.732, 66
Trd, 8639785.032, 118
Trd, 8639785.332, 109
Trd, 8639786.532, 119
Trd, 8639787.182, 99
Trd, 8639787.982, 124
Trd, 8639789.332, 113
Trd, 8639790.182, 90
Trd, 8639790.982, 96
Trd, 8639791.182, 71
Trd, 8639791.632, 131
Trd, 8639792.182, 103
Trd, 8639792.982, 76
Trd, 8639793.832, 100
Trd, 8639794.332, 100
Trd, 8639794.832, 100
Trd, 8639795.082, 113
Trd, 8639795.582, 90
Trd, 8639796.732, 97
Trd, 8639797.332, 100
Trd, 8639797.582, 80
Trd, 8639798.432, 127
Trd, 8639799.932, 126
Trd, 8639799.982, 126
Trd, 8639801.282, 92
Trd, 8639801.732, 65
Trd, 8639802.032, 74
Trd, 8639802.982, 65
Trd, 8639803.182, 65
Trd, 8639803.482, 83
Trd, 8639804.282, 70
Trd, 8639806.182, 106
Trd, 8639806.282, 95
Trd, 8639807.232, 108
Trd, 8639807.582, 107
Trd, 8639807.632, 81
Trd, 8639808.382, 99
Trd, 8639809.232, 60
Trd, 8639810.432, 91
Trd, 8639810.832, 93
Trd, 8639811.782, 98
Trd, 8639812.382, 90
Trd, 8639812.682, 91
Trd, 8639813.032, 121
Trd, 8639814.582, 73
Trd, 8639815.532, 65
Trd, 8639817.382, 74
Trd, 8639818.532, 65
Trd, 8639818.882, 66
Trd, 8639819.532, 80
Trd, 8639820.182, 106
Trd, 8639820.582, 87
Trd, 8639821.032, 63
Trd, 8639821.782, 62
Trd, 8639822.032, 130
Trd, 8639824.332, 65
Trd, 8639825.082, 67
Trd, 8639825.532, 118
Trd, 8639826.032, 109
Trd, 8639827.282, 78
Trd, 8639827.482, 79
Trd, 8639827.682, 78
Trd, 8639828.932, 65
Trd, 8639829.032, 84
Trd, 8639829.832, 109
Trd, 8639830.382, 105
Trd, 8639830.682, 85
Trd, 8639830.982, 89
Trd, 8639832.082, 86
Trd, 8639832.282, 86
Trd, 8639832.782, 94
Trd, 8639833.382, 93
Trd, 8639834.032, 77
Trd, 8639835.332, 105
Trd, 8639837.232, 83
Trd, 8639838.432, 66
Trd, 8639838.532, 71
Trd, 8639838.682, 66
Trd, 8639838.782, 109
Trd, 8639839.682, 126
Trd, 8639839.932, 126
Trd, 8639840.032, 106
Trd, 8639841.532, 110
Trd, 8639842.332, 107
Trd, 8639843.582, 92
Trd, 8639844.232, 108
Trd, 8639845.582, 88
Trd, 8639845.632, 115
Trd, 8639845.832, 75
Trd, 8639845.982, 76
Trd, 8639846.382, 66
Trd, 8639846.682, 67
Trd, 8639847.382, 137
Trd, 8639847.782, 104
Trd, 8639848.232, 75
Trd, 8639849.882, 106
Trd, 8639849.932, 106
Trd, 8639851.232, 117
Trd, 8639851.482, 70
Trd, 8639851.632, 120
Trd, 8639852.632, 120
Trd, 8639853.682, 107
Trd, 8639854.582, 120
Trd, 8639854.732, 119
Trd, 8639855.782, 93
Trd, 8639856.782, 92
Trd, 8639857.382, 92
Trd, 8639857.632, 108
Trd, 8639858.182, 100
Trd, 8639859.332, 63
Trd, 8639859.482, 79
Trd, 8639861.832, 81
Trd, 8639862.882, 72
Trd, 8639862.932, 91
Trd, 8639862.982, 72
Trd, 8639863.682, 71
Trd, 8639864.482, 119
Trd, 8639864.782, 112
Trd, 8639865.482, 139
Trd, 8639866.382, 140
Trd, 8639866.632, 138
Trd, 8639866.982, 74
Trd, 8639869.682, 114
Trd, 8639870.282, 62
Trd, 8639870.482, 66
Trd, 8639871.082, 87
Trd, 8639872.232, 114
Trd, 8639872.932, 121
Trd, 8639873.132, 117
Trd, 8639873.382, 131
Trd, 8639873.632, 129
Trd, 8639874.132, 139
Trd, 8639875.082, 63
Trd, 8639875.732, 96
Trd, 8639875.832, 73
Trd, 8639876.382, 112
Trd, 8639876.882, 67
Trd, 8639877.732, 76
Trd, 8639877.932, 67
Trd, 8639878.832, 119
Trd, 8639880.332, 99
Trd, 8639880.782, 105
Trd, 8639880.932, 104
Trd, 8639882.132, 113
Trd, 8639882.282, 112
Trd, 8639882.782, 89
Trd, 8639883.282, 90
Trd, 8639883.582, 85
Trd, 8639885.182, 122
Trd, 8639885.732, 130
Trd, 8639886.382, 67
Trd, 8639887.182, 63
Trd, 8639888.482, 63
Trd, 8639889.282, 69
Trd, 8639889.332, 65
Trd, 8639889.532, 89
Trd, 8639890.482, 81
Trd, 8639892.432, 139
Trd, 8639892.482, 138
Trd, 8639893.132, 115
Trd, 8639893.282, 106
Trd, 8639893.582, 90
Trd, 8639893.782, 89
Trd, 8639895.582, 129
Trd, 8639896.282, 126
Trd, 8639897.382, 119
Trd, 8639897.882, 81
Trd, 8639898.632, 114
Trd, 8639899.982, 75
Trd, 8639900.032, 61
Trd, 8639900.132, 91
Trd, 8639900.982, 108
Trd, 8639901.432, 128
Trd, 8639902.032, 92
Trd, 8639903.132, 66
Trd, 8639903.482, 80
Trd, 8639903.882, 131
Trd, 8639904.182, 78
Trd, 8639905.082, 124
Trd, 8639906.432, 66
Trd, 8639907.382, 132
Trd, 8639907.532, 80
Trd, 8639909.032, 101
Trd, 8639910.332, 101
Trd, 8639910.832, 93
Trd, 8639911.282, 93
Trd, 8639911.582, 93
Trd, 8639911.632, 93
Trd, 8639912.932, 102
Trd, 8639913.382, 69
Trd, 8639913.932, 94
Trd, 8639914.032, 71
Trd, 8639915.832, 84
Trd, 8639916.582, 84
Trd, 8639917.532, 85
Trd, 8639917.632, 126
Trd, 8639918.032, 82
Trd, 8639918.132, 82
Trd, 8639918.232, 79
Trd, 8639918.782, 111
Trd, 8639918.932, 98
Trd, 8639919.432, 69
Trd, 8639920.182, 130
Trd, 8639921.232, 86
Trd, 8639921.832, 86
Trd, 8639922.582, 102
Trd, 8639924.082, 139
Trd, 8639924.432, 122
Trd, 8639926.282, 131
Trd, 8639926.632, 139
Trd, 8639926.832, 138
Trd, 8639926.982, 122
Trd, 8639927.732, 119
Trd, 8639927.982, 121
Trd, 8639929.582, 106
Trd, 8639930.282, 73
Trd, 8639930.732, 119
Trd, 8639932.132, 104
Trd, 8639932.332, 104
Trd, 8639932.932, 103
Trd, 8639933.732, 119
Trd, 8639933.982, 87
Trd, 8639934.282, 114
Trd, 8639934.532, 135
Trd, 8639935.282, 121
Trd, 8639936.882, 60
Trd, 8639937.782, 60
Trd, 8639937.882, 61
Trd, 8639938.182, 64
Trd, 8639939.032, 77
Trd, 8639939.282, 105
Trd, 8639939.682, 92
Trd, 8639939.782, 77
Trd, 8639942.032, 104
Trd, 8639942.482, 103
Trd, 8639942.532, 103
Trd, 8639943.032, 69
Trd, 8639943.632, 72
Trd, 8639944.532, 71
Trd, 8639944.682, 73
Trd, 8639946.332, 108
Trd, 8639946.382, 79
Trd, 8639947.432, 120
Trd, 8639947.732, 74
Trd, 8639949.082, 123
Trd, 8639949.182, 118
Trd, 8639949.482, 118
Trd, 8639950.682, 129
Trd, 8639950.982, 101
Trd, 8639952.332, 60
Trd, 8639952.582, 70
Trd, 8639954.232, 65
Trd, 8639954.782, 63
Trd, 8639955.382, 67
Trd, 8639955.832, 75
Trd, 8639956.382, 121
Trd, 8639957.282, 130
Trd, 8639957.432, 120
Trd, 8639957.732, 98
Trd, 8639959.732, 134
Trd, 8639960.432, 129
Trd, 8639960.682, 112
Trd, 8639960.932, 130
Trd, 8639961.432, 86
Trd, 8639962.732, 86
Trd, 8639963.432, 85
Trd, 8639965.082, 70
Trd, 8639965.782, 75
Trd, 8639966.832, 73
Trd, 8639967.132, 71
Trd, 8639967.332, 100
Trd, 8639967.882, 81
Trd, 8639969.682, 132
Trd, 8639969.832, 131
Trd, 8639970.032, 103
Trd, 8639970.232, 64
Trd, 8639972.632, 74
Trd, 8639973.332, 92
Trd, 8639973.532, 90
Trd, 8639973.932, 76
Trd, 8639975.432, 110
Trd, 8639975.482, 97
Trd, 8639975.582, 96
Trd, 8639976.432, 64
Trd, 8639976.582, 119
Trd, 8639977.332, 77
Trd, 8639977.582, 125
Trd, 8639978.282, 110
Trd, 8639980.282, 140
Trd, 8639980.382, 140
Trd, 8639981.332, 136
Trd, 8639981.632, 86
Trd, 8639981.682, 83
Trd, 8639982.982, 72
Trd, 8639983.682, 113
Trd, 8639984.832, 73
Trd, 8639985.132, 60
Trd, 8639985.382, 125
Trd, 8639985.682, 65
Trd, 8639986.982, 97
Trd, 8639988.082, 137
Trd, 8639989.632, 85
Trd, 8639990.032, 75
Trd, 8639990.132, 88
Trd, 8639991.782, 60
Trd, 8639991.882, 61
Trd, 8639993.132, 60
Trd, 8639993.882, 73
Trd, 8639993.932, 84
Trd, 8639995.532, 83
Trd, 8639995.682, 66
Trd, 8639996.582, 70
Trd, 8639997.982, 101
Trd, 8639998.282, 93
Trd, 8639998.632, 87
Trd, 8639999.482, 94
