Trd, 8638117.932, 140
Trd, 8638118.732, 140
Trd, 8638119.432, 140
Trd, 8638119.482, 140
Trd, 8638120.882, 140
Trd, 8638122.482, 140
Trd, 8638123.682, 140
Trd, 8638124.132, 140
Trd, 8638125.182, 140
Trd, 8638125.632, 140
Trd, 8638126.182, 140
Trd, 8638127.082, 140
Trd, 8638127.232, 140
Trd, 8638127.632, 140
Trd, 8638127.832, 140
Trd, 8638129.432, 140
Trd, 8638129.582, 140
Trd, 8638130.182, 140
Trd, 8638131.982, 140
Trd, 8638132.132, 140
Trd, 8638134.032, 140
Trd, 8638134.082, 140
Trd, 8638134.482, 140
Trd, 8638135.782, 140
Trd, 8638135.932, 140
Trd, 8638136.132, 140
Trd, 8638137.982, 140
Trd, 8638138.332, 140
Trd, 8638138.882, 140
Trd, 8638139.982, 140
Trd, 8638140.382, 140
Trd, 8638140.532, 140
Trd, 8638141.532, 140
Trd, 8638142.782, 140
Trd, 8638142.932, 140
Trd, 8638143.532, 140
Trd, 8638144.182, 140
Trd, 8638145.082, 140
Trd, 8638145.582, 140
Trd, 8638147.182, 140
Trd, 8638148.482, 140
Trd, 8638148.882, 140
Trd, 8638148.932, 140
Trd, 8638150.282, 140
Trd, 8638151.082, 140
Trd, 8638151.832, 140
Trd, 8638152.832, 140
Trd, 8638152.882, 140
Trd, 8638153.732, 140
Trd, 8638154.882, 140
Trd, 8638155.482, 140
Trd, 8638155.982, 140
Trd, 8638156.332, 140
Trd, 8638157.732, 140
Trd, 8638157.782, 140
Trd, 8638157.982, 140
Trd, 8638158.482, 140
Trd, 8638159.082, 140
Trd, 8638159.382, 140
Trd, 8638161.082, 140
Trd, 8638161.232, 140
Trd, 8638162.532, 140
Trd, 8638162.782, 139
Trd, 8638163.082, 65
Trd, 8638163.682, 136
Trd, 8638164.432, 140
Trd, 8638165.032, 140
Trd, 8638165.082, 140
Trd, 8638165.282, 138
Trd, 8638167.032, 140
Trd, 8638167.432, 140
Trd, 8638169.332, 140
Trd, 8638170.832, 140
Trd, 8638172.482, 140
Trd, 8638172.732, 140
Trd, 8638173.232, 140
Trd, 8638173.882, 140
Trd, 8638174.032, 140
Trd, 8638174.482, 140
Trd, 8638175.332, 140
Trd, 8638176.432, 140
Trd, 8638176.532, 140
Trd, 8638178.082, 140
Trd, 8638179.932, 140
Trd, 8638180.882, 140
Trd, 8638181.332, 140
Trd, 8638181.482, 140
Trd, 8638183.632, 140
Trd, 8638184.982, 140
Trd, 8638185.632, 140
Trd, 8638185.832, 140
Trd, 8638186.382, 140
Trd, 8638186.632, 140
Trd, 8638187.132, 140
Trd, 8638187.382, 140
Trd, 8638188.932, 140
Trd, 8638189.432, 140
Trd, 8638190.082, 140
Trd, 8638190.382, 140
Trd, 8638192.682, 140
Trd, 8638192.932, 140
Trd, 8638193.332, 140
Trd, 8638193.882, 140
Trd, 8638194.232, 140
Trd, 8638195.232, 140
Trd, 8638195.882, 140
Trd, 8638195.932, 140
Trd, 8638197.782, 140
Trd, 8638198.632, 140
Trd, 8638199.532, 140
Trd, 8638200.332, 140
Trd, 8638201.182, 140
Trd, 8638202.182, 140
Trd, 8638202.532, 140
Trd, 8638203.532, 140
Trd, 8638204.382, 140
Trd, 8638206.032, 140
Trd, 8638207.432, 140
Trd, 8638208.482, 140
Trd, 8638208.682, 140
Trd, 8638208.832, 140
Trd, 8638209.232, 140
Trd, 8638210.682, 140
Trd, 8638211.332, 140
Trd, 8638212.232, 140
Trd, 8638212.582, 140
Trd, 8638212.632, 140
Trd, 8638212.782, 137
Trd, 8638214.732, 140
Trd, 8638215.232, 140
Trd, 8638215.432, 140
Trd, 8638216.332, 140
Trd, 8638218.082, 140
Trd, 8638219.132, 140
Trd, 8638219.632, 140
Trd, 8638219.882, 140
Trd, 8638220.632, 140
Trd, 8638220.882, 139
Trd, 8638222.632, 140
Trd, 8638223.632, 140
Trd, 8638223.882, 140
Trd, 8638223.932, 140
Trd, 8638223.982, 140
Trd, 8638225.432, 140
Trd, 8638225.882, 139
Trd, 8638226.082, 139
Trd, 8638226.832, 140
Trd, 8638228.132, 140
Trd, 8638228.432, 140
Trd, 8638228.532, 140
Trd, 8638230.382, 140
Trd, 8638231.282, 140
Trd, 8638232.282, 140
Trd, 8638232.582, 140
Trd, 8638233.882, 140
Trd, 8638235.332, 140
Trd, 8638235.632, 140
Trd, 8638236.432, 139
Trd, 8638236.582, 137
Trd, 8638236.782, 140
Trd, 8638239.082, 62
Trd, 8638240.082, 140
Trd, 8638240.482, 140
Trd, 8638241.682, 140
Trd, 8638242.582, 140
Trd, 8638242.832, 140
Trd, 8638243.132, 140
Trd, 8638243.782, 140
Trd, 8638244.082, 139
Trd, 8638244.982, 140
Trd, 8638247.332, 140
Trd, 8638247.682, 140
Trd, 8638247.982, 140
Trd, 8638248.832, 140
Trd, 8638249.132, 140
Trd, 8638249.232, 139
Trd, 8638249.532, 140
Trd, 8638250.082, 140
Trd, 8638251.982, 140
Trd, 8638252.132, 140
Trd, 8638252.682, 140
Trd, 8638253.132, 140
Trd, 8638254.232, 140
Trd, 8638254.832, 140
Trd, 8638255.982, 140
Trd, 8638257.282, 140
Trd, 8638258.082, 140
Trd, 8638258.132, 140
Trd, 8638258.632, 140
Trd, 8638258.732, 140
Trd, 8638260.382, 140
Trd, 8638261.732, 140
Trd, 8638262.182, 140
Trd, 8638263.082, 140
Trd, 8638263.432, 140
Trd, 8638263.532, 140
Trd, 8638263.582, 140
Trd, 8638263.732, 140
Trd, 8638265.732, 140
Trd, 8638266.882, 140
Trd, 8638267.182, 140
Trd, 8638267.282, 140
Trd, 8638268.032, 139
Trd, 8638268.982, 140
Trd, 8638270.282, 140
Trd, 8638271.682, 140
Trd, 8638274.182, 140
Trd, 8638274.732, 140
Trd, 8638274.782, 140
Trd, 8638275.332, 140
Trd, 8638275.482, 140
Trd, 8638275.732, 140
Trd, 8638277.382, 140
Trd, 8638277.432, 140
Trd, 8638278.132, 139
Trd, 8638278.232, 139
Trd, 8638278.282, 138
Trd, 8638279.032, 140
Trd, 8638279.282, 99
Trd, 8638281.582, 140
Trd, 8638282.282, 140
Trd, 8638283.132, 140
Trd, 8638283.582, 140
Trd, 8638284.332, 140
Trd, 8638284.382, 140
Trd, 8638284.932, 140
Trd, 8638287.182, 140
Trd, 8638287.232, 140
Trd, 8638287.382, 140
Trd, 8638288.882, 140
Trd, 8638290.232, 140
Trd, 8638290.582, 140
Trd, 8638290.632, 140
Trd, 8638290.932, 140
Trd, 8638291.432, 140
Trd, 8638292.782, 140
Trd, 8638293.382, 140
Trd, 8638294.232, 140
Trd, 8638294.482, 140
Trd, 8638294.632, 140
Trd, 8638294.882, 79
Trd, 8638295.132, 140
Trd, 8638296.532, 69
Trd, 8638297.582, 69
Trd, 8638297.882, 68
Trd, 8638299.132, 98
Trd, 8638300.582, 88
Trd, 8638301.132, 140
Trd, 8638301.632, 140
Trd, 8638302.382, 140
Trd, 8638304.532, 140
Trd, 8638304.732, 140
Trd, 8638305.032, 140
Trd, 8638305.132, 140
Trd, 8638305.882, 140
Trd, 8638306.482, 140
Trd, 8638307.082, 140
Trd, 8638307.282, 67
Trd, 8638307.782, 66
Trd, 8638308.582, 66
Trd, 8638310.032, 133
Trd, 8638311.832, 136
Trd, 8638312.032, 135
Trd, 8638312.082, 111
Trd, 8638312.332, 139
Trd, 8638312.882, 111
Trd, 8638313.382, 138
Trd, 8638313.582, 79
Trd, 8638316.132, 140
Trd, 8638316.482, 135
Trd, 8638317.332, 60
Trd, 8638317.882, 60
Trd, 8638318.532, 70
Trd, 8638319.382, 140
Trd, 8638321.632, 66
Trd, 8638321.732, 128
Trd, 8638324.332, 60
Trd, 8638325.132, 60
Trd, 8638325.882, 60
Trd, 8638326.232, 60
Trd, 8638326.282, 65
Trd, 8638326.332, 132
Trd, 8638327.632, 66
Trd, 8638327.782, 65
Trd, 8638327.982, 66
Trd, 8638329.532, 70
Trd, 8638329.932, 75
Trd, 8638329.982, 74
Trd, 8638330.182, 123
Trd, 8638332.032, 140
Trd, 8638332.432, 140
Trd, 8638333.182, 140
Trd, 8638333.882, 140
Trd, 8638334.482, 140
Trd, 8638335.182, 140
Trd, 8638335.882, 140
Trd, 8638336.632, 140
Trd, 8638338.132, 140
Trd, 8638338.632, 140
Trd, 8638338.932, 140
Trd, 8638339.632, 140
Trd, 8638339.982, 140
Trd, 8638340.982, 140
Trd, 8638341.732, 140
Trd, 8638342.582, 140
Trd, 8638344.182, 140
Trd, 8638345.032, 140
Trd, 8638345.232, 140
Trd, 8638345.432, 140
Trd, 8638346.782, 140
Trd, 8638347.732, 140
Trd, 8638348.482, 140
Trd, 8638351.232, 140
Trd, 8638351.632, 140
Trd, 8638351.832, 140
Trd, 8638352.282, 140
Trd, 8638352.432, 140
Trd, 8638353.182, 140
Trd, 8638354.082, 140
Trd, 8638354.682, 140
Trd, 8638356.032, 140
Trd, 8638356.582, 140
Trd, 8638359.032, 140
Trd, 8638359.432, 140
Trd, 8638359.582, 140
Trd, 8638360.382, 140
Trd, 8638360.732, 140
Trd, 8638361.332, 140
Trd, 8638364.232, 140
Trd, 8638364.532, 140
Trd, 8638364.582, 140
Trd, 8638365.282, 140
Trd, 8638365.432, 140
Trd, 8638365.682, 140
Trd, 8638366.482, 138
Trd, 8638366.982, 140
Trd, 8638367.032, 117
Trd, 8638367.432, 101
Trd, 8638368.382, 125
Trd, 8638369.182, 140
Trd, 8638370.082, 140
Trd, 8638371.982, 140
Trd, 8638372.682, 140
Trd, 8638372.932, 140
Trd, 8638373.482, 140
Trd, 8638373.532, 134
Trd, 8638373.732, 133
Trd, 8638375.932, 140
Trd, 8638376.232, 140
Trd, 8638376.332, 140
Trd, 8638376.432, 140
Trd, 8638376.632, 105
Trd, 8638377.082, 140
Trd, 8638379.382, 140
Trd, 8638380.482, 140
Trd, 8638380.832, 140
Trd, 8638380.932, 140
Trd, 8638383.082, 140
Trd, 8638384.432, 140
Trd, 8638384.832, 140
Trd, 8638384.932, 140
Trd, 8638385.332, 140
Trd, 8638385.682, 140
Trd, 8638385.882, 140
Trd, 8638386.482, 140
Trd, 8638386.632, 140
Trd, 8638388.232, 140
Trd, 8638388.482, 140
Trd, 8638389.832, 140
Trd, 8638391.832, 140
Trd, 8638391.882, 140
Trd, 8638391.932, 140
Trd, 8638393.332, 140
Trd, 8638394.182, 140
Trd, 8638396.232, 140
Trd, 8638396.332, 140
Trd, 8638396.432, 140
Trd, 8638396.832, 140
Trd, 8638396.882, 140
Trd, 8638397.582, 140
Trd, 8638399.082, 140
Trd, 8638399.732, 140
Trd, 8638400.132, 140
Trd, 8638401.232, 140
Trd, 8638401.432, 140
Trd, 8638402.682, 140
Trd, 8638403.482, 140
Trd, 8638403.932, 140
Trd, 8638404.882, 140
Trd, 8638405.482, 140
Trd, 8638406.132, 140
Trd, 8638406.232, 140
Trd, 8638407.582, 140
Trd, 8638407.732, 140
Trd, 8638407.782, 140
Trd, 8638408.432, 140
Trd, 8638410.132, 140
Trd, 8638410.382, 140
Trd, 8638410.682, 118
Trd, 8638412.282, 140
Trd, 8638412.332, 140
Trd, 8638413.132, 140
Trd, 8638413.582, 140
Trd, 8638414.432, 140
Trd, 8638415.782, 140
Trd, 8638416.632, 140
Trd, 8638416.682, 140
Trd, 8638417.482, 140
Trd, 8638418.182, 140
Trd, 8638420.132, 140
Trd, 8638420.482, 140
Trd, 8638420.882, 140
Trd, 8638421.282, 140
Trd, 8638421.732, 140
Trd, 8638421.782, 140
Trd, 8638422.732, 63
Trd, 8638423.582, 114
Trd, 8638424.082, 81
Trd, 8638425.482, 73
Trd, 8638425.982, 140
Trd, 8638426.132, 140
Trd, 8638427.182, 139
Trd, 8638427.782, 61
Trd, 8638429.482, 60
Trd, 8638429.782, 68
Trd, 8638431.382, 60
Trd, 8638431.932, 60
Trd, 8638432.332, 61
Trd, 8638433.632, 60
Trd, 8638434.632, 62
Trd, 8638435.532, 71
Trd, 8638436.282, 140
Trd, 8638436.582, 140
Trd, 8638438.382, 140
Trd, 8638438.682, 140
Trd, 8638439.032, 140
Trd, 8638439.382, 138
Trd, 8638439.732, 138
Trd, 8638440.332, 140
Trd, 8638441.432, 140
Trd, 8638442.882, 140
Trd, 8638443.232, 140
Trd, 8638444.182, 140
Trd, 8638444.432, 140
Trd, 8638445.932, 140
Trd, 8638446.132, 140
Trd, 8638446.332, 140
Trd, 8638447.082, 138
Trd, 8638448.232, 140
Trd, 8638449.232, 140
Trd, 8638449.582, 140
Trd, 8638450.932, 140
Trd, 8638451.382, 140
Trd, 8638451.632, 140
Trd, 8638451.832, 131
Trd, 8638452.632, 137
Trd, 8638453.232, 120
Trd, 8638453.882, 123
Trd, 8638454.682, 140
Trd, 8638454.832, 123
Trd, 8638455.432, 140
Trd, 8638456.832, 140
Trd, 8638457.832, 140
Trd, 8638458.282, 140
Trd, 8638458.732, 140
Trd, 8638458.932, 139
Trd, 8638459.582, 140
Trd, 8638460.132, 140
Trd, 8638461.382, 140
Trd, 8638461.482, 140
Trd, 8638462.182, 140
Trd, 8638462.382, 140
Trd, 8638462.582, 140
Trd, 8638462.982, 140
Trd, 8638464.332, 140
Trd, 8638465.582, 140
Trd, 8638465.682, 140
Trd, 8638466.182, 140
Trd, 8638467.432, 140
Trd, 8638467.982, 140
Trd, 8638468.582, 140
Trd, 8638468.932, 140
Trd, 8638469.032, 138
Trd, 8638470.482, 140
Trd, 8638470.582, 140
Trd, 8638471.332, 139
Trd, 8638471.482, 138
Trd, 8638471.632, 136
Trd, 8638472.882, 139
Trd, 8638473.782, 120
Trd, 8638474.732, 140
Trd, 8638475.382, 140
Trd, 8638476.682, 140
Trd, 8638478.682, 140
Trd, 8638479.282, 140
Trd, 8638480.032, 140
Trd, 8638480.082, 140
Trd, 8638480.832, 140
Trd, 8638481.382, 140
Trd, 8638482.882, 140
Trd, 8638484.082, 140
Trd, 8638484.982, 140
Trd, 8638485.682, 140
Trd, 8638486.182, 140
Trd, 8638486.682, 140
Trd, 8638487.332, 140
Trd, 8638487.832, 140
Trd, 8638488.082, 140
Trd, 8638490.682, 140
Trd, 8638491.482, 140
Trd, 8638492.682, 140
Trd, 8638494.132, 140
Trd, 8638494.532, 140
Trd, 8638495.382, 140
Trd, 8638495.582, 140
Trd, 8638496.232, 140
Trd, 8638498.282, 140
Trd, 8638498.382, 140
Trd, 8638498.782, 140
Trd, 8638500.532, 140
Trd, 8638500.632, 140
Trd, 8638500.882, 140
Trd, 8638501.482, 140
Trd, 8638502.082, 140
Trd, 8638502.332, 140
Trd, 8638502.582, 140
Trd, 8638504.082, 140
Trd, 8638504.332, 139
Trd, 8638505.232, 140
Trd, 8638505.482, 139
Trd, 8638505.932, 136
Trd, 8638507.382, 139
Trd, 8638508.432, 140
Trd, 8638509.232, 140
Trd, 8638510.482, 140
Trd, 8638511.182, 140
Trd, 8638511.532, 140
Trd, 8638511.882, 140
Trd, 8638511.932, 139
Trd, 8638512.732, 140
Trd, 8638513.432, 140
Trd, 8638515.582, 140
Trd, 8638516.232, 140
Trd, 8638517.182, 140
Trd, 8638518.132, 140
Trd, 8638518.282, 140
Trd, 8638519.482, 140
Trd, 8638520.632, 140
Trd, 8638520.832, 140
Trd, 8638521.332, 140
Trd, 8638521.832, 140
Trd, 8638524.532, 140
Trd, 8638524.832, 140
Trd, 8638525.832, 140
Trd, 8638525.982, 140
Trd, 8638526.232, 140
Trd, 8638526.582, 140
Trd, 8638526.732, 140
Trd, 8638526.832, 140
Trd, 8638527.582, 140
Trd, 8638528.432, 140
Trd, 8638529.582, 140
Trd, 8638529.782, 137
Trd, 8638530.732, 68
Trd, 8638531.032, 90
Trd, 8638531.532, 140
Trd, 8638532.932, 140
Trd, 8638533.432, 140
Trd, 8638534.382, 140
Trd, 8638534.432, 140
Trd, 8638535.632, 140
Trd, 8638536.632, 140
Trd, 8638536.932, 140
Trd, 8638537.482, 140
Trd, 8638537.932, 140
Trd, 8638537.982, 140
Trd, 8638538.532, 61
Trd, 8638539.982, 62
Trd, 8638540.932, 139
Trd, 8638541.482, 140
Trd, 8638541.732, 140
Trd, 8638542.082, 140
Trd, 8638542.132, 140
Trd, 8638542.732, 140
Trd, 8638543.982, 140
Trd, 8638545.382, 140
Trd, 8638545.532, 140
Trd, 8638546.382, 140
Trd, 8638546.482, 140
Trd, 8638547.532, 140
Trd, 8638548.232, 140
Trd, 8638548.682, 139
Trd, 8638549.132, 140
Trd, 8638550.432, 140
Trd, 8638550.482, 139
Trd, 8638550.782, 61
Trd, 8638552.232, 66
Trd, 8638552.782, 140
Trd, 8638555.432, 140
Trd, 8638555.532, 140
Trd, 8638556.332, 140
Trd, 8638556.782, 140
Trd, 8638557.232, 140
Trd, 8638557.282, 140
Trd, 8638558.132, 140
Trd, 8638559.232, 140
Trd, 8638559.632, 140
Trd, 8638559.932, 140
Trd, 8638561.182, 140
Trd, 8638561.532, 140
Trd, 8638562.082, 140
Trd, 8638562.232, 140
Trd, 8638563.432, 139
Trd, 8638564.332, 140
Trd, 8638565.782, 139
Trd, 8638566.082, 140
Trd, 8638566.132, 139
Trd, 8638566.332, 140
Trd, 8638568.832, 140
Trd, 8638569.682, 140
Trd, 8638569.982, 140
Trd, 8638570.682, 140
Trd, 8638571.882, 140
Trd, 8638572.032, 140
Trd, 8638572.182, 140
Trd, 8638572.432, 140
Trd, 8638573.932, 140
Trd, 8638576.182, 140
Trd, 8638576.482, 140
Trd, 8638576.782, 139
Trd, 8638577.382, 138
Trd, 8638577.532, 137
Trd, 8638577.782, 140
Trd, 8638579.132, 140
Trd, 8638579.482, 125
Trd, 8638579.982, 119
Trd, 8638581.082, 140
Trd, 8638582.582, 140
Trd, 8638583.582, 140
Trd, 8638583.682, 140
Trd, 8638583.782, 140
Trd, 8638583.932, 140
Trd, 8638584.882, 140
Trd, 8638585.982, 140
Trd, 8638586.432, 140
Trd, 8638587.332, 140
Trd, 8638588.532, 140
Trd, 8638588.632, 140
Trd, 8638589.482, 140
Trd, 8638590.432, 140
Trd, 8638590.682, 140
Trd, 8638590.932, 140
Trd, 8638591.532, 140
Trd, 8638594.132, 140
Trd, 8638595.682, 140
Trd, 8638595.982, 140
Trd, 8638596.382, 140
Trd, 8638596.482, 140
Trd, 8638596.982, 139
Trd, 8638597.432, 140
Trd, 8638597.932, 140
Trd, 8638598.532, 140
Trd, 8638599.032, 140
Trd, 8638600.382, 140
Trd, 8638600.932, 139
Trd, 8638602.732, 140
Trd, 8638604.632, 140
Trd, 8638604.832, 140
Trd, 8638605.382, 139
Trd, 8638606.482, 140
Trd, 8638606.582, 137
Trd, 8638606.682, 136
Trd, 8638607.932, 140
Trd, 8638608.382, 139
Trd, 8638609.182, 136
Trd, 8638610.182, 140
Trd, 8638610.682, 139
Trd, 8638611.782, 140
Trd, 8638611.832, 140
Trd, 8638612.532, 140
Trd, 8638613.282, 140
Trd, 8638613.782, 139
Trd, 8638614.082, 140
Trd, 8638615.682, 140
Trd, 8638616.532, 140
Trd, 8638617.032, 140
Trd, 8638617.532, 140
Trd, 8638617.682, 140
Trd, 8638618.132, 140
Trd, 8638618.432, 140
Trd, 8638619.182, 140
Trd, 8638619.832, 140
Trd, 8638621.432, 140
Trd, 8638623.032, 140
Trd, 8638623.932, 140
Trd, 8638625.232, 140
Trd, 8638625.332, 140
Trd, 8638625.532, 140
Trd, 8638626.582, 140
Trd, 8638626.982, 140
Trd, 8638627.882, 140
Trd, 8638628.282, 140
Trd, 8638629.182, 140
Trd, 8638629.432, 140
Trd, 8638629.482, 140
Trd, 8638630.082, 140
Trd, 8638630.332, 140
Trd, 8638632.232, 140
Trd, 8638632.932, 140
Trd, 8638634.032, 140
Trd, 8638634.682, 140
Trd, 8638635.082, 140
Trd, 8638635.132, 140
Trd, 8638636.532, 140
Trd, 8638636.932, 140
Trd, 8638637.882, 140
Trd, 8638637.982, 140
Trd, 8638640.582, 140
Trd, 8638641.732, 140
Trd, 8638641.782, 140
Trd, 8638642.782, 140
Trd, 8638644.082, 140
Trd, 8638644.382, 140
Trd, 8638644.632, 140
Trd, 8638645.582, 140
Trd, 8638646.132, 140
Trd, 8638646.182, 140
Trd, 8638646.532, 139
Trd, 8638647.882, 139
Trd, 8638649.482, 140
Trd, 8638649.532, 140
Trd, 8638651.632, 140
Trd, 8638651.932, 140
Trd, 8638652.432, 140
Trd, 8638653.532, 140
Trd, 8638653.982, 140
Trd, 8638654.532, 140
Trd, 8638655.032, 140
Trd, 8638655.082, 140
Trd, 8638655.832, 140
Trd, 8638656.732, 140
Trd, 8638656.832, 140
Trd, 8638656.982, 140
Trd, 8638657.932, 137
Trd, 8638658.882, 102
Trd, 8638658.932, 101
Trd, 8638659.982, 140
Trd, 8638660.382, 96
Trd, 8638661.532, 60
Trd, 8638663.632, 140
Trd, 8638664.332, 63
Trd, 8638664.482, 62
Trd, 8638665.982, 96
Trd, 8638666.782, 140
Trd, 8638667.582, 140
Trd, 8638668.182, 140
Trd, 8638668.282, 140
Trd, 8638669.382, 140
Trd, 8638669.582, 140
Trd, 8638671.032, 140
Trd, 8638671.082, 140
Trd, 8638671.882, 140
Trd, 8638671.932, 139
Trd, 8638674.332, 140
Trd, 8638674.682, 140
Trd, 8638675.382, 140
Trd, 8638677.082, 140
Trd, 8638677.532, 140
Trd, 8638678.382, 140
Trd, 8638679.082, 140
Trd, 8638679.332, 140
Trd, 8638680.982, 140
Trd, 8638681.332, 140
Trd, 8638681.482, 140
Trd, 8638681.732, 140
Trd, 8638681.932, 140
Trd, 8638682.332, 140
Trd, 8638684.282, 140
Trd, 8638684.432, 140
Trd, 8638685.032, 140
Trd, 8638685.782, 140
Trd, 8638686.032, 140
Trd, 8638687.832, 140
Trd, 8638688.682, 140
Trd, 8638689.132, 140
Trd, 8638689.182, 140
Trd, 8638690.582, 140
Trd, 8638691.482, 140
Trd, 8638691.982, 140
Trd, 8638692.932, 140
Trd, 8638694.532, 140
Trd, 8638695.282, 140
Trd, 8638695.782, 140
Trd, 8638696.182, 140
Trd, 8638698.332, 140
Trd, 8638699.182, 140
Trd, 8638699.782, 140
Trd, 8638700.782, 140
Trd, 8638700.882, 140
Trd, 8638701.082, 140
Trd, 8638701.482, 140
Trd, 8638702.832, 140
Trd, 8638704.082, 140
Trd, 8638705.132, 140
Trd, 8638706.482, 140
Trd, 8638706.682, 140
Trd, 8638706.782, 140
Trd, 8638707.032, 140
Trd, 8638707.382, 140
Trd, 8638707.682, 64
Trd, 8638707.782, 107
Trd, 8638709.232, 140
Trd, 8638709.832, 60
Trd, 8638711.082, 140
Trd, 8638711.632, 140
Trd, 8638713.082, 140
Trd, 8638713.482, 140
Trd, 8638714.232, 140
Trd, 8638715.282, 140
Trd, 8638715.432, 140
Trd, 8638715.482, 140
Trd, 8638716.082, 138
Trd, 8638716.482, 139
Trd, 8638718.182, 61
Trd, 8638718.982, 140
Trd, 8638719.032, 139
Trd, 8638720.032, 140
Trd, 8638720.732, 140
Trd, 8638721.832, 140
Trd, 8638721.982, 140
Trd, 8638722.082, 140
Trd, 8638723.832, 140
Trd, 8638724.182, 140
Trd, 8638725.732, 140
Trd, 8638726.132, 140
Trd, 8638726.182, 140
Trd, 8638726.782, 140
Trd, 8638727.582, 140
Trd, 8638729.132, 140
Trd, 8638730.082, 140
Trd, 8638730.182, 140
Trd, 8638732.032, 140
Trd, 8638732.182, 140
Trd, 8638733.082, 140
Trd, 8638733.582, 140
Trd, 8638734.732, 140
Trd, 8638735.232, 140
Trd, 8638735.332, 140
Trd, 8638735.782, 140
Trd, 8638736.682, 140
Trd, 8638736.932, 140
Trd, 8638737.132, 140
Trd, 8638737.632, 140
Trd, 8638739.132, 140
Trd, 8638739.182, 140
Trd, 8638739.582, 140
Trd, 8638740.632, 140
Trd, 8638740.882, 140
Trd, 8638741.032, 140
Trd, 8638741.532, 139
Trd, 8638742.482, 140
Trd, 8638743.882, 140
Trd, 8638744.282, 140
Trd, 8638745.582, 140
Trd, 8638746.282, 139
Trd, 8638747.532, 140
Trd, 8638748.382, 140
Trd, 8638750.832, 140
Trd, 8638751.032, 140
Trd, 8638751.182, 140
Trd, 8638751.232, 140
Trd, 8638752.082, 140
Trd, 8638753.032, 140
Trd, 8638753.082, 140
Trd, 8638754.232, 140
Trd, 8638754.532, 140
Trd, 8638755.432, 140
Trd, 8638757.632, 140
Trd, 8638758.432, 140
Trd, 8638759.632, 140
Trd, 8638760.932, 140
Trd, 8638761.182, 140
Trd, 8638761.582, 139
Trd, 8638763.732, 63
Trd, 8638764.082, 67
Trd, 8638764.532, 124
Trd, 8638764.982, 80
Trd, 8638765.132, 70
Trd, 8638766.532, 125
Trd, 8638767.832, 140
Trd, 8638768.582, 140
Trd, 8638768.632, 140
Trd, 8638768.682, 140
Trd, 8638769.482, 140
Trd, 8638770.982, 140
Trd, 8638771.582, 140
Trd, 8638773.432, 140
Trd, 8638774.482, 140
Trd, 8638774.982, 140
Trd, 8638775.182, 140
Trd, 8638775.432, 140
Trd, 8638775.732, 140
Trd, 8638776.582, 140
Trd, 8638777.682, 140
Trd, 8638777.832, 140
Trd, 8638779.582, 140
Trd, 8638779.682, 140
Trd, 8638783.032, 140
Trd, 8638783.282, 140
Trd, 8638783.782, 140
Trd, 8638784.532, 140
Trd, 8638784.932, 140
Trd, 8638785.032, 140
Trd, 8638785.582, 140
Trd, 8638786.182, 140
Trd, 8638787.182, 140
Trd, 8638787.482, 140
Trd, 8638787.732, 140
Trd, 8638787.932, 140
Trd, 8638788.282, 140
Trd, 8638790.332, 140
Trd, 8638791.432, 140
Trd, 8638792.032, 140
Trd, 8638792.282, 140
Trd, 8638793.382, 140
Trd, 8638793.932, 140
Trd, 8638794.432, 140
Trd, 8638794.882, 140
Trd, 8638794.982, 140
Trd, 8638796.232, 140
Trd, 8638797.432, 140
Trd, 8638797.532, 140
Trd, 8638798.282, 140
Trd, 8638800.432, 140
Trd, 8638800.482, 140
Trd, 8638800.932, 140
Trd, 8638801.232, 140
Trd, 8638802.482, 140
Trd, 8638804.082, 140
Trd, 8638804.682, 140
Trd, 8638806.182, 139
Trd, 8638806.232, 139
Trd, 8638807.332, 140
Trd, 8638807.382, 140
Trd, 8638808.032, 140
Trd, 8638808.182, 139
Trd, 8638809.732, 140
Trd, 8638810.232, 139
Trd, 8638810.832, 140
Trd, 8638811.282, 140
Trd, 8638811.832, 140
Trd, 8638812.782, 140
Trd, 8638813.232, 140
Trd, 8638813.982, 140
Trd, 8638814.382, 140
Trd, 8638815.532, 140
Trd, 8638816.532, 139
Trd, 8638817.482, 140
Trd, 8638817.832, 140
Trd, 8638817.982, 140
Trd, 8638818.282, 140
Trd, 8638819.182, 140
Trd, 8638820.032, 140
Trd, 8638820.182, 140
Trd, 8638821.482, 140
Trd, 8638822.932, 140
Trd, 8638823.382, 140
Trd, 8638823.782, 140
Trd, 8638824.732, 140
Trd, 8638824.832, 140
Trd, 8638825.782, 140
Trd, 8638826.282, 140
Trd, 8638826.832, 140
Trd, 8638827.532, 140
Trd, 8638828.432, 140
Trd, 8638828.682, 140
Trd, 8638829.682, 140
Trd, 8638830.082, 140
Trd, 8638833.032, 140
Trd, 8638834.032, 140
Trd, 8638834.532, 140
Trd, 8638834.882, 140
Trd, 8638835.082, 140
Trd, 8638835.282, 140
Trd, 8638836.432, 140
Trd, 8638836.782, 140
Trd, 8638836.932, 140
Trd, 8638839.182, 140
Trd, 8638839.332, 140
Trd, 8638839.782, 140
Trd, 8638841.632, 140
Trd, 8638842.232, 140
Trd, 8638842.882, 140
Trd, 8638843.832, 140
Trd, 8638844.632, 140
Trd, 8638844.932, 140
Trd, 8638845.732, 140
Trd, 8638847.282, 140
Trd, 8638848.382, 140
Trd, 8638849.132, 140
Trd, 8638849.532, 140
Trd, 8638849.882, 140
Trd, 8638850.632, 140
Trd, 8638850.982, 140
Trd, 8638851.232, 140
Trd, 8638851.482, 140
Trd, 8638852.482, 140
Trd, 8638852.832, 140
Trd, 8638854.182, 140
Trd, 8638855.432, 140
Trd, 8638855.732, 140
Trd, 8638856.082, 140
Trd, 8638858.082, 140
Trd, 8638858.982, 140
Trd, 8638859.232, 140
Trd, 8638859.832, 140
Trd, 8638860.632, 140
Trd, 8638861.332, 124
Trd, 8638862.482, 140
Trd, 8638862.682, 140
Trd, 8638863.982, 140
Trd, 8638864.232, 139
Trd, 8638864.582, 140
Trd, 8638864.982, 140
Trd, 8638865.382, 140
Trd, 8638865.982, 140
Trd, 8638866.182, 140
Trd, 8638867.482, 140
Trd, 8638867.732, 140
Trd, 8638868.032, 140
Trd, 8638869.782, 140
Trd, 8638870.132, 140
Trd, 8638871.382, 140
Trd, 8638873.532, 140
Trd, 8638873.832, 140
Trd, 8638874.082, 140
Trd, 8638874.182, 140
Trd, 8638875.232, 140
Trd, 8638875.732, 140
Trd, 8638876.132, 140
Trd, 8638876.832, 140
Trd, 8638878.432, 140
Trd, 8638878.832, 140
Trd, 8638880.032, 140
Trd, 8638880.582, 140
Trd, 8638881.582, 140
Trd, 8638882.232, 140
Trd, 8638883.782, 140
Trd, 8638883.832, 140
Trd, 8638884.482, 140
Trd, 8638884.582, 140
Trd, 8638884.832, 140
Trd, 8638886.182, 140
Trd, 8638887.732, 140
Trd, 8638888.132, 140
Trd, 8638888.432, 140
Trd, 8638889.082, 139
Trd, 8638890.482, 140
Trd, 8638890.982, 140
Trd, 8638891.582, 140
Trd, 8638892.432, 140
Trd, 8638892.882, 140
Trd, 8638894.332, 140
Trd, 8638895.782, 140
Trd, 8638896.832, 140
Trd, 8638897.532, 140
Trd, 8638898.232, 140
Trd, 8638900.932, 140
Trd, 8638901.132, 140
Trd, 8638901.482, 140
Trd, 8638901.582, 140
Trd, 8638902.032, 139
Trd, 8638902.382, 138
Trd, 8638902.482, 138
Trd, 8638903.282, 83
Trd, 8638904.782, 80
Trd, 8638906.182, 140
Trd, 8638906.282, 140
Trd, 8638906.532, 140
Trd, 8638906.832, 140
Trd, 8638908.532, 139
Trd, 8638909.082, 138
Trd, 8638909.432, 85
Trd, 8638910.282, 74
Trd, 8638910.982, 96
Trd, 8638911.832, 139
Trd, 8638912.382, 138
Trd, 8638913.032, 61
Trd, 8638914.082, 80
Trd, 8638915.182, 140
Trd, 8638916.182, 140
Trd, 8638916.882, 140
Trd, 8638917.282, 140
Trd, 8638918.332, 140
Trd, 8638918.632, 140
Trd, 8638918.732, 140
Trd, 8638920.132, 140
Trd, 8638920.532, 140
Trd, 8638920.682, 140
Trd, 8638921.632, 140
Trd, 8638921.982, 140
Trd, 8638922.382, 140
Trd, 8638923.282, 140
Trd, 8638925.332, 140
Trd, 8638927.832, 140
Trd, 8638928.682, 140
Trd, 8638928.932, 140
Trd, 8638929.132, 140
Trd, 8638929.832, 140
Trd, 8638929.932, 140
Trd, 8638931.882, 140
Trd, 8638932.032, 140
Trd, 8638932.782, 140
Trd, 8638932.882, 140
Trd, 8638934.532, 140
Trd, 8638935.582, 140
Trd, 8638935.832, 140
Trd, 8638936.232, 140
Trd, 8638936.282, 140
Trd, 8638938.782, 140
Trd, 8638938.982, 140
Trd, 8638939.182, 140
Trd, 8638940.332, 140
Trd, 8638940.682, 140
Trd, 8638941.782, 140
Trd, 8638941.932, 139
Trd, 8638942.282, 139
Trd, 8638943.532, 140
Trd, 8638945.482, 140
Trd, 8638945.632, 140
Trd, 8638945.782, 140
Trd, 8638946.432, 140
Trd, 8638947.532, 140
Trd, 8638948.082, 140
Trd, 8638948.732, 140
Trd, 8638949.732, 140
Trd, 8638949.932, 140
Trd, 8638950.632, 140
Trd, 8638951.432, 140
Trd, 8638951.932, 140
Trd, 8638952.982, 140
Trd, 8638953.332, 140
Trd, 8638954.332, 140
Trd, 8638954.982, 140
Trd, 8638955.782, 140
Trd, 8638955.982, 140
Trd, 8638956.782, 140
Trd, 8638957.732, 140
Trd, 8638958.732, 140
Trd, 8638960.682, 140
Trd, 8638961.132, 140
Trd, 8638962.382, 140
Trd, 8638962.432, 140
Trd, 8638962.482, 140
Trd, 8638963.382, 139
Trd, 8638964.382, 139
Trd, 8638964.832, 64
Trd, 8638965.782, 140
Trd, 8638966.582, 140
Trd, 8638966.632, 100
Trd, 8638967.132, 140
Trd, 8638967.282, 140
Trd, 8638967.832, 126
Trd, 8638968.432, 139
Trd, 8638968.782, 140
Trd, 8638969.832, 140
Trd, 8638971.682, 140
Trd, 8638972.382, 140
Trd, 8638972.732, 140
Trd, 8638973.532, 136
Trd, 8638974.432, 64
Trd, 8638975.082, 140
Trd, 8638975.782, 61
Trd, 8638976.432, 61
Trd, 8638977.682, 62
Trd, 8638979.482, 62
Trd, 8638979.682, 69
Trd, 8638981.382, 140
Trd, 8638981.932, 140
Trd, 8638982.432, 140
Trd, 8638982.882, 140
Trd, 8638982.932, 140
Trd, 8638984.332, 140
Trd, 8638985.682, 140
Trd, 8638985.982, 140
Trd, 8638986.032, 140
Trd, 8638987.682, 140
Trd, 8638988.932, 140
Trd, 8638989.382, 140
Trd, 8638989.682, 140
Trd, 8638991.682, 140
Trd, 8638991.732, 140
Trd, 8638991.832, 140
Trd, 8638991.982, 140
Trd, 8638993.082, 139
Trd, 8638993.532, 94
Trd, 8638996.182, 140
Trd, 8638996.432, 140
Trd, 8638996.632, 140
Trd, 8638996.732, 140
Trd, 8638998.882, 140
Trd, 8638999.382, 140
Trd, 8638999.782, 140
Trd, 8639000.832, 140
Trd, 8639001.232, 140
Trd, 8639001.432, 140
Trd, 8639002.732, 140
Trd, 8639002.932, 140
Trd, 8639003.782, 140
Trd, 8639005.032, 140
Trd, 8639005.732, 140
Trd, 8639006.132, 140
Trd, 8639006.782, 140
Trd, 8639007.032, 140
Trd, 8639008.782, 140
Trd, 8639009.532, 140
Trd, 8639010.782, 140
Trd, 8639012.232, 140
Trd, 8639012.432, 140
Trd, 8639012.582, 140
Trd, 8639012.882, 140
Trd, 8639013.332, 139
Trd, 8639013.782, 139
Trd, 8639014.732, 140
Trd, 8639015.082, 140
Trd, 8639016.532, 140
Trd, 8639017.382, 140
Trd, 8639018.932, 140
Trd, 8639019.832, 140
Trd, 8639020.632, 140
Trd, 8639020.982, 140
Trd, 8639022.132, 140
Trd, 8639023.232, 140
Trd, 8639024.832, 140
Trd, 8639025.132, 140
Trd, 8639025.232, 140
Trd, 8639026.682, 140
Trd, 8639026.732, 140
Trd, 8639026.832, 140
Trd, 8639027.132, 140
Trd, 8639027.882, 140
Trd, 8639028.932, 140
Trd, 8639030.332, 140
Trd, 8639031.232, 140
Trd, 8639031.782, 140
Trd, 8639031.832, 140
Trd, 8639032.382, 140
Trd, 8639032.732, 140
Trd, 8639033.482, 139
Trd, 8639033.732, 62
Trd, 8639035.982, 140
Trd, 8639036.532, 140
Trd, 8639037.732, 140
Trd, 8639037.782, 140
Trd, 8639037.832, 140
Trd, 8639038.582, 140
Trd, 8639038.682, 139
Trd, 8639039.982, 140
Trd, 8639040.382, 140
Trd, 8639040.732, 140
Trd, 8639040.782, 139
Trd, 8639042.132, 140
Trd, 8639042.982, 140
Trd, 8639043.532, 140
Trd, 8639044.432, 140
Trd, 8639045.582, 140
Trd, 8639045.882, 140
Trd, 8639047.082, 140
Trd, 8639047.582, 140
Trd, 8639047.632, 140
Trd, 8639049.682, 140
Trd, 8639050.382, 140
Trd, 8639050.782, 140
Trd, 8639052.732, 140
Trd, 8639052.932, 140
Trd, 8639054.332, 140
Trd, 8639054.382, 140
Trd, 8639055.782, 140
Trd, 8639056.032, 140
Trd, 8639056.232, 140
Trd, 8639058.282, 140
Trd, 8639059.182, 140
Trd, 8639059.632, 140
Trd, 8639060.082, 140
Trd, 8639060.982, 140
Trd, 8639062.082, 140
Trd, 8639062.332, 140
Trd, 8639063.782, 140
Trd, 8639064.082, 140
Trd, 8639064.232, 140
Trd, 8639064.432, 139
Trd, 8639066.182, 140
Trd, 8639066.532, 140
Trd, 8639066.932, 140
Trd, 8639067.132, 140
Trd, 8639068.232, 140
Trd, 8639068.532, 138
Trd, 8639070.382, 140
Trd, 8639070.582, 140
Trd, 8639070.982, 138
Trd, 8639071.882, 101
Trd, 8639072.282, 140
Trd, 8639072.582, 139
Trd, 8639073.132, 139
Trd, 8639073.582, 140
Trd, 8639074.532, 140
Trd, 8639075.532, 140
Trd, 8639076.032, 140
Trd, 8639076.232, 140
Trd, 8639076.982, 140
Trd, 8639077.282, 140
Trd, 8639077.682, 140
Trd, 8639078.182, 140
Trd, 8639079.482, 140
Trd, 8639079.782, 140
Trd, 8639080.382, 140
Trd, 8639081.132, 140
Trd, 8639081.882, 140
Trd, 8639082.382, 140
Trd, 8639083.132, 140
Trd, 8639083.532, 140
Trd, 8639083.782, 140
Trd, 8639084.532, 140
Trd, 8639085.032, 140
Trd, 8639086.432, 140
Trd, 8639086.982, 140
Trd, 8639087.732, 140
Trd, 8639088.532, 140
Trd, 8639088.982, 139
Trd, 8639089.682, 140
Trd, 8639090.082, 139
Trd, 8639090.832, 140
Trd, 8639091.282, 140
Trd, 8639093.532, 140
Trd, 8639094.482, 140
Trd, 8639096.332, 140
Trd, 8639096.532, 140
Trd, 8639096.882, 140
Trd, 8639097.132, 140
Trd, 8639097.282, 140
Trd, 8639097.632, 140
Trd, 8639098.182, 139
Trd, 8639099.882, 139
Trd, 8639100.782, 139
Trd, 8639102.232, 140
Trd, 8639102.432, 140
Trd, 8639103.982, 140
Trd, 8639104.632, 140
Trd, 8639106.182, 140
Trd, 8639106.532, 140
Trd, 8639106.882, 140
Trd, 8639107.432, 140
Trd, 8639107.482, 140
Trd, 8639107.982, 140
Trd, 8639108.782, 140
Trd, 8639109.182, 140
Trd, 8639110.082, 140
Trd, 8639110.632, 139
Trd, 8639111.782, 140
Trd, 8639112.182, 140
Trd, 8639112.682, 140
Trd, 8639112.882, 140
Trd, 8639113.532, 140
Trd, 8639113.932, 140
Trd, 8639115.082, 140
Trd, 8639115.582, 140
Trd, 8639116.282, 140
Trd, 8639116.982, 140
Trd, 8639117.082, 140
Trd, 8639117.832, 140
Trd, 8639119.132, 140
Trd, 8639120.682, 60
Trd, 8639120.732, 63
Trd, 8639121.282, 124
Trd, 8639122.832, 60
Trd, 8639123.982, 70
Trd, 8639125.332, 78
Trd, 8639125.932, 79
Trd, 8639127.432, 139
Trd, 8639127.832, 85
Trd, 8639128.382, 118
Trd, 8639128.982, 109
Trd, 8639129.382, 109
Trd, 8639130.282, 109
Trd, 8639130.432, 62
Trd, 8639132.332, 140
Trd, 8639132.632, 140
Trd, 8639133.132, 140
Trd, 8639133.232, 140
Trd, 8639134.082, 140
Trd, 8639136.082, 140
Trd, 8639136.532, 140
Trd, 8639137.732, 140
Trd, 8639139.032, 140
Trd, 8639139.882, 140
Trd, 8639140.232, 140
Trd, 8639140.982, 140
Trd, 8639142.582, 140
Trd, 8639142.732, 140
Trd, 8639143.782, 140
Trd, 8639145.232, 140
Trd, 8639145.332, 140
Trd, 8639146.332, 140
Trd, 8639147.232, 140
Trd, 8639148.132, 140
Trd, 8639148.882, 140
Trd, 8639150.282, 140
Trd, 8639151.182, 140
Trd, 8639151.782, 140
Trd, 8639152.332, 140
Trd, 8639152.682, 140
Trd, 8639152.832, 140
Trd, 8639153.882, 140
Trd, 8639154.532, 140
Trd, 8639154.782, 140
Trd, 8639155.382, 140
Trd, 8639155.682, 140
Trd, 8639156.482, 140
Trd, 8639157.232, 140
Trd, 8639158.482, 140
Trd, 8639159.132, 140
Trd, 8639159.932, 140
Trd, 8639161.282, 140
Trd, 8639161.482, 140
Trd, 8639161.832, 140
Trd, 8639161.932, 137
Trd, 8639162.982, 126
Trd, 8639163.332, 136
Trd, 8639163.882, 126
Trd, 8639164.832, 139
Trd, 8639165.482, 140
Trd, 8639165.732, 140
Trd, 8639167.182, 140
Trd, 8639167.832, 140
Trd, 8639169.182, 140
Trd, 8639169.482, 140
Trd, 8639169.632, 140
Trd, 8639171.332, 140
Trd, 8639172.782, 140
Trd, 8639173.082, 140
Trd, 8639173.232, 140
Trd, 8639173.432, 140
Trd, 8639173.682, 140
Trd, 8639174.732, 140
Trd, 8639174.982, 140
Trd, 8639175.432, 137
Trd, 8639177.432, 140
Trd, 8639177.532, 140
Trd, 8639177.582, 140
Trd, 8639178.732, 140
Trd, 8639179.132, 140
Trd, 8639180.182, 140
Trd, 8639180.232, 140
Trd, 8639180.882, 140
Trd, 8639181.082, 140
Trd, 8639181.132, 138
Trd, 8639182.382, 140
Trd, 8639184.682, 140
Trd, 8639186.332, 140
Trd, 8639187.682, 140
Trd, 8639188.182, 140
Trd, 8639188.382, 140
Trd, 8639189.132, 140
Trd, 8639189.182, 140
Trd, 8639190.532, 140
Trd, 8639190.682, 140
Trd, 8639190.932, 140
Trd, 8639191.132, 140
Trd, 8639191.682, 140
Trd, 8639191.782, 139
Trd, 8639192.382, 125
Trd, 8639193.582, 64
Trd, 8639193.782, 119
Trd, 8639195.332, 61
Trd, 8639195.382, 70
Trd, 8639195.982, 72
Trd, 8639196.282, 140
Trd, 8639197.632, 140
Trd, 8639197.732, 140
Trd, 8639198.332, 140
Trd, 8639198.832, 140
Trd, 8639199.282, 140
Trd, 8639199.382, 140
Trd, 8639201.082, 140
Trd, 8639201.132, 140
Trd, 8639201.782, 138
Trd, 8639202.182, 138
Trd, 8639202.382, 104
Trd, 8639204.532, 111
Trd, 8639206.582, 140
Trd, 8639206.982, 140
Trd, 8639207.082, 140
Trd, 8639207.132, 140
Trd, 8639207.782, 140
Trd, 8639208.032, 140
Trd, 8639208.832, 140
Trd, 8639209.582, 140
Trd, 8639210.132, 140
Trd, 8639211.232, 140
Trd, 8639211.282, 140
Trd, 8639212.032, 140
Trd, 8639212.132, 138
Trd, 8639213.382, 140
Trd, 8639214.982, 140
Trd, 8639215.482, 140
Trd, 8639215.732, 140
Trd, 8639216.382, 140
Trd, 8639216.532, 140
Trd, 8639216.782, 140
Trd, 8639217.582, 140
Trd, 8639218.082, 140
Trd, 8639219.232, 140
Trd, 8639219.582, 140
Trd, 8639220.632, 140
Trd, 8639220.882, 140
Trd, 8639221.982, 140
Trd, 8639223.182, 140
Trd, 8639223.982, 140
Trd, 8639224.832, 140
Trd, 8639224.882, 140
Trd, 8639226.232, 140
Trd, 8639226.332, 140
Trd, 8639226.382, 140
Trd, 8639227.682, 140
Trd, 8639227.932, 140
Trd, 8639229.132, 140
Trd, 8639230.782, 140
Trd, 8639230.932, 140
Trd, 8639231.482, 140
Trd, 8639231.882, 140
Trd, 8639233.182, 140
Trd, 8639234.332, 140
Trd, 8639235.182, 140
Trd, 8639235.782, 140
Trd, 8639236.632, 140
Trd, 8639238.132, 140
Trd, 8639238.532, 140
Trd, 8639239.282, 140
Trd, 8639239.832, 140
Trd, 8639240.032, 140
Trd, 8639242.432, 140
Trd, 8639242.882, 140
Trd, 8639242.982, 140
Trd, 8639244.232, 140
Trd, 8639246.332, 140
Trd, 8639246.782, 140
Trd, 8639247.382, 140
Trd, 8639248.132, 140
Trd, 8639248.632, 140
Trd, 8639249.232, 140
Trd, 8639250.682, 140
Trd, 8639252.732, 140
Trd, 8639252.882, 140
Trd, 8639253.132, 140
Trd, 8639253.232, 140
Trd, 8639253.682, 140
Trd, 8639254.982, 140
Trd, 8639255.832, 140
Trd, 8639256.882, 140
Trd, 8639257.432, 140
Trd, 8639257.582, 140
Trd, 8639258.932, 140
Trd, 8639259.432, 140
Trd, 8639259.682, 140
Trd, 8639261.282, 140
Trd, 8639262.032, 140
Trd, 8639262.182, 140
Trd, 8639262.932, 140
Trd, 8639264.682, 140
Trd, 8639264.732, 140
Trd, 8639265.032, 140
Trd, 8639265.682, 139
Trd, 8639266.682, 140
Trd, 8639267.382, 140
Trd, 8639267.632, 140
Trd, 8639269.332, 140
Trd, 8639270.082, 140
Trd, 8639270.382, 140
Trd, 8639271.282, 140
Trd, 8639271.882, 140
Trd, 8639273.332, 140
Trd, 8639274.132, 140
Trd, 8639274.532, 140
Trd, 8639275.582, 140
Trd, 8639277.082, 140
Trd, 8639278.032, 140
Trd, 8639278.882, 140
Trd, 8639279.582, 140
Trd, 8639279.632, 140
Trd, 8639280.932, 140
Trd, 8639281.582, 140
Trd, 8639281.932, 140
Trd, 8639282.482, 140
Trd, 8639282.682, 140
Trd, 8639283.932, 140
Trd, 8639285.582, 140
Trd, 8639285.932, 140
Trd, 8639286.332, 140
Trd, 8639287.232, 140
Trd, 8639287.382, 140
Trd, 8639287.432, 140
Trd, 8639287.832, 140
Trd, 8639289.032, 140
Trd, 8639290.282, 139
Trd, 8639290.532, 138
Trd, 8639291.082, 140
Trd, 8639291.932, 140
Trd, 8639292.232, 140
Trd, 8639295.082, 140
Trd, 8639295.532, 140
Trd, 8639295.982, 140
Trd, 8639296.182, 140
Trd, 8639296.282, 140
Trd, 8639297.832, 140
Trd, 8639299.732, 140
Trd, 8639299.882, 140
Trd, 8639299.982, 140
Trd, 8639300.232, 140
Trd, 8639300.832, 140
Trd, 8639302.982, 140
Trd, 8639303.082, 140
Trd, 8639303.332, 140
Trd, 8639303.582, 140
Trd, 8639303.832, 140
Trd, 8639306.332, 140
Trd, 8639307.332, 140
Trd, 8639307.832, 140
Trd, 8639309.082, 140
Trd, 8639309.382, 140
Trd, 8639310.132, 140
Trd, 8639310.432, 140
Trd, 8639311.132, 140
Trd, 8639311.782, 140
Trd, 8639311.932, 140
Trd, 8639313.082, 140
Trd, 8639313.682, 140
Trd, 8639313.982, 140
Trd, 8639315.132, 140
Trd, 8639315.882, 140
Trd, 8639316.382, 140
Trd, 8639316.882, 140
Trd, 8639316.932, 140
Trd, 8639317.082, 140
Trd, 8639317.332, 140
Trd, 8639317.532, 67
Trd, 8639319.682, 140
Trd, 8639320.632, 140
Trd, 8639321.432, 140
Trd, 8639323.432, 140
Trd, 8639323.932, 140
Trd, 8639324.732, 140
Trd, 8639325.782, 140
Trd, 8639326.532, 140
Trd, 8639328.082, 140
Trd, 8639328.532, 140
Trd, 8639328.932, 140
Trd, 8639329.832, 140
Trd, 8639331.882, 140
Trd, 8639333.582, 140
Trd, 8639333.932, 140
Trd, 8639334.032, 140
Trd, 8639334.582, 140
Trd, 8639334.932, 140
Trd, 8639335.382, 139
Trd, 8639336.932, 140
Trd, 8639338.332, 140
Trd, 8639338.382, 140
Trd, 8639338.632, 140
Trd, 8639339.132, 140
Trd, 8639339.582, 140
Trd, 8639341.032, 140
Trd, 8639341.332, 140
Trd, 8639341.732, 140
Trd, 8639342.132, 140
Trd, 8639342.382, 140
Trd, 8639344.132, 64
Trd, 8639344.182, 73
Trd, 8639345.082, 128
Trd, 8639345.432, 140
Trd, 8639346.182, 60
Trd, 8639347.482, 67
Trd, 8639348.532, 140
Trd, 8639349.932, 100
Trd, 8639349.982, 98
Trd, 8639350.432, 105
Trd, 8639351.332, 103
Trd, 8639351.832, 101
Trd, 8639352.932, 102
Trd, 8639353.582, 139
Trd, 8639354.782, 140
Trd, 8639355.532, 140
Trd, 8639356.182, 140
Trd, 8639357.182, 140
Trd, 8639358.082, 140
Trd, 8639358.132, 140
Trd, 8639358.482, 140
Trd, 8639359.982, 140
Trd, 8639360.032, 140
Trd, 8639360.232, 140
Trd, 8639360.382, 140
Trd, 8639362.332, 140
Trd, 8639362.682, 140
Trd, 8639362.782, 140
Trd, 8639363.732, 140
Trd, 8639363.882, 140
Trd, 8639363.982, 136
Trd, 8639365.232, 139
Trd, 8639365.432, 136
Trd, 8639367.032, 67
Trd, 8639367.532, 140
Trd, 8639367.582, 140
Trd, 8639369.282, 139
Trd, 8639369.482, 138
Trd, 8639369.682, 138
Trd, 8639370.532, 139
Trd, 8639371.882, 140
Trd, 8639372.082, 140
Trd, 8639372.982, 140
Trd, 8639374.682, 140
Trd, 8639374.982, 140
Trd, 8639375.682, 140
Trd, 8639375.982, 140
Trd, 8639376.582, 140
Trd, 8639377.982, 140
Trd, 8639379.632, 140
Trd, 8639380.082, 140
Trd, 8639381.032, 140
Trd, 8639381.182, 140
Trd, 8639381.232, 140
Trd, 8639382.032, 140
Trd, 8639382.282, 140
Trd, 8639383.532, 140
Trd, 8639384.232, 140
Trd, 8639384.432, 140
Trd, 8639385.432, 140
Trd, 8639386.082, 140
Trd, 8639386.282, 140
Trd, 8639386.632, 140
Trd, 8639387.482, 140
Trd, 8639388.282, 60
Trd, 8639389.132, 61
Trd, 8639390.882, 140
Trd, 8639390.932, 140
Trd, 8639390.982, 140
Trd, 8639391.232, 140
Trd, 8639392.132, 140
Trd, 8639392.782, 140
Trd, 8639393.032, 140
Trd, 8639393.482, 139
Trd, 8639393.632, 74
Trd, 8639394.432, 100
Trd, 8639395.232, 62
Trd, 8639395.682, 140
Trd, 8639396.182, 140
Trd, 8639396.882, 140
Trd, 8639397.382, 67
Trd, 8639399.532, 140
Trd, 8639399.732, 140
Trd, 8639400.732, 140
Trd, 8639400.782, 140
Trd, 8639401.482, 138
Trd, 8639402.232, 140
Trd, 8639402.332, 140
Trd, 8639402.382, 140
Trd, 8639402.682, 139
Trd, 8639404.532, 140
Trd, 8639404.782, 139
Trd, 8639406.482, 140
Trd, 8639408.632, 140
Trd, 8639410.032, 140
Trd, 8639410.232, 140
Trd, 8639410.332, 140
Trd, 8639411.832, 140
Trd, 8639411.982, 140
Trd, 8639412.782, 140
Trd, 8639413.332, 140
Trd, 8639413.632, 140
Trd, 8639413.682, 139
Trd, 8639413.732, 138
Trd, 8639418.132, 140
Trd, 8639418.482, 140
Trd, 8639418.532, 140
Trd, 8639419.832, 140
Trd, 8639420.382, 140
Trd, 8639420.432, 140
Trd, 8639421.582, 140
Trd, 8639422.332, 140
Trd, 8639422.382, 140
Trd, 8639424.132, 140
Trd, 8639424.482, 140
Trd, 8639425.232, 140
Trd, 8639426.182, 140
Trd, 8639426.382, 140
Trd, 8639427.182, 140
Trd, 8639428.332, 140
Trd, 8639428.382, 140
Trd, 8639428.982, 140
Trd, 8639429.782, 140
Trd, 8639430.282, 140
Trd, 8639430.332, 140
Trd, 8639431.582, 140
Trd, 8639432.332, 140
Trd, 8639434.532, 140
Trd, 8639434.682, 140
Trd, 8639435.232, 139
Trd, 8639435.782, 63
Trd, 8639436.382, 64
Trd, 8639436.632, 122
Trd, 8639438.032, 140
Trd, 8639438.232, 140
Trd, 8639438.932, 140
Trd, 8639439.432, 140
Trd, 8639441.132, 140
Trd, 8639441.432, 140
Trd, 8639442.532, 140
Trd, 8639442.832, 140
Trd, 8639444.432, 140
Trd, 8639444.982, 140
Trd, 8639445.082, 140
Trd, 8639445.332, 140
Trd, 8639446.132, 140
Trd, 8639447.632, 140
Trd, 8639447.982, 140
Trd, 8639448.932, 140
Trd, 8639449.032, 140
Trd, 8639449.832, 140
Trd, 8639450.832, 138
Trd, 8639451.782, 140
Trd, 8639453.382, 60
Trd, 8639453.832, 60
Trd, 8639454.032, 61
Trd, 8639454.732, 64
Trd, 8639456.882, 61
Trd, 8639458.182, 61
Trd, 8639458.332, 140
Trd, 8639460.332, 60
Trd, 8639461.082, 64
Trd, 8639461.482, 67
Trd, 8639461.832, 66
Trd, 8639462.782, 140
Trd, 8639463.832, 140
Trd, 8639464.082, 140
Trd, 8639464.382, 138
Trd, 8639464.582, 138
Trd, 8639466.382, 140
Trd, 8639467.232, 140
Trd, 8639468.082, 140
Trd, 8639468.232, 140
Trd, 8639468.782, 140
Trd, 8639469.332, 139
Trd, 8639469.832, 140
Trd, 8639470.432, 136
Trd, 8639470.832, 136
Trd, 8639471.332, 136
Trd, 8639471.732, 140
Trd, 8639471.982, 135
Trd, 8639474.932, 60
Trd, 8639475.532, 67
Trd, 8639476.432, 115
Trd, 8639476.582, 110
Trd, 8639476.782, 109
Trd, 8639477.282, 140
Trd, 8639477.482, 66
Trd, 8639478.832, 82
Trd, 8639479.082, 73
Trd, 8639481.332, 140
Trd, 8639482.632, 140
Trd, 8639483.232, 140
Trd, 8639484.132, 140
Trd, 8639485.182, 140
Trd, 8639486.182, 140
Trd, 8639487.132, 140
Trd, 8639487.532, 140
Trd, 8639488.582, 140
Trd, 8639488.832, 140
Trd, 8639489.682, 140
Trd, 8639490.332, 140
Trd, 8639493.382, 140
Trd, 8639494.432, 140
Trd, 8639495.482, 140
Trd, 8639495.982, 140
Trd, 8639496.282, 140
Trd, 8639496.682, 140
Trd, 8639498.232, 140
Trd, 8639498.432, 140
Trd, 8639498.832, 140
Trd, 8639499.532, 140
Trd, 8639499.732, 140
Trd, 8639499.932, 140
Trd, 8639500.182, 140
Trd, 8639501.982, 140
Trd, 8639503.282, 140
Trd, 8639504.032, 140
Trd, 8639504.532, 140
Trd, 8639504.832, 140
Trd, 8639505.532, 140
Trd, 8639505.582, 140
Trd, 8639506.032, 113
Trd, 8639507.782, 140
Trd, 8639508.432, 140
Trd, 8639508.932, 140
Trd, 8639508.982, 137
Trd, 8639509.182, 140
Trd, 8639510.132, 138
Trd, 8639510.232, 137
Trd, 8639510.482, 140
Trd, 8639510.782, 118
Trd, 8639512.182, 140
Trd, 8639513.932, 139
Trd, 8639514.032, 138
Trd, 8639516.532, 63
Trd, 8639516.982, 60
Trd, 8639517.482, 68
Trd, 8639518.682, 140
Trd, 8639519.982, 120
Trd, 8639520.582, 140
Trd, 8639521.082, 140
Trd, 8639521.332, 74
Trd, 8639521.982, 140
Trd, 8639523.332, 140
Trd, 8639523.982, 140
Trd, 8639524.282, 140
Trd, 8639525.482, 140
Trd, 8639527.132, 140
Trd, 8639527.982, 140
Trd, 8639528.582, 140
Trd, 8639528.832, 140
Trd, 8639528.982, 140
Trd, 8639529.282, 140
Trd, 8639529.782, 140
Trd, 8639530.282, 140
Trd, 8639531.132, 63
Trd, 8639532.282, 99
Trd, 8639532.682, 140
Trd, 8639533.482, 139
Trd, 8639534.182, 140
Trd, 8639534.582, 139
Trd, 8639536.382, 140
Trd, 8639536.982, 140
Trd, 8639537.582, 139
Trd, 8639537.932, 138
Trd, 8639538.082, 137
Trd, 8639538.382, 140
Trd, 8639538.732, 130
Trd, 8639540.482, 64
Trd, 8639540.982, 135
Trd, 8639542.032, 69
Trd, 8639544.782, 60
Trd, 8639545.382, 64
Trd, 8639546.082, 68
Trd, 8639547.782, 63
Trd, 8639548.032, 64
Trd, 8639548.682, 71
Trd, 8639548.982, 114
Trd, 8639549.232, 63
Trd, 8639550.832, 63
Trd, 8639552.532, 140
Trd, 8639552.732, 140
Trd, 8639553.232, 140
Trd, 8639553.382, 140
Trd, 8639553.632, 140
Trd, 8639554.982, 140
Trd, 8639555.032, 140
Trd, 8639555.332, 140
Trd, 8639556.632, 140
Trd, 8639557.082, 140
Trd, 8639557.282, 140
Trd, 8639558.432, 140
Trd, 8639559.882, 140
Trd, 8639560.482, 140
Trd, 8639560.732, 140
Trd, 8639561.632, 137
Trd, 8639562.332, 139
Trd, 8639563.882, 140
Trd, 8639564.032, 140
Trd, 8639564.582, 140
Trd, 8639564.882, 140
Trd, 8639565.882, 140
Trd, 8639567.232, 140
Trd, 8639567.982, 140
Trd, 8639568.932, 140
Trd, 8639569.982, 140
Trd, 8639570.282, 140
Trd, 8639570.832, 140
Trd, 8639570.932, 140
Trd, 8639571.982, 140
Trd, 8639573.182, 140
Trd, 8639575.432, 140
Trd, 8639575.982, 140
Trd, 8639576.582, 140
Trd, 8639576.832, 140
Trd, 8639576.882, 140
Trd, 8639577.832, 140
Trd, 8639578.132, 140
Trd, 8639578.432, 140
Trd, 8639579.132, 140
Trd, 8639579.932, 140
Trd, 8639581.032, 140
Trd, 8639581.932, 140
Trd, 8639582.132, 140
Trd, 8639582.432, 140
Trd, 8639582.932, 140
Trd, 8639583.332, 139
Trd, 8639583.982, 140
Trd, 8639584.232, 139
Trd, 8639584.732, 140
Trd, 8639585.382, 138
Trd, 8639587.382, 95
Trd, 8639587.632, 94
Trd, 8639588.032, 103
Trd, 8639589.282, 140
Trd, 8639589.332, 140
Trd, 8639589.382, 140
Trd, 8639591.132, 140
Trd, 8639591.582, 140
Trd, 8639592.582, 140
Trd, 8639593.132, 140
Trd, 8639593.182, 140
Trd, 8639593.282, 140
Trd, 8639593.682, 137
Trd, 8639594.082, 117
Trd, 8639595.082, 140
Trd, 8639595.732, 140
Trd, 8639596.332, 140
Trd, 8639597.732, 140
Trd, 8639597.882, 140
Trd, 8639599.032, 140
Trd, 8639599.432, 140
Trd, 8639600.132, 140
Trd, 8639600.332, 140
Trd, 8639600.932, 61
Trd, 8639602.132, 140
Trd, 8639602.182, 140
Trd, 8639602.632, 136
Trd, 8639603.282, 71
Trd, 8639604.182, 123
Trd, 8639605.032, 61
Trd, 8639605.732, 62
Trd, 8639606.232, 64
Trd, 8639608.132, 65
Trd, 8639608.282, 68
Trd, 8639609.732, 140
Trd, 8639610.482, 140
Trd, 8639610.882, 140
Trd, 8639611.782, 140
Trd, 8639612.432, 140
Trd, 8639613.032, 140
Trd, 8639613.132, 140
Trd, 8639614.032, 140
Trd, 8639616.032, 140
Trd, 8639616.382, 140
Trd, 8639616.532, 140
Trd, 8639617.332, 140
Trd, 8639617.532, 140
Trd, 8639617.582, 140
Trd, 8639618.332, 140
Trd, 8639619.432, 138
Trd, 8639620.582, 65
Trd, 8639621.532, 64
Trd, 8639622.632, 64
Trd, 8639623.582, 61
Trd, 8639626.932, 60
Trd, 8639627.882, 64
Trd, 8639628.182, 70
Trd, 8639628.732, 87
Trd, 8639629.082, 130
Trd, 8639629.232, 92
Trd, 8639629.432, 65
Trd, 8639629.682, 68
Trd, 8639630.432, 91
Trd, 8639630.682, 61
Trd, 8639632.932, 140
Trd, 8639633.032, 140
Trd, 8639633.982, 139
Trd, 8639635.082, 140
Trd, 8639635.282, 140
Trd, 8639635.532, 140
Trd, 8639637.282, 140
Trd, 8639637.332, 140
Trd, 8639639.132, 140
Trd, 8639640.632, 140
Trd, 8639640.932, 140
Trd, 8639641.032, 140
Trd, 8639642.232, 140
Trd, 8639642.982, 140
Trd, 8639643.182, 140
Trd, 8639643.532, 140
Trd, 8639644.582, 140
Trd, 8639644.982, 140
Trd, 8639645.132, 140
Trd, 8639645.482, 140
Trd, 8639646.332, 140
Trd, 8639646.432, 140
Trd, 8639646.482, 140
Trd, 8639647.682, 140
Trd, 8639648.332, 140
Trd, 8639649.882, 140
Trd, 8639650.632, 140
Trd, 8639651.032, 140
Trd, 8639652.582, 140
Trd, 8639654.532, 140
Trd, 8639655.132, 140
Trd, 8639656.482, 140
Trd, 8639657.682, 140
Trd, 8639658.232, 140
Trd, 8639659.082, 140
Trd, 8639659.382, 140
Trd, 8639659.782, 140
Trd, 8639660.082, 140
Trd, 8639661.332, 140
Trd, 8639661.482, 140
Trd, 8639663.282, 140
Trd, 8639663.582, 140
Trd, 8639664.982, 136
Trd, 8639666.032, 140
Trd, 8639667.832, 140
Trd, 8639667.932, 140
Trd, 8639668.132, 140
Trd, 8639668.582, 140
Trd, 8639668.832, 140
Trd, 8639668.982, 140
Trd, 8639669.232, 140
Trd, 8639671.282, 140
Trd, 8639672.482, 140
Trd, 8639672.982, 140
Trd, 8639673.332, 140
Trd, 8639673.732, 140
Trd, 8639674.032, 139
Trd, 8639675.482, 140
Trd, 8639676.782, 140
Trd, 8639677.482, 140
Trd, 8639677.832, 140
Trd, 8639677.982, 140
Trd, 8639678.182, 140
Trd, 8639678.282, 137
Trd, 8639678.632, 140
Trd, 8639679.482, 140
Trd, 8639680.582, 136
Trd, 8639683.082, 140
Trd, 8639683.832, 140
Trd, 8639683.982, 140
Trd, 8639684.132, 140
Trd, 8639686.232, 140
Trd, 8639686.982, 140
Trd, 8639687.632, 140
Trd, 8639688.332, 140
Trd, 8639688.482, 140
Trd, 8639690.232, 140
Trd, 8639691.432, 140
Trd, 8639691.632, 140
Trd, 8639692.132, 140
Trd, 8639692.332, 140
Trd, 8639693.082, 140
Trd, 8639693.232, 140
Trd, 8639694.932, 140
Trd, 8639695.382, 140
Trd, 8639695.932, 139
Trd, 8639696.032, 138
Trd, 8639697.982, 140
Trd, 8639698.232, 140
Trd, 8639698.382, 140
Trd, 8639698.482, 140
Trd, 8639698.782, 140
Trd, 8639699.082, 139
Trd, 8639699.682, 140
Trd, 8639700.932, 140
Trd, 8639702.132, 140
Trd, 8639702.332, 140
Trd, 8639702.432, 140
Trd, 8639705.232, 140
Trd, 8639707.582, 140
Trd, 8639707.782, 140
Trd, 8639709.182, 140
Trd, 8639709.582, 140
Trd, 8639710.132, 140
Trd, 8639710.182, 140
Trd, 8639711.082, 140
Trd, 8639711.732, 140
Trd, 8639712.982, 140
Trd, 8639714.082, 140
Trd, 8639715.382, 140
Trd, 8639716.432, 140
Trd, 8639716.482, 140
Trd, 8639717.382, 140
Trd, 8639717.882, 140
Trd, 8639719.832, 140
Trd, 8639720.632, 140
Trd, 8639721.032, 140
Trd, 8639721.532, 140
Trd, 8639721.782, 140
Trd, 8639722.432, 140
Trd, 8639722.882, 140
Trd, 8639724.132, 140
Trd, 8639725.832, 140
Trd, 8639726.232, 140
Trd, 8639726.632, 140
Trd, 8639727.332, 140
Trd, 8639728.132, 140
Trd, 8639729.282, 140
Trd, 8639729.382, 140
Trd, 8639730.682, 140
Trd, 8639731.532, 140
Trd, 8639732.932, 140
Trd, 8639735.982, 140
Trd, 8639736.282, 140
Trd, 8639737.532, 140
Trd, 8639737.982, 140
Trd, 8639738.532, 140
Trd, 8639739.682, 140
Trd, 8639739.832, 140
Trd, 8639741.132, 140
Trd, 8639742.282, 140
Trd, 8639742.932, 140
Trd, 8639743.882, 140
Trd, 8639744.232, 140
Trd, 8639744.782, 140
Trd, 8639744.882, 140
Trd, 8639745.782, 140
Trd, 8639745.882, 140
Trd, 8639748.082, 140
Trd, 8639748.232, 140
Trd, 8639749.582, 140
Trd, 8639750.482, 140
Trd, 8639751.332, 140
Trd, 8639751.482, 140
Trd, 8639753.582, 140
Trd, 8639753.632, 140
Trd, 8639753.682, 140
Trd, 8639754.182, 140
Trd, 8639754.532, 140
Trd, 8639755.232, 123
Trd, 8639756.232, 114
Trd, 8639757.532, 139
Trd, 8639757.632, 137
Trd, 8639759.982, 60
Trd, 8639760.032, 63
Trd, 8639761.882, 60
Trd, 8639762.882, 61
Trd, 8639762.932, 61
Trd, 8639763.732, 62
Trd, 8639765.482, 140
Trd, 8639765.932, 140
Trd, 8639766.532, 140
Trd, 8639766.782, 140
Trd, 8639768.132, 140
Trd, 8639768.332, 140
Trd, 8639768.932, 140
Trd, 8639769.582, 140
Trd, 8639769.632, 140
Trd, 8639770.882, 139
Trd, 8639772.032, 75
Trd, 8639774.132, 60
Trd, 8639775.182, 65
Trd, 8639775.882, 140
Trd, 8639776.182, 140
Trd, 8639777.082, 140
Trd, 8639777.282, 140
Trd, 8639777.782, 140
Trd, 8639778.582, 140
Trd, 8639779.232, 140
Trd, 8639780.032, 139
Trd, 8639781.232, 107
Trd, 8639781.882, 116
Trd, 8639784.832, 140
Trd, 8639784.882, 140
Trd, 8639784.982, 140
Trd, 8639786.582, 140
Trd, 8639787.732, 140
Trd, 8639787.932, 140
Trd, 8639790.832, 140
Trd, 8639790.882, 140
Trd, 8639791.382, 140
Trd, 8639792.632, 140
Trd, 8639792.982, 140
Trd, 8639793.432, 140
Trd, 8639793.582, 140
Trd, 8639793.882, 140
Trd, 8639794.582, 140
Trd, 8639795.632, 140
Trd, 8639796.032, 136
Trd, 8639796.282, 135
Trd, 8639796.532, 134
Trd, 8639799.032, 140
Trd, 8639799.232, 140
Trd, 8639800.032, 140
Trd, 8639801.132, 140
Trd, 8639801.682, 139
Trd, 8639802.682, 140
Trd, 8639803.582, 140
Trd, 8639805.632, 140
Trd, 8639806.232, 140
Trd, 8639807.182, 140
Trd, 8639807.432, 140
Trd, 8639807.532, 140
Trd, 8639807.832, 140
Trd, 8639808.332, 140
Trd, 8639808.482, 133
Trd, 8639809.832, 140
Trd, 8639811.132, 140
Trd, 8639812.232, 140
Trd, 8639812.432, 140
Trd, 8639813.482, 139
Trd, 8639813.932, 139
Trd, 8639817.782, 140
Trd, 8639818.132, 140
Trd, 8639818.382, 140
Trd, 8639818.532, 140
Trd, 8639818.632, 139
Trd, 8639819.782, 140
Trd, 8639820.082, 140
Trd, 8639820.182, 140
Trd, 8639821.232, 140
Trd, 8639821.632, 140
Trd, 8639822.682, 140
Trd, 8639823.382, 140
Trd, 8639824.782, 140
Trd, 8639825.732, 140
Trd, 8639826.682, 140
Trd, 8639827.182, 140
Trd, 8639827.432, 140
Trd, 8639827.732, 140
Trd, 8639829.632, 140
Trd, 8639829.682, 140
Trd, 8639830.932, 140
Trd, 8639832.332, 140
Trd, 8639833.082, 140
Trd, 8639833.682, 140
Trd, 8639833.732, 140
Trd, 8639834.532, 140
Trd, 8639834.682, 140
Trd, 8639836.132, 140
Trd, 8639836.432, 140
Trd, 8639836.982, 140
Trd, 8639837.732, 140
Trd, 8639837.932, 140
Trd, 8639838.982, 140
Trd, 8639839.732, 140
Trd, 8639840.732, 140
Trd, 8639841.082, 137
Trd, 8639841.732, 140
Trd, 8639842.332, 140
Trd, 8639842.632, 140
Trd, 8639844.682, 140
Trd, 8639844.932, 140
Trd, 8639845.132, 140
Trd, 8639845.932, 140
Trd, 8639846.282, 140
Trd, 8639847.132, 138
Trd, 8639848.232, 140
Trd, 8639849.332, 140
Trd, 8639849.982, 94
Trd, 8639850.282, 94
Trd, 8639850.482, 131
Trd, 8639852.582, 140
Trd, 8639853.332, 140
Trd, 8639853.432, 140
Trd, 8639853.582, 140
Trd, 8639854.832, 140
Trd, 8639856.882, 140
Trd, 8639857.182, 140
Trd, 8639857.332, 140
Trd, 8639857.382, 140
Trd, 8639858.382, 140
Trd, 8639858.782, 140
Trd, 8639859.632, 140
Trd, 8639862.482, 140
Trd, 8639862.782, 140
Trd, 8639863.832, 140
Trd, 8639864.532, 140
Trd, 8639864.582, 140
Trd, 8639866.932, 140
Trd, 8639867.082, 140
Trd, 8639867.982, 140
Trd, 8639868.482, 140
Trd, 8639868.882, 140
Trd, 8639869.782, 140
Trd, 8639870.732, 140
Trd, 8639870.782, 140
Trd, 8639871.182, 140
Trd, 8639871.232, 140
Trd, 8639873.782, 140
Trd, 8639874.082, 140
Trd, 8639874.682, 140
Trd, 8639875.282, 140
Trd, 8639875.782, 139
Trd, 8639877.082, 140
Trd, 8639877.982, 140
Trd, 8639878.832, 140
Trd, 8639879.932, 140
Trd, 8639880.032, 140
Trd, 8639880.132, 140
Trd, 8639880.432, 140
Trd, 8639881.432, 140
Trd, 8639883.432, 140
Trd, 8639883.532, 140
Trd, 8639884.382, 140
Trd, 8639884.532, 140
Trd, 8639885.082, 140
Trd, 8639885.432, 140
Trd, 8639886.532, 140
Trd, 8639887.632, 140
Trd, 8639889.032, 140
Trd, 8639889.182, 140
Trd, 8639889.232, 140
Trd, 8639890.982, 140
Trd, 8639891.482, 140
Trd, 8639892.082, 140
Trd, 8639893.232, 140
Trd, 8639893.382, 140
Trd, 8639893.432, 140
Trd, 8639893.732, 140
Trd, 8639894.882, 140
Trd, 8639895.082, 140
Trd, 8639895.932, 140
Trd, 8639896.082, 139
Trd, 8639897.032, 139
Trd, 8639897.782, 140
Trd, 8639899.232, 140
Trd, 8639899.982, 140
Trd, 8639900.632, 140
Trd, 8639902.182, 140
Trd, 8639902.382, 140
Trd, 8639903.132, 140
Trd, 8639903.782, 140
Trd, 8639905.482, 140
Trd, 8639906.632, 140
Trd, 8639908.082, 140
Trd, 8639908.832, 140
Trd, 8639909.282, 140
Trd, 8639909.482, 140
Trd, 8639911.232, 140
Trd, 8639912.932, 140
Trd, 8639913.732, 140
Trd, 8639914.432, 140
Trd, 8639914.832, 140
Trd, 8639915.032, 140
Trd, 8639915.082, 140
Trd, 8639916.432, 140
Trd, 8639917.032, 140
Trd, 8639918.632, 140
Trd, 8639918.782, 140
Trd, 8639920.032, 140
Trd, 8639920.082, 140
Trd, 8639921.382, 140
Trd, 8639922.582, 140
Trd, 8639923.482, 140
Trd, 8639923.832, 140
Trd, 8639925.232, 140
Trd, 8639925.832, 140
Trd, 8639926.182, 140
Trd, 8639928.082, 140
Trd, 8639929.682, 140
Trd, 8639930.332, 140
Trd, 8639931.332, 140
Trd, 8639932.182, 140
Trd, 8639932.382, 140
Trd, 8639932.882, 140
Trd, 8639933.582, 140
Trd, 8639933.882, 139
Trd, 8639934.182, 60
Trd, 8639937.282, 140
Trd, 8639937.882, 140
Trd, 8639938.082, 140
Trd, 8639938.382, 140
Trd, 8639939.232, 140
Trd, 8639939.382, 140
Trd, 8639939.882, 140
Trd, 8639940.582, 140
Trd, 8639943.232, 140
Trd, 8639943.682, 140
Trd, 8639943.932, 140
Trd, 8639944.382, 140
Trd, 8639944.682, 140
Trd, 8639945.032, 139
Trd, 8639946.282, 140
Trd, 8639948.732, 140
Trd, 8639948.832, 140
Trd, 8639949.682, 140
Trd, 8639949.832, 140
Trd, 8639949.932, 140
Trd, 8639950.682, 140
Trd, 8639951.632, 140
Trd, 8639951.732, 140
Trd, 8639954.132, 140
Trd, 8639954.232, 140
Trd, 8639955.032, 140
Trd, 8639955.132, 139
Trd, 8639956.432, 125
Trd, 8639956.732, 105
Trd, 8639957.282, 113
Trd, 8639957.482, 105
Trd, 8639957.932, 140
Trd, 8639960.882, 140
Trd, 8639960.982, 140
Trd, 8639962.182, 140
Trd, 8639962.582, 140
Trd, 8639963.832, 140
Trd, 8639963.882, 140
Trd, 8639966.132, 140
Trd, 8639967.082, 140
Trd, 8639967.682, 140
Trd, 8639967.732, 140
Trd, 8639968.032, 140
Trd, 8639968.182, 140
Trd, 8639969.182, 140
Trd, 8639970.382, 140
Trd, 8639972.132, 140
Trd, 8639972.532, 140
Trd, 8639973.682, 140
Trd, 8639974.382, 140
Trd, 8639975.632, 140
Trd, 8639976.182, 140
Trd, 8639976.232, 140
Trd, 8639976.832, 140
Trd, 8639977.182, 140
Trd, 8639977.982, 140
Trd, 8639978.032, 140
Trd, 8639978.082, 139
Trd, 8639978.132, 139
Trd, 8639981.032, 140
Trd, 8639981.582, 140
Trd, 8639981.732, 140
Trd, 8639982.532, 140
Trd, 8639982.982, 140
Trd, 8639983.282, 140
Trd, 8639983.782, 140
Trd, 8639984.682, 140
Trd, 8639986.132, 140
Trd, 8639986.432, 140
Trd, 8639987.232, 140
Trd, 8639987.582, 140
Trd, 8639987.932, 140
Trd, 8639989.732, 140
Trd, 8639990.582, 140
Trd, 8639991.432, 140
Trd, 8639991.982, 140
Trd, 8639992.282, 140
Trd, 8639992.632, 139
Trd, 8639993.232, 140
Trd, 8639993.782, 138
Trd, 8639993.932, 75
Trd, 8639995.182, 140
Trd, 8639995.282, 139
Trd, 8639996.932, 68
Trd, 8639997.682, 140
Trd, 8639999.532, 140
