Trd, 8638151.682, 122
Trd, 8638151.782, 112
Trd, 8638152.132, 106
Trd, 8638152.232, 103
Trd, 8638152.582, 103
Trd, 8638153.382, 118
Trd, 8638153.982, 85
Trd, 8638156.432, 115
Trd, 8638156.582, 116
Trd, 8638157.482, 115
Trd, 8638157.632, 96
Trd, 8638157.832, 90
Trd, 8638160.282, 132
Trd, 8638161.182, 94
Trd, 8638161.532, 95
Trd, 8638161.882, 92
Trd, 8638162.382, 120
Trd, 8638162.582, 69
Trd, 8638163.082, 126
Trd, 8638163.932, 102
Trd, 8638164.832, 119
Trd, 8638165.232, 84
Trd, 8638165.982, 88
Trd, 8638166.482, 82
Trd, 8638167.682, 140
Trd, 8638167.782, 140
Trd, 8638167.932, 127
Trd, 8638168.482, 138
Trd, 8638168.882, 136
Trd, 8638169.232, 121
Trd, 8638170.132, 112
Trd, 8638170.332, 86
Trd, 8638172.482, 73
Trd, 8638172.632, 114
Trd, 8638173.682, 92
Trd, 8638173.782, 107
Trd, 8638174.782, 64
Trd, 8638175.132, 108
Trd, 8638176.432, 132
Trd, 8638177.032, 114
Trd, 8638177.132, 95
Trd, 8638177.632, 62
Trd, 8638177.832, 69
Trd, 8638178.132, 92
Trd, 8638179.482, 61
Trd, 8638181.132, 134
Trd, 8638181.832, 131
Trd, 8638182.282, 128
Trd, 8638182.682, 125
Trd, 8638182.932, 118
Trd, 8638183.282, 103
Trd, 8638184.032, 93
Trd, 8638185.782, 115
Trd, 8638186.132, 111
Trd, 8638187.182, 110
Trd, 8638188.032, 97
Trd, 8638188.482, 110
Trd, 8638188.732, 83
Trd, 8638189.182, 112
Trd, 8638189.732, 93
Trd, 8638191.082, 104
Trd, 8638191.982, 91
Trd, 8638192.232, 118
Trd, 8638192.632, 117
Trd, 8638195.082, 114
Trd, 8638195.382, 123
Trd, 8638195.732, 122
Trd, 8638197.632, 125
Trd, 8638198.682, 124
Trd, 8638198.932, 134
Trd, 8638198.982, 109
Trd, 8638199.532, 119
Trd, 8638200.132, 96
Trd, 8638200.332, 90
Trd, 8638200.782, 66
Trd, 8638201.632, 92
Trd, 8638202.582, 85
Trd, 8638203.282, 122
Trd, 8638203.682, 110
Trd, 8638204.182, 96
Trd, 8638205.032, 105
Trd, 8638205.282, 92
Trd, 8638205.532, 60
Trd, 8638207.132, 71
Trd, 8638208.832, 106
Trd, 8638208.882, 72
Trd, 8638209.232, 80
Trd, 8638209.932, 112
Trd, 8638210.932, 103
Trd, 8638211.382, 103
Trd, 8638211.432, 111
Trd, 8638211.732, 102
Trd, 8638212.332, 94
Trd, 8638212.682, 133
Trd, 8638213.832, 107
Trd, 8638214.382, 100
Trd, 8638216.232, 88
Trd, 8638217.182, 111
Trd, 8638217.332, 122
Trd, 8638218.232, 97
Trd, 8638219.332, 104
Trd, 8638219.832, 97
Trd, 8638220.482, 132
Trd, 8638220.532, 85
Trd, 8638222.132, 80
Trd, 8638222.532, 71
Trd, 8638222.782, 96
Trd, 8638223.232, 72
Trd, 8638225.832, 111
Trd, 8638226.782, 106
Trd, 8638226.982, 82
Trd, 8638227.632, 100
Trd, 8638228.032, 97
Trd, 8638230.082, 94
Trd, 8638230.182, 86
Trd, 8638230.232, 85
Trd, 8638231.332, 136
Trd, 8638231.432, 97
Trd, 8638231.982, 93
Trd, 8638232.682, 63
Trd, 8638233.232, 96
Trd, 8638233.882, 111
Trd, 8638234.082, 85
Trd, 8638234.482, 121
Trd, 8638234.782, 114
Trd, 8638236.632, 65
Trd, 8638237.932, 69
Trd, 8638238.232, 104
Trd, 8638238.332, 120
Trd, 8638239.882, 112
Trd, 8638240.032, 128
Trd, 8638240.282, 130
Trd, 8638240.332, 101
Trd, 8638241.032, 116
Trd, 8638242.332, 75
Trd, 8638242.482, 79
Trd, 8638243.432, 104
Trd, 8638243.832, 63
Trd, 8638244.532, 125
Trd, 8638246.282, 90
Trd, 8638247.382, 102
Trd, 8638248.632, 116
Trd, 8638249.382, 115
Trd, 8638249.482, 103
Trd, 8638249.982, 136
Trd, 8638250.082, 100
Trd, 8638251.632, 76
Trd, 8638252.332, 75
Trd, 8638254.082, 125
Trd, 8638256.132, 130
Trd, 8638256.382, 125
Trd, 8638256.582, 124
Trd, 8638256.982, 115
Trd, 8638257.482, 113
Trd, 8638257.832, 95
Trd, 8638258.082, 131
Trd, 8638258.882, 124
Trd, 8638260.532, 89
Trd, 8638260.582, 79
Trd, 8638260.932, 109
Trd, 8638261.332, 133
Trd, 8638262.682, 101
Trd, 8638262.932, 100
Trd, 8638263.732, 140
Trd, 8638264.782, 103
Trd, 8638265.082, 101
Trd, 8638265.732, 116
Trd, 8638266.382, 134
Trd, 8638267.232, 115
Trd, 8638267.432, 138
Trd, 8638267.482, 113
Trd, 8638267.632, 92
Trd, 8638269.632, 89
Trd, 8638270.932, 122
Trd, 8638271.032, 109
Trd, 8638271.782, 98
Trd, 8638273.282, 66
Trd, 8638273.832, 83
Trd, 8638274.332, 136
Trd, 8638274.482, 81
Trd, 8638276.082, 104
Trd, 8638276.932, 108
Trd, 8638277.082, 110
Trd, 8638279.082, 92
Trd, 8638280.182, 119
Trd, 8638280.432, 103
Trd, 8638281.082, 106
Trd, 8638281.632, 97
Trd, 8638282.232, 102
Trd, 8638283.582, 127
Trd, 8638283.982, 118
Trd, 8638285.132, 134
Trd, 8638285.732, 123
Trd, 8638287.032, 136
Trd, 8638287.432, 106
Trd, 8638288.432, 120
Trd, 8638288.482, 115
Trd, 8638288.782, 114
Trd, 8638288.982, 93
Trd, 8638289.482, 139
Trd, 8638290.782, 134
Trd, 8638291.182, 112
Trd, 8638291.632, 133
Trd, 8638292.532, 69
Trd, 8638292.782, 88
Trd, 8638292.932, 118
Trd, 8638293.782, 97
Trd, 8638294.182, 79
Trd, 8638295.332, 98
Trd, 8638296.232, 73
Trd, 8638296.782, 75
Trd, 8638296.932, 71
Trd, 8638297.682, 66
Trd, 8638298.582, 86
Trd, 8638298.682, 100
Trd, 8638299.082, 138
Trd, 8638299.882, 113
Trd, 8638301.232, 101
Trd, 8638301.932, 102
Trd, 8638302.232, 102
Trd, 8638302.382, 126
Trd, 8638303.182, 96
Trd, 8638303.482, 81
Trd, 8638304.632, 73
Trd, 8638305.682, 110
Trd, 8638306.032, 74
Trd, 8638306.432, 90
Trd, 8638306.882, 72
Trd, 8638307.332, 127
Trd, 8638309.032, 96
Trd, 8638310.532, 73
Trd, 8638310.882, 81
Trd, 8638312.332, 84
Trd, 8638312.882, 78
Trd, 8638313.082, 139
Trd, 8638313.282, 88
Trd, 8638316.432, 111
Trd, 8638316.582, 94
Trd, 8638317.682, 110
Trd, 8638318.682, 100
Trd, 8638319.332, 107
Trd, 8638319.582, 83
Trd, 8638320.582, 137
Trd, 8638320.682, 135
Trd, 8638322.482, 104
Trd, 8638322.582, 90
Trd, 8638323.982, 122
Trd, 8638324.282, 105
Trd, 8638324.482, 104
Trd, 8638324.632, 102
Trd, 8638326.682, 104
Trd, 8638326.732, 99
Trd, 8638326.982, 92
Trd, 8638327.232, 97
Trd, 8638327.482, 87
Trd, 8638328.432, 131
Trd, 8638328.482, 122
Trd, 8638328.932, 119
Trd, 8638330.132, 94
Trd, 8638332.882, 121
Trd, 8638332.982, 100
Trd, 8638333.032, 96
Trd, 8638334.082, 109
Trd, 8638334.432, 110
Trd, 8638334.482, 92
Trd, 8638334.632, 86
Trd, 8638335.382, 119
Trd, 8638336.132, 66
Trd, 8638338.282, 90
Trd, 8638338.532, 95
Trd, 8638338.832, 86
Trd, 8638339.132, 82
Trd, 8638339.832, 86
Trd, 8638340.082, 82
Trd, 8638341.532, 113
Trd, 8638341.682, 91
Trd, 8638343.082, 136
Trd, 8638343.732, 109
Trd, 8638344.632, 81
Trd, 8638346.282, 127
Trd, 8638346.632, 118
Trd, 8638346.882, 106
Trd, 8638347.582, 121
Trd, 8638347.782, 138
Trd, 8638349.232, 123
Trd, 8638349.482, 112
Trd, 8638351.032, 121
Trd, 8638351.932, 130
Trd, 8638352.282, 104
Trd, 8638352.532, 94
Trd, 8638352.982, 70
Trd, 8638353.582, 105
Trd, 8638354.232, 79
Trd, 8638354.682, 102
Trd, 8638355.582, 136
Trd, 8638355.982, 123
Trd, 8638356.282, 107
Trd, 8638357.332, 96
Trd, 8638357.532, 118
Trd, 8638358.532, 128
Trd, 8638358.682, 105
Trd, 8638360.182, 122
Trd, 8638361.682, 92
Trd, 8638361.782, 86
Trd, 8638362.132, 121
Trd, 8638362.532, 113
Trd, 8638362.732, 67
Trd, 8638363.682, 85
Trd, 8638364.382, 88
Trd, 8638364.432, 90
Trd, 8638366.582, 86
Trd, 8638366.932, 84
Trd, 8638367.532, 135
Trd, 8638367.632, 75
Trd, 8638368.232, 98
Trd, 8638369.882, 79
Trd, 8638371.732, 93
Trd, 8638372.632, 96
Trd, 8638372.732, 77
Trd, 8638373.582, 84
Trd, 8638373.632, 81
Trd, 8638374.282, 75
Trd, 8638374.882, 63
Trd, 8638375.732, 68
Trd, 8638376.482, 77
Trd, 8638376.932, 115
Trd, 8638377.882, 85
Trd, 8638377.932, 79
Trd, 8638379.332, 83
Trd, 8638379.882, 80
Trd, 8638380.182, 102
Trd, 8638381.882, 66
Trd, 8638382.032, 84
Trd, 8638382.282, 61
Trd, 8638382.982, 67
Trd, 8638383.282, 66
Trd, 8638383.632, 71
Trd, 8638384.932, 60
Trd, 8638385.832, 84
Trd, 8638386.032, 84
Trd, 8638387.182, 77
Trd, 8638389.232, 101
Trd, 8638389.582, 129
Trd, 8638389.782, 69
Trd, 8638390.832, 111
Trd, 8638392.382, 120
Trd, 8638393.082, 119
Trd, 8638393.182, 110
Trd, 8638393.582, 123
Trd, 8638394.632, 139
Trd, 8638394.782, 134
Trd, 8638395.732, 135
Trd, 8638396.282, 105
Trd, 8638396.782, 112
Trd, 8638397.932, 127
Trd, 8638398.032, 97
Trd, 8638398.582, 103
Trd, 8638399.032, 108
Trd, 8638399.382, 103
Trd, 8638399.832, 91
Trd, 8638400.532, 116
Trd, 8638401.332, 111
Trd, 8638402.532, 129
Trd, 8638402.782, 106
Trd, 8638402.832, 80
Trd, 8638406.182, 113
Trd, 8638406.232, 107
Trd, 8638406.482, 103
Trd, 8638406.782, 106
Trd, 8638407.482, 96
Trd, 8638407.782, 86
Trd, 8638409.432, 71
Trd, 8638409.682, 61
Trd, 8638409.982, 64
Trd, 8638410.082, 77
Trd, 8638411.632, 71
Trd, 8638411.982, 74
Trd, 8638412.932, 77
Trd, 8638413.132, 82
Trd, 8638413.282, 89
Trd, 8638414.932, 70
Trd, 8638415.132, 114
Trd, 8638415.682, 73
Trd, 8638416.782, 106
Trd, 8638417.632, 98
Trd, 8638417.732, 95
Trd, 8638418.032, 86
Trd, 8638418.982, 68
Trd, 8638419.932, 81
Trd, 8638420.382, 85
Trd, 8638421.882, 81
Trd, 8638422.282, 74
Trd, 8638422.482, 105
Trd, 8638423.282, 73
Trd, 8638423.782, 88
Trd, 8638425.682, 117
Trd, 8638425.832, 104
Trd, 8638425.982, 100
Trd, 8638427.082, 131
Trd, 8638427.232, 87
Trd, 8638429.182, 100
Trd, 8638429.332, 96
Trd, 8638430.582, 61
Trd, 8638431.182, 78
Trd, 8638431.832, 91
Trd, 8638432.632, 87
Trd, 8638434.082, 122
Trd, 8638434.232, 112
Trd, 8638435.882, 101
Trd, 8638436.332, 98
Trd, 8638436.732, 106
Trd, 8638437.232, 131
Trd, 8638438.032, 137
Trd, 8638438.282, 125
Trd, 8638438.882, 65
Trd, 8638438.982, 112
Trd, 8638440.682, 102
Trd, 8638441.582, 109
Trd, 8638442.032, 94
Trd, 8638442.182, 74
Trd, 8638442.982, 83
Trd, 8638443.432, 64
Trd, 8638444.182, 80
Trd, 8638444.932, 90
Trd, 8638444.982, 76
Trd, 8638445.982, 96
Trd, 8638446.132, 94
Trd, 8638446.332, 135
Trd, 8638447.782, 62
Trd, 8638449.232, 107
Trd, 8638449.732, 86
Trd, 8638450.432, 117
Trd, 8638450.932, 112
Trd, 8638451.282, 111
Trd, 8638452.282, 91
Trd, 8638453.032, 93
Trd, 8638454.082, 77
Trd, 8638454.382, 99
Trd, 8638455.332, 88
Trd, 8638456.332, 103
Trd, 8638456.532, 96
Trd, 8638456.982, 88
Trd, 8638458.032, 83
Trd, 8638458.282, 82
Trd, 8638458.532, 66
Trd, 8638459.382, 62
Trd, 8638460.332, 126
Trd, 8638460.482, 120
Trd, 8638460.882, 66
Trd, 8638461.932, 97
Trd, 8638463.082, 113
Trd, 8638464.282, 100
Trd, 8638464.582, 133
Trd, 8638465.482, 122
Trd, 8638466.132, 116
Trd, 8638466.732, 104
Trd, 8638468.332, 97
Trd, 8638468.932, 102
Trd, 8638469.332, 105
Trd, 8638469.682, 86
Trd, 8638471.082, 97
Trd, 8638471.532, 80
Trd, 8638471.982, 85
Trd, 8638473.132, 103
Trd, 8638474.032, 107
Trd, 8638474.182, 77
Trd, 8638475.282, 102
Trd, 8638476.932, 100
Trd, 8638477.682, 115
Trd, 8638478.282, 115
Trd, 8638479.182, 86
Trd, 8638479.732, 67
Trd, 8638480.182, 75
Trd, 8638481.182, 101
Trd, 8638482.532, 105
Trd, 8638482.982, 104
Trd, 8638483.982, 93
Trd, 8638485.032, 118
Trd, 8638486.432, 131
Trd, 8638486.532, 116
Trd, 8638486.632, 114
Trd, 8638487.082, 101
Trd, 8638488.732, 125
Trd, 8638489.682, 85
Trd, 8638489.832, 130
Trd, 8638491.232, 85
Trd, 8638491.782, 94
Trd, 8638492.782, 101
Trd, 8638493.082, 87
Trd, 8638493.582, 100
Trd, 8638493.782, 93
Trd, 8638494.282, 92
Trd, 8638494.832, 83
Trd, 8638495.732, 120
Trd, 8638495.982, 106
Trd, 8638496.182, 100
Trd, 8638496.732, 125
Trd, 8638497.182, 99
Trd, 8638497.982, 139
Trd, 8638498.532, 140
Trd, 8638498.932, 135
Trd, 8638499.432, 83
Trd, 8638501.782, 125
Trd, 8638502.132, 123
Trd, 8638503.382, 108
Trd, 8638503.882, 115
Trd, 8638507.232, 140
Trd, 8638507.632, 126
Trd, 8638508.132, 125
Trd, 8638509.282, 123
Trd, 8638509.632, 110
Trd, 8638509.732, 123
Trd, 8638510.282, 117
Trd, 8638510.482, 109
Trd, 8638510.732, 107
Trd, 8638511.582, 96
Trd, 8638512.482, 92
Trd, 8638513.482, 100
Trd, 8638514.282, 95
Trd, 8638514.632, 98
Trd, 8638515.132, 78
Trd, 8638515.882, 126
Trd, 8638516.182, 88
Trd, 8638516.432, 84
Trd, 8638517.632, 74
Trd, 8638519.382, 96
Trd, 8638519.732, 101
Trd, 8638520.332, 80
Trd, 8638520.382, 105
Trd, 8638521.332, 97
Trd, 8638522.982, 97
Trd, 8638523.032, 96
Trd, 8638523.582, 84
Trd, 8638524.832, 62
Trd, 8638525.832, 92
Trd, 8638526.732, 81
Trd, 8638526.832, 77
Trd, 8638527.082, 73
Trd, 8638527.632, 119
Trd, 8638528.132, 127
Trd, 8638528.282, 103
Trd, 8638529.432, 106
Trd, 8638529.832, 69
Trd, 8638532.532, 65
Trd, 8638533.382, 106
Trd, 8638533.932, 99
Trd, 8638534.532, 108
Trd, 8638535.732, 70
Trd, 8638536.282, 109
Trd, 8638536.482, 129
Trd, 8638536.782, 69
Trd, 8638537.682, 77
Trd, 8638538.782, 92
Trd, 8638539.532, 96
Trd, 8638540.082, 119
Trd, 8638540.382, 98
Trd, 8638540.532, 108
Trd, 8638541.082, 101
Trd, 8638541.232, 100
Trd, 8638542.832, 124
Trd, 8638543.032, 114
Trd, 8638543.282, 132
Trd, 8638544.382, 99
Trd, 8638545.682, 136
Trd, 8638546.182, 101
Trd, 8638546.432, 99
Trd, 8638547.882, 113
Trd, 8638547.932, 104
Trd, 8638548.982, 129
Trd, 8638549.582, 128
Trd, 8638549.932, 72
Trd, 8638550.232, 80
Trd, 8638552.032, 125
Trd, 8638552.582, 116
Trd, 8638552.682, 131
Trd, 8638553.682, 107
Trd, 8638555.582, 91
Trd, 8638556.032, 100
Trd, 8638556.282, 133
Trd, 8638556.482, 91
Trd, 8638557.082, 96
Trd, 8638557.782, 108
Trd, 8638558.182, 82
Trd, 8638560.282, 135
Trd, 8638560.632, 134
Trd, 8638560.732, 127
Trd, 8638561.082, 104
Trd, 8638561.232, 97
Trd, 8638561.682, 122
Trd, 8638562.682, 70
Trd, 8638562.782, 70
Trd, 8638564.982, 132
Trd, 8638565.082, 84
Trd, 8638565.182, 78
Trd, 8638565.982, 75
Trd, 8638567.032, 68
Trd, 8638567.332, 75
Trd, 8638567.432, 120
Trd, 8638569.032, 132
Trd, 8638569.232, 124
Trd, 8638569.682, 127
Trd, 8638570.232, 116
Trd, 8638570.382, 107
Trd, 8638571.132, 76
Trd, 8638572.482, 99
Trd, 8638573.132, 107
Trd, 8638573.282, 91
Trd, 8638573.882, 118
Trd, 8638573.932, 105
Trd, 8638574.782, 121
Trd, 8638575.332, 106
Trd, 8638577.482, 127
Trd, 8638577.982, 96
Trd, 8638579.532, 133
Trd, 8638579.582, 97
Trd, 8638579.932, 84
Trd, 8638582.332, 108
Trd, 8638582.532, 93
Trd, 8638584.232, 125
Trd, 8638584.282, 124
Trd, 8638585.032, 115
Trd, 8638585.332, 101
Trd, 8638586.132, 98
Trd, 8638586.832, 112
Trd, 8638586.882, 111
Trd, 8638588.032, 77
Trd, 8638588.782, 122
Trd, 8638590.132, 103
Trd, 8638590.282, 102
Trd, 8638590.782, 85
Trd, 8638591.432, 112
Trd, 8638593.482, 125
Trd, 8638594.432, 118
Trd, 8638594.632, 101
Trd, 8638594.932, 97
Trd, 8638597.632, 112
Trd, 8638598.532, 129
Trd, 8638599.582, 133
Trd, 8638600.232, 118
Trd, 8638600.932, 110
Trd, 8638601.032, 96
Trd, 8638601.432, 94
Trd, 8638601.932, 121
Trd, 8638603.382, 75
Trd, 8638604.332, 111
Trd, 8638604.582, 110
Trd, 8638605.682, 67
Trd, 8638606.432, 70
Trd, 8638607.232, 75
Trd, 8638608.032, 62
Trd, 8638608.132, 85
Trd, 8638608.882, 84
Trd, 8638609.132, 66
Trd, 8638609.582, 105
Trd, 8638610.132, 76
Trd, 8638611.232, 86
Trd, 8638612.032, 91
Trd, 8638613.132, 119
Trd, 8638613.382, 71
Trd, 8638613.732, 121
Trd, 8638614.332, 101
Trd, 8638615.282, 89
Trd, 8638616.282, 120
Trd, 8638617.582, 73
Trd, 8638617.932, 84
Trd, 8638618.532, 85
Trd, 8638620.182, 88
Trd, 8638620.632, 112
Trd, 8638620.682, 106
Trd, 8638620.932, 124
Trd, 8638621.082, 103
Trd, 8638621.932, 99
Trd, 8638622.582, 82
Trd, 8638623.832, 80
Trd, 8638625.882, 138
Trd, 8638626.132, 137
Trd, 8638626.582, 111
Trd, 8638627.232, 100
Trd, 8638627.332, 95
Trd, 8638627.982, 122
Trd, 8638628.282, 90
Trd, 8638629.182, 101
Trd, 8638629.432, 117
Trd, 8638630.032, 113
Trd, 8638630.082, 106
Trd, 8638631.582, 64
Trd, 8638632.682, 79
Trd, 8638633.132, 111
Trd, 8638633.332, 115
Trd, 8638633.432, 95
Trd, 8638633.982, 123
Trd, 8638634.482, 82
Trd, 8638636.682, 84
Trd, 8638638.532, 117
Trd, 8638639.482, 108
Trd, 8638640.532, 100
Trd, 8638641.532, 116
Trd, 8638641.632, 109
Trd, 8638641.932, 106
Trd, 8638643.082, 115
Trd, 8638643.782, 105
Trd, 8638644.382, 97
Trd, 8638645.832, 107
Trd, 8638646.082, 106
Trd, 8638646.982, 96
Trd, 8638647.682, 91
Trd, 8638648.182, 100
Trd, 8638650.882, 82
Trd, 8638651.282, 78
Trd, 8638652.332, 106
Trd, 8638652.382, 119
Trd, 8638653.732, 97
Trd, 8638654.432, 82
Trd, 8638654.632, 65
Trd, 8638654.982, 122
Trd, 8638655.482, 86
Trd, 8638655.632, 63
Trd, 8638656.482, 70
Trd, 8638657.632, 77
Trd, 8638658.932, 93
Trd, 8638659.682, 117
Trd, 8638659.982, 115
Trd, 8638661.432, 115
Trd, 8638661.882, 117
Trd, 8638662.432, 116
Trd, 8638663.982, 124
Trd, 8638664.182, 118
Trd, 8638665.432, 120
Trd, 8638665.482, 103
Trd, 8638665.782, 100
Trd, 8638666.632, 93
Trd, 8638667.332, 92
Trd, 8638669.082, 95
Trd, 8638669.282, 101
Trd, 8638669.732, 85
Trd, 8638670.032, 66
Trd, 8638671.332, 134
Trd, 8638672.282, 122
Trd, 8638672.632, 98
Trd, 8638672.832, 95
Trd, 8638673.982, 123
Trd, 8638674.532, 106
Trd, 8638674.932, 107
Trd, 8638675.082, 73
Trd, 8638675.882, 79
Trd, 8638676.632, 114
Trd, 8638676.932, 109
Trd, 8638677.482, 133
Trd, 8638678.282, 125
Trd, 8638679.032, 99
Trd, 8638679.482, 105
Trd, 8638679.732, 85
Trd, 8638681.132, 74
Trd, 8638681.832, 69
Trd, 8638683.482, 88
Trd, 8638684.432, 126
Trd, 8638684.832, 100
Trd, 8638685.532, 95
Trd, 8638686.632, 128
Trd, 8638687.132, 127
Trd, 8638687.432, 133
Trd, 8638687.532, 96
Trd, 8638688.482, 89
Trd, 8638689.232, 107
Trd, 8638689.732, 140
Trd, 8638690.432, 97
Trd, 8638691.132, 86
Trd, 8638691.732, 119
Trd, 8638692.232, 115
Trd, 8638693.332, 104
Trd, 8638693.682, 96
Trd, 8638694.282, 140
Trd, 8638694.532, 96
Trd, 8638696.032, 114
Trd, 8638696.082, 84
Trd, 8638697.032, 85
Trd, 8638698.482, 88
Trd, 8638699.532, 100
Trd, 8638699.782, 96
Trd, 8638700.182, 71
Trd, 8638701.082, 62
Trd, 8638701.382, 123
Trd, 8638701.782, 102
Trd, 8638702.282, 66
Trd, 8638703.282, 119
Trd, 8638704.082, 73
Trd, 8638704.832, 120
Trd, 8638705.332, 114
Trd, 8638705.932, 90
Trd, 8638706.782, 93
Trd, 8638707.432, 113
Trd, 8638708.882, 112
Trd, 8638710.882, 130
Trd, 8638711.232, 129
Trd, 8638711.632, 112
Trd, 8638711.832, 132
Trd, 8638713.032, 106
Trd, 8638713.482, 62
Trd, 8638714.482, 88
Trd, 8638716.132, 89
Trd, 8638716.632, 81
Trd, 8638717.082, 90
Trd, 8638717.632, 81
Trd, 8638718.032, 78
Trd, 8638718.332, 73
Trd, 8638718.632, 139
Trd, 8638720.682, 84
Trd, 8638720.932, 94
Trd, 8638721.082, 76
Trd, 8638721.782, 77
Trd, 8638722.832, 68
Trd, 8638723.982, 86
Trd, 8638724.832, 70
Trd, 8638726.032, 88
Trd, 8638726.132, 93
Trd, 8638726.282, 82
Trd, 8638727.982, 80
Trd, 8638728.982, 100
Trd, 8638729.532, 129
Trd, 8638729.582, 92
Trd, 8638730.282, 83
Trd, 8638731.032, 105
Trd, 8638731.382, 99
Trd, 8638732.082, 93
Trd, 8638732.332, 85
Trd, 8638732.732, 98
Trd, 8638734.032, 99
Trd, 8638734.532, 88
Trd, 8638735.232, 128
Trd, 8638736.482, 83
Trd, 8638736.532, 102
Trd, 8638736.782, 75
Trd, 8638737.932, 83
Trd, 8638738.582, 74
Trd, 8638739.082, 75
Trd, 8638740.232, 64
Trd, 8638741.032, 74
Trd, 8638741.482, 125
Trd, 8638742.232, 70
Trd, 8638743.432, 63
Trd, 8638743.632, 94
Trd, 8638744.432, 89
Trd, 8638745.732, 124
Trd, 8638746.432, 106
Trd, 8638748.232, 115
Trd, 8638748.332, 114
Trd, 8638748.882, 100
Trd, 8638748.932, 100
Trd, 8638749.282, 110
Trd, 8638749.982, 83
Trd, 8638750.432, 114
Trd, 8638751.082, 109
Trd, 8638751.382, 101
Trd, 8638752.732, 95
Trd, 8638753.282, 85
Trd, 8638753.482, 81
Trd, 8638754.082, 82
Trd, 8638754.682, 92
Trd, 8638754.782, 68
Trd, 8638755.632, 99
Trd, 8638756.532, 97
Trd, 8638756.732, 75
Trd, 8638757.082, 74
Trd, 8638758.882, 81
Trd, 8638759.182, 115
Trd, 8638759.582, 66
Trd, 8638759.932, 102
Trd, 8638761.382, 82
Trd, 8638761.682, 91
Trd, 8638761.832, 92
Trd, 8638762.382, 96
Trd, 8638764.432, 83
Trd, 8638764.732, 97
Trd, 8638766.332, 120
Trd, 8638767.132, 115
Trd, 8638767.932, 96
Trd, 8638769.182, 68
Trd, 8638769.332, 84
Trd, 8638769.532, 101
Trd, 8638769.632, 100
Trd, 8638770.682, 113
Trd, 8638772.082, 100
Trd, 8638772.182, 96
Trd, 8638772.682, 105
Trd, 8638773.232, 82
Trd, 8638773.982, 103
Trd, 8638774.782, 80
Trd, 8638775.232, 71
Trd, 8638775.732, 64
Trd, 8638775.782, 85
Trd, 8638778.182, 121
Trd, 8638779.182, 115
Trd, 8638779.832, 133
Trd, 8638780.132, 114
Trd, 8638780.232, 76
Trd, 8638781.132, 96
Trd, 8638781.532, 74
Trd, 8638782.382, 138
Trd, 8638782.882, 108
Trd, 8638782.982, 104
Trd, 8638783.682, 99
Trd, 8638784.132, 84
Trd, 8638785.982, 91
Trd, 8638786.032, 88
Trd, 8638787.832, 108
Trd, 8638787.982, 113
Trd, 8638788.582, 100
Trd, 8638789.332, 102
Trd, 8638790.582, 125
Trd, 8638790.982, 96
Trd, 8638791.482, 94
Trd, 8638792.532, 140
Trd, 8638792.682, 136
Trd, 8638793.332, 128
Trd, 8638793.882, 127
Trd, 8638794.482, 66
Trd, 8638795.232, 66
Trd, 8638796.082, 64
Trd, 8638796.882, 70
Trd, 8638797.732, 71
Trd, 8638799.932, 65
Trd, 8638799.982, 74
Trd, 8638800.382, 86
Trd, 8638800.832, 90
Trd, 8638801.032, 97
Trd, 8638801.382, 65
Trd, 8638802.482, 112
Trd, 8638803.982, 101
Trd, 8638804.482, 80
Trd, 8638804.782, 76
Trd, 8638805.132, 124
Trd, 8638805.682, 104
Trd, 8638805.982, 136
Trd, 8638806.232, 103
Trd, 8638807.332, 120
Trd, 8638808.382, 119
Trd, 8638809.132, 98
Trd, 8638809.282, 108
Trd, 8638810.132, 89
Trd, 8638810.482, 87
Trd, 8638811.232, 105
Trd, 8638812.682, 66
Trd, 8638812.782, 67
Trd, 8638813.132, 71
Trd, 8638813.532, 65
Trd, 8638814.432, 62
Trd, 8638815.282, 78
Trd, 8638815.982, 122
Trd, 8638816.232, 113
Trd, 8638816.382, 86
Trd, 8638817.082, 86
Trd, 8638818.282, 68
Trd, 8638819.332, 81
Trd, 8638819.532, 69
Trd, 8638820.032, 71
Trd, 8638820.582, 78
Trd, 8638821.232, 76
Trd, 8638821.382, 66
Trd, 8638822.582, 80
Trd, 8638823.032, 77
Trd, 8638823.932, 60
Trd, 8638824.832, 73
Trd, 8638825.732, 76
Trd, 8638827.232, 72
Trd, 8638827.682, 123
Trd, 8638827.982, 80
Trd, 8638828.032, 70
Trd, 8638828.882, 113
Trd, 8638829.932, 100
Trd, 8638830.132, 114
Trd, 8638831.132, 91
Trd, 8638831.582, 98
Trd, 8638832.082, 93
Trd, 8638832.332, 92
Trd, 8638832.582, 70
Trd, 8638834.332, 83
Trd, 8638834.432, 79
Trd, 8638835.832, 122
Trd, 8638837.232, 82
Trd, 8638837.732, 108
Trd, 8638839.232, 77
Trd, 8638839.282, 103
Trd, 8638839.382, 69
Trd, 8638841.132, 91
Trd, 8638841.332, 111
Trd, 8638842.432, 97
Trd, 8638842.732, 103
Trd, 8638843.332, 80
Trd, 8638843.582, 75
Trd, 8638843.832, 69
Trd, 8638846.282, 65
Trd, 8638847.632, 61
Trd, 8638848.832, 82
Trd, 8638848.882, 105
Trd, 8638849.932, 110
Trd, 8638850.032, 99
Trd, 8638850.132, 92
Trd, 8638852.932, 85
Trd, 8638853.782, 80
Trd, 8638854.382, 94
Trd, 8638855.182, 107
Trd, 8638855.282, 74
Trd, 8638855.832, 97
Trd, 8638856.232, 61
Trd, 8638856.732, 70
Trd, 8638857.382, 129
Trd, 8638858.982, 129
Trd, 8638859.132, 98
Trd, 8638859.432, 128
Trd, 8638859.632, 127
Trd, 8638861.082, 63
Trd, 8638861.732, 124
Trd, 8638861.982, 89
Trd, 8638862.682, 110
Trd, 8638863.882, 91
Trd, 8638865.132, 106
Trd, 8638865.232, 109
Trd, 8638865.482, 100
Trd, 8638867.232, 67
Trd, 8638867.582, 85
Trd, 8638867.632, 90
Trd, 8638868.982, 64
Trd, 8638870.282, 101
Trd, 8638871.482, 85
Trd, 8638872.082, 102
Trd, 8638872.582, 108
Trd, 8638872.932, 112
Trd, 8638874.332, 80
Trd, 8638874.682, 86
Trd, 8638874.982, 124
Trd, 8638875.282, 72
Trd, 8638875.682, 69
Trd, 8638875.932, 82
Trd, 8638877.782, 105
Trd, 8638879.432, 85
Trd, 8638879.732, 78
Trd, 8638879.982, 89
Trd, 8638880.232, 84
Trd, 8638881.682, 125
Trd, 8638881.832, 117
Trd, 8638882.182, 136
Trd, 8638883.132, 103
Trd, 8638883.382, 98
Trd, 8638884.082, 116
Trd, 8638884.282, 91
Trd, 8638885.332, 83
Trd, 8638886.282, 91
Trd, 8638886.932, 106
Trd, 8638887.232, 118
Trd, 8638888.282, 85
Trd, 8638889.082, 107
Trd, 8638890.782, 118
Trd, 8638891.882, 128
Trd, 8638891.982, 116
Trd, 8638892.582, 116
Trd, 8638892.732, 115
Trd, 8638893.782, 121
Trd, 8638894.632, 127
Trd, 8638894.732, 113
Trd, 8638895.082, 92
Trd, 8638895.732, 122
Trd, 8638896.082, 129
Trd, 8638896.432, 110
Trd, 8638896.682, 130
Trd, 8638898.182, 107
Trd, 8638898.382, 96
Trd, 8638899.382, 103
Trd, 8638900.032, 92
Trd, 8638900.682, 135
Trd, 8638901.832, 110
Trd, 8638902.082, 102
Trd, 8638902.982, 98
Trd, 8638903.882, 89
Trd, 8638905.382, 86
Trd, 8638906.782, 106
Trd, 8638907.482, 107
Trd, 8638908.082, 92
Trd, 8638908.132, 94
Trd, 8638908.832, 140
Trd, 8638909.382, 107
Trd, 8638909.982, 91
Trd, 8638910.782, 137
Trd, 8638910.882, 103
Trd, 8638911.682, 68
Trd, 8638913.882, 127
Trd, 8638914.132, 112
Trd, 8638914.632, 118
Trd, 8638914.832, 108
Trd, 8638916.182, 95
Trd, 8638916.382, 103
Trd, 8638917.032, 116
Trd, 8638917.182, 85
Trd, 8638918.632, 137
Trd, 8638918.932, 123
Trd, 8638920.182, 93
Trd, 8638920.532, 87
Trd, 8638923.232, 106
Trd, 8638923.382, 105
Trd, 8638923.532, 127
Trd, 8638923.832, 109
Trd, 8638923.882, 95
Trd, 8638925.432, 98
Trd, 8638925.532, 95
Trd, 8638925.632, 87
Trd, 8638926.382, 99
Trd, 8638928.332, 96
Trd, 8638928.732, 94
Trd, 8638928.782, 97
Trd, 8638928.982, 110
Trd, 8638930.132, 97
Trd, 8638930.782, 108
Trd, 8638931.182, 129
Trd, 8638932.432, 123
Trd, 8638932.532, 118
Trd, 8638933.132, 94
Trd, 8638934.632, 127
Trd, 8638934.882, 108
Trd, 8638935.582, 107
Trd, 8638936.232, 119
Trd, 8638936.382, 108
Trd, 8638936.482, 86
Trd, 8638938.032, 115
Trd, 8638938.182, 92
Trd, 8638938.382, 82
Trd, 8638938.982, 84
Trd, 8638939.332, 112
Trd, 8638940.532, 89
Trd, 8638940.682, 119
Trd, 8638942.082, 90
Trd, 8638942.332, 132
Trd, 8638942.932, 96
Trd, 8638943.982, 79
Trd, 8638944.182, 105
Trd, 8638944.332, 77
Trd, 8638944.932, 116
Trd, 8638945.032, 115
Trd, 8638945.432, 107
Trd, 8638946.232, 87
Trd, 8638947.782, 131
Trd, 8638947.932, 104
Trd, 8638948.132, 84
Trd, 8638948.682, 105
Trd, 8638948.982, 100
Trd, 8638949.382, 91
Trd, 8638950.982, 72
Trd, 8638951.532, 113
Trd, 8638952.832, 60
Trd, 8638954.932, 63
Trd, 8638955.182, 78
Trd, 8638956.682, 86
Trd, 8638956.732, 79
Trd, 8638957.282, 114
Trd, 8638957.632, 101
Trd, 8638959.032, 100
Trd, 8638959.382, 83
Trd, 8638960.032, 73
Trd, 8638960.582, 121
Trd, 8638960.732, 94
Trd, 8638962.282, 119
Trd, 8638962.732, 122
Trd, 8638962.832, 104
Trd, 8638962.982, 100
Trd, 8638963.132, 94
Trd, 8638963.832, 76
Trd, 8638965.082, 75
Trd, 8638966.482, 90
Trd, 8638966.932, 84
Trd, 8638966.982, 98
Trd, 8638968.432, 84
Trd, 8638968.732, 68
Trd, 8638969.582, 66
Trd, 8638971.082, 105
Trd, 8638971.882, 84
Trd, 8638971.932, 75
Trd, 8638972.132, 97
Trd, 8638973.882, 100
Trd, 8638973.982, 118
Trd, 8638974.682, 93
Trd, 8638975.132, 116
Trd, 8638975.432, 118
Trd, 8638975.632, 103
Trd, 8638975.932, 89
Trd, 8638976.532, 123
Trd, 8638976.982, 85
Trd, 8638977.332, 74
Trd, 8638978.432, 72
Trd, 8638978.482, 71
Trd, 8638980.232, 88
Trd, 8638980.782, 74
Trd, 8638982.182, 140
Trd, 8638983.032, 102
Trd, 8638983.382, 86
Trd, 8638983.532, 87
Trd, 8638984.232, 116
Trd, 8638985.382, 135
Trd, 8638985.682, 99
Trd, 8638986.882, 122
Trd, 8638988.432, 127
Trd, 8638988.482, 126
Trd, 8638989.132, 127
Trd, 8638989.382, 125
Trd, 8638989.482, 107
Trd, 8638989.732, 127
Trd, 8638990.732, 105
Trd, 8638991.732, 98
Trd, 8638992.482, 60
Trd, 8638994.632, 119
Trd, 8638995.582, 102
Trd, 8638996.282, 99
Trd, 8638996.632, 135
Trd, 8638997.032, 94
Trd, 8638997.832, 127
Trd, 8638997.882, 78
Trd, 8638998.882, 92
Trd, 8638998.982, 91
Trd, 8638999.882, 83
Trd, 8639000.182, 70
Trd, 8639000.482, 88
Trd, 8639001.632, 110
Trd, 8639001.982, 99
Trd, 8639003.432, 61
Trd, 8639003.582, 62
Trd, 8639004.832, 133
Trd, 8639005.532, 83
Trd, 8639005.632, 103
Trd, 8639006.782, 131
Trd, 8639007.432, 111
Trd, 8639007.582, 101
Trd, 8639008.082, 109
Trd, 8639009.082, 102
Trd, 8639009.882, 123
Trd, 8639010.532, 98
Trd, 8639011.182, 127
Trd, 8639012.882, 130
Trd, 8639013.082, 136
Trd, 8639013.382, 129
Trd, 8639013.782, 119
Trd, 8639015.632, 137
Trd, 8639015.682, 124
Trd, 8639016.182, 123
Trd, 8639017.132, 118
Trd, 8639017.182, 108
Trd, 8639018.182, 114
Trd, 8639020.082, 76
Trd, 8639021.232, 118
Trd, 8639021.882, 105
Trd, 8639022.032, 98
Trd, 8639022.282, 91
Trd, 8639022.582, 115
Trd, 8639023.282, 80
Trd, 8639023.882, 73
Trd, 8639024.782, 70
Trd, 8639024.982, 113
Trd, 8639026.032, 67
Trd, 8639028.232, 103
Trd, 8639029.482, 106
Trd, 8639029.782, 121
Trd, 8639030.032, 101
Trd, 8639030.732, 97
Trd, 8639031.232, 109
Trd, 8639031.282, 91
Trd, 8639031.932, 94
Trd, 8639034.182, 125
Trd, 8639034.232, 111
Trd, 8639034.632, 107
Trd, 8639034.882, 101
Trd, 8639036.282, 62
Trd, 8639036.482, 64
Trd, 8639037.332, 63
Trd, 8639038.082, 90
Trd, 8639038.782, 86
Trd, 8639038.982, 106
Trd, 8639039.182, 85
Trd, 8639040.482, 113
Trd, 8639040.782, 65
Trd, 8639041.382, 75
Trd, 8639041.732, 64
Trd, 8639043.082, 85
Trd, 8639043.382, 129
Trd, 8639043.482, 113
Trd, 8639043.782, 116
Trd, 8639044.082, 102
Trd, 8639045.282, 66
Trd, 8639045.982, 87
Trd, 8639046.182, 70
Trd, 8639046.732, 131
Trd, 8639047.332, 65
Trd, 8639047.732, 84
Trd, 8639047.882, 77
Trd, 8639048.132, 100
Trd, 8639049.582, 115
Trd, 8639049.832, 107
Trd, 8639049.982, 78
Trd, 8639050.782, 90
Trd, 8639051.532, 123
Trd, 8639051.782, 117
Trd, 8639051.882, 64
Trd, 8639052.682, 89
Trd, 8639054.832, 87
Trd, 8639054.982, 100
Trd, 8639055.982, 94
Trd, 8639056.982, 90
Trd, 8639058.032, 94
Trd, 8639058.332, 86
Trd, 8639059.932, 138
Trd, 8639059.982, 131
Trd, 8639060.132, 123
Trd, 8639060.282, 113
Trd, 8639061.182, 121
Trd, 8639062.432, 107
Trd, 8639062.832, 88
Trd, 8639064.132, 99
Trd, 8639064.582, 93
Trd, 8639064.882, 90
Trd, 8639065.182, 90
Trd, 8639065.732, 70
Trd, 8639066.032, 110
Trd, 8639066.482, 100
Trd, 8639067.132, 94
Trd, 8639068.432, 73
Trd, 8639069.482, 125
Trd, 8639069.982, 104
Trd, 8639070.082, 81
Trd, 8639070.532, 61
Trd, 8639071.282, 109
Trd, 8639072.932, 112
Trd, 8639073.032, 100
Trd, 8639074.682, 100
Trd, 8639075.632, 124
Trd, 8639076.482, 101
Trd, 8639077.082, 104
Trd, 8639077.732, 107
Trd, 8639078.232, 119
Trd, 8639078.882, 95
Trd, 8639079.132, 74
Trd, 8639079.382, 73
Trd, 8639079.832, 113
Trd, 8639080.632, 125
Trd, 8639081.182, 106
Trd, 8639083.082, 132
Trd, 8639083.132, 131
Trd, 8639083.682, 126
Trd, 8639084.532, 119
Trd, 8639085.782, 135
Trd, 8639085.932, 135
Trd, 8639086.482, 123
Trd, 8639087.332, 105
Trd, 8639087.782, 88
Trd, 8639088.032, 84
Trd, 8639088.082, 83
Trd, 8639089.182, 104
Trd, 8639089.532, 104
Trd, 8639090.482, 129
Trd, 8639091.382, 127
Trd, 8639092.032, 109
Trd, 8639092.182, 135
Trd, 8639092.832, 125
Trd, 8639092.882, 112
Trd, 8639093.482, 86
Trd, 8639095.232, 87
Trd, 8639095.532, 126
Trd, 8639096.082, 91
Trd, 8639096.582, 105
Trd, 8639096.982, 105
Trd, 8639097.832, 79
Trd, 8639098.182, 97
Trd, 8639099.582, 78
Trd, 8639099.832, 104
Trd, 8639100.682, 111
Trd, 8639101.332, 127
Trd, 8639101.482, 69
Trd, 8639101.882, 76
Trd, 8639101.932, 75
Trd, 8639102.782, 62
Trd, 8639103.982, 113
Trd, 8639104.732, 124
Trd, 8639106.632, 60
Trd, 8639107.432, 134
Trd, 8639107.682, 113
Trd, 8639107.732, 74
Trd, 8639108.882, 123
Trd, 8639109.282, 132
Trd, 8639109.982, 122
Trd, 8639110.032, 119
Trd, 8639110.382, 107
Trd, 8639110.582, 101
Trd, 8639112.332, 110
Trd, 8639112.782, 133
Trd, 8639113.082, 102
Trd, 8639113.282, 99
Trd, 8639114.332, 116
Trd, 8639114.382, 90
Trd, 8639116.832, 118
Trd, 8639117.382, 102
Trd, 8639117.582, 85
Trd, 8639119.032, 99
Trd, 8639119.132, 81
Trd, 8639119.782, 101
Trd, 8639120.932, 113
Trd, 8639121.232, 137
Trd, 8639121.782, 74
Trd, 8639122.882, 112
Trd, 8639123.932, 92
Trd, 8639124.332, 97
Trd, 8639126.582, 136
Trd, 8639127.332, 124
Trd, 8639127.432, 102
Trd, 8639128.232, 123
Trd, 8639128.882, 137
Trd, 8639129.032, 102
Trd, 8639129.832, 137
Trd, 8639130.382, 93
Trd, 8639130.582, 109
Trd, 8639131.032, 116
Trd, 8639132.482, 102
Trd, 8639132.582, 82
Trd, 8639133.282, 92
Trd, 8639133.782, 136
Trd, 8639133.982, 90
Trd, 8639136.432, 105
Trd, 8639136.782, 103
Trd, 8639137.332, 117
Trd, 8639137.682, 138
Trd, 8639137.882, 123
Trd, 8639139.582, 124
Trd, 8639141.082, 135
Trd, 8639141.232, 115
Trd, 8639142.832, 102
Trd, 8639142.882, 96
Trd, 8639143.232, 103
Trd, 8639143.332, 97
Trd, 8639144.032, 100
Trd, 8639144.432, 93
Trd, 8639144.882, 85
Trd, 8639146.882, 74
Trd, 8639147.032, 69
Trd, 8639147.882, 81
Trd, 8639148.082, 62
Trd, 8639148.282, 85
Trd, 8639148.732, 97
Trd, 8639149.782, 66
Trd, 8639150.332, 96
Trd, 8639150.832, 102
Trd, 8639151.532, 69
Trd, 8639151.982, 82
Trd, 8639152.632, 61
Trd, 8639154.132, 125
Trd, 8639156.332, 120
Trd, 8639156.782, 93
Trd, 8639156.832, 72
Trd, 8639157.532, 72
Trd, 8639157.982, 66
Trd, 8639159.832, 71
Trd, 8639159.882, 77
Trd, 8639161.032, 93
Trd, 8639161.532, 108
Trd, 8639161.932, 119
Trd, 8639162.132, 85
Trd, 8639162.882, 79
Trd, 8639163.132, 95
Trd, 8639163.332, 70
Trd, 8639163.382, 117
Trd, 8639165.632, 69
Trd, 8639165.932, 72
Trd, 8639166.532, 104
Trd, 8639167.682, 108
Trd, 8639168.032, 108
Trd, 8639168.232, 128
Trd, 8639168.432, 104
Trd, 8639169.232, 112
Trd, 8639170.182, 85
Trd, 8639170.482, 84
Trd, 8639171.832, 88
Trd, 8639172.032, 89
Trd, 8639172.732, 80
Trd, 8639173.532, 80
Trd, 8639173.932, 97
Trd, 8639174.432, 108
Trd, 8639175.082, 121
Trd, 8639175.282, 107
Trd, 8639176.532, 84
Trd, 8639176.632, 83
Trd, 8639177.082, 134
Trd, 8639178.532, 94
Trd, 8639178.782, 109
Trd, 8639179.182, 78
Trd, 8639180.132, 132
Trd, 8639180.932, 124
Trd, 8639182.682, 65
Trd, 8639182.932, 80
Trd, 8639183.232, 93
Trd, 8639183.332, 94
Trd, 8639183.582, 65
Trd, 8639184.132, 65
Trd, 8639186.232, 70
Trd, 8639186.432, 69
Trd, 8639186.682, 71
Trd, 8639188.332, 71
Trd, 8639188.482, 82
Trd, 8639189.482, 75
Trd, 8639189.932, 112
Trd, 8639190.182, 105
Trd, 8639190.782, 97
Trd, 8639191.082, 140
Trd, 8639191.482, 117
Trd, 8639193.282, 99
Trd, 8639193.932, 98
Trd, 8639194.482, 139
Trd, 8639194.782, 98
Trd, 8639195.132, 86
Trd, 8639195.232, 74
Trd, 8639195.982, 82
Trd, 8639196.032, 72
Trd, 8639197.432, 79
Trd, 8639197.782, 98
Trd, 8639199.032, 60
Trd, 8639199.282, 62
Trd, 8639200.182, 68
Trd, 8639201.582, 112
Trd, 8639202.232, 94
Trd, 8639202.532, 90
Trd, 8639202.632, 107
Trd, 8639203.432, 97
Trd, 8639204.932, 96
Trd, 8639205.132, 95
Trd, 8639205.782, 73
Trd, 8639207.032, 80
Trd, 8639207.832, 111
Trd, 8639208.682, 133
Trd, 8639208.882, 130
Trd, 8639209.332, 107
Trd, 8639209.632, 111
Trd, 8639211.132, 133
Trd, 8639211.382, 111
Trd, 8639211.732, 112
Trd, 8639212.232, 87
Trd, 8639212.632, 123
Trd, 8639212.782, 103
Trd, 8639214.282, 84
Trd, 8639215.632, 117
Trd, 8639216.482, 109
Trd, 8639216.832, 114
Trd, 8639218.232, 122
Trd, 8639218.432, 107
Trd, 8639218.682, 123
Trd, 8639220.582, 131
Trd, 8639221.682, 87
Trd, 8639221.982, 68
Trd, 8639222.782, 109
Trd, 8639223.782, 118
Trd, 8639223.932, 113
Trd, 8639224.082, 96
Trd, 8639224.932, 60
Trd, 8639225.582, 88
Trd, 8639225.782, 80
Trd, 8639226.832, 73
Trd, 8639228.482, 62
Trd, 8639228.732, 67
Trd, 8639230.532, 63
Trd, 8639230.932, 98
Trd, 8639231.182, 121
Trd, 8639231.782, 87
Trd, 8639232.132, 84
Trd, 8639232.932, 83
Trd, 8639233.632, 87
Trd, 8639233.932, 87
Trd, 8639234.632, 93
Trd, 8639236.132, 77
Trd, 8639236.432, 101
Trd, 8639236.632, 63
Trd, 8639237.032, 70
Trd, 8639237.582, 71
Trd, 8639238.382, 103
Trd, 8639239.632, 81
Trd, 8639240.732, 67
Trd, 8639240.832, 65
Trd, 8639241.032, 66
Trd, 8639241.682, 81
Trd, 8639242.382, 135
Trd, 8639243.832, 86
Trd, 8639244.332, 125
Trd, 8639245.632, 100
Trd, 8639245.782, 93
Trd, 8639246.082, 103
Trd, 8639246.232, 102
Trd, 8639247.132, 105
Trd, 8639247.332, 120
Trd, 8639249.182, 109
Trd, 8639250.132, 106
Trd, 8639250.532, 101
Trd, 8639251.032, 100
Trd, 8639251.132, 94
Trd, 8639252.582, 90
Trd, 8639252.682, 99
Trd, 8639252.882, 86
Trd, 8639253.382, 87
Trd, 8639253.532, 108
Trd, 8639254.282, 89
Trd, 8639254.482, 85
Trd, 8639255.382, 64
Trd, 8639256.182, 63
Trd, 8639258.382, 60
Trd, 8639259.282, 73
Trd, 8639259.782, 74
Trd, 8639260.282, 90
Trd, 8639260.582, 125
Trd, 8639262.032, 124
Trd, 8639262.732, 134
Trd, 8639263.082, 105
Trd, 8639263.732, 104
Trd, 8639264.682, 68
Trd, 8639265.332, 67
Trd, 8639266.332, 64
Trd, 8639267.182, 108
Trd, 8639268.632, 126
Trd, 8639268.882, 117
Trd, 8639268.982, 116
Trd, 8639269.432, 113
Trd, 8639269.632, 105
Trd, 8639269.732, 119
Trd, 8639272.082, 133
Trd, 8639272.232, 109
Trd, 8639272.332, 97
Trd, 8639272.482, 140
Trd, 8639275.182, 104
Trd, 8639275.232, 103
Trd, 8639275.782, 94
Trd, 8639275.882, 92
Trd, 8639276.482, 93
Trd, 8639276.932, 100
Trd, 8639276.982, 116
Trd, 8639278.132, 73
Trd, 8639278.532, 119
Trd, 8639278.582, 118
Trd, 8639278.932, 87
Trd, 8639279.382, 135
Trd, 8639281.232, 79
Trd, 8639283.232, 76
Trd, 8639283.382, 74
Trd, 8639285.182, 93
Trd, 8639285.332, 91
Trd, 8639285.382, 91
Trd, 8639286.082, 89
Trd, 8639287.932, 82
Trd, 8639288.132, 76
Trd, 8639288.382, 73
Trd, 8639289.482, 82
Trd, 8639289.632, 123
Trd, 8639290.032, 69
Trd, 8639290.532, 94
Trd, 8639291.932, 111
Trd, 8639293.082, 133
Trd, 8639293.332, 110
Trd, 8639293.732, 85
Trd, 8639293.782, 75
Trd, 8639293.982, 84
Trd, 8639295.032, 112
Trd, 8639295.982, 94
Trd, 8639296.032, 84
Trd, 8639297.682, 65
Trd, 8639298.182, 79
Trd, 8639299.232, 138
Trd, 8639299.732, 115
Trd, 8639300.782, 85
Trd, 8639300.932, 83
Trd, 8639302.182, 116
Trd, 8639302.782, 67
Trd, 8639303.132, 128
Trd, 8639305.032, 118
Trd, 8639305.332, 94
Trd, 8639305.482, 73
Trd, 8639305.732, 67
Trd, 8639307.332, 61
Trd, 8639307.382, 63
Trd, 8639308.282, 114
Trd, 8639308.682, 112
Trd, 8639309.532, 97
Trd, 8639310.282, 71
Trd, 8639311.732, 107
Trd, 8639311.782, 103
Trd, 8639311.882, 100
Trd, 8639312.732, 111
Trd, 8639313.632, 82
Trd, 8639313.732, 78
Trd, 8639314.282, 77
Trd, 8639314.632, 83
Trd, 8639314.932, 76
Trd, 8639315.282, 81
Trd, 8639316.232, 92
Trd, 8639318.032, 112
Trd, 8639318.982, 98
Trd, 8639319.382, 110
Trd, 8639319.482, 98
Trd, 8639319.582, 93
Trd, 8639321.032, 139
Trd, 8639321.532, 106
Trd, 8639321.982, 104
Trd, 8639322.032, 83
Trd, 8639322.682, 84
Trd, 8639322.882, 78
Trd, 8639324.682, 125
Trd, 8639325.282, 103
Trd, 8639325.782, 94
Trd, 8639326.932, 105
Trd, 8639327.782, 102
Trd, 8639328.282, 97
Trd, 8639328.532, 96
Trd, 8639328.682, 108
Trd, 8639328.982, 118
Trd, 8639329.732, 118
Trd, 8639330.482, 101
Trd, 8639331.132, 91
Trd, 8639331.682, 88
Trd, 8639332.482, 104
Trd, 8639332.782, 126
Trd, 8639334.632, 137
Trd, 8639334.782, 122
Trd, 8639334.982, 109
Trd, 8639335.532, 104
Trd, 8639335.632, 99
Trd, 8639336.632, 114
Trd, 8639337.132, 108
Trd, 8639338.432, 69
Trd, 8639338.782, 132
Trd, 8639340.032, 95
Trd, 8639340.082, 94
Trd, 8639340.332, 86
Trd, 8639341.732, 73
Trd, 8639343.182, 69
Trd, 8639343.232, 77
Trd, 8639343.882, 137
Trd, 8639344.132, 72
Trd, 8639344.532, 85
Trd, 8639345.882, 80
Trd, 8639346.432, 79
Trd, 8639346.782, 86
Trd, 8639347.682, 121
Trd, 8639348.982, 89
Trd, 8639349.382, 89
Trd, 8639349.732, 96
Trd, 8639350.182, 91
Trd, 8639350.882, 81
Trd, 8639351.482, 77
Trd, 8639351.932, 70
Trd, 8639352.282, 68
Trd, 8639354.232, 113
Trd, 8639354.782, 124
Trd, 8639354.932, 113
Trd, 8639355.582, 132
Trd, 8639356.282, 111
Trd, 8639357.032, 116
Trd, 8639358.832, 98
Trd, 8639359.132, 97
Trd, 8639359.832, 114
Trd, 8639360.682, 100
Trd, 8639361.732, 91
Trd, 8639363.082, 135
Trd, 8639364.182, 100
Trd, 8639364.332, 99
Trd, 8639365.132, 106
Trd, 8639365.782, 86
Trd, 8639366.232, 77
Trd, 8639367.182, 138
Trd, 8639368.532, 101
Trd, 8639368.632, 91
Trd, 8639369.832, 97
Trd, 8639370.232, 90
Trd, 8639370.332, 89
Trd, 8639370.632, 121
Trd, 8639371.032, 70
Trd, 8639372.432, 100
Trd, 8639372.682, 97
Trd, 8639373.332, 73
Trd, 8639373.882, 81
Trd, 8639375.082, 89
Trd, 8639375.382, 112
Trd, 8639376.532, 89
Trd, 8639377.632, 83
Trd, 8639377.932, 81
Trd, 8639378.932, 92
Trd, 8639380.882, 113
Trd, 8639380.932, 112
Trd, 8639381.632, 132
Trd, 8639382.632, 92
Trd, 8639382.932, 125
Trd, 8639384.582, 124
Trd, 8639385.132, 81
Trd, 8639385.282, 93
Trd, 8639385.582, 74
Trd, 8639386.332, 89
Trd, 8639387.082, 116
Trd, 8639387.282, 94
Trd, 8639388.732, 63
Trd, 8639390.282, 85
Trd, 8639390.382, 86
Trd, 8639390.532, 87
Trd, 8639390.782, 91
Trd, 8639391.132, 64
Trd, 8639392.032, 72
Trd, 8639393.332, 90
Trd, 8639393.432, 70
Trd, 8639395.382, 70
Trd, 8639395.832, 100
Trd, 8639396.282, 92
Trd, 8639397.532, 130
Trd, 8639397.682, 114
Trd, 8639397.982, 124
Trd, 8639399.732, 101
Trd, 8639400.882, 84
Trd, 8639401.482, 99
Trd, 8639401.732, 121
Trd, 8639402.232, 115
Trd, 8639402.382, 89
Trd, 8639402.882, 89
Trd, 8639403.632, 78
Trd, 8639404.232, 130
Trd, 8639406.382, 68
Trd, 8639407.632, 87
Trd, 8639407.932, 90
Trd, 8639408.232, 88
Trd, 8639408.582, 109
Trd, 8639409.382, 84
Trd, 8639409.782, 104
Trd, 8639410.532, 116
Trd, 8639411.882, 124
Trd, 8639412.132, 110
Trd, 8639412.382, 94
Trd, 8639412.532, 90
Trd, 8639413.582, 84
Trd, 8639415.332, 107
Trd, 8639415.482, 89
Trd, 8639416.182, 136
Trd, 8639416.582, 124
Trd, 8639417.582, 109
Trd, 8639418.682, 118
Trd, 8639418.882, 117
Trd, 8639420.032, 88
Trd, 8639420.582, 75
Trd, 8639420.682, 101
Trd, 8639421.032, 71
Trd, 8639422.382, 124
Trd, 8639422.782, 118
Trd, 8639423.132, 93
Trd, 8639423.732, 93
Trd, 8639425.382, 135
Trd, 8639425.782, 101
Trd, 8639426.882, 84
Trd, 8639427.082, 86
Trd, 8639427.132, 76
Trd, 8639428.482, 126
Trd, 8639428.882, 125
Trd, 8639429.032, 112
Trd, 8639429.182, 104
Trd, 8639430.432, 96
Trd, 8639430.882, 101
Trd, 8639432.332, 123
Trd, 8639432.882, 65
Trd, 8639433.582, 107
Trd, 8639434.182, 102
Trd, 8639435.332, 62
Trd, 8639435.882, 69
Trd, 8639436.432, 62
Trd, 8639437.032, 60
Trd, 8639437.532, 84
Trd, 8639439.232, 62
Trd, 8639439.682, 65
Trd, 8639440.082, 71
Trd, 8639441.882, 63
Trd, 8639442.732, 77
Trd, 8639443.532, 75
Trd, 8639443.732, 80
Trd, 8639443.932, 70
Trd, 8639444.732, 109
Trd, 8639447.032, 108
Trd, 8639447.182, 102
Trd, 8639448.532, 120
Trd, 8639449.582, 119
Trd, 8639450.732, 128
Trd, 8639450.782, 107
Trd, 8639450.832, 103
Trd, 8639450.932, 131
Trd, 8639451.632, 104
Trd, 8639453.132, 121
Trd, 8639453.532, 96
Trd, 8639453.882, 139
Trd, 8639454.332, 118
Trd, 8639454.732, 82
Trd, 8639455.482, 100
Trd, 8639457.032, 83
Trd, 8639458.582, 119
Trd, 8639458.682, 96
Trd, 8639459.032, 130
Trd, 8639459.782, 103
Trd, 8639459.932, 97
Trd, 8639460.282, 93
Trd, 8639460.882, 110
Trd, 8639461.682, 83
Trd, 8639461.732, 74
Trd, 8639461.982, 69
Trd, 8639463.332, 136
Trd, 8639463.682, 118
Trd, 8639464.432, 107
Trd, 8639465.032, 127
Trd, 8639465.282, 103
Trd, 8639465.732, 114
Trd, 8639466.982, 110
Trd, 8639467.382, 75
Trd, 8639467.582, 60
Trd, 8639468.032, 62
Trd, 8639468.982, 63
Trd, 8639470.932, 134
Trd, 8639471.232, 138
Trd, 8639471.582, 127
Trd, 8639472.032, 126
Trd, 8639472.332, 103
Trd, 8639472.482, 87
Trd, 8639474.632, 88
Trd, 8639475.282, 101
Trd, 8639475.732, 81
Trd, 8639476.582, 118
Trd, 8639476.932, 77
Trd, 8639477.482, 99
Trd, 8639478.182, 123
Trd, 8639478.732, 112
Trd, 8639479.482, 72
Trd, 8639480.132, 74
Trd, 8639480.932, 85
Trd, 8639481.132, 86
Trd, 8639481.282, 85
Trd, 8639481.432, 76
Trd, 8639483.232, 107
Trd, 8639483.882, 96
Trd, 8639484.332, 114
Trd, 8639484.632, 133
Trd, 8639485.132, 118
Trd, 8639486.032, 117
Trd, 8639486.982, 130
Trd, 8639487.032, 116
Trd, 8639487.632, 125
Trd, 8639489.732, 131
Trd, 8639490.332, 113
Trd, 8639491.032, 108
Trd, 8639491.382, 127
Trd, 8639492.182, 102
Trd, 8639492.382, 102
Trd, 8639493.382, 129
Trd, 8639493.482, 80
Trd, 8639494.382, 115
Trd, 8639494.732, 67
Trd, 8639496.182, 108
Trd, 8639496.782, 122
Trd, 8639497.082, 74
Trd, 8639499.282, 105
Trd, 8639499.382, 104
Trd, 8639499.632, 104
Trd, 8639500.232, 100
Trd, 8639501.132, 86
Trd, 8639501.332, 91
Trd, 8639501.632, 85
Trd, 8639501.982, 79
Trd, 8639502.832, 110
Trd, 8639503.232, 111
Trd, 8639503.482, 108
Trd, 8639504.232, 85
Trd, 8639504.582, 93
Trd, 8639506.532, 79
Trd, 8639507.182, 102
Trd, 8639508.632, 111
Trd, 8639510.032, 111
Trd, 8639510.232, 123
Trd, 8639510.532, 109
Trd, 8639510.582, 86
Trd, 8639510.882, 85
Trd, 8639511.332, 88
Trd, 8639513.132, 74
Trd, 8639513.282, 76
Trd, 8639514.632, 97
Trd, 8639514.782, 129
Trd, 8639515.132, 93
Trd, 8639515.482, 82
Trd, 8639515.832, 88
Trd, 8639516.382, 70
Trd, 8639516.782, 130
Trd, 8639517.582, 60
Trd, 8639517.932, 61
Trd, 8639518.782, 98
Trd, 8639518.832, 70
Trd, 8639520.482, 109
Trd, 8639520.832, 89
Trd, 8639521.982, 124
Trd, 8639522.532, 122
Trd, 8639523.982, 125
Trd, 8639525.382, 121
Trd, 8639525.682, 114
Trd, 8639525.932, 110
Trd, 8639526.432, 83
Trd, 8639528.132, 108
Trd, 8639529.332, 103
Trd, 8639529.932, 99
Trd, 8639530.582, 136
Trd, 8639530.632, 121
Trd, 8639531.282, 105
Trd, 8639531.832, 76
Trd, 8639531.882, 100
Trd, 8639532.982, 103
Trd, 8639534.882, 67
Trd, 8639536.182, 79
Trd, 8639536.282, 75
Trd, 8639536.482, 122
Trd, 8639537.282, 123
Trd, 8639537.782, 111
Trd, 8639539.332, 102
Trd, 8639539.382, 101
Trd, 8639539.682, 101
Trd, 8639540.682, 114
Trd, 8639540.982, 108
Trd, 8639543.482, 114
Trd, 8639544.732, 91
Trd, 8639544.832, 90
Trd, 8639545.132, 128
Trd, 8639546.682, 130
Trd, 8639546.782, 116
Trd, 8639546.882, 115
Trd, 8639546.932, 109
Trd, 8639547.982, 128
Trd, 8639549.332, 118
Trd, 8639549.682, 116
Trd, 8639550.032, 93
Trd, 8639550.482, 109
Trd, 8639550.782, 84
Trd, 8639552.232, 90
Trd, 8639552.782, 111
Trd, 8639553.282, 109
Trd, 8639554.282, 108
Trd, 8639554.632, 101
Trd, 8639556.582, 80
Trd, 8639557.132, 67
Trd, 8639557.832, 117
Trd, 8639558.782, 86
Trd, 8639559.382, 131
Trd, 8639559.832, 106
Trd, 8639560.282, 84
Trd, 8639560.532, 83
Trd, 8639561.482, 96
Trd, 8639562.932, 125
Trd, 8639562.982, 137
Trd, 8639563.032, 102
Trd, 8639563.182, 127
Trd, 8639564.182, 118
Trd, 8639566.232, 66
Trd, 8639566.332, 75
Trd, 8639566.882, 71
Trd, 8639568.182, 95
Trd, 8639568.682, 93
Trd, 8639568.932, 88
Trd, 8639569.832, 120
Trd, 8639570.382, 134
Trd, 8639571.582, 98
Trd, 8639571.882, 97
Trd, 8639571.932, 113
Trd, 8639572.582, 80
Trd, 8639572.732, 75
Trd, 8639573.132, 98
Trd, 8639574.682, 62
Trd, 8639575.582, 62
Trd, 8639575.682, 66
Trd, 8639575.932, 71
Trd, 8639576.532, 130
Trd, 8639578.332, 118
Trd, 8639578.582, 104
Trd, 8639579.832, 107
Trd, 8639580.832, 113
Trd, 8639581.232, 104
Trd, 8639581.382, 110
Trd, 8639582.982, 115
Trd, 8639583.082, 96
Trd, 8639584.082, 109
Trd, 8639585.282, 92
Trd, 8639585.532, 91
Trd, 8639586.082, 80
Trd, 8639586.132, 99
Trd, 8639586.182, 77
Trd, 8639586.682, 108
Trd, 8639589.982, 97
Trd, 8639590.032, 90
Trd, 8639592.182, 128
Trd, 8639593.232, 121
Trd, 8639593.782, 130
Trd, 8639593.832, 115
Trd, 8639594.032, 104
Trd, 8639594.482, 133
Trd, 8639594.932, 123
Trd, 8639595.232, 119
Trd, 8639595.632, 106
Trd, 8639596.482, 102
Trd, 8639598.182, 68
Trd, 8639598.782, 72
Trd, 8639600.032, 64
Trd, 8639602.182, 71
Trd, 8639602.232, 83
Trd, 8639602.432, 92
Trd, 8639603.482, 102
Trd, 8639603.782, 94
Trd, 8639605.382, 101
Trd, 8639606.082, 71
Trd, 8639606.432, 101
Trd, 8639606.632, 100
Trd, 8639607.032, 111
Trd, 8639607.382, 117
Trd, 8639607.932, 126
Trd, 8639608.432, 83
Trd, 8639609.732, 122
Trd, 8639610.632, 115
Trd, 8639610.732, 115
Trd, 8639611.082, 110
Trd, 8639612.582, 95
Trd, 8639612.782, 95
Trd, 8639613.832, 90
Trd, 8639615.632, 114
Trd, 8639616.732, 87
Trd, 8639617.982, 95
Trd, 8639618.482, 95
Trd, 8639618.682, 87
Trd, 8639618.782, 76
Trd, 8639620.782, 107
Trd, 8639621.082, 87
Trd, 8639622.132, 132
Trd, 8639623.382, 106
Trd, 8639623.632, 129
Trd, 8639623.732, 119
Trd, 8639624.082, 103
Trd, 8639625.032, 107
Trd, 8639625.332, 123
Trd, 8639626.282, 110
Trd, 8639626.682, 91
Trd, 8639627.432, 121
Trd, 8639627.882, 99
Trd, 8639629.082, 131
Trd, 8639629.882, 114
Trd, 8639630.432, 122
Trd, 8639630.782, 105
Trd, 8639631.482, 119
Trd, 8639632.332, 101
Trd, 8639632.632, 114
Trd, 8639633.282, 78
Trd, 8639633.432, 101
Trd, 8639634.582, 85
Trd, 8639635.932, 84
Trd, 8639636.632, 77
Trd, 8639637.332, 73
Trd, 8639637.782, 109
Trd, 8639638.482, 102
Trd, 8639639.182, 101
Trd, 8639639.782, 119
Trd, 8639641.632, 110
Trd, 8639642.032, 123
Trd, 8639642.482, 110
Trd, 8639643.132, 102
Trd, 8639643.232, 101
Trd, 8639643.432, 98
Trd, 8639643.482, 93
Trd, 8639645.182, 117
Trd, 8639646.382, 110
Trd, 8639646.732, 126
Trd, 8639647.532, 102
Trd, 8639648.082, 93
Trd, 8639648.232, 78
Trd, 8639650.582, 117
Trd, 8639650.682, 116
Trd, 8639651.682, 112
Trd, 8639652.282, 118
Trd, 8639652.432, 99
Trd, 8639652.582, 85
Trd, 8639652.682, 80
Trd, 8639654.582, 107
Trd, 8639654.932, 109
Trd, 8639655.582, 109
Trd, 8639656.682, 130
Trd, 8639656.982, 115
Trd, 8639658.582, 122
Trd, 8639658.782, 92
Trd, 8639659.132, 111
Trd, 8639659.432, 83
Trd, 8639660.832, 81
Trd, 8639660.932, 86
Trd, 8639661.582, 82
Trd, 8639662.332, 60
Trd, 8639663.132, 82
Trd, 8639663.582, 124
Trd, 8639664.132, 125
Trd, 8639664.282, 105
Trd, 8639664.682, 97
Trd, 8639666.332, 94
Trd, 8639666.532, 86
Trd, 8639667.232, 139
Trd, 8639667.632, 110
Trd, 8639668.232, 121
Trd, 8639670.082, 106
Trd, 8639670.432, 103
Trd, 8639671.232, 121
Trd, 8639671.332, 120
Trd, 8639672.132, 109
Trd, 8639673.182, 90
Trd, 8639674.782, 123
Trd, 8639675.732, 109
Trd, 8639676.282, 102
Trd, 8639676.832, 123
Trd, 8639677.382, 126
Trd, 8639677.532, 102
Trd, 8639678.882, 101
Trd, 8639679.232, 75
Trd, 8639679.382, 74
Trd, 8639680.282, 104
Trd, 8639680.832, 66
Trd, 8639681.582, 81
Trd, 8639682.082, 87
Trd, 8639683.082, 102
Trd, 8639683.382, 78
Trd, 8639684.732, 75
Trd, 8639685.082, 72
Trd, 8639685.582, 95
Trd, 8639686.282, 87
Trd, 8639687.882, 77
Trd, 8639688.232, 108
Trd, 8639690.282, 90
Trd, 8639690.332, 78
Trd, 8639690.782, 86
Trd, 8639691.682, 140
Trd, 8639692.132, 89
Trd, 8639693.182, 130
Trd, 8639693.632, 115
Trd, 8639694.232, 103
Trd, 8639695.232, 128
Trd, 8639695.632, 81
Trd, 8639697.132, 125
Trd, 8639697.732, 91
Trd, 8639698.082, 89
Trd, 8639698.832, 96
Trd, 8639699.032, 70
Trd, 8639700.832, 110
Trd, 8639700.882, 107
Trd, 8639700.982, 95
Trd, 8639701.232, 68
Trd, 8639703.282, 91
Trd, 8639703.482, 87
Trd, 8639703.782, 86
Trd, 8639704.332, 94
Trd, 8639705.282, 108
Trd, 8639705.582, 79
Trd, 8639706.632, 83
Trd, 8639707.032, 103
Trd, 8639708.332, 94
Trd, 8639708.982, 121
Trd, 8639709.132, 90
Trd, 8639710.082, 122
Trd, 8639710.582, 90
Trd, 8639711.882, 77
Trd, 8639712.632, 80
Trd, 8639712.682, 70
Trd, 8639713.982, 128
Trd, 8639714.482, 126
Trd, 8639715.582, 133
Trd, 8639715.682, 117
Trd, 8639715.932, 88
Trd, 8639717.032, 123
Trd, 8639718.182, 76
Trd, 8639718.782, 75
Trd, 8639719.982, 117
Trd, 8639720.082, 116
Trd, 8639721.682, 132
Trd, 8639721.782, 110
Trd, 8639722.582, 126
Trd, 8639723.182, 89
Trd, 8639723.832, 131
Trd, 8639724.332, 113
Trd, 8639724.682, 109
Trd, 8639725.632, 99
Trd, 8639725.782, 98
Trd, 8639727.432, 133
Trd, 8639727.682, 118
Trd, 8639728.032, 120
Trd, 8639729.282, 74
Trd, 8639730.082, 120
Trd, 8639730.782, 79
Trd, 8639731.582, 67
Trd, 8639731.882, 110
Trd, 8639732.182, 136
Trd, 8639732.282, 71
Trd, 8639733.782, 99
Trd, 8639733.982, 98
Trd, 8639735.432, 60
Trd, 8639735.982, 61
Trd, 8639737.632, 101
Trd, 8639738.932, 97
Trd, 8639739.232, 133
Trd, 8639739.682, 96
Trd, 8639740.882, 86
Trd, 8639741.182, 99
Trd, 8639742.382, 131
Trd, 8639742.632, 94
Trd, 8639743.132, 77
Trd, 8639743.182, 96
Trd, 8639744.032, 73
Trd, 8639744.432, 124
Trd, 8639745.932, 131
Trd, 8639746.032, 111
Trd, 8639747.632, 112
Trd, 8639747.732, 109
Trd, 8639747.832, 106
Trd, 8639748.232, 104
Trd, 8639749.382, 126
Trd, 8639750.132, 64
Trd, 8639750.932, 98
Trd, 8639751.332, 105
Trd, 8639751.482, 94
Trd, 8639752.082, 114
Trd, 8639753.132, 109
Trd, 8639753.832, 118
Trd, 8639754.182, 130
Trd, 8639755.682, 119
Trd, 8639755.732, 111
Trd, 8639756.632, 85
Trd, 8639757.332, 77
Trd, 8639757.532, 68
Trd, 8639759.082, 130
Trd, 8639759.332, 74
Trd, 8639760.782, 81
Trd, 8639761.882, 117
Trd, 8639762.032, 103
Trd, 8639762.532, 78
Trd, 8639763.932, 97
Trd, 8639764.082, 97
Trd, 8639764.382, 95
Trd, 8639764.432, 84
Trd, 8639765.032, 113
Trd, 8639765.232, 124
Trd, 8639766.132, 104
Trd, 8639766.532, 85
Trd, 8639767.282, 133
Trd, 8639767.832, 113
Trd, 8639768.132, 73
Trd, 8639768.882, 111
Trd, 8639769.382, 107
Trd, 8639770.132, 72
Trd, 8639770.982, 70
Trd, 8639771.632, 60
Trd, 8639772.982, 61
Trd, 8639774.732, 82
Trd, 8639775.082, 89
Trd, 8639775.132, 77
Trd, 8639775.382, 71
Trd, 8639777.432, 84
Trd, 8639778.132, 86
Trd, 8639778.582, 108
Trd, 8639780.232, 118
Trd, 8639780.582, 109
Trd, 8639781.032, 112
Trd, 8639782.282, 107
Trd, 8639783.082, 96
Trd, 8639783.482, 110
Trd, 8639784.682, 106
Trd, 8639785.532, 119
Trd, 8639786.532, 116
Trd, 8639786.632, 104
Trd, 8639787.082, 109
Trd, 8639788.182, 75
Trd, 8639788.732, 89
Trd, 8639790.832, 113
Trd, 8639791.282, 132
Trd, 8639792.182, 120
Trd, 8639792.382, 117
Trd, 8639792.732, 94
Trd, 8639793.682, 104
Trd, 8639794.182, 107
Trd, 8639794.332, 138
Trd, 8639795.132, 114
Trd, 8639795.332, 96
Trd, 8639796.032, 83
Trd, 8639797.482, 108
Trd, 8639797.982, 86
Trd, 8639799.732, 128
Trd, 8639800.832, 130
Trd, 8639801.332, 124
Trd, 8639801.982, 122
Trd, 8639802.132, 121
Trd, 8639803.382, 86
Trd, 8639805.282, 89
Trd, 8639805.632, 101
Trd, 8639807.732, 97
Trd, 8639807.832, 88
Trd, 8639809.732, 84
Trd, 8639810.082, 85
Trd, 8639810.582, 75
Trd, 8639811.882, 115
Trd, 8639812.282, 94
Trd, 8639812.432, 88
Trd, 8639812.732, 85
Trd, 8639813.682, 123
Trd, 8639814.432, 110
Trd, 8639814.482, 108
Trd, 8639815.282, 91
Trd, 8639815.332, 121
Trd, 8639816.682, 111
Trd, 8639817.282, 105
Trd, 8639818.732, 137
Trd, 8639819.332, 125
Trd, 8639819.532, 110
Trd, 8639819.682, 134
Trd, 8639819.832, 108
Trd, 8639819.932, 103
Trd, 8639820.932, 72
Trd, 8639821.732, 81
Trd, 8639822.182, 83
Trd, 8639822.382, 68
Trd, 8639823.682, 95
Trd, 8639824.682, 110
Trd, 8639825.532, 137
Trd, 8639825.982, 126
Trd, 8639826.782, 117
Trd, 8639827.132, 100
Trd, 8639827.532, 131
Trd, 8639828.482, 94
Trd, 8639828.932, 83
Trd, 8639829.232, 96
Trd, 8639829.332, 110
Trd, 8639830.182, 116
Trd, 8639830.282, 92
Trd, 8639830.632, 85
Trd, 8639830.982, 68
Trd, 8639833.682, 111
Trd, 8639833.982, 110
Trd, 8639834.782, 96
Trd, 8639836.132, 119
Trd, 8639837.282, 94
Trd, 8639837.532, 115
Trd, 8639837.782, 92
Trd, 8639839.182, 138
Trd, 8639840.032, 139
Trd, 8639840.382, 138
Trd, 8639840.582, 130
Trd, 8639841.382, 128
Trd, 8639841.982, 120
Trd, 8639842.582, 105
Trd, 8639843.032, 102
Trd, 8639843.482, 84
Trd, 8639844.082, 109
Trd, 8639844.532, 139
Trd, 8639844.732, 98
Trd, 8639846.482, 134
Trd, 8639846.682, 122
Trd, 8639847.032, 106
Trd, 8639847.432, 107
Trd, 8639848.032, 108
Trd, 8639848.132, 80
Trd, 8639849.382, 74
Trd, 8639849.532, 90
Trd, 8639849.982, 62
Trd, 8639851.082, 110
Trd, 8639851.182, 112
Trd, 8639851.882, 65
Trd, 8639853.032, 69
Trd, 8639853.632, 128
Trd, 8639854.832, 85
Trd, 8639855.132, 81
Trd, 8639856.532, 92
Trd, 8639856.732, 95
Trd, 8639857.032, 77
Trd, 8639857.982, 83
Trd, 8639859.282, 85
Trd, 8639860.082, 84
Trd, 8639860.332, 87
Trd, 8639860.432, 67
Trd, 8639861.432, 93
Trd, 8639862.132, 89
Trd, 8639863.632, 89
Trd, 8639864.382, 108
Trd, 8639864.532, 100
Trd, 8639866.182, 119
Trd, 8639866.432, 104
Trd, 8639867.132, 126
Trd, 8639867.432, 120
Trd, 8639867.932, 100
Trd, 8639868.132, 120
Trd, 8639868.732, 64
Trd, 8639869.832, 83
Trd, 8639870.532, 65
Trd, 8639870.982, 109
Trd, 8639871.282, 124
Trd, 8639872.582, 112
Trd, 8639872.632, 101
Trd, 8639873.182, 71
Trd, 8639874.532, 126
Trd, 8639874.632, 78
Trd, 8639874.832, 82
Trd, 8639875.332, 88
Trd, 8639876.232, 69
Trd, 8639876.982, 94
Trd, 8639878.232, 95
Trd, 8639878.732, 109
Trd, 8639879.032, 103
Trd, 8639879.132, 100
Trd, 8639880.632, 109
Trd, 8639880.882, 108
Trd, 8639880.932, 88
Trd, 8639881.382, 105
Trd, 8639882.082, 89
Trd, 8639882.432, 107
Trd, 8639882.582, 122
Trd, 8639883.032, 78
Trd, 8639883.782, 79
Trd, 8639884.182, 124
Trd, 8639885.632, 74
Trd, 8639886.282, 84
Trd, 8639887.182, 110
Trd, 8639887.832, 98
Trd, 8639888.882, 137
Trd, 8639889.132, 113
Trd, 8639890.282, 121
Trd, 8639890.582, 113
Trd, 8639890.832, 104
Trd, 8639890.982, 90
Trd, 8639892.432, 128
Trd, 8639893.532, 116
Trd, 8639894.682, 105
Trd, 8639894.882, 98
Trd, 8639895.382, 84
Trd, 8639895.532, 74
Trd, 8639896.532, 135
Trd, 8639897.232, 72
Trd, 8639898.432, 116
Trd, 8639899.082, 84
Trd, 8639900.032, 92
Trd, 8639900.332, 88
Trd, 8639900.532, 87
Trd, 8639901.332, 67
Trd, 8639901.882, 63
Trd, 8639902.382, 100
Trd, 8639903.182, 138
Trd, 8639903.682, 133
Trd, 8639904.282, 102
Trd, 8639905.682, 79
Trd, 8639906.682, 65
Trd, 8639907.282, 138
Trd, 8639908.482, 106
Trd, 8639908.582, 99
Trd, 8639909.232, 86
Trd, 8639909.882, 86
Trd, 8639910.432, 73
Trd, 8639910.732, 115
Trd, 8639912.382, 89
Trd, 8639913.482, 88
Trd, 8639913.782, 88
Trd, 8639913.932, 102
Trd, 8639915.932, 62
Trd, 8639916.232, 61
Trd, 8639916.732, 83
Trd, 8639916.832, 88
Trd, 8639917.682, 90
Trd, 8639918.032, 74
Trd, 8639918.532, 93
Trd, 8639920.032, 60
Trd, 8639920.632, 93
Trd, 8639921.432, 72
Trd, 8639921.982, 66
Trd, 8639922.382, 96
Trd, 8639922.732, 105
Trd, 8639923.532, 86
Trd, 8639923.632, 109
Trd, 8639926.232, 62
Trd, 8639926.632, 63
Trd, 8639926.682, 75
Trd, 8639927.932, 80
Trd, 8639928.382, 75
Trd, 8639928.982, 89
Trd, 8639931.382, 98
Trd, 8639932.382, 129
Trd, 8639932.782, 87
Trd, 8639932.932, 74
Trd, 8639933.432, 70
Trd, 8639934.082, 73
Trd, 8639934.932, 107
Trd, 8639935.832, 79
Trd, 8639936.332, 74
Trd, 8639936.682, 125
Trd, 8639937.882, 94
Trd, 8639940.082, 132
Trd, 8639940.132, 131
Trd, 8639940.232, 117
Trd, 8639940.432, 107
Trd, 8639940.582, 107
Trd, 8639941.382, 105
Trd, 8639942.382, 110
Trd, 8639942.482, 87
Trd, 8639943.632, 102
Trd, 8639943.882, 101
Trd, 8639944.182, 90
Trd, 8639944.982, 87
Trd, 8639945.082, 78
Trd, 8639945.632, 82
Trd, 8639946.482, 74
Trd, 8639947.282, 79
Trd, 8639947.832, 80
Trd, 8639948.832, 86
Trd, 8639950.132, 126
Trd, 8639951.082, 123
Trd, 8639951.482, 117
Trd, 8639952.082, 103
Trd, 8639952.332, 100
Trd, 8639953.032, 100
Trd, 8639953.232, 84
Trd, 8639954.832, 138
Trd, 8639955.432, 112
Trd, 8639956.582, 111
Trd, 8639956.782, 98
Trd, 8639957.532, 85
Trd, 8639957.682, 75
Trd, 8639958.032, 102
Trd, 8639959.832, 79
Trd, 8639960.282, 99
Trd, 8639960.732, 116
Trd, 8639960.782, 104
Trd, 8639961.832, 86
Trd, 8639962.732, 69
Trd, 8639963.182, 85
Trd, 8639963.332, 97
Trd, 8639964.132, 87
Trd, 8639964.632, 102
Trd, 8639964.732, 99
Trd, 8639965.532, 115
Trd, 8639966.582, 102
Trd, 8639967.732, 129
Trd, 8639968.332, 122
Trd, 8639968.882, 99
Trd, 8639969.332, 110
Trd, 8639970.182, 99
Trd, 8639971.032, 116
Trd, 8639971.132, 116
Trd, 8639971.482, 88
Trd, 8639972.232, 86
Trd, 8639973.382, 122
Trd, 8639973.682, 98
Trd, 8639974.032, 83
Trd, 8639974.832, 72
Trd, 8639975.632, 104
Trd, 8639975.782, 127
Trd, 8639975.882, 103
Trd, 8639977.682, 80
Trd, 8639978.482, 82
Trd, 8639980.232, 74
Trd, 8639980.832, 78
Trd, 8639981.282, 123
Trd, 8639982.032, 93
Trd, 8639982.532, 130
Trd, 8639983.032, 82
Trd, 8639984.482, 100
Trd, 8639984.582, 110
Trd, 8639985.082, 128
Trd, 8639985.732, 91
Trd, 8639986.732, 85
Trd, 8639987.382, 112
Trd, 8639988.432, 119
Trd, 8639988.832, 93
Trd, 8639988.882, 90
Trd, 8639989.682, 81
Trd, 8639990.132, 120
Trd, 8639990.232, 108
Trd, 8639990.482, 92
Trd, 8639991.382, 91
Trd, 8639992.282, 85
Trd, 8639994.432, 92
Trd, 8639994.632, 113
Trd, 8639995.832, 117
Trd, 8639996.232, 98
Trd, 8639996.682, 88
Trd, 8639997.082, 79
Trd, 8639997.432, 87
Trd, 8639997.532, 95
Trd, 8639998.982, 140
