Trd, 8638173.882, 135
Trd, 8638173.982, 133
Trd, 8638175.032, 119
Trd, 8638175.332, 125
Trd, 8638175.732, 95
Trd, 8638176.382, 93
Trd, 8638177.132, 85
Trd, 8638177.482, 89
Trd, 8638178.882, 132
Trd, 8638178.932, 124
Trd, 8638178.982, 124
Trd, 8638179.132, 60
Trd, 8638180.232, 86
Trd, 8638180.682, 132
Trd, 8638181.532, 111
Trd, 8638181.582, 70
Trd, 8638182.732, 73
Trd, 8638183.682, 71
Trd, 8638183.982, 104
Trd, 8638184.682, 81
Trd, 8638184.982, 77
Trd, 8638186.732, 88
Trd, 8638186.782, 91
Trd, 8638187.682, 138
Trd, 8638187.732, 128
Trd, 8638188.982, 103
Trd, 8638190.032, 131
Trd, 8638190.532, 134
Trd, 8638191.482, 127
Trd, 8638191.882, 119
Trd, 8638192.132, 128
Trd, 8638192.932, 98
Trd, 8638193.382, 74
Trd, 8638193.782, 72
Trd, 8638195.532, 118
Trd, 8638196.482, 132
Trd, 8638196.782, 126
Trd, 8638197.532, 66
Trd, 8638198.282, 61
Trd, 8638198.432, 86
Trd, 8638198.682, 75
Trd, 8638198.832, 102
Trd, 8638199.282, 61
Trd, 8638199.732, 74
Trd, 8638201.582, 71
Trd, 8638201.682, 91
Trd, 8638201.932, 116
Trd, 8638203.432, 139
Trd, 8638203.482, 137
Trd, 8638203.732, 131
Trd, 8638204.032, 88
Trd, 8638204.332, 104
Trd, 8638205.982, 139
Trd, 8638207.082, 139
Trd, 8638207.332, 131
Trd, 8638208.732, 88
Trd, 8638208.832, 92
Trd, 8638210.832, 131
Trd, 8638212.182, 104
Trd, 8638212.282, 104
Trd, 8638213.132, 124
Trd, 8638213.482, 98
Trd, 8638213.582, 118
Trd, 8638215.032, 93
Trd, 8638215.782, 99
Trd, 8638216.432, 89
Trd, 8638218.082, 140
Trd, 8638218.332, 127
Trd, 8638218.532, 123
Trd, 8638218.732, 116
Trd, 8638219.932, 128
Trd, 8638220.232, 127
Trd, 8638221.132, 125
Trd, 8638221.932, 104
Trd, 8638222.082, 96
Trd, 8638222.532, 70
Trd, 8638222.832, 133
Trd, 8638223.132, 100
Trd, 8638224.732, 134
Trd, 8638224.782, 86
Trd, 8638225.932, 135
Trd, 8638226.082, 133
Trd, 8638226.732, 127
Trd, 8638227.282, 138
Trd, 8638228.582, 127
Trd, 8638229.682, 139
Trd, 8638230.482, 125
Trd, 8638230.832, 92
Trd, 8638231.282, 88
Trd, 8638231.932, 116
Trd, 8638232.482, 100
Trd, 8638235.382, 132
Trd, 8638235.432, 125
Trd, 8638236.682, 127
Trd, 8638237.082, 119
Trd, 8638238.082, 135
Trd, 8638238.532, 118
Trd, 8638238.632, 128
Trd, 8638238.882, 120
Trd, 8638240.082, 107
Trd, 8638241.032, 108
Trd, 8638241.132, 63
Trd, 8638242.232, 79
Trd, 8638242.282, 93
Trd, 8638243.682, 136
Trd, 8638243.832, 113
Trd, 8638244.332, 91
Trd, 8638244.982, 91
Trd, 8638245.982, 109
Trd, 8638246.132, 136
Trd, 8638246.832, 114
Trd, 8638247.132, 125
Trd, 8638248.582, 130
Trd, 8638249.132, 114
Trd, 8638250.082, 110
Trd, 8638250.982, 109
Trd, 8638251.582, 123
Trd, 8638251.682, 92
Trd, 8638252.132, 91
Trd, 8638252.432, 133
Trd, 8638252.932, 120
Trd, 8638253.582, 114
Trd, 8638254.282, 140
Trd, 8638255.232, 123
Trd, 8638255.432, 83
Trd, 8638256.582, 69
Trd, 8638256.882, 139
Trd, 8638257.732, 140
Trd, 8638258.082, 130
Trd, 8638258.182, 123
Trd, 8638259.782, 91
Trd, 8638261.182, 133
Trd, 8638262.332, 131
Trd, 8638263.232, 115
Trd, 8638263.632, 115
Trd, 8638263.832, 94
Trd, 8638264.182, 121
Trd, 8638265.182, 132
Trd, 8638265.582, 92
Trd, 8638266.582, 85
Trd, 8638267.082, 61
Trd, 8638267.232, 72
Trd, 8638267.832, 99
Trd, 8638268.332, 98
Trd, 8638269.482, 95
Trd, 8638269.532, 102
Trd, 8638270.432, 87
Trd, 8638270.882, 83
Trd, 8638270.932, 96
Trd, 8638271.682, 131
Trd, 8638271.832, 113
Trd, 8638273.282, 100
Trd, 8638274.332, 78
Trd, 8638275.532, 95
Trd, 8638275.582, 105
Trd, 8638276.382, 90
Trd, 8638276.632, 87
Trd, 8638277.932, 115
Trd, 8638278.232, 98
Trd, 8638278.682, 88
Trd, 8638279.232, 95
Trd, 8638280.132, 97
Trd, 8638280.582, 103
Trd, 8638281.332, 113
Trd, 8638281.832, 135
Trd, 8638282.782, 139
Trd, 8638283.132, 129
Trd, 8638283.632, 118
Trd, 8638285.182, 116
Trd, 8638285.632, 110
Trd, 8638285.882, 134
Trd, 8638286.382, 113
Trd, 8638287.132, 65
Trd, 8638287.432, 96
Trd, 8638288.782, 129
Trd, 8638288.832, 119
Trd, 8638289.382, 80
Trd, 8638291.332, 95
Trd, 8638291.932, 131
Trd, 8638292.282, 106
Trd, 8638292.332, 130
Trd, 8638293.282, 132
Trd, 8638293.632, 124
Trd, 8638293.732, 119
Trd, 8638294.082, 122
Trd, 8638294.482, 112
Trd, 8638295.132, 96
Trd, 8638296.132, 120
Trd, 8638296.682, 75
Trd, 8638297.282, 110
Trd, 8638297.982, 137
Trd, 8638298.032, 107
Trd, 8638298.682, 94
Trd, 8638299.082, 75
Trd, 8638299.332, 74
Trd, 8638300.182, 66
Trd, 8638301.132, 97
Trd, 8638302.182, 60
Trd, 8638303.232, 135
Trd, 8638303.382, 133
Trd, 8638303.632, 127
Trd, 8638304.382, 137
Trd, 8638304.982, 119
Trd, 8638305.882, 140
Trd, 8638306.782, 123
Trd, 8638306.932, 134
Trd, 8638306.982, 95
Trd, 8638308.182, 119
Trd, 8638308.682, 123
Trd, 8638308.782, 114
Trd, 8638309.382, 84
Trd, 8638310.232, 124
Trd, 8638311.632, 99
Trd, 8638311.782, 117
Trd, 8638312.932, 113
Trd, 8638313.032, 110
Trd, 8638313.932, 62
Trd, 8638314.632, 64
Trd, 8638314.932, 64
Trd, 8638317.282, 123
Trd, 8638317.782, 123
Trd, 8638317.932, 130
Trd, 8638318.182, 127
Trd, 8638318.732, 111
Trd, 8638319.232, 120
Trd, 8638319.732, 125
Trd, 8638320.482, 122
Trd, 8638321.282, 136
Trd, 8638321.332, 115
Trd, 8638322.332, 138
Trd, 8638322.782, 98
Trd, 8638324.382, 119
Trd, 8638325.432, 93
Trd, 8638325.682, 88
Trd, 8638326.782, 118
Trd, 8638326.932, 133
Trd, 8638328.232, 113
Trd, 8638329.182, 115
Trd, 8638329.382, 108
Trd, 8638329.682, 76
Trd, 8638330.082, 99
Trd, 8638330.582, 119
Trd, 8638332.232, 136
Trd, 8638332.682, 103
Trd, 8638332.932, 111
Trd, 8638333.032, 96
Trd, 8638333.682, 113
Trd, 8638333.832, 83
Trd, 8638334.032, 95
Trd, 8638334.782, 93
Trd, 8638336.032, 134
Trd, 8638336.382, 127
Trd, 8638336.832, 123
Trd, 8638336.932, 95
Trd, 8638337.932, 81
Trd, 8638340.682, 129
Trd, 8638340.832, 125
Trd, 8638341.132, 135
Trd, 8638341.682, 117
Trd, 8638342.582, 111
Trd, 8638342.682, 105
Trd, 8638343.332, 134
Trd, 8638344.482, 137
Trd, 8638344.532, 107
Trd, 8638344.982, 133
Trd, 8638345.032, 81
Trd, 8638345.932, 68
Trd, 8638346.732, 71
Trd, 8638347.182, 121
Trd, 8638347.432, 116
Trd, 8638348.282, 105
Trd, 8638348.832, 124
Trd, 8638349.232, 112
Trd, 8638350.282, 111
Trd, 8638350.632, 74
Trd, 8638352.032, 125
Trd, 8638352.432, 87
Trd, 8638352.682, 135
Trd, 8638353.282, 113
Trd, 8638354.082, 117
Trd, 8638354.582, 78
Trd, 8638354.932, 68
Trd, 8638356.582, 140
Trd, 8638357.432, 130
Trd, 8638358.782, 121
Trd, 8638359.332, 130
Trd, 8638359.432, 115
Trd, 8638359.632, 100
Trd, 8638359.682, 100
Trd, 8638359.832, 113
Trd, 8638360.132, 128
Trd, 8638360.882, 79
Trd, 8638362.332, 121
Trd, 8638362.882, 121
Trd, 8638363.532, 117
Trd, 8638364.382, 111
Trd, 8638364.732, 115
Trd, 8638366.332, 92
Trd, 8638366.932, 72
Trd, 8638367.732, 79
Trd, 8638367.782, 91
Trd, 8638367.832, 68
Trd, 8638368.682, 125
Trd, 8638369.482, 127
Trd, 8638369.832, 115
Trd, 8638369.932, 111
Trd, 8638370.232, 120
Trd, 8638371.232, 105
Trd, 8638371.982, 89
Trd, 8638372.232, 77
Trd, 8638372.932, 111
Trd, 8638373.882, 71
Trd, 8638374.632, 100
Trd, 8638375.482, 115
Trd, 8638376.232, 119
Trd, 8638377.532, 83
Trd, 8638377.932, 101
Trd, 8638378.832, 63
Trd, 8638379.082, 70
Trd, 8638380.032, 70
Trd, 8638380.432, 113
Trd, 8638381.482, 136
Trd, 8638382.182, 107
Trd, 8638382.382, 109
Trd, 8638382.432, 90
Trd, 8638383.082, 102
Trd, 8638383.982, 105
Trd, 8638384.632, 112
Trd, 8638385.482, 89
Trd, 8638386.032, 91
Trd, 8638386.732, 117
Trd, 8638386.932, 90
Trd, 8638387.332, 89
Trd, 8638388.082, 115
Trd, 8638388.482, 98
Trd, 8638389.082, 119
Trd, 8638389.832, 103
Trd, 8638390.782, 62
Trd, 8638391.282, 95
Trd, 8638392.832, 68
Trd, 8638393.132, 63
Trd, 8638394.332, 88
Trd, 8638394.482, 60
Trd, 8638394.932, 96
Trd, 8638395.532, 78
Trd, 8638395.732, 69
Trd, 8638397.082, 69
Trd, 8638398.282, 75
Trd, 8638398.782, 86
Trd, 8638398.932, 110
Trd, 8638399.282, 111
Trd, 8638400.532, 78
Trd, 8638400.682, 89
Trd, 8638401.632, 102
Trd, 8638401.882, 88
Trd, 8638402.282, 136
Trd, 8638402.732, 129
Trd, 8638403.182, 129
Trd, 8638404.582, 137
Trd, 8638405.082, 124
Trd, 8638405.332, 88
Trd, 8638405.632, 88
Trd, 8638406.882, 103
Trd, 8638407.782, 126
Trd, 8638408.532, 81
Trd, 8638409.082, 138
Trd, 8638410.132, 107
Trd, 8638412.382, 103
Trd, 8638412.732, 126
Trd, 8638413.082, 99
Trd, 8638413.582, 71
Trd, 8638414.182, 123
Trd, 8638414.932, 110
Trd, 8638415.632, 60
Trd, 8638415.882, 89
Trd, 8638416.182, 94
Trd, 8638416.682, 99
Trd, 8638418.132, 103
Trd, 8638418.982, 117
Trd, 8638419.032, 99
Trd, 8638419.582, 69
Trd, 8638420.582, 70
Trd, 8638420.882, 114
Trd, 8638421.282, 137
Trd, 8638422.282, 133
Trd, 8638422.882, 93
Trd, 8638423.382, 110
Trd, 8638424.132, 91
Trd, 8638426.282, 79
Trd, 8638426.882, 99
Trd, 8638427.382, 92
Trd, 8638427.532, 104
Trd, 8638427.582, 90
Trd, 8638429.132, 85
Trd, 8638429.282, 89
Trd, 8638429.832, 140
Trd, 8638429.882, 81
Trd, 8638430.732, 107
Trd, 8638431.532, 61
Trd, 8638433.332, 85
Trd, 8638433.432, 72
Trd, 8638433.832, 107
Trd, 8638433.882, 82
Trd, 8638434.482, 102
Trd, 8638435.132, 99
Trd, 8638436.932, 138
Trd, 8638437.682, 131
Trd, 8638437.932, 104
Trd, 8638438.332, 97
Trd, 8638441.132, 61
Trd, 8638441.182, 64
Trd, 8638441.782, 125
Trd, 8638442.382, 111
Trd, 8638442.982, 92
Trd, 8638444.232, 132
Trd, 8638445.532, 77
Trd, 8638445.582, 84
Trd, 8638447.032, 92
Trd, 8638448.632, 114
Trd, 8638449.282, 110
Trd, 8638450.232, 132
Trd, 8638450.332, 128
Trd, 8638450.582, 125
Trd, 8638451.432, 75
Trd, 8638451.832, 68
Trd, 8638451.982, 61
Trd, 8638452.832, 102
Trd, 8638453.432, 96
Trd, 8638455.482, 132
Trd, 8638455.782, 127
Trd, 8638456.582, 75
Trd, 8638456.732, 110
Trd, 8638457.032, 67
Trd, 8638457.432, 92
Trd, 8638458.432, 115
Trd, 8638458.832, 108
Trd, 8638459.182, 114
Trd, 8638459.782, 111
Trd, 8638461.482, 74
Trd, 8638463.032, 74
Trd, 8638463.082, 75
Trd, 8638463.432, 74
Trd, 8638463.982, 92
Trd, 8638464.432, 73
Trd, 8638465.582, 111
Trd, 8638465.982, 106
Trd, 8638466.632, 105
Trd, 8638468.182, 86
Trd, 8638468.632, 116
Trd, 8638469.382, 113
Trd, 8638470.032, 119
Trd, 8638471.882, 137
Trd, 8638472.532, 128
Trd, 8638473.932, 132
Trd, 8638474.182, 92
Trd, 8638474.582, 129
Trd, 8638475.332, 87
Trd, 8638475.582, 94
Trd, 8638477.032, 135
Trd, 8638477.932, 99
Trd, 8638478.082, 98
Trd, 8638478.182, 95
Trd, 8638479.282, 108
Trd, 8638479.532, 90
Trd, 8638480.532, 114
Trd, 8638481.732, 119
Trd, 8638481.782, 112
Trd, 8638481.932, 84
Trd, 8638482.182, 72
Trd, 8638483.482, 132
Trd, 8638484.782, 65
Trd, 8638484.982, 99
Trd, 8638485.132, 90
Trd, 8638486.382, 78
Trd, 8638486.682, 83
Trd, 8638488.532, 88
Trd, 8638489.032, 75
Trd, 8638489.232, 86
Trd, 8638490.332, 84
Trd, 8638490.582, 99
Trd, 8638492.482, 67
Trd, 8638492.832, 66
Trd, 8638492.932, 74
Trd, 8638493.482, 92
Trd, 8638493.982, 83
Trd, 8638495.832, 134
Trd, 8638496.832, 119
Trd, 8638497.782, 132
Trd, 8638498.482, 136
Trd, 8638498.932, 129
Trd, 8638499.032, 111
Trd, 8638499.232, 87
Trd, 8638499.532, 121
Trd, 8638500.682, 72
Trd, 8638500.782, 84
Trd, 8638501.932, 140
Trd, 8638502.632, 62
Trd, 8638502.932, 90
Trd, 8638504.432, 128
Trd, 8638505.132, 68
Trd, 8638506.532, 63
Trd, 8638506.582, 108
Trd, 8638507.032, 76
Trd, 8638508.082, 127
Trd, 8638509.532, 63
Trd, 8638511.282, 93
Trd, 8638512.932, 133
Trd, 8638513.482, 118
Trd, 8638513.632, 101
Trd, 8638514.432, 122
Trd, 8638515.082, 100
Trd, 8638516.082, 127
Trd, 8638516.432, 103
Trd, 8638516.832, 118
Trd, 8638516.982, 99
Trd, 8638517.032, 129
Trd, 8638518.732, 128
Trd, 8638519.132, 125
Trd, 8638519.432, 119
Trd, 8638519.682, 112
Trd, 8638520.082, 83
Trd, 8638521.132, 76
Trd, 8638521.732, 99
Trd, 8638522.982, 111
Trd, 8638523.182, 82
Trd, 8638524.782, 119
Trd, 8638525.032, 127
Trd, 8638525.282, 127
Trd, 8638525.882, 102
Trd, 8638527.582, 131
Trd, 8638528.282, 109
Trd, 8638529.232, 116
Trd, 8638529.332, 109
Trd, 8638529.482, 107
Trd, 8638529.932, 117
Trd, 8638530.982, 60
Trd, 8638531.732, 85
Trd, 8638532.032, 85
Trd, 8638533.582, 116
Trd, 8638533.732, 110
Trd, 8638534.332, 87
Trd, 8638534.832, 109
Trd, 8638535.132, 132
Trd, 8638535.232, 99
Trd, 8638535.982, 137
Trd, 8638536.582, 77
Trd, 8638537.332, 120
Trd, 8638537.382, 102
Trd, 8638537.782, 122
Trd, 8638538.432, 135
Trd, 8638540.082, 119
Trd, 8638540.282, 113
Trd, 8638541.932, 134
Trd, 8638542.082, 128
Trd, 8638543.682, 115
Trd, 8638544.032, 125
Trd, 8638544.332, 93
Trd, 8638546.932, 134
Trd, 8638547.032, 118
Trd, 8638547.332, 117
Trd, 8638547.432, 93
Trd, 8638548.232, 84
Trd, 8638549.082, 118
Trd, 8638549.382, 125
Trd, 8638550.932, 94
Trd, 8638551.332, 136
Trd, 8638552.032, 71
Trd, 8638553.082, 126
Trd, 8638553.282, 92
Trd, 8638553.332, 83
Trd, 8638554.932, 131
Trd, 8638555.682, 123
Trd, 8638555.782, 106
Trd, 8638557.382, 124
Trd, 8638557.632, 109
Trd, 8638558.132, 107
Trd, 8638558.532, 102
Trd, 8638558.732, 101
Trd, 8638562.032, 137
Trd, 8638562.332, 137
Trd, 8638562.482, 136
Trd, 8638562.732, 140
Trd, 8638563.132, 113
Trd, 8638563.732, 140
Trd, 8638564.382, 119
Trd, 8638565.332, 131
Trd, 8638565.632, 78
Trd, 8638566.582, 128
Trd, 8638567.132, 110
Trd, 8638567.832, 100
Trd, 8638569.232, 108
Trd, 8638569.332, 106
Trd, 8638569.982, 90
Trd, 8638570.482, 71
Trd, 8638572.832, 93
Trd, 8638573.882, 123
Trd, 8638574.282, 94
Trd, 8638574.632, 98
Trd, 8638575.482, 124
Trd, 8638575.782, 135
Trd, 8638575.882, 73
Trd, 8638577.032, 99
Trd, 8638577.182, 97
Trd, 8638577.682, 109
Trd, 8638578.882, 116
Trd, 8638580.132, 101
Trd, 8638580.232, 91
Trd, 8638580.532, 75
Trd, 8638580.882, 107
Trd, 8638581.732, 74
Trd, 8638581.982, 87
Trd, 8638582.182, 60
Trd, 8638584.382, 61
Trd, 8638585.482, 70
Trd, 8638585.582, 79
Trd, 8638585.632, 82
Trd, 8638586.182, 129
Trd, 8638586.832, 114
Trd, 8638587.232, 68
Trd, 8638588.582, 74
Trd, 8638589.082, 96
Trd, 8638590.632, 105
Trd, 8638591.432, 110
Trd, 8638591.782, 138
Trd, 8638591.932, 116
Trd, 8638592.782, 95
Trd, 8638592.932, 90
Trd, 8638593.282, 85
Trd, 8638594.982, 83
Trd, 8638595.382, 74
Trd, 8638595.882, 77
Trd, 8638596.632, 111
Trd, 8638597.282, 71
Trd, 8638597.932, 130
Trd, 8638598.082, 105
Trd, 8638598.382, 95
Trd, 8638600.182, 131
Trd, 8638600.582, 72
Trd, 8638601.132, 115
Trd, 8638601.832, 76
Trd, 8638602.332, 69
Trd, 8638602.582, 120
Trd, 8638603.282, 103
Trd, 8638604.282, 76
Trd, 8638605.982, 126
Trd, 8638606.432, 124
Trd, 8638607.332, 129
Trd, 8638607.482, 100
Trd, 8638607.732, 108
Trd, 8638608.232, 83
Trd, 8638609.732, 136
Trd, 8638610.682, 140
Trd, 8638611.482, 124
Trd, 8638611.882, 116
Trd, 8638613.032, 100
Trd, 8638613.382, 89
Trd, 8638613.782, 74
Trd, 8638615.682, 124
Trd, 8638616.532, 104
Trd, 8638616.782, 103
Trd, 8638617.082, 117
Trd, 8638617.782, 139
Trd, 8638618.532, 120
Trd, 8638618.632, 121
Trd, 8638619.082, 135
Trd, 8638620.432, 113
Trd, 8638620.482, 123
Trd, 8638621.432, 136
Trd, 8638621.932, 133
Trd, 8638622.232, 63
Trd, 8638623.682, 95
Trd, 8638624.182, 119
Trd, 8638624.882, 116
Trd, 8638625.282, 110
Trd, 8638626.782, 106
Trd, 8638627.682, 133
Trd, 8638628.032, 127
Trd, 8638628.682, 130
Trd, 8638628.982, 117
Trd, 8638629.582, 73
Trd, 8638630.432, 70
Trd, 8638631.182, 86
Trd, 8638631.332, 69
Trd, 8638632.282, 118
Trd, 8638632.632, 136
Trd, 8638632.882, 95
Trd, 8638633.532, 85
Trd, 8638634.332, 81
Trd, 8638635.082, 132
Trd, 8638636.382, 106
Trd, 8638636.882, 107
Trd, 8638637.782, 134
Trd, 8638638.482, 138
Trd, 8638638.682, 106
Trd, 8638639.682, 91
Trd, 8638641.632, 130
Trd, 8638642.182, 90
Trd, 8638642.532, 132
Trd, 8638642.732, 124
Trd, 8638643.432, 117
Trd, 8638643.682, 117
Trd, 8638644.132, 140
Trd, 8638644.282, 128
Trd, 8638645.282, 74
Trd, 8638646.082, 79
Trd, 8638647.082, 82
Trd, 8638647.832, 71
Trd, 8638648.182, 89
Trd, 8638648.632, 81
Trd, 8638649.632, 89
Trd, 8638650.182, 114
Trd, 8638650.332, 89
Trd, 8638651.332, 97
Trd, 8638652.032, 69
Trd, 8638653.732, 69
Trd, 8638653.932, 73
Trd, 8638654.082, 77
Trd, 8638655.382, 66
Trd, 8638655.432, 104
Trd, 8638655.832, 89
Trd, 8638656.282, 95
Trd, 8638657.632, 108
Trd, 8638658.282, 108
Trd, 8638660.482, 116
Trd, 8638660.532, 101
Trd, 8638660.932, 72
Trd, 8638661.732, 70
Trd, 8638662.482, 65
Trd, 8638663.232, 98
Trd, 8638663.982, 89
Trd, 8638664.232, 103
Trd, 8638664.932, 131
Trd, 8638665.582, 135
Trd, 8638665.682, 106
Trd, 8638666.732, 71
Trd, 8638667.382, 82
Trd, 8638667.982, 125
Trd, 8638668.982, 73
Trd, 8638671.132, 80
Trd, 8638672.082, 113
Trd, 8638672.182, 94
Trd, 8638672.432, 114
Trd, 8638672.782, 114
Trd, 8638673.432, 111
Trd, 8638673.832, 121
Trd, 8638674.632, 105
Trd, 8638675.532, 108
Trd, 8638676.532, 108
Trd, 8638676.882, 63
Trd, 8638677.332, 109
Trd, 8638677.782, 96
Trd, 8638678.282, 75
Trd, 8638679.832, 119
Trd, 8638680.332, 62
Trd, 8638681.182, 133
Trd, 8638681.382, 126
Trd, 8638681.682, 109
Trd, 8638683.432, 73
Trd, 8638683.682, 72
Trd, 8638684.332, 113
Trd, 8638685.332, 123
Trd, 8638686.382, 115
Trd, 8638686.782, 69
Trd, 8638687.582, 67
Trd, 8638687.832, 70
Trd, 8638688.782, 138
Trd, 8638689.332, 73
Trd, 8638689.832, 76
Trd, 8638690.482, 79
Trd, 8638692.082, 126
Trd, 8638692.432, 120
Trd, 8638693.132, 139
Trd, 8638693.282, 118
Trd, 8638693.782, 87
Trd, 8638695.382, 79
Trd, 8638695.782, 126
Trd, 8638696.532, 132
Trd, 8638697.032, 71
Trd, 8638697.282, 69
Trd, 8638699.132, 96
Trd, 8638699.482, 88
Trd, 8638699.582, 125
Trd, 8638700.432, 115
Trd, 8638700.832, 127
Trd, 8638701.182, 94
Trd, 8638703.082, 75
Trd, 8638703.182, 67
Trd, 8638703.432, 86
Trd, 8638703.882, 97
Trd, 8638705.032, 61
Trd, 8638705.632, 70
Trd, 8638705.682, 97
Trd, 8638706.182, 124
Trd, 8638707.332, 64
Trd, 8638707.382, 92
Trd, 8638709.632, 77
Trd, 8638711.582, 120
Trd, 8638711.932, 109
Trd, 8638713.282, 131
Trd, 8638713.982, 84
Trd, 8638714.182, 87
Trd, 8638714.282, 79
Trd, 8638714.732, 129
Trd, 8638715.882, 96
Trd, 8638717.332, 79
Trd, 8638717.732, 97
Trd, 8638718.532, 82
Trd, 8638718.732, 117
Trd, 8638719.032, 107
Trd, 8638719.682, 134
Trd, 8638720.482, 108
Trd, 8638720.782, 76
Trd, 8638721.482, 95
Trd, 8638722.632, 136
Trd, 8638722.682, 109
Trd, 8638724.332, 134
Trd, 8638724.532, 124
Trd, 8638725.132, 129
Trd, 8638725.482, 111
Trd, 8638725.982, 103
Trd, 8638726.732, 119
Trd, 8638726.882, 91
Trd, 8638727.382, 68
Trd, 8638727.882, 69
Trd, 8638728.232, 80
Trd, 8638728.332, 74
Trd, 8638730.282, 73
Trd, 8638731.432, 107
Trd, 8638731.682, 67
Trd, 8638732.482, 86
Trd, 8638732.832, 116
Trd, 8638733.382, 129
Trd, 8638734.532, 129
Trd, 8638734.882, 91
Trd, 8638735.982, 116
Trd, 8638736.982, 84
Trd, 8638737.082, 117
Trd, 8638737.382, 104
Trd, 8638737.882, 116
Trd, 8638739.532, 70
Trd, 8638740.332, 62
Trd, 8638740.482, 77
Trd, 8638740.582, 83
Trd, 8638741.332, 118
Trd, 8638741.782, 89
Trd, 8638742.832, 132
Trd, 8638743.482, 125
Trd, 8638743.532, 120
Trd, 8638744.532, 125
Trd, 8638745.232, 126
Trd, 8638745.932, 127
Trd, 8638746.132, 125
Trd, 8638747.232, 113
Trd, 8638749.132, 138
Trd, 8638749.582, 130
Trd, 8638749.832, 88
Trd, 8638750.332, 127
Trd, 8638750.432, 123
Trd, 8638751.732, 106
Trd, 8638752.032, 133
Trd, 8638752.882, 108
Trd, 8638753.682, 93
Trd, 8638754.232, 68
Trd, 8638755.182, 104
Trd, 8638756.132, 121
Trd, 8638757.832, 139
Trd, 8638757.882, 131
Trd, 8638758.682, 131
Trd, 8638758.782, 111
Trd, 8638759.382, 91
Trd, 8638759.782, 97
Trd, 8638760.032, 95
Trd, 8638761.982, 113
Trd, 8638762.682, 113
Trd, 8638763.782, 111
Trd, 8638764.282, 83
Trd, 8638764.532, 81
Trd, 8638764.932, 95
Trd, 8638765.382, 111
Trd, 8638765.782, 125
Trd, 8638765.882, 106
Trd, 8638766.282, 80
Trd, 8638766.682, 63
Trd, 8638767.482, 74
Trd, 8638767.532, 108
Trd, 8638767.732, 96
Trd, 8638768.482, 135
Trd, 8638769.682, 89
Trd, 8638770.982, 115
Trd, 8638771.382, 130
Trd, 8638772.282, 121
Trd, 8638772.932, 114
Trd, 8638773.482, 83
Trd, 8638773.582, 79
Trd, 8638774.632, 119
Trd, 8638775.832, 84
Trd, 8638776.132, 86
Trd, 8638776.282, 120
Trd, 8638777.832, 71
Trd, 8638779.182, 112
Trd, 8638779.532, 124
Trd, 8638779.782, 113
Trd, 8638782.132, 81
Trd, 8638782.632, 82
Trd, 8638782.882, 110
Trd, 8638783.232, 87
Trd, 8638784.082, 122
Trd, 8638784.632, 136
Trd, 8638784.682, 113
Trd, 8638786.032, 124
Trd, 8638786.182, 62
Trd, 8638786.432, 70
Trd, 8638787.382, 128
Trd, 8638787.582, 91
Trd, 8638788.732, 130
Trd, 8638789.732, 86
Trd, 8638790.032, 93
Trd, 8638791.182, 119
Trd, 8638791.482, 133
Trd, 8638792.732, 128
Trd, 8638793.482, 60
Trd, 8638793.632, 74
Trd, 8638793.882, 88
Trd, 8638794.132, 75
Trd, 8638794.432, 99
Trd, 8638794.532, 123
Trd, 8638796.282, 75
Trd, 8638796.632, 78
Trd, 8638797.332, 61
Trd, 8638798.032, 113
Trd, 8638798.382, 71
Trd, 8638799.032, 82
Trd, 8638799.232, 132
Trd, 8638799.682, 139
Trd, 8638800.632, 97
Trd, 8638801.432, 80
Trd, 8638802.332, 91
Trd, 8638803.282, 93
Trd, 8638804.732, 88
Trd, 8638805.182, 97
Trd, 8638805.682, 116
Trd, 8638805.732, 111
Trd, 8638806.332, 81
Trd, 8638806.982, 140
Trd, 8638807.082, 139
Trd, 8638807.332, 139
Trd, 8638808.332, 70
Trd, 8638808.632, 139
Trd, 8638809.732, 136
Trd, 8638809.882, 120
Trd, 8638810.482, 118
Trd, 8638811.232, 78
Trd, 8638811.432, 97
Trd, 8638811.982, 75
Trd, 8638813.182, 67
Trd, 8638813.532, 66
Trd, 8638814.082, 108
Trd, 8638814.782, 118
Trd, 8638815.332, 64
Trd, 8638816.482, 129
Trd, 8638817.482, 107
Trd, 8638818.182, 98
Trd, 8638818.832, 104
Trd, 8638819.682, 94
Trd, 8638819.782, 134
Trd, 8638819.832, 91
Trd, 8638820.832, 85
Trd, 8638821.632, 125
Trd, 8638822.282, 120
Trd, 8638823.532, 117
Trd, 8638824.182, 114
Trd, 8638824.332, 121
Trd, 8638825.982, 121
Trd, 8638826.282, 119
Trd, 8638827.832, 69
Trd, 8638827.932, 75
Trd, 8638828.332, 89
Trd, 8638829.832, 98
Trd, 8638830.882, 98
Trd, 8638831.282, 115
Trd, 8638832.132, 99
Trd, 8638832.432, 64
Trd, 8638832.582, 60
Trd, 8638834.382, 117
Trd, 8638835.382, 125
Trd, 8638835.432, 124
Trd, 8638835.732, 120
Trd, 8638836.282, 81
Trd, 8638836.932, 70
Trd, 8638838.082, 74
Trd, 8638838.632, 99
Trd, 8638839.182, 85
Trd, 8638839.782, 135
Trd, 8638841.682, 118
Trd, 8638842.082, 109
Trd, 8638842.482, 119
Trd, 8638842.732, 86
Trd, 8638842.782, 82
Trd, 8638843.232, 91
Trd, 8638844.432, 138
Trd, 8638845.232, 61
Trd, 8638845.382, 74
Trd, 8638845.982, 75
Trd, 8638847.282, 106
Trd, 8638847.632, 93
Trd, 8638847.732, 91
Trd, 8638849.232, 78
Trd, 8638849.282, 102
Trd, 8638850.082, 93
Trd, 8638850.132, 88
Trd, 8638850.332, 136
Trd, 8638851.982, 134
Trd, 8638852.082, 116
Trd, 8638852.232, 123
Trd, 8638852.732, 85
Trd, 8638854.082, 78
Trd, 8638855.832, 119
Trd, 8638856.332, 116
Trd, 8638856.582, 127
Trd, 8638856.932, 88
Trd, 8638857.132, 73
Trd, 8638858.682, 124
Trd, 8638858.932, 98
Trd, 8638859.632, 102
Trd, 8638860.332, 104
Trd, 8638860.782, 67
Trd, 8638861.282, 96
Trd, 8638861.882, 100
Trd, 8638862.332, 74
Trd, 8638862.932, 61
Trd, 8638863.032, 64
Trd, 8638863.182, 69
Trd, 8638864.432, 71
Trd, 8638864.632, 86
Trd, 8638867.032, 86
Trd, 8638868.182, 101
Trd, 8638868.332, 95
Trd, 8638868.532, 94
Trd, 8638868.682, 95
Trd, 8638869.132, 110
Trd, 8638869.832, 120
Trd, 8638870.282, 119
Trd, 8638870.782, 113
Trd, 8638871.182, 124
Trd, 8638871.332, 106
Trd, 8638872.532, 127
Trd, 8638872.682, 98
Trd, 8638874.782, 131
Trd, 8638874.882, 113
Trd, 8638874.932, 97
Trd, 8638875.782, 139
Trd, 8638876.782, 114
Trd, 8638876.832, 112
Trd, 8638877.682, 126
Trd, 8638878.632, 137
Trd, 8638879.082, 119
Trd, 8638879.132, 97
Trd, 8638879.982, 92
Trd, 8638881.332, 97
Trd, 8638882.082, 109
Trd, 8638883.432, 76
Trd, 8638883.632, 77
Trd, 8638884.132, 86
Trd, 8638885.682, 137
Trd, 8638886.732, 123
Trd, 8638887.982, 123
Trd, 8638888.482, 101
Trd, 8638888.582, 119
Trd, 8638888.882, 101
Trd, 8638889.732, 109
Trd, 8638890.682, 102
Trd, 8638890.982, 100
Trd, 8638891.582, 128
Trd, 8638891.982, 127
Trd, 8638892.032, 122
Trd, 8638892.982, 62
Trd, 8638893.082, 71
Trd, 8638893.582, 70
Trd, 8638894.132, 72
Trd, 8638894.382, 104
Trd, 8638895.082, 89
Trd, 8638896.282, 65
Trd, 8638896.682, 120
Trd, 8638896.832, 114
Trd, 8638898.232, 87
Trd, 8638898.532, 102
Trd, 8638899.932, 132
Trd, 8638899.982, 124
Trd, 8638900.682, 88
Trd, 8638900.732, 88
Trd, 8638901.582, 64
Trd, 8638902.132, 96
Trd, 8638903.532, 138
Trd, 8638904.182, 100
Trd, 8638904.482, 121
Trd, 8638904.782, 86
Trd, 8638904.932, 79
Trd, 8638905.282, 69
Trd, 8638906.232, 73
Trd, 8638906.732, 127
Trd, 8638907.982, 82
Trd, 8638908.082, 94
Trd, 8638908.232, 127
Trd, 8638910.582, 70
Trd, 8638911.082, 73
Trd, 8638911.382, 110
Trd, 8638912.532, 75
Trd, 8638912.632, 75
Trd, 8638912.682, 97
Trd, 8638913.182, 121
Trd, 8638914.032, 60
Trd, 8638914.132, 65
Trd, 8638916.232, 61
Trd, 8638917.082, 69
Trd, 8638917.332, 78
Trd, 8638917.682, 114
Trd, 8638918.432, 77
Trd, 8638918.932, 80
Trd, 8638919.632, 64
Trd, 8638920.082, 100
Trd, 8638920.432, 128
Trd, 8638922.132, 123
Trd, 8638922.782, 112
Trd, 8638922.882, 106
Trd, 8638923.782, 132
Trd, 8638924.382, 113
Trd, 8638924.782, 94
Trd, 8638925.632, 128
Trd, 8638926.232, 61
Trd, 8638926.732, 74
Trd, 8638927.432, 123
Trd, 8638927.532, 118
Trd, 8638927.682, 87
Trd, 8638928.982, 115
Trd, 8638930.182, 78
Trd, 8638930.482, 91
Trd, 8638930.682, 84
Trd, 8638931.532, 67
Trd, 8638931.732, 69
Trd, 8638931.832, 72
Trd, 8638933.382, 126
Trd, 8638933.482, 130
Trd, 8638934.482, 132
Trd, 8638935.282, 117
Trd, 8638935.532, 116
Trd, 8638935.782, 106
Trd, 8638935.832, 98
Trd, 8638937.832, 85
Trd, 8638937.932, 77
Trd, 8638939.082, 124
Trd, 8638939.632, 66
Trd, 8638940.182, 83
Trd, 8638940.282, 70
Trd, 8638940.482, 106
Trd, 8638940.982, 92
Trd, 8638942.032, 87
Trd, 8638942.482, 102
Trd, 8638943.882, 71
Trd, 8638944.132, 101
Trd, 8638944.682, 72
Trd, 8638945.182, 93
Trd, 8638946.882, 66
Trd, 8638947.082, 108
Trd, 8638947.732, 65
Trd, 8638947.882, 70
Trd, 8638948.582, 91
Trd, 8638948.932, 65
Trd, 8638950.532, 122
Trd, 8638951.032, 115
Trd, 8638951.732, 62
Trd, 8638952.932, 67
Trd, 8638953.432, 71
Trd, 8638954.032, 60
Trd, 8638954.082, 84
Trd, 8638954.782, 85
Trd, 8638955.232, 71
Trd, 8638955.732, 115
Trd, 8638956.932, 86
Trd, 8638957.632, 140
Trd, 8638957.882, 113
Trd, 8638958.332, 92
Trd, 8638959.182, 79
Trd, 8638959.332, 78
Trd, 8638960.432, 66
Trd, 8638961.182, 61
Trd, 8638962.182, 73
Trd, 8638962.782, 86
Trd, 8638963.382, 77
Trd, 8638963.582, 86
Trd, 8638963.882, 109
Trd, 8638964.432, 133
Trd, 8638965.632, 127
Trd, 8638966.982, 125
Trd, 8638967.132, 119
Trd, 8638969.982, 63
Trd, 8638970.032, 83
Trd, 8638970.332, 70
Trd, 8638970.832, 82
Trd, 8638970.932, 118
Trd, 8638971.332, 64
Trd, 8638971.482, 83
Trd, 8638972.732, 128
Trd, 8638974.182, 130
Trd, 8638974.682, 89
Trd, 8638974.932, 139
Trd, 8638975.082, 84
Trd, 8638975.932, 97
Trd, 8638977.082, 67
Trd, 8638977.782, 131
Trd, 8638978.032, 96
Trd, 8638978.732, 139
Trd, 8638978.932, 103
Trd, 8638979.732, 97
Trd, 8638980.582, 101
Trd, 8638980.932, 116
Trd, 8638981.382, 136
Trd, 8638982.232, 72
Trd, 8638982.282, 73
Trd, 8638983.282, 126
Trd, 8638984.032, 89
Trd, 8638984.382, 86
Trd, 8638985.682, 135
Trd, 8638986.132, 76
Trd, 8638987.232, 131
Trd, 8638989.182, 101
Trd, 8638989.732, 95
Trd, 8638989.982, 80
Trd, 8638990.232, 86
Trd, 8638990.482, 86
Trd, 8638991.282, 115
Trd, 8638991.982, 102
Trd, 8638992.582, 137
Trd, 8638992.682, 124
Trd, 8638994.132, 109
Trd, 8638995.382, 140
Trd, 8638995.532, 107
Trd, 8638996.332, 76
Trd, 8638996.532, 67
Trd, 8638997.932, 64
Trd, 8638998.482, 137
Trd, 8638998.532, 129
Trd, 8638999.332, 116
Trd, 8639000.182, 81
Trd, 8639001.132, 109
Trd, 8639001.382, 94
Trd, 8639001.582, 69
Trd, 8639001.632, 88
Trd, 8639001.782, 80
Trd, 8639002.732, 133
Trd, 8639003.132, 118
Trd, 8639004.382, 74
Trd, 8639006.182, 136
Trd, 8639006.332, 96
Trd, 8639006.532, 99
Trd, 8639006.732, 95
Trd, 8639007.382, 120
Trd, 8639009.082, 122
Trd, 8639010.382, 105
Trd, 8639010.582, 96
Trd, 8639011.032, 80
Trd, 8639011.132, 113
Trd, 8639012.132, 137
Trd, 8639014.482, 85
Trd, 8639014.982, 67
Trd, 8639015.832, 140
Trd, 8639016.282, 117
Trd, 8639016.482, 77
Trd, 8639017.332, 124
Trd, 8639017.932, 138
Trd, 8639018.782, 100
Trd, 8639019.982, 77
Trd, 8639020.132, 126
Trd, 8639021.132, 85
Trd, 8639022.232, 105
Trd, 8639022.482, 68
Trd, 8639023.182, 135
Trd, 8639023.982, 69
Trd, 8639024.582, 80
Trd, 8639025.332, 87
Trd, 8639026.232, 61
Trd, 8639026.382, 89
Trd, 8639026.832, 135
Trd, 8639027.082, 133
Trd, 8639027.782, 139
Trd, 8639028.682, 69
Trd, 8639029.582, 101
Trd, 8639029.882, 124
Trd, 8639030.332, 71
Trd, 8639030.532, 90
Trd, 8639031.282, 60
Trd, 8639031.532, 82
Trd, 8639032.582, 82
Trd, 8639032.982, 129
Trd, 8639034.132, 134
Trd, 8639034.582, 118
Trd, 8639035.482, 85
Trd, 8639036.032, 77
Trd, 8639036.132, 82
Trd, 8639036.282, 64
Trd, 8639037.582, 111
Trd, 8639038.882, 114
Trd, 8639039.032, 115
Trd, 8639039.482, 122
Trd, 8639039.682, 121
Trd, 8639040.082, 92
Trd, 8639040.232, 96
Trd, 8639040.432, 92
Trd, 8639040.832, 78
Trd, 8639041.632, 117
Trd, 8639042.232, 71
Trd, 8639042.632, 62
Trd, 8639043.532, 105
Trd, 8639044.532, 73
Trd, 8639044.732, 62
Trd, 8639044.982, 61
Trd, 8639045.582, 68
Trd, 8639046.582, 100
Trd, 8639047.882, 127
Trd, 8639047.982, 121
Trd, 8639048.432, 75
Trd, 8639049.732, 115
Trd, 8639050.832, 120
Trd, 8639051.732, 82
Trd, 8639051.932, 70
Trd, 8639052.282, 125
Trd, 8639052.632, 130
Trd, 8639052.932, 120
Trd, 8639053.132, 113
Trd, 8639053.182, 84
Trd, 8639054.082, 63
Trd, 8639054.682, 61
Trd, 8639054.832, 93
Trd, 8639055.282, 131
Trd, 8639055.832, 63
Trd, 8639056.732, 65
Trd, 8639057.282, 113
Trd, 8639059.082, 86
Trd, 8639060.182, 125
Trd, 8639060.532, 118
Trd, 8639060.782, 110
Trd, 8639060.982, 98
Trd, 8639061.082, 97
Trd, 8639061.982, 89
Trd, 8639062.632, 121
Trd, 8639062.682, 88
Trd, 8639063.232, 73
Trd, 8639064.532, 86
Trd, 8639064.782, 100
Trd, 8639065.732, 122
Trd, 8639065.782, 121
Trd, 8639066.232, 97
Trd, 8639067.532, 135
Trd, 8639067.582, 114
Trd, 8639068.382, 104
Trd, 8639069.032, 81
Trd, 8639069.282, 91
Trd, 8639069.782, 96
Trd, 8639070.132, 121
Trd, 8639070.682, 109
Trd, 8639070.832, 130
Trd, 8639071.082, 86
Trd, 8639071.482, 118
Trd, 8639072.082, 120
Trd, 8639073.332, 81
Trd, 8639073.732, 113
Trd, 8639074.932, 69
Trd, 8639075.532, 61
Trd, 8639076.432, 79
Trd, 8639076.482, 109
Trd, 8639077.782, 130
Trd, 8639077.882, 105
Trd, 8639078.432, 139
Trd, 8639079.932, 86
Trd, 8639080.582, 83
Trd, 8639080.882, 99
Trd, 8639082.082, 90
Trd, 8639082.532, 92
Trd, 8639082.682, 138
Trd, 8639084.282, 82
Trd, 8639084.432, 74
Trd, 8639084.632, 90
Trd, 8639085.932, 138
Trd, 8639086.132, 63
Trd, 8639087.132, 65
Trd, 8639087.782, 136
Trd, 8639087.832, 97
Trd, 8639089.582, 66
Trd, 8639089.682, 110
Trd, 8639090.482, 101
Trd, 8639091.182, 64
Trd, 8639091.682, 76
Trd, 8639092.282, 80
Trd, 8639092.432, 82
Trd, 8639094.632, 74
Trd, 8639094.832, 130
Trd, 8639095.282, 120
Trd, 8639095.682, 94
Trd, 8639095.982, 125
Trd, 8639097.432, 90
Trd, 8639098.032, 127
Trd, 8639098.282, 111
Trd, 8639098.832, 96
Trd, 8639098.932, 103
Trd, 8639100.382, 111
Trd, 8639100.532, 129
Trd, 8639101.232, 130
Trd, 8639101.832, 111
Trd, 8639102.432, 84
Trd, 8639103.682, 132
Trd, 8639104.632, 106
Trd, 8639104.932, 113
Trd, 8639106.382, 121
Trd, 8639106.432, 126
Trd, 8639106.782, 114
Trd, 8639107.032, 61
Trd, 8639107.382, 75
Trd, 8639108.182, 134
Trd, 8639108.632, 125
Trd, 8639109.682, 107
Trd, 8639110.032, 106
Trd, 8639110.082, 106
Trd, 8639111.932, 126
Trd, 8639112.082, 135
Trd, 8639113.082, 127
Trd, 8639113.132, 116
Trd, 8639114.882, 115
Trd, 8639115.282, 116
Trd, 8639115.782, 111
Trd, 8639116.832, 127
Trd, 8639117.532, 126
Trd, 8639117.682, 112
Trd, 8639118.432, 123
Trd, 8639119.282, 109
Trd, 8639120.832, 113
Trd, 8639121.632, 104
Trd, 8639121.782, 94
Trd, 8639122.332, 84
Trd, 8639122.732, 79
Trd, 8639124.482, 119
Trd, 8639124.882, 113
Trd, 8639125.682, 110
Trd, 8639126.332, 137
Trd, 8639126.932, 139
Trd, 8639127.432, 118
Trd, 8639127.732, 113
Trd, 8639128.682, 102
Trd, 8639129.582, 90
Trd, 8639130.432, 107
Trd, 8639130.682, 102
Trd, 8639130.932, 86
Trd, 8639132.132, 125
Trd, 8639132.782, 105
Trd, 8639133.432, 123
Trd, 8639134.532, 123
Trd, 8639134.882, 116
Trd, 8639135.232, 88
Trd, 8639135.382, 114
Trd, 8639135.832, 74
Trd, 8639136.532, 121
Trd, 8639137.632, 135
Trd, 8639138.332, 85
Trd, 8639138.482, 134
Trd, 8639139.082, 94
Trd, 8639139.582, 92
Trd, 8639140.032, 139
Trd, 8639140.782, 100
Trd, 8639141.382, 85
Trd, 8639141.632, 74
Trd, 8639141.832, 66
Trd, 8639142.282, 65
Trd, 8639143.032, 69
Trd, 8639143.632, 90
Trd, 8639144.082, 66
Trd, 8639144.632, 100
Trd, 8639145.532, 121
Trd, 8639145.582, 116
Trd, 8639146.282, 90
Trd, 8639146.332, 79
Trd, 8639146.532, 105
Trd, 8639148.182, 79
Trd, 8639148.832, 118
Trd, 8639148.882, 115
Trd, 8639149.282, 104
Trd, 8639149.332, 78
Trd, 8639151.032, 123
Trd, 8639152.132, 140
Trd, 8639152.632, 136
Trd, 8639152.932, 136
Trd, 8639153.132, 117
Trd, 8639153.182, 92
Trd, 8639154.132, 113
Trd, 8639155.332, 139
Trd, 8639157.232, 140
Trd, 8639158.032, 131
Trd, 8639158.632, 124
Trd, 8639160.182, 138
Trd, 8639160.282, 129
Trd, 8639160.332, 123
Trd, 8639160.582, 122
Trd, 8639160.832, 99
Trd, 8639161.382, 121
Trd, 8639163.482, 110
Trd, 8639163.532, 106
Trd, 8639163.932, 119
Trd, 8639164.132, 90
Trd, 8639165.532, 103
Trd, 8639168.182, 134
Trd, 8639168.632, 116
Trd, 8639168.882, 119
Trd, 8639169.332, 81
Trd, 8639170.732, 89
Trd, 8639171.832, 71
Trd, 8639172.132, 77
Trd, 8639172.482, 87
Trd, 8639173.832, 124
Trd, 8639174.832, 85
Trd, 8639175.282, 82
Trd, 8639175.382, 88
Trd, 8639175.932, 101
Trd, 8639177.482, 73
Trd, 8639178.232, 89
Trd, 8639179.482, 97
Trd, 8639179.632, 138
Trd, 8639179.832, 117
Trd, 8639181.482, 128
Trd, 8639181.782, 123
Trd, 8639181.982, 116
Trd, 8639182.632, 124
Trd, 8639183.082, 101
Trd, 8639183.182, 135
Trd, 8639183.882, 124
Trd, 8639183.932, 84
Trd, 8639186.432, 124
Trd, 8639186.682, 123
Trd, 8639186.832, 116
Trd, 8639187.182, 91
Trd, 8639187.382, 118
Trd, 8639187.632, 84
Trd, 8639188.682, 139
Trd, 8639189.882, 117
Trd, 8639190.182, 126
Trd, 8639190.932, 96
Trd, 8639192.432, 111
Trd, 8639192.732, 66
Trd, 8639192.782, 99
Trd, 8639193.282, 80
Trd, 8639193.932, 61
Trd, 8639194.232, 72
Trd, 8639195.632, 65
Trd, 8639196.882, 79
Trd, 8639197.082, 88
Trd, 8639197.482, 97
Trd, 8639198.632, 121
Trd, 8639198.882, 91
Trd, 8639199.182, 113
Trd, 8639200.282, 133
Trd, 8639201.182, 115
Trd, 8639201.282, 115
Trd, 8639201.682, 68
Trd, 8639203.232, 65
Trd, 8639203.532, 76
Trd, 8639203.632, 100
Trd, 8639203.682, 74
Trd, 8639206.732, 116
Trd, 8639207.082, 121
Trd, 8639207.582, 127
Trd, 8639207.632, 127
Trd, 8639207.982, 94
Trd, 8639208.032, 101
Trd, 8639209.082, 125
Trd, 8639209.532, 81
Trd, 8639210.282, 87
Trd, 8639210.682, 109
Trd, 8639211.432, 86
Trd, 8639211.532, 94
Trd, 8639212.732, 110
Trd, 8639212.982, 84
Trd, 8639213.232, 63
Trd, 8639213.982, 127
Trd, 8639215.282, 90
Trd, 8639216.082, 119
Trd, 8639216.582, 106
Trd, 8639217.732, 90
Trd, 8639217.982, 114
Trd, 8639218.232, 134
Trd, 8639219.282, 62
Trd, 8639219.732, 89
Trd, 8639220.782, 110
Trd, 8639221.932, 103
Trd, 8639222.032, 102
Trd, 8639222.632, 67
Trd, 8639223.482, 70
Trd, 8639224.132, 79
Trd, 8639224.882, 111
Trd, 8639225.732, 136
Trd, 8639225.832, 108
Trd, 8639225.882, 94
Trd, 8639226.532, 99
Trd, 8639227.582, 90
Trd, 8639228.682, 88
Trd, 8639229.632, 136
Trd, 8639229.932, 126
Trd, 8639230.082, 124
Trd, 8639230.982, 72
Trd, 8639231.282, 118
Trd, 8639231.732, 70
Trd, 8639232.482, 72
Trd, 8639232.682, 117
Trd, 8639232.932, 72
Trd, 8639233.982, 101
Trd, 8639234.282, 64
Trd, 8639234.682, 72
Trd, 8639236.182, 136
Trd, 8639236.582, 125
Trd, 8639237.982, 66
Trd, 8639238.532, 110
Trd, 8639239.382, 89
Trd, 8639240.182, 83
Trd, 8639240.582, 79
Trd, 8639241.182, 123
Trd, 8639242.082, 140
Trd, 8639242.332, 117
Trd, 8639242.932, 136
Trd, 8639243.482, 124
Trd, 8639243.732, 118
Trd, 8639245.232, 122
Trd, 8639246.182, 103
Trd, 8639246.482, 104
Trd, 8639246.932, 99
Trd, 8639247.982, 79
Trd, 8639248.682, 127
Trd, 8639249.782, 139
Trd, 8639250.082, 137
Trd, 8639250.282, 131
Trd, 8639250.932, 116
Trd, 8639251.282, 64
Trd, 8639251.682, 115
Trd, 8639253.232, 90
Trd, 8639253.882, 111
Trd, 8639254.382, 100
Trd, 8639255.182, 88
Trd, 8639255.232, 116
Trd, 8639256.332, 89
Trd, 8639256.882, 91
Trd, 8639258.132, 126
Trd, 8639258.182, 102
Trd, 8639258.932, 139
Trd, 8639259.182, 127
Trd, 8639259.782, 73
Trd, 8639261.032, 131
Trd, 8639261.332, 134
Trd, 8639262.482, 125
Trd, 8639262.732, 133
Trd, 8639263.382, 113
Trd, 8639264.032, 133
Trd, 8639264.782, 122
Trd, 8639266.682, 110
Trd, 8639266.882, 114
Trd, 8639267.532, 109
Trd, 8639268.082, 94
Trd, 8639269.432, 92
Trd, 8639269.732, 87
Trd, 8639270.232, 70
Trd, 8639271.632, 138
Trd, 8639271.882, 127
Trd, 8639272.732, 69
Trd, 8639273.982, 139
Trd, 8639274.532, 136
Trd, 8639274.732, 128
Trd, 8639274.882, 104
Trd, 8639275.182, 116
Trd, 8639276.332, 136
Trd, 8639276.482, 117
Trd, 8639277.632, 127
Trd, 8639278.432, 105
Trd, 8639278.682, 109
Trd, 8639278.932, 104
Trd, 8639279.282, 99
Trd, 8639279.582, 133
Trd, 8639279.632, 125
Trd, 8639281.282, 111
Trd, 8639281.532, 90
Trd, 8639282.982, 139
Trd, 8639283.582, 137
Trd, 8639284.132, 134
Trd, 8639284.382, 122
Trd, 8639285.582, 135
Trd, 8639287.182, 135
Trd, 8639287.432, 130
Trd, 8639287.732, 123
Trd, 8639287.832, 109
Trd, 8639288.782, 71
Trd, 8639289.182, 107
Trd, 8639289.782, 126
Trd, 8639289.832, 102
Trd, 8639290.932, 114
Trd, 8639291.732, 89
Trd, 8639292.232, 129
Trd, 8639293.082, 137
Trd, 8639293.782, 64
Trd, 8639294.932, 87
Trd, 8639295.682, 100
Trd, 8639296.332, 109
Trd, 8639296.932, 118
Trd, 8639296.982, 90
Trd, 8639297.382, 115
Trd, 8639297.632, 110
Trd, 8639298.182, 135
Trd, 8639299.232, 89
Trd, 8639299.382, 119
Trd, 8639300.082, 123
Trd, 8639300.232, 88
Trd, 8639300.932, 95
Trd, 8639301.232, 60
Trd, 8639302.382, 83
Trd, 8639305.882, 81
Trd, 8639306.082, 88
Trd, 8639306.482, 89
Trd, 8639306.582, 99
Trd, 8639306.732, 112
Trd, 8639307.682, 121
Trd, 8639308.882, 84
Trd, 8639309.132, 90
Trd, 8639309.682, 108
Trd, 8639310.582, 76
Trd, 8639311.082, 75
Trd, 8639311.632, 80
Trd, 8639311.932, 132
Trd, 8639312.332, 109
Trd, 8639313.582, 74
Trd, 8639313.782, 79
Trd, 8639314.432, 120
Trd, 8639314.782, 106
Trd, 8639315.132, 92
Trd, 8639315.832, 101
Trd, 8639316.882, 94
Trd, 8639317.382, 94
Trd, 8639318.132, 123
Trd, 8639318.832, 139
Trd, 8639319.082, 132
Trd, 8639319.182, 115
Trd, 8639320.082, 68
Trd, 8639320.382, 117
Trd, 8639321.132, 96
Trd, 8639321.732, 107
Trd, 8639322.932, 122
Trd, 8639323.032, 95
Trd, 8639324.232, 110
Trd, 8639324.332, 66
Trd, 8639326.432, 119
Trd, 8639326.532, 131
Trd, 8639326.732, 93
Trd, 8639327.032, 125
Trd, 8639327.532, 123
Trd, 8639328.032, 68
Trd, 8639328.082, 92
Trd, 8639330.632, 127
Trd, 8639331.132, 119
Trd, 8639331.482, 138
Trd, 8639333.432, 124
Trd, 8639333.682, 111
Trd, 8639333.932, 106
Trd, 8639334.632, 104
Trd, 8639334.882, 83
Trd, 8639336.382, 81
Trd, 8639336.482, 109
Trd, 8639337.382, 107
Trd, 8639337.832, 98
Trd, 8639338.482, 139
Trd, 8639339.782, 138
Trd, 8639340.632, 122
Trd, 8639340.782, 115
Trd, 8639341.682, 134
Trd, 8639342.432, 127
Trd, 8639342.782, 125
Trd, 8639342.982, 122
Trd, 8639343.532, 115
Trd, 8639344.982, 106
Trd, 8639345.282, 111
Trd, 8639346.882, 73
Trd, 8639346.932, 70
Trd, 8639347.282, 118
Trd, 8639347.532, 114
Trd, 8639348.132, 119
Trd, 8639349.332, 86
Trd, 8639350.582, 73
Trd, 8639351.632, 140
Trd, 8639352.232, 80
Trd, 8639352.932, 103
Trd, 8639353.282, 110
Trd, 8639353.432, 101
Trd, 8639354.832, 82
Trd, 8639355.782, 61
Trd, 8639356.182, 85
Trd, 8639356.432, 108
Trd, 8639357.382, 97
Trd, 8639358.632, 126
Trd, 8639359.032, 118
Trd, 8639359.732, 82
Trd, 8639359.782, 80
Trd, 8639360.432, 105
Trd, 8639360.932, 109
Trd, 8639361.332, 93
Trd, 8639361.982, 74
Trd, 8639362.382, 102
Trd, 8639362.532, 99
Trd, 8639363.632, 124
Trd, 8639364.732, 71
Trd, 8639364.882, 129
Trd, 8639365.932, 95
Trd, 8639366.982, 69
Trd, 8639367.182, 77
Trd, 8639367.882, 113
Trd, 8639368.432, 81
Trd, 8639369.682, 118
Trd, 8639370.182, 83
Trd, 8639371.632, 82
Trd, 8639372.032, 139
Trd, 8639372.582, 77
Trd, 8639373.232, 100
Trd, 8639373.982, 99
Trd, 8639374.382, 117
Trd, 8639375.282, 133
Trd, 8639375.532, 129
Trd, 8639375.932, 128
Trd, 8639376.732, 140
Trd, 8639377.432, 133
Trd, 8639378.682, 108
Trd, 8639379.032, 123
Trd, 8639379.532, 96
Trd, 8639381.632, 65
Trd, 8639381.732, 80
Trd, 8639382.582, 74
Trd, 8639382.632, 99
Trd, 8639383.132, 68
Trd, 8639384.132, 116
Trd, 8639384.532, 99
Trd, 8639384.632, 86
Trd, 8639385.682, 127
Trd, 8639386.632, 133
Trd, 8639387.282, 122
Trd, 8639387.382, 116
Trd, 8639387.482, 107
Trd, 8639388.182, 98
Trd, 8639388.982, 122
Trd, 8639390.582, 132
Trd, 8639391.532, 129
Trd, 8639391.782, 121
Trd, 8639393.232, 119
Trd, 8639394.532, 97
Trd, 8639394.782, 127
Trd, 8639395.282, 109
Trd, 8639395.882, 107
Trd, 8639396.782, 108
Trd, 8639397.132, 120
Trd, 8639398.382, 86
Trd, 8639399.682, 122
Trd, 8639399.832, 115
Trd, 8639400.282, 127
Trd, 8639401.132, 78
Trd, 8639401.682, 74
Trd, 8639401.732, 113
Trd, 8639402.182, 74
Trd, 8639402.332, 103
Trd, 8639402.532, 125
Trd, 8639403.982, 70
Trd, 8639405.382, 132
Trd, 8639406.132, 136
Trd, 8639406.232, 116
Trd, 8639406.432, 106
Trd, 8639407.082, 104
Trd, 8639407.932, 117
Trd, 8639408.082, 105
Trd, 8639408.932, 104
Trd, 8639409.082, 106
Trd, 8639409.832, 76
Trd, 8639410.082, 114
Trd, 8639410.632, 77
Trd, 8639412.332, 71
Trd, 8639413.982, 79
Trd, 8639414.332, 102
Trd, 8639414.582, 76
Trd, 8639415.582, 133
Trd, 8639415.682, 94
Trd, 8639415.732, 98
Trd, 8639416.632, 82
Trd, 8639417.082, 97
Trd, 8639418.232, 99
Trd, 8639419.032, 108
Trd, 8639419.632, 104
Trd, 8639420.082, 105
Trd, 8639421.632, 73
Trd, 8639422.132, 70
Trd, 8639423.032, 128
Trd, 8639423.232, 111
Trd, 8639424.132, 82
Trd, 8639424.182, 97
Trd, 8639425.432, 133
Trd, 8639425.482, 126
Trd, 8639427.132, 86
Trd, 8639427.582, 83
Trd, 8639428.132, 139
Trd, 8639428.932, 84
Trd, 8639429.082, 123
Trd, 8639430.032, 100
Trd, 8639430.382, 113
Trd, 8639431.982, 60
Trd, 8639432.182, 60
Trd, 8639432.832, 101
Trd, 8639433.532, 93
Trd, 8639433.782, 79
Trd, 8639433.882, 107
Trd, 8639434.832, 61
Trd, 8639434.882, 61
Trd, 8639435.582, 105
Trd, 8639436.632, 120
Trd, 8639436.932, 132
Trd, 8639438.282, 95
Trd, 8639439.032, 110
Trd, 8639439.982, 117
Trd, 8639440.182, 103
Trd, 8639440.482, 82
Trd, 8639440.982, 84
Trd, 8639442.882, 62
Trd, 8639443.132, 97
Trd, 8639443.982, 69
Trd, 8639444.482, 103
Trd, 8639446.032, 93
Trd, 8639446.232, 95
Trd, 8639446.532, 96
Trd, 8639446.932, 91
Trd, 8639447.732, 81
Trd, 8639448.232, 119
Trd, 8639448.882, 77
Trd, 8639449.582, 98
Trd, 8639451.532, 96
Trd, 8639451.682, 103
Trd, 8639452.082, 105
Trd, 8639453.882, 129
Trd, 8639453.932, 122
Trd, 8639454.182, 106
Trd, 8639454.882, 91
Trd, 8639455.332, 119
Trd, 8639456.732, 75
Trd, 8639456.932, 62
Trd, 8639457.082, 95
Trd, 8639458.032, 65
Trd, 8639459.382, 135
Trd, 8639459.782, 128
Trd, 8639460.232, 112
Trd, 8639460.532, 93
Trd, 8639461.082, 95
Trd, 8639461.432, 91
Trd, 8639461.632, 105
Trd, 8639461.732, 109
Trd, 8639463.432, 69
Trd, 8639464.132, 102
Trd, 8639464.532, 109
Trd, 8639464.682, 66
Trd, 8639465.632, 73
Trd, 8639466.182, 79
Trd, 8639466.682, 90
Trd, 8639468.032, 89
Trd, 8639468.082, 78
Trd, 8639468.232, 84
Trd, 8639469.532, 138
Trd, 8639469.632, 134
Trd, 8639470.332, 134
Trd, 8639472.082, 126
Trd, 8639472.232, 118
Trd, 8639473.432, 118
Trd, 8639473.582, 114
Trd, 8639474.782, 112
Trd, 8639475.932, 82
Trd, 8639476.132, 129
Trd, 8639477.282, 89
Trd, 8639477.432, 78
Trd, 8639478.932, 124
Trd, 8639479.932, 114
Trd, 8639480.832, 136
Trd, 8639481.732, 134
Trd, 8639481.832, 123
Trd, 8639482.282, 114
Trd, 8639482.532, 66
Trd, 8639484.282, 121
Trd, 8639485.132, 121
Trd, 8639485.582, 117
Trd, 8639486.082, 80
Trd, 8639486.582, 97
Trd, 8639486.632, 100
Trd, 8639487.682, 125
Trd, 8639488.632, 130
Trd, 8639488.932, 125
Trd, 8639489.532, 127
Trd, 8639489.982, 122
Trd, 8639490.782, 103
Trd, 8639491.832, 113
Trd, 8639492.182, 94
Trd, 8639493.132, 138
Trd, 8639494.932, 128
Trd, 8639495.432, 116
Trd, 8639496.032, 122
Trd, 8639497.332, 134
Trd, 8639497.832, 133
Trd, 8639498.032, 133
Trd, 8639498.382, 92
Trd, 8639498.482, 99
Trd, 8639499.482, 123
Trd, 8639499.782, 113
Trd, 8639500.982, 105
Trd, 8639501.382, 97
Trd, 8639501.832, 89
Trd, 8639503.232, 84
Trd, 8639503.282, 89
Trd, 8639504.582, 120
Trd, 8639505.232, 139
Trd, 8639505.482, 131
Trd, 8639506.232, 125
Trd, 8639507.332, 129
Trd, 8639507.532, 129
Trd, 8639508.082, 97
Trd, 8639508.732, 102
Trd, 8639510.032, 133
Trd, 8639510.532, 132
Trd, 8639510.682, 125
Trd, 8639511.032, 92
Trd, 8639512.232, 91
Trd, 8639514.582, 129
Trd, 8639514.632, 126
Trd, 8639514.732, 122
Trd, 8639515.782, 135
Trd, 8639516.682, 104
Trd, 8639516.982, 135
Trd, 8639517.482, 93
Trd, 8639518.682, 129
Trd, 8639519.682, 127
Trd, 8639519.882, 117
Trd, 8639520.732, 137
Trd, 8639521.332, 86
Trd, 8639521.582, 136
Trd, 8639521.682, 102
Trd, 8639522.182, 123
Trd, 8639522.232, 80
Trd, 8639523.982, 92
Trd, 8639524.682, 98
Trd, 8639525.082, 73
Trd, 8639525.232, 74
Trd, 8639528.082, 132
Trd, 8639528.532, 135
Trd, 8639529.132, 117
Trd, 8639529.832, 115
Trd, 8639530.732, 122
Trd, 8639531.232, 99
Trd, 8639531.632, 83
Trd, 8639532.182, 63
Trd, 8639532.332, 110
Trd, 8639533.982, 75
Trd, 8639534.582, 93
Trd, 8639535.482, 62
Trd, 8639537.132, 61
Trd, 8639537.382, 69
Trd, 8639537.832, 68
Trd, 8639538.032, 108
Trd, 8639538.482, 105
Trd, 8639538.932, 64
Trd, 8639539.682, 75
Trd, 8639541.332, 77
Trd, 8639542.182, 131
Trd, 8639542.832, 135
Trd, 8639543.082, 90
Trd, 8639543.432, 76
Trd, 8639544.032, 132
Trd, 8639545.482, 95
Trd, 8639545.882, 112
Trd, 8639546.432, 109
Trd, 8639546.582, 109
Trd, 8639546.632, 115
Trd, 8639546.782, 108
Trd, 8639548.382, 108
Trd, 8639548.732, 103
Trd, 8639548.782, 109
Trd, 8639550.282, 103
Trd, 8639550.432, 106
Trd, 8639550.732, 95
Trd, 8639551.732, 96
Trd, 8639552.232, 135
Trd, 8639552.632, 78
Trd, 8639553.482, 95
Trd, 8639554.932, 105
Trd, 8639554.982, 125
Trd, 8639555.182, 99
Trd, 8639555.932, 88
Trd, 8639558.132, 78
Trd, 8639558.632, 73
Trd, 8639558.882, 89
Trd, 8639560.232, 112
Trd, 8639560.382, 111
Trd, 8639560.682, 124
Trd, 8639561.782, 116
Trd, 8639562.882, 121
Trd, 8639563.332, 123
Trd, 8639564.682, 133
Trd, 8639565.582, 116
Trd, 8639566.832, 121
Trd, 8639567.182, 106
Trd, 8639567.632, 126
Trd, 8639569.482, 66
Trd, 8639569.832, 89
Trd, 8639570.482, 87
Trd, 8639571.232, 95
Trd, 8639572.082, 84
Trd, 8639572.132, 77
Trd, 8639573.832, 85
Trd, 8639573.982, 122
Trd, 8639574.782, 103
Trd, 8639574.832, 125
Trd, 8639575.532, 99
Trd, 8639576.732, 120
Trd, 8639577.232, 120
Trd, 8639577.882, 115
Trd, 8639579.132, 73
Trd, 8639580.082, 124
Trd, 8639580.432, 134
Trd, 8639581.032, 133
Trd, 8639581.132, 120
Trd, 8639581.682, 114
Trd, 8639581.982, 82
Trd, 8639583.082, 79
Trd, 8639583.282, 120
Trd, 8639583.532, 79
Trd, 8639584.082, 100
Trd, 8639586.082, 131
Trd, 8639586.682, 98
Trd, 8639586.932, 91
Trd, 8639587.782, 91
Trd, 8639588.032, 93
Trd, 8639588.082, 110
Trd, 8639588.482, 83
Trd, 8639589.082, 122
Trd, 8639589.332, 82
Trd, 8639590.332, 98
Trd, 8639592.282, 113
Trd, 8639592.532, 110
Trd, 8639593.282, 105
Trd, 8639593.532, 102
Trd, 8639594.282, 105
Trd, 8639595.382, 111
Trd, 8639596.982, 132
Trd, 8639597.582, 109
Trd, 8639597.632, 121
Trd, 8639597.732, 133
Trd, 8639597.982, 128
Trd, 8639599.032, 129
Trd, 8639599.732, 103
Trd, 8639600.482, 131
Trd, 8639601.332, 118
Trd, 8639601.482, 131
Trd, 8639602.132, 127
Trd, 8639603.832, 121
Trd, 8639604.682, 121
Trd, 8639604.932, 128
Trd, 8639604.982, 117
Trd, 8639605.582, 139
Trd, 8639606.232, 130
Trd, 8639606.482, 98
Trd, 8639606.732, 96
Trd, 8639607.482, 86
Trd, 8639608.382, 96
Trd, 8639609.032, 114
Trd, 8639609.882, 92
Trd, 8639610.132, 113
Trd, 8639611.532, 137
Trd, 8639612.332, 140
Trd, 8639612.732, 77
Trd, 8639613.082, 83
Trd, 8639613.982, 114
Trd, 8639614.382, 110
Trd, 8639614.582, 114
Trd, 8639616.032, 126
Trd, 8639617.232, 133
Trd, 8639617.782, 119
Trd, 8639618.032, 138
Trd, 8639618.382, 112
Trd, 8639619.132, 81
Trd, 8639619.282, 68
Trd, 8639619.832, 61
Trd, 8639619.932, 66
Trd, 8639621.732, 135
Trd, 8639622.032, 131
Trd, 8639623.582, 137
Trd, 8639623.682, 111
Trd, 8639623.732, 81
Trd, 8639624.932, 136
Trd, 8639625.582, 125
Trd, 8639625.782, 100
Trd, 8639626.232, 66
Trd, 8639626.582, 95
Trd, 8639628.232, 128
Trd, 8639630.232, 89
Trd, 8639631.082, 124
Trd, 8639631.132, 117
Trd, 8639631.382, 88
Trd, 8639632.182, 88
Trd, 8639632.682, 111
Trd, 8639633.332, 134
Trd, 8639634.682, 130
Trd, 8639635.132, 113
Trd, 8639636.282, 109
Trd, 8639636.632, 71
Trd, 8639637.332, 104
Trd, 8639637.832, 111
Trd, 8639638.082, 116
Trd, 8639638.382, 123
Trd, 8639638.632, 97
Trd, 8639639.282, 117
Trd, 8639640.732, 95
Trd, 8639641.732, 124
Trd, 8639641.782, 106
Trd, 8639642.232, 124
Trd, 8639642.282, 96
Trd, 8639643.182, 74
Trd, 8639643.982, 118
Trd, 8639644.782, 66
Trd, 8639645.582, 111
Trd, 8639646.482, 99
Trd, 8639646.782, 60
Trd, 8639647.332, 67
Trd, 8639647.482, 103
Trd, 8639647.882, 132
Trd, 8639647.932, 116
Trd, 8639649.432, 110
Trd, 8639649.532, 107
Trd, 8639649.982, 100
Trd, 8639650.432, 109
Trd, 8639650.682, 97
Trd, 8639651.332, 130
Trd, 8639651.582, 120
Trd, 8639652.232, 139
Trd, 8639652.482, 89
Trd, 8639654.882, 105
Trd, 8639655.782, 101
Trd, 8639656.032, 103
Trd, 8639656.882, 126
Trd, 8639657.032, 113
Trd, 8639657.832, 90
Trd, 8639659.132, 87
Trd, 8639659.682, 73
Trd, 8639660.232, 90
Trd, 8639661.132, 78
Trd, 8639661.232, 87
Trd, 8639661.782, 67
Trd, 8639661.932, 94
Trd, 8639664.082, 123
Trd, 8639664.532, 94
Trd, 8639665.082, 127
Trd, 8639665.582, 106
Trd, 8639666.532, 110
Trd, 8639666.882, 103
Trd, 8639667.182, 104
Trd, 8639667.832, 84
Trd, 8639668.782, 75
Trd, 8639669.382, 116
Trd, 8639669.732, 92
Trd, 8639670.682, 78
Trd, 8639670.832, 72
Trd, 8639670.882, 85
Trd, 8639672.632, 117
Trd, 8639672.782, 127
Trd, 8639672.982, 102
Trd, 8639673.582, 126
Trd, 8639674.582, 121
Trd, 8639674.632, 115
Trd, 8639675.032, 96
Trd, 8639675.932, 109
Trd, 8639676.682, 124
Trd, 8639677.282, 109
Trd, 8639678.432, 88
Trd, 8639679.132, 99
Trd, 8639679.882, 62
Trd, 8639680.632, 60
Trd, 8639680.732, 101
Trd, 8639682.632, 104
Trd, 8639682.932, 134
Trd, 8639683.432, 92
Trd, 8639683.982, 110
Trd, 8639684.082, 91
Trd, 8639684.632, 104
Trd, 8639685.782, 134
Trd, 8639686.132, 98
Trd, 8639686.332, 107
Trd, 8639686.532, 89
Trd, 8639687.632, 139
Trd, 8639687.682, 110
Trd, 8639689.632, 78
Trd, 8639690.482, 85
Trd, 8639691.332, 137
Trd, 8639691.782, 130
Trd, 8639692.432, 115
Trd, 8639693.682, 112
Trd, 8639693.782, 137
Trd, 8639694.032, 85
Trd, 8639694.532, 102
Trd, 8639694.732, 94
Trd, 8639697.682, 138
Trd, 8639697.882, 130
Trd, 8639698.382, 117
Trd, 8639698.782, 103
Trd, 8639699.132, 138
Trd, 8639699.332, 131
Trd, 8639700.082, 132
Trd, 8639700.282, 124
Trd, 8639701.382, 120
Trd, 8639701.782, 97
Trd, 8639702.532, 127
Trd, 8639703.032, 79
Trd, 8639703.532, 112
Trd, 8639704.232, 108
Trd, 8639705.532, 127
Trd, 8639705.732, 123
Trd, 8639706.682, 125
Trd, 8639706.782, 98
Trd, 8639707.182, 135
Trd, 8639708.232, 134
Trd, 8639708.432, 131
Trd, 8639708.782, 128
Trd, 8639709.532, 87
Trd, 8639710.132, 82
Trd, 8639710.982, 117
Trd, 8639712.682, 130
Trd, 8639713.082, 127
Trd, 8639713.282, 75
Trd, 8639714.432, 129
Trd, 8639716.082, 140
Trd, 8639717.282, 140
Trd, 8639717.632, 128
Trd, 8639717.782, 124
Trd, 8639718.032, 110
Trd, 8639718.982, 136
Trd, 8639720.432, 123
Trd, 8639720.732, 80
Trd, 8639721.282, 123
Trd, 8639721.382, 109
Trd, 8639721.732, 120
Trd, 8639722.332, 98
Trd, 8639724.182, 95
Trd, 8639724.932, 95
Trd, 8639726.182, 129
Trd, 8639726.332, 101
Trd, 8639727.282, 103
Trd, 8639727.382, 90
Trd, 8639727.682, 88
Trd, 8639728.582, 69
Trd, 8639728.632, 88
Trd, 8639729.132, 71
Trd, 8639729.682, 103
Trd, 8639730.332, 85
Trd, 8639731.732, 84
Trd, 8639733.182, 69
Trd, 8639733.432, 70
Trd, 8639733.732, 71
Trd, 8639734.482, 125
Trd, 8639734.732, 68
Trd, 8639735.032, 138
Trd, 8639736.832, 73
Trd, 8639737.732, 63
Trd, 8639738.532, 100
Trd, 8639738.632, 88
Trd, 8639738.832, 114
Trd, 8639739.382, 89
Trd, 8639740.682, 103
Trd, 8639741.232, 87
Trd, 8639742.082, 74
Trd, 8639742.482, 109
Trd, 8639743.482, 90
Trd, 8639743.632, 75
Trd, 8639743.882, 129
Trd, 8639744.232, 74
Trd, 8639745.032, 98
Trd, 8639745.382, 128
Trd, 8639746.832, 87
Trd, 8639747.132, 67
Trd, 8639747.382, 78
Trd, 8639747.932, 95
Trd, 8639748.532, 79
Trd, 8639748.982, 67
Trd, 8639749.332, 139
Trd, 8639749.982, 113
Trd, 8639751.032, 116
Trd, 8639751.382, 75
Trd, 8639752.182, 124
Trd, 8639752.482, 108
Trd, 8639753.032, 94
Trd, 8639753.282, 82
Trd, 8639754.232, 104
Trd, 8639754.882, 73
Trd, 8639755.732, 91
Trd, 8639756.382, 104
Trd, 8639756.632, 97
Trd, 8639757.082, 87
Trd, 8639757.732, 133
Trd, 8639757.932, 93
Trd, 8639758.232, 87
Trd, 8639760.982, 109
Trd, 8639761.082, 89
Trd, 8639762.132, 129
Trd, 8639762.682, 91
Trd, 8639762.982, 122
Trd, 8639763.132, 96
Trd, 8639763.882, 87
Trd, 8639764.132, 100
Trd, 8639764.382, 119
Trd, 8639764.582, 117
Trd, 8639764.782, 128
Trd, 8639764.882, 117
Trd, 8639765.882, 139
Trd, 8639766.682, 108
Trd, 8639766.932, 100
Trd, 8639767.732, 92
Trd, 8639768.832, 127
Trd, 8639769.482, 136
Trd, 8639769.832, 79
Trd, 8639771.632, 136
Trd, 8639773.082, 98
Trd, 8639773.332, 106
Trd, 8639773.482, 113
Trd, 8639774.082, 127
Trd, 8639774.882, 103
Trd, 8639775.582, 99
Trd, 8639776.132, 95
Trd, 8639777.082, 96
Trd, 8639777.332, 105
Trd, 8639777.732, 84
Trd, 8639779.082, 114
Trd, 8639779.732, 84
Trd, 8639779.932, 65
Trd, 8639780.232, 126
Trd, 8639782.932, 112
Trd, 8639783.182, 102
Trd, 8639783.632, 97
Trd, 8639784.482, 116
Trd, 8639785.332, 76
Trd, 8639787.232, 85
Trd, 8639787.332, 92
Trd, 8639787.882, 77
Trd, 8639788.532, 97
Trd, 8639788.782, 74
Trd, 8639789.082, 89
Trd, 8639789.882, 115
Trd, 8639790.782, 80
Trd, 8639790.832, 93
Trd, 8639791.132, 125
Trd, 8639791.182, 129
Trd, 8639792.132, 95
Trd, 8639792.632, 130
Trd, 8639793.382, 138
Trd, 8639795.232, 129
Trd, 8639796.282, 138
Trd, 8639796.382, 117
Trd, 8639797.432, 80
Trd, 8639797.532, 88
Trd, 8639798.532, 92
Trd, 8639799.032, 125
Trd, 8639799.582, 122
Trd, 8639800.032, 136
Trd, 8639801.632, 94
Trd, 8639802.432, 97
Trd, 8639802.832, 85
Trd, 8639803.582, 108
Trd, 8639803.732, 105
Trd, 8639804.382, 103
Trd, 8639806.132, 127
Trd, 8639806.232, 104
Trd, 8639806.332, 131
Trd, 8639807.782, 115
Trd, 8639807.882, 108
Trd, 8639807.932, 101
Trd, 8639808.882, 134
Trd, 8639809.582, 122
Trd, 8639809.982, 117
Trd, 8639810.982, 114
Trd, 8639811.582, 102
Trd, 8639812.082, 102
Trd, 8639812.532, 86
Trd, 8639813.532, 83
Trd, 8639814.332, 105
Trd, 8639814.632, 99
Trd, 8639814.682, 97
Trd, 8639815.832, 81
Trd, 8639816.632, 111
Trd, 8639818.082, 132
Trd, 8639818.182, 107
Trd, 8639818.932, 114
Trd, 8639819.232, 92
Trd, 8639819.582, 106
Trd, 8639819.732, 66
Trd, 8639820.832, 128
Trd, 8639822.082, 118
Trd, 8639822.382, 114
Trd, 8639822.932, 104
Trd, 8639823.732, 113
Trd, 8639823.932, 91
Trd, 8639824.632, 124
Trd, 8639824.932, 112
Trd, 8639825.032, 117
Trd, 8639826.032, 64
Trd, 8639826.582, 140
Trd, 8639828.982, 94
Trd, 8639829.832, 102
Trd, 8639830.232, 72
Trd, 8639830.582, 61
Trd, 8639831.082, 122
Trd, 8639831.982, 107
Trd, 8639833.532, 110
Trd, 8639834.332, 120
Trd, 8639834.432, 105
Trd, 8639834.882, 126
Trd, 8639834.932, 82
Trd, 8639835.732, 75
Trd, 8639836.482, 61
Trd, 8639836.682, 110
Trd, 8639837.032, 136
Trd, 8639838.732, 95
Trd, 8639839.782, 123
Trd, 8639841.482, 128
Trd, 8639842.132, 63
Trd, 8639842.232, 127
Trd, 8639842.982, 89
Trd, 8639843.532, 64
Trd, 8639843.982, 116
Trd, 8639844.582, 105
Trd, 8639844.832, 108
Trd, 8639845.382, 100
Trd, 8639845.532, 112
Trd, 8639847.332, 118
Trd, 8639847.632, 78
Trd, 8639848.882, 63
Trd, 8639849.232, 89
Trd, 8639849.432, 61
Trd, 8639850.582, 129
Trd, 8639850.682, 127
Trd, 8639850.732, 84
Trd, 8639853.132, 126
Trd, 8639853.382, 128
Trd, 8639853.982, 122
Trd, 8639854.332, 115
Trd, 8639855.632, 130
Trd, 8639857.032, 138
Trd, 8639857.382, 131
Trd, 8639857.882, 131
Trd, 8639858.082, 129
Trd, 8639858.382, 132
Trd, 8639858.682, 97
Trd, 8639859.582, 78
Trd, 8639859.982, 97
Trd, 8639860.782, 72
Trd, 8639861.632, 132
Trd, 8639862.932, 139
Trd, 8639863.082, 131
Trd, 8639863.182, 99
Trd, 8639864.882, 125
Trd, 8639865.232, 113
Trd, 8639866.232, 105
Trd, 8639866.832, 118
Trd, 8639867.832, 138
Trd, 8639867.882, 112
Trd, 8639869.282, 140
Trd, 8639869.982, 136
Trd, 8639870.332, 118
Trd, 8639870.832, 101
Trd, 8639871.332, 87
Trd, 8639872.032, 87
Trd, 8639872.432, 105
Trd, 8639872.682, 108
Trd, 8639873.482, 97
Trd, 8639874.932, 119
Trd, 8639875.532, 124
Trd, 8639875.632, 77
Trd, 8639876.332, 87
Trd, 8639876.482, 101
Trd, 8639876.532, 128
Trd, 8639876.832, 127
Trd, 8639878.732, 93
Trd, 8639879.082, 73
Trd, 8639879.582, 126
Trd, 8639879.632, 119
Trd, 8639881.582, 96
Trd, 8639882.532, 137
Trd, 8639882.782, 136
Trd, 8639884.432, 127
Trd, 8639885.032, 133
Trd, 8639885.082, 117
Trd, 8639885.382, 115
Trd, 8639885.532, 115
Trd, 8639886.282, 108
Trd, 8639886.682, 120
Trd, 8639886.832, 126
Trd, 8639887.382, 118
Trd, 8639888.882, 70
Trd, 8639889.032, 132
Trd, 8639890.032, 124
Trd, 8639890.332, 119
Trd, 8639890.582, 116
Trd, 8639891.032, 112
Trd, 8639892.532, 110
Trd, 8639892.782, 104
Trd, 8639893.032, 104
Trd, 8639893.682, 126
Trd, 8639893.782, 110
Trd, 8639894.082, 108
Trd, 8639894.232, 101
Trd, 8639895.182, 116
Trd, 8639895.732, 77
Trd, 8639896.282, 118
Trd, 8639896.382, 107
Trd, 8639896.732, 90
Trd, 8639898.332, 70
Trd, 8639898.732, 103
Trd, 8639900.132, 118
Trd, 8639900.382, 71
Trd, 8639901.132, 130
Trd, 8639902.532, 80
Trd, 8639903.332, 125
Trd, 8639903.482, 136
Trd, 8639903.532, 120
Trd, 8639903.832, 118
Trd, 8639904.832, 135
Trd, 8639905.682, 132
Trd, 8639907.282, 81
Trd, 8639907.932, 93
Trd, 8639909.732, 125
Trd, 8639910.082, 128
Trd, 8639910.332, 117
Trd, 8639911.582, 133
Trd, 8639911.632, 125
Trd, 8639911.982, 112
Trd, 8639912.132, 91
Trd, 8639912.332, 128
Trd, 8639912.432, 87
Trd, 8639913.232, 116
Trd, 8639914.032, 112
Trd, 8639914.782, 94
Trd, 8639915.432, 112
Trd, 8639915.782, 140
Trd, 8639915.982, 98
Trd, 8639916.082, 70
Trd, 8639917.132, 91
Trd, 8639917.982, 83
Trd, 8639918.282, 124
Trd, 8639919.232, 105
Trd, 8639919.632, 64
Trd, 8639920.782, 75
Trd, 8639922.032, 114
Trd, 8639922.982, 95
Trd, 8639924.232, 137
Trd, 8639924.532, 103
Trd, 8639925.432, 91
Trd, 8639925.632, 120
Trd, 8639926.932, 107
Trd, 8639926.982, 81
Trd, 8639927.182, 89
Trd, 8639927.932, 98
Trd, 8639929.032, 88
Trd, 8639930.482, 90
Trd, 8639931.032, 112
Trd, 8639931.832, 135
Trd, 8639932.132, 122
Trd, 8639933.182, 128
Trd, 8639933.582, 132
Trd, 8639934.182, 131
Trd, 8639934.432, 120
Trd, 8639934.932, 103
Trd, 8639935.582, 113
Trd, 8639936.582, 140
Trd, 8639936.982, 89
Trd, 8639937.682, 94
Trd, 8639938.632, 119
Trd, 8639938.782, 88
Trd, 8639938.932, 120
Trd, 8639939.582, 87
Trd, 8639939.982, 89
Trd, 8639941.082, 113
Trd, 8639942.382, 91
Trd, 8639942.832, 90
Trd, 8639943.282, 112
Trd, 8639943.532, 106
Trd, 8639944.082, 87
Trd, 8639947.282, 115
Trd, 8639947.982, 109
Trd, 8639948.782, 92
Trd, 8639948.832, 89
Trd, 8639948.882, 118
Trd, 8639949.982, 77
Trd, 8639950.182, 96
Trd, 8639951.082, 78
Trd, 8639951.332, 76
Trd, 8639952.332, 105
Trd, 8639953.832, 125
Trd, 8639954.732, 140
Trd, 8639955.282, 131
Trd, 8639957.082, 126
Trd, 8639957.532, 116
Trd, 8639957.782, 106
Trd, 8639958.482, 124
Trd, 8639958.832, 123
Trd, 8639958.932, 116
Trd, 8639959.282, 82
Trd, 8639960.232, 72
Trd, 8639960.482, 62
Trd, 8639961.632, 82
Trd, 8639961.782, 89
Trd, 8639962.532, 63
Trd, 8639962.932, 98
Trd, 8639964.082, 98
Trd, 8639964.382, 114
Trd, 8639964.582, 101
Trd, 8639965.632, 132
Trd, 8639967.882, 121
Trd, 8639967.932, 120
Trd, 8639968.332, 116
Trd, 8639968.682, 93
Trd, 8639968.732, 94
Trd, 8639968.932, 63
Trd, 8639969.682, 60
Trd, 8639971.132, 107
Trd, 8639971.282, 122
Trd, 8639971.432, 100
Trd, 8639972.682, 63
Trd, 8639973.732, 83
Trd, 8639974.482, 66
Trd, 8639974.632, 95
Trd, 8639976.782, 122
Trd, 8639976.932, 96
Trd, 8639977.382, 72
Trd, 8639977.632, 85
Trd, 8639979.032, 137
Trd, 8639979.832, 106
Trd, 8639980.482, 104
Trd, 8639981.032, 93
Trd, 8639981.232, 123
Trd, 8639981.882, 100
Trd, 8639982.432, 81
Trd, 8639982.682, 75
Trd, 8639984.132, 108
Trd, 8639984.982, 138
Trd, 8639985.882, 86
Trd, 8639986.182, 95
Trd, 8639986.832, 60
Trd, 8639986.982, 80
Trd, 8639987.882, 79
Trd, 8639988.432, 61
Trd, 8639988.832, 73
Trd, 8639988.982, 106
Trd, 8639990.982, 81
Trd, 8639991.832, 90
Trd, 8639992.082, 69
Trd, 8639992.382, 101
Trd, 8639993.082, 119
Trd, 8639994.132, 99
Trd, 8639994.832, 95
Trd, 8639995.032, 97
Trd, 8639996.082, 73
Trd, 8639996.582, 124
Trd, 8639997.432, 140
Trd, 8639997.582, 131
Trd, 8639997.682, 133
Trd, 8639999.332, 60
Trd, 8639999.532, 87
Trd, 8639999.832, 103
