Trd, 8638178.632, 95
Trd, 8638178.932, 79
Trd, 8638179.132, 140
Trd, 8638179.932, 139
Trd, 8638180.132, 138
Trd, 8638181.382, 139
Trd, 8638182.532, 127
Trd, 8638183.082, 130
Trd, 8638184.882, 63
Trd, 8638185.032, 133
Trd, 8638185.682, 104
Trd, 8638186.032, 116
Trd, 8638186.532, 139
Trd, 8638186.982, 111
Trd, 8638187.632, 94
Trd, 8638188.632, 96
Trd, 8638189.132, 111
Trd, 8638189.682, 125
Trd, 8638190.682, 82
Trd, 8638191.132, 79
Trd, 8638191.432, 61
Trd, 8638191.732, 100
Trd, 8638192.682, 60
Trd, 8638194.932, 60
Trd, 8638196.232, 63
Trd, 8638196.282, 70
Trd, 8638196.332, 89
Trd, 8638196.882, 61
Trd, 8638198.332, 140
Trd, 8638198.382, 140
Trd, 8638198.432, 133
Trd, 8638199.182, 63
Trd, 8638199.732, 60
Trd, 8638200.332, 61
Trd, 8638201.432, 124
Trd, 8638201.632, 118
Trd, 8638202.182, 105
Trd, 8638202.482, 140
Trd, 8638203.582, 93
Trd, 8638203.882, 86
Trd, 8638205.582, 140
Trd, 8638205.782, 98
Trd, 8638206.032, 97
Trd, 8638206.432, 82
Trd, 8638207.332, 140
Trd, 8638207.832, 140
Trd, 8638208.182, 138
Trd, 8638208.832, 140
Trd, 8638208.932, 121
Trd, 8638209.882, 139
Trd, 8638210.032, 116
Trd, 8638210.132, 78
Trd, 8638210.482, 73
Trd, 8638211.482, 139
Trd, 8638212.732, 140
Trd, 8638213.532, 69
Trd, 8638214.332, 62
Trd, 8638214.382, 72
Trd, 8638216.082, 60
Trd, 8638216.282, 77
Trd, 8638216.682, 106
Trd, 8638217.182, 71
Trd, 8638217.982, 61
Trd, 8638218.132, 62
Trd, 8638218.832, 140
Trd, 8638219.432, 139
Trd, 8638219.582, 138
Trd, 8638220.232, 109
Trd, 8638221.432, 97
Trd, 8638221.782, 140
Trd, 8638222.282, 139
Trd, 8638224.932, 140
Trd, 8638225.282, 116
Trd, 8638225.532, 139
Trd, 8638226.382, 137
Trd, 8638226.982, 117
Trd, 8638227.632, 116
Trd, 8638228.232, 140
Trd, 8638229.682, 140
Trd, 8638230.432, 140
Trd, 8638231.282, 140
Trd, 8638231.482, 140
Trd, 8638232.582, 140
Trd, 8638232.882, 140
Trd, 8638233.382, 137
Trd, 8638234.632, 140
Trd, 8638235.632, 140
Trd, 8638235.882, 140
Trd, 8638236.832, 138
Trd, 8638237.382, 118
Trd, 8638237.432, 105
Trd, 8638237.882, 140
Trd, 8638238.882, 122
Trd, 8638240.882, 125
Trd, 8638240.932, 122
Trd, 8638241.982, 140
Trd, 8638242.032, 136
Trd, 8638243.332, 96
Trd, 8638243.632, 73
Trd, 8638243.882, 67
Trd, 8638243.982, 136
Trd, 8638245.682, 83
Trd, 8638247.032, 140
Trd, 8638247.932, 140
Trd, 8638248.332, 138
Trd, 8638248.882, 113
Trd, 8638249.382, 112
Trd, 8638249.632, 115
Trd, 8638250.832, 128
Trd, 8638252.032, 140
Trd, 8638252.382, 139
Trd, 8638253.232, 140
Trd, 8638253.382, 136
Trd, 8638253.832, 116
Trd, 8638254.532, 117
Trd, 8638254.582, 92
Trd, 8638255.182, 138
Trd, 8638257.132, 61
Trd, 8638257.182, 71
Trd, 8638257.832, 65
Trd, 8638258.082, 62
Trd, 8638258.982, 88
Trd, 8638259.982, 71
Trd, 8638260.332, 105
Trd, 8638260.882, 140
Trd, 8638261.332, 104
Trd, 8638262.282, 124
Trd, 8638263.532, 138
Trd, 8638263.732, 113
Trd, 8638264.482, 89
Trd, 8638265.182, 140
Trd, 8638265.732, 140
Trd, 8638267.282, 140
Trd, 8638267.432, 123
Trd, 8638268.382, 74
Trd, 8638268.532, 62
Trd, 8638268.982, 76
Trd, 8638269.482, 140
Trd, 8638270.582, 62
Trd, 8638270.932, 114
Trd, 8638271.882, 140
Trd, 8638272.032, 140
Trd, 8638272.332, 140
Trd, 8638272.982, 136
Trd, 8638273.982, 139
Trd, 8638274.032, 138
Trd, 8638274.632, 104
Trd, 8638274.782, 85
Trd, 8638275.382, 140
Trd, 8638275.832, 133
Trd, 8638277.732, 132
Trd, 8638277.782, 71
Trd, 8638279.332, 110
Trd, 8638279.382, 121
Trd, 8638280.232, 96
Trd, 8638280.482, 94
Trd, 8638280.882, 138
Trd, 8638282.932, 113
Trd, 8638283.382, 112
Trd, 8638284.032, 140
Trd, 8638284.382, 139
Trd, 8638284.582, 140
Trd, 8638284.682, 110
Trd, 8638285.132, 140
Trd, 8638286.182, 108
Trd, 8638287.432, 140
Trd, 8638287.632, 133
Trd, 8638287.982, 132
Trd, 8638288.482, 127
Trd, 8638289.332, 139
Trd, 8638289.432, 91
Trd, 8638290.482, 136
Trd, 8638290.782, 91
Trd, 8638292.082, 139
Trd, 8638292.582, 132
Trd, 8638292.832, 101
Trd, 8638293.032, 101
Trd, 8638294.232, 140
Trd, 8638294.532, 136
Trd, 8638295.032, 113
Trd, 8638295.582, 140
Trd, 8638296.432, 108
Trd, 8638297.532, 77
Trd, 8638297.782, 113
Trd, 8638298.132, 126
Trd, 8638299.232, 61
Trd, 8638299.632, 62
Trd, 8638300.782, 63
Trd, 8638301.082, 110
Trd, 8638301.482, 138
Trd, 8638302.482, 140
Trd, 8638302.832, 140
Trd, 8638303.232, 111
Trd, 8638303.882, 79
Trd, 8638304.132, 138
Trd, 8638304.832, 100
Trd, 8638304.982, 70
Trd, 8638305.132, 108
Trd, 8638307.332, 67
Trd, 8638307.932, 140
Trd, 8638308.532, 64
Trd, 8638309.532, 69
Trd, 8638310.282, 71
Trd, 8638310.832, 67
Trd, 8638311.232, 75
Trd, 8638312.632, 140
Trd, 8638312.882, 140
Trd, 8638313.082, 140
Trd, 8638313.332, 140
Trd, 8638315.182, 136
Trd, 8638315.232, 132
Trd, 8638316.532, 140
Trd, 8638317.832, 139
Trd, 8638317.882, 130
Trd, 8638318.332, 127
Trd, 8638319.082, 111
Trd, 8638319.332, 109
Trd, 8638319.982, 63
Trd, 8638320.982, 140
Trd, 8638321.082, 139
Trd, 8638322.332, 140
Trd, 8638322.532, 69
Trd, 8638323.182, 137
Trd, 8638323.482, 90
Trd, 8638323.632, 123
Trd, 8638324.132, 137
Trd, 8638324.832, 136
Trd, 8638325.182, 121
Trd, 8638325.832, 139
Trd, 8638327.282, 138
Trd, 8638327.732, 124
Trd, 8638328.282, 73
Trd, 8638329.332, 140
Trd, 8638329.832, 118
Trd, 8638330.482, 140
Trd, 8638331.132, 81
Trd, 8638332.232, 102
Trd, 8638332.682, 101
Trd, 8638333.632, 137
Trd, 8638335.032, 140
Trd, 8638335.382, 140
Trd, 8638336.532, 140
Trd, 8638336.832, 138
Trd, 8638338.532, 140
Trd, 8638339.182, 140
Trd, 8638339.732, 140
Trd, 8638339.982, 138
Trd, 8638340.132, 136
Trd, 8638340.932, 124
Trd, 8638341.032, 123
Trd, 8638342.182, 139
Trd, 8638343.832, 139
Trd, 8638343.882, 94
Trd, 8638344.032, 63
Trd, 8638344.482, 81
Trd, 8638346.132, 63
Trd, 8638346.932, 60
Trd, 8638347.482, 64
Trd, 8638347.982, 62
Trd, 8638348.382, 79
Trd, 8638348.932, 140
Trd, 8638349.432, 135
Trd, 8638349.532, 134
Trd, 8638350.032, 140
Trd, 8638351.232, 81
Trd, 8638351.482, 140
Trd, 8638352.532, 61
Trd, 8638352.782, 81
Trd, 8638354.182, 62
Trd, 8638354.882, 64
Trd, 8638355.432, 139
Trd, 8638356.882, 80
Trd, 8638357.882, 140
Trd, 8638358.182, 139
Trd, 8638359.132, 139
Trd, 8638359.232, 121
Trd, 8638360.132, 140
Trd, 8638361.082, 80
Trd, 8638361.232, 67
Trd, 8638361.532, 87
Trd, 8638363.332, 60
Trd, 8638363.382, 62
Trd, 8638363.782, 92
Trd, 8638364.382, 63
Trd, 8638365.482, 75
Trd, 8638366.682, 139
Trd, 8638367.432, 140
Trd, 8638367.932, 140
Trd, 8638368.082, 140
Trd, 8638369.482, 60
Trd, 8638369.682, 65
Trd, 8638370.432, 90
Trd, 8638370.982, 61
Trd, 8638371.282, 63
Trd, 8638372.382, 60
Trd, 8638372.932, 91
Trd, 8638373.832, 140
Trd, 8638374.582, 84
Trd, 8638374.832, 82
Trd, 8638375.482, 139
Trd, 8638376.632, 90
Trd, 8638377.682, 88
Trd, 8638378.232, 140
Trd, 8638378.932, 140
Trd, 8638379.682, 127
Trd, 8638380.532, 140
Trd, 8638381.032, 135
Trd, 8638381.332, 110
Trd, 8638381.582, 140
Trd, 8638382.182, 140
Trd, 8638382.832, 60
Trd, 8638383.532, 87
Trd, 8638384.032, 60
Trd, 8638385.482, 77
Trd, 8638385.582, 75
Trd, 8638386.032, 135
Trd, 8638386.832, 139
Trd, 8638387.882, 140
Trd, 8638388.882, 139
Trd, 8638388.932, 138
Trd, 8638389.832, 134
Trd, 8638390.682, 123
Trd, 8638390.932, 93
Trd, 8638391.232, 117
Trd, 8638391.482, 130
Trd, 8638393.432, 140
Trd, 8638393.532, 139
Trd, 8638393.582, 113
Trd, 8638393.682, 84
Trd, 8638394.582, 60
Trd, 8638395.032, 79
Trd, 8638395.432, 140
Trd, 8638397.282, 140
Trd, 8638397.532, 132
Trd, 8638397.782, 115
Trd, 8638398.782, 140
Trd, 8638399.282, 90
Trd, 8638400.282, 66
Trd, 8638400.682, 108
Trd, 8638401.382, 79
Trd, 8638402.182, 62
Trd, 8638403.782, 60
Trd, 8638404.082, 110
Trd, 8638404.932, 89
Trd, 8638405.282, 68
Trd, 8638405.432, 94
Trd, 8638405.782, 140
Trd, 8638405.932, 140
Trd, 8638406.532, 134
Trd, 8638407.232, 117
Trd, 8638407.382, 96
Trd, 8638407.632, 95
Trd, 8638408.232, 138
Trd, 8638408.732, 101
Trd, 8638409.732, 117
Trd, 8638410.732, 114
Trd, 8638410.982, 96
Trd, 8638411.682, 90
Trd, 8638412.032, 128
Trd, 8638412.532, 89
Trd, 8638413.432, 88
Trd, 8638414.332, 123
Trd, 8638414.982, 139
Trd, 8638415.082, 120
Trd, 8638415.832, 138
Trd, 8638416.232, 137
Trd, 8638417.482, 139
Trd, 8638417.832, 109
Trd, 8638418.932, 140
Trd, 8638420.332, 140
Trd, 8638420.782, 140
Trd, 8638421.032, 140
Trd, 8638421.432, 135
Trd, 8638423.132, 140
Trd, 8638424.032, 139
Trd, 8638424.182, 117
Trd, 8638424.732, 132
Trd, 8638424.932, 105
Trd, 8638426.032, 65
Trd, 8638426.082, 128
Trd, 8638427.132, 63
Trd, 8638427.832, 62
Trd, 8638428.132, 64
Trd, 8638429.332, 139
Trd, 8638430.982, 63
Trd, 8638431.832, 60
Trd, 8638432.432, 60
Trd, 8638432.632, 63
Trd, 8638433.532, 65
Trd, 8638434.932, 63
Trd, 8638435.632, 85
Trd, 8638435.732, 92
Trd, 8638436.032, 84
Trd, 8638436.382, 60
Trd, 8638436.832, 61
Trd, 8638437.082, 64
Trd, 8638437.332, 76
Trd, 8638437.482, 60
Trd, 8638438.182, 133
Trd, 8638438.932, 140
Trd, 8638439.232, 81
Trd, 8638440.732, 98
Trd, 8638441.982, 65
Trd, 8638442.282, 140
Trd, 8638442.532, 105
Trd, 8638443.482, 81
Trd, 8638443.532, 80
Trd, 8638444.582, 140
Trd, 8638444.782, 138
Trd, 8638446.032, 104
Trd, 8638446.732, 132
Trd, 8638447.432, 139
Trd, 8638447.932, 78
Trd, 8638450.132, 63
Trd, 8638450.982, 61
Trd, 8638451.232, 62
Trd, 8638452.982, 65
Trd, 8638453.082, 63
Trd, 8638453.782, 64
Trd, 8638455.682, 67
Trd, 8638455.832, 83
Trd, 8638456.132, 140
Trd, 8638456.382, 122
Trd, 8638456.632, 76
Trd, 8638457.632, 126
Trd, 8638458.332, 102
Trd, 8638459.032, 138
Trd, 8638459.982, 140
Trd, 8638460.182, 119
Trd, 8638460.832, 118
Trd, 8638461.232, 120
Trd, 8638461.932, 73
Trd, 8638462.482, 102
Trd, 8638462.932, 139
Trd, 8638464.082, 80
Trd, 8638464.132, 77
Trd, 8638465.032, 140
Trd, 8638465.082, 140
Trd, 8638466.182, 140
Trd, 8638466.532, 138
Trd, 8638466.682, 130
Trd, 8638466.932, 103
Trd, 8638468.382, 106
Trd, 8638468.682, 91
Trd, 8638469.382, 140
Trd, 8638469.832, 139
Trd, 8638471.332, 140
Trd, 8638471.432, 100
Trd, 8638471.632, 71
Trd, 8638471.832, 70
Trd, 8638473.582, 94
Trd, 8638474.032, 70
Trd, 8638474.782, 67
Trd, 8638474.982, 140
Trd, 8638475.582, 73
Trd, 8638476.432, 61
Trd, 8638476.732, 62
Trd, 8638477.532, 91
Trd, 8638478.332, 61
Trd, 8638479.782, 62
Trd, 8638479.982, 63
Trd, 8638480.132, 60
Trd, 8638480.482, 79
Trd, 8638480.882, 60
Trd, 8638481.632, 137
Trd, 8638482.782, 62
Trd, 8638483.082, 60
Trd, 8638483.532, 63
Trd, 8638483.982, 106
Trd, 8638485.232, 74
Trd, 8638485.332, 89
Trd, 8638486.132, 139
Trd, 8638486.332, 71
Trd, 8638486.382, 125
Trd, 8638488.082, 140
Trd, 8638488.582, 140
Trd, 8638488.632, 139
Trd, 8638489.032, 91
Trd, 8638489.782, 134
Trd, 8638489.832, 133
Trd, 8638490.432, 137
Trd, 8638492.682, 138
Trd, 8638492.982, 116
Trd, 8638493.182, 99
Trd, 8638493.632, 74
Trd, 8638495.532, 60
Trd, 8638495.682, 63
Trd, 8638495.732, 121
Trd, 8638496.382, 95
Trd, 8638496.932, 64
Trd, 8638497.632, 76
Trd, 8638497.932, 102
Trd, 8638498.182, 140
Trd, 8638500.532, 63
Trd, 8638500.682, 61
Trd, 8638500.932, 79
Trd, 8638502.132, 125
Trd, 8638502.532, 89
Trd, 8638504.082, 115
Trd, 8638504.432, 98
Trd, 8638505.182, 74
Trd, 8638506.332, 108
Trd, 8638506.932, 139
Trd, 8638507.382, 138
Trd, 8638507.932, 122
Trd, 8638508.432, 121
Trd, 8638508.982, 139
Trd, 8638510.432, 127
Trd, 8638510.682, 125
Trd, 8638511.182, 89
Trd, 8638512.082, 139
Trd, 8638512.182, 133
Trd, 8638512.332, 140
Trd, 8638512.382, 86
Trd, 8638513.732, 140
Trd, 8638514.382, 140
Trd, 8638514.632, 138
Trd, 8638515.582, 123
Trd, 8638516.632, 118
Trd, 8638517.532, 95
Trd, 8638518.782, 138
Trd, 8638519.382, 68
Trd, 8638519.482, 107
Trd, 8638520.232, 98
Trd, 8638520.632, 139
Trd, 8638522.232, 84
Trd, 8638523.432, 140
Trd, 8638523.532, 140
Trd, 8638523.632, 140
Trd, 8638524.382, 91
Trd, 8638525.332, 87
Trd, 8638526.282, 122
Trd, 8638526.482, 109
Trd, 8638527.082, 140
Trd, 8638528.032, 139
Trd, 8638529.082, 140
Trd, 8638529.232, 140
Trd, 8638530.632, 140
Trd, 8638531.032, 133
Trd, 8638531.632, 112
Trd, 8638532.082, 140
Trd, 8638532.482, 140
Trd, 8638532.782, 139
Trd, 8638533.682, 90
Trd, 8638533.782, 87
Trd, 8638534.532, 140
Trd, 8638535.082, 112
Trd, 8638536.132, 137
Trd, 8638536.782, 115
Trd, 8638537.882, 137
Trd, 8638539.432, 140
Trd, 8638539.982, 140
Trd, 8638540.082, 140
Trd, 8638540.432, 119
Trd, 8638541.132, 114
Trd, 8638541.782, 140
Trd, 8638542.182, 111
Trd, 8638543.932, 130
Trd, 8638544.632, 139
Trd, 8638544.982, 135
Trd, 8638545.132, 134
Trd, 8638545.332, 115
Trd, 8638545.832, 114
Trd, 8638546.382, 140
Trd, 8638546.832, 139
Trd, 8638547.982, 100
Trd, 8638548.882, 139
Trd, 8638549.632, 89
Trd, 8638550.332, 139
Trd, 8638551.132, 102
Trd, 8638552.132, 136
Trd, 8638552.532, 95
Trd, 8638553.132, 138
Trd, 8638553.682, 130
Trd, 8638553.982, 114
Trd, 8638554.132, 117
Trd, 8638555.132, 112
Trd, 8638555.432, 135
Trd, 8638555.882, 139
Trd, 8638557.182, 92
Trd, 8638557.682, 139
Trd, 8638557.982, 95
Trd, 8638559.032, 138
Trd, 8638560.032, 104
Trd, 8638560.882, 99
Trd, 8638560.982, 86
Trd, 8638561.132, 78
Trd, 8638562.282, 139
Trd, 8638562.932, 130
Trd, 8638563.032, 127
Trd, 8638563.182, 105
Trd, 8638563.532, 120
Trd, 8638564.232, 88
Trd, 8638564.782, 130
Trd, 8638564.882, 129
Trd, 8638565.232, 129
Trd, 8638566.332, 140
Trd, 8638566.432, 109
Trd, 8638567.682, 63
Trd, 8638569.332, 64
Trd, 8638569.732, 67
Trd, 8638569.982, 103
Trd, 8638570.332, 73
Trd, 8638570.832, 106
Trd, 8638572.082, 68
Trd, 8638572.532, 106
Trd, 8638572.982, 80
Trd, 8638574.982, 60
Trd, 8638575.282, 61
Trd, 8638575.582, 70
Trd, 8638576.382, 140
Trd, 8638576.832, 137
Trd, 8638577.232, 111
Trd, 8638577.482, 140
Trd, 8638578.232, 101
Trd, 8638578.382, 138
Trd, 8638579.532, 129
Trd, 8638579.882, 128
Trd, 8638580.432, 94
Trd, 8638582.082, 140
Trd, 8638582.482, 140
Trd, 8638582.732, 138
Trd, 8638583.632, 130
Trd, 8638583.882, 117
Trd, 8638584.182, 110
Trd, 8638585.132, 140
Trd, 8638585.332, 140
Trd, 8638585.532, 139
Trd, 8638586.082, 140
Trd, 8638587.182, 129
Trd, 8638587.332, 114
Trd, 8638587.882, 105
Trd, 8638588.832, 140
Trd, 8638589.332, 140
Trd, 8638590.682, 140
Trd, 8638590.732, 139
Trd, 8638591.882, 140
Trd, 8638592.082, 138
Trd, 8638592.482, 114
Trd, 8638593.032, 139
Trd, 8638593.682, 91
Trd, 8638595.132, 93
Trd, 8638595.532, 60
Trd, 8638596.132, 116
Trd, 8638597.132, 66
Trd, 8638598.232, 61
Trd, 8638598.482, 96
Trd, 8638598.932, 120
Trd, 8638599.082, 136
Trd, 8638599.432, 115
Trd, 8638600.482, 117
Trd, 8638601.082, 94
Trd, 8638601.182, 131
Trd, 8638603.032, 139
Trd, 8638603.682, 111
Trd, 8638603.982, 69
Trd, 8638604.732, 72
Trd, 8638605.132, 71
Trd, 8638605.282, 134
Trd, 8638605.432, 68
Trd, 8638606.832, 119
Trd, 8638607.482, 140
Trd, 8638607.932, 95
Trd, 8638608.382, 63
Trd, 8638609.932, 65
Trd, 8638610.032, 79
Trd, 8638610.782, 88
Trd, 8638611.632, 78
Trd, 8638611.732, 137
Trd, 8638612.282, 84
Trd, 8638612.582, 61
Trd, 8638613.932, 99
Trd, 8638614.732, 64
Trd, 8638615.532, 60
Trd, 8638617.332, 61
Trd, 8638618.032, 68
Trd, 8638618.082, 68
Trd, 8638619.232, 103
Trd, 8638619.432, 133
Trd, 8638620.582, 104
Trd, 8638621.032, 140
Trd, 8638622.532, 104
Trd, 8638622.882, 71
Trd, 8638623.382, 140
Trd, 8638623.832, 138
Trd, 8638623.882, 122
Trd, 8638624.232, 107
Trd, 8638624.532, 140
Trd, 8638625.232, 140
Trd, 8638625.532, 140
Trd, 8638626.082, 76
Trd, 8638626.982, 117
Trd, 8638628.532, 140
Trd, 8638629.632, 122
Trd, 8638630.982, 113
Trd, 8638632.032, 130
Trd, 8638632.432, 111
Trd, 8638632.532, 107
Trd, 8638633.082, 140
Trd, 8638633.532, 130
Trd, 8638633.782, 113
Trd, 8638634.282, 140
Trd, 8638634.932, 78
Trd, 8638636.382, 123
Trd, 8638636.732, 140
Trd, 8638638.582, 140
Trd, 8638638.782, 140
Trd, 8638639.932, 139
Trd, 8638640.782, 138
Trd, 8638641.082, 136
Trd, 8638641.182, 110
Trd, 8638641.332, 88
Trd, 8638641.882, 125
Trd, 8638642.332, 97
Trd, 8638642.732, 137
Trd, 8638643.182, 140
Trd, 8638643.382, 140
Trd, 8638643.582, 139
Trd, 8638645.832, 139
Trd, 8638645.982, 107
Trd, 8638646.132, 130
Trd, 8638646.582, 61
Trd, 8638647.182, 62
Trd, 8638648.132, 65
Trd, 8638648.882, 140
Trd, 8638649.832, 140
Trd, 8638650.232, 140
Trd, 8638651.832, 140
Trd, 8638652.682, 140
Trd, 8638652.732, 140
Trd, 8638652.882, 138
Trd, 8638653.232, 139
Trd, 8638654.482, 139
Trd, 8638654.932, 119
Trd, 8638655.182, 111
Trd, 8638655.432, 136
Trd, 8638655.582, 104
Trd, 8638656.882, 138
Trd, 8638657.282, 136
Trd, 8638658.482, 119
Trd, 8638658.532, 67
Trd, 8638660.182, 74
Trd, 8638660.482, 69
Trd, 8638661.032, 109
Trd, 8638661.132, 94
Trd, 8638662.082, 140
Trd, 8638663.632, 140
Trd, 8638663.832, 139
Trd, 8638665.182, 140
Trd, 8638665.332, 140
Trd, 8638665.732, 140
Trd, 8638665.982, 136
Trd, 8638666.282, 100
Trd, 8638666.932, 81
Trd, 8638669.482, 97
Trd, 8638670.232, 106
Trd, 8638670.382, 114
Trd, 8638671.232, 136
Trd, 8638671.882, 68
Trd, 8638672.732, 90
Trd, 8638674.182, 140
Trd, 8638675.082, 140
Trd, 8638675.682, 140
Trd, 8638675.932, 140
Trd, 8638676.032, 139
Trd, 8638676.932, 119
Trd, 8638677.282, 81
Trd, 8638678.782, 140
Trd, 8638679.032, 137
Trd, 8638679.282, 112
Trd, 8638680.632, 67
Trd, 8638681.332, 139
Trd, 8638682.482, 68
Trd, 8638683.082, 140
Trd, 8638683.132, 138
Trd, 8638683.682, 140
Trd, 8638683.732, 137
Trd, 8638684.432, 129
Trd, 8638684.582, 110
Trd, 8638685.282, 140
Trd, 8638685.882, 140
Trd, 8638686.732, 74
Trd, 8638687.232, 68
Trd, 8638687.732, 65
Trd, 8638688.582, 60
Trd, 8638688.782, 74
Trd, 8638688.882, 96
Trd, 8638689.482, 100
Trd, 8638690.982, 61
Trd, 8638691.582, 78
Trd, 8638692.932, 67
Trd, 8638693.432, 103
Trd, 8638693.882, 75
Trd, 8638694.032, 66
Trd, 8638694.832, 140
Trd, 8638695.632, 71
Trd, 8638696.632, 139
Trd, 8638697.332, 125
Trd, 8638698.082, 83
Trd, 8638698.982, 140
Trd, 8638699.082, 82
Trd, 8638699.132, 71
Trd, 8638699.432, 138
Trd, 8638700.332, 128
Trd, 8638701.482, 120
Trd, 8638702.432, 140
Trd, 8638704.432, 106
Trd, 8638704.682, 123
Trd, 8638704.882, 129
Trd, 8638705.282, 140
Trd, 8638705.432, 119
Trd, 8638707.332, 139
Trd, 8638707.632, 112
Trd, 8638707.982, 111
Trd, 8638708.082, 91
Trd, 8638709.232, 110
Trd, 8638710.532, 67
Trd, 8638711.182, 72
Trd, 8638712.032, 69
Trd, 8638712.932, 111
Trd, 8638713.332, 139
Trd, 8638714.382, 95
Trd, 8638715.082, 95
Trd, 8638715.132, 90
Trd, 8638716.782, 140
Trd, 8638716.982, 140
Trd, 8638717.282, 94
Trd, 8638718.082, 85
Trd, 8638719.032, 110
Trd, 8638720.082, 140
Trd, 8638721.482, 65
Trd, 8638721.682, 67
Trd, 8638722.182, 60
Trd, 8638722.282, 96
Trd, 8638722.782, 86
Trd, 8638722.982, 89
Trd, 8638723.432, 74
Trd, 8638723.782, 95
Trd, 8638726.232, 139
Trd, 8638727.382, 140
Trd, 8638727.582, 140
Trd, 8638727.882, 138
Trd, 8638728.782, 138
Trd, 8638729.132, 117
Trd, 8638729.882, 105
Trd, 8638730.132, 98
Trd, 8638730.732, 138
Trd, 8638730.882, 106
Trd, 8638732.282, 139
Trd, 8638732.782, 114
Trd, 8638734.732, 140
Trd, 8638734.932, 138
Trd, 8638735.082, 93
Trd, 8638735.732, 72
Trd, 8638736.932, 60
Trd, 8638737.082, 61
Trd, 8638737.132, 132
Trd, 8638738.682, 61
Trd, 8638740.882, 65
Trd, 8638741.532, 70
Trd, 8638742.482, 140
Trd, 8638742.982, 110
Trd, 8638743.482, 139
Trd, 8638744.582, 140
Trd, 8638744.832, 139
Trd, 8638744.882, 124
Trd, 8638745.232, 103
Trd, 8638745.882, 140
Trd, 8638746.482, 135
Trd, 8638747.082, 77
Trd, 8638748.282, 62
Trd, 8638749.182, 65
Trd, 8638750.382, 60
Trd, 8638750.982, 60
Trd, 8638751.632, 62
Trd, 8638752.382, 61
Trd, 8638752.632, 116
Trd, 8638753.532, 65
Trd, 8638754.032, 70
Trd, 8638755.182, 88
Trd, 8638755.282, 131
Trd, 8638755.932, 118
Trd, 8638756.232, 92
Trd, 8638756.982, 95
Trd, 8638757.032, 91
Trd, 8638757.482, 60
Trd, 8638757.932, 102
Trd, 8638759.382, 140
Trd, 8638759.782, 140
Trd, 8638760.032, 138
Trd, 8638760.482, 140
Trd, 8638760.582, 112
Trd, 8638761.582, 63
Trd, 8638762.382, 132
Trd, 8638763.582, 126
Trd, 8638763.682, 122
Trd, 8638765.232, 138
Trd, 8638766.332, 112
Trd, 8638766.732, 114
Trd, 8638766.782, 92
Trd, 8638768.082, 140
Trd, 8638769.482, 140
Trd, 8638770.082, 140
Trd, 8638770.132, 138
Trd, 8638770.232, 119
Trd, 8638770.832, 139
Trd, 8638772.082, 137
Trd, 8638773.182, 140
Trd, 8638773.732, 138
Trd, 8638774.332, 111
Trd, 8638774.632, 138
Trd, 8638775.232, 112
Trd, 8638775.532, 114
Trd, 8638776.332, 140
Trd, 8638776.432, 140
Trd, 8638776.932, 101
Trd, 8638777.482, 135
Trd, 8638777.982, 138
Trd, 8638778.382, 108
Trd, 8638779.582, 140
Trd, 8638780.282, 118
Trd, 8638780.782, 95
Trd, 8638781.832, 118
Trd, 8638782.982, 67
Trd, 8638783.582, 62
Trd, 8638783.782, 123
Trd, 8638784.082, 138
Trd, 8638784.582, 62
Trd, 8638785.682, 61
Trd, 8638785.732, 66
Trd, 8638786.332, 61
Trd, 8638787.282, 139
Trd, 8638787.982, 131
Trd, 8638788.582, 122
Trd, 8638789.382, 115
Trd, 8638789.432, 94
Trd, 8638789.782, 63
Trd, 8638790.132, 64
Trd, 8638790.882, 82
Trd, 8638792.882, 140
Trd, 8638793.082, 113
Trd, 8638793.532, 140
Trd, 8638794.132, 140
Trd, 8638794.482, 123
Trd, 8638794.782, 140
Trd, 8638795.032, 122
Trd, 8638796.632, 61
Trd, 8638796.782, 66
Trd, 8638797.332, 70
Trd, 8638797.782, 100
Trd, 8638798.832, 138
Trd, 8638799.232, 87
Trd, 8638800.682, 140
Trd, 8638800.782, 140
Trd, 8638800.932, 114
Trd, 8638801.782, 131
Trd, 8638801.882, 125
Trd, 8638802.582, 140
Trd, 8638804.082, 140
Trd, 8638804.532, 137
Trd, 8638804.882, 134
Trd, 8638804.932, 108
Trd, 8638806.732, 125
Trd, 8638807.032, 128
Trd, 8638807.382, 91
Trd, 8638807.932, 90
Trd, 8638808.632, 73
Trd, 8638811.082, 140
Trd, 8638811.482, 140
Trd, 8638811.732, 86
Trd, 8638812.332, 72
Trd, 8638813.232, 122
Trd, 8638813.282, 121
Trd, 8638814.232, 140
Trd, 8638814.532, 137
Trd, 8638814.832, 115
Trd, 8638815.232, 140
Trd, 8638816.132, 63
Trd, 8638816.582, 60
Trd, 8638818.032, 61
Trd, 8638818.832, 62
Trd, 8638819.332, 60
Trd, 8638820.132, 107
Trd, 8638820.282, 90
Trd, 8638820.932, 90
Trd, 8638821.132, 104
Trd, 8638821.282, 103
Trd, 8638823.182, 139
Trd, 8638824.632, 140
Trd, 8638824.832, 124
Trd, 8638824.982, 117
Trd, 8638825.032, 107
Trd, 8638825.832, 140
Trd, 8638826.032, 138
Trd, 8638826.532, 123
Trd, 8638827.932, 74
Trd, 8638828.182, 104
Trd, 8638828.732, 96
Trd, 8638829.582, 81
Trd, 8638830.582, 140
Trd, 8638831.082, 139
Trd, 8638831.232, 130
Trd, 8638831.832, 82
Trd, 8638832.182, 64
Trd, 8638833.682, 96
Trd, 8638834.082, 73
Trd, 8638834.532, 140
Trd, 8638835.382, 99
Trd, 8638835.682, 103
Trd, 8638836.682, 102
Trd, 8638837.482, 114
Trd, 8638837.932, 94
Trd, 8638838.532, 140
Trd, 8638839.032, 91
Trd, 8638840.132, 140
Trd, 8638840.432, 139
Trd, 8638841.282, 140
Trd, 8638842.432, 139
Trd, 8638844.232, 140
Trd, 8638844.332, 115
Trd, 8638844.482, 114
Trd, 8638845.382, 87
Trd, 8638845.582, 86
Trd, 8638846.032, 68
Trd, 8638846.782, 139
Trd, 8638846.832, 95
Trd, 8638847.982, 139
Trd, 8638848.082, 118
Trd, 8638848.332, 94
Trd, 8638849.782, 135
Trd, 8638851.582, 140
Trd, 8638853.032, 140
Trd, 8638853.232, 140
Trd, 8638853.582, 140
Trd, 8638853.782, 138
Trd, 8638855.132, 125
Trd, 8638855.732, 140
Trd, 8638856.432, 126
Trd, 8638856.782, 124
Trd, 8638856.932, 123
Trd, 8638857.432, 140
Trd, 8638857.482, 139
Trd, 8638858.432, 140
Trd, 8638858.982, 121
Trd, 8638859.332, 110
Trd, 8638860.932, 125
Trd, 8638861.232, 89
Trd, 8638862.332, 139
Trd, 8638862.532, 95
Trd, 8638863.582, 140
Trd, 8638864.182, 109
Trd, 8638864.732, 107
Trd, 8638865.332, 140
Trd, 8638866.082, 140
Trd, 8638866.582, 117
Trd, 8638866.632, 117
Trd, 8638866.882, 110
Trd, 8638868.182, 140
Trd, 8638868.632, 84
Trd, 8638869.632, 115
Trd, 8638870.882, 140
Trd, 8638871.182, 139
Trd, 8638872.182, 115
Trd, 8638872.532, 93
Trd, 8638873.482, 79
Trd, 8638873.832, 71
Trd, 8638873.882, 92
Trd, 8638874.332, 84
Trd, 8638875.732, 65
Trd, 8638876.382, 68
Trd, 8638877.082, 140
Trd, 8638877.132, 139
Trd, 8638877.432, 133
Trd, 8638877.682, 104
Trd, 8638879.082, 136
Trd, 8638879.932, 140
Trd, 8638880.832, 111
Trd, 8638881.482, 63
Trd, 8638882.632, 68
Trd, 8638882.832, 80
Trd, 8638883.182, 62
Trd, 8638884.082, 138
Trd, 8638886.032, 140
Trd, 8638886.182, 140
Trd, 8638886.882, 99
Trd, 8638886.982, 65
Trd, 8638888.132, 61
Trd, 8638888.582, 63
Trd, 8638888.782, 120
Trd, 8638889.932, 105
Trd, 8638890.532, 95
Trd, 8638891.232, 95
Trd, 8638891.382, 109
Trd, 8638892.382, 63
Trd, 8638892.532, 97
Trd, 8638893.332, 139
Trd, 8638894.082, 63
Trd, 8638894.332, 92
Trd, 8638895.082, 95
Trd, 8638896.232, 104
Trd, 8638896.282, 103
Trd, 8638897.282, 66
Trd, 8638897.732, 69
Trd, 8638900.532, 140
Trd, 8638900.582, 140
Trd, 8638900.682, 140
Trd, 8638901.232, 140
Trd, 8638901.282, 140
Trd, 8638901.332, 137
Trd, 8638903.232, 139
Trd, 8638903.482, 109
Trd, 8638903.532, 101
Trd, 8638903.732, 88
Trd, 8638904.032, 73
Trd, 8638904.482, 60
Trd, 8638906.782, 102
Trd, 8638907.232, 60
Trd, 8638909.482, 60
Trd, 8638909.932, 61
Trd, 8638910.332, 71
Trd, 8638910.432, 127
Trd, 8638910.632, 60
Trd, 8638911.682, 60
Trd, 8638911.932, 75
Trd, 8638912.082, 98
Trd, 8638913.332, 140
Trd, 8638913.682, 87
Trd, 8638914.582, 117
Trd, 8638914.932, 64
Trd, 8638916.332, 137
Trd, 8638916.582, 125
Trd, 8638917.332, 140
Trd, 8638917.382, 140
Trd, 8638917.682, 60
Trd, 8638918.032, 62
Trd, 8638919.882, 137
Trd, 8638920.482, 78
Trd, 8638921.782, 125
Trd, 8638922.382, 139
Trd, 8638922.632, 112
Trd, 8638924.232, 140
Trd, 8638925.332, 140
Trd, 8638925.482, 140
Trd, 8638925.532, 140
Trd, 8638926.132, 139
Trd, 8638926.282, 138
Trd, 8638926.882, 136
Trd, 8638928.232, 139
Trd, 8638928.732, 129
Trd, 8638928.782, 108
Trd, 8638929.282, 101
Trd, 8638930.882, 138
Trd, 8638931.082, 77
Trd, 8638931.682, 70
Trd, 8638931.832, 70
Trd, 8638933.982, 126
Trd, 8638934.482, 74
Trd, 8638934.532, 79
Trd, 8638934.632, 140
Trd, 8638935.582, 138
Trd, 8638937.382, 134
Trd, 8638938.182, 139
Trd, 8638939.032, 113
Trd, 8638939.082, 112
Trd, 8638939.282, 110
Trd, 8638940.132, 140
Trd, 8638940.282, 123
Trd, 8638940.882, 97
Trd, 8638941.082, 139
Trd, 8638941.982, 139
Trd, 8638942.532, 129
Trd, 8638943.082, 102
Trd, 8638944.582, 101
Trd, 8638945.332, 94
Trd, 8638946.482, 92
Trd, 8638946.732, 68
Trd, 8638946.932, 138
Trd, 8638948.132, 140
Trd, 8638948.482, 117
Trd, 8638948.532, 116
Trd, 8638950.432, 140
Trd, 8638950.982, 137
Trd, 8638951.032, 73
Trd, 8638951.682, 63
Trd, 8638951.832, 126
Trd, 8638952.482, 76
Trd, 8638953.432, 63
Trd, 8638955.132, 63
Trd, 8638955.332, 66
Trd, 8638955.732, 68
Trd, 8638956.282, 60
Trd, 8638957.232, 90
Trd, 8638957.682, 86
Trd, 8638958.232, 100
Trd, 8638958.282, 94
Trd, 8638958.932, 62
Trd, 8638961.932, 62
Trd, 8638963.082, 62
Trd, 8638963.532, 63
Trd, 8638964.632, 67
Trd, 8638965.032, 63
Trd, 8638965.982, 63
Trd, 8638966.332, 84
Trd, 8638966.632, 64
Trd, 8638966.882, 140
Trd, 8638967.832, 107
Trd, 8638968.982, 65
Trd, 8638969.482, 136
Trd, 8638970.932, 60
Trd, 8638971.282, 63
Trd, 8638971.432, 65
Trd, 8638971.882, 65
Trd, 8638973.332, 137
Trd, 8638973.932, 139
Trd, 8638975.382, 140
Trd, 8638975.632, 139
Trd, 8638976.532, 126
Trd, 8638976.832, 126
Trd, 8638977.532, 125
Trd, 8638978.932, 110
Trd, 8638978.982, 83
Trd, 8638979.782, 60
Trd, 8638979.882, 126
Trd, 8638980.332, 61
Trd, 8638981.882, 110
Trd, 8638982.432, 109
Trd, 8638983.882, 140
Trd, 8638984.032, 140
Trd, 8638984.682, 140
Trd, 8638986.282, 140
Trd, 8638986.382, 117
Trd, 8638987.032, 125
Trd, 8638987.532, 115
Trd, 8638987.682, 114
Trd, 8638988.032, 113
Trd, 8638989.382, 131
Trd, 8638989.632, 126
Trd, 8638989.682, 76
Trd, 8638991.932, 139
Trd, 8638991.982, 135
Trd, 8638992.482, 140
Trd, 8638993.182, 92
Trd, 8638995.482, 139
Trd, 8638995.982, 138
Trd, 8638996.332, 137
Trd, 8638996.732, 127
Trd, 8638997.682, 140
Trd, 8638998.032, 94
Trd, 8638998.232, 92
Trd, 8638999.082, 61
Trd, 8638999.682, 64
Trd, 8639000.232, 63
Trd, 8639000.982, 121
Trd, 8639001.082, 120
Trd, 8639002.582, 139
Trd, 8639002.932, 110
Trd, 8639003.132, 106
Trd, 8639003.682, 62
Trd, 8639004.432, 62
Trd, 8639005.332, 60
Trd, 8639006.132, 62
Trd, 8639006.582, 83
Trd, 8639007.932, 70
Trd, 8639008.582, 139
Trd, 8639008.632, 138
Trd, 8639009.532, 140
Trd, 8639010.882, 140
Trd, 8639011.632, 140
Trd, 8639011.932, 140
Trd, 8639013.332, 140
Trd, 8639013.582, 136
Trd, 8639014.132, 106
Trd, 8639014.682, 88
Trd, 8639015.432, 63
Trd, 8639016.782, 66
Trd, 8639016.832, 87
Trd, 8639017.382, 129
Trd, 8639017.782, 79
Trd, 8639019.232, 60
Trd, 8639020.082, 61
Trd, 8639021.032, 64
Trd, 8639021.532, 70
Trd, 8639022.832, 73
Trd, 8639023.182, 100
Trd, 8639024.532, 140
Trd, 8639024.782, 138
Trd, 8639025.932, 138
Trd, 8639026.282, 134
Trd, 8639026.482, 121
Trd, 8639026.832, 133
Trd, 8639027.132, 115
Trd, 8639027.282, 101
Trd, 8639027.632, 61
Trd, 8639030.382, 140
Trd, 8639030.932, 78
Trd, 8639030.982, 72
Trd, 8639031.482, 139
Trd, 8639031.532, 77
Trd, 8639032.182, 60
Trd, 8639032.382, 140
Trd, 8639033.932, 100
Trd, 8639034.782, 82
Trd, 8639035.382, 67
Trd, 8639035.632, 106
Trd, 8639035.832, 139
Trd, 8639036.682, 97
Trd, 8639037.132, 62
Trd, 8639038.332, 140
Trd, 8639038.782, 140
Trd, 8639040.332, 140
Trd, 8639041.382, 129
Trd, 8639041.532, 124
Trd, 8639042.082, 140
Trd, 8639042.582, 139
Trd, 8639042.932, 110
Trd, 8639043.882, 140
Trd, 8639045.232, 140
Trd, 8639045.482, 139
Trd, 8639045.732, 139
Trd, 8639046.732, 140
Trd, 8639047.032, 109
Trd, 8639047.182, 83
Trd, 8639047.282, 70
Trd, 8639048.182, 77
Trd, 8639048.732, 122
Trd, 8639049.032, 122
Trd, 8639049.482, 117
Trd, 8639051.282, 115
Trd, 8639051.632, 120
Trd, 8639051.982, 93
Trd, 8639052.732, 113
Trd, 8639054.282, 140
Trd, 8639054.732, 140
Trd, 8639054.782, 140
Trd, 8639055.382, 138
Trd, 8639056.382, 130
Trd, 8639056.432, 127
Trd, 8639056.532, 108
Trd, 8639057.182, 140
Trd, 8639057.832, 140
Trd, 8639057.882, 139
Trd, 8639058.882, 139
Trd, 8639059.382, 140
Trd, 8639060.032, 134
Trd, 8639060.932, 68
Trd, 8639061.432, 60
Trd, 8639062.232, 65
Trd, 8639063.532, 60
Trd, 8639063.782, 67
Trd, 8639064.782, 116
Trd, 8639064.982, 83
Trd, 8639066.182, 80
Trd, 8639067.182, 110
Trd, 8639067.832, 137
Trd, 8639068.532, 136
Trd, 8639069.232, 140
Trd, 8639069.282, 94
Trd, 8639069.982, 140
Trd, 8639070.032, 121
Trd, 8639070.932, 106
Trd, 8639071.082, 100
Trd, 8639071.582, 82
Trd, 8639071.682, 122
Trd, 8639072.532, 62
Trd, 8639074.582, 62
Trd, 8639074.732, 67
Trd, 8639074.932, 64
Trd, 8639075.882, 140
Trd, 8639075.932, 140
Trd, 8639076.882, 135
Trd, 8639077.282, 120
Trd, 8639077.582, 118
Trd, 8639078.682, 92
Trd, 8639079.282, 91
Trd, 8639079.632, 87
Trd, 8639079.832, 65
Trd, 8639080.132, 62
Trd, 8639081.482, 139
Trd, 8639083.982, 140
Trd, 8639084.282, 140
Trd, 8639084.782, 140
Trd, 8639084.932, 140
Trd, 8639085.532, 135
Trd, 8639086.882, 140
Trd, 8639087.382, 101
Trd, 8639087.882, 125
Trd, 8639088.332, 120
Trd, 8639088.432, 97
Trd, 8639089.182, 140
Trd, 8639089.232, 140
Trd, 8639090.682, 61
Trd, 8639090.882, 61
Trd, 8639091.032, 65
Trd, 8639092.582, 63
Trd, 8639094.532, 140
Trd, 8639094.882, 140
Trd, 8639095.832, 140
Trd, 8639096.082, 130
Trd, 8639096.232, 129
Trd, 8639097.332, 98
Trd, 8639097.382, 95
Trd, 8639098.782, 140
Trd, 8639098.882, 140
Trd, 8639099.182, 140
Trd, 8639099.282, 134
Trd, 8639099.382, 110
Trd, 8639100.932, 138
Trd, 8639101.032, 125
Trd, 8639101.882, 137
Trd, 8639102.582, 90
Trd, 8639103.332, 135
Trd, 8639103.832, 74
Trd, 8639104.782, 76
Trd, 8639105.382, 140
Trd, 8639105.732, 107
Trd, 8639105.882, 71
Trd, 8639106.032, 111
Trd, 8639107.582, 140
Trd, 8639107.982, 140
Trd, 8639108.132, 99
Trd, 8639109.732, 139
Trd, 8639110.132, 140
Trd, 8639110.282, 139
Trd, 8639110.532, 60
Trd, 8639110.632, 63
Trd, 8639112.082, 66
Trd, 8639112.582, 87
Trd, 8639113.482, 64
Trd, 8639114.332, 63
Trd, 8639114.482, 63
Trd, 8639115.182, 60
Trd, 8639115.582, 140
Trd, 8639117.282, 140
Trd, 8639117.432, 140
Trd, 8639119.082, 140
Trd, 8639119.132, 140
Trd, 8639119.282, 92
Trd, 8639119.532, 90
Trd, 8639120.582, 65
Trd, 8639121.382, 101
Trd, 8639122.832, 140
Trd, 8639122.932, 122
Trd, 8639123.282, 139
Trd, 8639123.532, 98
Trd, 8639124.082, 96
Trd, 8639125.732, 104
Trd, 8639126.532, 140
Trd, 8639126.832, 102
Trd, 8639127.432, 101
Trd, 8639127.482, 100
Trd, 8639127.782, 96
Trd, 8639128.382, 137
Trd, 8639128.932, 75
Trd, 8639130.432, 139
Trd, 8639131.382, 140
Trd, 8639132.232, 76
Trd, 8639132.932, 140
Trd, 8639133.432, 100
Trd, 8639134.132, 118
Trd, 8639136.032, 140
Trd, 8639136.382, 138
Trd, 8639136.682, 99
Trd, 8639137.032, 81
Trd, 8639137.532, 71
Trd, 8639137.932, 75
Trd, 8639139.332, 64
Trd, 8639140.482, 138
Trd, 8639140.932, 137
Trd, 8639141.932, 128
Trd, 8639142.182, 95
Trd, 8639142.732, 63
Trd, 8639143.432, 140
Trd, 8639143.682, 135
Trd, 8639143.932, 111
Trd, 8639144.982, 140
Trd, 8639145.382, 140
Trd, 8639147.182, 140
Trd, 8639147.382, 140
Trd, 8639147.682, 139
Trd, 8639148.432, 137
Trd, 8639149.732, 97
Trd, 8639150.032, 113
Trd, 8639150.882, 140
Trd, 8639151.032, 139
Trd, 8639151.582, 140
Trd, 8639151.782, 116
Trd, 8639152.132, 115
Trd, 8639153.232, 140
Trd, 8639154.132, 103
Trd, 8639155.532, 140
Trd, 8639155.982, 138
Trd, 8639156.582, 97
Trd, 8639157.032, 140
Trd, 8639157.982, 130
Trd, 8639158.982, 140
Trd, 8639159.682, 120
Trd, 8639159.732, 109
Trd, 8639160.882, 140
Trd, 8639161.282, 140
Trd, 8639161.582, 97
Trd, 8639163.332, 127
Trd, 8639163.832, 112
Trd, 8639164.182, 128
Trd, 8639164.582, 73
Trd, 8639164.932, 124
Trd, 8639166.032, 62
Trd, 8639166.232, 61
Trd, 8639166.482, 137
Trd, 8639167.732, 110
Trd, 8639167.982, 82
Trd, 8639168.482, 90
Trd, 8639168.632, 139
Trd, 8639169.432, 61
Trd, 8639170.532, 91
Trd, 8639171.082, 83
Trd, 8639171.282, 62
Trd, 8639174.132, 139
Trd, 8639174.432, 140
Trd, 8639174.882, 117
Trd, 8639175.632, 111
Trd, 8639175.882, 110
Trd, 8639176.132, 105
Trd, 8639176.232, 90
Trd, 8639177.582, 113
Trd, 8639178.782, 129
Trd, 8639178.982, 115
Trd, 8639180.682, 121
Trd, 8639181.032, 139
Trd, 8639181.082, 120
Trd, 8639181.482, 114
Trd, 8639182.282, 139
Trd, 8639182.782, 101
Trd, 8639182.882, 98
Trd, 8639183.132, 140
Trd, 8639184.232, 85
Trd, 8639184.532, 140
Trd, 8639185.432, 61
Trd, 8639187.032, 140
Trd, 8639187.432, 139
Trd, 8639188.282, 139
Trd, 8639188.832, 139
Trd, 8639188.932, 131
Trd, 8639189.382, 126
Trd, 8639189.832, 140
Trd, 8639190.232, 114
Trd, 8639190.682, 60
Trd, 8639190.982, 140
Trd, 8639191.982, 110
Trd, 8639192.482, 80
Trd, 8639193.532, 116
Trd, 8639193.582, 97
Trd, 8639194.332, 124
Trd, 8639194.782, 122
Trd, 8639194.832, 83
Trd, 8639195.432, 104
Trd, 8639196.132, 85
Trd, 8639197.532, 139
Trd, 8639197.982, 140
Trd, 8639198.432, 124
Trd, 8639198.732, 86
Trd, 8639199.382, 139
Trd, 8639199.682, 122
Trd, 8639200.582, 64
Trd, 8639201.082, 108
Trd, 8639203.082, 60
Trd, 8639203.182, 95
Trd, 8639203.582, 110
Trd, 8639204.182, 110
Trd, 8639205.332, 140
Trd, 8639205.682, 139
Trd, 8639205.832, 113
Trd, 8639207.132, 119
Trd, 8639208.082, 138
Trd, 8639208.482, 125
Trd, 8639208.782, 125
Trd, 8639210.182, 117
Trd, 8639210.482, 139
Trd, 8639210.782, 104
Trd, 8639211.432, 138
Trd, 8639211.632, 91
Trd, 8639211.732, 77
Trd, 8639213.132, 139
Trd, 8639214.632, 60
Trd, 8639214.732, 61
Trd, 8639214.782, 62
Trd, 8639215.482, 114
Trd, 8639216.132, 75
Trd, 8639216.632, 71
Trd, 8639217.182, 60
Trd, 8639217.332, 72
Trd, 8639217.982, 61
Trd, 8639218.882, 140
Trd, 8639219.082, 140
Trd, 8639220.432, 116
Trd, 8639221.532, 85
Trd, 8639221.582, 82
Trd, 8639222.632, 85
Trd, 8639223.482, 65
Trd, 8639223.582, 69
Trd, 8639224.782, 137
Trd, 8639225.732, 140
Trd, 8639225.782, 99
Trd, 8639225.882, 73
Trd, 8639226.082, 66
Trd, 8639227.732, 69
Trd, 8639228.382, 140
Trd, 8639229.532, 140
Trd, 8639230.132, 140
Trd, 8639230.332, 140
Trd, 8639230.682, 135
Trd, 8639230.982, 139
Trd, 8639231.332, 107
Trd, 8639231.532, 124
Trd, 8639234.032, 78
Trd, 8639234.282, 62
Trd, 8639235.832, 140
Trd, 8639237.282, 140
Trd, 8639237.382, 140
Trd, 8639237.532, 124
Trd, 8639237.732, 114
Trd, 8639238.882, 139
Trd, 8639239.182, 137
Trd, 8639240.282, 138
Trd, 8639241.332, 139
Trd, 8639241.632, 140
Trd, 8639242.582, 140
Trd, 8639243.132, 139
Trd, 8639243.382, 138
Trd, 8639243.982, 120
Trd, 8639244.332, 118
Trd, 8639245.932, 84
Trd, 8639246.532, 140
Trd, 8639247.482, 140
Trd, 8639248.532, 140
Trd, 8639248.732, 139
Trd, 8639249.132, 118
Trd, 8639249.332, 138
Trd, 8639250.132, 136
Trd, 8639250.182, 117
Trd, 8639250.482, 96
Trd, 8639251.682, 139
Trd, 8639252.132, 139
Trd, 8639252.482, 138
Trd, 8639252.982, 84
Trd, 8639254.582, 139
Trd, 8639255.982, 120
Trd, 8639256.432, 114
Trd, 8639256.982, 87
Trd, 8639258.032, 60
Trd, 8639258.082, 113
Trd, 8639258.782, 131
Trd, 8639260.232, 63
Trd, 8639260.282, 63
Trd, 8639260.732, 112
Trd, 8639261.282, 84
Trd, 8639262.832, 139
Trd, 8639262.932, 138
Trd, 8639263.032, 134
Trd, 8639264.182, 126
Trd, 8639265.532, 60
Trd, 8639267.482, 70
Trd, 8639267.582, 116
Trd, 8639268.282, 72
Trd, 8639269.682, 103
Trd, 8639270.082, 140
Trd, 8639270.182, 140
Trd, 8639271.032, 114
Trd, 8639271.182, 97
Trd, 8639272.132, 139
Trd, 8639273.332, 124
Trd, 8639274.382, 140
Trd, 8639275.532, 140
Trd, 8639275.832, 140
Trd, 8639275.982, 140
Trd, 8639276.682, 139
Trd, 8639277.182, 125
Trd, 8639277.432, 101
Trd, 8639278.432, 63
Trd, 8639278.932, 78
Trd, 8639279.282, 62
Trd, 8639280.082, 117
Trd, 8639280.682, 65
Trd, 8639281.832, 140
Trd, 8639282.182, 126
Trd, 8639284.232, 139
Trd, 8639284.482, 139
Trd, 8639285.282, 140
Trd, 8639285.532, 140
Trd, 8639286.532, 128
Trd, 8639287.682, 107
Trd, 8639288.232, 63
Trd, 8639288.382, 63
Trd, 8639290.682, 139
Trd, 8639290.782, 138
Trd, 8639291.132, 125
Trd, 8639291.482, 123
Trd, 8639291.782, 114
Trd, 8639292.132, 129
Trd, 8639293.332, 140
Trd, 8639294.632, 140
Trd, 8639294.982, 140
Trd, 8639295.232, 140
Trd, 8639295.932, 140
Trd, 8639297.332, 140
Trd, 8639297.382, 139
Trd, 8639298.182, 140
Trd, 8639299.032, 91
Trd, 8639299.182, 101
Trd, 8639300.782, 140
Trd, 8639301.082, 109
Trd, 8639301.432, 121
Trd, 8639302.182, 116
Trd, 8639302.932, 140
Trd, 8639304.532, 140
Trd, 8639304.832, 140
Trd, 8639304.882, 95
Trd, 8639305.082, 126
Trd, 8639305.582, 124
Trd, 8639305.832, 87
Trd, 8639308.132, 61
Trd, 8639308.432, 66
Trd, 8639309.082, 60
Trd, 8639309.932, 61
Trd, 8639312.332, 139
Trd, 8639312.582, 67
Trd, 8639313.082, 68
Trd, 8639313.232, 84
Trd, 8639314.082, 81
Trd, 8639314.332, 68
Trd, 8639315.032, 140
Trd, 8639316.532, 140
Trd, 8639316.882, 81
Trd, 8639318.082, 140
Trd, 8639319.132, 140
Trd, 8639319.232, 140
Trd, 8639320.032, 139
Trd, 8639320.382, 135
Trd, 8639320.532, 134
Trd, 8639321.032, 139
Trd, 8639321.432, 138
Trd, 8639321.582, 111
Trd, 8639322.332, 124
Trd, 8639322.382, 110
Trd, 8639322.732, 140
Trd, 8639323.632, 140
Trd, 8639324.882, 140
Trd, 8639326.882, 63
Trd, 8639327.132, 114
Trd, 8639328.032, 60
Trd, 8639328.682, 63
Trd, 8639329.232, 64
Trd, 8639330.132, 110
Trd, 8639330.532, 104
Trd, 8639331.032, 140
Trd, 8639332.182, 115
Trd, 8639332.532, 138
Trd, 8639333.832, 140
Trd, 8639334.182, 140
Trd, 8639334.382, 140
Trd, 8639334.732, 132
Trd, 8639335.532, 139
Trd, 8639335.832, 113
Trd, 8639336.232, 140
Trd, 8639337.432, 86
Trd, 8639338.232, 86
Trd, 8639338.982, 70
Trd, 8639341.132, 140
Trd, 8639341.332, 140
Trd, 8639341.832, 140
Trd, 8639342.182, 140
Trd, 8639342.532, 140
Trd, 8639342.582, 138
Trd, 8639343.532, 135
Trd, 8639343.982, 130
Trd, 8639344.932, 112
Trd, 8639345.482, 120
Trd, 8639346.282, 136
Trd, 8639346.932, 122
Trd, 8639347.832, 138
Trd, 8639348.282, 68
Trd, 8639349.232, 64
Trd, 8639349.332, 66
Trd, 8639350.182, 140
Trd, 8639350.432, 139
Trd, 8639350.832, 97
Trd, 8639351.782, 140
Trd, 8639351.982, 123
Trd, 8639354.182, 140
Trd, 8639354.432, 140
Trd, 8639355.582, 138
Trd, 8639355.882, 136
Trd, 8639357.132, 140
Trd, 8639357.182, 140
Trd, 8639357.332, 114
Trd, 8639358.132, 136
Trd, 8639358.682, 61
Trd, 8639359.082, 68
Trd, 8639359.632, 63
Trd, 8639360.382, 140
Trd, 8639360.932, 140
Trd, 8639361.232, 140
Trd, 8639361.932, 140
Trd, 8639362.332, 131
Trd, 8639362.532, 135
Trd, 8639363.632, 130
Trd, 8639364.382, 108
Trd, 8639364.882, 108
Trd, 8639365.882, 140
Trd, 8639366.132, 139
Trd, 8639367.582, 139
Trd, 8639368.132, 118
Trd, 8639368.482, 86
Trd, 8639369.132, 120
Trd, 8639369.732, 66
Trd, 8639370.332, 140
Trd, 8639371.532, 139
Trd, 8639371.982, 75
Trd, 8639373.282, 108
Trd, 8639374.332, 137
Trd, 8639374.382, 102
Trd, 8639374.882, 139
Trd, 8639376.982, 110
Trd, 8639377.332, 101
Trd, 8639377.382, 87
Trd, 8639378.882, 140
Trd, 8639379.182, 139
Trd, 8639380.682, 139
Trd, 8639381.232, 137
Trd, 8639381.682, 140
Trd, 8639382.132, 86
Trd, 8639382.532, 135
Trd, 8639382.932, 101
Trd, 8639383.682, 81
Trd, 8639383.732, 79
Trd, 8639384.182, 90
Trd, 8639384.732, 95
Trd, 8639385.632, 86
Trd, 8639386.032, 79
Trd, 8639386.582, 78
Trd, 8639387.132, 140
Trd, 8639388.382, 135
Trd, 8639389.682, 136
Trd, 8639390.232, 140
Trd, 8639390.732, 140
Trd, 8639390.882, 123
Trd, 8639391.132, 105
Trd, 8639391.382, 140
Trd, 8639392.132, 138
Trd, 8639392.932, 140
Trd, 8639393.532, 109
Trd, 8639393.732, 104
Trd, 8639394.532, 100
Trd, 8639395.382, 139
Trd, 8639395.632, 123
Trd, 8639396.782, 140
Trd, 8639397.532, 140
Trd, 8639398.482, 140
Trd, 8639398.832, 140
Trd, 8639399.532, 139
Trd, 8639399.582, 123
Trd, 8639401.032, 118
Trd, 8639401.332, 105
Trd, 8639401.682, 82
Trd, 8639401.732, 125
Trd, 8639402.182, 60
Trd, 8639402.632, 60
Trd, 8639403.682, 138
Trd, 8639404.432, 139
Trd, 8639404.832, 138
Trd, 8639405.582, 139
Trd, 8639405.782, 138
Trd, 8639405.882, 138
Trd, 8639409.332, 140
Trd, 8639409.482, 140
Trd, 8639409.632, 140
Trd, 8639410.282, 138
Trd, 8639411.382, 140
Trd, 8639411.432, 124
Trd, 8639411.482, 101
Trd, 8639411.882, 137
Trd, 8639413.082, 140
Trd, 8639414.182, 77
Trd, 8639414.282, 65
Trd, 8639414.782, 79
Trd, 8639415.282, 111
Trd, 8639416.932, 139
Trd, 8639417.482, 113
Trd, 8639417.632, 108
Trd, 8639418.782, 64
Trd, 8639419.232, 90
Trd, 8639420.232, 63
Trd, 8639420.732, 62
Trd, 8639421.082, 62
Trd, 8639421.582, 75
Trd, 8639421.682, 102
Trd, 8639422.182, 64
Trd, 8639424.282, 61
Trd, 8639425.032, 80
Trd, 8639426.282, 61
Trd, 8639426.332, 128
Trd, 8639426.782, 117
Trd, 8639428.082, 65
Trd, 8639429.432, 60
Trd, 8639429.682, 62
Trd, 8639430.132, 63
Trd, 8639430.932, 95
Trd, 8639432.132, 136
Trd, 8639432.232, 111
Trd, 8639432.682, 109
Trd, 8639433.732, 60
Trd, 8639434.232, 61
Trd, 8639434.482, 60
Trd, 8639434.732, 108
Trd, 8639436.382, 75
Trd, 8639437.432, 72
Trd, 8639438.332, 140
Trd, 8639438.732, 109
Trd, 8639438.832, 67
Trd, 8639439.832, 122
Trd, 8639440.332, 87
Trd, 8639440.432, 124
Trd, 8639441.132, 130
Trd, 8639441.732, 89
Trd, 8639442.382, 95
Trd, 8639443.382, 140
Trd, 8639443.632, 99
Trd, 8639443.882, 86
Trd, 8639445.382, 119
Trd, 8639445.582, 131
Trd, 8639445.732, 105
Trd, 8639446.782, 140
Trd, 8639447.532, 114
Trd, 8639447.882, 119
Trd, 8639449.732, 60
Trd, 8639450.032, 140
Trd, 8639450.132, 69
Trd, 8639451.582, 123
Trd, 8639451.832, 140
Trd, 8639452.082, 125
Trd, 8639452.132, 122
Trd, 8639454.082, 140
Trd, 8639454.632, 127
Trd, 8639454.832, 115
Trd, 8639454.932, 106
Trd, 8639455.382, 131
Trd, 8639455.782, 140
Trd, 8639456.482, 105
Trd, 8639456.882, 100
Trd, 8639459.082, 60
Trd, 8639459.232, 60
Trd, 8639459.532, 62
Trd, 8639459.632, 66
Trd, 8639459.682, 112
Trd, 8639460.132, 102
Trd, 8639462.832, 140
Trd, 8639463.382, 139
Trd, 8639463.482, 138
Trd, 8639463.982, 91
Trd, 8639464.182, 87
Trd, 8639464.282, 138
Trd, 8639465.782, 132
Trd, 8639465.882, 108
Trd, 8639465.932, 105
Trd, 8639466.232, 87
Trd, 8639467.732, 140
Trd, 8639468.382, 140
Trd, 8639468.432, 140
Trd, 8639468.782, 139
Trd, 8639468.932, 133
Trd, 8639470.132, 81
Trd, 8639470.182, 73
Trd, 8639471.032, 134
Trd, 8639471.382, 60
Trd, 8639471.932, 67
Trd, 8639473.782, 139
Trd, 8639474.082, 140
Trd, 8639474.282, 125
Trd, 8639474.582, 66
Trd, 8639475.832, 126
Trd, 8639476.182, 140
Trd, 8639476.482, 140
Trd, 8639476.882, 134
Trd, 8639476.932, 96
Trd, 8639477.182, 68
Trd, 8639478.832, 61
Trd, 8639479.782, 64
Trd, 8639480.882, 82
Trd, 8639481.132, 95
Trd, 8639481.682, 85
Trd, 8639482.682, 114
Trd, 8639483.032, 108
Trd, 8639483.482, 61
Trd, 8639484.432, 66
Trd, 8639484.732, 140
Trd, 8639484.882, 64
Trd, 8639485.182, 124
Trd, 8639486.432, 64
Trd, 8639486.682, 64
Trd, 8639487.332, 107
Trd, 8639488.732, 140
Trd, 8639489.432, 140
Trd, 8639489.832, 140
Trd, 8639490.132, 113
Trd, 8639490.182, 110
Trd, 8639490.382, 92
Trd, 8639491.732, 85
Trd, 8639492.182, 109
Trd, 8639492.732, 64
Trd, 8639492.932, 98
Trd, 8639494.032, 98
Trd, 8639494.732, 136
Trd, 8639494.782, 122
Trd, 8639495.282, 136
Trd, 8639496.382, 130
Trd, 8639496.482, 115
Trd, 8639497.382, 140
Trd, 8639497.432, 140
Trd, 8639498.082, 120
Trd, 8639499.232, 61
Trd, 8639499.582, 140
Trd, 8639500.432, 138
Trd, 8639500.482, 79
Trd, 8639501.282, 78
Trd, 8639502.182, 71
Trd, 8639503.582, 90
Trd, 8639503.682, 126
Trd, 8639504.532, 140
Trd, 8639505.232, 140
Trd, 8639506.032, 64
Trd, 8639506.232, 66
Trd, 8639506.582, 97
Trd, 8639507.382, 137
Trd, 8639508.932, 137
Trd, 8639510.832, 140
Trd, 8639510.882, 140
Trd, 8639512.232, 140
Trd, 8639512.832, 139
Trd, 8639512.932, 121
Trd, 8639513.332, 110
Trd, 8639513.432, 67
Trd, 8639513.532, 90
Trd, 8639514.182, 67
Trd, 8639514.682, 140
Trd, 8639516.682, 61
Trd, 8639517.632, 110
Trd, 8639518.682, 140
Trd, 8639519.182, 109
Trd, 8639519.232, 95
Trd, 8639520.982, 140
Trd, 8639521.282, 78
Trd, 8639521.482, 65
Trd, 8639522.582, 140
Trd, 8639522.682, 140
Trd, 8639523.632, 140
Trd, 8639525.432, 140
Trd, 8639525.632, 140
Trd, 8639526.332, 139
Trd, 8639526.382, 100
Trd, 8639527.182, 64
Trd, 8639527.732, 132
Trd, 8639529.132, 140
Trd, 8639529.832, 140
Trd, 8639530.632, 139
Trd, 8639531.032, 93
Trd, 8639531.432, 91
Trd, 8639532.932, 137
Trd, 8639532.982, 85
Trd, 8639533.282, 71
Trd, 8639533.532, 67
Trd, 8639535.132, 119
Trd, 8639536.532, 81
Trd, 8639537.232, 139
Trd, 8639537.332, 134
Trd, 8639537.832, 82
Trd, 8639538.882, 63
Trd, 8639539.432, 60
Trd, 8639539.832, 68
Trd, 8639540.682, 64
Trd, 8639541.382, 60
Trd, 8639542.032, 65
Trd, 8639543.182, 128
Trd, 8639543.532, 114
Trd, 8639543.782, 113
Trd, 8639543.982, 62
Trd, 8639545.032, 67
Trd, 8639546.132, 99
Trd, 8639546.782, 104
Trd, 8639546.882, 91
Trd, 8639548.132, 140
Trd, 8639548.982, 140
Trd, 8639549.632, 140
Trd, 8639550.432, 140
Trd, 8639550.532, 130
Trd, 8639550.782, 139
Trd, 8639550.982, 116
Trd, 8639551.882, 137
Trd, 8639552.182, 117
Trd, 8639553.482, 140
Trd, 8639554.632, 140
Trd, 8639555.532, 139
Trd, 8639556.182, 139
Trd, 8639557.332, 108
Trd, 8639557.482, 107
Trd, 8639557.582, 86
Trd, 8639558.282, 112
Trd, 8639558.482, 113
Trd, 8639559.532, 82
Trd, 8639560.282, 77
Trd, 8639560.582, 140
Trd, 8639561.732, 116
Trd, 8639561.832, 105
Trd, 8639562.282, 77
Trd, 8639563.332, 60
Trd, 8639563.782, 100
Trd, 8639564.982, 140
Trd, 8639565.132, 61
Trd, 8639565.732, 140
Trd, 8639566.382, 140
Trd, 8639567.582, 68
Trd, 8639568.482, 73
Trd, 8639569.132, 70
Trd, 8639569.282, 80
Trd, 8639570.832, 65
Trd, 8639570.982, 76
Trd, 8639571.082, 88
Trd, 8639572.332, 110
Trd, 8639572.732, 116
Trd, 8639573.032, 105
Trd, 8639573.732, 120
Trd, 8639574.682, 136
Trd, 8639575.432, 60
Trd, 8639576.632, 61
Trd, 8639577.082, 66
Trd, 8639577.132, 67
Trd, 8639578.032, 82
Trd, 8639579.582, 140
Trd, 8639579.682, 140
Trd, 8639579.732, 137
Trd, 8639580.832, 94
Trd, 8639580.982, 81
Trd, 8639581.082, 122
Trd, 8639582.082, 139
Trd, 8639583.232, 124
Trd, 8639584.282, 123
Trd, 8639584.782, 121
Trd, 8639584.832, 105
Trd, 8639585.082, 132
Trd, 8639585.582, 62
Trd, 8639586.582, 70
Trd, 8639587.032, 79
Trd, 8639588.032, 139
Trd, 8639588.282, 107
Trd, 8639589.232, 67
Trd, 8639589.982, 111
Trd, 8639590.182, 66
Trd, 8639591.032, 139
Trd, 8639591.682, 64
Trd, 8639592.482, 140
Trd, 8639594.282, 140
Trd, 8639594.932, 140
Trd, 8639595.382, 132
Trd, 8639595.482, 131
Trd, 8639596.432, 140
Trd, 8639596.882, 140
Trd, 8639596.982, 131
Trd, 8639597.382, 140
Trd, 8639597.982, 125
Trd, 8639598.732, 139
Trd, 8639599.732, 135
Trd, 8639599.982, 132
Trd, 8639600.282, 125
Trd, 8639600.732, 105
Trd, 8639602.532, 140
Trd, 8639602.832, 140
Trd, 8639602.882, 140
Trd, 8639603.782, 109
Trd, 8639603.932, 98
Trd, 8639605.582, 66
Trd, 8639605.732, 62
Trd, 8639606.232, 76
Trd, 8639607.982, 140
Trd, 8639608.132, 140
Trd, 8639608.782, 64
Trd, 8639609.882, 60
Trd, 8639609.982, 63
Trd, 8639610.682, 137
Trd, 8639611.082, 75
Trd, 8639613.232, 140
Trd, 8639613.632, 139
Trd, 8639614.032, 139
Trd, 8639614.082, 117
Trd, 8639614.382, 110
Trd, 8639615.032, 89
Trd, 8639616.082, 140
Trd, 8639616.482, 140
Trd, 8639617.032, 140
Trd, 8639617.082, 140
Trd, 8639617.232, 104
Trd, 8639618.332, 123
Trd, 8639620.032, 140
Trd, 8639620.382, 95
Trd, 8639621.032, 89
Trd, 8639621.232, 107
Trd, 8639621.932, 125
Trd, 8639622.782, 63
Trd, 8639623.432, 140
Trd, 8639623.882, 132
Trd, 8639625.132, 140
Trd, 8639626.282, 140
Trd, 8639626.682, 140
Trd, 8639627.682, 109
Trd, 8639628.232, 72
Trd, 8639628.632, 65
Trd, 8639629.832, 60
Trd, 8639630.882, 66
Trd, 8639630.982, 62
Trd, 8639631.732, 91
Trd, 8639633.082, 140
Trd, 8639633.582, 140
Trd, 8639633.832, 140
Trd, 8639634.532, 122
Trd, 8639634.632, 107
Trd, 8639635.582, 140
Trd, 8639637.232, 139
Trd, 8639637.982, 138
Trd, 8639638.232, 140
Trd, 8639638.282, 136
Trd, 8639638.982, 131
Trd, 8639639.932, 140
Trd, 8639641.132, 140
Trd, 8639641.982, 94
Trd, 8639642.382, 120
Trd, 8639642.982, 70
Trd, 8639643.232, 64
Trd, 8639643.732, 140
Trd, 8639644.832, 139
Trd, 8639645.082, 106
Trd, 8639647.982, 135
Trd, 8639648.032, 134
Trd, 8639648.132, 129
Trd, 8639649.182, 140
Trd, 8639649.232, 139
Trd, 8639649.482, 134
Trd, 8639649.932, 119
Trd, 8639651.082, 140
Trd, 8639651.132, 140
Trd, 8639653.032, 82
Trd, 8639653.082, 70
Trd, 8639653.832, 62
Trd, 8639655.332, 140
Trd, 8639655.682, 140
Trd, 8639656.482, 140
Trd, 8639656.832, 140
Trd, 8639657.382, 140
Trd, 8639657.482, 137
Trd, 8639658.382, 89
Trd, 8639658.782, 68
Trd, 8639659.532, 134
Trd, 8639659.932, 61
Trd, 8639660.532, 71
Trd, 8639661.582, 130
Trd, 8639662.582, 92
Trd, 8639663.032, 68
Trd, 8639664.232, 140
Trd, 8639665.582, 128
Trd, 8639665.682, 127
Trd, 8639665.982, 103
Trd, 8639666.982, 140
Trd, 8639667.382, 138
Trd, 8639667.982, 99
Trd, 8639668.832, 138
Trd, 8639669.882, 140
Trd, 8639670.132, 139
Trd, 8639670.382, 103
Trd, 8639671.482, 140
Trd, 8639671.732, 140
Trd, 8639672.532, 138
Trd, 8639672.632, 138
Trd, 8639672.732, 108
Trd, 8639674.032, 129
Trd, 8639674.582, 103
Trd, 8639675.882, 140
Trd, 8639676.432, 140
Trd, 8639678.432, 140
Trd, 8639678.632, 136
Trd, 8639679.032, 126
Trd, 8639679.832, 108
Trd, 8639680.532, 136
Trd, 8639680.782, 90
Trd, 8639680.982, 89
Trd, 8639681.432, 63
Trd, 8639681.732, 81
Trd, 8639682.482, 61
Trd, 8639684.882, 63
Trd, 8639685.182, 62
Trd, 8639686.382, 140
Trd, 8639686.432, 139
Trd, 8639686.782, 111
Trd, 8639687.782, 79
Trd, 8639688.332, 106
Trd, 8639688.382, 84
Trd, 8639688.482, 78
Trd, 8639690.532, 62
Trd, 8639691.032, 82
Trd, 8639691.482, 140
Trd, 8639691.782, 71
Trd, 8639691.882, 68
Trd, 8639693.482, 140
Trd, 8639694.782, 140
Trd, 8639695.082, 140
Trd, 8639696.282, 140
Trd, 8639696.332, 138
Trd, 8639698.082, 91
Trd, 8639698.282, 82
Trd, 8639698.832, 139
Trd, 8639699.432, 138
Trd, 8639700.182, 140
Trd, 8639700.932, 103
Trd, 8639701.232, 114
Trd, 8639702.832, 101
Trd, 8639703.032, 100
Trd, 8639703.182, 76
Trd, 8639703.482, 135
Trd, 8639703.632, 65
Trd, 8639704.682, 64
Trd, 8639705.032, 64
Trd, 8639705.482, 92
Trd, 8639705.532, 91
Trd, 8639706.482, 61
Trd, 8639708.132, 64
Trd, 8639708.282, 65
Trd, 8639708.632, 140
Trd, 8639709.032, 65
Trd, 8639709.932, 64
Trd, 8639710.832, 61
Trd, 8639711.632, 60
Trd, 8639712.332, 81
Trd, 8639712.732, 140
Trd, 8639713.632, 120
Trd, 8639714.932, 138
Trd, 8639715.382, 136
Trd, 8639715.682, 137
Trd, 8639716.182, 106
Trd, 8639717.732, 140
Trd, 8639718.282, 120
Trd, 8639718.532, 115
Trd, 8639718.882, 113
Trd, 8639719.632, 140
Trd, 8639720.332, 122
Trd, 8639720.932, 101
Trd, 8639721.432, 110
Trd, 8639721.732, 102
Trd, 8639722.432, 101
Trd, 8639722.682, 98
Trd, 8639725.032, 69
Trd, 8639725.832, 111
Trd, 8639725.882, 115
Trd, 8639726.182, 74
Trd, 8639726.382, 75
Trd, 8639727.982, 94
Trd, 8639728.432, 137
Trd, 8639729.832, 139
Trd, 8639730.332, 139
Trd, 8639731.482, 123
Trd, 8639731.982, 139
Trd, 8639732.032, 108
Trd, 8639732.382, 107
Trd, 8639732.482, 101
Trd, 8639732.782, 123
Trd, 8639735.782, 140
Trd, 8639736.332, 124
Trd, 8639736.932, 75
Trd, 8639737.582, 138
Trd, 8639738.332, 84
Trd, 8639738.682, 140
Trd, 8639738.782, 140
Trd, 8639739.282, 71
Trd, 8639740.182, 64
Trd, 8639740.232, 133
Trd, 8639740.732, 79
Trd, 8639743.232, 61
Trd, 8639743.582, 68
Trd, 8639743.982, 61
Trd, 8639744.582, 117
Trd, 8639744.732, 140
Trd, 8639746.782, 139
Trd, 8639747.382, 112
Trd, 8639747.532, 111
Trd, 8639747.582, 83
Trd, 8639747.982, 75
Trd, 8639749.232, 140
Trd, 8639749.482, 140
Trd, 8639750.482, 110
Trd, 8639750.882, 91
Trd, 8639751.182, 140
Trd, 8639752.432, 140
Trd, 8639752.932, 139
Trd, 8639753.832, 60
Trd, 8639754.032, 61
Trd, 8639754.732, 65
Trd, 8639755.882, 103
Trd, 8639756.982, 140
Trd, 8639757.282, 115
Trd, 8639758.232, 140
Trd, 8639758.532, 118
Trd, 8639759.432, 140
Trd, 8639761.282, 140
Trd, 8639761.432, 139
Trd, 8639761.482, 137
Trd, 8639761.982, 107
Trd, 8639762.132, 98
Trd, 8639762.382, 108
Trd, 8639762.632, 113
Trd, 8639763.832, 139
Trd, 8639764.182, 140
Trd, 8639764.282, 111
Trd, 8639764.432, 93
Trd, 8639766.082, 80
Trd, 8639766.182, 79
Trd, 8639766.982, 139
Trd, 8639767.432, 140
Trd, 8639768.532, 125
Trd, 8639768.782, 102
Trd, 8639769.832, 124
Trd, 8639770.282, 100
Trd, 8639771.482, 132
Trd, 8639771.782, 140
Trd, 8639772.382, 98
Trd, 8639772.432, 97
Trd, 8639773.382, 131
Trd, 8639774.332, 139
Trd, 8639774.682, 139
Trd, 8639774.882, 138
Trd, 8639775.282, 138
Trd, 8639777.682, 140
Trd, 8639778.082, 140
Trd, 8639778.182, 109
Trd, 8639778.432, 140
Trd, 8639778.732, 140
Trd, 8639779.332, 140
Trd, 8639780.182, 119
Trd, 8639780.382, 120
Trd, 8639780.832, 100
Trd, 8639780.932, 87
Trd, 8639781.932, 139
Trd, 8639782.382, 138
Trd, 8639783.282, 139
Trd, 8639783.332, 137
Trd, 8639783.982, 140
Trd, 8639785.232, 139
Trd, 8639785.582, 110
Trd, 8639785.732, 91
Trd, 8639786.532, 140
Trd, 8639787.682, 140
Trd, 8639787.732, 140
Trd, 8639788.982, 61
Trd, 8639789.332, 140
Trd, 8639789.432, 140
Trd, 8639789.982, 93
Trd, 8639790.032, 92
Trd, 8639790.432, 79
Trd, 8639791.282, 78
Trd, 8639791.682, 119
Trd, 8639792.632, 108
Trd, 8639793.382, 140
Trd, 8639794.582, 140
Trd, 8639795.082, 82
Trd, 8639795.132, 75
Trd, 8639796.682, 139
Trd, 8639797.032, 138
Trd, 8639797.532, 85
Trd, 8639798.132, 62
Trd, 8639799.282, 80
Trd, 8639799.482, 104
Trd, 8639800.232, 80
Trd, 8639801.582, 140
Trd, 8639801.982, 140
Trd, 8639802.032, 140
Trd, 8639803.582, 132
Trd, 8639804.032, 100
Trd, 8639804.132, 99
Trd, 8639804.982, 140
Trd, 8639805.282, 139
Trd, 8639805.482, 140
Trd, 8639806.082, 97
Trd, 8639808.782, 118
Trd, 8639809.482, 117
Trd, 8639809.632, 136
Trd, 8639811.032, 139
Trd, 8639811.532, 140
Trd, 8639812.382, 140
Trd, 8639812.432, 134
Trd, 8639812.732, 140
Trd, 8639813.082, 140
Trd, 8639813.532, 133
Trd, 8639814.582, 116
Trd, 8639815.132, 139
Trd, 8639815.582, 91
Trd, 8639815.782, 88
Trd, 8639816.732, 122
Trd, 8639817.082, 91
Trd, 8639817.182, 62
Trd, 8639817.732, 124
Trd, 8639819.132, 140
Trd, 8639820.382, 140
Trd, 8639820.982, 140
Trd, 8639821.532, 135
Trd, 8639821.732, 126
Trd, 8639822.332, 99
Trd, 8639823.682, 140
Trd, 8639823.882, 139
Trd, 8639824.032, 101
Trd, 8639825.282, 124
Trd, 8639825.332, 66
Trd, 8639825.582, 136
Trd, 8639826.082, 140
Trd, 8639826.782, 63
Trd, 8639827.632, 78
Trd, 8639828.932, 121
Trd, 8639829.032, 120
Trd, 8639829.432, 76
Trd, 8639830.982, 68
Trd, 8639831.832, 60
Trd, 8639832.482, 71
Trd, 8639832.882, 115
Trd, 8639834.082, 140
Trd, 8639834.182, 139
Trd, 8639834.282, 106
Trd, 8639834.432, 140
Trd, 8639835.632, 87
Trd, 8639836.332, 62
Trd, 8639836.482, 71
Trd, 8639838.032, 140
Trd, 8639838.132, 139
Trd, 8639839.982, 128
Trd, 8639840.032, 127
Trd, 8639840.682, 125
Trd, 8639841.832, 127
Trd, 8639842.132, 119
Trd, 8639843.382, 93
Trd, 8639843.782, 91
Trd, 8639843.982, 114
Trd, 8639844.282, 139
Trd, 8639845.032, 139
Trd, 8639845.182, 140
Trd, 8639846.582, 125
Trd, 8639847.682, 140
Trd, 8639848.032, 121
Trd, 8639848.382, 91
Trd, 8639848.882, 107
Trd, 8639849.132, 140
Trd, 8639850.082, 88
Trd, 8639850.882, 109
Trd, 8639851.482, 140
Trd, 8639853.482, 140
Trd, 8639853.782, 135
Trd, 8639853.932, 133
Trd, 8639854.282, 106
Trd, 8639854.582, 138
Trd, 8639854.782, 103
Trd, 8639855.982, 104
Trd, 8639856.232, 104
Trd, 8639856.982, 140
Trd, 8639858.232, 139
Trd, 8639858.732, 137
Trd, 8639859.582, 139
Trd, 8639859.882, 130
Trd, 8639860.132, 105
Trd, 8639861.782, 107
Trd, 8639862.632, 140
Trd, 8639863.382, 140
Trd, 8639864.182, 138
Trd, 8639864.432, 101
Trd, 8639865.182, 68
Trd, 8639865.532, 64
Trd, 8639866.532, 111
Trd, 8639868.482, 140
Trd, 8639868.782, 125
Trd, 8639869.032, 110
Trd, 8639869.132, 91
Trd, 8639869.532, 73
Trd, 8639869.832, 97
Trd, 8639870.482, 64
Trd, 8639871.082, 107
Trd, 8639872.182, 140
Trd, 8639872.382, 117
Trd, 8639873.282, 114
Trd, 8639873.882, 102
Trd, 8639875.032, 96
Trd, 8639875.082, 103
Trd, 8639875.382, 114
Trd, 8639877.132, 140
Trd, 8639878.132, 138
Trd, 8639878.882, 111
Trd, 8639878.982, 99
Trd, 8639879.082, 89
Trd, 8639879.732, 140
Trd, 8639880.132, 124
Trd, 8639880.782, 135
Trd, 8639880.882, 119
Trd, 8639883.532, 123
Trd, 8639883.982, 108
Trd, 8639884.632, 104
Trd, 8639884.882, 75
Trd, 8639885.282, 140
Trd, 8639885.482, 139
Trd, 8639886.282, 85
Trd, 8639886.732, 84
Trd, 8639887.432, 91
Trd, 8639888.282, 139
Trd, 8639888.532, 139
Trd, 8639890.082, 140
Trd, 8639890.582, 138
Trd, 8639890.782, 109
Trd, 8639891.782, 65
Trd, 8639891.982, 65
Trd, 8639893.332, 132
Trd, 8639893.582, 140
Trd, 8639895.532, 140
Trd, 8639896.082, 140
Trd, 8639897.082, 140
Trd, 8639897.132, 139
Trd, 8639897.282, 138
Trd, 8639899.682, 136
Trd, 8639900.082, 122
Trd, 8639900.132, 114
Trd, 8639900.932, 140
Trd, 8639901.432, 140
Trd, 8639902.732, 140
Trd, 8639903.982, 140
Trd, 8639904.482, 140
Trd, 8639904.532, 132
Trd, 8639904.732, 109
Trd, 8639904.882, 104
Trd, 8639905.782, 139
Trd, 8639906.182, 140
Trd, 8639906.732, 140
Trd, 8639908.082, 140
Trd, 8639908.232, 139
Trd, 8639908.482, 126
Trd, 8639908.732, 62
Trd, 8639909.632, 100
Trd, 8639909.982, 62
Trd, 8639910.132, 119
Trd, 8639910.882, 112
Trd, 8639911.882, 60
Trd, 8639913.282, 60
Trd, 8639913.332, 60
Trd, 8639913.832, 62
Trd, 8639914.882, 77
Trd, 8639915.132, 122
Trd, 8639915.232, 64
Trd, 8639915.632, 90
Trd, 8639918.282, 140
Trd, 8639918.432, 140
Trd, 8639918.832, 140
Trd, 8639919.032, 139
Trd, 8639920.432, 140
Trd, 8639920.482, 117
Trd, 8639921.732, 138
Trd, 8639922.482, 122
Trd, 8639922.982, 120
Trd, 8639923.032, 85
Trd, 8639923.732, 64
Trd, 8639923.782, 118
Trd, 8639925.032, 104
Trd, 8639925.482, 113
Trd, 8639925.882, 113
Trd, 8639926.732, 137
Trd, 8639928.232, 136
Trd, 8639929.182, 104
Trd, 8639929.832, 123
Trd, 8639930.482, 75
Trd, 8639930.782, 127
Trd, 8639930.882, 63
Trd, 8639932.382, 140
Trd, 8639932.832, 140
Trd, 8639933.882, 140
Trd, 8639934.182, 140
Trd, 8639935.382, 139
Trd, 8639936.682, 120
Trd, 8639936.782, 119
Trd, 8639936.932, 115
Trd, 8639937.082, 97
Trd, 8639937.232, 96
Trd, 8639938.232, 140
Trd, 8639939.282, 140
Trd, 8639939.432, 139
Trd, 8639940.782, 110
Trd, 8639940.882, 88
Trd, 8639941.232, 64
Trd, 8639942.082, 131
Trd, 8639943.232, 122
Trd, 8639943.882, 125
Trd, 8639944.332, 99
Trd, 8639944.382, 90
Trd, 8639945.282, 84
Trd, 8639946.782, 139
Trd, 8639947.132, 85
Trd, 8639947.282, 65
Trd, 8639947.982, 140
Trd, 8639949.032, 62
Trd, 8639949.382, 73
Trd, 8639950.582, 134
Trd, 8639950.632, 121
Trd, 8639950.732, 112
Trd, 8639951.182, 139
Trd, 8639952.182, 68
Trd, 8639953.082, 60
Trd, 8639953.482, 62
Trd, 8639953.582, 62
Trd, 8639954.132, 62
Trd, 8639955.282, 108
Trd, 8639955.432, 77
Trd, 8639956.282, 73
Trd, 8639957.182, 72
Trd, 8639957.482, 76
Trd, 8639958.532, 140
Trd, 8639959.232, 139
Trd, 8639959.332, 123
Trd, 8639960.132, 140
Trd, 8639960.232, 140
Trd, 8639961.832, 135
Trd, 8639963.332, 140
Trd, 8639964.132, 133
Trd, 8639964.882, 130
Trd, 8639965.132, 130
Trd, 8639965.182, 129
Trd, 8639965.732, 140
Trd, 8639965.932, 128
Trd, 8639966.382, 126
Trd, 8639967.382, 137
Trd, 8639967.432, 137
Trd, 8639968.282, 61
Trd, 8639969.032, 138
Trd, 8639969.082, 97
Trd, 8639970.132, 139
Trd, 8639970.382, 75
Trd, 8639971.732, 60
Trd, 8639972.332, 66
Trd, 8639973.232, 60
Trd, 8639973.532, 96
Trd, 8639974.282, 64
Trd, 8639974.382, 68
Trd, 8639974.982, 61
Trd, 8639976.182, 81
Trd, 8639977.132, 104
Trd, 8639978.232, 116
Trd, 8639978.282, 92
Trd, 8639979.232, 137
Trd, 8639979.332, 136
Trd, 8639979.682, 140
Trd, 8639980.232, 61
Trd, 8639981.232, 93
Trd, 8639982.082, 135
Trd, 8639983.232, 140
Trd, 8639983.932, 120
Trd, 8639984.432, 127
Trd, 8639984.882, 124
Trd, 8639985.182, 90
Trd, 8639985.682, 137
Trd, 8639985.882, 139
Trd, 8639985.932, 96
Trd, 8639987.132, 140
Trd, 8639987.682, 138
Trd, 8639989.032, 101
Trd, 8639989.432, 114
Trd, 8639990.882, 140
Trd, 8639991.232, 139
Trd, 8639991.432, 100
Trd, 8639991.932, 95
Trd, 8639992.582, 119
Trd, 8639992.782, 93
Trd, 8639993.832, 140
Trd, 8639993.932, 105
Trd, 8639994.432, 104
Trd, 8639994.632, 113
Trd, 8639995.882, 111
Trd, 8639995.932, 139
Trd, 8639996.382, 121
Trd, 8639997.382, 80
Trd, 8639997.432, 70
Trd, 8639998.482, 140
Trd, 8639998.582, 138
