Trd, 8638134.382, 140
Trd, 8638134.482, 139
Trd, 8638135.132, 139
Trd, 8638137.132, 140
Trd, 8638138.032, 140
Trd, 8638138.782, 140
Trd, 8638139.232, 140
Trd, 8638139.732, 140
Trd, 8638140.882, 139
Trd, 8638141.282, 125
Trd, 8638142.982, 109
Trd, 8638143.232, 137
Trd, 8638143.282, 134
Trd, 8638143.932, 79
Trd, 8638144.032, 78
Trd, 8638144.882, 139
Trd, 8638145.382, 139
Trd, 8638145.732, 138
Trd, 8638146.832, 89
Trd, 8638147.582, 64
Trd, 8638150.382, 65
Trd, 8638151.032, 67
Trd, 8638151.332, 66
Trd, 8638151.432, 68
Trd, 8638151.482, 70
Trd, 8638151.682, 64
Trd, 8638153.032, 139
Trd, 8638154.482, 134
Trd, 8638154.682, 109
Trd, 8638155.582, 139
Trd, 8638155.932, 124
Trd, 8638155.982, 120
Trd, 8638158.032, 140
Trd, 8638158.232, 140
Trd, 8638158.332, 139
Trd, 8638161.282, 140
Trd, 8638162.182, 137
Trd, 8638162.782, 133
Trd, 8638162.932, 132
Trd, 8638163.432, 120
Trd, 8638164.332, 132
Trd, 8638164.932, 120
Trd, 8638165.082, 110
Trd, 8638167.282, 140
Trd, 8638167.432, 140
Trd, 8638168.082, 139
Trd, 8638168.932, 139
Trd, 8638169.182, 129
Trd, 8638169.882, 129
Trd, 8638170.232, 128
Trd, 8638170.482, 120
Trd, 8638171.532, 130
Trd, 8638171.882, 72
Trd, 8638172.082, 71
Trd, 8638172.132, 132
Trd, 8638173.082, 88
Trd, 8638173.782, 139
Trd, 8638174.582, 115
Trd, 8638176.032, 140
Trd, 8638176.482, 140
Trd, 8638177.232, 140
Trd, 8638177.732, 137
Trd, 8638178.182, 88
Trd, 8638178.332, 133
Trd, 8638180.682, 138
Trd, 8638180.732, 137
Trd, 8638180.932, 117
Trd, 8638181.132, 67
Trd, 8638182.582, 140
Trd, 8638183.332, 140
Trd, 8638184.482, 140
Trd, 8638185.482, 139
Trd, 8638185.532, 134
Trd, 8638186.582, 139
Trd, 8638187.082, 138
Trd, 8638188.682, 132
Trd, 8638189.082, 131
Trd, 8638189.382, 128
Trd, 8638189.732, 123
Trd, 8638190.032, 112
Trd, 8638190.382, 138
Trd, 8638191.582, 62
Trd, 8638192.682, 130
Trd, 8638193.232, 90
Trd, 8638195.082, 140
Trd, 8638195.232, 134
Trd, 8638197.182, 140
Trd, 8638197.232, 140
Trd, 8638197.432, 140
Trd, 8638197.682, 139
Trd, 8638198.432, 138
Trd, 8638198.732, 119
Trd, 8638200.332, 60
Trd, 8638200.982, 60
Trd, 8638201.682, 70
Trd, 8638202.082, 66
Trd, 8638202.732, 89
Trd, 8638203.232, 94
Trd, 8638203.832, 140
Trd, 8638204.082, 118
Trd, 8638204.982, 95
Trd, 8638205.332, 89
Trd, 8638206.332, 88
Trd, 8638207.482, 140
Trd, 8638207.932, 134
Trd, 8638208.032, 133
Trd, 8638209.032, 93
Trd, 8638210.082, 93
Trd, 8638211.132, 140
Trd, 8638211.182, 138
Trd, 8638212.582, 80
Trd, 8638213.082, 86
Trd, 8638213.232, 95
Trd, 8638213.282, 80
Trd, 8638214.732, 60
Trd, 8638215.632, 65
Trd, 8638216.182, 65
Trd, 8638218.082, 60
Trd, 8638220.082, 60
Trd, 8638220.182, 61
Trd, 8638220.432, 60
Trd, 8638222.482, 60
Trd, 8638222.982, 61
Trd, 8638223.532, 66
Trd, 8638223.632, 62
Trd, 8638223.882, 84
Trd, 8638224.232, 125
Trd, 8638225.732, 139
Trd, 8638225.782, 128
Trd, 8638226.182, 139
Trd, 8638226.332, 106
Trd, 8638228.832, 125
Trd, 8638229.032, 124
Trd, 8638229.082, 114
Trd, 8638229.182, 86
Trd, 8638229.932, 133
Trd, 8638231.632, 95
Trd, 8638231.832, 92
Trd, 8638232.082, 139
Trd, 8638232.532, 100
Trd, 8638232.582, 93
Trd, 8638234.432, 140
Trd, 8638234.482, 136
Trd, 8638235.682, 137
Trd, 8638236.032, 125
Trd, 8638236.982, 140
Trd, 8638237.182, 140
Trd, 8638238.532, 123
Trd, 8638239.532, 124
Trd, 8638239.582, 114
Trd, 8638240.032, 104
Trd, 8638241.482, 139
Trd, 8638243.482, 121
Trd, 8638244.632, 127
Trd, 8638244.982, 140
Trd, 8638245.032, 137
Trd, 8638246.632, 95
Trd, 8638248.032, 124
Trd, 8638248.632, 77
Trd, 8638249.082, 113
Trd, 8638249.382, 133
Trd, 8638249.532, 74
Trd, 8638249.582, 73
Trd, 8638251.582, 140
Trd, 8638252.132, 139
Trd, 8638252.832, 140
Trd, 8638252.932, 136
Trd, 8638253.732, 129
Trd, 8638254.282, 135
Trd, 8638254.382, 124
Trd, 8638255.032, 140
Trd, 8638256.282, 138
Trd, 8638256.532, 110
Trd, 8638256.982, 123
Trd, 8638257.432, 108
Trd, 8638257.482, 97
Trd, 8638258.532, 139
Trd, 8638259.282, 140
Trd, 8638259.932, 108
Trd, 8638260.482, 107
Trd, 8638261.882, 140
Trd, 8638262.032, 140
Trd, 8638263.182, 126
Trd, 8638263.982, 120
Trd, 8638265.432, 136
Trd, 8638267.182, 140
Trd, 8638267.582, 130
Trd, 8638267.732, 120
Trd, 8638268.982, 140
Trd, 8638269.182, 140
Trd, 8638269.332, 140
Trd, 8638269.782, 120
Trd, 8638270.982, 137
Trd, 8638271.082, 119
Trd, 8638271.182, 86
Trd, 8638271.282, 85
Trd, 8638271.732, 60
Trd, 8638272.482, 138
Trd, 8638274.182, 63
Trd, 8638274.882, 60
Trd, 8638275.432, 60
Trd, 8638276.582, 60
Trd, 8638277.732, 77
Trd, 8638277.782, 79
Trd, 8638278.582, 103
Trd, 8638278.982, 103
Trd, 8638279.582, 139
Trd, 8638280.232, 140
Trd, 8638280.782, 102
Trd, 8638281.632, 65
Trd, 8638282.032, 100
Trd, 8638283.482, 62
Trd, 8638283.732, 62
Trd, 8638285.082, 133
Trd, 8638285.282, 123
Trd, 8638285.732, 107
Trd, 8638287.132, 140
Trd, 8638287.632, 140
Trd, 8638288.132, 140
Trd, 8638288.732, 140
Trd, 8638289.132, 122
Trd, 8638289.732, 133
Trd, 8638290.782, 119
Trd, 8638291.782, 120
Trd, 8638292.132, 111
Trd, 8638292.982, 140
Trd, 8638293.832, 140
Trd, 8638293.982, 140
Trd, 8638295.532, 140
Trd, 8638296.132, 140
Trd, 8638296.282, 140
Trd, 8638296.832, 135
Trd, 8638297.082, 101
Trd, 8638298.882, 103
Trd, 8638298.982, 97
Trd, 8638300.832, 140
Trd, 8638301.182, 140
Trd, 8638301.232, 128
Trd, 8638302.082, 65
Trd, 8638303.332, 60
Trd, 8638304.132, 60
Trd, 8638306.282, 61
Trd, 8638306.632, 64
Trd, 8638306.932, 63
Trd, 8638307.382, 70
Trd, 8638308.232, 73
Trd, 8638308.282, 125
Trd, 8638309.332, 138
Trd, 8638309.782, 140
Trd, 8638310.132, 135
Trd, 8638311.132, 117
Trd, 8638312.382, 99
Trd, 8638312.782, 140
Trd, 8638314.432, 140
Trd, 8638314.532, 140
Trd, 8638314.632, 140
Trd, 8638314.832, 138
Trd, 8638315.582, 88
Trd, 8638316.982, 61
Trd, 8638317.832, 62
Trd, 8638319.282, 60
Trd, 8638319.832, 61
Trd, 8638320.332, 64
Trd, 8638321.182, 62
Trd, 8638321.632, 91
Trd, 8638321.782, 92
Trd, 8638322.982, 61
Trd, 8638324.282, 63
Trd, 8638324.532, 62
Trd, 8638325.382, 64
Trd, 8638325.432, 72
Trd, 8638327.482, 63
Trd, 8638329.282, 60
Trd, 8638329.382, 60
Trd, 8638329.582, 61
Trd, 8638329.632, 60
Trd, 8638329.982, 60
Trd, 8638330.482, 60
Trd, 8638330.982, 101
Trd, 8638331.432, 69
Trd, 8638331.632, 79
Trd, 8638332.482, 115
Trd, 8638333.882, 60
Trd, 8638334.982, 140
Trd, 8638335.232, 140
Trd, 8638335.332, 139
Trd, 8638335.882, 138
Trd, 8638335.982, 137
Trd, 8638336.682, 119
Trd, 8638338.732, 139
Trd, 8638339.182, 139
Trd, 8638339.632, 140
Trd, 8638339.782, 139
Trd, 8638340.332, 130
Trd, 8638340.982, 139
Trd, 8638341.382, 128
Trd, 8638341.982, 102
Trd, 8638342.132, 101
Trd, 8638343.232, 64
Trd, 8638343.932, 61
Trd, 8638344.182, 67
Trd, 8638345.432, 109
Trd, 8638345.732, 108
Trd, 8638345.932, 140
Trd, 8638347.482, 140
Trd, 8638347.832, 139
Trd, 8638348.582, 130
Trd, 8638349.232, 132
Trd, 8638350.032, 131
Trd, 8638351.082, 74
Trd, 8638352.232, 139
Trd, 8638352.982, 139
Trd, 8638354.132, 132
Trd, 8638354.282, 132
Trd, 8638354.732, 139
Trd, 8638355.182, 111
Trd, 8638355.232, 110
Trd, 8638357.382, 138
Trd, 8638357.432, 137
Trd, 8638357.632, 104
Trd, 8638357.782, 104
Trd, 8638358.482, 137
Trd, 8638359.832, 103
Trd, 8638360.782, 140
Trd, 8638361.732, 139
Trd, 8638363.032, 132
Trd, 8638363.132, 123
Trd, 8638364.382, 108
Trd, 8638364.582, 96
Trd, 8638366.032, 139
Trd, 8638366.132, 139
Trd, 8638367.582, 140
Trd, 8638368.532, 140
Trd, 8638369.082, 140
Trd, 8638369.682, 140
Trd, 8638369.732, 140
Trd, 8638370.682, 139
Trd, 8638371.032, 128
Trd, 8638371.382, 93
Trd, 8638373.482, 138
Trd, 8638375.082, 140
Trd, 8638375.582, 139
Trd, 8638375.682, 139
Trd, 8638375.932, 110
Trd, 8638377.132, 140
Trd, 8638379.032, 140
Trd, 8638379.632, 140
Trd, 8638379.782, 140
Trd, 8638379.832, 130
Trd, 8638380.782, 101
Trd, 8638381.282, 83
Trd, 8638382.482, 131
Trd, 8638383.332, 140
Trd, 8638383.532, 139
Trd, 8638383.832, 139
Trd, 8638386.332, 130
Trd, 8638386.382, 128
Trd, 8638386.582, 132
Trd, 8638386.782, 119
Trd, 8638386.982, 85
Trd, 8638389.182, 60
Trd, 8638389.332, 60
Trd, 8638390.432, 62
Trd, 8638391.432, 60
Trd, 8638391.582, 60
Trd, 8638391.732, 65
Trd, 8638392.232, 66
Trd, 8638392.932, 62
Trd, 8638393.282, 63
Trd, 8638394.732, 81
Trd, 8638395.632, 78
Trd, 8638396.032, 73
Trd, 8638397.282, 140
Trd, 8638397.382, 136
Trd, 8638398.282, 67
Trd, 8638399.282, 135
Trd, 8638400.232, 61
Trd, 8638400.282, 62
Trd, 8638400.382, 75
Trd, 8638401.132, 64
Trd, 8638402.932, 60
Trd, 8638403.732, 140
Trd, 8638404.482, 140
Trd, 8638404.582, 140
Trd, 8638404.982, 139
Trd, 8638405.132, 136
Trd, 8638405.732, 126
Trd, 8638406.132, 100
Trd, 8638407.132, 128
Trd, 8638408.082, 140
Trd, 8638408.382, 140
Trd, 8638410.132, 140
Trd, 8638410.832, 140
Trd, 8638412.832, 140
Trd, 8638413.632, 140
Trd, 8638414.582, 140
Trd, 8638415.232, 140
Trd, 8638415.432, 119
Trd, 8638415.982, 112
Trd, 8638416.732, 60
Trd, 8638417.732, 60
Trd, 8638417.832, 62
Trd, 8638418.032, 64
Trd, 8638419.082, 70
Trd, 8638420.682, 71
Trd, 8638422.182, 84
Trd, 8638422.232, 72
Trd, 8638422.682, 65
Trd, 8638422.782, 60
Trd, 8638424.082, 60
Trd, 8638424.132, 60
Trd, 8638424.982, 60
Trd, 8638426.882, 75
Trd, 8638426.932, 80
Trd, 8638427.382, 75
Trd, 8638427.432, 74
Trd, 8638427.632, 96
Trd, 8638428.632, 63
Trd, 8638428.882, 115
Trd, 8638430.782, 60
Trd, 8638432.082, 60
Trd, 8638433.332, 60
Trd, 8638434.382, 60
Trd, 8638434.482, 62
Trd, 8638434.882, 60
Trd, 8638436.382, 63
Trd, 8638436.532, 61
Trd, 8638436.682, 65
Trd, 8638437.582, 61
Trd, 8638437.782, 62
Trd, 8638438.032, 140
Trd, 8638438.782, 112
Trd, 8638439.632, 130
Trd, 8638440.132, 124
Trd, 8638441.082, 127
Trd, 8638442.032, 137
Trd, 8638442.732, 84
Trd, 8638443.132, 140
Trd, 8638443.332, 83
Trd, 8638444.882, 135
Trd, 8638445.182, 134
Trd, 8638446.082, 140
Trd, 8638446.332, 139
Trd, 8638446.882, 137
Trd, 8638447.632, 89
Trd, 8638448.532, 77
Trd, 8638448.882, 74
Trd, 8638451.382, 140
Trd, 8638451.832, 140
Trd, 8638452.332, 140
Trd, 8638454.882, 140
Trd, 8638454.982, 140
Trd, 8638455.532, 140
Trd, 8638456.932, 140
Trd, 8638457.332, 139
Trd, 8638458.032, 94
Trd, 8638460.682, 140
Trd, 8638460.732, 140
Trd, 8638461.632, 139
Trd, 8638461.732, 133
Trd, 8638462.232, 123
Trd, 8638462.732, 121
Trd, 8638463.332, 140
Trd, 8638463.982, 140
Trd, 8638465.682, 140
Trd, 8638465.732, 131
Trd, 8638465.932, 130
Trd, 8638466.082, 100
Trd, 8638467.032, 81
Trd, 8638467.082, 127
Trd, 8638468.582, 121
Trd, 8638468.832, 120
Trd, 8638470.532, 140
Trd, 8638471.782, 140
Trd, 8638472.082, 139
Trd, 8638472.182, 128
Trd, 8638472.432, 110
Trd, 8638473.132, 140
Trd, 8638474.282, 139
Trd, 8638474.382, 138
Trd, 8638474.732, 126
Trd, 8638474.982, 97
Trd, 8638476.382, 63
Trd, 8638476.982, 101
Trd, 8638477.482, 66
Trd, 8638478.882, 140
Trd, 8638479.582, 140
Trd, 8638480.082, 140
Trd, 8638480.432, 140
Trd, 8638481.282, 139
Trd, 8638482.832, 140
Trd, 8638482.932, 140
Trd, 8638483.082, 139
Trd, 8638483.182, 138
Trd, 8638483.782, 123
Trd, 8638484.782, 111
Trd, 8638485.382, 94
Trd, 8638485.582, 88
Trd, 8638486.532, 140
Trd, 8638486.982, 140
Trd, 8638487.832, 140
Trd, 8638487.982, 140
Trd, 8638489.732, 140
Trd, 8638490.032, 130
Trd, 8638491.632, 140
Trd, 8638491.732, 140
Trd, 8638492.482, 140
Trd, 8638493.982, 140
Trd, 8638494.532, 140
Trd, 8638494.632, 128
Trd, 8638494.982, 104
Trd, 8638495.632, 140
Trd, 8638499.032, 140
Trd, 8638499.632, 140
Trd, 8638501.332, 140
Trd, 8638501.382, 140
Trd, 8638501.532, 140
Trd, 8638502.782, 140
Trd, 8638503.832, 139
Trd, 8638504.532, 140
Trd, 8638505.132, 140
Trd, 8638505.582, 138
Trd, 8638505.732, 134
Trd, 8638506.382, 130
Trd, 8638507.432, 140
Trd, 8638507.782, 140
Trd, 8638507.982, 128
Trd, 8638509.332, 139
Trd, 8638509.582, 98
Trd, 8638511.432, 140
Trd, 8638512.782, 140
Trd, 8638512.982, 140
Trd, 8638514.332, 108
Trd, 8638514.932, 108
Trd, 8638515.332, 108
Trd, 8638516.482, 140
Trd, 8638516.532, 140
Trd, 8638517.432, 140
Trd, 8638517.682, 80
Trd, 8638518.382, 65
Trd, 8638520.682, 140
Trd, 8638520.732, 140
Trd, 8638520.832, 139
Trd, 8638521.432, 139
Trd, 8638522.532, 140
Trd, 8638522.582, 127
Trd, 8638522.932, 103
Trd, 8638522.982, 102
Trd, 8638523.932, 139
Trd, 8638524.482, 140
Trd, 8638527.832, 140
Trd, 8638528.132, 139
Trd, 8638531.082, 140
Trd, 8638531.282, 140
Trd, 8638531.782, 140
Trd, 8638532.632, 140
Trd, 8638532.732, 140
Trd, 8638532.882, 140
Trd, 8638533.382, 126
Trd, 8638534.332, 140
Trd, 8638535.282, 100
Trd, 8638535.482, 99
Trd, 8638536.982, 138
Trd, 8638537.582, 139
Trd, 8638537.982, 138
Trd, 8638538.232, 130
Trd, 8638538.932, 127
Trd, 8638540.032, 140
Trd, 8638541.882, 140
Trd, 8638542.182, 140
Trd, 8638543.332, 139
Trd, 8638544.532, 135
Trd, 8638544.582, 134
Trd, 8638544.632, 130
Trd, 8638544.982, 117
Trd, 8638546.882, 140
Trd, 8638547.632, 75
Trd, 8638548.632, 66
Trd, 8638549.832, 140
Trd, 8638550.782, 140
Trd, 8638550.882, 129
Trd, 8638550.982, 102
Trd, 8638551.682, 63
Trd, 8638552.282, 86
Trd, 8638552.882, 132
Trd, 8638553.732, 65
Trd, 8638555.082, 60
Trd, 8638556.382, 61
Trd, 8638556.932, 140
Trd, 8638557.282, 93
Trd, 8638557.982, 97
Trd, 8638558.132, 117
Trd, 8638558.482, 96
Trd, 8638559.382, 139
Trd, 8638560.032, 82
Trd, 8638561.182, 82
Trd, 8638562.032, 137
Trd, 8638563.582, 84
Trd, 8638564.032, 140
Trd, 8638564.382, 117
Trd, 8638564.932, 88
Trd, 8638566.382, 91
Trd, 8638566.432, 88
Trd, 8638567.182, 136
Trd, 8638567.482, 82
Trd, 8638568.632, 140
Trd, 8638569.532, 83
Trd, 8638570.832, 139
Trd, 8638571.582, 135
Trd, 8638571.682, 134
Trd, 8638572.382, 136
Trd, 8638572.932, 128
Trd, 8638573.532, 134
Trd, 8638574.532, 115
Trd, 8638574.782, 113
Trd, 8638575.382, 139
Trd, 8638576.032, 138
Trd, 8638576.282, 93
Trd, 8638576.582, 88
Trd, 8638579.532, 139
Trd, 8638580.282, 135
Trd, 8638580.682, 134
Trd, 8638581.032, 126
Trd, 8638581.382, 95
Trd, 8638582.232, 140
Trd, 8638583.982, 140
Trd, 8638584.882, 140
Trd, 8638585.232, 140
Trd, 8638586.032, 110
Trd, 8638587.082, 136
Trd, 8638587.382, 110
Trd, 8638587.432, 110
Trd, 8638588.832, 119
Trd, 8638589.682, 119
Trd, 8638590.432, 140
Trd, 8638590.682, 111
Trd, 8638591.282, 139
Trd, 8638592.982, 138
Trd, 8638594.132, 140
Trd, 8638594.382, 138
Trd, 8638595.082, 135
Trd, 8638595.582, 124
Trd, 8638596.982, 118
Trd, 8638597.182, 110
Trd, 8638597.582, 67
Trd, 8638599.132, 138
Trd, 8638599.532, 138
Trd, 8638599.782, 132
Trd, 8638600.482, 139
Trd, 8638601.182, 134
Trd, 8638601.982, 97
Trd, 8638602.632, 138
Trd, 8638602.832, 130
Trd, 8638603.532, 78
Trd, 8638605.182, 80
Trd, 8638605.282, 136
Trd, 8638606.082, 127
Trd, 8638606.282, 97
Trd, 8638606.832, 135
Trd, 8638607.682, 92
Trd, 8638607.882, 91
Trd, 8638608.132, 60
Trd, 8638609.332, 69
Trd, 8638611.082, 140
Trd, 8638612.432, 140
Trd, 8638612.582, 140
Trd, 8638613.182, 140
Trd, 8638613.232, 140
Trd, 8638613.332, 128
Trd, 8638614.432, 137
Trd, 8638615.182, 140
Trd, 8638616.732, 139
Trd, 8638617.982, 139
Trd, 8638618.682, 140
Trd, 8638619.982, 140
Trd, 8638620.132, 138
Trd, 8638620.582, 127
Trd, 8638621.682, 140
Trd, 8638622.132, 140
Trd, 8638623.332, 138
Trd, 8638625.232, 139
Trd, 8638626.382, 138
Trd, 8638626.532, 132
Trd, 8638627.632, 139
Trd, 8638628.132, 120
Trd, 8638628.282, 139
Trd, 8638629.032, 103
Trd, 8638630.032, 102
Trd, 8638630.432, 99
Trd, 8638630.582, 73
Trd, 8638632.482, 139
Trd, 8638632.982, 140
Trd, 8638633.032, 139
Trd, 8638633.082, 139
Trd, 8638633.182, 95
Trd, 8638634.282, 136
Trd, 8638634.332, 136
Trd, 8638635.932, 65
Trd, 8638636.582, 107
Trd, 8638639.032, 140
Trd, 8638639.432, 123
Trd, 8638639.782, 112
Trd, 8638640.482, 140
Trd, 8638641.282, 123
Trd, 8638642.082, 140
Trd, 8638642.282, 140
Trd, 8638642.482, 121
Trd, 8638642.582, 118
Trd, 8638642.782, 107
Trd, 8638644.382, 121
Trd, 8638645.532, 140
Trd, 8638646.532, 140
Trd, 8638646.682, 140
Trd, 8638646.882, 140
Trd, 8638647.982, 122
Trd, 8638648.332, 72
Trd, 8638649.782, 140
Trd, 8638650.432, 130
Trd, 8638651.132, 140
Trd, 8638651.182, 140
Trd, 8638652.632, 121
Trd, 8638653.382, 140
Trd, 8638653.482, 131
Trd, 8638654.082, 133
Trd, 8638654.432, 123
Trd, 8638654.482, 103
Trd, 8638655.282, 64
Trd, 8638655.332, 65
Trd, 8638657.082, 140
Trd, 8638657.382, 140
Trd, 8638658.432, 112
Trd, 8638658.782, 128
Trd, 8638658.932, 106
Trd, 8638659.532, 104
Trd, 8638660.132, 140
Trd, 8638661.732, 140
Trd, 8638662.132, 140
Trd, 8638662.232, 111
Trd, 8638664.032, 125
Trd, 8638666.032, 140
Trd, 8638666.282, 140
Trd, 8638666.632, 140
Trd, 8638667.232, 139
Trd, 8638667.532, 139
Trd, 8638668.482, 139
Trd, 8638669.032, 94
Trd, 8638670.082, 140
Trd, 8638670.382, 128
Trd, 8638670.732, 128
Trd, 8638670.982, 86
Trd, 8638671.332, 60
Trd, 8638671.932, 137
Trd, 8638672.682, 137
Trd, 8638672.982, 136
Trd, 8638673.232, 85
Trd, 8638674.632, 98
Trd, 8638675.032, 96
Trd, 8638676.132, 60
Trd, 8638676.482, 60
Trd, 8638676.982, 63
Trd, 8638678.282, 69
Trd, 8638678.432, 68
Trd, 8638678.782, 98
Trd, 8638680.732, 60
Trd, 8638680.832, 60
Trd, 8638680.982, 60
Trd, 8638681.582, 63
Trd, 8638683.832, 71
Trd, 8638683.932, 83
Trd, 8638685.382, 60
Trd, 8638686.082, 64
Trd, 8638687.432, 60
Trd, 8638687.982, 62
Trd, 8638688.732, 63
Trd, 8638688.782, 62
Trd, 8638689.682, 63
Trd, 8638689.782, 63
Trd, 8638689.932, 65
Trd, 8638690.482, 63
Trd, 8638690.932, 75
Trd, 8638691.432, 131
Trd, 8638692.282, 134
Trd, 8638692.882, 79
Trd, 8638693.132, 78
Trd, 8638694.432, 60
Trd, 8638695.582, 139
Trd, 8638695.732, 139
Trd, 8638695.832, 74
Trd, 8638697.032, 69
Trd, 8638698.782, 140
Trd, 8638699.232, 140
Trd, 8638699.482, 140
Trd, 8638699.532, 128
Trd, 8638702.332, 140
Trd, 8638702.382, 140
Trd, 8638703.332, 140
Trd, 8638703.782, 133
Trd, 8638704.432, 133
Trd, 8638704.682, 124
Trd, 8638705.582, 140
Trd, 8638708.032, 140
Trd, 8638708.182, 140
Trd, 8638708.382, 140
Trd, 8638708.582, 135
Trd, 8638710.682, 140
Trd, 8638710.732, 133
Trd, 8638710.882, 140
Trd, 8638711.482, 130
Trd, 8638712.532, 106
Trd, 8638712.982, 106
Trd, 8638713.182, 74
Trd, 8638713.532, 139
Trd, 8638715.832, 140
Trd, 8638716.732, 140
Trd, 8638716.782, 140
Trd, 8638717.132, 111
Trd, 8638718.182, 140
Trd, 8638718.582, 136
Trd, 8638718.882, 135
Trd, 8638719.682, 128
Trd, 8638719.982, 139
Trd, 8638720.782, 140
Trd, 8638720.832, 140
Trd, 8638722.082, 89
Trd, 8638722.832, 60
Trd, 8638722.932, 62
Trd, 8638724.182, 60
Trd, 8638724.982, 71
Trd, 8638725.732, 70
Trd, 8638726.082, 73
Trd, 8638727.032, 133
Trd, 8638727.582, 64
Trd, 8638728.632, 140
Trd, 8638728.782, 138
Trd, 8638729.732, 140
Trd, 8638729.782, 140
Trd, 8638731.082, 140
Trd, 8638731.182, 97
Trd, 8638733.432, 137
Trd, 8638735.082, 140
Trd, 8638735.432, 140
Trd, 8638735.532, 140
Trd, 8638736.532, 140
Trd, 8638736.682, 139
Trd, 8638736.782, 140
Trd, 8638738.032, 132
Trd, 8638738.382, 132
Trd, 8638738.632, 121
Trd, 8638738.832, 114
Trd, 8638740.132, 131
Trd, 8638740.832, 139
Trd, 8638742.432, 140
Trd, 8638742.582, 140
Trd, 8638742.732, 126
Trd, 8638742.782, 123
Trd, 8638745.382, 140
Trd, 8638745.832, 119
Trd, 8638746.432, 85
Trd, 8638746.882, 118
Trd, 8638747.632, 63
Trd, 8638748.382, 83
Trd, 8638748.682, 137
Trd, 8638748.932, 64
Trd, 8638749.132, 64
Trd, 8638749.582, 75
Trd, 8638749.932, 66
Trd, 8638750.732, 69
Trd, 8638751.332, 68
Trd, 8638751.432, 69
Trd, 8638752.632, 140
Trd, 8638754.682, 140
Trd, 8638754.882, 140
Trd, 8638755.432, 140
Trd, 8638755.682, 140
Trd, 8638758.232, 137
Trd, 8638758.732, 140
Trd, 8638759.082, 138
Trd, 8638759.632, 106
Trd, 8638760.932, 113
Trd, 8638761.832, 138
Trd, 8638762.482, 139
Trd, 8638762.582, 129
Trd, 8638763.782, 112
Trd, 8638764.482, 139
Trd, 8638765.732, 139
Trd, 8638766.382, 140
Trd, 8638766.432, 133
Trd, 8638767.982, 139
Trd, 8638768.632, 109
Trd, 8638769.032, 106
Trd, 8638769.332, 96
Trd, 8638769.482, 95
Trd, 8638770.082, 116
Trd, 8638772.032, 66
Trd, 8638772.732, 60
Trd, 8638774.032, 60
Trd, 8638774.182, 65
Trd, 8638774.582, 61
Trd, 8638775.082, 61
Trd, 8638775.832, 61
Trd, 8638776.932, 116
Trd, 8638777.082, 116
Trd, 8638777.332, 115
Trd, 8638777.732, 132
Trd, 8638778.132, 107
Trd, 8638778.582, 70
Trd, 8638780.082, 62
Trd, 8638780.132, 111
Trd, 8638780.582, 82
Trd, 8638782.332, 60
Trd, 8638783.682, 139
Trd, 8638784.382, 140
Trd, 8638784.432, 139
Trd, 8638785.082, 137
Trd, 8638785.332, 116
Trd, 8638785.882, 82
Trd, 8638786.032, 81
Trd, 8638788.232, 140
Trd, 8638788.582, 140
Trd, 8638788.782, 140
Trd, 8638789.182, 89
Trd, 8638789.682, 120
Trd, 8638790.332, 110
Trd, 8638790.532, 72
Trd, 8638791.532, 138
Trd, 8638793.682, 140
Trd, 8638794.432, 140
Trd, 8638794.482, 140
Trd, 8638794.682, 138
Trd, 8638795.132, 115
Trd, 8638795.532, 128
Trd, 8638795.932, 135
Trd, 8638797.332, 118
Trd, 8638797.732, 139
Trd, 8638800.332, 116
Trd, 8638800.832, 130
Trd, 8638801.282, 117
Trd, 8638801.732, 131
Trd, 8638801.982, 101
Trd, 8638803.432, 136
Trd, 8638803.732, 93
Trd, 8638804.232, 92
Trd, 8638804.482, 81
Trd, 8638805.082, 130
Trd, 8638807.282, 140
Trd, 8638807.532, 140
Trd, 8638807.582, 140
Trd, 8638807.882, 139
Trd, 8638808.232, 133
Trd, 8638809.232, 131
Trd, 8638809.782, 111
Trd, 8638810.832, 78
Trd, 8638812.082, 125
Trd, 8638813.382, 62
Trd, 8638813.532, 139
Trd, 8638815.532, 140
Trd, 8638815.582, 129
Trd, 8638817.182, 140
Trd, 8638817.432, 140
Trd, 8638817.982, 140
Trd, 8638818.082, 138
Trd, 8638818.532, 65
Trd, 8638818.732, 75
Trd, 8638819.682, 60
Trd, 8638820.282, 62
Trd, 8638821.632, 61
Trd, 8638823.682, 140
Trd, 8638823.882, 140
Trd, 8638824.832, 140
Trd, 8638824.932, 140
Trd, 8638826.132, 133
Trd, 8638826.432, 131
Trd, 8638827.932, 140
Trd, 8638829.232, 140
Trd, 8638829.432, 140
Trd, 8638829.482, 139
Trd, 8638829.732, 137
Trd, 8638832.532, 140
Trd, 8638832.632, 140
Trd, 8638833.532, 140
Trd, 8638833.782, 140
Trd, 8638834.082, 119
Trd, 8638834.332, 135
Trd, 8638835.082, 92
Trd, 8638836.232, 85
Trd, 8638838.382, 90
Trd, 8638839.332, 140
Trd, 8638840.182, 140
Trd, 8638840.282, 139
Trd, 8638840.882, 128
Trd, 8638841.732, 138
Trd, 8638841.882, 124
Trd, 8638843.482, 101
Trd, 8638844.082, 136
Trd, 8638844.182, 136
Trd, 8638844.682, 86
Trd, 8638844.932, 83
Trd, 8638845.432, 82
Trd, 8638846.632, 138
Trd, 8638846.982, 129
Trd, 8638847.232, 133
Trd, 8638849.082, 131
Trd, 8638849.682, 137
Trd, 8638849.832, 138
Trd, 8638850.732, 132
Trd, 8638851.082, 123
Trd, 8638851.632, 111
Trd, 8638852.082, 76
Trd, 8638853.482, 77
Trd, 8638854.032, 82
Trd, 8638854.932, 140
Trd, 8638855.182, 140
Trd, 8638855.882, 140
Trd, 8638856.082, 136
Trd, 8638856.182, 135
Trd, 8638856.332, 128
Trd, 8638856.682, 135
Trd, 8638857.582, 105
Trd, 8638858.282, 138
Trd, 8638858.932, 117
Trd, 8638862.132, 140
Trd, 8638862.482, 140
Trd, 8638862.532, 139
Trd, 8638862.832, 128
Trd, 8638863.832, 126
Trd, 8638864.582, 124
Trd, 8638864.832, 103
Trd, 8638864.882, 102
Trd, 8638866.182, 60
Trd, 8638868.132, 60
Trd, 8638870.082, 60
Trd, 8638870.732, 60
Trd, 8638871.032, 63
Trd, 8638871.632, 68
Trd, 8638871.682, 71
Trd, 8638873.032, 61
Trd, 8638873.932, 66
Trd, 8638875.082, 61
Trd, 8638875.382, 62
Trd, 8638875.432, 63
Trd, 8638875.482, 60
Trd, 8638875.532, 91
Trd, 8638876.582, 62
Trd, 8638877.132, 84
Trd, 8638878.332, 68
Trd, 8638880.032, 66
Trd, 8638880.332, 64
Trd, 8638880.482, 140
Trd, 8638880.932, 61
Trd, 8638881.232, 69
Trd, 8638881.632, 67
Trd, 8638882.732, 139
Trd, 8638883.432, 139
Trd, 8638883.582, 135
Trd, 8638884.182, 123
Trd, 8638885.432, 81
Trd, 8638886.482, 95
Trd, 8638886.632, 133
Trd, 8638886.932, 67
Trd, 8638888.332, 134
Trd, 8638890.032, 62
Trd, 8638890.782, 62
Trd, 8638890.982, 62
Trd, 8638891.732, 60
Trd, 8638892.182, 63
Trd, 8638892.782, 89
Trd, 8638893.232, 63
Trd, 8638893.532, 62
Trd, 8638895.082, 137
Trd, 8638895.282, 105
Trd, 8638895.332, 94
Trd, 8638896.182, 140
Trd, 8638897.332, 60
Trd, 8638897.482, 70
Trd, 8638899.532, 64
Trd, 8638900.432, 61
Trd, 8638900.882, 60
Trd, 8638901.832, 61
Trd, 8638902.132, 61
Trd, 8638902.682, 60
Trd, 8638902.882, 88
Trd, 8638903.782, 139
Trd, 8638903.932, 68
Trd, 8638904.982, 139
Trd, 8638907.032, 138
Trd, 8638907.832, 123
Trd, 8638907.882, 122
Trd, 8638908.382, 104
Trd, 8638908.482, 97
Trd, 8638909.932, 140
Trd, 8638910.632, 135
Trd, 8638911.632, 134
Trd, 8638911.882, 140
Trd, 8638912.582, 125
Trd, 8638912.732, 116
Trd, 8638914.132, 63
Trd, 8638915.032, 64
Trd, 8638915.282, 65
Trd, 8638916.182, 64
Trd, 8638917.932, 64
Trd, 8638918.432, 66
Trd, 8638918.482, 67
Trd, 8638918.732, 108
Trd, 8638919.582, 140
Trd, 8638920.632, 65
Trd, 8638921.382, 92
Trd, 8638921.532, 63
Trd, 8638921.882, 61
Trd, 8638922.732, 110
Trd, 8638922.982, 111
Trd, 8638923.482, 106
Trd, 8638924.882, 140
Trd, 8638925.082, 90
Trd, 8638926.632, 113
Trd, 8638926.682, 112
Trd, 8638927.432, 102
Trd, 8638927.832, 79
Trd, 8638929.032, 64
Trd, 8638929.532, 62
Trd, 8638930.532, 137
Trd, 8638931.482, 140
Trd, 8638932.532, 140
Trd, 8638932.582, 139
Trd, 8638932.732, 119
Trd, 8638934.132, 79
Trd, 8638935.332, 138
Trd, 8638935.832, 132
Trd, 8638935.882, 131
Trd, 8638936.882, 135
Trd, 8638937.732, 140
Trd, 8638938.582, 140
Trd, 8638938.832, 128
Trd, 8638939.432, 140
Trd, 8638940.882, 140
Trd, 8638941.082, 129
Trd, 8638942.532, 111
Trd, 8638942.832, 92
Trd, 8638944.182, 122
Trd, 8638944.532, 91
Trd, 8638945.132, 127
Trd, 8638945.232, 68
Trd, 8638947.182, 74
Trd, 8638947.532, 71
Trd, 8638948.032, 65
Trd, 8638949.232, 71
Trd, 8638949.882, 60
Trd, 8638950.332, 63
Trd, 8638951.382, 60
Trd, 8638952.582, 60
Trd, 8638953.182, 61
Trd, 8638953.382, 62
Trd, 8638954.032, 60
Trd, 8638954.832, 60
Trd, 8638955.432, 69
Trd, 8638956.032, 66
Trd, 8638957.082, 133
Trd, 8638957.482, 132
Trd, 8638958.582, 133
Trd, 8638958.882, 96
Trd, 8638959.532, 92
Trd, 8638959.582, 120
Trd, 8638959.832, 71
Trd, 8638960.582, 110
Trd, 8638961.582, 110
Trd, 8638962.182, 138
Trd, 8638963.482, 60
Trd, 8638965.132, 61
Trd, 8638965.432, 60
Trd, 8638965.882, 60
Trd, 8638966.182, 60
Trd, 8638966.382, 66
Trd, 8638967.132, 61
Trd, 8638967.382, 63
Trd, 8638969.432, 139
Trd, 8638970.182, 140
Trd, 8638971.432, 140
Trd, 8638971.582, 139
Trd, 8638972.782, 140
Trd, 8638973.482, 140
Trd, 8638975.132, 140
Trd, 8638975.582, 140
Trd, 8638975.932, 140
Trd, 8638976.382, 139
Trd, 8638976.982, 129
Trd, 8638977.332, 128
Trd, 8638978.382, 60
Trd, 8638978.632, 60
Trd, 8638979.182, 60
Trd, 8638979.732, 139
Trd, 8638980.282, 66
Trd, 8638980.532, 80
Trd, 8638981.232, 102
Trd, 8638981.932, 60
Trd, 8638982.932, 140
Trd, 8638983.332, 140
Trd, 8638983.632, 140
Trd, 8638985.032, 140
Trd, 8638986.032, 140
Trd, 8638986.082, 139
Trd, 8638986.232, 108
Trd, 8638986.882, 140
Trd, 8638987.332, 140
Trd, 8638988.482, 139
Trd, 8638989.332, 140
Trd, 8638990.182, 120
Trd, 8638990.832, 115
Trd, 8638991.282, 140
Trd, 8638991.382, 140
Trd, 8638992.632, 137
Trd, 8638994.832, 140
Trd, 8638995.932, 140
Trd, 8638995.982, 135
Trd, 8638996.582, 138
Trd, 8638997.932, 130
Trd, 8638998.482, 129
Trd, 8638998.682, 119
Trd, 8638999.532, 135
Trd, 8638999.982, 140
Trd, 8639001.332, 140
Trd, 8639001.432, 140
Trd, 8639002.032, 100
Trd, 8639002.732, 98
Trd, 8639002.982, 84
Trd, 8639003.332, 60
Trd, 8639005.082, 63
Trd, 8639006.832, 140
Trd, 8639007.232, 140
Trd, 8639007.332, 139
Trd, 8639007.832, 99
Trd, 8639008.282, 139
Trd, 8639009.632, 61
Trd, 8639009.932, 61
Trd, 8639010.982, 60
Trd, 8639011.282, 62
Trd, 8639013.032, 61
Trd, 8639013.332, 71
Trd, 8639013.732, 133
Trd, 8639014.732, 63
Trd, 8639015.432, 64
Trd, 8639015.932, 63
Trd, 8639015.982, 134
Trd, 8639017.232, 140
Trd, 8639018.932, 140
Trd, 8639019.482, 140
Trd, 8639020.132, 140
Trd, 8639021.232, 140
Trd, 8639022.132, 128
Trd, 8639022.382, 125
Trd, 8639022.832, 112
Trd, 8639023.032, 87
Trd, 8639023.232, 140
Trd, 8639025.832, 140
Trd, 8639026.382, 140
Trd, 8639026.732, 140
Trd, 8639026.882, 135
Trd, 8639027.882, 108
Trd, 8639028.082, 99
Trd, 8639029.482, 138
Trd, 8639030.882, 140
Trd, 8639031.082, 140
Trd, 8639031.532, 113
Trd, 8639031.832, 107
Trd, 8639031.982, 93
Trd, 8639034.032, 140
Trd, 8639035.282, 140
Trd, 8639035.632, 140
Trd, 8639036.432, 140
Trd, 8639037.882, 140
Trd, 8639039.332, 140
Trd, 8639039.732, 140
Trd, 8639040.482, 137
Trd, 8639041.082, 140
Trd, 8639041.482, 121
Trd, 8639041.832, 118
Trd, 8639042.082, 127
Trd, 8639043.032, 136
Trd, 8639043.132, 93
Trd, 8639044.182, 69
Trd, 8639045.232, 140
Trd, 8639046.382, 60
Trd, 8639046.432, 60
Trd, 8639047.882, 60
Trd, 8639047.932, 62
Trd, 8639049.032, 62
Trd, 8639049.232, 61
Trd, 8639049.782, 69
Trd, 8639050.932, 77
Trd, 8639051.032, 65
Trd, 8639052.182, 106
Trd, 8639052.332, 104
Trd, 8639054.682, 132
Trd, 8639054.782, 132
Trd, 8639055.582, 140
Trd, 8639056.932, 140
Trd, 8639057.282, 139
Trd, 8639057.732, 137
Trd, 8639058.282, 132
Trd, 8639058.582, 139
Trd, 8639058.632, 127
Trd, 8639058.732, 103
Trd, 8639059.032, 98
Trd, 8639059.782, 138
Trd, 8639060.732, 105
Trd, 8639060.782, 100
Trd, 8639063.432, 140
Trd, 8639063.832, 130
Trd, 8639064.032, 129
Trd, 8639064.732, 131
Trd, 8639066.432, 138
Trd, 8639066.832, 140
Trd, 8639068.232, 140
Trd, 8639068.632, 139
Trd, 8639068.982, 130
Trd, 8639069.482, 127
Trd, 8639069.832, 136
Trd, 8639071.482, 140
Trd, 8639071.532, 140
Trd, 8639072.032, 140
Trd, 8639072.482, 140
Trd, 8639072.932, 139
Trd, 8639073.282, 128
Trd, 8639075.032, 139
Trd, 8639075.082, 139
Trd, 8639075.632, 138
Trd, 8639077.032, 105
Trd, 8639077.632, 95
Trd, 8639079.082, 140
Trd, 8639079.132, 108
Trd, 8639080.482, 94
Trd, 8639081.032, 140
Trd, 8639081.232, 94
Trd, 8639081.432, 82
Trd, 8639081.682, 72
Trd, 8639081.732, 71
Trd, 8639082.332, 60
Trd, 8639082.882, 81
Trd, 8639085.382, 61
Trd, 8639085.582, 62
Trd, 8639086.182, 60
Trd, 8639086.632, 60
Trd, 8639087.432, 60
Trd, 8639087.982, 65
Trd, 8639088.032, 61
Trd, 8639090.282, 140
Trd, 8639091.382, 140
Trd, 8639091.432, 140
Trd, 8639093.182, 140
Trd, 8639093.632, 131
Trd, 8639094.332, 131
Trd, 8639094.532, 129
Trd, 8639094.582, 113
Trd, 8639095.482, 140
Trd, 8639096.182, 140
Trd, 8639096.482, 126
Trd, 8639097.932, 140
Trd, 8639098.682, 140
Trd, 8639099.582, 140
Trd, 8639102.182, 140
Trd, 8639102.932, 140
Trd, 8639102.982, 136
Trd, 8639103.482, 139
Trd, 8639104.932, 130
Trd, 8639106.382, 140
Trd, 8639106.432, 138
Trd, 8639106.632, 136
Trd, 8639107.132, 132
Trd, 8639107.232, 92
Trd, 8639108.682, 63
Trd, 8639109.032, 63
Trd, 8639109.382, 62
Trd, 8639111.082, 140
Trd, 8639111.882, 140
Trd, 8639112.132, 133
Trd, 8639112.582, 138
Trd, 8639113.182, 127
Trd, 8639114.232, 113
Trd, 8639115.082, 98
Trd, 8639115.232, 138
Trd, 8639116.732, 140
Trd, 8639117.532, 140
Trd, 8639117.882, 128
Trd, 8639118.432, 130
Trd, 8639118.532, 95
Trd, 8639119.332, 102
Trd, 8639120.632, 135
Trd, 8639120.882, 110
Trd, 8639120.982, 90
Trd, 8639121.532, 70
Trd, 8639122.832, 62
Trd, 8639123.082, 72
Trd, 8639123.582, 64
Trd, 8639125.232, 72
Trd, 8639126.882, 60
Trd, 8639127.432, 61
Trd, 8639127.932, 61
Trd, 8639128.382, 74
Trd, 8639129.432, 64
Trd, 8639130.832, 61
Trd, 8639132.032, 62
Trd, 8639132.582, 60
Trd, 8639132.732, 60
Trd, 8639133.832, 63
Trd, 8639134.482, 78
Trd, 8639134.732, 66
Trd, 8639135.032, 66
Trd, 8639135.132, 64
Trd, 8639136.232, 69
Trd, 8639137.082, 139
Trd, 8639139.332, 140
Trd, 8639139.682, 140
Trd, 8639140.582, 140
Trd, 8639141.882, 134
Trd, 8639141.982, 125
Trd, 8639142.132, 124
Trd, 8639142.532, 123
Trd, 8639142.782, 82
Trd, 8639143.482, 107
Trd, 8639146.182, 140
Trd, 8639146.282, 140
Trd, 8639146.682, 138
Trd, 8639147.082, 140
Trd, 8639147.182, 132
Trd, 8639147.932, 140
Trd, 8639148.382, 140
Trd, 8639149.032, 131
Trd, 8639149.532, 130
Trd, 8639150.082, 140
Trd, 8639152.532, 140
Trd, 8639152.582, 140
Trd, 8639152.932, 140
Trd, 8639153.632, 139
Trd, 8639153.782, 129
Trd, 8639153.932, 130
Trd, 8639154.582, 111
Trd, 8639156.582, 107
Trd, 8639158.982, 140
Trd, 8639159.732, 139
Trd, 8639159.932, 102
Trd, 8639160.732, 139
Trd, 8639161.182, 131
Trd, 8639162.182, 134
Trd, 8639163.132, 139
Trd, 8639163.682, 140
Trd, 8639164.182, 140
Trd, 8639164.732, 118
Trd, 8639166.382, 122
Trd, 8639166.632, 140
Trd, 8639167.932, 137
Trd, 8639168.582, 137
Trd, 8639169.932, 139
Trd, 8639170.332, 138
Trd, 8639171.482, 138
Trd, 8639171.982, 138
Trd, 8639172.082, 125
Trd, 8639172.432, 107
Trd, 8639174.282, 138
Trd, 8639174.682, 137
Trd, 8639176.432, 115
Trd, 8639176.832, 115
Trd, 8639177.232, 137
Trd, 8639177.332, 135
Trd, 8639177.532, 122
Trd, 8639178.482, 114
Trd, 8639179.632, 104
Trd, 8639180.682, 140
Trd, 8639181.532, 140
Trd, 8639181.732, 140
Trd, 8639181.832, 139
Trd, 8639182.182, 105
Trd, 8639183.982, 126
Trd, 8639185.682, 117
Trd, 8639186.032, 77
Trd, 8639186.732, 140
Trd, 8639186.982, 106
Trd, 8639187.432, 139
Trd, 8639188.132, 113
Trd, 8639188.282, 72
Trd, 8639188.532, 107
Trd, 8639189.482, 139
Trd, 8639189.732, 121
Trd, 8639191.232, 140
Trd, 8639191.432, 140
Trd, 8639191.982, 132
Trd, 8639193.532, 114
Trd, 8639193.732, 133
Trd, 8639195.632, 138
Trd, 8639195.682, 137
Trd, 8639198.032, 140
Trd, 8639198.132, 140
Trd, 8639198.882, 139
Trd, 8639199.882, 117
Trd, 8639199.932, 118
Trd, 8639200.532, 115
Trd, 8639201.482, 66
Trd, 8639201.882, 60
Trd, 8639203.582, 62
Trd, 8639205.432, 60
Trd, 8639205.532, 60
Trd, 8639205.932, 60
Trd, 8639207.682, 60
Trd, 8639208.032, 64
Trd, 8639208.482, 64
Trd, 8639208.582, 65
Trd, 8639208.882, 62
Trd, 8639209.782, 67
Trd, 8639209.832, 73
Trd, 8639209.882, 125
Trd, 8639211.282, 62
Trd, 8639213.582, 60
Trd, 8639214.182, 62
Trd, 8639214.332, 63
Trd, 8639215.632, 65
Trd, 8639215.782, 68
Trd, 8639215.932, 66
Trd, 8639216.882, 70
Trd, 8639217.882, 140
Trd, 8639218.332, 140
Trd, 8639219.282, 140
Trd, 8639219.382, 132
Trd, 8639219.782, 128
Trd, 8639219.832, 66
Trd, 8639220.632, 125
Trd, 8639222.882, 108
Trd, 8639223.532, 107
Trd, 8639223.832, 105
Trd, 8639224.782, 115
Trd, 8639225.032, 103
Trd, 8639227.132, 140
Trd, 8639227.282, 140
Trd, 8639227.382, 140
Trd, 8639227.532, 138
Trd, 8639228.432, 139
Trd, 8639230.282, 137
Trd, 8639231.432, 140
Trd, 8639232.282, 140
Trd, 8639232.632, 140
Trd, 8639233.832, 140
Trd, 8639234.282, 140
Trd, 8639234.682, 140
Trd, 8639235.332, 128
Trd, 8639236.232, 136
Trd, 8639237.082, 140
Trd, 8639237.432, 140
Trd, 8639237.882, 107
Trd, 8639238.782, 108
Trd, 8639239.832, 138
Trd, 8639240.482, 123
Trd, 8639240.632, 122
Trd, 8639241.632, 122
Trd, 8639241.682, 86
Trd, 8639242.632, 138
Trd, 8639242.932, 137
Trd, 8639243.982, 140
Trd, 8639244.932, 130
Trd, 8639246.282, 112
Trd, 8639247.382, 138
Trd, 8639248.982, 140
Trd, 8639249.282, 140
Trd, 8639250.732, 140
Trd, 8639250.932, 140
Trd, 8639251.182, 86
Trd, 8639251.382, 91
Trd, 8639252.032, 83
Trd, 8639252.332, 63
Trd, 8639253.382, 138
Trd, 8639254.132, 66
Trd, 8639254.582, 138
Trd, 8639256.532, 140
Trd, 8639256.632, 138
Trd, 8639256.732, 128
Trd, 8639257.082, 101
Trd, 8639257.582, 104
Trd, 8639257.882, 139
Trd, 8639259.582, 102
Trd, 8639260.032, 140
Trd, 8639261.682, 140
Trd, 8639261.882, 140
Trd, 8639262.582, 109
Trd, 8639263.432, 73
Trd, 8639264.232, 90
Trd, 8639265.382, 117
Trd, 8639265.432, 85
Trd, 8639265.882, 89
Trd, 8639266.682, 136
Trd, 8639266.732, 134
Trd, 8639267.132, 106
Trd, 8639268.432, 139
Trd, 8639269.532, 99
Trd, 8639269.782, 94
Trd, 8639269.932, 94
Trd, 8639271.132, 140
Trd, 8639271.732, 115
Trd, 8639274.782, 99
Trd, 8639274.932, 93
Trd, 8639275.082, 130
Trd, 8639275.932, 140
Trd, 8639276.782, 108
Trd, 8639278.032, 125
Trd, 8639278.882, 135
Trd, 8639279.282, 135
Trd, 8639280.132, 136
Trd, 8639280.182, 135
Trd, 8639280.382, 134
Trd, 8639280.982, 103
Trd, 8639282.182, 139
Trd, 8639282.432, 96
Trd, 8639283.782, 114
Trd, 8639284.132, 113
Trd, 8639284.382, 139
Trd, 8639285.282, 140
Trd, 8639285.332, 95
Trd, 8639286.232, 61
Trd, 8639286.332, 62
Trd, 8639288.632, 62
Trd, 8639289.382, 85
Trd, 8639290.032, 60
Trd, 8639290.582, 60
Trd, 8639291.282, 67
Trd, 8639291.582, 63
Trd, 8639292.482, 82
Trd, 8639293.582, 70
Trd, 8639294.182, 72
Trd, 8639294.282, 79
Trd, 8639294.532, 82
Trd, 8639294.732, 96
Trd, 8639295.882, 119
Trd, 8639296.432, 89
Trd, 8639296.532, 74
Trd, 8639297.432, 129
Trd, 8639297.732, 132
Trd, 8639298.482, 140
Trd, 8639299.032, 130
Trd, 8639299.082, 127
Trd, 8639299.182, 119
Trd, 8639299.682, 140
Trd, 8639300.182, 82
Trd, 8639301.782, 140
Trd, 8639301.982, 139
Trd, 8639302.532, 140
Trd, 8639304.082, 140
Trd, 8639304.632, 128
Trd, 8639304.782, 77
Trd, 8639306.082, 60
Trd, 8639306.682, 64
Trd, 8639307.032, 63
Trd, 8639307.282, 63
Trd, 8639307.532, 76
Trd, 8639308.282, 65
Trd, 8639309.132, 68
Trd, 8639310.382, 63
Trd, 8639312.582, 140
Trd, 8639312.632, 140
Trd, 8639313.482, 139
Trd, 8639313.532, 129
Trd, 8639314.182, 136
Trd, 8639314.582, 66
Trd, 8639315.382, 62
Trd, 8639316.682, 112
Trd, 8639317.532, 140
Trd, 8639317.732, 112
Trd, 8639318.082, 81
Trd, 8639318.232, 78
Trd, 8639319.332, 140
Trd, 8639321.732, 134
Trd, 8639322.232, 137
Trd, 8639323.082, 134
Trd, 8639323.532, 139
Trd, 8639324.532, 140
Trd, 8639326.532, 140
Trd, 8639327.682, 140
Trd, 8639327.832, 140
Trd, 8639327.882, 136
Trd, 8639328.382, 119
Trd, 8639329.382, 139
Trd, 8639330.132, 129
Trd, 8639330.582, 121
Trd, 8639330.782, 140
Trd, 8639331.582, 140
Trd, 8639332.082, 140
Trd, 8639333.882, 126
Trd, 8639335.132, 140
Trd, 8639335.632, 140
Trd, 8639336.532, 140
Trd, 8639337.182, 140
Trd, 8639337.982, 140
Trd, 8639338.232, 132
Trd, 8639338.882, 130
Trd, 8639340.582, 106
Trd, 8639340.882, 101
Trd, 8639342.282, 140
Trd, 8639342.732, 140
Trd, 8639342.932, 138
Trd, 8639343.982, 139
Trd, 8639344.432, 135
Trd, 8639344.882, 131
Trd, 8639345.582, 125
Trd, 8639345.832, 111
Trd, 8639346.182, 86
Trd, 8639346.382, 134
Trd, 8639346.882, 85
Trd, 8639347.932, 117
Trd, 8639348.282, 101
Trd, 8639349.332, 138
Trd, 8639349.382, 137
Trd, 8639350.532, 140
Trd, 8639350.632, 128
Trd, 8639352.032, 74
Trd, 8639352.082, 73
Trd, 8639353.382, 138
Trd, 8639353.482, 100
Trd, 8639354.032, 138
Trd, 8639354.332, 88
Trd, 8639355.682, 134
Trd, 8639357.182, 140
Trd, 8639357.932, 140
Trd, 8639358.282, 140
Trd, 8639358.482, 140
Trd, 8639359.182, 94
Trd, 8639359.332, 128
Trd, 8639360.682, 140
Trd, 8639361.982, 140
Trd, 8639362.082, 137
Trd, 8639362.432, 140
Trd, 8639363.532, 121
Trd, 8639363.932, 100
Trd, 8639364.782, 138
Trd, 8639365.482, 126
Trd, 8639365.632, 120
Trd, 8639366.482, 111
Trd, 8639367.232, 117
Trd, 8639367.382, 96
Trd, 8639367.582, 95
Trd, 8639368.232, 96
Trd, 8639369.532, 140
Trd, 8639370.132, 139
Trd, 8639371.982, 140
Trd, 8639372.682, 139
Trd, 8639372.832, 138
Trd, 8639373.682, 138
Trd, 8639375.532, 138
Trd, 8639375.632, 128
Trd, 8639376.182, 117
Trd, 8639376.832, 130
Trd, 8639377.632, 140
Trd, 8639378.632, 134
Trd, 8639378.932, 112
Trd, 8639379.182, 109
Trd, 8639380.682, 140
Trd, 8639381.282, 140
Trd, 8639382.482, 138
Trd, 8639382.582, 129
Trd, 8639384.132, 135
Trd, 8639384.632, 139
Trd, 8639385.182, 130
Trd, 8639385.432, 97
Trd, 8639386.082, 140
Trd, 8639387.532, 136
Trd, 8639389.132, 140
Trd, 8639389.532, 129
Trd, 8639389.882, 126
Trd, 8639390.432, 84
Trd, 8639391.082, 102
Trd, 8639391.732, 139
Trd, 8639391.982, 137
Trd, 8639393.232, 140
Trd, 8639393.682, 140
Trd, 8639394.582, 140
Trd, 8639394.632, 140
Trd, 8639395.582, 131
Trd, 8639396.782, 140
Trd, 8639396.982, 140
Trd, 8639397.632, 140
Trd, 8639398.332, 127
Trd, 8639400.282, 140
Trd, 8639400.382, 140
Trd, 8639400.432, 136
Trd, 8639401.582, 96
Trd, 8639401.782, 103
Trd, 8639402.632, 116
Trd, 8639402.782, 115
Trd, 8639404.582, 140
Trd, 8639405.582, 139
Trd, 8639405.732, 103
Trd, 8639407.032, 138
Trd, 8639407.332, 127
Trd, 8639408.332, 140
Trd, 8639409.232, 139
Trd, 8639409.582, 122
Trd, 8639411.032, 136
Trd, 8639411.732, 136
Trd, 8639412.682, 140
Trd, 8639413.032, 98
Trd, 8639414.482, 140
Trd, 8639415.032, 140
Trd, 8639415.282, 140
Trd, 8639415.532, 140
Trd, 8639416.482, 139
Trd, 8639416.532, 136
Trd, 8639418.082, 139
Trd, 8639419.232, 127
Trd, 8639419.982, 140
Trd, 8639420.282, 136
Trd, 8639421.182, 120
Trd, 8639421.782, 114
Trd, 8639422.282, 94
Trd, 8639422.782, 115
Trd, 8639424.432, 126
Trd, 8639424.532, 116
Trd, 8639425.682, 117
Trd, 8639426.532, 140
Trd, 8639427.082, 136
Trd, 8639427.582, 140
Trd, 8639427.632, 128
Trd, 8639428.082, 125
Trd, 8639429.832, 140
Trd, 8639429.932, 140
Trd, 8639430.582, 125
Trd, 8639431.182, 138
Trd, 8639431.282, 118
Trd, 8639431.732, 94
Trd, 8639432.532, 95
Trd, 8639432.832, 116
Trd, 8639433.482, 118
Trd, 8639435.782, 137
Trd, 8639435.882, 100
Trd, 8639435.982, 92
Trd, 8639436.182, 85
Trd, 8639438.432, 140
Trd, 8639438.482, 140
Trd, 8639438.782, 125
Trd, 8639439.382, 140
Trd, 8639441.282, 139
Trd, 8639441.382, 138
Trd, 8639441.482, 138
Trd, 8639443.132, 115
Trd, 8639443.882, 139
Trd, 8639444.532, 126
Trd, 8639445.682, 115
Trd, 8639445.932, 104
Trd, 8639446.232, 82
Trd, 8639447.082, 81
Trd, 8639447.332, 99
Trd, 8639447.432, 126
Trd, 8639448.182, 65
Trd, 8639449.182, 99
Trd, 8639450.982, 60
Trd, 8639451.032, 60
Trd, 8639453.082, 60
Trd, 8639453.682, 64
Trd, 8639454.032, 63
Trd, 8639455.132, 140
Trd, 8639455.332, 140
Trd, 8639455.732, 139
Trd, 8639455.932, 128
Trd, 8639457.432, 140
Trd, 8639458.282, 118
Trd, 8639458.432, 99
Trd, 8639459.282, 139
Trd, 8639459.432, 135
Trd, 8639459.982, 99
Trd, 8639461.232, 129
Trd, 8639461.782, 101
Trd, 8639463.032, 140
Trd, 8639463.082, 140
Trd, 8639465.932, 140
Trd, 8639465.982, 140
Trd, 8639466.832, 139
Trd, 8639468.132, 108
Trd, 8639468.482, 106
Trd, 8639468.632, 71
Trd, 8639470.332, 60
Trd, 8639470.482, 63
Trd, 8639470.582, 66
Trd, 8639471.182, 60
Trd, 8639473.232, 60
Trd, 8639473.332, 63
Trd, 8639474.132, 66
Trd, 8639474.982, 111
Trd, 8639475.082, 110
Trd, 8639476.382, 140
Trd, 8639477.032, 140
Trd, 8639477.782, 140
Trd, 8639478.232, 139
Trd, 8639479.182, 138
Trd, 8639479.382, 137
Trd, 8639479.632, 129
Trd, 8639480.532, 123
Trd, 8639483.482, 140
Trd, 8639483.932, 137
Trd, 8639485.282, 140
Trd, 8639485.932, 140
Trd, 8639486.032, 140
Trd, 8639486.182, 140
Trd, 8639486.532, 129
Trd, 8639486.932, 128
Trd, 8639488.732, 140
Trd, 8639488.782, 112
Trd, 8639489.982, 140
Trd, 8639490.332, 139
Trd, 8639490.382, 118
Trd, 8639491.882, 140
Trd, 8639495.032, 140
Trd, 8639495.582, 140
Trd, 8639495.632, 140
Trd, 8639497.232, 140
Trd, 8639497.582, 140
Trd, 8639498.232, 140
Trd, 8639498.532, 128
Trd, 8639498.682, 104
Trd, 8639500.132, 140
Trd, 8639500.632, 140
Trd, 8639501.432, 140
Trd, 8639502.132, 139
Trd, 8639502.732, 139
Trd, 8639503.182, 109
Trd, 8639504.432, 140
Trd, 8639504.882, 140
Trd, 8639505.632, 136
Trd, 8639505.832, 130
Trd, 8639506.832, 139
Trd, 8639507.632, 113
Trd, 8639509.532, 114
Trd, 8639510.832, 110
Trd, 8639510.932, 108
Trd, 8639511.282, 127
Trd, 8639511.332, 99
Trd, 8639511.632, 97
Trd, 8639512.132, 139
Trd, 8639513.132, 138
Trd, 8639513.832, 84
Trd, 8639514.032, 136
Trd, 8639515.532, 64
Trd, 8639516.932, 140
Trd, 8639517.482, 140
Trd, 8639518.032, 140
Trd, 8639518.182, 128
Trd, 8639518.632, 117
Trd, 8639520.782, 140
Trd, 8639522.382, 140
Trd, 8639522.532, 140
Trd, 8639523.282, 140
Trd, 8639523.882, 140
Trd, 8639525.082, 139
Trd, 8639525.732, 139
Trd, 8639526.382, 139
Trd, 8639526.432, 138
Trd, 8639526.532, 138
Trd, 8639528.882, 138
Trd, 8639529.832, 140
Trd, 8639529.882, 139
Trd, 8639530.632, 138
Trd, 8639531.032, 126
Trd, 8639531.982, 112
Trd, 8639532.032, 111
Trd, 8639532.432, 119
Trd, 8639534.382, 67
Trd, 8639534.782, 64
Trd, 8639534.882, 68
Trd, 8639535.182, 110
Trd, 8639535.232, 109
Trd, 8639535.582, 113
Trd, 8639537.082, 140
Trd, 8639537.232, 139
Trd, 8639537.382, 128
Trd, 8639538.982, 140
Trd, 8639539.132, 140
Trd, 8639539.432, 139
Trd, 8639540.382, 127
Trd, 8639540.982, 94
Trd, 8639542.932, 140
Trd, 8639543.132, 140
Trd, 8639544.482, 140
Trd, 8639545.182, 140
Trd, 8639546.282, 140
Trd, 8639546.882, 140
Trd, 8639548.582, 140
Trd, 8639549.482, 129
Trd, 8639551.382, 140
Trd, 8639551.432, 140
Trd, 8639551.482, 133
Trd, 8639552.132, 135
Trd, 8639552.332, 108
Trd, 8639554.382, 140
Trd, 8639554.682, 129
Trd, 8639555.282, 120
Trd, 8639555.382, 109
Trd, 8639556.932, 137
Trd, 8639557.132, 139
Trd, 8639557.932, 128
Trd, 8639559.532, 140
Trd, 8639559.582, 139
Trd, 8639560.432, 139
Trd, 8639560.832, 135
Trd, 8639561.432, 132
Trd, 8639561.832, 98
Trd, 8639562.682, 140
Trd, 8639562.832, 140
Trd, 8639564.182, 140
Trd, 8639566.032, 140
Trd, 8639566.132, 140
Trd, 8639566.882, 139
Trd, 8639567.082, 140
Trd, 8639569.032, 140
Trd, 8639569.882, 133
Trd, 8639570.282, 139
Trd, 8639570.832, 119
Trd, 8639571.582, 139
Trd, 8639571.982, 136
Trd, 8639573.232, 140
Trd, 8639573.632, 140
Trd, 8639573.982, 128
Trd, 8639575.082, 140
Trd, 8639575.532, 103
Trd, 8639576.332, 82
Trd, 8639577.582, 140
Trd, 8639578.332, 140
Trd, 8639578.782, 136
Trd, 8639579.332, 124
Trd, 8639580.332, 140
Trd, 8639580.782, 140
Trd, 8639582.482, 140
Trd, 8639583.082, 140
Trd, 8639583.632, 128
Trd, 8639584.932, 107
Trd, 8639585.282, 118
Trd, 8639585.832, 140
Trd, 8639585.932, 118
Trd, 8639586.032, 117
Trd, 8639587.332, 75
Trd, 8639588.382, 139
Trd, 8639589.482, 133
Trd, 8639589.732, 132
Trd, 8639590.182, 131
Trd, 8639590.282, 103
Trd, 8639591.032, 118
Trd, 8639592.982, 140
Trd, 8639593.032, 140
Trd, 8639593.432, 117
Trd, 8639594.932, 131
Trd, 8639595.232, 140
Trd, 8639595.932, 140
Trd, 8639596.032, 131
Trd, 8639596.932, 119
Trd, 8639597.282, 105
Trd, 8639598.532, 140
Trd, 8639599.382, 140
Trd, 8639600.982, 138
Trd, 8639601.632, 138
Trd, 8639602.032, 128
Trd, 8639603.832, 140
Trd, 8639604.032, 139
Trd, 8639604.182, 139
Trd, 8639604.482, 99
Trd, 8639605.782, 139
Trd, 8639606.032, 140
Trd, 8639606.532, 124
Trd, 8639607.482, 124
Trd, 8639607.582, 123
Trd, 8639608.682, 120
Trd, 8639609.832, 119
Trd, 8639611.732, 137
Trd, 8639611.832, 129
Trd, 8639612.282, 138
Trd, 8639612.432, 119
Trd, 8639613.332, 140
Trd, 8639613.582, 104
Trd, 8639614.182, 104
Trd, 8639614.632, 103
Trd, 8639615.382, 138
Trd, 8639616.682, 133
Trd, 8639617.482, 139
Trd, 8639617.682, 139
Trd, 8639619.132, 137
Trd, 8639619.832, 140
Trd, 8639620.832, 133
Trd, 8639621.532, 140
Trd, 8639621.632, 133
Trd, 8639621.882, 126
Trd, 8639624.032, 85
Trd, 8639624.282, 100
Trd, 8639625.782, 61
Trd, 8639625.932, 60
Trd, 8639626.082, 67
Trd, 8639626.932, 69
Trd, 8639628.332, 139
Trd, 8639629.682, 140
Trd, 8639630.482, 140
Trd, 8639631.532, 140
Trd, 8639632.482, 140
Trd, 8639633.332, 140
Trd, 8639633.432, 131
Trd, 8639633.782, 128
Trd, 8639633.832, 117
Trd, 8639635.682, 140
Trd, 8639636.782, 140
Trd, 8639637.282, 139
Trd, 8639637.882, 139
Trd, 8639641.182, 140
Trd, 8639641.232, 138
Trd, 8639641.782, 139
Trd, 8639642.182, 139
Trd, 8639642.232, 138
Trd, 8639642.332, 128
Trd, 8639643.182, 139
Trd, 8639643.682, 112
Trd, 8639644.982, 112
Trd, 8639645.532, 110
Trd, 8639645.782, 99
Trd, 8639646.482, 139
Trd, 8639646.532, 138
Trd, 8639648.032, 95
Trd, 8639648.632, 97
Trd, 8639648.782, 99
Trd, 8639649.032, 123
Trd, 8639649.082, 114
Trd, 8639651.532, 61
Trd, 8639651.832, 60
Trd, 8639652.132, 60
Trd, 8639652.382, 64
Trd, 8639652.732, 105
Trd, 8639655.382, 140
Trd, 8639656.032, 140
Trd, 8639656.232, 140
Trd, 8639656.682, 140
Trd, 8639657.532, 140
Trd, 8639657.832, 140
Trd, 8639657.882, 129
Trd, 8639657.932, 103
Trd, 8639659.832, 108
Trd, 8639661.382, 140
Trd, 8639662.282, 140
Trd, 8639662.432, 140
Trd, 8639663.232, 140
Trd, 8639663.482, 140
Trd, 8639663.532, 128
Trd, 8639665.482, 140
Trd, 8639665.632, 140
Trd, 8639666.082, 139
Trd, 8639666.832, 100
Trd, 8639666.932, 88
Trd, 8639667.232, 82
Trd, 8639668.732, 140
Trd, 8639668.782, 139
Trd, 8639668.832, 95
Trd, 8639669.232, 62
Trd, 8639671.632, 136
Trd, 8639672.632, 140
Trd, 8639672.682, 137
Trd, 8639674.632, 140
Trd, 8639675.782, 136
Trd, 8639676.032, 103
Trd, 8639676.682, 110
Trd, 8639677.432, 113
Trd, 8639677.482, 111
Trd, 8639678.182, 86
Trd, 8639678.882, 140
Trd, 8639680.532, 137
Trd, 8639680.782, 136
Trd, 8639680.982, 128
Trd, 8639682.082, 140
Trd, 8639682.232, 140
Trd, 8639682.332, 140
Trd, 8639682.932, 127
Trd, 8639684.282, 109
Trd, 8639684.382, 83
Trd, 8639685.582, 140
Trd, 8639686.332, 139
Trd, 8639687.032, 140
Trd, 8639687.282, 139
Trd, 8639687.882, 138
Trd, 8639688.232, 132
Trd, 8639688.682, 140
Trd, 8639690.032, 128
Trd, 8639690.732, 137
Trd, 8639691.032, 135
Trd, 8639691.732, 134
Trd, 8639692.582, 98
Trd, 8639693.682, 96
Trd, 8639694.082, 95
Trd, 8639694.932, 63
Trd, 8639695.132, 72
Trd, 8639695.232, 132
Trd, 8639695.432, 62
Trd, 8639696.982, 62
Trd, 8639697.582, 63
Trd, 8639698.582, 60
Trd, 8639699.932, 111
Trd, 8639702.032, 131
Trd, 8639702.882, 139
Trd, 8639703.082, 130
Trd, 8639703.182, 119
Trd, 8639703.732, 86
Trd, 8639704.532, 107
Trd, 8639705.132, 90
Trd, 8639705.882, 94
Trd, 8639707.332, 140
Trd, 8639707.582, 140
Trd, 8639708.432, 100
Trd, 8639708.482, 99
Trd, 8639708.632, 90
Trd, 8639710.532, 140
Trd, 8639710.632, 140
Trd, 8639711.882, 140
Trd, 8639712.232, 137
Trd, 8639712.832, 139
Trd, 8639713.332, 91
Trd, 8639714.132, 128
Trd, 8639714.532, 122
Trd, 8639715.232, 140
Trd, 8639716.282, 139
Trd, 8639716.982, 140
Trd, 8639717.632, 140
Trd, 8639718.332, 129
Trd, 8639718.882, 121
Trd, 8639719.732, 136
Trd, 8639720.332, 135
Trd, 8639720.982, 109
Trd, 8639722.482, 140
Trd, 8639722.732, 114
Trd, 8639723.682, 115
Trd, 8639724.032, 118
Trd, 8639724.232, 112
Trd, 8639724.532, 140
Trd, 8639725.882, 140
Trd, 8639726.182, 140
Trd, 8639726.582, 140
Trd, 8639727.082, 131
Trd, 8639729.382, 119
Trd, 8639729.832, 100
Trd, 8639730.782, 140
Trd, 8639731.882, 140
Trd, 8639732.682, 140
Trd, 8639732.982, 140
Trd, 8639735.032, 140
Trd, 8639736.232, 140
Trd, 8639736.282, 140
Trd, 8639737.132, 139
Trd, 8639737.182, 128
Trd, 8639738.532, 98
Trd, 8639739.432, 139
Trd, 8639739.982, 88
Trd, 8639740.082, 76
Trd, 8639740.232, 139
Trd, 8639740.732, 137
Trd, 8639742.382, 60
Trd, 8639742.532, 62
Trd, 8639744.582, 60
Trd, 8639745.032, 60
Trd, 8639746.482, 60
Trd, 8639746.582, 60
Trd, 8639747.032, 61
Trd, 8639748.982, 61
Trd, 8639749.132, 62
Trd, 8639749.932, 69
Trd, 8639750.132, 63
Trd, 8639750.932, 70
Trd, 8639751.632, 125
Trd, 8639751.782, 69
Trd, 8639751.882, 67
Trd, 8639752.182, 66
Trd, 8639753.882, 140
Trd, 8639755.332, 140
Trd, 8639755.882, 140
Trd, 8639757.882, 140
Trd, 8639757.982, 140
Trd, 8639758.082, 128
Trd, 8639758.332, 127
Trd, 8639759.082, 125
Trd, 8639760.332, 140
Trd, 8639761.332, 140
Trd, 8639761.882, 140
Trd, 8639762.732, 139
Trd, 8639764.682, 140
Trd, 8639764.782, 140
Trd, 8639765.032, 121
Trd, 8639765.432, 139
Trd, 8639765.682, 140
Trd, 8639766.482, 118
Trd, 8639767.032, 95
Trd, 8639767.732, 81
Trd, 8639769.082, 104
Trd, 8639769.382, 80
Trd, 8639769.432, 78
Trd, 8639770.182, 139
Trd, 8639770.332, 117
Trd, 8639772.832, 129
Trd, 8639772.932, 125
Trd, 8639774.382, 64
Trd, 8639774.882, 61
Trd, 8639776.982, 60
Trd, 8639777.032, 60
Trd, 8639777.782, 63
Trd, 8639777.832, 64
Trd, 8639778.732, 139
Trd, 8639779.332, 139
Trd, 8639779.482, 137
Trd, 8639779.832, 130
Trd, 8639780.732, 137
Trd, 8639781.082, 121
Trd, 8639781.582, 114
Trd, 8639782.232, 87
Trd, 8639783.532, 140
Trd, 8639785.782, 140
Trd, 8639786.032, 140
Trd, 8639786.632, 138
Trd, 8639786.732, 138
Trd, 8639787.082, 131
Trd, 8639787.632, 120
Trd, 8639789.482, 139
Trd, 8639789.982, 65
Trd, 8639790.032, 75
Trd, 8639791.432, 97
Trd, 8639791.782, 86
Trd, 8639792.332, 139
Trd, 8639794.132, 64
Trd, 8639794.882, 60
Trd, 8639797.282, 60
Trd, 8639797.932, 61
Trd, 8639798.032, 63
Trd, 8639798.532, 60
Trd, 8639799.182, 60
Trd, 8639799.332, 60
Trd, 8639799.432, 60
Trd, 8639800.182, 140
Trd, 8639801.182, 111
Trd, 8639801.582, 139
Trd, 8639802.782, 139
Trd, 8639803.032, 110
Trd, 8639804.332, 101
Trd, 8639804.582, 100
Trd, 8639805.732, 137
Trd, 8639806.632, 138
Trd, 8639807.132, 138
Trd, 8639807.432, 119
Trd, 8639807.682, 118
Trd, 8639807.732, 117
Trd, 8639808.482, 140
Trd, 8639809.832, 63
Trd, 8639809.932, 77
Trd, 8639810.882, 131
Trd, 8639812.982, 60
Trd, 8639813.632, 60
Trd, 8639814.032, 60
Trd, 8639814.932, 61
Trd, 8639814.982, 62
Trd, 8639815.032, 63
Trd, 8639816.532, 63
Trd, 8639817.332, 140
Trd, 8639817.632, 139
Trd, 8639817.732, 130
Trd, 8639818.332, 134
Trd, 8639819.482, 130
Trd, 8639821.732, 132
Trd, 8639821.982, 125
Trd, 8639822.382, 98
Trd, 8639822.532, 77
Trd, 8639823.282, 62
Trd, 8639823.882, 140
Trd, 8639824.232, 66
Trd, 8639825.682, 140
Trd, 8639826.132, 140
Trd, 8639826.382, 140
Trd, 8639828.032, 140
Trd, 8639828.232, 140
Trd, 8639829.332, 138
Trd, 8639829.382, 137
Trd, 8639829.532, 118
Trd, 8639829.682, 96
Trd, 8639830.732, 110
Trd, 8639832.482, 140
Trd, 8639833.132, 140
Trd, 8639833.682, 140
Trd, 8639834.182, 140
Trd, 8639835.282, 140
Trd, 8639836.382, 126
Trd, 8639836.882, 113
Trd, 8639837.282, 133
Trd, 8639838.132, 139
Trd, 8639838.932, 138
Trd, 8639839.382, 138
Trd, 8639839.732, 137
Trd, 8639840.132, 130
Trd, 8639841.982, 87
Trd, 8639842.982, 140
Trd, 8639843.082, 136
Trd, 8639843.682, 86
Trd, 8639844.582, 120
Trd, 8639844.682, 106
Trd, 8639845.632, 105
Trd, 8639845.882, 140
Trd, 8639847.582, 60
Trd, 8639847.632, 62
Trd, 8639848.032, 73
Trd, 8639848.482, 61
Trd, 8639848.582, 60
Trd, 8639850.432, 138
Trd, 8639852.032, 137
Trd, 8639852.082, 136
Trd, 8639852.532, 123
Trd, 8639852.632, 102
Trd, 8639853.932, 69
Trd, 8639854.132, 79
Trd, 8639855.382, 138
Trd, 8639855.932, 137
Trd, 8639857.132, 140
Trd, 8639858.232, 140
Trd, 8639858.782, 140
Trd, 8639858.982, 139
Trd, 8639859.532, 139
Trd, 8639859.832, 114
Trd, 8639861.482, 60
Trd, 8639861.882, 128
Trd, 8639863.632, 139
Trd, 8639863.832, 100
Trd, 8639863.882, 99
Trd, 8639865.532, 92
Trd, 8639865.732, 91
Trd, 8639867.432, 139
Trd, 8639867.482, 135
Trd, 8639868.632, 140
Trd, 8639869.882, 140
Trd, 8639870.182, 140
Trd, 8639870.382, 130
Trd, 8639870.782, 128
Trd, 8639871.182, 125
Trd, 8639872.482, 139
Trd, 8639872.982, 129
Trd, 8639873.482, 97
Trd, 8639875.032, 140
Trd, 8639875.082, 140
Trd, 8639876.282, 140
Trd, 8639877.932, 140
Trd, 8639878.182, 140
Trd, 8639878.282, 139
Trd, 8639878.332, 128
Trd, 8639878.682, 120
Trd, 8639879.082, 121
Trd, 8639880.182, 140
Trd, 8639880.532, 113
Trd, 8639882.482, 108
Trd, 8639883.332, 101
Trd, 8639883.382, 100
Trd, 8639883.582, 132
Trd, 8639883.632, 114
Trd, 8639885.032, 140
Trd, 8639886.982, 140
Trd, 8639888.332, 140
Trd, 8639888.382, 140
Trd, 8639888.832, 140
Trd, 8639889.082, 129
Trd, 8639891.282, 139
Trd, 8639891.932, 138
Trd, 8639892.932, 140
Trd, 8639893.182, 123
Trd, 8639893.432, 113
Trd, 8639893.682, 85
Trd, 8639894.082, 125
Trd, 8639894.582, 135
Trd, 8639896.632, 135
Trd, 8639896.682, 134
Trd, 8639898.082, 140
Trd, 8639898.932, 140
Trd, 8639899.182, 140
Trd, 8639899.882, 119
Trd, 8639900.032, 108
Trd, 8639900.382, 109
Trd, 8639901.382, 139
Trd, 8639902.132, 136
Trd, 8639902.232, 140
Trd, 8639902.582, 124
Trd, 8639902.982, 108
Trd, 8639903.832, 107
Trd, 8639905.082, 131
Trd, 8639905.332, 130
Trd, 8639906.082, 121
Trd, 8639907.282, 126
Trd, 8639908.082, 110
Trd, 8639908.632, 97
Trd, 8639908.882, 95
Trd, 8639909.982, 138
Trd, 8639910.632, 103
Trd, 8639912.082, 140
Trd, 8639913.432, 140
Trd, 8639913.882, 134
Trd, 8639913.932, 133
Trd, 8639914.532, 134
Trd, 8639914.682, 130
Trd, 8639914.882, 139
Trd, 8639915.532, 129
Trd, 8639916.532, 140
Trd, 8639917.082, 140
Trd, 8639918.082, 140
Trd, 8639918.282, 140
Trd, 8639919.482, 136
Trd, 8639920.482, 129
Trd, 8639920.782, 120
Trd, 8639921.782, 139
Trd, 8639921.882, 110
Trd, 8639922.932, 138
Trd, 8639923.332, 130
Trd, 8639924.982, 140
Trd, 8639925.332, 139
Trd, 8639925.682, 130
Trd, 8639927.382, 118
Trd, 8639927.932, 115
Trd, 8639928.432, 140
Trd, 8639929.482, 116
Trd, 8639930.432, 136
Trd, 8639930.832, 124
Trd, 8639931.032, 137
Trd, 8639931.232, 117
Trd, 8639932.082, 116
Trd, 8639933.082, 116
Trd, 8639933.632, 107
Trd, 8639935.282, 135
Trd, 8639935.432, 107
Trd, 8639936.382, 140
Trd, 8639936.832, 140
Trd, 8639937.382, 137
Trd, 8639937.832, 136
Trd, 8639938.682, 106
Trd, 8639940.182, 94
Trd, 8639940.382, 87
Trd, 8639940.632, 126
Trd, 8639941.232, 111
Trd, 8639941.932, 65
Trd, 8639942.832, 62
Trd, 8639944.282, 61
Trd, 8639944.382, 64
Trd, 8639946.532, 60
Trd, 8639948.582, 60
Trd, 8639949.982, 60
Trd, 8639950.032, 61
Trd, 8639950.982, 60
Trd, 8639951.582, 61
Trd, 8639951.782, 61
Trd, 8639952.182, 61
Trd, 8639952.982, 65
Trd, 8639954.382, 139
Trd, 8639954.832, 134
Trd, 8639955.982, 128
Trd, 8639956.082, 123
Trd, 8639956.532, 105
Trd, 8639957.132, 134
Trd, 8639958.582, 90
Trd, 8639958.782, 69
Trd, 8639959.582, 136
Trd, 8639960.032, 100
Trd, 8639960.132, 99
Trd, 8639961.632, 133
Trd, 8639962.182, 140
Trd, 8639964.182, 113
Trd, 8639964.332, 101
Trd, 8639964.882, 92
Trd, 8639965.482, 100
Trd, 8639965.732, 65
Trd, 8639967.382, 61
Trd, 8639967.732, 62
Trd, 8639967.782, 66
Trd, 8639968.932, 101
Trd, 8639969.332, 88
Trd, 8639970.182, 83
Trd, 8639970.232, 82
Trd, 8639971.382, 64
Trd, 8639972.432, 60
Trd, 8639973.082, 90
Trd, 8639973.482, 94
Trd, 8639974.182, 139
Trd, 8639975.182, 140
Trd, 8639976.132, 136
Trd, 8639976.182, 112
Trd, 8639977.082, 106
Trd, 8639977.832, 105
Trd, 8639977.932, 104
Trd, 8639978.182, 127
Trd, 8639978.732, 114
Trd, 8639979.232, 100
Trd, 8639981.432, 140
Trd, 8639981.582, 136
Trd, 8639982.982, 64
Trd, 8639983.532, 65
Trd, 8639983.882, 124
Trd, 8639984.532, 72
Trd, 8639984.782, 67
Trd, 8639984.882, 73
Trd, 8639985.432, 105
Trd, 8639986.182, 99
Trd, 8639988.382, 140
Trd, 8639988.682, 139
Trd, 8639988.932, 128
Trd, 8639989.532, 112
Trd, 8639990.582, 139
Trd, 8639991.382, 140
Trd, 8639992.632, 139
Trd, 8639992.832, 136
Trd, 8639993.332, 134
Trd, 8639994.582, 140
Trd, 8639995.032, 140
Trd, 8639995.232, 129
Trd, 8639996.482, 112
Trd, 8639997.382, 128
Trd, 8639997.432, 116
Trd, 8639998.332, 140
Trd, 8639999.132, 128
Trd, 8639999.732, 70
