Trd, 8638028.082, 140
Trd, 8638029.532, 140
Trd, 8638029.632, 140
Trd, 8638031.182, 140
Trd, 8638032.232, 140
Trd, 8638034.332, 140
Trd, 8638035.432, 140
Trd, 8638036.632, 140
Trd, 8638037.932, 140
Trd, 8638038.182, 140
Trd, 8638038.282, 140
Trd, 8638038.932, 140
Trd, 8638039.832, 140
Trd, 8638040.082, 140
Trd, 8638042.382, 140
Trd, 8638045.032, 140
Trd, 8638045.432, 140
Trd, 8638045.482, 140
Trd, 8638046.182, 140
Trd, 8638046.732, 140
Trd, 8638047.932, 140
Trd, 8638049.482, 140
Trd, 8638050.032, 140
Trd, 8638050.932, 140
Trd, 8638052.882, 140
Trd, 8638053.832, 140
Trd, 8638054.382, 140
Trd, 8638056.982, 140
Trd, 8638058.232, 140
Trd, 8638058.382, 140
Trd, 8638059.682, 140
Trd, 8638060.682, 140
Trd, 8638060.782, 140
Trd, 8638064.232, 140
Trd, 8638064.482, 140
Trd, 8638066.382, 140
Trd, 8638066.732, 140
Trd, 8638066.882, 140
Trd, 8638067.882, 140
Trd, 8638069.882, 140
Trd, 8638069.932, 140
Trd, 8638070.382, 140
Trd, 8638071.732, 140
Trd, 8638072.382, 140
Trd, 8638072.482, 140
Trd, 8638073.682, 140
Trd, 8638074.432, 140
Trd, 8638074.482, 140
Trd, 8638075.182, 140
Trd, 8638075.432, 140
Trd, 8638076.232, 140
Trd, 8638078.182, 140
Trd, 8638080.432, 140
Trd, 8638083.282, 140
Trd, 8638083.832, 140
Trd, 8638084.532, 140
Trd, 8638084.932, 140
Trd, 8638087.132, 140
Trd, 8638087.232, 140
Trd, 8638088.582, 140
Trd, 8638088.882, 140
Trd, 8638089.682, 140
Trd, 8638091.132, 140
Trd, 8638093.132, 140
Trd, 8638094.282, 140
Trd, 8638094.382, 140
Trd, 8638095.432, 140
Trd, 8638096.282, 139
Trd, 8638096.632, 140
Trd, 8638096.732, 135
Trd, 8638097.382, 140
Trd, 8638097.982, 117
Trd, 8638100.332, 140
Trd, 8638101.332, 140
Trd, 8638101.682, 140
Trd, 8638103.232, 140
Trd, 8638104.632, 140
Trd, 8638105.132, 140
Trd, 8638106.132, 140
Trd, 8638108.532, 140
Trd, 8638108.682, 140
Trd, 8638109.332, 140
Trd, 8638109.382, 140
Trd, 8638109.482, 140
Trd, 8638110.182, 140
Trd, 8638111.532, 140
Trd, 8638111.832, 140
Trd, 8638112.632, 140
Trd, 8638113.132, 140
Trd, 8638115.032, 140
Trd, 8638115.782, 140
Trd, 8638116.332, 140
Trd, 8638117.082, 140
Trd, 8638117.982, 140
Trd, 8638118.482, 140
Trd, 8638119.082, 140
Trd, 8638119.432, 140
Trd, 8638119.532, 140
Trd, 8638120.382, 140
Trd, 8638121.282, 140
Trd, 8638122.482, 140
Trd, 8638125.782, 140
Trd, 8638127.532, 140
Trd, 8638127.732, 140
Trd, 8638128.682, 140
Trd, 8638130.582, 140
Trd, 8638132.182, 140
Trd, 8638132.482, 140
Trd, 8638132.632, 140
Trd, 8638132.832, 140
Trd, 8638133.382, 139
Trd, 8638134.682, 140
Trd, 8638134.932, 140
Trd, 8638135.232, 140
Trd, 8638136.682, 140
Trd, 8638138.332, 140
Trd, 8638138.632, 140
Trd, 8638139.382, 140
Trd, 8638140.032, 140
Trd, 8638140.882, 140
Trd, 8638141.782, 140
Trd, 8638142.182, 140
Trd, 8638143.332, 140
Trd, 8638144.832, 140
Trd, 8638145.532, 140
Trd, 8638145.632, 140
Trd, 8638145.782, 138
Trd, 8638146.532, 138
Trd, 8638147.232, 140
Trd, 8638150.882, 140
Trd, 8638151.732, 140
Trd, 8638153.082, 140
Trd, 8638154.632, 140
Trd, 8638155.082, 140
Trd, 8638155.482, 140
Trd, 8638157.082, 140
Trd, 8638157.882, 140
Trd, 8638159.332, 140
Trd, 8638159.682, 140
Trd, 8638160.132, 140
Trd, 8638160.332, 140
Trd, 8638160.682, 140
Trd, 8638160.832, 140
Trd, 8638162.882, 140
Trd, 8638163.332, 140
Trd, 8638165.532, 140
Trd, 8638166.032, 140
Trd, 8638167.032, 140
Trd, 8638167.182, 140
Trd, 8638168.782, 139
Trd, 8638169.382, 139
Trd, 8638169.532, 140
Trd, 8638170.032, 139
Trd, 8638171.932, 140
Trd, 8638172.182, 140
Trd, 8638174.082, 140
Trd, 8638177.382, 140
Trd, 8638178.182, 140
Trd, 8638178.232, 140
Trd, 8638179.482, 140
Trd, 8638180.182, 140
Trd, 8638180.432, 140
Trd, 8638180.532, 131
Trd, 8638181.632, 60
Trd, 8638182.132, 61
Trd, 8638182.232, 63
Trd, 8638183.182, 102
Trd, 8638185.182, 140
Trd, 8638186.132, 140
Trd, 8638186.882, 140
Trd, 8638189.032, 140
Trd, 8638189.182, 140
Trd, 8638190.332, 140
Trd, 8638192.582, 140
Trd, 8638193.032, 140
Trd, 8638193.332, 140
Trd, 8638193.832, 140
Trd, 8638194.132, 140
Trd, 8638194.182, 140
Trd, 8638194.832, 140
Trd, 8638195.282, 140
Trd, 8638195.482, 138
Trd, 8638198.882, 140
Trd, 8638199.332, 140
Trd, 8638199.382, 140
Trd, 8638199.432, 140
Trd, 8638200.682, 138
Trd, 8638201.432, 104
Trd, 8638201.732, 140
Trd, 8638202.232, 140
Trd, 8638202.732, 136
Trd, 8638204.732, 140
Trd, 8638205.082, 140
Trd, 8638205.532, 140
Trd, 8638205.732, 140
Trd, 8638207.432, 140
Trd, 8638207.682, 140
Trd, 8638207.982, 140
Trd, 8638208.282, 140
Trd, 8638208.482, 140
Trd, 8638210.282, 140
Trd, 8638210.732, 139
Trd, 8638211.082, 138
Trd, 8638212.332, 137
Trd, 8638212.532, 137
Trd, 8638212.882, 138
Trd, 8638215.182, 140
Trd, 8638216.532, 140
Trd, 8638216.632, 140
Trd, 8638217.882, 140
Trd, 8638221.932, 140
Trd, 8638222.532, 140
Trd, 8638223.532, 140
Trd, 8638223.982, 140
Trd, 8638224.132, 140
Trd, 8638224.732, 140
Trd, 8638225.332, 140
Trd, 8638226.082, 140
Trd, 8638227.432, 140
Trd, 8638228.532, 140
Trd, 8638229.682, 140
Trd, 8638230.032, 140
Trd, 8638230.432, 140
Trd, 8638231.632, 140
Trd, 8638232.132, 140
Trd, 8638232.282, 140
Trd, 8638232.382, 140
Trd, 8638232.582, 140
Trd, 8638234.032, 139
Trd, 8638234.432, 140
Trd, 8638235.432, 140
Trd, 8638236.032, 140
Trd, 8638237.882, 140
Trd, 8638238.932, 140
Trd, 8638241.532, 140
Trd, 8638243.782, 140
Trd, 8638243.832, 140
Trd, 8638243.932, 140
Trd, 8638244.082, 140
Trd, 8638244.232, 140
Trd, 8638244.882, 140
Trd, 8638245.032, 140
Trd, 8638245.232, 140
Trd, 8638246.932, 140
Trd, 8638247.132, 140
Trd, 8638248.882, 140
Trd, 8638250.182, 140
Trd, 8638250.632, 140
Trd, 8638253.682, 140
Trd, 8638254.982, 140
Trd, 8638255.032, 140
Trd, 8638255.982, 140
Trd, 8638257.132, 140
Trd, 8638258.532, 140
Trd, 8638259.332, 140
Trd, 8638260.082, 140
Trd, 8638260.582, 140
Trd, 8638260.932, 140
Trd, 8638262.082, 140
Trd, 8638262.832, 140
Trd, 8638266.132, 140
Trd, 8638267.432, 140
Trd, 8638268.632, 140
Trd, 8638270.232, 140
Trd, 8638271.032, 140
Trd, 8638271.332, 140
Trd, 8638273.382, 140
Trd, 8638273.482, 140
Trd, 8638273.532, 140
Trd, 8638273.832, 140
Trd, 8638275.232, 140
Trd, 8638275.532, 139
Trd, 8638275.782, 140
Trd, 8638279.082, 140
Trd, 8638280.132, 140
Trd, 8638280.432, 140
Trd, 8638281.132, 140
Trd, 8638281.932, 140
Trd, 8638283.932, 140
Trd, 8638284.332, 140
Trd, 8638284.632, 140
Trd, 8638287.432, 140
Trd, 8638287.782, 140
Trd, 8638288.132, 140
Trd, 8638288.232, 140
Trd, 8638289.582, 140
Trd, 8638290.182, 140
Trd, 8638290.932, 140
Trd, 8638290.982, 140
Trd, 8638291.832, 140
Trd, 8638294.482, 140
Trd, 8638296.132, 140
Trd, 8638298.232, 140
Trd, 8638299.632, 140
Trd, 8638300.282, 140
Trd, 8638300.682, 140
Trd, 8638301.682, 140
Trd, 8638301.832, 140
Trd, 8638302.132, 140
Trd, 8638302.682, 140
Trd, 8638304.932, 140
Trd, 8638305.182, 140
Trd, 8638305.832, 140
Trd, 8638306.682, 140
Trd, 8638307.132, 140
Trd, 8638307.982, 140
Trd, 8638308.932, 140
Trd, 8638310.482, 140
Trd, 8638311.382, 140
Trd, 8638313.032, 140
Trd, 8638313.732, 140
Trd, 8638316.582, 140
Trd, 8638316.932, 140
Trd, 8638317.682, 140
Trd, 8638318.332, 140
Trd, 8638320.282, 140
Trd, 8638320.882, 140
Trd, 8638320.982, 140
Trd, 8638322.082, 140
Trd, 8638322.682, 140
Trd, 8638323.232, 140
Trd, 8638324.182, 140
Trd, 8638326.032, 140
Trd, 8638326.782, 140
Trd, 8638327.282, 140
Trd, 8638327.732, 140
Trd, 8638328.882, 140
Trd, 8638329.832, 140
Trd, 8638330.382, 140
Trd, 8638332.682, 140
Trd, 8638333.532, 140
Trd, 8638333.782, 140
Trd, 8638333.982, 140
Trd, 8638334.832, 140
Trd, 8638335.082, 139
Trd, 8638338.082, 140
Trd, 8638338.482, 140
Trd, 8638338.732, 140
Trd, 8638340.632, 140
Trd, 8638341.132, 140
Trd, 8638341.832, 139
Trd, 8638342.082, 140
Trd, 8638343.032, 138
Trd, 8638343.332, 140
Trd, 8638343.532, 138
Trd, 8638344.082, 140
Trd, 8638344.832, 139
Trd, 8638347.182, 140
Trd, 8638348.832, 140
Trd, 8638349.982, 140
Trd, 8638350.682, 140
Trd, 8638351.482, 140
Trd, 8638351.682, 140
Trd, 8638354.582, 140
Trd, 8638354.732, 140
Trd, 8638354.832, 140
Trd, 8638354.882, 140
Trd, 8638356.032, 139
Trd, 8638356.932, 140
Trd, 8638357.582, 140
Trd, 8638360.982, 140
Trd, 8638361.832, 140
Trd, 8638362.682, 140
Trd, 8638363.432, 140
Trd, 8638363.782, 140
Trd, 8638364.132, 140
Trd, 8638364.582, 140
Trd, 8638365.982, 140
Trd, 8638367.532, 140
Trd, 8638367.832, 140
Trd, 8638370.132, 140
Trd, 8638370.282, 140
Trd, 8638371.582, 140
Trd, 8638372.532, 140
Trd, 8638373.332, 140
Trd, 8638375.282, 140
Trd, 8638375.532, 140
Trd, 8638375.732, 140
Trd, 8638376.332, 140
Trd, 8638376.582, 140
Trd, 8638379.182, 140
Trd, 8638379.232, 140
Trd, 8638379.782, 140
Trd, 8638380.232, 140
Trd, 8638381.132, 140
Trd, 8638381.882, 140
Trd, 8638384.582, 140
Trd, 8638385.732, 140
Trd, 8638386.032, 140
Trd, 8638386.582, 140
Trd, 8638387.832, 140
Trd, 8638390.482, 140
Trd, 8638392.132, 140
Trd, 8638392.382, 140
Trd, 8638392.432, 140
Trd, 8638392.582, 140
Trd, 8638394.982, 140
Trd, 8638395.282, 140
Trd, 8638395.782, 140
Trd, 8638399.182, 140
Trd, 8638399.882, 140
Trd, 8638400.132, 140
Trd, 8638400.232, 140
Trd, 8638400.982, 140
Trd, 8638403.232, 140
Trd, 8638403.432, 140
Trd, 8638404.732, 140
Trd, 8638405.432, 140
Trd, 8638407.082, 140
Trd, 8638407.282, 140
Trd, 8638407.932, 140
Trd, 8638408.232, 140
Trd, 8638409.132, 131
Trd, 8638409.882, 140
Trd, 8638411.132, 139
Trd, 8638411.582, 138
Trd, 8638412.332, 126
Trd, 8638412.982, 137
Trd, 8638415.532, 140
Trd, 8638416.882, 140
Trd, 8638416.932, 140
Trd, 8638418.032, 140
Trd, 8638421.432, 140
Trd, 8638421.932, 140
Trd, 8638422.182, 140
Trd, 8638422.832, 140
Trd, 8638424.632, 140
Trd, 8638424.832, 140
Trd, 8638427.232, 140
Trd, 8638427.782, 140
Trd, 8638428.832, 140
Trd, 8638431.032, 140
Trd, 8638432.032, 140
Trd, 8638432.482, 140
Trd, 8638432.582, 140
Trd, 8638433.582, 140
Trd, 8638433.932, 139
Trd, 8638434.432, 140
Trd, 8638435.082, 140
Trd, 8638436.132, 140
Trd, 8638437.232, 140
Trd, 8638438.182, 140
Trd, 8638439.682, 140
Trd, 8638440.882, 140
Trd, 8638441.382, 140
Trd, 8638443.932, 140
Trd, 8638445.632, 140
Trd, 8638446.532, 140
Trd, 8638446.832, 140
Trd, 8638446.982, 140
Trd, 8638447.782, 140
Trd, 8638448.232, 140
Trd, 8638448.632, 139
Trd, 8638449.432, 139
Trd, 8638450.332, 140
Trd, 8638451.032, 140
Trd, 8638451.682, 134
Trd, 8638453.282, 140
Trd, 8638453.882, 140
Trd, 8638455.782, 140
Trd, 8638456.482, 140
Trd, 8638457.132, 140
Trd, 8638457.232, 140
Trd, 8638459.382, 140
Trd, 8638459.632, 140
Trd, 8638459.732, 140
Trd, 8638459.982, 100
Trd, 8638460.732, 137
Trd, 8638461.032, 80
Trd, 8638461.282, 135
Trd, 8638463.182, 140
Trd, 8638463.882, 140
Trd, 8638464.082, 140
Trd, 8638464.682, 140
Trd, 8638464.782, 140
Trd, 8638465.482, 139
Trd, 8638465.832, 140
Trd, 8638465.882, 140
Trd, 8638467.932, 139
Trd, 8638468.782, 139
Trd, 8638469.032, 136
Trd, 8638470.132, 140
Trd, 8638472.632, 140
Trd, 8638474.882, 140
Trd, 8638475.082, 140
Trd, 8638475.232, 140
Trd, 8638475.382, 140
Trd, 8638476.032, 140
Trd, 8638477.082, 140
Trd, 8638477.882, 140
Trd, 8638477.982, 140
Trd, 8638481.082, 140
Trd, 8638481.482, 140
Trd, 8638482.482, 140
Trd, 8638482.632, 140
Trd, 8638482.782, 140
Trd, 8638483.132, 140
Trd, 8638483.382, 140
Trd, 8638483.832, 140
Trd, 8638483.932, 140
Trd, 8638485.032, 137
Trd, 8638485.332, 137
Trd, 8638487.182, 99
Trd, 8638487.432, 95
Trd, 8638488.782, 96
Trd, 8638489.482, 133
Trd, 8638490.082, 98
Trd, 8638491.632, 132
Trd, 8638491.982, 133
Trd, 8638492.082, 103
Trd, 8638492.332, 102
Trd, 8638492.582, 123
Trd, 8638493.232, 140
Trd, 8638493.882, 137
Trd, 8638494.232, 60
Trd, 8638496.932, 140
Trd, 8638498.432, 140
Trd, 8638499.232, 140
Trd, 8638499.482, 140
Trd, 8638500.932, 140
Trd, 8638502.282, 140
Trd, 8638503.632, 140
Trd, 8638504.182, 140
Trd, 8638505.182, 140
Trd, 8638506.282, 140
Trd, 8638510.332, 140
Trd, 8638511.682, 140
Trd, 8638511.782, 140
Trd, 8638511.932, 140
Trd, 8638512.082, 140
Trd, 8638512.182, 139
Trd, 8638513.182, 140
Trd, 8638513.232, 140
Trd, 8638514.332, 139
Trd, 8638515.632, 140
Trd, 8638516.382, 140
Trd, 8638516.732, 139
Trd, 8638516.932, 139
Trd, 8638518.132, 140
Trd, 8638518.332, 140
Trd, 8638520.982, 140
Trd, 8638521.232, 140
Trd, 8638521.782, 140
Trd, 8638523.132, 140
Trd, 8638524.532, 140
Trd, 8638525.832, 140
Trd, 8638526.232, 140
Trd, 8638527.382, 140
Trd, 8638527.982, 140
Trd, 8638528.082, 140
Trd, 8638529.282, 140
Trd, 8638530.232, 140
Trd, 8638532.382, 140
Trd, 8638533.582, 140
Trd, 8638534.782, 140
Trd, 8638534.932, 140
Trd, 8638535.332, 140
Trd, 8638536.682, 140
Trd, 8638537.482, 140
Trd, 8638537.832, 140
Trd, 8638538.182, 140
Trd, 8638538.432, 140
Trd, 8638539.082, 140
Trd, 8638539.882, 140
Trd, 8638540.282, 140
Trd, 8638540.582, 140
Trd, 8638544.832, 140
Trd, 8638545.482, 140
Trd, 8638546.282, 140
Trd, 8638546.482, 140
Trd, 8638546.682, 140
Trd, 8638548.782, 140
Trd, 8638549.582, 140
Trd, 8638549.982, 140
Trd, 8638550.682, 140
Trd, 8638551.482, 140
Trd, 8638551.632, 140
Trd, 8638552.632, 140
Trd, 8638553.132, 140
Trd, 8638553.482, 140
Trd, 8638554.332, 140
Trd, 8638557.532, 140
Trd, 8638559.632, 140
Trd, 8638560.332, 140
Trd, 8638562.582, 140
Trd, 8638563.332, 140
Trd, 8638564.182, 140
Trd, 8638565.982, 140
Trd, 8638566.232, 140
Trd, 8638566.832, 140
Trd, 8638567.232, 140
Trd, 8638567.832, 140
Trd, 8638567.982, 140
Trd, 8638569.382, 140
Trd, 8638570.832, 140
Trd, 8638571.482, 140
Trd, 8638572.132, 140
Trd, 8638573.332, 140
Trd, 8638573.782, 140
Trd, 8638575.232, 140
Trd, 8638576.432, 140
Trd, 8638576.532, 140
Trd, 8638577.232, 140
Trd, 8638577.832, 140
Trd, 8638579.932, 140
Trd, 8638580.182, 140
Trd, 8638581.482, 140
Trd, 8638581.632, 140
Trd, 8638582.032, 140
Trd, 8638582.932, 140
Trd, 8638583.282, 140
Trd, 8638585.032, 140
Trd, 8638585.282, 140
Trd, 8638587.582, 140
Trd, 8638588.082, 140
Trd, 8638588.932, 140
Trd, 8638589.732, 140
Trd, 8638591.382, 140
Trd, 8638591.582, 140
Trd, 8638592.232, 140
Trd, 8638592.682, 140
Trd, 8638593.832, 140
Trd, 8638593.882, 140
Trd, 8638594.132, 140
Trd, 8638594.232, 139
Trd, 8638595.682, 140
Trd, 8638596.032, 140
Trd, 8638597.832, 140
Trd, 8638599.432, 140
Trd, 8638600.982, 140
Trd, 8638601.232, 140
Trd, 8638601.332, 140
Trd, 8638601.382, 139
Trd, 8638602.482, 140
Trd, 8638603.582, 140
Trd, 8638605.082, 140
Trd, 8638605.582, 140
Trd, 8638606.332, 138
Trd, 8638607.582, 140
Trd, 8638608.732, 140
Trd, 8638610.582, 140
Trd, 8638610.732, 140
Trd, 8638610.832, 140
Trd, 8638610.982, 139
Trd, 8638611.582, 133
Trd, 8638612.082, 140
Trd, 8638612.732, 140
Trd, 8638616.932, 140
Trd, 8638617.282, 140
Trd, 8638617.532, 140
Trd, 8638618.482, 140
Trd, 8638618.582, 140
Trd, 8638618.932, 140
Trd, 8638619.882, 140
Trd, 8638620.782, 140
Trd, 8638623.082, 140
Trd, 8638624.932, 140
Trd, 8638625.232, 140
Trd, 8638625.282, 140
Trd, 8638625.382, 140
Trd, 8638626.782, 140
Trd, 8638627.182, 140
Trd, 8638628.632, 140
Trd, 8638628.832, 140
Trd, 8638629.882, 140
Trd, 8638632.582, 140
Trd, 8638634.482, 140
Trd, 8638635.832, 140
Trd, 8638636.482, 140
Trd, 8638636.782, 140
Trd, 8638636.832, 140
Trd, 8638637.232, 140
Trd, 8638637.382, 140
Trd, 8638638.532, 140
Trd, 8638639.132, 140
Trd, 8638639.582, 140
Trd, 8638640.332, 140
Trd, 8638642.032, 140
Trd, 8638643.832, 140
Trd, 8638644.382, 140
Trd, 8638644.832, 140
Trd, 8638645.132, 140
Trd, 8638645.782, 140
Trd, 8638646.082, 140
Trd, 8638648.132, 140
Trd, 8638648.182, 140
Trd, 8638648.232, 140
Trd, 8638648.632, 140
Trd, 8638650.282, 137
Trd, 8638651.082, 60
Trd, 8638652.132, 61
Trd, 8638652.632, 60
Trd, 8638654.532, 60
Trd, 8638654.882, 61
Trd, 8638654.932, 65
Trd, 8638656.132, 66
Trd, 8638656.482, 68
Trd, 8638656.632, 68
Trd, 8638656.832, 71
Trd, 8638656.932, 96
Trd, 8638659.632, 85
Trd, 8638659.682, 114
Trd, 8638659.882, 80
Trd, 8638660.232, 131
Trd, 8638660.632, 134
Trd, 8638661.432, 83
Trd, 8638663.332, 65
Trd, 8638664.182, 72
Trd, 8638665.082, 61
Trd, 8638665.982, 65
Trd, 8638666.882, 62
Trd, 8638667.682, 60
Trd, 8638668.582, 63
Trd, 8638669.632, 93
Trd, 8638670.282, 94
Trd, 8638671.582, 61
Trd, 8638673.382, 60
Trd, 8638673.532, 60
Trd, 8638674.032, 60
Trd, 8638674.132, 61
Trd, 8638674.282, 61
Trd, 8638674.832, 63
Trd, 8638675.232, 62
Trd, 8638677.082, 95
Trd, 8638677.332, 96
Trd, 8638678.132, 125
Trd, 8638678.832, 72
Trd, 8638679.332, 140
Trd, 8638679.382, 140
Trd, 8638682.732, 140
Trd, 8638683.132, 140
Trd, 8638683.532, 140
Trd, 8638684.182, 140
Trd, 8638684.582, 140
Trd, 8638686.232, 140
Trd, 8638686.282, 140
Trd, 8638689.082, 140
Trd, 8638689.232, 140
Trd, 8638689.682, 140
Trd, 8638690.082, 140
Trd, 8638690.282, 140
Trd, 8638690.882, 140
Trd, 8638691.732, 139
Trd, 8638695.032, 140
Trd, 8638695.532, 140
Trd, 8638695.832, 140
Trd, 8638696.382, 140
Trd, 8638696.682, 140
Trd, 8638697.082, 140
Trd, 8638697.332, 139
Trd, 8638697.632, 128
Trd, 8638699.132, 140
Trd, 8638701.182, 140
Trd, 8638702.232, 140
Trd, 8638702.432, 140
Trd, 8638704.332, 140
Trd, 8638704.782, 140
Trd, 8638707.632, 140
Trd, 8638708.082, 140
Trd, 8638709.682, 140
Trd, 8638711.682, 140
Trd, 8638712.082, 140
Trd, 8638712.382, 140
Trd, 8638712.732, 140
Trd, 8638714.082, 140
Trd, 8638715.232, 140
Trd, 8638715.332, 140
Trd, 8638717.432, 140
Trd, 8638719.232, 140
Trd, 8638720.432, 140
Trd, 8638720.832, 140
Trd, 8638721.382, 140
Trd, 8638722.282, 140
Trd, 8638723.182, 140
Trd, 8638724.032, 139
Trd, 8638724.182, 136
Trd, 8638724.832, 138
Trd, 8638724.982, 140
Trd, 8638725.282, 137
Trd, 8638726.082, 131
Trd, 8638727.232, 140
Trd, 8638728.632, 140
Trd, 8638728.882, 140
Trd, 8638729.982, 140
Trd, 8638731.732, 140
Trd, 8638732.132, 140
Trd, 8638734.132, 140
Trd, 8638734.732, 140
Trd, 8638734.982, 140
Trd, 8638736.382, 140
Trd, 8638737.032, 140
Trd, 8638739.232, 140
Trd, 8638739.282, 140
Trd, 8638739.932, 140
Trd, 8638741.432, 140
Trd, 8638743.032, 140
Trd, 8638744.782, 140
Trd, 8638744.882, 140
Trd, 8638745.882, 140
Trd, 8638746.032, 140
Trd, 8638747.232, 140
Trd, 8638748.082, 140
Trd, 8638748.332, 140
Trd, 8638748.732, 138
Trd, 8638749.482, 140
Trd, 8638751.332, 140
Trd, 8638751.782, 140
Trd, 8638753.782, 140
Trd, 8638754.332, 140
Trd, 8638756.132, 140
Trd, 8638757.732, 140
Trd, 8638758.832, 140
Trd, 8638760.282, 140
Trd, 8638760.332, 140
Trd, 8638760.532, 140
Trd, 8638761.632, 140
Trd, 8638762.182, 138
Trd, 8638763.032, 140
Trd, 8638764.132, 140
Trd, 8638764.732, 140
Trd, 8638765.882, 140
Trd, 8638766.582, 140
Trd, 8638767.632, 140
Trd, 8638768.032, 140
Trd, 8638768.582, 140
Trd, 8638768.682, 140
Trd, 8638768.732, 139
Trd, 8638769.232, 137
Trd, 8638771.082, 140
Trd, 8638772.682, 140
Trd, 8638774.982, 140
Trd, 8638775.782, 140
Trd, 8638777.582, 140
Trd, 8638777.682, 140
Trd, 8638778.082, 140
Trd, 8638779.682, 140
Trd, 8638782.182, 140
Trd, 8638782.932, 140
Trd, 8638783.282, 140
Trd, 8638783.532, 139
Trd, 8638784.982, 140
Trd, 8638786.132, 139
Trd, 8638786.682, 140
Trd, 8638787.382, 140
Trd, 8638787.532, 140
Trd, 8638788.782, 140
Trd, 8638789.232, 139
Trd, 8638789.282, 138
Trd, 8638790.482, 139
Trd, 8638791.582, 136
Trd, 8638791.882, 140
Trd, 8638792.032, 140
Trd, 8638793.782, 140
Trd, 8638795.132, 140
Trd, 8638796.532, 140
Trd, 8638797.032, 140
Trd, 8638797.182, 140
Trd, 8638797.332, 140
Trd, 8638797.482, 139
Trd, 8638799.232, 140
Trd, 8638800.432, 140
Trd, 8638801.982, 140
Trd, 8638803.632, 140
Trd, 8638803.832, 140
Trd, 8638806.332, 140
Trd, 8638806.532, 139
Trd, 8638807.282, 140
Trd, 8638807.782, 139
Trd, 8638808.282, 140
Trd, 8638808.782, 140
Trd, 8638809.182, 140
Trd, 8638812.082, 140
Trd, 8638813.432, 140
Trd, 8638813.882, 140
Trd, 8638815.032, 140
Trd, 8638818.332, 140
Trd, 8638818.432, 140
Trd, 8638819.182, 140
Trd, 8638819.382, 140
Trd, 8638821.932, 140
Trd, 8638822.382, 140
Trd, 8638822.682, 140
Trd, 8638822.982, 140
Trd, 8638823.432, 139
Trd, 8638823.682, 137
Trd, 8638825.032, 139
Trd, 8638825.532, 139
Trd, 8638826.832, 140
Trd, 8638827.632, 140
Trd, 8638827.882, 138
Trd, 8638829.232, 140
Trd, 8638830.032, 140
Trd, 8638830.632, 139
Trd, 8638834.482, 140
Trd, 8638835.432, 140
Trd, 8638835.682, 140
Trd, 8638835.882, 140
Trd, 8638836.032, 140
Trd, 8638836.882, 140
Trd, 8638837.432, 140
Trd, 8638838.032, 140
Trd, 8638838.282, 140
Trd, 8638839.132, 139
Trd, 8638840.532, 140
Trd, 8638841.882, 140
Trd, 8638842.132, 140
Trd, 8638843.532, 140
Trd, 8638845.432, 140
Trd, 8638845.532, 140
Trd, 8638845.782, 140
Trd, 8638849.182, 140
Trd, 8638849.982, 140
Trd, 8638851.032, 140
Trd, 8638851.582, 140
Trd, 8638852.482, 140
Trd, 8638853.382, 140
Trd, 8638853.482, 140
Trd, 8638854.282, 134
Trd, 8638854.482, 138
Trd, 8638854.682, 138
Trd, 8638854.932, 134
Trd, 8638856.482, 140
Trd, 8638857.082, 140
Trd, 8638857.232, 140
Trd, 8638859.632, 140
Trd, 8638860.082, 140
Trd, 8638861.132, 140
Trd, 8638861.682, 140
Trd, 8638861.982, 140
Trd, 8638862.382, 140
Trd, 8638862.482, 140
Trd, 8638862.932, 140
Trd, 8638863.632, 140
Trd, 8638863.682, 138
Trd, 8638864.532, 140
Trd, 8638865.682, 140
Trd, 8638865.932, 139
Trd, 8638866.282, 138
Trd, 8638868.132, 140
Trd, 8638869.032, 140
Trd, 8638869.582, 140
Trd, 8638869.882, 140
Trd, 8638870.632, 137
Trd, 8638870.932, 139
Trd, 8638872.382, 139
Trd, 8638873.582, 140
Trd, 8638874.832, 140
Trd, 8638875.732, 140
Trd, 8638875.882, 140
Trd, 8638878.482, 140
Trd, 8638879.982, 140
Trd, 8638881.182, 140
Trd, 8638882.182, 140
Trd, 8638882.232, 140
Trd, 8638883.082, 140
Trd, 8638884.082, 140
Trd, 8638884.432, 140
Trd, 8638885.382, 140
Trd, 8638886.032, 140
Trd, 8638888.532, 140
Trd, 8638889.032, 140
Trd, 8638889.232, 140
Trd, 8638890.332, 140
Trd, 8638891.632, 140
Trd, 8638891.832, 140
Trd, 8638892.132, 140
Trd, 8638893.382, 140
Trd, 8638895.232, 140
Trd, 8638896.732, 140
Trd, 8638896.982, 140
Trd, 8638898.382, 138
Trd, 8638898.732, 137
Trd, 8638899.482, 140
Trd, 8638900.232, 140
Trd, 8638900.532, 139
Trd, 8638901.582, 140
Trd, 8638903.182, 140
Trd, 8638903.932, 140
Trd, 8638904.182, 140
Trd, 8638904.582, 131
Trd, 8638905.332, 140
Trd, 8638905.532, 65
Trd, 8638906.432, 118
Trd, 8638906.582, 130
Trd, 8638908.082, 75
Trd, 8638908.332, 140
Trd, 8638909.832, 140
Trd, 8638911.582, 140
Trd, 8638912.732, 140
Trd, 8638913.632, 140
Trd, 8638917.432, 140
Trd, 8638918.432, 140
Trd, 8638918.682, 140
Trd, 8638918.732, 139
Trd, 8638921.032, 140
Trd, 8638921.782, 140
Trd, 8638922.282, 140
Trd, 8638922.382, 140
Trd, 8638922.432, 140
Trd, 8638922.682, 140
Trd, 8638924.532, 140
Trd, 8638927.582, 140
Trd, 8638929.032, 140
Trd, 8638929.832, 140
Trd, 8638931.132, 140
Trd, 8638932.282, 140
Trd, 8638933.032, 140
Trd, 8638934.132, 140
Trd, 8638934.532, 140
Trd, 8638935.982, 140
Trd, 8638938.282, 140
Trd, 8638939.182, 140
Trd, 8638940.032, 140
Trd, 8638941.182, 140
Trd, 8638942.032, 140
Trd, 8638942.382, 140
Trd, 8638944.782, 140
Trd, 8638945.032, 140
Trd, 8638945.232, 140
Trd, 8638945.432, 140
Trd, 8638945.582, 140
Trd, 8638947.982, 140
Trd, 8638950.582, 140
Trd, 8638951.282, 140
Trd, 8638951.332, 140
Trd, 8638951.482, 140
Trd, 8638951.582, 139
Trd, 8638951.682, 140
Trd, 8638952.582, 138
Trd, 8638954.732, 140
Trd, 8638954.782, 140
Trd, 8638955.782, 140
Trd, 8638956.282, 140
Trd, 8638957.682, 137
Trd, 8638958.082, 139
Trd, 8638958.182, 137
Trd, 8638958.532, 135
Trd, 8638959.782, 132
Trd, 8638960.232, 140
Trd, 8638960.832, 140
Trd, 8638961.632, 140
Trd, 8638961.832, 140
Trd, 8638962.982, 140
Trd, 8638963.232, 139
Trd, 8638963.432, 115
Trd, 8638964.932, 138
Trd, 8638965.932, 140
Trd, 8638967.132, 140
Trd, 8638967.932, 140
Trd, 8638969.782, 140
Trd, 8638970.882, 140
Trd, 8638971.182, 140
Trd, 8638971.232, 139
Trd, 8638971.732, 140
Trd, 8638973.382, 140
Trd, 8638973.432, 140
Trd, 8638974.932, 140
Trd, 8638975.682, 140
Trd, 8638975.732, 140
Trd, 8638975.982, 140
Trd, 8638976.132, 140
Trd, 8638977.532, 140
Trd, 8638977.982, 140
Trd, 8638980.382, 140
Trd, 8638981.582, 140
Trd, 8638981.632, 140
Trd, 8638981.932, 140
Trd, 8638983.782, 140
Trd, 8638985.082, 140
Trd, 8638985.232, 140
Trd, 8638985.732, 140
Trd, 8638986.882, 140
Trd, 8638987.382, 140
Trd, 8638987.482, 140
Trd, 8638989.182, 140
Trd, 8638990.432, 140
Trd, 8638990.782, 140
Trd, 8638992.882, 140
Trd, 8638993.282, 140
Trd, 8638993.732, 140
Trd, 8638993.982, 140
Trd, 8638996.182, 140
Trd, 8638997.382, 139
Trd, 8638998.032, 140
Trd, 8638998.332, 140
Trd, 8638998.482, 140
Trd, 8638998.732, 140
Trd, 8638999.232, 140
Trd, 8638999.532, 140
Trd, 8639000.082, 140
Trd, 8639003.432, 140
Trd, 8639003.882, 140
Trd, 8639004.132, 140
Trd, 8639005.382, 140
Trd, 8639005.582, 140
Trd, 8639006.632, 140
Trd, 8639006.682, 140
Trd, 8639006.932, 140
Trd, 8639007.632, 140
Trd, 8639008.082, 140
Trd, 8639009.382, 140
Trd, 8639011.882, 140
Trd, 8639013.982, 140
Trd, 8639014.282, 140
Trd, 8639015.332, 140
Trd, 8639015.632, 140
Trd, 8639016.232, 140
Trd, 8639017.032, 140
Trd, 8639017.732, 140
Trd, 8639018.182, 140
Trd, 8639019.282, 140
Trd, 8639020.432, 140
Trd, 8639021.482, 140
Trd, 8639022.732, 140
Trd, 8639022.982, 140
Trd, 8639023.032, 140
Trd, 8639024.082, 140
Trd, 8639024.482, 140
Trd, 8639026.882, 140
Trd, 8639028.482, 140
Trd, 8639028.532, 140
Trd, 8639028.582, 140
Trd, 8639028.782, 139
Trd, 8639029.532, 139
Trd, 8639030.032, 140
Trd, 8639031.132, 140
Trd, 8639032.232, 140
Trd, 8639035.232, 140
Trd, 8639035.682, 140
Trd, 8639038.432, 140
Trd, 8639038.582, 140
Trd, 8639038.782, 140
Trd, 8639039.482, 140
Trd, 8639039.832, 140
Trd, 8639039.882, 140
Trd, 8639041.082, 139
Trd, 8639042.132, 139
Trd, 8639042.482, 140
Trd, 8639043.332, 140
Trd, 8639045.932, 140
Trd, 8639047.532, 140
Trd, 8639047.782, 140
Trd, 8639048.982, 140
Trd, 8639049.232, 140
Trd, 8639049.432, 140
Trd, 8639049.782, 140
Trd, 8639049.882, 140
Trd, 8639050.482, 140
Trd, 8639050.732, 140
Trd, 8639052.232, 140
Trd, 8639052.482, 140
Trd, 8639053.682, 140
Trd, 8639057.132, 140
Trd, 8639057.182, 140
Trd, 8639057.882, 140
Trd, 8639058.182, 140
Trd, 8639058.432, 140
Trd, 8639058.882, 140
Trd, 8639059.232, 139
Trd, 8639059.682, 140
Trd, 8639059.932, 140
Trd, 8639060.782, 140
Trd, 8639061.632, 140
Trd, 8639062.932, 140
Trd, 8639063.282, 140
Trd, 8639063.882, 140
Trd, 8639066.532, 140
Trd, 8639066.632, 140
Trd, 8639066.882, 140
Trd, 8639068.282, 140
Trd, 8639069.932, 140
Trd, 8639070.832, 140
Trd, 8639071.982, 140
Trd, 8639072.832, 140
Trd, 8639073.332, 140
Trd, 8639073.432, 140
Trd, 8639074.432, 140
Trd, 8639074.632, 140
Trd, 8639074.932, 140
Trd, 8639075.582, 140
Trd, 8639076.082, 140
Trd, 8639077.682, 140
Trd, 8639079.332, 140
Trd, 8639080.682, 140
Trd, 8639082.432, 140
Trd, 8639084.032, 140
Trd, 8639084.432, 140
Trd, 8639084.532, 140
Trd, 8639086.932, 140
Trd, 8639088.882, 140
Trd, 8639088.982, 140
Trd, 8639089.382, 140
Trd, 8639090.332, 140
Trd, 8639092.182, 140
Trd, 8639092.682, 140
Trd, 8639093.232, 140
Trd, 8639094.982, 140
Trd, 8639095.582, 140
Trd, 8639096.382, 140
Trd, 8639097.232, 140
Trd, 8639097.582, 140
Trd, 8639097.882, 140
Trd, 8639098.632, 140
Trd, 8639098.982, 140
Trd, 8639099.482, 140
Trd, 8639099.782, 140
Trd, 8639101.232, 140
Trd, 8639102.082, 140
Trd, 8639102.132, 140
Trd, 8639102.182, 137
Trd, 8639104.432, 139
Trd, 8639106.682, 140
Trd, 8639106.882, 140
Trd, 8639107.232, 140
Trd, 8639107.482, 140
Trd, 8639108.832, 140
Trd, 8639109.482, 140
Trd, 8639112.532, 140
Trd, 8639112.632, 140
Trd, 8639113.982, 140
Trd, 8639115.982, 140
Trd, 8639116.032, 140
Trd, 8639116.932, 140
Trd, 8639118.082, 140
Trd, 8639118.182, 140
Trd, 8639121.882, 140
Trd, 8639124.832, 140
Trd, 8639125.282, 140
Trd, 8639125.882, 140
Trd, 8639127.182, 140
Trd, 8639128.482, 140
Trd, 8639129.882, 140
Trd, 8639131.182, 140
Trd, 8639131.482, 140
Trd, 8639132.082, 140
Trd, 8639133.082, 140
Trd, 8639133.382, 140
Trd, 8639135.682, 140
Trd, 8639137.732, 140
Trd, 8639138.282, 140
Trd, 8639140.082, 140
Trd, 8639140.482, 140
Trd, 8639140.732, 140
Trd, 8639142.032, 140
Trd, 8639142.782, 140
Trd, 8639143.482, 140
Trd, 8639143.732, 140
Trd, 8639144.182, 140
Trd, 8639144.332, 140
Trd, 8639145.082, 140
Trd, 8639145.182, 140
Trd, 8639149.282, 140
Trd, 8639149.932, 140
Trd, 8639151.182, 140
Trd, 8639151.582, 140
Trd, 8639151.832, 139
Trd, 8639152.932, 140
Trd, 8639153.582, 140
Trd, 8639153.882, 140
Trd, 8639154.932, 140
Trd, 8639156.632, 140
Trd, 8639157.632, 140
Trd, 8639158.582, 140
Trd, 8639159.832, 140
Trd, 8639161.982, 140
Trd, 8639162.482, 139
Trd, 8639162.532, 138
Trd, 8639163.182, 139
Trd, 8639164.032, 138
Trd, 8639165.882, 140
Trd, 8639167.282, 140
Trd, 8639168.482, 140
Trd, 8639169.982, 140
Trd, 8639170.732, 140
Trd, 8639171.132, 140
Trd, 8639171.832, 140
Trd, 8639172.132, 140
Trd, 8639173.132, 138
Trd, 8639173.182, 137
Trd, 8639174.832, 140
Trd, 8639175.732, 140
Trd, 8639176.582, 140
Trd, 8639176.882, 140
Trd, 8639179.232, 140
Trd, 8639181.582, 140
Trd, 8639182.582, 140
Trd, 8639184.082, 140
Trd, 8639184.332, 140
Trd, 8639184.532, 140
Trd, 8639185.332, 140
Trd, 8639185.482, 140
Trd, 8639185.582, 139
Trd, 8639186.232, 140
Trd, 8639186.932, 140
Trd, 8639187.382, 136
Trd, 8639187.432, 135
Trd, 8639188.132, 140
Trd, 8639188.482, 140
Trd, 8639189.182, 140
Trd, 8639190.432, 60
Trd, 8639190.482, 61
Trd, 8639192.632, 139
Trd, 8639193.282, 139
Trd, 8639194.632, 140
Trd, 8639195.082, 140
Trd, 8639196.282, 140
Trd, 8639197.082, 140
Trd, 8639197.682, 140
Trd, 8639198.182, 140
Trd, 8639198.782, 140
Trd, 8639199.932, 140
Trd, 8639200.732, 140
Trd, 8639201.632, 140
Trd, 8639202.432, 140
Trd, 8639202.782, 140
Trd, 8639203.732, 140
Trd, 8639207.332, 140
Trd, 8639207.732, 140
Trd, 8639208.182, 140
Trd, 8639209.432, 140
Trd, 8639211.082, 140
Trd, 8639211.632, 140
Trd, 8639213.182, 140
Trd, 8639213.932, 140
Trd, 8639214.582, 140
Trd, 8639215.832, 140
Trd, 8639216.032, 140
Trd, 8639217.582, 140
Trd, 8639218.532, 140
Trd, 8639218.682, 140
Trd, 8639221.532, 140
Trd, 8639222.032, 140
Trd, 8639223.032, 140
Trd, 8639223.132, 140
Trd, 8639223.332, 140
Trd, 8639224.032, 140
Trd, 8639224.482, 125
Trd, 8639225.582, 140
Trd, 8639225.682, 140
Trd, 8639226.382, 139
Trd, 8639226.582, 62
Trd, 8639227.932, 135
Trd, 8639228.582, 138
Trd, 8639231.132, 140
Trd, 8639231.582, 140
Trd, 8639232.232, 140
Trd, 8639232.982, 140
Trd, 8639234.082, 140
Trd, 8639235.932, 140
Trd, 8639237.432, 140
Trd, 8639237.832, 140
Trd, 8639238.682, 140
Trd, 8639240.382, 140
Trd, 8639240.832, 140
Trd, 8639241.532, 140
Trd, 8639241.882, 140
Trd, 8639242.282, 140
Trd, 8639242.582, 135
Trd, 8639243.832, 108
Trd, 8639243.882, 106
Trd, 8639244.582, 116
Trd, 8639245.182, 67
Trd, 8639245.382, 118
Trd, 8639246.632, 105
Trd, 8639246.882, 113
Trd, 8639247.532, 67
Trd, 8639249.082, 60
Trd, 8639249.632, 60
Trd, 8639249.732, 60
Trd, 8639250.432, 88
Trd, 8639251.282, 140
Trd, 8639252.282, 140
Trd, 8639254.232, 140
Trd, 8639255.482, 140
Trd, 8639255.882, 140
Trd, 8639258.432, 140
Trd, 8639259.282, 140
Trd, 8639259.432, 140
Trd, 8639259.782, 140
Trd, 8639261.082, 140
Trd, 8639261.432, 140
Trd, 8639261.932, 140
Trd, 8639262.982, 140
Trd, 8639263.232, 140
Trd, 8639263.332, 140
Trd, 8639263.932, 140
Trd, 8639264.032, 139
Trd, 8639265.232, 140
Trd, 8639265.682, 140
Trd, 8639266.882, 140
Trd, 8639269.032, 140
Trd, 8639271.132, 140
Trd, 8639271.332, 140
Trd, 8639271.432, 140
Trd, 8639272.182, 140
Trd, 8639273.932, 140
Trd, 8639274.182, 140
Trd, 8639274.732, 140
Trd, 8639275.032, 140
Trd, 8639276.232, 140
Trd, 8639276.882, 140
Trd, 8639276.932, 140
Trd, 8639279.382, 140
Trd, 8639279.782, 140
Trd, 8639280.632, 140
Trd, 8639281.182, 140
Trd, 8639281.582, 140
Trd, 8639283.132, 140
Trd, 8639283.332, 140
Trd, 8639284.382, 132
Trd, 8639285.632, 128
Trd, 8639285.682, 137
Trd, 8639286.282, 140
Trd, 8639286.332, 139
Trd, 8639289.382, 140
Trd, 8639290.182, 140
Trd, 8639290.482, 140
Trd, 8639292.232, 140
Trd, 8639292.282, 140
Trd, 8639293.832, 140
Trd, 8639294.082, 140
Trd, 8639294.282, 138
Trd, 8639295.382, 140
Trd, 8639296.932, 140
Trd, 8639297.782, 140
Trd, 8639299.582, 140
Trd, 8639300.432, 140
Trd, 8639301.032, 140
Trd, 8639301.282, 140
Trd, 8639302.132, 140
Trd, 8639302.532, 140
Trd, 8639303.332, 140
Trd, 8639306.132, 140
Trd, 8639306.332, 140
Trd, 8639308.582, 140
Trd, 8639309.682, 140
Trd, 8639311.032, 140
Trd, 8639311.432, 140
Trd, 8639311.882, 140
Trd, 8639313.182, 140
Trd, 8639313.482, 140
Trd, 8639314.232, 140
Trd, 8639314.332, 139
Trd, 8639315.132, 140
Trd, 8639316.332, 138
Trd, 8639317.382, 140
Trd, 8639318.682, 140
Trd, 8639319.582, 140
Trd, 8639321.032, 140
Trd, 8639322.082, 140
Trd, 8639324.432, 140
Trd, 8639324.932, 140
Trd, 8639326.532, 140
Trd, 8639328.032, 140
Trd, 8639328.732, 140
Trd, 8639331.132, 140
Trd, 8639332.332, 140
Trd, 8639332.782, 140
Trd, 8639334.032, 140
Trd, 8639334.082, 140
Trd, 8639336.032, 140
Trd, 8639336.432, 140
Trd, 8639337.382, 140
Trd, 8639338.282, 140
Trd, 8639338.682, 140
Trd, 8639339.232, 140
Trd, 8639339.332, 140
Trd, 8639340.032, 137
Trd, 8639340.632, 139
Trd, 8639341.332, 135
Trd, 8639342.182, 136
Trd, 8639343.332, 140
Trd, 8639343.832, 140
Trd, 8639343.882, 140
Trd, 8639344.682, 140
Trd, 8639345.532, 140
Trd, 8639349.682, 140
Trd, 8639349.832, 140
Trd, 8639350.082, 140
Trd, 8639350.482, 140
Trd, 8639350.982, 140
Trd, 8639352.182, 140
Trd, 8639353.582, 140
Trd, 8639353.832, 140
Trd, 8639354.882, 140
Trd, 8639356.282, 140
Trd, 8639357.632, 140
Trd, 8639358.432, 140
Trd, 8639358.732, 140
Trd, 8639359.882, 140
Trd, 8639360.432, 140
Trd, 8639360.482, 140
Trd, 8639361.282, 140
Trd, 8639361.632, 140
Trd, 8639363.482, 140
Trd, 8639365.082, 140
Trd, 8639365.532, 140
Trd, 8639368.882, 140
Trd, 8639368.932, 140
Trd, 8639369.082, 140
Trd, 8639370.582, 140
Trd, 8639372.032, 140
Trd, 8639373.032, 140
Trd, 8639373.082, 140
Trd, 8639373.382, 140
Trd, 8639374.132, 139
Trd, 8639376.032, 140
Trd, 8639376.682, 140
Trd, 8639377.082, 140
Trd, 8639377.632, 140
Trd, 8639377.832, 140
Trd, 8639377.982, 68
Trd, 8639379.632, 140
Trd, 8639381.482, 140
Trd, 8639384.282, 140
Trd, 8639384.782, 140
Trd, 8639385.432, 140
Trd, 8639385.532, 140
Trd, 8639385.732, 140
Trd, 8639386.032, 140
Trd, 8639386.832, 140
Trd, 8639387.032, 140
Trd, 8639387.782, 135
Trd, 8639388.232, 140
Trd, 8639394.132, 140
Trd, 8639395.082, 140
Trd, 8639395.982, 140
Trd, 8639398.382, 140
Trd, 8639398.832, 140
Trd, 8639399.232, 140
Trd, 8639399.432, 138
Trd, 8639400.282, 140
Trd, 8639400.932, 140
Trd, 8639401.082, 140
Trd, 8639402.582, 140
Trd, 8639403.432, 140
Trd, 8639404.032, 140
Trd, 8639404.732, 140
Trd, 8639405.932, 140
Trd, 8639407.832, 140
Trd, 8639408.482, 140
Trd, 8639408.732, 140
Trd, 8639414.182, 140
Trd, 8639414.382, 140
Trd, 8639414.532, 140
Trd, 8639415.782, 140
Trd, 8639416.182, 140
Trd, 8639418.182, 140
Trd, 8639418.732, 140
Trd, 8639420.132, 140
Trd, 8639421.032, 140
Trd, 8639421.682, 140
Trd, 8639422.382, 140
Trd, 8639423.432, 140
Trd, 8639423.932, 140
Trd, 8639424.532, 140
Trd, 8639424.882, 140
Trd, 8639425.082, 140
Trd, 8639425.682, 140
Trd, 8639425.732, 139
Trd, 8639426.132, 140
Trd, 8639427.732, 139
Trd, 8639429.932, 140
Trd, 8639430.432, 140
Trd, 8639432.182, 140
Trd, 8639432.482, 140
Trd, 8639432.582, 140
Trd, 8639433.582, 140
Trd, 8639436.882, 140
Trd, 8639437.132, 140
Trd, 8639437.682, 140
Trd, 8639439.432, 140
Trd, 8639440.782, 140
Trd, 8639441.082, 140
Trd, 8639441.132, 140
Trd, 8639441.782, 140
Trd, 8639442.182, 140
Trd, 8639442.832, 140
Trd, 8639444.482, 140
Trd, 8639444.582, 140
Trd, 8639445.632, 140
Trd, 8639445.832, 140
Trd, 8639446.282, 140
Trd, 8639447.382, 140
Trd, 8639447.882, 140
Trd, 8639448.032, 140
Trd, 8639451.932, 140
Trd, 8639452.082, 140
Trd, 8639453.632, 140
Trd, 8639454.532, 140
Trd, 8639454.982, 140
Trd, 8639455.432, 139
Trd, 8639456.782, 140
Trd, 8639457.282, 140
Trd, 8639458.482, 140
Trd, 8639458.782, 140
Trd, 8639459.882, 140
Trd, 8639460.082, 139
Trd, 8639460.782, 140
Trd, 8639461.782, 140
Trd, 8639462.532, 140
Trd, 8639463.732, 140
Trd, 8639463.782, 140
Trd, 8639464.032, 134
Trd, 8639464.782, 124
Trd, 8639464.982, 139
Trd, 8639466.782, 140
Trd, 8639468.282, 140
Trd, 8639469.582, 140
Trd, 8639469.982, 140
Trd, 8639471.582, 140
Trd, 8639472.782, 140
Trd, 8639472.932, 139
Trd, 8639475.332, 140
Trd, 8639476.682, 140
Trd, 8639477.482, 140
Trd, 8639477.532, 140
Trd, 8639477.932, 140
Trd, 8639478.782, 140
Trd, 8639481.232, 140
Trd, 8639481.632, 140
Trd, 8639481.982, 140
Trd, 8639482.082, 140
Trd, 8639482.382, 140
Trd, 8639484.982, 140
Trd, 8639485.982, 140
Trd, 8639488.132, 140
Trd, 8639489.082, 140
Trd, 8639489.132, 140
Trd, 8639490.182, 140
Trd, 8639490.582, 140
Trd, 8639490.832, 140
Trd, 8639491.832, 140
Trd, 8639493.732, 140
Trd, 8639494.532, 140
Trd, 8639495.682, 140
Trd, 8639499.282, 140
Trd, 8639499.682, 140
Trd, 8639499.932, 140
Trd, 8639502.132, 140
Trd, 8639503.082, 140
Trd, 8639503.382, 140
Trd, 8639503.732, 139
Trd, 8639503.782, 139
Trd, 8639505.232, 140
Trd, 8639507.082, 140
Trd, 8639508.332, 140
Trd, 8639508.682, 140
Trd, 8639509.032, 140
Trd, 8639509.382, 140
Trd, 8639511.632, 140
Trd, 8639511.882, 140
Trd, 8639511.982, 140
Trd, 8639512.032, 140
Trd, 8639512.432, 140
Trd, 8639512.782, 138
Trd, 8639514.432, 140
Trd, 8639514.732, 140
Trd, 8639515.532, 139
Trd, 8639518.632, 140
Trd, 8639520.482, 140
Trd, 8639521.082, 140
Trd, 8639521.932, 140
Trd, 8639522.482, 140
Trd, 8639523.832, 140
Trd, 8639524.282, 140
Trd, 8639525.382, 140
Trd, 8639527.682, 140
Trd, 8639528.582, 139
Trd, 8639529.332, 140
Trd, 8639531.332, 140
Trd, 8639532.432, 140
Trd, 8639533.482, 140
Trd, 8639533.982, 140
Trd, 8639534.182, 140
Trd, 8639534.382, 140
Trd, 8639535.832, 140
Trd, 8639538.382, 140
Trd, 8639539.532, 140
Trd, 8639539.782, 140
Trd, 8639539.982, 140
Trd, 8639540.282, 139
Trd, 8639540.382, 138
Trd, 8639540.432, 139
Trd, 8639542.182, 122
Trd, 8639542.732, 140
Trd, 8639543.532, 134
Trd, 8639543.632, 133
Trd, 8639544.482, 131
Trd, 8639545.882, 140
Trd, 8639547.432, 140
Trd, 8639547.682, 140
Trd, 8639548.382, 140
Trd, 8639549.532, 140
Trd, 8639550.432, 140
Trd, 8639551.082, 140
Trd, 8639552.482, 140
Trd, 8639552.832, 140
Trd, 8639557.182, 140
Trd, 8639558.332, 140
Trd, 8639558.482, 140
Trd, 8639558.582, 140
Trd, 8639559.532, 140
Trd, 8639561.132, 140
Trd, 8639563.332, 140
Trd, 8639564.632, 140
Trd, 8639564.682, 140
Trd, 8639565.432, 140
Trd, 8639566.182, 140
Trd, 8639566.582, 140
Trd, 8639567.932, 140
Trd, 8639568.082, 140
Trd, 8639570.282, 140
Trd, 8639570.382, 140
Trd, 8639571.432, 140
Trd, 8639574.782, 140
Trd, 8639575.082, 140
Trd, 8639575.632, 140
Trd, 8639577.132, 140
Trd, 8639577.882, 140
Trd, 8639577.932, 140
Trd, 8639578.082, 140
Trd, 8639579.732, 140
Trd, 8639579.932, 140
Trd, 8639580.632, 140
Trd, 8639581.032, 140
Trd, 8639583.082, 140
Trd, 8639583.182, 140
Trd, 8639583.382, 140
Trd, 8639583.882, 140
Trd, 8639584.532, 140
Trd, 8639584.632, 140
Trd, 8639584.882, 139
Trd, 8639585.682, 139
Trd, 8639586.332, 140
Trd, 8639587.082, 140
Trd, 8639590.882, 140
Trd, 8639591.182, 140
Trd, 8639592.682, 140
Trd, 8639592.932, 140
Trd, 8639593.932, 140
Trd, 8639595.582, 140
Trd, 8639595.632, 140
Trd, 8639595.832, 140
Trd, 8639596.432, 140
Trd, 8639596.982, 140
Trd, 8639597.082, 139
Trd, 8639598.582, 140
Trd, 8639599.432, 140
Trd, 8639602.082, 140
Trd, 8639602.232, 140
Trd, 8639603.782, 140
Trd, 8639604.832, 140
Trd, 8639605.632, 140
Trd, 8639605.782, 140
Trd, 8639606.132, 140
Trd, 8639606.332, 140
Trd, 8639606.482, 140
Trd, 8639607.932, 140
Trd, 8639610.132, 140
Trd, 8639611.132, 140
Trd, 8639611.532, 140
Trd, 8639612.832, 140
Trd, 8639613.332, 140
Trd, 8639614.882, 140
Trd, 8639616.082, 140
Trd, 8639616.332, 140
Trd, 8639618.332, 140
Trd, 8639618.482, 140
Trd, 8639619.282, 140
Trd, 8639619.432, 140
Trd, 8639619.532, 140
Trd, 8639619.932, 139
Trd, 8639621.782, 140
Trd, 8639623.332, 140
Trd, 8639623.882, 140
Trd, 8639624.282, 140
Trd, 8639626.282, 140
Trd, 8639627.482, 140
Trd, 8639627.832, 140
Trd, 8639628.582, 140
Trd, 8639630.982, 140
Trd, 8639631.432, 140
Trd, 8639631.932, 140
Trd, 8639632.032, 140
Trd, 8639632.632, 140
Trd, 8639633.632, 140
Trd, 8639634.032, 140
Trd, 8639634.182, 140
Trd, 8639634.932, 140
Trd, 8639634.982, 140
Trd, 8639636.582, 137
Trd, 8639637.832, 140
Trd, 8639638.032, 140
Trd, 8639639.982, 140
Trd, 8639640.332, 140
Trd, 8639640.532, 140
Trd, 8639640.982, 140
Trd, 8639642.082, 140
Trd, 8639643.082, 140
Trd, 8639646.132, 140
Trd, 8639647.132, 140
Trd, 8639647.332, 140
Trd, 8639649.432, 140
Trd, 8639649.482, 140
Trd, 8639649.582, 140
Trd, 8639652.082, 140
Trd, 8639652.632, 140
Trd, 8639654.782, 140
Trd, 8639654.982, 140
Trd, 8639656.382, 138
Trd, 8639656.432, 137
Trd, 8639656.682, 135
Trd, 8639656.932, 138
Trd, 8639657.432, 60
Trd, 8639659.382, 131
Trd, 8639660.932, 140
Trd, 8639661.932, 140
Trd, 8639662.582, 140
Trd, 8639663.282, 140
Trd, 8639663.582, 140
Trd, 8639664.732, 140
Trd, 8639666.132, 140
Trd, 8639666.432, 140
Trd, 8639667.182, 139
Trd, 8639667.482, 137
Trd, 8639667.682, 136
Trd, 8639668.332, 140
Trd, 8639669.382, 85
Trd, 8639670.682, 137
Trd, 8639671.232, 63
Trd, 8639671.282, 64
Trd, 8639675.182, 140
Trd, 8639675.682, 140
Trd, 8639676.582, 140
Trd, 8639676.882, 140
Trd, 8639677.282, 140
Trd, 8639677.482, 139
Trd, 8639678.532, 140
Trd, 8639678.782, 140
Trd, 8639678.832, 140
Trd, 8639679.582, 139
Trd, 8639679.732, 138
Trd, 8639683.882, 140
Trd, 8639685.432, 140
Trd, 8639685.782, 140
Trd, 8639685.832, 140
Trd, 8639687.932, 140
Trd, 8639688.432, 140
Trd, 8639688.932, 140
Trd, 8639689.932, 140
Trd, 8639690.032, 140
Trd, 8639690.532, 140
Trd, 8639690.882, 140
Trd, 8639693.482, 140
Trd, 8639695.132, 140
Trd, 8639695.432, 140
Trd, 8639696.282, 140
Trd, 8639696.482, 140
Trd, 8639696.832, 138
Trd, 8639700.982, 140
Trd, 8639701.032, 140
Trd, 8639703.382, 140
Trd, 8639703.432, 140
Trd, 8639703.482, 140
Trd, 8639703.632, 139
Trd, 8639706.182, 140
Trd, 8639706.532, 140
Trd, 8639707.882, 140
Trd, 8639708.032, 140
Trd, 8639708.382, 139
Trd, 8639709.432, 140
Trd, 8639709.732, 140
Trd, 8639709.782, 140
Trd, 8639710.032, 140
Trd, 8639712.632, 140
Trd, 8639713.432, 140
Trd, 8639714.932, 140
Trd, 8639716.732, 140
Trd, 8639717.282, 140
Trd, 8639717.632, 140
Trd, 8639717.782, 140
Trd, 8639718.232, 140
Trd, 8639718.882, 140
Trd, 8639721.132, 140
Trd, 8639721.282, 140
Trd, 8639721.532, 140
Trd, 8639724.282, 140
Trd, 8639725.232, 140
Trd, 8639725.732, 140
Trd, 8639726.332, 140
Trd, 8639727.432, 140
Trd, 8639727.982, 140
Trd, 8639728.082, 140
Trd, 8639728.582, 140
Trd, 8639729.982, 140
Trd, 8639732.932, 140
Trd, 8639733.732, 140
Trd, 8639735.282, 140
Trd, 8639735.582, 140
Trd, 8639736.682, 140
Trd, 8639736.782, 140
Trd, 8639737.782, 140
Trd, 8639737.982, 140
Trd, 8639738.382, 140
Trd, 8639740.532, 140
Trd, 8639741.282, 140
Trd, 8639742.282, 140
Trd, 8639744.582, 140
Trd, 8639745.182, 140
Trd, 8639746.682, 140
Trd, 8639748.032, 140
Trd, 8639748.882, 140
Trd, 8639750.132, 140
Trd, 8639750.782, 140
Trd, 8639751.332, 140
Trd, 8639751.732, 140
Trd, 8639753.282, 140
Trd, 8639753.732, 140
Trd, 8639755.232, 140
Trd, 8639755.382, 140
Trd, 8639755.832, 140
Trd, 8639757.882, 140
Trd, 8639758.932, 140
Trd, 8639759.032, 140
Trd, 8639760.932, 140
Trd, 8639762.382, 140
Trd, 8639762.832, 140
Trd, 8639764.832, 140
Trd, 8639765.682, 140
Trd, 8639768.132, 140
Trd, 8639768.832, 140
Trd, 8639770.582, 140
Trd, 8639771.432, 140
Trd, 8639771.582, 140
Trd, 8639771.632, 140
Trd, 8639771.982, 134
Trd, 8639772.532, 140
Trd, 8639773.732, 140
Trd, 8639773.832, 140
Trd, 8639776.282, 140
Trd, 8639776.482, 140
Trd, 8639777.332, 140
Trd, 8639777.632, 140
Trd, 8639780.332, 140
Trd, 8639780.532, 140
Trd, 8639781.782, 140
Trd, 8639782.032, 140
Trd, 8639782.632, 140
Trd, 8639782.932, 140
Trd, 8639783.782, 139
Trd, 8639786.182, 140
Trd, 8639786.382, 140
Trd, 8639787.132, 140
Trd, 8639787.182, 140
Trd, 8639788.432, 140
Trd, 8639789.132, 140
Trd, 8639789.232, 140
Trd, 8639790.282, 139
Trd, 8639791.432, 140
Trd, 8639792.182, 140
Trd, 8639792.582, 140
Trd, 8639793.882, 140
Trd, 8639795.182, 140
Trd, 8639796.182, 140
Trd, 8639797.582, 140
Trd, 8639797.632, 140
Trd, 8639797.682, 140
Trd, 8639798.082, 140
Trd, 8639801.182, 140
Trd, 8639801.982, 140
Trd, 8639804.432, 140
Trd, 8639804.932, 140
Trd, 8639805.182, 140
Trd, 8639805.682, 140
Trd, 8639807.232, 140
Trd, 8639807.832, 140
Trd, 8639809.082, 140
Trd, 8639809.482, 140
Trd, 8639809.632, 140
Trd, 8639809.982, 140
Trd, 8639810.582, 140
Trd, 8639812.482, 140
Trd, 8639814.382, 140
Trd, 8639815.682, 140
Trd, 8639816.332, 140
Trd, 8639817.032, 140
Trd, 8639818.032, 140
Trd, 8639820.232, 140
Trd, 8639820.582, 140
Trd, 8639822.982, 140
Trd, 8639823.532, 140
Trd, 8639823.782, 140
Trd, 8639823.982, 140
Trd, 8639824.182, 139
Trd, 8639824.232, 139
Trd, 8639825.232, 140
Trd, 8639827.232, 140
Trd, 8639827.682, 140
Trd, 8639828.632, 140
Trd, 8639829.982, 140
Trd, 8639830.382, 140
Trd, 8639833.832, 140
Trd, 8639834.132, 140
Trd, 8639834.582, 140
Trd, 8639835.482, 140
Trd, 8639836.382, 140
Trd, 8639836.732, 140
Trd, 8639837.882, 140
Trd, 8639838.082, 140
Trd, 8639838.182, 140
Trd, 8639839.132, 139
Trd, 8639841.282, 140
Trd, 8639841.832, 140
Trd, 8639842.082, 140
Trd, 8639842.332, 140
Trd, 8639844.582, 140
Trd, 8639846.782, 140
Trd, 8639847.232, 140
Trd, 8639847.332, 140
Trd, 8639848.482, 140
Trd, 8639848.682, 140
Trd, 8639849.532, 140
Trd, 8639850.332, 140
Trd, 8639850.732, 139
Trd, 8639852.182, 140
Trd, 8639852.832, 140
Trd, 8639853.632, 140
Trd, 8639853.782, 140
Trd, 8639855.332, 140
Trd, 8639856.132, 140
Trd, 8639856.632, 140
Trd, 8639858.732, 140
Trd, 8639858.982, 140
Trd, 8639860.782, 140
Trd, 8639862.232, 140
Trd, 8639863.282, 140
Trd, 8639863.482, 140
Trd, 8639863.732, 140
Trd, 8639864.182, 140
Trd, 8639865.232, 140
Trd, 8639865.532, 140
Trd, 8639866.032, 140
Trd, 8639866.182, 140
Trd, 8639866.982, 140
Trd, 8639867.882, 140
Trd, 8639869.232, 140
Trd, 8639872.082, 140
Trd, 8639873.582, 140
Trd, 8639874.632, 140
Trd, 8639875.232, 140
Trd, 8639875.432, 140
Trd, 8639877.032, 140
Trd, 8639878.382, 140
Trd, 8639880.782, 140
Trd, 8639881.632, 140
Trd, 8639881.782, 140
Trd, 8639882.532, 140
Trd, 8639883.582, 140
Trd, 8639884.082, 140
Trd, 8639884.532, 140
Trd, 8639884.882, 140
Trd, 8639886.182, 140
Trd, 8639887.082, 140
Trd, 8639887.832, 140
Trd, 8639889.682, 140
Trd, 8639890.632, 140
Trd, 8639891.332, 140
Trd, 8639892.882, 140
Trd, 8639892.932, 140
Trd, 8639893.632, 140
Trd, 8639893.782, 140
Trd, 8639894.282, 140
Trd, 8639895.032, 138
Trd, 8639896.582, 140
Trd, 8639897.632, 140
Trd, 8639900.082, 140
Trd, 8639900.532, 140
Trd, 8639900.882, 140
Trd, 8639900.932, 140
Trd, 8639902.132, 140
Trd, 8639902.482, 140
Trd, 8639902.782, 140
Trd, 8639904.032, 140
Trd, 8639905.982, 140
Trd, 8639906.282, 140
Trd, 8639906.532, 140
Trd, 8639908.232, 140
Trd, 8639909.782, 140
Trd, 8639909.832, 140
Trd, 8639911.082, 140
Trd, 8639911.532, 140
Trd, 8639912.082, 140
Trd, 8639913.182, 140
Trd, 8639915.382, 140
Trd, 8639915.782, 140
Trd, 8639915.932, 140
Trd, 8639917.832, 140
Trd, 8639919.982, 140
Trd, 8639920.432, 140
Trd, 8639921.732, 140
Trd, 8639921.832, 140
Trd, 8639922.132, 140
Trd, 8639923.632, 140
Trd, 8639924.282, 140
Trd, 8639924.832, 140
Trd, 8639925.232, 140
Trd, 8639925.382, 140
Trd, 8639925.932, 139
Trd, 8639926.382, 137
Trd, 8639926.682, 122
Trd, 8639928.032, 140
Trd, 8639928.182, 139
Trd, 8639929.682, 140
Trd, 8639930.032, 140
Trd, 8639930.232, 140
Trd, 8639931.732, 140
Trd, 8639932.032, 140
Trd, 8639933.682, 140
Trd, 8639934.182, 140
Trd, 8639935.782, 140
Trd, 8639936.782, 140
Trd, 8639937.032, 140
Trd, 8639937.582, 140
Trd, 8639940.082, 140
Trd, 8639941.432, 140
Trd, 8639942.232, 140
Trd, 8639942.282, 140
Trd, 8639942.482, 139
Trd, 8639942.582, 136
Trd, 8639943.532, 139
Trd, 8639943.632, 123
Trd, 8639944.782, 140
Trd, 8639944.832, 139
Trd, 8639947.932, 140
Trd, 8639949.682, 140
Trd, 8639949.932, 140
Trd, 8639950.032, 140
Trd, 8639950.182, 140
Trd, 8639950.282, 140
Trd, 8639950.482, 140
Trd, 8639951.632, 140
Trd, 8639953.432, 140
Trd, 8639953.532, 139
Trd, 8639954.782, 140
Trd, 8639958.782, 140
Trd, 8639959.282, 140
Trd, 8639959.482, 140
Trd, 8639961.482, 140
Trd, 8639961.732, 140
Trd, 8639965.932, 140
Trd, 8639966.732, 140
Trd, 8639968.182, 140
Trd, 8639969.582, 140
Trd, 8639970.132, 140
Trd, 8639970.782, 140
Trd, 8639970.882, 140
Trd, 8639971.282, 140
Trd, 8639972.582, 140
Trd, 8639974.732, 140
Trd, 8639975.182, 140
Trd, 8639976.032, 140
Trd, 8639978.582, 140
Trd, 8639978.832, 140
Trd, 8639979.082, 140
Trd, 8639980.482, 140
Trd, 8639980.582, 140
Trd, 8639980.732, 140
Trd, 8639981.532, 140
Trd, 8639982.232, 140
Trd, 8639982.532, 140
Trd, 8639983.382, 140
Trd, 8639983.432, 140
Trd, 8639985.782, 140
Trd, 8639985.982, 140
Trd, 8639987.082, 140
Trd, 8639989.182, 140
Trd, 8639989.732, 140
Trd, 8639990.582, 140
Trd, 8639990.982, 140
Trd, 8639991.832, 140
Trd, 8639993.682, 140
Trd, 8639994.382, 140
Trd, 8639994.632, 140
Trd, 8639995.082, 140
Trd, 8639995.132, 140
Trd, 8639996.282, 140
Trd, 8639996.932, 140
Trd, 8639997.132, 139
Trd, 8639997.782, 140
Trd, 8639998.582, 140
Trd, 8639998.682, 140
