Trd, 8638105.882, 93
Trd, 8638107.732, 140
Trd, 8638108.382, 140
Trd, 8638110.282, 140
Trd, 8638110.382, 140
Trd, 8638110.832, 140
Trd, 8638110.932, 140
Trd, 8638111.932, 139
Trd, 8638112.982, 140
Trd, 8638113.432, 138
Trd, 8638114.182, 140
Trd, 8638115.132, 130
Trd, 8638116.382, 135
Trd, 8638116.782, 139
Trd, 8638117.082, 135
Trd, 8638118.132, 136
Trd, 8638119.682, 140
Trd, 8638121.182, 140
Trd, 8638121.832, 140
Trd, 8638122.032, 140
Trd, 8638122.382, 140
Trd, 8638122.482, 139
Trd, 8638123.182, 137
Trd, 8638123.232, 121
Trd, 8638123.632, 119
Trd, 8638125.282, 139
Trd, 8638126.032, 139
Trd, 8638126.432, 67
Trd, 8638127.332, 140
Trd, 8638128.832, 140
Trd, 8638128.932, 140
Trd, 8638129.082, 140
Trd, 8638129.182, 140
Trd, 8638130.732, 140
Trd, 8638131.332, 140
Trd, 8638132.732, 140
Trd, 8638134.182, 139
Trd, 8638134.532, 138
Trd, 8638135.432, 140
Trd, 8638136.682, 140
Trd, 8638136.882, 140
Trd, 8638137.382, 130
Trd, 8638138.932, 140
Trd, 8638139.582, 127
Trd, 8638140.332, 131
Trd, 8638140.932, 140
Trd, 8638141.432, 140
Trd, 8638141.932, 140
Trd, 8638142.332, 140
Trd, 8638143.382, 139
Trd, 8638143.882, 140
Trd, 8638144.182, 138
Trd, 8638144.782, 140
Trd, 8638145.282, 139
Trd, 8638145.382, 113
Trd, 8638146.282, 60
Trd, 8638147.282, 89
Trd, 8638148.182, 64
Trd, 8638148.232, 121
Trd, 8638149.832, 140
Trd, 8638150.682, 140
Trd, 8638152.182, 140
Trd, 8638153.082, 140
Trd, 8638153.382, 140
Trd, 8638153.932, 137
Trd, 8638154.982, 140
Trd, 8638155.582, 136
Trd, 8638156.282, 140
Trd, 8638156.782, 96
Trd, 8638157.032, 120
Trd, 8638157.582, 140
Trd, 8638159.732, 140
Trd, 8638160.882, 140
Trd, 8638161.182, 140
Trd, 8638161.332, 140
Trd, 8638161.882, 140
Trd, 8638163.482, 138
Trd, 8638164.182, 137
Trd, 8638164.382, 140
Trd, 8638164.732, 137
Trd, 8638166.382, 140
Trd, 8638167.532, 140
Trd, 8638167.732, 140
Trd, 8638168.632, 140
Trd, 8638168.682, 140
Trd, 8638169.682, 137
Trd, 8638170.082, 140
Trd, 8638171.232, 140
Trd, 8638171.482, 140
Trd, 8638172.382, 140
Trd, 8638172.482, 139
Trd, 8638174.332, 140
Trd, 8638174.982, 140
Trd, 8638176.232, 136
Trd, 8638176.632, 137
Trd, 8638177.782, 136
Trd, 8638178.182, 131
Trd, 8638179.332, 140
Trd, 8638180.132, 139
Trd, 8638180.482, 136
Trd, 8638181.282, 137
Trd, 8638181.732, 138
Trd, 8638181.982, 96
Trd, 8638183.382, 140
Trd, 8638184.382, 140
Trd, 8638184.932, 140
Trd, 8638185.432, 140
Trd, 8638185.632, 138
Trd, 8638187.182, 140
Trd, 8638187.482, 140
Trd, 8638188.682, 140
Trd, 8638190.632, 140
Trd, 8638191.432, 140
Trd, 8638192.032, 140
Trd, 8638192.282, 132
Trd, 8638192.782, 140
Trd, 8638193.982, 140
Trd, 8638194.782, 135
Trd, 8638195.432, 140
Trd, 8638196.082, 135
Trd, 8638196.532, 135
Trd, 8638196.832, 122
Trd, 8638197.332, 140
Trd, 8638198.082, 139
Trd, 8638198.632, 119
Trd, 8638198.732, 116
Trd, 8638202.232, 140
Trd, 8638203.582, 140
Trd, 8638204.082, 140
Trd, 8638204.182, 140
Trd, 8638204.382, 140
Trd, 8638205.932, 140
Trd, 8638206.432, 140
Trd, 8638207.082, 139
Trd, 8638208.082, 136
Trd, 8638208.432, 94
Trd, 8638209.632, 140
Trd, 8638209.982, 139
Trd, 8638210.132, 126
Trd, 8638210.382, 121
Trd, 8638210.832, 120
Trd, 8638212.482, 140
Trd, 8638213.532, 140
Trd, 8638213.732, 140
Trd, 8638213.932, 139
Trd, 8638215.282, 140
Trd, 8638217.232, 140
Trd, 8638217.582, 140
Trd, 8638218.032, 140
Trd, 8638219.282, 140
Trd, 8638219.632, 140
Trd, 8638219.882, 139
Trd, 8638222.982, 140
Trd, 8638223.582, 140
Trd, 8638224.482, 131
Trd, 8638224.732, 140
Trd, 8638225.032, 129
Trd, 8638225.482, 127
Trd, 8638227.032, 140
Trd, 8638227.232, 140
Trd, 8638227.632, 135
Trd, 8638228.082, 99
Trd, 8638228.632, 97
Trd, 8638229.832, 139
Trd, 8638230.232, 137
Trd, 8638232.382, 140
Trd, 8638232.982, 140
Trd, 8638233.532, 140
Trd, 8638233.882, 139
Trd, 8638234.832, 140
Trd, 8638235.682, 138
Trd, 8638236.232, 133
Trd, 8638236.632, 131
Trd, 8638237.582, 140
Trd, 8638238.482, 140
Trd, 8638238.982, 140
Trd, 8638239.832, 140
Trd, 8638239.932, 140
Trd, 8638240.082, 140
Trd, 8638242.082, 140
Trd, 8638242.332, 139
Trd, 8638243.032, 139
Trd, 8638243.232, 138
Trd, 8638244.682, 137
Trd, 8638244.882, 134
Trd, 8638244.932, 126
Trd, 8638245.482, 139
Trd, 8638247.382, 140
Trd, 8638248.332, 140
Trd, 8638248.482, 132
Trd, 8638250.382, 140
Trd, 8638251.732, 139
Trd, 8638252.982, 140
Trd, 8638253.232, 140
Trd, 8638254.182, 140
Trd, 8638254.782, 140
Trd, 8638256.382, 140
Trd, 8638256.782, 137
Trd, 8638257.582, 134
Trd, 8638257.632, 131
Trd, 8638257.882, 139
Trd, 8638258.682, 114
Trd, 8638261.332, 140
Trd, 8638261.532, 138
Trd, 8638262.782, 140
Trd, 8638262.832, 139
Trd, 8638262.882, 138
Trd, 8638264.232, 140
Trd, 8638265.932, 140
Trd, 8638266.132, 140
Trd, 8638266.182, 138
Trd, 8638266.432, 123
Trd, 8638267.782, 128
Trd, 8638268.382, 131
Trd, 8638268.482, 138
Trd, 8638270.032, 140
Trd, 8638270.432, 140
Trd, 8638271.382, 125
Trd, 8638272.632, 140
Trd, 8638273.232, 140
Trd, 8638273.982, 140
Trd, 8638274.682, 140
Trd, 8638275.582, 140
Trd, 8638275.982, 139
Trd, 8638276.932, 138
Trd, 8638277.882, 138
Trd, 8638278.182, 109
Trd, 8638279.382, 140
Trd, 8638279.732, 140
Trd, 8638280.932, 138
Trd, 8638281.132, 138
Trd, 8638282.132, 134
Trd, 8638283.632, 60
Trd, 8638283.782, 60
Trd, 8638284.332, 61
Trd, 8638284.732, 136
Trd, 8638285.682, 140
Trd, 8638285.732, 140
Trd, 8638286.082, 140
Trd, 8638286.832, 135
Trd, 8638288.132, 140
Trd, 8638288.232, 128
Trd, 8638289.132, 140
Trd, 8638289.982, 140
Trd, 8638291.782, 133
Trd, 8638292.282, 100
Trd, 8638292.832, 88
Trd, 8638293.432, 138
Trd, 8638293.532, 140
Trd, 8638294.832, 138
Trd, 8638294.882, 138
Trd, 8638295.182, 101
Trd, 8638295.832, 113
Trd, 8638296.482, 139
Trd, 8638298.032, 140
Trd, 8638298.232, 138
Trd, 8638299.332, 138
Trd, 8638299.832, 140
Trd, 8638300.282, 140
Trd, 8638301.932, 140
Trd, 8638302.832, 140
Trd, 8638303.132, 139
Trd, 8638303.582, 139
Trd, 8638304.132, 133
Trd, 8638304.882, 140
Trd, 8638306.982, 140
Trd, 8638307.332, 140
Trd, 8638307.982, 140
Trd, 8638310.432, 140
Trd, 8638310.682, 140
Trd, 8638311.782, 140
Trd, 8638312.132, 140
Trd, 8638312.382, 139
Trd, 8638313.882, 139
Trd, 8638314.382, 139
Trd, 8638314.782, 140
Trd, 8638314.882, 136
Trd, 8638316.432, 140
Trd, 8638316.882, 139
Trd, 8638318.932, 140
Trd, 8638319.682, 140
Trd, 8638319.982, 140
Trd, 8638320.732, 140
Trd, 8638321.082, 140
Trd, 8638321.682, 138
Trd, 8638323.182, 140
Trd, 8638323.482, 136
Trd, 8638324.532, 138
Trd, 8638325.332, 140
Trd, 8638325.432, 139
Trd, 8638326.532, 140
Trd, 8638326.582, 140
Trd, 8638326.782, 139
Trd, 8638326.932, 138
Trd, 8638328.082, 131
Trd, 8638328.782, 140
Trd, 8638329.332, 132
Trd, 8638330.932, 138
Trd, 8638331.182, 124
Trd, 8638332.032, 60
Trd, 8638332.282, 60
Trd, 8638332.782, 70
Trd, 8638333.382, 63
Trd, 8638334.282, 68
Trd, 8638335.832, 140
Trd, 8638336.732, 125
Trd, 8638337.282, 140
Trd, 8638338.582, 139
Trd, 8638339.482, 140
Trd, 8638339.932, 140
Trd, 8638340.482, 140
Trd, 8638341.182, 140
Trd, 8638341.382, 138
Trd, 8638341.882, 129
Trd, 8638342.932, 140
Trd, 8638345.132, 140
Trd, 8638345.982, 140
Trd, 8638346.032, 140
Trd, 8638346.332, 140
Trd, 8638346.932, 139
Trd, 8638347.032, 127
Trd, 8638349.182, 140
Trd, 8638349.732, 140
Trd, 8638350.132, 140
Trd, 8638350.332, 132
Trd, 8638352.082, 140
Trd, 8638352.732, 139
Trd, 8638352.882, 138
Trd, 8638354.132, 127
Trd, 8638355.182, 140
Trd, 8638356.032, 140
Trd, 8638356.732, 139
Trd, 8638358.232, 140
Trd, 8638358.832, 140
Trd, 8638359.582, 140
Trd, 8638360.882, 140
Trd, 8638361.082, 140
Trd, 8638361.282, 140
Trd, 8638361.382, 139
Trd, 8638361.982, 139
Trd, 8638362.082, 133
Trd, 8638362.682, 60
Trd, 8638363.332, 107
Trd, 8638363.982, 106
Trd, 8638365.082, 140
Trd, 8638366.232, 115
Trd, 8638366.532, 112
Trd, 8638367.882, 140
Trd, 8638368.182, 140
Trd, 8638368.932, 140
Trd, 8638369.482, 140
Trd, 8638369.582, 139
Trd, 8638370.032, 125
Trd, 8638371.682, 138
Trd, 8638372.132, 140
Trd, 8638372.382, 124
Trd, 8638372.932, 140
Trd, 8638373.982, 103
Trd, 8638376.382, 140
Trd, 8638376.932, 140
Trd, 8638377.732, 140
Trd, 8638378.532, 139
Trd, 8638378.982, 136
Trd, 8638379.532, 138
Trd, 8638379.732, 132
Trd, 8638381.432, 140
Trd, 8638381.482, 139
Trd, 8638381.532, 138
Trd, 8638383.382, 140
Trd, 8638384.582, 140
Trd, 8638384.832, 139
Trd, 8638385.382, 139
Trd, 8638386.032, 140
Trd, 8638386.982, 140
Trd, 8638388.632, 140
Trd, 8638388.832, 139
Trd, 8638388.932, 136
Trd, 8638390.132, 140
Trd, 8638390.582, 140
Trd, 8638391.832, 140
Trd, 8638392.382, 140
Trd, 8638392.632, 134
Trd, 8638393.232, 139
Trd, 8638395.432, 140
Trd, 8638395.532, 139
Trd, 8638395.782, 139
Trd, 8638396.932, 140
Trd, 8638397.482, 140
Trd, 8638397.782, 138
Trd, 8638398.482, 137
Trd, 8638400.282, 140
Trd, 8638402.282, 140
Trd, 8638403.132, 140
Trd, 8638403.682, 140
Trd, 8638403.732, 140
Trd, 8638404.082, 140
Trd, 8638404.582, 140
Trd, 8638405.282, 135
Trd, 8638405.732, 121
Trd, 8638406.282, 140
Trd, 8638408.132, 62
Trd, 8638408.482, 61
Trd, 8638409.182, 64
Trd, 8638409.482, 61
Trd, 8638409.832, 71
Trd, 8638409.932, 82
Trd, 8638410.032, 98
Trd, 8638411.482, 60
Trd, 8638412.432, 140
Trd, 8638412.882, 140
Trd, 8638412.932, 138
Trd, 8638413.182, 128
Trd, 8638413.432, 113
Trd, 8638415.632, 139
Trd, 8638415.832, 138
Trd, 8638418.332, 140
Trd, 8638418.982, 140
Trd, 8638420.432, 140
Trd, 8638421.182, 140
Trd, 8638421.382, 140
Trd, 8638421.682, 140
Trd, 8638422.182, 132
Trd, 8638423.032, 98
Trd, 8638423.882, 124
Trd, 8638424.332, 140
Trd, 8638424.632, 100
Trd, 8638424.732, 97
Trd, 8638426.332, 140
Trd, 8638426.482, 140
Trd, 8638426.832, 140
Trd, 8638427.382, 140
Trd, 8638429.132, 140
Trd, 8638429.482, 140
Trd, 8638429.632, 139
Trd, 8638430.332, 140
Trd, 8638431.832, 140
Trd, 8638432.732, 139
Trd, 8638433.282, 140
Trd, 8638434.432, 136
Trd, 8638435.082, 140
Trd, 8638435.832, 130
Trd, 8638436.332, 140
Trd, 8638437.232, 140
Trd, 8638437.282, 139
Trd, 8638438.332, 140
Trd, 8638439.482, 140
Trd, 8638439.832, 139
Trd, 8638441.332, 139
Trd, 8638441.932, 131
Trd, 8638442.432, 92
Trd, 8638443.382, 139
Trd, 8638443.482, 138
Trd, 8638444.582, 64
Trd, 8638445.632, 138
Trd, 8638445.932, 140
Trd, 8638446.732, 140
Trd, 8638447.232, 140
Trd, 8638447.332, 139
Trd, 8638448.382, 107
Trd, 8638449.382, 140
Trd, 8638450.732, 140
Trd, 8638450.832, 140
Trd, 8638451.082, 125
Trd, 8638452.032, 140
Trd, 8638452.132, 132
Trd, 8638452.782, 140
Trd, 8638453.732, 139
Trd, 8638455.232, 140
Trd, 8638455.282, 140
Trd, 8638456.432, 140
Trd, 8638456.732, 139
Trd, 8638457.482, 135
Trd, 8638459.032, 136
Trd, 8638459.982, 139
Trd, 8638461.382, 140
Trd, 8638462.182, 140
Trd, 8638462.432, 140
Trd, 8638462.782, 139
Trd, 8638463.982, 140
Trd, 8638465.332, 139
Trd, 8638466.082, 140
Trd, 8638466.232, 139
Trd, 8638466.482, 139
Trd, 8638468.132, 140
Trd, 8638469.682, 140
Trd, 8638470.032, 140
Trd, 8638471.132, 140
Trd, 8638471.382, 140
Trd, 8638472.032, 139
Trd, 8638472.832, 140
Trd, 8638473.382, 140
Trd, 8638474.582, 138
Trd, 8638474.882, 135
Trd, 8638475.832, 137
Trd, 8638477.232, 139
Trd, 8638477.482, 139
Trd, 8638478.882, 140
Trd, 8638478.932, 139
Trd, 8638479.282, 132
Trd, 8638480.082, 140
Trd, 8638480.232, 98
Trd, 8638483.282, 140
Trd, 8638483.332, 140
Trd, 8638483.432, 140
Trd, 8638483.632, 138
Trd, 8638484.432, 140
Trd, 8638485.082, 139
Trd, 8638485.682, 140
Trd, 8638485.832, 140
Trd, 8638487.182, 134
Trd, 8638488.632, 140
Trd, 8638490.332, 140
Trd, 8638490.932, 140
Trd, 8638491.332, 140
Trd, 8638491.432, 139
Trd, 8638492.132, 140
Trd, 8638492.332, 138
Trd, 8638493.632, 140
Trd, 8638493.882, 140
Trd, 8638495.282, 138
Trd, 8638495.732, 140
Trd, 8638496.232, 132
Trd, 8638498.232, 140
Trd, 8638498.382, 140
Trd, 8638498.682, 139
Trd, 8638499.732, 140
Trd, 8638500.632, 132
Trd, 8638500.932, 132
Trd, 8638502.332, 140
Trd, 8638502.382, 140
Trd, 8638503.432, 140
Trd, 8638505.082, 140
Trd, 8638505.282, 140
Trd, 8638505.382, 140
Trd, 8638506.532, 140
Trd, 8638506.782, 140
Trd, 8638508.332, 139
Trd, 8638509.382, 138
Trd, 8638509.732, 127
Trd, 8638510.482, 137
Trd, 8638511.332, 140
Trd, 8638512.232, 140
Trd, 8638512.832, 139
Trd, 8638513.882, 137
Trd, 8638514.532, 131
Trd, 8638515.932, 140
Trd, 8638516.332, 140
Trd, 8638516.682, 140
Trd, 8638517.432, 137
Trd, 8638517.932, 140
Trd, 8638518.282, 140
Trd, 8638519.232, 139
Trd, 8638520.732, 138
Trd, 8638521.932, 140
Trd, 8638522.232, 130
Trd, 8638522.882, 140
Trd, 8638523.332, 140
Trd, 8638523.682, 138
Trd, 8638524.932, 140
Trd, 8638525.332, 135
Trd, 8638527.882, 139
Trd, 8638528.182, 140
Trd, 8638528.482, 140
Trd, 8638528.882, 118
Trd, 8638531.032, 140
Trd, 8638531.232, 140
Trd, 8638531.432, 140
Trd, 8638532.032, 140
Trd, 8638533.282, 139
Trd, 8638534.132, 139
Trd, 8638534.232, 132
Trd, 8638534.682, 140
Trd, 8638536.282, 140
Trd, 8638536.582, 138
Trd, 8638537.732, 140
Trd, 8638538.032, 140
Trd, 8638538.532, 136
Trd, 8638539.282, 135
Trd, 8638539.932, 140
Trd, 8638540.882, 140
Trd, 8638542.032, 140
Trd, 8638542.432, 137
Trd, 8638542.932, 107
Trd, 8638543.382, 98
Trd, 8638544.082, 115
Trd, 8638544.182, 126
Trd, 8638546.032, 140
Trd, 8638547.182, 140
Trd, 8638548.082, 140
Trd, 8638548.182, 139
Trd, 8638548.532, 133
Trd, 8638548.632, 126
Trd, 8638550.282, 140
Trd, 8638550.632, 138
Trd, 8638552.832, 140
Trd, 8638554.532, 140
Trd, 8638554.982, 140
Trd, 8638556.032, 140
Trd, 8638556.082, 140
Trd, 8638556.482, 140
Trd, 8638556.532, 139
Trd, 8638557.832, 140
Trd, 8638558.232, 139
Trd, 8638559.432, 138
Trd, 8638560.382, 140
Trd, 8638560.982, 126
Trd, 8638562.332, 140
Trd, 8638562.632, 136
Trd, 8638564.132, 138
Trd, 8638564.232, 131
Trd, 8638564.282, 124
Trd, 8638566.782, 139
Trd, 8638567.382, 139
Trd, 8638567.782, 140
Trd, 8638568.432, 132
Trd, 8638569.132, 138
Trd, 8638569.682, 124
Trd, 8638569.882, 119
Trd, 8638571.182, 139
Trd, 8638571.232, 138
Trd, 8638573.232, 140
Trd, 8638573.332, 140
Trd, 8638574.732, 138
Trd, 8638576.482, 140
Trd, 8638576.632, 140
Trd, 8638577.632, 140
Trd, 8638577.832, 140
Trd, 8638578.232, 139
Trd, 8638581.332, 140
Trd, 8638581.882, 140
Trd, 8638582.782, 137
Trd, 8638582.832, 137
Trd, 8638584.532, 139
Trd, 8638585.582, 140
Trd, 8638586.632, 140
Trd, 8638587.132, 140
Trd, 8638587.532, 139
Trd, 8638587.832, 139
Trd, 8638587.932, 121
Trd, 8638589.832, 140
Trd, 8638589.882, 140
Trd, 8638590.032, 140
Trd, 8638591.582, 140
Trd, 8638591.682, 140
Trd, 8638592.282, 140
Trd, 8638592.382, 135
Trd, 8638593.882, 140
Trd, 8638594.182, 118
Trd, 8638595.282, 140
Trd, 8638596.232, 140
Trd, 8638596.282, 132
Trd, 8638598.132, 140
Trd, 8638598.882, 140
Trd, 8638598.932, 140
Trd, 8638599.332, 139
Trd, 8638599.982, 132
Trd, 8638601.282, 136
Trd, 8638601.532, 136
Trd, 8638601.832, 140
Trd, 8638602.532, 139
Trd, 8638602.782, 72
Trd, 8638604.532, 140
Trd, 8638606.132, 140
Trd, 8638606.532, 140
Trd, 8638607.532, 140
Trd, 8638607.832, 140
Trd, 8638609.682, 140
Trd, 8638610.182, 140
Trd, 8638611.132, 140
Trd, 8638611.382, 139
Trd, 8638611.682, 140
Trd, 8638612.232, 140
Trd, 8638612.582, 133
Trd, 8638614.532, 140
Trd, 8638614.732, 139
Trd, 8638615.032, 140
Trd, 8638615.232, 124
Trd, 8638617.032, 138
Trd, 8638617.582, 139
Trd, 8638618.132, 134
Trd, 8638619.282, 140
Trd, 8638619.482, 136
Trd, 8638620.982, 119
Trd, 8638621.532, 139
Trd, 8638623.782, 140
Trd, 8638623.882, 140
Trd, 8638624.032, 126
Trd, 8638626.232, 140
Trd, 8638626.832, 140
Trd, 8638627.282, 140
Trd, 8638628.082, 140
Trd, 8638628.782, 140
Trd, 8638629.432, 140
Trd, 8638629.732, 140
Trd, 8638631.032, 140
Trd, 8638631.482, 140
Trd, 8638632.382, 132
Trd, 8638633.232, 139
Trd, 8638633.982, 138
Trd, 8638635.182, 140
Trd, 8638636.482, 140
Trd, 8638636.732, 140
Trd, 8638637.882, 140
Trd, 8638637.982, 140
Trd, 8638638.232, 139
Trd, 8638639.532, 140
Trd, 8638640.732, 140
Trd, 8638641.182, 140
Trd, 8638641.232, 138
Trd, 8638643.232, 140
Trd, 8638643.982, 140
Trd, 8638644.232, 136
Trd, 8638644.282, 133
Trd, 8638645.082, 140
Trd, 8638645.282, 140
Trd, 8638646.732, 140
Trd, 8638647.732, 140
Trd, 8638649.582, 140
Trd, 8638649.632, 140
Trd, 8638650.082, 139
Trd, 8638650.182, 131
Trd, 8638651.932, 140
Trd, 8638653.182, 139
Trd, 8638653.282, 132
Trd, 8638653.382, 137
Trd, 8638653.832, 130
Trd, 8638655.482, 140
Trd, 8638657.182, 140
Trd, 8638658.032, 140
Trd, 8638658.082, 132
Trd, 8638659.382, 76
Trd, 8638660.782, 140
Trd, 8638660.832, 139
Trd, 8638661.282, 138
Trd, 8638661.982, 138
Trd, 8638663.432, 140
Trd, 8638663.482, 139
Trd, 8638665.832, 140
Trd, 8638666.482, 140
Trd, 8638666.882, 140
Trd, 8638667.682, 139
Trd, 8638669.082, 139
Trd, 8638669.582, 140
Trd, 8638669.882, 139
Trd, 8638671.632, 136
Trd, 8638671.832, 136
Trd, 8638672.532, 139
Trd, 8638674.032, 140
Trd, 8638674.082, 140
Trd, 8638674.732, 140
Trd, 8638675.432, 133
Trd, 8638676.132, 132
Trd, 8638676.882, 139
Trd, 8638677.082, 137
Trd, 8638677.782, 118
Trd, 8638678.982, 135
Trd, 8638679.082, 136
Trd, 8638679.682, 136
Trd, 8638680.232, 134
Trd, 8638680.332, 111
Trd, 8638680.532, 79
Trd, 8638681.482, 84
Trd, 8638681.632, 137
Trd, 8638682.382, 86
Trd, 8638682.982, 118
Trd, 8638683.432, 127
Trd, 8638684.132, 140
Trd, 8638684.232, 104
Trd, 8638685.432, 63
Trd, 8638686.182, 69
Trd, 8638687.182, 140
Trd, 8638687.232, 139
Trd, 8638689.282, 140
Trd, 8638689.382, 140
Trd, 8638690.582, 140
Trd, 8638690.982, 139
Trd, 8638691.232, 133
Trd, 8638694.732, 140
Trd, 8638695.882, 140
Trd, 8638697.332, 140
Trd, 8638697.632, 140
Trd, 8638698.532, 140
Trd, 8638699.482, 140
Trd, 8638699.882, 140
Trd, 8638700.232, 136
Trd, 8638700.382, 140
Trd, 8638702.532, 140
Trd, 8638703.332, 140
Trd, 8638703.632, 132
Trd, 8638703.832, 117
Trd, 8638704.332, 140
Trd, 8638706.182, 139
Trd, 8638706.582, 138
Trd, 8638706.732, 140
Trd, 8638708.282, 140
Trd, 8638708.882, 138
Trd, 8638709.882, 136
Trd, 8638710.432, 140
Trd, 8638711.182, 140
Trd, 8638711.532, 140
Trd, 8638712.832, 140
Trd, 8638712.982, 140
Trd, 8638713.132, 132
Trd, 8638713.782, 60
Trd, 8638714.282, 62
Trd, 8638715.132, 126
Trd, 8638715.532, 140
Trd, 8638715.832, 140
Trd, 8638716.082, 139
Trd, 8638718.032, 140
Trd, 8638718.732, 139
Trd, 8638720.682, 140
Trd, 8638721.132, 139
Trd, 8638721.282, 133
Trd, 8638721.832, 120
Trd, 8638722.032, 140
Trd, 8638724.532, 140
Trd, 8638724.582, 140
Trd, 8638725.882, 140
Trd, 8638726.382, 140
Trd, 8638726.732, 138
Trd, 8638727.032, 132
Trd, 8638727.832, 140
Trd, 8638728.532, 139
Trd, 8638729.132, 138
Trd, 8638730.082, 63
Trd, 8638730.182, 140
Trd, 8638731.182, 63
Trd, 8638731.882, 132
Trd, 8638732.882, 140
Trd, 8638734.332, 140
Trd, 8638734.932, 140
Trd, 8638735.132, 140
Trd, 8638735.882, 139
Trd, 8638736.082, 136
Trd, 8638736.482, 140
Trd, 8638737.732, 140
Trd, 8638739.432, 140
Trd, 8638741.082, 140
Trd, 8638742.632, 140
Trd, 8638742.682, 140
Trd, 8638742.782, 139
Trd, 8638743.882, 139
Trd, 8638744.282, 138
Trd, 8638745.582, 138
Trd, 8638745.832, 134
Trd, 8638745.882, 131
Trd, 8638747.482, 140
Trd, 8638748.582, 139
Trd, 8638748.982, 139
Trd, 8638751.232, 140
Trd, 8638751.932, 140
Trd, 8638752.882, 140
Trd, 8638753.382, 140
Trd, 8638754.632, 140
Trd, 8638755.032, 140
Trd, 8638756.382, 140
Trd, 8638756.532, 139
Trd, 8638758.732, 140
Trd, 8638758.932, 140
Trd, 8638759.232, 140
Trd, 8638760.432, 140
Trd, 8638760.932, 140
Trd, 8638761.482, 140
Trd, 8638763.282, 137
Trd, 8638764.232, 139
Trd, 8638765.132, 139
Trd, 8638766.082, 124
Trd, 8638767.282, 140
Trd, 8638767.682, 140
Trd, 8638768.382, 140
Trd, 8638768.732, 140
Trd, 8638769.082, 93
Trd, 8638769.932, 94
Trd, 8638770.632, 140
Trd, 8638771.032, 140
Trd, 8638772.132, 96
Trd, 8638772.782, 90
Trd, 8638774.332, 120
Trd, 8638774.432, 108
Trd, 8638774.982, 137
Trd, 8638776.132, 140
Trd, 8638777.482, 140
Trd, 8638778.282, 140
Trd, 8638781.432, 140
Trd, 8638782.182, 140
Trd, 8638782.632, 138
Trd, 8638782.682, 137
Trd, 8638783.182, 140
Trd, 8638783.532, 140
Trd, 8638784.232, 140
Trd, 8638784.482, 140
Trd, 8638784.932, 102
Trd, 8638786.132, 138
Trd, 8638786.932, 138
Trd, 8638787.932, 140
Trd, 8638788.432, 140
Trd, 8638788.732, 138
Trd, 8638790.682, 140
Trd, 8638790.832, 140
Trd, 8638790.882, 140
Trd, 8638792.632, 140
Trd, 8638793.732, 138
Trd, 8638794.332, 139
Trd, 8638794.982, 133
Trd, 8638795.082, 131
Trd, 8638797.232, 140
Trd, 8638798.332, 140
Trd, 8638798.532, 121
Trd, 8638798.732, 99
Trd, 8638800.182, 140
Trd, 8638800.882, 140
Trd, 8638801.732, 140
Trd, 8638802.632, 140
Trd, 8638803.632, 138
Trd, 8638803.932, 134
Trd, 8638804.032, 127
Trd, 8638805.432, 127
Trd, 8638805.682, 127
Trd, 8638809.032, 140
Trd, 8638809.432, 140
Trd, 8638809.482, 140
Trd, 8638809.732, 140
Trd, 8638810.232, 137
Trd, 8638810.482, 130
Trd, 8638811.232, 140
Trd, 8638811.282, 118
Trd, 8638811.832, 138
Trd, 8638812.932, 140
Trd, 8638814.682, 140
Trd, 8638815.232, 140
Trd, 8638816.182, 138
Trd, 8638817.882, 140
Trd, 8638818.782, 140
Trd, 8638818.932, 140
Trd, 8638819.432, 139
Trd, 8638819.582, 139
Trd, 8638820.682, 138
Trd, 8638821.882, 140
Trd, 8638822.232, 136
Trd, 8638822.682, 135
Trd, 8638822.982, 140
Trd, 8638823.282, 132
Trd, 8638824.082, 139
Trd, 8638824.232, 137
Trd, 8638824.582, 124
Trd, 8638825.282, 140
Trd, 8638826.832, 131
Trd, 8638827.932, 140
Trd, 8638828.082, 140
Trd, 8638828.482, 138
Trd, 8638829.132, 127
Trd, 8638830.282, 140
Trd, 8638830.682, 114
Trd, 8638830.732, 73
Trd, 8638832.082, 140
Trd, 8638832.382, 139
Trd, 8638834.232, 140
Trd, 8638834.282, 140
Trd, 8638834.732, 140
Trd, 8638836.032, 130
Trd, 8638837.282, 140
Trd, 8638837.332, 140
Trd, 8638837.632, 140
Trd, 8638839.232, 140
Trd, 8638839.982, 140
Trd, 8638841.482, 140
Trd, 8638842.732, 140
Trd, 8638843.182, 140
Trd, 8638843.782, 140
Trd, 8638843.982, 132
Trd, 8638844.532, 101
Trd, 8638844.882, 94
Trd, 8638845.532, 140
Trd, 8638847.532, 140
Trd, 8638847.932, 140
Trd, 8638848.582, 140
Trd, 8638850.082, 140
Trd, 8638850.382, 140
Trd, 8638851.582, 138
Trd, 8638851.632, 132
Trd, 8638854.232, 140
Trd, 8638854.282, 140
Trd, 8638854.632, 140
Trd, 8638855.882, 140
Trd, 8638856.132, 138
Trd, 8638856.432, 129
Trd, 8638856.732, 137
Trd, 8638857.632, 140
Trd, 8638859.732, 140
Trd, 8638859.882, 131
Trd, 8638860.682, 140
Trd, 8638861.132, 139
Trd, 8638861.282, 132
Trd, 8638863.782, 140
Trd, 8638863.982, 139
Trd, 8638864.482, 140
Trd, 8638864.832, 138
Trd, 8638865.082, 136
Trd, 8638866.182, 140
Trd, 8638866.682, 119
Trd, 8638867.482, 110
Trd, 8638867.782, 138
Trd, 8638868.232, 139
Trd, 8638869.232, 140
Trd, 8638869.432, 133
Trd, 8638870.582, 119
Trd, 8638871.482, 140
Trd, 8638872.132, 140
Trd, 8638872.232, 138
Trd, 8638872.282, 117
Trd, 8638873.782, 140
Trd, 8638874.032, 140
Trd, 8638874.232, 139
Trd, 8638876.032, 140
Trd, 8638876.982, 140
Trd, 8638878.082, 140
Trd, 8638878.332, 140
Trd, 8638879.682, 140
Trd, 8638880.532, 140
Trd, 8638880.982, 140
Trd, 8638882.282, 139
Trd, 8638883.532, 140
Trd, 8638883.732, 140
Trd, 8638884.332, 138
Trd, 8638885.232, 139
Trd, 8638885.432, 124
Trd, 8638885.882, 138
Trd, 8638886.332, 112
Trd, 8638886.432, 125
Trd, 8638887.932, 137
Trd, 8638888.582, 138
Trd, 8638890.382, 140
Trd, 8638890.982, 140
Trd, 8638892.182, 140
Trd, 8638892.932, 140
Trd, 8638893.182, 140
Trd, 8638893.832, 140
Trd, 8638894.732, 140
Trd, 8638894.782, 137
Trd, 8638895.182, 132
Trd, 8638895.532, 121
Trd, 8638896.182, 120
Trd, 8638897.382, 140
Trd, 8638898.882, 139
Trd, 8638899.482, 139
Trd, 8638899.782, 136
Trd, 8638899.982, 125
Trd, 8638901.382, 140
Trd, 8638901.882, 140
Trd, 8638902.182, 140
Trd, 8638903.182, 139
Trd, 8638903.782, 140
Trd, 8638905.832, 140
Trd, 8638905.932, 140
Trd, 8638906.082, 131
Trd, 8638906.582, 125
Trd, 8638907.632, 140
Trd, 8638908.582, 140
Trd, 8638909.282, 140
Trd, 8638909.482, 137
Trd, 8638910.132, 139
Trd, 8638910.882, 140
Trd, 8638914.082, 139
Trd, 8638914.382, 137
Trd, 8638914.932, 140
Trd, 8638915.882, 137
Trd, 8638916.282, 139
Trd, 8638916.882, 132
Trd, 8638917.332, 140
Trd, 8638919.982, 140
Trd, 8638920.382, 140
Trd, 8638920.432, 140
Trd, 8638921.932, 140
Trd, 8638922.332, 139
Trd, 8638922.782, 140
Trd, 8638924.232, 140
Trd, 8638924.332, 140
Trd, 8638925.432, 140
Trd, 8638926.082, 140
Trd, 8638926.832, 127
Trd, 8638929.082, 140
Trd, 8638929.382, 140
Trd, 8638929.982, 140
Trd, 8638930.132, 140
Trd, 8638931.482, 128
Trd, 8638932.632, 139
Trd, 8638933.082, 139
Trd, 8638934.532, 140
Trd, 8638934.882, 132
Trd, 8638935.282, 140
Trd, 8638935.582, 140
Trd, 8638937.782, 140
Trd, 8638937.832, 139
Trd, 8638938.782, 133
Trd, 8638938.932, 137
Trd, 8638939.382, 137
Trd, 8638940.732, 140
Trd, 8638941.782, 140
Trd, 8638941.832, 140
Trd, 8638942.982, 139
Trd, 8638943.232, 108
Trd, 8638944.582, 140
Trd, 8638947.082, 137
Trd, 8638947.132, 134
Trd, 8638947.532, 109
Trd, 8638947.782, 140
Trd, 8638948.482, 140
Trd, 8638950.732, 140
Trd, 8638951.382, 140
Trd, 8638951.582, 140
Trd, 8638951.832, 126
Trd, 8638952.382, 92
Trd, 8638952.832, 88
Trd, 8638955.082, 140
Trd, 8638955.132, 140
Trd, 8638955.282, 121
Trd, 8638955.832, 82
Trd, 8638956.182, 138
Trd, 8638956.982, 140
Trd, 8638958.132, 128
Trd, 8638959.832, 140
Trd, 8638959.932, 140
Trd, 8638961.882, 140
Trd, 8638962.032, 140
Trd, 8638962.132, 132
Trd, 8638962.982, 140
Trd, 8638963.882, 140
Trd, 8638964.632, 140
Trd, 8638965.382, 140
Trd, 8638968.382, 140
Trd, 8638969.032, 140
Trd, 8638969.582, 139
Trd, 8638970.382, 140
Trd, 8638971.482, 140
Trd, 8638972.032, 140
Trd, 8638972.182, 139
Trd, 8638972.832, 125
Trd, 8638973.482, 107
Trd, 8638975.232, 136
Trd, 8638976.332, 140
Trd, 8638976.432, 140
Trd, 8638976.732, 139
Trd, 8638976.882, 139
Trd, 8638977.632, 139
Trd, 8638978.232, 138
Trd, 8638979.682, 140
Trd, 8638980.882, 139
Trd, 8638982.282, 140
Trd, 8638982.982, 140
Trd, 8638983.182, 140
Trd, 8638984.232, 140
Trd, 8638985.132, 138
Trd, 8638985.232, 131
Trd, 8638985.532, 140
Trd, 8638986.832, 140
Trd, 8638987.932, 140
Trd, 8638988.232, 137
Trd, 8638988.632, 138
Trd, 8638990.132, 139
Trd, 8638991.232, 139
Trd, 8638992.082, 140
Trd, 8638992.382, 132
Trd, 8638992.832, 122
Trd, 8638994.232, 140
Trd, 8638995.132, 140
Trd, 8638995.382, 135
Trd, 8638995.532, 132
Trd, 8638997.382, 140
Trd, 8638998.382, 140
Trd, 8638998.832, 140
Trd, 8638999.682, 138
Trd, 8639000.032, 140
Trd, 8639000.682, 139
Trd, 8639001.482, 139
Trd, 8639002.382, 137
Trd, 8639002.432, 132
Trd, 8639003.482, 139
Trd, 8639004.582, 136
Trd, 8639005.932, 140
Trd, 8639006.432, 137
Trd, 8639007.632, 64
Trd, 8639007.882, 136
Trd, 8639008.532, 140
Trd, 8639008.682, 140
Trd, 8639008.782, 132
Trd, 8639010.332, 139
Trd, 8639011.282, 140
Trd, 8639011.482, 140
Trd, 8639011.782, 140
Trd, 8639012.782, 138
Trd, 8639015.432, 140
Trd, 8639015.782, 140
Trd, 8639016.382, 140
Trd, 8639016.782, 139
Trd, 8639018.032, 140
Trd, 8639018.432, 139
Trd, 8639018.532, 138
Trd, 8639019.282, 140
Trd, 8639020.182, 127
Trd, 8639022.382, 140
Trd, 8639022.582, 139
Trd, 8639023.932, 140
Trd, 8639025.482, 140
Trd, 8639026.532, 140
Trd, 8639026.782, 139
Trd, 8639027.882, 140
Trd, 8639028.632, 139
Trd, 8639029.432, 138
Trd, 8639030.182, 140
Trd, 8639031.182, 137
Trd, 8639032.032, 140
Trd, 8639032.682, 133
Trd, 8639033.282, 124
Trd, 8639033.632, 94
Trd, 8639034.332, 63
Trd, 8639034.982, 62
Trd, 8639035.132, 62
Trd, 8639035.532, 61
Trd, 8639035.632, 63
Trd, 8639037.082, 140
Trd, 8639039.182, 137
Trd, 8639039.282, 130
Trd, 8639039.432, 112
Trd, 8639039.532, 140
Trd, 8639039.932, 112
Trd, 8639040.482, 106
Trd, 8639041.982, 140
Trd, 8639042.782, 139
Trd, 8639045.082, 140
Trd, 8639045.332, 140
Trd, 8639046.232, 140
Trd, 8639046.982, 139
Trd, 8639048.582, 140
Trd, 8639048.782, 140
Trd, 8639049.582, 138
Trd, 8639050.082, 138
Trd, 8639050.982, 140
Trd, 8639051.432, 140
Trd, 8639051.982, 139
Trd, 8639053.182, 140
Trd, 8639053.782, 140
Trd, 8639054.682, 139
Trd, 8639055.382, 139
Trd, 8639055.682, 103
Trd, 8639056.232, 139
Trd, 8639057.532, 131
Trd, 8639057.632, 92
Trd, 8639059.832, 140
Trd, 8639060.132, 139
Trd, 8639061.482, 140
Trd, 8639061.882, 135
Trd, 8639062.432, 138
Trd, 8639064.282, 140
Trd, 8639064.932, 139
Trd, 8639065.532, 140
Trd, 8639065.682, 140
Trd, 8639066.432, 139
Trd, 8639067.032, 129
Trd, 8639067.832, 105
Trd, 8639068.932, 140
Trd, 8639070.782, 138
Trd, 8639071.032, 140
Trd, 8639071.632, 136
Trd, 8639072.282, 127
Trd, 8639072.582, 140
Trd, 8639072.732, 125
Trd, 8639073.732, 140
Trd, 8639074.482, 140
Trd, 8639075.732, 140
Trd, 8639075.932, 140
Trd, 8639076.632, 126
Trd, 8639077.382, 140
Trd, 8639079.432, 140
Trd, 8639080.482, 140
Trd, 8639080.582, 140
Trd, 8639081.582, 139
Trd, 8639081.982, 139
Trd, 8639082.982, 140
Trd, 8639083.632, 140
Trd, 8639083.732, 140
Trd, 8639083.882, 132
Trd, 8639085.732, 138
Trd, 8639086.332, 140
Trd, 8639088.582, 139
Trd, 8639089.282, 140
Trd, 8639090.282, 140
Trd, 8639090.332, 139
Trd, 8639090.432, 139
Trd, 8639090.632, 139
Trd, 8639090.832, 120
Trd, 8639091.582, 136
Trd, 8639092.582, 140
Trd, 8639092.682, 137
Trd, 8639092.882, 140
Trd, 8639094.382, 140
Trd, 8639094.532, 131
Trd, 8639094.832, 93
Trd, 8639095.982, 124
Trd, 8639097.032, 140
Trd, 8639098.832, 140
Trd, 8639099.032, 140
Trd, 8639099.082, 140
Trd, 8639099.232, 140
Trd, 8639099.432, 112
Trd, 8639100.432, 105
Trd, 8639100.982, 140
Trd, 8639101.982, 140
Trd, 8639102.482, 140
Trd, 8639102.832, 127
Trd, 8639103.232, 140
Trd, 8639104.032, 140
Trd, 8639104.682, 138
Trd, 8639104.782, 131
Trd, 8639105.432, 140
Trd, 8639105.832, 131
Trd, 8639107.232, 140
Trd, 8639108.482, 140
Trd, 8639108.832, 140
Trd, 8639109.482, 139
Trd, 8639109.932, 73
Trd, 8639111.382, 140
Trd, 8639111.582, 139
Trd, 8639112.982, 120
Trd, 8639113.332, 115
Trd, 8639113.732, 92
Trd, 8639114.332, 140
Trd, 8639114.982, 140
Trd, 8639115.632, 140
Trd, 8639116.082, 140
Trd, 8639116.632, 139
Trd, 8639116.782, 131
Trd, 8639118.882, 140
Trd, 8639120.132, 140
Trd, 8639120.482, 140
Trd, 8639120.932, 138
Trd, 8639122.632, 140
Trd, 8639123.832, 140
Trd, 8639123.882, 140
Trd, 8639124.232, 140
Trd, 8639124.382, 132
Trd, 8639125.132, 140
Trd, 8639125.932, 140
Trd, 8639126.532, 114
Trd, 8639128.082, 140
Trd, 8639128.532, 140
Trd, 8639129.682, 140
Trd, 8639130.382, 140
Trd, 8639132.232, 140
Trd, 8639132.332, 140
Trd, 8639133.282, 140
Trd, 8639134.632, 140
Trd, 8639134.832, 140
Trd, 8639136.232, 140
Trd, 8639136.582, 140
Trd, 8639137.232, 139
Trd, 8639139.132, 140
Trd, 8639140.282, 140
Trd, 8639140.382, 140
Trd, 8639141.732, 140
Trd, 8639143.182, 140
Trd, 8639143.482, 140
Trd, 8639145.032, 140
Trd, 8639145.632, 140
Trd, 8639147.082, 140
Trd, 8639148.132, 137
Trd, 8639148.382, 140
Trd, 8639148.732, 130
Trd, 8639149.682, 140
Trd, 8639150.232, 140
Trd, 8639151.832, 140
Trd, 8639152.032, 136
Trd, 8639152.882, 139
Trd, 8639153.182, 140
Trd, 8639153.982, 138
Trd, 8639154.032, 137
Trd, 8639155.782, 140
Trd, 8639155.982, 140
Trd, 8639156.782, 139
Trd, 8639158.982, 140
Trd, 8639160.582, 139
Trd, 8639161.332, 139
Trd, 8639161.982, 138
Trd, 8639162.682, 140
Trd, 8639162.832, 140
Trd, 8639163.982, 140
Trd, 8639164.182, 136
Trd, 8639164.282, 130
Trd, 8639165.432, 135
Trd, 8639165.532, 129
Trd, 8639166.982, 140
Trd, 8639167.382, 140
Trd, 8639167.932, 139
Trd, 8639168.532, 140
Trd, 8639171.382, 140
Trd, 8639171.432, 140
Trd, 8639172.082, 140
Trd, 8639172.932, 140
Trd, 8639173.432, 140
Trd, 8639173.932, 125
Trd, 8639174.332, 95
Trd, 8639174.432, 73
Trd, 8639175.932, 140
Trd, 8639177.282, 140
Trd, 8639177.382, 139
Trd, 8639179.032, 140
Trd, 8639181.232, 140
Trd, 8639181.282, 140
Trd, 8639182.282, 140
Trd, 8639182.982, 140
Trd, 8639183.582, 140
Trd, 8639185.882, 140
Trd, 8639186.082, 140
Trd, 8639186.482, 140
Trd, 8639187.532, 135
Trd, 8639188.832, 140
Trd, 8639188.882, 140
Trd, 8639189.032, 140
Trd, 8639189.332, 139
Trd, 8639189.782, 138
Trd, 8639190.032, 137
Trd, 8639192.232, 136
Trd, 8639192.282, 129
Trd, 8639193.232, 140
Trd, 8639193.332, 140
Trd, 8639194.482, 140
Trd, 8639195.682, 140
Trd, 8639195.782, 140
Trd, 8639196.432, 139
Trd, 8639197.282, 138
Trd, 8639197.532, 87
Trd, 8639198.232, 139
Trd, 8639198.832, 140
Trd, 8639201.232, 140
Trd, 8639201.832, 140
Trd, 8639203.332, 140
Trd, 8639203.382, 139
Trd, 8639203.682, 140
Trd, 8639203.732, 140
Trd, 8639205.232, 140
Trd, 8639207.732, 140
Trd, 8639208.132, 140
Trd, 8639208.732, 138
Trd, 8639209.032, 132
Trd, 8639209.682, 139
Trd, 8639209.982, 117
Trd, 8639210.532, 140
Trd, 8639211.032, 97
Trd, 8639211.332, 85
Trd, 8639212.132, 60
Trd, 8639212.582, 60
Trd, 8639213.182, 60
Trd, 8639213.582, 61
Trd, 8639214.632, 60
Trd, 8639214.732, 63
Trd, 8639215.432, 64
Trd, 8639215.582, 68
Trd, 8639216.632, 61
Trd, 8639216.982, 63
Trd, 8639217.782, 140
Trd, 8639217.982, 140
Trd, 8639219.182, 140
Trd, 8639219.332, 140
Trd, 8639221.282, 140
Trd, 8639221.882, 140
Trd, 8639223.282, 140
Trd, 8639223.782, 140
Trd, 8639223.982, 140
Trd, 8639225.932, 140
Trd, 8639226.032, 139
Trd, 8639226.132, 140
Trd, 8639226.382, 133
Trd, 8639226.582, 131
Trd, 8639226.882, 132
Trd, 8639227.932, 116
Trd, 8639228.982, 140
Trd, 8639229.682, 139
Trd, 8639230.432, 140
Trd, 8639231.582, 138
Trd, 8639232.032, 138
Trd, 8639232.582, 121
Trd, 8639233.582, 127
Trd, 8639233.832, 137
Trd, 8639233.932, 138
Trd, 8639234.032, 132
Trd, 8639234.582, 124
Trd, 8639235.732, 139
Trd, 8639235.782, 132
Trd, 8639237.482, 61
Trd, 8639237.632, 62
Trd, 8639237.832, 63
Trd, 8639238.182, 62
Trd, 8639238.432, 63
Trd, 8639238.932, 127
Trd, 8639239.782, 138
Trd, 8639240.632, 140
Trd, 8639240.782, 140
Trd, 8639241.782, 140
Trd, 8639242.582, 140
Trd, 8639243.782, 138
Trd, 8639244.132, 140
Trd, 8639245.582, 140
Trd, 8639245.732, 135
Trd, 8639246.332, 136
Trd, 8639246.482, 134
Trd, 8639246.682, 132
Trd, 8639247.332, 138
Trd, 8639249.032, 140
Trd, 8639249.832, 140
Trd, 8639249.932, 132
Trd, 8639250.282, 137
Trd, 8639251.082, 135
Trd, 8639251.232, 113
Trd, 8639251.782, 138
Trd, 8639253.332, 140
Trd, 8639254.882, 140
Trd, 8639255.882, 140
Trd, 8639256.082, 101
Trd, 8639256.932, 133
Trd, 8639257.232, 139
Trd, 8639258.032, 140
Trd, 8639259.232, 140
Trd, 8639260.632, 140
Trd, 8639262.382, 140
Trd, 8639262.582, 140
Trd, 8639262.682, 140
Trd, 8639263.482, 139
Trd, 8639264.032, 135
Trd, 8639264.832, 139
Trd, 8639266.732, 140
Trd, 8639267.132, 140
Trd, 8639267.882, 139
Trd, 8639269.382, 140
Trd, 8639269.782, 139
Trd, 8639269.882, 138
Trd, 8639270.682, 129
Trd, 8639270.832, 122
Trd, 8639271.032, 90
Trd, 8639271.532, 119
Trd, 8639274.082, 139
Trd, 8639275.682, 140
Trd, 8639276.082, 139
Trd, 8639276.382, 140
Trd, 8639277.432, 140
Trd, 8639277.632, 138
Trd, 8639278.532, 140
Trd, 8639278.832, 136
Trd, 8639279.182, 125
Trd, 8639280.382, 118
Trd, 8639281.582, 121
Trd, 8639281.832, 134
Trd, 8639282.082, 118
Trd, 8639282.432, 140
Trd, 8639282.932, 139
Trd, 8639284.232, 140
Trd, 8639284.582, 139
Trd, 8639284.932, 126
Trd, 8639285.982, 135
Trd, 8639286.632, 123
Trd, 8639287.732, 139
Trd, 8639289.782, 140
Trd, 8639289.882, 139
Trd, 8639289.932, 136
Trd, 8639290.132, 96
Trd, 8639290.832, 140
Trd, 8639293.182, 140
Trd, 8639293.682, 140
Trd, 8639294.182, 140
Trd, 8639295.032, 139
Trd, 8639295.082, 139
Trd, 8639295.832, 139
Trd, 8639295.982, 73
Trd, 8639297.682, 140
Trd, 8639298.432, 140
Trd, 8639299.232, 140
Trd, 8639301.532, 140
Trd, 8639301.982, 140
Trd, 8639302.282, 140
Trd, 8639303.232, 139
Trd, 8639304.332, 140
Trd, 8639304.632, 138
Trd, 8639305.382, 138
Trd, 8639305.782, 139
Trd, 8639307.982, 140
Trd, 8639309.132, 140
Trd, 8639309.682, 140
Trd, 8639310.032, 140
Trd, 8639310.132, 140
Trd, 8639311.232, 140
Trd, 8639311.982, 139
Trd, 8639312.232, 140
Trd, 8639312.632, 139
Trd, 8639312.882, 138
Trd, 8639313.182, 140
Trd, 8639313.982, 120
Trd, 8639314.082, 78
Trd, 8639316.032, 140
Trd, 8639316.332, 140
Trd, 8639316.782, 132
Trd, 8639317.432, 120
Trd, 8639319.532, 140
Trd, 8639320.582, 140
Trd, 8639321.682, 140
Trd, 8639321.782, 139
Trd, 8639322.382, 137
Trd, 8639322.832, 140
Trd, 8639324.582, 140
Trd, 8639324.882, 138
Trd, 8639325.882, 139
Trd, 8639327.382, 139
Trd, 8639327.432, 138
Trd, 8639328.532, 140
Trd, 8639329.582, 139
Trd, 8639330.682, 140
Trd, 8639331.682, 140
Trd, 8639332.632, 137
Trd, 8639332.932, 139
Trd, 8639333.282, 137
Trd, 8639334.332, 140
Trd, 8639336.032, 138
Trd, 8639336.232, 134
Trd, 8639337.432, 139
Trd, 8639338.182, 139
Trd, 8639339.282, 140
Trd, 8639339.732, 140
Trd, 8639341.032, 140
Trd, 8639341.532, 138
Trd, 8639342.132, 138
Trd, 8639344.382, 140
Trd, 8639344.782, 140
Trd, 8639344.832, 132
Trd, 8639345.832, 137
Trd, 8639345.982, 133
Trd, 8639346.232, 139
Trd, 8639346.782, 132
Trd, 8639349.232, 123
Trd, 8639349.632, 138
Trd, 8639349.882, 123
Trd, 8639350.182, 140
Trd, 8639350.932, 138
Trd, 8639351.032, 118
Trd, 8639352.482, 137
Trd, 8639353.082, 140
Trd, 8639354.082, 140
Trd, 8639354.132, 73
Trd, 8639354.882, 62
Trd, 8639355.382, 101
Trd, 8639355.582, 139
Trd, 8639355.882, 139
Trd, 8639356.682, 73
Trd, 8639357.232, 139
Trd, 8639358.282, 139
Trd, 8639358.682, 109
Trd, 8639359.082, 128
Trd, 8639360.232, 62
Trd, 8639361.432, 140
Trd, 8639361.632, 139
Trd, 8639361.682, 138
Trd, 8639362.932, 139
Trd, 8639362.982, 125
Trd, 8639363.232, 140
Trd, 8639363.732, 139
Trd, 8639364.032, 140
Trd, 8639367.282, 140
Trd, 8639368.132, 139
Trd, 8639368.732, 139
Trd, 8639368.782, 138
Trd, 8639370.032, 140
Trd, 8639370.532, 140
Trd, 8639371.782, 140
Trd, 8639371.882, 140
Trd, 8639373.482, 140
Trd, 8639374.182, 140
Trd, 8639374.482, 137
Trd, 8639375.032, 123
Trd, 8639375.532, 140
Trd, 8639376.082, 140
Trd, 8639376.182, 130
Trd, 8639376.982, 138
Trd, 8639377.682, 136
Trd, 8639378.932, 137
Trd, 8639379.582, 140
Trd, 8639380.082, 140
Trd, 8639380.532, 140
Trd, 8639381.532, 140
Trd, 8639381.732, 138
Trd, 8639382.832, 139
Trd, 8639383.132, 139
Trd, 8639384.532, 133
Trd, 8639385.082, 128
Trd, 8639385.582, 125
Trd, 8639386.982, 139
Trd, 8639387.432, 140
Trd, 8639387.882, 137
Trd, 8639388.432, 140
Trd, 8639388.932, 125
Trd, 8639391.482, 140
Trd, 8639394.782, 140
Trd, 8639395.182, 140
Trd, 8639395.882, 140
Trd, 8639395.982, 140
Trd, 8639396.232, 138
Trd, 8639396.432, 131
Trd, 8639397.282, 139
Trd, 8639397.882, 138
Trd, 8639397.932, 127
Trd, 8639398.132, 140
Trd, 8639398.182, 127
Trd, 8639398.532, 123
Trd, 8639399.282, 62
Trd, 8639401.982, 138
Trd, 8639402.182, 139
Trd, 8639404.232, 140
Trd, 8639404.882, 140
Trd, 8639405.532, 140
Trd, 8639406.432, 132
Trd, 8639407.182, 131
Trd, 8639407.632, 140
Trd, 8639407.782, 140
Trd, 8639409.882, 140
Trd, 8639410.232, 140
Trd, 8639410.932, 139
Trd, 8639411.032, 110
Trd, 8639411.582, 140
Trd, 8639412.182, 140
Trd, 8639413.132, 138
Trd, 8639413.782, 121
Trd, 8639414.632, 140
Trd, 8639414.932, 140
Trd, 8639416.432, 140
Trd, 8639418.932, 140
Trd, 8639419.082, 140
Trd, 8639419.282, 140
Trd, 8639419.382, 139
Trd, 8639420.282, 140
Trd, 8639421.732, 128
Trd, 8639422.382, 140
Trd, 8639422.582, 126
Trd, 8639423.882, 140
Trd, 8639424.682, 140
Trd, 8639424.832, 140
Trd, 8639424.932, 135
Trd, 8639425.032, 133
Trd, 8639425.682, 139
Trd, 8639427.382, 125
Trd, 8639428.182, 139
Trd, 8639428.732, 138
Trd, 8639428.832, 140
Trd, 8639429.332, 136
Trd, 8639430.032, 140
Trd, 8639430.432, 60
Trd, 8639430.682, 60
Trd, 8639431.782, 61
Trd, 8639432.582, 63
Trd, 8639432.982, 71
Trd, 8639433.132, 65
Trd, 8639433.432, 65
Trd, 8639435.132, 140
Trd, 8639436.232, 140
Trd, 8639436.432, 140
Trd, 8639436.482, 140
Trd, 8639438.532, 140
Trd, 8639439.332, 140
Trd, 8639439.732, 140
Trd, 8639440.582, 140
Trd, 8639441.682, 137
Trd, 8639441.782, 135
Trd, 8639442.332, 139
Trd, 8639443.382, 140
Trd, 8639445.732, 140
Trd, 8639445.932, 139
Trd, 8639446.632, 139
Trd, 8639448.082, 140
Trd, 8639448.482, 140
Trd, 8639448.782, 113
Trd, 8639448.832, 85
Trd, 8639449.982, 113
Trd, 8639450.282, 69
Trd, 8639450.932, 135
Trd, 8639451.982, 140
Trd, 8639453.082, 140
Trd, 8639453.782, 140
Trd, 8639454.332, 138
Trd, 8639454.832, 139
Trd, 8639455.082, 136
Trd, 8639455.382, 132
Trd, 8639455.782, 138
Trd, 8639456.732, 138
Trd, 8639457.032, 137
Trd, 8639457.632, 60
Trd, 8639458.432, 61
Trd, 8639458.732, 62
Trd, 8639459.132, 130
Trd, 8639459.682, 123
Trd, 8639459.932, 82
Trd, 8639460.482, 131
Trd, 8639460.782, 127
Trd, 8639462.382, 63
Trd, 8639462.632, 104
Trd, 8639463.732, 62
Trd, 8639464.332, 62
Trd, 8639464.582, 61
Trd, 8639464.932, 60
Trd, 8639465.582, 60
Trd, 8639465.982, 60
Trd, 8639467.382, 60
Trd, 8639467.582, 60
Trd, 8639468.682, 60
Trd, 8639469.132, 60
Trd, 8639469.532, 60
Trd, 8639469.732, 60
Trd, 8639471.032, 61
Trd, 8639471.532, 67
Trd, 8639472.232, 61
Trd, 8639473.382, 60
Trd, 8639474.182, 60
Trd, 8639474.882, 61
Trd, 8639474.982, 60
Trd, 8639476.182, 60
Trd, 8639476.382, 61
Trd, 8639477.082, 63
Trd, 8639477.532, 60
Trd, 8639478.032, 60
Trd, 8639479.782, 137
Trd, 8639480.482, 138
Trd, 8639481.482, 139
Trd, 8639482.582, 140
Trd, 8639482.682, 140
Trd, 8639484.082, 139
Trd, 8639484.382, 136
Trd, 8639484.532, 137
Trd, 8639485.382, 132
Trd, 8639486.732, 140
Trd, 8639486.782, 140
Trd, 8639486.882, 140
Trd, 8639487.882, 140
Trd, 8639488.032, 139
Trd, 8639488.232, 62
Trd, 8639489.882, 140
Trd, 8639490.382, 138
Trd, 8639491.732, 140
Trd, 8639491.982, 140
Trd, 8639493.332, 139
Trd, 8639493.482, 133
Trd, 8639494.432, 135
Trd, 8639495.732, 140
Trd, 8639496.482, 140
Trd, 8639497.682, 140
Trd, 8639498.132, 138
Trd, 8639499.132, 126
Trd, 8639500.032, 139
Trd, 8639500.732, 140
Trd, 8639502.482, 138
Trd, 8639504.432, 140
Trd, 8639504.582, 139
Trd, 8639506.032, 140
Trd, 8639506.432, 140
Trd, 8639506.832, 140
Trd, 8639507.282, 125
Trd, 8639507.682, 122
Trd, 8639507.982, 125
Trd, 8639509.632, 140
Trd, 8639509.982, 139
Trd, 8639510.132, 132
Trd, 8639510.832, 140
Trd, 8639512.582, 140
Trd, 8639513.582, 139
Trd, 8639514.282, 138
Trd, 8639514.732, 139
Trd, 8639515.632, 140
Trd, 8639515.932, 140
Trd, 8639516.632, 140
Trd, 8639516.682, 137
Trd, 8639518.282, 140
Trd, 8639519.332, 140
Trd, 8639519.782, 132
Trd, 8639520.232, 133
Trd, 8639521.282, 140
Trd, 8639522.232, 140
Trd, 8639522.282, 140
Trd, 8639523.582, 140
Trd, 8639525.232, 140
Trd, 8639525.382, 140
Trd, 8639526.932, 140
Trd, 8639529.132, 140
Trd, 8639529.982, 140
Trd, 8639530.532, 140
Trd, 8639531.132, 140
Trd, 8639531.382, 140
Trd, 8639531.532, 138
Trd, 8639532.482, 132
Trd, 8639533.432, 140
Trd, 8639534.682, 140
Trd, 8639535.782, 140
Trd, 8639536.282, 139
Trd, 8639536.432, 139
Trd, 8639537.482, 140
Trd, 8639539.282, 138
Trd, 8639539.382, 137
Trd, 8639540.032, 133
Trd, 8639541.532, 140
Trd, 8639541.882, 139
Trd, 8639542.382, 137
Trd, 8639543.182, 137
Trd, 8639543.782, 121
Trd, 8639544.382, 125
Trd, 8639545.282, 126
Trd, 8639545.382, 136
Trd, 8639545.782, 139
Trd, 8639545.882, 137
Trd, 8639547.232, 140
Trd, 8639548.032, 140
Trd, 8639548.932, 139
Trd, 8639549.832, 136
Trd, 8639550.582, 140
Trd, 8639551.732, 140
Trd, 8639551.782, 140
Trd, 8639553.282, 140
Trd, 8639554.132, 140
Trd, 8639554.682, 140
Trd, 8639554.982, 140
Trd, 8639556.182, 140
Trd, 8639556.932, 139
Trd, 8639557.632, 138
Trd, 8639559.182, 140
Trd, 8639559.232, 139
Trd, 8639560.382, 139
Trd, 8639560.632, 126
Trd, 8639561.532, 140
Trd, 8639561.632, 132
Trd, 8639563.332, 139
Trd, 8639564.032, 134
Trd, 8639564.332, 120
Trd, 8639564.932, 136
Trd, 8639565.632, 139
Trd, 8639567.132, 139
Trd, 8639567.232, 139
Trd, 8639568.532, 132
Trd, 8639568.632, 136
Trd, 8639569.982, 140
Trd, 8639570.032, 140
Trd, 8639570.732, 123
Trd, 8639570.932, 132
Trd, 8639571.782, 134
Trd, 8639572.482, 113
Trd, 8639572.832, 112
Trd, 8639574.082, 140
Trd, 8639574.132, 140
Trd, 8639575.282, 140
Trd, 8639576.332, 140
Trd, 8639576.682, 140
Trd, 8639578.282, 139
Trd, 8639578.882, 140
Trd, 8639579.082, 139
Trd, 8639579.782, 140
Trd, 8639580.632, 139
Trd, 8639581.432, 140
Trd, 8639583.032, 140
Trd, 8639583.332, 136
Trd, 8639583.832, 140
Trd, 8639584.232, 133
Trd, 8639585.882, 126
Trd, 8639586.982, 119
Trd, 8639587.832, 140
Trd, 8639587.982, 140
Trd, 8639588.532, 139
Trd, 8639589.732, 140
Trd, 8639589.782, 140
Trd, 8639590.132, 118
Trd, 8639591.382, 138
Trd, 8639592.482, 139
Trd, 8639593.482, 140
Trd, 8639593.582, 139
Trd, 8639595.732, 140
Trd, 8639596.232, 138
Trd, 8639597.582, 140
Trd, 8639597.732, 139
Trd, 8639599.132, 131
Trd, 8639599.682, 133
Trd, 8639599.982, 140
Trd, 8639600.382, 140
Trd, 8639601.682, 140
Trd, 8639601.782, 140
Trd, 8639602.682, 140
Trd, 8639603.832, 140
Trd, 8639604.032, 140
Trd, 8639605.982, 140
Trd, 8639606.282, 139
Trd, 8639606.932, 140
Trd, 8639608.632, 139
Trd, 8639609.632, 133
Trd, 8639609.682, 126
Trd, 8639610.682, 101
Trd, 8639611.882, 140
Trd, 8639612.932, 140
Trd, 8639613.282, 140
Trd, 8639613.682, 140
Trd, 8639615.232, 140
Trd, 8639616.832, 140
Trd, 8639617.132, 140
Trd, 8639617.332, 140
Trd, 8639618.332, 140
Trd, 8639618.632, 140
Trd, 8639620.482, 140
Trd, 8639621.232, 140
Trd, 8639621.282, 139
Trd, 8639621.682, 140
Trd, 8639623.682, 140
Trd, 8639624.332, 139
Trd, 8639624.932, 138
Trd, 8639625.232, 139
Trd, 8639627.732, 140
Trd, 8639627.782, 139
Trd, 8639627.932, 139
Trd, 8639628.032, 136
Trd, 8639628.482, 125
Trd, 8639629.682, 140
Trd, 8639630.332, 140
Trd, 8639631.432, 140
Trd, 8639633.482, 140
Trd, 8639633.682, 140
Trd, 8639633.932, 140
Trd, 8639634.032, 136
Trd, 8639634.332, 132
Trd, 8639634.982, 140
Trd, 8639635.282, 139
Trd, 8639637.082, 140
Trd, 8639637.382, 140
Trd, 8639638.332, 140
Trd, 8639639.182, 140
Trd, 8639640.432, 129
Trd, 8639641.182, 129
Trd, 8639641.232, 128
Trd, 8639642.532, 135
Trd, 8639642.632, 138
Trd, 8639643.582, 140
Trd, 8639644.482, 140
Trd, 8639645.532, 140
Trd, 8639645.982, 139
Trd, 8639646.282, 140
Trd, 8639647.182, 139
Trd, 8639648.382, 139
Trd, 8639649.332, 139
Trd, 8639650.932, 140
Trd, 8639651.432, 128
Trd, 8639651.682, 125
Trd, 8639652.982, 140
Trd, 8639653.382, 72
Trd, 8639653.832, 61
Trd, 8639654.182, 60
Trd, 8639654.232, 60
Trd, 8639654.832, 140
Trd, 8639655.482, 63
Trd, 8639656.182, 140
Trd, 8639657.532, 140
Trd, 8639657.982, 140
Trd, 8639659.582, 140
Trd, 8639660.032, 140
Trd, 8639660.382, 138
Trd, 8639661.182, 140
Trd, 8639662.982, 140
Trd, 8639663.182, 138
Trd, 8639664.082, 120
Trd, 8639665.082, 93
Trd, 8639665.632, 139
Trd, 8639666.482, 139
Trd, 8639666.882, 138
Trd, 8639667.432, 137
Trd, 8639668.332, 140
Trd, 8639670.532, 140
Trd, 8639672.282, 140
Trd, 8639673.132, 139
Trd, 8639673.332, 140
Trd, 8639673.382, 139
Trd, 8639673.632, 139
Trd, 8639673.832, 136
Trd, 8639674.132, 140
Trd, 8639676.032, 139
Trd, 8639676.232, 128
Trd, 8639677.182, 135
Trd, 8639677.532, 127
Trd, 8639678.732, 64
Trd, 8639679.582, 106
Trd, 8639679.832, 63
Trd, 8639680.432, 140
Trd, 8639681.732, 132
Trd, 8639682.482, 140
Trd, 8639682.532, 140
Trd, 8639682.582, 139
Trd, 8639683.382, 132
Trd, 8639684.382, 139
Trd, 8639685.432, 140
Trd, 8639685.882, 139
Trd, 8639686.482, 140
Trd, 8639687.382, 140
Trd, 8639688.182, 138
Trd, 8639689.082, 140
Trd, 8639690.382, 140
Trd, 8639690.982, 140
Trd, 8639691.732, 140
Trd, 8639694.532, 140
Trd, 8639695.332, 140
Trd, 8639695.482, 140
Trd, 8639697.132, 140
Trd, 8639697.382, 140
Trd, 8639697.932, 140
Trd, 8639698.132, 140
Trd, 8639698.782, 140
Trd, 8639699.232, 60
Trd, 8639699.282, 60
Trd, 8639700.632, 140
Trd, 8639701.032, 140
Trd, 8639701.832, 140
Trd, 8639702.432, 140
Trd, 8639702.832, 75
Trd, 8639705.432, 140
Trd, 8639707.082, 140
Trd, 8639707.982, 140
Trd, 8639708.382, 140
Trd, 8639709.032, 139
Trd, 8639709.532, 113
Trd, 8639709.582, 108
Trd, 8639709.882, 66
Trd, 8639710.332, 113
Trd, 8639712.682, 140
Trd, 8639713.232, 138
Trd, 8639713.982, 140
Trd, 8639714.282, 138
Trd, 8639715.132, 138
Trd, 8639715.382, 126
Trd, 8639715.882, 126
Trd, 8639718.082, 140
Trd, 8639718.782, 140
Trd, 8639718.932, 139
Trd, 8639719.682, 139
Trd, 8639721.132, 140
Trd, 8639721.682, 140
Trd, 8639721.832, 140
Trd, 8639722.082, 139
Trd, 8639722.582, 138
Trd, 8639724.032, 139
Trd, 8639724.132, 140
Trd, 8639725.682, 119
Trd, 8639725.932, 137
Trd, 8639726.782, 137
Trd, 8639727.382, 114
Trd, 8639729.782, 140
Trd, 8639730.882, 140
Trd, 8639731.482, 140
Trd, 8639732.982, 140
Trd, 8639733.182, 140
Trd, 8639735.082, 140
Trd, 8639735.232, 139
Trd, 8639735.282, 138
Trd, 8639735.882, 137
Trd, 8639736.732, 138
Trd, 8639737.382, 122
Trd, 8639737.882, 117
Trd, 8639739.282, 138
Trd, 8639739.682, 140
Trd, 8639740.132, 137
Trd, 8639741.082, 137
Trd, 8639741.532, 135
Trd, 8639742.982, 140
Trd, 8639744.932, 140
Trd, 8639745.382, 140
Trd, 8639746.332, 140
Trd, 8639746.782, 140
Trd, 8639748.582, 133
Trd, 8639748.782, 132
Trd, 8639748.882, 128
Trd, 8639749.682, 139
Trd, 8639749.832, 140
Trd, 8639750.532, 138
Trd, 8639752.532, 140
Trd, 8639752.732, 140
Trd, 8639754.032, 140
Trd, 8639755.282, 139
Trd, 8639755.982, 138
Trd, 8639756.732, 138
Trd, 8639756.832, 138
Trd, 8639756.882, 136
Trd, 8639757.132, 140
Trd, 8639757.682, 136
Trd, 8639757.782, 130
Trd, 8639757.882, 119
Trd, 8639759.532, 140
Trd, 8639760.082, 134
Trd, 8639760.132, 97
Trd, 8639762.532, 140
Trd, 8639763.232, 140
Trd, 8639763.332, 139
Trd, 8639765.732, 140
Trd, 8639765.832, 140
Trd, 8639767.782, 140
Trd, 8639768.282, 140
Trd, 8639768.332, 138
Trd, 8639769.532, 140
Trd, 8639771.182, 140
Trd, 8639771.332, 140
Trd, 8639771.932, 136
Trd, 8639772.582, 137
Trd, 8639772.932, 140
Trd, 8639773.232, 138
Trd, 8639774.682, 140
Trd, 8639775.732, 136
Trd, 8639777.082, 139
Trd, 8639777.882, 140
Trd, 8639778.632, 140
Trd, 8639780.032, 137
Trd, 8639782.082, 140
Trd, 8639783.232, 140
Trd, 8639783.832, 140
Trd, 8639784.232, 140
Trd, 8639785.382, 140
Trd, 8639786.032, 140
Trd, 8639786.182, 139
Trd, 8639787.732, 139
Trd, 8639787.932, 137
Trd, 8639789.082, 133
Trd, 8639789.282, 137
Trd, 8639790.082, 139
Trd, 8639791.532, 123
Trd, 8639792.082, 108
Trd, 8639792.132, 106
Trd, 8639793.132, 60
Trd, 8639794.582, 60
Trd, 8639795.082, 63
Trd, 8639795.332, 66
Trd, 8639795.682, 64
Trd, 8639796.982, 66
Trd, 8639797.082, 117
Trd, 8639797.932, 140
Trd, 8639798.082, 132
Trd, 8639798.282, 140
Trd, 8639798.982, 138
Trd, 8639799.232, 139
Trd, 8639799.582, 92
Trd, 8639800.332, 60
Trd, 8639800.732, 60
Trd, 8639801.232, 61
Trd, 8639802.482, 60
Trd, 8639802.532, 63
Trd, 8639803.682, 140
Trd, 8639803.982, 140
Trd, 8639805.182, 140
Trd, 8639806.232, 139
Trd, 8639806.932, 138
Trd, 8639806.982, 132
Trd, 8639809.132, 140
Trd, 8639809.432, 140
Trd, 8639810.382, 140
Trd, 8639810.582, 139
Trd, 8639812.332, 140
Trd, 8639813.932, 140
Trd, 8639814.632, 140
Trd, 8639814.782, 138
Trd, 8639815.382, 140
Trd, 8639815.632, 140
Trd, 8639817.832, 136
Trd, 8639818.082, 136
Trd, 8639818.832, 139
Trd, 8639819.132, 116
Trd, 8639819.332, 128
Trd, 8639820.682, 63
Trd, 8639820.932, 61
Trd, 8639823.032, 140
Trd, 8639823.682, 139
Trd, 8639825.282, 140
Trd, 8639825.532, 140
Trd, 8639826.082, 140
Trd, 8639826.332, 140
Trd, 8639826.732, 139
Trd, 8639828.532, 140
Trd, 8639828.832, 139
Trd, 8639828.982, 139
Trd, 8639829.232, 138
Trd, 8639830.482, 138
Trd, 8639831.832, 140
Trd, 8639833.032, 140
Trd, 8639833.482, 137
Trd, 8639833.732, 132
Trd, 8639834.532, 140
Trd, 8639835.632, 134
Trd, 8639836.432, 105
Trd, 8639837.382, 60
Trd, 8639837.432, 132
Trd, 8639838.232, 140
Trd, 8639838.732, 135
Trd, 8639839.932, 140
Trd, 8639840.532, 139
Trd, 8639841.232, 135
Trd, 8639841.382, 121
Trd, 8639841.782, 63
Trd, 8639843.582, 140
Trd, 8639844.332, 140
Trd, 8639845.082, 140
Trd, 8639845.332, 140
Trd, 8639847.482, 140
Trd, 8639849.082, 140
Trd, 8639849.632, 140
Trd, 8639849.682, 139
Trd, 8639849.782, 139
Trd, 8639850.032, 138
Trd, 8639850.882, 139
Trd, 8639852.082, 138
Trd, 8639852.282, 138
Trd, 8639852.432, 132
Trd, 8639854.382, 140
Trd, 8639855.182, 140
Trd, 8639855.632, 129
Trd, 8639855.882, 122
Trd, 8639856.432, 65
Trd, 8639858.582, 140
Trd, 8639858.632, 140
Trd, 8639858.932, 138
Trd, 8639859.782, 140
Trd, 8639860.182, 140
Trd, 8639861.282, 140
Trd, 8639863.432, 140
Trd, 8639863.532, 140
Trd, 8639864.582, 139
Trd, 8639865.482, 140
Trd, 8639865.582, 137
Trd, 8639865.832, 137
Trd, 8639866.232, 140
Trd, 8639867.632, 138
Trd, 8639868.082, 139
Trd, 8639868.932, 137
Trd, 8639868.982, 138
Trd, 8639869.032, 129
Trd, 8639869.532, 120
Trd, 8639870.882, 140
Trd, 8639871.032, 101
Trd, 8639871.732, 140
Trd, 8639872.682, 139
Trd, 8639872.832, 138
Trd, 8639873.132, 103
Trd, 8639873.532, 76
Trd, 8639875.582, 140
Trd, 8639875.782, 140
Trd, 8639877.182, 140
Trd, 8639879.232, 140
Trd, 8639879.282, 139
Trd, 8639880.132, 140
Trd, 8639882.132, 140
Trd, 8639883.632, 139
Trd, 8639884.032, 138
Trd, 8639884.482, 137
Trd, 8639885.482, 140
Trd, 8639886.132, 140
Trd, 8639886.282, 139
Trd, 8639887.032, 140
Trd, 8639887.082, 137
Trd, 8639887.732, 132
Trd, 8639887.782, 129
Trd, 8639888.732, 140
Trd, 8639890.182, 140
Trd, 8639890.482, 139
Trd, 8639890.532, 138
Trd, 8639891.032, 140
Trd, 8639891.932, 139
Trd, 8639893.232, 60
Trd, 8639893.332, 60
Trd, 8639894.632, 63
Trd, 8639895.032, 70
Trd, 8639896.082, 140
Trd, 8639897.282, 140
Trd, 8639897.632, 140
Trd, 8639898.632, 140
Trd, 8639899.082, 139
Trd, 8639899.732, 140
Trd, 8639900.432, 140
Trd, 8639902.382, 86
Trd, 8639903.182, 140
Trd, 8639903.432, 134
Trd, 8639904.682, 140
Trd, 8639905.132, 140
Trd, 8639905.682, 140
Trd, 8639906.482, 139
Trd, 8639906.982, 140
Trd, 8639907.182, 125
Trd, 8639908.632, 140
Trd, 8639909.182, 139
Trd, 8639909.532, 112
Trd, 8639911.532, 140
Trd, 8639912.232, 140
Trd, 8639913.332, 139
Trd, 8639913.932, 140
Trd, 8639914.282, 137
Trd, 8639915.282, 140
Trd, 8639915.832, 140
Trd, 8639915.982, 134
Trd, 8639917.232, 139
Trd, 8639918.232, 139
Trd, 8639918.432, 140
Trd, 8639918.532, 139
Trd, 8639918.982, 135
Trd, 8639919.032, 134
Trd, 8639919.632, 123
Trd, 8639920.432, 121
Trd, 8639921.032, 115
Trd, 8639922.082, 138
Trd, 8639922.682, 139
Trd, 8639923.482, 139
Trd, 8639924.632, 140
Trd, 8639925.732, 140
Trd, 8639925.982, 140
Trd, 8639926.732, 136
Trd, 8639927.432, 126
Trd, 8639927.982, 115
Trd, 8639928.632, 136
Trd, 8639928.782, 139
Trd, 8639929.232, 140
Trd, 8639929.732, 128
Trd, 8639931.082, 138
Trd, 8639931.682, 121
Trd, 8639933.282, 140
Trd, 8639934.182, 140
Trd, 8639935.132, 140
Trd, 8639936.032, 140
Trd, 8639936.432, 140
Trd, 8639937.632, 140
Trd, 8639938.282, 140
Trd, 8639940.282, 140
Trd, 8639940.732, 140
Trd, 8639941.082, 140
Trd, 8639941.332, 140
Trd, 8639941.682, 139
Trd, 8639943.832, 140
Trd, 8639945.732, 140
Trd, 8639945.832, 140
Trd, 8639946.082, 140
Trd, 8639947.582, 138
Trd, 8639949.582, 140
Trd, 8639950.082, 140
Trd, 8639950.682, 139
Trd, 8639950.882, 137
Trd, 8639951.132, 139
Trd, 8639952.732, 140
Trd, 8639953.432, 140
Trd, 8639953.632, 140
Trd, 8639953.682, 139
Trd, 8639954.882, 140
Trd, 8639955.432, 139
Trd, 8639956.232, 140
Trd, 8639956.382, 132
Trd, 8639957.732, 138
Trd, 8639958.732, 140
Trd, 8639959.932, 140
Trd, 8639961.482, 140
Trd, 8639961.782, 140
Trd, 8639961.832, 140
Trd, 8639962.532, 125
Trd, 8639963.932, 139
Trd, 8639964.282, 138
Trd, 8639964.582, 129
Trd, 8639966.032, 140
Trd, 8639966.182, 140
Trd, 8639967.132, 139
Trd, 8639967.732, 140
Trd, 8639967.782, 140
Trd, 8639970.382, 140
Trd, 8639970.532, 137
Trd, 8639970.832, 121
Trd, 8639971.382, 140
Trd, 8639971.732, 140
Trd, 8639972.082, 138
Trd, 8639972.882, 140
Trd, 8639974.082, 132
Trd, 8639974.582, 137
Trd, 8639976.032, 139
Trd, 8639976.682, 139
Trd, 8639977.182, 138
Trd, 8639978.282, 140
Trd, 8639979.482, 140
Trd, 8639980.082, 140
Trd, 8639980.932, 140
Trd, 8639980.982, 140
Trd, 8639981.782, 140
Trd, 8639983.732, 140
Trd, 8639983.782, 139
Trd, 8639984.282, 140
Trd, 8639984.632, 140
Trd, 8639985.832, 140
Trd, 8639988.582, 140
Trd, 8639988.732, 139
Trd, 8639990.432, 140
Trd, 8639991.032, 140
Trd, 8639991.382, 139
Trd, 8639991.532, 138
Trd, 8639991.882, 132
Trd, 8639992.982, 140
Trd, 8639994.082, 134
Trd, 8639994.232, 134
Trd, 8639994.982, 135
Trd, 8639996.582, 140
Trd, 8639998.682, 140
Trd, 8639999.532, 139
