Trd, 8638090.482, 119
Trd, 8638090.782, 93
Trd, 8638091.382, 129
Trd, 8638092.432, 131
Trd, 8638092.632, 114
Trd, 8638092.932, 126
Trd, 8638093.082, 96
Trd, 8638094.332, 115
Trd, 8638094.532, 102
Trd, 8638095.132, 111
Trd, 8638095.482, 107
Trd, 8638096.932, 121
Trd, 8638098.732, 107
Trd, 8638099.782, 113
Trd, 8638100.882, 118
Trd, 8638102.132, 126
Trd, 8638102.282, 124
Trd, 8638102.982, 123
Trd, 8638104.632, 110
Trd, 8638104.882, 106
Trd, 8638106.432, 112
Trd, 8638106.732, 104
Trd, 8638106.982, 105
Trd, 8638107.732, 125
Trd, 8638108.182, 140
Trd, 8638108.882, 118
Trd, 8638110.132, 107
Trd, 8638110.282, 92
Trd, 8638110.382, 127
Trd, 8638113.132, 139
Trd, 8638113.382, 85
Trd, 8638113.532, 115
Trd, 8638115.632, 125
Trd, 8638116.482, 111
Trd, 8638116.832, 135
Trd, 8638118.132, 127
Trd, 8638118.882, 128
Trd, 8638118.932, 118
Trd, 8638119.032, 83
Trd, 8638121.682, 90
Trd, 8638122.382, 70
Trd, 8638123.432, 105
Trd, 8638123.582, 106
Trd, 8638124.282, 139
Trd, 8638125.832, 140
Trd, 8638126.082, 112
Trd, 8638126.832, 103
Trd, 8638127.132, 94
Trd, 8638127.632, 80
Trd, 8638127.832, 78
Trd, 8638128.782, 110
Trd, 8638129.432, 109
Trd, 8638130.182, 97
Trd, 8638130.682, 74
Trd, 8638131.232, 134
Trd, 8638133.032, 60
Trd, 8638133.382, 86
Trd, 8638135.482, 140
Trd, 8638135.832, 120
Trd, 8638135.882, 107
Trd, 8638135.932, 106
Trd, 8638136.732, 116
Trd, 8638137.732, 119
Trd, 8638138.432, 128
Trd, 8638139.132, 114
Trd, 8638139.732, 77
Trd, 8638139.932, 75
Trd, 8638141.682, 70
Trd, 8638142.782, 130
Trd, 8638142.932, 110
Trd, 8638143.782, 98
Trd, 8638143.982, 94
Trd, 8638145.082, 97
Trd, 8638145.782, 113
Trd, 8638145.832, 105
Trd, 8638147.882, 106
Trd, 8638148.182, 90
Trd, 8638150.082, 115
Trd, 8638150.632, 126
Trd, 8638151.832, 115
Trd, 8638153.182, 137
Trd, 8638153.732, 87
Trd, 8638154.232, 131
Trd, 8638154.882, 86
Trd, 8638157.782, 73
Trd, 8638158.032, 102
Trd, 8638158.632, 115
Trd, 8638158.982, 119
Trd, 8638159.382, 111
Trd, 8638160.582, 128
Trd, 8638162.032, 106
Trd, 8638162.882, 134
Trd, 8638163.582, 91
Trd, 8638164.832, 128
Trd, 8638165.532, 139
Trd, 8638165.982, 136
Trd, 8638166.182, 126
Trd, 8638166.932, 113
Trd, 8638168.032, 89
Trd, 8638169.182, 108
Trd, 8638169.232, 101
Trd, 8638170.032, 90
Trd, 8638170.282, 79
Trd, 8638171.532, 115
Trd, 8638173.132, 137
Trd, 8638173.882, 108
Trd, 8638175.532, 140
Trd, 8638175.932, 118
Trd, 8638176.082, 113
Trd, 8638177.882, 101
Trd, 8638178.982, 119
Trd, 8638179.182, 108
Trd, 8638180.182, 110
Trd, 8638181.182, 104
Trd, 8638182.732, 134
Trd, 8638184.382, 102
Trd, 8638184.832, 99
Trd, 8638185.132, 82
Trd, 8638185.682, 105
Trd, 8638186.232, 79
Trd, 8638187.082, 92
Trd, 8638187.732, 109
Trd, 8638187.882, 98
Trd, 8638188.532, 88
Trd, 8638188.782, 76
Trd, 8638190.182, 107
Trd, 8638190.732, 137
Trd, 8638191.582, 74
Trd, 8638191.682, 81
Trd, 8638192.782, 90
Trd, 8638193.482, 84
Trd, 8638194.132, 103
Trd, 8638195.032, 92
Trd, 8638195.682, 102
Trd, 8638196.132, 130
Trd, 8638196.532, 98
Trd, 8638198.532, 114
Trd, 8638198.982, 124
Trd, 8638199.032, 116
Trd, 8638199.232, 130
Trd, 8638199.632, 99
Trd, 8638201.382, 90
Trd, 8638202.732, 114
Trd, 8638203.032, 112
Trd, 8638203.182, 117
Trd, 8638203.382, 134
Trd, 8638204.232, 125
Trd, 8638205.032, 139
Trd, 8638205.082, 139
Trd, 8638205.382, 83
Trd, 8638207.832, 136
Trd, 8638208.632, 106
Trd, 8638208.982, 126
Trd, 8638209.782, 123
Trd, 8638210.832, 131
Trd, 8638210.932, 129
Trd, 8638211.432, 93
Trd, 8638212.082, 110
Trd, 8638213.732, 134
Trd, 8638214.132, 122
Trd, 8638214.432, 132
Trd, 8638215.582, 132
Trd, 8638217.332, 117
Trd, 8638218.282, 138
Trd, 8638218.582, 124
Trd, 8638219.582, 105
Trd, 8638221.182, 125
Trd, 8638221.832, 131
Trd, 8638221.932, 95
Trd, 8638222.732, 132
Trd, 8638223.582, 83
Trd, 8638223.682, 82
Trd, 8638226.482, 117
Trd, 8638227.182, 106
Trd, 8638228.382, 137
Trd, 8638228.482, 118
Trd, 8638230.032, 140
Trd, 8638230.732, 124
Trd, 8638231.082, 122
Trd, 8638232.182, 118
Trd, 8638232.282, 124
Trd, 8638233.432, 103
Trd, 8638233.782, 105
Trd, 8638234.832, 101
Trd, 8638234.982, 78
Trd, 8638236.082, 117
Trd, 8638236.132, 115
Trd, 8638237.532, 136
Trd, 8638237.732, 139
Trd, 8638238.082, 132
Trd, 8638239.782, 106
Trd, 8638240.632, 140
Trd, 8638241.432, 132
Trd, 8638242.032, 130
Trd, 8638242.582, 126
Trd, 8638243.532, 124
Trd, 8638243.832, 138
Trd, 8638244.132, 94
Trd, 8638245.232, 87
Trd, 8638246.882, 81
Trd, 8638248.382, 122
Trd, 8638248.732, 107
Trd, 8638249.132, 121
Trd, 8638249.382, 139
Trd, 8638250.382, 87
Trd, 8638250.932, 79
Trd, 8638251.782, 93
Trd, 8638252.432, 116
Trd, 8638253.332, 138
Trd, 8638254.232, 131
Trd, 8638256.782, 128
Trd, 8638257.182, 111
Trd, 8638259.132, 129
Trd, 8638259.232, 104
Trd, 8638259.882, 123
Trd, 8638261.682, 106
Trd, 8638262.532, 120
Trd, 8638263.682, 134
Trd, 8638264.282, 125
Trd, 8638264.382, 110
Trd, 8638264.932, 106
Trd, 8638265.932, 102
Trd, 8638266.032, 93
Trd, 8638269.332, 133
Trd, 8638269.932, 126
Trd, 8638270.532, 126
Trd, 8638270.732, 119
Trd, 8638271.232, 105
Trd, 8638271.282, 103
Trd, 8638271.482, 99
Trd, 8638272.582, 135
Trd, 8638273.782, 86
Trd, 8638274.932, 127
Trd, 8638276.282, 90
Trd, 8638276.482, 98
Trd, 8638277.382, 117
Trd, 8638277.782, 63
Trd, 8638278.832, 96
Trd, 8638279.282, 110
Trd, 8638279.582, 97
Trd, 8638279.832, 95
Trd, 8638280.282, 79
Trd, 8638280.682, 103
Trd, 8638282.782, 66
Trd, 8638283.632, 117
Trd, 8638284.132, 122
Trd, 8638284.582, 120
Trd, 8638285.332, 118
Trd, 8638286.632, 110
Trd, 8638287.082, 80
Trd, 8638287.682, 86
Trd, 8638288.832, 89
Trd, 8638289.482, 99
Trd, 8638290.782, 139
Trd, 8638290.832, 119
Trd, 8638291.782, 124
Trd, 8638292.782, 124
Trd, 8638293.132, 79
Trd, 8638293.232, 83
Trd, 8638293.832, 116
Trd, 8638294.482, 131
Trd, 8638295.382, 95
Trd, 8638296.182, 108
Trd, 8638296.682, 82
Trd, 8638296.732, 81
Trd, 8638296.882, 114
Trd, 8638298.832, 113
Trd, 8638299.682, 99
Trd, 8638300.482, 130
Trd, 8638301.082, 122
Trd, 8638303.532, 104
Trd, 8638304.282, 99
Trd, 8638304.482, 101
Trd, 8638304.632, 91
Trd, 8638304.782, 111
Trd, 8638305.682, 139
Trd, 8638306.282, 93
Trd, 8638308.282, 110
Trd, 8638309.032, 103
Trd, 8638309.232, 113
Trd, 8638311.132, 99
Trd, 8638311.782, 108
Trd, 8638312.232, 87
Trd, 8638313.282, 83
Trd, 8638313.732, 83
Trd, 8638313.832, 82
Trd, 8638315.232, 96
Trd, 8638316.082, 98
Trd, 8638316.732, 84
Trd, 8638317.682, 102
Trd, 8638318.632, 90
Trd, 8638319.032, 135
Trd, 8638319.482, 122
Trd, 8638321.032, 107
Trd, 8638321.482, 109
Trd, 8638321.532, 126
Trd, 8638322.632, 109
Trd, 8638323.032, 96
Trd, 8638323.782, 99
Trd, 8638323.882, 65
Trd, 8638324.482, 79
Trd, 8638324.832, 129
Trd, 8638326.482, 116
Trd, 8638327.032, 138
Trd, 8638327.582, 106
Trd, 8638328.532, 121
Trd, 8638328.882, 120
Trd, 8638329.182, 97
Trd, 8638329.682, 98
Trd, 8638331.032, 117
Trd, 8638331.682, 123
Trd, 8638332.232, 106
Trd, 8638332.432, 95
Trd, 8638332.682, 90
Trd, 8638333.232, 134
Trd, 8638333.532, 123
Trd, 8638333.682, 100
Trd, 8638334.932, 95
Trd, 8638336.332, 136
Trd, 8638337.382, 124
Trd, 8638338.082, 132
Trd, 8638338.332, 115
Trd, 8638338.482, 108
Trd, 8638339.932, 118
Trd, 8638340.282, 96
Trd, 8638340.582, 107
Trd, 8638341.582, 121
Trd, 8638342.932, 91
Trd, 8638343.882, 97
Trd, 8638344.932, 111
Trd, 8638345.082, 116
Trd, 8638346.582, 138
Trd, 8638347.282, 113
Trd, 8638347.582, 116
Trd, 8638348.382, 103
Trd, 8638349.232, 130
Trd, 8638349.982, 74
Trd, 8638350.782, 113
Trd, 8638351.282, 91
Trd, 8638352.832, 110
Trd, 8638353.382, 85
Trd, 8638353.582, 90
Trd, 8638355.032, 99
Trd, 8638355.082, 92
Trd, 8638355.182, 73
Trd, 8638356.782, 106
Trd, 8638357.132, 125
Trd, 8638358.132, 140
Trd, 8638358.182, 134
Trd, 8638358.932, 92
Trd, 8638360.432, 101
Trd, 8638360.632, 131
Trd, 8638361.882, 79
Trd, 8638365.032, 88
Trd, 8638365.132, 76
Trd, 8638365.932, 65
Trd, 8638366.982, 81
Trd, 8638367.082, 92
Trd, 8638367.682, 78
Trd, 8638368.832, 86
Trd, 8638369.182, 110
Trd, 8638370.582, 116
Trd, 8638371.132, 109
Trd, 8638371.832, 128
Trd, 8638372.032, 117
Trd, 8638373.282, 138
Trd, 8638374.132, 90
Trd, 8638374.332, 108
Trd, 8638375.532, 139
Trd, 8638376.332, 117
Trd, 8638376.932, 118
Trd, 8638377.332, 135
Trd, 8638377.482, 134
Trd, 8638378.132, 131
Trd, 8638378.882, 92
Trd, 8638380.732, 97
Trd, 8638380.832, 116
Trd, 8638380.882, 86
Trd, 8638381.482, 77
Trd, 8638382.132, 133
Trd, 8638383.882, 76
Trd, 8638384.182, 100
Trd, 8638384.382, 65
Trd, 8638385.282, 83
Trd, 8638386.932, 129
Trd, 8638388.082, 88
Trd, 8638389.682, 90
Trd, 8638389.832, 105
Trd, 8638389.932, 122
Trd, 8638390.332, 138
Trd, 8638391.582, 127
Trd, 8638392.632, 116
Trd, 8638392.832, 126
Trd, 8638392.932, 67
Trd, 8638393.982, 66
Trd, 8638394.332, 86
Trd, 8638394.732, 90
Trd, 8638395.232, 102
Trd, 8638396.882, 78
Trd, 8638398.082, 64
Trd, 8638399.132, 103
Trd, 8638403.282, 81
Trd, 8638404.032, 86
Trd, 8638404.282, 85
Trd, 8638404.582, 104
Trd, 8638404.882, 110
Trd, 8638405.132, 97
Trd, 8638406.482, 105
Trd, 8638407.882, 126
Trd, 8638408.382, 106
Trd, 8638409.432, 106
Trd, 8638410.432, 136
Trd, 8638410.732, 124
Trd, 8638411.332, 101
Trd, 8638411.482, 100
Trd, 8638411.982, 96
Trd, 8638412.132, 108
Trd, 8638412.982, 111
Trd, 8638414.782, 109
Trd, 8638415.232, 103
Trd, 8638417.882, 139
Trd, 8638418.682, 117
Trd, 8638420.832, 132
Trd, 8638421.782, 134
Trd, 8638422.882, 120
Trd, 8638422.932, 103
Trd, 8638423.832, 102
Trd, 8638424.632, 126
Trd, 8638425.032, 71
Trd, 8638426.982, 124
Trd, 8638427.832, 126
Trd, 8638428.782, 126
Trd, 8638429.432, 62
Trd, 8638430.532, 112
Trd, 8638431.332, 124
Trd, 8638431.632, 109
Trd, 8638431.682, 94
Trd, 8638432.632, 102
Trd, 8638433.282, 118
Trd, 8638435.182, 110
Trd, 8638435.682, 93
Trd, 8638436.332, 92
Trd, 8638438.182, 128
Trd, 8638438.982, 121
Trd, 8638440.832, 138
Trd, 8638441.532, 123
Trd, 8638442.782, 120
Trd, 8638443.232, 137
Trd, 8638443.932, 133
Trd, 8638444.582, 76
Trd, 8638445.182, 83
Trd, 8638445.782, 107
Trd, 8638446.232, 77
Trd, 8638447.182, 75
Trd, 8638447.382, 115
Trd, 8638448.232, 82
Trd, 8638448.632, 63
Trd, 8638449.082, 62
Trd, 8638450.382, 129
Trd, 8638450.632, 114
Trd, 8638452.232, 98
Trd, 8638452.582, 89
Trd, 8638453.182, 108
Trd, 8638453.582, 128
Trd, 8638453.882, 120
Trd, 8638454.532, 126
Trd, 8638455.532, 109
Trd, 8638455.682, 83
Trd, 8638456.832, 103
Trd, 8638457.032, 100
Trd, 8638458.832, 101
Trd, 8638458.932, 96
Trd, 8638459.932, 95
Trd, 8638460.632, 123
Trd, 8638462.432, 119
Trd, 8638463.332, 100
Trd, 8638464.232, 102
Trd, 8638464.482, 100
Trd, 8638465.732, 112
Trd, 8638466.932, 110
Trd, 8638467.932, 116
Trd, 8638468.182, 99
Trd, 8638469.282, 122
Trd, 8638469.632, 129
Trd, 8638470.132, 135
Trd, 8638470.282, 104
Trd, 8638471.132, 110
Trd, 8638471.832, 99
Trd, 8638474.232, 113
Trd, 8638476.732, 119
Trd, 8638476.932, 122
Trd, 8638477.832, 105
Trd, 8638479.132, 134
Trd, 8638480.332, 136
Trd, 8638480.882, 115
Trd, 8638481.382, 127
Trd, 8638481.532, 100
Trd, 8638483.082, 89
Trd, 8638484.732, 126
Trd, 8638484.932, 119
Trd, 8638485.232, 118
Trd, 8638485.882, 117
Trd, 8638486.032, 109
Trd, 8638487.882, 125
Trd, 8638488.432, 135
Trd, 8638488.882, 94
Trd, 8638489.582, 84
Trd, 8638491.682, 108
Trd, 8638491.982, 125
Trd, 8638493.482, 108
Trd, 8638493.832, 135
Trd, 8638494.332, 107
Trd, 8638494.432, 105
Trd, 8638494.482, 114
Trd, 8638495.582, 76
Trd, 8638495.782, 122
Trd, 8638496.732, 124
Trd, 8638497.632, 113
Trd, 8638497.782, 108
Trd, 8638498.232, 90
Trd, 8638498.582, 134
Trd, 8638500.782, 84
Trd, 8638501.532, 107
Trd, 8638502.632, 92
Trd, 8638503.782, 117
Trd, 8638505.282, 119
Trd, 8638505.532, 110
Trd, 8638505.732, 115
Trd, 8638505.982, 105
Trd, 8638506.382, 109
Trd, 8638507.232, 99
Trd, 8638508.132, 127
Trd, 8638510.432, 138
Trd, 8638511.132, 123
Trd, 8638511.432, 102
Trd, 8638511.482, 100
Trd, 8638512.432, 122
Trd, 8638513.732, 137
Trd, 8638514.332, 122
Trd, 8638514.532, 118
Trd, 8638515.432, 126
Trd, 8638516.382, 131
Trd, 8638518.032, 106
Trd, 8638518.182, 98
Trd, 8638518.732, 134
Trd, 8638520.182, 137
Trd, 8638521.182, 113
Trd, 8638521.382, 89
Trd, 8638522.132, 93
Trd, 8638522.782, 100
Trd, 8638524.432, 112
Trd, 8638524.932, 96
Trd, 8638525.232, 95
Trd, 8638525.732, 122
Trd, 8638527.682, 89
Trd, 8638527.932, 110
Trd, 8638528.582, 120
Trd, 8638529.082, 124
Trd, 8638529.782, 72
Trd, 8638530.732, 126
Trd, 8638531.532, 106
Trd, 8638532.132, 123
Trd, 8638533.632, 106
Trd, 8638534.082, 93
Trd, 8638536.782, 125
Trd, 8638536.932, 99
Trd, 8638538.282, 132
Trd, 8638538.632, 120
Trd, 8638539.282, 123
Trd, 8638541.382, 126
Trd, 8638541.532, 120
Trd, 8638541.682, 110
Trd, 8638542.882, 127
Trd, 8638543.832, 121
Trd, 8638545.032, 114
Trd, 8638545.582, 108
Trd, 8638546.682, 95
Trd, 8638547.732, 117
Trd, 8638548.432, 139
Trd, 8638548.832, 133
Trd, 8638550.682, 102
Trd, 8638550.932, 125
Trd, 8638551.332, 99
Trd, 8638551.532, 85
Trd, 8638553.832, 132
Trd, 8638553.982, 120
Trd, 8638554.332, 93
Trd, 8638555.282, 112
Trd, 8638555.632, 110
Trd, 8638557.132, 123
Trd, 8638558.482, 139
Trd, 8638561.732, 131
Trd, 8638561.782, 114
Trd, 8638562.332, 117
Trd, 8638563.032, 102
Trd, 8638563.382, 83
Trd, 8638564.032, 85
Trd, 8638565.632, 131
Trd, 8638567.532, 129
Trd, 8638568.382, 137
Trd, 8638568.532, 112
Trd, 8638570.182, 95
Trd, 8638572.432, 111
Trd, 8638572.532, 125
Trd, 8638572.632, 79
Trd, 8638573.132, 134
Trd, 8638573.332, 115
Trd, 8638573.882, 71
Trd, 8638574.382, 112
Trd, 8638574.782, 133
Trd, 8638575.582, 127
Trd, 8638576.132, 108
Trd, 8638577.282, 128
Trd, 8638577.732, 62
Trd, 8638578.982, 128
Trd, 8638579.632, 128
Trd, 8638580.982, 128
Trd, 8638581.332, 112
Trd, 8638581.532, 73
Trd, 8638583.382, 121
Trd, 8638583.832, 107
Trd, 8638585.282, 69
Trd, 8638585.582, 67
Trd, 8638586.382, 63
Trd, 8638586.582, 100
Trd, 8638588.482, 60
Trd, 8638589.382, 85
Trd, 8638591.082, 136
Trd, 8638591.982, 96
Trd, 8638592.032, 101
Trd, 8638592.532, 67
Trd, 8638592.582, 79
Trd, 8638593.082, 104
Trd, 8638594.282, 87
Trd, 8638596.182, 121
Trd, 8638596.432, 116
Trd, 8638596.782, 135
Trd, 8638597.782, 140
Trd, 8638598.232, 115
Trd, 8638598.932, 118
Trd, 8638600.132, 124
Trd, 8638600.532, 93
Trd, 8638601.232, 83
Trd, 8638601.282, 110
Trd, 8638602.032, 82
Trd, 8638602.282, 73
Trd, 8638603.232, 90
Trd, 8638603.532, 97
Trd, 8638604.682, 109
Trd, 8638604.982, 137
Trd, 8638605.232, 103
Trd, 8638607.032, 80
Trd, 8638607.632, 115
Trd, 8638608.082, 133
Trd, 8638609.582, 111
Trd, 8638610.132, 83
Trd, 8638612.782, 80
Trd, 8638613.132, 68
Trd, 8638613.632, 77
Trd, 8638614.682, 91
Trd, 8638615.682, 115
Trd, 8638616.482, 123
Trd, 8638616.982, 90
Trd, 8638617.082, 88
Trd, 8638617.182, 97
Trd, 8638617.632, 136
Trd, 8638618.382, 94
Trd, 8638619.782, 122
Trd, 8638620.482, 83
Trd, 8638620.682, 118
Trd, 8638620.882, 86
Trd, 8638621.032, 101
Trd, 8638622.882, 126
Trd, 8638624.682, 126
Trd, 8638624.982, 129
Trd, 8638625.082, 78
Trd, 8638626.832, 114
Trd, 8638627.032, 109
Trd, 8638627.282, 97
Trd, 8638629.132, 120
Trd, 8638629.482, 136
Trd, 8638631.032, 140
Trd, 8638631.132, 133
Trd, 8638631.482, 123
Trd, 8638632.282, 119
Trd, 8638632.382, 113
Trd, 8638632.882, 113
Trd, 8638634.032, 119
Trd, 8638634.632, 116
Trd, 8638637.182, 135
Trd, 8638637.382, 131
Trd, 8638637.982, 121
Trd, 8638638.482, 115
Trd, 8638639.332, 128
Trd, 8638640.232, 101
Trd, 8638640.632, 127
Trd, 8638640.682, 99
Trd, 8638641.982, 101
Trd, 8638642.682, 103
Trd, 8638642.882, 94
Trd, 8638643.032, 106
Trd, 8638643.782, 88
Trd, 8638645.282, 126
Trd, 8638645.982, 132
Trd, 8638646.332, 112
Trd, 8638647.282, 115
Trd, 8638647.982, 105
Trd, 8638648.282, 85
Trd, 8638648.332, 81
Trd, 8638648.832, 114
Trd, 8638651.682, 138
Trd, 8638652.082, 108
Trd, 8638652.582, 138
Trd, 8638652.782, 131
Trd, 8638653.832, 112
Trd, 8638654.182, 138
Trd, 8638654.782, 82
Trd, 8638656.032, 90
Trd, 8638656.082, 92
Trd, 8638656.982, 97
Trd, 8638658.732, 131
Trd, 8638659.732, 113
Trd, 8638660.432, 107
Trd, 8638662.582, 123
Trd, 8638663.332, 122
Trd, 8638665.032, 133
Trd, 8638665.432, 114
Trd, 8638665.682, 93
Trd, 8638666.232, 130
Trd, 8638666.882, 100
Trd, 8638667.482, 76
Trd, 8638668.132, 75
Trd, 8638669.182, 137
Trd, 8638670.532, 101
Trd, 8638672.282, 133
Trd, 8638672.532, 129
Trd, 8638672.832, 120
Trd, 8638674.382, 120
Trd, 8638674.482, 108
Trd, 8638674.582, 108
Trd, 8638675.782, 129
Trd, 8638675.882, 127
Trd, 8638678.332, 111
Trd, 8638679.282, 134
Trd, 8638680.032, 105
Trd, 8638680.232, 130
Trd, 8638682.232, 121
Trd, 8638683.132, 129
Trd, 8638683.232, 119
Trd, 8638684.382, 105
Trd, 8638684.982, 133
Trd, 8638685.432, 98
Trd, 8638685.982, 105
Trd, 8638686.282, 82
Trd, 8638686.432, 119
Trd, 8638686.632, 77
Trd, 8638687.482, 121
Trd, 8638689.982, 121
Trd, 8638690.682, 94
Trd, 8638690.982, 93
Trd, 8638692.382, 137
Trd, 8638693.032, 103
Trd, 8638693.532, 100
Trd, 8638695.332, 122
Trd, 8638695.632, 113
Trd, 8638695.682, 129
Trd, 8638696.382, 102
Trd, 8638696.882, 109
Trd, 8638697.832, 133
Trd, 8638699.232, 126
Trd, 8638699.482, 115
Trd, 8638701.532, 114
Trd, 8638702.732, 116
Trd, 8638703.132, 134
Trd, 8638704.082, 134
Trd, 8638704.682, 116
Trd, 8638705.932, 129
Trd, 8638706.132, 128
Trd, 8638706.932, 107
Trd, 8638708.532, 123
Trd, 8638708.682, 114
Trd, 8638709.532, 115
Trd, 8638709.632, 108
Trd, 8638711.182, 95
Trd, 8638712.532, 109
Trd, 8638713.132, 93
Trd, 8638713.982, 119
Trd, 8638715.082, 104
Trd, 8638715.882, 131
Trd, 8638716.132, 127
Trd, 8638717.532, 121
Trd, 8638719.332, 131
Trd, 8638720.032, 127
Trd, 8638721.482, 117
Trd, 8638721.632, 114
Trd, 8638721.982, 104
Trd, 8638722.582, 88
Trd, 8638722.832, 82
Trd, 8638723.282, 96
Trd, 8638723.732, 86
Trd, 8638724.182, 93
Trd, 8638725.532, 123
Trd, 8638726.582, 130
Trd, 8638726.732, 116
Trd, 8638727.682, 134
Trd, 8638727.832, 115
Trd, 8638728.082, 93
Trd, 8638728.632, 128
Trd, 8638728.732, 120
Trd, 8638728.782, 119
Trd, 8638730.432, 132
Trd, 8638731.582, 139
Trd, 8638731.882, 131
Trd, 8638732.782, 135
Trd, 8638735.382, 122
Trd, 8638735.482, 109
Trd, 8638736.832, 132
Trd, 8638737.232, 123
Trd, 8638737.282, 102
Trd, 8638738.832, 132
Trd, 8638739.332, 119
Trd, 8638740.532, 126
Trd, 8638740.682, 127
Trd, 8638741.832, 118
Trd, 8638742.432, 118
Trd, 8638742.732, 99
Trd, 8638743.032, 96
Trd, 8638744.432, 68
Trd, 8638747.032, 135
Trd, 8638747.282, 120
Trd, 8638747.432, 113
Trd, 8638747.982, 127
Trd, 8638748.282, 122
Trd, 8638749.582, 114
Trd, 8638749.732, 114
Trd, 8638750.532, 126
Trd, 8638750.582, 122
Trd, 8638751.082, 104
Trd, 8638752.282, 107
Trd, 8638753.332, 131
Trd, 8638753.582, 102
Trd, 8638755.382, 91
Trd, 8638755.882, 135
Trd, 8638756.482, 123
Trd, 8638757.182, 118
Trd, 8638758.532, 119
Trd, 8638758.832, 108
Trd, 8638759.432, 118
Trd, 8638759.782, 105
Trd, 8638761.082, 137
Trd, 8638762.132, 119
Trd, 8638762.282, 96
Trd, 8638763.882, 137
Trd, 8638764.282, 132
Trd, 8638764.832, 109
Trd, 8638765.732, 116
Trd, 8638765.832, 122
Trd, 8638766.732, 90
Trd, 8638768.032, 123
Trd, 8638769.582, 114
Trd, 8638770.132, 112
Trd, 8638771.182, 137
Trd, 8638771.282, 94
Trd, 8638771.482, 75
Trd, 8638771.582, 89
Trd, 8638772.332, 108
Trd, 8638773.282, 140
Trd, 8638774.432, 101
Trd, 8638776.232, 96
Trd, 8638776.732, 104
Trd, 8638779.032, 113
Trd, 8638779.082, 107
Trd, 8638779.782, 94
Trd, 8638779.832, 93
Trd, 8638780.532, 121
Trd, 8638781.182, 105
Trd, 8638782.132, 113
Trd, 8638783.182, 108
Trd, 8638783.782, 133
Trd, 8638784.332, 120
Trd, 8638785.382, 102
Trd, 8638786.482, 100
Trd, 8638786.832, 91
Trd, 8638787.882, 136
Trd, 8638788.932, 131
Trd, 8638789.332, 109
Trd, 8638789.632, 137
Trd, 8638790.832, 104
Trd, 8638790.882, 89
Trd, 8638792.282, 132
Trd, 8638792.982, 115
Trd, 8638793.532, 119
Trd, 8638794.432, 139
Trd, 8638794.932, 122
Trd, 8638795.982, 126
Trd, 8638796.682, 101
Trd, 8638797.082, 100
Trd, 8638798.232, 133
Trd, 8638799.182, 124
Trd, 8638799.732, 120
Trd, 8638800.132, 128
Trd, 8638801.332, 140
Trd, 8638802.582, 122
Trd, 8638803.582, 123
Trd, 8638803.982, 89
Trd, 8638806.232, 114
Trd, 8638807.932, 111
Trd, 8638809.282, 127
Trd, 8638810.432, 132
Trd, 8638811.282, 126
Trd, 8638812.382, 111
Trd, 8638812.732, 66
Trd, 8638813.382, 95
Trd, 8638814.282, 116
Trd, 8638814.432, 87
Trd, 8638818.432, 126
Trd, 8638818.632, 110
Trd, 8638819.432, 115
Trd, 8638819.632, 117
Trd, 8638820.032, 85
Trd, 8638820.232, 81
Trd, 8638820.732, 120
Trd, 8638820.982, 96
Trd, 8638821.882, 103
Trd, 8638822.132, 85
Trd, 8638823.482, 120
Trd, 8638824.382, 96
Trd, 8638824.432, 95
Trd, 8638824.682, 129
Trd, 8638825.432, 93
Trd, 8638826.932, 97
Trd, 8638827.282, 127
Trd, 8638827.782, 122
Trd, 8638828.482, 87
Trd, 8638828.882, 72
Trd, 8638829.032, 92
Trd, 8638829.532, 88
Trd, 8638831.132, 64
Trd, 8638831.582, 79
Trd, 8638832.382, 70
Trd, 8638833.032, 72
Trd, 8638834.082, 94
Trd, 8638835.232, 76
Trd, 8638837.032, 101
Trd, 8638838.282, 111
Trd, 8638838.632, 127
Trd, 8638839.882, 122
Trd, 8638840.132, 122
Trd, 8638841.132, 121
Trd, 8638841.232, 115
Trd, 8638841.332, 107
Trd, 8638841.682, 90
Trd, 8638843.532, 128
Trd, 8638844.282, 127
Trd, 8638844.532, 136
Trd, 8638844.582, 124
Trd, 8638845.532, 107
Trd, 8638846.232, 136
Trd, 8638847.282, 114
Trd, 8638848.032, 130
Trd, 8638849.632, 138
Trd, 8638849.732, 110
Trd, 8638850.882, 127
Trd, 8638851.282, 101
Trd, 8638851.382, 92
Trd, 8638853.282, 127
Trd, 8638853.932, 134
Trd, 8638854.632, 117
Trd, 8638855.132, 110
Trd, 8638856.882, 124
Trd, 8638857.932, 135
Trd, 8638858.982, 131
Trd, 8638859.082, 121
Trd, 8638859.332, 127
Trd, 8638860.482, 72
Trd, 8638861.582, 109
Trd, 8638862.032, 102
Trd, 8638863.332, 127
Trd, 8638863.432, 114
Trd, 8638865.182, 139
Trd, 8638865.382, 123
Trd, 8638866.882, 126
Trd, 8638867.082, 130
Trd, 8638867.332, 113
Trd, 8638868.682, 129
Trd, 8638869.232, 119
Trd, 8638869.282, 84
Trd, 8638869.782, 119
Trd, 8638870.532, 107
Trd, 8638872.482, 126
Trd, 8638873.232, 114
Trd, 8638873.582, 125
Trd, 8638876.282, 136
Trd, 8638876.482, 112
Trd, 8638876.832, 122
Trd, 8638876.932, 112
Trd, 8638877.082, 99
Trd, 8638877.182, 73
Trd, 8638878.982, 126
Trd, 8638879.932, 139
Trd, 8638880.132, 134
Trd, 8638881.182, 85
Trd, 8638882.932, 88
Trd, 8638883.082, 76
Trd, 8638883.582, 131
Trd, 8638884.332, 72
Trd, 8638884.732, 99
Trd, 8638887.132, 117
Trd, 8638887.432, 140
Trd, 8638888.382, 122
Trd, 8638889.032, 108
Trd, 8638889.282, 129
Trd, 8638890.632, 95
Trd, 8638890.832, 89
Trd, 8638891.682, 90
Trd, 8638891.882, 83
Trd, 8638893.482, 69
Trd, 8638893.832, 126
Trd, 8638895.182, 140
Trd, 8638896.182, 128
Trd, 8638896.682, 125
Trd, 8638897.432, 85
Trd, 8638897.732, 81
Trd, 8638898.332, 135
Trd, 8638898.782, 113
Trd, 8638899.482, 87
Trd, 8638899.682, 138
Trd, 8638900.532, 85
Trd, 8638900.982, 84
Trd, 8638902.332, 105
Trd, 8638903.532, 135
Trd, 8638903.932, 139
Trd, 8638904.032, 130
Trd, 8638905.232, 118
Trd, 8638905.782, 114
Trd, 8638905.982, 109
Trd, 8638907.432, 85
Trd, 8638907.782, 107
Trd, 8638908.032, 97
Trd, 8638909.132, 109
Trd, 8638909.382, 103
Trd, 8638909.632, 108
Trd, 8638910.982, 112
Trd, 8638912.082, 112
Trd, 8638913.832, 75
Trd, 8638914.282, 86
Trd, 8638914.632, 115
Trd, 8638916.032, 85
Trd, 8638916.432, 82
Trd, 8638917.432, 96
Trd, 8638919.782, 101
Trd, 8638920.182, 111
Trd, 8638920.732, 118
Trd, 8638920.782, 117
Trd, 8638921.282, 93
Trd, 8638921.532, 136
Trd, 8638923.932, 129
Trd, 8638924.532, 112
Trd, 8638924.832, 118
Trd, 8638925.532, 130
Trd, 8638925.782, 138
Trd, 8638925.832, 123
Trd, 8638928.632, 107
Trd, 8638930.282, 114
Trd, 8638930.332, 113
Trd, 8638931.182, 136
Trd, 8638931.682, 100
Trd, 8638932.532, 120
Trd, 8638932.932, 135
Trd, 8638934.482, 74
Trd, 8638934.682, 91
Trd, 8638934.982, 91
Trd, 8638935.682, 102
Trd, 8638935.982, 61
Trd, 8638936.632, 82
Trd, 8638938.332, 94
Trd, 8638938.682, 98
Trd, 8638940.632, 107
Trd, 8638941.032, 120
Trd, 8638941.132, 140
Trd, 8638944.632, 111
Trd, 8638945.132, 101
Trd, 8638945.982, 138
Trd, 8638946.282, 129
Trd, 8638946.682, 112
Trd, 8638948.332, 128
Trd, 8638948.732, 138
Trd, 8638949.032, 109
Trd, 8638951.382, 129
Trd, 8638951.532, 97
Trd, 8638952.382, 116
Trd, 8638952.932, 72
Trd, 8638954.782, 127
Trd, 8638954.832, 119
Trd, 8638956.032, 111
Trd, 8638956.082, 132
Trd, 8638956.582, 120
Trd, 8638957.982, 128
Trd, 8638958.932, 110
Trd, 8638958.982, 95
Trd, 8638959.232, 112
Trd, 8638959.282, 115
Trd, 8638960.432, 101
Trd, 8638961.332, 138
Trd, 8638961.432, 118
Trd, 8638963.682, 127
Trd, 8638963.882, 123
Trd, 8638965.682, 138
Trd, 8638966.132, 129
Trd, 8638966.232, 93
Trd, 8638966.582, 132
Trd, 8638967.782, 138
Trd, 8638969.032, 137
Trd, 8638969.932, 132
Trd, 8638970.382, 115
Trd, 8638970.532, 97
Trd, 8638971.882, 129
Trd, 8638972.732, 87
Trd, 8638972.932, 90
Trd, 8638973.982, 106
Trd, 8638974.182, 108
Trd, 8638976.032, 130
Trd, 8638976.482, 127
Trd, 8638977.132, 137
Trd, 8638977.582, 122
Trd, 8638978.482, 72
Trd, 8638978.882, 83
Trd, 8638980.682, 117
Trd, 8638980.782, 126
Trd, 8638981.632, 100
Trd, 8638982.232, 104
Trd, 8638983.232, 137
Trd, 8638983.482, 131
Trd, 8638984.232, 82
Trd, 8638985.532, 87
Trd, 8638989.482, 103
Trd, 8638989.582, 102
Trd, 8638989.932, 137
Trd, 8638990.882, 123
Trd, 8638991.732, 87
Trd, 8638991.932, 126
Trd, 8638992.682, 117
Trd, 8638993.332, 114
Trd, 8638993.482, 97
Trd, 8638993.582, 102
Trd, 8638994.432, 89
Trd, 8638995.932, 92
Trd, 8638997.082, 91
Trd, 8638997.482, 126
Trd, 8638997.832, 108
Trd, 8638998.332, 120
Trd, 8638998.482, 108
Trd, 8639000.132, 94
Trd, 8639000.332, 89
Trd, 8639001.132, 126
Trd, 8639001.232, 126
Trd, 8639002.482, 130
Trd, 8639003.182, 124
Trd, 8639004.582, 120
Trd, 8639005.082, 101
Trd, 8639006.082, 68
Trd, 8639006.332, 99
Trd, 8639006.582, 120
Trd, 8639008.182, 109
Trd, 8639008.932, 122
Trd, 8639009.332, 114
Trd, 8639009.882, 117
Trd, 8639010.882, 98
Trd, 8639010.932, 94
Trd, 8639011.182, 134
Trd, 8639012.882, 136
Trd, 8639013.032, 129
Trd, 8639013.882, 105
Trd, 8639014.032, 117
Trd, 8639014.982, 137
Trd, 8639018.782, 118
Trd, 8639019.182, 138
Trd, 8639019.232, 135
Trd, 8639019.532, 128
Trd, 8639020.182, 112
Trd, 8639020.532, 118
Trd, 8639020.832, 106
Trd, 8639023.682, 125
Trd, 8639024.832, 123
Trd, 8639025.682, 119
Trd, 8639026.282, 138
Trd, 8639026.532, 88
Trd, 8639026.982, 76
Trd, 8639027.982, 87
Trd, 8639028.932, 125
Trd, 8639029.532, 113
Trd, 8639030.482, 133
Trd, 8639030.632, 91
Trd, 8639031.982, 93
Trd, 8639033.282, 121
Trd, 8639033.582, 88
Trd, 8639033.732, 82
Trd, 8639034.182, 136
Trd, 8639034.432, 106
Trd, 8639035.232, 112
Trd, 8639036.132, 94
Trd, 8639036.182, 81
Trd, 8639036.632, 76
Trd, 8639037.282, 92
Trd, 8639037.732, 75
Trd, 8639039.682, 113
Trd, 8639041.032, 128
Trd, 8639041.832, 95
Trd, 8639042.882, 114
Trd, 8639044.182, 134
Trd, 8639045.182, 114
Trd, 8639045.732, 101
Trd, 8639046.182, 120
Trd, 8639046.682, 112
Trd, 8639046.982, 82
Trd, 8639048.432, 107
Trd, 8639048.982, 67
Trd, 8639050.282, 73
Trd, 8639051.182, 72
Trd, 8639051.232, 82
Trd, 8639051.782, 108
Trd, 8639053.282, 116
Trd, 8639053.482, 133
Trd, 8639053.882, 115
Trd, 8639054.282, 97
Trd, 8639055.182, 107
Trd, 8639056.182, 138
Trd, 8639056.682, 78
Trd, 8639056.932, 137
Trd, 8639057.282, 125
Trd, 8639059.182, 106
Trd, 8639059.432, 105
Trd, 8639059.682, 84
Trd, 8639060.432, 67
Trd, 8639061.482, 60
Trd, 8639061.682, 98
Trd, 8639062.182, 134
Trd, 8639063.632, 82
Trd, 8639064.982, 119
Trd, 8639065.282, 99
Trd, 8639065.482, 117
Trd, 8639067.532, 138
Trd, 8639068.782, 116
Trd, 8639069.382, 114
Trd, 8639069.632, 109
Trd, 8639069.932, 120
Trd, 8639070.132, 96
Trd, 8639070.682, 113
Trd, 8639072.332, 107
Trd, 8639072.732, 95
Trd, 8639074.732, 100
Trd, 8639075.332, 85
Trd, 8639075.782, 126
Trd, 8639076.082, 113
Trd, 8639076.382, 135
Trd, 8639077.332, 99
Trd, 8639077.382, 78
Trd, 8639077.882, 111
Trd, 8639078.132, 74
Trd, 8639079.432, 105
Trd, 8639081.082, 121
Trd, 8639081.232, 108
Trd, 8639082.082, 112
Trd, 8639082.482, 122
Trd, 8639083.232, 112
Trd, 8639084.232, 127
Trd, 8639084.682, 111
Trd, 8639085.482, 106
Trd, 8639085.732, 110
Trd, 8639087.282, 132
Trd, 8639087.632, 106
Trd, 8639087.732, 136
Trd, 8639088.182, 95
Trd, 8639088.682, 103
Trd, 8639089.832, 83
Trd, 8639089.982, 76
Trd, 8639090.382, 130
Trd, 8639091.232, 72
Trd, 8639091.682, 94
Trd, 8639092.732, 89
Trd, 8639093.582, 131
Trd, 8639095.032, 111
Trd, 8639095.682, 60
Trd, 8639096.032, 60
Trd, 8639096.732, 118
Trd, 8639097.182, 106
Trd, 8639099.182, 64
Trd, 8639099.432, 104
Trd, 8639099.632, 79
Trd, 8639100.382, 105
Trd, 8639100.632, 129
Trd, 8639100.732, 65
Trd, 8639103.282, 101
Trd, 8639103.382, 106
Trd, 8639103.832, 76
Trd, 8639105.782, 127
Trd, 8639106.182, 140
Trd, 8639107.332, 119
Trd, 8639107.382, 106
Trd, 8639109.432, 105
Trd, 8639110.832, 96
Trd, 8639111.582, 124
Trd, 8639112.332, 99
Trd, 8639113.182, 119
Trd, 8639113.432, 94
Trd, 8639114.982, 108
Trd, 8639116.082, 130
Trd, 8639116.332, 123
Trd, 8639116.782, 101
Trd, 8639117.632, 117
Trd, 8639119.532, 108
Trd, 8639120.732, 111
Trd, 8639121.132, 100
Trd, 8639122.082, 127
Trd, 8639122.482, 112
Trd, 8639122.932, 98
Trd, 8639123.482, 121
Trd, 8639123.882, 112
Trd, 8639124.132, 76
Trd, 8639126.182, 130
Trd, 8639127.582, 97
Trd, 8639128.032, 110
Trd, 8639128.432, 88
Trd, 8639128.782, 111
Trd, 8639129.182, 85
Trd, 8639130.382, 132
Trd, 8639131.382, 138
Trd, 8639132.582, 116
Trd, 8639134.032, 115
Trd, 8639134.432, 91
Trd, 8639135.382, 122
Trd, 8639136.682, 138
Trd, 8639139.232, 126
Trd, 8639139.782, 129
Trd, 8639140.532, 129
Trd, 8639141.032, 139
Trd, 8639144.332, 136
Trd, 8639144.532, 106
Trd, 8639145.382, 118
Trd, 8639146.732, 122
Trd, 8639147.632, 120
Trd, 8639147.782, 88
Trd, 8639147.932, 96
Trd, 8639148.982, 127
Trd, 8639150.132, 126
Trd, 8639150.382, 95
Trd, 8639150.432, 93
Trd, 8639151.532, 64
Trd, 8639152.782, 101
Trd, 8639153.682, 137
Trd, 8639153.882, 84
Trd, 8639156.132, 62
Trd, 8639156.232, 62
Trd, 8639156.482, 117
Trd, 8639156.582, 127
Trd, 8639157.932, 131
Trd, 8639158.432, 121
Trd, 8639159.482, 115
Trd, 8639159.832, 131
Trd, 8639159.882, 104
Trd, 8639161.132, 128
Trd, 8639161.882, 130
Trd, 8639163.432, 129
Trd, 8639163.482, 126
Trd, 8639163.532, 119
Trd, 8639166.032, 103
Trd, 8639167.332, 140
Trd, 8639167.382, 124
Trd, 8639167.882, 104
Trd, 8639167.932, 85
Trd, 8639168.032, 140
Trd, 8639169.832, 127
Trd, 8639171.332, 131
Trd, 8639171.432, 113
Trd, 8639172.482, 113
Trd, 8639173.182, 139
Trd, 8639174.582, 107
Trd, 8639175.182, 105
Trd, 8639175.832, 121
Trd, 8639177.282, 121
Trd, 8639177.482, 128
Trd, 8639177.982, 98
Trd, 8639178.532, 97
Trd, 8639179.182, 121
Trd, 8639179.632, 124
Trd, 8639179.732, 119
Trd, 8639181.882, 113
Trd, 8639183.282, 130
Trd, 8639183.382, 113
Trd, 8639183.982, 104
Trd, 8639185.082, 133
Trd, 8639185.832, 134
Trd, 8639186.032, 115
Trd, 8639186.082, 98
Trd, 8639187.082, 97
Trd, 8639190.132, 137
Trd, 8639190.232, 105
Trd, 8639191.932, 131
Trd, 8639192.582, 119
Trd, 8639192.932, 117
Trd, 8639193.332, 70
Trd, 8639193.632, 106
Trd, 8639197.132, 82
Trd, 8639197.382, 87
Trd, 8639197.982, 83
Trd, 8639198.482, 99
Trd, 8639198.632, 125
Trd, 8639199.082, 81
Trd, 8639199.482, 108
Trd, 8639199.732, 86
Trd, 8639200.332, 76
Trd, 8639202.182, 106
Trd, 8639202.982, 101
Trd, 8639203.632, 69
Trd, 8639204.032, 119
Trd, 8639205.682, 111
Trd, 8639206.032, 67
Trd, 8639207.482, 111
Trd, 8639207.932, 95
Trd, 8639208.832, 129
Trd, 8639210.132, 107
Trd, 8639210.232, 103
Trd, 8639211.732, 134
Trd, 8639212.432, 130
Trd, 8639212.832, 94
Trd, 8639213.132, 97
Trd, 8639214.182, 118
Trd, 8639214.682, 114
Trd, 8639216.232, 93
Trd, 8639216.532, 82
Trd, 8639218.382, 135
Trd, 8639218.482, 131
Trd, 8639219.832, 125
Trd, 8639220.132, 81
Trd, 8639220.532, 94
Trd, 8639220.932, 77
Trd, 8639221.832, 93
Trd, 8639222.682, 79
Trd, 8639223.932, 97
Trd, 8639225.182, 86
Trd, 8639225.582, 135
Trd, 8639226.332, 126
Trd, 8639226.932, 106
Trd, 8639228.532, 133
Trd, 8639228.682, 108
Trd, 8639230.332, 132
Trd, 8639230.882, 126
Trd, 8639232.132, 134
Trd, 8639233.332, 131
Trd, 8639233.982, 126
Trd, 8639234.332, 101
Trd, 8639234.982, 118
Trd, 8639237.382, 139
Trd, 8639238.782, 135
Trd, 8639238.882, 108
Trd, 8639239.132, 136
Trd, 8639239.882, 108
Trd, 8639240.382, 88
Trd, 8639240.732, 131
Trd, 8639241.932, 109
Trd, 8639243.982, 137
Trd, 8639244.582, 137
Trd, 8639246.132, 100
Trd, 8639247.282, 114
Trd, 8639247.482, 85
Trd, 8639247.882, 128
Trd, 8639248.682, 101
Trd, 8639248.832, 101
Trd, 8639249.732, 96
Trd, 8639250.432, 111
Trd, 8639251.782, 114
Trd, 8639252.132, 93
Trd, 8639253.082, 111
Trd, 8639254.332, 107
Trd, 8639256.082, 132
Trd, 8639256.532, 113
Trd, 8639257.532, 98
Trd, 8639258.532, 139
Trd, 8639259.382, 138
Trd, 8639260.482, 126
Trd, 8639260.682, 109
Trd, 8639262.532, 128
Trd, 8639262.682, 127
Trd, 8639263.882, 113
Trd, 8639264.082, 111
Trd, 8639264.332, 103
Trd, 8639265.332, 130
Trd, 8639266.582, 79
Trd, 8639267.232, 139
Trd, 8639267.382, 128
Trd, 8639267.632, 115
Trd, 8639268.332, 102
Trd, 8639269.182, 130
Trd, 8639269.982, 138
Trd, 8639271.332, 106
Trd, 8639271.532, 102
Trd, 8639272.282, 92
Trd, 8639274.132, 127
Trd, 8639274.932, 120
Trd, 8639275.432, 111
Trd, 8639275.532, 103
Trd, 8639276.582, 79
Trd, 8639276.682, 64
Trd, 8639276.882, 68
Trd, 8639277.332, 114
Trd, 8639277.632, 89
Trd, 8639278.132, 105
Trd, 8639279.882, 109
Trd, 8639280.482, 99
Trd, 8639281.232, 135
Trd, 8639283.182, 121
Trd, 8639283.782, 106
Trd, 8639285.682, 109
Trd, 8639285.782, 102
Trd, 8639286.432, 114
Trd, 8639286.732, 101
Trd, 8639288.732, 119
Trd, 8639289.132, 116
Trd, 8639290.282, 96
Trd, 8639290.482, 115
Trd, 8639292.032, 128
Trd, 8639292.432, 115
Trd, 8639294.432, 96
Trd, 8639296.932, 95
Trd, 8639297.082, 96
Trd, 8639297.682, 120
Trd, 8639298.082, 119
Trd, 8639298.332, 113
Trd, 8639299.382, 102
Trd, 8639299.582, 82
Trd, 8639301.082, 122
Trd, 8639301.732, 100
Trd, 8639303.882, 123
Trd, 8639303.982, 109
Trd, 8639304.282, 119
Trd, 8639304.682, 96
Trd, 8639304.932, 81
Trd, 8639306.382, 87
Trd, 8639306.532, 84
Trd, 8639308.332, 106
Trd, 8639309.732, 116
Trd, 8639309.982, 124
Trd, 8639310.382, 113
Trd, 8639311.082, 117
Trd, 8639311.782, 114
Trd, 8639312.532, 100
Trd, 8639313.482, 115
Trd, 8639314.432, 103
Trd, 8639315.232, 113
Trd, 8639316.082, 118
Trd, 8639316.832, 120
Trd, 8639319.032, 138
Trd, 8639319.082, 128
Trd, 8639319.832, 119
Trd, 8639320.582, 100
Trd, 8639320.932, 97
Trd, 8639321.232, 133
Trd, 8639322.882, 120
Trd, 8639322.982, 122
Trd, 8639323.382, 127
Trd, 8639324.082, 106
Trd, 8639324.432, 115
Trd, 8639324.932, 116
Trd, 8639325.332, 113
Trd, 8639325.982, 114
Trd, 8639326.832, 107
Trd, 8639328.082, 87
Trd, 8639328.782, 122
Trd, 8639328.832, 86
Trd, 8639330.082, 94
Trd, 8639330.632, 127
Trd, 8639332.782, 62
Trd, 8639333.432, 61
Trd, 8639334.382, 98
Trd, 8639335.432, 102
Trd, 8639336.832, 122
Trd, 8639337.132, 117
Trd, 8639338.582, 89
Trd, 8639339.432, 103
Trd, 8639339.532, 97
Trd, 8639339.682, 127
Trd, 8639339.982, 82
Trd, 8639340.082, 81
Trd, 8639341.332, 91
Trd, 8639342.182, 131
Trd, 8639344.182, 106
Trd, 8639344.932, 117
Trd, 8639345.932, 118
Trd, 8639346.632, 139
Trd, 8639347.932, 102
Trd, 8639348.282, 101
Trd, 8639349.182, 96
Trd, 8639349.582, 66
Trd, 8639349.632, 111
Trd, 8639350.332, 107
Trd, 8639351.732, 84
Trd, 8639352.282, 118
Trd, 8639352.432, 97
Trd, 8639353.282, 77
Trd, 8639355.032, 126
Trd, 8639355.482, 105
Trd, 8639355.982, 84
Trd, 8639356.882, 136
Trd, 8639357.382, 96
Trd, 8639357.982, 100
Trd, 8639358.032, 135
Trd, 8639358.782, 108
Trd, 8639359.882, 115
Trd, 8639361.482, 64
Trd, 8639361.932, 96
Trd, 8639362.932, 135
Trd, 8639363.782, 115
Trd, 8639364.732, 80
Trd, 8639364.882, 74
Trd, 8639365.782, 87
Trd, 8639366.882, 112
Trd, 8639367.332, 99
Trd, 8639368.232, 115
Trd, 8639368.982, 82
Trd, 8639369.182, 126
Trd, 8639370.832, 73
Trd, 8639372.382, 127
Trd, 8639372.732, 125
Trd, 8639373.232, 126
Trd, 8639373.682, 122
Trd, 8639375.082, 61
Trd, 8639375.132, 71
Trd, 8639376.332, 80
Trd, 8639377.032, 103
Trd, 8639377.432, 64
Trd, 8639378.182, 60
Trd, 8639378.532, 129
Trd, 8639379.332, 111
Trd, 8639379.682, 63
Trd, 8639381.282, 93
Trd, 8639381.882, 78
Trd, 8639383.932, 127
Trd, 8639384.332, 103
Trd, 8639384.982, 97
Trd, 8639385.432, 133
Trd, 8639385.732, 90
Trd, 8639386.382, 94
Trd, 8639389.582, 132
Trd, 8639389.732, 111
Trd, 8639390.832, 111
Trd, 8639391.082, 131
Trd, 8639391.382, 100
Trd, 8639392.032, 95
Trd, 8639393.332, 113
Trd, 8639393.632, 137
Trd, 8639393.782, 84
Trd, 8639394.482, 122
Trd, 8639396.032, 105
Trd, 8639396.332, 85
Trd, 8639397.282, 107
Trd, 8639397.982, 91
Trd, 8639398.382, 132
Trd, 8639399.182, 136
Trd, 8639399.282, 127
Trd, 8639401.482, 137
Trd, 8639401.832, 135
Trd, 8639402.232, 124
Trd, 8639402.782, 89
Trd, 8639403.082, 69
Trd, 8639404.532, 73
Trd, 8639404.832, 73
Trd, 8639405.332, 80
Trd, 8639405.582, 93
Trd, 8639407.932, 102
Trd, 8639408.182, 104
Trd, 8639408.482, 107
Trd, 8639408.882, 100
Trd, 8639409.432, 108
Trd, 8639410.182, 117
Trd, 8639410.782, 104
Trd, 8639411.532, 100
Trd, 8639412.232, 101
Trd, 8639413.882, 86
Trd, 8639414.082, 105
Trd, 8639414.182, 86
Trd, 8639415.082, 108
Trd, 8639416.682, 128
Trd, 8639416.732, 103
Trd, 8639417.432, 102
Trd, 8639418.382, 116
Trd, 8639419.082, 89
Trd, 8639419.882, 116
Trd, 8639421.532, 136
Trd, 8639421.732, 118
Trd, 8639422.782, 123
Trd, 8639424.882, 133
Trd, 8639424.932, 125
Trd, 8639424.982, 97
Trd, 8639425.832, 109
Trd, 8639425.882, 97
Trd, 8639426.032, 93
Trd, 8639426.982, 135
Trd, 8639427.032, 100
Trd, 8639427.282, 99
Trd, 8639428.082, 114
Trd, 8639429.282, 125
Trd, 8639429.432, 83
Trd, 8639430.082, 108
Trd, 8639430.732, 100
Trd, 8639431.382, 65
Trd, 8639433.032, 63
Trd, 8639433.082, 85
Trd, 8639433.582, 75
Trd, 8639433.832, 86
Trd, 8639434.682, 118
Trd, 8639435.882, 115
Trd, 8639435.932, 110
Trd, 8639436.382, 109
Trd, 8639437.732, 114
Trd, 8639438.032, 120
Trd, 8639438.382, 71
Trd, 8639438.732, 94
Trd, 8639440.132, 127
Trd, 8639440.232, 124
Trd, 8639441.382, 133
Trd, 8639442.432, 119
Trd, 8639442.832, 110
Trd, 8639444.532, 139
Trd, 8639445.132, 94
Trd, 8639446.182, 97
Trd, 8639446.832, 112
Trd, 8639448.132, 131
Trd, 8639448.882, 137
Trd, 8639449.032, 127
Trd, 8639449.882, 139
Trd, 8639450.782, 138
Trd, 8639451.032, 138
Trd, 8639451.282, 100
Trd, 8639452.682, 102
Trd, 8639453.432, 112
Trd, 8639454.032, 93
Trd, 8639454.982, 99
Trd, 8639455.032, 89
Trd, 8639456.482, 109
Trd, 8639456.832, 87
Trd, 8639457.032, 125
Trd, 8639457.832, 116
Trd, 8639458.032, 102
Trd, 8639459.032, 120
Trd, 8639459.632, 93
Trd, 8639460.482, 126
Trd, 8639462.782, 134
Trd, 8639462.832, 122
Trd, 8639462.932, 116
Trd, 8639463.882, 133
Trd, 8639464.082, 96
Trd, 8639464.482, 106
Trd, 8639464.632, 115
Trd, 8639465.982, 94
Trd, 8639467.082, 123
Trd, 8639467.332, 109
Trd, 8639467.832, 128
Trd, 8639468.082, 125
Trd, 8639468.732, 139
Trd, 8639470.082, 68
Trd, 8639470.482, 81
Trd, 8639474.082, 113
Trd, 8639474.282, 111
Trd, 8639474.582, 134
Trd, 8639475.032, 115
Trd, 8639476.682, 124
Trd, 8639476.982, 102
Trd, 8639477.582, 118
Trd, 8639478.232, 133
Trd, 8639479.932, 128
Trd, 8639480.082, 119
Trd, 8639480.382, 113
Trd, 8639481.932, 136
Trd, 8639482.782, 122
Trd, 8639482.932, 105
Trd, 8639483.632, 99
Trd, 8639483.882, 130
Trd, 8639484.632, 111
Trd, 8639485.732, 116
Trd, 8639486.932, 130
Trd, 8639487.782, 126
Trd, 8639488.382, 121
Trd, 8639489.482, 135
Trd, 8639491.282, 120
Trd, 8639491.982, 132
Trd, 8639492.432, 138
Trd, 8639493.132, 90
Trd, 8639493.382, 87
Trd, 8639494.082, 115
Trd, 8639494.232, 107
Trd, 8639495.382, 70
Trd, 8639496.182, 75
Trd, 8639497.332, 131
Trd, 8639498.232, 110
Trd, 8639498.282, 95
Trd, 8639498.332, 74
Trd, 8639498.882, 61
Trd, 8639499.282, 135
Trd, 8639500.082, 124
Trd, 8639501.282, 115
Trd, 8639502.882, 97
Trd, 8639502.932, 91
Trd, 8639503.232, 91
Trd, 8639504.982, 129
Trd, 8639506.482, 134
Trd, 8639506.532, 126
Trd, 8639509.032, 73
Trd, 8639509.232, 92
Trd, 8639509.832, 81
Trd, 8639510.632, 61
Trd, 8639511.032, 96
Trd, 8639511.932, 117
Trd, 8639512.682, 91
Trd, 8639513.182, 95
Trd, 8639513.732, 126
Trd, 8639514.632, 129
Trd, 8639514.832, 115
Trd, 8639514.882, 100
Trd, 8639516.932, 110
Trd, 8639517.782, 127
Trd, 8639518.032, 78
Trd, 8639518.882, 115
Trd, 8639519.632, 136
Trd, 8639520.332, 106
Trd, 8639521.232, 103
Trd, 8639521.432, 114
Trd, 8639521.982, 74
Trd, 8639522.632, 123
Trd, 8639522.782, 99
Trd, 8639523.982, 86
Trd, 8639524.882, 138
Trd, 8639525.432, 135
Trd, 8639527.182, 125
Trd, 8639527.532, 111
Trd, 8639528.782, 121
Trd, 8639529.482, 120
Trd, 8639531.032, 96
Trd, 8639531.082, 103
Trd, 8639531.932, 113
Trd, 8639532.082, 94
Trd, 8639532.782, 132
Trd, 8639533.232, 116
Trd, 8639533.632, 91
Trd, 8639534.932, 115
Trd, 8639535.482, 134
Trd, 8639535.932, 79
Trd, 8639537.132, 124
Trd, 8639537.932, 131
Trd, 8639537.982, 116
Trd, 8639539.232, 108
Trd, 8639540.182, 103
Trd, 8639540.782, 100
Trd, 8639540.932, 98
Trd, 8639543.232, 125
Trd, 8639543.582, 109
Trd, 8639544.832, 128
Trd, 8639546.982, 105
Trd, 8639547.332, 138
Trd, 8639547.482, 129
Trd, 8639548.382, 109
Trd, 8639549.382, 126
Trd, 8639549.482, 99
Trd, 8639550.632, 88
Trd, 8639550.682, 106
Trd, 8639551.232, 118
Trd, 8639554.082, 121
Trd, 8639555.382, 137
Trd, 8639556.232, 133
Trd, 8639557.032, 111
Trd, 8639557.832, 96
Trd, 8639558.382, 118
Trd, 8639558.432, 104
Trd, 8639560.432, 103
Trd, 8639560.682, 107
Trd, 8639561.832, 105
Trd, 8639562.982, 124
Trd, 8639563.582, 85
Trd, 8639564.482, 125
Trd, 8639564.682, 131
Trd, 8639564.982, 86
Trd, 8639566.282, 100
Trd, 8639567.332, 109
Trd, 8639567.682, 114
Trd, 8639567.782, 94
Trd, 8639568.432, 94
Trd, 8639569.432, 91
Trd, 8639570.032, 71
Trd, 8639570.282, 77
Trd, 8639571.332, 83
Trd, 8639572.532, 95
Trd, 8639573.032, 92
Trd, 8639573.182, 104
Trd, 8639573.682, 109
Trd, 8639574.182, 69
Trd, 8639574.832, 121
Trd, 8639576.082, 129
Trd, 8639576.532, 99
Trd, 8639579.132, 122
Trd, 8639579.382, 107
Trd, 8639579.432, 101
Trd, 8639580.732, 133
Trd, 8639581.282, 135
Trd, 8639581.832, 127
Trd, 8639582.632, 129
Trd, 8639583.732, 95
Trd, 8639584.132, 81
Trd, 8639584.682, 89
Trd, 8639585.182, 99
Trd, 8639585.732, 125
Trd, 8639586.532, 79
Trd, 8639587.532, 72
Trd, 8639587.832, 81
Trd, 8639588.282, 132
Trd, 8639589.982, 92
Trd, 8639590.332, 90
Trd, 8639591.382, 79
Trd, 8639592.232, 86
Trd, 8639593.432, 100
Trd, 8639594.032, 104
Trd, 8639594.432, 75
Trd, 8639594.732, 71
Trd, 8639595.982, 96
Trd, 8639596.332, 108
Trd, 8639596.582, 83
Trd, 8639597.032, 93
Trd, 8639597.982, 123
Trd, 8639598.832, 112
Trd, 8639599.332, 108
Trd, 8639600.232, 97
Trd, 8639600.432, 67
Trd, 8639602.032, 63
Trd, 8639602.432, 61
Trd, 8639603.182, 93
Trd, 8639604.582, 94
Trd, 8639605.832, 126
Trd, 8639605.932, 102
Trd, 8639606.032, 97
Trd, 8639609.632, 115
Trd, 8639610.382, 118
Trd, 8639610.482, 135
Trd, 8639611.732, 128
Trd, 8639612.182, 113
Trd, 8639612.732, 118
Trd, 8639613.032, 113
Trd, 8639613.182, 105
Trd, 8639614.232, 94
Trd, 8639614.832, 123
Trd, 8639615.382, 134
Trd, 8639615.532, 130
Trd, 8639616.582, 131
Trd, 8639616.782, 126
Trd, 8639617.582, 125
Trd, 8639617.782, 95
Trd, 8639618.032, 82
Trd, 8639619.932, 120
Trd, 8639620.582, 124
Trd, 8639621.732, 138
Trd, 8639622.082, 113
Trd, 8639622.332, 105
Trd, 8639624.882, 86
Trd, 8639626.532, 139
Trd, 8639626.582, 126
Trd, 8639626.632, 115
Trd, 8639626.782, 87
Trd, 8639627.032, 85
Trd, 8639627.932, 76
Trd, 8639628.632, 136
Trd, 8639628.832, 112
Trd, 8639629.032, 92
Trd, 8639631.582, 124
Trd, 8639631.982, 118
Trd, 8639632.532, 100
Trd, 8639633.332, 94
Trd, 8639633.582, 91
Trd, 8639633.932, 111
Trd, 8639637.232, 135
Trd, 8639637.582, 129
Trd, 8639638.532, 99
Trd, 8639639.182, 97
Trd, 8639639.232, 98
Trd, 8639640.332, 105
Trd, 8639641.582, 120
Trd, 8639641.632, 108
Trd, 8639642.682, 61
Trd, 8639643.532, 121
Trd, 8639644.032, 115
Trd, 8639644.382, 110
Trd, 8639644.582, 109
Trd, 8639644.782, 106
Trd, 8639646.682, 99
Trd, 8639647.232, 71
Trd, 8639647.482, 101
Trd, 8639647.632, 66
Trd, 8639649.582, 108
Trd, 8639649.632, 93
Trd, 8639652.132, 95
Trd, 8639652.332, 97
Trd, 8639652.582, 86
Trd, 8639652.932, 72
Trd, 8639653.632, 139
Trd, 8639653.682, 127
Trd, 8639655.482, 71
Trd, 8639656.082, 76
Trd, 8639656.282, 79
Trd, 8639657.382, 125
Trd, 8639658.932, 98
Trd, 8639659.032, 101
Trd, 8639660.482, 121
Trd, 8639661.782, 102
Trd, 8639662.832, 127
Trd, 8639664.582, 123
Trd, 8639664.832, 99
Trd, 8639664.882, 89
Trd, 8639665.932, 120
Trd, 8639666.832, 129
Trd, 8639667.532, 131
Trd, 8639667.682, 115
Trd, 8639668.032, 123
Trd, 8639668.832, 118
Trd, 8639670.082, 88
Trd, 8639670.882, 85
Trd, 8639671.082, 97
Trd, 8639671.232, 66
Trd, 8639671.982, 119
Trd, 8639673.782, 139
Trd, 8639674.682, 134
Trd, 8639675.232, 117
Trd, 8639675.782, 110
Trd, 8639676.882, 138
Trd, 8639677.382, 115
Trd, 8639679.282, 105
Trd, 8639679.632, 122
Trd, 8639679.982, 122
Trd, 8639680.632, 140
Trd, 8639681.632, 130
Trd, 8639682.582, 95
Trd, 8639683.832, 138
Trd, 8639684.182, 124
Trd, 8639684.982, 104
Trd, 8639686.382, 126
Trd, 8639686.632, 121
Trd, 8639687.032, 118
Trd, 8639688.582, 110
Trd, 8639688.882, 121
Trd, 8639689.032, 93
Trd, 8639691.532, 128
Trd, 8639691.582, 127
Trd, 8639692.282, 119
Trd, 8639693.132, 136
Trd, 8639694.182, 124
Trd, 8639694.882, 135
Trd, 8639696.532, 132
Trd, 8639697.582, 111
Trd, 8639698.182, 83
Trd, 8639698.782, 124
Trd, 8639698.832, 109
Trd, 8639699.682, 139
Trd, 8639699.882, 119
Trd, 8639701.232, 60
Trd, 8639701.582, 116
Trd, 8639702.182, 94
Trd, 8639702.882, 71
Trd, 8639704.582, 63
Trd, 8639705.932, 135
Trd, 8639705.982, 103
Trd, 8639706.732, 113
Trd, 8639706.832, 87
Trd, 8639707.032, 77
Trd, 8639707.132, 80
Trd, 8639707.882, 121
Trd, 8639708.582, 102
Trd, 8639711.682, 101
Trd, 8639711.732, 102
Trd, 8639712.082, 68
Trd, 8639713.732, 74
Trd, 8639715.182, 118
Trd, 8639715.632, 116
Trd, 8639715.832, 77
Trd, 8639716.382, 98
Trd, 8639716.732, 95
Trd, 8639717.882, 122
Trd, 8639719.082, 87
Trd, 8639719.432, 129
Trd, 8639720.182, 137
Trd, 8639720.332, 115
Trd, 8639721.182, 80
Trd, 8639721.432, 76
Trd, 8639722.682, 78
Trd, 8639722.882, 74
Trd, 8639722.982, 79
Trd, 8639723.732, 110
Trd, 8639726.882, 101
Trd, 8639727.282, 93
Trd, 8639727.482, 85
Trd, 8639728.582, 127
Trd, 8639728.832, 90
Trd, 8639729.232, 134
Trd, 8639730.932, 127
Trd, 8639730.982, 122
Trd, 8639731.132, 117
Trd, 8639731.282, 71
Trd, 8639733.482, 119
Trd, 8639734.082, 121
Trd, 8639734.582, 106
Trd, 8639735.032, 85
Trd, 8639735.232, 107
Trd, 8639737.132, 78
Trd, 8639739.082, 137
Trd, 8639739.132, 113
Trd, 8639739.482, 138
Trd, 8639740.232, 112
Trd, 8639742.132, 134
Trd, 8639742.232, 117
Trd, 8639742.982, 112
Trd, 8639743.032, 107
Trd, 8639743.882, 97
Trd, 8639744.782, 131
Trd, 8639745.832, 135
Trd, 8639746.382, 115
Trd, 8639746.482, 107
Trd, 8639746.782, 92
Trd, 8639748.182, 113
Trd, 8639750.082, 111
Trd, 8639750.132, 109
Trd, 8639750.982, 135
Trd, 8639751.332, 131
Trd, 8639753.982, 140
Trd, 8639754.382, 120
Trd, 8639755.232, 127
Trd, 8639755.782, 93
Trd, 8639756.982, 80
Trd, 8639757.682, 75
Trd, 8639758.832, 87
Trd, 8639759.182, 79
Trd, 8639759.832, 81
Trd, 8639762.882, 87
Trd, 8639763.682, 131
Trd, 8639764.382, 137
Trd, 8639764.632, 131
Trd, 8639765.232, 110
Trd, 8639766.032, 113
Trd, 8639766.332, 83
Trd, 8639766.532, 127
Trd, 8639767.582, 78
Trd, 8639769.082, 101
Trd, 8639770.582, 86
Trd, 8639770.782, 117
Trd, 8639771.732, 97
Trd, 8639772.732, 108
Trd, 8639773.482, 113
Trd, 8639773.932, 98
Trd, 8639775.532, 134
Trd, 8639776.682, 93
Trd, 8639777.632, 87
Trd, 8639777.882, 119
Trd, 8639778.332, 82
Trd, 8639779.232, 103
Trd, 8639779.832, 112
Trd, 8639780.632, 88
Trd, 8639782.082, 107
Trd, 8639782.232, 104
Trd, 8639782.532, 112
Trd, 8639783.182, 120
Trd, 8639783.782, 83
Trd, 8639784.182, 61
Trd, 8639785.532, 67
Trd, 8639786.632, 69
Trd, 8639787.682, 103
Trd, 8639789.082, 111
Trd, 8639790.082, 109
Trd, 8639790.132, 114
Trd, 8639790.382, 136
Trd, 8639790.932, 102
Trd, 8639791.332, 131
Trd, 8639792.632, 136
Trd, 8639793.082, 89
Trd, 8639793.882, 86
Trd, 8639794.732, 62
Trd, 8639794.932, 104
Trd, 8639795.932, 60
Trd, 8639797.632, 136
Trd, 8639799.032, 127
Trd, 8639800.682, 86
Trd, 8639801.432, 115
Trd, 8639801.682, 105
Trd, 8639801.732, 94
Trd, 8639802.382, 85
Trd, 8639803.632, 100
Trd, 8639803.782, 70
Trd, 8639805.132, 126
Trd, 8639806.132, 127
Trd, 8639806.332, 87
Trd, 8639807.932, 134
Trd, 8639808.532, 101
Trd, 8639808.582, 80
Trd, 8639809.782, 93
Trd, 8639810.882, 139
Trd, 8639811.032, 137
Trd, 8639811.182, 124
Trd, 8639812.832, 140
Trd, 8639815.282, 127
Trd, 8639815.332, 108
Trd, 8639817.732, 113
Trd, 8639818.532, 115
Trd, 8639818.782, 124
Trd, 8639819.082, 100
Trd, 8639821.182, 118
Trd, 8639821.482, 106
Trd, 8639822.232, 106
Trd, 8639822.432, 82
Trd, 8639822.632, 64
Trd, 8639823.432, 112
Trd, 8639823.832, 136
Trd, 8639824.632, 65
Trd, 8639826.932, 111
Trd, 8639827.182, 101
Trd, 8639827.282, 78
Trd, 8639828.182, 125
Trd, 8639828.982, 96
Trd, 8639832.532, 132
Trd, 8639833.032, 125
Trd, 8639833.932, 123
Trd, 8639834.482, 82
Trd, 8639834.982, 101
Trd, 8639835.632, 130
Trd, 8639836.532, 104
Trd, 8639836.982, 119
Trd, 8639837.482, 110
Trd, 8639837.782, 117
Trd, 8639837.882, 95
Trd, 8639839.132, 83
Trd, 8639839.382, 124
Trd, 8639840.382, 81
Trd, 8639842.782, 139
Trd, 8639843.332, 126
Trd, 8639844.682, 131
Trd, 8639845.032, 129
Trd, 8639845.082, 111
Trd, 8639845.182, 96
Trd, 8639845.532, 118
Trd, 8639846.682, 130
Trd, 8639847.332, 121
Trd, 8639847.882, 105
Trd, 8639849.032, 122
Trd, 8639850.182, 120
Trd, 8639850.232, 104
Trd, 8639850.932, 97
Trd, 8639851.832, 110
Trd, 8639852.682, 127
Trd, 8639853.332, 73
Trd, 8639853.882, 90
Trd, 8639854.382, 74
Trd, 8639855.732, 91
Trd, 8639857.282, 131
Trd, 8639858.082, 111
Trd, 8639858.932, 113
Trd, 8639859.232, 110
Trd, 8639859.732, 131
Trd, 8639859.832, 102
Trd, 8639861.332, 97
Trd, 8639861.482, 127
Trd, 8639861.732, 139
Trd, 8639862.782, 110
Trd, 8639863.382, 136
Trd, 8639863.432, 135
Trd, 8639863.832, 118
Trd, 8639863.982, 109
Trd, 8639866.332, 133
Trd, 8639867.032, 117
Trd, 8639867.282, 134
Trd, 8639867.682, 101
Trd, 8639868.382, 82
Trd, 8639869.082, 106
Trd, 8639869.382, 136
Trd, 8639871.232, 133
Trd, 8639871.682, 97
Trd, 8639871.882, 93
Trd, 8639872.482, 94
Trd, 8639872.982, 81
Trd, 8639873.982, 124
Trd, 8639874.732, 138
Trd, 8639875.482, 120
Trd, 8639876.682, 113
Trd, 8639878.132, 107
Trd, 8639878.482, 101
Trd, 8639878.982, 99
Trd, 8639879.482, 75
Trd, 8639879.832, 102
Trd, 8639881.382, 62
Trd, 8639881.732, 66
Trd, 8639882.382, 89
Trd, 8639883.132, 110
Trd, 8639883.832, 132
Trd, 8639884.432, 85
Trd, 8639885.682, 104
Trd, 8639885.932, 121
Trd, 8639886.932, 140
Trd, 8639888.182, 128
Trd, 8639888.332, 124
Trd, 8639889.182, 112
Trd, 8639889.882, 110
Trd, 8639890.132, 131
Trd, 8639890.832, 128
Trd, 8639891.132, 99
Trd, 8639892.082, 133
Trd, 8639892.282, 121
Trd, 8639894.532, 94
Trd, 8639894.832, 83
Trd, 8639894.982, 109
Trd, 8639896.332, 136
Trd, 8639898.182, 120
Trd, 8639898.682, 135
Trd, 8639899.382, 122
Trd, 8639899.682, 97
Trd, 8639899.982, 77
Trd, 8639900.432, 104
Trd, 8639900.832, 113
Trd, 8639901.482, 100
Trd, 8639901.932, 121
Trd, 8639902.382, 82
Trd, 8639903.282, 61
Trd, 8639904.132, 78
Trd, 8639905.432, 104
Trd, 8639906.482, 102
Trd, 8639908.032, 135
Trd, 8639908.332, 138
Trd, 8639908.582, 133
Trd, 8639910.232, 124
Trd, 8639910.732, 95
Trd, 8639910.782, 92
Trd, 8639913.782, 133
Trd, 8639913.832, 124
Trd, 8639914.032, 121
Trd, 8639914.532, 130
Trd, 8639915.282, 124
Trd, 8639915.432, 124
Trd, 8639916.632, 113
Trd, 8639916.882, 81
Trd, 8639917.182, 68
Trd, 8639917.832, 110
Trd, 8639919.432, 134
Trd, 8639921.182, 102
Trd, 8639922.232, 137
Trd, 8639922.782, 115
Trd, 8639923.182, 87
Trd, 8639925.482, 129
Trd, 8639925.982, 130
Trd, 8639926.232, 120
Trd, 8639926.782, 116
Trd, 8639927.382, 118
Trd, 8639928.032, 133
Trd, 8639928.632, 121
Trd, 8639929.482, 136
Trd, 8639929.982, 126
Trd, 8639930.382, 132
Trd, 8639931.382, 133
Trd, 8639931.632, 121
Trd, 8639932.432, 65
Trd, 8639933.132, 85
Trd, 8639934.082, 121
Trd, 8639935.032, 122
Trd, 8639935.232, 112
Trd, 8639935.832, 110
Trd, 8639936.032, 111
Trd, 8639938.132, 96
Trd, 8639938.382, 93
Trd, 8639938.632, 110
Trd, 8639940.282, 125
Trd, 8639940.582, 113
Trd, 8639940.932, 139
Trd, 8639941.882, 138
Trd, 8639942.882, 119
Trd, 8639943.782, 94
Trd, 8639943.932, 101
Trd, 8639946.882, 114
Trd, 8639947.382, 92
Trd, 8639947.632, 120
Trd, 8639948.282, 69
Trd, 8639948.982, 135
Trd, 8639949.932, 104
Trd, 8639953.482, 110
Trd, 8639954.082, 88
Trd, 8639954.232, 95
Trd, 8639954.882, 83
Trd, 8639955.682, 133
Trd, 8639956.482, 125
Trd, 8639957.632, 100
Trd, 8639959.032, 109
Trd, 8639959.382, 127
Trd, 8639960.082, 87
Trd, 8639960.532, 104
Trd, 8639960.832, 137
Trd, 8639962.132, 122
Trd, 8639962.582, 96
Trd, 8639962.732, 104
Trd, 8639963.982, 136
Trd, 8639964.132, 120
Trd, 8639965.282, 83
Trd, 8639965.732, 97
Trd, 8639966.032, 118
Trd, 8639968.082, 138
Trd, 8639968.532, 127
Trd, 8639968.632, 115
Trd, 8639969.932, 139
Trd, 8639970.082, 131
Trd, 8639970.932, 135
Trd, 8639972.182, 108
Trd, 8639973.632, 126
Trd, 8639974.732, 131
Trd, 8639975.032, 121
Trd, 8639975.932, 117
Trd, 8639976.532, 133
Trd, 8639977.032, 132
Trd, 8639977.582, 122
Trd, 8639977.682, 120
Trd, 8639978.832, 124
Trd, 8639979.582, 138
Trd, 8639980.182, 91
Trd, 8639980.632, 110
Trd, 8639981.082, 95
Trd, 8639984.382, 123
Trd, 8639984.532, 106
Trd, 8639985.182, 82
Trd, 8639985.932, 102
Trd, 8639985.982, 76
Trd, 8639986.482, 91
Trd, 8639986.982, 125
Trd, 8639987.132, 61
Trd, 8639988.232, 112
Trd, 8639990.132, 140
Trd, 8639990.332, 119
Trd, 8639991.032, 92
Trd, 8639991.582, 129
Trd, 8639992.982, 91
Trd, 8639993.682, 110
Trd, 8639996.032, 114
Trd, 8639997.182, 116
Trd, 8639997.582, 100
Trd, 8639998.232, 90
Trd, 8639998.882, 105
