Trd, 8638079.732, 139
Trd, 8638079.982, 140
Trd, 8638080.682, 139
Trd, 8638081.282, 137
Trd, 8638082.282, 92
Trd, 8638083.432, 136
Trd, 8638083.482, 100
Trd, 8638084.582, 139
Trd, 8638085.732, 137
Trd, 8638085.782, 115
Trd, 8638086.382, 60
Trd, 8638086.732, 140
Trd, 8638087.732, 61
Trd, 8638088.732, 61
Trd, 8638090.382, 60
Trd, 8638091.032, 60
Trd, 8638091.082, 60
Trd, 8638091.732, 60
Trd, 8638092.332, 60
Trd, 8638093.982, 60
Trd, 8638094.182, 60
Trd, 8638094.282, 60
Trd, 8638094.382, 60
Trd, 8638094.532, 61
Trd, 8638094.932, 68
Trd, 8638095.132, 133
Trd, 8638097.382, 117
Trd, 8638097.682, 137
Trd, 8638098.332, 131
Trd, 8638098.732, 118
Trd, 8638099.232, 116
Trd, 8638099.332, 128
Trd, 8638099.732, 131
Trd, 8638101.532, 61
Trd, 8638102.432, 60
Trd, 8638103.182, 70
Trd, 8638103.282, 79
Trd, 8638104.182, 66
Trd, 8638104.632, 67
Trd, 8638105.682, 139
Trd, 8638106.682, 80
Trd, 8638106.882, 139
Trd, 8638107.782, 78
Trd, 8638108.882, 111
Trd, 8638110.882, 118
Trd, 8638111.032, 131
Trd, 8638111.082, 89
Trd, 8638111.382, 114
Trd, 8638111.932, 92
Trd, 8638112.082, 114
Trd, 8638112.182, 115
Trd, 8638112.782, 117
Trd, 8638115.082, 140
Trd, 8638115.282, 140
Trd, 8638115.732, 140
Trd, 8638116.582, 140
Trd, 8638120.032, 140
Trd, 8638120.232, 140
Trd, 8638120.782, 140
Trd, 8638121.232, 140
Trd, 8638122.482, 140
Trd, 8638123.032, 140
Trd, 8638123.182, 140
Trd, 8638123.332, 139
Trd, 8638125.082, 140
Trd, 8638126.082, 137
Trd, 8638126.132, 135
Trd, 8638126.982, 138
Trd, 8638127.582, 140
Trd, 8638129.532, 140
Trd, 8638130.082, 140
Trd, 8638130.982, 140
Trd, 8638131.582, 140
Trd, 8638132.632, 140
Trd, 8638134.332, 140
Trd, 8638135.232, 140
Trd, 8638135.332, 140
Trd, 8638137.332, 140
Trd, 8638137.532, 140
Trd, 8638138.132, 140
Trd, 8638139.532, 139
Trd, 8638140.232, 137
Trd, 8638140.482, 136
Trd, 8638144.882, 140
Trd, 8638145.232, 140
Trd, 8638146.832, 140
Trd, 8638147.032, 139
Trd, 8638147.082, 138
Trd, 8638147.682, 140
Trd, 8638148.232, 140
Trd, 8638149.182, 105
Trd, 8638150.032, 140
Trd, 8638150.732, 105
Trd, 8638151.232, 103
Trd, 8638152.882, 98
Trd, 8638154.382, 140
Trd, 8638154.832, 140
Trd, 8638156.782, 140
Trd, 8638157.632, 139
Trd, 8638159.132, 140
Trd, 8638159.382, 139
Trd, 8638159.882, 140
Trd, 8638160.282, 140
Trd, 8638160.482, 139
Trd, 8638161.382, 130
Trd, 8638162.032, 139
Trd, 8638163.582, 130
Trd, 8638163.782, 92
Trd, 8638165.432, 140
Trd, 8638165.582, 140
Trd, 8638165.632, 140
Trd, 8638166.332, 140
Trd, 8638166.532, 137
Trd, 8638166.632, 136
Trd, 8638168.732, 99
Trd, 8638169.182, 133
Trd, 8638171.382, 140
Trd, 8638171.482, 126
Trd, 8638172.032, 113
Trd, 8638173.282, 135
Trd, 8638173.332, 124
Trd, 8638175.032, 140
Trd, 8638176.032, 140
Trd, 8638177.432, 140
Trd, 8638178.182, 140
Trd, 8638178.282, 140
Trd, 8638179.182, 140
Trd, 8638180.582, 118
Trd, 8638180.632, 117
Trd, 8638180.832, 107
Trd, 8638181.982, 134
Trd, 8638182.532, 134
Trd, 8638182.732, 135
Trd, 8638183.232, 140
Trd, 8638183.432, 139
Trd, 8638184.682, 140
Trd, 8638185.882, 140
Trd, 8638186.282, 140
Trd, 8638187.782, 139
Trd, 8638188.232, 140
Trd, 8638188.782, 138
Trd, 8638189.032, 139
Trd, 8638189.082, 137
Trd, 8638189.782, 140
Trd, 8638190.932, 139
Trd, 8638191.182, 76
Trd, 8638191.632, 84
Trd, 8638193.032, 62
Trd, 8638193.182, 105
Trd, 8638194.432, 105
Trd, 8638195.082, 60
Trd, 8638195.482, 106
Trd, 8638196.282, 140
Trd, 8638196.982, 140
Trd, 8638197.632, 140
Trd, 8638197.982, 140
Trd, 8638198.582, 138
Trd, 8638198.982, 121
Trd, 8638200.132, 140
Trd, 8638201.032, 140
Trd, 8638201.832, 140
Trd, 8638201.982, 139
Trd, 8638202.982, 79
Trd, 8638203.932, 61
Trd, 8638205.982, 138
Trd, 8638207.782, 140
Trd, 8638208.382, 140
Trd, 8638209.382, 140
Trd, 8638210.882, 140
Trd, 8638212.382, 140
Trd, 8638212.582, 140
Trd, 8638212.982, 140
Trd, 8638214.082, 140
Trd, 8638214.482, 140
Trd, 8638217.132, 140
Trd, 8638218.582, 140
Trd, 8638218.832, 140
Trd, 8638219.082, 140
Trd, 8638219.682, 140
Trd, 8638219.832, 140
Trd, 8638219.882, 140
Trd, 8638220.082, 139
Trd, 8638220.332, 132
Trd, 8638221.282, 140
Trd, 8638222.532, 138
Trd, 8638222.582, 129
Trd, 8638222.782, 122
Trd, 8638223.932, 113
Trd, 8638225.332, 61
Trd, 8638226.282, 61
Trd, 8638227.382, 60
Trd, 8638227.832, 60
Trd, 8638228.982, 62
Trd, 8638229.582, 65
Trd, 8638230.782, 118
Trd, 8638233.032, 140
Trd, 8638233.482, 140
Trd, 8638233.832, 140
Trd, 8638234.282, 138
Trd, 8638234.332, 138
Trd, 8638234.482, 140
Trd, 8638236.182, 102
Trd, 8638236.982, 140
Trd, 8638237.032, 140
Trd, 8638237.082, 139
Trd, 8638238.132, 92
Trd, 8638238.532, 106
Trd, 8638239.432, 140
Trd, 8638239.632, 140
Trd, 8638240.482, 82
Trd, 8638241.532, 140
Trd, 8638243.082, 140
Trd, 8638243.932, 140
Trd, 8638244.732, 140
Trd, 8638245.332, 140
Trd, 8638246.532, 140
Trd, 8638246.732, 135
Trd, 8638247.582, 140
Trd, 8638249.032, 140
Trd, 8638250.482, 140
Trd, 8638251.032, 140
Trd, 8638251.232, 140
Trd, 8638252.282, 140
Trd, 8638252.832, 137
Trd, 8638252.932, 136
Trd, 8638253.982, 134
Trd, 8638255.182, 140
Trd, 8638255.682, 140
Trd, 8638255.782, 139
Trd, 8638256.582, 140
Trd, 8638256.932, 140
Trd, 8638257.882, 140
Trd, 8638259.182, 140
Trd, 8638260.282, 140
Trd, 8638261.132, 140
Trd, 8638261.382, 139
Trd, 8638261.532, 140
Trd, 8638261.832, 139
Trd, 8638262.882, 139
Trd, 8638263.082, 137
Trd, 8638264.432, 140
Trd, 8638264.682, 140
Trd, 8638265.582, 124
Trd, 8638265.732, 103
Trd, 8638266.982, 128
Trd, 8638269.282, 140
Trd, 8638270.432, 140
Trd, 8638271.732, 140
Trd, 8638273.082, 140
Trd, 8638273.582, 140
Trd, 8638274.982, 140
Trd, 8638276.282, 140
Trd, 8638276.482, 140
Trd, 8638276.582, 140
Trd, 8638276.982, 140
Trd, 8638277.332, 139
Trd, 8638278.032, 131
Trd, 8638278.682, 140
Trd, 8638279.132, 140
Trd, 8638279.282, 139
Trd, 8638280.532, 90
Trd, 8638281.132, 76
Trd, 8638281.732, 139
Trd, 8638285.832, 140
Trd, 8638286.632, 140
Trd, 8638286.832, 140
Trd, 8638288.232, 140
Trd, 8638288.932, 138
Trd, 8638290.532, 139
Trd, 8638291.682, 131
Trd, 8638292.382, 140
Trd, 8638293.532, 132
Trd, 8638294.182, 131
Trd, 8638295.082, 137
Trd, 8638295.232, 136
Trd, 8638295.332, 139
Trd, 8638296.032, 139
Trd, 8638297.132, 140
Trd, 8638297.232, 139
Trd, 8638298.432, 135
Trd, 8638299.482, 128
Trd, 8638301.282, 140
Trd, 8638301.432, 140
Trd, 8638302.582, 140
Trd, 8638302.682, 138
Trd, 8638303.382, 136
Trd, 8638304.132, 137
Trd, 8638306.232, 137
Trd, 8638306.682, 140
Trd, 8638308.832, 140
Trd, 8638309.232, 140
Trd, 8638309.482, 140
Trd, 8638310.082, 140
Trd, 8638310.532, 121
Trd, 8638311.682, 140
Trd, 8638312.532, 140
Trd, 8638313.832, 140
Trd, 8638315.532, 140
Trd, 8638315.982, 140
Trd, 8638316.232, 140
Trd, 8638316.482, 140
Trd, 8638319.782, 140
Trd, 8638320.632, 140
Trd, 8638320.932, 140
Trd, 8638321.132, 138
Trd, 8638321.432, 128
Trd, 8638322.882, 140
Trd, 8638324.082, 116
Trd, 8638324.682, 121
Trd, 8638326.282, 140
Trd, 8638327.132, 140
Trd, 8638328.082, 140
Trd, 8638329.182, 140
Trd, 8638331.882, 140
Trd, 8638332.532, 140
Trd, 8638332.682, 140
Trd, 8638332.732, 140
Trd, 8638332.832, 127
Trd, 8638332.982, 110
Trd, 8638333.532, 100
Trd, 8638335.082, 140
Trd, 8638335.832, 140
Trd, 8638337.682, 140
Trd, 8638338.032, 140
Trd, 8638338.632, 140
Trd, 8638339.132, 140
Trd, 8638339.382, 139
Trd, 8638340.232, 140
Trd, 8638341.932, 140
Trd, 8638342.482, 140
Trd, 8638343.732, 140
Trd, 8638344.282, 140
Trd, 8638345.882, 139
Trd, 8638346.182, 138
Trd, 8638346.882, 137
Trd, 8638348.682, 139
Trd, 8638348.782, 139
Trd, 8638349.632, 140
Trd, 8638350.832, 140
Trd, 8638351.182, 140
Trd, 8638351.782, 134
Trd, 8638352.432, 137
Trd, 8638353.532, 140
Trd, 8638353.882, 140
Trd, 8638355.282, 140
Trd, 8638355.732, 140
Trd, 8638355.782, 126
Trd, 8638358.082, 130
Trd, 8638358.132, 120
Trd, 8638358.932, 122
Trd, 8638359.032, 129
Trd, 8638359.382, 130
Trd, 8638360.132, 121
Trd, 8638362.082, 140
Trd, 8638362.682, 65
Trd, 8638363.532, 117
Trd, 8638364.032, 116
Trd, 8638365.482, 125
Trd, 8638366.082, 137
Trd, 8638367.332, 140
Trd, 8638367.382, 140
Trd, 8638367.782, 139
Trd, 8638368.032, 116
Trd, 8638369.682, 136
Trd, 8638370.232, 139
Trd, 8638370.332, 117
Trd, 8638372.382, 134
Trd, 8638373.632, 140
Trd, 8638373.932, 138
Trd, 8638375.232, 140
Trd, 8638375.582, 140
Trd, 8638377.982, 140
Trd, 8638378.882, 140
Trd, 8638379.282, 140
Trd, 8638380.682, 140
Trd, 8638380.782, 125
Trd, 8638380.982, 123
Trd, 8638381.532, 106
Trd, 8638381.832, 140
Trd, 8638383.682, 126
Trd, 8638385.232, 126
Trd, 8638386.032, 123
Trd, 8638387.132, 120
Trd, 8638387.582, 120
Trd, 8638388.082, 120
Trd, 8638390.082, 137
Trd, 8638390.232, 122
Trd, 8638390.432, 104
Trd, 8638390.682, 132
Trd, 8638391.382, 136
Trd, 8638391.632, 128
Trd, 8638393.132, 102
Trd, 8638393.332, 104
Trd, 8638394.982, 131
Trd, 8638395.182, 140
Trd, 8638396.932, 140
Trd, 8638399.832, 140
Trd, 8638400.132, 140
Trd, 8638400.982, 140
Trd, 8638401.632, 140
Trd, 8638401.832, 139
Trd, 8638402.582, 140
Trd, 8638403.032, 111
Trd, 8638404.532, 127
Trd, 8638404.932, 140
Trd, 8638405.832, 140
Trd, 8638407.282, 139
Trd, 8638408.582, 140
Trd, 8638408.782, 139
Trd, 8638410.682, 140
Trd, 8638411.232, 140
Trd, 8638411.532, 138
Trd, 8638411.782, 138
Trd, 8638411.932, 110
Trd, 8638413.832, 140
Trd, 8638414.482, 140
Trd, 8638414.582, 140
Trd, 8638414.932, 140
Trd, 8638415.282, 140
Trd, 8638417.482, 140
Trd, 8638417.582, 140
Trd, 8638417.682, 125
Trd, 8638417.982, 88
Trd, 8638421.032, 140
Trd, 8638421.532, 140
Trd, 8638421.832, 140
Trd, 8638421.982, 140
Trd, 8638423.832, 140
Trd, 8638424.732, 140
Trd, 8638425.132, 139
Trd, 8638425.432, 138
Trd, 8638425.832, 133
Trd, 8638426.882, 140
Trd, 8638429.132, 140
Trd, 8638430.132, 140
Trd, 8638431.332, 140
Trd, 8638431.732, 140
Trd, 8638431.882, 140
Trd, 8638432.932, 140
Trd, 8638433.132, 140
Trd, 8638433.182, 115
Trd, 8638433.632, 118
Trd, 8638433.782, 140
Trd, 8638437.332, 140
Trd, 8638439.432, 140
Trd, 8638439.932, 140
Trd, 8638441.132, 140
Trd, 8638441.682, 140
Trd, 8638442.282, 140
Trd, 8638442.432, 131
Trd, 8638443.232, 134
Trd, 8638443.482, 107
Trd, 8638446.532, 139
Trd, 8638446.782, 109
Trd, 8638447.632, 140
Trd, 8638448.082, 139
Trd, 8638449.132, 138
Trd, 8638449.332, 137
Trd, 8638452.382, 140
Trd, 8638453.682, 140
Trd, 8638454.732, 140
Trd, 8638455.082, 140
Trd, 8638455.982, 140
Trd, 8638457.332, 140
Trd, 8638457.832, 136
Trd, 8638458.482, 140
Trd, 8638460.382, 140
Trd, 8638461.682, 140
Trd, 8638462.282, 140
Trd, 8638462.382, 140
Trd, 8638463.382, 139
Trd, 8638463.882, 138
Trd, 8638464.282, 137
Trd, 8638464.632, 120
Trd, 8638465.082, 139
Trd, 8638465.332, 140
Trd, 8638465.732, 140
Trd, 8638467.332, 133
Trd, 8638467.582, 140
Trd, 8638469.632, 137
Trd, 8638470.132, 137
Trd, 8638471.132, 140
Trd, 8638471.182, 140
Trd, 8638471.632, 129
Trd, 8638472.182, 138
Trd, 8638472.732, 68
Trd, 8638473.282, 138
Trd, 8638473.382, 136
Trd, 8638476.532, 140
Trd, 8638480.982, 140
Trd, 8638481.082, 140
Trd, 8638481.482, 140
Trd, 8638481.732, 140
Trd, 8638481.832, 140
Trd, 8638483.032, 140
Trd, 8638484.932, 140
Trd, 8638486.132, 140
Trd, 8638486.232, 140
Trd, 8638486.682, 140
Trd, 8638487.432, 107
Trd, 8638487.782, 134
Trd, 8638488.382, 101
Trd, 8638490.232, 140
Trd, 8638490.932, 140
Trd, 8638491.082, 140
Trd, 8638491.232, 140
Trd, 8638491.732, 139
Trd, 8638492.732, 139
Trd, 8638492.882, 138
Trd, 8638493.732, 109
Trd, 8638493.882, 133
Trd, 8638494.532, 130
Trd, 8638495.932, 105
Trd, 8638496.232, 132
Trd, 8638496.582, 61
Trd, 8638498.582, 139
Trd, 8638498.732, 138
Trd, 8638499.482, 68
Trd, 8638499.932, 79
Trd, 8638500.382, 140
Trd, 8638502.232, 140
Trd, 8638502.932, 140
Trd, 8638503.332, 140
Trd, 8638503.782, 140
Trd, 8638504.982, 140
Trd, 8638507.882, 140
Trd, 8638508.532, 139
Trd, 8638508.732, 128
Trd, 8638510.532, 139
Trd, 8638512.132, 137
Trd, 8638512.182, 138
Trd, 8638513.782, 139
Trd, 8638514.732, 140
Trd, 8638514.782, 140
Trd, 8638514.882, 138
Trd, 8638517.032, 140
Trd, 8638518.782, 140
Trd, 8638519.482, 140
Trd, 8638519.932, 140
Trd, 8638520.832, 140
Trd, 8638522.882, 140
Trd, 8638522.932, 140
Trd, 8638523.682, 140
Trd, 8638524.132, 140
Trd, 8638524.382, 81
Trd, 8638525.332, 140
Trd, 8638525.732, 139
Trd, 8638526.032, 139
Trd, 8638526.582, 114
Trd, 8638527.082, 124
Trd, 8638527.882, 137
Trd, 8638528.282, 128
Trd, 8638529.032, 129
Trd, 8638531.582, 140
Trd, 8638531.932, 140
Trd, 8638532.132, 140
Trd, 8638532.332, 137
Trd, 8638533.482, 108
Trd, 8638534.182, 109
Trd, 8638534.232, 107
Trd, 8638537.132, 140
Trd, 8638537.782, 140
Trd, 8638538.832, 140
Trd, 8638539.582, 138
Trd, 8638540.932, 137
Trd, 8638541.882, 140
Trd, 8638542.332, 134
Trd, 8638543.282, 140
Trd, 8638543.832, 140
Trd, 8638543.932, 140
Trd, 8638544.432, 139
Trd, 8638545.232, 89
Trd, 8638545.732, 136
Trd, 8638546.732, 138
Trd, 8638547.432, 136
Trd, 8638549.332, 140
Trd, 8638549.582, 140
Trd, 8638550.382, 140
Trd, 8638550.732, 140
Trd, 8638551.482, 140
Trd, 8638552.182, 139
Trd, 8638553.882, 140
Trd, 8638553.982, 140
Trd, 8638555.232, 140
Trd, 8638555.332, 137
Trd, 8638556.082, 139
Trd, 8638556.282, 124
Trd, 8638557.132, 128
Trd, 8638557.932, 140
Trd, 8638558.332, 140
Trd, 8638560.682, 140
Trd, 8638560.932, 140
Trd, 8638561.982, 140
Trd, 8638562.632, 140
Trd, 8638563.482, 140
Trd, 8638564.282, 137
Trd, 8638565.882, 140
Trd, 8638566.332, 140
Trd, 8638567.982, 140
Trd, 8638568.582, 140
Trd, 8638569.082, 140
Trd, 8638570.682, 140
Trd, 8638571.382, 140
Trd, 8638571.682, 140
Trd, 8638571.932, 106
Trd, 8638572.532, 62
Trd, 8638572.782, 136
Trd, 8638573.082, 86
Trd, 8638574.182, 61
Trd, 8638575.082, 65
Trd, 8638577.132, 60
Trd, 8638577.232, 60
Trd, 8638579.082, 60
Trd, 8638580.382, 60
Trd, 8638580.782, 61
Trd, 8638581.232, 63
Trd, 8638581.332, 64
Trd, 8638581.532, 62
Trd, 8638582.332, 83
Trd, 8638583.182, 133
Trd, 8638583.282, 131
Trd, 8638584.682, 140
Trd, 8638585.782, 140
Trd, 8638587.232, 140
Trd, 8638587.582, 140
Trd, 8638589.432, 140
Trd, 8638589.532, 139
Trd, 8638589.832, 128
Trd, 8638592.432, 140
Trd, 8638593.432, 140
Trd, 8638593.532, 102
Trd, 8638593.682, 96
Trd, 8638594.632, 140
Trd, 8638595.482, 140
Trd, 8638595.632, 140
Trd, 8638596.732, 139
Trd, 8638596.782, 138
Trd, 8638597.882, 140
Trd, 8638600.182, 139
Trd, 8638600.482, 136
Trd, 8638600.782, 134
Trd, 8638600.882, 134
Trd, 8638601.132, 133
Trd, 8638601.782, 140
Trd, 8638602.632, 140
Trd, 8638603.032, 108
Trd, 8638603.082, 109
Trd, 8638603.282, 65
Trd, 8638604.932, 139
Trd, 8638605.432, 125
Trd, 8638605.482, 123
Trd, 8638607.382, 140
Trd, 8638607.932, 140
Trd, 8638608.532, 140
Trd, 8638609.732, 140
Trd, 8638610.582, 140
Trd, 8638612.882, 140
Trd, 8638615.582, 140
Trd, 8638616.682, 140
Trd, 8638617.482, 140
Trd, 8638617.532, 140
Trd, 8638617.732, 140
Trd, 8638618.332, 140
Trd, 8638618.682, 138
Trd, 8638619.582, 140
Trd, 8638622.832, 138
Trd, 8638622.982, 101
Trd, 8638624.582, 140
Trd, 8638625.932, 140
Trd, 8638626.582, 140
Trd, 8638627.582, 140
Trd, 8638627.682, 139
Trd, 8638627.782, 138
Trd, 8638628.382, 137
Trd, 8638629.332, 138
Trd, 8638629.582, 140
Trd, 8638630.282, 120
Trd, 8638630.682, 139
Trd, 8638631.132, 140
Trd, 8638632.982, 118
Trd, 8638633.482, 114
Trd, 8638634.682, 134
Trd, 8638635.082, 133
Trd, 8638636.032, 134
Trd, 8638636.082, 126
Trd, 8638637.282, 140
Trd, 8638638.132, 140
Trd, 8638639.282, 139
Trd, 8638639.532, 136
Trd, 8638640.282, 105
Trd, 8638641.132, 140
Trd, 8638641.832, 116
Trd, 8638642.132, 77
Trd, 8638643.632, 131
Trd, 8638644.332, 117
Trd, 8638646.082, 140
Trd, 8638646.182, 140
Trd, 8638646.732, 140
Trd, 8638647.432, 140
Trd, 8638648.732, 140
Trd, 8638649.032, 140
Trd, 8638649.682, 140
Trd, 8638650.432, 140
Trd, 8638651.282, 140
Trd, 8638653.782, 140
Trd, 8638654.932, 140
Trd, 8638656.382, 140
Trd, 8638656.532, 139
Trd, 8638657.982, 140
Trd, 8638658.182, 140
Trd, 8638658.632, 140
Trd, 8638660.082, 139
Trd, 8638661.182, 140
Trd, 8638661.482, 140
Trd, 8638661.582, 140
Trd, 8638661.782, 140
Trd, 8638662.632, 139
Trd, 8638663.532, 71
Trd, 8638664.132, 60
Trd, 8638664.282, 64
Trd, 8638665.382, 140
Trd, 8638666.382, 140
Trd, 8638667.132, 140
Trd, 8638668.282, 140
Trd, 8638668.532, 140
Trd, 8638669.132, 140
Trd, 8638670.132, 136
Trd, 8638670.382, 119
Trd, 8638672.832, 140
Trd, 8638673.132, 140
Trd, 8638674.082, 140
Trd, 8638674.232, 140
Trd, 8638675.382, 137
Trd, 8638676.682, 128
Trd, 8638677.782, 139
Trd, 8638678.082, 138
Trd, 8638678.382, 135
Trd, 8638678.432, 137
Trd, 8638679.632, 139
Trd, 8638680.182, 140
Trd, 8638680.282, 139
Trd, 8638680.482, 123
Trd, 8638680.832, 106
Trd, 8638681.232, 124
Trd, 8638682.682, 62
Trd, 8638683.982, 138
Trd, 8638685.182, 140
Trd, 8638685.332, 140
Trd, 8638685.832, 139
Trd, 8638687.582, 128
Trd, 8638688.782, 140
Trd, 8638689.982, 140
Trd, 8638690.182, 140
Trd, 8638691.582, 140
Trd, 8638691.782, 140
Trd, 8638692.382, 137
Trd, 8638693.382, 126
Trd, 8638695.032, 140
Trd, 8638695.982, 140
Trd, 8638696.482, 138
Trd, 8638697.582, 140
Trd, 8638700.332, 140
Trd, 8638700.382, 140
Trd, 8638701.782, 140
Trd, 8638702.032, 140
Trd, 8638703.332, 139
Trd, 8638703.682, 139
Trd, 8638705.132, 140
Trd, 8638706.232, 140
Trd, 8638707.082, 140
Trd, 8638707.482, 140
Trd, 8638707.932, 140
Trd, 8638708.532, 138
Trd, 8638710.732, 140
Trd, 8638710.782, 140
Trd, 8638711.682, 134
Trd, 8638712.532, 140
Trd, 8638712.582, 140
Trd, 8638713.632, 121
Trd, 8638714.432, 140
Trd, 8638714.832, 140
Trd, 8638715.132, 132
Trd, 8638717.782, 140
Trd, 8638717.832, 140
Trd, 8638718.282, 140
Trd, 8638719.532, 140
Trd, 8638719.732, 92
Trd, 8638719.882, 85
Trd, 8638720.082, 103
Trd, 8638720.982, 140
Trd, 8638721.432, 140
Trd, 8638723.232, 140
Trd, 8638724.232, 140
Trd, 8638724.782, 140
Trd, 8638725.732, 140
Trd, 8638726.632, 140
Trd, 8638728.782, 140
Trd, 8638729.432, 140
Trd, 8638729.932, 140
Trd, 8638730.782, 140
Trd, 8638730.882, 140
Trd, 8638731.482, 123
Trd, 8638732.082, 137
Trd, 8638734.032, 139
Trd, 8638734.532, 140
Trd, 8638736.482, 140
Trd, 8638736.932, 140
Trd, 8638737.732, 140
Trd, 8638738.232, 140
Trd, 8638738.532, 140
Trd, 8638739.232, 140
Trd, 8638739.432, 140
Trd, 8638740.432, 100
Trd, 8638740.982, 140
Trd, 8638742.632, 139
Trd, 8638742.782, 140
Trd, 8638743.582, 139
Trd, 8638744.632, 139
Trd, 8638745.182, 140
Trd, 8638745.532, 139
Trd, 8638745.782, 140
Trd, 8638746.182, 120
Trd, 8638747.032, 140
Trd, 8638747.782, 139
Trd, 8638748.332, 132
Trd, 8638750.832, 138
Trd, 8638751.382, 140
Trd, 8638752.382, 140
Trd, 8638752.682, 140
Trd, 8638754.332, 140
Trd, 8638754.732, 140
Trd, 8638755.332, 140
Trd, 8638757.532, 140
Trd, 8638757.782, 140
Trd, 8638759.032, 140
Trd, 8638760.532, 139
Trd, 8638760.582, 99
Trd, 8638761.882, 140
Trd, 8638762.032, 139
Trd, 8638762.932, 112
Trd, 8638764.982, 140
Trd, 8638765.432, 135
Trd, 8638765.782, 134
Trd, 8638765.982, 136
Trd, 8638766.732, 135
Trd, 8638768.132, 69
Trd, 8638768.282, 133
Trd, 8638768.732, 135
Trd, 8638769.482, 140
Trd, 8638769.532, 139
Trd, 8638771.032, 140
Trd, 8638772.232, 140
Trd, 8638773.182, 140
Trd, 8638773.282, 140
Trd, 8638775.182, 140
Trd, 8638777.282, 140
Trd, 8638777.382, 120
Trd, 8638778.132, 140
Trd, 8638778.382, 139
Trd, 8638780.032, 108
Trd, 8638780.882, 106
Trd, 8638782.082, 140
Trd, 8638782.232, 139
Trd, 8638783.582, 124
Trd, 8638783.732, 65
Trd, 8638785.982, 140
Trd, 8638786.682, 140
Trd, 8638786.982, 140
Trd, 8638787.432, 138
Trd, 8638787.682, 106
Trd, 8638789.132, 140
Trd, 8638790.482, 135
Trd, 8638791.282, 136
Trd, 8638791.432, 135
Trd, 8638792.032, 131
Trd, 8638793.982, 138
Trd, 8638794.282, 132
Trd, 8638794.882, 68
Trd, 8638796.832, 140
Trd, 8638798.832, 140
Trd, 8638799.382, 140
Trd, 8638799.532, 140
Trd, 8638800.782, 140
Trd, 8638802.182, 140
Trd, 8638803.032, 140
Trd, 8638803.382, 140
Trd, 8638803.682, 140
Trd, 8638803.732, 111
Trd, 8638803.832, 100
Trd, 8638804.532, 127
Trd, 8638805.232, 135
Trd, 8638806.432, 90
Trd, 8638807.432, 93
Trd, 8638807.482, 91
Trd, 8638807.982, 140
Trd, 8638811.282, 140
Trd, 8638811.532, 140
Trd, 8638812.532, 140
Trd, 8638814.132, 140
Trd, 8638815.082, 140
Trd, 8638815.482, 140
Trd, 8638816.132, 140
Trd, 8638816.832, 140
Trd, 8638817.132, 140
Trd, 8638817.632, 139
Trd, 8638817.832, 140
Trd, 8638818.682, 140
Trd, 8638819.232, 137
Trd, 8638819.682, 136
Trd, 8638820.082, 133
Trd, 8638820.782, 60
Trd, 8638820.832, 60
Trd, 8638821.832, 140
Trd, 8638822.932, 136
Trd, 8638823.782, 66
Trd, 8638824.232, 64
Trd, 8638824.982, 61
Trd, 8638827.282, 140
Trd, 8638827.782, 140
Trd, 8638828.782, 140
Trd, 8638829.032, 140
Trd, 8638829.432, 140
Trd, 8638830.882, 140
Trd, 8638831.432, 140
Trd, 8638832.532, 140
Trd, 8638834.082, 140
Trd, 8638835.032, 140
Trd, 8638835.232, 140
Trd, 8638835.982, 140
Trd, 8638837.232, 140
Trd, 8638837.632, 140
Trd, 8638838.182, 140
Trd, 8638838.582, 73
Trd, 8638840.082, 134
Trd, 8638840.632, 134
Trd, 8638841.732, 130
Trd, 8638843.132, 133
Trd, 8638844.282, 139
Trd, 8638844.332, 135
Trd, 8638844.882, 140
Trd, 8638845.032, 140
Trd, 8638845.932, 126
Trd, 8638845.982, 140
Trd, 8638846.582, 140
Trd, 8638846.982, 122
Trd, 8638847.882, 140
Trd, 8638848.182, 121
Trd, 8638849.032, 140
Trd, 8638850.332, 140
Trd, 8638851.032, 135
Trd, 8638851.732, 62
Trd, 8638852.632, 112
Trd, 8638855.582, 140
Trd, 8638857.132, 140
Trd, 8638857.182, 140
Trd, 8638857.682, 140
Trd, 8638857.882, 139
Trd, 8638859.682, 135
Trd, 8638860.032, 119
Trd, 8638860.282, 110
Trd, 8638860.782, 96
Trd, 8638862.032, 126
Trd, 8638863.382, 77
Trd, 8638863.582, 127
Trd, 8638864.082, 73
Trd, 8638864.232, 102
Trd, 8638865.282, 130
Trd, 8638866.432, 130
Trd, 8638866.982, 136
Trd, 8638867.882, 137
Trd, 8638868.282, 139
Trd, 8638868.682, 140
Trd, 8638868.982, 140
Trd, 8638869.832, 140
Trd, 8638871.632, 138
Trd, 8638871.832, 134
Trd, 8638874.732, 140
Trd, 8638874.782, 140
Trd, 8638874.982, 140
Trd, 8638876.282, 140
Trd, 8638876.432, 140
Trd, 8638877.132, 140
Trd, 8638877.282, 140
Trd, 8638880.282, 140
Trd, 8638880.482, 140
Trd, 8638881.032, 140
Trd, 8638883.182, 140
Trd, 8638883.732, 140
Trd, 8638884.582, 140
Trd, 8638884.782, 140
Trd, 8638885.082, 139
Trd, 8638885.332, 139
Trd, 8638887.182, 140
Trd, 8638887.982, 140
Trd, 8638888.432, 139
Trd, 8638888.732, 132
Trd, 8638888.832, 119
Trd, 8638890.832, 140
Trd, 8638892.282, 140
Trd, 8638892.482, 108
Trd, 8638893.032, 139
Trd, 8638893.582, 129
Trd, 8638894.732, 129
Trd, 8638895.282, 135
Trd, 8638895.482, 108
Trd, 8638895.932, 98
Trd, 8638896.382, 92
Trd, 8638897.832, 134
Trd, 8638898.332, 140
Trd, 8638900.082, 124
Trd, 8638901.282, 137
Trd, 8638901.982, 127
Trd, 8638902.682, 127
Trd, 8638903.832, 136
Trd, 8638903.982, 138
Trd, 8638905.182, 139
Trd, 8638905.282, 136
Trd, 8638905.532, 133
Trd, 8638906.682, 134
Trd, 8638907.882, 135
Trd, 8638909.282, 139
Trd, 8638909.332, 134
Trd, 8638910.182, 138
Trd, 8638910.982, 135
Trd, 8638911.382, 99
Trd, 8638911.682, 62
Trd, 8638911.932, 111
Trd, 8638913.432, 140
Trd, 8638916.132, 140
Trd, 8638916.882, 140
Trd, 8638917.682, 140
Trd, 8638917.882, 140
Trd, 8638918.732, 140
Trd, 8638919.382, 140
Trd, 8638920.282, 140
Trd, 8638922.632, 140
Trd, 8638922.982, 140
Trd, 8638923.232, 138
Trd, 8638923.382, 136
Trd, 8638925.782, 140
Trd, 8638925.882, 140
Trd, 8638926.832, 140
Trd, 8638926.982, 140
Trd, 8638928.182, 140
Trd, 8638929.132, 140
Trd, 8638929.332, 140
Trd, 8638930.182, 139
Trd, 8638930.382, 137
Trd, 8638931.582, 137
Trd, 8638932.132, 137
Trd, 8638932.332, 136
Trd, 8638932.532, 135
Trd, 8638933.432, 140
Trd, 8638933.582, 114
Trd, 8638934.982, 140
Trd, 8638935.732, 140
Trd, 8638936.382, 60
Trd, 8638936.732, 63
Trd, 8638937.032, 63
Trd, 8638939.232, 137
Trd, 8638939.282, 136
Trd, 8638939.332, 135
Trd, 8638940.332, 132
Trd, 8638942.182, 136
Trd, 8638944.382, 140
Trd, 8638944.532, 140
Trd, 8638944.732, 140
Trd, 8638945.432, 140
Trd, 8638945.732, 139
Trd, 8638946.232, 140
Trd, 8638946.882, 139
Trd, 8638948.332, 126
Trd, 8638948.932, 132
Trd, 8638951.232, 140
Trd, 8638952.332, 140
Trd, 8638953.982, 140
Trd, 8638954.082, 140
Trd, 8638954.282, 140
Trd, 8638954.432, 140
Trd, 8638954.682, 120
Trd, 8638956.082, 140
Trd, 8638956.432, 140
Trd, 8638956.782, 87
Trd, 8638957.982, 135
Trd, 8638958.082, 134
Trd, 8638958.532, 117
Trd, 8638959.332, 60
Trd, 8638960.482, 61
Trd, 8638960.632, 62
Trd, 8638963.332, 60
Trd, 8638964.182, 60
Trd, 8638965.132, 60
Trd, 8638965.332, 61
Trd, 8638966.382, 61
Trd, 8638966.732, 68
Trd, 8638968.232, 60
Trd, 8638968.382, 61
Trd, 8638968.682, 61
Trd, 8638968.932, 60
Trd, 8638969.232, 62
Trd, 8638970.032, 64
Trd, 8638970.382, 107
Trd, 8638970.682, 113
Trd, 8638971.782, 140
Trd, 8638972.682, 63
Trd, 8638974.132, 60
Trd, 8638974.282, 61
Trd, 8638974.982, 60
Trd, 8638976.682, 60
Trd, 8638976.932, 61
Trd, 8638977.682, 60
Trd, 8638979.632, 60
Trd, 8638980.582, 61
Trd, 8638981.332, 61
Trd, 8638982.832, 60
Trd, 8638983.432, 60
Trd, 8638983.532, 63
Trd, 8638983.732, 63
Trd, 8638984.232, 60
Trd, 8638984.532, 60
Trd, 8638985.032, 64
Trd, 8638985.082, 65
Trd, 8638985.982, 62
Trd, 8638986.332, 66
Trd, 8638987.782, 140
Trd, 8638988.882, 140
Trd, 8638989.382, 140
Trd, 8638989.832, 140
Trd, 8638989.882, 140
Trd, 8638991.832, 137
Trd, 8638992.682, 138
Trd, 8638993.232, 140
Trd, 8638994.332, 140
Trd, 8638994.832, 140
Trd, 8638996.182, 140
Trd, 8638998.882, 140
Trd, 8638998.982, 140
Trd, 8638999.482, 140
Trd, 8638999.682, 140
Trd, 8638999.782, 126
Trd, 8639001.832, 131
Trd, 8639002.132, 130
Trd, 8639003.782, 140
Trd, 8639003.832, 140
Trd, 8639003.982, 140
Trd, 8639005.232, 136
Trd, 8639005.432, 135
Trd, 8639005.632, 113
Trd, 8639006.232, 140
Trd, 8639006.832, 140
Trd, 8639007.582, 136
Trd, 8639008.332, 137
Trd, 8639008.982, 136
Trd, 8639009.332, 117
Trd, 8639009.632, 133
Trd, 8639010.032, 126
Trd, 8639011.682, 140
Trd, 8639012.182, 140
Trd, 8639012.832, 140
Trd, 8639013.032, 140
Trd, 8639013.532, 138
Trd, 8639014.532, 75
Trd, 8639015.282, 67
Trd, 8639016.482, 140
Trd, 8639016.982, 132
Trd, 8639018.032, 69
Trd, 8639018.932, 130
Trd, 8639019.432, 105
Trd, 8639019.782, 60
Trd, 8639020.232, 129
Trd, 8639020.582, 130
Trd, 8639022.782, 60
Trd, 8639022.932, 60
Trd, 8639023.982, 60
Trd, 8639024.082, 61
Trd, 8639025.832, 60
Trd, 8639026.382, 60
Trd, 8639027.182, 60
Trd, 8639028.482, 60
Trd, 8639029.332, 60
Trd, 8639029.432, 61
Trd, 8639030.032, 62
Trd, 8639030.482, 63
Trd, 8639030.532, 67
Trd, 8639031.282, 64
Trd, 8639031.632, 140
Trd, 8639032.782, 140
Trd, 8639033.282, 139
Trd, 8639034.432, 89
Trd, 8639035.982, 124
Trd, 8639037.332, 140
Trd, 8639037.532, 140
Trd, 8639038.232, 133
Trd, 8639038.282, 132
Trd, 8639039.732, 140
Trd, 8639040.982, 140
Trd, 8639043.382, 140
Trd, 8639044.082, 140
Trd, 8639045.182, 140
Trd, 8639045.682, 140
Trd, 8639046.782, 140
Trd, 8639048.132, 140
Trd, 8639048.882, 140
Trd, 8639049.932, 140
Trd, 8639051.132, 140
Trd, 8639051.382, 140
Trd, 8639052.832, 140
Trd, 8639053.132, 138
Trd, 8639055.082, 131
Trd, 8639056.732, 140
Trd, 8639056.782, 140
Trd, 8639059.132, 140
Trd, 8639059.432, 140
Trd, 8639060.382, 140
Trd, 8639060.432, 140
Trd, 8639061.032, 139
Trd, 8639061.982, 140
Trd, 8639062.932, 140
Trd, 8639063.082, 140
Trd, 8639063.982, 140
Trd, 8639064.282, 140
Trd, 8639064.832, 140
Trd, 8639065.482, 139
Trd, 8639066.432, 140
Trd, 8639067.682, 136
Trd, 8639068.632, 113
Trd, 8639069.182, 131
Trd, 8639069.482, 83
Trd, 8639070.882, 137
Trd, 8639071.482, 140
Trd, 8639072.432, 139
Trd, 8639073.632, 137
Trd, 8639073.932, 136
Trd, 8639074.632, 119
Trd, 8639077.032, 140
Trd, 8639077.182, 140
Trd, 8639077.432, 140
Trd, 8639078.182, 140
Trd, 8639078.482, 139
Trd, 8639078.932, 60
Trd, 8639079.582, 60
Trd, 8639080.482, 60
Trd, 8639080.682, 60
Trd, 8639081.532, 60
Trd, 8639082.132, 61
Trd, 8639082.182, 62
Trd, 8639082.782, 140
Trd, 8639082.932, 61
Trd, 8639083.682, 73
Trd, 8639084.982, 62
Trd, 8639086.232, 73
Trd, 8639087.682, 140
Trd, 8639090.432, 140
Trd, 8639090.782, 140
Trd, 8639092.182, 140
Trd, 8639092.332, 140
Trd, 8639092.832, 140
Trd, 8639093.632, 140
Trd, 8639094.332, 140
Trd, 8639095.382, 140
Trd, 8639096.382, 138
Trd, 8639096.882, 140
Trd, 8639097.132, 137
Trd, 8639097.382, 131
Trd, 8639097.682, 105
Trd, 8639100.932, 134
Trd, 8639101.332, 126
Trd, 8639101.532, 127
Trd, 8639101.832, 130
Trd, 8639101.982, 133
Trd, 8639103.082, 129
Trd, 8639104.282, 140
Trd, 8639104.382, 140
Trd, 8639105.482, 140
Trd, 8639105.632, 140
Trd, 8639105.832, 136
Trd, 8639110.332, 140
Trd, 8639110.582, 140
Trd, 8639111.332, 140
Trd, 8639111.482, 140
Trd, 8639111.632, 140
Trd, 8639112.332, 140
Trd, 8639113.532, 140
Trd, 8639114.032, 140
Trd, 8639114.982, 140
Trd, 8639115.282, 140
Trd, 8639116.232, 137
Trd, 8639117.182, 110
Trd, 8639117.282, 111
Trd, 8639117.882, 110
Trd, 8639118.332, 85
Trd, 8639118.932, 101
Trd, 8639119.132, 100
Trd, 8639119.632, 61
Trd, 8639120.082, 140
Trd, 8639121.582, 118
Trd, 8639122.632, 97
Trd, 8639123.332, 139
Trd, 8639123.882, 60
Trd, 8639124.032, 61
Trd, 8639127.282, 140
Trd, 8639127.432, 140
Trd, 8639128.132, 140
Trd, 8639128.732, 140
Trd, 8639130.232, 139
Trd, 8639130.632, 140
Trd, 8639132.482, 140
Trd, 8639132.532, 140
Trd, 8639132.832, 140
Trd, 8639133.382, 139
Trd, 8639133.782, 139
Trd, 8639134.582, 139
Trd, 8639134.782, 110
Trd, 8639136.932, 126
Trd, 8639137.132, 130
Trd, 8639137.482, 126
Trd, 8639137.682, 129
Trd, 8639137.882, 120
Trd, 8639139.832, 63
Trd, 8639140.582, 60
Trd, 8639141.432, 66
Trd, 8639141.732, 72
Trd, 8639142.732, 60
Trd, 8639143.082, 69
Trd, 8639143.932, 62
Trd, 8639144.632, 62
Trd, 8639145.032, 61
Trd, 8639145.532, 60
Trd, 8639145.632, 61
Trd, 8639146.632, 61
Trd, 8639147.232, 140
Trd, 8639147.982, 139
Trd, 8639148.332, 126
Trd, 8639148.732, 60
Trd, 8639148.782, 61
Trd, 8639150.682, 60
Trd, 8639150.932, 61
Trd, 8639152.782, 60
Trd, 8639153.332, 60
Trd, 8639153.432, 60
Trd, 8639153.832, 61
Trd, 8639153.932, 61
Trd, 8639154.182, 64
Trd, 8639154.982, 60
Trd, 8639157.832, 119
Trd, 8639159.382, 138
Trd, 8639159.482, 140
Trd, 8639159.932, 139
Trd, 8639161.082, 140
Trd, 8639161.132, 133
Trd, 8639161.332, 104
Trd, 8639163.682, 140
Trd, 8639164.632, 140
Trd, 8639165.032, 140
Trd, 8639166.982, 140
Trd, 8639167.382, 140
Trd, 8639167.582, 140
Trd, 8639167.732, 140
Trd, 8639167.882, 124
Trd, 8639169.332, 140
Trd, 8639170.732, 140
Trd, 8639171.532, 140
Trd, 8639172.632, 140
Trd, 8639172.882, 140
Trd, 8639173.282, 140
Trd, 8639173.382, 140
Trd, 8639174.932, 132
Trd, 8639175.282, 120
Trd, 8639175.882, 139
Trd, 8639176.582, 136
Trd, 8639176.982, 97
Trd, 8639177.282, 136
Trd, 8639179.032, 101
Trd, 8639179.432, 105
Trd, 8639179.982, 124
Trd, 8639180.532, 103
Trd, 8639180.982, 113
Trd, 8639181.382, 140
Trd, 8639182.532, 110
Trd, 8639183.032, 105
Trd, 8639183.932, 109
Trd, 8639184.132, 103
Trd, 8639185.532, 98
Trd, 8639185.832, 106
Trd, 8639185.982, 105
Trd, 8639186.732, 61
Trd, 8639188.882, 65
Trd, 8639188.932, 65
Trd, 8639188.982, 103
Trd, 8639189.182, 64
Trd, 8639189.432, 63
Trd, 8639190.432, 63
Trd, 8639190.932, 62
Trd, 8639191.082, 64
Trd, 8639192.232, 68
Trd, 8639192.782, 134
Trd, 8639193.332, 138
Trd, 8639194.482, 105
Trd, 8639195.932, 140
Trd, 8639195.982, 140
Trd, 8639197.682, 140
Trd, 8639199.782, 128
Trd, 8639199.882, 104
Trd, 8639201.082, 138
Trd, 8639201.882, 140
Trd, 8639202.882, 136
Trd, 8639204.632, 136
Trd, 8639204.882, 126
Trd, 8639206.632, 132
Trd, 8639207.832, 132
Trd, 8639208.432, 133
Trd, 8639208.482, 131
Trd, 8639208.532, 112
Trd, 8639209.582, 140
Trd, 8639210.382, 140
Trd, 8639211.132, 140
Trd, 8639211.232, 138
Trd, 8639211.532, 138
Trd, 8639213.882, 140
Trd, 8639214.132, 140
Trd, 8639214.282, 138
Trd, 8639214.982, 109
Trd, 8639215.932, 133
Trd, 8639216.282, 130
Trd, 8639216.732, 129
Trd, 8639216.932, 125
Trd, 8639217.282, 123
Trd, 8639218.832, 60
Trd, 8639219.282, 60
Trd, 8639220.082, 60
Trd, 8639220.382, 61
Trd, 8639221.832, 60
Trd, 8639222.232, 61
Trd, 8639223.832, 60
Trd, 8639224.332, 61
Trd, 8639224.882, 65
Trd, 8639225.232, 65
Trd, 8639225.282, 65
Trd, 8639226.832, 140
Trd, 8639227.832, 120
Trd, 8639228.032, 112
Trd, 8639229.282, 132
Trd, 8639229.482, 131
Trd, 8639232.032, 138
Trd, 8639232.232, 138
Trd, 8639232.582, 140
Trd, 8639233.832, 140
Trd, 8639234.532, 140
Trd, 8639235.532, 85
Trd, 8639235.582, 84
Trd, 8639237.082, 140
Trd, 8639238.332, 140
Trd, 8639239.382, 140
Trd, 8639241.382, 140
Trd, 8639242.532, 140
Trd, 8639242.632, 140
Trd, 8639244.282, 140
Trd, 8639244.882, 140
Trd, 8639245.882, 140
Trd, 8639247.582, 140
Trd, 8639248.832, 140
Trd, 8639249.632, 140
Trd, 8639250.982, 140
Trd, 8639251.282, 140
Trd, 8639252.082, 140
Trd, 8639252.832, 140
Trd, 8639253.232, 140
Trd, 8639253.632, 138
Trd, 8639254.232, 138
Trd, 8639254.582, 139
Trd, 8639255.032, 140
Trd, 8639255.882, 139
Trd, 8639256.832, 134
Trd, 8639258.382, 136
Trd, 8639258.732, 137
Trd, 8639260.282, 137
Trd, 8639261.132, 140
Trd, 8639261.732, 140
Trd, 8639261.832, 139
Trd, 8639261.982, 137
Trd, 8639263.332, 68
Trd, 8639263.382, 69
Trd, 8639264.882, 140
Trd, 8639265.482, 110
Trd, 8639266.532, 140
Trd, 8639266.632, 140
Trd, 8639267.582, 129
Trd, 8639269.432, 140
Trd, 8639272.282, 140
Trd, 8639272.882, 140
Trd, 8639273.482, 140
Trd, 8639273.932, 140
Trd, 8639274.382, 140
Trd, 8639275.982, 140
Trd, 8639276.432, 140
Trd, 8639277.832, 140
Trd, 8639278.282, 140
Trd, 8639278.682, 127
Trd, 8639279.282, 86
Trd, 8639280.482, 72
Trd, 8639280.682, 140
Trd, 8639283.082, 140
Trd, 8639283.382, 140
Trd, 8639283.782, 140
Trd, 8639284.032, 102
Trd, 8639287.432, 140
Trd, 8639287.732, 140
Trd, 8639288.232, 140
Trd, 8639288.332, 138
Trd, 8639288.532, 137
Trd, 8639288.732, 136
Trd, 8639288.832, 134
Trd, 8639289.732, 132
Trd, 8639290.182, 126
Trd, 8639291.232, 132
Trd, 8639293.582, 140
Trd, 8639293.882, 139
Trd, 8639294.182, 139
Trd, 8639294.282, 137
Trd, 8639294.482, 137
Trd, 8639295.082, 63
Trd, 8639295.132, 64
Trd, 8639297.382, 140
Trd, 8639299.032, 140
Trd, 8639299.232, 139
Trd, 8639299.582, 138
Trd, 8639300.332, 134
Trd, 8639300.982, 112
Trd, 8639301.382, 136
Trd, 8639303.682, 130
Trd, 8639304.182, 121
Trd, 8639304.282, 121
Trd, 8639304.782, 129
Trd, 8639305.082, 131
Trd, 8639305.182, 131
Trd, 8639305.532, 140
Trd, 8639306.032, 129
Trd, 8639307.632, 120
Trd, 8639309.532, 140
Trd, 8639309.632, 140
Trd, 8639309.732, 118
Trd, 8639309.882, 82
Trd, 8639310.532, 136
Trd, 8639311.832, 128
Trd, 8639312.632, 140
Trd, 8639313.332, 140
Trd, 8639313.682, 138
Trd, 8639314.632, 134
Trd, 8639316.132, 138
Trd, 8639316.282, 140
Trd, 8639316.832, 117
Trd, 8639319.432, 140
Trd, 8639320.182, 140
Trd, 8639321.782, 140
Trd, 8639322.282, 140
Trd, 8639322.682, 140
Trd, 8639322.732, 137
Trd, 8639322.882, 136
Trd, 8639325.132, 132
Trd, 8639326.732, 139
Trd, 8639327.282, 140
Trd, 8639327.332, 128
Trd, 8639329.182, 140
Trd, 8639329.382, 140
Trd, 8639330.032, 116
Trd, 8639330.482, 107
Trd, 8639330.832, 140
Trd, 8639331.632, 137
Trd, 8639332.382, 117
Trd, 8639333.382, 117
Trd, 8639333.982, 140
Trd, 8639335.082, 135
Trd, 8639337.582, 140
Trd, 8639338.032, 140
Trd, 8639338.832, 140
Trd, 8639339.732, 136
Trd, 8639339.982, 119
Trd, 8639341.182, 137
Trd, 8639341.632, 61
Trd, 8639341.882, 64
Trd, 8639342.982, 140
Trd, 8639343.282, 140
Trd, 8639343.932, 140
Trd, 8639345.982, 136
Trd, 8639346.182, 129
Trd, 8639346.832, 129
Trd, 8639347.232, 126
Trd, 8639348.532, 140
Trd, 8639348.582, 128
Trd, 8639350.482, 140
Trd, 8639351.532, 138
Trd, 8639351.832, 127
Trd, 8639353.182, 140
Trd, 8639354.082, 130
Trd, 8639354.482, 130
Trd, 8639357.382, 140
Trd, 8639357.982, 140
Trd, 8639359.132, 139
Trd, 8639359.182, 137
Trd, 8639359.982, 136
Trd, 8639361.832, 113
Trd, 8639362.882, 71
Trd, 8639363.582, 65
Trd, 8639363.982, 65
Trd, 8639364.082, 78
Trd, 8639364.382, 78
Trd, 8639365.382, 140
Trd, 8639365.482, 65
Trd, 8639366.182, 138
Trd, 8639366.482, 112
Trd, 8639368.382, 140
Trd, 8639370.432, 140
Trd, 8639371.882, 140
Trd, 8639373.132, 140
Trd, 8639374.032, 140
Trd, 8639374.732, 140
Trd, 8639375.282, 140
Trd, 8639377.482, 140
Trd, 8639378.482, 140
Trd, 8639378.932, 140
Trd, 8639379.182, 138
Trd, 8639379.532, 139
Trd, 8639380.132, 140
Trd, 8639380.732, 140
Trd, 8639382.232, 140
Trd, 8639383.082, 140
Trd, 8639383.282, 140
Trd, 8639383.732, 140
Trd, 8639383.832, 136
Trd, 8639384.582, 138
Trd, 8639386.682, 109
Trd, 8639387.082, 97
Trd, 8639387.232, 126
Trd, 8639387.532, 123
Trd, 8639388.382, 69
Trd, 8639390.232, 140
Trd, 8639390.582, 140
Trd, 8639390.932, 140
Trd, 8639391.182, 139
Trd, 8639392.332, 138
Trd, 8639393.082, 140
Trd, 8639393.432, 139
Trd, 8639393.832, 138
Trd, 8639393.982, 135
Trd, 8639394.782, 63
Trd, 8639395.582, 139
Trd, 8639396.382, 140
Trd, 8639397.482, 140
Trd, 8639398.582, 104
Trd, 8639399.032, 140
Trd, 8639399.082, 139
Trd, 8639400.232, 140
Trd, 8639401.532, 140
Trd, 8639402.332, 140
Trd, 8639402.632, 138
Trd, 8639403.132, 139
Trd, 8639404.082, 139
Trd, 8639405.432, 140
Trd, 8639405.732, 139
Trd, 8639406.782, 138
Trd, 8639407.582, 138
Trd, 8639407.882, 137
Trd, 8639410.232, 140
Trd, 8639411.232, 140
Trd, 8639411.732, 140
Trd, 8639412.382, 140
Trd, 8639414.182, 140
Trd, 8639414.482, 140
Trd, 8639415.182, 140
Trd, 8639415.382, 139
Trd, 8639415.832, 138
Trd, 8639417.332, 140
Trd, 8639418.482, 139
Trd, 8639418.782, 136
Trd, 8639419.032, 131
Trd, 8639420.532, 133
Trd, 8639420.582, 92
Trd, 8639421.132, 84
Trd, 8639421.682, 131
Trd, 8639422.082, 82
Trd, 8639423.382, 130
Trd, 8639424.082, 69
Trd, 8639424.132, 60
Trd, 8639425.332, 140
Trd, 8639426.182, 108
Trd, 8639427.932, 128
Trd, 8639428.282, 129
Trd, 8639428.682, 127
Trd, 8639428.782, 66
Trd, 8639429.182, 139
Trd, 8639431.332, 139
Trd, 8639433.132, 61
Trd, 8639433.432, 61
Trd, 8639434.782, 62
Trd, 8639435.132, 60
Trd, 8639436.932, 66
Trd, 8639437.132, 117
Trd, 8639439.282, 101
Trd, 8639439.482, 112
Trd, 8639439.832, 114
Trd, 8639439.932, 103
Trd, 8639440.032, 117
Trd, 8639440.732, 139
Trd, 8639440.832, 102
Trd, 8639442.532, 140
Trd, 8639442.982, 140
Trd, 8639445.082, 140
Trd, 8639445.282, 140
Trd, 8639445.332, 139
Trd, 8639447.332, 140
Trd, 8639448.032, 138
Trd, 8639448.582, 140
Trd, 8639449.682, 92
Trd, 8639450.182, 140
Trd, 8639450.432, 91
Trd, 8639451.032, 61
Trd, 8639451.382, 62
Trd, 8639453.282, 140
Trd, 8639453.532, 140
Trd, 8639454.032, 138
Trd, 8639454.282, 137
Trd, 8639455.282, 138
Trd, 8639456.382, 140
Trd, 8639459.082, 140
Trd, 8639459.182, 140
Trd, 8639460.082, 140
Trd, 8639460.782, 140
Trd, 8639460.932, 136
Trd, 8639462.182, 131
Trd, 8639463.432, 140
Trd, 8639463.882, 138
Trd, 8639466.382, 140
Trd, 8639467.382, 106
Trd, 8639468.482, 140
Trd, 8639468.682, 140
Trd, 8639469.882, 140
Trd, 8639470.932, 140
Trd, 8639471.532, 139
Trd, 8639471.732, 139
Trd, 8639472.882, 127
Trd, 8639473.082, 89
Trd, 8639473.882, 125
Trd, 8639474.882, 60
Trd, 8639475.032, 60
Trd, 8639475.632, 60
Trd, 8639477.432, 60
Trd, 8639477.732, 60
Trd, 8639480.082, 65
Trd, 8639480.382, 62
Trd, 8639480.482, 60
Trd, 8639481.082, 65
Trd, 8639481.382, 68
Trd, 8639482.132, 114
Trd, 8639482.382, 113
Trd, 8639483.432, 140
Trd, 8639485.482, 140
Trd, 8639485.882, 140
Trd, 8639486.632, 140
Trd, 8639487.032, 140
Trd, 8639487.232, 140
Trd, 8639488.232, 80
Trd, 8639488.932, 127
Trd, 8639489.082, 133
Trd, 8639490.382, 94
Trd, 8639491.182, 99
Trd, 8639491.682, 62
Trd, 8639492.132, 97
Trd, 8639492.232, 98
Trd, 8639492.682, 81
Trd, 8639494.632, 134
Trd, 8639496.282, 140
Trd, 8639496.482, 140
Trd, 8639497.482, 140
Trd, 8639498.332, 140
Trd, 8639498.382, 140
Trd, 8639498.682, 140
Trd, 8639499.832, 140
Trd, 8639501.382, 140
Trd, 8639503.382, 140
Trd, 8639504.582, 140
Trd, 8639505.232, 140
Trd, 8639505.532, 140
Trd, 8639505.832, 139
Trd, 8639506.932, 122
Trd, 8639508.982, 140
Trd, 8639509.582, 140
Trd, 8639510.532, 126
Trd, 8639510.832, 131
Trd, 8639511.132, 110
Trd, 8639513.332, 127
Trd, 8639513.532, 127
Trd, 8639513.632, 126
Trd, 8639515.432, 68
Trd, 8639515.982, 61
Trd, 8639516.732, 123
Trd, 8639516.832, 122
Trd, 8639517.382, 125
Trd, 8639518.132, 125
Trd, 8639518.782, 63
Trd, 8639519.282, 133
Trd, 8639519.382, 127
Trd, 8639520.332, 140
Trd, 8639521.482, 127
Trd, 8639523.482, 140
Trd, 8639524.582, 140
Trd, 8639524.632, 140
Trd, 8639525.582, 140
Trd, 8639526.632, 140
Trd, 8639527.632, 140
Trd, 8639528.232, 140
Trd, 8639528.332, 113
Trd, 8639528.732, 135
Trd, 8639530.032, 139
Trd, 8639530.382, 139
Trd, 8639530.882, 140
Trd, 8639531.432, 140
Trd, 8639531.532, 140
Trd, 8639532.532, 140
Trd, 8639532.582, 81
Trd, 8639534.282, 140
Trd, 8639534.782, 140
Trd, 8639535.932, 140
Trd, 8639538.082, 140
Trd, 8639539.232, 140
Trd, 8639540.382, 140
Trd, 8639541.532, 140
Trd, 8639541.932, 140
Trd, 8639542.582, 140
Trd, 8639542.832, 139
Trd, 8639543.432, 124
Trd, 8639543.682, 94
Trd, 8639544.332, 67
Trd, 8639546.582, 65
Trd, 8639546.632, 66
Trd, 8639547.382, 138
Trd, 8639547.482, 115
Trd, 8639548.532, 66
Trd, 8639551.182, 60
Trd, 8639551.432, 61
Trd, 8639552.032, 63
Trd, 8639552.632, 65
Trd, 8639553.632, 62
Trd, 8639554.382, 62
Trd, 8639554.582, 65
Trd, 8639555.032, 60
Trd, 8639556.282, 61
Trd, 8639557.232, 62
Trd, 8639557.532, 64
Trd, 8639558.032, 65
Trd, 8639558.582, 62
Trd, 8639558.682, 62
Trd, 8639559.382, 62
Trd, 8639559.532, 63
Trd, 8639559.882, 100
Trd, 8639560.782, 64
Trd, 8639561.532, 140
Trd, 8639561.682, 139
Trd, 8639563.832, 137
Trd, 8639565.482, 137
Trd, 8639566.182, 139
Trd, 8639566.282, 136
Trd, 8639566.532, 136
Trd, 8639568.082, 139
Trd, 8639568.232, 110
Trd, 8639568.382, 86
Trd, 8639569.232, 127
Trd, 8639569.382, 126
Trd, 8639571.282, 140
Trd, 8639571.832, 140
Trd, 8639572.982, 140
Trd, 8639573.982, 140
Trd, 8639574.182, 140
Trd, 8639574.532, 126
Trd, 8639575.932, 139
Trd, 8639577.632, 140
Trd, 8639577.732, 140
Trd, 8639580.482, 140
Trd, 8639580.632, 140
Trd, 8639582.532, 140
Trd, 8639584.682, 140
Trd, 8639586.132, 140
Trd, 8639586.932, 140
Trd, 8639587.932, 140
Trd, 8639588.082, 140
Trd, 8639588.732, 140
Trd, 8639589.232, 140
Trd, 8639589.732, 74
Trd, 8639590.082, 110
Trd, 8639590.832, 138
Trd, 8639590.932, 137
Trd, 8639591.832, 138
Trd, 8639592.682, 140
Trd, 8639593.732, 140
Trd, 8639594.232, 132
Trd, 8639595.282, 131
Trd, 8639595.932, 132
Trd, 8639596.682, 133
Trd, 8639597.532, 130
Trd, 8639597.682, 131
Trd, 8639598.682, 135
Trd, 8639600.082, 140
Trd, 8639600.132, 140
Trd, 8639600.632, 139
Trd, 8639602.332, 140
Trd, 8639602.582, 140
Trd, 8639603.182, 140
Trd, 8639603.782, 140
Trd, 8639604.032, 136
Trd, 8639606.532, 140
Trd, 8639607.432, 140
Trd, 8639607.982, 140
Trd, 8639609.032, 140
Trd, 8639609.582, 140
Trd, 8639609.732, 139
Trd, 8639610.782, 140
Trd, 8639610.932, 132
Trd, 8639611.482, 92
Trd, 8639613.032, 135
Trd, 8639613.332, 90
Trd, 8639614.432, 118
Trd, 8639614.832, 117
Trd, 8639614.982, 131
Trd, 8639615.082, 132
Trd, 8639616.582, 138
Trd, 8639616.832, 125
Trd, 8639618.132, 140
Trd, 8639620.282, 113
Trd, 8639620.482, 112
Trd, 8639621.582, 140
Trd, 8639621.782, 127
Trd, 8639623.082, 140
Trd, 8639623.232, 139
Trd, 8639623.682, 139
Trd, 8639624.382, 110
Trd, 8639625.082, 130
Trd, 8639625.932, 65
Trd, 8639626.632, 65
Trd, 8639626.882, 61
Trd, 8639628.482, 140
Trd, 8639629.782, 140
Trd, 8639630.532, 140
Trd, 8639630.932, 140
Trd, 8639632.682, 140
Trd, 8639633.882, 140
Trd, 8639634.832, 139
Trd, 8639635.182, 135
Trd, 8639636.132, 136
Trd, 8639636.382, 136
Trd, 8639636.982, 133
Trd, 8639637.832, 131
Trd, 8639638.682, 101
Trd, 8639638.732, 127
Trd, 8639638.932, 128
Trd, 8639639.632, 113
Trd, 8639639.932, 126
Trd, 8639640.432, 95
Trd, 8639640.532, 84
Trd, 8639641.932, 139
Trd, 8639642.732, 138
Trd, 8639644.932, 138
Trd, 8639645.882, 137
Trd, 8639646.932, 139
Trd, 8639647.082, 136
Trd, 8639647.382, 132
Trd, 8639648.082, 106
Trd, 8639648.132, 102
Trd, 8639648.482, 107
Trd, 8639649.332, 140
Trd, 8639651.282, 140
Trd, 8639651.582, 140
Trd, 8639651.982, 135
Trd, 8639654.282, 140
Trd, 8639655.332, 140
Trd, 8639656.382, 140
Trd, 8639656.932, 140
Trd, 8639658.732, 140
Trd, 8639659.932, 140
Trd, 8639660.682, 140
Trd, 8639660.732, 140
Trd, 8639660.782, 140
Trd, 8639661.782, 140
Trd, 8639662.932, 140
Trd, 8639664.882, 140
Trd, 8639665.982, 140
Trd, 8639666.082, 140
Trd, 8639666.182, 137
Trd, 8639666.682, 136
Trd, 8639668.582, 137
Trd, 8639669.332, 136
Trd, 8639669.682, 135
Trd, 8639670.332, 125
Trd, 8639670.432, 124
Trd, 8639672.332, 126
Trd, 8639672.532, 136
Trd, 8639672.832, 137
Trd, 8639674.032, 140
Trd, 8639674.482, 140
Trd, 8639676.132, 140
Trd, 8639676.982, 140
Trd, 8639677.932, 140
Trd, 8639678.332, 134
Trd, 8639678.932, 139
Trd, 8639680.032, 140
Trd, 8639681.382, 140
Trd, 8639681.482, 140
Trd, 8639682.932, 139
Trd, 8639683.732, 133
Trd, 8639684.582, 132
Trd, 8639684.932, 119
Trd, 8639685.182, 118
Trd, 8639686.532, 140
Trd, 8639687.482, 83
Trd, 8639687.632, 82
Trd, 8639690.382, 140
Trd, 8639690.732, 140
Trd, 8639690.782, 139
Trd, 8639692.282, 140
Trd, 8639693.282, 140
Trd, 8639693.732, 140
Trd, 8639694.482, 140
Trd, 8639695.932, 140
Trd, 8639696.582, 140
Trd, 8639696.682, 140
Trd, 8639696.932, 134
Trd, 8639700.482, 140
Trd, 8639701.682, 140
Trd, 8639701.732, 140
Trd, 8639702.432, 140
Trd, 8639702.832, 140
Trd, 8639703.732, 139
Trd, 8639704.732, 139
Trd, 8639707.182, 140
Trd, 8639707.432, 140
Trd, 8639707.982, 140
Trd, 8639708.932, 140
Trd, 8639709.432, 140
Trd, 8639709.732, 140
Trd, 8639710.082, 139
Trd, 8639710.682, 134
Trd, 8639711.582, 70
Trd, 8639712.032, 121
Trd, 8639713.782, 60
Trd, 8639713.832, 60
Trd, 8639713.882, 65
Trd, 8639716.282, 138
Trd, 8639716.632, 135
Trd, 8639716.832, 135
Trd, 8639717.282, 135
Trd, 8639717.482, 139
Trd, 8639717.832, 134
Trd, 8639719.682, 140
Trd, 8639720.432, 140
Trd, 8639720.532, 136
Trd, 8639721.182, 131
Trd, 8639722.582, 131
Trd, 8639722.932, 131
Trd, 8639723.632, 133
Trd, 8639724.032, 133
Trd, 8639725.782, 132
Trd, 8639726.582, 132
Trd, 8639727.482, 137
Trd, 8639728.332, 136
Trd, 8639731.632, 140
Trd, 8639731.882, 140
Trd, 8639732.632, 140
Trd, 8639733.032, 140
Trd, 8639733.832, 140
Trd, 8639734.182, 140
Trd, 8639736.282, 140
Trd, 8639736.932, 140
Trd, 8639737.032, 140
Trd, 8639737.882, 140
Trd, 8639737.932, 140
Trd, 8639738.032, 107
Trd, 8639738.332, 140
Trd, 8639738.882, 135
Trd, 8639740.482, 115
Trd, 8639740.782, 80
Trd, 8639741.182, 118
Trd, 8639741.832, 114
Trd, 8639742.232, 137
Trd, 8639743.632, 134
Trd, 8639744.332, 140
Trd, 8639746.932, 140
Trd, 8639747.232, 140
Trd, 8639747.732, 140
Trd, 8639748.482, 140
Trd, 8639749.882, 140
Trd, 8639750.432, 140
Trd, 8639750.782, 140
Trd, 8639752.432, 140
Trd, 8639753.882, 140
Trd, 8639754.232, 140
Trd, 8639755.232, 135
Trd, 8639756.632, 135
Trd, 8639757.732, 140
Trd, 8639758.882, 140
Trd, 8639761.532, 140
Trd, 8639761.632, 140
Trd, 8639762.332, 140
Trd, 8639762.832, 126
Trd, 8639763.082, 110
Trd, 8639763.882, 140
Trd, 8639764.032, 140
Trd, 8639765.082, 140
Trd, 8639765.382, 137
Trd, 8639765.682, 114
Trd, 8639765.782, 113
Trd, 8639767.582, 140
Trd, 8639768.032, 140
Trd, 8639768.732, 140
Trd, 8639768.882, 137
Trd, 8639769.432, 60
Trd, 8639769.782, 106
Trd, 8639770.432, 61
Trd, 8639772.232, 138
Trd, 8639772.482, 138
Trd, 8639772.782, 137
Trd, 8639773.882, 140
Trd, 8639774.082, 133
Trd, 8639774.982, 135
Trd, 8639775.832, 110
Trd, 8639776.932, 110
Trd, 8639778.032, 115
Trd, 8639779.282, 140
Trd, 8639779.982, 136
Trd, 8639781.732, 137
Trd, 8639782.182, 137
Trd, 8639782.782, 140
Trd, 8639783.882, 140
Trd, 8639784.332, 140
Trd, 8639785.432, 114
Trd, 8639786.482, 137
Trd, 8639787.382, 140
Trd, 8639787.732, 140
Trd, 8639790.182, 140
Trd, 8639791.932, 140
Trd, 8639792.482, 140
Trd, 8639792.982, 140
Trd, 8639794.632, 140
Trd, 8639794.682, 139
Trd, 8639796.032, 140
Trd, 8639796.832, 140
Trd, 8639797.582, 140
Trd, 8639797.632, 128
Trd, 8639799.332, 139
Trd, 8639799.932, 139
Trd, 8639801.082, 138
Trd, 8639801.832, 140
Trd, 8639803.282, 140
Trd, 8639805.582, 140
Trd, 8639806.682, 140
Trd, 8639807.182, 140
Trd, 8639807.382, 140
Trd, 8639807.532, 140
Trd, 8639807.582, 139
Trd, 8639808.182, 140
Trd, 8639809.032, 139
Trd, 8639810.532, 137
Trd, 8639811.232, 136
Trd, 8639812.032, 136
Trd, 8639813.582, 140
Trd, 8639813.982, 139
Trd, 8639815.932, 140
Trd, 8639816.332, 140
Trd, 8639817.132, 135
Trd, 8639818.582, 140
Trd, 8639819.232, 139
Trd, 8639819.732, 138
Trd, 8639821.282, 140
Trd, 8639823.432, 140
Trd, 8639824.782, 140
Trd, 8639824.982, 140
Trd, 8639825.582, 140
Trd, 8639826.632, 140
Trd, 8639827.032, 140
Trd, 8639829.082, 140
Trd, 8639829.532, 140
Trd, 8639830.582, 140
Trd, 8639832.132, 140
Trd, 8639832.532, 140
Trd, 8639832.882, 140
Trd, 8639833.232, 140
Trd, 8639833.582, 140
Trd, 8639833.682, 99
Trd, 8639833.982, 98
Trd, 8639834.832, 85
Trd, 8639836.582, 139
Trd, 8639836.882, 96
Trd, 8639837.182, 125
Trd, 8639839.032, 140
Trd, 8639839.532, 66
Trd, 8639840.382, 60
Trd, 8639840.982, 60
Trd, 8639841.532, 60
Trd, 8639841.832, 60
Trd, 8639842.082, 60
Trd, 8639842.282, 62
Trd, 8639842.332, 66
Trd, 8639843.532, 61
Trd, 8639843.932, 96
Trd, 8639846.182, 60
Trd, 8639847.382, 96
Trd, 8639848.832, 140
Trd, 8639850.132, 140
Trd, 8639850.332, 140
Trd, 8639850.382, 140
Trd, 8639850.882, 140
Trd, 8639851.382, 139
Trd, 8639854.132, 140
Trd, 8639855.482, 140
Trd, 8639855.932, 140
Trd, 8639857.032, 140
Trd, 8639858.132, 140
Trd, 8639858.732, 140
Trd, 8639860.732, 140
Trd, 8639861.232, 140
Trd, 8639861.432, 116
Trd, 8639862.982, 135
Trd, 8639863.382, 137
Trd, 8639863.432, 136
Trd, 8639863.782, 135
Trd, 8639866.282, 140
Trd, 8639866.932, 140
Trd, 8639867.682, 140
Trd, 8639868.132, 128
Trd, 8639869.632, 140
Trd, 8639869.982, 140
Trd, 8639870.032, 139
Trd, 8639871.482, 139
Trd, 8639872.882, 103
Trd, 8639873.132, 131
Trd, 8639874.132, 110
Trd, 8639874.182, 105
Trd, 8639874.882, 104
Trd, 8639874.982, 131
Trd, 8639875.432, 77
Trd, 8639876.982, 140
Trd, 8639877.632, 140
Trd, 8639878.332, 134
Trd, 8639878.632, 140
Trd, 8639881.982, 140
Trd, 8639883.182, 140
Trd, 8639883.332, 140
Trd, 8639885.132, 140
Trd, 8639885.632, 140
Trd, 8639887.182, 140
Trd, 8639887.732, 102
Trd, 8639888.082, 138
Trd, 8639888.282, 120
Trd, 8639888.432, 66
Trd, 8639888.882, 139
Trd, 8639890.132, 140
Trd, 8639890.482, 139
Trd, 8639893.432, 140
Trd, 8639894.732, 140
Trd, 8639894.932, 140
Trd, 8639895.032, 140
Trd, 8639895.482, 140
Trd, 8639895.532, 139
Trd, 8639896.832, 140
Trd, 8639896.932, 140
Trd, 8639897.782, 139
Trd, 8639899.232, 140
Trd, 8639899.432, 140
Trd, 8639901.882, 140
Trd, 8639902.082, 138
Trd, 8639902.582, 130
Trd, 8639902.632, 129
Trd, 8639903.282, 126
Trd, 8639903.482, 125
Trd, 8639903.632, 139
Trd, 8639905.932, 114
Trd, 8639906.532, 140
Trd, 8639907.982, 138
Trd, 8639909.632, 137
Trd, 8639911.882, 139
Trd, 8639912.082, 138
Trd, 8639912.782, 140
Trd, 8639912.882, 140
Trd, 8639913.232, 140
Trd, 8639913.482, 110
Trd, 8639913.632, 91
Trd, 8639914.132, 138
Trd, 8639914.582, 96
Trd, 8639915.532, 117
Trd, 8639916.832, 140
Trd, 8639917.382, 140
Trd, 8639918.932, 140
Trd, 8639918.982, 140
Trd, 8639920.182, 140
Trd, 8639922.332, 140
Trd, 8639924.232, 140
Trd, 8639924.382, 140
Trd, 8639924.782, 133
Trd, 8639925.332, 118
Trd, 8639926.632, 140
Trd, 8639927.682, 140
Trd, 8639928.132, 140
Trd, 8639928.632, 118
Trd, 8639928.932, 135
Trd, 8639930.432, 136
Trd, 8639930.632, 126
Trd, 8639931.132, 133
Trd, 8639931.682, 134
Trd, 8639932.232, 133
Trd, 8639932.732, 130
Trd, 8639933.382, 133
Trd, 8639933.932, 77
Trd, 8639936.182, 140
Trd, 8639937.532, 140
Trd, 8639937.682, 140
Trd, 8639938.282, 140
Trd, 8639939.482, 122
Trd, 8639939.682, 121
Trd, 8639942.432, 140
Trd, 8639943.182, 140
Trd, 8639943.932, 140
Trd, 8639944.232, 140
Trd, 8639944.532, 138
Trd, 8639945.082, 140
Trd, 8639945.282, 92
Trd, 8639946.182, 140
Trd, 8639946.532, 139
Trd, 8639946.632, 138
Trd, 8639947.082, 113
Trd, 8639947.932, 94
Trd, 8639951.332, 140
Trd, 8639951.482, 140
Trd, 8639951.832, 140
Trd, 8639952.682, 140
Trd, 8639955.132, 140
Trd, 8639955.832, 140
Trd, 8639955.932, 140
Trd, 8639956.632, 140
Trd, 8639956.782, 140
Trd, 8639957.382, 140
Trd, 8639958.082, 140
Trd, 8639958.282, 139
Trd, 8639958.482, 136
Trd, 8639959.882, 140
Trd, 8639960.132, 140
Trd, 8639962.182, 139
Trd, 8639964.032, 140
Trd, 8639964.882, 140
Trd, 8639966.382, 140
Trd, 8639966.782, 140
Trd, 8639966.832, 140
Trd, 8639967.082, 128
Trd, 8639967.232, 80
Trd, 8639968.282, 139
Trd, 8639968.332, 138
Trd, 8639969.132, 133
Trd, 8639969.482, 95
Trd, 8639970.632, 60
Trd, 8639971.482, 66
Trd, 8639971.832, 66
Trd, 8639972.032, 70
Trd, 8639972.482, 123
Trd, 8639974.882, 60
Trd, 8639975.132, 60
Trd, 8639975.732, 60
Trd, 8639976.282, 60
Trd, 8639976.932, 60
Trd, 8639977.282, 61
Trd, 8639978.382, 61
Trd, 8639978.882, 62
Trd, 8639979.382, 64
Trd, 8639979.582, 71
Trd, 8639979.832, 62
Trd, 8639980.782, 140
Trd, 8639981.782, 99
Trd, 8639982.232, 99
Trd, 8639982.582, 98
Trd, 8639985.032, 140
Trd, 8639985.382, 140
Trd, 8639986.532, 140
Trd, 8639986.632, 140
Trd, 8639987.732, 86
Trd, 8639988.232, 137
Trd, 8639989.882, 122
Trd, 8639990.082, 109
Trd, 8639991.132, 137
Trd, 8639991.532, 124
Trd, 8639991.932, 124
Trd, 8639993.032, 60
Trd, 8639994.682, 140
Trd, 8639995.632, 140
Trd, 8639995.982, 140
Trd, 8639997.332, 140
Trd, 8639997.882, 140
Trd, 8639998.732, 119
Trd, 8639998.782, 106
Trd, 8639999.182, 128
