Trd, 8638159.032, 60
Trd, 8638159.482, 60
Trd, 8638161.182, 69
Trd, 8638161.932, 60
Trd, 8638162.932, 64
Trd, 8638163.082, 67
Trd, 8638164.532, 62
Trd, 8638165.082, 60
Trd, 8638166.032, 60
Trd, 8638166.382, 66
Trd, 8638166.782, 62
Trd, 8638167.882, 67
Trd, 8638168.282, 95
Trd, 8638168.882, 140
Trd, 8638168.932, 140
Trd, 8638169.382, 140
Trd, 8638169.682, 138
Trd, 8638170.182, 140
Trd, 8638171.332, 140
Trd, 8638171.932, 140
Trd, 8638172.632, 140
Trd, 8638173.232, 140
Trd, 8638173.432, 130
Trd, 8638174.732, 140
Trd, 8638175.082, 140
Trd, 8638175.632, 140
Trd, 8638175.882, 139
Trd, 8638176.382, 139
Trd, 8638177.182, 138
Trd, 8638177.882, 139
Trd, 8638179.032, 109
Trd, 8638179.082, 108
Trd, 8638181.432, 140
Trd, 8638182.032, 140
Trd, 8638182.232, 140
Trd, 8638182.432, 139
Trd, 8638183.282, 138
Trd, 8638183.882, 136
Trd, 8638184.982, 140
Trd, 8638185.832, 139
Trd, 8638187.332, 140
Trd, 8638187.532, 140
Trd, 8638187.632, 140
Trd, 8638188.332, 140
Trd, 8638188.882, 140
Trd, 8638188.932, 139
Trd, 8638189.432, 78
Trd, 8638190.082, 140
Trd, 8638191.182, 140
Trd, 8638191.532, 138
Trd, 8638191.932, 73
Trd, 8638193.282, 140
Trd, 8638193.332, 137
Trd, 8638194.932, 140
Trd, 8638195.332, 140
Trd, 8638195.482, 140
Trd, 8638195.782, 138
Trd, 8638198.032, 140
Trd, 8638198.732, 140
Trd, 8638199.282, 140
Trd, 8638199.382, 140
Trd, 8638200.582, 140
Trd, 8638201.082, 140
Trd, 8638201.982, 140
Trd, 8638203.382, 140
Trd, 8638204.282, 140
Trd, 8638204.432, 140
Trd, 8638205.032, 140
Trd, 8638205.482, 140
Trd, 8638205.982, 140
Trd, 8638207.032, 140
Trd, 8638207.132, 140
Trd, 8638207.682, 140
Trd, 8638208.732, 140
Trd, 8638209.582, 140
Trd, 8638210.632, 140
Trd, 8638211.132, 140
Trd, 8638211.982, 140
Trd, 8638212.182, 140
Trd, 8638212.432, 60
Trd, 8638213.832, 140
Trd, 8638213.932, 140
Trd, 8638214.482, 140
Trd, 8638216.382, 140
Trd, 8638217.282, 140
Trd, 8638217.582, 140
Trd, 8638218.232, 140
Trd, 8638218.432, 140
Trd, 8638218.832, 140
Trd, 8638219.232, 140
Trd, 8638219.582, 140
Trd, 8638220.232, 140
Trd, 8638221.232, 140
Trd, 8638222.132, 79
Trd, 8638222.982, 75
Trd, 8638223.382, 138
Trd, 8638223.932, 138
Trd, 8638225.282, 78
Trd, 8638225.732, 94
Trd, 8638226.482, 95
Trd, 8638226.632, 123
Trd, 8638227.932, 140
Trd, 8638228.432, 139
Trd, 8638228.682, 140
Trd, 8638229.632, 125
Trd, 8638229.982, 140
Trd, 8638231.032, 137
Trd, 8638232.482, 136
Trd, 8638234.582, 140
Trd, 8638235.132, 140
Trd, 8638235.682, 140
Trd, 8638235.882, 140
Trd, 8638236.082, 140
Trd, 8638236.232, 137
Trd, 8638236.382, 136
Trd, 8638236.582, 60
Trd, 8638237.982, 140
Trd, 8638239.232, 140
Trd, 8638239.682, 140
Trd, 8638239.932, 140
Trd, 8638240.282, 122
Trd, 8638240.582, 121
Trd, 8638240.932, 140
Trd, 8638241.782, 139
Trd, 8638242.082, 139
Trd, 8638242.232, 61
Trd, 8638243.782, 139
Trd, 8638244.132, 139
Trd, 8638245.232, 136
Trd, 8638246.032, 114
Trd, 8638246.082, 83
Trd, 8638247.482, 60
Trd, 8638248.082, 60
Trd, 8638248.232, 64
Trd, 8638249.332, 66
Trd, 8638249.582, 65
Trd, 8638250.182, 65
Trd, 8638250.382, 64
Trd, 8638250.482, 72
Trd, 8638250.932, 62
Trd, 8638251.532, 61
Trd, 8638253.932, 60
Trd, 8638254.932, 63
Trd, 8638255.032, 64
Trd, 8638255.132, 87
Trd, 8638256.182, 61
Trd, 8638258.732, 61
Trd, 8638258.782, 62
Trd, 8638259.132, 60
Trd, 8638259.282, 63
Trd, 8638260.382, 60
Trd, 8638261.832, 61
Trd, 8638262.082, 68
Trd, 8638262.532, 71
Trd, 8638262.732, 63
Trd, 8638264.232, 63
Trd, 8638264.732, 61
Trd, 8638265.282, 62
Trd, 8638265.832, 63
Trd, 8638267.132, 61
Trd, 8638268.632, 62
Trd, 8638269.132, 64
Trd, 8638269.532, 63
Trd, 8638269.632, 85
Trd, 8638269.832, 140
Trd, 8638270.182, 140
Trd, 8638270.882, 124
Trd, 8638271.682, 137
Trd, 8638272.682, 66
Trd, 8638274.032, 60
Trd, 8638274.782, 61
Trd, 8638274.982, 63
Trd, 8638276.082, 116
Trd, 8638278.082, 60
Trd, 8638279.832, 60
Trd, 8638280.232, 61
Trd, 8638280.632, 70
Trd, 8638280.982, 62
Trd, 8638281.082, 61
Trd, 8638281.232, 71
Trd, 8638282.082, 106
Trd, 8638282.432, 140
Trd, 8638283.082, 65
Trd, 8638283.282, 65
Trd, 8638283.982, 67
Trd, 8638284.682, 140
Trd, 8638285.632, 140
Trd, 8638286.632, 63
Trd, 8638288.432, 105
Trd, 8638288.632, 104
Trd, 8638288.732, 103
Trd, 8638288.982, 114
Trd, 8638289.232, 93
Trd, 8638290.032, 138
Trd, 8638290.082, 92
Trd, 8638291.132, 140
Trd, 8638291.282, 139
Trd, 8638291.532, 138
Trd, 8638293.582, 140
Trd, 8638293.732, 140
Trd, 8638293.782, 140
Trd, 8638294.582, 140
Trd, 8638296.182, 62
Trd, 8638296.382, 64
Trd, 8638296.682, 64
Trd, 8638297.832, 60
Trd, 8638298.332, 63
Trd, 8638298.582, 67
Trd, 8638300.832, 66
Trd, 8638301.632, 60
Trd, 8638302.432, 60
Trd, 8638302.582, 61
Trd, 8638302.782, 60
Trd, 8638303.332, 60
Trd, 8638303.732, 65
Trd, 8638305.132, 61
Trd, 8638305.532, 62
Trd, 8638305.732, 85
Trd, 8638306.732, 66
Trd, 8638307.282, 61
Trd, 8638308.232, 61
Trd, 8638309.532, 62
Trd, 8638310.782, 60
Trd, 8638311.482, 63
Trd, 8638312.082, 64
Trd, 8638312.782, 61
Trd, 8638312.832, 61
Trd, 8638314.882, 61
Trd, 8638315.832, 67
Trd, 8638315.982, 60
Trd, 8638316.732, 61
Trd, 8638316.882, 88
Trd, 8638318.732, 138
Trd, 8638319.282, 97
Trd, 8638319.532, 67
Trd, 8638319.732, 71
Trd, 8638320.282, 71
Trd, 8638320.532, 70
Trd, 8638320.782, 96
Trd, 8638322.132, 140
Trd, 8638322.482, 140
Trd, 8638322.682, 138
Trd, 8638323.182, 140
Trd, 8638323.582, 131
Trd, 8638323.882, 140
Trd, 8638325.032, 140
Trd, 8638328.032, 63
Trd, 8638328.382, 65
Trd, 8638329.582, 66
Trd, 8638330.832, 64
Trd, 8638332.632, 60
Trd, 8638332.932, 63
Trd, 8638333.032, 62
Trd, 8638333.582, 67
Trd, 8638333.682, 68
Trd, 8638334.082, 63
Trd, 8638334.632, 99
Trd, 8638335.532, 138
Trd, 8638336.082, 120
Trd, 8638337.182, 60
Trd, 8638337.582, 80
Trd, 8638337.682, 112
Trd, 8638338.732, 62
Trd, 8638340.232, 61
Trd, 8638340.632, 62
Trd, 8638340.982, 60
Trd, 8638341.982, 62
Trd, 8638342.132, 63
Trd, 8638344.432, 60
Trd, 8638345.132, 60
Trd, 8638346.482, 60
Trd, 8638348.182, 62
Trd, 8638348.382, 62
Trd, 8638348.782, 66
Trd, 8638349.182, 66
Trd, 8638349.532, 62
Trd, 8638350.332, 66
Trd, 8638351.032, 63
Trd, 8638352.582, 60
Trd, 8638352.832, 63
Trd, 8638353.032, 84
Trd, 8638354.282, 63
Trd, 8638356.282, 60
Trd, 8638356.632, 63
Trd, 8638357.532, 60
Trd, 8638358.832, 60
Trd, 8638359.082, 60
Trd, 8638359.782, 62
Trd, 8638360.332, 60
Trd, 8638360.482, 74
Trd, 8638360.582, 62
Trd, 8638362.132, 63
Trd, 8638362.832, 65
Trd, 8638362.932, 66
Trd, 8638363.582, 140
Trd, 8638364.182, 63
Trd, 8638365.182, 140
Trd, 8638365.232, 140
Trd, 8638366.482, 140
Trd, 8638367.232, 140
Trd, 8638367.832, 110
Trd, 8638368.132, 62
Trd, 8638368.882, 140
Trd, 8638370.282, 140
Trd, 8638370.332, 140
Trd, 8638371.682, 140
Trd, 8638372.332, 140
Trd, 8638372.732, 140
Trd, 8638373.482, 140
Trd, 8638373.732, 140
Trd, 8638373.982, 140
Trd, 8638374.082, 138
Trd, 8638375.182, 140
Trd, 8638376.182, 140
Trd, 8638378.032, 140
Trd, 8638378.232, 140
Trd, 8638378.782, 140
Trd, 8638379.282, 140
Trd, 8638379.482, 140
Trd, 8638379.582, 140
Trd, 8638380.632, 60
Trd, 8638381.382, 65
Trd, 8638381.532, 65
Trd, 8638382.182, 88
Trd, 8638382.482, 62
Trd, 8638382.682, 140
Trd, 8638384.382, 60
Trd, 8638385.732, 69
Trd, 8638386.382, 61
Trd, 8638387.832, 60
Trd, 8638387.882, 61
Trd, 8638389.282, 60
Trd, 8638389.632, 62
Trd, 8638391.532, 61
Trd, 8638392.632, 64
Trd, 8638393.782, 60
Trd, 8638394.732, 61
Trd, 8638395.182, 61
Trd, 8638395.382, 62
Trd, 8638395.732, 63
Trd, 8638396.682, 67
Trd, 8638397.532, 65
Trd, 8638397.932, 62
Trd, 8638398.732, 60
Trd, 8638399.282, 131
Trd, 8638400.332, 139
Trd, 8638400.482, 139
Trd, 8638400.632, 138
Trd, 8638400.732, 137
Trd, 8638401.582, 140
Trd, 8638402.182, 92
Trd, 8638402.282, 82
Trd, 8638403.432, 140
Trd, 8638403.632, 112
Trd, 8638404.782, 67
Trd, 8638404.832, 65
Trd, 8638406.082, 140
Trd, 8638406.982, 140
Trd, 8638407.582, 140
Trd, 8638408.732, 140
Trd, 8638409.582, 140
Trd, 8638409.632, 140
Trd, 8638410.482, 140
Trd, 8638410.682, 140
Trd, 8638412.082, 140
Trd, 8638413.332, 140
Trd, 8638413.932, 140
Trd, 8638413.982, 140
Trd, 8638415.382, 140
Trd, 8638415.582, 140
Trd, 8638415.682, 139
Trd, 8638416.532, 140
Trd, 8638416.932, 139
Trd, 8638417.282, 127
Trd, 8638418.482, 140
Trd, 8638418.732, 140
Trd, 8638419.132, 140
Trd, 8638419.632, 140
Trd, 8638420.632, 140
Trd, 8638420.682, 140
Trd, 8638421.132, 140
Trd, 8638423.232, 140
Trd, 8638423.482, 140
Trd, 8638425.082, 140
Trd, 8638425.232, 140
Trd, 8638425.332, 140
Trd, 8638425.582, 140
Trd, 8638425.832, 140
Trd, 8638425.932, 139
Trd, 8638426.132, 106
Trd, 8638426.732, 68
Trd, 8638428.532, 130
Trd, 8638429.382, 60
Trd, 8638429.882, 62
Trd, 8638431.682, 60
Trd, 8638431.932, 62
Trd, 8638432.632, 61
Trd, 8638433.582, 140
Trd, 8638433.882, 139
Trd, 8638434.582, 140
Trd, 8638434.682, 139
Trd, 8638437.382, 60
Trd, 8638437.682, 62
Trd, 8638437.782, 78
Trd, 8638438.432, 77
Trd, 8638439.032, 63
Trd, 8638439.332, 85
Trd, 8638440.182, 75
Trd, 8638440.332, 67
Trd, 8638441.332, 140
Trd, 8638442.382, 140
Trd, 8638442.732, 140
Trd, 8638444.332, 140
Trd, 8638444.832, 137
Trd, 8638445.232, 137
Trd, 8638445.332, 138
Trd, 8638445.482, 113
Trd, 8638446.732, 68
Trd, 8638447.582, 60
Trd, 8638447.832, 61
Trd, 8638449.682, 60
Trd, 8638450.432, 60
Trd, 8638450.482, 63
Trd, 8638451.432, 93
Trd, 8638452.232, 96
Trd, 8638452.282, 95
Trd, 8638452.632, 136
Trd, 8638453.032, 92
Trd, 8638454.082, 137
Trd, 8638454.982, 140
Trd, 8638455.582, 72
Trd, 8638456.182, 62
Trd, 8638457.332, 61
Trd, 8638458.132, 60
Trd, 8638459.532, 62
Trd, 8638459.582, 64
Trd, 8638459.882, 72
Trd, 8638461.582, 60
Trd, 8638463.282, 60
Trd, 8638464.882, 66
Trd, 8638465.332, 70
Trd, 8638465.382, 60
Trd, 8638465.732, 60
Trd, 8638465.982, 60
Trd, 8638466.282, 62
Trd, 8638467.032, 63
Trd, 8638467.682, 63
Trd, 8638468.482, 139
Trd, 8638468.532, 138
Trd, 8638469.032, 85
Trd, 8638469.382, 139
Trd, 8638471.782, 60
Trd, 8638472.182, 67
Trd, 8638473.032, 69
Trd, 8638473.632, 61
Trd, 8638475.032, 62
Trd, 8638475.082, 62
Trd, 8638475.882, 62
Trd, 8638476.682, 60
Trd, 8638477.282, 60
Trd, 8638477.582, 60
Trd, 8638477.682, 82
Trd, 8638478.232, 139
Trd, 8638478.782, 140
Trd, 8638479.832, 139
Trd, 8638480.832, 140
Trd, 8638481.032, 140
Trd, 8638481.232, 140
Trd, 8638482.132, 140
Trd, 8638483.532, 140
Trd, 8638484.482, 140
Trd, 8638485.632, 140
Trd, 8638485.782, 140
Trd, 8638486.082, 140
Trd, 8638486.582, 140
Trd, 8638486.982, 140
Trd, 8638487.932, 140
Trd, 8638488.032, 139
Trd, 8638488.232, 139
Trd, 8638488.782, 86
Trd, 8638490.382, 140
Trd, 8638490.432, 140
Trd, 8638491.782, 60
Trd, 8638492.832, 140
Trd, 8638493.182, 140
Trd, 8638493.832, 140
Trd, 8638494.882, 139
Trd, 8638495.782, 139
Trd, 8638496.632, 140
Trd, 8638497.082, 140
Trd, 8638497.532, 140
Trd, 8638498.182, 140
Trd, 8638498.382, 140
Trd, 8638498.732, 140
Trd, 8638498.832, 140
Trd, 8638500.782, 140
Trd, 8638500.832, 140
Trd, 8638501.332, 140
Trd, 8638501.732, 140
Trd, 8638502.032, 139
Trd, 8638503.032, 139
Trd, 8638503.632, 65
Trd, 8638503.882, 122
Trd, 8638504.682, 138
Trd, 8638505.632, 114
Trd, 8638505.782, 140
Trd, 8638506.682, 140
Trd, 8638507.382, 140
Trd, 8638508.532, 140
Trd, 8638509.082, 140
Trd, 8638510.282, 140
Trd, 8638510.882, 63
Trd, 8638511.282, 66
Trd, 8638511.332, 69
Trd, 8638512.382, 105
Trd, 8638512.682, 75
Trd, 8638512.782, 139
Trd, 8638513.382, 131
Trd, 8638513.682, 139
Trd, 8638515.382, 140
Trd, 8638516.032, 140
Trd, 8638516.082, 139
Trd, 8638516.782, 140
Trd, 8638516.982, 86
Trd, 8638517.132, 62
Trd, 8638518.832, 61
Trd, 8638520.082, 63
Trd, 8638520.332, 62
Trd, 8638520.882, 61
Trd, 8638522.282, 62
Trd, 8638523.432, 60
Trd, 8638523.782, 63
Trd, 8638525.332, 60
Trd, 8638526.232, 66
Trd, 8638527.232, 61
Trd, 8638528.732, 61
Trd, 8638529.082, 60
Trd, 8638529.482, 62
Trd, 8638529.532, 83
Trd, 8638530.132, 63
Trd, 8638530.482, 61
Trd, 8638531.032, 61
Trd, 8638531.082, 64
Trd, 8638531.332, 109
Trd, 8638532.582, 139
Trd, 8638533.532, 64
Trd, 8638534.232, 140
Trd, 8638535.532, 139
Trd, 8638535.832, 139
Trd, 8638535.882, 138
Trd, 8638535.982, 133
Trd, 8638537.882, 64
Trd, 8638538.182, 65
Trd, 8638538.782, 62
Trd, 8638539.132, 63
Trd, 8638539.332, 66
Trd, 8638539.782, 77
Trd, 8638540.232, 64
Trd, 8638540.732, 136
Trd, 8638541.582, 79
Trd, 8638543.032, 61
Trd, 8638543.332, 84
Trd, 8638543.982, 60
Trd, 8638545.332, 65
Trd, 8638545.632, 72
Trd, 8638546.832, 60
Trd, 8638547.282, 73
Trd, 8638547.932, 60
Trd, 8638548.432, 61
Trd, 8638548.882, 60
Trd, 8638549.382, 60
Trd, 8638549.782, 79
Trd, 8638551.032, 62
Trd, 8638551.382, 63
Trd, 8638551.882, 62
Trd, 8638552.782, 106
Trd, 8638552.832, 78
Trd, 8638553.582, 65
Trd, 8638555.482, 60
Trd, 8638556.532, 62
Trd, 8638557.432, 61
Trd, 8638557.532, 65
Trd, 8638558.532, 71
Trd, 8638559.932, 61
Trd, 8638560.282, 62
Trd, 8638560.732, 64
Trd, 8638560.832, 77
Trd, 8638561.782, 140
Trd, 8638562.032, 140
Trd, 8638562.232, 140
Trd, 8638562.832, 71
Trd, 8638563.632, 65
Trd, 8638564.682, 67
Trd, 8638564.982, 70
Trd, 8638565.732, 87
Trd, 8638565.982, 79
Trd, 8638566.182, 78
Trd, 8638566.982, 118
Trd, 8638569.182, 140
Trd, 8638569.482, 140
Trd, 8638569.532, 140
Trd, 8638570.182, 140
Trd, 8638570.532, 84
Trd, 8638571.832, 73
Trd, 8638572.482, 74
Trd, 8638573.282, 64
Trd, 8638573.882, 87
Trd, 8638573.982, 139
Trd, 8638574.582, 140
Trd, 8638575.882, 140
Trd, 8638576.982, 140
Trd, 8638577.132, 140
Trd, 8638577.532, 140
Trd, 8638578.682, 140
Trd, 8638578.882, 140
Trd, 8638580.582, 140
Trd, 8638581.932, 140
Trd, 8638582.182, 140
Trd, 8638582.432, 140
Trd, 8638582.582, 140
Trd, 8638583.982, 140
Trd, 8638584.232, 140
Trd, 8638584.732, 140
Trd, 8638586.532, 140
Trd, 8638586.782, 140
Trd, 8638587.182, 134
Trd, 8638588.032, 129
Trd, 8638588.882, 93
Trd, 8638589.482, 93
Trd, 8638589.682, 61
Trd, 8638590.332, 66
Trd, 8638591.032, 114
Trd, 8638591.232, 115
Trd, 8638592.382, 63
Trd, 8638592.482, 61
Trd, 8638592.982, 60
Trd, 8638594.332, 61
Trd, 8638595.082, 62
Trd, 8638595.432, 60
Trd, 8638596.182, 65
Trd, 8638597.382, 140
Trd, 8638598.132, 140
Trd, 8638598.332, 140
Trd, 8638598.782, 140
Trd, 8638598.882, 139
Trd, 8638599.732, 61
Trd, 8638600.232, 136
Trd, 8638600.682, 136
Trd, 8638601.332, 135
Trd, 8638602.232, 139
Trd, 8638603.882, 140
Trd, 8638604.132, 140
Trd, 8638604.532, 140
Trd, 8638604.632, 140
Trd, 8638605.682, 140
Trd, 8638605.882, 140
Trd, 8638606.182, 140
Trd, 8638607.432, 65
Trd, 8638609.232, 62
Trd, 8638609.832, 139
Trd, 8638610.482, 60
Trd, 8638610.632, 90
Trd, 8638611.432, 61
Trd, 8638612.232, 61
Trd, 8638612.982, 65
Trd, 8638613.832, 65
Trd, 8638614.432, 65
Trd, 8638614.632, 61
Trd, 8638615.732, 61
Trd, 8638616.082, 63
Trd, 8638616.432, 64
Trd, 8638617.182, 139
Trd, 8638617.232, 73
Trd, 8638618.382, 73
Trd, 8638618.832, 140
Trd, 8638619.982, 61
Trd, 8638620.932, 65
Trd, 8638621.332, 65
Trd, 8638622.982, 98
Trd, 8638623.332, 91
Trd, 8638623.632, 140
Trd, 8638624.182, 71
Trd, 8638626.132, 140
Trd, 8638626.282, 140
Trd, 8638626.532, 140
Trd, 8638626.782, 74
Trd, 8638628.382, 140
Trd, 8638629.182, 140
Trd, 8638629.332, 111
Trd, 8638630.232, 140
Trd, 8638630.582, 139
Trd, 8638630.782, 139
Trd, 8638630.832, 111
Trd, 8638631.632, 84
Trd, 8638632.982, 67
Trd, 8638633.982, 62
Trd, 8638634.082, 90
Trd, 8638635.382, 62
Trd, 8638635.582, 74
Trd, 8638637.932, 63
Trd, 8638638.832, 60
Trd, 8638638.882, 60
Trd, 8638639.532, 60
Trd, 8638640.932, 62
Trd, 8638641.132, 63
Trd, 8638641.282, 60
Trd, 8638641.332, 62
Trd, 8638642.082, 139
Trd, 8638643.182, 68
Trd, 8638644.182, 61
Trd, 8638646.032, 61
Trd, 8638646.482, 61
Trd, 8638647.032, 64
Trd, 8638647.332, 82
Trd, 8638647.782, 129
Trd, 8638648.232, 67
Trd, 8638648.382, 66
Trd, 8638649.332, 65
Trd, 8638649.732, 119
Trd, 8638650.032, 135
Trd, 8638651.232, 140
Trd, 8638651.282, 68
Trd, 8638651.532, 62
Trd, 8638652.682, 60
Trd, 8638652.932, 133
Trd, 8638653.832, 140
Trd, 8638654.032, 140
Trd, 8638654.682, 140
Trd, 8638654.732, 140
Trd, 8638655.232, 139
Trd, 8638655.732, 134
Trd, 8638657.382, 140
Trd, 8638657.582, 133
Trd, 8638659.132, 140
Trd, 8638659.482, 140
Trd, 8638659.732, 140
Trd, 8638660.732, 140
Trd, 8638660.782, 140
Trd, 8638661.232, 140
Trd, 8638661.982, 134
Trd, 8638663.682, 140
Trd, 8638664.482, 140
Trd, 8638664.832, 140
Trd, 8638665.482, 140
Trd, 8638666.332, 140
Trd, 8638666.482, 139
Trd, 8638666.932, 140
Trd, 8638667.032, 90
Trd, 8638668.982, 140
Trd, 8638669.332, 140
Trd, 8638670.532, 140
Trd, 8638671.382, 140
Trd, 8638672.032, 140
Trd, 8638672.332, 140
Trd, 8638672.582, 140
Trd, 8638674.432, 140
Trd, 8638674.982, 140
Trd, 8638675.132, 140
Trd, 8638676.482, 140
Trd, 8638676.782, 140
Trd, 8638677.232, 140
Trd, 8638677.582, 140
Trd, 8638677.782, 139
Trd, 8638678.832, 140
Trd, 8638679.632, 140
Trd, 8638680.682, 140
Trd, 8638680.832, 140
Trd, 8638681.032, 140
Trd, 8638681.632, 138
Trd, 8638682.432, 133
Trd, 8638684.082, 140
Trd, 8638684.532, 139
Trd, 8638684.732, 139
Trd, 8638685.032, 138
Trd, 8638685.982, 60
Trd, 8638686.582, 138
Trd, 8638687.032, 140
Trd, 8638688.432, 60
Trd, 8638689.832, 83
Trd, 8638690.032, 140
Trd, 8638690.582, 140
Trd, 8638691.732, 140
Trd, 8638692.682, 140
Trd, 8638694.032, 140
Trd, 8638694.232, 140
Trd, 8638694.332, 140
Trd, 8638695.032, 139
Trd, 8638695.982, 140
Trd, 8638697.182, 140
Trd, 8638697.732, 140
Trd, 8638698.082, 140
Trd, 8638698.232, 139
Trd, 8638698.332, 137
Trd, 8638698.532, 109
Trd, 8638699.582, 140
Trd, 8638700.582, 140
Trd, 8638700.632, 140
Trd, 8638701.282, 139
Trd, 8638702.382, 137
Trd, 8638704.332, 140
Trd, 8638704.432, 140
Trd, 8638705.982, 140
Trd, 8638707.082, 139
Trd, 8638707.582, 140
Trd, 8638707.982, 140
Trd, 8638708.232, 139
Trd, 8638708.832, 140
Trd, 8638710.332, 60
Trd, 8638710.532, 112
Trd, 8638711.282, 140
Trd, 8638711.332, 139
Trd, 8638711.582, 64
Trd, 8638712.432, 140
Trd, 8638713.232, 116
Trd, 8638713.982, 140
Trd, 8638714.232, 140
Trd, 8638714.832, 112
Trd, 8638716.532, 100
Trd, 8638716.732, 102
Trd, 8638718.732, 140
Trd, 8638718.982, 140
Trd, 8638719.782, 140
Trd, 8638719.832, 140
Trd, 8638719.882, 139
Trd, 8638720.032, 138
Trd, 8638720.532, 140
Trd, 8638720.982, 137
Trd, 8638721.482, 122
Trd, 8638722.432, 135
Trd, 8638724.082, 140
Trd, 8638724.182, 140
Trd, 8638724.432, 140
Trd, 8638725.232, 140
Trd, 8638725.482, 140
Trd, 8638726.082, 130
Trd, 8638726.732, 140
Trd, 8638727.382, 140
Trd, 8638727.682, 138
Trd, 8638728.682, 136
Trd, 8638730.282, 140
Trd, 8638730.932, 140
Trd, 8638731.032, 140
Trd, 8638731.082, 140
Trd, 8638731.432, 101
Trd, 8638732.682, 61
Trd, 8638733.532, 63
Trd, 8638733.732, 125
Trd, 8638734.432, 60
Trd, 8638735.132, 137
Trd, 8638735.882, 139
Trd, 8638736.682, 61
Trd, 8638736.932, 63
Trd, 8638739.582, 60
Trd, 8638739.632, 64
Trd, 8638741.032, 64
Trd, 8638742.082, 77
Trd, 8638742.832, 103
Trd, 8638742.882, 74
Trd, 8638743.782, 79
Trd, 8638743.882, 78
Trd, 8638745.432, 140
Trd, 8638745.582, 77
Trd, 8638746.182, 86
Trd, 8638746.482, 108
Trd, 8638747.882, 61
Trd, 8638750.832, 61
Trd, 8638751.182, 65
Trd, 8638751.582, 64
Trd, 8638751.682, 62
Trd, 8638752.632, 140
Trd, 8638753.582, 140
Trd, 8638753.832, 140
Trd, 8638754.082, 140
Trd, 8638754.632, 140
Trd, 8638755.232, 73
Trd, 8638756.282, 61
Trd, 8638757.082, 60
Trd, 8638757.632, 63
Trd, 8638757.982, 63
Trd, 8638759.082, 61
Trd, 8638761.432, 61
Trd, 8638761.482, 66
Trd, 8638762.332, 64
Trd, 8638762.582, 66
Trd, 8638763.182, 68
Trd, 8638763.432, 67
Trd, 8638763.982, 66
Trd, 8638764.382, 61
Trd, 8638764.532, 139
Trd, 8638766.082, 61
Trd, 8638767.182, 60
Trd, 8638767.632, 65
Trd, 8638769.682, 60
Trd, 8638770.032, 63
Trd, 8638770.182, 69
Trd, 8638771.282, 140
Trd, 8638771.432, 140
Trd, 8638771.482, 139
Trd, 8638772.782, 140
Trd, 8638773.532, 63
Trd, 8638775.232, 61
Trd, 8638776.482, 60
Trd, 8638777.082, 61
Trd, 8638777.232, 63
Trd, 8638779.132, 62
Trd, 8638779.882, 62
Trd, 8638780.182, 63
Trd, 8638780.482, 64
Trd, 8638780.832, 64
Trd, 8638781.032, 64
Trd, 8638781.132, 85
Trd, 8638781.432, 140
Trd, 8638783.182, 61
Trd, 8638784.632, 62
Trd, 8638785.432, 62
Trd, 8638785.582, 64
Trd, 8638787.682, 60
Trd, 8638789.082, 61
Trd, 8638789.182, 61
Trd, 8638789.582, 68
Trd, 8638791.132, 60
Trd, 8638791.282, 61
Trd, 8638791.682, 62
Trd, 8638791.932, 64
Trd, 8638792.732, 61
Trd, 8638792.932, 67
Trd, 8638793.582, 111
Trd, 8638794.082, 65
Trd, 8638796.382, 61
Trd, 8638796.882, 62
Trd, 8638797.132, 66
Trd, 8638797.832, 60
Trd, 8638798.132, 63
Trd, 8638798.982, 106
Trd, 8638799.382, 63
Trd, 8638800.532, 64
Trd, 8638802.682, 60
Trd, 8638803.332, 64
Trd, 8638803.532, 64
Trd, 8638803.782, 64
Trd, 8638803.882, 73
Trd, 8638804.282, 67
Trd, 8638805.882, 76
Trd, 8638806.682, 140
Trd, 8638808.532, 140
Trd, 8638808.982, 139
Trd, 8638809.132, 140
Trd, 8638809.532, 138
Trd, 8638810.282, 138
Trd, 8638810.782, 117
Trd, 8638811.132, 139
Trd, 8638812.582, 123
Trd, 8638812.932, 138
Trd, 8638813.082, 139
Trd, 8638813.232, 138
Trd, 8638813.882, 110
Trd, 8638815.182, 140
Trd, 8638816.332, 140
Trd, 8638816.482, 138
Trd, 8638817.182, 140
Trd, 8638819.482, 140
Trd, 8638819.982, 140
Trd, 8638820.182, 140
Trd, 8638820.332, 140
Trd, 8638821.232, 137
Trd, 8638821.682, 135
Trd, 8638822.032, 110
Trd, 8638822.232, 109
Trd, 8638822.832, 140
Trd, 8638823.832, 62
Trd, 8638823.982, 63
Trd, 8638824.382, 83
Trd, 8638824.782, 124
Trd, 8638826.432, 62
Trd, 8638827.282, 63
Trd, 8638827.582, 66
Trd, 8638828.082, 86
Trd, 8638829.382, 97
Trd, 8638829.782, 139
Trd, 8638829.982, 111
Trd, 8638830.532, 99
Trd, 8638831.332, 62
Trd, 8638832.682, 60
Trd, 8638833.732, 61
Trd, 8638834.332, 64
Trd, 8638834.382, 65
Trd, 8638835.482, 65
Trd, 8638837.132, 61
Trd, 8638837.532, 60
Trd, 8638837.832, 60
Trd, 8638839.432, 61
Trd, 8638839.732, 62
Trd, 8638840.132, 63
Trd, 8638841.232, 64
Trd, 8638841.482, 64
Trd, 8638842.132, 66
Trd, 8638842.732, 140
Trd, 8638843.382, 140
Trd, 8638843.582, 140
Trd, 8638844.332, 140
Trd, 8638844.882, 135
Trd, 8638845.882, 137
Trd, 8638846.432, 80
Trd, 8638847.682, 132
Trd, 8638848.332, 131
Trd, 8638848.832, 108
Trd, 8638849.082, 79
Trd, 8638849.732, 140
Trd, 8638849.782, 140
Trd, 8638850.382, 77
Trd, 8638851.532, 140
Trd, 8638852.932, 65
Trd, 8638853.082, 110
Trd, 8638854.032, 60
Trd, 8638855.482, 60
Trd, 8638855.632, 61
Trd, 8638856.682, 62
Trd, 8638857.782, 60
Trd, 8638858.132, 60
Trd, 8638858.182, 63
Trd, 8638858.782, 62
Trd, 8638860.882, 60
Trd, 8638861.782, 61
Trd, 8638862.782, 60
Trd, 8638863.232, 60
Trd, 8638863.882, 61
Trd, 8638864.482, 62
Trd, 8638864.882, 64
Trd, 8638865.032, 63
Trd, 8638865.282, 82
Trd, 8638866.332, 77
Trd, 8638866.632, 131
Trd, 8638866.982, 93
Trd, 8638868.382, 140
Trd, 8638868.782, 140
Trd, 8638869.082, 140
Trd, 8638869.982, 140
Trd, 8638870.082, 140
Trd, 8638870.432, 140
Trd, 8638870.782, 72
Trd, 8638871.482, 140
Trd, 8638872.782, 100
Trd, 8638873.382, 140
Trd, 8638874.632, 79
Trd, 8638874.832, 100
Trd, 8638876.032, 62
Trd, 8638876.482, 63
Trd, 8638876.932, 64
Trd, 8638877.232, 97
Trd, 8638878.682, 61
Trd, 8638879.182, 62
Trd, 8638879.682, 74
Trd, 8638879.882, 62
Trd, 8638881.132, 63
Trd, 8638881.332, 66
Trd, 8638881.682, 139
Trd, 8638881.782, 65
Trd, 8638882.982, 66
Trd, 8638883.482, 108
Trd, 8638884.132, 66
Trd, 8638884.182, 74
Trd, 8638885.032, 140
Trd, 8638885.082, 140
Trd, 8638885.432, 65
Trd, 8638885.782, 75
Trd, 8638886.332, 60
Trd, 8638887.132, 62
Trd, 8638888.782, 62
Trd, 8638890.732, 62
Trd, 8638890.782, 62
Trd, 8638892.182, 65
Trd, 8638892.282, 74
Trd, 8638892.632, 63
Trd, 8638893.532, 88
Trd, 8638893.632, 137
Trd, 8638894.282, 140
Trd, 8638894.732, 140
Trd, 8638895.232, 140
Trd, 8638895.432, 140
Trd, 8638895.782, 140
Trd, 8638899.232, 64
Trd, 8638900.032, 61
Trd, 8638900.632, 62
Trd, 8638901.782, 61
Trd, 8638901.982, 65
Trd, 8638903.032, 60
Trd, 8638903.632, 62
Trd, 8638903.882, 61
Trd, 8638904.182, 63
Trd, 8638904.682, 64
Trd, 8638905.182, 66
Trd, 8638905.432, 100
Trd, 8638905.982, 122
Trd, 8638907.082, 62
Trd, 8638908.782, 62
Trd, 8638909.532, 60
Trd, 8638910.732, 60
Trd, 8638911.032, 64
Trd, 8638911.282, 66
Trd, 8638912.532, 63
Trd, 8638912.632, 64
Trd, 8638912.882, 67
Trd, 8638913.832, 72
Trd, 8638914.682, 90
Trd, 8638915.082, 78
Trd, 8638915.632, 77
Trd, 8638915.682, 75
Trd, 8638916.482, 67
Trd, 8638917.582, 61
Trd, 8638918.882, 61
Trd, 8638920.082, 60
Trd, 8638921.032, 60
Trd, 8638921.482, 60
Trd, 8638921.782, 63
Trd, 8638922.182, 63
Trd, 8638922.882, 64
Trd, 8638924.182, 139
Trd, 8638925.332, 62
Trd, 8638926.232, 61
Trd, 8638926.982, 60
Trd, 8638928.632, 60
Trd, 8638929.232, 61
Trd, 8638929.282, 64
Trd, 8638929.582, 60
Trd, 8638930.032, 140
Trd, 8638930.832, 140
Trd, 8638932.082, 139
Trd, 8638932.232, 135
Trd, 8638932.382, 122
Trd, 8638932.932, 128
Trd, 8638933.132, 98
Trd, 8638934.482, 81
Trd, 8638935.632, 137
Trd, 8638936.782, 60
Trd, 8638937.532, 91
Trd, 8638939.482, 60
Trd, 8638939.532, 60
Trd, 8638939.582, 61
Trd, 8638940.582, 63
Trd, 8638941.982, 63
Trd, 8638943.032, 66
Trd, 8638943.182, 78
Trd, 8638943.732, 69
Trd, 8638944.882, 64
Trd, 8638945.382, 63
Trd, 8638945.832, 64
Trd, 8638946.232, 65
Trd, 8638946.382, 86
Trd, 8638946.432, 62
Trd, 8638947.632, 139
Trd, 8638948.482, 140
Trd, 8638949.182, 140
Trd, 8638950.082, 140
Trd, 8638950.182, 140
Trd, 8638950.582, 140
Trd, 8638951.182, 139
Trd, 8638952.982, 112
Trd, 8638953.282, 112
Trd, 8638953.482, 140
Trd, 8638953.982, 140
Trd, 8638954.332, 140
Trd, 8638954.382, 110
Trd, 8638955.532, 140
Trd, 8638955.882, 118
Trd, 8638957.132, 139
Trd, 8638958.682, 140
Trd, 8638959.632, 140
Trd, 8638960.082, 140
Trd, 8638960.232, 140
Trd, 8638960.332, 140
Trd, 8638960.432, 138
Trd, 8638961.132, 86
Trd, 8638961.282, 85
Trd, 8638961.932, 102
Trd, 8638963.682, 140
Trd, 8638963.782, 139
Trd, 8638963.982, 139
Trd, 8638964.382, 139
Trd, 8638965.882, 140
Trd, 8638967.332, 140
Trd, 8638968.082, 140
Trd, 8638969.032, 140
Trd, 8638969.232, 140
Trd, 8638969.682, 102
Trd, 8638969.832, 79
Trd, 8638970.532, 60
Trd, 8638971.832, 60
Trd, 8638972.282, 67
Trd, 8638972.782, 76
Trd, 8638973.182, 64
Trd, 8638973.532, 62
Trd, 8638974.882, 128
Trd, 8638975.432, 140
Trd, 8638975.932, 138
Trd, 8638977.682, 140
Trd, 8638978.182, 139
Trd, 8638978.882, 139
Trd, 8638979.082, 138
Trd, 8638979.632, 138
Trd, 8638979.932, 99
Trd, 8638980.082, 66
Trd, 8638982.332, 140
Trd, 8638982.532, 140
Trd, 8638982.632, 140
Trd, 8638983.882, 140
Trd, 8638984.032, 140
Trd, 8638984.782, 140
Trd, 8638985.182, 140
Trd, 8638985.982, 140
Trd, 8638988.082, 140
Trd, 8638988.382, 140
Trd, 8638990.132, 140
Trd, 8638990.332, 140
Trd, 8638990.432, 140
Trd, 8638990.982, 140
Trd, 8638991.232, 140
Trd, 8638991.932, 120
Trd, 8638993.732, 140
Trd, 8638993.932, 140
Trd, 8638995.432, 140
Trd, 8638996.482, 138
Trd, 8638996.832, 137
Trd, 8638997.032, 137
Trd, 8638997.582, 140
Trd, 8638997.932, 140
Trd, 8638998.782, 140
Trd, 8638998.932, 139
Trd, 8638999.182, 63
Trd, 8639000.232, 140
Trd, 8639001.382, 140
Trd, 8639001.482, 140
Trd, 8639001.532, 131
Trd, 8639003.432, 60
Trd, 8639003.832, 61
Trd, 8639003.932, 62
Trd, 8639005.382, 61
Trd, 8639006.482, 140
Trd, 8639006.532, 140
Trd, 8639007.032, 140
Trd, 8639008.432, 140
Trd, 8639008.882, 140
Trd, 8639009.182, 140
Trd, 8639010.382, 140
Trd, 8639011.582, 140
Trd, 8639011.832, 140
Trd, 8639012.482, 140
Trd, 8639012.932, 136
Trd, 8639013.732, 103
Trd, 8639015.332, 140
Trd, 8639015.432, 139
Trd, 8639017.082, 60
Trd, 8639017.782, 60
Trd, 8639017.982, 60
Trd, 8639018.032, 63
Trd, 8639018.282, 69
Trd, 8639020.082, 85
Trd, 8639021.032, 60
Trd, 8639021.332, 60
Trd, 8639021.482, 71
Trd, 8639021.882, 62
Trd, 8639022.382, 61
Trd, 8639022.632, 62
Trd, 8639023.782, 65
Trd, 8639025.282, 140
Trd, 8639025.932, 140
Trd, 8639026.082, 140
Trd, 8639026.532, 140
Trd, 8639026.982, 66
Trd, 8639027.632, 139
Trd, 8639028.432, 140
Trd, 8639029.382, 134
Trd, 8639029.482, 120
Trd, 8639031.582, 140
Trd, 8639031.832, 140
Trd, 8639032.232, 140
Trd, 8639032.882, 140
Trd, 8639033.382, 137
Trd, 8639033.432, 93
Trd, 8639034.482, 140
Trd, 8639034.532, 139
Trd, 8639035.982, 140
Trd, 8639037.782, 140
Trd, 8639038.782, 140
Trd, 8639038.932, 140
Trd, 8639039.282, 140
Trd, 8639039.782, 140
Trd, 8639039.932, 137
Trd, 8639040.932, 110
Trd, 8639043.232, 140
Trd, 8639043.382, 140
Trd, 8639044.882, 140
Trd, 8639044.932, 140
Trd, 8639045.582, 140
Trd, 8639045.632, 140
Trd, 8639045.782, 134
Trd, 8639046.782, 60
Trd, 8639046.832, 84
Trd, 8639048.782, 69
Trd, 8639049.232, 139
Trd, 8639049.482, 137
Trd, 8639051.132, 67
Trd, 8639051.382, 67
Trd, 8639051.732, 61
Trd, 8639051.932, 60
Trd, 8639053.232, 60
Trd, 8639053.482, 62
Trd, 8639054.082, 60
Trd, 8639055.482, 62
Trd, 8639057.132, 64
Trd, 8639057.982, 61
Trd, 8639058.782, 66
Trd, 8639059.282, 69
Trd, 8639059.332, 89
Trd, 8639062.382, 61
Trd, 8639062.482, 62
Trd, 8639062.882, 64
Trd, 8639063.932, 60
Trd, 8639064.232, 62
Trd, 8639064.482, 61
Trd, 8639065.032, 65
Trd, 8639066.032, 63
Trd, 8639066.332, 64
Trd, 8639066.532, 87
Trd, 8639067.682, 69
Trd, 8639067.782, 70
Trd, 8639068.482, 140
Trd, 8639068.882, 68
Trd, 8639069.032, 75
Trd, 8639070.632, 67
Trd, 8639071.382, 60
Trd, 8639071.432, 71
Trd, 8639072.032, 63
Trd, 8639074.282, 60
Trd, 8639075.532, 61
Trd, 8639076.232, 61
Trd, 8639076.432, 62
Trd, 8639077.182, 61
Trd, 8639077.232, 63
Trd, 8639079.632, 60
Trd, 8639079.832, 86
Trd, 8639080.332, 88
Trd, 8639080.432, 63
Trd, 8639080.782, 64
Trd, 8639081.432, 62
Trd, 8639081.532, 99
Trd, 8639082.382, 140
Trd, 8639082.682, 140
Trd, 8639083.032, 140
Trd, 8639083.432, 138
Trd, 8639083.932, 63
Trd, 8639085.532, 140
Trd, 8639085.632, 140
Trd, 8639086.932, 140
Trd, 8639087.382, 140
Trd, 8639088.032, 140
Trd, 8639088.132, 137
Trd, 8639089.632, 140
Trd, 8639090.282, 140
Trd, 8639091.632, 140
Trd, 8639091.782, 140
Trd, 8639092.782, 140
Trd, 8639092.832, 140
Trd, 8639092.882, 140
Trd, 8639094.082, 140
Trd, 8639094.732, 140
Trd, 8639095.282, 140
Trd, 8639096.082, 138
Trd, 8639096.132, 99
Trd, 8639096.182, 98
Trd, 8639096.732, 136
Trd, 8639097.182, 60
Trd, 8639097.682, 60
Trd, 8639099.382, 139
Trd, 8639101.282, 60
Trd, 8639101.882, 62
Trd, 8639102.582, 60
Trd, 8639102.632, 95
Trd, 8639103.382, 60
Trd, 8639104.132, 68
Trd, 8639104.982, 61
Trd, 8639106.082, 60
Trd, 8639106.832, 62
Trd, 8639107.232, 61
Trd, 8639108.332, 67
Trd, 8639108.482, 90
Trd, 8639110.732, 61
Trd, 8639111.182, 61
Trd, 8639111.382, 62
Trd, 8639111.482, 65
Trd, 8639111.832, 63
Trd, 8639112.482, 63
Trd, 8639112.882, 61
Trd, 8639112.932, 68
Trd, 8639114.032, 61
Trd, 8639114.682, 62
Trd, 8639115.532, 61
Trd, 8639116.682, 60
Trd, 8639116.732, 66
Trd, 8639117.532, 65
Trd, 8639118.232, 61
Trd, 8639118.632, 62
Trd, 8639118.782, 70
Trd, 8639119.032, 62
Trd, 8639119.382, 62
Trd, 8639121.032, 112
Trd, 8639122.632, 140
Trd, 8639122.732, 138
Trd, 8639123.082, 71
Trd, 8639124.282, 130
Trd, 8639124.632, 130
Trd, 8639124.782, 140
Trd, 8639125.132, 139
Trd, 8639125.232, 136
Trd, 8639126.682, 140
Trd, 8639126.932, 140
Trd, 8639127.682, 140
Trd, 8639127.732, 132
Trd, 8639129.182, 129
Trd, 8639129.782, 61
Trd, 8639129.832, 69
Trd, 8639131.632, 60
Trd, 8639132.182, 60
Trd, 8639132.882, 104
Trd, 8639133.182, 101
Trd, 8639133.932, 62
Trd, 8639134.232, 140
Trd, 8639135.482, 140
Trd, 8639137.132, 140
Trd, 8639137.282, 140
Trd, 8639138.032, 140
Trd, 8639138.182, 140
Trd, 8639138.582, 140
Trd, 8639138.632, 140
Trd, 8639139.482, 140
Trd, 8639142.082, 140
Trd, 8639142.182, 140
Trd, 8639142.282, 140
Trd, 8639142.632, 140
Trd, 8639142.782, 140
Trd, 8639142.882, 135
Trd, 8639143.632, 140
Trd, 8639144.682, 140
Trd, 8639145.082, 140
Trd, 8639145.282, 140
Trd, 8639145.532, 66
Trd, 8639147.032, 136
Trd, 8639147.632, 105
Trd, 8639148.932, 111
Trd, 8639149.932, 140
Trd, 8639150.732, 140
Trd, 8639150.932, 140
Trd, 8639151.382, 140
Trd, 8639152.682, 77
Trd, 8639152.932, 140
Trd, 8639153.282, 78
Trd, 8639153.382, 76
Trd, 8639154.082, 137
Trd, 8639156.032, 60
Trd, 8639156.632, 140
Trd, 8639156.832, 140
Trd, 8639157.032, 139
Trd, 8639158.282, 140
Trd, 8639159.382, 140
Trd, 8639159.432, 140
Trd, 8639160.532, 140
Trd, 8639160.782, 140
Trd, 8639161.132, 140
Trd, 8639162.032, 140
Trd, 8639162.932, 140
Trd, 8639163.132, 139
Trd, 8639164.332, 138
Trd, 8639164.482, 140
Trd, 8639165.282, 64
Trd, 8639165.682, 65
Trd, 8639166.182, 64
Trd, 8639168.082, 60
Trd, 8639168.482, 60
Trd, 8639168.682, 62
Trd, 8639169.382, 62
Trd, 8639169.532, 71
Trd, 8639169.832, 63
Trd, 8639171.882, 74
Trd, 8639172.282, 125
Trd, 8639172.532, 71
Trd, 8639172.882, 139
Trd, 8639173.032, 70
Trd, 8639174.882, 140
Trd, 8639175.032, 140
Trd, 8639175.382, 139
Trd, 8639176.332, 140
Trd, 8639176.882, 140
Trd, 8639178.282, 140
Trd, 8639178.382, 140
Trd, 8639179.132, 139
Trd, 8639179.582, 64
Trd, 8639179.632, 65
Trd, 8639181.132, 61
Trd, 8639181.682, 62
Trd, 8639181.932, 69
Trd, 8639182.632, 62
Trd, 8639183.132, 60
Trd, 8639183.432, 62
Trd, 8639183.932, 112
Trd, 8639185.232, 139
Trd, 8639185.732, 71
Trd, 8639185.782, 69
Trd, 8639187.232, 140
Trd, 8639187.832, 140
Trd, 8639188.082, 140
Trd, 8639188.232, 140
Trd, 8639188.632, 121
Trd, 8639188.932, 137
Trd, 8639189.782, 62
Trd, 8639191.482, 140
Trd, 8639191.882, 118
Trd, 8639192.482, 117
Trd, 8639192.732, 117
Trd, 8639193.382, 140
Trd, 8639194.132, 140
Trd, 8639194.932, 140
Trd, 8639196.132, 140
Trd, 8639196.332, 74
Trd, 8639196.782, 110
Trd, 8639198.632, 60
Trd, 8639199.482, 60
Trd, 8639199.682, 66
Trd, 8639201.332, 61
Trd, 8639201.582, 64
Trd, 8639202.682, 60
Trd, 8639202.932, 60
Trd, 8639204.382, 72
Trd, 8639205.432, 140
Trd, 8639206.282, 140
Trd, 8639206.582, 140
Trd, 8639206.732, 140
Trd, 8639206.832, 140
Trd, 8639207.232, 68
Trd, 8639207.982, 140
Trd, 8639208.132, 140
Trd, 8639209.682, 140
Trd, 8639210.832, 140
Trd, 8639211.982, 140
Trd, 8639212.332, 140
Trd, 8639212.932, 140
Trd, 8639213.232, 140
Trd, 8639213.482, 140
Trd, 8639213.582, 139
Trd, 8639214.032, 139
Trd, 8639214.482, 138
Trd, 8639215.082, 140
Trd, 8639216.982, 140
Trd, 8639217.032, 140
Trd, 8639217.932, 139
Trd, 8639217.982, 139
Trd, 8639219.032, 76
Trd, 8639220.282, 140
Trd, 8639220.682, 140
Trd, 8639220.782, 140
Trd, 8639222.082, 140
Trd, 8639222.132, 140
Trd, 8639222.482, 140
Trd, 8639223.482, 138
Trd, 8639224.732, 140
Trd, 8639225.132, 60
Trd, 8639225.332, 92
Trd, 8639226.332, 140
Trd, 8639226.882, 140
Trd, 8639227.032, 140
Trd, 8639227.632, 60
Trd, 8639228.332, 67
Trd, 8639230.032, 64
Trd, 8639230.282, 77
Trd, 8639230.532, 62
Trd, 8639230.932, 70
Trd, 8639233.032, 66
Trd, 8639233.232, 87
Trd, 8639233.432, 71
Trd, 8639234.432, 140
Trd, 8639235.882, 63
Trd, 8639236.132, 67
Trd, 8639236.632, 63
Trd, 8639237.382, 64
Trd, 8639237.582, 66
Trd, 8639239.132, 60
Trd, 8639239.582, 68
Trd, 8639239.682, 68
Trd, 8639240.232, 69
Trd, 8639240.382, 86
Trd, 8639241.782, 60
Trd, 8639243.832, 62
Trd, 8639244.032, 67
Trd, 8639245.232, 61
Trd, 8639245.782, 63
Trd, 8639245.882, 80
Trd, 8639247.682, 60
Trd, 8639248.032, 64
Trd, 8639248.332, 63
Trd, 8639249.832, 62
Trd, 8639250.382, 62
Trd, 8639250.732, 63
Trd, 8639250.832, 85
Trd, 8639251.232, 67
Trd, 8639252.082, 68
Trd, 8639253.082, 67
Trd, 8639253.332, 66
Trd, 8639253.732, 140
Trd, 8639255.232, 140
Trd, 8639255.882, 140
Trd, 8639256.232, 139
Trd, 8639257.132, 140
Trd, 8639257.732, 140
Trd, 8639258.632, 140
Trd, 8639258.982, 139
Trd, 8639259.982, 140
Trd, 8639261.032, 140
Trd, 8639261.232, 139
Trd, 8639261.382, 73
Trd, 8639261.782, 84
Trd, 8639262.282, 109
Trd, 8639264.182, 64
Trd, 8639264.282, 69
Trd, 8639264.532, 63
Trd, 8639265.232, 64
Trd, 8639265.982, 133
Trd, 8639266.732, 140
Trd, 8639267.082, 66
Trd, 8639267.732, 60
Trd, 8639268.132, 63
Trd, 8639268.982, 104
Trd, 8639270.782, 62
Trd, 8639272.232, 62
Trd, 8639272.782, 64
Trd, 8639273.182, 61
Trd, 8639273.282, 66
Trd, 8639274.232, 60
Trd, 8639274.332, 77
Trd, 8639275.832, 140
Trd, 8639276.232, 140
Trd, 8639276.332, 139
Trd, 8639277.732, 71
Trd, 8639277.782, 70
Trd, 8639278.432, 140
Trd, 8639279.232, 140
Trd, 8639279.682, 140
Trd, 8639280.532, 140
Trd, 8639280.832, 140
Trd, 8639282.032, 98
Trd, 8639282.532, 97
Trd, 8639282.932, 115
Trd, 8639283.132, 97
Trd, 8639283.532, 96
Trd, 8639284.182, 110
Trd, 8639284.282, 128
Trd, 8639284.782, 140
Trd, 8639286.032, 138
Trd, 8639287.132, 137
Trd, 8639287.782, 90
Trd, 8639288.232, 138
Trd, 8639288.482, 68
Trd, 8639289.082, 66
Trd, 8639290.232, 140
Trd, 8639291.432, 138
Trd, 8639292.082, 140
Trd, 8639292.482, 61
Trd, 8639292.982, 62
Trd, 8639294.082, 140
Trd, 8639295.032, 140
Trd, 8639295.732, 140
Trd, 8639296.032, 140
Trd, 8639296.882, 138
Trd, 8639297.382, 140
Trd, 8639297.832, 140
Trd, 8639297.932, 140
Trd, 8639298.482, 136
Trd, 8639299.132, 120
Trd, 8639299.382, 62
Trd, 8639299.632, 63
Trd, 8639300.432, 122
Trd, 8639300.782, 73
Trd, 8639301.332, 140
Trd, 8639301.532, 129
Trd, 8639302.582, 129
Trd, 8639303.482, 140
Trd, 8639304.782, 140
Trd, 8639305.782, 140
Trd, 8639306.232, 140
Trd, 8639306.482, 139
Trd, 8639307.432, 125
Trd, 8639307.982, 92
Trd, 8639308.282, 138
Trd, 8639309.032, 136
Trd, 8639309.532, 140
Trd, 8639310.332, 140
Trd, 8639311.032, 140
Trd, 8639311.932, 140
Trd, 8639312.882, 140
Trd, 8639312.982, 140
Trd, 8639313.632, 135
Trd, 8639314.432, 61
Trd, 8639316.582, 61
Trd, 8639316.682, 61
Trd, 8639317.182, 60
Trd, 8639317.582, 61
Trd, 8639317.782, 60
Trd, 8639318.482, 88
Trd, 8639318.582, 114
Trd, 8639320.532, 61
Trd, 8639321.182, 60
Trd, 8639321.932, 61
Trd, 8639322.032, 62
Trd, 8639322.382, 62
Trd, 8639322.982, 65
Trd, 8639323.182, 66
Trd, 8639323.482, 62
Trd, 8639324.482, 64
Trd, 8639324.732, 139
Trd, 8639325.732, 139
Trd, 8639326.482, 119
Trd, 8639327.732, 140
Trd, 8639328.282, 140
Trd, 8639329.132, 140
Trd, 8639329.382, 140
Trd, 8639329.432, 140
Trd, 8639330.082, 125
Trd, 8639331.582, 140
Trd, 8639331.632, 106
Trd, 8639332.832, 140
Trd, 8639333.232, 140
Trd, 8639333.782, 140
Trd, 8639334.532, 136
Trd, 8639334.582, 135
Trd, 8639335.982, 140
Trd, 8639336.482, 72
Trd, 8639337.982, 60
Trd, 8639338.682, 60
Trd, 8639339.732, 60
Trd, 8639339.832, 63
Trd, 8639340.232, 67
Trd, 8639340.282, 67
Trd, 8639341.182, 61
Trd, 8639341.632, 113
Trd, 8639341.732, 63
Trd, 8639342.632, 139
Trd, 8639343.132, 138
Trd, 8639344.282, 65
Trd, 8639345.532, 65
Trd, 8639346.682, 63
Trd, 8639347.282, 62
Trd, 8639347.582, 62
Trd, 8639348.582, 85
Trd, 8639349.182, 69
Trd, 8639350.382, 62
Trd, 8639351.182, 63
Trd, 8639351.682, 61
Trd, 8639352.382, 64
Trd, 8639353.032, 67
Trd, 8639353.332, 64
Trd, 8639353.582, 79
Trd, 8639354.432, 69
Trd, 8639355.782, 139
Trd, 8639356.232, 139
Trd, 8639356.882, 139
Trd, 8639356.932, 138
Trd, 8639357.932, 139
Trd, 8639358.932, 136
Trd, 8639359.482, 140
Trd, 8639359.982, 105
Trd, 8639360.982, 140
Trd, 8639361.282, 140
Trd, 8639362.882, 66
Trd, 8639364.232, 60
Trd, 8639364.432, 63
Trd, 8639365.382, 64
Trd, 8639365.432, 64
Trd, 8639365.932, 136
Trd, 8639366.232, 140
Trd, 8639366.582, 140
Trd, 8639366.782, 138
Trd, 8639366.982, 136
Trd, 8639368.232, 61
Trd, 8639369.332, 61
Trd, 8639370.232, 60
Trd, 8639371.132, 61
Trd, 8639371.382, 61
Trd, 8639372.032, 60
Trd, 8639372.982, 60
Trd, 8639374.282, 61
Trd, 8639375.482, 63
Trd, 8639376.732, 65
Trd, 8639377.332, 61
Trd, 8639377.582, 73
Trd, 8639378.032, 67
Trd, 8639378.582, 66
Trd, 8639379.482, 62
Trd, 8639379.532, 67
Trd, 8639380.332, 61
Trd, 8639380.932, 60
Trd, 8639381.282, 68
Trd, 8639382.032, 118
Trd, 8639383.482, 61
Trd, 8639384.432, 61
Trd, 8639384.582, 61
Trd, 8639385.982, 61
Trd, 8639386.632, 64
Trd, 8639386.732, 65
Trd, 8639387.832, 67
Trd, 8639388.032, 71
Trd, 8639388.482, 79
Trd, 8639388.832, 97
Trd, 8639389.932, 64
Trd, 8639390.182, 67
Trd, 8639391.432, 74
Trd, 8639392.082, 66
Trd, 8639393.582, 66
Trd, 8639393.882, 63
Trd, 8639394.232, 72
Trd, 8639395.032, 140
Trd, 8639395.932, 140
Trd, 8639396.332, 140
Trd, 8639396.882, 140
Trd, 8639397.482, 140
Trd, 8639397.532, 139
Trd, 8639397.732, 140
Trd, 8639398.832, 62
Trd, 8639399.482, 140
Trd, 8639400.782, 116
Trd, 8639400.882, 136
Trd, 8639401.082, 64
Trd, 8639401.482, 66
Trd, 8639402.132, 65
Trd, 8639402.782, 61
Trd, 8639405.032, 61
Trd, 8639406.682, 62
Trd, 8639406.732, 63
Trd, 8639407.382, 68
Trd, 8639407.932, 69
Trd, 8639408.832, 89
Trd, 8639409.532, 61
Trd, 8639410.882, 63
Trd, 8639411.232, 60
Trd, 8639411.532, 63
Trd, 8639412.382, 61
Trd, 8639412.432, 67
Trd, 8639413.632, 64
Trd, 8639413.732, 63
Trd, 8639414.632, 140
Trd, 8639415.782, 140
Trd, 8639415.882, 128
Trd, 8639416.182, 64
Trd, 8639417.032, 108
Trd, 8639418.282, 62
Trd, 8639418.382, 65
Trd, 8639419.282, 61
Trd, 8639420.232, 64
Trd, 8639421.032, 66
Trd, 8639421.332, 66
Trd, 8639422.732, 140
Trd, 8639423.082, 140
Trd, 8639423.182, 140
Trd, 8639423.682, 140
Trd, 8639424.432, 140
Trd, 8639425.182, 140
Trd, 8639425.332, 137
Trd, 8639426.232, 65
Trd, 8639428.232, 64
Trd, 8639428.632, 66
Trd, 8639429.732, 64
Trd, 8639429.982, 67
Trd, 8639430.532, 65
Trd, 8639430.832, 86
Trd, 8639431.732, 68
Trd, 8639431.782, 67
Trd, 8639431.832, 72
Trd, 8639432.332, 68
Trd, 8639432.632, 63
Trd, 8639433.732, 60
Trd, 8639434.582, 62
Trd, 8639435.282, 60
Trd, 8639435.332, 61
Trd, 8639436.182, 92
Trd, 8639436.232, 105
Trd, 8639436.782, 62
Trd, 8639438.382, 62
Trd, 8639439.632, 61
Trd, 8639439.932, 63
Trd, 8639440.532, 61
Trd, 8639440.782, 64
Trd, 8639441.282, 65
Trd, 8639442.732, 73
Trd, 8639443.382, 63
Trd, 8639443.682, 69
Trd, 8639444.832, 110
Trd, 8639445.632, 65
Trd, 8639446.082, 60
Trd, 8639447.682, 61
Trd, 8639448.032, 65
Trd, 8639448.082, 68
Trd, 8639448.382, 69
Trd, 8639450.382, 62
Trd, 8639450.832, 67
Trd, 8639450.932, 69
Trd, 8639452.332, 66
Trd, 8639452.382, 89
Trd, 8639452.482, 64
Trd, 8639453.332, 65
Trd, 8639453.582, 64
Trd, 8639454.082, 68
Trd, 8639454.182, 126
Trd, 8639455.032, 66
Trd, 8639456.232, 64
Trd, 8639457.132, 135
Trd, 8639458.182, 140
Trd, 8639458.232, 139
Trd, 8639458.682, 138
Trd, 8639458.732, 134
Trd, 8639460.782, 140
Trd, 8639462.082, 140
Trd, 8639462.432, 140
Trd, 8639462.832, 140
Trd, 8639463.032, 140
Trd, 8639463.282, 82
Trd, 8639463.832, 139
Trd, 8639464.232, 138
Trd, 8639466.882, 140
Trd, 8639467.032, 140
Trd, 8639467.982, 140
Trd, 8639469.332, 140
Trd, 8639469.532, 140
Trd, 8639469.832, 140
Trd, 8639471.132, 140
Trd, 8639471.482, 140
Trd, 8639471.832, 140
Trd, 8639472.732, 140
Trd, 8639474.332, 139
Trd, 8639475.882, 140
Trd, 8639476.082, 140
Trd, 8639476.282, 140
Trd, 8639476.382, 140
Trd, 8639476.932, 140
Trd, 8639477.382, 139
Trd, 8639477.832, 138
Trd, 8639478.482, 64
Trd, 8639478.832, 140
Trd, 8639479.982, 140
Trd, 8639480.432, 88
Trd, 8639480.682, 71
Trd, 8639482.032, 138
Trd, 8639482.782, 138
Trd, 8639483.582, 140
Trd, 8639484.132, 140
Trd, 8639484.532, 140
Trd, 8639484.832, 137
Trd, 8639485.482, 140
Trd, 8639486.082, 140
Trd, 8639486.682, 104
Trd, 8639487.132, 140
Trd, 8639488.332, 134
Trd, 8639488.832, 140
Trd, 8639488.982, 74
Trd, 8639491.082, 132
Trd, 8639491.782, 140
Trd, 8639492.032, 140
Trd, 8639492.132, 140
Trd, 8639492.782, 60
Trd, 8639493.732, 140
Trd, 8639494.232, 140
Trd, 8639494.882, 62
Trd, 8639495.332, 60
Trd, 8639496.382, 112
Trd, 8639496.532, 134
Trd, 8639496.732, 70
Trd, 8639497.582, 86
Trd, 8639498.882, 138
Trd, 8639499.782, 65
Trd, 8639501.382, 60
Trd, 8639502.182, 65
Trd, 8639502.482, 63
Trd, 8639503.082, 79
Trd, 8639503.382, 63
Trd, 8639504.782, 63
Trd, 8639504.932, 89
Trd, 8639505.082, 62
Trd, 8639506.182, 140
Trd, 8639506.682, 140
Trd, 8639507.032, 140
Trd, 8639507.182, 108
Trd, 8639508.432, 62
Trd, 8639510.032, 60
Trd, 8639510.182, 60
Trd, 8639510.782, 70
Trd, 8639511.232, 119
Trd, 8639512.432, 140
Trd, 8639512.532, 140
Trd, 8639512.732, 140
Trd, 8639513.882, 70
Trd, 8639514.432, 66
Trd, 8639515.832, 140
Trd, 8639516.532, 140
Trd, 8639516.782, 140
Trd, 8639517.882, 140
Trd, 8639517.932, 140
Trd, 8639518.582, 140
Trd, 8639518.782, 140
Trd, 8639519.232, 140
Trd, 8639520.982, 140
Trd, 8639521.082, 140
Trd, 8639521.332, 140
Trd, 8639522.282, 139
Trd, 8639522.332, 138
Trd, 8639523.132, 91
Trd, 8639524.132, 140
Trd, 8639524.982, 134
Trd, 8639525.832, 139
Trd, 8639526.632, 91
Trd, 8639526.832, 132
Trd, 8639528.882, 140
Trd, 8639528.932, 140
Trd, 8639530.132, 140
Trd, 8639530.632, 140
Trd, 8639530.882, 140
Trd, 8639531.332, 140
Trd, 8639531.882, 140
Trd, 8639532.532, 140
Trd, 8639533.582, 140
Trd, 8639534.382, 140
Trd, 8639534.532, 140
Trd, 8639534.782, 140
Trd, 8639536.232, 140
Trd, 8639536.632, 140
Trd, 8639536.982, 139
Trd, 8639537.932, 139
Trd, 8639539.032, 140
Trd, 8639539.582, 140
Trd, 8639539.632, 140
Trd, 8639540.682, 140
Trd, 8639541.632, 140
Trd, 8639542.182, 140
Trd, 8639542.982, 113
Trd, 8639543.382, 113
Trd, 8639543.432, 112
Trd, 8639544.132, 67
Trd, 8639545.882, 63
Trd, 8639546.332, 86
Trd, 8639547.082, 62
Trd, 8639548.132, 61
Trd, 8639548.282, 62
Trd, 8639549.132, 70
Trd, 8639549.532, 64
Trd, 8639550.282, 66
Trd, 8639550.332, 64
Trd, 8639551.732, 137
Trd, 8639551.832, 107
Trd, 8639552.982, 140
Trd, 8639553.032, 107
Trd, 8639553.082, 107
Trd, 8639554.632, 140
Trd, 8639555.082, 139
Trd, 8639556.182, 140
Trd, 8639556.632, 140
Trd, 8639557.182, 140
Trd, 8639557.682, 140
Trd, 8639558.582, 61
Trd, 8639558.882, 65
Trd, 8639560.482, 64
Trd, 8639561.082, 65
Trd, 8639561.232, 64
Trd, 8639561.582, 69
Trd, 8639561.882, 63
Trd, 8639562.282, 105
Trd, 8639563.582, 60
Trd, 8639564.732, 140
Trd, 8639564.932, 138
Trd, 8639565.332, 140
Trd, 8639565.682, 140
Trd, 8639566.632, 140
Trd, 8639566.682, 137
Trd, 8639567.182, 124
Trd, 8639567.982, 140
Trd, 8639568.632, 140
Trd, 8639569.632, 140
Trd, 8639571.982, 140
Trd, 8639572.082, 138
Trd, 8639572.132, 137
Trd, 8639572.932, 140
Trd, 8639573.232, 140
Trd, 8639573.682, 138
Trd, 8639574.032, 134
Trd, 8639576.282, 140
Trd, 8639576.982, 140
Trd, 8639577.432, 140
Trd, 8639577.582, 140
Trd, 8639578.582, 140
Trd, 8639579.382, 140
Trd, 8639579.532, 140
Trd, 8639580.382, 140
Trd, 8639580.432, 114
Trd, 8639580.632, 98
Trd, 8639581.182, 60
Trd, 8639585.182, 140
Trd, 8639585.632, 140
Trd, 8639585.732, 140
Trd, 8639585.882, 140
Trd, 8639586.232, 140
Trd, 8639586.482, 139
Trd, 8639587.482, 140
Trd, 8639587.632, 140
Trd, 8639587.882, 139
Trd, 8639587.932, 89
Trd, 8639589.632, 65
Trd, 8639590.082, 67
Trd, 8639590.432, 109
Trd, 8639590.582, 69
Trd, 8639592.182, 60
Trd, 8639594.032, 140
Trd, 8639594.782, 140
Trd, 8639595.032, 140
Trd, 8639595.282, 140
Trd, 8639595.882, 140
Trd, 8639596.332, 140
Trd, 8639597.232, 139
Trd, 8639597.882, 140
Trd, 8639598.532, 140
Trd, 8639599.532, 140
Trd, 8639599.882, 140
Trd, 8639600.082, 139
Trd, 8639600.282, 139
Trd, 8639601.532, 110
Trd, 8639601.682, 109
Trd, 8639602.032, 140
Trd, 8639603.932, 139
Trd, 8639603.982, 138
Trd, 8639604.082, 109
Trd, 8639604.232, 108
Trd, 8639604.582, 63
Trd, 8639605.082, 65
Trd, 8639606.582, 60
Trd, 8639607.132, 62
Trd, 8639607.532, 60
Trd, 8639607.582, 104
Trd, 8639608.632, 62
Trd, 8639609.732, 61
Trd, 8639610.082, 63
Trd, 8639611.332, 64
Trd, 8639612.482, 136
Trd, 8639612.532, 100
Trd, 8639612.932, 119
Trd, 8639613.732, 118
Trd, 8639614.982, 135
Trd, 8639615.182, 118
Trd, 8639615.982, 139
Trd, 8639616.232, 139
Trd, 8639616.282, 138
Trd, 8639616.382, 117
Trd, 8639617.582, 140
Trd, 8639618.132, 139
Trd, 8639618.882, 140
Trd, 8639620.732, 140
Trd, 8639621.232, 140
Trd, 8639621.982, 139
Trd, 8639622.232, 139
Trd, 8639623.182, 107
Trd, 8639624.482, 140
Trd, 8639624.782, 139
Trd, 8639625.482, 140
Trd, 8639625.782, 140
Trd, 8639625.882, 140
Trd, 8639626.232, 70
Trd, 8639627.932, 62
Trd, 8639628.732, 74
Trd, 8639629.382, 135
Trd, 8639629.782, 60
Trd, 8639630.332, 60
Trd, 8639630.432, 67
Trd, 8639630.832, 139
Trd, 8639633.832, 140
Trd, 8639634.832, 140
Trd, 8639634.882, 140
Trd, 8639634.932, 140
Trd, 8639635.332, 138
Trd, 8639636.432, 140
Trd, 8639636.932, 140
Trd, 8639637.832, 139
Trd, 8639638.782, 60
Trd, 8639639.932, 60
Trd, 8639640.932, 66
Trd, 8639640.982, 65
Trd, 8639641.382, 69
Trd, 8639642.532, 91
Trd, 8639642.832, 140
Trd, 8639643.482, 140
Trd, 8639643.582, 140
Trd, 8639643.682, 138
Trd, 8639644.432, 140
Trd, 8639646.182, 140
Trd, 8639646.582, 140
Trd, 8639646.782, 140
Trd, 8639647.082, 140
Trd, 8639647.732, 61
Trd, 8639649.332, 66
Trd, 8639649.982, 73
Trd, 8639651.182, 69
Trd, 8639652.682, 60
Trd, 8639652.782, 60
Trd, 8639653.132, 63
Trd, 8639653.182, 63
Trd, 8639653.332, 66
Trd, 8639654.282, 105
Trd, 8639654.532, 62
Trd, 8639655.082, 61
Trd, 8639655.482, 72
Trd, 8639656.182, 114
Trd, 8639656.882, 140
Trd, 8639657.082, 140
Trd, 8639657.582, 140
Trd, 8639659.182, 60
Trd, 8639659.632, 60
Trd, 8639660.282, 61
Trd, 8639660.732, 60
Trd, 8639661.182, 63
Trd, 8639661.632, 66
Trd, 8639662.282, 65
Trd, 8639663.332, 140
Trd, 8639663.582, 97
Trd, 8639663.782, 96
Trd, 8639664.632, 139
Trd, 8639666.032, 139
Trd, 8639666.382, 139
Trd, 8639668.282, 140
Trd, 8639668.332, 140
Trd, 8639668.682, 140
Trd, 8639669.682, 140
Trd, 8639669.932, 140
Trd, 8639671.582, 140
Trd, 8639671.782, 139
Trd, 8639672.032, 138
Trd, 8639672.532, 140
Trd, 8639673.432, 140
Trd, 8639673.682, 138
Trd, 8639673.882, 137
Trd, 8639674.132, 60
Trd, 8639674.632, 63
Trd, 8639675.082, 78
Trd, 8639677.182, 61
Trd, 8639677.682, 62
Trd, 8639677.882, 85
Trd, 8639678.632, 60
Trd, 8639679.982, 60
Trd, 8639680.082, 61
Trd, 8639680.232, 62
Trd, 8639680.532, 95
Trd, 8639681.982, 63
Trd, 8639683.332, 65
Trd, 8639683.432, 69
Trd, 8639684.432, 62
Trd, 8639685.082, 62
Trd, 8639685.332, 84
Trd, 8639686.532, 64
Trd, 8639687.932, 62
Trd, 8639689.132, 61
Trd, 8639689.682, 60
Trd, 8639689.932, 60
Trd, 8639690.682, 61
Trd, 8639691.182, 70
Trd, 8639691.482, 63
Trd, 8639691.782, 106
Trd, 8639691.832, 67
Trd, 8639692.532, 66
Trd, 8639693.782, 60
Trd, 8639694.732, 62
Trd, 8639696.132, 64
Trd, 8639696.432, 60
Trd, 8639697.282, 68
Trd, 8639697.782, 61
Trd, 8639698.132, 67
Trd, 8639699.182, 60
Trd, 8639699.232, 84
Trd, 8639700.132, 65
Trd, 8639701.632, 65
Trd, 8639703.582, 63
Trd, 8639704.082, 60
Trd, 8639704.132, 63
Trd, 8639704.532, 60
Trd, 8639704.732, 62
Trd, 8639705.782, 65
Trd, 8639706.982, 64
Trd, 8639707.282, 63
Trd, 8639707.782, 71
Trd, 8639708.182, 61
Trd, 8639709.232, 113
Trd, 8639709.482, 62
Trd, 8639710.482, 63
Trd, 8639711.832, 61
Trd, 8639712.132, 61
Trd, 8639712.232, 140
Trd, 8639714.682, 63
Trd, 8639714.982, 82
Trd, 8639715.532, 62
Trd, 8639715.632, 67
Trd, 8639716.082, 61
Trd, 8639716.582, 63
Trd, 8639717.132, 61
Trd, 8639717.182, 83
Trd, 8639717.682, 61
Trd, 8639718.482, 127
Trd, 8639719.282, 127
Trd, 8639720.682, 60
Trd, 8639721.332, 140
Trd, 8639721.432, 139
Trd, 8639722.232, 139
Trd, 8639722.532, 138
Trd, 8639722.882, 60
Trd, 8639723.282, 139
Trd, 8639724.032, 60
Trd, 8639726.582, 66
Trd, 8639727.182, 68
Trd, 8639729.082, 66
Trd, 8639729.182, 70
Trd, 8639730.332, 65
Trd, 8639730.982, 63
Trd, 8639732.282, 60
Trd, 8639733.032, 61
Trd, 8639733.732, 66
Trd, 8639734.232, 68
Trd, 8639734.982, 60
Trd, 8639735.582, 61
Trd, 8639736.132, 61
Trd, 8639736.382, 62
Trd, 8639737.932, 139
Trd, 8639738.182, 79
Trd, 8639738.482, 127
Trd, 8639738.982, 140
Trd, 8639739.182, 140
Trd, 8639740.682, 140
Trd, 8639741.332, 140
Trd, 8639741.982, 140
Trd, 8639742.982, 140
Trd, 8639743.282, 140
Trd, 8639743.332, 140
Trd, 8639744.382, 140
Trd, 8639745.082, 140
Trd, 8639745.282, 139
Trd, 8639746.132, 134
Trd, 8639746.632, 60
Trd, 8639747.282, 60
Trd, 8639748.132, 64
Trd, 8639749.282, 101
Trd, 8639750.332, 60
Trd, 8639750.732, 60
Trd, 8639750.982, 64
Trd, 8639752.832, 62
Trd, 8639753.932, 61
Trd, 8639754.082, 63
Trd, 8639755.232, 63
Trd, 8639755.582, 61
Trd, 8639757.082, 60
Trd, 8639757.632, 62
Trd, 8639757.982, 63
Trd, 8639758.932, 60
Trd, 8639758.982, 63
Trd, 8639760.282, 65
Trd, 8639761.182, 115
Trd, 8639761.332, 69
Trd, 8639762.282, 140
Trd, 8639762.332, 140
Trd, 8639762.482, 140
Trd, 8639763.132, 60
Trd, 8639764.532, 138
Trd, 8639764.632, 137
Trd, 8639765.282, 140
Trd, 8639765.732, 66
Trd, 8639767.432, 64
Trd, 8639767.632, 113
Trd, 8639769.132, 137
Trd, 8639770.032, 138
Trd, 8639770.382, 140
Trd, 8639770.782, 64
Trd, 8639771.282, 126
Trd, 8639771.982, 61
Trd, 8639773.132, 60
Trd, 8639774.082, 70
Trd, 8639774.832, 60
Trd, 8639776.132, 63
Trd, 8639776.532, 60
Trd, 8639777.432, 61
Trd, 8639777.882, 63
Trd, 8639777.982, 63
Trd, 8639778.432, 65
Trd, 8639779.132, 140
Trd, 8639779.232, 140
Trd, 8639779.282, 62
Trd, 8639780.582, 66
Trd, 8639780.682, 60
Trd, 8639781.532, 61
Trd, 8639782.332, 67
Trd, 8639783.682, 61
Trd, 8639783.832, 62
Trd, 8639784.232, 63
Trd, 8639785.632, 88
Trd, 8639786.832, 140
Trd, 8639787.582, 140
Trd, 8639788.132, 140
Trd, 8639788.582, 140
Trd, 8639788.932, 140
Trd, 8639789.132, 140
Trd, 8639790.082, 140
Trd, 8639790.982, 140
Trd, 8639791.132, 140
Trd, 8639791.332, 140
Trd, 8639792.132, 140
Trd, 8639792.682, 138
Trd, 8639793.432, 64
Trd, 8639793.532, 65
Trd, 8639795.382, 140
Trd, 8639795.632, 140
Trd, 8639795.782, 140
Trd, 8639796.682, 140
Trd, 8639797.032, 135
Trd, 8639798.132, 140
Trd, 8639798.582, 140
Trd, 8639799.032, 140
Trd, 8639799.782, 71
Trd, 8639800.682, 140
Trd, 8639800.732, 140
Trd, 8639801.382, 140
Trd, 8639801.482, 95
Trd, 8639801.932, 92
Trd, 8639802.332, 140
Trd, 8639804.132, 103
Trd, 8639804.932, 67
Trd, 8639805.282, 139
Trd, 8639806.932, 63
Trd, 8639807.332, 67
Trd, 8639807.632, 65
Trd, 8639807.932, 73
Trd, 8639810.382, 60
Trd, 8639810.832, 60
Trd, 8639810.932, 61
Trd, 8639811.282, 61
Trd, 8639811.432, 65
Trd, 8639811.482, 60
Trd, 8639812.532, 64
Trd, 8639813.632, 65
Trd, 8639814.082, 125
Trd, 8639814.232, 137
Trd, 8639814.432, 140
Trd, 8639814.832, 137
Trd, 8639815.032, 68
Trd, 8639817.782, 60
Trd, 8639818.482, 60
Trd, 8639818.932, 62
Trd, 8639819.132, 63
Trd, 8639819.532, 60
Trd, 8639819.932, 63
Trd, 8639821.732, 60
Trd, 8639823.232, 65
Trd, 8639823.632, 64
Trd, 8639823.982, 60
Trd, 8639825.732, 60
Trd, 8639826.582, 61
Trd, 8639826.782, 61
Trd, 8639826.982, 60
Trd, 8639827.182, 62
Trd, 8639828.032, 61
Trd, 8639829.132, 62
Trd, 8639829.532, 60
Trd, 8639829.682, 64
Trd, 8639830.582, 67
Trd, 8639830.832, 84
Trd, 8639831.382, 88
Trd, 8639833.032, 63
Trd, 8639835.032, 63
Trd, 8639835.782, 67
Trd, 8639836.232, 65
Trd, 8639837.132, 64
Trd, 8639837.882, 61
Trd, 8639837.932, 63
Trd, 8639839.132, 68
Trd, 8639839.782, 68
Trd, 8639840.232, 69
Trd, 8639840.432, 91
Trd, 8639841.132, 65
Trd, 8639843.132, 60
Trd, 8639843.882, 64
Trd, 8639845.532, 60
Trd, 8639845.682, 61
Trd, 8639846.882, 60
Trd, 8639846.932, 68
Trd, 8639849.432, 61
Trd, 8639849.482, 61
Trd, 8639849.782, 60
Trd, 8639849.982, 60
Trd, 8639850.332, 82
Trd, 8639851.332, 61
Trd, 8639852.282, 60
Trd, 8639852.782, 60
Trd, 8639853.232, 60
Trd, 8639853.882, 136
Trd, 8639854.182, 67
Trd, 8639854.832, 138
Trd, 8639854.982, 92
Trd, 8639856.232, 140
Trd, 8639856.982, 140
Trd, 8639857.332, 132
Trd, 8639858.132, 63
Trd, 8639858.632, 140
Trd, 8639859.532, 140
Trd, 8639859.882, 140
Trd, 8639860.332, 140
Trd, 8639862.082, 140
Trd, 8639862.482, 140
Trd, 8639863.332, 140
Trd, 8639863.782, 140
Trd, 8639864.632, 140
Trd, 8639865.282, 140
Trd, 8639865.432, 140
Trd, 8639866.082, 140
Trd, 8639866.682, 63
Trd, 8639868.132, 65
Trd, 8639870.282, 64
Trd, 8639870.582, 61
Trd, 8639870.632, 67
Trd, 8639872.182, 63
Trd, 8639874.132, 62
Trd, 8639874.382, 61
Trd, 8639875.482, 63
Trd, 8639875.682, 61
Trd, 8639876.332, 84
Trd, 8639876.532, 60
Trd, 8639876.632, 88
Trd, 8639876.932, 60
Trd, 8639877.832, 140
Trd, 8639878.282, 64
Trd, 8639878.382, 122
Trd, 8639880.582, 140
Trd, 8639880.782, 140
Trd, 8639880.832, 140
Trd, 8639881.082, 140
Trd, 8639882.582, 140
Trd, 8639882.632, 113
Trd, 8639882.882, 140
Trd, 8639883.332, 140
Trd, 8639884.932, 140
Trd, 8639885.382, 83
Trd, 8639886.232, 140
Trd, 8639886.582, 140
Trd, 8639888.032, 140
Trd, 8639889.582, 140
Trd, 8639890.182, 140
Trd, 8639891.332, 140
Trd, 8639891.382, 140
Trd, 8639892.332, 140
Trd, 8639892.732, 140
Trd, 8639893.282, 82
Trd, 8639894.182, 140
Trd, 8639894.532, 139
Trd, 8639895.032, 140
Trd, 8639895.182, 139
Trd, 8639896.182, 140
Trd, 8639898.232, 140
Trd, 8639898.382, 140
Trd, 8639898.532, 138
Trd, 8639899.132, 69
Trd, 8639900.332, 62
Trd, 8639901.132, 67
Trd, 8639902.082, 61
Trd, 8639903.382, 61
Trd, 8639904.332, 62
Trd, 8639905.082, 60
Trd, 8639905.332, 62
Trd, 8639906.482, 60
Trd, 8639906.882, 62
Trd, 8639906.932, 64
Trd, 8639909.032, 60
Trd, 8639909.932, 60
Trd, 8639910.132, 62
Trd, 8639910.182, 64
Trd, 8639910.632, 84
Trd, 8639911.082, 125
Trd, 8639911.182, 63
Trd, 8639912.432, 61
Trd, 8639912.532, 60
Trd, 8639912.932, 67
Trd, 8639913.932, 73
Trd, 8639914.182, 60
Trd, 8639914.532, 128
Trd, 8639916.582, 63
Trd, 8639916.882, 64
Trd, 8639916.982, 69
Trd, 8639919.832, 61
Trd, 8639920.682, 60
Trd, 8639920.732, 65
Trd, 8639922.232, 60
Trd, 8639922.732, 60
Trd, 8639924.882, 60
Trd, 8639924.932, 61
Trd, 8639925.682, 61
Trd, 8639926.632, 60
Trd, 8639927.382, 60
Trd, 8639928.082, 60
Trd, 8639928.132, 63
Trd, 8639928.532, 76
Trd, 8639929.182, 106
Trd, 8639930.282, 63
Trd, 8639930.582, 63
Trd, 8639930.882, 62
Trd, 8639931.532, 73
Trd, 8639931.582, 94
Trd, 8639931.882, 140
Trd, 8639932.432, 140
Trd, 8639934.482, 60
Trd, 8639934.732, 64
Trd, 8639935.532, 66
Trd, 8639937.932, 60
Trd, 8639938.032, 63
Trd, 8639938.532, 61
Trd, 8639939.232, 67
Trd, 8639939.332, 106
Trd, 8639940.632, 60
Trd, 8639942.282, 61
Trd, 8639942.832, 60
Trd, 8639943.132, 60
Trd, 8639943.332, 60
Trd, 8639943.832, 139
Trd, 8639944.482, 139
Trd, 8639945.082, 73
Trd, 8639945.832, 74
Trd, 8639946.982, 120
Trd, 8639947.382, 119
Trd, 8639948.232, 137
Trd, 8639949.032, 99
Trd, 8639950.082, 140
Trd, 8639950.282, 140
Trd, 8639950.632, 140
Trd, 8639950.782, 137
Trd, 8639952.632, 140
Trd, 8639952.732, 140
Trd, 8639953.182, 140
Trd, 8639953.732, 140
Trd, 8639956.382, 140
Trd, 8639956.682, 140
Trd, 8639956.832, 140
Trd, 8639957.182, 139
Trd, 8639957.482, 140
Trd, 8639958.132, 140
Trd, 8639958.282, 139
Trd, 8639958.982, 80
Trd, 8639959.382, 77
Trd, 8639960.032, 62
Trd, 8639961.432, 61
Trd, 8639963.182, 62
Trd, 8639963.232, 69
Trd, 8639964.082, 63
Trd, 8639964.432, 60
Trd, 8639964.632, 138
Trd, 8639964.982, 121
Trd, 8639966.332, 60
Trd, 8639966.732, 62
Trd, 8639968.032, 140
Trd, 8639968.732, 64
Trd, 8639968.882, 63
Trd, 8639969.782, 79
Trd, 8639970.782, 140
Trd, 8639970.982, 137
Trd, 8639971.332, 76
Trd, 8639971.882, 139
Trd, 8639972.032, 138
Trd, 8639972.682, 117
Trd, 8639972.832, 140
Trd, 8639974.132, 140
Trd, 8639974.982, 140
Trd, 8639975.082, 140
Trd, 8639976.232, 140
Trd, 8639976.982, 140
Trd, 8639977.332, 65
Trd, 8639977.582, 61
Trd, 8639978.632, 140
Trd, 8639979.532, 60
Trd, 8639979.882, 66
Trd, 8639981.582, 64
Trd, 8639981.882, 65
Trd, 8639981.982, 66
Trd, 8639982.932, 139
Trd, 8639983.232, 138
Trd, 8639984.932, 62
Trd, 8639985.132, 64
Trd, 8639985.382, 112
Trd, 8639986.582, 64
Trd, 8639987.082, 140
Trd, 8639988.132, 140
Trd, 8639988.282, 139
Trd, 8639988.782, 65
Trd, 8639990.132, 60
Trd, 8639990.882, 61
Trd, 8639991.332, 68
Trd, 8639991.482, 90
Trd, 8639993.182, 66
Trd, 8639994.782, 63
Trd, 8639995.032, 60
Trd, 8639995.232, 60
Trd, 8639995.332, 80
Trd, 8639996.232, 139
Trd, 8639997.632, 64
Trd, 8639997.932, 63
Trd, 8639998.782, 68
Trd, 8639999.082, 64
Trd, 8639999.632, 140
