Trd, 8638153.732, 140
Trd, 8638156.132, 140
Trd, 8638156.482, 140
Trd, 8638156.932, 140
Trd, 8638157.132, 140
Trd, 8638157.332, 140
Trd, 8638158.132, 132
Trd, 8638159.282, 140
Trd, 8638161.032, 140
Trd, 8638161.482, 140
Trd, 8638161.582, 140
Trd, 8638162.132, 140
Trd, 8638162.282, 139
Trd, 8638162.832, 140
Trd, 8638162.932, 62
Trd, 8638163.782, 60
Trd, 8638164.282, 140
Trd, 8638164.682, 140
Trd, 8638165.532, 140
Trd, 8638166.732, 130
Trd, 8638166.782, 128
Trd, 8638167.782, 114
Trd, 8638169.332, 140
Trd, 8638169.982, 140
Trd, 8638170.482, 140
Trd, 8638170.782, 140
Trd, 8638171.482, 140
Trd, 8638172.132, 140
Trd, 8638172.632, 140
Trd, 8638173.132, 140
Trd, 8638174.182, 140
Trd, 8638174.882, 140
Trd, 8638175.082, 126
Trd, 8638175.732, 140
Trd, 8638176.682, 140
Trd, 8638176.932, 140
Trd, 8638177.882, 139
Trd, 8638178.682, 129
Trd, 8638179.782, 118
Trd, 8638180.032, 107
Trd, 8638181.832, 140
Trd, 8638182.182, 140
Trd, 8638182.532, 140
Trd, 8638183.432, 140
Trd, 8638184.232, 140
Trd, 8638185.182, 140
Trd, 8638185.482, 138
Trd, 8638185.682, 99
Trd, 8638186.882, 140
Trd, 8638188.082, 61
Trd, 8638189.332, 91
Trd, 8638190.632, 60
Trd, 8638190.932, 95
Trd, 8638191.232, 139
Trd, 8638191.282, 66
Trd, 8638192.332, 80
Trd, 8638192.532, 130
Trd, 8638193.282, 82
Trd, 8638194.682, 83
Trd, 8638194.932, 135
Trd, 8638195.682, 84
Trd, 8638196.032, 140
Trd, 8638196.982, 140
Trd, 8638197.282, 138
Trd, 8638197.482, 128
Trd, 8638198.232, 129
Trd, 8638200.882, 140
Trd, 8638200.982, 140
Trd, 8638202.282, 140
Trd, 8638202.532, 140
Trd, 8638202.682, 140
Trd, 8638203.132, 140
Trd, 8638203.282, 139
Trd, 8638204.482, 68
Trd, 8638204.632, 69
Trd, 8638206.582, 61
Trd, 8638206.832, 62
Trd, 8638207.432, 64
Trd, 8638208.282, 65
Trd, 8638209.082, 138
Trd, 8638210.082, 140
Trd, 8638211.482, 140
Trd, 8638212.382, 140
Trd, 8638212.832, 140
Trd, 8638213.532, 140
Trd, 8638214.032, 140
Trd, 8638215.132, 140
Trd, 8638215.382, 140
Trd, 8638215.582, 140
Trd, 8638216.132, 78
Trd, 8638216.482, 74
Trd, 8638217.332, 122
Trd, 8638218.432, 122
Trd, 8638218.682, 81
Trd, 8638218.982, 69
Trd, 8638219.032, 68
Trd, 8638219.532, 140
Trd, 8638220.382, 69
Trd, 8638221.882, 140
Trd, 8638222.282, 140
Trd, 8638223.682, 140
Trd, 8638225.132, 140
Trd, 8638225.282, 140
Trd, 8638226.332, 140
Trd, 8638227.182, 140
Trd, 8638227.232, 138
Trd, 8638227.782, 140
Trd, 8638228.582, 140
Trd, 8638230.032, 140
Trd, 8638230.682, 140
Trd, 8638230.882, 140
Trd, 8638231.182, 140
Trd, 8638232.032, 140
Trd, 8638232.682, 140
Trd, 8638234.282, 140
Trd, 8638234.482, 140
Trd, 8638234.632, 140
Trd, 8638235.632, 140
Trd, 8638236.182, 135
Trd, 8638238.882, 140
Trd, 8638239.032, 140
Trd, 8638239.382, 140
Trd, 8638239.482, 139
Trd, 8638239.532, 125
Trd, 8638240.632, 140
Trd, 8638240.982, 138
Trd, 8638241.882, 67
Trd, 8638242.682, 60
Trd, 8638243.232, 140
Trd, 8638243.882, 140
Trd, 8638245.682, 140
Trd, 8638246.682, 140
Trd, 8638248.032, 140
Trd, 8638248.282, 140
Trd, 8638248.632, 140
Trd, 8638248.732, 125
Trd, 8638249.632, 96
Trd, 8638250.532, 140
Trd, 8638250.732, 140
Trd, 8638251.582, 139
Trd, 8638252.432, 140
Trd, 8638252.732, 140
Trd, 8638254.032, 140
Trd, 8638254.632, 140
Trd, 8638254.832, 139
Trd, 8638255.132, 126
Trd, 8638256.832, 60
Trd, 8638256.882, 61
Trd, 8638259.232, 140
Trd, 8638259.382, 140
Trd, 8638259.482, 140
Trd, 8638259.582, 140
Trd, 8638259.832, 140
Trd, 8638260.532, 139
Trd, 8638262.532, 140
Trd, 8638263.932, 140
Trd, 8638264.282, 139
Trd, 8638264.532, 140
Trd, 8638264.782, 139
Trd, 8638264.982, 138
Trd, 8638265.532, 127
Trd, 8638266.882, 140
Trd, 8638267.082, 140
Trd, 8638268.682, 140
Trd, 8638268.982, 140
Trd, 8638270.182, 140
Trd, 8638270.632, 140
Trd, 8638270.882, 140
Trd, 8638270.932, 140
Trd, 8638272.382, 140
Trd, 8638272.832, 125
Trd, 8638273.332, 140
Trd, 8638274.132, 138
Trd, 8638275.532, 140
Trd, 8638275.882, 139
Trd, 8638276.832, 140
Trd, 8638278.032, 140
Trd, 8638278.182, 140
Trd, 8638278.282, 140
Trd, 8638278.832, 140
Trd, 8638279.932, 140
Trd, 8638281.182, 140
Trd, 8638281.232, 140
Trd, 8638281.332, 140
Trd, 8638282.982, 140
Trd, 8638283.832, 140
Trd, 8638284.482, 140
Trd, 8638285.082, 140
Trd, 8638285.332, 140
Trd, 8638285.432, 140
Trd, 8638285.532, 126
Trd, 8638287.682, 109
Trd, 8638287.732, 108
Trd, 8638288.782, 95
Trd, 8638289.182, 96
Trd, 8638289.232, 77
Trd, 8638290.232, 61
Trd, 8638291.282, 61
Trd, 8638291.332, 78
Trd, 8638291.832, 140
Trd, 8638292.532, 140
Trd, 8638293.582, 140
Trd, 8638293.932, 140
Trd, 8638295.032, 139
Trd, 8638295.482, 140
Trd, 8638296.832, 140
Trd, 8638297.432, 140
Trd, 8638298.082, 62
Trd, 8638298.382, 63
Trd, 8638299.132, 118
Trd, 8638299.632, 119
Trd, 8638300.282, 137
Trd, 8638301.132, 136
Trd, 8638301.782, 119
Trd, 8638301.982, 110
Trd, 8638302.632, 139
Trd, 8638302.782, 138
Trd, 8638304.032, 137
Trd, 8638304.182, 137
Trd, 8638304.332, 137
Trd, 8638304.932, 138
Trd, 8638306.682, 140
Trd, 8638308.282, 140
Trd, 8638308.582, 140
Trd, 8638308.982, 140
Trd, 8638309.332, 140
Trd, 8638309.832, 140
Trd, 8638310.532, 140
Trd, 8638311.382, 139
Trd, 8638312.382, 140
Trd, 8638312.632, 115
Trd, 8638313.932, 140
Trd, 8638314.382, 140
Trd, 8638314.582, 97
Trd, 8638315.682, 60
Trd, 8638316.232, 61
Trd, 8638316.782, 67
Trd, 8638318.432, 60
Trd, 8638318.482, 61
Trd, 8638319.832, 61
Trd, 8638320.182, 76
Trd, 8638321.282, 61
Trd, 8638321.682, 65
Trd, 8638322.332, 64
Trd, 8638323.032, 69
Trd, 8638323.182, 133
Trd, 8638323.482, 107
Trd, 8638324.182, 87
Trd, 8638325.432, 139
Trd, 8638325.482, 84
Trd, 8638326.532, 138
Trd, 8638327.732, 140
Trd, 8638328.632, 140
Trd, 8638328.732, 140
Trd, 8638330.982, 140
Trd, 8638331.732, 140
Trd, 8638332.132, 140
Trd, 8638332.632, 140
Trd, 8638332.782, 134
Trd, 8638333.432, 140
Trd, 8638334.332, 140
Trd, 8638334.382, 140
Trd, 8638334.932, 140
Trd, 8638335.782, 140
Trd, 8638337.232, 140
Trd, 8638337.632, 139
Trd, 8638338.032, 137
Trd, 8638338.682, 139
Trd, 8638339.132, 119
Trd, 8638339.982, 140
Trd, 8638340.232, 127
Trd, 8638340.682, 139
Trd, 8638341.132, 126
Trd, 8638341.982, 112
Trd, 8638343.332, 71
Trd, 8638343.382, 72
Trd, 8638345.682, 60
Trd, 8638346.782, 60
Trd, 8638347.932, 61
Trd, 8638348.132, 67
Trd, 8638348.432, 60
Trd, 8638348.782, 60
Trd, 8638349.832, 78
Trd, 8638350.182, 62
Trd, 8638350.682, 65
Trd, 8638351.032, 69
Trd, 8638351.932, 140
Trd, 8638353.182, 131
Trd, 8638353.532, 132
Trd, 8638354.182, 140
Trd, 8638355.482, 140
Trd, 8638355.782, 140
Trd, 8638356.882, 140
Trd, 8638357.232, 140
Trd, 8638357.482, 140
Trd, 8638358.682, 140
Trd, 8638360.082, 140
Trd, 8638361.982, 140
Trd, 8638362.232, 138
Trd, 8638362.932, 85
Trd, 8638363.532, 133
Trd, 8638363.582, 137
Trd, 8638364.482, 140
Trd, 8638364.532, 140
Trd, 8638364.582, 140
Trd, 8638364.982, 125
Trd, 8638365.932, 140
Trd, 8638366.632, 140
Trd, 8638366.932, 139
Trd, 8638368.482, 132
Trd, 8638368.582, 129
Trd, 8638368.832, 127
Trd, 8638369.632, 140
Trd, 8638371.882, 140
Trd, 8638372.632, 140
Trd, 8638373.132, 140
Trd, 8638373.982, 140
Trd, 8638374.832, 140
Trd, 8638375.682, 140
Trd, 8638375.782, 140
Trd, 8638375.932, 140
Trd, 8638376.332, 62
Trd, 8638378.382, 139
Trd, 8638379.482, 62
Trd, 8638379.782, 113
Trd, 8638381.082, 61
Trd, 8638381.432, 65
Trd, 8638383.132, 62
Trd, 8638383.282, 64
Trd, 8638383.382, 67
Trd, 8638383.832, 62
Trd, 8638384.432, 69
Trd, 8638386.032, 140
Trd, 8638386.182, 140
Trd, 8638387.482, 140
Trd, 8638387.732, 140
Trd, 8638388.332, 140
Trd, 8638388.432, 140
Trd, 8638389.182, 140
Trd, 8638390.032, 140
Trd, 8638390.682, 87
Trd, 8638391.782, 140
Trd, 8638392.232, 140
Trd, 8638392.682, 140
Trd, 8638392.982, 140
Trd, 8638393.932, 140
Trd, 8638394.332, 140
Trd, 8638394.732, 140
Trd, 8638396.332, 140
Trd, 8638396.832, 140
Trd, 8638396.982, 140
Trd, 8638398.482, 63
Trd, 8638398.632, 74
Trd, 8638399.382, 65
Trd, 8638399.732, 64
Trd, 8638400.882, 140
Trd, 8638401.382, 74
Trd, 8638402.432, 60
Trd, 8638402.582, 74
Trd, 8638402.832, 70
Trd, 8638404.782, 60
Trd, 8638405.082, 60
Trd, 8638405.232, 60
Trd, 8638405.732, 62
Trd, 8638406.732, 61
Trd, 8638407.832, 60
Trd, 8638409.532, 60
Trd, 8638409.732, 61
Trd, 8638409.832, 60
Trd, 8638410.082, 92
Trd, 8638410.482, 68
Trd, 8638410.682, 139
Trd, 8638411.132, 67
Trd, 8638412.132, 140
Trd, 8638413.882, 140
Trd, 8638413.932, 138
Trd, 8638414.282, 140
Trd, 8638414.582, 78
Trd, 8638415.432, 140
Trd, 8638415.532, 139
Trd, 8638415.932, 76
Trd, 8638417.382, 140
Trd, 8638418.482, 140
Trd, 8638419.132, 140
Trd, 8638419.532, 140
Trd, 8638420.332, 140
Trd, 8638420.832, 140
Trd, 8638422.032, 140
Trd, 8638422.282, 140
Trd, 8638423.282, 140
Trd, 8638423.432, 140
Trd, 8638423.682, 140
Trd, 8638426.282, 140
Trd, 8638426.882, 140
Trd, 8638427.482, 130
Trd, 8638428.132, 140
Trd, 8638428.282, 130
Trd, 8638429.082, 140
Trd, 8638429.182, 140
Trd, 8638429.932, 125
Trd, 8638430.732, 106
Trd, 8638430.932, 95
Trd, 8638432.532, 140
Trd, 8638434.032, 140
Trd, 8638434.532, 140
Trd, 8638434.732, 140
Trd, 8638435.132, 140
Trd, 8638435.882, 138
Trd, 8638435.932, 138
Trd, 8638436.632, 126
Trd, 8638437.232, 138
Trd, 8638437.782, 140
Trd, 8638438.132, 140
Trd, 8638438.782, 139
Trd, 8638440.282, 139
Trd, 8638441.132, 140
Trd, 8638441.332, 140
Trd, 8638442.682, 121
Trd, 8638443.182, 140
Trd, 8638444.332, 140
Trd, 8638445.632, 140
Trd, 8638445.782, 140
Trd, 8638446.132, 140
Trd, 8638446.182, 140
Trd, 8638447.782, 140
Trd, 8638448.882, 140
Trd, 8638449.532, 140
Trd, 8638449.732, 140
Trd, 8638450.082, 140
Trd, 8638450.532, 140
Trd, 8638450.832, 140
Trd, 8638452.682, 139
Trd, 8638453.532, 140
Trd, 8638453.632, 139
Trd, 8638454.382, 127
Trd, 8638455.832, 122
Trd, 8638456.032, 120
Trd, 8638456.182, 140
Trd, 8638456.482, 112
Trd, 8638458.432, 140
Trd, 8638458.632, 140
Trd, 8638459.232, 140
Trd, 8638459.432, 140
Trd, 8638460.032, 115
Trd, 8638461.182, 140
Trd, 8638461.732, 139
Trd, 8638462.382, 140
Trd, 8638463.082, 140
Trd, 8638463.832, 139
Trd, 8638464.182, 127
Trd, 8638465.132, 139
Trd, 8638465.482, 128
Trd, 8638466.082, 140
Trd, 8638466.632, 140
Trd, 8638467.382, 136
Trd, 8638469.232, 140
Trd, 8638470.432, 140
Trd, 8638470.532, 140
Trd, 8638470.632, 140
Trd, 8638471.182, 140
Trd, 8638472.582, 140
Trd, 8638473.132, 140
Trd, 8638473.382, 140
Trd, 8638474.082, 140
Trd, 8638475.082, 140
Trd, 8638476.432, 140
Trd, 8638476.532, 140
Trd, 8638476.632, 137
Trd, 8638477.682, 139
Trd, 8638478.032, 139
Trd, 8638478.082, 138
Trd, 8638478.982, 90
Trd, 8638479.232, 83
Trd, 8638481.182, 140
Trd, 8638481.332, 140
Trd, 8638481.482, 140
Trd, 8638481.582, 137
Trd, 8638482.482, 135
Trd, 8638482.932, 68
Trd, 8638483.282, 139
Trd, 8638484.032, 106
Trd, 8638484.932, 73
Trd, 8638485.632, 67
Trd, 8638486.332, 140
Trd, 8638486.882, 138
Trd, 8638487.882, 139
Trd, 8638487.982, 137
Trd, 8638490.282, 140
Trd, 8638490.682, 140
Trd, 8638491.932, 140
Trd, 8638492.332, 140
Trd, 8638492.982, 140
Trd, 8638493.232, 140
Trd, 8638494.032, 140
Trd, 8638495.182, 140
Trd, 8638495.432, 140
Trd, 8638496.282, 140
Trd, 8638496.782, 140
Trd, 8638497.182, 140
Trd, 8638498.132, 140
Trd, 8638498.582, 140
Trd, 8638499.232, 139
Trd, 8638500.632, 140
Trd, 8638501.332, 140
Trd, 8638501.432, 140
Trd, 8638502.232, 140
Trd, 8638502.782, 140
Trd, 8638503.682, 140
Trd, 8638504.282, 140
Trd, 8638504.782, 139
Trd, 8638504.882, 139
Trd, 8638505.332, 140
Trd, 8638507.082, 139
Trd, 8638507.732, 139
Trd, 8638508.182, 139
Trd, 8638508.282, 138
Trd, 8638508.882, 127
Trd, 8638509.682, 140
Trd, 8638512.032, 140
Trd, 8638512.082, 140
Trd, 8638512.332, 140
Trd, 8638512.632, 129
Trd, 8638514.082, 140
Trd, 8638514.432, 140
Trd, 8638515.032, 140
Trd, 8638515.282, 140
Trd, 8638515.332, 140
Trd, 8638515.782, 139
Trd, 8638516.632, 91
Trd, 8638517.682, 65
Trd, 8638518.282, 65
Trd, 8638518.982, 66
Trd, 8638520.132, 60
Trd, 8638520.232, 60
Trd, 8638520.832, 61
Trd, 8638522.432, 62
Trd, 8638523.232, 62
Trd, 8638523.832, 62
Trd, 8638524.132, 63
Trd, 8638524.532, 62
Trd, 8638525.582, 60
Trd, 8638526.332, 60
Trd, 8638526.682, 68
Trd, 8638527.382, 64
Trd, 8638527.782, 61
Trd, 8638527.832, 62
Trd, 8638528.782, 65
Trd, 8638529.282, 71
Trd, 8638529.432, 70
Trd, 8638529.832, 71
Trd, 8638530.532, 140
Trd, 8638530.682, 138
Trd, 8638531.182, 75
Trd, 8638532.932, 140
Trd, 8638533.132, 140
Trd, 8638533.332, 140
Trd, 8638533.932, 139
Trd, 8638536.332, 62
Trd, 8638536.582, 62
Trd, 8638536.682, 62
Trd, 8638536.782, 63
Trd, 8638537.282, 140
Trd, 8638540.082, 86
Trd, 8638540.232, 85
Trd, 8638540.582, 130
Trd, 8638540.882, 138
Trd, 8638540.982, 137
Trd, 8638541.882, 93
Trd, 8638543.432, 140
Trd, 8638543.582, 140
Trd, 8638543.682, 139
Trd, 8638543.782, 131
Trd, 8638544.882, 140
Trd, 8638545.282, 140
Trd, 8638547.282, 140
Trd, 8638547.682, 140
Trd, 8638547.732, 140
Trd, 8638547.982, 137
Trd, 8638548.982, 129
Trd, 8638549.582, 140
Trd, 8638549.732, 128
Trd, 8638551.532, 140
Trd, 8638551.782, 140
Trd, 8638551.982, 138
Trd, 8638552.582, 140
Trd, 8638552.932, 139
Trd, 8638553.532, 139
Trd, 8638554.532, 140
Trd, 8638555.232, 126
Trd, 8638555.532, 140
Trd, 8638556.232, 63
Trd, 8638557.982, 64
Trd, 8638558.932, 75
Trd, 8638559.682, 69
Trd, 8638559.782, 62
Trd, 8638560.032, 75
Trd, 8638560.782, 68
Trd, 8638562.432, 70
Trd, 8638562.682, 70
Trd, 8638562.982, 71
Trd, 8638563.782, 80
Trd, 8638564.082, 140
Trd, 8638565.382, 63
Trd, 8638565.632, 80
Trd, 8638565.982, 140
Trd, 8638567.282, 60
Trd, 8638567.782, 140
Trd, 8638568.832, 140
Trd, 8638568.882, 140
Trd, 8638569.932, 140
Trd, 8638571.582, 140
Trd, 8638571.832, 140
Trd, 8638571.882, 139
Trd, 8638572.232, 139
Trd, 8638573.082, 138
Trd, 8638573.482, 137
Trd, 8638574.382, 139
Trd, 8638576.482, 140
Trd, 8638577.332, 140
Trd, 8638577.682, 140
Trd, 8638577.832, 140
Trd, 8638578.432, 139
Trd, 8638578.582, 126
Trd, 8638578.932, 140
Trd, 8638579.782, 110
Trd, 8638580.432, 110
Trd, 8638580.682, 139
Trd, 8638581.282, 110
Trd, 8638581.632, 140
Trd, 8638582.232, 140
Trd, 8638582.982, 60
Trd, 8638583.182, 65
Trd, 8638583.782, 140
Trd, 8638584.682, 83
Trd, 8638585.782, 65
Trd, 8638587.532, 78
Trd, 8638587.782, 72
Trd, 8638588.232, 68
Trd, 8638589.282, 140
Trd, 8638590.132, 74
Trd, 8638592.482, 61
Trd, 8638593.182, 63
Trd, 8638593.982, 62
Trd, 8638594.082, 60
Trd, 8638594.282, 63
Trd, 8638594.382, 68
Trd, 8638595.482, 69
Trd, 8638595.882, 136
Trd, 8638596.182, 73
Trd, 8638596.932, 75
Trd, 8638598.032, 140
Trd, 8638598.632, 139
Trd, 8638598.932, 139
Trd, 8638599.582, 90
Trd, 8638601.582, 140
Trd, 8638602.282, 140
Trd, 8638602.332, 140
Trd, 8638602.632, 140
Trd, 8638602.732, 138
Trd, 8638604.782, 140
Trd, 8638605.182, 140
Trd, 8638606.232, 136
Trd, 8638606.832, 119
Trd, 8638607.832, 123
Trd, 8638608.432, 140
Trd, 8638608.832, 140
Trd, 8638610.882, 140
Trd, 8638610.932, 95
Trd, 8638611.982, 140
Trd, 8638612.032, 140
Trd, 8638612.782, 140
Trd, 8638613.082, 140
Trd, 8638613.732, 140
Trd, 8638613.932, 139
Trd, 8638615.882, 140
Trd, 8638616.032, 140
Trd, 8638616.182, 140
Trd, 8638617.382, 138
Trd, 8638617.582, 136
Trd, 8638618.582, 140
Trd, 8638619.132, 140
Trd, 8638619.682, 140
Trd, 8638620.382, 140
Trd, 8638620.682, 108
Trd, 8638621.532, 140
Trd, 8638622.032, 139
Trd, 8638622.082, 127
Trd, 8638623.132, 140
Trd, 8638623.382, 65
Trd, 8638624.782, 65
Trd, 8638625.532, 80
Trd, 8638627.232, 89
Trd, 8638627.482, 101
Trd, 8638627.532, 89
Trd, 8638627.682, 87
Trd, 8638627.832, 74
Trd, 8638629.132, 61
Trd, 8638629.382, 137
Trd, 8638632.332, 60
Trd, 8638632.632, 62
Trd, 8638633.782, 61
Trd, 8638634.532, 61
Trd, 8638634.732, 62
Trd, 8638635.232, 60
Trd, 8638635.332, 64
Trd, 8638636.032, 64
Trd, 8638636.282, 65
Trd, 8638636.382, 140
Trd, 8638637.032, 68
Trd, 8638639.232, 109
Trd, 8638640.832, 61
Trd, 8638641.682, 60
Trd, 8638642.732, 60
Trd, 8638643.332, 60
Trd, 8638643.582, 62
Trd, 8638643.982, 64
Trd, 8638644.282, 62
Trd, 8638644.382, 65
Trd, 8638644.882, 122
Trd, 8638646.132, 140
Trd, 8638646.182, 140
Trd, 8638646.732, 140
Trd, 8638647.932, 140
Trd, 8638648.182, 140
Trd, 8638649.882, 140
Trd, 8638650.182, 140
Trd, 8638650.432, 137
Trd, 8638650.882, 127
Trd, 8638651.582, 72
Trd, 8638652.732, 64
Trd, 8638652.882, 64
Trd, 8638654.182, 62
Trd, 8638654.332, 61
Trd, 8638655.032, 62
Trd, 8638657.332, 140
Trd, 8638657.832, 140
Trd, 8638658.132, 140
Trd, 8638658.682, 128
Trd, 8638659.132, 61
Trd, 8638660.332, 140
Trd, 8638662.132, 62
Trd, 8638663.432, 63
Trd, 8638664.032, 61
Trd, 8638664.832, 65
Trd, 8638665.182, 66
Trd, 8638665.432, 73
Trd, 8638665.632, 84
Trd, 8638666.032, 74
Trd, 8638667.482, 115
Trd, 8638667.782, 85
Trd, 8638668.082, 84
Trd, 8638668.332, 82
Trd, 8638669.332, 140
Trd, 8638669.782, 85
Trd, 8638670.682, 89
Trd, 8638670.832, 88
Trd, 8638671.082, 87
Trd, 8638672.482, 140
Trd, 8638673.482, 140
Trd, 8638674.482, 140
Trd, 8638674.982, 140
Trd, 8638675.832, 140
Trd, 8638676.782, 140
Trd, 8638678.232, 140
Trd, 8638678.382, 140
Trd, 8638678.732, 140
Trd, 8638679.032, 140
Trd, 8638679.682, 140
Trd, 8638680.932, 140
Trd, 8638682.082, 140
Trd, 8638682.532, 140
Trd, 8638683.532, 115
Trd, 8638683.682, 108
Trd, 8638685.082, 140
Trd, 8638685.282, 139
Trd, 8638685.332, 138
Trd, 8638685.432, 137
Trd, 8638686.532, 82
Trd, 8638688.082, 140
Trd, 8638688.432, 140
Trd, 8638688.932, 140
Trd, 8638689.882, 140
Trd, 8638691.182, 140
Trd, 8638691.882, 140
Trd, 8638692.282, 140
Trd, 8638693.332, 140
Trd, 8638694.232, 140
Trd, 8638694.932, 140
Trd, 8638695.932, 140
Trd, 8638696.532, 140
Trd, 8638696.582, 140
Trd, 8638696.682, 140
Trd, 8638696.882, 127
Trd, 8638698.632, 137
Trd, 8638698.882, 133
Trd, 8638699.032, 132
Trd, 8638700.582, 60
Trd, 8638700.732, 60
Trd, 8638702.082, 60
Trd, 8638702.382, 60
Trd, 8638702.532, 60
Trd, 8638703.332, 67
Trd, 8638704.132, 138
Trd, 8638704.182, 65
Trd, 8638705.232, 140
Trd, 8638705.532, 140
Trd, 8638705.982, 140
Trd, 8638707.582, 140
Trd, 8638707.632, 140
Trd, 8638707.732, 83
Trd, 8638708.082, 81
Trd, 8638709.282, 82
Trd, 8638710.332, 140
Trd, 8638712.582, 140
Trd, 8638712.882, 140
Trd, 8638713.482, 140
Trd, 8638713.882, 140
Trd, 8638714.382, 140
Trd, 8638714.782, 140
Trd, 8638715.682, 140
Trd, 8638715.882, 140
Trd, 8638717.182, 140
Trd, 8638717.532, 140
Trd, 8638719.182, 138
Trd, 8638720.482, 129
Trd, 8638720.682, 128
Trd, 8638721.032, 129
Trd, 8638722.132, 138
Trd, 8638722.382, 128
Trd, 8638722.882, 140
Trd, 8638723.032, 62
Trd, 8638723.432, 137
Trd, 8638724.082, 61
Trd, 8638726.482, 72
Trd, 8638727.732, 60
Trd, 8638727.832, 60
Trd, 8638727.882, 60
Trd, 8638729.132, 60
Trd, 8638730.382, 60
Trd, 8638732.032, 61
Trd, 8638732.232, 60
Trd, 8638732.432, 63
Trd, 8638732.782, 63
Trd, 8638733.532, 60
Trd, 8638734.932, 60
Trd, 8638735.082, 65
Trd, 8638735.232, 132
Trd, 8638735.782, 140
Trd, 8638738.882, 60
Trd, 8638738.932, 60
Trd, 8638739.432, 61
Trd, 8638739.982, 63
Trd, 8638740.032, 62
Trd, 8638740.982, 62
Trd, 8638741.082, 61
Trd, 8638741.382, 79
Trd, 8638742.832, 62
Trd, 8638742.882, 63
Trd, 8638743.982, 65
Trd, 8638744.882, 61
Trd, 8638746.282, 63
Trd, 8638746.732, 64
Trd, 8638747.882, 139
Trd, 8638748.132, 138
Trd, 8638750.282, 60
Trd, 8638751.182, 66
Trd, 8638751.432, 62
Trd, 8638751.682, 140
Trd, 8638751.882, 140
Trd, 8638751.982, 62
Trd, 8638753.182, 66
Trd, 8638753.882, 72
Trd, 8638753.932, 76
Trd, 8638754.232, 76
Trd, 8638756.282, 60
Trd, 8638756.932, 64
Trd, 8638758.282, 64
Trd, 8638759.132, 62
Trd, 8638759.782, 61
Trd, 8638760.882, 61
Trd, 8638760.982, 69
Trd, 8638761.182, 72
Trd, 8638761.732, 138
Trd, 8638762.682, 65
Trd, 8638763.232, 66
Trd, 8638764.232, 62
Trd, 8638765.332, 62
Trd, 8638765.982, 140
Trd, 8638766.182, 140
Trd, 8638767.382, 140
Trd, 8638767.532, 140
Trd, 8638769.282, 140
Trd, 8638769.782, 140
Trd, 8638769.882, 140
Trd, 8638770.232, 140
Trd, 8638771.782, 131
Trd, 8638771.982, 130
Trd, 8638772.732, 140
Trd, 8638773.432, 74
Trd, 8638775.582, 140
Trd, 8638776.332, 140
Trd, 8638776.432, 140
Trd, 8638776.632, 138
Trd, 8638776.882, 65
Trd, 8638778.732, 140
Trd, 8638779.332, 140
Trd, 8638779.832, 140
Trd, 8638780.232, 139
Trd, 8638780.932, 139
Trd, 8638781.432, 140
Trd, 8638782.382, 140
Trd, 8638782.632, 140
Trd, 8638782.832, 140
Trd, 8638783.632, 140
Trd, 8638784.682, 140
Trd, 8638785.832, 140
Trd, 8638785.932, 140
Trd, 8638786.532, 139
Trd, 8638786.632, 136
Trd, 8638787.532, 81
Trd, 8638788.032, 60
Trd, 8638788.832, 61
Trd, 8638790.682, 65
Trd, 8638792.332, 83
Trd, 8638792.482, 70
Trd, 8638792.532, 66
Trd, 8638793.132, 60
Trd, 8638793.232, 60
Trd, 8638794.132, 62
Trd, 8638795.232, 60
Trd, 8638797.782, 60
Trd, 8638797.832, 60
Trd, 8638798.782, 65
Trd, 8638799.232, 64
Trd, 8638799.782, 61
Trd, 8638800.682, 66
Trd, 8638801.782, 60
Trd, 8638802.632, 67
Trd, 8638803.182, 68
Trd, 8638804.132, 76
Trd, 8638804.532, 76
Trd, 8638804.782, 66
Trd, 8638804.832, 110
Trd, 8638805.232, 64
Trd, 8638805.832, 60
Trd, 8638807.782, 62
Trd, 8638807.932, 60
Trd, 8638809.632, 60
Trd, 8638810.482, 60
Trd, 8638812.282, 60
Trd, 8638812.632, 60
Trd, 8638814.182, 60
Trd, 8638814.632, 60
Trd, 8638815.632, 60
Trd, 8638815.882, 64
Trd, 8638816.682, 140
Trd, 8638817.082, 140
Trd, 8638817.332, 140
Trd, 8638817.782, 140
Trd, 8638818.282, 139
Trd, 8638819.582, 140
Trd, 8638819.832, 140
Trd, 8638819.932, 140
Trd, 8638821.332, 140
Trd, 8638821.682, 139
Trd, 8638822.332, 140
Trd, 8638823.632, 126
Trd, 8638824.232, 140
Trd, 8638824.282, 139
Trd, 8638824.682, 140
Trd, 8638825.082, 140
Trd, 8638826.482, 140
Trd, 8638827.732, 140
Trd, 8638827.882, 136
Trd, 8638828.332, 78
Trd, 8638829.382, 140
Trd, 8638831.332, 61
Trd, 8638831.382, 63
Trd, 8638832.682, 60
Trd, 8638832.832, 72
Trd, 8638833.682, 60
Trd, 8638834.032, 140
Trd, 8638834.732, 63
Trd, 8638836.182, 140
Trd, 8638836.482, 140
Trd, 8638836.682, 113
Trd, 8638837.332, 140
Trd, 8638837.882, 115
Trd, 8638838.132, 77
Trd, 8638838.282, 76
Trd, 8638840.232, 140
Trd, 8638840.532, 140
Trd, 8638840.732, 140
Trd, 8638843.982, 60
Trd, 8638844.482, 60
Trd, 8638844.582, 61
Trd, 8638844.882, 65
Trd, 8638845.382, 61
Trd, 8638845.982, 68
Trd, 8638847.382, 61
Trd, 8638847.832, 62
Trd, 8638848.382, 63
Trd, 8638849.182, 140
Trd, 8638849.732, 140
Trd, 8638849.932, 66
Trd, 8638850.482, 60
Trd, 8638851.832, 60
Trd, 8638852.682, 60
Trd, 8638852.882, 62
Trd, 8638853.032, 64
Trd, 8638854.332, 140
Trd, 8638854.582, 140
Trd, 8638854.832, 140
Trd, 8638855.182, 139
Trd, 8638856.582, 140
Trd, 8638857.282, 140
Trd, 8638857.432, 140
Trd, 8638857.532, 125
Trd, 8638859.932, 140
Trd, 8638860.182, 140
Trd, 8638860.632, 140
Trd, 8638861.682, 140
Trd, 8638862.432, 140
Trd, 8638863.532, 140
Trd, 8638863.632, 140
Trd, 8638864.732, 140
Trd, 8638864.982, 140
Trd, 8638865.732, 140
Trd, 8638865.882, 137
Trd, 8638866.132, 134
Trd, 8638866.382, 112
Trd, 8638867.532, 65
Trd, 8638868.782, 60
Trd, 8638868.882, 60
Trd, 8638869.382, 60
Trd, 8638871.782, 60
Trd, 8638871.932, 61
Trd, 8638872.132, 62
Trd, 8638872.182, 61
Trd, 8638873.182, 62
Trd, 8638873.582, 62
Trd, 8638873.732, 65
Trd, 8638874.882, 60
Trd, 8638875.732, 93
Trd, 8638876.882, 60
Trd, 8638877.732, 60
Trd, 8638879.132, 60
Trd, 8638880.182, 60
Trd, 8638880.482, 63
Trd, 8638880.532, 103
Trd, 8638880.732, 133
Trd, 8638881.182, 135
Trd, 8638881.382, 68
Trd, 8638881.532, 67
Trd, 8638881.932, 72
Trd, 8638882.032, 66
Trd, 8638883.632, 140
Trd, 8638885.032, 140
Trd, 8638885.582, 140
Trd, 8638885.832, 140
Trd, 8638886.032, 140
Trd, 8638887.132, 128
Trd, 8638887.282, 61
Trd, 8638888.232, 60
Trd, 8638888.532, 60
Trd, 8638889.382, 61
Trd, 8638890.132, 82
Trd, 8638890.582, 138
Trd, 8638890.732, 140
Trd, 8638892.582, 140
Trd, 8638892.632, 140
Trd, 8638893.382, 140
Trd, 8638894.782, 140
Trd, 8638895.932, 140
Trd, 8638896.032, 140
Trd, 8638897.382, 140
Trd, 8638899.032, 140
Trd, 8638899.332, 140
Trd, 8638899.732, 140
Trd, 8638900.282, 140
Trd, 8638900.332, 140
Trd, 8638900.482, 140
Trd, 8638900.932, 140
Trd, 8638901.032, 140
Trd, 8638902.882, 140
Trd, 8638903.482, 140
Trd, 8638903.682, 140
Trd, 8638903.782, 117
Trd, 8638904.682, 139
Trd, 8638904.882, 123
Trd, 8638905.082, 140
Trd, 8638905.832, 73
Trd, 8638907.132, 61
Trd, 8638909.232, 60
Trd, 8638909.482, 61
Trd, 8638909.532, 66
Trd, 8638910.332, 61
Trd, 8638910.632, 72
Trd, 8638911.332, 75
Trd, 8638912.482, 63
Trd, 8638912.632, 62
Trd, 8638913.632, 68
Trd, 8638914.432, 62
Trd, 8638915.082, 60
Trd, 8638915.882, 79
Trd, 8638917.432, 101
Trd, 8638917.482, 121
Trd, 8638918.532, 102
Trd, 8638918.732, 101
Trd, 8638918.832, 100
Trd, 8638919.832, 140
Trd, 8638920.382, 140
Trd, 8638920.532, 139
Trd, 8638922.282, 140
Trd, 8638922.332, 140
Trd, 8638922.982, 129
Trd, 8638923.182, 129
Trd, 8638924.782, 140
Trd, 8638925.432, 140
Trd, 8638926.082, 139
Trd, 8638926.282, 140
Trd, 8638927.132, 140
Trd, 8638927.682, 140
Trd, 8638927.982, 140
Trd, 8638928.332, 140
Trd, 8638929.382, 140
Trd, 8638930.732, 140
Trd, 8638930.982, 140
Trd, 8638931.882, 140
Trd, 8638932.032, 140
Trd, 8638932.982, 130
Trd, 8638934.732, 140
Trd, 8638934.782, 140
Trd, 8638936.132, 139
Trd, 8638936.532, 140
Trd, 8638936.782, 140
Trd, 8638937.682, 140
Trd, 8638937.982, 140
Trd, 8638939.582, 140
Trd, 8638940.182, 140
Trd, 8638940.582, 140
Trd, 8638940.832, 140
Trd, 8638941.932, 140
Trd, 8638942.932, 140
Trd, 8638943.932, 140
Trd, 8638944.132, 140
Trd, 8638945.082, 140
Trd, 8638945.632, 139
Trd, 8638946.882, 140
Trd, 8638947.132, 140
Trd, 8638947.482, 140
Trd, 8638948.432, 140
Trd, 8638949.782, 140
Trd, 8638949.882, 140
Trd, 8638950.332, 140
Trd, 8638950.982, 140
Trd, 8638951.232, 140
Trd, 8638952.232, 128
Trd, 8638953.932, 140
Trd, 8638954.082, 140
Trd, 8638954.232, 140
Trd, 8638954.282, 70
Trd, 8638956.282, 62
Trd, 8638956.582, 65
Trd, 8638957.582, 60
Trd, 8638958.832, 61
Trd, 8638960.732, 63
Trd, 8638961.032, 64
Trd, 8638961.382, 60
Trd, 8638961.932, 62
Trd, 8638962.232, 70
Trd, 8638962.482, 62
Trd, 8638962.882, 79
Trd, 8638964.782, 139
Trd, 8638965.082, 65
Trd, 8638965.382, 139
Trd, 8638967.032, 75
Trd, 8638967.232, 71
Trd, 8638968.132, 61
Trd, 8638968.432, 140
Trd, 8638969.732, 137
Trd, 8638969.832, 140
Trd, 8638971.032, 70
Trd, 8638971.682, 103
Trd, 8638973.132, 84
Trd, 8638973.982, 85
Trd, 8638974.082, 93
Trd, 8638974.432, 84
Trd, 8638975.382, 140
Trd, 8638975.432, 140
Trd, 8638977.032, 140
Trd, 8638978.182, 140
Trd, 8638978.232, 140
Trd, 8638980.032, 140
Trd, 8638980.132, 139
Trd, 8638981.082, 140
Trd, 8638981.232, 140
Trd, 8638981.682, 140
Trd, 8638981.932, 139
Trd, 8638982.082, 139
Trd, 8638984.282, 61
Trd, 8638984.682, 62
Trd, 8638986.132, 75
Trd, 8638986.882, 68
Trd, 8638987.032, 69
Trd, 8638987.882, 61
Trd, 8638988.082, 68
Trd, 8638988.982, 77
Trd, 8638990.632, 60
Trd, 8638991.132, 65
Trd, 8638991.632, 71
Trd, 8638991.882, 64
Trd, 8638992.782, 61
Trd, 8638993.432, 140
Trd, 8638993.982, 66
Trd, 8638994.782, 140
Trd, 8638995.082, 139
Trd, 8638996.432, 77
Trd, 8638997.032, 140
Trd, 8638997.632, 140
Trd, 8638998.032, 139
Trd, 8638999.432, 140
Trd, 8638999.982, 140
Trd, 8639000.532, 140
Trd, 8639001.582, 140
Trd, 8639001.832, 140
Trd, 8639003.182, 140
Trd, 8639003.432, 140
Trd, 8639003.532, 139
Trd, 8639005.182, 140
Trd, 8639005.432, 140
Trd, 8639006.032, 140
Trd, 8639006.732, 139
Trd, 8639007.082, 130
Trd, 8639007.232, 129
Trd, 8639008.882, 140
Trd, 8639009.132, 140
Trd, 8639009.382, 60
Trd, 8639012.382, 140
Trd, 8639012.482, 140
Trd, 8639012.932, 140
Trd, 8639013.182, 140
Trd, 8639014.532, 140
Trd, 8639015.132, 139
Trd, 8639015.382, 140
Trd, 8639018.132, 140
Trd, 8639018.532, 140
Trd, 8639019.132, 140
Trd, 8639019.732, 140
Trd, 8639019.932, 140
Trd, 8639020.432, 140
Trd, 8639021.632, 139
Trd, 8639022.632, 138
Trd, 8639022.782, 126
Trd, 8639023.682, 104
Trd, 8639024.432, 140
Trd, 8639024.682, 140
Trd, 8639025.432, 137
Trd, 8639025.782, 136
Trd, 8639026.182, 140
Trd, 8639027.382, 140
Trd, 8639028.082, 140
Trd, 8639028.582, 139
Trd, 8639030.632, 140
Trd, 8639030.882, 140
Trd, 8639031.532, 140
Trd, 8639032.582, 140
Trd, 8639032.632, 140
Trd, 8639034.382, 140
Trd, 8639034.982, 140
Trd, 8639035.732, 140
Trd, 8639036.032, 140
Trd, 8639036.382, 140
Trd, 8639036.732, 140
Trd, 8639037.332, 138
Trd, 8639037.432, 128
Trd, 8639038.532, 140
Trd, 8639039.132, 140
Trd, 8639040.332, 140
Trd, 8639040.532, 140
Trd, 8639041.582, 140
Trd, 8639042.132, 140
Trd, 8639042.532, 140
Trd, 8639043.332, 140
Trd, 8639044.182, 140
Trd, 8639044.682, 119
Trd, 8639044.982, 140
Trd, 8639046.032, 140
Trd, 8639046.432, 140
Trd, 8639046.682, 140
Trd, 8639047.232, 140
Trd, 8639047.482, 140
Trd, 8639048.182, 140
Trd, 8639049.282, 140
Trd, 8639050.082, 140
Trd, 8639050.532, 140
Trd, 8639050.732, 140
Trd, 8639052.132, 133
Trd, 8639052.532, 134
Trd, 8639052.782, 120
Trd, 8639053.432, 61
Trd, 8639053.682, 60
Trd, 8639053.782, 62
Trd, 8639054.432, 60
Trd, 8639055.232, 138
Trd, 8639056.082, 68
Trd, 8639057.832, 91
Trd, 8639058.632, 94
Trd, 8639059.082, 140
Trd, 8639059.182, 138
Trd, 8639059.982, 94
Trd, 8639060.032, 92
Trd, 8639061.082, 138
Trd, 8639061.282, 140
Trd, 8639062.432, 139
Trd, 8639063.832, 134
Trd, 8639064.782, 131
Trd, 8639064.932, 131
Trd, 8639065.332, 130
Trd, 8639065.732, 140
Trd, 8639066.032, 76
Trd, 8639068.082, 140
Trd, 8639068.782, 140
Trd, 8639069.182, 140
Trd, 8639069.482, 140
Trd, 8639069.832, 140
Trd, 8639070.482, 114
Trd, 8639070.832, 140
Trd, 8639072.532, 60
Trd, 8639075.332, 62
Trd, 8639075.432, 62
Trd, 8639075.732, 60
Trd, 8639076.782, 60
Trd, 8639077.082, 60
Trd, 8639077.932, 61
Trd, 8639078.082, 60
Trd, 8639079.382, 65
Trd, 8639079.882, 71
Trd, 8639080.182, 73
Trd, 8639081.182, 139
Trd, 8639081.332, 69
Trd, 8639082.032, 139
Trd, 8639082.432, 65
Trd, 8639082.732, 82
Trd, 8639084.282, 79
Trd, 8639084.532, 65
Trd, 8639085.082, 65
Trd, 8639085.632, 138
Trd, 8639086.282, 137
Trd, 8639088.032, 140
Trd, 8639088.532, 140
Trd, 8639088.982, 140
Trd, 8639089.382, 140
Trd, 8639091.382, 140
Trd, 8639091.682, 140
Trd, 8639093.632, 140
Trd, 8639093.732, 140
Trd, 8639093.782, 140
Trd, 8639094.832, 140
Trd, 8639095.632, 140
Trd, 8639096.532, 140
Trd, 8639096.682, 140
Trd, 8639097.382, 140
Trd, 8639097.632, 140
Trd, 8639099.582, 140
Trd, 8639099.832, 140
Trd, 8639101.232, 140
Trd, 8639101.282, 140
Trd, 8639101.732, 139
Trd, 8639101.882, 140
Trd, 8639102.382, 140
Trd, 8639102.582, 135
Trd, 8639103.682, 139
Trd, 8639103.982, 138
Trd, 8639104.082, 126
Trd, 8639105.932, 140
Trd, 8639106.632, 136
Trd, 8639106.782, 134
Trd, 8639107.032, 139
Trd, 8639108.232, 126
Trd, 8639108.632, 125
Trd, 8639109.982, 140
Trd, 8639110.482, 140
Trd, 8639110.582, 125
Trd, 8639111.032, 95
Trd, 8639111.532, 61
Trd, 8639113.382, 139
Trd, 8639114.232, 140
Trd, 8639115.132, 140
Trd, 8639115.482, 140
Trd, 8639116.232, 140
Trd, 8639116.732, 139
Trd, 8639117.482, 139
Trd, 8639117.532, 137
Trd, 8639118.082, 125
Trd, 8639118.232, 124
Trd, 8639119.182, 140
Trd, 8639120.232, 139
Trd, 8639121.132, 140
Trd, 8639121.282, 138
Trd, 8639122.682, 140
Trd, 8639122.732, 126
Trd, 8639124.282, 139
Trd, 8639124.632, 139
Trd, 8639126.332, 140
Trd, 8639127.182, 140
Trd, 8639127.532, 140
Trd, 8639128.032, 140
Trd, 8639128.132, 138
Trd, 8639129.332, 140
Trd, 8639130.332, 140
Trd, 8639130.932, 140
Trd, 8639131.182, 140
Trd, 8639132.332, 140
Trd, 8639133.532, 140
Trd, 8639133.682, 140
Trd, 8639134.182, 140
Trd, 8639135.282, 113
Trd, 8639135.782, 61
Trd, 8639136.332, 138
Trd, 8639136.632, 60
Trd, 8639137.632, 126
Trd, 8639138.332, 63
Trd, 8639139.732, 60
Trd, 8639142.082, 60
Trd, 8639142.832, 62
Trd, 8639142.882, 64
Trd, 8639143.082, 66
Trd, 8639144.582, 60
Trd, 8639144.782, 68
Trd, 8639145.132, 64
Trd, 8639145.382, 62
Trd, 8639146.432, 63
Trd, 8639146.482, 61
Trd, 8639147.282, 67
Trd, 8639147.482, 62
Trd, 8639148.082, 108
Trd, 8639149.132, 67
Trd, 8639151.432, 140
Trd, 8639151.532, 140
Trd, 8639152.682, 140
Trd, 8639152.932, 140
Trd, 8639153.132, 139
Trd, 8639153.182, 138
Trd, 8639153.832, 125
Trd, 8639155.132, 140
Trd, 8639157.132, 140
Trd, 8639157.382, 140
Trd, 8639157.832, 140
Trd, 8639158.182, 140
Trd, 8639159.182, 140
Trd, 8639159.882, 140
Trd, 8639159.982, 140
Trd, 8639160.532, 140
Trd, 8639160.932, 140
Trd, 8639162.882, 140
Trd, 8639163.832, 140
Trd, 8639163.982, 140
Trd, 8639164.682, 140
Trd, 8639164.782, 140
Trd, 8639165.382, 139
Trd, 8639166.282, 139
Trd, 8639166.582, 138
Trd, 8639167.482, 140
Trd, 8639167.682, 139
Trd, 8639168.182, 140
Trd, 8639168.782, 140
Trd, 8639169.032, 140
Trd, 8639170.182, 122
Trd, 8639170.532, 140
Trd, 8639171.182, 140
Trd, 8639172.732, 61
Trd, 8639172.932, 140
Trd, 8639173.682, 71
Trd, 8639173.882, 64
Trd, 8639174.982, 80
Trd, 8639177.032, 140
Trd, 8639178.032, 140
Trd, 8639178.282, 140
Trd, 8639178.382, 140
Trd, 8639179.532, 91
Trd, 8639180.032, 140
Trd, 8639181.632, 140
Trd, 8639182.432, 140
Trd, 8639182.482, 140
Trd, 8639183.282, 140
Trd, 8639183.732, 140
Trd, 8639184.082, 140
Trd, 8639184.682, 140
Trd, 8639186.132, 138
Trd, 8639186.232, 136
Trd, 8639186.982, 139
Trd, 8639187.632, 82
Trd, 8639188.932, 63
Trd, 8639189.982, 64
Trd, 8639190.882, 66
Trd, 8639191.632, 61
Trd, 8639191.732, 63
Trd, 8639192.182, 62
Trd, 8639193.282, 61
Trd, 8639193.332, 67
Trd, 8639194.182, 65
Trd, 8639194.532, 67
Trd, 8639196.132, 84
Trd, 8639196.232, 63
Trd, 8639197.532, 64
Trd, 8639199.032, 62
Trd, 8639199.182, 62
Trd, 8639201.382, 61
Trd, 8639201.532, 61
Trd, 8639201.632, 62
Trd, 8639202.732, 64
Trd, 8639204.082, 63
Trd, 8639204.832, 62
Trd, 8639205.582, 65
Trd, 8639205.632, 64
Trd, 8639206.032, 140
Trd, 8639206.182, 62
Trd, 8639206.632, 67
Trd, 8639207.832, 81
Trd, 8639208.032, 68
Trd, 8639208.282, 69
Trd, 8639208.532, 106
Trd, 8639208.582, 66
Trd, 8639209.282, 140
Trd, 8639210.032, 140
Trd, 8639210.682, 135
Trd, 8639210.982, 67
Trd, 8639212.582, 62
Trd, 8639214.182, 69
Trd, 8639214.582, 134
Trd, 8639215.682, 108
Trd, 8639215.832, 100
Trd, 8639215.882, 98
Trd, 8639217.882, 63
Trd, 8639218.632, 63
Trd, 8639218.732, 70
Trd, 8639220.082, 63
Trd, 8639220.932, 61
Trd, 8639222.382, 63
Trd, 8639223.232, 61
Trd, 8639223.632, 61
Trd, 8639223.982, 67
Trd, 8639224.682, 60
Trd, 8639226.182, 66
Trd, 8639226.782, 140
Trd, 8639227.932, 140
Trd, 8639228.082, 140
Trd, 8639228.132, 140
Trd, 8639228.532, 138
Trd, 8639228.682, 138
Trd, 8639230.282, 140
Trd, 8639230.982, 140
Trd, 8639231.632, 140
Trd, 8639233.082, 140
Trd, 8639233.432, 140
Trd, 8639233.582, 140
Trd, 8639234.632, 140
Trd, 8639235.232, 139
Trd, 8639235.532, 60
Trd, 8639236.932, 66
Trd, 8639237.182, 63
Trd, 8639237.432, 64
Trd, 8639237.782, 67
Trd, 8639239.032, 86
Trd, 8639239.282, 140
Trd, 8639239.432, 139
Trd, 8639239.982, 140
Trd, 8639241.232, 77
Trd, 8639241.932, 123
Trd, 8639242.032, 76
Trd, 8639242.732, 77
Trd, 8639242.982, 137
Trd, 8639244.582, 140
Trd, 8639245.082, 139
Trd, 8639245.382, 138
Trd, 8639245.832, 137
Trd, 8639247.632, 140
Trd, 8639247.832, 140
Trd, 8639247.932, 140
Trd, 8639248.832, 140
Trd, 8639249.732, 60
Trd, 8639250.082, 140
Trd, 8639250.632, 92
Trd, 8639252.432, 140
Trd, 8639253.332, 140
Trd, 8639253.932, 140
Trd, 8639254.182, 140
Trd, 8639254.432, 140
Trd, 8639255.382, 88
Trd, 8639256.432, 91
Trd, 8639257.082, 89
Trd, 8639257.782, 137
Trd, 8639258.582, 121
Trd, 8639258.632, 120
Trd, 8639259.032, 82
Trd, 8639259.132, 138
Trd, 8639261.032, 140
Trd, 8639261.182, 140
Trd, 8639261.582, 140
Trd, 8639262.032, 139
Trd, 8639262.582, 112
Trd, 8639263.382, 140
Trd, 8639264.382, 140
Trd, 8639264.782, 140
Trd, 8639265.732, 140
Trd, 8639267.482, 140
Trd, 8639267.932, 140
Trd, 8639268.182, 140
Trd, 8639268.932, 140
Trd, 8639269.332, 140
Trd, 8639271.632, 140
Trd, 8639272.282, 140
Trd, 8639272.332, 140
Trd, 8639273.132, 139
Trd, 8639273.482, 140
Trd, 8639275.282, 139
Trd, 8639275.882, 139
Trd, 8639276.282, 139
Trd, 8639276.582, 139
Trd, 8639277.132, 140
Trd, 8639277.232, 126
Trd, 8639278.482, 140
Trd, 8639279.682, 140
Trd, 8639279.832, 140
Trd, 8639280.082, 139
Trd, 8639280.382, 140
Trd, 8639281.732, 125
Trd, 8639281.832, 88
Trd, 8639283.532, 140
Trd, 8639283.832, 140
Trd, 8639284.882, 140
Trd, 8639285.482, 140
Trd, 8639285.832, 140
Trd, 8639286.232, 140
Trd, 8639287.482, 140
Trd, 8639288.432, 140
Trd, 8639289.182, 140
Trd, 8639289.282, 140
Trd, 8639289.432, 140
Trd, 8639290.082, 140
Trd, 8639290.582, 140
Trd, 8639290.682, 139
Trd, 8639290.782, 138
Trd, 8639291.532, 140
Trd, 8639292.732, 140
Trd, 8639293.132, 140
Trd, 8639294.182, 140
Trd, 8639294.632, 140
Trd, 8639295.232, 139
Trd, 8639295.432, 139
Trd, 8639296.382, 117
Trd, 8639297.032, 140
Trd, 8639297.182, 139
Trd, 8639298.532, 140
Trd, 8639299.082, 140
Trd, 8639300.132, 140
Trd, 8639300.282, 140
Trd, 8639301.082, 140
Trd, 8639301.682, 140
Trd, 8639301.782, 135
Trd, 8639302.082, 128
Trd, 8639303.882, 63
Trd, 8639303.982, 64
Trd, 8639304.932, 62
Trd, 8639306.082, 139
Trd, 8639306.582, 140
Trd, 8639308.132, 140
Trd, 8639308.532, 140
Trd, 8639309.082, 140
Trd, 8639309.232, 140
Trd, 8639309.332, 140
Trd, 8639309.632, 64
Trd, 8639311.782, 140
Trd, 8639312.532, 140
Trd, 8639312.582, 140
Trd, 8639313.232, 140
Trd, 8639313.432, 140
Trd, 8639314.632, 100
Trd, 8639315.182, 61
Trd, 8639315.532, 138
Trd, 8639316.132, 140
Trd, 8639317.082, 61
Trd, 8639317.632, 127
Trd, 8639319.082, 140
Trd, 8639319.582, 139
Trd, 8639319.632, 126
Trd, 8639319.732, 122
Trd, 8639321.282, 140
Trd, 8639321.482, 140
Trd, 8639321.732, 140
Trd, 8639322.032, 139
Trd, 8639323.632, 140
Trd, 8639323.932, 140
Trd, 8639324.632, 140
Trd, 8639324.832, 140
Trd, 8639325.332, 98
Trd, 8639326.332, 140
Trd, 8639327.232, 60
Trd, 8639328.232, 60
Trd, 8639328.882, 62
Trd, 8639330.832, 60
Trd, 8639331.182, 61
Trd, 8639332.132, 114
Trd, 8639333.532, 60
Trd, 8639334.082, 62
Trd, 8639334.282, 63
Trd, 8639335.032, 65
Trd, 8639335.182, 140
Trd, 8639335.582, 66
Trd, 8639336.832, 133
Trd, 8639337.432, 71
Trd, 8639339.282, 61
Trd, 8639339.882, 62
Trd, 8639340.232, 63
Trd, 8639340.532, 62
Trd, 8639341.382, 64
Trd, 8639341.432, 63
Trd, 8639341.482, 69
Trd, 8639343.332, 119
Trd, 8639344.132, 140
Trd, 8639344.732, 140
Trd, 8639345.082, 140
Trd, 8639345.132, 139
Trd, 8639347.232, 140
Trd, 8639348.382, 140
Trd, 8639349.082, 140
Trd, 8639349.132, 140
Trd, 8639349.882, 140
Trd, 8639350.132, 139
Trd, 8639350.332, 88
Trd, 8639351.032, 140
Trd, 8639351.732, 139
Trd, 8639352.232, 79
Trd, 8639353.682, 139
Trd, 8639354.932, 61
Trd, 8639354.982, 61
Trd, 8639356.132, 66
Trd, 8639356.732, 73
Trd, 8639357.832, 140
Trd, 8639358.182, 140
Trd, 8639359.032, 140
Trd, 8639359.782, 140
Trd, 8639360.632, 140
Trd, 8639360.982, 140
Trd, 8639361.482, 140
Trd, 8639361.832, 140
Trd, 8639362.032, 140
Trd, 8639362.332, 126
Trd, 8639362.582, 126
Trd, 8639364.632, 140
Trd, 8639365.332, 140
Trd, 8639365.532, 140
Trd, 8639365.982, 140
Trd, 8639366.082, 126
Trd, 8639366.832, 139
Trd, 8639367.332, 60
Trd, 8639368.332, 60
Trd, 8639368.732, 61
Trd, 8639369.282, 63
Trd, 8639369.632, 60
Trd, 8639369.682, 67
Trd, 8639371.032, 96
Trd, 8639372.382, 140
Trd, 8639372.632, 140
Trd, 8639373.732, 72
Trd, 8639374.182, 72
Trd, 8639374.382, 66
Trd, 8639374.832, 139
Trd, 8639375.082, 136
Trd, 8639375.982, 67
Trd, 8639377.082, 60
Trd, 8639378.632, 70
Trd, 8639379.682, 64
Trd, 8639380.082, 79
Trd, 8639380.182, 63
Trd, 8639380.282, 61
Trd, 8639382.282, 140
Trd, 8639382.382, 140
Trd, 8639383.532, 140
Trd, 8639383.882, 140
Trd, 8639384.582, 140
Trd, 8639385.132, 140
Trd, 8639385.982, 140
Trd, 8639386.132, 140
Trd, 8639386.282, 140
Trd, 8639388.182, 139
Trd, 8639388.582, 136
Trd, 8639389.232, 140
Trd, 8639390.932, 140
Trd, 8639392.682, 140
Trd, 8639393.132, 140
Trd, 8639393.782, 140
Trd, 8639394.332, 140
Trd, 8639394.632, 140
Trd, 8639395.482, 113
Trd, 8639396.882, 84
Trd, 8639396.932, 85
Trd, 8639397.282, 140
Trd, 8639398.682, 140
Trd, 8639398.882, 140
Trd, 8639399.582, 139
Trd, 8639400.132, 88
Trd, 8639400.932, 87
Trd, 8639402.232, 106
Trd, 8639402.382, 64
Trd, 8639402.682, 121
Trd, 8639403.832, 138
Trd, 8639404.182, 64
Trd, 8639405.182, 65
Trd, 8639405.532, 66
Trd, 8639407.782, 61
Trd, 8639409.282, 62
Trd, 8639409.682, 62
Trd, 8639410.332, 60
Trd, 8639410.832, 61
Trd, 8639410.932, 60
Trd, 8639411.332, 60
Trd, 8639412.282, 69
Trd, 8639413.432, 60
Trd, 8639413.932, 60
Trd, 8639415.332, 60
Trd, 8639415.382, 62
Trd, 8639416.482, 63
Trd, 8639417.732, 62
Trd, 8639417.932, 60
Trd, 8639418.882, 62
Trd, 8639419.282, 62
Trd, 8639419.832, 63
Trd, 8639420.432, 61
Trd, 8639421.232, 65
Trd, 8639421.332, 64
Trd, 8639422.232, 133
Trd, 8639422.782, 140
Trd, 8639423.832, 140
Trd, 8639424.632, 140
Trd, 8639424.732, 139
Trd, 8639425.282, 140
Trd, 8639425.382, 126
Trd, 8639425.982, 140
Trd, 8639427.132, 121
Trd, 8639427.632, 140
Trd, 8639428.282, 121
Trd, 8639430.032, 140
Trd, 8639430.132, 140
Trd, 8639430.332, 140
Trd, 8639430.782, 135
Trd, 8639431.582, 134
Trd, 8639433.182, 61
Trd, 8639433.682, 60
Trd, 8639434.482, 60
Trd, 8639435.782, 62
Trd, 8639436.432, 61
Trd, 8639438.382, 63
Trd, 8639438.682, 60
Trd, 8639439.982, 62
Trd, 8639440.082, 64
Trd, 8639440.482, 83
Trd, 8639440.732, 63
Trd, 8639441.932, 77
Trd, 8639442.332, 65
Trd, 8639443.282, 69
Trd, 8639444.182, 60
Trd, 8639445.232, 61
Trd, 8639446.482, 60
Trd, 8639447.382, 60
Trd, 8639447.932, 60
Trd, 8639448.182, 60
Trd, 8639449.782, 60
Trd, 8639450.682, 61
Trd, 8639451.132, 61
Trd, 8639452.282, 66
Trd, 8639452.932, 73
Trd, 8639453.382, 62
Trd, 8639453.782, 63
Trd, 8639453.932, 62
Trd, 8639455.932, 64
Trd, 8639456.432, 62
Trd, 8639456.482, 67
Trd, 8639458.482, 140
Trd, 8639458.982, 140
Trd, 8639459.932, 140
Trd, 8639460.082, 140
Trd, 8639460.282, 140
Trd, 8639461.282, 140
Trd, 8639461.582, 140
Trd, 8639461.632, 127
Trd, 8639461.682, 71
Trd, 8639462.482, 140
Trd, 8639463.532, 140
Trd, 8639463.782, 140
Trd, 8639463.932, 139
Trd, 8639464.732, 140
Trd, 8639464.882, 115
Trd, 8639467.532, 140
Trd, 8639467.782, 138
Trd, 8639468.232, 128
Trd, 8639469.432, 139
Trd, 8639469.832, 140
Trd, 8639470.332, 139
Trd, 8639471.132, 140
Trd, 8639472.032, 136
Trd, 8639472.732, 106
Trd, 8639474.232, 63
Trd, 8639474.682, 64
Trd, 8639474.732, 65
Trd, 8639475.532, 60
Trd, 8639476.482, 60
Trd, 8639479.132, 60
Trd, 8639479.382, 61
Trd, 8639479.682, 60
Trd, 8639480.532, 60
Trd, 8639480.982, 63
Trd, 8639481.932, 60
Trd, 8639482.182, 60
Trd, 8639482.932, 60
Trd, 8639484.032, 61
Trd, 8639484.132, 62
Trd, 8639486.082, 61
Trd, 8639486.432, 63
Trd, 8639487.882, 61
Trd, 8639488.282, 62
Trd, 8639488.582, 65
Trd, 8639489.682, 140
Trd, 8639490.432, 140
Trd, 8639491.382, 140
Trd, 8639491.482, 140
Trd, 8639491.832, 140
Trd, 8639493.282, 140
Trd, 8639493.432, 140
Trd, 8639495.082, 139
Trd, 8639495.332, 136
Trd, 8639495.532, 125
Trd, 8639497.432, 60
Trd, 8639497.932, 60
Trd, 8639498.032, 61
Trd, 8639499.132, 60
Trd, 8639499.482, 60
Trd, 8639499.782, 63
Trd, 8639500.682, 67
Trd, 8639500.932, 86
Trd, 8639501.132, 124
Trd, 8639501.382, 140
Trd, 8639501.882, 140
Trd, 8639504.582, 140
Trd, 8639504.732, 140
Trd, 8639505.082, 140
Trd, 8639505.282, 140
Trd, 8639505.482, 140
Trd, 8639506.582, 140
Trd, 8639506.732, 140
Trd, 8639507.382, 140
Trd, 8639508.332, 140
Trd, 8639508.482, 126
Trd, 8639508.882, 140
Trd, 8639510.732, 140
Trd, 8639510.932, 140
Trd, 8639511.282, 140
Trd, 8639512.482, 140
Trd, 8639513.732, 140
Trd, 8639514.432, 140
Trd, 8639514.882, 140
Trd, 8639515.632, 140
Trd, 8639516.032, 140
Trd, 8639516.182, 139
Trd, 8639517.032, 138
Trd, 8639518.182, 140
Trd, 8639518.382, 140
Trd, 8639519.532, 140
Trd, 8639519.582, 140
Trd, 8639519.682, 138
Trd, 8639520.582, 140
Trd, 8639522.032, 140
Trd, 8639522.332, 140
Trd, 8639522.832, 137
Trd, 8639522.982, 135
Trd, 8639523.582, 60
Trd, 8639524.832, 60
Trd, 8639525.532, 67
Trd, 8639526.582, 100
Trd, 8639527.582, 62
Trd, 8639527.632, 67
Trd, 8639528.132, 61
Trd, 8639528.482, 68
Trd, 8639529.032, 65
Trd, 8639529.332, 61
Trd, 8639529.532, 82
Trd, 8639530.732, 138
Trd, 8639532.232, 63
Trd, 8639532.982, 140
Trd, 8639533.132, 139
Trd, 8639533.682, 66
Trd, 8639535.332, 126
Trd, 8639536.332, 140
Trd, 8639536.532, 140
Trd, 8639536.782, 140
Trd, 8639537.532, 140
Trd, 8639538.332, 139
Trd, 8639539.482, 140
Trd, 8639539.532, 140
Trd, 8639539.632, 138
Trd, 8639540.182, 126
Trd, 8639540.932, 125
Trd, 8639541.132, 140
Trd, 8639542.682, 140
Trd, 8639544.082, 140
Trd, 8639545.332, 140
Trd, 8639545.932, 140
Trd, 8639545.982, 140
Trd, 8639547.032, 140
Trd, 8639547.332, 140
Trd, 8639547.382, 140
Trd, 8639548.132, 140
Trd, 8639548.682, 140
Trd, 8639549.732, 126
Trd, 8639552.082, 140
Trd, 8639552.482, 140
Trd, 8639552.582, 140
Trd, 8639553.332, 140
Trd, 8639553.382, 140
Trd, 8639554.232, 137
Trd, 8639554.832, 136
Trd, 8639555.632, 140
Trd, 8639557.032, 140
Trd, 8639557.132, 139
Trd, 8639557.482, 86
Trd, 8639557.882, 139
Trd, 8639559.782, 60
Trd, 8639560.432, 111
Trd, 8639561.582, 140
Trd, 8639562.032, 140
Trd, 8639562.182, 140
Trd, 8639562.332, 139
Trd, 8639562.732, 126
Trd, 8639562.782, 125
Trd, 8639564.382, 140
Trd, 8639564.782, 138
Trd, 8639565.432, 140
Trd, 8639566.282, 140
Trd, 8639566.682, 140
Trd, 8639566.832, 140
Trd, 8639567.132, 140
Trd, 8639567.382, 139
Trd, 8639567.482, 126
Trd, 8639567.532, 79
Trd, 8639568.832, 140
Trd, 8639569.282, 140
Trd, 8639569.482, 140
Trd, 8639570.332, 139
Trd, 8639570.732, 139
Trd, 8639572.982, 69
Trd, 8639573.982, 60
Trd, 8639575.882, 60
Trd, 8639575.932, 64
Trd, 8639576.132, 69
Trd, 8639577.132, 62
Trd, 8639577.232, 70
Trd, 8639577.482, 67
Trd, 8639578.132, 63
Trd, 8639579.982, 140
Trd, 8639580.432, 140
Trd, 8639580.782, 139
Trd, 8639581.132, 137
Trd, 8639581.632, 113
Trd, 8639581.932, 105
Trd, 8639583.482, 140
Trd, 8639583.932, 140
Trd, 8639584.232, 140
Trd, 8639585.182, 140
Trd, 8639585.732, 140
Trd, 8639585.782, 140
Trd, 8639587.632, 140
Trd, 8639588.332, 140
Trd, 8639588.682, 139
Trd, 8639589.132, 139
Trd, 8639589.732, 139
Trd, 8639590.282, 128
Trd, 8639590.382, 126
Trd, 8639592.182, 140
Trd, 8639592.332, 140
Trd, 8639592.682, 140
Trd, 8639592.932, 140
Trd, 8639593.532, 136
Trd, 8639594.632, 137
Trd, 8639595.182, 140
Trd, 8639595.532, 60
Trd, 8639596.532, 60
Trd, 8639596.682, 60
Trd, 8639597.832, 60
Trd, 8639599.282, 60
Trd, 8639600.332, 62
Trd, 8639601.232, 60
Trd, 8639602.782, 60
Trd, 8639603.332, 61
Trd, 8639604.082, 61
Trd, 8639604.182, 64
Trd, 8639604.482, 70
Trd, 8639605.582, 61
Trd, 8639605.882, 62
Trd, 8639606.482, 61
Trd, 8639607.182, 62
Trd, 8639607.632, 67
Trd, 8639607.932, 63
Trd, 8639608.282, 62
Trd, 8639609.732, 140
Trd, 8639610.182, 138
Trd, 8639610.982, 130
Trd, 8639611.582, 106
Trd, 8639612.332, 138
Trd, 8639612.682, 140
Trd, 8639613.182, 125
Trd, 8639613.782, 132
Trd, 8639613.882, 131
Trd, 8639614.232, 62
Trd, 8639615.582, 60
Trd, 8639616.482, 69
Trd, 8639617.582, 140
Trd, 8639617.832, 140
Trd, 8639618.232, 140
Trd, 8639618.332, 140
Trd, 8639618.832, 140
Trd, 8639620.882, 140
Trd, 8639621.782, 140
Trd, 8639622.282, 140
Trd, 8639622.682, 140
Trd, 8639622.732, 140
Trd, 8639623.182, 136
Trd, 8639624.382, 111
Trd, 8639624.682, 105
Trd, 8639625.382, 140
Trd, 8639626.382, 140
Trd, 8639627.732, 140
Trd, 8639628.532, 140
Trd, 8639628.682, 140
Trd, 8639629.382, 140
Trd, 8639630.282, 140
Trd, 8639631.482, 140
Trd, 8639631.682, 140
Trd, 8639632.082, 140
Trd, 8639632.332, 140
Trd, 8639632.732, 139
Trd, 8639633.832, 140
Trd, 8639634.382, 140
Trd, 8639635.282, 140
Trd, 8639636.582, 140
Trd, 8639636.682, 140
Trd, 8639637.032, 140
Trd, 8639637.082, 139
Trd, 8639637.732, 128
Trd, 8639638.232, 140
Trd, 8639638.282, 140
Trd, 8639639.732, 140
Trd, 8639640.432, 138
Trd, 8639640.832, 127
Trd, 8639640.982, 77
Trd, 8639641.282, 62
Trd, 8639643.332, 140
Trd, 8639644.032, 140
Trd, 8639644.132, 140
Trd, 8639645.282, 140
Trd, 8639646.182, 140
Trd, 8639647.682, 140
Trd, 8639647.782, 140
Trd, 8639647.882, 140
Trd, 8639648.832, 140
Trd, 8639649.082, 140
Trd, 8639650.632, 140
Trd, 8639651.132, 140
Trd, 8639651.682, 140
Trd, 8639652.432, 140
Trd, 8639653.082, 140
Trd, 8639653.582, 140
Trd, 8639653.682, 140
Trd, 8639653.832, 135
Trd, 8639654.032, 112
Trd, 8639655.282, 137
Trd, 8639656.032, 138
Trd, 8639657.282, 109
Trd, 8639657.382, 103
Trd, 8639659.782, 61
Trd, 8639660.332, 60
Trd, 8639660.882, 61
Trd, 8639662.432, 62
Trd, 8639662.782, 60
Trd, 8639662.882, 62
Trd, 8639663.532, 62
Trd, 8639663.982, 73
Trd, 8639664.232, 62
Trd, 8639664.532, 61
Trd, 8639665.482, 140
Trd, 8639666.432, 63
Trd, 8639668.132, 140
Trd, 8639668.332, 140
Trd, 8639669.032, 134
Trd, 8639669.482, 140
Trd, 8639670.082, 140
Trd, 8639670.932, 140
Trd, 8639671.682, 140
Trd, 8639672.232, 140
Trd, 8639672.532, 140
Trd, 8639673.282, 140
Trd, 8639673.732, 138
Trd, 8639674.282, 105
Trd, 8639674.382, 79
Trd, 8639675.232, 140
Trd, 8639675.432, 140
Trd, 8639676.482, 140
Trd, 8639676.682, 140
Trd, 8639677.182, 140
Trd, 8639679.732, 119
Trd, 8639681.832, 140
Trd, 8639682.032, 140
Trd, 8639682.132, 140
Trd, 8639682.182, 140
Trd, 8639682.932, 140
Trd, 8639683.482, 140
Trd, 8639683.632, 140
Trd, 8639683.882, 140
Trd, 8639684.282, 139
Trd, 8639684.732, 140
Trd, 8639685.582, 102
Trd, 8639686.332, 140
Trd, 8639686.632, 140
Trd, 8639687.332, 140
Trd, 8639688.232, 139
Trd, 8639689.632, 140
Trd, 8639689.832, 140
Trd, 8639689.882, 126
Trd, 8639691.732, 60
Trd, 8639692.032, 64
Trd, 8639692.782, 140
Trd, 8639693.432, 67
Trd, 8639695.782, 61
Trd, 8639696.782, 61
Trd, 8639698.282, 60
Trd, 8639698.582, 62
Trd, 8639698.832, 63
Trd, 8639698.882, 62
Trd, 8639699.032, 63
Trd, 8639699.082, 65
Trd, 8639700.082, 76
Trd, 8639701.132, 67
Trd, 8639701.782, 66
Trd, 8639701.982, 67
Trd, 8639702.182, 140
Trd, 8639702.382, 66
Trd, 8639703.682, 140
Trd, 8639704.082, 139
Trd, 8639704.232, 60
Trd, 8639704.932, 138
Trd, 8639706.132, 140
Trd, 8639707.182, 140
Trd, 8639707.382, 140
Trd, 8639707.882, 140
Trd, 8639708.232, 140
Trd, 8639708.882, 140
Trd, 8639709.482, 140
Trd, 8639710.332, 140
Trd, 8639710.582, 140
Trd, 8639712.332, 140
Trd, 8639713.732, 140
Trd, 8639714.682, 140
Trd, 8639714.782, 140
Trd, 8639714.982, 140
Trd, 8639715.232, 139
Trd, 8639715.582, 137
Trd, 8639715.832, 138
Trd, 8639716.832, 129
Trd, 8639717.732, 137
Trd, 8639719.082, 140
Trd, 8639719.632, 140
Trd, 8639719.882, 140
Trd, 8639719.982, 127
Trd, 8639720.682, 140
Trd, 8639720.982, 126
Trd, 8639723.332, 62
Trd, 8639723.632, 69
Trd, 8639723.882, 63
Trd, 8639724.332, 62
Trd, 8639725.032, 63
Trd, 8639726.732, 60
Trd, 8639728.282, 60
Trd, 8639728.682, 60
Trd, 8639729.632, 62
Trd, 8639730.432, 103
Trd, 8639731.132, 60
Trd, 8639731.632, 61
Trd, 8639731.882, 67
Trd, 8639732.632, 82
Trd, 8639732.732, 80
Trd, 8639733.832, 95
Trd, 8639734.082, 88
Trd, 8639734.182, 86
Trd, 8639734.732, 116
Trd, 8639737.082, 65
Trd, 8639738.232, 62
Trd, 8639739.432, 60
Trd, 8639739.782, 61
Trd, 8639740.082, 72
Trd, 8639740.582, 61
Trd, 8639741.232, 66
Trd, 8639743.332, 61
Trd, 8639743.832, 61
Trd, 8639744.332, 60
Trd, 8639745.282, 60
Trd, 8639746.082, 60
Trd, 8639746.632, 60
Trd, 8639747.032, 60
Trd, 8639747.282, 60
Trd, 8639747.832, 60
Trd, 8639748.732, 138
Trd, 8639750.482, 60
Trd, 8639750.882, 61
Trd, 8639751.332, 72
Trd, 8639753.182, 60
Trd, 8639753.482, 61
Trd, 8639753.682, 61
Trd, 8639753.782, 63
Trd, 8639753.882, 111
Trd, 8639755.232, 69
Trd, 8639756.132, 140
Trd, 8639756.382, 140
Trd, 8639757.982, 140
Trd, 8639758.082, 140
Trd, 8639758.332, 140
Trd, 8639759.082, 140
Trd, 8639759.932, 140
Trd, 8639761.532, 140
Trd, 8639761.682, 140
Trd, 8639762.032, 140
Trd, 8639762.482, 139
Trd, 8639763.282, 139
Trd, 8639763.432, 139
Trd, 8639764.082, 140
Trd, 8639764.232, 139
Trd, 8639765.782, 140
Trd, 8639766.982, 140
Trd, 8639767.432, 140
Trd, 8639767.682, 140
Trd, 8639767.882, 140
Trd, 8639768.682, 139
Trd, 8639769.232, 140
Trd, 8639769.682, 140
Trd, 8639770.982, 140
Trd, 8639771.732, 140
Trd, 8639771.832, 139
Trd, 8639772.882, 140
Trd, 8639773.132, 140
Trd, 8639774.232, 140
Trd, 8639774.332, 140
Trd, 8639774.532, 125
Trd, 8639775.532, 83
Trd, 8639776.232, 80
Trd, 8639777.582, 140
Trd, 8639778.682, 140
Trd, 8639778.882, 140
Trd, 8639778.982, 140
Trd, 8639780.332, 140
Trd, 8639781.082, 140
Trd, 8639782.032, 137
Trd, 8639782.082, 126
Trd, 8639782.282, 127
Trd, 8639782.682, 72
Trd, 8639783.432, 94
Trd, 8639785.232, 140
Trd, 8639785.932, 79
Trd, 8639786.432, 79
Trd, 8639786.582, 78
Trd, 8639786.782, 77
Trd, 8639787.882, 140
Trd, 8639788.882, 140
Trd, 8639789.532, 140
Trd, 8639790.082, 140
Trd, 8639791.532, 140
Trd, 8639791.582, 140
Trd, 8639792.232, 140
Trd, 8639792.382, 140
Trd, 8639793.232, 140
Trd, 8639794.132, 140
Trd, 8639795.982, 140
Trd, 8639796.032, 139
Trd, 8639796.932, 140
Trd, 8639797.832, 140
Trd, 8639797.982, 107
Trd, 8639798.582, 93
Trd, 8639800.382, 140
Trd, 8639800.582, 140
Trd, 8639801.032, 138
Trd, 8639801.982, 139
Trd, 8639802.182, 91
Trd, 8639803.932, 140
Trd, 8639804.182, 140
Trd, 8639804.282, 140
Trd, 8639804.882, 140
Trd, 8639805.532, 138
Trd, 8639805.782, 140
Trd, 8639807.082, 140
Trd, 8639808.132, 140
Trd, 8639808.632, 140
Trd, 8639809.132, 138
Trd, 8639809.432, 138
Trd, 8639809.632, 140
Trd, 8639810.332, 140
Trd, 8639810.632, 140
Trd, 8639811.632, 102
Trd, 8639811.882, 101
Trd, 8639813.382, 139
Trd, 8639814.132, 140
Trd, 8639814.232, 140
Trd, 8639817.532, 140
Trd, 8639817.582, 140
Trd, 8639818.082, 138
Trd, 8639819.182, 140
Trd, 8639819.232, 140
Trd, 8639819.532, 129
Trd, 8639819.682, 120
Trd, 8639820.382, 139
Trd, 8639820.582, 139
Trd, 8639820.932, 138
Trd, 8639822.582, 107
Trd, 8639823.082, 97
Trd, 8639823.182, 139
Trd, 8639825.382, 60
Trd, 8639825.982, 60
Trd, 8639826.232, 63
Trd, 8639826.982, 62
Trd, 8639827.032, 63
Trd, 8639827.832, 65
Trd, 8639828.082, 66
Trd, 8639829.032, 123
Trd, 8639829.082, 65
Trd, 8639830.132, 140
Trd, 8639830.332, 140
Trd, 8639830.782, 140
Trd, 8639831.182, 139
Trd, 8639832.782, 140
Trd, 8639834.032, 140
Trd, 8639834.982, 140
Trd, 8639835.232, 140
Trd, 8639835.432, 123
Trd, 8639835.532, 83
Trd, 8639836.882, 140
Trd, 8639837.282, 137
Trd, 8639837.832, 74
Trd, 8639838.132, 62
Trd, 8639838.182, 96
Trd, 8639840.232, 60
Trd, 8639840.932, 64
Trd, 8639842.732, 61
Trd, 8639843.432, 61
Trd, 8639843.582, 63
Trd, 8639843.832, 61
Trd, 8639843.932, 64
Trd, 8639844.532, 75
Trd, 8639845.332, 61
Trd, 8639845.482, 60
Trd, 8639845.782, 129
Trd, 8639849.082, 137
Trd, 8639849.182, 74
Trd, 8639849.232, 73
Trd, 8639849.632, 139
Trd, 8639849.832, 99
Trd, 8639850.482, 72
Trd, 8639850.582, 72
Trd, 8639850.982, 60
Trd, 8639852.482, 61
Trd, 8639853.932, 60
Trd, 8639854.382, 60
Trd, 8639854.682, 64
Trd, 8639854.932, 72
Trd, 8639856.432, 67
Trd, 8639859.032, 60
Trd, 8639859.932, 60
Trd, 8639860.282, 61
Trd, 8639860.482, 64
Trd, 8639860.782, 62
Trd, 8639862.582, 66
Trd, 8639862.832, 69
Trd, 8639863.932, 98
Trd, 8639864.432, 139
Trd, 8639864.582, 97
Trd, 8639865.232, 140
Trd, 8639866.432, 128
Trd, 8639866.982, 140
Trd, 8639867.682, 139
Trd, 8639868.582, 140
Trd, 8639868.932, 140
Trd, 8639869.132, 139
Trd, 8639869.682, 140
Trd, 8639869.782, 127
Trd, 8639871.032, 140
Trd, 8639871.782, 140
Trd, 8639872.182, 140
Trd, 8639872.832, 140
Trd, 8639873.732, 140
Trd, 8639875.182, 140
Trd, 8639875.482, 140
Trd, 8639875.882, 140
Trd, 8639876.082, 139
Trd, 8639876.332, 126
Trd, 8639877.082, 140
Trd, 8639877.682, 69
Trd, 8639878.932, 106
Trd, 8639879.282, 106
Trd, 8639880.082, 140
Trd, 8639881.082, 140
Trd, 8639882.732, 140
Trd, 8639883.032, 140
Trd, 8639883.332, 139
Trd, 8639884.082, 140
Trd, 8639884.582, 140
Trd, 8639885.632, 111
Trd, 8639885.932, 94
Trd, 8639886.382, 66
Trd, 8639887.832, 140
Trd, 8639888.182, 140
Trd, 8639888.282, 140
Trd, 8639888.582, 140
Trd, 8639889.882, 140
Trd, 8639889.982, 140
Trd, 8639890.082, 140
Trd, 8639890.132, 139
Trd, 8639890.632, 113
Trd, 8639891.432, 67
Trd, 8639892.132, 139
Trd, 8639893.432, 140
Trd, 8639893.532, 140
Trd, 8639894.482, 140
Trd, 8639895.082, 140
Trd, 8639896.632, 140
Trd, 8639897.182, 140
Trd, 8639897.432, 140
Trd, 8639897.632, 140
Trd, 8639898.432, 140
Trd, 8639899.132, 140
Trd, 8639901.282, 140
Trd, 8639901.882, 140
Trd, 8639901.932, 140
Trd, 8639903.432, 140
Trd, 8639903.932, 140
Trd, 8639904.532, 140
Trd, 8639904.932, 140
Trd, 8639905.782, 140
Trd, 8639905.932, 140
Trd, 8639906.232, 137
Trd, 8639908.882, 140
Trd, 8639909.382, 138
Trd, 8639910.482, 140
Trd, 8639910.982, 140
Trd, 8639911.532, 140
Trd, 8639912.732, 140
Trd, 8639912.832, 140
Trd, 8639913.182, 140
Trd, 8639913.482, 140
Trd, 8639913.832, 140
Trd, 8639915.182, 140
Trd, 8639916.032, 140
Trd, 8639916.332, 140
Trd, 8639917.032, 140
Trd, 8639917.332, 127
Trd, 8639917.482, 140
Trd, 8639918.882, 60
Trd, 8639919.682, 60
Trd, 8639920.582, 60
Trd, 8639920.882, 64
Trd, 8639921.582, 139
Trd, 8639922.132, 138
Trd, 8639922.282, 139
Trd, 8639922.432, 138
Trd, 8639923.682, 140
Trd, 8639924.982, 140
Trd, 8639925.382, 140
Trd, 8639925.782, 139
Trd, 8639926.032, 138
Trd, 8639927.332, 139
Trd, 8639928.232, 140
Trd, 8639928.482, 140
Trd, 8639928.832, 139
Trd, 8639929.682, 126
Trd, 8639929.882, 117
Trd, 8639930.482, 118
Trd, 8639931.832, 140
Trd, 8639933.382, 140
Trd, 8639934.182, 140
Trd, 8639934.382, 140
Trd, 8639934.432, 138
Trd, 8639935.232, 140
Trd, 8639935.382, 139
Trd, 8639936.732, 140
Trd, 8639936.932, 139
Trd, 8639937.432, 115
Trd, 8639938.632, 139
Trd, 8639940.082, 140
Trd, 8639940.282, 140
Trd, 8639940.582, 139
Trd, 8639942.482, 140
Trd, 8639942.682, 140
Trd, 8639943.232, 140
Trd, 8639943.782, 140
Trd, 8639944.782, 140
Trd, 8639944.932, 140
Trd, 8639945.282, 140
Trd, 8639946.382, 140
Trd, 8639946.482, 139
Trd, 8639947.382, 140
Trd, 8639947.482, 114
Trd, 8639947.632, 114
Trd, 8639947.682, 104
Trd, 8639949.232, 71
Trd, 8639950.782, 140
Trd, 8639952.032, 140
Trd, 8639952.082, 138
Trd, 8639952.382, 138
Trd, 8639953.932, 140
Trd, 8639954.832, 140
Trd, 8639955.932, 140
Trd, 8639956.032, 139
Trd, 8639956.332, 127
Trd, 8639957.682, 138
Trd, 8639958.382, 103
Trd, 8639959.082, 140
Trd, 8639959.582, 138
Trd, 8639960.632, 108
Trd, 8639961.132, 107
Trd, 8639961.432, 140
Trd, 8639961.482, 106
Trd, 8639962.232, 113
Trd, 8639963.032, 107
Trd, 8639963.082, 115
Trd, 8639964.232, 101
Trd, 8639965.432, 140
Trd, 8639965.782, 140
Trd, 8639965.882, 140
Trd, 8639966.632, 136
Trd, 8639966.982, 131
Trd, 8639967.082, 100
Trd, 8639968.132, 140
Trd, 8639969.182, 140
Trd, 8639970.132, 140
Trd, 8639971.232, 140
Trd, 8639971.282, 140
Trd, 8639971.532, 139
Trd, 8639974.282, 140
Trd, 8639974.332, 140
Trd, 8639975.132, 140
Trd, 8639975.382, 140
Trd, 8639975.532, 140
Trd, 8639976.332, 140
Trd, 8639977.582, 140
Trd, 8639977.682, 140
Trd, 8639977.732, 139
Trd, 8639978.582, 61
Trd, 8639979.732, 61
Trd, 8639980.032, 78
Trd, 8639980.582, 61
Trd, 8639981.182, 60
Trd, 8639982.682, 61
Trd, 8639983.432, 61
Trd, 8639983.682, 62
Trd, 8639984.032, 60
Trd, 8639984.182, 61
Trd, 8639984.932, 63
Trd, 8639986.682, 61
Trd, 8639987.032, 63
Trd, 8639987.382, 62
Trd, 8639988.232, 64
Trd, 8639988.932, 63
Trd, 8639989.532, 81
Trd, 8639989.732, 64
Trd, 8639991.182, 60
Trd, 8639991.332, 60
Trd, 8639991.582, 61
Trd, 8639992.482, 62
Trd, 8639993.182, 69
Trd, 8639994.182, 67
Trd, 8639994.332, 64
Trd, 8639995.132, 119
Trd, 8639995.232, 72
Trd, 8639996.432, 140
Trd, 8639996.682, 140
Trd, 8639998.482, 140
Trd, 8639998.532, 140
Trd, 8639998.782, 140
Trd, 8639998.982, 140
Trd, 8639999.982, 140
