Trd, 8638143.182, 77
Trd, 8638144.582, 140
Trd, 8638147.632, 89
Trd, 8638147.932, 105
Trd, 8638148.182, 86
Trd, 8638148.682, 90
Trd, 8638149.732, 81
Trd, 8638150.182, 80
Trd, 8638150.832, 98
Trd, 8638151.832, 101
Trd, 8638152.782, 129
Trd, 8638152.882, 127
Trd, 8638155.532, 138
Trd, 8638155.782, 137
Trd, 8638155.832, 125
Trd, 8638156.282, 114
Trd, 8638156.632, 98
Trd, 8638157.982, 135
Trd, 8638158.032, 83
Trd, 8638158.432, 84
Trd, 8638158.682, 84
Trd, 8638158.982, 68
Trd, 8638160.082, 66
Trd, 8638160.332, 114
Trd, 8638162.282, 102
Trd, 8638162.332, 100
Trd, 8638162.382, 92
Trd, 8638164.282, 101
Trd, 8638164.532, 99
Trd, 8638165.782, 99
Trd, 8638166.032, 96
Trd, 8638167.282, 68
Trd, 8638167.382, 117
Trd, 8638167.632, 93
Trd, 8638168.332, 140
Trd, 8638169.582, 86
Trd, 8638169.832, 140
Trd, 8638171.332, 93
Trd, 8638171.582, 89
Trd, 8638171.732, 95
Trd, 8638172.332, 104
Trd, 8638174.832, 108
Trd, 8638175.082, 104
Trd, 8638175.882, 105
Trd, 8638176.882, 104
Trd, 8638177.182, 102
Trd, 8638177.332, 93
Trd, 8638178.532, 72
Trd, 8638178.632, 74
Trd, 8638179.182, 119
Trd, 8638180.732, 99
Trd, 8638180.932, 95
Trd, 8638181.882, 139
Trd, 8638183.032, 135
Trd, 8638183.482, 110
Trd, 8638184.132, 115
Trd, 8638185.282, 115
Trd, 8638186.382, 112
Trd, 8638186.582, 112
Trd, 8638186.732, 81
Trd, 8638187.782, 111
Trd, 8638188.682, 110
Trd, 8638189.132, 139
Trd, 8638189.732, 106
Trd, 8638190.282, 89
Trd, 8638191.382, 109
Trd, 8638191.732, 108
Trd, 8638194.582, 97
Trd, 8638194.932, 101
Trd, 8638195.032, 102
Trd, 8638195.482, 101
Trd, 8638195.532, 96
Trd, 8638196.732, 139
Trd, 8638196.782, 134
Trd, 8638197.032, 129
Trd, 8638199.032, 114
Trd, 8638199.182, 104
Trd, 8638199.582, 85
Trd, 8638199.882, 68
Trd, 8638201.532, 100
Trd, 8638201.932, 80
Trd, 8638202.982, 124
Trd, 8638203.782, 115
Trd, 8638204.032, 114
Trd, 8638204.232, 110
Trd, 8638204.832, 102
Trd, 8638204.982, 92
Trd, 8638206.032, 71
Trd, 8638206.382, 115
Trd, 8638208.132, 82
Trd, 8638208.282, 64
Trd, 8638208.832, 63
Trd, 8638209.982, 65
Trd, 8638210.032, 75
Trd, 8638210.582, 92
Trd, 8638212.382, 80
Trd, 8638213.632, 90
Trd, 8638214.582, 98
Trd, 8638214.682, 104
Trd, 8638214.932, 87
Trd, 8638215.232, 83
Trd, 8638215.632, 88
Trd, 8638216.732, 90
Trd, 8638217.682, 120
Trd, 8638218.582, 110
Trd, 8638218.732, 110
Trd, 8638218.932, 99
Trd, 8638220.182, 115
Trd, 8638221.582, 113
Trd, 8638222.232, 110
Trd, 8638223.732, 69
Trd, 8638223.882, 63
Trd, 8638224.132, 68
Trd, 8638224.332, 70
Trd, 8638225.032, 68
Trd, 8638226.182, 139
Trd, 8638227.182, 128
Trd, 8638227.282, 123
Trd, 8638228.232, 105
Trd, 8638228.932, 103
Trd, 8638230.782, 91
Trd, 8638231.482, 123
Trd, 8638231.582, 116
Trd, 8638232.782, 103
Trd, 8638232.882, 111
Trd, 8638232.982, 97
Trd, 8638234.032, 122
Trd, 8638234.082, 117
Trd, 8638234.132, 106
Trd, 8638236.682, 82
Trd, 8638237.582, 94
Trd, 8638237.682, 93
Trd, 8638237.882, 116
Trd, 8638238.582, 90
Trd, 8638238.782, 90
Trd, 8638239.582, 131
Trd, 8638240.332, 69
Trd, 8638241.132, 86
Trd, 8638241.282, 99
Trd, 8638242.932, 114
Trd, 8638243.932, 140
Trd, 8638243.982, 138
Trd, 8638244.482, 125
Trd, 8638245.082, 111
Trd, 8638245.332, 131
Trd, 8638246.032, 109
Trd, 8638246.182, 107
Trd, 8638246.732, 118
Trd, 8638247.682, 110
Trd, 8638248.332, 90
Trd, 8638249.932, 122
Trd, 8638250.782, 118
Trd, 8638251.082, 74
Trd, 8638252.682, 91
Trd, 8638253.032, 93
Trd, 8638253.232, 89
Trd, 8638254.282, 140
Trd, 8638254.432, 134
Trd, 8638254.882, 122
Trd, 8638255.182, 108
Trd, 8638256.132, 140
Trd, 8638257.682, 85
Trd, 8638257.832, 118
Trd, 8638258.532, 80
Trd, 8638258.932, 80
Trd, 8638260.232, 73
Trd, 8638260.482, 70
Trd, 8638261.532, 100
Trd, 8638263.182, 118
Trd, 8638263.432, 91
Trd, 8638263.982, 86
Trd, 8638264.582, 85
Trd, 8638265.232, 102
Trd, 8638265.332, 127
Trd, 8638265.382, 84
Trd, 8638265.582, 78
Trd, 8638266.382, 115
Trd, 8638267.132, 138
Trd, 8638267.382, 138
Trd, 8638268.632, 133
Trd, 8638269.582, 132
Trd, 8638269.982, 130
Trd, 8638270.482, 122
Trd, 8638273.182, 74
Trd, 8638273.682, 118
Trd, 8638274.782, 131
Trd, 8638275.032, 129
Trd, 8638275.282, 126
Trd, 8638275.882, 117
Trd, 8638276.982, 116
Trd, 8638278.032, 114
Trd, 8638278.532, 111
Trd, 8638278.732, 110
Trd, 8638279.232, 121
Trd, 8638279.932, 133
Trd, 8638280.082, 108
Trd, 8638280.682, 102
Trd, 8638281.582, 91
Trd, 8638282.232, 63
Trd, 8638283.432, 63
Trd, 8638284.432, 92
Trd, 8638285.732, 140
Trd, 8638286.182, 138
Trd, 8638286.532, 124
Trd, 8638287.032, 67
Trd, 8638287.632, 81
Trd, 8638288.482, 61
Trd, 8638289.282, 80
Trd, 8638289.982, 70
Trd, 8638290.332, 69
Trd, 8638290.382, 85
Trd, 8638290.982, 123
Trd, 8638292.232, 64
Trd, 8638292.632, 91
Trd, 8638292.882, 83
Trd, 8638294.882, 124
Trd, 8638295.232, 120
Trd, 8638295.682, 129
Trd, 8638295.782, 83
Trd, 8638296.332, 121
Trd, 8638297.132, 69
Trd, 8638298.432, 77
Trd, 8638299.732, 110
Trd, 8638299.932, 80
Trd, 8638300.532, 82
Trd, 8638300.882, 125
Trd, 8638301.682, 88
Trd, 8638301.932, 73
Trd, 8638302.382, 94
Trd, 8638302.782, 88
Trd, 8638303.782, 117
Trd, 8638303.982, 117
Trd, 8638304.932, 109
Trd, 8638305.782, 61
Trd, 8638305.832, 98
Trd, 8638307.032, 73
Trd, 8638309.482, 73
Trd, 8638309.682, 68
Trd, 8638310.032, 83
Trd, 8638311.582, 95
Trd, 8638311.882, 92
Trd, 8638312.032, 92
Trd, 8638312.432, 90
Trd, 8638312.682, 87
Trd, 8638314.032, 60
Trd, 8638314.182, 62
Trd, 8638314.282, 112
Trd, 8638314.632, 68
Trd, 8638315.832, 94
Trd, 8638316.232, 113
Trd, 8638316.682, 71
Trd, 8638319.182, 60
Trd, 8638319.732, 63
Trd, 8638320.132, 62
Trd, 8638320.582, 67
Trd, 8638323.132, 70
Trd, 8638324.032, 70
Trd, 8638324.532, 82
Trd, 8638324.782, 66
Trd, 8638325.032, 70
Trd, 8638325.332, 116
Trd, 8638325.632, 139
Trd, 8638325.782, 115
Trd, 8638328.232, 109
Trd, 8638328.932, 102
Trd, 8638329.132, 140
Trd, 8638329.582, 107
Trd, 8638329.632, 102
Trd, 8638330.282, 107
Trd, 8638330.882, 99
Trd, 8638331.032, 127
Trd, 8638332.232, 133
Trd, 8638332.582, 131
Trd, 8638332.782, 119
Trd, 8638333.482, 112
Trd, 8638333.882, 108
Trd, 8638334.132, 86
Trd, 8638336.132, 89
Trd, 8638336.882, 76
Trd, 8638337.682, 140
Trd, 8638338.282, 110
Trd, 8638338.832, 103
Trd, 8638339.132, 103
Trd, 8638339.632, 78
Trd, 8638340.632, 100
Trd, 8638341.132, 101
Trd, 8638341.232, 97
Trd, 8638341.632, 89
Trd, 8638343.132, 95
Trd, 8638343.782, 140
Trd, 8638345.132, 94
Trd, 8638345.432, 110
Trd, 8638346.582, 96
Trd, 8638347.032, 97
Trd, 8638347.132, 115
Trd, 8638347.182, 92
Trd, 8638347.482, 87
Trd, 8638347.882, 62
Trd, 8638348.482, 139
Trd, 8638350.282, 108
Trd, 8638350.882, 101
Trd, 8638351.332, 93
Trd, 8638351.632, 86
Trd, 8638352.632, 119
Trd, 8638353.232, 129
Trd, 8638353.382, 126
Trd, 8638353.432, 97
Trd, 8638353.532, 83
Trd, 8638355.882, 140
Trd, 8638356.082, 134
Trd, 8638356.882, 132
Trd, 8638356.932, 125
Trd, 8638357.432, 100
Trd, 8638358.032, 95
Trd, 8638359.132, 76
Trd, 8638359.232, 114
Trd, 8638360.482, 106
Trd, 8638360.682, 75
Trd, 8638361.332, 107
Trd, 8638361.632, 93
Trd, 8638362.232, 89
Trd, 8638364.132, 139
Trd, 8638364.182, 72
Trd, 8638364.582, 67
Trd, 8638364.982, 70
Trd, 8638365.232, 105
Trd, 8638367.332, 101
Trd, 8638367.882, 74
Trd, 8638367.982, 70
Trd, 8638369.082, 94
Trd, 8638369.432, 94
Trd, 8638369.582, 126
Trd, 8638369.632, 87
Trd, 8638370.732, 106
Trd, 8638371.732, 105
Trd, 8638371.782, 102
Trd, 8638373.482, 71
Trd, 8638373.982, 67
Trd, 8638374.482, 139
Trd, 8638375.882, 72
Trd, 8638375.932, 88
Trd, 8638376.582, 68
Trd, 8638378.082, 70
Trd, 8638378.332, 63
Trd, 8638380.332, 66
Trd, 8638381.082, 71
Trd, 8638381.632, 73
Trd, 8638383.032, 98
Trd, 8638383.682, 115
Trd, 8638383.832, 81
Trd, 8638384.432, 92
Trd, 8638384.532, 72
Trd, 8638385.232, 122
Trd, 8638387.132, 102
Trd, 8638388.132, 113
Trd, 8638388.182, 111
Trd, 8638388.332, 111
Trd, 8638389.132, 75
Trd, 8638390.182, 122
Trd, 8638390.232, 118
Trd, 8638390.482, 140
Trd, 8638391.282, 106
Trd, 8638392.232, 139
Trd, 8638392.832, 99
Trd, 8638394.532, 93
Trd, 8638395.032, 106
Trd, 8638395.332, 93
Trd, 8638396.532, 140
Trd, 8638397.182, 120
Trd, 8638397.582, 100
Trd, 8638397.632, 99
Trd, 8638398.332, 120
Trd, 8638398.682, 117
Trd, 8638398.732, 107
Trd, 8638399.232, 104
Trd, 8638399.982, 63
Trd, 8638400.432, 88
Trd, 8638401.182, 105
Trd, 8638404.932, 60
Trd, 8638405.682, 85
Trd, 8638406.482, 93
Trd, 8638406.582, 93
Trd, 8638406.682, 72
Trd, 8638407.382, 71
Trd, 8638407.532, 72
Trd, 8638408.132, 96
Trd, 8638408.232, 69
Trd, 8638408.982, 126
Trd, 8638410.732, 119
Trd, 8638411.982, 68
Trd, 8638412.182, 67
Trd, 8638412.232, 87
Trd, 8638412.832, 83
Trd, 8638412.982, 77
Trd, 8638413.382, 71
Trd, 8638414.482, 136
Trd, 8638414.882, 130
Trd, 8638415.432, 129
Trd, 8638415.482, 81
Trd, 8638418.082, 140
Trd, 8638419.382, 72
Trd, 8638419.632, 69
Trd, 8638420.982, 79
Trd, 8638421.332, 70
Trd, 8638422.032, 69
Trd, 8638422.782, 106
Trd, 8638422.932, 101
Trd, 8638422.982, 110
Trd, 8638423.032, 101
Trd, 8638423.682, 95
Trd, 8638425.482, 73
Trd, 8638425.832, 73
Trd, 8638426.082, 72
Trd, 8638426.132, 90
Trd, 8638426.482, 68
Trd, 8638427.382, 67
Trd, 8638428.332, 78
Trd, 8638428.932, 64
Trd, 8638430.132, 82
Trd, 8638431.232, 107
Trd, 8638432.782, 140
Trd, 8638432.982, 109
Trd, 8638435.332, 96
Trd, 8638435.932, 123
Trd, 8638437.332, 109
Trd, 8638438.232, 110
Trd, 8638438.882, 134
Trd, 8638438.932, 117
Trd, 8638440.582, 126
Trd, 8638440.682, 97
Trd, 8638442.032, 126
Trd, 8638442.132, 115
Trd, 8638442.182, 75
Trd, 8638443.982, 140
Trd, 8638444.382, 140
Trd, 8638444.432, 138
Trd, 8638446.382, 92
Trd, 8638446.732, 62
Trd, 8638447.032, 109
Trd, 8638447.432, 67
Trd, 8638448.732, 64
Trd, 8638450.082, 74
Trd, 8638450.432, 73
Trd, 8638451.082, 69
Trd, 8638451.382, 88
Trd, 8638452.532, 138
Trd, 8638454.132, 61
Trd, 8638454.232, 69
Trd, 8638455.332, 72
Trd, 8638455.432, 111
Trd, 8638455.582, 139
Trd, 8638456.232, 88
Trd, 8638457.582, 92
Trd, 8638458.832, 134
Trd, 8638458.932, 108
Trd, 8638459.082, 107
Trd, 8638459.232, 106
Trd, 8638460.932, 108
Trd, 8638461.032, 104
Trd, 8638462.882, 131
Trd, 8638463.232, 126
Trd, 8638463.282, 122
Trd, 8638464.532, 87
Trd, 8638464.682, 79
Trd, 8638465.382, 77
Trd, 8638465.732, 81
Trd, 8638466.332, 90
Trd, 8638466.632, 88
Trd, 8638466.982, 115
Trd, 8638467.432, 85
Trd, 8638467.532, 64
Trd, 8638469.282, 67
Trd, 8638469.432, 86
Trd, 8638471.032, 125
Trd, 8638471.482, 121
Trd, 8638472.532, 61
Trd, 8638473.232, 64
Trd, 8638473.882, 69
Trd, 8638474.082, 69
Trd, 8638474.182, 62
Trd, 8638475.482, 67
Trd, 8638475.932, 79
Trd, 8638476.282, 63
Trd, 8638476.482, 60
Trd, 8638478.232, 118
Trd, 8638478.632, 78
Trd, 8638478.732, 80
Trd, 8638479.382, 76
Trd, 8638480.582, 93
Trd, 8638481.832, 70
Trd, 8638482.232, 99
Trd, 8638482.282, 123
Trd, 8638484.032, 87
Trd, 8638484.082, 77
Trd, 8638484.832, 86
Trd, 8638485.232, 131
Trd, 8638485.932, 68
Trd, 8638488.632, 60
Trd, 8638489.582, 105
Trd, 8638489.782, 90
Trd, 8638489.932, 90
Trd, 8638490.382, 84
Trd, 8638491.482, 139
Trd, 8638491.732, 125
Trd, 8638491.932, 123
Trd, 8638492.582, 117
Trd, 8638492.932, 99
Trd, 8638494.682, 70
Trd, 8638495.032, 85
Trd, 8638495.782, 91
Trd, 8638496.082, 92
Trd, 8638496.782, 90
Trd, 8638498.782, 68
Trd, 8638499.082, 78
Trd, 8638500.282, 113
Trd, 8638501.482, 111
Trd, 8638501.732, 125
Trd, 8638501.832, 104
Trd, 8638503.682, 140
Trd, 8638503.832, 133
Trd, 8638504.582, 124
Trd, 8638505.382, 122
Trd, 8638506.082, 139
Trd, 8638506.332, 104
Trd, 8638506.532, 103
Trd, 8638506.832, 96
Trd, 8638507.482, 90
Trd, 8638507.882, 117
Trd, 8638508.932, 110
Trd, 8638509.182, 109
Trd, 8638509.232, 105
Trd, 8638509.732, 131
Trd, 8638509.832, 98
Trd, 8638512.332, 115
Trd, 8638512.832, 99
Trd, 8638513.682, 121
Trd, 8638513.832, 94
Trd, 8638514.632, 140
Trd, 8638516.132, 98
Trd, 8638516.332, 97
Trd, 8638516.382, 130
Trd, 8638516.782, 84
Trd, 8638517.682, 86
Trd, 8638517.932, 105
Trd, 8638518.682, 114
Trd, 8638520.432, 108
Trd, 8638520.482, 103
Trd, 8638521.132, 101
Trd, 8638524.532, 74
Trd, 8638525.032, 65
Trd, 8638525.732, 65
Trd, 8638527.432, 84
Trd, 8638527.532, 81
Trd, 8638527.682, 98
Trd, 8638528.332, 129
Trd, 8638528.432, 103
Trd, 8638529.032, 70
Trd, 8638529.082, 86
Trd, 8638531.082, 70
Trd, 8638531.582, 123
Trd, 8638532.782, 66
Trd, 8638533.332, 140
Trd, 8638533.982, 138
Trd, 8638534.882, 137
Trd, 8638535.732, 123
Trd, 8638536.432, 122
Trd, 8638536.482, 118
Trd, 8638537.232, 135
Trd, 8638537.332, 133
Trd, 8638538.082, 125
Trd, 8638538.182, 112
Trd, 8638538.732, 136
Trd, 8638539.532, 69
Trd, 8638540.582, 140
Trd, 8638540.882, 134
Trd, 8638542.082, 94
Trd, 8638543.882, 104
Trd, 8638544.682, 136
Trd, 8638544.782, 106
Trd, 8638546.132, 96
Trd, 8638546.482, 125
Trd, 8638546.532, 107
Trd, 8638546.782, 88
Trd, 8638548.532, 91
Trd, 8638548.982, 105
Trd, 8638549.382, 105
Trd, 8638549.582, 100
Trd, 8638549.732, 94
Trd, 8638551.282, 100
Trd, 8638552.032, 129
Trd, 8638552.282, 100
Trd, 8638552.332, 97
Trd, 8638553.932, 90
Trd, 8638555.332, 100
Trd, 8638555.582, 110
Trd, 8638555.632, 104
Trd, 8638556.232, 102
Trd, 8638556.382, 99
Trd, 8638556.632, 94
Trd, 8638557.082, 75
Trd, 8638558.882, 80
Trd, 8638559.232, 78
Trd, 8638559.582, 99
Trd, 8638560.432, 96
Trd, 8638560.482, 113
Trd, 8638560.682, 77
Trd, 8638561.032, 86
Trd, 8638561.582, 86
Trd, 8638562.282, 140
Trd, 8638562.332, 126
Trd, 8638565.732, 61
Trd, 8638566.532, 67
Trd, 8638567.232, 83
Trd, 8638568.232, 68
Trd, 8638568.282, 60
Trd, 8638568.432, 139
Trd, 8638569.032, 94
Trd, 8638569.832, 83
Trd, 8638571.382, 136
Trd, 8638571.682, 124
Trd, 8638572.632, 138
Trd, 8638572.782, 133
Trd, 8638572.832, 129
Trd, 8638573.482, 86
Trd, 8638573.832, 62
Trd, 8638574.632, 124
Trd, 8638575.832, 116
Trd, 8638576.332, 140
Trd, 8638576.832, 101
Trd, 8638578.532, 61
Trd, 8638578.832, 61
Trd, 8638579.182, 112
Trd, 8638579.582, 64
Trd, 8638580.682, 65
Trd, 8638582.032, 65
Trd, 8638582.132, 119
Trd, 8638582.582, 65
Trd, 8638583.432, 77
Trd, 8638584.382, 86
Trd, 8638586.032, 140
Trd, 8638586.182, 140
Trd, 8638586.432, 134
Trd, 8638586.832, 133
Trd, 8638587.632, 122
Trd, 8638587.982, 95
Trd, 8638588.532, 112
Trd, 8638588.882, 71
Trd, 8638589.132, 67
Trd, 8638589.482, 101
Trd, 8638592.682, 66
Trd, 8638592.832, 72
Trd, 8638592.932, 92
Trd, 8638594.232, 65
Trd, 8638594.482, 69
Trd, 8638594.782, 73
Trd, 8638595.332, 73
Trd, 8638596.232, 126
Trd, 8638596.732, 139
Trd, 8638597.682, 91
Trd, 8638597.882, 96
Trd, 8638597.982, 88
Trd, 8638600.832, 60
Trd, 8638601.982, 66
Trd, 8638602.432, 68
Trd, 8638602.932, 85
Trd, 8638604.082, 71
Trd, 8638604.132, 81
Trd, 8638605.082, 78
Trd, 8638605.532, 74
Trd, 8638605.732, 68
Trd, 8638607.132, 139
Trd, 8638607.232, 138
Trd, 8638609.282, 103
Trd, 8638609.782, 140
Trd, 8638610.232, 140
Trd, 8638610.882, 99
Trd, 8638610.982, 133
Trd, 8638611.882, 75
Trd, 8638612.232, 65
Trd, 8638614.032, 102
Trd, 8638614.082, 105
Trd, 8638615.782, 108
Trd, 8638616.682, 93
Trd, 8638616.982, 91
Trd, 8638617.882, 122
Trd, 8638618.432, 140
Trd, 8638618.782, 138
Trd, 8638619.832, 137
Trd, 8638620.182, 132
Trd, 8638620.282, 119
Trd, 8638621.082, 116
Trd, 8638621.582, 117
Trd, 8638622.832, 114
Trd, 8638622.932, 80
Trd, 8638624.032, 124
Trd, 8638624.632, 75
Trd, 8638624.882, 113
Trd, 8638625.782, 98
Trd, 8638626.582, 104
Trd, 8638627.282, 114
Trd, 8638628.782, 103
Trd, 8638629.132, 112
Trd, 8638629.732, 102
Trd, 8638629.932, 94
Trd, 8638630.132, 94
Trd, 8638630.382, 114
Trd, 8638631.882, 90
Trd, 8638632.182, 89
Trd, 8638632.932, 92
Trd, 8638633.282, 80
Trd, 8638634.182, 68
Trd, 8638636.532, 67
Trd, 8638636.732, 75
Trd, 8638636.932, 92
Trd, 8638637.532, 94
Trd, 8638637.832, 74
Trd, 8638638.132, 139
Trd, 8638638.732, 82
Trd, 8638639.932, 102
Trd, 8638640.782, 107
Trd, 8638641.032, 85
Trd, 8638641.282, 81
Trd, 8638643.182, 139
Trd, 8638643.282, 138
Trd, 8638643.432, 128
Trd, 8638644.582, 116
Trd, 8638644.682, 115
Trd, 8638645.332, 101
Trd, 8638645.832, 77
Trd, 8638646.432, 71
Trd, 8638647.282, 108
Trd, 8638649.282, 140
Trd, 8638649.932, 140
Trd, 8638650.232, 138
Trd, 8638651.482, 129
Trd, 8638652.382, 116
Trd, 8638652.482, 114
Trd, 8638654.332, 123
Trd, 8638654.482, 110
Trd, 8638655.232, 70
Trd, 8638655.382, 75
Trd, 8638656.282, 140
Trd, 8638657.682, 83
Trd, 8638657.982, 80
Trd, 8638658.982, 117
Trd, 8638659.082, 96
Trd, 8638660.882, 105
Trd, 8638661.082, 102
Trd, 8638661.132, 81
Trd, 8638663.332, 101
Trd, 8638663.932, 105
Trd, 8638664.182, 100
Trd, 8638665.932, 131
Trd, 8638666.282, 123
Trd, 8638666.632, 104
Trd, 8638667.682, 140
Trd, 8638667.782, 138
Trd, 8638668.482, 129
Trd, 8638668.632, 124
Trd, 8638670.682, 75
Trd, 8638670.882, 127
Trd, 8638671.232, 62
Trd, 8638672.282, 86
Trd, 8638673.082, 71
Trd, 8638673.132, 70
Trd, 8638673.832, 61
Trd, 8638674.682, 64
Trd, 8638675.432, 119
Trd, 8638676.582, 65
Trd, 8638676.732, 66
Trd, 8638678.782, 79
Trd, 8638679.182, 78
Trd, 8638679.582, 64
Trd, 8638680.032, 121
Trd, 8638681.332, 66
Trd, 8638681.532, 80
Trd, 8638682.132, 133
Trd, 8638683.282, 83
Trd, 8638684.482, 72
Trd, 8638684.582, 79
Trd, 8638685.832, 120
Trd, 8638686.082, 119
Trd, 8638686.332, 112
Trd, 8638686.582, 111
Trd, 8638687.082, 108
Trd, 8638687.882, 134
Trd, 8638690.332, 67
Trd, 8638691.032, 85
Trd, 8638691.532, 63
Trd, 8638693.132, 69
Trd, 8638693.332, 66
Trd, 8638694.032, 74
Trd, 8638694.132, 81
Trd, 8638694.482, 80
Trd, 8638695.132, 133
Trd, 8638695.882, 123
Trd, 8638695.932, 116
Trd, 8638696.382, 88
Trd, 8638697.882, 99
Trd, 8638698.432, 125
Trd, 8638698.732, 99
Trd, 8638700.132, 137
Trd, 8638700.332, 135
Trd, 8638701.032, 134
Trd, 8638701.782, 106
Trd, 8638702.032, 76
Trd, 8638703.982, 96
Trd, 8638704.382, 92
Trd, 8638704.932, 104
Trd, 8638705.082, 91
Trd, 8638706.832, 140
Trd, 8638707.032, 140
Trd, 8638708.132, 137
Trd, 8638708.782, 116
Trd, 8638709.532, 93
Trd, 8638709.882, 93
Trd, 8638710.432, 68
Trd, 8638712.582, 119
Trd, 8638713.082, 125
Trd, 8638713.632, 117
Trd, 8638714.432, 115
Trd, 8638714.682, 113
Trd, 8638716.482, 114
Trd, 8638716.682, 113
Trd, 8638716.982, 111
Trd, 8638719.382, 140
Trd, 8638720.082, 137
Trd, 8638720.582, 134
Trd, 8638721.182, 126
Trd, 8638721.432, 125
Trd, 8638722.032, 114
Trd, 8638722.432, 139
Trd, 8638722.482, 110
Trd, 8638723.782, 113
Trd, 8638723.932, 124
Trd, 8638724.032, 76
Trd, 8638724.682, 101
Trd, 8638726.532, 65
Trd, 8638727.782, 87
Trd, 8638729.082, 65
Trd, 8638729.682, 67
Trd, 8638729.982, 68
Trd, 8638730.182, 69
Trd, 8638730.632, 75
Trd, 8638733.032, 77
Trd, 8638733.282, 75
Trd, 8638733.382, 112
Trd, 8638733.982, 74
Trd, 8638734.782, 106
Trd, 8638736.332, 110
Trd, 8638736.782, 121
Trd, 8638736.882, 110
Trd, 8638737.482, 91
Trd, 8638737.782, 80
Trd, 8638737.932, 93
Trd, 8638738.882, 92
Trd, 8638739.182, 140
Trd, 8638740.432, 70
Trd, 8638740.832, 80
Trd, 8638742.632, 79
Trd, 8638743.982, 74
Trd, 8638744.082, 74
Trd, 8638744.132, 72
Trd, 8638744.232, 68
Trd, 8638745.032, 82
Trd, 8638745.882, 86
Trd, 8638748.082, 63
Trd, 8638748.332, 94
Trd, 8638748.882, 138
Trd, 8638748.932, 137
Trd, 8638749.832, 129
Trd, 8638750.332, 121
Trd, 8638750.432, 119
Trd, 8638750.632, 90
Trd, 8638751.082, 61
Trd, 8638753.032, 60
Trd, 8638753.832, 60
Trd, 8638754.282, 64
Trd, 8638754.582, 107
Trd, 8638754.882, 107
Trd, 8638754.982, 106
Trd, 8638756.382, 81
Trd, 8638756.982, 79
Trd, 8638757.782, 86
Trd, 8638758.332, 140
Trd, 8638758.632, 125
Trd, 8638760.382, 83
Trd, 8638761.232, 140
Trd, 8638761.582, 129
Trd, 8638761.882, 127
Trd, 8638761.932, 125
Trd, 8638762.482, 73
Trd, 8638762.682, 77
Trd, 8638763.332, 138
Trd, 8638766.432, 118
Trd, 8638766.682, 117
Trd, 8638767.682, 116
Trd, 8638768.082, 112
Trd, 8638768.132, 102
Trd, 8638768.382, 102
Trd, 8638769.182, 132
Trd, 8638769.782, 129
Trd, 8638769.932, 122
Trd, 8638770.632, 120
Trd, 8638770.732, 119
Trd, 8638771.532, 95
Trd, 8638772.682, 95
Trd, 8638773.982, 96
Trd, 8638774.332, 94
Trd, 8638774.582, 126
Trd, 8638775.032, 92
Trd, 8638775.382, 125
Trd, 8638775.732, 125
Trd, 8638776.982, 119
Trd, 8638777.182, 89
Trd, 8638777.732, 74
Trd, 8638778.132, 70
Trd, 8638778.932, 73
Trd, 8638779.532, 71
Trd, 8638780.482, 60
Trd, 8638780.532, 111
Trd, 8638783.282, 61
Trd, 8638784.782, 64
Trd, 8638785.132, 71
Trd, 8638785.232, 86
Trd, 8638785.882, 132
Trd, 8638787.282, 101
Trd, 8638787.582, 71
Trd, 8638788.382, 117
Trd, 8638788.882, 111
Trd, 8638789.232, 110
Trd, 8638789.282, 85
Trd, 8638789.532, 82
Trd, 8638791.382, 98
Trd, 8638792.282, 77
Trd, 8638793.282, 75
Trd, 8638794.782, 119
Trd, 8638794.932, 127
Trd, 8638795.632, 140
Trd, 8638795.882, 135
Trd, 8638796.682, 139
Trd, 8638796.782, 132
Trd, 8638797.332, 125
Trd, 8638798.132, 87
Trd, 8638799.432, 85
Trd, 8638800.682, 139
Trd, 8638800.732, 137
Trd, 8638800.832, 136
Trd, 8638803.332, 91
Trd, 8638803.482, 89
Trd, 8638803.582, 82
Trd, 8638804.082, 82
Trd, 8638804.432, 79
Trd, 8638805.632, 75
Trd, 8638805.932, 93
Trd, 8638806.482, 79
Trd, 8638808.732, 102
Trd, 8638809.182, 66
Trd, 8638809.882, 97
Trd, 8638810.232, 88
Trd, 8638810.632, 65
Trd, 8638811.732, 79
Trd, 8638813.082, 72
Trd, 8638813.282, 94
Trd, 8638814.782, 78
Trd, 8638815.582, 77
Trd, 8638815.932, 85
Trd, 8638816.032, 104
Trd, 8638816.182, 83
Trd, 8638816.832, 80
Trd, 8638816.882, 111
Trd, 8638817.632, 80
Trd, 8638817.782, 91
Trd, 8638818.832, 65
Trd, 8638820.432, 74
Trd, 8638821.432, 140
Trd, 8638822.432, 95
Trd, 8638822.682, 94
Trd, 8638822.832, 92
Trd, 8638823.632, 83
Trd, 8638824.582, 73
Trd, 8638824.632, 90
Trd, 8638825.032, 72
Trd, 8638826.432, 63
Trd, 8638826.532, 84
Trd, 8638827.232, 85
Trd, 8638828.732, 88
Trd, 8638829.682, 94
Trd, 8638829.982, 114
Trd, 8638830.632, 116
Trd, 8638830.932, 88
Trd, 8638831.032, 85
Trd, 8638832.132, 119
Trd, 8638833.132, 136
Trd, 8638834.182, 132
Trd, 8638835.282, 130
Trd, 8638835.582, 109
Trd, 8638836.182, 89
Trd, 8638836.932, 79
Trd, 8638838.182, 101
Trd, 8638838.782, 103
Trd, 8638839.582, 94
Trd, 8638840.182, 85
Trd, 8638840.382, 129
Trd, 8638841.932, 88
Trd, 8638842.882, 140
Trd, 8638843.032, 117
Trd, 8638843.682, 91
Trd, 8638843.832, 86
Trd, 8638844.532, 101
Trd, 8638846.232, 68
Trd, 8638846.632, 74
Trd, 8638847.732, 66
Trd, 8638848.182, 77
Trd, 8638849.232, 64
Trd, 8638849.832, 70
Trd, 8638850.782, 71
Trd, 8638851.082, 66
Trd, 8638852.182, 74
Trd, 8638852.532, 87
Trd, 8638853.482, 75
Trd, 8638853.832, 68
Trd, 8638854.632, 101
Trd, 8638857.082, 140
Trd, 8638857.232, 140
Trd, 8638857.732, 137
Trd, 8638857.882, 103
Trd, 8638859.182, 134
Trd, 8638860.982, 134
Trd, 8638861.032, 129
Trd, 8638861.232, 121
Trd, 8638861.682, 111
Trd, 8638861.882, 97
Trd, 8638863.132, 73
Trd, 8638863.982, 110
Trd, 8638864.432, 69
Trd, 8638865.132, 60
Trd, 8638865.482, 66
Trd, 8638866.232, 101
Trd, 8638866.382, 68
Trd, 8638866.482, 88
Trd, 8638866.632, 68
Trd, 8638867.382, 100
Trd, 8638869.082, 67
Trd, 8638871.332, 96
Trd, 8638871.732, 139
Trd, 8638871.932, 98
Trd, 8638872.082, 100
Trd, 8638872.432, 92
Trd, 8638873.032, 94
Trd, 8638873.382, 100
Trd, 8638874.332, 94
Trd, 8638875.682, 132
Trd, 8638875.832, 120
Trd, 8638876.032, 101
Trd, 8638876.132, 79
Trd, 8638877.032, 63
Trd, 8638877.932, 79
Trd, 8638878.382, 74
Trd, 8638881.132, 89
Trd, 8638881.582, 92
Trd, 8638882.532, 85
Trd, 8638882.882, 80
Trd, 8638883.282, 79
Trd, 8638883.382, 98
Trd, 8638884.282, 99
Trd, 8638884.932, 95
Trd, 8638885.232, 139
Trd, 8638887.432, 139
Trd, 8638887.732, 139
Trd, 8638889.082, 60
Trd, 8638889.582, 122
Trd, 8638891.082, 138
Trd, 8638891.532, 136
Trd, 8638892.282, 127
Trd, 8638892.332, 115
Trd, 8638892.382, 97
Trd, 8638894.232, 88
Trd, 8638894.832, 118
Trd, 8638895.532, 112
Trd, 8638895.932, 110
Trd, 8638896.082, 109
Trd, 8638896.432, 101
Trd, 8638897.582, 80
Trd, 8638898.682, 131
Trd, 8638898.782, 122
Trd, 8638898.832, 111
Trd, 8638899.182, 103
Trd, 8638900.582, 64
Trd, 8638901.332, 65
Trd, 8638902.382, 94
Trd, 8638902.582, 93
Trd, 8638904.282, 62
Trd, 8638904.532, 74
Trd, 8638906.032, 88
Trd, 8638906.332, 88
Trd, 8638906.632, 87
Trd, 8638907.232, 140
Trd, 8638907.732, 134
Trd, 8638908.432, 60
Trd, 8638909.132, 107
Trd, 8638910.232, 92
Trd, 8638910.482, 92
Trd, 8638911.032, 77
Trd, 8638911.732, 90
Trd, 8638911.932, 131
Trd, 8638914.482, 63
Trd, 8638914.882, 71
Trd, 8638915.432, 70
Trd, 8638915.532, 87
Trd, 8638915.932, 110
Trd, 8638916.632, 109
Trd, 8638917.532, 96
Trd, 8638917.782, 86
Trd, 8638918.482, 85
Trd, 8638919.282, 74
Trd, 8638919.932, 106
Trd, 8638920.032, 105
Trd, 8638921.332, 77
Trd, 8638921.582, 82
Trd, 8638922.132, 71
Trd, 8638922.682, 124
Trd, 8638924.332, 78
Trd, 8638924.982, 72
Trd, 8638925.782, 97
Trd, 8638926.382, 101
Trd, 8638927.082, 111
Trd, 8638927.582, 110
Trd, 8638928.532, 63
Trd, 8638929.632, 71
Trd, 8638929.682, 112
Trd, 8638930.932, 79
Trd, 8638932.482, 99
Trd, 8638934.232, 91
Trd, 8638934.432, 97
Trd, 8638935.132, 97
Trd, 8638935.532, 92
Trd, 8638935.732, 120
Trd, 8638936.532, 120
Trd, 8638937.432, 115
Trd, 8638938.132, 114
Trd, 8638938.482, 113
Trd, 8638939.082, 112
Trd, 8638939.532, 104
Trd, 8638939.682, 97
Trd, 8638942.182, 140
Trd, 8638942.282, 140
Trd, 8638942.432, 138
Trd, 8638943.332, 117
Trd, 8638943.532, 97
Trd, 8638943.682, 96
Trd, 8638944.032, 136
Trd, 8638944.382, 123
Trd, 8638945.682, 61
Trd, 8638946.432, 97
Trd, 8638947.082, 108
Trd, 8638947.332, 109
Trd, 8638948.682, 78
Trd, 8638948.982, 110
Trd, 8638949.732, 76
Trd, 8638951.332, 114
Trd, 8638951.582, 95
Trd, 8638951.932, 87
Trd, 8638953.232, 80
Trd, 8638953.682, 109
Trd, 8638954.382, 139
Trd, 8638954.432, 127
Trd, 8638955.182, 81
Trd, 8638955.282, 80
Trd, 8638955.782, 64
Trd, 8638956.382, 67
Trd, 8638956.832, 129
Trd, 8638957.882, 81
Trd, 8638958.832, 81
Trd, 8638959.882, 64
Trd, 8638960.182, 97
Trd, 8638962.032, 63
Trd, 8638962.232, 63
Trd, 8638963.082, 128
Trd, 8638963.282, 127
Trd, 8638963.482, 119
Trd, 8638964.482, 99
Trd, 8638964.532, 93
Trd, 8638966.082, 60
Trd, 8638966.732, 72
Trd, 8638966.982, 75
Trd, 8638967.582, 82
Trd, 8638968.082, 90
Trd, 8638968.682, 99
Trd, 8638969.232, 60
Trd, 8638969.982, 77
Trd, 8638972.632, 60
Trd, 8638973.682, 78
Trd, 8638974.582, 66
Trd, 8638974.932, 72
Trd, 8638976.732, 71
Trd, 8638977.882, 85
Trd, 8638978.032, 100
Trd, 8638978.582, 106
Trd, 8638978.682, 123
Trd, 8638978.832, 104
Trd, 8638979.382, 140
Trd, 8638979.682, 129
Trd, 8638981.082, 137
Trd, 8638981.132, 68
Trd, 8638983.032, 73
Trd, 8638983.382, 127
Trd, 8638986.982, 68
Trd, 8638988.032, 68
Trd, 8638988.282, 90
Trd, 8638988.782, 120
Trd, 8638989.282, 120
Trd, 8638989.432, 119
Trd, 8638989.832, 108
Trd, 8638989.932, 129
Trd, 8638990.482, 110
Trd, 8638991.632, 67
Trd, 8638993.682, 119
Trd, 8638993.832, 119
Trd, 8638993.932, 140
Trd, 8638994.632, 118
Trd, 8638995.682, 127
Trd, 8638995.932, 125
Trd, 8638996.132, 133
Trd, 8638996.232, 88
Trd, 8638996.932, 70
Trd, 8638998.082, 139
Trd, 8638998.232, 138
Trd, 8638999.032, 122
Trd, 8638999.132, 112
Trd, 8638999.932, 105
Trd, 8639001.232, 62
Trd, 8639002.482, 67
Trd, 8639003.882, 64
Trd, 8639004.682, 77
Trd, 8639004.882, 91
Trd, 8639005.432, 86
Trd, 8639005.532, 106
Trd, 8639005.982, 119
Trd, 8639008.082, 139
Trd, 8639008.682, 118
Trd, 8639008.882, 115
Trd, 8639008.982, 114
Trd, 8639009.532, 74
Trd, 8639010.382, 65
Trd, 8639010.582, 66
Trd, 8639011.932, 89
Trd, 8639012.132, 91
Trd, 8639012.182, 86
Trd, 8639013.132, 92
Trd, 8639013.832, 122
Trd, 8639015.032, 127
Trd, 8639016.382, 74
Trd, 8639016.782, 72
Trd, 8639017.582, 102
Trd, 8639017.682, 102
Trd, 8639018.282, 86
Trd, 8639018.732, 75
Trd, 8639019.782, 80
Trd, 8639020.632, 98
Trd, 8639021.082, 98
Trd, 8639021.282, 96
Trd, 8639021.432, 82
Trd, 8639022.282, 140
Trd, 8639022.532, 126
Trd, 8639023.182, 125
Trd, 8639025.382, 72
Trd, 8639026.432, 72
Trd, 8639027.132, 85
Trd, 8639027.782, 140
Trd, 8639028.032, 130
Trd, 8639028.732, 125
Trd, 8639028.782, 124
Trd, 8639028.882, 124
Trd, 8639029.382, 65
Trd, 8639030.032, 62
Trd, 8639031.832, 93
Trd, 8639032.832, 82
Trd, 8639033.482, 81
Trd, 8639035.382, 90
Trd, 8639036.282, 76
Trd, 8639036.382, 109
Trd, 8639036.982, 78
Trd, 8639037.432, 81
Trd, 8639037.482, 74
Trd, 8639037.582, 112
Trd, 8639038.532, 73
Trd, 8639039.182, 77
Trd, 8639039.682, 90
Trd, 8639039.782, 114
Trd, 8639041.182, 94
Trd, 8639041.732, 92
Trd, 8639041.782, 91
Trd, 8639042.882, 129
Trd, 8639043.182, 110
Trd, 8639044.182, 72
Trd, 8639044.832, 119
Trd, 8639045.532, 117
Trd, 8639045.932, 125
Trd, 8639046.482, 136
Trd, 8639048.932, 140
Trd, 8639049.032, 140
Trd, 8639049.282, 124
Trd, 8639049.432, 99
Trd, 8639050.532, 63
Trd, 8639050.982, 69
Trd, 8639051.932, 63
Trd, 8639052.782, 89
Trd, 8639054.182, 87
Trd, 8639054.932, 88
Trd, 8639055.482, 86
Trd, 8639055.882, 94
Trd, 8639057.032, 140
Trd, 8639057.132, 139
Trd, 8639057.782, 127
Trd, 8639058.382, 125
Trd, 8639058.632, 103
Trd, 8639059.032, 64
Trd, 8639059.482, 102
Trd, 8639059.832, 135
Trd, 8639061.282, 78
Trd, 8639062.982, 76
Trd, 8639064.532, 84
Trd, 8639064.682, 131
Trd, 8639065.682, 109
Trd, 8639065.982, 101
Trd, 8639066.532, 136
Trd, 8639067.532, 120
Trd, 8639067.982, 90
Trd, 8639068.282, 138
Trd, 8639068.682, 122
Trd, 8639068.782, 121
Trd, 8639071.382, 119
Trd, 8639071.832, 110
Trd, 8639071.982, 78
Trd, 8639073.332, 85
Trd, 8639073.482, 89
Trd, 8639074.232, 61
Trd, 8639074.532, 67
Trd, 8639075.682, 75
Trd, 8639076.482, 67
Trd, 8639077.482, 84
Trd, 8639077.582, 88
Trd, 8639079.632, 73
Trd, 8639080.682, 102
Trd, 8639081.082, 140
Trd, 8639081.782, 140
Trd, 8639081.982, 69
Trd, 8639082.332, 84
Trd, 8639083.532, 97
Trd, 8639084.032, 118
Trd, 8639084.232, 73
Trd, 8639084.682, 73
Trd, 8639085.582, 79
Trd, 8639086.432, 68
Trd, 8639087.032, 64
Trd, 8639087.382, 61
Trd, 8639087.982, 138
Trd, 8639088.282, 120
Trd, 8639088.832, 67
Trd, 8639090.632, 79
Trd, 8639091.232, 86
Trd, 8639091.832, 120
Trd, 8639093.182, 104
Trd, 8639094.032, 111
Trd, 8639094.182, 110
Trd, 8639094.432, 108
Trd, 8639095.182, 106
Trd, 8639095.382, 103
Trd, 8639097.132, 67
Trd, 8639098.632, 94
Trd, 8639099.032, 91
Trd, 8639099.232, 120
Trd, 8639099.582, 117
Trd, 8639099.982, 84
Trd, 8639100.632, 135
Trd, 8639100.682, 84
Trd, 8639101.682, 72
Trd, 8639103.932, 64
Trd, 8639104.282, 67
Trd, 8639106.382, 78
Trd, 8639107.482, 73
Trd, 8639107.932, 92
Trd, 8639108.432, 127
Trd, 8639109.132, 128
Trd, 8639109.232, 126
Trd, 8639109.882, 133
Trd, 8639109.982, 117
Trd, 8639110.082, 116
Trd, 8639110.732, 140
Trd, 8639110.932, 138
Trd, 8639111.082, 133
Trd, 8639111.482, 108
Trd, 8639111.832, 79
Trd, 8639112.682, 104
Trd, 8639112.982, 103
Trd, 8639113.382, 101
Trd, 8639114.732, 83
Trd, 8639116.432, 103
Trd, 8639116.932, 107
Trd, 8639117.432, 97
Trd, 8639117.932, 103
Trd, 8639118.332, 97
Trd, 8639118.832, 92
Trd, 8639120.082, 88
Trd, 8639120.282, 62
Trd, 8639120.782, 126
Trd, 8639121.582, 61
Trd, 8639122.032, 136
Trd, 8639123.682, 70
Trd, 8639124.832, 69
Trd, 8639125.082, 70
Trd, 8639125.482, 72
Trd, 8639125.732, 89
Trd, 8639127.382, 80
Trd, 8639128.382, 84
Trd, 8639129.532, 83
Trd, 8639129.932, 82
Trd, 8639130.832, 100
Trd, 8639131.932, 111
Trd, 8639132.732, 135
Trd, 8639133.432, 87
Trd, 8639134.282, 100
Trd, 8639134.682, 89
Trd, 8639135.882, 114
Trd, 8639136.082, 113
Trd, 8639136.332, 109
Trd, 8639136.932, 90
Trd, 8639137.932, 100
Trd, 8639138.032, 106
Trd, 8639139.232, 73
Trd, 8639140.282, 119
Trd, 8639140.382, 74
Trd, 8639140.932, 71
Trd, 8639141.132, 125
Trd, 8639141.882, 94
Trd, 8639142.782, 91
Trd, 8639142.832, 86
Trd, 8639143.282, 71
Trd, 8639144.082, 138
Trd, 8639145.532, 101
Trd, 8639146.382, 129
Trd, 8639147.132, 131
Trd, 8639147.332, 133
Trd, 8639147.382, 130
Trd, 8639148.482, 131
Trd, 8639151.232, 140
Trd, 8639151.282, 140
Trd, 8639151.682, 138
Trd, 8639152.182, 119
Trd, 8639152.282, 113
Trd, 8639152.782, 113
Trd, 8639154.082, 74
Trd, 8639154.632, 72
Trd, 8639154.982, 99
Trd, 8639156.032, 65
Trd, 8639157.432, 85
Trd, 8639158.632, 140
Trd, 8639158.682, 138
Trd, 8639158.832, 83
Trd, 8639160.532, 81
Trd, 8639161.332, 81
Trd, 8639162.282, 85
Trd, 8639162.432, 85
Trd, 8639163.532, 98
Trd, 8639163.582, 84
Trd, 8639164.282, 96
Trd, 8639164.332, 86
Trd, 8639164.432, 83
Trd, 8639167.082, 137
Trd, 8639168.132, 106
Trd, 8639168.932, 92
Trd, 8639169.432, 109
Trd, 8639169.582, 107
Trd, 8639169.932, 122
Trd, 8639171.182, 114
Trd, 8639171.282, 113
Trd, 8639171.332, 105
Trd, 8639172.182, 140
Trd, 8639172.982, 86
Trd, 8639173.882, 70
Trd, 8639175.282, 99
Trd, 8639176.082, 140
Trd, 8639176.182, 140
Trd, 8639177.132, 134
Trd, 8639177.582, 133
Trd, 8639178.732, 75
Trd, 8639179.132, 82
Trd, 8639179.982, 61
Trd, 8639180.582, 127
Trd, 8639181.282, 68
Trd, 8639182.832, 129
Trd, 8639183.382, 124
Trd, 8639183.482, 123
Trd, 8639183.732, 127
Trd, 8639184.582, 106
Trd, 8639184.882, 83
Trd, 8639185.982, 63
Trd, 8639186.132, 82
Trd, 8639186.832, 64
Trd, 8639188.182, 64
Trd, 8639188.732, 66
Trd, 8639189.532, 70
Trd, 8639192.432, 65
Trd, 8639192.582, 69
Trd, 8639193.932, 61
Trd, 8639194.332, 71
Trd, 8639195.332, 66
Trd, 8639196.032, 81
Trd, 8639196.932, 68
Trd, 8639197.182, 68
Trd, 8639198.482, 72
Trd, 8639198.882, 100
Trd, 8639199.882, 109
Trd, 8639200.432, 107
Trd, 8639201.382, 136
Trd, 8639201.782, 126
Trd, 8639201.882, 123
Trd, 8639202.132, 90
Trd, 8639204.682, 95
Trd, 8639205.082, 117
Trd, 8639205.232, 88
Trd, 8639205.782, 90
Trd, 8639207.082, 66
Trd, 8639208.782, 114
Trd, 8639209.482, 136
Trd, 8639209.732, 88
Trd, 8639210.732, 102
Trd, 8639211.182, 139
Trd, 8639212.232, 79
Trd, 8639212.482, 83
Trd, 8639213.682, 88
Trd, 8639214.332, 75
Trd, 8639214.932, 85
Trd, 8639215.132, 75
Trd, 8639216.082, 83
Trd, 8639216.632, 71
Trd, 8639217.982, 140
Trd, 8639218.282, 140
Trd, 8639218.482, 125
Trd, 8639219.132, 129
Trd, 8639220.432, 128
Trd, 8639220.782, 104
Trd, 8639221.032, 71
Trd, 8639221.632, 93
Trd, 8639222.382, 65
Trd, 8639222.982, 97
Trd, 8639223.382, 95
Trd, 8639225.082, 63
Trd, 8639226.182, 66
Trd, 8639227.432, 61
Trd, 8639227.882, 65
Trd, 8639228.082, 82
Trd, 8639229.132, 60
Trd, 8639229.632, 62
Trd, 8639231.232, 100
Trd, 8639232.982, 79
Trd, 8639233.782, 78
Trd, 8639233.882, 75
Trd, 8639234.982, 69
Trd, 8639235.782, 68
Trd, 8639236.132, 61
Trd, 8639236.832, 89
Trd, 8639237.782, 75
Trd, 8639240.882, 65
Trd, 8639241.282, 66
Trd, 8639242.082, 74
Trd, 8639243.282, 93
Trd, 8639243.582, 112
Trd, 8639243.882, 114
Trd, 8639244.132, 92
Trd, 8639244.232, 86
Trd, 8639244.332, 121
Trd, 8639246.232, 140
Trd, 8639246.582, 134
Trd, 8639247.232, 91
Trd, 8639247.282, 91
Trd, 8639247.882, 87
Trd, 8639249.332, 115
Trd, 8639249.382, 114
Trd, 8639249.682, 100
Trd, 8639250.082, 66
Trd, 8639251.782, 123
Trd, 8639251.882, 121
Trd, 8639252.582, 97
Trd, 8639254.432, 109
Trd, 8639254.732, 93
Trd, 8639255.082, 74
Trd, 8639255.682, 64
Trd, 8639256.432, 64
Trd, 8639257.932, 62
Trd, 8639258.732, 61
Trd, 8639258.932, 101
Trd, 8639259.782, 140
Trd, 8639260.682, 139
Trd, 8639261.582, 136
Trd, 8639261.982, 133
Trd, 8639262.182, 128
Trd, 8639262.332, 123
Trd, 8639263.882, 140
Trd, 8639265.282, 134
Trd, 8639265.432, 140
Trd, 8639265.882, 130
Trd, 8639266.932, 113
Trd, 8639267.382, 135
Trd, 8639267.932, 94
Trd, 8639268.182, 90
Trd, 8639269.082, 92
Trd, 8639269.282, 90
Trd, 8639269.732, 68
Trd, 8639270.632, 86
Trd, 8639273.482, 90
Trd, 8639274.032, 89
Trd, 8639274.332, 89
Trd, 8639275.132, 72
Trd, 8639275.232, 71
Trd, 8639275.482, 106
Trd, 8639277.282, 99
Trd, 8639277.532, 112
Trd, 8639277.982, 139
Trd, 8639278.982, 112
Trd, 8639279.032, 112
Trd, 8639279.182, 139
Trd, 8639280.032, 122
Trd, 8639281.032, 115
Trd, 8639281.832, 105
Trd, 8639282.932, 110
Trd, 8639283.632, 103
Trd, 8639283.932, 99
Trd, 8639284.282, 97
Trd, 8639287.482, 140
Trd, 8639288.382, 140
Trd, 8639288.932, 87
Trd, 8639289.532, 94
Trd, 8639289.732, 111
Trd, 8639289.982, 90
Trd, 8639290.532, 89
Trd, 8639290.982, 91
Trd, 8639291.482, 89
Trd, 8639291.632, 110
Trd, 8639292.232, 86
Trd, 8639292.332, 89
Trd, 8639293.682, 73
Trd, 8639294.632, 64
Trd, 8639295.932, 84
Trd, 8639296.532, 71
Trd, 8639296.682, 136
Trd, 8639297.632, 125
Trd, 8639298.232, 67
Trd, 8639299.382, 72
Trd, 8639299.482, 105
Trd, 8639299.832, 71
Trd, 8639300.682, 135
Trd, 8639301.032, 81
Trd, 8639302.132, 105
Trd, 8639302.232, 80
Trd, 8639302.882, 80
Trd, 8639303.582, 83
Trd, 8639304.432, 80
Trd, 8639304.882, 76
Trd, 8639305.532, 90
Trd, 8639305.782, 83
Trd, 8639307.432, 77
Trd, 8639308.032, 107
Trd, 8639308.482, 106
Trd, 8639308.532, 112
Trd, 8639308.982, 96
Trd, 8639309.632, 107
Trd, 8639309.982, 75
Trd, 8639310.482, 88
Trd, 8639312.032, 66
Trd, 8639313.082, 77
Trd, 8639313.982, 86
Trd, 8639314.482, 84
Trd, 8639317.082, 74
Trd, 8639317.482, 119
Trd, 8639317.682, 118
Trd, 8639317.732, 110
Trd, 8639318.132, 64
Trd, 8639318.232, 64
Trd, 8639319.532, 60
Trd, 8639319.882, 65
Trd, 8639319.982, 121
Trd, 8639321.432, 85
Trd, 8639322.482, 78
Trd, 8639322.682, 61
Trd, 8639322.882, 89
Trd, 8639323.432, 88
Trd, 8639324.332, 89
Trd, 8639325.932, 62
Trd, 8639326.682, 70
Trd, 8639326.882, 67
Trd, 8639327.482, 62
Trd, 8639327.682, 117
Trd, 8639329.232, 86
Trd, 8639329.582, 63
Trd, 8639332.082, 95
Trd, 8639332.732, 135
Trd, 8639332.832, 123
Trd, 8639333.432, 119
Trd, 8639335.032, 117
Trd, 8639336.032, 126
Trd, 8639337.732, 140
Trd, 8639338.382, 138
Trd, 8639338.532, 133
Trd, 8639339.532, 108
Trd, 8639339.732, 129
Trd, 8639340.132, 108
Trd, 8639340.782, 122
Trd, 8639342.182, 114
Trd, 8639342.332, 137
Trd, 8639342.632, 114
Trd, 8639342.982, 113
Trd, 8639343.582, 113
Trd, 8639343.982, 106
Trd, 8639344.232, 104
Trd, 8639344.782, 74
Trd, 8639347.232, 124
Trd, 8639347.582, 110
Trd, 8639348.382, 109
Trd, 8639349.332, 104
Trd, 8639349.382, 98
Trd, 8639349.782, 96
Trd, 8639350.932, 112
Trd, 8639352.982, 71
Trd, 8639353.132, 70
Trd, 8639353.332, 66
Trd, 8639354.182, 78
Trd, 8639355.082, 69
Trd, 8639355.432, 118
Trd, 8639356.382, 108
Trd, 8639356.432, 69
Trd, 8639356.682, 95
Trd, 8639356.982, 113
Trd, 8639358.282, 102
Trd, 8639358.632, 95
Trd, 8639359.382, 92
Trd, 8639360.032, 90
Trd, 8639361.382, 89
Trd, 8639361.732, 89
Trd, 8639363.032, 87
Trd, 8639363.482, 81
Trd, 8639364.282, 115
Trd, 8639365.232, 124
Trd, 8639365.482, 101
Trd, 8639366.232, 88
Trd, 8639366.532, 88
Trd, 8639366.982, 82
Trd, 8639367.682, 140
Trd, 8639368.832, 102
Trd, 8639369.182, 130
Trd, 8639370.232, 129
Trd, 8639370.882, 126
Trd, 8639371.232, 127
Trd, 8639371.982, 125
Trd, 8639372.332, 119
Trd, 8639373.882, 61
Trd, 8639373.932, 88
Trd, 8639375.982, 64
Trd, 8639376.082, 68
Trd, 8639376.782, 91
Trd, 8639377.882, 98
Trd, 8639378.732, 79
Trd, 8639378.782, 103
Trd, 8639378.882, 76
Trd, 8639379.232, 105
Trd, 8639381.832, 82
Trd, 8639381.982, 81
Trd, 8639383.782, 137
Trd, 8639384.032, 115
Trd, 8639384.332, 114
Trd, 8639384.482, 76
Trd, 8639385.532, 91
Trd, 8639386.082, 97
Trd, 8639386.232, 90
Trd, 8639386.832, 112
Trd, 8639387.282, 101
Trd, 8639387.382, 99
Trd, 8639389.532, 119
Trd, 8639389.882, 102
Trd, 8639390.782, 82
Trd, 8639391.682, 122
Trd, 8639392.732, 95
Trd, 8639393.132, 92
Trd, 8639393.932, 86
Trd, 8639394.732, 85
Trd, 8639395.932, 88
Trd, 8639395.982, 99
Trd, 8639396.382, 83
Trd, 8639397.432, 104
Trd, 8639397.532, 134
Trd, 8639400.082, 101
Trd, 8639400.432, 140
Trd, 8639400.732, 129
Trd, 8639400.932, 124
Trd, 8639401.382, 134
Trd, 8639402.532, 115
Trd, 8639402.632, 114
Trd, 8639404.182, 134
Trd, 8639404.932, 110
Trd, 8639405.432, 119
Trd, 8639405.582, 124
Trd, 8639405.732, 116
Trd, 8639405.782, 116
Trd, 8639405.982, 91
Trd, 8639406.782, 102
Trd, 8639407.532, 106
Trd, 8639408.382, 88
Trd, 8639409.832, 140
Trd, 8639410.382, 94
Trd, 8639410.882, 102
Trd, 8639411.082, 76
Trd, 8639412.182, 66
Trd, 8639413.082, 134
Trd, 8639414.332, 70
Trd, 8639414.632, 74
Trd, 8639416.782, 109
Trd, 8639417.232, 102
Trd, 8639418.132, 106
Trd, 8639418.482, 104
Trd, 8639418.532, 103
Trd, 8639418.832, 101
Trd, 8639419.282, 113
Trd, 8639419.732, 72
Trd, 8639420.332, 139
Trd, 8639421.282, 127
Trd, 8639421.432, 119
Trd, 8639421.482, 119
Trd, 8639421.532, 117
Trd, 8639421.682, 107
Trd, 8639422.882, 102
Trd, 8639424.132, 60
Trd, 8639424.832, 73
Trd, 8639425.482, 140
Trd, 8639426.482, 119
Trd, 8639426.882, 136
Trd, 8639427.832, 60
Trd, 8639429.432, 60
Trd, 8639429.482, 61
Trd, 8639430.482, 60
Trd, 8639430.732, 76
Trd, 8639431.832, 94
Trd, 8639432.332, 99
Trd, 8639434.382, 138
Trd, 8639434.782, 102
Trd, 8639435.982, 93
Trd, 8639436.082, 90
Trd, 8639436.182, 88
Trd, 8639437.482, 60
Trd, 8639437.682, 81
Trd, 8639438.532, 88
Trd, 8639439.382, 140
Trd, 8639439.832, 137
Trd, 8639440.332, 77
Trd, 8639440.782, 63
Trd, 8639441.432, 91
Trd, 8639441.832, 88
Trd, 8639442.432, 102
Trd, 8639443.982, 100
Trd, 8639445.332, 125
Trd, 8639445.832, 138
Trd, 8639446.382, 125
Trd, 8639446.582, 124
Trd, 8639447.682, 78
Trd, 8639448.482, 137
Trd, 8639448.582, 134
Trd, 8639449.232, 133
Trd, 8639449.382, 107
Trd, 8639449.732, 74
Trd, 8639450.032, 110
Trd, 8639451.582, 88
Trd, 8639452.432, 71
Trd, 8639452.882, 91
Trd, 8639453.282, 111
Trd, 8639455.082, 118
Trd, 8639455.632, 69
Trd, 8639455.882, 123
Trd, 8639456.332, 68
Trd, 8639457.282, 101
Trd, 8639458.582, 98
Trd, 8639458.732, 98
Trd, 8639459.032, 80
Trd, 8639459.282, 77
Trd, 8639461.982, 66
Trd, 8639462.532, 91
Trd, 8639463.782, 138
Trd, 8639465.682, 64
Trd, 8639466.432, 67
Trd, 8639466.982, 64
Trd, 8639469.032, 64
Trd, 8639469.532, 85
Trd, 8639470.732, 112
Trd, 8639471.382, 115
Trd, 8639471.582, 84
Trd, 8639472.132, 101
Trd, 8639472.932, 71
Trd, 8639473.282, 96
Trd, 8639473.782, 82
Trd, 8639474.382, 77
Trd, 8639476.532, 73
Trd, 8639477.832, 71
Trd, 8639477.932, 67
Trd, 8639478.682, 65
Trd, 8639479.782, 114
Trd, 8639480.032, 97
Trd, 8639480.232, 85
Trd, 8639480.782, 139
Trd, 8639481.682, 92
Trd, 8639481.782, 71
Trd, 8639484.282, 97
Trd, 8639484.682, 120
Trd, 8639486.582, 62
Trd, 8639486.782, 62
Trd, 8639487.532, 67
Trd, 8639487.632, 68
Trd, 8639488.132, 104
Trd, 8639489.882, 119
Trd, 8639490.132, 112
Trd, 8639490.532, 111
Trd, 8639491.832, 110
Trd, 8639492.032, 105
Trd, 8639492.282, 100
Trd, 8639492.432, 114
Trd, 8639493.582, 81
Trd, 8639494.382, 67
Trd, 8639495.632, 103
Trd, 8639497.232, 86
Trd, 8639497.532, 120
Trd, 8639498.182, 98
Trd, 8639498.632, 99
Trd, 8639498.682, 103
Trd, 8639498.932, 94
Trd, 8639499.582, 139
Trd, 8639500.482, 114
Trd, 8639500.832, 107
Trd, 8639500.932, 98
Trd, 8639504.382, 62
Trd, 8639504.882, 101
Trd, 8639505.182, 63
Trd, 8639505.282, 73
Trd, 8639505.782, 140
Trd, 8639505.932, 72
Trd, 8639506.432, 140
Trd, 8639507.032, 61
Trd, 8639508.132, 118
Trd, 8639508.732, 65
Trd, 8639509.382, 115
Trd, 8639510.832, 89
Trd, 8639511.582, 82
Trd, 8639512.582, 99
Trd, 8639512.682, 93
Trd, 8639513.332, 93
Trd, 8639515.032, 108
Trd, 8639515.182, 106
Trd, 8639516.332, 117
Trd, 8639516.832, 113
Trd, 8639517.432, 108
Trd, 8639517.782, 84
Trd, 8639520.282, 76
Trd, 8639521.332, 102
Trd, 8639521.882, 116
Trd, 8639522.282, 102
Trd, 8639522.782, 121
Trd, 8639522.882, 120
Trd, 8639522.982, 119
Trd, 8639523.832, 119
Trd, 8639524.332, 117
Trd, 8639525.432, 108
Trd, 8639525.682, 105
Trd, 8639526.032, 86
Trd, 8639526.132, 123
Trd, 8639526.982, 89
Trd, 8639527.582, 75
Trd, 8639529.632, 126
Trd, 8639530.382, 80
Trd, 8639530.732, 101
Trd, 8639531.882, 78
Trd, 8639532.482, 124
Trd, 8639532.682, 77
Trd, 8639533.582, 78
Trd, 8639534.082, 119
Trd, 8639534.432, 113
Trd, 8639536.582, 98
Trd, 8639536.832, 98
Trd, 8639537.532, 91
Trd, 8639538.032, 127
Trd, 8639538.532, 91
Trd, 8639538.882, 68
Trd, 8639540.182, 71
Trd, 8639540.782, 111
Trd, 8639541.682, 128
Trd, 8639542.582, 109
Trd, 8639543.232, 104
Trd, 8639543.382, 103
Trd, 8639544.382, 140
Trd, 8639544.532, 129
Trd, 8639546.332, 129
Trd, 8639546.482, 123
Trd, 8639546.882, 122
Trd, 8639547.582, 113
Trd, 8639547.832, 112
Trd, 8639548.282, 78
Trd, 8639549.932, 70
Trd, 8639550.882, 70
Trd, 8639551.132, 77
Trd, 8639552.182, 80
Trd, 8639552.332, 72
Trd, 8639553.682, 88
Trd, 8639554.232, 70
Trd, 8639554.532, 99
Trd, 8639554.932, 76
Trd, 8639554.982, 79
Trd, 8639555.632, 69
Trd, 8639556.132, 64
Trd, 8639557.132, 115
Trd, 8639557.382, 116
Trd, 8639559.682, 105
Trd, 8639560.182, 95
Trd, 8639561.432, 83
Trd, 8639563.082, 81
Trd, 8639563.432, 89
Trd, 8639563.732, 77
Trd, 8639563.932, 76
Trd, 8639564.632, 75
Trd, 8639565.732, 76
Trd, 8639566.182, 84
Trd, 8639566.982, 77
Trd, 8639567.182, 103
Trd, 8639568.132, 61
Trd, 8639571.182, 140
Trd, 8639571.282, 125
Trd, 8639571.532, 107
Trd, 8639572.132, 101
Trd, 8639573.532, 79
Trd, 8639573.832, 76
Trd, 8639574.032, 130
Trd, 8639575.182, 78
Trd, 8639575.882, 75
Trd, 8639576.632, 90
Trd, 8639576.732, 96
Trd, 8639578.682, 140
Trd, 8639579.582, 140
Trd, 8639579.882, 138
Trd, 8639580.782, 136
Trd, 8639580.932, 129
Trd, 8639581.032, 78
Trd, 8639581.782, 119
Trd, 8639582.182, 63
Trd, 8639583.332, 118
Trd, 8639585.832, 138
Trd, 8639587.482, 134
Trd, 8639588.382, 140
Trd, 8639588.582, 134
Trd, 8639589.082, 130
Trd, 8639589.182, 123
Trd, 8639589.382, 117
Trd, 8639589.782, 119
Trd, 8639590.532, 103
Trd, 8639591.082, 108
Trd, 8639591.532, 98
Trd, 8639593.532, 125
Trd, 8639594.582, 116
Trd, 8639594.982, 132
Trd, 8639596.632, 112
Trd, 8639597.282, 96
Trd, 8639597.632, 96
Trd, 8639598.832, 130
Trd, 8639598.932, 125
Trd, 8639599.632, 138
Trd, 8639600.482, 118
Trd, 8639601.932, 116
Trd, 8639602.132, 115
Trd, 8639602.482, 107
Trd, 8639603.132, 121
Trd, 8639603.382, 108
Trd, 8639604.832, 122
Trd, 8639604.982, 85
Trd, 8639606.432, 124
Trd, 8639607.132, 118
Trd, 8639607.582, 102
Trd, 8639607.732, 94
Trd, 8639607.782, 115
Trd, 8639608.032, 91
Trd, 8639609.282, 75
Trd, 8639612.232, 82
Trd, 8639612.982, 80
Trd, 8639613.632, 89
Trd, 8639614.132, 95
Trd, 8639614.832, 84
Trd, 8639614.982, 105
Trd, 8639615.482, 79
Trd, 8639615.932, 80
Trd, 8639616.432, 78
Trd, 8639618.032, 66
Trd, 8639618.532, 71
Trd, 8639618.832, 77
Trd, 8639619.232, 60
Trd, 8639621.182, 97
Trd, 8639621.282, 71
Trd, 8639621.932, 77
Trd, 8639622.282, 104
Trd, 8639623.532, 103
Trd, 8639623.882, 121
Trd, 8639624.932, 121
Trd, 8639625.082, 139
Trd, 8639625.332, 120
Trd, 8639626.332, 137
Trd, 8639626.682, 129
Trd, 8639627.182, 105
Trd, 8639629.282, 111
Trd, 8639631.232, 114
Trd, 8639631.582, 104
Trd, 8639631.882, 102
Trd, 8639632.432, 109
Trd, 8639632.582, 102
Trd, 8639632.682, 95
Trd, 8639634.082, 106
Trd, 8639634.132, 87
Trd, 8639635.482, 61
Trd, 8639636.182, 139
Trd, 8639636.382, 138
Trd, 8639637.532, 101
Trd, 8639638.282, 64
Trd, 8639638.482, 94
Trd, 8639640.232, 60
Trd, 8639640.932, 63
Trd, 8639641.382, 85
Trd, 8639641.582, 87
Trd, 8639643.132, 82
Trd, 8639643.232, 80
Trd, 8639646.282, 79
Trd, 8639646.332, 119
Trd, 8639646.682, 72
Trd, 8639647.682, 114
Trd, 8639647.732, 69
Trd, 8639648.532, 69
Trd, 8639648.582, 95
Trd, 8639649.032, 68
Trd, 8639649.732, 85
Trd, 8639651.182, 104
Trd, 8639651.282, 133
Trd, 8639651.632, 122
Trd, 8639652.332, 140
Trd, 8639652.782, 106
Trd, 8639653.232, 105
Trd, 8639653.282, 104
Trd, 8639654.332, 65
Trd, 8639655.532, 63
Trd, 8639657.082, 68
Trd, 8639658.082, 98
Trd, 8639658.282, 97
Trd, 8639658.582, 91
Trd, 8639658.932, 75
Trd, 8639659.182, 91
Trd, 8639659.632, 68
Trd, 8639660.482, 63
Trd, 8639661.332, 86
Trd, 8639662.632, 65
Trd, 8639664.582, 60
Trd, 8639665.282, 77
Trd, 8639666.532, 96
Trd, 8639667.182, 103
Trd, 8639667.382, 106
Trd, 8639668.282, 106
Trd, 8639668.682, 102
Trd, 8639668.732, 100
Trd, 8639669.432, 65
Trd, 8639669.932, 69
Trd, 8639670.632, 77
Trd, 8639671.482, 100
Trd, 8639672.082, 112
Trd, 8639673.132, 76
Trd, 8639674.232, 97
Trd, 8639675.332, 97
Trd, 8639675.632, 79
Trd, 8639675.782, 105
Trd, 8639676.032, 98
Trd, 8639676.432, 106
Trd, 8639678.332, 100
Trd, 8639678.482, 77
Trd, 8639679.432, 74
Trd, 8639679.832, 76
Trd, 8639680.632, 89
Trd, 8639681.282, 64
Trd, 8639682.932, 68
Trd, 8639683.532, 79
Trd, 8639684.632, 76
Trd, 8639684.832, 120
Trd, 8639685.382, 119
Trd, 8639686.432, 138
Trd, 8639686.732, 137
Trd, 8639687.282, 133
Trd, 8639688.332, 104
Trd, 8639688.982, 102
Trd, 8639689.882, 103
Trd, 8639690.832, 76
Trd, 8639690.982, 96
Trd, 8639691.032, 134
Trd, 8639691.432, 84
Trd, 8639691.782, 99
Trd, 8639694.232, 80
Trd, 8639694.882, 113
Trd, 8639695.182, 108
Trd, 8639695.282, 99
Trd, 8639696.382, 79
Trd, 8639698.032, 62
Trd, 8639698.682, 64
Trd, 8639699.532, 86
Trd, 8639701.182, 65
Trd, 8639702.032, 72
Trd, 8639702.282, 68
Trd, 8639703.232, 140
Trd, 8639703.282, 138
Trd, 8639703.682, 77
Trd, 8639703.932, 68
Trd, 8639705.982, 139
Trd, 8639706.482, 78
Trd, 8639707.732, 87
Trd, 8639708.082, 91
Trd, 8639708.382, 64
Trd, 8639709.682, 84
Trd, 8639710.482, 68
Trd, 8639710.782, 107
Trd, 8639711.282, 68
Trd, 8639711.982, 89
Trd, 8639712.032, 101
Trd, 8639712.582, 88
Trd, 8639713.482, 84
Trd, 8639714.782, 125
Trd, 8639714.832, 120
Trd, 8639716.332, 93
Trd, 8639716.582, 113
Trd, 8639717.332, 92
Trd, 8639718.082, 115
Trd, 8639719.332, 87
Trd, 8639720.932, 100
Trd, 8639721.232, 95
Trd, 8639721.682, 132
Trd, 8639722.332, 100
Trd, 8639722.432, 94
Trd, 8639723.182, 94
Trd, 8639723.682, 131
Trd, 8639724.132, 140
Trd, 8639724.182, 130
Trd, 8639725.432, 93
Trd, 8639725.932, 93
Trd, 8639726.232, 65
Trd, 8639727.832, 67
Trd, 8639728.932, 97
Trd, 8639730.432, 107
Trd, 8639730.732, 104
Trd, 8639731.582, 140
Trd, 8639731.832, 138
Trd, 8639732.832, 116
Trd, 8639732.932, 101
Trd, 8639733.532, 102
Trd, 8639734.132, 106
Trd, 8639734.732, 136
Trd, 8639734.932, 131
Trd, 8639735.282, 63
Trd, 8639738.982, 113
Trd, 8639739.082, 112
Trd, 8639739.132, 101
Trd, 8639739.982, 99
Trd, 8639740.632, 111
Trd, 8639742.482, 122
Trd, 8639742.832, 89
Trd, 8639742.932, 137
Trd, 8639743.482, 81
Trd, 8639744.632, 82
Trd, 8639745.132, 81
Trd, 8639745.182, 78
Trd, 8639745.632, 75
Trd, 8639745.832, 99
Trd, 8639746.932, 74
Trd, 8639747.632, 139
Trd, 8639748.932, 101
Trd, 8639748.982, 83
Trd, 8639749.282, 82
Trd, 8639750.282, 69
Trd, 8639750.682, 130
Trd, 8639750.782, 125
Trd, 8639752.832, 95
Trd, 8639753.532, 84
Trd, 8639753.632, 77
Trd, 8639754.232, 78
Trd, 8639754.982, 70
Trd, 8639755.382, 85
Trd, 8639756.132, 61
Trd, 8639756.582, 68
Trd, 8639759.032, 140
Trd, 8639760.382, 136
Trd, 8639760.482, 135
Trd, 8639760.532, 134
Trd, 8639761.382, 68
Trd, 8639761.582, 70
Trd, 8639761.832, 66
Trd, 8639762.432, 69
Trd, 8639763.182, 65
Trd, 8639764.332, 61
Trd, 8639766.332, 75
Trd, 8639766.532, 87
Trd, 8639767.682, 69
Trd, 8639767.832, 64
Trd, 8639768.082, 94
Trd, 8639768.232, 73
Trd, 8639769.032, 71
Trd, 8639771.082, 61
Trd, 8639771.582, 89
Trd, 8639771.982, 112
Trd, 8639772.482, 71
Trd, 8639772.882, 140
Trd, 8639774.482, 139
Trd, 8639774.532, 138
Trd, 8639775.182, 114
Trd, 8639775.832, 113
Trd, 8639776.782, 74
Trd, 8639777.582, 86
Trd, 8639778.732, 122
Trd, 8639779.432, 122
Trd, 8639779.632, 121
Trd, 8639779.682, 121
Trd, 8639780.982, 102
Trd, 8639781.182, 68
Trd, 8639782.082, 100
Trd, 8639783.332, 128
Trd, 8639784.082, 79
Trd, 8639784.582, 80
Trd, 8639785.432, 80
Trd, 8639786.332, 89
Trd, 8639787.032, 67
Trd, 8639787.082, 70
Trd, 8639787.582, 99
Trd, 8639788.482, 62
Trd, 8639790.682, 98
Trd, 8639790.732, 95
Trd, 8639791.132, 97
Trd, 8639791.332, 138
Trd, 8639791.432, 97
Trd, 8639792.832, 65
Trd, 8639794.232, 105
Trd, 8639794.732, 119
Trd, 8639795.282, 115
Trd, 8639795.582, 122
Trd, 8639795.932, 106
Trd, 8639796.982, 129
Trd, 8639798.282, 118
Trd, 8639798.482, 119
Trd, 8639799.082, 103
Trd, 8639799.832, 140
Trd, 8639800.232, 134
Trd, 8639801.632, 126
Trd, 8639802.082, 125
Trd, 8639802.282, 112
Trd, 8639803.432, 69
Trd, 8639803.732, 123
Trd, 8639805.082, 109
Trd, 8639805.732, 135
Trd, 8639806.032, 130
Trd, 8639806.682, 122
Trd, 8639806.982, 91
Trd, 8639807.782, 138
Trd, 8639807.882, 89
Trd, 8639808.232, 105
Trd, 8639809.632, 75
Trd, 8639810.332, 139
Trd, 8639811.032, 138
Trd, 8639811.432, 137
Trd, 8639811.632, 134
Trd, 8639812.732, 79
Trd, 8639813.682, 72
Trd, 8639814.432, 88
Trd, 8639814.832, 88
Trd, 8639815.932, 91
Trd, 8639816.332, 95
Trd, 8639817.932, 114
Trd, 8639818.332, 111
Trd, 8639818.832, 75
Trd, 8639819.482, 76
Trd, 8639820.882, 76
Trd, 8639821.082, 118
Trd, 8639821.882, 88
Trd, 8639821.932, 76
Trd, 8639822.482, 74
Trd, 8639823.532, 72
Trd, 8639824.732, 86
Trd, 8639825.082, 82
Trd, 8639826.782, 89
Trd, 8639827.982, 96
Trd, 8639828.032, 96
Trd, 8639828.332, 89
Trd, 8639828.432, 117
Trd, 8639828.682, 95
Trd, 8639829.232, 71
Trd, 8639829.582, 86
Trd, 8639830.232, 116
Trd, 8639830.832, 140
Trd, 8639831.032, 94
Trd, 8639834.532, 64
Trd, 8639835.382, 61
Trd, 8639835.482, 64
Trd, 8639836.632, 60
Trd, 8639836.982, 64
Trd, 8639837.532, 79
Trd, 8639837.932, 107
Trd, 8639838.532, 68
Trd, 8639839.382, 62
Trd, 8639839.782, 133
Trd, 8639840.982, 71
Trd, 8639841.132, 90
Trd, 8639841.432, 112
Trd, 8639842.682, 104
Trd, 8639842.782, 103
Trd, 8639843.532, 102
Trd, 8639844.032, 97
Trd, 8639844.582, 88
Trd, 8639844.682, 97
Trd, 8639847.082, 139
Trd, 8639847.482, 136
Trd, 8639847.532, 129
Trd, 8639847.932, 116
Trd, 8639848.432, 107
Trd, 8639849.082, 110
Trd, 8639850.332, 70
Trd, 8639850.782, 114
Trd, 8639852.182, 106
Trd, 8639852.632, 113
Trd, 8639853.182, 107
Trd, 8639853.432, 105
Trd, 8639853.532, 99
Trd, 8639855.282, 86
Trd, 8639855.382, 118
Trd, 8639855.482, 121
Trd, 8639856.232, 121
Trd, 8639856.782, 117
Trd, 8639857.432, 100
Trd, 8639857.832, 91
Trd, 8639858.382, 90
Trd, 8639859.182, 90
Trd, 8639860.032, 131
Trd, 8639860.282, 97
Trd, 8639860.582, 94
Trd, 8639861.382, 66
Trd, 8639861.482, 86
Trd, 8639862.032, 128
Trd, 8639863.932, 108
Trd, 8639864.182, 109
Trd, 8639864.282, 99
Trd, 8639865.282, 129
Trd, 8639866.432, 140
Trd, 8639866.582, 134
Trd, 8639867.082, 93
Trd, 8639867.832, 109
Trd, 8639868.632, 75
Trd, 8639870.532, 69
Trd, 8639871.132, 108
Trd, 8639871.332, 121
Trd, 8639871.982, 130
Trd, 8639872.932, 76
Trd, 8639873.432, 75
Trd, 8639874.782, 137
Trd, 8639875.232, 124
Trd, 8639875.632, 117
Trd, 8639875.982, 118
Trd, 8639876.682, 116
Trd, 8639877.782, 110
Trd, 8639878.032, 65
Trd, 8639878.882, 124
Trd, 8639881.032, 71
Trd, 8639881.132, 62
Trd, 8639881.982, 85
Trd, 8639882.532, 88
Trd, 8639884.132, 79
Trd, 8639884.182, 81
Trd, 8639885.882, 93
Trd, 8639886.982, 89
Trd, 8639887.082, 105
Trd, 8639887.232, 89
Trd, 8639887.982, 64
Trd, 8639888.682, 115
Trd, 8639889.932, 139
Trd, 8639890.332, 134
Trd, 8639890.532, 92
Trd, 8639891.232, 122
Trd, 8639891.282, 87
Trd, 8639892.932, 124
Trd, 8639893.782, 138
Trd, 8639894.232, 114
Trd, 8639894.282, 112
Trd, 8639895.782, 108
Trd, 8639896.482, 108
Trd, 8639896.632, 103
Trd, 8639897.032, 103
Trd, 8639897.782, 117
Trd, 8639898.232, 109
Trd, 8639898.382, 93
Trd, 8639899.182, 123
Trd, 8639900.182, 63
Trd, 8639900.482, 103
Trd, 8639901.782, 68
Trd, 8639903.432, 67
Trd, 8639904.482, 70
Trd, 8639905.282, 123
Trd, 8639905.582, 134
Trd, 8639905.682, 114
Trd, 8639905.782, 106
Trd, 8639906.182, 94
Trd, 8639907.082, 130
Trd, 8639908.382, 75
Trd, 8639908.532, 89
Trd, 8639909.732, 97
Trd, 8639910.082, 97
Trd, 8639910.232, 94
Trd, 8639910.482, 92
Trd, 8639911.332, 139
Trd, 8639912.532, 139
Trd, 8639912.582, 118
Trd, 8639913.432, 100
Trd, 8639914.782, 118
Trd, 8639914.882, 110
Trd, 8639915.582, 92
Trd, 8639915.782, 84
Trd, 8639917.082, 111
Trd, 8639917.132, 124
Trd, 8639917.882, 68
Trd, 8639918.882, 72
Trd, 8639920.082, 109
Trd, 8639920.382, 67
Trd, 8639921.032, 92
Trd, 8639922.382, 131
Trd, 8639922.782, 88
Trd, 8639924.332, 79
Trd, 8639924.982, 71
Trd, 8639926.032, 84
Trd, 8639926.282, 87
Trd, 8639927.632, 94
Trd, 8639927.682, 100
Trd, 8639928.682, 80
Trd, 8639928.782, 78
Trd, 8639929.182, 77
Trd, 8639930.982, 63
Trd, 8639931.382, 75
Trd, 8639932.282, 61
Trd, 8639933.482, 78
Trd, 8639933.982, 128
Trd, 8639934.532, 80
Trd, 8639934.582, 79
Trd, 8639935.832, 60
Trd, 8639936.232, 74
Trd, 8639937.032, 126
Trd, 8639937.432, 115
Trd, 8639938.232, 113
Trd, 8639938.682, 118
Trd, 8639939.132, 139
Trd, 8639940.082, 102
Trd, 8639940.682, 95
Trd, 8639941.032, 95
Trd, 8639942.332, 88
Trd, 8639943.382, 99
Trd, 8639944.232, 104
Trd, 8639945.032, 98
Trd, 8639945.132, 96
Trd, 8639945.432, 95
Trd, 8639945.582, 95
Trd, 8639947.532, 139
Trd, 8639948.282, 139
Trd, 8639948.782, 120
Trd, 8639949.232, 86
Trd, 8639949.582, 85
Trd, 8639951.482, 113
Trd, 8639951.682, 94
Trd, 8639951.932, 122
Trd, 8639952.332, 82
Trd, 8639952.482, 118
Trd, 8639953.932, 125
Trd, 8639954.832, 115
Trd, 8639955.382, 109
Trd, 8639955.682, 108
Trd, 8639957.282, 98
Trd, 8639957.382, 105
Trd, 8639958.282, 92
Trd, 8639958.532, 91
Trd, 8639958.732, 88
Trd, 8639959.332, 83
Trd, 8639960.582, 134
Trd, 8639960.782, 115
Trd, 8639961.632, 119
Trd, 8639961.732, 118
Trd, 8639962.332, 134
Trd, 8639962.432, 111
Trd, 8639963.382, 75
Trd, 8639964.282, 69
Trd, 8639964.732, 134
Trd, 8639964.782, 69
Trd, 8639965.332, 125
Trd, 8639966.132, 124
Trd, 8639966.632, 116
Trd, 8639967.332, 116
Trd, 8639967.732, 103
Trd, 8639968.082, 107
Trd, 8639968.132, 103
Trd, 8639969.832, 139
Trd, 8639970.182, 105
Trd, 8639970.232, 104
Trd, 8639970.882, 106
Trd, 8639972.932, 123
Trd, 8639975.032, 113
Trd, 8639975.232, 112
Trd, 8639975.782, 108
Trd, 8639975.832, 119
Trd, 8639976.282, 95
Trd, 8639976.582, 140
Trd, 8639977.232, 84
Trd, 8639977.482, 107
Trd, 8639978.882, 63
Trd, 8639979.532, 65
Trd, 8639979.832, 104
Trd, 8639981.732, 140
Trd, 8639982.082, 127
Trd, 8639982.232, 126
Trd, 8639982.432, 125
Trd, 8639983.132, 136
Trd, 8639983.282, 126
Trd, 8639984.182, 63
Trd, 8639985.232, 112
Trd, 8639986.432, 74
Trd, 8639987.282, 66
Trd, 8639988.182, 62
Trd, 8639988.432, 87
Trd, 8639989.482, 85
Trd, 8639989.832, 86
Trd, 8639989.932, 87
Trd, 8639990.182, 123
Trd, 8639990.382, 87
Trd, 8639990.782, 86
Trd, 8639991.232, 75
Trd, 8639991.582, 72
Trd, 8639992.832, 80
Trd, 8639994.032, 123
Trd, 8639995.382, 140
Trd, 8639995.782, 140
Trd, 8639996.732, 134
Trd, 8639997.082, 119
Trd, 8639997.532, 106
Trd, 8639999.482, 137
