Trd, 8638057.182, 98
Trd, 8638058.832, 104
Trd, 8638059.582, 99
Trd, 8638060.482, 78
Trd, 8638060.982, 80
Trd, 8638061.482, 114
Trd, 8638062.032, 112
Trd, 8638062.382, 98
Trd, 8638064.032, 123
Trd, 8638065.532, 118
Trd, 8638067.282, 125
Trd, 8638067.532, 116
Trd, 8638068.532, 92
Trd, 8638069.082, 113
Trd, 8638070.032, 105
Trd, 8638070.432, 132
Trd, 8638070.482, 110
Trd, 8638072.632, 128
Trd, 8638072.982, 105
Trd, 8638073.182, 101
Trd, 8638074.182, 75
Trd, 8638074.732, 88
Trd, 8638076.582, 136
Trd, 8638077.032, 74
Trd, 8638078.432, 117
Trd, 8638080.232, 132
Trd, 8638080.532, 119
Trd, 8638080.682, 91
Trd, 8638081.932, 103
Trd, 8638082.482, 137
Trd, 8638082.982, 103
Trd, 8638083.232, 105
Trd, 8638084.532, 120
Trd, 8638085.482, 134
Trd, 8638086.132, 132
Trd, 8638086.382, 117
Trd, 8638086.632, 81
Trd, 8638087.832, 85
Trd, 8638088.832, 93
Trd, 8638089.432, 122
Trd, 8638090.982, 139
Trd, 8638091.082, 118
Trd, 8638091.232, 138
Trd, 8638091.532, 117
Trd, 8638092.532, 113
Trd, 8638092.882, 106
Trd, 8638094.382, 122
Trd, 8638095.282, 111
Trd, 8638095.482, 130
Trd, 8638096.082, 118
Trd, 8638096.382, 127
Trd, 8638097.032, 137
Trd, 8638098.632, 120
Trd, 8638100.532, 137
Trd, 8638100.832, 137
Trd, 8638101.332, 107
Trd, 8638102.682, 74
Trd, 8638102.932, 91
Trd, 8638104.082, 124
Trd, 8638105.032, 94
Trd, 8638105.132, 114
Trd, 8638106.482, 130
Trd, 8638106.782, 104
Trd, 8638107.932, 118
Trd, 8638109.632, 116
Trd, 8638110.332, 132
Trd, 8638111.832, 115
Trd, 8638113.032, 118
Trd, 8638115.082, 136
Trd, 8638116.032, 139
Trd, 8638116.582, 119
Trd, 8638118.182, 128
Trd, 8638120.432, 126
Trd, 8638120.782, 121
Trd, 8638122.082, 128
Trd, 8638123.032, 124
Trd, 8638123.232, 113
Trd, 8638123.482, 117
Trd, 8638124.232, 109
Trd, 8638125.032, 134
Trd, 8638126.082, 90
Trd, 8638126.882, 80
Trd, 8638127.532, 79
Trd, 8638127.732, 82
Trd, 8638129.582, 127
Trd, 8638131.082, 135
Trd, 8638132.232, 124
Trd, 8638133.382, 109
Trd, 8638133.432, 94
Trd, 8638135.032, 103
Trd, 8638137.432, 139
Trd, 8638137.732, 136
Trd, 8638137.932, 108
Trd, 8638138.932, 122
Trd, 8638139.282, 128
Trd, 8638139.632, 119
Trd, 8638139.882, 127
Trd, 8638140.432, 83
Trd, 8638141.382, 95
Trd, 8638144.382, 123
Trd, 8638145.082, 125
Trd, 8638145.732, 111
Trd, 8638146.182, 85
Trd, 8638146.232, 97
Trd, 8638146.882, 121
Trd, 8638147.432, 116
Trd, 8638149.732, 138
Trd, 8638151.582, 92
Trd, 8638152.132, 139
Trd, 8638152.532, 92
Trd, 8638152.782, 90
Trd, 8638153.232, 84
Trd, 8638153.882, 102
Trd, 8638154.682, 135
Trd, 8638155.182, 138
Trd, 8638156.132, 87
Trd, 8638157.482, 119
Trd, 8638158.632, 131
Trd, 8638158.782, 119
Trd, 8638159.332, 117
Trd, 8638161.432, 105
Trd, 8638162.132, 140
Trd, 8638162.382, 130
Trd, 8638163.032, 112
Trd, 8638164.582, 128
Trd, 8638166.482, 133
Trd, 8638166.882, 129
Trd, 8638168.032, 120
Trd, 8638168.182, 117
Trd, 8638170.132, 129
Trd, 8638170.782, 137
Trd, 8638170.882, 133
Trd, 8638170.932, 112
Trd, 8638172.632, 110
Trd, 8638173.882, 117
Trd, 8638175.382, 126
Trd, 8638175.632, 116
Trd, 8638176.532, 129
Trd, 8638176.982, 83
Trd, 8638177.132, 130
Trd, 8638178.882, 140
Trd, 8638179.982, 127
Trd, 8638180.232, 126
Trd, 8638180.882, 140
Trd, 8638181.532, 104
Trd, 8638183.182, 105
Trd, 8638183.632, 116
Trd, 8638183.732, 89
Trd, 8638185.882, 116
Trd, 8638186.782, 101
Trd, 8638186.832, 125
Trd, 8638188.332, 113
Trd, 8638188.382, 106
Trd, 8638190.332, 111
Trd, 8638191.032, 126
Trd, 8638191.482, 82
Trd, 8638192.132, 82
Trd, 8638192.432, 78
Trd, 8638193.082, 137
Trd, 8638194.032, 73
Trd, 8638194.282, 70
Trd, 8638194.882, 99
Trd, 8638195.182, 96
Trd, 8638195.482, 60
Trd, 8638195.832, 114
Trd, 8638199.132, 131
Trd, 8638199.282, 119
Trd, 8638201.732, 119
Trd, 8638202.182, 124
Trd, 8638202.932, 138
Trd, 8638203.032, 121
Trd, 8638204.732, 99
Trd, 8638204.882, 81
Trd, 8638206.232, 120
Trd, 8638207.132, 118
Trd, 8638207.732, 116
Trd, 8638208.782, 117
Trd, 8638208.832, 93
Trd, 8638209.882, 140
Trd, 8638210.082, 132
Trd, 8638211.282, 102
Trd, 8638213.082, 124
Trd, 8638213.132, 115
Trd, 8638213.532, 123
Trd, 8638213.632, 92
Trd, 8638214.582, 125
Trd, 8638215.082, 118
Trd, 8638215.182, 112
Trd, 8638215.532, 134
Trd, 8638215.682, 106
Trd, 8638217.632, 90
Trd, 8638218.232, 130
Trd, 8638220.082, 105
Trd, 8638221.032, 136
Trd, 8638221.732, 133
Trd, 8638222.782, 111
Trd, 8638223.682, 89
Trd, 8638224.382, 117
Trd, 8638224.582, 138
Trd, 8638225.232, 106
Trd, 8638226.032, 106
Trd, 8638226.782, 118
Trd, 8638227.032, 126
Trd, 8638228.632, 112
Trd, 8638229.382, 118
Trd, 8638230.032, 116
Trd, 8638231.332, 104
Trd, 8638231.832, 93
Trd, 8638232.132, 76
Trd, 8638233.632, 124
Trd, 8638234.682, 120
Trd, 8638235.232, 78
Trd, 8638237.282, 61
Trd, 8638237.332, 62
Trd, 8638238.282, 65
Trd, 8638238.832, 65
Trd, 8638239.282, 98
Trd, 8638241.182, 118
Trd, 8638241.382, 119
Trd, 8638241.782, 108
Trd, 8638242.682, 132
Trd, 8638243.132, 126
Trd, 8638244.032, 114
Trd, 8638244.082, 100
Trd, 8638245.982, 140
Trd, 8638246.932, 128
Trd, 8638249.082, 120
Trd, 8638249.382, 102
Trd, 8638249.832, 93
Trd, 8638251.232, 115
Trd, 8638251.682, 116
Trd, 8638252.182, 108
Trd, 8638252.332, 104
Trd, 8638253.782, 140
Trd, 8638256.732, 118
Trd, 8638258.082, 131
Trd, 8638258.882, 131
Trd, 8638259.482, 120
Trd, 8638259.682, 103
Trd, 8638261.032, 122
Trd, 8638261.132, 104
Trd, 8638262.282, 109
Trd, 8638262.632, 128
Trd, 8638263.482, 129
Trd, 8638264.182, 114
Trd, 8638265.532, 102
Trd, 8638266.232, 134
Trd, 8638267.982, 120
Trd, 8638268.032, 113
Trd, 8638269.632, 124
Trd, 8638270.132, 123
Trd, 8638271.032, 139
Trd, 8638271.432, 119
Trd, 8638271.882, 136
Trd, 8638272.432, 130
Trd, 8638272.932, 116
Trd, 8638274.632, 88
Trd, 8638275.732, 140
Trd, 8638275.932, 126
Trd, 8638277.582, 133
Trd, 8638277.782, 137
Trd, 8638278.282, 121
Trd, 8638278.632, 103
Trd, 8638278.932, 100
Trd, 8638280.182, 113
Trd, 8638282.782, 122
Trd, 8638283.832, 89
Trd, 8638284.832, 133
Trd, 8638284.882, 106
Trd, 8638286.032, 66
Trd, 8638286.832, 93
Trd, 8638287.682, 89
Trd, 8638288.732, 133
Trd, 8638289.132, 137
Trd, 8638289.532, 127
Trd, 8638289.932, 110
Trd, 8638290.432, 128
Trd, 8638290.582, 107
Trd, 8638291.282, 135
Trd, 8638291.932, 109
Trd, 8638292.182, 121
Trd, 8638292.932, 136
Trd, 8638293.282, 129
Trd, 8638295.432, 122
Trd, 8638297.432, 89
Trd, 8638298.232, 108
Trd, 8638299.382, 139
Trd, 8638299.832, 137
Trd, 8638299.932, 118
Trd, 8638300.732, 129
Trd, 8638302.482, 123
Trd, 8638302.982, 113
Trd, 8638303.932, 122
Trd, 8638305.482, 117
Trd, 8638307.182, 122
Trd, 8638307.232, 113
Trd, 8638308.032, 107
Trd, 8638308.682, 113
Trd, 8638309.532, 139
Trd, 8638310.232, 110
Trd, 8638311.032, 113
Trd, 8638312.382, 134
Trd, 8638312.832, 132
Trd, 8638313.682, 115
Trd, 8638313.732, 95
Trd, 8638314.632, 119
Trd, 8638316.482, 135
Trd, 8638317.032, 131
Trd, 8638317.532, 79
Trd, 8638318.732, 107
Trd, 8638319.332, 124
Trd, 8638319.932, 111
Trd, 8638320.232, 106
Trd, 8638320.632, 88
Trd, 8638321.432, 60
Trd, 8638322.682, 105
Trd, 8638323.682, 116
Trd, 8638323.982, 96
Trd, 8638326.082, 137
Trd, 8638326.332, 124
Trd, 8638326.832, 128
Trd, 8638328.982, 131
Trd, 8638329.432, 127
Trd, 8638330.332, 126
Trd, 8638331.332, 123
Trd, 8638332.132, 117
Trd, 8638332.482, 83
Trd, 8638333.332, 126
Trd, 8638335.032, 137
Trd, 8638335.132, 114
Trd, 8638335.482, 101
Trd, 8638335.632, 99
Trd, 8638336.932, 126
Trd, 8638337.532, 118
Trd, 8638337.832, 118
Trd, 8638338.982, 136
Trd, 8638339.982, 83
Trd, 8638340.182, 109
Trd, 8638341.132, 79
Trd, 8638343.132, 130
Trd, 8638343.382, 112
Trd, 8638343.932, 140
Trd, 8638344.432, 109
Trd, 8638344.482, 92
Trd, 8638345.532, 89
Trd, 8638346.282, 130
Trd, 8638346.632, 118
Trd, 8638348.082, 104
Trd, 8638349.282, 133
Trd, 8638350.082, 120
Trd, 8638350.382, 109
Trd, 8638350.632, 107
Trd, 8638352.832, 104
Trd, 8638353.082, 98
Trd, 8638354.482, 93
Trd, 8638355.632, 112
Trd, 8638355.882, 89
Trd, 8638356.332, 89
Trd, 8638356.682, 79
Trd, 8638356.882, 127
Trd, 8638357.782, 130
Trd, 8638358.232, 125
Trd, 8638359.782, 110
Trd, 8638360.032, 106
Trd, 8638361.132, 139
Trd, 8638362.582, 119
Trd, 8638363.382, 93
Trd, 8638363.832, 116
Trd, 8638364.832, 133
Trd, 8638364.882, 88
Trd, 8638366.132, 86
Trd, 8638366.232, 104
Trd, 8638366.732, 97
Trd, 8638367.082, 107
Trd, 8638370.232, 100
Trd, 8638371.532, 140
Trd, 8638371.632, 103
Trd, 8638372.082, 85
Trd, 8638372.382, 127
Trd, 8638374.132, 118
Trd, 8638374.282, 107
Trd, 8638374.782, 130
Trd, 8638378.582, 121
Trd, 8638378.632, 115
Trd, 8638378.932, 129
Trd, 8638380.232, 88
Trd, 8638381.882, 138
Trd, 8638382.232, 120
Trd, 8638382.682, 117
Trd, 8638383.132, 100
Trd, 8638383.832, 99
Trd, 8638384.832, 73
Trd, 8638386.732, 126
Trd, 8638388.132, 129
Trd, 8638388.482, 129
Trd, 8638389.182, 94
Trd, 8638390.232, 125
Trd, 8638391.382, 111
Trd, 8638391.882, 102
Trd, 8638393.182, 124
Trd, 8638393.482, 85
Trd, 8638395.082, 137
Trd, 8638395.782, 127
Trd, 8638396.782, 121
Trd, 8638397.032, 101
Trd, 8638397.532, 99
Trd, 8638397.732, 97
Trd, 8638398.982, 135
Trd, 8638399.432, 91
Trd, 8638402.332, 132
Trd, 8638403.132, 110
Trd, 8638403.682, 65
Trd, 8638405.532, 138
Trd, 8638405.832, 129
Trd, 8638406.232, 134
Trd, 8638407.832, 124
Trd, 8638408.532, 139
Trd, 8638409.232, 135
Trd, 8638411.182, 128
Trd, 8638411.932, 131
Trd, 8638412.782, 139
Trd, 8638412.932, 137
Trd, 8638414.482, 111
Trd, 8638415.482, 122
Trd, 8638415.982, 135
Trd, 8638416.682, 99
Trd, 8638417.182, 139
Trd, 8638419.132, 133
Trd, 8638419.632, 94
Trd, 8638420.482, 71
Trd, 8638420.732, 88
Trd, 8638421.082, 81
Trd, 8638421.182, 85
Trd, 8638421.582, 75
Trd, 8638423.032, 97
Trd, 8638423.632, 87
Trd, 8638425.932, 137
Trd, 8638428.232, 124
Trd, 8638429.282, 134
Trd, 8638429.632, 129
Trd, 8638431.132, 140
Trd, 8638431.882, 140
Trd, 8638432.632, 119
Trd, 8638433.632, 136
Trd, 8638433.832, 119
Trd, 8638434.432, 131
Trd, 8638435.232, 136
Trd, 8638435.732, 133
Trd, 8638437.532, 135
Trd, 8638438.182, 103
Trd, 8638438.232, 94
Trd, 8638439.182, 113
Trd, 8638439.382, 67
Trd, 8638440.182, 96
Trd, 8638440.832, 90
Trd, 8638441.632, 101
Trd, 8638441.832, 121
Trd, 8638442.982, 98
Trd, 8638444.082, 98
Trd, 8638446.682, 140
Trd, 8638447.082, 135
Trd, 8638448.032, 125
Trd, 8638448.932, 127
Trd, 8638449.182, 109
Trd, 8638449.682, 110
Trd, 8638450.632, 135
Trd, 8638450.782, 134
Trd, 8638452.632, 125
Trd, 8638453.482, 127
Trd, 8638453.782, 114
Trd, 8638454.282, 125
Trd, 8638455.232, 100
Trd, 8638456.182, 126
Trd, 8638457.032, 115
Trd, 8638460.132, 136
Trd, 8638460.982, 129
Trd, 8638461.182, 116
Trd, 8638461.282, 101
Trd, 8638462.632, 126
Trd, 8638462.932, 118
Trd, 8638463.182, 127
Trd, 8638464.132, 122
Trd, 8638464.382, 113
Trd, 8638466.582, 115
Trd, 8638467.382, 116
Trd, 8638468.332, 132
Trd, 8638468.632, 97
Trd, 8638469.132, 85
Trd, 8638469.232, 85
Trd, 8638469.282, 69
Trd, 8638471.682, 111
Trd, 8638474.282, 130
Trd, 8638474.582, 138
Trd, 8638475.482, 131
Trd, 8638475.732, 110
Trd, 8638477.032, 102
Trd, 8638477.432, 106
Trd, 8638479.032, 122
Trd, 8638479.532, 113
Trd, 8638480.532, 117
Trd, 8638481.032, 132
Trd, 8638481.932, 139
Trd, 8638482.582, 120
Trd, 8638483.432, 139
Trd, 8638484.782, 119
Trd, 8638484.882, 113
Trd, 8638485.032, 103
Trd, 8638485.932, 108
Trd, 8638486.632, 115
Trd, 8638486.732, 104
Trd, 8638487.282, 90
Trd, 8638488.782, 140
Trd, 8638490.682, 136
Trd, 8638491.382, 111
Trd, 8638492.182, 121
Trd, 8638494.032, 119
Trd, 8638494.982, 132
Trd, 8638495.732, 98
Trd, 8638496.532, 93
Trd, 8638496.982, 98
Trd, 8638497.732, 107
Trd, 8638498.282, 107
Trd, 8638498.632, 90
Trd, 8638498.932, 97
Trd, 8638499.732, 127
Trd, 8638499.882, 112
Trd, 8638500.032, 96
Trd, 8638500.632, 123
Trd, 8638501.282, 129
Trd, 8638502.032, 106
Trd, 8638503.682, 109
Trd, 8638506.032, 120
Trd, 8638506.732, 117
Trd, 8638506.832, 111
Trd, 8638507.582, 97
Trd, 8638507.882, 89
Trd, 8638508.082, 83
Trd, 8638508.782, 126
Trd, 8638509.982, 134
Trd, 8638510.632, 131
Trd, 8638513.082, 135
Trd, 8638514.432, 133
Trd, 8638514.682, 129
Trd, 8638514.782, 114
Trd, 8638515.182, 140
Trd, 8638515.482, 110
Trd, 8638516.232, 136
Trd, 8638517.282, 88
Trd, 8638518.782, 88
Trd, 8638519.532, 94
Trd, 8638519.632, 113
Trd, 8638519.982, 83
Trd, 8638521.682, 115
Trd, 8638522.832, 104
Trd, 8638523.632, 127
Trd, 8638524.332, 86
Trd, 8638525.782, 134
Trd, 8638526.032, 124
Trd, 8638526.282, 119
Trd, 8638527.482, 106
Trd, 8638527.882, 135
Trd, 8638529.032, 133
Trd, 8638532.282, 132
Trd, 8638532.982, 124
Trd, 8638533.532, 109
Trd, 8638534.782, 126
Trd, 8638534.982, 140
Trd, 8638535.532, 120
Trd, 8638535.932, 117
Trd, 8638536.132, 104
Trd, 8638536.682, 128
Trd, 8638538.782, 135
Trd, 8638540.332, 140
Trd, 8638540.932, 119
Trd, 8638541.182, 119
Trd, 8638541.932, 118
Trd, 8638542.182, 128
Trd, 8638543.532, 129
Trd, 8638543.582, 128
Trd, 8638545.132, 102
Trd, 8638547.132, 125
Trd, 8638547.432, 124
Trd, 8638547.682, 123
Trd, 8638547.932, 90
Trd, 8638551.232, 132
Trd, 8638551.432, 130
Trd, 8638552.982, 124
Trd, 8638553.382, 130
Trd, 8638553.832, 127
Trd, 8638554.332, 99
Trd, 8638555.782, 100
Trd, 8638556.282, 110
Trd, 8638557.032, 117
Trd, 8638557.932, 129
Trd, 8638558.132, 100
Trd, 8638559.132, 119
Trd, 8638559.232, 115
Trd, 8638559.282, 94
Trd, 8638561.032, 121
Trd, 8638561.282, 92
Trd, 8638562.132, 140
Trd, 8638562.582, 83
Trd, 8638563.082, 80
Trd, 8638565.032, 121
Trd, 8638567.082, 116
Trd, 8638567.332, 110
Trd, 8638568.132, 139
Trd, 8638568.232, 115
Trd, 8638568.882, 98
Trd, 8638569.482, 123
Trd, 8638570.132, 99
Trd, 8638570.832, 67
Trd, 8638572.082, 82
Trd, 8638573.082, 101
Trd, 8638573.632, 63
Trd, 8638573.982, 136
Trd, 8638574.782, 88
Trd, 8638574.932, 73
Trd, 8638574.982, 95
Trd, 8638576.982, 130
Trd, 8638577.732, 84
Trd, 8638578.432, 137
Trd, 8638579.532, 117
Trd, 8638579.632, 134
Trd, 8638581.582, 139
Trd, 8638581.632, 118
Trd, 8638582.582, 132
Trd, 8638584.182, 97
Trd, 8638584.332, 104
Trd, 8638585.882, 92
Trd, 8638586.732, 106
Trd, 8638587.582, 134
Trd, 8638588.232, 107
Trd, 8638589.532, 119
Trd, 8638589.582, 98
Trd, 8638589.932, 129
Trd, 8638590.482, 81
Trd, 8638593.382, 91
Trd, 8638594.632, 102
Trd, 8638595.732, 123
Trd, 8638597.732, 110
Trd, 8638598.482, 117
Trd, 8638599.532, 135
Trd, 8638599.832, 105
Trd, 8638600.482, 96
Trd, 8638601.632, 72
Trd, 8638601.932, 81
Trd, 8638602.582, 139
Trd, 8638602.982, 118
Trd, 8638604.732, 125
Trd, 8638604.882, 112
Trd, 8638605.282, 116
Trd, 8638605.832, 113
Trd, 8638606.382, 121
Trd, 8638606.732, 110
Trd, 8638607.032, 108
Trd, 8638608.182, 133
Trd, 8638609.032, 127
Trd, 8638610.182, 134
Trd, 8638610.982, 125
Trd, 8638611.032, 118
Trd, 8638611.332, 110
Trd, 8638612.732, 116
Trd, 8638614.032, 126
Trd, 8638614.982, 114
Trd, 8638616.532, 133
Trd, 8638617.182, 130
Trd, 8638619.682, 140
Trd, 8638620.182, 122
Trd, 8638620.482, 103
Trd, 8638621.382, 136
Trd, 8638621.582, 126
Trd, 8638623.582, 102
Trd, 8638624.182, 97
Trd, 8638624.332, 120
Trd, 8638625.382, 112
Trd, 8638625.882, 121
Trd, 8638627.732, 105
Trd, 8638627.832, 93
Trd, 8638628.632, 133
Trd, 8638629.582, 132
Trd, 8638630.482, 95
Trd, 8638630.582, 87
Trd, 8638631.282, 88
Trd, 8638632.182, 90
Trd, 8638632.532, 94
Trd, 8638632.582, 128
Trd, 8638633.682, 123
Trd, 8638633.882, 104
Trd, 8638636.032, 115
Trd, 8638637.082, 110
Trd, 8638637.532, 104
Trd, 8638637.782, 122
Trd, 8638638.532, 139
Trd, 8638638.982, 116
Trd, 8638641.732, 126
Trd, 8638644.282, 129
Trd, 8638644.332, 113
Trd, 8638644.682, 118
Trd, 8638646.032, 95
Trd, 8638646.382, 98
Trd, 8638647.432, 78
Trd, 8638647.732, 75
Trd, 8638648.682, 105
Trd, 8638648.932, 127
Trd, 8638650.082, 129
Trd, 8638651.632, 121
Trd, 8638652.582, 114
Trd, 8638652.982, 113
Trd, 8638653.682, 126
Trd, 8638654.282, 99
Trd, 8638655.132, 126
Trd, 8638655.582, 106
Trd, 8638656.582, 137
Trd, 8638657.432, 120
Trd, 8638658.682, 134
Trd, 8638658.782, 136
Trd, 8638659.482, 135
Trd, 8638661.782, 137
Trd, 8638661.932, 135
Trd, 8638663.932, 140
Trd, 8638665.482, 132
Trd, 8638666.182, 121
Trd, 8638666.682, 113
Trd, 8638666.832, 94
Trd, 8638667.432, 134
Trd, 8638668.732, 132
Trd, 8638669.382, 110
Trd, 8638669.782, 101
Trd, 8638670.682, 126
Trd, 8638671.132, 138
Trd, 8638672.082, 131
Trd, 8638674.632, 105
Trd, 8638674.982, 132
Trd, 8638675.032, 99
Trd, 8638675.532, 69
Trd, 8638676.432, 99
Trd, 8638679.132, 132
Trd, 8638679.482, 116
Trd, 8638680.532, 131
Trd, 8638681.132, 110
Trd, 8638682.032, 116
Trd, 8638682.232, 122
Trd, 8638682.732, 121
Trd, 8638683.082, 110
Trd, 8638684.682, 135
Trd, 8638685.132, 138
Trd, 8638686.982, 132
Trd, 8638687.032, 118
Trd, 8638688.432, 134
Trd, 8638688.882, 137
Trd, 8638689.532, 121
Trd, 8638689.732, 105
Trd, 8638689.782, 96
Trd, 8638691.132, 124
Trd, 8638691.382, 91
Trd, 8638691.632, 83
Trd, 8638691.932, 82
Trd, 8638692.932, 80
Trd, 8638694.932, 136
Trd, 8638695.582, 130
Trd, 8638695.932, 114
Trd, 8638696.532, 98
Trd, 8638697.832, 84
Trd, 8638699.282, 138
Trd, 8638699.732, 140
Trd, 8638699.882, 93
Trd, 8638700.082, 95
Trd, 8638700.782, 126
Trd, 8638701.182, 112
Trd, 8638701.882, 127
Trd, 8638702.582, 112
Trd, 8638703.232, 95
Trd, 8638703.532, 133
Trd, 8638703.682, 114
Trd, 8638704.082, 121
Trd, 8638705.882, 112
Trd, 8638706.482, 104
Trd, 8638707.682, 125
Trd, 8638708.382, 135
Trd, 8638708.582, 123
Trd, 8638709.382, 113
Trd, 8638709.682, 116
Trd, 8638710.532, 102
Trd, 8638711.632, 122
Trd, 8638713.282, 132
Trd, 8638713.382, 110
Trd, 8638715.432, 128
Trd, 8638716.082, 139
Trd, 8638716.782, 135
Trd, 8638716.932, 127
Trd, 8638720.282, 133
Trd, 8638720.682, 133
Trd, 8638720.932, 126
Trd, 8638721.632, 123
Trd, 8638722.632, 119
Trd, 8638723.032, 115
Trd, 8638725.182, 113
Trd, 8638726.282, 128
Trd, 8638727.632, 115
Trd, 8638728.232, 95
Trd, 8638728.732, 92
Trd, 8638729.932, 118
Trd, 8638730.232, 108
Trd, 8638730.732, 138
Trd, 8638732.632, 119
Trd, 8638733.732, 109
Trd, 8638734.882, 102
Trd, 8638734.932, 89
Trd, 8638735.382, 128
Trd, 8638735.732, 122
Trd, 8638736.132, 92
Trd, 8638738.432, 135
Trd, 8638738.932, 118
Trd, 8638740.182, 137
Trd, 8638741.382, 100
Trd, 8638743.582, 130
Trd, 8638743.632, 124
Trd, 8638744.032, 122
Trd, 8638745.482, 131
Trd, 8638745.732, 128
Trd, 8638746.082, 123
Trd, 8638746.232, 133
Trd, 8638747.332, 140
Trd, 8638748.832, 122
Trd, 8638749.682, 88
Trd, 8638750.432, 128
Trd, 8638751.132, 122
Trd, 8638751.482, 101
Trd, 8638752.382, 94
Trd, 8638754.182, 83
Trd, 8638755.282, 121
Trd, 8638755.432, 89
Trd, 8638755.582, 97
Trd, 8638756.632, 119
Trd, 8638756.882, 99
Trd, 8638757.582, 111
Trd, 8638757.782, 116
Trd, 8638758.282, 110
Trd, 8638761.582, 115
Trd, 8638762.582, 112
Trd, 8638763.032, 101
Trd, 8638763.382, 107
Trd, 8638763.732, 88
Trd, 8638763.882, 81
Trd, 8638765.632, 121
Trd, 8638766.082, 105
Trd, 8638767.982, 106
Trd, 8638768.882, 99
Trd, 8638768.932, 96
Trd, 8638770.332, 139
Trd, 8638770.382, 126
Trd, 8638771.332, 117
Trd, 8638771.432, 79
Trd, 8638772.332, 98
Trd, 8638772.432, 119
Trd, 8638772.832, 103
Trd, 8638774.832, 117
Trd, 8638775.882, 133
Trd, 8638776.582, 116
Trd, 8638777.382, 83
Trd, 8638778.882, 132
Trd, 8638780.032, 123
Trd, 8638780.882, 106
Trd, 8638782.832, 131
Trd, 8638783.232, 113
Trd, 8638784.782, 107
Trd, 8638785.882, 128
Trd, 8638786.532, 139
Trd, 8638789.032, 110
Trd, 8638789.282, 116
Trd, 8638789.432, 114
Trd, 8638790.432, 138
Trd, 8638791.082, 100
Trd, 8638792.982, 122
Trd, 8638794.132, 131
Trd, 8638794.582, 135
Trd, 8638795.032, 123
Trd, 8638795.132, 121
Trd, 8638796.132, 96
Trd, 8638796.332, 77
Trd, 8638797.882, 138
Trd, 8638798.732, 106
Trd, 8638799.032, 138
Trd, 8638800.432, 103
Trd, 8638802.032, 134
Trd, 8638802.382, 127
Trd, 8638802.932, 92
Trd, 8638804.882, 129
Trd, 8638804.932, 119
Trd, 8638806.882, 139
Trd, 8638806.982, 119
Trd, 8638807.482, 116
Trd, 8638808.232, 123
Trd, 8638808.932, 125
Trd, 8638809.382, 119
Trd, 8638809.882, 136
Trd, 8638811.732, 120
Trd, 8638813.232, 118
Trd, 8638813.382, 106
Trd, 8638813.632, 86
Trd, 8638813.982, 85
Trd, 8638816.582, 139
Trd, 8638816.632, 116
Trd, 8638817.632, 111
Trd, 8638817.982, 127
Trd, 8638818.332, 101
Trd, 8638818.632, 118
Trd, 8638818.732, 104
Trd, 8638819.732, 108
Trd, 8638820.432, 128
Trd, 8638821.082, 116
Trd, 8638821.532, 129
Trd, 8638822.982, 120
Trd, 8638823.482, 137
Trd, 8638823.732, 115
Trd, 8638824.932, 118
Trd, 8638825.882, 111
Trd, 8638828.032, 114
Trd, 8638829.482, 98
Trd, 8638830.132, 94
Trd, 8638831.782, 132
Trd, 8638831.982, 132
Trd, 8638833.632, 130
Trd, 8638834.232, 126
Trd, 8638834.332, 121
Trd, 8638835.082, 137
Trd, 8638835.282, 130
Trd, 8638835.382, 112
Trd, 8638837.432, 118
Trd, 8638837.632, 111
Trd, 8638838.082, 108
Trd, 8638838.982, 105
Trd, 8638840.032, 129
Trd, 8638840.232, 128
Trd, 8638840.432, 116
Trd, 8638841.282, 96
Trd, 8638842.032, 113
Trd, 8638844.132, 111
Trd, 8638845.532, 92
Trd, 8638845.982, 80
Trd, 8638846.132, 80
Trd, 8638847.582, 127
Trd, 8638848.482, 137
Trd, 8638849.632, 116
Trd, 8638849.832, 103
Trd, 8638851.382, 112
Trd, 8638852.132, 137
Trd, 8638852.282, 131
Trd, 8638854.582, 110
Trd, 8638855.032, 109
Trd, 8638855.082, 111
Trd, 8638856.382, 136
Trd, 8638857.382, 126
Trd, 8638858.332, 140
Trd, 8638858.532, 136
Trd, 8638858.882, 114
Trd, 8638859.332, 91
Trd, 8638859.432, 106
Trd, 8638861.182, 133
Trd, 8638862.982, 94
Trd, 8638863.032, 135
Trd, 8638864.632, 129
Trd, 8638865.232, 139
Trd, 8638866.482, 134
Trd, 8638867.532, 97
Trd, 8638867.632, 87
Trd, 8638868.482, 100
Trd, 8638868.582, 122
Trd, 8638868.632, 97
Trd, 8638870.532, 127
Trd, 8638872.182, 135
Trd, 8638872.432, 134
Trd, 8638873.832, 119
Trd, 8638874.432, 121
Trd, 8638874.832, 98
Trd, 8638875.432, 111
Trd, 8638875.932, 132
Trd, 8638876.232, 112
Trd, 8638877.432, 121
Trd, 8638879.382, 137
Trd, 8638879.482, 127
Trd, 8638879.832, 107
Trd, 8638879.982, 98
Trd, 8638880.482, 106
Trd, 8638882.132, 138
Trd, 8638882.182, 131
Trd, 8638882.732, 129
Trd, 8638885.982, 124
Trd, 8638887.982, 129
Trd, 8638888.532, 118
Trd, 8638889.282, 125
Trd, 8638891.482, 135
Trd, 8638891.632, 126
Trd, 8638893.632, 127
Trd, 8638894.432, 122
Trd, 8638895.332, 114
Trd, 8638896.082, 107
Trd, 8638896.582, 114
Trd, 8638897.482, 99
Trd, 8638898.932, 139
Trd, 8638899.882, 136
Trd, 8638900.332, 131
Trd, 8638901.682, 131
Trd, 8638903.282, 125
Trd, 8638903.782, 109
Trd, 8638905.782, 126
Trd, 8638905.832, 121
Trd, 8638906.182, 138
Trd, 8638906.882, 133
Trd, 8638907.082, 126
Trd, 8638907.532, 133
Trd, 8638907.982, 107
Trd, 8638908.482, 136
Trd, 8638909.832, 138
Trd, 8638910.632, 127
Trd, 8638911.382, 94
Trd, 8638912.032, 126
Trd, 8638913.032, 115
Trd, 8638913.782, 131
Trd, 8638914.382, 87
Trd, 8638916.432, 131
Trd, 8638917.282, 131
Trd, 8638918.132, 109
Trd, 8638918.582, 83
Trd, 8638919.932, 108
Trd, 8638922.032, 138
Trd, 8638922.532, 131
Trd, 8638923.082, 131
Trd, 8638923.282, 118
Trd, 8638923.382, 96
Trd, 8638924.982, 93
Trd, 8638925.032, 88
Trd, 8638928.432, 127
Trd, 8638928.732, 125
Trd, 8638929.482, 94
Trd, 8638929.732, 124
Trd, 8638929.882, 92
Trd, 8638930.032, 81
Trd, 8638931.082, 134
Trd, 8638932.932, 111
Trd, 8638933.482, 101
Trd, 8638935.532, 123
Trd, 8638935.632, 123
Trd, 8638936.032, 126
Trd, 8638937.082, 138
Trd, 8638937.432, 128
Trd, 8638938.982, 129
Trd, 8638940.932, 135
Trd, 8638941.082, 116
Trd, 8638941.332, 102
Trd, 8638942.032, 100
Trd, 8638942.682, 107
Trd, 8638942.732, 89
Trd, 8638943.232, 122
Trd, 8638944.632, 112
Trd, 8638944.882, 128
Trd, 8638945.082, 92
Trd, 8638946.532, 127
Trd, 8638947.682, 104
Trd, 8638948.032, 106
Trd, 8638949.882, 133
Trd, 8638950.182, 135
Trd, 8638950.382, 123
Trd, 8638950.532, 107
Trd, 8638951.682, 123
Trd, 8638953.282, 126
Trd, 8638954.882, 134
Trd, 8638956.282, 103
Trd, 8638957.282, 126
Trd, 8638957.982, 130
Trd, 8638958.432, 121
Trd, 8638958.732, 108
Trd, 8638959.182, 71
Trd, 8638959.382, 118
Trd, 8638959.432, 72
Trd, 8638961.532, 67
Trd, 8638962.782, 131
Trd, 8638963.782, 120
Trd, 8638964.232, 125
Trd, 8638965.232, 90
Trd, 8638966.982, 124
Trd, 8638967.782, 87
Trd, 8638968.432, 134
Trd, 8638968.732, 85
Trd, 8638969.932, 125
Trd, 8638970.832, 118
Trd, 8638972.132, 132
Trd, 8638973.082, 95
Trd, 8638973.532, 104
Trd, 8638973.932, 114
Trd, 8638975.282, 109
Trd, 8638977.132, 100
Trd, 8638977.782, 83
Trd, 8638978.432, 79
Trd, 8638978.932, 85
Trd, 8638979.632, 122
Trd, 8638981.232, 121
Trd, 8638982.032, 117
Trd, 8638982.582, 98
Trd, 8638983.732, 122
Trd, 8638983.782, 104
Trd, 8638984.682, 124
Trd, 8638985.832, 119
Trd, 8638987.382, 103
Trd, 8638988.232, 132
Trd, 8638989.032, 110
Trd, 8638991.732, 140
Trd, 8638992.132, 139
Trd, 8638992.432, 138
Trd, 8638992.732, 127
Trd, 8638992.982, 119
Trd, 8638993.282, 97
Trd, 8638994.782, 77
Trd, 8638996.732, 97
Trd, 8638997.232, 132
Trd, 8638998.782, 119
Trd, 8638999.282, 121
Trd, 8638999.632, 103
Trd, 8639000.232, 98
Trd, 8639000.732, 67
Trd, 8639001.332, 124
Trd, 8639003.582, 130
Trd, 8639004.082, 123
Trd, 8639005.032, 111
Trd, 8639006.432, 125
Trd, 8639006.532, 101
Trd, 8639006.982, 124
Trd, 8639007.432, 100
Trd, 8639008.532, 135
Trd, 8639009.382, 112
Trd, 8639009.782, 82
Trd, 8639010.232, 136
Trd, 8639011.132, 125
Trd, 8639011.482, 117
Trd, 8639011.832, 114
Trd, 8639012.482, 114
Trd, 8639013.382, 131
Trd, 8639013.932, 114
Trd, 8639014.182, 99
Trd, 8639015.132, 84
Trd, 8639016.732, 117
Trd, 8639017.532, 111
Trd, 8639018.082, 83
Trd, 8639019.782, 101
Trd, 8639020.832, 124
Trd, 8639021.482, 108
Trd, 8639022.032, 136
Trd, 8639023.282, 131
Trd, 8639024.432, 106
Trd, 8639026.682, 131
Trd, 8639027.832, 122
Trd, 8639028.082, 95
Trd, 8639028.682, 97
Trd, 8639029.182, 134
Trd, 8639031.582, 125
Trd, 8639031.982, 111
Trd, 8639032.582, 104
Trd, 8639033.682, 87
Trd, 8639034.632, 129
Trd, 8639035.082, 103
Trd, 8639035.482, 101
Trd, 8639036.432, 138
Trd, 8639037.932, 127
Trd, 8639038.232, 128
Trd, 8639038.432, 122
Trd, 8639039.782, 101
Trd, 8639040.082, 91
Trd, 8639040.332, 85
Trd, 8639040.782, 75
Trd, 8639041.432, 77
Trd, 8639043.432, 133
Trd, 8639044.282, 107
Trd, 8639045.082, 116
Trd, 8639045.532, 112
Trd, 8639045.882, 106
Trd, 8639047.132, 121
Trd, 8639048.832, 125
Trd, 8639051.782, 128
Trd, 8639053.832, 139
Trd, 8639054.232, 127
Trd, 8639055.982, 130
Trd, 8639056.132, 123
Trd, 8639056.682, 100
Trd, 8639057.332, 61
Trd, 8639057.532, 60
Trd, 8639057.632, 119
Trd, 8639058.232, 116
Trd, 8639058.682, 128
Trd, 8639061.932, 120
Trd, 8639062.582, 107
Trd, 8639062.882, 136
Trd, 8639063.632, 133
Trd, 8639063.682, 125
Trd, 8639064.032, 132
Trd, 8639064.682, 132
Trd, 8639065.982, 102
Trd, 8639066.082, 86
Trd, 8639066.382, 86
Trd, 8639067.282, 122
Trd, 8639069.182, 113
Trd, 8639069.432, 128
Trd, 8639070.082, 132
Trd, 8639070.432, 133
Trd, 8639070.982, 108
Trd, 8639072.232, 105
Trd, 8639072.582, 120
Trd, 8639074.032, 122
Trd, 8639074.182, 99
Trd, 8639074.832, 139
Trd, 8639075.782, 133
Trd, 8639076.982, 109
Trd, 8639077.082, 88
Trd, 8639079.782, 138
Trd, 8639080.432, 127
Trd, 8639081.432, 129
Trd, 8639082.182, 115
Trd, 8639085.982, 135
Trd, 8639087.532, 107
Trd, 8639088.182, 126
Trd, 8639088.482, 120
Trd, 8639090.132, 121
Trd, 8639090.182, 120
Trd, 8639090.582, 105
Trd, 8639091.932, 123
Trd, 8639092.432, 125
Trd, 8639092.732, 111
Trd, 8639092.932, 107
Trd, 8639094.932, 121
Trd, 8639095.282, 104
Trd, 8639095.682, 102
Trd, 8639096.132, 78
Trd, 8639096.632, 62
Trd, 8639097.232, 135
Trd, 8639097.532, 112
Trd, 8639098.882, 70
Trd, 8639100.582, 140
Trd, 8639101.082, 109
Trd, 8639101.682, 125
Trd, 8639102.282, 138
Trd, 8639103.332, 131
Trd, 8639103.432, 120
Trd, 8639104.432, 103
Trd, 8639105.932, 122
Trd, 8639106.982, 132
Trd, 8639107.632, 122
Trd, 8639107.682, 121
Trd, 8639108.832, 123
Trd, 8639109.232, 119
Trd, 8639109.532, 119
Trd, 8639110.432, 105
Trd, 8639110.732, 127
Trd, 8639112.132, 117
Trd, 8639112.582, 111
Trd, 8639113.132, 78
Trd, 8639113.532, 116
Trd, 8639114.332, 76
Trd, 8639114.882, 123
Trd, 8639115.082, 122
Trd, 8639115.682, 131
Trd, 8639116.382, 97
Trd, 8639116.582, 104
Trd, 8639117.582, 92
Trd, 8639118.982, 118
Trd, 8639119.582, 105
Trd, 8639120.982, 103
Trd, 8639121.432, 126
Trd, 8639122.182, 110
Trd, 8639123.432, 121
Trd, 8639123.982, 132
Trd, 8639125.632, 130
Trd, 8639126.632, 108
Trd, 8639127.082, 108
Trd, 8639127.332, 131
Trd, 8639127.732, 102
Trd, 8639127.832, 96
Trd, 8639128.282, 82
Trd, 8639129.132, 101
Trd, 8639129.182, 112
Trd, 8639129.732, 77
Trd, 8639131.232, 140
Trd, 8639131.432, 137
Trd, 8639131.732, 68
Trd, 8639132.482, 71
Trd, 8639133.382, 104
Trd, 8639133.682, 103
Trd, 8639134.532, 133
Trd, 8639135.332, 122
Trd, 8639135.682, 122
Trd, 8639137.232, 121
Trd, 8639137.532, 122
Trd, 8639139.182, 72
Trd, 8639139.932, 62
Trd, 8639139.982, 70
Trd, 8639140.032, 60
Trd, 8639140.832, 95
Trd, 8639141.732, 127
Trd, 8639142.532, 124
Trd, 8639143.882, 98
Trd, 8639144.432, 123
Trd, 8639144.532, 138
Trd, 8639145.532, 110
Trd, 8639145.982, 135
Trd, 8639147.832, 126
Trd, 8639149.082, 131
Trd, 8639150.232, 128
Trd, 8639150.432, 107
Trd, 8639150.832, 103
Trd, 8639151.782, 133
Trd, 8639153.232, 126
Trd, 8639154.582, 129
Trd, 8639156.182, 114
Trd, 8639156.482, 112
Trd, 8639157.782, 135
Trd, 8639157.932, 91
Trd, 8639158.082, 108
Trd, 8639158.532, 82
Trd, 8639159.082, 84
Trd, 8639161.382, 131
Trd, 8639161.882, 130
Trd, 8639163.082, 138
Trd, 8639163.932, 108
Trd, 8639165.632, 117
Trd, 8639167.082, 126
Trd, 8639167.132, 91
Trd, 8639168.732, 139
Trd, 8639169.732, 139
Trd, 8639170.332, 127
Trd, 8639172.382, 139
Trd, 8639173.182, 114
Trd, 8639173.882, 108
Trd, 8639175.082, 139
Trd, 8639175.682, 136
Trd, 8639176.132, 125
Trd, 8639176.182, 101
Trd, 8639176.732, 137
Trd, 8639177.282, 96
Trd, 8639177.982, 76
Trd, 8639179.382, 132
Trd, 8639179.832, 123
Trd, 8639180.032, 103
Trd, 8639181.082, 139
Trd, 8639181.632, 108
Trd, 8639182.782, 128
Trd, 8639183.732, 126
Trd, 8639184.582, 107
Trd, 8639184.882, 97
Trd, 8639185.882, 134
Trd, 8639187.282, 109
Trd, 8639188.582, 137
Trd, 8639188.682, 118
Trd, 8639188.832, 107
Trd, 8639190.332, 102
Trd, 8639191.132, 117
Trd, 8639192.382, 92
Trd, 8639193.482, 140
Trd, 8639193.982, 104
Trd, 8639195.282, 91
Trd, 8639196.132, 101
Trd, 8639196.782, 94
Trd, 8639197.832, 130
Trd, 8639198.782, 126
Trd, 8639199.032, 113
Trd, 8639200.032, 124
Trd, 8639200.632, 113
Trd, 8639201.332, 140
Trd, 8639201.432, 100
Trd, 8639203.082, 123
Trd, 8639205.732, 126
Trd, 8639206.132, 112
Trd, 8639206.332, 112
Trd, 8639208.132, 124
Trd, 8639208.632, 117
Trd, 8639208.682, 114
Trd, 8639208.882, 93
Trd, 8639210.032, 120
Trd, 8639211.432, 134
Trd, 8639212.182, 130
Trd, 8639212.432, 103
Trd, 8639212.532, 131
Trd, 8639212.732, 74
Trd, 8639214.232, 134
Trd, 8639215.332, 119
Trd, 8639215.682, 130
Trd, 8639216.782, 108
Trd, 8639217.482, 91
Trd, 8639217.882, 120
Trd, 8639218.932, 111
Trd, 8639219.332, 123
Trd, 8639221.782, 101
Trd, 8639222.532, 98
Trd, 8639222.632, 105
Trd, 8639223.182, 139
Trd, 8639224.032, 129
Trd, 8639224.132, 118
Trd, 8639224.182, 96
Trd, 8639225.182, 136
Trd, 8639225.632, 127
Trd, 8639225.682, 93
Trd, 8639226.982, 127
Trd, 8639227.082, 110
Trd, 8639228.982, 129
Trd, 8639229.182, 113
Trd, 8639229.332, 113
Trd, 8639230.182, 109
Trd, 8639230.732, 108
Trd, 8639231.382, 121
Trd, 8639234.082, 117
Trd, 8639234.482, 103
Trd, 8639237.532, 140
Trd, 8639237.582, 137
Trd, 8639237.782, 106
Trd, 8639238.182, 114
Trd, 8639238.932, 128
Trd, 8639240.632, 127
Trd, 8639240.682, 122
Trd, 8639240.982, 138
Trd, 8639242.332, 95
Trd, 8639242.832, 101
Trd, 8639242.932, 123
Trd, 8639243.232, 95
Trd, 8639243.482, 140
Trd, 8639245.932, 91
Trd, 8639248.432, 129
Trd, 8639249.282, 115
Trd, 8639249.482, 103
Trd, 8639252.732, 124
Trd, 8639252.882, 126
Trd, 8639253.232, 113
Trd, 8639253.782, 84
Trd, 8639254.532, 117
Trd, 8639255.282, 116
Trd, 8639255.632, 113
Trd, 8639257.032, 119
Trd, 8639257.082, 96
Trd, 8639258.282, 110
Trd, 8639258.732, 109
Trd, 8639259.532, 133
Trd, 8639260.982, 128
Trd, 8639261.782, 106
Trd, 8639262.232, 105
Trd, 8639262.532, 108
Trd, 8639263.582, 101
Trd, 8639263.682, 131
Trd, 8639265.832, 133
Trd, 8639266.632, 122
Trd, 8639267.282, 113
Trd, 8639267.382, 110
Trd, 8639267.882, 135
Trd, 8639269.682, 128
Trd, 8639270.182, 124
Trd, 8639271.232, 117
Trd, 8639272.632, 104
Trd, 8639272.832, 103
Trd, 8639273.132, 118
Trd, 8639275.732, 122
Trd, 8639275.932, 115
Trd, 8639276.382, 116
Trd, 8639277.732, 132
Trd, 8639278.932, 132
Trd, 8639279.632, 129
Trd, 8639280.632, 119
Trd, 8639281.532, 95
Trd, 8639281.832, 134
Trd, 8639282.932, 77
Trd, 8639284.132, 140
Trd, 8639284.882, 127
Trd, 8639285.782, 124
Trd, 8639286.232, 129
Trd, 8639287.132, 106
Trd, 8639288.732, 123
Trd, 8639290.332, 134
Trd, 8639291.582, 133
Trd, 8639292.382, 106
Trd, 8639292.882, 122
Trd, 8639293.482, 137
Trd, 8639295.182, 116
Trd, 8639295.382, 109
Trd, 8639295.982, 127
Trd, 8639296.282, 136
Trd, 8639296.882, 136
Trd, 8639297.082, 84
Trd, 8639297.332, 79
Trd, 8639298.382, 63
Trd, 8639298.982, 124
Trd, 8639299.482, 115
Trd, 8639300.182, 111
Trd, 8639300.782, 106
Trd, 8639300.832, 104
Trd, 8639301.532, 124
Trd, 8639301.932, 121
Trd, 8639306.232, 130
Trd, 8639307.182, 129
Trd, 8639308.382, 106
Trd, 8639309.182, 104
Trd, 8639309.382, 97
Trd, 8639310.932, 104
Trd, 8639312.832, 113
Trd, 8639313.432, 116
Trd, 8639313.782, 112
Trd, 8639314.282, 76
Trd, 8639314.482, 123
Trd, 8639314.932, 123
Trd, 8639315.682, 129
Trd, 8639316.482, 120
Trd, 8639317.632, 102
Trd, 8639319.032, 138
Trd, 8639319.432, 115
Trd, 8639320.132, 129
Trd, 8639321.032, 76
Trd, 8639322.382, 129
Trd, 8639323.832, 102
Trd, 8639325.382, 93
Trd, 8639325.982, 137
Trd, 8639327.732, 133
Trd, 8639328.532, 128
Trd, 8639329.782, 126
Trd, 8639331.232, 130
Trd, 8639332.182, 119
Trd, 8639333.732, 129
Trd, 8639333.832, 114
Trd, 8639334.132, 113
Trd, 8639334.682, 112
Trd, 8639336.282, 99
Trd, 8639337.882, 131
Trd, 8639338.182, 107
Trd, 8639338.582, 119
Trd, 8639338.782, 125
Trd, 8639339.682, 92
Trd, 8639340.932, 73
Trd, 8639341.732, 74
Trd, 8639342.282, 102
Trd, 8639342.482, 106
Trd, 8639343.982, 130
Trd, 8639344.332, 129
Trd, 8639344.682, 100
Trd, 8639345.682, 127
Trd, 8639346.482, 137
Trd, 8639348.682, 125
Trd, 8639349.282, 131
Trd, 8639349.532, 140
Trd, 8639349.632, 104
Trd, 8639350.582, 114
Trd, 8639351.132, 118
Trd, 8639351.732, 127
Trd, 8639353.182, 140
Trd, 8639355.282, 133
Trd, 8639356.332, 133
Trd, 8639356.632, 131
Trd, 8639356.782, 123
Trd, 8639357.732, 129
Trd, 8639357.932, 126
Trd, 8639358.532, 62
Trd, 8639358.832, 68
Trd, 8639360.582, 120
Trd, 8639361.432, 118
Trd, 8639362.982, 93
Trd, 8639363.332, 106
Trd, 8639363.682, 124
Trd, 8639364.882, 65
Trd, 8639365.682, 96
Trd, 8639365.782, 94
Trd, 8639366.332, 135
Trd, 8639368.032, 137
Trd, 8639369.132, 117
Trd, 8639369.432, 113
Trd, 8639369.532, 106
Trd, 8639372.432, 136
Trd, 8639372.482, 135
Trd, 8639372.632, 119
Trd, 8639373.132, 117
Trd, 8639373.332, 135
Trd, 8639374.532, 127
Trd, 8639375.982, 119
Trd, 8639376.432, 129
Trd, 8639376.582, 129
Trd, 8639378.482, 117
Trd, 8639378.932, 124
Trd, 8639379.032, 100
Trd, 8639379.432, 84
Trd, 8639382.832, 123
Trd, 8639383.182, 103
Trd, 8639383.232, 102
Trd, 8639385.082, 132
Trd, 8639385.282, 125
Trd, 8639387.032, 104
Trd, 8639387.582, 114
Trd, 8639388.282, 92
Trd, 8639389.032, 102
Trd, 8639390.082, 138
Trd, 8639390.882, 113
Trd, 8639391.782, 129
Trd, 8639392.882, 96
Trd, 8639393.032, 126
Trd, 8639393.232, 86
Trd, 8639395.132, 122
Trd, 8639395.532, 101
Trd, 8639396.282, 128
Trd, 8639396.882, 140
Trd, 8639397.682, 100
Trd, 8639398.732, 122
Trd, 8639399.732, 129
Trd, 8639400.182, 99
Trd, 8639402.882, 99
Trd, 8639404.182, 126
Trd, 8639404.282, 113
Trd, 8639406.682, 117
Trd, 8639408.632, 111
Trd, 8639409.182, 122
Trd, 8639409.282, 97
Trd, 8639409.582, 106
Trd, 8639410.132, 129
Trd, 8639411.732, 80
Trd, 8639412.382, 85
Trd, 8639413.482, 87
Trd, 8639413.582, 99
Trd, 8639415.082, 129
Trd, 8639415.682, 133
Trd, 8639415.782, 120
Trd, 8639417.832, 111
Trd, 8639418.932, 79
Trd, 8639419.132, 139
Trd, 8639419.382, 121
Trd, 8639419.832, 113
Trd, 8639420.532, 97
Trd, 8639420.932, 105
Trd, 8639422.132, 109
Trd, 8639423.732, 134
Trd, 8639424.232, 93
Trd, 8639426.682, 140
Trd, 8639427.232, 132
Trd, 8639427.982, 134
Trd, 8639428.632, 117
Trd, 8639429.232, 115
Trd, 8639431.132, 114
Trd, 8639432.682, 130
Trd, 8639433.032, 109
Trd, 8639433.482, 97
Trd, 8639436.032, 135
Trd, 8639436.682, 129
Trd, 8639436.982, 123
Trd, 8639438.382, 136
Trd, 8639439.982, 125
Trd, 8639440.032, 122
Trd, 8639441.732, 133
Trd, 8639441.982, 116
Trd, 8639442.132, 108
Trd, 8639442.482, 137
Trd, 8639442.682, 83
Trd, 8639442.832, 106
Trd, 8639443.332, 136
Trd, 8639444.732, 133
Trd, 8639445.732, 89
Trd, 8639446.032, 111
Trd, 8639447.532, 120
Trd, 8639448.032, 118
Trd, 8639448.082, 118
Trd, 8639449.932, 65
Trd, 8639449.982, 70
Trd, 8639450.332, 105
Trd, 8639454.332, 138
Trd, 8639454.682, 132
Trd, 8639455.832, 118
Trd, 8639456.182, 111
Trd, 8639456.232, 115
Trd, 8639456.532, 111
Trd, 8639457.232, 129
Trd, 8639458.332, 116
Trd, 8639458.832, 118
Trd, 8639459.682, 129
Trd, 8639460.382, 82
Trd, 8639463.582, 140
Trd, 8639463.732, 124
Trd, 8639464.032, 107
Trd, 8639464.732, 88
Trd, 8639465.882, 79
Trd, 8639466.282, 98
Trd, 8639466.582, 98
Trd, 8639468.182, 91
Trd, 8639468.482, 89
Trd, 8639470.132, 98
Trd, 8639470.282, 112
Trd, 8639470.632, 87
Trd, 8639472.232, 132
Trd, 8639474.132, 110
Trd, 8639474.382, 108
Trd, 8639475.682, 134
Trd, 8639476.182, 116
Trd, 8639476.682, 111
Trd, 8639477.982, 133
Trd, 8639478.782, 70
Trd, 8639480.182, 132
Trd, 8639480.882, 117
Trd, 8639481.332, 138
Trd, 8639482.782, 116
Trd, 8639483.232, 113
Trd, 8639484.732, 134
Trd, 8639484.882, 100
Trd, 8639485.432, 97
Trd, 8639485.982, 140
Trd, 8639486.282, 81
Trd, 8639489.182, 117
Trd, 8639491.232, 94
Trd, 8639491.332, 98
Trd, 8639491.682, 131
Trd, 8639491.732, 92
Trd, 8639492.482, 135
Trd, 8639493.082, 103
Trd, 8639494.482, 129
Trd, 8639494.532, 126
Trd, 8639495.332, 136
Trd, 8639495.632, 103
Trd, 8639497.132, 82
Trd, 8639498.682, 139
Trd, 8639499.432, 106
Trd, 8639500.732, 122
Trd, 8639500.982, 111
Trd, 8639501.832, 98
Trd, 8639502.182, 120
Trd, 8639503.182, 117
Trd, 8639504.082, 110
Trd, 8639504.832, 96
Trd, 8639506.332, 126
Trd, 8639507.232, 134
Trd, 8639507.432, 137
Trd, 8639508.382, 116
Trd, 8639508.582, 107
Trd, 8639510.882, 70
Trd, 8639511.532, 66
Trd, 8639511.732, 70
Trd, 8639512.182, 85
Trd, 8639512.432, 82
Trd, 8639513.832, 68
Trd, 8639515.282, 136
Trd, 8639516.532, 122
Trd, 8639517.382, 120
Trd, 8639517.782, 77
Trd, 8639519.382, 133
Trd, 8639519.682, 106
Trd, 8639520.282, 105
Trd, 8639520.432, 97
Trd, 8639521.582, 109
Trd, 8639521.932, 87
Trd, 8639522.432, 95
Trd, 8639522.582, 124
Trd, 8639522.882, 77
Trd, 8639523.332, 98
Trd, 8639524.432, 102
Trd, 8639524.782, 107
Trd, 8639526.032, 69
Trd, 8639527.082, 91
Trd, 8639527.832, 111
Trd, 8639528.882, 95
Trd, 8639529.082, 91
Trd, 8639531.582, 92
Trd, 8639532.682, 122
Trd, 8639532.782, 91
Trd, 8639532.982, 84
Trd, 8639534.482, 111
Trd, 8639534.782, 139
Trd, 8639534.832, 108
Trd, 8639535.082, 105
Trd, 8639535.982, 93
Trd, 8639536.882, 135
Trd, 8639538.382, 129
Trd, 8639539.532, 123
Trd, 8639540.682, 121
Trd, 8639542.732, 140
Trd, 8639542.982, 120
Trd, 8639543.832, 131
Trd, 8639545.332, 108
Trd, 8639546.332, 138
Trd, 8639546.532, 121
Trd, 8639546.882, 118
Trd, 8639547.382, 103
Trd, 8639549.032, 136
Trd, 8639549.382, 117
Trd, 8639550.182, 115
Trd, 8639550.782, 102
Trd, 8639551.982, 107
Trd, 8639552.032, 89
Trd, 8639552.482, 74
Trd, 8639553.232, 70
Trd, 8639554.382, 94
Trd, 8639554.632, 94
Trd, 8639555.232, 125
Trd, 8639557.432, 125
Trd, 8639558.532, 133
Trd, 8639558.582, 116
Trd, 8639560.032, 133
Trd, 8639562.232, 116
Trd, 8639562.382, 122
Trd, 8639562.432, 103
Trd, 8639563.582, 81
Trd, 8639563.882, 79
Trd, 8639564.882, 139
Trd, 8639565.982, 131
Trd, 8639567.432, 67
Trd, 8639568.432, 109
Trd, 8639569.182, 74
Trd, 8639569.632, 91
Trd, 8639570.832, 125
Trd, 8639573.332, 125
Trd, 8639573.832, 119
Trd, 8639576.282, 118
Trd, 8639576.832, 118
Trd, 8639576.982, 131
Trd, 8639577.082, 111
Trd, 8639578.182, 95
Trd, 8639580.032, 105
Trd, 8639580.282, 115
Trd, 8639580.582, 140
Trd, 8639582.232, 129
Trd, 8639582.532, 128
Trd, 8639583.132, 120
Trd, 8639583.182, 98
Trd, 8639584.982, 96
Trd, 8639586.532, 135
Trd, 8639587.282, 113
Trd, 8639589.082, 119
Trd, 8639589.232, 110
Trd, 8639589.632, 125
Trd, 8639589.782, 107
Trd, 8639591.032, 123
Trd, 8639591.532, 105
Trd, 8639593.082, 92
Trd, 8639593.182, 130
Trd, 8639593.532, 85
Trd, 8639595.182, 118
Trd, 8639595.382, 105
Trd, 8639596.932, 100
Trd, 8639597.482, 132
Trd, 8639597.782, 123
Trd, 8639597.932, 123
Trd, 8639598.482, 126
Trd, 8639601.332, 137
Trd, 8639601.882, 135
Trd, 8639602.232, 136
Trd, 8639602.532, 128
Trd, 8639603.732, 134
Trd, 8639603.882, 130
Trd, 8639603.982, 119
Trd, 8639605.082, 107
Trd, 8639606.532, 121
Trd, 8639607.282, 135
Trd, 8639607.432, 100
Trd, 8639608.482, 104
Trd, 8639610.282, 100
Trd, 8639611.532, 118
Trd, 8639611.782, 124
Trd, 8639612.632, 106
Trd, 8639612.682, 98
Trd, 8639614.682, 100
Trd, 8639615.182, 92
Trd, 8639615.832, 91
Trd, 8639616.332, 111
Trd, 8639617.832, 118
Trd, 8639618.682, 136
Trd, 8639619.632, 133
Trd, 8639619.832, 109
Trd, 8639620.532, 128
Trd, 8639620.882, 118
Trd, 8639621.532, 107
Trd, 8639622.732, 105
Trd, 8639622.982, 103
Trd, 8639623.532, 92
Trd, 8639625.582, 135
Trd, 8639625.632, 117
Trd, 8639625.932, 92
Trd, 8639626.432, 113
Trd, 8639626.682, 134
Trd, 8639628.382, 128
Trd, 8639629.232, 123
Trd, 8639629.982, 136
Trd, 8639631.732, 104
Trd, 8639632.932, 125
Trd, 8639633.282, 86
Trd, 8639633.982, 104
Trd, 8639634.832, 117
Trd, 8639635.732, 125
Trd, 8639635.982, 134
Trd, 8639636.232, 112
Trd, 8639636.532, 76
Trd, 8639638.432, 136
Trd, 8639638.882, 135
Trd, 8639639.382, 94
Trd, 8639640.482, 138
Trd, 8639642.032, 91
Trd, 8639642.732, 105
Trd, 8639643.282, 137
Trd, 8639644.482, 119
Trd, 8639647.132, 130
Trd, 8639647.732, 139
Trd, 8639648.482, 118
Trd, 8639649.132, 115
Trd, 8639649.282, 129
Trd, 8639650.532, 98
Trd, 8639651.382, 136
Trd, 8639652.682, 108
Trd, 8639653.432, 136
Trd, 8639653.632, 132
Trd, 8639654.182, 111
Trd, 8639655.232, 126
Trd, 8639656.232, 112
Trd, 8639657.782, 125
Trd, 8639659.082, 134
Trd, 8639659.282, 113
Trd, 8639659.482, 112
Trd, 8639659.882, 129
Trd, 8639662.732, 111
Trd, 8639663.232, 122
Trd, 8639663.332, 133
Trd, 8639663.982, 119
Trd, 8639664.982, 109
Trd, 8639665.582, 136
Trd, 8639665.932, 134
Trd, 8639667.482, 130
Trd, 8639667.532, 130
Trd, 8639667.682, 126
Trd, 8639668.232, 106
Trd, 8639668.782, 85
Trd, 8639669.682, 127
Trd, 8639670.882, 122
Trd, 8639671.632, 107
Trd, 8639672.282, 89
Trd, 8639672.982, 71
Trd, 8639673.632, 68
Trd, 8639674.532, 113
Trd, 8639676.082, 108
Trd, 8639676.832, 106
Trd, 8639677.082, 83
Trd, 8639678.482, 108
Trd, 8639678.732, 102
Trd, 8639679.282, 134
Trd, 8639679.882, 123
Trd, 8639680.882, 99
Trd, 8639683.332, 128
Trd, 8639683.832, 125
Trd, 8639684.132, 107
Trd, 8639684.332, 124
Trd, 8639685.532, 131
Trd, 8639687.432, 112
Trd, 8639689.182, 133
Trd, 8639689.782, 98
Trd, 8639690.232, 122
Trd, 8639690.932, 89
Trd, 8639691.632, 81
Trd, 8639693.132, 131
Trd, 8639693.282, 129
Trd, 8639694.832, 122
Trd, 8639695.132, 119
Trd, 8639696.232, 106
Trd, 8639697.282, 134
Trd, 8639698.132, 114
Trd, 8639698.632, 112
Trd, 8639698.682, 111
Trd, 8639699.132, 137
Trd, 8639699.832, 136
Trd, 8639701.282, 114
Trd, 8639701.882, 79
Trd, 8639702.782, 130
Trd, 8639703.182, 125
Trd, 8639704.332, 88
Trd, 8639704.482, 92
Trd, 8639705.332, 129
Trd, 8639705.382, 103
Trd, 8639706.432, 123
Trd, 8639706.832, 70
Trd, 8639707.282, 102
Trd, 8639710.182, 122
Trd, 8639710.332, 92
Trd, 8639711.682, 133
Trd, 8639712.032, 137
Trd, 8639713.382, 139
Trd, 8639713.432, 117
Trd, 8639713.982, 132
Trd, 8639714.632, 84
Trd, 8639715.932, 138
Trd, 8639716.832, 136
Trd, 8639718.032, 128
Trd, 8639718.082, 114
Trd, 8639719.232, 99
Trd, 8639719.632, 116
Trd, 8639721.232, 115
Trd, 8639721.932, 114
Trd, 8639722.132, 95
Trd, 8639723.182, 111
Trd, 8639723.482, 122
Trd, 8639724.232, 121
Trd, 8639724.382, 79
Trd, 8639726.332, 136
Trd, 8639727.432, 121
Trd, 8639727.732, 131
Trd, 8639728.082, 109
Trd, 8639728.882, 98
Trd, 8639729.432, 131
Trd, 8639731.332, 125
Trd, 8639731.982, 125
Trd, 8639733.032, 105
Trd, 8639733.932, 94
Trd, 8639734.132, 89
Trd, 8639734.882, 99
Trd, 8639738.082, 132
Trd, 8639738.332, 110
Trd, 8639738.782, 136
Trd, 8639740.132, 115
Trd, 8639741.082, 128
Trd, 8639741.732, 140
Trd, 8639742.182, 97
Trd, 8639743.482, 126
Trd, 8639744.532, 112
Trd, 8639746.182, 126
Trd, 8639746.732, 129
Trd, 8639746.932, 99
Trd, 8639747.382, 127
Trd, 8639747.982, 89
Trd, 8639748.332, 93
Trd, 8639749.382, 99
Trd, 8639750.382, 135
Trd, 8639751.232, 87
Trd, 8639752.482, 137
Trd, 8639754.032, 126
Trd, 8639755.032, 103
Trd, 8639755.682, 114
Trd, 8639756.532, 136
Trd, 8639760.732, 134
Trd, 8639760.882, 132
Trd, 8639761.232, 131
Trd, 8639761.432, 120
Trd, 8639762.182, 135
Trd, 8639763.032, 71
Trd, 8639765.482, 113
Trd, 8639765.632, 109
Trd, 8639766.832, 111
Trd, 8639767.032, 104
Trd, 8639767.632, 125
Trd, 8639768.482, 127
Trd, 8639769.132, 104
Trd, 8639769.682, 130
Trd, 8639770.032, 125
Trd, 8639771.182, 137
Trd, 8639772.082, 130
Trd, 8639773.732, 96
Trd, 8639773.932, 113
Trd, 8639774.582, 104
Trd, 8639774.682, 78
Trd, 8639775.432, 117
Trd, 8639776.732, 137
Trd, 8639776.982, 121
Trd, 8639777.882, 113
Trd, 8639779.882, 101
Trd, 8639780.082, 98
Trd, 8639780.182, 101
Trd, 8639781.182, 95
Trd, 8639781.532, 130
Trd, 8639782.032, 125
Trd, 8639783.132, 124
Trd, 8639784.182, 111
Trd, 8639784.932, 105
Trd, 8639785.132, 73
Trd, 8639785.382, 85
Trd, 8639785.732, 133
Trd, 8639786.082, 114
Trd, 8639787.332, 114
Trd, 8639788.982, 120
Trd, 8639789.982, 92
Trd, 8639790.082, 89
Trd, 8639792.432, 86
Trd, 8639792.632, 95
Trd, 8639792.882, 78
Trd, 8639792.982, 111
Trd, 8639793.832, 126
Trd, 8639794.682, 86
Trd, 8639794.832, 125
Trd, 8639796.582, 105
Trd, 8639796.632, 96
Trd, 8639797.982, 104
Trd, 8639798.082, 86
Trd, 8639799.282, 125
Trd, 8639800.632, 121
Trd, 8639800.882, 106
Trd, 8639801.332, 117
Trd, 8639802.132, 90
Trd, 8639803.182, 119
Trd, 8639804.682, 121
Trd, 8639804.932, 118
Trd, 8639805.532, 111
Trd, 8639806.232, 97
Trd, 8639808.882, 114
Trd, 8639809.732, 139
Trd, 8639810.332, 122
Trd, 8639810.382, 103
Trd, 8639810.882, 113
Trd, 8639813.632, 136
Trd, 8639813.782, 124
Trd, 8639814.482, 98
Trd, 8639814.982, 108
Trd, 8639815.182, 85
Trd, 8639815.632, 107
Trd, 8639817.282, 103
Trd, 8639818.482, 82
Trd, 8639818.682, 93
Trd, 8639819.282, 137
Trd, 8639822.882, 139
Trd, 8639823.682, 120
Trd, 8639823.832, 114
Trd, 8639825.332, 113
Trd, 8639825.432, 123
Trd, 8639826.632, 121
Trd, 8639827.982, 138
Trd, 8639828.182, 115
Trd, 8639828.682, 120
Trd, 8639828.782, 123
Trd, 8639828.932, 72
Trd, 8639829.582, 72
Trd, 8639830.482, 126
Trd, 8639831.232, 113
Trd, 8639832.032, 138
Trd, 8639833.032, 116
Trd, 8639835.132, 123
Trd, 8639835.232, 125
Trd, 8639835.782, 124
Trd, 8639837.182, 111
Trd, 8639837.232, 121
Trd, 8639837.282, 111
Trd, 8639837.332, 96
Trd, 8639839.332, 133
Trd, 8639839.732, 108
Trd, 8639840.782, 93
Trd, 8639840.832, 83
Trd, 8639843.282, 134
Trd, 8639844.282, 135
Trd, 8639846.032, 122
Trd, 8639846.332, 123
Trd, 8639846.682, 109
Trd, 8639846.782, 111
Trd, 8639849.432, 104
Trd, 8639850.132, 119
Trd, 8639851.832, 113
Trd, 8639852.932, 108
Trd, 8639852.982, 99
Trd, 8639854.432, 134
Trd, 8639854.832, 121
Trd, 8639855.382, 133
Trd, 8639855.882, 119
Trd, 8639857.032, 109
Trd, 8639858.282, 98
Trd, 8639859.132, 134
Trd, 8639860.132, 128
Trd, 8639861.782, 117
Trd, 8639863.682, 92
Trd, 8639864.582, 137
Trd, 8639864.932, 116
Trd, 8639865.132, 136
Trd, 8639867.632, 131
Trd, 8639868.282, 129
Trd, 8639869.382, 111
Trd, 8639870.082, 67
Trd, 8639870.282, 87
Trd, 8639870.332, 100
Trd, 8639871.432, 140
Trd, 8639873.832, 137
Trd, 8639874.482, 122
Trd, 8639875.732, 105
Trd, 8639876.532, 112
Trd, 8639876.932, 126
Trd, 8639877.932, 136
Trd, 8639878.632, 137
Trd, 8639879.782, 122
Trd, 8639881.732, 134
Trd, 8639882.882, 113
Trd, 8639883.282, 123
Trd, 8639884.482, 125
Trd, 8639884.832, 101
Trd, 8639885.132, 100
Trd, 8639886.282, 136
Trd, 8639887.482, 124
Trd, 8639887.882, 138
Trd, 8639888.682, 140
Trd, 8639889.282, 113
Trd, 8639890.382, 139
Trd, 8639892.532, 127
Trd, 8639893.282, 117
Trd, 8639895.232, 131
Trd, 8639896.232, 120
Trd, 8639896.582, 105
Trd, 8639897.032, 139
Trd, 8639898.132, 125
Trd, 8639898.632, 135
Trd, 8639900.532, 122
Trd, 8639901.432, 105
Trd, 8639902.732, 140
Trd, 8639904.732, 123
Trd, 8639905.182, 115
Trd, 8639905.232, 114
Trd, 8639905.882, 110
Trd, 8639906.582, 65
Trd, 8639908.182, 83
Trd, 8639908.782, 126
Trd, 8639909.682, 113
Trd, 8639910.782, 138
Trd, 8639911.882, 120
Trd, 8639912.482, 101
Trd, 8639912.832, 114
Trd, 8639913.132, 102
Trd, 8639913.332, 69
Trd, 8639915.582, 116
Trd, 8639916.182, 136
Trd, 8639917.482, 115
Trd, 8639918.882, 104
Trd, 8639919.132, 93
Trd, 8639919.532, 103
Trd, 8639919.782, 132
Trd, 8639919.982, 89
Trd, 8639920.432, 124
Trd, 8639921.532, 69
Trd, 8639921.582, 124
Trd, 8639922.132, 131
Trd, 8639922.682, 117
Trd, 8639925.282, 107
Trd, 8639926.432, 105
Trd, 8639926.932, 85
Trd, 8639928.332, 119
Trd, 8639929.332, 137
Trd, 8639930.132, 125
Trd, 8639930.682, 126
Trd, 8639931.482, 119
Trd, 8639933.732, 120
Trd, 8639934.032, 107
Trd, 8639934.282, 109
Trd, 8639936.482, 119
Trd, 8639936.732, 118
Trd, 8639937.032, 109
Trd, 8639938.432, 120
Trd, 8639940.032, 117
Trd, 8639940.082, 115
Trd, 8639940.732, 119
Trd, 8639941.182, 89
Trd, 8639941.332, 132
Trd, 8639942.032, 140
Trd, 8639942.132, 131
Trd, 8639943.282, 133
Trd, 8639944.682, 129
Trd, 8639947.582, 139
Trd, 8639949.082, 128
Trd, 8639949.132, 121
Trd, 8639949.482, 120
Trd, 8639949.632, 132
Trd, 8639949.682, 96
Trd, 8639949.932, 127
Trd, 8639950.782, 121
Trd, 8639951.032, 83
Trd, 8639951.732, 82
Trd, 8639953.432, 136
Trd, 8639953.532, 126
Trd, 8639953.632, 111
Trd, 8639954.282, 140
Trd, 8639955.582, 113
Trd, 8639957.232, 124
Trd, 8639957.682, 140
Trd, 8639958.482, 136
Trd, 8639958.932, 110
Trd, 8639960.182, 135
Trd, 8639960.982, 115
Trd, 8639961.782, 132
Trd, 8639963.082, 116
Trd, 8639964.282, 132
Trd, 8639965.232, 139
Trd, 8639965.432, 132
Trd, 8639965.732, 133
Trd, 8639965.832, 130
Trd, 8639967.032, 129
Trd, 8639967.582, 118
Trd, 8639969.982, 136
Trd, 8639970.532, 130
Trd, 8639972.082, 135
Trd, 8639972.832, 128
Trd, 8639973.932, 104
Trd, 8639974.732, 140
Trd, 8639975.432, 110
Trd, 8639976.132, 129
Trd, 8639976.532, 116
Trd, 8639977.582, 91
Trd, 8639979.082, 137
Trd, 8639980.182, 138
Trd, 8639981.132, 132
Trd, 8639981.332, 127
Trd, 8639981.882, 109
Trd, 8639982.282, 110
Trd, 8639982.682, 120
Trd, 8639985.932, 124
Trd, 8639986.932, 123
Trd, 8639987.082, 107
Trd, 8639988.682, 113
Trd, 8639988.782, 130
Trd, 8639990.082, 101
Trd, 8639991.432, 136
Trd, 8639992.082, 129
Trd, 8639995.082, 111
Trd, 8639995.682, 124
Trd, 8639996.132, 128
Trd, 8639996.482, 102
Trd, 8639997.082, 108
Trd, 8639997.182, 100
Trd, 8639999.732, 138
