Trd, 8638151.832, 65
Trd, 8638151.882, 68
Trd, 8638152.482, 101
Trd, 8638153.332, 79
Trd, 8638153.582, 66
Trd, 8638153.632, 125
Trd, 8638154.082, 62
Trd, 8638154.682, 122
Trd, 8638155.082, 98
Trd, 8638155.732, 139
Trd, 8638156.882, 95
Trd, 8638157.232, 106
Trd, 8638158.182, 111
Trd, 8638158.632, 71
Trd, 8638158.682, 67
Trd, 8638160.782, 138
Trd, 8638161.682, 140
Trd, 8638162.282, 114
Trd, 8638162.982, 140
Trd, 8638163.582, 139
Trd, 8638164.982, 135
Trd, 8638165.432, 121
Trd, 8638165.582, 140
Trd, 8638166.882, 114
Trd, 8638166.932, 135
Trd, 8638167.582, 127
Trd, 8638167.632, 116
Trd, 8638168.632, 116
Trd, 8638168.932, 101
Trd, 8638169.632, 125
Trd, 8638170.432, 112
Trd, 8638170.582, 86
Trd, 8638171.482, 64
Trd, 8638171.682, 68
Trd, 8638172.682, 140
Trd, 8638173.582, 140
Trd, 8638173.932, 121
Trd, 8638176.082, 136
Trd, 8638176.232, 96
Trd, 8638176.282, 73
Trd, 8638176.932, 80
Trd, 8638177.832, 140
Trd, 8638178.132, 139
Trd, 8638178.182, 111
Trd, 8638178.832, 66
Trd, 8638179.582, 60
Trd, 8638179.682, 60
Trd, 8638180.732, 113
Trd, 8638181.432, 74
Trd, 8638182.232, 108
Trd, 8638183.132, 85
Trd, 8638183.582, 125
Trd, 8638185.432, 140
Trd, 8638186.232, 140
Trd, 8638186.982, 125
Trd, 8638187.482, 140
Trd, 8638187.832, 139
Trd, 8638188.432, 128
Trd, 8638188.482, 107
Trd, 8638189.482, 130
Trd, 8638190.382, 118
Trd, 8638190.682, 114
Trd, 8638190.982, 112
Trd, 8638191.932, 119
Trd, 8638193.032, 97
Trd, 8638193.932, 62
Trd, 8638194.682, 112
Trd, 8638195.132, 86
Trd, 8638195.482, 122
Trd, 8638195.782, 140
Trd, 8638197.482, 96
Trd, 8638198.282, 77
Trd, 8638200.232, 84
Trd, 8638200.632, 117
Trd, 8638200.982, 80
Trd, 8638201.782, 140
Trd, 8638202.082, 137
Trd, 8638202.582, 124
Trd, 8638203.132, 132
Trd, 8638203.182, 118
Trd, 8638204.282, 112
Trd, 8638205.582, 105
Trd, 8638206.932, 136
Trd, 8638207.082, 135
Trd, 8638208.382, 140
Trd, 8638209.532, 140
Trd, 8638209.832, 138
Trd, 8638210.532, 84
Trd, 8638211.482, 64
Trd, 8638212.282, 140
Trd, 8638212.832, 138
Trd, 8638213.382, 134
Trd, 8638214.032, 139
Trd, 8638214.932, 136
Trd, 8638215.432, 122
Trd, 8638216.132, 139
Trd, 8638216.432, 100
Trd, 8638216.482, 82
Trd, 8638217.282, 100
Trd, 8638217.882, 139
Trd, 8638220.082, 140
Trd, 8638220.932, 139
Trd, 8638221.182, 126
Trd, 8638221.332, 124
Trd, 8638222.532, 94
Trd, 8638223.432, 130
Trd, 8638224.082, 140
Trd, 8638224.332, 139
Trd, 8638224.732, 121
Trd, 8638225.782, 78
Trd, 8638227.482, 66
Trd, 8638228.082, 116
Trd, 8638228.282, 116
Trd, 8638228.482, 121
Trd, 8638229.882, 75
Trd, 8638230.282, 102
Trd, 8638230.682, 130
Trd, 8638230.732, 125
Trd, 8638231.232, 107
Trd, 8638231.282, 132
Trd, 8638232.382, 92
Trd, 8638233.932, 77
Trd, 8638234.482, 86
Trd, 8638234.832, 140
Trd, 8638235.982, 140
Trd, 8638236.582, 82
Trd, 8638238.332, 140
Trd, 8638238.482, 123
Trd, 8638239.082, 105
Trd, 8638239.382, 131
Trd, 8638240.682, 134
Trd, 8638241.232, 140
Trd, 8638242.482, 97
Trd, 8638242.782, 90
Trd, 8638243.382, 87
Trd, 8638243.782, 75
Trd, 8638244.582, 68
Trd, 8638245.082, 75
Trd, 8638245.282, 118
Trd, 8638246.082, 99
Trd, 8638247.382, 94
Trd, 8638247.532, 88
Trd, 8638248.082, 139
Trd, 8638248.382, 128
Trd, 8638248.732, 140
Trd, 8638249.882, 140
Trd, 8638250.732, 123
Trd, 8638251.482, 112
Trd, 8638251.782, 77
Trd, 8638252.732, 99
Trd, 8638253.332, 75
Trd, 8638254.332, 86
Trd, 8638254.732, 92
Trd, 8638255.032, 138
Trd, 8638256.232, 136
Trd, 8638256.482, 69
Trd, 8638257.532, 130
Trd, 8638257.732, 117
Trd, 8638258.632, 136
Trd, 8638259.182, 127
Trd, 8638259.532, 109
Trd, 8638260.482, 139
Trd, 8638261.332, 130
Trd, 8638262.082, 140
Trd, 8638262.382, 127
Trd, 8638262.632, 108
Trd, 8638265.682, 114
Trd, 8638265.782, 107
Trd, 8638266.032, 101
Trd, 8638266.782, 97
Trd, 8638266.882, 74
Trd, 8638267.832, 138
Trd, 8638268.582, 139
Trd, 8638268.832, 130
Trd, 8638269.882, 92
Trd, 8638270.232, 139
Trd, 8638270.732, 88
Trd, 8638272.082, 89
Trd, 8638272.182, 96
Trd, 8638273.082, 139
Trd, 8638275.332, 99
Trd, 8638275.582, 140
Trd, 8638276.082, 140
Trd, 8638276.632, 140
Trd, 8638277.032, 140
Trd, 8638277.532, 140
Trd, 8638278.332, 116
Trd, 8638279.282, 136
Trd, 8638279.382, 97
Trd, 8638279.582, 90
Trd, 8638280.332, 94
Trd, 8638281.932, 140
Trd, 8638282.482, 124
Trd, 8638282.582, 116
Trd, 8638284.632, 138
Trd, 8638284.932, 124
Trd, 8638286.232, 120
Trd, 8638286.832, 122
Trd, 8638287.782, 92
Trd, 8638288.982, 140
Trd, 8638289.932, 140
Trd, 8638290.132, 124
Trd, 8638291.732, 131
Trd, 8638292.332, 104
Trd, 8638293.132, 96
Trd, 8638293.332, 93
Trd, 8638293.582, 73
Trd, 8638293.982, 65
Trd, 8638294.232, 80
Trd, 8638294.282, 121
Trd, 8638295.582, 107
Trd, 8638296.482, 69
Trd, 8638296.982, 72
Trd, 8638297.432, 105
Trd, 8638298.282, 90
Trd, 8638299.332, 81
Trd, 8638299.582, 89
Trd, 8638299.632, 119
Trd, 8638300.432, 140
Trd, 8638300.782, 126
Trd, 8638302.382, 123
Trd, 8638302.482, 107
Trd, 8638302.732, 78
Trd, 8638304.082, 96
Trd, 8638304.782, 76
Trd, 8638305.132, 93
Trd, 8638306.782, 93
Trd, 8638306.932, 125
Trd, 8638308.032, 68
Trd, 8638308.682, 66
Trd, 8638309.032, 125
Trd, 8638309.582, 77
Trd, 8638311.582, 140
Trd, 8638311.632, 128
Trd, 8638312.282, 125
Trd, 8638312.432, 112
Trd, 8638313.682, 78
Trd, 8638314.032, 102
Trd, 8638314.482, 140
Trd, 8638315.832, 139
Trd, 8638316.832, 85
Trd, 8638316.882, 73
Trd, 8638318.832, 79
Trd, 8638318.882, 72
Trd, 8638318.932, 62
Trd, 8638319.682, 140
Trd, 8638320.982, 139
Trd, 8638321.132, 92
Trd, 8638321.582, 71
Trd, 8638322.282, 60
Trd, 8638323.582, 89
Trd, 8638323.732, 70
Trd, 8638324.082, 129
Trd, 8638325.782, 74
Trd, 8638325.832, 83
Trd, 8638326.832, 76
Trd, 8638328.282, 80
Trd, 8638328.432, 71
Trd, 8638328.732, 61
Trd, 8638328.982, 113
Trd, 8638329.882, 72
Trd, 8638329.932, 70
Trd, 8638330.382, 80
Trd, 8638331.032, 61
Trd, 8638333.532, 65
Trd, 8638333.682, 86
Trd, 8638334.132, 140
Trd, 8638334.632, 96
Trd, 8638335.032, 92
Trd, 8638336.682, 84
Trd, 8638336.932, 121
Trd, 8638337.182, 81
Trd, 8638338.482, 140
Trd, 8638338.782, 73
Trd, 8638340.332, 67
Trd, 8638340.882, 76
Trd, 8638340.982, 89
Trd, 8638341.232, 75
Trd, 8638341.732, 110
Trd, 8638342.332, 136
Trd, 8638343.832, 88
Trd, 8638344.382, 79
Trd, 8638344.832, 86
Trd, 8638345.282, 140
Trd, 8638346.532, 131
Trd, 8638346.632, 117
Trd, 8638347.832, 74
Trd, 8638347.882, 66
Trd, 8638348.882, 115
Trd, 8638349.432, 98
Trd, 8638349.582, 95
Trd, 8638349.682, 139
Trd, 8638350.932, 76
Trd, 8638351.082, 86
Trd, 8638352.682, 95
Trd, 8638353.132, 114
Trd, 8638353.732, 128
Trd, 8638355.282, 139
Trd, 8638356.532, 108
Trd, 8638356.782, 140
Trd, 8638357.632, 101
Trd, 8638358.582, 100
Trd, 8638358.632, 90
Trd, 8638359.532, 62
Trd, 8638360.632, 140
Trd, 8638361.682, 140
Trd, 8638362.182, 102
Trd, 8638363.532, 139
Trd, 8638363.632, 139
Trd, 8638363.882, 125
Trd, 8638365.182, 73
Trd, 8638367.282, 112
Trd, 8638367.632, 140
Trd, 8638367.732, 124
Trd, 8638368.882, 79
Trd, 8638369.682, 97
Trd, 8638369.932, 89
Trd, 8638369.982, 114
Trd, 8638370.182, 83
Trd, 8638371.182, 140
Trd, 8638373.182, 140
Trd, 8638373.332, 139
Trd, 8638373.832, 91
Trd, 8638374.982, 80
Trd, 8638375.132, 82
Trd, 8638375.832, 91
Trd, 8638376.082, 135
Trd, 8638377.682, 132
Trd, 8638378.232, 139
Trd, 8638378.282, 93
Trd, 8638379.232, 75
Trd, 8638379.782, 68
Trd, 8638379.982, 71
Trd, 8638380.682, 140
Trd, 8638381.882, 140
Trd, 8638382.182, 136
Trd, 8638384.632, 74
Trd, 8638384.682, 113
Trd, 8638385.332, 140
Trd, 8638385.582, 138
Trd, 8638385.682, 125
Trd, 8638386.132, 68
Trd, 8638387.132, 101
Trd, 8638387.732, 138
Trd, 8638389.382, 75
Trd, 8638390.082, 67
Trd, 8638390.682, 87
Trd, 8638391.182, 86
Trd, 8638391.332, 90
Trd, 8638391.732, 80
Trd, 8638392.382, 76
Trd, 8638392.532, 82
Trd, 8638393.832, 124
Trd, 8638395.282, 88
Trd, 8638395.432, 87
Trd, 8638396.082, 123
Trd, 8638396.232, 87
Trd, 8638396.582, 138
Trd, 8638397.282, 140
Trd, 8638398.382, 113
Trd, 8638399.032, 137
Trd, 8638399.632, 108
Trd, 8638400.382, 72
Trd, 8638400.782, 60
Trd, 8638401.032, 86
Trd, 8638402.982, 139
Trd, 8638403.032, 127
Trd, 8638403.632, 130
Trd, 8638404.832, 133
Trd, 8638405.482, 67
Trd, 8638406.682, 139
Trd, 8638407.382, 139
Trd, 8638407.832, 132
Trd, 8638408.032, 110
Trd, 8638408.582, 137
Trd, 8638408.732, 127
Trd, 8638409.032, 139
Trd, 8638409.882, 102
Trd, 8638410.782, 113
Trd, 8638412.982, 140
Trd, 8638413.282, 139
Trd, 8638413.482, 140
Trd, 8638414.682, 129
Trd, 8638414.982, 113
Trd, 8638416.182, 95
Trd, 8638418.132, 140
Trd, 8638418.182, 138
Trd, 8638418.232, 134
Trd, 8638419.882, 139
Trd, 8638420.032, 136
Trd, 8638420.282, 115
Trd, 8638420.932, 93
Trd, 8638421.682, 93
Trd, 8638422.082, 96
Trd, 8638422.932, 139
Trd, 8638423.232, 140
Trd, 8638423.532, 99
Trd, 8638424.332, 105
Trd, 8638425.382, 140
Trd, 8638425.632, 125
Trd, 8638426.082, 140
Trd, 8638427.282, 126
Trd, 8638427.382, 117
Trd, 8638428.532, 64
Trd, 8638428.882, 90
Trd, 8638429.532, 122
Trd, 8638430.482, 100
Trd, 8638431.082, 140
Trd, 8638431.532, 98
Trd, 8638432.382, 90
Trd, 8638433.382, 140
Trd, 8638433.432, 138
Trd, 8638433.632, 89
Trd, 8638435.132, 72
Trd, 8638436.032, 120
Trd, 8638436.532, 139
Trd, 8638436.582, 118
Trd, 8638436.782, 110
Trd, 8638437.032, 68
Trd, 8638437.782, 105
Trd, 8638438.582, 139
Trd, 8638438.782, 140
Trd, 8638439.332, 67
Trd, 8638440.332, 122
Trd, 8638440.532, 106
Trd, 8638441.832, 117
Trd, 8638442.732, 105
Trd, 8638444.382, 139
Trd, 8638444.482, 136
Trd, 8638445.032, 140
Trd, 8638445.382, 140
Trd, 8638446.732, 140
Trd, 8638447.082, 140
Trd, 8638447.432, 127
Trd, 8638449.132, 124
Trd, 8638449.232, 97
Trd, 8638450.632, 139
Trd, 8638450.882, 115
Trd, 8638450.932, 107
Trd, 8638451.482, 99
Trd, 8638452.032, 136
Trd, 8638453.232, 79
Trd, 8638453.382, 125
Trd, 8638453.482, 78
Trd, 8638454.732, 139
Trd, 8638455.982, 114
Trd, 8638456.132, 101
Trd, 8638456.482, 98
Trd, 8638456.932, 107
Trd, 8638458.382, 65
Trd, 8638459.232, 73
Trd, 8638459.332, 76
Trd, 8638459.982, 95
Trd, 8638460.632, 115
Trd, 8638462.182, 139
Trd, 8638462.382, 96
Trd, 8638462.532, 97
Trd, 8638463.982, 120
Trd, 8638464.332, 109
Trd, 8638464.782, 62
Trd, 8638465.382, 82
Trd, 8638466.032, 77
Trd, 8638466.382, 139
Trd, 8638467.232, 132
Trd, 8638467.532, 140
Trd, 8638468.382, 139
Trd, 8638468.832, 128
Trd, 8638468.882, 114
Trd, 8638469.582, 91
Trd, 8638472.532, 92
Trd, 8638473.082, 63
Trd, 8638473.232, 109
Trd, 8638473.432, 140
Trd, 8638474.682, 140
Trd, 8638475.232, 122
Trd, 8638475.582, 108
Trd, 8638475.982, 99
Trd, 8638476.082, 92
Trd, 8638477.332, 62
Trd, 8638478.382, 71
Trd, 8638479.182, 87
Trd, 8638479.382, 88
Trd, 8638479.932, 69
Trd, 8638480.282, 114
Trd, 8638480.582, 85
Trd, 8638481.632, 140
Trd, 8638481.782, 126
Trd, 8638481.932, 115
Trd, 8638482.332, 130
Trd, 8638484.232, 64
Trd, 8638485.182, 63
Trd, 8638485.482, 67
Trd, 8638486.182, 65
Trd, 8638487.082, 97
Trd, 8638487.232, 135
Trd, 8638487.632, 127
Trd, 8638488.782, 102
Trd, 8638489.082, 92
Trd, 8638489.382, 107
Trd, 8638489.982, 138
Trd, 8638491.082, 128
Trd, 8638491.332, 102
Trd, 8638492.632, 106
Trd, 8638493.232, 98
Trd, 8638493.382, 99
Trd, 8638494.232, 102
Trd, 8638494.682, 102
Trd, 8638495.982, 140
Trd, 8638496.682, 124
Trd, 8638497.132, 120
Trd, 8638497.332, 99
Trd, 8638497.582, 86
Trd, 8638498.682, 140
Trd, 8638499.782, 94
Trd, 8638500.182, 138
Trd, 8638500.632, 93
Trd, 8638501.432, 85
Trd, 8638501.932, 115
Trd, 8638502.082, 140
Trd, 8638502.332, 74
Trd, 8638502.832, 129
Trd, 8638503.632, 67
Trd, 8638505.882, 137
Trd, 8638506.682, 115
Trd, 8638506.982, 100
Trd, 8638508.282, 118
Trd, 8638508.582, 86
Trd, 8638509.932, 137
Trd, 8638510.532, 138
Trd, 8638510.882, 127
Trd, 8638511.482, 107
Trd, 8638512.282, 86
Trd, 8638512.632, 95
Trd, 8638513.582, 140
Trd, 8638513.882, 140
Trd, 8638514.232, 93
Trd, 8638514.482, 80
Trd, 8638516.082, 103
Trd, 8638516.982, 140
Trd, 8638517.382, 81
Trd, 8638518.232, 140
Trd, 8638519.082, 116
Trd, 8638519.182, 112
Trd, 8638520.782, 138
Trd, 8638520.882, 127
Trd, 8638521.282, 140
Trd, 8638521.632, 126
Trd, 8638521.732, 92
Trd, 8638522.482, 83
Trd, 8638523.632, 140
Trd, 8638523.682, 92
Trd, 8638524.432, 60
Trd, 8638524.482, 68
Trd, 8638526.082, 74
Trd, 8638526.482, 96
Trd, 8638528.532, 79
Trd, 8638528.582, 92
Trd, 8638529.382, 97
Trd, 8638530.782, 138
Trd, 8638531.082, 136
Trd, 8638531.282, 122
Trd, 8638532.082, 98
Trd, 8638533.082, 126
Trd, 8638533.582, 78
Trd, 8638533.782, 83
Trd, 8638535.382, 82
Trd, 8638536.882, 78
Trd, 8638537.032, 77
Trd, 8638537.582, 115
Trd, 8638537.932, 76
Trd, 8638538.032, 91
Trd, 8638538.832, 82
Trd, 8638539.282, 78
Trd, 8638540.182, 137
Trd, 8638540.282, 139
Trd, 8638541.732, 67
Trd, 8638543.832, 77
Trd, 8638543.882, 83
Trd, 8638544.682, 139
Trd, 8638545.282, 87
Trd, 8638545.932, 112
Trd, 8638545.982, 101
Trd, 8638546.682, 139
Trd, 8638547.282, 92
Trd, 8638547.582, 136
Trd, 8638548.982, 77
Trd, 8638549.982, 126
Trd, 8638550.532, 109
Trd, 8638551.832, 92
Trd, 8638552.232, 124
Trd, 8638552.632, 93
Trd, 8638553.432, 98
Trd, 8638553.782, 99
Trd, 8638554.732, 140
Trd, 8638554.982, 100
Trd, 8638556.032, 90
Trd, 8638556.882, 103
Trd, 8638557.432, 94
Trd, 8638559.032, 95
Trd, 8638559.282, 103
Trd, 8638560.032, 131
Trd, 8638560.132, 89
Trd, 8638560.432, 88
Trd, 8638562.032, 118
Trd, 8638562.082, 124
Trd, 8638562.782, 140
Trd, 8638562.932, 121
Trd, 8638563.532, 116
Trd, 8638564.282, 140
Trd, 8638565.432, 140
Trd, 8638565.832, 126
Trd, 8638566.182, 111
Trd, 8638566.782, 93
Trd, 8638567.132, 74
Trd, 8638567.732, 103
Trd, 8638568.282, 138
Trd, 8638569.882, 139
Trd, 8638570.182, 139
Trd, 8638570.832, 139
Trd, 8638571.982, 109
Trd, 8638572.132, 99
Trd, 8638572.932, 83
Trd, 8638573.582, 65
Trd, 8638574.632, 139
Trd, 8638574.732, 125
Trd, 8638576.982, 140
Trd, 8638577.232, 139
Trd, 8638578.532, 118
Trd, 8638579.332, 139
Trd, 8638580.082, 140
Trd, 8638580.432, 119
Trd, 8638580.732, 129
Trd, 8638581.132, 92
Trd, 8638582.182, 98
Trd, 8638583.782, 136
Trd, 8638584.632, 71
Trd, 8638585.382, 78
Trd, 8638585.832, 139
Trd, 8638586.482, 138
Trd, 8638586.832, 64
Trd, 8638587.082, 88
Trd, 8638588.532, 66
Trd, 8638588.832, 102
Trd, 8638589.632, 75
Trd, 8638590.932, 139
Trd, 8638591.532, 139
Trd, 8638592.582, 139
Trd, 8638592.682, 139
Trd, 8638593.682, 132
Trd, 8638594.182, 118
Trd, 8638595.232, 140
Trd, 8638595.682, 102
Trd, 8638597.632, 140
Trd, 8638597.932, 140
Trd, 8638598.282, 113
Trd, 8638599.432, 136
Trd, 8638600.082, 96
Trd, 8638601.182, 139
Trd, 8638601.282, 109
Trd, 8638601.432, 96
Trd, 8638602.332, 125
Trd, 8638602.632, 108
Trd, 8638603.382, 136
Trd, 8638605.582, 130
Trd, 8638605.682, 118
Trd, 8638606.932, 138
Trd, 8638607.432, 140
Trd, 8638607.882, 123
Trd, 8638608.132, 138
Trd, 8638608.282, 96
Trd, 8638609.232, 140
Trd, 8638609.732, 95
Trd, 8638610.332, 138
Trd, 8638610.682, 134
Trd, 8638611.482, 106
Trd, 8638611.732, 96
Trd, 8638612.832, 140
Trd, 8638614.932, 140
Trd, 8638615.982, 138
Trd, 8638616.032, 125
Trd, 8638616.282, 124
Trd, 8638617.382, 136
Trd, 8638618.032, 136
Trd, 8638618.282, 94
Trd, 8638619.582, 112
Trd, 8638620.282, 136
Trd, 8638620.482, 110
Trd, 8638620.982, 98
Trd, 8638622.082, 140
Trd, 8638622.482, 137
Trd, 8638622.832, 107
Trd, 8638623.632, 135
Trd, 8638624.032, 84
Trd, 8638626.232, 83
Trd, 8638626.332, 72
Trd, 8638626.382, 104
Trd, 8638626.982, 82
Trd, 8638628.532, 135
Trd, 8638630.082, 140
Trd, 8638631.382, 131
Trd, 8638631.982, 95
Trd, 8638632.532, 138
Trd, 8638632.732, 103
Trd, 8638633.132, 100
Trd, 8638634.432, 137
Trd, 8638634.482, 95
Trd, 8638634.682, 128
Trd, 8638635.132, 128
Trd, 8638635.432, 132
Trd, 8638636.982, 101
Trd, 8638637.332, 123
Trd, 8638638.232, 116
Trd, 8638639.132, 139
Trd, 8638640.382, 139
Trd, 8638640.482, 139
Trd, 8638641.282, 105
Trd, 8638641.932, 136
Trd, 8638642.582, 97
Trd, 8638643.832, 102
Trd, 8638644.132, 139
Trd, 8638645.732, 139
Trd, 8638645.882, 139
Trd, 8638646.182, 129
Trd, 8638646.382, 125
Trd, 8638646.832, 122
Trd, 8638647.282, 113
Trd, 8638649.132, 140
Trd, 8638650.482, 140
Trd, 8638650.582, 97
Trd, 8638652.532, 138
Trd, 8638652.932, 123
Trd, 8638653.532, 137
Trd, 8638654.482, 140
Trd, 8638654.532, 125
Trd, 8638654.582, 124
Trd, 8638656.082, 136
Trd, 8638656.432, 107
Trd, 8638658.082, 108
Trd, 8638658.532, 138
Trd, 8638659.632, 139
Trd, 8638660.332, 138
Trd, 8638660.532, 126
Trd, 8638660.932, 140
Trd, 8638661.382, 101
Trd, 8638663.382, 139
Trd, 8638664.682, 129
Trd, 8638665.982, 138
Trd, 8638666.232, 125
Trd, 8638666.282, 120
Trd, 8638666.332, 94
Trd, 8638668.732, 139
Trd, 8638668.832, 119
Trd, 8638669.182, 126
Trd, 8638670.332, 139
Trd, 8638670.432, 107
Trd, 8638670.732, 97
Trd, 8638671.032, 119
Trd, 8638672.332, 140
Trd, 8638672.432, 97
Trd, 8638673.082, 85
Trd, 8638674.532, 97
Trd, 8638674.632, 73
Trd, 8638674.982, 92
Trd, 8638675.532, 72
Trd, 8638676.232, 73
Trd, 8638677.632, 84
Trd, 8638677.832, 111
Trd, 8638677.982, 110
Trd, 8638679.232, 131
Trd, 8638680.182, 104
Trd, 8638680.282, 112
Trd, 8638683.282, 140
Trd, 8638683.382, 140
Trd, 8638683.532, 134
Trd, 8638683.632, 117
Trd, 8638683.832, 116
Trd, 8638684.932, 85
Trd, 8638686.282, 140
Trd, 8638687.282, 140
Trd, 8638687.682, 140
Trd, 8638689.432, 140
Trd, 8638690.482, 124
Trd, 8638690.682, 124
Trd, 8638691.432, 126
Trd, 8638692.232, 138
Trd, 8638692.432, 124
Trd, 8638692.632, 126
Trd, 8638693.482, 140
Trd, 8638693.932, 129
Trd, 8638694.182, 116
Trd, 8638695.532, 116
Trd, 8638695.782, 111
Trd, 8638695.832, 104
Trd, 8638696.682, 135
Trd, 8638697.232, 64
Trd, 8638698.032, 137
Trd, 8638699.182, 140
Trd, 8638700.432, 139
Trd, 8638701.332, 131
Trd, 8638702.182, 85
Trd, 8638702.782, 100
Trd, 8638702.832, 81
Trd, 8638703.482, 83
Trd, 8638704.232, 139
Trd, 8638704.682, 102
Trd, 8638704.782, 117
Trd, 8638705.632, 80
Trd, 8638706.732, 83
Trd, 8638707.282, 60
Trd, 8638707.982, 60
Trd, 8638708.482, 66
Trd, 8638708.982, 93
Trd, 8638709.632, 62
Trd, 8638710.282, 113
Trd, 8638711.432, 106
Trd, 8638711.482, 102
Trd, 8638712.282, 106
Trd, 8638712.632, 61
Trd, 8638713.832, 140
Trd, 8638714.182, 140
Trd, 8638716.332, 69
Trd, 8638717.532, 140
Trd, 8638717.682, 129
Trd, 8638718.382, 86
Trd, 8638718.532, 140
Trd, 8638718.832, 92
Trd, 8638720.182, 136
Trd, 8638720.332, 125
Trd, 8638721.782, 128
Trd, 8638722.132, 113
Trd, 8638723.132, 140
Trd, 8638723.532, 140
Trd, 8638724.882, 140
Trd, 8638725.132, 137
Trd, 8638726.232, 84
Trd, 8638726.882, 87
Trd, 8638726.982, 86
Trd, 8638727.332, 133
Trd, 8638727.782, 108
Trd, 8638728.732, 63
Trd, 8638730.232, 73
Trd, 8638730.732, 89
Trd, 8638732.032, 139
Trd, 8638732.182, 112
Trd, 8638733.382, 140
Trd, 8638734.182, 95
Trd, 8638734.532, 135
Trd, 8638735.382, 132
Trd, 8638736.932, 139
Trd, 8638737.132, 138
Trd, 8638738.082, 108
Trd, 8638738.382, 82
Trd, 8638738.732, 80
Trd, 8638739.882, 140
Trd, 8638740.032, 137
Trd, 8638741.582, 140
Trd, 8638742.132, 132
Trd, 8638742.332, 131
Trd, 8638742.982, 139
Trd, 8638743.132, 110
Trd, 8638744.182, 119
Trd, 8638746.282, 130
Trd, 8638746.782, 124
Trd, 8638746.982, 140
Trd, 8638747.832, 140
Trd, 8638747.932, 100
Trd, 8638748.882, 87
Trd, 8638749.232, 75
Trd, 8638750.482, 136
Trd, 8638750.632, 96
Trd, 8638752.732, 140
Trd, 8638753.732, 140
Trd, 8638754.132, 140
Trd, 8638755.382, 102
Trd, 8638755.432, 101
Trd, 8638756.332, 87
Trd, 8638757.132, 69
Trd, 8638757.432, 101
Trd, 8638758.332, 140
Trd, 8638758.782, 84
Trd, 8638759.482, 139
Trd, 8638760.382, 140
Trd, 8638761.432, 138
Trd, 8638761.582, 126
Trd, 8638762.732, 91
Trd, 8638763.582, 94
Trd, 8638764.032, 81
Trd, 8638764.232, 77
Trd, 8638764.532, 125
Trd, 8638765.632, 69
Trd, 8638765.832, 137
Trd, 8638765.932, 64
Trd, 8638766.282, 120
Trd, 8638767.232, 132
Trd, 8638768.132, 66
Trd, 8638768.382, 94
Trd, 8638769.132, 83
Trd, 8638769.232, 76
Trd, 8638770.582, 104
Trd, 8638770.932, 71
Trd, 8638772.032, 104
Trd, 8638772.632, 79
Trd, 8638773.732, 72
Trd, 8638773.932, 84
Trd, 8638774.082, 107
Trd, 8638774.732, 62
Trd, 8638775.632, 69
Trd, 8638775.782, 140
Trd, 8638778.082, 74
Trd, 8638778.782, 120
Trd, 8638779.182, 115
Trd, 8638779.382, 72
Trd, 8638779.532, 90
Trd, 8638779.932, 68
Trd, 8638780.482, 111
Trd, 8638781.182, 103
Trd, 8638781.382, 91
Trd, 8638783.632, 140
Trd, 8638783.882, 122
Trd, 8638784.732, 107
Trd, 8638785.082, 96
Trd, 8638785.232, 94
Trd, 8638786.182, 139
Trd, 8638786.382, 140
Trd, 8638788.332, 139
Trd, 8638788.832, 126
Trd, 8638789.632, 133
Trd, 8638790.832, 140
Trd, 8638792.082, 135
Trd, 8638792.182, 117
Trd, 8638793.032, 139
Trd, 8638794.932, 128
Trd, 8638796.082, 140
Trd, 8638796.332, 128
Trd, 8638796.482, 124
Trd, 8638797.182, 139
Trd, 8638798.332, 128
Trd, 8638799.532, 140
Trd, 8638800.032, 126
Trd, 8638800.632, 122
Trd, 8638801.232, 111
Trd, 8638801.882, 104
Trd, 8638802.382, 129
Trd, 8638802.832, 67
Trd, 8638803.882, 73
Trd, 8638804.132, 116
Trd, 8638805.882, 140
Trd, 8638806.532, 122
Trd, 8638807.082, 90
Trd, 8638807.282, 73
Trd, 8638807.482, 62
Trd, 8638808.832, 133
Trd, 8638809.532, 135
Trd, 8638809.782, 116
Trd, 8638810.482, 67
Trd, 8638810.882, 120
Trd, 8638812.482, 139
Trd, 8638813.232, 100
Trd, 8638814.182, 89
Trd, 8638814.332, 83
Trd, 8638814.732, 85
Trd, 8638815.082, 140
Trd, 8638815.782, 140
Trd, 8638816.232, 97
Trd, 8638817.782, 91
Trd, 8638818.032, 81
Trd, 8638818.882, 139
Trd, 8638819.482, 66
Trd, 8638819.932, 98
Trd, 8638820.432, 86
Trd, 8638822.382, 138
Trd, 8638822.932, 140
Trd, 8638823.782, 126
Trd, 8638824.132, 100
Trd, 8638824.232, 87
Trd, 8638825.032, 135
Trd, 8638825.732, 140
Trd, 8638825.782, 125
Trd, 8638826.982, 125
Trd, 8638827.132, 118
Trd, 8638828.232, 139
Trd, 8638829.132, 102
Trd, 8638829.432, 100
Trd, 8638829.882, 140
Trd, 8638829.982, 139
Trd, 8638830.932, 101
Trd, 8638831.432, 98
Trd, 8638832.332, 108
Trd, 8638832.932, 87
Trd, 8638832.982, 102
Trd, 8638833.232, 138
Trd, 8638833.782, 60
Trd, 8638835.232, 95
Trd, 8638835.932, 72
Trd, 8638836.582, 140
Trd, 8638836.782, 101
Trd, 8638838.882, 68
Trd, 8638839.732, 116
Trd, 8638839.882, 62
Trd, 8638840.382, 69
Trd, 8638840.632, 61
Trd, 8638841.832, 140
Trd, 8638842.032, 139
Trd, 8638842.182, 137
Trd, 8638842.532, 123
Trd, 8638843.182, 108
Trd, 8638844.232, 89
Trd, 8638845.082, 140
Trd, 8638845.582, 140
Trd, 8638846.182, 139
Trd, 8638846.282, 121
Trd, 8638847.932, 106
Trd, 8638848.132, 116
Trd, 8638848.882, 140
Trd, 8638849.432, 98
Trd, 8638850.032, 138
Trd, 8638850.082, 125
Trd, 8638850.132, 114
Trd, 8638850.732, 92
Trd, 8638851.632, 138
Trd, 8638852.132, 90
Trd, 8638852.882, 137
Trd, 8638853.982, 109
Trd, 8638854.832, 140
Trd, 8638856.182, 138
Trd, 8638856.782, 115
Trd, 8638856.982, 104
Trd, 8638857.032, 95
Trd, 8638857.832, 61
Trd, 8638857.932, 81
Trd, 8638859.232, 140
Trd, 8638860.932, 139
Trd, 8638861.132, 125
Trd, 8638861.732, 134
Trd, 8638862.582, 140
Trd, 8638862.932, 108
Trd, 8638863.532, 130
Trd, 8638864.632, 88
Trd, 8638864.932, 62
Trd, 8638865.932, 139
Trd, 8638866.532, 139
Trd, 8638866.932, 121
Trd, 8638867.982, 140
Trd, 8638868.732, 77
Trd, 8638869.382, 112
Trd, 8638870.732, 138
Trd, 8638871.182, 140
Trd, 8638871.382, 125
Trd, 8638871.482, 97
Trd, 8638874.132, 87
Trd, 8638874.232, 94
Trd, 8638875.032, 92
Trd, 8638875.732, 140
Trd, 8638876.532, 110
Trd, 8638877.782, 139
Trd, 8638878.382, 126
Trd, 8638878.832, 138
Trd, 8638879.132, 128
Trd, 8638880.432, 135
Trd, 8638880.932, 136
Trd, 8638881.032, 119
Trd, 8638881.182, 89
Trd, 8638882.432, 140
Trd, 8638883.432, 140
Trd, 8638883.532, 103
Trd, 8638884.082, 93
Trd, 8638884.432, 68
Trd, 8638885.732, 140
Trd, 8638886.232, 125
Trd, 8638886.482, 102
Trd, 8638887.782, 139
Trd, 8638888.432, 131
Trd, 8638888.682, 106
Trd, 8638890.132, 140
Trd, 8638890.282, 117
Trd, 8638890.532, 127
Trd, 8638891.482, 102
Trd, 8638892.982, 102
Trd, 8638893.032, 94
Trd, 8638893.582, 89
Trd, 8638894.432, 88
Trd, 8638897.032, 140
Trd, 8638897.082, 140
Trd, 8638897.182, 126
Trd, 8638897.382, 121
Trd, 8638898.182, 140
Trd, 8638898.332, 134
Trd, 8638898.632, 131
Trd, 8638899.032, 139
Trd, 8638899.582, 140
Trd, 8638900.832, 101
Trd, 8638901.232, 108
Trd, 8638902.082, 88
Trd, 8638902.682, 98
Trd, 8638903.082, 73
Trd, 8638903.882, 140
Trd, 8638904.382, 113
Trd, 8638905.082, 102
Trd, 8638905.832, 137
Trd, 8638906.132, 137
Trd, 8638906.432, 137
Trd, 8638908.232, 119
Trd, 8638908.682, 137
Trd, 8638909.532, 92
Trd, 8638910.482, 108
Trd, 8638910.832, 117
Trd, 8638911.132, 108
Trd, 8638911.432, 98
Trd, 8638911.682, 96
Trd, 8638912.832, 138
Trd, 8638913.932, 136
Trd, 8638913.982, 122
Trd, 8638915.282, 139
Trd, 8638915.682, 101
Trd, 8638916.982, 116
Trd, 8638917.482, 75
Trd, 8638918.532, 140
Trd, 8638919.882, 140
Trd, 8638920.782, 140
Trd, 8638921.132, 121
Trd, 8638921.482, 107
Trd, 8638921.982, 138
Trd, 8638922.182, 113
Trd, 8638924.682, 137
Trd, 8638925.082, 139
Trd, 8638925.232, 136
Trd, 8638925.582, 125
Trd, 8638925.632, 121
Trd, 8638926.682, 113
Trd, 8638927.182, 104
Trd, 8638927.332, 97
Trd, 8638927.532, 102
Trd, 8638930.182, 140
Trd, 8638930.482, 139
Trd, 8638930.682, 125
Trd, 8638932.732, 138
Trd, 8638932.982, 135
Trd, 8638933.232, 105
Trd, 8638934.032, 90
Trd, 8638934.532, 87
Trd, 8638935.082, 138
Trd, 8638936.332, 120
Trd, 8638936.582, 124
Trd, 8638936.732, 140
Trd, 8638936.832, 116
Trd, 8638937.532, 135
Trd, 8638938.082, 140
Trd, 8638938.782, 139
Trd, 8638940.982, 140
Trd, 8638941.282, 139
Trd, 8638942.332, 124
Trd, 8638942.832, 134
Trd, 8638944.082, 137
Trd, 8638944.232, 115
Trd, 8638944.282, 106
Trd, 8638945.482, 140
Trd, 8638945.882, 123
Trd, 8638945.982, 100
Trd, 8638947.032, 83
Trd, 8638947.432, 64
Trd, 8638948.182, 66
Trd, 8638950.182, 140
Trd, 8638950.432, 62
Trd, 8638951.282, 114
Trd, 8638951.932, 140
Trd, 8638952.282, 103
Trd, 8638952.832, 96
Trd, 8638953.232, 128
Trd, 8638954.382, 79
Trd, 8638954.682, 80
Trd, 8638954.882, 91
Trd, 8638957.182, 77
Trd, 8638957.532, 67
Trd, 8638958.432, 93
Trd, 8638958.632, 99
Trd, 8638959.082, 139
Trd, 8638960.632, 140
Trd, 8638960.732, 125
Trd, 8638960.982, 123
Trd, 8638961.282, 137
Trd, 8638961.582, 107
Trd, 8638961.932, 82
Trd, 8638963.082, 139
Trd, 8638964.482, 140
Trd, 8638965.532, 119
Trd, 8638966.832, 111
Trd, 8638967.882, 139
Trd, 8638968.532, 139
Trd, 8638969.182, 116
Trd, 8638969.732, 140
Trd, 8638969.782, 126
Trd, 8638970.132, 130
Trd, 8638971.532, 98
Trd, 8638971.682, 85
Trd, 8638973.782, 140
Trd, 8638973.882, 140
Trd, 8638974.682, 140
Trd, 8638975.732, 139
Trd, 8638976.182, 135
Trd, 8638976.382, 123
Trd, 8638976.682, 138
Trd, 8638977.282, 110
Trd, 8638977.882, 140
Trd, 8638980.132, 116
Trd, 8638980.182, 135
Trd, 8638981.182, 130
Trd, 8638982.232, 98
Trd, 8638982.532, 89
Trd, 8638983.132, 60
Trd, 8638983.632, 62
Trd, 8638984.232, 126
Trd, 8638985.282, 63
Trd, 8638986.232, 104
Trd, 8638987.232, 100
Trd, 8638989.282, 139
Trd, 8638989.382, 138
Trd, 8638990.082, 117
Trd, 8638991.082, 120
Trd, 8638991.382, 93
Trd, 8638991.482, 74
Trd, 8638991.582, 104
Trd, 8638993.082, 140
Trd, 8638994.682, 139
Trd, 8638994.832, 136
Trd, 8638995.482, 106
Trd, 8638996.682, 136
Trd, 8638997.182, 122
Trd, 8638997.232, 106
Trd, 8638997.482, 112
Trd, 8638998.182, 125
Trd, 8638998.632, 140
Trd, 8638998.782, 101
Trd, 8638999.382, 64
Trd, 8639000.882, 63
Trd, 8639001.382, 128
Trd, 8639002.032, 137
Trd, 8639003.082, 138
Trd, 8639003.182, 125
Trd, 8639003.832, 104
Trd, 8639004.432, 140
Trd, 8639004.482, 133
Trd, 8639005.032, 135
Trd, 8639005.482, 108
Trd, 8639006.432, 126
Trd, 8639007.532, 138
Trd, 8639007.782, 109
Trd, 8639008.332, 139
Trd, 8639009.732, 139
Trd, 8639011.132, 136
Trd, 8639012.632, 139
Trd, 8639013.382, 137
Trd, 8639013.832, 126
Trd, 8639014.932, 139
Trd, 8639015.032, 121
Trd, 8639015.532, 140
Trd, 8639015.682, 125
Trd, 8639016.382, 127
Trd, 8639016.482, 113
Trd, 8639016.682, 86
Trd, 8639016.782, 83
Trd, 8639018.732, 89
Trd, 8639019.432, 73
Trd, 8639019.682, 62
Trd, 8639020.132, 90
Trd, 8639022.482, 140
Trd, 8639022.632, 140
Trd, 8639024.082, 127
Trd, 8639024.232, 119
Trd, 8639024.482, 140
Trd, 8639025.532, 121
Trd, 8639025.582, 107
Trd, 8639025.732, 85
Trd, 8639027.182, 140
Trd, 8639027.382, 125
Trd, 8639028.132, 140
Trd, 8639029.282, 140
Trd, 8639031.032, 140
Trd, 8639031.082, 126
Trd, 8639031.232, 119
Trd, 8639033.332, 111
Trd, 8639033.682, 139
Trd, 8639033.782, 123
Trd, 8639034.582, 99
Trd, 8639036.282, 140
Trd, 8639036.482, 140
Trd, 8639037.632, 140
Trd, 8639037.682, 136
Trd, 8639038.032, 115
Trd, 8639040.082, 140
Trd, 8639041.082, 140
Trd, 8639041.582, 140
Trd, 8639042.432, 122
Trd, 8639043.882, 125
Trd, 8639044.382, 132
Trd, 8639046.032, 137
Trd, 8639046.682, 140
Trd, 8639046.782, 130
Trd, 8639047.232, 112
Trd, 8639047.632, 111
Trd, 8639047.732, 104
Trd, 8639047.882, 89
Trd, 8639048.082, 83
Trd, 8639049.132, 140
Trd, 8639049.732, 140
Trd, 8639050.832, 86
Trd, 8639050.982, 63
Trd, 8639052.082, 140
Trd, 8639052.732, 135
Trd, 8639054.332, 69
Trd, 8639054.482, 85
Trd, 8639054.732, 132
Trd, 8639055.532, 106
Trd, 8639056.082, 96
Trd, 8639056.882, 133
Trd, 8639058.032, 76
Trd, 8639059.632, 95
Trd, 8639059.782, 85
Trd, 8639059.882, 111
Trd, 8639060.032, 79
Trd, 8639061.682, 140
Trd, 8639063.682, 139
Trd, 8639064.232, 121
Trd, 8639064.882, 121
Trd, 8639065.132, 106
Trd, 8639065.682, 95
Trd, 8639066.682, 130
Trd, 8639067.082, 103
Trd, 8639067.932, 140
Trd, 8639068.182, 140
Trd, 8639068.532, 140
Trd, 8639069.032, 99
Trd, 8639070.332, 109
Trd, 8639071.482, 139
Trd, 8639071.532, 126
Trd, 8639071.582, 120
Trd, 8639073.182, 140
Trd, 8639073.432, 128
Trd, 8639074.032, 140
Trd, 8639074.132, 122
Trd, 8639074.682, 100
Trd, 8639075.082, 97
Trd, 8639076.232, 139
Trd, 8639076.332, 140
Trd, 8639077.332, 90
Trd, 8639077.732, 86
Trd, 8639079.282, 110
Trd, 8639081.282, 140
Trd, 8639081.432, 138
Trd, 8639082.082, 140
Trd, 8639082.182, 133
Trd, 8639082.332, 92
Trd, 8639083.832, 140
Trd, 8639084.132, 139
Trd, 8639084.732, 83
Trd, 8639084.882, 131
Trd, 8639085.332, 83
Trd, 8639086.032, 137
Trd, 8639086.682, 110
Trd, 8639087.782, 126
Trd, 8639088.382, 66
Trd, 8639089.282, 83
Trd, 8639089.832, 118
Trd, 8639091.632, 140
Trd, 8639092.282, 122
Trd, 8639093.032, 139
Trd, 8639093.632, 139
Trd, 8639093.932, 92
Trd, 8639094.132, 88
Trd, 8639095.682, 114
Trd, 8639095.882, 108
Trd, 8639096.432, 114
Trd, 8639096.482, 104
Trd, 8639097.082, 137
Trd, 8639097.982, 124
Trd, 8639098.532, 140
Trd, 8639098.982, 122
Trd, 8639100.082, 81
Trd, 8639101.282, 121
Trd, 8639102.032, 139
Trd, 8639103.382, 140
Trd, 8639103.832, 138
Trd, 8639104.732, 124
Trd, 8639105.632, 117
Trd, 8639106.332, 128
Trd, 8639106.482, 83
Trd, 8639107.932, 96
Trd, 8639109.982, 140
Trd, 8639110.482, 106
Trd, 8639110.882, 123
Trd, 8639111.082, 101
Trd, 8639111.382, 100
Trd, 8639112.332, 140
Trd, 8639113.382, 134
Trd, 8639114.382, 113
Trd, 8639114.632, 135
Trd, 8639115.532, 121
Trd, 8639116.332, 137
Trd, 8639116.882, 127
Trd, 8639117.032, 140
Trd, 8639117.282, 99
Trd, 8639117.932, 140
Trd, 8639118.382, 98
Trd, 8639118.932, 140
Trd, 8639120.182, 136
Trd, 8639121.432, 140
Trd, 8639121.532, 120
Trd, 8639122.632, 140
Trd, 8639123.132, 103
Trd, 8639123.682, 102
Trd, 8639124.332, 133
Trd, 8639124.632, 107
Trd, 8639125.382, 140
Trd, 8639127.082, 140
Trd, 8639127.932, 140
Trd, 8639129.182, 107
Trd, 8639129.482, 73
Trd, 8639129.632, 66
Trd, 8639130.682, 138
Trd, 8639131.132, 125
Trd, 8639131.532, 100
Trd, 8639132.532, 66
Trd, 8639132.682, 99
Trd, 8639133.282, 94
Trd, 8639133.482, 92
Trd, 8639134.382, 99
Trd, 8639134.782, 102
Trd, 8639134.882, 67
Trd, 8639135.282, 65
Trd, 8639136.132, 98
Trd, 8639136.632, 138
Trd, 8639136.682, 95
Trd, 8639137.032, 140
Trd, 8639138.132, 140
Trd, 8639138.782, 112
Trd, 8639138.832, 104
Trd, 8639140.582, 99
Trd, 8639140.982, 93
Trd, 8639141.382, 89
Trd, 8639141.932, 138
Trd, 8639142.932, 118
Trd, 8639143.182, 139
Trd, 8639143.932, 93
Trd, 8639144.082, 94
Trd, 8639146.182, 139
Trd, 8639146.732, 137
Trd, 8639147.432, 111
Trd, 8639148.132, 136
Trd, 8639149.082, 136
Trd, 8639149.832, 134
Trd, 8639150.682, 132
Trd, 8639151.182, 116
Trd, 8639152.332, 138
Trd, 8639152.982, 137
Trd, 8639153.032, 115
Trd, 8639154.282, 101
Trd, 8639154.682, 138
Trd, 8639155.482, 140
Trd, 8639156.882, 137
Trd, 8639157.032, 128
Trd, 8639157.882, 129
Trd, 8639158.332, 127
Trd, 8639160.232, 140
Trd, 8639160.532, 140
Trd, 8639160.732, 129
Trd, 8639161.082, 121
Trd, 8639161.232, 101
Trd, 8639161.832, 118
Trd, 8639163.382, 117
Trd, 8639164.332, 130
Trd, 8639164.832, 78
Trd, 8639164.982, 71
Trd, 8639165.282, 111
Trd, 8639166.982, 121
Trd, 8639167.282, 89
Trd, 8639168.032, 136
Trd, 8639168.732, 125
Trd, 8639170.132, 121
Trd, 8639170.982, 140
Trd, 8639171.382, 137
Trd, 8639171.632, 121
Trd, 8639172.282, 133
Trd, 8639173.482, 140
Trd, 8639173.632, 140
Trd, 8639174.332, 135
Trd, 8639174.482, 121
Trd, 8639175.632, 140
Trd, 8639176.732, 139
Trd, 8639177.582, 130
Trd, 8639178.632, 140
Trd, 8639179.432, 140
Trd, 8639179.832, 131
Trd, 8639180.532, 140
Trd, 8639180.682, 140
Trd, 8639181.132, 121
Trd, 8639181.382, 140
Trd, 8639181.732, 112
Trd, 8639183.082, 89
Trd, 8639183.382, 88
Trd, 8639184.482, 71
Trd, 8639185.132, 139
Trd, 8639187.332, 140
Trd, 8639187.432, 139
Trd, 8639187.532, 126
Trd, 8639187.682, 121
Trd, 8639190.782, 140
Trd, 8639191.332, 136
Trd, 8639191.532, 122
Trd, 8639192.082, 129
Trd, 8639192.582, 117
Trd, 8639193.732, 132
Trd, 8639193.782, 111
Trd, 8639194.732, 115
Trd, 8639195.232, 99
Trd, 8639195.832, 126
Trd, 8639196.432, 137
Trd, 8639196.582, 73
Trd, 8639197.832, 111
Trd, 8639198.532, 135
Trd, 8639198.632, 81
Trd, 8639200.632, 139
Trd, 8639201.782, 139
Trd, 8639201.882, 139
Trd, 8639202.632, 136
Trd, 8639202.982, 112
Trd, 8639203.032, 106
Trd, 8639204.132, 95
Trd, 8639204.882, 100
Trd, 8639205.782, 140
Trd, 8639206.632, 138
Trd, 8639206.932, 124
Trd, 8639207.482, 102
Trd, 8639207.932, 112
Trd, 8639209.432, 93
Trd, 8639209.732, 139
Trd, 8639210.482, 138
Trd, 8639211.082, 136
Trd, 8639211.182, 125
Trd, 8639211.932, 110
Trd, 8639212.882, 105
Trd, 8639213.282, 139
Trd, 8639213.882, 127
Trd, 8639214.032, 112
Trd, 8639215.232, 140
Trd, 8639217.282, 140
Trd, 8639217.332, 139
Trd, 8639217.832, 103
Trd, 8639218.582, 139
Trd, 8639218.632, 125
Trd, 8639219.332, 133
Trd, 8639220.882, 76
Trd, 8639221.782, 81
Trd, 8639221.882, 75
Trd, 8639222.532, 107
Trd, 8639223.532, 92
Trd, 8639223.832, 85
Trd, 8639224.782, 138
Trd, 8639225.182, 140
Trd, 8639226.232, 121
Trd, 8639226.382, 115
Trd, 8639226.432, 105
Trd, 8639226.982, 138
Trd, 8639227.482, 105
Trd, 8639227.582, 106
Trd, 8639230.332, 139
Trd, 8639231.432, 140
Trd, 8639232.382, 138
Trd, 8639232.532, 130
Trd, 8639233.482, 138
Trd, 8639234.732, 140
Trd, 8639235.782, 131
Trd, 8639236.182, 138
Trd, 8639236.632, 132
Trd, 8639237.582, 137
Trd, 8639237.882, 119
Trd, 8639238.432, 84
Trd, 8639239.632, 80
Trd, 8639240.382, 85
Trd, 8639240.632, 79
Trd, 8639240.732, 77
Trd, 8639242.332, 140
Trd, 8639244.382, 140
Trd, 8639244.532, 129
Trd, 8639244.982, 94
Trd, 8639245.032, 93
Trd, 8639245.132, 88
Trd, 8639245.582, 117
Trd, 8639245.782, 85
Trd, 8639246.582, 78
Trd, 8639247.382, 78
Trd, 8639248.932, 67
Trd, 8639249.232, 77
Trd, 8639250.832, 71
Trd, 8639250.982, 87
Trd, 8639251.732, 95
Trd, 8639252.482, 60
Trd, 8639253.532, 73
Trd, 8639254.382, 75
Trd, 8639254.932, 140
Trd, 8639255.332, 129
Trd, 8639255.832, 122
Trd, 8639256.682, 102
Trd, 8639257.932, 133
Trd, 8639258.482, 125
Trd, 8639259.182, 121
Trd, 8639259.582, 93
Trd, 8639261.082, 139
Trd, 8639261.232, 139
Trd, 8639261.332, 124
Trd, 8639261.532, 108
Trd, 8639261.882, 140
Trd, 8639263.132, 138
Trd, 8639264.032, 131
Trd, 8639264.532, 102
Trd, 8639266.032, 67
Trd, 8639266.432, 67
Trd, 8639266.682, 67
Trd, 8639267.582, 139
Trd, 8639268.082, 85
Trd, 8639268.282, 112
Trd, 8639269.132, 102
Trd, 8639269.682, 109
Trd, 8639270.332, 91
Trd, 8639270.482, 74
Trd, 8639271.582, 66
Trd, 8639271.932, 68
Trd, 8639271.982, 69
Trd, 8639272.832, 72
Trd, 8639273.382, 140
Trd, 8639274.132, 126
Trd, 8639276.182, 140
Trd, 8639276.882, 139
Trd, 8639276.982, 121
Trd, 8639277.932, 138
Trd, 8639278.182, 96
Trd, 8639278.882, 92
Trd, 8639279.032, 125
Trd, 8639279.632, 66
Trd, 8639279.932, 64
Trd, 8639280.332, 68
Trd, 8639281.232, 124
Trd, 8639283.532, 137
Trd, 8639284.232, 140
Trd, 8639284.282, 122
Trd, 8639284.482, 119
Trd, 8639284.532, 108
Trd, 8639285.982, 74
Trd, 8639286.832, 79
Trd, 8639287.332, 67
Trd, 8639287.482, 72
Trd, 8639288.632, 72
Trd, 8639289.032, 106
Trd, 8639289.132, 126
Trd, 8639290.482, 138
Trd, 8639290.982, 124
Trd, 8639291.482, 120
Trd, 8639291.932, 88
Trd, 8639292.432, 79
Trd, 8639292.882, 69
Trd, 8639293.682, 84
Trd, 8639294.232, 129
Trd, 8639294.432, 97
Trd, 8639295.882, 135
Trd, 8639296.282, 64
Trd, 8639296.682, 87
Trd, 8639297.132, 62
Trd, 8639297.932, 109
Trd, 8639298.882, 62
Trd, 8639298.932, 123
Trd, 8639299.182, 65
Trd, 8639299.532, 82
Trd, 8639300.882, 106
Trd, 8639301.482, 79
Trd, 8639301.732, 85
Trd, 8639301.882, 80
Trd, 8639304.932, 140
Trd, 8639306.082, 140
Trd, 8639306.932, 140
Trd, 8639307.532, 128
Trd, 8639308.082, 140
Trd, 8639308.182, 89
Trd, 8639308.482, 76
Trd, 8639309.482, 85
Trd, 8639309.632, 76
Trd, 8639309.882, 138
Trd, 8639310.982, 98
Trd, 8639311.732, 101
Trd, 8639312.582, 94
Trd, 8639313.182, 140
Trd, 8639314.282, 138
Trd, 8639314.382, 130
Trd, 8639315.132, 140
Trd, 8639315.332, 126
Trd, 8639316.232, 140
Trd, 8639316.532, 109
Trd, 8639317.132, 99
Trd, 8639317.532, 122
Trd, 8639319.132, 139
Trd, 8639319.732, 126
Trd, 8639319.932, 123
Trd, 8639320.682, 77
Trd, 8639321.732, 140
Trd, 8639322.382, 107
Trd, 8639322.882, 62
Trd, 8639323.532, 79
Trd, 8639324.782, 140
Trd, 8639325.532, 140
Trd, 8639326.632, 140
Trd, 8639328.182, 140
Trd, 8639328.282, 139
Trd, 8639328.982, 132
Trd, 8639329.032, 124
Trd, 8639330.332, 109
Trd, 8639330.932, 90
Trd, 8639331.082, 90
Trd, 8639331.282, 120
Trd, 8639331.732, 137
Trd, 8639333.232, 140
Trd, 8639334.132, 140
Trd, 8639336.182, 140
Trd, 8639337.182, 138
Trd, 8639338.582, 140
Trd, 8639338.882, 118
Trd, 8639339.182, 94
Trd, 8639339.532, 104
Trd, 8639340.382, 140
Trd, 8639341.582, 140
Trd, 8639341.982, 140
Trd, 8639342.582, 138
Trd, 8639343.382, 129
Trd, 8639343.532, 115
Trd, 8639344.232, 100
Trd, 8639345.882, 139
Trd, 8639345.932, 139
Trd, 8639347.282, 136
Trd, 8639347.632, 123
Trd, 8639347.682, 118
Trd, 8639348.132, 131
Trd, 8639350.082, 137
Trd, 8639351.882, 137
Trd, 8639352.032, 124
Trd, 8639352.432, 139
Trd, 8639352.982, 111
Trd, 8639353.882, 139
Trd, 8639354.082, 113
Trd, 8639354.382, 92
Trd, 8639354.782, 113
Trd, 8639355.632, 81
Trd, 8639356.282, 118
Trd, 8639357.482, 122
Trd, 8639357.782, 80
Trd, 8639357.932, 76
Trd, 8639358.882, 139
Trd, 8639359.632, 139
Trd, 8639360.082, 137
Trd, 8639360.182, 125
Trd, 8639360.932, 60
Trd, 8639362.382, 72
Trd, 8639363.182, 60
Trd, 8639363.382, 124
Trd, 8639363.882, 139
Trd, 8639363.982, 138
Trd, 8639364.882, 106
Trd, 8639365.782, 99
Trd, 8639366.082, 137
Trd, 8639366.732, 87
Trd, 8639367.932, 140
Trd, 8639368.832, 135
Trd, 8639370.232, 114
Trd, 8639370.382, 132
Trd, 8639371.682, 124
Trd, 8639371.982, 92
Trd, 8639372.482, 118
Trd, 8639373.482, 140
Trd, 8639374.482, 119
Trd, 8639375.782, 134
Trd, 8639376.182, 129
Trd, 8639376.282, 116
Trd, 8639376.832, 98
Trd, 8639376.932, 120
Trd, 8639377.882, 125
Trd, 8639378.132, 112
Trd, 8639378.732, 136
Trd, 8639379.732, 98
Trd, 8639380.332, 139
Trd, 8639381.232, 88
Trd, 8639383.582, 140
Trd, 8639383.982, 140
Trd, 8639384.032, 138
Trd, 8639384.082, 121
Trd, 8639384.382, 101
Trd, 8639385.582, 128
Trd, 8639385.632, 111
Trd, 8639386.382, 136
Trd, 8639386.482, 138
Trd, 8639386.532, 103
Trd, 8639386.682, 116
Trd, 8639387.882, 63
Trd, 8639389.832, 140
Trd, 8639389.882, 125
Trd, 8639390.482, 72
Trd, 8639390.832, 69
Trd, 8639391.282, 66
Trd, 8639391.932, 116
Trd, 8639392.182, 112
Trd, 8639393.432, 140
Trd, 8639394.982, 139
Trd, 8639396.032, 140
Trd, 8639396.482, 128
Trd, 8639397.032, 139
Trd, 8639397.932, 116
Trd, 8639398.382, 104
Trd, 8639399.082, 123
Trd, 8639399.282, 113
Trd, 8639400.932, 103
Trd, 8639402.432, 124
Trd, 8639403.082, 137
Trd, 8639403.532, 140
Trd, 8639403.882, 139
Trd, 8639404.532, 126
Trd, 8639404.732, 111
Trd, 8639405.882, 93
Trd, 8639406.182, 131
Trd, 8639407.082, 129
Trd, 8639407.982, 139
Trd, 8639409.632, 140
Trd, 8639410.382, 92
Trd, 8639410.832, 91
Trd, 8639411.182, 139
Trd, 8639413.032, 115
Trd, 8639413.082, 116
Trd, 8639413.732, 139
Trd, 8639414.582, 135
Trd, 8639414.882, 124
Trd, 8639415.232, 115
Trd, 8639416.182, 139
Trd, 8639417.932, 137
Trd, 8639418.982, 120
Trd, 8639420.082, 140
Trd, 8639420.182, 139
Trd, 8639420.582, 133
Trd, 8639421.282, 122
Trd, 8639421.332, 123
Trd, 8639421.482, 115
Trd, 8639422.432, 110
Trd, 8639422.632, 114
Trd, 8639422.982, 97
Trd, 8639423.532, 131
Trd, 8639424.882, 140
Trd, 8639426.282, 115
Trd, 8639427.182, 107
Trd, 8639427.232, 89
Trd, 8639427.782, 102
Trd, 8639427.882, 140
Trd, 8639428.832, 73
Trd, 8639429.832, 80
Trd, 8639430.482, 135
Trd, 8639431.182, 140
Trd, 8639431.232, 125
Trd, 8639432.982, 98
Trd, 8639434.282, 112
Trd, 8639434.832, 85
Trd, 8639435.382, 79
Trd, 8639437.282, 140
Trd, 8639437.782, 140
Trd, 8639438.032, 140
Trd, 8639438.932, 94
Trd, 8639439.882, 132
Trd, 8639440.682, 100
Trd, 8639441.482, 74
Trd, 8639442.882, 85
Trd, 8639443.232, 62
Trd, 8639443.332, 73
Trd, 8639444.132, 124
Trd, 8639445.232, 102
Trd, 8639446.282, 86
Trd, 8639446.532, 85
Trd, 8639449.432, 140
Trd, 8639449.582, 138
Trd, 8639449.882, 140
Trd, 8639450.532, 134
Trd, 8639451.082, 121
Trd, 8639451.782, 107
Trd, 8639452.182, 139
Trd, 8639453.232, 140
Trd, 8639453.632, 104
Trd, 8639455.882, 104
Trd, 8639456.282, 95
Trd, 8639456.832, 140
Trd, 8639458.082, 139
Trd, 8639458.282, 138
Trd, 8639459.932, 106
Trd, 8639460.132, 128
Trd, 8639460.832, 87
Trd, 8639461.232, 137
Trd, 8639462.032, 97
Trd, 8639462.082, 86
Trd, 8639464.132, 106
Trd, 8639464.232, 131
Trd, 8639465.032, 124
Trd, 8639465.732, 114
Trd, 8639465.882, 106
Trd, 8639466.182, 127
Trd, 8639467.332, 76
Trd, 8639468.782, 138
Trd, 8639468.932, 136
Trd, 8639469.432, 83
Trd, 8639471.332, 64
Trd, 8639472.782, 70
Trd, 8639472.932, 109
Trd, 8639473.282, 62
Trd, 8639473.532, 64
Trd, 8639473.832, 83
Trd, 8639474.182, 82
Trd, 8639475.082, 140
Trd, 8639476.282, 134
Trd, 8639476.832, 113
Trd, 8639477.132, 98
Trd, 8639477.782, 82
Trd, 8639479.482, 139
Trd, 8639479.532, 127
Trd, 8639479.932, 140
Trd, 8639480.532, 126
Trd, 8639483.182, 122
Trd, 8639483.682, 91
Trd, 8639484.032, 117
Trd, 8639485.032, 71
Trd, 8639485.532, 140
Trd, 8639486.282, 138
Trd, 8639487.532, 129
Trd, 8639487.682, 99
Trd, 8639488.032, 90
Trd, 8639489.082, 140
Trd, 8639489.832, 139
Trd, 8639491.182, 100
Trd, 8639491.332, 95
Trd, 8639491.482, 79
Trd, 8639492.082, 85
Trd, 8639492.582, 75
Trd, 8639494.382, 62
Trd, 8639495.282, 88
Trd, 8639495.382, 116
Trd, 8639496.532, 140
Trd, 8639496.632, 127
Trd, 8639496.882, 137
Trd, 8639497.782, 102
Trd, 8639498.382, 118
Trd, 8639498.982, 113
Trd, 8639499.082, 86
Trd, 8639500.632, 68
Trd, 8639501.432, 68
Trd, 8639502.332, 74
Trd, 8639503.832, 139
Trd, 8639504.132, 139
Trd, 8639504.482, 134
Trd, 8639504.932, 119
Trd, 8639505.432, 125
Trd, 8639506.432, 139
Trd, 8639506.682, 132
Trd, 8639507.882, 135
Trd, 8639508.132, 118
Trd, 8639508.982, 112
Trd, 8639509.732, 113
Trd, 8639510.932, 78
Trd, 8639511.532, 138
Trd, 8639511.582, 133
Trd, 8639512.832, 118
Trd, 8639513.432, 125
Trd, 8639514.082, 137
Trd, 8639514.232, 129
Trd, 8639516.032, 140
Trd, 8639516.432, 140
Trd, 8639516.932, 121
Trd, 8639517.032, 115
Trd, 8639519.082, 136
Trd, 8639520.382, 139
Trd, 8639520.582, 117
Trd, 8639521.332, 98
Trd, 8639521.532, 102
Trd, 8639521.582, 90
Trd, 8639522.082, 89
Trd, 8639522.682, 94
Trd, 8639523.332, 139
Trd, 8639524.982, 140
Trd, 8639526.232, 98
Trd, 8639527.182, 140
Trd, 8639527.532, 121
Trd, 8639528.082, 111
Trd, 8639528.432, 101
Trd, 8639528.982, 117
Trd, 8639529.332, 104
Trd, 8639529.782, 101
Trd, 8639530.232, 140
Trd, 8639531.432, 140
Trd, 8639531.932, 125
Trd, 8639532.932, 139
Trd, 8639533.132, 113
Trd, 8639533.432, 135
Trd, 8639533.882, 98
Trd, 8639537.232, 138
Trd, 8639537.382, 136
Trd, 8639537.632, 132
Trd, 8639538.132, 124
Trd, 8639538.182, 133
Trd, 8639538.232, 119
Trd, 8639538.782, 129
Trd, 8639541.032, 140
Trd, 8639541.282, 139
Trd, 8639541.482, 121
Trd, 8639541.582, 98
Trd, 8639542.832, 134
Trd, 8639543.682, 140
Trd, 8639543.832, 140
Trd, 8639544.082, 128
Trd, 8639545.932, 140
Trd, 8639546.582, 125
Trd, 8639547.532, 138
Trd, 8639548.232, 127
Trd, 8639548.282, 119
Trd, 8639549.132, 140
Trd, 8639549.782, 126
Trd, 8639550.182, 94
Trd, 8639551.832, 140
Trd, 8639552.382, 114
Trd, 8639552.482, 77
Trd, 8639552.932, 128
Trd, 8639554.182, 137
Trd, 8639554.232, 123
Trd, 8639555.782, 139
Trd, 8639556.982, 140
Trd, 8639557.832, 135
Trd, 8639558.432, 110
Trd, 8639559.132, 93
Trd, 8639560.282, 82
Trd, 8639560.682, 99
Trd, 8639561.382, 104
Trd, 8639561.932, 139
Trd, 8639562.832, 139
Trd, 8639562.882, 125
Trd, 8639564.282, 140
Trd, 8639564.532, 101
Trd, 8639566.982, 130
Trd, 8639568.782, 140
Trd, 8639568.832, 136
Trd, 8639569.482, 126
Trd, 8639569.632, 116
Trd, 8639570.432, 72
Trd, 8639572.082, 140
Trd, 8639572.182, 135
Trd, 8639573.032, 121
Trd, 8639573.882, 118
Trd, 8639574.032, 76
Trd, 8639574.232, 60
Trd, 8639575.182, 116
Trd, 8639576.232, 121
Trd, 8639576.482, 138
Trd, 8639577.182, 139
Trd, 8639577.682, 138
Trd, 8639578.332, 137
Trd, 8639578.482, 108
Trd, 8639579.082, 117
Trd, 8639580.632, 136
Trd, 8639580.682, 119
Trd, 8639581.932, 83
Trd, 8639582.582, 83
Trd, 8639583.482, 61
Trd, 8639583.632, 85
Trd, 8639584.532, 103
Trd, 8639586.482, 71
Trd, 8639586.782, 61
Trd, 8639587.032, 72
Trd, 8639587.382, 83
Trd, 8639588.082, 64
Trd, 8639590.332, 140
Trd, 8639590.632, 140
Trd, 8639591.032, 140
Trd, 8639591.282, 121
Trd, 8639591.982, 139
Trd, 8639593.232, 118
Trd, 8639593.432, 139
Trd, 8639593.882, 134
Trd, 8639594.082, 106
Trd, 8639595.732, 116
Trd, 8639596.032, 129
Trd, 8639596.282, 139
Trd, 8639597.082, 139
Trd, 8639597.582, 106
Trd, 8639598.632, 139
Trd, 8639599.382, 120
Trd, 8639599.982, 127
Trd, 8639601.232, 140
Trd, 8639601.432, 114
Trd, 8639602.332, 139
Trd, 8639603.932, 98
Trd, 8639604.032, 98
Trd, 8639604.332, 96
Trd, 8639605.482, 139
Trd, 8639606.332, 138
Trd, 8639607.132, 125
Trd, 8639607.182, 115
Trd, 8639607.482, 100
Trd, 8639607.932, 91
Trd, 8639609.182, 138
Trd, 8639609.582, 112
Trd, 8639609.832, 135
Trd, 8639611.232, 138
Trd, 8639611.632, 123
Trd, 8639611.782, 120
Trd, 8639613.482, 91
Trd, 8639613.582, 111
Trd, 8639614.982, 125
Trd, 8639615.932, 88
Trd, 8639616.182, 127
Trd, 8639617.132, 128
Trd, 8639617.482, 85
Trd, 8639617.682, 78
Trd, 8639618.782, 108
Trd, 8639618.832, 112
Trd, 8639619.682, 80
Trd, 8639620.132, 140
Trd, 8639620.932, 136
Trd, 8639621.632, 110
Trd, 8639622.132, 100
Trd, 8639622.232, 71
Trd, 8639623.082, 137
Trd, 8639623.882, 81
Trd, 8639624.232, 63
Trd, 8639624.732, 140
Trd, 8639627.082, 83
Trd, 8639627.532, 88
Trd, 8639627.782, 87
Trd, 8639628.182, 77
Trd, 8639628.532, 72
Trd, 8639628.632, 123
Trd, 8639629.082, 136
Trd, 8639631.632, 140
Trd, 8639632.182, 118
Trd, 8639632.232, 115
Trd, 8639632.532, 113
Trd, 8639633.682, 135
Trd, 8639634.632, 119
Trd, 8639635.482, 113
Trd, 8639635.832, 140
Trd, 8639636.032, 139
Trd, 8639636.782, 140
Trd, 8639636.932, 112
Trd, 8639637.482, 89
Trd, 8639637.682, 89
Trd, 8639640.082, 131
Trd, 8639640.182, 90
Trd, 8639641.232, 94
Trd, 8639641.882, 117
Trd, 8639642.382, 114
Trd, 8639642.632, 80
Trd, 8639643.082, 140
Trd, 8639644.082, 140
Trd, 8639644.832, 139
Trd, 8639645.482, 124
Trd, 8639645.682, 121
Trd, 8639646.132, 98
Trd, 8639647.082, 103
Trd, 8639647.782, 138
Trd, 8639648.082, 102
Trd, 8639649.082, 67
Trd, 8639649.682, 103
Trd, 8639649.982, 140
Trd, 8639650.232, 131
Trd, 8639650.832, 113
Trd, 8639651.132, 126
Trd, 8639652.432, 140
Trd, 8639652.682, 118
Trd, 8639654.082, 114
Trd, 8639654.732, 140
Trd, 8639655.582, 137
Trd, 8639655.782, 140
Trd, 8639656.182, 122
Trd, 8639657.882, 139
Trd, 8639659.632, 103
Trd, 8639660.082, 137
Trd, 8639660.832, 112
Trd, 8639661.082, 74
Trd, 8639661.282, 129
Trd, 8639661.732, 74
Trd, 8639661.932, 68
Trd, 8639664.482, 136
Trd, 8639664.782, 140
Trd, 8639665.182, 122
Trd, 8639665.882, 136
Trd, 8639666.482, 129
Trd, 8639668.382, 140
Trd, 8639668.582, 96
Trd, 8639668.632, 104
Trd, 8639668.932, 93
Trd, 8639670.232, 84
Trd, 8639670.732, 138
Trd, 8639671.082, 138
Trd, 8639672.032, 139
Trd, 8639672.782, 108
Trd, 8639673.282, 140
Trd, 8639674.182, 125
Trd, 8639674.382, 132
Trd, 8639674.532, 112
Trd, 8639675.182, 138
Trd, 8639675.782, 137
Trd, 8639676.032, 97
Trd, 8639678.582, 138
Trd, 8639679.682, 122
Trd, 8639680.132, 140
Trd, 8639681.732, 139
Trd, 8639682.132, 121
Trd, 8639682.432, 136
Trd, 8639683.132, 140
Trd, 8639683.182, 120
Trd, 8639683.432, 108
Trd, 8639685.082, 75
Trd, 8639685.682, 74
Trd, 8639687.182, 76
Trd, 8639687.382, 72
Trd, 8639687.732, 140
Trd, 8639687.832, 103
Trd, 8639689.182, 139
Trd, 8639690.232, 139
Trd, 8639690.332, 136
Trd, 8639690.432, 125
Trd, 8639691.982, 130
Trd, 8639693.032, 138
Trd, 8639693.432, 127
Trd, 8639694.182, 140
Trd, 8639694.682, 132
Trd, 8639694.782, 107
Trd, 8639695.482, 138
Trd, 8639696.532, 140
Trd, 8639698.232, 140
Trd, 8639698.982, 140
Trd, 8639699.282, 139
Trd, 8639700.632, 132
Trd, 8639701.232, 130
Trd, 8639701.382, 121
Trd, 8639701.482, 118
Trd, 8639701.782, 106
Trd, 8639702.832, 83
Trd, 8639703.332, 135
Trd, 8639703.632, 102
Trd, 8639704.182, 139
Trd, 8639704.732, 140
Trd, 8639705.832, 140
Trd, 8639706.482, 124
Trd, 8639706.982, 127
Trd, 8639709.232, 139
Trd, 8639709.582, 118
Trd, 8639709.632, 111
Trd, 8639709.732, 90
Trd, 8639709.832, 73
Trd, 8639710.682, 111
Trd, 8639711.582, 138
Trd, 8639712.782, 130
Trd, 8639715.482, 138
Trd, 8639715.532, 137
Trd, 8639716.032, 136
Trd, 8639717.682, 113
Trd, 8639717.832, 98
Trd, 8639718.232, 140
Trd, 8639718.982, 122
Trd, 8639720.182, 108
Trd, 8639720.232, 86
Trd, 8639720.282, 68
Trd, 8639721.932, 140
Trd, 8639722.532, 139
Trd, 8639723.082, 126
Trd, 8639724.832, 117
Trd, 8639725.082, 104
Trd, 8639725.182, 102
Trd, 8639725.982, 62
Trd, 8639726.182, 65
Trd, 8639727.082, 139
Trd, 8639727.182, 126
Trd, 8639728.782, 139
Trd, 8639729.182, 139
Trd, 8639730.532, 137
Trd, 8639731.332, 138
Trd, 8639732.332, 139
Trd, 8639733.132, 139
Trd, 8639733.582, 138
Trd, 8639733.632, 123
Trd, 8639735.882, 140
Trd, 8639736.132, 127
Trd, 8639736.482, 112
Trd, 8639737.182, 122
Trd, 8639737.782, 140
Trd, 8639737.882, 110
Trd, 8639738.282, 137
Trd, 8639738.532, 63
Trd, 8639739.132, 61
Trd, 8639739.882, 140
Trd, 8639742.882, 102
Trd, 8639743.082, 93
Trd, 8639743.532, 93
Trd, 8639744.482, 100
Trd, 8639744.582, 113
Trd, 8639746.132, 69
Trd, 8639746.332, 60
Trd, 8639746.382, 75
Trd, 8639747.032, 122
Trd, 8639747.132, 110
Trd, 8639748.082, 98
Trd, 8639748.582, 103
Trd, 8639749.382, 76
Trd, 8639750.482, 140
Trd, 8639750.782, 139
Trd, 8639752.482, 140
Trd, 8639752.632, 113
Trd, 8639753.532, 103
Trd, 8639754.132, 113
Trd, 8639755.532, 85
Trd, 8639755.782, 140
Trd, 8639755.982, 129
Trd, 8639756.982, 109
Trd, 8639757.682, 109
Trd, 8639757.982, 125
Trd, 8639759.832, 94
Trd, 8639759.932, 114
Trd, 8639760.682, 118
Trd, 8639761.382, 140
Trd, 8639761.782, 138
Trd, 8639763.882, 139
Trd, 8639764.682, 127
Trd, 8639764.732, 125
Trd, 8639765.132, 132
Trd, 8639765.932, 123
Trd, 8639766.582, 108
Trd, 8639766.732, 86
Trd, 8639766.982, 60
Trd, 8639767.182, 127
Trd, 8639768.982, 99
Trd, 8639769.982, 67
Trd, 8639771.882, 107
Trd, 8639773.132, 139
Trd, 8639773.332, 128
Trd, 8639773.832, 136
Trd, 8639774.282, 140
Trd, 8639774.432, 136
Trd, 8639774.532, 121
Trd, 8639774.682, 89
Trd, 8639775.882, 110
Trd, 8639775.982, 83
Trd, 8639776.582, 139
Trd, 8639776.682, 65
Trd, 8639778.182, 135
Trd, 8639779.232, 96
Trd, 8639779.482, 110
Trd, 8639780.582, 83
Trd, 8639781.882, 140
Trd, 8639782.082, 123
Trd, 8639782.282, 128
Trd, 8639783.232, 120
Trd, 8639783.932, 140
Trd, 8639784.032, 139
Trd, 8639784.882, 84
Trd, 8639785.182, 140
Trd, 8639785.632, 79
Trd, 8639787.082, 63
Trd, 8639787.732, 139
Trd, 8639789.332, 66
Trd, 8639789.582, 85
Trd, 8639789.882, 113
Trd, 8639791.282, 139
Trd, 8639792.082, 138
Trd, 8639792.382, 131
Trd, 8639792.532, 129
Trd, 8639793.132, 124
Trd, 8639794.582, 101
Trd, 8639795.132, 70
Trd, 8639795.482, 61
Trd, 8639795.582, 66
Trd, 8639797.032, 140
Trd, 8639797.532, 136
Trd, 8639798.232, 118
Trd, 8639798.382, 109
Trd, 8639799.832, 100
Trd, 8639800.282, 97
Trd, 8639800.332, 74
Trd, 8639800.732, 102
Trd, 8639801.282, 66
Trd, 8639801.882, 80
Trd, 8639802.682, 119
Trd, 8639804.382, 140
Trd, 8639804.532, 135
Trd, 8639804.682, 126
Trd, 8639805.282, 139
Trd, 8639807.232, 112
Trd, 8639807.932, 126
Trd, 8639808.032, 101
Trd, 8639808.132, 97
Trd, 8639809.382, 124
Trd, 8639809.632, 72
Trd, 8639811.682, 138
Trd, 8639812.832, 140
Trd, 8639812.882, 137
Trd, 8639813.182, 136
Trd, 8639814.582, 110
Trd, 8639814.782, 108
Trd, 8639815.582, 139
Trd, 8639816.682, 139
Trd, 8639816.982, 125
Trd, 8639817.532, 140
Trd, 8639818.782, 115
Trd, 8639819.482, 139
Trd, 8639820.182, 127
Trd, 8639820.782, 112
Trd, 8639822.032, 140
Trd, 8639822.332, 121
Trd, 8639822.832, 140
Trd, 8639822.882, 122
Trd, 8639823.432, 125
Trd, 8639824.082, 140
Trd, 8639824.982, 123
Trd, 8639826.032, 126
Trd, 8639826.732, 134
Trd, 8639827.332, 139
Trd, 8639828.282, 138
Trd, 8639828.382, 119
Trd, 8639828.532, 105
Trd, 8639829.482, 87
Trd, 8639830.082, 78
Trd, 8639830.632, 140
Trd, 8639831.932, 61
Trd, 8639833.182, 101
Trd, 8639833.532, 102
Trd, 8639834.282, 117
Trd, 8639834.832, 137
Trd, 8639835.032, 101
Trd, 8639835.832, 140
Trd, 8639836.782, 121
Trd, 8639837.682, 139
Trd, 8639838.832, 109
Trd, 8639839.932, 136
Trd, 8639840.932, 140
Trd, 8639841.282, 126
Trd, 8639841.632, 126
Trd, 8639841.832, 105
Trd, 8639842.132, 94
Trd, 8639842.582, 96
Trd, 8639845.682, 140
Trd, 8639845.832, 140
Trd, 8639845.982, 133
Trd, 8639846.132, 125
Trd, 8639846.182, 121
Trd, 8639846.882, 140
Trd, 8639847.132, 120
Trd, 8639848.882, 139
Trd, 8639850.032, 116
Trd, 8639850.182, 83
Trd, 8639851.532, 104
Trd, 8639851.682, 99
Trd, 8639852.832, 130
Trd, 8639853.632, 140
Trd, 8639854.632, 140
Trd, 8639855.432, 113
Trd, 8639855.832, 129
Trd, 8639856.432, 111
Trd, 8639856.582, 104
Trd, 8639857.182, 140
Trd, 8639858.382, 140
Trd, 8639858.732, 136
Trd, 8639859.082, 121
Trd, 8639859.682, 121
Trd, 8639860.232, 71
Trd, 8639860.682, 91
Trd, 8639860.882, 133
Trd, 8639862.982, 139
Trd, 8639864.132, 109
Trd, 8639864.782, 139
Trd, 8639864.832, 125
Trd, 8639864.982, 123
Trd, 8639865.982, 94
Trd, 8639866.432, 104
Trd, 8639866.582, 132
Trd, 8639866.682, 87
Trd, 8639867.932, 138
Trd, 8639868.632, 126
Trd, 8639868.982, 108
Trd, 8639869.632, 138
Trd, 8639870.832, 114
Trd, 8639872.232, 134
Trd, 8639872.432, 126
Trd, 8639873.232, 133
Trd, 8639874.282, 104
Trd, 8639874.432, 103
Trd, 8639874.582, 132
Trd, 8639875.082, 140
Trd, 8639875.632, 139
Trd, 8639876.982, 75
Trd, 8639877.582, 81
Trd, 8639877.832, 96
Trd, 8639878.082, 106
Trd, 8639878.532, 73
Trd, 8639878.682, 102
Trd, 8639879.582, 135
Trd, 8639879.982, 140
Trd, 8639880.882, 83
Trd, 8639882.432, 140
Trd, 8639882.782, 140
Trd, 8639884.082, 118
Trd, 8639884.332, 114
Trd, 8639885.082, 140
Trd, 8639885.682, 140
Trd, 8639885.732, 129
Trd, 8639886.182, 133
Trd, 8639886.782, 139
Trd, 8639888.232, 125
Trd, 8639889.582, 140
Trd, 8639889.682, 122
Trd, 8639890.332, 130
Trd, 8639890.682, 127
Trd, 8639891.632, 136
Trd, 8639893.132, 113
Trd, 8639895.082, 139
Trd, 8639895.432, 139
Trd, 8639895.532, 126
Trd, 8639896.382, 123
Trd, 8639897.482, 126
Trd, 8639898.082, 110
Trd, 8639898.232, 93
Trd, 8639898.782, 103
Trd, 8639899.182, 140
Trd, 8639900.082, 140
Trd, 8639900.682, 66
Trd, 8639901.332, 140
Trd, 8639901.432, 140
Trd, 8639901.582, 99
Trd, 8639901.632, 91
Trd, 8639902.982, 140
Trd, 8639903.282, 133
Trd, 8639903.582, 140
Trd, 8639904.882, 116
Trd, 8639906.132, 85
Trd, 8639907.282, 138
Trd, 8639907.832, 136
Trd, 8639908.232, 140
Trd, 8639908.732, 125
Trd, 8639909.032, 136
Trd, 8639909.782, 111
Trd, 8639910.132, 103
Trd, 8639910.932, 81
Trd, 8639911.882, 139
Trd, 8639912.332, 140
Trd, 8639913.132, 122
Trd, 8639913.632, 138
Trd, 8639914.282, 109
Trd, 8639914.732, 116
Trd, 8639916.182, 137
Trd, 8639916.732, 94
Trd, 8639917.082, 139
Trd, 8639917.682, 126
Trd, 8639918.432, 101
Trd, 8639918.832, 111
Trd, 8639919.382, 105
Trd, 8639920.232, 85
Trd, 8639920.632, 92
Trd, 8639922.232, 83
Trd, 8639922.932, 111
Trd, 8639923.332, 105
Trd, 8639924.032, 94
Trd, 8639924.782, 140
Trd, 8639925.782, 112
Trd, 8639925.832, 109
Trd, 8639926.582, 132
Trd, 8639926.682, 106
Trd, 8639927.432, 140
Trd, 8639927.482, 124
Trd, 8639928.732, 139
Trd, 8639930.382, 140
Trd, 8639930.632, 124
Trd, 8639930.882, 121
Trd, 8639930.932, 117
Trd, 8639932.132, 135
Trd, 8639932.182, 123
Trd, 8639932.382, 80
Trd, 8639934.032, 79
Trd, 8639935.382, 140
Trd, 8639936.182, 140
Trd, 8639936.282, 140
Trd, 8639936.882, 138
Trd, 8639937.582, 107
Trd, 8639938.782, 90
Trd, 8639939.832, 139
Trd, 8639940.032, 138
Trd, 8639940.432, 137
Trd, 8639940.482, 128
Trd, 8639940.832, 126
Trd, 8639941.782, 118
Trd, 8639942.082, 114
Trd, 8639942.732, 140
Trd, 8639944.682, 103
Trd, 8639944.982, 91
Trd, 8639945.182, 110
Trd, 8639945.432, 137
Trd, 8639945.582, 123
Trd, 8639946.732, 140
Trd, 8639947.232, 124
Trd, 8639947.782, 83
Trd, 8639949.082, 137
Trd, 8639949.382, 134
Trd, 8639950.032, 138
Trd, 8639950.782, 139
Trd, 8639951.182, 105
Trd, 8639951.582, 85
Trd, 8639952.082, 68
Trd, 8639952.782, 140
Trd, 8639953.582, 139
Trd, 8639954.432, 130
Trd, 8639954.482, 129
Trd, 8639955.432, 113
Trd, 8639955.832, 129
Trd, 8639956.132, 112
Trd, 8639956.532, 72
Trd, 8639958.582, 88
Trd, 8639960.032, 140
Trd, 8639960.532, 139
Trd, 8639960.682, 138
Trd, 8639960.782, 109
Trd, 8639961.032, 124
Trd, 8639961.632, 140
Trd, 8639962.732, 110
Trd, 8639963.182, 133
Trd, 8639963.882, 140
Trd, 8639963.932, 99
Trd, 8639964.082, 79
Trd, 8639964.732, 116
Trd, 8639966.482, 106
Trd, 8639966.782, 78
Trd, 8639967.132, 99
Trd, 8639967.732, 121
Trd, 8639969.132, 94
Trd, 8639969.932, 122
Trd, 8639970.532, 69
Trd, 8639970.632, 74
Trd, 8639971.582, 119
Trd, 8639971.982, 140
Trd, 8639972.682, 75
Trd, 8639972.782, 72
Trd, 8639974.432, 137
Trd, 8639974.782, 92
Trd, 8639975.282, 140
Trd, 8639975.382, 125
Trd, 8639976.032, 109
Trd, 8639976.982, 140
Trd, 8639977.532, 134
Trd, 8639978.032, 116
Trd, 8639978.532, 87
Trd, 8639978.932, 139
Trd, 8639979.132, 87
Trd, 8639980.182, 123
Trd, 8639981.182, 137
Trd, 8639981.682, 139
Trd, 8639982.632, 101
Trd, 8639984.182, 100
Trd, 8639985.182, 140
Trd, 8639985.632, 138
Trd, 8639987.232, 107
Trd, 8639988.032, 83
Trd, 8639988.532, 84
Trd, 8639988.632, 90
Trd, 8639988.832, 106
Trd, 8639988.882, 78
Trd, 8639989.432, 101
Trd, 8639989.782, 100
Trd, 8639990.282, 114
Trd, 8639991.682, 66
Trd, 8639992.832, 80
Trd, 8639993.332, 80
Trd, 8639994.932, 73
Trd, 8639995.382, 68
Trd, 8639995.432, 115
Trd, 8639996.732, 140
Trd, 8639997.232, 80
Trd, 8639997.332, 77
Trd, 8639998.882, 135
Trd, 8639998.982, 134
Trd, 8639999.332, 130
