Trd, 8638162.982, 139
Trd, 8638163.932, 120
Trd, 8638165.482, 140
Trd, 8638165.832, 140
Trd, 8638166.732, 140
Trd, 8638167.032, 140
Trd, 8638167.282, 140
Trd, 8638168.432, 140
Trd, 8638169.082, 140
Trd, 8638169.482, 140
Trd, 8638169.782, 139
Trd, 8638170.082, 105
Trd, 8638171.232, 140
Trd, 8638172.482, 140
Trd, 8638173.582, 140
Trd, 8638173.732, 111
Trd, 8638174.082, 106
Trd, 8638174.782, 140
Trd, 8638175.282, 139
Trd, 8638175.532, 92
Trd, 8638176.132, 63
Trd, 8638177.282, 138
Trd, 8638178.232, 139
Trd, 8638178.782, 140
Trd, 8638179.432, 137
Trd, 8638179.982, 139
Trd, 8638180.882, 116
Trd, 8638181.182, 112
Trd, 8638182.182, 140
Trd, 8638182.632, 139
Trd, 8638184.382, 140
Trd, 8638184.882, 139
Trd, 8638185.132, 129
Trd, 8638185.332, 98
Trd, 8638186.382, 123
Trd, 8638186.932, 127
Trd, 8638187.532, 60
Trd, 8638187.832, 60
Trd, 8638188.882, 60
Trd, 8638189.182, 140
Trd, 8638190.282, 140
Trd, 8638192.032, 140
Trd, 8638192.132, 140
Trd, 8638192.232, 140
Trd, 8638192.932, 140
Trd, 8638193.582, 139
Trd, 8638194.232, 137
Trd, 8638195.632, 117
Trd, 8638195.932, 100
Trd, 8638196.582, 140
Trd, 8638196.832, 139
Trd, 8638197.032, 138
Trd, 8638197.582, 140
Trd, 8638199.382, 140
Trd, 8638199.632, 139
Trd, 8638200.732, 140
Trd, 8638201.232, 140
Trd, 8638202.282, 137
Trd, 8638202.382, 117
Trd, 8638202.982, 82
Trd, 8638203.382, 140
Trd, 8638203.882, 140
Trd, 8638204.032, 118
Trd, 8638205.432, 140
Trd, 8638205.982, 137
Trd, 8638206.632, 140
Trd, 8638207.682, 140
Trd, 8638208.282, 140
Trd, 8638208.682, 140
Trd, 8638208.732, 139
Trd, 8638208.932, 138
Trd, 8638209.882, 110
Trd, 8638210.432, 140
Trd, 8638210.682, 140
Trd, 8638212.582, 138
Trd, 8638213.332, 76
Trd, 8638213.932, 138
Trd, 8638214.382, 114
Trd, 8638215.132, 138
Trd, 8638216.182, 140
Trd, 8638216.432, 140
Trd, 8638216.782, 140
Trd, 8638217.132, 109
Trd, 8638218.432, 60
Trd, 8638218.982, 140
Trd, 8638219.282, 140
Trd, 8638219.382, 140
Trd, 8638219.532, 84
Trd, 8638221.032, 73
Trd, 8638221.382, 68
Trd, 8638223.232, 140
Trd, 8638223.482, 140
Trd, 8638224.282, 139
Trd, 8638225.732, 140
Trd, 8638225.932, 140
Trd, 8638227.232, 139
Trd, 8638227.382, 137
Trd, 8638229.182, 140
Trd, 8638229.732, 139
Trd, 8638229.882, 139
Trd, 8638230.532, 140
Trd, 8638230.832, 122
Trd, 8638231.882, 140
Trd, 8638232.432, 139
Trd, 8638233.632, 140
Trd, 8638233.732, 140
Trd, 8638235.332, 140
Trd, 8638236.282, 140
Trd, 8638236.482, 139
Trd, 8638236.632, 139
Trd, 8638236.882, 140
Trd, 8638237.332, 131
Trd, 8638239.632, 140
Trd, 8638239.732, 140
Trd, 8638240.032, 139
Trd, 8638240.482, 96
Trd, 8638241.632, 140
Trd, 8638241.782, 139
Trd, 8638242.082, 137
Trd, 8638243.482, 139
Trd, 8638244.282, 140
Trd, 8638244.682, 125
Trd, 8638245.082, 61
Trd, 8638245.632, 61
Trd, 8638246.532, 60
Trd, 8638246.982, 60
Trd, 8638247.182, 62
Trd, 8638247.782, 116
Trd, 8638248.232, 67
Trd, 8638249.232, 60
Trd, 8638249.982, 60
Trd, 8638250.332, 63
Trd, 8638250.932, 71
Trd, 8638252.532, 60
Trd, 8638252.732, 62
Trd, 8638253.082, 74
Trd, 8638254.032, 80
Trd, 8638254.382, 79
Trd, 8638255.232, 60
Trd, 8638255.882, 63
Trd, 8638256.432, 140
Trd, 8638256.782, 74
Trd, 8638258.132, 140
Trd, 8638259.432, 140
Trd, 8638260.232, 140
Trd, 8638260.382, 140
Trd, 8638261.482, 140
Trd, 8638261.582, 139
Trd, 8638261.732, 137
Trd, 8638261.782, 94
Trd, 8638263.582, 60
Trd, 8638263.882, 60
Trd, 8638264.482, 72
Trd, 8638264.932, 60
Trd, 8638265.882, 140
Trd, 8638266.532, 140
Trd, 8638266.682, 140
Trd, 8638267.082, 140
Trd, 8638268.482, 140
Trd, 8638268.782, 140
Trd, 8638269.232, 138
Trd, 8638270.832, 140
Trd, 8638271.982, 140
Trd, 8638272.082, 140
Trd, 8638272.332, 139
Trd, 8638273.582, 139
Trd, 8638273.732, 137
Trd, 8638274.432, 140
Trd, 8638274.932, 140
Trd, 8638275.182, 140
Trd, 8638275.432, 120
Trd, 8638276.382, 114
Trd, 8638276.532, 86
Trd, 8638276.682, 67
Trd, 8638277.282, 63
Trd, 8638278.632, 121
Trd, 8638279.182, 62
Trd, 8638279.432, 60
Trd, 8638279.582, 63
Trd, 8638280.432, 65
Trd, 8638281.932, 61
Trd, 8638282.282, 80
Trd, 8638283.182, 139
Trd, 8638283.482, 138
Trd, 8638284.432, 140
Trd, 8638286.232, 140
Trd, 8638287.132, 140
Trd, 8638287.482, 140
Trd, 8638287.832, 140
Trd, 8638287.982, 139
Trd, 8638289.332, 140
Trd, 8638289.782, 139
Trd, 8638290.832, 140
Trd, 8638292.532, 140
Trd, 8638292.632, 140
Trd, 8638294.382, 140
Trd, 8638294.482, 140
Trd, 8638294.532, 138
Trd, 8638295.032, 140
Trd, 8638295.232, 140
Trd, 8638296.882, 140
Trd, 8638296.932, 139
Trd, 8638297.632, 89
Trd, 8638298.382, 60
Trd, 8638298.882, 85
Trd, 8638299.532, 137
Trd, 8638300.282, 60
Trd, 8638301.032, 140
Trd, 8638302.132, 139
Trd, 8638302.932, 138
Trd, 8638303.782, 96
Trd, 8638304.082, 99
Trd, 8638304.532, 96
Trd, 8638304.732, 82
Trd, 8638305.232, 112
Trd, 8638305.532, 140
Trd, 8638305.832, 140
Trd, 8638306.282, 140
Trd, 8638307.482, 88
Trd, 8638307.832, 88
Trd, 8638308.082, 87
Trd, 8638309.382, 140
Trd, 8638312.432, 140
Trd, 8638312.682, 140
Trd, 8638313.282, 139
Trd, 8638313.732, 140
Trd, 8638313.882, 139
Trd, 8638314.032, 126
Trd, 8638315.682, 139
Trd, 8638316.182, 139
Trd, 8638316.582, 139
Trd, 8638317.482, 60
Trd, 8638318.182, 61
Trd, 8638318.982, 61
Trd, 8638319.532, 93
Trd, 8638320.282, 140
Trd, 8638320.332, 139
Trd, 8638321.782, 140
Trd, 8638321.982, 97
Trd, 8638322.032, 90
Trd, 8638323.532, 140
Trd, 8638323.882, 140
Trd, 8638324.432, 140
Trd, 8638325.182, 139
Trd, 8638325.782, 103
Trd, 8638326.282, 68
Trd, 8638326.982, 136
Trd, 8638328.332, 63
Trd, 8638328.882, 140
Trd, 8638329.682, 139
Trd, 8638330.482, 60
Trd, 8638330.732, 60
Trd, 8638331.232, 60
Trd, 8638331.682, 60
Trd, 8638332.632, 61
Trd, 8638332.882, 70
Trd, 8638335.382, 63
Trd, 8638335.832, 63
Trd, 8638336.132, 64
Trd, 8638336.732, 140
Trd, 8638336.932, 140
Trd, 8638337.332, 96
Trd, 8638337.682, 102
Trd, 8638339.532, 140
Trd, 8638339.632, 139
Trd, 8638340.232, 138
Trd, 8638341.132, 139
Trd, 8638342.382, 140
Trd, 8638343.482, 102
Trd, 8638344.032, 101
Trd, 8638344.532, 140
Trd, 8638344.682, 139
Trd, 8638346.482, 140
Trd, 8638346.632, 140
Trd, 8638347.632, 140
Trd, 8638349.482, 140
Trd, 8638349.932, 140
Trd, 8638350.082, 140
Trd, 8638350.782, 140
Trd, 8638351.032, 131
Trd, 8638351.132, 130
Trd, 8638351.632, 95
Trd, 8638352.382, 137
Trd, 8638352.982, 139
Trd, 8638353.782, 140
Trd, 8638354.882, 140
Trd, 8638355.332, 140
Trd, 8638356.182, 127
Trd, 8638357.032, 138
Trd, 8638357.082, 130
Trd, 8638357.532, 85
Trd, 8638358.332, 129
Trd, 8638359.382, 140
Trd, 8638359.932, 140
Trd, 8638360.532, 140
Trd, 8638361.282, 139
Trd, 8638362.032, 139
Trd, 8638362.632, 140
Trd, 8638363.682, 140
Trd, 8638363.882, 140
Trd, 8638364.082, 140
Trd, 8638364.482, 139
Trd, 8638365.032, 138
Trd, 8638367.582, 140
Trd, 8638367.832, 140
Trd, 8638368.282, 139
Trd, 8638368.832, 140
Trd, 8638369.182, 139
Trd, 8638370.082, 140
Trd, 8638370.432, 68
Trd, 8638370.582, 93
Trd, 8638370.832, 66
Trd, 8638371.682, 139
Trd, 8638373.032, 101
Trd, 8638373.132, 90
Trd, 8638373.382, 106
Trd, 8638373.632, 60
Trd, 8638373.732, 119
Trd, 8638374.282, 140
Trd, 8638374.982, 140
Trd, 8638375.532, 137
Trd, 8638376.282, 61
Trd, 8638376.582, 70
Trd, 8638377.932, 60
Trd, 8638377.982, 61
Trd, 8638378.682, 113
Trd, 8638379.332, 61
Trd, 8638379.582, 66
Trd, 8638381.682, 61
Trd, 8638381.732, 66
Trd, 8638382.082, 66
Trd, 8638384.032, 64
Trd, 8638384.182, 65
Trd, 8638385.132, 129
Trd, 8638385.432, 65
Trd, 8638385.982, 121
Trd, 8638386.132, 124
Trd, 8638386.882, 140
Trd, 8638387.982, 140
Trd, 8638388.782, 140
Trd, 8638389.282, 140
Trd, 8638389.382, 140
Trd, 8638389.982, 140
Trd, 8638390.432, 128
Trd, 8638390.932, 116
Trd, 8638391.832, 138
Trd, 8638391.982, 116
Trd, 8638392.632, 60
Trd, 8638393.382, 75
Trd, 8638394.182, 62
Trd, 8638395.982, 124
Trd, 8638397.082, 140
Trd, 8638398.332, 140
Trd, 8638399.182, 140
Trd, 8638399.482, 140
Trd, 8638399.782, 140
Trd, 8638400.232, 140
Trd, 8638400.432, 140
Trd, 8638400.832, 128
Trd, 8638402.082, 140
Trd, 8638402.382, 140
Trd, 8638402.882, 140
Trd, 8638402.932, 139
Trd, 8638403.332, 125
Trd, 8638404.382, 128
Trd, 8638405.032, 131
Trd, 8638405.232, 104
Trd, 8638405.282, 101
Trd, 8638406.382, 140
Trd, 8638407.532, 100
Trd, 8638407.582, 77
Trd, 8638408.432, 140
Trd, 8638408.632, 140
Trd, 8638408.882, 137
Trd, 8638410.182, 140
Trd, 8638411.032, 140
Trd, 8638411.332, 137
Trd, 8638411.582, 124
Trd, 8638412.632, 140
Trd, 8638413.382, 140
Trd, 8638414.482, 140
Trd, 8638417.182, 140
Trd, 8638417.482, 140
Trd, 8638418.332, 138
Trd, 8638419.482, 140
Trd, 8638420.082, 140
Trd, 8638421.482, 140
Trd, 8638421.632, 140
Trd, 8638421.932, 116
Trd, 8638422.532, 127
Trd, 8638422.632, 81
Trd, 8638422.982, 127
Trd, 8638424.582, 140
Trd, 8638425.282, 139
Trd, 8638425.732, 139
Trd, 8638426.182, 84
Trd, 8638426.732, 116
Trd, 8638427.832, 138
Trd, 8638428.132, 140
Trd, 8638429.782, 140
Trd, 8638430.832, 140
Trd, 8638431.282, 140
Trd, 8638431.682, 140
Trd, 8638431.732, 139
Trd, 8638432.882, 110
Trd, 8638433.432, 139
Trd, 8638434.082, 135
Trd, 8638434.732, 140
Trd, 8638435.982, 138
Trd, 8638436.932, 140
Trd, 8638437.632, 110
Trd, 8638438.282, 120
Trd, 8638439.132, 140
Trd, 8638439.882, 140
Trd, 8638440.282, 140
Trd, 8638441.632, 140
Trd, 8638442.132, 140
Trd, 8638444.782, 140
Trd, 8638445.182, 140
Trd, 8638445.382, 140
Trd, 8638445.632, 138
Trd, 8638445.882, 140
Trd, 8638445.932, 102
Trd, 8638446.032, 79
Trd, 8638448.032, 140
Trd, 8638448.232, 140
Trd, 8638449.132, 140
Trd, 8638449.382, 139
Trd, 8638450.082, 140
Trd, 8638450.532, 140
Trd, 8638451.332, 140
Trd, 8638453.632, 140
Trd, 8638453.932, 135
Trd, 8638454.832, 140
Trd, 8638454.982, 140
Trd, 8638455.082, 140
Trd, 8638455.282, 134
Trd, 8638455.382, 132
Trd, 8638456.182, 140
Trd, 8638456.932, 139
Trd, 8638458.632, 70
Trd, 8638458.832, 72
Trd, 8638459.632, 66
Trd, 8638459.782, 70
Trd, 8638460.732, 138
Trd, 8638460.932, 138
Trd, 8638462.082, 139
Trd, 8638462.482, 140
Trd, 8638462.632, 138
Trd, 8638464.132, 140
Trd, 8638464.332, 140
Trd, 8638464.382, 98
Trd, 8638465.132, 138
Trd, 8638465.532, 139
Trd, 8638466.432, 137
Trd, 8638466.482, 68
Trd, 8638467.282, 140
Trd, 8638469.082, 61
Trd, 8638469.732, 140
Trd, 8638469.832, 140
Trd, 8638470.932, 139
Trd, 8638471.782, 140
Trd, 8638472.082, 140
Trd, 8638472.132, 124
Trd, 8638472.432, 104
Trd, 8638473.282, 133
Trd, 8638474.632, 140
Trd, 8638474.732, 140
Trd, 8638475.882, 140
Trd, 8638476.132, 140
Trd, 8638476.382, 140
Trd, 8638477.282, 140
Trd, 8638477.332, 136
Trd, 8638478.782, 140
Trd, 8638479.182, 140
Trd, 8638481.132, 140
Trd, 8638482.982, 140
Trd, 8638483.082, 140
Trd, 8638483.382, 139
Trd, 8638483.432, 136
Trd, 8638485.432, 140
Trd, 8638485.732, 140
Trd, 8638485.832, 140
Trd, 8638486.932, 140
Trd, 8638488.482, 139
Trd, 8638488.682, 135
Trd, 8638489.982, 140
Trd, 8638490.132, 140
Trd, 8638491.332, 138
Trd, 8638493.732, 140
Trd, 8638494.282, 140
Trd, 8638494.582, 140
Trd, 8638494.982, 140
Trd, 8638495.332, 139
Trd, 8638496.432, 140
Trd, 8638497.382, 139
Trd, 8638497.432, 138
Trd, 8638498.782, 137
Trd, 8638499.382, 129
Trd, 8638500.032, 140
Trd, 8638500.182, 139
Trd, 8638500.332, 129
Trd, 8638500.882, 137
Trd, 8638501.382, 94
Trd, 8638501.832, 66
Trd, 8638502.882, 62
Trd, 8638502.982, 76
Trd, 8638503.782, 140
Trd, 8638504.082, 138
Trd, 8638505.532, 60
Trd, 8638506.032, 60
Trd, 8638506.332, 74
Trd, 8638506.532, 66
Trd, 8638507.282, 60
Trd, 8638508.232, 140
Trd, 8638508.832, 140
Trd, 8638509.032, 140
Trd, 8638509.132, 140
Trd, 8638509.282, 138
Trd, 8638511.082, 87
Trd, 8638511.132, 127
Trd, 8638511.882, 138
Trd, 8638514.882, 140
Trd, 8638515.032, 140
Trd, 8638515.082, 140
Trd, 8638516.182, 140
Trd, 8638516.582, 140
Trd, 8638517.632, 140
Trd, 8638517.732, 140
Trd, 8638518.082, 121
Trd, 8638518.182, 139
Trd, 8638519.482, 140
Trd, 8638519.682, 140
Trd, 8638520.832, 139
Trd, 8638521.382, 134
Trd, 8638521.682, 118
Trd, 8638522.532, 140
Trd, 8638522.732, 140
Trd, 8638522.982, 140
Trd, 8638523.182, 82
Trd, 8638523.632, 70
Trd, 8638524.682, 140
Trd, 8638526.732, 140
Trd, 8638527.532, 140
Trd, 8638528.132, 139
Trd, 8638528.932, 140
Trd, 8638531.132, 140
Trd, 8638531.432, 140
Trd, 8638531.582, 140
Trd, 8638531.682, 135
Trd, 8638531.782, 129
Trd, 8638533.182, 123
Trd, 8638534.432, 137
Trd, 8638534.982, 136
Trd, 8638535.232, 140
Trd, 8638535.382, 134
Trd, 8638536.332, 109
Trd, 8638536.432, 84
Trd, 8638536.882, 137
Trd, 8638537.332, 62
Trd, 8638537.632, 140
Trd, 8638538.932, 140
Trd, 8638539.682, 140
Trd, 8638539.732, 140
Trd, 8638541.032, 140
Trd, 8638542.532, 140
Trd, 8638542.782, 140
Trd, 8638543.682, 140
Trd, 8638544.432, 117
Trd, 8638545.682, 140
Trd, 8638546.632, 140
Trd, 8638546.882, 138
Trd, 8638546.982, 138
Trd, 8638547.182, 110
Trd, 8638547.732, 140
Trd, 8638548.732, 126
Trd, 8638549.132, 132
Trd, 8638549.632, 126
Trd, 8638551.332, 140
Trd, 8638552.082, 140
Trd, 8638552.132, 139
Trd, 8638552.282, 107
Trd, 8638554.482, 124
Trd, 8638554.632, 125
Trd, 8638554.982, 91
Trd, 8638555.732, 91
Trd, 8638555.832, 75
Trd, 8638555.982, 68
Trd, 8638556.232, 139
Trd, 8638558.732, 140
Trd, 8638558.932, 122
Trd, 8638559.782, 140
Trd, 8638559.932, 138
Trd, 8638560.082, 84
Trd, 8638561.282, 64
Trd, 8638562.032, 140
Trd, 8638562.232, 61
Trd, 8638563.232, 68
Trd, 8638564.232, 140
Trd, 8638564.582, 140
Trd, 8638565.332, 140
Trd, 8638565.382, 140
Trd, 8638566.532, 140
Trd, 8638566.732, 140
Trd, 8638567.432, 128
Trd, 8638569.032, 140
Trd, 8638569.632, 140
Trd, 8638570.532, 116
Trd, 8638570.632, 115
Trd, 8638571.882, 140
Trd, 8638572.932, 140
Trd, 8638573.182, 140
Trd, 8638573.582, 140
Trd, 8638573.882, 140
Trd, 8638574.482, 140
Trd, 8638575.332, 139
Trd, 8638576.082, 104
Trd, 8638576.632, 138
Trd, 8638576.682, 83
Trd, 8638577.782, 60
Trd, 8638578.682, 63
Trd, 8638579.532, 69
Trd, 8638580.632, 60
Trd, 8638580.782, 61
Trd, 8638581.032, 60
Trd, 8638582.382, 140
Trd, 8638582.482, 140
Trd, 8638582.782, 136
Trd, 8638583.782, 139
Trd, 8638585.432, 66
Trd, 8638585.832, 60
Trd, 8638585.932, 64
Trd, 8638586.132, 69
Trd, 8638586.832, 60
Trd, 8638588.432, 61
Trd, 8638588.632, 62
Trd, 8638589.982, 72
Trd, 8638590.632, 139
Trd, 8638592.082, 140
Trd, 8638592.332, 140
Trd, 8638592.682, 140
Trd, 8638593.132, 140
Trd, 8638593.232, 126
Trd, 8638594.432, 140
Trd, 8638594.732, 140
Trd, 8638595.982, 140
Trd, 8638596.282, 140
Trd, 8638596.882, 140
Trd, 8638596.982, 140
Trd, 8638597.132, 115
Trd, 8638597.582, 92
Trd, 8638598.932, 139
Trd, 8638599.432, 139
Trd, 8638599.982, 139
Trd, 8638600.682, 126
Trd, 8638602.932, 140
Trd, 8638603.282, 140
Trd, 8638603.482, 140
Trd, 8638603.732, 139
Trd, 8638603.932, 135
Trd, 8638604.932, 140
Trd, 8638605.082, 108
Trd, 8638605.932, 140
Trd, 8638606.382, 60
Trd, 8638606.482, 61
Trd, 8638609.232, 140
Trd, 8638609.282, 139
Trd, 8638610.332, 140
Trd, 8638611.482, 140
Trd, 8638611.882, 140
Trd, 8638612.132, 140
Trd, 8638613.532, 140
Trd, 8638613.732, 109
Trd, 8638614.632, 140
Trd, 8638615.432, 140
Trd, 8638615.632, 140
Trd, 8638615.732, 140
Trd, 8638616.132, 76
Trd, 8638616.532, 140
Trd, 8638617.232, 83
Trd, 8638617.932, 64
Trd, 8638617.982, 112
Trd, 8638618.832, 61
Trd, 8638620.632, 140
Trd, 8638621.482, 140
Trd, 8638622.482, 140
Trd, 8638623.132, 140
Trd, 8638623.382, 140
Trd, 8638623.982, 139
Trd, 8638624.282, 139
Trd, 8638625.232, 119
Trd, 8638626.382, 139
Trd, 8638627.132, 140
Trd, 8638627.182, 140
Trd, 8638627.932, 105
Trd, 8638628.032, 104
Trd, 8638629.632, 140
Trd, 8638629.832, 140
Trd, 8638630.432, 140
Trd, 8638632.182, 140
Trd, 8638632.782, 140
Trd, 8638632.882, 140
Trd, 8638634.082, 140
Trd, 8638634.482, 140
Trd, 8638635.682, 140
Trd, 8638635.832, 140
Trd, 8638635.932, 139
Trd, 8638636.932, 139
Trd, 8638637.732, 140
Trd, 8638638.332, 140
Trd, 8638638.382, 139
Trd, 8638639.332, 140
Trd, 8638639.532, 139
Trd, 8638639.582, 135
Trd, 8638640.532, 121
Trd, 8638641.332, 60
Trd, 8638642.082, 140
Trd, 8638642.232, 140
Trd, 8638644.982, 140
Trd, 8638645.182, 140
Trd, 8638645.632, 105
Trd, 8638647.132, 138
Trd, 8638647.282, 136
Trd, 8638647.682, 84
Trd, 8638647.932, 140
Trd, 8638648.882, 140
Trd, 8638648.982, 67
Trd, 8638650.432, 60
Trd, 8638650.582, 62
Trd, 8638651.132, 67
Trd, 8638651.182, 69
Trd, 8638651.782, 80
Trd, 8638653.032, 66
Trd, 8638653.532, 140
Trd, 8638653.582, 137
Trd, 8638653.932, 140
Trd, 8638655.532, 139
Trd, 8638655.932, 139
Trd, 8638656.282, 107
Trd, 8638656.682, 95
Trd, 8638657.882, 65
Trd, 8638658.232, 67
Trd, 8638658.582, 134
Trd, 8638660.032, 138
Trd, 8638660.082, 96
Trd, 8638661.132, 139
Trd, 8638661.882, 140
Trd, 8638662.482, 140
Trd, 8638664.332, 140
Trd, 8638665.432, 140
Trd, 8638665.532, 140
Trd, 8638665.932, 140
Trd, 8638666.982, 139
Trd, 8638667.432, 140
Trd, 8638668.232, 128
Trd, 8638668.382, 127
Trd, 8638668.532, 124
Trd, 8638668.632, 99
Trd, 8638669.382, 140
Trd, 8638670.132, 60
Trd, 8638671.082, 138
Trd, 8638671.782, 90
Trd, 8638672.532, 64
Trd, 8638673.482, 63
Trd, 8638674.382, 61
Trd, 8638675.232, 62
Trd, 8638675.682, 62
Trd, 8638676.282, 62
Trd, 8638677.732, 140
Trd, 8638678.732, 140
Trd, 8638679.732, 140
Trd, 8638680.782, 140
Trd, 8638680.832, 140
Trd, 8638683.882, 140
Trd, 8638683.982, 140
Trd, 8638685.082, 60
Trd, 8638685.182, 62
Trd, 8638685.782, 137
Trd, 8638686.032, 140
Trd, 8638686.332, 86
Trd, 8638687.132, 61
Trd, 8638687.682, 63
Trd, 8638689.332, 61
Trd, 8638690.382, 60
Trd, 8638690.532, 63
Trd, 8638691.232, 62
Trd, 8638691.382, 107
Trd, 8638692.232, 62
Trd, 8638692.982, 132
Trd, 8638693.732, 140
Trd, 8638694.632, 140
Trd, 8638695.082, 140
Trd, 8638695.832, 62
Trd, 8638696.682, 69
Trd, 8638697.082, 139
Trd, 8638697.382, 124
Trd, 8638698.332, 140
Trd, 8638698.682, 139
Trd, 8638698.932, 112
Trd, 8638699.182, 62
Trd, 8638700.582, 61
Trd, 8638701.132, 62
Trd, 8638701.882, 65
Trd, 8638701.932, 104
Trd, 8638702.232, 140
Trd, 8638702.832, 74
Trd, 8638703.132, 77
Trd, 8638706.032, 61
Trd, 8638706.232, 63
Trd, 8638706.432, 61
Trd, 8638706.932, 61
Trd, 8638707.132, 64
Trd, 8638708.732, 61
Trd, 8638709.032, 66
Trd, 8638709.482, 140
Trd, 8638709.532, 140
Trd, 8638711.482, 60
Trd, 8638712.082, 60
Trd, 8638712.232, 60
Trd, 8638712.282, 64
Trd, 8638713.782, 139
Trd, 8638714.182, 140
Trd, 8638714.882, 140
Trd, 8638715.782, 140
Trd, 8638716.682, 140
Trd, 8638717.132, 140
Trd, 8638717.282, 140
Trd, 8638717.682, 138
Trd, 8638718.532, 140
Trd, 8638719.532, 136
Trd, 8638719.632, 135
Trd, 8638720.182, 66
Trd, 8638720.532, 66
Trd, 8638721.582, 140
Trd, 8638722.332, 138
Trd, 8638722.782, 74
Trd, 8638723.182, 139
Trd, 8638724.032, 113
Trd, 8638724.432, 103
Trd, 8638725.682, 61
Trd, 8638725.882, 62
Trd, 8638725.982, 63
Trd, 8638726.632, 62
Trd, 8638727.782, 65
Trd, 8638729.432, 64
Trd, 8638729.482, 80
Trd, 8638730.882, 60
Trd, 8638731.232, 64
Trd, 8638733.382, 60
Trd, 8638733.582, 62
Trd, 8638733.982, 140
Trd, 8638734.082, 61
Trd, 8638734.432, 64
Trd, 8638735.282, 140
Trd, 8638735.382, 138
Trd, 8638736.382, 140
Trd, 8638736.832, 60
Trd, 8638737.332, 63
Trd, 8638737.582, 60
Trd, 8638739.182, 140
Trd, 8638739.582, 140
Trd, 8638740.482, 140
Trd, 8638740.782, 138
Trd, 8638741.282, 140
Trd, 8638741.932, 140
Trd, 8638742.582, 139
Trd, 8638742.682, 106
Trd, 8638743.782, 140
Trd, 8638744.382, 140
Trd, 8638745.482, 140
Trd, 8638746.132, 140
Trd, 8638746.182, 140
Trd, 8638747.182, 140
Trd, 8638748.382, 140
Trd, 8638748.882, 140
Trd, 8638749.482, 140
Trd, 8638750.982, 140
Trd, 8638751.082, 139
Trd, 8638752.182, 136
Trd, 8638752.332, 125
Trd, 8638752.732, 140
Trd, 8638753.632, 139
Trd, 8638753.682, 83
Trd, 8638754.282, 107
Trd, 8638754.332, 106
Trd, 8638756.082, 140
Trd, 8638756.182, 139
Trd, 8638757.082, 140
Trd, 8638757.782, 118
Trd, 8638758.232, 136
Trd, 8638759.082, 140
Trd, 8638759.832, 137
Trd, 8638760.132, 139
Trd, 8638760.432, 139
Trd, 8638762.132, 140
Trd, 8638762.632, 139
Trd, 8638762.982, 139
Trd, 8638764.332, 140
Trd, 8638764.632, 140
Trd, 8638765.082, 140
Trd, 8638766.232, 140
Trd, 8638767.382, 140
Trd, 8638767.982, 140
Trd, 8638769.132, 140
Trd, 8638769.532, 140
Trd, 8638770.882, 140
Trd, 8638771.332, 140
Trd, 8638772.332, 140
Trd, 8638772.632, 140
Trd, 8638772.732, 139
Trd, 8638774.382, 138
Trd, 8638774.682, 136
Trd, 8638775.382, 138
Trd, 8638775.982, 140
Trd, 8638776.582, 140
Trd, 8638777.682, 140
Trd, 8638778.082, 140
Trd, 8638778.582, 140
Trd, 8638780.282, 140
Trd, 8638780.482, 139
Trd, 8638781.032, 140
Trd, 8638781.432, 139
Trd, 8638782.432, 140
Trd, 8638783.032, 140
Trd, 8638783.082, 140
Trd, 8638784.182, 120
Trd, 8638785.032, 90
Trd, 8638785.382, 140
Trd, 8638786.682, 140
Trd, 8638786.832, 140
Trd, 8638787.182, 140
Trd, 8638787.982, 140
Trd, 8638789.582, 140
Trd, 8638789.932, 72
Trd, 8638789.982, 88
Trd, 8638791.082, 140
Trd, 8638791.932, 138
Trd, 8638792.182, 140
Trd, 8638793.132, 140
Trd, 8638793.932, 137
Trd, 8638794.682, 139
Trd, 8638796.132, 140
Trd, 8638796.182, 96
Trd, 8638797.732, 140
Trd, 8638798.482, 140
Trd, 8638798.582, 140
Trd, 8638798.832, 140
Trd, 8638799.432, 97
Trd, 8638799.632, 120
Trd, 8638799.782, 93
Trd, 8638801.832, 140
Trd, 8638802.782, 140
Trd, 8638803.082, 140
Trd, 8638803.132, 140
Trd, 8638804.282, 140
Trd, 8638805.332, 140
Trd, 8638806.482, 140
Trd, 8638807.132, 140
Trd, 8638807.882, 140
Trd, 8638807.932, 139
Trd, 8638809.432, 140
Trd, 8638810.032, 140
Trd, 8638810.182, 140
Trd, 8638810.782, 140
Trd, 8638811.682, 140
Trd, 8638813.332, 139
Trd, 8638813.682, 140
Trd, 8638814.432, 140
Trd, 8638815.232, 135
Trd, 8638815.782, 140
Trd, 8638816.082, 116
Trd, 8638817.982, 140
Trd, 8638818.582, 140
Trd, 8638818.832, 140
Trd, 8638819.432, 140
Trd, 8638819.532, 139
Trd, 8638820.932, 140
Trd, 8638821.032, 140
Trd, 8638822.232, 126
Trd, 8638822.382, 118
Trd, 8638823.032, 138
Trd, 8638824.232, 140
Trd, 8638824.882, 138
Trd, 8638826.032, 138
Trd, 8638826.432, 140
Trd, 8638827.282, 139
Trd, 8638827.482, 98
Trd, 8638827.832, 140
Trd, 8638828.682, 138
Trd, 8638829.282, 106
Trd, 8638830.482, 140
Trd, 8638830.582, 137
Trd, 8638831.182, 63
Trd, 8638833.082, 64
Trd, 8638833.232, 67
Trd, 8638833.682, 67
Trd, 8638834.032, 110
Trd, 8638834.232, 115
Trd, 8638834.282, 114
Trd, 8638835.232, 138
Trd, 8638836.282, 64
Trd, 8638837.282, 140
Trd, 8638837.632, 139
Trd, 8638839.682, 140
Trd, 8638840.032, 140
Trd, 8638840.132, 139
Trd, 8638840.332, 138
Trd, 8638840.832, 98
Trd, 8638841.882, 140
Trd, 8638842.482, 129
Trd, 8638843.232, 87
Trd, 8638844.132, 139
Trd, 8638844.632, 139
Trd, 8638845.282, 139
Trd, 8638845.582, 100
Trd, 8638847.482, 140
Trd, 8638847.532, 140
Trd, 8638848.482, 140
Trd, 8638848.582, 140
Trd, 8638848.782, 120
Trd, 8638849.982, 139
Trd, 8638850.682, 139
Trd, 8638851.182, 115
Trd, 8638853.032, 140
Trd, 8638853.332, 139
Trd, 8638853.732, 139
Trd, 8638854.132, 138
Trd, 8638854.582, 139
Trd, 8638856.082, 140
Trd, 8638856.132, 140
Trd, 8638857.332, 137
Trd, 8638857.832, 107
Trd, 8638858.982, 140
Trd, 8638859.582, 140
Trd, 8638859.682, 60
Trd, 8638860.432, 122
Trd, 8638861.432, 140
Trd, 8638863.182, 139
Trd, 8638863.432, 139
Trd, 8638863.532, 88
Trd, 8638863.782, 65
Trd, 8638864.282, 60
Trd, 8638864.332, 60
Trd, 8638867.282, 61
Trd, 8638868.082, 61
Trd, 8638868.282, 62
Trd, 8638868.332, 128
Trd, 8638870.232, 61
Trd, 8638870.382, 61
Trd, 8638870.632, 61
Trd, 8638870.782, 62
Trd, 8638872.032, 139
Trd, 8638872.732, 140
Trd, 8638873.332, 139
Trd, 8638873.682, 139
Trd, 8638875.182, 140
Trd, 8638875.632, 139
Trd, 8638876.232, 140
Trd, 8638876.932, 140
Trd, 8638877.082, 120
Trd, 8638877.332, 119
Trd, 8638877.632, 103
Trd, 8638877.982, 65
Trd, 8638878.182, 62
Trd, 8638879.382, 66
Trd, 8638881.532, 140
Trd, 8638882.632, 137
Trd, 8638883.032, 136
Trd, 8638883.732, 140
Trd, 8638884.432, 140
Trd, 8638884.832, 140
Trd, 8638885.082, 140
Trd, 8638886.082, 63
Trd, 8638886.582, 107
Trd, 8638888.382, 60
Trd, 8638888.582, 61
Trd, 8638889.632, 60
Trd, 8638889.682, 65
Trd, 8638889.882, 105
Trd, 8638890.082, 68
Trd, 8638891.782, 140
Trd, 8638892.632, 97
Trd, 8638893.082, 98
Trd, 8638893.282, 135
Trd, 8638893.682, 140
Trd, 8638893.982, 72
Trd, 8638894.532, 69
Trd, 8638896.782, 140
Trd, 8638896.832, 140
Trd, 8638897.282, 140
Trd, 8638898.582, 140
Trd, 8638900.082, 140
Trd, 8638900.732, 140
Trd, 8638900.832, 140
Trd, 8638901.782, 140
Trd, 8638902.932, 140
Trd, 8638904.432, 140
Trd, 8638904.932, 140
Trd, 8638906.482, 140
Trd, 8638906.732, 140
Trd, 8638906.932, 140
Trd, 8638907.232, 140
Trd, 8638907.982, 140
Trd, 8638908.382, 140
Trd, 8638909.582, 140
Trd, 8638909.682, 137
Trd, 8638909.832, 135
Trd, 8638911.182, 140
Trd, 8638911.432, 94
Trd, 8638912.582, 140
Trd, 8638913.082, 140
Trd, 8638913.182, 140
Trd, 8638914.182, 140
Trd, 8638914.682, 140
Trd, 8638915.482, 140
Trd, 8638916.532, 140
Trd, 8638917.132, 140
Trd, 8638917.632, 139
Trd, 8638918.982, 107
Trd, 8638919.032, 106
Trd, 8638919.282, 123
Trd, 8638919.532, 78
Trd, 8638921.132, 140
Trd, 8638921.582, 140
Trd, 8638922.632, 131
Trd, 8638923.082, 61
Trd, 8638924.432, 80
Trd, 8638924.932, 61
Trd, 8638925.232, 108
Trd, 8638926.182, 140
Trd, 8638927.232, 140
Trd, 8638927.382, 140
Trd, 8638927.632, 140
Trd, 8638928.432, 140
Trd, 8638930.332, 140
Trd, 8638930.782, 140
Trd, 8638931.482, 90
Trd, 8638931.932, 66
Trd, 8638932.382, 140
Trd, 8638933.332, 140
Trd, 8638933.582, 140
Trd, 8638934.682, 140
Trd, 8638935.432, 140
Trd, 8638935.582, 91
Trd, 8638936.432, 140
Trd, 8638937.332, 140
Trd, 8638937.432, 138
Trd, 8638939.332, 139
Trd, 8638940.282, 138
Trd, 8638940.882, 139
Trd, 8638941.032, 138
Trd, 8638941.382, 114
Trd, 8638941.682, 94
Trd, 8638942.582, 140
Trd, 8638943.282, 140
Trd, 8638943.632, 139
Trd, 8638944.832, 139
Trd, 8638945.882, 138
Trd, 8638946.632, 121
Trd, 8638947.082, 140
Trd, 8638948.482, 116
Trd, 8638948.532, 114
Trd, 8638949.382, 135
Trd, 8638950.132, 118
Trd, 8638950.932, 121
Trd, 8638951.282, 136
Trd, 8638951.332, 120
Trd, 8638952.482, 115
Trd, 8638952.782, 109
Trd, 8638954.232, 140
Trd, 8638954.382, 140
Trd, 8638954.782, 140
Trd, 8638955.432, 140
Trd, 8638956.232, 140
Trd, 8638956.382, 139
Trd, 8638956.732, 139
Trd, 8638957.182, 140
Trd, 8638957.232, 113
Trd, 8638957.382, 99
Trd, 8638959.932, 139
Trd, 8638959.982, 138
Trd, 8638961.082, 140
Trd, 8638961.132, 138
Trd, 8638961.232, 135
Trd, 8638961.282, 129
Trd, 8638962.582, 140
Trd, 8638962.832, 140
Trd, 8638963.582, 62
Trd, 8638965.082, 140
Trd, 8638965.932, 140
Trd, 8638966.532, 137
Trd, 8638967.232, 140
Trd, 8638967.432, 140
Trd, 8638968.132, 138
Trd, 8638968.182, 110
Trd, 8638968.282, 94
Trd, 8638968.482, 140
Trd, 8638969.182, 136
Trd, 8638971.482, 140
Trd, 8638971.632, 140
Trd, 8638971.732, 138
Trd, 8638973.082, 140
Trd, 8638973.832, 140
Trd, 8638974.932, 140
Trd, 8638975.482, 140
Trd, 8638975.982, 139
Trd, 8638976.482, 139
Trd, 8638976.932, 140
Trd, 8638977.182, 103
Trd, 8638977.832, 138
Trd, 8638978.282, 82
Trd, 8638979.032, 61
Trd, 8638979.132, 61
Trd, 8638981.482, 140
Trd, 8638981.682, 140
Trd, 8638983.232, 140
Trd, 8638983.432, 140
Trd, 8638983.632, 140
Trd, 8638983.932, 140
Trd, 8638984.982, 140
Trd, 8638985.282, 139
Trd, 8638985.532, 138
Trd, 8638987.982, 140
Trd, 8638988.382, 140
Trd, 8638989.132, 93
Trd, 8638990.032, 139
Trd, 8638990.332, 139
Trd, 8638990.782, 115
Trd, 8638991.632, 68
Trd, 8638991.782, 138
Trd, 8638992.082, 106
Trd, 8638992.632, 62
Trd, 8638992.782, 140
Trd, 8638993.732, 83
Trd, 8638994.382, 68
Trd, 8638994.982, 140
Trd, 8638995.582, 140
Trd, 8638996.932, 139
Trd, 8638998.632, 140
Trd, 8638998.682, 139
Trd, 8638999.632, 140
Trd, 8639000.482, 122
Trd, 8639000.932, 105
Trd, 8639001.582, 61
Trd, 8639002.132, 140
Trd, 8639002.882, 139
Trd, 8639003.732, 60
Trd, 8639004.132, 62
Trd, 8639004.782, 60
Trd, 8639005.182, 67
Trd, 8639005.232, 70
Trd, 8639007.182, 97
Trd, 8639007.382, 95
Trd, 8639007.932, 140
Trd, 8639008.782, 67
Trd, 8639009.732, 61
Trd, 8639011.032, 60
Trd, 8639011.282, 60
Trd, 8639011.782, 60
Trd, 8639011.832, 110
Trd, 8639012.632, 140
Trd, 8639013.582, 138
Trd, 8639014.432, 120
Trd, 8639014.582, 90
Trd, 8639014.632, 82
Trd, 8639015.182, 138
Trd, 8639016.332, 60
Trd, 8639016.882, 77
Trd, 8639017.482, 61
Trd, 8639017.882, 64
Trd, 8639018.282, 123
Trd, 8639020.332, 140
Trd, 8639020.432, 130
Trd, 8639020.532, 127
Trd, 8639021.282, 62
Trd, 8639022.132, 67
Trd, 8639022.982, 67
Trd, 8639023.482, 68
Trd, 8639024.332, 61
Trd, 8639025.432, 61
Trd, 8639025.682, 62
Trd, 8639026.232, 61
Trd, 8639026.582, 66
Trd, 8639027.982, 62
Trd, 8639028.032, 83
Trd, 8639028.432, 60
Trd, 8639028.882, 60
Trd, 8639029.432, 61
Trd, 8639030.582, 68
Trd, 8639031.382, 63
Trd, 8639031.832, 61
Trd, 8639032.732, 64
Trd, 8639033.282, 60
Trd, 8639034.332, 62
Trd, 8639035.132, 61
Trd, 8639035.532, 61
Trd, 8639036.532, 136
Trd, 8639036.632, 135
Trd, 8639037.332, 138
Trd, 8639038.232, 137
Trd, 8639039.282, 140
Trd, 8639039.732, 81
Trd, 8639040.182, 140
Trd, 8639040.582, 110
Trd, 8639042.682, 137
Trd, 8639043.082, 132
Trd, 8639044.982, 140
Trd, 8639047.182, 140
Trd, 8639047.332, 140
Trd, 8639047.532, 139
Trd, 8639047.632, 138
Trd, 8639047.732, 139
Trd, 8639048.032, 94
Trd, 8639048.782, 80
Trd, 8639049.032, 128
Trd, 8639050.082, 63
Trd, 8639051.082, 94
Trd, 8639052.232, 140
Trd, 8639052.282, 140
Trd, 8639052.432, 139
Trd, 8639052.632, 89
Trd, 8639053.182, 68
Trd, 8639053.732, 64
Trd, 8639054.182, 68
Trd, 8639054.382, 120
Trd, 8639055.732, 60
Trd, 8639055.782, 61
Trd, 8639058.082, 61
Trd, 8639058.132, 62
Trd, 8639058.482, 60
Trd, 8639058.582, 65
Trd, 8639059.332, 72
Trd, 8639060.032, 65
Trd, 8639060.532, 68
Trd, 8639060.732, 122
Trd, 8639062.382, 61
Trd, 8639062.882, 70
Trd, 8639063.332, 110
Trd, 8639063.732, 140
Trd, 8639063.882, 140
Trd, 8639064.632, 137
Trd, 8639065.332, 107
Trd, 8639065.832, 131
Trd, 8639066.482, 81
Trd, 8639069.482, 140
Trd, 8639069.732, 140
Trd, 8639070.132, 139
Trd, 8639070.832, 140
Trd, 8639071.382, 108
Trd, 8639071.682, 139
Trd, 8639071.832, 138
Trd, 8639072.832, 140
Trd, 8639073.132, 140
Trd, 8639073.282, 70
Trd, 8639074.532, 128
Trd, 8639075.482, 63
Trd, 8639075.632, 66
Trd, 8639076.082, 140
Trd, 8639077.532, 140
Trd, 8639077.782, 140
Trd, 8639078.532, 140
Trd, 8639078.882, 102
Trd, 8639079.482, 68
Trd, 8639079.832, 140
Trd, 8639081.582, 140
Trd, 8639082.232, 140
Trd, 8639082.382, 139
Trd, 8639083.482, 131
Trd, 8639084.282, 140
Trd, 8639084.732, 140
Trd, 8639084.782, 87
Trd, 8639085.282, 135
Trd, 8639086.132, 140
Trd, 8639086.382, 140
Trd, 8639087.382, 140
Trd, 8639088.982, 139
Trd, 8639089.032, 137
Trd, 8639090.482, 140
Trd, 8639091.332, 140
Trd, 8639091.632, 138
Trd, 8639092.682, 137
Trd, 8639093.132, 139
Trd, 8639094.082, 71
Trd, 8639094.782, 70
Trd, 8639095.882, 137
Trd, 8639096.232, 137
Trd, 8639097.082, 140
Trd, 8639098.382, 140
Trd, 8639098.782, 140
Trd, 8639099.282, 140
Trd, 8639100.182, 137
Trd, 8639100.382, 105
Trd, 8639101.132, 140
Trd, 8639102.032, 140
Trd, 8639103.332, 140
Trd, 8639103.432, 140
Trd, 8639104.382, 139
Trd, 8639104.882, 140
Trd, 8639106.532, 140
Trd, 8639106.682, 140
Trd, 8639108.482, 130
Trd, 8639108.632, 115
Trd, 8639109.332, 137
Trd, 8639109.632, 140
Trd, 8639111.282, 140
Trd, 8639111.532, 139
Trd, 8639111.732, 139
Trd, 8639112.232, 138
Trd, 8639112.832, 140
Trd, 8639113.232, 138
Trd, 8639113.732, 61
Trd, 8639113.982, 89
Trd, 8639114.832, 140
Trd, 8639115.982, 140
Trd, 8639116.382, 136
Trd, 8639116.932, 130
Trd, 8639117.732, 127
Trd, 8639118.582, 140
Trd, 8639118.632, 139
Trd, 8639119.332, 113
Trd, 8639120.232, 69
Trd, 8639120.432, 140
Trd, 8639120.882, 72
Trd, 8639122.182, 61
Trd, 8639122.782, 94
Trd, 8639123.632, 139
Trd, 8639124.082, 140
Trd, 8639124.282, 140
Trd, 8639125.232, 140
Trd, 8639126.182, 140
Trd, 8639127.032, 140
Trd, 8639128.482, 140
Trd, 8639128.632, 139
Trd, 8639129.382, 139
Trd, 8639131.082, 140
Trd, 8639132.132, 140
Trd, 8639132.732, 140
Trd, 8639133.382, 140
Trd, 8639133.632, 140
Trd, 8639134.782, 140
Trd, 8639135.182, 140
Trd, 8639135.432, 140
Trd, 8639135.582, 138
Trd, 8639136.382, 140
Trd, 8639136.882, 97
Trd, 8639138.632, 140
Trd, 8639138.732, 140
Trd, 8639140.682, 140
Trd, 8639140.832, 140
Trd, 8639141.382, 140
Trd, 8639141.732, 140
Trd, 8639141.832, 138
Trd, 8639142.582, 139
Trd, 8639143.282, 121
Trd, 8639143.682, 109
Trd, 8639145.982, 140
Trd, 8639146.082, 134
Trd, 8639146.382, 78
Trd, 8639146.782, 140
Trd, 8639147.382, 84
Trd, 8639148.082, 140
Trd, 8639149.982, 140
Trd, 8639150.132, 140
Trd, 8639150.482, 140
Trd, 8639151.132, 140
Trd, 8639151.982, 140
Trd, 8639152.032, 139
Trd, 8639152.932, 140
Trd, 8639153.082, 106
Trd, 8639153.482, 80
Trd, 8639154.632, 64
Trd, 8639155.482, 60
Trd, 8639157.132, 137
Trd, 8639157.282, 135
Trd, 8639157.332, 133
Trd, 8639157.582, 65
Trd, 8639158.082, 120
Trd, 8639158.632, 117
Trd, 8639160.082, 74
Trd, 8639160.882, 66
Trd, 8639161.482, 61
Trd, 8639161.932, 62
Trd, 8639162.132, 65
Trd, 8639162.632, 139
Trd, 8639162.682, 138
Trd, 8639163.682, 140
Trd, 8639163.782, 140
Trd, 8639164.082, 129
Trd, 8639165.282, 66
Trd, 8639166.082, 90
Trd, 8639166.782, 62
Trd, 8639167.182, 62
Trd, 8639167.832, 64
Trd, 8639168.782, 61
Trd, 8639168.932, 62
Trd, 8639169.732, 72
Trd, 8639171.232, 64
Trd, 8639171.382, 65
Trd, 8639172.082, 61
Trd, 8639172.282, 63
Trd, 8639173.632, 139
Trd, 8639174.132, 64
Trd, 8639175.382, 139
Trd, 8639175.532, 63
Trd, 8639177.032, 94
Trd, 8639177.532, 61
Trd, 8639178.632, 61
Trd, 8639178.782, 64
Trd, 8639179.282, 140
Trd, 8639179.632, 86
Trd, 8639179.932, 139
Trd, 8639180.582, 97
Trd, 8639180.982, 72
Trd, 8639181.132, 82
Trd, 8639181.882, 60
Trd, 8639182.882, 140
Trd, 8639184.832, 140
Trd, 8639184.982, 140
Trd, 8639185.882, 139
Trd, 8639186.132, 72
Trd, 8639186.632, 94
Trd, 8639188.082, 139
Trd, 8639188.332, 140
Trd, 8639188.482, 140
Trd, 8639188.982, 76
Trd, 8639189.282, 68
Trd, 8639190.432, 60
Trd, 8639191.082, 140
Trd, 8639192.232, 140
Trd, 8639192.482, 138
Trd, 8639192.782, 136
Trd, 8639193.282, 80
Trd, 8639193.532, 116
Trd, 8639196.182, 140
Trd, 8639196.282, 140
Trd, 8639196.732, 140
Trd, 8639197.332, 140
Trd, 8639197.532, 139
Trd, 8639198.282, 68
Trd, 8639198.482, 118
Trd, 8639199.082, 107
Trd, 8639199.482, 139
Trd, 8639200.382, 138
Trd, 8639200.832, 83
Trd, 8639201.732, 140
Trd, 8639202.082, 140
Trd, 8639203.432, 140
Trd, 8639204.482, 139
Trd, 8639204.632, 138
Trd, 8639205.132, 139
Trd, 8639206.632, 140
Trd, 8639206.832, 140
Trd, 8639207.282, 139
Trd, 8639208.132, 140
Trd, 8639208.582, 110
Trd, 8639209.332, 67
Trd, 8639209.382, 68
Trd, 8639210.232, 140
Trd, 8639211.682, 140
Trd, 8639211.732, 138
Trd, 8639212.382, 139
Trd, 8639212.482, 137
Trd, 8639213.482, 140
Trd, 8639214.032, 140
Trd, 8639216.132, 140
Trd, 8639216.532, 140
Trd, 8639216.632, 106
Trd, 8639217.482, 103
Trd, 8639218.082, 100
Trd, 8639218.382, 140
Trd, 8639218.682, 124
Trd, 8639218.782, 123
Trd, 8639220.282, 140
Trd, 8639221.132, 139
Trd, 8639221.182, 139
Trd, 8639222.232, 139
Trd, 8639223.582, 140
Trd, 8639224.082, 137
Trd, 8639224.332, 82
Trd, 8639224.632, 71
Trd, 8639225.932, 109
Trd, 8639227.432, 70
Trd, 8639228.032, 72
Trd, 8639228.182, 67
Trd, 8639228.582, 87
Trd, 8639228.832, 140
Trd, 8639229.332, 137
Trd, 8639229.832, 136
Trd, 8639231.132, 140
Trd, 8639231.482, 140
Trd, 8639232.432, 60
Trd, 8639232.832, 72
Trd, 8639233.232, 140
Trd, 8639234.182, 140
Trd, 8639235.232, 140
Trd, 8639235.382, 140
Trd, 8639236.282, 140
Trd, 8639237.232, 140
Trd, 8639237.882, 138
Trd, 8639238.082, 137
Trd, 8639238.432, 140
Trd, 8639239.232, 139
Trd, 8639241.032, 140
Trd, 8639241.532, 140
Trd, 8639242.082, 140
Trd, 8639242.982, 140
Trd, 8639244.332, 140
Trd, 8639244.532, 140
Trd, 8639245.032, 140
Trd, 8639245.482, 138
Trd, 8639245.532, 137
Trd, 8639247.782, 140
Trd, 8639248.132, 140
Trd, 8639248.982, 140
Trd, 8639249.932, 140
Trd, 8639250.532, 138
Trd, 8639251.332, 140
Trd, 8639251.632, 140
Trd, 8639251.932, 98
Trd, 8639254.332, 140
Trd, 8639254.382, 140
Trd, 8639255.332, 140
Trd, 8639255.432, 140
Trd, 8639256.382, 140
Trd, 8639256.732, 140
Trd, 8639257.232, 140
Trd, 8639257.682, 139
Trd, 8639257.982, 140
Trd, 8639258.032, 96
Trd, 8639259.532, 71
Trd, 8639260.482, 140
Trd, 8639260.782, 70
Trd, 8639261.032, 139
Trd, 8639261.482, 104
Trd, 8639263.432, 140
Trd, 8639263.482, 140
Trd, 8639264.682, 139
Trd, 8639265.182, 120
Trd, 8639266.532, 140
Trd, 8639266.582, 140
Trd, 8639268.232, 140
Trd, 8639268.932, 140
Trd, 8639268.982, 140
Trd, 8639269.532, 140
Trd, 8639271.082, 140
Trd, 8639271.182, 139
Trd, 8639271.782, 64
Trd, 8639272.282, 60
Trd, 8639272.432, 65
Trd, 8639273.782, 139
Trd, 8639275.382, 140
Trd, 8639275.632, 140
Trd, 8639275.782, 140
Trd, 8639275.832, 138
Trd, 8639279.032, 140
Trd, 8639279.332, 140
Trd, 8639279.532, 140
Trd, 8639280.182, 140
Trd, 8639280.282, 140
Trd, 8639280.832, 140
Trd, 8639282.832, 140
Trd, 8639283.382, 140
Trd, 8639284.132, 140
Trd, 8639284.232, 140
Trd, 8639284.432, 140
Trd, 8639286.782, 140
Trd, 8639287.132, 140
Trd, 8639287.532, 140
Trd, 8639288.282, 139
Trd, 8639289.232, 140
Trd, 8639289.832, 140
Trd, 8639290.932, 140
Trd, 8639291.282, 140
Trd, 8639291.832, 140
Trd, 8639292.782, 140
Trd, 8639292.932, 139
Trd, 8639292.982, 139
Trd, 8639294.232, 139
Trd, 8639294.682, 134
Trd, 8639295.982, 139
Trd, 8639296.432, 69
Trd, 8639298.082, 140
Trd, 8639298.382, 140
Trd, 8639300.132, 140
Trd, 8639300.482, 140
Trd, 8639301.232, 139
Trd, 8639301.632, 140
Trd, 8639302.432, 140
Trd, 8639304.032, 140
Trd, 8639304.482, 140
Trd, 8639305.182, 140
Trd, 8639306.032, 140
Trd, 8639306.182, 140
Trd, 8639308.782, 140
Trd, 8639308.832, 140
Trd, 8639308.982, 140
Trd, 8639309.132, 140
Trd, 8639309.732, 140
Trd, 8639310.032, 140
Trd, 8639311.282, 140
Trd, 8639311.882, 137
Trd, 8639312.182, 125
Trd, 8639312.682, 122
Trd, 8639314.482, 115
Trd, 8639314.532, 114
Trd, 8639314.682, 93
Trd, 8639315.082, 104
Trd, 8639315.332, 85
Trd, 8639316.682, 140
Trd, 8639317.382, 140
Trd, 8639317.782, 140
Trd, 8639318.182, 138
Trd, 8639318.932, 140
Trd, 8639319.932, 140
Trd, 8639320.082, 140
Trd, 8639320.882, 140
Trd, 8639321.632, 139
Trd, 8639322.532, 140
Trd, 8639322.982, 140
Trd, 8639323.032, 107
Trd, 8639324.232, 140
Trd, 8639325.332, 140
Trd, 8639326.182, 139
Trd, 8639326.432, 139
Trd, 8639326.482, 139
Trd, 8639326.782, 115
Trd, 8639328.182, 140
Trd, 8639328.932, 140
Trd, 8639330.832, 140
Trd, 8639330.982, 140
Trd, 8639331.132, 137
Trd, 8639331.432, 68
Trd, 8639332.132, 111
Trd, 8639332.432, 130
Trd, 8639334.382, 140
Trd, 8639334.582, 140
Trd, 8639334.982, 140
Trd, 8639335.082, 138
Trd, 8639335.582, 140
Trd, 8639335.832, 139
Trd, 8639336.932, 140
Trd, 8639338.032, 140
Trd, 8639338.382, 139
Trd, 8639338.632, 74
Trd, 8639339.182, 140
Trd, 8639339.632, 140
Trd, 8639340.232, 138
Trd, 8639340.832, 129
Trd, 8639341.432, 112
Trd, 8639342.132, 112
Trd, 8639342.232, 95
Trd, 8639344.182, 140
Trd, 8639344.482, 97
Trd, 8639344.982, 135
Trd, 8639345.632, 88
Trd, 8639347.082, 140
Trd, 8639347.332, 140
Trd, 8639347.782, 140
Trd, 8639348.982, 140
Trd, 8639349.032, 140
Trd, 8639350.432, 140
Trd, 8639350.532, 117
Trd, 8639351.182, 75
Trd, 8639351.682, 86
Trd, 8639352.332, 140
Trd, 8639352.632, 140
Trd, 8639353.982, 140
Trd, 8639354.132, 140
Trd, 8639355.382, 139
Trd, 8639355.582, 139
Trd, 8639355.982, 140
Trd, 8639357.032, 140
Trd, 8639357.582, 140
Trd, 8639357.832, 135
Trd, 8639358.582, 139
Trd, 8639359.582, 140
Trd, 8639360.982, 140
Trd, 8639361.382, 122
Trd, 8639361.532, 100
Trd, 8639362.082, 139
Trd, 8639362.532, 77
Trd, 8639363.032, 71
Trd, 8639364.482, 140
Trd, 8639365.532, 65
Trd, 8639366.382, 138
Trd, 8639366.432, 137
Trd, 8639366.582, 139
Trd, 8639368.232, 73
Trd, 8639369.282, 80
Trd, 8639369.482, 75
Trd, 8639370.632, 140
Trd, 8639370.982, 140
Trd, 8639371.282, 130
Trd, 8639371.332, 129
Trd, 8639372.982, 139
Trd, 8639373.282, 105
Trd, 8639373.982, 109
Trd, 8639374.982, 140
Trd, 8639376.232, 140
Trd, 8639376.732, 140
Trd, 8639377.082, 138
Trd, 8639377.432, 138
Trd, 8639378.832, 114
Trd, 8639379.182, 116
Trd, 8639379.482, 113
Trd, 8639379.832, 116
Trd, 8639381.632, 140
Trd, 8639381.732, 140
Trd, 8639382.332, 140
Trd, 8639383.532, 140
Trd, 8639383.682, 139
Trd, 8639384.032, 140
Trd, 8639386.032, 139
Trd, 8639386.432, 84
Trd, 8639386.982, 140
Trd, 8639387.282, 136
Trd, 8639387.832, 138
Trd, 8639389.332, 140
Trd, 8639390.482, 140
Trd, 8639391.032, 140
Trd, 8639391.632, 140
Trd, 8639392.582, 139
Trd, 8639393.232, 139
Trd, 8639394.632, 140
Trd, 8639394.882, 138
Trd, 8639395.032, 119
Trd, 8639395.132, 111
Trd, 8639396.532, 140
Trd, 8639396.682, 139
Trd, 8639396.882, 63
Trd, 8639397.882, 138
Trd, 8639399.232, 140
Trd, 8639399.532, 139
Trd, 8639399.782, 139
Trd, 8639400.732, 137
Trd, 8639401.232, 79
Trd, 8639401.832, 140
Trd, 8639402.382, 140
Trd, 8639402.782, 138
Trd, 8639404.082, 88
Trd, 8639404.582, 140
Trd, 8639404.632, 140
Trd, 8639405.282, 140
Trd, 8639405.382, 139
Trd, 8639405.682, 77
Trd, 8639406.082, 74
Trd, 8639406.482, 139
Trd, 8639407.432, 140
Trd, 8639407.782, 139
Trd, 8639408.582, 96
Trd, 8639410.232, 65
Trd, 8639410.732, 77
Trd, 8639411.682, 140
Trd, 8639411.932, 140
Trd, 8639413.182, 139
Trd, 8639413.682, 116
Trd, 8639414.182, 139
Trd, 8639414.682, 138
Trd, 8639415.882, 138
Trd, 8639416.682, 139
Trd, 8639417.382, 139
Trd, 8639417.882, 119
Trd, 8639419.782, 140
Trd, 8639420.932, 140
Trd, 8639421.182, 140
Trd, 8639421.432, 135
Trd, 8639421.582, 104
Trd, 8639421.832, 139
Trd, 8639422.182, 139
Trd, 8639422.332, 103
Trd, 8639423.282, 140
Trd, 8639424.582, 110
Trd, 8639424.982, 111
Trd, 8639425.832, 138
Trd, 8639425.932, 74
Trd, 8639427.882, 138
Trd, 8639428.782, 96
Trd, 8639428.882, 97
Trd, 8639429.082, 112
Trd, 8639429.632, 83
Trd, 8639429.982, 139
Trd, 8639430.482, 139
Trd, 8639430.982, 140
Trd, 8639431.532, 140
Trd, 8639433.182, 140
Trd, 8639433.682, 140
Trd, 8639434.182, 140
Trd, 8639435.482, 140
Trd, 8639435.682, 140
Trd, 8639436.782, 140
Trd, 8639437.332, 140
Trd, 8639437.782, 140
Trd, 8639438.782, 140
Trd, 8639438.832, 140
Trd, 8639439.382, 140
Trd, 8639440.082, 140
Trd, 8639440.182, 140
Trd, 8639440.982, 140
Trd, 8639441.232, 139
Trd, 8639441.632, 128
Trd, 8639442.432, 140
Trd, 8639444.182, 138
Trd, 8639444.532, 136
Trd, 8639444.632, 105
Trd, 8639444.932, 139
Trd, 8639446.632, 140
Trd, 8639446.882, 140
Trd, 8639447.632, 140
Trd, 8639447.832, 140
Trd, 8639448.182, 113
Trd, 8639448.882, 140
Trd, 8639450.732, 139
Trd, 8639450.882, 88
Trd, 8639451.382, 140
Trd, 8639451.582, 65
Trd, 8639452.832, 133
Trd, 8639452.982, 138
Trd, 8639454.932, 140
Trd, 8639455.232, 140
Trd, 8639455.482, 140
Trd, 8639455.832, 140
Trd, 8639456.332, 138
Trd, 8639458.832, 140
Trd, 8639459.482, 140
Trd, 8639459.882, 140
Trd, 8639459.932, 139
Trd, 8639461.182, 140
Trd, 8639461.582, 140
Trd, 8639461.982, 140
Trd, 8639462.882, 137
Trd, 8639462.982, 134
Trd, 8639463.132, 140
Trd, 8639463.432, 102
Trd, 8639464.232, 139
Trd, 8639465.482, 131
Trd, 8639466.582, 138
Trd, 8639466.832, 122
Trd, 8639468.982, 140
Trd, 8639469.532, 91
Trd, 8639470.682, 140
Trd, 8639471.182, 140
Trd, 8639471.582, 140
Trd, 8639471.982, 139
Trd, 8639472.382, 138
Trd, 8639472.782, 68
Trd, 8639472.982, 75
Trd, 8639473.682, 108
Trd, 8639474.682, 137
Trd, 8639475.282, 117
Trd, 8639475.732, 107
Trd, 8639476.182, 96
Trd, 8639476.282, 95
Trd, 8639476.582, 127
Trd, 8639476.882, 140
Trd, 8639477.432, 140
Trd, 8639478.782, 140
Trd, 8639479.132, 140
Trd, 8639479.482, 140
Trd, 8639480.932, 140
Trd, 8639481.132, 140
Trd, 8639481.732, 112
Trd, 8639481.882, 110
Trd, 8639483.832, 140
Trd, 8639484.332, 115
Trd, 8639484.982, 122
Trd, 8639485.832, 140
Trd, 8639486.732, 139
Trd, 8639486.882, 81
Trd, 8639487.132, 69
Trd, 8639487.682, 72
Trd, 8639488.332, 62
Trd, 8639488.632, 138
Trd, 8639489.032, 60
Trd, 8639489.732, 64
Trd, 8639490.832, 138
Trd, 8639491.382, 119
Trd, 8639492.682, 140
Trd, 8639493.432, 140
Trd, 8639493.532, 140
Trd, 8639494.282, 70
Trd, 8639494.382, 71
Trd, 8639495.032, 60
Trd, 8639496.182, 64
Trd, 8639496.632, 140
Trd, 8639496.832, 140
Trd, 8639497.582, 138
Trd, 8639498.082, 81
Trd, 8639498.232, 60
Trd, 8639498.932, 139
Trd, 8639499.132, 121
Trd, 8639500.232, 131
Trd, 8639500.732, 120
Trd, 8639501.082, 89
Trd, 8639501.882, 140
Trd, 8639503.332, 140
Trd, 8639504.182, 140
Trd, 8639504.282, 140
Trd, 8639504.782, 140
Trd, 8639504.882, 139
Trd, 8639505.232, 139
Trd, 8639505.982, 105
Trd, 8639508.232, 135
Trd, 8639509.282, 137
Trd, 8639509.882, 140
Trd, 8639510.582, 139
Trd, 8639511.082, 113
Trd, 8639511.332, 112
Trd, 8639511.882, 97
Trd, 8639512.132, 122
Trd, 8639512.732, 140
Trd, 8639513.082, 137
Trd, 8639514.432, 140
Trd, 8639515.332, 139
Trd, 8639516.282, 140
Trd, 8639516.782, 140
Trd, 8639517.382, 140
Trd, 8639518.232, 140
Trd, 8639519.782, 140
Trd, 8639519.832, 138
Trd, 8639520.432, 139
Trd, 8639521.182, 140
Trd, 8639521.782, 140
Trd, 8639522.432, 140
Trd, 8639522.532, 140
Trd, 8639522.982, 83
Trd, 8639524.582, 140
Trd, 8639525.082, 140
Trd, 8639525.182, 114
Trd, 8639527.682, 140
Trd, 8639528.032, 140
Trd, 8639529.132, 140
Trd, 8639530.232, 140
Trd, 8639530.832, 140
Trd, 8639530.982, 138
Trd, 8639531.332, 125
Trd, 8639531.682, 140
Trd, 8639531.932, 89
Trd, 8639533.232, 140
Trd, 8639533.732, 140
Trd, 8639534.982, 134
Trd, 8639535.482, 74
Trd, 8639535.832, 98
Trd, 8639536.482, 100
Trd, 8639537.232, 140
Trd, 8639537.982, 140
Trd, 8639538.082, 139
Trd, 8639538.432, 117
Trd, 8639539.932, 69
Trd, 8639540.332, 60
Trd, 8639540.582, 62
Trd, 8639540.782, 100
Trd, 8639541.532, 140
Trd, 8639541.782, 140
Trd, 8639542.732, 82
Trd, 8639543.682, 67
Trd, 8639544.432, 62
Trd, 8639544.582, 62
Trd, 8639547.582, 140
Trd, 8639548.182, 140
Trd, 8639548.232, 140
Trd, 8639548.282, 140
Trd, 8639548.432, 140
Trd, 8639549.082, 128
Trd, 8639550.282, 140
Trd, 8639550.682, 138
Trd, 8639552.832, 140
Trd, 8639552.882, 140
Trd, 8639555.132, 140
Trd, 8639556.032, 140
Trd, 8639556.132, 140
Trd, 8639556.432, 140
Trd, 8639556.882, 140
Trd, 8639557.632, 140
Trd, 8639558.982, 140
Trd, 8639559.032, 139
Trd, 8639560.682, 139
Trd, 8639561.082, 140
Trd, 8639562.682, 140
Trd, 8639563.232, 138
Trd, 8639564.032, 139
Trd, 8639564.732, 140
Trd, 8639565.532, 140
Trd, 8639566.032, 140
Trd, 8639566.232, 140
Trd, 8639566.682, 91
Trd, 8639566.982, 60
Trd, 8639567.232, 63
Trd, 8639567.682, 139
Trd, 8639568.282, 140
Trd, 8639569.682, 140
Trd, 8639571.182, 140
Trd, 8639571.682, 140
Trd, 8639571.832, 140
Trd, 8639571.882, 139
Trd, 8639572.682, 140
Trd, 8639574.932, 140
Trd, 8639575.082, 140
Trd, 8639575.882, 100
Trd, 8639577.082, 140
Trd, 8639577.182, 140
Trd, 8639577.732, 140
Trd, 8639577.982, 138
Trd, 8639578.982, 66
Trd, 8639579.732, 140
Trd, 8639580.282, 139
Trd, 8639581.132, 138
Trd, 8639582.082, 112
Trd, 8639584.782, 140
Trd, 8639585.032, 140
Trd, 8639585.132, 140
Trd, 8639586.232, 140
Trd, 8639586.732, 140
Trd, 8639587.532, 140
Trd, 8639588.132, 137
Trd, 8639589.032, 140
Trd, 8639589.482, 140
Trd, 8639589.682, 140
Trd, 8639590.982, 140
Trd, 8639591.232, 140
Trd, 8639591.932, 140
Trd, 8639592.682, 139
Trd, 8639592.732, 139
Trd, 8639594.732, 140
Trd, 8639595.532, 140
Trd, 8639596.182, 140
Trd, 8639596.482, 75
Trd, 8639597.082, 140
Trd, 8639597.532, 139
Trd, 8639597.582, 139
Trd, 8639598.082, 139
Trd, 8639598.232, 137
Trd, 8639599.282, 140
Trd, 8639600.282, 140
Trd, 8639601.132, 136
Trd, 8639601.282, 110
Trd, 8639601.832, 140
Trd, 8639603.732, 140
Trd, 8639604.432, 140
Trd, 8639604.782, 140
Trd, 8639604.982, 140
Trd, 8639605.032, 140
Trd, 8639605.932, 140
Trd, 8639606.382, 139
Trd, 8639606.732, 120
Trd, 8639608.832, 139
Trd, 8639609.282, 77
Trd, 8639609.482, 80
Trd, 8639611.082, 140
Trd, 8639612.032, 140
Trd, 8639612.082, 140
Trd, 8639613.182, 140
Trd, 8639614.082, 140
Trd, 8639614.432, 140
Trd, 8639615.332, 139
Trd, 8639616.082, 140
Trd, 8639616.982, 140
Trd, 8639617.482, 140
Trd, 8639617.582, 140
Trd, 8639618.032, 140
Trd, 8639618.282, 91
Trd, 8639618.682, 139
Trd, 8639620.032, 140
Trd, 8639620.182, 140
Trd, 8639620.932, 140
Trd, 8639621.682, 140
Trd, 8639622.832, 140
Trd, 8639623.132, 137
Trd, 8639624.332, 139
Trd, 8639624.532, 115
Trd, 8639625.332, 140
Trd, 8639625.632, 140
Trd, 8639626.632, 137
Trd, 8639627.232, 131
Trd, 8639627.932, 140
Trd, 8639628.132, 140
Trd, 8639628.582, 139
Trd, 8639629.532, 140
Trd, 8639630.232, 136
Trd, 8639630.782, 140
Trd, 8639631.932, 138
Trd, 8639632.632, 115
Trd, 8639633.432, 139
Trd, 8639634.032, 62
Trd, 8639634.182, 63
Trd, 8639634.982, 139
Trd, 8639635.732, 138
Trd, 8639636.782, 81
Trd, 8639637.082, 130
Trd, 8639638.232, 139
Trd, 8639638.482, 81
Trd, 8639639.582, 140
Trd, 8639639.932, 140
Trd, 8639639.982, 127
Trd, 8639642.532, 140
Trd, 8639642.932, 91
Trd, 8639643.082, 83
Trd, 8639644.782, 140
Trd, 8639644.882, 140
Trd, 8639645.682, 140
Trd, 8639646.332, 140
Trd, 8639646.782, 140
Trd, 8639646.832, 89
Trd, 8639647.132, 85
Trd, 8639647.382, 139
Trd, 8639648.782, 136
Trd, 8639650.232, 89
Trd, 8639650.432, 64
Trd, 8639651.882, 63
Trd, 8639651.982, 64
Trd, 8639653.132, 64
Trd, 8639653.282, 60
Trd, 8639653.932, 61
Trd, 8639654.432, 68
Trd, 8639654.632, 116
Trd, 8639655.732, 140
Trd, 8639656.332, 140
Trd, 8639657.132, 140
Trd, 8639657.382, 140
Trd, 8639657.782, 83
Trd, 8639660.732, 140
Trd, 8639660.832, 140
Trd, 8639661.982, 140
Trd, 8639662.532, 140
Trd, 8639662.782, 139
Trd, 8639663.432, 140
Trd, 8639664.032, 140
Trd, 8639664.082, 139
Trd, 8639665.232, 140
Trd, 8639665.732, 139
Trd, 8639666.532, 140
Trd, 8639666.682, 138
Trd, 8639668.032, 140
Trd, 8639668.082, 128
Trd, 8639668.182, 115
Trd, 8639669.782, 139
Trd, 8639672.282, 140
Trd, 8639672.632, 140
Trd, 8639672.832, 139
Trd, 8639673.432, 140
Trd, 8639674.032, 140
Trd, 8639675.032, 139
Trd, 8639675.782, 140
Trd, 8639675.882, 140
Trd, 8639676.182, 104
Trd, 8639676.932, 139
Trd, 8639678.482, 140
Trd, 8639678.932, 139
Trd, 8639678.982, 137
Trd, 8639679.632, 77
Trd, 8639681.182, 101
Trd, 8639682.282, 61
Trd, 8639682.632, 62
Trd, 8639683.582, 66
Trd, 8639684.082, 139
Trd, 8639684.182, 62
Trd, 8639684.332, 60
Trd, 8639684.682, 76
Trd, 8639685.382, 140
Trd, 8639685.882, 137
Trd, 8639686.882, 60
Trd, 8639686.982, 60
Trd, 8639687.332, 63
Trd, 8639688.282, 140
Trd, 8639688.582, 140
Trd, 8639690.832, 140
Trd, 8639691.682, 140
Trd, 8639692.382, 140
Trd, 8639692.632, 140
Trd, 8639692.982, 140
Trd, 8639693.032, 140
Trd, 8639693.182, 100
Trd, 8639694.032, 138
Trd, 8639694.982, 139
Trd, 8639695.332, 139
Trd, 8639695.532, 137
Trd, 8639696.532, 79
Trd, 8639696.582, 82
Trd, 8639697.232, 138
Trd, 8639697.282, 137
Trd, 8639698.282, 60
Trd, 8639699.882, 140
Trd, 8639700.282, 110
Trd, 8639700.782, 79
Trd, 8639701.382, 60
Trd, 8639702.532, 140
Trd, 8639703.682, 140
Trd, 8639703.732, 140
Trd, 8639703.782, 140
Trd, 8639705.132, 140
Trd, 8639705.882, 140
Trd, 8639706.382, 139
Trd, 8639707.082, 140
Trd, 8639708.232, 138
Trd, 8639708.282, 111
Trd, 8639708.582, 139
Trd, 8639710.282, 139
Trd, 8639710.882, 140
Trd, 8639711.832, 140
Trd, 8639712.032, 132
Trd, 8639712.482, 125
Trd, 8639713.382, 139
Trd, 8639713.632, 123
Trd, 8639714.682, 140
Trd, 8639715.932, 140
Trd, 8639716.432, 138
Trd, 8639716.982, 140
Trd, 8639717.132, 140
Trd, 8639717.232, 89
Trd, 8639717.782, 73
Trd, 8639718.632, 113
Trd, 8639719.482, 117
Trd, 8639719.682, 65
Trd, 8639720.132, 62
Trd, 8639720.682, 61
Trd, 8639722.232, 64
Trd, 8639722.832, 65
Trd, 8639723.832, 63
Trd, 8639724.032, 62
Trd, 8639725.032, 65
Trd, 8639725.132, 118
Trd, 8639725.532, 63
Trd, 8639726.032, 61
Trd, 8639726.532, 140
Trd, 8639727.832, 60
Trd, 8639727.882, 61
Trd, 8639728.232, 60
Trd, 8639729.282, 108
Trd, 8639729.482, 80
Trd, 8639730.082, 139
Trd, 8639730.482, 117
Trd, 8639731.882, 61
Trd, 8639732.282, 140
Trd, 8639733.782, 140
Trd, 8639733.882, 140
Trd, 8639734.182, 140
Trd, 8639734.732, 140
Trd, 8639735.532, 139
Trd, 8639736.582, 140
Trd, 8639737.882, 140
Trd, 8639737.932, 139
Trd, 8639738.482, 139
Trd, 8639738.682, 138
Trd, 8639739.082, 133
Trd, 8639740.932, 140
Trd, 8639741.282, 140
Trd, 8639742.832, 140
Trd, 8639742.982, 140
Trd, 8639743.532, 140
Trd, 8639744.182, 140
Trd, 8639744.282, 140
Trd, 8639744.382, 136
Trd, 8639746.132, 140
Trd, 8639747.282, 140
Trd, 8639748.982, 140
Trd, 8639749.082, 140
Trd, 8639750.332, 138
Trd, 8639750.382, 136
Trd, 8639750.482, 108
Trd, 8639751.232, 139
Trd, 8639751.882, 130
Trd, 8639752.382, 129
Trd, 8639752.632, 138
Trd, 8639753.082, 140
Trd, 8639754.032, 77
Trd, 8639754.982, 140
Trd, 8639755.932, 60
Trd, 8639756.432, 139
Trd, 8639756.532, 117
Trd, 8639757.532, 140
Trd, 8639758.582, 107
Trd, 8639758.882, 105
Trd, 8639759.232, 60
Trd, 8639759.482, 62
Trd, 8639760.232, 140
Trd, 8639761.332, 70
Trd, 8639761.432, 102
Trd, 8639762.332, 139
Trd, 8639763.732, 138
Trd, 8639764.532, 65
Trd, 8639764.732, 65
Trd, 8639764.782, 66
Trd, 8639765.332, 72
Trd, 8639765.832, 99
Trd, 8639766.232, 117
Trd, 8639768.132, 61
Trd, 8639768.382, 65
Trd, 8639768.932, 134
Trd, 8639769.082, 84
Trd, 8639769.432, 91
Trd, 8639770.682, 140
Trd, 8639771.432, 139
Trd, 8639771.582, 137
Trd, 8639773.482, 140
Trd, 8639774.032, 140
Trd, 8639774.432, 139
Trd, 8639775.282, 140
Trd, 8639775.382, 140
Trd, 8639777.532, 139
Trd, 8639778.032, 140
Trd, 8639778.082, 139
Trd, 8639780.032, 140
Trd, 8639780.232, 140
Trd, 8639781.282, 140
Trd, 8639781.382, 140
Trd, 8639783.132, 138
Trd, 8639783.282, 137
Trd, 8639783.582, 138
Trd, 8639783.832, 136
Trd, 8639784.682, 67
Trd, 8639785.832, 85
Trd, 8639786.932, 140
Trd, 8639787.082, 140
Trd, 8639787.732, 140
Trd, 8639789.132, 139
Trd, 8639789.182, 135
Trd, 8639789.732, 96
Trd, 8639790.082, 103
Trd, 8639790.482, 140
Trd, 8639791.382, 140
Trd, 8639791.632, 140
Trd, 8639792.182, 140
Trd, 8639793.082, 125
Trd, 8639793.332, 139
Trd, 8639793.582, 124
Trd, 8639795.032, 115
Trd, 8639795.982, 62
Trd, 8639796.432, 66
Trd, 8639796.882, 68
Trd, 8639797.232, 68
Trd, 8639798.332, 61
Trd, 8639798.782, 109
Trd, 8639799.682, 140
Trd, 8639800.182, 140
Trd, 8639801.032, 65
Trd, 8639801.582, 74
Trd, 8639803.332, 140
Trd, 8639803.682, 140
Trd, 8639803.982, 139
Trd, 8639804.282, 137
Trd, 8639804.382, 123
Trd, 8639805.232, 140
Trd, 8639805.782, 110
Trd, 8639806.082, 106
Trd, 8639807.132, 140
Trd, 8639809.432, 140
Trd, 8639809.632, 140
Trd, 8639809.782, 140
Trd, 8639810.482, 139
Trd, 8639810.732, 140
Trd, 8639811.482, 138
Trd, 8639812.232, 140
Trd, 8639812.932, 140
Trd, 8639814.482, 139
Trd, 8639814.582, 137
Trd, 8639815.732, 109
Trd, 8639816.082, 139
Trd, 8639816.732, 139
Trd, 8639816.932, 127
Trd, 8639817.382, 63
Trd, 8639819.532, 140
Trd, 8639819.682, 140
Trd, 8639819.732, 139
Trd, 8639821.832, 140
Trd, 8639822.632, 140
Trd, 8639823.582, 140
Trd, 8639823.882, 140
Trd, 8639824.282, 140
Trd, 8639824.382, 139
Trd, 8639824.982, 127
Trd, 8639825.582, 117
Trd, 8639826.182, 140
Trd, 8639826.532, 138
Trd, 8639828.082, 139
Trd, 8639828.682, 124
Trd, 8639829.132, 118
Trd, 8639830.332, 139
Trd, 8639831.282, 140
Trd, 8639832.482, 140
Trd, 8639832.982, 140
Trd, 8639834.632, 140
Trd, 8639834.932, 140
Trd, 8639835.732, 140
Trd, 8639836.182, 140
Trd, 8639836.232, 139
Trd, 8639837.832, 140
Trd, 8639838.532, 139
Trd, 8639838.682, 140
Trd, 8639839.482, 139
Trd, 8639840.232, 140
Trd, 8639841.682, 140
Trd, 8639842.282, 140
Trd, 8639842.932, 140
Trd, 8639844.432, 140
Trd, 8639845.632, 140
Trd, 8639845.782, 140
Trd, 8639846.632, 139
Trd, 8639847.732, 140
Trd, 8639848.532, 140
Trd, 8639849.482, 140
Trd, 8639849.582, 139
Trd, 8639851.282, 140
Trd, 8639851.382, 139
Trd, 8639852.382, 140
Trd, 8639852.482, 140
Trd, 8639852.932, 140
Trd, 8639853.132, 139
Trd, 8639853.432, 87
Trd, 8639854.232, 140
Trd, 8639855.382, 74
Trd, 8639856.332, 140
Trd, 8639857.982, 140
Trd, 8639858.682, 140
Trd, 8639859.532, 140
Trd, 8639859.582, 140
Trd, 8639861.882, 140
Trd, 8639861.982, 140
Trd, 8639862.032, 140
Trd, 8639862.582, 140
Trd, 8639862.732, 139
Trd, 8639863.582, 130
Trd, 8639864.032, 97
Trd, 8639864.732, 137
Trd, 8639865.232, 138
Trd, 8639865.882, 79
Trd, 8639866.732, 60
Trd, 8639867.282, 66
Trd, 8639867.632, 65
Trd, 8639868.332, 63
Trd, 8639870.182, 139
Trd, 8639870.532, 61
Trd, 8639870.782, 63
Trd, 8639871.682, 87
Trd, 8639872.782, 140
Trd, 8639872.982, 139
Trd, 8639874.232, 140
Trd, 8639874.282, 140
Trd, 8639874.832, 120
Trd, 8639875.082, 60
Trd, 8639876.232, 140
Trd, 8639877.582, 140
Trd, 8639878.282, 140
Trd, 8639878.482, 140
Trd, 8639878.732, 137
Trd, 8639878.882, 100
Trd, 8639879.282, 138
Trd, 8639880.432, 140
Trd, 8639882.232, 140
Trd, 8639882.282, 140
Trd, 8639883.432, 140
Trd, 8639884.432, 140
Trd, 8639884.882, 140
Trd, 8639885.682, 140
Trd, 8639885.732, 140
Trd, 8639885.782, 101
Trd, 8639886.332, 79
Trd, 8639886.682, 131
Trd, 8639887.182, 140
Trd, 8639887.982, 139
Trd, 8639889.582, 140
Trd, 8639890.232, 140
Trd, 8639891.432, 140
Trd, 8639891.782, 140
Trd, 8639891.932, 139
Trd, 8639892.882, 140
Trd, 8639893.232, 140
Trd, 8639894.332, 138
Trd, 8639894.382, 123
Trd, 8639894.732, 139
Trd, 8639894.932, 110
Trd, 8639896.232, 139
Trd, 8639897.282, 136
Trd, 8639897.982, 140
Trd, 8639898.032, 140
Trd, 8639898.682, 139
Trd, 8639900.632, 140
Trd, 8639902.782, 140
Trd, 8639903.132, 140
Trd, 8639904.032, 140
Trd, 8639904.132, 140
Trd, 8639904.282, 139
Trd, 8639905.232, 139
Trd, 8639905.932, 140
Trd, 8639906.332, 138
Trd, 8639907.482, 140
Trd, 8639908.132, 136
Trd, 8639908.232, 102
Trd, 8639909.182, 63
Trd, 8639909.932, 69
Trd, 8639910.032, 62
Trd, 8639910.432, 60
Trd, 8639911.132, 70
Trd, 8639911.932, 60
Trd, 8639912.032, 62
Trd, 8639912.782, 65
Trd, 8639913.032, 127
Trd, 8639913.432, 61
Trd, 8639914.982, 140
Trd, 8639915.282, 140
Trd, 8639917.432, 139
Trd, 8639917.582, 140
Trd, 8639918.432, 140
Trd, 8639918.832, 139
Trd, 8639919.082, 139
Trd, 8639919.382, 136
Trd, 8639920.382, 120
Trd, 8639921.082, 140
Trd, 8639922.732, 140
Trd, 8639924.182, 140
Trd, 8639924.232, 140
Trd, 8639924.532, 139
Trd, 8639924.882, 137
Trd, 8639925.182, 127
Trd, 8639925.232, 115
Trd, 8639925.582, 140
Trd, 8639926.182, 68
Trd, 8639928.132, 140
Trd, 8639928.482, 140
Trd, 8639928.982, 140
Trd, 8639929.032, 140
Trd, 8639930.082, 136
Trd, 8639931.082, 140
Trd, 8639931.382, 138
Trd, 8639931.882, 96
Trd, 8639932.382, 101
Trd, 8639932.532, 69
Trd, 8639933.132, 139
Trd, 8639933.632, 114
Trd, 8639934.732, 65
Trd, 8639935.682, 140
Trd, 8639935.782, 140
Trd, 8639935.932, 140
Trd, 8639937.182, 140
Trd, 8639937.932, 140
Trd, 8639938.282, 112
Trd, 8639939.682, 139
Trd, 8639939.732, 139
Trd, 8639940.032, 140
Trd, 8639940.582, 137
Trd, 8639941.182, 125
Trd, 8639941.832, 119
Trd, 8639942.832, 140
Trd, 8639943.632, 140
Trd, 8639944.032, 140
Trd, 8639945.082, 140
Trd, 8639946.032, 140
Trd, 8639946.732, 64
Trd, 8639947.032, 65
Trd, 8639947.532, 140
Trd, 8639948.182, 137
Trd, 8639948.332, 108
Trd, 8639949.182, 60
Trd, 8639949.632, 129
Trd, 8639950.482, 121
Trd, 8639950.932, 106
Trd, 8639952.232, 105
Trd, 8639952.982, 139
Trd, 8639953.132, 103
Trd, 8639954.932, 139
Trd, 8639955.882, 140
Trd, 8639955.932, 140
Trd, 8639957.082, 139
Trd, 8639957.532, 111
Trd, 8639957.982, 135
Trd, 8639958.382, 139
Trd, 8639958.882, 140
Trd, 8639960.632, 122
Trd, 8639960.682, 85
Trd, 8639960.932, 140
Trd, 8639963.132, 138
Trd, 8639963.282, 138
Trd, 8639964.582, 137
Trd, 8639964.832, 139
Trd, 8639965.032, 95
Trd, 8639965.582, 89
Trd, 8639965.782, 70
Trd, 8639970.032, 140
Trd, 8639970.082, 140
Trd, 8639970.382, 139
Trd, 8639970.482, 139
Trd, 8639970.832, 140
Trd, 8639970.882, 138
Trd, 8639971.882, 137
Trd, 8639972.082, 140
Trd, 8639973.182, 137
Trd, 8639973.882, 138
Trd, 8639974.282, 140
Trd, 8639975.082, 137
Trd, 8639975.132, 88
Trd, 8639975.382, 79
Trd, 8639976.132, 140
Trd, 8639976.832, 60
Trd, 8639976.982, 61
Trd, 8639977.982, 74
Trd, 8639978.482, 71
Trd, 8639979.232, 63
Trd, 8639981.082, 140
Trd, 8639981.382, 140
Trd, 8639981.782, 140
Trd, 8639983.582, 140
Trd, 8639983.682, 140
Trd, 8639983.932, 139
Trd, 8639984.182, 132
Trd, 8639985.032, 138
Trd, 8639986.032, 140
Trd, 8639986.182, 140
Trd, 8639986.282, 139
Trd, 8639986.482, 92
Trd, 8639987.232, 139
Trd, 8639987.982, 139
Trd, 8639990.082, 140
Trd, 8639990.482, 140
Trd, 8639990.782, 137
Trd, 8639990.882, 78
Trd, 8639993.032, 140
Trd, 8639993.282, 139
Trd, 8639993.482, 138
Trd, 8639993.832, 140
Trd, 8639993.882, 127
Trd, 8639993.932, 92
Trd, 8639995.482, 140
Trd, 8639996.182, 140
Trd, 8639996.532, 140
Trd, 8639996.582, 139
Trd, 8639996.782, 96
Trd, 8639998.382, 140
Trd, 8639999.132, 139
