Trd, 8638125.882, 137
Trd, 8638126.332, 117
Trd, 8638127.132, 106
Trd, 8638128.982, 130
Trd, 8638129.232, 114
Trd, 8638130.682, 126
Trd, 8638130.782, 95
Trd, 8638131.482, 99
Trd, 8638132.332, 115
Trd, 8638133.932, 130
Trd, 8638133.982, 116
Trd, 8638135.382, 132
Trd, 8638135.532, 115
Trd, 8638136.282, 97
Trd, 8638138.732, 108
Trd, 8638139.082, 93
Trd, 8638139.932, 137
Trd, 8638141.232, 131
Trd, 8638141.582, 127
Trd, 8638141.982, 99
Trd, 8638142.482, 107
Trd, 8638143.182, 79
Trd, 8638143.832, 60
Trd, 8638145.082, 63
Trd, 8638145.532, 102
Trd, 8638145.832, 75
Trd, 8638146.632, 140
Trd, 8638146.832, 87
Trd, 8638147.232, 104
Trd, 8638148.182, 137
Trd, 8638148.982, 136
Trd, 8638150.032, 78
Trd, 8638150.782, 100
Trd, 8638151.432, 99
Trd, 8638153.132, 113
Trd, 8638153.232, 106
Trd, 8638153.582, 103
Trd, 8638153.782, 87
Trd, 8638154.182, 74
Trd, 8638154.332, 138
Trd, 8638155.332, 112
Trd, 8638157.582, 108
Trd, 8638157.632, 105
Trd, 8638160.132, 123
Trd, 8638160.282, 113
Trd, 8638161.382, 139
Trd, 8638162.482, 100
Trd, 8638162.532, 109
Trd, 8638162.832, 131
Trd, 8638163.132, 99
Trd, 8638163.182, 98
Trd, 8638163.732, 74
Trd, 8638164.482, 118
Trd, 8638164.682, 136
Trd, 8638165.682, 130
Trd, 8638166.882, 91
Trd, 8638167.332, 113
Trd, 8638168.032, 84
Trd, 8638169.282, 118
Trd, 8638169.982, 120
Trd, 8638170.582, 127
Trd, 8638172.632, 100
Trd, 8638172.832, 85
Trd, 8638173.132, 101
Trd, 8638173.332, 110
Trd, 8638173.582, 68
Trd, 8638175.082, 101
Trd, 8638175.782, 96
Trd, 8638175.832, 103
Trd, 8638176.082, 86
Trd, 8638176.582, 135
Trd, 8638177.182, 112
Trd, 8638177.432, 100
Trd, 8638177.582, 95
Trd, 8638178.982, 87
Trd, 8638180.082, 110
Trd, 8638180.932, 98
Trd, 8638181.232, 102
Trd, 8638181.682, 133
Trd, 8638182.082, 61
Trd, 8638182.582, 102
Trd, 8638184.132, 113
Trd, 8638184.382, 111
Trd, 8638185.782, 97
Trd, 8638186.232, 84
Trd, 8638186.332, 101
Trd, 8638186.632, 68
Trd, 8638186.932, 136
Trd, 8638188.182, 69
Trd, 8638188.232, 72
Trd, 8638188.932, 127
Trd, 8638189.532, 88
Trd, 8638190.682, 118
Trd, 8638192.132, 92
Trd, 8638192.932, 109
Trd, 8638194.732, 119
Trd, 8638195.082, 87
Trd, 8638196.032, 92
Trd, 8638196.782, 113
Trd, 8638196.982, 101
Trd, 8638197.632, 107
Trd, 8638197.732, 123
Trd, 8638198.782, 107
Trd, 8638199.332, 91
Trd, 8638199.882, 82
Trd, 8638201.332, 63
Trd, 8638202.232, 76
Trd, 8638202.632, 65
Trd, 8638202.832, 68
Trd, 8638204.032, 102
Trd, 8638205.332, 113
Trd, 8638205.982, 115
Trd, 8638207.032, 135
Trd, 8638207.282, 114
Trd, 8638207.432, 123
Trd, 8638207.982, 85
Trd, 8638208.882, 81
Trd, 8638209.482, 100
Trd, 8638209.682, 80
Trd, 8638210.982, 89
Trd, 8638211.032, 95
Trd, 8638212.282, 104
Trd, 8638212.332, 95
Trd, 8638212.732, 125
Trd, 8638213.632, 126
Trd, 8638215.532, 130
Trd, 8638215.932, 131
Trd, 8638216.332, 112
Trd, 8638217.182, 130
Trd, 8638218.132, 139
Trd, 8638218.282, 107
Trd, 8638218.882, 136
Trd, 8638219.082, 107
Trd, 8638220.432, 128
Trd, 8638220.532, 127
Trd, 8638222.082, 125
Trd, 8638222.332, 109
Trd, 8638224.632, 137
Trd, 8638224.882, 124
Trd, 8638224.932, 76
Trd, 8638225.532, 119
Trd, 8638225.882, 69
Trd, 8638226.732, 130
Trd, 8638228.382, 83
Trd, 8638228.832, 104
Trd, 8638229.732, 135
Trd, 8638230.382, 132
Trd, 8638231.482, 119
Trd, 8638232.232, 139
Trd, 8638232.832, 113
Trd, 8638232.982, 131
Trd, 8638233.682, 94
Trd, 8638235.782, 134
Trd, 8638236.432, 93
Trd, 8638236.532, 90
Trd, 8638237.032, 99
Trd, 8638238.782, 114
Trd, 8638239.632, 125
Trd, 8638240.682, 124
Trd, 8638240.732, 102
Trd, 8638242.782, 127
Trd, 8638242.882, 85
Trd, 8638243.582, 105
Trd, 8638244.432, 118
Trd, 8638245.082, 114
Trd, 8638245.632, 126
Trd, 8638245.682, 107
Trd, 8638246.282, 135
Trd, 8638247.482, 75
Trd, 8638250.482, 129
Trd, 8638250.582, 118
Trd, 8638250.932, 113
Trd, 8638251.032, 100
Trd, 8638252.832, 70
Trd, 8638253.532, 86
Trd, 8638254.032, 86
Trd, 8638254.232, 95
Trd, 8638254.782, 91
Trd, 8638256.082, 61
Trd, 8638256.682, 71
Trd, 8638257.932, 135
Trd, 8638258.532, 114
Trd, 8638258.682, 119
Trd, 8638259.582, 122
Trd, 8638260.382, 126
Trd, 8638261.132, 139
Trd, 8638261.482, 94
Trd, 8638262.232, 102
Trd, 8638263.232, 81
Trd, 8638263.982, 86
Trd, 8638264.232, 87
Trd, 8638264.282, 106
Trd, 8638265.032, 106
Trd, 8638265.882, 60
Trd, 8638266.882, 60
Trd, 8638266.982, 74
Trd, 8638267.682, 80
Trd, 8638269.432, 133
Trd, 8638269.832, 94
Trd, 8638270.482, 101
Trd, 8638271.932, 98
Trd, 8638273.182, 97
Trd, 8638273.682, 72
Trd, 8638273.882, 72
Trd, 8638275.582, 106
Trd, 8638276.032, 101
Trd, 8638276.282, 74
Trd, 8638277.232, 130
Trd, 8638278.082, 137
Trd, 8638279.032, 128
Trd, 8638279.182, 96
Trd, 8638279.482, 93
Trd, 8638280.482, 75
Trd, 8638281.432, 69
Trd, 8638281.582, 80
Trd, 8638282.182, 91
Trd, 8638282.932, 107
Trd, 8638283.382, 124
Trd, 8638284.782, 80
Trd, 8638285.932, 76
Trd, 8638287.032, 89
Trd, 8638287.782, 78
Trd, 8638287.982, 83
Trd, 8638288.332, 86
Trd, 8638289.082, 126
Trd, 8638289.582, 124
Trd, 8638289.982, 121
Trd, 8638290.132, 105
Trd, 8638290.482, 132
Trd, 8638291.582, 100
Trd, 8638291.682, 117
Trd, 8638292.132, 60
Trd, 8638293.632, 87
Trd, 8638293.732, 132
Trd, 8638294.532, 76
Trd, 8638295.532, 73
Trd, 8638295.732, 130
Trd, 8638295.932, 94
Trd, 8638297.582, 99
Trd, 8638298.032, 89
Trd, 8638299.132, 105
Trd, 8638299.482, 125
Trd, 8638300.282, 92
Trd, 8638300.432, 110
Trd, 8638301.182, 123
Trd, 8638301.582, 108
Trd, 8638302.482, 135
Trd, 8638304.232, 111
Trd, 8638304.832, 106
Trd, 8638305.232, 87
Trd, 8638308.082, 138
Trd, 8638308.232, 124
Trd, 8638308.582, 131
Trd, 8638308.732, 117
Trd, 8638309.232, 138
Trd, 8638309.282, 120
Trd, 8638310.932, 140
Trd, 8638311.482, 140
Trd, 8638313.632, 140
Trd, 8638313.782, 139
Trd, 8638314.232, 127
Trd, 8638315.032, 99
Trd, 8638316.432, 130
Trd, 8638316.732, 116
Trd, 8638317.432, 88
Trd, 8638317.982, 136
Trd, 8638319.932, 119
Trd, 8638320.932, 138
Trd, 8638321.032, 135
Trd, 8638321.082, 108
Trd, 8638322.432, 100
Trd, 8638324.232, 128
Trd, 8638325.632, 132
Trd, 8638325.882, 93
Trd, 8638326.232, 91
Trd, 8638326.682, 75
Trd, 8638327.582, 108
Trd, 8638329.832, 111
Trd, 8638330.582, 120
Trd, 8638331.182, 140
Trd, 8638332.682, 112
Trd, 8638332.732, 92
Trd, 8638333.282, 80
Trd, 8638333.382, 70
Trd, 8638334.432, 88
Trd, 8638335.132, 95
Trd, 8638335.182, 99
Trd, 8638336.282, 80
Trd, 8638337.932, 108
Trd, 8638338.332, 103
Trd, 8638338.482, 96
Trd, 8638339.632, 118
Trd, 8638339.682, 110
Trd, 8638340.482, 131
Trd, 8638341.082, 104
Trd, 8638341.232, 91
Trd, 8638343.832, 139
Trd, 8638343.932, 118
Trd, 8638344.482, 105
Trd, 8638344.732, 106
Trd, 8638345.282, 137
Trd, 8638345.382, 106
Trd, 8638345.482, 116
Trd, 8638346.832, 86
Trd, 8638347.832, 110
Trd, 8638347.932, 101
Trd, 8638348.082, 76
Trd, 8638349.032, 105
Trd, 8638351.832, 132
Trd, 8638352.432, 131
Trd, 8638352.732, 100
Trd, 8638353.482, 90
Trd, 8638354.582, 119
Trd, 8638355.282, 91
Trd, 8638355.332, 82
Trd, 8638355.482, 79
Trd, 8638357.432, 78
Trd, 8638357.982, 83
Trd, 8638358.232, 88
Trd, 8638358.282, 77
Trd, 8638360.082, 108
Trd, 8638360.732, 95
Trd, 8638360.982, 94
Trd, 8638361.632, 107
Trd, 8638364.032, 129
Trd, 8638364.232, 124
Trd, 8638365.032, 113
Trd, 8638365.432, 108
Trd, 8638365.482, 90
Trd, 8638366.082, 122
Trd, 8638366.382, 139
Trd, 8638367.982, 81
Trd, 8638368.032, 81
Trd, 8638369.082, 132
Trd, 8638369.932, 125
Trd, 8638370.032, 105
Trd, 8638370.982, 126
Trd, 8638371.382, 108
Trd, 8638371.932, 130
Trd, 8638372.232, 108
Trd, 8638372.482, 86
Trd, 8638372.982, 90
Trd, 8638374.082, 88
Trd, 8638374.832, 129
Trd, 8638375.482, 130
Trd, 8638376.082, 112
Trd, 8638377.482, 94
Trd, 8638378.132, 109
Trd, 8638378.232, 80
Trd, 8638378.582, 71
Trd, 8638379.032, 61
Trd, 8638379.682, 60
Trd, 8638380.432, 74
Trd, 8638382.082, 140
Trd, 8638382.282, 67
Trd, 8638383.382, 72
Trd, 8638384.232, 117
Trd, 8638384.732, 85
Trd, 8638385.182, 84
Trd, 8638385.782, 82
Trd, 8638385.882, 69
Trd, 8638385.982, 100
Trd, 8638386.082, 67
Trd, 8638386.782, 61
Trd, 8638388.232, 131
Trd, 8638388.482, 108
Trd, 8638389.882, 90
Trd, 8638390.432, 93
Trd, 8638392.032, 89
Trd, 8638393.082, 134
Trd, 8638393.832, 93
Trd, 8638394.032, 91
Trd, 8638394.382, 125
Trd, 8638396.732, 139
Trd, 8638397.282, 91
Trd, 8638398.032, 78
Trd, 8638398.082, 102
Trd, 8638398.332, 83
Trd, 8638398.882, 95
Trd, 8638400.282, 134
Trd, 8638401.782, 110
Trd, 8638402.132, 119
Trd, 8638402.632, 105
Trd, 8638403.732, 140
Trd, 8638403.782, 101
Trd, 8638404.232, 129
Trd, 8638405.032, 123
Trd, 8638405.182, 82
Trd, 8638405.382, 93
Trd, 8638407.382, 109
Trd, 8638408.182, 96
Trd, 8638408.332, 123
Trd, 8638408.832, 78
Trd, 8638409.532, 117
Trd, 8638410.782, 131
Trd, 8638412.232, 99
Trd, 8638412.432, 85
Trd, 8638412.932, 94
Trd, 8638413.082, 103
Trd, 8638413.132, 85
Trd, 8638413.432, 95
Trd, 8638415.432, 109
Trd, 8638415.782, 128
Trd, 8638419.032, 126
Trd, 8638419.132, 110
Trd, 8638419.332, 128
Trd, 8638419.532, 91
Trd, 8638420.532, 134
Trd, 8638420.632, 88
Trd, 8638420.932, 120
Trd, 8638421.232, 97
Trd, 8638421.432, 125
Trd, 8638422.882, 123
Trd, 8638423.982, 109
Trd, 8638425.832, 95
Trd, 8638426.732, 107
Trd, 8638426.782, 91
Trd, 8638427.532, 86
Trd, 8638428.032, 134
Trd, 8638428.282, 138
Trd, 8638430.582, 111
Trd, 8638430.932, 129
Trd, 8638432.582, 83
Trd, 8638434.332, 121
Trd, 8638435.032, 115
Trd, 8638435.282, 100
Trd, 8638435.932, 126
Trd, 8638435.982, 92
Trd, 8638436.682, 102
Trd, 8638437.532, 119
Trd, 8638438.082, 107
Trd, 8638438.532, 102
Trd, 8638440.132, 103
Trd, 8638440.882, 97
Trd, 8638441.832, 99
Trd, 8638443.482, 125
Trd, 8638443.832, 104
Trd, 8638444.382, 110
Trd, 8638444.482, 112
Trd, 8638445.832, 74
Trd, 8638446.632, 117
Trd, 8638447.382, 135
Trd, 8638448.132, 97
Trd, 8638448.882, 99
Trd, 8638448.982, 79
Trd, 8638450.032, 124
Trd, 8638451.482, 96
Trd, 8638452.282, 89
Trd, 8638452.982, 126
Trd, 8638454.332, 107
Trd, 8638454.582, 136
Trd, 8638454.732, 131
Trd, 8638455.032, 132
Trd, 8638455.382, 114
Trd, 8638457.182, 98
Trd, 8638457.432, 116
Trd, 8638458.032, 98
Trd, 8638458.232, 79
Trd, 8638459.232, 120
Trd, 8638459.732, 120
Trd, 8638460.682, 128
Trd, 8638461.432, 98
Trd, 8638462.432, 85
Trd, 8638462.532, 88
Trd, 8638462.732, 78
Trd, 8638463.132, 66
Trd, 8638464.432, 132
Trd, 8638465.832, 127
Trd, 8638465.932, 111
Trd, 8638466.232, 104
Trd, 8638466.382, 136
Trd, 8638466.832, 126
Trd, 8638467.682, 132
Trd, 8638468.082, 133
Trd, 8638470.282, 133
Trd, 8638470.832, 124
Trd, 8638470.982, 111
Trd, 8638471.582, 107
Trd, 8638472.332, 108
Trd, 8638472.782, 100
Trd, 8638473.132, 93
Trd, 8638474.632, 73
Trd, 8638475.432, 128
Trd, 8638475.632, 99
Trd, 8638476.582, 96
Trd, 8638476.682, 90
Trd, 8638477.732, 138
Trd, 8638479.532, 75
Trd, 8638479.632, 101
Trd, 8638480.482, 108
Trd, 8638480.682, 93
Trd, 8638480.832, 124
Trd, 8638480.932, 81
Trd, 8638481.682, 99
Trd, 8638482.382, 123
Trd, 8638482.432, 113
Trd, 8638484.182, 140
Trd, 8638484.332, 120
Trd, 8638486.932, 107
Trd, 8638487.082, 105
Trd, 8638487.282, 102
Trd, 8638488.182, 129
Trd, 8638489.032, 132
Trd, 8638489.532, 96
Trd, 8638489.632, 104
Trd, 8638490.032, 89
Trd, 8638490.082, 86
Trd, 8638491.482, 139
Trd, 8638492.132, 130
Trd, 8638492.232, 76
Trd, 8638493.032, 94
Trd, 8638494.832, 96
Trd, 8638494.882, 99
Trd, 8638495.132, 101
Trd, 8638495.282, 75
Trd, 8638496.082, 139
Trd, 8638496.482, 120
Trd, 8638498.532, 94
Trd, 8638499.882, 136
Trd, 8638500.432, 108
Trd, 8638500.632, 94
Trd, 8638500.782, 114
Trd, 8638501.232, 119
Trd, 8638501.532, 106
Trd, 8638501.882, 99
Trd, 8638503.082, 138
Trd, 8638503.732, 113
Trd, 8638505.632, 140
Trd, 8638506.282, 92
Trd, 8638507.082, 97
Trd, 8638507.382, 94
Trd, 8638508.682, 87
Trd, 8638509.082, 101
Trd, 8638509.632, 114
Trd, 8638511.032, 90
Trd, 8638511.082, 68
Trd, 8638511.482, 107
Trd, 8638512.532, 86
Trd, 8638512.682, 77
Trd, 8638513.082, 122
Trd, 8638513.382, 89
Trd, 8638514.182, 88
Trd, 8638515.382, 118
Trd, 8638516.332, 89
Trd, 8638516.382, 74
Trd, 8638517.682, 119
Trd, 8638517.782, 136
Trd, 8638518.282, 112
Trd, 8638519.632, 113
Trd, 8638519.982, 107
Trd, 8638520.532, 106
Trd, 8638520.632, 132
Trd, 8638521.432, 105
Trd, 8638522.132, 131
Trd, 8638523.232, 131
Trd, 8638523.782, 126
Trd, 8638524.632, 122
Trd, 8638524.832, 118
Trd, 8638525.332, 102
Trd, 8638527.382, 98
Trd, 8638527.682, 98
Trd, 8638528.232, 126
Trd, 8638528.782, 128
Trd, 8638529.982, 140
Trd, 8638530.982, 123
Trd, 8638532.132, 119
Trd, 8638532.532, 130
Trd, 8638533.432, 131
Trd, 8638533.982, 115
Trd, 8638534.282, 111
Trd, 8638534.482, 103
Trd, 8638535.282, 125
Trd, 8638536.882, 99
Trd, 8638537.532, 121
Trd, 8638538.982, 137
Trd, 8638539.432, 112
Trd, 8638540.332, 90
Trd, 8638540.782, 97
Trd, 8638541.632, 118
Trd, 8638541.782, 98
Trd, 8638542.732, 72
Trd, 8638543.132, 94
Trd, 8638543.732, 97
Trd, 8638544.232, 124
Trd, 8638545.082, 94
Trd, 8638545.732, 91
Trd, 8638546.282, 80
Trd, 8638546.732, 79
Trd, 8638547.632, 118
Trd, 8638548.732, 70
Trd, 8638548.982, 101
Trd, 8638550.732, 134
Trd, 8638551.082, 136
Trd, 8638552.332, 90
Trd, 8638552.432, 72
Trd, 8638553.282, 71
Trd, 8638553.932, 83
Trd, 8638554.832, 63
Trd, 8638555.082, 73
Trd, 8638555.582, 101
Trd, 8638556.282, 82
Trd, 8638556.482, 113
Trd, 8638556.982, 71
Trd, 8638557.132, 60
Trd, 8638557.682, 121
Trd, 8638558.682, 132
Trd, 8638558.882, 133
Trd, 8638561.432, 137
Trd, 8638563.482, 137
Trd, 8638564.932, 133
Trd, 8638565.132, 125
Trd, 8638565.332, 90
Trd, 8638566.932, 119
Trd, 8638567.832, 108
Trd, 8638568.182, 105
Trd, 8638568.382, 99
Trd, 8638568.882, 134
Trd, 8638569.832, 140
Trd, 8638570.682, 109
Trd, 8638572.582, 114
Trd, 8638573.482, 106
Trd, 8638573.882, 140
Trd, 8638575.182, 137
Trd, 8638575.832, 134
Trd, 8638576.232, 118
Trd, 8638576.482, 122
Trd, 8638577.782, 139
Trd, 8638578.182, 86
Trd, 8638579.282, 80
Trd, 8638580.132, 130
Trd, 8638580.982, 128
Trd, 8638581.282, 131
Trd, 8638581.832, 106
Trd, 8638582.082, 104
Trd, 8638582.982, 93
Trd, 8638583.532, 117
Trd, 8638583.782, 134
Trd, 8638585.432, 77
Trd, 8638586.582, 99
Trd, 8638587.532, 80
Trd, 8638588.532, 137
Trd, 8638588.582, 124
Trd, 8638589.032, 109
Trd, 8638589.082, 121
Trd, 8638589.232, 102
Trd, 8638590.482, 126
Trd, 8638590.582, 98
Trd, 8638590.732, 130
Trd, 8638592.482, 131
Trd, 8638592.632, 120
Trd, 8638593.732, 90
Trd, 8638594.282, 100
Trd, 8638595.082, 133
Trd, 8638595.732, 128
Trd, 8638595.882, 120
Trd, 8638597.232, 95
Trd, 8638598.082, 104
Trd, 8638598.932, 97
Trd, 8638599.132, 113
Trd, 8638599.532, 71
Trd, 8638599.582, 65
Trd, 8638599.732, 105
Trd, 8638600.882, 90
Trd, 8638601.432, 86
Trd, 8638602.282, 105
Trd, 8638602.332, 102
Trd, 8638603.582, 80
Trd, 8638604.032, 63
Trd, 8638606.082, 95
Trd, 8638606.982, 133
Trd, 8638608.132, 95
Trd, 8638608.282, 108
Trd, 8638608.332, 90
Trd, 8638609.032, 90
Trd, 8638610.082, 87
Trd, 8638611.982, 129
Trd, 8638612.032, 123
Trd, 8638613.132, 101
Trd, 8638613.382, 98
Trd, 8638613.532, 101
Trd, 8638614.482, 129
Trd, 8638614.682, 106
Trd, 8638615.232, 127
Trd, 8638617.882, 105
Trd, 8638618.232, 118
Trd, 8638618.532, 85
Trd, 8638619.732, 98
Trd, 8638620.082, 89
Trd, 8638620.182, 84
Trd, 8638620.282, 106
Trd, 8638621.082, 108
Trd, 8638621.332, 100
Trd, 8638623.582, 126
Trd, 8638624.532, 111
Trd, 8638624.582, 105
Trd, 8638625.632, 121
Trd, 8638626.782, 136
Trd, 8638627.432, 81
Trd, 8638628.282, 80
Trd, 8638628.382, 115
Trd, 8638630.632, 84
Trd, 8638631.232, 86
Trd, 8638631.832, 112
Trd, 8638632.582, 104
Trd, 8638634.882, 124
Trd, 8638636.282, 135
Trd, 8638636.582, 137
Trd, 8638637.182, 83
Trd, 8638637.282, 93
Trd, 8638638.282, 107
Trd, 8638639.282, 108
Trd, 8638640.082, 90
Trd, 8638641.332, 106
Trd, 8638641.882, 95
Trd, 8638642.032, 83
Trd, 8638642.082, 79
Trd, 8638642.932, 70
Trd, 8638643.182, 120
Trd, 8638643.482, 77
Trd, 8638644.932, 115
Trd, 8638645.932, 104
Trd, 8638646.282, 138
Trd, 8638647.582, 132
Trd, 8638648.082, 80
Trd, 8638648.482, 135
Trd, 8638650.282, 136
Trd, 8638650.832, 129
Trd, 8638650.982, 105
Trd, 8638652.082, 86
Trd, 8638653.132, 112
Trd, 8638653.532, 85
Trd, 8638654.382, 133
Trd, 8638655.382, 135
Trd, 8638655.532, 113
Trd, 8638656.332, 74
Trd, 8638657.632, 90
Trd, 8638659.182, 124
Trd, 8638659.382, 99
Trd, 8638659.532, 86
Trd, 8638660.232, 103
Trd, 8638660.632, 95
Trd, 8638661.182, 105
Trd, 8638662.482, 138
Trd, 8638663.032, 116
Trd, 8638663.432, 139
Trd, 8638665.432, 131
Trd, 8638667.382, 128
Trd, 8638667.582, 88
Trd, 8638667.732, 114
Trd, 8638668.882, 96
Trd, 8638669.182, 94
Trd, 8638669.282, 73
Trd, 8638670.182, 68
Trd, 8638672.132, 85
Trd, 8638672.432, 107
Trd, 8638673.932, 136
Trd, 8638674.332, 113
Trd, 8638677.832, 118
Trd, 8638677.882, 115
Trd, 8638678.232, 109
Trd, 8638678.282, 94
Trd, 8638678.832, 128
Trd, 8638679.232, 113
Trd, 8638679.582, 90
Trd, 8638680.132, 63
Trd, 8638680.382, 77
Trd, 8638681.382, 116
Trd, 8638682.032, 62
Trd, 8638683.732, 113
Trd, 8638683.982, 101
Trd, 8638684.732, 121
Trd, 8638685.632, 98
Trd, 8638686.632, 122
Trd, 8638686.682, 120
Trd, 8638688.182, 128
Trd, 8638688.282, 130
Trd, 8638688.432, 91
Trd, 8638689.582, 80
Trd, 8638689.682, 121
Trd, 8638690.882, 77
Trd, 8638691.732, 117
Trd, 8638694.132, 122
Trd, 8638694.732, 137
Trd, 8638695.232, 105
Trd, 8638695.732, 103
Trd, 8638696.082, 97
Trd, 8638696.282, 89
Trd, 8638698.532, 116
Trd, 8638699.182, 124
Trd, 8638700.632, 120
Trd, 8638700.732, 81
Trd, 8638701.382, 75
Trd, 8638701.682, 71
Trd, 8638702.482, 134
Trd, 8638702.932, 136
Trd, 8638704.282, 127
Trd, 8638704.432, 120
Trd, 8638706.232, 82
Trd, 8638706.582, 137
Trd, 8638707.932, 133
Trd, 8638708.182, 98
Trd, 8638709.182, 104
Trd, 8638709.382, 88
Trd, 8638709.832, 75
Trd, 8638710.732, 97
Trd, 8638710.882, 64
Trd, 8638711.132, 109
Trd, 8638713.432, 80
Trd, 8638713.532, 75
Trd, 8638714.532, 131
Trd, 8638714.632, 96
Trd, 8638716.082, 114
Trd, 8638717.382, 121
Trd, 8638717.932, 128
Trd, 8638719.182, 114
Trd, 8638720.232, 70
Trd, 8638720.432, 82
Trd, 8638720.782, 84
Trd, 8638721.632, 71
Trd, 8638722.882, 111
Trd, 8638723.132, 130
Trd, 8638723.482, 133
Trd, 8638723.982, 129
Trd, 8638724.632, 113
Trd, 8638725.282, 93
Trd, 8638726.182, 92
Trd, 8638726.632, 90
Trd, 8638727.532, 127
Trd, 8638727.782, 103
Trd, 8638729.782, 132
Trd, 8638730.282, 112
Trd, 8638731.732, 115
Trd, 8638732.132, 88
Trd, 8638732.532, 61
Trd, 8638732.782, 72
Trd, 8638733.832, 100
Trd, 8638734.032, 79
Trd, 8638734.482, 94
Trd, 8638734.582, 76
Trd, 8638735.932, 132
Trd, 8638736.082, 117
Trd, 8638737.482, 126
Trd, 8638738.182, 139
Trd, 8638738.932, 108
Trd, 8638739.982, 116
Trd, 8638741.582, 120
Trd, 8638742.182, 116
Trd, 8638743.282, 115
Trd, 8638744.182, 137
Trd, 8638744.282, 121
Trd, 8638744.882, 85
Trd, 8638746.032, 112
Trd, 8638746.082, 94
Trd, 8638746.982, 122
Trd, 8638748.032, 118
Trd, 8638749.032, 117
Trd, 8638749.182, 97
Trd, 8638751.332, 129
Trd, 8638751.832, 139
Trd, 8638752.782, 106
Trd, 8638753.032, 92
Trd, 8638753.682, 96
Trd, 8638754.132, 115
Trd, 8638754.582, 73
Trd, 8638755.882, 72
Trd, 8638757.032, 65
Trd, 8638757.732, 81
Trd, 8638757.882, 84
Trd, 8638758.682, 116
Trd, 8638759.532, 112
Trd, 8638759.632, 99
Trd, 8638759.982, 95
Trd, 8638760.082, 110
Trd, 8638761.982, 82
Trd, 8638762.582, 62
Trd, 8638763.732, 83
Trd, 8638765.082, 93
Trd, 8638765.132, 99
Trd, 8638765.182, 92
Trd, 8638765.932, 103
Trd, 8638766.932, 101
Trd, 8638767.082, 80
Trd, 8638767.132, 128
Trd, 8638768.982, 63
Trd, 8638769.432, 85
Trd, 8638769.482, 111
Trd, 8638771.432, 137
Trd, 8638772.182, 120
Trd, 8638772.932, 117
Trd, 8638773.532, 117
Trd, 8638774.082, 70
Trd, 8638775.282, 75
Trd, 8638775.632, 114
Trd, 8638776.532, 112
Trd, 8638776.932, 136
Trd, 8638777.782, 94
Trd, 8638780.382, 73
Trd, 8638780.782, 98
Trd, 8638781.382, 122
Trd, 8638781.432, 91
Trd, 8638781.932, 139
Trd, 8638782.732, 134
Trd, 8638784.182, 112
Trd, 8638784.632, 138
Trd, 8638784.732, 115
Trd, 8638785.282, 127
Trd, 8638785.832, 122
Trd, 8638786.682, 100
Trd, 8638787.232, 105
Trd, 8638788.232, 125
Trd, 8638789.032, 88
Trd, 8638789.332, 80
Trd, 8638791.032, 98
Trd, 8638791.332, 90
Trd, 8638792.882, 140
Trd, 8638793.332, 140
Trd, 8638793.882, 132
Trd, 8638795.282, 106
Trd, 8638796.482, 121
Trd, 8638797.232, 135
Trd, 8638798.182, 90
Trd, 8638799.232, 134
Trd, 8638799.482, 78
Trd, 8638799.632, 114
Trd, 8638799.682, 66
Trd, 8638800.882, 72
Trd, 8638801.032, 140
Trd, 8638802.182, 105
Trd, 8638803.232, 114
Trd, 8638803.982, 126
Trd, 8638804.732, 124
Trd, 8638805.632, 92
Trd, 8638806.432, 123
Trd, 8638806.832, 111
Trd, 8638807.632, 63
Trd, 8638808.432, 92
Trd, 8638808.932, 75
Trd, 8638809.032, 110
Trd, 8638810.182, 100
Trd, 8638810.582, 128
Trd, 8638811.132, 127
Trd, 8638811.282, 96
Trd, 8638813.432, 80
Trd, 8638813.482, 96
Trd, 8638813.682, 74
Trd, 8638815.232, 128
Trd, 8638815.732, 91
Trd, 8638815.832, 73
Trd, 8638816.132, 66
Trd, 8638817.132, 109
Trd, 8638817.932, 112
Trd, 8638819.032, 120
Trd, 8638820.032, 111
Trd, 8638820.632, 120
Trd, 8638821.982, 138
Trd, 8638822.132, 127
Trd, 8638822.932, 118
Trd, 8638823.532, 125
Trd, 8638824.782, 92
Trd, 8638825.582, 91
Trd, 8638825.782, 126
Trd, 8638827.932, 100
Trd, 8638828.132, 89
Trd, 8638828.182, 110
Trd, 8638828.532, 140
Trd, 8638828.732, 94
Trd, 8638829.232, 115
Trd, 8638829.782, 125
Trd, 8638831.282, 63
Trd, 8638832.032, 73
Trd, 8638833.232, 92
Trd, 8638833.482, 76
Trd, 8638835.032, 138
Trd, 8638835.832, 135
Trd, 8638837.032, 135
Trd, 8638837.132, 117
Trd, 8638838.082, 124
Trd, 8638838.282, 74
Trd, 8638838.632, 137
Trd, 8638841.132, 119
Trd, 8638841.282, 82
Trd, 8638842.782, 134
Trd, 8638842.932, 91
Trd, 8638843.932, 122
Trd, 8638844.132, 126
Trd, 8638845.382, 102
Trd, 8638846.232, 91
Trd, 8638846.782, 105
Trd, 8638847.832, 75
Trd, 8638848.282, 119
Trd, 8638848.732, 120
Trd, 8638849.632, 92
Trd, 8638849.682, 89
Trd, 8638851.182, 109
Trd, 8638851.282, 98
Trd, 8638851.482, 71
Trd, 8638852.532, 140
Trd, 8638853.782, 119
Trd, 8638855.282, 112
Trd, 8638855.582, 109
Trd, 8638856.182, 108
Trd, 8638856.932, 132
Trd, 8638857.082, 101
Trd, 8638857.182, 83
Trd, 8638857.332, 84
Trd, 8638858.332, 110
Trd, 8638859.632, 133
Trd, 8638860.032, 104
Trd, 8638860.182, 92
Trd, 8638860.632, 91
Trd, 8638861.532, 83
Trd, 8638862.632, 137
Trd, 8638863.282, 81
Trd, 8638863.832, 132
Trd, 8638864.232, 73
Trd, 8638865.532, 125
Trd, 8638866.132, 105
Trd, 8638866.382, 82
Trd, 8638867.082, 60
Trd, 8638867.332, 120
Trd, 8638868.532, 91
Trd, 8638869.182, 116
Trd, 8638870.782, 132
Trd, 8638872.282, 137
Trd, 8638872.882, 136
Trd, 8638873.132, 136
Trd, 8638874.432, 78
Trd, 8638874.682, 100
Trd, 8638875.182, 70
Trd, 8638876.782, 139
Trd, 8638877.382, 140
Trd, 8638877.432, 137
Trd, 8638878.382, 140
Trd, 8638879.732, 122
Trd, 8638879.782, 104
Trd, 8638880.432, 111
Trd, 8638880.832, 120
Trd, 8638881.682, 128
Trd, 8638881.782, 89
Trd, 8638882.832, 136
Trd, 8638883.782, 98
Trd, 8638883.832, 105
Trd, 8638883.932, 118
Trd, 8638885.882, 84
Trd, 8638886.232, 68
Trd, 8638886.632, 62
Trd, 8638887.282, 72
Trd, 8638888.432, 102
Trd, 8638889.082, 117
Trd, 8638889.982, 120
Trd, 8638890.132, 115
Trd, 8638890.582, 99
Trd, 8638891.232, 75
Trd, 8638892.232, 72
Trd, 8638893.082, 66
Trd, 8638893.982, 117
Trd, 8638894.832, 67
Trd, 8638895.282, 76
Trd, 8638896.332, 94
Trd, 8638896.982, 62
Trd, 8638898.432, 63
Trd, 8638898.682, 70
Trd, 8638899.032, 90
Trd, 8638899.282, 112
Trd, 8638899.982, 109
Trd, 8638900.382, 137
Trd, 8638900.482, 113
Trd, 8638900.632, 112
Trd, 8638901.132, 72
Trd, 8638902.832, 77
Trd, 8638904.382, 138
Trd, 8638905.432, 111
Trd, 8638905.982, 101
Trd, 8638906.182, 134
Trd, 8638906.532, 138
Trd, 8638906.782, 98
Trd, 8638906.982, 100
Trd, 8638909.182, 80
Trd, 8638910.432, 133
Trd, 8638910.932, 79
Trd, 8638911.782, 84
Trd, 8638911.832, 77
Trd, 8638912.382, 98
Trd, 8638912.482, 137
Trd, 8638912.932, 90
Trd, 8638914.332, 134
Trd, 8638914.582, 130
Trd, 8638915.882, 127
Trd, 8638916.882, 132
Trd, 8638917.082, 89
Trd, 8638917.432, 103
Trd, 8638919.132, 108
Trd, 8638920.632, 126
Trd, 8638920.732, 109
Trd, 8638922.882, 74
Trd, 8638923.182, 91
Trd, 8638923.332, 111
Trd, 8638923.982, 82
Trd, 8638924.282, 90
Trd, 8638925.282, 140
Trd, 8638925.332, 117
Trd, 8638926.982, 91
Trd, 8638928.132, 103
Trd, 8638928.932, 67
Trd, 8638929.482, 99
Trd, 8638929.682, 138
Trd, 8638930.782, 102
Trd, 8638931.032, 123
Trd, 8638931.732, 82
Trd, 8638932.082, 124
Trd, 8638933.282, 108
Trd, 8638933.882, 86
Trd, 8638934.232, 82
Trd, 8638934.582, 123
Trd, 8638934.882, 104
Trd, 8638935.132, 88
Trd, 8638935.532, 65
Trd, 8638937.082, 131
Trd, 8638937.132, 126
Trd, 8638937.382, 87
Trd, 8638939.382, 83
Trd, 8638939.482, 81
Trd, 8638940.082, 87
Trd, 8638940.582, 89
Trd, 8638940.882, 78
Trd, 8638942.282, 112
Trd, 8638943.382, 113
Trd, 8638943.932, 88
Trd, 8638944.632, 91
Trd, 8638944.782, 86
Trd, 8638944.932, 82
Trd, 8638945.232, 81
Trd, 8638946.432, 113
Trd, 8638947.482, 86
Trd, 8638947.682, 74
Trd, 8638948.882, 124
Trd, 8638949.282, 116
Trd, 8638949.432, 109
Trd, 8638950.032, 70
Trd, 8638950.582, 131
Trd, 8638950.732, 68
Trd, 8638951.032, 101
Trd, 8638953.882, 97
Trd, 8638954.232, 80
Trd, 8638955.632, 135
Trd, 8638956.282, 128
Trd, 8638956.482, 117
Trd, 8638956.582, 105
Trd, 8638957.432, 139
Trd, 8638957.682, 103
Trd, 8638957.832, 110
Trd, 8638959.082, 97
Trd, 8638959.182, 76
Trd, 8638959.932, 110
Trd, 8638963.732, 127
Trd, 8638963.832, 112
Trd, 8638964.982, 129
Trd, 8638965.382, 123
Trd, 8638965.732, 140
Trd, 8638968.532, 102
Trd, 8638968.582, 84
Trd, 8638969.032, 84
Trd, 8638969.882, 113
Trd, 8638970.032, 122
Trd, 8638970.432, 102
Trd, 8638972.782, 118
Trd, 8638972.832, 105
Trd, 8638973.482, 89
Trd, 8638975.132, 85
Trd, 8638975.382, 133
Trd, 8638975.432, 81
Trd, 8638975.632, 77
Trd, 8638976.132, 88
Trd, 8638977.132, 127
Trd, 8638977.432, 104
Trd, 8638977.682, 71
Trd, 8638978.882, 108
Trd, 8638980.332, 95
Trd, 8638980.682, 92
Trd, 8638982.182, 130
Trd, 8638982.282, 140
Trd, 8638982.832, 92
Trd, 8638983.482, 105
Trd, 8638984.032, 75
Trd, 8638984.782, 90
Trd, 8638984.982, 138
Trd, 8638986.582, 119
Trd, 8638988.132, 120
Trd, 8638991.032, 131
Trd, 8638991.332, 119
Trd, 8638991.382, 117
Trd, 8638991.432, 114
Trd, 8638992.032, 81
Trd, 8638992.732, 109
Trd, 8638993.382, 80
Trd, 8638993.582, 111
Trd, 8638993.982, 135
Trd, 8638994.182, 115
Trd, 8638994.982, 85
Trd, 8638995.782, 134
Trd, 8638996.032, 67
Trd, 8638997.132, 117
Trd, 8638998.532, 91
Trd, 8638998.832, 96
Trd, 8638998.882, 77
Trd, 8638999.132, 65
Trd, 8638999.532, 63
Trd, 8638999.932, 60
Trd, 8639002.032, 101
Trd, 8639002.382, 108
Trd, 8639003.032, 128
Trd, 8639003.282, 89
Trd, 8639004.332, 100
Trd, 8639004.632, 83
Trd, 8639005.682, 112
Trd, 8639006.432, 139
Trd, 8639007.382, 79
Trd, 8639008.782, 133
Trd, 8639010.082, 124
Trd, 8639011.132, 86
Trd, 8639011.332, 73
Trd, 8639011.382, 121
Trd, 8639012.382, 116
Trd, 8639013.232, 132
Trd, 8639013.482, 94
Trd, 8639014.282, 98
Trd, 8639015.332, 94
Trd, 8639017.032, 134
Trd, 8639017.182, 136
Trd, 8639017.282, 110
Trd, 8639018.532, 119
Trd, 8639018.632, 127
Trd, 8639018.932, 109
Trd, 8639019.532, 88
Trd, 8639020.432, 108
Trd, 8639022.932, 133
Trd, 8639022.982, 128
Trd, 8639023.732, 111
Trd, 8639024.532, 80
Trd, 8639025.232, 116
Trd, 8639025.532, 91
Trd, 8639026.432, 108
Trd, 8639026.982, 136
Trd, 8639027.432, 105
Trd, 8639027.532, 97
Trd, 8639028.632, 131
Trd, 8639029.732, 125
Trd, 8639030.682, 122
Trd, 8639031.682, 138
Trd, 8639032.282, 102
Trd, 8639032.432, 96
Trd, 8639032.882, 84
Trd, 8639033.082, 134
Trd, 8639035.082, 86
Trd, 8639035.832, 123
Trd, 8639035.982, 108
Trd, 8639036.582, 108
Trd, 8639037.282, 130
Trd, 8639037.432, 118
Trd, 8639037.982, 138
Trd, 8639038.932, 126
Trd, 8639039.082, 101
Trd, 8639039.982, 89
Trd, 8639040.632, 91
Trd, 8639041.832, 76
Trd, 8639042.232, 128
Trd, 8639042.282, 121
Trd, 8639043.382, 85
Trd, 8639043.832, 64
Trd, 8639044.082, 93
Trd, 8639044.932, 112
Trd, 8639045.932, 109
Trd, 8639047.182, 93
Trd, 8639047.432, 90
Trd, 8639047.982, 97
Trd, 8639048.732, 95
Trd, 8639049.032, 102
Trd, 8639049.982, 89
Trd, 8639050.732, 98
Trd, 8639051.582, 126
Trd, 8639051.932, 109
Trd, 8639053.432, 117
Trd, 8639054.932, 140
Trd, 8639055.082, 131
Trd, 8639055.482, 105
Trd, 8639055.932, 96
Trd, 8639057.482, 112
Trd, 8639057.682, 90
Trd, 8639058.082, 90
Trd, 8639059.332, 105
Trd, 8639059.832, 112
Trd, 8639060.732, 72
Trd, 8639061.982, 69
Trd, 8639062.082, 127
Trd, 8639062.882, 125
Trd, 8639062.932, 105
Trd, 8639063.532, 123
Trd, 8639064.032, 122
Trd, 8639066.032, 63
Trd, 8639066.332, 67
Trd, 8639066.882, 122
Trd, 8639066.982, 102
Trd, 8639067.932, 87
Trd, 8639068.982, 71
Trd, 8639069.332, 66
Trd, 8639069.532, 67
Trd, 8639070.032, 82
Trd, 8639071.282, 66
Trd, 8639071.782, 63
Trd, 8639071.882, 64
Trd, 8639072.532, 69
Trd, 8639072.732, 61
Trd, 8639072.782, 88
Trd, 8639074.182, 122
Trd, 8639074.782, 124
Trd, 8639075.032, 75
Trd, 8639076.682, 70
Trd, 8639077.832, 105
Trd, 8639078.532, 70
Trd, 8639079.332, 97
Trd, 8639079.732, 87
Trd, 8639081.282, 62
Trd, 8639081.682, 62
Trd, 8639082.282, 119
Trd, 8639083.532, 122
Trd, 8639083.932, 107
Trd, 8639084.732, 90
Trd, 8639085.482, 130
Trd, 8639085.682, 84
Trd, 8639086.282, 112
Trd, 8639087.232, 120
Trd, 8639087.582, 109
Trd, 8639087.932, 110
Trd, 8639088.432, 100
Trd, 8639088.782, 89
Trd, 8639089.682, 79
Trd, 8639090.282, 86
Trd, 8639090.782, 104
Trd, 8639092.082, 101
Trd, 8639092.932, 84
Trd, 8639093.682, 63
Trd, 8639094.432, 72
Trd, 8639096.282, 128
Trd, 8639096.482, 96
Trd, 8639096.982, 135
Trd, 8639098.232, 140
Trd, 8639098.882, 85
Trd, 8639099.232, 92
Trd, 8639099.732, 95
Trd, 8639099.932, 84
Trd, 8639100.632, 124
Trd, 8639101.482, 106
Trd, 8639102.382, 131
Trd, 8639102.482, 126
Trd, 8639103.232, 119
Trd, 8639103.382, 109
Trd, 8639104.032, 113
Trd, 8639104.182, 101
Trd, 8639104.232, 87
Trd, 8639106.082, 115
Trd, 8639107.332, 107
Trd, 8639107.532, 125
Trd, 8639107.682, 121
Trd, 8639108.432, 109
Trd, 8639109.432, 136
Trd, 8639110.832, 95
Trd, 8639110.882, 125
Trd, 8639112.982, 99
Trd, 8639113.232, 121
Trd, 8639113.832, 93
Trd, 8639113.882, 114
Trd, 8639114.232, 124
Trd, 8639114.632, 87
Trd, 8639115.132, 70
Trd, 8639115.432, 80
Trd, 8639116.032, 90
Trd, 8639116.782, 95
Trd, 8639117.632, 63
Trd, 8639118.932, 112
Trd, 8639119.882, 61
Trd, 8639120.732, 65
Trd, 8639121.732, 63
Trd, 8639121.782, 80
Trd, 8639125.382, 107
Trd, 8639126.482, 96
Trd, 8639127.332, 138
Trd, 8639127.932, 108
Trd, 8639128.782, 106
Trd, 8639129.232, 121
Trd, 8639129.632, 128
Trd, 8639131.032, 140
Trd, 8639131.132, 136
Trd, 8639133.282, 112
Trd, 8639134.582, 103
Trd, 8639134.982, 106
Trd, 8639135.232, 100
Trd, 8639135.332, 112
Trd, 8639135.732, 136
Trd, 8639136.582, 94
Trd, 8639137.782, 139
Trd, 8639138.032, 105
Trd, 8639138.182, 79
Trd, 8639139.682, 95
Trd, 8639140.982, 137
Trd, 8639141.982, 115
Trd, 8639142.382, 92
Trd, 8639143.282, 134
Trd, 8639145.532, 88
Trd, 8639145.682, 86
Trd, 8639145.882, 84
Trd, 8639146.282, 121
Trd, 8639146.332, 111
Trd, 8639148.732, 85
Trd, 8639148.832, 90
Trd, 8639149.132, 94
Trd, 8639149.232, 109
Trd, 8639150.082, 134
Trd, 8639150.532, 102
Trd, 8639150.832, 93
Trd, 8639151.782, 113
Trd, 8639152.632, 127
Trd, 8639152.732, 125
Trd, 8639153.282, 92
Trd, 8639153.582, 76
Trd, 8639154.282, 127
Trd, 8639154.932, 73
Trd, 8639156.482, 127
Trd, 8639157.032, 97
Trd, 8639157.982, 138
Trd, 8639158.132, 134
Trd, 8639158.632, 131
Trd, 8639160.732, 81
Trd, 8639160.932, 78
Trd, 8639161.682, 85
Trd, 8639161.982, 116
Trd, 8639162.332, 118
Trd, 8639163.032, 105
Trd, 8639163.632, 62
Trd, 8639163.682, 76
Trd, 8639164.632, 140
Trd, 8639165.582, 98
Trd, 8639166.882, 132
Trd, 8639167.632, 68
Trd, 8639168.032, 132
Trd, 8639168.982, 108
Trd, 8639169.682, 97
Trd, 8639170.982, 107
Trd, 8639171.332, 137
Trd, 8639172.582, 125
Trd, 8639173.032, 117
Trd, 8639174.432, 129
Trd, 8639175.182, 101
Trd, 8639175.232, 93
Trd, 8639176.482, 89
Trd, 8639176.932, 89
Trd, 8639177.732, 93
Trd, 8639178.382, 106
Trd, 8639178.982, 135
Trd, 8639179.732, 125
Trd, 8639180.082, 92
Trd, 8639180.632, 93
Trd, 8639181.482, 134
Trd, 8639182.982, 121
Trd, 8639184.282, 133
Trd, 8639184.532, 132
Trd, 8639184.632, 125
Trd, 8639185.732, 91
Trd, 8639186.032, 85
Trd, 8639186.782, 132
Trd, 8639186.832, 130
Trd, 8639186.982, 137
Trd, 8639188.832, 91
Trd, 8639189.982, 65
Trd, 8639190.232, 70
Trd, 8639191.282, 79
Trd, 8639193.032, 84
Trd, 8639193.932, 85
Trd, 8639194.332, 89
Trd, 8639194.432, 77
Trd, 8639194.782, 126
Trd, 8639195.282, 89
Trd, 8639196.132, 92
Trd, 8639196.682, 89
Trd, 8639196.832, 81
Trd, 8639197.632, 96
Trd, 8639198.582, 95
Trd, 8639199.082, 128
Trd, 8639201.332, 87
Trd, 8639201.482, 64
Trd, 8639203.032, 92
Trd, 8639203.732, 125
Trd, 8639203.932, 125
Trd, 8639204.332, 125
Trd, 8639206.182, 100
Trd, 8639206.482, 86
Trd, 8639206.832, 85
Trd, 8639207.982, 140
Trd, 8639208.082, 139
Trd, 8639210.732, 101
Trd, 8639211.682, 125
Trd, 8639211.982, 96
Trd, 8639212.132, 93
Trd, 8639212.532, 80
Trd, 8639213.482, 61
Trd, 8639213.832, 102
Trd, 8639215.032, 122
Trd, 8639215.182, 118
Trd, 8639216.782, 98
Trd, 8639218.632, 123
Trd, 8639219.132, 102
Trd, 8639219.332, 97
Trd, 8639219.682, 88
Trd, 8639219.832, 105
Trd, 8639219.882, 87
Trd, 8639221.932, 125
Trd, 8639222.882, 116
Trd, 8639223.082, 95
Trd, 8639223.732, 134
Trd, 8639224.282, 128
Trd, 8639224.782, 123
Trd, 8639224.882, 119
Trd, 8639224.982, 114
Trd, 8639225.632, 108
Trd, 8639226.982, 84
Trd, 8639227.882, 117
Trd, 8639227.982, 74
Trd, 8639228.682, 118
Trd, 8639230.532, 101
Trd, 8639230.832, 91
Trd, 8639231.032, 114
Trd, 8639232.282, 108
Trd, 8639233.932, 118
Trd, 8639235.182, 118
Trd, 8639236.582, 127
Trd, 8639237.282, 109
Trd, 8639237.982, 131
Trd, 8639238.132, 97
Trd, 8639238.232, 93
Trd, 8639238.882, 81
Trd, 8639241.932, 133
Trd, 8639243.732, 132
Trd, 8639244.932, 119
Trd, 8639245.282, 114
Trd, 8639245.582, 107
Trd, 8639245.632, 89
Trd, 8639246.082, 122
Trd, 8639247.032, 122
Trd, 8639247.082, 128
Trd, 8639248.332, 107
Trd, 8639248.882, 131
Trd, 8639249.882, 122
Trd, 8639250.282, 77
Trd, 8639250.982, 94
Trd, 8639251.882, 123
Trd, 8639252.282, 102
Trd, 8639252.382, 92
Trd, 8639252.782, 76
Trd, 8639254.732, 102
Trd, 8639254.882, 88
Trd, 8639255.482, 115
Trd, 8639256.082, 135
Trd, 8639256.632, 84
Trd, 8639257.532, 84
Trd, 8639257.832, 73
Trd, 8639258.632, 113
Trd, 8639259.032, 121
Trd, 8639260.032, 133
Trd, 8639262.532, 138
Trd, 8639263.482, 131
Trd, 8639264.182, 87
Trd, 8639264.232, 83
Trd, 8639265.032, 123
Trd, 8639265.632, 122
Trd, 8639265.832, 105
Trd, 8639266.132, 101
Trd, 8639267.982, 107
Trd, 8639269.132, 112
Trd, 8639270.482, 118
Trd, 8639270.632, 121
Trd, 8639271.432, 100
Trd, 8639272.032, 96
Trd, 8639272.382, 115
Trd, 8639273.132, 65
Trd, 8639273.882, 62
Trd, 8639274.082, 76
Trd, 8639275.782, 137
Trd, 8639276.382, 138
Trd, 8639276.832, 135
Trd, 8639278.082, 124
Trd, 8639278.932, 111
Trd, 8639279.582, 82
Trd, 8639279.732, 72
Trd, 8639281.082, 125
Trd, 8639281.282, 102
Trd, 8639283.132, 100
Trd, 8639283.432, 95
Trd, 8639284.382, 115
Trd, 8639284.532, 96
Trd, 8639286.282, 74
Trd, 8639287.082, 126
Trd, 8639288.432, 99
Trd, 8639289.132, 103
Trd, 8639289.482, 130
Trd, 8639289.532, 87
Trd, 8639289.932, 138
Trd, 8639290.582, 112
Trd, 8639291.432, 121
Trd, 8639292.782, 104
Trd, 8639292.882, 95
Trd, 8639293.132, 77
Trd, 8639293.282, 68
Trd, 8639293.382, 95
Trd, 8639296.132, 120
Trd, 8639296.582, 85
Trd, 8639297.232, 102
Trd, 8639297.982, 122
Trd, 8639299.032, 117
Trd, 8639299.182, 102
Trd, 8639299.782, 134
Trd, 8639300.182, 104
Trd, 8639300.632, 95
Trd, 8639300.732, 138
Trd, 8639301.982, 123
Trd, 8639302.532, 109
Trd, 8639303.482, 124
Trd, 8639303.682, 106
Trd, 8639304.432, 114
Trd, 8639305.032, 123
Trd, 8639305.282, 132
Trd, 8639305.982, 119
Trd, 8639306.732, 134
Trd, 8639307.632, 113
Trd, 8639307.882, 106
Trd, 8639308.132, 118
Trd, 8639309.732, 90
Trd, 8639310.332, 75
Trd, 8639310.582, 67
Trd, 8639310.832, 64
Trd, 8639311.532, 62
Trd, 8639312.032, 129
Trd, 8639312.732, 86
Trd, 8639313.832, 118
Trd, 8639314.382, 138
Trd, 8639314.882, 109
Trd, 8639316.182, 132
Trd, 8639316.782, 132
Trd, 8639316.982, 120
Trd, 8639317.932, 102
Trd, 8639318.482, 94
Trd, 8639318.832, 103
Trd, 8639319.682, 133
Trd, 8639320.382, 84
Trd, 8639321.732, 133
Trd, 8639322.932, 96
Trd, 8639324.482, 136
Trd, 8639324.632, 125
Trd, 8639325.632, 135
Trd, 8639325.732, 122
Trd, 8639325.882, 118
Trd, 8639326.032, 100
Trd, 8639326.932, 101
Trd, 8639327.232, 96
Trd, 8639328.432, 78
Trd, 8639329.132, 140
Trd, 8639329.332, 87
Trd, 8639329.582, 127
Trd, 8639329.882, 86
Trd, 8639330.632, 78
Trd, 8639331.032, 69
Trd, 8639332.432, 91
Trd, 8639333.182, 107
Trd, 8639334.832, 88
Trd, 8639337.732, 124
Trd, 8639338.132, 106
Trd, 8639338.182, 103
Trd, 8639338.982, 129
Trd, 8639339.032, 124
Trd, 8639339.382, 132
Trd, 8639340.082, 68
Trd, 8639340.332, 138
Trd, 8639341.282, 121
Trd, 8639342.382, 96
Trd, 8639342.532, 95
Trd, 8639343.182, 131
Trd, 8639344.882, 95
Trd, 8639345.382, 96
Trd, 8639345.582, 86
Trd, 8639347.032, 126
Trd, 8639347.432, 98
Trd, 8639348.082, 105
Trd, 8639348.932, 124
Trd, 8639349.432, 136
Trd, 8639349.632, 89
Trd, 8639350.082, 84
Trd, 8639350.832, 77
Trd, 8639352.082, 87
Trd, 8639352.982, 125
Trd, 8639353.082, 134
Trd, 8639353.182, 113
Trd, 8639354.082, 135
Trd, 8639354.382, 105
Trd, 8639354.782, 86
Trd, 8639356.132, 100
Trd, 8639358.082, 139
Trd, 8639359.132, 130
Trd, 8639359.182, 107
Trd, 8639360.432, 116
Trd, 8639360.482, 98
Trd, 8639362.282, 79
Trd, 8639362.732, 82
Trd, 8639363.182, 134
Trd, 8639364.182, 103
Trd, 8639364.632, 136
Trd, 8639365.432, 105
Trd, 8639365.632, 105
Trd, 8639366.082, 133
Trd, 8639366.232, 81
Trd, 8639368.832, 72
Trd, 8639368.932, 67
Trd, 8639369.382, 81
Trd, 8639370.332, 112
Trd, 8639370.782, 110
Trd, 8639370.882, 106
Trd, 8639371.082, 114
Trd, 8639371.582, 80
Trd, 8639373.832, 133
Trd, 8639374.132, 115
Trd, 8639374.982, 91
Trd, 8639376.782, 105
Trd, 8639376.832, 112
Trd, 8639377.582, 107
Trd, 8639379.882, 109
Trd, 8639380.182, 92
Trd, 8639380.432, 90
Trd, 8639381.582, 127
Trd, 8639381.932, 127
Trd, 8639382.332, 121
Trd, 8639382.482, 108
Trd, 8639383.082, 97
Trd, 8639383.882, 124
Trd, 8639384.332, 88
Trd, 8639384.932, 71
Trd, 8639385.082, 94
Trd, 8639385.982, 93
Trd, 8639386.732, 89
Trd, 8639387.382, 80
Trd, 8639389.082, 83
Trd, 8639389.882, 101
Trd, 8639389.932, 79
Trd, 8639390.832, 93
Trd, 8639391.732, 103
Trd, 8639392.482, 121
Trd, 8639393.532, 107
Trd, 8639393.632, 90
Trd, 8639394.482, 138
Trd, 8639395.632, 112
Trd, 8639396.232, 109
Trd, 8639397.132, 98
Trd, 8639397.332, 106
Trd, 8639397.832, 96
Trd, 8639397.982, 61
Trd, 8639398.782, 69
Trd, 8639398.882, 103
Trd, 8639399.682, 88
Trd, 8639400.582, 66
Trd, 8639402.632, 107
Trd, 8639403.082, 76
Trd, 8639403.432, 106
Trd, 8639403.982, 91
Trd, 8639404.732, 139
Trd, 8639405.432, 85
Trd, 8639405.632, 121
Trd, 8639405.732, 113
Trd, 8639408.132, 140
Trd, 8639408.482, 117
Trd, 8639409.582, 124
Trd, 8639411.632, 124
Trd, 8639411.782, 96
Trd, 8639412.082, 128
Trd, 8639412.382, 101
Trd, 8639412.682, 89
Trd, 8639414.632, 120
Trd, 8639414.782, 110
Trd, 8639415.132, 120
Trd, 8639416.132, 125
Trd, 8639417.432, 108
Trd, 8639417.832, 94
Trd, 8639418.282, 80
Trd, 8639418.582, 98
Trd, 8639419.382, 113
Trd, 8639419.832, 97
Trd, 8639420.132, 80
Trd, 8639420.332, 131
Trd, 8639421.182, 92
Trd, 8639421.982, 103
Trd, 8639423.582, 133
Trd, 8639423.782, 116
Trd, 8639425.782, 107
Trd, 8639426.232, 129
Trd, 8639427.082, 116
Trd, 8639427.482, 109
Trd, 8639428.982, 135
Trd, 8639429.132, 113
Trd, 8639429.332, 110
Trd, 8639430.832, 87
Trd, 8639431.232, 78
Trd, 8639432.732, 75
Trd, 8639433.332, 73
Trd, 8639434.182, 128
Trd, 8639435.182, 116
Trd, 8639436.182, 102
Trd, 8639436.432, 94
Trd, 8639437.582, 70
Trd, 8639437.732, 111
Trd, 8639439.182, 119
Trd, 8639440.232, 102
Trd, 8639440.882, 130
Trd, 8639442.232, 119
Trd, 8639442.532, 116
Trd, 8639444.582, 129
Trd, 8639444.932, 127
Trd, 8639446.382, 140
Trd, 8639446.882, 119
Trd, 8639447.782, 121
Trd, 8639447.982, 109
Trd, 8639449.382, 113
Trd, 8639449.482, 93
Trd, 8639450.682, 138
Trd, 8639451.182, 94
Trd, 8639451.532, 109
Trd, 8639452.682, 137
Trd, 8639452.882, 125
Trd, 8639453.532, 130
Trd, 8639453.732, 102
Trd, 8639454.682, 131
Trd, 8639455.582, 110
Trd, 8639456.282, 108
Trd, 8639456.432, 117
Trd, 8639457.132, 121
Trd, 8639458.132, 78
Trd, 8639458.982, 64
Trd, 8639459.532, 98
Trd, 8639459.982, 112
Trd, 8639461.532, 78
Trd, 8639461.582, 116
Trd, 8639462.032, 95
Trd, 8639462.732, 90
Trd, 8639463.932, 118
Trd, 8639464.282, 80
Trd, 8639465.232, 104
Trd, 8639465.632, 100
Trd, 8639466.482, 113
Trd, 8639467.332, 68
Trd, 8639468.882, 90
Trd, 8639468.982, 87
Trd, 8639469.632, 98
Trd, 8639470.332, 135
Trd, 8639470.732, 112
Trd, 8639470.782, 86
Trd, 8639473.382, 130
Trd, 8639473.482, 119
Trd, 8639473.732, 118
Trd, 8639474.982, 90
Trd, 8639475.782, 108
Trd, 8639476.432, 97
Trd, 8639476.682, 122
Trd, 8639476.982, 84
Trd, 8639477.532, 103
Trd, 8639478.082, 130
Trd, 8639479.882, 88
Trd, 8639480.782, 112
Trd, 8639481.232, 140
Trd, 8639482.632, 116
Trd, 8639482.882, 96
Trd, 8639482.932, 85
Trd, 8639483.782, 113
Trd, 8639483.832, 118
Trd, 8639484.182, 82
Trd, 8639484.232, 123
Trd, 8639485.782, 99
Trd, 8639487.682, 89
Trd, 8639488.432, 84
Trd, 8639488.832, 138
Trd, 8639490.032, 79
Trd, 8639490.282, 103
Trd, 8639491.432, 101
Trd, 8639491.882, 76
Trd, 8639492.582, 107
Trd, 8639492.782, 114
Trd, 8639494.732, 117
Trd, 8639494.882, 100
Trd, 8639496.182, 112
Trd, 8639496.682, 103
Trd, 8639496.982, 91
Trd, 8639497.282, 85
Trd, 8639498.132, 103
Trd, 8639498.682, 126
Trd, 8639499.732, 86
Trd, 8639500.882, 132
Trd, 8639501.382, 115
Trd, 8639502.532, 116
Trd, 8639502.882, 115
Trd, 8639502.982, 114
Trd, 8639503.882, 88
Trd, 8639504.932, 87
Trd, 8639505.282, 60
Trd, 8639505.832, 82
Trd, 8639506.882, 60
Trd, 8639507.282, 60
Trd, 8639507.332, 76
Trd, 8639508.782, 116
Trd, 8639510.032, 81
Trd, 8639510.532, 140
Trd, 8639511.182, 103
Trd, 8639513.032, 128
Trd, 8639513.432, 127
Trd, 8639514.032, 115
Trd, 8639516.432, 94
Trd, 8639517.632, 101
Trd, 8639517.732, 97
Trd, 8639517.782, 119
Trd, 8639518.532, 128
Trd, 8639518.782, 118
Trd, 8639520.232, 94
Trd, 8639520.432, 120
Trd, 8639521.782, 118
Trd, 8639522.282, 103
Trd, 8639522.332, 113
Trd, 8639523.332, 94
Trd, 8639523.482, 77
Trd, 8639524.132, 100
Trd, 8639524.682, 100
Trd, 8639525.132, 101
Trd, 8639525.932, 90
Trd, 8639526.982, 97
Trd, 8639527.782, 100
Trd, 8639528.932, 96
Trd, 8639529.232, 63
Trd, 8639529.682, 121
Trd, 8639530.032, 136
Trd, 8639530.682, 133
Trd, 8639530.782, 113
Trd, 8639533.782, 131
Trd, 8639533.932, 114
Trd, 8639535.132, 134
Trd, 8639535.582, 75
Trd, 8639536.332, 95
Trd, 8639536.682, 78
Trd, 8639537.182, 83
Trd, 8639538.432, 136
Trd, 8639538.582, 115
Trd, 8639540.282, 116
Trd, 8639540.632, 125
Trd, 8639541.132, 99
Trd, 8639541.182, 134
Trd, 8639542.182, 86
Trd, 8639542.532, 122
Trd, 8639542.732, 94
Trd, 8639543.932, 78
Trd, 8639545.532, 68
Trd, 8639545.832, 101
Trd, 8639546.382, 74
Trd, 8639546.782, 96
Trd, 8639547.032, 134
Trd, 8639548.282, 74
Trd, 8639548.932, 71
Trd, 8639549.432, 91
Trd, 8639552.132, 99
Trd, 8639552.632, 90
Trd, 8639553.182, 137
Trd, 8639554.382, 119
Trd, 8639554.632, 104
Trd, 8639555.282, 135
Trd, 8639555.782, 126
Trd, 8639555.832, 111
Trd, 8639556.332, 99
Trd, 8639556.432, 82
Trd, 8639558.282, 90
Trd, 8639559.032, 134
Trd, 8639559.782, 109
Trd, 8639560.182, 124
Trd, 8639560.282, 78
Trd, 8639560.832, 77
Trd, 8639561.182, 65
Trd, 8639562.832, 136
Trd, 8639564.882, 76
Trd, 8639565.532, 118
Trd, 8639566.032, 107
Trd, 8639567.482, 83
Trd, 8639568.332, 86
Trd, 8639568.782, 67
Trd, 8639570.632, 133
Trd, 8639570.932, 72
Trd, 8639571.032, 111
Trd, 8639571.432, 124
Trd, 8639572.032, 117
Trd, 8639572.232, 66
Trd, 8639573.582, 125
Trd, 8639574.932, 108
Trd, 8639575.432, 62
Trd, 8639575.582, 62
Trd, 8639575.982, 72
Trd, 8639578.632, 123
Trd, 8639578.732, 103
Trd, 8639579.332, 68
Trd, 8639579.732, 113
Trd, 8639580.882, 86
Trd, 8639580.982, 92
Trd, 8639581.832, 84
Trd, 8639582.932, 61
Trd, 8639584.632, 112
Trd, 8639584.932, 122
Trd, 8639585.932, 110
Trd, 8639586.232, 110
Trd, 8639587.532, 91
Trd, 8639588.182, 105
Trd, 8639589.182, 136
Trd, 8639589.632, 69
Trd, 8639590.532, 63
Trd, 8639590.882, 99
Trd, 8639591.182, 133
Trd, 8639591.332, 86
Trd, 8639591.632, 98
Trd, 8639594.332, 118
Trd, 8639595.832, 122
Trd, 8639596.332, 108
Trd, 8639597.132, 110
Trd, 8639597.582, 124
Trd, 8639598.732, 100
Trd, 8639600.032, 119
Trd, 8639601.382, 129
Trd, 8639602.382, 94
Trd, 8639602.532, 104
Trd, 8639602.882, 101
Trd, 8639603.082, 86
Trd, 8639603.232, 140
Trd, 8639604.182, 80
Trd, 8639604.732, 62
Trd, 8639605.732, 83
Trd, 8639606.482, 89
Trd, 8639607.882, 135
Trd, 8639609.932, 133
Trd, 8639609.982, 121
Trd, 8639610.182, 86
Trd, 8639610.582, 81
Trd, 8639612.032, 139
Trd, 8639612.732, 120
Trd, 8639613.332, 129
Trd, 8639613.432, 99
Trd, 8639613.682, 126
Trd, 8639614.282, 104
Trd, 8639615.732, 106
Trd, 8639615.982, 91
Trd, 8639616.782, 88
Trd, 8639616.982, 104
Trd, 8639617.382, 92
Trd, 8639618.232, 123
Trd, 8639618.382, 134
Trd, 8639618.982, 95
Trd, 8639620.082, 99
Trd, 8639620.632, 79
Trd, 8639621.332, 122
Trd, 8639622.832, 124
Trd, 8639622.982, 97
Trd, 8639623.432, 107
Trd, 8639624.332, 88
Trd, 8639625.782, 86
Trd, 8639626.982, 132
Trd, 8639628.532, 96
Trd, 8639628.682, 92
Trd, 8639628.832, 112
Trd, 8639629.182, 124
Trd, 8639629.682, 80
Trd, 8639629.832, 108
Trd, 8639631.132, 112
Trd, 8639631.432, 93
Trd, 8639632.082, 84
Trd, 8639633.882, 93
Trd, 8639634.332, 104
Trd, 8639635.582, 139
Trd, 8639636.382, 139
Trd, 8639636.832, 89
Trd, 8639637.632, 87
Trd, 8639637.882, 106
Trd, 8639638.482, 124
Trd, 8639639.682, 78
Trd, 8639639.832, 132
Trd, 8639640.232, 81
Trd, 8639641.532, 92
Trd, 8639642.032, 135
Trd, 8639642.432, 112
Trd, 8639642.482, 99
Trd, 8639644.832, 133
Trd, 8639645.732, 119
Trd, 8639646.332, 111
Trd, 8639646.382, 111
Trd, 8639646.432, 92
Trd, 8639646.682, 107
Trd, 8639648.232, 125
Trd, 8639648.932, 119
Trd, 8639649.332, 138
Trd, 8639650.282, 114
Trd, 8639650.732, 106
Trd, 8639652.332, 133
Trd, 8639652.782, 90
Trd, 8639653.332, 114
Trd, 8639653.982, 103
Trd, 8639654.532, 90
Trd, 8639655.682, 137
Trd, 8639655.782, 130
Trd, 8639655.882, 115
Trd, 8639657.982, 114
Trd, 8639658.282, 135
Trd, 8639658.582, 107
Trd, 8639660.032, 132
Trd, 8639660.882, 114
Trd, 8639661.282, 117
Trd, 8639662.282, 88
Trd, 8639663.182, 135
Trd, 8639663.932, 134
Trd, 8639664.132, 110
Trd, 8639665.532, 117
Trd, 8639665.882, 113
Trd, 8639666.032, 104
Trd, 8639667.582, 107
Trd, 8639668.282, 102
Trd, 8639668.482, 83
Trd, 8639669.032, 109
Trd, 8639669.882, 108
Trd, 8639670.932, 138
Trd, 8639671.182, 129
Trd, 8639671.882, 111
Trd, 8639672.382, 106
Trd, 8639672.582, 102
Trd, 8639672.832, 92
Trd, 8639673.932, 112
Trd, 8639674.732, 89
Trd, 8639676.932, 127
Trd, 8639677.182, 121
Trd, 8639677.732, 122
Trd, 8639677.782, 101
Trd, 8639678.232, 100
Trd, 8639678.982, 112
Trd, 8639679.932, 97
Trd, 8639680.482, 130
Trd, 8639681.432, 133
Trd, 8639681.832, 85
Trd, 8639681.982, 76
Trd, 8639683.482, 117
Trd, 8639684.332, 96
Trd, 8639685.382, 132
Trd, 8639686.232, 128
Trd, 8639687.782, 110
Trd, 8639688.432, 117
Trd, 8639688.632, 107
Trd, 8639688.782, 132
Trd, 8639690.132, 108
Trd, 8639691.232, 84
Trd, 8639692.782, 123
Trd, 8639693.132, 135
Trd, 8639693.382, 102
Trd, 8639695.182, 137
Trd, 8639695.532, 121
Trd, 8639695.882, 136
Trd, 8639696.532, 118
Trd, 8639696.582, 107
Trd, 8639697.132, 102
Trd, 8639699.082, 129
Trd, 8639699.732, 126
Trd, 8639699.982, 113
Trd, 8639700.982, 112
Trd, 8639701.882, 79
Trd, 8639704.232, 67
Trd, 8639704.732, 64
Trd, 8639704.982, 60
Trd, 8639706.032, 61
Trd, 8639706.482, 69
Trd, 8639706.532, 71
Trd, 8639707.382, 101
Trd, 8639707.832, 139
Trd, 8639708.532, 100
Trd, 8639709.232, 115
Trd, 8639709.882, 138
Trd, 8639712.582, 99
Trd, 8639712.932, 116
Trd, 8639713.332, 121
Trd, 8639714.532, 108
Trd, 8639715.182, 99
Trd, 8639715.782, 111
Trd, 8639716.332, 88
Trd, 8639718.032, 94
Trd, 8639718.632, 91
Trd, 8639719.082, 128
Trd, 8639720.432, 106
Trd, 8639720.482, 102
Trd, 8639722.382, 139
Trd, 8639722.732, 109
Trd, 8639722.932, 102
Trd, 8639723.882, 117
Trd, 8639724.032, 111
Trd, 8639724.532, 106
Trd, 8639724.632, 118
Trd, 8639725.332, 74
Trd, 8639726.182, 65
Trd, 8639726.782, 122
Trd, 8639727.982, 91
Trd, 8639728.432, 136
Trd, 8639729.132, 118
Trd, 8639729.282, 108
Trd, 8639729.982, 67
Trd, 8639731.282, 85
Trd, 8639731.582, 111
Trd, 8639732.082, 113
Trd, 8639732.382, 83
Trd, 8639733.282, 99
Trd, 8639733.432, 121
Trd, 8639735.032, 95
Trd, 8639736.732, 117
Trd, 8639737.832, 134
Trd, 8639738.082, 102
Trd, 8639738.482, 129
Trd, 8639739.032, 75
Trd, 8639739.232, 71
Trd, 8639739.732, 97
Trd, 8639740.982, 135
Trd, 8639741.182, 65
Trd, 8639741.632, 105
Trd, 8639743.132, 131
Trd, 8639743.182, 123
Trd, 8639744.282, 129
Trd, 8639744.582, 107
Trd, 8639744.832, 97
Trd, 8639745.282, 71
Trd, 8639745.682, 68
Trd, 8639746.482, 71
Trd, 8639747.882, 83
Trd, 8639750.182, 110
Trd, 8639751.082, 105
Trd, 8639751.832, 104
Trd, 8639751.982, 106
Trd, 8639752.182, 75
Trd, 8639753.732, 131
Trd, 8639754.782, 117
Trd, 8639755.232, 111
Trd, 8639756.582, 129
Trd, 8639757.282, 124
Trd, 8639757.882, 91
Trd, 8639758.682, 114
Trd, 8639759.382, 96
Trd, 8639759.582, 98
Trd, 8639760.032, 112
Trd, 8639760.832, 66
Trd, 8639760.932, 87
Trd, 8639761.632, 65
Trd, 8639761.782, 84
Trd, 8639763.482, 114
Trd, 8639764.382, 94
Trd, 8639765.132, 116
Trd, 8639765.732, 96
Trd, 8639766.582, 131
Trd, 8639766.732, 85
Trd, 8639768.032, 131
Trd, 8639768.132, 129
Trd, 8639768.382, 116
Trd, 8639770.132, 106
Trd, 8639770.932, 106
Trd, 8639771.382, 98
Trd, 8639771.882, 111
Trd, 8639772.032, 104
Trd, 8639773.932, 123
Trd, 8639774.632, 110
Trd, 8639775.632, 109
Trd, 8639775.782, 116
Trd, 8639775.832, 106
Trd, 8639777.582, 107
Trd, 8639778.182, 103
Trd, 8639779.382, 109
Trd, 8639780.432, 134
Trd, 8639781.132, 115
Trd, 8639781.232, 112
Trd, 8639781.532, 87
Trd, 8639782.132, 99
Trd, 8639782.432, 87
Trd, 8639784.632, 108
Trd, 8639785.582, 119
Trd, 8639785.682, 122
Trd, 8639785.932, 117
Trd, 8639788.582, 91
Trd, 8639789.082, 115
Trd, 8639789.382, 109
Trd, 8639790.382, 71
Trd, 8639790.632, 78
Trd, 8639790.982, 129
Trd, 8639791.482, 131
Trd, 8639792.432, 63
Trd, 8639793.982, 78
Trd, 8639794.082, 78
Trd, 8639794.232, 83
Trd, 8639794.732, 78
Trd, 8639795.532, 83
Trd, 8639795.782, 79
Trd, 8639796.532, 95
Trd, 8639797.332, 77
Trd, 8639798.232, 137
Trd, 8639799.232, 135
Trd, 8639799.332, 94
Trd, 8639799.832, 116
Trd, 8639801.032, 88
Trd, 8639801.332, 81
Trd, 8639802.082, 82
Trd, 8639802.882, 119
Trd, 8639803.232, 121
Trd, 8639804.282, 118
Trd, 8639804.432, 102
Trd, 8639805.082, 99
Trd, 8639805.782, 134
Trd, 8639805.832, 110
Trd, 8639806.382, 131
Trd, 8639806.932, 111
Trd, 8639808.382, 100
Trd, 8639808.732, 75
Trd, 8639809.532, 128
Trd, 8639811.332, 83
Trd, 8639811.532, 66
Trd, 8639811.882, 91
Trd, 8639813.582, 98
Trd, 8639813.982, 132
Trd, 8639814.032, 92
Trd, 8639815.932, 100
Trd, 8639816.182, 76
Trd, 8639817.682, 122
Trd, 8639818.032, 80
Trd, 8639818.082, 71
Trd, 8639820.082, 85
Trd, 8639820.432, 95
Trd, 8639821.532, 139
Trd, 8639821.732, 137
Trd, 8639821.782, 123
Trd, 8639823.532, 93
Trd, 8639823.832, 86
Trd, 8639824.032, 97
Trd, 8639825.132, 90
Trd, 8639826.232, 86
Trd, 8639826.782, 71
Trd, 8639827.532, 79
Trd, 8639829.082, 135
Trd, 8639829.382, 131
Trd, 8639830.282, 120
Trd, 8639830.582, 117
Trd, 8639831.782, 129
Trd, 8639833.332, 114
Trd, 8639833.582, 117
Trd, 8639835.132, 97
Trd, 8639835.432, 85
Trd, 8639835.832, 81
Trd, 8639835.882, 99
Trd, 8639837.782, 102
Trd, 8639838.482, 128
Trd, 8639838.832, 139
Trd, 8639839.432, 99
Trd, 8639840.082, 114
Trd, 8639840.282, 91
Trd, 8639841.532, 79
Trd, 8639841.832, 87
Trd, 8639841.932, 107
Trd, 8639842.532, 87
Trd, 8639843.832, 85
Trd, 8639844.532, 104
Trd, 8639845.182, 77
Trd, 8639846.182, 60
Trd, 8639846.332, 64
Trd, 8639846.882, 131
Trd, 8639848.132, 91
Trd, 8639848.782, 117
Trd, 8639850.732, 70
Trd, 8639851.782, 84
Trd, 8639851.982, 133
Trd, 8639852.732, 84
Trd, 8639853.482, 77
Trd, 8639853.982, 64
Trd, 8639854.082, 111
Trd, 8639854.982, 101
Trd, 8639855.482, 93
Trd, 8639856.082, 80
Trd, 8639856.732, 111
Trd, 8639858.832, 123
Trd, 8639859.232, 125
Trd, 8639860.182, 108
Trd, 8639860.232, 118
Trd, 8639860.482, 112
Trd, 8639861.832, 100
Trd, 8639861.932, 98
Trd, 8639862.782, 128
Trd, 8639863.732, 109
Trd, 8639864.082, 84
Trd, 8639864.532, 100
Trd, 8639864.732, 101
Trd, 8639865.282, 60
Trd, 8639866.832, 72
Trd, 8639868.082, 139
Trd, 8639868.132, 108
Trd, 8639868.782, 77
Trd, 8639870.582, 128
Trd, 8639870.932, 111
Trd, 8639871.982, 124
Trd, 8639872.732, 89
Trd, 8639873.482, 101
Trd, 8639873.832, 93
Trd, 8639873.932, 138
Trd, 8639874.582, 108
Trd, 8639875.482, 119
Trd, 8639875.882, 81
Trd, 8639876.682, 114
Trd, 8639877.282, 74
Trd, 8639878.032, 101
Trd, 8639878.282, 98
Trd, 8639878.732, 102
Trd, 8639879.082, 80
Trd, 8639879.632, 96
Trd, 8639880.882, 94
Trd, 8639881.332, 136
Trd, 8639881.882, 93
Trd, 8639884.182, 92
Trd, 8639884.932, 128
Trd, 8639886.732, 104
Trd, 8639886.832, 91
Trd, 8639886.882, 108
Trd, 8639887.532, 113
Trd, 8639887.682, 103
Trd, 8639889.582, 134
Trd, 8639891.382, 110
Trd, 8639892.832, 134
Trd, 8639893.382, 133
Trd, 8639895.232, 130
Trd, 8639895.632, 120
Trd, 8639896.232, 127
Trd, 8639896.582, 117
Trd, 8639896.682, 108
Trd, 8639896.982, 125
Trd, 8639897.332, 134
Trd, 8639897.732, 113
Trd, 8639898.032, 134
Trd, 8639899.482, 137
Trd, 8639900.032, 119
Trd, 8639900.432, 99
Trd, 8639900.932, 126
Trd, 8639901.582, 109
Trd, 8639901.932, 93
Trd, 8639902.782, 72
Trd, 8639903.682, 100
Trd, 8639904.332, 114
Trd, 8639904.982, 80
Trd, 8639906.032, 127
Trd, 8639907.332, 134
Trd, 8639908.982, 133
Trd, 8639909.382, 113
Trd, 8639909.732, 102
Trd, 8639909.882, 95
Trd, 8639910.182, 89
Trd, 8639910.232, 78
Trd, 8639910.982, 71
Trd, 8639911.932, 127
Trd, 8639911.982, 103
Trd, 8639913.432, 109
Trd, 8639914.032, 91
Trd, 8639914.182, 88
Trd, 8639914.582, 135
Trd, 8639914.732, 92
Trd, 8639914.932, 90
Trd, 8639916.382, 139
Trd, 8639916.832, 111
Trd, 8639918.632, 108
Trd, 8639918.732, 99
Trd, 8639920.232, 90
Trd, 8639921.682, 125
Trd, 8639921.782, 75
Trd, 8639922.082, 69
Trd, 8639922.382, 60
Trd, 8639923.382, 125
Trd, 8639924.532, 140
Trd, 8639925.832, 133
Trd, 8639925.932, 117
Trd, 8639926.882, 131
Trd, 8639927.132, 118
Trd, 8639927.182, 104
Trd, 8639927.382, 133
Trd, 8639928.832, 113
Trd, 8639929.082, 100
Trd, 8639929.482, 95
Trd, 8639931.882, 91
Trd, 8639932.132, 78
Trd, 8639933.482, 98
Trd, 8639933.632, 83
Trd, 8639933.682, 117
Trd, 8639934.682, 97
Trd, 8639935.332, 133
Trd, 8639935.582, 131
Trd, 8639937.782, 125
Trd, 8639938.332, 112
Trd, 8639938.832, 103
Trd, 8639940.132, 86
Trd, 8639940.532, 85
Trd, 8639942.832, 113
Trd, 8639943.532, 60
Trd, 8639944.482, 129
Trd, 8639946.082, 76
Trd, 8639946.232, 125
Trd, 8639947.732, 93
Trd, 8639948.032, 117
Trd, 8639948.282, 80
Trd, 8639949.432, 139
Trd, 8639950.682, 107
Trd, 8639951.082, 104
Trd, 8639951.882, 90
Trd, 8639952.282, 85
Trd, 8639952.482, 107
Trd, 8639952.932, 98
Trd, 8639953.682, 60
Trd, 8639954.882, 109
Trd, 8639955.382, 111
Trd, 8639955.582, 118
Trd, 8639956.332, 110
Trd, 8639956.582, 93
Trd, 8639959.182, 107
Trd, 8639959.582, 120
Trd, 8639960.332, 101
Trd, 8639960.482, 120
Trd, 8639961.382, 130
Trd, 8639962.132, 108
Trd, 8639962.682, 85
Trd, 8639963.482, 104
Trd, 8639964.182, 116
Trd, 8639964.232, 104
Trd, 8639966.332, 110
Trd, 8639966.632, 100
Trd, 8639967.632, 109
Trd, 8639968.332, 127
Trd, 8639968.532, 121
Trd, 8639968.582, 85
Trd, 8639970.782, 135
Trd, 8639971.032, 112
Trd, 8639971.982, 113
Trd, 8639972.632, 112
Trd, 8639972.782, 95
Trd, 8639974.832, 96
Trd, 8639975.482, 104
Trd, 8639975.632, 97
Trd, 8639975.932, 104
Trd, 8639977.982, 139
Trd, 8639978.432, 102
Trd, 8639979.332, 108
Trd, 8639980.382, 104
Trd, 8639980.782, 124
Trd, 8639981.082, 110
Trd, 8639981.232, 95
Trd, 8639981.882, 79
Trd, 8639982.982, 120
Trd, 8639983.732, 118
Trd, 8639984.582, 95
Trd, 8639985.132, 93
Trd, 8639986.232, 107
Trd, 8639987.332, 118
Trd, 8639987.482, 107
Trd, 8639987.732, 68
Trd, 8639989.432, 128
Trd, 8639989.832, 126
Trd, 8639990.182, 122
Trd, 8639990.682, 124
Trd, 8639992.182, 132
Trd, 8639992.932, 130
Trd, 8639993.232, 127
Trd, 8639994.082, 85
Trd, 8639996.932, 130
Trd, 8639997.732, 124
Trd, 8639998.882, 123
Trd, 8639999.032, 104
Trd, 8639999.482, 139
