Trd, 8638089.732, 80
Trd, 8638091.232, 76
Trd, 8638091.682, 106
Trd, 8638091.882, 101
Trd, 8638092.732, 124
Trd, 8638092.832, 113
Trd, 8638093.932, 130
Trd, 8638093.982, 109
Trd, 8638095.132, 100
Trd, 8638095.432, 98
Trd, 8638097.382, 82
Trd, 8638098.582, 104
Trd, 8638099.082, 98
Trd, 8638100.082, 102
Trd, 8638102.432, 109
Trd, 8638102.682, 107
Trd, 8638103.082, 111
Trd, 8638103.132, 98
Trd, 8638103.182, 81
Trd, 8638104.682, 91
Trd, 8638104.982, 122
Trd, 8638105.882, 123
Trd, 8638106.082, 102
Trd, 8638106.582, 101
Trd, 8638107.782, 109
Trd, 8638108.632, 122
Trd, 8638109.232, 135
Trd, 8638109.682, 82
Trd, 8638109.982, 133
Trd, 8638110.882, 101
Trd, 8638111.982, 82
Trd, 8638112.482, 94
Trd, 8638112.832, 91
Trd, 8638114.682, 76
Trd, 8638115.982, 136
Trd, 8638116.132, 114
Trd, 8638117.082, 115
Trd, 8638117.732, 106
Trd, 8638118.982, 92
Trd, 8638120.132, 94
Trd, 8638121.182, 125
Trd, 8638121.782, 96
Trd, 8638122.232, 90
Trd, 8638122.682, 108
Trd, 8638123.182, 104
Trd, 8638124.532, 100
Trd, 8638124.682, 85
Trd, 8638125.632, 124
Trd, 8638126.182, 131
Trd, 8638126.682, 94
Trd, 8638127.932, 99
Trd, 8638128.382, 84
Trd, 8638129.032, 109
Trd, 8638130.782, 102
Trd, 8638131.382, 120
Trd, 8638131.582, 121
Trd, 8638131.682, 103
Trd, 8638132.082, 128
Trd, 8638132.882, 90
Trd, 8638132.982, 82
Trd, 8638133.232, 71
Trd, 8638133.732, 101
Trd, 8638135.132, 83
Trd, 8638135.932, 102
Trd, 8638137.532, 91
Trd, 8638137.782, 89
Trd, 8638138.582, 107
Trd, 8638138.932, 88
Trd, 8638139.832, 130
Trd, 8638141.982, 117
Trd, 8638142.382, 110
Trd, 8638143.282, 129
Trd, 8638143.882, 114
Trd, 8638145.382, 88
Trd, 8638145.582, 93
Trd, 8638146.232, 70
Trd, 8638147.632, 107
Trd, 8638147.932, 111
Trd, 8638148.032, 80
Trd, 8638149.232, 92
Trd, 8638149.282, 108
Trd, 8638151.732, 128
Trd, 8638152.232, 134
Trd, 8638152.582, 119
Trd, 8638153.132, 108
Trd, 8638153.332, 103
Trd, 8638155.282, 112
Trd, 8638156.132, 124
Trd, 8638156.932, 139
Trd, 8638157.132, 126
Trd, 8638158.882, 104
Trd, 8638159.782, 111
Trd, 8638161.032, 117
Trd, 8638161.432, 116
Trd, 8638161.882, 97
Trd, 8638162.732, 87
Trd, 8638163.682, 100
Trd, 8638165.082, 117
Trd, 8638165.682, 111
Trd, 8638167.232, 96
Trd, 8638167.582, 96
Trd, 8638167.682, 90
Trd, 8638168.232, 95
Trd, 8638169.132, 100
Trd, 8638170.432, 87
Trd, 8638171.832, 108
Trd, 8638172.882, 108
Trd, 8638173.432, 93
Trd, 8638174.332, 86
Trd, 8638174.682, 118
Trd, 8638175.332, 94
Trd, 8638176.132, 89
Trd, 8638176.182, 81
Trd, 8638176.332, 79
Trd, 8638177.482, 73
Trd, 8638178.332, 127
Trd, 8638180.632, 130
Trd, 8638181.382, 116
Trd, 8638182.482, 107
Trd, 8638182.932, 116
Trd, 8638183.282, 112
Trd, 8638184.282, 109
Trd, 8638184.732, 103
Trd, 8638184.932, 93
Trd, 8638186.432, 78
Trd, 8638186.782, 104
Trd, 8638188.182, 75
Trd, 8638188.932, 80
Trd, 8638190.032, 95
Trd, 8638191.132, 111
Trd, 8638192.282, 106
Trd, 8638193.382, 111
Trd, 8638193.682, 92
Trd, 8638193.782, 90
Trd, 8638194.632, 131
Trd, 8638197.132, 122
Trd, 8638197.632, 134
Trd, 8638197.932, 123
Trd, 8638197.982, 120
Trd, 8638198.182, 111
Trd, 8638198.782, 104
Trd, 8638200.282, 112
Trd, 8638201.032, 88
Trd, 8638201.182, 90
Trd, 8638202.032, 87
Trd, 8638202.282, 92
Trd, 8638203.982, 68
Trd, 8638204.232, 91
Trd, 8638204.332, 92
Trd, 8638206.132, 114
Trd, 8638206.682, 91
Trd, 8638207.732, 91
Trd, 8638208.082, 97
Trd, 8638208.432, 105
Trd, 8638210.032, 123
Trd, 8638210.732, 124
Trd, 8638210.982, 100
Trd, 8638212.282, 113
Trd, 8638212.582, 81
Trd, 8638213.382, 97
Trd, 8638214.032, 77
Trd, 8638214.732, 88
Trd, 8638215.782, 74
Trd, 8638215.882, 68
Trd, 8638217.182, 110
Trd, 8638218.982, 96
Trd, 8638219.132, 85
Trd, 8638220.832, 95
Trd, 8638220.932, 94
Trd, 8638221.632, 100
Trd, 8638222.032, 87
Trd, 8638222.532, 101
Trd, 8638222.682, 90
Trd, 8638223.282, 62
Trd, 8638224.082, 100
Trd, 8638224.332, 129
Trd, 8638224.682, 63
Trd, 8638226.632, 74
Trd, 8638228.082, 130
Trd, 8638229.132, 92
Trd, 8638229.282, 78
Trd, 8638230.132, 93
Trd, 8638230.882, 78
Trd, 8638231.932, 92
Trd, 8638232.982, 88
Trd, 8638233.132, 74
Trd, 8638234.682, 91
Trd, 8638235.282, 85
Trd, 8638235.332, 80
Trd, 8638235.482, 90
Trd, 8638235.982, 107
Trd, 8638237.682, 76
Trd, 8638238.082, 99
Trd, 8638238.432, 131
Trd, 8638239.932, 129
Trd, 8638240.732, 97
Trd, 8638241.132, 71
Trd, 8638242.332, 87
Trd, 8638243.632, 70
Trd, 8638243.832, 75
Trd, 8638244.782, 105
Trd, 8638245.282, 98
Trd, 8638245.482, 94
Trd, 8638246.682, 119
Trd, 8638246.982, 77
Trd, 8638247.182, 86
Trd, 8638248.032, 96
Trd, 8638251.132, 98
Trd, 8638251.532, 70
Trd, 8638252.382, 106
Trd, 8638252.932, 80
Trd, 8638253.182, 86
Trd, 8638253.832, 105
Trd, 8638254.032, 122
Trd, 8638255.032, 125
Trd, 8638256.432, 117
Trd, 8638258.032, 95
Trd, 8638258.082, 77
Trd, 8638258.332, 71
Trd, 8638259.032, 70
Trd, 8638259.482, 124
Trd, 8638260.282, 94
Trd, 8638261.282, 79
Trd, 8638261.632, 92
Trd, 8638262.682, 84
Trd, 8638263.232, 82
Trd, 8638263.882, 127
Trd, 8638263.982, 111
Trd, 8638265.382, 87
Trd, 8638267.182, 118
Trd, 8638268.082, 121
Trd, 8638268.782, 102
Trd, 8638269.282, 89
Trd, 8638269.382, 94
Trd, 8638270.032, 92
Trd, 8638270.332, 60
Trd, 8638271.332, 76
Trd, 8638273.482, 83
Trd, 8638273.632, 74
Trd, 8638273.882, 65
Trd, 8638273.982, 88
Trd, 8638274.982, 109
Trd, 8638276.482, 106
Trd, 8638277.232, 112
Trd, 8638277.882, 125
Trd, 8638278.682, 106
Trd, 8638280.182, 104
Trd, 8638280.782, 114
Trd, 8638281.382, 78
Trd, 8638281.832, 84
Trd, 8638282.282, 85
Trd, 8638282.632, 85
Trd, 8638283.882, 67
Trd, 8638284.132, 66
Trd, 8638285.332, 103
Trd, 8638286.382, 76
Trd, 8638286.782, 130
Trd, 8638287.182, 117
Trd, 8638287.382, 108
Trd, 8638287.732, 132
Trd, 8638288.632, 70
Trd, 8638290.732, 121
Trd, 8638291.032, 101
Trd, 8638291.132, 100
Trd, 8638292.882, 125
Trd, 8638293.382, 103
Trd, 8638294.282, 107
Trd, 8638294.382, 91
Trd, 8638294.532, 88
Trd, 8638294.682, 86
Trd, 8638295.332, 120
Trd, 8638296.382, 108
Trd, 8638297.782, 101
Trd, 8638299.332, 96
Trd, 8638300.032, 83
Trd, 8638300.382, 127
Trd, 8638300.432, 107
Trd, 8638301.032, 114
Trd, 8638303.632, 102
Trd, 8638304.682, 108
Trd, 8638305.282, 115
Trd, 8638305.932, 138
Trd, 8638306.382, 128
Trd, 8638308.232, 100
Trd, 8638308.782, 102
Trd, 8638309.782, 105
Trd, 8638310.432, 101
Trd, 8638310.882, 98
Trd, 8638311.482, 133
Trd, 8638312.532, 116
Trd, 8638315.982, 116
Trd, 8638316.632, 112
Trd, 8638316.732, 93
Trd, 8638317.082, 103
Trd, 8638318.082, 99
Trd, 8638319.432, 106
Trd, 8638319.482, 97
Trd, 8638319.632, 109
Trd, 8638319.732, 83
Trd, 8638322.282, 62
Trd, 8638323.682, 70
Trd, 8638324.532, 91
Trd, 8638325.332, 121
Trd, 8638326.982, 135
Trd, 8638327.082, 111
Trd, 8638328.232, 68
Trd, 8638328.332, 77
Trd, 8638328.782, 87
Trd, 8638329.732, 74
Trd, 8638329.782, 81
Trd, 8638331.432, 99
Trd, 8638332.682, 105
Trd, 8638333.282, 102
Trd, 8638333.732, 93
Trd, 8638335.432, 111
Trd, 8638337.432, 80
Trd, 8638339.132, 105
Trd, 8638339.282, 97
Trd, 8638339.782, 95
Trd, 8638339.882, 90
Trd, 8638340.932, 116
Trd, 8638341.082, 108
Trd, 8638341.232, 108
Trd, 8638343.482, 109
Trd, 8638344.332, 95
Trd, 8638344.482, 131
Trd, 8638345.382, 117
Trd, 8638345.582, 96
Trd, 8638347.832, 83
Trd, 8638348.432, 121
Trd, 8638348.682, 95
Trd, 8638351.332, 94
Trd, 8638351.382, 89
Trd, 8638351.632, 86
Trd, 8638351.882, 100
Trd, 8638352.282, 79
Trd, 8638352.482, 62
Trd, 8638354.482, 111
Trd, 8638355.282, 112
Trd, 8638355.682, 101
Trd, 8638356.432, 122
Trd, 8638357.132, 120
Trd, 8638357.582, 125
Trd, 8638357.832, 113
Trd, 8638359.982, 64
Trd, 8638361.882, 80
Trd, 8638362.382, 100
Trd, 8638362.432, 90
Trd, 8638362.482, 109
Trd, 8638362.732, 92
Trd, 8638364.982, 128
Trd, 8638365.182, 125
Trd, 8638365.482, 113
Trd, 8638365.732, 97
Trd, 8638366.982, 94
Trd, 8638367.082, 129
Trd, 8638368.232, 118
Trd, 8638368.432, 85
Trd, 8638369.332, 74
Trd, 8638369.782, 114
Trd, 8638369.982, 105
Trd, 8638370.182, 73
Trd, 8638370.732, 98
Trd, 8638371.582, 115
Trd, 8638372.632, 101
Trd, 8638372.682, 65
Trd, 8638373.532, 129
Trd, 8638374.732, 106
Trd, 8638375.032, 120
Trd, 8638377.832, 118
Trd, 8638378.582, 133
Trd, 8638379.532, 108
Trd, 8638380.532, 126
Trd, 8638380.882, 97
Trd, 8638381.182, 98
Trd, 8638382.732, 84
Trd, 8638383.282, 81
Trd, 8638383.582, 137
Trd, 8638383.782, 133
Trd, 8638385.482, 114
Trd, 8638386.632, 127
Trd, 8638387.132, 85
Trd, 8638388.032, 74
Trd, 8638388.182, 86
Trd, 8638388.532, 96
Trd, 8638389.332, 89
Trd, 8638390.332, 76
Trd, 8638390.482, 66
Trd, 8638392.282, 77
Trd, 8638392.732, 75
Trd, 8638395.432, 85
Trd, 8638395.782, 98
Trd, 8638396.282, 99
Trd, 8638396.482, 84
Trd, 8638398.532, 118
Trd, 8638398.832, 130
Trd, 8638399.332, 118
Trd, 8638399.432, 107
Trd, 8638399.982, 87
Trd, 8638401.032, 122
Trd, 8638401.082, 111
Trd, 8638401.532, 105
Trd, 8638402.132, 70
Trd, 8638403.832, 62
Trd, 8638404.382, 60
Trd, 8638404.782, 105
Trd, 8638406.432, 105
Trd, 8638407.082, 114
Trd, 8638407.532, 137
Trd, 8638408.682, 74
Trd, 8638410.032, 124
Trd, 8638410.432, 100
Trd, 8638411.232, 84
Trd, 8638411.782, 88
Trd, 8638412.282, 121
Trd, 8638412.482, 82
Trd, 8638413.132, 114
Trd, 8638414.382, 82
Trd, 8638415.082, 126
Trd, 8638415.332, 118
Trd, 8638415.532, 122
Trd, 8638418.532, 138
Trd, 8638419.432, 110
Trd, 8638420.082, 110
Trd, 8638420.332, 100
Trd, 8638421.982, 96
Trd, 8638422.082, 92
Trd, 8638422.532, 96
Trd, 8638423.482, 118
Trd, 8638423.882, 111
Trd, 8638425.032, 99
Trd, 8638426.032, 108
Trd, 8638427.532, 115
Trd, 8638427.832, 99
Trd, 8638428.682, 79
Trd, 8638428.982, 100
Trd, 8638429.632, 96
Trd, 8638430.232, 80
Trd, 8638430.932, 113
Trd, 8638431.082, 101
Trd, 8638432.132, 114
Trd, 8638434.382, 119
Trd, 8638435.632, 115
Trd, 8638435.932, 114
Trd, 8638436.282, 104
Trd, 8638437.032, 98
Trd, 8638437.182, 85
Trd, 8638437.282, 85
Trd, 8638438.132, 110
Trd, 8638438.332, 86
Trd, 8638438.532, 78
Trd, 8638438.732, 82
Trd, 8638441.082, 86
Trd, 8638442.282, 116
Trd, 8638443.532, 124
Trd, 8638444.132, 130
Trd, 8638444.182, 124
Trd, 8638444.832, 105
Trd, 8638444.932, 92
Trd, 8638445.682, 111
Trd, 8638445.832, 88
Trd, 8638446.982, 79
Trd, 8638447.732, 120
Trd, 8638448.532, 130
Trd, 8638448.982, 127
Trd, 8638449.182, 104
Trd, 8638450.432, 117
Trd, 8638451.182, 109
Trd, 8638451.782, 125
Trd, 8638453.182, 112
Trd, 8638453.532, 90
Trd, 8638454.082, 83
Trd, 8638454.432, 73
Trd, 8638455.832, 96
Trd, 8638457.232, 101
Trd, 8638457.332, 94
Trd, 8638457.882, 99
Trd, 8638458.582, 120
Trd, 8638459.032, 107
Trd, 8638460.432, 120
Trd, 8638461.832, 123
Trd, 8638462.832, 80
Trd, 8638463.682, 68
Trd, 8638464.032, 65
Trd, 8638464.582, 66
Trd, 8638467.832, 124
Trd, 8638468.032, 123
Trd, 8638469.182, 87
Trd, 8638469.432, 83
Trd, 8638469.682, 73
Trd, 8638470.832, 92
Trd, 8638471.532, 74
Trd, 8638472.232, 63
Trd, 8638474.132, 63
Trd, 8638476.132, 115
Trd, 8638476.682, 113
Trd, 8638477.032, 109
Trd, 8638477.532, 107
Trd, 8638477.982, 139
Trd, 8638478.132, 99
Trd, 8638479.482, 91
Trd, 8638480.282, 133
Trd, 8638481.132, 87
Trd, 8638482.032, 101
Trd, 8638483.182, 97
Trd, 8638483.282, 85
Trd, 8638484.282, 133
Trd, 8638484.632, 132
Trd, 8638484.882, 106
Trd, 8638486.682, 90
Trd, 8638487.482, 69
Trd, 8638488.982, 123
Trd, 8638489.082, 113
Trd, 8638489.682, 110
Trd, 8638490.432, 129
Trd, 8638490.682, 90
Trd, 8638492.232, 107
Trd, 8638492.332, 87
Trd, 8638492.582, 78
Trd, 8638495.232, 124
Trd, 8638495.632, 104
Trd, 8638495.882, 95
Trd, 8638496.182, 85
Trd, 8638498.832, 128
Trd, 8638500.032, 122
Trd, 8638500.182, 111
Trd, 8638502.582, 119
Trd, 8638504.282, 92
Trd, 8638504.582, 130
Trd, 8638506.182, 106
Trd, 8638506.982, 102
Trd, 8638507.832, 115
Trd, 8638509.832, 113
Trd, 8638510.032, 96
Trd, 8638510.232, 117
Trd, 8638510.532, 93
Trd, 8638510.732, 77
Trd, 8638511.382, 82
Trd, 8638514.032, 140
Trd, 8638515.382, 121
Trd, 8638516.432, 132
Trd, 8638516.482, 108
Trd, 8638517.232, 105
Trd, 8638517.532, 98
Trd, 8638518.432, 102
Trd, 8638519.982, 136
Trd, 8638520.382, 124
Trd, 8638521.182, 108
Trd, 8638521.332, 99
Trd, 8638522.932, 107
Trd, 8638523.682, 133
Trd, 8638523.732, 121
Trd, 8638524.782, 118
Trd, 8638525.782, 100
Trd, 8638526.032, 103
Trd, 8638527.282, 108
Trd, 8638528.932, 104
Trd, 8638530.032, 139
Trd, 8638530.432, 121
Trd, 8638530.582, 106
Trd, 8638531.182, 114
Trd, 8638531.932, 103
Trd, 8638532.382, 123
Trd, 8638532.682, 102
Trd, 8638533.882, 95
Trd, 8638534.432, 92
Trd, 8638534.532, 89
Trd, 8638535.082, 91
Trd, 8638535.532, 90
Trd, 8638537.382, 114
Trd, 8638537.582, 112
Trd, 8638537.732, 109
Trd, 8638538.832, 103
Trd, 8638539.082, 94
Trd, 8638540.632, 80
Trd, 8638541.932, 119
Trd, 8638543.832, 138
Trd, 8638545.482, 136
Trd, 8638545.632, 123
Trd, 8638546.282, 127
Trd, 8638547.282, 127
Trd, 8638547.682, 117
Trd, 8638548.582, 124
Trd, 8638548.782, 84
Trd, 8638549.482, 130
Trd, 8638550.132, 134
Trd, 8638551.082, 115
Trd, 8638552.132, 108
Trd, 8638552.182, 108
Trd, 8638552.582, 112
Trd, 8638554.332, 137
Trd, 8638554.682, 118
Trd, 8638555.282, 106
Trd, 8638555.782, 105
Trd, 8638557.282, 102
Trd, 8638557.582, 92
Trd, 8638558.832, 122
Trd, 8638559.032, 104
Trd, 8638559.532, 102
Trd, 8638559.782, 88
Trd, 8638560.082, 85
Trd, 8638560.132, 61
Trd, 8638560.432, 72
Trd, 8638560.982, 84
Trd, 8638562.982, 73
Trd, 8638563.782, 124
Trd, 8638564.782, 116
Trd, 8638565.882, 103
Trd, 8638567.782, 111
Trd, 8638567.982, 129
Trd, 8638568.432, 109
Trd, 8638568.582, 99
Trd, 8638570.282, 135
Trd, 8638571.032, 117
Trd, 8638571.082, 88
Trd, 8638571.332, 84
Trd, 8638572.282, 137
Trd, 8638573.082, 125
Trd, 8638573.382, 86
Trd, 8638574.332, 102
Trd, 8638574.932, 139
Trd, 8638575.332, 127
Trd, 8638575.482, 115
Trd, 8638575.632, 108
Trd, 8638576.932, 109
Trd, 8638578.382, 132
Trd, 8638578.532, 105
Trd, 8638579.232, 134
Trd, 8638582.032, 70
Trd, 8638583.182, 78
Trd, 8638583.682, 103
Trd, 8638583.732, 101
Trd, 8638584.232, 113
Trd, 8638584.682, 67
Trd, 8638585.132, 81
Trd, 8638585.332, 113
Trd, 8638586.682, 97
Trd, 8638587.732, 88
Trd, 8638588.032, 93
Trd, 8638588.332, 75
Trd, 8638589.082, 98
Trd, 8638590.032, 108
Trd, 8638590.232, 104
Trd, 8638591.832, 126
Trd, 8638592.482, 124
Trd, 8638593.182, 113
Trd, 8638593.682, 108
Trd, 8638594.182, 135
Trd, 8638596.232, 80
Trd, 8638596.282, 79
Trd, 8638596.532, 135
Trd, 8638597.232, 75
Trd, 8638598.382, 100
Trd, 8638600.382, 95
Trd, 8638601.982, 80
Trd, 8638602.182, 86
Trd, 8638602.482, 79
Trd, 8638602.832, 64
Trd, 8638603.232, 82
Trd, 8638605.132, 90
Trd, 8638605.382, 113
Trd, 8638605.682, 112
Trd, 8638605.782, 102
Trd, 8638606.232, 91
Trd, 8638607.382, 68
Trd, 8638607.932, 119
Trd, 8638608.682, 129
Trd, 8638609.182, 122
Trd, 8638610.082, 80
Trd, 8638610.632, 68
Trd, 8638611.082, 82
Trd, 8638611.532, 117
Trd, 8638612.482, 103
Trd, 8638613.682, 93
Trd, 8638614.132, 99
Trd, 8638614.982, 96
Trd, 8638615.232, 87
Trd, 8638616.682, 103
Trd, 8638618.082, 80
Trd, 8638618.882, 89
Trd, 8638620.182, 104
Trd, 8638620.832, 114
Trd, 8638621.882, 122
Trd, 8638622.282, 117
Trd, 8638622.432, 117
Trd, 8638622.932, 111
Trd, 8638623.532, 113
Trd, 8638623.932, 103
Trd, 8638624.582, 82
Trd, 8638625.532, 139
Trd, 8638625.632, 90
Trd, 8638625.932, 135
Trd, 8638628.782, 114
Trd, 8638630.882, 120
Trd, 8638630.982, 112
Trd, 8638632.282, 100
Trd, 8638632.382, 96
Trd, 8638633.132, 102
Trd, 8638633.532, 92
Trd, 8638634.832, 103
Trd, 8638635.132, 66
Trd, 8638636.932, 84
Trd, 8638636.982, 85
Trd, 8638637.782, 126
Trd, 8638637.932, 103
Trd, 8638638.382, 96
Trd, 8638638.482, 85
Trd, 8638639.382, 129
Trd, 8638641.382, 65
Trd, 8638641.432, 65
Trd, 8638642.382, 62
Trd, 8638643.632, 95
Trd, 8638644.582, 125
Trd, 8638645.682, 103
Trd, 8638646.332, 90
Trd, 8638646.932, 99
Trd, 8638647.032, 85
Trd, 8638647.682, 77
Trd, 8638648.182, 85
Trd, 8638648.282, 140
Trd, 8638649.232, 99
Trd, 8638650.082, 83
Trd, 8638651.132, 107
Trd, 8638651.532, 112
Trd, 8638652.282, 119
Trd, 8638652.632, 104
Trd, 8638655.032, 122
Trd, 8638656.082, 121
Trd, 8638656.632, 120
Trd, 8638656.782, 113
Trd, 8638657.232, 91
Trd, 8638658.682, 125
Trd, 8638659.132, 82
Trd, 8638659.632, 92
Trd, 8638660.532, 130
Trd, 8638661.582, 125
Trd, 8638662.132, 72
Trd, 8638663.132, 123
Trd, 8638663.382, 92
Trd, 8638663.532, 83
Trd, 8638663.882, 78
Trd, 8638665.782, 72
Trd, 8638666.532, 92
Trd, 8638667.182, 69
Trd, 8638668.232, 132
Trd, 8638668.932, 120
Trd, 8638668.982, 83
Trd, 8638669.882, 62
Trd, 8638670.882, 105
Trd, 8638670.932, 92
Trd, 8638672.082, 113
Trd, 8638673.032, 127
Trd, 8638673.282, 107
Trd, 8638674.282, 138
Trd, 8638674.632, 99
Trd, 8638675.882, 121
Trd, 8638677.532, 109
Trd, 8638678.632, 125
Trd, 8638678.832, 119
Trd, 8638679.032, 100
Trd, 8638679.782, 102
Trd, 8638679.832, 99
Trd, 8638680.082, 120
Trd, 8638680.582, 88
Trd, 8638682.532, 105
Trd, 8638685.382, 119
Trd, 8638685.632, 128
Trd, 8638686.832, 94
Trd, 8638686.982, 76
Trd, 8638687.782, 84
Trd, 8638688.332, 64
Trd, 8638688.682, 69
Trd, 8638689.782, 101
Trd, 8638690.382, 113
Trd, 8638690.532, 111
Trd, 8638691.132, 103
Trd, 8638692.582, 108
Trd, 8638694.982, 130
Trd, 8638695.032, 118
Trd, 8638695.232, 106
Trd, 8638695.732, 91
Trd, 8638696.832, 133
Trd, 8638697.782, 87
Trd, 8638697.882, 72
Trd, 8638698.632, 126
Trd, 8638698.932, 95
Trd, 8638701.132, 117
Trd, 8638703.532, 108
Trd, 8638703.582, 83
Trd, 8638703.732, 113
Trd, 8638704.882, 106
Trd, 8638705.132, 105
Trd, 8638705.432, 116
Trd, 8638707.482, 116
Trd, 8638708.132, 112
Trd, 8638708.582, 128
Trd, 8638709.732, 71
Trd, 8638710.382, 67
Trd, 8638710.532, 71
Trd, 8638710.632, 88
Trd, 8638712.932, 83
Trd, 8638713.982, 81
Trd, 8638714.332, 100
Trd, 8638715.832, 65
Trd, 8638716.032, 69
Trd, 8638716.882, 111
Trd, 8638717.182, 78
Trd, 8638718.282, 128
Trd, 8638720.532, 103
Trd, 8638720.682, 107
Trd, 8638720.732, 67
Trd, 8638720.782, 110
Trd, 8638721.732, 88
Trd, 8638721.832, 86
Trd, 8638722.832, 102
Trd, 8638723.182, 130
Trd, 8638725.582, 79
Trd, 8638726.232, 75
Trd, 8638727.132, 66
Trd, 8638727.782, 105
Trd, 8638727.882, 110
Trd, 8638728.182, 118
Trd, 8638730.232, 135
Trd, 8638730.282, 91
Trd, 8638731.682, 104
Trd, 8638732.282, 135
Trd, 8638732.682, 94
Trd, 8638734.432, 75
Trd, 8638736.232, 90
Trd, 8638737.082, 126
Trd, 8638737.582, 110
Trd, 8638739.132, 137
Trd, 8638739.232, 99
Trd, 8638740.132, 119
Trd, 8638740.982, 126
Trd, 8638741.082, 129
Trd, 8638741.432, 101
Trd, 8638741.782, 81
Trd, 8638742.732, 65
Trd, 8638745.082, 126
Trd, 8638746.282, 131
Trd, 8638746.732, 115
Trd, 8638746.832, 71
Trd, 8638749.182, 112
Trd, 8638749.482, 99
Trd, 8638749.582, 87
Trd, 8638750.482, 83
Trd, 8638750.982, 105
Trd, 8638751.532, 96
Trd, 8638751.782, 131
Trd, 8638752.582, 112
Trd, 8638752.732, 78
Trd, 8638753.782, 113
Trd, 8638756.632, 92
Trd, 8638756.732, 86
Trd, 8638756.882, 89
Trd, 8638757.382, 133
Trd, 8638758.932, 110
Trd, 8638760.332, 104
Trd, 8638760.782, 93
Trd, 8638762.432, 135
Trd, 8638763.582, 102
Trd, 8638764.782, 104
Trd, 8638765.932, 88
Trd, 8638766.532, 126
Trd, 8638768.482, 88
Trd, 8638769.132, 98
Trd, 8638770.032, 83
Trd, 8638770.482, 75
Trd, 8638770.982, 90
Trd, 8638773.082, 99
Trd, 8638773.332, 112
Trd, 8638773.832, 129
Trd, 8638773.982, 95
Trd, 8638774.432, 103
Trd, 8638775.182, 80
Trd, 8638775.582, 86
Trd, 8638775.932, 72
Trd, 8638778.082, 124
Trd, 8638778.282, 132
Trd, 8638778.382, 117
Trd, 8638779.632, 140
Trd, 8638780.732, 127
Trd, 8638781.382, 110
Trd, 8638781.582, 132
Trd, 8638782.032, 115
Trd, 8638782.732, 93
Trd, 8638782.882, 92
Trd, 8638783.882, 89
Trd, 8638784.582, 99
Trd, 8638785.182, 72
Trd, 8638786.232, 102
Trd, 8638787.032, 132
Trd, 8638787.732, 91
Trd, 8638789.282, 98
Trd, 8638789.682, 89
Trd, 8638790.082, 81
Trd, 8638792.082, 107
Trd, 8638792.282, 76
Trd, 8638794.182, 102
Trd, 8638794.232, 76
Trd, 8638795.182, 107
Trd, 8638795.332, 88
Trd, 8638795.882, 75
Trd, 8638796.932, 79
Trd, 8638797.232, 83
Trd, 8638797.282, 70
Trd, 8638799.182, 98
Trd, 8638801.032, 118
Trd, 8638801.132, 115
Trd, 8638801.382, 107
Trd, 8638803.332, 82
Trd, 8638804.682, 100
Trd, 8638805.882, 92
Trd, 8638806.632, 96
Trd, 8638807.232, 103
Trd, 8638807.582, 105
Trd, 8638807.882, 93
Trd, 8638809.132, 117
Trd, 8638809.482, 103
Trd, 8638810.832, 122
Trd, 8638810.932, 110
Trd, 8638811.532, 112
Trd, 8638813.182, 100
Trd, 8638815.182, 106
Trd, 8638815.682, 110
Trd, 8638816.182, 135
Trd, 8638817.582, 91
Trd, 8638818.332, 81
Trd, 8638819.682, 96
Trd, 8638820.532, 120
Trd, 8638820.632, 94
Trd, 8638820.832, 92
Trd, 8638820.932, 76
Trd, 8638822.432, 135
Trd, 8638822.932, 121
Trd, 8638823.032, 98
Trd, 8638824.182, 114
Trd, 8638824.882, 104
Trd, 8638826.182, 100
Trd, 8638826.982, 109
Trd, 8638827.282, 83
Trd, 8638827.382, 112
Trd, 8638827.982, 106
Trd, 8638828.832, 130
Trd, 8638829.582, 113
Trd, 8638830.532, 122
Trd, 8638831.282, 108
Trd, 8638832.232, 127
Trd, 8638834.582, 95
Trd, 8638835.432, 136
Trd, 8638835.982, 123
Trd, 8638836.182, 94
Trd, 8638836.482, 91
Trd, 8638837.132, 119
Trd, 8638837.882, 109
Trd, 8638837.932, 74
Trd, 8638839.382, 96
Trd, 8638839.982, 117
Trd, 8638841.582, 130
Trd, 8638841.682, 128
Trd, 8638842.732, 99
Trd, 8638842.982, 130
Trd, 8638844.182, 94
Trd, 8638844.432, 105
Trd, 8638845.082, 110
Trd, 8638845.182, 117
Trd, 8638847.432, 81
Trd, 8638847.482, 76
Trd, 8638848.282, 74
Trd, 8638848.832, 96
Trd, 8638849.382, 137
Trd, 8638850.282, 104
Trd, 8638850.732, 83
Trd, 8638851.382, 115
Trd, 8638851.882, 70
Trd, 8638852.932, 93
Trd, 8638853.432, 132
Trd, 8638854.482, 125
Trd, 8638854.882, 112
Trd, 8638855.332, 125
Trd, 8638855.732, 114
Trd, 8638855.882, 104
Trd, 8638855.932, 100
Trd, 8638856.932, 109
Trd, 8638857.432, 130
Trd, 8638857.882, 68
Trd, 8638859.832, 100
Trd, 8638860.932, 137
Trd, 8638860.982, 117
Trd, 8638862.232, 83
Trd, 8638864.132, 89
Trd, 8638864.432, 73
Trd, 8638864.732, 101
Trd, 8638865.682, 137
Trd, 8638867.282, 136
Trd, 8638867.582, 111
Trd, 8638868.032, 97
Trd, 8638868.582, 136
Trd, 8638868.782, 118
Trd, 8638868.882, 113
Trd, 8638870.132, 85
Trd, 8638871.732, 120
Trd, 8638871.882, 119
Trd, 8638873.282, 94
Trd, 8638873.532, 93
Trd, 8638873.932, 88
Trd, 8638874.682, 97
Trd, 8638875.632, 127
Trd, 8638876.482, 81
Trd, 8638877.632, 108
Trd, 8638878.882, 95
Trd, 8638879.382, 103
Trd, 8638879.732, 124
Trd, 8638880.682, 110
Trd, 8638880.982, 106
Trd, 8638881.682, 100
Trd, 8638884.032, 113
Trd, 8638884.132, 108
Trd, 8638884.632, 101
Trd, 8638884.982, 114
Trd, 8638885.032, 94
Trd, 8638886.182, 132
Trd, 8638886.432, 126
Trd, 8638887.882, 128
Trd, 8638889.932, 95
Trd, 8638890.382, 136
Trd, 8638891.082, 86
Trd, 8638892.632, 115
Trd, 8638893.282, 114
Trd, 8638893.882, 102
Trd, 8638895.232, 129
Trd, 8638895.732, 113
Trd, 8638896.432, 109
Trd, 8638897.332, 114
Trd, 8638898.182, 110
Trd, 8638899.032, 98
Trd, 8638899.432, 93
Trd, 8638899.532, 86
Trd, 8638901.082, 62
Trd, 8638902.432, 98
Trd, 8638904.182, 117
Trd, 8638905.582, 117
Trd, 8638906.182, 133
Trd, 8638907.032, 80
Trd, 8638907.332, 91
Trd, 8638907.732, 80
Trd, 8638909.582, 76
Trd, 8638909.882, 99
Trd, 8638911.482, 95
Trd, 8638911.582, 64
Trd, 8638913.632, 61
Trd, 8638914.132, 107
Trd, 8638914.632, 79
Trd, 8638915.882, 63
Trd, 8638916.432, 75
Trd, 8638916.882, 94
Trd, 8638917.282, 72
Trd, 8638917.582, 80
Trd, 8638918.932, 97
Trd, 8638919.682, 88
Trd, 8638919.932, 117
Trd, 8638920.232, 128
Trd, 8638920.982, 93
Trd, 8638921.932, 118
Trd, 8638922.082, 82
Trd, 8638922.332, 88
Trd, 8638923.232, 116
Trd, 8638925.132, 104
Trd, 8638926.132, 93
Trd, 8638926.482, 75
Trd, 8638927.982, 68
Trd, 8638928.232, 73
Trd, 8638928.932, 67
Trd, 8638929.682, 109
Trd, 8638930.432, 131
Trd, 8638930.882, 118
Trd, 8638931.182, 125
Trd, 8638933.132, 115
Trd, 8638933.782, 109
Trd, 8638934.482, 136
Trd, 8638935.182, 107
Trd, 8638935.732, 104
Trd, 8638936.332, 99
Trd, 8638936.682, 98
Trd, 8638937.882, 97
Trd, 8638938.732, 102
Trd, 8638939.782, 96
Trd, 8638940.682, 91
Trd, 8638940.832, 97
Trd, 8638941.132, 86
Trd, 8638941.932, 78
Trd, 8638942.382, 108
Trd, 8638942.632, 101
Trd, 8638945.082, 64
Trd, 8638945.632, 133
Trd, 8638947.182, 109
Trd, 8638947.332, 103
Trd, 8638949.132, 110
Trd, 8638949.232, 104
Trd, 8638949.582, 105
Trd, 8638950.432, 114
Trd, 8638951.882, 134
Trd, 8638952.232, 126
Trd, 8638953.082, 104
Trd, 8638953.582, 109
Trd, 8638954.332, 84
Trd, 8638954.982, 79
Trd, 8638956.382, 102
Trd, 8638956.432, 90
Trd, 8638957.232, 118
Trd, 8638958.032, 125
Trd, 8638958.082, 90
Trd, 8638960.082, 113
Trd, 8638960.482, 81
Trd, 8638961.082, 61
Trd, 8638961.882, 114
Trd, 8638962.182, 105
Trd, 8638963.032, 86
Trd, 8638964.382, 92
Trd, 8638964.532, 82
Trd, 8638965.432, 75
Trd, 8638965.532, 118
Trd, 8638966.432, 103
Trd, 8638967.082, 109
Trd, 8638968.232, 108
Trd, 8638969.482, 99
Trd, 8638969.682, 122
Trd, 8638969.932, 65
Trd, 8638971.882, 112
Trd, 8638971.982, 100
Trd, 8638972.082, 92
Trd, 8638973.832, 138
Trd, 8638974.432, 126
Trd, 8638974.682, 98
Trd, 8638975.982, 106
Trd, 8638977.132, 126
Trd, 8638978.332, 102
Trd, 8638978.582, 103
Trd, 8638978.632, 91
Trd, 8638979.232, 93
Trd, 8638981.932, 100
Trd, 8638982.032, 104
Trd, 8638982.432, 110
Trd, 8638982.932, 79
Trd, 8638984.332, 74
Trd, 8638985.182, 117
Trd, 8638985.782, 110
Trd, 8638986.482, 104
Trd, 8638987.132, 93
Trd, 8638987.782, 84
Trd, 8638988.532, 80
Trd, 8638988.782, 86
Trd, 8638989.932, 132
Trd, 8638991.282, 99
Trd, 8638991.932, 98
Trd, 8638992.382, 130
Trd, 8638992.632, 92
Trd, 8638992.982, 83
Trd, 8638994.182, 73
Trd, 8638994.682, 70
Trd, 8638994.832, 115
Trd, 8638994.932, 70
Trd, 8638996.482, 65
Trd, 8638997.282, 137
Trd, 8638998.382, 103
Trd, 8638998.782, 110
Trd, 8638999.532, 115
Trd, 8639000.032, 106
Trd, 8639001.032, 113
Trd, 8639001.132, 120
Trd, 8639002.982, 125
Trd, 8639004.082, 98
Trd, 8639004.482, 132
Trd, 8639005.132, 107
Trd, 8639006.182, 99
Trd, 8639007.482, 118
Trd, 8639008.582, 103
Trd, 8639009.032, 92
Trd, 8639009.432, 77
Trd, 8639009.682, 72
Trd, 8639009.882, 75
Trd, 8639009.932, 81
Trd, 8639010.632, 72
Trd, 8639011.582, 102
Trd, 8639011.732, 80
Trd, 8639012.082, 78
Trd, 8639012.582, 113
Trd, 8639015.082, 132
Trd, 8639015.432, 107
Trd, 8639016.432, 101
Trd, 8639016.882, 95
Trd, 8639017.482, 108
Trd, 8639018.032, 96
Trd, 8639018.482, 131
Trd, 8639019.282, 126
Trd, 8639020.232, 121
Trd, 8639020.682, 99
Trd, 8639023.332, 79
Trd, 8639023.982, 127
Trd, 8639024.132, 116
Trd, 8639024.882, 75
Trd, 8639025.082, 65
Trd, 8639025.982, 98
Trd, 8639026.132, 111
Trd, 8639026.782, 90
Trd, 8639028.282, 84
Trd, 8639029.032, 74
Trd, 8639029.782, 99
Trd, 8639030.332, 107
Trd, 8639032.182, 116
Trd, 8639032.332, 115
Trd, 8639033.132, 104
Trd, 8639033.232, 98
Trd, 8639033.732, 108
Trd, 8639034.482, 98
Trd, 8639034.582, 120
Trd, 8639035.082, 128
Trd, 8639036.632, 118
Trd, 8639037.632, 140
Trd, 8639037.732, 123
Trd, 8639038.882, 118
Trd, 8639039.732, 110
Trd, 8639041.182, 84
Trd, 8639043.282, 88
Trd, 8639043.582, 77
Trd, 8639043.932, 78
Trd, 8639044.632, 83
Trd, 8639045.382, 76
Trd, 8639045.432, 83
Trd, 8639046.682, 80
Trd, 8639047.332, 107
Trd, 8639047.732, 92
Trd, 8639047.832, 87
Trd, 8639048.032, 80
Trd, 8639048.582, 73
Trd, 8639051.232, 129
Trd, 8639051.632, 117
Trd, 8639051.782, 84
Trd, 8639051.982, 117
Trd, 8639052.382, 63
Trd, 8639053.932, 109
Trd, 8639054.782, 82
Trd, 8639055.132, 78
Trd, 8639055.432, 102
Trd, 8639056.782, 119
Trd, 8639057.132, 117
Trd, 8639057.182, 87
Trd, 8639058.932, 89
Trd, 8639060.132, 98
Trd, 8639060.182, 103
Trd, 8639061.382, 88
Trd, 8639062.032, 127
Trd, 8639062.132, 104
Trd, 8639063.082, 79
Trd, 8639064.682, 104
Trd, 8639065.032, 103
Trd, 8639065.982, 71
Trd, 8639066.332, 72
Trd, 8639066.782, 88
Trd, 8639068.682, 136
Trd, 8639068.932, 124
Trd, 8639069.782, 101
Trd, 8639070.532, 108
Trd, 8639070.882, 97
Trd, 8639071.032, 69
Trd, 8639071.082, 77
Trd, 8639073.582, 74
Trd, 8639073.632, 68
Trd, 8639073.832, 92
Trd, 8639074.782, 61
Trd, 8639075.582, 80
Trd, 8639076.032, 88
Trd, 8639076.482, 118
Trd, 8639077.482, 126
Trd, 8639077.632, 99
Trd, 8639079.332, 101
Trd, 8639080.882, 136
Trd, 8639082.382, 100
Trd, 8639083.132, 115
Trd, 8639083.332, 82
Trd, 8639084.232, 100
Trd, 8639084.332, 88
Trd, 8639084.582, 70
Trd, 8639085.732, 126
Trd, 8639087.182, 102
Trd, 8639088.882, 83
Trd, 8639089.382, 66
Trd, 8639090.482, 113
Trd, 8639091.582, 110
Trd, 8639092.332, 101
Trd, 8639092.482, 96
Trd, 8639094.832, 103
Trd, 8639095.082, 104
Trd, 8639095.382, 102
Trd, 8639095.432, 101
Trd, 8639096.582, 101
Trd, 8639097.332, 108
Trd, 8639097.882, 96
Trd, 8639098.432, 102
Trd, 8639099.182, 99
Trd, 8639100.432, 94
Trd, 8639101.632, 110
Trd, 8639101.932, 116
Trd, 8639102.732, 82
Trd, 8639102.832, 122
Trd, 8639104.632, 97
Trd, 8639105.132, 91
Trd, 8639105.532, 107
Trd, 8639107.232, 113
Trd, 8639107.332, 133
Trd, 8639107.482, 89
Trd, 8639107.882, 112
Trd, 8639109.432, 89
Trd, 8639110.932, 111
Trd, 8639111.782, 121
Trd, 8639112.132, 115
Trd, 8639112.482, 139
Trd, 8639113.082, 117
Trd, 8639114.732, 130
Trd, 8639115.282, 122
Trd, 8639116.782, 87
Trd, 8639117.482, 105
Trd, 8639117.782, 94
Trd, 8639118.632, 70
Trd, 8639119.032, 83
Trd, 8639120.532, 120
Trd, 8639120.832, 112
Trd, 8639121.782, 127
Trd, 8639123.082, 132
Trd, 8639123.132, 113
Trd, 8639123.782, 115
Trd, 8639124.582, 113
Trd, 8639125.582, 91
Trd, 8639126.482, 121
Trd, 8639126.582, 94
Trd, 8639127.432, 76
Trd, 8639128.282, 107
Trd, 8639129.232, 93
Trd, 8639130.682, 128
Trd, 8639131.332, 90
Trd, 8639133.832, 89
Trd, 8639135.482, 108
Trd, 8639135.682, 72
Trd, 8639136.282, 82
Trd, 8639137.682, 99
Trd, 8639137.782, 97
Trd, 8639138.332, 106
Trd, 8639139.932, 102
Trd, 8639140.632, 81
Trd, 8639140.982, 97
Trd, 8639141.082, 87
Trd, 8639143.982, 115
Trd, 8639144.482, 105
Trd, 8639145.732, 93
Trd, 8639146.432, 96
Trd, 8639146.732, 105
Trd, 8639147.732, 79
Trd, 8639147.782, 105
Trd, 8639148.482, 121
Trd, 8639149.732, 73
Trd, 8639149.982, 114
Trd, 8639150.032, 121
Trd, 8639151.132, 96
Trd, 8639153.032, 68
Trd, 8639153.482, 66
Trd, 8639154.682, 86
Trd, 8639155.132, 110
Trd, 8639155.982, 125
Trd, 8639158.032, 113
Trd, 8639159.482, 104
Trd, 8639160.132, 135
Trd, 8639161.082, 123
Trd, 8639161.882, 107
Trd, 8639162.082, 121
Trd, 8639162.182, 107
Trd, 8639163.232, 97
Trd, 8639164.782, 120
Trd, 8639165.032, 101
Trd, 8639165.282, 103
Trd, 8639166.232, 126
Trd, 8639167.082, 135
Trd, 8639168.332, 88
Trd, 8639169.232, 81
Trd, 8639170.632, 98
Trd, 8639170.982, 108
Trd, 8639171.482, 77
Trd, 8639172.732, 87
Trd, 8639172.982, 81
Trd, 8639173.532, 74
Trd, 8639174.332, 92
Trd, 8639174.382, 109
Trd, 8639175.932, 129
Trd, 8639176.282, 106
Trd, 8639176.432, 118
Trd, 8639176.832, 84
Trd, 8639177.532, 114
Trd, 8639178.182, 103
Trd, 8639178.282, 85
Trd, 8639179.532, 130
Trd, 8639180.732, 91
Trd, 8639180.782, 91
Trd, 8639182.032, 133
Trd, 8639183.132, 102
Trd, 8639184.382, 101
Trd, 8639185.732, 129
Trd, 8639186.032, 117
Trd, 8639187.482, 121
Trd, 8639187.682, 114
Trd, 8639188.132, 115
Trd, 8639189.582, 97
Trd, 8639189.882, 107
Trd, 8639191.032, 110
Trd, 8639191.232, 84
Trd, 8639191.432, 123
Trd, 8639192.132, 73
Trd, 8639192.532, 117
Trd, 8639193.182, 71
Trd, 8639195.932, 69
Trd, 8639196.432, 94
Trd, 8639196.882, 82
Trd, 8639197.332, 69
Trd, 8639198.632, 101
Trd, 8639201.532, 65
Trd, 8639202.382, 115
Trd, 8639202.982, 97
Trd, 8639203.482, 96
Trd, 8639203.532, 95
Trd, 8639205.232, 86
Trd, 8639206.182, 62
Trd, 8639207.282, 73
Trd, 8639207.582, 106
Trd, 8639207.782, 98
Trd, 8639208.832, 102
Trd, 8639208.882, 100
Trd, 8639210.432, 84
Trd, 8639211.482, 113
Trd, 8639211.582, 107
Trd, 8639212.232, 94
Trd, 8639212.882, 99
Trd, 8639214.432, 104
Trd, 8639214.632, 138
Trd, 8639214.932, 98
Trd, 8639215.532, 98
Trd, 8639215.782, 110
Trd, 8639218.082, 93
Trd, 8639218.782, 109
Trd, 8639219.232, 111
Trd, 8639219.732, 77
Trd, 8639219.782, 86
Trd, 8639220.082, 116
Trd, 8639220.632, 98
Trd, 8639221.032, 108
Trd, 8639222.332, 94
Trd, 8639223.682, 87
Trd, 8639224.582, 91
Trd, 8639224.782, 67
Trd, 8639226.982, 108
Trd, 8639227.532, 105
Trd, 8639227.682, 98
Trd, 8639228.282, 135
Trd, 8639229.282, 82
Trd, 8639230.482, 126
Trd, 8639230.932, 92
Trd, 8639231.332, 140
Trd, 8639231.432, 127
Trd, 8639231.682, 98
Trd, 8639232.532, 133
Trd, 8639234.532, 98
Trd, 8639234.882, 84
Trd, 8639236.882, 111
Trd, 8639237.632, 130
Trd, 8639237.732, 102
Trd, 8639237.932, 100
Trd, 8639238.882, 107
Trd, 8639240.832, 131
Trd, 8639241.132, 120
Trd, 8639242.632, 130
Trd, 8639242.732, 109
Trd, 8639245.132, 102
Trd, 8639245.682, 115
Trd, 8639246.132, 95
Trd, 8639246.182, 114
Trd, 8639246.332, 94
Trd, 8639247.782, 100
Trd, 8639249.532, 101
Trd, 8639250.282, 113
Trd, 8639251.882, 104
Trd, 8639252.432, 108
Trd, 8639253.182, 119
Trd, 8639254.282, 86
Trd, 8639255.082, 102
Trd, 8639255.482, 127
Trd, 8639256.232, 118
Trd, 8639257.182, 112
Trd, 8639258.332, 104
Trd, 8639259.932, 105
Trd, 8639260.932, 86
Trd, 8639261.482, 97
Trd, 8639262.432, 87
Trd, 8639263.232, 106
Trd, 8639263.682, 78
Trd, 8639263.982, 120
Trd, 8639264.432, 89
Trd, 8639266.032, 125
Trd, 8639267.282, 103
Trd, 8639267.582, 140
Trd, 8639267.832, 93
Trd, 8639268.132, 91
Trd, 8639268.432, 87
Trd, 8639269.132, 73
Trd, 8639270.432, 89
Trd, 8639271.182, 124
Trd, 8639271.732, 94
Trd, 8639272.432, 83
Trd, 8639272.932, 103
Trd, 8639273.532, 126
Trd, 8639274.482, 99
Trd, 8639274.882, 76
Trd, 8639277.082, 118
Trd, 8639278.182, 108
Trd, 8639278.432, 98
Trd, 8639279.132, 105
Trd, 8639279.232, 78
Trd, 8639280.582, 137
Trd, 8639281.482, 124
Trd, 8639281.782, 100
Trd, 8639281.832, 92
Trd, 8639283.882, 117
Trd, 8639284.182, 115
Trd, 8639284.282, 99
Trd, 8639284.932, 105
Trd, 8639286.732, 92
Trd, 8639288.832, 118
Trd, 8639289.082, 117
Trd, 8639289.882, 114
Trd, 8639290.232, 112
Trd, 8639290.882, 101
Trd, 8639291.532, 108
Trd, 8639292.782, 107
Trd, 8639293.132, 104
Trd, 8639293.782, 107
Trd, 8639294.082, 107
Trd, 8639295.682, 60
Trd, 8639296.882, 138
Trd, 8639297.232, 129
Trd, 8639298.132, 122
Trd, 8639298.832, 109
Trd, 8639300.482, 84
Trd, 8639300.782, 120
Trd, 8639300.982, 108
Trd, 8639301.182, 77
Trd, 8639301.932, 120
Trd, 8639303.182, 96
Trd, 8639304.682, 107
Trd, 8639305.682, 96
Trd, 8639307.182, 123
Trd, 8639307.882, 108
Trd, 8639309.032, 133
Trd, 8639309.332, 97
Trd, 8639309.882, 136
Trd, 8639310.532, 112
Trd, 8639310.682, 92
Trd, 8639310.782, 92
Trd, 8639312.732, 140
Trd, 8639313.782, 121
Trd, 8639314.382, 113
Trd, 8639315.082, 99
Trd, 8639315.982, 139
Trd, 8639317.382, 107
Trd, 8639317.432, 78
Trd, 8639318.932, 85
Trd, 8639320.282, 96
Trd, 8639320.782, 105
Trd, 8639321.882, 73
Trd, 8639322.682, 62
Trd, 8639322.982, 103
Trd, 8639323.632, 96
Trd, 8639324.582, 76
Trd, 8639326.032, 124
Trd, 8639326.082, 122
Trd, 8639327.182, 108
Trd, 8639328.682, 92
Trd, 8639330.832, 70
Trd, 8639331.982, 64
Trd, 8639332.032, 88
Trd, 8639332.882, 93
Trd, 8639333.382, 106
Trd, 8639333.982, 131
Trd, 8639335.332, 103
Trd, 8639337.882, 105
Trd, 8639338.782, 93
Trd, 8639339.332, 129
Trd, 8639340.232, 120
Trd, 8639342.482, 123
Trd, 8639342.682, 126
Trd, 8639342.732, 120
Trd, 8639344.332, 119
Trd, 8639345.232, 108
Trd, 8639345.482, 81
Trd, 8639346.282, 86
Trd, 8639346.632, 125
Trd, 8639348.382, 113
Trd, 8639349.582, 136
Trd, 8639349.732, 103
Trd, 8639350.132, 98
Trd, 8639350.482, 96
Trd, 8639350.782, 111
Trd, 8639351.482, 122
Trd, 8639351.782, 94
Trd, 8639351.832, 90
Trd, 8639352.282, 93
Trd, 8639354.182, 94
Trd, 8639355.682, 76
Trd, 8639355.782, 104
Trd, 8639357.132, 93
Trd, 8639357.682, 105
Trd, 8639358.332, 112
Trd, 8639358.432, 109
Trd, 8639358.532, 115
Trd, 8639359.982, 97
Trd, 8639360.182, 97
Trd, 8639361.332, 87
Trd, 8639361.982, 113
Trd, 8639362.182, 105
Trd, 8639362.632, 92
Trd, 8639363.032, 94
Trd, 8639363.582, 95
Trd, 8639363.832, 76
Trd, 8639365.982, 93
Trd, 8639367.632, 118
Trd, 8639368.382, 115
Trd, 8639369.732, 113
Trd, 8639370.432, 106
Trd, 8639371.082, 89
Trd, 8639373.332, 138
Trd, 8639373.532, 138
Trd, 8639373.932, 126
Trd, 8639374.582, 102
Trd, 8639375.882, 133
Trd, 8639376.232, 112
Trd, 8639377.132, 129
Trd, 8639377.432, 124
Trd, 8639378.482, 117
Trd, 8639379.132, 114
Trd, 8639379.782, 117
Trd, 8639379.932, 109
Trd, 8639381.032, 96
Trd, 8639381.732, 116
Trd, 8639382.032, 115
Trd, 8639384.032, 124
Trd, 8639385.132, 83
Trd, 8639385.882, 68
Trd, 8639387.632, 97
Trd, 8639387.832, 82
Trd, 8639388.532, 79
Trd, 8639389.432, 74
Trd, 8639389.832, 119
Trd, 8639390.482, 91
Trd, 8639390.682, 68
Trd, 8639391.682, 105
Trd, 8639392.182, 76
Trd, 8639394.482, 115
Trd, 8639394.582, 93
Trd, 8639396.382, 102
Trd, 8639398.482, 93
Trd, 8639398.932, 112
Trd, 8639399.682, 129
Trd, 8639401.382, 118
Trd, 8639401.632, 105
Trd, 8639402.282, 96
Trd, 8639402.632, 103
Trd, 8639404.482, 101
Trd, 8639405.032, 92
Trd, 8639406.432, 107
Trd, 8639406.832, 110
Trd, 8639407.332, 95
Trd, 8639408.382, 97
Trd, 8639408.632, 79
Trd, 8639409.032, 77
Trd, 8639410.032, 67
Trd, 8639411.532, 105
Trd, 8639413.182, 91
Trd, 8639413.582, 82
Trd, 8639415.032, 65
Trd, 8639416.082, 68
Trd, 8639416.132, 75
Trd, 8639417.332, 112
Trd, 8639417.782, 77
Trd, 8639418.032, 65
Trd, 8639418.632, 95
Trd, 8639418.882, 95
Trd, 8639419.082, 88
Trd, 8639420.732, 122
Trd, 8639421.032, 103
Trd, 8639421.732, 68
Trd, 8639422.482, 97
Trd, 8639424.082, 117
Trd, 8639425.082, 97
Trd, 8639426.782, 90
Trd, 8639426.932, 89
Trd, 8639427.332, 82
Trd, 8639428.232, 77
Trd, 8639428.582, 87
Trd, 8639430.932, 136
Trd, 8639431.382, 111
Trd, 8639431.632, 104
Trd, 8639432.082, 137
Trd, 8639432.832, 105
Trd, 8639433.182, 102
Trd, 8639433.732, 107
Trd, 8639433.882, 84
Trd, 8639434.932, 123
Trd, 8639435.232, 137
Trd, 8639435.382, 103
Trd, 8639436.132, 100
Trd, 8639437.182, 127
Trd, 8639438.282, 129
Trd, 8639438.632, 126
Trd, 8639440.432, 110
Trd, 8639440.882, 118
Trd, 8639440.932, 115
Trd, 8639441.332, 107
Trd, 8639441.482, 104
Trd, 8639441.982, 95
Trd, 8639443.582, 108
Trd, 8639444.582, 102
Trd, 8639444.782, 106
Trd, 8639444.982, 90
Trd, 8639445.582, 89
Trd, 8639445.682, 85
Trd, 8639447.282, 99
Trd, 8639448.982, 122
Trd, 8639449.932, 98
Trd, 8639450.532, 113
Trd, 8639450.832, 98
Trd, 8639450.932, 96
Trd, 8639451.282, 84
Trd, 8639451.432, 76
Trd, 8639454.032, 133
Trd, 8639454.132, 129
Trd, 8639454.532, 129
Trd, 8639454.632, 110
Trd, 8639454.832, 85
Trd, 8639455.882, 118
Trd, 8639456.832, 113
Trd, 8639458.082, 126
Trd, 8639459.382, 120
Trd, 8639460.082, 109
Trd, 8639461.082, 104
Trd, 8639462.182, 130
Trd, 8639462.232, 113
Trd, 8639463.932, 132
Trd, 8639464.682, 129
Trd, 8639466.682, 136
Trd, 8639467.032, 123
Trd, 8639467.882, 122
Trd, 8639468.782, 116
Trd, 8639468.832, 95
Trd, 8639469.132, 94
Trd, 8639469.632, 109
Trd, 8639470.632, 117
Trd, 8639472.182, 115
Trd, 8639472.282, 97
Trd, 8639473.982, 110
Trd, 8639474.132, 126
Trd, 8639475.232, 116
Trd, 8639475.632, 100
Trd, 8639475.982, 91
Trd, 8639477.282, 139
Trd, 8639477.832, 110
Trd, 8639478.482, 102
Trd, 8639478.532, 92
Trd, 8639478.682, 79
Trd, 8639480.882, 110
Trd, 8639482.282, 99
Trd, 8639484.082, 126
Trd, 8639484.132, 112
Trd, 8639484.982, 84
Trd, 8639485.332, 91
Trd, 8639485.382, 77
Trd, 8639486.782, 83
Trd, 8639488.132, 116
Trd, 8639489.682, 78
Trd, 8639489.782, 123
Trd, 8639490.032, 68
Trd, 8639490.232, 61
Trd, 8639490.582, 124
Trd, 8639491.782, 105
Trd, 8639492.882, 123
Trd, 8639494.032, 89
Trd, 8639494.082, 84
Trd, 8639496.032, 92
Trd, 8639496.682, 78
Trd, 8639497.082, 92
Trd, 8639498.182, 70
Trd, 8639498.232, 102
Trd, 8639498.732, 111
Trd, 8639499.132, 136
Trd, 8639500.082, 99
Trd, 8639501.632, 95
Trd, 8639503.532, 118
Trd, 8639503.932, 131
Trd, 8639504.332, 102
Trd, 8639506.082, 138
Trd, 8639507.582, 119
Trd, 8639508.582, 93
Trd, 8639509.682, 102
Trd, 8639510.982, 116
Trd, 8639511.132, 137
Trd, 8639511.782, 119
Trd, 8639513.382, 132
Trd, 8639513.682, 122
Trd, 8639515.032, 122
Trd, 8639515.632, 107
Trd, 8639516.182, 138
Trd, 8639516.682, 84
Trd, 8639518.182, 99
Trd, 8639518.982, 85
Trd, 8639519.082, 96
Trd, 8639519.832, 120
Trd, 8639520.782, 79
Trd, 8639521.082, 98
Trd, 8639521.832, 81
Trd, 8639523.532, 108
Trd, 8639523.782, 68
Trd, 8639524.282, 74
Trd, 8639524.432, 72
Trd, 8639524.682, 86
Trd, 8639525.832, 101
Trd, 8639526.232, 102
Trd, 8639527.932, 113
Trd, 8639528.882, 101
Trd, 8639528.932, 96
Trd, 8639529.732, 129
Trd, 8639530.182, 92
Trd, 8639530.732, 107
Trd, 8639530.982, 102
Trd, 8639532.382, 95
Trd, 8639533.282, 99
Trd, 8639534.182, 124
Trd, 8639534.432, 93
Trd, 8639534.732, 129
Trd, 8639535.982, 124
Trd, 8639536.482, 100
Trd, 8639537.032, 96
Trd, 8639538.232, 130
Trd, 8639538.432, 121
Trd, 8639538.832, 106
Trd, 8639539.232, 85
Trd, 8639540.082, 103
Trd, 8639540.432, 92
Trd, 8639541.382, 109
Trd, 8639543.232, 113
Trd, 8639545.032, 103
Trd, 8639545.332, 81
Trd, 8639545.932, 111
Trd, 8639546.882, 97
Trd, 8639546.982, 80
Trd, 8639547.082, 99
Trd, 8639547.882, 106
Trd, 8639548.282, 88
Trd, 8639549.532, 90
Trd, 8639550.982, 133
Trd, 8639551.432, 112
Trd, 8639551.882, 106
Trd, 8639551.932, 89
Trd, 8639552.832, 128
Trd, 8639554.232, 127
Trd, 8639554.332, 109
Trd, 8639555.632, 93
Trd, 8639557.932, 92
Trd, 8639557.982, 103
Trd, 8639558.132, 82
Trd, 8639558.682, 87
Trd, 8639559.132, 111
Trd, 8639560.432, 123
Trd, 8639561.832, 106
Trd, 8639562.032, 80
Trd, 8639562.682, 119
Trd, 8639562.982, 75
Trd, 8639564.782, 93
Trd, 8639565.432, 135
Trd, 8639565.832, 96
Trd, 8639566.332, 96
Trd, 8639566.382, 95
Trd, 8639569.282, 76
Trd, 8639569.332, 135
Trd, 8639570.432, 120
Trd, 8639571.332, 98
Trd, 8639571.482, 95
Trd, 8639572.282, 94
Trd, 8639572.482, 73
Trd, 8639572.982, 80
Trd, 8639575.682, 89
Trd, 8639575.732, 89
Trd, 8639576.332, 117
Trd, 8639576.732, 92
Trd, 8639577.132, 85
Trd, 8639578.582, 88
Trd, 8639579.032, 117
Trd, 8639579.932, 136
Trd, 8639580.682, 139
Trd, 8639580.782, 107
Trd, 8639583.082, 122
Trd, 8639583.632, 110
Trd, 8639583.982, 123
Trd, 8639584.032, 105
Trd, 8639584.882, 91
Trd, 8639586.882, 136
Trd, 8639587.032, 109
Trd, 8639587.732, 122
Trd, 8639590.782, 83
Trd, 8639591.882, 112
Trd, 8639592.232, 95
Trd, 8639592.532, 86
Trd, 8639592.832, 106
Trd, 8639594.882, 77
Trd, 8639595.382, 83
Trd, 8639595.682, 81
Trd, 8639595.982, 115
Trd, 8639596.332, 109
Trd, 8639597.432, 73
Trd, 8639598.882, 121
Trd, 8639600.832, 123
Trd, 8639601.632, 102
Trd, 8639601.982, 106
Trd, 8639602.932, 118
Trd, 8639603.332, 98
Trd, 8639603.532, 108
Trd, 8639605.032, 124
Trd, 8639605.232, 93
Trd, 8639606.532, 88
Trd, 8639606.732, 97
Trd, 8639606.782, 105
Trd, 8639608.432, 65
Trd, 8639609.582, 114
Trd, 8639611.082, 92
Trd, 8639611.282, 74
Trd, 8639611.782, 69
Trd, 8639611.982, 78
Trd, 8639612.082, 75
Trd, 8639613.132, 115
Trd, 8639614.732, 127
Trd, 8639615.482, 88
Trd, 8639616.932, 103
Trd, 8639617.482, 128
Trd, 8639617.632, 113
Trd, 8639618.782, 128
Trd, 8639618.982, 111
Trd, 8639619.432, 97
Trd, 8639620.882, 134
Trd, 8639621.382, 84
Trd, 8639621.732, 78
Trd, 8639622.132, 85
Trd, 8639622.382, 118
Trd, 8639622.882, 113
Trd, 8639625.782, 118
Trd, 8639625.932, 94
Trd, 8639626.432, 89
Trd, 8639626.732, 76
Trd, 8639628.282, 113
Trd, 8639629.032, 91
Trd, 8639630.632, 117
Trd, 8639631.032, 114
Trd, 8639631.332, 95
Trd, 8639631.432, 95
Trd, 8639632.382, 111
Trd, 8639632.482, 125
Trd, 8639634.732, 78
Trd, 8639634.882, 82
Trd, 8639635.682, 74
Trd, 8639635.882, 74
Trd, 8639636.182, 95
Trd, 8639636.882, 101
Trd, 8639639.482, 100
Trd, 8639640.782, 112
Trd, 8639641.082, 109
Trd, 8639641.432, 102
Trd, 8639643.182, 139
Trd, 8639644.582, 117
Trd, 8639645.432, 122
Trd, 8639645.482, 88
Trd, 8639645.782, 73
Trd, 8639646.332, 79
Trd, 8639646.632, 72
Trd, 8639648.482, 97
Trd, 8639649.582, 132
Trd, 8639649.832, 111
Trd, 8639650.282, 126
Trd, 8639651.032, 114
Trd, 8639652.782, 101
Trd, 8639652.982, 93
Trd, 8639654.082, 121
Trd, 8639655.132, 114
Trd, 8639656.432, 122
Trd, 8639656.632, 99
Trd, 8639656.882, 140
Trd, 8639658.132, 124
Trd, 8639658.432, 114
Trd, 8639659.532, 106
Trd, 8639659.782, 98
Trd, 8639660.682, 136
Trd, 8639662.082, 132
Trd, 8639663.232, 79
Trd, 8639663.932, 84
Trd, 8639663.982, 78
Trd, 8639666.182, 87
Trd, 8639666.382, 124
Trd, 8639666.882, 86
Trd, 8639666.982, 101
Trd, 8639667.232, 88
Trd, 8639667.982, 121
Trd, 8639668.082, 108
Trd, 8639669.632, 115
Trd, 8639669.782, 112
Trd, 8639672.032, 114
Trd, 8639672.332, 97
Trd, 8639672.632, 122
Trd, 8639672.832, 116
Trd, 8639673.432, 116
Trd, 8639674.382, 116
Trd, 8639674.532, 88
Trd, 8639674.682, 81
Trd, 8639676.132, 108
Trd, 8639678.232, 118
Trd, 8639678.982, 114
Trd, 8639679.832, 101
Trd, 8639680.982, 105
Trd, 8639681.732, 105
Trd, 8639682.032, 128
Trd, 8639682.582, 100
Trd, 8639683.082, 88
Trd, 8639683.632, 89
Trd, 8639683.932, 110
Trd, 8639684.832, 72
Trd, 8639685.032, 121
Trd, 8639685.682, 71
Trd, 8639688.182, 78
Trd, 8639688.382, 60
Trd, 8639688.782, 81
Trd, 8639689.032, 75
Trd, 8639690.232, 74
Trd, 8639691.482, 139
Trd, 8639692.632, 115
Trd, 8639693.982, 100
Trd, 8639694.482, 107
Trd, 8639694.832, 92
Trd, 8639694.882, 72
Trd, 8639696.032, 86
Trd, 8639696.782, 76
Trd, 8639697.082, 97
Trd, 8639697.482, 96
Trd, 8639697.732, 78
Trd, 8639698.332, 118
Trd, 8639698.882, 71
Trd, 8639699.982, 77
Trd, 8639700.832, 95
Trd, 8639701.382, 91
Trd, 8639705.182, 129
Trd, 8639705.832, 115
Trd, 8639705.932, 110
Trd, 8639706.082, 104
Trd, 8639706.832, 102
Trd, 8639707.832, 85
Trd, 8639708.932, 114
Trd, 8639709.482, 111
Trd, 8639709.582, 102
Trd, 8639709.682, 93
Trd, 8639711.332, 109
Trd, 8639711.382, 98
Trd, 8639713.182, 121
Trd, 8639713.332, 95
Trd, 8639714.132, 76
Trd, 8639714.982, 101
Trd, 8639715.582, 86
Trd, 8639715.982, 124
Trd, 8639716.932, 98
Trd, 8639718.282, 122
Trd, 8639718.882, 108
Trd, 8639719.582, 106
Trd, 8639720.782, 114
Trd, 8639722.382, 99
Trd, 8639722.982, 112
Trd, 8639723.132, 111
Trd, 8639723.732, 133
Trd, 8639723.932, 103
Trd, 8639724.132, 108
Trd, 8639725.032, 98
Trd, 8639727.082, 128
Trd, 8639727.132, 116
Trd, 8639727.732, 100
Trd, 8639729.032, 90
Trd, 8639729.532, 86
Trd, 8639730.132, 140
Trd, 8639730.482, 126
Trd, 8639730.982, 113
Trd, 8639734.082, 82
Trd, 8639734.132, 64
Trd, 8639734.732, 79
Trd, 8639735.382, 86
Trd, 8639735.482, 108
Trd, 8639736.582, 99
Trd, 8639737.832, 90
Trd, 8639738.482, 97
Trd, 8639739.732, 133
Trd, 8639740.282, 126
Trd, 8639740.582, 91
Trd, 8639742.932, 115
Trd, 8639744.032, 112
Trd, 8639744.082, 91
Trd, 8639744.832, 120
Trd, 8639745.932, 104
Trd, 8639746.532, 122
Trd, 8639747.632, 136
Trd, 8639749.532, 129
Trd, 8639749.782, 93
Trd, 8639750.032, 108
Trd, 8639751.982, 111
Trd, 8639752.182, 109
Trd, 8639752.632, 109
Trd, 8639754.232, 108
Trd, 8639755.282, 118
Trd, 8639755.782, 125
Trd, 8639757.232, 117
Trd, 8639758.682, 129
Trd, 8639759.082, 90
Trd, 8639759.282, 89
Trd, 8639759.732, 78
Trd, 8639762.082, 120
Trd, 8639762.182, 120
Trd, 8639763.082, 126
Trd, 8639765.082, 122
Trd, 8639765.232, 121
Trd, 8639765.682, 106
Trd, 8639765.982, 76
Trd, 8639766.882, 83
Trd, 8639767.182, 87
Trd, 8639768.582, 83
Trd, 8639769.682, 90
Trd, 8639769.782, 70
Trd, 8639772.682, 90
Trd, 8639773.032, 89
Trd, 8639773.282, 86
Trd, 8639774.032, 71
Trd, 8639774.332, 64
Trd, 8639776.832, 98
Trd, 8639776.882, 90
Trd, 8639777.032, 109
Trd, 8639777.282, 102
Trd, 8639777.782, 87
Trd, 8639778.182, 102
Trd, 8639778.982, 85
Trd, 8639780.632, 122
Trd, 8639782.182, 118
Trd, 8639782.782, 117
Trd, 8639783.532, 120
Trd, 8639783.632, 99
Trd, 8639785.182, 131
Trd, 8639785.232, 105
Trd, 8639785.332, 101
Trd, 8639788.082, 123
Trd, 8639788.582, 111
Trd, 8639789.432, 90
Trd, 8639790.882, 116
Trd, 8639791.732, 109
Trd, 8639792.382, 99
Trd, 8639792.832, 115
Trd, 8639794.082, 93
Trd, 8639794.782, 87
Trd, 8639794.982, 91
Trd, 8639795.732, 90
Trd, 8639796.832, 119
Trd, 8639798.332, 132
Trd, 8639798.732, 103
Trd, 8639799.532, 105
Trd, 8639799.932, 94
Trd, 8639800.182, 85
Trd, 8639800.882, 104
Trd, 8639802.132, 112
Trd, 8639802.432, 105
Trd, 8639804.582, 111
Trd, 8639805.182, 103
Trd, 8639805.382, 104
Trd, 8639806.782, 115
Trd, 8639807.882, 101
Trd, 8639809.482, 104
Trd, 8639809.732, 103
Trd, 8639810.182, 98
Trd, 8639810.282, 118
Trd, 8639810.882, 90
Trd, 8639811.682, 68
Trd, 8639813.082, 109
Trd, 8639813.382, 75
Trd, 8639813.482, 117
Trd, 8639815.082, 69
Trd, 8639815.932, 79
Trd, 8639816.982, 98
Trd, 8639817.582, 93
Trd, 8639820.032, 118
Trd, 8639820.632, 117
Trd, 8639821.482, 134
Trd, 8639821.832, 114
Trd, 8639822.032, 128
Trd, 8639823.732, 67
Trd, 8639824.382, 90
Trd, 8639825.832, 103
Trd, 8639827.132, 105
Trd, 8639828.582, 85
Trd, 8639829.232, 93
Trd, 8639830.832, 97
Trd, 8639831.882, 103
Trd, 8639832.382, 86
Trd, 8639833.132, 96
Trd, 8639833.232, 81
Trd, 8639834.682, 104
Trd, 8639836.232, 129
Trd, 8639836.432, 126
Trd, 8639836.582, 117
Trd, 8639838.182, 102
Trd, 8639838.532, 101
Trd, 8639838.982, 91
Trd, 8639839.232, 86
Trd, 8639839.732, 81
Trd, 8639840.282, 130
Trd, 8639841.132, 89
Trd, 8639842.332, 93
Trd, 8639842.482, 96
Trd, 8639844.082, 128
Trd, 8639844.132, 118
Trd, 8639844.232, 115
Trd, 8639844.382, 114
Trd, 8639845.032, 85
Trd, 8639845.132, 79
Trd, 8639845.682, 108
Trd, 8639847.132, 107
Trd, 8639849.682, 127
Trd, 8639850.082, 125
Trd, 8639850.382, 116
Trd, 8639850.832, 83
Trd, 8639851.182, 138
Trd, 8639852.732, 128
Trd, 8639853.432, 109
Trd, 8639853.482, 104
Trd, 8639854.532, 114
Trd, 8639855.282, 92
Trd, 8639856.282, 94
Trd, 8639857.282, 107
Trd, 8639858.432, 109
Trd, 8639858.782, 93
Trd, 8639859.732, 82
Trd, 8639860.132, 126
Trd, 8639860.782, 134
Trd, 8639861.182, 123
Trd, 8639861.832, 115
Trd, 8639864.082, 90
Trd, 8639864.382, 79
Trd, 8639864.932, 129
Trd, 8639866.732, 136
Trd, 8639867.932, 126
Trd, 8639867.982, 109
Trd, 8639868.082, 108
Trd, 8639868.132, 104
Trd, 8639868.382, 121
Trd, 8639869.932, 120
Trd, 8639871.282, 120
Trd, 8639871.782, 105
Trd, 8639872.432, 95
Trd, 8639872.682, 72
Trd, 8639874.082, 123
Trd, 8639875.632, 114
Trd, 8639876.432, 138
Trd, 8639876.482, 111
Trd, 8639878.032, 126
Trd, 8639878.532, 123
Trd, 8639879.332, 117
Trd, 8639881.132, 110
Trd, 8639881.632, 129
Trd, 8639882.982, 103
Trd, 8639883.732, 118
Trd, 8639885.282, 92
Trd, 8639886.532, 109
Trd, 8639886.682, 100
Trd, 8639886.982, 90
Trd, 8639888.282, 106
Trd, 8639889.232, 92
Trd, 8639889.932, 133
Trd, 8639890.282, 108
Trd, 8639890.582, 97
Trd, 8639891.082, 83
Trd, 8639892.282, 95
Trd, 8639892.932, 99
Trd, 8639893.432, 103
Trd, 8639893.582, 100
Trd, 8639893.882, 95
Trd, 8639894.982, 131
Trd, 8639896.482, 112
Trd, 8639897.782, 116
Trd, 8639898.682, 137
Trd, 8639899.482, 117
Trd, 8639899.782, 129
Trd, 8639900.032, 110
Trd, 8639900.532, 103
Trd, 8639901.782, 86
Trd, 8639902.282, 117
Trd, 8639903.232, 137
Trd, 8639904.382, 117
Trd, 8639904.432, 113
Trd, 8639904.832, 95
Trd, 8639905.082, 72
Trd, 8639906.932, 101
Trd, 8639908.332, 117
Trd, 8639909.682, 109
Trd, 8639909.782, 103
Trd, 8639910.732, 118
Trd, 8639911.182, 107
Trd, 8639911.582, 74
Trd, 8639911.682, 110
Trd, 8639911.982, 72
Trd, 8639912.282, 117
Trd, 8639914.782, 109
Trd, 8639915.182, 104
Trd, 8639915.382, 89
Trd, 8639916.232, 100
Trd, 8639916.882, 107
Trd, 8639916.982, 85
Trd, 8639917.332, 69
Trd, 8639917.932, 137
Trd, 8639918.732, 116
Trd, 8639920.282, 87
Trd, 8639920.632, 77
Trd, 8639921.482, 78
Trd, 8639922.232, 64
Trd, 8639922.832, 107
Trd, 8639923.282, 75
Trd, 8639924.432, 88
Trd, 8639925.582, 78
Trd, 8639926.432, 103
Trd, 8639927.732, 110
Trd, 8639928.432, 117
Trd, 8639928.732, 104
Trd, 8639929.882, 104
Trd, 8639930.332, 88
Trd, 8639930.982, 99
Trd, 8639931.282, 64
Trd, 8639931.432, 100
Trd, 8639931.732, 113
Trd, 8639932.582, 120
Trd, 8639933.732, 89
Trd, 8639934.332, 64
Trd, 8639935.032, 107
Trd, 8639936.432, 124
Trd, 8639937.382, 116
Trd, 8639937.682, 130
Trd, 8639940.082, 85
Trd, 8639940.732, 98
Trd, 8639941.182, 96
Trd, 8639942.182, 68
Trd, 8639942.532, 88
Trd, 8639944.282, 119
Trd, 8639944.682, 114
Trd, 8639945.882, 108
Trd, 8639946.282, 101
Trd, 8639947.182, 120
Trd, 8639947.282, 79
Trd, 8639947.732, 65
Trd, 8639948.882, 77
Trd, 8639949.982, 77
Trd, 8639950.632, 67
Trd, 8639951.132, 69
Trd, 8639951.482, 80
Trd, 8639953.482, 72
Trd, 8639953.882, 112
Trd, 8639953.982, 114
Trd, 8639955.332, 103
Trd, 8639955.382, 92
Trd, 8639955.532, 91
Trd, 8639956.132, 126
Trd, 8639957.082, 140
Trd, 8639957.882, 78
Trd, 8639958.632, 71
Trd, 8639958.682, 88
Trd, 8639960.632, 83
Trd, 8639960.682, 85
Trd, 8639961.332, 97
Trd, 8639962.432, 97
Trd, 8639963.132, 110
Trd, 8639963.482, 130
Trd, 8639964.282, 135
Trd, 8639965.332, 98
Trd, 8639965.432, 92
Trd, 8639965.732, 79
Trd, 8639966.782, 93
Trd, 8639967.132, 84
Trd, 8639967.732, 68
Trd, 8639967.832, 84
Trd, 8639969.682, 84
Trd, 8639970.132, 72
Trd, 8639971.082, 129
Trd, 8639971.132, 125
Trd, 8639972.532, 98
Trd, 8639972.582, 104
Trd, 8639972.882, 91
Trd, 8639973.882, 139
Trd, 8639975.232, 120
Trd, 8639975.432, 103
Trd, 8639976.032, 82
Trd, 8639976.182, 78
Trd, 8639976.932, 78
Trd, 8639977.532, 101
Trd, 8639978.432, 103
Trd, 8639981.482, 115
Trd, 8639982.232, 113
Trd, 8639982.332, 106
Trd, 8639983.082, 102
Trd, 8639983.332, 86
Trd, 8639985.232, 75
Trd, 8639985.282, 111
Trd, 8639986.282, 107
Trd, 8639987.882, 83
Trd, 8639988.432, 86
Trd, 8639989.732, 140
Trd, 8639989.832, 108
Trd, 8639991.082, 99
Trd, 8639991.332, 101
Trd, 8639991.782, 126
Trd, 8639992.932, 73
Trd, 8639993.232, 67
Trd, 8639993.832, 100
Trd, 8639994.732, 101
Trd, 8639995.782, 103
Trd, 8639996.932, 115
Trd, 8639997.232, 68
Trd, 8639997.382, 106
Trd, 8639997.932, 112
