Trd, 8638146.932, 122
Trd, 8638147.732, 83
Trd, 8638148.132, 91
Trd, 8638148.232, 83
Trd, 8638149.632, 82
Trd, 8638149.682, 89
Trd, 8638149.882, 81
Trd, 8638150.082, 100
Trd, 8638150.382, 100
Trd, 8638150.432, 80
Trd, 8638152.032, 103
Trd, 8638153.132, 140
Trd, 8638154.482, 114
Trd, 8638154.582, 113
Trd, 8638154.732, 111
Trd, 8638155.082, 130
Trd, 8638156.382, 140
Trd, 8638157.432, 133
Trd, 8638157.582, 96
Trd, 8638158.282, 62
Trd, 8638158.582, 133
Trd, 8638160.082, 60
Trd, 8638160.682, 106
Trd, 8638161.332, 60
Trd, 8638161.982, 62
Trd, 8638162.882, 66
Trd, 8638163.782, 67
Trd, 8638163.832, 125
Trd, 8638165.182, 114
Trd, 8638165.382, 101
Trd, 8638165.882, 98
Trd, 8638166.182, 99
Trd, 8638167.632, 139
Trd, 8638168.632, 132
Trd, 8638169.432, 132
Trd, 8638169.932, 140
Trd, 8638170.032, 130
Trd, 8638171.032, 71
Trd, 8638171.232, 66
Trd, 8638171.682, 113
Trd, 8638172.782, 117
Trd, 8638173.282, 114
Trd, 8638174.732, 139
Trd, 8638175.182, 108
Trd, 8638176.582, 104
Trd, 8638176.882, 103
Trd, 8638177.282, 77
Trd, 8638178.282, 80
Trd, 8638178.632, 81
Trd, 8638178.782, 123
Trd, 8638179.032, 78
Trd, 8638179.432, 80
Trd, 8638179.932, 138
Trd, 8638180.082, 78
Trd, 8638180.932, 64
Trd, 8638182.932, 139
Trd, 8638183.582, 84
Trd, 8638184.282, 96
Trd, 8638184.932, 85
Trd, 8638185.982, 140
Trd, 8638186.232, 139
Trd, 8638187.232, 140
Trd, 8638188.282, 140
Trd, 8638188.332, 140
Trd, 8638189.032, 140
Trd, 8638190.032, 140
Trd, 8638190.332, 140
Trd, 8638191.082, 125
Trd, 8638191.832, 140
Trd, 8638192.232, 140
Trd, 8638193.182, 61
Trd, 8638194.132, 140
Trd, 8638194.732, 140
Trd, 8638194.782, 140
Trd, 8638197.482, 140
Trd, 8638197.682, 140
Trd, 8638198.682, 140
Trd, 8638198.782, 140
Trd, 8638198.882, 138
Trd, 8638199.532, 90
Trd, 8638200.082, 82
Trd, 8638200.932, 140
Trd, 8638201.532, 64
Trd, 8638201.582, 65
Trd, 8638202.132, 137
Trd, 8638202.332, 137
Trd, 8638204.582, 140
Trd, 8638205.732, 99
Trd, 8638206.882, 68
Trd, 8638207.682, 63
Trd, 8638209.032, 73
Trd, 8638209.582, 106
Trd, 8638210.082, 137
Trd, 8638210.982, 112
Trd, 8638211.082, 110
Trd, 8638211.432, 81
Trd, 8638211.782, 80
Trd, 8638212.832, 68
Trd, 8638213.532, 131
Trd, 8638214.432, 82
Trd, 8638214.832, 60
Trd, 8638215.382, 83
Trd, 8638215.982, 111
Trd, 8638217.832, 60
Trd, 8638218.132, 60
Trd, 8638218.482, 63
Trd, 8638218.982, 61
Trd, 8638219.532, 61
Trd, 8638220.782, 60
Trd, 8638221.332, 84
Trd, 8638222.032, 104
Trd, 8638222.332, 106
Trd, 8638223.182, 104
Trd, 8638224.132, 114
Trd, 8638224.182, 113
Trd, 8638224.532, 128
Trd, 8638227.032, 64
Trd, 8638227.332, 63
Trd, 8638228.082, 135
Trd, 8638229.382, 70
Trd, 8638230.032, 98
Trd, 8638230.382, 96
Trd, 8638231.082, 97
Trd, 8638231.682, 140
Trd, 8638232.032, 126
Trd, 8638233.182, 140
Trd, 8638233.982, 138
Trd, 8638234.082, 137
Trd, 8638235.782, 133
Trd, 8638235.832, 132
Trd, 8638236.632, 131
Trd, 8638236.782, 117
Trd, 8638238.382, 140
Trd, 8638238.432, 140
Trd, 8638239.182, 140
Trd, 8638239.432, 136
Trd, 8638239.532, 115
Trd, 8638240.932, 85
Trd, 8638241.882, 60
Trd, 8638242.132, 68
Trd, 8638243.932, 140
Trd, 8638244.282, 140
Trd, 8638245.082, 140
Trd, 8638245.432, 140
Trd, 8638246.332, 140
Trd, 8638247.032, 140
Trd, 8638247.132, 140
Trd, 8638248.532, 140
Trd, 8638248.632, 139
Trd, 8638249.532, 140
Trd, 8638250.082, 140
Trd, 8638251.582, 138
Trd, 8638252.682, 140
Trd, 8638252.832, 94
Trd, 8638253.382, 71
Trd, 8638253.782, 86
Trd, 8638254.432, 105
Trd, 8638255.182, 72
Trd, 8638257.332, 64
Trd, 8638257.682, 64
Trd, 8638258.982, 62
Trd, 8638259.632, 67
Trd, 8638259.832, 61
Trd, 8638260.832, 110
Trd, 8638261.132, 109
Trd, 8638262.382, 140
Trd, 8638263.382, 77
Trd, 8638263.782, 77
Trd, 8638264.382, 123
Trd, 8638265.432, 140
Trd, 8638266.682, 140
Trd, 8638266.782, 140
Trd, 8638266.982, 140
Trd, 8638267.882, 140
Trd, 8638268.682, 140
Trd, 8638269.382, 140
Trd, 8638269.832, 140
Trd, 8638270.332, 140
Trd, 8638271.032, 60
Trd, 8638272.132, 66
Trd, 8638273.282, 65
Trd, 8638274.382, 90
Trd, 8638274.932, 62
Trd, 8638275.282, 89
Trd, 8638275.732, 75
Trd, 8638277.182, 140
Trd, 8638277.482, 140
Trd, 8638278.332, 140
Trd, 8638278.732, 140
Trd, 8638279.482, 139
Trd, 8638280.682, 140
Trd, 8638280.782, 140
Trd, 8638280.932, 137
Trd, 8638282.382, 131
Trd, 8638282.682, 130
Trd, 8638282.732, 129
Trd, 8638283.332, 140
Trd, 8638284.182, 137
Trd, 8638284.632, 132
Trd, 8638285.732, 140
Trd, 8638287.682, 140
Trd, 8638288.282, 140
Trd, 8638288.332, 140
Trd, 8638288.532, 140
Trd, 8638288.732, 140
Trd, 8638289.632, 140
Trd, 8638290.782, 140
Trd, 8638291.482, 139
Trd, 8638291.732, 138
Trd, 8638292.132, 140
Trd, 8638293.182, 64
Trd, 8638293.532, 62
Trd, 8638294.582, 140
Trd, 8638294.832, 140
Trd, 8638295.382, 140
Trd, 8638297.032, 77
Trd, 8638297.532, 76
Trd, 8638297.832, 96
Trd, 8638299.332, 140
Trd, 8638299.682, 140
Trd, 8638300.482, 140
Trd, 8638300.732, 140
Trd, 8638301.032, 139
Trd, 8638302.532, 140
Trd, 8638303.432, 140
Trd, 8638305.082, 140
Trd, 8638305.432, 140
Trd, 8638305.982, 140
Trd, 8638306.532, 140
Trd, 8638306.732, 140
Trd, 8638306.832, 96
Trd, 8638308.882, 63
Trd, 8638309.082, 64
Trd, 8638310.182, 84
Trd, 8638311.282, 85
Trd, 8638311.582, 138
Trd, 8638312.282, 87
Trd, 8638314.082, 113
Trd, 8638314.382, 112
Trd, 8638314.532, 92
Trd, 8638315.032, 138
Trd, 8638316.132, 138
Trd, 8638316.232, 91
Trd, 8638318.132, 64
Trd, 8638318.182, 86
Trd, 8638319.032, 66
Trd, 8638319.482, 139
Trd, 8638320.332, 140
Trd, 8638321.682, 140
Trd, 8638321.932, 140
Trd, 8638322.132, 140
Trd, 8638322.382, 140
Trd, 8638322.482, 140
Trd, 8638322.982, 140
Trd, 8638323.382, 140
Trd, 8638323.632, 140
Trd, 8638323.832, 136
Trd, 8638327.032, 93
Trd, 8638328.382, 69
Trd, 8638328.632, 66
Trd, 8638329.032, 67
Trd, 8638329.532, 124
Trd, 8638329.732, 130
Trd, 8638330.032, 123
Trd, 8638330.282, 106
Trd, 8638330.882, 105
Trd, 8638332.832, 111
Trd, 8638333.782, 60
Trd, 8638333.932, 60
Trd, 8638334.082, 67
Trd, 8638334.282, 96
Trd, 8638335.682, 61
Trd, 8638337.182, 61
Trd, 8638337.732, 88
Trd, 8638338.682, 70
Trd, 8638338.832, 65
Trd, 8638339.532, 109
Trd, 8638341.582, 128
Trd, 8638341.732, 127
Trd, 8638342.782, 140
Trd, 8638343.732, 140
Trd, 8638343.832, 79
Trd, 8638344.532, 82
Trd, 8638344.982, 60
Trd, 8638345.032, 61
Trd, 8638345.582, 63
Trd, 8638350.032, 63
Trd, 8638350.182, 64
Trd, 8638350.382, 60
Trd, 8638350.682, 61
Trd, 8638350.932, 69
Trd, 8638352.782, 126
Trd, 8638353.232, 125
Trd, 8638353.582, 138
Trd, 8638354.782, 139
Trd, 8638355.432, 92
Trd, 8638356.132, 136
Trd, 8638356.432, 135
Trd, 8638356.882, 125
Trd, 8638358.382, 140
Trd, 8638358.432, 140
Trd, 8638358.532, 140
Trd, 8638359.532, 139
Trd, 8638360.232, 137
Trd, 8638361.532, 140
Trd, 8638361.782, 139
Trd, 8638362.732, 140
Trd, 8638363.682, 134
Trd, 8638363.882, 133
Trd, 8638364.032, 82
Trd, 8638365.032, 140
Trd, 8638366.132, 76
Trd, 8638367.132, 138
Trd, 8638367.432, 76
Trd, 8638367.732, 76
Trd, 8638368.632, 139
Trd, 8638368.982, 75
Trd, 8638369.532, 60
Trd, 8638371.332, 140
Trd, 8638372.182, 140
Trd, 8638372.482, 140
Trd, 8638373.632, 140
Trd, 8638374.682, 140
Trd, 8638375.482, 139
Trd, 8638376.282, 92
Trd, 8638376.682, 87
Trd, 8638377.382, 87
Trd, 8638377.582, 118
Trd, 8638377.682, 138
Trd, 8638379.682, 60
Trd, 8638379.932, 73
Trd, 8638381.232, 140
Trd, 8638381.432, 140
Trd, 8638381.582, 140
Trd, 8638382.582, 140
Trd, 8638383.782, 140
Trd, 8638384.032, 140
Trd, 8638385.132, 140
Trd, 8638386.482, 140
Trd, 8638386.632, 140
Trd, 8638387.232, 137
Trd, 8638388.282, 138
Trd, 8638388.382, 137
Trd, 8638389.132, 140
Trd, 8638389.282, 140
Trd, 8638391.032, 139
Trd, 8638392.282, 140
Trd, 8638393.332, 133
Trd, 8638393.982, 138
Trd, 8638395.282, 140
Trd, 8638395.382, 139
Trd, 8638396.182, 140
Trd, 8638396.232, 140
Trd, 8638396.332, 140
Trd, 8638397.332, 138
Trd, 8638398.532, 134
Trd, 8638398.732, 132
Trd, 8638400.332, 140
Trd, 8638401.282, 136
Trd, 8638401.932, 139
Trd, 8638402.382, 138
Trd, 8638402.682, 132
Trd, 8638402.782, 115
Trd, 8638404.132, 110
Trd, 8638405.732, 63
Trd, 8638405.982, 63
Trd, 8638407.232, 80
Trd, 8638408.182, 140
Trd, 8638408.732, 140
Trd, 8638409.532, 140
Trd, 8638410.632, 140
Trd, 8638411.232, 140
Trd, 8638412.432, 140
Trd, 8638413.832, 140
Trd, 8638414.582, 140
Trd, 8638414.732, 139
Trd, 8638414.832, 134
Trd, 8638415.432, 140
Trd, 8638415.682, 103
Trd, 8638416.032, 102
Trd, 8638416.482, 127
Trd, 8638416.932, 132
Trd, 8638417.182, 64
Trd, 8638417.882, 140
Trd, 8638420.432, 140
Trd, 8638421.632, 140
Trd, 8638421.782, 140
Trd, 8638421.832, 140
Trd, 8638422.532, 130
Trd, 8638423.932, 138
Trd, 8638424.832, 105
Trd, 8638425.832, 140
Trd, 8638427.132, 140
Trd, 8638427.182, 140
Trd, 8638428.382, 140
Trd, 8638429.582, 140
Trd, 8638429.932, 140
Trd, 8638430.032, 138
Trd, 8638431.032, 140
Trd, 8638431.082, 139
Trd, 8638431.132, 100
Trd, 8638432.182, 137
Trd, 8638432.532, 136
Trd, 8638432.582, 111
Trd, 8638432.782, 93
Trd, 8638433.832, 140
Trd, 8638436.482, 140
Trd, 8638436.932, 140
Trd, 8638437.382, 140
Trd, 8638438.132, 140
Trd, 8638438.682, 140
Trd, 8638439.632, 140
Trd, 8638440.132, 140
Trd, 8638440.732, 140
Trd, 8638441.082, 140
Trd, 8638441.132, 139
Trd, 8638441.582, 108
Trd, 8638442.932, 109
Trd, 8638443.732, 108
Trd, 8638444.232, 102
Trd, 8638445.182, 140
Trd, 8638446.782, 138
Trd, 8638447.682, 137
Trd, 8638448.232, 125
Trd, 8638448.282, 124
Trd, 8638448.832, 123
Trd, 8638448.882, 119
Trd, 8638449.382, 139
Trd, 8638450.382, 140
Trd, 8638451.382, 140
Trd, 8638451.782, 140
Trd, 8638453.532, 60
Trd, 8638454.382, 60
Trd, 8638454.632, 61
Trd, 8638455.082, 62
Trd, 8638455.632, 92
Trd, 8638455.982, 104
Trd, 8638457.282, 105
Trd, 8638457.682, 104
Trd, 8638459.132, 140
Trd, 8638459.282, 140
Trd, 8638459.582, 117
Trd, 8638460.882, 140
Trd, 8638461.082, 108
Trd, 8638462.882, 140
Trd, 8638463.232, 138
Trd, 8638463.682, 139
Trd, 8638463.982, 140
Trd, 8638464.582, 140
Trd, 8638464.982, 140
Trd, 8638465.882, 117
Trd, 8638466.582, 118
Trd, 8638467.882, 114
Trd, 8638468.282, 118
Trd, 8638469.432, 140
Trd, 8638470.632, 140
Trd, 8638471.032, 140
Trd, 8638471.532, 140
Trd, 8638472.232, 140
Trd, 8638472.782, 102
Trd, 8638473.182, 125
Trd, 8638473.582, 107
Trd, 8638474.182, 94
Trd, 8638474.832, 140
Trd, 8638475.582, 95
Trd, 8638475.682, 79
Trd, 8638476.132, 140
Trd, 8638476.182, 77
Trd, 8638477.182, 95
Trd, 8638477.482, 76
Trd, 8638477.782, 61
Trd, 8638479.582, 140
Trd, 8638481.232, 140
Trd, 8638481.382, 140
Trd, 8638482.382, 140
Trd, 8638482.782, 140
Trd, 8638483.282, 139
Trd, 8638483.932, 140
Trd, 8638484.432, 140
Trd, 8638484.732, 140
Trd, 8638485.032, 140
Trd, 8638485.182, 123
Trd, 8638486.382, 138
Trd, 8638486.432, 114
Trd, 8638487.282, 94
Trd, 8638487.682, 93
Trd, 8638489.282, 140
Trd, 8638489.582, 139
Trd, 8638490.782, 138
Trd, 8638491.832, 140
Trd, 8638492.382, 140
Trd, 8638493.282, 140
Trd, 8638493.682, 140
Trd, 8638493.782, 120
Trd, 8638494.682, 139
Trd, 8638495.032, 133
Trd, 8638496.582, 140
Trd, 8638496.882, 140
Trd, 8638498.032, 139
Trd, 8638498.232, 138
Trd, 8638498.882, 124
Trd, 8638500.132, 140
Trd, 8638500.732, 140
Trd, 8638502.432, 140
Trd, 8638502.782, 140
Trd, 8638503.632, 92
Trd, 8638504.182, 140
Trd, 8638504.382, 140
Trd, 8638506.032, 140
Trd, 8638506.232, 140
Trd, 8638506.682, 140
Trd, 8638507.382, 140
Trd, 8638507.882, 140
Trd, 8638510.132, 140
Trd, 8638510.332, 140
Trd, 8638510.432, 140
Trd, 8638511.182, 138
Trd, 8638511.282, 118
Trd, 8638511.882, 112
Trd, 8638513.332, 74
Trd, 8638513.732, 104
Trd, 8638513.932, 76
Trd, 8638514.332, 75
Trd, 8638515.932, 140
Trd, 8638516.082, 140
Trd, 8638516.432, 108
Trd, 8638516.832, 139
Trd, 8638518.082, 99
Trd, 8638519.132, 140
Trd, 8638519.882, 140
Trd, 8638520.132, 112
Trd, 8638521.132, 134
Trd, 8638522.082, 60
Trd, 8638523.232, 63
Trd, 8638524.232, 62
Trd, 8638525.332, 71
Trd, 8638525.582, 120
Trd, 8638525.682, 121
Trd, 8638526.732, 83
Trd, 8638527.532, 123
Trd, 8638527.832, 81
Trd, 8638528.982, 107
Trd, 8638530.332, 85
Trd, 8638530.932, 78
Trd, 8638532.232, 140
Trd, 8638532.282, 140
Trd, 8638532.782, 135
Trd, 8638533.182, 62
Trd, 8638533.682, 137
Trd, 8638534.282, 66
Trd, 8638535.832, 140
Trd, 8638536.132, 140
Trd, 8638536.632, 140
Trd, 8638536.732, 138
Trd, 8638536.932, 121
Trd, 8638537.132, 140
Trd, 8638538.682, 77
Trd, 8638539.482, 132
Trd, 8638539.982, 140
Trd, 8638540.882, 121
Trd, 8638541.732, 123
Trd, 8638542.982, 138
Trd, 8638544.282, 132
Trd, 8638544.982, 140
Trd, 8638545.082, 138
Trd, 8638545.332, 139
Trd, 8638546.032, 119
Trd, 8638546.132, 111
Trd, 8638548.532, 140
Trd, 8638549.032, 140
Trd, 8638549.082, 140
Trd, 8638549.382, 140
Trd, 8638550.232, 64
Trd, 8638551.632, 75
Trd, 8638551.782, 138
Trd, 8638552.382, 107
Trd, 8638554.182, 65
Trd, 8638554.332, 75
Trd, 8638556.782, 116
Trd, 8638558.032, 139
Trd, 8638558.432, 122
Trd, 8638558.532, 115
Trd, 8638559.432, 60
Trd, 8638559.482, 62
Trd, 8638559.582, 126
Trd, 8638560.032, 140
Trd, 8638560.632, 140
Trd, 8638562.332, 140
Trd, 8638562.682, 140
Trd, 8638563.232, 139
Trd, 8638563.882, 140
Trd, 8638566.132, 140
Trd, 8638566.282, 138
Trd, 8638566.432, 137
Trd, 8638566.982, 118
Trd, 8638567.082, 117
Trd, 8638567.732, 125
Trd, 8638567.932, 92
Trd, 8638568.282, 119
Trd, 8638569.382, 95
Trd, 8638570.882, 130
Trd, 8638572.082, 140
Trd, 8638574.032, 140
Trd, 8638574.282, 140
Trd, 8638575.032, 140
Trd, 8638576.032, 140
Trd, 8638576.182, 140
Trd, 8638577.482, 140
Trd, 8638577.832, 140
Trd, 8638578.682, 140
Trd, 8638578.782, 140
Trd, 8638579.782, 140
Trd, 8638580.332, 140
Trd, 8638580.382, 140
Trd, 8638581.182, 140
Trd, 8638581.282, 140
Trd, 8638581.332, 140
Trd, 8638582.832, 132
Trd, 8638582.932, 130
Trd, 8638584.032, 64
Trd, 8638584.132, 74
Trd, 8638585.832, 61
Trd, 8638587.182, 60
Trd, 8638588.832, 60
Trd, 8638590.532, 60
Trd, 8638590.632, 60
Trd, 8638591.082, 64
Trd, 8638591.932, 66
Trd, 8638592.082, 79
Trd, 8638592.282, 96
Trd, 8638592.682, 64
Trd, 8638593.382, 140
Trd, 8638594.932, 140
Trd, 8638596.732, 108
Trd, 8638597.632, 116
Trd, 8638597.682, 111
Trd, 8638597.732, 108
Trd, 8638598.032, 69
Trd, 8638598.832, 70
Trd, 8638599.132, 77
Trd, 8638599.482, 102
Trd, 8638601.582, 139
Trd, 8638602.432, 140
Trd, 8638602.732, 140
Trd, 8638603.782, 136
Trd, 8638604.782, 139
Trd, 8638605.082, 137
Trd, 8638605.332, 137
Trd, 8638605.832, 140
Trd, 8638605.882, 127
Trd, 8638607.782, 140
Trd, 8638609.582, 140
Trd, 8638610.132, 140
Trd, 8638610.232, 140
Trd, 8638610.982, 140
Trd, 8638611.532, 140
Trd, 8638611.582, 139
Trd, 8638612.482, 127
Trd, 8638613.482, 140
Trd, 8638615.332, 140
Trd, 8638616.282, 140
Trd, 8638616.632, 140
Trd, 8638617.282, 140
Trd, 8638617.532, 140
Trd, 8638617.782, 140
Trd, 8638618.032, 139
Trd, 8638618.432, 107
Trd, 8638618.882, 140
Trd, 8638619.632, 99
Trd, 8638621.682, 105
Trd, 8638621.832, 104
Trd, 8638621.982, 101
Trd, 8638623.082, 110
Trd, 8638623.432, 139
Trd, 8638624.382, 107
Trd, 8638624.482, 115
Trd, 8638625.082, 107
Trd, 8638625.782, 103
Trd, 8638627.132, 140
Trd, 8638627.282, 140
Trd, 8638627.682, 140
Trd, 8638629.332, 140
Trd, 8638630.332, 140
Trd, 8638630.632, 140
Trd, 8638632.282, 140
Trd, 8638633.032, 140
Trd, 8638633.232, 140
Trd, 8638635.582, 140
Trd, 8638636.282, 140
Trd, 8638636.632, 140
Trd, 8638636.832, 140
Trd, 8638637.332, 140
Trd, 8638638.232, 140
Trd, 8638638.382, 140
Trd, 8638639.182, 140
Trd, 8638639.282, 138
Trd, 8638639.732, 139
Trd, 8638640.632, 140
Trd, 8638641.582, 125
Trd, 8638644.182, 140
Trd, 8638645.382, 140
Trd, 8638645.432, 140
Trd, 8638645.832, 140
Trd, 8638646.532, 139
Trd, 8638646.682, 137
Trd, 8638647.282, 61
Trd, 8638647.632, 139
Trd, 8638648.782, 137
Trd, 8638649.582, 125
Trd, 8638649.982, 100
Trd, 8638650.432, 140
Trd, 8638651.032, 138
Trd, 8638652.432, 60
Trd, 8638653.532, 63
Trd, 8638653.632, 63
Trd, 8638654.382, 69
Trd, 8638655.032, 63
Trd, 8638655.332, 140
Trd, 8638655.682, 140
Trd, 8638655.982, 113
Trd, 8638657.682, 140
Trd, 8638658.482, 140
Trd, 8638659.132, 138
Trd, 8638659.982, 140
Trd, 8638660.782, 125
Trd, 8638661.832, 140
Trd, 8638662.282, 140
Trd, 8638662.532, 140
Trd, 8638662.632, 138
Trd, 8638663.632, 140
Trd, 8638664.832, 140
Trd, 8638665.682, 104
Trd, 8638666.732, 126
Trd, 8638667.132, 88
Trd, 8638667.182, 87
Trd, 8638667.282, 86
Trd, 8638669.382, 140
Trd, 8638669.982, 140
Trd, 8638671.032, 140
Trd, 8638671.082, 140
Trd, 8638671.282, 140
Trd, 8638672.232, 123
Trd, 8638672.932, 75
Trd, 8638673.982, 63
Trd, 8638674.382, 76
Trd, 8638674.432, 77
Trd, 8638674.882, 140
Trd, 8638675.132, 140
Trd, 8638675.432, 81
Trd, 8638676.632, 132
Trd, 8638677.132, 97
Trd, 8638677.182, 106
Trd, 8638681.032, 61
Trd, 8638681.682, 66
Trd, 8638682.532, 64
Trd, 8638682.632, 68
Trd, 8638683.532, 69
Trd, 8638683.732, 88
Trd, 8638683.882, 62
Trd, 8638684.082, 96
Trd, 8638685.032, 73
Trd, 8638685.832, 67
Trd, 8638687.782, 60
Trd, 8638688.132, 60
Trd, 8638688.782, 63
Trd, 8638689.882, 140
Trd, 8638690.032, 140
Trd, 8638690.732, 64
Trd, 8638691.482, 139
Trd, 8638691.732, 77
Trd, 8638692.682, 140
Trd, 8638694.132, 140
Trd, 8638694.682, 140
Trd, 8638695.532, 140
Trd, 8638695.632, 140
Trd, 8638696.432, 140
Trd, 8638696.682, 139
Trd, 8638698.532, 99
Trd, 8638698.882, 139
Trd, 8638700.882, 132
Trd, 8638701.232, 140
Trd, 8638701.732, 139
Trd, 8638701.932, 135
Trd, 8638702.182, 134
Trd, 8638702.882, 106
Trd, 8638702.932, 105
Trd, 8638705.032, 60
Trd, 8638706.532, 60
Trd, 8638707.082, 60
Trd, 8638707.332, 61
Trd, 8638708.582, 60
Trd, 8638708.982, 107
Trd, 8638709.432, 115
Trd, 8638709.482, 113
Trd, 8638709.882, 61
Trd, 8638710.082, 60
Trd, 8638710.982, 92
Trd, 8638712.682, 140
Trd, 8638712.932, 139
Trd, 8638713.082, 68
Trd, 8638714.182, 140
Trd, 8638714.282, 140
Trd, 8638715.232, 61
Trd, 8638716.082, 85
Trd, 8638716.882, 63
Trd, 8638717.632, 115
Trd, 8638719.182, 60
Trd, 8638719.932, 61
Trd, 8638721.382, 60
Trd, 8638721.582, 64
Trd, 8638721.982, 66
Trd, 8638723.532, 60
Trd, 8638723.882, 120
Trd, 8638724.932, 62
Trd, 8638725.232, 96
Trd, 8638725.882, 140
Trd, 8638726.982, 86
Trd, 8638727.332, 65
Trd, 8638727.482, 64
Trd, 8638727.832, 66
Trd, 8638728.732, 63
Trd, 8638729.382, 63
Trd, 8638730.132, 62
Trd, 8638731.332, 140
Trd, 8638731.382, 139
Trd, 8638731.432, 134
Trd, 8638732.582, 61
Trd, 8638733.832, 65
Trd, 8638734.982, 76
Trd, 8638736.282, 67
Trd, 8638737.732, 60
Trd, 8638737.982, 60
Trd, 8638738.182, 60
Trd, 8638738.432, 61
Trd, 8638739.482, 67
Trd, 8638740.182, 65
Trd, 8638740.332, 117
Trd, 8638741.382, 63
Trd, 8638741.682, 106
Trd, 8638742.282, 118
Trd, 8638742.982, 115
Trd, 8638745.882, 76
Trd, 8638746.732, 86
Trd, 8638747.032, 101
Trd, 8638748.032, 140
Trd, 8638748.082, 139
Trd, 8638749.282, 140
Trd, 8638749.582, 139
Trd, 8638750.232, 140
Trd, 8638750.532, 137
Trd, 8638752.882, 60
Trd, 8638752.982, 63
Trd, 8638753.432, 121
Trd, 8638754.132, 60
Trd, 8638754.382, 61
Trd, 8638754.882, 140
Trd, 8638756.732, 140
Trd, 8638757.132, 140
Trd, 8638757.632, 140
Trd, 8638758.482, 140
Trd, 8638758.582, 140
Trd, 8638758.832, 124
Trd, 8638759.282, 134
Trd, 8638762.032, 135
Trd, 8638763.082, 139
Trd, 8638764.132, 140
Trd, 8638764.232, 140
Trd, 8638764.632, 139
Trd, 8638765.682, 140
Trd, 8638766.232, 140
Trd, 8638766.332, 140
Trd, 8638766.882, 139
Trd, 8638768.732, 99
Trd, 8638770.082, 139
Trd, 8638770.832, 130
Trd, 8638771.432, 118
Trd, 8638773.532, 120
Trd, 8638773.682, 120
Trd, 8638773.982, 119
Trd, 8638774.782, 140
Trd, 8638776.382, 138
Trd, 8638776.632, 138
Trd, 8638777.232, 61
Trd, 8638777.782, 109
Trd, 8638779.132, 111
Trd, 8638779.182, 110
Trd, 8638780.132, 139
Trd, 8638780.232, 109
Trd, 8638781.982, 111
Trd, 8638782.132, 109
Trd, 8638783.082, 135
Trd, 8638784.032, 75
Trd, 8638784.382, 91
Trd, 8638784.482, 76
Trd, 8638785.782, 126
Trd, 8638786.182, 125
Trd, 8638786.882, 140
Trd, 8638787.582, 140
Trd, 8638788.982, 140
Trd, 8638789.532, 140
Trd, 8638789.832, 138
Trd, 8638790.082, 136
Trd, 8638791.982, 140
Trd, 8638792.282, 140
Trd, 8638792.532, 136
Trd, 8638792.782, 135
Trd, 8638795.082, 140
Trd, 8638795.382, 140
Trd, 8638795.582, 140
Trd, 8638796.632, 140
Trd, 8638797.332, 139
Trd, 8638798.282, 125
Trd, 8638798.432, 66
Trd, 8638798.582, 65
Trd, 8638798.882, 132
Trd, 8638800.132, 64
Trd, 8638800.732, 60
Trd, 8638800.832, 67
Trd, 8638802.532, 61
Trd, 8638803.132, 60
Trd, 8638803.932, 60
Trd, 8638804.682, 61
Trd, 8638805.482, 70
Trd, 8638806.082, 140
Trd, 8638807.232, 61
Trd, 8638808.382, 67
Trd, 8638808.432, 69
Trd, 8638809.882, 65
Trd, 8638810.032, 64
Trd, 8638811.432, 71
Trd, 8638811.882, 84
Trd, 8638812.232, 68
Trd, 8638813.332, 71
Trd, 8638814.182, 76
Trd, 8638814.232, 86
Trd, 8638815.132, 140
Trd, 8638815.332, 136
Trd, 8638815.632, 105
Trd, 8638816.482, 136
Trd, 8638816.832, 113
Trd, 8638817.182, 113
Trd, 8638817.682, 138
Trd, 8638818.682, 122
Trd, 8638820.432, 132
Trd, 8638820.832, 132
Trd, 8638822.032, 140
Trd, 8638822.482, 139
Trd, 8638823.282, 128
Trd, 8638824.982, 140
Trd, 8638826.032, 140
Trd, 8638826.132, 140
Trd, 8638826.332, 140
Trd, 8638827.782, 140
Trd, 8638828.332, 126
Trd, 8638828.532, 124
Trd, 8638828.582, 93
Trd, 8638829.732, 140
Trd, 8638829.882, 140
Trd, 8638830.582, 140
Trd, 8638830.682, 139
Trd, 8638830.982, 60
Trd, 8638832.282, 140
Trd, 8638833.032, 139
Trd, 8638833.082, 138
Trd, 8638834.532, 77
Trd, 8638834.882, 140
Trd, 8638836.582, 138
Trd, 8638837.232, 137
Trd, 8638837.432, 130
Trd, 8638838.632, 140
Trd, 8638839.082, 140
Trd, 8638839.682, 140
Trd, 8638839.832, 140
Trd, 8638840.132, 140
Trd, 8638840.232, 101
Trd, 8638840.432, 71
Trd, 8638840.582, 75
Trd, 8638841.582, 131
Trd, 8638842.582, 69
Trd, 8638842.982, 70
Trd, 8638844.482, 80
Trd, 8638844.932, 139
Trd, 8638845.532, 138
Trd, 8638845.582, 138
Trd, 8638847.332, 139
Trd, 8638847.882, 140
Trd, 8638848.032, 140
Trd, 8638848.382, 140
Trd, 8638848.782, 140
Trd, 8638850.032, 140
Trd, 8638850.732, 140
Trd, 8638851.282, 140
Trd, 8638852.832, 140
Trd, 8638852.932, 140
Trd, 8638852.982, 140
Trd, 8638854.132, 139
Trd, 8638855.732, 140
Trd, 8638857.182, 140
Trd, 8638858.032, 140
Trd, 8638859.782, 140
Trd, 8638859.882, 140
Trd, 8638859.982, 140
Trd, 8638861.282, 140
Trd, 8638861.332, 139
Trd, 8638861.932, 105
Trd, 8638863.982, 140
Trd, 8638864.132, 140
Trd, 8638865.082, 137
Trd, 8638865.132, 139
Trd, 8638865.532, 136
Trd, 8638865.782, 86
Trd, 8638867.232, 62
Trd, 8638867.832, 119
Trd, 8638868.682, 63
Trd, 8638869.882, 88
Trd, 8638871.182, 62
Trd, 8638871.282, 63
Trd, 8638871.332, 62
Trd, 8638871.732, 62
Trd, 8638873.782, 140
Trd, 8638873.832, 140
Trd, 8638874.582, 140
Trd, 8638875.182, 140
Trd, 8638875.832, 140
Trd, 8638875.882, 95
Trd, 8638876.782, 140
Trd, 8638877.632, 83
Trd, 8638878.232, 105
Trd, 8638878.582, 139
Trd, 8638878.682, 103
Trd, 8638879.832, 135
Trd, 8638879.882, 116
Trd, 8638881.432, 140
Trd, 8638881.532, 139
Trd, 8638882.932, 140
Trd, 8638883.582, 140
Trd, 8638883.982, 140
Trd, 8638884.032, 140
Trd, 8638884.982, 135
Trd, 8638886.482, 95
Trd, 8638886.682, 93
Trd, 8638887.332, 137
Trd, 8638887.882, 129
Trd, 8638888.832, 81
Trd, 8638889.682, 139
Trd, 8638890.632, 140
Trd, 8638890.982, 140
Trd, 8638891.132, 138
Trd, 8638891.582, 118
Trd, 8638891.882, 87
Trd, 8638892.332, 79
Trd, 8638893.332, 140
Trd, 8638894.732, 140
Trd, 8638894.882, 140
Trd, 8638895.982, 140
Trd, 8638896.432, 140
Trd, 8638896.732, 140
Trd, 8638897.932, 140
Trd, 8638898.632, 135
Trd, 8638899.082, 91
Trd, 8638899.882, 64
Trd, 8638900.032, 63
Trd, 8638901.232, 74
Trd, 8638901.332, 86
Trd, 8638902.082, 78
Trd, 8638902.832, 78
Trd, 8638903.682, 81
Trd, 8638903.732, 80
Trd, 8638903.832, 79
Trd, 8638904.132, 72
Trd, 8638904.382, 137
Trd, 8638904.782, 140
Trd, 8638907.832, 90
Trd, 8638908.282, 64
Trd, 8638908.582, 98
Trd, 8638909.482, 64
Trd, 8638910.582, 78
Trd, 8638910.782, 67
Trd, 8638910.932, 75
Trd, 8638910.982, 63
Trd, 8638911.132, 90
Trd, 8638911.932, 105
Trd, 8638914.082, 96
Trd, 8638915.732, 60
Trd, 8638915.782, 61
Trd, 8638916.032, 61
Trd, 8638916.582, 62
Trd, 8638916.782, 61
Trd, 8638918.232, 105
Trd, 8638918.282, 104
Trd, 8638918.882, 140
Trd, 8638919.032, 114
Trd, 8638921.432, 140
Trd, 8638921.732, 140
Trd, 8638922.932, 101
Trd, 8638923.532, 94
Trd, 8638924.032, 81
Trd, 8638924.382, 66
Trd, 8638924.582, 82
Trd, 8638925.132, 114
Trd, 8638926.282, 117
Trd, 8638927.432, 65
Trd, 8638927.982, 84
Trd, 8638928.732, 127
Trd, 8638929.432, 140
Trd, 8638930.232, 140
Trd, 8638931.182, 140
Trd, 8638931.882, 140
Trd, 8638931.932, 140
Trd, 8638932.332, 140
Trd, 8638932.582, 140
Trd, 8638933.132, 140
Trd, 8638933.782, 60
Trd, 8638935.432, 138
Trd, 8638935.682, 82
Trd, 8638936.782, 139
Trd, 8638937.032, 129
Trd, 8638937.982, 140
Trd, 8638938.232, 140
Trd, 8638938.482, 129
Trd, 8638938.982, 87
Trd, 8638940.682, 60
Trd, 8638940.932, 61
Trd, 8638941.732, 109
Trd, 8638942.832, 109
Trd, 8638943.782, 79
Trd, 8638944.882, 137
Trd, 8638945.982, 82
Trd, 8638946.382, 111
Trd, 8638946.682, 61
Trd, 8638946.832, 77
Trd, 8638947.632, 63
Trd, 8638948.182, 71
Trd, 8638948.832, 65
Trd, 8638950.282, 140
Trd, 8638950.482, 140
Trd, 8638951.632, 140
Trd, 8638951.832, 139
Trd, 8638952.082, 135
Trd, 8638952.482, 136
Trd, 8638953.132, 140
Trd, 8638954.182, 140
Trd, 8638954.732, 123
Trd, 8638955.782, 116
Trd, 8638955.832, 115
Trd, 8638956.782, 80
Trd, 8638957.382, 61
Trd, 8638957.632, 75
Trd, 8638958.582, 60
Trd, 8638959.432, 69
Trd, 8638960.232, 66
Trd, 8638961.282, 72
Trd, 8638962.332, 131
Trd, 8638962.432, 112
Trd, 8638962.682, 111
Trd, 8638963.782, 62
Trd, 8638965.032, 70
Trd, 8638966.682, 140
Trd, 8638967.132, 140
Trd, 8638967.332, 140
Trd, 8638967.582, 140
Trd, 8638968.082, 140
Trd, 8638969.132, 139
Trd, 8638969.282, 83
Trd, 8638970.232, 138
Trd, 8638971.932, 140
Trd, 8638972.282, 140
Trd, 8638972.582, 140
Trd, 8638973.132, 140
Trd, 8638974.732, 140
Trd, 8638974.882, 140
Trd, 8638975.282, 140
Trd, 8638975.482, 140
Trd, 8638976.882, 101
Trd, 8638977.132, 103
Trd, 8638977.882, 140
Trd, 8638978.982, 138
Trd, 8638979.232, 139
Trd, 8638979.382, 140
Trd, 8638980.782, 140
Trd, 8638981.232, 140
Trd, 8638981.382, 140
Trd, 8638981.582, 139
Trd, 8638981.732, 105
Trd, 8638982.932, 140
Trd, 8638983.182, 140
Trd, 8638984.382, 137
Trd, 8638984.832, 140
Trd, 8638985.432, 140
Trd, 8638985.882, 113
Trd, 8638986.982, 139
Trd, 8638987.582, 88
Trd, 8638988.682, 69
Trd, 8638989.632, 140
Trd, 8638989.732, 140
Trd, 8638989.832, 129
Trd, 8638991.682, 140
Trd, 8638991.982, 140
Trd, 8638992.032, 138
Trd, 8638992.332, 118
Trd, 8638993.682, 139
Trd, 8638993.932, 136
Trd, 8638994.282, 140
Trd, 8638996.582, 140
Trd, 8638996.832, 140
Trd, 8638997.132, 140
Trd, 8638997.632, 140
Trd, 8638998.482, 140
Trd, 8638998.882, 140
Trd, 8639000.082, 130
Trd, 8639000.482, 127
Trd, 8639000.732, 104
Trd, 8639001.282, 104
Trd, 8639002.032, 137
Trd, 8639002.482, 88
Trd, 8639003.582, 62
Trd, 8639005.282, 62
Trd, 8639005.782, 61
Trd, 8639006.782, 102
Trd, 8639007.032, 133
Trd, 8639008.832, 69
Trd, 8639009.982, 61
Trd, 8639010.232, 69
Trd, 8639010.932, 66
Trd, 8639011.132, 77
Trd, 8639011.332, 63
Trd, 8639012.732, 63
Trd, 8639013.032, 66
Trd, 8639013.632, 70
Trd, 8639015.332, 140
Trd, 8639015.882, 140
Trd, 8639016.132, 95
Trd, 8639016.332, 96
Trd, 8639017.382, 111
Trd, 8639017.732, 110
Trd, 8639018.132, 79
Trd, 8639018.232, 80
Trd, 8639019.582, 137
Trd, 8639019.682, 136
Trd, 8639020.282, 136
Trd, 8639021.932, 85
Trd, 8639022.082, 86
Trd, 8639024.182, 61
Trd, 8639024.482, 66
Trd, 8639025.232, 65
Trd, 8639025.382, 87
Trd, 8639026.482, 68
Trd, 8639026.532, 126
Trd, 8639028.132, 110
Trd, 8639028.432, 111
Trd, 8639028.532, 77
Trd, 8639029.782, 81
Trd, 8639029.832, 77
Trd, 8639030.382, 140
Trd, 8639030.882, 140
Trd, 8639030.932, 82
Trd, 8639032.432, 112
Trd, 8639033.082, 60
Trd, 8639033.382, 140
Trd, 8639034.932, 120
Trd, 8639035.782, 61
Trd, 8639035.932, 99
Trd, 8639037.382, 140
Trd, 8639037.432, 140
Trd, 8639038.032, 139
Trd, 8639038.482, 140
Trd, 8639039.382, 140
Trd, 8639040.182, 140
Trd, 8639040.432, 140
Trd, 8639041.482, 140
Trd, 8639042.082, 140
Trd, 8639043.432, 110
Trd, 8639043.932, 111
Trd, 8639044.332, 140
Trd, 8639044.632, 140
Trd, 8639045.132, 140
Trd, 8639045.532, 140
Trd, 8639045.832, 123
Trd, 8639046.082, 122
Trd, 8639046.632, 108
Trd, 8639047.932, 91
Trd, 8639048.032, 90
Trd, 8639048.382, 137
Trd, 8639050.382, 140
Trd, 8639050.832, 140
Trd, 8639051.132, 140
Trd, 8639051.282, 96
Trd, 8639051.882, 114
Trd, 8639052.032, 115
Trd, 8639052.632, 80
Trd, 8639054.132, 60
Trd, 8639055.182, 62
Trd, 8639055.782, 63
Trd, 8639056.332, 66
Trd, 8639057.932, 140
Trd, 8639058.532, 140
Trd, 8639059.582, 140
Trd, 8639059.782, 134
Trd, 8639060.182, 138
Trd, 8639060.732, 106
Trd, 8639061.232, 97
Trd, 8639062.082, 69
Trd, 8639062.932, 140
Trd, 8639063.182, 140
Trd, 8639063.382, 140
Trd, 8639064.232, 140
Trd, 8639064.332, 106
Trd, 8639065.432, 139
Trd, 8639066.482, 140
Trd, 8639067.082, 140
Trd, 8639067.432, 136
Trd, 8639067.782, 135
Trd, 8639068.082, 139
Trd, 8639068.632, 140
Trd, 8639069.082, 132
Trd, 8639069.482, 121
Trd, 8639070.832, 110
Trd, 8639071.282, 109
Trd, 8639072.282, 140
Trd, 8639072.682, 139
Trd, 8639072.982, 140
Trd, 8639073.682, 126
Trd, 8639074.132, 110
Trd, 8639075.332, 140
Trd, 8639077.232, 140
Trd, 8639077.432, 140
Trd, 8639078.482, 140
Trd, 8639078.732, 140
Trd, 8639079.082, 140
Trd, 8639079.182, 95
Trd, 8639080.532, 140
Trd, 8639080.982, 140
Trd, 8639081.082, 140
Trd, 8639082.432, 140
Trd, 8639083.082, 140
Trd, 8639084.132, 140
Trd, 8639084.582, 139
Trd, 8639085.532, 140
Trd, 8639085.832, 140
Trd, 8639087.332, 140
Trd, 8639087.882, 140
Trd, 8639088.132, 138
Trd, 8639088.732, 126
Trd, 8639090.182, 117
Trd, 8639091.682, 140
Trd, 8639091.882, 140
Trd, 8639092.182, 140
Trd, 8639092.282, 140
Trd, 8639092.332, 138
Trd, 8639092.882, 131
Trd, 8639093.832, 140
Trd, 8639094.332, 140
Trd, 8639094.882, 62
Trd, 8639096.382, 116
Trd, 8639097.232, 96
Trd, 8639097.882, 131
Trd, 8639098.332, 140
Trd, 8639098.882, 140
Trd, 8639099.182, 140
Trd, 8639099.982, 122
Trd, 8639100.532, 109
Trd, 8639100.632, 93
Trd, 8639100.982, 140
Trd, 8639101.732, 140
Trd, 8639102.682, 140
Trd, 8639102.782, 140
Trd, 8639104.232, 140
Trd, 8639104.432, 140
Trd, 8639105.082, 140
Trd, 8639106.182, 140
Trd, 8639106.732, 140
Trd, 8639106.982, 140
Trd, 8639107.882, 138
Trd, 8639108.382, 140
Trd, 8639108.582, 140
Trd, 8639109.182, 139
Trd, 8639109.582, 122
Trd, 8639110.832, 140
Trd, 8639111.282, 134
Trd, 8639111.732, 130
Trd, 8639112.932, 130
Trd, 8639114.482, 140
Trd, 8639115.832, 140
Trd, 8639116.032, 140
Trd, 8639116.182, 140
Trd, 8639117.082, 134
Trd, 8639117.232, 84
Trd, 8639117.382, 140
Trd, 8639117.832, 87
Trd, 8639119.282, 80
Trd, 8639120.082, 104
Trd, 8639121.532, 140
Trd, 8639122.582, 140
Trd, 8639123.882, 140
Trd, 8639123.932, 140
Trd, 8639124.082, 130
Trd, 8639124.782, 139
Trd, 8639125.332, 140
Trd, 8639125.482, 108
Trd, 8639126.382, 110
Trd, 8639126.832, 137
Trd, 8639127.232, 109
Trd, 8639127.632, 108
Trd, 8639127.882, 121
Trd, 8639128.732, 140
Trd, 8639129.282, 67
Trd, 8639131.032, 139
Trd, 8639131.882, 140
Trd, 8639132.282, 140
Trd, 8639132.882, 140
Trd, 8639133.532, 140
Trd, 8639134.382, 140
Trd, 8639134.582, 140
Trd, 8639135.332, 140
Trd, 8639136.482, 140
Trd, 8639136.532, 140
Trd, 8639137.382, 139
Trd, 8639137.982, 110
Trd, 8639139.032, 139
Trd, 8639141.232, 81
Trd, 8639141.482, 123
Trd, 8639141.732, 80
Trd, 8639141.882, 130
Trd, 8639142.382, 79
Trd, 8639142.682, 101
Trd, 8639142.732, 78
Trd, 8639143.182, 102
Trd, 8639144.782, 128
Trd, 8639144.832, 118
Trd, 8639146.432, 134
Trd, 8639146.532, 133
Trd, 8639146.632, 118
Trd, 8639147.682, 140
Trd, 8639148.232, 135
Trd, 8639149.032, 107
Trd, 8639149.182, 74
Trd, 8639149.632, 140
Trd, 8639151.332, 64
Trd, 8639152.482, 72
Trd, 8639152.832, 62
Trd, 8639153.182, 71
Trd, 8639153.382, 61
Trd, 8639155.632, 64
Trd, 8639156.032, 66
Trd, 8639157.032, 140
Trd, 8639157.332, 140
Trd, 8639157.732, 140
Trd, 8639158.582, 140
Trd, 8639159.232, 140
Trd, 8639159.332, 140
Trd, 8639161.182, 75
Trd, 8639161.482, 88
Trd, 8639161.582, 66
Trd, 8639161.932, 65
Trd, 8639162.382, 64
Trd, 8639163.132, 63
Trd, 8639163.882, 100
Trd, 8639164.382, 110
Trd, 8639166.482, 140
Trd, 8639167.032, 122
Trd, 8639167.882, 123
Trd, 8639168.082, 123
Trd, 8639168.182, 122
Trd, 8639168.782, 66
Trd, 8639169.682, 64
Trd, 8639169.932, 86
Trd, 8639170.982, 70
Trd, 8639171.832, 123
Trd, 8639172.382, 122
Trd, 8639173.432, 122
Trd, 8639173.732, 122
Trd, 8639173.982, 101
Trd, 8639175.632, 132
Trd, 8639175.682, 129
Trd, 8639175.732, 112
Trd, 8639176.082, 62
Trd, 8639178.332, 104
Trd, 8639178.532, 101
Trd, 8639178.982, 139
Trd, 8639179.632, 106
Trd, 8639179.832, 102
Trd, 8639180.832, 132
Trd, 8639180.982, 105
Trd, 8639181.432, 104
Trd, 8639182.132, 104
Trd, 8639182.682, 118
Trd, 8639182.982, 136
Trd, 8639184.632, 139
Trd, 8639185.182, 64
Trd, 8639185.982, 66
Trd, 8639186.882, 64
Trd, 8639187.382, 81
Trd, 8639188.032, 140
Trd, 8639190.032, 140
Trd, 8639190.282, 140
Trd, 8639190.482, 140
Trd, 8639190.832, 140
Trd, 8639191.082, 140
Trd, 8639192.432, 140
Trd, 8639193.532, 140
Trd, 8639194.032, 140
Trd, 8639194.982, 140
Trd, 8639195.382, 139
Trd, 8639195.432, 135
Trd, 8639195.482, 134
Trd, 8639196.532, 133
Trd, 8639197.432, 120
Trd, 8639197.782, 103
Trd, 8639199.332, 97
Trd, 8639199.532, 87
Trd, 8639200.682, 61
Trd, 8639201.532, 60
Trd, 8639201.982, 140
Trd, 8639202.982, 78
Trd, 8639203.282, 71
Trd, 8639203.582, 90
Trd, 8639204.032, 118
Trd, 8639205.082, 92
Trd, 8639206.232, 121
Trd, 8639206.482, 123
Trd, 8639206.932, 125
Trd, 8639207.032, 117
Trd, 8639207.082, 116
Trd, 8639207.482, 116
Trd, 8639208.782, 62
Trd, 8639209.332, 100
Trd, 8639210.032, 140
Trd, 8639210.182, 140
Trd, 8639210.782, 139
Trd, 8639211.032, 106
Trd, 8639212.382, 140
Trd, 8639213.032, 140
Trd, 8639213.332, 140
Trd, 8639213.382, 140
Trd, 8639214.232, 140
Trd, 8639214.882, 140
Trd, 8639215.832, 139
Trd, 8639216.532, 138
Trd, 8639216.582, 96
Trd, 8639216.682, 94
Trd, 8639218.382, 140
Trd, 8639219.732, 140
Trd, 8639221.332, 140
Trd, 8639221.582, 140
Trd, 8639221.682, 140
Trd, 8639221.982, 140
Trd, 8639222.332, 140
Trd, 8639222.582, 140
Trd, 8639223.532, 137
Trd, 8639225.632, 140
Trd, 8639225.682, 139
Trd, 8639225.732, 139
Trd, 8639225.782, 119
Trd, 8639227.382, 138
Trd, 8639228.332, 122
Trd, 8639228.732, 140
Trd, 8639228.782, 139
Trd, 8639230.382, 90
Trd, 8639231.082, 90
Trd, 8639231.332, 89
Trd, 8639233.532, 139
Trd, 8639233.682, 138
Trd, 8639234.582, 137
Trd, 8639235.882, 140
Trd, 8639236.582, 140
Trd, 8639236.782, 140
Trd, 8639236.932, 138
Trd, 8639237.482, 139
Trd, 8639237.532, 121
Trd, 8639238.232, 64
Trd, 8639239.932, 139
Trd, 8639240.682, 140
Trd, 8639241.482, 139
Trd, 8639242.732, 140
Trd, 8639243.782, 131
Trd, 8639243.882, 130
Trd, 8639243.982, 129
Trd, 8639244.332, 77
Trd, 8639244.782, 88
Trd, 8639246.032, 62
Trd, 8639246.382, 64
Trd, 8639248.282, 61
Trd, 8639249.732, 67
Trd, 8639249.882, 81
Trd, 8639250.532, 140
Trd, 8639251.032, 140
Trd, 8639251.782, 140
Trd, 8639251.832, 139
Trd, 8639252.182, 138
Trd, 8639252.382, 136
Trd, 8639252.782, 113
Trd, 8639254.582, 121
Trd, 8639254.982, 121
Trd, 8639255.132, 120
Trd, 8639255.932, 140
Trd, 8639256.682, 117
Trd, 8639257.582, 139
Trd, 8639257.632, 136
Trd, 8639258.682, 125
Trd, 8639258.782, 124
Trd, 8639260.232, 137
Trd, 8639261.032, 140
Trd, 8639261.382, 135
Trd, 8639262.032, 134
Trd, 8639263.382, 140
Trd, 8639263.532, 140
Trd, 8639263.932, 140
Trd, 8639264.382, 140
Trd, 8639265.532, 132
Trd, 8639266.582, 140
Trd, 8639266.832, 140
Trd, 8639267.682, 65
Trd, 8639268.232, 138
Trd, 8639270.682, 130
Trd, 8639270.782, 129
Trd, 8639271.482, 119
Trd, 8639271.832, 116
Trd, 8639272.882, 140
Trd, 8639273.182, 140
Trd, 8639274.032, 140
Trd, 8639274.282, 140
Trd, 8639275.782, 140
Trd, 8639275.932, 140
Trd, 8639276.132, 140
Trd, 8639277.182, 140
Trd, 8639277.882, 140
Trd, 8639279.382, 140
Trd, 8639279.932, 139
Trd, 8639280.482, 139
Trd, 8639282.282, 140
Trd, 8639282.382, 126
Trd, 8639282.682, 61
Trd, 8639283.032, 140
Trd, 8639283.782, 140
Trd, 8639284.032, 140
Trd, 8639284.382, 137
Trd, 8639286.582, 64
Trd, 8639286.682, 113
Trd, 8639287.582, 76
Trd, 8639288.132, 140
Trd, 8639289.932, 60
Trd, 8639290.332, 62
Trd, 8639290.582, 80
Trd, 8639291.282, 60
Trd, 8639292.232, 60
Trd, 8639294.582, 60
Trd, 8639295.632, 60
Trd, 8639295.982, 60
Trd, 8639296.032, 62
Trd, 8639298.232, 75
Trd, 8639298.932, 95
Trd, 8639299.282, 101
Trd, 8639299.632, 103
Trd, 8639299.682, 90
Trd, 8639300.982, 63
Trd, 8639302.232, 140
Trd, 8639302.832, 126
Trd, 8639302.982, 139
Trd, 8639304.132, 61
Trd, 8639306.782, 60
Trd, 8639306.832, 60
Trd, 8639307.332, 61
Trd, 8639308.782, 61
Trd, 8639310.132, 65
Trd, 8639310.182, 122
Trd, 8639310.482, 132
Trd, 8639310.682, 130
Trd, 8639311.482, 65
Trd, 8639311.682, 64
Trd, 8639312.982, 94
Trd, 8639313.182, 92
Trd, 8639313.432, 125
Trd, 8639315.232, 140
Trd, 8639316.132, 140
Trd, 8639316.932, 140
Trd, 8639317.132, 140
Trd, 8639318.432, 140
Trd, 8639318.482, 140
Trd, 8639319.132, 140
Trd, 8639320.182, 140
Trd, 8639320.582, 140
Trd, 8639321.282, 140
Trd, 8639322.282, 105
Trd, 8639322.432, 104
Trd, 8639323.082, 100
Trd, 8639323.582, 77
Trd, 8639324.082, 134
Trd, 8639324.332, 135
Trd, 8639325.682, 140
Trd, 8639326.432, 140
Trd, 8639327.032, 140
Trd, 8639327.832, 140
Trd, 8639328.032, 140
Trd, 8639328.932, 139
Trd, 8639331.382, 140
Trd, 8639331.732, 140
Trd, 8639332.132, 128
Trd, 8639333.032, 119
Trd, 8639333.182, 113
Trd, 8639334.032, 140
Trd, 8639334.982, 139
Trd, 8639335.032, 136
Trd, 8639335.782, 139
Trd, 8639336.082, 77
Trd, 8639337.582, 140
Trd, 8639337.782, 140
Trd, 8639338.432, 140
Trd, 8639338.782, 67
Trd, 8639340.632, 140
Trd, 8639340.832, 140
Trd, 8639341.132, 140
Trd, 8639342.332, 140
Trd, 8639342.432, 140
Trd, 8639343.532, 140
Trd, 8639345.132, 140
Trd, 8639346.132, 139
Trd, 8639346.582, 138
Trd, 8639346.832, 140
Trd, 8639347.282, 109
Trd, 8639348.532, 140
Trd, 8639349.782, 140
Trd, 8639350.282, 140
Trd, 8639350.932, 140
Trd, 8639351.132, 140
Trd, 8639352.432, 139
Trd, 8639352.532, 98
Trd, 8639354.032, 140
Trd, 8639355.132, 140
Trd, 8639355.882, 140
Trd, 8639355.932, 140
Trd, 8639357.932, 140
Trd, 8639358.182, 140
Trd, 8639358.382, 140
Trd, 8639358.932, 139
Trd, 8639359.432, 137
Trd, 8639361.032, 119
Trd, 8639361.832, 140
Trd, 8639363.132, 140
Trd, 8639363.182, 140
Trd, 8639363.932, 140
Trd, 8639364.432, 140
Trd, 8639364.632, 124
Trd, 8639364.882, 123
Trd, 8639365.332, 63
Trd, 8639366.582, 140
Trd, 8639366.782, 140
Trd, 8639368.482, 140
Trd, 8639368.832, 140
Trd, 8639369.732, 140
Trd, 8639369.832, 139
Trd, 8639369.982, 138
Trd, 8639371.132, 116
Trd, 8639371.232, 85
Trd, 8639372.482, 100
Trd, 8639372.682, 89
Trd, 8639372.782, 115
Trd, 8639372.982, 118
Trd, 8639374.082, 81
Trd, 8639375.232, 140
Trd, 8639375.732, 139
Trd, 8639377.232, 61
Trd, 8639377.782, 67
Trd, 8639378.882, 72
Trd, 8639379.382, 109
Trd, 8639380.582, 87
Trd, 8639381.232, 99
Trd, 8639382.432, 101
Trd, 8639382.482, 99
Trd, 8639382.832, 67
Trd, 8639383.132, 118
Trd, 8639384.282, 60
Trd, 8639384.432, 67
Trd, 8639384.982, 140
Trd, 8639386.532, 140
Trd, 8639387.132, 140
Trd, 8639387.382, 140
Trd, 8639388.182, 140
Trd, 8639388.932, 107
Trd, 8639389.332, 79
Trd, 8639390.282, 60
Trd, 8639391.232, 137
Trd, 8639391.832, 71
Trd, 8639392.432, 139
Trd, 8639393.382, 70
Trd, 8639394.482, 140
Trd, 8639395.182, 80
Trd, 8639395.282, 79
Trd, 8639395.632, 74
Trd, 8639397.532, 140
Trd, 8639397.832, 120
Trd, 8639398.582, 118
Trd, 8639400.132, 140
Trd, 8639400.532, 140
Trd, 8639400.632, 139
Trd, 8639400.732, 100
Trd, 8639401.032, 113
Trd, 8639402.832, 140
Trd, 8639403.082, 140
Trd, 8639403.382, 140
Trd, 8639403.782, 134
Trd, 8639405.482, 140
Trd, 8639405.782, 140
Trd, 8639407.832, 140
Trd, 8639408.082, 140
Trd, 8639409.682, 140
Trd, 8639410.582, 140
Trd, 8639410.732, 140
Trd, 8639410.832, 95
Trd, 8639411.682, 138
Trd, 8639413.132, 139
Trd, 8639413.782, 96
Trd, 8639413.882, 139
Trd, 8639415.282, 140
Trd, 8639415.382, 140
Trd, 8639415.582, 140
Trd, 8639416.932, 140
Trd, 8639417.382, 140
Trd, 8639419.182, 140
Trd, 8639420.232, 140
Trd, 8639421.732, 140
Trd, 8639421.882, 140
Trd, 8639422.032, 140
Trd, 8639423.232, 140
Trd, 8639423.332, 139
Trd, 8639423.782, 136
Trd, 8639423.982, 132
Trd, 8639424.282, 111
Trd, 8639426.782, 81
Trd, 8639426.882, 79
Trd, 8639427.382, 140
Trd, 8639428.482, 140
Trd, 8639428.682, 140
Trd, 8639428.982, 121
Trd, 8639430.332, 138
Trd, 8639431.132, 124
Trd, 8639431.232, 119
Trd, 8639431.732, 133
Trd, 8639431.882, 84
Trd, 8639431.982, 78
Trd, 8639432.932, 140
Trd, 8639432.982, 138
Trd, 8639435.182, 120
Trd, 8639436.232, 119
Trd, 8639438.132, 140
Trd, 8639438.282, 140
Trd, 8639438.482, 140
Trd, 8639438.582, 140
Trd, 8639439.432, 140
Trd, 8639439.932, 140
Trd, 8639439.982, 135
Trd, 8639440.882, 140
Trd, 8639441.732, 139
Trd, 8639443.382, 140
Trd, 8639444.182, 140
Trd, 8639444.632, 140
Trd, 8639445.832, 140
Trd, 8639445.882, 140
Trd, 8639446.232, 140
Trd, 8639446.682, 140
Trd, 8639446.782, 138
Trd, 8639447.882, 140
Trd, 8639448.232, 128
Trd, 8639449.282, 84
Trd, 8639449.732, 70
Trd, 8639450.382, 107
Trd, 8639450.782, 106
Trd, 8639451.632, 140
Trd, 8639452.232, 104
Trd, 8639453.332, 60
Trd, 8639454.232, 136
Trd, 8639455.082, 64
Trd, 8639456.032, 61
Trd, 8639456.782, 65
Trd, 8639457.232, 72
Trd, 8639458.632, 140
Trd, 8639458.682, 140
Trd, 8639458.932, 140
Trd, 8639460.382, 140
Trd, 8639460.482, 140
Trd, 8639460.932, 126
Trd, 8639461.532, 107
Trd, 8639462.032, 66
Trd, 8639464.582, 140
Trd, 8639465.632, 140
Trd, 8639465.882, 140
Trd, 8639465.982, 140
Trd, 8639466.082, 139
Trd, 8639466.382, 137
Trd, 8639467.682, 137
Trd, 8639468.282, 139
Trd, 8639468.332, 96
Trd, 8639468.782, 139
Trd, 8639469.732, 134
Trd, 8639469.882, 117
Trd, 8639470.682, 140
Trd, 8639471.432, 140
Trd, 8639471.482, 139
Trd, 8639471.682, 139
Trd, 8639472.882, 61
Trd, 8639474.532, 60
Trd, 8639475.482, 60
Trd, 8639476.032, 61
Trd, 8639476.632, 70
Trd, 8639476.932, 70
Trd, 8639478.382, 61
Trd, 8639478.882, 64
Trd, 8639480.182, 67
Trd, 8639481.782, 62
Trd, 8639482.482, 74
Trd, 8639483.432, 63
Trd, 8639484.132, 121
Trd, 8639484.232, 121
Trd, 8639484.682, 121
Trd, 8639484.832, 133
Trd, 8639485.632, 137
Trd, 8639485.682, 88
Trd, 8639486.532, 92
Trd, 8639487.182, 140
Trd, 8639487.582, 128
Trd, 8639491.032, 83
Trd, 8639491.282, 82
Trd, 8639491.382, 128
Trd, 8639491.532, 80
Trd, 8639492.282, 140
Trd, 8639492.432, 140
Trd, 8639492.932, 95
Trd, 8639493.982, 138
Trd, 8639494.282, 137
Trd, 8639494.682, 139
Trd, 8639495.182, 138
Trd, 8639495.632, 89
Trd, 8639496.632, 62
Trd, 8639498.232, 60
Trd, 8639498.282, 60
Trd, 8639499.332, 62
Trd, 8639500.932, 105
Trd, 8639501.582, 61
Trd, 8639501.932, 64
Trd, 8639502.132, 100
Trd, 8639503.032, 77
Trd, 8639503.532, 70
Trd, 8639504.582, 140
Trd, 8639506.432, 140
Trd, 8639507.132, 140
Trd, 8639507.282, 126
Trd, 8639507.632, 93
Trd, 8639508.832, 128
Trd, 8639508.932, 138
Trd, 8639509.632, 83
Trd, 8639510.482, 140
Trd, 8639510.782, 87
Trd, 8639511.032, 82
Trd, 8639512.382, 140
Trd, 8639512.732, 140
Trd, 8639512.832, 111
Trd, 8639513.132, 139
Trd, 8639514.182, 118
Trd, 8639514.332, 116
Trd, 8639514.482, 96
Trd, 8639515.782, 91
Trd, 8639517.332, 140
Trd, 8639517.432, 136
Trd, 8639517.582, 120
Trd, 8639517.632, 119
Trd, 8639519.132, 137
Trd, 8639519.782, 80
Trd, 8639521.682, 60
Trd, 8639521.832, 60
Trd, 8639522.082, 63
Trd, 8639522.682, 94
Trd, 8639523.382, 93
Trd, 8639523.732, 137
Trd, 8639524.282, 70
Trd, 8639524.982, 65
Trd, 8639526.182, 67
Trd, 8639526.832, 70
Trd, 8639527.032, 125
Trd, 8639527.232, 69
Trd, 8639528.232, 136
Trd, 8639528.332, 136
Trd, 8639528.382, 135
Trd, 8639529.532, 65
Trd, 8639530.732, 60
Trd, 8639531.232, 63
Trd, 8639531.832, 76
Trd, 8639533.782, 64
Trd, 8639533.982, 60
Trd, 8639534.582, 60
Trd, 8639534.632, 78
Trd, 8639534.732, 79
Trd, 8639535.782, 64
Trd, 8639536.182, 76
Trd, 8639536.332, 104
Trd, 8639537.082, 91
Trd, 8639538.032, 140
Trd, 8639539.282, 140
Trd, 8639540.882, 140
Trd, 8639541.182, 140
Trd, 8639541.332, 140
Trd, 8639541.832, 140
Trd, 8639542.382, 140
Trd, 8639543.832, 140
Trd, 8639544.032, 140
Trd, 8639544.432, 140
Trd, 8639545.432, 110
Trd, 8639547.082, 114
Trd, 8639547.182, 136
Trd, 8639547.732, 115
Trd, 8639547.832, 65
Trd, 8639548.482, 65
Trd, 8639549.332, 60
Trd, 8639551.482, 61
Trd, 8639551.682, 63
Trd, 8639552.232, 77
Trd, 8639552.482, 65
Trd, 8639554.182, 73
Trd, 8639554.232, 79
Trd, 8639554.582, 70
Trd, 8639555.632, 140
Trd, 8639557.082, 140
Trd, 8639557.482, 139
Trd, 8639558.082, 140
Trd, 8639559.782, 140
Trd, 8639560.282, 140
Trd, 8639560.882, 136
Trd, 8639561.832, 62
Trd, 8639562.682, 98
Trd, 8639562.732, 100
Trd, 8639562.932, 65
Trd, 8639563.732, 94
Trd, 8639564.582, 130
Trd, 8639564.732, 102
Trd, 8639565.232, 95
Trd, 8639566.332, 140
Trd, 8639567.332, 140
Trd, 8639568.032, 138
Trd, 8639568.332, 138
Trd, 8639568.832, 122
Trd, 8639569.632, 140
Trd, 8639570.082, 140
Trd, 8639571.582, 140
Trd, 8639571.732, 140
Trd, 8639571.782, 122
Trd, 8639572.132, 88
Trd, 8639573.382, 140
Trd, 8639573.832, 140
Trd, 8639574.082, 140
Trd, 8639574.332, 83
Trd, 8639575.882, 139
Trd, 8639575.982, 80
Trd, 8639577.332, 67
Trd, 8639578.232, 101
Trd, 8639578.582, 140
Trd, 8639579.532, 140
Trd, 8639579.732, 92
Trd, 8639580.532, 91
Trd, 8639581.882, 140
Trd, 8639582.482, 140
Trd, 8639582.532, 139
Trd, 8639584.182, 140
Trd, 8639584.432, 140
Trd, 8639584.932, 133
Trd, 8639585.882, 104
Trd, 8639586.182, 102
Trd, 8639586.982, 117
Trd, 8639587.232, 93
Trd, 8639587.532, 118
Trd, 8639588.382, 60
Trd, 8639589.782, 60
Trd, 8639590.332, 95
Trd, 8639591.882, 72
Trd, 8639592.182, 73
Trd, 8639592.982, 66
Trd, 8639593.632, 60
Trd, 8639593.982, 61
Trd, 8639595.032, 130
Trd, 8639595.332, 133
Trd, 8639597.282, 140
Trd, 8639597.482, 140
Trd, 8639598.132, 130
Trd, 8639598.632, 91
Trd, 8639599.782, 64
Trd, 8639600.382, 88
Trd, 8639601.732, 60
Trd, 8639601.932, 66
Trd, 8639602.032, 66
Trd, 8639602.132, 126
Trd, 8639602.582, 64
Trd, 8639603.782, 140
Trd, 8639603.832, 139
Trd, 8639604.332, 130
Trd, 8639605.582, 138
Trd, 8639606.082, 140
Trd, 8639608.132, 60
Trd, 8639609.282, 64
Trd, 8639609.332, 65
Trd, 8639610.082, 66
Trd, 8639610.482, 64
Trd, 8639612.282, 66
Trd, 8639613.132, 140
Trd, 8639613.232, 120
Trd, 8639613.932, 114
Trd, 8639615.032, 113
Trd, 8639615.582, 69
Trd, 8639616.332, 89
Trd, 8639616.582, 96
Trd, 8639617.082, 90
Trd, 8639619.332, 60
Trd, 8639620.232, 61
Trd, 8639620.632, 63
Trd, 8639621.382, 61
Trd, 8639622.582, 77
Trd, 8639623.032, 77
Trd, 8639623.332, 115
Trd, 8639623.432, 114
Trd, 8639625.432, 140
Trd, 8639627.182, 140
Trd, 8639627.382, 140
Trd, 8639627.482, 140
Trd, 8639627.832, 140
Trd, 8639628.082, 140
Trd, 8639628.132, 140
Trd, 8639629.432, 130
Trd, 8639630.582, 140
Trd, 8639631.032, 128
Trd, 8639631.982, 140
Trd, 8639632.732, 140
Trd, 8639633.282, 139
Trd, 8639633.632, 140
Trd, 8639634.482, 128
Trd, 8639634.682, 127
Trd, 8639637.282, 140
Trd, 8639637.882, 140
Trd, 8639638.282, 123
Trd, 8639638.432, 139
Trd, 8639639.582, 92
Trd, 8639640.682, 140
Trd, 8639641.482, 139
Trd, 8639642.982, 140
Trd, 8639643.032, 140
Trd, 8639643.182, 131
Trd, 8639643.382, 118
Trd, 8639643.632, 111
Trd, 8639643.932, 140
Trd, 8639646.532, 112
Trd, 8639646.782, 111
Trd, 8639648.332, 140
Trd, 8639648.632, 99
Trd, 8639649.832, 140
Trd, 8639651.132, 140
Trd, 8639651.932, 140
Trd, 8639652.432, 140
Trd, 8639652.782, 140
Trd, 8639652.932, 113
Trd, 8639654.882, 140
Trd, 8639655.432, 140
Trd, 8639655.632, 140
Trd, 8639656.932, 140
Trd, 8639657.732, 140
Trd, 8639658.032, 138
Trd, 8639659.182, 140
Trd, 8639660.882, 140
Trd, 8639660.982, 140
Trd, 8639662.482, 140
Trd, 8639662.582, 140
Trd, 8639662.682, 140
Trd, 8639662.732, 140
Trd, 8639663.332, 136
Trd, 8639664.532, 126
Trd, 8639664.932, 89
Trd, 8639665.882, 119
Trd, 8639666.282, 118
Trd, 8639666.632, 109
Trd, 8639666.732, 135
Trd, 8639668.382, 140
Trd, 8639669.132, 139
Trd, 8639670.182, 140
Trd, 8639670.532, 140
Trd, 8639670.682, 140
Trd, 8639671.032, 138
Trd, 8639671.882, 111
Trd, 8639671.982, 96
Trd, 8639674.182, 60
Trd, 8639676.282, 60
Trd, 8639676.382, 71
Trd, 8639677.882, 126
Trd, 8639678.132, 132
Trd, 8639678.832, 68
Trd, 8639679.832, 60
Trd, 8639679.932, 61
Trd, 8639680.782, 63
Trd, 8639681.332, 74
Trd, 8639681.432, 70
Trd, 8639681.832, 68
Trd, 8639683.432, 84
Trd, 8639683.632, 90
Trd, 8639684.582, 84
Trd, 8639685.232, 103
Trd, 8639685.432, 67
Trd, 8639685.482, 69
Trd, 8639686.482, 105
Trd, 8639686.782, 136
Trd, 8639687.632, 139
Trd, 8639690.832, 95
Trd, 8639691.132, 111
Trd, 8639691.532, 113
Trd, 8639691.582, 96
Trd, 8639692.082, 89
Trd, 8639692.282, 88
Trd, 8639692.782, 138
Trd, 8639693.382, 140
Trd, 8639694.332, 140
Trd, 8639694.382, 139
Trd, 8639694.682, 125
Trd, 8639697.182, 60
Trd, 8639697.582, 139
Trd, 8639697.782, 80
Trd, 8639698.682, 60
Trd, 8639699.732, 126
Trd, 8639700.082, 127
Trd, 8639701.032, 140
Trd, 8639701.482, 125
Trd, 8639701.982, 126
Trd, 8639702.182, 125
Trd, 8639702.282, 124
Trd, 8639703.682, 139
Trd, 8639704.532, 140
Trd, 8639704.882, 139
Trd, 8639705.482, 139
Trd, 8639705.732, 69
Trd, 8639707.832, 61
Trd, 8639708.232, 68
Trd, 8639708.682, 85
Trd, 8639709.982, 140
Trd, 8639710.332, 140
Trd, 8639710.432, 138
Trd, 8639710.582, 139
Trd, 8639711.432, 65
Trd, 8639713.582, 73
Trd, 8639714.032, 65
Trd, 8639715.282, 60
Trd, 8639716.382, 78
Trd, 8639716.682, 128
Trd, 8639718.132, 108
Trd, 8639718.382, 82
Trd, 8639718.482, 81
Trd, 8639719.632, 140
Trd, 8639721.082, 89
Trd, 8639721.132, 68
Trd, 8639721.182, 113
Trd, 8639721.882, 134
Trd, 8639723.032, 140
Trd, 8639723.482, 139
Trd, 8639724.132, 135
Trd, 8639724.482, 119
Trd, 8639725.182, 137
Trd, 8639725.632, 140
Trd, 8639726.232, 112
Trd, 8639727.482, 104
Trd, 8639727.782, 113
Trd, 8639727.882, 138
Trd, 8639730.132, 132
Trd, 8639731.182, 140
Trd, 8639732.082, 140
Trd, 8639732.132, 140
Trd, 8639732.182, 139
Trd, 8639734.532, 140
Trd, 8639735.532, 140
Trd, 8639736.332, 140
Trd, 8639737.032, 140
Trd, 8639737.232, 140
Trd, 8639737.482, 140
Trd, 8639737.532, 133
Trd, 8639737.932, 139
Trd, 8639740.132, 140
Trd, 8639741.032, 140
Trd, 8639741.682, 140
Trd, 8639741.782, 140
Trd, 8639742.382, 140
Trd, 8639743.032, 139
Trd, 8639743.432, 100
Trd, 8639744.132, 127
Trd, 8639746.432, 131
Trd, 8639746.632, 123
Trd, 8639747.082, 140
Trd, 8639747.132, 140
Trd, 8639747.382, 140
Trd, 8639747.432, 129
Trd, 8639747.532, 122
Trd, 8639749.482, 72
Trd, 8639749.982, 140
Trd, 8639750.182, 139
Trd, 8639751.382, 140
Trd, 8639752.032, 140
Trd, 8639752.532, 140
Trd, 8639753.882, 140
Trd, 8639754.682, 140
Trd, 8639755.482, 140
Trd, 8639755.582, 139
Trd, 8639755.882, 138
Trd, 8639756.082, 135
Trd, 8639756.582, 138
Trd, 8639757.082, 138
Trd, 8639757.432, 140
Trd, 8639758.682, 140
Trd, 8639759.482, 117
Trd, 8639760.282, 113
Trd, 8639760.432, 101
Trd, 8639761.932, 62
Trd, 8639762.382, 67
Trd, 8639762.932, 134
Trd, 8639763.032, 127
Trd, 8639763.182, 127
Trd, 8639763.332, 126
Trd, 8639764.782, 61
Trd, 8639766.582, 140
Trd, 8639767.682, 140
Trd, 8639768.582, 140
Trd, 8639769.332, 140
Trd, 8639769.482, 140
Trd, 8639769.832, 140
Trd, 8639770.282, 140
Trd, 8639770.782, 140
Trd, 8639771.182, 89
Trd, 8639772.032, 95
Trd, 8639772.332, 88
Trd, 8639772.782, 96
Trd, 8639773.832, 60
Trd, 8639774.732, 62
Trd, 8639775.332, 62
Trd, 8639777.632, 60
Trd, 8639778.582, 60
Trd, 8639778.832, 60
Trd, 8639779.982, 60
Trd, 8639781.232, 65
Trd, 8639781.432, 73
Trd, 8639782.182, 61
Trd, 8639783.382, 60
Trd, 8639783.832, 60
Trd, 8639784.582, 61
Trd, 8639784.732, 63
Trd, 8639786.232, 116
Trd, 8639786.332, 140
Trd, 8639786.932, 79
Trd, 8639786.982, 65
Trd, 8639788.132, 66
Trd, 8639789.082, 70
Trd, 8639789.582, 94
Trd, 8639790.282, 119
Trd, 8639792.332, 85
Trd, 8639793.232, 77
Trd, 8639794.082, 80
Trd, 8639794.432, 119
Trd, 8639794.632, 80
Trd, 8639794.982, 79
Trd, 8639795.532, 140
Trd, 8639796.182, 126
Trd, 8639797.732, 140
Trd, 8639797.882, 140
Trd, 8639798.282, 140
Trd, 8639798.532, 140
Trd, 8639798.682, 126
Trd, 8639799.432, 110
Trd, 8639800.632, 64
Trd, 8639802.932, 114
Trd, 8639803.232, 123
Trd, 8639804.382, 61
Trd, 8639804.732, 61
Trd, 8639804.932, 65
Trd, 8639805.782, 67
Trd, 8639805.832, 65
Trd, 8639806.932, 76
Trd, 8639808.332, 97
Trd, 8639808.532, 76
Trd, 8639809.332, 107
Trd, 8639810.782, 140
Trd, 8639811.132, 140
Trd, 8639811.832, 140
Trd, 8639812.482, 140
Trd, 8639812.632, 140
Trd, 8639813.532, 140
Trd, 8639814.482, 140
Trd, 8639814.882, 118
Trd, 8639815.882, 138
Trd, 8639815.982, 136
Trd, 8639817.632, 127
Trd, 8639817.982, 107
Trd, 8639818.232, 126
Trd, 8639818.732, 106
Trd, 8639819.732, 96
Trd, 8639820.332, 63
Trd, 8639821.532, 62
Trd, 8639821.682, 62
Trd, 8639822.682, 65
Trd, 8639823.382, 65
Trd, 8639823.532, 117
Trd, 8639823.882, 70
Trd, 8639824.132, 65
Trd, 8639825.832, 61
Trd, 8639825.932, 69
Trd, 8639826.582, 112
Trd, 8639827.832, 128
Trd, 8639828.032, 129
Trd, 8639829.032, 140
Trd, 8639829.932, 140
Trd, 8639830.582, 140
Trd, 8639830.782, 123
Trd, 8639832.132, 139
Trd, 8639832.682, 140
Trd, 8639832.982, 89
Trd, 8639834.582, 139
Trd, 8639834.632, 139
Trd, 8639835.282, 100
Trd, 8639835.532, 100
Trd, 8639835.632, 99
Trd, 8639837.132, 97
Trd, 8639837.432, 68
Trd, 8639838.432, 98
Trd, 8639839.432, 65
Trd, 8639839.882, 63
Trd, 8639842.332, 140
Trd, 8639843.032, 140
Trd, 8639843.182, 140
Trd, 8639843.432, 139
Trd, 8639844.382, 140
Trd, 8639844.432, 139
Trd, 8639844.832, 110
Trd, 8639845.032, 113
Trd, 8639846.332, 138
Trd, 8639846.782, 138
Trd, 8639847.382, 137
Trd, 8639847.782, 140
Trd, 8639847.932, 123
Trd, 8639849.282, 140
Trd, 8639849.982, 140
Trd, 8639851.032, 140
Trd, 8639851.532, 140
Trd, 8639851.582, 138
Trd, 8639851.982, 113
Trd, 8639852.282, 61
Trd, 8639853.082, 66
Trd, 8639854.332, 140
Trd, 8639855.032, 140
Trd, 8639855.182, 140
Trd, 8639856.032, 127
Trd, 8639856.132, 91
Trd, 8639856.782, 65
Trd, 8639858.332, 140
Trd, 8639858.482, 140
Trd, 8639859.182, 140
Trd, 8639859.982, 140
Trd, 8639860.232, 139
Trd, 8639861.032, 100
Trd, 8639861.282, 96
Trd, 8639862.182, 140
Trd, 8639862.382, 140
Trd, 8639863.832, 140
Trd, 8639864.332, 138
Trd, 8639864.382, 137
Trd, 8639866.082, 140
Trd, 8639866.282, 140
Trd, 8639866.782, 139
Trd, 8639866.982, 103
Trd, 8639867.132, 82
Trd, 8639869.332, 140
Trd, 8639869.632, 140
Trd, 8639870.382, 140
Trd, 8639872.682, 140
Trd, 8639873.282, 140
Trd, 8639873.632, 140
Trd, 8639874.082, 140
Trd, 8639874.232, 139
Trd, 8639874.282, 138
Trd, 8639874.982, 140
Trd, 8639875.182, 131
Trd, 8639875.382, 94
Trd, 8639876.732, 138
Trd, 8639877.582, 140
Trd, 8639877.982, 94
Trd, 8639878.882, 102
Trd, 8639879.982, 129
Trd, 8639880.882, 139
Trd, 8639881.882, 140
Trd, 8639882.532, 140
Trd, 8639882.582, 140
Trd, 8639882.932, 139
Trd, 8639883.582, 137
Trd, 8639884.482, 140
Trd, 8639884.732, 140
Trd, 8639886.082, 140
Trd, 8639886.482, 138
Trd, 8639887.182, 88
Trd, 8639888.332, 140
Trd, 8639888.582, 140
Trd, 8639890.132, 140
Trd, 8639891.682, 140
Trd, 8639892.282, 140
Trd, 8639893.532, 140
Trd, 8639894.932, 140
Trd, 8639895.032, 140
Trd, 8639896.732, 140
Trd, 8639896.982, 140
Trd, 8639897.382, 138
Trd, 8639897.432, 104
Trd, 8639898.482, 139
Trd, 8639898.532, 70
Trd, 8639899.532, 130
Trd, 8639900.032, 109
Trd, 8639900.132, 108
Trd, 8639901.282, 124
Trd, 8639903.082, 62
Trd, 8639903.382, 64
Trd, 8639904.482, 62
Trd, 8639904.982, 60
Trd, 8639906.032, 102
Trd, 8639906.632, 140
Trd, 8639907.132, 140
Trd, 8639907.182, 140
Trd, 8639907.732, 140
Trd, 8639908.382, 140
Trd, 8639908.782, 112
Trd, 8639909.332, 140
Trd, 8639909.732, 93
Trd, 8639909.882, 104
Trd, 8639910.432, 136
Trd, 8639910.782, 135
Trd, 8639911.682, 136
Trd, 8639912.282, 90
Trd, 8639913.782, 139
Trd, 8639914.282, 129
Trd, 8639914.682, 132
Trd, 8639914.832, 127
Trd, 8639915.632, 139
Trd, 8639915.682, 138
Trd, 8639916.232, 76
Trd, 8639918.782, 60
Trd, 8639918.882, 60
Trd, 8639919.632, 130
Trd, 8639920.332, 130
Trd, 8639920.432, 129
Trd, 8639920.682, 109
Trd, 8639921.582, 140
Trd, 8639921.782, 135
Trd, 8639922.232, 93
Trd, 8639922.632, 140
Trd, 8639923.532, 140
Trd, 8639924.282, 140
Trd, 8639925.132, 140
Trd, 8639925.182, 140
Trd, 8639925.232, 125
Trd, 8639925.982, 125
Trd, 8639926.032, 124
Trd, 8639926.132, 123
Trd, 8639927.882, 140
Trd, 8639928.182, 134
Trd, 8639929.032, 133
Trd, 8639929.432, 132
Trd, 8639930.332, 140
Trd, 8639930.482, 140
Trd, 8639930.782, 106
Trd, 8639932.482, 106
Trd, 8639932.532, 109
Trd, 8639933.032, 140
Trd, 8639933.232, 100
Trd, 8639934.682, 104
Trd, 8639935.082, 103
Trd, 8639935.332, 100
Trd, 8639936.432, 139
Trd, 8639936.982, 75
Trd, 8639937.182, 140
Trd, 8639937.832, 65
Trd, 8639939.232, 64
Trd, 8639939.432, 66
Trd, 8639939.732, 77
Trd, 8639941.232, 61
Trd, 8639941.882, 78
Trd, 8639942.782, 63
Trd, 8639943.282, 133
Trd, 8639943.732, 130
Trd, 8639944.982, 62
Trd, 8639945.882, 140
Trd, 8639946.132, 140
Trd, 8639946.282, 140
Trd, 8639948.332, 140
Trd, 8639948.632, 140
Trd, 8639948.782, 140
Trd, 8639949.082, 139
Trd, 8639949.182, 139
Trd, 8639950.132, 128
Trd, 8639950.532, 140
Trd, 8639950.782, 101
Trd, 8639952.332, 135
Trd, 8639953.482, 140
Trd, 8639953.982, 140
Trd, 8639954.532, 140
Trd, 8639955.182, 139
Trd, 8639955.732, 137
Trd, 8639955.882, 84
Trd, 8639957.482, 104
Trd, 8639957.532, 105
Trd, 8639957.632, 80
Trd, 8639959.832, 60
Trd, 8639960.682, 60
Trd, 8639961.182, 60
Trd, 8639962.182, 61
Trd, 8639963.332, 61
Trd, 8639963.882, 115
Trd, 8639965.132, 100
Trd, 8639965.282, 120
Trd, 8639965.532, 140
Trd, 8639965.732, 110
Trd, 8639966.582, 91
Trd, 8639967.082, 110
Trd, 8639968.032, 140
Trd, 8639969.982, 140
Trd, 8639970.782, 140
Trd, 8639971.332, 140
Trd, 8639971.982, 140
Trd, 8639972.032, 140
Trd, 8639973.032, 139
Trd, 8639973.132, 139
Trd, 8639974.382, 138
Trd, 8639974.882, 140
Trd, 8639975.332, 140
Trd, 8639976.832, 140
Trd, 8639978.432, 140
Trd, 8639978.932, 140
Trd, 8639979.782, 140
Trd, 8639980.882, 140
Trd, 8639980.982, 140
Trd, 8639981.132, 139
Trd, 8639981.182, 139
Trd, 8639981.882, 98
Trd, 8639982.832, 140
Trd, 8639983.182, 120
Trd, 8639983.382, 105
Trd, 8639983.982, 60
Trd, 8639984.182, 139
Trd, 8639984.832, 108
Trd, 8639986.082, 140
Trd, 8639986.782, 138
Trd, 8639987.232, 137
Trd, 8639987.282, 136
Trd, 8639989.382, 140
Trd, 8639989.532, 140
Trd, 8639990.432, 140
Trd, 8639990.482, 140
Trd, 8639991.682, 140
Trd, 8639992.082, 140
Trd, 8639992.532, 140
Trd, 8639992.632, 139
Trd, 8639994.582, 140
Trd, 8639994.632, 134
Trd, 8639995.232, 135
Trd, 8639996.132, 73
Trd, 8639997.082, 117
Trd, 8639997.882, 98
Trd, 8639998.082, 138
Trd, 8639998.682, 94
Trd, 8639999.932, 140
