Trd, 8638120.532, 60
Trd, 8638123.632, 60
Trd, 8638124.232, 60
Trd, 8638125.382, 62
Trd, 8638125.782, 63
Trd, 8638125.882, 65
Trd, 8638125.982, 65
Trd, 8638126.282, 67
Trd, 8638126.782, 60
Trd, 8638127.232, 63
Trd, 8638128.132, 62
Trd, 8638128.682, 61
Trd, 8638129.632, 66
Trd, 8638130.132, 72
Trd, 8638130.432, 99
Trd, 8638130.932, 75
Trd, 8638131.282, 76
Trd, 8638131.832, 79
Trd, 8638132.232, 78
Trd, 8638133.032, 117
Trd, 8638133.582, 78
Trd, 8638134.032, 78
Trd, 8638135.732, 71
Trd, 8638136.132, 60
Trd, 8638139.032, 65
Trd, 8638139.132, 64
Trd, 8638139.282, 62
Trd, 8638139.582, 61
Trd, 8638140.082, 61
Trd, 8638140.332, 62
Trd, 8638142.132, 140
Trd, 8638142.182, 140
Trd, 8638142.732, 140
Trd, 8638143.082, 140
Trd, 8638143.132, 140
Trd, 8638143.282, 140
Trd, 8638144.382, 68
Trd, 8638149.232, 62
Trd, 8638149.832, 60
Trd, 8638149.982, 60
Trd, 8638150.882, 70
Trd, 8638151.032, 69
Trd, 8638151.282, 71
Trd, 8638152.082, 76
Trd, 8638152.532, 140
Trd, 8638152.582, 74
Trd, 8638154.032, 69
Trd, 8638154.982, 73
Trd, 8638155.332, 71
Trd, 8638155.382, 70
Trd, 8638156.732, 60
Trd, 8638157.782, 60
Trd, 8638158.282, 60
Trd, 8638158.782, 60
Trd, 8638159.132, 60
Trd, 8638160.832, 63
Trd, 8638163.582, 60
Trd, 8638165.082, 60
Trd, 8638165.632, 61
Trd, 8638165.782, 61
Trd, 8638165.882, 63
Trd, 8638165.982, 64
Trd, 8638167.132, 68
Trd, 8638167.532, 70
Trd, 8638168.082, 72
Trd, 8638168.182, 70
Trd, 8638169.732, 66
Trd, 8638169.882, 73
Trd, 8638170.582, 66
Trd, 8638170.832, 67
Trd, 8638171.782, 76
Trd, 8638171.882, 75
Trd, 8638172.482, 79
Trd, 8638172.932, 79
Trd, 8638173.482, 84
Trd, 8638174.182, 140
Trd, 8638174.282, 140
Trd, 8638175.532, 81
Trd, 8638175.732, 80
Trd, 8638176.532, 65
Trd, 8638179.182, 60
Trd, 8638182.532, 60
Trd, 8638182.682, 61
Trd, 8638183.232, 61
Trd, 8638183.482, 61
Trd, 8638184.782, 62
Trd, 8638185.132, 61
Trd, 8638185.382, 61
Trd, 8638186.132, 62
Trd, 8638186.682, 64
Trd, 8638187.632, 67
Trd, 8638188.082, 69
Trd, 8638188.132, 132
Trd, 8638188.432, 70
Trd, 8638189.182, 77
Trd, 8638189.732, 72
Trd, 8638190.782, 80
Trd, 8638191.282, 116
Trd, 8638191.882, 88
Trd, 8638192.382, 91
Trd, 8638193.382, 99
Trd, 8638194.182, 112
Trd, 8638194.332, 105
Trd, 8638195.082, 106
Trd, 8638195.832, 108
Trd, 8638196.132, 109
Trd, 8638196.232, 107
Trd, 8638196.932, 111
Trd, 8638197.482, 113
Trd, 8638197.632, 112
Trd, 8638197.832, 109
Trd, 8638198.532, 138
Trd, 8638199.382, 105
Trd, 8638199.832, 106
Trd, 8638200.132, 107
Trd, 8638200.432, 106
Trd, 8638200.532, 111
Trd, 8638204.182, 60
Trd, 8638204.282, 76
Trd, 8638204.532, 76
Trd, 8638205.082, 77
Trd, 8638205.682, 140
Trd, 8638205.932, 118
Trd, 8638206.132, 67
Trd, 8638206.982, 140
Trd, 8638207.832, 75
Trd, 8638207.982, 72
Trd, 8638208.632, 65
Trd, 8638209.132, 64
Trd, 8638212.182, 63
Trd, 8638214.732, 60
Trd, 8638215.582, 60
Trd, 8638215.832, 61
Trd, 8638216.132, 62
Trd, 8638216.532, 63
Trd, 8638217.482, 68
Trd, 8638217.632, 67
Trd, 8638217.682, 74
Trd, 8638217.782, 63
Trd, 8638223.132, 61
Trd, 8638223.782, 60
Trd, 8638224.432, 60
Trd, 8638224.982, 62
Trd, 8638225.232, 63
Trd, 8638225.332, 64
Trd, 8638226.632, 73
Trd, 8638226.832, 74
Trd, 8638226.882, 71
Trd, 8638227.432, 77
Trd, 8638227.482, 76
Trd, 8638227.582, 75
Trd, 8638229.132, 78
Trd, 8638229.782, 81
Trd, 8638230.032, 78
Trd, 8638230.882, 100
Trd, 8638230.932, 82
Trd, 8638231.182, 81
Trd, 8638231.282, 80
Trd, 8638234.432, 61
Trd, 8638234.482, 66
Trd, 8638238.032, 60
Trd, 8638239.132, 61
Trd, 8638239.732, 61
Trd, 8638240.082, 62
Trd, 8638240.182, 63
Trd, 8638240.482, 63
Trd, 8638242.382, 61
Trd, 8638243.982, 60
Trd, 8638244.632, 60
Trd, 8638247.132, 60
Trd, 8638247.282, 60
Trd, 8638247.532, 61
Trd, 8638248.332, 62
Trd, 8638248.532, 63
Trd, 8638248.732, 72
Trd, 8638248.982, 79
Trd, 8638249.882, 64
Trd, 8638250.582, 66
Trd, 8638251.282, 67
Trd, 8638252.532, 74
Trd, 8638252.782, 73
Trd, 8638252.882, 79
Trd, 8638252.982, 68
Trd, 8638256.982, 61
Trd, 8638257.982, 61
Trd, 8638258.082, 61
Trd, 8638258.132, 62
Trd, 8638258.532, 63
Trd, 8638258.682, 62
Trd, 8638261.432, 60
Trd, 8638262.932, 63
Trd, 8638265.282, 60
Trd, 8638265.732, 61
Trd, 8638265.932, 63
Trd, 8638266.332, 61
Trd, 8638266.382, 62
Trd, 8638266.582, 61
Trd, 8638267.182, 65
Trd, 8638267.732, 65
Trd, 8638269.132, 65
Trd, 8638270.532, 65
Trd, 8638270.682, 63
Trd, 8638270.782, 60
Trd, 8638271.932, 62
Trd, 8638272.532, 61
Trd, 8638272.582, 61
Trd, 8638273.482, 64
Trd, 8638273.832, 63
Trd, 8638274.632, 65
Trd, 8638275.432, 65
Trd, 8638275.682, 64
Trd, 8638275.982, 63
Trd, 8638277.132, 60
Trd, 8638279.732, 60
Trd, 8638280.282, 61
Trd, 8638280.582, 61
Trd, 8638284.532, 61
Trd, 8638285.182, 61
Trd, 8638285.282, 63
Trd, 8638285.432, 63
Trd, 8638285.882, 64
Trd, 8638286.832, 65
Trd, 8638287.282, 65
Trd, 8638287.932, 64
Trd, 8638288.182, 61
Trd, 8638289.532, 69
Trd, 8638293.632, 62
Trd, 8638293.732, 62
Trd, 8638294.832, 60
Trd, 8638295.432, 62
Trd, 8638295.582, 61
Trd, 8638296.432, 64
Trd, 8638296.932, 64
Trd, 8638296.982, 64
Trd, 8638297.082, 65
Trd, 8638297.482, 64
Trd, 8638298.832, 71
Trd, 8638299.332, 72
Trd, 8638299.732, 70
Trd, 8638300.232, 131
Trd, 8638300.782, 72
Trd, 8638301.482, 74
Trd, 8638301.682, 72
Trd, 8638302.032, 71
Trd, 8638302.282, 67
Trd, 8638304.482, 60
Trd, 8638304.632, 61
Trd, 8638307.132, 62
Trd, 8638308.032, 60
Trd, 8638308.282, 60
Trd, 8638308.532, 61
Trd, 8638308.832, 63
Trd, 8638308.982, 64
Trd, 8638309.482, 63
Trd, 8638310.382, 67
Trd, 8638310.482, 67
Trd, 8638311.082, 67
Trd, 8638312.232, 62
Trd, 8638314.032, 62
Trd, 8638315.032, 61
Trd, 8638316.982, 60
Trd, 8638317.582, 60
Trd, 8638317.682, 61
Trd, 8638318.232, 62
Trd, 8638318.682, 61
Trd, 8638318.832, 62
Trd, 8638322.882, 60
Trd, 8638324.882, 61
Trd, 8638325.882, 62
Trd, 8638325.932, 63
Trd, 8638325.982, 63
Trd, 8638326.332, 64
Trd, 8638327.082, 65
Trd, 8638327.682, 67
Trd, 8638327.882, 69
Trd, 8638328.432, 71
Trd, 8638329.132, 71
Trd, 8638329.432, 72
Trd, 8638329.832, 73
Trd, 8638330.082, 73
Trd, 8638331.132, 72
Trd, 8638331.382, 70
Trd, 8638335.232, 60
Trd, 8638335.782, 63
Trd, 8638335.882, 63
Trd, 8638336.182, 64
Trd, 8638336.282, 61
Trd, 8638337.232, 60
Trd, 8638337.882, 64
Trd, 8638338.332, 65
Trd, 8638338.432, 64
Trd, 8638338.882, 65
Trd, 8638339.532, 69
Trd, 8638340.032, 70
Trd, 8638340.532, 60
Trd, 8638340.782, 137
Trd, 8638343.782, 61
Trd, 8638345.982, 60
Trd, 8638346.632, 62
Trd, 8638346.832, 63
Trd, 8638346.882, 63
Trd, 8638347.832, 87
Trd, 8638347.982, 86
Trd, 8638348.482, 62
Trd, 8638349.532, 62
Trd, 8638349.782, 64
Trd, 8638350.082, 68
Trd, 8638351.232, 68
Trd, 8638351.632, 67
Trd, 8638351.682, 65
Trd, 8638354.532, 60
Trd, 8638355.232, 60
Trd, 8638356.782, 60
Trd, 8638358.332, 61
Trd, 8638358.832, 60
Trd, 8638358.982, 60
Trd, 8638359.482, 61
Trd, 8638360.082, 62
Trd, 8638360.332, 63
Trd, 8638360.832, 61
Trd, 8638362.482, 61
Trd, 8638363.382, 60
Trd, 8638366.532, 60
Trd, 8638366.682, 61
Trd, 8638367.282, 62
Trd, 8638367.632, 66
Trd, 8638368.532, 66
Trd, 8638368.832, 66
Trd, 8638369.032, 70
Trd, 8638369.632, 64
Trd, 8638373.982, 60
Trd, 8638374.682, 60
Trd, 8638375.882, 62
Trd, 8638376.532, 63
Trd, 8638376.582, 63
Trd, 8638376.682, 63
Trd, 8638377.182, 68
Trd, 8638377.232, 66
Trd, 8638378.132, 68
Trd, 8638378.632, 66
Trd, 8638379.182, 65
Trd, 8638379.682, 64
Trd, 8638380.182, 72
Trd, 8638380.482, 68
Trd, 8638380.632, 67
Trd, 8638381.282, 70
Trd, 8638382.032, 70
Trd, 8638382.482, 67
Trd, 8638382.532, 101
Trd, 8638384.082, 61
Trd, 8638388.332, 60
Trd, 8638389.532, 60
Trd, 8638390.232, 62
Trd, 8638390.482, 64
Trd, 8638390.632, 65
Trd, 8638390.682, 63
Trd, 8638390.732, 62
Trd, 8638392.432, 63
Trd, 8638393.832, 62
Trd, 8638394.382, 61
Trd, 8638394.882, 65
Trd, 8638395.082, 65
Trd, 8638395.582, 67
Trd, 8638395.982, 70
Trd, 8638396.132, 70
Trd, 8638396.782, 72
Trd, 8638396.982, 86
Trd, 8638397.732, 76
Trd, 8638398.282, 80
Trd, 8638399.282, 88
Trd, 8638399.632, 89
Trd, 8638399.982, 90
Trd, 8638400.182, 89
Trd, 8638401.582, 137
Trd, 8638401.832, 134
Trd, 8638405.132, 61
Trd, 8638407.582, 61
Trd, 8638407.982, 61
Trd, 8638408.282, 63
Trd, 8638408.632, 71
Trd, 8638408.932, 71
Trd, 8638410.282, 80
Trd, 8638410.632, 133
Trd, 8638410.782, 81
Trd, 8638410.882, 79
Trd, 8638411.732, 78
Trd, 8638413.182, 83
Trd, 8638414.032, 126
Trd, 8638414.582, 127
Trd, 8638414.982, 125
Trd, 8638415.782, 85
Trd, 8638416.032, 85
Trd, 8638416.082, 84
Trd, 8638416.332, 106
Trd, 8638418.382, 60
Trd, 8638421.732, 60
Trd, 8638421.882, 60
Trd, 8638422.482, 60
Trd, 8638422.782, 61
Trd, 8638422.882, 62
Trd, 8638423.832, 65
Trd, 8638424.082, 61
Trd, 8638424.232, 68
Trd, 8638425.432, 67
Trd, 8638426.732, 80
Trd, 8638427.232, 81
Trd, 8638427.632, 82
Trd, 8638428.482, 85
Trd, 8638429.182, 139
Trd, 8638429.382, 89
Trd, 8638429.682, 87
Trd, 8638432.132, 61
Trd, 8638433.732, 66
Trd, 8638433.782, 65
Trd, 8638434.232, 65
Trd, 8638434.382, 65
Trd, 8638434.682, 66
Trd, 8638434.782, 66
Trd, 8638435.332, 76
Trd, 8638437.082, 70
Trd, 8638437.332, 72
Trd, 8638438.932, 74
Trd, 8638439.032, 73
Trd, 8638439.082, 75
Trd, 8638439.132, 70
Trd, 8638442.132, 60
Trd, 8638442.732, 60
Trd, 8638443.432, 60
Trd, 8638444.932, 61
Trd, 8638445.032, 62
Trd, 8638445.382, 60
Trd, 8638445.882, 61
Trd, 8638446.532, 62
Trd, 8638446.632, 63
Trd, 8638447.432, 140
Trd, 8638447.882, 102
Trd, 8638448.182, 67
Trd, 8638448.882, 67
Trd, 8638455.182, 61
Trd, 8638455.382, 62
Trd, 8638455.482, 64
Trd, 8638455.682, 64
Trd, 8638455.982, 64
Trd, 8638456.232, 66
Trd, 8638456.582, 69
Trd, 8638456.732, 68
Trd, 8638457.382, 68
Trd, 8638457.532, 64
Trd, 8638457.582, 63
Trd, 8638460.432, 61
Trd, 8638461.532, 60
Trd, 8638462.732, 60
Trd, 8638463.482, 61
Trd, 8638463.682, 61
Trd, 8638463.982, 60
Trd, 8638464.282, 71
Trd, 8638464.982, 63
Trd, 8638465.482, 64
Trd, 8638465.932, 65
Trd, 8638466.032, 63
Trd, 8638467.832, 71
Trd, 8638468.382, 75
Trd, 8638469.132, 73
Trd, 8638469.382, 115
Trd, 8638470.182, 71
Trd, 8638470.782, 70
Trd, 8638471.082, 70
Trd, 8638471.382, 69
Trd, 8638472.182, 90
Trd, 8638473.332, 110
Trd, 8638473.732, 73
Trd, 8638474.032, 119
Trd, 8638474.582, 77
Trd, 8638475.182, 74
Trd, 8638475.432, 75
Trd, 8638475.532, 73
Trd, 8638476.282, 76
Trd, 8638477.732, 140
Trd, 8638478.232, 140
Trd, 8638479.732, 140
Trd, 8638480.032, 140
Trd, 8638480.182, 140
Trd, 8638480.432, 140
Trd, 8638481.132, 140
Trd, 8638481.332, 140
Trd, 8638481.732, 136
Trd, 8638483.982, 60
Trd, 8638485.382, 60
Trd, 8638488.432, 60
Trd, 8638488.532, 60
Trd, 8638488.782, 61
Trd, 8638489.182, 62
Trd, 8638489.382, 63
Trd, 8638489.432, 62
Trd, 8638491.132, 64
Trd, 8638491.382, 64
Trd, 8638491.982, 65
Trd, 8638492.432, 73
Trd, 8638492.932, 69
Trd, 8638493.232, 68
Trd, 8638494.382, 72
Trd, 8638495.182, 69
Trd, 8638495.882, 70
Trd, 8638495.932, 69
Trd, 8638496.082, 123
Trd, 8638497.332, 76
Trd, 8638498.132, 82
Trd, 8638499.932, 140
Trd, 8638499.982, 140
Trd, 8638500.732, 140
Trd, 8638500.932, 140
Trd, 8638501.232, 140
Trd, 8638501.532, 140
Trd, 8638502.932, 60
Trd, 8638506.182, 60
Trd, 8638507.882, 60
Trd, 8638508.182, 60
Trd, 8638508.282, 61
Trd, 8638508.432, 61
Trd, 8638509.532, 73
Trd, 8638509.732, 71
Trd, 8638509.782, 68
Trd, 8638510.982, 65
Trd, 8638511.282, 89
Trd, 8638511.382, 67
Trd, 8638511.482, 64
Trd, 8638513.882, 60
Trd, 8638514.432, 62
Trd, 8638514.632, 63
Trd, 8638515.132, 72
Trd, 8638515.932, 69
Trd, 8638516.382, 69
Trd, 8638516.632, 68
Trd, 8638516.782, 87
Trd, 8638518.032, 69
Trd, 8638518.082, 66
Trd, 8638521.482, 61
Trd, 8638523.432, 61
Trd, 8638523.532, 60
Trd, 8638523.782, 61
Trd, 8638524.582, 64
Trd, 8638525.132, 62
Trd, 8638525.332, 60
Trd, 8638527.382, 61
Trd, 8638528.732, 61
Trd, 8638529.082, 62
Trd, 8638529.532, 65
Trd, 8638529.882, 64
Trd, 8638530.182, 66
Trd, 8638530.932, 68
Trd, 8638531.532, 68
Trd, 8638531.682, 70
Trd, 8638534.332, 60
Trd, 8638534.832, 61
Trd, 8638537.782, 60
Trd, 8638537.932, 60
Trd, 8638537.982, 60
Trd, 8638538.082, 60
Trd, 8638538.482, 63
Trd, 8638539.032, 64
Trd, 8638539.082, 66
Trd, 8638539.782, 68
Trd, 8638539.932, 67
Trd, 8638540.532, 67
Trd, 8638541.182, 69
Trd, 8638541.282, 67
Trd, 8638541.482, 66
Trd, 8638545.882, 63
Trd, 8638546.482, 62
Trd, 8638549.032, 63
Trd, 8638549.182, 66
Trd, 8638549.332, 66
Trd, 8638549.682, 65
Trd, 8638549.982, 64
Trd, 8638550.232, 63
Trd, 8638550.782, 66
Trd, 8638551.182, 65
Trd, 8638552.082, 111
Trd, 8638553.232, 135
Trd, 8638553.382, 113
Trd, 8638553.582, 111
Trd, 8638554.582, 114
Trd, 8638555.432, 113
Trd, 8638555.882, 114
Trd, 8638555.982, 109
Trd, 8638556.082, 108
Trd, 8638556.882, 140
Trd, 8638557.232, 140
Trd, 8638557.782, 140
Trd, 8638558.532, 140
Trd, 8638558.982, 106
Trd, 8638559.682, 61
Trd, 8638562.082, 61
Trd, 8638564.132, 60
Trd, 8638564.182, 61
Trd, 8638564.432, 61
Trd, 8638564.582, 85
Trd, 8638565.332, 67
Trd, 8638566.032, 74
Trd, 8638567.332, 140
Trd, 8638567.432, 140
Trd, 8638567.482, 140
Trd, 8638568.582, 140
Trd, 8638569.032, 140
Trd, 8638569.632, 140
Trd, 8638570.032, 140
Trd, 8638570.732, 140
Trd, 8638570.882, 140
Trd, 8638571.182, 140
Trd, 8638572.032, 140
Trd, 8638572.832, 136
Trd, 8638573.432, 138
Trd, 8638574.332, 140
Trd, 8638575.582, 140
Trd, 8638575.832, 140
Trd, 8638575.932, 140
Trd, 8638576.882, 140
Trd, 8638577.032, 140
Trd, 8638577.782, 140
Trd, 8638578.432, 140
Trd, 8638579.182, 139
Trd, 8638581.432, 62
Trd, 8638581.732, 60
Trd, 8638582.032, 66
Trd, 8638582.382, 68
Trd, 8638582.482, 67
Trd, 8638583.482, 74
Trd, 8638583.782, 74
Trd, 8638583.882, 73
Trd, 8638584.382, 68
Trd, 8638584.532, 68
Trd, 8638585.682, 60
Trd, 8638585.832, 73
Trd, 8638590.682, 63
Trd, 8638593.182, 60
Trd, 8638593.532, 60
Trd, 8638593.632, 61
Trd, 8638594.132, 61
Trd, 8638594.282, 60
Trd, 8638594.482, 61
Trd, 8638594.782, 62
Trd, 8638595.882, 61
Trd, 8638596.132, 63
Trd, 8638596.832, 68
Trd, 8638597.532, 66
Trd, 8638597.882, 65
Trd, 8638598.182, 64
Trd, 8638599.032, 68
Trd, 8638600.032, 85
Trd, 8638600.182, 66
Trd, 8638600.282, 65
Trd, 8638601.932, 62
Trd, 8638604.182, 63
Trd, 8638607.982, 60
Trd, 8638608.182, 63
Trd, 8638608.282, 62
Trd, 8638608.632, 80
Trd, 8638608.832, 64
Trd, 8638609.182, 65
Trd, 8638610.182, 76
Trd, 8638610.832, 77
Trd, 8638611.432, 76
Trd, 8638611.782, 76
Trd, 8638611.982, 74
Trd, 8638612.132, 85
Trd, 8638613.882, 60
Trd, 8638616.332, 60
Trd, 8638617.832, 62
Trd, 8638617.932, 62
Trd, 8638618.182, 64
Trd, 8638618.832, 66
Trd, 8638619.232, 65
Trd, 8638619.482, 66
Trd, 8638619.532, 65
Trd, 8638620.132, 68
Trd, 8638620.632, 118
Trd, 8638620.882, 71
Trd, 8638621.082, 72
Trd, 8638621.382, 70
Trd, 8638622.732, 62
Trd, 8638626.982, 60
Trd, 8638627.082, 61
Trd, 8638627.132, 61
Trd, 8638627.382, 69
Trd, 8638627.582, 62
Trd, 8638627.932, 63
Trd, 8638628.282, 65
Trd, 8638628.382, 62
Trd, 8638629.782, 73
Trd, 8638629.882, 107
Trd, 8638629.932, 72
Trd, 8638630.532, 72
Trd, 8638631.082, 73
Trd, 8638631.782, 72
Trd, 8638635.832, 60
Trd, 8638636.232, 60
Trd, 8638636.882, 61
Trd, 8638637.332, 62
Trd, 8638637.482, 60
Trd, 8638637.632, 61
Trd, 8638638.382, 63
Trd, 8638638.982, 64
Trd, 8638639.032, 70
Trd, 8638640.082, 67
Trd, 8638640.582, 67
Trd, 8638640.832, 66
Trd, 8638644.982, 60
Trd, 8638645.782, 60
Trd, 8638646.132, 60
Trd, 8638646.482, 60
Trd, 8638647.232, 64
Trd, 8638647.332, 63
Trd, 8638648.232, 63
Trd, 8638648.682, 63
Trd, 8638648.732, 62
Trd, 8638649.432, 61
Trd, 8638649.582, 70
Trd, 8638649.982, 64
Trd, 8638655.832, 62
Trd, 8638656.032, 62
Trd, 8638656.132, 61
Trd, 8638656.382, 63
Trd, 8638656.532, 61
Trd, 8638656.782, 62
Trd, 8638657.532, 60
Trd, 8638658.482, 60
Trd, 8638660.682, 60
Trd, 8638662.282, 61
Trd, 8638664.132, 61
Trd, 8638664.382, 62
Trd, 8638664.532, 62
Trd, 8638664.832, 63
Trd, 8638665.232, 67
Trd, 8638665.432, 68
Trd, 8638666.182, 70
Trd, 8638667.382, 73
Trd, 8638667.432, 71
Trd, 8638667.982, 74
Trd, 8638668.282, 74
Trd, 8638668.982, 94
Trd, 8638670.032, 140
Trd, 8638670.132, 140
Trd, 8638670.482, 140
Trd, 8638670.832, 140
Trd, 8638672.332, 82
Trd, 8638676.432, 62
Trd, 8638676.932, 64
Trd, 8638677.482, 66
Trd, 8638677.732, 65
Trd, 8638677.932, 65
Trd, 8638677.982, 63
Trd, 8638679.932, 60
Trd, 8638680.132, 63
Trd, 8638680.282, 69
Trd, 8638680.582, 60
Trd, 8638682.032, 60
Trd, 8638682.982, 61
Trd, 8638683.882, 67
Trd, 8638684.282, 64
Trd, 8638684.532, 63
Trd, 8638684.832, 64
Trd, 8638684.882, 129
Trd, 8638685.382, 64
Trd, 8638686.632, 64
Trd, 8638687.882, 64
Trd, 8638692.132, 60
Trd, 8638692.232, 60
Trd, 8638692.832, 62
Trd, 8638693.482, 61
Trd, 8638693.632, 72
Trd, 8638694.132, 60
Trd, 8638694.682, 62
Trd, 8638694.782, 66
Trd, 8638695.732, 69
Trd, 8638695.832, 67
Trd, 8638696.032, 73
Trd, 8638696.532, 100
Trd, 8638697.282, 100
Trd, 8638697.782, 101
Trd, 8638698.482, 103
Trd, 8638698.782, 101
Trd, 8638701.282, 65
Trd, 8638703.432, 60
Trd, 8638705.382, 60
Trd, 8638706.932, 60
Trd, 8638707.132, 62
Trd, 8638707.432, 61
Trd, 8638707.682, 63
Trd, 8638708.082, 67
Trd, 8638708.332, 67
Trd, 8638708.532, 67
Trd, 8638708.932, 66
Trd, 8638709.182, 120
Trd, 8638710.682, 60
Trd, 8638713.032, 60
Trd, 8638713.132, 62
Trd, 8638713.232, 61
Trd, 8638713.282, 68
Trd, 8638714.332, 61
Trd, 8638714.882, 64
Trd, 8638715.332, 63
Trd, 8638715.532, 63
Trd, 8638716.032, 66
Trd, 8638716.432, 64
Trd, 8638717.082, 65
Trd, 8638717.232, 80
Trd, 8638717.982, 138
Trd, 8638719.032, 140
Trd, 8638719.182, 140
Trd, 8638719.332, 139
Trd, 8638721.282, 63
Trd, 8638721.482, 65
Trd, 8638723.982, 60
Trd, 8638726.982, 60
Trd, 8638727.382, 61
Trd, 8638727.432, 61
Trd, 8638727.482, 63
Trd, 8638728.432, 65
Trd, 8638728.482, 63
Trd, 8638729.182, 62
Trd, 8638731.482, 60
Trd, 8638731.682, 61
Trd, 8638736.482, 60
Trd, 8638736.832, 61
Trd, 8638737.082, 62
Trd, 8638737.232, 63
Trd, 8638737.382, 62
Trd, 8638737.682, 62
Trd, 8638738.032, 62
Trd, 8638740.032, 61
Trd, 8638740.182, 61
Trd, 8638740.232, 61
Trd, 8638740.282, 62
Trd, 8638740.432, 135
Trd, 8638740.932, 64
Trd, 8638741.682, 65
Trd, 8638742.032, 66
Trd, 8638743.782, 60
Trd, 8638744.182, 61
Trd, 8638745.632, 63
Trd, 8638746.382, 68
Trd, 8638746.482, 68
Trd, 8638746.682, 67
Trd, 8638746.832, 71
Trd, 8638749.382, 60
Trd, 8638750.932, 60
Trd, 8638753.682, 60
Trd, 8638753.782, 61
Trd, 8638754.232, 61
Trd, 8638754.482, 61
Trd, 8638754.782, 62
Trd, 8638755.182, 62
Trd, 8638755.582, 63
Trd, 8638755.782, 64
Trd, 8638756.082, 61
Trd, 8638757.132, 60
Trd, 8638759.532, 60
Trd, 8638760.232, 62
Trd, 8638760.332, 62
Trd, 8638761.232, 67
Trd, 8638762.182, 74
Trd, 8638762.432, 73
Trd, 8638763.482, 74
Trd, 8638763.682, 69
Trd, 8638764.032, 140
Trd, 8638764.432, 122
Trd, 8638766.532, 60
Trd, 8638768.082, 64
Trd, 8638770.682, 62
Trd, 8638770.832, 63
Trd, 8638770.932, 64
Trd, 8638771.682, 66
Trd, 8638771.732, 65
Trd, 8638771.932, 121
Trd, 8638772.482, 69
Trd, 8638773.082, 71
Trd, 8638773.832, 77
Trd, 8638774.782, 82
Trd, 8638774.882, 82
Trd, 8638775.482, 82
Trd, 8638775.832, 117
Trd, 8638775.932, 86
Trd, 8638776.282, 84
Trd, 8638776.382, 79
Trd, 8638778.582, 66
Trd, 8638783.932, 60
Trd, 8638784.032, 60
Trd, 8638784.132, 60
Trd, 8638784.482, 63
Trd, 8638784.732, 61
Trd, 8638784.832, 62
Trd, 8638784.932, 61
Trd, 8638786.332, 64
Trd, 8638787.582, 61
Trd, 8638787.982, 63
Trd, 8638791.632, 61
Trd, 8638791.682, 61
Trd, 8638791.732, 62
Trd, 8638792.332, 63
Trd, 8638792.782, 66
Trd, 8638792.982, 66
Trd, 8638793.082, 67
Trd, 8638793.532, 68
Trd, 8638793.832, 67
Trd, 8638795.782, 81
Trd, 8638795.982, 81
Trd, 8638796.532, 85
Trd, 8638796.682, 84
Trd, 8638796.832, 83
Trd, 8638797.282, 84
Trd, 8638798.082, 84
Trd, 8638798.782, 86
Trd, 8638799.432, 107
Trd, 8638800.982, 61
Trd, 8638804.132, 60
Trd, 8638804.332, 61
Trd, 8638804.682, 62
Trd, 8638805.132, 60
Trd, 8638806.082, 67
Trd, 8638806.432, 70
Trd, 8638806.732, 65
Trd, 8638807.182, 68
Trd, 8638807.682, 74
Trd, 8638807.832, 67
Trd, 8638808.232, 86
Trd, 8638808.932, 76
Trd, 8638809.432, 75
Trd, 8638810.032, 75
Trd, 8638810.582, 78
Trd, 8638810.832, 79
Trd, 8638811.582, 84
Trd, 8638812.732, 85
Trd, 8638813.982, 140
Trd, 8638814.582, 140
Trd, 8638815.232, 140
Trd, 8638815.282, 140
Trd, 8638815.532, 140
Trd, 8638815.932, 140
Trd, 8638816.132, 140
Trd, 8638818.032, 64
Trd, 8638819.532, 60
Trd, 8638820.732, 61
Trd, 8638821.132, 63
Trd, 8638821.532, 62
Trd, 8638821.782, 63
Trd, 8638821.882, 65
Trd, 8638823.082, 61
Trd, 8638823.382, 62
Trd, 8638824.032, 62
Trd, 8638825.682, 64
Trd, 8638826.332, 67
Trd, 8638826.632, 70
Trd, 8638826.782, 67
Trd, 8638827.282, 120
Trd, 8638827.682, 66
Trd, 8638828.732, 74
Trd, 8638829.282, 73
Trd, 8638829.582, 73
Trd, 8638830.432, 140
Trd, 8638831.532, 136
Trd, 8638831.882, 136
Trd, 8638832.182, 138
Trd, 8638833.082, 138
Trd, 8638833.132, 137
Trd, 8638834.482, 140
Trd, 8638835.232, 140
Trd, 8638835.432, 140
Trd, 8638835.932, 140
Trd, 8638836.932, 140
Trd, 8638837.932, 140
Trd, 8638838.582, 140
Trd, 8638838.882, 140
Trd, 8638840.182, 140
Trd, 8638840.682, 140
Trd, 8638841.032, 140
Trd, 8638841.732, 140
Trd, 8638842.982, 140
Trd, 8638843.232, 140
Trd, 8638843.282, 140
Trd, 8638843.382, 139
Trd, 8638845.482, 68
Trd, 8638847.232, 61
Trd, 8638848.882, 62
Trd, 8638849.232, 62
Trd, 8638849.432, 63
Trd, 8638850.032, 63
Trd, 8638850.082, 62
Trd, 8638850.282, 103
Trd, 8638851.082, 61
Trd, 8638851.882, 62
Trd, 8638852.832, 64
Trd, 8638853.332, 65
Trd, 8638853.532, 64
Trd, 8638853.832, 131
Trd, 8638854.232, 140
Trd, 8638854.582, 140
Trd, 8638854.782, 63
Trd, 8638859.232, 60
Trd, 8638860.532, 60
Trd, 8638860.582, 60
Trd, 8638860.982, 61
Trd, 8638861.032, 61
Trd, 8638861.132, 61
Trd, 8638861.532, 64
Trd, 8638862.482, 72
Trd, 8638862.682, 107
Trd, 8638863.082, 72
Trd, 8638863.282, 71
Trd, 8638863.782, 69
Trd, 8638864.132, 73
Trd, 8638865.082, 77
Trd, 8638865.232, 78
Trd, 8638865.282, 77
Trd, 8638867.682, 140
Trd, 8638868.282, 140
Trd, 8638868.382, 140
Trd, 8638868.482, 140
Trd, 8638869.482, 97
Trd, 8638869.582, 96
Trd, 8638870.032, 89
Trd, 8638870.232, 87
Trd, 8638870.882, 85
Trd, 8638871.832, 140
Trd, 8638871.882, 139
Trd, 8638874.382, 61
Trd, 8638874.682, 61
Trd, 8638875.282, 60
Trd, 8638876.032, 63
Trd, 8638876.432, 63
Trd, 8638876.882, 65
Trd, 8638877.332, 67
Trd, 8638878.132, 67
Trd, 8638878.732, 64
Trd, 8638878.782, 62
Trd, 8638878.982, 87
Trd, 8638881.382, 63
Trd, 8638882.682, 63
Trd, 8638883.732, 60
Trd, 8638884.132, 61
Trd, 8638884.432, 61
Trd, 8638884.732, 62
Trd, 8638885.532, 63
Trd, 8638885.682, 64
Trd, 8638885.882, 66
Trd, 8638886.382, 70
Trd, 8638886.482, 69
Trd, 8638887.332, 70
Trd, 8638889.832, 60
Trd, 8638892.482, 60
Trd, 8638892.882, 61
Trd, 8638893.132, 63
Trd, 8638893.482, 66
Trd, 8638893.882, 65
Trd, 8638893.982, 65
Trd, 8638895.032, 96
Trd, 8638895.432, 97
Trd, 8638895.982, 97
Trd, 8638896.082, 96
Trd, 8638896.532, 94
Trd, 8638897.132, 94
Trd, 8638897.432, 61
Trd, 8638897.882, 67
Trd, 8638901.832, 61
Trd, 8638902.182, 61
Trd, 8638902.532, 62
Trd, 8638902.582, 60
Trd, 8638902.632, 69
Trd, 8638904.032, 65
Trd, 8638904.532, 66
Trd, 8638905.182, 70
Trd, 8638905.682, 72
Trd, 8638906.232, 76
Trd, 8638906.382, 74
Trd, 8638907.182, 75
Trd, 8638907.432, 135
Trd, 8638907.782, 75
Trd, 8638908.882, 140
Trd, 8638909.782, 79
Trd, 8638909.882, 79
Trd, 8638910.182, 81
Trd, 8638910.482, 81
Trd, 8638910.732, 80
Trd, 8638911.332, 78
Trd, 8638912.282, 60
Trd, 8638913.632, 65
Trd, 8638914.932, 62
Trd, 8638915.532, 65
Trd, 8638915.982, 68
Trd, 8638916.482, 72
Trd, 8638917.332, 76
Trd, 8638917.582, 77
Trd, 8638917.682, 76
Trd, 8638918.182, 76
Trd, 8638918.882, 100
Trd, 8638919.532, 96
Trd, 8638919.632, 84
Trd, 8638920.582, 85
Trd, 8638920.932, 86
Trd, 8638921.082, 82
Trd, 8638921.232, 81
Trd, 8638923.732, 60
Trd, 8638926.682, 61
Trd, 8638926.982, 61
Trd, 8638927.432, 62
Trd, 8638928.032, 62
Trd, 8638928.282, 62
Trd, 8638928.932, 65
Trd, 8638928.982, 64
Trd, 8638929.582, 69
Trd, 8638929.632, 74
Trd, 8638931.932, 62
Trd, 8638932.182, 62
Trd, 8638935.582, 63
Trd, 8638935.832, 64
Trd, 8638935.982, 63
Trd, 8638936.282, 64
Trd, 8638936.782, 66
Trd, 8638937.732, 67
Trd, 8638937.782, 66
Trd, 8638938.282, 107
Trd, 8638938.832, 109
Trd, 8638939.232, 108
Trd, 8638939.632, 111
Trd, 8638940.182, 115
Trd, 8638940.682, 114
Trd, 8638941.332, 116
Trd, 8638941.632, 112
Trd, 8638943.282, 140
Trd, 8638943.332, 140
Trd, 8638943.482, 140
Trd, 8638943.782, 140
Trd, 8638944.082, 60
Trd, 8638944.932, 140
Trd, 8638944.982, 140
Trd, 8638947.232, 60
Trd, 8638948.382, 63
Trd, 8638948.582, 64
Trd, 8638948.882, 66
Trd, 8638949.032, 69
Trd, 8638949.232, 63
Trd, 8638950.732, 69
Trd, 8638954.582, 62
Trd, 8638954.632, 64
Trd, 8638957.082, 60
Trd, 8638957.382, 61
Trd, 8638957.882, 62
Trd, 8638957.932, 62
Trd, 8638958.182, 60
Trd, 8638958.732, 65
Trd, 8638959.932, 61
Trd, 8638960.082, 63
Trd, 8638960.232, 63
Trd, 8638960.682, 72
Trd, 8638961.532, 106
Trd, 8638961.882, 69
Trd, 8638962.032, 70
Trd, 8638962.382, 69
Trd, 8638962.432, 108
Trd, 8638963.182, 69
Trd, 8638964.082, 72
Trd, 8638966.382, 90
Trd, 8638966.732, 98
Trd, 8638967.732, 96
Trd, 8638968.482, 98
Trd, 8638969.932, 103
Trd, 8638970.082, 103
Trd, 8638970.332, 104
Trd, 8638970.982, 140
Trd, 8638971.132, 140
Trd, 8638971.532, 140
Trd, 8638972.182, 140
Trd, 8638973.182, 140
Trd, 8638973.382, 140
Trd, 8638973.482, 138
Trd, 8638973.732, 90
Trd, 8638976.682, 60
Trd, 8638980.582, 60
Trd, 8638980.682, 60
Trd, 8638980.732, 61
Trd, 8638981.132, 62
Trd, 8638981.482, 65
Trd, 8638981.532, 71
Trd, 8638981.882, 63
Trd, 8638982.132, 64
Trd, 8638983.082, 66
Trd, 8638983.532, 69
Trd, 8638983.782, 66
Trd, 8638984.382, 69
Trd, 8638984.682, 69
Trd, 8638984.782, 67
Trd, 8638986.032, 83
Trd, 8638986.532, 84
Trd, 8638989.332, 60
Trd, 8638989.932, 62
Trd, 8638989.982, 61
Trd, 8638990.182, 60
Trd, 8638990.732, 75
Trd, 8638990.932, 64
Trd, 8638991.332, 62
Trd, 8638991.932, 140
Trd, 8638992.032, 140
Trd, 8638992.982, 67
Trd, 8638993.182, 67
Trd, 8638993.432, 68
Trd, 8638993.632, 140
Trd, 8638994.232, 75
Trd, 8638994.382, 70
Trd, 8638995.882, 77
Trd, 8638996.232, 78
Trd, 8638996.632, 78
Trd, 8638996.782, 76
Trd, 8638997.182, 75
Trd, 8638999.182, 88
Trd, 8638999.282, 98
Trd, 8638999.432, 88
Trd, 8638999.782, 87
Trd, 8639000.332, 90
Trd, 8639001.182, 98
Trd, 8639001.832, 101
Trd, 8639002.832, 140
Trd, 8639002.932, 140
Trd, 8639003.132, 140
Trd, 8639003.732, 101
Trd, 8639004.082, 101
Trd, 8639004.232, 100
Trd, 8639005.032, 62
Trd, 8639006.632, 65
Trd, 8639006.682, 65
Trd, 8639007.432, 140
Trd, 8639007.582, 140
Trd, 8639007.682, 140
Trd, 8639008.432, 66
Trd, 8639010.182, 61
Trd, 8639010.682, 63
Trd, 8639010.832, 61
Trd, 8639010.982, 62
Trd, 8639011.532, 60
Trd, 8639012.432, 63
Trd, 8639012.582, 61
Trd, 8639012.682, 68
Trd, 8639014.682, 62
Trd, 8639017.982, 61
Trd, 8639018.432, 60
Trd, 8639018.482, 61
Trd, 8639018.982, 61
Trd, 8639019.132, 62
Trd, 8639019.732, 60
Trd, 8639020.232, 61
Trd, 8639021.082, 61
Trd, 8639021.832, 64
Trd, 8639021.882, 63
Trd, 8639023.882, 62
Trd, 8639024.232, 62
Trd, 8639024.482, 62
Trd, 8639024.582, 61
Trd, 8639025.132, 70
Trd, 8639025.432, 64
Trd, 8639026.132, 69
Trd, 8639026.182, 64
Trd, 8639027.232, 140
Trd, 8639027.282, 140
Trd, 8639027.482, 140
Trd, 8639029.232, 64
Trd, 8639029.782, 65
Trd, 8639031.632, 75
Trd, 8639031.732, 74
Trd, 8639031.932, 74
Trd, 8639032.582, 77
Trd, 8639034.632, 90
Trd, 8639034.682, 89
Trd, 8639035.332, 88
Trd, 8639035.382, 86
Trd, 8639036.232, 89
Trd, 8639036.682, 72
Trd, 8639036.832, 71
Trd, 8639036.882, 87
Trd, 8639037.132, 69
Trd, 8639037.432, 65
Trd, 8639039.182, 62
Trd, 8639041.232, 64
Trd, 8639044.132, 60
Trd, 8639044.232, 62
Trd, 8639044.582, 61
Trd, 8639044.832, 63
Trd, 8639044.882, 62
Trd, 8639045.332, 65
Trd, 8639045.982, 64
Trd, 8639046.182, 64
Trd, 8639046.882, 64
Trd, 8639047.132, 64
Trd, 8639047.182, 63
Trd, 8639048.232, 61
Trd, 8639053.582, 60
Trd, 8639053.882, 62
Trd, 8639054.432, 60
Trd, 8639054.982, 62
Trd, 8639055.032, 61
Trd, 8639056.382, 73
Trd, 8639057.032, 82
Trd, 8639057.632, 82
Trd, 8639057.932, 83
Trd, 8639058.382, 84
Trd, 8639058.682, 82
Trd, 8639059.332, 71
Trd, 8639059.832, 70
Trd, 8639060.932, 138
Trd, 8639061.382, 77
Trd, 8639061.532, 73
Trd, 8639067.382, 60
Trd, 8639067.482, 60
Trd, 8639067.632, 60
Trd, 8639068.432, 60
Trd, 8639068.582, 60
Trd, 8639068.832, 60
Trd, 8639069.232, 62
Trd, 8639069.732, 61
Trd, 8639070.582, 60
Trd, 8639072.582, 60
Trd, 8639076.332, 61
Trd, 8639076.532, 61
Trd, 8639077.232, 60
Trd, 8639077.882, 61
Trd, 8639078.282, 62
Trd, 8639078.332, 62
Trd, 8639079.032, 61
Trd, 8639079.332, 62
Trd, 8639079.432, 63
Trd, 8639079.482, 61
Trd, 8639080.232, 64
Trd, 8639080.782, 62
Trd, 8639081.282, 64
Trd, 8639084.382, 63
Trd, 8639084.682, 60
Trd, 8639085.132, 62
Trd, 8639086.082, 66
Trd, 8639086.682, 71
Trd, 8639086.782, 68
Trd, 8639087.182, 67
Trd, 8639087.282, 138
Trd, 8639088.232, 68
Trd, 8639088.632, 69
Trd, 8639088.732, 68
Trd, 8639088.882, 88
Trd, 8639089.182, 137
Trd, 8639093.082, 61
Trd, 8639095.632, 60
Trd, 8639096.032, 60
Trd, 8639096.432, 60
Trd, 8639096.832, 62
Trd, 8639096.932, 63
Trd, 8639098.732, 65
Trd, 8639099.032, 66
Trd, 8639099.332, 66
Trd, 8639101.232, 60
Trd, 8639101.682, 67
Trd, 8639105.882, 60
Trd, 8639105.932, 60
Trd, 8639106.182, 64
Trd, 8639106.482, 61
Trd, 8639106.982, 63
Trd, 8639107.132, 62
Trd, 8639107.432, 60
Trd, 8639107.832, 65
Trd, 8639108.132, 66
Trd, 8639108.382, 65
Trd, 8639108.832, 138
Trd, 8639109.482, 72
Trd, 8639110.132, 77
Trd, 8639110.382, 77
Trd, 8639111.782, 82
Trd, 8639112.882, 82
Trd, 8639113.032, 81
Trd, 8639114.032, 62
Trd, 8639115.132, 60
Trd, 8639119.232, 61
Trd, 8639119.782, 67
Trd, 8639120.082, 67
Trd, 8639120.332, 71
Trd, 8639120.582, 73
Trd, 8639120.782, 71
Trd, 8639121.132, 72
Trd, 8639121.582, 97
Trd, 8639121.682, 113
Trd, 8639122.582, 99
Trd, 8639122.832, 91
Trd, 8639124.482, 60
Trd, 8639127.682, 62
Trd, 8639128.232, 65
Trd, 8639128.282, 64
Trd, 8639128.382, 62
Trd, 8639128.882, 108
Trd, 8639129.632, 112
Trd, 8639130.482, 140
Trd, 8639130.582, 115
Trd, 8639130.982, 114
Trd, 8639131.882, 118
Trd, 8639132.232, 115
Trd, 8639132.932, 117
Trd, 8639133.132, 116
Trd, 8639133.932, 69
Trd, 8639135.232, 91
Trd, 8639140.032, 60
Trd, 8639140.132, 61
Trd, 8639140.182, 61
Trd, 8639140.482, 62
Trd, 8639141.082, 64
Trd, 8639141.332, 64
Trd, 8639141.932, 74
Trd, 8639142.682, 69
Trd, 8639143.782, 73
Trd, 8639145.782, 85
Trd, 8639146.832, 80
Trd, 8639147.282, 80
Trd, 8639147.532, 83
Trd, 8639147.832, 81
Trd, 8639147.932, 79
Trd, 8639148.082, 76
Trd, 8639148.132, 85
Trd, 8639148.982, 60
Trd, 8639153.832, 60
Trd, 8639153.932, 60
Trd, 8639154.382, 64
Trd, 8639154.682, 65
Trd, 8639155.132, 67
Trd, 8639155.982, 72
Trd, 8639156.282, 67
Trd, 8639156.332, 70
Trd, 8639156.482, 67
Trd, 8639156.882, 66
Trd, 8639161.132, 60
Trd, 8639162.782, 60
Trd, 8639165.782, 60
Trd, 8639166.082, 60
Trd, 8639166.382, 62
Trd, 8639166.682, 60
Trd, 8639167.182, 60
Trd, 8639167.282, 61
Trd, 8639167.832, 61
Trd, 8639168.632, 60
Trd, 8639168.882, 65
Trd, 8639169.382, 61
Trd, 8639169.482, 75
Trd, 8639170.282, 64
Trd, 8639171.332, 64
Trd, 8639171.432, 63
Trd, 8639173.032, 74
Trd, 8639173.132, 72
Trd, 8639173.282, 66
Trd, 8639174.532, 73
Trd, 8639174.582, 70
Trd, 8639174.782, 69
Trd, 8639175.782, 71
Trd, 8639177.982, 83
Trd, 8639178.082, 84
Trd, 8639178.782, 140
Trd, 8639178.832, 139
Trd, 8639180.132, 64
Trd, 8639181.132, 62
Trd, 8639182.182, 61
Trd, 8639182.582, 62
Trd, 8639182.632, 65
Trd, 8639183.432, 64
Trd, 8639184.182, 66
Trd, 8639184.582, 67
Trd, 8639185.032, 66
Trd, 8639186.182, 61
Trd, 8639189.432, 72
Trd, 8639191.132, 60
Trd, 8639192.232, 60
Trd, 8639192.632, 62
Trd, 8639193.332, 62
Trd, 8639193.582, 63
Trd, 8639193.882, 67
Trd, 8639195.232, 73
Trd, 8639196.032, 91
Trd, 8639196.232, 90
Trd, 8639196.482, 89
Trd, 8639196.732, 88
Trd, 8639199.682, 60
Trd, 8639202.182, 60
Trd, 8639202.232, 61
Trd, 8639202.632, 62
Trd, 8639203.032, 68
Trd, 8639203.382, 140
Trd, 8639203.482, 68
Trd, 8639203.782, 73
Trd, 8639204.232, 73
Trd, 8639204.582, 60
Trd, 8639206.882, 61
Trd, 8639207.132, 61
Trd, 8639207.732, 62
Trd, 8639208.082, 61
Trd, 8639209.332, 61
Trd, 8639209.882, 63
Trd, 8639210.132, 62
Trd, 8639210.632, 64
Trd, 8639211.032, 67
Trd, 8639211.132, 66
Trd, 8639211.782, 137
Trd, 8639212.982, 139
Trd, 8639213.582, 138
Trd, 8639213.632, 136
Trd, 8639214.282, 91
Trd, 8639215.432, 140
Trd, 8639215.632, 140
Trd, 8639216.482, 140
Trd, 8639216.582, 140
Trd, 8639216.732, 140
Trd, 8639217.332, 92
Trd, 8639218.832, 62
Trd, 8639219.632, 69
Trd, 8639224.182, 62
Trd, 8639224.382, 61
Trd, 8639225.182, 63
Trd, 8639225.232, 62
Trd, 8639225.432, 62
Trd, 8639225.932, 64
Trd, 8639226.132, 63
Trd, 8639226.432, 62
Trd, 8639226.632, 62
Trd, 8639226.732, 69
Trd, 8639228.182, 64
Trd, 8639228.582, 64
Trd, 8639228.882, 70
Trd, 8639229.032, 64
Trd, 8639229.482, 65
Trd, 8639230.032, 66
Trd, 8639231.432, 63
Trd, 8639232.682, 61
Trd, 8639234.532, 62
Trd, 8639234.682, 61
Trd, 8639234.832, 64
Trd, 8639235.282, 62
Trd, 8639235.532, 67
Trd, 8639235.832, 103
Trd, 8639236.332, 65
Trd, 8639236.832, 68
Trd, 8639237.032, 67
Trd, 8639238.032, 84
Trd, 8639238.432, 73
Trd, 8639239.232, 74
Trd, 8639239.882, 75
Trd, 8639240.182, 75
Trd, 8639240.232, 74
Trd, 8639240.932, 139
Trd, 8639245.582, 62
Trd, 8639246.032, 62
Trd, 8639246.182, 62
Trd, 8639246.382, 63
Trd, 8639247.282, 73
Trd, 8639247.432, 75
Trd, 8639247.732, 73
Trd, 8639247.832, 73
Trd, 8639250.132, 63
Trd, 8639251.632, 60
Trd, 8639253.732, 63
Trd, 8639253.832, 63
Trd, 8639253.932, 62
Trd, 8639254.282, 64
Trd, 8639254.482, 63
Trd, 8639254.832, 63
Trd, 8639255.982, 140
Trd, 8639257.332, 140
Trd, 8639257.432, 140
Trd, 8639257.482, 140
Trd, 8639258.032, 61
Trd, 8639258.782, 62
Trd, 8639258.982, 94
Trd, 8639259.432, 63
Trd, 8639259.832, 64
Trd, 8639261.332, 122
Trd, 8639261.682, 75
Trd, 8639261.932, 75
Trd, 8639262.732, 80
Trd, 8639263.082, 83
Trd, 8639263.382, 82
Trd, 8639263.932, 83
Trd, 8639264.032, 122
Trd, 8639264.782, 140
Trd, 8639265.182, 139
Trd, 8639265.882, 83
Trd, 8639269.982, 62
Trd, 8639270.182, 60
Trd, 8639270.732, 60
Trd, 8639271.082, 62
Trd, 8639271.332, 63
Trd, 8639271.882, 66
Trd, 8639273.382, 64
Trd, 8639273.832, 139
Trd, 8639274.082, 140
Trd, 8639274.632, 140
Trd, 8639274.832, 140
Trd, 8639275.032, 140
Trd, 8639275.232, 60
Trd, 8639276.932, 66
Trd, 8639279.232, 60
Trd, 8639281.932, 60
Trd, 8639282.082, 60
Trd, 8639282.232, 63
Trd, 8639282.582, 64
Trd, 8639282.682, 72
Trd, 8639283.082, 71
Trd, 8639283.632, 81
Trd, 8639284.082, 84
Trd, 8639284.282, 94
Trd, 8639284.332, 84
Trd, 8639285.232, 77
Trd, 8639285.332, 76
Trd, 8639287.682, 61
Trd, 8639288.232, 60
Trd, 8639289.832, 60
Trd, 8639289.982, 61
Trd, 8639290.682, 60
Trd, 8639290.982, 62
Trd, 8639291.132, 63
Trd, 8639291.332, 66
Trd, 8639291.432, 66
Trd, 8639292.882, 72
Trd, 8639293.282, 71
Trd, 8639293.782, 75
Trd, 8639294.682, 81
Trd, 8639294.882, 82
Trd, 8639294.932, 80
Trd, 8639297.282, 134
Trd, 8639297.332, 133
Trd, 8639297.382, 85
Trd, 8639297.532, 84
Trd, 8639299.132, 60
Trd, 8639300.432, 63
Trd, 8639301.482, 60
Trd, 8639301.682, 60
Trd, 8639302.432, 64
Trd, 8639302.932, 65
Trd, 8639303.182, 65
Trd, 8639303.382, 66
Trd, 8639303.882, 67
Trd, 8639304.032, 69
Trd, 8639304.232, 68
Trd, 8639305.382, 65
Trd, 8639308.332, 62
Trd, 8639310.032, 60
Trd, 8639310.732, 60
Trd, 8639311.482, 73
Trd, 8639311.832, 66
Trd, 8639312.232, 68
Trd, 8639312.682, 70
Trd, 8639313.482, 70
Trd, 8639314.432, 78
Trd, 8639315.082, 83
Trd, 8639315.382, 83
Trd, 8639315.732, 82
Trd, 8639317.532, 65
Trd, 8639318.882, 60
Trd, 8639321.732, 60
Trd, 8639321.782, 62
Trd, 8639323.332, 61
Trd, 8639323.732, 62
Trd, 8639323.882, 64
Trd, 8639324.132, 63
Trd, 8639324.632, 66
Trd, 8639324.782, 67
Trd, 8639325.332, 104
Trd, 8639326.082, 66
Trd, 8639329.082, 60
Trd, 8639330.932, 60
Trd, 8639330.982, 60
Trd, 8639331.432, 60
Trd, 8639331.582, 60
Trd, 8639332.482, 60
Trd, 8639333.082, 60
Trd, 8639333.382, 60
Trd, 8639333.682, 60
Trd, 8639334.082, 62
Trd, 8639334.782, 66
Trd, 8639335.932, 74
Trd, 8639336.832, 69
Trd, 8639337.032, 68
Trd, 8639337.082, 65
Trd, 8639337.432, 61
Trd, 8639339.782, 60
Trd, 8639343.682, 61
Trd, 8639344.532, 61
Trd, 8639344.632, 60
Trd, 8639344.782, 61
Trd, 8639345.332, 64
Trd, 8639345.682, 63
Trd, 8639345.732, 62
Trd, 8639345.982, 60
Trd, 8639346.582, 60
Trd, 8639347.982, 63
Trd, 8639348.432, 66
Trd, 8639348.582, 65
Trd, 8639349.482, 67
Trd, 8639349.582, 66
Trd, 8639351.132, 60
Trd, 8639354.682, 60
Trd, 8639354.882, 61
Trd, 8639355.332, 62
Trd, 8639355.532, 64
Trd, 8639355.882, 66
Trd, 8639356.532, 67
Trd, 8639357.232, 72
Trd, 8639358.132, 80
Trd, 8639358.232, 78
Trd, 8639358.832, 77
Trd, 8639359.232, 98
Trd, 8639359.282, 124
Trd, 8639359.982, 78
Trd, 8639363.432, 60
Trd, 8639366.482, 61
Trd, 8639366.682, 67
Trd, 8639366.982, 62
Trd, 8639367.282, 71
Trd, 8639367.582, 66
Trd, 8639368.082, 69
Trd, 8639368.282, 69
Trd, 8639368.582, 68
Trd, 8639369.682, 94
Trd, 8639370.232, 139
Trd, 8639370.582, 138
Trd, 8639371.682, 60
Trd, 8639375.582, 63
Trd, 8639376.932, 60
Trd, 8639377.232, 64
Trd, 8639377.482, 64
Trd, 8639377.532, 65
Trd, 8639377.932, 66
Trd, 8639377.982, 63
Trd, 8639379.032, 140
Trd, 8639379.982, 65
Trd, 8639380.632, 69
Trd, 8639381.182, 73
Trd, 8639381.532, 72
Trd, 8639381.932, 72
Trd, 8639382.482, 69
Trd, 8639384.082, 60
Trd, 8639385.082, 68
Trd, 8639388.832, 60
Trd, 8639389.032, 62
Trd, 8639389.482, 64
Trd, 8639389.582, 65
Trd, 8639389.982, 66
Trd, 8639390.582, 68
Trd, 8639390.932, 68
Trd, 8639391.032, 67
Trd, 8639392.232, 61
Trd, 8639394.082, 67
Trd, 8639397.132, 61
Trd, 8639397.582, 64
Trd, 8639397.632, 61
Trd, 8639397.982, 63
Trd, 8639398.382, 60
Trd, 8639399.732, 60
Trd, 8639400.332, 61
Trd, 8639400.532, 68
Trd, 8639401.032, 62
Trd, 8639401.832, 71
Trd, 8639403.482, 69
Trd, 8639403.632, 68
Trd, 8639405.232, 76
Trd, 8639405.482, 73
Trd, 8639405.532, 72
Trd, 8639406.682, 78
Trd, 8639406.882, 77
Trd, 8639407.232, 107
Trd, 8639407.282, 106
Trd, 8639410.182, 60
Trd, 8639411.482, 60
Trd, 8639412.832, 61
Trd, 8639413.032, 60
Trd, 8639413.382, 62
Trd, 8639413.632, 66
Trd, 8639414.482, 61
Trd, 8639414.782, 62
Trd, 8639415.182, 63
Trd, 8639415.382, 62
Trd, 8639416.032, 61
Trd, 8639416.132, 66
Trd, 8639416.982, 65
Trd, 8639418.432, 70
Trd, 8639418.782, 74
Trd, 8639419.182, 71
Trd, 8639419.382, 70
Trd, 8639420.232, 63
Trd, 8639421.082, 80
Trd, 8639421.782, 67
Trd, 8639422.182, 67
Trd, 8639423.382, 63
Trd, 8639426.332, 61
Trd, 8639427.132, 60
Trd, 8639427.582, 62
Trd, 8639427.732, 63
Trd, 8639428.132, 63
Trd, 8639428.232, 62
Trd, 8639429.382, 64
Trd, 8639430.432, 63
Trd, 8639431.482, 70
Trd, 8639431.732, 66
Trd, 8639431.832, 65
Trd, 8639431.932, 107
Trd, 8639432.532, 60
Trd, 8639432.882, 62
Trd, 8639434.432, 75
Trd, 8639434.882, 74
Trd, 8639435.382, 75
Trd, 8639435.832, 140
Trd, 8639436.282, 139
Trd, 8639436.382, 72
Trd, 8639437.832, 62
Trd, 8639444.032, 60
Trd, 8639444.332, 60
Trd, 8639444.732, 61
Trd, 8639444.882, 61
Trd, 8639445.182, 62
Trd, 8639445.382, 62
Trd, 8639445.932, 62
Trd, 8639447.382, 62
Trd, 8639447.732, 61
Trd, 8639448.032, 63
Trd, 8639448.482, 61
Trd, 8639449.482, 61
Trd, 8639449.832, 64
Trd, 8639450.632, 66
Trd, 8639450.932, 67
Trd, 8639451.232, 69
Trd, 8639451.982, 69
Trd, 8639452.232, 69
Trd, 8639453.232, 71
Trd, 8639453.432, 70
Trd, 8639454.032, 100
Trd, 8639454.882, 75
Trd, 8639455.082, 74
Trd, 8639455.932, 76
Trd, 8639456.582, 77
Trd, 8639456.682, 76
Trd, 8639458.282, 63
Trd, 8639461.982, 60
Trd, 8639463.432, 60
Trd, 8639463.532, 60
Trd, 8639464.132, 61
Trd, 8639464.182, 60
Trd, 8639465.782, 60
Trd, 8639469.632, 60
Trd, 8639470.032, 62
Trd, 8639470.332, 62
Trd, 8639470.532, 63
Trd, 8639470.682, 65
Trd, 8639471.182, 63
Trd, 8639472.032, 72
Trd, 8639472.132, 68
Trd, 8639472.482, 67
Trd, 8639472.932, 140
Trd, 8639473.632, 110
Trd, 8639474.032, 110
Trd, 8639474.182, 108
Trd, 8639476.332, 62
Trd, 8639479.382, 60
Trd, 8639480.582, 60
Trd, 8639480.632, 60
Trd, 8639481.032, 64
Trd, 8639481.232, 64
Trd, 8639481.432, 63
Trd, 8639481.482, 62
Trd, 8639481.882, 61
Trd, 8639483.432, 61
Trd, 8639483.482, 60
Trd, 8639483.782, 71
Trd, 8639484.882, 63
Trd, 8639484.982, 62
Trd, 8639486.182, 66
Trd, 8639487.132, 93
Trd, 8639487.882, 78
Trd, 8639488.432, 82
Trd, 8639488.682, 81
Trd, 8639488.782, 80
Trd, 8639488.932, 75
Trd, 8639490.432, 70
Trd, 8639493.682, 70
Trd, 8639496.182, 61
Trd, 8639496.432, 61
Trd, 8639496.932, 61
Trd, 8639497.282, 62
Trd, 8639497.582, 64
Trd, 8639498.082, 65
Trd, 8639498.732, 67
Trd, 8639498.932, 68
Trd, 8639499.132, 65
Trd, 8639500.082, 62
Trd, 8639501.232, 63
Trd, 8639502.382, 63
Trd, 8639506.432, 60
Trd, 8639507.082, 61
Trd, 8639507.682, 61
Trd, 8639507.732, 61
Trd, 8639507.932, 61
Trd, 8639508.182, 63
Trd, 8639509.382, 79
Trd, 8639509.432, 76
Trd, 8639510.082, 77
Trd, 8639510.132, 74
Trd, 8639510.382, 73
Trd, 8639510.432, 70
Trd, 8639510.582, 89
Trd, 8639515.282, 60
Trd, 8639515.532, 60
Trd, 8639517.132, 60
Trd, 8639517.382, 60
Trd, 8639517.482, 63
Trd, 8639518.232, 63
Trd, 8639518.332, 63
Trd, 8639518.432, 65
Trd, 8639518.682, 62
Trd, 8639519.432, 67
Trd, 8639519.482, 66
Trd, 8639519.832, 67
Trd, 8639519.932, 66
Trd, 8639521.532, 81
Trd, 8639521.882, 74
Trd, 8639522.032, 72
Trd, 8639522.382, 69
Trd, 8639524.432, 63
Trd, 8639527.582, 60
Trd, 8639527.982, 63
Trd, 8639528.682, 66
Trd, 8639529.432, 72
Trd, 8639529.482, 70
Trd, 8639530.082, 137
Trd, 8639530.282, 64
Trd, 8639530.482, 63
Trd, 8639531.132, 94
Trd, 8639533.482, 60
Trd, 8639535.632, 62
Trd, 8639536.032, 62
Trd, 8639536.582, 63
Trd, 8639536.982, 62
Trd, 8639537.232, 63
Trd, 8639537.382, 65
Trd, 8639537.482, 62
Trd, 8639538.082, 63
Trd, 8639541.632, 60
Trd, 8639542.382, 61
Trd, 8639543.032, 60
Trd, 8639544.532, 60
Trd, 8639544.682, 60
Trd, 8639545.832, 61
Trd, 8639546.432, 63
Trd, 8639546.682, 63
Trd, 8639547.382, 60
Trd, 8639549.182, 63
Trd, 8639549.532, 63
Trd, 8639550.032, 66
Trd, 8639550.382, 66
Trd, 8639551.282, 136
Trd, 8639551.732, 139
Trd, 8639551.932, 136
Trd, 8639552.982, 83
Trd, 8639553.232, 77
Trd, 8639553.532, 76
Trd, 8639554.282, 66
Trd, 8639554.982, 66
Trd, 8639556.032, 70
Trd, 8639556.082, 68
Trd, 8639558.332, 60
Trd, 8639560.332, 63
Trd, 8639562.232, 61
Trd, 8639562.432, 62
Trd, 8639562.632, 63
Trd, 8639562.782, 65
Trd, 8639562.932, 63
Trd, 8639563.532, 65
Trd, 8639564.132, 65
Trd, 8639564.482, 108
Trd, 8639564.782, 71
Trd, 8639565.832, 76
Trd, 8639566.032, 79
Trd, 8639566.082, 78
Trd, 8639566.632, 76
Trd, 8639567.532, 140
Trd, 8639567.932, 140
Trd, 8639568.482, 137
Trd, 8639568.582, 136
Trd, 8639570.382, 61
Trd, 8639572.382, 60
Trd, 8639574.282, 60
Trd, 8639574.782, 63
Trd, 8639575.132, 63
Trd, 8639575.732, 61
Trd, 8639575.832, 61
Trd, 8639576.082, 60
Trd, 8639576.632, 62
Trd, 8639576.832, 67
Trd, 8639578.032, 75
Trd, 8639578.882, 75
Trd, 8639579.682, 76
Trd, 8639580.082, 89
Trd, 8639580.182, 75
Trd, 8639580.482, 72
Trd, 8639581.282, 136
Trd, 8639584.382, 61
Trd, 8639584.982, 64
Trd, 8639585.182, 65
Trd, 8639585.832, 69
Trd, 8639585.932, 68
Trd, 8639586.032, 71
Trd, 8639586.782, 69
Trd, 8639587.182, 69
Trd, 8639587.582, 75
Trd, 8639589.182, 77
Trd, 8639589.482, 77
Trd, 8639589.982, 140
Trd, 8639590.232, 79
Trd, 8639590.282, 76
Trd, 8639593.582, 60
Trd, 8639594.982, 60
Trd, 8639596.782, 63
Trd, 8639597.582, 61
Trd, 8639597.682, 62
Trd, 8639598.432, 63
Trd, 8639598.632, 63
Trd, 8639599.282, 66
Trd, 8639599.632, 70
Trd, 8639599.682, 71
Trd, 8639600.082, 70
Trd, 8639601.482, 74
Trd, 8639601.632, 73
Trd, 8639602.932, 80
Trd, 8639604.082, 87
Trd, 8639604.232, 86
Trd, 8639604.532, 125
Trd, 8639605.432, 82
Trd, 8639606.032, 66
Trd, 8639606.132, 68
Trd, 8639607.332, 60
Trd, 8639611.182, 60
Trd, 8639611.382, 61
Trd, 8639611.832, 62
Trd, 8639612.032, 63
Trd, 8639612.832, 64
Trd, 8639612.882, 63
Trd, 8639613.232, 66
Trd, 8639613.982, 86
Trd, 8639614.582, 74
Trd, 8639614.882, 77
Trd, 8639615.032, 79
Trd, 8639616.482, 115
Trd, 8639616.632, 81
Trd, 8639617.182, 80
Trd, 8639617.832, 81
Trd, 8639618.482, 83
Trd, 8639619.032, 76
Trd, 8639620.182, 139
Trd, 8639620.832, 61
Trd, 8639627.032, 60
Trd, 8639627.082, 60
Trd, 8639627.432, 62
Trd, 8639627.632, 61
Trd, 8639628.032, 62
Trd, 8639628.682, 63
Trd, 8639628.832, 62
Trd, 8639629.232, 61
Trd, 8639630.482, 63
Trd, 8639632.982, 65
Trd, 8639633.882, 60
Trd, 8639634.482, 61
Trd, 8639635.182, 62
Trd, 8639636.082, 61
Trd, 8639636.532, 62
Trd, 8639636.582, 67
Trd, 8639637.382, 68
Trd, 8639637.682, 65
Trd, 8639638.882, 92
Trd, 8639639.132, 74
Trd, 8639639.482, 73
Trd, 8639640.432, 140
Trd, 8639640.482, 137
Trd, 8639645.832, 60
Trd, 8639646.032, 60
Trd, 8639646.182, 61
Trd, 8639646.582, 61
Trd, 8639646.632, 62
Trd, 8639647.082, 62
Trd, 8639648.032, 66
Trd, 8639648.232, 68
Trd, 8639649.132, 71
Trd, 8639649.232, 70
Trd, 8639649.282, 69
Trd, 8639650.982, 140
Trd, 8639651.082, 140
Trd, 8639651.332, 139
Trd, 8639651.982, 73
Trd, 8639653.332, 117
Trd, 8639653.632, 118
Trd, 8639654.182, 118
Trd, 8639655.382, 60
Trd, 8639657.232, 60
Trd, 8639657.732, 60
Trd, 8639658.382, 62
Trd, 8639658.532, 62
Trd, 8639658.832, 62
Trd, 8639658.932, 62
Trd, 8639659.282, 61
Trd, 8639660.832, 60
Trd, 8639664.932, 60
Trd, 8639665.682, 64
Trd, 8639665.882, 64
Trd, 8639665.932, 65
Trd, 8639666.432, 73
Trd, 8639666.532, 72
Trd, 8639667.082, 73
Trd, 8639667.182, 71
Trd, 8639670.732, 61
Trd, 8639671.882, 61
Trd, 8639673.032, 61
Trd, 8639673.382, 60
Trd, 8639673.582, 61
Trd, 8639674.432, 74
Trd, 8639674.482, 72
Trd, 8639674.582, 72
Trd, 8639674.682, 68
Trd, 8639674.832, 69
Trd, 8639675.132, 66
Trd, 8639680.182, 61
Trd, 8639680.282, 60
Trd, 8639680.532, 60
Trd, 8639681.382, 60
Trd, 8639681.682, 62
Trd, 8639682.532, 62
Trd, 8639682.682, 64
Trd, 8639683.382, 67
Trd, 8639683.832, 71
Trd, 8639684.082, 68
Trd, 8639684.732, 74
Trd, 8639684.782, 72
Trd, 8639685.782, 74
Trd, 8639685.882, 73
Trd, 8639686.132, 72
Trd, 8639686.332, 69
Trd, 8639688.032, 92
Trd, 8639689.782, 60
Trd, 8639690.782, 60
Trd, 8639693.232, 60
Trd, 8639693.332, 60
Trd, 8639694.082, 62
Trd, 8639694.382, 64
Trd, 8639694.482, 62
Trd, 8639695.432, 66
Trd, 8639695.582, 64
Trd, 8639696.282, 62
Trd, 8639696.532, 63
Trd, 8639697.082, 79
Trd, 8639698.332, 71
Trd, 8639699.632, 73
Trd, 8639700.032, 73
Trd, 8639700.532, 73
Trd, 8639700.832, 73
Trd, 8639701.432, 62
Trd, 8639701.882, 61
Trd, 8639707.232, 65
Trd, 8639707.832, 60
Trd, 8639708.482, 62
Trd, 8639708.882, 63
Trd, 8639709.182, 64
Trd, 8639709.232, 63
Trd, 8639709.382, 99
Trd, 8639710.582, 62
Trd, 8639711.232, 138
Trd, 8639711.282, 62
Trd, 8639712.282, 70
Trd, 8639712.532, 70
Trd, 8639712.582, 69
Trd, 8639713.182, 69
Trd, 8639715.132, 77
Trd, 8639715.382, 76
Trd, 8639715.732, 76
Trd, 8639715.782, 75
Trd, 8639715.882, 110
Trd, 8639716.682, 90
Trd, 8639717.132, 85
Trd, 8639717.732, 79
Trd, 8639718.382, 80
Trd, 8639718.732, 78
Trd, 8639719.232, 79
Trd, 8639720.432, 140
Trd, 8639720.882, 140
Trd, 8639721.482, 140
Trd, 8639721.582, 140
Trd, 8639722.332, 140
Trd, 8639722.882, 140
Trd, 8639723.332, 140
Trd, 8639723.482, 140
Trd, 8639723.832, 140
Trd, 8639724.532, 114
Trd, 8639724.832, 113
Trd, 8639726.132, 140
Trd, 8639726.982, 140
Trd, 8639727.382, 140
Trd, 8639727.582, 140
Trd, 8639728.082, 140
Trd, 8639728.232, 140
Trd, 8639728.932, 112
Trd, 8639730.082, 99
Trd, 8639730.832, 60
Trd, 8639731.632, 66
Trd, 8639732.132, 66
Trd, 8639732.282, 64
Trd, 8639733.432, 140
Trd, 8639733.632, 140
Trd, 8639734.582, 138
Trd, 8639734.732, 136
Trd, 8639735.882, 63
Trd, 8639736.882, 61
Trd, 8639741.232, 60
Trd, 8639741.432, 64
Trd, 8639741.532, 60
Trd, 8639742.632, 63
Trd, 8639742.682, 64
Trd, 8639742.982, 65
Trd, 8639743.132, 66
Trd, 8639743.332, 64
Trd, 8639743.532, 61
Trd, 8639745.232, 62
Trd, 8639747.632, 62
Trd, 8639747.882, 61
Trd, 8639748.082, 63
Trd, 8639748.532, 62
Trd, 8639748.932, 61
Trd, 8639749.632, 65
Trd, 8639752.032, 60
Trd, 8639752.582, 60
Trd, 8639752.732, 60
Trd, 8639752.832, 61
Trd, 8639752.882, 62
Trd, 8639753.232, 64
Trd, 8639753.832, 61
Trd, 8639754.532, 60
Trd, 8639755.732, 60
Trd, 8639757.432, 61
Trd, 8639757.682, 62
Trd, 8639757.832, 61
Trd, 8639758.082, 64
Trd, 8639758.382, 63
Trd, 8639763.632, 62
Trd, 8639764.382, 62
Trd, 8639764.882, 63
Trd, 8639765.032, 63
Trd, 8639765.432, 63
Trd, 8639766.432, 68
Trd, 8639766.732, 68
Trd, 8639766.982, 68
Trd, 8639767.032, 74
Trd, 8639767.832, 65
Trd, 8639769.682, 62
Trd, 8639773.682, 60
Trd, 8639774.632, 60
Trd, 8639774.832, 60
Trd, 8639774.982, 61
Trd, 8639775.932, 65
Trd, 8639775.982, 64
Trd, 8639776.832, 83
Trd, 8639777.182, 83
Trd, 8639777.332, 83
Trd, 8639778.232, 83
Trd, 8639778.282, 82
Trd, 8639778.382, 81
Trd, 8639778.432, 114
Trd, 8639778.582, 80
Trd, 8639780.382, 112
Trd, 8639783.682, 61
Trd, 8639784.932, 60
Trd, 8639785.682, 61
Trd, 8639785.732, 60
Trd, 8639786.032, 64
Trd, 8639786.232, 64
Trd, 8639787.832, 76
Trd, 8639788.482, 81
Trd, 8639788.582, 81
Trd, 8639788.732, 81
Trd, 8639789.082, 80
Trd, 8639789.432, 96
Trd, 8639789.732, 77
Trd, 8639790.582, 81
Trd, 8639790.732, 81
Trd, 8639791.182, 80
Trd, 8639792.632, 61
Trd, 8639793.082, 61
Trd, 8639795.582, 61
Trd, 8639795.932, 62
Trd, 8639796.082, 67
Trd, 8639796.382, 65
Trd, 8639796.582, 63
Trd, 8639796.832, 69
Trd, 8639797.932, 65
Trd, 8639798.032, 78
Trd, 8639802.382, 60
Trd, 8639803.882, 60
Trd, 8639804.032, 60
Trd, 8639804.282, 61
Trd, 8639805.232, 60
Trd, 8639805.332, 61
Trd, 8639806.032, 63
Trd, 8639806.682, 69
Trd, 8639808.332, 77
Trd, 8639808.382, 80
Trd, 8639808.432, 75
Trd, 8639808.532, 73
Trd, 8639808.982, 88
Trd, 8639810.082, 62
Trd, 8639810.632, 64
Trd, 8639810.782, 67
Trd, 8639811.182, 64
Trd, 8639811.932, 65
Trd, 8639811.982, 64
Trd, 8639813.032, 62
Trd, 8639813.282, 62
Trd, 8639813.832, 61
Trd, 8639814.082, 64
Trd, 8639814.332, 62
Trd, 8639815.582, 140
Trd, 8639815.782, 140
Trd, 8639818.382, 81
Trd, 8639818.632, 81
Trd, 8639818.982, 83
Trd, 8639819.282, 83
Trd, 8639819.832, 85
Trd, 8639819.882, 98
Trd, 8639820.232, 107
Trd, 8639821.332, 93
Trd, 8639822.282, 98
Trd, 8639822.582, 98
Trd, 8639822.682, 95
Trd, 8639823.382, 95
Trd, 8639823.682, 95
Trd, 8639824.182, 95
Trd, 8639824.882, 97
Trd, 8639825.432, 120
Trd, 8639825.582, 127
Trd, 8639825.832, 97
Trd, 8639829.782, 60
Trd, 8639831.982, 60
Trd, 8639832.132, 62
Trd, 8639832.432, 60
Trd, 8639833.082, 65
Trd, 8639833.482, 66
Trd, 8639833.882, 74
Trd, 8639834.232, 74
Trd, 8639834.282, 71
Trd, 8639834.832, 69
Trd, 8639835.382, 62
Trd, 8639836.582, 126
Trd, 8639836.632, 125
Trd, 8639838.332, 61
Trd, 8639841.682, 60
Trd, 8639843.432, 60
Trd, 8639843.632, 60
Trd, 8639844.082, 60
Trd, 8639844.332, 63
Trd, 8639844.682, 63
Trd, 8639845.282, 63
Trd, 8639845.832, 62
Trd, 8639846.082, 63
Trd, 8639847.082, 65
Trd, 8639848.132, 60
Trd, 8639849.882, 60
Trd, 8639851.432, 60
Trd, 8639851.682, 60
Trd, 8639852.382, 61
Trd, 8639852.482, 63
Trd, 8639852.682, 61
Trd, 8639853.032, 66
Trd, 8639853.532, 63
Trd, 8639856.882, 60
Trd, 8639858.982, 60
Trd, 8639860.232, 60
Trd, 8639860.982, 61
Trd, 8639861.232, 60
Trd, 8639861.782, 65
Trd, 8639861.932, 64
Trd, 8639862.082, 65
Trd, 8639862.532, 66
Trd, 8639862.682, 65
Trd, 8639862.832, 64
Trd, 8639863.632, 140
Trd, 8639864.532, 67
Trd, 8639864.682, 66
Trd, 8639865.132, 105
Trd, 8639866.882, 63
Trd, 8639871.082, 60
Trd, 8639871.382, 63
Trd, 8639871.432, 62
Trd, 8639871.832, 63
Trd, 8639872.032, 66
Trd, 8639872.232, 65
Trd, 8639873.832, 60
Trd, 8639874.782, 70
Trd, 8639874.882, 69
Trd, 8639875.582, 72
Trd, 8639875.982, 74
Trd, 8639876.082, 72
Trd, 8639877.282, 132
Trd, 8639878.382, 84
Trd, 8639879.332, 91
Trd, 8639879.632, 91
Trd, 8639879.882, 90
Trd, 8639880.132, 89
Trd, 8639880.332, 88
Trd, 8639882.832, 61
Trd, 8639883.482, 61
Trd, 8639883.732, 61
Trd, 8639883.982, 60
Trd, 8639884.382, 63
Trd, 8639886.632, 62
Trd, 8639887.732, 63
Trd, 8639887.832, 66
Trd, 8639887.932, 65
Trd, 8639888.482, 69
Trd, 8639889.032, 76
Trd, 8639889.282, 75
Trd, 8639889.332, 74
Trd, 8639889.832, 73
Trd, 8639890.682, 75
Trd, 8639891.132, 72
Trd, 8639893.432, 61
Trd, 8639893.832, 62
Trd, 8639896.182, 64
Trd, 8639896.332, 64
Trd, 8639896.532, 65
Trd, 8639898.182, 61
Trd, 8639898.832, 63
Trd, 8639899.032, 63
Trd, 8639899.282, 65
Trd, 8639899.882, 65
Trd, 8639900.482, 65
Trd, 8639902.082, 60
Trd, 8639904.782, 61
Trd, 8639906.182, 60
Trd, 8639907.632, 60
Trd, 8639907.882, 60
Trd, 8639908.082, 60
Trd, 8639908.182, 61
Trd, 8639908.282, 61
Trd, 8639912.432, 60
Trd, 8639913.682, 61
Trd, 8639914.082, 61
Trd, 8639914.382, 64
Trd, 8639914.782, 71
Trd, 8639915.082, 71
Trd, 8639915.632, 83
Trd, 8639915.782, 71
Trd, 8639916.082, 70
Trd, 8639919.782, 60
Trd, 8639920.832, 60
Trd, 8639921.182, 61
Trd, 8639921.382, 62
Trd, 8639921.482, 63
Trd, 8639921.982, 64
Trd, 8639922.782, 66
Trd, 8639923.782, 73
Trd, 8639924.132, 72
Trd, 8639924.582, 73
Trd, 8639925.482, 140
Trd, 8639925.932, 81
Trd, 8639926.732, 88
Trd, 8639926.832, 87
Trd, 8639926.982, 85
Trd, 8639927.182, 84
Trd, 8639927.782, 104
Trd, 8639928.132, 83
Trd, 8639928.532, 83
Trd, 8639930.682, 64
Trd, 8639932.382, 63
Trd, 8639933.232, 66
Trd, 8639933.632, 63
Trd, 8639936.032, 62
Trd, 8639936.282, 61
Trd, 8639936.332, 65
Trd, 8639936.582, 64
Trd, 8639936.932, 65
Trd, 8639937.032, 64
Trd, 8639937.382, 61
Trd, 8639940.482, 62
Trd, 8639942.682, 60
Trd, 8639943.182, 60
Trd, 8639943.782, 60
Trd, 8639943.832, 62
Trd, 8639944.132, 63
Trd, 8639945.432, 69
Trd, 8639945.582, 74
Trd, 8639945.932, 68
Trd, 8639947.382, 77
Trd, 8639947.482, 76
Trd, 8639947.832, 77
Trd, 8639948.032, 74
Trd, 8639948.582, 139
Trd, 8639950.932, 62
Trd, 8639956.782, 60
Trd, 8639957.282, 60
Trd, 8639957.682, 60
Trd, 8639958.082, 62
Trd, 8639958.182, 62
Trd, 8639958.332, 61
Trd, 8639958.732, 64
Trd, 8639958.782, 63
Trd, 8639959.182, 72
Trd, 8639959.382, 67
Trd, 8639960.932, 76
Trd, 8639961.232, 76
Trd, 8639962.132, 83
Trd, 8639962.932, 136
Trd, 8639963.032, 134
Trd, 8639963.082, 133
Trd, 8639968.732, 60
Trd, 8639969.282, 61
Trd, 8639969.832, 60
Trd, 8639970.332, 61
Trd, 8639971.132, 60
Trd, 8639971.432, 63
Trd, 8639971.782, 63
Trd, 8639972.282, 67
Trd, 8639972.332, 64
Trd, 8639972.932, 64
Trd, 8639973.032, 102
Trd, 8639973.282, 67
Trd, 8639974.632, 68
Trd, 8639974.882, 68
Trd, 8639975.032, 67
Trd, 8639977.482, 91
Trd, 8639977.932, 88
Trd, 8639978.632, 75
Trd, 8639978.782, 139
Trd, 8639979.832, 79
Trd, 8639981.032, 85
Trd, 8639981.082, 82
Trd, 8639981.182, 78
Trd, 8639981.382, 73
Trd, 8639984.882, 60
Trd, 8639984.932, 61
Trd, 8639985.932, 60
Trd, 8639986.332, 60
Trd, 8639986.432, 60
Trd, 8639986.932, 63
Trd, 8639987.982, 67
Trd, 8639988.282, 67
Trd, 8639988.532, 68
Trd, 8639988.682, 66
Trd, 8639989.182, 66
Trd, 8639990.432, 140
Trd, 8639990.932, 140
Trd, 8639991.082, 140
Trd, 8639991.182, 139
Trd, 8639992.882, 69
Trd, 8639995.232, 62
Trd, 8639996.982, 62
Trd, 8639997.582, 60
Trd, 8639998.032, 65
Trd, 8639998.532, 64
Trd, 8639998.832, 63
Trd, 8639999.082, 64
