Trd, 8638167.082, 77
Trd, 8638167.832, 78
Trd, 8638168.382, 79
Trd, 8638168.532, 94
Trd, 8638169.932, 82
Trd, 8638170.132, 101
Trd, 8638170.232, 73
Trd, 8638170.332, 79
Trd, 8638172.532, 117
Trd, 8638172.732, 92
Trd, 8638172.782, 90
Trd, 8638173.032, 136
Trd, 8638173.132, 76
Trd, 8638173.632, 75
Trd, 8638173.982, 83
Trd, 8638175.332, 63
Trd, 8638175.732, 98
Trd, 8638176.032, 72
Trd, 8638176.882, 111
Trd, 8638178.032, 66
Trd, 8638178.632, 70
Trd, 8638179.982, 60
Trd, 8638180.082, 64
Trd, 8638181.782, 66
Trd, 8638181.832, 65
Trd, 8638183.332, 67
Trd, 8638183.732, 71
Trd, 8638183.932, 117
Trd, 8638184.182, 86
Trd, 8638185.132, 97
Trd, 8638186.132, 65
Trd, 8638186.582, 106
Trd, 8638187.982, 77
Trd, 8638188.132, 72
Trd, 8638189.282, 102
Trd, 8638189.382, 106
Trd, 8638190.482, 89
Trd, 8638190.632, 85
Trd, 8638190.732, 82
Trd, 8638191.132, 74
Trd, 8638192.782, 63
Trd, 8638192.982, 94
Trd, 8638195.382, 69
Trd, 8638195.982, 63
Trd, 8638196.432, 98
Trd, 8638197.082, 99
Trd, 8638197.632, 65
Trd, 8638198.832, 86
Trd, 8638198.882, 101
Trd, 8638199.682, 65
Trd, 8638202.082, 62
Trd, 8638202.132, 62
Trd, 8638202.532, 74
Trd, 8638202.682, 93
Trd, 8638203.232, 90
Trd, 8638203.382, 89
Trd, 8638203.882, 88
Trd, 8638204.832, 97
Trd, 8638205.082, 109
Trd, 8638205.132, 93
Trd, 8638205.782, 92
Trd, 8638206.082, 87
Trd, 8638207.232, 76
Trd, 8638208.882, 67
Trd, 8638210.782, 61
Trd, 8638211.682, 62
Trd, 8638213.882, 62
Trd, 8638213.982, 68
Trd, 8638214.732, 61
Trd, 8638214.982, 71
Trd, 8638215.382, 64
Trd, 8638215.732, 64
Trd, 8638216.032, 63
Trd, 8638216.382, 84
Trd, 8638217.582, 64
Trd, 8638217.732, 85
Trd, 8638218.232, 63
Trd, 8638220.332, 60
Trd, 8638220.782, 63
Trd, 8638221.832, 86
Trd, 8638223.432, 84
Trd, 8638223.532, 64
Trd, 8638223.732, 65
Trd, 8638224.232, 66
Trd, 8638225.732, 88
Trd, 8638225.932, 84
Trd, 8638226.082, 82
Trd, 8638227.232, 73
Trd, 8638227.282, 94
Trd, 8638227.732, 70
Trd, 8638227.832, 97
Trd, 8638228.532, 60
Trd, 8638230.032, 133
Trd, 8638230.432, 133
Trd, 8638230.832, 131
Trd, 8638230.882, 130
Trd, 8638232.232, 140
Trd, 8638232.432, 120
Trd, 8638232.982, 60
Trd, 8638233.582, 140
Trd, 8638234.482, 135
Trd, 8638235.182, 139
Trd, 8638236.232, 132
Trd, 8638236.332, 131
Trd, 8638237.032, 126
Trd, 8638238.482, 123
Trd, 8638238.682, 121
Trd, 8638238.732, 133
Trd, 8638239.332, 102
Trd, 8638239.732, 92
Trd, 8638240.232, 131
Trd, 8638242.782, 60
Trd, 8638242.932, 65
Trd, 8638244.282, 65
Trd, 8638244.882, 61
Trd, 8638245.432, 80
Trd, 8638246.182, 85
Trd, 8638246.332, 83
Trd, 8638246.432, 82
Trd, 8638246.882, 105
Trd, 8638247.532, 140
Trd, 8638248.482, 138
Trd, 8638249.032, 133
Trd, 8638249.232, 131
Trd, 8638250.732, 121
Trd, 8638250.782, 85
Trd, 8638250.832, 77
Trd, 8638251.282, 70
Trd, 8638251.932, 64
Trd, 8638252.082, 60
Trd, 8638252.582, 69
Trd, 8638255.532, 73
Trd, 8638255.932, 74
Trd, 8638256.232, 86
Trd, 8638256.682, 140
Trd, 8638257.132, 140
Trd, 8638257.182, 140
Trd, 8638257.382, 139
Trd, 8638257.882, 60
Trd, 8638259.482, 130
Trd, 8638259.782, 69
Trd, 8638260.582, 97
Trd, 8638260.982, 84
Trd, 8638262.632, 78
Trd, 8638263.232, 93
Trd, 8638263.282, 134
Trd, 8638263.482, 83
Trd, 8638264.732, 105
Trd, 8638265.632, 105
Trd, 8638265.732, 92
Trd, 8638266.282, 140
Trd, 8638267.182, 140
Trd, 8638267.482, 139
Trd, 8638268.682, 133
Trd, 8638269.182, 113
Trd, 8638269.632, 108
Trd, 8638270.632, 139
Trd, 8638270.682, 92
Trd, 8638270.932, 88
Trd, 8638272.382, 140
Trd, 8638272.632, 136
Trd, 8638273.132, 93
Trd, 8638273.482, 61
Trd, 8638275.782, 66
Trd, 8638275.882, 84
Trd, 8638276.282, 70
Trd, 8638276.432, 69
Trd, 8638277.282, 109
Trd, 8638277.432, 68
Trd, 8638277.732, 65
Trd, 8638280.532, 70
Trd, 8638280.782, 63
Trd, 8638282.732, 61
Trd, 8638282.882, 68
Trd, 8638284.732, 64
Trd, 8638284.882, 62
Trd, 8638285.732, 80
Trd, 8638285.932, 63
Trd, 8638286.282, 138
Trd, 8638287.182, 136
Trd, 8638287.282, 135
Trd, 8638288.482, 127
Trd, 8638289.482, 140
Trd, 8638289.682, 140
Trd, 8638289.982, 140
Trd, 8638290.582, 137
Trd, 8638291.332, 131
Trd, 8638291.782, 110
Trd, 8638292.182, 104
Trd, 8638292.932, 128
Trd, 8638293.682, 61
Trd, 8638294.382, 97
Trd, 8638295.932, 68
Trd, 8638296.582, 62
Trd, 8638298.832, 61
Trd, 8638299.082, 66
Trd, 8638299.632, 67
Trd, 8638299.782, 66
Trd, 8638300.032, 66
Trd, 8638300.182, 68
Trd, 8638300.332, 79
Trd, 8638302.882, 140
Trd, 8638303.182, 140
Trd, 8638303.582, 140
Trd, 8638303.982, 132
Trd, 8638304.682, 113
Trd, 8638304.832, 105
Trd, 8638305.182, 103
Trd, 8638305.482, 101
Trd, 8638305.632, 69
Trd, 8638307.332, 140
Trd, 8638307.432, 139
Trd, 8638307.632, 129
Trd, 8638308.332, 116
Trd, 8638309.032, 116
Trd, 8638309.232, 96
Trd, 8638309.432, 110
Trd, 8638311.332, 91
Trd, 8638311.482, 63
Trd, 8638311.582, 119
Trd, 8638312.532, 103
Trd, 8638314.132, 64
Trd, 8638314.232, 64
Trd, 8638314.732, 75
Trd, 8638314.832, 134
Trd, 8638315.532, 88
Trd, 8638315.632, 86
Trd, 8638315.782, 74
Trd, 8638317.532, 123
Trd, 8638318.032, 116
Trd, 8638319.032, 93
Trd, 8638319.182, 89
Trd, 8638319.682, 88
Trd, 8638319.932, 81
Trd, 8638320.732, 140
Trd, 8638320.932, 140
Trd, 8638322.032, 100
Trd, 8638323.232, 60
Trd, 8638323.582, 74
Trd, 8638324.582, 72
Trd, 8638325.032, 99
Trd, 8638325.632, 85
Trd, 8638327.032, 67
Trd, 8638327.282, 66
Trd, 8638327.382, 63
Trd, 8638327.632, 67
Trd, 8638328.232, 86
Trd, 8638329.332, 62
Trd, 8638329.982, 71
Trd, 8638330.582, 65
Trd, 8638331.482, 64
Trd, 8638332.532, 68
Trd, 8638332.782, 66
Trd, 8638333.982, 68
Trd, 8638334.032, 78
Trd, 8638334.782, 70
Trd, 8638334.832, 87
Trd, 8638335.282, 72
Trd, 8638335.432, 95
Trd, 8638335.482, 68
Trd, 8638336.382, 97
Trd, 8638338.982, 65
Trd, 8638339.982, 82
Trd, 8638340.182, 68
Trd, 8638340.382, 71
Trd, 8638340.582, 73
Trd, 8638340.782, 69
Trd, 8638341.632, 83
Trd, 8638342.032, 76
Trd, 8638342.432, 80
Trd, 8638342.732, 77
Trd, 8638343.582, 115
Trd, 8638344.032, 139
Trd, 8638345.382, 139
Trd, 8638346.232, 119
Trd, 8638346.282, 69
Trd, 8638346.532, 75
Trd, 8638346.782, 63
Trd, 8638348.582, 60
Trd, 8638349.182, 65
Trd, 8638349.882, 69
Trd, 8638350.182, 69
Trd, 8638350.332, 84
Trd, 8638352.032, 68
Trd, 8638352.382, 92
Trd, 8638352.432, 66
Trd, 8638353.032, 140
Trd, 8638353.732, 133
Trd, 8638354.182, 116
Trd, 8638355.632, 70
Trd, 8638355.782, 73
Trd, 8638358.032, 78
Trd, 8638358.232, 79
Trd, 8638358.332, 131
Trd, 8638358.682, 79
Trd, 8638359.382, 122
Trd, 8638359.882, 140
Trd, 8638361.132, 89
Trd, 8638361.732, 70
Trd, 8638362.332, 68
Trd, 8638362.482, 70
Trd, 8638363.032, 82
Trd, 8638364.382, 139
Trd, 8638364.982, 139
Trd, 8638365.032, 138
Trd, 8638365.132, 132
Trd, 8638365.232, 70
Trd, 8638365.832, 89
Trd, 8638366.832, 139
Trd, 8638367.382, 107
Trd, 8638368.932, 140
Trd, 8638369.432, 94
Trd, 8638370.482, 98
Trd, 8638370.682, 97
Trd, 8638370.982, 97
Trd, 8638371.282, 85
Trd, 8638371.982, 139
Trd, 8638372.982, 87
Trd, 8638374.082, 95
Trd, 8638375.232, 61
Trd, 8638375.832, 89
Trd, 8638376.382, 64
Trd, 8638376.532, 62
Trd, 8638378.032, 138
Trd, 8638378.782, 118
Trd, 8638378.982, 109
Trd, 8638379.532, 78
Trd, 8638380.132, 67
Trd, 8638380.482, 114
Trd, 8638380.732, 133
Trd, 8638381.032, 99
Trd, 8638382.082, 139
Trd, 8638382.832, 115
Trd, 8638383.132, 115
Trd, 8638383.282, 110
Trd, 8638384.482, 127
Trd, 8638385.232, 125
Trd, 8638385.732, 137
Trd, 8638386.332, 120
Trd, 8638387.082, 112
Trd, 8638387.632, 132
Trd, 8638388.482, 107
Trd, 8638388.882, 106
Trd, 8638389.982, 64
Trd, 8638390.282, 114
Trd, 8638390.382, 102
Trd, 8638390.582, 92
Trd, 8638390.932, 129
Trd, 8638392.082, 71
Trd, 8638393.032, 72
Trd, 8638394.882, 62
Trd, 8638394.982, 63
Trd, 8638395.782, 60
Trd, 8638396.432, 71
Trd, 8638397.582, 63
Trd, 8638398.082, 76
Trd, 8638398.482, 138
Trd, 8638398.782, 65
Trd, 8638400.332, 63
Trd, 8638400.682, 89
Trd, 8638400.832, 76
Trd, 8638401.882, 74
Trd, 8638402.732, 75
Trd, 8638402.932, 74
Trd, 8638403.382, 73
Trd, 8638403.732, 85
Trd, 8638404.532, 84
Trd, 8638404.932, 68
Trd, 8638406.332, 67
Trd, 8638407.732, 72
Trd, 8638408.182, 140
Trd, 8638408.682, 94
Trd, 8638409.532, 95
Trd, 8638409.932, 90
Trd, 8638410.032, 88
Trd, 8638410.132, 76
Trd, 8638412.532, 61
Trd, 8638413.182, 75
Trd, 8638413.532, 63
Trd, 8638414.432, 60
Trd, 8638415.332, 75
Trd, 8638415.782, 96
Trd, 8638416.482, 63
Trd, 8638417.082, 66
Trd, 8638418.432, 73
Trd, 8638418.682, 60
Trd, 8638420.332, 63
Trd, 8638420.682, 88
Trd, 8638420.932, 66
Trd, 8638421.882, 101
Trd, 8638422.932, 125
Trd, 8638423.632, 93
Trd, 8638424.632, 116
Trd, 8638425.182, 95
Trd, 8638425.232, 94
Trd, 8638425.332, 90
Trd, 8638425.932, 91
Trd, 8638426.332, 91
Trd, 8638426.432, 90
Trd, 8638427.282, 76
Trd, 8638428.182, 78
Trd, 8638428.582, 61
Trd, 8638430.132, 60
Trd, 8638430.582, 61
Trd, 8638431.632, 64
Trd, 8638432.182, 65
Trd, 8638432.582, 66
Trd, 8638433.932, 124
Trd, 8638434.182, 84
Trd, 8638434.682, 71
Trd, 8638435.732, 60
Trd, 8638436.432, 70
Trd, 8638437.032, 140
Trd, 8638437.582, 140
Trd, 8638437.982, 115
Trd, 8638438.232, 114
Trd, 8638439.332, 140
Trd, 8638439.382, 139
Trd, 8638439.982, 101
Trd, 8638440.232, 69
Trd, 8638440.632, 119
Trd, 8638442.082, 140
Trd, 8638442.632, 140
Trd, 8638442.732, 139
Trd, 8638442.882, 132
Trd, 8638443.232, 140
Trd, 8638444.432, 113
Trd, 8638445.432, 111
Trd, 8638445.832, 95
Trd, 8638446.082, 114
Trd, 8638447.282, 107
Trd, 8638447.882, 114
Trd, 8638448.282, 108
Trd, 8638451.232, 60
Trd, 8638451.932, 61
Trd, 8638452.932, 61
Trd, 8638453.282, 65
Trd, 8638453.382, 95
Trd, 8638453.682, 109
Trd, 8638453.832, 88
Trd, 8638455.332, 73
Trd, 8638455.732, 140
Trd, 8638456.632, 140
Trd, 8638457.382, 140
Trd, 8638457.982, 140
Trd, 8638458.432, 132
Trd, 8638458.732, 111
Trd, 8638459.282, 96
Trd, 8638459.582, 95
Trd, 8638459.732, 84
Trd, 8638460.632, 85
Trd, 8638461.532, 63
Trd, 8638462.782, 107
Trd, 8638463.432, 70
Trd, 8638463.582, 72
Trd, 8638464.632, 109
Trd, 8638465.132, 140
Trd, 8638465.282, 132
Trd, 8638465.532, 75
Trd, 8638465.582, 72
Trd, 8638467.682, 64
Trd, 8638468.232, 63
Trd, 8638469.282, 60
Trd, 8638469.482, 79
Trd, 8638470.332, 86
Trd, 8638470.982, 85
Trd, 8638471.232, 74
Trd, 8638471.582, 91
Trd, 8638472.982, 81
Trd, 8638473.982, 60
Trd, 8638474.282, 95
Trd, 8638476.232, 114
Trd, 8638476.632, 115
Trd, 8638476.982, 114
Trd, 8638477.882, 103
Trd, 8638478.382, 94
Trd, 8638478.532, 83
Trd, 8638478.632, 65
Trd, 8638478.832, 96
Trd, 8638479.632, 81
Trd, 8638479.832, 80
Trd, 8638482.182, 61
Trd, 8638482.782, 62
Trd, 8638484.682, 60
Trd, 8638485.182, 66
Trd, 8638485.232, 74
Trd, 8638485.482, 63
Trd, 8638485.532, 88
Trd, 8638486.582, 61
Trd, 8638488.032, 66
Trd, 8638488.732, 140
Trd, 8638488.832, 140
Trd, 8638489.582, 134
Trd, 8638490.332, 119
Trd, 8638491.332, 116
Trd, 8638491.632, 96
Trd, 8638491.682, 83
Trd, 8638491.982, 113
Trd, 8638493.532, 60
Trd, 8638494.232, 61
Trd, 8638494.532, 61
Trd, 8638494.832, 67
Trd, 8638495.882, 65
Trd, 8638496.732, 61
Trd, 8638496.932, 79
Trd, 8638497.782, 112
Trd, 8638497.882, 91
Trd, 8638499.682, 68
Trd, 8638500.482, 85
Trd, 8638500.782, 68
Trd, 8638501.382, 63
Trd, 8638501.832, 71
Trd, 8638502.882, 64
Trd, 8638502.982, 69
Trd, 8638503.782, 65
Trd, 8638505.382, 108
Trd, 8638505.482, 107
Trd, 8638505.532, 105
Trd, 8638506.082, 118
Trd, 8638506.432, 96
Trd, 8638506.732, 95
Trd, 8638507.282, 92
Trd, 8638507.532, 62
Trd, 8638508.382, 61
Trd, 8638509.082, 82
Trd, 8638509.682, 94
Trd, 8638510.532, 91
Trd, 8638510.882, 75
Trd, 8638513.232, 60
Trd, 8638513.332, 139
Trd, 8638513.532, 140
Trd, 8638513.982, 119
Trd, 8638515.882, 122
Trd, 8638515.932, 120
Trd, 8638516.682, 140
Trd, 8638517.032, 140
Trd, 8638517.482, 128
Trd, 8638517.582, 127
Trd, 8638518.732, 139
Trd, 8638518.782, 139
Trd, 8638518.832, 114
Trd, 8638519.132, 112
Trd, 8638519.682, 60
Trd, 8638520.682, 60
Trd, 8638522.832, 63
Trd, 8638523.732, 64
Trd, 8638524.282, 93
Trd, 8638524.332, 138
Trd, 8638525.332, 66
Trd, 8638525.832, 71
Trd, 8638527.882, 61
Trd, 8638527.932, 90
Trd, 8638528.332, 64
Trd, 8638529.732, 64
Trd, 8638529.882, 64
Trd, 8638530.132, 99
Trd, 8638531.132, 102
Trd, 8638532.132, 79
Trd, 8638532.232, 81
Trd, 8638533.282, 140
Trd, 8638533.432, 132
Trd, 8638534.232, 128
Trd, 8638534.982, 127
Trd, 8638535.532, 126
Trd, 8638536.282, 140
Trd, 8638536.482, 120
Trd, 8638537.032, 106
Trd, 8638537.682, 112
Trd, 8638539.432, 138
Trd, 8638539.982, 139
Trd, 8638540.182, 137
Trd, 8638540.782, 126
Trd, 8638541.632, 124
Trd, 8638541.682, 120
Trd, 8638542.032, 139
Trd, 8638542.482, 136
Trd, 8638543.032, 106
Trd, 8638544.932, 61
Trd, 8638545.882, 61
Trd, 8638546.032, 86
Trd, 8638546.932, 89
Trd, 8638547.032, 76
Trd, 8638547.532, 66
Trd, 8638547.732, 69
Trd, 8638548.232, 78
Trd, 8638548.632, 99
Trd, 8638548.832, 66
Trd, 8638549.832, 140
Trd, 8638550.132, 139
Trd, 8638551.132, 73
Trd, 8638552.832, 70
Trd, 8638553.232, 67
Trd, 8638553.482, 73
Trd, 8638554.232, 66
Trd, 8638554.982, 67
Trd, 8638555.232, 60
Trd, 8638556.782, 68
Trd, 8638556.932, 133
Trd, 8638557.182, 61
Trd, 8638557.682, 77
Trd, 8638558.482, 90
Trd, 8638558.582, 88
Trd, 8638558.982, 85
Trd, 8638560.232, 140
Trd, 8638560.482, 140
Trd, 8638560.982, 106
Trd, 8638562.082, 104
Trd, 8638562.332, 103
Trd, 8638562.932, 87
Trd, 8638563.582, 82
Trd, 8638563.882, 78
Trd, 8638564.032, 77
Trd, 8638566.582, 80
Trd, 8638566.682, 78
Trd, 8638566.782, 75
Trd, 8638567.282, 140
Trd, 8638568.232, 140
Trd, 8638568.432, 121
Trd, 8638569.432, 72
Trd, 8638570.532, 106
Trd, 8638571.782, 74
Trd, 8638571.882, 76
Trd, 8638573.382, 83
Trd, 8638573.782, 83
Trd, 8638574.082, 78
Trd, 8638574.482, 125
Trd, 8638575.382, 79
Trd, 8638575.582, 116
Trd, 8638576.432, 111
Trd, 8638577.032, 138
Trd, 8638577.382, 118
Trd, 8638578.832, 64
Trd, 8638578.982, 67
Trd, 8638579.432, 69
Trd, 8638579.482, 76
Trd, 8638581.082, 80
Trd, 8638581.382, 78
Trd, 8638581.432, 121
Trd, 8638581.682, 76
Trd, 8638582.782, 140
Trd, 8638582.882, 121
Trd, 8638583.132, 63
Trd, 8638586.732, 65
Trd, 8638587.032, 76
Trd, 8638587.132, 64
Trd, 8638587.882, 85
Trd, 8638588.582, 106
Trd, 8638589.082, 67
Trd, 8638590.832, 64
Trd, 8638591.082, 66
Trd, 8638591.932, 66
Trd, 8638592.882, 70
Trd, 8638593.132, 98
Trd, 8638593.632, 77
Trd, 8638593.732, 76
Trd, 8638593.932, 107
Trd, 8638595.832, 140
Trd, 8638596.282, 140
Trd, 8638596.582, 114
Trd, 8638598.432, 110
Trd, 8638599.032, 106
Trd, 8638599.782, 103
Trd, 8638599.982, 88
Trd, 8638600.382, 88
Trd, 8638600.482, 87
Trd, 8638602.132, 62
Trd, 8638602.382, 79
Trd, 8638603.732, 90
Trd, 8638603.832, 89
Trd, 8638604.682, 102
Trd, 8638605.982, 80
Trd, 8638606.082, 76
Trd, 8638606.782, 73
Trd, 8638607.232, 140
Trd, 8638608.532, 140
Trd, 8638609.332, 134
Trd, 8638609.682, 126
Trd, 8638610.032, 122
Trd, 8638610.182, 115
Trd, 8638610.782, 87
Trd, 8638611.482, 139
Trd, 8638612.132, 123
Trd, 8638613.232, 100
Trd, 8638613.282, 99
Trd, 8638613.532, 96
Trd, 8638613.782, 95
Trd, 8638614.332, 87
Trd, 8638615.832, 85
Trd, 8638616.432, 105
Trd, 8638617.432, 126
Trd, 8638617.832, 106
Trd, 8638618.182, 93
Trd, 8638618.682, 93
Trd, 8638618.882, 75
Trd, 8638620.932, 89
Trd, 8638622.032, 83
Trd, 8638622.432, 85
Trd, 8638623.132, 82
Trd, 8638623.282, 81
Trd, 8638623.382, 75
Trd, 8638625.932, 61
Trd, 8638626.032, 87
Trd, 8638626.982, 66
Trd, 8638627.582, 67
Trd, 8638628.432, 69
Trd, 8638628.832, 67
Trd, 8638628.932, 78
Trd, 8638630.332, 63
Trd, 8638631.132, 63
Trd, 8638631.532, 64
Trd, 8638632.532, 67
Trd, 8638632.882, 113
Trd, 8638632.982, 102
Trd, 8638633.582, 75
Trd, 8638633.782, 140
Trd, 8638634.532, 70
Trd, 8638635.532, 76
Trd, 8638636.732, 98
Trd, 8638637.682, 85
Trd, 8638637.832, 84
Trd, 8638638.182, 83
Trd, 8638638.632, 85
Trd, 8638638.932, 85
Trd, 8638639.532, 86
Trd, 8638639.832, 84
Trd, 8638640.132, 82
Trd, 8638640.532, 138
Trd, 8638642.182, 62
Trd, 8638643.632, 61
Trd, 8638644.932, 61
Trd, 8638644.982, 127
Trd, 8638645.332, 64
Trd, 8638645.482, 140
Trd, 8638645.932, 65
Trd, 8638646.332, 75
Trd, 8638647.032, 79
Trd, 8638647.182, 78
Trd, 8638649.232, 68
Trd, 8638649.482, 72
Trd, 8638650.332, 113
Trd, 8638651.282, 84
Trd, 8638651.782, 80
Trd, 8638652.082, 139
Trd, 8638652.782, 83
Trd, 8638653.382, 105
Trd, 8638654.132, 83
Trd, 8638654.982, 84
Trd, 8638655.282, 111
Trd, 8638657.282, 61
Trd, 8638658.482, 62
Trd, 8638658.882, 60
Trd, 8638659.932, 69
Trd, 8638660.832, 64
Trd, 8638661.832, 65
Trd, 8638661.932, 62
Trd, 8638662.332, 60
Trd, 8638662.882, 65
Trd, 8638663.682, 62
Trd, 8638664.132, 60
Trd, 8638664.932, 69
Trd, 8638666.632, 72
Trd, 8638667.282, 81
Trd, 8638667.882, 75
Trd, 8638668.082, 74
Trd, 8638668.382, 127
Trd, 8638668.532, 74
Trd, 8638668.832, 73
Trd, 8638670.032, 75
Trd, 8638672.982, 84
Trd, 8638673.032, 83
Trd, 8638673.332, 110
Trd, 8638673.582, 79
Trd, 8638674.282, 76
Trd, 8638675.882, 101
Trd, 8638676.432, 86
Trd, 8638676.482, 85
Trd, 8638676.782, 99
Trd, 8638677.932, 68
Trd, 8638678.482, 77
Trd, 8638679.132, 81
Trd, 8638680.032, 68
Trd, 8638680.732, 69
Trd, 8638680.982, 96
Trd, 8638682.782, 81
Trd, 8638683.182, 71
Trd, 8638683.782, 63
Trd, 8638686.282, 61
Trd, 8638686.632, 81
Trd, 8638686.782, 61
Trd, 8638686.832, 67
Trd, 8638687.432, 72
Trd, 8638687.632, 71
Trd, 8638689.182, 76
Trd, 8638689.582, 140
Trd, 8638689.932, 140
Trd, 8638690.382, 140
Trd, 8638690.482, 140
Trd, 8638691.082, 118
Trd, 8638692.132, 106
Trd, 8638692.632, 71
Trd, 8638692.732, 69
Trd, 8638693.382, 70
Trd, 8638695.732, 64
Trd, 8638696.282, 62
Trd, 8638696.432, 63
Trd, 8638696.732, 98
Trd, 8638696.782, 104
Trd, 8638697.482, 66
Trd, 8638698.082, 64
Trd, 8638699.132, 139
Trd, 8638699.532, 123
Trd, 8638700.032, 140
Trd, 8638701.332, 74
Trd, 8638702.082, 70
Trd, 8638703.182, 80
Trd, 8638703.832, 94
Trd, 8638703.982, 96
Trd, 8638704.082, 72
Trd, 8638704.582, 65
Trd, 8638706.082, 76
Trd, 8638706.232, 64
Trd, 8638706.782, 62
Trd, 8638707.582, 100
Trd, 8638707.632, 99
Trd, 8638708.432, 106
Trd, 8638708.632, 101
Trd, 8638709.482, 96
Trd, 8638709.532, 95
Trd, 8638710.332, 96
Trd, 8638710.732, 140
Trd, 8638712.082, 140
Trd, 8638713.182, 140
Trd, 8638713.432, 140
Trd, 8638713.932, 132
Trd, 8638714.032, 116
Trd, 8638714.982, 96
Trd, 8638716.732, 140
Trd, 8638717.482, 139
Trd, 8638717.832, 96
Trd, 8638718.032, 78
Trd, 8638718.882, 101
Trd, 8638719.032, 73
Trd, 8638719.882, 82
Trd, 8638722.332, 82
Trd, 8638722.382, 80
Trd, 8638723.282, 99
Trd, 8638724.032, 80
Trd, 8638724.232, 79
Trd, 8638724.282, 69
Trd, 8638726.332, 89
Trd, 8638726.832, 72
Trd, 8638727.332, 140
Trd, 8638727.732, 101
Trd, 8638728.432, 90
Trd, 8638728.532, 123
Trd, 8638729.432, 88
Trd, 8638730.082, 76
Trd, 8638730.732, 140
Trd, 8638731.182, 132
Trd, 8638731.532, 73
Trd, 8638733.532, 76
Trd, 8638734.082, 63
Trd, 8638735.532, 71
Trd, 8638736.382, 121
Trd, 8638736.432, 120
Trd, 8638736.582, 130
Trd, 8638737.632, 78
Trd, 8638737.882, 68
Trd, 8638738.182, 68
Trd, 8638740.382, 140
Trd, 8638740.832, 134
Trd, 8638742.332, 135
Trd, 8638742.682, 128
Trd, 8638742.982, 120
Trd, 8638743.682, 139
Trd, 8638744.032, 100
Trd, 8638744.482, 64
Trd, 8638745.482, 82
Trd, 8638745.982, 73
Trd, 8638746.232, 85
Trd, 8638747.032, 140
Trd, 8638747.982, 140
Trd, 8638748.132, 140
Trd, 8638748.332, 139
Trd, 8638748.882, 132
Trd, 8638749.082, 114
Trd, 8638749.832, 70
Trd, 8638750.582, 81
Trd, 8638750.832, 100
Trd, 8638751.782, 89
Trd, 8638752.482, 107
Trd, 8638753.932, 140
Trd, 8638755.082, 139
Trd, 8638755.232, 80
Trd, 8638755.332, 78
Trd, 8638757.332, 127
Trd, 8638757.882, 139
Trd, 8638758.982, 135
Trd, 8638759.032, 134
Trd, 8638759.132, 126
Trd, 8638759.182, 111
Trd, 8638759.432, 99
Trd, 8638760.382, 87
Trd, 8638760.582, 85
Trd, 8638762.832, 61
Trd, 8638764.782, 98
Trd, 8638765.082, 67
Trd, 8638765.732, 91
Trd, 8638766.082, 83
Trd, 8638766.182, 96
Trd, 8638766.382, 77
Trd, 8638766.882, 89
Trd, 8638767.132, 89
Trd, 8638767.932, 67
Trd, 8638769.182, 137
Trd, 8638769.782, 137
Trd, 8638771.232, 140
Trd, 8638771.632, 137
Trd, 8638771.682, 132
Trd, 8638772.082, 111
Trd, 8638772.682, 106
Trd, 8638773.482, 139
Trd, 8638773.882, 139
Trd, 8638774.332, 139
Trd, 8638775.732, 98
Trd, 8638775.982, 94
Trd, 8638776.682, 97
Trd, 8638777.432, 140
Trd, 8638777.682, 99
Trd, 8638779.032, 94
Trd, 8638780.082, 73
Trd, 8638780.132, 68
Trd, 8638780.382, 87
Trd, 8638780.982, 68
Trd, 8638781.432, 140
Trd, 8638781.532, 140
Trd, 8638782.582, 140
Trd, 8638783.332, 140
Trd, 8638783.432, 140
Trd, 8638784.482, 69
Trd, 8638784.582, 76
Trd, 8638785.332, 66
Trd, 8638787.332, 62
Trd, 8638787.482, 62
Trd, 8638788.232, 114
Trd, 8638788.532, 61
Trd, 8638790.832, 73
Trd, 8638791.132, 109
Trd, 8638791.282, 72
Trd, 8638791.832, 72
Trd, 8638792.482, 70
Trd, 8638792.882, 62
Trd, 8638795.032, 68
Trd, 8638795.932, 100
Trd, 8638796.332, 75
Trd, 8638796.582, 74
Trd, 8638798.982, 140
Trd, 8638799.482, 80
Trd, 8638799.582, 78
Trd, 8638799.732, 76
Trd, 8638800.782, 76
Trd, 8638802.282, 73
Trd, 8638802.682, 87
Trd, 8638802.982, 105
Trd, 8638803.182, 69
Trd, 8638804.482, 140
Trd, 8638805.282, 69
Trd, 8638805.682, 70
Trd, 8638806.132, 76
Trd, 8638806.332, 77
Trd, 8638808.632, 140
Trd, 8638809.032, 100
Trd, 8638809.682, 140
Trd, 8638809.982, 89
Trd, 8638810.282, 127
Trd, 8638810.782, 118
Trd, 8638810.832, 113
Trd, 8638810.932, 123
Trd, 8638812.382, 112
Trd, 8638813.182, 97
Trd, 8638813.732, 134
Trd, 8638815.132, 97
Trd, 8638815.682, 136
Trd, 8638816.032, 111
Trd, 8638816.132, 99
Trd, 8638816.382, 68
Trd, 8638817.832, 60
Trd, 8638818.482, 76
Trd, 8638819.032, 69
Trd, 8638820.082, 77
Trd, 8638820.782, 88
Trd, 8638821.782, 78
Trd, 8638822.082, 90
Trd, 8638822.282, 103
Trd, 8638822.732, 89
Trd, 8638824.632, 76
Trd, 8638825.532, 121
Trd, 8638826.232, 61
Trd, 8638826.432, 64
Trd, 8638827.482, 61
Trd, 8638828.482, 61
Trd, 8638828.632, 73
Trd, 8638829.182, 63
Trd, 8638829.782, 68
Trd, 8638830.532, 76
Trd, 8638830.882, 69
Trd, 8638833.082, 71
Trd, 8638833.382, 73
Trd, 8638834.332, 74
Trd, 8638834.782, 72
Trd, 8638834.982, 70
Trd, 8638835.232, 99
Trd, 8638835.432, 70
Trd, 8638835.632, 82
Trd, 8638836.782, 113
Trd, 8638837.082, 113
Trd, 8638837.132, 116
Trd, 8638839.282, 65
Trd, 8638839.682, 100
Trd, 8638841.882, 62
Trd, 8638841.982, 63
Trd, 8638843.732, 60
Trd, 8638844.182, 66
Trd, 8638845.132, 66
Trd, 8638846.132, 139
Trd, 8638846.332, 140
Trd, 8638846.482, 133
Trd, 8638846.532, 132
Trd, 8638846.832, 70
Trd, 8638847.982, 67
Trd, 8638848.482, 67
Trd, 8638849.332, 97
Trd, 8638850.932, 89
Trd, 8638851.332, 136
Trd, 8638852.382, 140
Trd, 8638852.432, 140
Trd, 8638853.882, 140
Trd, 8638853.982, 132
Trd, 8638854.332, 121
Trd, 8638854.882, 103
Trd, 8638855.382, 137
Trd, 8638855.582, 72
Trd, 8638855.982, 86
Trd, 8638856.782, 104
Trd, 8638857.482, 140
Trd, 8638857.632, 138
Trd, 8638858.232, 140
Trd, 8638858.282, 140
Trd, 8638858.932, 74
Trd, 8638859.432, 76
Trd, 8638861.882, 64
Trd, 8638862.032, 62
Trd, 8638862.132, 87
Trd, 8638862.332, 64
Trd, 8638863.982, 122
Trd, 8638865.782, 124
Trd, 8638866.182, 123
Trd, 8638866.282, 133
Trd, 8638866.332, 118
Trd, 8638868.332, 140
Trd, 8638868.382, 139
Trd, 8638868.832, 134
Trd, 8638868.932, 125
Trd, 8638869.532, 119
Trd, 8638869.882, 95
Trd, 8638871.182, 136
Trd, 8638871.632, 140
Trd, 8638872.532, 114
Trd, 8638873.032, 104
Trd, 8638873.182, 139
Trd, 8638874.132, 104
Trd, 8638874.332, 91
Trd, 8638875.032, 91
Trd, 8638875.932, 83
Trd, 8638876.282, 140
Trd, 8638876.882, 132
Trd, 8638877.532, 104
Trd, 8638877.632, 98
Trd, 8638877.682, 79
Trd, 8638879.732, 61
Trd, 8638880.582, 64
Trd, 8638882.232, 140
Trd, 8638883.232, 137
Trd, 8638883.332, 136
Trd, 8638883.932, 115
Trd, 8638884.082, 117
Trd, 8638884.282, 110
Trd, 8638885.182, 140
Trd, 8638887.032, 60
Trd, 8638887.432, 73
Trd, 8638888.682, 69
Trd, 8638889.082, 69
Trd, 8638889.132, 83
Trd, 8638890.482, 82
Trd, 8638891.332, 92
Trd, 8638891.832, 103
Trd, 8638891.932, 91
Trd, 8638893.032, 60
Trd, 8638893.632, 63
Trd, 8638895.232, 73
Trd, 8638895.482, 73
Trd, 8638895.632, 72
Trd, 8638896.132, 71
Trd, 8638897.382, 62
Trd, 8638897.482, 76
Trd, 8638898.232, 73
Trd, 8638899.382, 86
Trd, 8638899.582, 135
Trd, 8638900.232, 72
Trd, 8638900.582, 72
Trd, 8638901.682, 107
Trd, 8638902.582, 81
Trd, 8638902.832, 79
Trd, 8638903.482, 81
Trd, 8638903.732, 79
Trd, 8638904.682, 137
Trd, 8638904.982, 89
Trd, 8638905.082, 86
Trd, 8638905.782, 139
Trd, 8638906.782, 140
Trd, 8638907.082, 117
Trd, 8638908.582, 134
Trd, 8638908.782, 132
Trd, 8638909.232, 110
Trd, 8638910.032, 88
Trd, 8638910.632, 83
Trd, 8638911.232, 76
Trd, 8638911.382, 97
Trd, 8638912.382, 96
Trd, 8638913.582, 140
Trd, 8638913.732, 117
Trd, 8638913.782, 111
Trd, 8638913.932, 139
Trd, 8638914.732, 71
Trd, 8638915.332, 119
Trd, 8638916.232, 117
Trd, 8638917.182, 115
Trd, 8638917.432, 97
Trd, 8638917.832, 96
Trd, 8638918.032, 140
Trd, 8638919.382, 117
Trd, 8638919.582, 97
Trd, 8638919.732, 97
Trd, 8638920.182, 95
Trd, 8638921.782, 84
Trd, 8638921.882, 60
Trd, 8638923.932, 67
Trd, 8638925.432, 89
Trd, 8638925.582, 102
Trd, 8638925.932, 92
Trd, 8638927.482, 60
Trd, 8638928.832, 66
Trd, 8638928.982, 73
Trd, 8638929.532, 73
Trd, 8638929.582, 78
Trd, 8638930.332, 97
Trd, 8638930.482, 65
Trd, 8638931.782, 60
Trd, 8638932.032, 86
Trd, 8638932.882, 66
Trd, 8638934.032, 65
Trd, 8638934.482, 68
Trd, 8638935.082, 66
Trd, 8638935.232, 73
Trd, 8638936.132, 110
Trd, 8638936.382, 65
Trd, 8638936.682, 127
Trd, 8638939.332, 63
Trd, 8638939.932, 75
Trd, 8638940.182, 72
Trd, 8638940.532, 69
Trd, 8638941.732, 117
Trd, 8638942.382, 81
Trd, 8638943.432, 60
Trd, 8638943.632, 61
Trd, 8638944.582, 67
Trd, 8638945.482, 60
Trd, 8638946.782, 62
Trd, 8638948.132, 63
Trd, 8638949.132, 60
Trd, 8638949.532, 63
Trd, 8638949.782, 68
Trd, 8638951.082, 72
Trd, 8638951.532, 85
Trd, 8638951.832, 95
Trd, 8638952.432, 111
Trd, 8638952.532, 110
Trd, 8638952.682, 89
Trd, 8638953.432, 127
Trd, 8638953.532, 111
Trd, 8638953.832, 127
Trd, 8638954.682, 139
Trd, 8638955.682, 62
Trd, 8638955.932, 76
Trd, 8638958.532, 61
Trd, 8638958.782, 64
Trd, 8638959.982, 60
Trd, 8638960.082, 68
Trd, 8638960.732, 66
Trd, 8638960.932, 127
Trd, 8638961.682, 66
Trd, 8638962.582, 72
Trd, 8638963.282, 65
Trd, 8638964.232, 82
Trd, 8638964.582, 91
Trd, 8638965.132, 77
Trd, 8638966.132, 84
Trd, 8638968.632, 139
Trd, 8638968.682, 132
Trd, 8638969.132, 140
Trd, 8638969.682, 71
Trd, 8638969.932, 73
Trd, 8638970.582, 70
Trd, 8638970.832, 69
Trd, 8638971.382, 68
Trd, 8638971.882, 62
Trd, 8638973.382, 74
Trd, 8638973.432, 73
Trd, 8638973.682, 69
Trd, 8638974.632, 81
Trd, 8638975.382, 140
Trd, 8638975.482, 140
Trd, 8638975.982, 138
Trd, 8638977.932, 99
Trd, 8638978.332, 136
Trd, 8638979.032, 93
Trd, 8638979.082, 79
Trd, 8638979.682, 73
Trd, 8638979.782, 68
Trd, 8638980.282, 77
Trd, 8638981.332, 138
Trd, 8638982.332, 140
Trd, 8638983.232, 129
Trd, 8638983.432, 112
Trd, 8638983.982, 102
Trd, 8638984.082, 101
Trd, 8638985.982, 65
Trd, 8638988.632, 61
Trd, 8638989.432, 63
Trd, 8638989.632, 72
Trd, 8638990.982, 69
Trd, 8638991.082, 69
Trd, 8638991.182, 118
Trd, 8638991.232, 66
Trd, 8638991.582, 113
Trd, 8638991.932, 67
Trd, 8638993.232, 67
Trd, 8638994.182, 88
Trd, 8638994.232, 105
Trd, 8638994.982, 123
Trd, 8638995.882, 106
Trd, 8638996.832, 97
Trd, 8638997.432, 98
Trd, 8638998.082, 97
Trd, 8638998.132, 108
Trd, 8638998.832, 95
Trd, 8638999.982, 106
Trd, 8639000.532, 100
Trd, 8639001.082, 76
Trd, 8639001.382, 75
Trd, 8639001.432, 74
Trd, 8639002.282, 81
Trd, 8639002.332, 117
Trd, 8639002.882, 114
Trd, 8639003.432, 62
Trd, 8639008.782, 60
Trd, 8639009.032, 76
Trd, 8639009.882, 68
Trd, 8639010.082, 78
Trd, 8639010.132, 66
Trd, 8639011.282, 75
Trd, 8639012.082, 72
Trd, 8639012.632, 137
Trd, 8639013.232, 105
Trd, 8639014.182, 104
Trd, 8639014.532, 91
Trd, 8639014.582, 85
Trd, 8639014.982, 65
Trd, 8639016.182, 97
Trd, 8639017.082, 69
Trd, 8639017.182, 78
Trd, 8639018.732, 63
Trd, 8639020.832, 61
Trd, 8639021.432, 65
Trd, 8639021.782, 79
Trd, 8639022.382, 95
Trd, 8639022.632, 99
Trd, 8639022.682, 80
Trd, 8639023.582, 140
Trd, 8639023.832, 80
Trd, 8639024.482, 125
Trd, 8639025.282, 69
Trd, 8639025.782, 102
Trd, 8639026.432, 90
Trd, 8639026.982, 109
Trd, 8639027.132, 87
Trd, 8639027.932, 104
Trd, 8639029.332, 72
Trd, 8639029.632, 69
Trd, 8639030.132, 72
Trd, 8639030.532, 65
Trd, 8639031.982, 75
Trd, 8639033.032, 133
Trd, 8639033.182, 89
Trd, 8639033.582, 105
Trd, 8639035.782, 89
Trd, 8639035.882, 88
Trd, 8639036.082, 70
Trd, 8639037.382, 66
Trd, 8639038.532, 70
Trd, 8639040.182, 92
Trd, 8639040.332, 85
Trd, 8639040.832, 111
Trd, 8639041.032, 108
Trd, 8639041.832, 125
Trd, 8639042.182, 108
Trd, 8639042.232, 95
Trd, 8639043.632, 68
Trd, 8639043.732, 66
Trd, 8639044.982, 140
Trd, 8639045.882, 140
Trd, 8639046.532, 140
Trd, 8639046.782, 139
Trd, 8639046.932, 117
Trd, 8639047.282, 115
Trd, 8639047.832, 112
Trd, 8639049.482, 102
Trd, 8639051.182, 62
Trd, 8639051.332, 64
Trd, 8639051.782, 63
Trd, 8639051.832, 67
Trd, 8639053.032, 88
Trd, 8639053.132, 73
Trd, 8639053.282, 74
Trd, 8639054.432, 78
Trd, 8639054.882, 77
Trd, 8639055.682, 133
Trd, 8639055.932, 78
Trd, 8639056.682, 106
Trd, 8639057.182, 106
Trd, 8639057.432, 89
Trd, 8639058.332, 109
Trd, 8639058.482, 140
Trd, 8639059.182, 67
Trd, 8639060.132, 99
Trd, 8639062.382, 64
Trd, 8639062.732, 64
Trd, 8639062.782, 84
Trd, 8639063.432, 65
Trd, 8639063.482, 74
Trd, 8639064.332, 108
Trd, 8639064.482, 135
Trd, 8639064.632, 102
Trd, 8639067.782, 66
Trd, 8639068.182, 91
Trd, 8639068.382, 68
Trd, 8639070.032, 67
Trd, 8639070.782, 63
Trd, 8639070.932, 73
Trd, 8639072.082, 78
Trd, 8639072.432, 111
Trd, 8639073.182, 63
Trd, 8639073.232, 60
Trd, 8639075.632, 94
Trd, 8639075.682, 74
Trd, 8639075.932, 97
Trd, 8639076.632, 73
Trd, 8639076.982, 64
Trd, 8639077.282, 81
Trd, 8639077.932, 63
Trd, 8639078.282, 71
Trd, 8639080.132, 66
Trd, 8639080.432, 65
Trd, 8639080.982, 64
Trd, 8639081.732, 139
Trd, 8639081.982, 83
Trd, 8639082.232, 88
Trd, 8639083.582, 133
Trd, 8639084.082, 91
Trd, 8639084.132, 70
Trd, 8639084.982, 63
Trd, 8639086.082, 66
Trd, 8639087.282, 63
Trd, 8639089.032, 60
Trd, 8639089.932, 61
Trd, 8639090.382, 60
Trd, 8639091.232, 67
Trd, 8639091.332, 66
Trd, 8639091.632, 68
Trd, 8639092.232, 76
Trd, 8639092.482, 120
Trd, 8639092.632, 66
Trd, 8639094.632, 109
Trd, 8639094.732, 71
Trd, 8639095.182, 69
Trd, 8639095.982, 130
Trd, 8639096.932, 77
Trd, 8639097.282, 76
Trd, 8639097.832, 89
Trd, 8639098.332, 73
Trd, 8639098.832, 108
Trd, 8639099.482, 69
Trd, 8639100.182, 131
Trd, 8639100.782, 90
Trd, 8639101.332, 93
Trd, 8639101.732, 68
Trd, 8639103.182, 92
Trd, 8639104.332, 98
Trd, 8639104.632, 72
Trd, 8639105.482, 80
Trd, 8639105.882, 67
Trd, 8639106.432, 69
Trd, 8639107.632, 77
Trd, 8639107.782, 97
Trd, 8639108.732, 120
Trd, 8639109.432, 128
Trd, 8639109.732, 110
Trd, 8639110.282, 108
Trd, 8639110.682, 107
Trd, 8639111.332, 139
Trd, 8639111.832, 104
Trd, 8639112.832, 139
Trd, 8639113.832, 113
Trd, 8639114.382, 139
Trd, 8639114.582, 102
Trd, 8639115.482, 138
Trd, 8639116.082, 102
Trd, 8639116.582, 62
Trd, 8639118.732, 139
Trd, 8639120.682, 68
Trd, 8639120.932, 73
Trd, 8639122.182, 64
Trd, 8639122.732, 60
Trd, 8639123.082, 64
Trd, 8639123.882, 66
Trd, 8639124.332, 60
Trd, 8639124.632, 67
Trd, 8639125.932, 70
Trd, 8639126.382, 69
Trd, 8639127.282, 67
Trd, 8639128.032, 78
Trd, 8639128.182, 73
Trd, 8639128.732, 75
Trd, 8639131.682, 65
Trd, 8639132.332, 65
Trd, 8639132.882, 140
Trd, 8639133.132, 140
Trd, 8639133.932, 138
Trd, 8639133.982, 137
Trd, 8639134.582, 87
Trd, 8639135.582, 128
Trd, 8639135.782, 114
Trd, 8639136.882, 140
Trd, 8639136.982, 139
Trd, 8639137.532, 130
Trd, 8639137.882, 117
Trd, 8639138.232, 113
Trd, 8639138.782, 139
Trd, 8639139.782, 80
Trd, 8639141.432, 140
Trd, 8639141.532, 140
Trd, 8639141.882, 129
Trd, 8639142.182, 127
Trd, 8639142.232, 126
Trd, 8639142.632, 114
Trd, 8639143.032, 113
Trd, 8639144.632, 80
Trd, 8639145.832, 67
Trd, 8639146.432, 77
Trd, 8639147.682, 61
Trd, 8639148.832, 72
Trd, 8639149.782, 79
Trd, 8639150.482, 84
Trd, 8639150.982, 84
Trd, 8639151.932, 93
Trd, 8639152.882, 91
Trd, 8639152.932, 99
Trd, 8639153.882, 87
Trd, 8639154.432, 86
Trd, 8639154.632, 82
Trd, 8639155.032, 84
Trd, 8639155.682, 97
Trd, 8639155.732, 82
Trd, 8639156.132, 81
Trd, 8639157.432, 84
Trd, 8639157.932, 139
Trd, 8639158.332, 72
Trd, 8639158.832, 90
Trd, 8639159.882, 63
Trd, 8639161.332, 68
Trd, 8639162.282, 61
Trd, 8639162.932, 62
Trd, 8639163.332, 74
Trd, 8639163.432, 104
Trd, 8639163.832, 63
Trd, 8639164.882, 61
Trd, 8639165.932, 108
Trd, 8639166.182, 140
Trd, 8639166.782, 124
Trd, 8639167.032, 115
Trd, 8639167.382, 114
Trd, 8639169.582, 60
Trd, 8639169.982, 61
Trd, 8639172.232, 81
Trd, 8639172.282, 79
Trd, 8639172.382, 86
Trd, 8639173.932, 79
Trd, 8639174.782, 62
Trd, 8639175.182, 75
Trd, 8639175.332, 82
Trd, 8639177.332, 61
Trd, 8639178.582, 63
Trd, 8639178.632, 73
Trd, 8639178.732, 77
Trd, 8639180.432, 61
Trd, 8639180.832, 65
Trd, 8639181.432, 78
Trd, 8639181.682, 68
Trd, 8639181.882, 68
Trd, 8639182.382, 70
Trd, 8639183.382, 70
Trd, 8639184.482, 64
Trd, 8639184.932, 65
Trd, 8639185.382, 61
Trd, 8639185.932, 66
Trd, 8639186.532, 104
Trd, 8639187.132, 137
Trd, 8639187.732, 137
Trd, 8639188.432, 84
Trd, 8639188.482, 84
Trd, 8639188.632, 83
Trd, 8639189.782, 78
Trd, 8639190.132, 122
Trd, 8639191.232, 137
Trd, 8639191.282, 71
Trd, 8639193.182, 133
Trd, 8639193.232, 132
Trd, 8639193.632, 114
Trd, 8639194.932, 75
Trd, 8639196.032, 60
Trd, 8639196.632, 129
Trd, 8639196.682, 106
Trd, 8639197.532, 103
Trd, 8639197.782, 73
Trd, 8639198.832, 132
Trd, 8639199.682, 90
Trd, 8639200.782, 86
Trd, 8639200.932, 107
Trd, 8639202.132, 62
Trd, 8639202.182, 60
Trd, 8639203.782, 62
Trd, 8639204.082, 71
Trd, 8639205.132, 137
Trd, 8639205.382, 136
Trd, 8639205.682, 84
Trd, 8639206.232, 88
Trd, 8639206.732, 118
Trd, 8639208.732, 115
Trd, 8639209.282, 140
Trd, 8639209.732, 140
Trd, 8639210.382, 140
Trd, 8639210.832, 138
Trd, 8639211.082, 135
Trd, 8639212.032, 127
Trd, 8639212.582, 127
Trd, 8639212.682, 115
Trd, 8639213.332, 138
Trd, 8639213.432, 110
Trd, 8639213.832, 96
Trd, 8639215.032, 97
Trd, 8639215.082, 83
Trd, 8639215.882, 140
Trd, 8639216.032, 138
Trd, 8639217.782, 76
Trd, 8639218.432, 84
Trd, 8639220.482, 60
Trd, 8639221.182, 64
Trd, 8639222.732, 62
Trd, 8639223.532, 68
Trd, 8639223.932, 73
Trd, 8639224.032, 81
Trd, 8639224.482, 79
Trd, 8639224.982, 62
Trd, 8639226.282, 63
Trd, 8639226.382, 62
Trd, 8639226.682, 73
Trd, 8639226.732, 101
Trd, 8639227.682, 140
Trd, 8639229.132, 140
Trd, 8639229.582, 132
Trd, 8639230.082, 139
Trd, 8639230.482, 114
Trd, 8639231.782, 140
Trd, 8639231.882, 140
Trd, 8639231.982, 139
Trd, 8639232.332, 127
Trd, 8639232.582, 117
Trd, 8639233.532, 105
Trd, 8639234.282, 101
Trd, 8639234.482, 100
Trd, 8639234.532, 94
Trd, 8639235.882, 91
Trd, 8639236.682, 95
Trd, 8639237.032, 98
Trd, 8639237.182, 86
Trd, 8639237.382, 82
Trd, 8639238.682, 61
Trd, 8639238.782, 61
Trd, 8639240.182, 61
Trd, 8639241.682, 113
Trd, 8639241.732, 112
Trd, 8639241.982, 73
Trd, 8639243.032, 137
Trd, 8639243.332, 129
Trd, 8639243.782, 131
Trd, 8639244.282, 130
Trd, 8639244.832, 122
Trd, 8639245.882, 66
Trd, 8639246.232, 60
Trd, 8639246.332, 93
Trd, 8639248.932, 60
Trd, 8639249.582, 62
Trd, 8639249.782, 68
Trd, 8639251.182, 67
Trd, 8639251.782, 82
Trd, 8639252.032, 65
Trd, 8639253.182, 69
Trd, 8639253.332, 69
Trd, 8639253.582, 66
Trd, 8639253.882, 97
Trd, 8639254.382, 67
Trd, 8639254.432, 100
Trd, 8639256.132, 139
Trd, 8639256.282, 82
Trd, 8639257.482, 114
Trd, 8639257.832, 102
Trd, 8639258.382, 65
Trd, 8639260.132, 82
Trd, 8639261.132, 127
Trd, 8639262.082, 68
Trd, 8639262.882, 69
Trd, 8639262.932, 65
Trd, 8639263.082, 64
Trd, 8639263.232, 86
Trd, 8639264.232, 64
Trd, 8639265.332, 81
Trd, 8639266.332, 82
Trd, 8639266.832, 86
Trd, 8639266.882, 84
Trd, 8639267.532, 67
Trd, 8639268.732, 71
Trd, 8639269.582, 63
Trd, 8639270.132, 95
Trd, 8639271.532, 64
Trd, 8639272.632, 62
Trd, 8639272.732, 77
Trd, 8639273.982, 60
Trd, 8639274.532, 78
Trd, 8639275.432, 98
Trd, 8639276.282, 95
Trd, 8639276.432, 98
Trd, 8639276.582, 94
Trd, 8639276.782, 94
Trd, 8639277.482, 89
Trd, 8639277.782, 124
Trd, 8639278.582, 140
Trd, 8639278.832, 139
Trd, 8639279.632, 122
Trd, 8639279.682, 105
Trd, 8639279.732, 82
Trd, 8639281.282, 139
Trd, 8639282.032, 137
Trd, 8639282.282, 130
Trd, 8639282.432, 121
Trd, 8639282.732, 121
Trd, 8639283.932, 140
Trd, 8639284.532, 125
Trd, 8639285.082, 140
Trd, 8639285.532, 109
Trd, 8639285.632, 108
Trd, 8639286.632, 139
Trd, 8639286.832, 132
Trd, 8639287.582, 120
Trd, 8639288.532, 112
Trd, 8639288.632, 111
Trd, 8639289.232, 121
Trd, 8639289.932, 140
Trd, 8639290.182, 90
Trd, 8639291.882, 120
Trd, 8639292.582, 107
Trd, 8639293.232, 102
Trd, 8639293.882, 138
Trd, 8639294.032, 140
Trd, 8639294.482, 137
Trd, 8639294.982, 130
Trd, 8639295.332, 105
Trd, 8639296.432, 65
Trd, 8639299.132, 60
Trd, 8639300.132, 78
Trd, 8639300.282, 85
Trd, 8639300.332, 77
Trd, 8639300.382, 72
Trd, 8639301.332, 66
Trd, 8639303.082, 68
Trd, 8639303.632, 79
Trd, 8639303.882, 72
Trd, 8639304.082, 137
Trd, 8639304.682, 71
Trd, 8639306.082, 61
Trd, 8639307.032, 62
Trd, 8639307.132, 62
Trd, 8639307.482, 61
Trd, 8639308.432, 140
Trd, 8639308.932, 106
Trd, 8639309.482, 87
Trd, 8639309.932, 139
Trd, 8639310.382, 61
Trd, 8639311.632, 65
Trd, 8639312.082, 75
Trd, 8639313.532, 63
Trd, 8639313.582, 68
Trd, 8639313.932, 88
Trd, 8639314.582, 70
Trd, 8639315.082, 69
Trd, 8639315.632, 127
Trd, 8639316.132, 69
Trd, 8639316.732, 71
Trd, 8639317.282, 77
Trd, 8639317.582, 70
Trd, 8639317.782, 69
Trd, 8639318.082, 68
Trd, 8639320.432, 61
Trd, 8639323.332, 62
Trd, 8639323.532, 69
Trd, 8639323.632, 74
Trd, 8639324.482, 77
Trd, 8639324.632, 62
Trd, 8639324.882, 62
Trd, 8639325.832, 69
Trd, 8639326.032, 64
Trd, 8639326.282, 92
Trd, 8639327.382, 102
Trd, 8639327.582, 98
Trd, 8639328.132, 106
Trd, 8639328.182, 115
Trd, 8639328.732, 80
Trd, 8639329.432, 72
Trd, 8639330.432, 74
Trd, 8639330.982, 66
Trd, 8639332.282, 121
Trd, 8639332.882, 87
Trd, 8639333.982, 91
Trd, 8639334.582, 84
Trd, 8639334.932, 77
Trd, 8639335.032, 72
Trd, 8639335.232, 102
Trd, 8639335.282, 69
Trd, 8639336.332, 140
Trd, 8639337.082, 121
Trd, 8639338.182, 118
Trd, 8639338.482, 111
Trd, 8639338.782, 115
Trd, 8639338.982, 103
Trd, 8639339.982, 88
Trd, 8639340.332, 140
Trd, 8639340.882, 78
Trd, 8639341.032, 68
Trd, 8639342.832, 75
Trd, 8639343.532, 87
Trd, 8639343.632, 78
Trd, 8639344.282, 95
Trd, 8639344.682, 96
Trd, 8639345.032, 95
Trd, 8639345.532, 94
Trd, 8639345.682, 93
Trd, 8639346.482, 85
Trd, 8639347.182, 60
Trd, 8639348.582, 112
Trd, 8639349.732, 123
Trd, 8639350.682, 67
Trd, 8639351.332, 66
Trd, 8639351.482, 61
Trd, 8639351.532, 111
Trd, 8639352.082, 106
Trd, 8639353.032, 68
Trd, 8639353.982, 131
Trd, 8639354.232, 130
Trd, 8639354.382, 125
Trd, 8639355.932, 74
Trd, 8639356.482, 99
Trd, 8639357.932, 139
Trd, 8639358.232, 110
Trd, 8639360.232, 60
Trd, 8639360.482, 61
Trd, 8639362.832, 65
Trd, 8639362.932, 65
Trd, 8639363.032, 63
Trd, 8639363.132, 70
Trd, 8639363.732, 62
Trd, 8639364.032, 61
Trd, 8639366.532, 74
Trd, 8639367.282, 80
Trd, 8639367.682, 81
Trd, 8639367.732, 75
Trd, 8639368.032, 139
Trd, 8639368.082, 114
Trd, 8639368.832, 127
Trd, 8639369.632, 140
Trd, 8639370.582, 140
Trd, 8639370.682, 140
Trd, 8639370.982, 139
Trd, 8639371.532, 94
Trd, 8639373.332, 118
Trd, 8639374.632, 60
Trd, 8639374.782, 69
Trd, 8639376.332, 74
Trd, 8639376.682, 71
Trd, 8639377.232, 80
Trd, 8639377.332, 79
Trd, 8639378.082, 74
Trd, 8639378.732, 140
Trd, 8639379.032, 140
Trd, 8639379.982, 140
Trd, 8639381.282, 124
Trd, 8639382.032, 99
Trd, 8639382.132, 97
Trd, 8639382.832, 96
Trd, 8639383.182, 118
Trd, 8639383.282, 104
Trd, 8639383.632, 91
Trd, 8639384.082, 131
Trd, 8639387.132, 60
Trd, 8639387.182, 124
Trd, 8639387.382, 64
Trd, 8639388.132, 65
Trd, 8639388.282, 62
Trd, 8639388.332, 95
Trd, 8639388.432, 132
Trd, 8639390.482, 60
Trd, 8639391.332, 60
Trd, 8639391.582, 74
Trd, 8639393.282, 67
Trd, 8639393.482, 68
Trd, 8639393.532, 78
Trd, 8639393.882, 63
Trd, 8639395.432, 60
Trd, 8639395.882, 93
Trd, 8639397.282, 69
Trd, 8639397.732, 68
Trd, 8639398.782, 100
Trd, 8639399.182, 89
Trd, 8639399.432, 87
Trd, 8639399.932, 95
Trd, 8639400.032, 73
Trd, 8639400.632, 72
Trd, 8639400.932, 69
Trd, 8639401.732, 60
Trd, 8639402.782, 64
Trd, 8639403.582, 62
Trd, 8639403.982, 140
Trd, 8639404.132, 139
Trd, 8639404.732, 75
Trd, 8639405.082, 77
Trd, 8639407.332, 61
Trd, 8639407.532, 60
Trd, 8639409.182, 67
Trd, 8639410.982, 70
Trd, 8639411.982, 63
Trd, 8639413.632, 62
Trd, 8639413.932, 70
Trd, 8639414.232, 67
Trd, 8639414.532, 66
Trd, 8639415.082, 79
Trd, 8639417.582, 88
Trd, 8639419.332, 93
Trd, 8639419.382, 91
Trd, 8639419.482, 90
Trd, 8639419.532, 87
Trd, 8639420.332, 140
Trd, 8639420.632, 140
Trd, 8639420.682, 140
Trd, 8639420.782, 118
Trd, 8639421.732, 99
Trd, 8639422.732, 125
Trd, 8639422.832, 140
Trd, 8639422.932, 124
Trd, 8639423.232, 111
Trd, 8639424.482, 93
Trd, 8639425.632, 102
Trd, 8639426.382, 87
Trd, 8639428.332, 102
Trd, 8639428.432, 101
Trd, 8639428.482, 91
Trd, 8639428.932, 123
Trd, 8639429.332, 75
Trd, 8639429.582, 140
Trd, 8639430.782, 90
Trd, 8639430.982, 88
Trd, 8639432.282, 100
Trd, 8639432.682, 134
Trd, 8639433.532, 131
Trd, 8639433.832, 124
Trd, 8639434.682, 101
Trd, 8639435.332, 91
Trd, 8639435.482, 76
Trd, 8639437.232, 116
Trd, 8639437.382, 70
Trd, 8639437.982, 67
Trd, 8639439.182, 86
Trd, 8639440.882, 80
Trd, 8639441.032, 80
Trd, 8639441.232, 79
Trd, 8639441.582, 75
Trd, 8639441.632, 73
Trd, 8639443.132, 140
Trd, 8639445.232, 140
Trd, 8639445.432, 140
Trd, 8639445.682, 140
Trd, 8639446.382, 140
Trd, 8639446.582, 139
Trd, 8639446.682, 119
Trd, 8639447.732, 101
Trd, 8639448.482, 135
Trd, 8639448.732, 104
Trd, 8639448.982, 67
Trd, 8639449.182, 140
Trd, 8639449.332, 62
Trd, 8639450.382, 135
Trd, 8639450.882, 124
Trd, 8639451.282, 95
Trd, 8639453.532, 68
Trd, 8639454.432, 98
Trd, 8639454.782, 96
Trd, 8639455.282, 84
Trd, 8639455.432, 136
Trd, 8639455.982, 84
Trd, 8639456.382, 138
Trd, 8639456.632, 87
Trd, 8639457.632, 81
Trd, 8639458.282, 81
Trd, 8639458.632, 77
Trd, 8639458.882, 61
Trd, 8639459.982, 98
Trd, 8639461.382, 61
Trd, 8639462.182, 102
Trd, 8639462.682, 62
Trd, 8639464.382, 81
Trd, 8639465.232, 79
Trd, 8639465.332, 78
Trd, 8639465.582, 101
Trd, 8639466.332, 77
Trd, 8639466.682, 79
Trd, 8639468.232, 97
Trd, 8639468.432, 119
Trd, 8639469.032, 95
Trd, 8639469.532, 68
Trd, 8639469.982, 67
Trd, 8639472.132, 66
Trd, 8639472.532, 72
Trd, 8639474.482, 61
Trd, 8639475.432, 61
Trd, 8639476.432, 78
Trd, 8639476.782, 99
Trd, 8639478.032, 140
Trd, 8639478.232, 140
Trd, 8639478.282, 140
Trd, 8639479.082, 133
Trd, 8639479.132, 132
Trd, 8639479.432, 117
Trd, 8639479.532, 114
Trd, 8639481.432, 79
Trd, 8639481.532, 76
Trd, 8639482.632, 68
Trd, 8639483.232, 61
Trd, 8639483.932, 63
Trd, 8639484.132, 78
Trd, 8639485.832, 91
Trd, 8639485.982, 139
Trd, 8639486.332, 140
Trd, 8639486.632, 140
Trd, 8639488.332, 140
Trd, 8639488.382, 140
Trd, 8639488.482, 130
Trd, 8639488.932, 123
Trd, 8639490.432, 137
Trd, 8639490.582, 130
Trd, 8639491.082, 116
Trd, 8639491.132, 101
Trd, 8639492.282, 109
Trd, 8639492.932, 108
Trd, 8639493.032, 106
Trd, 8639494.382, 63
Trd, 8639495.732, 77
Trd, 8639496.032, 112
Trd, 8639497.432, 85
Trd, 8639497.582, 104
Trd, 8639497.732, 67
Trd, 8639498.332, 64
Trd, 8639499.432, 61
Trd, 8639500.532, 64
Trd, 8639500.632, 65
Trd, 8639501.382, 83
Trd, 8639502.182, 69
Trd, 8639503.382, 67
Trd, 8639504.232, 93
Trd, 8639504.332, 75
Trd, 8639504.682, 91
Trd, 8639505.832, 79
Trd, 8639506.182, 138
Trd, 8639507.332, 140
Trd, 8639508.082, 140
Trd, 8639508.682, 140
Trd, 8639508.832, 139
Trd, 8639509.432, 137
Trd, 8639509.832, 125
Trd, 8639510.132, 114
Trd, 8639510.282, 101
Trd, 8639510.782, 138
Trd, 8639512.032, 105
Trd, 8639514.482, 104
Trd, 8639514.532, 101
Trd, 8639514.782, 101
Trd, 8639515.032, 63
Trd, 8639516.182, 64
Trd, 8639516.532, 60
Trd, 8639517.532, 109
Trd, 8639519.032, 78
Trd, 8639519.282, 77
Trd, 8639519.482, 140
Trd, 8639520.582, 140
Trd, 8639521.032, 125
Trd, 8639521.332, 124
Trd, 8639521.432, 117
Trd, 8639522.782, 76
Trd, 8639523.382, 71
Trd, 8639523.482, 69
Trd, 8639524.982, 81
Trd, 8639526.232, 139
Trd, 8639526.732, 140
Trd, 8639527.432, 140
Trd, 8639527.482, 140
Trd, 8639527.532, 128
Trd, 8639528.532, 140
Trd, 8639528.932, 137
Trd, 8639529.282, 114
Trd, 8639530.032, 72
Trd, 8639531.332, 140
Trd, 8639531.782, 140
Trd, 8639531.832, 140
Trd, 8639534.132, 71
Trd, 8639534.882, 61
Trd, 8639536.682, 69
Trd, 8639536.732, 66
Trd, 8639536.932, 64
Trd, 8639537.382, 66
Trd, 8639537.732, 66
Trd, 8639538.532, 63
Trd, 8639538.632, 71
Trd, 8639540.132, 62
Trd, 8639540.882, 66
Trd, 8639541.432, 68
Trd, 8639542.082, 71
Trd, 8639542.532, 72
Trd, 8639543.532, 65
Trd, 8639544.432, 79
Trd, 8639545.632, 70
Trd, 8639546.882, 88
Trd, 8639546.932, 70
Trd, 8639547.232, 68
Trd, 8639548.882, 70
Trd, 8639549.482, 84
Trd, 8639550.082, 139
Trd, 8639551.232, 71
Trd, 8639551.982, 67
Trd, 8639552.032, 66
Trd, 8639552.182, 65
Trd, 8639552.882, 79
Trd, 8639553.532, 65
Trd, 8639554.332, 132
Trd, 8639554.732, 89
Trd, 8639555.282, 88
Trd, 8639555.682, 85
Trd, 8639556.282, 105
Trd, 8639556.832, 61
Trd, 8639559.182, 67
Trd, 8639560.182, 61
Trd, 8639560.482, 64
Trd, 8639560.732, 61
Trd, 8639561.032, 60
Trd, 8639562.332, 64
Trd, 8639562.432, 81
Trd, 8639562.882, 74
Trd, 8639563.382, 92
Trd, 8639564.082, 70
Trd, 8639564.232, 140
Trd, 8639564.632, 64
Trd, 8639565.682, 138
Trd, 8639566.732, 133
Trd, 8639566.782, 125
Trd, 8639567.982, 64
Trd, 8639568.132, 91
Trd, 8639569.482, 60
Trd, 8639570.232, 81
Trd, 8639571.532, 65
Trd, 8639571.732, 67
Trd, 8639572.982, 60
Trd, 8639573.182, 60
Trd, 8639574.632, 113
Trd, 8639574.832, 97
Trd, 8639575.982, 113
Trd, 8639576.182, 108
Trd, 8639576.382, 117
Trd, 8639576.632, 107
Trd, 8639577.682, 140
Trd, 8639578.182, 140
Trd, 8639578.482, 139
Trd, 8639579.132, 140
Trd, 8639579.682, 134
Trd, 8639580.782, 118
Trd, 8639581.532, 97
Trd, 8639583.132, 60
Trd, 8639583.782, 64
Trd, 8639584.382, 140
Trd, 8639585.782, 75
Trd, 8639586.932, 66
Trd, 8639587.132, 67
Trd, 8639587.882, 73
Trd, 8639588.532, 84
Trd, 8639589.232, 86
Trd, 8639589.432, 93
Trd, 8639590.132, 66
Trd, 8639590.432, 64
Trd, 8639591.432, 85
Trd, 8639591.832, 63
Trd, 8639592.932, 62
Trd, 8639593.782, 77
Trd, 8639595.682, 63
Trd, 8639596.982, 62
Trd, 8639597.232, 60
Trd, 8639597.732, 64
Trd, 8639598.082, 72
Trd, 8639598.532, 63
Trd, 8639599.282, 65
Trd, 8639599.682, 104
Trd, 8639600.882, 87
Trd, 8639601.732, 86
Trd, 8639601.782, 85
Trd, 8639602.332, 85
Trd, 8639602.982, 139
Trd, 8639603.032, 138
Trd, 8639604.332, 70
Trd, 8639604.932, 140
Trd, 8639606.682, 60
Trd, 8639608.482, 66
Trd, 8639608.632, 66
Trd, 8639608.732, 70
Trd, 8639610.082, 60
Trd, 8639610.882, 82
Trd, 8639611.732, 69
Trd, 8639612.682, 76
Trd, 8639613.132, 76
Trd, 8639614.032, 72
Trd, 8639614.532, 70
Trd, 8639614.932, 60
Trd, 8639616.582, 87
Trd, 8639616.932, 63
Trd, 8639617.982, 140
Trd, 8639619.032, 140
Trd, 8639619.432, 140
Trd, 8639619.632, 140
Trd, 8639619.882, 139
Trd, 8639621.282, 140
Trd, 8639621.932, 140
Trd, 8639622.082, 131
Trd, 8639622.182, 128
Trd, 8639622.482, 99
Trd, 8639623.032, 74
Trd, 8639626.782, 73
Trd, 8639626.832, 68
Trd, 8639627.132, 85
Trd, 8639627.232, 86
Trd, 8639627.382, 88
Trd, 8639630.882, 140
Trd, 8639630.932, 140
Trd, 8639631.282, 140
Trd, 8639631.432, 117
Trd, 8639631.882, 140
Trd, 8639632.182, 114
Trd, 8639634.532, 65
Trd, 8639634.582, 67
Trd, 8639635.732, 65
Trd, 8639635.882, 90
Trd, 8639636.032, 65
Trd, 8639636.882, 91
Trd, 8639636.932, 91
Trd, 8639638.332, 66
Trd, 8639640.282, 60
Trd, 8639641.432, 75
Trd, 8639642.182, 60
Trd, 8639642.382, 78
Trd, 8639643.932, 63
Trd, 8639644.782, 63
Trd, 8639645.182, 64
Trd, 8639645.682, 114
Trd, 8639646.832, 68
Trd, 8639647.682, 69
Trd, 8639648.132, 87
Trd, 8639648.732, 77
Trd, 8639649.032, 70
Trd, 8639649.482, 63
Trd, 8639650.382, 75
Trd, 8639651.232, 73
Trd, 8639652.082, 94
Trd, 8639652.132, 89
Trd, 8639652.932, 140
Trd, 8639655.682, 66
Trd, 8639655.782, 65
Trd, 8639656.482, 75
Trd, 8639656.532, 67
Trd, 8639657.332, 89
Trd, 8639657.482, 87
Trd, 8639657.732, 102
Trd, 8639658.182, 75
Trd, 8639658.382, 76
Trd, 8639659.432, 72
Trd, 8639659.832, 68
Trd, 8639660.432, 79
Trd, 8639661.932, 95
Trd, 8639662.632, 114
Trd, 8639663.782, 134
Trd, 8639663.982, 66
Trd, 8639664.482, 139
Trd, 8639665.032, 125
Trd, 8639665.782, 138
Trd, 8639667.432, 75
Trd, 8639667.832, 86
Trd, 8639668.182, 91
Trd, 8639669.082, 82
Trd, 8639669.332, 76
Trd, 8639669.832, 72
Trd, 8639669.982, 67
Trd, 8639670.332, 64
Trd, 8639670.882, 140
Trd, 8639671.182, 117
Trd, 8639672.882, 140
Trd, 8639672.932, 140
Trd, 8639673.982, 131
Trd, 8639674.082, 130
Trd, 8639674.882, 140
Trd, 8639675.132, 140
Trd, 8639675.332, 140
Trd, 8639675.832, 138
Trd, 8639676.632, 140
Trd, 8639677.032, 128
Trd, 8639678.232, 78
Trd, 8639678.682, 66
Trd, 8639679.132, 82
Trd, 8639680.782, 65
Trd, 8639681.282, 105
Trd, 8639681.732, 82
Trd, 8639682.082, 80
Trd, 8639682.882, 88
Trd, 8639682.932, 107
Trd, 8639683.382, 75
Trd, 8639684.132, 140
Trd, 8639685.632, 79
Trd, 8639685.782, 76
Trd, 8639685.832, 106
Trd, 8639686.332, 73
Trd, 8639688.182, 70
Trd, 8639688.582, 80
Trd, 8639688.882, 90
Trd, 8639689.232, 92
Trd, 8639689.932, 94
Trd, 8639690.182, 91
Trd, 8639692.582, 139
Trd, 8639692.882, 138
Trd, 8639693.532, 137
Trd, 8639693.882, 112
Trd, 8639693.932, 74
Trd, 8639695.032, 138
Trd, 8639695.732, 139
Trd, 8639695.882, 138
Trd, 8639696.532, 132
Trd, 8639696.732, 131
Trd, 8639697.232, 120
Trd, 8639697.782, 101
Trd, 8639698.832, 103
Trd, 8639700.032, 89
Trd, 8639700.732, 140
Trd, 8639700.982, 140
Trd, 8639701.482, 118
Trd, 8639702.882, 62
Trd, 8639703.882, 60
Trd, 8639704.732, 70
Trd, 8639704.832, 61
Trd, 8639706.182, 70
Trd, 8639707.332, 72
Trd, 8639708.132, 86
Trd, 8639708.332, 124
Trd, 8639709.482, 70
Trd, 8639710.032, 77
Trd, 8639710.132, 83
Trd, 8639710.432, 74
Trd, 8639710.582, 71
Trd, 8639712.032, 70
Trd, 8639712.432, 69
Trd, 8639712.582, 86
Trd, 8639714.832, 60
Trd, 8639715.332, 62
Trd, 8639716.582, 70
Trd, 8639717.582, 82
Trd, 8639717.882, 64
Trd, 8639718.332, 63
Trd, 8639718.632, 65
Trd, 8639719.182, 64
Trd, 8639719.532, 89
Trd, 8639720.232, 112
Trd, 8639721.932, 62
Trd, 8639722.632, 62
Trd, 8639723.632, 71
Trd, 8639724.132, 63
Trd, 8639725.532, 75
Trd, 8639725.882, 83
Trd, 8639728.782, 63
Trd, 8639729.082, 69
Trd, 8639729.582, 70
Trd, 8639729.932, 71
Trd, 8639730.832, 71
Trd, 8639731.082, 70
Trd, 8639731.182, 70
Trd, 8639731.832, 63
Trd, 8639732.232, 66
Trd, 8639732.582, 63
Trd, 8639733.032, 122
Trd, 8639733.632, 79
Trd, 8639735.482, 81
Trd, 8639735.582, 71
Trd, 8639736.282, 91
Trd, 8639736.582, 69
Trd, 8639737.182, 64
Trd, 8639738.132, 140
Trd, 8639739.232, 136
Trd, 8639739.282, 129
Trd, 8639739.382, 112
Trd, 8639739.432, 98
Trd, 8639741.132, 79
Trd, 8639742.782, 61
Trd, 8639743.682, 72
Trd, 8639744.432, 66
Trd, 8639744.682, 65
Trd, 8639745.132, 93
Trd, 8639745.882, 71
Trd, 8639746.232, 69
Trd, 8639747.582, 79
Trd, 8639748.182, 91
Trd, 8639748.432, 76
Trd, 8639748.732, 79
Trd, 8639751.932, 60
Trd, 8639753.482, 60
Trd, 8639754.232, 66
Trd, 8639754.932, 66
Trd, 8639755.032, 67
Trd, 8639755.232, 79
Trd, 8639755.982, 91
Trd, 8639756.632, 64
Trd, 8639757.032, 88
Trd, 8639757.282, 107
Trd, 8639757.982, 139
Trd, 8639758.332, 88
Trd, 8639759.532, 75
Trd, 8639759.632, 103
Trd, 8639760.132, 75
Trd, 8639762.382, 92
Trd, 8639762.582, 88
Trd, 8639763.182, 134
Trd, 8639763.432, 117
Trd, 8639764.032, 140
Trd, 8639764.182, 117
Trd, 8639764.682, 107
Trd, 8639765.082, 109
Trd, 8639766.282, 140
Trd, 8639766.382, 140
Trd, 8639766.732, 140
Trd, 8639767.432, 99
Trd, 8639771.032, 60
Trd, 8639771.132, 64
Trd, 8639772.382, 72
Trd, 8639773.182, 67
Trd, 8639773.932, 65
Trd, 8639774.032, 86
Trd, 8639774.732, 92
Trd, 8639774.782, 91
Trd, 8639775.582, 84
Trd, 8639776.032, 78
Trd, 8639776.582, 106
Trd, 8639776.682, 104
Trd, 8639776.882, 66
Trd, 8639778.182, 99
Trd, 8639778.432, 75
Trd, 8639778.482, 73
Trd, 8639778.982, 128
Trd, 8639779.782, 137
Trd, 8639780.132, 89
Trd, 8639781.232, 108
Trd, 8639781.582, 118
Trd, 8639781.732, 86
Trd, 8639782.332, 64
Trd, 8639784.232, 140
Trd, 8639784.532, 106
Trd, 8639785.082, 105
Trd, 8639785.382, 108
Trd, 8639785.632, 95
Trd, 8639786.332, 108
Trd, 8639786.582, 77
Trd, 8639786.982, 90
Trd, 8639789.832, 86
Trd, 8639789.882, 85
Trd, 8639790.532, 118
Trd, 8639791.282, 84
Trd, 8639791.532, 87
Trd, 8639792.232, 69
Trd, 8639793.732, 101
Trd, 8639793.832, 100
Trd, 8639794.532, 92
Trd, 8639795.382, 60
Trd, 8639796.682, 63
Trd, 8639797.182, 94
Trd, 8639797.832, 133
Trd, 8639798.082, 60
Trd, 8639798.132, 67
Trd, 8639798.532, 60
Trd, 8639798.732, 61
Trd, 8639800.132, 140
Trd, 8639800.232, 138
Trd, 8639800.932, 105
Trd, 8639801.782, 100
Trd, 8639801.832, 97
Trd, 8639802.182, 113
Trd, 8639803.182, 140
Trd, 8639803.932, 140
Trd, 8639803.982, 132
Trd, 8639805.032, 139
Trd, 8639805.732, 139
Trd, 8639805.782, 138
Trd, 8639806.782, 118
Trd, 8639807.382, 98
Trd, 8639808.932, 139
Trd, 8639809.632, 138
Trd, 8639809.782, 131
Trd, 8639810.132, 120
Trd, 8639811.732, 94
Trd, 8639811.782, 92
Trd, 8639812.332, 89
Trd, 8639812.882, 133
Trd, 8639813.082, 82
Trd, 8639813.332, 81
Trd, 8639813.832, 111
Trd, 8639815.932, 60
Trd, 8639816.132, 111
Trd, 8639816.782, 94
Trd, 8639817.932, 67
Trd, 8639818.932, 70
Trd, 8639819.232, 86
Trd, 8639819.832, 105
Trd, 8639820.382, 73
Trd, 8639821.432, 81
Trd, 8639822.782, 140
Trd, 8639822.832, 140
Trd, 8639822.932, 140
Trd, 8639822.982, 120
Trd, 8639824.332, 112
Trd, 8639824.882, 78
Trd, 8639825.132, 76
Trd, 8639826.732, 73
Trd, 8639827.132, 136
Trd, 8639828.782, 61
Trd, 8639828.832, 61
Trd, 8639829.032, 73
Trd, 8639830.282, 65
Trd, 8639831.282, 77
Trd, 8639831.582, 75
Trd, 8639832.482, 60
Trd, 8639833.132, 60
Trd, 8639833.532, 70
Trd, 8639834.132, 140
Trd, 8639834.382, 140
Trd, 8639834.982, 140
Trd, 8639835.382, 139
Trd, 8639835.482, 139
Trd, 8639835.782, 123
Trd, 8639836.932, 101
Trd, 8639837.182, 96
Trd, 8639838.132, 93
Trd, 8639840.082, 97
Trd, 8639840.282, 92
Trd, 8639840.682, 92
Trd, 8639842.432, 60
Trd, 8639842.932, 73
Trd, 8639843.282, 140
Trd, 8639843.882, 83
Trd, 8639844.732, 68
Trd, 8639844.982, 82
Trd, 8639845.432, 131
Trd, 8639847.082, 139
Trd, 8639847.782, 134
Trd, 8639848.032, 134
Trd, 8639848.182, 133
Trd, 8639848.332, 115
Trd, 8639850.032, 137
Trd, 8639850.182, 109
Trd, 8639850.332, 103
Trd, 8639850.982, 139
Trd, 8639851.632, 127
Trd, 8639851.732, 104
Trd, 8639852.232, 93
Trd, 8639852.582, 87
Trd, 8639853.932, 118
Trd, 8639854.232, 68
Trd, 8639855.582, 140
Trd, 8639855.782, 140
Trd, 8639856.232, 140
Trd, 8639856.732, 133
Trd, 8639857.032, 127
Trd, 8639858.182, 130
Trd, 8639858.332, 130
Trd, 8639859.282, 101
Trd, 8639859.332, 93
Trd, 8639859.732, 139
Trd, 8639861.082, 140
Trd, 8639861.332, 101
Trd, 8639862.132, 108
Trd, 8639862.732, 106
Trd, 8639863.382, 101
Trd, 8639863.932, 89
Trd, 8639864.982, 138
Trd, 8639865.182, 115
Trd, 8639865.632, 69
Trd, 8639868.782, 140
Trd, 8639869.082, 140
Trd, 8639869.532, 138
Trd, 8639870.082, 132
Trd, 8639870.632, 138
Trd, 8639871.132, 125
Trd, 8639872.332, 140
Trd, 8639872.532, 137
Trd, 8639872.732, 116
Trd, 8639873.432, 96
Trd, 8639874.532, 138
Trd, 8639874.582, 137
Trd, 8639874.732, 124
Trd, 8639875.282, 92
Trd, 8639875.832, 116
Trd, 8639876.632, 111
Trd, 8639877.082, 129
Trd, 8639877.482, 136
Trd, 8639877.632, 121
Trd, 8639879.832, 86
Trd, 8639879.932, 84
Trd, 8639880.482, 101
Trd, 8639881.132, 139
Trd, 8639881.332, 82
Trd, 8639881.782, 85
Trd, 8639883.282, 73
Trd, 8639884.332, 84
Trd, 8639884.682, 85
Trd, 8639884.832, 83
Trd, 8639885.882, 102
Trd, 8639886.182, 99
Trd, 8639886.582, 139
Trd, 8639886.632, 85
Trd, 8639888.082, 72
Trd, 8639888.132, 92
Trd, 8639890.032, 62
Trd, 8639891.982, 73
Trd, 8639892.232, 66
Trd, 8639892.532, 61
Trd, 8639893.632, 67
Trd, 8639894.182, 74
Trd, 8639894.282, 84
Trd, 8639894.382, 65
Trd, 8639895.782, 68
Trd, 8639896.232, 67
Trd, 8639897.582, 140
Trd, 8639897.782, 132
Trd, 8639898.382, 62
Trd, 8639899.432, 64
Trd, 8639900.082, 73
Trd, 8639900.332, 62
Trd, 8639901.132, 73
Trd, 8639902.182, 61
Trd, 8639902.382, 73
Trd, 8639902.632, 73
Trd, 8639903.582, 68
Trd, 8639905.132, 68
Trd, 8639905.232, 67
Trd, 8639905.832, 102
Trd, 8639907.382, 77
Trd, 8639907.582, 92
Trd, 8639908.632, 85
Trd, 8639908.682, 84
Trd, 8639908.982, 76
Trd, 8639909.332, 76
Trd, 8639911.032, 140
Trd, 8639911.382, 140
Trd, 8639911.932, 140
Trd, 8639911.982, 132
Trd, 8639912.032, 93
Trd, 8639912.882, 89
Trd, 8639913.232, 138
Trd, 8639914.532, 140
Trd, 8639914.682, 74
Trd, 8639915.432, 61
Trd, 8639916.382, 71
Trd, 8639917.232, 140
Trd, 8639917.432, 137
Trd, 8639918.382, 104
Trd, 8639919.082, 140
Trd, 8639919.132, 140
Trd, 8639919.232, 117
Trd, 8639920.382, 117
Trd, 8639920.532, 72
Trd, 8639922.032, 99
Trd, 8639924.332, 72
Trd, 8639924.532, 71
Trd, 8639925.632, 79
Trd, 8639926.282, 84
Trd, 8639926.632, 82
Trd, 8639926.832, 80
Trd, 8639927.182, 120
Trd, 8639928.382, 84
Trd, 8639928.582, 73
Trd, 8639929.982, 122
Trd, 8639930.482, 135
Trd, 8639931.032, 83
Trd, 8639931.482, 79
Trd, 8639932.132, 138
Trd, 8639933.032, 63
Trd, 8639934.832, 64
Trd, 8639935.182, 76
Trd, 8639935.432, 69
Trd, 8639935.932, 60
Trd, 8639936.732, 140
Trd, 8639937.032, 140
Trd, 8639937.082, 119
Trd, 8639940.232, 60
Trd, 8639940.432, 60
Trd, 8639941.382, 69
Trd, 8639941.882, 64
Trd, 8639943.332, 74
Trd, 8639943.482, 73
Trd, 8639943.682, 70
Trd, 8639943.982, 81
Trd, 8639944.432, 65
Trd, 8639945.382, 138
Trd, 8639945.432, 131
Trd, 8639945.532, 127
Trd, 8639947.232, 72
Trd, 8639947.332, 118
Trd, 8639947.482, 138
Trd, 8639948.282, 68
Trd, 8639948.432, 72
Trd, 8639948.632, 70
Trd, 8639950.182, 66
Trd, 8639951.032, 73
Trd, 8639952.182, 76
Trd, 8639952.332, 73
Trd, 8639953.332, 140
Trd, 8639953.832, 140
Trd, 8639955.032, 129
Trd, 8639955.282, 138
Trd, 8639955.682, 129
Trd, 8639956.032, 128
Trd, 8639956.382, 109
Trd, 8639956.482, 100
Trd, 8639958.732, 63
Trd, 8639958.982, 62
Trd, 8639959.132, 63
Trd, 8639960.382, 63
Trd, 8639960.732, 78
Trd, 8639962.282, 78
Trd, 8639963.082, 133
Trd, 8639963.682, 92
Trd, 8639963.932, 86
Trd, 8639964.082, 84
Trd, 8639965.032, 94
Trd, 8639965.682, 94
Trd, 8639965.782, 93
Trd, 8639966.232, 109
Trd, 8639967.682, 92
Trd, 8639968.182, 123
Trd, 8639968.732, 105
Trd, 8639968.882, 94
Trd, 8639968.932, 70
Trd, 8639970.482, 60
Trd, 8639971.282, 64
Trd, 8639972.782, 140
Trd, 8639973.082, 140
Trd, 8639973.532, 137
Trd, 8639974.732, 139
Trd, 8639975.282, 138
Trd, 8639975.482, 134
Trd, 8639976.382, 132
Trd, 8639976.432, 125
Trd, 8639976.682, 96
Trd, 8639977.032, 93
Trd, 8639977.832, 80
Trd, 8639978.732, 62
Trd, 8639979.482, 60
Trd, 8639979.932, 67
Trd, 8639980.632, 62
Trd, 8639981.032, 60
Trd, 8639982.182, 61
Trd, 8639982.232, 78
Trd, 8639983.182, 100
Trd, 8639984.282, 66
Trd, 8639984.982, 79
Trd, 8639985.082, 74
Trd, 8639985.782, 84
Trd, 8639986.582, 139
Trd, 8639987.532, 77
Trd, 8639988.132, 139
Trd, 8639988.532, 95
Trd, 8639988.732, 74
Trd, 8639989.532, 60
Trd, 8639990.782, 76
Trd, 8639991.382, 94
Trd, 8639992.082, 115
Trd, 8639993.182, 60
Trd, 8639993.232, 69
Trd, 8639994.832, 64
Trd, 8639995.132, 71
Trd, 8639995.232, 81
Trd, 8639995.782, 66
Trd, 8639995.832, 76
Trd, 8639997.432, 71
Trd, 8639997.832, 69
Trd, 8639998.132, 65
Trd, 8639998.482, 85
Trd, 8639999.132, 68
