Trd, 8638126.682, 73
Trd, 8638127.882, 140
Trd, 8638128.182, 134
Trd, 8638128.282, 104
Trd, 8638129.182, 103
Trd, 8638130.232, 138
Trd, 8638130.532, 138
Trd, 8638131.532, 140
Trd, 8638132.932, 139
Trd, 8638133.732, 80
Trd, 8638134.332, 99
Trd, 8638135.582, 99
Trd, 8638137.382, 136
Trd, 8638137.732, 135
Trd, 8638138.132, 123
Trd, 8638138.382, 123
Trd, 8638138.582, 114
Trd, 8638139.482, 124
Trd, 8638140.132, 121
Trd, 8638141.032, 108
Trd, 8638141.432, 93
Trd, 8638142.532, 106
Trd, 8638143.782, 138
Trd, 8638144.282, 91
Trd, 8638144.432, 91
Trd, 8638145.282, 91
Trd, 8638147.232, 72
Trd, 8638147.332, 84
Trd, 8638147.632, 104
Trd, 8638147.932, 121
Trd, 8638148.532, 139
Trd, 8638149.132, 131
Trd, 8638149.932, 82
Trd, 8638150.282, 81
Trd, 8638150.532, 90
Trd, 8638151.182, 63
Trd, 8638151.782, 99
Trd, 8638152.782, 65
Trd, 8638154.932, 114
Trd, 8638155.482, 97
Trd, 8638156.582, 135
Trd, 8638156.682, 100
Trd, 8638157.282, 82
Trd, 8638157.982, 131
Trd, 8638158.882, 118
Trd, 8638159.432, 108
Trd, 8638159.682, 123
Trd, 8638160.132, 116
Trd, 8638160.532, 104
Trd, 8638162.682, 129
Trd, 8638163.382, 102
Trd, 8638163.882, 131
Trd, 8638164.132, 75
Trd, 8638165.132, 90
Trd, 8638165.482, 96
Trd, 8638165.632, 86
Trd, 8638166.132, 82
Trd, 8638167.132, 135
Trd, 8638167.382, 134
Trd, 8638168.882, 111
Trd, 8638169.032, 90
Trd, 8638170.132, 115
Trd, 8638170.232, 76
Trd, 8638170.782, 100
Trd, 8638171.932, 133
Trd, 8638172.982, 109
Trd, 8638173.282, 107
Trd, 8638173.532, 77
Trd, 8638174.032, 77
Trd, 8638174.732, 118
Trd, 8638175.832, 130
Trd, 8638176.182, 91
Trd, 8638177.782, 116
Trd, 8638179.232, 130
Trd, 8638179.482, 94
Trd, 8638180.032, 121
Trd, 8638180.732, 126
Trd, 8638181.132, 117
Trd, 8638182.532, 137
Trd, 8638182.632, 121
Trd, 8638183.082, 135
Trd, 8638185.132, 82
Trd, 8638185.232, 95
Trd, 8638186.532, 98
Trd, 8638186.832, 95
Trd, 8638186.982, 112
Trd, 8638188.232, 96
Trd, 8638188.432, 84
Trd, 8638188.682, 80
Trd, 8638189.032, 73
Trd, 8638189.282, 96
Trd, 8638191.282, 88
Trd, 8638191.432, 82
Trd, 8638191.882, 102
Trd, 8638192.332, 136
Trd, 8638192.482, 115
Trd, 8638193.132, 82
Trd, 8638193.582, 74
Trd, 8638194.532, 85
Trd, 8638194.732, 124
Trd, 8638195.082, 67
Trd, 8638197.632, 136
Trd, 8638199.082, 125
Trd, 8638199.182, 115
Trd, 8638199.432, 114
Trd, 8638200.032, 92
Trd, 8638200.232, 132
Trd, 8638200.382, 87
Trd, 8638200.882, 69
Trd, 8638201.232, 119
Trd, 8638202.882, 85
Trd, 8638203.182, 114
Trd, 8638205.532, 139
Trd, 8638205.882, 123
Trd, 8638206.232, 122
Trd, 8638206.532, 63
Trd, 8638208.032, 109
Trd, 8638209.232, 134
Trd, 8638209.432, 102
Trd, 8638209.782, 100
Trd, 8638209.832, 91
Trd, 8638210.882, 112
Trd, 8638211.682, 128
Trd, 8638212.232, 110
Trd, 8638212.882, 75
Trd, 8638214.882, 68
Trd, 8638214.982, 84
Trd, 8638216.682, 75
Trd, 8638216.782, 88
Trd, 8638216.982, 109
Trd, 8638218.732, 134
Trd, 8638219.682, 133
Trd, 8638220.782, 136
Trd, 8638221.082, 130
Trd, 8638221.632, 112
Trd, 8638223.132, 86
Trd, 8638224.182, 82
Trd, 8638224.482, 81
Trd, 8638225.332, 79
Trd, 8638226.332, 76
Trd, 8638226.732, 104
Trd, 8638227.132, 123
Trd, 8638227.882, 116
Trd, 8638229.182, 116
Trd, 8638230.432, 103
Trd, 8638231.432, 127
Trd, 8638232.082, 131
Trd, 8638232.882, 140
Trd, 8638232.982, 97
Trd, 8638233.532, 81
Trd, 8638234.632, 73
Trd, 8638235.232, 73
Trd, 8638236.332, 137
Trd, 8638237.682, 98
Trd, 8638238.682, 99
Trd, 8638239.182, 129
Trd, 8638240.082, 140
Trd, 8638240.132, 133
Trd, 8638240.432, 124
Trd, 8638242.232, 93
Trd, 8638242.332, 92
Trd, 8638242.482, 65
Trd, 8638243.232, 92
Trd, 8638243.832, 136
Trd, 8638244.082, 74
Trd, 8638245.082, 97
Trd, 8638245.232, 75
Trd, 8638246.732, 120
Trd, 8638246.782, 127
Trd, 8638248.682, 95
Trd, 8638248.782, 112
Trd, 8638250.382, 113
Trd, 8638250.582, 103
Trd, 8638251.382, 92
Trd, 8638251.532, 106
Trd, 8638252.632, 87
Trd, 8638253.382, 90
Trd, 8638253.682, 79
Trd, 8638255.182, 61
Trd, 8638255.482, 60
Trd, 8638257.732, 61
Trd, 8638257.782, 78
Trd, 8638258.782, 69
Trd, 8638259.932, 93
Trd, 8638260.132, 109
Trd, 8638261.082, 110
Trd, 8638261.282, 89
Trd, 8638262.082, 68
Trd, 8638263.582, 97
Trd, 8638263.632, 95
Trd, 8638263.782, 96
Trd, 8638264.382, 92
Trd, 8638264.832, 95
Trd, 8638265.182, 72
Trd, 8638265.282, 101
Trd, 8638265.732, 120
Trd, 8638267.932, 119
Trd, 8638268.532, 137
Trd, 8638268.582, 122
Trd, 8638269.582, 129
Trd, 8638270.932, 83
Trd, 8638271.832, 64
Trd, 8638272.582, 100
Trd, 8638272.832, 84
Trd, 8638273.282, 64
Trd, 8638274.782, 107
Trd, 8638274.932, 109
Trd, 8638275.032, 95
Trd, 8638275.532, 70
Trd, 8638275.832, 71
Trd, 8638277.382, 112
Trd, 8638278.632, 111
Trd, 8638278.882, 109
Trd, 8638279.732, 137
Trd, 8638280.582, 137
Trd, 8638281.132, 134
Trd, 8638281.182, 96
Trd, 8638283.732, 120
Trd, 8638284.232, 122
Trd, 8638286.432, 112
Trd, 8638286.782, 109
Trd, 8638286.882, 103
Trd, 8638287.682, 102
Trd, 8638287.832, 101
Trd, 8638288.532, 106
Trd, 8638289.032, 119
Trd, 8638289.782, 118
Trd, 8638292.132, 81
Trd, 8638292.732, 68
Trd, 8638293.432, 92
Trd, 8638294.432, 113
Trd, 8638294.982, 140
Trd, 8638295.382, 105
Trd, 8638295.432, 126
Trd, 8638297.132, 109
Trd, 8638297.282, 96
Trd, 8638298.182, 85
Trd, 8638298.282, 96
Trd, 8638299.082, 75
Trd, 8638300.282, 113
Trd, 8638300.632, 92
Trd, 8638300.932, 88
Trd, 8638302.082, 130
Trd, 8638303.082, 131
Trd, 8638303.432, 70
Trd, 8638304.582, 138
Trd, 8638304.732, 103
Trd, 8638305.482, 119
Trd, 8638305.932, 105
Trd, 8638307.532, 126
Trd, 8638309.032, 123
Trd, 8638309.632, 126
Trd, 8638310.032, 112
Trd, 8638310.532, 85
Trd, 8638310.582, 123
Trd, 8638312.382, 121
Trd, 8638312.532, 135
Trd, 8638313.332, 134
Trd, 8638313.682, 133
Trd, 8638314.132, 111
Trd, 8638315.882, 91
Trd, 8638316.932, 87
Trd, 8638317.282, 94
Trd, 8638317.682, 97
Trd, 8638318.882, 95
Trd, 8638318.982, 84
Trd, 8638319.532, 89
Trd, 8638320.882, 96
Trd, 8638321.382, 109
Trd, 8638321.832, 60
Trd, 8638322.332, 136
Trd, 8638322.432, 61
Trd, 8638324.332, 81
Trd, 8638324.482, 90
Trd, 8638324.932, 117
Trd, 8638325.182, 76
Trd, 8638326.032, 95
Trd, 8638326.382, 73
Trd, 8638328.432, 118
Trd, 8638328.532, 120
Trd, 8638328.932, 110
Trd, 8638329.732, 94
Trd, 8638329.832, 103
Trd, 8638330.082, 139
Trd, 8638330.232, 99
Trd, 8638330.332, 98
Trd, 8638331.282, 92
Trd, 8638331.732, 111
Trd, 8638332.532, 110
Trd, 8638333.482, 114
Trd, 8638333.632, 95
Trd, 8638333.782, 90
Trd, 8638335.732, 99
Trd, 8638335.932, 97
Trd, 8638335.982, 88
Trd, 8638337.432, 137
Trd, 8638338.332, 119
Trd, 8638338.832, 129
Trd, 8638339.732, 114
Trd, 8638339.932, 88
Trd, 8638340.182, 86
Trd, 8638341.132, 125
Trd, 8638341.482, 117
Trd, 8638341.982, 96
Trd, 8638342.232, 106
Trd, 8638343.382, 83
Trd, 8638344.232, 99
Trd, 8638345.282, 100
Trd, 8638346.032, 122
Trd, 8638347.032, 137
Trd, 8638347.382, 131
Trd, 8638347.632, 130
Trd, 8638347.782, 124
Trd, 8638348.332, 83
Trd, 8638349.732, 76
Trd, 8638350.532, 89
Trd, 8638351.182, 112
Trd, 8638351.482, 89
Trd, 8638352.182, 91
Trd, 8638352.882, 103
Trd, 8638353.032, 77
Trd, 8638355.232, 97
Trd, 8638355.382, 100
Trd, 8638355.932, 81
Trd, 8638356.332, 102
Trd, 8638356.682, 83
Trd, 8638357.232, 105
Trd, 8638358.682, 139
Trd, 8638358.882, 138
Trd, 8638359.232, 106
Trd, 8638360.632, 132
Trd, 8638361.282, 111
Trd, 8638361.682, 124
Trd, 8638363.432, 89
Trd, 8638363.482, 83
Trd, 8638364.782, 108
Trd, 8638365.432, 101
Trd, 8638365.482, 100
Trd, 8638366.882, 126
Trd, 8638367.432, 109
Trd, 8638368.382, 136
Trd, 8638368.482, 102
Trd, 8638369.032, 131
Trd, 8638370.082, 121
Trd, 8638370.132, 121
Trd, 8638370.632, 120
Trd, 8638371.282, 118
Trd, 8638371.582, 61
Trd, 8638372.682, 65
Trd, 8638372.982, 88
Trd, 8638374.182, 61
Trd, 8638375.082, 96
Trd, 8638377.482, 99
Trd, 8638378.982, 136
Trd, 8638379.382, 137
Trd, 8638380.382, 129
Trd, 8638381.182, 115
Trd, 8638381.282, 114
Trd, 8638381.332, 99
Trd, 8638382.032, 113
Trd, 8638383.832, 138
Trd, 8638384.332, 65
Trd, 8638385.032, 119
Trd, 8638385.332, 65
Trd, 8638385.732, 62
Trd, 8638386.882, 92
Trd, 8638388.032, 95
Trd, 8638388.432, 87
Trd, 8638388.782, 109
Trd, 8638389.032, 79
Trd, 8638390.132, 96
Trd, 8638390.282, 87
Trd, 8638391.282, 104
Trd, 8638391.332, 101
Trd, 8638392.582, 100
Trd, 8638393.032, 65
Trd, 8638395.932, 140
Trd, 8638396.082, 126
Trd, 8638396.182, 112
Trd, 8638397.082, 123
Trd, 8638397.682, 67
Trd, 8638398.282, 68
Trd, 8638399.182, 101
Trd, 8638400.282, 99
Trd, 8638400.632, 115
Trd, 8638401.632, 122
Trd, 8638401.932, 125
Trd, 8638403.232, 91
Trd, 8638403.332, 133
Trd, 8638404.332, 64
Trd, 8638405.282, 82
Trd, 8638405.482, 93
Trd, 8638406.082, 130
Trd, 8638406.282, 71
Trd, 8638406.782, 82
Trd, 8638408.482, 99
Trd, 8638409.382, 81
Trd, 8638409.532, 114
Trd, 8638411.082, 134
Trd, 8638412.532, 110
Trd, 8638413.132, 115
Trd, 8638414.132, 100
Trd, 8638415.382, 139
Trd, 8638415.632, 138
Trd, 8638415.882, 137
Trd, 8638417.232, 100
Trd, 8638417.682, 100
Trd, 8638418.882, 129
Trd, 8638419.782, 125
Trd, 8638419.982, 111
Trd, 8638420.882, 65
Trd, 8638422.132, 113
Trd, 8638422.332, 113
Trd, 8638424.032, 67
Trd, 8638425.182, 70
Trd, 8638425.232, 72
Trd, 8638425.432, 66
Trd, 8638425.982, 74
Trd, 8638426.332, 97
Trd, 8638426.782, 60
Trd, 8638428.282, 81
Trd, 8638429.632, 82
Trd, 8638430.282, 127
Trd, 8638430.482, 103
Trd, 8638430.732, 128
Trd, 8638432.132, 111
Trd, 8638432.382, 110
Trd, 8638433.682, 73
Trd, 8638434.082, 104
Trd, 8638434.732, 78
Trd, 8638435.832, 137
Trd, 8638436.632, 104
Trd, 8638437.682, 105
Trd, 8638438.532, 102
Trd, 8638439.082, 125
Trd, 8638439.282, 81
Trd, 8638440.632, 118
Trd, 8638440.732, 114
Trd, 8638442.332, 102
Trd, 8638442.432, 65
Trd, 8638443.782, 133
Trd, 8638444.082, 109
Trd, 8638445.532, 107
Trd, 8638446.132, 128
Trd, 8638446.182, 111
Trd, 8638446.532, 94
Trd, 8638448.182, 140
Trd, 8638449.832, 121
Trd, 8638450.782, 121
Trd, 8638451.282, 116
Trd, 8638451.832, 107
Trd, 8638453.082, 109
Trd, 8638453.282, 106
Trd, 8638455.432, 104
Trd, 8638455.832, 95
Trd, 8638455.932, 95
Trd, 8638456.882, 69
Trd, 8638457.732, 118
Trd, 8638458.532, 86
Trd, 8638460.282, 104
Trd, 8638460.782, 139
Trd, 8638461.582, 129
Trd, 8638461.982, 89
Trd, 8638463.332, 68
Trd, 8638463.682, 93
Trd, 8638464.332, 101
Trd, 8638464.732, 77
Trd, 8638465.082, 72
Trd, 8638466.682, 121
Trd, 8638466.732, 110
Trd, 8638467.082, 92
Trd, 8638467.532, 97
Trd, 8638468.332, 110
Trd, 8638469.132, 115
Trd, 8638469.382, 118
Trd, 8638470.182, 76
Trd, 8638470.732, 131
Trd, 8638471.732, 119
Trd, 8638473.482, 137
Trd, 8638473.582, 122
Trd, 8638474.782, 90
Trd, 8638475.532, 136
Trd, 8638477.032, 120
Trd, 8638477.282, 120
Trd, 8638478.132, 137
Trd, 8638478.382, 119
Trd, 8638479.382, 110
Trd, 8638481.732, 133
Trd, 8638481.982, 114
Trd, 8638483.232, 134
Trd, 8638484.482, 132
Trd, 8638484.782, 100
Trd, 8638484.882, 96
Trd, 8638485.182, 89
Trd, 8638487.332, 88
Trd, 8638487.532, 109
Trd, 8638488.732, 139
Trd, 8638489.882, 95
Trd, 8638491.482, 102
Trd, 8638491.582, 101
Trd, 8638492.332, 103
Trd, 8638492.432, 109
Trd, 8638492.532, 110
Trd, 8638493.332, 125
Trd, 8638494.882, 97
Trd, 8638494.982, 61
Trd, 8638495.582, 82
Trd, 8638496.082, 94
Trd, 8638497.932, 137
Trd, 8638498.182, 116
Trd, 8638498.632, 90
Trd, 8638499.082, 77
Trd, 8638500.182, 88
Trd, 8638500.232, 65
Trd, 8638500.732, 89
Trd, 8638501.882, 61
Trd, 8638502.732, 64
Trd, 8638502.832, 88
Trd, 8638504.182, 94
Trd, 8638504.732, 86
Trd, 8638505.382, 134
Trd, 8638507.482, 132
Trd, 8638507.732, 132
Trd, 8638509.232, 122
Trd, 8638509.882, 110
Trd, 8638510.182, 81
Trd, 8638510.682, 119
Trd, 8638510.882, 117
Trd, 8638512.632, 138
Trd, 8638512.682, 113
Trd, 8638512.832, 100
Trd, 8638513.082, 70
Trd, 8638514.532, 111
Trd, 8638514.682, 104
Trd, 8638515.882, 99
Trd, 8638516.332, 96
Trd, 8638516.782, 97
Trd, 8638518.682, 91
Trd, 8638519.682, 97
Trd, 8638520.182, 102
Trd, 8638521.132, 101
Trd, 8638521.582, 140
Trd, 8638521.782, 95
Trd, 8638522.582, 135
Trd, 8638522.882, 90
Trd, 8638525.232, 122
Trd, 8638525.782, 116
Trd, 8638525.932, 123
Trd, 8638526.282, 105
Trd, 8638526.682, 84
Trd, 8638528.632, 95
Trd, 8638529.732, 98
Trd, 8638529.882, 95
Trd, 8638530.182, 85
Trd, 8638531.532, 124
Trd, 8638531.632, 91
Trd, 8638532.382, 122
Trd, 8638532.732, 72
Trd, 8638533.682, 83
Trd, 8638533.982, 90
Trd, 8638534.232, 80
Trd, 8638536.132, 86
Trd, 8638536.282, 66
Trd, 8638536.782, 61
Trd, 8638538.582, 105
Trd, 8638538.682, 93
Trd, 8638538.732, 91
Trd, 8638539.182, 69
Trd, 8638540.582, 140
Trd, 8638542.082, 123
Trd, 8638543.032, 122
Trd, 8638543.082, 119
Trd, 8638544.032, 124
Trd, 8638544.832, 120
Trd, 8638545.382, 108
Trd, 8638546.082, 122
Trd, 8638546.682, 140
Trd, 8638546.932, 118
Trd, 8638547.182, 105
Trd, 8638547.732, 114
Trd, 8638548.032, 106
Trd, 8638548.732, 137
Trd, 8638549.382, 70
Trd, 8638550.432, 101
Trd, 8638551.582, 77
Trd, 8638552.982, 105
Trd, 8638553.882, 124
Trd, 8638554.632, 87
Trd, 8638554.732, 101
Trd, 8638556.532, 98
Trd, 8638557.282, 90
Trd, 8638558.582, 113
Trd, 8638559.482, 119
Trd, 8638559.732, 140
Trd, 8638559.782, 96
Trd, 8638559.932, 87
Trd, 8638560.832, 78
Trd, 8638561.132, 72
Trd, 8638563.282, 74
Trd, 8638563.582, 60
Trd, 8638563.632, 87
Trd, 8638563.832, 88
Trd, 8638565.982, 122
Trd, 8638566.132, 121
Trd, 8638566.282, 115
Trd, 8638566.782, 92
Trd, 8638568.182, 73
Trd, 8638569.182, 74
Trd, 8638569.432, 96
Trd, 8638570.382, 68
Trd, 8638571.132, 107
Trd, 8638572.032, 122
Trd, 8638572.132, 121
Trd, 8638573.282, 69
Trd, 8638574.232, 127
Trd, 8638574.632, 89
Trd, 8638575.032, 78
Trd, 8638575.832, 129
Trd, 8638576.882, 123
Trd, 8638577.332, 92
Trd, 8638577.682, 113
Trd, 8638578.032, 140
Trd, 8638578.382, 110
Trd, 8638579.382, 88
Trd, 8638581.082, 112
Trd, 8638582.032, 129
Trd, 8638582.482, 102
Trd, 8638582.982, 82
Trd, 8638583.432, 80
Trd, 8638584.182, 75
Trd, 8638585.732, 106
Trd, 8638586.032, 83
Trd, 8638586.282, 84
Trd, 8638587.082, 97
Trd, 8638587.782, 107
Trd, 8638587.932, 107
Trd, 8638589.982, 70
Trd, 8638590.432, 77
Trd, 8638590.932, 79
Trd, 8638591.732, 71
Trd, 8638591.982, 67
Trd, 8638593.032, 111
Trd, 8638593.182, 120
Trd, 8638594.932, 115
Trd, 8638594.982, 106
Trd, 8638595.432, 114
Trd, 8638595.632, 72
Trd, 8638596.432, 107
Trd, 8638596.882, 94
Trd, 8638597.282, 110
Trd, 8638597.882, 125
Trd, 8638599.432, 115
Trd, 8638600.182, 135
Trd, 8638600.882, 131
Trd, 8638600.982, 106
Trd, 8638602.082, 92
Trd, 8638602.332, 64
Trd, 8638605.782, 137
Trd, 8638605.882, 117
Trd, 8638606.082, 118
Trd, 8638606.432, 96
Trd, 8638607.182, 74
Trd, 8638607.732, 69
Trd, 8638607.932, 84
Trd, 8638610.282, 87
Trd, 8638610.332, 86
Trd, 8638610.782, 131
Trd, 8638611.532, 139
Trd, 8638612.032, 60
Trd, 8638612.082, 63
Trd, 8638612.832, 102
Trd, 8638613.682, 137
Trd, 8638614.382, 95
Trd, 8638615.182, 93
Trd, 8638615.382, 123
Trd, 8638616.232, 121
Trd, 8638617.182, 114
Trd, 8638617.532, 113
Trd, 8638617.982, 132
Trd, 8638618.332, 120
Trd, 8638619.632, 89
Trd, 8638619.682, 98
Trd, 8638619.782, 84
Trd, 8638621.082, 113
Trd, 8638621.182, 111
Trd, 8638621.782, 93
Trd, 8638623.182, 70
Trd, 8638624.132, 126
Trd, 8638624.482, 117
Trd, 8638624.632, 98
Trd, 8638625.882, 92
Trd, 8638625.932, 70
Trd, 8638626.532, 108
Trd, 8638626.632, 123
Trd, 8638627.232, 88
Trd, 8638629.682, 122
Trd, 8638630.282, 133
Trd, 8638630.332, 104
Trd, 8638630.932, 140
Trd, 8638632.132, 62
Trd, 8638632.582, 107
Trd, 8638633.832, 65
Trd, 8638634.232, 61
Trd, 8638634.382, 70
Trd, 8638635.082, 98
Trd, 8638635.632, 120
Trd, 8638636.282, 62
Trd, 8638636.332, 104
Trd, 8638638.082, 64
Trd, 8638638.332, 67
Trd, 8638638.632, 72
Trd, 8638640.132, 79
Trd, 8638640.382, 68
Trd, 8638642.632, 120
Trd, 8638642.932, 115
Trd, 8638643.532, 97
Trd, 8638643.932, 92
Trd, 8638644.582, 137
Trd, 8638644.832, 124
Trd, 8638646.032, 87
Trd, 8638646.282, 79
Trd, 8638646.932, 113
Trd, 8638648.632, 107
Trd, 8638649.432, 89
Trd, 8638649.832, 112
Trd, 8638649.982, 108
Trd, 8638650.332, 120
Trd, 8638651.532, 130
Trd, 8638651.882, 133
Trd, 8638654.932, 95
Trd, 8638656.432, 102
Trd, 8638656.482, 109
Trd, 8638657.382, 84
Trd, 8638657.432, 77
Trd, 8638659.382, 133
Trd, 8638660.382, 103
Trd, 8638660.532, 75
Trd, 8638661.532, 68
Trd, 8638662.632, 135
Trd, 8638664.732, 134
Trd, 8638665.032, 138
Trd, 8638665.482, 134
Trd, 8638665.882, 68
Trd, 8638666.082, 73
Trd, 8638667.882, 70
Trd, 8638668.632, 86
Trd, 8638668.732, 110
Trd, 8638669.082, 98
Trd, 8638670.582, 136
Trd, 8638671.382, 130
Trd, 8638671.882, 135
Trd, 8638672.632, 129
Trd, 8638673.132, 121
Trd, 8638673.682, 104
Trd, 8638674.882, 113
Trd, 8638675.582, 105
Trd, 8638676.232, 129
Trd, 8638676.582, 102
Trd, 8638677.332, 64
Trd, 8638678.582, 90
Trd, 8638679.132, 116
Trd, 8638679.232, 91
Trd, 8638679.682, 139
Trd, 8638680.582, 106
Trd, 8638681.582, 108
Trd, 8638681.932, 81
Trd, 8638682.282, 83
Trd, 8638682.882, 92
Trd, 8638684.232, 74
Trd, 8638684.632, 70
Trd, 8638684.932, 85
Trd, 8638685.232, 122
Trd, 8638685.632, 122
Trd, 8638686.682, 103
Trd, 8638689.782, 61
Trd, 8638689.832, 88
Trd, 8638690.482, 131
Trd, 8638691.082, 122
Trd, 8638691.832, 126
Trd, 8638691.932, 122
Trd, 8638692.032, 119
Trd, 8638692.482, 105
Trd, 8638692.932, 113
Trd, 8638694.632, 110
Trd, 8638694.832, 87
Trd, 8638695.332, 101
Trd, 8638695.982, 66
Trd, 8638696.482, 102
Trd, 8638698.882, 60
Trd, 8638700.432, 71
Trd, 8638700.782, 67
Trd, 8638701.582, 110
Trd, 8638701.632, 75
Trd, 8638701.682, 74
Trd, 8638702.332, 64
Trd, 8638702.782, 112
Trd, 8638704.232, 94
Trd, 8638704.932, 71
Trd, 8638705.832, 97
Trd, 8638705.982, 122
Trd, 8638706.332, 124
Trd, 8638706.782, 140
Trd, 8638706.982, 98
Trd, 8638707.782, 93
Trd, 8638709.732, 115
Trd, 8638710.382, 109
Trd, 8638710.482, 74
Trd, 8638710.982, 102
Trd, 8638711.382, 61
Trd, 8638711.932, 62
Trd, 8638713.982, 70
Trd, 8638714.032, 93
Trd, 8638715.032, 128
Trd, 8638716.282, 96
Trd, 8638717.232, 83
Trd, 8638717.332, 101
Trd, 8638717.632, 81
Trd, 8638717.882, 79
Trd, 8638718.032, 72
Trd, 8638720.282, 99
Trd, 8638721.032, 90
Trd, 8638721.332, 81
Trd, 8638721.782, 81
Trd, 8638722.282, 121
Trd, 8638722.382, 76
Trd, 8638722.932, 139
Trd, 8638723.532, 112
Trd, 8638724.882, 101
Trd, 8638725.532, 104
Trd, 8638726.582, 94
Trd, 8638726.732, 115
Trd, 8638728.332, 122
Trd, 8638729.082, 89
Trd, 8638730.182, 130
Trd, 8638730.732, 137
Trd, 8638731.182, 130
Trd, 8638731.382, 126
Trd, 8638731.782, 122
Trd, 8638732.282, 120
Trd, 8638732.582, 114
Trd, 8638733.232, 123
Trd, 8638734.132, 112
Trd, 8638735.682, 115
Trd, 8638736.182, 115
Trd, 8638737.032, 125
Trd, 8638737.482, 107
Trd, 8638738.232, 114
Trd, 8638738.282, 106
Trd, 8638739.382, 130
Trd, 8638739.682, 103
Trd, 8638739.732, 99
Trd, 8638740.282, 76
Trd, 8638741.582, 63
Trd, 8638741.832, 72
Trd, 8638742.332, 84
Trd, 8638742.632, 100
Trd, 8638743.432, 60
Trd, 8638745.082, 94
Trd, 8638746.632, 62
Trd, 8638747.232, 80
Trd, 8638747.832, 64
Trd, 8638748.232, 72
Trd, 8638748.682, 97
Trd, 8638749.332, 87
Trd, 8638750.582, 104
Trd, 8638750.832, 97
Trd, 8638751.482, 137
Trd, 8638751.982, 86
Trd, 8638752.382, 77
Trd, 8638752.882, 117
Trd, 8638753.782, 98
Trd, 8638756.332, 105
Trd, 8638756.932, 111
Trd, 8638757.632, 93
Trd, 8638757.682, 74
Trd, 8638757.732, 102
Trd, 8638758.132, 91
Trd, 8638758.582, 85
Trd, 8638760.932, 122
Trd, 8638761.832, 120
Trd, 8638762.032, 122
Trd, 8638763.482, 119
Trd, 8638763.732, 87
Trd, 8638765.282, 133
Trd, 8638765.682, 113
Trd, 8638765.932, 91
Trd, 8638766.232, 121
Trd, 8638766.632, 81
Trd, 8638766.932, 67
Trd, 8638767.832, 101
Trd, 8638769.282, 121
Trd, 8638769.582, 92
Trd, 8638770.132, 138
Trd, 8638770.632, 104
Trd, 8638770.832, 109
Trd, 8638772.682, 72
Trd, 8638773.032, 62
Trd, 8638773.232, 74
Trd, 8638774.682, 108
Trd, 8638774.732, 101
Trd, 8638774.882, 133
Trd, 8638776.082, 106
Trd, 8638777.182, 124
Trd, 8638777.832, 127
Trd, 8638778.382, 123
Trd, 8638779.232, 90
Trd, 8638779.682, 102
Trd, 8638780.482, 99
Trd, 8638781.182, 70
Trd, 8638782.582, 62
Trd, 8638784.032, 82
Trd, 8638784.982, 116
Trd, 8638785.532, 137
Trd, 8638786.232, 102
Trd, 8638786.982, 99
Trd, 8638787.132, 89
Trd, 8638788.282, 104
Trd, 8638789.132, 78
Trd, 8638789.332, 61
Trd, 8638789.732, 108
Trd, 8638790.482, 115
Trd, 8638790.882, 102
Trd, 8638791.632, 74
Trd, 8638792.932, 112
Trd, 8638793.582, 90
Trd, 8638794.632, 79
Trd, 8638794.982, 113
Trd, 8638795.482, 87
Trd, 8638795.682, 104
Trd, 8638796.932, 87
Trd, 8638797.182, 70
Trd, 8638797.532, 96
Trd, 8638799.832, 103
Trd, 8638800.432, 128
Trd, 8638800.982, 111
Trd, 8638801.432, 109
Trd, 8638801.782, 64
Trd, 8638802.482, 84
Trd, 8638803.232, 62
Trd, 8638803.932, 62
Trd, 8638804.482, 113
Trd, 8638804.832, 137
Trd, 8638805.982, 133
Trd, 8638806.232, 100
Trd, 8638807.382, 85
Trd, 8638807.682, 83
Trd, 8638808.382, 100
Trd, 8638808.582, 76
Trd, 8638809.082, 113
Trd, 8638809.282, 94
Trd, 8638810.332, 125
Trd, 8638810.732, 77
Trd, 8638811.432, 126
Trd, 8638811.782, 84
Trd, 8638812.632, 114
Trd, 8638813.632, 107
Trd, 8638813.782, 113
Trd, 8638813.882, 80
Trd, 8638815.632, 110
Trd, 8638815.982, 82
Trd, 8638816.382, 104
Trd, 8638818.382, 121
Trd, 8638818.482, 116
Trd, 8638819.632, 106
Trd, 8638819.832, 98
Trd, 8638820.082, 97
Trd, 8638820.932, 62
Trd, 8638821.532, 110
Trd, 8638822.282, 95
Trd, 8638822.632, 94
Trd, 8638824.382, 102
Trd, 8638825.232, 119
Trd, 8638826.032, 112
Trd, 8638826.182, 82
Trd, 8638826.682, 131
Trd, 8638827.832, 119
Trd, 8638827.982, 118
Trd, 8638829.582, 139
Trd, 8638829.882, 99
Trd, 8638831.832, 118
Trd, 8638831.932, 108
Trd, 8638832.232, 86
Trd, 8638832.532, 123
Trd, 8638832.882, 120
Trd, 8638834.182, 73
Trd, 8638835.032, 92
Trd, 8638835.682, 95
Trd, 8638837.182, 104
Trd, 8638837.232, 104
Trd, 8638838.682, 138
Trd, 8638839.932, 107
Trd, 8638840.532, 101
Trd, 8638841.582, 129
Trd, 8638842.082, 120
Trd, 8638842.732, 139
Trd, 8638844.482, 105
Trd, 8638844.532, 69
Trd, 8638845.332, 116
Trd, 8638846.082, 114
Trd, 8638846.582, 83
Trd, 8638846.782, 74
Trd, 8638848.932, 109
Trd, 8638849.482, 127
Trd, 8638850.282, 111
Trd, 8638850.332, 110
Trd, 8638850.382, 79
Trd, 8638851.282, 96
Trd, 8638853.532, 113
Trd, 8638853.832, 122
Trd, 8638854.232, 132
Trd, 8638855.382, 114
Trd, 8638855.432, 98
Trd, 8638855.732, 96
Trd, 8638856.932, 138
Trd, 8638856.982, 122
Trd, 8638858.682, 84
Trd, 8638860.432, 76
Trd, 8638861.282, 71
Trd, 8638861.332, 98
Trd, 8638861.732, 124
Trd, 8638862.332, 125
Trd, 8638863.332, 78
Trd, 8638864.432, 100
Trd, 8638865.032, 96
Trd, 8638865.232, 72
Trd, 8638866.032, 119
Trd, 8638866.232, 119
Trd, 8638868.482, 134
Trd, 8638869.082, 110
Trd, 8638869.132, 109
Trd, 8638870.232, 116
Trd, 8638871.482, 116
Trd, 8638871.682, 102
Trd, 8638872.232, 140
Trd, 8638872.282, 80
Trd, 8638872.982, 82
Trd, 8638873.382, 135
Trd, 8638874.232, 97
Trd, 8638875.482, 77
Trd, 8638875.932, 68
Trd, 8638877.882, 87
Trd, 8638878.282, 116
Trd, 8638878.682, 131
Trd, 8638878.932, 98
Trd, 8638880.482, 135
Trd, 8638881.382, 77
Trd, 8638881.932, 94
Trd, 8638882.082, 98
Trd, 8638882.582, 79
Trd, 8638883.032, 86
Trd, 8638883.782, 122
Trd, 8638884.282, 120
Trd, 8638885.382, 127
Trd, 8638885.932, 121
Trd, 8638886.482, 129
Trd, 8638888.832, 96
Trd, 8638889.832, 96
Trd, 8638890.382, 94
Trd, 8638890.982, 70
Trd, 8638892.282, 135
Trd, 8638892.532, 126
Trd, 8638893.082, 131
Trd, 8638893.232, 127
Trd, 8638893.532, 121
Trd, 8638894.382, 82
Trd, 8638895.582, 79
Trd, 8638896.782, 71
Trd, 8638897.632, 106
Trd, 8638898.182, 79
Trd, 8638898.332, 87
Trd, 8638898.832, 70
Trd, 8638899.582, 92
Trd, 8638900.082, 64
Trd, 8638900.632, 98
Trd, 8638903.582, 80
Trd, 8638903.682, 99
Trd, 8638904.282, 65
Trd, 8638904.582, 95
Trd, 8638905.282, 90
Trd, 8638906.032, 63
Trd, 8638906.482, 76
Trd, 8638907.932, 66
Trd, 8638909.582, 60
Trd, 8638909.882, 90
Trd, 8638910.032, 65
Trd, 8638910.682, 73
Trd, 8638911.132, 75
Trd, 8638911.432, 94
Trd, 8638912.882, 73
Trd, 8638913.732, 125
Trd, 8638915.082, 75
Trd, 8638915.932, 87
Trd, 8638916.082, 90
Trd, 8638916.832, 75
Trd, 8638918.232, 73
Trd, 8638918.632, 83
Trd, 8638919.032, 70
Trd, 8638919.582, 91
Trd, 8638920.132, 103
Trd, 8638920.382, 130
Trd, 8638921.132, 123
Trd, 8638921.582, 96
Trd, 8638922.732, 122
Trd, 8638922.982, 128
Trd, 8638923.282, 85
Trd, 8638923.482, 136
Trd, 8638924.032, 78
Trd, 8638924.632, 89
Trd, 8638925.082, 137
Trd, 8638926.432, 67
Trd, 8638927.982, 60
Trd, 8638928.032, 68
Trd, 8638929.132, 80
Trd, 8638931.632, 138
Trd, 8638931.732, 104
Trd, 8638932.782, 84
Trd, 8638933.982, 82
Trd, 8638934.782, 83
Trd, 8638935.182, 104
Trd, 8638935.932, 61
Trd, 8638936.582, 72
Trd, 8638937.182, 90
Trd, 8638937.382, 108
Trd, 8638939.482, 124
Trd, 8638939.532, 123
Trd, 8638940.382, 95
Trd, 8638941.382, 91
Trd, 8638941.782, 79
Trd, 8638943.282, 79
Trd, 8638943.882, 86
Trd, 8638944.232, 85
Trd, 8638944.732, 120
Trd, 8638944.932, 114
Trd, 8638947.332, 73
Trd, 8638947.782, 102
Trd, 8638948.282, 94
Trd, 8638948.882, 80
Trd, 8638949.332, 90
Trd, 8638950.732, 84
Trd, 8638950.882, 110
Trd, 8638951.182, 101
Trd, 8638951.682, 79
Trd, 8638951.732, 78
Trd, 8638952.532, 61
Trd, 8638954.532, 76
Trd, 8638955.032, 85
Trd, 8638955.182, 84
Trd, 8638956.232, 100
Trd, 8638957.032, 138
Trd, 8638958.282, 81
Trd, 8638958.532, 100
Trd, 8638959.432, 68
Trd, 8638960.282, 86
Trd, 8638960.482, 90
Trd, 8638961.032, 81
Trd, 8638961.582, 103
Trd, 8638962.682, 117
Trd, 8638963.332, 100
Trd, 8638964.232, 107
Trd, 8638964.532, 95
Trd, 8638964.582, 65
Trd, 8638964.832, 72
Trd, 8638965.982, 113
Trd, 8638967.532, 102
Trd, 8638968.282, 80
Trd, 8638969.182, 71
Trd, 8638969.382, 90
Trd, 8638970.432, 77
Trd, 8638970.882, 109
Trd, 8638971.082, 121
Trd, 8638971.632, 121
Trd, 8638974.432, 125
Trd, 8638974.632, 125
Trd, 8638974.982, 124
Trd, 8638975.032, 118
Trd, 8638976.182, 112
Trd, 8638976.732, 95
Trd, 8638977.132, 66
Trd, 8638978.482, 98
Trd, 8638979.082, 93
Trd, 8638979.532, 97
Trd, 8638979.782, 83
Trd, 8638980.132, 87
Trd, 8638980.682, 74
Trd, 8638981.132, 81
Trd, 8638981.832, 120
Trd, 8638983.682, 132
Trd, 8638984.232, 120
Trd, 8638984.332, 87
Trd, 8638985.332, 125
Trd, 8638987.382, 113
Trd, 8638987.432, 97
Trd, 8638987.982, 89
Trd, 8638988.082, 74
Trd, 8638989.282, 117
Trd, 8638989.832, 134
Trd, 8638991.882, 115
Trd, 8638991.982, 115
Trd, 8638992.032, 97
Trd, 8638993.582, 116
Trd, 8638995.282, 135
Trd, 8638995.382, 129
Trd, 8638995.882, 134
Trd, 8638996.832, 112
Trd, 8638998.482, 140
Trd, 8638998.532, 139
Trd, 8638998.982, 125
Trd, 8638999.682, 105
Trd, 8639000.182, 108
Trd, 8639001.082, 67
Trd, 8639001.982, 103
Trd, 8639002.482, 102
Trd, 8639003.232, 115
Trd, 8639004.032, 106
Trd, 8639004.632, 94
Trd, 8639005.482, 65
Trd, 8639006.082, 97
Trd, 8639007.382, 140
Trd, 8639008.182, 92
Trd, 8639009.032, 94
Trd, 8639010.182, 129
Trd, 8639010.632, 128
Trd, 8639010.732, 104
Trd, 8639012.482, 113
Trd, 8639012.682, 124
Trd, 8639012.782, 92
Trd, 8639013.182, 68
Trd, 8639014.182, 92
Trd, 8639015.182, 129
Trd, 8639015.982, 70
Trd, 8639016.582, 89
Trd, 8639018.232, 62
Trd, 8639018.482, 79
Trd, 8639019.482, 67
Trd, 8639020.132, 95
Trd, 8639020.782, 94
Trd, 8639021.632, 65
Trd, 8639023.532, 105
Trd, 8639023.732, 95
Trd, 8639024.782, 98
Trd, 8639025.232, 89
Trd, 8639026.082, 138
Trd, 8639026.582, 88
Trd, 8639028.282, 140
Trd, 8639028.382, 138
Trd, 8639028.532, 124
Trd, 8639030.082, 113
Trd, 8639030.432, 87
Trd, 8639031.932, 87
Trd, 8639031.982, 89
Trd, 8639032.432, 99
Trd, 8639033.082, 93
Trd, 8639033.232, 78
Trd, 8639033.432, 117
Trd, 8639035.082, 139
Trd, 8639035.382, 137
Trd, 8639036.282, 117
Trd, 8639036.832, 92
Trd, 8639037.882, 130
Trd, 8639040.282, 112
Trd, 8639040.982, 77
Trd, 8639041.332, 73
Trd, 8639041.432, 62
Trd, 8639042.382, 125
Trd, 8639042.582, 135
Trd, 8639042.932, 132
Trd, 8639044.382, 102
Trd, 8639045.182, 107
Trd, 8639045.732, 98
Trd, 8639046.132, 138
Trd, 8639046.332, 78
Trd, 8639047.082, 122
Trd, 8639047.982, 89
Trd, 8639049.382, 130
Trd, 8639049.732, 135
Trd, 8639050.282, 137
Trd, 8639052.082, 131
Trd, 8639052.132, 108
Trd, 8639052.332, 107
Trd, 8639052.432, 68
Trd, 8639052.532, 75
Trd, 8639055.032, 140
Trd, 8639055.532, 100
Trd, 8639056.382, 125
Trd, 8639056.532, 108
Trd, 8639058.032, 121
Trd, 8639058.282, 117
Trd, 8639058.832, 129
Trd, 8639059.032, 103
Trd, 8639060.382, 95
Trd, 8639061.032, 122
Trd, 8639062.982, 96
Trd, 8639063.732, 88
Trd, 8639064.032, 101
Trd, 8639064.632, 127
Trd, 8639065.032, 68
Trd, 8639065.532, 101
Trd, 8639066.332, 66
Trd, 8639066.732, 64
Trd, 8639068.732, 137
Trd, 8639069.382, 84
Trd, 8639069.832, 79
Trd, 8639070.532, 94
Trd, 8639071.532, 87
Trd, 8639071.932, 117
Trd, 8639072.232, 106
Trd, 8639072.532, 80
Trd, 8639072.882, 65
Trd, 8639072.982, 104
Trd, 8639074.682, 61
Trd, 8639075.232, 78
Trd, 8639075.282, 89
Trd, 8639076.032, 63
Trd, 8639076.332, 80
Trd, 8639077.832, 140
Trd, 8639078.932, 119
Trd, 8639079.832, 97
Trd, 8639080.032, 125
Trd, 8639081.482, 119
Trd, 8639081.532, 114
Trd, 8639082.032, 117
Trd, 8639082.132, 116
Trd, 8639082.532, 87
Trd, 8639083.132, 124
Trd, 8639084.582, 106
Trd, 8639085.032, 121
Trd, 8639086.332, 120
Trd, 8639086.532, 100
Trd, 8639087.882, 98
Trd, 8639088.182, 123
Trd, 8639088.432, 79
Trd, 8639089.682, 133
Trd, 8639089.882, 131
Trd, 8639091.132, 109
Trd, 8639092.182, 86
Trd, 8639092.982, 84
Trd, 8639093.782, 70
Trd, 8639094.532, 76
Trd, 8639095.332, 122
Trd, 8639096.132, 80
Trd, 8639096.682, 99
Trd, 8639098.882, 111
Trd, 8639099.482, 110
Trd, 8639099.782, 128
Trd, 8639100.482, 127
Trd, 8639100.532, 126
Trd, 8639100.782, 91
Trd, 8639101.082, 115
Trd, 8639103.382, 124
Trd, 8639103.882, 110
Trd, 8639105.432, 125
Trd, 8639105.632, 116
Trd, 8639106.482, 108
Trd, 8639106.582, 107
Trd, 8639107.432, 88
Trd, 8639107.532, 98
Trd, 8639107.882, 74
Trd, 8639108.832, 110
Trd, 8639109.232, 76
Trd, 8639109.882, 66
Trd, 8639112.382, 99
Trd, 8639112.732, 102
Trd, 8639113.732, 108
Trd, 8639113.982, 95
Trd, 8639115.832, 70
Trd, 8639116.082, 111
Trd, 8639116.682, 106
Trd, 8639117.932, 77
Trd, 8639118.182, 100
Trd, 8639118.432, 100
Trd, 8639119.932, 127
Trd, 8639120.282, 104
Trd, 8639120.432, 103
Trd, 8639123.232, 125
Trd, 8639124.282, 73
Trd, 8639124.582, 105
Trd, 8639124.782, 82
Trd, 8639126.082, 68
Trd, 8639126.232, 70
Trd, 8639127.932, 122
Trd, 8639128.382, 121
Trd, 8639129.182, 120
Trd, 8639129.482, 88
Trd, 8639129.882, 86
Trd, 8639130.382, 63
Trd, 8639131.032, 114
Trd, 8639131.432, 139
Trd, 8639132.032, 109
Trd, 8639132.632, 84
Trd, 8639132.832, 118
Trd, 8639134.082, 91
Trd, 8639134.132, 90
Trd, 8639134.232, 88
Trd, 8639134.632, 76
Trd, 8639137.282, 126
Trd, 8639137.832, 136
Trd, 8639138.332, 114
Trd, 8639138.932, 109
Trd, 8639139.082, 77
Trd, 8639140.132, 139
Trd, 8639140.182, 77
Trd, 8639141.082, 114
Trd, 8639141.982, 103
Trd, 8639144.932, 122
Trd, 8639145.132, 113
Trd, 8639145.482, 102
Trd, 8639146.082, 123
Trd, 8639146.182, 122
Trd, 8639146.232, 74
Trd, 8639146.632, 127
Trd, 8639147.382, 101
Trd, 8639148.282, 86
Trd, 8639150.132, 110
Trd, 8639150.232, 112
Trd, 8639150.282, 102
Trd, 8639151.182, 139
Trd, 8639151.782, 81
Trd, 8639152.032, 91
Trd, 8639152.982, 110
Trd, 8639153.332, 107
Trd, 8639153.832, 130
Trd, 8639154.832, 103
Trd, 8639155.282, 94
Trd, 8639155.432, 91
Trd, 8639157.782, 110
Trd, 8639157.832, 110
Trd, 8639158.282, 122
Trd, 8639159.032, 125
Trd, 8639160.182, 140
Trd, 8639161.632, 140
Trd, 8639161.682, 133
Trd, 8639161.932, 126
Trd, 8639162.582, 103
Trd, 8639162.632, 99
Trd, 8639162.932, 86
Trd, 8639164.682, 137
Trd, 8639164.882, 105
Trd, 8639166.832, 130
Trd, 8639167.082, 129
Trd, 8639167.232, 90
Trd, 8639167.582, 67
Trd, 8639168.032, 86
Trd, 8639168.532, 67
Trd, 8639168.732, 111
Trd, 8639169.082, 137
Trd, 8639169.882, 110
Trd, 8639170.582, 89
Trd, 8639171.832, 84
Trd, 8639172.582, 131
Trd, 8639172.982, 111
Trd, 8639174.232, 132
Trd, 8639174.632, 137
Trd, 8639174.682, 123
Trd, 8639175.932, 123
Trd, 8639176.932, 121
Trd, 8639178.232, 140
Trd, 8639178.582, 140
Trd, 8639179.282, 134
Trd, 8639180.032, 133
Trd, 8639180.982, 129
Trd, 8639181.132, 109
Trd, 8639181.432, 87
Trd, 8639182.382, 95
Trd, 8639182.582, 72
Trd, 8639183.232, 90
Trd, 8639183.382, 101
Trd, 8639183.482, 75
Trd, 8639183.732, 70
Trd, 8639184.982, 91
Trd, 8639186.132, 112
Trd, 8639187.382, 136
Trd, 8639187.532, 135
Trd, 8639187.982, 91
Trd, 8639189.332, 63
Trd, 8639189.632, 69
Trd, 8639190.782, 66
Trd, 8639191.232, 119
Trd, 8639192.382, 127
Trd, 8639192.432, 129
Trd, 8639193.832, 129
Trd, 8639195.882, 125
Trd, 8639196.082, 117
Trd, 8639196.382, 102
Trd, 8639196.632, 100
Trd, 8639197.632, 72
Trd, 8639197.932, 97
Trd, 8639198.282, 91
Trd, 8639199.082, 82
Trd, 8639199.732, 86
Trd, 8639200.232, 84
Trd, 8639201.232, 72
Trd, 8639201.732, 135
Trd, 8639202.032, 122
Trd, 8639203.832, 98
Trd, 8639204.632, 104
Trd, 8639205.882, 99
Trd, 8639206.382, 103
Trd, 8639206.532, 99
Trd, 8639207.832, 116
Trd, 8639208.932, 122
Trd, 8639209.932, 118
Trd, 8639210.532, 112
Trd, 8639211.632, 117
Trd, 8639212.032, 72
Trd, 8639212.132, 110
Trd, 8639212.432, 73
Trd, 8639212.532, 70
Trd, 8639214.132, 74
Trd, 8639214.382, 117
Trd, 8639215.132, 68
Trd, 8639216.182, 91
Trd, 8639216.482, 99
Trd, 8639216.532, 76
Trd, 8639217.132, 105
Trd, 8639217.982, 125
Trd, 8639218.232, 92
Trd, 8639220.482, 120
Trd, 8639221.482, 109
Trd, 8639223.082, 117
Trd, 8639224.132, 104
Trd, 8639224.382, 99
Trd, 8639224.582, 96
Trd, 8639224.832, 99
Trd, 8639225.382, 89
Trd, 8639225.932, 125
Trd, 8639226.582, 116
Trd, 8639226.732, 85
Trd, 8639226.882, 93
Trd, 8639227.732, 69
Trd, 8639229.082, 114
Trd, 8639229.832, 70
Trd, 8639230.132, 108
Trd, 8639230.932, 123
Trd, 8639232.132, 138
Trd, 8639232.182, 75
Trd, 8639233.032, 78
Trd, 8639233.632, 78
Trd, 8639234.182, 112
Trd, 8639234.832, 87
Trd, 8639234.882, 111
Trd, 8639235.382, 65
Trd, 8639235.832, 75
Trd, 8639236.832, 114
Trd, 8639236.982, 97
Trd, 8639237.232, 96
Trd, 8639238.232, 137
Trd, 8639239.482, 81
Trd, 8639239.982, 81
Trd, 8639241.732, 73
Trd, 8639243.582, 140
Trd, 8639243.782, 140
Trd, 8639244.382, 124
Trd, 8639245.032, 117
Trd, 8639245.382, 116
Trd, 8639247.932, 97
Trd, 8639248.382, 107
Trd, 8639248.682, 82
Trd, 8639248.782, 79
Trd, 8639249.232, 81
Trd, 8639251.082, 138
Trd, 8639252.032, 131
Trd, 8639252.782, 135
Trd, 8639253.182, 121
Trd, 8639253.882, 84
Trd, 8639254.032, 83
Trd, 8639255.282, 83
Trd, 8639256.132, 139
Trd, 8639256.482, 138
Trd, 8639256.732, 97
Trd, 8639257.682, 110
Trd, 8639258.532, 109
Trd, 8639258.982, 119
Trd, 8639259.632, 127
Trd, 8639260.082, 112
Trd, 8639261.132, 108
Trd, 8639261.382, 81
Trd, 8639262.482, 64
Trd, 8639263.082, 108
Trd, 8639263.882, 113
Trd, 8639264.882, 112
Trd, 8639266.932, 118
Trd, 8639267.082, 120
Trd, 8639267.682, 131
Trd, 8639267.882, 135
Trd, 8639267.932, 90
Trd, 8639268.432, 128
Trd, 8639268.732, 94
Trd, 8639269.032, 78
Trd, 8639269.832, 116
Trd, 8639271.132, 129
Trd, 8639271.282, 105
Trd, 8639271.532, 76
Trd, 8639272.232, 88
Trd, 8639272.982, 76
Trd, 8639274.182, 131
Trd, 8639274.532, 103
Trd, 8639274.982, 109
Trd, 8639276.532, 109
Trd, 8639276.782, 116
Trd, 8639277.432, 80
Trd, 8639278.782, 137
Trd, 8639279.382, 136
Trd, 8639281.032, 138
Trd, 8639281.232, 132
Trd, 8639281.732, 100
Trd, 8639282.282, 114
Trd, 8639282.582, 81
Trd, 8639282.932, 68
Trd, 8639284.232, 109
Trd, 8639284.282, 107
Trd, 8639284.382, 93
Trd, 8639285.632, 61
Trd, 8639287.782, 74
Trd, 8639287.882, 79
Trd, 8639288.332, 73
Trd, 8639289.282, 129
Trd, 8639289.582, 121
Trd, 8639290.532, 101
Trd, 8639291.432, 114
Trd, 8639292.532, 89
Trd, 8639292.732, 88
Trd, 8639293.182, 121
Trd, 8639293.282, 139
Trd, 8639293.682, 128
Trd, 8639296.182, 128
Trd, 8639297.382, 106
Trd, 8639297.582, 95
Trd, 8639297.982, 118
Trd, 8639298.732, 107
Trd, 8639299.482, 129
Trd, 8639300.482, 105
Trd, 8639300.732, 77
Trd, 8639301.332, 130
Trd, 8639301.682, 135
Trd, 8639302.532, 126
Trd, 8639303.932, 120
Trd, 8639304.632, 117
Trd, 8639304.882, 104
Trd, 8639306.282, 85
Trd, 8639307.682, 140
Trd, 8639308.082, 134
Trd, 8639308.232, 118
Trd, 8639308.532, 108
Trd, 8639308.982, 75
Trd, 8639310.832, 131
Trd, 8639311.082, 87
Trd, 8639311.132, 81
Trd, 8639311.832, 73
Trd, 8639312.582, 124
Trd, 8639313.682, 79
Trd, 8639313.782, 109
Trd, 8639315.182, 136
Trd, 8639315.932, 131
Trd, 8639316.032, 124
Trd, 8639318.132, 119
Trd, 8639318.732, 86
Trd, 8639320.782, 131
Trd, 8639321.032, 134
Trd, 8639322.132, 105
Trd, 8639322.382, 135
Trd, 8639323.132, 117
Trd, 8639323.182, 102
Trd, 8639324.182, 114
Trd, 8639324.282, 110
Trd, 8639324.482, 90
Trd, 8639325.132, 95
Trd, 8639325.332, 100
Trd, 8639327.082, 100
Trd, 8639327.132, 97
Trd, 8639327.932, 124
Trd, 8639328.682, 64
Trd, 8639329.232, 63
Trd, 8639329.732, 103
Trd, 8639330.832, 94
Trd, 8639331.232, 121
Trd, 8639331.482, 84
Trd, 8639332.732, 100
Trd, 8639332.832, 85
Trd, 8639332.882, 114
Trd, 8639334.582, 104
Trd, 8639335.532, 117
Trd, 8639336.432, 126
Trd, 8639337.232, 115
Trd, 8639337.932, 101
Trd, 8639339.182, 136
Trd, 8639341.232, 101
Trd, 8639341.332, 95
Trd, 8639342.182, 77
Trd, 8639342.282, 82
Trd, 8639343.232, 77
Trd, 8639343.782, 106
Trd, 8639345.632, 94
Trd, 8639346.282, 122
Trd, 8639347.282, 127
Trd, 8639347.432, 117
Trd, 8639347.482, 86
Trd, 8639350.232, 124
Trd, 8639350.782, 121
Trd, 8639350.982, 115
Trd, 8639351.982, 76
Trd, 8639353.332, 98
Trd, 8639354.032, 92
Trd, 8639354.182, 90
Trd, 8639354.232, 98
Trd, 8639354.482, 67
Trd, 8639355.782, 90
Trd, 8639356.082, 82
Trd, 8639357.532, 129
Trd, 8639357.582, 118
Trd, 8639358.582, 98
Trd, 8639359.632, 88
Trd, 8639359.832, 75
Trd, 8639360.382, 64
Trd, 8639361.082, 116
Trd, 8639361.982, 87
Trd, 8639362.432, 91
Trd, 8639362.632, 67
Trd, 8639362.982, 69
Trd, 8639364.032, 112
Trd, 8639364.182, 116
Trd, 8639367.382, 105
Trd, 8639367.982, 108
Trd, 8639368.732, 105
Trd, 8639369.232, 76
Trd, 8639370.282, 95
Trd, 8639370.582, 96
Trd, 8639371.282, 67
Trd, 8639371.832, 98
Trd, 8639371.932, 62
Trd, 8639372.832, 65
Trd, 8639375.082, 87
Trd, 8639375.432, 119
Trd, 8639376.782, 138
Trd, 8639377.432, 87
Trd, 8639378.332, 84
Trd, 8639378.882, 125
Trd, 8639378.932, 82
Trd, 8639380.582, 92
Trd, 8639381.132, 102
Trd, 8639381.832, 100
Trd, 8639382.032, 105
Trd, 8639382.132, 98
Trd, 8639383.532, 62
Trd, 8639383.632, 69
Trd, 8639384.882, 115
Trd, 8639385.082, 76
Trd, 8639388.282, 120
Trd, 8639388.832, 107
Trd, 8639389.582, 94
Trd, 8639390.582, 123
Trd, 8639390.632, 104
Trd, 8639391.332, 101
Trd, 8639392.132, 105
Trd, 8639393.282, 110
Trd, 8639393.332, 79
Trd, 8639393.682, 129
Trd, 8639394.232, 122
Trd, 8639394.982, 94
Trd, 8639395.482, 107
Trd, 8639395.582, 104
Trd, 8639395.832, 105
Trd, 8639396.732, 117
Trd, 8639397.432, 75
Trd, 8639398.282, 93
Trd, 8639399.982, 124
Trd, 8639400.882, 114
Trd, 8639401.082, 107
Trd, 8639401.782, 103
Trd, 8639402.682, 96
Trd, 8639403.082, 101
Trd, 8639403.432, 87
Trd, 8639404.582, 139
Trd, 8639405.082, 137
Trd, 8639405.332, 114
Trd, 8639405.832, 117
Trd, 8639406.582, 138
Trd, 8639407.182, 107
Trd, 8639407.732, 92
Trd, 8639408.182, 96
Trd, 8639409.082, 114
Trd, 8639409.832, 111
Trd, 8639410.432, 110
Trd, 8639411.882, 92
Trd, 8639412.032, 85
Trd, 8639414.732, 131
Trd, 8639415.082, 117
Trd, 8639415.282, 116
Trd, 8639416.132, 91
Trd, 8639416.732, 105
Trd, 8639416.932, 91
Trd, 8639417.382, 68
Trd, 8639417.932, 109
Trd, 8639418.682, 78
Trd, 8639418.932, 105
Trd, 8639419.782, 76
Trd, 8639420.332, 84
Trd, 8639420.582, 130
Trd, 8639421.282, 110
Trd, 8639421.332, 100
Trd, 8639421.532, 74
Trd, 8639422.932, 86
Trd, 8639425.232, 76
Trd, 8639425.382, 66
Trd, 8639426.082, 104
Trd, 8639426.482, 113
Trd, 8639427.132, 67
Trd, 8639427.432, 66
Trd, 8639428.532, 61
Trd, 8639428.832, 110
Trd, 8639430.482, 115
Trd, 8639431.682, 121
Trd, 8639432.882, 140
Trd, 8639433.582, 131
Trd, 8639434.882, 112
Trd, 8639435.932, 112
Trd, 8639436.332, 97
Trd, 8639437.132, 87
Trd, 8639437.432, 73
Trd, 8639438.032, 70
Trd, 8639439.082, 111
Trd, 8639439.282, 82
Trd, 8639439.632, 108
Trd, 8639439.682, 83
Trd, 8639440.782, 87
Trd, 8639442.232, 127
Trd, 8639442.732, 98
Trd, 8639443.182, 104
Trd, 8639444.182, 79
Trd, 8639445.232, 62
Trd, 8639447.332, 83
Trd, 8639448.432, 127
Trd, 8639448.482, 126
Trd, 8639448.932, 92
Trd, 8639449.982, 129
Trd, 8639450.182, 115
Trd, 8639451.532, 114
Trd, 8639451.732, 114
Trd, 8639452.282, 118
Trd, 8639452.932, 101
Trd, 8639453.532, 102
Trd, 8639454.432, 88
Trd, 8639455.582, 113
Trd, 8639456.532, 105
Trd, 8639457.182, 96
Trd, 8639458.782, 78
Trd, 8639459.982, 128
Trd, 8639461.032, 97
Trd, 8639461.182, 96
Trd, 8639463.632, 87
Trd, 8639463.782, 121
Trd, 8639464.232, 91
Trd, 8639465.382, 68
Trd, 8639465.482, 66
Trd, 8639465.932, 98
Trd, 8639466.082, 131
Trd, 8639466.132, 66
Trd, 8639466.682, 60
Trd, 8639467.032, 128
Trd, 8639470.032, 73
Trd, 8639470.282, 79
Trd, 8639471.332, 64
Trd, 8639471.732, 95
Trd, 8639472.732, 98
Trd, 8639473.132, 68
Trd, 8639473.482, 108
Trd, 8639474.182, 69
Trd, 8639475.832, 138
Trd, 8639476.432, 106
Trd, 8639476.532, 91
Trd, 8639476.632, 71
Trd, 8639476.682, 91
Trd, 8639477.682, 69
Trd, 8639478.432, 63
Trd, 8639479.182, 97
Trd, 8639479.732, 113
Trd, 8639480.532, 68
Trd, 8639480.882, 115
Trd, 8639482.932, 126
Trd, 8639483.632, 123
Trd, 8639484.482, 127
Trd, 8639484.882, 97
Trd, 8639486.032, 114
Trd, 8639486.282, 104
Trd, 8639487.182, 115
Trd, 8639488.482, 113
Trd, 8639488.632, 101
Trd, 8639489.532, 82
Trd, 8639490.232, 131
Trd, 8639490.332, 130
Trd, 8639491.432, 104
Trd, 8639493.082, 113
Trd, 8639493.832, 139
Trd, 8639494.332, 96
Trd, 8639494.532, 111
Trd, 8639495.132, 63
Trd, 8639497.382, 130
Trd, 8639497.632, 128
Trd, 8639498.032, 137
Trd, 8639498.132, 101
Trd, 8639500.032, 139
Trd, 8639501.282, 127
Trd, 8639501.782, 114
Trd, 8639502.132, 140
Trd, 8639502.382, 140
Trd, 8639502.482, 112
Trd, 8639504.032, 118
Trd, 8639504.382, 113
Trd, 8639504.582, 90
Trd, 8639505.282, 117
Trd, 8639505.582, 79
Trd, 8639505.882, 67
Trd, 8639506.932, 125
Trd, 8639508.182, 133
Trd, 8639508.382, 103
Trd, 8639508.932, 106
Trd, 8639510.732, 61
Trd, 8639511.182, 67
Trd, 8639511.532, 75
Trd, 8639512.032, 112
Trd, 8639512.932, 95
Trd, 8639513.182, 97
Trd, 8639514.082, 97
Trd, 8639515.332, 124
Trd, 8639517.082, 123
Trd, 8639518.232, 115
Trd, 8639518.432, 90
Trd, 8639519.782, 84
Trd, 8639520.932, 124
Trd, 8639521.832, 105
Trd, 8639522.382, 118
Trd, 8639522.682, 122
Trd, 8639522.732, 109
Trd, 8639523.732, 115
Trd, 8639523.882, 114
Trd, 8639525.682, 139
Trd, 8639526.982, 107
Trd, 8639527.232, 101
Trd, 8639527.882, 126
Trd, 8639528.282, 109
Trd, 8639529.682, 108
Trd, 8639529.832, 105
Trd, 8639531.382, 86
Trd, 8639531.782, 111
Trd, 8639531.982, 85
Trd, 8639533.032, 132
Trd, 8639533.882, 137
Trd, 8639534.182, 134
Trd, 8639534.232, 96
Trd, 8639536.482, 131
Trd, 8639536.782, 102
Trd, 8639536.982, 84
Trd, 8639537.482, 91
Trd, 8639537.582, 77
Trd, 8639539.432, 81
Trd, 8639540.082, 103
Trd, 8639542.282, 100
Trd, 8639542.332, 90
Trd, 8639543.582, 128
Trd, 8639544.482, 117
Trd, 8639545.082, 96
Trd, 8639545.782, 140
Trd, 8639546.332, 109
Trd, 8639546.832, 125
Trd, 8639548.082, 112
Trd, 8639548.682, 101
Trd, 8639548.782, 98
Trd, 8639549.232, 112
Trd, 8639550.182, 128
Trd, 8639550.432, 108
Trd, 8639551.282, 75
Trd, 8639551.632, 113
Trd, 8639552.782, 61
Trd, 8639553.232, 76
Trd, 8639553.682, 131
Trd, 8639555.232, 97
Trd, 8639555.582, 97
Trd, 8639555.732, 89
Trd, 8639555.932, 122
Trd, 8639557.432, 121
Trd, 8639557.882, 105
Trd, 8639558.782, 139
Trd, 8639559.732, 109
Trd, 8639560.482, 139
Trd, 8639560.982, 108
Trd, 8639561.132, 97
Trd, 8639562.032, 99
Trd, 8639564.682, 134
Trd, 8639565.332, 107
Trd, 8639565.482, 93
Trd, 8639565.982, 95
Trd, 8639566.032, 124
Trd, 8639566.182, 109
Trd, 8639566.682, 77
Trd, 8639567.132, 70
Trd, 8639567.732, 101
Trd, 8639569.532, 85
Trd, 8639569.582, 81
Trd, 8639569.732, 71
Trd, 8639570.332, 110
Trd, 8639571.182, 106
Trd, 8639571.532, 111
Trd, 8639572.432, 120
Trd, 8639572.482, 112
Trd, 8639573.882, 113
Trd, 8639574.432, 85
Trd, 8639574.582, 105
Trd, 8639575.982, 115
Trd, 8639577.632, 119
Trd, 8639578.032, 118
Trd, 8639578.682, 111
Trd, 8639579.282, 111
Trd, 8639579.382, 83
Trd, 8639579.482, 67
Trd, 8639580.582, 127
Trd, 8639582.482, 61
Trd, 8639582.982, 134
Trd, 8639583.382, 128
Trd, 8639583.482, 110
Trd, 8639584.632, 120
Trd, 8639584.732, 100
Trd, 8639584.932, 90
Trd, 8639586.832, 113
Trd, 8639586.932, 91
Trd, 8639589.032, 62
Trd, 8639589.482, 89
Trd, 8639590.032, 82
Trd, 8639591.682, 88
Trd, 8639592.282, 98
Trd, 8639592.782, 87
Trd, 8639593.882, 120
Trd, 8639594.682, 136
Trd, 8639594.782, 113
Trd, 8639595.832, 107
Trd, 8639596.482, 126
Trd, 8639598.282, 132
Trd, 8639598.382, 91
Trd, 8639599.732, 114
Trd, 8639600.132, 93
Trd, 8639600.282, 82
Trd, 8639601.232, 115
Trd, 8639601.532, 124
Trd, 8639602.382, 130
Trd, 8639602.982, 132
Trd, 8639604.082, 94
Trd, 8639604.832, 97
Trd, 8639605.732, 99
Trd, 8639605.882, 96
Trd, 8639605.982, 95
Trd, 8639606.432, 92
Trd, 8639607.182, 68
Trd, 8639608.282, 71
Trd, 8639610.132, 136
Trd, 8639610.382, 123
Trd, 8639611.882, 140
Trd, 8639612.682, 140
Trd, 8639613.182, 140
Trd, 8639614.632, 96
Trd, 8639614.682, 94
Trd, 8639615.482, 79
Trd, 8639616.282, 77
Trd, 8639616.832, 85
Trd, 8639616.882, 87
Trd, 8639617.232, 76
Trd, 8639618.532, 109
Trd, 8639619.332, 108
Trd, 8639619.782, 109
Trd, 8639621.632, 64
Trd, 8639622.182, 77
Trd, 8639622.782, 66
Trd, 8639623.282, 82
Trd, 8639623.832, 65
Trd, 8639624.982, 117
Trd, 8639625.032, 104
Trd, 8639626.232, 127
Trd, 8639626.782, 78
Trd, 8639627.782, 133
Trd, 8639628.982, 128
Trd, 8639629.182, 93
Trd, 8639630.032, 97
Trd, 8639630.182, 122
Trd, 8639631.082, 125
Trd, 8639632.332, 119
Trd, 8639634.932, 130
Trd, 8639635.032, 129
Trd, 8639635.382, 129
Trd, 8639635.432, 108
Trd, 8639635.482, 103
Trd, 8639636.782, 111
Trd, 8639636.832, 111
Trd, 8639636.932, 110
Trd, 8639637.782, 113
Trd, 8639638.432, 92
Trd, 8639638.932, 77
Trd, 8639639.482, 64
Trd, 8639641.482, 89
Trd, 8639642.182, 104
Trd, 8639642.332, 82
Trd, 8639643.982, 71
Trd, 8639644.132, 68
Trd, 8639644.332, 86
Trd, 8639645.532, 88
Trd, 8639648.632, 89
Trd, 8639648.782, 104
Trd, 8639650.182, 133
Trd, 8639651.232, 124
Trd, 8639651.332, 101
Trd, 8639653.882, 106
Trd, 8639654.632, 123
Trd, 8639655.582, 129
Trd, 8639656.032, 84
Trd, 8639656.482, 140
Trd, 8639656.682, 75
Trd, 8639658.132, 96
Trd, 8639658.182, 78
Trd, 8639659.182, 124
Trd, 8639659.582, 113
Trd, 8639661.132, 130
Trd, 8639661.382, 129
Trd, 8639662.532, 118
Trd, 8639662.982, 114
Trd, 8639663.332, 92
Trd, 8639663.882, 82
Trd, 8639664.482, 113
Trd, 8639665.082, 71
Trd, 8639666.332, 122
Trd, 8639666.682, 64
Trd, 8639667.032, 65
Trd, 8639667.132, 73
Trd, 8639669.282, 121
Trd, 8639669.982, 138
Trd, 8639670.882, 78
Trd, 8639671.032, 125
Trd, 8639671.782, 114
Trd, 8639673.032, 113
Trd, 8639673.432, 103
Trd, 8639674.832, 113
Trd, 8639674.882, 89
Trd, 8639675.882, 140
Trd, 8639677.032, 139
Trd, 8639679.032, 137
Trd, 8639679.432, 135
Trd, 8639680.482, 110
Trd, 8639681.082, 99
Trd, 8639681.882, 90
Trd, 8639682.582, 119
Trd, 8639683.132, 116
Trd, 8639683.482, 97
Trd, 8639684.932, 112
Trd, 8639685.282, 109
Trd, 8639686.032, 137
Trd, 8639686.832, 94
Trd, 8639687.032, 95
Trd, 8639687.232, 79
Trd, 8639687.582, 109
Trd, 8639687.782, 112
Trd, 8639688.032, 109
Trd, 8639689.332, 114
Trd, 8639690.382, 104
Trd, 8639690.982, 60
Trd, 8639692.782, 62
Trd, 8639692.932, 91
Trd, 8639693.332, 83
Trd, 8639694.032, 63
Trd, 8639694.432, 120
Trd, 8639696.132, 115
Trd, 8639696.982, 94
Trd, 8639697.532, 94
Trd, 8639697.632, 86
Trd, 8639698.632, 116
Trd, 8639698.682, 101
Trd, 8639700.382, 105
Trd, 8639700.582, 93
Trd, 8639701.532, 91
Trd, 8639702.082, 91
Trd, 8639703.032, 61
Trd, 8639704.582, 108
Trd, 8639704.982, 67
Trd, 8639705.032, 65
Trd, 8639705.832, 76
Trd, 8639706.632, 126
Trd, 8639707.682, 103
Trd, 8639708.232, 83
Trd, 8639709.182, 134
Trd, 8639710.032, 133
Trd, 8639711.482, 136
Trd, 8639712.132, 127
Trd, 8639712.332, 134
Trd, 8639713.332, 121
Trd, 8639713.432, 113
Trd, 8639713.832, 109
Trd, 8639713.882, 90
Trd, 8639715.282, 86
Trd, 8639715.432, 60
Trd, 8639716.482, 106
Trd, 8639716.632, 98
Trd, 8639717.982, 112
Trd, 8639718.182, 96
Trd, 8639718.332, 63
Trd, 8639719.682, 114
Trd, 8639720.582, 119
Trd, 8639721.182, 129
Trd, 8639722.382, 128
Trd, 8639722.882, 131
Trd, 8639724.082, 118
Trd, 8639724.482, 110
Trd, 8639726.032, 83
Trd, 8639726.432, 85
Trd, 8639728.432, 121
Trd, 8639728.582, 120
Trd, 8639728.832, 133
Trd, 8639729.282, 135
Trd, 8639729.982, 124
Trd, 8639732.132, 105
Trd, 8639733.382, 84
Trd, 8639733.532, 125
Trd, 8639734.682, 109
Trd, 8639734.982, 106
Trd, 8639735.332, 82
Trd, 8639735.782, 120
Trd, 8639736.582, 90
Trd, 8639737.032, 63
Trd, 8639737.282, 68
Trd, 8639737.632, 97
Trd, 8639738.132, 87
Trd, 8639738.982, 122
Trd, 8639740.982, 137
Trd, 8639741.082, 114
Trd, 8639741.132, 108
Trd, 8639742.482, 93
Trd, 8639742.682, 92
Trd, 8639743.582, 106
Trd, 8639743.932, 75
Trd, 8639744.482, 104
Trd, 8639745.682, 80
Trd, 8639746.532, 85
Trd, 8639746.732, 106
Trd, 8639747.832, 83
Trd, 8639749.182, 102
Trd, 8639749.582, 66
Trd, 8639750.132, 89
Trd, 8639751.482, 91
Trd, 8639751.732, 90
Trd, 8639752.482, 85
Trd, 8639752.882, 95
Trd, 8639752.982, 78
Trd, 8639753.882, 85
Trd, 8639755.082, 76
Trd, 8639755.182, 66
Trd, 8639756.432, 117
Trd, 8639757.882, 95
Trd, 8639758.382, 121
Trd, 8639758.682, 120
Trd, 8639758.982, 130
Trd, 8639759.482, 81
Trd, 8639760.282, 76
Trd, 8639761.482, 109
Trd, 8639761.682, 110
Trd, 8639761.982, 130
Trd, 8639762.582, 138
Trd, 8639763.232, 113
Trd, 8639763.582, 73
Trd, 8639763.682, 80
Trd, 8639766.382, 85
Trd, 8639766.632, 87
Trd, 8639767.432, 79
Trd, 8639767.632, 121
Trd, 8639768.782, 105
Trd, 8639769.882, 61
Trd, 8639770.032, 113
Trd, 8639770.482, 75
Trd, 8639772.532, 90
Trd, 8639773.932, 135
Trd, 8639774.432, 98
Trd, 8639774.532, 91
Trd, 8639774.732, 68
Trd, 8639775.182, 62
Trd, 8639776.582, 120
Trd, 8639776.782, 119
Trd, 8639777.332, 90
Trd, 8639777.382, 74
Trd, 8639778.632, 85
Trd, 8639779.832, 131
Trd, 8639780.532, 134
Trd, 8639781.082, 136
Trd, 8639782.682, 93
Trd, 8639783.182, 107
Trd, 8639784.932, 115
Trd, 8639785.032, 106
Trd, 8639785.232, 86
Trd, 8639785.932, 114
Trd, 8639786.482, 122
Trd, 8639787.232, 118
Trd, 8639787.382, 117
Trd, 8639787.982, 113
Trd, 8639788.432, 95
Trd, 8639789.682, 118
Trd, 8639789.832, 116
Trd, 8639789.882, 97
Trd, 8639790.582, 140
Trd, 8639791.332, 111
Trd, 8639791.382, 90
Trd, 8639791.682, 98
Trd, 8639793.032, 116
Trd, 8639794.132, 133
Trd, 8639794.432, 125
Trd, 8639796.132, 96
Trd, 8639796.582, 86
Trd, 8639797.582, 65
Trd, 8639797.932, 70
Trd, 8639800.082, 138
Trd, 8639800.282, 123
Trd, 8639800.932, 107
Trd, 8639801.882, 112
Trd, 8639802.682, 100
Trd, 8639802.932, 114
Trd, 8639803.432, 129
Trd, 8639804.382, 103
Trd, 8639804.632, 91
Trd, 8639805.182, 98
Trd, 8639806.282, 126
Trd, 8639807.032, 70
Trd, 8639808.432, 135
Trd, 8639809.932, 102
Trd, 8639810.082, 99
Trd, 8639810.432, 97
Trd, 8639811.182, 112
Trd, 8639811.782, 105
Trd, 8639812.282, 94
Trd, 8639814.032, 88
Trd, 8639814.282, 120
Trd, 8639815.582, 119
Trd, 8639816.932, 126
Trd, 8639817.082, 120
Trd, 8639817.932, 124
Trd, 8639817.982, 122
Trd, 8639818.232, 93
Trd, 8639818.532, 83
Trd, 8639820.832, 137
Trd, 8639821.332, 109
Trd, 8639821.482, 95
Trd, 8639822.432, 62
Trd, 8639822.582, 68
Trd, 8639823.282, 77
Trd, 8639824.132, 139
Trd, 8639824.882, 128
Trd, 8639826.482, 124
Trd, 8639827.332, 133
Trd, 8639828.382, 128
Trd, 8639828.882, 112
Trd, 8639830.182, 118
Trd, 8639830.432, 108
Trd, 8639831.782, 137
Trd, 8639831.832, 118
Trd, 8639832.182, 113
Trd, 8639832.232, 90
Trd, 8639832.982, 73
Trd, 8639833.282, 123
Trd, 8639834.232, 80
Trd, 8639836.182, 73
Trd, 8639836.282, 82
Trd, 8639836.532, 74
Trd, 8639837.632, 103
Trd, 8639838.232, 96
Trd, 8639838.782, 95
Trd, 8639840.032, 122
Trd, 8639840.832, 105
Trd, 8639841.032, 79
Trd, 8639841.182, 110
Trd, 8639843.282, 126
Trd, 8639843.332, 113
Trd, 8639843.782, 60
Trd, 8639844.432, 106
Trd, 8639845.132, 86
Trd, 8639845.982, 129
Trd, 8639846.982, 106
Trd, 8639848.482, 126
Trd, 8639848.882, 98
Trd, 8639849.132, 118
Trd, 8639849.332, 94
Trd, 8639850.582, 101
Trd, 8639851.032, 106
Trd, 8639851.532, 128
Trd, 8639851.732, 133
Trd, 8639852.932, 121
Trd, 8639853.432, 119
Trd, 8639853.532, 125
Trd, 8639854.932, 77
Trd, 8639855.232, 98
Trd, 8639856.882, 110
Trd, 8639859.032, 132
Trd, 8639859.732, 120
Trd, 8639860.182, 117
Trd, 8639861.232, 105
Trd, 8639861.482, 104
Trd, 8639862.282, 93
Trd, 8639862.632, 134
Trd, 8639862.882, 90
Trd, 8639864.632, 96
Trd, 8639864.782, 68
Trd, 8639865.582, 135
Trd, 8639866.632, 86
Trd, 8639868.482, 123
Trd, 8639869.432, 127
Trd, 8639870.332, 103
Trd, 8639870.582, 91
Trd, 8639871.582, 83
Trd, 8639872.182, 119
Trd, 8639874.032, 133
Trd, 8639874.282, 134
Trd, 8639874.782, 137
Trd, 8639874.982, 96
Trd, 8639876.082, 136
Trd, 8639877.182, 112
Trd, 8639878.432, 113
Trd, 8639878.732, 133
Trd, 8639878.832, 110
Trd, 8639878.982, 61
Trd, 8639880.832, 79
Trd, 8639881.132, 83
Trd, 8639881.532, 120
Trd, 8639882.382, 114
Trd, 8639883.432, 124
Trd, 8639883.532, 83
Trd, 8639884.782, 71
Trd, 8639886.032, 75
Trd, 8639886.332, 83
Trd, 8639887.132, 77
Trd, 8639888.132, 111
Trd, 8639888.882, 83
Trd, 8639890.082, 75
Trd, 8639890.432, 72
Trd, 8639891.932, 76
Trd, 8639893.282, 119
Trd, 8639893.482, 126
Trd, 8639894.832, 74
Trd, 8639896.782, 73
Trd, 8639896.982, 74
Trd, 8639897.432, 63
Trd, 8639897.532, 75
Trd, 8639897.732, 80
Trd, 8639898.632, 115
Trd, 8639898.782, 105
Trd, 8639899.132, 104
Trd, 8639899.782, 101
Trd, 8639900.882, 117
Trd, 8639902.832, 125
Trd, 8639902.982, 121
Trd, 8639906.332, 126
Trd, 8639906.482, 82
Trd, 8639906.782, 64
Trd, 8639906.982, 92
Trd, 8639907.482, 139
Trd, 8639908.032, 77
Trd, 8639909.332, 136
Trd, 8639909.682, 94
Trd, 8639911.082, 126
Trd, 8639911.482, 103
Trd, 8639912.232, 67
Trd, 8639913.032, 104
Trd, 8639913.882, 61
Trd, 8639914.532, 130
Trd, 8639915.482, 105
Trd, 8639915.532, 91
Trd, 8639917.532, 127
Trd, 8639917.582, 125
Trd, 8639918.582, 123
Trd, 8639918.982, 96
Trd, 8639919.032, 94
Trd, 8639919.682, 91
Trd, 8639919.782, 93
Trd, 8639920.032, 123
Trd, 8639921.032, 111
Trd, 8639921.282, 76
Trd, 8639922.832, 122
Trd, 8639923.732, 121
Trd, 8639923.932, 121
Trd, 8639924.432, 96
Trd, 8639925.782, 115
Trd, 8639926.032, 112
Trd, 8639926.382, 100
Trd, 8639926.432, 91
Trd, 8639928.382, 127
Trd, 8639929.382, 80
Trd, 8639929.632, 129
Trd, 8639930.482, 127
Trd, 8639930.932, 78
Trd, 8639931.682, 99
Trd, 8639932.582, 131
Trd, 8639932.632, 88
Trd, 8639933.382, 61
Trd, 8639934.382, 100
Trd, 8639935.482, 101
Trd, 8639935.682, 115
Trd, 8639935.732, 99
Trd, 8639937.782, 136
Trd, 8639938.832, 127
Trd, 8639939.132, 109
Trd, 8639940.382, 102
Trd, 8639941.432, 98
Trd, 8639942.282, 70
Trd, 8639942.532, 128
Trd, 8639942.982, 69
Trd, 8639943.432, 108
Trd, 8639944.332, 73
Trd, 8639945.232, 61
Trd, 8639945.732, 67
Trd, 8639947.732, 113
Trd, 8639948.232, 63
Trd, 8639948.632, 73
Trd, 8639950.082, 88
Trd, 8639950.432, 133
Trd, 8639952.082, 107
Trd, 8639952.332, 113
Trd, 8639953.532, 117
Trd, 8639954.032, 113
Trd, 8639954.532, 110
Trd, 8639956.082, 119
Trd, 8639956.182, 109
Trd, 8639956.582, 122
Trd, 8639956.932, 107
Trd, 8639957.682, 107
Trd, 8639958.082, 108
Trd, 8639958.382, 123
Trd, 8639958.982, 79
Trd, 8639960.382, 68
Trd, 8639961.432, 88
Trd, 8639962.482, 123
Trd, 8639962.932, 89
Trd, 8639963.982, 117
Trd, 8639964.332, 105
Trd, 8639964.982, 105
Trd, 8639965.432, 102
Trd, 8639966.532, 123
Trd, 8639967.132, 124
Trd, 8639967.282, 123
Trd, 8639967.632, 96
Trd, 8639969.032, 91
Trd, 8639969.832, 88
Trd, 8639970.382, 90
Trd, 8639970.532, 89
Trd, 8639970.582, 101
Trd, 8639971.282, 86
Trd, 8639972.682, 95
Trd, 8639973.632, 97
Trd, 8639973.782, 93
Trd, 8639973.882, 74
Trd, 8639975.432, 137
Trd, 8639975.582, 97
Trd, 8639976.582, 108
Trd, 8639977.132, 115
Trd, 8639977.632, 98
Trd, 8639979.082, 85
Trd, 8639981.032, 85
Trd, 8639981.982, 83
Trd, 8639982.632, 125
Trd, 8639982.832, 136
Trd, 8639983.482, 110
Trd, 8639984.282, 111
Trd, 8639985.682, 86
Trd, 8639985.982, 109
Trd, 8639986.182, 73
Trd, 8639986.582, 100
Trd, 8639986.682, 70
Trd, 8639987.932, 114
Trd, 8639989.432, 114
Trd, 8639990.332, 114
Trd, 8639990.732, 113
Trd, 8639991.232, 105
Trd, 8639992.232, 91
Trd, 8639993.482, 97
Trd, 8639993.632, 84
Trd, 8639993.932, 76
Trd, 8639995.332, 113
Trd, 8639996.832, 128
Trd, 8639996.982, 132
Trd, 8639997.532, 117
Trd, 8639997.982, 105
Trd, 8639998.582, 95
Trd, 8639999.882, 130
