Trd, 8638113.082, 84
Trd, 8638113.132, 74
Trd, 8638113.832, 66
Trd, 8638114.482, 124
Trd, 8638115.132, 138
Trd, 8638115.282, 140
Trd, 8638116.682, 127
Trd, 8638117.032, 79
Trd, 8638118.282, 127
Trd, 8638119.082, 140
Trd, 8638119.232, 118
Trd, 8638119.482, 139
Trd, 8638121.082, 137
Trd, 8638121.532, 121
Trd, 8638122.232, 65
Trd, 8638123.182, 78
Trd, 8638123.982, 140
Trd, 8638126.132, 140
Trd, 8638126.282, 140
Trd, 8638127.082, 140
Trd, 8638127.532, 140
Trd, 8638127.832, 70
Trd, 8638129.382, 140
Trd, 8638129.632, 109
Trd, 8638130.432, 140
Trd, 8638132.432, 138
Trd, 8638132.482, 138
Trd, 8638132.982, 123
Trd, 8638133.232, 122
Trd, 8638133.982, 125
Trd, 8638134.682, 93
Trd, 8638134.982, 73
Trd, 8638135.782, 138
Trd, 8638135.882, 126
Trd, 8638137.032, 140
Trd, 8638137.882, 140
Trd, 8638138.332, 140
Trd, 8638138.632, 140
Trd, 8638139.182, 130
Trd, 8638140.382, 87
Trd, 8638141.432, 136
Trd, 8638142.232, 139
Trd, 8638142.382, 91
Trd, 8638144.182, 140
Trd, 8638145.782, 140
Trd, 8638145.982, 139
Trd, 8638147.032, 137
Trd, 8638147.082, 131
Trd, 8638147.282, 123
Trd, 8638147.832, 138
Trd, 8638148.132, 66
Trd, 8638148.432, 140
Trd, 8638149.032, 70
Trd, 8638150.282, 122
Trd, 8638150.382, 105
Trd, 8638151.182, 102
Trd, 8638151.532, 101
Trd, 8638152.332, 96
Trd, 8638152.832, 140
Trd, 8638155.232, 140
Trd, 8638156.132, 138
Trd, 8638157.632, 140
Trd, 8638157.732, 138
Trd, 8638157.832, 131
Trd, 8638158.032, 72
Trd, 8638158.582, 60
Trd, 8638158.682, 60
Trd, 8638160.182, 94
Trd, 8638160.682, 90
Trd, 8638162.532, 140
Trd, 8638163.282, 140
Trd, 8638163.832, 139
Trd, 8638164.482, 140
Trd, 8638165.132, 131
Trd, 8638165.332, 118
Trd, 8638165.882, 140
Trd, 8638167.332, 140
Trd, 8638167.432, 140
Trd, 8638167.932, 139
Trd, 8638168.782, 111
Trd, 8638169.732, 116
Trd, 8638170.032, 107
Trd, 8638170.832, 131
Trd, 8638171.482, 140
Trd, 8638171.882, 121
Trd, 8638172.282, 140
Trd, 8638174.032, 140
Trd, 8638174.232, 122
Trd, 8638174.632, 69
Trd, 8638175.682, 108
Trd, 8638175.732, 107
Trd, 8638177.632, 140
Trd, 8638177.732, 140
Trd, 8638178.832, 139
Trd, 8638180.482, 140
Trd, 8638181.032, 140
Trd, 8638181.182, 139
Trd, 8638181.482, 139
Trd, 8638182.332, 140
Trd, 8638183.082, 140
Trd, 8638183.732, 140
Trd, 8638184.732, 108
Trd, 8638185.332, 64
Trd, 8638185.732, 140
Trd, 8638186.432, 139
Trd, 8638186.582, 139
Trd, 8638186.932, 136
Trd, 8638187.082, 134
Trd, 8638188.682, 133
Trd, 8638190.332, 139
Trd, 8638190.532, 119
Trd, 8638191.382, 139
Trd, 8638191.532, 139
Trd, 8638191.732, 130
Trd, 8638193.682, 140
Trd, 8638194.382, 124
Trd, 8638195.282, 113
Trd, 8638196.082, 128
Trd, 8638196.632, 65
Trd, 8638197.132, 66
Trd, 8638197.432, 62
Trd, 8638197.732, 61
Trd, 8638198.032, 91
Trd, 8638199.432, 65
Trd, 8638201.082, 140
Trd, 8638201.882, 140
Trd, 8638202.432, 139
Trd, 8638203.632, 140
Trd, 8638203.832, 138
Trd, 8638203.932, 134
Trd, 8638204.432, 125
Trd, 8638205.132, 140
Trd, 8638205.782, 124
Trd, 8638205.982, 77
Trd, 8638207.782, 110
Trd, 8638208.982, 140
Trd, 8638209.432, 140
Trd, 8638209.482, 138
Trd, 8638210.832, 125
Trd, 8638211.682, 135
Trd, 8638212.332, 112
Trd, 8638212.682, 134
Trd, 8638213.132, 113
Trd, 8638213.482, 117
Trd, 8638214.032, 104
Trd, 8638216.132, 140
Trd, 8638216.732, 140
Trd, 8638217.832, 140
Trd, 8638218.882, 139
Trd, 8638219.382, 140
Trd, 8638219.532, 124
Trd, 8638220.782, 140
Trd, 8638221.632, 139
Trd, 8638222.032, 136
Trd, 8638222.132, 130
Trd, 8638224.482, 96
Trd, 8638224.732, 90
Trd, 8638225.982, 85
Trd, 8638226.882, 119
Trd, 8638227.482, 93
Trd, 8638227.582, 66
Trd, 8638228.182, 62
Trd, 8638228.732, 140
Trd, 8638229.082, 140
Trd, 8638229.782, 140
Trd, 8638232.382, 140
Trd, 8638234.382, 140
Trd, 8638234.982, 140
Trd, 8638235.082, 140
Trd, 8638235.132, 138
Trd, 8638235.182, 128
Trd, 8638235.582, 103
Trd, 8638236.382, 90
Trd, 8638237.232, 134
Trd, 8638237.432, 133
Trd, 8638237.832, 124
Trd, 8638238.382, 110
Trd, 8638240.432, 140
Trd, 8638240.782, 139
Trd, 8638241.532, 128
Trd, 8638242.032, 112
Trd, 8638242.532, 97
Trd, 8638242.982, 140
Trd, 8638243.332, 127
Trd, 8638244.582, 102
Trd, 8638245.482, 135
Trd, 8638245.732, 140
Trd, 8638246.482, 103
Trd, 8638247.482, 109
Trd, 8638248.582, 140
Trd, 8638248.882, 131
Trd, 8638249.332, 111
Trd, 8638252.232, 140
Trd, 8638252.282, 139
Trd, 8638252.582, 127
Trd, 8638252.932, 127
Trd, 8638255.082, 139
Trd, 8638255.182, 138
Trd, 8638255.482, 117
Trd, 8638256.932, 140
Trd, 8638257.482, 134
Trd, 8638257.582, 133
Trd, 8638258.032, 101
Trd, 8638258.782, 106
Trd, 8638259.232, 140
Trd, 8638261.482, 106
Trd, 8638262.232, 139
Trd, 8638262.532, 138
Trd, 8638262.982, 140
Trd, 8638263.432, 140
Trd, 8638263.782, 138
Trd, 8638264.632, 136
Trd, 8638265.182, 105
Trd, 8638267.082, 109
Trd, 8638267.382, 136
Trd, 8638268.182, 140
Trd, 8638268.832, 132
Trd, 8638269.032, 131
Trd, 8638269.882, 116
Trd, 8638270.232, 128
Trd, 8638272.482, 140
Trd, 8638272.782, 137
Trd, 8638273.582, 112
Trd, 8638273.832, 99
Trd, 8638274.582, 140
Trd, 8638275.182, 140
Trd, 8638275.382, 133
Trd, 8638275.432, 122
Trd, 8638275.782, 65
Trd, 8638277.182, 64
Trd, 8638277.432, 65
Trd, 8638277.782, 66
Trd, 8638279.332, 79
Trd, 8638279.682, 139
Trd, 8638280.282, 124
Trd, 8638280.782, 120
Trd, 8638283.682, 140
Trd, 8638284.132, 139
Trd, 8638284.432, 122
Trd, 8638285.932, 81
Trd, 8638287.232, 87
Trd, 8638287.282, 130
Trd, 8638287.582, 84
Trd, 8638287.882, 84
Trd, 8638288.832, 138
Trd, 8638289.532, 140
Trd, 8638289.882, 131
Trd, 8638290.782, 138
Trd, 8638290.882, 117
Trd, 8638291.282, 63
Trd, 8638292.382, 62
Trd, 8638293.282, 60
Trd, 8638294.132, 61
Trd, 8638295.682, 140
Trd, 8638296.232, 136
Trd, 8638296.932, 140
Trd, 8638297.632, 118
Trd, 8638298.182, 80
Trd, 8638298.282, 63
Trd, 8638300.482, 140
Trd, 8638301.132, 140
Trd, 8638301.382, 140
Trd, 8638301.732, 135
Trd, 8638302.182, 129
Trd, 8638302.632, 138
Trd, 8638304.532, 140
Trd, 8638305.532, 140
Trd, 8638306.882, 140
Trd, 8638307.182, 140
Trd, 8638307.332, 140
Trd, 8638308.032, 139
Trd, 8638309.132, 114
Trd, 8638309.832, 134
Trd, 8638310.732, 94
Trd, 8638310.932, 81
Trd, 8638311.132, 134
Trd, 8638311.932, 76
Trd, 8638313.132, 140
Trd, 8638313.182, 123
Trd, 8638313.482, 139
Trd, 8638315.232, 132
Trd, 8638316.032, 140
Trd, 8638316.132, 126
Trd, 8638317.332, 140
Trd, 8638318.732, 140
Trd, 8638319.382, 140
Trd, 8638319.982, 140
Trd, 8638320.082, 119
Trd, 8638321.632, 64
Trd, 8638322.332, 64
Trd, 8638322.382, 65
Trd, 8638322.682, 123
Trd, 8638323.282, 64
Trd, 8638323.832, 94
Trd, 8638324.382, 93
Trd, 8638324.882, 138
Trd, 8638325.632, 83
Trd, 8638326.782, 60
Trd, 8638327.032, 67
Trd, 8638327.782, 60
Trd, 8638328.382, 63
Trd, 8638329.682, 77
Trd, 8638330.182, 86
Trd, 8638330.282, 93
Trd, 8638331.232, 65
Trd, 8638332.182, 67
Trd, 8638333.332, 94
Trd, 8638333.782, 68
Trd, 8638334.082, 60
Trd, 8638335.532, 64
Trd, 8638336.982, 61
Trd, 8638338.082, 61
Trd, 8638338.482, 62
Trd, 8638338.782, 63
Trd, 8638339.282, 64
Trd, 8638339.782, 62
Trd, 8638340.932, 63
Trd, 8638341.682, 60
Trd, 8638342.282, 60
Trd, 8638342.632, 60
Trd, 8638343.482, 60
Trd, 8638344.382, 62
Trd, 8638344.482, 62
Trd, 8638345.232, 69
Trd, 8638345.782, 60
Trd, 8638345.832, 94
Trd, 8638347.332, 60
Trd, 8638347.482, 65
Trd, 8638348.432, 60
Trd, 8638350.082, 64
Trd, 8638350.732, 60
Trd, 8638351.882, 61
Trd, 8638352.482, 62
Trd, 8638353.632, 61
Trd, 8638354.232, 62
Trd, 8638355.482, 66
Trd, 8638355.732, 66
Trd, 8638355.932, 61
Trd, 8638356.532, 63
Trd, 8638357.332, 81
Trd, 8638358.232, 139
Trd, 8638358.882, 139
Trd, 8638359.332, 123
Trd, 8638359.682, 108
Trd, 8638360.932, 116
Trd, 8638362.032, 140
Trd, 8638362.332, 139
Trd, 8638364.432, 106
Trd, 8638364.582, 88
Trd, 8638365.232, 140
Trd, 8638366.332, 140
Trd, 8638366.882, 140
Trd, 8638369.232, 140
Trd, 8638369.782, 140
Trd, 8638370.082, 140
Trd, 8638371.732, 139
Trd, 8638371.932, 110
Trd, 8638374.182, 140
Trd, 8638374.882, 140
Trd, 8638375.632, 140
Trd, 8638376.132, 140
Trd, 8638376.632, 140
Trd, 8638376.682, 140
Trd, 8638377.732, 139
Trd, 8638378.482, 140
Trd, 8638378.832, 140
Trd, 8638379.232, 131
Trd, 8638380.432, 120
Trd, 8638381.982, 122
Trd, 8638382.882, 102
Trd, 8638383.182, 130
Trd, 8638383.332, 131
Trd, 8638383.432, 92
Trd, 8638384.932, 60
Trd, 8638384.982, 61
Trd, 8638385.732, 132
Trd, 8638386.382, 84
Trd, 8638386.982, 133
Trd, 8638388.582, 64
Trd, 8638388.832, 67
Trd, 8638390.132, 140
Trd, 8638390.832, 96
Trd, 8638391.082, 140
Trd, 8638392.482, 139
Trd, 8638393.682, 129
Trd, 8638394.582, 129
Trd, 8638394.882, 114
Trd, 8638395.432, 140
Trd, 8638396.032, 99
Trd, 8638396.932, 139
Trd, 8638397.032, 115
Trd, 8638397.582, 111
Trd, 8638398.832, 131
Trd, 8638399.532, 116
Trd, 8638399.682, 97
Trd, 8638402.232, 140
Trd, 8638402.882, 140
Trd, 8638404.332, 140
Trd, 8638405.182, 140
Trd, 8638405.332, 140
Trd, 8638405.982, 140
Trd, 8638406.232, 140
Trd, 8638407.782, 114
Trd, 8638408.482, 137
Trd, 8638408.582, 95
Trd, 8638408.832, 93
Trd, 8638410.582, 140
Trd, 8638413.732, 140
Trd, 8638414.032, 140
Trd, 8638414.182, 140
Trd, 8638415.432, 138
Trd, 8638415.632, 89
Trd, 8638416.132, 137
Trd, 8638416.432, 111
Trd, 8638416.632, 93
Trd, 8638417.832, 115
Trd, 8638418.132, 135
Trd, 8638419.232, 137
Trd, 8638420.032, 127
Trd, 8638420.782, 140
Trd, 8638421.732, 135
Trd, 8638422.732, 140
Trd, 8638422.982, 140
Trd, 8638424.532, 138
Trd, 8638424.832, 126
Trd, 8638425.482, 138
Trd, 8638425.682, 104
Trd, 8638426.132, 117
Trd, 8638427.982, 140
Trd, 8638428.132, 140
Trd, 8638428.582, 139
Trd, 8638430.382, 124
Trd, 8638430.732, 101
Trd, 8638431.332, 140
Trd, 8638432.882, 140
Trd, 8638433.082, 140
Trd, 8638433.332, 133
Trd, 8638434.182, 81
Trd, 8638434.432, 79
Trd, 8638434.632, 67
Trd, 8638435.182, 69
Trd, 8638436.382, 62
Trd, 8638436.432, 63
Trd, 8638437.832, 63
Trd, 8638438.882, 61
Trd, 8638440.482, 60
Trd, 8638441.432, 60
Trd, 8638441.882, 60
Trd, 8638442.632, 61
Trd, 8638444.382, 62
Trd, 8638444.582, 61
Trd, 8638444.982, 63
Trd, 8638445.632, 60
Trd, 8638445.882, 60
Trd, 8638446.432, 101
Trd, 8638447.132, 61
Trd, 8638448.282, 140
Trd, 8638448.382, 122
Trd, 8638450.182, 140
Trd, 8638451.682, 140
Trd, 8638452.282, 124
Trd, 8638452.682, 140
Trd, 8638453.232, 118
Trd, 8638453.282, 105
Trd, 8638453.832, 139
Trd, 8638454.382, 129
Trd, 8638455.932, 131
Trd, 8638456.132, 121
Trd, 8638456.782, 123
Trd, 8638457.382, 131
Trd, 8638458.132, 91
Trd, 8638458.732, 132
Trd, 8638459.732, 68
Trd, 8638459.882, 136
Trd, 8638460.282, 61
Trd, 8638461.332, 140
Trd, 8638463.232, 140
Trd, 8638463.332, 140
Trd, 8638464.932, 140
Trd, 8638465.832, 140
Trd, 8638466.932, 140
Trd, 8638467.482, 139
Trd, 8638468.632, 125
Trd, 8638468.982, 140
Trd, 8638469.282, 125
Trd, 8638469.532, 113
Trd, 8638470.332, 118
Trd, 8638470.482, 120
Trd, 8638471.582, 136
Trd, 8638471.632, 121
Trd, 8638472.582, 140
Trd, 8638474.582, 140
Trd, 8638474.982, 140
Trd, 8638476.232, 140
Trd, 8638476.282, 122
Trd, 8638477.482, 137
Trd, 8638477.782, 113
Trd, 8638478.032, 139
Trd, 8638478.632, 65
Trd, 8638479.582, 80
Trd, 8638480.932, 139
Trd, 8638482.732, 133
Trd, 8638483.232, 132
Trd, 8638484.132, 140
Trd, 8638484.332, 140
Trd, 8638485.632, 118
Trd, 8638485.932, 131
Trd, 8638486.932, 134
Trd, 8638487.182, 135
Trd, 8638487.932, 140
Trd, 8638488.532, 107
Trd, 8638488.782, 102
Trd, 8638489.632, 86
Trd, 8638492.282, 140
Trd, 8638493.282, 140
Trd, 8638494.232, 140
Trd, 8638494.332, 140
Trd, 8638494.832, 140
Trd, 8638496.332, 140
Trd, 8638496.582, 140
Trd, 8638497.132, 140
Trd, 8638497.582, 115
Trd, 8638500.382, 109
Trd, 8638500.432, 130
Trd, 8638500.832, 109
Trd, 8638500.982, 130
Trd, 8638501.032, 107
Trd, 8638501.182, 107
Trd, 8638502.582, 140
Trd, 8638503.932, 79
Trd, 8638504.132, 82
Trd, 8638504.182, 72
Trd, 8638504.282, 65
Trd, 8638506.632, 140
Trd, 8638506.882, 140
Trd, 8638508.182, 135
Trd, 8638510.482, 140
Trd, 8638510.782, 140
Trd, 8638511.132, 140
Trd, 8638511.482, 140
Trd, 8638512.182, 139
Trd, 8638513.732, 140
Trd, 8638514.032, 106
Trd, 8638514.532, 95
Trd, 8638515.382, 139
Trd, 8638515.632, 138
Trd, 8638516.582, 106
Trd, 8638517.032, 135
Trd, 8638517.982, 100
Trd, 8638518.582, 132
Trd, 8638519.732, 61
Trd, 8638519.832, 62
Trd, 8638521.232, 109
Trd, 8638521.932, 86
Trd, 8638522.082, 111
Trd, 8638522.682, 68
Trd, 8638523.082, 67
Trd, 8638524.032, 75
Trd, 8638524.532, 60
Trd, 8638525.332, 60
Trd, 8638525.532, 68
Trd, 8638526.282, 140
Trd, 8638528.982, 140
Trd, 8638529.032, 140
Trd, 8638530.032, 140
Trd, 8638530.232, 139
Trd, 8638530.482, 132
Trd, 8638530.682, 139
Trd, 8638533.032, 140
Trd, 8638533.232, 112
Trd, 8638535.132, 140
Trd, 8638535.332, 140
Trd, 8638535.932, 140
Trd, 8638536.882, 139
Trd, 8638538.132, 140
Trd, 8638538.332, 131
Trd, 8638538.482, 121
Trd, 8638540.082, 134
Trd, 8638540.782, 135
Trd, 8638540.832, 127
Trd, 8638540.882, 66
Trd, 8638542.082, 140
Trd, 8638542.132, 98
Trd, 8638543.132, 62
Trd, 8638544.182, 64
Trd, 8638544.932, 62
Trd, 8638545.082, 76
Trd, 8638546.932, 76
Trd, 8638547.632, 140
Trd, 8638548.582, 132
Trd, 8638548.932, 129
Trd, 8638549.082, 126
Trd, 8638549.282, 79
Trd, 8638550.032, 127
Trd, 8638550.882, 65
Trd, 8638550.982, 66
Trd, 8638551.782, 64
Trd, 8638552.682, 66
Trd, 8638553.632, 140
Trd, 8638555.482, 140
Trd, 8638555.832, 140
Trd, 8638555.932, 136
Trd, 8638556.482, 135
Trd, 8638559.082, 124
Trd, 8638559.132, 123
Trd, 8638559.182, 135
Trd, 8638560.082, 115
Trd, 8638560.732, 60
Trd, 8638561.682, 60
Trd, 8638561.832, 61
Trd, 8638562.632, 140
Trd, 8638562.682, 138
Trd, 8638563.132, 122
Trd, 8638564.132, 137
Trd, 8638565.082, 131
Trd, 8638566.232, 133
Trd, 8638567.182, 91
Trd, 8638567.282, 98
Trd, 8638568.882, 93
Trd, 8638569.732, 89
Trd, 8638569.982, 77
Trd, 8638571.032, 139
Trd, 8638571.682, 127
Trd, 8638573.932, 136
Trd, 8638574.832, 139
Trd, 8638574.882, 139
Trd, 8638575.282, 115
Trd, 8638576.182, 134
Trd, 8638576.232, 116
Trd, 8638576.782, 116
Trd, 8638577.682, 134
Trd, 8638578.732, 94
Trd, 8638578.982, 83
Trd, 8638579.132, 82
Trd, 8638581.482, 139
Trd, 8638582.382, 139
Trd, 8638583.082, 126
Trd, 8638583.532, 121
Trd, 8638583.982, 136
Trd, 8638584.682, 140
Trd, 8638585.332, 140
Trd, 8638587.132, 140
Trd, 8638587.182, 140
Trd, 8638588.332, 140
Trd, 8638588.432, 140
Trd, 8638588.632, 111
Trd, 8638589.732, 110
Trd, 8638590.432, 105
Trd, 8638591.032, 92
Trd, 8638591.782, 131
Trd, 8638592.782, 140
Trd, 8638594.232, 140
Trd, 8638595.082, 138
Trd, 8638596.382, 140
Trd, 8638597.982, 140
Trd, 8638598.882, 140
Trd, 8638599.082, 140
Trd, 8638599.182, 133
Trd, 8638599.732, 65
Trd, 8638600.532, 140
Trd, 8638602.332, 140
Trd, 8638602.832, 112
Trd, 8638603.432, 128
Trd, 8638603.582, 102
Trd, 8638604.782, 140
Trd, 8638605.032, 140
Trd, 8638605.632, 140
Trd, 8638606.532, 140
Trd, 8638607.232, 140
Trd, 8638607.582, 109
Trd, 8638608.482, 104
Trd, 8638610.382, 140
Trd, 8638611.032, 139
Trd, 8638611.532, 124
Trd, 8638612.732, 123
Trd, 8638612.832, 122
Trd, 8638613.232, 139
Trd, 8638614.282, 134
Trd, 8638614.782, 139
Trd, 8638615.282, 135
Trd, 8638616.032, 76
Trd, 8638617.632, 139
Trd, 8638617.682, 138
Trd, 8638619.582, 140
Trd, 8638619.982, 139
Trd, 8638621.232, 129
Trd, 8638622.132, 140
Trd, 8638623.532, 140
Trd, 8638624.782, 140
Trd, 8638625.082, 140
Trd, 8638625.932, 124
Trd, 8638626.082, 87
Trd, 8638626.782, 128
Trd, 8638627.982, 98
Trd, 8638628.532, 140
Trd, 8638629.232, 121
Trd, 8638629.732, 140
Trd, 8638629.832, 114
Trd, 8638629.982, 133
Trd, 8638630.432, 138
Trd, 8638631.432, 94
Trd, 8638632.382, 129
Trd, 8638633.432, 60
Trd, 8638634.032, 61
Trd, 8638634.582, 68
Trd, 8638634.682, 132
Trd, 8638634.932, 61
Trd, 8638636.732, 60
Trd, 8638637.182, 62
Trd, 8638637.382, 64
Trd, 8638638.132, 140
Trd, 8638639.882, 140
Trd, 8638641.682, 140
Trd, 8638641.732, 140
Trd, 8638642.082, 138
Trd, 8638642.582, 138
Trd, 8638642.782, 111
Trd, 8638643.232, 87
Trd, 8638643.332, 101
Trd, 8638644.282, 138
Trd, 8638644.782, 116
Trd, 8638645.132, 136
Trd, 8638646.432, 60
Trd, 8638647.382, 91
Trd, 8638647.682, 89
Trd, 8638647.782, 115
Trd, 8638648.032, 88
Trd, 8638648.082, 116
Trd, 8638649.082, 78
Trd, 8638649.232, 61
Trd, 8638650.732, 69
Trd, 8638651.632, 63
Trd, 8638651.682, 65
Trd, 8638652.332, 64
Trd, 8638653.132, 74
Trd, 8638654.382, 69
Trd, 8638655.332, 140
Trd, 8638657.382, 140
Trd, 8638657.882, 140
Trd, 8638659.232, 140
Trd, 8638659.382, 123
Trd, 8638660.732, 139
Trd, 8638661.032, 138
Trd, 8638661.482, 138
Trd, 8638662.982, 140
Trd, 8638663.732, 117
Trd, 8638664.182, 92
Trd, 8638665.732, 115
Trd, 8638666.182, 114
Trd, 8638666.232, 103
Trd, 8638666.582, 140
Trd, 8638668.532, 139
Trd, 8638669.082, 140
Trd, 8638671.432, 140
Trd, 8638672.282, 140
Trd, 8638672.482, 140
Trd, 8638672.782, 140
Trd, 8638673.432, 140
Trd, 8638673.832, 120
Trd, 8638674.232, 96
Trd, 8638674.532, 81
Trd, 8638674.882, 140
Trd, 8638675.682, 96
Trd, 8638676.832, 120
Trd, 8638676.982, 61
Trd, 8638677.082, 121
Trd, 8638677.782, 140
Trd, 8638678.632, 60
Trd, 8638679.382, 60
Trd, 8638679.982, 70
Trd, 8638681.332, 61
Trd, 8638681.932, 61
Trd, 8638682.582, 61
Trd, 8638683.282, 62
Trd, 8638683.382, 65
Trd, 8638683.432, 66
Trd, 8638684.432, 139
Trd, 8638684.582, 98
Trd, 8638685.032, 94
Trd, 8638685.632, 113
Trd, 8638685.832, 82
Trd, 8638686.782, 65
Trd, 8638687.832, 92
Trd, 8638688.482, 74
Trd, 8638688.632, 71
Trd, 8638690.282, 140
Trd, 8638691.282, 65
Trd, 8638692.332, 67
Trd, 8638693.982, 139
Trd, 8638694.732, 137
Trd, 8638694.982, 93
Trd, 8638695.332, 70
Trd, 8638695.882, 120
Trd, 8638696.482, 140
Trd, 8638697.032, 139
Trd, 8638697.182, 91
Trd, 8638700.432, 140
Trd, 8638701.082, 140
Trd, 8638701.832, 140
Trd, 8638701.882, 140
Trd, 8638703.232, 96
Trd, 8638703.732, 132
Trd, 8638704.032, 122
Trd, 8638704.582, 95
Trd, 8638704.682, 134
Trd, 8638704.732, 79
Trd, 8638705.232, 137
Trd, 8638705.982, 67
Trd, 8638708.632, 140
Trd, 8638708.832, 140
Trd, 8638709.082, 134
Trd, 8638709.582, 124
Trd, 8638710.982, 112
Trd, 8638711.282, 88
Trd, 8638711.632, 108
Trd, 8638712.032, 116
Trd, 8638712.732, 114
Trd, 8638713.282, 137
Trd, 8638713.632, 102
Trd, 8638714.882, 140
Trd, 8638715.482, 138
Trd, 8638717.182, 140
Trd, 8638717.432, 136
Trd, 8638718.532, 107
Trd, 8638718.782, 121
Trd, 8638719.482, 128
Trd, 8638720.732, 79
Trd, 8638720.782, 88
Trd, 8638722.032, 65
Trd, 8638722.282, 70
Trd, 8638723.182, 140
Trd, 8638724.282, 139
Trd, 8638724.632, 140
Trd, 8638726.132, 139
Trd, 8638727.182, 140
Trd, 8638727.832, 140
Trd, 8638728.482, 140
Trd, 8638728.682, 140
Trd, 8638729.082, 96
Trd, 8638729.782, 68
Trd, 8638730.082, 72
Trd, 8638731.682, 61
Trd, 8638732.282, 61
Trd, 8638733.032, 65
Trd, 8638733.532, 60
Trd, 8638733.682, 62
Trd, 8638733.932, 139
Trd, 8638735.382, 96
Trd, 8638735.882, 64
Trd, 8638737.782, 140
Trd, 8638738.282, 137
Trd, 8638739.982, 140
Trd, 8638741.532, 140
Trd, 8638741.832, 140
Trd, 8638741.932, 138
Trd, 8638741.982, 134
Trd, 8638742.482, 130
Trd, 8638742.682, 123
Trd, 8638745.082, 140
Trd, 8638746.082, 140
Trd, 8638746.132, 140
Trd, 8638746.882, 139
Trd, 8638747.332, 136
Trd, 8638748.432, 127
Trd, 8638748.732, 127
Trd, 8638749.232, 104
Trd, 8638750.082, 91
Trd, 8638750.282, 102
Trd, 8638750.532, 104
Trd, 8638750.982, 66
Trd, 8638752.882, 140
Trd, 8638753.132, 140
Trd, 8638753.982, 140
Trd, 8638755.682, 140
Trd, 8638756.932, 140
Trd, 8638757.232, 137
Trd, 8638757.632, 120
Trd, 8638758.482, 133
Trd, 8638759.082, 140
Trd, 8638759.132, 139
Trd, 8638760.882, 140
Trd, 8638761.782, 140
Trd, 8638762.732, 140
Trd, 8638763.482, 140
Trd, 8638763.532, 122
Trd, 8638764.082, 83
Trd, 8638764.982, 139
Trd, 8638765.582, 110
Trd, 8638766.182, 137
Trd, 8638766.882, 103
Trd, 8638767.232, 140
Trd, 8638769.632, 140
Trd, 8638769.982, 140
Trd, 8638770.082, 140
Trd, 8638771.082, 140
Trd, 8638771.282, 133
Trd, 8638771.382, 132
Trd, 8638772.032, 93
Trd, 8638772.532, 94
Trd, 8638773.632, 140
Trd, 8638774.332, 81
Trd, 8638774.432, 67
Trd, 8638776.932, 66
Trd, 8638777.532, 60
Trd, 8638777.732, 61
Trd, 8638778.382, 64
Trd, 8638778.982, 60
Trd, 8638779.182, 65
Trd, 8638780.032, 65
Trd, 8638781.132, 72
Trd, 8638781.782, 65
Trd, 8638783.582, 139
Trd, 8638784.132, 81
Trd, 8638785.082, 140
Trd, 8638785.382, 71
Trd, 8638785.732, 68
Trd, 8638786.532, 61
Trd, 8638786.782, 61
Trd, 8638788.082, 140
Trd, 8638789.532, 140
Trd, 8638789.632, 140
Trd, 8638790.882, 140
Trd, 8638791.382, 140
Trd, 8638792.082, 140
Trd, 8638792.332, 140
Trd, 8638793.682, 140
Trd, 8638794.732, 116
Trd, 8638794.832, 120
Trd, 8638795.482, 90
Trd, 8638795.632, 120
Trd, 8638796.082, 139
Trd, 8638796.632, 92
Trd, 8638797.782, 135
Trd, 8638798.182, 123
Trd, 8638798.532, 123
Trd, 8638799.482, 120
Trd, 8638800.882, 61
Trd, 8638801.282, 62
Trd, 8638801.632, 140
Trd, 8638802.932, 113
Trd, 8638803.282, 139
Trd, 8638806.282, 140
Trd, 8638807.032, 140
Trd, 8638807.582, 135
Trd, 8638808.182, 130
Trd, 8638808.382, 122
Trd, 8638809.782, 133
Trd, 8638809.882, 104
Trd, 8638810.032, 138
Trd, 8638811.182, 133
Trd, 8638811.782, 132
Trd, 8638812.582, 138
Trd, 8638813.782, 140
Trd, 8638814.182, 137
Trd, 8638814.382, 120
Trd, 8638815.132, 136
Trd, 8638816.682, 87
Trd, 8638817.032, 74
Trd, 8638817.382, 138
Trd, 8638818.782, 112
Trd, 8638819.482, 140
Trd, 8638820.882, 140
Trd, 8638821.082, 140
Trd, 8638821.132, 122
Trd, 8638822.732, 105
Trd, 8638824.082, 116
Trd, 8638824.582, 140
Trd, 8638824.732, 103
Trd, 8638826.382, 140
Trd, 8638826.832, 139
Trd, 8638827.432, 139
Trd, 8638828.432, 138
Trd, 8638828.982, 140
Trd, 8638830.082, 140
Trd, 8638831.032, 139
Trd, 8638831.982, 140
Trd, 8638833.182, 140
Trd, 8638833.432, 140
Trd, 8638834.232, 126
Trd, 8638835.432, 124
Trd, 8638835.932, 124
Trd, 8638835.982, 138
Trd, 8638837.032, 130
Trd, 8638837.332, 89
Trd, 8638838.082, 140
Trd, 8638838.182, 140
Trd, 8638839.782, 138
Trd, 8638840.032, 137
Trd, 8638840.532, 119
Trd, 8638841.382, 112
Trd, 8638841.682, 131
Trd, 8638843.832, 140
Trd, 8638844.282, 140
Trd, 8638844.682, 140
Trd, 8638846.332, 138
Trd, 8638848.282, 140
Trd, 8638848.382, 138
Trd, 8638849.182, 139
Trd, 8638850.432, 60
Trd, 8638850.532, 62
Trd, 8638850.582, 62
Trd, 8638852.632, 122
Trd, 8638853.132, 139
Trd, 8638853.632, 86
Trd, 8638854.282, 140
Trd, 8638854.732, 140
Trd, 8638854.982, 123
Trd, 8638855.982, 122
Trd, 8638856.682, 140
Trd, 8638857.532, 139
Trd, 8638857.732, 111
Trd, 8638858.332, 86
Trd, 8638858.582, 102
Trd, 8638859.882, 106
Trd, 8638860.282, 140
Trd, 8638860.432, 105
Trd, 8638862.532, 140
Trd, 8638863.682, 140
Trd, 8638864.482, 140
Trd, 8638865.382, 140
Trd, 8638865.482, 115
Trd, 8638866.832, 139
Trd, 8638867.932, 134
Trd, 8638868.232, 135
Trd, 8638868.282, 118
Trd, 8638868.382, 123
Trd, 8638868.782, 117
Trd, 8638868.882, 81
Trd, 8638870.482, 121
Trd, 8638870.782, 139
Trd, 8638871.232, 136
Trd, 8638872.332, 140
Trd, 8638874.332, 140
Trd, 8638874.682, 140
Trd, 8638874.882, 139
Trd, 8638876.082, 140
Trd, 8638878.182, 140
Trd, 8638878.232, 139
Trd, 8638879.682, 140
Trd, 8638881.382, 140
Trd, 8638881.432, 140
Trd, 8638881.732, 122
Trd, 8638882.232, 124
Trd, 8638882.882, 118
Trd, 8638883.232, 140
Trd, 8638883.882, 125
Trd, 8638885.282, 102
Trd, 8638887.232, 139
Trd, 8638887.432, 139
Trd, 8638888.732, 134
Trd, 8638888.782, 132
Trd, 8638889.632, 98
Trd, 8638889.982, 122
Trd, 8638891.982, 140
Trd, 8638892.682, 76
Trd, 8638892.832, 69
Trd, 8638893.782, 85
Trd, 8638894.682, 60
Trd, 8638894.982, 60
Trd, 8638895.332, 60
Trd, 8638895.632, 62
Trd, 8638896.932, 65
Trd, 8638898.782, 60
Trd, 8638899.782, 60
Trd, 8638899.932, 64
Trd, 8638900.232, 70
Trd, 8638900.382, 62
Trd, 8638900.482, 71
Trd, 8638901.982, 60
Trd, 8638902.232, 63
Trd, 8638902.882, 62
Trd, 8638903.382, 63
Trd, 8638903.882, 97
Trd, 8638904.382, 131
Trd, 8638906.832, 140
Trd, 8638907.732, 140
Trd, 8638908.182, 140
Trd, 8638908.532, 139
Trd, 8638908.932, 138
Trd, 8638909.882, 129
Trd, 8638911.132, 140
Trd, 8638912.032, 137
Trd, 8638912.382, 140
Trd, 8638914.332, 140
Trd, 8638914.632, 140
Trd, 8638916.132, 115
Trd, 8638917.232, 133
Trd, 8638917.382, 116
Trd, 8638918.282, 106
Trd, 8638918.432, 92
Trd, 8638919.882, 125
Trd, 8638919.932, 126
Trd, 8638920.332, 112
Trd, 8638920.882, 99
Trd, 8638921.082, 139
Trd, 8638921.382, 127
Trd, 8638922.232, 136
Trd, 8638922.482, 86
Trd, 8638924.782, 140
Trd, 8638925.182, 140
Trd, 8638926.332, 140
Trd, 8638926.832, 125
Trd, 8638928.882, 138
Trd, 8638930.182, 140
Trd, 8638930.582, 139
Trd, 8638930.632, 139
Trd, 8638930.932, 132
Trd, 8638932.132, 134
Trd, 8638933.082, 65
Trd, 8638933.382, 65
Trd, 8638934.732, 140
Trd, 8638935.382, 140
Trd, 8638936.082, 139
Trd, 8638936.632, 140
Trd, 8638936.982, 139
Trd, 8638938.082, 139
Trd, 8638938.582, 121
Trd, 8638938.982, 140
Trd, 8638941.032, 140
Trd, 8638941.382, 140
Trd, 8638942.532, 140
Trd, 8638943.082, 113
Trd, 8638943.882, 112
Trd, 8638945.582, 102
Trd, 8638946.232, 104
Trd, 8638946.332, 107
Trd, 8638946.582, 97
Trd, 8638946.682, 93
Trd, 8638947.182, 139
Trd, 8638948.282, 140
Trd, 8638948.832, 139
Trd, 8638950.382, 107
Trd, 8638950.982, 108
Trd, 8638951.782, 104
Trd, 8638952.932, 140
Trd, 8638953.282, 137
Trd, 8638953.882, 107
Trd, 8638954.882, 118
Trd, 8638955.032, 66
Trd, 8638956.482, 60
Trd, 8638956.682, 66
Trd, 8638958.432, 140
Trd, 8638959.382, 139
Trd, 8638960.182, 139
Trd, 8638960.382, 123
Trd, 8638961.082, 124
Trd, 8638961.632, 100
Trd, 8638961.882, 93
Trd, 8638962.732, 106
Trd, 8638963.182, 140
Trd, 8638964.032, 61
Trd, 8638965.532, 60
Trd, 8638965.982, 60
Trd, 8638966.082, 61
Trd, 8638966.282, 64
Trd, 8638966.832, 140
Trd, 8638968.932, 140
Trd, 8638969.082, 140
Trd, 8638969.632, 140
Trd, 8638970.182, 140
Trd, 8638971.682, 140
Trd, 8638973.182, 138
Trd, 8638973.982, 137
Trd, 8638974.032, 126
Trd, 8638976.032, 139
Trd, 8638976.482, 140
Trd, 8638976.982, 140
Trd, 8638977.782, 127
Trd, 8638978.182, 113
Trd, 8638979.282, 139
Trd, 8638979.832, 140
Trd, 8638981.232, 140
Trd, 8638981.282, 140
Trd, 8638981.332, 139
Trd, 8638983.732, 136
Trd, 8638984.532, 138
Trd, 8638985.032, 139
Trd, 8638985.732, 138
Trd, 8638985.932, 137
Trd, 8638986.132, 131
Trd, 8638986.532, 124
Trd, 8638987.332, 118
Trd, 8638987.482, 109
Trd, 8638988.132, 129
Trd, 8638988.682, 102
Trd, 8638989.132, 140
Trd, 8638990.432, 140
Trd, 8638993.232, 140
Trd, 8638994.032, 140
Trd, 8638994.082, 139
Trd, 8638995.032, 139
Trd, 8638995.332, 122
Trd, 8638995.832, 124
Trd, 8638998.582, 140
Trd, 8638999.732, 140
Trd, 8639000.632, 140
Trd, 8639001.732, 140
Trd, 8639002.482, 140
Trd, 8639002.632, 116
Trd, 8639003.082, 126
Trd, 8639003.532, 140
Trd, 8639004.332, 107
Trd, 8639006.232, 140
Trd, 8639006.532, 140
Trd, 8639007.732, 140
Trd, 8639008.232, 139
Trd, 8639008.332, 123
Trd, 8639010.332, 140
Trd, 8639010.782, 136
Trd, 8639012.332, 140
Trd, 8639012.732, 140
Trd, 8639012.982, 140
Trd, 8639013.132, 136
Trd, 8639015.232, 140
Trd, 8639016.932, 140
Trd, 8639020.432, 140
Trd, 8639021.032, 140
Trd, 8639021.182, 140
Trd, 8639022.332, 140
Trd, 8639022.582, 140
Trd, 8639024.382, 140
Trd, 8639024.482, 139
Trd, 8639024.782, 122
Trd, 8639025.882, 140
Trd, 8639026.882, 136
Trd, 8639026.932, 135
Trd, 8639028.482, 67
Trd, 8639029.032, 83
Trd, 8639029.132, 135
Trd, 8639029.582, 137
Trd, 8639029.882, 73
Trd, 8639030.782, 140
Trd, 8639032.282, 138
Trd, 8639032.882, 120
Trd, 8639034.032, 128
Trd, 8639034.382, 77
Trd, 8639035.482, 124
Trd, 8639035.532, 129
Trd, 8639035.932, 62
Trd, 8639036.132, 63
Trd, 8639037.132, 86
Trd, 8639037.932, 124
Trd, 8639038.482, 115
Trd, 8639038.732, 113
Trd, 8639038.932, 66
Trd, 8639040.432, 62
Trd, 8639041.182, 60
Trd, 8639041.282, 61
Trd, 8639041.832, 61
Trd, 8639042.532, 100
Trd, 8639043.832, 65
Trd, 8639045.932, 140
Trd, 8639046.432, 111
Trd, 8639046.832, 139
Trd, 8639047.032, 121
Trd, 8639047.882, 121
Trd, 8639048.282, 120
Trd, 8639049.032, 137
Trd, 8639050.482, 117
Trd, 8639050.982, 119
Trd, 8639051.482, 140
Trd, 8639051.682, 133
Trd, 8639052.032, 140
Trd, 8639053.582, 140
Trd, 8639053.832, 140
Trd, 8639055.482, 140
Trd, 8639056.782, 140
Trd, 8639056.932, 140
Trd, 8639057.682, 140
Trd, 8639059.532, 140
Trd, 8639060.382, 140
Trd, 8639061.032, 140
Trd, 8639061.832, 140
Trd, 8639062.132, 128
Trd, 8639063.232, 139
Trd, 8639063.282, 127
Trd, 8639064.932, 140
Trd, 8639065.132, 140
Trd, 8639065.882, 140
Trd, 8639065.932, 139
Trd, 8639067.632, 123
Trd, 8639068.132, 139
Trd, 8639071.932, 140
Trd, 8639072.332, 140
Trd, 8639072.532, 139
Trd, 8639072.782, 124
Trd, 8639072.832, 117
Trd, 8639073.382, 107
Trd, 8639073.982, 114
Trd, 8639074.332, 135
Trd, 8639074.382, 114
Trd, 8639075.132, 138
Trd, 8639075.782, 126
Trd, 8639077.332, 60
Trd, 8639078.032, 60
Trd, 8639078.232, 60
Trd, 8639078.932, 60
Trd, 8639080.682, 67
Trd, 8639080.732, 70
Trd, 8639082.032, 104
Trd, 8639082.182, 64
Trd, 8639082.532, 61
Trd, 8639083.632, 61
Trd, 8639084.382, 63
Trd, 8639084.932, 72
Trd, 8639085.032, 113
Trd, 8639086.732, 107
Trd, 8639087.132, 138
Trd, 8639087.832, 140
Trd, 8639088.332, 140
Trd, 8639090.082, 139
Trd, 8639090.382, 128
Trd, 8639091.182, 93
Trd, 8639094.082, 140
Trd, 8639094.532, 139
Trd, 8639094.582, 129
Trd, 8639094.832, 123
Trd, 8639094.982, 140
Trd, 8639095.232, 138
Trd, 8639097.032, 140
Trd, 8639097.782, 139
Trd, 8639098.432, 115
Trd, 8639098.932, 133
Trd, 8639098.982, 132
Trd, 8639101.282, 140
Trd, 8639101.482, 139
Trd, 8639102.682, 139
Trd, 8639103.482, 106
Trd, 8639103.532, 94
Trd, 8639103.982, 89
Trd, 8639104.132, 109
Trd, 8639104.632, 98
Trd, 8639105.182, 61
Trd, 8639105.882, 91
Trd, 8639106.332, 60
Trd, 8639107.882, 89
Trd, 8639108.032, 60
Trd, 8639108.782, 139
Trd, 8639110.182, 60
Trd, 8639110.482, 60
Trd, 8639111.282, 64
Trd, 8639111.332, 71
Trd, 8639112.082, 140
Trd, 8639112.532, 111
Trd, 8639112.732, 60
Trd, 8639113.732, 140
Trd, 8639113.932, 140
Trd, 8639115.282, 123
Trd, 8639115.382, 122
Trd, 8639116.032, 82
Trd, 8639116.582, 128
Trd, 8639117.482, 124
Trd, 8639118.732, 140
Trd, 8639119.982, 140
Trd, 8639120.732, 139
Trd, 8639121.732, 140
Trd, 8639121.982, 140
Trd, 8639122.682, 139
Trd, 8639122.982, 111
Trd, 8639123.932, 77
Trd, 8639125.282, 136
Trd, 8639126.032, 140
Trd, 8639127.882, 140
Trd, 8639128.432, 140
Trd, 8639128.732, 140
Trd, 8639128.832, 140
Trd, 8639130.182, 140
Trd, 8639131.932, 140
Trd, 8639132.332, 140
Trd, 8639132.532, 123
Trd, 8639133.732, 140
Trd, 8639133.932, 138
Trd, 8639134.182, 138
Trd, 8639135.132, 139
Trd, 8639136.682, 111
Trd, 8639137.632, 139
Trd, 8639138.082, 137
Trd, 8639138.732, 120
Trd, 8639139.732, 140
Trd, 8639142.082, 140
Trd, 8639143.032, 140
Trd, 8639143.432, 126
Trd, 8639143.532, 124
Trd, 8639144.282, 114
Trd, 8639145.282, 139
Trd, 8639145.332, 126
Trd, 8639146.332, 138
Trd, 8639147.232, 140
Trd, 8639147.282, 130
Trd, 8639147.782, 124
Trd, 8639148.182, 123
Trd, 8639150.382, 119
Trd, 8639150.782, 138
Trd, 8639150.982, 108
Trd, 8639151.282, 140
Trd, 8639153.882, 140
Trd, 8639154.732, 140
Trd, 8639155.782, 140
Trd, 8639156.532, 140
Trd, 8639156.982, 138
Trd, 8639157.082, 135
Trd, 8639157.282, 116
Trd, 8639157.732, 131
Trd, 8639159.732, 140
Trd, 8639160.932, 139
Trd, 8639161.282, 122
Trd, 8639162.382, 139
Trd, 8639162.982, 125
Trd, 8639163.332, 139
Trd, 8639163.382, 124
Trd, 8639164.082, 68
Trd, 8639164.632, 68
Trd, 8639165.032, 69
Trd, 8639165.882, 72
Trd, 8639166.782, 138
Trd, 8639166.882, 74
Trd, 8639167.532, 71
Trd, 8639168.182, 61
Trd, 8639168.882, 85
Trd, 8639169.882, 115
Trd, 8639170.432, 60
Trd, 8639171.132, 60
Trd, 8639171.782, 140
Trd, 8639172.032, 60
Trd, 8639173.982, 60
Trd, 8639174.282, 62
Trd, 8639174.682, 65
Trd, 8639175.882, 61
Trd, 8639177.882, 61
Trd, 8639178.782, 60
Trd, 8639178.932, 61
Trd, 8639180.282, 63
Trd, 8639180.382, 70
Trd, 8639181.482, 140
Trd, 8639182.032, 131
Trd, 8639184.532, 140
Trd, 8639185.232, 140
Trd, 8639186.032, 100
Trd, 8639186.782, 136
Trd, 8639187.682, 139
Trd, 8639189.232, 140
Trd, 8639189.432, 140
Trd, 8639190.132, 139
Trd, 8639190.632, 137
Trd, 8639191.982, 132
Trd, 8639192.982, 140
Trd, 8639193.082, 119
Trd, 8639193.632, 140
Trd, 8639193.732, 115
Trd, 8639193.982, 109
Trd, 8639195.082, 140
Trd, 8639195.532, 91
Trd, 8639196.632, 91
Trd, 8639197.282, 140
Trd, 8639198.032, 139
Trd, 8639198.632, 135
Trd, 8639199.482, 121
Trd, 8639200.232, 129
Trd, 8639200.432, 105
Trd, 8639201.282, 80
Trd, 8639202.032, 134
Trd, 8639202.682, 133
Trd, 8639202.882, 125
Trd, 8639203.982, 67
Trd, 8639204.182, 68
Trd, 8639204.782, 61
Trd, 8639204.882, 63
Trd, 8639205.332, 61
Trd, 8639205.632, 100
Trd, 8639207.082, 98
Trd, 8639207.332, 97
Trd, 8639208.732, 124
Trd, 8639211.982, 140
Trd, 8639212.132, 140
Trd, 8639212.282, 139
Trd, 8639212.432, 125
Trd, 8639213.282, 138
Trd, 8639213.582, 133
Trd, 8639214.132, 117
Trd, 8639214.582, 130
Trd, 8639216.032, 140
Trd, 8639216.782, 140
Trd, 8639216.982, 139
Trd, 8639217.982, 126
Trd, 8639218.782, 119
Trd, 8639220.832, 140
Trd, 8639222.082, 140
Trd, 8639222.132, 140
Trd, 8639222.332, 122
Trd, 8639222.632, 84
Trd, 8639222.832, 140
Trd, 8639222.882, 124
Trd, 8639224.182, 119
Trd, 8639225.232, 139
Trd, 8639225.882, 62
Trd, 8639226.182, 80
Trd, 8639227.782, 139
Trd, 8639228.282, 137
Trd, 8639228.732, 135
Trd, 8639229.882, 66
Trd, 8639230.032, 66
Trd, 8639230.432, 67
Trd, 8639230.982, 66
Trd, 8639232.082, 139
Trd, 8639232.282, 140
Trd, 8639232.382, 140
Trd, 8639233.532, 140
Trd, 8639234.032, 140
Trd, 8639236.082, 139
Trd, 8639236.132, 127
Trd, 8639237.082, 132
Trd, 8639237.732, 131
Trd, 8639238.382, 140
Trd, 8639238.882, 136
Trd, 8639240.532, 140
Trd, 8639241.032, 122
Trd, 8639241.632, 90
Trd, 8639242.832, 60
Trd, 8639243.432, 60
Trd, 8639244.732, 65
Trd, 8639244.782, 61
Trd, 8639244.832, 68
Trd, 8639245.382, 140
Trd, 8639245.632, 140
Trd, 8639247.432, 62
Trd, 8639247.782, 60
Trd, 8639249.182, 60
Trd, 8639249.232, 60
Trd, 8639251.882, 60
Trd, 8639252.282, 61
Trd, 8639252.532, 62
Trd, 8639253.732, 60
Trd, 8639253.932, 60
Trd, 8639254.282, 69
Trd, 8639256.932, 60
Trd, 8639257.232, 60
Trd, 8639257.682, 60
Trd, 8639257.732, 60
Trd, 8639258.732, 62
Trd, 8639258.932, 63
Trd, 8639259.732, 109
Trd, 8639260.982, 113
Trd, 8639261.382, 138
Trd, 8639262.682, 140
Trd, 8639262.782, 138
Trd, 8639263.832, 109
Trd, 8639263.932, 100
Trd, 8639264.682, 140
Trd, 8639265.582, 139
Trd, 8639266.732, 140
Trd, 8639267.232, 138
Trd, 8639268.382, 137
Trd, 8639268.982, 137
Trd, 8639271.432, 140
Trd, 8639271.782, 139
Trd, 8639272.232, 123
Trd, 8639272.532, 138
Trd, 8639272.682, 122
Trd, 8639272.832, 98
Trd, 8639275.132, 139
Trd, 8639275.682, 122
Trd, 8639277.482, 140
Trd, 8639277.532, 140
Trd, 8639278.482, 140
Trd, 8639280.082, 124
Trd, 8639280.332, 123
Trd, 8639280.832, 119
Trd, 8639283.032, 124
Trd, 8639283.932, 130
Trd, 8639284.032, 124
Trd, 8639284.282, 130
Trd, 8639284.332, 106
Trd, 8639285.432, 131
Trd, 8639286.032, 130
Trd, 8639288.132, 124
Trd, 8639289.832, 140
Trd, 8639289.982, 140
Trd, 8639290.432, 140
Trd, 8639291.182, 140
Trd, 8639291.932, 140
Trd, 8639291.982, 140
Trd, 8639293.982, 140
Trd, 8639295.732, 140
Trd, 8639295.932, 110
Trd, 8639296.532, 139
Trd, 8639296.832, 137
Trd, 8639298.032, 126
Trd, 8639298.632, 138
Trd, 8639298.932, 140
Trd, 8639299.432, 137
Trd, 8639301.182, 135
Trd, 8639301.932, 135
Trd, 8639302.332, 122
Trd, 8639303.182, 90
Trd, 8639303.632, 94
Trd, 8639304.382, 135
Trd, 8639304.432, 82
Trd, 8639305.682, 134
Trd, 8639307.632, 140
Trd, 8639308.632, 140
Trd, 8639309.382, 140
Trd, 8639309.582, 140
Trd, 8639310.732, 140
Trd, 8639310.932, 140
Trd, 8639311.882, 140
Trd, 8639313.932, 140
Trd, 8639314.282, 110
Trd, 8639314.532, 121
Trd, 8639315.132, 100
Trd, 8639315.582, 139
Trd, 8639316.282, 140
Trd, 8639319.282, 140
Trd, 8639319.482, 140
Trd, 8639319.582, 134
Trd, 8639319.732, 116
Trd, 8639320.082, 74
Trd, 8639320.382, 140
Trd, 8639320.482, 73
Trd, 8639320.782, 65
Trd, 8639321.732, 139
Trd, 8639323.932, 120
Trd, 8639324.382, 120
Trd, 8639324.532, 119
Trd, 8639326.032, 103
Trd, 8639326.632, 90
Trd, 8639327.082, 138
Trd, 8639327.332, 121
Trd, 8639328.132, 140
Trd, 8639330.182, 134
Trd, 8639330.632, 117
Trd, 8639331.182, 97
Trd, 8639332.282, 139
Trd, 8639333.832, 140
Trd, 8639334.082, 137
Trd, 8639334.482, 104
Trd, 8639335.582, 135
Trd, 8639336.632, 140
Trd, 8639336.832, 138
Trd, 8639339.132, 140
Trd, 8639339.282, 139
Trd, 8639340.682, 138
Trd, 8639340.782, 123
Trd, 8639341.882, 135
Trd, 8639342.282, 123
Trd, 8639342.832, 139
Trd, 8639343.832, 119
Trd, 8639345.882, 109
Trd, 8639346.982, 140
Trd, 8639347.782, 140
Trd, 8639348.682, 93
Trd, 8639348.832, 75
Trd, 8639349.682, 140
Trd, 8639350.282, 132
Trd, 8639350.882, 100
Trd, 8639351.682, 137
Trd, 8639353.132, 137
Trd, 8639353.632, 136
Trd, 8639354.132, 139
Trd, 8639354.232, 127
Trd, 8639354.932, 104
Trd, 8639355.482, 104
Trd, 8639355.682, 114
Trd, 8639355.882, 95
Trd, 8639356.182, 60
Trd, 8639357.882, 140
Trd, 8639357.982, 140
Trd, 8639359.782, 140
Trd, 8639360.532, 140
Trd, 8639361.182, 140
Trd, 8639361.532, 140
Trd, 8639362.432, 140
Trd, 8639363.032, 140
Trd, 8639363.232, 110
Trd, 8639364.532, 140
Trd, 8639365.082, 140
Trd, 8639365.232, 139
Trd, 8639365.732, 127
Trd, 8639367.882, 109
Trd, 8639368.132, 60
Trd, 8639368.782, 74
Trd, 8639369.032, 66
Trd, 8639369.132, 75
Trd, 8639369.282, 78
Trd, 8639370.482, 60
Trd, 8639370.632, 86
Trd, 8639372.082, 60
Trd, 8639372.682, 61
Trd, 8639374.032, 62
Trd, 8639374.432, 64
Trd, 8639374.482, 61
Trd, 8639374.882, 60
Trd, 8639377.482, 139
Trd, 8639378.432, 138
Trd, 8639378.782, 139
Trd, 8639379.232, 139
Trd, 8639379.632, 139
Trd, 8639380.032, 107
Trd, 8639380.532, 140
Trd, 8639382.082, 137
Trd, 8639383.032, 138
Trd, 8639383.632, 101
Trd, 8639384.432, 137
Trd, 8639384.732, 132
Trd, 8639385.282, 133
Trd, 8639385.532, 131
Trd, 8639387.882, 140
Trd, 8639388.682, 139
Trd, 8639388.882, 122
Trd, 8639390.432, 119
Trd, 8639391.282, 140
Trd, 8639393.532, 140
Trd, 8639394.782, 140
Trd, 8639396.432, 140
Trd, 8639396.582, 133
Trd, 8639396.732, 123
Trd, 8639397.232, 139
Trd, 8639398.532, 73
Trd, 8639399.032, 140
Trd, 8639399.532, 112
Trd, 8639399.882, 137
Trd, 8639400.432, 140
Trd, 8639402.832, 104
Trd, 8639403.032, 102
Trd, 8639403.132, 135
Trd, 8639403.182, 95
Trd, 8639403.882, 126
Trd, 8639404.832, 67
Trd, 8639405.082, 68
Trd, 8639405.382, 63
Trd, 8639407.132, 139
Trd, 8639407.382, 139
Trd, 8639408.182, 140
Trd, 8639408.932, 140
Trd, 8639409.182, 140
Trd, 8639409.682, 123
Trd, 8639411.132, 138
Trd, 8639413.782, 140
Trd, 8639414.182, 138
Trd, 8639414.232, 133
Trd, 8639414.432, 117
Trd, 8639414.882, 137
Trd, 8639416.082, 61
Trd, 8639417.882, 60
Trd, 8639418.082, 63
Trd, 8639418.382, 63
Trd, 8639418.782, 94
Trd, 8639419.682, 103
Trd, 8639420.132, 95
Trd, 8639421.332, 139
Trd, 8639421.532, 111
Trd, 8639422.882, 140
Trd, 8639422.932, 140
Trd, 8639423.182, 140
Trd, 8639423.232, 124
Trd, 8639423.482, 111
Trd, 8639424.732, 81
Trd, 8639425.132, 60
Trd, 8639425.532, 61
Trd, 8639427.732, 140
Trd, 8639427.832, 98
Trd, 8639428.082, 97
Trd, 8639428.282, 140
Trd, 8639428.482, 96
Trd, 8639429.882, 112
Trd, 8639430.532, 140
Trd, 8639431.082, 109
Trd, 8639431.582, 109
Trd, 8639433.032, 140
Trd, 8639433.632, 137
Trd, 8639434.532, 140
Trd, 8639435.482, 96
Trd, 8639436.232, 130
Trd, 8639436.432, 116
Trd, 8639436.632, 95
Trd, 8639438.232, 140
Trd, 8639438.832, 140
Trd, 8639439.282, 138
Trd, 8639439.732, 139
Trd, 8639440.182, 138
Trd, 8639440.632, 134
Trd, 8639442.832, 140
Trd, 8639444.382, 125
Trd, 8639445.232, 138
Trd, 8639445.482, 116
Trd, 8639445.582, 115
Trd, 8639445.782, 103
Trd, 8639446.582, 140
Trd, 8639448.082, 111
Trd, 8639448.832, 140
Trd, 8639449.782, 138
Trd, 8639450.732, 138
Trd, 8639451.432, 137
Trd, 8639452.082, 136
Trd, 8639452.232, 135
Trd, 8639452.532, 122
Trd, 8639453.582, 106
Trd, 8639453.682, 140
Trd, 8639454.332, 60
Trd, 8639454.682, 73
Trd, 8639455.382, 60
Trd, 8639457.282, 96
Trd, 8639458.782, 140
Trd, 8639458.832, 140
Trd, 8639459.682, 139
Trd, 8639460.382, 140
Trd, 8639461.682, 140
Trd, 8639461.882, 116
Trd, 8639462.732, 137
Trd, 8639463.932, 113
Trd, 8639464.882, 140
Trd, 8639465.282, 111
Trd, 8639465.432, 98
Trd, 8639466.332, 140
Trd, 8639466.732, 134
Trd, 8639467.882, 140
Trd, 8639469.332, 140
Trd, 8639470.132, 140
Trd, 8639470.432, 140
Trd, 8639471.182, 140
Trd, 8639471.532, 106
Trd, 8639472.632, 120
Trd, 8639473.832, 102
Trd, 8639474.032, 140
Trd, 8639475.482, 140
Trd, 8639476.832, 140
Trd, 8639477.132, 140
Trd, 8639477.482, 140
Trd, 8639477.532, 139
Trd, 8639478.632, 140
Trd, 8639479.432, 140
Trd, 8639479.482, 130
Trd, 8639481.582, 105
Trd, 8639481.982, 111
Trd, 8639482.032, 74
Trd, 8639482.832, 61
Trd, 8639484.982, 138
Trd, 8639485.032, 122
Trd, 8639486.032, 140
Trd, 8639486.332, 61
Trd, 8639486.732, 66
Trd, 8639489.232, 140
Trd, 8639489.782, 140
Trd, 8639490.032, 140
Trd, 8639490.282, 140
Trd, 8639490.632, 140
Trd, 8639491.182, 140
Trd, 8639491.382, 135
Trd, 8639492.482, 103
Trd, 8639492.932, 126
Trd, 8639493.732, 130
Trd, 8639493.782, 123
Trd, 8639495.582, 140
Trd, 8639495.932, 139
Trd, 8639496.082, 134
Trd, 8639497.282, 101
Trd, 8639497.432, 90
Trd, 8639498.482, 92
Trd, 8639499.032, 108
Trd, 8639500.582, 123
Trd, 8639500.682, 96
Trd, 8639501.532, 119
Trd, 8639503.082, 140
Trd, 8639504.082, 133
Trd, 8639505.032, 140
Trd, 8639505.132, 126
Trd, 8639506.482, 109
Trd, 8639507.332, 136
Trd, 8639508.532, 69
Trd, 8639509.032, 61
Trd, 8639509.232, 61
Trd, 8639510.132, 61
Trd, 8639510.582, 63
Trd, 8639511.732, 64
Trd, 8639513.232, 140
Trd, 8639513.282, 140
Trd, 8639513.332, 139
Trd, 8639513.582, 136
Trd, 8639515.132, 139
Trd, 8639516.982, 139
Trd, 8639518.332, 140
Trd, 8639519.332, 140
Trd, 8639519.432, 140
Trd, 8639520.382, 133
Trd, 8639520.632, 122
Trd, 8639521.432, 140
Trd, 8639522.832, 138
Trd, 8639523.132, 137
Trd, 8639523.582, 123
Trd, 8639524.982, 140
Trd, 8639525.232, 117
Trd, 8639525.332, 84
Trd, 8639527.032, 140
Trd, 8639527.582, 140
Trd, 8639528.282, 140
Trd, 8639529.132, 133
Trd, 8639529.232, 122
Trd, 8639529.382, 124
Trd, 8639530.432, 139
Trd, 8639531.432, 140
Trd, 8639531.982, 109
Trd, 8639535.132, 140
Trd, 8639535.232, 140
Trd, 8639535.282, 138
Trd, 8639535.782, 125
Trd, 8639535.832, 101
Trd, 8639535.932, 79
Trd, 8639536.332, 65
Trd, 8639537.132, 140
Trd, 8639538.132, 60
Trd, 8639538.982, 140
Trd, 8639541.632, 140
Trd, 8639541.732, 140
Trd, 8639541.932, 139
Trd, 8639542.032, 138
Trd, 8639542.082, 138
Trd, 8639542.932, 99
Trd, 8639543.682, 134
Trd, 8639545.782, 140
Trd, 8639546.282, 121
Trd, 8639546.332, 118
Trd, 8639547.582, 140
Trd, 8639548.032, 140
Trd, 8639548.782, 140
Trd, 8639550.132, 140
Trd, 8639550.382, 140
Trd, 8639550.832, 124
Trd, 8639551.132, 140
Trd, 8639552.982, 140
Trd, 8639554.082, 138
Trd, 8639555.032, 140
Trd, 8639555.132, 140
Trd, 8639556.282, 122
Trd, 8639556.532, 65
Trd, 8639558.132, 139
Trd, 8639558.282, 135
Trd, 8639560.232, 130
Trd, 8639560.632, 108
Trd, 8639561.232, 103
Trd, 8639561.932, 139
Trd, 8639562.382, 139
Trd, 8639564.882, 140
Trd, 8639565.482, 140
Trd, 8639565.832, 131
Trd, 8639566.132, 99
Trd, 8639567.032, 95
Trd, 8639567.582, 140
Trd, 8639569.832, 140
Trd, 8639570.082, 139
Trd, 8639570.232, 138
Trd, 8639570.732, 129
Trd, 8639572.632, 140
Trd, 8639573.432, 140
Trd, 8639573.832, 140
Trd, 8639574.182, 117
Trd, 8639575.732, 140
Trd, 8639575.982, 139
Trd, 8639576.682, 140
Trd, 8639576.932, 129
Trd, 8639577.632, 139
Trd, 8639577.982, 134
Trd, 8639578.282, 128
Trd, 8639579.082, 139
Trd, 8639579.782, 140
Trd, 8639580.082, 140
Trd, 8639582.132, 140
Trd, 8639583.932, 140
Trd, 8639584.132, 140
Trd, 8639584.482, 139
Trd, 8639584.632, 137
Trd, 8639585.182, 92
Trd, 8639587.632, 140
Trd, 8639588.032, 137
Trd, 8639588.682, 139
Trd, 8639588.932, 133
Trd, 8639590.932, 120
Trd, 8639591.032, 140
Trd, 8639591.332, 122
Trd, 8639592.532, 140
Trd, 8639593.532, 140
Trd, 8639593.632, 139
Trd, 8639593.882, 122
Trd, 8639594.932, 136
Trd, 8639596.132, 140
Trd, 8639597.182, 134
Trd, 8639597.232, 132
Trd, 8639597.932, 128
Trd, 8639599.182, 140
Trd, 8639599.732, 140
Trd, 8639600.082, 121
Trd, 8639600.432, 98
Trd, 8639601.482, 67
Trd, 8639601.782, 138
Trd, 8639602.382, 77
Trd, 8639602.582, 63
Trd, 8639602.732, 140
Trd, 8639603.982, 138
Trd, 8639604.332, 139
Trd, 8639605.282, 68
Trd, 8639605.382, 80
Trd, 8639605.982, 137
Trd, 8639606.882, 139
Trd, 8639608.482, 140
Trd, 8639609.332, 140
Trd, 8639609.382, 140
Trd, 8639609.482, 101
Trd, 8639610.432, 137
Trd, 8639611.032, 70
Trd, 8639611.482, 138
Trd, 8639612.732, 124
Trd, 8639614.832, 138
Trd, 8639614.882, 126
Trd, 8639614.932, 122
Trd, 8639615.532, 137
Trd, 8639615.882, 140
Trd, 8639617.782, 132
Trd, 8639618.032, 131
Trd, 8639618.982, 106
Trd, 8639619.032, 90
Trd, 8639619.082, 89
Trd, 8639620.782, 138
Trd, 8639621.282, 140
Trd, 8639622.082, 140
Trd, 8639623.482, 133
Trd, 8639623.982, 137
Trd, 8639624.282, 134
Trd, 8639625.132, 131
Trd, 8639626.132, 135
Trd, 8639626.232, 125
Trd, 8639626.332, 119
Trd, 8639627.382, 139
Trd, 8639630.182, 139
Trd, 8639630.232, 138
Trd, 8639631.082, 140
Trd, 8639631.532, 140
Trd, 8639631.682, 139
Trd, 8639632.032, 109
Trd, 8639632.632, 104
Trd, 8639633.482, 65
Trd, 8639633.682, 105
Trd, 8639634.432, 140
Trd, 8639635.132, 140
Trd, 8639636.482, 127
Trd, 8639640.332, 140
Trd, 8639641.632, 140
Trd, 8639641.782, 139
Trd, 8639642.582, 139
Trd, 8639643.032, 138
Trd, 8639643.782, 135
Trd, 8639644.182, 118
Trd, 8639644.882, 116
Trd, 8639645.382, 112
Trd, 8639645.682, 111
Trd, 8639646.432, 139
Trd, 8639647.032, 139
Trd, 8639647.482, 140
Trd, 8639648.682, 138
Trd, 8639649.932, 116
Trd, 8639650.632, 140
Trd, 8639651.082, 139
Trd, 8639652.332, 139
Trd, 8639652.432, 115
Trd, 8639654.232, 120
Trd, 8639654.282, 85
Trd, 8639654.332, 80
Trd, 8639654.632, 140
Trd, 8639656.582, 140
Trd, 8639658.032, 140
Trd, 8639658.332, 140
Trd, 8639658.582, 138
Trd, 8639658.632, 130
Trd, 8639659.082, 127
Trd, 8639659.482, 139
Trd, 8639660.732, 133
Trd, 8639660.932, 137
Trd, 8639662.182, 137
Trd, 8639662.382, 136
Trd, 8639662.532, 123
Trd, 8639664.032, 113
Trd, 8639664.132, 111
Trd, 8639664.482, 90
Trd, 8639665.182, 140
Trd, 8639666.982, 140
Trd, 8639667.732, 140
Trd, 8639668.282, 140
Trd, 8639668.632, 140
Trd, 8639669.182, 122
Trd, 8639669.932, 135
Trd, 8639671.782, 140
Trd, 8639672.232, 140
Trd, 8639672.432, 139
Trd, 8639672.532, 120
Trd, 8639673.232, 122
Trd, 8639673.382, 109
Trd, 8639673.432, 98
Trd, 8639674.782, 133
Trd, 8639674.882, 132
Trd, 8639677.682, 140
Trd, 8639678.282, 138
Trd, 8639678.782, 62
Trd, 8639678.882, 126
Trd, 8639682.032, 140
Trd, 8639682.832, 140
Trd, 8639684.282, 140
Trd, 8639684.382, 140
Trd, 8639684.482, 140
Trd, 8639684.632, 139
Trd, 8639685.732, 122
Trd, 8639686.282, 139
Trd, 8639687.732, 123
Trd, 8639687.932, 108
Trd, 8639688.482, 60
Trd, 8639690.582, 110
Trd, 8639690.682, 95
Trd, 8639690.932, 95
Trd, 8639691.582, 139
Trd, 8639693.732, 140
Trd, 8639694.482, 139
Trd, 8639694.682, 139
Trd, 8639695.182, 138
Trd, 8639695.382, 83
Trd, 8639697.532, 139
Trd, 8639698.582, 118
Trd, 8639698.632, 105
Trd, 8639699.232, 113
Trd, 8639699.682, 103
Trd, 8639700.032, 68
Trd, 8639700.832, 60
Trd, 8639701.182, 61
Trd, 8639702.132, 103
Trd, 8639702.282, 133
Trd, 8639703.582, 140
Trd, 8639703.982, 139
Trd, 8639706.032, 135
Trd, 8639706.582, 133
Trd, 8639706.732, 110
Trd, 8639707.582, 95
Trd, 8639708.232, 80
Trd, 8639708.382, 82
Trd, 8639708.482, 67
Trd, 8639709.082, 83
Trd, 8639709.582, 116
Trd, 8639709.932, 140
Trd, 8639710.432, 138
Trd, 8639710.932, 137
Trd, 8639713.282, 61
Trd, 8639714.032, 116
Trd, 8639714.682, 140
Trd, 8639714.832, 124
Trd, 8639715.432, 137
Trd, 8639716.382, 140
Trd, 8639717.382, 110
Trd, 8639717.882, 140
Trd, 8639718.232, 126
Trd, 8639718.532, 117
Trd, 8639720.432, 140
Trd, 8639720.782, 139
Trd, 8639721.632, 135
Trd, 8639722.532, 114
Trd, 8639722.832, 113
Trd, 8639723.982, 133
Trd, 8639724.032, 106
Trd, 8639724.332, 63
Trd, 8639724.632, 126
Trd, 8639725.482, 131
Trd, 8639726.382, 85
Trd, 8639726.632, 83
Trd, 8639728.582, 60
Trd, 8639728.782, 61
Trd, 8639729.332, 138
Trd, 8639730.582, 140
Trd, 8639730.682, 140
Trd, 8639731.982, 140
Trd, 8639733.682, 140
Trd, 8639736.482, 140
Trd, 8639736.732, 140
Trd, 8639736.782, 140
Trd, 8639737.232, 124
Trd, 8639738.532, 139
Trd, 8639739.232, 138
Trd, 8639739.832, 127
Trd, 8639741.432, 138
Trd, 8639742.082, 137
Trd, 8639742.482, 138
Trd, 8639743.532, 137
Trd, 8639744.232, 137
Trd, 8639744.332, 136
Trd, 8639745.082, 120
Trd, 8639745.282, 137
Trd, 8639745.832, 98
Trd, 8639746.432, 140
Trd, 8639748.932, 140
Trd, 8639750.432, 138
Trd, 8639750.532, 122
Trd, 8639750.932, 128
Trd, 8639751.032, 122
Trd, 8639751.432, 128
Trd, 8639751.482, 120
Trd, 8639752.232, 124
Trd, 8639754.032, 138
Trd, 8639755.082, 140
Trd, 8639756.032, 140
Trd, 8639756.682, 138
Trd, 8639756.782, 115
Trd, 8639757.082, 67
Trd, 8639758.332, 99
Trd, 8639758.482, 97
Trd, 8639759.032, 87
Trd, 8639759.432, 109
Trd, 8639761.832, 140
Trd, 8639761.882, 140
Trd, 8639762.732, 139
Trd, 8639763.632, 138
Trd, 8639763.982, 122
Trd, 8639764.132, 116
Trd, 8639765.632, 140
Trd, 8639765.782, 139
Trd, 8639766.282, 140
Trd, 8639766.882, 140
Trd, 8639768.732, 140
Trd, 8639769.582, 140
Trd, 8639769.682, 123
Trd, 8639770.482, 140
Trd, 8639771.182, 127
Trd, 8639772.032, 139
Trd, 8639772.782, 124
Trd, 8639773.782, 88
Trd, 8639774.032, 92
Trd, 8639776.282, 60
Trd, 8639776.782, 63
Trd, 8639776.882, 63
Trd, 8639778.132, 60
Trd, 8639778.582, 62
Trd, 8639780.182, 95
Trd, 8639780.482, 71
Trd, 8639780.682, 70
Trd, 8639780.932, 103
Trd, 8639782.782, 140
Trd, 8639783.382, 137
Trd, 8639783.932, 139
Trd, 8639784.182, 127
Trd, 8639785.382, 123
Trd, 8639785.832, 140
Trd, 8639787.582, 130
Trd, 8639788.282, 140
Trd, 8639789.532, 139
Trd, 8639790.082, 133
Trd, 8639791.832, 140
Trd, 8639792.432, 139
Trd, 8639793.032, 140
Trd, 8639793.182, 139
Trd, 8639794.082, 140
Trd, 8639794.432, 115
Trd, 8639796.082, 107
Trd, 8639796.232, 106
Trd, 8639796.582, 139
Trd, 8639798.232, 140
Trd, 8639798.382, 140
Trd, 8639799.632, 102
Trd, 8639801.232, 140
Trd, 8639801.882, 140
Trd, 8639803.032, 140
Trd, 8639803.132, 140
Trd, 8639803.882, 140
Trd, 8639804.132, 110
Trd, 8639806.082, 140
Trd, 8639806.132, 123
Trd, 8639806.782, 113
Trd, 8639807.232, 140
Trd, 8639807.582, 110
Trd, 8639807.682, 111
Trd, 8639808.282, 137
Trd, 8639809.282, 140
Trd, 8639810.482, 140
Trd, 8639811.882, 140
Trd, 8639813.382, 140
Trd, 8639813.432, 140
Trd, 8639813.682, 140
Trd, 8639815.282, 104
Trd, 8639815.432, 138
Trd, 8639815.532, 66
Trd, 8639818.082, 140
Trd, 8639818.132, 140
Trd, 8639818.382, 140
Trd, 8639818.982, 138
Trd, 8639820.832, 131
Trd, 8639821.032, 127
Trd, 8639821.932, 126
Trd, 8639822.982, 117
Trd, 8639823.082, 75
Trd, 8639823.332, 102
Trd, 8639823.532, 118
Trd, 8639824.432, 102
Trd, 8639825.882, 138
Trd, 8639826.782, 114
Trd, 8639827.432, 113
Trd, 8639827.882, 106
Trd, 8639829.332, 138
Trd, 8639829.582, 139
Trd, 8639830.182, 140
Trd, 8639830.282, 139
Trd, 8639830.332, 139
Trd, 8639831.532, 112
Trd, 8639832.432, 109
Trd, 8639833.182, 140
Trd, 8639833.532, 103
Trd, 8639834.582, 140
Trd, 8639834.982, 140
Trd, 8639835.132, 138
Trd, 8639836.432, 138
Trd, 8639836.832, 135
Trd, 8639837.282, 108
Trd, 8639837.932, 139
Trd, 8639838.432, 101
Trd, 8639839.682, 116
Trd, 8639840.632, 126
Trd, 8639841.532, 140
Trd, 8639841.932, 140
Trd, 8639843.082, 140
Trd, 8639843.232, 140
Trd, 8639844.432, 114
Trd, 8639844.832, 90
Trd, 8639845.282, 72
Trd, 8639845.882, 140
Trd, 8639846.582, 140
Trd, 8639846.632, 139
Trd, 8639848.982, 140
Trd, 8639849.682, 140
Trd, 8639849.882, 101
Trd, 8639851.182, 140
Trd, 8639852.682, 139
Trd, 8639852.732, 138
Trd, 8639852.782, 122
Trd, 8639853.132, 140
Trd, 8639853.632, 139
Trd, 8639854.082, 82
Trd, 8639855.532, 138
Trd, 8639856.432, 136
Trd, 8639856.982, 130
Trd, 8639857.832, 140
Trd, 8639858.082, 139
Trd, 8639858.332, 120
Trd, 8639859.282, 140
Trd, 8639860.732, 140
Trd, 8639861.482, 140
Trd, 8639861.532, 125
Trd, 8639862.332, 133
Trd, 8639863.032, 104
Trd, 8639865.082, 115
Trd, 8639865.232, 111
Trd, 8639866.232, 140
Trd, 8639866.932, 140
Trd, 8639867.432, 140
Trd, 8639867.582, 140
Trd, 8639869.182, 139
Trd, 8639870.032, 139
Trd, 8639870.882, 136
Trd, 8639871.882, 136
Trd, 8639873.032, 140
Trd, 8639874.382, 127
Trd, 8639874.832, 140
Trd, 8639874.982, 125
Trd, 8639875.282, 137
Trd, 8639875.982, 140
Trd, 8639876.332, 136
Trd, 8639877.982, 140
Trd, 8639878.582, 123
Trd, 8639878.632, 122
Trd, 8639879.732, 127
Trd, 8639880.132, 139
Trd, 8639880.732, 73
Trd, 8639882.432, 140
Trd, 8639883.032, 139
Trd, 8639884.482, 60
Trd, 8639884.982, 63
Trd, 8639885.232, 108
Trd, 8639885.582, 125
Trd, 8639887.282, 62
Trd, 8639887.532, 61
Trd, 8639888.382, 62
Trd, 8639888.532, 63
Trd, 8639889.482, 65
Trd, 8639890.232, 63
Trd, 8639890.532, 62
Trd, 8639890.732, 66
Trd, 8639890.782, 108
Trd, 8639890.832, 62
Trd, 8639892.032, 126
Trd, 8639893.382, 65
Trd, 8639894.132, 79
Trd, 8639894.632, 79
Trd, 8639894.782, 70
Trd, 8639894.932, 69
Trd, 8639895.532, 77
Trd, 8639896.432, 70
Trd, 8639898.032, 140
Trd, 8639898.282, 140
Trd, 8639898.632, 139
Trd, 8639901.332, 124
Trd, 8639901.732, 133
Trd, 8639902.082, 140
Trd, 8639903.682, 125
Trd, 8639903.882, 113
Trd, 8639904.482, 99
Trd, 8639905.582, 101
Trd, 8639905.732, 87
Trd, 8639907.032, 130
Trd, 8639908.032, 86
Trd, 8639908.182, 85
Trd, 8639908.432, 140
Trd, 8639910.782, 140
Trd, 8639911.132, 140
Trd, 8639911.882, 139
Trd, 8639913.682, 140
Trd, 8639913.832, 140
Trd, 8639913.982, 139
Trd, 8639914.582, 137
Trd, 8639915.132, 125
Trd, 8639915.632, 125
Trd, 8639916.382, 140
Trd, 8639916.482, 104
Trd, 8639917.432, 138
Trd, 8639917.632, 135
Trd, 8639918.482, 93
Trd, 8639919.882, 115
Trd, 8639920.482, 140
Trd, 8639921.782, 140
Trd, 8639922.682, 140
Trd, 8639923.782, 139
Trd, 8639924.182, 136
Trd, 8639925.482, 137
Trd, 8639926.782, 140
Trd, 8639927.532, 140
Trd, 8639928.182, 140
Trd, 8639928.882, 140
Trd, 8639928.982, 140
Trd, 8639929.682, 122
Trd, 8639930.782, 108
Trd, 8639932.132, 136
Trd, 8639933.082, 138
Trd, 8639934.232, 139
Trd, 8639935.082, 139
Trd, 8639935.182, 138
Trd, 8639936.382, 124
Trd, 8639936.982, 125
Trd, 8639937.382, 140
Trd, 8639939.282, 140
Trd, 8639940.382, 115
Trd, 8639940.732, 103
Trd, 8639941.582, 140
Trd, 8639941.632, 123
Trd, 8639942.282, 116
Trd, 8639942.482, 90
Trd, 8639944.182, 61
Trd, 8639945.782, 60
Trd, 8639947.532, 60
Trd, 8639947.582, 60
Trd, 8639947.682, 60
Trd, 8639947.782, 61
Trd, 8639948.282, 60
Trd, 8639948.482, 72
Trd, 8639950.082, 66
Trd, 8639951.232, 86
Trd, 8639951.332, 74
Trd, 8639952.832, 139
Trd, 8639953.532, 136
Trd, 8639953.882, 131
Trd, 8639956.132, 140
Trd, 8639956.382, 140
Trd, 8639956.832, 140
Trd, 8639957.732, 139
Trd, 8639958.932, 140
Trd, 8639959.232, 136
Trd, 8639959.482, 126
Trd, 8639959.682, 124
Trd, 8639960.082, 110
Trd, 8639961.882, 139
Trd, 8639963.532, 140
Trd, 8639964.132, 136
Trd, 8639964.232, 134
Trd, 8639965.732, 140
Trd, 8639966.532, 106
Trd, 8639968.932, 140
Trd, 8639969.332, 126
Trd, 8639970.382, 140
Trd, 8639970.932, 140
Trd, 8639971.332, 112
Trd, 8639972.532, 121
Trd, 8639973.732, 139
Trd, 8639974.332, 140
Trd, 8639975.032, 140
Trd, 8639975.182, 128
Trd, 8639976.432, 140
Trd, 8639976.582, 105
Trd, 8639978.932, 140
Trd, 8639979.382, 140
Trd, 8639979.582, 139
Trd, 8639980.032, 136
Trd, 8639980.982, 123
Trd, 8639981.282, 140
Trd, 8639981.582, 73
Trd, 8639983.082, 140
Trd, 8639984.782, 140
Trd, 8639984.832, 140
Trd, 8639984.932, 140
Trd, 8639986.232, 140
Trd, 8639986.982, 129
Trd, 8639988.782, 60
Trd, 8639989.182, 60
Trd, 8639990.082, 61
Trd, 8639990.432, 61
Trd, 8639991.082, 60
Trd, 8639991.982, 61
Trd, 8639992.682, 61
Trd, 8639993.332, 62
Trd, 8639993.832, 60
Trd, 8639993.882, 63
Trd, 8639994.432, 63
Trd, 8639994.532, 65
Trd, 8639996.632, 92
Trd, 8639997.282, 62
Trd, 8639998.082, 60
Trd, 8639998.432, 60
Trd, 8639998.782, 61
Trd, 8639999.282, 64
Trd, 8639999.332, 69
