Trd, 8638065.432, 118
Trd, 8638066.682, 115
Trd, 8638067.632, 104
Trd, 8638067.832, 106
Trd, 8638068.832, 121
Trd, 8638070.132, 135
Trd, 8638070.182, 139
Trd, 8638070.632, 123
Trd, 8638070.682, 106
Trd, 8638072.582, 123
Trd, 8638072.932, 105
Trd, 8638074.482, 89
Trd, 8638074.632, 107
Trd, 8638075.432, 68
Trd, 8638077.232, 127
Trd, 8638077.982, 135
Trd, 8638079.032, 102
Trd, 8638079.732, 125
Trd, 8638080.632, 94
Trd, 8638081.432, 112
Trd, 8638081.982, 124
Trd, 8638082.632, 137
Trd, 8638082.982, 112
Trd, 8638083.782, 114
Trd, 8638084.332, 120
Trd, 8638084.532, 104
Trd, 8638085.982, 135
Trd, 8638086.082, 105
Trd, 8638086.182, 86
Trd, 8638086.632, 125
Trd, 8638087.282, 112
Trd, 8638088.782, 114
Trd, 8638088.882, 113
Trd, 8638089.782, 136
Trd, 8638089.982, 107
Trd, 8638091.082, 102
Trd, 8638094.282, 140
Trd, 8638094.782, 134
Trd, 8638096.232, 127
Trd, 8638096.632, 131
Trd, 8638097.032, 123
Trd, 8638098.982, 120
Trd, 8638099.332, 132
Trd, 8638100.082, 131
Trd, 8638100.532, 118
Trd, 8638101.682, 111
Trd, 8638103.432, 129
Trd, 8638103.732, 128
Trd, 8638104.082, 114
Trd, 8638104.332, 105
Trd, 8638104.932, 120
Trd, 8638105.232, 113
Trd, 8638105.732, 127
Trd, 8638106.582, 108
Trd, 8638108.582, 135
Trd, 8638108.732, 139
Trd, 8638109.682, 107
Trd, 8638110.182, 118
Trd, 8638112.582, 100
Trd, 8638112.932, 124
Trd, 8638113.632, 112
Trd, 8638114.682, 99
Trd, 8638114.932, 94
Trd, 8638115.082, 90
Trd, 8638116.582, 125
Trd, 8638118.132, 130
Trd, 8638119.182, 103
Trd, 8638120.032, 127
Trd, 8638120.232, 125
Trd, 8638120.832, 126
Trd, 8638121.432, 107
Trd, 8638121.632, 107
Trd, 8638122.232, 69
Trd, 8638123.282, 134
Trd, 8638123.682, 114
Trd, 8638123.882, 79
Trd, 8638124.982, 118
Trd, 8638127.332, 129
Trd, 8638128.332, 122
Trd, 8638128.782, 115
Trd, 8638128.832, 115
Trd, 8638129.382, 114
Trd, 8638130.882, 115
Trd, 8638131.132, 110
Trd, 8638132.282, 114
Trd, 8638132.832, 117
Trd, 8638133.132, 127
Trd, 8638133.282, 94
Trd, 8638133.532, 68
Trd, 8638133.732, 114
Trd, 8638134.132, 104
Trd, 8638135.182, 119
Trd, 8638136.132, 137
Trd, 8638136.432, 124
Trd, 8638137.132, 80
Trd, 8638138.032, 124
Trd, 8638138.582, 121
Trd, 8638139.682, 113
Trd, 8638140.682, 104
Trd, 8638141.132, 84
Trd, 8638141.932, 84
Trd, 8638142.032, 119
Trd, 8638144.232, 126
Trd, 8638144.332, 123
Trd, 8638144.782, 108
Trd, 8638144.982, 88
Trd, 8638145.482, 79
Trd, 8638145.932, 132
Trd, 8638149.082, 140
Trd, 8638149.382, 110
Trd, 8638149.682, 112
Trd, 8638150.532, 137
Trd, 8638151.732, 121
Trd, 8638153.232, 128
Trd, 8638153.882, 128
Trd, 8638154.282, 108
Trd, 8638156.032, 97
Trd, 8638156.382, 122
Trd, 8638156.932, 135
Trd, 8638157.332, 120
Trd, 8638158.182, 121
Trd, 8638158.982, 110
Trd, 8638159.232, 93
Trd, 8638159.782, 124
Trd, 8638160.282, 112
Trd, 8638162.082, 131
Trd, 8638162.182, 129
Trd, 8638162.732, 125
Trd, 8638164.232, 113
Trd, 8638164.682, 105
Trd, 8638166.482, 106
Trd, 8638167.532, 104
Trd, 8638168.282, 116
Trd, 8638168.882, 107
Trd, 8638169.482, 125
Trd, 8638169.532, 120
Trd, 8638169.832, 135
Trd, 8638171.482, 109
Trd, 8638172.232, 136
Trd, 8638175.432, 129
Trd, 8638175.932, 117
Trd, 8638176.682, 116
Trd, 8638178.532, 133
Trd, 8638178.732, 139
Trd, 8638179.232, 130
Trd, 8638179.532, 127
Trd, 8638181.032, 110
Trd, 8638182.082, 100
Trd, 8638182.832, 137
Trd, 8638184.332, 115
Trd, 8638184.932, 111
Trd, 8638185.632, 109
Trd, 8638185.832, 90
Trd, 8638186.332, 104
Trd, 8638186.682, 97
Trd, 8638187.082, 100
Trd, 8638188.382, 121
Trd, 8638188.732, 120
Trd, 8638189.132, 86
Trd, 8638192.782, 117
Trd, 8638193.232, 117
Trd, 8638193.932, 114
Trd, 8638194.082, 108
Trd, 8638194.682, 125
Trd, 8638195.232, 124
Trd, 8638195.332, 115
Trd, 8638196.182, 100
Trd, 8638196.732, 97
Trd, 8638198.082, 134
Trd, 8638198.882, 131
Trd, 8638198.982, 129
Trd, 8638199.132, 128
Trd, 8638199.532, 115
Trd, 8638200.132, 117
Trd, 8638200.782, 137
Trd, 8638202.482, 129
Trd, 8638203.182, 113
Trd, 8638204.232, 138
Trd, 8638204.982, 127
Trd, 8638205.282, 124
Trd, 8638206.632, 102
Trd, 8638208.982, 112
Trd, 8638209.482, 111
Trd, 8638210.782, 128
Trd, 8638211.132, 131
Trd, 8638211.682, 127
Trd, 8638212.382, 123
Trd, 8638212.882, 121
Trd, 8638213.582, 123
Trd, 8638214.082, 118
Trd, 8638215.282, 126
Trd, 8638215.882, 107
Trd, 8638216.982, 125
Trd, 8638218.732, 136
Trd, 8638219.282, 114
Trd, 8638220.032, 119
Trd, 8638221.032, 99
Trd, 8638221.782, 119
Trd, 8638222.682, 107
Trd, 8638222.882, 116
Trd, 8638223.082, 110
Trd, 8638223.882, 115
Trd, 8638224.082, 119
Trd, 8638225.882, 84
Trd, 8638226.982, 97
Trd, 8638227.732, 104
Trd, 8638229.232, 118
Trd, 8638230.332, 93
Trd, 8638231.432, 103
Trd, 8638232.332, 95
Trd, 8638233.282, 112
Trd, 8638233.332, 117
Trd, 8638233.532, 124
Trd, 8638234.382, 124
Trd, 8638235.032, 133
Trd, 8638235.882, 115
Trd, 8638236.282, 121
Trd, 8638237.682, 102
Trd, 8638237.782, 106
Trd, 8638238.832, 90
Trd, 8638238.882, 85
Trd, 8638239.282, 79
Trd, 8638240.032, 80
Trd, 8638242.582, 67
Trd, 8638243.582, 77
Trd, 8638243.732, 79
Trd, 8638244.632, 107
Trd, 8638246.182, 120
Trd, 8638246.982, 104
Trd, 8638247.732, 121
Trd, 8638248.032, 137
Trd, 8638248.482, 106
Trd, 8638248.632, 102
Trd, 8638249.582, 136
Trd, 8638249.832, 92
Trd, 8638251.482, 128
Trd, 8638253.432, 122
Trd, 8638253.532, 122
Trd, 8638255.982, 137
Trd, 8638256.332, 117
Trd, 8638256.832, 101
Trd, 8638257.432, 139
Trd, 8638257.582, 124
Trd, 8638257.632, 98
Trd, 8638261.032, 98
Trd, 8638261.332, 96
Trd, 8638261.582, 105
Trd, 8638262.032, 85
Trd, 8638262.282, 99
Trd, 8638262.632, 112
Trd, 8638264.632, 125
Trd, 8638264.882, 135
Trd, 8638265.182, 97
Trd, 8638266.882, 118
Trd, 8638266.982, 91
Trd, 8638269.532, 134
Trd, 8638270.832, 139
Trd, 8638271.882, 113
Trd, 8638271.932, 112
Trd, 8638272.932, 116
Trd, 8638273.432, 123
Trd, 8638273.632, 110
Trd, 8638274.882, 105
Trd, 8638275.982, 118
Trd, 8638277.382, 130
Trd, 8638277.582, 123
Trd, 8638277.682, 108
Trd, 8638278.632, 114
Trd, 8638278.832, 136
Trd, 8638280.882, 70
Trd, 8638281.582, 94
Trd, 8638283.432, 139
Trd, 8638285.332, 128
Trd, 8638286.182, 117
Trd, 8638286.332, 99
Trd, 8638286.782, 91
Trd, 8638287.082, 117
Trd, 8638288.032, 81
Trd, 8638288.482, 89
Trd, 8638289.732, 74
Trd, 8638290.382, 96
Trd, 8638290.782, 84
Trd, 8638290.882, 111
Trd, 8638291.882, 127
Trd, 8638292.532, 127
Trd, 8638292.682, 120
Trd, 8638295.432, 127
Trd, 8638296.182, 139
Trd, 8638296.432, 122
Trd, 8638296.482, 118
Trd, 8638296.532, 114
Trd, 8638297.682, 130
Trd, 8638299.032, 135
Trd, 8638300.432, 123
Trd, 8638301.232, 123
Trd, 8638301.282, 117
Trd, 8638301.982, 128
Trd, 8638302.832, 108
Trd, 8638304.832, 136
Trd, 8638305.132, 104
Trd, 8638305.932, 78
Trd, 8638306.832, 132
Trd, 8638309.332, 131
Trd, 8638309.382, 128
Trd, 8638310.282, 119
Trd, 8638310.382, 100
Trd, 8638310.582, 96
Trd, 8638312.782, 135
Trd, 8638312.882, 115
Trd, 8638313.582, 119
Trd, 8638314.632, 79
Trd, 8638315.032, 105
Trd, 8638316.232, 95
Trd, 8638316.832, 102
Trd, 8638317.632, 121
Trd, 8638319.532, 139
Trd, 8638320.432, 128
Trd, 8638320.632, 115
Trd, 8638320.782, 112
Trd, 8638321.382, 107
Trd, 8638322.032, 129
Trd, 8638322.182, 74
Trd, 8638323.382, 117
Trd, 8638324.532, 94
Trd, 8638326.682, 117
Trd, 8638326.782, 113
Trd, 8638327.582, 123
Trd, 8638328.332, 86
Trd, 8638328.632, 78
Trd, 8638328.832, 98
Trd, 8638329.582, 85
Trd, 8638330.482, 100
Trd, 8638330.832, 117
Trd, 8638331.032, 96
Trd, 8638331.782, 132
Trd, 8638332.382, 123
Trd, 8638332.882, 117
Trd, 8638333.432, 97
Trd, 8638334.882, 78
Trd, 8638335.682, 96
Trd, 8638336.732, 120
Trd, 8638337.132, 135
Trd, 8638338.382, 140
Trd, 8638338.432, 124
Trd, 8638338.682, 114
Trd, 8638338.782, 104
Trd, 8638340.982, 104
Trd, 8638342.182, 113
Trd, 8638342.582, 113
Trd, 8638343.032, 100
Trd, 8638343.482, 86
Trd, 8638344.982, 121
Trd, 8638346.282, 108
Trd, 8638347.082, 102
Trd, 8638349.832, 133
Trd, 8638350.032, 129
Trd, 8638350.282, 137
Trd, 8638350.582, 127
Trd, 8638351.232, 120
Trd, 8638351.832, 80
Trd, 8638355.182, 130
Trd, 8638355.632, 129
Trd, 8638356.282, 133
Trd, 8638359.382, 135
Trd, 8638359.432, 127
Trd, 8638360.382, 110
Trd, 8638361.082, 108
Trd, 8638361.732, 102
Trd, 8638362.182, 135
Trd, 8638363.982, 136
Trd, 8638364.132, 112
Trd, 8638364.482, 99
Trd, 8638366.832, 114
Trd, 8638367.182, 93
Trd, 8638370.032, 113
Trd, 8638370.082, 101
Trd, 8638371.382, 138
Trd, 8638371.832, 103
Trd, 8638373.232, 126
Trd, 8638374.582, 106
Trd, 8638374.732, 130
Trd, 8638376.032, 118
Trd, 8638376.232, 116
Trd, 8638377.232, 123
Trd, 8638379.732, 116
Trd, 8638380.182, 111
Trd, 8638380.932, 104
Trd, 8638381.282, 125
Trd, 8638381.332, 129
Trd, 8638381.782, 96
Trd, 8638382.282, 96
Trd, 8638383.682, 64
Trd, 8638385.232, 102
Trd, 8638385.382, 73
Trd, 8638386.432, 114
Trd, 8638386.782, 117
Trd, 8638388.582, 103
Trd, 8638390.282, 103
Trd, 8638390.482, 98
Trd, 8638390.832, 139
Trd, 8638393.482, 103
Trd, 8638395.032, 102
Trd, 8638395.932, 135
Trd, 8638397.482, 127
Trd, 8638397.832, 100
Trd, 8638398.032, 124
Trd, 8638398.982, 85
Trd, 8638399.432, 106
Trd, 8638399.932, 87
Trd, 8638400.132, 83
Trd, 8638400.682, 96
Trd, 8638400.832, 101
Trd, 8638403.882, 139
Trd, 8638404.782, 119
Trd, 8638405.282, 139
Trd, 8638405.482, 127
Trd, 8638406.132, 140
Trd, 8638406.532, 123
Trd, 8638406.732, 114
Trd, 8638408.982, 103
Trd, 8638409.182, 97
Trd, 8638410.182, 133
Trd, 8638410.232, 132
Trd, 8638411.132, 118
Trd, 8638411.432, 137
Trd, 8638414.532, 114
Trd, 8638415.182, 124
Trd, 8638415.232, 113
Trd, 8638415.882, 110
Trd, 8638416.482, 118
Trd, 8638416.982, 94
Trd, 8638418.032, 92
Trd, 8638418.732, 122
Trd, 8638420.232, 90
Trd, 8638420.532, 89
Trd, 8638420.732, 123
Trd, 8638420.982, 79
Trd, 8638421.682, 117
Trd, 8638422.432, 111
Trd, 8638423.882, 120
Trd, 8638425.232, 103
Trd, 8638425.532, 127
Trd, 8638426.082, 117
Trd, 8638426.532, 96
Trd, 8638426.932, 116
Trd, 8638427.082, 82
Trd, 8638427.582, 90
Trd, 8638427.882, 133
Trd, 8638429.982, 116
Trd, 8638431.982, 128
Trd, 8638432.132, 124
Trd, 8638432.382, 79
Trd, 8638433.832, 102
Trd, 8638434.532, 132
Trd, 8638435.082, 139
Trd, 8638435.432, 108
Trd, 8638437.382, 139
Trd, 8638438.632, 105
Trd, 8638438.732, 104
Trd, 8638440.082, 137
Trd, 8638440.432, 115
Trd, 8638440.532, 86
Trd, 8638441.782, 122
Trd, 8638442.382, 87
Trd, 8638443.482, 90
Trd, 8638443.682, 93
Trd, 8638444.382, 140
Trd, 8638445.232, 90
Trd, 8638445.632, 68
Trd, 8638446.482, 100
Trd, 8638447.332, 127
Trd, 8638448.082, 136
Trd, 8638449.282, 133
Trd, 8638449.432, 113
Trd, 8638450.132, 94
Trd, 8638451.282, 98
Trd, 8638453.082, 108
Trd, 8638456.032, 121
Trd, 8638456.382, 118
Trd, 8638456.832, 132
Trd, 8638457.132, 108
Trd, 8638458.182, 122
Trd, 8638458.832, 119
Trd, 8638458.932, 101
Trd, 8638459.432, 77
Trd, 8638460.232, 137
Trd, 8638460.882, 104
Trd, 8638461.182, 71
Trd, 8638461.582, 94
Trd, 8638462.982, 111
Trd, 8638463.582, 107
Trd, 8638464.032, 104
Trd, 8638464.132, 124
Trd, 8638465.682, 92
Trd, 8638465.982, 87
Trd, 8638466.332, 102
Trd, 8638467.132, 82
Trd, 8638467.532, 89
Trd, 8638468.332, 99
Trd, 8638469.382, 128
Trd, 8638470.982, 107
Trd, 8638471.132, 83
Trd, 8638472.132, 104
Trd, 8638472.932, 122
Trd, 8638473.282, 113
Trd, 8638473.482, 93
Trd, 8638474.232, 97
Trd, 8638475.382, 119
Trd, 8638475.682, 98
Trd, 8638476.482, 126
Trd, 8638477.032, 101
Trd, 8638477.232, 132
Trd, 8638478.782, 113
Trd, 8638478.932, 108
Trd, 8638480.732, 98
Trd, 8638481.782, 104
Trd, 8638482.832, 127
Trd, 8638482.932, 110
Trd, 8638483.332, 107
Trd, 8638484.532, 136
Trd, 8638484.632, 133
Trd, 8638487.682, 131
Trd, 8638488.682, 122
Trd, 8638489.132, 114
Trd, 8638489.532, 105
Trd, 8638491.032, 135
Trd, 8638491.482, 127
Trd, 8638491.782, 113
Trd, 8638492.182, 107
Trd, 8638494.682, 125
Trd, 8638495.032, 126
Trd, 8638495.232, 104
Trd, 8638495.932, 140
Trd, 8638496.632, 115
Trd, 8638498.232, 99
Trd, 8638498.432, 69
Trd, 8638498.582, 78
Trd, 8638499.632, 74
Trd, 8638502.232, 114
Trd, 8638502.632, 101
Trd, 8638503.882, 125
Trd, 8638504.482, 101
Trd, 8638505.232, 105
Trd, 8638505.482, 111
Trd, 8638506.632, 114
Trd, 8638507.632, 140
Trd, 8638508.532, 106
Trd, 8638509.182, 106
Trd, 8638509.932, 122
Trd, 8638510.482, 129
Trd, 8638511.182, 106
Trd, 8638511.282, 84
Trd, 8638512.132, 88
Trd, 8638512.282, 133
Trd, 8638513.432, 98
Trd, 8638514.682, 125
Trd, 8638514.832, 137
Trd, 8638516.132, 118
Trd, 8638516.182, 106
Trd, 8638516.982, 98
Trd, 8638517.582, 131
Trd, 8638518.882, 131
Trd, 8638519.232, 127
Trd, 8638519.382, 101
Trd, 8638520.582, 81
Trd, 8638522.882, 86
Trd, 8638523.282, 93
Trd, 8638523.832, 115
Trd, 8638525.132, 125
Trd, 8638525.782, 136
Trd, 8638526.182, 135
Trd, 8638527.432, 135
Trd, 8638528.382, 112
Trd, 8638528.782, 140
Trd, 8638529.132, 75
Trd, 8638529.382, 136
Trd, 8638530.382, 91
Trd, 8638530.782, 74
Trd, 8638531.032, 86
Trd, 8638531.782, 104
Trd, 8638532.582, 82
Trd, 8638535.082, 83
Trd, 8638535.232, 125
Trd, 8638536.532, 123
Trd, 8638536.832, 124
Trd, 8638537.132, 104
Trd, 8638537.682, 97
Trd, 8638538.682, 93
Trd, 8638539.282, 90
Trd, 8638539.582, 99
Trd, 8638540.032, 86
Trd, 8638540.432, 127
Trd, 8638540.932, 99
Trd, 8638541.582, 84
Trd, 8638543.032, 91
Trd, 8638543.882, 111
Trd, 8638545.082, 121
Trd, 8638546.532, 126
Trd, 8638546.932, 111
Trd, 8638547.382, 103
Trd, 8638547.482, 122
Trd, 8638547.832, 109
Trd, 8638550.132, 124
Trd, 8638551.382, 115
Trd, 8638551.882, 135
Trd, 8638552.032, 105
Trd, 8638553.582, 122
Trd, 8638553.632, 105
Trd, 8638555.282, 117
Trd, 8638556.382, 106
Trd, 8638557.482, 110
Trd, 8638557.582, 127
Trd, 8638557.832, 81
Trd, 8638558.282, 131
Trd, 8638558.482, 130
Trd, 8638558.932, 80
Trd, 8638561.182, 107
Trd, 8638561.782, 124
Trd, 8638561.982, 122
Trd, 8638562.482, 115
Trd, 8638563.382, 106
Trd, 8638564.532, 103
Trd, 8638565.632, 117
Trd, 8638566.082, 108
Trd, 8638566.182, 102
Trd, 8638566.432, 109
Trd, 8638567.282, 108
Trd, 8638568.632, 112
Trd, 8638569.432, 125
Trd, 8638571.082, 136
Trd, 8638571.732, 134
Trd, 8638571.782, 132
Trd, 8638574.282, 98
Trd, 8638575.132, 106
Trd, 8638575.532, 90
Trd, 8638576.082, 134
Trd, 8638577.432, 126
Trd, 8638578.082, 120
Trd, 8638578.332, 124
Trd, 8638579.032, 105
Trd, 8638580.732, 132
Trd, 8638580.932, 122
Trd, 8638581.332, 137
Trd, 8638582.182, 139
Trd, 8638582.382, 123
Trd, 8638582.582, 118
Trd, 8638584.932, 90
Trd, 8638585.282, 80
Trd, 8638587.082, 104
Trd, 8638588.082, 114
Trd, 8638588.982, 138
Trd, 8638589.282, 119
Trd, 8638589.332, 112
Trd, 8638590.082, 90
Trd, 8638590.132, 122
Trd, 8638592.682, 127
Trd, 8638593.432, 96
Trd, 8638595.132, 120
Trd, 8638596.082, 108
Trd, 8638596.132, 115
Trd, 8638596.232, 106
Trd, 8638597.132, 138
Trd, 8638598.582, 95
Trd, 8638599.582, 133
Trd, 8638599.782, 132
Trd, 8638602.282, 130
Trd, 8638602.832, 131
Trd, 8638603.482, 123
Trd, 8638604.082, 115
Trd, 8638606.082, 96
Trd, 8638606.182, 89
Trd, 8638606.332, 101
Trd, 8638607.132, 102
Trd, 8638607.832, 137
Trd, 8638607.982, 97
Trd, 8638609.232, 94
Trd, 8638609.482, 106
Trd, 8638609.582, 81
Trd, 8638610.732, 140
Trd, 8638613.282, 124
Trd, 8638613.482, 111
Trd, 8638613.732, 106
Trd, 8638614.032, 92
Trd, 8638615.732, 120
Trd, 8638616.432, 137
Trd, 8638616.632, 136
Trd, 8638617.532, 99
Trd, 8638618.132, 99
Trd, 8638619.582, 133
Trd, 8638620.332, 121
Trd, 8638620.632, 119
Trd, 8638621.232, 128
Trd, 8638622.232, 110
Trd, 8638622.382, 97
Trd, 8638623.932, 102
Trd, 8638624.332, 114
Trd, 8638625.732, 93
Trd, 8638627.082, 129
Trd, 8638629.132, 136
Trd, 8638629.582, 124
Trd, 8638630.032, 114
Trd, 8638630.982, 129
Trd, 8638631.632, 130
Trd, 8638632.882, 115
Trd, 8638633.132, 97
Trd, 8638633.832, 117
Trd, 8638634.332, 91
Trd, 8638634.382, 82
Trd, 8638634.732, 76
Trd, 8638635.632, 91
Trd, 8638635.982, 98
Trd, 8638636.232, 126
Trd, 8638638.182, 103
Trd, 8638638.632, 91
Trd, 8638639.582, 119
Trd, 8638640.982, 123
Trd, 8638641.632, 127
Trd, 8638644.232, 113
Trd, 8638644.632, 126
Trd, 8638645.182, 104
Trd, 8638645.782, 132
Trd, 8638646.132, 108
Trd, 8638647.982, 134
Trd, 8638649.532, 140
Trd, 8638649.932, 130
Trd, 8638650.932, 135
Trd, 8638652.232, 103
Trd, 8638652.682, 133
Trd, 8638652.782, 108
Trd, 8638653.082, 91
Trd, 8638655.632, 120
Trd, 8638656.332, 127
Trd, 8638656.682, 131
Trd, 8638657.132, 87
Trd, 8638657.932, 77
Trd, 8638659.382, 135
Trd, 8638659.432, 130
Trd, 8638659.682, 140
Trd, 8638660.482, 111
Trd, 8638661.032, 97
Trd, 8638662.082, 108
Trd, 8638662.832, 109
Trd, 8638663.682, 124
Trd, 8638665.682, 130
Trd, 8638666.682, 102
Trd, 8638667.732, 123
Trd, 8638668.232, 133
Trd, 8638670.232, 131
Trd, 8638670.432, 103
Trd, 8638670.832, 103
Trd, 8638671.832, 101
Trd, 8638673.782, 124
Trd, 8638673.982, 101
Trd, 8638674.032, 94
Trd, 8638674.982, 71
Trd, 8638677.782, 123
Trd, 8638678.332, 109
Trd, 8638679.432, 134
Trd, 8638679.732, 131
Trd, 8638679.832, 115
Trd, 8638680.432, 121
Trd, 8638680.632, 86
Trd, 8638681.682, 67
Trd, 8638683.282, 68
Trd, 8638683.732, 96
Trd, 8638683.882, 79
Trd, 8638684.632, 124
Trd, 8638684.732, 85
Trd, 8638685.532, 83
Trd, 8638685.832, 96
Trd, 8638689.582, 99
Trd, 8638690.032, 96
Trd, 8638690.182, 113
Trd, 8638691.132, 74
Trd, 8638691.182, 86
Trd, 8638691.882, 125
Trd, 8638691.982, 99
Trd, 8638693.632, 128
Trd, 8638694.082, 109
Trd, 8638694.882, 100
Trd, 8638695.182, 103
Trd, 8638695.482, 111
Trd, 8638695.582, 97
Trd, 8638698.882, 133
Trd, 8638698.932, 127
Trd, 8638700.532, 115
Trd, 8638700.882, 122
Trd, 8638701.382, 125
Trd, 8638703.132, 131
Trd, 8638703.232, 123
Trd, 8638703.282, 132
Trd, 8638705.182, 124
Trd, 8638705.632, 119
Trd, 8638705.882, 113
Trd, 8638706.482, 139
Trd, 8638706.932, 132
Trd, 8638708.882, 132
Trd, 8638709.082, 116
Trd, 8638710.132, 135
Trd, 8638710.782, 139
Trd, 8638711.282, 134
Trd, 8638712.882, 127
Trd, 8638713.032, 124
Trd, 8638714.732, 124
Trd, 8638714.782, 97
Trd, 8638715.982, 112
Trd, 8638717.582, 132
Trd, 8638717.782, 130
Trd, 8638718.282, 117
Trd, 8638719.182, 103
Trd, 8638720.082, 89
Trd, 8638720.232, 77
Trd, 8638720.832, 132
Trd, 8638720.882, 99
Trd, 8638721.982, 91
Trd, 8638723.082, 74
Trd, 8638723.882, 67
Trd, 8638725.332, 133
Trd, 8638726.632, 101
Trd, 8638726.932, 122
Trd, 8638727.982, 122
Trd, 8638729.232, 117
Trd, 8638732.332, 130
Trd, 8638733.282, 119
Trd, 8638733.432, 112
Trd, 8638734.282, 129
Trd, 8638734.332, 109
Trd, 8638734.982, 94
Trd, 8638736.682, 95
Trd, 8638737.582, 91
Trd, 8638739.482, 127
Trd, 8638739.882, 122
Trd, 8638740.932, 138
Trd, 8638742.032, 140
Trd, 8638743.532, 132
Trd, 8638744.382, 121
Trd, 8638745.182, 128
Trd, 8638745.382, 108
Trd, 8638745.882, 119
Trd, 8638746.232, 128
Trd, 8638746.732, 125
Trd, 8638748.282, 121
Trd, 8638749.732, 134
Trd, 8638751.032, 90
Trd, 8638751.232, 124
Trd, 8638752.132, 94
Trd, 8638752.882, 126
Trd, 8638753.632, 140
Trd, 8638754.632, 115
Trd, 8638756.482, 118
Trd, 8638757.682, 136
Trd, 8638757.732, 129
Trd, 8638757.782, 117
Trd, 8638759.782, 98
Trd, 8638760.282, 122
Trd, 8638760.682, 116
Trd, 8638761.732, 111
Trd, 8638762.532, 92
Trd, 8638763.332, 116
Trd, 8638763.482, 103
Trd, 8638766.082, 100
Trd, 8638767.032, 130
Trd, 8638767.382, 114
Trd, 8638767.582, 114
Trd, 8638769.132, 118
Trd, 8638769.282, 118
Trd, 8638769.682, 112
Trd, 8638770.482, 111
Trd, 8638771.032, 102
Trd, 8638772.732, 113
Trd, 8638774.382, 117
Trd, 8638774.732, 112
Trd, 8638775.032, 100
Trd, 8638776.082, 86
Trd, 8638777.532, 135
Trd, 8638777.832, 120
Trd, 8638778.032, 118
Trd, 8638779.532, 130
Trd, 8638780.682, 140
Trd, 8638782.382, 117
Trd, 8638783.332, 113
Trd, 8638783.532, 125
Trd, 8638783.832, 96
Trd, 8638785.432, 110
Trd, 8638786.182, 61
Trd, 8638786.282, 84
Trd, 8638788.932, 131
Trd, 8638789.182, 129
Trd, 8638789.332, 124
Trd, 8638789.732, 127
Trd, 8638789.832, 123
Trd, 8638790.132, 130
Trd, 8638791.332, 111
Trd, 8638793.332, 109
Trd, 8638793.732, 106
Trd, 8638793.832, 102
Trd, 8638793.932, 109
Trd, 8638794.332, 105
Trd, 8638797.082, 126
Trd, 8638797.332, 101
Trd, 8638798.082, 79
Trd, 8638798.732, 79
Trd, 8638798.832, 100
Trd, 8638800.132, 126
Trd, 8638800.182, 118
Trd, 8638801.282, 137
Trd, 8638801.332, 123
Trd, 8638802.432, 128
Trd, 8638802.482, 110
Trd, 8638804.132, 126
Trd, 8638804.632, 93
Trd, 8638804.682, 118
Trd, 8638806.982, 89
Trd, 8638807.982, 109
Trd, 8638808.082, 99
Trd, 8638808.632, 93
Trd, 8638810.182, 125
Trd, 8638810.932, 107
Trd, 8638812.032, 126
Trd, 8638813.982, 118
Trd, 8638814.632, 116
Trd, 8638814.932, 137
Trd, 8638815.532, 112
Trd, 8638816.532, 124
Trd, 8638816.632, 100
Trd, 8638818.082, 114
Trd, 8638818.882, 84
Trd, 8638820.232, 63
Trd, 8638820.482, 83
Trd, 8638821.082, 129
Trd, 8638822.132, 120
Trd, 8638822.832, 109
Trd, 8638823.832, 90
Trd, 8638823.982, 110
Trd, 8638824.082, 90
Trd, 8638825.132, 76
Trd, 8638825.232, 92
Trd, 8638825.332, 108
Trd, 8638826.982, 90
Trd, 8638829.282, 124
Trd, 8638830.082, 108
Trd, 8638830.282, 135
Trd, 8638831.132, 128
Trd, 8638831.332, 92
Trd, 8638831.532, 92
Trd, 8638834.482, 123
Trd, 8638834.782, 115
Trd, 8638835.182, 117
Trd, 8638835.282, 107
Trd, 8638836.082, 94
Trd, 8638836.582, 87
Trd, 8638837.032, 109
Trd, 8638837.782, 70
Trd, 8638838.182, 61
Trd, 8638839.732, 129
Trd, 8638840.882, 137
Trd, 8638840.932, 120
Trd, 8638842.232, 127
Trd, 8638842.782, 110
Trd, 8638843.482, 129
Trd, 8638844.132, 82
Trd, 8638844.532, 94
Trd, 8638845.082, 101
Trd, 8638847.632, 140
Trd, 8638848.382, 93
Trd, 8638849.232, 100
Trd, 8638849.732, 110
Trd, 8638850.532, 100
Trd, 8638851.232, 92
Trd, 8638851.582, 68
Trd, 8638852.732, 88
Trd, 8638853.382, 74
Trd, 8638854.732, 90
Trd, 8638855.182, 124
Trd, 8638855.882, 117
Trd, 8638856.882, 125
Trd, 8638857.432, 110
Trd, 8638858.132, 119
Trd, 8638859.782, 135
Trd, 8638861.232, 120
Trd, 8638862.082, 101
Trd, 8638864.032, 127
Trd, 8638864.282, 124
Trd, 8638864.832, 128
Trd, 8638865.482, 116
Trd, 8638866.332, 140
Trd, 8638866.982, 119
Trd, 8638868.182, 132
Trd, 8638868.882, 100
Trd, 8638869.632, 101
Trd, 8638870.032, 107
Trd, 8638870.432, 91
Trd, 8638870.882, 80
Trd, 8638871.532, 83
Trd, 8638871.732, 97
Trd, 8638873.482, 101
Trd, 8638874.932, 128
Trd, 8638875.582, 140
Trd, 8638875.782, 119
Trd, 8638876.532, 92
Trd, 8638878.282, 115
Trd, 8638880.082, 123
Trd, 8638880.282, 110
Trd, 8638880.582, 102
Trd, 8638883.932, 131
Trd, 8638885.032, 136
Trd, 8638885.332, 126
Trd, 8638885.382, 114
Trd, 8638885.532, 111
Trd, 8638886.132, 96
Trd, 8638886.832, 116
Trd, 8638889.832, 116
Trd, 8638890.082, 81
Trd, 8638890.382, 112
Trd, 8638891.832, 106
Trd, 8638891.982, 126
Trd, 8638892.232, 105
Trd, 8638895.082, 101
Trd, 8638895.682, 115
Trd, 8638897.332, 93
Trd, 8638898.782, 107
Trd, 8638899.882, 113
Trd, 8638901.082, 134
Trd, 8638901.182, 130
Trd, 8638902.382, 138
Trd, 8638902.932, 110
Trd, 8638903.232, 121
Trd, 8638903.982, 124
Trd, 8638904.682, 82
Trd, 8638905.832, 110
Trd, 8638906.082, 81
Trd, 8638907.432, 84
Trd, 8638907.882, 103
Trd, 8638908.632, 116
Trd, 8638909.132, 94
Trd, 8638909.682, 90
Trd, 8638911.732, 121
Trd, 8638912.482, 132
Trd, 8638913.932, 122
Trd, 8638914.582, 120
Trd, 8638915.032, 96
Trd, 8638916.132, 134
Trd, 8638919.782, 124
Trd, 8638921.532, 123
Trd, 8638921.832, 132
Trd, 8638921.932, 109
Trd, 8638922.082, 108
Trd, 8638923.332, 104
Trd, 8638923.582, 108
Trd, 8638927.832, 133
Trd, 8638929.182, 122
Trd, 8638929.232, 119
Trd, 8638929.382, 114
Trd, 8638930.182, 107
Trd, 8638931.932, 108
Trd, 8638931.982, 103
Trd, 8638932.232, 129
Trd, 8638932.882, 99
Trd, 8638933.382, 94
Trd, 8638935.032, 125
Trd, 8638935.182, 110
Trd, 8638935.332, 106
Trd, 8638936.432, 140
Trd, 8638937.132, 140
Trd, 8638939.332, 111
Trd, 8638940.282, 103
Trd, 8638940.482, 130
Trd, 8638941.582, 130
Trd, 8638942.682, 136
Trd, 8638943.032, 97
Trd, 8638943.632, 101
Trd, 8638943.832, 116
Trd, 8638944.732, 123
Trd, 8638945.232, 122
Trd, 8638946.382, 128
Trd, 8638947.032, 122
Trd, 8638947.532, 120
Trd, 8638947.782, 138
Trd, 8638950.532, 138
Trd, 8638953.282, 138
Trd, 8638953.632, 135
Trd, 8638953.832, 134
Trd, 8638953.982, 115
Trd, 8638954.582, 109
Trd, 8638955.882, 110
Trd, 8638956.732, 81
Trd, 8638958.832, 135
Trd, 8638958.982, 124
Trd, 8638959.032, 98
Trd, 8638960.832, 98
Trd, 8638960.882, 114
Trd, 8638961.882, 93
Trd, 8638962.832, 104
Trd, 8638962.932, 102
Trd, 8638963.482, 137
Trd, 8638965.432, 140
Trd, 8638965.732, 125
Trd, 8638966.032, 129
Trd, 8638968.282, 102
Trd, 8638968.832, 109
Trd, 8638970.332, 120
Trd, 8638970.832, 102
Trd, 8638971.332, 104
Trd, 8638971.432, 99
Trd, 8638971.632, 83
Trd, 8638972.232, 101
Trd, 8638974.182, 107
Trd, 8638975.382, 117
Trd, 8638975.582, 114
Trd, 8638976.532, 134
Trd, 8638977.032, 103
Trd, 8638978.882, 136
Trd, 8638979.282, 138
Trd, 8638980.082, 102
Trd, 8638980.682, 101
Trd, 8638983.432, 91
Trd, 8638983.782, 105
Trd, 8638984.332, 113
Trd, 8638984.932, 121
Trd, 8638985.182, 129
Trd, 8638986.732, 109
Trd, 8638987.382, 119
Trd, 8638987.732, 104
Trd, 8638990.382, 137
Trd, 8638990.832, 138
Trd, 8638991.282, 135
Trd, 8638991.682, 112
Trd, 8638992.782, 99
Trd, 8638994.582, 124
Trd, 8638996.132, 104
Trd, 8638996.432, 130
Trd, 8638997.032, 117
Trd, 8638997.282, 110
Trd, 8638998.332, 121
Trd, 8638998.982, 120
Trd, 8638999.282, 116
Trd, 8639000.432, 117
Trd, 8639001.982, 128
Trd, 8639002.932, 127
Trd, 8639003.432, 124
Trd, 8639006.482, 130
Trd, 8639007.332, 137
Trd, 8639008.582, 140
Trd, 8639008.932, 120
Trd, 8639009.732, 132
Trd, 8639010.832, 139
Trd, 8639011.732, 122
Trd, 8639012.682, 135
Trd, 8639013.032, 123
Trd, 8639014.532, 105
Trd, 8639014.682, 98
Trd, 8639015.532, 140
Trd, 8639015.682, 125
Trd, 8639015.782, 91
Trd, 8639016.682, 81
Trd, 8639017.382, 82
Trd, 8639017.932, 111
Trd, 8639018.932, 99
Trd, 8639019.082, 91
Trd, 8639019.232, 123
Trd, 8639020.432, 108
Trd, 8639022.532, 115
Trd, 8639023.132, 103
Trd, 8639024.532, 134
Trd, 8639026.232, 86
Trd, 8639026.432, 98
Trd, 8639027.032, 94
Trd, 8639027.482, 98
Trd, 8639028.582, 70
Trd, 8639028.782, 87
Trd, 8639029.032, 108
Trd, 8639029.632, 103
Trd, 8639030.432, 82
Trd, 8639030.682, 83
Trd, 8639031.532, 126
Trd, 8639031.832, 105
Trd, 8639032.682, 135
Trd, 8639033.732, 124
Trd, 8639034.732, 113
Trd, 8639035.232, 95
Trd, 8639035.382, 95
Trd, 8639036.582, 106
Trd, 8639038.282, 138
Trd, 8639038.782, 133
Trd, 8639040.582, 133
Trd, 8639040.782, 138
Trd, 8639042.182, 110
Trd, 8639044.782, 116
Trd, 8639044.932, 112
Trd, 8639044.982, 108
Trd, 8639046.182, 104
Trd, 8639047.682, 99
Trd, 8639047.882, 102
Trd, 8639048.632, 106
Trd, 8639048.932, 129
Trd, 8639050.732, 120
Trd, 8639052.082, 120
Trd, 8639052.182, 111
Trd, 8639052.532, 101
Trd, 8639053.532, 96
Trd, 8639054.582, 87
Trd, 8639054.632, 116
Trd, 8639054.832, 101
Trd, 8639056.282, 135
Trd, 8639056.332, 134
Trd, 8639057.282, 126
Trd, 8639057.732, 104
Trd, 8639058.382, 132
Trd, 8639059.182, 118
Trd, 8639059.582, 130
Trd, 8639059.632, 101
Trd, 8639060.132, 117
Trd, 8639061.082, 120
Trd, 8639062.632, 119
Trd, 8639063.082, 120
Trd, 8639063.782, 96
Trd, 8639064.682, 93
Trd, 8639065.132, 106
Trd, 8639065.482, 97
Trd, 8639065.982, 114
Trd, 8639066.782, 139
Trd, 8639066.932, 116
Trd, 8639068.032, 85
Trd, 8639068.282, 101
Trd, 8639068.932, 129
Trd, 8639069.382, 94
Trd, 8639069.432, 101
Trd, 8639070.882, 99
Trd, 8639074.382, 136
Trd, 8639074.682, 110
Trd, 8639074.882, 104
Trd, 8639076.032, 112
Trd, 8639078.182, 122
Trd, 8639078.332, 106
Trd, 8639078.982, 135
Trd, 8639080.532, 109
Trd, 8639081.332, 130
Trd, 8639083.132, 117
Trd, 8639083.282, 111
Trd, 8639083.582, 101
Trd, 8639084.232, 100
Trd, 8639084.632, 136
Trd, 8639085.232, 103
Trd, 8639086.182, 89
Trd, 8639088.582, 121
Trd, 8639088.732, 126
Trd, 8639088.932, 120
Trd, 8639089.982, 111
Trd, 8639090.782, 92
Trd, 8639091.082, 139
Trd, 8639092.232, 121
Trd, 8639093.182, 130
Trd, 8639094.532, 120
Trd, 8639094.732, 118
Trd, 8639095.232, 103
Trd, 8639095.782, 93
Trd, 8639096.532, 136
Trd, 8639098.132, 133
Trd, 8639100.532, 124
Trd, 8639101.032, 89
Trd, 8639101.432, 121
Trd, 8639102.082, 116
Trd, 8639102.232, 110
Trd, 8639102.432, 97
Trd, 8639103.082, 136
Trd, 8639103.732, 123
Trd, 8639105.832, 130
Trd, 8639107.332, 122
Trd, 8639108.532, 115
Trd, 8639109.482, 122
Trd, 8639110.432, 108
Trd, 8639111.382, 92
Trd, 8639111.782, 102
Trd, 8639114.032, 121
Trd, 8639115.582, 135
Trd, 8639115.932, 108
Trd, 8639117.032, 88
Trd, 8639118.182, 90
Trd, 8639119.232, 111
Trd, 8639119.732, 86
Trd, 8639120.482, 121
Trd, 8639120.882, 128
Trd, 8639122.432, 140
Trd, 8639123.532, 123
Trd, 8639124.632, 137
Trd, 8639125.482, 129
Trd, 8639126.432, 109
Trd, 8639126.532, 106
Trd, 8639128.332, 137
Trd, 8639128.682, 117
Trd, 8639128.832, 115
Trd, 8639129.732, 118
Trd, 8639131.882, 127
Trd, 8639131.982, 101
Trd, 8639132.532, 91
Trd, 8639133.182, 79
Trd, 8639134.382, 108
Trd, 8639135.932, 104
Trd, 8639135.982, 89
Trd, 8639136.482, 129
Trd, 8639137.432, 136
Trd, 8639138.082, 63
Trd, 8639138.732, 61
Trd, 8639140.582, 92
Trd, 8639141.032, 129
Trd, 8639141.582, 121
Trd, 8639143.782, 106
Trd, 8639143.982, 108
Trd, 8639144.282, 133
Trd, 8639144.432, 101
Trd, 8639145.132, 80
Trd, 8639145.382, 111
Trd, 8639145.882, 115
Trd, 8639146.682, 126
Trd, 8639147.132, 132
Trd, 8639147.632, 97
Trd, 8639148.382, 117
Trd, 8639149.332, 85
Trd, 8639149.382, 115
Trd, 8639150.232, 96
Trd, 8639152.432, 87
Trd, 8639152.632, 121
Trd, 8639153.232, 112
Trd, 8639154.332, 140
Trd, 8639154.682, 117
Trd, 8639155.932, 112
Trd, 8639156.032, 100
Trd, 8639156.682, 75
Trd, 8639156.782, 88
Trd, 8639157.832, 108
Trd, 8639159.132, 127
Trd, 8639159.582, 103
Trd, 8639160.232, 103
Trd, 8639161.182, 135
Trd, 8639162.532, 140
Trd, 8639162.782, 135
Trd, 8639163.482, 110
Trd, 8639163.682, 103
Trd, 8639163.982, 100
Trd, 8639164.982, 76
Trd, 8639165.482, 140
Trd, 8639165.582, 82
Trd, 8639167.232, 111
Trd, 8639167.582, 132
Trd, 8639168.882, 122
Trd, 8639169.632, 114
Trd, 8639169.932, 104
Trd, 8639171.432, 139
Trd, 8639171.782, 111
Trd, 8639171.982, 101
Trd, 8639173.532, 92
Trd, 8639174.332, 139
Trd, 8639174.932, 121
Trd, 8639175.432, 109
Trd, 8639176.482, 110
Trd, 8639178.032, 133
Trd, 8639179.082, 131
Trd, 8639181.382, 119
Trd, 8639182.132, 138
Trd, 8639182.432, 108
Trd, 8639182.932, 99
Trd, 8639183.282, 122
Trd, 8639184.232, 134
Trd, 8639184.882, 140
Trd, 8639186.082, 135
Trd, 8639187.132, 140
Trd, 8639187.232, 126
Trd, 8639187.832, 116
Trd, 8639188.482, 104
Trd, 8639189.332, 96
Trd, 8639191.132, 116
Trd, 8639191.832, 76
Trd, 8639192.082, 87
Trd, 8639192.682, 80
Trd, 8639192.782, 78
Trd, 8639193.832, 92
Trd, 8639195.182, 119
Trd, 8639195.232, 113
Trd, 8639195.682, 131
Trd, 8639196.232, 81
Trd, 8639197.632, 90
Trd, 8639197.682, 101
Trd, 8639199.432, 111
Trd, 8639201.832, 108
Trd, 8639202.182, 130
Trd, 8639202.932, 125
Trd, 8639203.232, 119
Trd, 8639203.682, 108
Trd, 8639203.832, 103
Trd, 8639204.482, 97
Trd, 8639204.782, 90
Trd, 8639206.032, 102
Trd, 8639208.332, 135
Trd, 8639208.632, 134
Trd, 8639209.132, 135
Trd, 8639209.632, 76
Trd, 8639209.932, 130
Trd, 8639212.132, 111
Trd, 8639212.432, 135
Trd, 8639213.932, 109
Trd, 8639215.082, 94
Trd, 8639215.532, 91
Trd, 8639216.482, 85
Trd, 8639216.782, 82
Trd, 8639217.732, 87
Trd, 8639219.032, 138
Trd, 8639219.482, 139
Trd, 8639219.732, 136
Trd, 8639219.832, 124
Trd, 8639220.432, 112
Trd, 8639221.532, 110
Trd, 8639221.582, 101
Trd, 8639222.632, 85
Trd, 8639223.732, 101
Trd, 8639223.882, 88
Trd, 8639224.082, 92
Trd, 8639226.982, 107
Trd, 8639227.132, 103
Trd, 8639227.282, 100
Trd, 8639228.682, 124
Trd, 8639229.782, 72
Trd, 8639230.382, 115
Trd, 8639234.032, 115
Trd, 8639234.082, 108
Trd, 8639234.682, 119
Trd, 8639235.082, 102
Trd, 8639235.332, 95
Trd, 8639236.682, 122
Trd, 8639237.082, 117
Trd, 8639237.282, 118
Trd, 8639239.932, 130
Trd, 8639241.582, 135
Trd, 8639242.482, 93
Trd, 8639243.182, 96
Trd, 8639243.882, 113
Trd, 8639243.932, 106
Trd, 8639245.382, 136
Trd, 8639245.582, 121
Trd, 8639246.282, 107
Trd, 8639246.332, 71
Trd, 8639247.082, 127
Trd, 8639248.132, 71
Trd, 8639248.332, 105
Trd, 8639249.632, 91
Trd, 8639249.982, 126
Trd, 8639250.832, 113
Trd, 8639252.282, 107
Trd, 8639252.732, 128
Trd, 8639252.982, 140
Trd, 8639253.782, 109
Trd, 8639254.032, 93
Trd, 8639254.782, 90
Trd, 8639254.832, 95
Trd, 8639254.882, 127
Trd, 8639255.182, 70
Trd, 8639255.982, 104
Trd, 8639257.232, 68
Trd, 8639257.732, 113
Trd, 8639260.532, 82
Trd, 8639260.732, 113
Trd, 8639260.782, 80
Trd, 8639262.082, 137
Trd, 8639262.432, 113
Trd, 8639265.732, 119
Trd, 8639266.432, 115
Trd, 8639267.582, 139
Trd, 8639269.532, 114
Trd, 8639269.982, 92
Trd, 8639270.182, 114
Trd, 8639271.682, 116
Trd, 8639272.482, 115
Trd, 8639272.782, 95
Trd, 8639273.132, 85
Trd, 8639274.082, 126
Trd, 8639275.282, 132
Trd, 8639275.832, 109
Trd, 8639277.132, 123
Trd, 8639277.482, 119
Trd, 8639278.332, 114
Trd, 8639279.082, 114
Trd, 8639280.082, 125
Trd, 8639282.232, 100
Trd, 8639283.082, 111
Trd, 8639283.982, 104
Trd, 8639284.132, 96
Trd, 8639285.532, 135
Trd, 8639287.032, 131
Trd, 8639287.332, 121
Trd, 8639287.882, 130
Trd, 8639289.782, 138
Trd, 8639289.982, 123
Trd, 8639290.382, 108
Trd, 8639291.582, 131
Trd, 8639292.132, 132
Trd, 8639292.432, 127
Trd, 8639293.832, 131
Trd, 8639294.082, 124
Trd, 8639295.832, 117
Trd, 8639296.382, 121
Trd, 8639297.132, 99
Trd, 8639297.832, 109
Trd, 8639298.082, 78
Trd, 8639298.432, 67
Trd, 8639299.482, 134
Trd, 8639299.882, 128
Trd, 8639300.232, 96
Trd, 8639301.532, 88
Trd, 8639302.382, 138
Trd, 8639305.532, 137
Trd, 8639305.582, 130
Trd, 8639305.882, 132
Trd, 8639309.532, 132
Trd, 8639309.632, 100
Trd, 8639309.882, 95
Trd, 8639310.482, 110
Trd, 8639310.932, 124
Trd, 8639312.282, 110
Trd, 8639312.382, 114
Trd, 8639314.482, 132
Trd, 8639314.882, 78
Trd, 8639314.982, 89
Trd, 8639316.032, 94
Trd, 8639316.682, 121
Trd, 8639317.032, 116
Trd, 8639318.532, 103
Trd, 8639319.332, 124
Trd, 8639320.732, 137
Trd, 8639320.782, 122
Trd, 8639321.782, 115
Trd, 8639324.232, 114
Trd, 8639324.332, 110
Trd, 8639324.432, 92
Trd, 8639324.582, 89
Trd, 8639325.882, 101
Trd, 8639326.582, 123
Trd, 8639328.632, 116
Trd, 8639329.532, 125
Trd, 8639330.482, 117
Trd, 8639331.482, 132
Trd, 8639331.682, 99
Trd, 8639333.282, 114
Trd, 8639333.732, 130
Trd, 8639335.082, 138
Trd, 8639335.482, 132
Trd, 8639335.982, 121
Trd, 8639336.282, 113
Trd, 8639337.832, 138
Trd, 8639339.082, 95
Trd, 8639339.382, 122
Trd, 8639339.932, 83
Trd, 8639342.532, 92
Trd, 8639343.232, 135
Trd, 8639343.432, 78
Trd, 8639343.732, 95
Trd, 8639344.732, 128
Trd, 8639344.832, 118
Trd, 8639345.432, 122
Trd, 8639345.682, 119
Trd, 8639345.832, 117
Trd, 8639346.282, 94
Trd, 8639347.182, 97
Trd, 8639348.132, 76
Trd, 8639348.932, 77
Trd, 8639350.182, 72
Trd, 8639350.932, 90
Trd, 8639351.382, 111
Trd, 8639351.832, 72
Trd, 8639354.832, 135
Trd, 8639354.882, 130
Trd, 8639356.632, 114
Trd, 8639357.332, 117
Trd, 8639358.732, 127
Trd, 8639358.832, 114
Trd, 8639359.232, 110
Trd, 8639359.382, 102
Trd, 8639361.132, 124
Trd, 8639361.582, 118
Trd, 8639362.382, 116
Trd, 8639363.332, 106
Trd, 8639363.532, 129
Trd, 8639363.882, 126
Trd, 8639364.432, 106
Trd, 8639365.332, 89
Trd, 8639366.032, 90
Trd, 8639367.782, 134
Trd, 8639370.282, 129
Trd, 8639370.582, 132
Trd, 8639371.232, 128
Trd, 8639371.432, 108
Trd, 8639371.632, 106
Trd, 8639371.882, 94
Trd, 8639372.332, 94
Trd, 8639373.882, 119
Trd, 8639374.232, 106
Trd, 8639374.732, 122
Trd, 8639375.132, 121
Trd, 8639378.682, 134
Trd, 8639379.632, 132
Trd, 8639379.832, 109
Trd, 8639380.382, 101
Trd, 8639380.982, 90
Trd, 8639382.432, 127
Trd, 8639382.832, 95
Trd, 8639382.932, 87
Trd, 8639385.232, 138
Trd, 8639385.482, 130
Trd, 8639386.732, 91
Trd, 8639386.982, 80
Trd, 8639388.482, 117
Trd, 8639389.232, 122
Trd, 8639389.782, 97
Trd, 8639390.332, 106
Trd, 8639392.182, 99
Trd, 8639393.882, 84
Trd, 8639394.232, 77
Trd, 8639395.132, 112
Trd, 8639395.632, 82
Trd, 8639395.732, 99
Trd, 8639397.332, 111
Trd, 8639398.432, 138
Trd, 8639399.082, 130
Trd, 8639399.182, 123
Trd, 8639399.982, 104
Trd, 8639400.982, 123
Trd, 8639403.582, 134
Trd, 8639403.732, 129
Trd, 8639404.082, 128
Trd, 8639404.982, 113
Trd, 8639405.882, 123
Trd, 8639406.632, 113
Trd, 8639407.532, 137
Trd, 8639407.732, 115
Trd, 8639408.582, 135
Trd, 8639409.632, 121
Trd, 8639411.132, 103
Trd, 8639411.182, 104
Trd, 8639411.382, 98
Trd, 8639412.232, 119
Trd, 8639412.982, 116
Trd, 8639413.432, 94
Trd, 8639415.832, 118
Trd, 8639415.982, 115
Trd, 8639417.682, 138
Trd, 8639418.882, 136
Trd, 8639419.082, 135
Trd, 8639419.882, 123
Trd, 8639420.782, 108
Trd, 8639421.832, 130
Trd, 8639422.232, 102
Trd, 8639423.182, 126
Trd, 8639423.732, 137
Trd, 8639425.382, 134
Trd, 8639425.932, 117
Trd, 8639426.332, 106
Trd, 8639426.682, 91
Trd, 8639428.782, 126
Trd, 8639429.732, 140
Trd, 8639430.032, 134
Trd, 8639430.582, 108
Trd, 8639430.932, 100
Trd, 8639431.682, 131
Trd, 8639431.982, 125
Trd, 8639432.282, 104
Trd, 8639434.682, 124
Trd, 8639436.232, 107
Trd, 8639438.032, 114
Trd, 8639438.982, 121
Trd, 8639439.482, 93
Trd, 8639439.882, 128
Trd, 8639440.032, 123
Trd, 8639440.132, 95
Trd, 8639440.882, 113
Trd, 8639442.282, 114
Trd, 8639442.782, 116
Trd, 8639443.582, 121
Trd, 8639444.382, 122
Trd, 8639444.732, 103
Trd, 8639446.732, 100
Trd, 8639447.782, 105
Trd, 8639448.582, 135
Trd, 8639449.132, 94
Trd, 8639450.332, 126
Trd, 8639450.832, 107
Trd, 8639452.482, 126
Trd, 8639452.582, 125
Trd, 8639453.182, 124
Trd, 8639453.882, 116
Trd, 8639454.382, 127
Trd, 8639455.232, 118
Trd, 8639455.682, 109
Trd, 8639456.682, 139
Trd, 8639457.032, 89
Trd, 8639457.232, 90
Trd, 8639457.632, 117
Trd, 8639458.282, 94
Trd, 8639459.782, 118
Trd, 8639460.282, 113
Trd, 8639460.782, 101
Trd, 8639462.782, 87
Trd, 8639463.232, 82
Trd, 8639464.332, 92
Trd, 8639465.782, 129
Trd, 8639466.532, 118
Trd, 8639466.932, 107
Trd, 8639467.832, 140
Trd, 8639468.282, 128
Trd, 8639469.732, 116
Trd, 8639471.632, 111
Trd, 8639473.232, 136
Trd, 8639473.432, 111
Trd, 8639474.332, 104
Trd, 8639474.732, 130
Trd, 8639474.832, 100
Trd, 8639474.982, 91
Trd, 8639476.282, 111
Trd, 8639476.482, 92
Trd, 8639478.682, 104
Trd, 8639480.332, 118
Trd, 8639480.632, 107
Trd, 8639481.332, 123
Trd, 8639481.482, 102
Trd, 8639484.782, 127
Trd, 8639484.932, 126
Trd, 8639485.582, 100
Trd, 8639485.682, 105
Trd, 8639486.132, 139
Trd, 8639488.782, 122
Trd, 8639488.932, 117
Trd, 8639490.382, 109
Trd, 8639490.682, 107
Trd, 8639491.282, 100
Trd, 8639491.382, 134
Trd, 8639493.082, 100
Trd, 8639493.532, 88
Trd, 8639494.132, 109
Trd, 8639494.882, 102
Trd, 8639495.282, 74
Trd, 8639495.732, 103
Trd, 8639496.032, 102
Trd, 8639496.732, 100
Trd, 8639497.582, 127
Trd, 8639498.932, 118
Trd, 8639499.282, 109
Trd, 8639499.532, 81
Trd, 8639500.782, 85
Trd, 8639502.082, 97
Trd, 8639502.232, 72
Trd, 8639502.982, 111
Trd, 8639504.032, 118
Trd, 8639504.132, 82
Trd, 8639505.682, 102
Trd, 8639506.332, 118
Trd, 8639506.582, 91
Trd, 8639507.132, 86
Trd, 8639509.682, 136
Trd, 8639510.232, 121
Trd, 8639511.332, 136
Trd, 8639511.532, 112
Trd, 8639511.682, 111
Trd, 8639513.132, 140
Trd, 8639513.782, 136
Trd, 8639514.782, 113
Trd, 8639516.582, 121
Trd, 8639517.332, 138
Trd, 8639518.582, 112
Trd, 8639519.232, 102
Trd, 8639520.382, 89
Trd, 8639520.482, 85
Trd, 8639521.332, 122
Trd, 8639521.832, 137
Trd, 8639522.232, 113
Trd, 8639522.832, 128
Trd, 8639523.132, 136
Trd, 8639524.632, 133
Trd, 8639524.782, 122
Trd, 8639524.882, 113
Trd, 8639525.432, 109
Trd, 8639529.132, 120
Trd, 8639530.232, 130
Trd, 8639531.032, 107
Trd, 8639531.632, 106
Trd, 8639532.482, 108
Trd, 8639532.782, 101
Trd, 8639534.332, 93
Trd, 8639535.232, 115
Trd, 8639536.482, 127
Trd, 8639536.532, 124
Trd, 8639536.582, 106
Trd, 8639538.532, 123
Trd, 8639538.632, 109
Trd, 8639538.782, 124
Trd, 8639539.332, 135
Trd, 8639540.432, 136
Trd, 8639540.882, 131
Trd, 8639542.432, 85
Trd, 8639544.482, 107
Trd, 8639544.932, 131
Trd, 8639544.982, 117
Trd, 8639545.082, 114
Trd, 8639545.282, 95
Trd, 8639545.782, 91
Trd, 8639548.032, 130
Trd, 8639548.632, 112
Trd, 8639548.882, 97
Trd, 8639549.632, 103
Trd, 8639550.732, 106
Trd, 8639551.182, 126
Trd, 8639551.532, 114
Trd, 8639553.582, 95
Trd, 8639554.032, 89
Trd, 8639554.732, 112
Trd, 8639555.682, 121
Trd, 8639556.582, 140
Trd, 8639556.732, 129
Trd, 8639557.182, 114
Trd, 8639557.482, 110
Trd, 8639558.332, 108
Trd, 8639560.432, 124
Trd, 8639560.482, 108
Trd, 8639561.482, 123
Trd, 8639561.932, 95
Trd, 8639563.282, 119
Trd, 8639563.882, 131
Trd, 8639566.882, 139
Trd, 8639566.932, 130
Trd, 8639567.782, 125
Trd, 8639568.482, 140
Trd, 8639569.132, 135
Trd, 8639569.782, 124
Trd, 8639570.382, 138
Trd, 8639570.432, 115
Trd, 8639571.832, 127
Trd, 8639572.782, 126
Trd, 8639573.232, 126
Trd, 8639574.282, 110
Trd, 8639575.832, 128
Trd, 8639577.382, 117
Trd, 8639577.832, 106
Trd, 8639578.582, 98
Trd, 8639579.332, 127
Trd, 8639579.632, 103
Trd, 8639580.382, 86
Trd, 8639582.032, 110
Trd, 8639582.232, 113
Trd, 8639582.932, 107
Trd, 8639583.282, 135
Trd, 8639585.532, 120
Trd, 8639587.132, 125
Trd, 8639587.232, 123
Trd, 8639588.382, 128
Trd, 8639588.632, 102
Trd, 8639588.682, 95
Trd, 8639589.232, 82
Trd, 8639590.032, 124
Trd, 8639590.132, 107
Trd, 8639590.682, 113
Trd, 8639592.132, 99
Trd, 8639594.032, 126
Trd, 8639594.582, 139
Trd, 8639595.882, 122
Trd, 8639596.632, 138
Trd, 8639596.682, 131
Trd, 8639598.282, 106
Trd, 8639598.332, 76
Trd, 8639598.482, 137
Trd, 8639599.932, 89
Trd, 8639601.432, 105
Trd, 8639602.582, 99
Trd, 8639602.732, 130
Trd, 8639602.932, 107
Trd, 8639603.482, 84
Trd, 8639604.282, 77
Trd, 8639604.732, 140
Trd, 8639605.332, 94
Trd, 8639605.882, 133
Trd, 8639606.832, 103
Trd, 8639607.832, 111
Trd, 8639608.182, 116
Trd, 8639608.482, 99
Trd, 8639610.432, 129
Trd, 8639610.832, 123
Trd, 8639612.132, 131
Trd, 8639612.282, 118
Trd, 8639612.482, 106
Trd, 8639613.732, 99
Trd, 8639615.332, 105
Trd, 8639615.732, 117
Trd, 8639615.932, 92
Trd, 8639616.832, 90
Trd, 8639617.132, 140
Trd, 8639619.932, 126
Trd, 8639621.132, 97
Trd, 8639622.332, 129
Trd, 8639623.232, 90
Trd, 8639623.682, 110
Trd, 8639624.682, 131
Trd, 8639625.482, 136
Trd, 8639625.732, 132
Trd, 8639625.832, 129
Trd, 8639626.282, 114
Trd, 8639627.232, 99
Trd, 8639627.632, 117
Trd, 8639629.832, 114
Trd, 8639630.782, 88
Trd, 8639631.182, 99
Trd, 8639632.682, 133
Trd, 8639632.982, 129
Trd, 8639633.782, 122
Trd, 8639636.582, 123
Trd, 8639637.732, 114
Trd, 8639637.882, 111
Trd, 8639637.932, 106
Trd, 8639638.232, 86
Trd, 8639638.582, 138
Trd, 8639638.682, 131
Trd, 8639639.782, 80
Trd, 8639641.232, 61
Trd, 8639642.082, 95
Trd, 8639642.632, 110
Trd, 8639643.832, 101
Trd, 8639645.582, 104
Trd, 8639647.982, 127
Trd, 8639648.782, 139
Trd, 8639649.632, 120
Trd, 8639649.832, 102
Trd, 8639650.682, 123
Trd, 8639651.182, 118
Trd, 8639651.532, 133
Trd, 8639653.332, 82
Trd, 8639653.932, 67
Trd, 8639654.682, 123
Trd, 8639655.232, 128
Trd, 8639658.432, 121
Trd, 8639659.582, 127
Trd, 8639660.032, 133
Trd, 8639660.132, 121
Trd, 8639660.182, 113
Trd, 8639661.732, 91
Trd, 8639662.332, 119
Trd, 8639662.882, 80
Trd, 8639663.032, 88
Trd, 8639664.032, 123
Trd, 8639665.582, 72
Trd, 8639666.132, 109
Trd, 8639668.932, 133
Trd, 8639671.332, 119
Trd, 8639672.232, 126
Trd, 8639672.832, 139
Trd, 8639672.932, 124
Trd, 8639673.032, 103
Trd, 8639674.032, 104
Trd, 8639674.982, 108
Trd, 8639675.632, 132
Trd, 8639676.782, 97
Trd, 8639677.232, 70
Trd, 8639679.232, 84
Trd, 8639679.982, 92
Trd, 8639680.132, 111
Trd, 8639680.232, 78
Trd, 8639680.732, 76
Trd, 8639682.882, 139
Trd, 8639684.032, 137
Trd, 8639684.982, 105
Trd, 8639685.932, 93
Trd, 8639687.432, 116
Trd, 8639687.532, 110
Trd, 8639688.082, 107
Trd, 8639688.632, 112
Trd, 8639689.532, 105
Trd, 8639690.182, 121
Trd, 8639692.632, 133
Trd, 8639692.782, 109
Trd, 8639692.932, 109
Trd, 8639694.782, 108
Trd, 8639696.432, 117
Trd, 8639696.732, 112
Trd, 8639697.432, 105
Trd, 8639698.282, 134
Trd, 8639698.382, 105
Trd, 8639698.732, 103
Trd, 8639699.382, 104
Trd, 8639700.332, 94
Trd, 8639700.982, 100
Trd, 8639701.232, 91
Trd, 8639702.732, 99
Trd, 8639705.282, 121
Trd, 8639706.182, 97
Trd, 8639707.282, 128
Trd, 8639707.782, 108
Trd, 8639708.632, 139
Trd, 8639709.032, 122
Trd, 8639709.382, 122
Trd, 8639710.432, 123
Trd, 8639711.032, 123
Trd, 8639711.232, 116
Trd, 8639711.682, 120
Trd, 8639712.382, 103
Trd, 8639713.032, 112
Trd, 8639716.382, 125
Trd, 8639716.932, 136
Trd, 8639717.332, 114
Trd, 8639717.582, 101
Trd, 8639717.982, 128
Trd, 8639718.632, 133
Trd, 8639718.882, 97
Trd, 8639719.982, 112
Trd, 8639720.732, 102
Trd, 8639722.032, 98
Trd, 8639722.432, 79
Trd, 8639724.082, 127
Trd, 8639724.582, 113
Trd, 8639725.782, 97
Trd, 8639726.282, 111
Trd, 8639726.682, 86
Trd, 8639728.932, 117
Trd, 8639729.332, 122
Trd, 8639730.732, 127
Trd, 8639730.832, 95
Trd, 8639731.882, 139
Trd, 8639732.732, 126
Trd, 8639734.182, 105
Trd, 8639734.332, 110
Trd, 8639734.832, 104
Trd, 8639735.582, 113
Trd, 8639736.782, 83
Trd, 8639737.882, 112
Trd, 8639738.132, 101
Trd, 8639738.882, 110
Trd, 8639739.882, 140
Trd, 8639742.332, 135
Trd, 8639742.882, 124
Trd, 8639743.132, 112
Trd, 8639743.282, 115
Trd, 8639744.082, 116
Trd, 8639744.182, 114
Trd, 8639744.932, 105
Trd, 8639746.632, 102
Trd, 8639747.432, 116
Trd, 8639747.882, 115
Trd, 8639749.332, 101
Trd, 8639749.932, 97
Trd, 8639749.982, 90
Trd, 8639750.632, 131
Trd, 8639751.732, 110
Trd, 8639753.832, 127
Trd, 8639754.482, 124
Trd, 8639754.732, 124
Trd, 8639754.982, 102
Trd, 8639755.682, 135
Trd, 8639757.482, 127
Trd, 8639758.082, 107
Trd, 8639758.832, 116
Trd, 8639759.182, 126
Trd, 8639760.232, 134
Trd, 8639760.382, 127
Trd, 8639761.082, 90
Trd, 8639761.332, 128
Trd, 8639761.482, 85
Trd, 8639763.782, 104
Trd, 8639764.632, 111
Trd, 8639764.732, 87
Trd, 8639765.282, 118
Trd, 8639766.482, 109
Trd, 8639766.632, 103
Trd, 8639767.382, 133
Trd, 8639768.432, 138
Trd, 8639769.632, 87
Trd, 8639771.132, 115
Trd, 8639771.782, 109
Trd, 8639772.682, 139
Trd, 8639773.032, 126
Trd, 8639773.832, 131
Trd, 8639773.932, 117
Trd, 8639775.482, 134
Trd, 8639775.982, 113
Trd, 8639776.532, 108
Trd, 8639776.582, 98
Trd, 8639779.832, 137
Trd, 8639780.132, 121
Trd, 8639780.482, 119
Trd, 8639780.532, 110
Trd, 8639780.882, 85
Trd, 8639782.232, 137
Trd, 8639782.582, 133
Trd, 8639784.332, 136
Trd, 8639785.182, 132
Trd, 8639785.482, 112
Trd, 8639786.082, 84
Trd, 8639786.132, 127
Trd, 8639786.432, 87
Trd, 8639788.582, 137
Trd, 8639789.382, 139
Trd, 8639790.082, 105
Trd, 8639790.332, 101
Trd, 8639791.482, 115
Trd, 8639793.082, 102
Trd, 8639793.932, 138
Trd, 8639794.632, 123
Trd, 8639794.932, 121
Trd, 8639795.182, 115
Trd, 8639795.582, 116
Trd, 8639796.082, 132
Trd, 8639796.532, 118
Trd, 8639797.682, 91
Trd, 8639798.532, 118
Trd, 8639799.382, 126
Trd, 8639799.532, 124
Trd, 8639799.832, 117
Trd, 8639800.232, 94
Trd, 8639800.882, 107
Trd, 8639801.932, 126
Trd, 8639802.032, 113
Trd, 8639803.382, 117
Trd, 8639804.982, 92
Trd, 8639805.032, 131
Trd, 8639805.282, 88
Trd, 8639805.632, 81
Trd, 8639806.282, 96
Trd, 8639808.432, 72
Trd, 8639809.932, 123
Trd, 8639811.932, 139
Trd, 8639813.232, 130
Trd, 8639813.682, 110
Trd, 8639815.532, 134
Trd, 8639816.032, 121
Trd, 8639816.682, 84
Trd, 8639819.182, 136
Trd, 8639819.932, 137
Trd, 8639820.032, 126
Trd, 8639821.032, 106
Trd, 8639821.282, 125
Trd, 8639822.732, 138
Trd, 8639823.582, 130
Trd, 8639824.132, 97
Trd, 8639824.532, 129
Trd, 8639825.182, 134
Trd, 8639825.782, 138
Trd, 8639825.932, 105
Trd, 8639826.582, 90
Trd, 8639826.832, 69
Trd, 8639828.432, 106
Trd, 8639829.582, 134
Trd, 8639829.882, 130
Trd, 8639831.732, 113
Trd, 8639831.882, 95
Trd, 8639832.032, 138
Trd, 8639833.082, 93
Trd, 8639833.782, 131
Trd, 8639834.382, 89
Trd, 8639835.482, 122
Trd, 8639835.832, 107
Trd, 8639836.332, 124
Trd, 8639837.982, 133
Trd, 8639839.082, 140
Trd, 8639839.582, 130
Trd, 8639840.232, 110
Trd, 8639840.632, 101
Trd, 8639841.032, 105
Trd, 8639841.282, 98
Trd, 8639841.682, 87
Trd, 8639844.282, 129
Trd, 8639845.232, 109
Trd, 8639845.482, 109
Trd, 8639846.382, 119
Trd, 8639846.482, 115
Trd, 8639846.982, 132
Trd, 8639848.882, 88
Trd, 8639851.432, 121
Trd, 8639852.282, 140
Trd, 8639852.982, 120
Trd, 8639853.332, 124
Trd, 8639854.532, 98
Trd, 8639854.632, 96
Trd, 8639855.882, 103
Trd, 8639858.882, 137
Trd, 8639859.732, 139
Trd, 8639859.932, 117
Trd, 8639860.732, 114
Trd, 8639861.382, 93
Trd, 8639861.882, 92
Trd, 8639862.232, 113
Trd, 8639863.582, 93
Trd, 8639864.532, 71
Trd, 8639865.582, 80
Trd, 8639865.982, 94
Trd, 8639866.632, 82
Trd, 8639868.382, 115
Trd, 8639868.432, 99
Trd, 8639868.732, 103
Trd, 8639870.082, 97
Trd, 8639871.282, 131
Trd, 8639871.432, 87
Trd, 8639871.982, 77
Trd, 8639873.132, 121
Trd, 8639873.882, 113
Trd, 8639877.682, 126
Trd, 8639878.332, 134
Trd, 8639879.132, 105
Trd, 8639880.332, 118
Trd, 8639880.832, 109
Trd, 8639880.982, 107
Trd, 8639881.382, 97
Trd, 8639882.182, 108
Trd, 8639883.132, 122
Trd, 8639883.682, 105
Trd, 8639886.282, 116
Trd, 8639887.582, 138
Trd, 8639887.982, 122
Trd, 8639888.382, 114
Trd, 8639888.482, 112
Trd, 8639888.582, 119
Trd, 8639889.482, 138
Trd, 8639890.732, 110
Trd, 8639891.482, 109
Trd, 8639892.682, 91
Trd, 8639893.182, 114
Trd, 8639894.632, 123
Trd, 8639895.232, 122
Trd, 8639895.682, 120
Trd, 8639896.232, 126
Trd, 8639897.832, 134
Trd, 8639899.032, 132
Trd, 8639899.882, 109
Trd, 8639900.382, 105
Trd, 8639901.782, 100
Trd, 8639902.032, 99
Trd, 8639902.582, 130
Trd, 8639902.682, 103
Trd, 8639904.282, 134
Trd, 8639905.982, 122
Trd, 8639906.332, 111
Trd, 8639907.982, 126
Trd, 8639908.682, 139
Trd, 8639909.732, 140
Trd, 8639909.832, 137
Trd, 8639910.982, 128
Trd, 8639913.382, 104
Trd, 8639914.182, 135
Trd, 8639914.632, 115
Trd, 8639915.382, 108
Trd, 8639915.782, 103
Trd, 8639916.532, 98
Trd, 8639917.232, 98
Trd, 8639918.082, 108
Trd, 8639918.532, 103
Trd, 8639918.732, 87
Trd, 8639918.882, 70
Trd, 8639920.232, 72
Trd, 8639921.882, 91
Trd, 8639922.082, 108
Trd, 8639924.132, 117
Trd, 8639924.182, 115
Trd, 8639925.732, 117
Trd, 8639926.682, 116
Trd, 8639928.032, 107
Trd, 8639928.332, 114
Trd, 8639929.032, 114
Trd, 8639929.432, 122
Trd, 8639929.682, 92
Trd, 8639931.682, 116
Trd, 8639931.832, 137
Trd, 8639932.032, 131
Trd, 8639932.382, 95
Trd, 8639933.632, 112
Trd, 8639934.582, 126
Trd, 8639935.132, 118
Trd, 8639935.732, 139
Trd, 8639937.832, 102
Trd, 8639939.882, 136
Trd, 8639940.232, 113
Trd, 8639942.382, 131
Trd, 8639942.682, 127
Trd, 8639942.982, 132
Trd, 8639943.582, 113
Trd, 8639944.182, 108
Trd, 8639945.032, 104
Trd, 8639945.682, 91
Trd, 8639946.682, 118
Trd, 8639946.782, 96
Trd, 8639947.382, 81
Trd, 8639948.382, 116
Trd, 8639948.632, 130
Trd, 8639949.082, 88
Trd, 8639950.332, 72
Trd, 8639952.182, 128
Trd, 8639952.332, 117
Trd, 8639953.382, 106
Trd, 8639955.282, 124
Trd, 8639956.032, 122
Trd, 8639956.582, 121
Trd, 8639957.282, 127
Trd, 8639957.532, 121
Trd, 8639958.982, 91
Trd, 8639959.332, 89
Trd, 8639960.682, 138
Trd, 8639960.732, 124
Trd, 8639961.382, 104
Trd, 8639962.832, 86
Trd, 8639963.582, 130
Trd, 8639964.782, 129
Trd, 8639965.882, 128
Trd, 8639965.982, 97
Trd, 8639967.282, 88
Trd, 8639968.832, 116
Trd, 8639969.282, 84
Trd, 8639969.932, 102
Trd, 8639970.432, 124
Trd, 8639971.582, 135
Trd, 8639975.882, 104
Trd, 8639977.232, 139
Trd, 8639977.632, 140
Trd, 8639977.782, 131
Trd, 8639978.332, 128
Trd, 8639980.282, 118
Trd, 8639980.932, 118
Trd, 8639981.982, 112
Trd, 8639982.582, 99
Trd, 8639983.132, 87
Trd, 8639984.332, 91
Trd, 8639985.532, 124
Trd, 8639985.682, 105
Trd, 8639986.832, 129
Trd, 8639987.932, 102
Trd, 8639988.632, 140
Trd, 8639988.782, 140
Trd, 8639990.382, 106
Trd, 8639991.232, 106
Trd, 8639991.882, 105
Trd, 8639992.082, 94
Trd, 8639992.282, 111
Trd, 8639994.582, 98
Trd, 8639995.082, 91
Trd, 8639996.932, 120
Trd, 8639997.532, 135
Trd, 8639997.732, 106
Trd, 8639998.132, 127
Trd, 8639999.582, 103
Trd, 8639999.682, 92
