Trd, 8638028.232, 64
Trd, 8638029.232, 60
Trd, 8638030.132, 60
Trd, 8638030.432, 60
Trd, 8638030.482, 60
Trd, 8638031.332, 60
Trd, 8638031.632, 60
Trd, 8638032.282, 140
Trd, 8638033.982, 62
Trd, 8638034.232, 63
Trd, 8638036.732, 140
Trd, 8638037.482, 140
Trd, 8638039.682, 140
Trd, 8638040.682, 140
Trd, 8638041.632, 140
Trd, 8638043.132, 140
Trd, 8638043.282, 140
Trd, 8638044.982, 140
Trd, 8638045.082, 140
Trd, 8638045.382, 140
Trd, 8638046.532, 138
Trd, 8638046.582, 139
Trd, 8638048.132, 140
Trd, 8638048.982, 139
Trd, 8638049.882, 90
Trd, 8638052.632, 140
Trd, 8638053.332, 140
Trd, 8638053.682, 140
Trd, 8638053.782, 140
Trd, 8638054.782, 139
Trd, 8638054.932, 140
Trd, 8638055.382, 140
Trd, 8638056.432, 117
Trd, 8638057.032, 137
Trd, 8638057.432, 124
Trd, 8638058.882, 100
Trd, 8638060.432, 125
Trd, 8638062.082, 120
Trd, 8638062.182, 96
Trd, 8638062.482, 96
Trd, 8638063.132, 121
Trd, 8638063.582, 120
Trd, 8638063.832, 111
Trd, 8638064.282, 121
Trd, 8638064.982, 109
Trd, 8638065.282, 107
Trd, 8638065.732, 115
Trd, 8638067.782, 98
Trd, 8638068.532, 108
Trd, 8638071.732, 98
Trd, 8638071.782, 100
Trd, 8638072.232, 100
Trd, 8638072.782, 97
Trd, 8638072.932, 97
Trd, 8638073.382, 95
Trd, 8638075.532, 95
Trd, 8638076.082, 95
Trd, 8638076.232, 92
Trd, 8638076.582, 95
Trd, 8638076.982, 96
Trd, 8638077.082, 99
Trd, 8638078.232, 126
Trd, 8638078.982, 62
Trd, 8638080.182, 124
Trd, 8638081.082, 121
Trd, 8638083.332, 96
Trd, 8638083.382, 95
Trd, 8638084.982, 98
Trd, 8638086.282, 119
Trd, 8638087.032, 115
Trd, 8638087.382, 105
Trd, 8638087.632, 114
Trd, 8638088.682, 80
Trd, 8638088.782, 126
Trd, 8638090.482, 140
Trd, 8638093.732, 140
Trd, 8638094.282, 140
Trd, 8638094.332, 140
Trd, 8638094.832, 140
Trd, 8638095.182, 140
Trd, 8638097.532, 140
Trd, 8638097.932, 140
Trd, 8638097.982, 140
Trd, 8638098.132, 140
Trd, 8638099.132, 139
Trd, 8638099.582, 139
Trd, 8638102.682, 125
Trd, 8638102.932, 124
Trd, 8638103.932, 136
Trd, 8638104.582, 140
Trd, 8638105.532, 133
Trd, 8638105.682, 132
Trd, 8638105.982, 115
Trd, 8638107.832, 140
Trd, 8638108.382, 113
Trd, 8638112.732, 140
Trd, 8638113.732, 140
Trd, 8638114.332, 140
Trd, 8638117.732, 140
Trd, 8638118.482, 140
Trd, 8638118.782, 140
Trd, 8638119.032, 140
Trd, 8638120.832, 112
Trd, 8638121.032, 106
Trd, 8638121.432, 132
Trd, 8638121.882, 133
Trd, 8638122.682, 109
Trd, 8638123.732, 128
Trd, 8638125.482, 112
Trd, 8638127.182, 115
Trd, 8638127.432, 116
Trd, 8638127.532, 115
Trd, 8638127.932, 116
Trd, 8638128.282, 85
Trd, 8638128.732, 84
Trd, 8638129.332, 140
Trd, 8638130.782, 140
Trd, 8638133.282, 135
Trd, 8638134.182, 125
Trd, 8638136.632, 129
Trd, 8638137.582, 140
Trd, 8638137.682, 140
Trd, 8638137.882, 140
Trd, 8638138.982, 133
Trd, 8638139.332, 116
Trd, 8638139.482, 133
Trd, 8638139.932, 75
Trd, 8638140.382, 69
Trd, 8638140.482, 130
Trd, 8638141.432, 62
Trd, 8638145.182, 95
Trd, 8638145.382, 119
Trd, 8638146.932, 85
Trd, 8638147.582, 109
Trd, 8638148.382, 89
Trd, 8638150.482, 103
Trd, 8638150.782, 91
Trd, 8638151.932, 97
Trd, 8638152.332, 99
Trd, 8638152.532, 95
Trd, 8638153.232, 94
Trd, 8638153.332, 104
Trd, 8638154.182, 94
Trd, 8638154.232, 68
Trd, 8638155.032, 67
Trd, 8638157.182, 83
Trd, 8638158.282, 68
Trd, 8638158.382, 83
Trd, 8638158.432, 84
Trd, 8638159.232, 84
Trd, 8638159.582, 73
Trd, 8638162.482, 117
Trd, 8638163.132, 114
Trd, 8638163.632, 139
Trd, 8638164.882, 140
Trd, 8638166.232, 140
Trd, 8638166.682, 140
Trd, 8638167.332, 137
Trd, 8638168.532, 140
Trd, 8638170.732, 140
Trd, 8638172.232, 140
Trd, 8638172.332, 140
Trd, 8638172.732, 138
Trd, 8638173.282, 139
Trd, 8638173.732, 139
Trd, 8638173.832, 126
Trd, 8638175.182, 114
Trd, 8638176.782, 99
Trd, 8638177.332, 127
Trd, 8638178.532, 114
Trd, 8638179.982, 76
Trd, 8638180.732, 107
Trd, 8638181.682, 125
Trd, 8638183.532, 140
Trd, 8638184.682, 140
Trd, 8638184.732, 140
Trd, 8638184.932, 136
Trd, 8638186.182, 108
Trd, 8638187.832, 139
Trd, 8638189.632, 140
Trd, 8638190.832, 140
Trd, 8638191.332, 140
Trd, 8638193.132, 140
Trd, 8638194.432, 140
Trd, 8638196.682, 140
Trd, 8638197.582, 140
Trd, 8638197.782, 140
Trd, 8638199.282, 140
Trd, 8638199.532, 140
Trd, 8638199.682, 138
Trd, 8638202.032, 140
Trd, 8638202.482, 140
Trd, 8638202.782, 140
Trd, 8638203.132, 140
Trd, 8638204.332, 140
Trd, 8638204.832, 139
Trd, 8638206.282, 137
Trd, 8638208.882, 140
Trd, 8638213.432, 140
Trd, 8638213.582, 140
Trd, 8638215.632, 140
Trd, 8638216.282, 140
Trd, 8638216.582, 140
Trd, 8638217.682, 140
Trd, 8638218.282, 140
Trd, 8638218.532, 140
Trd, 8638218.582, 140
Trd, 8638218.932, 138
Trd, 8638220.132, 102
Trd, 8638223.932, 140
Trd, 8638225.132, 140
Trd, 8638226.732, 140
Trd, 8638227.132, 140
Trd, 8638227.682, 140
Trd, 8638229.782, 140
Trd, 8638232.382, 140
Trd, 8638233.282, 140
Trd, 8638233.382, 140
Trd, 8638234.532, 139
Trd, 8638234.882, 137
Trd, 8638235.232, 139
Trd, 8638235.682, 126
Trd, 8638236.982, 126
Trd, 8638239.232, 126
Trd, 8638239.632, 123
Trd, 8638239.682, 124
Trd, 8638241.882, 128
Trd, 8638242.482, 125
Trd, 8638242.532, 124
Trd, 8638244.732, 111
Trd, 8638245.382, 90
Trd, 8638247.532, 140
Trd, 8638249.032, 140
Trd, 8638249.932, 140
Trd, 8638251.132, 140
Trd, 8638251.532, 140
Trd, 8638251.582, 140
Trd, 8638251.832, 139
Trd, 8638252.632, 139
Trd, 8638254.332, 140
Trd, 8638254.832, 139
Trd, 8638256.382, 119
Trd, 8638258.032, 140
Trd, 8638258.332, 139
Trd, 8638258.832, 138
Trd, 8638259.732, 105
Trd, 8638262.182, 122
Trd, 8638262.632, 123
Trd, 8638262.732, 122
Trd, 8638263.782, 121
Trd, 8638263.982, 121
Trd, 8638264.432, 124
Trd, 8638264.682, 120
Trd, 8638267.932, 103
Trd, 8638267.982, 112
Trd, 8638268.232, 101
Trd, 8638268.432, 113
Trd, 8638268.732, 113
Trd, 8638270.382, 110
Trd, 8638270.632, 109
Trd, 8638273.332, 140
Trd, 8638274.082, 140
Trd, 8638274.482, 140
Trd, 8638274.732, 140
Trd, 8638275.082, 140
Trd, 8638275.682, 140
Trd, 8638276.782, 140
Trd, 8638278.182, 140
Trd, 8638278.432, 140
Trd, 8638279.232, 140
Trd, 8638282.132, 140
Trd, 8638283.082, 139
Trd, 8638284.482, 140
Trd, 8638286.632, 140
Trd, 8638286.682, 140
Trd, 8638287.282, 139
Trd, 8638287.332, 138
Trd, 8638287.432, 107
Trd, 8638289.082, 107
Trd, 8638291.232, 124
Trd, 8638291.332, 118
Trd, 8638291.682, 131
Trd, 8638291.782, 79
Trd, 8638292.282, 132
Trd, 8638294.482, 128
Trd, 8638295.632, 103
Trd, 8638295.832, 102
Trd, 8638297.032, 140
Trd, 8638298.882, 140
Trd, 8638299.332, 140
Trd, 8638301.232, 140
Trd, 8638302.482, 140
Trd, 8638302.732, 140
Trd, 8638302.832, 140
Trd, 8638303.282, 140
Trd, 8638304.432, 140
Trd, 8638305.182, 140
Trd, 8638305.282, 140
Trd, 8638305.382, 110
Trd, 8638306.382, 109
Trd, 8638306.632, 109
Trd, 8638309.032, 140
Trd, 8638309.532, 140
Trd, 8638309.782, 140
Trd, 8638311.882, 140
Trd, 8638313.232, 140
Trd, 8638314.232, 140
Trd, 8638316.682, 140
Trd, 8638316.732, 140
Trd, 8638317.432, 139
Trd, 8638318.482, 135
Trd, 8638318.932, 136
Trd, 8638319.182, 137
Trd, 8638320.082, 132
Trd, 8638321.082, 110
Trd, 8638322.932, 100
Trd, 8638323.232, 99
Trd, 8638324.582, 140
Trd, 8638325.182, 140
Trd, 8638325.782, 139
Trd, 8638328.532, 140
Trd, 8638328.632, 140
Trd, 8638329.082, 140
Trd, 8638330.382, 140
Trd, 8638331.132, 140
Trd, 8638333.782, 140
Trd, 8638336.882, 140
Trd, 8638337.382, 140
Trd, 8638337.482, 140
Trd, 8638337.882, 139
Trd, 8638337.982, 138
Trd, 8638338.282, 129
Trd, 8638339.382, 63
Trd, 8638340.182, 134
Trd, 8638341.032, 98
Trd, 8638341.232, 139
Trd, 8638342.582, 138
Trd, 8638343.282, 124
Trd, 8638343.732, 114
Trd, 8638345.282, 121
Trd, 8638345.682, 127
Trd, 8638345.932, 129
Trd, 8638346.682, 95
Trd, 8638347.082, 76
Trd, 8638349.882, 140
Trd, 8638352.032, 140
Trd, 8638352.482, 140
Trd, 8638353.532, 140
Trd, 8638355.182, 140
Trd, 8638358.082, 140
Trd, 8638358.682, 140
Trd, 8638359.882, 140
Trd, 8638362.132, 140
Trd, 8638362.582, 140
Trd, 8638362.932, 140
Trd, 8638363.032, 140
Trd, 8638363.932, 140
Trd, 8638364.682, 140
Trd, 8638365.582, 130
Trd, 8638366.332, 123
Trd, 8638367.382, 112
Trd, 8638367.732, 133
Trd, 8638368.432, 111
Trd, 8638370.332, 115
Trd, 8638370.882, 112
Trd, 8638370.932, 114
Trd, 8638371.082, 115
Trd, 8638371.132, 104
Trd, 8638374.432, 115
Trd, 8638376.632, 124
Trd, 8638378.182, 127
Trd, 8638379.382, 129
Trd, 8638380.232, 139
Trd, 8638380.682, 124
Trd, 8638381.882, 140
Trd, 8638382.132, 140
Trd, 8638386.382, 140
Trd, 8638387.732, 140
Trd, 8638389.082, 140
Trd, 8638390.582, 140
Trd, 8638391.132, 140
Trd, 8638391.282, 140
Trd, 8638392.132, 140
Trd, 8638392.782, 97
Trd, 8638393.032, 140
Trd, 8638393.932, 140
Trd, 8638394.232, 109
Trd, 8638395.532, 117
Trd, 8638396.482, 140
Trd, 8638396.682, 140
Trd, 8638397.582, 140
Trd, 8638397.932, 140
Trd, 8638399.132, 140
Trd, 8638399.932, 140
Trd, 8638400.482, 140
Trd, 8638401.232, 138
Trd, 8638403.632, 140
Trd, 8638403.782, 140
Trd, 8638404.332, 140
Trd, 8638404.582, 140
Trd, 8638404.982, 134
Trd, 8638407.482, 87
Trd, 8638408.082, 115
Trd, 8638408.132, 120
Trd, 8638408.732, 96
Trd, 8638408.882, 120
Trd, 8638411.382, 101
Trd, 8638412.582, 102
Trd, 8638412.682, 103
Trd, 8638413.132, 105
Trd, 8638415.032, 105
Trd, 8638415.732, 107
Trd, 8638415.782, 105
Trd, 8638415.932, 103
Trd, 8638416.182, 115
Trd, 8638419.582, 133
Trd, 8638422.032, 140
Trd, 8638422.182, 140
Trd, 8638422.932, 140
Trd, 8638424.782, 140
Trd, 8638425.982, 138
Trd, 8638426.132, 118
Trd, 8638428.882, 125
Trd, 8638428.932, 126
Trd, 8638429.382, 127
Trd, 8638429.732, 125
Trd, 8638430.482, 127
Trd, 8638431.482, 127
Trd, 8638432.682, 127
Trd, 8638432.732, 117
Trd, 8638433.482, 127
Trd, 8638434.732, 124
Trd, 8638436.082, 140
Trd, 8638437.682, 138
Trd, 8638439.682, 140
Trd, 8638440.182, 140
Trd, 8638440.332, 139
Trd, 8638443.232, 140
Trd, 8638443.532, 140
Trd, 8638444.182, 138
Trd, 8638444.282, 139
Trd, 8638445.182, 140
Trd, 8638445.432, 137
Trd, 8638446.332, 140
Trd, 8638447.082, 135
Trd, 8638447.132, 137
Trd, 8638448.432, 138
Trd, 8638450.932, 140
Trd, 8638451.432, 140
Trd, 8638452.532, 140
Trd, 8638453.182, 140
Trd, 8638453.282, 140
Trd, 8638454.632, 139
Trd, 8638455.332, 136
Trd, 8638455.532, 84
Trd, 8638458.932, 140
Trd, 8638460.332, 140
Trd, 8638460.582, 140
Trd, 8638461.482, 140
Trd, 8638461.632, 140
Trd, 8638461.732, 140
Trd, 8638462.782, 136
Trd, 8638463.282, 121
Trd, 8638465.432, 107
Trd, 8638465.582, 106
Trd, 8638466.782, 101
Trd, 8638467.082, 102
Trd, 8638467.732, 90
Trd, 8638469.232, 134
Trd, 8638470.932, 128
Trd, 8638471.232, 107
Trd, 8638471.482, 129
Trd, 8638472.382, 107
Trd, 8638473.732, 104
Trd, 8638473.982, 130
Trd, 8638475.882, 127
Trd, 8638476.232, 127
Trd, 8638476.332, 126
Trd, 8638476.432, 125
Trd, 8638476.832, 124
Trd, 8638478.232, 114
Trd, 8638478.432, 123
Trd, 8638478.682, 123
Trd, 8638480.332, 124
Trd, 8638481.082, 124
Trd, 8638481.432, 116
Trd, 8638482.032, 96
Trd, 8638482.832, 114
Trd, 8638483.132, 115
Trd, 8638483.282, 125
Trd, 8638485.032, 121
Trd, 8638485.132, 122
Trd, 8638485.282, 125
Trd, 8638488.132, 118
Trd, 8638488.182, 120
Trd, 8638489.032, 123
Trd, 8638489.432, 120
Trd, 8638489.782, 123
Trd, 8638489.932, 122
Trd, 8638492.782, 140
Trd, 8638493.432, 140
Trd, 8638494.682, 139
Trd, 8638498.582, 140
Trd, 8638499.882, 140
Trd, 8638500.882, 140
Trd, 8638501.232, 140
Trd, 8638501.282, 140
Trd, 8638502.632, 140
Trd, 8638503.782, 140
Trd, 8638504.082, 140
Trd, 8638505.782, 140
Trd, 8638506.232, 140
Trd, 8638506.632, 140
Trd, 8638506.682, 138
Trd, 8638509.582, 138
Trd, 8638510.282, 138
Trd, 8638510.532, 137
Trd, 8638511.432, 140
Trd, 8638512.832, 135
Trd, 8638514.132, 132
Trd, 8638514.632, 130
Trd, 8638515.632, 132
Trd, 8638515.982, 134
Trd, 8638516.482, 139
Trd, 8638516.832, 135
Trd, 8638517.632, 135
Trd, 8638518.082, 139
Trd, 8638519.282, 136
Trd, 8638519.382, 98
Trd, 8638520.282, 94
Trd, 8638521.782, 95
Trd, 8638522.482, 133
Trd, 8638523.832, 129
Trd, 8638524.182, 100
Trd, 8638526.282, 106
Trd, 8638526.982, 107
Trd, 8638527.182, 107
Trd, 8638528.582, 128
Trd, 8638529.332, 110
Trd, 8638530.032, 126
Trd, 8638531.732, 123
Trd, 8638532.182, 89
Trd, 8638532.432, 88
Trd, 8638533.982, 89
Trd, 8638535.032, 118
Trd, 8638535.182, 117
Trd, 8638535.882, 92
Trd, 8638536.082, 79
Trd, 8638537.282, 123
Trd, 8638537.782, 124
Trd, 8638539.332, 60
Trd, 8638539.582, 60
Trd, 8638539.782, 62
Trd, 8638540.532, 63
Trd, 8638540.682, 64
Trd, 8638541.282, 64
Trd, 8638542.132, 65
Trd, 8638542.432, 67
Trd, 8638542.682, 68
Trd, 8638544.182, 69
Trd, 8638544.482, 124
Trd, 8638546.382, 138
Trd, 8638547.782, 140
Trd, 8638548.882, 140
Trd, 8638549.782, 140
Trd, 8638551.132, 140
Trd, 8638552.032, 140
Trd, 8638552.282, 120
Trd, 8638552.682, 120
Trd, 8638552.932, 138
Trd, 8638554.432, 138
Trd, 8638554.732, 140
Trd, 8638555.032, 140
Trd, 8638555.232, 139
Trd, 8638555.882, 140
Trd, 8638559.032, 131
Trd, 8638559.732, 105
Trd, 8638560.682, 122
Trd, 8638560.732, 133
Trd, 8638560.882, 133
Trd, 8638561.932, 130
Trd, 8638562.882, 97
Trd, 8638563.332, 128
Trd, 8638564.332, 103
Trd, 8638564.832, 103
Trd, 8638567.132, 116
Trd, 8638567.432, 66
Trd, 8638567.882, 66
Trd, 8638568.532, 114
Trd, 8638569.982, 111
Trd, 8638570.432, 109
Trd, 8638572.232, 60
Trd, 8638572.432, 60
Trd, 8638574.782, 62
Trd, 8638574.932, 68
Trd, 8638577.032, 140
Trd, 8638577.882, 140
Trd, 8638580.732, 140
Trd, 8638581.332, 140
Trd, 8638583.232, 140
Trd, 8638583.732, 139
Trd, 8638584.932, 140
Trd, 8638585.782, 140
Trd, 8638586.082, 140
Trd, 8638586.432, 139
Trd, 8638587.082, 137
Trd, 8638587.332, 123
Trd, 8638589.132, 125
Trd, 8638589.882, 136
Trd, 8638592.282, 140
Trd, 8638592.382, 137
Trd, 8638593.432, 138
Trd, 8638593.482, 136
Trd, 8638593.632, 132
Trd, 8638596.732, 140
Trd, 8638596.782, 140
Trd, 8638598.432, 140
Trd, 8638598.832, 140
Trd, 8638599.532, 128
Trd, 8638600.032, 140
Trd, 8638600.282, 102
Trd, 8638600.832, 64
Trd, 8638604.082, 136
Trd, 8638604.582, 138
Trd, 8638605.482, 125
Trd, 8638605.732, 126
Trd, 8638605.932, 126
Trd, 8638606.032, 121
Trd, 8638606.532, 129
Trd, 8638609.932, 140
Trd, 8638611.582, 140
Trd, 8638611.932, 140
Trd, 8638612.132, 139
Trd, 8638615.282, 140
Trd, 8638616.132, 140
Trd, 8638616.532, 140
Trd, 8638617.232, 140
Trd, 8638617.632, 140
Trd, 8638621.332, 140
Trd, 8638621.432, 140
Trd, 8638623.082, 140
Trd, 8638623.832, 140
Trd, 8638624.032, 140
Trd, 8638624.882, 140
Trd, 8638625.382, 139
Trd, 8638626.532, 140
Trd, 8638627.282, 140
Trd, 8638627.432, 140
Trd, 8638628.282, 140
Trd, 8638629.382, 139
Trd, 8638630.432, 139
Trd, 8638630.582, 109
Trd, 8638631.032, 91
Trd, 8638633.282, 94
Trd, 8638633.532, 94
Trd, 8638633.732, 93
Trd, 8638633.832, 97
Trd, 8638634.132, 134
Trd, 8638635.332, 71
Trd, 8638640.632, 140
Trd, 8638641.932, 140
Trd, 8638643.032, 140
Trd, 8638643.132, 140
Trd, 8638644.082, 140
Trd, 8638644.532, 140
Trd, 8638645.432, 140
Trd, 8638646.132, 127
Trd, 8638646.482, 133
Trd, 8638647.032, 117
Trd, 8638648.682, 88
Trd, 8638649.782, 106
Trd, 8638650.032, 101
Trd, 8638650.432, 107
Trd, 8638650.732, 105
Trd, 8638651.032, 109
Trd, 8638651.232, 110
Trd, 8638651.432, 91
Trd, 8638653.982, 140
Trd, 8638655.132, 140
Trd, 8638657.282, 140
Trd, 8638659.532, 140
Trd, 8638659.582, 140
Trd, 8638660.232, 140
Trd, 8638661.182, 140
Trd, 8638663.032, 140
Trd, 8638665.532, 140
Trd, 8638666.282, 140
Trd, 8638667.282, 140
Trd, 8638667.382, 140
Trd, 8638667.832, 140
Trd, 8638667.882, 129
Trd, 8638668.982, 138
Trd, 8638669.382, 137
Trd, 8638669.582, 107
Trd, 8638670.582, 135
Trd, 8638672.882, 130
Trd, 8638673.332, 93
Trd, 8638673.582, 130
Trd, 8638674.382, 125
Trd, 8638675.832, 127
Trd, 8638676.432, 125
Trd, 8638677.282, 126
Trd, 8638677.682, 130
Trd, 8638677.832, 116
Trd, 8638678.032, 93
Trd, 8638679.682, 79
Trd, 8638680.632, 129
Trd, 8638681.532, 130
Trd, 8638682.282, 111
Trd, 8638683.382, 111
Trd, 8638685.632, 140
Trd, 8638687.132, 140
Trd, 8638687.332, 140
Trd, 8638687.532, 140
Trd, 8638688.332, 140
Trd, 8638689.232, 138
Trd, 8638691.232, 140
Trd, 8638691.982, 140
Trd, 8638693.482, 140
Trd, 8638694.182, 140
Trd, 8638694.782, 140
Trd, 8638695.732, 140
Trd, 8638695.782, 140
Trd, 8638696.082, 137
Trd, 8638697.432, 106
Trd, 8638698.282, 138
Trd, 8638699.332, 137
Trd, 8638699.432, 136
Trd, 8638699.982, 98
Trd, 8638701.282, 130
Trd, 8638703.932, 140
Trd, 8638705.882, 140
Trd, 8638706.832, 140
Trd, 8638707.832, 140
Trd, 8638708.532, 140
Trd, 8638708.982, 140
Trd, 8638711.932, 140
Trd, 8638712.032, 140
Trd, 8638712.432, 138
Trd, 8638714.332, 140
Trd, 8638715.332, 140
Trd, 8638715.932, 140
Trd, 8638717.332, 140
Trd, 8638717.432, 140
Trd, 8638717.482, 140
Trd, 8638718.232, 140
Trd, 8638721.582, 140
Trd, 8638721.882, 140
Trd, 8638723.932, 140
Trd, 8638724.982, 140
Trd, 8638725.382, 140
Trd, 8638725.632, 140
Trd, 8638726.132, 140
Trd, 8638726.182, 140
Trd, 8638727.182, 140
Trd, 8638727.882, 107
Trd, 8638728.532, 95
Trd, 8638728.732, 139
Trd, 8638729.482, 86
Trd, 8638731.432, 131
Trd, 8638731.532, 120
Trd, 8638731.732, 133
Trd, 8638733.782, 120
Trd, 8638734.232, 118
Trd, 8638734.732, 118
Trd, 8638734.982, 118
Trd, 8638735.232, 117
Trd, 8638735.382, 119
Trd, 8638737.282, 121
Trd, 8638737.632, 101
Trd, 8638738.382, 109
Trd, 8638738.732, 100
Trd, 8638740.032, 117
Trd, 8638740.082, 102
Trd, 8638743.532, 140
Trd, 8638744.432, 140
Trd, 8638744.582, 140
Trd, 8638746.332, 140
Trd, 8638747.032, 140
Trd, 8638748.432, 140
Trd, 8638749.982, 140
Trd, 8638752.182, 140
Trd, 8638753.232, 140
Trd, 8638756.282, 140
Trd, 8638756.432, 140
Trd, 8638757.482, 140
Trd, 8638757.782, 140
Trd, 8638757.832, 140
Trd, 8638758.282, 140
Trd, 8638759.382, 140
Trd, 8638761.582, 140
Trd, 8638762.732, 140
Trd, 8638763.182, 140
Trd, 8638763.582, 128
Trd, 8638763.832, 121
Trd, 8638764.032, 137
Trd, 8638765.632, 130
Trd, 8638766.082, 119
Trd, 8638766.282, 71
Trd, 8638767.082, 120
Trd, 8638767.432, 120
Trd, 8638767.882, 106
Trd, 8638767.932, 126
Trd, 8638770.932, 140
Trd, 8638772.482, 140
Trd, 8638774.232, 140
Trd, 8638774.282, 140
Trd, 8638774.632, 112
Trd, 8638775.832, 126
Trd, 8638776.232, 126
Trd, 8638776.532, 125
Trd, 8638777.632, 71
Trd, 8638778.632, 125
Trd, 8638779.132, 124
Trd, 8638779.932, 131
Trd, 8638781.682, 140
Trd, 8638781.782, 140
Trd, 8638781.832, 139
Trd, 8638785.982, 140
Trd, 8638787.132, 140
Trd, 8638787.582, 140
Trd, 8638787.732, 140
Trd, 8638788.532, 140
Trd, 8638788.632, 140
Trd, 8638789.832, 140
Trd, 8638791.132, 140
Trd, 8638792.282, 138
Trd, 8638792.382, 110
Trd, 8638792.532, 88
Trd, 8638794.332, 139
Trd, 8638796.582, 125
Trd, 8638797.382, 138
Trd, 8638797.982, 139
Trd, 8638799.132, 140
Trd, 8638799.982, 140
Trd, 8638800.682, 140
Trd, 8638803.582, 140
Trd, 8638805.482, 140
Trd, 8638808.232, 140
Trd, 8638808.832, 140
Trd, 8638809.032, 140
Trd, 8638809.432, 140
Trd, 8638810.032, 140
Trd, 8638811.182, 140
Trd, 8638811.532, 140
Trd, 8638813.382, 129
Trd, 8638813.732, 123
Trd, 8638814.582, 126
Trd, 8638815.882, 124
Trd, 8638816.232, 123
Trd, 8638816.532, 117
Trd, 8638816.882, 116
Trd, 8638817.382, 120
Trd, 8638818.432, 117
Trd, 8638818.682, 118
Trd, 8638819.332, 118
Trd, 8638820.982, 63
Trd, 8638821.482, 60
Trd, 8638822.282, 60
Trd, 8638822.432, 60
Trd, 8638824.082, 60
Trd, 8638826.032, 118
Trd, 8638826.132, 119
Trd, 8638826.432, 120
Trd, 8638827.082, 96
Trd, 8638828.732, 140
Trd, 8638830.232, 140
Trd, 8638830.932, 140
Trd, 8638831.282, 139
Trd, 8638834.282, 140
Trd, 8638834.682, 140
Trd, 8638834.782, 140
Trd, 8638835.432, 139
Trd, 8638835.482, 118
Trd, 8638836.632, 114
Trd, 8638836.982, 90
Trd, 8638838.032, 91
Trd, 8638839.032, 96
Trd, 8638839.182, 97
Trd, 8638840.282, 103
Trd, 8638840.482, 107
Trd, 8638840.982, 114
Trd, 8638843.182, 87
Trd, 8638843.332, 86
Trd, 8638843.732, 86
Trd, 8638844.832, 107
Trd, 8638845.482, 83
Trd, 8638845.532, 107
Trd, 8638846.232, 88
Trd, 8638846.832, 86
Trd, 8638847.382, 107
Trd, 8638849.282, 103
Trd, 8638849.332, 86
Trd, 8638850.382, 103
Trd, 8638852.082, 99
Trd, 8638853.082, 97
Trd, 8638853.332, 100
Trd, 8638854.082, 97
Trd, 8638854.632, 109
Trd, 8638854.732, 101
Trd, 8638855.082, 140
Trd, 8638855.432, 99
Trd, 8638856.632, 96
Trd, 8638857.032, 90
Trd, 8638858.032, 140
Trd, 8638858.982, 140
Trd, 8638859.782, 140
Trd, 8638860.232, 140
Trd, 8638862.582, 140
Trd, 8638864.282, 140
Trd, 8638864.432, 140
Trd, 8638865.082, 140
Trd, 8638865.682, 140
Trd, 8638866.432, 139
Trd, 8638867.382, 140
Trd, 8638867.632, 139
Trd, 8638868.232, 129
Trd, 8638868.782, 139
Trd, 8638871.182, 89
Trd, 8638873.082, 119
Trd, 8638873.582, 95
Trd, 8638874.232, 117
Trd, 8638874.532, 114
Trd, 8638874.932, 114
Trd, 8638875.432, 111
Trd, 8638876.532, 137
Trd, 8638876.932, 101
Trd, 8638877.632, 93
Trd, 8638877.682, 86
Trd, 8638879.282, 98
Trd, 8638880.332, 140
Trd, 8638881.132, 140
Trd, 8638884.032, 140
Trd, 8638884.582, 140
Trd, 8638885.382, 140
Trd, 8638888.082, 140
Trd, 8638889.732, 140
Trd, 8638890.732, 140
Trd, 8638891.132, 140
Trd, 8638891.632, 140
Trd, 8638892.182, 140
Trd, 8638892.882, 140
Trd, 8638893.882, 140
Trd, 8638893.932, 140
Trd, 8638894.032, 140
Trd, 8638895.432, 140
Trd, 8638895.632, 140
Trd, 8638896.682, 136
Trd, 8638899.332, 139
Trd, 8638899.382, 110
Trd, 8638899.882, 111
Trd, 8638900.082, 136
Trd, 8638901.632, 140
Trd, 8638901.982, 134
Trd, 8638902.832, 113
Trd, 8638904.032, 132
Trd, 8638904.232, 136
Trd, 8638904.782, 131
Trd, 8638906.632, 122
Trd, 8638906.732, 131
Trd, 8638907.082, 122
Trd, 8638907.232, 121
Trd, 8638907.782, 120
Trd, 8638907.882, 125
Trd, 8638908.432, 88
Trd, 8638910.282, 124
Trd, 8638910.782, 125
Trd, 8638911.882, 140
Trd, 8638912.732, 138
Trd, 8638913.332, 121
Trd, 8638915.382, 140
Trd, 8638916.232, 140
Trd, 8638916.732, 140
Trd, 8638916.982, 140
Trd, 8638917.032, 140
Trd, 8638919.632, 139
Trd, 8638919.932, 121
Trd, 8638920.682, 139
Trd, 8638922.382, 140
Trd, 8638924.832, 140
Trd, 8638925.032, 140
Trd, 8638925.682, 140
Trd, 8638925.832, 140
Trd, 8638926.482, 138
Trd, 8638926.682, 137
Trd, 8638927.432, 139
Trd, 8638928.882, 139
Trd, 8638929.082, 108
Trd, 8638929.482, 140
Trd, 8638932.232, 140
Trd, 8638933.882, 140
Trd, 8638935.132, 140
Trd, 8638935.732, 140
Trd, 8638936.282, 140
Trd, 8638936.982, 140
Trd, 8638938.382, 140
Trd, 8638938.982, 140
Trd, 8638941.332, 140
Trd, 8638941.782, 140
Trd, 8638941.982, 140
Trd, 8638942.932, 134
Trd, 8638943.432, 135
Trd, 8638943.582, 115
Trd, 8638944.732, 130
Trd, 8638944.782, 129
Trd, 8638945.782, 111
Trd, 8638947.582, 127
Trd, 8638949.482, 137
Trd, 8638949.582, 137
Trd, 8638950.732, 139
Trd, 8638950.882, 138
Trd, 8638951.432, 138
Trd, 8638951.632, 140
Trd, 8638951.782, 137
Trd, 8638952.232, 61
Trd, 8638953.732, 125
Trd, 8638955.232, 124
Trd, 8638957.232, 140
Trd, 8638957.332, 140
Trd, 8638957.782, 140
Trd, 8638957.982, 139
Trd, 8638958.932, 101
Trd, 8638962.232, 140
Trd, 8638962.782, 140
Trd, 8638966.182, 140
Trd, 8638966.432, 140
Trd, 8638966.882, 140
Trd, 8638967.082, 116
Trd, 8638967.132, 100
Trd, 8638967.482, 135
Trd, 8638969.082, 131
Trd, 8638969.382, 118
Trd, 8638971.432, 123
Trd, 8638971.582, 95
Trd, 8638972.932, 99
Trd, 8638973.232, 119
Trd, 8638975.632, 117
Trd, 8638975.682, 103
Trd, 8638976.332, 104
Trd, 8638976.582, 103
Trd, 8638976.832, 113
Trd, 8638978.282, 110
Trd, 8638979.032, 111
Trd, 8638979.632, 110
Trd, 8638979.682, 107
Trd, 8638979.982, 105
Trd, 8638981.332, 112
Trd, 8638981.632, 111
Trd, 8638982.682, 107
Trd, 8638983.132, 108
Trd, 8638983.832, 71
Trd, 8638984.482, 105
Trd, 8638984.682, 111
Trd, 8638985.232, 107
Trd, 8638986.232, 108
Trd, 8638986.732, 101
Trd, 8638986.832, 98
Trd, 8638989.282, 109
Trd, 8638989.532, 92
Trd, 8638990.932, 98
Trd, 8638991.132, 99
Trd, 8638991.432, 99
Trd, 8638991.782, 96
Trd, 8638993.082, 88
Trd, 8638993.532, 97
Trd, 8638994.582, 101
Trd, 8638995.382, 100
Trd, 8638995.482, 106
Trd, 8638995.532, 98
Trd, 8638997.832, 140
Trd, 8639000.482, 140
Trd, 8639000.832, 140
Trd, 8639001.382, 140
Trd, 8639001.982, 140
Trd, 8639002.532, 140
Trd, 8639003.182, 140
Trd, 8639006.232, 140
Trd, 8639008.382, 140
Trd, 8639009.682, 140
Trd, 8639012.032, 140
Trd, 8639014.582, 140
Trd, 8639014.982, 140
Trd, 8639015.282, 140
Trd, 8639015.332, 140
Trd, 8639015.482, 140
Trd, 8639016.182, 105
Trd, 8639016.882, 135
Trd, 8639017.282, 134
Trd, 8639017.632, 135
Trd, 8639019.132, 69
Trd, 8639020.782, 126
Trd, 8639020.882, 128
Trd, 8639022.582, 115
Trd, 8639022.632, 111
Trd, 8639025.082, 124
Trd, 8639025.482, 100
Trd, 8639025.682, 123
Trd, 8639026.732, 101
Trd, 8639027.532, 140
Trd, 8639029.632, 140
Trd, 8639030.582, 140
Trd, 8639030.732, 98
Trd, 8639031.682, 139
Trd, 8639033.632, 128
Trd, 8639034.682, 140
Trd, 8639035.882, 140
Trd, 8639037.482, 140
Trd, 8639039.332, 140
Trd, 8639041.082, 132
Trd, 8639041.132, 135
Trd, 8639042.682, 135
Trd, 8639043.482, 135
Trd, 8639044.282, 133
Trd, 8639044.732, 96
Trd, 8639046.182, 135
Trd, 8639046.332, 131
Trd, 8639046.532, 136
Trd, 8639046.832, 108
Trd, 8639047.682, 136
Trd, 8639049.232, 137
Trd, 8639049.632, 140
Trd, 8639052.382, 140
Trd, 8639053.082, 140
Trd, 8639053.582, 140
Trd, 8639053.632, 140
Trd, 8639056.232, 140
Trd, 8639056.382, 140
Trd, 8639058.782, 140
Trd, 8639059.232, 140
Trd, 8639059.982, 140
Trd, 8639062.332, 140
Trd, 8639063.532, 140
Trd, 8639063.732, 140
Trd, 8639064.832, 140
Trd, 8639067.932, 140
Trd, 8639069.232, 140
Trd, 8639070.082, 140
Trd, 8639070.332, 140
Trd, 8639071.482, 140
Trd, 8639072.082, 140
Trd, 8639073.032, 140
Trd, 8639073.232, 140
Trd, 8639073.832, 139
Trd, 8639074.532, 138
Trd, 8639075.732, 138
Trd, 8639076.182, 82
Trd, 8639079.582, 102
Trd, 8639080.432, 105
Trd, 8639080.582, 105
Trd, 8639080.832, 104
Trd, 8639081.382, 103
Trd, 8639081.832, 91
Trd, 8639082.232, 85
Trd, 8639082.632, 81
Trd, 8639083.382, 140
Trd, 8639084.132, 115
Trd, 8639087.532, 140
Trd, 8639087.682, 140
Trd, 8639088.382, 121
Trd, 8639088.482, 121
Trd, 8639090.282, 140
Trd, 8639092.332, 140
Trd, 8639093.232, 140
Trd, 8639094.032, 139
Trd, 8639095.082, 122
Trd, 8639095.632, 133
Trd, 8639095.782, 121
Trd, 8639095.982, 112
Trd, 8639096.782, 134
Trd, 8639097.932, 132
Trd, 8639098.032, 135
Trd, 8639101.232, 136
Trd, 8639102.132, 132
Trd, 8639102.782, 131
Trd, 8639102.832, 123
Trd, 8639102.932, 123
Trd, 8639104.232, 130
Trd, 8639104.632, 130
Trd, 8639104.882, 132
Trd, 8639105.182, 132
Trd, 8639105.832, 133
Trd, 8639106.032, 132
Trd, 8639106.182, 96
Trd, 8639107.382, 126
Trd, 8639108.132, 110
Trd, 8639108.632, 111
Trd, 8639109.082, 112
Trd, 8639110.382, 113
Trd, 8639110.682, 114
Trd, 8639110.832, 114
Trd, 8639111.832, 117
Trd, 8639113.032, 112
Trd, 8639113.932, 140
Trd, 8639114.382, 140
Trd, 8639115.182, 114
Trd, 8639116.882, 131
Trd, 8639117.182, 120
Trd, 8639117.932, 126
Trd, 8639118.632, 123
Trd, 8639120.582, 140
Trd, 8639121.232, 140
Trd, 8639122.032, 140
Trd, 8639122.182, 139
Trd, 8639123.332, 82
Trd, 8639123.782, 112
Trd, 8639124.882, 128
Trd, 8639126.182, 109
Trd, 8639126.382, 108
Trd, 8639126.882, 118
Trd, 8639127.232, 80
Trd, 8639127.582, 124
Trd, 8639129.182, 73
Trd, 8639129.582, 72
Trd, 8639130.032, 70
Trd, 8639130.332, 123
Trd, 8639131.582, 64
Trd, 8639132.032, 121
Trd, 8639132.732, 123
Trd, 8639133.432, 127
Trd, 8639133.632, 85
Trd, 8639135.832, 75
Trd, 8639137.582, 140
Trd, 8639140.232, 140
Trd, 8639140.882, 140
Trd, 8639141.382, 140
Trd, 8639142.132, 140
Trd, 8639142.332, 140
Trd, 8639142.382, 139
Trd, 8639143.232, 123
Trd, 8639145.082, 119
Trd, 8639145.282, 102
Trd, 8639146.182, 122
Trd, 8639147.082, 106
Trd, 8639147.982, 139
Trd, 8639149.832, 138
Trd, 8639150.282, 139
Trd, 8639151.832, 140
Trd, 8639152.332, 140
Trd, 8639153.182, 140
Trd, 8639153.232, 140
Trd, 8639154.132, 139
Trd, 8639154.582, 116
Trd, 8639155.482, 139
Trd, 8639156.932, 134
Trd, 8639157.582, 98
Trd, 8639160.232, 127
Trd, 8639160.732, 125
Trd, 8639161.032, 123
Trd, 8639162.782, 119
Trd, 8639163.282, 119
Trd, 8639163.882, 125
Trd, 8639164.332, 140
Trd, 8639164.982, 140
Trd, 8639165.082, 140
Trd, 8639165.582, 93
Trd, 8639166.582, 64
Trd, 8639168.582, 140
Trd, 8639169.882, 140
Trd, 8639170.682, 140
Trd, 8639171.032, 140
Trd, 8639174.932, 140
Trd, 8639175.832, 140
Trd, 8639177.182, 140
Trd, 8639177.532, 140
Trd, 8639177.582, 140
Trd, 8639178.032, 138
Trd, 8639178.232, 140
Trd, 8639178.332, 139
Trd, 8639180.582, 131
Trd, 8639181.132, 129
Trd, 8639181.182, 115
Trd, 8639183.132, 139
Trd, 8639183.782, 136
Trd, 8639184.082, 136
Trd, 8639184.182, 135
Trd, 8639184.432, 135
Trd, 8639186.382, 140
Trd, 8639186.532, 95
Trd, 8639186.732, 140
Trd, 8639186.782, 84
Trd, 8639189.082, 128
Trd, 8639189.782, 127
Trd, 8639189.932, 110
Trd, 8639190.982, 125
Trd, 8639192.782, 123
Trd, 8639193.832, 120
Trd, 8639194.382, 125
Trd, 8639194.782, 121
Trd, 8639194.932, 120
Trd, 8639195.482, 117
Trd, 8639195.532, 126
Trd, 8639195.882, 125
Trd, 8639197.582, 93
Trd, 8639199.182, 124
Trd, 8639200.182, 70
Trd, 8639200.982, 124
Trd, 8639201.432, 125
Trd, 8639202.832, 92
Trd, 8639203.182, 68
Trd, 8639203.232, 123
Trd, 8639203.732, 123
Trd, 8639205.332, 122
Trd, 8639206.332, 108
Trd, 8639207.032, 109
Trd, 8639207.132, 107
Trd, 8639207.232, 106
Trd, 8639207.582, 115
Trd, 8639210.132, 60
Trd, 8639210.232, 62
Trd, 8639211.932, 63
Trd, 8639212.782, 63
Trd, 8639213.232, 64
Trd, 8639213.432, 70
Trd, 8639214.132, 131
Trd, 8639214.232, 130
Trd, 8639216.182, 140
Trd, 8639216.282, 140
Trd, 8639217.382, 140
Trd, 8639219.282, 140
Trd, 8639219.532, 140
Trd, 8639219.982, 140
Trd, 8639220.182, 140
Trd, 8639221.632, 140
Trd, 8639222.932, 119
Trd, 8639223.882, 129
Trd, 8639224.582, 128
Trd, 8639225.532, 122
Trd, 8639225.632, 121
Trd, 8639227.182, 124
Trd, 8639227.782, 127
Trd, 8639229.132, 137
Trd, 8639231.332, 119
Trd, 8639232.132, 118
Trd, 8639232.682, 125
Trd, 8639232.932, 124
Trd, 8639232.982, 126
Trd, 8639233.182, 114
Trd, 8639235.882, 140
Trd, 8639237.832, 140
Trd, 8639238.382, 140
Trd, 8639240.132, 140
Trd, 8639241.382, 140
Trd, 8639241.982, 140
Trd, 8639242.532, 140
Trd, 8639244.782, 140
Trd, 8639245.382, 139
Trd, 8639245.982, 137
Trd, 8639246.582, 136
Trd, 8639247.232, 139
Trd, 8639247.732, 121
Trd, 8639248.282, 115
Trd, 8639252.182, 140
Trd, 8639252.332, 140
Trd, 8639252.382, 140
Trd, 8639254.032, 140
Trd, 8639254.582, 140
Trd, 8639254.932, 140
Trd, 8639259.782, 140
Trd, 8639259.932, 140
Trd, 8639262.932, 140
Trd, 8639263.382, 140
Trd, 8639263.532, 140
Trd, 8639263.832, 138
Trd, 8639264.532, 115
Trd, 8639264.632, 114
Trd, 8639265.032, 138
Trd, 8639266.682, 81
Trd, 8639268.682, 101
Trd, 8639268.732, 113
Trd, 8639269.382, 114
Trd, 8639269.932, 140
Trd, 8639270.282, 140
Trd, 8639270.982, 140
Trd, 8639272.182, 140
Trd, 8639272.882, 140
Trd, 8639273.432, 140
Trd, 8639276.332, 140
Trd, 8639276.882, 140
Trd, 8639278.082, 140
Trd, 8639278.832, 140
Trd, 8639282.482, 140
Trd, 8639282.632, 139
Trd, 8639283.382, 140
Trd, 8639284.332, 136
Trd, 8639285.182, 135
Trd, 8639285.632, 125
Trd, 8639286.232, 109
Trd, 8639286.332, 131
Trd, 8639289.132, 126
Trd, 8639289.582, 126
Trd, 8639289.682, 125
Trd, 8639290.082, 122
Trd, 8639290.432, 122
Trd, 8639291.832, 97
Trd, 8639292.432, 118
Trd, 8639295.182, 140
Trd, 8639295.682, 137
Trd, 8639298.182, 140
Trd, 8639298.632, 140
Trd, 8639300.482, 140
Trd, 8639301.082, 140
Trd, 8639302.282, 140
Trd, 8639305.482, 140
Trd, 8639305.632, 140
Trd, 8639306.582, 140
Trd, 8639306.832, 140
Trd, 8639307.782, 140
Trd, 8639307.882, 140
Trd, 8639308.782, 140
Trd, 8639309.582, 140
Trd, 8639310.482, 132
Trd, 8639310.932, 74
Trd, 8639311.882, 68
Trd, 8639314.532, 77
Trd, 8639314.632, 118
Trd, 8639315.382, 116
Trd, 8639316.182, 115
Trd, 8639316.282, 112
Trd, 8639316.582, 116
Trd, 8639316.682, 118
Trd, 8639317.982, 127
Trd, 8639319.432, 97
Trd, 8639322.582, 125
Trd, 8639322.882, 122
Trd, 8639325.932, 140
Trd, 8639326.232, 140
Trd, 8639329.982, 140
Trd, 8639330.632, 140
Trd, 8639330.832, 140
Trd, 8639331.432, 140
Trd, 8639331.832, 140
Trd, 8639332.182, 122
Trd, 8639332.482, 120
Trd, 8639333.032, 80
Trd, 8639334.982, 132
Trd, 8639335.032, 134
Trd, 8639335.432, 133
Trd, 8639336.482, 112
Trd, 8639336.682, 136
Trd, 8639338.382, 94
Trd, 8639338.582, 87
Trd, 8639339.632, 94
Trd, 8639341.782, 138
Trd, 8639342.932, 140
Trd, 8639343.032, 140
Trd, 8639344.282, 139
Trd, 8639345.382, 140
Trd, 8639345.582, 136
Trd, 8639348.382, 140
Trd, 8639349.082, 140
Trd, 8639349.232, 140
Trd, 8639349.682, 140
Trd, 8639350.082, 140
Trd, 8639350.232, 140
Trd, 8639350.882, 117
Trd, 8639353.632, 138
Trd, 8639356.032, 140
Trd, 8639356.682, 140
Trd, 8639360.232, 140
Trd, 8639360.932, 140
Trd, 8639361.232, 140
Trd, 8639361.982, 140
Trd, 8639363.132, 140
Trd, 8639363.432, 140
Trd, 8639364.732, 140
Trd, 8639365.882, 140
Trd, 8639366.132, 140
Trd, 8639368.682, 127
Trd, 8639369.282, 134
Trd, 8639369.432, 134
Trd, 8639369.832, 130
Trd, 8639370.832, 137
Trd, 8639372.082, 136
Trd, 8639372.732, 132
Trd, 8639373.482, 134
Trd, 8639374.882, 137
Trd, 8639375.332, 116
Trd, 8639375.832, 139
Trd, 8639376.832, 102
Trd, 8639377.532, 88
Trd, 8639382.032, 140
Trd, 8639382.632, 140
Trd, 8639383.182, 140
Trd, 8639383.582, 140
Trd, 8639386.782, 140
Trd, 8639388.082, 140
Trd, 8639388.432, 140
Trd, 8639388.532, 140
Trd, 8639389.532, 140
Trd, 8639390.032, 139
Trd, 8639393.432, 140
Trd, 8639393.682, 140
Trd, 8639396.382, 140
Trd, 8639396.832, 140
Trd, 8639398.832, 140
Trd, 8639399.882, 140
Trd, 8639400.482, 140
Trd, 8639401.032, 140
Trd, 8639401.482, 140
Trd, 8639401.782, 140
Trd, 8639403.932, 137
Trd, 8639404.232, 138
Trd, 8639404.982, 140
Trd, 8639408.182, 140
Trd, 8639408.482, 140
Trd, 8639408.632, 140
Trd, 8639410.382, 140
Trd, 8639410.482, 140
Trd, 8639413.132, 140
Trd, 8639413.382, 140
Trd, 8639415.582, 140
Trd, 8639417.982, 140
Trd, 8639418.332, 140
Trd, 8639418.832, 140
Trd, 8639418.932, 140
Trd, 8639419.982, 126
Trd, 8639420.782, 113
Trd, 8639420.932, 132
Trd, 8639421.432, 140
Trd, 8639421.682, 139
Trd, 8639423.732, 129
Trd, 8639423.982, 124
Trd, 8639424.982, 125
Trd, 8639425.132, 99
Trd, 8639425.282, 126
Trd, 8639427.182, 121
Trd, 8639427.382, 122
Trd, 8639428.782, 107
Trd, 8639429.582, 114
Trd, 8639429.932, 107
Trd, 8639430.882, 99
Trd, 8639431.232, 97
Trd, 8639431.832, 101
Trd, 8639432.082, 111
Trd, 8639432.882, 112
Trd, 8639433.432, 85
Trd, 8639435.532, 108
Trd, 8639436.082, 110
Trd, 8639436.182, 111
Trd, 8639437.582, 140
Trd, 8639439.882, 140
Trd, 8639440.432, 140
Trd, 8639440.782, 140
Trd, 8639444.232, 140
Trd, 8639445.882, 140
Trd, 8639446.682, 140
Trd, 8639447.032, 140
Trd, 8639447.182, 139
Trd, 8639447.632, 140
Trd, 8639448.132, 139
Trd, 8639448.382, 140
Trd, 8639448.982, 140
Trd, 8639449.632, 140
Trd, 8639450.432, 140
Trd, 8639450.732, 135
Trd, 8639451.632, 140
Trd, 8639452.582, 131
Trd, 8639453.932, 132
Trd, 8639454.182, 132
Trd, 8639454.282, 131
Trd, 8639454.482, 110
Trd, 8639455.632, 125
Trd, 8639456.082, 68
Trd, 8639458.582, 61
Trd, 8639459.282, 60
Trd, 8639459.332, 64
Trd, 8639460.232, 74
Trd, 8639460.932, 64
Trd, 8639461.032, 71
Trd, 8639462.282, 137
Trd, 8639463.782, 140
Trd, 8639464.182, 140
Trd, 8639464.782, 140
Trd, 8639466.282, 129
Trd, 8639467.182, 139
Trd, 8639467.382, 138
Trd, 8639468.432, 137
Trd, 8639469.182, 96
Trd, 8639470.032, 78
Trd, 8639470.082, 128
Trd, 8639470.782, 127
Trd, 8639471.882, 112
Trd, 8639472.482, 111
Trd, 8639473.432, 110
Trd, 8639473.932, 120
Trd, 8639474.732, 114
Trd, 8639476.082, 123
Trd, 8639477.682, 99
Trd, 8639478.732, 103
Trd, 8639479.032, 97
Trd, 8639479.132, 107
Trd, 8639480.082, 101
Trd, 8639481.682, 130
Trd, 8639482.982, 140
Trd, 8639484.032, 140
Trd, 8639485.482, 140
Trd, 8639486.532, 140
Trd, 8639488.032, 140
Trd, 8639488.132, 140
Trd, 8639488.832, 138
Trd, 8639490.132, 112
Trd, 8639490.282, 128
Trd, 8639491.182, 132
Trd, 8639491.282, 107
Trd, 8639491.582, 132
Trd, 8639491.832, 107
Trd, 8639495.732, 117
Trd, 8639497.682, 131
Trd, 8639498.332, 131
Trd, 8639500.682, 140
Trd, 8639500.832, 140
Trd, 8639501.082, 140
Trd, 8639501.232, 140
Trd, 8639502.182, 139
Trd, 8639502.582, 140
Trd, 8639503.382, 140
Trd, 8639505.782, 140
Trd, 8639506.532, 140
Trd, 8639510.032, 140
Trd, 8639510.532, 140
Trd, 8639510.982, 140
Trd, 8639512.732, 140
Trd, 8639514.432, 140
Trd, 8639515.032, 140
Trd, 8639515.082, 140
Trd, 8639515.632, 140
Trd, 8639515.782, 140
Trd, 8639516.582, 140
Trd, 8639517.432, 139
Trd, 8639518.632, 136
Trd, 8639518.782, 137
Trd, 8639519.782, 135
Trd, 8639520.032, 134
Trd, 8639520.432, 128
Trd, 8639522.982, 140
Trd, 8639525.682, 140
Trd, 8639526.232, 140
Trd, 8639526.282, 140
Trd, 8639526.832, 139
Trd, 8639527.132, 140
Trd, 8639527.332, 140
Trd, 8639529.532, 123
Trd, 8639530.932, 140
Trd, 8639531.182, 140
Trd, 8639532.582, 140
Trd, 8639534.132, 140
Trd, 8639535.032, 140
Trd, 8639535.632, 140
Trd, 8639537.282, 140
Trd, 8639538.132, 140
Trd, 8639538.232, 140
Trd, 8639539.282, 140
Trd, 8639539.432, 140
Trd, 8639539.932, 140
Trd, 8639540.232, 140
Trd, 8639541.932, 140
Trd, 8639544.682, 126
Trd, 8639545.082, 139
Trd, 8639545.282, 126
Trd, 8639547.632, 140
Trd, 8639549.132, 140
Trd, 8639550.282, 140
Trd, 8639551.032, 140
Trd, 8639551.132, 140
Trd, 8639551.332, 140
Trd, 8639552.332, 140
Trd, 8639553.032, 140
Trd, 8639553.332, 140
Trd, 8639554.132, 137
Trd, 8639554.632, 139
Trd, 8639555.532, 103
Trd, 8639557.682, 121
Trd, 8639558.232, 119
Trd, 8639558.882, 122
Trd, 8639559.182, 125
Trd, 8639559.432, 121
Trd, 8639560.232, 123
Trd, 8639560.832, 124
Trd, 8639561.882, 124
Trd, 8639562.232, 123
Trd, 8639563.182, 120
Trd, 8639564.132, 113
Trd, 8639565.832, 119
Trd, 8639566.582, 116
Trd, 8639566.832, 119
Trd, 8639566.932, 110
Trd, 8639568.482, 114
Trd, 8639568.982, 114
Trd, 8639569.682, 125
Trd, 8639570.632, 112
Trd, 8639572.382, 123
Trd, 8639572.732, 125
Trd, 8639572.932, 115
Trd, 8639573.382, 114
Trd, 8639574.132, 124
Trd, 8639574.432, 125
Trd, 8639574.582, 66
Trd, 8639575.182, 121
Trd, 8639576.232, 75
Trd, 8639578.532, 140
Trd, 8639578.882, 140
Trd, 8639582.782, 140
Trd, 8639583.732, 140
Trd, 8639585.632, 140
Trd, 8639586.632, 140
Trd, 8639586.782, 140
Trd, 8639586.932, 140
Trd, 8639587.782, 127
Trd, 8639589.182, 140
Trd, 8639589.282, 140
Trd, 8639589.832, 140
Trd, 8639590.982, 140
Trd, 8639592.032, 140
Trd, 8639592.732, 140
Trd, 8639593.182, 140
Trd, 8639593.282, 139
Trd, 8639593.682, 138
Trd, 8639594.132, 111
Trd, 8639595.582, 118
Trd, 8639598.182, 108
Trd, 8639599.682, 122
Trd, 8639599.782, 113
Trd, 8639600.182, 122
Trd, 8639600.232, 111
Trd, 8639600.982, 125
Trd, 8639601.182, 112
Trd, 8639604.232, 140
Trd, 8639604.532, 140
Trd, 8639605.332, 137
Trd, 8639607.582, 140
Trd, 8639608.132, 140
Trd, 8639609.532, 140
Trd, 8639609.682, 140
Trd, 8639610.132, 140
Trd, 8639610.482, 140
Trd, 8639611.332, 140
Trd, 8639611.632, 140
Trd, 8639611.782, 140
Trd, 8639612.182, 139
Trd, 8639612.982, 126
Trd, 8639613.932, 109
Trd, 8639616.432, 113
Trd, 8639617.082, 127
Trd, 8639617.132, 128
Trd, 8639617.182, 113
Trd, 8639617.832, 133
Trd, 8639619.182, 132
Trd, 8639619.232, 112
Trd, 8639620.732, 125
Trd, 8639621.432, 111
Trd, 8639621.482, 116
Trd, 8639622.182, 108
Trd, 8639623.132, 112
Trd, 8639624.832, 122
Trd, 8639625.482, 124
Trd, 8639626.082, 126
Trd, 8639626.482, 119
Trd, 8639626.632, 118
Trd, 8639628.982, 140
Trd, 8639630.732, 140
Trd, 8639631.782, 140
Trd, 8639632.232, 140
Trd, 8639632.582, 140
Trd, 8639632.682, 139
Trd, 8639633.482, 133
Trd, 8639634.932, 134
Trd, 8639635.182, 133
Trd, 8639637.182, 109
Trd, 8639637.582, 118
Trd, 8639637.882, 120
Trd, 8639638.632, 113
Trd, 8639640.182, 117
Trd, 8639640.432, 121
Trd, 8639641.032, 116
Trd, 8639641.982, 123
Trd, 8639642.382, 129
Trd, 8639643.332, 128
Trd, 8639647.282, 140
Trd, 8639647.682, 140
Trd, 8639648.932, 140
Trd, 8639649.132, 140
Trd, 8639649.282, 140
Trd, 8639649.432, 140
Trd, 8639650.332, 140
Trd, 8639651.182, 140
Trd, 8639652.282, 139
Trd, 8639653.482, 140
Trd, 8639653.582, 121
Trd, 8639654.982, 140
Trd, 8639656.932, 140
Trd, 8639659.732, 140
Trd, 8639660.732, 140
Trd, 8639660.882, 140
Trd, 8639660.932, 140
Trd, 8639661.032, 140
Trd, 8639661.482, 104
Trd, 8639662.232, 121
Trd, 8639663.882, 140
Trd, 8639664.582, 140
Trd, 8639668.582, 140
Trd, 8639671.332, 140
Trd, 8639672.632, 140
Trd, 8639672.732, 140
Trd, 8639674.532, 140
Trd, 8639675.832, 140
Trd, 8639676.682, 140
Trd, 8639676.732, 139
Trd, 8639677.632, 133
Trd, 8639678.782, 139
Trd, 8639680.282, 133
Trd, 8639680.582, 132
Trd, 8639680.632, 117
Trd, 8639681.282, 94
Trd, 8639681.332, 133
Trd, 8639684.482, 109
Trd, 8639685.532, 109
Trd, 8639686.132, 110
Trd, 8639686.382, 118
Trd, 8639687.532, 116
Trd, 8639687.682, 109
Trd, 8639687.732, 117
Trd, 8639688.682, 123
Trd, 8639691.382, 140
Trd, 8639691.832, 125
Trd, 8639692.082, 97
Trd, 8639692.282, 139
Trd, 8639694.582, 119
Trd, 8639694.732, 117
Trd, 8639695.632, 140
Trd, 8639696.982, 140
Trd, 8639697.032, 140
Trd, 8639697.782, 133
Trd, 8639700.182, 130
Trd, 8639700.282, 128
Trd, 8639700.982, 130
Trd, 8639701.082, 130
Trd, 8639703.382, 140
Trd, 8639703.432, 140
Trd, 8639706.032, 140
Trd, 8639707.232, 140
Trd, 8639708.532, 140
Trd, 8639712.382, 140
Trd, 8639712.932, 140
Trd, 8639713.382, 140
Trd, 8639713.882, 140
Trd, 8639713.932, 138
Trd, 8639714.332, 139
Trd, 8639714.932, 137
Trd, 8639715.532, 126
Trd, 8639716.032, 137
Trd, 8639716.232, 114
Trd, 8639718.532, 133
Trd, 8639719.432, 132
Trd, 8639719.682, 122
Trd, 8639721.132, 127
Trd, 8639721.832, 129
Trd, 8639722.032, 128
Trd, 8639722.582, 127
Trd, 8639722.882, 126
Trd, 8639724.182, 124
Trd, 8639724.332, 118
Trd, 8639725.782, 122
Trd, 8639725.932, 123
Trd, 8639726.032, 124
Trd, 8639728.332, 120
Trd, 8639728.582, 98
Trd, 8639728.932, 102
Trd, 8639729.582, 117
Trd, 8639730.582, 103
Trd, 8639730.682, 117
Trd, 8639732.182, 81
Trd, 8639732.482, 115
Trd, 8639733.532, 121
Trd, 8639733.932, 91
Trd, 8639735.782, 125
Trd, 8639736.932, 122
Trd, 8639737.582, 119
Trd, 8639737.632, 124
Trd, 8639737.782, 116
Trd, 8639737.982, 116
Trd, 8639739.332, 122
Trd, 8639739.582, 121
Trd, 8639740.082, 119
Trd, 8639741.582, 138
Trd, 8639742.482, 140
Trd, 8639743.432, 123
Trd, 8639744.632, 140
Trd, 8639746.382, 140
Trd, 8639747.932, 140
Trd, 8639748.232, 140
Trd, 8639748.382, 140
Trd, 8639748.482, 135
Trd, 8639749.682, 140
Trd, 8639750.582, 140
Trd, 8639753.032, 140
Trd, 8639753.382, 140
Trd, 8639753.482, 140
Trd, 8639753.932, 139
Trd, 8639754.032, 138
Trd, 8639755.532, 129
Trd, 8639756.182, 134
Trd, 8639756.382, 135
Trd, 8639756.882, 139
Trd, 8639757.632, 138
Trd, 8639759.832, 140
Trd, 8639760.732, 140
Trd, 8639761.432, 140
Trd, 8639761.832, 139
Trd, 8639762.782, 138
Trd, 8639763.082, 97
Trd, 8639763.982, 136
Trd, 8639764.832, 136
Trd, 8639764.932, 139
Trd, 8639764.982, 107
Trd, 8639766.682, 133
Trd, 8639767.032, 115
Trd, 8639768.732, 86
Trd, 8639770.182, 140
Trd, 8639770.782, 140
Trd, 8639773.282, 140
Trd, 8639774.682, 140
Trd, 8639776.232, 140
Trd, 8639777.132, 140
Trd, 8639777.532, 140
Trd, 8639778.182, 140
Trd, 8639778.232, 140
Trd, 8639778.732, 127
Trd, 8639778.882, 137
Trd, 8639779.382, 139
Trd, 8639779.432, 116
Trd, 8639779.532, 88
Trd, 8639782.832, 140
Trd, 8639783.932, 140
Trd, 8639786.382, 140
Trd, 8639788.632, 140
Trd, 8639788.932, 139
Trd, 8639789.832, 140
Trd, 8639790.032, 140
Trd, 8639794.332, 140
Trd, 8639795.282, 140
Trd, 8639797.232, 140
Trd, 8639797.832, 140
Trd, 8639798.282, 140
Trd, 8639798.332, 140
Trd, 8639799.432, 140
Trd, 8639799.882, 140
Trd, 8639800.032, 140
Trd, 8639800.582, 136
Trd, 8639803.032, 137
Trd, 8639803.332, 138
Trd, 8639803.732, 138
Trd, 8639804.432, 138
Trd, 8639804.582, 137
Trd, 8639804.832, 120
Trd, 8639805.582, 140
Trd, 8639808.482, 140
Trd, 8639809.232, 140
Trd, 8639810.432, 140
Trd, 8639810.482, 140
Trd, 8639810.782, 140
Trd, 8639810.882, 140
Trd, 8639812.482, 140
Trd, 8639812.882, 137
Trd, 8639813.532, 109
Trd, 8639813.732, 140
Trd, 8639815.482, 139
Trd, 8639816.132, 122
Trd, 8639817.982, 135
Trd, 8639818.432, 127
Trd, 8639819.232, 135
Trd, 8639819.632, 126
Trd, 8639820.682, 116
Trd, 8639821.332, 130
Trd, 8639823.432, 117
Trd, 8639823.732, 89
Trd, 8639823.832, 123
Trd, 8639824.182, 123
Trd, 8639825.832, 67
Trd, 8639826.082, 67
Trd, 8639826.682, 68
Trd, 8639826.782, 63
Trd, 8639827.482, 61
Trd, 8639828.732, 114
Trd, 8639830.332, 65
Trd, 8639830.882, 113
Trd, 8639831.182, 117
Trd, 8639832.332, 80
Trd, 8639832.932, 122
Trd, 8639833.232, 99
Trd, 8639833.432, 98
Trd, 8639836.132, 140
Trd, 8639836.332, 140
Trd, 8639836.982, 140
Trd, 8639840.282, 140
Trd, 8639841.832, 140
Trd, 8639842.332, 140
Trd, 8639842.532, 140
Trd, 8639843.182, 140
Trd, 8639843.732, 140
Trd, 8639844.382, 140
Trd, 8639844.832, 140
Trd, 8639845.732, 136
Trd, 8639849.232, 140
Trd, 8639850.882, 140
Trd, 8639851.132, 140
Trd, 8639851.432, 140
Trd, 8639853.282, 140
Trd, 8639853.832, 140
Trd, 8639854.232, 140
Trd, 8639855.482, 139
Trd, 8639855.682, 139
Trd, 8639856.582, 139
Trd, 8639858.782, 139
Trd, 8639858.982, 138
Trd, 8639859.682, 138
Trd, 8639859.782, 139
Trd, 8639860.582, 136
Trd, 8639860.632, 138
Trd, 8639860.732, 135
Trd, 8639861.032, 129
Trd, 8639861.232, 96
Trd, 8639863.982, 140
Trd, 8639864.782, 140
Trd, 8639865.032, 140
Trd, 8639865.282, 140
Trd, 8639865.482, 140
Trd, 8639865.832, 122
Trd, 8639865.932, 121
Trd, 8639868.182, 113
Trd, 8639868.932, 137
Trd, 8639869.082, 138
Trd, 8639870.382, 137
Trd, 8639871.782, 98
Trd, 8639872.032, 101
Trd, 8639872.082, 102
Trd, 8639873.382, 93
Trd, 8639875.432, 140
Trd, 8639876.082, 140
Trd, 8639876.132, 140
Trd, 8639877.082, 140
Trd, 8639877.182, 134
Trd, 8639877.382, 107
Trd, 8639877.482, 103
Trd, 8639877.982, 140
Trd, 8639880.782, 131
Trd, 8639881.082, 133
Trd, 8639881.582, 132
Trd, 8639882.882, 134
Trd, 8639883.182, 123
Trd, 8639885.032, 132
Trd, 8639885.932, 131
Trd, 8639887.032, 101
Trd, 8639887.182, 102
Trd, 8639887.382, 100
Trd, 8639888.232, 126
Trd, 8639888.732, 121
Trd, 8639889.532, 125
Trd, 8639890.132, 99
Trd, 8639890.732, 127
Trd, 8639891.182, 86
Trd, 8639891.432, 85
Trd, 8639893.082, 98
Trd, 8639894.632, 122
Trd, 8639895.082, 123
Trd, 8639895.382, 122
Trd, 8639895.482, 123
Trd, 8639895.882, 127
Trd, 8639896.682, 83
Trd, 8639898.432, 63
Trd, 8639899.682, 65
Trd, 8639900.232, 63
Trd, 8639900.582, 66
Trd, 8639900.782, 68
Trd, 8639901.932, 71
Trd, 8639901.982, 72
Trd, 8639903.982, 63
Trd, 8639904.132, 62
Trd, 8639904.232, 96
Trd, 8639905.332, 97
Trd, 8639906.132, 62
Trd, 8639907.532, 61
Trd, 8639907.832, 62
Trd, 8639908.632, 63
Trd, 8639909.082, 65
Trd, 8639909.282, 67
Trd, 8639910.082, 71
Trd, 8639911.082, 66
Trd, 8639912.582, 110
Trd, 8639912.732, 111
Trd, 8639913.932, 110
Trd, 8639914.832, 95
Trd, 8639915.232, 114
Trd, 8639915.782, 94
Trd, 8639918.132, 140
Trd, 8639919.082, 140
Trd, 8639920.582, 140
Trd, 8639920.732, 140
Trd, 8639922.932, 140
Trd, 8639923.432, 140
Trd, 8639923.932, 140
Trd, 8639925.932, 140
Trd, 8639926.132, 140
Trd, 8639926.332, 140
Trd, 8639927.782, 140
Trd, 8639928.482, 140
Trd, 8639929.282, 140
Trd, 8639930.782, 129
Trd, 8639931.582, 130
Trd, 8639932.232, 140
Trd, 8639933.582, 138
Trd, 8639933.782, 138
Trd, 8639935.732, 140
Trd, 8639936.582, 140
Trd, 8639937.832, 140
Trd, 8639939.532, 140
Trd, 8639939.582, 139
Trd, 8639940.882, 140
Trd, 8639941.332, 140
Trd, 8639941.532, 140
Trd, 8639942.432, 140
Trd, 8639943.882, 140
Trd, 8639944.232, 139
Trd, 8639944.832, 137
Trd, 8639945.582, 136
Trd, 8639947.232, 85
Trd, 8639948.782, 122
Trd, 8639949.932, 118
Trd, 8639949.982, 116
Trd, 8639950.782, 116
Trd, 8639950.982, 81
Trd, 8639951.282, 62
Trd, 8639951.332, 123
Trd, 8639951.832, 124
Trd, 8639952.432, 125
Trd, 8639954.382, 140
Trd, 8639955.182, 140
Trd, 8639958.032, 140
Trd, 8639958.982, 140
Trd, 8639959.132, 140
Trd, 8639961.832, 140
Trd, 8639962.332, 140
Trd, 8639962.532, 140
Trd, 8639963.382, 117
Trd, 8639965.382, 134
Trd, 8639965.532, 133
Trd, 8639965.832, 140
Trd, 8639966.782, 134
Trd, 8639968.932, 126
Trd, 8639969.882, 123
Trd, 8639970.332, 121
Trd, 8639970.832, 118
Trd, 8639971.132, 114
Trd, 8639971.282, 119
Trd, 8639971.582, 121
Trd, 8639972.082, 109
Trd, 8639972.932, 68
Trd, 8639974.732, 140
Trd, 8639975.582, 140
Trd, 8639977.082, 140
Trd, 8639978.332, 140
Trd, 8639980.332, 140
Trd, 8639980.432, 140
Trd, 8639980.782, 140
Trd, 8639981.232, 140
Trd, 8639981.332, 140
Trd, 8639981.982, 139
Trd, 8639982.182, 138
Trd, 8639982.432, 139
Trd, 8639982.482, 131
Trd, 8639983.382, 121
Trd, 8639984.882, 140
Trd, 8639985.282, 108
Trd, 8639987.282, 79
Trd, 8639988.282, 99
Trd, 8639988.982, 96
Trd, 8639989.032, 97
Trd, 8639989.332, 77
Trd, 8639989.382, 98
Trd, 8639991.232, 61
Trd, 8639991.282, 137
Trd, 8639991.882, 82
Trd, 8639992.482, 138
Trd, 8639993.232, 81
Trd, 8639994.582, 73
Trd, 8639995.532, 140
Trd, 8639998.782, 140
Trd, 8639998.982, 140
Trd, 8639999.882, 140
