Trd, 4318122.243, 139
Trd, 4318122.293, 84
Trd, 4318122.893, 140
Trd, 4318124.893, 131
Trd, 4318125.993, 113
Trd, 4318126.543, 140
Trd, 4318128.393, 140
Trd, 4318128.793, 140
Trd, 4318128.893, 139
Trd, 4318129.193, 134
Trd, 4318130.793, 140
Trd, 4318131.693, 140
Trd, 4318132.493, 139
Trd, 4318132.693, 138
Trd, 4318133.743, 117
Trd, 4318134.343, 115
Trd, 4318135.093, 101
Trd, 4318135.593, 95
Trd, 4318136.843, 89
Trd, 4318138.293, 65
Trd, 4318138.593, 140
Trd, 4318139.293, 140
Trd, 4318139.993, 107
Trd, 4318141.243, 140
Trd, 4318141.643, 139
Trd, 4318141.793, 136
Trd, 4318142.543, 106
Trd, 4318142.793, 115
Trd, 4318143.693, 63
Trd, 4318144.093, 77
Trd, 4318145.143, 133
Trd, 4318146.793, 140
Trd, 4318147.093, 112
Trd, 4318147.343, 107
Trd, 4318149.293, 140
Trd, 4318149.643, 139
Trd, 4318149.993, 140
Trd, 4318151.143, 139
Trd, 4318151.793, 127
Trd, 4318152.693, 119
Trd, 4318153.793, 120
Trd, 4318154.443, 136
Trd, 4318156.243, 140
Trd, 4318156.443, 140
Trd, 4318157.493, 140
Trd, 4318157.993, 140
Trd, 4318158.643, 139
Trd, 4318158.793, 125
Trd, 4318160.093, 140
Trd, 4318160.543, 79
Trd, 4318160.593, 67
Trd, 4318161.293, 61
Trd, 4318161.893, 62
Trd, 4318163.443, 70
Trd, 4318163.843, 100
Trd, 4318164.493, 85
Trd, 4318166.193, 63
Trd, 4318166.493, 62
Trd, 4318166.843, 90
Trd, 4318166.943, 105
Trd, 4318168.093, 138
Trd, 4318168.643, 137
Trd, 4318169.793, 140
Trd, 4318171.293, 140
Trd, 4318171.443, 140
Trd, 4318171.743, 140
Trd, 4318173.143, 140
Trd, 4318174.743, 140
Trd, 4318174.893, 105
Trd, 4318175.093, 103
Trd, 4318175.243, 139
Trd, 4318176.093, 140
Trd, 4318176.593, 75
Trd, 4318177.743, 139
Trd, 4318178.693, 90
Trd, 4318179.943, 63
Trd, 4318180.793, 63
Trd, 4318181.593, 110
Trd, 4318181.743, 61
Trd, 4318182.643, 140
Trd, 4318183.493, 140
Trd, 4318183.543, 140
Trd, 4318184.793, 139
Trd, 4318185.043, 137
Trd, 4318185.343, 88
Trd, 4318185.993, 96
Trd, 4318187.943, 140
Trd, 4318188.693, 140
Trd, 4318188.893, 138
Trd, 4318189.993, 110
Trd, 4318190.143, 128
Trd, 4318190.393, 140
Trd, 4318190.893, 96
Trd, 4318191.643, 86
Trd, 4318192.093, 125
Trd, 4318193.793, 140
Trd, 4318193.943, 140
Trd, 4318195.093, 140
Trd, 4318196.593, 140
Trd, 4318197.143, 140
Trd, 4318197.343, 140
Trd, 4318197.943, 139
Trd, 4318198.043, 137
Trd, 4318199.493, 140
Trd, 4318199.643, 118
Trd, 4318201.043, 139
Trd, 4318201.393, 138
Trd, 4318201.543, 133
Trd, 4318201.693, 84
Trd, 4318202.443, 65
Trd, 4318202.843, 140
Trd, 4318204.243, 140
Trd, 4318205.243, 140
Trd, 4318205.693, 140
Trd, 4318206.193, 132
Trd, 4318206.493, 137
Trd, 4318207.743, 140
Trd, 4318207.943, 140
Trd, 4318208.243, 136
Trd, 4318209.393, 128
Trd, 4318209.443, 80
Trd, 4318210.093, 69
Trd, 4318212.343, 140
Trd, 4318212.743, 140
Trd, 4318213.443, 140
Trd, 4318213.693, 140
Trd, 4318213.743, 136
Trd, 4318215.043, 129
Trd, 4318215.793, 130
Trd, 4318216.043, 140
Trd, 4318219.043, 140
Trd, 4318219.293, 140
Trd, 4318219.393, 137
Trd, 4318220.393, 134
Trd, 4318220.943, 140
Trd, 4318221.293, 139
Trd, 4318222.293, 140
Trd, 4318222.493, 121
Trd, 4318223.593, 137
Trd, 4318225.493, 121
Trd, 4318225.693, 116
Trd, 4318226.243, 95
Trd, 4318226.693, 140
Trd, 4318228.043, 135
Trd, 4318228.193, 140
Trd, 4318229.843, 140
Trd, 4318230.143, 140
Trd, 4318231.743, 140
Trd, 4318232.143, 131
Trd, 4318232.193, 120
Trd, 4318232.243, 99
Trd, 4318232.793, 124
Trd, 4318232.993, 69
Trd, 4318234.993, 140
Trd, 4318236.193, 140
Trd, 4318237.793, 140
Trd, 4318240.093, 140
Trd, 4318240.243, 140
Trd, 4318240.393, 139
Trd, 4318241.043, 137
Trd, 4318241.743, 110
Trd, 4318242.243, 88
Trd, 4318242.543, 97
Trd, 4318243.293, 67
Trd, 4318244.943, 131
Trd, 4318245.243, 72
Trd, 4318245.593, 136
Trd, 4318247.843, 140
Trd, 4318247.993, 140
Trd, 4318249.093, 140
Trd, 4318249.893, 140
Trd, 4318250.293, 132
Trd, 4318250.343, 120
Trd, 4318250.943, 73
Trd, 4318251.393, 67
Trd, 4318252.043, 100
Trd, 4318252.343, 100
Trd, 4318252.993, 122
Trd, 4318253.793, 101
Trd, 4318254.243, 123
Trd, 4318255.143, 139
Trd, 4318256.243, 139
Trd, 4318256.343, 99
Trd, 4318257.193, 66
Trd, 4318259.793, 65
Trd, 4318259.843, 88
Trd, 4318260.543, 140
Trd, 4318261.343, 140
Trd, 4318262.393, 140
Trd, 4318262.743, 139
Trd, 4318262.993, 138
Trd, 4318265.193, 140
Trd, 4318265.643, 140
Trd, 4318266.493, 140
Trd, 4318266.943, 140
Trd, 4318267.093, 139
Trd, 4318267.293, 138
Trd, 4318268.093, 138
Trd, 4318268.193, 124
Trd, 4318269.293, 140
Trd, 4318270.443, 140
Trd, 4318270.593, 140
Trd, 4318271.943, 138
Trd, 4318272.043, 86
Trd, 4318272.493, 106
Trd, 4318273.443, 138
Trd, 4318274.443, 131
Trd, 4318274.893, 139
Trd, 4318275.243, 140
Trd, 4318275.493, 140
Trd, 4318276.293, 137
Trd, 4318276.493, 136
Trd, 4318277.043, 102
Trd, 4318277.093, 77
Trd, 4318278.093, 61
Trd, 4318278.343, 63
Trd, 4318280.093, 83
Trd, 4318280.993, 67
Trd, 4318281.243, 109
Trd, 4318282.593, 140
Trd, 4318282.793, 138
Trd, 4318284.343, 138
Trd, 4318284.543, 138
Trd, 4318284.793, 136
Trd, 4318285.293, 63
Trd, 4318286.543, 120
Trd, 4318286.943, 125
Trd, 4318287.793, 68
Trd, 4318287.993, 91
Trd, 4318288.843, 140
Trd, 4318289.693, 140
Trd, 4318291.093, 140
Trd, 4318291.443, 140
Trd, 4318292.043, 86
Trd, 4318292.593, 103
Trd, 4318292.793, 79
Trd, 4318294.843, 140
Trd, 4318295.393, 140
Trd, 4318295.993, 140
Trd, 4318296.843, 140
Trd, 4318297.543, 111
Trd, 4318298.493, 129
Trd, 4318298.993, 110
Trd, 4318301.543, 61
Trd, 4318301.593, 63
Trd, 4318301.793, 69
Trd, 4318301.843, 74
Trd, 4318302.693, 135
Trd, 4318303.293, 137
Trd, 4318303.743, 138
Trd, 4318304.143, 136
Trd, 4318304.393, 105
Trd, 4318305.343, 140
Trd, 4318306.543, 140
Trd, 4318307.093, 139
Trd, 4318307.593, 139
Trd, 4318307.843, 138
Trd, 4318309.543, 112
Trd, 4318310.093, 65
Trd, 4318310.943, 133
Trd, 4318311.443, 139
Trd, 4318311.693, 96
Trd, 4318312.393, 111
Trd, 4318312.793, 131
Trd, 4318313.543, 69
Trd, 4318314.293, 137
Trd, 4318315.443, 140
Trd, 4318315.793, 136
Trd, 4318316.093, 109
Trd, 4318317.793, 139
Trd, 4318318.493, 140
Trd, 4318318.693, 138
Trd, 4318318.993, 137
Trd, 4318319.743, 137
Trd, 4318321.243, 140
Trd, 4318322.093, 139
Trd, 4318322.293, 138
Trd, 4318323.293, 73
Trd, 4318323.493, 68
Trd, 4318324.043, 129
Trd, 4318324.943, 140
Trd, 4318325.093, 138
Trd, 4318325.493, 91
Trd, 4318326.693, 140
Trd, 4318327.093, 132
Trd, 4318327.843, 115
Trd, 4318328.143, 76
Trd, 4318328.193, 137
Trd, 4318328.943, 83
Trd, 4318330.543, 133
Trd, 4318332.093, 140
Trd, 4318332.393, 140
Trd, 4318333.093, 140
Trd, 4318333.243, 140
Trd, 4318335.293, 140
Trd, 4318335.393, 123
Trd, 4318335.693, 122
Trd, 4318337.043, 136
Trd, 4318337.093, 135
Trd, 4318338.093, 139
Trd, 4318338.343, 92
Trd, 4318339.043, 137
Trd, 4318339.893, 107
Trd, 4318341.493, 140
Trd, 4318341.593, 139
Trd, 4318341.643, 83
Trd, 4318342.693, 125
Trd, 4318343.493, 63
Trd, 4318344.693, 116
Trd, 4318344.993, 72
Trd, 4318345.693, 66
Trd, 4318345.893, 135
Trd, 4318346.993, 138
Trd, 4318347.893, 130
Trd, 4318348.493, 123
Trd, 4318348.793, 91
Trd, 4318349.393, 105
Trd, 4318350.793, 140
Trd, 4318351.343, 137
Trd, 4318351.393, 131
Trd, 4318352.543, 79
Trd, 4318352.743, 120
Trd, 4318354.743, 128
Trd, 4318355.043, 61
Trd, 4318355.343, 105
Trd, 4318355.493, 111
Trd, 4318355.543, 104
Trd, 4318356.793, 62
Trd, 4318357.593, 62
Trd, 4318359.193, 140
Trd, 4318360.143, 140
Trd, 4318360.343, 140
Trd, 4318360.443, 139
Trd, 4318360.643, 132
Trd, 4318362.493, 140
Trd, 4318362.593, 140
Trd, 4318363.543, 140
Trd, 4318363.893, 140
Trd, 4318364.093, 140
Trd, 4318364.593, 99
Trd, 4318365.493, 139
Trd, 4318365.643, 133
Trd, 4318366.043, 104
Trd, 4318366.793, 136
Trd, 4318367.243, 102
Trd, 4318368.793, 140
Trd, 4318370.293, 138
Trd, 4318371.093, 139
Trd, 4318371.943, 138
Trd, 4318372.543, 133
Trd, 4318373.043, 138
Trd, 4318373.243, 125
Trd, 4318374.093, 65
Trd, 4318375.843, 112
Trd, 4318375.993, 111
Trd, 4318376.493, 68
Trd, 4318378.893, 140
Trd, 4318379.243, 140
Trd, 4318379.443, 140
Trd, 4318380.343, 140
Trd, 4318380.693, 140
Trd, 4318381.893, 140
Trd, 4318382.493, 140
Trd, 4318382.993, 140
Trd, 4318383.993, 140
Trd, 4318384.093, 135
Trd, 4318386.293, 140
Trd, 4318386.643, 140
Trd, 4318386.693, 140
Trd, 4318387.543, 139
Trd, 4318387.743, 119
Trd, 4318388.643, 123
Trd, 4318389.443, 117
Trd, 4318389.643, 113
Trd, 4318389.743, 86
Trd, 4318390.943, 116
Trd, 4318391.193, 138
Trd, 4318391.543, 81
Trd, 4318391.743, 140
Trd, 4318392.993, 64
Trd, 4318393.593, 60
Trd, 4318394.543, 131
Trd, 4318394.893, 129
Trd, 4318395.093, 140
Trd, 4318397.143, 140
Trd, 4318397.243, 138
Trd, 4318398.643, 64
Trd, 4318398.743, 66
Trd, 4318398.843, 62
Trd, 4318400.143, 140
Trd, 4318400.393, 140
Trd, 4318400.743, 137
Trd, 4318401.393, 125
Trd, 4318403.043, 140
Trd, 4318403.143, 139
Trd, 4318403.943, 139
Trd, 4318404.243, 107
Trd, 4318405.093, 140
Trd, 4318405.393, 109
Trd, 4318406.943, 140
Trd, 4318408.043, 140
Trd, 4318408.743, 134
Trd, 4318409.393, 128
Trd, 4318409.993, 139
Trd, 4318410.743, 130
Trd, 4318411.193, 140
Trd, 4318411.293, 128
Trd, 4318411.543, 126
Trd, 4318412.643, 60
Trd, 4318413.343, 140
Trd, 4318413.993, 70
Trd, 4318414.393, 69
Trd, 4318415.893, 140
Trd, 4318415.993, 138
Trd, 4318416.693, 139
Trd, 4318416.993, 120
Trd, 4318417.443, 91
Trd, 4318418.193, 140
Trd, 4318419.143, 140
Trd, 4318420.643, 140
Trd, 4318421.793, 140
Trd, 4318421.893, 139
Trd, 4318421.943, 138
Trd, 4318422.793, 105
Trd, 4318422.893, 96
Trd, 4318424.793, 140
Trd, 4318425.093, 139
Trd, 4318426.093, 138
Trd, 4318427.943, 140
Trd, 4318428.543, 139
Trd, 4318428.943, 136
Trd, 4318430.743, 140
Trd, 4318431.543, 106
Trd, 4318432.143, 84
Trd, 4318432.243, 65
Trd, 4318432.393, 139
Trd, 4318433.543, 137
Trd, 4318434.293, 140
Trd, 4318434.493, 96
Trd, 4318434.693, 95
Trd, 4318435.593, 125
Trd, 4318436.843, 139
Trd, 4318436.943, 88
Trd, 4318437.393, 140
Trd, 4318439.493, 133
Trd, 4318440.543, 134
Trd, 4318441.693, 138
Trd, 4318441.793, 132
Trd, 4318441.893, 140
Trd, 4318441.993, 115
Trd, 4318442.693, 103
Trd, 4318444.243, 140
Trd, 4318444.593, 137
Trd, 4318444.843, 136
Trd, 4318445.943, 124
Trd, 4318446.643, 123
Trd, 4318447.793, 140
Trd, 4318448.493, 140
Trd, 4318448.793, 140
Trd, 4318448.843, 139
Trd, 4318449.643, 140
Trd, 4318450.943, 132
Trd, 4318452.093, 140
Trd, 4318452.143, 77
Trd, 4318452.443, 71
Trd, 4318453.443, 140
Trd, 4318453.643, 140
Trd, 4318453.693, 119
Trd, 4318455.543, 139
Trd, 4318456.293, 62
Trd, 4318456.893, 62
Trd, 4318457.343, 135
Trd, 4318457.443, 90
Trd, 4318458.343, 137
Trd, 4318458.643, 108
Trd, 4318459.293, 125
Trd, 4318460.093, 137
Trd, 4318461.443, 83
Trd, 4318462.443, 106
Trd, 4318462.843, 105
Trd, 4318463.343, 84
Trd, 4318464.643, 140
Trd, 4318464.743, 139
Trd, 4318465.093, 132
Trd, 4318465.993, 72
Trd, 4318466.543, 100
Trd, 4318468.843, 139
Trd, 4318468.943, 137
Trd, 4318469.993, 121
Trd, 4318470.543, 136
Trd, 4318471.043, 140
Trd, 4318471.443, 140
Trd, 4318472.693, 139
Trd, 4318473.143, 93
Trd, 4318474.143, 140
Trd, 4318474.443, 132
Trd, 4318474.493, 105
Trd, 4318475.043, 73
Trd, 4318475.593, 67
Trd, 4318476.393, 62
Trd, 4318477.393, 134
Trd, 4318477.543, 129
Trd, 4318479.643, 140
Trd, 4318480.643, 140
Trd, 4318480.693, 140
Trd, 4318481.793, 140
Trd, 4318481.843, 113
Trd, 4318483.543, 140
Trd, 4318485.693, 140
Trd, 4318486.043, 140
Trd, 4318486.593, 140
Trd, 4318487.143, 140
Trd, 4318487.493, 139
Trd, 4318487.843, 137
Trd, 4318488.743, 135
Trd, 4318489.093, 127
Trd, 4318491.193, 140
Trd, 4318491.593, 140
Trd, 4318491.743, 140
Trd, 4318493.243, 140
Trd, 4318494.243, 135
Trd, 4318494.743, 119
Trd, 4318495.093, 96
Trd, 4318496.143, 133
Trd, 4318496.443, 137
Trd, 4318498.393, 139
Trd, 4318498.493, 122
Trd, 4318499.243, 125
Trd, 4318499.693, 129
Trd, 4318499.793, 131
Trd, 4318500.593, 68
Trd, 4318501.143, 69
Trd, 4318502.443, 132
Trd, 4318502.493, 99
Trd, 4318502.893, 140
Trd, 4318506.243, 140
Trd, 4318506.543, 139
Trd, 4318506.743, 139
Trd, 4318507.493, 139
Trd, 4318508.543, 140
Trd, 4318508.793, 135
Trd, 4318509.943, 73
Trd, 4318511.293, 140
Trd, 4318511.693, 140
Trd, 4318513.043, 140
Trd, 4318513.493, 140
Trd, 4318513.743, 140
Trd, 4318514.043, 104
Trd, 4318514.693, 89
Trd, 4318515.243, 76
Trd, 4318516.293, 95
Trd, 4318517.793, 117
Trd, 4318517.993, 132
Trd, 4318518.243, 140
Trd, 4318519.643, 135
Trd, 4318521.293, 124
Trd, 4318521.693, 121
Trd, 4318521.843, 114
Trd, 4318522.493, 140
Trd, 4318522.693, 140
Trd, 4318522.943, 138
Trd, 4318522.993, 109
Trd, 4318523.093, 84
Trd, 4318525.593, 140
Trd, 4318526.343, 140
Trd, 4318526.993, 136
Trd, 4318527.743, 136
Trd, 4318528.893, 61
Trd, 4318529.493, 129
Trd, 4318530.143, 140
Trd, 4318530.493, 104
Trd, 4318530.793, 121
Trd, 4318531.743, 140
Trd, 4318533.593, 140
Trd, 4318533.693, 140
Trd, 4318534.193, 139
Trd, 4318534.293, 127
Trd, 4318534.393, 125
Trd, 4318536.193, 140
Trd, 4318538.193, 139
Trd, 4318540.393, 140
Trd, 4318540.493, 140
Trd, 4318541.243, 140
Trd, 4318541.793, 140
Trd, 4318541.993, 120
Trd, 4318542.343, 117
Trd, 4318542.593, 137
Trd, 4318544.443, 140
Trd, 4318544.593, 140
Trd, 4318545.343, 140
Trd, 4318546.293, 140
Trd, 4318546.393, 140
Trd, 4318546.843, 140
Trd, 4318548.293, 126
Trd, 4318548.743, 124
Trd, 4318549.793, 97
Trd, 4318550.093, 119
Trd, 4318551.843, 140
Trd, 4318552.243, 77
Trd, 4318552.443, 87
Trd, 4318552.643, 132
Trd, 4318554.143, 140
Trd, 4318554.743, 135
Trd, 4318554.993, 65
Trd, 4318555.693, 64
Trd, 4318555.843, 102
Trd, 4318556.143, 79
Trd, 4318557.943, 112
Trd, 4318558.593, 140
Trd, 4318559.393, 139
Trd, 4318559.643, 103
Trd, 4318559.743, 90
Trd, 4318560.243, 60
Trd, 4318560.443, 96
Trd, 4318561.693, 139
Trd, 4318561.993, 121
Trd, 4318562.943, 62
Trd, 4318563.643, 89
Trd, 4318564.693, 140
Trd, 4318564.743, 140
Trd, 4318565.593, 130
Trd, 4318566.343, 138
Trd, 4318567.243, 134
Trd, 4318567.343, 134
Trd, 4318567.393, 131
Trd, 4318567.543, 87
Trd, 4318569.543, 87
Trd, 4318570.043, 81
Trd, 4318570.593, 124
Trd, 4318571.743, 111
Trd, 4318571.943, 126
Trd, 4318572.643, 109
Trd, 4318573.693, 139
Trd, 4318573.743, 136
Trd, 4318574.193, 101
Trd, 4318574.693, 139
Trd, 4318574.943, 128
Trd, 4318576.143, 94
Trd, 4318577.693, 140
Trd, 4318578.243, 139
Trd, 4318580.643, 61
Trd, 4318580.743, 73
Trd, 4318581.043, 140
Trd, 4318581.193, 77
Trd, 4318582.693, 83
Trd, 4318583.493, 136
Trd, 4318583.543, 87
Trd, 4318583.993, 128
Trd, 4318585.643, 140
Trd, 4318586.243, 140
Trd, 4318586.893, 140
Trd, 4318587.443, 140
Trd, 4318587.943, 139
Trd, 4318589.093, 104
Trd, 4318589.743, 66
Trd, 4318589.843, 74
Trd, 4318590.593, 137
Trd, 4318591.693, 140
Trd, 4318593.993, 140
Trd, 4318594.393, 140
Trd, 4318594.743, 108
Trd, 4318594.943, 65
Trd, 4318595.893, 140
Trd, 4318596.293, 133
Trd, 4318596.793, 99
Trd, 4318596.893, 65
Trd, 4318598.243, 140
Trd, 4318600.243, 140
Trd, 4318600.343, 139
Trd, 4318600.543, 106
Trd, 4318600.693, 101
Trd, 4318601.893, 125
Trd, 4318602.943, 124
Trd, 4318603.493, 140
Trd, 4318604.093, 140
Trd, 4318604.293, 139
Trd, 4318605.643, 140
Trd, 4318606.743, 140
Trd, 4318606.843, 140
Trd, 4318607.643, 140
Trd, 4318607.693, 135
Trd, 4318609.043, 140
Trd, 4318610.543, 123
Trd, 4318611.443, 114
Trd, 4318611.893, 115
Trd, 4318612.843, 140
Trd, 4318613.143, 104
Trd, 4318613.543, 140
Trd, 4318614.843, 123
Trd, 4318615.193, 93
Trd, 4318617.293, 140
Trd, 4318617.593, 140
Trd, 4318618.043, 140
Trd, 4318618.243, 137
Trd, 4318618.493, 140
Trd, 4318619.143, 131
Trd, 4318620.593, 140
Trd, 4318621.243, 140
Trd, 4318621.893, 140
Trd, 4318622.093, 106
Trd, 4318622.243, 65
Trd, 4318622.793, 122
Trd, 4318623.893, 138
Trd, 4318625.493, 140
Trd, 4318625.693, 127
Trd, 4318626.943, 140
Trd, 4318627.143, 138
Trd, 4318627.443, 135
Trd, 4318628.543, 140
Trd, 4318630.743, 140
Trd, 4318630.843, 139
Trd, 4318631.393, 135
Trd, 4318631.743, 104
Trd, 4318632.843, 62
Trd, 4318633.193, 61
Trd, 4318633.643, 139
Trd, 4318633.893, 95
Trd, 4318635.743, 79
Trd, 4318636.593, 71
Trd, 4318637.143, 65
Trd, 4318637.593, 128
Trd, 4318638.293, 130
Trd, 4318638.943, 129
Trd, 4318639.543, 139
Trd, 4318640.693, 101
Trd, 4318641.493, 83
Trd, 4318641.593, 80
Trd, 4318641.943, 139
Trd, 4318642.043, 136
Trd, 4318643.693, 139
Trd, 4318644.143, 113
Trd, 4318644.593, 135
Trd, 4318645.343, 102
Trd, 4318646.343, 110
Trd, 4318647.943, 75
Trd, 4318648.193, 105
Trd, 4318648.993, 127
Trd, 4318649.443, 140
Trd, 4318649.943, 135
Trd, 4318651.093, 128
Trd, 4318652.643, 140
Trd, 4318653.293, 140
Trd, 4318654.043, 140
Trd, 4318654.543, 129
Trd, 4318654.993, 136
Trd, 4318655.593, 131
Trd, 4318655.693, 128
Trd, 4318656.643, 113
Trd, 4318658.393, 75
Trd, 4318658.493, 73
Trd, 4318658.743, 78
Trd, 4318659.443, 140
Trd, 4318659.793, 140
Trd, 4318661.543, 67
Trd, 4318663.043, 86
Trd, 4318663.093, 85
Trd, 4318663.543, 83
Trd, 4318663.793, 119
Trd, 4318663.993, 135
Trd, 4318664.793, 140
Trd, 4318664.843, 140
Trd, 4318665.443, 135
Trd, 4318667.093, 133
Trd, 4318668.043, 138
Trd, 4318668.143, 134
Trd, 4318668.543, 133
Trd, 4318669.443, 140
Trd, 4318670.393, 118
Trd, 4318671.243, 140
Trd, 4318672.793, 140
Trd, 4318673.143, 140
Trd, 4318673.193, 140
Trd, 4318674.343, 140
Trd, 4318675.743, 139
Trd, 4318676.193, 140
Trd, 4318677.993, 140
Trd, 4318678.293, 139
Trd, 4318678.493, 86
Trd, 4318678.693, 123
Trd, 4318679.393, 64
Trd, 4318680.443, 128
Trd, 4318681.643, 138
Trd, 4318681.943, 107
Trd, 4318682.943, 60
Trd, 4318682.993, 100
Trd, 4318684.543, 64
Trd, 4318685.393, 64
Trd, 4318686.143, 92
Trd, 4318686.493, 140
Trd, 4318686.693, 64
Trd, 4318687.893, 140
Trd, 4318688.443, 140
Trd, 4318688.793, 103
Trd, 4318690.343, 140
Trd, 4318690.543, 140
Trd, 4318690.843, 60
Trd, 4318692.043, 63
Trd, 4318693.643, 111
Trd, 4318694.443, 140
Trd, 4318695.093, 122
Trd, 4318695.193, 97
Trd, 4318695.643, 115
Trd, 4318695.993, 112
Trd, 4318697.293, 139
Trd, 4318697.493, 127
Trd, 4318697.993, 95
Trd, 4318698.093, 87
Trd, 4318698.743, 63
Trd, 4318699.893, 92
Trd, 4318700.343, 138
Trd, 4318701.043, 127
Trd, 4318701.743, 140
Trd, 4318702.743, 120
Trd, 4318703.943, 98
Trd, 4318704.143, 86
Trd, 4318705.743, 140
Trd, 4318706.043, 122
Trd, 4318706.793, 140
Trd, 4318707.393, 140
Trd, 4318708.043, 107
Trd, 4318709.143, 127
Trd, 4318709.293, 95
Trd, 4318709.843, 77
Trd, 4318711.543, 140
Trd, 4318712.443, 129
Trd, 4318712.993, 139
Trd, 4318713.643, 136
Trd, 4318714.043, 135
Trd, 4318714.693, 140
Trd, 4318715.293, 86
Trd, 4318715.793, 72
Trd, 4318717.543, 140
Trd, 4318717.643, 140
Trd, 4318718.243, 140
Trd, 4318718.393, 123
Trd, 4318719.993, 140
Trd, 4318720.293, 109
Trd, 4318721.043, 108
Trd, 4318722.543, 122
Trd, 4318723.093, 121
Trd, 4318723.443, 122
Trd, 4318724.693, 68
Trd, 4318725.293, 105
Trd, 4318725.593, 140
Trd, 4318725.943, 140
Trd, 4318726.093, 139
Trd, 4318727.043, 62
Trd, 4318727.543, 65
Trd, 4318729.043, 136
Trd, 4318730.243, 132
Trd, 4318730.293, 131
Trd, 4318731.543, 138
Trd, 4318731.693, 137
Trd, 4318732.993, 134
Trd, 4318733.143, 130
Trd, 4318734.343, 87
Trd, 4318734.843, 137
Trd, 4318735.143, 70
Trd, 4318736.043, 76
Trd, 4318736.443, 139
Trd, 4318736.943, 81
Trd, 4318738.193, 70
Trd, 4318738.693, 86
Trd, 4318739.093, 140
Trd, 4318739.443, 130
Trd, 4318740.443, 140
Trd, 4318741.393, 69
Trd, 4318742.443, 132
Trd, 4318743.443, 78
Trd, 4318743.843, 116
Trd, 4318744.843, 70
Trd, 4318744.943, 139
Trd, 4318746.343, 132
Trd, 4318747.043, 139
Trd, 4318747.343, 130
Trd, 4318747.393, 111
Trd, 4318748.343, 105
Trd, 4318748.543, 99
Trd, 4318750.093, 94
Trd, 4318750.593, 72
Trd, 4318751.343, 136
Trd, 4318751.743, 110
Trd, 4318752.893, 99
Trd, 4318753.543, 139
Trd, 4318754.393, 140
Trd, 4318755.543, 139
Trd, 4318755.943, 138
Trd, 4318756.843, 138
Trd, 4318757.493, 138
Trd, 4318757.593, 130
Trd, 4318759.143, 63
Trd, 4318759.793, 114
Trd, 4318759.993, 74
Trd, 4318760.093, 63
Trd, 4318761.443, 135
Trd, 4318762.093, 133
Trd, 4318762.993, 105
Trd, 4318763.843, 107
Trd, 4318764.443, 138
Trd, 4318765.543, 138
Trd, 4318765.943, 137
Trd, 4318766.043, 103
Trd, 4318767.043, 60
Trd, 4318767.193, 63
Trd, 4318767.993, 61
Trd, 4318769.643, 136
Trd, 4318769.943, 68
Trd, 4318769.993, 65
Trd, 4318770.943, 140
Trd, 4318771.643, 140
Trd, 4318771.743, 137
Trd, 4318772.993, 139
Trd, 4318773.093, 139
Trd, 4318774.743, 140
Trd, 4318775.593, 128
Trd, 4318776.293, 138
Trd, 4318777.043, 140
Trd, 4318777.493, 139
Trd, 4318779.143, 140
Trd, 4318780.393, 133
Trd, 4318780.493, 140
Trd, 4318780.543, 121
Trd, 4318782.293, 140
Trd, 4318782.393, 140
Trd, 4318782.443, 130
Trd, 4318783.743, 140
Trd, 4318784.393, 140
Trd, 4318784.743, 135
Trd, 4318784.993, 127
Trd, 4318785.843, 140
Trd, 4318786.793, 126
Trd, 4318787.843, 140
Trd, 4318788.643, 140
Trd, 4318789.143, 140
Trd, 4318790.343, 139
Trd, 4318791.343, 140
Trd, 4318791.893, 140
Trd, 4318792.493, 114
Trd, 4318793.143, 139
Trd, 4318793.293, 138
Trd, 4318793.493, 125
Trd, 4318794.193, 66
Trd, 4318794.893, 84
Trd, 4318796.043, 80
Trd, 4318797.143, 138
Trd, 4318797.293, 121
Trd, 4318798.993, 140
Trd, 4318799.193, 140
Trd, 4318799.243, 140
Trd, 4318800.593, 140
Trd, 4318800.643, 139
Trd, 4318800.693, 137
Trd, 4318802.193, 140
Trd, 4318803.293, 140
Trd, 4318804.343, 140
Trd, 4318804.793, 140
Trd, 4318805.443, 140
Trd, 4318805.643, 138
Trd, 4318805.743, 117
Trd, 4318806.443, 139
Trd, 4318807.293, 135
Trd, 4318807.843, 139
Trd, 4318809.193, 139
Trd, 4318810.043, 140
Trd, 4318810.243, 90
Trd, 4318810.343, 76
Trd, 4318811.493, 140
Trd, 4318812.143, 129
Trd, 4318812.843, 140
Trd, 4318814.093, 140
Trd, 4318814.193, 140
Trd, 4318814.643, 140
Trd, 4318815.693, 133
Trd, 4318815.943, 133
Trd, 4318815.993, 118
Trd, 4318816.193, 84
Trd, 4318817.693, 140
Trd, 4318818.043, 140
Trd, 4318818.943, 140
Trd, 4318819.393, 140
Trd, 4318820.793, 140
Trd, 4318822.043, 140
Trd, 4318822.093, 138
Trd, 4318822.643, 139
Trd, 4318822.693, 134
Trd, 4318824.193, 107
Trd, 4318824.493, 112
Trd, 4318824.743, 96
Trd, 4318824.993, 100
Trd, 4318825.843, 62
Trd, 4318825.993, 128
Trd, 4318826.843, 81
Trd, 4318827.743, 81
Trd, 4318827.993, 78
Trd, 4318830.743, 140
Trd, 4318830.793, 140
Trd, 4318831.143, 139
Trd, 4318831.493, 133
Trd, 4318833.343, 140
Trd, 4318833.693, 137
Trd, 4318834.243, 112
Trd, 4318834.343, 100
Trd, 4318834.443, 116
Trd, 4318835.493, 136
Trd, 4318835.943, 118
Trd, 4318835.993, 116
Trd, 4318836.193, 139
Trd, 4318837.643, 60
Trd, 4318837.943, 93
Trd, 4318839.043, 61
Trd, 4318840.643, 140
Trd, 4318840.693, 138
Trd, 4318840.993, 90
Trd, 4318841.493, 140
Trd, 4318841.993, 139
Trd, 4318845.043, 140
Trd, 4318846.043, 140
Trd, 4318846.143, 140
Trd, 4318847.093, 138
Trd, 4318847.993, 140
Trd, 4318848.343, 99
Trd, 4318849.443, 98
Trd, 4318849.693, 128
Trd, 4318851.343, 65
Trd, 4318852.493, 140
Trd, 4318852.693, 115
Trd, 4318853.443, 90
Trd, 4318853.743, 139
Trd, 4318854.493, 98
Trd, 4318855.693, 140
Trd, 4318855.843, 140
Trd, 4318856.143, 126
Trd, 4318857.293, 139
Trd, 4318857.443, 73
Trd, 4318859.593, 89
Trd, 4318860.493, 91
Trd, 4318861.493, 140
Trd, 4318861.743, 139
Trd, 4318861.793, 114
Trd, 4318861.843, 113
Trd, 4318863.393, 134
Trd, 4318863.693, 129
Trd, 4318864.643, 139
Trd, 4318865.393, 102
Trd, 4318866.043, 126
Trd, 4318867.093, 139
Trd, 4318867.343, 140
Trd, 4318868.093, 137
Trd, 4318868.743, 128
Trd, 4318869.543, 77
Trd, 4318870.343, 68
Trd, 4318870.743, 77
Trd, 4318872.143, 139
Trd, 4318872.743, 122
Trd, 4318873.193, 90
Trd, 4318873.443, 63
Trd, 4318874.243, 137
Trd, 4318874.593, 63
Trd, 4318876.043, 83
Trd, 4318876.643, 60
Trd, 4318878.093, 140
Trd, 4318878.343, 140
Trd, 4318879.393, 140
Trd, 4318881.993, 140
Trd, 4318882.143, 140
Trd, 4318882.543, 140
Trd, 4318882.743, 140
Trd, 4318882.893, 139
Trd, 4318883.793, 102
Trd, 4318884.243, 139
Trd, 4318884.693, 101
Trd, 4318886.693, 139
Trd, 4318886.843, 139
Trd, 4318887.543, 94
Trd, 4318887.993, 110
Trd, 4318889.343, 140
Trd, 4318889.593, 135
Trd, 4318889.793, 133
Trd, 4318890.043, 132
Trd, 4318890.943, 140
Trd, 4318891.143, 137
Trd, 4318894.043, 140
Trd, 4318894.243, 140
Trd, 4318894.443, 138
Trd, 4318894.493, 77
Trd, 4318895.293, 136
Trd, 4318896.243, 139
Trd, 4318896.843, 140
Trd, 4318897.943, 140
Trd, 4318898.593, 117
Trd, 4318898.893, 96
Trd, 4318900.293, 128
Trd, 4318900.493, 103
Trd, 4318900.543, 116
Trd, 4318902.043, 93
Trd, 4318902.293, 135
Trd, 4318903.443, 91
Trd, 4318904.443, 138
Trd, 4318904.793, 140
Trd, 4318905.293, 129
Trd, 4318906.643, 140
Trd, 4318907.093, 139
Trd, 4318907.693, 121
Trd, 4318908.093, 103
Trd, 4318909.243, 95
Trd, 4318910.043, 137
Trd, 4318910.493, 135
Trd, 4318911.093, 139
Trd, 4318911.993, 140
Trd, 4318913.293, 140
Trd, 4318913.543, 139
Trd, 4318914.243, 140
Trd, 4318915.193, 139
Trd, 4318915.543, 112
Trd, 4318917.043, 140
Trd, 4318918.543, 140
Trd, 4318918.743, 140
Trd, 4318919.493, 139
Trd, 4318919.793, 99
Trd, 4318920.193, 96
Trd, 4318920.243, 67
Trd, 4318920.893, 112
Trd, 4318922.093, 68
Trd, 4318923.393, 140
Trd, 4318924.343, 136
Trd, 4318924.643, 129
Trd, 4318924.893, 104
Trd, 4318924.943, 139
Trd, 4318925.443, 73
Trd, 4318925.993, 137
Trd, 4318927.643, 65
Trd, 4318929.043, 64
Trd, 4318929.393, 82
Trd, 4318929.693, 61
Trd, 4318930.443, 110
Trd, 4318930.943, 121
Trd, 4318930.993, 122
Trd, 4318931.243, 120
Trd, 4318931.543, 78
Trd, 4318932.543, 140
Trd, 4318932.993, 136
Trd, 4318934.243, 103
Trd, 4318934.443, 108
Trd, 4318936.443, 140
Trd, 4318937.443, 137
Trd, 4318937.943, 138
Trd, 4318938.443, 128
Trd, 4318939.343, 112
Trd, 4318940.243, 138
Trd, 4318941.343, 139
Trd, 4318941.543, 140
Trd, 4318941.593, 139
Trd, 4318941.943, 102
Trd, 4318942.893, 72
Trd, 4318944.843, 140
Trd, 4318944.943, 140
Trd, 4318945.193, 138
Trd, 4318946.193, 100
Trd, 4318947.293, 140
Trd, 4318948.443, 138
Trd, 4318949.243, 139
Trd, 4318949.293, 138
Trd, 4318949.443, 137
Trd, 4318950.293, 131
Trd, 4318951.643, 127
Trd, 4318952.493, 74
Trd, 4318952.993, 140
Trd, 4318953.393, 140
Trd, 4318953.493, 139
Trd, 4318954.643, 108
Trd, 4318955.993, 115
Trd, 4318956.393, 102
Trd, 4318957.743, 116
Trd, 4318957.893, 134
Trd, 4318958.493, 105
Trd, 4318959.593, 140
Trd, 4318960.243, 140
Trd, 4318960.493, 140
Trd, 4318960.593, 135
Trd, 4318961.343, 139
Trd, 4318961.593, 102
Trd, 4318962.593, 128
Trd, 4318963.943, 137
Trd, 4318964.393, 139
Trd, 4318965.293, 112
Trd, 4318965.393, 138
Trd, 4318967.593, 138
Trd, 4318967.693, 137
Trd, 4318968.643, 120
Trd, 4318968.793, 139
Trd, 4318970.393, 125
Trd, 4318971.593, 139
Trd, 4318972.743, 140
Trd, 4318973.793, 140
Trd, 4318973.893, 140
Trd, 4318974.143, 140
Trd, 4318974.293, 134
Trd, 4318974.793, 137
Trd, 4318975.393, 104
Trd, 4318976.443, 64
Trd, 4318976.993, 92
Trd, 4318978.143, 63
Trd, 4318979.743, 68
Trd, 4318979.943, 61
Trd, 4318979.993, 114
Trd, 4318981.793, 140
Trd, 4318981.843, 140
Trd, 4318982.093, 140
Trd, 4318982.643, 89
Trd, 4318983.543, 108
Trd, 4318984.193, 140
Trd, 4318984.493, 139
Trd, 4318984.993, 104
Trd, 4318987.143, 140
Trd, 4318987.693, 140
Trd, 4318987.793, 140
Trd, 4318989.143, 137
Trd, 4318990.443, 140
Trd, 4318991.193, 138
Trd, 4318992.143, 107
Trd, 4318992.443, 85
Trd, 4318992.743, 96
Trd, 4318993.693, 120
Trd, 4318993.843, 138
Trd, 4318994.993, 140
Trd, 4318996.093, 60
Trd, 4318996.243, 63
Trd, 4318996.693, 64
Trd, 4318996.893, 140
Trd, 4318997.643, 62
Trd, 4319000.343, 140
Trd, 4319000.993, 139
Trd, 4319001.193, 138
Trd, 4319001.393, 129
Trd, 4319001.543, 114
Trd, 4319002.043, 89
Trd, 4319004.593, 69
Trd, 4319005.043, 61
Trd, 4319005.093, 73
Trd, 4319005.193, 79
Trd, 4319006.843, 138
Trd, 4319007.093, 137
Trd, 4319008.643, 140
Trd, 4319009.293, 140
Trd, 4319010.193, 140
Trd, 4319010.243, 97
Trd, 4319010.443, 112
Trd, 4319010.843, 126
Trd, 4319011.843, 91
Trd, 4319012.643, 140
Trd, 4319014.593, 125
Trd, 4319014.993, 79
Trd, 4319015.193, 93
Trd, 4319015.643, 140
Trd, 4319015.843, 105
Trd, 4319016.093, 102
Trd, 4319017.643, 140
Trd, 4319018.243, 140
Trd, 4319019.243, 138
Trd, 4319019.743, 115
Trd, 4319019.843, 95
Trd, 4319020.343, 136
Trd, 4319020.743, 132
Trd, 4319021.543, 98
Trd, 4319021.643, 95
Trd, 4319022.443, 139
Trd, 4319022.893, 124
Trd, 4319023.593, 138
Trd, 4319023.643, 124
Trd, 4319025.293, 140
Trd, 4319025.493, 137
Trd, 4319027.793, 140
Trd, 4319027.943, 140
Trd, 4319028.793, 138
Trd, 4319029.293, 137
Trd, 4319029.993, 84
Trd, 4319030.343, 136
Trd, 4319030.793, 140
Trd, 4319031.543, 134
Trd, 4319032.693, 138
Trd, 4319033.043, 135
Trd, 4319033.143, 127
Trd, 4319034.543, 135
Trd, 4319034.993, 140
Trd, 4319035.543, 139
Trd, 4319036.243, 136
Trd, 4319036.693, 96
Trd, 4319037.893, 112
Trd, 4319038.793, 60
Trd, 4319039.493, 64
Trd, 4319039.843, 139
Trd, 4319040.993, 135
Trd, 4319042.693, 140
Trd, 4319043.193, 140
Trd, 4319043.343, 111
Trd, 4319043.743, 138
Trd, 4319043.843, 134
Trd, 4319044.493, 140
Trd, 4319045.093, 138
Trd, 4319046.043, 138
Trd, 4319046.543, 138
Trd, 4319047.893, 138
Trd, 4319048.143, 118
Trd, 4319048.643, 76
Trd, 4319049.343, 62
Trd, 4319049.793, 108
Trd, 4319049.943, 106
Trd, 4319049.993, 69
Trd, 4319051.243, 140
Trd, 4319052.043, 140
Trd, 4319052.343, 131
Trd, 4319053.593, 140
Trd, 4319053.943, 127
Trd, 4319054.093, 106
Trd, 4319054.243, 103
Trd, 4319055.843, 140
Trd, 4319056.993, 140
Trd, 4319058.193, 140
Trd, 4319058.943, 139
Trd, 4319059.743, 139
Trd, 4319059.893, 136
Trd, 4319060.543, 140
Trd, 4319061.393, 97
Trd, 4319061.843, 140
Trd, 4319062.493, 139
Trd, 4319062.943, 122
Trd, 4319064.093, 139
Trd, 4319064.293, 139
Trd, 4319064.593, 89
Trd, 4319065.743, 121
Trd, 4319065.793, 130
Trd, 4319067.293, 140
Trd, 4319067.593, 136
Trd, 4319067.743, 130
Trd, 4319068.793, 140
Trd, 4319068.893, 81
Trd, 4319069.243, 139
Trd, 4319069.943, 122
Trd, 4319071.643, 140
Trd, 4319072.543, 140
Trd, 4319072.943, 140
Trd, 4319072.993, 140
Trd, 4319073.343, 119
Trd, 4319075.093, 140
Trd, 4319075.293, 139
Trd, 4319076.643, 140
Trd, 4319076.943, 140
Trd, 4319078.043, 123
Trd, 4319078.843, 139
Trd, 4319078.893, 138
Trd, 4319079.293, 101
Trd, 4319079.893, 138
Trd, 4319080.393, 118
Trd, 4319081.793, 96
Trd, 4319081.993, 95
Trd, 4319082.543, 101
Trd, 4319082.843, 129
Trd, 4319083.643, 140
Trd, 4319085.043, 140
Trd, 4319085.743, 140
Trd, 4319085.943, 140
Trd, 4319086.293, 127
Trd, 4319086.493, 60
Trd, 4319087.243, 134
Trd, 4319089.343, 140
Trd, 4319089.793, 140
Trd, 4319090.093, 139
Trd, 4319090.493, 139
Trd, 4319090.993, 108
Trd, 4319091.893, 140
Trd, 4319092.193, 72
Trd, 4319093.443, 89
Trd, 4319094.143, 105
Trd, 4319094.343, 87
Trd, 4319095.943, 139
Trd, 4319096.043, 104
Trd, 4319097.193, 140
Trd, 4319097.443, 130
Trd, 4319098.443, 140
Trd, 4319098.793, 128
Trd, 4319099.593, 67
Trd, 4319100.743, 135
Trd, 4319101.043, 139
Trd, 4319101.593, 127
Trd, 4319101.693, 126
Trd, 4319102.293, 61
Trd, 4319102.393, 60
Trd, 4319102.843, 140
Trd, 4319104.193, 60
Trd, 4319104.593, 63
Trd, 4319104.793, 61
Trd, 4319106.543, 63
Trd, 4319106.893, 64
Trd, 4319106.943, 93
Trd, 4319107.093, 99
Trd, 4319108.243, 89
Trd, 4319109.993, 139
Trd, 4319110.093, 102
Trd, 4319110.643, 139
Trd, 4319111.443, 101
Trd, 4319112.443, 60
Trd, 4319112.843, 109
Trd, 4319113.593, 86
Trd, 4319113.893, 114
Trd, 4319114.193, 139
Trd, 4319114.793, 116
Trd, 4319115.693, 139
Trd, 4319116.543, 137
Trd, 4319117.793, 125
Trd, 4319118.193, 104
Trd, 4319118.343, 103
Trd, 4319119.543, 82
Trd, 4319120.043, 135
Trd, 4319120.293, 79
Trd, 4319120.793, 131
Trd, 4319121.643, 65
Trd, 4319121.993, 71
Trd, 4319122.993, 61
Trd, 4319123.593, 107
Trd, 4319124.693, 91
Trd, 4319124.743, 72
Trd, 4319126.043, 140
Trd, 4319128.093, 140
Trd, 4319128.143, 139
Trd, 4319128.893, 139
Trd, 4319129.543, 139
Trd, 4319130.093, 120
Trd, 4319131.243, 63
Trd, 4319131.593, 62
Trd, 4319132.143, 101
Trd, 4319132.193, 120
Trd, 4319133.593, 138
Trd, 4319135.143, 137
Trd, 4319135.243, 75
Trd, 4319136.093, 134
Trd, 4319136.693, 130
Trd, 4319137.743, 70
Trd, 4319138.243, 82
Trd, 4319139.243, 140
Trd, 4319139.943, 140
Trd, 4319139.993, 140
Trd, 4319140.793, 127
Trd, 4319142.243, 138
Trd, 4319142.343, 134
Trd, 4319143.043, 140
Trd, 4319143.243, 124
Trd, 4319144.293, 140
Trd, 4319144.893, 140
Trd, 4319145.343, 140
Trd, 4319145.843, 112
Trd, 4319146.293, 131
Trd, 4319147.643, 89
Trd, 4319149.543, 140
Trd, 4319149.943, 140
Trd, 4319150.793, 140
Trd, 4319150.843, 140
Trd, 4319151.293, 124
Trd, 4319152.593, 140
Trd, 4319152.643, 140
Trd, 4319152.893, 60
Trd, 4319153.393, 68
Trd, 4319154.093, 131
Trd, 4319156.693, 119
Trd, 4319157.893, 140
Trd, 4319158.343, 140
Trd, 4319158.493, 138
Trd, 4319158.793, 137
Trd, 4319159.093, 136
Trd, 4319159.693, 135
Trd, 4319161.043, 76
Trd, 4319161.543, 125
Trd, 4319162.443, 140
Trd, 4319162.893, 130
Trd, 4319163.893, 128
Trd, 4319164.043, 125
Trd, 4319165.143, 140
Trd, 4319165.493, 108
Trd, 4319166.543, 140
Trd, 4319168.393, 136
Trd, 4319168.693, 106
Trd, 4319169.343, 62
Trd, 4319170.243, 130
Trd, 4319170.693, 131
Trd, 4319171.293, 139
Trd, 4319171.443, 138
Trd, 4319172.193, 139
Trd, 4319172.393, 101
Trd, 4319174.043, 139
Trd, 4319174.343, 139
Trd, 4319174.693, 99
Trd, 4319175.243, 100
Trd, 4319175.943, 130
Trd, 4319177.943, 140
Trd, 4319178.393, 127
Trd, 4319179.043, 140
Trd, 4319179.343, 139
Trd, 4319179.493, 109
Trd, 4319179.693, 91
Trd, 4319180.193, 73
Trd, 4319180.543, 64
Trd, 4319181.643, 140
Trd, 4319182.943, 127
Trd, 4319183.243, 111
Trd, 4319184.343, 140
Trd, 4319184.543, 140
Trd, 4319185.843, 115
Trd, 4319186.443, 105
Trd, 4319187.193, 91
Trd, 4319187.443, 89
Trd, 4319187.943, 140
Trd, 4319188.843, 140
Trd, 4319190.343, 138
Trd, 4319190.393, 137
Trd, 4319190.843, 136
Trd, 4319191.043, 119
Trd, 4319192.193, 107
Trd, 4319192.443, 85
Trd, 4319192.593, 116
Trd, 4319193.343, 83
Trd, 4319194.193, 138
Trd, 4319195.593, 128
Trd, 4319195.793, 109
Trd, 4319196.193, 87
Trd, 4319197.343, 139
Trd, 4319197.843, 86
Trd, 4319198.343, 139
Trd, 4319200.143, 140
Trd, 4319200.493, 140
Trd, 4319201.343, 63
Trd, 4319201.993, 72
Trd, 4319205.143, 139
Trd, 4319205.843, 138
Trd, 4319206.243, 140
Trd, 4319206.493, 139
Trd, 4319206.843, 109
Trd, 4319207.093, 102
Trd, 4319207.493, 82
Trd, 4319207.643, 98
Trd, 4319208.743, 121
Trd, 4319209.093, 96
Trd, 4319209.193, 126
Trd, 4319210.343, 134
Trd, 4319211.093, 138
Trd, 4319212.493, 138
Trd, 4319214.093, 140
Trd, 4319214.493, 134
Trd, 4319214.743, 133
Trd, 4319215.043, 100
Trd, 4319216.493, 140
Trd, 4319216.693, 140
Trd, 4319217.243, 125
Trd, 4319217.743, 118
Trd, 4319218.293, 140
Trd, 4319219.093, 140
Trd, 4319219.393, 140
Trd, 4319220.343, 108
Trd, 4319221.093, 90
Trd, 4319221.643, 118
Trd, 4319222.343, 137
Trd, 4319222.493, 103
Trd, 4319223.243, 71
Trd, 4319223.793, 86
Trd, 4319223.993, 123
Trd, 4319224.543, 62
Trd, 4319224.893, 140
Trd, 4319225.593, 137
Trd, 4319226.943, 97
Trd, 4319228.093, 139
Trd, 4319228.193, 129
Trd, 4319228.943, 139
Trd, 4319231.393, 140
Trd, 4319231.443, 140
Trd, 4319232.043, 134
Trd, 4319232.543, 81
Trd, 4319232.743, 130
Trd, 4319234.093, 140
Trd, 4319234.643, 131
Trd, 4319235.243, 101
Trd, 4319236.193, 91
Trd, 4319236.693, 101
Trd, 4319236.793, 137
Trd, 4319237.343, 63
Trd, 4319238.493, 102
Trd, 4319239.043, 139
Trd, 4319239.643, 61
Trd, 4319240.193, 74
Trd, 4319240.243, 93
Trd, 4319241.293, 122
Trd, 4319242.993, 133
Trd, 4319243.543, 140
Trd, 4319244.543, 117
Trd, 4319244.843, 140
Trd, 4319245.093, 125
Trd, 4319246.643, 140
Trd, 4319246.943, 140
Trd, 4319248.143, 139
Trd, 4319248.943, 139
Trd, 4319249.143, 139
Trd, 4319249.843, 140
Trd, 4319250.243, 120
Trd, 4319250.493, 106
Trd, 4319251.793, 139
Trd, 4319253.093, 131
Trd, 4319253.243, 130
Trd, 4319253.693, 137
Trd, 4319254.343, 140
Trd, 4319255.143, 128
Trd, 4319255.293, 132
Trd, 4319255.493, 125
Trd, 4319255.543, 110
Trd, 4319256.543, 110
Trd, 4319256.593, 79
Trd, 4319257.393, 140
Trd, 4319258.043, 140
Trd, 4319259.993, 118
Trd, 4319260.743, 100
Trd, 4319260.843, 99
Trd, 4319261.593, 140
Trd, 4319262.193, 140
Trd, 4319262.843, 60
Trd, 4319263.343, 62
Trd, 4319264.593, 134
Trd, 4319264.893, 93
Trd, 4319265.743, 126
Trd, 4319266.693, 131
Trd, 4319267.543, 119
Trd, 4319268.343, 114
Trd, 4319268.943, 101
Trd, 4319269.193, 93
Trd, 4319269.243, 138
Trd, 4319270.843, 140
Trd, 4319271.093, 139
Trd, 4319271.843, 136
Trd, 4319272.193, 124
Trd, 4319272.393, 123
Trd, 4319274.493, 139
Trd, 4319276.143, 140
Trd, 4319276.493, 139
Trd, 4319277.593, 140
Trd, 4319277.793, 74
Trd, 4319278.193, 101
Trd, 4319278.743, 63
Trd, 4319278.893, 60
Trd, 4319280.143, 66
Trd, 4319280.743, 140
Trd, 4319281.643, 139
Trd, 4319282.443, 80
Trd, 4319283.143, 79
Trd, 4319283.443, 85
Trd, 4319284.043, 77
Trd, 4319284.543, 133
Trd, 4319284.793, 67
Trd, 4319285.043, 139
Trd, 4319286.393, 140
Trd, 4319287.593, 130
Trd, 4319287.893, 124
Trd, 4319289.493, 69
Trd, 4319290.443, 139
Trd, 4319291.043, 61
Trd, 4319291.743, 68
Trd, 4319291.893, 109
Trd, 4319292.193, 60
Trd, 4319292.893, 116
Trd, 4319294.143, 140
Trd, 4319294.193, 134
Trd, 4319296.293, 140
Trd, 4319298.293, 140
Trd, 4319298.593, 140
Trd, 4319299.143, 140
Trd, 4319299.543, 79
Trd, 4319301.543, 140
Trd, 4319302.093, 140
Trd, 4319302.143, 139
Trd, 4319302.493, 135
Trd, 4319302.643, 126
Trd, 4319303.893, 129
Trd, 4319304.443, 80
Trd, 4319305.143, 114
Trd, 4319305.793, 140
Trd, 4319306.793, 140
Trd, 4319307.293, 140
Trd, 4319307.543, 139
Trd, 4319307.993, 140
Trd, 4319308.743, 119
Trd, 4319309.143, 129
Trd, 4319309.243, 104
Trd, 4319310.943, 65
Trd, 4319311.343, 60
Trd, 4319311.893, 118
Trd, 4319312.043, 131
Trd, 4319313.043, 137
Trd, 4319313.943, 111
Trd, 4319314.193, 130
Trd, 4319315.943, 81
Trd, 4319316.243, 97
Trd, 4319316.543, 83
Trd, 4319316.993, 119
Trd, 4319318.743, 139
Trd, 4319319.893, 140
Trd, 4319320.293, 140
Trd, 4319320.593, 111
Trd, 4319322.393, 140
Trd, 4319322.943, 140
Trd, 4319324.043, 137
Trd, 4319324.343, 140
Trd, 4319324.543, 140
Trd, 4319325.593, 140
Trd, 4319326.043, 121
Trd, 4319326.393, 128
Trd, 4319326.743, 140
Trd, 4319328.943, 106
Trd, 4319331.493, 117
Trd, 4319331.543, 114
Trd, 4319331.793, 114
Trd, 4319332.193, 88
Trd, 4319334.143, 140
Trd, 4319334.543, 140
Trd, 4319334.943, 140
Trd, 4319335.543, 140
Trd, 4319337.193, 125
Trd, 4319337.993, 133
Trd, 4319338.193, 135
Trd, 4319339.343, 109
Trd, 4319339.493, 107
Trd, 4319339.743, 137
Trd, 4319340.343, 126
Trd, 4319340.743, 88
Trd, 4319341.443, 140
Trd, 4319341.843, 120
Trd, 4319342.543, 140
Trd, 4319343.743, 61
Trd, 4319344.793, 129
Trd, 4319344.943, 140
Trd, 4319345.593, 138
Trd, 4319346.543, 109
Trd, 4319346.643, 108
Trd, 4319348.593, 139
Trd, 4319349.393, 111
Trd, 4319350.693, 140
Trd, 4319351.693, 140
Trd, 4319352.893, 140
Trd, 4319353.093, 139
Trd, 4319353.593, 135
Trd, 4319354.443, 135
Trd, 4319355.143, 140
Trd, 4319356.193, 140
Trd, 4319356.543, 140
Trd, 4319357.443, 110
Trd, 4319357.993, 134
Trd, 4319358.693, 109
Trd, 4319359.693, 139
Trd, 4319360.343, 100
Trd, 4319360.993, 82
Trd, 4319362.643, 124
Trd, 4319362.693, 106
Trd, 4319363.043, 140
Trd, 4319364.693, 140
Trd, 4319364.793, 140
Trd, 4319365.043, 135
Trd, 4319366.693, 120
Trd, 4319367.393, 63
Trd, 4319368.793, 140
Trd, 4319369.643, 138
Trd, 4319369.943, 129
Trd, 4319370.493, 140
Trd, 4319370.993, 138
Trd, 4319372.543, 116
Trd, 4319372.793, 61
Trd, 4319373.243, 125
Trd, 4319373.793, 133
Trd, 4319374.443, 133
Trd, 4319374.743, 132
Trd, 4319375.443, 62
Trd, 4319376.443, 140
Trd, 4319376.993, 140
Trd, 4319378.243, 80
Trd, 4319378.493, 63
Trd, 4319378.593, 78
Trd, 4319379.093, 88
Trd, 4319379.343, 117
Trd, 4319380.493, 95
Trd, 4319381.843, 140
Trd, 4319382.043, 140
Trd, 4319383.443, 140
Trd, 4319383.743, 140
Trd, 4319384.043, 124
Trd, 4319384.643, 140
Trd, 4319385.043, 139
Trd, 4319386.493, 128
Trd, 4319387.893, 140
Trd, 4319388.443, 130
Trd, 4319391.193, 140
Trd, 4319391.293, 140
Trd, 4319392.093, 139
Trd, 4319392.693, 140
Trd, 4319393.493, 121
Trd, 4319394.093, 140
Trd, 4319394.193, 139
Trd, 4319394.343, 114
Trd, 4319394.893, 113
Trd, 4319394.943, 104
Trd, 4319396.193, 140
Trd, 4319397.443, 140
Trd, 4319398.493, 139
Trd, 4319399.893, 136
Trd, 4319400.093, 122
Trd, 4319402.443, 139
Trd, 4319402.893, 140
Trd, 4319403.243, 140
Trd, 4319403.543, 136
Trd, 4319405.343, 120
Trd, 4319405.693, 140
Trd, 4319406.543, 90
Trd, 4319407.693, 129
Trd, 4319408.043, 95
Trd, 4319408.543, 105
Trd, 4319409.993, 140
Trd, 4319410.893, 139
Trd, 4319411.843, 126
Trd, 4319412.193, 115
Trd, 4319412.693, 61
Trd, 4319412.743, 74
Trd, 4319413.943, 140
Trd, 4319415.693, 140
Trd, 4319416.393, 140
Trd, 4319417.993, 140
Trd, 4319418.843, 140
Trd, 4319418.893, 140
Trd, 4319419.143, 140
Trd, 4319420.093, 140
Trd, 4319421.243, 138
Trd, 4319421.443, 126
Trd, 4319422.693, 140
Trd, 4319422.743, 140
Trd, 4319422.893, 132
Trd, 4319424.243, 130
Trd, 4319424.843, 140
Trd, 4319425.793, 138
Trd, 4319426.993, 117
Trd, 4319427.343, 140
Trd, 4319427.893, 135
Trd, 4319428.343, 106
Trd, 4319429.043, 111
Trd, 4319430.193, 117
Trd, 4319431.243, 140
Trd, 4319431.893, 140
Trd, 4319432.493, 140
Trd, 4319432.793, 140
Trd, 4319433.793, 113
Trd, 4319434.093, 112
Trd, 4319434.443, 126
Trd, 4319435.593, 65
Trd, 4319435.843, 67
Trd, 4319436.993, 66
Trd, 4319437.243, 76
Trd, 4319438.093, 61
Trd, 4319438.643, 75
Trd, 4319439.393, 61
Trd, 4319439.993, 127
Trd, 4319440.743, 62
Trd, 4319441.443, 60
Trd, 4319442.143, 64
Trd, 4319443.243, 90
Trd, 4319444.293, 107
Trd, 4319444.943, 93
Trd, 4319445.193, 115
Trd, 4319445.993, 63
Trd, 4319446.193, 131
Trd, 4319446.893, 90
Trd, 4319446.943, 74
Trd, 4319448.693, 140
Trd, 4319449.793, 119
Trd, 4319449.943, 72
Trd, 4319449.993, 122
Trd, 4319451.093, 134
Trd, 4319451.593, 139
Trd, 4319451.693, 133
Trd, 4319452.343, 63
Trd, 4319453.043, 116
Trd, 4319453.643, 92
Trd, 4319455.143, 140
Trd, 4319455.293, 72
Trd, 4319455.993, 110
Trd, 4319457.343, 140
Trd, 4319458.043, 123
Trd, 4319460.243, 140
Trd, 4319460.893, 140
Trd, 4319461.593, 134
Trd, 4319461.943, 108
Trd, 4319462.093, 107
Trd, 4319462.793, 140
Trd, 4319462.893, 140
Trd, 4319464.693, 140
Trd, 4319465.093, 108
Trd, 4319465.443, 93
Trd, 4319466.093, 63
Trd, 4319466.293, 88
Trd, 4319467.493, 140
Trd, 4319467.693, 72
Trd, 4319468.193, 62
Trd, 4319468.343, 67
Trd, 4319470.693, 111
Trd, 4319471.643, 140
Trd, 4319471.793, 140
Trd, 4319473.243, 140
Trd, 4319474.043, 140
Trd, 4319475.593, 138
Trd, 4319475.793, 137
Trd, 4319476.343, 136
Trd, 4319476.943, 124
Trd, 4319477.343, 140
Trd, 4319477.693, 140
Trd, 4319478.143, 117
Trd, 4319479.043, 79
Trd, 4319479.293, 78
Trd, 4319479.493, 75
Trd, 4319479.793, 61
Trd, 4319479.893, 124
Trd, 4319483.193, 129
Trd, 4319483.493, 111
Trd, 4319485.143, 140
Trd, 4319485.543, 138
Trd, 4319485.993, 126
Trd, 4319486.293, 140
Trd, 4319487.443, 95
Trd, 4319488.593, 140
Trd, 4319489.393, 139
Trd, 4319490.043, 138
Trd, 4319490.893, 140
Trd, 4319492.193, 140
Trd, 4319492.293, 139
Trd, 4319492.793, 134
Trd, 4319493.593, 113
Trd, 4319493.743, 134
Trd, 4319495.793, 140
Trd, 4319497.143, 140
Trd, 4319497.893, 140
Trd, 4319498.093, 140
Trd, 4319498.793, 118
Trd, 4319499.043, 109
Trd, 4319499.343, 87
Trd, 4319500.643, 140
Trd, 4319501.843, 125
Trd, 4319502.193, 80
Trd, 4319502.843, 140
Trd, 4319504.343, 140
Trd, 4319504.493, 140
Trd, 4319505.793, 139
Trd, 4319506.843, 140
Trd, 4319507.193, 140
Trd, 4319507.593, 140
Trd, 4319508.293, 60
Trd, 4319508.743, 140
Trd, 4319509.793, 139
Trd, 4319509.893, 138
Trd, 4319510.193, 116
Trd, 4319510.793, 126
Trd, 4319511.593, 138
Trd, 4319512.643, 132
Trd, 4319512.993, 129
Trd, 4319513.943, 140
Trd, 4319514.493, 140
Trd, 4319515.793, 140
Trd, 4319516.143, 82
Trd, 4319516.693, 140
Trd, 4319517.443, 140
Trd, 4319517.993, 137
Trd, 4319519.793, 140
Trd, 4319519.843, 140
Trd, 4319520.043, 119
Trd, 4319522.243, 140
Trd, 4319522.593, 139
Trd, 4319522.643, 137
Trd, 4319524.093, 115
Trd, 4319525.043, 78
Trd, 4319525.093, 67
Trd, 4319526.093, 140
Trd, 4319526.443, 132
Trd, 4319526.543, 132
Trd, 4319526.743, 127
Trd, 4319527.143, 74
Trd, 4319528.093, 131
Trd, 4319530.743, 140
Trd, 4319531.993, 140
Trd, 4319532.343, 140
Trd, 4319533.493, 140
Trd, 4319534.293, 140
Trd, 4319534.643, 140
Trd, 4319534.893, 138
Trd, 4319535.493, 127
Trd, 4319536.793, 116
Trd, 4319537.493, 140
Trd, 4319538.243, 140
Trd, 4319538.443, 139
Trd, 4319538.793, 140
Trd, 4319539.743, 140
Trd, 4319540.093, 121
Trd, 4319540.943, 93
Trd, 4319541.593, 140
Trd, 4319542.393, 135
Trd, 4319542.593, 79
Trd, 4319543.093, 136
Trd, 4319544.243, 72
Trd, 4319544.293, 100
Trd, 4319546.093, 63
Trd, 4319546.593, 96
Trd, 4319547.693, 63
Trd, 4319548.543, 60
Trd, 4319549.143, 62
Trd, 4319549.293, 62
Trd, 4319550.893, 99
Trd, 4319551.693, 91
Trd, 4319552.043, 98
Trd, 4319553.143, 129
Trd, 4319553.993, 68
Trd, 4319554.093, 75
Trd, 4319555.643, 65
Trd, 4319555.743, 73
Trd, 4319556.443, 87
Trd, 4319557.243, 60
Trd, 4319557.393, 92
Trd, 4319557.643, 101
Trd, 4319557.943, 113
Trd, 4319558.693, 67
Trd, 4319559.543, 85
Trd, 4319559.943, 61
Trd, 4319560.793, 140
Trd, 4319560.943, 140
Trd, 4319562.493, 140
Trd, 4319563.243, 140
Trd, 4319563.393, 140
Trd, 4319563.643, 139
Trd, 4319563.943, 114
Trd, 4319564.293, 64
Trd, 4319564.643, 140
Trd, 4319567.643, 140
Trd, 4319567.743, 140
Trd, 4319568.143, 140
Trd, 4319569.443, 140
Trd, 4319571.143, 139
Trd, 4319572.693, 140
Trd, 4319573.143, 138
Trd, 4319573.243, 87
Trd, 4319573.293, 79
Trd, 4319573.493, 79
Trd, 4319575.093, 127
Trd, 4319576.643, 140
Trd, 4319576.943, 140
Trd, 4319576.993, 139
Trd, 4319577.393, 91
Trd, 4319578.793, 140
Trd, 4319579.843, 140
Trd, 4319580.543, 140
Trd, 4319581.293, 98
Trd, 4319582.143, 61
Trd, 4319582.343, 62
Trd, 4319582.643, 119
Trd, 4319583.293, 124
Trd, 4319583.393, 136
Trd, 4319584.193, 140
Trd, 4319584.493, 140
Trd, 4319584.593, 140
Trd, 4319585.243, 137
Trd, 4319585.943, 101
Trd, 4319587.343, 125
Trd, 4319587.493, 135
Trd, 4319587.743, 87
Trd, 4319588.893, 121
Trd, 4319589.943, 140
Trd, 4319590.043, 140
Trd, 4319590.443, 127
Trd, 4319591.443, 88
Trd, 4319592.993, 140
Trd, 4319593.143, 140
Trd, 4319593.493, 139
Trd, 4319594.793, 136
Trd, 4319595.843, 128
Trd, 4319596.043, 124
Trd, 4319597.193, 115
Trd, 4319597.643, 103
Trd, 4319598.593, 118
Trd, 4319598.693, 133
Trd, 4319598.993, 76
Trd, 4319599.393, 84
Trd, 4319599.843, 74
Trd, 4319601.993, 140
Trd, 4319602.493, 139
Trd, 4319603.443, 139
Trd, 4319604.593, 138
Trd, 4319605.093, 115
Trd, 4319605.293, 115
Trd, 4319607.093, 140
Trd, 4319607.793, 108
Trd, 4319608.043, 111
Trd, 4319608.993, 75
Trd, 4319609.143, 120
Trd, 4319609.393, 60
Trd, 4319609.593, 95
Trd, 4319610.143, 74
Trd, 4319610.243, 62
Trd, 4319610.643, 66
Trd, 4319612.343, 138
Trd, 4319612.743, 84
Trd, 4319612.993, 80
Trd, 4319614.443, 123
Trd, 4319614.493, 134
Trd, 4319616.743, 140
Trd, 4319617.143, 140
Trd, 4319617.343, 140
Trd, 4319618.093, 140
Trd, 4319618.793, 140
Trd, 4319620.093, 140
Trd, 4319621.493, 139
Trd, 4319621.743, 138
Trd, 4319621.843, 138
Trd, 4319622.043, 137
Trd, 4319623.993, 89
Trd, 4319624.643, 108
Trd, 4319625.293, 103
Trd, 4319626.643, 140
Trd, 4319627.443, 137
Trd, 4319629.193, 140
Trd, 4319629.693, 119
Trd, 4319630.993, 60
Trd, 4319631.343, 65
Trd, 4319632.093, 65
Trd, 4319633.743, 140
Trd, 4319634.293, 140
Trd, 4319634.443, 133
Trd, 4319635.293, 130
Trd, 4319636.843, 129
Trd, 4319637.543, 131
Trd, 4319638.143, 140
Trd, 4319638.793, 139
Trd, 4319638.993, 130
Trd, 4319640.043, 140
Trd, 4319641.343, 140
Trd, 4319642.293, 140
Trd, 4319643.043, 140
Trd, 4319643.343, 140
Trd, 4319643.693, 139
Trd, 4319645.193, 64
Trd, 4319645.343, 60
Trd, 4319645.493, 125
Trd, 4319645.643, 100
Trd, 4319646.993, 118
Trd, 4319648.643, 139
Trd, 4319649.243, 138
Trd, 4319649.593, 118
Trd, 4319649.893, 140
Trd, 4319650.593, 137
Trd, 4319652.343, 139
Trd, 4319652.443, 138
Trd, 4319652.493, 127
Trd, 4319653.193, 100
Trd, 4319653.643, 121
Trd, 4319654.893, 139
Trd, 4319654.993, 124
Trd, 4319655.443, 123
Trd, 4319655.893, 137
Trd, 4319656.293, 139
Trd, 4319656.643, 73
Trd, 4319657.543, 73
Trd, 4319658.243, 140
Trd, 4319659.993, 109
Trd, 4319660.343, 140
Trd, 4319660.643, 140
Trd, 4319661.143, 138
Trd, 4319662.643, 140
Trd, 4319663.043, 140
Trd, 4319663.643, 140
Trd, 4319663.893, 117
Trd, 4319666.293, 120
Trd, 4319666.893, 127
Trd, 4319667.243, 138
Trd, 4319668.293, 139
Trd, 4319668.493, 138
Trd, 4319668.543, 118
Trd, 4319669.093, 140
Trd, 4319669.793, 113
Trd, 4319670.943, 123
Trd, 4319671.243, 140
Trd, 4319671.843, 62
Trd, 4319672.493, 63
Trd, 4319673.843, 85
Trd, 4319674.743, 101
Trd, 4319674.893, 96
Trd, 4319674.993, 110
Trd, 4319675.493, 138
Trd, 4319676.493, 61
Trd, 4319677.143, 121
Trd, 4319677.643, 134
Trd, 4319677.893, 133
Trd, 4319678.393, 130
Trd, 4319679.643, 140
Trd, 4319680.293, 126
Trd, 4319681.043, 66
Trd, 4319681.543, 120
Trd, 4319683.493, 140
Trd, 4319683.843, 139
Trd, 4319683.893, 139
Trd, 4319685.343, 108
Trd, 4319685.693, 120
Trd, 4319686.443, 108
Trd, 4319687.993, 140
Trd, 4319688.793, 138
Trd, 4319689.093, 138
Trd, 4319689.143, 117
Trd, 4319690.143, 102
Trd, 4319693.193, 140
Trd, 4319693.293, 138
Trd, 4319694.293, 140
Trd, 4319694.393, 136
Trd, 4319694.543, 120
Trd, 4319694.643, 110
Trd, 4319695.693, 111
Trd, 4319697.343, 102
Trd, 4319697.993, 129
Trd, 4319698.843, 106
Trd, 4319698.893, 101
Trd, 4319699.443, 140
Trd, 4319701.093, 140
Trd, 4319701.293, 122
Trd, 4319701.543, 121
Trd, 4319702.243, 71
Trd, 4319702.343, 109
Trd, 4319703.243, 118
Trd, 4319704.593, 139
Trd, 4319706.843, 137
Trd, 4319708.043, 126
Trd, 4319709.693, 140
Trd, 4319710.443, 140
Trd, 4319710.743, 140
Trd, 4319711.343, 140
Trd, 4319711.793, 139
Trd, 4319712.193, 135
Trd, 4319712.343, 133
Trd, 4319713.393, 72
Trd, 4319714.443, 140
Trd, 4319714.893, 140
Trd, 4319715.743, 140
Trd, 4319715.893, 139
Trd, 4319716.393, 106
Trd, 4319719.193, 140
Trd, 4319719.243, 140
Trd, 4319719.493, 140
Trd, 4319719.993, 111
Trd, 4319720.893, 98
Trd, 4319720.993, 96
Trd, 4319723.593, 140
Trd, 4319724.243, 140
Trd, 4319724.543, 140
Trd, 4319725.343, 140
Trd, 4319726.043, 140
Trd, 4319726.793, 139
Trd, 4319727.093, 137
Trd, 4319727.993, 87
Trd, 4319728.243, 70
Trd, 4319728.993, 132
Trd, 4319729.093, 131
Trd, 4319729.493, 140
Trd, 4319730.993, 116
Trd, 4319731.643, 78
Trd, 4319733.593, 140
Trd, 4319733.643, 140
Trd, 4319735.343, 136
Trd, 4319735.743, 116
Trd, 4319736.143, 63
Trd, 4319736.793, 115
Trd, 4319736.843, 114
Trd, 4319737.043, 98
Trd, 4319738.393, 140
Trd, 4319739.093, 140
Trd, 4319739.893, 140
Trd, 4319739.993, 140
Trd, 4319740.293, 88
Trd, 4319740.743, 140
Trd, 4319741.193, 139
Trd, 4319741.893, 117
Trd, 4319743.543, 66
Trd, 4319744.693, 95
Trd, 4319744.893, 64
Trd, 4319745.593, 130
Trd, 4319745.843, 128
Trd, 4319746.893, 140
Trd, 4319747.843, 138
Trd, 4319747.893, 137
Trd, 4319749.893, 140
Trd, 4319750.093, 133
Trd, 4319750.193, 125
Trd, 4319750.293, 136
Trd, 4319752.993, 139
Trd, 4319753.393, 139
Trd, 4319753.693, 133
Trd, 4319754.143, 140
Trd, 4319755.193, 63
Trd, 4319755.343, 98
Trd, 4319755.543, 119
Trd, 4319756.193, 102
Trd, 4319757.593, 140
Trd, 4319759.343, 140
Trd, 4319759.643, 139
Trd, 4319760.543, 132
Trd, 4319761.543, 140
Trd, 4319761.693, 129
Trd, 4319762.843, 139
Trd, 4319762.893, 137
Trd, 4319763.243, 133
Trd, 4319764.043, 140
Trd, 4319764.793, 139
Trd, 4319765.993, 139
Trd, 4319766.093, 97
Trd, 4319766.593, 126
Trd, 4319768.443, 94
Trd, 4319768.493, 80
Trd, 4319768.993, 63
Trd, 4319769.393, 75
Trd, 4319770.593, 70
Trd, 4319770.993, 110
Trd, 4319771.643, 139
Trd, 4319774.643, 140
Trd, 4319774.843, 140
Trd, 4319775.543, 115
Trd, 4319775.593, 95
Trd, 4319775.793, 135
Trd, 4319776.443, 72
Trd, 4319777.343, 62
Trd, 4319777.493, 78
Trd, 4319778.643, 125
Trd, 4319779.093, 140
Trd, 4319779.393, 140
Trd, 4319780.343, 64
Trd, 4319782.043, 140
Trd, 4319782.143, 140
Trd, 4319782.843, 115
Trd, 4319783.493, 119
Trd, 4319783.943, 92
Trd, 4319784.743, 140
Trd, 4319785.043, 131
Trd, 4319785.243, 128
Trd, 4319785.693, 139
Trd, 4319786.643, 73
Trd, 4319786.743, 82
Trd, 4319787.593, 133
Trd, 4319788.343, 62
Trd, 4319789.193, 103
Trd, 4319789.643, 88
Trd, 4319791.243, 140
Trd, 4319791.293, 140
Trd, 4319791.843, 139
Trd, 4319794.993, 140
Trd, 4319795.293, 126
Trd, 4319795.693, 64
Trd, 4319796.093, 61
Trd, 4319797.193, 139
Trd, 4319797.343, 136
Trd, 4319798.793, 75
Trd, 4319798.893, 74
Trd, 4319799.043, 74
Trd, 4319799.743, 110
Trd, 4319800.893, 139
Trd, 4319801.693, 140
Trd, 4319802.193, 138
Trd, 4319803.443, 116
Trd, 4319804.493, 123
Trd, 4319804.543, 110
Trd, 4319805.543, 96
Trd, 4319806.393, 116
Trd, 4319806.993, 140
Trd, 4319807.743, 100
Trd, 4319808.743, 140
Trd, 4319808.793, 139
Trd, 4319808.943, 139
Trd, 4319809.293, 133
Trd, 4319812.393, 136
Trd, 4319812.743, 109
Trd, 4319813.193, 139
Trd, 4319813.443, 140
Trd, 4319814.043, 134
Trd, 4319814.243, 133
Trd, 4319815.493, 140
Trd, 4319817.593, 125
Trd, 4319817.893, 63
Trd, 4319818.293, 66
Trd, 4319820.093, 102
Trd, 4319820.193, 80
Trd, 4319820.343, 116
Trd, 4319822.643, 140
Trd, 4319822.793, 140
Trd, 4319823.843, 140
Trd, 4319823.893, 140
Trd, 4319824.543, 140
Trd, 4319824.893, 136
Trd, 4319825.543, 140
Trd, 4319825.893, 140
Trd, 4319826.843, 140
Trd, 4319828.643, 139
Trd, 4319829.393, 129
Trd, 4319830.393, 62
Trd, 4319830.993, 66
Trd, 4319831.793, 139
Trd, 4319832.743, 132
Trd, 4319833.443, 139
Trd, 4319834.493, 97
Trd, 4319835.293, 75
Trd, 4319835.443, 63
Trd, 4319836.543, 71
Trd, 4319836.793, 66
Trd, 4319837.293, 81
Trd, 4319837.893, 137
Trd, 4319839.043, 130
Trd, 4319840.193, 136
Trd, 4319840.343, 100
Trd, 4319840.443, 99
Trd, 4319840.743, 95
Trd, 4319842.093, 140
Trd, 4319843.243, 140
Trd, 4319843.843, 121
Trd, 4319844.493, 138
Trd, 4319844.643, 136
Trd, 4319844.693, 108
Trd, 4319845.893, 133
Trd, 4319845.993, 129
Trd, 4319846.643, 110
Trd, 4319847.993, 140
Trd, 4319849.393, 105
Trd, 4319849.893, 110
Trd, 4319850.143, 104
Trd, 4319851.943, 140
Trd, 4319852.143, 105
Trd, 4319852.943, 140
Trd, 4319853.143, 139
Trd, 4319853.193, 134
Trd, 4319853.943, 135
Trd, 4319854.193, 104
Trd, 4319856.993, 140
Trd, 4319857.143, 140
Trd, 4319857.643, 139
Trd, 4319858.343, 122
Trd, 4319859.493, 137
Trd, 4319860.043, 138
Trd, 4319860.193, 125
Trd, 4319860.943, 138
Trd, 4319861.493, 137
Trd, 4319862.743, 127
Trd, 4319863.193, 126
Trd, 4319863.543, 140
Trd, 4319864.643, 140
Trd, 4319864.693, 81
Trd, 4319865.043, 129
Trd, 4319866.243, 127
Trd, 4319867.093, 139
Trd, 4319867.343, 126
Trd, 4319868.393, 140
Trd, 4319868.743, 140
Trd, 4319869.543, 103
Trd, 4319870.043, 68
Trd, 4319870.643, 63
Trd, 4319871.893, 84
Trd, 4319873.193, 136
Trd, 4319873.243, 134
Trd, 4319873.843, 84
Trd, 4319874.243, 140
Trd, 4319874.743, 140
Trd, 4319875.243, 137
Trd, 4319875.993, 95
Trd, 4319876.293, 123
Trd, 4319877.293, 60
Trd, 4319878.293, 62
Trd, 4319878.343, 64
Trd, 4319878.493, 134
Trd, 4319878.943, 73
Trd, 4319881.793, 140
Trd, 4319881.843, 140
Trd, 4319881.943, 140
Trd, 4319882.643, 139
Trd, 4319883.043, 108
Trd, 4319883.493, 137
Trd, 4319883.743, 126
Trd, 4319885.993, 140
Trd, 4319886.193, 139
Trd, 4319886.493, 140
Trd, 4319888.243, 140
Trd, 4319888.643, 139
Trd, 4319889.643, 125
Trd, 4319891.143, 140
Trd, 4319891.793, 76
Trd, 4319891.843, 71
Trd, 4319892.743, 139
Trd, 4319892.993, 108
Trd, 4319895.693, 140
Trd, 4319895.843, 140
Trd, 4319896.143, 136
Trd, 4319897.643, 134
Trd, 4319898.043, 140
Trd, 4319898.643, 64
Trd, 4319899.093, 121
Trd, 4319899.693, 109
Trd, 4319900.343, 137
Trd, 4319900.793, 68
Trd, 4319900.943, 63
Trd, 4319902.143, 140
Trd, 4319902.343, 139
Trd, 4319902.743, 137
Trd, 4319903.343, 136
Trd, 4319904.543, 99
Trd, 4319904.593, 98
Trd, 4319904.693, 100
Trd, 4319907.043, 140
Trd, 4319907.393, 139
Trd, 4319907.793, 103
Trd, 4319908.793, 139
Trd, 4319909.243, 139
Trd, 4319909.593, 138
Trd, 4319909.693, 137
Trd, 4319910.543, 140
Trd, 4319911.943, 118
Trd, 4319913.293, 139
Trd, 4319913.993, 140
Trd, 4319914.093, 138
Trd, 4319916.243, 140
Trd, 4319916.443, 136
Trd, 4319916.543, 94
Trd, 4319918.793, 140
Trd, 4319918.943, 140
Trd, 4319920.193, 140
Trd, 4319920.243, 138
Trd, 4319920.543, 131
Trd, 4319920.743, 120
Trd, 4319921.443, 124
Trd, 4319922.643, 137
Trd, 4319923.193, 135
Trd, 4319923.543, 125
Trd, 4319924.493, 140
Trd, 4319925.343, 140
Trd, 4319925.493, 107
Trd, 4319925.593, 126
Trd, 4319925.793, 70
Trd, 4319928.143, 140
Trd, 4319928.493, 140
Trd, 4319929.143, 140
Trd, 4319929.543, 140
Trd, 4319930.443, 140
Trd, 4319930.843, 130
Trd, 4319934.643, 140
Trd, 4319935.043, 140
Trd, 4319935.843, 140
Trd, 4319936.643, 140
Trd, 4319936.793, 140
Trd, 4319937.693, 139
Trd, 4319938.093, 116
Trd, 4319939.393, 98
Trd, 4319939.493, 96
Trd, 4319940.893, 140
Trd, 4319940.943, 126
Trd, 4319941.643, 139
Trd, 4319941.893, 140
Trd, 4319942.443, 138
Trd, 4319943.693, 126
Trd, 4319945.993, 140
Trd, 4319947.393, 135
Trd, 4319947.843, 134
Trd, 4319948.093, 133
Trd, 4319948.143, 116
Trd, 4319948.393, 78
Trd, 4319949.893, 140
Trd, 4319949.943, 140
Trd, 4319951.193, 140
Trd, 4319951.543, 140
Trd, 4319951.943, 111
Trd, 4319953.293, 140
Trd, 4319953.343, 138
Trd, 4319953.493, 132
Trd, 4319954.543, 61
Trd, 4319954.843, 94
Trd, 4319955.393, 121
Trd, 4319956.843, 60
Trd, 4319957.343, 78
Trd, 4319958.493, 98
Trd, 4319958.593, 96
Trd, 4319958.743, 97
Trd, 4319959.943, 84
Trd, 4319961.043, 140
Trd, 4319961.543, 137
Trd, 4319962.493, 137
Trd, 4319963.643, 140
Trd, 4319965.443, 140
Trd, 4319965.593, 140
Trd, 4319966.243, 140
Trd, 4319966.643, 140
Trd, 4319966.893, 140
Trd, 4319967.143, 116
Trd, 4319967.843, 77
Trd, 4319968.093, 72
Trd, 4319969.593, 60
Trd, 4319970.593, 140
Trd, 4319971.143, 140
Trd, 4319972.143, 63
Trd, 4319973.093, 140
Trd, 4319974.143, 140
Trd, 4319974.193, 140
Trd, 4319975.493, 135
Trd, 4319975.543, 116
Trd, 4319976.793, 80
Trd, 4319978.243, 140
Trd, 4319979.043, 140
Trd, 4319979.393, 95
Trd, 4319980.843, 140
Trd, 4319981.043, 140
Trd, 4319982.093, 140
Trd, 4319982.593, 140
Trd, 4319983.043, 100
Trd, 4319983.593, 139
Trd, 4319985.393, 140
Trd, 4319986.643, 135
Trd, 4319986.943, 112
Trd, 4319987.493, 125
Trd, 4319988.093, 140
Trd, 4319988.143, 104
Trd, 4319988.243, 101
Trd, 4319988.943, 138
Trd, 4319988.993, 131
Trd, 4319989.143, 81
Trd, 4319990.043, 124
Trd, 4319991.443, 140
Trd, 4319992.543, 140
Trd, 4319993.143, 139
Trd, 4319993.293, 111
Trd, 4319994.143, 134
Trd, 4319994.793, 140
Trd, 4319994.943, 140
Trd, 4319995.743, 110
Trd, 4319997.193, 139
Trd, 4319997.293, 114
Trd, 4319998.193, 139
Trd, 4319998.693, 116
Trd, 4319999.843, 75
