Trd, 4318090.943, 138
Trd, 4318091.793, 108
Trd, 4318093.143, 100
Trd, 4318094.343, 86
Trd, 4318094.993, 113
Trd, 4318096.693, 115
Trd, 4318097.293, 106
Trd, 4318097.943, 119
Trd, 4318098.143, 127
Trd, 4318098.593, 100
Trd, 4318098.643, 113
Trd, 4318100.693, 134
Trd, 4318101.943, 121
Trd, 4318102.793, 110
Trd, 4318102.843, 101
Trd, 4318102.993, 97
Trd, 4318103.243, 94
Trd, 4318104.643, 135
Trd, 4318105.443, 75
Trd, 4318105.543, 88
Trd, 4318106.443, 86
Trd, 4318106.993, 132
Trd, 4318107.243, 139
Trd, 4318107.393, 121
Trd, 4318108.193, 138
Trd, 4318108.693, 82
Trd, 4318108.993, 62
Trd, 4318109.693, 82
Trd, 4318110.943, 106
Trd, 4318111.393, 140
Trd, 4318112.593, 115
Trd, 4318114.393, 123
Trd, 4318114.843, 137
Trd, 4318115.043, 138
Trd, 4318115.943, 124
Trd, 4318117.943, 129
Trd, 4318120.543, 131
Trd, 4318121.893, 117
Trd, 4318122.943, 79
Trd, 4318124.143, 116
Trd, 4318126.443, 126
Trd, 4318126.643, 120
Trd, 4318127.493, 132
Trd, 4318127.993, 99
Trd, 4318128.343, 101
Trd, 4318128.943, 129
Trd, 4318129.443, 117
Trd, 4318129.493, 115
Trd, 4318129.643, 108
Trd, 4318131.243, 75
Trd, 4318131.643, 134
Trd, 4318131.943, 107
Trd, 4318133.093, 131
Trd, 4318133.593, 122
Trd, 4318133.893, 136
Trd, 4318134.043, 90
Trd, 4318136.043, 136
Trd, 4318136.843, 138
Trd, 4318137.293, 117
Trd, 4318138.943, 139
Trd, 4318139.493, 139
Trd, 4318139.693, 119
Trd, 4318141.343, 94
Trd, 4318141.593, 79
Trd, 4318142.743, 137
Trd, 4318143.243, 115
Trd, 4318143.293, 104
Trd, 4318144.943, 133
Trd, 4318145.243, 121
Trd, 4318145.643, 99
Trd, 4318146.193, 120
Trd, 4318146.643, 95
Trd, 4318147.893, 131
Trd, 4318148.393, 129
Trd, 4318148.993, 113
Trd, 4318152.093, 112
Trd, 4318152.143, 93
Trd, 4318152.893, 129
Trd, 4318154.393, 130
Trd, 4318154.893, 115
Trd, 4318155.093, 103
Trd, 4318155.343, 105
Trd, 4318156.193, 129
Trd, 4318156.743, 68
Trd, 4318157.593, 123
Trd, 4318158.143, 110
Trd, 4318158.793, 98
Trd, 4318159.093, 64
Trd, 4318159.993, 111
Trd, 4318161.843, 127
Trd, 4318162.143, 103
Trd, 4318162.543, 88
Trd, 4318163.543, 137
Trd, 4318164.243, 132
Trd, 4318164.343, 92
Trd, 4318164.943, 122
Trd, 4318164.993, 77
Trd, 4318165.093, 124
Trd, 4318166.343, 93
Trd, 4318166.793, 117
Trd, 4318168.143, 123
Trd, 4318168.193, 96
Trd, 4318169.443, 64
Trd, 4318169.993, 65
Trd, 4318170.743, 124
Trd, 4318171.043, 94
Trd, 4318171.743, 63
Trd, 4318172.993, 98
Trd, 4318173.593, 74
Trd, 4318174.843, 102
Trd, 4318175.493, 113
Trd, 4318176.743, 81
Trd, 4318178.393, 97
Trd, 4318178.693, 66
Trd, 4318178.793, 73
Trd, 4318179.043, 81
Trd, 4318179.393, 109
Trd, 4318179.743, 96
Trd, 4318180.793, 91
Trd, 4318181.693, 115
Trd, 4318183.543, 107
Trd, 4318183.793, 89
Trd, 4318183.893, 66
Trd, 4318185.393, 111
Trd, 4318185.893, 97
Trd, 4318186.693, 137
Trd, 4318187.243, 93
Trd, 4318188.693, 130
Trd, 4318189.943, 138
Trd, 4318190.543, 129
Trd, 4318190.893, 127
Trd, 4318191.643, 139
Trd, 4318192.493, 106
Trd, 4318193.093, 89
Trd, 4318193.943, 79
Trd, 4318194.743, 122
Trd, 4318195.943, 92
Trd, 4318196.243, 135
Trd, 4318196.443, 104
Trd, 4318197.093, 88
Trd, 4318197.193, 109
Trd, 4318197.743, 130
Trd, 4318198.293, 107
Trd, 4318199.393, 97
Trd, 4318199.543, 111
Trd, 4318199.893, 69
Trd, 4318201.043, 119
Trd, 4318201.693, 109
Trd, 4318202.143, 134
Trd, 4318202.293, 130
Trd, 4318203.893, 60
Trd, 4318204.643, 68
Trd, 4318206.593, 121
Trd, 4318206.743, 85
Trd, 4318207.093, 93
Trd, 4318208.193, 98
Trd, 4318208.393, 95
Trd, 4318208.443, 74
Trd, 4318208.843, 112
Trd, 4318209.893, 126
Trd, 4318210.893, 90
Trd, 4318212.043, 136
Trd, 4318212.493, 130
Trd, 4318212.793, 98
Trd, 4318214.343, 104
Trd, 4318214.693, 140
Trd, 4318215.593, 73
Trd, 4318218.243, 82
Trd, 4318218.793, 89
Trd, 4318218.993, 76
Trd, 4318219.243, 137
Trd, 4318219.693, 60
Trd, 4318220.393, 120
Trd, 4318220.943, 94
Trd, 4318221.093, 84
Trd, 4318222.293, 80
Trd, 4318223.493, 120
Trd, 4318223.543, 114
Trd, 4318224.793, 135
Trd, 4318225.143, 112
Trd, 4318225.543, 79
Trd, 4318226.443, 109
Trd, 4318226.593, 67
Trd, 4318228.993, 69
Trd, 4318229.243, 100
Trd, 4318231.043, 124
Trd, 4318231.593, 102
Trd, 4318231.793, 100
Trd, 4318233.143, 99
Trd, 4318233.493, 79
Trd, 4318234.293, 99
Trd, 4318234.343, 109
Trd, 4318234.693, 93
Trd, 4318235.093, 89
Trd, 4318235.493, 103
Trd, 4318235.693, 69
Trd, 4318236.893, 124
Trd, 4318239.093, 138
Trd, 4318239.743, 140
Trd, 4318239.893, 127
Trd, 4318239.993, 71
Trd, 4318240.093, 70
Trd, 4318241.393, 106
Trd, 4318242.643, 130
Trd, 4318243.343, 116
Trd, 4318243.893, 135
Trd, 4318245.643, 113
Trd, 4318246.093, 104
Trd, 4318247.343, 111
Trd, 4318247.793, 94
Trd, 4318248.343, 60
Trd, 4318249.243, 121
Trd, 4318250.193, 121
Trd, 4318250.743, 110
Trd, 4318251.393, 101
Trd, 4318251.893, 111
Trd, 4318253.093, 111
Trd, 4318253.243, 126
Trd, 4318254.893, 119
Trd, 4318255.093, 109
Trd, 4318256.043, 111
Trd, 4318256.193, 107
Trd, 4318256.893, 101
Trd, 4318257.943, 137
Trd, 4318258.043, 126
Trd, 4318258.643, 107
Trd, 4318259.293, 113
Trd, 4318259.443, 69
Trd, 4318260.293, 60
Trd, 4318261.093, 119
Trd, 4318261.843, 132
Trd, 4318262.143, 101
Trd, 4318262.993, 120
Trd, 4318264.293, 95
Trd, 4318265.643, 125
Trd, 4318266.393, 99
Trd, 4318267.293, 91
Trd, 4318267.593, 111
Trd, 4318268.943, 130
Trd, 4318270.943, 135
Trd, 4318271.243, 119
Trd, 4318271.543, 124
Trd, 4318273.743, 110
Trd, 4318273.893, 124
Trd, 4318274.993, 132
Trd, 4318275.243, 125
Trd, 4318275.793, 139
Trd, 4318276.393, 88
Trd, 4318277.793, 88
Trd, 4318278.243, 113
Trd, 4318279.743, 125
Trd, 4318280.693, 124
Trd, 4318280.943, 123
Trd, 4318282.343, 130
Trd, 4318283.543, 100
Trd, 4318283.743, 120
Trd, 4318283.793, 99
Trd, 4318284.543, 114
Trd, 4318286.693, 123
Trd, 4318287.293, 97
Trd, 4318288.343, 115
Trd, 4318289.943, 123
Trd, 4318290.393, 120
Trd, 4318292.893, 140
Trd, 4318293.093, 110
Trd, 4318293.393, 121
Trd, 4318294.043, 133
Trd, 4318295.193, 140
Trd, 4318295.943, 130
Trd, 4318296.293, 113
Trd, 4318297.843, 122
Trd, 4318298.493, 133
Trd, 4318298.693, 109
Trd, 4318299.043, 101
Trd, 4318299.593, 101
Trd, 4318300.293, 60
Trd, 4318300.343, 81
Trd, 4318301.793, 140
Trd, 4318303.643, 114
Trd, 4318305.093, 102
Trd, 4318305.543, 107
Trd, 4318306.193, 135
Trd, 4318307.643, 97
Trd, 4318307.943, 106
Trd, 4318308.343, 80
Trd, 4318309.993, 121
Trd, 4318310.343, 76
Trd, 4318310.543, 74
Trd, 4318311.543, 134
Trd, 4318311.693, 124
Trd, 4318311.793, 105
Trd, 4318313.693, 136
Trd, 4318314.243, 113
Trd, 4318315.243, 135
Trd, 4318316.143, 134
Trd, 4318316.693, 112
Trd, 4318317.543, 133
Trd, 4318318.093, 111
Trd, 4318319.743, 127
Trd, 4318319.943, 123
Trd, 4318320.793, 118
Trd, 4318321.243, 105
Trd, 4318322.793, 117
Trd, 4318323.643, 104
Trd, 4318324.193, 105
Trd, 4318324.443, 77
Trd, 4318326.993, 121
Trd, 4318327.243, 133
Trd, 4318327.593, 111
Trd, 4318327.843, 100
Trd, 4318327.893, 77
Trd, 4318329.093, 70
Trd, 4318329.293, 89
Trd, 4318331.643, 96
Trd, 4318331.843, 94
Trd, 4318332.243, 82
Trd, 4318333.693, 108
Trd, 4318333.793, 118
Trd, 4318334.993, 102
Trd, 4318335.893, 133
Trd, 4318336.743, 137
Trd, 4318336.843, 131
Trd, 4318336.893, 124
Trd, 4318337.643, 122
Trd, 4318337.693, 105
Trd, 4318338.993, 118
Trd, 4318341.693, 113
Trd, 4318341.743, 96
Trd, 4318342.343, 88
Trd, 4318343.043, 106
Trd, 4318343.943, 136
Trd, 4318344.393, 71
Trd, 4318345.643, 106
Trd, 4318345.743, 63
Trd, 4318346.293, 129
Trd, 4318347.593, 98
Trd, 4318348.443, 116
Trd, 4318349.143, 77
Trd, 4318349.443, 70
Trd, 4318349.493, 112
Trd, 4318350.243, 76
Trd, 4318351.393, 102
Trd, 4318352.243, 80
Trd, 4318353.293, 65
Trd, 4318354.943, 79
Trd, 4318356.843, 109
Trd, 4318357.143, 96
Trd, 4318357.193, 88
Trd, 4318358.093, 140
Trd, 4318358.293, 113
Trd, 4318358.593, 109
Trd, 4318359.093, 98
Trd, 4318359.343, 139
Trd, 4318360.543, 114
Trd, 4318361.043, 91
Trd, 4318361.193, 80
Trd, 4318363.093, 62
Trd, 4318363.943, 107
Trd, 4318364.793, 83
Trd, 4318365.393, 119
Trd, 4318366.743, 99
Trd, 4318366.893, 134
Trd, 4318367.543, 66
Trd, 4318368.093, 98
Trd, 4318368.743, 87
Trd, 4318369.343, 65
Trd, 4318369.993, 109
Trd, 4318371.843, 117
Trd, 4318372.293, 83
Trd, 4318373.343, 129
Trd, 4318373.793, 87
Trd, 4318374.043, 67
Trd, 4318374.443, 123
Trd, 4318375.593, 132
Trd, 4318376.143, 131
Trd, 4318377.543, 100
Trd, 4318377.743, 79
Trd, 4318378.193, 119
Trd, 4318378.793, 101
Trd, 4318378.943, 71
Trd, 4318380.143, 136
Trd, 4318381.493, 129
Trd, 4318381.643, 126
Trd, 4318381.943, 120
Trd, 4318382.393, 138
Trd, 4318383.443, 118
Trd, 4318383.793, 81
Trd, 4318385.693, 119
Trd, 4318385.893, 99
Trd, 4318386.493, 85
Trd, 4318386.893, 120
Trd, 4318387.793, 92
Trd, 4318387.893, 68
Trd, 4318388.243, 64
Trd, 4318389.343, 112
Trd, 4318390.393, 140
Trd, 4318391.743, 110
Trd, 4318392.393, 102
Trd, 4318394.193, 70
Trd, 4318394.893, 120
Trd, 4318395.293, 126
Trd, 4318395.943, 118
Trd, 4318396.893, 124
Trd, 4318396.993, 97
Trd, 4318398.043, 135
Trd, 4318399.343, 127
Trd, 4318400.243, 60
Trd, 4318400.443, 61
Trd, 4318400.843, 61
Trd, 4318400.993, 127
Trd, 4318401.843, 128
Trd, 4318402.293, 84
Trd, 4318403.743, 118
Trd, 4318404.293, 97
Trd, 4318404.843, 98
Trd, 4318406.143, 139
Trd, 4318407.343, 131
Trd, 4318407.943, 114
Trd, 4318409.893, 121
Trd, 4318409.993, 105
Trd, 4318410.243, 107
Trd, 4318411.643, 103
Trd, 4318412.243, 88
Trd, 4318413.893, 126
Trd, 4318414.593, 106
Trd, 4318415.293, 103
Trd, 4318416.293, 94
Trd, 4318418.543, 119
Trd, 4318418.743, 100
Trd, 4318418.843, 107
Trd, 4318419.343, 81
Trd, 4318419.793, 80
Trd, 4318419.943, 107
Trd, 4318420.493, 131
Trd, 4318421.743, 121
Trd, 4318422.943, 119
Trd, 4318423.393, 139
Trd, 4318423.593, 130
Trd, 4318424.143, 125
Trd, 4318424.443, 90
Trd, 4318426.093, 125
Trd, 4318426.443, 90
Trd, 4318428.393, 61
Trd, 4318428.993, 60
Trd, 4318429.093, 76
Trd, 4318429.393, 104
Trd, 4318429.893, 132
Trd, 4318429.993, 122
Trd, 4318431.493, 61
Trd, 4318432.193, 139
Trd, 4318434.143, 116
Trd, 4318434.643, 134
Trd, 4318436.243, 125
Trd, 4318436.543, 133
Trd, 4318436.893, 116
Trd, 4318437.643, 109
Trd, 4318438.443, 139
Trd, 4318438.843, 98
Trd, 4318439.193, 97
Trd, 4318440.043, 134
Trd, 4318440.693, 120
Trd, 4318440.793, 107
Trd, 4318442.193, 122
Trd, 4318443.793, 108
Trd, 4318445.293, 114
Trd, 4318445.643, 136
Trd, 4318446.893, 109
Trd, 4318448.143, 108
Trd, 4318448.293, 107
Trd, 4318451.993, 136
Trd, 4318452.743, 130
Trd, 4318453.893, 107
Trd, 4318454.543, 130
Trd, 4318454.693, 118
Trd, 4318455.793, 111
Trd, 4318456.193, 60
Trd, 4318456.293, 62
Trd, 4318457.543, 127
Trd, 4318458.243, 136
Trd, 4318459.593, 133
Trd, 4318460.143, 117
Trd, 4318460.743, 103
Trd, 4318460.893, 100
Trd, 4318461.993, 71
Trd, 4318462.743, 134
Trd, 4318463.643, 140
Trd, 4318464.593, 137
Trd, 4318466.893, 131
Trd, 4318467.293, 134
Trd, 4318467.543, 130
Trd, 4318468.493, 121
Trd, 4318468.993, 121
Trd, 4318469.143, 121
Trd, 4318469.693, 132
Trd, 4318470.043, 115
Trd, 4318470.293, 84
Trd, 4318471.543, 62
Trd, 4318472.443, 79
Trd, 4318473.093, 72
Trd, 4318473.243, 72
Trd, 4318473.343, 79
Trd, 4318473.993, 111
Trd, 4318475.893, 137
Trd, 4318477.443, 115
Trd, 4318478.243, 97
Trd, 4318479.243, 105
Trd, 4318479.443, 74
Trd, 4318480.643, 137
Trd, 4318480.943, 112
Trd, 4318481.143, 125
Trd, 4318481.793, 134
Trd, 4318482.493, 129
Trd, 4318484.393, 137
Trd, 4318486.593, 104
Trd, 4318487.093, 94
Trd, 4318488.043, 96
Trd, 4318488.093, 93
Trd, 4318489.393, 122
Trd, 4318489.643, 137
Trd, 4318490.343, 113
Trd, 4318491.543, 111
Trd, 4318491.743, 129
Trd, 4318491.843, 114
Trd, 4318492.343, 104
Trd, 4318492.993, 75
Trd, 4318494.293, 129
Trd, 4318494.943, 132
Trd, 4318495.193, 121
Trd, 4318495.393, 103
Trd, 4318496.893, 126
Trd, 4318497.093, 120
Trd, 4318498.393, 121
Trd, 4318498.593, 109
Trd, 4318499.243, 108
Trd, 4318500.243, 102
Trd, 4318500.793, 129
Trd, 4318501.493, 109
Trd, 4318501.643, 96
Trd, 4318502.093, 127
Trd, 4318502.593, 117
Trd, 4318505.893, 140
Trd, 4318506.343, 138
Trd, 4318507.343, 129
Trd, 4318507.943, 120
Trd, 4318508.343, 117
Trd, 4318508.743, 120
Trd, 4318509.093, 126
Trd, 4318509.893, 134
Trd, 4318510.393, 136
Trd, 4318512.243, 110
Trd, 4318513.943, 137
Trd, 4318516.343, 118
Trd, 4318516.993, 136
Trd, 4318517.793, 115
Trd, 4318518.143, 106
Trd, 4318518.793, 135
Trd, 4318519.843, 112
Trd, 4318519.943, 130
Trd, 4318520.343, 113
Trd, 4318520.793, 95
Trd, 4318522.043, 125
Trd, 4318522.093, 97
Trd, 4318522.443, 88
Trd, 4318523.643, 108
Trd, 4318523.993, 101
Trd, 4318524.543, 84
Trd, 4318525.443, 106
Trd, 4318526.093, 128
Trd, 4318526.393, 124
Trd, 4318526.793, 75
Trd, 4318527.643, 138
Trd, 4318528.343, 128
Trd, 4318529.193, 125
Trd, 4318530.093, 66
Trd, 4318531.393, 78
Trd, 4318531.593, 94
Trd, 4318532.143, 122
Trd, 4318532.643, 137
Trd, 4318533.643, 123
Trd, 4318534.093, 125
Trd, 4318534.393, 118
Trd, 4318535.993, 130
Trd, 4318536.493, 125
Trd, 4318537.493, 116
Trd, 4318537.693, 101
Trd, 4318538.493, 108
Trd, 4318538.743, 107
Trd, 4318538.893, 105
Trd, 4318540.993, 125
Trd, 4318542.543, 129
Trd, 4318543.043, 119
Trd, 4318543.743, 117
Trd, 4318543.843, 104
Trd, 4318544.143, 114
Trd, 4318545.143, 103
Trd, 4318545.593, 139
Trd, 4318545.743, 115
Trd, 4318547.043, 95
Trd, 4318547.393, 84
Trd, 4318548.193, 131
Trd, 4318549.293, 98
Trd, 4318549.693, 106
Trd, 4318550.243, 116
Trd, 4318551.993, 139
Trd, 4318552.293, 75
Trd, 4318552.993, 79
Trd, 4318553.493, 112
Trd, 4318553.843, 92
Trd, 4318554.543, 77
Trd, 4318555.243, 62
Trd, 4318555.743, 65
Trd, 4318556.543, 64
Trd, 4318556.993, 89
Trd, 4318558.493, 117
Trd, 4318558.743, 71
Trd, 4318560.093, 129
Trd, 4318560.143, 118
Trd, 4318562.393, 125
Trd, 4318562.743, 138
Trd, 4318563.393, 136
Trd, 4318563.493, 130
Trd, 4318564.493, 67
Trd, 4318565.193, 111
Trd, 4318565.693, 125
Trd, 4318566.593, 138
Trd, 4318566.843, 127
Trd, 4318569.793, 138
Trd, 4318570.193, 137
Trd, 4318570.343, 125
Trd, 4318570.593, 128
Trd, 4318571.743, 132
Trd, 4318571.993, 123
Trd, 4318572.443, 78
Trd, 4318573.943, 113
Trd, 4318574.043, 99
Trd, 4318574.293, 96
Trd, 4318575.343, 88
Trd, 4318575.593, 133
Trd, 4318576.293, 107
Trd, 4318577.043, 91
Trd, 4318578.993, 90
Trd, 4318579.543, 85
Trd, 4318579.593, 85
Trd, 4318580.243, 69
Trd, 4318581.693, 133
Trd, 4318581.843, 125
Trd, 4318582.093, 104
Trd, 4318584.093, 128
Trd, 4318584.993, 117
Trd, 4318585.143, 115
Trd, 4318585.743, 122
Trd, 4318585.993, 98
Trd, 4318586.493, 96
Trd, 4318586.743, 111
Trd, 4318587.043, 137
Trd, 4318588.043, 122
Trd, 4318589.943, 137
Trd, 4318590.893, 104
Trd, 4318591.343, 121
Trd, 4318592.043, 110
Trd, 4318592.193, 88
Trd, 4318592.293, 80
Trd, 4318593.143, 132
Trd, 4318593.293, 109
Trd, 4318594.043, 75
Trd, 4318596.743, 132
Trd, 4318596.893, 125
Trd, 4318597.443, 108
Trd, 4318598.443, 133
Trd, 4318598.693, 128
Trd, 4318599.043, 131
Trd, 4318600.843, 129
Trd, 4318600.943, 95
Trd, 4318601.993, 116
Trd, 4318602.543, 107
Trd, 4318602.643, 88
Trd, 4318606.743, 127
Trd, 4318606.793, 122
Trd, 4318607.393, 132
Trd, 4318608.043, 122
Trd, 4318608.193, 116
Trd, 4318608.293, 109
Trd, 4318608.843, 105
Trd, 4318610.193, 107
Trd, 4318610.693, 128
Trd, 4318612.293, 79
Trd, 4318613.093, 113
Trd, 4318614.143, 63
Trd, 4318614.443, 101
Trd, 4318615.693, 86
Trd, 4318616.293, 89
Trd, 4318616.543, 84
Trd, 4318617.093, 93
Trd, 4318617.943, 109
Trd, 4318618.043, 95
Trd, 4318618.143, 89
Trd, 4318619.143, 69
Trd, 4318619.543, 134
Trd, 4318622.293, 127
Trd, 4318622.343, 124
Trd, 4318622.543, 131
Trd, 4318624.393, 123
Trd, 4318625.243, 108
Trd, 4318626.393, 127
Trd, 4318627.743, 131
Trd, 4318627.843, 128
Trd, 4318628.443, 119
Trd, 4318629.143, 110
Trd, 4318629.993, 111
Trd, 4318631.193, 139
Trd, 4318631.393, 106
Trd, 4318631.993, 88
Trd, 4318632.643, 101
Trd, 4318633.093, 116
Trd, 4318633.193, 97
Trd, 4318634.193, 128
Trd, 4318634.443, 121
Trd, 4318635.793, 100
Trd, 4318636.093, 89
Trd, 4318636.493, 101
Trd, 4318638.043, 131
Trd, 4318638.443, 119
Trd, 4318639.093, 99
Trd, 4318639.293, 91
Trd, 4318639.543, 68
Trd, 4318639.993, 70
Trd, 4318641.693, 106
Trd, 4318642.093, 127
Trd, 4318643.043, 99
Trd, 4318644.293, 94
Trd, 4318644.593, 93
Trd, 4318645.593, 140
Trd, 4318646.593, 119
Trd, 4318646.643, 76
Trd, 4318647.643, 139
Trd, 4318648.093, 95
Trd, 4318649.093, 104
Trd, 4318650.893, 121
Trd, 4318651.493, 138
Trd, 4318651.693, 111
Trd, 4318652.893, 139
Trd, 4318654.243, 127
Trd, 4318654.543, 115
Trd, 4318654.693, 117
Trd, 4318655.393, 111
Trd, 4318655.793, 101
Trd, 4318657.193, 112
Trd, 4318657.443, 79
Trd, 4318658.393, 110
Trd, 4318659.943, 134
Trd, 4318661.343, 98
Trd, 4318661.743, 104
Trd, 4318662.543, 126
Trd, 4318663.593, 95
Trd, 4318663.693, 106
Trd, 4318663.893, 88
Trd, 4318664.443, 105
Trd, 4318665.443, 97
Trd, 4318666.043, 103
Trd, 4318667.893, 135
Trd, 4318668.143, 128
Trd, 4318668.743, 113
Trd, 4318669.793, 130
Trd, 4318669.843, 130
Trd, 4318669.993, 94
Trd, 4318671.043, 106
Trd, 4318672.993, 107
Trd, 4318673.593, 119
Trd, 4318673.843, 108
Trd, 4318674.443, 95
Trd, 4318675.643, 132
Trd, 4318675.943, 109
Trd, 4318676.043, 129
Trd, 4318676.343, 90
Trd, 4318678.093, 123
Trd, 4318678.293, 112
Trd, 4318679.343, 119
Trd, 4318680.343, 122
Trd, 4318681.293, 98
Trd, 4318683.093, 140
Trd, 4318684.093, 127
Trd, 4318684.943, 136
Trd, 4318685.343, 127
Trd, 4318685.893, 131
Trd, 4318686.743, 111
Trd, 4318688.343, 89
Trd, 4318689.143, 135
Trd, 4318689.393, 117
Trd, 4318689.943, 93
Trd, 4318690.793, 96
Trd, 4318691.043, 106
Trd, 4318691.343, 84
Trd, 4318691.793, 135
Trd, 4318692.693, 64
Trd, 4318693.093, 137
Trd, 4318693.143, 102
Trd, 4318693.443, 137
Trd, 4318694.893, 137
Trd, 4318695.143, 117
Trd, 4318696.993, 84
Trd, 4318697.743, 125
Trd, 4318698.543, 95
Trd, 4318698.643, 88
Trd, 4318699.693, 131
Trd, 4318701.493, 126
Trd, 4318702.093, 123
Trd, 4318703.143, 122
Trd, 4318703.293, 111
Trd, 4318703.543, 111
Trd, 4318703.843, 132
Trd, 4318705.243, 134
Trd, 4318706.593, 139
Trd, 4318706.843, 114
Trd, 4318707.493, 98
Trd, 4318708.043, 72
Trd, 4318708.943, 116
Trd, 4318710.193, 115
Trd, 4318711.093, 116
Trd, 4318711.993, 120
Trd, 4318713.243, 134
Trd, 4318713.493, 126
Trd, 4318713.843, 136
Trd, 4318715.243, 140
Trd, 4318715.393, 124
Trd, 4318715.593, 117
Trd, 4318715.943, 110
Trd, 4318716.793, 123
Trd, 4318717.143, 126
Trd, 4318717.993, 101
Trd, 4318719.743, 131
Trd, 4318720.093, 127
Trd, 4318720.243, 119
Trd, 4318720.643, 120
Trd, 4318721.043, 137
Trd, 4318721.343, 113
Trd, 4318721.693, 64
Trd, 4318722.443, 64
Trd, 4318724.593, 138
Trd, 4318724.993, 136
Trd, 4318725.393, 127
Trd, 4318725.993, 114
Trd, 4318727.043, 111
Trd, 4318727.543, 124
Trd, 4318728.193, 116
Trd, 4318729.143, 132
Trd, 4318730.643, 128
Trd, 4318730.893, 111
Trd, 4318732.043, 138
Trd, 4318733.093, 132
Trd, 4318733.393, 105
Trd, 4318734.543, 106
Trd, 4318735.093, 127
Trd, 4318735.893, 97
Trd, 4318736.043, 91
Trd, 4318737.243, 118
Trd, 4318737.843, 119
Trd, 4318738.543, 95
Trd, 4318739.843, 140
Trd, 4318740.693, 109
Trd, 4318740.843, 92
Trd, 4318742.193, 83
Trd, 4318743.743, 126
Trd, 4318743.893, 115
Trd, 4318744.743, 104
Trd, 4318744.793, 91
Trd, 4318746.593, 96
Trd, 4318746.893, 100
Trd, 4318747.743, 69
Trd, 4318748.893, 140
Trd, 4318749.693, 80
Trd, 4318750.343, 98
Trd, 4318751.293, 134
Trd, 4318753.293, 101
Trd, 4318753.643, 82
Trd, 4318756.243, 109
Trd, 4318756.543, 105
Trd, 4318756.743, 103
Trd, 4318757.143, 103
Trd, 4318757.243, 98
Trd, 4318757.743, 137
Trd, 4318757.893, 86
Trd, 4318758.193, 122
Trd, 4318759.843, 129
Trd, 4318761.293, 116
Trd, 4318761.543, 109
Trd, 4318762.143, 91
Trd, 4318763.893, 133
Trd, 4318763.943, 90
Trd, 4318764.443, 114
Trd, 4318764.943, 83
Trd, 4318765.593, 105
Trd, 4318766.743, 123
Trd, 4318768.293, 127
Trd, 4318768.343, 108
Trd, 4318769.293, 75
Trd, 4318770.243, 61
Trd, 4318770.843, 112
Trd, 4318770.893, 89
Trd, 4318771.543, 122
Trd, 4318772.093, 123
Trd, 4318772.593, 90
Trd, 4318773.793, 99
Trd, 4318774.043, 91
Trd, 4318774.893, 116
Trd, 4318776.643, 140
Trd, 4318776.843, 132
Trd, 4318777.443, 139
Trd, 4318777.743, 130
Trd, 4318779.543, 137
Trd, 4318779.693, 126
Trd, 4318780.943, 126
Trd, 4318781.543, 123
Trd, 4318782.143, 126
Trd, 4318784.143, 124
Trd, 4318784.793, 114
Trd, 4318785.143, 100
Trd, 4318785.893, 126
Trd, 4318786.443, 130
Trd, 4318786.693, 130
Trd, 4318788.043, 98
Trd, 4318788.143, 67
Trd, 4318790.393, 130
Trd, 4318790.493, 107
Trd, 4318791.693, 129
Trd, 4318791.943, 140
Trd, 4318793.493, 126
Trd, 4318793.543, 119
Trd, 4318794.593, 123
Trd, 4318795.293, 116
Trd, 4318796.143, 128
Trd, 4318796.193, 118
Trd, 4318796.443, 111
Trd, 4318797.793, 126
Trd, 4318798.293, 119
Trd, 4318798.543, 97
Trd, 4318799.143, 134
Trd, 4318800.593, 103
Trd, 4318801.143, 114
Trd, 4318802.043, 123
Trd, 4318802.793, 135
Trd, 4318803.743, 112
Trd, 4318804.543, 126
Trd, 4318805.693, 131
Trd, 4318806.343, 118
Trd, 4318808.093, 111
Trd, 4318808.193, 107
Trd, 4318808.443, 95
Trd, 4318808.993, 94
Trd, 4318810.293, 136
Trd, 4318810.343, 133
Trd, 4318810.443, 121
Trd, 4318811.593, 61
Trd, 4318812.743, 61
Trd, 4318814.143, 102
Trd, 4318814.643, 83
Trd, 4318814.993, 78
Trd, 4318815.393, 99
Trd, 4318816.093, 128
Trd, 4318816.693, 96
Trd, 4318819.493, 131
Trd, 4318819.843, 137
Trd, 4318820.993, 123
Trd, 4318821.543, 116
Trd, 4318821.593, 107
Trd, 4318822.293, 132
Trd, 4318822.793, 76
Trd, 4318823.593, 61
Trd, 4318823.843, 105
Trd, 4318825.243, 114
Trd, 4318825.443, 125
Trd, 4318826.043, 134
Trd, 4318826.743, 128
Trd, 4318827.493, 101
Trd, 4318827.643, 98
Trd, 4318829.343, 129
Trd, 4318829.743, 130
Trd, 4318829.993, 78
Trd, 4318831.143, 76
Trd, 4318831.243, 83
Trd, 4318832.793, 121
Trd, 4318833.193, 139
Trd, 4318833.843, 79
Trd, 4318834.443, 130
Trd, 4318835.093, 89
Trd, 4318836.493, 109
Trd, 4318837.393, 139
Trd, 4318837.893, 133
Trd, 4318837.993, 86
Trd, 4318839.143, 122
Trd, 4318841.343, 138
Trd, 4318841.493, 94
Trd, 4318841.743, 118
Trd, 4318842.343, 111
Trd, 4318843.143, 121
Trd, 4318843.443, 129
Trd, 4318844.493, 90
Trd, 4318846.193, 114
Trd, 4318846.543, 108
Trd, 4318847.243, 125
Trd, 4318847.443, 90
Trd, 4318847.693, 111
Trd, 4318847.743, 96
Trd, 4318848.343, 73
Trd, 4318849.643, 125
Trd, 4318850.643, 66
Trd, 4318852.643, 61
Trd, 4318852.793, 80
Trd, 4318853.443, 80
Trd, 4318854.143, 110
Trd, 4318854.393, 102
Trd, 4318855.343, 108
Trd, 4318855.693, 102
Trd, 4318855.943, 91
Trd, 4318856.493, 127
Trd, 4318857.343, 107
Trd, 4318858.393, 114
Trd, 4318860.043, 100
Trd, 4318860.343, 127
Trd, 4318860.993, 70
Trd, 4318861.693, 101
Trd, 4318862.343, 69
Trd, 4318862.493, 110
Trd, 4318863.443, 113
Trd, 4318863.843, 89
Trd, 4318863.943, 86
Trd, 4318864.643, 80
Trd, 4318864.893, 70
Trd, 4318866.593, 96
Trd, 4318867.393, 91
Trd, 4318867.593, 104
Trd, 4318870.243, 100
Trd, 4318870.443, 88
Trd, 4318870.593, 75
Trd, 4318871.643, 109
Trd, 4318871.843, 79
Trd, 4318872.043, 125
Trd, 4318872.143, 73
Trd, 4318872.593, 101
Trd, 4318874.943, 139
Trd, 4318876.593, 124
Trd, 4318876.893, 123
Trd, 4318877.043, 99
Trd, 4318877.843, 89
Trd, 4318878.693, 128
Trd, 4318879.893, 106
Trd, 4318880.343, 136
Trd, 4318880.393, 124
Trd, 4318880.793, 96
Trd, 4318882.343, 133
Trd, 4318884.043, 133
Trd, 4318884.093, 122
Trd, 4318884.543, 138
Trd, 4318885.193, 120
Trd, 4318886.343, 98
Trd, 4318888.993, 134
Trd, 4318889.143, 131
Trd, 4318889.343, 111
Trd, 4318890.593, 120
Trd, 4318890.893, 110
Trd, 4318891.193, 134
Trd, 4318891.543, 88
Trd, 4318891.643, 106
Trd, 4318892.993, 122
Trd, 4318893.943, 120
Trd, 4318893.993, 101
Trd, 4318894.443, 91
Trd, 4318896.093, 130
Trd, 4318896.243, 88
Trd, 4318897.193, 138
Trd, 4318897.993, 140
Trd, 4318898.293, 126
Trd, 4318899.193, 129
Trd, 4318900.193, 124
Trd, 4318901.143, 107
Trd, 4318901.893, 98
Trd, 4318902.793, 97
Trd, 4318903.843, 134
Trd, 4318905.593, 123
Trd, 4318905.993, 137
Trd, 4318906.043, 116
Trd, 4318907.343, 134
Trd, 4318907.493, 130
Trd, 4318908.343, 112
Trd, 4318909.143, 124
Trd, 4318909.493, 118
Trd, 4318909.993, 84
Trd, 4318910.843, 132
Trd, 4318911.193, 114
Trd, 4318911.293, 78
Trd, 4318911.443, 67
Trd, 4318913.443, 117
Trd, 4318913.693, 116
Trd, 4318914.743, 74
Trd, 4318914.993, 86
Trd, 4318915.443, 79
Trd, 4318917.443, 130
Trd, 4318917.793, 94
Trd, 4318918.443, 114
Trd, 4318919.743, 132
Trd, 4318919.993, 121
Trd, 4318920.693, 130
Trd, 4318921.943, 114
Trd, 4318922.393, 90
Trd, 4318922.443, 133
Trd, 4318923.093, 113
Trd, 4318923.543, 81
Trd, 4318923.643, 77
Trd, 4318924.443, 136
Trd, 4318925.443, 131
Trd, 4318925.793, 102
Trd, 4318928.193, 121
Trd, 4318928.293, 115
Trd, 4318929.643, 81
Trd, 4318929.843, 85
Trd, 4318930.043, 108
Trd, 4318930.793, 117
Trd, 4318931.793, 136
Trd, 4318932.343, 63
Trd, 4318933.093, 118
Trd, 4318933.593, 122
Trd, 4318934.293, 121
Trd, 4318934.743, 78
Trd, 4318936.293, 74
Trd, 4318936.793, 131
Trd, 4318937.493, 122
Trd, 4318940.393, 121
Trd, 4318940.693, 117
Trd, 4318941.043, 129
Trd, 4318941.593, 112
Trd, 4318941.843, 103
Trd, 4318942.993, 125
Trd, 4318943.293, 86
Trd, 4318943.643, 81
Trd, 4318946.043, 122
Trd, 4318946.543, 107
Trd, 4318948.293, 132
Trd, 4318948.893, 128
Trd, 4318949.393, 108
Trd, 4318950.143, 105
Trd, 4318950.293, 98
Trd, 4318951.843, 135
Trd, 4318952.293, 125
Trd, 4318952.643, 74
Trd, 4318953.993, 67
Trd, 4318954.993, 97
Trd, 4318956.593, 118
Trd, 4318956.793, 115
Trd, 4318957.643, 101
Trd, 4318957.743, 86
Trd, 4318958.143, 127
Trd, 4318959.393, 91
Trd, 4318959.643, 87
Trd, 4318960.093, 125
Trd, 4318960.343, 131
Trd, 4318960.593, 67
Trd, 4318961.943, 72
Trd, 4318962.443, 111
Trd, 4318964.193, 112
Trd, 4318964.293, 107
Trd, 4318964.693, 107
Trd, 4318965.843, 99
Trd, 4318965.943, 105
Trd, 4318968.843, 137
Trd, 4318968.893, 103
Trd, 4318968.943, 103
Trd, 4318969.193, 91
Trd, 4318970.593, 123
Trd, 4318971.343, 112
Trd, 4318972.143, 137
Trd, 4318973.493, 138
Trd, 4318973.593, 121
Trd, 4318974.393, 106
Trd, 4318974.443, 102
Trd, 4318974.843, 106
Trd, 4318975.043, 119
Trd, 4318977.043, 109
Trd, 4318977.443, 125
Trd, 4318977.943, 102
Trd, 4318977.993, 78
Trd, 4318978.543, 87
Trd, 4318980.493, 77
Trd, 4318980.693, 82
Trd, 4318981.743, 130
Trd, 4318981.893, 123
Trd, 4318982.593, 135
Trd, 4318982.743, 126
Trd, 4318983.843, 109
Trd, 4318985.293, 122
Trd, 4318986.243, 107
Trd, 4318986.293, 73
Trd, 4318988.193, 131
Trd, 4318988.643, 112
Trd, 4318989.943, 117
Trd, 4318990.143, 116
Trd, 4318991.193, 112
Trd, 4318992.143, 98
Trd, 4318992.443, 66
Trd, 4318993.543, 123
Trd, 4318993.993, 116
Trd, 4318994.043, 102
Trd, 4318994.093, 64
Trd, 4318995.843, 131
Trd, 4318996.243, 129
Trd, 4318996.443, 91
Trd, 4318997.943, 102
Trd, 4318998.393, 87
Trd, 4318998.993, 129
Trd, 4319000.293, 139
Trd, 4319000.643, 129
Trd, 4319002.293, 103
Trd, 4319002.343, 113
Trd, 4319005.943, 130
Trd, 4319006.443, 116
Trd, 4319006.643, 134
Trd, 4319006.993, 90
Trd, 4319007.243, 91
Trd, 4319007.343, 80
Trd, 4319009.643, 105
Trd, 4319009.793, 83
Trd, 4319010.493, 124
Trd, 4319011.943, 130
Trd, 4319012.293, 140
Trd, 4319012.993, 131
Trd, 4319013.793, 128
Trd, 4319014.493, 112
Trd, 4319014.693, 107
Trd, 4319015.043, 96
Trd, 4319015.243, 96
Trd, 4319015.343, 125
Trd, 4319015.543, 92
Trd, 4319017.293, 133
Trd, 4319017.743, 106
Trd, 4319018.593, 125
Trd, 4319018.693, 108
Trd, 4319019.943, 140
Trd, 4319020.043, 126
Trd, 4319020.593, 109
Trd, 4319021.193, 125
Trd, 4319021.543, 133
Trd, 4319023.443, 111
Trd, 4319023.593, 122
Trd, 4319025.443, 88
Trd, 4319025.793, 121
Trd, 4319027.693, 119
Trd, 4319028.193, 130
Trd, 4319029.043, 118
Trd, 4319029.093, 109
Trd, 4319029.743, 83
Trd, 4319030.243, 98
Trd, 4319030.743, 102
Trd, 4319032.293, 136
Trd, 4319032.443, 88
Trd, 4319033.143, 109
Trd, 4319033.843, 110
Trd, 4319035.393, 124
Trd, 4319035.843, 119
Trd, 4319036.193, 117
Trd, 4319036.943, 126
Trd, 4319037.243, 117
Trd, 4319038.243, 78
Trd, 4319038.293, 68
Trd, 4319039.393, 92
Trd, 4319040.843, 138
Trd, 4319040.893, 131
Trd, 4319044.093, 119
Trd, 4319044.393, 125
Trd, 4319044.793, 114
Trd, 4319045.193, 106
Trd, 4319045.593, 106
Trd, 4319047.093, 109
Trd, 4319047.893, 96
Trd, 4319049.443, 130
Trd, 4319049.643, 115
Trd, 4319050.593, 128
Trd, 4319050.743, 132
Trd, 4319051.893, 109
Trd, 4319052.693, 92
Trd, 4319053.143, 90
Trd, 4319053.293, 77
Trd, 4319054.093, 110
Trd, 4319054.493, 93
Trd, 4319054.993, 135
Trd, 4319056.243, 99
Trd, 4319056.343, 104
Trd, 4319056.593, 95
Trd, 4319058.393, 129
Trd, 4319058.843, 113
Trd, 4319059.093, 110
Trd, 4319059.193, 76
Trd, 4319060.143, 131
Trd, 4319061.143, 121
Trd, 4319061.443, 132
Trd, 4319061.693, 127
Trd, 4319062.143, 104
Trd, 4319062.543, 104
Trd, 4319063.993, 97
Trd, 4319064.693, 114
Trd, 4319065.093, 125
Trd, 4319065.193, 84
Trd, 4319066.693, 109
Trd, 4319068.143, 133
Trd, 4319069.793, 130
Trd, 4319070.043, 73
Trd, 4319070.443, 139
Trd, 4319071.293, 134
Trd, 4319071.843, 140
Trd, 4319071.893, 129
Trd, 4319073.393, 121
Trd, 4319074.243, 71
Trd, 4319074.743, 63
Trd, 4319076.043, 109
Trd, 4319077.093, 138
Trd, 4319077.843, 138
Trd, 4319078.743, 136
Trd, 4319078.893, 130
Trd, 4319081.093, 111
Trd, 4319081.343, 105
Trd, 4319082.343, 125
Trd, 4319082.543, 89
Trd, 4319082.943, 83
Trd, 4319084.343, 123
Trd, 4319084.543, 100
Trd, 4319086.093, 80
Trd, 4319086.593, 61
Trd, 4319087.043, 74
Trd, 4319087.543, 95
Trd, 4319088.993, 63
Trd, 4319089.543, 65
Trd, 4319090.693, 132
Trd, 4319091.593, 84
Trd, 4319093.143, 137
Trd, 4319093.493, 76
Trd, 4319093.743, 69
Trd, 4319095.193, 111
Trd, 4319095.593, 73
Trd, 4319095.843, 76
Trd, 4319097.043, 140
Trd, 4319097.393, 137
Trd, 4319097.893, 106
Trd, 4319099.993, 131
Trd, 4319100.643, 120
Trd, 4319101.543, 101
Trd, 4319101.693, 94
Trd, 4319102.793, 128
Trd, 4319103.393, 112
Trd, 4319105.443, 100
Trd, 4319105.693, 124
Trd, 4319106.293, 116
Trd, 4319106.693, 109
Trd, 4319107.043, 127
Trd, 4319107.093, 105
Trd, 4319108.743, 88
Trd, 4319108.893, 89
Trd, 4319109.943, 60
Trd, 4319110.043, 97
Trd, 4319110.493, 74
Trd, 4319111.143, 64
Trd, 4319113.993, 129
Trd, 4319114.893, 110
Trd, 4319115.443, 104
Trd, 4319115.543, 81
Trd, 4319116.143, 109
Trd, 4319116.943, 125
Trd, 4319117.293, 134
Trd, 4319118.593, 113
Trd, 4319118.743, 111
Trd, 4319120.943, 137
Trd, 4319121.493, 113
Trd, 4319121.643, 110
Trd, 4319122.693, 112
Trd, 4319122.993, 107
Trd, 4319124.443, 127
Trd, 4319124.493, 101
Trd, 4319125.443, 136
Trd, 4319125.493, 110
Trd, 4319126.093, 76
Trd, 4319126.293, 75
Trd, 4319128.093, 122
Trd, 4319128.493, 120
Trd, 4319130.343, 111
Trd, 4319130.793, 116
Trd, 4319131.693, 136
Trd, 4319132.293, 135
Trd, 4319132.843, 116
Trd, 4319135.243, 105
Trd, 4319135.343, 128
Trd, 4319135.493, 104
Trd, 4319136.293, 62
Trd, 4319136.843, 64
Trd, 4319137.993, 124
Trd, 4319138.043, 68
Trd, 4319138.843, 133
Trd, 4319140.943, 137
Trd, 4319141.843, 134
Trd, 4319142.593, 133
Trd, 4319142.693, 121
Trd, 4319143.043, 117
Trd, 4319143.793, 106
Trd, 4319143.843, 103
Trd, 4319144.693, 104
Trd, 4319144.943, 87
Trd, 4319146.943, 138
Trd, 4319148.093, 124
Trd, 4319148.193, 113
Trd, 4319148.893, 112
Trd, 4319150.243, 118
Trd, 4319150.393, 129
Trd, 4319150.993, 129
Trd, 4319152.243, 126
Trd, 4319153.443, 126
Trd, 4319154.293, 134
Trd, 4319155.193, 135
Trd, 4319156.043, 92
Trd, 4319156.393, 99
Trd, 4319156.493, 94
Trd, 4319157.943, 129
Trd, 4319158.743, 101
Trd, 4319159.893, 110
Trd, 4319159.993, 119
Trd, 4319160.493, 127
Trd, 4319161.193, 120
Trd, 4319161.793, 108
Trd, 4319162.193, 89
Trd, 4319162.543, 90
Trd, 4319162.793, 113
Trd, 4319165.843, 127
Trd, 4319166.393, 111
Trd, 4319166.893, 103
Trd, 4319167.943, 93
Trd, 4319168.593, 114
Trd, 4319170.343, 113
Trd, 4319170.443, 103
Trd, 4319172.293, 123
Trd, 4319172.843, 137
Trd, 4319173.493, 123
Trd, 4319173.693, 120
Trd, 4319173.943, 117
Trd, 4319174.793, 118
Trd, 4319175.593, 138
Trd, 4319175.943, 94
Trd, 4319178.693, 114
Trd, 4319179.193, 99
Trd, 4319179.293, 86
Trd, 4319180.093, 103
Trd, 4319181.293, 132
Trd, 4319181.393, 117
Trd, 4319181.643, 75
Trd, 4319182.493, 92
Trd, 4319185.543, 137
Trd, 4319186.143, 129
Trd, 4319186.193, 118
Trd, 4319186.793, 94
Trd, 4319187.643, 132
Trd, 4319188.593, 122
Trd, 4319188.793, 109
Trd, 4319189.793, 138
Trd, 4319190.193, 105
Trd, 4319192.143, 131
Trd, 4319194.793, 140
Trd, 4319194.943, 135
Trd, 4319195.293, 114
Trd, 4319196.193, 135
Trd, 4319197.093, 96
Trd, 4319197.743, 119
Trd, 4319197.893, 66
Trd, 4319198.443, 117
Trd, 4319198.693, 116
Trd, 4319199.843, 119
Trd, 4319200.493, 92
Trd, 4319200.643, 98
Trd, 4319200.793, 76
Trd, 4319203.743, 93
Trd, 4319204.093, 64
Trd, 4319205.293, 85
Trd, 4319205.443, 85
Trd, 4319206.043, 100
Trd, 4319206.943, 133
Trd, 4319208.643, 117
Trd, 4319208.793, 96
Trd, 4319209.993, 112
Trd, 4319211.193, 99
Trd, 4319212.343, 137
Trd, 4319213.093, 110
Trd, 4319213.693, 130
Trd, 4319213.793, 108
Trd, 4319216.543, 127
Trd, 4319216.743, 121
Trd, 4319217.843, 128
Trd, 4319218.043, 65
Trd, 4319218.343, 83
Trd, 4319219.093, 114
Trd, 4319219.193, 123
Trd, 4319219.993, 86
Trd, 4319220.743, 110
Trd, 4319221.443, 120
Trd, 4319223.493, 91
Trd, 4319224.143, 110
Trd, 4319224.493, 92
Trd, 4319224.943, 87
Trd, 4319225.193, 101
Trd, 4319225.593, 117
Trd, 4319226.243, 128
Trd, 4319228.793, 128
Trd, 4319229.243, 127
Trd, 4319229.343, 121
Trd, 4319230.193, 117
Trd, 4319231.193, 88
Trd, 4319231.443, 104
Trd, 4319232.043, 99
Trd, 4319232.193, 134
Trd, 4319235.493, 120
Trd, 4319236.943, 138
Trd, 4319237.293, 137
Trd, 4319237.543, 120
Trd, 4319239.043, 121
Trd, 4319240.643, 118
Trd, 4319241.143, 121
Trd, 4319241.193, 109
Trd, 4319241.393, 109
Trd, 4319242.043, 127
Trd, 4319243.493, 139
Trd, 4319244.843, 96
Trd, 4319245.393, 102
Trd, 4319246.043, 100
Trd, 4319246.943, 110
Trd, 4319247.293, 103
Trd, 4319247.343, 93
Trd, 4319247.493, 86
Trd, 4319247.893, 109
Trd, 4319248.593, 126
Trd, 4319249.693, 63
Trd, 4319250.143, 67
Trd, 4319252.393, 127
Trd, 4319252.993, 133
Trd, 4319253.393, 104
Trd, 4319253.543, 100
Trd, 4319253.893, 62
Trd, 4319254.093, 62
Trd, 4319255.743, 90
Trd, 4319256.693, 93
Trd, 4319257.793, 116
Trd, 4319258.443, 101
Trd, 4319258.693, 111
Trd, 4319259.643, 104
Trd, 4319260.443, 85
Trd, 4319261.243, 120
Trd, 4319262.493, 100
Trd, 4319263.943, 132
Trd, 4319264.193, 100
Trd, 4319264.243, 112
Trd, 4319265.793, 107
Trd, 4319267.493, 101
Trd, 4319267.893, 98
Trd, 4319267.993, 95
Trd, 4319268.343, 107
Trd, 4319268.543, 71
Trd, 4319268.993, 96
Trd, 4319270.343, 118
Trd, 4319271.493, 132
Trd, 4319272.393, 93
Trd, 4319272.643, 116
Trd, 4319273.343, 104
Trd, 4319273.543, 85
Trd, 4319274.443, 73
Trd, 4319274.693, 83
Trd, 4319274.793, 81
Trd, 4319276.543, 69
Trd, 4319276.843, 97
Trd, 4319277.943, 83
Trd, 4319278.493, 87
Trd, 4319279.093, 107
Trd, 4319279.543, 101
Trd, 4319280.743, 100
Trd, 4319281.343, 135
Trd, 4319282.693, 131
Trd, 4319283.093, 107
Trd, 4319283.943, 79
Trd, 4319284.543, 66
Trd, 4319285.943, 125
Trd, 4319286.443, 114
Trd, 4319286.643, 86
Trd, 4319287.643, 123
Trd, 4319288.193, 129
Trd, 4319288.493, 91
Trd, 4319289.893, 95
Trd, 4319290.093, 140
Trd, 4319291.993, 97
Trd, 4319292.243, 116
Trd, 4319292.343, 109
Trd, 4319292.993, 106
Trd, 4319293.093, 102
Trd, 4319294.543, 104
Trd, 4319295.093, 78
Trd, 4319295.543, 110
Trd, 4319295.893, 87
Trd, 4319296.643, 118
Trd, 4319298.943, 132
Trd, 4319299.543, 109
Trd, 4319299.743, 120
Trd, 4319300.893, 101
Trd, 4319301.043, 83
Trd, 4319302.093, 77
Trd, 4319303.893, 87
Trd, 4319304.643, 136
Trd, 4319304.793, 79
Trd, 4319305.443, 81
Trd, 4319306.443, 123
Trd, 4319306.793, 89
Trd, 4319307.043, 110
Trd, 4319307.893, 139
Trd, 4319308.643, 88
Trd, 4319309.443, 110
Trd, 4319309.793, 110
Trd, 4319310.293, 83
Trd, 4319310.543, 87
Trd, 4319310.843, 105
Trd, 4319311.943, 103
Trd, 4319312.343, 116
Trd, 4319312.743, 87
Trd, 4319314.443, 102
Trd, 4319315.443, 71
Trd, 4319316.243, 122
Trd, 4319316.543, 82
Trd, 4319317.443, 134
Trd, 4319318.443, 117
Trd, 4319318.793, 132
Trd, 4319319.043, 114
Trd, 4319319.943, 126
Trd, 4319321.043, 115
Trd, 4319322.393, 116
Trd, 4319323.243, 110
Trd, 4319323.943, 89
Trd, 4319324.443, 68
Trd, 4319325.043, 116
Trd, 4319327.493, 111
Trd, 4319327.893, 135
Trd, 4319328.193, 107
Trd, 4319328.993, 129
Trd, 4319329.193, 93
Trd, 4319329.693, 133
Trd, 4319330.543, 128
Trd, 4319331.893, 105
Trd, 4319332.993, 106
Trd, 4319333.493, 115
Trd, 4319333.893, 89
Trd, 4319334.193, 67
Trd, 4319334.843, 84
Trd, 4319337.293, 135
Trd, 4319337.493, 132
Trd, 4319339.343, 138
Trd, 4319339.543, 113
Trd, 4319339.793, 104
Trd, 4319340.843, 124
Trd, 4319341.043, 88
Trd, 4319341.193, 125
Trd, 4319341.643, 67
Trd, 4319342.543, 124
Trd, 4319343.793, 121
Trd, 4319345.643, 136
Trd, 4319346.543, 116
Trd, 4319348.443, 109
Trd, 4319348.893, 80
Trd, 4319349.343, 104
Trd, 4319351.093, 138
Trd, 4319351.443, 134
Trd, 4319352.093, 132
Trd, 4319352.743, 111
Trd, 4319353.943, 122
Trd, 4319354.993, 137
Trd, 4319355.393, 120
Trd, 4319355.993, 115
Trd, 4319356.343, 112
Trd, 4319358.243, 124
Trd, 4319359.543, 121
Trd, 4319361.193, 131
Trd, 4319361.693, 109
Trd, 4319362.043, 107
Trd, 4319362.393, 124
Trd, 4319362.943, 88
Trd, 4319364.643, 109
Trd, 4319364.993, 99
Trd, 4319365.643, 85
Trd, 4319366.693, 78
Trd, 4319367.443, 139
Trd, 4319368.693, 85
Trd, 4319369.393, 119
Trd, 4319370.943, 121
Trd, 4319371.693, 115
Trd, 4319371.743, 113
Trd, 4319371.843, 105
Trd, 4319373.143, 125
Trd, 4319373.193, 85
Trd, 4319373.343, 118
Trd, 4319374.893, 61
Trd, 4319375.393, 64
Trd, 4319375.693, 126
Trd, 4319376.843, 131
Trd, 4319377.093, 93
Trd, 4319379.143, 100
Trd, 4319379.843, 108
Trd, 4319380.543, 89
Trd, 4319381.493, 89
Trd, 4319381.743, 106
Trd, 4319381.793, 75
Trd, 4319382.593, 62
Trd, 4319383.393, 72
Trd, 4319384.543, 65
Trd, 4319385.293, 98
Trd, 4319386.293, 67
Trd, 4319386.543, 80
Trd, 4319387.243, 85
Trd, 4319387.793, 124
Trd, 4319388.393, 114
Trd, 4319389.393, 63
Trd, 4319391.093, 89
Trd, 4319391.493, 71
Trd, 4319391.943, 71
Trd, 4319392.243, 123
Trd, 4319393.593, 140
Trd, 4319393.793, 74
Trd, 4319394.293, 64
Trd, 4319395.793, 107
Trd, 4319397.043, 91
Trd, 4319397.443, 139
Trd, 4319398.443, 137
Trd, 4319398.543, 113
Trd, 4319399.693, 107
Trd, 4319400.793, 115
Trd, 4319401.843, 100
Trd, 4319402.793, 132
Trd, 4319403.043, 107
Trd, 4319403.143, 95
Trd, 4319403.893, 113
Trd, 4319404.743, 108
Trd, 4319405.093, 105
Trd, 4319407.193, 91
Trd, 4319407.543, 64
Trd, 4319407.643, 134
Trd, 4319410.093, 125
Trd, 4319411.743, 110
Trd, 4319412.393, 138
Trd, 4319413.343, 115
Trd, 4319413.643, 113
Trd, 4319413.993, 99
Trd, 4319414.043, 84
Trd, 4319415.193, 110
Trd, 4319415.243, 97
Trd, 4319415.443, 118
Trd, 4319416.443, 137
Trd, 4319417.843, 130
Trd, 4319418.993, 101
Trd, 4319419.193, 135
Trd, 4319419.243, 101
Trd, 4319420.043, 139
Trd, 4319421.793, 133
Trd, 4319423.843, 129
Trd, 4319425.493, 135
Trd, 4319425.793, 110
Trd, 4319427.143, 128
Trd, 4319427.493, 137
Trd, 4319427.893, 103
Trd, 4319428.143, 89
Trd, 4319429.893, 135
Trd, 4319430.093, 125
Trd, 4319430.443, 133
Trd, 4319430.643, 123
Trd, 4319431.493, 120
Trd, 4319432.443, 96
Trd, 4319432.543, 63
Trd, 4319434.393, 139
Trd, 4319434.743, 100
Trd, 4319436.043, 117
Trd, 4319437.493, 100
Trd, 4319437.593, 98
Trd, 4319438.043, 133
Trd, 4319439.293, 127
Trd, 4319439.343, 139
Trd, 4319439.843, 127
Trd, 4319439.893, 90
Trd, 4319440.743, 117
Trd, 4319441.093, 78
Trd, 4319442.293, 129
Trd, 4319443.993, 111
Trd, 4319445.093, 114
Trd, 4319445.393, 140
Trd, 4319445.743, 102
Trd, 4319447.543, 123
Trd, 4319448.293, 118
Trd, 4319448.793, 125
Trd, 4319448.993, 110
Trd, 4319449.793, 91
Trd, 4319450.043, 110
Trd, 4319450.193, 81
Trd, 4319450.793, 107
Trd, 4319451.343, 137
Trd, 4319452.693, 89
Trd, 4319453.143, 105
Trd, 4319453.243, 86
Trd, 4319454.493, 129
Trd, 4319454.643, 83
Trd, 4319455.843, 137
Trd, 4319456.493, 126
Trd, 4319456.943, 85
Trd, 4319457.893, 75
Trd, 4319459.343, 136
Trd, 4319459.593, 139
Trd, 4319460.743, 127
Trd, 4319462.593, 115
Trd, 4319462.843, 127
Trd, 4319463.643, 121
Trd, 4319463.943, 102
Trd, 4319464.843, 111
Trd, 4319464.993, 106
Trd, 4319465.643, 100
Trd, 4319465.843, 73
Trd, 4319466.343, 128
Trd, 4319466.793, 134
Trd, 4319468.093, 121
Trd, 4319468.643, 109
Trd, 4319470.493, 115
Trd, 4319470.543, 92
Trd, 4319472.443, 139
Trd, 4319473.193, 131
Trd, 4319473.593, 129
Trd, 4319474.043, 122
Trd, 4319474.593, 96
Trd, 4319474.743, 89
Trd, 4319475.793, 113
Trd, 4319477.893, 93
Trd, 4319478.243, 135
Trd, 4319478.643, 94
Trd, 4319479.693, 119
Trd, 4319479.843, 110
Trd, 4319480.193, 123
Trd, 4319482.043, 135
Trd, 4319482.493, 93
Trd, 4319482.993, 72
Trd, 4319483.343, 67
Trd, 4319484.193, 108
Trd, 4319485.143, 115
Trd, 4319485.593, 83
Trd, 4319487.393, 94
Trd, 4319488.543, 110
Trd, 4319488.993, 107
Trd, 4319489.343, 101
Trd, 4319489.593, 99
Trd, 4319490.443, 93
Trd, 4319491.093, 138
Trd, 4319491.743, 128
Trd, 4319492.643, 137
Trd, 4319492.793, 115
Trd, 4319493.743, 130
Trd, 4319495.443, 120
Trd, 4319495.993, 122
Trd, 4319496.343, 113
Trd, 4319496.543, 106
Trd, 4319496.993, 98
Trd, 4319497.893, 133
Trd, 4319498.293, 118
Trd, 4319499.093, 124
Trd, 4319499.793, 126
Trd, 4319500.643, 117
Trd, 4319500.793, 89
Trd, 4319501.993, 91
Trd, 4319502.943, 89
Trd, 4319503.693, 113
Trd, 4319503.793, 138
Trd, 4319505.443, 117
Trd, 4319506.093, 97
Trd, 4319506.543, 118
Trd, 4319507.093, 82
Trd, 4319507.643, 84
Trd, 4319507.793, 69
Trd, 4319508.343, 107
Trd, 4319508.843, 80
Trd, 4319510.193, 99
Trd, 4319510.443, 75
Trd, 4319511.293, 92
Trd, 4319513.693, 88
Trd, 4319513.943, 124
Trd, 4319515.093, 122
Trd, 4319515.943, 114
Trd, 4319516.343, 135
Trd, 4319516.843, 123
Trd, 4319518.043, 107
Trd, 4319518.843, 129
Trd, 4319519.143, 131
Trd, 4319519.743, 137
Trd, 4319520.543, 111
Trd, 4319520.893, 78
Trd, 4319521.393, 90
Trd, 4319523.243, 106
Trd, 4319523.343, 114
Trd, 4319525.043, 136
Trd, 4319525.793, 124
Trd, 4319525.993, 116
Trd, 4319526.043, 99
Trd, 4319526.643, 111
Trd, 4319527.993, 109
Trd, 4319529.743, 127
Trd, 4319529.943, 84
Trd, 4319530.343, 127
Trd, 4319530.793, 86
Trd, 4319533.443, 131
Trd, 4319533.743, 128
Trd, 4319534.743, 118
Trd, 4319535.693, 102
Trd, 4319536.243, 130
Trd, 4319536.343, 123
Trd, 4319536.693, 129
Trd, 4319536.943, 108
Trd, 4319538.143, 129
Trd, 4319538.793, 100
Trd, 4319539.843, 65
Trd, 4319540.943, 61
Trd, 4319541.543, 100
Trd, 4319541.893, 83
Trd, 4319542.593, 67
Trd, 4319542.993, 78
Trd, 4319543.193, 91
Trd, 4319544.243, 128
Trd, 4319544.393, 111
Trd, 4319545.743, 138
Trd, 4319546.693, 125
Trd, 4319547.343, 137
Trd, 4319548.893, 103
Trd, 4319548.943, 107
Trd, 4319550.093, 95
Trd, 4319551.093, 120
Trd, 4319551.843, 61
Trd, 4319552.343, 73
Trd, 4319553.943, 74
Trd, 4319554.593, 114
Trd, 4319556.743, 91
Trd, 4319556.793, 85
Trd, 4319556.943, 123
Trd, 4319557.593, 119
Trd, 4319557.693, 76
Trd, 4319558.293, 121
Trd, 4319559.193, 120
Trd, 4319559.943, 66
Trd, 4319561.143, 133
Trd, 4319561.893, 133
Trd, 4319562.893, 140
Trd, 4319563.143, 124
Trd, 4319564.093, 96
Trd, 4319565.643, 135
Trd, 4319566.193, 72
Trd, 4319566.343, 67
Trd, 4319567.343, 80
Trd, 4319568.493, 60
Trd, 4319568.793, 86
Trd, 4319569.193, 113
Trd, 4319570.393, 76
Trd, 4319570.843, 80
Trd, 4319571.793, 89
Trd, 4319573.393, 113
Trd, 4319573.593, 92
Trd, 4319574.693, 69
Trd, 4319575.443, 81
Trd, 4319575.693, 69
Trd, 4319575.943, 118
Trd, 4319577.693, 127
Trd, 4319578.043, 132
Trd, 4319580.743, 113
Trd, 4319581.393, 108
Trd, 4319582.043, 104
Trd, 4319582.593, 98
Trd, 4319582.893, 91
Trd, 4319584.493, 100
Trd, 4319584.843, 84
Trd, 4319585.193, 139
Trd, 4319586.293, 131
Trd, 4319587.693, 103
Trd, 4319587.843, 103
Trd, 4319588.793, 105
Trd, 4319589.593, 104
Trd, 4319590.243, 117
Trd, 4319591.293, 104
Trd, 4319591.893, 88
Trd, 4319592.943, 122
Trd, 4319593.293, 140
Trd, 4319594.593, 114
Trd, 4319594.643, 72
Trd, 4319595.793, 80
Trd, 4319598.343, 121
Trd, 4319598.543, 132
Trd, 4319598.593, 111
Trd, 4319601.393, 136
Trd, 4319601.493, 124
Trd, 4319601.993, 121
Trd, 4319602.843, 121
Trd, 4319605.343, 127
Trd, 4319605.743, 121
Trd, 4319606.393, 121
Trd, 4319607.343, 131
Trd, 4319607.893, 102
Trd, 4319608.593, 95
Trd, 4319610.493, 124
Trd, 4319611.243, 134
Trd, 4319611.693, 118
Trd, 4319612.843, 105
Trd, 4319613.243, 121
Trd, 4319613.843, 116
Trd, 4319613.993, 125
Trd, 4319614.193, 117
Trd, 4319615.793, 136
Trd, 4319616.543, 131
Trd, 4319616.643, 120
Trd, 4319617.093, 114
Trd, 4319617.393, 134
Trd, 4319618.443, 114
Trd, 4319620.843, 111
Trd, 4319621.543, 136
Trd, 4319621.593, 110
Trd, 4319622.293, 133
Trd, 4319622.593, 128
Trd, 4319624.193, 103
Trd, 4319625.393, 96
Trd, 4319625.893, 120
Trd, 4319626.893, 104
Trd, 4319627.243, 82
Trd, 4319627.543, 82
Trd, 4319628.293, 68
Trd, 4319628.693, 109
Trd, 4319628.743, 121
Trd, 4319630.393, 118
Trd, 4319631.543, 109
Trd, 4319631.843, 101
Trd, 4319632.543, 125
Trd, 4319632.943, 95
Trd, 4319633.593, 101
Trd, 4319633.693, 76
Trd, 4319634.493, 130
Trd, 4319635.093, 81
Trd, 4319635.193, 105
Trd, 4319635.343, 76
Trd, 4319635.943, 60
Trd, 4319637.343, 114
Trd, 4319638.293, 115
Trd, 4319640.393, 129
Trd, 4319640.643, 123
Trd, 4319641.343, 133
Trd, 4319641.543, 95
Trd, 4319643.143, 128
Trd, 4319644.093, 107
Trd, 4319646.643, 126
Trd, 4319646.793, 122
Trd, 4319647.693, 106
Trd, 4319648.443, 102
Trd, 4319648.593, 112
Trd, 4319648.643, 102
Trd, 4319649.643, 85
Trd, 4319650.543, 72
Trd, 4319651.293, 116
Trd, 4319651.493, 128
Trd, 4319652.493, 130
Trd, 4319652.643, 132
Trd, 4319652.693, 91
Trd, 4319653.393, 86
Trd, 4319654.693, 125
Trd, 4319655.593, 67
Trd, 4319655.793, 117
Trd, 4319657.893, 135
Trd, 4319658.293, 109
Trd, 4319659.293, 113
Trd, 4319659.543, 103
Trd, 4319659.793, 126
Trd, 4319659.893, 102
Trd, 4319662.243, 127
Trd, 4319663.243, 84
Trd, 4319663.493, 82
Trd, 4319665.043, 111
Trd, 4319667.143, 123
Trd, 4319667.443, 114
Trd, 4319667.493, 108
Trd, 4319668.543, 61
Trd, 4319668.943, 115
Trd, 4319669.993, 83
Trd, 4319670.493, 84
Trd, 4319670.943, 75
Trd, 4319671.193, 69
Trd, 4319673.743, 134
Trd, 4319673.893, 130
Trd, 4319674.493, 121
Trd, 4319675.743, 129
Trd, 4319676.043, 82
Trd, 4319676.693, 98
Trd, 4319676.743, 65
Trd, 4319678.893, 124
Trd, 4319681.693, 118
Trd, 4319682.143, 96
Trd, 4319683.243, 113
Trd, 4319683.593, 96
Trd, 4319683.943, 72
Trd, 4319684.643, 139
Trd, 4319686.693, 106
Trd, 4319687.793, 136
Trd, 4319687.843, 126
Trd, 4319688.693, 116
Trd, 4319689.143, 84
Trd, 4319689.493, 74
Trd, 4319689.743, 86
Trd, 4319690.743, 69
Trd, 4319691.443, 103
Trd, 4319691.593, 122
Trd, 4319691.743, 74
Trd, 4319692.643, 127
Trd, 4319694.793, 130
Trd, 4319695.343, 125
Trd, 4319696.393, 118
Trd, 4319697.443, 118
Trd, 4319697.543, 118
Trd, 4319698.543, 129
Trd, 4319700.893, 126
Trd, 4319700.993, 116
Trd, 4319701.343, 82
Trd, 4319701.543, 123
Trd, 4319703.243, 73
Trd, 4319703.593, 70
Trd, 4319703.793, 90
Trd, 4319704.843, 125
Trd, 4319705.743, 115
Trd, 4319706.943, 138
Trd, 4319707.443, 133
Trd, 4319707.993, 115
Trd, 4319708.243, 87
Trd, 4319708.743, 77
Trd, 4319711.043, 125
Trd, 4319711.943, 105
Trd, 4319712.143, 99
Trd, 4319714.043, 135
Trd, 4319714.743, 121
Trd, 4319715.193, 88
Trd, 4319715.693, 85
Trd, 4319715.943, 106
Trd, 4319716.943, 137
Trd, 4319717.543, 124
Trd, 4319718.093, 130
Trd, 4319718.393, 95
Trd, 4319718.743, 92
Trd, 4319718.943, 91
Trd, 4319719.293, 65
Trd, 4319720.493, 140
Trd, 4319720.593, 127
Trd, 4319721.043, 116
Trd, 4319721.743, 63
Trd, 4319721.943, 75
Trd, 4319723.143, 86
Trd, 4319723.343, 86
Trd, 4319725.343, 139
Trd, 4319726.293, 97
Trd, 4319726.543, 67
Trd, 4319727.443, 63
Trd, 4319728.593, 135
Trd, 4319729.243, 127
Trd, 4319729.443, 123
Trd, 4319730.193, 120
Trd, 4319730.643, 112
Trd, 4319731.093, 109
Trd, 4319731.343, 103
Trd, 4319732.293, 96
Trd, 4319732.843, 123
Trd, 4319735.493, 110
Trd, 4319736.243, 136
Trd, 4319736.593, 135
Trd, 4319736.843, 105
Trd, 4319737.293, 82
Trd, 4319737.643, 121
Trd, 4319738.493, 119
Trd, 4319739.243, 128
Trd, 4319740.543, 113
Trd, 4319740.593, 107
Trd, 4319741.143, 135
Trd, 4319741.543, 98
Trd, 4319742.943, 129
Trd, 4319744.093, 123
Trd, 4319744.143, 122
Trd, 4319744.543, 120
Trd, 4319746.343, 140
Trd, 4319746.443, 107
Trd, 4319746.643, 86
Trd, 4319747.243, 121
Trd, 4319748.693, 140
Trd, 4319749.093, 140
Trd, 4319749.893, 135
Trd, 4319751.893, 125
Trd, 4319752.393, 102
Trd, 4319752.743, 99
Trd, 4319753.793, 83
Trd, 4319754.293, 137
Trd, 4319755.443, 127
Trd, 4319755.643, 130
Trd, 4319756.043, 121
Trd, 4319759.143, 119
Trd, 4319760.643, 120
Trd, 4319760.893, 118
Trd, 4319760.943, 108
Trd, 4319762.093, 125
Trd, 4319762.893, 109
Trd, 4319763.843, 132
Trd, 4319764.443, 118
Trd, 4319764.693, 111
Trd, 4319764.893, 139
Trd, 4319765.493, 111
Trd, 4319766.243, 119
Trd, 4319766.993, 136
Trd, 4319767.743, 101
Trd, 4319768.643, 99
Trd, 4319769.093, 119
Trd, 4319769.643, 116
Trd, 4319769.843, 111
Trd, 4319770.493, 125
Trd, 4319771.693, 113
Trd, 4319772.143, 92
Trd, 4319772.693, 103
Trd, 4319773.193, 102
Trd, 4319774.093, 115
Trd, 4319775.943, 121
Trd, 4319777.143, 125
Trd, 4319777.393, 133
Trd, 4319777.593, 122
Trd, 4319779.993, 112
Trd, 4319780.393, 85
Trd, 4319781.993, 131
Trd, 4319783.043, 98
Trd, 4319783.293, 94
Trd, 4319783.443, 128
Trd, 4319784.643, 73
Trd, 4319785.043, 78
Trd, 4319786.043, 97
Trd, 4319786.993, 138
Trd, 4319788.293, 78
Trd, 4319788.893, 78
Trd, 4319789.193, 117
Trd, 4319790.443, 137
Trd, 4319790.993, 87
Trd, 4319791.343, 67
Trd, 4319792.543, 89
Trd, 4319792.843, 92
Trd, 4319793.543, 132
Trd, 4319793.743, 121
Trd, 4319794.493, 108
Trd, 4319794.693, 91
Trd, 4319796.143, 125
Trd, 4319796.993, 136
Trd, 4319797.193, 127
Trd, 4319797.593, 61
Trd, 4319798.293, 135
Trd, 4319800.593, 136
Trd, 4319801.493, 139
Trd, 4319802.043, 131
Trd, 4319803.393, 99
Trd, 4319803.693, 97
Trd, 4319804.943, 82
Trd, 4319805.443, 106
Trd, 4319806.193, 60
Trd, 4319806.543, 91
Trd, 4319807.343, 89
Trd, 4319807.943, 117
Trd, 4319809.343, 66
Trd, 4319809.643, 66
Trd, 4319809.993, 122
Trd, 4319810.193, 132
Trd, 4319810.443, 80
Trd, 4319814.793, 136
Trd, 4319814.843, 131
Trd, 4319816.943, 140
Trd, 4319817.143, 123
Trd, 4319817.243, 112
Trd, 4319817.293, 91
Trd, 4319818.443, 124
Trd, 4319818.743, 129
Trd, 4319819.893, 61
Trd, 4319820.443, 66
Trd, 4319821.143, 98
Trd, 4319821.293, 75
Trd, 4319822.493, 95
Trd, 4319822.743, 79
Trd, 4319823.893, 68
Trd, 4319825.043, 91
Trd, 4319825.543, 86
Trd, 4319826.193, 120
Trd, 4319826.443, 74
Trd, 4319827.593, 134
Trd, 4319828.243, 129
Trd, 4319828.593, 103
Trd, 4319829.993, 124
Trd, 4319830.993, 118
Trd, 4319831.843, 131
Trd, 4319832.293, 107
Trd, 4319832.393, 91
Trd, 4319833.143, 81
Trd, 4319833.493, 73
Trd, 4319833.843, 65
Trd, 4319835.443, 123
Trd, 4319837.143, 125
Trd, 4319837.293, 137
Trd, 4319837.443, 119
Trd, 4319837.793, 85
Trd, 4319837.943, 71
Trd, 4319840.193, 121
Trd, 4319840.893, 89
Trd, 4319842.793, 102
Trd, 4319843.493, 131
Trd, 4319843.993, 124
Trd, 4319844.393, 121
Trd, 4319844.943, 93
Trd, 4319847.693, 134
Trd, 4319848.393, 114
Trd, 4319848.593, 114
Trd, 4319850.343, 125
Trd, 4319851.093, 106
Trd, 4319852.043, 140
Trd, 4319852.743, 107
Trd, 4319852.893, 101
Trd, 4319854.043, 98
Trd, 4319854.793, 135
Trd, 4319855.893, 134
Trd, 4319856.943, 136
Trd, 4319858.093, 96
Trd, 4319858.193, 110
Trd, 4319858.343, 76
Trd, 4319858.693, 85
Trd, 4319859.993, 138
Trd, 4319860.743, 131
Trd, 4319861.293, 76
Trd, 4319862.243, 132
Trd, 4319862.493, 85
Trd, 4319862.943, 70
Trd, 4319863.693, 74
Trd, 4319863.843, 99
Trd, 4319865.193, 106
Trd, 4319865.493, 65
Trd, 4319865.993, 61
Trd, 4319867.243, 74
Trd, 4319867.643, 76
Trd, 4319868.193, 102
Trd, 4319868.343, 91
Trd, 4319868.393, 87
Trd, 4319869.543, 111
Trd, 4319870.193, 134
Trd, 4319870.343, 102
Trd, 4319870.943, 100
Trd, 4319874.043, 123
Trd, 4319874.593, 123
Trd, 4319875.493, 135
Trd, 4319876.193, 98
Trd, 4319876.743, 108
Trd, 4319877.693, 127
Trd, 4319878.443, 96
Trd, 4319879.143, 85
Trd, 4319879.993, 106
Trd, 4319880.493, 90
Trd, 4319882.193, 72
Trd, 4319882.343, 75
Trd, 4319883.043, 81
Trd, 4319883.793, 101
Trd, 4319884.743, 97
Trd, 4319885.393, 92
Trd, 4319885.993, 87
Trd, 4319887.443, 100
Trd, 4319887.943, 98
Trd, 4319889.143, 127
Trd, 4319890.093, 109
Trd, 4319890.743, 126
Trd, 4319892.043, 126
Trd, 4319892.143, 117
Trd, 4319892.193, 100
Trd, 4319893.293, 139
Trd, 4319893.493, 138
Trd, 4319893.843, 134
Trd, 4319893.893, 96
Trd, 4319894.743, 96
Trd, 4319895.643, 88
Trd, 4319896.393, 125
Trd, 4319898.993, 139
Trd, 4319899.093, 129
Trd, 4319901.393, 115
Trd, 4319902.643, 140
Trd, 4319902.793, 137
Trd, 4319903.493, 120
Trd, 4319903.643, 134
Trd, 4319904.493, 135
Trd, 4319905.393, 136
Trd, 4319905.593, 89
Trd, 4319906.743, 124
Trd, 4319906.943, 121
Trd, 4319909.393, 125
Trd, 4319909.543, 114
Trd, 4319911.893, 132
Trd, 4319911.993, 125
Trd, 4319912.793, 117
Trd, 4319914.893, 118
Trd, 4319915.343, 95
Trd, 4319915.893, 75
Trd, 4319916.693, 110
Trd, 4319916.843, 100
Trd, 4319917.193, 105
Trd, 4319918.443, 130
Trd, 4319918.793, 97
Trd, 4319918.893, 84
Trd, 4319919.393, 78
Trd, 4319920.643, 121
Trd, 4319922.443, 116
Trd, 4319923.043, 135
Trd, 4319924.043, 120
Trd, 4319924.193, 122
Trd, 4319925.343, 92
Trd, 4319926.593, 131
Trd, 4319926.793, 125
Trd, 4319927.193, 120
Trd, 4319927.993, 103
Trd, 4319928.143, 95
Trd, 4319928.193, 88
Trd, 4319929.093, 106
Trd, 4319931.743, 97
Trd, 4319931.943, 120
Trd, 4319932.193, 93
Trd, 4319932.443, 84
Trd, 4319933.893, 131
Trd, 4319933.993, 107
Trd, 4319934.793, 75
Trd, 4319935.443, 111
Trd, 4319936.243, 96
Trd, 4319937.593, 117
Trd, 4319937.743, 108
Trd, 4319939.593, 139
Trd, 4319939.693, 122
Trd, 4319940.243, 120
Trd, 4319940.543, 98
Trd, 4319941.543, 91
Trd, 4319943.993, 121
Trd, 4319944.143, 85
Trd, 4319944.993, 121
Trd, 4319945.293, 127
Trd, 4319946.043, 99
Trd, 4319947.243, 104
Trd, 4319947.843, 112
Trd, 4319948.043, 90
Trd, 4319948.543, 73
Trd, 4319949.343, 98
Trd, 4319949.493, 91
Trd, 4319950.243, 117
Trd, 4319950.793, 112
Trd, 4319950.943, 99
Trd, 4319951.893, 127
Trd, 4319952.243, 124
Trd, 4319952.643, 118
Trd, 4319953.643, 109
Trd, 4319955.443, 112
Trd, 4319956.243, 62
Trd, 4319956.843, 77
Trd, 4319958.293, 65
Trd, 4319959.593, 87
Trd, 4319960.343, 77
Trd, 4319960.593, 118
Trd, 4319961.393, 78
Trd, 4319961.843, 99
Trd, 4319961.943, 95
Trd, 4319962.143, 71
Trd, 4319963.143, 96
Trd, 4319963.593, 125
Trd, 4319964.443, 126
Trd, 4319965.443, 129
Trd, 4319965.493, 106
Trd, 4319967.893, 129
Trd, 4319968.493, 120
Trd, 4319968.643, 99
Trd, 4319968.843, 84
Trd, 4319971.143, 123
Trd, 4319971.243, 103
Trd, 4319972.993, 118
Trd, 4319973.243, 117
Trd, 4319974.893, 120
Trd, 4319975.593, 128
Trd, 4319976.293, 130
Trd, 4319977.693, 112
Trd, 4319978.443, 122
Trd, 4319978.643, 108
Trd, 4319979.043, 85
Trd, 4319979.493, 111
Trd, 4319979.693, 102
Trd, 4319980.043, 65
Trd, 4319980.843, 69
Trd, 4319981.943, 109
Trd, 4319982.693, 63
Trd, 4319983.093, 86
Trd, 4319984.643, 60
Trd, 4319984.793, 78
Trd, 4319985.943, 112
Trd, 4319986.743, 91
Trd, 4319987.093, 97
Trd, 4319988.343, 140
Trd, 4319988.443, 132
Trd, 4319988.743, 127
Trd, 4319989.593, 139
Trd, 4319990.393, 90
Trd, 4319990.993, 73
Trd, 4319991.293, 121
Trd, 4319992.493, 124
Trd, 4319992.893, 102
Trd, 4319994.893, 81
Trd, 4319995.593, 97
Trd, 4319995.793, 71
Trd, 4319996.743, 102
Trd, 4319997.243, 116
Trd, 4319998.993, 135
Trd, 4319999.443, 117
Trd, 4319999.593, 115
Trd, 4319999.643, 109
