Trd, 4318101.843, 140
Trd, 4318103.093, 140
Trd, 4318103.243, 140
Trd, 4318103.593, 140
Trd, 4318104.943, 140
Trd, 4318106.343, 140
Trd, 4318106.743, 140
Trd, 4318106.893, 140
Trd, 4318107.393, 140
Trd, 4318108.243, 140
Trd, 4318108.943, 140
Trd, 4318109.893, 140
Trd, 4318111.693, 140
Trd, 4318112.743, 140
Trd, 4318112.793, 140
Trd, 4318113.343, 140
Trd, 4318114.093, 140
Trd, 4318114.843, 140
Trd, 4318115.293, 140
Trd, 4318115.393, 140
Trd, 4318117.993, 140
Trd, 4318118.043, 140
Trd, 4318118.143, 140
Trd, 4318118.593, 140
Trd, 4318119.893, 140
Trd, 4318119.993, 140
Trd, 4318120.293, 140
Trd, 4318121.343, 140
Trd, 4318122.143, 140
Trd, 4318122.543, 140
Trd, 4318122.993, 140
Trd, 4318123.093, 140
Trd, 4318123.493, 140
Trd, 4318123.743, 140
Trd, 4318124.993, 140
Trd, 4318125.543, 140
Trd, 4318125.793, 140
Trd, 4318126.493, 60
Trd, 4318127.143, 140
Trd, 4318129.143, 60
Trd, 4318130.093, 60
Trd, 4318131.343, 60
Trd, 4318131.693, 62
Trd, 4318132.143, 62
Trd, 4318132.993, 60
Trd, 4318133.393, 60
Trd, 4318134.193, 60
Trd, 4318134.343, 60
Trd, 4318134.743, 61
Trd, 4318134.943, 60
Trd, 4318137.593, 60
Trd, 4318137.643, 60
Trd, 4318138.043, 60
Trd, 4318138.993, 60
Trd, 4318139.093, 60
Trd, 4318141.343, 60
Trd, 4318142.193, 60
Trd, 4318143.593, 60
Trd, 4318144.793, 60
Trd, 4318144.993, 61
Trd, 4318145.643, 61
Trd, 4318145.693, 60
Trd, 4318146.143, 61
Trd, 4318146.793, 61
Trd, 4318147.143, 62
Trd, 4318147.893, 64
Trd, 4318147.943, 62
Trd, 4318149.643, 61
Trd, 4318150.893, 60
Trd, 4318151.793, 60
Trd, 4318151.943, 60
Trd, 4318151.993, 62
Trd, 4318152.893, 61
Trd, 4318153.693, 61
Trd, 4318155.093, 62
Trd, 4318155.493, 62
Trd, 4318156.393, 65
Trd, 4318156.843, 63
Trd, 4318157.193, 62
Trd, 4318158.043, 72
Trd, 4318158.443, 61
Trd, 4318158.893, 62
Trd, 4318159.593, 66
Trd, 4318159.993, 63
Trd, 4318160.443, 65
Trd, 4318161.393, 68
Trd, 4318161.643, 67
Trd, 4318163.393, 74
Trd, 4318163.443, 83
Trd, 4318163.643, 73
Trd, 4318164.693, 64
Trd, 4318164.793, 73
Trd, 4318165.743, 82
Trd, 4318166.243, 83
Trd, 4318167.143, 61
Trd, 4318167.993, 61
Trd, 4318169.393, 61
Trd, 4318171.343, 60
Trd, 4318171.593, 61
Trd, 4318171.943, 60
Trd, 4318172.493, 60
Trd, 4318172.843, 60
Trd, 4318173.193, 61
Trd, 4318173.293, 62
Trd, 4318173.843, 65
Trd, 4318174.243, 64
Trd, 4318175.143, 63
Trd, 4318175.893, 60
Trd, 4318175.993, 63
Trd, 4318178.443, 60
Trd, 4318178.743, 61
Trd, 4318179.193, 62
Trd, 4318181.143, 60
Trd, 4318183.193, 60
Trd, 4318183.693, 62
Trd, 4318184.693, 60
Trd, 4318184.943, 61
Trd, 4318185.043, 67
Trd, 4318185.643, 62
Trd, 4318185.843, 61
Trd, 4318185.943, 67
Trd, 4318186.643, 60
Trd, 4318187.243, 62
Trd, 4318189.393, 60
Trd, 4318190.043, 60
Trd, 4318190.493, 60
Trd, 4318190.893, 60
Trd, 4318191.793, 61
Trd, 4318192.493, 60
Trd, 4318194.843, 60
Trd, 4318194.943, 60
Trd, 4318195.443, 60
Trd, 4318195.543, 60
Trd, 4318195.793, 60
Trd, 4318196.593, 61
Trd, 4318197.693, 60
Trd, 4318197.943, 63
Trd, 4318197.993, 66
Trd, 4318198.493, 62
Trd, 4318198.843, 63
Trd, 4318199.893, 60
Trd, 4318200.743, 60
Trd, 4318203.943, 60
Trd, 4318204.043, 60
Trd, 4318204.443, 60
Trd, 4318205.443, 60
Trd, 4318207.093, 60
Trd, 4318207.643, 61
Trd, 4318207.743, 60
Trd, 4318208.293, 61
Trd, 4318208.443, 60
Trd, 4318208.593, 63
Trd, 4318209.843, 60
Trd, 4318211.743, 60
Trd, 4318212.243, 60
Trd, 4318212.693, 65
Trd, 4318213.293, 65
Trd, 4318215.443, 61
Trd, 4318215.843, 61
Trd, 4318216.293, 60
Trd, 4318218.093, 60
Trd, 4318218.943, 60
Trd, 4318218.993, 60
Trd, 4318219.243, 61
Trd, 4318220.093, 60
Trd, 4318220.293, 60
Trd, 4318220.843, 60
Trd, 4318221.193, 61
Trd, 4318221.343, 63
Trd, 4318221.943, 62
Trd, 4318222.043, 60
Trd, 4318222.893, 60
Trd, 4318224.243, 62
Trd, 4318225.193, 60
Trd, 4318225.293, 61
Trd, 4318227.293, 60
Trd, 4318227.393, 65
Trd, 4318228.693, 60
Trd, 4318229.143, 62
Trd, 4318231.193, 60
Trd, 4318232.393, 60
Trd, 4318232.843, 60
Trd, 4318233.993, 60
Trd, 4318234.193, 60
Trd, 4318234.993, 60
Trd, 4318235.793, 60
Trd, 4318236.043, 60
Trd, 4318236.693, 60
Trd, 4318237.043, 60
Trd, 4318237.343, 60
Trd, 4318237.793, 60
Trd, 4318238.343, 64
Trd, 4318238.893, 63
Trd, 4318239.243, 138
Trd, 4318240.843, 140
Trd, 4318240.993, 138
Trd, 4318241.393, 60
Trd, 4318242.043, 65
Trd, 4318243.593, 60
Trd, 4318243.943, 61
Trd, 4318244.893, 60
Trd, 4318246.643, 60
Trd, 4318249.293, 60
Trd, 4318250.093, 60
Trd, 4318250.243, 60
Trd, 4318250.393, 60
Trd, 4318252.343, 60
Trd, 4318252.743, 64
Trd, 4318253.043, 61
Trd, 4318253.393, 61
Trd, 4318253.493, 61
Trd, 4318254.193, 62
Trd, 4318254.843, 62
Trd, 4318256.343, 61
Trd, 4318256.643, 60
Trd, 4318257.343, 60
Trd, 4318259.743, 60
Trd, 4318262.043, 60
Trd, 4318262.243, 60
Trd, 4318262.643, 61
Trd, 4318263.043, 60
Trd, 4318263.693, 60
Trd, 4318264.343, 60
Trd, 4318265.093, 60
Trd, 4318265.143, 61
Trd, 4318265.993, 63
Trd, 4318266.293, 63
Trd, 4318266.443, 62
Trd, 4318267.443, 62
Trd, 4318268.743, 66
Trd, 4318268.893, 66
Trd, 4318269.443, 137
Trd, 4318269.693, 138
Trd, 4318270.393, 62
Trd, 4318273.143, 60
Trd, 4318274.793, 60
Trd, 4318275.293, 60
Trd, 4318275.693, 60
Trd, 4318278.593, 60
Trd, 4318279.443, 60
Trd, 4318280.493, 60
Trd, 4318280.693, 60
Trd, 4318280.893, 60
Trd, 4318280.993, 61
Trd, 4318281.093, 60
Trd, 4318281.193, 61
Trd, 4318281.993, 60
Trd, 4318282.093, 60
Trd, 4318282.743, 60
Trd, 4318283.143, 60
Trd, 4318284.943, 60
Trd, 4318286.093, 60
Trd, 4318286.443, 65
Trd, 4318286.743, 65
Trd, 4318287.493, 60
Trd, 4318287.993, 60
Trd, 4318288.643, 61
Trd, 4318291.343, 60
Trd, 4318292.493, 60
Trd, 4318293.693, 60
Trd, 4318294.043, 60
Trd, 4318295.093, 60
Trd, 4318295.143, 63
Trd, 4318295.543, 63
Trd, 4318296.143, 62
Trd, 4318297.093, 60
Trd, 4318297.143, 61
Trd, 4318297.343, 60
Trd, 4318297.693, 60
Trd, 4318298.543, 60
Trd, 4318298.793, 78
Trd, 4318300.693, 60
Trd, 4318302.443, 60
Trd, 4318302.643, 60
Trd, 4318302.943, 60
Trd, 4318303.443, 60
Trd, 4318305.243, 60
Trd, 4318306.043, 60
Trd, 4318306.443, 61
Trd, 4318307.443, 61
Trd, 4318307.893, 62
Trd, 4318309.193, 60
Trd, 4318310.043, 60
Trd, 4318310.193, 60
Trd, 4318310.543, 60
Trd, 4318311.493, 64
Trd, 4318311.993, 64
Trd, 4318312.143, 79
Trd, 4318312.193, 61
Trd, 4318314.493, 60
Trd, 4318315.443, 60
Trd, 4318316.243, 60
Trd, 4318317.693, 60
Trd, 4318320.443, 60
Trd, 4318320.643, 60
Trd, 4318321.043, 60
Trd, 4318321.443, 60
Trd, 4318323.343, 60
Trd, 4318323.393, 60
Trd, 4318324.343, 60
Trd, 4318324.643, 60
Trd, 4318324.893, 63
Trd, 4318325.593, 61
Trd, 4318325.943, 61
Trd, 4318326.443, 61
Trd, 4318326.943, 63
Trd, 4318327.293, 64
Trd, 4318328.143, 61
Trd, 4318328.743, 62
Trd, 4318328.893, 92
Trd, 4318329.643, 62
Trd, 4318329.793, 72
Trd, 4318330.493, 139
Trd, 4318331.743, 140
Trd, 4318333.793, 140
Trd, 4318333.843, 140
Trd, 4318334.893, 140
Trd, 4318335.693, 140
Trd, 4318336.893, 140
Trd, 4318337.143, 140
Trd, 4318337.743, 140
Trd, 4318337.793, 140
Trd, 4318338.093, 140
Trd, 4318339.643, 140
Trd, 4318340.943, 140
Trd, 4318341.743, 140
Trd, 4318342.393, 140
Trd, 4318342.543, 140
Trd, 4318343.943, 140
Trd, 4318344.893, 140
Trd, 4318345.343, 140
Trd, 4318346.043, 140
Trd, 4318346.443, 140
Trd, 4318347.493, 140
Trd, 4318347.543, 140
Trd, 4318349.493, 140
Trd, 4318350.293, 140
Trd, 4318350.543, 140
Trd, 4318351.593, 140
Trd, 4318351.893, 140
Trd, 4318353.143, 140
Trd, 4318353.593, 140
Trd, 4318354.443, 139
Trd, 4318356.493, 140
Trd, 4318357.593, 140
Trd, 4318357.693, 140
Trd, 4318357.843, 140
Trd, 4318358.493, 140
Trd, 4318361.543, 140
Trd, 4318361.793, 140
Trd, 4318361.893, 140
Trd, 4318361.993, 140
Trd, 4318362.843, 140
Trd, 4318363.393, 140
Trd, 4318364.843, 140
Trd, 4318364.893, 140
Trd, 4318365.143, 140
Trd, 4318366.393, 140
Trd, 4318366.843, 140
Trd, 4318368.193, 140
Trd, 4318368.443, 140
Trd, 4318368.893, 140
Trd, 4318368.943, 139
Trd, 4318369.093, 139
Trd, 4318371.043, 140
Trd, 4318371.943, 140
Trd, 4318373.143, 140
Trd, 4318374.543, 140
Trd, 4318375.143, 140
Trd, 4318375.193, 140
Trd, 4318375.543, 140
Trd, 4318375.793, 140
Trd, 4318376.393, 140
Trd, 4318376.543, 140
Trd, 4318377.293, 140
Trd, 4318378.843, 140
Trd, 4318380.493, 140
Trd, 4318381.443, 140
Trd, 4318381.743, 140
Trd, 4318382.243, 140
Trd, 4318383.943, 140
Trd, 4318384.093, 140
Trd, 4318384.293, 140
Trd, 4318384.693, 140
Trd, 4318385.543, 140
Trd, 4318385.743, 140
Trd, 4318386.143, 140
Trd, 4318386.743, 140
Trd, 4318387.143, 140
Trd, 4318387.193, 138
Trd, 4318388.943, 140
Trd, 4318390.143, 140
Trd, 4318390.993, 140
Trd, 4318392.193, 140
Trd, 4318393.293, 140
Trd, 4318394.293, 140
Trd, 4318394.443, 140
Trd, 4318394.843, 140
Trd, 4318396.043, 140
Trd, 4318396.243, 140
Trd, 4318396.993, 140
Trd, 4318397.643, 140
Trd, 4318399.043, 140
Trd, 4318399.093, 140
Trd, 4318400.893, 140
Trd, 4318402.843, 140
Trd, 4318403.343, 140
Trd, 4318403.593, 140
Trd, 4318403.693, 140
Trd, 4318405.943, 140
Trd, 4318406.143, 140
Trd, 4318406.393, 140
Trd, 4318406.843, 140
Trd, 4318407.543, 140
Trd, 4318407.643, 140
Trd, 4318409.293, 140
Trd, 4318410.243, 140
Trd, 4318411.243, 140
Trd, 4318412.993, 140
Trd, 4318413.143, 140
Trd, 4318414.043, 140
Trd, 4318414.543, 140
Trd, 4318415.143, 140
Trd, 4318415.843, 140
Trd, 4318415.943, 140
Trd, 4318416.793, 140
Trd, 4318417.193, 140
Trd, 4318417.293, 140
Trd, 4318417.643, 140
Trd, 4318418.993, 140
Trd, 4318419.643, 140
Trd, 4318419.693, 140
Trd, 4318420.893, 140
Trd, 4318421.243, 140
Trd, 4318421.893, 140
Trd, 4318422.143, 140
Trd, 4318423.093, 138
Trd, 4318424.043, 140
Trd, 4318424.693, 140
Trd, 4318425.043, 140
Trd, 4318425.593, 140
Trd, 4318426.293, 140
Trd, 4318426.643, 140
Trd, 4318429.293, 140
Trd, 4318429.993, 140
Trd, 4318431.643, 140
Trd, 4318432.093, 140
Trd, 4318432.293, 140
Trd, 4318433.843, 140
Trd, 4318433.893, 140
Trd, 4318434.493, 140
Trd, 4318435.793, 140
Trd, 4318436.943, 140
Trd, 4318437.793, 140
Trd, 4318437.843, 140
Trd, 4318438.993, 140
Trd, 4318439.193, 140
Trd, 4318440.593, 140
Trd, 4318441.493, 140
Trd, 4318442.193, 140
Trd, 4318442.443, 140
Trd, 4318442.743, 140
Trd, 4318443.793, 140
Trd, 4318444.443, 140
Trd, 4318444.793, 140
Trd, 4318446.143, 140
Trd, 4318446.543, 140
Trd, 4318446.993, 140
Trd, 4318447.443, 140
Trd, 4318448.143, 140
Trd, 4318448.943, 140
Trd, 4318450.993, 140
Trd, 4318451.643, 140
Trd, 4318452.193, 140
Trd, 4318453.643, 140
Trd, 4318454.793, 140
Trd, 4318454.993, 140
Trd, 4318455.893, 140
Trd, 4318456.843, 140
Trd, 4318456.993, 140
Trd, 4318458.943, 140
Trd, 4318459.843, 140
Trd, 4318460.343, 140
Trd, 4318460.593, 140
Trd, 4318460.893, 140
Trd, 4318462.193, 140
Trd, 4318462.893, 140
Trd, 4318464.043, 140
Trd, 4318464.393, 140
Trd, 4318464.943, 140
Trd, 4318465.293, 140
Trd, 4318465.743, 140
Trd, 4318466.093, 139
Trd, 4318466.343, 140
Trd, 4318467.043, 140
Trd, 4318467.443, 140
Trd, 4318468.693, 140
Trd, 4318469.443, 140
Trd, 4318470.143, 140
Trd, 4318471.593, 140
Trd, 4318471.693, 140
Trd, 4318472.793, 140
Trd, 4318474.743, 140
Trd, 4318474.943, 140
Trd, 4318475.043, 140
Trd, 4318475.093, 140
Trd, 4318475.993, 140
Trd, 4318476.793, 140
Trd, 4318478.493, 60
Trd, 4318478.993, 60
Trd, 4318479.443, 60
Trd, 4318479.493, 61
Trd, 4318481.293, 60
Trd, 4318481.643, 60
Trd, 4318481.943, 62
Trd, 4318483.993, 140
Trd, 4318484.943, 140
Trd, 4318485.393, 140
Trd, 4318485.443, 140
Trd, 4318485.693, 140
Trd, 4318486.543, 140
Trd, 4318486.793, 139
Trd, 4318488.093, 140
Trd, 4318489.193, 140
Trd, 4318489.393, 140
Trd, 4318490.893, 140
Trd, 4318490.993, 140
Trd, 4318492.293, 140
Trd, 4318492.843, 140
Trd, 4318495.293, 140
Trd, 4318495.643, 140
Trd, 4318495.943, 140
Trd, 4318496.193, 140
Trd, 4318497.893, 140
Trd, 4318499.293, 140
Trd, 4318499.443, 140
Trd, 4318501.143, 140
Trd, 4318501.193, 140
Trd, 4318501.243, 140
Trd, 4318502.193, 140
Trd, 4318502.793, 140
Trd, 4318504.343, 140
Trd, 4318504.543, 140
Trd, 4318505.443, 140
Trd, 4318506.343, 140
Trd, 4318506.793, 140
Trd, 4318507.443, 139
Trd, 4318508.293, 140
Trd, 4318508.493, 140
Trd, 4318510.093, 140
Trd, 4318510.843, 140
Trd, 4318510.993, 140
Trd, 4318511.343, 140
Trd, 4318511.793, 140
Trd, 4318513.543, 140
Trd, 4318514.043, 140
Trd, 4318515.093, 140
Trd, 4318515.243, 140
Trd, 4318515.593, 140
Trd, 4318516.543, 140
Trd, 4318517.443, 140
Trd, 4318518.443, 140
Trd, 4318518.593, 140
Trd, 4318518.993, 140
Trd, 4318519.293, 140
Trd, 4318520.893, 140
Trd, 4318520.993, 140
Trd, 4318522.193, 140
Trd, 4318522.243, 140
Trd, 4318522.293, 139
Trd, 4318523.643, 66
Trd, 4318524.093, 138
Trd, 4318525.443, 140
Trd, 4318526.793, 140
Trd, 4318527.443, 140
Trd, 4318527.943, 140
Trd, 4318529.093, 140
Trd, 4318529.543, 140
Trd, 4318529.743, 140
Trd, 4318530.993, 140
Trd, 4318531.143, 140
Trd, 4318531.243, 140
Trd, 4318531.643, 140
Trd, 4318532.543, 60
Trd, 4318532.793, 60
Trd, 4318532.843, 60
Trd, 4318533.643, 69
Trd, 4318535.443, 60
Trd, 4318538.493, 60
Trd, 4318539.243, 60
Trd, 4318539.943, 60
Trd, 4318541.893, 60
Trd, 4318541.943, 60
Trd, 4318542.093, 60
Trd, 4318542.493, 60
Trd, 4318543.043, 61
Trd, 4318543.143, 60
Trd, 4318543.193, 62
Trd, 4318543.693, 62
Trd, 4318543.993, 68
Trd, 4318547.043, 60
Trd, 4318548.093, 60
Trd, 4318549.243, 60
Trd, 4318549.343, 61
Trd, 4318549.693, 61
Trd, 4318550.343, 60
Trd, 4318551.043, 60
Trd, 4318551.143, 60
Trd, 4318551.893, 61
Trd, 4318552.543, 66
Trd, 4318552.593, 60
Trd, 4318553.443, 66
Trd, 4318553.643, 139
Trd, 4318554.793, 68
Trd, 4318558.043, 60
Trd, 4318558.893, 60
Trd, 4318558.943, 60
Trd, 4318560.693, 61
Trd, 4318560.943, 61
Trd, 4318561.293, 62
Trd, 4318561.393, 61
Trd, 4318561.593, 61
Trd, 4318562.443, 61
Trd, 4318562.693, 62
Trd, 4318563.093, 76
Trd, 4318563.593, 63
Trd, 4318563.893, 140
Trd, 4318564.743, 61
Trd, 4318566.543, 61
Trd, 4318568.293, 60
Trd, 4318568.743, 60
Trd, 4318568.793, 62
Trd, 4318569.143, 63
Trd, 4318569.843, 63
Trd, 4318570.943, 60
Trd, 4318574.893, 60
Trd, 4318575.593, 60
Trd, 4318576.293, 60
Trd, 4318576.343, 60
Trd, 4318576.793, 62
Trd, 4318577.293, 62
Trd, 4318577.843, 60
Trd, 4318578.043, 62
Trd, 4318578.993, 60
Trd, 4318579.093, 61
Trd, 4318579.343, 63
Trd, 4318579.893, 61
Trd, 4318580.293, 63
Trd, 4318581.893, 60
Trd, 4318583.843, 61
Trd, 4318584.493, 61
Trd, 4318585.893, 63
Trd, 4318586.593, 60
Trd, 4318587.893, 60
Trd, 4318590.043, 60
Trd, 4318590.993, 61
Trd, 4318591.243, 60
Trd, 4318591.693, 60
Trd, 4318591.743, 60
Trd, 4318592.243, 65
Trd, 4318592.743, 61
Trd, 4318592.993, 70
Trd, 4318594.043, 137
Trd, 4318594.743, 140
Trd, 4318596.643, 60
Trd, 4318598.193, 60
Trd, 4318600.543, 60
Trd, 4318600.843, 60
Trd, 4318601.293, 61
Trd, 4318601.443, 64
Trd, 4318601.493, 60
Trd, 4318601.543, 65
Trd, 4318602.393, 66
Trd, 4318602.743, 64
Trd, 4318602.893, 67
Trd, 4318603.043, 61
Trd, 4318603.993, 140
Trd, 4318604.393, 139
Trd, 4318604.793, 137
Trd, 4318606.093, 140
Trd, 4318607.443, 60
Trd, 4318607.743, 60
Trd, 4318608.693, 60
Trd, 4318611.643, 60
Trd, 4318611.843, 60
Trd, 4318612.193, 60
Trd, 4318613.243, 60
Trd, 4318613.943, 61
Trd, 4318614.743, 62
Trd, 4318614.843, 62
Trd, 4318615.643, 61
Trd, 4318615.993, 60
Trd, 4318616.343, 60
Trd, 4318616.993, 67
Trd, 4318617.593, 71
Trd, 4318620.543, 60
Trd, 4318621.143, 60
Trd, 4318622.893, 60
Trd, 4318624.043, 60
Trd, 4318624.143, 60
Trd, 4318624.243, 60
Trd, 4318626.643, 60
Trd, 4318626.793, 60
Trd, 4318627.893, 60
Trd, 4318628.043, 60
Trd, 4318628.143, 61
Trd, 4318628.293, 62
Trd, 4318628.593, 65
Trd, 4318629.843, 67
Trd, 4318631.043, 140
Trd, 4318632.343, 140
Trd, 4318632.393, 140
Trd, 4318633.993, 140
Trd, 4318634.443, 140
Trd, 4318635.193, 140
Trd, 4318635.643, 140
Trd, 4318636.943, 140
Trd, 4318636.993, 140
Trd, 4318637.243, 140
Trd, 4318638.243, 140
Trd, 4318640.343, 140
Trd, 4318640.643, 140
Trd, 4318640.693, 140
Trd, 4318641.343, 140
Trd, 4318641.543, 140
Trd, 4318643.393, 140
Trd, 4318644.043, 140
Trd, 4318644.643, 140
Trd, 4318644.693, 140
Trd, 4318646.243, 140
Trd, 4318646.693, 140
Trd, 4318647.543, 140
Trd, 4318647.843, 140
Trd, 4318648.193, 140
Trd, 4318649.243, 139
Trd, 4318649.943, 140
Trd, 4318651.043, 140
Trd, 4318652.143, 140
Trd, 4318652.243, 140
Trd, 4318653.393, 140
Trd, 4318655.293, 140
Trd, 4318655.393, 140
Trd, 4318657.193, 140
Trd, 4318657.893, 140
Trd, 4318658.293, 140
Trd, 4318658.743, 140
Trd, 4318658.843, 140
Trd, 4318659.843, 140
Trd, 4318659.993, 140
Trd, 4318661.493, 140
Trd, 4318661.593, 140
Trd, 4318662.243, 140
Trd, 4318662.793, 140
Trd, 4318663.393, 140
Trd, 4318664.443, 140
Trd, 4318664.893, 140
Trd, 4318665.443, 140
Trd, 4318666.143, 140
Trd, 4318666.493, 140
Trd, 4318666.843, 140
Trd, 4318667.793, 140
Trd, 4318668.243, 140
Trd, 4318668.343, 140
Trd, 4318668.443, 140
Trd, 4318668.943, 140
Trd, 4318670.993, 140
Trd, 4318671.193, 140
Trd, 4318671.943, 140
Trd, 4318673.093, 140
Trd, 4318673.793, 140
Trd, 4318674.493, 140
Trd, 4318675.093, 140
Trd, 4318675.543, 140
Trd, 4318675.593, 140
Trd, 4318676.143, 140
Trd, 4318676.443, 140
Trd, 4318677.043, 140
Trd, 4318678.743, 140
Trd, 4318678.793, 140
Trd, 4318679.643, 140
Trd, 4318680.093, 140
Trd, 4318680.793, 138
Trd, 4318682.943, 140
Trd, 4318683.743, 140
Trd, 4318684.443, 140
Trd, 4318685.143, 140
Trd, 4318685.493, 140
Trd, 4318685.943, 140
Trd, 4318688.443, 140
Trd, 4318688.893, 140
Trd, 4318688.943, 140
Trd, 4318689.443, 140
Trd, 4318689.993, 140
Trd, 4318690.393, 140
Trd, 4318692.593, 140
Trd, 4318692.793, 140
Trd, 4318693.093, 140
Trd, 4318694.943, 140
Trd, 4318695.043, 140
Trd, 4318695.243, 140
Trd, 4318696.343, 140
Trd, 4318697.893, 140
Trd, 4318698.093, 140
Trd, 4318698.193, 140
Trd, 4318698.293, 140
Trd, 4318699.193, 140
Trd, 4318701.293, 140
Trd, 4318701.743, 140
Trd, 4318702.143, 140
Trd, 4318702.793, 140
Trd, 4318702.893, 140
Trd, 4318703.643, 140
Trd, 4318704.293, 140
Trd, 4318705.093, 140
Trd, 4318706.293, 140
Trd, 4318707.093, 60
Trd, 4318707.343, 65
Trd, 4318707.493, 68
Trd, 4318708.743, 60
Trd, 4318709.143, 60
Trd, 4318710.343, 60
Trd, 4318711.493, 60
Trd, 4318712.693, 60
Trd, 4318713.843, 60
Trd, 4318713.943, 62
Trd, 4318714.493, 60
Trd, 4318715.993, 60
Trd, 4318716.143, 60
Trd, 4318716.443, 60
Trd, 4318716.693, 61
Trd, 4318716.793, 61
Trd, 4318717.393, 61
Trd, 4318718.093, 69
Trd, 4318719.893, 60
Trd, 4318720.343, 60
Trd, 4318721.343, 60
Trd, 4318721.693, 60
Trd, 4318724.743, 60
Trd, 4318725.543, 60
Trd, 4318726.293, 60
Trd, 4318726.493, 60
Trd, 4318726.693, 60
Trd, 4318727.843, 62
Trd, 4318728.343, 63
Trd, 4318728.493, 62
Trd, 4318728.543, 61
Trd, 4318729.393, 63
Trd, 4318730.193, 62
Trd, 4318730.943, 60
Trd, 4318731.093, 64
Trd, 4318732.043, 65
Trd, 4318732.743, 71
Trd, 4318733.243, 61
Trd, 4318734.693, 60
Trd, 4318734.793, 64
Trd, 4318735.993, 60
Trd, 4318736.893, 60
Trd, 4318738.643, 60
Trd, 4318738.743, 61
Trd, 4318740.143, 60
Trd, 4318740.393, 61
Trd, 4318741.743, 64
Trd, 4318742.243, 66
Trd, 4318742.743, 65
Trd, 4318742.793, 66
Trd, 4318743.243, 67
Trd, 4318743.343, 69
Trd, 4318744.043, 69
Trd, 4318744.243, 68
Trd, 4318745.143, 140
Trd, 4318746.593, 62
Trd, 4318747.893, 63
Trd, 4318748.743, 64
Trd, 4318750.393, 62
Trd, 4318750.793, 62
Trd, 4318753.693, 60
Trd, 4318754.493, 60
Trd, 4318756.493, 60
Trd, 4318756.843, 60
Trd, 4318757.243, 61
Trd, 4318757.543, 61
Trd, 4318757.643, 63
Trd, 4318758.693, 61
Trd, 4318758.993, 63
Trd, 4318759.293, 63
Trd, 4318760.093, 66
Trd, 4318760.843, 140
Trd, 4318762.043, 67
Trd, 4318763.893, 140
Trd, 4318764.043, 140
Trd, 4318764.993, 140
Trd, 4318765.193, 140
Trd, 4318766.043, 140
Trd, 4318766.343, 140
Trd, 4318766.493, 140
Trd, 4318767.843, 140
Trd, 4318768.693, 140
Trd, 4318769.593, 140
Trd, 4318770.443, 140
Trd, 4318770.943, 140
Trd, 4318771.893, 140
Trd, 4318773.093, 140
Trd, 4318773.143, 140
Trd, 4318774.243, 139
Trd, 4318775.693, 140
Trd, 4318777.293, 140
Trd, 4318777.693, 140
Trd, 4318778.143, 140
Trd, 4318778.693, 140
Trd, 4318778.743, 140
Trd, 4318779.993, 140
Trd, 4318780.993, 140
Trd, 4318781.843, 140
Trd, 4318782.343, 140
Trd, 4318782.393, 138
Trd, 4318782.693, 138
Trd, 4318783.243, 139
Trd, 4318784.743, 140
Trd, 4318785.643, 140
Trd, 4318787.243, 140
Trd, 4318787.443, 140
Trd, 4318787.493, 140
Trd, 4318788.693, 140
Trd, 4318789.293, 140
Trd, 4318789.593, 140
Trd, 4318789.693, 140
Trd, 4318789.793, 139
Trd, 4318791.293, 140
Trd, 4318793.343, 140
Trd, 4318794.393, 140
Trd, 4318795.343, 140
Trd, 4318795.693, 140
Trd, 4318795.943, 140
Trd, 4318797.143, 140
Trd, 4318798.193, 140
Trd, 4318799.093, 140
Trd, 4318799.193, 140
Trd, 4318800.243, 140
Trd, 4318800.893, 140
Trd, 4318801.343, 140
Trd, 4318802.043, 140
Trd, 4318802.243, 140
Trd, 4318802.893, 140
Trd, 4318804.243, 140
Trd, 4318806.193, 140
Trd, 4318806.743, 140
Trd, 4318806.943, 140
Trd, 4318807.093, 140
Trd, 4318808.393, 140
Trd, 4318808.843, 140
Trd, 4318810.643, 140
Trd, 4318811.093, 140
Trd, 4318812.293, 140
Trd, 4318812.443, 140
Trd, 4318812.993, 140
Trd, 4318813.193, 140
Trd, 4318813.293, 140
Trd, 4318813.743, 140
Trd, 4318815.743, 140
Trd, 4318816.193, 140
Trd, 4318816.243, 140
Trd, 4318817.743, 140
Trd, 4318818.493, 140
Trd, 4318819.093, 140
Trd, 4318819.893, 140
Trd, 4318820.043, 140
Trd, 4318820.343, 140
Trd, 4318820.743, 140
Trd, 4318822.093, 140
Trd, 4318822.393, 140
Trd, 4318823.643, 140
Trd, 4318824.493, 140
Trd, 4318825.143, 140
Trd, 4318826.893, 140
Trd, 4318827.543, 140
Trd, 4318827.593, 140
Trd, 4318828.093, 140
Trd, 4318828.243, 140
Trd, 4318829.843, 140
Trd, 4318830.393, 140
Trd, 4318831.343, 140
Trd, 4318832.243, 140
Trd, 4318832.593, 140
Trd, 4318834.093, 140
Trd, 4318834.643, 140
Trd, 4318834.993, 140
Trd, 4318835.343, 140
Trd, 4318837.043, 140
Trd, 4318837.643, 140
Trd, 4318838.793, 140
Trd, 4318839.693, 140
Trd, 4318839.943, 140
Trd, 4318842.093, 140
Trd, 4318842.893, 140
Trd, 4318843.143, 140
Trd, 4318843.243, 140
Trd, 4318843.343, 140
Trd, 4318844.543, 140
Trd, 4318845.293, 140
Trd, 4318845.793, 140
Trd, 4318846.943, 140
Trd, 4318847.043, 139
Trd, 4318847.193, 140
Trd, 4318848.393, 140
Trd, 4318849.393, 140
Trd, 4318851.343, 140
Trd, 4318851.843, 140
Trd, 4318852.043, 140
Trd, 4318852.643, 140
Trd, 4318852.843, 140
Trd, 4318852.893, 140
Trd, 4318853.693, 140
Trd, 4318854.293, 140
Trd, 4318854.393, 140
Trd, 4318855.643, 140
Trd, 4318855.943, 140
Trd, 4318856.493, 140
Trd, 4318858.093, 140
Trd, 4318858.443, 140
Trd, 4318859.293, 140
Trd, 4318859.343, 140
Trd, 4318860.693, 140
Trd, 4318862.643, 140
Trd, 4318862.843, 140
Trd, 4318863.093, 140
Trd, 4318863.393, 140
Trd, 4318864.393, 140
Trd, 4318865.243, 140
Trd, 4318865.843, 140
Trd, 4318865.993, 140
Trd, 4318867.543, 140
Trd, 4318867.593, 140
Trd, 4318867.643, 140
Trd, 4318870.693, 140
Trd, 4318871.693, 140
Trd, 4318872.193, 140
Trd, 4318872.593, 140
Trd, 4318872.643, 140
Trd, 4318874.143, 140
Trd, 4318874.393, 140
Trd, 4318874.593, 140
Trd, 4318875.443, 140
Trd, 4318876.643, 140
Trd, 4318877.193, 140
Trd, 4318877.493, 140
Trd, 4318877.943, 140
Trd, 4318878.993, 140
Trd, 4318880.693, 140
Trd, 4318881.893, 140
Trd, 4318882.493, 140
Trd, 4318882.893, 140
Trd, 4318883.193, 140
Trd, 4318883.943, 140
Trd, 4318884.143, 140
Trd, 4318884.493, 140
Trd, 4318885.143, 140
Trd, 4318885.843, 140
Trd, 4318886.293, 140
Trd, 4318886.343, 140
Trd, 4318886.643, 140
Trd, 4318889.293, 140
Trd, 4318889.793, 140
Trd, 4318890.343, 140
Trd, 4318890.593, 140
Trd, 4318890.843, 140
Trd, 4318892.193, 140
Trd, 4318894.393, 140
Trd, 4318895.743, 140
Trd, 4318896.143, 140
Trd, 4318896.193, 140
Trd, 4318898.293, 140
Trd, 4318898.743, 140
Trd, 4318898.993, 140
Trd, 4318899.193, 140
Trd, 4318900.043, 140
Trd, 4318900.493, 140
Trd, 4318901.143, 140
Trd, 4318903.693, 140
Trd, 4318904.343, 140
Trd, 4318905.993, 140
Trd, 4318907.193, 140
Trd, 4318907.443, 140
Trd, 4318907.793, 140
Trd, 4318908.393, 140
Trd, 4318909.043, 140
Trd, 4318910.793, 140
Trd, 4318911.043, 140
Trd, 4318911.393, 140
Trd, 4318912.493, 140
Trd, 4318912.593, 140
Trd, 4318913.693, 140
Trd, 4318915.243, 140
Trd, 4318915.543, 140
Trd, 4318915.793, 140
Trd, 4318916.043, 140
Trd, 4318918.293, 140
Trd, 4318918.693, 140
Trd, 4318918.843, 140
Trd, 4318919.593, 140
Trd, 4318919.643, 140
Trd, 4318919.843, 140
Trd, 4318920.693, 140
Trd, 4318921.343, 140
Trd, 4318921.393, 140
Trd, 4318922.393, 139
Trd, 4318922.843, 140
Trd, 4318923.093, 140
Trd, 4318923.643, 139
Trd, 4318924.243, 140
Trd, 4318926.293, 140
Trd, 4318927.543, 140
Trd, 4318927.693, 139
Trd, 4318928.293, 140
Trd, 4318928.693, 140
Trd, 4318929.143, 140
Trd, 4318930.243, 140
Trd, 4318931.293, 140
Trd, 4318932.293, 140
Trd, 4318933.043, 140
Trd, 4318933.893, 140
Trd, 4318934.493, 140
Trd, 4318935.343, 140
Trd, 4318935.943, 140
Trd, 4318935.993, 139
Trd, 4318937.293, 140
Trd, 4318937.693, 140
Trd, 4318939.893, 140
Trd, 4318940.143, 140
Trd, 4318941.793, 140
Trd, 4318942.393, 140
Trd, 4318942.993, 140
Trd, 4318943.143, 140
Trd, 4318945.593, 140
Trd, 4318946.593, 140
Trd, 4318946.793, 140
Trd, 4318947.393, 140
Trd, 4318948.043, 140
Trd, 4318948.643, 140
Trd, 4318949.043, 140
Trd, 4318949.093, 140
Trd, 4318950.143, 140
Trd, 4318950.743, 140
Trd, 4318951.843, 140
Trd, 4318952.393, 140
Trd, 4318953.143, 140
Trd, 4318954.393, 140
Trd, 4318954.443, 140
Trd, 4318955.043, 140
Trd, 4318955.943, 140
Trd, 4318957.743, 140
Trd, 4318957.893, 140
Trd, 4318957.943, 140
Trd, 4318959.393, 140
Trd, 4318959.843, 140
Trd, 4318960.393, 140
Trd, 4318961.843, 140
Trd, 4318962.393, 140
Trd, 4318962.993, 140
Trd, 4318963.643, 140
Trd, 4318964.193, 140
Trd, 4318964.743, 140
Trd, 4318965.093, 140
Trd, 4318965.243, 139
Trd, 4318965.293, 137
Trd, 4318967.293, 140
Trd, 4318967.893, 140
Trd, 4318968.193, 140
Trd, 4318969.443, 140
Trd, 4318969.643, 140
Trd, 4318969.793, 140
Trd, 4318970.893, 140
Trd, 4318972.093, 140
Trd, 4318973.093, 140
Trd, 4318973.693, 140
Trd, 4318973.793, 140
Trd, 4318974.893, 140
Trd, 4318975.693, 140
Trd, 4318976.143, 140
Trd, 4318978.143, 140
Trd, 4318978.393, 140
Trd, 4318978.593, 140
Trd, 4318978.843, 140
Trd, 4318980.593, 140
Trd, 4318983.143, 140
Trd, 4318983.243, 140
Trd, 4318983.393, 140
Trd, 4318983.593, 140
Trd, 4318984.893, 140
Trd, 4318985.193, 140
Trd, 4318985.993, 140
Trd, 4318986.143, 140
Trd, 4318987.693, 140
Trd, 4318988.793, 140
Trd, 4318988.993, 140
Trd, 4318989.243, 140
Trd, 4318990.293, 140
Trd, 4318990.743, 140
Trd, 4318992.943, 140
Trd, 4318993.143, 140
Trd, 4318993.343, 140
Trd, 4318993.943, 140
Trd, 4318994.093, 140
Trd, 4318994.143, 139
Trd, 4318996.293, 140
Trd, 4318997.693, 140
Trd, 4318997.793, 140
Trd, 4318999.743, 140
Trd, 4319000.043, 140
Trd, 4319000.393, 140
Trd, 4319001.193, 140
Trd, 4319001.543, 140
Trd, 4319002.243, 140
Trd, 4319002.593, 140
Trd, 4319002.943, 140
Trd, 4319003.843, 140
Trd, 4319004.143, 140
Trd, 4319004.443, 140
Trd, 4319006.893, 140
Trd, 4319007.543, 140
Trd, 4319007.643, 140
Trd, 4319010.193, 140
Trd, 4319010.393, 140
Trd, 4319010.593, 140
Trd, 4319011.043, 140
Trd, 4319011.293, 140
Trd, 4319012.743, 140
Trd, 4319013.143, 140
Trd, 4319013.993, 140
Trd, 4319014.043, 140
Trd, 4319014.393, 140
Trd, 4319016.393, 140
Trd, 4319016.693, 140
Trd, 4319017.843, 140
Trd, 4319018.243, 140
Trd, 4319018.693, 140
Trd, 4319019.443, 140
Trd, 4319019.493, 140
Trd, 4319020.693, 140
Trd, 4319021.943, 140
Trd, 4319022.443, 140
Trd, 4319022.543, 140
Trd, 4319024.893, 140
Trd, 4319025.443, 140
Trd, 4319025.643, 140
Trd, 4319027.293, 140
Trd, 4319028.293, 140
Trd, 4319029.543, 140
Trd, 4319029.793, 140
Trd, 4319030.143, 140
Trd, 4319030.593, 140
Trd, 4319030.993, 140
Trd, 4319031.193, 140
Trd, 4319031.393, 139
Trd, 4319032.193, 140
Trd, 4319032.293, 140
Trd, 4319032.993, 140
Trd, 4319034.093, 140
Trd, 4319034.293, 140
Trd, 4319034.943, 140
Trd, 4319035.593, 140
Trd, 4319036.543, 140
Trd, 4319037.343, 140
Trd, 4319040.393, 140
Trd, 4319041.643, 140
Trd, 4319041.943, 140
Trd, 4319042.193, 140
Trd, 4319042.343, 140
Trd, 4319042.943, 140
Trd, 4319043.243, 140
Trd, 4319044.743, 140
Trd, 4319045.143, 140
Trd, 4319046.093, 140
Trd, 4319046.393, 140
Trd, 4319047.743, 140
Trd, 4319048.243, 140
Trd, 4319048.543, 140
Trd, 4319049.293, 140
Trd, 4319049.793, 140
Trd, 4319051.693, 140
Trd, 4319053.343, 140
Trd, 4319053.793, 140
Trd, 4319054.243, 140
Trd, 4319054.743, 140
Trd, 4319054.993, 140
Trd, 4319056.143, 140
Trd, 4319056.393, 140
Trd, 4319057.243, 140
Trd, 4319059.043, 140
Trd, 4319059.193, 140
Trd, 4319060.193, 140
Trd, 4319060.543, 140
Trd, 4319061.243, 140
Trd, 4319062.143, 140
Trd, 4319062.343, 140
Trd, 4319062.743, 140
Trd, 4319063.643, 140
Trd, 4319064.193, 140
Trd, 4319064.993, 140
Trd, 4319065.193, 140
Trd, 4319067.243, 140
Trd, 4319068.293, 140
Trd, 4319068.843, 140
Trd, 4319069.493, 140
Trd, 4319070.443, 140
Trd, 4319071.143, 140
Trd, 4319071.793, 140
Trd, 4319072.443, 140
Trd, 4319074.043, 140
Trd, 4319074.643, 140
Trd, 4319076.243, 140
Trd, 4319076.643, 140
Trd, 4319077.293, 140
Trd, 4319077.643, 140
Trd, 4319077.743, 140
Trd, 4319078.143, 140
Trd, 4319080.543, 140
Trd, 4319080.643, 140
Trd, 4319081.093, 140
Trd, 4319081.893, 140
Trd, 4319082.343, 140
Trd, 4319082.593, 140
Trd, 4319083.393, 140
Trd, 4319083.943, 140
Trd, 4319084.543, 140
Trd, 4319085.643, 140
Trd, 4319085.943, 140
Trd, 4319087.593, 140
Trd, 4319087.693, 140
Trd, 4319088.893, 140
Trd, 4319089.043, 140
Trd, 4319090.093, 140
Trd, 4319090.293, 140
Trd, 4319092.293, 140
Trd, 4319092.743, 140
Trd, 4319093.893, 140
Trd, 4319094.143, 140
Trd, 4319094.193, 140
Trd, 4319095.643, 140
Trd, 4319095.843, 140
Trd, 4319096.993, 140
Trd, 4319097.393, 140
Trd, 4319097.743, 140
Trd, 4319100.443, 140
Trd, 4319101.143, 140
Trd, 4319101.343, 140
Trd, 4319102.243, 140
Trd, 4319102.593, 140
Trd, 4319103.693, 140
Trd, 4319103.993, 140
Trd, 4319104.143, 140
Trd, 4319104.643, 140
Trd, 4319105.043, 138
Trd, 4319106.093, 140
Trd, 4319106.243, 140
Trd, 4319107.143, 140
Trd, 4319107.793, 140
Trd, 4319108.043, 140
Trd, 4319108.193, 140
Trd, 4319110.243, 140
Trd, 4319110.543, 140
Trd, 4319110.643, 140
Trd, 4319110.843, 140
Trd, 4319110.893, 140
Trd, 4319111.193, 139
Trd, 4319112.843, 61
Trd, 4319113.093, 61
Trd, 4319114.243, 61
Trd, 4319116.593, 60
Trd, 4319116.893, 60
Trd, 4319116.943, 61
Trd, 4319118.593, 60
Trd, 4319118.693, 60
Trd, 4319118.793, 61
Trd, 4319120.143, 60
Trd, 4319120.993, 60
Trd, 4319121.093, 61
Trd, 4319121.493, 61
Trd, 4319122.093, 63
Trd, 4319122.393, 64
Trd, 4319122.793, 68
Trd, 4319123.993, 64
Trd, 4319125.693, 60
Trd, 4319125.843, 60
Trd, 4319127.043, 60
Trd, 4319128.443, 60
Trd, 4319129.293, 60
Trd, 4319130.643, 60
Trd, 4319130.893, 60
Trd, 4319131.143, 60
Trd, 4319131.343, 61
Trd, 4319132.343, 62
Trd, 4319132.693, 60
Trd, 4319132.993, 61
Trd, 4319133.543, 60
Trd, 4319133.593, 61
Trd, 4319135.493, 60
Trd, 4319135.943, 60
Trd, 4319137.193, 60
Trd, 4319138.293, 60
Trd, 4319138.993, 61
Trd, 4319139.593, 64
Trd, 4319140.443, 60
Trd, 4319140.593, 60
Trd, 4319140.843, 60
Trd, 4319141.243, 140
Trd, 4319141.393, 139
Trd, 4319141.893, 61
Trd, 4319143.893, 61
Trd, 4319145.693, 60
Trd, 4319147.093, 60
Trd, 4319147.293, 60
Trd, 4319147.443, 60
Trd, 4319148.843, 62
Trd, 4319149.643, 60
Trd, 4319150.643, 64
Trd, 4319151.143, 60
Trd, 4319152.093, 65
Trd, 4319153.143, 68
Trd, 4319153.193, 69
Trd, 4319153.743, 70
Trd, 4319153.843, 69
Trd, 4319154.743, 77
Trd, 4319154.793, 71
Trd, 4319154.893, 70
Trd, 4319155.243, 61
Trd, 4319157.493, 60
Trd, 4319159.443, 60
Trd, 4319159.593, 60
Trd, 4319159.693, 61
Trd, 4319160.543, 67
Trd, 4319162.393, 60
Trd, 4319162.943, 61
Trd, 4319163.143, 62
Trd, 4319163.193, 60
Trd, 4319163.743, 60
Trd, 4319164.943, 60
Trd, 4319166.943, 60
Trd, 4319167.043, 62
Trd, 4319167.593, 65
Trd, 4319167.843, 62
Trd, 4319169.193, 60
Trd, 4319171.993, 60
Trd, 4319172.393, 60
Trd, 4319172.543, 60
Trd, 4319173.043, 60
Trd, 4319173.243, 60
Trd, 4319173.843, 62
Trd, 4319173.993, 62
Trd, 4319174.293, 63
Trd, 4319175.393, 62
Trd, 4319175.593, 63
Trd, 4319177.743, 60
Trd, 4319178.043, 60
Trd, 4319180.443, 60
Trd, 4319180.843, 60
Trd, 4319184.293, 60
Trd, 4319185.143, 60
Trd, 4319185.793, 60
Trd, 4319186.043, 60
Trd, 4319186.543, 60
Trd, 4319186.893, 60
Trd, 4319187.043, 60
Trd, 4319187.293, 62
Trd, 4319187.843, 60
Trd, 4319188.643, 60
Trd, 4319189.943, 61
Trd, 4319190.593, 63
Trd, 4319192.893, 60
Trd, 4319193.343, 60
Trd, 4319193.943, 62
Trd, 4319194.493, 60
Trd, 4319194.843, 60
Trd, 4319197.193, 60
Trd, 4319197.993, 60
Trd, 4319198.393, 60
Trd, 4319198.593, 60
Trd, 4319199.093, 60
Trd, 4319199.243, 64
Trd, 4319200.193, 63
Trd, 4319200.343, 63
Trd, 4319200.393, 66
Trd, 4319201.843, 61
Trd, 4319202.493, 61
Trd, 4319202.743, 61
Trd, 4319202.943, 60
Trd, 4319203.543, 62
Trd, 4319205.393, 62
Trd, 4319206.443, 64
Trd, 4319207.593, 66
Trd, 4319209.243, 60
Trd, 4319209.993, 60
Trd, 4319211.043, 60
Trd, 4319211.643, 60
Trd, 4319212.793, 60
Trd, 4319213.043, 60
Trd, 4319213.193, 61
Trd, 4319213.643, 60
Trd, 4319213.843, 61
Trd, 4319214.593, 65
Trd, 4319215.643, 65
Trd, 4319216.343, 66
Trd, 4319216.693, 67
Trd, 4319216.743, 85
Trd, 4319217.493, 140
Trd, 4319218.643, 139
Trd, 4319219.143, 140
Trd, 4319220.143, 140
Trd, 4319220.493, 140
Trd, 4319220.843, 140
Trd, 4319221.493, 140
Trd, 4319221.643, 140
Trd, 4319222.543, 140
Trd, 4319222.693, 140
Trd, 4319223.443, 140
Trd, 4319224.943, 140
Trd, 4319226.693, 140
Trd, 4319227.243, 140
Trd, 4319228.293, 140
Trd, 4319228.843, 140
Trd, 4319229.843, 140
Trd, 4319230.093, 140
Trd, 4319230.293, 140
Trd, 4319231.993, 140
Trd, 4319232.793, 140
Trd, 4319232.993, 140
Trd, 4319233.493, 140
Trd, 4319235.193, 140
Trd, 4319236.143, 140
Trd, 4319237.643, 140
Trd, 4319238.093, 140
Trd, 4319238.543, 140
Trd, 4319239.443, 140
Trd, 4319240.243, 140
Trd, 4319240.793, 140
Trd, 4319240.943, 140
Trd, 4319241.293, 140
Trd, 4319242.793, 140
Trd, 4319243.043, 140
Trd, 4319243.143, 140
Trd, 4319244.693, 140
Trd, 4319245.393, 140
Trd, 4319247.293, 140
Trd, 4319247.643, 140
Trd, 4319249.943, 140
Trd, 4319250.043, 140
Trd, 4319250.393, 140
Trd, 4319250.443, 140
Trd, 4319250.793, 140
Trd, 4319251.843, 140
Trd, 4319252.943, 140
Trd, 4319253.593, 140
Trd, 4319254.343, 140
Trd, 4319255.243, 140
Trd, 4319255.293, 140
Trd, 4319256.343, 140
Trd, 4319256.393, 140
Trd, 4319258.393, 140
Trd, 4319259.143, 139
Trd, 4319260.743, 140
Trd, 4319262.043, 140
Trd, 4319263.043, 140
Trd, 4319264.093, 140
Trd, 4319264.493, 140
Trd, 4319265.643, 140
Trd, 4319265.743, 140
Trd, 4319265.793, 140
Trd, 4319265.893, 140
Trd, 4319266.693, 140
Trd, 4319267.093, 140
Trd, 4319267.443, 140
Trd, 4319268.143, 140
Trd, 4319268.993, 140
Trd, 4319269.193, 140
Trd, 4319270.143, 140
Trd, 4319270.443, 140
Trd, 4319270.893, 140
Trd, 4319271.243, 140
Trd, 4319271.943, 140
Trd, 4319273.543, 140
Trd, 4319274.343, 140
Trd, 4319275.443, 140
Trd, 4319275.993, 140
Trd, 4319276.343, 140
Trd, 4319277.543, 139
Trd, 4319278.543, 140
Trd, 4319279.143, 140
Trd, 4319279.243, 140
Trd, 4319279.643, 140
Trd, 4319280.643, 140
Trd, 4319281.143, 140
Trd, 4319281.393, 140
Trd, 4319281.743, 132
Trd, 4319283.043, 140
Trd, 4319284.193, 140
Trd, 4319286.043, 140
Trd, 4319286.193, 140
Trd, 4319286.643, 140
Trd, 4319287.443, 140
Trd, 4319288.343, 140
Trd, 4319288.693, 140
Trd, 4319288.893, 140
Trd, 4319289.643, 140
Trd, 4319291.493, 140
Trd, 4319292.393, 140
Trd, 4319293.443, 140
Trd, 4319293.943, 140
Trd, 4319294.943, 140
Trd, 4319295.793, 140
Trd, 4319296.043, 140
Trd, 4319296.243, 140
Trd, 4319297.043, 140
Trd, 4319297.443, 140
Trd, 4319298.143, 140
Trd, 4319299.243, 140
Trd, 4319300.743, 140
Trd, 4319301.243, 140
Trd, 4319301.293, 140
Trd, 4319301.443, 140
Trd, 4319303.193, 140
Trd, 4319303.543, 140
Trd, 4319304.293, 140
Trd, 4319305.143, 140
Trd, 4319306.293, 140
Trd, 4319306.543, 140
Trd, 4319307.293, 140
Trd, 4319308.143, 140
Trd, 4319308.293, 140
Trd, 4319308.393, 140
Trd, 4319310.243, 140
Trd, 4319310.993, 140
Trd, 4319312.543, 140
Trd, 4319312.693, 140
Trd, 4319313.443, 140
Trd, 4319315.043, 140
Trd, 4319315.343, 140
Trd, 4319315.493, 140
Trd, 4319315.893, 140
Trd, 4319317.543, 140
Trd, 4319318.943, 140
Trd, 4319321.343, 140
Trd, 4319322.093, 140
Trd, 4319322.793, 140
Trd, 4319323.493, 140
Trd, 4319323.693, 140
Trd, 4319323.843, 140
Trd, 4319324.143, 139
Trd, 4319324.693, 139
Trd, 4319325.243, 140
Trd, 4319327.493, 140
Trd, 4319327.643, 140
Trd, 4319327.693, 140
Trd, 4319329.293, 140
Trd, 4319329.693, 140
Trd, 4319329.943, 140
Trd, 4319331.743, 140
Trd, 4319332.693, 140
Trd, 4319332.993, 140
Trd, 4319333.443, 140
Trd, 4319334.343, 140
Trd, 4319335.593, 140
Trd, 4319336.593, 140
Trd, 4319336.893, 140
Trd, 4319338.093, 140
Trd, 4319338.143, 140
Trd, 4319338.443, 140
Trd, 4319340.093, 140
Trd, 4319340.793, 140
Trd, 4319341.943, 140
Trd, 4319342.193, 140
Trd, 4319343.143, 140
Trd, 4319343.343, 140
Trd, 4319344.743, 140
Trd, 4319344.993, 140
Trd, 4319345.293, 140
Trd, 4319345.693, 140
Trd, 4319347.693, 140
Trd, 4319347.943, 140
Trd, 4319349.043, 140
Trd, 4319349.243, 140
Trd, 4319351.043, 140
Trd, 4319351.143, 140
Trd, 4319351.943, 140
Trd, 4319352.543, 140
Trd, 4319353.093, 140
Trd, 4319355.193, 140
Trd, 4319355.793, 140
Trd, 4319356.743, 140
Trd, 4319357.193, 140
Trd, 4319357.843, 140
Trd, 4319360.143, 140
Trd, 4319360.193, 140
Trd, 4319360.343, 140
Trd, 4319360.593, 140
Trd, 4319361.143, 140
Trd, 4319361.293, 140
Trd, 4319362.393, 140
Trd, 4319362.543, 140
Trd, 4319362.743, 139
Trd, 4319364.843, 140
Trd, 4319365.143, 140
Trd, 4319365.443, 140
Trd, 4319366.643, 140
Trd, 4319367.993, 140
Trd, 4319368.143, 140
Trd, 4319368.493, 140
Trd, 4319369.543, 140
Trd, 4319369.643, 140
Trd, 4319370.193, 140
Trd, 4319370.743, 140
Trd, 4319373.243, 140
Trd, 4319373.793, 140
Trd, 4319374.243, 140
Trd, 4319375.693, 140
Trd, 4319376.243, 140
Trd, 4319376.443, 140
Trd, 4319376.643, 68
Trd, 4319377.443, 64
Trd, 4319378.043, 140
Trd, 4319380.343, 140
Trd, 4319380.393, 140
Trd, 4319381.493, 140
Trd, 4319381.693, 140
Trd, 4319381.743, 140
Trd, 4319384.143, 140
Trd, 4319384.293, 140
Trd, 4319384.643, 140
Trd, 4319384.993, 140
Trd, 4319385.793, 140
Trd, 4319386.543, 140
Trd, 4319387.543, 140
Trd, 4319389.393, 140
Trd, 4319389.493, 140
Trd, 4319389.693, 140
Trd, 4319389.893, 140
Trd, 4319389.943, 139
Trd, 4319391.493, 140
Trd, 4319392.843, 140
Trd, 4319393.043, 140
Trd, 4319393.793, 140
Trd, 4319394.443, 140
Trd, 4319395.343, 140
Trd, 4319396.143, 140
Trd, 4319396.493, 140
Trd, 4319396.993, 140
Trd, 4319397.543, 140
Trd, 4319398.343, 140
Trd, 4319400.893, 140
Trd, 4319401.143, 140
Trd, 4319402.393, 140
Trd, 4319403.143, 140
Trd, 4319403.193, 140
Trd, 4319403.493, 140
Trd, 4319404.393, 140
Trd, 4319404.593, 140
Trd, 4319405.143, 140
Trd, 4319406.743, 140
Trd, 4319407.593, 140
Trd, 4319407.893, 140
Trd, 4319408.343, 140
Trd, 4319408.693, 140
Trd, 4319408.993, 140
Trd, 4319409.543, 140
Trd, 4319409.743, 140
Trd, 4319410.343, 64
Trd, 4319412.843, 60
Trd, 4319412.943, 60
Trd, 4319413.593, 61
Trd, 4319414.993, 61
Trd, 4319415.043, 62
Trd, 4319415.593, 62
Trd, 4319416.943, 60
Trd, 4319419.193, 60
Trd, 4319419.643, 60
Trd, 4319420.293, 60
Trd, 4319420.893, 60
Trd, 4319422.593, 60
Trd, 4319423.243, 60
Trd, 4319423.293, 61
Trd, 4319423.543, 61
Trd, 4319424.043, 60
Trd, 4319424.293, 63
Trd, 4319424.993, 66
Trd, 4319425.943, 61
Trd, 4319427.893, 60
Trd, 4319428.543, 60
Trd, 4319429.693, 60
Trd, 4319430.043, 60
Trd, 4319431.593, 60
Trd, 4319432.493, 60
Trd, 4319432.543, 65
Trd, 4319432.643, 74
Trd, 4319433.493, 63
Trd, 4319433.793, 66
Trd, 4319435.343, 65
Trd, 4319435.943, 70
Trd, 4319436.843, 70
Trd, 4319437.743, 140
Trd, 4319437.843, 140
Trd, 4319438.593, 135
Trd, 4319440.093, 140
Trd, 4319441.043, 140
Trd, 4319441.393, 140
Trd, 4319441.693, 140
Trd, 4319442.643, 140
Trd, 4319443.293, 140
Trd, 4319443.693, 140
Trd, 4319444.643, 140
Trd, 4319445.793, 140
Trd, 4319445.993, 140
Trd, 4319446.293, 140
Trd, 4319447.193, 140
Trd, 4319448.493, 140
Trd, 4319449.143, 140
Trd, 4319449.943, 140
Trd, 4319450.393, 140
Trd, 4319450.643, 140
Trd, 4319451.643, 140
Trd, 4319452.643, 140
Trd, 4319453.893, 140
Trd, 4319454.593, 140
Trd, 4319455.543, 140
Trd, 4319456.143, 140
Trd, 4319457.143, 140
Trd, 4319458.493, 140
Trd, 4319459.343, 140
Trd, 4319459.793, 140
Trd, 4319460.143, 140
Trd, 4319460.543, 140
Trd, 4319461.243, 140
Trd, 4319461.593, 140
Trd, 4319462.893, 140
Trd, 4319463.143, 140
Trd, 4319463.393, 140
Trd, 4319464.543, 140
Trd, 4319464.943, 140
Trd, 4319465.743, 140
Trd, 4319466.193, 140
Trd, 4319466.543, 139
Trd, 4319467.743, 140
Trd, 4319468.393, 140
Trd, 4319469.643, 140
Trd, 4319472.093, 140
Trd, 4319472.243, 140
Trd, 4319473.093, 140
Trd, 4319473.343, 140
Trd, 4319474.593, 140
Trd, 4319475.743, 140
Trd, 4319475.943, 140
Trd, 4319476.243, 140
Trd, 4319476.943, 139
Trd, 4319478.343, 137
Trd, 4319478.743, 140
Trd, 4319479.593, 140
Trd, 4319480.843, 140
Trd, 4319481.143, 140
Trd, 4319482.643, 140
Trd, 4319482.843, 140
Trd, 4319484.043, 140
Trd, 4319484.843, 140
Trd, 4319485.543, 140
Trd, 4319485.793, 140
Trd, 4319485.893, 140
Trd, 4319486.743, 140
Trd, 4319487.043, 140
Trd, 4319488.093, 140
Trd, 4319488.993, 140
Trd, 4319490.493, 140
Trd, 4319490.993, 140
Trd, 4319491.693, 140
Trd, 4319491.743, 140
Trd, 4319492.943, 140
Trd, 4319493.693, 140
Trd, 4319494.693, 140
Trd, 4319495.243, 140
Trd, 4319496.493, 140
Trd, 4319497.493, 140
Trd, 4319499.793, 140
Trd, 4319500.193, 140
Trd, 4319500.293, 140
Trd, 4319500.843, 140
Trd, 4319500.893, 140
Trd, 4319502.193, 140
Trd, 4319502.793, 140
Trd, 4319503.093, 140
Trd, 4319503.643, 140
Trd, 4319504.743, 140
Trd, 4319505.193, 140
Trd, 4319505.993, 140
Trd, 4319506.043, 140
Trd, 4319506.643, 140
Trd, 4319507.343, 140
Trd, 4319507.493, 140
Trd, 4319507.693, 140
Trd, 4319509.193, 140
Trd, 4319509.293, 140
Trd, 4319509.843, 137
Trd, 4319513.193, 140
Trd, 4319514.143, 140
Trd, 4319514.343, 140
Trd, 4319514.793, 139
Trd, 4319515.243, 140
Trd, 4319516.343, 140
Trd, 4319516.643, 140
Trd, 4319517.393, 140
Trd, 4319519.093, 140
Trd, 4319519.493, 140
Trd, 4319519.893, 140
Trd, 4319521.193, 140
Trd, 4319521.343, 140
Trd, 4319522.193, 140
Trd, 4319522.943, 140
Trd, 4319525.343, 140
Trd, 4319525.643, 140
Trd, 4319526.343, 140
Trd, 4319526.393, 140
Trd, 4319526.943, 140
Trd, 4319527.093, 140
Trd, 4319527.593, 139
Trd, 4319528.043, 139
Trd, 4319528.743, 140
Trd, 4319530.743, 66
Trd, 4319531.043, 140
Trd, 4319532.243, 140
Trd, 4319533.443, 137
Trd, 4319534.293, 60
Trd, 4319534.643, 60
Trd, 4319535.093, 60
Trd, 4319537.143, 60
Trd, 4319538.493, 60
Trd, 4319538.693, 60
Trd, 4319540.143, 60
Trd, 4319540.343, 60
Trd, 4319540.543, 60
Trd, 4319540.993, 63
Trd, 4319541.743, 60
Trd, 4319542.343, 62
Trd, 4319543.343, 60
Trd, 4319544.393, 60
Trd, 4319545.243, 60
Trd, 4319546.293, 61
Trd, 4319547.593, 60
Trd, 4319548.243, 60
Trd, 4319548.693, 60
Trd, 4319549.443, 64
Trd, 4319550.343, 60
Trd, 4319550.543, 60
Trd, 4319550.593, 60
Trd, 4319551.293, 64
Trd, 4319551.993, 64
Trd, 4319552.343, 63
Trd, 4319553.493, 66
Trd, 4319554.393, 77
Trd, 4319554.893, 63
Trd, 4319555.343, 97
Trd, 4319555.993, 64
Trd, 4319558.993, 60
Trd, 4319559.893, 60
Trd, 4319560.493, 60
Trd, 4319560.843, 62
Trd, 4319560.943, 61
Trd, 4319561.493, 61
Trd, 4319561.543, 62
Trd, 4319561.843, 61
Trd, 4319562.693, 62
Trd, 4319563.493, 63
Trd, 4319565.993, 60
Trd, 4319567.493, 60
Trd, 4319567.993, 60
Trd, 4319568.243, 60
Trd, 4319568.993, 60
Trd, 4319569.543, 60
Trd, 4319570.093, 60
Trd, 4319570.843, 60
Trd, 4319571.343, 60
Trd, 4319571.743, 60
Trd, 4319572.043, 60
Trd, 4319572.393, 61
Trd, 4319573.643, 60
Trd, 4319574.793, 61
Trd, 4319574.993, 60
Trd, 4319575.143, 63
Trd, 4319575.293, 63
Trd, 4319576.293, 63
Trd, 4319577.843, 60
Trd, 4319579.443, 60
Trd, 4319582.393, 60
Trd, 4319582.643, 60
Trd, 4319582.743, 60
Trd, 4319582.843, 60
Trd, 4319583.293, 60
Trd, 4319583.793, 60
Trd, 4319584.593, 60
Trd, 4319584.893, 60
Trd, 4319584.993, 60
Trd, 4319585.893, 64
Trd, 4319586.443, 60
Trd, 4319587.293, 61
Trd, 4319587.743, 60
Trd, 4319588.193, 62
Trd, 4319588.393, 63
Trd, 4319588.593, 103
Trd, 4319590.343, 140
Trd, 4319590.593, 140
Trd, 4319591.993, 140
Trd, 4319592.243, 140
Trd, 4319592.793, 140
Trd, 4319593.343, 140
Trd, 4319593.843, 140
Trd, 4319594.293, 140
Trd, 4319594.843, 140
Trd, 4319595.143, 140
Trd, 4319595.493, 140
Trd, 4319597.093, 140
Trd, 4319598.943, 140
Trd, 4319599.693, 140
Trd, 4319600.243, 140
Trd, 4319601.143, 140
Trd, 4319601.593, 140
Trd, 4319602.693, 140
Trd, 4319602.893, 140
Trd, 4319603.193, 139
Trd, 4319604.143, 140
Trd, 4319605.593, 140
Trd, 4319606.893, 140
Trd, 4319607.043, 140
Trd, 4319607.543, 140
Trd, 4319608.643, 140
Trd, 4319609.193, 140
Trd, 4319609.743, 140
Trd, 4319610.143, 140
Trd, 4319611.043, 140
Trd, 4319611.593, 140
Trd, 4319612.493, 140
Trd, 4319612.943, 140
Trd, 4319613.243, 140
Trd, 4319614.693, 140
Trd, 4319614.793, 140
Trd, 4319615.193, 140
Trd, 4319616.093, 140
Trd, 4319616.793, 140
Trd, 4319617.993, 140
Trd, 4319618.193, 140
Trd, 4319619.343, 140
Trd, 4319619.693, 140
Trd, 4319620.493, 140
Trd, 4319620.793, 140
Trd, 4319621.643, 140
Trd, 4319623.893, 140
Trd, 4319624.893, 140
Trd, 4319625.193, 140
Trd, 4319625.593, 140
Trd, 4319626.693, 140
Trd, 4319627.093, 140
Trd, 4319627.493, 140
Trd, 4319628.793, 140
Trd, 4319629.243, 140
Trd, 4319629.993, 140
Trd, 4319631.143, 140
Trd, 4319631.443, 140
Trd, 4319632.193, 140
Trd, 4319632.443, 140
Trd, 4319634.993, 140
Trd, 4319635.993, 140
Trd, 4319636.143, 140
Trd, 4319637.093, 140
Trd, 4319637.893, 140
Trd, 4319638.493, 140
Trd, 4319638.693, 140
Trd, 4319638.943, 140
Trd, 4319639.643, 140
Trd, 4319639.693, 138
Trd, 4319642.543, 140
Trd, 4319643.143, 140
Trd, 4319643.443, 140
Trd, 4319643.993, 140
Trd, 4319644.193, 140
Trd, 4319644.293, 140
Trd, 4319644.593, 140
Trd, 4319644.693, 139
Trd, 4319645.943, 140
Trd, 4319646.393, 140
Trd, 4319647.143, 140
Trd, 4319647.793, 140
Trd, 4319648.193, 140
Trd, 4319649.543, 140
Trd, 4319649.593, 140
Trd, 4319649.893, 138
Trd, 4319650.043, 137
Trd, 4319650.743, 140
Trd, 4319651.043, 139
Trd, 4319653.293, 60
Trd, 4319654.343, 60
Trd, 4319654.393, 60
Trd, 4319655.243, 61
Trd, 4319655.693, 62
Trd, 4319658.193, 60
Trd, 4319658.893, 60
Trd, 4319660.043, 60
Trd, 4319660.293, 60
Trd, 4319660.543, 60
Trd, 4319661.393, 61
Trd, 4319661.793, 64
Trd, 4319661.843, 66
Trd, 4319662.693, 140
Trd, 4319663.893, 140
Trd, 4319664.193, 140
Trd, 4319664.443, 140
Trd, 4319664.743, 140
Trd, 4319664.893, 140
Trd, 4319665.393, 138
Trd, 4319666.443, 140
Trd, 4319667.543, 140
Trd, 4319668.493, 140
Trd, 4319669.393, 140
Trd, 4319669.443, 140
Trd, 4319670.643, 140
Trd, 4319671.943, 140
Trd, 4319671.993, 140
Trd, 4319672.193, 140
Trd, 4319673.643, 140
Trd, 4319674.093, 140
Trd, 4319674.593, 140
Trd, 4319675.393, 140
Trd, 4319676.293, 140
Trd, 4319676.443, 140
Trd, 4319677.393, 140
Trd, 4319678.493, 140
Trd, 4319679.643, 140
Trd, 4319680.093, 140
Trd, 4319680.243, 140
Trd, 4319680.943, 140
Trd, 4319681.643, 140
Trd, 4319682.093, 140
Trd, 4319682.343, 140
Trd, 4319685.093, 140
Trd, 4319687.143, 140
Trd, 4319687.293, 140
Trd, 4319687.393, 140
Trd, 4319687.443, 140
Trd, 4319688.493, 140
Trd, 4319688.693, 140
Trd, 4319689.193, 140
Trd, 4319691.043, 140
Trd, 4319691.593, 140
Trd, 4319692.193, 140
Trd, 4319692.443, 140
Trd, 4319693.843, 140
Trd, 4319693.993, 140
Trd, 4319694.493, 140
Trd, 4319695.543, 140
Trd, 4319696.243, 140
Trd, 4319696.693, 140
Trd, 4319698.943, 140
Trd, 4319699.243, 140
Trd, 4319700.793, 140
Trd, 4319700.893, 140
Trd, 4319701.043, 140
Trd, 4319701.093, 140
Trd, 4319702.243, 140
Trd, 4319702.493, 140
Trd, 4319702.593, 140
Trd, 4319704.093, 140
Trd, 4319705.193, 140
Trd, 4319705.493, 140
Trd, 4319705.643, 140
Trd, 4319706.443, 140
Trd, 4319707.193, 140
Trd, 4319707.593, 140
Trd, 4319707.893, 140
Trd, 4319709.193, 140
Trd, 4319710.393, 140
Trd, 4319710.943, 140
Trd, 4319711.293, 140
Trd, 4319711.343, 140
Trd, 4319712.043, 140
Trd, 4319713.343, 140
Trd, 4319714.093, 140
Trd, 4319715.393, 140
Trd, 4319716.293, 140
Trd, 4319717.493, 140
Trd, 4319717.793, 140
Trd, 4319717.943, 140
Trd, 4319718.593, 140
Trd, 4319719.793, 140
Trd, 4319721.193, 140
Trd, 4319721.543, 140
Trd, 4319722.143, 140
Trd, 4319722.993, 140
Trd, 4319723.243, 140
Trd, 4319724.893, 140
Trd, 4319725.443, 140
Trd, 4319726.593, 140
Trd, 4319727.393, 140
Trd, 4319727.693, 140
Trd, 4319727.843, 140
Trd, 4319728.143, 140
Trd, 4319728.743, 140
Trd, 4319729.243, 140
Trd, 4319731.093, 140
Trd, 4319731.743, 140
Trd, 4319732.843, 140
Trd, 4319732.993, 140
Trd, 4319733.393, 140
Trd, 4319735.343, 140
Trd, 4319736.293, 140
Trd, 4319736.943, 140
Trd, 4319737.293, 140
Trd, 4319739.493, 140
Trd, 4319739.593, 140
Trd, 4319740.543, 140
Trd, 4319740.793, 140
Trd, 4319740.843, 140
Trd, 4319741.643, 140
Trd, 4319742.093, 140
Trd, 4319745.193, 140
Trd, 4319745.593, 140
Trd, 4319745.843, 140
Trd, 4319745.893, 140
Trd, 4319747.093, 140
Trd, 4319747.243, 140
Trd, 4319747.693, 140
Trd, 4319750.693, 140
Trd, 4319751.743, 140
Trd, 4319752.043, 140
Trd, 4319752.343, 140
Trd, 4319752.743, 140
Trd, 4319753.293, 140
Trd, 4319754.943, 140
Trd, 4319754.993, 140
Trd, 4319755.093, 140
Trd, 4319755.843, 140
Trd, 4319756.393, 140
Trd, 4319757.243, 140
Trd, 4319758.543, 140
Trd, 4319758.893, 140
Trd, 4319759.143, 140
Trd, 4319759.193, 140
Trd, 4319759.843, 140
Trd, 4319761.493, 140
Trd, 4319762.293, 140
Trd, 4319762.693, 140
Trd, 4319763.043, 140
Trd, 4319764.143, 140
Trd, 4319765.843, 140
Trd, 4319765.893, 140
Trd, 4319767.993, 140
Trd, 4319768.193, 140
Trd, 4319768.543, 140
Trd, 4319770.643, 140
Trd, 4319770.993, 140
Trd, 4319771.093, 140
Trd, 4319771.393, 140
Trd, 4319771.443, 140
Trd, 4319772.643, 140
Trd, 4319773.593, 140
Trd, 4319775.593, 140
Trd, 4319776.093, 140
Trd, 4319776.293, 140
Trd, 4319776.843, 140
Trd, 4319777.093, 140
Trd, 4319777.843, 140
Trd, 4319778.293, 140
Trd, 4319778.693, 139
Trd, 4319779.693, 140
Trd, 4319781.443, 140
Trd, 4319781.543, 140
Trd, 4319781.993, 140
Trd, 4319783.143, 140
Trd, 4319783.293, 140
Trd, 4319784.043, 140
Trd, 4319784.643, 140
Trd, 4319786.843, 140
Trd, 4319787.143, 140
Trd, 4319789.493, 140
Trd, 4319790.093, 140
Trd, 4319791.593, 140
Trd, 4319791.693, 140
Trd, 4319792.143, 140
Trd, 4319792.343, 140
Trd, 4319792.443, 140
Trd, 4319795.143, 140
Trd, 4319795.193, 140
Trd, 4319795.343, 140
Trd, 4319795.393, 140
Trd, 4319795.493, 140
Trd, 4319798.493, 140
Trd, 4319798.543, 140
Trd, 4319799.243, 140
Trd, 4319800.943, 140
Trd, 4319801.043, 140
Trd, 4319801.243, 140
Trd, 4319803.443, 140
Trd, 4319803.543, 140
Trd, 4319804.693, 140
Trd, 4319805.293, 140
Trd, 4319805.743, 140
Trd, 4319806.243, 140
Trd, 4319807.043, 140
Trd, 4319807.493, 140
Trd, 4319808.093, 140
Trd, 4319808.243, 140
Trd, 4319808.893, 140
Trd, 4319809.243, 140
Trd, 4319809.493, 140
Trd, 4319810.393, 140
Trd, 4319810.593, 140
Trd, 4319810.693, 140
Trd, 4319811.393, 140
Trd, 4319812.043, 138
Trd, 4319812.893, 140
Trd, 4319814.043, 140
Trd, 4319815.243, 140
Trd, 4319815.693, 140
Trd, 4319816.493, 140
Trd, 4319818.793, 140
Trd, 4319819.643, 140
Trd, 4319819.743, 140
Trd, 4319820.293, 140
Trd, 4319820.643, 140
Trd, 4319822.493, 140
Trd, 4319822.843, 140
Trd, 4319825.393, 140
Trd, 4319825.543, 140
Trd, 4319826.843, 140
Trd, 4319827.843, 140
Trd, 4319827.893, 140
Trd, 4319828.743, 140
Trd, 4319828.793, 140
Trd, 4319829.993, 140
Trd, 4319830.343, 140
Trd, 4319831.143, 140
Trd, 4319833.293, 140
Trd, 4319833.393, 140
Trd, 4319833.743, 140
Trd, 4319835.343, 140
Trd, 4319835.993, 140
Trd, 4319837.243, 140
Trd, 4319837.693, 140
Trd, 4319838.293, 140
Trd, 4319838.893, 140
Trd, 4319839.193, 140
Trd, 4319839.393, 140
Trd, 4319840.843, 140
Trd, 4319843.543, 140
Trd, 4319843.993, 140
Trd, 4319844.143, 140
Trd, 4319845.293, 140
Trd, 4319846.143, 140
Trd, 4319846.743, 140
Trd, 4319847.343, 140
Trd, 4319847.693, 139
Trd, 4319848.243, 140
Trd, 4319848.493, 140
Trd, 4319849.793, 140
Trd, 4319849.943, 140
Trd, 4319851.543, 140
Trd, 4319851.993, 140
Trd, 4319852.343, 140
Trd, 4319853.543, 140
Trd, 4319854.943, 140
Trd, 4319855.593, 140
Trd, 4319856.543, 140
Trd, 4319856.743, 140
Trd, 4319857.743, 140
Trd, 4319858.993, 140
Trd, 4319860.343, 140
Trd, 4319860.643, 140
Trd, 4319860.893, 140
Trd, 4319861.093, 140
Trd, 4319862.543, 140
Trd, 4319862.643, 140
Trd, 4319863.093, 140
Trd, 4319864.893, 140
Trd, 4319865.293, 140
Trd, 4319865.443, 140
Trd, 4319866.343, 140
Trd, 4319867.893, 140
Trd, 4319868.843, 140
Trd, 4319870.743, 140
Trd, 4319871.193, 140
Trd, 4319872.843, 140
Trd, 4319874.443, 140
Trd, 4319874.493, 140
Trd, 4319874.993, 140
Trd, 4319875.593, 140
Trd, 4319875.643, 140
Trd, 4319876.393, 140
Trd, 4319878.343, 140
Trd, 4319878.943, 140
Trd, 4319879.593, 140
Trd, 4319880.943, 140
Trd, 4319881.193, 140
Trd, 4319881.393, 140
Trd, 4319883.143, 140
Trd, 4319883.393, 140
Trd, 4319884.743, 140
Trd, 4319886.293, 140
Trd, 4319886.443, 140
Trd, 4319886.593, 140
Trd, 4319887.543, 140
Trd, 4319888.793, 140
Trd, 4319889.643, 140
Trd, 4319890.043, 140
Trd, 4319891.043, 140
Trd, 4319891.243, 140
Trd, 4319892.143, 140
Trd, 4319893.043, 140
Trd, 4319893.343, 140
Trd, 4319893.543, 140
Trd, 4319894.093, 140
Trd, 4319894.643, 140
Trd, 4319895.343, 140
Trd, 4319896.643, 140
Trd, 4319896.793, 140
Trd, 4319898.043, 140
Trd, 4319898.143, 140
Trd, 4319898.693, 140
Trd, 4319898.743, 140
Trd, 4319900.343, 140
Trd, 4319900.493, 140
Trd, 4319900.993, 140
Trd, 4319901.893, 140
Trd, 4319903.293, 140
Trd, 4319903.893, 140
Trd, 4319904.693, 140
Trd, 4319905.293, 140
Trd, 4319905.593, 140
Trd, 4319906.693, 140
Trd, 4319906.843, 140
Trd, 4319908.193, 140
Trd, 4319908.343, 140
Trd, 4319908.443, 140
Trd, 4319910.893, 140
Trd, 4319911.343, 140
Trd, 4319911.893, 140
Trd, 4319912.293, 140
Trd, 4319912.543, 140
Trd, 4319913.193, 140
Trd, 4319913.793, 140
Trd, 4319915.543, 140
Trd, 4319915.893, 140
Trd, 4319916.643, 140
Trd, 4319918.443, 140
Trd, 4319919.143, 140
Trd, 4319919.943, 140
Trd, 4319920.443, 140
Trd, 4319920.493, 140
Trd, 4319920.693, 140
Trd, 4319920.993, 140
Trd, 4319921.593, 140
Trd, 4319922.493, 140
Trd, 4319926.643, 140
Trd, 4319926.743, 140
Trd, 4319926.993, 140
Trd, 4319927.493, 140
Trd, 4319927.693, 140
Trd, 4319929.243, 140
Trd, 4319929.743, 140
Trd, 4319930.493, 140
Trd, 4319931.143, 140
Trd, 4319931.493, 140
Trd, 4319932.443, 140
Trd, 4319933.943, 140
Trd, 4319934.493, 140
Trd, 4319935.143, 140
Trd, 4319936.343, 140
Trd, 4319937.143, 140
Trd, 4319937.443, 140
Trd, 4319938.093, 139
Trd, 4319939.543, 140
Trd, 4319939.993, 140
Trd, 4319941.543, 140
Trd, 4319941.943, 140
Trd, 4319942.643, 140
Trd, 4319943.343, 140
Trd, 4319943.493, 139
Trd, 4319944.743, 140
Trd, 4319944.993, 140
Trd, 4319945.743, 139
Trd, 4319946.493, 134
Trd, 4319948.443, 140
Trd, 4319949.093, 140
Trd, 4319949.143, 140
Trd, 4319949.543, 140
Trd, 4319949.693, 140
Trd, 4319949.793, 139
Trd, 4319949.993, 138
Trd, 4319952.443, 140
Trd, 4319952.893, 140
Trd, 4319952.943, 138
Trd, 4319953.943, 140
Trd, 4319955.193, 140
Trd, 4319955.243, 140
Trd, 4319955.293, 140
Trd, 4319955.643, 140
Trd, 4319956.843, 140
Trd, 4319958.193, 140
Trd, 4319958.943, 140
Trd, 4319959.693, 140
Trd, 4319960.443, 140
Trd, 4319960.793, 140
Trd, 4319960.993, 140
Trd, 4319961.343, 139
Trd, 4319962.143, 140
Trd, 4319962.543, 140
Trd, 4319964.343, 140
Trd, 4319964.893, 140
Trd, 4319965.593, 140
Trd, 4319966.393, 140
Trd, 4319967.193, 140
Trd, 4319968.093, 140
Trd, 4319969.943, 140
Trd, 4319971.093, 140
Trd, 4319971.293, 140
Trd, 4319971.943, 140
Trd, 4319973.743, 140
Trd, 4319973.793, 140
Trd, 4319975.043, 140
Trd, 4319975.293, 140
Trd, 4319976.243, 140
Trd, 4319977.443, 140
Trd, 4319978.243, 140
Trd, 4319978.843, 140
Trd, 4319979.243, 140
Trd, 4319980.443, 140
Trd, 4319980.793, 140
Trd, 4319982.243, 140
Trd, 4319982.893, 140
Trd, 4319983.093, 140
Trd, 4319983.393, 140
Trd, 4319984.243, 140
Trd, 4319985.243, 140
Trd, 4319986.193, 140
Trd, 4319987.543, 140
Trd, 4319987.743, 140
Trd, 4319987.993, 137
Trd, 4319988.593, 140
Trd, 4319989.543, 140
Trd, 4319990.543, 140
Trd, 4319990.593, 140
Trd, 4319991.743, 140
Trd, 4319992.243, 140
Trd, 4319992.543, 140
Trd, 4319992.743, 140
Trd, 4319992.793, 140
Trd, 4319993.393, 140
Trd, 4319993.993, 140
Trd, 4319994.393, 139
Trd, 4319994.593, 137
Trd, 4319996.143, 140
Trd, 4319996.693, 140
Trd, 4319997.893, 140
Trd, 4319998.543, 140
Trd, 4319999.643, 140
