Trd, 4318150.443, 60
Trd, 4318151.143, 62
Trd, 4318151.443, 66
Trd, 4318152.543, 70
Trd, 4318152.693, 76
Trd, 4318152.993, 68
Trd, 4318153.443, 66
Trd, 4318153.843, 66
Trd, 4318154.943, 86
Trd, 4318155.243, 63
Trd, 4318156.043, 61
Trd, 4318156.143, 62
Trd, 4318156.693, 64
Trd, 4318158.143, 60
Trd, 4318158.293, 60
Trd, 4318158.793, 72
Trd, 4318159.443, 62
Trd, 4318159.743, 60
Trd, 4318160.093, 60
Trd, 4318161.043, 64
Trd, 4318162.443, 70
Trd, 4318162.843, 70
Trd, 4318163.043, 76
Trd, 4318163.493, 65
Trd, 4318164.693, 70
Trd, 4318165.493, 60
Trd, 4318168.743, 60
Trd, 4318168.943, 61
Trd, 4318169.543, 60
Trd, 4318169.593, 60
Trd, 4318169.943, 62
Trd, 4318170.693, 61
Trd, 4318170.843, 62
Trd, 4318171.043, 64
Trd, 4318171.443, 68
Trd, 4318171.943, 82
Trd, 4318172.693, 71
Trd, 4318173.243, 140
Trd, 4318173.693, 140
Trd, 4318173.793, 139
Trd, 4318175.193, 89
Trd, 4318175.493, 137
Trd, 4318175.943, 90
Trd, 4318176.943, 115
Trd, 4318176.993, 114
Trd, 4318177.143, 91
Trd, 4318177.843, 140
Trd, 4318178.593, 135
Trd, 4318179.343, 132
Trd, 4318180.543, 61
Trd, 4318181.543, 62
Trd, 4318182.143, 62
Trd, 4318182.593, 62
Trd, 4318184.093, 62
Trd, 4318184.743, 62
Trd, 4318184.793, 64
Trd, 4318185.043, 60
Trd, 4318185.643, 63
Trd, 4318187.293, 60
Trd, 4318187.743, 60
Trd, 4318189.093, 60
Trd, 4318189.743, 60
Trd, 4318189.943, 60
Trd, 4318191.343, 60
Trd, 4318192.593, 60
Trd, 4318192.693, 65
Trd, 4318193.243, 63
Trd, 4318193.693, 60
Trd, 4318194.143, 60
Trd, 4318194.843, 61
Trd, 4318195.393, 62
Trd, 4318195.493, 63
Trd, 4318195.543, 62
Trd, 4318195.693, 86
Trd, 4318195.993, 64
Trd, 4318197.393, 62
Trd, 4318197.793, 77
Trd, 4318198.493, 64
Trd, 4318201.443, 60
Trd, 4318201.643, 60
Trd, 4318202.093, 60
Trd, 4318203.193, 61
Trd, 4318203.493, 68
Trd, 4318203.643, 78
Trd, 4318204.293, 63
Trd, 4318204.643, 117
Trd, 4318204.693, 62
Trd, 4318205.443, 140
Trd, 4318206.543, 140
Trd, 4318207.493, 140
Trd, 4318207.893, 140
Trd, 4318208.343, 140
Trd, 4318208.393, 140
Trd, 4318208.493, 140
Trd, 4318209.593, 140
Trd, 4318210.393, 140
Trd, 4318210.443, 140
Trd, 4318211.993, 140
Trd, 4318212.693, 140
Trd, 4318213.243, 140
Trd, 4318213.693, 140
Trd, 4318214.543, 140
Trd, 4318215.043, 140
Trd, 4318216.493, 140
Trd, 4318216.743, 140
Trd, 4318216.793, 120
Trd, 4318217.343, 140
Trd, 4318218.643, 72
Trd, 4318219.693, 62
Trd, 4318220.093, 62
Trd, 4318220.293, 89
Trd, 4318221.393, 68
Trd, 4318221.593, 112
Trd, 4318221.693, 66
Trd, 4318222.193, 135
Trd, 4318222.643, 64
Trd, 4318223.393, 67
Trd, 4318224.643, 60
Trd, 4318225.443, 61
Trd, 4318226.093, 60
Trd, 4318226.293, 61
Trd, 4318226.743, 61
Trd, 4318227.943, 61
Trd, 4318227.993, 69
Trd, 4318229.643, 67
Trd, 4318229.993, 64
Trd, 4318230.193, 62
Trd, 4318230.593, 117
Trd, 4318231.043, 61
Trd, 4318232.143, 84
Trd, 4318232.943, 140
Trd, 4318233.243, 140
Trd, 4318233.893, 140
Trd, 4318234.693, 140
Trd, 4318234.893, 140
Trd, 4318234.993, 108
Trd, 4318235.393, 82
Trd, 4318236.393, 137
Trd, 4318236.493, 140
Trd, 4318236.643, 89
Trd, 4318237.743, 139
Trd, 4318238.543, 139
Trd, 4318239.893, 129
Trd, 4318240.293, 140
Trd, 4318240.493, 92
Trd, 4318241.143, 140
Trd, 4318242.193, 140
Trd, 4318242.643, 140
Trd, 4318243.043, 139
Trd, 4318243.143, 128
Trd, 4318243.193, 91
Trd, 4318245.443, 140
Trd, 4318246.443, 140
Trd, 4318246.543, 140
Trd, 4318246.993, 140
Trd, 4318247.443, 140
Trd, 4318248.393, 140
Trd, 4318248.843, 140
Trd, 4318250.043, 140
Trd, 4318250.293, 140
Trd, 4318252.143, 140
Trd, 4318252.293, 140
Trd, 4318252.943, 140
Trd, 4318254.243, 140
Trd, 4318255.493, 140
Trd, 4318256.343, 140
Trd, 4318256.693, 140
Trd, 4318256.843, 140
Trd, 4318257.293, 140
Trd, 4318257.643, 137
Trd, 4318257.843, 102
Trd, 4318259.443, 140
Trd, 4318259.693, 140
Trd, 4318260.243, 139
Trd, 4318260.543, 137
Trd, 4318261.243, 140
Trd, 4318262.643, 140
Trd, 4318262.943, 140
Trd, 4318264.043, 140
Trd, 4318264.293, 140
Trd, 4318264.993, 140
Trd, 4318265.543, 140
Trd, 4318265.843, 140
Trd, 4318266.143, 138
Trd, 4318266.693, 139
Trd, 4318267.193, 139
Trd, 4318267.343, 123
Trd, 4318268.343, 115
Trd, 4318268.743, 114
Trd, 4318270.293, 66
Trd, 4318270.743, 66
Trd, 4318270.793, 67
Trd, 4318270.893, 69
Trd, 4318271.193, 68
Trd, 4318271.943, 138
Trd, 4318272.693, 139
Trd, 4318272.993, 92
Trd, 4318273.893, 64
Trd, 4318276.193, 65
Trd, 4318276.643, 63
Trd, 4318277.543, 61
Trd, 4318278.243, 62
Trd, 4318278.443, 62
Trd, 4318278.993, 60
Trd, 4318279.743, 60
Trd, 4318279.993, 61
Trd, 4318280.243, 62
Trd, 4318280.543, 61
Trd, 4318281.743, 124
Trd, 4318282.643, 61
Trd, 4318282.943, 66
Trd, 4318284.593, 60
Trd, 4318284.943, 63
Trd, 4318285.993, 60
Trd, 4318286.893, 60
Trd, 4318287.343, 60
Trd, 4318288.443, 60
Trd, 4318288.693, 61
Trd, 4318288.793, 62
Trd, 4318290.443, 60
Trd, 4318290.943, 61
Trd, 4318291.393, 60
Trd, 4318292.643, 61
Trd, 4318292.693, 71
Trd, 4318293.493, 62
Trd, 4318294.343, 66
Trd, 4318294.893, 68
Trd, 4318295.393, 67
Trd, 4318295.443, 66
Trd, 4318296.043, 72
Trd, 4318297.293, 60
Trd, 4318297.343, 60
Trd, 4318297.993, 64
Trd, 4318298.543, 60
Trd, 4318299.893, 60
Trd, 4318300.393, 60
Trd, 4318301.643, 61
Trd, 4318301.793, 68
Trd, 4318302.793, 63
Trd, 4318303.343, 62
Trd, 4318303.943, 66
Trd, 4318305.943, 61
Trd, 4318306.593, 61
Trd, 4318306.793, 64
Trd, 4318306.993, 61
Trd, 4318307.543, 71
Trd, 4318307.793, 70
Trd, 4318308.543, 62
Trd, 4318309.543, 61
Trd, 4318309.893, 61
Trd, 4318310.093, 62
Trd, 4318310.143, 60
Trd, 4318310.793, 61
Trd, 4318311.343, 65
Trd, 4318312.793, 60
Trd, 4318313.443, 62
Trd, 4318315.143, 60
Trd, 4318315.193, 60
Trd, 4318316.143, 61
Trd, 4318316.893, 61
Trd, 4318317.493, 60
Trd, 4318318.093, 60
Trd, 4318318.843, 61
Trd, 4318319.343, 61
Trd, 4318320.693, 60
Trd, 4318322.143, 60
Trd, 4318322.343, 60
Trd, 4318322.993, 60
Trd, 4318324.843, 60
Trd, 4318324.943, 61
Trd, 4318325.143, 62
Trd, 4318325.293, 64
Trd, 4318326.043, 62
Trd, 4318326.643, 63
Trd, 4318326.693, 64
Trd, 4318326.993, 64
Trd, 4318328.193, 63
Trd, 4318328.343, 66
Trd, 4318328.743, 63
Trd, 4318329.093, 60
Trd, 4318329.493, 61
Trd, 4318329.693, 71
Trd, 4318329.793, 75
Trd, 4318332.443, 60
Trd, 4318332.543, 66
Trd, 4318332.743, 62
Trd, 4318333.193, 79
Trd, 4318333.643, 61
Trd, 4318335.193, 60
Trd, 4318335.793, 62
Trd, 4318337.193, 60
Trd, 4318337.543, 62
Trd, 4318337.893, 60
Trd, 4318339.643, 63
Trd, 4318340.543, 60
Trd, 4318342.593, 60
Trd, 4318342.843, 60
Trd, 4318343.743, 60
Trd, 4318343.993, 60
Trd, 4318344.293, 71
Trd, 4318344.943, 76
Trd, 4318345.293, 67
Trd, 4318345.793, 106
Trd, 4318345.943, 66
Trd, 4318346.743, 90
Trd, 4318347.843, 60
Trd, 4318349.243, 60
Trd, 4318349.393, 60
Trd, 4318350.193, 60
Trd, 4318351.293, 60
Trd, 4318352.693, 60
Trd, 4318353.443, 61
Trd, 4318354.193, 60
Trd, 4318354.893, 64
Trd, 4318355.193, 61
Trd, 4318356.143, 60
Trd, 4318357.293, 61
Trd, 4318357.643, 62
Trd, 4318359.093, 60
Trd, 4318360.243, 60
Trd, 4318360.493, 62
Trd, 4318361.243, 61
Trd, 4318362.293, 61
Trd, 4318362.493, 61
Trd, 4318363.343, 62
Trd, 4318363.543, 60
Trd, 4318363.743, 61
Trd, 4318364.143, 62
Trd, 4318364.693, 60
Trd, 4318364.843, 63
Trd, 4318366.143, 60
Trd, 4318367.093, 62
Trd, 4318369.043, 61
Trd, 4318369.243, 70
Trd, 4318369.943, 63
Trd, 4318370.093, 62
Trd, 4318370.593, 63
Trd, 4318371.143, 63
Trd, 4318371.343, 65
Trd, 4318371.593, 62
Trd, 4318373.443, 60
Trd, 4318373.743, 61
Trd, 4318374.543, 63
Trd, 4318375.893, 60
Trd, 4318376.693, 60
Trd, 4318376.943, 62
Trd, 4318378.393, 61
Trd, 4318378.443, 62
Trd, 4318378.593, 62
Trd, 4318379.043, 60
Trd, 4318379.143, 60
Trd, 4318380.893, 140
Trd, 4318381.143, 140
Trd, 4318381.193, 139
Trd, 4318382.993, 140
Trd, 4318383.243, 140
Trd, 4318384.293, 140
Trd, 4318384.643, 140
Trd, 4318385.293, 140
Trd, 4318385.693, 139
Trd, 4318386.143, 140
Trd, 4318386.893, 139
Trd, 4318387.143, 61
Trd, 4318387.443, 121
Trd, 4318389.243, 71
Trd, 4318389.343, 72
Trd, 4318389.943, 93
Trd, 4318390.193, 86
Trd, 4318391.193, 61
Trd, 4318391.543, 64
Trd, 4318391.893, 63
Trd, 4318392.293, 77
Trd, 4318394.393, 63
Trd, 4318395.743, 60
Trd, 4318396.093, 60
Trd, 4318396.743, 61
Trd, 4318398.543, 60
Trd, 4318398.943, 61
Trd, 4318399.343, 61
Trd, 4318400.243, 60
Trd, 4318400.643, 61
Trd, 4318401.443, 61
Trd, 4318401.743, 62
Trd, 4318403.343, 60
Trd, 4318403.743, 61
Trd, 4318404.243, 60
Trd, 4318404.293, 65
Trd, 4318405.593, 60
Trd, 4318406.293, 60
Trd, 4318406.693, 62
Trd, 4318408.543, 63
Trd, 4318409.293, 61
Trd, 4318409.643, 60
Trd, 4318410.793, 60
Trd, 4318411.843, 60
Trd, 4318411.993, 60
Trd, 4318412.393, 60
Trd, 4318413.993, 60
Trd, 4318414.993, 60
Trd, 4318415.043, 61
Trd, 4318416.193, 60
Trd, 4318416.743, 60
Trd, 4318417.093, 60
Trd, 4318417.343, 65
Trd, 4318417.693, 60
Trd, 4318418.643, 65
Trd, 4318419.043, 73
Trd, 4318420.443, 61
Trd, 4318420.993, 139
Trd, 4318421.543, 140
Trd, 4318421.593, 139
Trd, 4318422.093, 140
Trd, 4318422.493, 140
Trd, 4318423.543, 60
Trd, 4318424.693, 60
Trd, 4318425.443, 64
Trd, 4318425.793, 60
Trd, 4318426.593, 138
Trd, 4318426.793, 137
Trd, 4318428.543, 98
Trd, 4318428.893, 97
Trd, 4318429.293, 96
Trd, 4318429.443, 140
Trd, 4318429.943, 93
Trd, 4318430.443, 93
Trd, 4318430.593, 94
Trd, 4318430.943, 92
Trd, 4318431.443, 60
Trd, 4318433.843, 60
Trd, 4318434.193, 62
Trd, 4318434.343, 63
Trd, 4318434.543, 60
Trd, 4318434.693, 66
Trd, 4318434.993, 61
Trd, 4318435.193, 66
Trd, 4318437.093, 67
Trd, 4318437.693, 67
Trd, 4318437.743, 68
Trd, 4318438.093, 63
Trd, 4318438.693, 61
Trd, 4318440.193, 60
Trd, 4318440.793, 68
Trd, 4318441.543, 61
Trd, 4318442.243, 60
Trd, 4318442.693, 62
Trd, 4318443.193, 140
Trd, 4318443.843, 62
Trd, 4318444.393, 86
Trd, 4318444.493, 64
Trd, 4318445.343, 101
Trd, 4318445.743, 81
Trd, 4318446.293, 138
Trd, 4318448.493, 140
Trd, 4318448.893, 140
Trd, 4318448.943, 140
Trd, 4318449.043, 140
Trd, 4318450.343, 140
Trd, 4318450.643, 139
Trd, 4318451.443, 101
Trd, 4318451.493, 71
Trd, 4318453.093, 140
Trd, 4318454.393, 140
Trd, 4318455.093, 140
Trd, 4318455.343, 140
Trd, 4318455.493, 140
Trd, 4318456.243, 140
Trd, 4318457.493, 140
Trd, 4318458.343, 140
Trd, 4318458.693, 140
Trd, 4318459.643, 140
Trd, 4318459.993, 140
Trd, 4318460.493, 140
Trd, 4318460.843, 140
Trd, 4318461.343, 140
Trd, 4318461.443, 140
Trd, 4318461.793, 140
Trd, 4318462.243, 140
Trd, 4318463.593, 140
Trd, 4318464.643, 140
Trd, 4318465.443, 140
Trd, 4318466.493, 140
Trd, 4318466.793, 140
Trd, 4318467.143, 140
Trd, 4318467.693, 140
Trd, 4318468.543, 140
Trd, 4318469.493, 140
Trd, 4318470.143, 140
Trd, 4318470.743, 140
Trd, 4318471.093, 140
Trd, 4318471.743, 140
Trd, 4318472.993, 140
Trd, 4318474.643, 140
Trd, 4318475.043, 140
Trd, 4318475.543, 140
Trd, 4318475.993, 140
Trd, 4318476.343, 140
Trd, 4318476.393, 138
Trd, 4318477.143, 139
Trd, 4318477.693, 117
Trd, 4318478.093, 135
Trd, 4318479.643, 101
Trd, 4318480.143, 137
Trd, 4318481.943, 140
Trd, 4318482.643, 140
Trd, 4318482.693, 122
Trd, 4318483.543, 139
Trd, 4318484.843, 140
Trd, 4318484.893, 140
Trd, 4318484.993, 140
Trd, 4318485.743, 139
Trd, 4318487.093, 140
Trd, 4318488.493, 140
Trd, 4318489.293, 140
Trd, 4318489.943, 140
Trd, 4318489.993, 140
Trd, 4318491.093, 140
Trd, 4318491.343, 140
Trd, 4318492.793, 140
Trd, 4318493.193, 140
Trd, 4318493.443, 140
Trd, 4318493.993, 140
Trd, 4318494.243, 140
Trd, 4318494.543, 140
Trd, 4318495.493, 139
Trd, 4318495.743, 119
Trd, 4318497.143, 77
Trd, 4318498.443, 127
Trd, 4318498.893, 135
Trd, 4318499.293, 140
Trd, 4318499.943, 130
Trd, 4318500.793, 140
Trd, 4318501.243, 140
Trd, 4318501.443, 139
Trd, 4318502.343, 138
Trd, 4318502.743, 140
Trd, 4318503.543, 68
Trd, 4318503.993, 63
Trd, 4318504.843, 61
Trd, 4318505.443, 64
Trd, 4318506.093, 98
Trd, 4318506.743, 101
Trd, 4318507.643, 113
Trd, 4318508.343, 113
Trd, 4318508.943, 115
Trd, 4318509.843, 140
Trd, 4318510.643, 140
Trd, 4318510.993, 140
Trd, 4318512.843, 140
Trd, 4318512.943, 139
Trd, 4318513.293, 140
Trd, 4318513.443, 140
Trd, 4318514.543, 140
Trd, 4318514.643, 139
Trd, 4318514.743, 139
Trd, 4318515.093, 123
Trd, 4318516.993, 140
Trd, 4318517.243, 140
Trd, 4318517.943, 140
Trd, 4318519.193, 140
Trd, 4318519.993, 140
Trd, 4318520.893, 140
Trd, 4318521.843, 140
Trd, 4318522.293, 140
Trd, 4318523.293, 140
Trd, 4318523.593, 140
Trd, 4318524.243, 140
Trd, 4318525.343, 140
Trd, 4318525.993, 140
Trd, 4318526.143, 139
Trd, 4318527.293, 140
Trd, 4318527.793, 139
Trd, 4318528.193, 140
Trd, 4318528.943, 139
Trd, 4318529.693, 138
Trd, 4318529.743, 137
Trd, 4318529.893, 111
Trd, 4318532.443, 140
Trd, 4318532.493, 140
Trd, 4318533.143, 140
Trd, 4318533.343, 140
Trd, 4318533.393, 140
Trd, 4318534.793, 140
Trd, 4318534.943, 135
Trd, 4318535.743, 71
Trd, 4318536.693, 140
Trd, 4318537.493, 140
Trd, 4318538.343, 138
Trd, 4318538.543, 125
Trd, 4318539.143, 120
Trd, 4318539.643, 140
Trd, 4318541.443, 60
Trd, 4318541.843, 60
Trd, 4318542.193, 60
Trd, 4318542.443, 69
Trd, 4318542.943, 70
Trd, 4318544.793, 60
Trd, 4318545.493, 63
Trd, 4318545.693, 61
Trd, 4318546.293, 64
Trd, 4318547.193, 68
Trd, 4318547.593, 73
Trd, 4318548.193, 66
Trd, 4318548.743, 73
Trd, 4318549.693, 65
Trd, 4318550.043, 64
Trd, 4318550.693, 62
Trd, 4318551.643, 61
Trd, 4318553.343, 60
Trd, 4318553.693, 61
Trd, 4318554.643, 60
Trd, 4318556.043, 60
Trd, 4318556.943, 60
Trd, 4318557.093, 61
Trd, 4318558.593, 60
Trd, 4318559.093, 61
Trd, 4318560.793, 63
Trd, 4318560.943, 65
Trd, 4318561.643, 70
Trd, 4318562.193, 140
Trd, 4318562.393, 140
Trd, 4318562.493, 138
Trd, 4318563.993, 140
Trd, 4318564.193, 140
Trd, 4318564.393, 140
Trd, 4318564.593, 140
Trd, 4318565.093, 139
Trd, 4318565.593, 140
Trd, 4318566.793, 67
Trd, 4318567.293, 62
Trd, 4318567.793, 71
Trd, 4318568.193, 65
Trd, 4318568.993, 60
Trd, 4318569.593, 73
Trd, 4318571.793, 60
Trd, 4318572.093, 63
Trd, 4318572.143, 60
Trd, 4318573.043, 61
Trd, 4318573.243, 61
Trd, 4318573.943, 62
Trd, 4318574.793, 63
Trd, 4318575.693, 65
Trd, 4318575.943, 72
Trd, 4318576.143, 72
Trd, 4318577.643, 64
Trd, 4318578.343, 60
Trd, 4318578.743, 61
Trd, 4318579.443, 61
Trd, 4318579.693, 64
Trd, 4318579.843, 63
Trd, 4318580.493, 65
Trd, 4318580.943, 66
Trd, 4318581.643, 65
Trd, 4318582.643, 75
Trd, 4318583.143, 66
Trd, 4318583.343, 66
Trd, 4318583.793, 140
Trd, 4318584.643, 138
Trd, 4318586.593, 140
Trd, 4318586.843, 140
Trd, 4318587.743, 140
Trd, 4318587.893, 139
Trd, 4318588.743, 140
Trd, 4318589.393, 140
Trd, 4318589.593, 140
Trd, 4318589.693, 140
Trd, 4318590.343, 140
Trd, 4318590.793, 140
Trd, 4318592.843, 140
Trd, 4318593.643, 140
Trd, 4318593.993, 139
Trd, 4318594.243, 138
Trd, 4318595.193, 140
Trd, 4318595.893, 140
Trd, 4318596.343, 133
Trd, 4318597.843, 140
Trd, 4318598.193, 140
Trd, 4318598.343, 140
Trd, 4318598.843, 140
Trd, 4318600.093, 140
Trd, 4318601.243, 140
Trd, 4318601.343, 140
Trd, 4318602.793, 61
Trd, 4318603.043, 60
Trd, 4318603.143, 60
Trd, 4318604.743, 60
Trd, 4318604.793, 60
Trd, 4318605.843, 62
Trd, 4318607.043, 64
Trd, 4318607.393, 66
Trd, 4318607.843, 60
Trd, 4318608.943, 64
Trd, 4318609.043, 69
Trd, 4318609.393, 66
Trd, 4318610.743, 111
Trd, 4318610.843, 67
Trd, 4318612.293, 82
Trd, 4318612.393, 68
Trd, 4318612.743, 66
Trd, 4318613.043, 67
Trd, 4318613.143, 139
Trd, 4318615.043, 60
Trd, 4318615.293, 60
Trd, 4318616.443, 60
Trd, 4318616.493, 60
Trd, 4318616.793, 67
Trd, 4318617.793, 60
Trd, 4318618.643, 60
Trd, 4318619.093, 61
Trd, 4318619.893, 60
Trd, 4318619.943, 63
Trd, 4318620.793, 60
Trd, 4318622.693, 61
Trd, 4318622.793, 63
Trd, 4318623.593, 61
Trd, 4318624.143, 63
Trd, 4318624.393, 62
Trd, 4318625.293, 60
Trd, 4318627.543, 60
Trd, 4318627.793, 60
Trd, 4318628.243, 63
Trd, 4318629.143, 62
Trd, 4318629.643, 60
Trd, 4318629.943, 61
Trd, 4318630.993, 63
Trd, 4318631.543, 66
Trd, 4318631.943, 67
Trd, 4318632.193, 71
Trd, 4318632.293, 82
Trd, 4318632.343, 66
Trd, 4318633.343, 66
Trd, 4318633.993, 71
Trd, 4318634.493, 73
Trd, 4318635.593, 60
Trd, 4318637.343, 60
Trd, 4318637.393, 60
Trd, 4318637.893, 64
Trd, 4318638.693, 61
Trd, 4318638.943, 65
Trd, 4318639.093, 65
Trd, 4318639.393, 65
Trd, 4318639.943, 66
Trd, 4318640.593, 64
Trd, 4318640.893, 71
Trd, 4318641.593, 93
Trd, 4318643.493, 60
Trd, 4318643.893, 60
Trd, 4318644.343, 60
Trd, 4318644.393, 61
Trd, 4318644.643, 63
Trd, 4318645.543, 67
Trd, 4318645.593, 63
Trd, 4318645.743, 73
Trd, 4318646.693, 75
Trd, 4318647.843, 89
Trd, 4318647.943, 69
Trd, 4318649.243, 89
Trd, 4318649.643, 60
Trd, 4318651.093, 64
Trd, 4318652.093, 60
Trd, 4318652.743, 60
Trd, 4318653.543, 60
Trd, 4318654.043, 60
Trd, 4318654.193, 61
Trd, 4318656.293, 60
Trd, 4318656.493, 61
Trd, 4318656.643, 64
Trd, 4318657.093, 63
Trd, 4318657.243, 63
Trd, 4318658.293, 62
Trd, 4318658.393, 63
Trd, 4318659.093, 67
Trd, 4318661.243, 60
Trd, 4318661.393, 60
Trd, 4318662.193, 60
Trd, 4318663.143, 60
Trd, 4318663.443, 60
Trd, 4318664.143, 60
Trd, 4318665.343, 60
Trd, 4318665.543, 60
Trd, 4318667.093, 60
Trd, 4318667.843, 60
Trd, 4318667.943, 60
Trd, 4318668.443, 60
Trd, 4318669.393, 60
Trd, 4318670.593, 62
Trd, 4318670.643, 61
Trd, 4318671.493, 70
Trd, 4318671.543, 72
Trd, 4318671.943, 62
Trd, 4318672.743, 61
Trd, 4318672.793, 60
Trd, 4318673.493, 61
Trd, 4318673.793, 94
Trd, 4318674.143, 61
Trd, 4318675.643, 60
Trd, 4318675.693, 60
Trd, 4318678.193, 60
Trd, 4318678.643, 62
Trd, 4318678.843, 63
Trd, 4318679.193, 63
Trd, 4318680.343, 62
Trd, 4318681.193, 61
Trd, 4318681.593, 62
Trd, 4318683.543, 63
Trd, 4318683.743, 64
Trd, 4318683.843, 64
Trd, 4318684.243, 140
Trd, 4318685.593, 86
Trd, 4318685.693, 85
Trd, 4318687.493, 140
Trd, 4318687.543, 138
Trd, 4318688.393, 139
Trd, 4318688.743, 122
Trd, 4318690.743, 60
Trd, 4318691.043, 60
Trd, 4318691.243, 60
Trd, 4318691.543, 62
Trd, 4318691.693, 63
Trd, 4318691.943, 60
Trd, 4318692.493, 69
Trd, 4318693.193, 65
Trd, 4318693.243, 61
Trd, 4318693.793, 62
Trd, 4318694.293, 81
Trd, 4318695.143, 91
Trd, 4318695.493, 66
Trd, 4318696.043, 74
Trd, 4318696.843, 65
Trd, 4318697.393, 86
Trd, 4318697.793, 70
Trd, 4318698.193, 65
Trd, 4318698.643, 105
Trd, 4318699.293, 75
Trd, 4318700.143, 62
Trd, 4318701.693, 60
Trd, 4318702.393, 63
Trd, 4318703.743, 63
Trd, 4318704.093, 65
Trd, 4318705.343, 60
Trd, 4318705.943, 61
Trd, 4318706.743, 62
Trd, 4318707.943, 60
Trd, 4318708.193, 66
Trd, 4318708.393, 68
Trd, 4318709.393, 62
Trd, 4318709.543, 63
Trd, 4318710.843, 61
Trd, 4318710.943, 62
Trd, 4318711.543, 61
Trd, 4318711.743, 62
Trd, 4318712.143, 75
Trd, 4318712.693, 77
Trd, 4318712.843, 64
Trd, 4318713.693, 60
Trd, 4318715.043, 60
Trd, 4318715.243, 60
Trd, 4318715.643, 61
Trd, 4318717.293, 60
Trd, 4318717.793, 64
Trd, 4318718.793, 62
Trd, 4318721.243, 60
Trd, 4318721.393, 60
Trd, 4318721.893, 60
Trd, 4318722.743, 60
Trd, 4318722.893, 61
Trd, 4318724.043, 67
Trd, 4318724.143, 61
Trd, 4318724.593, 63
Trd, 4318724.843, 134
Trd, 4318724.993, 134
Trd, 4318725.143, 134
Trd, 4318726.643, 140
Trd, 4318727.643, 140
Trd, 4318727.993, 140
Trd, 4318728.843, 140
Trd, 4318729.643, 140
Trd, 4318729.893, 140
Trd, 4318730.243, 135
Trd, 4318730.693, 84
Trd, 4318731.293, 139
Trd, 4318731.593, 61
Trd, 4318732.143, 101
Trd, 4318733.493, 64
Trd, 4318733.993, 65
Trd, 4318735.043, 62
Trd, 4318736.443, 60
Trd, 4318736.493, 69
Trd, 4318738.593, 66
Trd, 4318738.793, 67
Trd, 4318738.843, 65
Trd, 4318739.543, 61
Trd, 4318739.743, 68
Trd, 4318740.043, 73
Trd, 4318740.593, 62
Trd, 4318741.393, 68
Trd, 4318741.493, 62
Trd, 4318742.093, 66
Trd, 4318743.193, 67
Trd, 4318743.593, 60
Trd, 4318744.343, 66
Trd, 4318744.943, 74
Trd, 4318745.243, 64
Trd, 4318745.493, 61
Trd, 4318746.493, 64
Trd, 4318747.143, 69
Trd, 4318747.593, 68
Trd, 4318748.543, 140
Trd, 4318748.893, 140
Trd, 4318748.943, 140
Trd, 4318749.343, 64
Trd, 4318751.093, 140
Trd, 4318751.443, 140
Trd, 4318751.593, 140
Trd, 4318752.593, 60
Trd, 4318752.643, 61
Trd, 4318753.743, 60
Trd, 4318754.343, 60
Trd, 4318755.193, 60
Trd, 4318755.393, 61
Trd, 4318755.443, 66
Trd, 4318756.643, 74
Trd, 4318757.443, 60
Trd, 4318758.643, 62
Trd, 4318758.693, 69
Trd, 4318760.143, 60
Trd, 4318760.393, 60
Trd, 4318761.343, 64
Trd, 4318761.593, 65
Trd, 4318761.993, 66
Trd, 4318762.543, 65
Trd, 4318762.793, 66
Trd, 4318763.243, 63
Trd, 4318765.543, 140
Trd, 4318766.493, 140
Trd, 4318766.643, 140
Trd, 4318766.743, 140
Trd, 4318767.043, 139
Trd, 4318768.243, 61
Trd, 4318768.493, 65
Trd, 4318770.493, 60
Trd, 4318771.643, 60
Trd, 4318772.793, 60
Trd, 4318772.943, 60
Trd, 4318774.093, 60
Trd, 4318774.493, 62
Trd, 4318775.093, 60
Trd, 4318775.193, 68
Trd, 4318776.093, 65
Trd, 4318777.293, 60
Trd, 4318777.493, 64
Trd, 4318777.693, 137
Trd, 4318778.193, 63
Trd, 4318779.893, 61
Trd, 4318780.793, 61
Trd, 4318781.093, 61
Trd, 4318781.293, 60
Trd, 4318781.443, 62
Trd, 4318781.793, 61
Trd, 4318782.243, 62
Trd, 4318782.393, 140
Trd, 4318783.193, 61
Trd, 4318783.993, 62
Trd, 4318784.493, 63
Trd, 4318785.143, 61
Trd, 4318786.343, 61
Trd, 4318787.393, 60
Trd, 4318789.093, 60
Trd, 4318789.143, 60
Trd, 4318789.443, 70
Trd, 4318789.543, 140
Trd, 4318789.643, 61
Trd, 4318790.193, 60
Trd, 4318791.393, 60
Trd, 4318791.593, 65
Trd, 4318791.743, 65
Trd, 4318793.943, 60
Trd, 4318794.293, 60
Trd, 4318795.343, 60
Trd, 4318795.693, 64
Trd, 4318797.793, 60
Trd, 4318798.643, 61
Trd, 4318798.993, 64
Trd, 4318800.093, 63
Trd, 4318800.143, 62
Trd, 4318800.943, 61
Trd, 4318800.993, 62
Trd, 4318801.243, 66
Trd, 4318802.243, 63
Trd, 4318802.393, 69
Trd, 4318803.893, 137
Trd, 4318804.043, 136
Trd, 4318804.743, 91
Trd, 4318805.293, 129
Trd, 4318806.093, 140
Trd, 4318806.843, 140
Trd, 4318807.443, 140
Trd, 4318807.893, 140
Trd, 4318809.143, 140
Trd, 4318809.643, 140
Trd, 4318810.743, 140
Trd, 4318811.393, 140
Trd, 4318812.093, 140
Trd, 4318812.293, 139
Trd, 4318812.543, 135
Trd, 4318813.593, 60
Trd, 4318815.493, 60
Trd, 4318815.693, 62
Trd, 4318815.743, 62
Trd, 4318817.193, 60
Trd, 4318817.693, 62
Trd, 4318817.743, 63
Trd, 4318819.493, 61
Trd, 4318819.843, 62
Trd, 4318819.993, 61
Trd, 4318820.193, 63
Trd, 4318820.443, 61
Trd, 4318820.593, 71
Trd, 4318822.843, 60
Trd, 4318823.143, 60
Trd, 4318824.993, 61
Trd, 4318825.693, 61
Trd, 4318826.693, 60
Trd, 4318827.293, 60
Trd, 4318827.793, 60
Trd, 4318828.143, 65
Trd, 4318829.393, 60
Trd, 4318831.493, 60
Trd, 4318831.643, 62
Trd, 4318831.943, 61
Trd, 4318832.693, 62
Trd, 4318832.993, 60
Trd, 4318833.293, 60
Trd, 4318833.493, 60
Trd, 4318834.493, 64
Trd, 4318835.443, 61
Trd, 4318836.243, 62
Trd, 4318836.493, 64
Trd, 4318837.693, 61
Trd, 4318838.743, 60
Trd, 4318839.843, 61
Trd, 4318840.543, 60
Trd, 4318840.743, 60
Trd, 4318842.093, 61
Trd, 4318842.193, 61
Trd, 4318843.843, 60
Trd, 4318845.243, 71
Trd, 4318845.843, 71
Trd, 4318845.943, 70
Trd, 4318846.093, 116
Trd, 4318846.593, 139
Trd, 4318846.643, 101
Trd, 4318847.543, 137
Trd, 4318848.343, 119
Trd, 4318848.543, 117
Trd, 4318848.743, 116
Trd, 4318848.993, 121
Trd, 4318850.643, 140
Trd, 4318851.143, 139
Trd, 4318851.243, 120
Trd, 4318852.443, 140
Trd, 4318853.293, 140
Trd, 4318853.343, 139
Trd, 4318853.693, 122
Trd, 4318853.993, 121
Trd, 4318855.643, 140
Trd, 4318856.393, 140
Trd, 4318856.943, 139
Trd, 4318857.443, 140
Trd, 4318857.793, 140
Trd, 4318858.543, 140
Trd, 4318859.293, 136
Trd, 4318860.193, 140
Trd, 4318860.993, 140
Trd, 4318861.243, 139
Trd, 4318861.543, 140
Trd, 4318862.143, 140
Trd, 4318863.443, 140
Trd, 4318864.593, 140
Trd, 4318865.643, 140
Trd, 4318865.943, 139
Trd, 4318866.443, 140
Trd, 4318866.743, 140
Trd, 4318866.993, 140
Trd, 4318867.843, 60
Trd, 4318869.193, 60
Trd, 4318869.293, 61
Trd, 4318869.993, 63
Trd, 4318870.143, 67
Trd, 4318871.693, 61
Trd, 4318871.993, 62
Trd, 4318872.293, 63
Trd, 4318872.693, 62
Trd, 4318872.843, 63
Trd, 4318873.043, 65
Trd, 4318873.393, 69
Trd, 4318874.993, 62
Trd, 4318876.393, 61
Trd, 4318876.843, 61
Trd, 4318877.143, 60
Trd, 4318879.393, 60
Trd, 4318880.143, 60
Trd, 4318880.893, 60
Trd, 4318881.043, 60
Trd, 4318881.993, 62
Trd, 4318882.243, 60
Trd, 4318884.393, 60
Trd, 4318884.943, 63
Trd, 4318886.043, 67
Trd, 4318887.043, 65
Trd, 4318887.093, 67
Trd, 4318887.343, 72
Trd, 4318887.393, 64
Trd, 4318888.243, 68
Trd, 4318888.693, 71
Trd, 4318888.743, 73
Trd, 4318888.943, 74
Trd, 4318889.293, 139
Trd, 4318889.343, 71
Trd, 4318890.793, 140
Trd, 4318891.693, 140
Trd, 4318892.693, 140
Trd, 4318893.293, 140
Trd, 4318893.793, 140
Trd, 4318893.893, 140
Trd, 4318894.043, 140
Trd, 4318894.843, 109
Trd, 4318896.593, 60
Trd, 4318897.193, 61
Trd, 4318898.443, 60
Trd, 4318899.643, 60
Trd, 4318900.593, 60
Trd, 4318900.943, 60
Trd, 4318901.143, 60
Trd, 4318901.943, 60
Trd, 4318902.843, 60
Trd, 4318904.343, 62
Trd, 4318905.493, 60
Trd, 4318905.993, 61
Trd, 4318907.293, 60
Trd, 4318908.893, 60
Trd, 4318909.993, 61
Trd, 4318910.193, 67
Trd, 4318910.493, 71
Trd, 4318910.893, 63
Trd, 4318911.343, 61
Trd, 4318911.743, 60
Trd, 4318911.793, 60
Trd, 4318911.993, 61
Trd, 4318912.793, 63
Trd, 4318913.543, 62
Trd, 4318914.043, 119
Trd, 4318914.443, 64
Trd, 4318914.743, 63
Trd, 4318915.993, 62
Trd, 4318916.843, 72
Trd, 4318916.893, 76
Trd, 4318918.643, 62
Trd, 4318918.993, 67
Trd, 4318919.543, 119
Trd, 4318922.193, 60
Trd, 4318922.943, 60
Trd, 4318923.693, 60
Trd, 4318924.843, 60
Trd, 4318925.143, 60
Trd, 4318925.793, 60
Trd, 4318925.893, 60
Trd, 4318926.043, 60
Trd, 4318927.043, 60
Trd, 4318927.443, 62
Trd, 4318927.893, 63
Trd, 4318928.243, 139
Trd, 4318928.743, 140
Trd, 4318929.343, 140
Trd, 4318929.593, 139
Trd, 4318930.093, 138
Trd, 4318933.593, 60
Trd, 4318933.943, 60
Trd, 4318934.043, 61
Trd, 4318934.093, 63
Trd, 4318934.143, 63
Trd, 4318934.543, 60
Trd, 4318936.643, 60
Trd, 4318937.693, 60
Trd, 4318937.793, 60
Trd, 4318938.993, 60
Trd, 4318939.043, 60
Trd, 4318939.393, 62
Trd, 4318939.493, 60
Trd, 4318939.593, 61
Trd, 4318940.093, 61
Trd, 4318941.693, 60
Trd, 4318942.793, 63
Trd, 4318943.043, 60
Trd, 4318944.343, 60
Trd, 4318944.493, 60
Trd, 4318945.043, 64
Trd, 4318946.143, 63
Trd, 4318947.193, 60
Trd, 4318948.743, 60
Trd, 4318949.243, 60
Trd, 4318950.693, 60
Trd, 4318951.143, 60
Trd, 4318951.393, 61
Trd, 4318951.843, 60
Trd, 4318952.793, 62
Trd, 4318953.393, 60
Trd, 4318954.093, 61
Trd, 4318954.343, 62
Trd, 4318954.693, 62
Trd, 4318955.343, 61
Trd, 4318956.593, 61
Trd, 4318956.893, 60
Trd, 4318957.093, 60
Trd, 4318957.643, 63
Trd, 4318957.993, 64
Trd, 4318958.243, 75
Trd, 4318958.443, 89
Trd, 4318959.393, 64
Trd, 4318960.293, 65
Trd, 4318960.393, 64
Trd, 4318961.193, 60
Trd, 4318962.543, 62
Trd, 4318963.593, 62
Trd, 4318963.993, 61
Trd, 4318964.493, 64
Trd, 4318965.193, 64
Trd, 4318965.393, 62
Trd, 4318965.993, 60
Trd, 4318966.343, 60
Trd, 4318966.893, 60
Trd, 4318968.443, 80
Trd, 4318968.993, 140
Trd, 4318969.043, 85
Trd, 4318969.893, 60
Trd, 4318971.793, 63
Trd, 4318972.443, 65
Trd, 4318973.193, 66
Trd, 4318973.293, 65
Trd, 4318973.643, 67
Trd, 4318975.393, 64
Trd, 4318976.893, 61
Trd, 4318976.993, 63
Trd, 4318977.143, 62
Trd, 4318977.693, 61
Trd, 4318979.793, 61
Trd, 4318980.043, 63
Trd, 4318980.493, 63
Trd, 4318980.543, 62
Trd, 4318980.943, 63
Trd, 4318981.293, 64
Trd, 4318981.893, 138
Trd, 4318982.343, 60
Trd, 4318984.143, 60
Trd, 4318985.693, 62
Trd, 4318985.893, 62
Trd, 4318986.243, 66
Trd, 4318986.893, 61
Trd, 4318987.993, 64
Trd, 4318989.493, 60
Trd, 4318989.743, 61
Trd, 4318991.043, 60
Trd, 4318991.443, 60
Trd, 4318991.693, 60
Trd, 4318993.493, 62
Trd, 4318993.643, 62
Trd, 4318993.793, 71
Trd, 4318995.043, 62
Trd, 4318995.243, 101
Trd, 4318997.043, 76
Trd, 4318997.493, 77
Trd, 4318997.893, 140
Trd, 4318998.593, 140
Trd, 4318999.043, 139
Trd, 4318999.093, 119
Trd, 4318999.293, 109
Trd, 4319000.793, 140
Trd, 4319001.193, 139
Trd, 4319001.293, 138
Trd, 4319002.193, 140
Trd, 4319003.493, 140
Trd, 4319004.243, 140
Trd, 4319004.643, 140
Trd, 4319006.143, 140
Trd, 4319006.793, 140
Trd, 4319007.543, 140
Trd, 4319007.693, 139
Trd, 4319007.943, 139
Trd, 4319009.043, 140
Trd, 4319009.243, 131
Trd, 4319010.343, 139
Trd, 4319010.793, 140
Trd, 4319011.043, 140
Trd, 4319011.293, 140
Trd, 4319013.643, 140
Trd, 4319013.943, 140
Trd, 4319014.493, 140
Trd, 4319014.893, 140
Trd, 4319014.943, 140
Trd, 4319015.993, 93
Trd, 4319016.443, 140
Trd, 4319016.493, 66
Trd, 4319017.193, 128
Trd, 4319017.293, 65
Trd, 4319017.993, 62
Trd, 4319018.643, 109
Trd, 4319019.743, 62
Trd, 4319020.493, 61
Trd, 4319020.793, 73
Trd, 4319023.593, 121
Trd, 4319023.743, 125
Trd, 4319024.043, 116
Trd, 4319024.243, 116
Trd, 4319024.293, 115
Trd, 4319025.693, 139
Trd, 4319026.443, 140
Trd, 4319027.343, 140
Trd, 4319027.443, 140
Trd, 4319027.743, 135
Trd, 4319028.143, 81
Trd, 4319029.093, 140
Trd, 4319029.143, 140
Trd, 4319030.093, 140
Trd, 4319030.793, 140
Trd, 4319032.693, 140
Trd, 4319033.393, 140
Trd, 4319034.193, 64
Trd, 4319034.543, 61
Trd, 4319034.743, 68
Trd, 4319035.493, 96
Trd, 4319035.593, 72
Trd, 4319035.943, 97
Trd, 4319036.443, 136
Trd, 4319036.843, 61
Trd, 4319038.143, 61
Trd, 4319039.693, 63
Trd, 4319039.893, 61
Trd, 4319040.143, 63
Trd, 4319040.243, 60
Trd, 4319040.593, 63
Trd, 4319040.793, 64
Trd, 4319042.893, 61
Trd, 4319043.243, 63
Trd, 4319043.793, 64
Trd, 4319045.543, 60
Trd, 4319045.893, 62
Trd, 4319047.043, 60
Trd, 4319047.243, 61
Trd, 4319047.793, 112
Trd, 4319050.943, 60
Trd, 4319051.343, 60
Trd, 4319052.993, 60
Trd, 4319053.043, 60
Trd, 4319053.093, 60
Trd, 4319053.143, 62
Trd, 4319053.193, 62
Trd, 4319053.543, 63
Trd, 4319053.893, 121
Trd, 4319054.943, 140
Trd, 4319056.593, 60
Trd, 4319057.043, 60
Trd, 4319057.943, 60
Trd, 4319058.243, 61
Trd, 4319058.993, 60
Trd, 4319059.193, 61
Trd, 4319060.743, 60
Trd, 4319061.493, 61
Trd, 4319062.293, 61
Trd, 4319062.493, 71
Trd, 4319063.693, 60
Trd, 4319064.743, 60
Trd, 4319065.943, 64
Trd, 4319067.093, 62
Trd, 4319067.443, 60
Trd, 4319067.693, 60
Trd, 4319067.843, 61
Trd, 4319068.343, 69
Trd, 4319068.393, 70
Trd, 4319069.393, 62
Trd, 4319069.743, 82
Trd, 4319070.343, 61
Trd, 4319070.443, 61
Trd, 4319071.043, 62
Trd, 4319072.293, 60
Trd, 4319073.243, 62
Trd, 4319073.743, 62
Trd, 4319074.643, 61
Trd, 4319075.143, 62
Trd, 4319075.643, 60
Trd, 4319076.843, 61
Trd, 4319078.693, 60
Trd, 4319080.143, 60
Trd, 4319080.393, 60
Trd, 4319080.693, 60
Trd, 4319081.143, 61
Trd, 4319081.643, 60
Trd, 4319082.093, 60
Trd, 4319083.643, 60
Trd, 4319083.693, 60
Trd, 4319084.493, 64
Trd, 4319085.443, 82
Trd, 4319085.593, 86
Trd, 4319085.943, 64
Trd, 4319085.993, 65
Trd, 4319086.843, 64
Trd, 4319089.243, 62
Trd, 4319089.343, 70
Trd, 4319089.893, 66
Trd, 4319090.143, 67
Trd, 4319091.143, 62
Trd, 4319093.693, 60
Trd, 4319095.093, 60
Trd, 4319095.943, 60
Trd, 4319096.243, 60
Trd, 4319096.493, 60
Trd, 4319096.893, 60
Trd, 4319097.543, 61
Trd, 4319098.143, 60
Trd, 4319098.393, 62
Trd, 4319099.243, 60
Trd, 4319100.343, 60
Trd, 4319101.193, 60
Trd, 4319102.543, 61
Trd, 4319102.643, 64
Trd, 4319103.093, 61
Trd, 4319103.643, 64
Trd, 4319103.993, 65
Trd, 4319106.693, 60
Trd, 4319107.043, 60
Trd, 4319107.693, 61
Trd, 4319107.993, 60
Trd, 4319108.093, 60
Trd, 4319108.893, 64
Trd, 4319109.143, 64
Trd, 4319109.693, 66
Trd, 4319109.993, 64
Trd, 4319110.793, 65
Trd, 4319110.943, 60
Trd, 4319110.993, 77
Trd, 4319111.293, 78
Trd, 4319112.593, 61
Trd, 4319114.793, 60
Trd, 4319115.243, 60
Trd, 4319115.643, 60
Trd, 4319116.343, 62
Trd, 4319116.993, 62
Trd, 4319118.143, 60
Trd, 4319118.743, 60
Trd, 4319119.693, 64
Trd, 4319120.193, 67
Trd, 4319120.293, 64
Trd, 4319121.443, 62
Trd, 4319121.543, 66
Trd, 4319122.643, 76
Trd, 4319123.143, 61
Trd, 4319123.193, 62
Trd, 4319126.093, 60
Trd, 4319126.893, 63
Trd, 4319126.943, 63
Trd, 4319127.393, 70
Trd, 4319127.743, 65
Trd, 4319127.793, 64
Trd, 4319128.593, 62
Trd, 4319129.893, 60
Trd, 4319131.043, 60
Trd, 4319132.243, 60
Trd, 4319132.343, 60
Trd, 4319132.393, 68
Trd, 4319134.243, 60
Trd, 4319134.743, 62
Trd, 4319134.843, 63
Trd, 4319136.493, 60
Trd, 4319136.793, 60
Trd, 4319137.543, 60
Trd, 4319138.343, 60
Trd, 4319138.493, 61
Trd, 4319138.793, 61
Trd, 4319139.343, 64
Trd, 4319139.693, 74
Trd, 4319140.293, 134
Trd, 4319141.243, 140
Trd, 4319141.343, 138
Trd, 4319142.443, 103
Trd, 4319142.993, 88
Trd, 4319143.243, 87
Trd, 4319143.343, 64
Trd, 4319145.993, 60
Trd, 4319146.293, 60
Trd, 4319146.593, 60
Trd, 4319146.693, 60
Trd, 4319148.143, 62
Trd, 4319148.893, 63
Trd, 4319150.243, 60
Trd, 4319150.693, 67
Trd, 4319150.993, 66
Trd, 4319153.243, 62
Trd, 4319153.293, 61
Trd, 4319154.343, 62
Trd, 4319154.543, 62
Trd, 4319154.593, 63
Trd, 4319154.743, 64
Trd, 4319155.343, 116
Trd, 4319155.493, 115
Trd, 4319155.693, 115
Trd, 4319156.093, 114
Trd, 4319158.593, 140
Trd, 4319158.793, 140
Trd, 4319158.843, 139
Trd, 4319159.043, 139
Trd, 4319159.293, 138
Trd, 4319159.693, 64
Trd, 4319161.543, 140
Trd, 4319161.643, 140
Trd, 4319161.993, 140
Trd, 4319162.043, 105
Trd, 4319164.343, 60
Trd, 4319164.643, 60
Trd, 4319166.193, 60
Trd, 4319166.893, 60
Trd, 4319168.643, 60
Trd, 4319169.543, 60
Trd, 4319170.493, 60
Trd, 4319172.593, 61
Trd, 4319172.643, 62
Trd, 4319173.493, 60
Trd, 4319174.643, 61
Trd, 4319174.993, 62
Trd, 4319175.343, 62
Trd, 4319175.393, 74
Trd, 4319175.743, 133
Trd, 4319176.943, 67
Trd, 4319177.243, 67
Trd, 4319177.793, 140
Trd, 4319177.993, 140
Trd, 4319178.193, 140
Trd, 4319178.693, 123
Trd, 4319179.043, 121
Trd, 4319179.893, 60
Trd, 4319179.943, 60
Trd, 4319180.793, 140
Trd, 4319181.743, 140
Trd, 4319182.293, 68
Trd, 4319183.343, 65
Trd, 4319183.743, 139
Trd, 4319184.343, 140
Trd, 4319185.593, 140
Trd, 4319185.943, 140
Trd, 4319186.643, 140
Trd, 4319187.643, 140
Trd, 4319187.693, 140
Trd, 4319188.943, 140
Trd, 4319189.493, 140
Trd, 4319190.093, 140
Trd, 4319190.643, 140
Trd, 4319191.093, 140
Trd, 4319191.143, 137
Trd, 4319191.743, 93
Trd, 4319192.793, 64
Trd, 4319193.293, 71
Trd, 4319193.893, 60
Trd, 4319195.243, 66
Trd, 4319196.293, 64
Trd, 4319196.443, 65
Trd, 4319196.843, 86
Trd, 4319197.643, 87
Trd, 4319198.393, 88
Trd, 4319198.693, 98
Trd, 4319198.893, 114
Trd, 4319198.943, 87
Trd, 4319199.943, 86
Trd, 4319200.193, 60
Trd, 4319200.443, 103
Trd, 4319200.793, 140
Trd, 4319202.893, 60
Trd, 4319203.193, 61
Trd, 4319203.693, 140
Trd, 4319205.893, 63
Trd, 4319206.843, 62
Trd, 4319206.893, 63
Trd, 4319207.493, 61
Trd, 4319211.843, 61
Trd, 4319211.943, 62
Trd, 4319213.243, 60
Trd, 4319213.393, 60
Trd, 4319214.293, 60
Trd, 4319214.393, 60
Trd, 4319215.043, 62
Trd, 4319215.393, 61
Trd, 4319215.843, 60
Trd, 4319216.593, 60
Trd, 4319216.643, 63
Trd, 4319217.143, 65
Trd, 4319218.193, 60
Trd, 4319218.593, 140
Trd, 4319219.393, 139
Trd, 4319220.293, 106
Trd, 4319220.693, 60
Trd, 4319220.893, 110
Trd, 4319221.893, 69
Trd, 4319222.143, 69
Trd, 4319222.393, 139
Trd, 4319222.443, 65
Trd, 4319223.943, 60
Trd, 4319225.343, 60
Trd, 4319225.743, 60
Trd, 4319225.943, 60
Trd, 4319226.643, 62
Trd, 4319226.743, 62
Trd, 4319227.793, 65
Trd, 4319227.993, 67
Trd, 4319229.193, 62
Trd, 4319230.693, 60
Trd, 4319232.293, 60
Trd, 4319232.343, 60
Trd, 4319233.143, 60
Trd, 4319233.593, 60
Trd, 4319233.743, 77
Trd, 4319234.543, 62
Trd, 4319235.393, 60
Trd, 4319235.643, 62
Trd, 4319235.893, 64
Trd, 4319236.093, 61
Trd, 4319237.043, 61
Trd, 4319238.093, 61
Trd, 4319238.143, 98
Trd, 4319238.343, 60
Trd, 4319238.543, 137
Trd, 4319240.243, 60
Trd, 4319240.643, 60
Trd, 4319241.943, 60
Trd, 4319243.743, 61
Trd, 4319244.093, 65
Trd, 4319244.593, 73
Trd, 4319245.293, 74
Trd, 4319246.143, 64
Trd, 4319246.593, 68
Trd, 4319246.643, 79
Trd, 4319246.893, 65
Trd, 4319247.343, 67
Trd, 4319247.793, 67
Trd, 4319248.343, 80
Trd, 4319250.293, 140
Trd, 4319250.793, 140
Trd, 4319250.893, 139
Trd, 4319251.493, 64
Trd, 4319252.893, 67
Trd, 4319252.943, 70
Trd, 4319254.893, 60
Trd, 4319254.993, 64
Trd, 4319255.493, 60
Trd, 4319255.543, 61
Trd, 4319256.993, 62
Trd, 4319257.793, 73
Trd, 4319258.293, 62
Trd, 4319258.743, 104
Trd, 4319258.993, 83
Trd, 4319259.293, 65
Trd, 4319259.843, 64
Trd, 4319260.193, 65
Trd, 4319260.443, 70
Trd, 4319262.543, 94
Trd, 4319264.193, 61
Trd, 4319264.643, 61
Trd, 4319265.093, 63
Trd, 4319265.843, 62
Trd, 4319266.093, 65
Trd, 4319266.343, 64
Trd, 4319267.943, 60
Trd, 4319268.943, 60
Trd, 4319269.243, 65
Trd, 4319269.893, 61
Trd, 4319270.543, 63
Trd, 4319271.743, 60
Trd, 4319272.193, 62
Trd, 4319272.443, 63
Trd, 4319274.093, 60
Trd, 4319274.243, 61
Trd, 4319275.043, 60
Trd, 4319275.143, 62
Trd, 4319275.693, 65
Trd, 4319275.993, 67
Trd, 4319276.143, 64
Trd, 4319276.393, 82
Trd, 4319278.343, 60
Trd, 4319278.843, 61
Trd, 4319279.443, 60
Trd, 4319279.893, 63
Trd, 4319282.193, 61
Trd, 4319282.793, 60
Trd, 4319283.343, 68
Trd, 4319283.443, 69
Trd, 4319283.943, 76
Trd, 4319284.293, 63
Trd, 4319284.493, 64
Trd, 4319285.293, 60
Trd, 4319285.843, 60
Trd, 4319286.493, 60
Trd, 4319287.793, 60
Trd, 4319287.893, 66
Trd, 4319288.993, 61
Trd, 4319289.693, 64
Trd, 4319291.143, 60
Trd, 4319292.643, 60
Trd, 4319293.193, 60
Trd, 4319293.743, 60
Trd, 4319293.793, 62
Trd, 4319294.043, 66
Trd, 4319295.143, 60
Trd, 4319296.043, 60
Trd, 4319296.393, 60
Trd, 4319297.093, 63
Trd, 4319297.643, 61
Trd, 4319298.143, 63
Trd, 4319299.543, 136
Trd, 4319299.693, 139
Trd, 4319300.543, 140
Trd, 4319301.343, 140
Trd, 4319301.543, 140
Trd, 4319301.743, 140
Trd, 4319302.543, 140
Trd, 4319304.743, 140
Trd, 4319305.093, 140
Trd, 4319306.043, 140
Trd, 4319306.193, 139
Trd, 4319306.843, 140
Trd, 4319307.793, 140
Trd, 4319308.693, 140
Trd, 4319309.643, 140
Trd, 4319310.843, 140
Trd, 4319311.443, 140
Trd, 4319311.943, 140
Trd, 4319312.543, 140
Trd, 4319312.943, 140
Trd, 4319313.343, 139
Trd, 4319314.093, 140
Trd, 4319314.493, 140
Trd, 4319315.393, 140
Trd, 4319316.393, 140
Trd, 4319316.593, 140
Trd, 4319316.893, 140
Trd, 4319317.043, 139
Trd, 4319318.843, 140
Trd, 4319318.943, 140
Trd, 4319319.643, 139
Trd, 4319320.393, 140
Trd, 4319321.093, 140
Trd, 4319321.893, 140
Trd, 4319321.993, 140
Trd, 4319322.093, 140
Trd, 4319323.543, 140
Trd, 4319324.093, 140
Trd, 4319324.743, 140
Trd, 4319325.943, 140
Trd, 4319326.643, 140
Trd, 4319327.193, 140
Trd, 4319327.443, 136
Trd, 4319329.243, 140
Trd, 4319330.043, 140
Trd, 4319330.193, 138
Trd, 4319330.343, 138
Trd, 4319331.043, 140
Trd, 4319331.193, 140
Trd, 4319332.143, 126
Trd, 4319332.643, 140
Trd, 4319332.993, 124
Trd, 4319333.843, 62
Trd, 4319334.343, 60
Trd, 4319337.093, 60
Trd, 4319338.143, 60
Trd, 4319338.243, 62
Trd, 4319339.543, 60
Trd, 4319340.893, 60
Trd, 4319340.993, 60
Trd, 4319341.293, 61
Trd, 4319343.093, 60
Trd, 4319343.393, 61
Trd, 4319343.793, 62
Trd, 4319344.643, 63
Trd, 4319344.793, 62
Trd, 4319344.843, 61
Trd, 4319344.893, 69
Trd, 4319345.843, 70
Trd, 4319346.593, 140
Trd, 4319347.593, 140
Trd, 4319348.193, 140
Trd, 4319348.343, 140
Trd, 4319349.843, 140
Trd, 4319349.993, 140
Trd, 4319350.593, 138
Trd, 4319351.393, 140
Trd, 4319353.043, 140
Trd, 4319353.543, 139
Trd, 4319353.893, 140
Trd, 4319354.193, 139
Trd, 4319354.443, 137
Trd, 4319355.493, 60
Trd, 4319355.743, 120
Trd, 4319355.843, 140
Trd, 4319356.293, 140
Trd, 4319356.843, 140
Trd, 4319357.093, 140
Trd, 4319358.093, 140
Trd, 4319359.043, 140
Trd, 4319360.193, 140
Trd, 4319360.693, 140
Trd, 4319361.743, 140
Trd, 4319361.843, 140
Trd, 4319362.243, 140
Trd, 4319362.543, 140
Trd, 4319362.993, 139
Trd, 4319363.443, 68
Trd, 4319365.493, 60
Trd, 4319365.893, 62
Trd, 4319367.043, 60
Trd, 4319368.043, 60
Trd, 4319368.493, 60
Trd, 4319369.993, 65
Trd, 4319370.293, 65
Trd, 4319370.843, 60
Trd, 4319371.043, 60
Trd, 4319373.143, 60
Trd, 4319373.343, 62
Trd, 4319373.443, 70
Trd, 4319374.493, 60
Trd, 4319376.293, 61
Trd, 4319376.893, 62
Trd, 4319377.393, 62
Trd, 4319377.443, 66
Trd, 4319378.393, 62
Trd, 4319378.793, 66
Trd, 4319379.093, 63
Trd, 4319379.143, 64
Trd, 4319379.493, 62
Trd, 4319380.893, 61
Trd, 4319381.693, 60
Trd, 4319383.643, 60
Trd, 4319384.343, 60
Trd, 4319385.043, 60
Trd, 4319385.843, 66
Trd, 4319388.143, 60
Trd, 4319388.493, 61
Trd, 4319389.643, 60
Trd, 4319390.193, 60
Trd, 4319390.643, 62
Trd, 4319390.693, 64
Trd, 4319390.943, 61
Trd, 4319391.193, 63
Trd, 4319391.393, 62
Trd, 4319394.093, 63
Trd, 4319394.193, 66
Trd, 4319394.943, 67
Trd, 4319395.743, 60
Trd, 4319397.943, 60
Trd, 4319398.793, 60
Trd, 4319398.893, 60
Trd, 4319398.993, 60
Trd, 4319399.543, 60
Trd, 4319400.393, 60
Trd, 4319402.093, 60
Trd, 4319402.643, 60
Trd, 4319403.243, 62
Trd, 4319403.793, 61
Trd, 4319404.743, 60
Trd, 4319406.143, 60
Trd, 4319407.343, 60
Trd, 4319407.993, 61
Trd, 4319408.443, 61
Trd, 4319409.593, 62
Trd, 4319410.093, 62
Trd, 4319411.143, 64
Trd, 4319411.243, 61
Trd, 4319411.743, 63
Trd, 4319412.343, 65
Trd, 4319412.993, 62
Trd, 4319413.143, 61
Trd, 4319413.493, 61
Trd, 4319414.243, 60
Trd, 4319415.393, 61
Trd, 4319416.843, 60
Trd, 4319417.493, 60
Trd, 4319418.043, 61
Trd, 4319418.343, 62
Trd, 4319418.693, 62
Trd, 4319419.143, 62
Trd, 4319420.443, 60
Trd, 4319421.943, 60
Trd, 4319422.243, 62
Trd, 4319422.643, 64
Trd, 4319422.743, 62
Trd, 4319422.843, 65
Trd, 4319423.493, 61
Trd, 4319424.593, 140
Trd, 4319424.993, 64
Trd, 4319427.643, 65
Trd, 4319427.993, 65
Trd, 4319428.843, 65
Trd, 4319429.343, 66
Trd, 4319429.993, 61
Trd, 4319430.993, 60
Trd, 4319431.443, 61
Trd, 4319431.543, 65
Trd, 4319431.643, 73
Trd, 4319433.243, 71
Trd, 4319434.043, 60
Trd, 4319434.393, 62
Trd, 4319434.543, 68
Trd, 4319435.493, 60
Trd, 4319436.143, 60
Trd, 4319436.993, 60
Trd, 4319437.243, 61
Trd, 4319437.843, 61
Trd, 4319438.343, 140
Trd, 4319438.593, 140
Trd, 4319439.443, 140
Trd, 4319440.243, 61
Trd, 4319441.843, 61
Trd, 4319442.093, 62
Trd, 4319442.193, 65
Trd, 4319445.593, 60
Trd, 4319446.143, 60
Trd, 4319447.243, 60
Trd, 4319448.043, 60
Trd, 4319449.543, 60
Trd, 4319449.643, 60
Trd, 4319451.643, 60
Trd, 4319451.693, 60
Trd, 4319454.243, 60
Trd, 4319454.543, 60
Trd, 4319454.743, 60
Trd, 4319454.893, 61
Trd, 4319455.493, 60
Trd, 4319455.593, 61
Trd, 4319456.143, 63
Trd, 4319457.393, 62
Trd, 4319458.293, 62
Trd, 4319458.993, 60
Trd, 4319459.143, 137
Trd, 4319459.893, 60
Trd, 4319460.393, 94
Trd, 4319461.943, 60
Trd, 4319462.193, 62
Trd, 4319463.643, 60
Trd, 4319464.493, 60
Trd, 4319464.593, 60
Trd, 4319464.943, 63
Trd, 4319465.793, 64
Trd, 4319465.993, 62
Trd, 4319466.793, 64
Trd, 4319467.043, 115
Trd, 4319468.393, 60
Trd, 4319469.093, 60
Trd, 4319469.493, 60
Trd, 4319470.793, 60
Trd, 4319471.093, 60
Trd, 4319471.443, 60
Trd, 4319473.843, 60
Trd, 4319474.093, 60
Trd, 4319474.643, 64
Trd, 4319476.143, 60
Trd, 4319476.343, 61
Trd, 4319477.393, 60
Trd, 4319477.643, 61
Trd, 4319478.243, 62
Trd, 4319478.793, 65
Trd, 4319478.893, 63
Trd, 4319479.243, 63
Trd, 4319479.343, 68
Trd, 4319479.443, 88
Trd, 4319480.193, 62
Trd, 4319482.643, 60
Trd, 4319483.593, 65
Trd, 4319484.193, 60
Trd, 4319484.543, 61
Trd, 4319485.343, 65
Trd, 4319485.543, 66
Trd, 4319487.643, 60
Trd, 4319487.743, 60
Trd, 4319489.843, 60
Trd, 4319489.943, 60
Trd, 4319490.593, 62
Trd, 4319490.793, 61
Trd, 4319491.093, 67
Trd, 4319491.643, 140
Trd, 4319491.793, 140
Trd, 4319491.893, 139
Trd, 4319492.393, 118
Trd, 4319492.843, 138
Trd, 4319493.693, 63
Trd, 4319494.243, 84
Trd, 4319494.793, 61
Trd, 4319495.943, 74
Trd, 4319496.043, 77
Trd, 4319496.743, 60
Trd, 4319497.543, 60
Trd, 4319498.193, 60
Trd, 4319498.293, 60
Trd, 4319498.793, 60
Trd, 4319498.993, 62
Trd, 4319499.543, 76
Trd, 4319502.593, 63
Trd, 4319502.693, 140
Trd, 4319503.143, 90
Trd, 4319504.643, 61
Trd, 4319504.843, 61
Trd, 4319507.393, 62
Trd, 4319507.693, 62
Trd, 4319508.693, 60
Trd, 4319508.743, 60
Trd, 4319510.643, 60
Trd, 4319511.343, 60
Trd, 4319511.843, 60
Trd, 4319512.093, 62
Trd, 4319512.193, 62
Trd, 4319512.543, 81
Trd, 4319512.843, 60
Trd, 4319513.493, 62
Trd, 4319514.443, 61
Trd, 4319515.143, 67
Trd, 4319515.243, 62
Trd, 4319515.493, 61
Trd, 4319516.093, 63
Trd, 4319516.143, 106
Trd, 4319517.593, 123
Trd, 4319517.893, 83
Trd, 4319519.493, 61
Trd, 4319521.193, 60
Trd, 4319521.643, 60
Trd, 4319522.093, 60
Trd, 4319522.593, 60
Trd, 4319522.843, 60
Trd, 4319523.693, 60
Trd, 4319523.993, 60
Trd, 4319524.493, 60
Trd, 4319525.043, 60
Trd, 4319525.893, 60
Trd, 4319526.243, 60
Trd, 4319526.543, 60
Trd, 4319526.693, 61
Trd, 4319527.193, 62
Trd, 4319527.293, 69
Trd, 4319527.643, 140
Trd, 4319528.543, 139
Trd, 4319531.243, 60
Trd, 4319532.043, 63
Trd, 4319533.843, 60
Trd, 4319533.943, 60
Trd, 4319534.193, 60
Trd, 4319534.893, 61
Trd, 4319535.093, 60
Trd, 4319535.443, 60
Trd, 4319536.493, 60
Trd, 4319537.393, 64
Trd, 4319537.743, 60
Trd, 4319538.293, 60
Trd, 4319538.343, 70
Trd, 4319538.993, 61
Trd, 4319539.543, 64
Trd, 4319540.193, 72
Trd, 4319540.443, 66
Trd, 4319540.943, 73
Trd, 4319541.043, 93
Trd, 4319541.593, 64
Trd, 4319541.893, 63
Trd, 4319542.293, 70
Trd, 4319543.293, 109
Trd, 4319544.443, 118
Trd, 4319544.593, 117
Trd, 4319544.793, 114
Trd, 4319545.893, 140
Trd, 4319546.143, 140
Trd, 4319547.343, 140
Trd, 4319548.393, 140
Trd, 4319548.943, 140
Trd, 4319549.293, 136
Trd, 4319549.993, 140
Trd, 4319550.693, 140
Trd, 4319551.143, 68
Trd, 4319551.343, 74
Trd, 4319551.993, 75
Trd, 4319552.443, 140
Trd, 4319553.893, 140
Trd, 4319554.493, 140
Trd, 4319554.843, 140
Trd, 4319556.593, 140
Trd, 4319556.643, 140
Trd, 4319556.693, 127
Trd, 4319556.993, 140
Trd, 4319557.343, 140
Trd, 4319559.243, 140
Trd, 4319560.293, 140
Trd, 4319561.193, 140
Trd, 4319561.393, 140
Trd, 4319561.843, 140
Trd, 4319561.943, 140
Trd, 4319561.993, 139
Trd, 4319563.193, 140
Trd, 4319563.593, 140
Trd, 4319564.843, 140
Trd, 4319566.043, 140
Trd, 4319566.393, 140
Trd, 4319566.543, 116
Trd, 4319566.943, 74
Trd, 4319567.243, 61
Trd, 4319568.393, 140
Trd, 4319569.143, 140
Trd, 4319569.443, 140
Trd, 4319570.343, 138
Trd, 4319570.443, 138
Trd, 4319571.243, 91
Trd, 4319571.393, 110
Trd, 4319572.243, 97
Trd, 4319572.443, 109
Trd, 4319572.943, 110
Trd, 4319574.243, 60
Trd, 4319574.693, 61
Trd, 4319575.243, 63
Trd, 4319575.743, 60
Trd, 4319577.043, 60
Trd, 4319578.493, 61
Trd, 4319579.743, 60
Trd, 4319580.893, 61
Trd, 4319581.293, 61
Trd, 4319582.693, 63
Trd, 4319583.293, 63
Trd, 4319583.543, 63
Trd, 4319583.843, 63
Trd, 4319583.893, 66
Trd, 4319584.543, 64
Trd, 4319584.843, 68
Trd, 4319585.243, 103
Trd, 4319586.743, 66
Trd, 4319587.143, 62
Trd, 4319587.443, 77
Trd, 4319589.543, 62
Trd, 4319590.393, 60
Trd, 4319591.193, 60
Trd, 4319591.443, 60
Trd, 4319592.093, 61
Trd, 4319593.343, 60
Trd, 4319594.193, 65
Trd, 4319594.843, 75
Trd, 4319596.343, 60
Trd, 4319596.693, 61
Trd, 4319597.043, 60
Trd, 4319597.093, 61
Trd, 4319597.893, 63
Trd, 4319598.693, 61
Trd, 4319598.893, 62
Trd, 4319600.093, 61
Trd, 4319600.643, 62
Trd, 4319600.943, 62
Trd, 4319601.293, 61
Trd, 4319601.443, 64
Trd, 4319602.143, 69
Trd, 4319602.493, 60
Trd, 4319602.943, 65
Trd, 4319604.043, 60
Trd, 4319604.143, 63
Trd, 4319604.843, 61
Trd, 4319605.893, 60
Trd, 4319606.543, 60
Trd, 4319607.293, 60
Trd, 4319607.493, 62
Trd, 4319608.543, 62
Trd, 4319608.743, 63
Trd, 4319610.693, 60
Trd, 4319610.843, 61
Trd, 4319612.393, 61
Trd, 4319612.843, 64
Trd, 4319613.243, 65
Trd, 4319614.143, 61
Trd, 4319615.043, 61
Trd, 4319615.293, 63
Trd, 4319616.193, 91
Trd, 4319616.893, 63
Trd, 4319617.243, 64
Trd, 4319618.693, 62
Trd, 4319619.193, 63
Trd, 4319619.493, 63
Trd, 4319619.693, 64
Trd, 4319621.843, 60
Trd, 4319622.493, 60
Trd, 4319625.193, 60
Trd, 4319625.293, 60
Trd, 4319625.843, 60
Trd, 4319627.143, 60
Trd, 4319627.193, 61
Trd, 4319627.343, 62
Trd, 4319628.393, 60
Trd, 4319628.593, 60
Trd, 4319628.643, 60
Trd, 4319628.893, 60
Trd, 4319630.243, 61
Trd, 4319630.743, 62
Trd, 4319631.743, 60
Trd, 4319633.093, 60
Trd, 4319633.393, 61
Trd, 4319633.493, 65
Trd, 4319635.443, 60
Trd, 4319635.743, 60
Trd, 4319636.043, 69
Trd, 4319637.343, 60
Trd, 4319637.393, 63
Trd, 4319638.243, 62
Trd, 4319638.543, 69
Trd, 4319639.593, 70
Trd, 4319639.843, 62
Trd, 4319640.143, 61
Trd, 4319640.693, 61
Trd, 4319641.093, 60
Trd, 4319641.643, 60
Trd, 4319642.093, 61
Trd, 4319642.943, 65
Trd, 4319643.843, 118
Trd, 4319644.743, 81
Trd, 4319645.043, 99
Trd, 4319645.093, 106
Trd, 4319645.843, 60
Trd, 4319648.793, 60
Trd, 4319648.993, 60
Trd, 4319649.393, 60
Trd, 4319649.893, 60
Trd, 4319650.143, 60
Trd, 4319650.893, 61
Trd, 4319651.243, 60
Trd, 4319651.793, 62
Trd, 4319652.593, 63
Trd, 4319653.443, 65
Trd, 4319653.593, 62
Trd, 4319653.893, 62
Trd, 4319655.093, 63
Trd, 4319655.943, 61
Trd, 4319656.043, 66
Trd, 4319656.293, 91
Trd, 4319657.243, 60
Trd, 4319658.843, 60
Trd, 4319659.093, 61
Trd, 4319660.993, 60
Trd, 4319661.743, 60
Trd, 4319662.843, 60
Trd, 4319663.143, 60
Trd, 4319663.193, 60
Trd, 4319663.443, 60
Trd, 4319663.943, 60
Trd, 4319664.643, 61
Trd, 4319665.593, 60
Trd, 4319665.743, 61
Trd, 4319666.543, 60
Trd, 4319666.943, 65
Trd, 4319667.743, 60
Trd, 4319668.593, 61
Trd, 4319669.243, 63
Trd, 4319671.143, 60
Trd, 4319671.743, 60
Trd, 4319672.143, 60
Trd, 4319672.693, 61
Trd, 4319673.793, 62
Trd, 4319674.193, 63
Trd, 4319674.743, 61
Trd, 4319674.843, 64
Trd, 4319675.593, 60
Trd, 4319676.193, 62
Trd, 4319676.293, 66
Trd, 4319677.493, 64
Trd, 4319678.243, 65
Trd, 4319678.343, 64
Trd, 4319678.593, 73
Trd, 4319679.043, 74
Trd, 4319679.393, 100
Trd, 4319681.093, 60
Trd, 4319682.443, 62
Trd, 4319682.993, 63
Trd, 4319683.393, 65
Trd, 4319683.593, 66
Trd, 4319684.343, 60
Trd, 4319685.293, 60
Trd, 4319685.843, 61
Trd, 4319687.493, 68
Trd, 4319688.543, 60
Trd, 4319688.843, 60
Trd, 4319689.743, 60
Trd, 4319690.443, 61
Trd, 4319690.543, 64
Trd, 4319690.743, 61
Trd, 4319691.093, 65
Trd, 4319692.443, 61
Trd, 4319693.093, 61
Trd, 4319693.143, 61
Trd, 4319694.043, 63
Trd, 4319694.143, 62
Trd, 4319694.543, 65
Trd, 4319694.993, 68
Trd, 4319696.843, 60
Trd, 4319697.543, 61
Trd, 4319698.343, 60
Trd, 4319699.193, 61
Trd, 4319699.893, 60
Trd, 4319700.943, 60
Trd, 4319701.793, 60
Trd, 4319702.193, 60
Trd, 4319703.743, 62
Trd, 4319704.043, 62
Trd, 4319704.993, 60
Trd, 4319705.643, 61
Trd, 4319706.043, 61
Trd, 4319706.593, 61
Trd, 4319706.893, 64
Trd, 4319707.893, 67
Trd, 4319709.493, 60
Trd, 4319709.993, 60
Trd, 4319710.093, 60
Trd, 4319711.993, 61
Trd, 4319712.393, 60
Trd, 4319713.693, 60
Trd, 4319714.393, 61
Trd, 4319714.643, 61
Trd, 4319714.893, 62
Trd, 4319715.193, 63
Trd, 4319715.293, 67
Trd, 4319716.243, 63
Trd, 4319716.443, 101
Trd, 4319718.093, 139
Trd, 4319718.143, 130
Trd, 4319718.593, 136
Trd, 4319718.943, 79
Trd, 4319719.093, 78
Trd, 4319720.193, 140
Trd, 4319721.893, 140
Trd, 4319722.793, 140
Trd, 4319722.843, 139
Trd, 4319723.293, 140
Trd, 4319723.493, 136
Trd, 4319723.893, 111
Trd, 4319724.543, 140
Trd, 4319725.793, 140
Trd, 4319727.693, 140
Trd, 4319728.393, 140
Trd, 4319728.443, 140
Trd, 4319728.643, 139
Trd, 4319730.143, 140
Trd, 4319730.243, 140
Trd, 4319730.343, 139
Trd, 4319730.643, 138
Trd, 4319730.993, 139
Trd, 4319731.393, 61
Trd, 4319731.493, 126
Trd, 4319732.543, 76
Trd, 4319733.043, 118
Trd, 4319734.343, 140
Trd, 4319735.043, 140
Trd, 4319735.793, 140
Trd, 4319735.893, 140
Trd, 4319736.293, 138
Trd, 4319736.993, 140
Trd, 4319738.143, 140
Trd, 4319738.193, 139
Trd, 4319738.693, 140
Trd, 4319739.793, 140
Trd, 4319740.793, 140
Trd, 4319742.443, 140
Trd, 4319743.643, 140
Trd, 4319744.393, 140
Trd, 4319745.293, 140
Trd, 4319745.593, 140
Trd, 4319745.843, 140
Trd, 4319746.293, 138
Trd, 4319746.993, 140
Trd, 4319747.843, 140
Trd, 4319748.593, 140
Trd, 4319748.743, 117
Trd, 4319749.443, 91
Trd, 4319750.693, 137
Trd, 4319751.193, 61
Trd, 4319753.793, 60
Trd, 4319754.493, 60
Trd, 4319754.743, 60
Trd, 4319755.393, 60
Trd, 4319755.593, 61
Trd, 4319757.793, 60
Trd, 4319758.043, 60
Trd, 4319760.493, 60
Trd, 4319760.543, 60
Trd, 4319761.343, 60
Trd, 4319761.843, 63
Trd, 4319762.193, 61
Trd, 4319762.693, 63
Trd, 4319762.943, 62
Trd, 4319762.993, 64
Trd, 4319763.593, 72
Trd, 4319764.843, 72
Trd, 4319764.943, 74
Trd, 4319765.143, 93
Trd, 4319766.093, 67
Trd, 4319766.793, 68
Trd, 4319767.093, 68
Trd, 4319767.743, 140
Trd, 4319767.993, 140
Trd, 4319768.143, 140
Trd, 4319769.443, 140
Trd, 4319769.743, 140
Trd, 4319770.143, 140
Trd, 4319771.593, 139
Trd, 4319771.743, 139
Trd, 4319772.543, 82
Trd, 4319773.593, 136
Trd, 4319774.093, 140
Trd, 4319774.343, 140
Trd, 4319774.643, 83
Trd, 4319775.743, 139
Trd, 4319777.743, 60
Trd, 4319777.843, 60
Trd, 4319778.743, 60
Trd, 4319779.093, 63
Trd, 4319780.493, 62
Trd, 4319780.793, 61
Trd, 4319782.493, 60
Trd, 4319782.893, 60
Trd, 4319784.443, 60
Trd, 4319785.343, 60
Trd, 4319785.443, 60
Trd, 4319785.543, 66
Trd, 4319785.843, 61
Trd, 4319786.293, 68
Trd, 4319787.193, 62
Trd, 4319787.543, 61
Trd, 4319789.193, 60
Trd, 4319790.593, 62
Trd, 4319790.943, 62
Trd, 4319790.993, 61
Trd, 4319791.043, 63
Trd, 4319791.093, 64
Trd, 4319791.993, 62
Trd, 4319792.343, 60
Trd, 4319794.043, 60
Trd, 4319794.993, 61
Trd, 4319795.193, 62
Trd, 4319796.243, 64
Trd, 4319796.393, 70
Trd, 4319797.343, 60
Trd, 4319797.693, 61
Trd, 4319799.843, 60
Trd, 4319799.893, 60
Trd, 4319800.143, 60
Trd, 4319800.343, 61
Trd, 4319801.793, 63
Trd, 4319802.843, 60
Trd, 4319803.193, 62
Trd, 4319804.043, 70
Trd, 4319804.193, 64
Trd, 4319804.293, 63
Trd, 4319805.043, 68
Trd, 4319806.993, 60
Trd, 4319807.143, 61
Trd, 4319807.443, 62
Trd, 4319808.793, 60
Trd, 4319809.893, 60
Trd, 4319810.593, 60
Trd, 4319811.593, 60
Trd, 4319811.893, 61
Trd, 4319812.393, 60
Trd, 4319812.843, 60
Trd, 4319813.293, 62
Trd, 4319813.993, 61
Trd, 4319814.993, 62
Trd, 4319816.543, 60
Trd, 4319816.793, 63
Trd, 4319817.143, 62
Trd, 4319817.693, 62
Trd, 4319817.743, 61
Trd, 4319818.293, 63
Trd, 4319819.993, 61
Trd, 4319820.993, 64
Trd, 4319821.093, 64
Trd, 4319821.143, 65
Trd, 4319821.343, 78
Trd, 4319822.693, 140
Trd, 4319824.393, 61
Trd, 4319825.443, 60
Trd, 4319826.243, 61
Trd, 4319826.293, 65
Trd, 4319826.543, 68
Trd, 4319828.293, 60
Trd, 4319828.443, 63
Trd, 4319828.543, 64
Trd, 4319829.043, 63
Trd, 4319829.643, 67
Trd, 4319829.893, 64
Trd, 4319830.443, 78
Trd, 4319830.693, 62
Trd, 4319831.393, 60
Trd, 4319832.193, 87
Trd, 4319833.343, 64
Trd, 4319833.893, 64
Trd, 4319834.143, 64
Trd, 4319834.193, 65
Trd, 4319835.043, 140
Trd, 4319835.393, 61
Trd, 4319837.243, 140
Trd, 4319837.543, 140
Trd, 4319837.743, 140
Trd, 4319837.793, 138
Trd, 4319838.643, 138
Trd, 4319838.893, 138
Trd, 4319839.893, 135
Trd, 4319840.093, 106
Trd, 4319841.443, 103
Trd, 4319841.743, 104
Trd, 4319842.193, 138
Trd, 4319842.943, 138
Trd, 4319843.243, 140
Trd, 4319843.693, 137
Trd, 4319843.743, 136
Trd, 4319846.193, 139
Trd, 4319846.343, 139
Trd, 4319846.693, 139
Trd, 4319846.843, 138
Trd, 4319847.593, 62
Trd, 4319848.093, 65
Trd, 4319848.243, 63
Trd, 4319848.893, 61
Trd, 4319849.543, 62
Trd, 4319850.593, 60
Trd, 4319851.893, 61
Trd, 4319852.093, 63
Trd, 4319852.893, 62
Trd, 4319853.493, 61
Trd, 4319853.693, 62
Trd, 4319854.043, 68
Trd, 4319854.543, 62
Trd, 4319855.993, 61
Trd, 4319856.743, 65
Trd, 4319857.193, 62
Trd, 4319857.293, 72
Trd, 4319857.743, 64
Trd, 4319858.543, 62
Trd, 4319858.793, 60
Trd, 4319858.993, 83
Trd, 4319859.793, 60
Trd, 4319862.093, 62
Trd, 4319862.593, 62
Trd, 4319863.393, 61
Trd, 4319863.543, 64
Trd, 4319866.043, 60
Trd, 4319866.193, 60
Trd, 4319866.493, 60
Trd, 4319867.793, 68
Trd, 4319869.343, 62
Trd, 4319869.843, 62
Trd, 4319870.043, 63
Trd, 4319870.293, 66
Trd, 4319870.443, 98
Trd, 4319870.743, 94
Trd, 4319870.943, 140
Trd, 4319871.093, 64
Trd, 4319871.543, 62
Trd, 4319872.393, 60
Trd, 4319872.593, 60
Trd, 4319875.293, 60
Trd, 4319875.793, 60
Trd, 4319876.043, 63
Trd, 4319876.743, 61
Trd, 4319877.743, 63
Trd, 4319878.143, 64
Trd, 4319878.593, 62
Trd, 4319879.543, 60
Trd, 4319881.293, 60
Trd, 4319881.543, 60
Trd, 4319881.943, 60
Trd, 4319882.193, 60
Trd, 4319882.843, 61
Trd, 4319883.493, 64
Trd, 4319884.143, 64
Trd, 4319884.293, 84
Trd, 4319884.343, 62
Trd, 4319885.343, 140
Trd, 4319885.393, 124
Trd, 4319886.993, 101
Trd, 4319887.143, 99
Trd, 4319888.743, 60
Trd, 4319888.893, 63
Trd, 4319889.993, 140
Trd, 4319890.343, 140
Trd, 4319891.393, 140
Trd, 4319891.493, 140
Trd, 4319892.193, 140
Trd, 4319893.293, 140
Trd, 4319893.443, 140
Trd, 4319894.293, 140
Trd, 4319894.643, 120
Trd, 4319895.493, 140
Trd, 4319896.393, 140
Trd, 4319896.843, 140
Trd, 4319896.893, 139
Trd, 4319897.643, 139
Trd, 4319898.343, 140
Trd, 4319898.593, 140
Trd, 4319898.993, 140
Trd, 4319900.293, 139
Trd, 4319901.043, 132
Trd, 4319901.093, 131
Trd, 4319901.693, 77
Trd, 4319902.943, 102
Trd, 4319903.793, 138
Trd, 4319904.243, 137
Trd, 4319905.893, 140
Trd, 4319906.393, 140
Trd, 4319907.793, 140
Trd, 4319908.043, 140
Trd, 4319908.543, 140
Trd, 4319908.793, 77
Trd, 4319909.093, 138
Trd, 4319909.593, 139
Trd, 4319910.393, 102
Trd, 4319911.893, 65
Trd, 4319912.393, 72
Trd, 4319912.643, 72
Trd, 4319912.743, 73
Trd, 4319914.043, 139
Trd, 4319915.643, 60
Trd, 4319917.743, 60
Trd, 4319917.793, 66
Trd, 4319918.843, 60
Trd, 4319919.093, 60
Trd, 4319919.493, 66
Trd, 4319920.393, 63
Trd, 4319920.693, 74
Trd, 4319921.193, 66
Trd, 4319921.443, 104
Trd, 4319921.943, 66
Trd, 4319922.243, 138
Trd, 4319923.393, 138
Trd, 4319923.793, 137
Trd, 4319924.493, 61
Trd, 4319924.743, 64
Trd, 4319925.243, 60
Trd, 4319925.543, 62
Trd, 4319926.143, 140
Trd, 4319926.393, 140
Trd, 4319927.593, 140
Trd, 4319928.293, 140
Trd, 4319929.443, 140
Trd, 4319929.593, 140
Trd, 4319930.193, 140
Trd, 4319931.143, 140
Trd, 4319932.293, 140
Trd, 4319933.293, 140
Trd, 4319933.943, 140
Trd, 4319934.093, 139
Trd, 4319934.443, 139
Trd, 4319934.543, 139
Trd, 4319935.143, 131
Trd, 4319936.193, 129
Trd, 4319936.993, 133
Trd, 4319937.093, 132
Trd, 4319938.443, 140
Trd, 4319938.543, 139
Trd, 4319939.643, 140
Trd, 4319940.393, 140
Trd, 4319940.643, 140
Trd, 4319940.993, 140
Trd, 4319942.193, 140
Trd, 4319942.293, 140
Trd, 4319943.093, 137
Trd, 4319943.193, 140
Trd, 4319944.843, 60
Trd, 4319946.093, 61
Trd, 4319946.143, 62
Trd, 4319946.443, 60
Trd, 4319946.743, 61
Trd, 4319947.993, 61
Trd, 4319948.643, 61
Trd, 4319948.743, 63
Trd, 4319949.893, 65
Trd, 4319949.993, 61
Trd, 4319950.443, 61
Trd, 4319950.643, 66
Trd, 4319952.093, 71
Trd, 4319952.943, 140
Trd, 4319953.143, 139
Trd, 4319954.543, 140
Trd, 4319954.643, 140
Trd, 4319954.843, 140
Trd, 4319955.093, 140
Trd, 4319956.993, 140
Trd, 4319957.243, 140
Trd, 4319957.843, 140
Trd, 4319958.443, 140
Trd, 4319960.093, 140
Trd, 4319961.393, 140
Trd, 4319962.093, 140
Trd, 4319962.643, 140
Trd, 4319963.493, 140
Trd, 4319964.193, 140
Trd, 4319964.743, 140
Trd, 4319965.193, 140
Trd, 4319965.443, 140
Trd, 4319966.143, 140
Trd, 4319966.243, 140
Trd, 4319966.943, 140
Trd, 4319968.443, 140
Trd, 4319969.293, 140
Trd, 4319969.843, 140
Trd, 4319969.893, 140
Trd, 4319970.493, 136
Trd, 4319971.093, 68
Trd, 4319971.593, 63
Trd, 4319972.093, 67
Trd, 4319972.493, 140
Trd, 4319974.743, 140
Trd, 4319975.093, 130
Trd, 4319975.293, 112
Trd, 4319975.393, 111
Trd, 4319975.843, 140
Trd, 4319976.143, 140
Trd, 4319977.193, 137
Trd, 4319978.343, 139
Trd, 4319978.593, 96
Trd, 4319978.943, 140
Trd, 4319979.093, 139
Trd, 4319979.193, 95
Trd, 4319982.193, 60
Trd, 4319983.443, 63
Trd, 4319983.743, 64
Trd, 4319984.493, 64
Trd, 4319985.643, 60
Trd, 4319985.793, 61
Trd, 4319987.943, 61
Trd, 4319988.193, 62
Trd, 4319988.893, 60
Trd, 4319989.193, 61
Trd, 4319989.393, 60
Trd, 4319989.693, 61
Trd, 4319989.843, 65
Trd, 4319990.593, 60
Trd, 4319990.643, 76
Trd, 4319991.043, 63
Trd, 4319992.893, 66
Trd, 4319992.993, 79
Trd, 4319993.293, 67
Trd, 4319994.293, 85
Trd, 4319994.343, 80
Trd, 4319994.643, 78
Trd, 4319995.943, 139
Trd, 4319996.443, 138
Trd, 4319997.493, 139
Trd, 4319997.593, 137
Trd, 4319998.943, 129
Trd, 4319999.893, 98
